time,symbol_id,symbol_name,last,trade_volume,trade_amount,open_interest_change,bv1,bp1,ap1,av1,yesterday_close,today_open,today_high,today_low,volume,amount,open_interest
2023-05-10 20:56:30,p2401-C-8600,p2401-C-8600,87.0,0.0,0.0,0.0,1,1.5,0.0,0,87.0,60.0,0.0,0.0,0.0,0.0,24
2023-05-10 21:00:07,p2401-C-8600,p2401-C-8600,87.0,0.0,0.0,0.0,10,2.0,0.0,0,87.0,60.0,0.0,0.0,0.0,0.0,24
2023-05-10 21:03:18,p2401-C-8600,p2401-C-8600,87.0,0.0,0.0,0.0,1,8.5,0.0,0,87.0,60.0,0.0,0.0,0.0,0.0,24
2023-05-10 21:03:18,p2401-C-8600,p2401-C-8600,87.0,0.0,0.0,0.0,10,9.0,0.0,0,87.0,60.0,0.0,0.0,0.0,0.0,24
2023-05-10 21:06:07,p2401-C-8600,p2401-C-8600,87.0,0.0,0.0,0.0,1,15.5,0.0,0,87.0,60.0,0.0,0.0,0.0,0.0,24
2023-05-10 21:06:07,p2401-C-8600,p2401-C-8600,87.0,0.0,0.0,0.0,10,16.0,0.0,0,87.0,60.0,0.0,0.0,0.0,0.0,24
2023-05-10 21:06:23,p2401-C-8600,p2401-C-8600,87.0,0.0,0.0,0.0,1,22.5,0.0,0,87.0,60.0,0.0,0.0,0.0,0.0,24
2023-05-10 21:06:23,p2401-C-8600,p2401-C-8600,87.0,0.0,0.0,0.0,10,23.0,0.0,0,87.0,60.0,0.0,0.0,0.0,0.0,24
2023-05-10 21:06:37,p2401-C-8600,p2401-C-8600,87.0,0.0,0.0,0.0,1,29.5,0.0,0,87.0,60.0,0.0,0.0,0.0,0.0,24
2023-05-10 21:06:37,p2401-C-8600,p2401-C-8600,87.0,0.0,0.0,0.0,10,30.0,0.0,0,87.0,60.0,0.0,0.0,0.0,0.0,24
2023-05-10 21:10:13,p2401-C-8600,p2401-C-8600,87.0,0.0,0.0,0.0,1,36.5,0.0,0,87.0,60.0,0.0,0.0,0.0,0.0,24
2023-05-10 21:10:13,p2401-C-8600,p2401-C-8600,87.0,0.0,0.0,0.0,10,37.0,0.0,0,87.0,60.0,0.0,0.0,0.0,0.0,24
2023-05-10 21:11:51,p2401-C-8600,p2401-C-8600,87.0,0.0,0.0,0.0,1,40.5,0.0,0,87.0,60.0,0.0,0.0,0.0,0.0,24
2023-05-10 21:11:51,p2401-C-8600,p2401-C-8600,87.0,0.0,0.0,0.0,10,41.0,0.0,0,87.0,60.0,0.0,0.0,0.0,0.0,24
2023-05-10 21:12:15,p2401-C-8600,p2401-C-8600,87.0,0.0,0.0,0.0,1,41.5,0.0,0,87.0,60.0,0.0,0.0,0.0,0.0,24
2023-05-10 21:12:15,p2401-C-8600,p2401-C-8600,87.0,0.0,0.0,0.0,10,42.0,0.0,0,87.0,60.0,0.0,0.0,0.0,0.0,24
2023-05-10 21:12:45,p2401-C-8600,p2401-C-8600,87.0,0.0,0.0,0.0,1,42.5,0.0,0,87.0,60.0,0.0,0.0,0.0,0.0,24
2023-05-10 21:12:45,p2401-C-8600,p2401-C-8600,87.0,0.0,0.0,0.0,10,43.0,0.0,0,87.0,60.0,0.0,0.0,0.0,0.0,24
2023-05-10 21:14:16,p2401-C-8600,p2401-C-8600,87.0,0.0,0.0,0.0,1,43.5,0.0,0,87.0,60.0,0.0,0.0,0.0,0.0,24
2023-05-10 21:14:16,p2401-C-8600,p2401-C-8600,87.0,0.0,0.0,0.0,10,44.0,0.0,0,87.0,60.0,0.0,0.0,0.0,0.0,24
2023-05-10 21:17:55,p2401-C-8600,p2401-C-8600,87.0,0.0,0.0,0.0,1,44.5,0.0,0,87.0,60.0,0.0,0.0,0.0,0.0,24
2023-05-10 21:17:55,p2401-C-8600,p2401-C-8600,87.0,0.0,0.0,0.0,10,45.0,0.0,0,87.0,60.0,0.0,0.0,0.0,0.0,24
2023-05-10 21:17:56,p2401-C-8600,p2401-C-8600,87.0,0.0,0.0,0.0,1,45.5,0.0,0,87.0,60.0,0.0,0.0,0.0,0.0,24
2023-05-10 21:17:56,p2401-C-8600,p2401-C-8600,87.0,0.0,0.0,0.0,10,46.0,0.0,0,87.0,60.0,0.0,0.0,0.0,0.0,24
2023-05-10 21:17:57,p2401-C-8600,p2401-C-8600,87.0,0.0,0.0,0.0,1,46.5,0.0,0,87.0,60.0,0.0,0.0,0.0,0.0,24
2023-05-10 21:17:57,p2401-C-8600,p2401-C-8600,87.0,0.0,0.0,0.0,10,47.0,0.0,0,87.0,60.0,0.0,0.0,0.0,0.0,24
2023-05-10 21:17:58,p2401-C-8600,p2401-C-8600,87.0,0.0,0.0,0.0,1,47.5,0.0,0,87.0,60.0,0.0,0.0,0.0,0.0,24
2023-05-10 21:17:58,p2401-C-8600,p2401-C-8600,87.0,0.0,0.0,0.0,10,48.0,0.0,0,87.0,60.0,0.0,0.0,0.0,0.0,24
2023-05-10 21:17:59,p2401-C-8600,p2401-C-8600,87.0,0.0,0.0,0.0,1,48.5,0.0,0,87.0,60.0,0.0,0.0,0.0,0.0,24
2023-05-10 21:17:59,p2401-C-8600,p2401-C-8600,87.0,0.0,0.0,0.0,10,49.0,0.0,0,87.0,60.0,0.0,0.0,0.0,0.0,24
2023-05-10 21:28:21,p2401-C-8600,p2401-C-8600,87.0,0.0,0.0,0.0,10,49.0,571.0,10,87.0,60.0,0.0,0.0,0.0,0.0,24
2023-05-10 21:28:33,p2401-C-8600,p2401-C-8600,87.0,0.0,0.0,0.0,10,49.0,565.5,1,87.0,60.0,0.0,0.0,0.0,0.0,24
2023-05-10 21:28:33,p2401-C-8600,p2401-C-8600,87.0,0.0,0.0,0.0,10,49.0,565.0,10,87.0,60.0,0.0,0.0,0.0,0.0,24
2023-05-10 21:28:49,p2401-C-8600,p2401-C-8600,87.0,0.0,0.0,0.0,10,49.0,559.5,1,87.0,60.0,0.0,0.0,0.0,0.0,24
2023-05-10 21:28:49,p2401-C-8600,p2401-C-8600,87.0,0.0,0.0,0.0,10,49.0,559.0,10,87.0,60.0,0.0,0.0,0.0,0.0,24
2023-05-10 21:29:07,p2401-C-8600,p2401-C-8600,87.0,0.0,0.0,0.0,1,73.5,97.5,1,87.0,60.0,0.0,0.0,0.0,0.0,24
2023-05-10 21:29:15,p2401-C-8600,p2401-C-8600,87.0,0.0,0.0,0.0,1,77.5,97.5,1,87.0,60.0,0.0,0.0,0.0,0.0,24
2023-05-10 21:29:19,p2401-C-8600,p2401-C-8600,87.0,0.0,0.0,0.0,1,77.5,98.0,1,87.0,60.0,0.0,0.0,0.0,0.0,24
2023-05-10 21:29:20,p2401-C-8600,p2401-C-8600,87.0,0.0,0.0,0.0,1,81.0,98.0,1,87.0,60.0,0.0,0.0,0.0,0.0,24
2023-05-10 21:29:27,p2401-C-8600,p2401-C-8600,87.0,0.0,0.0,0.0,1,81.0,105.0,1,87.0,60.0,0.0,0.0,0.0,0.0,24
2023-05-10 21:29:32,p2401-C-8600,p2401-C-8600,87.0,0.0,0.0,0.0,10,5.5,0.0,0,87.0,60.0,0.0,0.0,0.0,0.0,24
2023-05-10 21:29:33,p2401-C-8600,p2401-C-8600,87.0,0.0,0.0,0.0,1,12.0,0.0,0,87.0,60.0,0.0,0.0,0.0,0.0,24
2023-05-10 21:29:33,p2401-C-8600,p2401-C-8600,87.0,0.0,0.0,0.0,10,12.5,0.0,0,87.0,60.0,0.0,0.0,0.0,0.0,24
2023-05-10 21:29:34,p2401-C-8600,p2401-C-8600,87.0,0.0,0.0,0.0,1,19.0,0.0,0,87.0,60.0,0.0,0.0,0.0,0.0,24
2023-05-10 21:29:34,p2401-C-8600,p2401-C-8600,87.0,0.0,0.0,0.0,10,19.5,0.0,0,87.0,60.0,0.0,0.0,0.0,0.0,24
2023-05-10 21:29:35,p2401-C-8600,p2401-C-8600,87.0,0.0,0.0,0.0,1,26.0,0.0,0,87.0,60.0,0.0,0.0,0.0,0.0,24
2023-05-10 21:29:35,p2401-C-8600,p2401-C-8600,87.0,0.0,0.0,0.0,10,26.5,0.0,0,87.0,60.0,0.0,0.0,0.0,0.0,24
2023-05-10 21:29:36,p2401-C-8600,p2401-C-8600,87.0,0.0,0.0,0.0,1,33.0,0.0,0,87.0,60.0,0.0,0.0,0.0,0.0,24
2023-05-10 21:29:36,p2401-C-8600,p2401-C-8600,87.0,0.0,0.0,0.0,10,33.5,0.0,0,87.0,60.0,0.0,0.0,0.0,0.0,24
2023-05-10 21:29:37,p2401-C-8600,p2401-C-8600,87.0,0.0,0.0,0.0,1,40.0,0.0,0,87.0,60.0,0.0,0.0,0.0,0.0,24
2023-05-10 21:29:37,p2401-C-8600,p2401-C-8600,87.0,0.0,0.0,0.0,10,40.5,0.0,0,87.0,60.0,0.0,0.0,0.0,0.0,24
2023-05-10 21:29:38,p2401-C-8600,p2401-C-8600,87.0,0.0,0.0,0.0,1,44.0,0.0,0,87.0,60.0,0.0,0.0,0.0,0.0,24
2023-05-10 21:29:38,p2401-C-8600,p2401-C-8600,87.0,0.0,0.0,0.0,10,44.5,0.0,0,87.0,60.0,0.0,0.0,0.0,0.0,24
2023-05-10 21:29:39,p2401-C-8600,p2401-C-8600,87.0,0.0,0.0,0.0,1,45.0,0.0,0,87.0,60.0,0.0,0.0,0.0,0.0,24
2023-05-10 21:29:39,p2401-C-8600,p2401-C-8600,87.0,0.0,0.0,0.0,10,45.5,0.0,0,87.0,60.0,0.0,0.0,0.0,0.0,24
2023-05-10 21:29:40,p2401-C-8600,p2401-C-8600,87.0,0.0,0.0,0.0,1,46.0,0.0,0,87.0,60.0,0.0,0.0,0.0,0.0,24
2023-05-10 21:29:40,p2401-C-8600,p2401-C-8600,87.0,0.0,0.0,0.0,10,46.5,0.0,0,87.0,60.0,0.0,0.0,0.0,0.0,24
2023-05-10 21:29:41,p2401-C-8600,p2401-C-8600,87.0,0.0,0.0,0.0,1,47.0,0.0,0,87.0,60.0,0.0,0.0,0.0,0.0,24
2023-05-10 21:29:41,p2401-C-8600,p2401-C-8600,87.0,0.0,0.0,0.0,10,47.5,0.0,0,87.0,60.0,0.0,0.0,0.0,0.0,24
2023-05-10 21:40:19,p2401-C-8600,p2401-C-8600,87.0,0.0,0.0,0.0,10,47.5,104.5,1,87.0,60.0,0.0,0.0,0.0,0.0,24
2023-05-10 21:40:23,p2401-C-8600,p2401-C-8600,87.0,0.0,0.0,0.0,10,47.5,0.0,0,87.0,60.0,0.0,0.0,0.0,0.0,24
2023-05-10 22:57:33,p2401-C-8600,p2401-C-8600,87.0,0.0,0.0,0.0,1,3.5,0.0,0,87.0,60.0,0.0,0.0,0.0,0.0,24
2023-05-10 22:59:16,p2401-C-8600,p2401-C-8600,87.0,0.0,0.0,0.0,10,4.0,0.0,0,87.0,60.0,0.0,0.0,0.0,0.0,24
2023-05-10 22:59:56,p2401-C-8600,p2401-C-8600,87.0,0.0,0.0,0.0,1,3.5,0.0,0,87.0,60.0,0.0,0.0,0.0,0.0,24
2023-05-11 09:00:05,p2401-C-8600,p2401-C-8600,87.0,0.0,0.0,0.0,10,4.0,0.0,0,87.0,60.0,0.0,0.0,0.0,0.0,24
2023-05-11 09:01:13,p2401-C-8600,p2401-C-8600,87.0,0.0,0.0,0.0,1,10.5,0.0,0,87.0,60.0,0.0,0.0,0.0,0.0,24
2023-05-11 09:01:13,p2401-C-8600,p2401-C-8600,87.0,0.0,0.0,0.0,10,11.0,0.0,0,87.0,60.0,0.0,0.0,0.0,0.0,24
2023-05-11 09:01:40,p2401-C-8600,p2401-C-8600,87.0,0.0,0.0,0.0,1,17.5,0.0,0,87.0,60.0,0.0,0.0,0.0,0.0,24
2023-05-11 09:01:40,p2401-C-8600,p2401-C-8600,87.0,0.0,0.0,0.0,10,18.0,0.0,0,87.0,60.0,0.0,0.0,0.0,0.0,24
2023-05-11 09:01:48,p2401-C-8600,p2401-C-8600,87.0,0.0,0.0,0.0,1,24.5,0.0,0,87.0,60.0,0.0,0.0,0.0,0.0,24
2023-05-11 09:01:48,p2401-C-8600,p2401-C-8600,87.0,0.0,0.0,0.0,10,25.0,0.0,0,87.0,60.0,0.0,0.0,0.0,0.0,24
2023-05-11 09:01:53,p2401-C-8600,p2401-C-8600,87.0,0.0,0.0,0.0,1,31.5,0.0,0,87.0,60.0,0.0,0.0,0.0,0.0,24
2023-05-11 09:01:54,p2401-C-8600,p2401-C-8600,87.0,0.0,0.0,0.0,10,32.0,0.0,0,87.0,60.0,0.0,0.0,0.0,0.0,24
2023-05-11 09:01:58,p2401-C-8600,p2401-C-8600,87.0,0.0,0.0,0.0,1,38.5,0.0,0,87.0,60.0,0.0,0.0,0.0,0.0,24
2023-05-11 09:01:58,p2401-C-8600,p2401-C-8600,87.0,0.0,0.0,0.0,10,39.0,0.0,0,87.0,60.0,0.0,0.0,0.0,0.0,24
2023-05-11 09:02:03,p2401-C-8600,p2401-C-8600,87.0,0.0,0.0,0.0,1,42.5,0.0,0,87.0,60.0,0.0,0.0,0.0,0.0,24
2023-05-11 09:02:03,p2401-C-8600,p2401-C-8600,87.0,0.0,0.0,0.0,10,43.0,0.0,0,87.0,60.0,0.0,0.0,0.0,0.0,24
2023-05-11 09:02:07,p2401-C-8600,p2401-C-8600,87.0,0.0,0.0,0.0,1,43.5,0.0,0,87.0,60.0,0.0,0.0,0.0,0.0,24
2023-05-11 09:02:07,p2401-C-8600,p2401-C-8600,87.0,0.0,0.0,0.0,10,44.0,0.0,0,87.0,60.0,0.0,0.0,0.0,0.0,24
2023-05-11 09:02:12,p2401-C-8600,p2401-C-8600,87.0,0.0,0.0,0.0,1,44.5,0.0,0,87.0,60.0,0.0,0.0,0.0,0.0,24
2023-05-11 09:02:12,p2401-C-8600,p2401-C-8600,87.0,0.0,0.0,0.0,10,45.0,0.0,0,87.0,60.0,0.0,0.0,0.0,0.0,24
2023-05-11 09:02:16,p2401-C-8600,p2401-C-8600,87.0,0.0,0.0,0.0,1,45.5,0.0,0,87.0,60.0,0.0,0.0,0.0,0.0,24
2023-05-11 09:02:16,p2401-C-8600,p2401-C-8600,87.0,0.0,0.0,0.0,10,46.0,0.0,0,87.0,60.0,0.0,0.0,0.0,0.0,24
2023-05-11 09:02:20,p2401-C-8600,p2401-C-8600,87.0,0.0,0.0,0.0,1,46.5,0.0,0,87.0,60.0,0.0,0.0,0.0,0.0,24
2023-05-11 09:02:20,p2401-C-8600,p2401-C-8600,87.0,0.0,0.0,0.0,10,47.0,0.0,0,87.0,60.0,0.0,0.0,0.0,0.0,24
2023-05-11 09:02:22,p2401-C-8600,p2401-C-8600,87.0,0.0,0.0,0.0,1,47.5,0.0,0,87.0,60.0,0.0,0.0,0.0,0.0,24
2023-05-11 09:02:22,p2401-C-8600,p2401-C-8600,87.0,0.0,0.0,0.0,10,48.0,0.0,0,87.0,60.0,0.0,0.0,0.0,0.0,24
2023-05-11 09:02:24,p2401-C-8600,p2401-C-8600,87.0,0.0,0.0,0.0,1,48.5,0.0,0,87.0,60.0,0.0,0.0,0.0,0.0,24
2023-05-11 09:02:24,p2401-C-8600,p2401-C-8600,87.0,0.0,0.0,0.0,10,49.0,0.0,0,87.0,60.0,0.0,0.0,0.0,0.0,24
2023-05-11 09:24:48,p2401-C-8600,p2401-C-8600,87.0,0.0,0.0,0.0,10,49.0,571.0,10,87.0,60.0,0.0,0.0,0.0,0.0,24
2023-05-11 09:24:56,p2401-C-8600,p2401-C-8600,87.0,0.0,0.0,0.0,10,49.0,565.5,1,87.0,60.0,0.0,0.0,0.0,0.0,24
2023-05-11 09:24:57,p2401-C-8600,p2401-C-8600,87.0,0.0,0.0,0.0,10,49.0,565.0,10,87.0,60.0,0.0,0.0,0.0,0.0,24
2023-05-11 09:25:07,p2401-C-8600,p2401-C-8600,87.0,0.0,0.0,0.0,10,49.0,559.5,1,87.0,60.0,0.0,0.0,0.0,0.0,24
2023-05-11 09:25:08,p2401-C-8600,p2401-C-8600,87.0,0.0,0.0,0.0,10,49.0,559.0,10,87.0,60.0,0.0,0.0,0.0,0.0,24
2023-05-11 09:25:12,p2401-C-8600,p2401-C-8600,87.0,0.0,0.0,0.0,10,49.0,553.5,1,87.0,60.0,0.0,0.0,0.0,0.0,24
2023-05-11 09:25:13,p2401-C-8600,p2401-C-8600,87.0,0.0,0.0,0.0,10,49.0,553.0,10,87.0,60.0,0.0,0.0,0.0,0.0,24
2023-05-11 09:25:17,p2401-C-8600,p2401-C-8600,87.0,0.0,0.0,0.0,10,49.0,547.5,1,87.0,60.0,0.0,0.0,0.0,0.0,24
2023-05-11 09:25:18,p2401-C-8600,p2401-C-8600,87.0,0.0,0.0,0.0,10,49.0,547.0,10,87.0,60.0,0.0,0.0,0.0,0.0,24
2023-05-11 09:25:35,p2401-C-8600,p2401-C-8600,87.0,0.0,0.0,0.0,10,49.0,541.5,1,87.0,60.0,0.0,0.0,0.0,0.0,24
2023-05-11 09:25:35,p2401-C-8600,p2401-C-8600,87.0,0.0,0.0,0.0,10,49.0,541.0,10,87.0,60.0,0.0,0.0,0.0,0.0,24
2023-05-11 09:25:41,p2401-C-8600,p2401-C-8600,87.0,0.0,0.0,0.0,10,49.0,535.5,1,87.0,60.0,0.0,0.0,0.0,0.0,24
2023-05-11 09:25:41,p2401-C-8600,p2401-C-8600,87.0,0.0,0.0,0.0,10,49.0,535.0,10,87.0,60.0,0.0,0.0,0.0,0.0,24
2023-05-11 09:25:45,p2401-C-8600,p2401-C-8600,87.0,0.0,0.0,0.0,10,49.0,529.5,1,87.0,60.0,0.0,0.0,0.0,0.0,24
2023-05-11 09:25:45,p2401-C-8600,p2401-C-8600,87.0,0.0,0.0,0.0,10,49.0,529.0,10,87.0,60.0,0.0,0.0,0.0,0.0,24
2023-05-11 09:25:49,p2401-C-8600,p2401-C-8600,87.0,0.0,0.0,0.0,10,49.0,523.5,1,87.0,60.0,0.0,0.0,0.0,0.0,24
2023-05-11 09:25:49,p2401-C-8600,p2401-C-8600,87.0,0.0,0.0,0.0,10,49.0,523.0,10,87.0,60.0,0.0,0.0,0.0,0.0,24
2023-05-11 09:25:55,p2401-C-8600,p2401-C-8600,87.0,0.0,0.0,0.0,10,49.0,517.5,1,87.0,60.0,0.0,0.0,0.0,0.0,24
2023-05-11 09:25:55,p2401-C-8600,p2401-C-8600,87.0,0.0,0.0,0.0,10,49.0,517.0,10,87.0,60.0,0.0,0.0,0.0,0.0,24
2023-05-11 09:26:03,p2401-C-8600,p2401-C-8600,87.0,0.0,0.0,0.0,10,49.0,511.5,1,87.0,60.0,0.0,0.0,0.0,0.0,24
2023-05-11 09:26:03,p2401-C-8600,p2401-C-8600,87.0,0.0,0.0,0.0,10,49.0,511.0,10,87.0,60.0,0.0,0.0,0.0,0.0,24
2023-05-11 09:26:08,p2401-C-8600,p2401-C-8600,87.0,0.0,0.0,0.0,10,49.0,505.5,1,87.0,60.0,0.0,0.0,0.0,0.0,24
2023-05-11 09:26:08,p2401-C-8600,p2401-C-8600,87.0,0.0,0.0,0.0,10,49.0,505.0,10,87.0,60.0,0.0,0.0,0.0,0.0,24
2023-05-11 09:26:12,p2401-C-8600,p2401-C-8600,87.0,0.0,0.0,0.0,10,49.0,499.5,1,87.0,60.0,0.0,0.0,0.0,0.0,24
2023-05-11 09:26:12,p2401-C-8600,p2401-C-8600,87.0,0.0,0.0,0.0,10,49.0,499.0,10,87.0,60.0,0.0,0.0,0.0,0.0,24
2023-05-11 09:26:16,p2401-C-8600,p2401-C-8600,87.0,0.0,0.0,0.0,10,49.0,493.5,1,87.0,60.0,0.0,0.0,0.0,0.0,24
2023-05-11 09:26:16,p2401-C-8600,p2401-C-8600,87.0,0.0,0.0,0.0,10,49.0,493.0,10,87.0,60.0,0.0,0.0,0.0,0.0,24
2023-05-11 09:26:21,p2401-C-8600,p2401-C-8600,87.0,0.0,0.0,0.0,10,49.0,487.5,1,87.0,60.0,0.0,0.0,0.0,0.0,24
2023-05-11 09:26:21,p2401-C-8600,p2401-C-8600,87.0,0.0,0.0,0.0,10,49.0,487.0,10,87.0,60.0,0.0,0.0,0.0,0.0,24
2023-05-11 09:26:24,p2401-C-8600,p2401-C-8600,87.0,0.0,0.0,0.0,10,49.0,481.5,1,87.0,60.0,0.0,0.0,0.0,0.0,24
2023-05-11 09:26:24,p2401-C-8600,p2401-C-8600,87.0,0.0,0.0,0.0,10,49.0,481.0,10,87.0,60.0,0.0,0.0,0.0,0.0,24
2023-05-11 09:26:27,p2401-C-8600,p2401-C-8600,87.0,0.0,0.0,0.0,10,49.0,475.5,1,87.0,60.0,0.0,0.0,0.0,0.0,24
2023-05-11 09:26:27,p2401-C-8600,p2401-C-8600,87.0,0.0,0.0,0.0,10,49.0,475.0,10,87.0,60.0,0.0,0.0,0.0,0.0,24
2023-05-11 09:26:31,p2401-C-8600,p2401-C-8600,87.0,0.0,0.0,0.0,10,49.0,469.5,1,87.0,60.0,0.0,0.0,0.0,0.0,24
2023-05-11 09:26:31,p2401-C-8600,p2401-C-8600,87.0,0.0,0.0,0.0,10,49.0,469.0,10,87.0,60.0,0.0,0.0,0.0,0.0,24
2023-05-11 09:26:35,p2401-C-8600,p2401-C-8600,87.0,0.0,0.0,0.0,10,49.0,463.5,1,87.0,60.0,0.0,0.0,0.0,0.0,24
2023-05-11 09:26:35,p2401-C-8600,p2401-C-8600,87.0,0.0,0.0,0.0,10,49.0,463.0,10,87.0,60.0,0.0,0.0,0.0,0.0,24
2023-05-11 09:26:40,p2401-C-8600,p2401-C-8600,87.0,0.0,0.0,0.0,10,49.0,457.5,1,87.0,60.0,0.0,0.0,0.0,0.0,24
2023-05-11 09:26:40,p2401-C-8600,p2401-C-8600,87.0,0.0,0.0,0.0,10,49.0,457.0,10,87.0,60.0,0.0,0.0,0.0,0.0,24
2023-05-11 09:26:44,p2401-C-8600,p2401-C-8600,87.0,0.0,0.0,0.0,10,49.0,451.5,1,87.0,60.0,0.0,0.0,0.0,0.0,24
2023-05-11 09:26:44,p2401-C-8600,p2401-C-8600,87.0,0.0,0.0,0.0,10,49.0,451.0,10,87.0,60.0,0.0,0.0,0.0,0.0,24
2023-05-11 09:26:49,p2401-C-8600,p2401-C-8600,87.0,0.0,0.0,0.0,10,49.0,445.5,1,87.0,60.0,0.0,0.0,0.0,0.0,24
2023-05-11 09:26:49,p2401-C-8600,p2401-C-8600,87.0,0.0,0.0,0.0,10,49.0,445.0,10,87.0,60.0,0.0,0.0,0.0,0.0,24
2023-05-11 09:26:53,p2401-C-8600,p2401-C-8600,87.0,0.0,0.0,0.0,10,49.0,439.5,1,87.0,60.0,0.0,0.0,0.0,0.0,24
2023-05-11 09:26:53,p2401-C-8600,p2401-C-8600,87.0,0.0,0.0,0.0,10,49.0,439.0,10,87.0,60.0,0.0,0.0,0.0,0.0,24
2023-05-11 09:26:58,p2401-C-8600,p2401-C-8600,87.0,0.0,0.0,0.0,10,49.0,433.5,1,87.0,60.0,0.0,0.0,0.0,0.0,24
2023-05-11 09:26:58,p2401-C-8600,p2401-C-8600,87.0,0.0,0.0,0.0,10,49.0,433.0,10,87.0,60.0,0.0,0.0,0.0,0.0,24
2023-05-11 09:27:03,p2401-C-8600,p2401-C-8600,87.0,0.0,0.0,0.0,10,49.0,427.5,1,87.0,60.0,0.0,0.0,0.0,0.0,24
2023-05-11 09:27:04,p2401-C-8600,p2401-C-8600,87.0,0.0,0.0,0.0,10,49.0,427.0,10,87.0,60.0,0.0,0.0,0.0,0.0,24
2023-05-11 09:27:09,p2401-C-8600,p2401-C-8600,87.0,0.0,0.0,0.0,10,49.0,421.5,1,87.0,60.0,0.0,0.0,0.0,0.0,24
2023-05-11 09:27:09,p2401-C-8600,p2401-C-8600,87.0,0.0,0.0,0.0,10,49.0,421.0,10,87.0,60.0,0.0,0.0,0.0,0.0,24
2023-05-11 09:27:15,p2401-C-8600,p2401-C-8600,87.0,0.0,0.0,0.0,10,49.0,415.5,1,87.0,60.0,0.0,0.0,0.0,0.0,24
2023-05-11 09:27:15,p2401-C-8600,p2401-C-8600,87.0,0.0,0.0,0.0,10,49.0,415.0,10,87.0,60.0,0.0,0.0,0.0,0.0,24
2023-05-11 09:27:18,p2401-C-8600,p2401-C-8600,87.0,0.0,0.0,0.0,10,49.0,409.5,1,87.0,60.0,0.0,0.0,0.0,0.0,24
2023-05-11 09:27:19,p2401-C-8600,p2401-C-8600,87.0,0.0,0.0,0.0,10,49.0,409.0,10,87.0,60.0,0.0,0.0,0.0,0.0,24
2023-05-11 09:27:29,p2401-C-8600,p2401-C-8600,87.0,0.0,0.0,0.0,10,49.0,403.5,1,87.0,60.0,0.0,0.0,0.0,0.0,24
2023-05-11 09:27:30,p2401-C-8600,p2401-C-8600,87.0,0.0,0.0,0.0,10,49.0,403.0,10,87.0,60.0,0.0,0.0,0.0,0.0,24
2023-05-11 09:27:34,p2401-C-8600,p2401-C-8600,87.0,0.0,0.0,0.0,10,49.0,397.5,1,87.0,60.0,0.0,0.0,0.0,0.0,24
2023-05-11 09:27:35,p2401-C-8600,p2401-C-8600,87.0,0.0,0.0,0.0,10,49.0,397.0,10,87.0,60.0,0.0,0.0,0.0,0.0,24
2023-05-11 09:27:43,p2401-C-8600,p2401-C-8600,87.0,0.0,0.0,0.0,10,49.0,391.5,1,87.0,60.0,0.0,0.0,0.0,0.0,24
2023-05-11 09:27:43,p2401-C-8600,p2401-C-8600,87.0,0.0,0.0,0.0,10,49.0,391.0,10,87.0,60.0,0.0,0.0,0.0,0.0,24
2023-05-11 09:27:48,p2401-C-8600,p2401-C-8600,87.0,0.0,0.0,0.0,10,49.0,385.5,1,87.0,60.0,0.0,0.0,0.0,0.0,24
2023-05-11 09:27:48,p2401-C-8600,p2401-C-8600,87.0,0.0,0.0,0.0,10,49.0,385.0,10,87.0,60.0,0.0,0.0,0.0,0.0,24
2023-05-11 09:28:00,p2401-C-8600,p2401-C-8600,87.0,0.0,0.0,0.0,10,49.0,379.5,1,87.0,60.0,0.0,0.0,0.0,0.0,24
2023-05-11 09:28:00,p2401-C-8600,p2401-C-8600,87.0,0.0,0.0,0.0,10,49.0,379.0,10,87.0,60.0,0.0,0.0,0.0,0.0,24
2023-05-11 09:28:07,p2401-C-8600,p2401-C-8600,87.0,0.0,0.0,0.0,10,49.0,373.5,1,87.0,60.0,0.0,0.0,0.0,0.0,24
2023-05-11 09:28:07,p2401-C-8600,p2401-C-8600,87.0,0.0,0.0,0.0,10,49.0,373.0,10,87.0,60.0,0.0,0.0,0.0,0.0,24
2023-05-11 09:28:15,p2401-C-8600,p2401-C-8600,87.0,0.0,0.0,0.0,10,49.0,367.5,1,87.0,60.0,0.0,0.0,0.0,0.0,24
2023-05-11 09:28:16,p2401-C-8600,p2401-C-8600,87.0,0.0,0.0,0.0,10,49.0,367.0,10,87.0,60.0,0.0,0.0,0.0,0.0,24
2023-05-11 09:28:21,p2401-C-8600,p2401-C-8600,87.0,0.0,0.0,0.0,10,49.0,361.5,1,87.0,60.0,0.0,0.0,0.0,0.0,24
2023-05-11 09:28:22,p2401-C-8600,p2401-C-8600,87.0,0.0,0.0,0.0,10,49.0,361.0,10,87.0,60.0,0.0,0.0,0.0,0.0,24
2023-05-11 09:28:25,p2401-C-8600,p2401-C-8600,87.0,0.0,0.0,0.0,10,49.0,355.5,1,87.0,60.0,0.0,0.0,0.0,0.0,24
2023-05-11 09:28:25,p2401-C-8600,p2401-C-8600,87.0,0.0,0.0,0.0,10,49.0,355.0,10,87.0,60.0,0.0,0.0,0.0,0.0,24
2023-05-11 09:28:30,p2401-C-8600,p2401-C-8600,87.0,0.0,0.0,0.0,10,49.0,349.5,1,87.0,60.0,0.0,0.0,0.0,0.0,24
2023-05-11 09:28:30,p2401-C-8600,p2401-C-8600,87.0,0.0,0.0,0.0,10,49.0,349.0,10,87.0,60.0,0.0,0.0,0.0,0.0,24
2023-05-11 09:28:35,p2401-C-8600,p2401-C-8600,87.0,0.0,0.0,0.0,10,49.0,343.5,1,87.0,60.0,0.0,0.0,0.0,0.0,24
2023-05-11 09:28:35,p2401-C-8600,p2401-C-8600,87.0,0.0,0.0,0.0,10,49.0,343.0,10,87.0,60.0,0.0,0.0,0.0,0.0,24
2023-05-11 09:28:39,p2401-C-8600,p2401-C-8600,87.0,0.0,0.0,0.0,10,49.0,337.5,1,87.0,60.0,0.0,0.0,0.0,0.0,24
2023-05-11 09:28:39,p2401-C-8600,p2401-C-8600,87.0,0.0,0.0,0.0,10,49.0,337.0,10,87.0,60.0,0.0,0.0,0.0,0.0,24
2023-05-11 09:28:44,p2401-C-8600,p2401-C-8600,87.0,0.0,0.0,0.0,10,49.0,331.5,1,87.0,60.0,0.0,0.0,0.0,0.0,24
2023-05-11 09:28:44,p2401-C-8600,p2401-C-8600,87.0,0.0,0.0,0.0,10,49.0,331.0,10,87.0,60.0,0.0,0.0,0.0,0.0,24
2023-05-11 09:28:48,p2401-C-8600,p2401-C-8600,87.0,0.0,0.0,0.0,10,49.0,325.5,1,87.0,60.0,0.0,0.0,0.0,0.0,24
2023-05-11 09:28:48,p2401-C-8600,p2401-C-8600,87.0,0.0,0.0,0.0,10,49.0,325.0,10,87.0,60.0,0.0,0.0,0.0,0.0,24
2023-05-11 09:28:51,p2401-C-8600,p2401-C-8600,87.0,0.0,0.0,0.0,10,49.0,319.5,1,87.0,60.0,0.0,0.0,0.0,0.0,24
2023-05-11 09:28:52,p2401-C-8600,p2401-C-8600,87.0,0.0,0.0,0.0,10,49.0,319.0,10,87.0,60.0,0.0,0.0,0.0,0.0,24
2023-05-11 09:28:55,p2401-C-8600,p2401-C-8600,87.0,0.0,0.0,0.0,10,49.0,313.5,1,87.0,60.0,0.0,0.0,0.0,0.0,24
2023-05-11 09:28:55,p2401-C-8600,p2401-C-8600,87.0,0.0,0.0,0.0,10,49.0,313.0,10,87.0,60.0,0.0,0.0,0.0,0.0,24
2023-05-11 09:29:02,p2401-C-8600,p2401-C-8600,87.0,0.0,0.0,0.0,10,49.0,307.5,1,87.0,60.0,0.0,0.0,0.0,0.0,24
2023-05-11 09:29:03,p2401-C-8600,p2401-C-8600,87.0,0.0,0.0,0.0,10,49.0,307.0,10,87.0,60.0,0.0,0.0,0.0,0.0,24
2023-05-11 09:29:09,p2401-C-8600,p2401-C-8600,87.0,0.0,0.0,0.0,10,49.0,301.5,1,87.0,60.0,0.0,0.0,0.0,0.0,24
2023-05-11 09:29:09,p2401-C-8600,p2401-C-8600,87.0,0.0,0.0,0.0,10,49.0,301.0,10,87.0,60.0,0.0,0.0,0.0,0.0,24
2023-05-11 09:29:13,p2401-C-8600,p2401-C-8600,87.0,0.0,0.0,0.0,10,49.0,295.5,1,87.0,60.0,0.0,0.0,0.0,0.0,24
2023-05-11 09:29:13,p2401-C-8600,p2401-C-8600,87.0,0.0,0.0,0.0,10,49.0,295.0,10,87.0,60.0,0.0,0.0,0.0,0.0,24
2023-05-11 09:54:32,p2401-C-8600,p2401-C-8600,87.0,0.0,0.0,0.0,10,7.5,295.0,10,87.0,60.0,0.0,0.0,0.0,0.0,24
2023-05-11 09:54:32,p2401-C-8600,p2401-C-8600,87.0,0.0,0.0,0.0,1,14.0,295.0,10,87.0,60.0,0.0,0.0,0.0,0.0,24
2023-05-11 09:54:33,p2401-C-8600,p2401-C-8600,87.0,0.0,0.0,0.0,10,14.5,295.0,10,87.0,60.0,0.0,0.0,0.0,0.0,24
2023-05-11 09:54:34,p2401-C-8600,p2401-C-8600,87.0,0.0,0.0,0.0,1,21.0,295.0,10,87.0,60.0,0.0,0.0,0.0,0.0,24
2023-05-11 09:54:34,p2401-C-8600,p2401-C-8600,87.0,0.0,0.0,0.0,10,21.5,295.0,10,87.0,60.0,0.0,0.0,0.0,0.0,24
2023-05-11 09:54:35,p2401-C-8600,p2401-C-8600,87.0,0.0,0.0,0.0,1,28.0,295.0,10,87.0,60.0,0.0,0.0,0.0,0.0,24
2023-05-11 09:54:35,p2401-C-8600,p2401-C-8600,87.0,0.0,0.0,0.0,10,28.5,295.0,10,87.0,60.0,0.0,0.0,0.0,0.0,24
2023-05-11 09:54:36,p2401-C-8600,p2401-C-8600,87.0,0.0,0.0,0.0,1,35.0,295.0,10,87.0,60.0,0.0,0.0,0.0,0.0,24
2023-05-11 09:54:36,p2401-C-8600,p2401-C-8600,87.0,0.0,0.0,0.0,10,35.5,295.0,10,87.0,60.0,0.0,0.0,0.0,0.0,24
2023-05-11 09:54:37,p2401-C-8600,p2401-C-8600,87.0,0.0,0.0,0.0,1,42.0,295.0,10,87.0,60.0,0.0,0.0,0.0,0.0,24
2023-05-11 09:54:37,p2401-C-8600,p2401-C-8600,87.0,0.0,0.0,0.0,10,42.5,295.0,10,87.0,60.0,0.0,0.0,0.0,0.0,24
2023-05-11 09:54:38,p2401-C-8600,p2401-C-8600,87.0,0.0,0.0,0.0,1,43.0,295.0,10,87.0,60.0,0.0,0.0,0.0,0.0,24
2023-05-11 09:54:38,p2401-C-8600,p2401-C-8600,87.0,0.0,0.0,0.0,10,43.5,295.0,10,87.0,60.0,0.0,0.0,0.0,0.0,24
2023-05-11 09:54:39,p2401-C-8600,p2401-C-8600,87.0,0.0,0.0,0.0,1,44.0,295.0,10,87.0,60.0,0.0,0.0,0.0,0.0,24
2023-05-11 09:54:39,p2401-C-8600,p2401-C-8600,87.0,0.0,0.0,0.0,10,44.5,295.0,10,87.0,60.0,0.0,0.0,0.0,0.0,24
2023-05-11 09:54:40,p2401-C-8600,p2401-C-8600,87.0,0.0,0.0,0.0,1,45.0,295.0,10,87.0,60.0,0.0,0.0,0.0,0.0,24
2023-05-11 09:54:40,p2401-C-8600,p2401-C-8600,87.0,0.0,0.0,0.0,10,45.5,295.0,10,87.0,60.0,0.0,0.0,0.0,0.0,24
2023-05-11 09:54:41,p2401-C-8600,p2401-C-8600,87.0,0.0,0.0,0.0,1,46.0,295.0,10,87.0,60.0,0.0,0.0,0.0,0.0,24
2023-05-11 09:54:41,p2401-C-8600,p2401-C-8600,87.0,0.0,0.0,0.0,10,46.5,295.0,10,87.0,60.0,0.0,0.0,0.0,0.0,24
2023-05-11 09:54:42,p2401-C-8600,p2401-C-8600,87.0,0.0,0.0,0.0,1,47.0,295.0,10,87.0,60.0,0.0,0.0,0.0,0.0,24
2023-05-11 09:54:42,p2401-C-8600,p2401-C-8600,87.0,0.0,0.0,0.0,10,47.5,295.0,10,87.0,60.0,0.0,0.0,0.0,0.0,24
2023-05-11 09:54:43,p2401-C-8600,p2401-C-8600,87.0,0.0,0.0,0.0,1,48.0,295.0,10,87.0,60.0,0.0,0.0,0.0,0.0,24
2023-05-11 09:54:43,p2401-C-8600,p2401-C-8600,87.0,0.0,0.0,0.0,10,48.5,295.0,10,87.0,60.0,0.0,0.0,0.0,0.0,24
2023-05-11 09:55:29,p2401-C-8600,p2401-C-8600,87.0,0.0,0.0,0.0,1,7.0,295.0,10,87.0,60.0,0.0,0.0,0.0,0.0,24
2023-05-11 09:55:29,p2401-C-8600,p2401-C-8600,87.0,0.0,0.0,0.0,1,13.5,295.0,10,87.0,60.0,0.0,0.0,0.0,0.0,24
2023-05-11 09:55:30,p2401-C-8600,p2401-C-8600,87.0,0.0,0.0,0.0,10,14.0,294.5,1,87.0,60.0,0.0,0.0,0.0,0.0,24
2023-05-11 09:55:30,p2401-C-8600,p2401-C-8600,87.0,0.0,0.0,0.0,10,14.0,294.0,10,87.0,60.0,0.0,0.0,0.0,0.0,24
2023-05-11 09:55:31,p2401-C-8600,p2401-C-8600,87.0,0.0,0.0,0.0,1,20.5,294.0,10,87.0,60.0,0.0,0.0,0.0,0.0,24
2023-05-11 09:55:31,p2401-C-8600,p2401-C-8600,87.0,0.0,0.0,0.0,10,21.0,294.0,10,87.0,60.0,0.0,0.0,0.0,0.0,24
2023-05-11 09:55:32,p2401-C-8600,p2401-C-8600,87.0,0.0,0.0,0.0,1,27.5,294.0,10,87.0,60.0,0.0,0.0,0.0,0.0,24
2023-05-11 09:55:32,p2401-C-8600,p2401-C-8600,87.0,0.0,0.0,0.0,10,28.0,294.0,10,87.0,60.0,0.0,0.0,0.0,0.0,24
2023-05-11 09:55:35,p2401-C-8600,p2401-C-8600,87.0,0.0,0.0,0.0,1,34.5,294.0,10,87.0,60.0,0.0,0.0,0.0,0.0,24
2023-05-11 09:55:35,p2401-C-8600,p2401-C-8600,87.0,0.0,0.0,0.0,10,35.0,294.0,10,87.0,60.0,0.0,0.0,0.0,0.0,24
2023-05-11 09:55:36,p2401-C-8600,p2401-C-8600,87.0,0.0,0.0,0.0,1,41.5,294.0,10,87.0,60.0,0.0,0.0,0.0,0.0,24
2023-05-11 09:55:36,p2401-C-8600,p2401-C-8600,87.0,0.0,0.0,0.0,10,42.0,294.0,10,87.0,60.0,0.0,0.0,0.0,0.0,24
2023-05-11 09:55:38,p2401-C-8600,p2401-C-8600,87.0,0.0,0.0,0.0,1,45.5,294.0,10,87.0,60.0,0.0,0.0,0.0,0.0,24
2023-05-11 09:55:38,p2401-C-8600,p2401-C-8600,87.0,0.0,0.0,0.0,10,46.0,294.0,10,87.0,60.0,0.0,0.0,0.0,0.0,24
2023-05-11 09:55:39,p2401-C-8600,p2401-C-8600,87.0,0.0,0.0,0.0,1,46.5,294.0,10,87.0,60.0,0.0,0.0,0.0,0.0,24
2023-05-11 09:55:39,p2401-C-8600,p2401-C-8600,87.0,0.0,0.0,0.0,10,47.0,294.0,10,87.0,60.0,0.0,0.0,0.0,0.0,24
2023-05-11 09:55:40,p2401-C-8600,p2401-C-8600,87.0,0.0,0.0,0.0,1,47.5,294.0,10,87.0,60.0,0.0,0.0,0.0,0.0,24
2023-05-11 09:55:40,p2401-C-8600,p2401-C-8600,87.0,0.0,0.0,0.0,11,47.5,294.0,10,87.0,60.0,0.0,0.0,0.0,0.0,24
2023-05-11 09:58:23,p2401-C-8600,p2401-C-8600,87.0,0.0,0.0,0.0,1,66.5,90.5,1,87.0,60.0,0.0,0.0,0.0,0.0,24
2023-05-11 09:58:24,p2401-C-8600,p2401-C-8600,87.0,0.0,0.0,0.0,2,66.5,90.5,2,87.0,60.0,0.0,0.0,0.0,0.0,24
2023-05-11 09:58:24,p2401-C-8600,p2401-C-8600,87.0,0.0,0.0,0.0,1,66.5,90.5,1,87.0,60.0,0.0,0.0,0.0,0.0,24
2023-05-11 09:58:31,p2401-C-8600,p2401-C-8600,87.0,0.0,0.0,0.0,1,66.5,89.5,1,87.0,60.0,0.0,0.0,0.0,0.0,24
2023-05-11 09:58:32,p2401-C-8600,p2401-C-8600,87.0,0.0,0.0,0.0,1,66.5,78.0,1,87.0,60.0,0.0,0.0,0.0,0.0,24
2023-05-11 09:58:35,p2401-C-8600,p2401-C-8600,87.0,0.0,0.0,0.0,1,65.5,77.5,1,87.0,60.0,0.0,0.0,0.0,0.0,24
2023-05-11 09:58:42,p2401-C-8600,p2401-C-8600,87.0,0.0,0.0,0.0,2,64.0,77.5,1,87.0,60.0,0.0,0.0,0.0,0.0,24
2023-05-11 09:58:43,p2401-C-8600,p2401-C-8600,87.0,0.0,0.0,0.0,1,64.0,77.5,1,87.0,60.0,0.0,0.0,0.0,0.0,24
2023-05-11 09:58:46,p2401-C-8600,p2401-C-8600,87.0,0.0,0.0,0.0,1,64.0,78.0,1,87.0,60.0,0.0,0.0,0.0,0.0,24
2023-05-11 09:58:53,p2401-C-8600,p2401-C-8600,87.0,0.0,0.0,0.0,10,7.5,294.0,10,87.0,60.0,0.0,0.0,0.0,0.0,24
2023-05-11 09:58:53,p2401-C-8600,p2401-C-8600,87.0,0.0,0.0,0.0,1,14.0,294.0,10,87.0,60.0,0.0,0.0,0.0,0.0,24
2023-05-11 09:58:53,p2401-C-8600,p2401-C-8600,87.0,0.0,0.0,0.0,10,14.5,294.0,10,87.0,60.0,0.0,0.0,0.0,0.0,24
2023-05-11 09:58:54,p2401-C-8600,p2401-C-8600,87.0,0.0,0.0,0.0,1,21.0,294.0,10,87.0,60.0,0.0,0.0,0.0,0.0,24
2023-05-11 09:58:55,p2401-C-8600,p2401-C-8600,87.0,0.0,0.0,0.0,10,21.5,294.0,10,87.0,60.0,0.0,0.0,0.0,0.0,24
2023-05-11 09:58:55,p2401-C-8600,p2401-C-8600,87.0,0.0,0.0,0.0,1,28.0,294.0,10,87.0,60.0,0.0,0.0,0.0,0.0,24
2023-05-11 09:58:56,p2401-C-8600,p2401-C-8600,87.0,0.0,0.0,0.0,10,28.5,294.0,10,87.0,60.0,0.0,0.0,0.0,0.0,24
2023-05-11 09:58:56,p2401-C-8600,p2401-C-8600,87.0,0.0,0.0,0.0,1,35.0,294.0,10,87.0,60.0,0.0,0.0,0.0,0.0,24
2023-05-11 09:58:57,p2401-C-8600,p2401-C-8600,87.0,0.0,0.0,0.0,10,35.5,294.0,10,87.0,60.0,0.0,0.0,0.0,0.0,24
2023-05-11 09:58:57,p2401-C-8600,p2401-C-8600,87.0,0.0,0.0,0.0,1,42.0,294.0,10,87.0,60.0,0.0,0.0,0.0,0.0,24
2023-05-11 09:58:58,p2401-C-8600,p2401-C-8600,87.0,0.0,0.0,0.0,10,42.5,294.0,10,87.0,60.0,0.0,0.0,0.0,0.0,24
2023-05-11 09:58:58,p2401-C-8600,p2401-C-8600,87.0,0.0,0.0,0.0,1,43.0,294.0,10,87.0,60.0,0.0,0.0,0.0,0.0,24
2023-05-11 09:58:59,p2401-C-8600,p2401-C-8600,87.0,0.0,0.0,0.0,10,43.5,294.0,10,87.0,60.0,0.0,0.0,0.0,0.0,24
2023-05-11 09:58:59,p2401-C-8600,p2401-C-8600,87.0,0.0,0.0,0.0,1,44.0,294.0,10,87.0,60.0,0.0,0.0,0.0,0.0,24
2023-05-11 09:59:00,p2401-C-8600,p2401-C-8600,87.0,0.0,0.0,0.0,10,44.5,294.0,10,87.0,60.0,0.0,0.0,0.0,0.0,24
2023-05-11 09:59:01,p2401-C-8600,p2401-C-8600,87.0,0.0,0.0,0.0,1,45.0,294.0,10,87.0,60.0,0.0,0.0,0.0,0.0,24
2023-05-11 09:59:02,p2401-C-8600,p2401-C-8600,87.0,0.0,0.0,0.0,10,45.5,294.0,10,87.0,60.0,0.0,0.0,0.0,0.0,24
2023-05-11 09:59:02,p2401-C-8600,p2401-C-8600,87.0,0.0,0.0,0.0,1,46.0,294.0,10,87.0,60.0,0.0,0.0,0.0,0.0,24
2023-05-11 09:59:03,p2401-C-8600,p2401-C-8600,87.0,0.0,0.0,0.0,10,46.5,294.0,10,87.0,60.0,0.0,0.0,0.0,0.0,24
2023-05-11 09:59:03,p2401-C-8600,p2401-C-8600,87.0,0.0,0.0,0.0,1,47.0,294.0,10,87.0,60.0,0.0,0.0,0.0,0.0,24
2023-05-11 09:59:04,p2401-C-8600,p2401-C-8600,87.0,0.0,0.0,0.0,10,47.5,294.0,10,87.0,60.0,0.0,0.0,0.0,0.0,24
2023-05-11 09:59:04,p2401-C-8600,p2401-C-8600,87.0,0.0,0.0,0.0,1,48.0,294.0,10,87.0,60.0,0.0,0.0,0.0,0.0,24
2023-05-11 09:59:05,p2401-C-8600,p2401-C-8600,87.0,0.0,0.0,0.0,11,48.0,294.0,10,87.0,60.0,0.0,0.0,0.0,0.0,24
2023-05-11 09:59:08,p2401-C-8600,p2401-C-8600,87.0,0.0,0.0,0.0,1,48.0,294.0,10,87.0,60.0,0.0,0.0,0.0,0.0,24
2023-05-11 10:00:14,p2401-C-8600,p2401-C-8600,87.0,0.0,0.0,0.0,11,48.0,294.0,10,87.0,60.0,0.0,0.0,0.0,0.0,24
2023-05-11 10:00:20,p2401-C-8600,p2401-C-8600,87.0,0.0,0.0,0.0,1,48.0,294.0,10,87.0,60.0,0.0,0.0,0.0,0.0,24
2023-05-11 10:00:33,p2401-C-8600,p2401-C-8600,87.0,0.0,0.0,0.0,11,48.0,294.0,10,87.0,60.0,0.0,0.0,0.0,0.0,24
2023-05-11 10:00:45,p2401-C-8600,p2401-C-8600,87.0,0.0,0.0,0.0,1,48.0,294.0,10,87.0,60.0,0.0,0.0,0.0,0.0,24
2023-05-11 10:01:18,p2401-C-8600,p2401-C-8600,87.0,0.0,0.0,0.0,10,48.5,294.0,10,87.0,60.0,0.0,0.0,0.0,0.0,24
2023-05-11 10:01:20,p2401-C-8600,p2401-C-8600,87.0,0.0,0.0,0.0,1,7.0,294.0,10,87.0,60.0,0.0,0.0,0.0,0.0,24
2023-05-11 10:01:20,p2401-C-8600,p2401-C-8600,87.0,0.0,0.0,0.0,1,13.5,294.0,10,87.0,60.0,0.0,0.0,0.0,0.0,24
2023-05-11 10:01:21,p2401-C-8600,p2401-C-8600,87.0,0.0,0.0,0.0,10,14.0,294.0,10,87.0,60.0,0.0,0.0,0.0,0.0,24
2023-05-11 10:01:22,p2401-C-8600,p2401-C-8600,87.0,0.0,0.0,0.0,1,20.5,294.0,10,87.0,60.0,0.0,0.0,0.0,0.0,24
2023-05-11 10:01:22,p2401-C-8600,p2401-C-8600,87.0,0.0,0.0,0.0,10,21.0,294.0,10,87.0,60.0,0.0,0.0,0.0,0.0,24
2023-05-11 10:01:23,p2401-C-8600,p2401-C-8600,87.0,0.0,0.0,0.0,1,27.5,294.0,10,87.0,60.0,0.0,0.0,0.0,0.0,24
2023-05-11 10:01:23,p2401-C-8600,p2401-C-8600,87.0,0.0,0.0,0.0,10,28.0,294.0,10,87.0,60.0,0.0,0.0,0.0,0.0,24
2023-05-11 10:01:24,p2401-C-8600,p2401-C-8600,87.0,0.0,0.0,0.0,1,34.5,294.0,10,87.0,60.0,0.0,0.0,0.0,0.0,24
2023-05-11 10:01:24,p2401-C-8600,p2401-C-8600,87.0,0.0,0.0,0.0,10,35.0,294.0,10,87.0,60.0,0.0,0.0,0.0,0.0,24
2023-05-11 10:01:25,p2401-C-8600,p2401-C-8600,87.0,0.0,0.0,0.0,1,41.5,294.0,10,87.0,60.0,0.0,0.0,0.0,0.0,24
2023-05-11 10:01:25,p2401-C-8600,p2401-C-8600,87.0,0.0,0.0,0.0,10,42.0,294.0,10,87.0,60.0,0.0,0.0,0.0,0.0,24
2023-05-11 10:01:26,p2401-C-8600,p2401-C-8600,87.0,0.0,0.0,0.0,1,45.5,294.0,10,87.0,60.0,0.0,0.0,0.0,0.0,24
2023-05-11 10:01:26,p2401-C-8600,p2401-C-8600,87.0,0.0,0.0,0.0,10,46.0,294.0,10,87.0,60.0,0.0,0.0,0.0,0.0,24
2023-05-11 10:01:27,p2401-C-8600,p2401-C-8600,87.0,0.0,0.0,0.0,1,46.5,294.0,10,87.0,60.0,0.0,0.0,0.0,0.0,24
2023-05-11 10:01:27,p2401-C-8600,p2401-C-8600,87.0,0.0,0.0,0.0,10,47.0,294.0,10,87.0,60.0,0.0,0.0,0.0,0.0,24
2023-05-11 10:01:28,p2401-C-8600,p2401-C-8600,87.0,0.0,0.0,0.0,1,47.5,294.0,10,87.0,60.0,0.0,0.0,0.0,0.0,24
2023-05-11 10:01:28,p2401-C-8600,p2401-C-8600,87.0,0.0,0.0,0.0,10,48.0,294.0,10,87.0,60.0,0.0,0.0,0.0,0.0,24
2023-05-11 10:01:29,p2401-C-8600,p2401-C-8600,87.0,0.0,0.0,0.0,1,48.5,294.0,10,87.0,60.0,0.0,0.0,0.0,0.0,24
2023-05-11 10:12:27,p2401-C-8600,p2401-C-8600,87.0,0.0,0.0,0.0,1,7.0,294.0,10,87.0,60.0,0.0,0.0,0.0,0.0,24
2023-05-11 10:12:27,p2401-C-8600,p2401-C-8600,87.0,0.0,0.0,0.0,10,7.5,294.0,10,87.0,60.0,0.0,0.0,0.0,0.0,24
2023-05-11 10:12:34,p2401-C-8600,p2401-C-8600,87.0,0.0,0.0,0.0,1,64.5,88.5,1,87.0,60.0,0.0,0.0,0.0,0.0,24
2023-05-11 10:12:37,p2401-C-8600,p2401-C-8600,87.0,0.0,0.0,0.0,1,64.5,71.0,1,87.0,60.0,0.0,0.0,0.0,0.0,24
2023-05-11 10:12:46,p2401-C-8600,p2401-C-8600,87.0,0.0,0.0,0.0,1,64.0,71.0,1,87.0,60.0,0.0,0.0,0.0,0.0,24
2023-05-11 10:12:48,p2401-C-8600,p2401-C-8600,87.0,0.0,0.0,0.0,1,64.0,77.0,1,87.0,60.0,0.0,0.0,0.0,0.0,24
2023-05-11 10:12:53,p2401-C-8600,p2401-C-8600,87.0,0.0,0.0,0.0,2,56.5,77.0,1,87.0,60.0,0.0,0.0,0.0,0.0,24
2023-05-11 10:12:54,p2401-C-8600,p2401-C-8600,87.0,0.0,0.0,0.0,1,56.5,77.0,1,87.0,60.0,0.0,0.0,0.0,0.0,24
2023-05-11 10:12:54,p2401-C-8600,p2401-C-8600,87.0,0.0,0.0,0.0,1,56.5,79.0,1,87.0,60.0,0.0,0.0,0.0,0.0,24
2023-05-11 10:13:02,p2401-C-8600,p2401-C-8600,87.0,0.0,0.0,0.0,10,7.5,294.0,10,87.0,60.0,0.0,0.0,0.0,0.0,24
2023-05-11 10:14:32,p2401-C-8600,p2401-C-8600,87.0,0.0,0.0,0.0,1,7.0,294.5,1,87.0,60.0,0.0,0.0,0.0,0.0,24
2023-05-11 10:30:07,p2401-C-8600,p2401-C-8600,87.0,0.0,0.0,0.0,10,7.5,294.0,10,87.0,60.0,0.0,0.0,0.0,0.0,24
2023-05-11 10:30:55,p2401-C-8600,p2401-C-8600,87.0,0.0,0.0,0.0,1,14.0,294.0,10,87.0,60.0,0.0,0.0,0.0,0.0,24
2023-05-11 10:30:56,p2401-C-8600,p2401-C-8600,87.0,0.0,0.0,0.0,10,14.5,294.0,10,87.0,60.0,0.0,0.0,0.0,0.0,24
2023-05-11 10:32:58,p2401-C-8600,p2401-C-8600,87.0,0.0,0.0,0.0,1,21.0,294.0,10,87.0,60.0,0.0,0.0,0.0,0.0,24
2023-05-11 10:32:58,p2401-C-8600,p2401-C-8600,87.0,0.0,0.0,0.0,10,21.5,294.0,10,87.0,60.0,0.0,0.0,0.0,0.0,24
2023-05-11 10:33:40,p2401-C-8600,p2401-C-8600,87.0,0.0,0.0,0.0,1,28.0,294.0,10,87.0,60.0,0.0,0.0,0.0,0.0,24
2023-05-11 10:33:40,p2401-C-8600,p2401-C-8600,87.0,0.0,0.0,0.0,10,28.5,294.0,10,87.0,60.0,0.0,0.0,0.0,0.0,24
2023-05-11 10:33:54,p2401-C-8600,p2401-C-8600,87.0,0.0,0.0,0.0,1,35.0,294.0,10,87.0,60.0,0.0,0.0,0.0,0.0,24
2023-05-11 10:33:54,p2401-C-8600,p2401-C-8600,87.0,0.0,0.0,0.0,10,35.5,294.0,10,87.0,60.0,0.0,0.0,0.0,0.0,24
2023-05-11 10:36:09,p2401-C-8600,p2401-C-8600,87.0,0.0,0.0,0.0,1,42.0,294.0,10,87.0,60.0,0.0,0.0,0.0,0.0,24
2023-05-11 10:36:09,p2401-C-8600,p2401-C-8600,87.0,0.0,0.0,0.0,10,42.5,294.0,10,87.0,60.0,0.0,0.0,0.0,0.0,24
2023-05-11 10:36:26,p2401-C-8600,p2401-C-8600,87.0,0.0,0.0,0.0,1,43.0,294.0,10,87.0,60.0,0.0,0.0,0.0,0.0,24
2023-05-11 10:36:27,p2401-C-8600,p2401-C-8600,87.0,0.0,0.0,0.0,10,43.5,294.0,10,87.0,60.0,0.0,0.0,0.0,0.0,24
2023-05-11 10:36:59,p2401-C-8600,p2401-C-8600,87.0,0.0,0.0,0.0,1,44.0,294.0,10,87.0,60.0,0.0,0.0,0.0,0.0,24
2023-05-11 10:37:00,p2401-C-8600,p2401-C-8600,87.0,0.0,0.0,0.0,10,44.5,294.0,10,87.0,60.0,0.0,0.0,0.0,0.0,24
2023-05-11 10:37:09,p2401-C-8600,p2401-C-8600,87.0,0.0,0.0,0.0,1,45.0,294.0,10,87.0,60.0,0.0,0.0,0.0,0.0,24
2023-05-11 10:37:09,p2401-C-8600,p2401-C-8600,87.0,0.0,0.0,0.0,10,45.5,294.0,10,87.0,60.0,0.0,0.0,0.0,0.0,24
2023-05-11 10:37:13,p2401-C-8600,p2401-C-8600,87.0,0.0,0.0,0.0,1,46.0,294.0,10,87.0,60.0,0.0,0.0,0.0,0.0,24
2023-05-11 10:37:13,p2401-C-8600,p2401-C-8600,87.0,0.0,0.0,0.0,10,46.5,294.0,10,87.0,60.0,0.0,0.0,0.0,0.0,24
2023-05-11 10:37:25,p2401-C-8600,p2401-C-8600,87.0,0.0,0.0,0.0,1,47.0,294.0,10,87.0,60.0,0.0,0.0,0.0,0.0,24
2023-05-11 10:37:25,p2401-C-8600,p2401-C-8600,87.0,0.0,0.0,0.0,10,47.5,294.0,10,87.0,60.0,0.0,0.0,0.0,0.0,24
2023-05-11 10:37:30,p2401-C-8600,p2401-C-8600,87.0,0.0,0.0,0.0,1,48.0,294.0,10,87.0,60.0,0.0,0.0,0.0,0.0,24
2023-05-11 10:37:31,p2401-C-8600,p2401-C-8600,87.0,0.0,0.0,0.0,11,48.0,294.0,10,87.0,60.0,0.0,0.0,0.0,0.0,24
2023-05-11 10:37:38,p2401-C-8600,p2401-C-8600,87.0,0.0,0.0,0.0,1,48.0,294.0,10,87.0,60.0,0.0,0.0,0.0,0.0,24
2023-05-11 10:39:21,p2401-C-8600,p2401-C-8600,87.0,0.0,0.0,0.0,11,48.0,294.0,10,87.0,60.0,0.0,0.0,0.0,0.0,24
2023-05-11 10:40:04,p2401-C-8600,p2401-C-8600,87.0,0.0,0.0,0.0,1,48.0,294.0,10,87.0,60.0,0.0,0.0,0.0,0.0,24
2023-05-11 10:46:24,p2401-C-8600,p2401-C-8600,87.0,0.0,0.0,0.0,11,48.0,294.0,10,87.0,60.0,0.0,0.0,0.0,0.0,24
2023-05-11 10:46:32,p2401-C-8600,p2401-C-8600,87.0,0.0,0.0,0.0,1,48.0,294.0,10,87.0,60.0,0.0,0.0,0.0,0.0,24
2023-05-11 10:48:13,p2401-C-8600,p2401-C-8600,87.0,0.0,0.0,0.0,11,48.0,294.0,10,87.0,60.0,0.0,0.0,0.0,0.0,24
2023-05-11 10:48:59,p2401-C-8600,p2401-C-8600,87.0,0.0,0.0,0.0,1,48.0,294.0,10,87.0,60.0,0.0,0.0,0.0,0.0,24
2023-05-11 10:49:35,p2401-C-8600,p2401-C-8600,87.0,0.0,0.0,0.0,11,48.0,294.0,10,87.0,60.0,0.0,0.0,0.0,0.0,24
2023-05-11 10:49:36,p2401-C-8600,p2401-C-8600,87.0,0.0,0.0,0.0,1,48.0,294.0,10,87.0,60.0,0.0,0.0,0.0,0.0,24
2023-05-11 10:55:20,p2401-C-8600,p2401-C-8600,87.0,0.0,0.0,0.0,1,48.0,293.5,1,87.0,60.0,0.0,0.0,0.0,0.0,24
2023-05-11 10:55:21,p2401-C-8600,p2401-C-8600,87.0,0.0,0.0,0.0,1,48.0,293.0,10,87.0,60.0,0.0,0.0,0.0,0.0,24
2023-05-11 10:55:30,p2401-C-8600,p2401-C-8600,87.0,0.0,0.0,0.0,1,48.0,292.5,1,87.0,60.0,0.0,0.0,0.0,0.0,24
2023-05-11 10:55:30,p2401-C-8600,p2401-C-8600,87.0,0.0,0.0,0.0,1,48.0,292.0,10,87.0,60.0,0.0,0.0,0.0,0.0,24
2023-05-11 10:55:37,p2401-C-8600,p2401-C-8600,87.0,0.0,0.0,0.0,1,48.0,291.5,1,87.0,60.0,0.0,0.0,0.0,0.0,24
2023-05-11 10:55:37,p2401-C-8600,p2401-C-8600,87.0,0.0,0.0,0.0,1,48.0,291.0,10,87.0,60.0,0.0,0.0,0.0,0.0,24
2023-05-11 10:55:44,p2401-C-8600,p2401-C-8600,87.0,0.0,0.0,0.0,1,48.0,290.5,1,87.0,60.0,0.0,0.0,0.0,0.0,24
2023-05-11 10:55:44,p2401-C-8600,p2401-C-8600,87.0,0.0,0.0,0.0,1,48.0,290.0,10,87.0,60.0,0.0,0.0,0.0,0.0,24
2023-05-11 10:55:53,p2401-C-8600,p2401-C-8600,87.0,0.0,0.0,0.0,1,48.0,289.5,1,87.0,60.0,0.0,0.0,0.0,0.0,24
2023-05-11 10:55:53,p2401-C-8600,p2401-C-8600,87.0,0.0,0.0,0.0,1,48.0,289.0,10,87.0,60.0,0.0,0.0,0.0,0.0,24
2023-05-11 10:56:21,p2401-C-8600,p2401-C-8600,87.0,0.0,0.0,0.0,1,48.0,288.5,1,87.0,60.0,0.0,0.0,0.0,0.0,24
2023-05-11 10:56:21,p2401-C-8600,p2401-C-8600,87.0,0.0,0.0,0.0,1,48.0,288.0,10,87.0,60.0,0.0,0.0,0.0,0.0,24
2023-05-11 10:56:25,p2401-C-8600,p2401-C-8600,87.0,0.0,0.0,0.0,1,48.0,287.5,1,87.0,60.0,0.0,0.0,0.0,0.0,24
2023-05-11 10:56:25,p2401-C-8600,p2401-C-8600,87.0,0.0,0.0,0.0,1,48.0,287.0,10,87.0,60.0,0.0,0.0,0.0,0.0,24
2023-05-11 10:56:31,p2401-C-8600,p2401-C-8600,87.0,0.0,0.0,0.0,1,48.0,286.5,1,87.0,60.0,0.0,0.0,0.0,0.0,24
2023-05-11 10:56:31,p2401-C-8600,p2401-C-8600,87.0,0.0,0.0,0.0,1,48.0,286.0,10,87.0,60.0,0.0,0.0,0.0,0.0,24
2023-05-11 10:56:34,p2401-C-8600,p2401-C-8600,87.0,0.0,0.0,0.0,1,48.0,285.5,1,87.0,60.0,0.0,0.0,0.0,0.0,24
2023-05-11 10:56:34,p2401-C-8600,p2401-C-8600,87.0,0.0,0.0,0.0,1,48.0,285.0,10,87.0,60.0,0.0,0.0,0.0,0.0,24
2023-05-11 10:56:37,p2401-C-8600,p2401-C-8600,87.0,0.0,0.0,0.0,1,48.0,284.5,1,87.0,60.0,0.0,0.0,0.0,0.0,24
2023-05-11 10:56:37,p2401-C-8600,p2401-C-8600,87.0,0.0,0.0,0.0,1,48.0,284.0,10,87.0,60.0,0.0,0.0,0.0,0.0,24
2023-05-11 10:56:39,p2401-C-8600,p2401-C-8600,87.0,0.0,0.0,0.0,1,48.0,283.5,1,87.0,60.0,0.0,0.0,0.0,0.0,24
2023-05-11 10:56:39,p2401-C-8600,p2401-C-8600,87.0,0.0,0.0,0.0,1,48.0,283.0,10,87.0,60.0,0.0,0.0,0.0,0.0,24
2023-05-11 10:56:44,p2401-C-8600,p2401-C-8600,87.0,0.0,0.0,0.0,1,48.0,282.5,1,87.0,60.0,0.0,0.0,0.0,0.0,24
2023-05-11 10:56:44,p2401-C-8600,p2401-C-8600,87.0,0.0,0.0,0.0,1,48.0,282.0,10,87.0,60.0,0.0,0.0,0.0,0.0,24
2023-05-11 10:56:47,p2401-C-8600,p2401-C-8600,87.0,0.0,0.0,0.0,1,48.0,281.5,1,87.0,60.0,0.0,0.0,0.0,0.0,24
2023-05-11 10:56:47,p2401-C-8600,p2401-C-8600,87.0,0.0,0.0,0.0,1,48.0,281.0,10,87.0,60.0,0.0,0.0,0.0,0.0,24
2023-05-11 10:56:52,p2401-C-8600,p2401-C-8600,87.0,0.0,0.0,0.0,1,48.0,280.5,1,87.0,60.0,0.0,0.0,0.0,0.0,24
2023-05-11 10:56:52,p2401-C-8600,p2401-C-8600,87.0,0.0,0.0,0.0,1,48.0,280.0,10,87.0,60.0,0.0,0.0,0.0,0.0,24
2023-05-11 10:56:55,p2401-C-8600,p2401-C-8600,87.0,0.0,0.0,0.0,1,48.0,279.5,1,87.0,60.0,0.0,0.0,0.0,0.0,24
2023-05-11 10:56:55,p2401-C-8600,p2401-C-8600,87.0,0.0,0.0,0.0,1,48.0,279.0,10,87.0,60.0,0.0,0.0,0.0,0.0,24
2023-05-11 10:56:56,p2401-C-8600,p2401-C-8600,87.0,0.0,0.0,0.0,1,48.0,278.5,1,87.0,60.0,0.0,0.0,0.0,0.0,24
2023-05-11 10:56:56,p2401-C-8600,p2401-C-8600,87.0,0.0,0.0,0.0,1,48.0,278.0,10,87.0,60.0,0.0,0.0,0.0,0.0,24
2023-05-11 10:56:58,p2401-C-8600,p2401-C-8600,87.0,0.0,0.0,0.0,1,48.0,277.5,1,87.0,60.0,0.0,0.0,0.0,0.0,24
2023-05-11 10:56:58,p2401-C-8600,p2401-C-8600,87.0,0.0,0.0,0.0,1,48.0,277.0,10,87.0,60.0,0.0,0.0,0.0,0.0,24
2023-05-11 10:57:01,p2401-C-8600,p2401-C-8600,87.0,0.0,0.0,0.0,1,48.0,276.5,1,87.0,60.0,0.0,0.0,0.0,0.0,24
2023-05-11 10:57:01,p2401-C-8600,p2401-C-8600,87.0,0.0,0.0,0.0,1,48.0,276.0,10,87.0,60.0,0.0,0.0,0.0,0.0,24
2023-05-11 10:57:04,p2401-C-8600,p2401-C-8600,87.0,0.0,0.0,0.0,1,48.0,275.5,1,87.0,60.0,0.0,0.0,0.0,0.0,24
2023-05-11 10:57:04,p2401-C-8600,p2401-C-8600,87.0,0.0,0.0,0.0,1,48.0,275.0,10,87.0,60.0,0.0,0.0,0.0,0.0,24
2023-05-11 10:57:07,p2401-C-8600,p2401-C-8600,87.0,0.0,0.0,0.0,1,48.0,274.5,1,87.0,60.0,0.0,0.0,0.0,0.0,24
2023-05-11 10:57:07,p2401-C-8600,p2401-C-8600,87.0,0.0,0.0,0.0,1,48.0,274.0,10,87.0,60.0,0.0,0.0,0.0,0.0,24
2023-05-11 10:57:09,p2401-C-8600,p2401-C-8600,87.0,0.0,0.0,0.0,1,48.0,273.5,1,87.0,60.0,0.0,0.0,0.0,0.0,24
2023-05-11 10:57:10,p2401-C-8600,p2401-C-8600,87.0,0.0,0.0,0.0,1,48.0,273.0,10,87.0,60.0,0.0,0.0,0.0,0.0,24
2023-05-11 10:57:12,p2401-C-8600,p2401-C-8600,87.0,0.0,0.0,0.0,1,48.0,272.5,1,87.0,60.0,0.0,0.0,0.0,0.0,24
2023-05-11 10:57:13,p2401-C-8600,p2401-C-8600,87.0,0.0,0.0,0.0,1,48.0,272.0,10,87.0,60.0,0.0,0.0,0.0,0.0,24
2023-05-11 10:57:15,p2401-C-8600,p2401-C-8600,87.0,0.0,0.0,0.0,1,48.0,271.5,1,87.0,60.0,0.0,0.0,0.0,0.0,24
2023-05-11 10:57:16,p2401-C-8600,p2401-C-8600,87.0,0.0,0.0,0.0,1,48.0,271.0,10,87.0,60.0,0.0,0.0,0.0,0.0,24
2023-05-11 10:57:18,p2401-C-8600,p2401-C-8600,87.0,0.0,0.0,0.0,1,48.0,270.5,1,87.0,60.0,0.0,0.0,0.0,0.0,24
2023-05-11 10:57:19,p2401-C-8600,p2401-C-8600,87.0,0.0,0.0,0.0,1,48.0,270.0,10,87.0,60.0,0.0,0.0,0.0,0.0,24
2023-05-11 10:57:21,p2401-C-8600,p2401-C-8600,87.0,0.0,0.0,0.0,1,48.0,269.5,1,87.0,60.0,0.0,0.0,0.0,0.0,24
2023-05-11 10:57:21,p2401-C-8600,p2401-C-8600,87.0,0.0,0.0,0.0,1,48.0,269.0,10,87.0,60.0,0.0,0.0,0.0,0.0,24
2023-05-11 10:57:23,p2401-C-8600,p2401-C-8600,87.0,0.0,0.0,0.0,1,48.0,268.5,1,87.0,60.0,0.0,0.0,0.0,0.0,24
2023-05-11 10:57:23,p2401-C-8600,p2401-C-8600,87.0,0.0,0.0,0.0,1,48.0,268.0,10,87.0,60.0,0.0,0.0,0.0,0.0,24
2023-05-11 10:57:27,p2401-C-8600,p2401-C-8600,87.0,0.0,0.0,0.0,1,48.0,267.5,1,87.0,60.0,0.0,0.0,0.0,0.0,24
2023-05-11 10:57:27,p2401-C-8600,p2401-C-8600,87.0,0.0,0.0,0.0,1,48.0,267.0,10,87.0,60.0,0.0,0.0,0.0,0.0,24
2023-05-11 10:57:30,p2401-C-8600,p2401-C-8600,87.0,0.0,0.0,0.0,1,48.0,266.5,1,87.0,60.0,0.0,0.0,0.0,0.0,24
2023-05-11 10:57:30,p2401-C-8600,p2401-C-8600,87.0,0.0,0.0,0.0,1,48.0,266.0,10,87.0,60.0,0.0,0.0,0.0,0.0,24
2023-05-11 10:57:33,p2401-C-8600,p2401-C-8600,87.0,0.0,0.0,0.0,1,48.0,265.5,1,87.0,60.0,0.0,0.0,0.0,0.0,24
2023-05-11 10:57:33,p2401-C-8600,p2401-C-8600,87.0,0.0,0.0,0.0,1,48.0,265.0,10,87.0,60.0,0.0,0.0,0.0,0.0,24
2023-05-11 10:57:38,p2401-C-8600,p2401-C-8600,87.0,0.0,0.0,0.0,1,48.0,264.5,1,87.0,60.0,0.0,0.0,0.0,0.0,24
2023-05-11 10:57:38,p2401-C-8600,p2401-C-8600,87.0,0.0,0.0,0.0,1,48.0,264.0,10,87.0,60.0,0.0,0.0,0.0,0.0,24
2023-05-11 10:57:43,p2401-C-8600,p2401-C-8600,87.0,0.0,0.0,0.0,1,48.0,263.5,1,87.0,60.0,0.0,0.0,0.0,0.0,24
2023-05-11 10:57:43,p2401-C-8600,p2401-C-8600,87.0,0.0,0.0,0.0,1,48.0,263.0,10,87.0,60.0,0.0,0.0,0.0,0.0,24
2023-05-11 10:57:52,p2401-C-8600,p2401-C-8600,87.0,0.0,0.0,0.0,1,48.0,262.5,1,87.0,60.0,0.0,0.0,0.0,0.0,24
2023-05-11 10:57:52,p2401-C-8600,p2401-C-8600,87.0,0.0,0.0,0.0,1,48.0,262.0,10,87.0,60.0,0.0,0.0,0.0,0.0,24
2023-05-11 10:57:55,p2401-C-8600,p2401-C-8600,87.0,0.0,0.0,0.0,1,48.0,261.5,1,87.0,60.0,0.0,0.0,0.0,0.0,24
2023-05-11 10:57:55,p2401-C-8600,p2401-C-8600,87.0,0.0,0.0,0.0,1,48.0,261.0,10,87.0,60.0,0.0,0.0,0.0,0.0,24
2023-05-11 10:57:57,p2401-C-8600,p2401-C-8600,87.0,0.0,0.0,0.0,1,48.0,260.5,1,87.0,60.0,0.0,0.0,0.0,0.0,24
2023-05-11 10:57:57,p2401-C-8600,p2401-C-8600,87.0,0.0,0.0,0.0,1,48.0,260.0,10,87.0,60.0,0.0,0.0,0.0,0.0,24
2023-05-11 10:58:03,p2401-C-8600,p2401-C-8600,87.0,0.0,0.0,0.0,1,48.0,259.5,1,87.0,60.0,0.0,0.0,0.0,0.0,24
2023-05-11 10:58:03,p2401-C-8600,p2401-C-8600,87.0,0.0,0.0,0.0,1,48.0,259.0,10,87.0,60.0,0.0,0.0,0.0,0.0,24
2023-05-11 10:58:07,p2401-C-8600,p2401-C-8600,87.0,0.0,0.0,0.0,1,48.0,258.5,1,87.0,60.0,0.0,0.0,0.0,0.0,24
2023-05-11 10:58:07,p2401-C-8600,p2401-C-8600,87.0,0.0,0.0,0.0,1,48.0,258.0,10,87.0,60.0,0.0,0.0,0.0,0.0,24
2023-05-11 10:58:14,p2401-C-8600,p2401-C-8600,87.0,0.0,0.0,0.0,1,48.0,257.5,1,87.0,60.0,0.0,0.0,0.0,0.0,24
2023-05-11 10:58:14,p2401-C-8600,p2401-C-8600,87.0,0.0,0.0,0.0,1,48.0,257.0,10,87.0,60.0,0.0,0.0,0.0,0.0,24
2023-05-11 10:58:18,p2401-C-8600,p2401-C-8600,87.0,0.0,0.0,0.0,1,48.0,256.5,1,87.0,60.0,0.0,0.0,0.0,0.0,24
2023-05-11 10:58:18,p2401-C-8600,p2401-C-8600,87.0,0.0,0.0,0.0,1,48.0,256.0,10,87.0,60.0,0.0,0.0,0.0,0.0,24
2023-05-11 10:58:25,p2401-C-8600,p2401-C-8600,87.0,0.0,0.0,0.0,1,48.0,255.5,1,87.0,60.0,0.0,0.0,0.0,0.0,24
2023-05-11 10:58:25,p2401-C-8600,p2401-C-8600,87.0,0.0,0.0,0.0,1,48.0,255.0,10,87.0,60.0,0.0,0.0,0.0,0.0,24
2023-05-11 10:58:32,p2401-C-8600,p2401-C-8600,87.0,0.0,0.0,0.0,1,48.0,254.5,1,87.0,60.0,0.0,0.0,0.0,0.0,24
2023-05-11 10:58:32,p2401-C-8600,p2401-C-8600,87.0,0.0,0.0,0.0,1,48.0,254.0,10,87.0,60.0,0.0,0.0,0.0,0.0,24
2023-05-11 10:58:36,p2401-C-8600,p2401-C-8600,87.0,0.0,0.0,0.0,1,48.0,253.5,1,87.0,60.0,0.0,0.0,0.0,0.0,24
2023-05-11 10:58:36,p2401-C-8600,p2401-C-8600,87.0,0.0,0.0,0.0,1,48.0,253.0,10,87.0,60.0,0.0,0.0,0.0,0.0,24
2023-05-11 10:58:39,p2401-C-8600,p2401-C-8600,87.0,0.0,0.0,0.0,1,48.0,252.5,1,87.0,60.0,0.0,0.0,0.0,0.0,24
2023-05-11 10:58:39,p2401-C-8600,p2401-C-8600,87.0,0.0,0.0,0.0,1,48.0,252.0,10,87.0,60.0,0.0,0.0,0.0,0.0,24
2023-05-11 10:58:43,p2401-C-8600,p2401-C-8600,87.0,0.0,0.0,0.0,1,48.0,251.5,1,87.0,60.0,0.0,0.0,0.0,0.0,24
2023-05-11 10:58:44,p2401-C-8600,p2401-C-8600,87.0,0.0,0.0,0.0,1,48.0,251.0,10,87.0,60.0,0.0,0.0,0.0,0.0,24
2023-05-11 10:58:48,p2401-C-8600,p2401-C-8600,87.0,0.0,0.0,0.0,1,48.0,250.5,1,87.0,60.0,0.0,0.0,0.0,0.0,24
2023-05-11 10:58:48,p2401-C-8600,p2401-C-8600,87.0,0.0,0.0,0.0,1,48.0,250.0,10,87.0,60.0,0.0,0.0,0.0,0.0,24
2023-05-11 10:58:52,p2401-C-8600,p2401-C-8600,87.0,0.0,0.0,0.0,1,48.0,249.5,1,87.0,60.0,0.0,0.0,0.0,0.0,24
2023-05-11 10:58:53,p2401-C-8600,p2401-C-8600,87.0,0.0,0.0,0.0,1,48.0,249.0,10,87.0,60.0,0.0,0.0,0.0,0.0,24
2023-05-11 10:58:55,p2401-C-8600,p2401-C-8600,87.0,0.0,0.0,0.0,1,48.0,248.5,1,87.0,60.0,0.0,0.0,0.0,0.0,24
2023-05-11 10:58:56,p2401-C-8600,p2401-C-8600,87.0,0.0,0.0,0.0,1,48.0,248.0,10,87.0,60.0,0.0,0.0,0.0,0.0,24
2023-05-11 10:58:59,p2401-C-8600,p2401-C-8600,87.0,0.0,0.0,0.0,1,48.0,247.5,1,87.0,60.0,0.0,0.0,0.0,0.0,24
2023-05-11 10:58:59,p2401-C-8600,p2401-C-8600,87.0,0.0,0.0,0.0,1,48.0,247.0,10,87.0,60.0,0.0,0.0,0.0,0.0,24
2023-05-11 10:59:02,p2401-C-8600,p2401-C-8600,87.0,0.0,0.0,0.0,1,48.0,246.5,1,87.0,60.0,0.0,0.0,0.0,0.0,24
2023-05-11 10:59:03,p2401-C-8600,p2401-C-8600,87.0,0.0,0.0,0.0,1,48.0,246.0,10,87.0,60.0,0.0,0.0,0.0,0.0,24
2023-05-11 10:59:06,p2401-C-8600,p2401-C-8600,87.0,0.0,0.0,0.0,1,48.0,245.5,1,87.0,60.0,0.0,0.0,0.0,0.0,24
2023-05-11 10:59:07,p2401-C-8600,p2401-C-8600,87.0,0.0,0.0,0.0,1,48.0,245.0,10,87.0,60.0,0.0,0.0,0.0,0.0,24
2023-05-11 10:59:08,p2401-C-8600,p2401-C-8600,87.0,0.0,0.0,0.0,1,48.0,244.5,1,87.0,60.0,0.0,0.0,0.0,0.0,24
2023-05-11 10:59:08,p2401-C-8600,p2401-C-8600,87.0,0.0,0.0,0.0,1,48.0,244.0,10,87.0,60.0,0.0,0.0,0.0,0.0,24
2023-05-11 11:03:43,p2401-C-8600,p2401-C-8600,87.0,0.0,0.0,0.0,11,48.0,244.0,10,87.0,60.0,0.0,0.0,0.0,0.0,24
2023-05-11 11:10:10,p2401-C-8600,p2401-C-8600,87.0,0.0,0.0,0.0,1,48.0,244.0,10,87.0,60.0,0.0,0.0,0.0,0.0,24
2023-05-11 11:10:44,p2401-C-8600,p2401-C-8600,87.0,0.0,0.0,0.0,11,48.0,244.0,10,87.0,60.0,0.0,0.0,0.0,0.0,24
2023-05-11 11:22:21,p2401-C-8600,p2401-C-8600,87.0,0.0,0.0,0.0,1,48.0,244.0,10,87.0,60.0,0.0,0.0,0.0,0.0,24
2023-05-11 11:24:13,p2401-C-8600,p2401-C-8600,87.0,0.0,0.0,0.0,11,48.0,244.0,10,87.0,60.0,0.0,0.0,0.0,0.0,24
2023-05-11 11:27:22,p2401-C-8600,p2401-C-8600,87.0,0.0,0.0,0.0,10,48.0,244.0,10,87.0,60.0,0.0,0.0,0.0,0.0,24
2023-05-11 11:29:33,p2401-C-8600,p2401-C-8600,87.0,0.0,0.0,0.0,1,7.0,278.5,1,87.0,60.0,0.0,0.0,0.0,0.0,24
2023-05-11 13:30:02,p2401-C-8600,p2401-C-8600,87.0,0.0,0.0,0.0,10,7.5,278.0,10,87.0,60.0,0.0,0.0,0.0,0.0,24
2023-05-11 13:31:35,p2401-C-8600,p2401-C-8600,87.0,0.0,0.0,0.0,1,14.0,278.0,10,87.0,60.0,0.0,0.0,0.0,0.0,24
2023-05-11 13:31:36,p2401-C-8600,p2401-C-8600,87.0,0.0,0.0,0.0,10,14.5,278.0,10,87.0,60.0,0.0,0.0,0.0,0.0,24
2023-05-11 13:31:49,p2401-C-8600,p2401-C-8600,87.0,0.0,0.0,0.0,1,21.0,278.0,10,87.0,60.0,0.0,0.0,0.0,0.0,24
2023-05-11 13:31:50,p2401-C-8600,p2401-C-8600,87.0,0.0,0.0,0.0,10,21.5,278.0,10,87.0,60.0,0.0,0.0,0.0,0.0,24
2023-05-11 13:31:56,p2401-C-8600,p2401-C-8600,87.0,0.0,0.0,0.0,1,28.0,278.0,10,87.0,60.0,0.0,0.0,0.0,0.0,24
2023-05-11 13:31:56,p2401-C-8600,p2401-C-8600,87.0,0.0,0.0,0.0,10,28.5,278.0,10,87.0,60.0,0.0,0.0,0.0,0.0,24
2023-05-11 13:32:23,p2401-C-8600,p2401-C-8600,87.0,0.0,0.0,0.0,1,35.0,278.0,10,87.0,60.0,0.0,0.0,0.0,0.0,24
2023-05-11 13:32:23,p2401-C-8600,p2401-C-8600,87.0,0.0,0.0,0.0,10,35.5,278.0,10,87.0,60.0,0.0,0.0,0.0,0.0,24
2023-05-11 13:32:30,p2401-C-8600,p2401-C-8600,87.0,0.0,0.0,0.0,1,42.0,278.0,10,87.0,60.0,0.0,0.0,0.0,0.0,24
2023-05-11 13:32:31,p2401-C-8600,p2401-C-8600,87.0,0.0,0.0,0.0,10,42.5,278.0,10,87.0,60.0,0.0,0.0,0.0,0.0,24
2023-05-11 13:32:36,p2401-C-8600,p2401-C-8600,87.0,0.0,0.0,0.0,1,43.0,278.0,10,87.0,60.0,0.0,0.0,0.0,0.0,24
2023-05-11 13:32:36,p2401-C-8600,p2401-C-8600,87.0,0.0,0.0,0.0,10,43.5,278.0,10,87.0,60.0,0.0,0.0,0.0,0.0,24
2023-05-11 13:32:39,p2401-C-8600,p2401-C-8600,87.0,0.0,0.0,0.0,1,44.0,278.0,10,87.0,60.0,0.0,0.0,0.0,0.0,24
2023-05-11 13:32:39,p2401-C-8600,p2401-C-8600,87.0,0.0,0.0,0.0,10,44.5,278.0,10,87.0,60.0,0.0,0.0,0.0,0.0,24
2023-05-11 13:32:46,p2401-C-8600,p2401-C-8600,87.0,0.0,0.0,0.0,1,45.0,278.0,10,87.0,60.0,0.0,0.0,0.0,0.0,24
2023-05-11 13:32:46,p2401-C-8600,p2401-C-8600,87.0,0.0,0.0,0.0,10,45.5,278.0,10,87.0,60.0,0.0,0.0,0.0,0.0,24
2023-05-11 13:32:53,p2401-C-8600,p2401-C-8600,87.0,0.0,0.0,0.0,1,46.0,278.0,10,87.0,60.0,0.0,0.0,0.0,0.0,24
2023-05-11 13:32:54,p2401-C-8600,p2401-C-8600,87.0,0.0,0.0,0.0,10,46.5,278.0,10,87.0,60.0,0.0,0.0,0.0,0.0,24
2023-05-11 13:33:02,p2401-C-8600,p2401-C-8600,87.0,0.0,0.0,0.0,1,47.0,278.0,10,87.0,60.0,0.0,0.0,0.0,0.0,24
2023-05-11 13:33:03,p2401-C-8600,p2401-C-8600,87.0,0.0,0.0,0.0,10,47.5,278.0,10,87.0,60.0,0.0,0.0,0.0,0.0,24
2023-05-11 13:33:08,p2401-C-8600,p2401-C-8600,87.0,0.0,0.0,0.0,1,48.0,278.0,10,87.0,60.0,0.0,0.0,0.0,0.0,24
2023-05-11 13:40:06,p2401-C-8600,p2401-C-8600,87.0,0.0,0.0,0.0,11,48.0,278.0,10,87.0,60.0,0.0,0.0,0.0,0.0,24
2023-05-11 13:40:09,p2401-C-8600,p2401-C-8600,87.0,0.0,0.0,0.0,1,48.0,278.0,10,87.0,60.0,0.0,0.0,0.0,0.0,24
2023-05-11 13:40:59,p2401-C-8600,p2401-C-8600,87.0,0.0,0.0,0.0,10,48.5,278.0,10,87.0,60.0,0.0,0.0,0.0,0.0,24
2023-05-11 13:42:43,p2401-C-8600,p2401-C-8600,87.0,0.0,0.0,0.0,10,7.5,278.0,10,87.0,60.0,0.0,0.0,0.0,0.0,24
2023-05-11 13:42:45,p2401-C-8600,p2401-C-8600,87.0,0.0,0.0,0.0,1,14.0,278.0,10,87.0,60.0,0.0,0.0,0.0,0.0,24
2023-05-11 13:42:45,p2401-C-8600,p2401-C-8600,87.0,0.0,0.0,0.0,10,14.5,278.0,10,87.0,60.0,0.0,0.0,0.0,0.0,24
2023-05-11 13:42:46,p2401-C-8600,p2401-C-8600,87.0,0.0,0.0,0.0,1,21.0,278.0,10,87.0,60.0,0.0,0.0,0.0,0.0,24
2023-05-11 13:42:47,p2401-C-8600,p2401-C-8600,87.0,0.0,0.0,0.0,10,21.5,278.0,10,87.0,60.0,0.0,0.0,0.0,0.0,24
2023-05-11 13:42:47,p2401-C-8600,p2401-C-8600,87.0,0.0,0.0,0.0,1,28.0,278.0,10,87.0,60.0,0.0,0.0,0.0,0.0,24
2023-05-11 13:42:48,p2401-C-8600,p2401-C-8600,87.0,0.0,0.0,0.0,10,28.5,278.0,10,87.0,60.0,0.0,0.0,0.0,0.0,24
2023-05-11 13:42:49,p2401-C-8600,p2401-C-8600,87.0,0.0,0.0,0.0,1,35.0,278.0,10,87.0,60.0,0.0,0.0,0.0,0.0,24
2023-05-11 13:42:49,p2401-C-8600,p2401-C-8600,87.0,0.0,0.0,0.0,10,35.5,278.0,10,87.0,60.0,0.0,0.0,0.0,0.0,24
2023-05-11 13:42:50,p2401-C-8600,p2401-C-8600,87.0,0.0,0.0,0.0,1,42.0,278.0,10,87.0,60.0,0.0,0.0,0.0,0.0,24
2023-05-11 13:42:50,p2401-C-8600,p2401-C-8600,87.0,0.0,0.0,0.0,10,42.5,278.0,10,87.0,60.0,0.0,0.0,0.0,0.0,24
2023-05-11 13:42:54,p2401-C-8600,p2401-C-8600,87.0,0.0,0.0,0.0,1,43.0,278.0,10,87.0,60.0,0.0,0.0,0.0,0.0,24
2023-05-11 13:42:54,p2401-C-8600,p2401-C-8600,87.0,0.0,0.0,0.0,10,43.5,278.0,10,87.0,60.0,0.0,0.0,0.0,0.0,24
2023-05-11 13:42:55,p2401-C-8600,p2401-C-8600,87.0,0.0,0.0,0.0,1,44.0,278.0,10,87.0,60.0,0.0,0.0,0.0,0.0,24
2023-05-11 13:42:56,p2401-C-8600,p2401-C-8600,87.0,0.0,0.0,0.0,10,44.5,278.0,10,87.0,60.0,0.0,0.0,0.0,0.0,24
2023-05-11 13:42:57,p2401-C-8600,p2401-C-8600,87.0,0.0,0.0,0.0,1,45.0,278.0,10,87.0,60.0,0.0,0.0,0.0,0.0,24
2023-05-11 13:42:57,p2401-C-8600,p2401-C-8600,87.0,0.0,0.0,0.0,10,45.5,278.0,10,87.0,60.0,0.0,0.0,0.0,0.0,24
2023-05-11 13:42:58,p2401-C-8600,p2401-C-8600,87.0,0.0,0.0,0.0,1,46.0,278.0,10,87.0,60.0,0.0,0.0,0.0,0.0,24
2023-05-11 13:42:59,p2401-C-8600,p2401-C-8600,87.0,0.0,0.0,0.0,10,46.5,278.0,10,87.0,60.0,0.0,0.0,0.0,0.0,24
2023-05-11 13:43:00,p2401-C-8600,p2401-C-8600,87.0,0.0,0.0,0.0,1,47.0,278.0,10,87.0,60.0,0.0,0.0,0.0,0.0,24
2023-05-11 13:43:00,p2401-C-8600,p2401-C-8600,87.0,0.0,0.0,0.0,10,47.5,278.0,10,87.0,60.0,0.0,0.0,0.0,0.0,24
2023-05-11 13:43:01,p2401-C-8600,p2401-C-8600,87.0,0.0,0.0,0.0,1,48.0,278.0,10,87.0,60.0,0.0,0.0,0.0,0.0,24
2023-05-11 13:43:02,p2401-C-8600,p2401-C-8600,87.0,0.0,0.0,0.0,11,48.0,278.0,10,87.0,60.0,0.0,0.0,0.0,0.0,24
2023-05-11 13:49:02,p2401-C-8600,p2401-C-8600,87.0,0.0,0.0,0.0,11,48.0,277.5,1,87.0,60.0,0.0,0.0,0.0,0.0,24
2023-05-11 13:49:03,p2401-C-8600,p2401-C-8600,87.0,0.0,0.0,0.0,11,48.0,277.0,10,87.0,60.0,0.0,0.0,0.0,0.0,24
2023-05-11 13:49:05,p2401-C-8600,p2401-C-8600,87.0,0.0,0.0,0.0,11,48.0,276.5,1,87.0,60.0,0.0,0.0,0.0,0.0,24
2023-05-11 13:49:06,p2401-C-8600,p2401-C-8600,87.0,0.0,0.0,0.0,11,48.0,276.0,10,87.0,60.0,0.0,0.0,0.0,0.0,24
2023-05-11 13:49:09,p2401-C-8600,p2401-C-8600,87.0,0.0,0.0,0.0,11,48.0,275.5,1,87.0,60.0,0.0,0.0,0.0,0.0,24
2023-05-11 13:49:10,p2401-C-8600,p2401-C-8600,87.0,0.0,0.0,0.0,11,48.0,275.0,10,87.0,60.0,0.0,0.0,0.0,0.0,24
2023-05-11 13:49:15,p2401-C-8600,p2401-C-8600,87.0,0.0,0.0,0.0,11,48.0,274.5,1,87.0,60.0,0.0,0.0,0.0,0.0,24
2023-05-11 13:49:15,p2401-C-8600,p2401-C-8600,87.0,0.0,0.0,0.0,11,48.0,274.0,10,87.0,60.0,0.0,0.0,0.0,0.0,24
2023-05-11 13:49:19,p2401-C-8600,p2401-C-8600,87.0,0.0,0.0,0.0,11,48.0,273.5,1,87.0,60.0,0.0,0.0,0.0,0.0,24
2023-05-11 13:49:19,p2401-C-8600,p2401-C-8600,87.0,0.0,0.0,0.0,11,48.0,273.0,10,87.0,60.0,0.0,0.0,0.0,0.0,24
2023-05-11 13:49:46,p2401-C-8600,p2401-C-8600,87.0,0.0,0.0,0.0,11,48.0,272.5,1,87.0,60.0,0.0,0.0,0.0,0.0,24
2023-05-11 13:49:46,p2401-C-8600,p2401-C-8600,87.0,0.0,0.0,0.0,11,48.0,272.0,10,87.0,60.0,0.0,0.0,0.0,0.0,24
2023-05-11 13:49:52,p2401-C-8600,p2401-C-8600,87.0,0.0,0.0,0.0,11,48.0,271.5,1,87.0,60.0,0.0,0.0,0.0,0.0,24
2023-05-11 13:49:52,p2401-C-8600,p2401-C-8600,87.0,0.0,0.0,0.0,11,48.0,271.0,10,87.0,60.0,0.0,0.0,0.0,0.0,24
2023-05-11 13:50:00,p2401-C-8600,p2401-C-8600,87.0,0.0,0.0,0.0,11,48.0,270.5,1,87.0,60.0,0.0,0.0,0.0,0.0,24
2023-05-11 13:50:01,p2401-C-8600,p2401-C-8600,87.0,0.0,0.0,0.0,11,48.0,270.0,10,87.0,60.0,0.0,0.0,0.0,0.0,24
2023-05-11 13:50:07,p2401-C-8600,p2401-C-8600,87.0,0.0,0.0,0.0,11,48.0,269.5,1,87.0,60.0,0.0,0.0,0.0,0.0,24
2023-05-11 13:50:07,p2401-C-8600,p2401-C-8600,87.0,0.0,0.0,0.0,11,48.0,269.0,10,87.0,60.0,0.0,0.0,0.0,0.0,24
2023-05-11 13:50:12,p2401-C-8600,p2401-C-8600,87.0,0.0,0.0,0.0,11,48.0,268.5,1,87.0,60.0,0.0,0.0,0.0,0.0,24
2023-05-11 13:50:12,p2401-C-8600,p2401-C-8600,87.0,0.0,0.0,0.0,11,48.0,268.0,10,87.0,60.0,0.0,0.0,0.0,0.0,24
2023-05-11 13:50:17,p2401-C-8600,p2401-C-8600,87.0,0.0,0.0,0.0,11,48.0,267.5,1,87.0,60.0,0.0,0.0,0.0,0.0,24
2023-05-11 13:50:17,p2401-C-8600,p2401-C-8600,87.0,0.0,0.0,0.0,11,48.0,267.0,10,87.0,60.0,0.0,0.0,0.0,0.0,24
2023-05-11 13:50:22,p2401-C-8600,p2401-C-8600,87.0,0.0,0.0,0.0,11,48.0,266.5,1,87.0,60.0,0.0,0.0,0.0,0.0,24
2023-05-11 13:50:22,p2401-C-8600,p2401-C-8600,87.0,0.0,0.0,0.0,11,48.0,266.0,10,87.0,60.0,0.0,0.0,0.0,0.0,24
2023-05-11 13:50:32,p2401-C-8600,p2401-C-8600,87.0,0.0,0.0,0.0,11,48.0,265.5,1,87.0,60.0,0.0,0.0,0.0,0.0,24
2023-05-11 13:50:33,p2401-C-8600,p2401-C-8600,87.0,0.0,0.0,0.0,11,48.0,265.0,10,87.0,60.0,0.0,0.0,0.0,0.0,24
2023-05-11 13:50:40,p2401-C-8600,p2401-C-8600,87.0,0.0,0.0,0.0,11,48.0,264.5,1,87.0,60.0,0.0,0.0,0.0,0.0,24
2023-05-11 13:50:40,p2401-C-8600,p2401-C-8600,87.0,0.0,0.0,0.0,11,48.0,264.0,10,87.0,60.0,0.0,0.0,0.0,0.0,24
2023-05-11 13:50:46,p2401-C-8600,p2401-C-8600,87.0,0.0,0.0,0.0,11,48.0,263.5,1,87.0,60.0,0.0,0.0,0.0,0.0,24
2023-05-11 13:50:46,p2401-C-8600,p2401-C-8600,87.0,0.0,0.0,0.0,11,48.0,263.0,10,87.0,60.0,0.0,0.0,0.0,0.0,24
2023-05-11 13:50:54,p2401-C-8600,p2401-C-8600,87.0,0.0,0.0,0.0,11,48.0,262.5,1,87.0,60.0,0.0,0.0,0.0,0.0,24
2023-05-11 13:50:55,p2401-C-8600,p2401-C-8600,87.0,0.0,0.0,0.0,11,48.0,262.0,10,87.0,60.0,0.0,0.0,0.0,0.0,24
2023-05-11 13:51:00,p2401-C-8600,p2401-C-8600,87.0,0.0,0.0,0.0,11,48.0,261.5,1,87.0,60.0,0.0,0.0,0.0,0.0,24
2023-05-11 13:51:01,p2401-C-8600,p2401-C-8600,87.0,0.0,0.0,0.0,11,48.0,261.0,10,87.0,60.0,0.0,0.0,0.0,0.0,24
2023-05-11 13:51:05,p2401-C-8600,p2401-C-8600,87.0,0.0,0.0,0.0,11,48.0,260.5,1,87.0,60.0,0.0,0.0,0.0,0.0,24
2023-05-11 13:51:06,p2401-C-8600,p2401-C-8600,87.0,0.0,0.0,0.0,11,48.0,260.0,10,87.0,60.0,0.0,0.0,0.0,0.0,24
2023-05-11 13:51:16,p2401-C-8600,p2401-C-8600,87.0,0.0,0.0,0.0,11,48.0,259.5,1,87.0,60.0,0.0,0.0,0.0,0.0,24
2023-05-11 13:51:17,p2401-C-8600,p2401-C-8600,87.0,0.0,0.0,0.0,11,48.0,259.0,10,87.0,60.0,0.0,0.0,0.0,0.0,24
2023-05-11 13:51:21,p2401-C-8600,p2401-C-8600,87.0,0.0,0.0,0.0,11,48.0,258.5,1,87.0,60.0,0.0,0.0,0.0,0.0,24
2023-05-11 13:51:22,p2401-C-8600,p2401-C-8600,87.0,0.0,0.0,0.0,11,48.0,258.0,10,87.0,60.0,0.0,0.0,0.0,0.0,24
2023-05-11 13:51:33,p2401-C-8600,p2401-C-8600,87.0,0.0,0.0,0.0,11,48.0,257.5,1,87.0,60.0,0.0,0.0,0.0,0.0,24
2023-05-11 13:51:33,p2401-C-8600,p2401-C-8600,87.0,0.0,0.0,0.0,11,48.0,257.0,10,87.0,60.0,0.0,0.0,0.0,0.0,24
2023-05-11 13:51:37,p2401-C-8600,p2401-C-8600,87.0,0.0,0.0,0.0,11,48.0,256.5,1,87.0,60.0,0.0,0.0,0.0,0.0,24
2023-05-11 13:51:38,p2401-C-8600,p2401-C-8600,87.0,0.0,0.0,0.0,11,48.0,256.0,10,87.0,60.0,0.0,0.0,0.0,0.0,24
2023-05-11 13:51:43,p2401-C-8600,p2401-C-8600,87.0,0.0,0.0,0.0,11,48.0,255.5,1,87.0,60.0,0.0,0.0,0.0,0.0,24
2023-05-11 13:51:43,p2401-C-8600,p2401-C-8600,87.0,0.0,0.0,0.0,11,48.0,255.0,10,87.0,60.0,0.0,0.0,0.0,0.0,24
2023-05-11 13:51:54,p2401-C-8600,p2401-C-8600,87.0,0.0,0.0,0.0,11,48.0,254.5,1,87.0,60.0,0.0,0.0,0.0,0.0,24
2023-05-11 13:51:54,p2401-C-8600,p2401-C-8600,87.0,0.0,0.0,0.0,11,48.0,254.0,10,87.0,60.0,0.0,0.0,0.0,0.0,24
2023-05-11 13:52:02,p2401-C-8600,p2401-C-8600,87.0,0.0,0.0,0.0,11,48.0,253.5,1,87.0,60.0,0.0,0.0,0.0,0.0,24
2023-05-11 13:52:02,p2401-C-8600,p2401-C-8600,87.0,0.0,0.0,0.0,11,48.0,253.0,10,87.0,60.0,0.0,0.0,0.0,0.0,24
2023-05-11 13:52:07,p2401-C-8600,p2401-C-8600,87.0,0.0,0.0,0.0,11,48.0,252.5,1,87.0,60.0,0.0,0.0,0.0,0.0,24
2023-05-11 13:52:07,p2401-C-8600,p2401-C-8600,87.0,0.0,0.0,0.0,11,48.0,252.0,10,87.0,60.0,0.0,0.0,0.0,0.0,24
2023-05-11 13:52:12,p2401-C-8600,p2401-C-8600,87.0,0.0,0.0,0.0,11,48.0,251.5,1,87.0,60.0,0.0,0.0,0.0,0.0,24
2023-05-11 13:52:12,p2401-C-8600,p2401-C-8600,87.0,0.0,0.0,0.0,11,48.0,251.0,10,87.0,60.0,0.0,0.0,0.0,0.0,24
2023-05-11 13:52:15,p2401-C-8600,p2401-C-8600,87.0,0.0,0.0,0.0,11,48.0,250.5,1,87.0,60.0,0.0,0.0,0.0,0.0,24
2023-05-11 13:52:15,p2401-C-8600,p2401-C-8600,87.0,0.0,0.0,0.0,11,48.0,250.0,10,87.0,60.0,0.0,0.0,0.0,0.0,24
2023-05-11 13:52:20,p2401-C-8600,p2401-C-8600,87.0,0.0,0.0,0.0,11,48.0,249.5,1,87.0,60.0,0.0,0.0,0.0,0.0,24
2023-05-11 13:52:20,p2401-C-8600,p2401-C-8600,87.0,0.0,0.0,0.0,11,48.0,249.0,10,87.0,60.0,0.0,0.0,0.0,0.0,24
2023-05-11 13:52:24,p2401-C-8600,p2401-C-8600,87.0,0.0,0.0,0.0,11,48.0,248.5,1,87.0,60.0,0.0,0.0,0.0,0.0,24
2023-05-11 13:52:24,p2401-C-8600,p2401-C-8600,87.0,0.0,0.0,0.0,11,48.0,248.0,10,87.0,60.0,0.0,0.0,0.0,0.0,24
2023-05-11 13:52:27,p2401-C-8600,p2401-C-8600,87.0,0.0,0.0,0.0,11,48.0,247.5,1,87.0,60.0,0.0,0.0,0.0,0.0,24
2023-05-11 13:52:28,p2401-C-8600,p2401-C-8600,87.0,0.0,0.0,0.0,11,48.0,247.0,10,87.0,60.0,0.0,0.0,0.0,0.0,24
2023-05-11 13:52:35,p2401-C-8600,p2401-C-8600,87.0,0.0,0.0,0.0,11,48.0,246.5,1,87.0,60.0,0.0,0.0,0.0,0.0,24
2023-05-11 13:52:35,p2401-C-8600,p2401-C-8600,87.0,0.0,0.0,0.0,11,48.0,246.0,10,87.0,60.0,0.0,0.0,0.0,0.0,24
2023-05-11 13:52:40,p2401-C-8600,p2401-C-8600,87.0,0.0,0.0,0.0,11,48.0,245.5,1,87.0,60.0,0.0,0.0,0.0,0.0,24
2023-05-11 13:52:40,p2401-C-8600,p2401-C-8600,87.0,0.0,0.0,0.0,11,48.0,245.0,10,87.0,60.0,0.0,0.0,0.0,0.0,24
2023-05-11 13:52:45,p2401-C-8600,p2401-C-8600,87.0,0.0,0.0,0.0,11,48.0,244.5,1,87.0,60.0,0.0,0.0,0.0,0.0,24
2023-05-11 13:52:45,p2401-C-8600,p2401-C-8600,87.0,0.0,0.0,0.0,11,48.0,244.0,10,87.0,60.0,0.0,0.0,0.0,0.0,24
2023-05-11 13:52:48,p2401-C-8600,p2401-C-8600,87.0,0.0,0.0,0.0,11,48.0,243.5,1,87.0,60.0,0.0,0.0,0.0,0.0,24
2023-05-11 13:52:48,p2401-C-8600,p2401-C-8600,87.0,0.0,0.0,0.0,11,48.0,243.0,10,87.0,60.0,0.0,0.0,0.0,0.0,24
2023-05-11 13:52:53,p2401-C-8600,p2401-C-8600,87.0,0.0,0.0,0.0,11,48.0,242.5,1,87.0,60.0,0.0,0.0,0.0,0.0,24
2023-05-11 13:52:53,p2401-C-8600,p2401-C-8600,87.0,0.0,0.0,0.0,11,48.0,242.0,10,87.0,60.0,0.0,0.0,0.0,0.0,24
2023-05-11 13:52:56,p2401-C-8600,p2401-C-8600,87.0,0.0,0.0,0.0,11,48.0,241.5,1,87.0,60.0,0.0,0.0,0.0,0.0,24
2023-05-11 13:52:56,p2401-C-8600,p2401-C-8600,87.0,0.0,0.0,0.0,11,48.0,241.0,10,87.0,60.0,0.0,0.0,0.0,0.0,24
2023-05-11 13:52:59,p2401-C-8600,p2401-C-8600,87.0,0.0,0.0,0.0,11,48.0,240.5,1,87.0,60.0,0.0,0.0,0.0,0.0,24
2023-05-11 13:52:59,p2401-C-8600,p2401-C-8600,87.0,0.0,0.0,0.0,11,48.0,240.0,10,87.0,60.0,0.0,0.0,0.0,0.0,24
2023-05-11 13:53:01,p2401-C-8600,p2401-C-8600,87.0,0.0,0.0,0.0,11,48.0,239.5,1,87.0,60.0,0.0,0.0,0.0,0.0,24
2023-05-11 13:53:02,p2401-C-8600,p2401-C-8600,87.0,0.0,0.0,0.0,11,48.0,239.0,10,87.0,60.0,0.0,0.0,0.0,0.0,24
2023-05-11 13:53:05,p2401-C-8600,p2401-C-8600,87.0,0.0,0.0,0.0,11,48.0,238.5,1,87.0,60.0,0.0,0.0,0.0,0.0,24
2023-05-11 13:53:05,p2401-C-8600,p2401-C-8600,87.0,0.0,0.0,0.0,11,48.0,238.0,10,87.0,60.0,0.0,0.0,0.0,0.0,24
2023-05-11 13:53:08,p2401-C-8600,p2401-C-8600,87.0,0.0,0.0,0.0,11,48.0,237.5,1,87.0,60.0,0.0,0.0,0.0,0.0,24
2023-05-11 13:53:08,p2401-C-8600,p2401-C-8600,87.0,0.0,0.0,0.0,11,48.0,237.0,10,87.0,60.0,0.0,0.0,0.0,0.0,24
2023-05-11 13:53:13,p2401-C-8600,p2401-C-8600,87.0,0.0,0.0,0.0,11,48.0,236.5,1,87.0,60.0,0.0,0.0,0.0,0.0,24
2023-05-11 13:53:13,p2401-C-8600,p2401-C-8600,87.0,0.0,0.0,0.0,11,48.0,236.0,10,87.0,60.0,0.0,0.0,0.0,0.0,24
2023-05-11 13:53:16,p2401-C-8600,p2401-C-8600,87.0,0.0,0.0,0.0,11,48.0,235.5,1,87.0,60.0,0.0,0.0,0.0,0.0,24
2023-05-11 13:53:16,p2401-C-8600,p2401-C-8600,87.0,0.0,0.0,0.0,11,48.0,235.0,10,87.0,60.0,0.0,0.0,0.0,0.0,24
2023-05-11 13:53:19,p2401-C-8600,p2401-C-8600,87.0,0.0,0.0,0.0,11,48.0,234.5,1,87.0,60.0,0.0,0.0,0.0,0.0,24
2023-05-11 13:53:19,p2401-C-8600,p2401-C-8600,87.0,0.0,0.0,0.0,11,48.0,234.0,10,87.0,60.0,0.0,0.0,0.0,0.0,24
2023-05-11 13:53:24,p2401-C-8600,p2401-C-8600,87.0,0.0,0.0,0.0,11,48.0,233.5,1,87.0,60.0,0.0,0.0,0.0,0.0,24
2023-05-11 13:53:24,p2401-C-8600,p2401-C-8600,87.0,0.0,0.0,0.0,11,48.0,233.0,10,87.0,60.0,0.0,0.0,0.0,0.0,24
2023-05-11 13:53:30,p2401-C-8600,p2401-C-8600,87.0,0.0,0.0,0.0,11,48.0,232.5,1,87.0,60.0,0.0,0.0,0.0,0.0,24
2023-05-11 13:53:30,p2401-C-8600,p2401-C-8600,87.0,0.0,0.0,0.0,11,48.0,232.0,10,87.0,60.0,0.0,0.0,0.0,0.0,24
2023-05-11 13:53:35,p2401-C-8600,p2401-C-8600,87.0,0.0,0.0,0.0,11,48.0,231.5,1,87.0,60.0,0.0,0.0,0.0,0.0,24
2023-05-11 13:53:35,p2401-C-8600,p2401-C-8600,87.0,0.0,0.0,0.0,11,48.0,231.0,10,87.0,60.0,0.0,0.0,0.0,0.0,24
2023-05-11 13:53:39,p2401-C-8600,p2401-C-8600,87.0,0.0,0.0,0.0,11,48.0,230.5,1,87.0,60.0,0.0,0.0,0.0,0.0,24
2023-05-11 13:53:39,p2401-C-8600,p2401-C-8600,87.0,0.0,0.0,0.0,11,48.0,230.0,10,87.0,60.0,0.0,0.0,0.0,0.0,24
2023-05-11 13:53:44,p2401-C-8600,p2401-C-8600,87.0,0.0,0.0,0.0,11,48.0,229.5,1,87.0,60.0,0.0,0.0,0.0,0.0,24
2023-05-11 13:53:44,p2401-C-8600,p2401-C-8600,87.0,0.0,0.0,0.0,11,48.0,229.0,10,87.0,60.0,0.0,0.0,0.0,0.0,24
2023-05-11 14:22:29,p2401-C-8600,p2401-C-8600,87.0,0.0,0.0,0.0,1,48.0,229.0,10,87.0,60.0,0.0,0.0,0.0,0.0,24
2023-05-11 14:23:30,p2401-C-8600,p2401-C-8600,87.0,0.0,0.0,0.0,11,48.0,229.0,10,87.0,60.0,0.0,0.0,0.0,0.0,24
2023-05-11 14:23:42,p2401-C-8600,p2401-C-8600,87.0,0.0,0.0,0.0,1,48.0,229.0,10,87.0,60.0,0.0,0.0,0.0,0.0,24
2023-05-11 14:24:24,p2401-C-8600,p2401-C-8600,87.0,0.0,0.0,0.0,11,48.0,229.0,10,87.0,60.0,0.0,0.0,0.0,0.0,24
2023-05-11 14:24:25,p2401-C-8600,p2401-C-8600,87.0,0.0,0.0,0.0,1,48.0,229.0,10,87.0,60.0,0.0,0.0,0.0,0.0,24
2023-05-11 14:24:37,p2401-C-8600,p2401-C-8600,87.0,0.0,0.0,0.0,11,48.0,229.0,10,87.0,60.0,0.0,0.0,0.0,0.0,24
2023-05-11 14:30:10,p2401-C-8600,p2401-C-8600,87.0,0.0,0.0,0.0,1,48.0,229.0,10,87.0,60.0,0.0,0.0,0.0,0.0,24
2023-05-11 14:49:40,p2401-C-8600,p2401-C-8600,87.0,0.0,0.0,0.0,1,7.0,229.0,10,87.0,60.0,0.0,0.0,0.0,0.0,24
2023-05-11 14:49:41,p2401-C-8600,p2401-C-8600,87.0,0.0,0.0,0.0,1,13.5,229.0,10,87.0,60.0,0.0,0.0,0.0,0.0,24
2023-05-11 14:49:41,p2401-C-8600,p2401-C-8600,87.0,0.0,0.0,0.0,10,14.0,229.0,10,87.0,60.0,0.0,0.0,0.0,0.0,24
2023-05-11 14:49:42,p2401-C-8600,p2401-C-8600,87.0,0.0,0.0,0.0,1,20.5,229.0,10,87.0,60.0,0.0,0.0,0.0,0.0,24
2023-05-11 14:49:42,p2401-C-8600,p2401-C-8600,87.0,0.0,0.0,0.0,10,21.0,229.0,10,87.0,60.0,0.0,0.0,0.0,0.0,24
2023-05-11 14:49:43,p2401-C-8600,p2401-C-8600,87.0,0.0,0.0,0.0,1,24.5,229.0,10,87.0,60.0,0.0,0.0,0.0,0.0,24
2023-05-11 14:49:43,p2401-C-8600,p2401-C-8600,87.0,0.0,0.0,0.0,10,25.0,229.0,10,87.0,60.0,0.0,0.0,0.0,0.0,24
2023-05-11 14:49:44,p2401-C-8600,p2401-C-8600,87.0,0.0,0.0,0.0,1,25.5,229.0,10,87.0,60.0,0.0,0.0,0.0,0.0,24
2023-05-11 14:49:44,p2401-C-8600,p2401-C-8600,87.0,0.0,0.0,0.0,10,26.0,229.0,10,87.0,60.0,0.0,0.0,0.0,0.0,24
2023-05-11 14:49:45,p2401-C-8600,p2401-C-8600,87.0,0.0,0.0,0.0,1,26.5,229.0,10,87.0,60.0,0.0,0.0,0.0,0.0,24
2023-05-11 14:49:45,p2401-C-8600,p2401-C-8600,87.0,0.0,0.0,0.0,10,27.0,229.0,10,87.0,60.0,0.0,0.0,0.0,0.0,24
2023-05-11 14:49:46,p2401-C-8600,p2401-C-8600,87.0,0.0,0.0,0.0,1,30.5,229.0,10,87.0,60.0,0.0,0.0,0.0,0.0,24
2023-05-11 14:49:46,p2401-C-8600,p2401-C-8600,87.0,0.0,0.0,0.0,10,31.0,229.0,10,87.0,60.0,0.0,0.0,0.0,0.0,24
2023-05-11 14:49:47,p2401-C-8600,p2401-C-8600,87.0,0.0,0.0,0.0,1,31.5,229.0,10,87.0,60.0,0.0,0.0,0.0,0.0,24
2023-05-11 14:49:47,p2401-C-8600,p2401-C-8600,87.0,0.0,0.0,0.0,10,32.0,229.0,10,87.0,60.0,0.0,0.0,0.0,0.0,24
2023-05-11 14:49:48,p2401-C-8600,p2401-C-8600,87.0,0.0,0.0,0.0,1,32.5,229.0,10,87.0,60.0,0.0,0.0,0.0,0.0,24
2023-05-11 14:49:48,p2401-C-8600,p2401-C-8600,87.0,0.0,0.0,0.0,10,33.0,229.0,10,87.0,60.0,0.0,0.0,0.0,0.0,24
2023-05-11 14:49:49,p2401-C-8600,p2401-C-8600,87.0,0.0,0.0,0.0,1,33.5,229.0,10,87.0,60.0,0.0,0.0,0.0,0.0,24
2023-05-11 14:49:49,p2401-C-8600,p2401-C-8600,87.0,0.0,0.0,0.0,10,34.0,229.0,10,87.0,60.0,0.0,0.0,0.0,0.0,24
2023-05-11 14:49:59,p2401-C-8600,p2401-C-8600,87.0,0.0,0.0,0.0,1,34.5,229.0,10,87.0,60.0,0.0,0.0,0.0,0.0,24
2023-05-11 14:49:59,p2401-C-8600,p2401-C-8600,87.0,0.0,0.0,0.0,10,7.5,229.0,10,87.0,60.0,0.0,0.0,0.0,0.0,24
2023-05-11 14:50:00,p2401-C-8600,p2401-C-8600,87.0,0.0,0.0,0.0,1,14.0,229.0,10,87.0,60.0,0.0,0.0,0.0,0.0,24
2023-05-11 14:50:00,p2401-C-8600,p2401-C-8600,87.0,0.0,0.0,0.0,10,14.5,229.0,10,87.0,60.0,0.0,0.0,0.0,0.0,24
2023-05-11 14:50:01,p2401-C-8600,p2401-C-8600,87.0,0.0,0.0,0.0,1,21.0,229.0,10,87.0,60.0,0.0,0.0,0.0,0.0,24
2023-05-11 14:50:02,p2401-C-8600,p2401-C-8600,87.0,0.0,0.0,0.0,10,21.5,229.0,10,87.0,60.0,0.0,0.0,0.0,0.0,24
2023-05-11 14:50:02,p2401-C-8600,p2401-C-8600,87.0,0.0,0.0,0.0,1,25.0,229.0,10,87.0,60.0,0.0,0.0,0.0,0.0,24
2023-05-11 14:50:03,p2401-C-8600,p2401-C-8600,87.0,0.0,0.0,0.0,10,25.5,229.0,10,87.0,60.0,0.0,0.0,0.0,0.0,24
2023-05-11 14:50:03,p2401-C-8600,p2401-C-8600,87.0,0.0,0.0,0.0,1,29.0,229.0,10,87.0,60.0,0.0,0.0,0.0,0.0,24
2023-05-11 14:50:04,p2401-C-8600,p2401-C-8600,87.0,0.0,0.0,0.0,10,29.5,229.0,10,87.0,60.0,0.0,0.0,0.0,0.0,24
2023-05-11 14:50:04,p2401-C-8600,p2401-C-8600,87.0,0.0,0.0,0.0,1,30.0,229.0,10,87.0,60.0,0.0,0.0,0.0,0.0,24
2023-05-11 14:50:05,p2401-C-8600,p2401-C-8600,87.0,0.0,0.0,0.0,10,30.5,229.0,10,87.0,60.0,0.0,0.0,0.0,0.0,24
2023-05-11 14:50:05,p2401-C-8600,p2401-C-8600,87.0,0.0,0.0,0.0,1,31.0,229.0,10,87.0,60.0,0.0,0.0,0.0,0.0,24
2023-05-11 14:50:06,p2401-C-8600,p2401-C-8600,87.0,0.0,0.0,0.0,10,31.5,229.0,10,87.0,60.0,0.0,0.0,0.0,0.0,24
2023-05-11 14:50:06,p2401-C-8600,p2401-C-8600,87.0,0.0,0.0,0.0,1,32.0,229.0,10,87.0,60.0,0.0,0.0,0.0,0.0,24
2023-05-11 14:50:07,p2401-C-8600,p2401-C-8600,87.0,0.0,0.0,0.0,10,32.5,229.0,10,87.0,60.0,0.0,0.0,0.0,0.0,24
2023-05-11 14:50:07,p2401-C-8600,p2401-C-8600,87.0,0.0,0.0,0.0,1,33.0,229.0,10,87.0,60.0,0.0,0.0,0.0,0.0,24
2023-05-11 14:50:08,p2401-C-8600,p2401-C-8600,87.0,0.0,0.0,0.0,10,33.5,229.0,10,87.0,60.0,0.0,0.0,0.0,0.0,24
2023-05-11 14:50:28,p2401-C-8600,p2401-C-8600,87.0,0.0,0.0,0.0,1,59.0,83.0,1,87.0,60.0,0.0,0.0,0.0,0.0,24
2023-05-11 14:50:36,p2401-C-8600,p2401-C-8600,87.0,0.0,0.0,0.0,1,60.0,83.0,1,87.0,60.0,0.0,0.0,0.0,0.0,24
2023-05-11 14:50:37,p2401-C-8600,p2401-C-8600,87.0,0.0,0.0,0.0,1,60.0,73.0,1,87.0,60.0,0.0,0.0,0.0,0.0,24
2023-05-11 14:50:40,p2401-C-8600,p2401-C-8600,60.0,1.0,600.0,1.0,1,59.5,73.0,1,87.0,60.0,60.0,60.0,1.0,600.0,25
2023-05-11 14:50:41,p2401-C-8600,p2401-C-8600,60.0,0.0,0.0,0.0,2,59.5,73.0,1,87.0,60.0,60.0,60.0,1.0,600.0,25
2023-05-11 14:50:43,p2401-C-8600,p2401-C-8600,60.0,0.0,0.0,0.0,2,59.5,62.5,1,87.0,60.0,60.0,60.0,1.0,600.0,25
2023-05-11 14:50:47,p2401-C-8600,p2401-C-8600,60.0,0.0,0.0,0.0,2,59.5,73.0,1,87.0,60.0,60.0,60.0,1.0,600.0,25
2023-05-11 14:50:48,p2401-C-8600,p2401-C-8600,60.0,0.0,0.0,0.0,2,59.5,74.0,1,87.0,60.0,60.0,60.0,1.0,600.0,25
2023-05-11 14:50:49,p2401-C-8600,p2401-C-8600,60.0,0.0,0.0,0.0,1,59.5,83.5,1,87.0,60.0,60.0,60.0,1.0,600.0,25
2023-05-11 14:50:53,p2401-C-8600,p2401-C-8600,60.0,0.0,0.0,0.0,1,7.0,278.5,1,87.0,60.0,60.0,60.0,1.0,600.0,25
2023-05-11 14:50:54,p2401-C-8600,p2401-C-8600,60.0,0.0,0.0,0.0,1,13.5,278.0,10,87.0,60.0,60.0,60.0,1.0,600.0,25
2023-05-11 14:50:54,p2401-C-8600,p2401-C-8600,60.0,0.0,0.0,0.0,10,14.0,278.0,10,87.0,60.0,60.0,60.0,1.0,600.0,25
2023-05-11 14:50:55,p2401-C-8600,p2401-C-8600,60.0,0.0,0.0,0.0,1,20.5,278.0,10,87.0,60.0,60.0,60.0,1.0,600.0,25
2023-05-11 14:50:55,p2401-C-8600,p2401-C-8600,60.0,0.0,0.0,0.0,10,21.0,278.0,10,87.0,60.0,60.0,60.0,1.0,600.0,25
2023-05-11 14:50:56,p2401-C-8600,p2401-C-8600,60.0,0.0,0.0,0.0,1,24.5,278.0,10,87.0,60.0,60.0,60.0,1.0,600.0,25
2023-05-11 14:50:57,p2401-C-8600,p2401-C-8600,60.0,0.0,0.0,0.0,10,25.0,278.0,10,87.0,60.0,60.0,60.0,1.0,600.0,25
2023-05-11 14:50:57,p2401-C-8600,p2401-C-8600,60.0,0.0,0.0,0.0,1,28.5,278.0,10,87.0,60.0,60.0,60.0,1.0,600.0,25
2023-05-11 14:50:58,p2401-C-8600,p2401-C-8600,60.0,0.0,0.0,0.0,10,29.0,278.0,10,87.0,60.0,60.0,60.0,1.0,600.0,25
2023-05-11 14:50:59,p2401-C-8600,p2401-C-8600,60.0,0.0,0.0,0.0,1,29.5,278.0,10,87.0,60.0,60.0,60.0,1.0,600.0,25
2023-05-11 14:50:59,p2401-C-8600,p2401-C-8600,60.0,0.0,0.0,0.0,10,30.0,278.0,10,87.0,60.0,60.0,60.0,1.0,600.0,25
2023-05-11 14:51:00,p2401-C-8600,p2401-C-8600,60.0,0.0,0.0,0.0,1,30.5,278.0,10,87.0,60.0,60.0,60.0,1.0,600.0,25
2023-05-11 14:51:01,p2401-C-8600,p2401-C-8600,60.0,0.0,0.0,0.0,10,31.0,278.0,10,87.0,60.0,60.0,60.0,1.0,600.0,25
2023-05-11 14:51:02,p2401-C-8600,p2401-C-8600,60.0,0.0,0.0,0.0,1,31.5,278.0,10,87.0,60.0,60.0,60.0,1.0,600.0,25
2023-05-11 14:51:02,p2401-C-8600,p2401-C-8600,60.0,0.0,0.0,0.0,10,32.0,278.0,10,87.0,60.0,60.0,60.0,1.0,600.0,25
2023-05-11 14:51:03,p2401-C-8600,p2401-C-8600,60.0,0.0,0.0,0.0,1,32.5,278.0,10,87.0,60.0,60.0,60.0,1.0,600.0,25
2023-05-11 14:51:03,p2401-C-8600,p2401-C-8600,60.0,0.0,0.0,0.0,10,33.0,278.0,10,87.0,60.0,60.0,60.0,1.0,600.0,25
2023-05-11 14:52:40,p2401-C-8600,p2401-C-8600,60.0,0.0,0.0,0.0,1,33.5,278.0,10,87.0,60.0,60.0,60.0,1.0,600.0,25
2023-05-11 14:52:40,p2401-C-8600,p2401-C-8600,60.0,0.0,0.0,0.0,10,34.0,278.0,10,87.0,60.0,60.0,60.0,1.0,600.0,25
2023-05-11 14:54:22,p2401-C-8600,p2401-C-8600,60.0,0.0,0.0,0.0,10,34.0,277.0,10,87.0,60.0,60.0,60.0,1.0,600.0,25
2023-05-11 14:56:38,p2401-C-8600,p2401-C-8600,60.0,0.0,0.0,0.0,1,7.0,277.5,1,87.0,60.0,60.0,60.0,1.0,600.0,25
2023-05-11 14:56:39,p2401-C-8600,p2401-C-8600,60.0,0.0,0.0,0.0,1,13.5,277.5,1,87.0,60.0,60.0,60.0,1.0,600.0,25
2023-05-11 14:59:05,p2401-C-8600,p2401-C-8600,60.0,0.0,0.0,0.0,10,14.0,277.0,10,87.0,60.0,60.0,60.0,1.0,600.0,25
2023-05-11 14:59:55,p2401-C-8600,p2401-C-8600,60.0,0.0,0.0,0.0,1,13.5,277.5,1,87.0,60.0,60.0,60.0,1.0,600.0,25
2023-05-11 15:01:10,p2401-C-8600,p2401-C-8600,60.0,0.0,0.0,0.0,1,13.5,277.5,1,87.0,60.0,60.0,60.0,1.0,600.0,25
