time,symbol_id,symbol_name,last,trade_volume,trade_amount,open_interest_change,bv1,bp1,ap1,av1,yesterday_close,today_open,today_high,today_low,volume,amount,open_interest
2023-05-10 08:30:05,OP90002108,深证100ETF购12月2850,0.0,0.0,0.0,-18.0,0,0.0,0.0,0,0.2025,0.1793,0.0,0.0,0.0,0.0,51
2023-05-10 09:25:00,OP90002108,深证100ETF购12月2850,0.0,0.0,0.0,0.0,1,0.185,0.1931,1,0.2025,0.1793,0.0,0.0,0.0,0.0,51
2023-05-10 09:30:00,OP90002108,深证100ETF购12月2850,0.0,0.0,0.0,0.0,1,0.1762,0.1931,1,0.2025,0.1793,0.0,0.0,0.0,0.0,51
2023-05-10 09:30:00,OP90002108,深证100ETF购12月2850,0.0,0.0,0.0,0.0,1,0.1762,0.1928,20,0.2025,0.1793,0.0,0.0,0.0,0.0,51
2023-05-10 09:30:01,OP90002108,深证100ETF购12月2850,0.0,0.0,0.0,0.0,20,0.176,0.1928,20,0.2025,0.1793,0.0,0.0,0.0,0.0,51
2023-05-10 09:30:02,OP90002108,深证100ETF购12月2850,0.0,0.0,0.0,0.0,20,0.176,0.1928,20,0.2025,0.1793,0.0,0.0,0.0,0.0,51
2023-05-10 09:30:09,OP90002108,深证100ETF购12月2850,0.0,0.0,0.0,0.0,20,0.176,0.1928,20,0.2025,0.1793,0.0,0.0,0.0,0.0,51
2023-05-10 09:30:18,OP90002108,深证100ETF购12月2850,0.0,0.0,0.0,0.0,20,0.1803,0.1897,20,0.2025,0.1793,0.0,0.0,0.0,0.0,51
2023-05-10 09:30:18,OP90002108,深证100ETF购12月2850,0.0,0.0,0.0,0.0,20,0.1799,0.1903,20,0.2025,0.1793,0.0,0.0,0.0,0.0,51
2023-05-10 09:30:20,OP90002108,深证100ETF购12月2850,0.0,0.0,0.0,0.0,20,0.1795,0.1899,20,0.2025,0.1793,0.0,0.0,0.0,0.0,51
2023-05-10 09:30:21,OP90002108,深证100ETF购12月2850,0.0,0.0,0.0,0.0,20,0.179,0.1894,20,0.2025,0.1793,0.0,0.0,0.0,0.0,51
2023-05-10 09:30:23,OP90002108,深证100ETF购12月2850,0.0,0.0,0.0,0.0,20,0.179,0.1894,40,0.2025,0.1793,0.0,0.0,0.0,0.0,51
2023-05-10 09:30:24,OP90002108,深证100ETF购12月2850,0.0,0.0,0.0,0.0,20,0.1794,0.1894,40,0.2025,0.1793,0.0,0.0,0.0,0.0,51
2023-05-10 09:30:28,OP90002108,深证100ETF购12月2850,0.0,0.0,0.0,0.0,20,0.1788,0.1894,40,0.2025,0.1793,0.0,0.0,0.0,0.0,51
2023-05-10 09:30:29,OP90002108,深证100ETF购12月2850,0.0,0.0,0.0,0.0,20,0.1783,0.1891,20,0.2025,0.1793,0.0,0.0,0.0,0.0,51
2023-05-10 09:30:30,OP90002108,深证100ETF购12月2850,0.0,0.0,0.0,0.0,20,0.1783,0.1891,20,0.2025,0.1793,0.0,0.0,0.0,0.0,51
2023-05-10 09:30:31,OP90002108,深证100ETF购12月2850,0.0,0.0,0.0,0.0,20,0.1779,0.1888,20,0.2025,0.1793,0.0,0.0,0.0,0.0,51
2023-05-10 09:30:39,OP90002108,深证100ETF购12月2850,0.0,0.0,0.0,0.0,20,0.1775,0.1883,20,0.2025,0.1793,0.0,0.0,0.0,0.0,51
2023-05-10 09:30:41,OP90002108,深证100ETF购12月2850,0.0,0.0,0.0,0.0,40,0.177,0.1878,20,0.2025,0.1793,0.0,0.0,0.0,0.0,51
2023-05-10 09:30:41,OP90002108,深证100ETF购12月2850,0.0,0.0,0.0,0.0,40,0.177,0.1878,20,0.2025,0.1793,0.0,0.0,0.0,0.0,51
2023-05-10 09:30:42,OP90002108,深证100ETF购12月2850,0.0,0.0,0.0,0.0,20,0.1774,0.1878,20,0.2025,0.1793,0.0,0.0,0.0,0.0,51
2023-05-10 09:30:42,OP90002108,深证100ETF购12月2850,0.0,0.0,0.0,0.0,20,0.1774,0.1878,20,0.2025,0.1793,0.0,0.0,0.0,0.0,51
2023-05-10 09:30:43,OP90002108,深证100ETF购12月2850,0.0,0.0,0.0,0.0,20,0.1777,0.1882,40,0.2025,0.1793,0.0,0.0,0.0,0.0,51
2023-05-10 09:30:43,OP90002108,深证100ETF购12月2850,0.0,0.0,0.0,0.0,21,0.1777,0.1882,41,0.2025,0.1793,0.0,0.0,0.0,0.0,51
2023-05-10 09:30:44,OP90002108,深证100ETF购12月2850,0.0,0.0,0.0,0.0,21,0.1777,0.1882,41,0.2025,0.1793,0.0,0.0,0.0,0.0,51
2023-05-10 09:30:45,OP90002108,深证100ETF购12月2850,0.0,0.0,0.0,0.0,21,0.1777,0.1882,41,0.2025,0.1793,0.0,0.0,0.0,0.0,51
2023-05-10 09:30:45,OP90002108,深证100ETF购12月2850,0.0,0.0,0.0,0.0,21,0.1777,0.1877,20,0.2025,0.1793,0.0,0.0,0.0,0.0,51
2023-05-10 09:30:46,OP90002108,深证100ETF购12月2850,0.0,0.0,0.0,0.0,21,0.1777,0.1877,20,0.2025,0.1793,0.0,0.0,0.0,0.0,51
2023-05-10 09:30:46,OP90002108,深证100ETF购12月2850,0.0,0.0,0.0,0.0,21,0.1777,0.1877,20,0.2025,0.1793,0.0,0.0,0.0,0.0,51
2023-05-10 09:30:51,OP90002108,深证100ETF购12月2850,0.0,0.0,0.0,0.0,21,0.1777,0.1872,20,0.2025,0.1793,0.0,0.0,0.0,0.0,51
2023-05-10 09:30:53,OP90002108,深证100ETF购12月2850,0.0,0.0,0.0,0.0,21,0.1777,0.1878,20,0.2025,0.1793,0.0,0.0,0.0,0.0,51
2023-05-10 09:30:56,OP90002108,深证100ETF购12月2850,0.0,0.0,0.0,0.0,21,0.1777,0.1874,20,0.2025,0.1793,0.0,0.0,0.0,0.0,51
2023-05-10 09:30:56,OP90002108,深证100ETF购12月2850,0.0,0.0,0.0,0.0,21,0.1777,0.1878,20,0.2025,0.1793,0.0,0.0,0.0,0.0,51
2023-05-10 09:30:59,OP90002108,深证100ETF购12月2850,0.0,0.0,0.0,0.0,21,0.1777,0.1874,20,0.2025,0.1793,0.0,0.0,0.0,0.0,51
2023-05-10 09:31:00,OP90002108,深证100ETF购12月2850,0.0,0.0,0.0,0.0,21,0.1777,0.187,20,0.2025,0.1793,0.0,0.0,0.0,0.0,51
2023-05-10 09:31:01,OP90002108,深证100ETF购12月2850,0.0,0.0,0.0,0.0,1,0.1777,0.1866,20,0.2025,0.1793,0.0,0.0,0.0,0.0,51
2023-05-10 09:31:02,OP90002108,深证100ETF购12月2850,0.0,0.0,0.0,0.0,1,0.1777,0.1866,20,0.2025,0.1793,0.0,0.0,0.0,0.0,51
2023-05-10 09:31:06,OP90002108,深证100ETF购12月2850,0.0,0.0,0.0,0.0,1,0.1777,0.1862,20,0.2025,0.1793,0.0,0.0,0.0,0.0,51
2023-05-10 09:31:09,OP90002108,深证100ETF购12月2850,0.0,0.0,0.0,0.0,1,0.1777,0.1859,20,0.2025,0.1793,0.0,0.0,0.0,0.0,51
2023-05-10 09:31:10,OP90002108,深证100ETF购12月2850,0.0,0.0,0.0,0.0,1,0.1777,0.1855,20,0.2025,0.1793,0.0,0.0,0.0,0.0,51
2023-05-10 09:31:10,OP90002108,深证100ETF购12月2850,0.0,0.0,0.0,0.0,1,0.1777,0.1855,20,0.2025,0.1793,0.0,0.0,0.0,0.0,51
2023-05-10 09:31:11,OP90002108,深证100ETF购12月2850,0.0,0.0,0.0,0.0,1,0.1777,0.1855,20,0.2025,0.1793,0.0,0.0,0.0,0.0,51
2023-05-10 09:31:12,OP90002108,深证100ETF购12月2850,0.0,0.0,0.0,0.0,1,0.1777,0.1858,20,0.2025,0.1793,0.0,0.0,0.0,0.0,51
2023-05-10 09:31:20,OP90002108,深证100ETF购12月2850,0.0,0.0,0.0,0.0,1,0.1777,0.1852,20,0.2025,0.1793,0.0,0.0,0.0,0.0,51
2023-05-10 09:31:20,OP90002108,深证100ETF购12月2850,0.0,0.0,0.0,0.0,1,0.1777,0.1856,20,0.2025,0.1793,0.0,0.0,0.0,0.0,51
2023-05-10 09:31:22,OP90002108,深证100ETF购12月2850,0.0,0.0,0.0,0.0,1,0.1777,0.1856,20,0.2025,0.1793,0.0,0.0,0.0,0.0,51
2023-05-10 09:31:27,OP90002108,深证100ETF购12月2850,0.0,0.0,0.0,0.0,1,0.1778,0.1856,21,0.2025,0.1793,0.0,0.0,0.0,0.0,51
2023-05-10 09:31:28,OP90002108,深证100ETF购12月2850,0.0,0.0,0.0,0.0,1,0.1778,0.1856,21,0.2025,0.1793,0.0,0.0,0.0,0.0,51
2023-05-10 09:31:29,OP90002108,深证100ETF购12月2850,0.0,0.0,0.0,0.0,1,0.1778,0.1851,20,0.2025,0.1793,0.0,0.0,0.0,0.0,51
2023-05-10 09:31:30,OP90002108,深证100ETF购12月2850,0.0,0.0,0.0,0.0,1,0.1778,0.1851,20,0.2025,0.1793,0.0,0.0,0.0,0.0,51
2023-05-10 09:31:31,OP90002108,深证100ETF购12月2850,0.0,0.0,0.0,0.0,1,0.1778,0.1855,20,0.2025,0.1793,0.0,0.0,0.0,0.0,51
2023-05-10 09:31:33,OP90002108,深证100ETF购12月2850,0.0,0.0,0.0,0.0,1,0.1778,0.1849,20,0.2025,0.1793,0.0,0.0,0.0,0.0,51
2023-05-10 09:31:33,OP90002108,深证100ETF购12月2850,0.0,0.0,0.0,0.0,1,0.1778,0.1849,20,0.2025,0.1793,0.0,0.0,0.0,0.0,51
2023-05-10 09:31:34,OP90002108,深证100ETF购12月2850,0.0,0.0,0.0,0.0,1,0.1778,0.1845,20,0.2025,0.1793,0.0,0.0,0.0,0.0,51
2023-05-10 09:31:34,OP90002108,深证100ETF购12月2850,0.0,0.0,0.0,0.0,1,0.1778,0.1845,20,0.2025,0.1793,0.0,0.0,0.0,0.0,51
2023-05-10 09:31:35,OP90002108,深证100ETF购12月2850,0.0,0.0,0.0,0.0,1,0.1778,0.185,20,0.2025,0.1793,0.0,0.0,0.0,0.0,51
2023-05-10 09:31:37,OP90002108,深证100ETF购12月2850,0.0,0.0,0.0,0.0,1,0.1778,0.1851,20,0.2025,0.1793,0.0,0.0,0.0,0.0,51
2023-05-10 09:31:38,OP90002108,深证100ETF购12月2850,0.0,0.0,0.0,0.0,1,0.1779,0.1851,21,0.2025,0.1793,0.0,0.0,0.0,0.0,51
2023-05-10 09:31:38,OP90002108,深证100ETF购12月2850,0.0,0.0,0.0,0.0,1,0.1779,0.1844,20,0.2025,0.1793,0.0,0.0,0.0,0.0,51
2023-05-10 09:31:41,OP90002108,深证100ETF购12月2850,0.0,0.0,0.0,0.0,1,0.1779,0.185,20,0.2025,0.1793,0.0,0.0,0.0,0.0,51
2023-05-10 09:31:43,OP90002108,深证100ETF购12月2850,0.0,0.0,0.0,0.0,1,0.1779,0.1851,21,0.2025,0.1793,0.0,0.0,0.0,0.0,51
2023-05-10 09:31:44,OP90002108,深证100ETF购12月2850,0.0,0.0,0.0,0.0,1,0.1779,0.1849,20,0.2025,0.1793,0.0,0.0,0.0,0.0,51
2023-05-10 09:31:46,OP90002108,深证100ETF购12月2850,0.0,0.0,0.0,0.0,1,0.1779,0.1849,20,0.2025,0.1793,0.0,0.0,0.0,0.0,51
2023-05-10 09:31:47,OP90002108,深证100ETF购12月2850,0.0,0.0,0.0,0.0,1,0.1779,0.1845,20,0.2025,0.1793,0.0,0.0,0.0,0.0,51
2023-05-10 09:31:48,OP90002108,深证100ETF购12月2850,0.0,0.0,0.0,0.0,1,0.178,0.1851,21,0.2025,0.1793,0.0,0.0,0.0,0.0,51
2023-05-10 09:31:48,OP90002108,深证100ETF购12月2850,0.0,0.0,0.0,0.0,1,0.178,0.185,1,0.2025,0.1793,0.0,0.0,0.0,0.0,51
2023-05-10 09:31:54,OP90002108,深证100ETF购12月2850,0.0,0.0,0.0,0.0,1,0.178,0.185,21,0.2025,0.1793,0.0,0.0,0.0,0.0,51
2023-05-10 09:31:58,OP90002108,深证100ETF购12月2850,0.0,0.0,0.0,0.0,1,0.1781,0.185,1,0.2025,0.1793,0.0,0.0,0.0,0.0,51
2023-05-10 09:31:58,OP90002108,深证100ETF购12月2850,0.0,0.0,0.0,0.0,1,0.1781,0.1849,1,0.2025,0.1793,0.0,0.0,0.0,0.0,51
2023-05-10 09:32:00,OP90002108,深证100ETF购12月2850,0.0,0.0,0.0,0.0,1,0.1781,0.1849,21,0.2025,0.1793,0.0,0.0,0.0,0.0,51
2023-05-10 09:32:02,OP90002108,深证100ETF购12月2850,0.0,0.0,0.0,0.0,1,0.1781,0.1849,1,0.2025,0.1793,0.0,0.0,0.0,0.0,51
2023-05-10 09:32:03,OP90002108,深证100ETF购12月2850,0.0,0.0,0.0,0.0,1,0.1781,0.1849,21,0.2025,0.1793,0.0,0.0,0.0,0.0,51
2023-05-10 09:32:08,OP90002108,深证100ETF购12月2850,0.0,0.0,0.0,0.0,1,0.1782,0.1848,20,0.2025,0.1793,0.0,0.0,0.0,0.0,51
2023-05-10 09:32:08,OP90002108,深证100ETF购12月2850,0.0,0.0,0.0,0.0,1,0.1782,0.1848,21,0.2025,0.1793,0.0,0.0,0.0,0.0,51
2023-05-10 09:32:11,OP90002108,深证100ETF购12月2850,0.0,0.0,0.0,0.0,1,0.1782,0.1848,1,0.2025,0.1793,0.0,0.0,0.0,0.0,51
2023-05-10 09:32:11,OP90002108,深证100ETF购12月2850,0.0,0.0,0.0,0.0,1,0.1782,0.1848,21,0.2025,0.1793,0.0,0.0,0.0,0.0,51
2023-05-10 09:32:12,OP90002108,深证100ETF购12月2850,0.0,0.0,0.0,0.0,1,0.1782,0.1848,21,0.2025,0.1793,0.0,0.0,0.0,0.0,51
2023-05-10 09:32:13,OP90002108,深证100ETF购12月2850,0.0,0.0,0.0,0.0,1,0.1782,0.1848,21,0.2025,0.1793,0.0,0.0,0.0,0.0,51
2023-05-10 09:32:13,OP90002108,深证100ETF购12月2850,0.0,0.0,0.0,0.0,1,0.1782,0.1848,21,0.2025,0.1793,0.0,0.0,0.0,0.0,51
2023-05-10 09:32:17,OP90002108,深证100ETF购12月2850,0.0,0.0,0.0,0.0,1,0.1782,0.1848,21,0.2025,0.1793,0.0,0.0,0.0,0.0,51
2023-05-10 09:32:17,OP90002108,深证100ETF购12月2850,0.0,0.0,0.0,0.0,1,0.1782,0.1848,21,0.2025,0.1793,0.0,0.0,0.0,0.0,51
2023-05-10 09:32:18,OP90002108,深证100ETF购12月2850,0.0,0.0,0.0,0.0,1,0.1783,0.1848,21,0.2025,0.1793,0.0,0.0,0.0,0.0,51
2023-05-10 09:32:18,OP90002108,深证100ETF购12月2850,0.0,0.0,0.0,0.0,1,0.1783,0.1847,1,0.2025,0.1793,0.0,0.0,0.0,0.0,51
2023-05-10 09:32:19,OP90002108,深证100ETF购12月2850,0.0,0.0,0.0,0.0,1,0.1783,0.1847,1,0.2025,0.1793,0.0,0.0,0.0,0.0,51
2023-05-10 09:32:22,OP90002108,深证100ETF购12月2850,0.0,0.0,0.0,0.0,1,0.1783,0.1847,1,0.2025,0.1793,0.0,0.0,0.0,0.0,51
2023-05-10 09:32:23,OP90002108,深证100ETF购12月2850,0.0,0.0,0.0,0.0,1,0.1783,0.1847,1,0.2025,0.1793,0.0,0.0,0.0,0.0,51
2023-05-10 09:32:24,OP90002108,深证100ETF购12月2850,0.0,0.0,0.0,0.0,1,0.1783,0.1847,1,0.2025,0.1793,0.0,0.0,0.0,0.0,51
2023-05-10 09:32:26,OP90002108,深证100ETF购12月2850,0.0,0.0,0.0,0.0,1,0.1783,0.1847,21,0.2025,0.1793,0.0,0.0,0.0,0.0,51
2023-05-10 09:32:28,OP90002108,深证100ETF购12月2850,0.0,0.0,0.0,0.0,1,0.1784,0.1847,21,0.2025,0.1793,0.0,0.0,0.0,0.0,51
2023-05-10 09:32:29,OP90002108,深证100ETF购12月2850,0.0,0.0,0.0,0.0,1,0.1784,0.1846,1,0.2025,0.1793,0.0,0.0,0.0,0.0,51
2023-05-10 09:32:29,OP90002108,深证100ETF购12月2850,0.0,0.0,0.0,0.0,1,0.1784,0.1846,1,0.2025,0.1793,0.0,0.0,0.0,0.0,51
2023-05-10 09:32:32,OP90002108,深证100ETF购12月2850,0.0,0.0,0.0,0.0,1,0.1784,0.1846,1,0.2025,0.1793,0.0,0.0,0.0,0.0,51
2023-05-10 09:32:35,OP90002108,深证100ETF购12月2850,0.0,0.0,0.0,0.0,1,0.1784,0.1846,1,0.2025,0.1793,0.0,0.0,0.0,0.0,51
2023-05-10 09:32:36,OP90002108,深证100ETF购12月2850,0.0,0.0,0.0,0.0,1,0.1784,0.1846,21,0.2025,0.1793,0.0,0.0,0.0,0.0,51
2023-05-10 09:32:36,OP90002108,深证100ETF购12月2850,0.0,0.0,0.0,0.0,1,0.1784,0.1846,41,0.2025,0.1793,0.0,0.0,0.0,0.0,51
2023-05-10 09:32:37,OP90002108,深证100ETF购12月2850,0.0,0.0,0.0,0.0,1,0.1784,0.1846,41,0.2025,0.1793,0.0,0.0,0.0,0.0,51
2023-05-10 09:32:38,OP90002108,深证100ETF购12月2850,0.0,0.0,0.0,0.0,1,0.1785,0.1846,41,0.2025,0.1793,0.0,0.0,0.0,0.0,51
2023-05-10 09:32:39,OP90002108,深证100ETF购12月2850,0.0,0.0,0.0,0.0,1,0.1785,0.1845,1,0.2025,0.1793,0.0,0.0,0.0,0.0,51
2023-05-10 09:32:39,OP90002108,深证100ETF购12月2850,0.0,0.0,0.0,0.0,1,0.1785,0.1845,1,0.2025,0.1793,0.0,0.0,0.0,0.0,51
2023-05-10 09:32:43,OP90002108,深证100ETF购12月2850,0.0,0.0,0.0,0.0,1,0.1785,0.1845,1,0.2025,0.1793,0.0,0.0,0.0,0.0,51
2023-05-10 09:32:45,OP90002108,深证100ETF购12月2850,0.0,0.0,0.0,0.0,1,0.1785,0.1845,21,0.2025,0.1793,0.0,0.0,0.0,0.0,51
2023-05-10 09:32:48,OP90002108,深证100ETF购12月2850,0.0,0.0,0.0,0.0,1,0.1785,0.1845,21,0.2025,0.1793,0.0,0.0,0.0,0.0,51
2023-05-10 09:32:48,OP90002108,深证100ETF购12月2850,0.0,0.0,0.0,0.0,1,0.1786,0.1845,21,0.2025,0.1793,0.0,0.0,0.0,0.0,51
2023-05-10 09:32:49,OP90002108,深证100ETF购12月2850,0.0,0.0,0.0,0.0,1,0.1786,0.1844,1,0.2025,0.1793,0.0,0.0,0.0,0.0,51
2023-05-10 09:32:49,OP90002108,深证100ETF购12月2850,0.0,0.0,0.0,0.0,1,0.1786,0.1844,1,0.2025,0.1793,0.0,0.0,0.0,0.0,51
2023-05-10 09:32:50,OP90002108,深证100ETF购12月2850,0.0,0.0,0.0,0.0,1,0.1786,0.1844,1,0.2025,0.1793,0.0,0.0,0.0,0.0,51
2023-05-10 09:32:51,OP90002108,深证100ETF购12月2850,0.0,0.0,0.0,0.0,1,0.1786,0.1844,1,0.2025,0.1793,0.0,0.0,0.0,0.0,51
2023-05-10 09:32:51,OP90002108,深证100ETF购12月2850,0.0,0.0,0.0,0.0,1,0.1786,0.1844,1,0.2025,0.1793,0.0,0.0,0.0,0.0,51
2023-05-10 09:32:52,OP90002108,深证100ETF购12月2850,0.0,0.0,0.0,0.0,1,0.1786,0.1844,1,0.2025,0.1793,0.0,0.0,0.0,0.0,51
2023-05-10 09:32:52,OP90002108,深证100ETF购12月2850,0.0,0.0,0.0,0.0,1,0.1786,0.1844,1,0.2025,0.1793,0.0,0.0,0.0,0.0,51
2023-05-10 09:32:53,OP90002108,深证100ETF购12月2850,0.0,0.0,0.0,0.0,1,0.1786,0.1844,1,0.2025,0.1793,0.0,0.0,0.0,0.0,51
2023-05-10 09:32:53,OP90002108,深证100ETF购12月2850,0.0,0.0,0.0,0.0,1,0.1786,0.1844,21,0.2025,0.1793,0.0,0.0,0.0,0.0,51
2023-05-10 09:32:56,OP90002108,深证100ETF购12月2850,0.0,0.0,0.0,0.0,1,0.1786,0.1844,21,0.2025,0.1793,0.0,0.0,0.0,0.0,51
2023-05-10 09:32:57,OP90002108,深证100ETF购12月2850,0.0,0.0,0.0,0.0,1,0.1786,0.1844,21,0.2025,0.1793,0.0,0.0,0.0,0.0,51
2023-05-10 09:32:57,OP90002108,深证100ETF购12月2850,0.0,0.0,0.0,0.0,1,0.1786,0.1844,21,0.2025,0.1793,0.0,0.0,0.0,0.0,51
2023-05-10 09:32:58,OP90002108,深证100ETF购12月2850,0.0,0.0,0.0,0.0,1,0.1786,0.1844,21,0.2025,0.1793,0.0,0.0,0.0,0.0,51
2023-05-10 09:32:58,OP90002108,深证100ETF购12月2850,0.0,0.0,0.0,0.0,1,0.1787,0.1844,21,0.2025,0.1793,0.0,0.0,0.0,0.0,51
2023-05-10 09:32:59,OP90002108,深证100ETF购12月2850,0.0,0.0,0.0,0.0,1,0.1787,0.1844,21,0.2025,0.1793,0.0,0.0,0.0,0.0,51
2023-05-10 09:32:59,OP90002108,深证100ETF购12月2850,0.0,0.0,0.0,0.0,1,0.1787,0.1843,1,0.2025,0.1793,0.0,0.0,0.0,0.0,51
2023-05-10 09:33:00,OP90002108,深证100ETF购12月2850,0.0,0.0,0.0,0.0,1,0.1787,0.1843,1,0.2025,0.1793,0.0,0.0,0.0,0.0,51
2023-05-10 09:33:00,OP90002108,深证100ETF购12月2850,0.0,0.0,0.0,0.0,1,0.1787,0.1843,1,0.2025,0.1793,0.0,0.0,0.0,0.0,51
2023-05-10 09:33:05,OP90002108,深证100ETF购12月2850,0.0,0.0,0.0,0.0,1,0.1787,0.1843,1,0.2025,0.1793,0.0,0.0,0.0,0.0,51
2023-05-10 09:33:05,OP90002108,深证100ETF购12月2850,0.0,0.0,0.0,0.0,1,0.1787,0.1843,1,0.2025,0.1793,0.0,0.0,0.0,0.0,51
2023-05-10 09:33:06,OP90002108,深证100ETF购12月2850,0.0,0.0,0.0,0.0,1,0.1787,0.1843,1,0.2025,0.1793,0.0,0.0,0.0,0.0,51
2023-05-10 09:33:07,OP90002108,深证100ETF购12月2850,0.0,0.0,0.0,0.0,1,0.1787,0.1843,21,0.2025,0.1793,0.0,0.0,0.0,0.0,51
2023-05-10 09:33:08,OP90002108,深证100ETF购12月2850,0.0,0.0,0.0,0.0,1,0.1788,0.1843,21,0.2025,0.1793,0.0,0.0,0.0,0.0,51
2023-05-10 09:33:09,OP90002108,深证100ETF购12月2850,0.0,0.0,0.0,0.0,1,0.1788,0.1843,31,0.2025,0.1793,0.0,0.0,0.0,0.0,51
2023-05-10 09:33:09,OP90002108,深证100ETF购12月2850,0.0,0.0,0.0,0.0,1,0.1788,0.1842,1,0.2025,0.1793,0.0,0.0,0.0,0.0,51
2023-05-10 09:33:10,OP90002108,深证100ETF购12月2850,0.0,0.0,0.0,0.0,1,0.1788,0.1842,1,0.2025,0.1793,0.0,0.0,0.0,0.0,51
2023-05-10 09:33:17,OP90002108,深证100ETF购12月2850,0.0,0.0,0.0,0.0,1,0.1788,0.1842,11,0.2025,0.1793,0.0,0.0,0.0,0.0,51
2023-05-10 09:33:18,OP90002108,深证100ETF购12月2850,0.0,0.0,0.0,0.0,1,0.1789,0.1842,11,0.2025,0.1793,0.0,0.0,0.0,0.0,51
2023-05-10 09:33:19,OP90002108,深证100ETF购12月2850,0.0,0.0,0.0,0.0,1,0.1789,0.1842,11,0.2025,0.1793,0.0,0.0,0.0,0.0,51
2023-05-10 09:33:20,OP90002108,深证100ETF购12月2850,0.0,0.0,0.0,0.0,1,0.1789,0.1841,1,0.2025,0.1793,0.0,0.0,0.0,0.0,51
2023-05-10 09:33:20,OP90002108,深证100ETF购12月2850,0.0,0.0,0.0,0.0,1,0.1789,0.1841,11,0.2025,0.1793,0.0,0.0,0.0,0.0,51
2023-05-10 09:33:28,OP90002108,深证100ETF购12月2850,0.0,0.0,0.0,0.0,1,0.179,0.1841,11,0.2025,0.1793,0.0,0.0,0.0,0.0,51
2023-05-10 09:33:29,OP90002108,深证100ETF购12月2850,0.0,0.0,0.0,0.0,1,0.179,0.1841,11,0.2025,0.1793,0.0,0.0,0.0,0.0,51
2023-05-10 09:33:30,OP90002108,深证100ETF购12月2850,0.0,0.0,0.0,0.0,1,0.179,0.184,1,0.2025,0.1793,0.0,0.0,0.0,0.0,51
2023-05-10 09:33:30,OP90002108,深证100ETF购12月2850,0.0,0.0,0.0,0.0,1,0.179,0.184,1,0.2025,0.1793,0.0,0.0,0.0,0.0,51
2023-05-10 09:33:31,OP90002108,深证100ETF购12月2850,0.0,0.0,0.0,0.0,1,0.179,0.1832,10,0.2025,0.1793,0.0,0.0,0.0,0.0,51
2023-05-10 09:33:31,OP90002108,深证100ETF购12月2850,0.0,0.0,0.0,0.0,1,0.179,0.184,1,0.2025,0.1793,0.0,0.0,0.0,0.0,51
2023-05-10 09:33:32,OP90002108,深证100ETF购12月2850,0.0,0.0,0.0,0.0,1,0.179,0.184,1,0.2025,0.1793,0.0,0.0,0.0,0.0,51
2023-05-10 09:33:32,OP90002108,深证100ETF购12月2850,0.0,0.0,0.0,0.0,1,0.179,0.1832,10,0.2025,0.1793,0.0,0.0,0.0,0.0,51
2023-05-10 09:33:33,OP90002108,深证100ETF购12月2850,0.0,0.0,0.0,0.0,1,0.179,0.1832,10,0.2025,0.1793,0.0,0.0,0.0,0.0,51
2023-05-10 09:33:33,OP90002108,深证100ETF购12月2850,0.0,0.0,0.0,0.0,1,0.179,0.184,1,0.2025,0.1793,0.0,0.0,0.0,0.0,51
2023-05-10 09:33:34,OP90002108,深证100ETF购12月2850,0.0,0.0,0.0,0.0,1,0.179,0.184,1,0.2025,0.1793,0.0,0.0,0.0,0.0,51
2023-05-10 09:33:34,OP90002108,深证100ETF购12月2850,0.0,0.0,0.0,0.0,1,0.179,0.1838,10,0.2025,0.1793,0.0,0.0,0.0,0.0,51
2023-05-10 09:33:35,OP90002108,深证100ETF购12月2850,0.0,0.0,0.0,0.0,1,0.179,0.1838,10,0.2025,0.1793,0.0,0.0,0.0,0.0,51
2023-05-10 09:33:35,OP90002108,深证100ETF购12月2850,0.0,0.0,0.0,0.0,1,0.179,0.1838,10,0.2025,0.1793,0.0,0.0,0.0,0.0,51
2023-05-10 09:33:36,OP90002108,深证100ETF购12月2850,0.0,0.0,0.0,0.0,1,0.179,0.184,1,0.2025,0.1793,0.0,0.0,0.0,0.0,51
2023-05-10 09:33:37,OP90002108,深证100ETF购12月2850,0.0,0.0,0.0,0.0,1,0.179,0.184,1,0.2025,0.1793,0.0,0.0,0.0,0.0,51
2023-05-10 09:33:37,OP90002108,深证100ETF购12月2850,0.0,0.0,0.0,0.0,1,0.179,0.184,1,0.2025,0.1793,0.0,0.0,0.0,0.0,51
2023-05-10 09:33:38,OP90002108,深证100ETF购12月2850,0.0,0.0,0.0,0.0,1,0.1791,0.184,1,0.2025,0.1793,0.0,0.0,0.0,0.0,51
2023-05-10 09:33:39,OP90002108,深证100ETF购12月2850,0.0,0.0,0.0,0.0,1,0.1791,0.184,1,0.2025,0.1793,0.0,0.0,0.0,0.0,51
2023-05-10 09:33:39,OP90002108,深证100ETF购12月2850,0.0,0.0,0.0,0.0,1,0.1791,0.1838,10,0.2025,0.1793,0.0,0.0,0.0,0.0,51
2023-05-10 09:33:40,OP90002108,深证100ETF购12月2850,0.0,0.0,0.0,0.0,1,0.1791,0.1838,10,0.2025,0.1793,0.0,0.0,0.0,0.0,51
2023-05-10 09:33:40,OP90002108,深证100ETF购12月2850,0.0,0.0,0.0,0.0,1,0.1791,0.184,1,0.2025,0.1793,0.0,0.0,0.0,0.0,51
2023-05-10 09:33:41,OP90002108,深证100ETF购12月2850,0.0,0.0,0.0,0.0,1,0.1791,0.1838,10,0.2025,0.1793,0.0,0.0,0.0,0.0,51
2023-05-10 09:33:41,OP90002108,深证100ETF购12月2850,0.0,0.0,0.0,0.0,1,0.1791,0.184,1,0.2025,0.1793,0.0,0.0,0.0,0.0,51
2023-05-10 09:33:42,OP90002108,深证100ETF购12月2850,0.0,0.0,0.0,0.0,1,0.1791,0.1832,10,0.2025,0.1793,0.0,0.0,0.0,0.0,51
2023-05-10 09:33:42,OP90002108,深证100ETF购12月2850,0.0,0.0,0.0,0.0,1,0.1791,0.1832,10,0.2025,0.1793,0.0,0.0,0.0,0.0,51
2023-05-10 09:33:44,OP90002108,深证100ETF购12月2850,0.0,0.0,0.0,0.0,1,0.1791,0.1832,10,0.2025,0.1793,0.0,0.0,0.0,0.0,51
2023-05-10 09:33:45,OP90002108,深证100ETF购12月2850,0.0,0.0,0.0,0.0,1,0.1791,0.1832,10,0.2025,0.1793,0.0,0.0,0.0,0.0,51
2023-05-10 09:33:45,OP90002108,深证100ETF购12月2850,0.0,0.0,0.0,0.0,1,0.1791,0.1834,1,0.2025,0.1793,0.0,0.0,0.0,0.0,51
2023-05-10 09:33:46,OP90002108,深证100ETF购12月2850,0.0,0.0,0.0,0.0,1,0.1791,0.1833,10,0.2025,0.1793,0.0,0.0,0.0,0.0,51
2023-05-10 09:33:46,OP90002108,深证100ETF购12月2850,0.0,0.0,0.0,0.0,1,0.1791,0.1834,1,0.2025,0.1793,0.0,0.0,0.0,0.0,51
2023-05-10 09:33:47,OP90002108,深证100ETF购12月2850,0.0,0.0,0.0,0.0,1,0.1791,0.1833,10,0.2025,0.1793,0.0,0.0,0.0,0.0,51
2023-05-10 09:33:47,OP90002108,深证100ETF购12月2850,0.0,0.0,0.0,0.0,1,0.1791,0.1833,10,0.2025,0.1793,0.0,0.0,0.0,0.0,51
2023-05-10 09:33:48,OP90002108,深证100ETF购12月2850,0.0,0.0,0.0,0.0,1,0.1791,0.1833,10,0.2025,0.1793,0.0,0.0,0.0,0.0,51
2023-05-10 09:33:48,OP90002108,深证100ETF购12月2850,0.0,0.0,0.0,0.0,1,0.1792,0.1833,10,0.2025,0.1793,0.0,0.0,0.0,0.0,51
2023-05-10 09:33:49,OP90002108,深证100ETF购12月2850,0.0,0.0,0.0,0.0,1,0.1792,0.1833,10,0.2025,0.1793,0.0,0.0,0.0,0.0,51
2023-05-10 09:33:49,OP90002108,深证100ETF购12月2850,0.0,0.0,0.0,0.0,1,0.1792,0.1833,10,0.2025,0.1793,0.0,0.0,0.0,0.0,51
2023-05-10 09:33:50,OP90002108,深证100ETF购12月2850,0.0,0.0,0.0,0.0,1,0.1792,0.1833,10,0.2025,0.1793,0.0,0.0,0.0,0.0,51
2023-05-10 09:33:50,OP90002108,深证100ETF购12月2850,0.0,0.0,0.0,0.0,1,0.1792,0.1833,10,0.2025,0.1793,0.0,0.0,0.0,0.0,51
2023-05-10 09:33:51,OP90002108,深证100ETF购12月2850,0.0,0.0,0.0,0.0,1,0.1792,0.1833,10,0.2025,0.1793,0.0,0.0,0.0,0.0,51
2023-05-10 09:33:51,OP90002108,深证100ETF购12月2850,0.0,0.0,0.0,0.0,1,0.1792,0.1833,10,0.2025,0.1793,0.0,0.0,0.0,0.0,51
2023-05-10 09:33:52,OP90002108,深证100ETF购12月2850,0.0,0.0,0.0,0.0,1,0.1792,0.1833,10,0.2025,0.1793,0.0,0.0,0.0,0.0,51
2023-05-10 09:33:52,OP90002108,深证100ETF购12月2850,0.0,0.0,0.0,0.0,1,0.1792,0.1834,1,0.2025,0.1793,0.0,0.0,0.0,0.0,51
2023-05-10 09:33:53,OP90002108,深证100ETF购12月2850,0.0,0.0,0.0,0.0,1,0.1792,0.1833,10,0.2025,0.1793,0.0,0.0,0.0,0.0,51
2023-05-10 09:33:53,OP90002108,深证100ETF购12月2850,0.0,0.0,0.0,0.0,1,0.1792,0.1833,10,0.2025,0.1793,0.0,0.0,0.0,0.0,51
2023-05-10 09:33:54,OP90002108,深证100ETF购12月2850,0.0,0.0,0.0,0.0,1,0.1792,0.1833,10,0.2025,0.1793,0.0,0.0,0.0,0.0,51
2023-05-10 09:33:54,OP90002108,深证100ETF购12月2850,0.0,0.0,0.0,0.0,1,0.1792,0.1834,1,0.2025,0.1793,0.0,0.0,0.0,0.0,51
2023-05-10 09:33:55,OP90002108,深证100ETF购12月2850,0.0,0.0,0.0,0.0,1,0.1792,0.1834,11,0.2025,0.1793,0.0,0.0,0.0,0.0,51
2023-05-10 09:33:56,OP90002108,深证100ETF购12月2850,0.0,0.0,0.0,0.0,1,0.1792,0.1834,1,0.2025,0.1793,0.0,0.0,0.0,0.0,51
2023-05-10 09:33:56,OP90002108,深证100ETF购12月2850,0.0,0.0,0.0,0.0,1,0.1792,0.1833,10,0.2025,0.1793,0.0,0.0,0.0,0.0,51
2023-05-10 09:33:57,OP90002108,深证100ETF购12月2850,0.0,0.0,0.0,0.0,1,0.1792,0.1834,1,0.2025,0.1793,0.0,0.0,0.0,0.0,51
2023-05-10 09:33:57,OP90002108,深证100ETF购12月2850,0.0,0.0,0.0,0.0,1,0.1792,0.1833,10,0.2025,0.1793,0.0,0.0,0.0,0.0,51
2023-05-10 09:33:58,OP90002108,深证100ETF购12月2850,0.0,0.0,0.0,0.0,1,0.1792,0.1833,10,0.2025,0.1793,0.0,0.0,0.0,0.0,51
2023-05-10 09:33:58,OP90002108,深证100ETF购12月2850,0.0,0.0,0.0,0.0,1,0.1792,0.1834,1,0.2025,0.1793,0.0,0.0,0.0,0.0,51
2023-05-10 09:33:59,OP90002108,深证100ETF购12月2850,0.0,0.0,0.0,0.0,1,0.1793,0.1834,1,0.2025,0.1793,0.0,0.0,0.0,0.0,51
2023-05-10 09:33:59,OP90002108,深证100ETF购12月2850,0.0,0.0,0.0,0.0,1,0.1793,0.1834,1,0.2025,0.1793,0.0,0.0,0.0,0.0,51
2023-05-10 09:34:00,OP90002108,深证100ETF购12月2850,0.0,0.0,0.0,0.0,1,0.1793,0.1834,1,0.2025,0.1793,0.0,0.0,0.0,0.0,51
2023-05-10 09:34:02,OP90002108,深证100ETF购12月2850,0.0,0.0,0.0,0.0,1,0.1793,0.1834,1,0.2025,0.1793,0.0,0.0,0.0,0.0,51
2023-05-10 09:34:02,OP90002108,深证100ETF购12月2850,0.0,0.0,0.0,0.0,1,0.1793,0.1834,1,0.2025,0.1793,0.0,0.0,0.0,0.0,51
2023-05-10 09:34:04,OP90002108,深证100ETF购12月2850,0.0,0.0,0.0,0.0,1,0.1793,0.1834,1,0.2025,0.1793,0.0,0.0,0.0,0.0,51
2023-05-10 09:34:05,OP90002108,深证100ETF购12月2850,0.0,0.0,0.0,0.0,1,0.1793,0.1834,1,0.2025,0.1793,0.0,0.0,0.0,0.0,51
2023-05-10 09:34:05,OP90002108,深证100ETF购12月2850,0.0,0.0,0.0,0.0,1,0.1793,0.1834,1,0.2025,0.1793,0.0,0.0,0.0,0.0,51
2023-05-10 09:34:06,OP90002108,深证100ETF购12月2850,0.0,0.0,0.0,0.0,1,0.1793,0.1834,1,0.2025,0.1793,0.0,0.0,0.0,0.0,51
2023-05-10 09:34:06,OP90002108,深证100ETF购12月2850,0.0,0.0,0.0,0.0,1,0.1793,0.1834,1,0.2025,0.1793,0.0,0.0,0.0,0.0,51
2023-05-10 09:34:07,OP90002108,深证100ETF购12月2850,0.0,0.0,0.0,0.0,1,0.1793,0.1833,10,0.2025,0.1793,0.0,0.0,0.0,0.0,51
2023-05-10 09:34:08,OP90002108,深证100ETF购12月2850,0.1793,1.0,1793.0,0.0,1,0.1793,0.1834,11,0.2025,0.1793,0.1793,0.1793,1.0,1793.0,51
2023-05-10 09:34:08,OP90002108,深证100ETF购12月2850,0.1793,0.0,0.0,0.0,1,0.1793,0.1833,1,0.2025,0.1793,0.1793,0.1793,1.0,1793.0,51
2023-05-10 09:34:09,OP90002108,深证100ETF购12月2850,0.1793,0.0,0.0,0.0,1,0.1793,0.1833,1,0.2025,0.1793,0.1793,0.1793,1.0,1793.0,51
2023-05-10 09:34:10,OP90002108,深证100ETF购12月2850,0.1793,0.0,0.0,0.0,1,0.1793,0.1833,11,0.2025,0.1793,0.1793,0.1793,1.0,1793.0,51
2023-05-10 09:34:10,OP90002108,深证100ETF购12月2850,0.1793,0.0,0.0,0.0,1,0.1793,0.1833,11,0.2025,0.1793,0.1793,0.1793,1.0,1793.0,51
2023-05-10 09:34:11,OP90002108,深证100ETF购12月2850,0.1793,0.0,0.0,0.0,1,0.1793,0.1833,18,0.2025,0.1793,0.1793,0.1793,1.0,1793.0,51
2023-05-10 09:34:14,OP90002108,深证100ETF购12月2850,0.1793,0.0,0.0,0.0,1,0.1793,0.1833,8,0.2025,0.1793,0.1793,0.1793,1.0,1793.0,51
2023-05-10 09:34:15,OP90002108,深证100ETF购12月2850,0.1793,0.0,0.0,0.0,1,0.1793,0.1833,18,0.2025,0.1793,0.1793,0.1793,1.0,1793.0,51
2023-05-10 09:34:15,OP90002108,深证100ETF购12月2850,0.1793,0.0,0.0,0.0,1,0.1793,0.1833,18,0.2025,0.1793,0.1793,0.1793,1.0,1793.0,51
2023-05-10 09:34:17,OP90002108,深证100ETF购12月2850,0.1793,1.0,1793.0,0.0,1,0.1793,0.1833,18,0.2025,0.1793,0.1793,0.1793,2.0,3586.0,51
2023-05-10 09:34:18,OP90002108,深证100ETF购12月2850,0.1793,0.0,0.0,0.0,1,0.1793,0.1832,1,0.2025,0.1793,0.1793,0.1793,2.0,3586.0,51
2023-05-10 09:34:19,OP90002108,深证100ETF购12月2850,0.1793,0.0,0.0,0.0,1,0.1793,0.1832,1,0.2025,0.1793,0.1793,0.1793,2.0,3586.0,51
2023-05-10 09:34:21,OP90002108,深证100ETF购12月2850,0.1793,0.0,0.0,0.0,1,0.1793,0.1832,11,0.2025,0.1793,0.1793,0.1793,2.0,3586.0,51
2023-05-10 09:34:21,OP90002108,深证100ETF购12月2850,0.1793,0.0,0.0,0.0,1,0.1793,0.1832,11,0.2025,0.1793,0.1793,0.1793,2.0,3586.0,51
2023-05-10 09:34:23,OP90002108,深证100ETF购12月2850,0.1793,0.0,0.0,0.0,1,0.1793,0.1832,11,0.2025,0.1793,0.1793,0.1793,2.0,3586.0,51
2023-05-10 09:34:23,OP90002108,深证100ETF购12月2850,0.1793,0.0,0.0,0.0,1,0.1793,0.1832,11,0.2025,0.1793,0.1793,0.1793,2.0,3586.0,51
2023-05-10 09:34:24,OP90002108,深证100ETF购12月2850,0.1793,0.0,0.0,0.0,1,0.1793,0.1832,11,0.2025,0.1793,0.1793,0.1793,2.0,3586.0,51
2023-05-10 09:34:24,OP90002108,深证100ETF购12月2850,0.1793,0.0,0.0,0.0,1,0.1793,0.1829,10,0.2025,0.1793,0.1793,0.1793,2.0,3586.0,51
2023-05-10 09:34:25,OP90002108,深证100ETF购12月2850,0.1793,0.0,0.0,0.0,1,0.1793,0.1829,20,0.2025,0.1793,0.1793,0.1793,2.0,3586.0,51
2023-05-10 09:34:25,OP90002108,深证100ETF购12月2850,0.1793,1.0,1793.0,0.0,1,0.1793,0.1829,20,0.2025,0.1793,0.1793,0.1793,3.0,5379.0,51
2023-05-10 09:34:26,OP90002108,深证100ETF购12月2850,0.1793,0.0,0.0,0.0,30,0.178,0.1829,20,0.2025,0.1793,0.1793,0.1793,3.0,5379.0,51
2023-05-10 09:34:27,OP90002108,深证100ETF购12月2850,0.1793,0.0,0.0,0.0,1,0.178,0.1829,20,0.2025,0.1793,0.1793,0.1793,3.0,5379.0,51
2023-05-10 09:34:27,OP90002108,深证100ETF购12月2850,0.1793,0.0,0.0,0.0,1,0.178,0.1829,20,0.2025,0.1793,0.1793,0.1793,3.0,5379.0,51
2023-05-10 09:34:28,OP90002108,深证100ETF购12月2850,0.1793,0.0,0.0,0.0,1,0.178,0.1829,20,0.2025,0.1793,0.1793,0.1793,3.0,5379.0,51
2023-05-10 09:34:28,OP90002108,深证100ETF购12月2850,0.1793,0.0,0.0,0.0,1,0.178,0.1829,20,0.2025,0.1793,0.1793,0.1793,3.0,5379.0,51
2023-05-10 09:34:29,OP90002108,深证100ETF购12月2850,0.1793,0.0,0.0,0.0,1,0.178,0.1829,20,0.2025,0.1793,0.1793,0.1793,3.0,5379.0,51
2023-05-10 09:34:29,OP90002108,深证100ETF购12月2850,0.1793,0.0,0.0,0.0,1,0.178,0.1829,20,0.2025,0.1793,0.1793,0.1793,3.0,5379.0,51
2023-05-10 09:34:30,OP90002108,深证100ETF购12月2850,0.1793,0.0,0.0,0.0,1,0.178,0.1829,20,0.2025,0.1793,0.1793,0.1793,3.0,5379.0,51
2023-05-10 09:34:31,OP90002108,深证100ETF购12月2850,0.1793,0.0,0.0,0.0,1,0.178,0.1829,10,0.2025,0.1793,0.1793,0.1793,3.0,5379.0,51
2023-05-10 09:34:32,OP90002108,深证100ETF购12月2850,0.1793,0.0,0.0,0.0,1,0.178,0.1828,10,0.2025,0.1793,0.1793,0.1793,3.0,5379.0,51
2023-05-10 09:34:32,OP90002108,深证100ETF购12月2850,0.1793,0.0,0.0,0.0,1,0.178,0.1828,20,0.2025,0.1793,0.1793,0.1793,3.0,5379.0,51
2023-05-10 09:34:33,OP90002108,深证100ETF购12月2850,0.1793,0.0,0.0,0.0,1,0.178,0.1828,10,0.2025,0.1793,0.1793,0.1793,3.0,5379.0,51
2023-05-10 09:34:33,OP90002108,深证100ETF购12月2850,0.1793,0.0,0.0,0.0,1,0.178,0.1827,10,0.2025,0.1793,0.1793,0.1793,3.0,5379.0,51
2023-05-10 09:34:34,OP90002108,深证100ETF购12月2850,0.1793,0.0,0.0,0.0,1,0.178,0.183,10,0.2025,0.1793,0.1793,0.1793,3.0,5379.0,51
2023-05-10 09:34:34,OP90002108,深证100ETF购12月2850,0.1793,0.0,0.0,0.0,1,0.178,0.1824,10,0.2025,0.1793,0.1793,0.1793,3.0,5379.0,51
2023-05-10 09:34:37,OP90002108,深证100ETF购12月2850,0.1793,0.0,0.0,0.0,1,0.1781,0.1824,10,0.2025,0.1793,0.1793,0.1793,3.0,5379.0,51
2023-05-10 09:34:37,OP90002108,深证100ETF购12月2850,0.1793,0.0,0.0,0.0,1,0.1781,0.183,10,0.2025,0.1793,0.1793,0.1793,3.0,5379.0,51
2023-05-10 09:34:38,OP90002108,深证100ETF购12月2850,0.1793,0.0,0.0,0.0,1,0.1781,0.1823,10,0.2025,0.1793,0.1793,0.1793,3.0,5379.0,51
2023-05-10 09:34:38,OP90002108,深证100ETF购12月2850,0.1793,0.0,0.0,0.0,1,0.1781,0.1823,11,0.2025,0.1793,0.1793,0.1793,3.0,5379.0,51
2023-05-10 09:34:42,OP90002108,深证100ETF购12月2850,0.1793,0.0,0.0,0.0,1,0.1781,0.1823,1,0.2025,0.1793,0.1793,0.1793,3.0,5379.0,51
2023-05-10 09:34:42,OP90002108,深证100ETF购12月2850,0.1793,0.0,0.0,0.0,1,0.1781,0.1823,1,0.2025,0.1793,0.1793,0.1793,3.0,5379.0,51
2023-05-10 09:34:47,OP90002108,深证100ETF购12月2850,0.1793,0.0,0.0,0.0,1,0.1782,0.1823,1,0.2025,0.1793,0.1793,0.1793,3.0,5379.0,51
2023-05-10 09:34:47,OP90002108,深证100ETF购12月2850,0.1793,0.0,0.0,0.0,1,0.1782,0.1823,1,0.2025,0.1793,0.1793,0.1793,3.0,5379.0,51
2023-05-10 09:34:48,OP90002108,深证100ETF购12月2850,0.1793,0.0,0.0,0.0,1,0.178,0.1823,1,0.2025,0.1793,0.1793,0.1793,3.0,5379.0,51
2023-05-10 09:34:48,OP90002108,深证100ETF购12月2850,0.1793,0.0,0.0,0.0,1,0.178,0.1822,1,0.2025,0.1793,0.1793,0.1793,3.0,5379.0,51
2023-05-10 09:34:50,OP90002108,深证100ETF购12月2850,0.1793,0.0,0.0,0.0,1,0.1777,0.1822,1,0.2025,0.1793,0.1793,0.1793,3.0,5379.0,51
2023-05-10 09:34:51,OP90002108,深证100ETF购12月2850,0.1793,0.0,0.0,0.0,1,0.1777,0.1822,1,0.2025,0.1793,0.1793,0.1793,3.0,5379.0,51
2023-05-10 09:34:53,OP90002108,深证100ETF购12月2850,0.1793,0.0,0.0,0.0,1,0.1777,0.1822,1,0.2025,0.1793,0.1793,0.1793,3.0,5379.0,51
2023-05-10 09:34:54,OP90002108,深证100ETF购12月2850,0.1793,0.0,0.0,0.0,1,0.1777,0.1822,1,0.2025,0.1793,0.1793,0.1793,3.0,5379.0,51
2023-05-10 09:34:55,OP90002108,深证100ETF购12月2850,0.1793,0.0,0.0,0.0,1,0.1777,0.1822,1,0.2025,0.1793,0.1793,0.1793,3.0,5379.0,51
2023-05-10 09:34:55,OP90002108,深证100ETF购12月2850,0.1793,0.0,0.0,0.0,1,0.1777,0.1822,1,0.2025,0.1793,0.1793,0.1793,3.0,5379.0,51
2023-05-10 09:34:56,OP90002108,深证100ETF购12月2850,0.1793,0.0,0.0,0.0,1,0.1777,0.1822,1,0.2025,0.1793,0.1793,0.1793,3.0,5379.0,51
2023-05-10 09:34:57,OP90002108,深证100ETF购12月2850,0.1793,0.0,0.0,0.0,1,0.1777,0.1822,1,0.2025,0.1793,0.1793,0.1793,3.0,5379.0,51
2023-05-10 09:34:57,OP90002108,深证100ETF购12月2850,0.1793,0.0,0.0,0.0,10,0.1779,0.1822,1,0.2025,0.1793,0.1793,0.1793,3.0,5379.0,51
2023-05-10 09:34:58,OP90002108,深证100ETF购12月2850,0.1793,0.0,0.0,0.0,1,0.1777,0.1822,1,0.2025,0.1793,0.1793,0.1793,3.0,5379.0,51
2023-05-10 09:34:58,OP90002108,深证100ETF购12月2850,0.1793,0.0,0.0,0.0,1,0.1777,0.1822,1,0.2025,0.1793,0.1793,0.1793,3.0,5379.0,51
2023-05-10 09:34:59,OP90002108,深证100ETF购12月2850,0.1793,0.0,0.0,0.0,11,0.1777,0.1821,1,0.2025,0.1793,0.1793,0.1793,3.0,5379.0,51
2023-05-10 09:34:59,OP90002108,深证100ETF购12月2850,0.1793,0.0,0.0,0.0,1,0.1777,0.1821,1,0.2025,0.1793,0.1793,0.1793,3.0,5379.0,51
2023-05-10 09:35:00,OP90002108,深证100ETF购12月2850,0.1793,0.0,0.0,0.0,1,0.1777,0.1821,1,0.2025,0.1793,0.1793,0.1793,3.0,5379.0,51
2023-05-10 09:35:00,OP90002108,深证100ETF购12月2850,0.1793,0.0,0.0,0.0,1,0.1778,0.1821,1,0.2025,0.1793,0.1793,0.1793,3.0,5379.0,51
2023-05-10 09:35:01,OP90002108,深证100ETF购12月2850,0.1793,0.0,0.0,0.0,20,0.1787,0.1821,1,0.2025,0.1793,0.1793,0.1793,3.0,5379.0,51
2023-05-10 09:35:01,OP90002108,深证100ETF购12月2850,0.1793,0.0,0.0,0.0,20,0.1787,0.1821,1,0.2025,0.1793,0.1793,0.1793,3.0,5379.0,51
2023-05-10 09:35:02,OP90002108,深证100ETF购12月2850,0.1793,0.0,0.0,0.0,20,0.1787,0.1821,1,0.2025,0.1793,0.1793,0.1793,3.0,5379.0,51
2023-05-10 09:35:03,OP90002108,深证100ETF购12月2850,0.1793,0.0,0.0,0.0,20,0.1787,0.1821,1,0.2025,0.1793,0.1793,0.1793,3.0,5379.0,51
2023-05-10 09:35:03,OP90002108,深证100ETF购12月2850,0.1793,0.0,0.0,0.0,20,0.1787,0.1821,1,0.2025,0.1793,0.1793,0.1793,3.0,5379.0,51
2023-05-10 09:35:05,OP90002108,深证100ETF购12月2850,0.1793,0.0,0.0,0.0,20,0.1787,0.1821,1,0.2025,0.1793,0.1793,0.1793,3.0,5379.0,51
2023-05-10 09:35:07,OP90002108,深证100ETF购12月2850,0.1793,0.0,0.0,0.0,20,0.1787,0.1821,1,0.2025,0.1793,0.1793,0.1793,3.0,5379.0,51
2023-05-10 09:35:09,OP90002108,深证100ETF购12月2850,0.1793,0.0,0.0,0.0,20,0.1787,0.1817,10,0.2025,0.1793,0.1793,0.1793,3.0,5379.0,51
2023-05-10 09:35:09,OP90002108,深证100ETF购12月2850,0.1793,0.0,0.0,0.0,20,0.1787,0.182,1,0.2025,0.1793,0.1793,0.1793,3.0,5379.0,51
2023-05-10 09:35:10,OP90002108,深证100ETF购12月2850,0.1793,0.0,0.0,0.0,20,0.1787,0.182,1,0.2025,0.1793,0.1793,0.1793,3.0,5379.0,51
2023-05-10 09:35:10,OP90002108,深证100ETF购12月2850,0.1793,0.0,0.0,0.0,20,0.1787,0.1818,10,0.2025,0.1793,0.1793,0.1793,3.0,5379.0,51
2023-05-10 09:35:11,OP90002108,深证100ETF购12月2850,0.1793,0.0,0.0,0.0,41,0.1787,0.1818,10,0.2025,0.1793,0.1793,0.1793,3.0,5379.0,51
2023-05-10 09:35:11,OP90002108,深证100ETF购12月2850,0.1793,0.0,0.0,0.0,20,0.1787,0.182,1,0.2025,0.1793,0.1793,0.1793,3.0,5379.0,51
2023-05-10 09:35:12,OP90002108,深证100ETF购12月2850,0.1793,0.0,0.0,0.0,20,0.1787,0.182,1,0.2025,0.1793,0.1793,0.1793,3.0,5379.0,51
2023-05-10 09:35:13,OP90002108,深证100ETF购12月2850,0.1793,0.0,0.0,0.0,20,0.1787,0.182,1,0.2025,0.1793,0.1793,0.1793,3.0,5379.0,51
2023-05-10 09:35:14,OP90002108,深证100ETF购12月2850,0.1793,0.0,0.0,0.0,21,0.1787,0.182,1,0.2025,0.1793,0.1793,0.1793,3.0,5379.0,51
2023-05-10 09:35:15,OP90002108,深证100ETF购12月2850,0.1793,0.0,0.0,0.0,41,0.1787,0.182,1,0.2025,0.1793,0.1793,0.1793,3.0,5379.0,51
2023-05-10 09:35:17,OP90002108,深证100ETF购12月2850,0.1793,0.0,0.0,0.0,21,0.1787,0.1818,10,0.2025,0.1793,0.1793,0.1793,3.0,5379.0,51
2023-05-10 09:35:17,OP90002108,深证100ETF购12月2850,0.1793,0.0,0.0,0.0,20,0.1787,0.1818,1,0.2025,0.1793,0.1793,0.1793,3.0,5379.0,51
2023-05-10 09:35:18,OP90002108,深证100ETF购12月2850,0.1793,0.0,0.0,0.0,20,0.1783,0.1818,1,0.2025,0.1793,0.1793,0.1793,3.0,5379.0,51
2023-05-10 09:35:18,OP90002108,深证100ETF购12月2850,0.1793,0.0,0.0,0.0,1,0.1782,0.1818,1,0.2025,0.1793,0.1793,0.1793,3.0,5379.0,51
2023-05-10 09:35:19,OP90002108,深证100ETF购12月2850,0.1793,0.0,0.0,0.0,21,0.1782,0.1818,1,0.2025,0.1793,0.1793,0.1793,3.0,5379.0,51
2023-05-10 09:35:19,OP90002108,深证100ETF购12月2850,0.1793,0.0,0.0,0.0,21,0.1782,0.1818,1,0.2025,0.1793,0.1793,0.1793,3.0,5379.0,51
2023-05-10 09:35:20,OP90002108,深证100ETF购12月2850,0.1793,0.0,0.0,0.0,20,0.1782,0.1818,1,0.2025,0.1793,0.1793,0.1793,3.0,5379.0,51
2023-05-10 09:35:21,OP90002108,深证100ETF购12月2850,0.1793,0.0,0.0,0.0,20,0.1782,0.1818,21,0.2025,0.1793,0.1793,0.1793,3.0,5379.0,51
2023-05-10 09:35:22,OP90002108,深证100ETF购12月2850,0.1793,0.0,0.0,0.0,20,0.1782,0.1818,21,0.2025,0.1793,0.1793,0.1793,3.0,5379.0,51
2023-05-10 09:35:23,OP90002108,深证100ETF购12月2850,0.1793,0.0,0.0,0.0,20,0.1782,0.1818,21,0.2025,0.1793,0.1793,0.1793,3.0,5379.0,51
2023-05-10 09:35:24,OP90002108,深证100ETF购12月2850,0.1793,0.0,0.0,0.0,90,0.1775,0.1818,21,0.2025,0.1793,0.1793,0.1793,3.0,5379.0,51
2023-05-10 09:35:24,OP90002108,深证100ETF购12月2850,0.1793,0.0,0.0,0.0,61,0.1775,0.1818,21,0.2025,0.1793,0.1793,0.1793,3.0,5379.0,51
2023-05-10 09:35:25,OP90002108,深证100ETF购12月2850,0.1793,0.0,0.0,0.0,21,0.1775,0.1818,41,0.2025,0.1793,0.1793,0.1793,3.0,5379.0,51
2023-05-10 09:35:25,OP90002108,深证100ETF购12月2850,0.1793,0.0,0.0,0.0,21,0.1775,0.1818,41,0.2025,0.1793,0.1793,0.1793,3.0,5379.0,51
2023-05-10 09:35:27,OP90002108,深证100ETF购12月2850,0.1793,0.0,0.0,0.0,21,0.1775,0.1817,1,0.2025,0.1793,0.1793,0.1793,3.0,5379.0,51
2023-05-10 09:35:34,OP90002108,深证100ETF购12月2850,0.1793,0.0,0.0,0.0,1,0.1776,0.1817,1,0.2025,0.1793,0.1793,0.1793,3.0,5379.0,51
2023-05-10 09:35:36,OP90002108,深证100ETF购12月2850,0.1793,0.0,0.0,0.0,1,0.1776,0.1817,1,0.2025,0.1793,0.1793,0.1793,3.0,5379.0,51
2023-05-10 09:35:38,OP90002108,深证100ETF购12月2850,0.1793,0.0,0.0,0.0,1,0.1776,0.1816,1,0.2025,0.1793,0.1793,0.1793,3.0,5379.0,51
2023-05-10 09:35:38,OP90002108,深证100ETF购12月2850,0.1793,0.0,0.0,0.0,1,0.1776,0.1816,1,0.2025,0.1793,0.1793,0.1793,3.0,5379.0,51
2023-05-10 09:35:41,OP90002108,深证100ETF购12月2850,0.1793,0.0,0.0,0.0,20,0.1775,0.1816,1,0.2025,0.1793,0.1793,0.1793,3.0,5379.0,51
2023-05-10 09:35:41,OP90002108,深证100ETF购12月2850,0.1793,0.0,0.0,0.0,20,0.1775,0.1816,1,0.2025,0.1793,0.1793,0.1793,3.0,5379.0,51
2023-05-10 09:35:44,OP90002108,深证100ETF购12月2850,0.1793,0.0,0.0,0.0,20,0.1775,0.1816,1,0.2025,0.1793,0.1793,0.1793,3.0,5379.0,51
2023-05-10 09:35:45,OP90002108,深证100ETF购12月2850,0.1793,0.0,0.0,0.0,20,0.1775,0.1816,1,0.2025,0.1793,0.1793,0.1793,3.0,5379.0,51
2023-05-10 09:35:46,OP90002108,深证100ETF购12月2850,0.1793,0.0,0.0,0.0,21,0.1775,0.1816,1,0.2025,0.1793,0.1793,0.1793,3.0,5379.0,51
2023-05-10 09:35:48,OP90002108,深证100ETF购12月2850,0.1793,0.0,0.0,0.0,21,0.1775,0.1815,1,0.2025,0.1793,0.1793,0.1793,3.0,5379.0,51
2023-05-10 09:35:49,OP90002108,深证100ETF购12月2850,0.1793,0.0,0.0,0.0,21,0.1775,0.1815,1,0.2025,0.1793,0.1793,0.1793,3.0,5379.0,51
2023-05-10 09:35:50,OP90002108,深证100ETF购12月2850,0.1793,0.0,0.0,0.0,21,0.1775,0.1815,1,0.2025,0.1793,0.1793,0.1793,3.0,5379.0,51
2023-05-10 09:35:51,OP90002108,深证100ETF购12月2850,0.1793,0.0,0.0,0.0,41,0.1775,0.1815,1,0.2025,0.1793,0.1793,0.1793,3.0,5379.0,51
2023-05-10 09:35:51,OP90002108,深证100ETF购12月2850,0.1793,0.0,0.0,0.0,41,0.1775,0.1815,1,0.2025,0.1793,0.1793,0.1793,3.0,5379.0,51
2023-05-10 09:35:53,OP90002108,深证100ETF购12月2850,0.1793,0.0,0.0,0.0,41,0.1775,0.1815,1,0.2025,0.1793,0.1793,0.1793,3.0,5379.0,51
2023-05-10 09:35:54,OP90002108,深证100ETF购12月2850,0.1793,0.0,0.0,0.0,41,0.1775,0.1815,1,0.2025,0.1793,0.1793,0.1793,3.0,5379.0,51
2023-05-10 09:35:54,OP90002108,深证100ETF购12月2850,0.1793,0.0,0.0,0.0,41,0.1775,0.1815,1,0.2025,0.1793,0.1793,0.1793,3.0,5379.0,51
2023-05-10 09:35:55,OP90002108,深证100ETF购12月2850,0.1793,0.0,0.0,0.0,41,0.1775,0.1815,1,0.2025,0.1793,0.1793,0.1793,3.0,5379.0,51
2023-05-10 09:35:55,OP90002108,深证100ETF购12月2850,0.1793,0.0,0.0,0.0,41,0.1775,0.1815,1,0.2025,0.1793,0.1793,0.1793,3.0,5379.0,51
2023-05-10 09:35:56,OP90002108,深证100ETF购12月2850,0.1793,0.0,0.0,0.0,1,0.1776,0.1815,1,0.2025,0.1793,0.1793,0.1793,3.0,5379.0,51
2023-05-10 09:35:57,OP90002108,深证100ETF购12月2850,0.1793,0.0,0.0,0.0,1,0.1776,0.1815,1,0.2025,0.1793,0.1793,0.1793,3.0,5379.0,51
2023-05-10 09:35:57,OP90002108,深证100ETF购12月2850,0.1793,0.0,0.0,0.0,1,0.1776,0.1815,1,0.2025,0.1793,0.1793,0.1793,3.0,5379.0,51
2023-05-10 09:35:58,OP90002108,深证100ETF购12月2850,0.1793,0.0,0.0,0.0,1,0.1776,0.1814,1,0.2025,0.1793,0.1793,0.1793,3.0,5379.0,51
2023-05-10 09:35:58,OP90002108,深证100ETF购12月2850,0.1793,0.0,0.0,0.0,1,0.1776,0.1814,1,0.2025,0.1793,0.1793,0.1793,3.0,5379.0,51
2023-05-10 09:35:59,OP90002108,深证100ETF购12月2850,0.1793,0.0,0.0,0.0,21,0.1776,0.1814,1,0.2025,0.1793,0.1793,0.1793,3.0,5379.0,51
2023-05-10 09:36:00,OP90002108,深证100ETF购12月2850,0.1793,0.0,0.0,0.0,10,0.1777,0.1814,1,0.2025,0.1793,0.1793,0.1793,3.0,5379.0,51
2023-05-10 09:36:01,OP90002108,深证100ETF购12月2850,0.1793,0.0,0.0,0.0,21,0.1776,0.1814,1,0.2025,0.1793,0.1793,0.1793,3.0,5379.0,51
2023-05-10 09:36:02,OP90002108,深证100ETF购12月2850,0.1793,0.0,0.0,0.0,21,0.1776,0.1814,1,0.2025,0.1793,0.1793,0.1793,3.0,5379.0,51
2023-05-10 09:36:02,OP90002108,深证100ETF购12月2850,0.1793,0.0,0.0,0.0,21,0.1776,0.1814,1,0.2025,0.1793,0.1793,0.1793,3.0,5379.0,51
2023-05-10 09:36:06,OP90002108,深证100ETF购12月2850,0.1793,0.0,0.0,0.0,20,0.178,0.1814,1,0.2025,0.1793,0.1793,0.1793,3.0,5379.0,51
2023-05-10 09:36:06,OP90002108,深证100ETF购12月2850,0.1793,0.0,0.0,0.0,40,0.178,0.1814,1,0.2025,0.1793,0.1793,0.1793,3.0,5379.0,51
2023-05-10 09:36:07,OP90002108,深证100ETF购12月2850,0.1793,0.0,0.0,0.0,40,0.178,0.1814,1,0.2025,0.1793,0.1793,0.1793,3.0,5379.0,51
2023-05-10 09:36:08,OP90002108,深证100ETF购12月2850,0.1793,0.0,0.0,0.0,40,0.178,0.1813,1,0.2025,0.1793,0.1793,0.1793,3.0,5379.0,51
2023-05-10 09:36:08,OP90002108,深证100ETF购12月2850,0.1793,0.0,0.0,0.0,40,0.178,0.1813,1,0.2025,0.1793,0.1793,0.1793,3.0,5379.0,51
2023-05-10 09:36:09,OP90002108,深证100ETF购12月2850,0.1793,0.0,0.0,0.0,40,0.178,0.1813,1,0.2025,0.1793,0.1793,0.1793,3.0,5379.0,51
2023-05-10 09:36:09,OP90002108,深证100ETF购12月2850,0.1793,0.0,0.0,0.0,40,0.178,0.1813,1,0.2025,0.1793,0.1793,0.1793,3.0,5379.0,51
2023-05-10 09:36:10,OP90002108,深证100ETF购12月2850,0.1793,0.0,0.0,0.0,40,0.178,0.1813,1,0.2025,0.1793,0.1793,0.1793,3.0,5379.0,51
2023-05-10 09:36:11,OP90002108,深证100ETF购12月2850,0.1793,0.0,0.0,0.0,40,0.178,0.1813,1,0.2025,0.1793,0.1793,0.1793,3.0,5379.0,51
2023-05-10 09:36:11,OP90002108,深证100ETF购12月2850,0.1793,0.0,0.0,0.0,40,0.178,0.1813,1,0.2025,0.1793,0.1793,0.1793,3.0,5379.0,51
2023-05-10 09:36:12,OP90002108,深证100ETF购12月2850,0.1793,0.0,0.0,0.0,60,0.178,0.1813,1,0.2025,0.1793,0.1793,0.1793,3.0,5379.0,51
2023-05-10 09:36:13,OP90002108,深证100ETF购12月2850,0.1793,0.0,0.0,0.0,60,0.178,0.1813,1,0.2025,0.1793,0.1793,0.1793,3.0,5379.0,51
2023-05-10 09:36:14,OP90002108,深证100ETF购12月2850,0.1793,0.0,0.0,0.0,40,0.178,0.1813,1,0.2025,0.1793,0.1793,0.1793,3.0,5379.0,51
2023-05-10 09:36:14,OP90002108,深证100ETF购12月2850,0.1793,0.0,0.0,0.0,40,0.178,0.1813,1,0.2025,0.1793,0.1793,0.1793,3.0,5379.0,51
2023-05-10 09:36:15,OP90002108,深证100ETF购12月2850,0.1793,0.0,0.0,0.0,60,0.178,0.1813,1,0.2025,0.1793,0.1793,0.1793,3.0,5379.0,51
2023-05-10 09:36:15,OP90002108,深证100ETF购12月2850,0.1793,0.0,0.0,0.0,40,0.178,0.1813,1,0.2025,0.1793,0.1793,0.1793,3.0,5379.0,51
2023-05-10 09:36:17,OP90002108,深证100ETF购12月2850,0.1793,0.0,0.0,0.0,40,0.178,0.1813,1,0.2025,0.1793,0.1793,0.1793,3.0,5379.0,51
2023-05-10 09:36:18,OP90002108,深证100ETF购12月2850,0.1793,0.0,0.0,0.0,40,0.178,0.1812,1,0.2025,0.1793,0.1793,0.1793,3.0,5379.0,51
2023-05-10 09:36:18,OP90002108,深证100ETF购12月2850,0.1793,0.0,0.0,0.0,40,0.178,0.1812,1,0.2025,0.1793,0.1793,0.1793,3.0,5379.0,51
2023-05-10 09:36:21,OP90002108,深证100ETF购12月2850,0.1793,0.0,0.0,0.0,40,0.178,0.181,10,0.2025,0.1793,0.1793,0.1793,3.0,5379.0,51
2023-05-10 09:36:21,OP90002108,深证100ETF购12月2850,0.1793,0.0,0.0,0.0,40,0.178,0.1812,1,0.2025,0.1793,0.1793,0.1793,3.0,5379.0,51
2023-05-10 09:36:22,OP90002108,深证100ETF购12月2850,0.1793,0.0,0.0,0.0,40,0.178,0.1812,1,0.2025,0.1793,0.1793,0.1793,3.0,5379.0,51
2023-05-10 09:36:22,OP90002108,深证100ETF购12月2850,0.1793,0.0,0.0,0.0,40,0.178,0.1811,10,0.2025,0.1793,0.1793,0.1793,3.0,5379.0,51
2023-05-10 09:36:23,OP90002108,深证100ETF购12月2850,0.1793,0.0,0.0,0.0,40,0.178,0.1812,1,0.2025,0.1793,0.1793,0.1793,3.0,5379.0,51
2023-05-10 09:36:23,OP90002108,深证100ETF购12月2850,0.1793,0.0,0.0,0.0,40,0.178,0.1812,1,0.2025,0.1793,0.1793,0.1793,3.0,5379.0,51
2023-05-10 09:36:24,OP90002108,深证100ETF购12月2850,0.1793,0.0,0.0,0.0,40,0.178,0.1812,1,0.2025,0.1793,0.1793,0.1793,3.0,5379.0,51
2023-05-10 09:36:25,OP90002108,深证100ETF购12月2850,0.1793,0.0,0.0,0.0,40,0.178,0.1812,1,0.2025,0.1793,0.1793,0.1793,3.0,5379.0,51
2023-05-10 09:36:27,OP90002108,深证100ETF购12月2850,0.1793,0.0,0.0,0.0,40,0.178,0.1812,1,0.2025,0.1793,0.1793,0.1793,3.0,5379.0,51
2023-05-10 09:36:28,OP90002108,深证100ETF购12月2850,0.1793,0.0,0.0,0.0,40,0.178,0.1811,1,0.2025,0.1793,0.1793,0.1793,3.0,5379.0,51
2023-05-10 09:36:29,OP90002108,深证100ETF购12月2850,0.1793,0.0,0.0,0.0,40,0.178,0.1811,1,0.2025,0.1793,0.1793,0.1793,3.0,5379.0,51
2023-05-10 09:36:30,OP90002108,深证100ETF购12月2850,0.1793,0.0,0.0,0.0,40,0.178,0.1811,1,0.2025,0.1793,0.1793,0.1793,3.0,5379.0,51
2023-05-10 09:36:30,OP90002108,深证100ETF购12月2850,0.1793,0.0,0.0,0.0,40,0.178,0.1811,1,0.2025,0.1793,0.1793,0.1793,3.0,5379.0,51
2023-05-10 09:36:31,OP90002108,深证100ETF购12月2850,0.1793,0.0,0.0,0.0,40,0.178,0.1811,1,0.2025,0.1793,0.1793,0.1793,3.0,5379.0,51
2023-05-10 09:36:32,OP90002108,深证100ETF购12月2850,0.1793,0.0,0.0,0.0,40,0.178,0.1811,1,0.2025,0.1793,0.1793,0.1793,3.0,5379.0,51
2023-05-10 09:36:32,OP90002108,深证100ETF购12月2850,0.1793,0.0,0.0,0.0,40,0.178,0.1811,11,0.2025,0.1793,0.1793,0.1793,3.0,5379.0,51
2023-05-10 09:36:33,OP90002108,深证100ETF购12月2850,0.1793,0.0,0.0,0.0,40,0.178,0.1811,1,0.2025,0.1793,0.1793,0.1793,3.0,5379.0,51
2023-05-10 09:36:33,OP90002108,深证100ETF购12月2850,0.1793,0.0,0.0,0.0,20,0.178,0.1811,1,0.2025,0.1793,0.1793,0.1793,3.0,5379.0,51
2023-05-10 09:36:34,OP90002108,深证100ETF购12月2850,0.1793,0.0,0.0,0.0,20,0.178,0.1811,1,0.2025,0.1793,0.1793,0.1793,3.0,5379.0,51
2023-05-10 09:36:34,OP90002108,深证100ETF购12月2850,0.1793,0.0,0.0,0.0,20,0.178,0.1811,1,0.2025,0.1793,0.1793,0.1793,3.0,5379.0,51
2023-05-10 09:36:35,OP90002108,深证100ETF购12月2850,0.1793,0.0,0.0,0.0,20,0.178,0.1811,1,0.2025,0.1793,0.1793,0.1793,3.0,5379.0,51
2023-05-10 09:36:35,OP90002108,深证100ETF购12月2850,0.1793,0.0,0.0,0.0,20,0.178,0.1811,1,0.2025,0.1793,0.1793,0.1793,3.0,5379.0,51
2023-05-10 09:36:36,OP90002108,深证100ETF购12月2850,0.1793,0.0,0.0,0.0,50,0.1775,0.1811,1,0.2025,0.1793,0.1793,0.1793,3.0,5379.0,51
2023-05-10 09:36:36,OP90002108,深证100ETF购12月2850,0.1793,0.0,0.0,0.0,41,0.1775,0.1811,1,0.2025,0.1793,0.1793,0.1793,3.0,5379.0,51
2023-05-10 09:36:37,OP90002108,深证100ETF购12月2850,0.1793,0.0,0.0,0.0,41,0.1775,0.1811,1,0.2025,0.1793,0.1793,0.1793,3.0,5379.0,51
2023-05-10 09:36:38,OP90002108,深证100ETF购12月2850,0.1793,0.0,0.0,0.0,41,0.1775,0.181,1,0.2025,0.1793,0.1793,0.1793,3.0,5379.0,51
2023-05-10 09:36:38,OP90002108,深证100ETF购12月2850,0.1793,0.0,0.0,0.0,41,0.1775,0.181,1,0.2025,0.1793,0.1793,0.1793,3.0,5379.0,51
2023-05-10 09:36:39,OP90002108,深证100ETF购12月2850,0.1793,0.0,0.0,0.0,41,0.1775,0.181,1,0.2025,0.1793,0.1793,0.1793,3.0,5379.0,51
2023-05-10 09:36:39,OP90002108,深证100ETF购12月2850,0.1793,0.0,0.0,0.0,41,0.1775,0.181,1,0.2025,0.1793,0.1793,0.1793,3.0,5379.0,51
2023-05-10 09:36:40,OP90002108,深证100ETF购12月2850,0.1793,0.0,0.0,0.0,20,0.1778,0.181,1,0.2025,0.1793,0.1793,0.1793,3.0,5379.0,51
2023-05-10 09:36:40,OP90002108,深证100ETF购12月2850,0.1793,0.0,0.0,0.0,20,0.1776,0.1809,10,0.2025,0.1793,0.1793,0.1793,3.0,5379.0,51
2023-05-10 09:36:41,OP90002108,深证100ETF购12月2850,0.1793,0.0,0.0,0.0,20,0.1776,0.1809,10,0.2025,0.1793,0.1793,0.1793,3.0,5379.0,51
2023-05-10 09:36:41,OP90002108,深证100ETF购12月2850,0.1793,0.0,0.0,0.0,20,0.1777,0.181,1,0.2025,0.1793,0.1793,0.1793,3.0,5379.0,51
2023-05-10 09:36:42,OP90002108,深证100ETF购12月2850,0.1793,0.0,0.0,0.0,20,0.1777,0.181,1,0.2025,0.1793,0.1793,0.1793,3.0,5379.0,51
2023-05-10 09:36:42,OP90002108,深证100ETF购12月2850,0.1793,0.0,0.0,0.0,20,0.1777,0.181,1,0.2025,0.1793,0.1793,0.1793,3.0,5379.0,51
2023-05-10 09:36:43,OP90002108,深证100ETF购12月2850,0.1793,0.0,0.0,0.0,20,0.1777,0.181,1,0.2025,0.1793,0.1793,0.1793,3.0,5379.0,51
2023-05-10 09:36:43,OP90002108,深证100ETF购12月2850,0.1793,0.0,0.0,0.0,20,0.1777,0.181,1,0.2025,0.1793,0.1793,0.1793,3.0,5379.0,51
2023-05-10 09:36:48,OP90002108,深证100ETF购12月2850,0.1793,0.0,0.0,0.0,20,0.1777,0.1809,1,0.2025,0.1793,0.1793,0.1793,3.0,5379.0,51
2023-05-10 09:36:48,OP90002108,深证100ETF购12月2850,0.1793,0.0,0.0,0.0,20,0.1777,0.1809,1,0.2025,0.1793,0.1793,0.1793,3.0,5379.0,51
2023-05-10 09:36:49,OP90002108,深证100ETF购12月2850,0.1793,0.0,0.0,0.0,20,0.1777,0.1809,1,0.2025,0.1793,0.1793,0.1793,3.0,5379.0,51
2023-05-10 09:36:50,OP90002108,深证100ETF购12月2850,0.1793,0.0,0.0,0.0,20,0.1777,0.1809,1,0.2025,0.1793,0.1793,0.1793,3.0,5379.0,51
2023-05-10 09:36:50,OP90002108,深证100ETF购12月2850,0.1793,0.0,0.0,0.0,20,0.1777,0.1809,1,0.2025,0.1793,0.1793,0.1793,3.0,5379.0,51
2023-05-10 09:36:51,OP90002108,深证100ETF购12月2850,0.1793,0.0,0.0,0.0,20,0.1777,0.1809,1,0.2025,0.1793,0.1793,0.1793,3.0,5379.0,51
2023-05-10 09:36:51,OP90002108,深证100ETF购12月2850,0.1793,0.0,0.0,0.0,20,0.1777,0.1809,1,0.2025,0.1793,0.1793,0.1793,3.0,5379.0,51
2023-05-10 09:36:52,OP90002108,深证100ETF购12月2850,0.1793,0.0,0.0,0.0,20,0.1777,0.1809,1,0.2025,0.1793,0.1793,0.1793,3.0,5379.0,51
2023-05-10 09:36:53,OP90002108,深证100ETF购12月2850,0.1793,0.0,0.0,0.0,20,0.1777,0.1809,1,0.2025,0.1793,0.1793,0.1793,3.0,5379.0,51
2023-05-10 09:36:54,OP90002108,深证100ETF购12月2850,0.1793,0.0,0.0,0.0,20,0.1777,0.1809,1,0.2025,0.1793,0.1793,0.1793,3.0,5379.0,51
2023-05-10 09:36:54,OP90002108,深证100ETF购12月2850,0.1793,0.0,0.0,0.0,20,0.1786,0.1809,1,0.2025,0.1793,0.1793,0.1793,3.0,5379.0,51
2023-05-10 09:36:55,OP90002108,深证100ETF购12月2850,0.1793,0.0,0.0,0.0,40,0.1786,0.1809,1,0.2025,0.1793,0.1793,0.1793,3.0,5379.0,51
2023-05-10 09:36:55,OP90002108,深证100ETF购12月2850,0.1793,0.0,0.0,0.0,40,0.1786,0.1809,1,0.2025,0.1793,0.1793,0.1793,3.0,5379.0,51
2023-05-10 09:36:56,OP90002108,深证100ETF购12月2850,0.1793,0.0,0.0,0.0,40,0.1786,0.1809,1,0.2025,0.1793,0.1793,0.1793,3.0,5379.0,51
2023-05-10 09:36:56,OP90002108,深证100ETF购12月2850,0.1793,0.0,0.0,0.0,40,0.1786,0.1809,1,0.2025,0.1793,0.1793,0.1793,3.0,5379.0,51
2023-05-10 09:36:57,OP90002108,深证100ETF购12月2850,0.1793,0.0,0.0,0.0,40,0.1786,0.1809,1,0.2025,0.1793,0.1793,0.1793,3.0,5379.0,51
2023-05-10 09:36:57,OP90002108,深证100ETF购12月2850,0.1793,0.0,0.0,0.0,40,0.1786,0.1809,1,0.2025,0.1793,0.1793,0.1793,3.0,5379.0,51
2023-05-10 09:36:58,OP90002108,深证100ETF购12月2850,0.1793,0.0,0.0,0.0,40,0.1786,0.1808,1,0.2025,0.1793,0.1793,0.1793,3.0,5379.0,51
2023-05-10 09:36:58,OP90002108,深证100ETF购12月2850,0.1793,0.0,0.0,0.0,40,0.1786,0.1808,1,0.2025,0.1793,0.1793,0.1793,3.0,5379.0,51
2023-05-10 09:36:59,OP90002108,深证100ETF购12月2850,0.1793,0.0,0.0,0.0,40,0.1786,0.1808,1,0.2025,0.1793,0.1793,0.1793,3.0,5379.0,51
2023-05-10 09:36:59,OP90002108,深证100ETF购12月2850,0.1793,0.0,0.0,0.0,40,0.1786,0.1808,1,0.2025,0.1793,0.1793,0.1793,3.0,5379.0,51
2023-05-10 09:37:00,OP90002108,深证100ETF购12月2850,0.1793,0.0,0.0,0.0,40,0.1786,0.1808,1,0.2025,0.1793,0.1793,0.1793,3.0,5379.0,51
2023-05-10 09:37:00,OP90002108,深证100ETF购12月2850,0.1793,0.0,0.0,0.0,40,0.1786,0.1808,1,0.2025,0.1793,0.1793,0.1793,3.0,5379.0,51
2023-05-10 09:37:01,OP90002108,深证100ETF购12月2850,0.1793,0.0,0.0,0.0,40,0.1786,0.1808,1,0.2025,0.1793,0.1793,0.1793,3.0,5379.0,51
2023-05-10 09:37:01,OP90002108,深证100ETF购12月2850,0.1793,0.0,0.0,0.0,40,0.1786,0.1808,1,0.2025,0.1793,0.1793,0.1793,3.0,5379.0,51
2023-05-10 09:37:02,OP90002108,深证100ETF购12月2850,0.1793,0.0,0.0,0.0,40,0.1786,0.1808,1,0.2025,0.1793,0.1793,0.1793,3.0,5379.0,51
2023-05-10 09:37:03,OP90002108,深证100ETF购12月2850,0.1793,0.0,0.0,0.0,40,0.1786,0.1808,1,0.2025,0.1793,0.1793,0.1793,3.0,5379.0,51
2023-05-10 09:37:03,OP90002108,深证100ETF购12月2850,0.1793,0.0,0.0,0.0,40,0.1786,0.1808,1,0.2025,0.1793,0.1793,0.1793,3.0,5379.0,51
2023-05-10 09:37:04,OP90002108,深证100ETF购12月2850,0.1793,0.0,0.0,0.0,20,0.1786,0.1808,1,0.2025,0.1793,0.1793,0.1793,3.0,5379.0,51
2023-05-10 09:37:04,OP90002108,深证100ETF购12月2850,0.1793,0.0,0.0,0.0,20,0.1778,0.1808,1,0.2025,0.1793,0.1793,0.1793,3.0,5379.0,51
2023-05-10 09:37:05,OP90002108,深证100ETF购12月2850,0.1793,0.0,0.0,0.0,20,0.1778,0.1808,1,0.2025,0.1793,0.1793,0.1793,3.0,5379.0,51
2023-05-10 09:37:05,OP90002108,深证100ETF购12月2850,0.1793,0.0,0.0,0.0,20,0.1778,0.1808,1,0.2025,0.1793,0.1793,0.1793,3.0,5379.0,51
2023-05-10 09:37:06,OP90002108,深证100ETF购12月2850,0.1793,0.0,0.0,0.0,20,0.1778,0.1808,1,0.2025,0.1793,0.1793,0.1793,3.0,5379.0,51
2023-05-10 09:37:06,OP90002108,深证100ETF购12月2850,0.1793,0.0,0.0,0.0,20,0.1778,0.1808,1,0.2025,0.1793,0.1793,0.1793,3.0,5379.0,51
2023-05-10 09:37:07,OP90002108,深证100ETF购12月2850,0.1793,0.0,0.0,0.0,20,0.1778,0.1808,1,0.2025,0.1793,0.1793,0.1793,3.0,5379.0,51
2023-05-10 09:37:07,OP90002108,深证100ETF购12月2850,0.1793,0.0,0.0,0.0,20,0.1778,0.1808,1,0.2025,0.1793,0.1793,0.1793,3.0,5379.0,51
2023-05-10 09:37:08,OP90002108,深证100ETF购12月2850,0.1793,0.0,0.0,0.0,40,0.1777,0.1808,1,0.2025,0.1793,0.1793,0.1793,3.0,5379.0,51
2023-05-10 09:37:08,OP90002108,深证100ETF购12月2850,0.1793,0.0,0.0,0.0,40,0.1777,0.1807,1,0.2025,0.1793,0.1793,0.1793,3.0,5379.0,51
2023-05-10 09:37:09,OP90002108,深证100ETF购12月2850,0.1793,0.0,0.0,0.0,40,0.1777,0.1807,1,0.2025,0.1793,0.1793,0.1793,3.0,5379.0,51
2023-05-10 09:37:09,OP90002108,深证100ETF购12月2850,0.1793,0.0,0.0,0.0,40,0.1777,0.1807,1,0.2025,0.1793,0.1793,0.1793,3.0,5379.0,51
2023-05-10 09:37:10,OP90002108,深证100ETF购12月2850,0.1793,0.0,0.0,0.0,40,0.1777,0.1807,1,0.2025,0.1793,0.1793,0.1793,3.0,5379.0,51
2023-05-10 09:37:10,OP90002108,深证100ETF购12月2850,0.1793,0.0,0.0,0.0,40,0.1777,0.1807,1,0.2025,0.1793,0.1793,0.1793,3.0,5379.0,51
2023-05-10 09:37:11,OP90002108,深证100ETF购12月2850,0.1793,0.0,0.0,0.0,20,0.1778,0.1807,1,0.2025,0.1793,0.1793,0.1793,3.0,5379.0,51
2023-05-10 09:37:11,OP90002108,深证100ETF购12月2850,0.1793,0.0,0.0,0.0,20,0.1778,0.1807,1,0.2025,0.1793,0.1793,0.1793,3.0,5379.0,51
2023-05-10 09:37:12,OP90002108,深证100ETF购12月2850,0.1793,0.0,0.0,0.0,40,0.1777,0.1807,1,0.2025,0.1793,0.1793,0.1793,3.0,5379.0,51
2023-05-10 09:37:12,OP90002108,深证100ETF购12月2850,0.1793,0.0,0.0,0.0,40,0.1777,0.1807,1,0.2025,0.1793,0.1793,0.1793,3.0,5379.0,51
2023-05-10 09:37:13,OP90002108,深证100ETF购12月2850,0.1793,0.0,0.0,0.0,40,0.1777,0.1807,1,0.2025,0.1793,0.1793,0.1793,3.0,5379.0,51
2023-05-10 09:37:13,OP90002108,深证100ETF购12月2850,0.1793,0.0,0.0,0.0,40,0.1777,0.1807,1,0.2025,0.1793,0.1793,0.1793,3.0,5379.0,51
2023-05-10 09:37:14,OP90002108,深证100ETF购12月2850,0.1793,0.0,0.0,0.0,40,0.1777,0.1807,1,0.2025,0.1793,0.1793,0.1793,3.0,5379.0,51
2023-05-10 09:37:14,OP90002108,深证100ETF购12月2850,0.1793,0.0,0.0,0.0,40,0.1777,0.1807,1,0.2025,0.1793,0.1793,0.1793,3.0,5379.0,51
2023-05-10 09:37:15,OP90002108,深证100ETF购12月2850,0.1793,0.0,0.0,0.0,40,0.1777,0.1807,1,0.2025,0.1793,0.1793,0.1793,3.0,5379.0,51
2023-05-10 09:37:15,OP90002108,深证100ETF购12月2850,0.1793,0.0,0.0,0.0,40,0.1777,0.1807,1,0.2025,0.1793,0.1793,0.1793,3.0,5379.0,51
2023-05-10 09:37:17,OP90002108,深证100ETF购12月2850,0.1793,0.0,0.0,0.0,40,0.1777,0.1807,1,0.2025,0.1793,0.1793,0.1793,3.0,5379.0,51
2023-05-10 09:37:17,OP90002108,深证100ETF购12月2850,0.1793,0.0,0.0,0.0,40,0.1777,0.1807,1,0.2025,0.1793,0.1793,0.1793,3.0,5379.0,51
2023-05-10 09:37:18,OP90002108,深证100ETF购12月2850,0.1793,0.0,0.0,0.0,40,0.1777,0.1806,1,0.2025,0.1793,0.1793,0.1793,3.0,5379.0,51
2023-05-10 09:37:19,OP90002108,深证100ETF购12月2850,0.1793,0.0,0.0,0.0,40,0.1777,0.1806,1,0.2025,0.1793,0.1793,0.1793,3.0,5379.0,51
2023-05-10 09:37:20,OP90002108,深证100ETF购12月2850,0.1793,0.0,0.0,0.0,40,0.1777,0.1806,1,0.2025,0.1793,0.1793,0.1793,3.0,5379.0,51
2023-05-10 09:37:21,OP90002108,深证100ETF购12月2850,0.1793,0.0,0.0,0.0,40,0.1777,0.1806,1,0.2025,0.1793,0.1793,0.1793,3.0,5379.0,51
2023-05-10 09:37:21,OP90002108,深证100ETF购12月2850,0.1793,0.0,0.0,0.0,40,0.1777,0.1806,1,0.2025,0.1793,0.1793,0.1793,3.0,5379.0,51
2023-05-10 09:37:22,OP90002108,深证100ETF购12月2850,0.1793,0.0,0.0,0.0,40,0.1777,0.1806,1,0.2025,0.1793,0.1793,0.1793,3.0,5379.0,51
2023-05-10 09:37:22,OP90002108,深证100ETF购12月2850,0.1793,0.0,0.0,0.0,40,0.1777,0.1806,1,0.2025,0.1793,0.1793,0.1793,3.0,5379.0,51
2023-05-10 09:37:23,OP90002108,深证100ETF购12月2850,0.1793,0.0,0.0,0.0,40,0.1777,0.1806,1,0.2025,0.1793,0.1793,0.1793,3.0,5379.0,51
2023-05-10 09:37:23,OP90002108,深证100ETF购12月2850,0.1793,0.0,0.0,0.0,40,0.1777,0.1806,1,0.2025,0.1793,0.1793,0.1793,3.0,5379.0,51
2023-05-10 09:37:24,OP90002108,深证100ETF购12月2850,0.1793,0.0,0.0,0.0,40,0.1777,0.1806,1,0.2025,0.1793,0.1793,0.1793,3.0,5379.0,51
2023-05-10 09:37:25,OP90002108,深证100ETF购12月2850,0.1793,0.0,0.0,0.0,40,0.1777,0.1806,1,0.2025,0.1793,0.1793,0.1793,3.0,5379.0,51
2023-05-10 09:37:25,OP90002108,深证100ETF购12月2850,0.1793,0.0,0.0,0.0,40,0.1777,0.1806,1,0.2025,0.1793,0.1793,0.1793,3.0,5379.0,51
2023-05-10 09:37:27,OP90002108,深证100ETF购12月2850,0.1793,0.0,0.0,0.0,40,0.1777,0.1806,1,0.2025,0.1793,0.1793,0.1793,3.0,5379.0,51
2023-05-10 09:37:28,OP90002108,深证100ETF购12月2850,0.1793,0.0,0.0,0.0,40,0.1777,0.1806,1,0.2025,0.1793,0.1793,0.1793,3.0,5379.0,51
2023-05-10 09:37:28,OP90002108,深证100ETF购12月2850,0.1793,0.0,0.0,0.0,40,0.1777,0.1805,1,0.2025,0.1793,0.1793,0.1793,3.0,5379.0,51
2023-05-10 09:37:29,OP90002108,深证100ETF购12月2850,0.1793,0.0,0.0,0.0,40,0.1777,0.1805,1,0.2025,0.1793,0.1793,0.1793,3.0,5379.0,51
2023-05-10 09:37:29,OP90002108,深证100ETF购12月2850,0.1793,0.0,0.0,0.0,40,0.1777,0.1805,1,0.2025,0.1793,0.1793,0.1793,3.0,5379.0,51
2023-05-10 09:37:30,OP90002108,深证100ETF购12月2850,0.1793,0.0,0.0,0.0,40,0.1777,0.1805,1,0.2025,0.1793,0.1793,0.1793,3.0,5379.0,51
2023-05-10 09:37:31,OP90002108,深证100ETF购12月2850,0.1793,0.0,0.0,0.0,40,0.1777,0.1805,1,0.2025,0.1793,0.1793,0.1793,3.0,5379.0,51
2023-05-10 09:37:32,OP90002108,深证100ETF购12月2850,0.1793,0.0,0.0,0.0,40,0.1777,0.1805,1,0.2025,0.1793,0.1793,0.1793,3.0,5379.0,51
2023-05-10 09:37:34,OP90002108,深证100ETF购12月2850,0.1793,0.0,0.0,0.0,40,0.1777,0.1805,1,0.2025,0.1793,0.1793,0.1793,3.0,5379.0,51
2023-05-10 09:37:36,OP90002108,深证100ETF购12月2850,0.1793,0.0,0.0,0.0,40,0.1777,0.1805,1,0.2025,0.1793,0.1793,0.1793,3.0,5379.0,51
2023-05-10 09:37:36,OP90002108,深证100ETF购12月2850,0.1793,0.0,0.0,0.0,40,0.1777,0.1805,1,0.2025,0.1793,0.1793,0.1793,3.0,5379.0,51
2023-05-10 09:37:38,OP90002108,深证100ETF购12月2850,0.1793,0.0,0.0,0.0,20,0.1777,0.1805,1,0.2025,0.1793,0.1793,0.1793,3.0,5379.0,51
2023-05-10 09:37:38,OP90002108,深证100ETF购12月2850,0.1793,0.0,0.0,0.0,20,0.1777,0.1804,1,0.2025,0.1793,0.1793,0.1793,3.0,5379.0,51
2023-05-10 09:37:39,OP90002108,深证100ETF购12月2850,0.1793,0.0,0.0,0.0,20,0.1777,0.1804,1,0.2025,0.1793,0.1793,0.1793,3.0,5379.0,51
2023-05-10 09:37:40,OP90002108,深证100ETF购12月2850,0.1793,0.0,0.0,0.0,20,0.1777,0.1804,1,0.2025,0.1793,0.1793,0.1793,3.0,5379.0,51
2023-05-10 09:37:40,OP90002108,深证100ETF购12月2850,0.1793,0.0,0.0,0.0,40,0.1771,0.1804,1,0.2025,0.1793,0.1793,0.1793,3.0,5379.0,51
2023-05-10 09:37:41,OP90002108,深证100ETF购12月2850,0.1793,0.0,0.0,0.0,41,0.1771,0.1804,1,0.2025,0.1793,0.1793,0.1793,3.0,5379.0,51
2023-05-10 09:37:41,OP90002108,深证100ETF购12月2850,0.1793,0.0,0.0,0.0,20,0.1771,0.1804,1,0.2025,0.1793,0.1793,0.1793,3.0,5379.0,51
2023-05-10 09:37:42,OP90002108,深证100ETF购12月2850,0.1793,0.0,0.0,0.0,20,0.1771,0.1804,1,0.2025,0.1793,0.1793,0.1793,3.0,5379.0,51
2023-05-10 09:37:42,OP90002108,深证100ETF购12月2850,0.1793,0.0,0.0,0.0,20,0.1771,0.1804,1,0.2025,0.1793,0.1793,0.1793,3.0,5379.0,51
2023-05-10 09:37:43,OP90002108,深证100ETF购12月2850,0.1793,0.0,0.0,0.0,20,0.1771,0.1804,1,0.2025,0.1793,0.1793,0.1793,3.0,5379.0,51
2023-05-10 09:37:43,OP90002108,深证100ETF购12月2850,0.1793,0.0,0.0,0.0,20,0.1771,0.1804,1,0.2025,0.1793,0.1793,0.1793,3.0,5379.0,51
2023-05-10 09:37:44,OP90002108,深证100ETF购12月2850,0.1793,0.0,0.0,0.0,20,0.1771,0.1804,1,0.2025,0.1793,0.1793,0.1793,3.0,5379.0,51
2023-05-10 09:37:44,OP90002108,深证100ETF购12月2850,0.1793,0.0,0.0,0.0,20,0.1771,0.1804,1,0.2025,0.1793,0.1793,0.1793,3.0,5379.0,51
2023-05-10 09:37:45,OP90002108,深证100ETF购12月2850,0.1793,0.0,0.0,0.0,20,0.1771,0.1804,1,0.2025,0.1793,0.1793,0.1793,3.0,5379.0,51
2023-05-10 09:37:45,OP90002108,深证100ETF购12月2850,0.1793,0.0,0.0,0.0,20,0.1771,0.1804,1,0.2025,0.1793,0.1793,0.1793,3.0,5379.0,51
2023-05-10 09:37:46,OP90002108,深证100ETF购12月2850,0.1793,0.0,0.0,0.0,20,0.1771,0.1804,1,0.2025,0.1793,0.1793,0.1793,3.0,5379.0,51
2023-05-10 09:37:48,OP90002108,深证100ETF购12月2850,0.1793,0.0,0.0,0.0,20,0.1771,0.1803,1,0.2025,0.1793,0.1793,0.1793,3.0,5379.0,51
2023-05-10 09:37:51,OP90002108,深证100ETF购12月2850,0.1793,0.0,0.0,0.0,1,0.177,0.1803,1,0.2025,0.1793,0.1793,0.1793,3.0,5379.0,51
2023-05-10 09:37:53,OP90002108,深证100ETF购12月2850,0.1793,0.0,0.0,0.0,1,0.177,0.1803,1,0.2025,0.1793,0.1793,0.1793,3.0,5379.0,51
2023-05-10 09:37:55,OP90002108,深证100ETF购12月2850,0.1793,0.0,0.0,0.0,21,0.1768,0.1803,1,0.2025,0.1793,0.1793,0.1793,3.0,5379.0,51
2023-05-10 09:37:58,OP90002108,深证100ETF购12月2850,0.1793,0.0,0.0,0.0,21,0.1768,0.1802,1,0.2025,0.1793,0.1793,0.1793,3.0,5379.0,51
2023-05-10 09:37:59,OP90002108,深证100ETF购12月2850,0.1793,0.0,0.0,0.0,21,0.1768,0.1802,1,0.2025,0.1793,0.1793,0.1793,3.0,5379.0,51
2023-05-10 09:37:59,OP90002108,深证100ETF购12月2850,0.1793,0.0,0.0,0.0,21,0.1768,0.1802,1,0.2025,0.1793,0.1793,0.1793,3.0,5379.0,51
2023-05-10 09:38:00,OP90002108,深证100ETF购12月2850,0.1793,0.0,0.0,0.0,21,0.1768,0.1802,1,0.2025,0.1793,0.1793,0.1793,3.0,5379.0,51
2023-05-10 09:38:02,OP90002108,深证100ETF购12月2850,0.1793,0.0,0.0,0.0,21,0.1768,0.1802,1,0.2025,0.1793,0.1793,0.1793,3.0,5379.0,51
2023-05-10 09:38:02,OP90002108,深证100ETF购12月2850,0.1793,0.0,0.0,0.0,21,0.1768,0.1802,1,0.2025,0.1793,0.1793,0.1793,3.0,5379.0,51
2023-05-10 09:38:03,OP90002108,深证100ETF购12月2850,0.1793,0.0,0.0,0.0,21,0.1768,0.1802,1,0.2025,0.1793,0.1793,0.1793,3.0,5379.0,51
2023-05-10 09:38:04,OP90002108,深证100ETF购12月2850,0.1793,0.0,0.0,0.0,21,0.1768,0.1802,1,0.2025,0.1793,0.1793,0.1793,3.0,5379.0,51
2023-05-10 09:38:04,OP90002108,深证100ETF购12月2850,0.1793,0.0,0.0,0.0,21,0.1768,0.1802,1,0.2025,0.1793,0.1793,0.1793,3.0,5379.0,51
2023-05-10 09:38:06,OP90002108,深证100ETF购12月2850,0.1793,0.0,0.0,0.0,21,0.1768,0.1802,1,0.2025,0.1793,0.1793,0.1793,3.0,5379.0,51
2023-05-10 09:38:06,OP90002108,深证100ETF购12月2850,0.1793,0.0,0.0,0.0,21,0.1768,0.1802,1,0.2025,0.1793,0.1793,0.1793,3.0,5379.0,51
2023-05-10 09:38:07,OP90002108,深证100ETF购12月2850,0.1793,0.0,0.0,0.0,21,0.1768,0.1802,1,0.2025,0.1793,0.1793,0.1793,3.0,5379.0,51
2023-05-10 09:38:07,OP90002108,深证100ETF购12月2850,0.1793,0.0,0.0,0.0,1,0.1769,0.1802,1,0.2025,0.1793,0.1793,0.1793,3.0,5379.0,51
2023-05-10 09:38:08,OP90002108,深证100ETF购12月2850,0.1793,0.0,0.0,0.0,1,0.1769,0.1802,1,0.2025,0.1793,0.1793,0.1793,3.0,5379.0,51
2023-05-10 09:38:08,OP90002108,深证100ETF购12月2850,0.1793,0.0,0.0,0.0,1,0.1769,0.1801,1,0.2025,0.1793,0.1793,0.1793,3.0,5379.0,51
2023-05-10 09:38:09,OP90002108,深证100ETF购12月2850,0.1793,0.0,0.0,0.0,1,0.1769,0.1801,1,0.2025,0.1793,0.1793,0.1793,3.0,5379.0,51
2023-05-10 09:38:09,OP90002108,深证100ETF购12月2850,0.1793,0.0,0.0,0.0,1,0.1769,0.1801,1,0.2025,0.1793,0.1793,0.1793,3.0,5379.0,51
2023-05-10 09:38:10,OP90002108,深证100ETF购12月2850,0.1793,0.0,0.0,0.0,20,0.1771,0.1801,1,0.2025,0.1793,0.1793,0.1793,3.0,5379.0,51
2023-05-10 09:38:10,OP90002108,深证100ETF购12月2850,0.1793,0.0,0.0,0.0,20,0.1771,0.1801,1,0.2025,0.1793,0.1793,0.1793,3.0,5379.0,51
2023-05-10 09:38:11,OP90002108,深证100ETF购12月2850,0.1793,0.0,0.0,0.0,20,0.1771,0.1801,1,0.2025,0.1793,0.1793,0.1793,3.0,5379.0,51
2023-05-10 09:38:11,OP90002108,深证100ETF购12月2850,0.1793,0.0,0.0,0.0,20,0.1774,0.1801,1,0.2025,0.1793,0.1793,0.1793,3.0,5379.0,51
2023-05-10 09:38:12,OP90002108,深证100ETF购12月2850,0.1793,0.0,0.0,0.0,20,0.1774,0.1801,1,0.2025,0.1793,0.1793,0.1793,3.0,5379.0,51
2023-05-10 09:38:13,OP90002108,深证100ETF购12月2850,0.1793,0.0,0.0,0.0,20,0.1774,0.1801,1,0.2025,0.1793,0.1793,0.1793,3.0,5379.0,51
2023-05-10 09:38:13,OP90002108,深证100ETF购12月2850,0.1793,0.0,0.0,0.0,20,0.1774,0.1801,1,0.2025,0.1793,0.1793,0.1793,3.0,5379.0,51
2023-05-10 09:38:14,OP90002108,深证100ETF购12月2850,0.1793,0.0,0.0,0.0,20,0.1774,0.1801,1,0.2025,0.1793,0.1793,0.1793,3.0,5379.0,51
2023-05-10 09:38:15,OP90002108,深证100ETF购12月2850,0.1793,0.0,0.0,0.0,20,0.1774,0.1801,1,0.2025,0.1793,0.1793,0.1793,3.0,5379.0,51
2023-05-10 09:38:16,OP90002108,深证100ETF购12月2850,0.1793,0.0,0.0,0.0,20,0.1774,0.1801,1,0.2025,0.1793,0.1793,0.1793,3.0,5379.0,51
2023-05-10 09:38:16,OP90002108,深证100ETF购12月2850,0.1793,0.0,0.0,0.0,20,0.1774,0.1801,1,0.2025,0.1793,0.1793,0.1793,3.0,5379.0,51
2023-05-10 09:38:17,OP90002108,深证100ETF购12月2850,0.1793,0.0,0.0,0.0,20,0.1774,0.1801,1,0.2025,0.1793,0.1793,0.1793,3.0,5379.0,51
2023-05-10 09:38:17,OP90002108,深证100ETF购12月2850,0.1793,0.0,0.0,0.0,20,0.1774,0.1801,1,0.2025,0.1793,0.1793,0.1793,3.0,5379.0,51
2023-05-10 09:38:19,OP90002108,深证100ETF购12月2850,0.1793,0.0,0.0,0.0,20,0.1774,0.1801,1,0.2025,0.1793,0.1793,0.1793,3.0,5379.0,51
2023-05-10 09:38:20,OP90002108,深证100ETF购12月2850,0.1793,0.0,0.0,0.0,20,0.1774,0.1801,1,0.2025,0.1793,0.1793,0.1793,3.0,5379.0,51
2023-05-10 09:38:21,OP90002108,深证100ETF购12月2850,0.1793,0.0,0.0,0.0,20,0.1774,0.1801,1,0.2025,0.1793,0.1793,0.1793,3.0,5379.0,51
2023-05-10 09:38:21,OP90002108,深证100ETF购12月2850,0.1793,0.0,0.0,0.0,20,0.1774,0.1801,1,0.2025,0.1793,0.1793,0.1793,3.0,5379.0,51
2023-05-10 09:38:22,OP90002108,深证100ETF购12月2850,0.1793,0.0,0.0,0.0,20,0.1774,0.1801,1,0.2025,0.1793,0.1793,0.1793,3.0,5379.0,51
2023-05-10 09:38:29,OP90002108,深证100ETF购12月2850,0.1793,0.0,0.0,0.0,20,0.1774,0.1801,1,0.2025,0.1793,0.1793,0.1793,3.0,5379.0,51
2023-05-10 09:38:30,OP90002108,深证100ETF购12月2850,0.1793,0.0,0.0,0.0,20,0.1774,0.1801,1,0.2025,0.1793,0.1793,0.1793,3.0,5379.0,51
2023-05-10 09:38:32,OP90002108,深证100ETF购12月2850,0.1793,0.0,0.0,0.0,20,0.1774,0.18,1,0.2025,0.1793,0.1793,0.1793,3.0,5379.0,51
2023-05-10 09:38:33,OP90002108,深证100ETF购12月2850,0.1793,0.0,0.0,0.0,20,0.1774,0.18,1,0.2025,0.1793,0.1793,0.1793,3.0,5379.0,51
2023-05-10 09:38:33,OP90002108,深证100ETF购12月2850,0.1793,0.0,0.0,0.0,20,0.1774,0.18,1,0.2025,0.1793,0.1793,0.1793,3.0,5379.0,51
2023-05-10 09:38:34,OP90002108,深证100ETF购12月2850,0.1793,0.0,0.0,0.0,20,0.1774,0.18,1,0.2025,0.1793,0.1793,0.1793,3.0,5379.0,51
2023-05-10 09:38:37,OP90002108,深证100ETF购12月2850,0.1793,0.0,0.0,0.0,20,0.1774,0.18,1,0.2025,0.1793,0.1793,0.1793,3.0,5379.0,51
2023-05-10 09:38:38,OP90002108,深证100ETF购12月2850,0.1793,0.0,0.0,0.0,21,0.1774,0.18,1,0.2025,0.1793,0.1793,0.1793,3.0,5379.0,51
2023-05-10 09:38:39,OP90002108,深证100ETF购12月2850,0.1793,0.0,0.0,0.0,21,0.1774,0.18,1,0.2025,0.1793,0.1793,0.1793,3.0,5379.0,51
2023-05-10 09:38:39,OP90002108,深证100ETF购12月2850,0.1793,0.0,0.0,0.0,21,0.1774,0.18,1,0.2025,0.1793,0.1793,0.1793,3.0,5379.0,51
2023-05-10 09:38:40,OP90002108,深证100ETF购12月2850,0.1793,0.0,0.0,0.0,21,0.1774,0.18,1,0.2025,0.1793,0.1793,0.1793,3.0,5379.0,51
2023-05-10 09:38:43,OP90002108,深证100ETF购12月2850,0.1793,0.0,0.0,0.0,21,0.1774,0.18,1,0.2025,0.1793,0.1793,0.1793,3.0,5379.0,51
2023-05-10 09:38:43,OP90002108,深证100ETF购12月2850,0.1793,0.0,0.0,0.0,21,0.1774,0.18,1,0.2025,0.1793,0.1793,0.1793,3.0,5379.0,51
2023-05-10 09:38:45,OP90002108,深证100ETF购12月2850,0.1793,0.0,0.0,0.0,21,0.1774,0.18,1,0.2025,0.1793,0.1793,0.1793,3.0,5379.0,51
2023-05-10 09:38:45,OP90002108,深证100ETF购12月2850,0.1793,0.0,0.0,0.0,41,0.1774,0.18,1,0.2025,0.1793,0.1793,0.1793,3.0,5379.0,51
2023-05-10 09:38:48,OP90002108,深证100ETF购12月2850,0.1793,0.0,0.0,0.0,41,0.1774,0.18,1,0.2025,0.1793,0.1793,0.1793,3.0,5379.0,51
2023-05-10 09:38:48,OP90002108,深证100ETF购12月2850,0.1793,0.0,0.0,0.0,41,0.1774,0.18,1,0.2025,0.1793,0.1793,0.1793,3.0,5379.0,51
2023-05-10 09:38:49,OP90002108,深证100ETF购12月2850,0.1793,0.0,0.0,0.0,21,0.1774,0.18,1,0.2025,0.1793,0.1793,0.1793,3.0,5379.0,51
2023-05-10 09:38:50,OP90002108,深证100ETF购12月2850,0.1793,0.0,0.0,0.0,21,0.1774,0.18,1,0.2025,0.1793,0.1793,0.1793,3.0,5379.0,51
2023-05-10 09:38:50,OP90002108,深证100ETF购12月2850,0.1793,0.0,0.0,0.0,20,0.1774,0.18,1,0.2025,0.1793,0.1793,0.1793,3.0,5379.0,51
2023-05-10 09:38:51,OP90002108,深证100ETF购12月2850,0.1793,0.0,0.0,0.0,20,0.1774,0.1799,1,0.2025,0.1793,0.1793,0.1793,3.0,5379.0,51
2023-05-10 09:38:53,OP90002108,深证100ETF购12月2850,0.1793,0.0,0.0,0.0,20,0.1774,0.1799,1,0.2025,0.1793,0.1793,0.1793,3.0,5379.0,51
2023-05-10 09:38:53,OP90002108,深证100ETF购12月2850,0.1793,0.0,0.0,0.0,20,0.1774,0.1799,1,0.2025,0.1793,0.1793,0.1793,3.0,5379.0,51
2023-05-10 09:38:55,OP90002108,深证100ETF购12月2850,0.1793,0.0,0.0,0.0,20,0.1774,0.1799,1,0.2025,0.1793,0.1793,0.1793,3.0,5379.0,51
2023-05-10 09:38:57,OP90002108,深证100ETF购12月2850,0.1793,0.0,0.0,0.0,20,0.1774,0.1799,1,0.2025,0.1793,0.1793,0.1793,3.0,5379.0,51
2023-05-10 09:38:58,OP90002108,深证100ETF购12月2850,0.1793,0.0,0.0,0.0,20,0.1774,0.1799,1,0.2025,0.1793,0.1793,0.1793,3.0,5379.0,51
2023-05-10 09:39:00,OP90002108,深证100ETF购12月2850,0.1793,0.0,0.0,0.0,20,0.1774,0.1799,1,0.2025,0.1793,0.1793,0.1793,3.0,5379.0,51
2023-05-10 09:39:02,OP90002108,深证100ETF购12月2850,0.1793,0.0,0.0,0.0,20,0.1774,0.1799,1,0.2025,0.1793,0.1793,0.1793,3.0,5379.0,51
2023-05-10 09:39:03,OP90002108,深证100ETF购12月2850,0.1793,0.0,0.0,0.0,20,0.1774,0.1799,1,0.2025,0.1793,0.1793,0.1793,3.0,5379.0,51
2023-05-10 09:39:03,OP90002108,深证100ETF购12月2850,0.1793,0.0,0.0,0.0,20,0.1774,0.1799,1,0.2025,0.1793,0.1793,0.1793,3.0,5379.0,51
2023-05-10 09:39:05,OP90002108,深证100ETF购12月2850,0.1793,0.0,0.0,0.0,20,0.1774,0.1799,1,0.2025,0.1793,0.1793,0.1793,3.0,5379.0,51
2023-05-10 09:39:05,OP90002108,深证100ETF购12月2850,0.1793,0.0,0.0,0.0,20,0.1774,0.1798,1,0.2025,0.1793,0.1793,0.1793,3.0,5379.0,51
2023-05-10 09:39:06,OP90002108,深证100ETF购12月2850,0.1793,0.0,0.0,0.0,20,0.1774,0.1798,1,0.2025,0.1793,0.1793,0.1793,3.0,5379.0,51
2023-05-10 09:39:07,OP90002108,深证100ETF购12月2850,0.1793,0.0,0.0,0.0,20,0.1774,0.1798,1,0.2025,0.1793,0.1793,0.1793,3.0,5379.0,51
2023-05-10 09:39:08,OP90002108,深证100ETF购12月2850,0.1793,0.0,0.0,0.0,20,0.1774,0.1798,1,0.2025,0.1793,0.1793,0.1793,3.0,5379.0,51
2023-05-10 09:39:08,OP90002108,深证100ETF购12月2850,0.1793,0.0,0.0,0.0,20,0.1774,0.1798,1,0.2025,0.1793,0.1793,0.1793,3.0,5379.0,51
2023-05-10 09:39:09,OP90002108,深证100ETF购12月2850,0.1793,0.0,0.0,0.0,20,0.1775,0.1798,1,0.2025,0.1793,0.1793,0.1793,3.0,5379.0,51
2023-05-10 09:39:09,OP90002108,深证100ETF购12月2850,0.1793,0.0,0.0,0.0,20,0.1775,0.1798,1,0.2025,0.1793,0.1793,0.1793,3.0,5379.0,51
2023-05-10 09:39:10,OP90002108,深证100ETF购12月2850,0.1793,0.0,0.0,0.0,20,0.1775,0.1798,1,0.2025,0.1793,0.1793,0.1793,3.0,5379.0,51
2023-05-10 09:39:11,OP90002108,深证100ETF购12月2850,0.1793,0.0,0.0,0.0,20,0.1775,0.1798,1,0.2025,0.1793,0.1793,0.1793,3.0,5379.0,51
2023-05-10 09:39:11,OP90002108,深证100ETF购12月2850,0.1793,0.0,0.0,0.0,20,0.1775,0.1798,1,0.2025,0.1793,0.1793,0.1793,3.0,5379.0,51
2023-05-10 09:39:12,OP90002108,深证100ETF购12月2850,0.1793,0.0,0.0,0.0,20,0.1775,0.1798,1,0.2025,0.1793,0.1793,0.1793,3.0,5379.0,51
2023-05-10 09:39:13,OP90002108,深证100ETF购12月2850,0.1793,0.0,0.0,0.0,20,0.1775,0.1798,1,0.2025,0.1793,0.1793,0.1793,3.0,5379.0,51
2023-05-10 09:39:15,OP90002108,深证100ETF购12月2850,0.1793,0.0,0.0,0.0,20,0.1775,0.1798,1,0.2025,0.1793,0.1793,0.1793,3.0,5379.0,51
2023-05-10 09:39:16,OP90002108,深证100ETF购12月2850,0.1793,0.0,0.0,0.0,20,0.1775,0.1798,1,0.2025,0.1793,0.1793,0.1793,3.0,5379.0,51
2023-05-10 09:39:17,OP90002108,深证100ETF购12月2850,0.1793,0.0,0.0,0.0,20,0.1775,0.1798,1,0.2025,0.1793,0.1793,0.1793,3.0,5379.0,51
2023-05-10 09:39:17,OP90002108,深证100ETF购12月2850,0.1793,0.0,0.0,0.0,20,0.1775,0.1798,1,0.2025,0.1793,0.1793,0.1793,3.0,5379.0,51
2023-05-10 09:39:18,OP90002108,深证100ETF购12月2850,0.1793,0.0,0.0,0.0,20,0.1775,0.1798,1,0.2025,0.1793,0.1793,0.1793,3.0,5379.0,51
2023-05-10 09:39:18,OP90002108,深证100ETF购12月2850,0.1793,0.0,0.0,0.0,20,0.1775,0.1798,1,0.2025,0.1793,0.1793,0.1793,3.0,5379.0,51
2023-05-10 09:39:19,OP90002108,深证100ETF购12月2850,0.1793,0.0,0.0,0.0,20,0.1775,0.1798,1,0.2025,0.1793,0.1793,0.1793,3.0,5379.0,51
2023-05-10 09:39:19,OP90002108,深证100ETF购12月2850,0.1793,0.0,0.0,0.0,20,0.1775,0.1798,1,0.2025,0.1793,0.1793,0.1793,3.0,5379.0,51
2023-05-10 09:39:20,OP90002108,深证100ETF购12月2850,0.1793,0.0,0.0,0.0,41,0.1771,0.1798,1,0.2025,0.1793,0.1793,0.1793,3.0,5379.0,51
2023-05-10 09:39:20,OP90002108,深证100ETF购12月2850,0.1793,0.0,0.0,0.0,41,0.1771,0.1798,1,0.2025,0.1793,0.1793,0.1793,3.0,5379.0,51
2023-05-10 09:39:21,OP90002108,深证100ETF购12月2850,0.1793,0.0,0.0,0.0,21,0.1771,0.1798,1,0.2025,0.1793,0.1793,0.1793,3.0,5379.0,51
2023-05-10 09:39:21,OP90002108,深证100ETF购12月2850,0.1793,0.0,0.0,0.0,21,0.1771,0.1798,1,0.2025,0.1793,0.1793,0.1793,3.0,5379.0,51
2023-05-10 09:39:22,OP90002108,深证100ETF购12月2850,0.1793,0.0,0.0,0.0,21,0.1771,0.1797,1,0.2025,0.1793,0.1793,0.1793,3.0,5379.0,51
2023-05-10 09:39:22,OP90002108,深证100ETF购12月2850,0.1793,0.0,0.0,0.0,21,0.1771,0.1797,1,0.2025,0.1793,0.1793,0.1793,3.0,5379.0,51
2023-05-10 09:39:23,OP90002108,深证100ETF购12月2850,0.1793,0.0,0.0,0.0,21,0.1771,0.1797,1,0.2025,0.1793,0.1793,0.1793,3.0,5379.0,51
2023-05-10 09:39:23,OP90002108,深证100ETF购12月2850,0.1793,0.0,0.0,0.0,20,0.1771,0.1797,1,0.2025,0.1793,0.1793,0.1793,3.0,5379.0,51
2023-05-10 09:39:24,OP90002108,深证100ETF购12月2850,0.1793,0.0,0.0,0.0,20,0.1771,0.1797,1,0.2025,0.1793,0.1793,0.1793,3.0,5379.0,51
2023-05-10 09:39:24,OP90002108,深证100ETF购12月2850,0.1793,0.0,0.0,0.0,20,0.1771,0.1797,1,0.2025,0.1793,0.1793,0.1793,3.0,5379.0,51
2023-05-10 09:39:25,OP90002108,深证100ETF购12月2850,0.1793,0.0,0.0,0.0,20,0.1771,0.1797,1,0.2025,0.1793,0.1793,0.1793,3.0,5379.0,51
2023-05-10 09:39:27,OP90002108,深证100ETF购12月2850,0.1793,0.0,0.0,0.0,20,0.1767,0.1797,1,0.2025,0.1793,0.1793,0.1793,3.0,5379.0,51
2023-05-10 09:39:28,OP90002108,深证100ETF购12月2850,0.1793,0.0,0.0,0.0,20,0.1767,0.1797,1,0.2025,0.1793,0.1793,0.1793,3.0,5379.0,51
2023-05-10 09:39:28,OP90002108,深证100ETF购12月2850,0.1793,0.0,0.0,0.0,20,0.1767,0.1797,1,0.2025,0.1793,0.1793,0.1793,3.0,5379.0,51
2023-05-10 09:39:31,OP90002108,深证100ETF购12月2850,0.1793,0.0,0.0,0.0,20,0.1771,0.1797,1,0.2025,0.1793,0.1793,0.1793,3.0,5379.0,51
2023-05-10 09:39:32,OP90002108,深证100ETF购12月2850,0.1793,0.0,0.0,0.0,20,0.1771,0.1797,1,0.2025,0.1793,0.1793,0.1793,3.0,5379.0,51
2023-05-10 09:39:32,OP90002108,深证100ETF购12月2850,0.1793,0.0,0.0,0.0,20,0.1771,0.1796,1,0.2025,0.1793,0.1793,0.1793,3.0,5379.0,51
2023-05-10 09:39:34,OP90002108,深证100ETF购12月2850,0.1793,0.0,0.0,0.0,20,0.1767,0.1796,1,0.2025,0.1793,0.1793,0.1793,3.0,5379.0,51
2023-05-10 09:39:35,OP90002108,深证100ETF购12月2850,0.1793,0.0,0.0,0.0,21,0.1767,0.1796,1,0.2025,0.1793,0.1793,0.1793,3.0,5379.0,51
2023-05-10 09:39:38,OP90002108,深证100ETF购12月2850,0.1793,0.0,0.0,0.0,20,0.1771,0.1796,1,0.2025,0.1793,0.1793,0.1793,3.0,5379.0,51
2023-05-10 09:39:38,OP90002108,深证100ETF购12月2850,0.1793,0.0,0.0,0.0,20,0.1771,0.1796,1,0.2025,0.1793,0.1793,0.1793,3.0,5379.0,51
2023-05-10 09:39:39,OP90002108,深证100ETF购12月2850,0.1793,0.0,0.0,0.0,20,0.1771,0.1796,1,0.2025,0.1793,0.1793,0.1793,3.0,5379.0,51
2023-05-10 09:39:39,OP90002108,深证100ETF购12月2850,0.1793,0.0,0.0,0.0,20,0.1771,0.1796,1,0.2025,0.1793,0.1793,0.1793,3.0,5379.0,51
2023-05-10 09:39:40,OP90002108,深证100ETF购12月2850,0.1793,0.0,0.0,0.0,20,0.1771,0.1796,1,0.2025,0.1793,0.1793,0.1793,3.0,5379.0,51
2023-05-10 09:39:45,OP90002108,深证100ETF购12月2850,0.1793,0.0,0.0,0.0,20,0.1771,0.1796,1,0.2025,0.1793,0.1793,0.1793,3.0,5379.0,51
2023-05-10 09:39:45,OP90002108,深证100ETF购12月2850,0.1793,0.0,0.0,0.0,20,0.1771,0.1796,1,0.2025,0.1793,0.1793,0.1793,3.0,5379.0,51
2023-05-10 09:39:49,OP90002108,深证100ETF购12月2850,0.1793,0.0,0.0,0.0,20,0.1771,0.1796,1,0.2025,0.1793,0.1793,0.1793,3.0,5379.0,51
2023-05-10 09:39:50,OP90002108,深证100ETF购12月2850,0.1793,0.0,0.0,0.0,20,0.1771,0.1795,1,0.2025,0.1793,0.1793,0.1793,3.0,5379.0,51
2023-05-10 09:39:51,OP90002108,深证100ETF购12月2850,0.1793,0.0,0.0,0.0,20,0.1771,0.1795,1,0.2025,0.1793,0.1793,0.1793,3.0,5379.0,51
2023-05-10 09:39:51,OP90002108,深证100ETF购12月2850,0.1793,0.0,0.0,0.0,20,0.1771,0.1795,1,0.2025,0.1793,0.1793,0.1793,3.0,5379.0,51
2023-05-10 09:39:52,OP90002108,深证100ETF购12月2850,0.1793,0.0,0.0,0.0,20,0.1771,0.1795,1,0.2025,0.1793,0.1793,0.1793,3.0,5379.0,51
2023-05-10 09:39:52,OP90002108,深证100ETF购12月2850,0.1793,0.0,0.0,0.0,20,0.1771,0.1795,1,0.2025,0.1793,0.1793,0.1793,3.0,5379.0,51
2023-05-10 09:39:53,OP90002108,深证100ETF购12月2850,0.1793,0.0,0.0,0.0,21,0.1769,0.1795,1,0.2025,0.1793,0.1793,0.1793,3.0,5379.0,51
2023-05-10 09:39:53,OP90002108,深证100ETF购12月2850,0.1793,0.0,0.0,0.0,20,0.1769,0.1795,1,0.2025,0.1793,0.1793,0.1793,3.0,5379.0,51
2023-05-10 09:39:54,OP90002108,深证100ETF购12月2850,0.1793,0.0,0.0,0.0,20,0.1769,0.1795,1,0.2025,0.1793,0.1793,0.1793,3.0,5379.0,51
2023-05-10 09:39:54,OP90002108,深证100ETF购12月2850,0.1793,0.0,0.0,0.0,20,0.1769,0.1795,1,0.2025,0.1793,0.1793,0.1793,3.0,5379.0,51
2023-05-10 09:39:55,OP90002108,深证100ETF购12月2850,0.1793,0.0,0.0,0.0,20,0.1773,0.1795,1,0.2025,0.1793,0.1793,0.1793,3.0,5379.0,51
2023-05-10 09:39:56,OP90002108,深证100ETF购12月2850,0.1793,0.0,0.0,0.0,20,0.1777,0.1795,1,0.2025,0.1793,0.1793,0.1793,3.0,5379.0,51
2023-05-10 09:39:56,OP90002108,深证100ETF购12月2850,0.1793,0.0,0.0,0.0,20,0.1777,0.1795,1,0.2025,0.1793,0.1793,0.1793,3.0,5379.0,51
2023-05-10 09:39:58,OP90002108,深证100ETF购12月2850,0.1793,0.0,0.0,0.0,20,0.1777,0.1795,1,0.2025,0.1793,0.1793,0.1793,3.0,5379.0,51
2023-05-10 09:39:58,OP90002108,深证100ETF购12月2850,0.1793,0.0,0.0,0.0,21,0.1767,0.1795,1,0.2025,0.1793,0.1793,0.1793,3.0,5379.0,51
2023-05-10 09:39:59,OP90002108,深证100ETF购12月2850,0.1793,0.0,0.0,0.0,21,0.1767,0.1795,1,0.2025,0.1793,0.1793,0.1793,3.0,5379.0,51
2023-05-10 09:39:59,OP90002108,深证100ETF购12月2850,0.1793,0.0,0.0,0.0,21,0.1767,0.1795,1,0.2025,0.1793,0.1793,0.1793,3.0,5379.0,51
2023-05-10 09:40:00,OP90002108,深证100ETF购12月2850,0.1793,0.0,0.0,0.0,21,0.1767,0.1795,1,0.2025,0.1793,0.1793,0.1793,3.0,5379.0,51
2023-05-10 09:40:01,OP90002108,深证100ETF购12月2850,0.1793,0.0,0.0,0.0,21,0.1767,0.1795,1,0.2025,0.1793,0.1793,0.1793,3.0,5379.0,51
2023-05-10 09:40:02,OP90002108,深证100ETF购12月2850,0.1793,0.0,0.0,0.0,21,0.1767,0.1795,1,0.2025,0.1793,0.1793,0.1793,3.0,5379.0,51
2023-05-10 09:40:03,OP90002108,深证100ETF购12月2850,0.1793,0.0,0.0,0.0,1,0.1768,0.1795,1,0.2025,0.1793,0.1793,0.1793,3.0,5379.0,51
2023-05-10 09:40:05,OP90002108,深证100ETF购12月2850,0.1793,0.0,0.0,0.0,20,0.1767,0.1794,1,0.2025,0.1793,0.1793,0.1793,3.0,5379.0,51
2023-05-10 09:40:06,OP90002108,深证100ETF购12月2850,0.1793,0.0,0.0,0.0,20,0.1767,0.1794,1,0.2025,0.1793,0.1793,0.1793,3.0,5379.0,51
2023-05-10 09:40:06,OP90002108,深证100ETF购12月2850,0.1793,0.0,0.0,0.0,20,0.1767,0.1794,1,0.2025,0.1793,0.1793,0.1793,3.0,5379.0,51
2023-05-10 09:40:07,OP90002108,深证100ETF购12月2850,0.1793,0.0,0.0,0.0,20,0.1767,0.1794,1,0.2025,0.1793,0.1793,0.1793,3.0,5379.0,51
2023-05-10 09:40:08,OP90002108,深证100ETF购12月2850,0.1793,0.0,0.0,0.0,20,0.1767,0.1794,1,0.2025,0.1793,0.1793,0.1793,3.0,5379.0,51
2023-05-10 09:40:08,OP90002108,深证100ETF购12月2850,0.1793,0.0,0.0,0.0,40,0.1765,0.1794,1,0.2025,0.1793,0.1793,0.1793,3.0,5379.0,51
2023-05-10 09:40:09,OP90002108,深证100ETF购12月2850,0.1793,0.0,0.0,0.0,20,0.1765,0.1794,1,0.2025,0.1793,0.1793,0.1793,3.0,5379.0,51
2023-05-10 09:40:09,OP90002108,深证100ETF购12月2850,0.1793,0.0,0.0,0.0,20,0.1765,0.1794,1,0.2025,0.1793,0.1793,0.1793,3.0,5379.0,51
2023-05-10 09:40:11,OP90002108,深证100ETF购12月2850,0.1793,0.0,0.0,0.0,20,0.1765,0.1794,1,0.2025,0.1793,0.1793,0.1793,3.0,5379.0,51
2023-05-10 09:40:12,OP90002108,深证100ETF购12月2850,0.1793,0.0,0.0,0.0,20,0.1765,0.1794,1,0.2025,0.1793,0.1793,0.1793,3.0,5379.0,51
2023-05-10 09:40:12,OP90002108,深证100ETF购12月2850,0.1793,0.0,0.0,0.0,20,0.1765,0.1794,1,0.2025,0.1793,0.1793,0.1793,3.0,5379.0,51
2023-05-10 09:40:13,OP90002108,深证100ETF购12月2850,0.1793,0.0,0.0,0.0,20,0.1765,0.1794,1,0.2025,0.1793,0.1793,0.1793,3.0,5379.0,51
2023-05-10 09:40:13,OP90002108,深证100ETF购12月2850,0.1793,0.0,0.0,0.0,20,0.1765,0.1794,1,0.2025,0.1793,0.1793,0.1793,3.0,5379.0,51
2023-05-10 09:40:14,OP90002108,深证100ETF购12月2850,0.1793,0.0,0.0,0.0,20,0.1765,0.1794,1,0.2025,0.1793,0.1793,0.1793,3.0,5379.0,51
2023-05-10 09:40:15,OP90002108,深证100ETF购12月2850,0.1793,0.0,0.0,0.0,20,0.1765,0.1794,1,0.2025,0.1793,0.1793,0.1793,3.0,5379.0,51
2023-05-10 09:40:15,OP90002108,深证100ETF购12月2850,0.1793,0.0,0.0,0.0,20,0.1765,0.1793,1,0.2025,0.1793,0.1793,0.1793,3.0,5379.0,51
2023-05-10 09:40:16,OP90002108,深证100ETF购12月2850,0.1793,0.0,0.0,0.0,20,0.1765,0.1793,1,0.2025,0.1793,0.1793,0.1793,3.0,5379.0,51
2023-05-10 09:40:16,OP90002108,深证100ETF购12月2850,0.1793,0.0,0.0,0.0,20,0.1765,0.1793,1,0.2025,0.1793,0.1793,0.1793,3.0,5379.0,51
2023-05-10 09:40:17,OP90002108,深证100ETF购12月2850,0.1793,0.0,0.0,0.0,20,0.1765,0.1793,1,0.2025,0.1793,0.1793,0.1793,3.0,5379.0,51
2023-05-10 09:40:21,OP90002108,深证100ETF购12月2850,0.1793,0.0,0.0,0.0,20,0.1765,0.1793,1,0.2025,0.1793,0.1793,0.1793,3.0,5379.0,51
2023-05-10 09:40:23,OP90002108,深证100ETF购12月2850,0.1793,0.0,0.0,0.0,20,0.1765,0.1793,1,0.2025,0.1793,0.1793,0.1793,3.0,5379.0,51
2023-05-10 09:40:24,OP90002108,深证100ETF购12月2850,0.1793,0.0,0.0,0.0,20,0.1765,0.1793,1,0.2025,0.1793,0.1793,0.1793,3.0,5379.0,51
2023-05-10 09:40:26,OP90002108,深证100ETF购12月2850,0.1793,0.0,0.0,0.0,20,0.1765,0.1792,1,0.2025,0.1793,0.1793,0.1793,3.0,5379.0,51
2023-05-10 09:40:26,OP90002108,深证100ETF购12月2850,0.1793,0.0,0.0,0.0,20,0.1765,0.1792,1,0.2025,0.1793,0.1793,0.1793,3.0,5379.0,51
2023-05-10 09:40:27,OP90002108,深证100ETF购12月2850,0.1793,0.0,0.0,0.0,20,0.1765,0.1792,1,0.2025,0.1793,0.1793,0.1793,3.0,5379.0,51
2023-05-10 09:40:27,OP90002108,深证100ETF购12月2850,0.1793,0.0,0.0,0.0,20,0.1762,0.1792,1,0.2025,0.1793,0.1793,0.1793,3.0,5379.0,51
2023-05-10 09:40:28,OP90002108,深证100ETF购12月2850,0.1793,0.0,0.0,0.0,1,0.176,0.1792,1,0.2025,0.1793,0.1793,0.1793,3.0,5379.0,51
2023-05-10 09:40:29,OP90002108,深证100ETF购12月2850,0.1793,0.0,0.0,0.0,1,0.176,0.1792,1,0.2025,0.1793,0.1793,0.1793,3.0,5379.0,51
2023-05-10 09:40:29,OP90002108,深证100ETF购12月2850,0.1793,0.0,0.0,0.0,40,0.1758,0.1792,1,0.2025,0.1793,0.1793,0.1793,3.0,5379.0,51
2023-05-10 09:40:30,OP90002108,深证100ETF购12月2850,0.1793,0.0,0.0,0.0,40,0.1758,0.1792,1,0.2025,0.1793,0.1793,0.1793,3.0,5379.0,51
2023-05-10 09:40:31,OP90002108,深证100ETF购12月2850,0.1793,0.0,0.0,0.0,40,0.1758,0.1792,1,0.2025,0.1793,0.1793,0.1793,3.0,5379.0,51
2023-05-10 09:40:32,OP90002108,深证100ETF购12月2850,0.1793,0.0,0.0,0.0,40,0.1758,0.1792,1,0.2025,0.1793,0.1793,0.1793,3.0,5379.0,51
2023-05-10 09:40:33,OP90002108,深证100ETF购12月2850,0.1793,0.0,0.0,0.0,20,0.1758,0.1792,1,0.2025,0.1793,0.1793,0.1793,3.0,5379.0,51
2023-05-10 09:40:34,OP90002108,深证100ETF购12月2850,0.1793,0.0,0.0,0.0,20,0.1758,0.1792,1,0.2025,0.1793,0.1793,0.1793,3.0,5379.0,51
2023-05-10 09:40:34,OP90002108,深证100ETF购12月2850,0.1793,0.0,0.0,0.0,20,0.1758,0.1792,1,0.2025,0.1793,0.1793,0.1793,3.0,5379.0,51
2023-05-10 09:40:35,OP90002108,深证100ETF购12月2850,0.1793,0.0,0.0,0.0,20,0.1758,0.1792,1,0.2025,0.1793,0.1793,0.1793,3.0,5379.0,51
2023-05-10 09:40:35,OP90002108,深证100ETF购12月2850,0.1793,0.0,0.0,0.0,20,0.1758,0.1792,1,0.2025,0.1793,0.1793,0.1793,3.0,5379.0,51
2023-05-10 09:40:36,OP90002108,深证100ETF购12月2850,0.1793,0.0,0.0,0.0,40,0.1758,0.1791,1,0.2025,0.1793,0.1793,0.1793,3.0,5379.0,51
2023-05-10 09:40:36,OP90002108,深证100ETF购12月2850,0.1793,0.0,0.0,0.0,40,0.1758,0.1791,1,0.2025,0.1793,0.1793,0.1793,3.0,5379.0,51
2023-05-10 09:40:37,OP90002108,深证100ETF购12月2850,0.1793,0.0,0.0,0.0,40,0.1758,0.1791,1,0.2025,0.1793,0.1793,0.1793,3.0,5379.0,51
2023-05-10 09:40:37,OP90002108,深证100ETF购12月2850,0.1793,0.0,0.0,0.0,40,0.1758,0.1791,1,0.2025,0.1793,0.1793,0.1793,3.0,5379.0,51
2023-05-10 09:40:38,OP90002108,深证100ETF购12月2850,0.1793,0.0,0.0,0.0,40,0.1758,0.1791,1,0.2025,0.1793,0.1793,0.1793,3.0,5379.0,51
2023-05-10 09:40:38,OP90002108,深证100ETF购12月2850,0.1793,0.0,0.0,0.0,40,0.1758,0.1791,1,0.2025,0.1793,0.1793,0.1793,3.0,5379.0,51
2023-05-10 09:40:39,OP90002108,深证100ETF购12月2850,0.1793,0.0,0.0,0.0,20,0.1758,0.1791,1,0.2025,0.1793,0.1793,0.1793,3.0,5379.0,51
2023-05-10 09:40:40,OP90002108,深证100ETF购12月2850,0.1793,0.0,0.0,0.0,21,0.1758,0.1791,1,0.2025,0.1793,0.1793,0.1793,3.0,5379.0,51
2023-05-10 09:40:40,OP90002108,深证100ETF购12月2850,0.1793,0.0,0.0,0.0,21,0.1758,0.1791,1,0.2025,0.1793,0.1793,0.1793,3.0,5379.0,51
2023-05-10 09:40:41,OP90002108,深证100ETF购12月2850,0.1793,0.0,0.0,0.0,10,0.1759,0.1791,1,0.2025,0.1793,0.1793,0.1793,3.0,5379.0,51
2023-05-10 09:40:41,OP90002108,深证100ETF购12月2850,0.1793,0.0,0.0,0.0,10,0.1759,0.1791,1,0.2025,0.1793,0.1793,0.1793,3.0,5379.0,51
2023-05-10 09:40:42,OP90002108,深证100ETF购12月2850,0.1793,0.0,0.0,0.0,21,0.1758,0.1791,1,0.2025,0.1793,0.1793,0.1793,3.0,5379.0,51
2023-05-10 09:40:42,OP90002108,深证100ETF购12月2850,0.1793,0.0,0.0,0.0,21,0.1758,0.1791,1,0.2025,0.1793,0.1793,0.1793,3.0,5379.0,51
2023-05-10 09:40:43,OP90002108,深证100ETF购12月2850,0.1793,0.0,0.0,0.0,21,0.1758,0.1791,1,0.2025,0.1793,0.1793,0.1793,3.0,5379.0,51
2023-05-10 09:40:44,OP90002108,深证100ETF购12月2850,0.1793,0.0,0.0,0.0,21,0.1758,0.1791,1,0.2025,0.1793,0.1793,0.1793,3.0,5379.0,51
2023-05-10 09:40:44,OP90002108,深证100ETF购12月2850,0.1793,0.0,0.0,0.0,41,0.1758,0.1791,1,0.2025,0.1793,0.1793,0.1793,3.0,5379.0,51
2023-05-10 09:40:45,OP90002108,深证100ETF购12月2850,0.1793,0.0,0.0,0.0,41,0.1758,0.1791,1,0.2025,0.1793,0.1793,0.1793,3.0,5379.0,51
2023-05-10 09:40:46,OP90002108,深证100ETF购12月2850,0.1793,0.0,0.0,0.0,41,0.1758,0.179,1,0.2025,0.1793,0.1793,0.1793,3.0,5379.0,51
2023-05-10 09:40:46,OP90002108,深证100ETF购12月2850,0.1793,0.0,0.0,0.0,41,0.1758,0.179,1,0.2025,0.1793,0.1793,0.1793,3.0,5379.0,51
2023-05-10 09:40:47,OP90002108,深证100ETF购12月2850,0.1793,0.0,0.0,0.0,21,0.1758,0.179,1,0.2025,0.1793,0.1793,0.1793,3.0,5379.0,51
2023-05-10 09:40:47,OP90002108,深证100ETF购12月2850,0.1793,0.0,0.0,0.0,21,0.1758,0.179,1,0.2025,0.1793,0.1793,0.1793,3.0,5379.0,51
2023-05-10 09:40:48,OP90002108,深证100ETF购12月2850,0.1793,0.0,0.0,0.0,41,0.1758,0.179,1,0.2025,0.1793,0.1793,0.1793,3.0,5379.0,51
2023-05-10 09:40:49,OP90002108,深证100ETF购12月2850,0.1793,0.0,0.0,0.0,41,0.1758,0.179,1,0.2025,0.1793,0.1793,0.1793,3.0,5379.0,51
2023-05-10 09:40:49,OP90002108,深证100ETF购12月2850,0.1793,0.0,0.0,0.0,41,0.1758,0.179,1,0.2025,0.1793,0.1793,0.1793,3.0,5379.0,51
2023-05-10 09:40:50,OP90002108,深证100ETF购12月2850,0.1793,0.0,0.0,0.0,1,0.1759,0.179,1,0.2025,0.1793,0.1793,0.1793,3.0,5379.0,51
2023-05-10 09:40:50,OP90002108,深证100ETF购12月2850,0.1793,0.0,0.0,0.0,1,0.1759,0.179,1,0.2025,0.1793,0.1793,0.1793,3.0,5379.0,51
2023-05-10 09:40:51,OP90002108,深证100ETF购12月2850,0.1793,0.0,0.0,0.0,1,0.1759,0.179,1,0.2025,0.1793,0.1793,0.1793,3.0,5379.0,51
2023-05-10 09:40:52,OP90002108,深证100ETF购12月2850,0.1793,0.0,0.0,0.0,21,0.1759,0.179,1,0.2025,0.1793,0.1793,0.1793,3.0,5379.0,51
2023-05-10 09:40:53,OP90002108,深证100ETF购12月2850,0.1793,0.0,0.0,0.0,21,0.1759,0.179,1,0.2025,0.1793,0.1793,0.1793,3.0,5379.0,51
2023-05-10 09:40:54,OP90002108,深证100ETF购12月2850,0.1793,0.0,0.0,0.0,21,0.1759,0.179,1,0.2025,0.1793,0.1793,0.1793,3.0,5379.0,51
2023-05-10 09:40:54,OP90002108,深证100ETF购12月2850,0.1793,0.0,0.0,0.0,41,0.1759,0.179,1,0.2025,0.1793,0.1793,0.1793,3.0,5379.0,51
2023-05-10 09:40:55,OP90002108,深证100ETF购12月2850,0.1793,0.0,0.0,0.0,21,0.1759,0.179,1,0.2025,0.1793,0.1793,0.1793,3.0,5379.0,51
2023-05-10 09:40:56,OP90002108,深证100ETF购12月2850,0.1793,0.0,0.0,0.0,41,0.1759,0.179,1,0.2025,0.1793,0.1793,0.1793,3.0,5379.0,51
2023-05-10 09:40:56,OP90002108,深证100ETF购12月2850,0.1793,0.0,0.0,0.0,21,0.1759,0.1789,1,0.2025,0.1793,0.1793,0.1793,3.0,5379.0,51
2023-05-10 09:40:57,OP90002108,深证100ETF购12月2850,0.1793,0.0,0.0,0.0,41,0.1759,0.1789,1,0.2025,0.1793,0.1793,0.1793,3.0,5379.0,51
2023-05-10 09:40:57,OP90002108,深证100ETF购12月2850,0.1793,0.0,0.0,0.0,41,0.1759,0.1789,1,0.2025,0.1793,0.1793,0.1793,3.0,5379.0,51
2023-05-10 09:41:00,OP90002108,深证100ETF购12月2850,0.1793,0.0,0.0,0.0,41,0.1759,0.1789,1,0.2025,0.1793,0.1793,0.1793,3.0,5379.0,51
2023-05-10 09:41:00,OP90002108,深证100ETF购12月2850,0.1793,0.0,0.0,0.0,21,0.1759,0.1789,1,0.2025,0.1793,0.1793,0.1793,3.0,5379.0,51
2023-05-10 09:41:02,OP90002108,深证100ETF购12月2850,0.1793,0.0,0.0,0.0,21,0.1759,0.1789,1,0.2025,0.1793,0.1793,0.1793,3.0,5379.0,51
2023-05-10 09:41:02,OP90002108,深证100ETF购12月2850,0.1793,0.0,0.0,0.0,21,0.1759,0.1789,1,0.2025,0.1793,0.1793,0.1793,3.0,5379.0,51
2023-05-10 09:41:03,OP90002108,深证100ETF购12月2850,0.1793,0.0,0.0,0.0,21,0.1759,0.1789,1,0.2025,0.1793,0.1793,0.1793,3.0,5379.0,51
2023-05-10 09:41:03,OP90002108,深证100ETF购12月2850,0.1793,0.0,0.0,0.0,41,0.1759,0.1789,1,0.2025,0.1793,0.1793,0.1793,3.0,5379.0,51
2023-05-10 09:41:04,OP90002108,深证100ETF购12月2850,0.1793,0.0,0.0,0.0,21,0.1759,0.1789,1,0.2025,0.1793,0.1793,0.1793,3.0,5379.0,51
2023-05-10 09:41:04,OP90002108,深证100ETF购12月2850,0.1793,0.0,0.0,0.0,41,0.1759,0.1789,1,0.2025,0.1793,0.1793,0.1793,3.0,5379.0,51
2023-05-10 09:41:05,OP90002108,深证100ETF购12月2850,0.1793,0.0,0.0,0.0,41,0.1759,0.1789,1,0.2025,0.1793,0.1793,0.1793,3.0,5379.0,51
2023-05-10 09:41:06,OP90002108,深证100ETF购12月2850,0.1793,0.0,0.0,0.0,41,0.1759,0.1788,1,0.2025,0.1793,0.1793,0.1793,3.0,5379.0,51
2023-05-10 09:41:07,OP90002108,深证100ETF购12月2850,0.1793,0.0,0.0,0.0,41,0.1759,0.1788,1,0.2025,0.1793,0.1793,0.1793,3.0,5379.0,51
2023-05-10 09:41:07,OP90002108,深证100ETF购12月2850,0.1793,0.0,0.0,0.0,41,0.1759,0.1788,1,0.2025,0.1793,0.1793,0.1793,3.0,5379.0,51
2023-05-10 09:41:08,OP90002108,深证100ETF购12月2850,0.1793,0.0,0.0,0.0,21,0.1759,0.1788,1,0.2025,0.1793,0.1793,0.1793,3.0,5379.0,51
2023-05-10 09:41:08,OP90002108,深证100ETF购12月2850,0.1793,0.0,0.0,0.0,20,0.1759,0.1788,1,0.2025,0.1793,0.1793,0.1793,3.0,5379.0,51
2023-05-10 09:41:09,OP90002108,深证100ETF购12月2850,0.1793,0.0,0.0,0.0,40,0.1759,0.1788,1,0.2025,0.1793,0.1793,0.1793,3.0,5379.0,51
2023-05-10 09:41:09,OP90002108,深证100ETF购12月2850,0.1793,0.0,0.0,0.0,20,0.1759,0.1788,1,0.2025,0.1793,0.1793,0.1793,3.0,5379.0,51
2023-05-10 09:41:10,OP90002108,深证100ETF购12月2850,0.1793,0.0,0.0,0.0,40,0.1759,0.1788,1,0.2025,0.1793,0.1793,0.1793,3.0,5379.0,51
2023-05-10 09:41:10,OP90002108,深证100ETF购12月2850,0.1793,0.0,0.0,0.0,20,0.1759,0.1788,1,0.2025,0.1793,0.1793,0.1793,3.0,5379.0,51
2023-05-10 09:41:11,OP90002108,深证100ETF购12月2850,0.1793,0.0,0.0,0.0,20,0.1759,0.1788,1,0.2025,0.1793,0.1793,0.1793,3.0,5379.0,51
2023-05-10 09:41:11,OP90002108,深证100ETF购12月2850,0.1793,0.0,0.0,0.0,20,0.1759,0.1788,1,0.2025,0.1793,0.1793,0.1793,3.0,5379.0,51
2023-05-10 09:41:12,OP90002108,深证100ETF购12月2850,0.1793,0.0,0.0,0.0,20,0.1759,0.1788,1,0.2025,0.1793,0.1793,0.1793,3.0,5379.0,51
2023-05-10 09:41:13,OP90002108,深证100ETF购12月2850,0.1793,0.0,0.0,0.0,40,0.1757,0.1788,1,0.2025,0.1793,0.1793,0.1793,3.0,5379.0,51
2023-05-10 09:41:13,OP90002108,深证100ETF购12月2850,0.1793,0.0,0.0,0.0,40,0.1757,0.1788,1,0.2025,0.1793,0.1793,0.1793,3.0,5379.0,51
2023-05-10 09:41:14,OP90002108,深证100ETF购12月2850,0.1793,0.0,0.0,0.0,40,0.1757,0.1788,1,0.2025,0.1793,0.1793,0.1793,3.0,5379.0,51
2023-05-10 09:41:14,OP90002108,深证100ETF购12月2850,0.1793,0.0,0.0,0.0,40,0.1757,0.1788,1,0.2025,0.1793,0.1793,0.1793,3.0,5379.0,51
2023-05-10 09:41:15,OP90002108,深证100ETF购12月2850,0.1793,0.0,0.0,0.0,40,0.1757,0.1788,1,0.2025,0.1793,0.1793,0.1793,3.0,5379.0,51
2023-05-10 09:41:15,OP90002108,深证100ETF购12月2850,0.1793,0.0,0.0,0.0,40,0.1757,0.1788,1,0.2025,0.1793,0.1793,0.1793,3.0,5379.0,51
2023-05-10 09:41:16,OP90002108,深证100ETF购12月2850,0.1793,0.0,0.0,0.0,40,0.1757,0.1787,1,0.2025,0.1793,0.1793,0.1793,3.0,5379.0,51
2023-05-10 09:41:17,OP90002108,深证100ETF购12月2850,0.1793,0.0,0.0,0.0,40,0.1757,0.1787,1,0.2025,0.1793,0.1793,0.1793,3.0,5379.0,51
2023-05-10 09:41:18,OP90002108,深证100ETF购12月2850,0.1793,0.0,0.0,0.0,40,0.1757,0.1787,1,0.2025,0.1793,0.1793,0.1793,3.0,5379.0,51
2023-05-10 09:41:18,OP90002108,深证100ETF购12月2850,0.1793,0.0,0.0,0.0,40,0.1757,0.1787,1,0.2025,0.1793,0.1793,0.1793,3.0,5379.0,51
2023-05-10 09:41:19,OP90002108,深证100ETF购12月2850,0.1793,0.0,0.0,0.0,60,0.1757,0.1787,1,0.2025,0.1793,0.1793,0.1793,3.0,5379.0,51
2023-05-10 09:41:19,OP90002108,深证100ETF购12月2850,0.1793,0.0,0.0,0.0,40,0.1757,0.1787,1,0.2025,0.1793,0.1793,0.1793,3.0,5379.0,51
2023-05-10 09:41:20,OP90002108,深证100ETF购12月2850,0.1793,0.0,0.0,0.0,40,0.1757,0.1787,1,0.2025,0.1793,0.1793,0.1793,3.0,5379.0,51
2023-05-10 09:41:20,OP90002108,深证100ETF购12月2850,0.1793,0.0,0.0,0.0,40,0.1757,0.1787,1,0.2025,0.1793,0.1793,0.1793,3.0,5379.0,51
2023-05-10 09:41:21,OP90002108,深证100ETF购12月2850,0.1793,0.0,0.0,0.0,40,0.1757,0.1787,1,0.2025,0.1793,0.1793,0.1793,3.0,5379.0,51
2023-05-10 09:41:21,OP90002108,深证100ETF购12月2850,0.1793,0.0,0.0,0.0,40,0.1757,0.1787,1,0.2025,0.1793,0.1793,0.1793,3.0,5379.0,51
2023-05-10 09:41:22,OP90002108,深证100ETF购12月2850,0.1793,0.0,0.0,0.0,40,0.1757,0.1787,1,0.2025,0.1793,0.1793,0.1793,3.0,5379.0,51
2023-05-10 09:41:22,OP90002108,深证100ETF购12月2850,0.1793,0.0,0.0,0.0,40,0.1757,0.1787,1,0.2025,0.1793,0.1793,0.1793,3.0,5379.0,51
2023-05-10 09:41:23,OP90002108,深证100ETF购12月2850,0.1793,0.0,0.0,0.0,40,0.1757,0.1787,1,0.2025,0.1793,0.1793,0.1793,3.0,5379.0,51
2023-05-10 09:41:23,OP90002108,深证100ETF购12月2850,0.1793,0.0,0.0,0.0,40,0.1757,0.1787,1,0.2025,0.1793,0.1793,0.1793,3.0,5379.0,51
2023-05-10 09:41:24,OP90002108,深证100ETF购12月2850,0.1793,0.0,0.0,0.0,40,0.1757,0.1787,1,0.2025,0.1793,0.1793,0.1793,3.0,5379.0,51
2023-05-10 09:41:24,OP90002108,深证100ETF购12月2850,0.1793,0.0,0.0,0.0,20,0.1757,0.1787,1,0.2025,0.1793,0.1793,0.1793,3.0,5379.0,51
2023-05-10 09:41:25,OP90002108,深证100ETF购12月2850,0.1793,0.0,0.0,0.0,20,0.1757,0.1787,1,0.2025,0.1793,0.1793,0.1793,3.0,5379.0,51
2023-05-10 09:41:26,OP90002108,深证100ETF购12月2850,0.1793,0.0,0.0,0.0,21,0.1757,0.1786,1,0.2025,0.1793,0.1793,0.1793,3.0,5379.0,51
2023-05-10 09:41:27,OP90002108,深证100ETF购12月2850,0.1793,0.0,0.0,0.0,21,0.1757,0.1786,1,0.2025,0.1793,0.1793,0.1793,3.0,5379.0,51
2023-05-10 09:41:27,OP90002108,深证100ETF购12月2850,0.1793,0.0,0.0,0.0,21,0.1757,0.1786,1,0.2025,0.1793,0.1793,0.1793,3.0,5379.0,51
2023-05-10 09:41:28,OP90002108,深证100ETF购12月2850,0.1793,0.0,0.0,0.0,21,0.1757,0.1786,1,0.2025,0.1793,0.1793,0.1793,3.0,5379.0,51
2023-05-10 09:41:29,OP90002108,深证100ETF购12月2850,0.1793,0.0,0.0,0.0,21,0.1757,0.1786,1,0.2025,0.1793,0.1793,0.1793,3.0,5379.0,51
2023-05-10 09:41:29,OP90002108,深证100ETF购12月2850,0.1793,0.0,0.0,0.0,20,0.1757,0.1786,1,0.2025,0.1793,0.1793,0.1793,3.0,5379.0,51
2023-05-10 09:41:30,OP90002108,深证100ETF购12月2850,0.1793,0.0,0.0,0.0,40,0.1757,0.1786,1,0.2025,0.1793,0.1793,0.1793,3.0,5379.0,51
2023-05-10 09:41:30,OP90002108,深证100ETF购12月2850,0.1793,0.0,0.0,0.0,40,0.1757,0.1786,1,0.2025,0.1793,0.1793,0.1793,3.0,5379.0,51
2023-05-10 09:41:31,OP90002108,深证100ETF购12月2850,0.1793,0.0,0.0,0.0,20,0.1757,0.1786,1,0.2025,0.1793,0.1793,0.1793,3.0,5379.0,51
2023-05-10 09:41:31,OP90002108,深证100ETF购12月2850,0.1793,0.0,0.0,0.0,20,0.1757,0.1786,1,0.2025,0.1793,0.1793,0.1793,3.0,5379.0,51
2023-05-10 09:41:32,OP90002108,深证100ETF购12月2850,0.1793,0.0,0.0,0.0,20,0.1757,0.1786,1,0.2025,0.1793,0.1793,0.1793,3.0,5379.0,51
2023-05-10 09:41:33,OP90002108,深证100ETF购12月2850,0.1793,0.0,0.0,0.0,20,0.1757,0.1786,1,0.2025,0.1793,0.1793,0.1793,3.0,5379.0,51
2023-05-10 09:41:35,OP90002108,深证100ETF购12月2850,0.1793,0.0,0.0,0.0,20,0.1757,0.1786,1,0.2025,0.1793,0.1793,0.1793,3.0,5379.0,51
2023-05-10 09:41:35,OP90002108,深证100ETF购12月2850,0.1793,0.0,0.0,0.0,40,0.1757,0.1786,1,0.2025,0.1793,0.1793,0.1793,3.0,5379.0,51
2023-05-10 09:41:36,OP90002108,深证100ETF购12月2850,0.1793,0.0,0.0,0.0,40,0.1757,0.1785,1,0.2025,0.1793,0.1793,0.1793,3.0,5379.0,51
2023-05-10 09:41:37,OP90002108,深证100ETF购12月2850,0.1793,0.0,0.0,0.0,40,0.1757,0.1785,1,0.2025,0.1793,0.1793,0.1793,3.0,5379.0,51
2023-05-10 09:41:38,OP90002108,深证100ETF购12月2850,0.1793,0.0,0.0,0.0,40,0.1757,0.1785,1,0.2025,0.1793,0.1793,0.1793,3.0,5379.0,51
2023-05-10 09:41:39,OP90002108,深证100ETF购12月2850,0.1793,0.0,0.0,0.0,40,0.1757,0.1785,1,0.2025,0.1793,0.1793,0.1793,3.0,5379.0,51
2023-05-10 09:41:40,OP90002108,深证100ETF购12月2850,0.1793,0.0,0.0,0.0,20,0.1757,0.1785,1,0.2025,0.1793,0.1793,0.1793,3.0,5379.0,51
2023-05-10 09:41:40,OP90002108,深证100ETF购12月2850,0.1793,0.0,0.0,0.0,20,0.1757,0.1785,1,0.2025,0.1793,0.1793,0.1793,3.0,5379.0,51
2023-05-10 09:41:41,OP90002108,深证100ETF购12月2850,0.1793,0.0,0.0,0.0,20,0.1757,0.1785,1,0.2025,0.1793,0.1793,0.1793,3.0,5379.0,51
2023-05-10 09:41:41,OP90002108,深证100ETF购12月2850,0.1793,0.0,0.0,0.0,20,0.1757,0.1785,1,0.2025,0.1793,0.1793,0.1793,3.0,5379.0,51
2023-05-10 09:41:42,OP90002108,深证100ETF购12月2850,0.1793,0.0,0.0,0.0,40,0.1757,0.1785,1,0.2025,0.1793,0.1793,0.1793,3.0,5379.0,51
2023-05-10 09:41:42,OP90002108,深证100ETF购12月2850,0.1793,0.0,0.0,0.0,20,0.1757,0.1785,1,0.2025,0.1793,0.1793,0.1793,3.0,5379.0,51
2023-05-10 09:41:43,OP90002108,深证100ETF购12月2850,0.1793,0.0,0.0,0.0,40,0.1757,0.1785,1,0.2025,0.1793,0.1793,0.1793,3.0,5379.0,51
2023-05-10 09:41:43,OP90002108,深证100ETF购12月2850,0.1793,0.0,0.0,0.0,20,0.1757,0.1785,1,0.2025,0.1793,0.1793,0.1793,3.0,5379.0,51
2023-05-10 09:41:44,OP90002108,深证100ETF购12月2850,0.1793,0.0,0.0,0.0,20,0.1757,0.1785,1,0.2025,0.1793,0.1793,0.1793,3.0,5379.0,51
2023-05-10 09:41:44,OP90002108,深证100ETF购12月2850,0.1793,0.0,0.0,0.0,20,0.1757,0.1785,1,0.2025,0.1793,0.1793,0.1793,3.0,5379.0,51
2023-05-10 09:41:45,OP90002108,深证100ETF购12月2850,0.1793,0.0,0.0,0.0,40,0.1757,0.1785,1,0.2025,0.1793,0.1793,0.1793,3.0,5379.0,51
2023-05-10 09:41:45,OP90002108,深证100ETF购12月2850,0.1793,0.0,0.0,0.0,40,0.1757,0.1785,1,0.2025,0.1793,0.1793,0.1793,3.0,5379.0,51
2023-05-10 09:41:46,OP90002108,深证100ETF购12月2850,0.1793,0.0,0.0,0.0,40,0.1757,0.1785,1,0.2025,0.1793,0.1793,0.1793,3.0,5379.0,51
2023-05-10 09:41:46,OP90002108,深证100ETF购12月2850,0.1793,0.0,0.0,0.0,40,0.1757,0.1784,1,0.2025,0.1793,0.1793,0.1793,3.0,5379.0,51
2023-05-10 09:41:47,OP90002108,深证100ETF购12月2850,0.1793,0.0,0.0,0.0,20,0.1757,0.1784,1,0.2025,0.1793,0.1793,0.1793,3.0,5379.0,51
2023-05-10 09:41:47,OP90002108,深证100ETF购12月2850,0.1793,0.0,0.0,0.0,40,0.1757,0.1784,1,0.2025,0.1793,0.1793,0.1793,3.0,5379.0,51
2023-05-10 09:41:48,OP90002108,深证100ETF购12月2850,0.1793,0.0,0.0,0.0,40,0.1757,0.1784,1,0.2025,0.1793,0.1793,0.1793,3.0,5379.0,51
2023-05-10 09:41:49,OP90002108,深证100ETF购12月2850,0.1793,0.0,0.0,0.0,40,0.1757,0.1784,1,0.2025,0.1793,0.1793,0.1793,3.0,5379.0,51
2023-05-10 09:41:49,OP90002108,深证100ETF购12月2850,0.1793,0.0,0.0,0.0,20,0.1757,0.1784,1,0.2025,0.1793,0.1793,0.1793,3.0,5379.0,51
2023-05-10 09:41:50,OP90002108,深证100ETF购12月2850,0.1793,0.0,0.0,0.0,20,0.1757,0.1784,1,0.2025,0.1793,0.1793,0.1793,3.0,5379.0,51
2023-05-10 09:41:52,OP90002108,深证100ETF购12月2850,0.1793,0.0,0.0,0.0,20,0.1757,0.1784,1,0.2025,0.1793,0.1793,0.1793,3.0,5379.0,51
2023-05-10 09:41:52,OP90002108,深证100ETF购12月2850,0.1793,0.0,0.0,0.0,40,0.1757,0.1784,1,0.2025,0.1793,0.1793,0.1793,3.0,5379.0,51
2023-05-10 09:41:53,OP90002108,深证100ETF购12月2850,0.1793,0.0,0.0,0.0,20,0.1757,0.1784,1,0.2025,0.1793,0.1793,0.1793,3.0,5379.0,51
2023-05-10 09:41:53,OP90002108,深证100ETF购12月2850,0.1793,0.0,0.0,0.0,20,0.1757,0.1784,1,0.2025,0.1793,0.1793,0.1793,3.0,5379.0,51
2023-05-10 09:41:54,OP90002108,深证100ETF购12月2850,0.1793,0.0,0.0,0.0,40,0.1757,0.1784,1,0.2025,0.1793,0.1793,0.1793,3.0,5379.0,51
2023-05-10 09:41:54,OP90002108,深证100ETF购12月2850,0.1793,0.0,0.0,0.0,40,0.1757,0.1784,1,0.2025,0.1793,0.1793,0.1793,3.0,5379.0,51
2023-05-10 09:41:55,OP90002108,深证100ETF购12月2850,0.1793,0.0,0.0,0.0,40,0.1757,0.1784,1,0.2025,0.1793,0.1793,0.1793,3.0,5379.0,51
2023-05-10 09:41:55,OP90002108,深证100ETF购12月2850,0.1793,0.0,0.0,0.0,40,0.1757,0.1784,1,0.2025,0.1793,0.1793,0.1793,3.0,5379.0,51
2023-05-10 09:41:56,OP90002108,深证100ETF购12月2850,0.1793,0.0,0.0,0.0,20,0.1757,0.1784,1,0.2025,0.1793,0.1793,0.1793,3.0,5379.0,51
2023-05-10 09:41:56,OP90002108,深证100ETF购12月2850,0.1793,0.0,0.0,0.0,40,0.1757,0.1784,1,0.2025,0.1793,0.1793,0.1793,3.0,5379.0,51
2023-05-10 09:41:57,OP90002108,深证100ETF购12月2850,0.1793,0.0,0.0,0.0,40,0.1757,0.1783,1,0.2025,0.1793,0.1793,0.1793,3.0,5379.0,51
2023-05-10 09:41:57,OP90002108,深证100ETF购12月2850,0.1793,0.0,0.0,0.0,40,0.1757,0.1783,1,0.2025,0.1793,0.1793,0.1793,3.0,5379.0,51
2023-05-10 09:41:58,OP90002108,深证100ETF购12月2850,0.1793,0.0,0.0,0.0,40,0.1757,0.1783,1,0.2025,0.1793,0.1793,0.1793,3.0,5379.0,51
2023-05-10 09:41:59,OP90002108,深证100ETF购12月2850,0.1793,0.0,0.0,0.0,20,0.1757,0.1783,1,0.2025,0.1793,0.1793,0.1793,3.0,5379.0,51
2023-05-10 09:41:59,OP90002108,深证100ETF购12月2850,0.1793,0.0,0.0,0.0,40,0.1757,0.1783,1,0.2025,0.1793,0.1793,0.1793,3.0,5379.0,51
2023-05-10 09:42:00,OP90002108,深证100ETF购12月2850,0.1793,0.0,0.0,0.0,40,0.1757,0.1783,1,0.2025,0.1793,0.1793,0.1793,3.0,5379.0,51
2023-05-10 09:42:00,OP90002108,深证100ETF购12月2850,0.1793,0.0,0.0,0.0,20,0.1757,0.1783,1,0.2025,0.1793,0.1793,0.1793,3.0,5379.0,51
2023-05-10 09:42:01,OP90002108,深证100ETF购12月2850,0.1793,0.0,0.0,0.0,40,0.1757,0.1783,1,0.2025,0.1793,0.1793,0.1793,3.0,5379.0,51
2023-05-10 09:42:02,OP90002108,深证100ETF购12月2850,0.1793,0.0,0.0,0.0,20,0.1757,0.1783,1,0.2025,0.1793,0.1793,0.1793,3.0,5379.0,51
2023-05-10 09:42:03,OP90002108,深证100ETF购12月2850,0.1793,0.0,0.0,0.0,40,0.1757,0.1783,1,0.2025,0.1793,0.1793,0.1793,3.0,5379.0,51
2023-05-10 09:42:03,OP90002108,深证100ETF购12月2850,0.1793,0.0,0.0,0.0,40,0.1757,0.1783,1,0.2025,0.1793,0.1793,0.1793,3.0,5379.0,51
2023-05-10 09:42:05,OP90002108,深证100ETF购12月2850,0.1793,0.0,0.0,0.0,40,0.1757,0.1783,1,0.2025,0.1793,0.1793,0.1793,3.0,5379.0,51
2023-05-10 09:42:06,OP90002108,深证100ETF购12月2850,0.1793,0.0,0.0,0.0,40,0.1757,0.1783,1,0.2025,0.1793,0.1793,0.1793,3.0,5379.0,51
2023-05-10 09:42:07,OP90002108,深证100ETF购12月2850,0.1793,0.0,0.0,0.0,40,0.1757,0.1782,1,0.2025,0.1793,0.1793,0.1793,3.0,5379.0,51
2023-05-10 09:42:07,OP90002108,深证100ETF购12月2850,0.1793,0.0,0.0,0.0,40,0.1757,0.1782,1,0.2025,0.1793,0.1793,0.1793,3.0,5379.0,51
2023-05-10 09:42:08,OP90002108,深证100ETF购12月2850,0.1793,0.0,0.0,0.0,20,0.1757,0.1782,1,0.2025,0.1793,0.1793,0.1793,3.0,5379.0,51
2023-05-10 09:42:09,OP90002108,深证100ETF购12月2850,0.1793,0.0,0.0,0.0,80,0.1752,0.1782,1,0.2025,0.1793,0.1793,0.1793,3.0,5379.0,51
2023-05-10 09:42:09,OP90002108,深证100ETF购12月2850,0.1793,0.0,0.0,0.0,70,0.1752,0.1782,1,0.2025,0.1793,0.1793,0.1793,3.0,5379.0,51
2023-05-10 09:42:10,OP90002108,深证100ETF购12月2850,0.1793,0.0,0.0,0.0,50,0.1752,0.1782,1,0.2025,0.1793,0.1793,0.1793,3.0,5379.0,51
2023-05-10 09:42:10,OP90002108,深证100ETF购12月2850,0.1793,0.0,0.0,0.0,50,0.1752,0.1782,1,0.2025,0.1793,0.1793,0.1793,3.0,5379.0,51
2023-05-10 09:42:11,OP90002108,深证100ETF购12月2850,0.1793,0.0,0.0,0.0,30,0.1752,0.1782,1,0.2025,0.1793,0.1793,0.1793,3.0,5379.0,51
2023-05-10 09:42:11,OP90002108,深证100ETF购12月2850,0.1793,0.0,0.0,0.0,30,0.1752,0.1782,1,0.2025,0.1793,0.1793,0.1793,3.0,5379.0,51
2023-05-10 09:42:12,OP90002108,深证100ETF购12月2850,0.1793,0.0,0.0,0.0,30,0.1752,0.1782,1,0.2025,0.1793,0.1793,0.1793,3.0,5379.0,51
2023-05-10 09:42:13,OP90002108,深证100ETF购12月2850,0.1793,0.0,0.0,0.0,30,0.1752,0.1782,1,0.2025,0.1793,0.1793,0.1793,3.0,5379.0,51
2023-05-10 09:42:13,OP90002108,深证100ETF购12月2850,0.1793,0.0,0.0,0.0,30,0.1752,0.1782,1,0.2025,0.1793,0.1793,0.1793,3.0,5379.0,51
2023-05-10 09:42:14,OP90002108,深证100ETF购12月2850,0.1793,0.0,0.0,0.0,50,0.1752,0.1782,1,0.2025,0.1793,0.1793,0.1793,3.0,5379.0,51
2023-05-10 09:42:14,OP90002108,深证100ETF购12月2850,0.1793,0.0,0.0,0.0,30,0.1752,0.1782,1,0.2025,0.1793,0.1793,0.1793,3.0,5379.0,51
2023-05-10 09:42:15,OP90002108,深证100ETF购12月2850,0.1793,0.0,0.0,0.0,30,0.1752,0.1782,1,0.2025,0.1793,0.1793,0.1793,3.0,5379.0,51
2023-05-10 09:42:15,OP90002108,深证100ETF购12月2850,0.1793,0.0,0.0,0.0,30,0.1752,0.1782,1,0.2025,0.1793,0.1793,0.1793,3.0,5379.0,51
