time,symbol_id,symbol_name,last,trade_volume,trade_amount,open_interest_change,bv1,bp1,ap1,av1,yesterday_close,today_open,today_high,today_low,volume,amount,open_interest
2023-05-10 08:30:00,OP90002122,深证100ETF沽12月3200,0.0,0.0,0.0,0.0,0,0.0,0.0,0,0.3396,0.3561,0.0,0.0,0.0,0.0,15
2023-05-10 09:25:00,OP90002122,深证100ETF沽12月3200,0.0,0.0,0.0,0.0,1,0.3417,0.3691,1,0.3396,0.3561,0.0,0.0,0.0,0.0,15
2023-05-10 09:30:00,OP90002122,深证100ETF沽12月3200,0.0,0.0,0.0,0.0,1,0.3417,0.3757,1,0.3396,0.3561,0.0,0.0,0.0,0.0,15
2023-05-10 09:30:00,OP90002122,深证100ETF沽12月3200,0.0,0.0,0.0,0.0,20,0.3507,0.3731,20,0.3396,0.3561,0.0,0.0,0.0,0.0,15
2023-05-10 09:30:01,OP90002122,深证100ETF沽12月3200,0.0,0.0,0.0,0.0,20,0.3507,0.3731,20,0.3396,0.3561,0.0,0.0,0.0,0.0,15
2023-05-10 09:30:02,OP90002122,深证100ETF沽12月3200,0.0,0.0,0.0,0.0,20,0.3507,0.3731,20,0.3396,0.3561,0.0,0.0,0.0,0.0,15
2023-05-10 09:30:09,OP90002122,深证100ETF沽12月3200,0.0,0.0,0.0,0.0,20,0.3507,0.3731,20,0.3396,0.3561,0.0,0.0,0.0,0.0,15
2023-05-10 09:30:18,OP90002122,深证100ETF沽12月3200,0.0,0.0,0.0,0.0,20,0.356,0.3677,20,0.3396,0.3561,0.0,0.0,0.0,0.0,15
2023-05-10 09:30:18,OP90002122,深证100ETF沽12月3200,0.0,0.0,0.0,0.0,20,0.3557,0.3687,20,0.3396,0.3561,0.0,0.0,0.0,0.0,15
2023-05-10 09:30:21,OP90002122,深证100ETF沽12月3200,0.0,0.0,0.0,0.0,20,0.3568,0.3698,20,0.3396,0.3561,0.0,0.0,0.0,0.0,15
2023-05-10 09:30:23,OP90002122,深证100ETF沽12月3200,0.0,0.0,0.0,0.0,20,0.3568,0.3698,20,0.3396,0.3561,0.0,0.0,0.0,0.0,15
2023-05-10 09:30:24,OP90002122,深证100ETF沽12月3200,0.0,0.0,0.0,0.0,20,0.3568,0.3698,20,0.3396,0.3561,0.0,0.0,0.0,0.0,15
2023-05-10 09:30:26,OP90002122,深证100ETF沽12月3200,0.0,0.0,0.0,0.0,20,0.3561,0.369,20,0.3396,0.3561,0.0,0.0,0.0,0.0,15
2023-05-10 09:30:27,OP90002122,深证100ETF沽12月3200,0.0,0.0,0.0,0.0,20,0.3564,0.3701,40,0.3396,0.3561,0.0,0.0,0.0,0.0,15
2023-05-10 09:30:28,OP90002122,深证100ETF沽12月3200,0.0,0.0,0.0,0.0,20,0.3564,0.3701,20,0.3396,0.3561,0.0,0.0,0.0,0.0,15
2023-05-10 09:30:29,OP90002122,深证100ETF沽12月3200,0.0,0.0,0.0,0.0,20,0.3571,0.3709,20,0.3396,0.3561,0.0,0.0,0.0,0.0,15
2023-05-10 09:30:31,OP90002122,深证100ETF沽12月3200,0.0,0.0,0.0,0.0,20,0.3571,0.3709,20,0.3396,0.3561,0.0,0.0,0.0,0.0,15
2023-05-10 09:30:39,OP90002122,深证100ETF沽12月3200,0.0,0.0,0.0,0.0,20,0.3581,0.3712,40,0.3396,0.3561,0.0,0.0,0.0,0.0,15
2023-05-10 09:30:39,OP90002122,深证100ETF沽12月3200,0.0,0.0,0.0,0.0,20,0.3581,0.3712,20,0.3396,0.3561,0.0,0.0,0.0,0.0,15
2023-05-10 09:30:40,OP90002122,深证100ETF沽12月3200,0.0,0.0,0.0,0.0,20,0.3582,0.372,20,0.3396,0.3561,0.0,0.0,0.0,0.0,15
2023-05-10 09:30:44,OP90002122,深证100ETF沽12月3200,0.0,0.0,0.0,0.0,20,0.3582,0.372,20,0.3396,0.3561,0.0,0.0,0.0,0.0,15
2023-05-10 09:30:45,OP90002122,深证100ETF沽12月3200,0.0,0.0,0.0,0.0,20,0.3582,0.372,20,0.3396,0.3561,0.0,0.0,0.0,0.0,15
2023-05-10 09:30:45,OP90002122,深证100ETF沽12月3200,0.0,0.0,0.0,0.0,20,0.3589,0.3726,40,0.3396,0.3561,0.0,0.0,0.0,0.0,15
2023-05-10 09:30:46,OP90002122,深证100ETF沽12月3200,0.0,0.0,0.0,0.0,20,0.3589,0.3726,40,0.3396,0.3561,0.0,0.0,0.0,0.0,15
2023-05-10 09:30:47,OP90002122,深证100ETF沽12月3200,0.0,0.0,0.0,0.0,20,0.3589,0.3726,20,0.3396,0.3561,0.0,0.0,0.0,0.0,15
2023-05-10 09:30:48,OP90002122,深证100ETF沽12月3200,0.0,0.0,0.0,0.0,20,0.3589,0.3726,20,0.3396,0.3561,0.0,0.0,0.0,0.0,15
2023-05-10 09:30:51,OP90002122,深证100ETF沽12月3200,0.0,0.0,0.0,0.0,20,0.3596,0.3727,20,0.3396,0.3561,0.0,0.0,0.0,0.0,15
2023-05-10 09:30:53,OP90002122,深证100ETF沽12月3200,0.0,0.0,0.0,0.0,20,0.3588,0.372,20,0.3396,0.3561,0.0,0.0,0.0,0.0,15
2023-05-10 09:31:00,OP90002122,深证100ETF沽12月3200,0.0,0.0,0.0,0.0,20,0.3595,0.3727,20,0.3396,0.3561,0.0,0.0,0.0,0.0,15
2023-05-10 09:31:00,OP90002122,深证100ETF沽12月3200,0.0,0.0,0.0,0.0,20,0.3595,0.3727,40,0.3396,0.3561,0.0,0.0,0.0,0.0,15
2023-05-10 09:31:01,OP90002122,深证100ETF沽12月3200,0.0,0.0,0.0,0.0,20,0.3604,0.3727,40,0.3396,0.3561,0.0,0.0,0.0,0.0,15
2023-05-10 09:31:06,OP90002122,深证100ETF沽12月3200,0.0,0.0,0.0,0.0,20,0.3604,0.3727,40,0.3396,0.3561,0.0,0.0,0.0,0.0,15
2023-05-10 09:31:07,OP90002122,深证100ETF沽12月3200,0.0,0.0,0.0,0.0,20,0.3604,0.3727,40,0.3396,0.3561,0.0,0.0,0.0,0.0,15
2023-05-10 09:31:07,OP90002122,深证100ETF沽12月3200,0.0,0.0,0.0,0.0,20,0.3604,0.3727,40,0.3396,0.3561,0.0,0.0,0.0,0.0,15
2023-05-10 09:31:08,OP90002122,深证100ETF沽12月3200,0.0,0.0,0.0,0.0,20,0.3611,0.3727,20,0.3396,0.3561,0.0,0.0,0.0,0.0,15
2023-05-10 09:31:08,OP90002122,深证100ETF沽12月3200,0.0,0.0,0.0,0.0,20,0.3611,0.3731,20,0.3396,0.3561,0.0,0.0,0.0,0.0,15
2023-05-10 09:31:09,OP90002122,深证100ETF沽12月3200,0.0,0.0,0.0,0.0,20,0.3613,0.3731,20,0.3396,0.3561,0.0,0.0,0.0,0.0,15
2023-05-10 09:31:09,OP90002122,深证100ETF沽12月3200,0.0,0.0,0.0,0.0,20,0.3614,0.3734,20,0.3396,0.3561,0.0,0.0,0.0,0.0,15
2023-05-10 09:31:10,OP90002122,深证100ETF沽12月3200,0.0,0.0,0.0,0.0,20,0.3619,0.3734,20,0.3396,0.3561,0.0,0.0,0.0,0.0,15
2023-05-10 09:31:10,OP90002122,深证100ETF沽12月3200,0.0,0.0,0.0,0.0,20,0.3619,0.3734,20,0.3396,0.3561,0.0,0.0,0.0,0.0,15
2023-05-10 09:31:11,OP90002122,深证100ETF沽12月3200,0.0,0.0,0.0,0.0,20,0.362,0.3745,40,0.3396,0.3561,0.0,0.0,0.0,0.0,15
2023-05-10 09:31:11,OP90002122,深证100ETF沽12月3200,0.0,0.0,0.0,0.0,20,0.362,0.3745,40,0.3396,0.3561,0.0,0.0,0.0,0.0,15
2023-05-10 09:31:12,OP90002122,深证100ETF沽12月3200,0.0,0.0,0.0,0.0,20,0.3612,0.3738,20,0.3396,0.3561,0.0,0.0,0.0,0.0,15
2023-05-10 09:31:19,OP90002122,深证100ETF沽12月3200,0.0,0.0,0.0,0.0,20,0.3619,0.3745,40,0.3396,0.3561,0.0,0.0,0.0,0.0,15
2023-05-10 09:31:28,OP90002122,深证100ETF沽12月3200,0.0,0.0,0.0,0.0,20,0.3619,0.3745,40,0.3396,0.3561,0.0,0.0,0.0,0.0,15
2023-05-10 09:31:30,OP90002122,深证100ETF沽12月3200,0.0,0.0,0.0,0.0,20,0.3619,0.3745,40,0.3396,0.3561,0.0,0.0,0.0,0.0,15
2023-05-10 09:31:32,OP90002122,深证100ETF沽12月3200,0.0,0.0,0.0,0.0,20,0.3627,0.3745,40,0.3396,0.3561,0.0,0.0,0.0,0.0,15
2023-05-10 09:31:46,OP90002122,深证100ETF沽12月3200,0.0,0.0,0.0,0.0,20,0.3627,0.3745,40,0.3396,0.3561,0.0,0.0,0.0,0.0,15
2023-05-10 09:31:49,OP90002122,深证100ETF沽12月3200,0.0,0.0,0.0,0.0,20,0.362,0.3736,20,0.3396,0.3561,0.0,0.0,0.0,0.0,15
2023-05-10 09:31:53,OP90002122,深证100ETF沽12月3200,0.0,0.0,0.0,0.0,20,0.362,0.3736,20,0.3396,0.3561,0.0,0.0,0.0,0.0,15
2023-05-10 09:31:56,OP90002122,深证100ETF沽12月3200,0.0,0.0,0.0,0.0,20,0.3611,0.3728,20,0.3396,0.3561,0.0,0.0,0.0,0.0,15
2023-05-10 09:32:07,OP90002122,深证100ETF沽12月3200,0.0,0.0,0.0,0.0,20,0.3619,0.3735,20,0.3396,0.3561,0.0,0.0,0.0,0.0,15
2023-05-10 09:32:07,OP90002122,深证100ETF沽12月3200,0.0,0.0,0.0,0.0,20,0.3619,0.3735,40,0.3396,0.3561,0.0,0.0,0.0,0.0,15
2023-05-10 09:32:08,OP90002122,深证100ETF沽12月3200,0.0,0.0,0.0,0.0,20,0.3619,0.3735,40,0.3396,0.3561,0.0,0.0,0.0,0.0,15
2023-05-10 09:32:10,OP90002122,深证100ETF沽12月3200,0.0,0.0,0.0,0.0,40,0.3611,0.3726,20,0.3396,0.3561,0.0,0.0,0.0,0.0,15
2023-05-10 09:32:10,OP90002122,深证100ETF沽12月3200,0.0,0.0,0.0,0.0,20,0.3611,0.3726,40,0.3396,0.3561,0.0,0.0,0.0,0.0,15
2023-05-10 09:32:11,OP90002122,深证100ETF沽12月3200,0.0,0.0,0.0,0.0,20,0.3611,0.3726,40,0.3396,0.3561,0.0,0.0,0.0,0.0,15
2023-05-10 09:32:12,OP90002122,深证100ETF沽12月3200,0.0,0.0,0.0,0.0,20,0.3622,0.3726,20,0.3396,0.3561,0.0,0.0,0.0,0.0,15
2023-05-10 09:32:12,OP90002122,深证100ETF沽12月3200,0.0,0.0,0.0,0.0,20,0.3622,0.3728,40,0.3396,0.3561,0.0,0.0,0.0,0.0,15
2023-05-10 09:32:13,OP90002122,深证100ETF沽12月3200,0.0,0.0,0.0,0.0,20,0.3622,0.3718,20,0.3396,0.3561,0.0,0.0,0.0,0.0,15
2023-05-10 09:32:17,OP90002122,深证100ETF沽12月3200,0.0,0.0,0.0,0.0,20,0.3622,0.3718,20,0.3396,0.3561,0.0,0.0,0.0,0.0,15
2023-05-10 09:32:22,OP90002122,深证100ETF沽12月3200,0.0,0.0,0.0,0.0,20,0.3622,0.3707,20,0.3396,0.3561,0.0,0.0,0.0,0.0,15
2023-05-10 09:32:23,OP90002122,深证100ETF沽12月3200,0.0,0.0,0.0,0.0,20,0.3613,0.3707,20,0.3396,0.3561,0.0,0.0,0.0,0.0,15
2023-05-10 09:32:24,OP90002122,深证100ETF沽12月3200,0.0,0.0,0.0,0.0,20,0.3613,0.3707,20,0.3396,0.3561,0.0,0.0,0.0,0.0,15
2023-05-10 09:32:29,OP90002122,深证100ETF沽12月3200,0.0,0.0,0.0,0.0,20,0.362,0.3707,20,0.3396,0.3561,0.0,0.0,0.0,0.0,15
2023-05-10 09:32:31,OP90002122,深证100ETF沽12月3200,0.0,0.0,0.0,0.0,20,0.362,0.3707,20,0.3396,0.3561,0.0,0.0,0.0,0.0,15
2023-05-10 09:32:46,OP90002122,深证100ETF沽12月3200,0.0,0.0,0.0,0.0,20,0.3621,0.371,20,0.3396,0.3561,0.0,0.0,0.0,0.0,15
2023-05-10 09:32:46,OP90002122,深证100ETF沽12月3200,0.0,0.0,0.0,0.0,20,0.3621,0.3718,40,0.3396,0.3561,0.0,0.0,0.0,0.0,15
2023-05-10 09:32:47,OP90002122,深证100ETF沽12月3200,0.0,0.0,0.0,0.0,20,0.3621,0.3718,40,0.3396,0.3561,0.0,0.0,0.0,0.0,15
2023-05-10 09:32:47,OP90002122,深证100ETF沽12月3200,0.0,0.0,0.0,0.0,20,0.3621,0.3718,40,0.3396,0.3561,0.0,0.0,0.0,0.0,15
2023-05-10 09:32:48,OP90002122,深证100ETF沽12月3200,0.0,0.0,0.0,0.0,20,0.3621,0.3718,20,0.3396,0.3561,0.0,0.0,0.0,0.0,15
2023-05-10 09:32:51,OP90002122,深证100ETF沽12月3200,0.0,0.0,0.0,0.0,20,0.363,0.3718,20,0.3396,0.3561,0.0,0.0,0.0,0.0,15
2023-05-10 09:32:51,OP90002122,深证100ETF沽12月3200,0.0,0.0,0.0,0.0,20,0.363,0.3718,20,0.3396,0.3561,0.0,0.0,0.0,0.0,15
2023-05-10 09:32:54,OP90002122,深证100ETF沽12月3200,0.0,0.0,0.0,0.0,20,0.3623,0.3718,20,0.3396,0.3561,0.0,0.0,0.0,0.0,15
2023-05-10 09:32:55,OP90002122,深证100ETF沽12月3200,0.0,0.0,0.0,0.0,20,0.3623,0.3718,20,0.3396,0.3561,0.0,0.0,0.0,0.0,15
2023-05-10 09:32:56,OP90002122,深证100ETF沽12月3200,0.0,0.0,0.0,0.0,20,0.363,0.3718,20,0.3396,0.3561,0.0,0.0,0.0,0.0,15
2023-05-10 09:32:58,OP90002122,深证100ETF沽12月3200,0.0,0.0,0.0,0.0,20,0.363,0.3696,20,0.3396,0.3561,0.0,0.0,0.0,0.0,15
2023-05-10 09:33:00,OP90002122,深证100ETF沽12月3200,0.0,0.0,0.0,0.0,20,0.363,0.3696,20,0.3396,0.3561,0.0,0.0,0.0,0.0,15
2023-05-10 09:33:01,OP90002122,深证100ETF沽12月3200,0.0,0.0,0.0,0.0,20,0.363,0.3696,20,0.3396,0.3561,0.0,0.0,0.0,0.0,15
2023-05-10 09:33:08,OP90002122,深证100ETF沽12月3200,0.0,0.0,0.0,0.0,20,0.363,0.3696,20,0.3396,0.3561,0.0,0.0,0.0,0.0,15
2023-05-10 09:33:12,OP90002122,深证100ETF沽12月3200,0.0,0.0,0.0,0.0,20,0.363,0.3696,20,0.3396,0.3561,0.0,0.0,0.0,0.0,15
2023-05-10 09:33:13,OP90002122,深证100ETF沽12月3200,0.0,0.0,0.0,0.0,40,0.3624,0.3696,20,0.3396,0.3561,0.0,0.0,0.0,0.0,15
2023-05-10 09:33:13,OP90002122,深证100ETF沽12月3200,0.0,0.0,0.0,0.0,40,0.3624,0.3696,20,0.3396,0.3561,0.0,0.0,0.0,0.0,15
2023-05-10 09:33:14,OP90002122,深证100ETF沽12月3200,0.0,0.0,0.0,0.0,20,0.3624,0.3696,20,0.3396,0.3561,0.0,0.0,0.0,0.0,15
2023-05-10 09:33:14,OP90002122,深证100ETF沽12月3200,0.0,0.0,0.0,0.0,20,0.3624,0.3696,20,0.3396,0.3561,0.0,0.0,0.0,0.0,15
2023-05-10 09:33:19,OP90002122,深证100ETF沽12月3200,0.0,0.0,0.0,0.0,20,0.3624,0.3696,20,0.3396,0.3561,0.0,0.0,0.0,0.0,15
2023-05-10 09:33:21,OP90002122,深证100ETF沽12月3200,0.0,0.0,0.0,0.0,20,0.3624,0.3696,20,0.3396,0.3561,0.0,0.0,0.0,0.0,15
2023-05-10 09:33:21,OP90002122,深证100ETF沽12月3200,0.0,0.0,0.0,0.0,20,0.3624,0.3696,20,0.3396,0.3561,0.0,0.0,0.0,0.0,15
2023-05-10 09:33:25,OP90002122,深证100ETF沽12月3200,0.0,0.0,0.0,0.0,10,0.3626,0.3696,20,0.3396,0.3561,0.0,0.0,0.0,0.0,15
2023-05-10 09:33:26,OP90002122,深证100ETF沽12月3200,0.0,0.0,0.0,0.0,20,0.3624,0.3696,20,0.3396,0.3561,0.0,0.0,0.0,0.0,15
2023-05-10 09:33:26,OP90002122,深证100ETF沽12月3200,0.0,0.0,0.0,0.0,20,0.3624,0.3696,20,0.3396,0.3561,0.0,0.0,0.0,0.0,15
2023-05-10 09:33:29,OP90002122,深证100ETF沽12月3200,0.0,0.0,0.0,0.0,20,0.3624,0.3696,20,0.3396,0.3561,0.0,0.0,0.0,0.0,15
2023-05-10 09:33:29,OP90002122,深证100ETF沽12月3200,0.0,0.0,0.0,0.0,20,0.3624,0.3696,20,0.3396,0.3561,0.0,0.0,0.0,0.0,15
2023-05-10 09:33:31,OP90002122,深证100ETF沽12月3200,0.0,0.0,0.0,0.0,20,0.3624,0.3696,20,0.3396,0.3561,0.0,0.0,0.0,0.0,15
2023-05-10 09:33:37,OP90002122,深证100ETF沽12月3200,0.0,0.0,0.0,0.0,20,0.3624,0.3696,20,0.3396,0.3561,0.0,0.0,0.0,0.0,15
2023-05-10 09:33:39,OP90002122,深证100ETF沽12月3200,0.0,0.0,0.0,0.0,20,0.3624,0.3696,20,0.3396,0.3561,0.0,0.0,0.0,0.0,15
2023-05-10 09:33:41,OP90002122,深证100ETF沽12月3200,0.0,0.0,0.0,0.0,20,0.3624,0.3696,20,0.3396,0.3561,0.0,0.0,0.0,0.0,15
2023-05-10 09:33:42,OP90002122,深证100ETF沽12月3200,0.0,0.0,0.0,0.0,10,0.3625,0.3696,20,0.3396,0.3561,0.0,0.0,0.0,0.0,15
2023-05-10 09:33:44,OP90002122,深证100ETF沽12月3200,0.0,0.0,0.0,0.0,10,0.3625,0.3696,20,0.3396,0.3561,0.0,0.0,0.0,0.0,15
2023-05-10 09:33:45,OP90002122,深证100ETF沽12月3200,0.0,0.0,0.0,0.0,20,0.3624,0.3696,20,0.3396,0.3561,0.0,0.0,0.0,0.0,15
2023-05-10 09:33:46,OP90002122,深证100ETF沽12月3200,0.0,0.0,0.0,0.0,30,0.3624,0.3696,20,0.3396,0.3561,0.0,0.0,0.0,0.0,15
2023-05-10 09:33:46,OP90002122,深证100ETF沽12月3200,0.0,0.0,0.0,0.0,20,0.3624,0.3696,20,0.3396,0.3561,0.0,0.0,0.0,0.0,15
2023-05-10 09:33:47,OP90002122,深证100ETF沽12月3200,0.0,0.0,0.0,0.0,30,0.3624,0.3696,20,0.3396,0.3561,0.0,0.0,0.0,0.0,15
2023-05-10 09:33:47,OP90002122,深证100ETF沽12月3200,0.0,0.0,0.0,0.0,30,0.3624,0.3696,20,0.3396,0.3561,0.0,0.0,0.0,0.0,15
2023-05-10 09:33:51,OP90002122,深证100ETF沽12月3200,0.0,0.0,0.0,0.0,44,0.3624,0.3696,20,0.3396,0.3561,0.0,0.0,0.0,0.0,15
2023-05-10 09:33:52,OP90002122,深证100ETF沽12月3200,0.0,0.0,0.0,0.0,44,0.3624,0.3696,20,0.3396,0.3561,0.0,0.0,0.0,0.0,15
2023-05-10 09:33:52,OP90002122,深证100ETF沽12月3200,0.0,0.0,0.0,0.0,34,0.3624,0.3696,20,0.3396,0.3561,0.0,0.0,0.0,0.0,15
2023-05-10 09:33:53,OP90002122,深证100ETF沽12月3200,0.0,0.0,0.0,0.0,44,0.3624,0.3696,20,0.3396,0.3561,0.0,0.0,0.0,0.0,15
2023-05-10 09:33:54,OP90002122,深证100ETF沽12月3200,0.0,0.0,0.0,0.0,34,0.3624,0.3696,20,0.3396,0.3561,0.0,0.0,0.0,0.0,15
2023-05-10 09:33:54,OP90002122,深证100ETF沽12月3200,0.0,0.0,0.0,0.0,34,0.3624,0.3696,20,0.3396,0.3561,0.0,0.0,0.0,0.0,15
2023-05-10 09:33:57,OP90002122,深证100ETF沽12月3200,0.0,0.0,0.0,0.0,20,0.3637,0.3696,20,0.3396,0.3561,0.0,0.0,0.0,0.0,15
2023-05-10 09:33:57,OP90002122,深证100ETF沽12月3200,0.0,0.0,0.0,0.0,20,0.3637,0.3696,20,0.3396,0.3561,0.0,0.0,0.0,0.0,15
2023-05-10 09:33:58,OP90002122,深证100ETF沽12月3200,0.0,0.0,0.0,0.0,20,0.3637,0.3696,20,0.3396,0.3561,0.0,0.0,0.0,0.0,15
2023-05-10 09:33:59,OP90002122,深证100ETF沽12月3200,0.0,0.0,0.0,0.0,7,0.3638,0.3696,20,0.3396,0.3561,0.0,0.0,0.0,0.0,15
2023-05-10 09:33:59,OP90002122,深证100ETF沽12月3200,0.0,0.0,0.0,0.0,7,0.3638,0.3696,20,0.3396,0.3561,0.0,0.0,0.0,0.0,15
2023-05-10 09:34:05,OP90002122,深证100ETF沽12月3200,0.0,0.0,0.0,0.0,7,0.3638,0.3696,20,0.3396,0.3561,0.0,0.0,0.0,0.0,15
2023-05-10 09:34:06,OP90002122,深证100ETF沽12月3200,0.0,0.0,0.0,0.0,20,0.3651,0.3696,20,0.3396,0.3561,0.0,0.0,0.0,0.0,15
2023-05-10 09:34:06,OP90002122,深证100ETF沽12月3200,0.0,0.0,0.0,0.0,20,0.3651,0.3711,10,0.3396,0.3561,0.0,0.0,0.0,0.0,15
2023-05-10 09:34:07,OP90002122,深证100ETF沽12月3200,0.0,0.0,0.0,0.0,20,0.3651,0.3711,20,0.3396,0.3561,0.0,0.0,0.0,0.0,15
2023-05-10 09:34:09,OP90002122,深证100ETF沽12月3200,0.0,0.0,0.0,0.0,3,0.3652,0.3711,20,0.3396,0.3561,0.0,0.0,0.0,0.0,15
2023-05-10 09:34:09,OP90002122,深证100ETF沽12月3200,0.0,0.0,0.0,0.0,3,0.3652,0.3711,20,0.3396,0.3561,0.0,0.0,0.0,0.0,15
2023-05-10 09:34:10,OP90002122,深证100ETF沽12月3200,0.0,0.0,0.0,0.0,3,0.3652,0.3711,20,0.3396,0.3561,0.0,0.0,0.0,0.0,15
2023-05-10 09:34:11,OP90002122,深证100ETF沽12月3200,0.0,0.0,0.0,0.0,7,0.3653,0.3711,20,0.3396,0.3561,0.0,0.0,0.0,0.0,15
2023-05-10 09:34:12,OP90002122,深证100ETF沽12月3200,0.0,0.0,0.0,0.0,7,0.3653,0.3711,20,0.3396,0.3561,0.0,0.0,0.0,0.0,15
2023-05-10 09:34:14,OP90002122,深证100ETF沽12月3200,0.0,0.0,0.0,0.0,7,0.3653,0.3711,20,0.3396,0.3561,0.0,0.0,0.0,0.0,15
2023-05-10 09:34:15,OP90002122,深证100ETF沽12月3200,0.0,0.0,0.0,0.0,7,0.3653,0.3711,20,0.3396,0.3561,0.0,0.0,0.0,0.0,15
2023-05-10 09:34:15,OP90002122,深证100ETF沽12月3200,0.0,0.0,0.0,0.0,7,0.3653,0.3706,10,0.3396,0.3561,0.0,0.0,0.0,0.0,15
2023-05-10 09:34:16,OP90002122,深证100ETF沽12月3200,0.0,0.0,0.0,0.0,7,0.3653,0.3711,20,0.3396,0.3561,0.0,0.0,0.0,0.0,15
2023-05-10 09:34:16,OP90002122,深证100ETF沽12月3200,0.0,0.0,0.0,0.0,7,0.3653,0.3711,20,0.3396,0.3561,0.0,0.0,0.0,0.0,15
2023-05-10 09:34:17,OP90002122,深证100ETF沽12月3200,0.0,0.0,0.0,0.0,7,0.3653,0.3707,10,0.3396,0.3561,0.0,0.0,0.0,0.0,15
2023-05-10 09:34:17,OP90002122,深证100ETF沽12月3200,0.0,0.0,0.0,0.0,7,0.3653,0.3707,10,0.3396,0.3561,0.0,0.0,0.0,0.0,15
2023-05-10 09:34:18,OP90002122,深证100ETF沽12月3200,0.0,0.0,0.0,0.0,7,0.3653,0.3707,10,0.3396,0.3561,0.0,0.0,0.0,0.0,15
2023-05-10 09:34:18,OP90002122,深证100ETF沽12月3200,0.0,0.0,0.0,0.0,7,0.3653,0.3711,20,0.3396,0.3561,0.0,0.0,0.0,0.0,15
2023-05-10 09:34:19,OP90002122,深证100ETF沽12月3200,0.0,0.0,0.0,0.0,7,0.3653,0.3709,10,0.3396,0.3561,0.0,0.0,0.0,0.0,15
2023-05-10 09:34:20,OP90002122,深证100ETF沽12月3200,0.0,0.0,0.0,0.0,7,0.3653,0.3708,10,0.3396,0.3561,0.0,0.0,0.0,0.0,15
2023-05-10 09:34:20,OP90002122,深证100ETF沽12月3200,0.0,0.0,0.0,0.0,7,0.3653,0.3708,10,0.3396,0.3561,0.0,0.0,0.0,0.0,15
2023-05-10 09:34:21,OP90002122,深证100ETF沽12月3200,0.0,0.0,0.0,0.0,7,0.3653,0.3711,20,0.3396,0.3561,0.0,0.0,0.0,0.0,15
2023-05-10 09:34:21,OP90002122,深证100ETF沽12月3200,0.0,0.0,0.0,0.0,7,0.3653,0.3711,20,0.3396,0.3561,0.0,0.0,0.0,0.0,15
2023-05-10 09:34:23,OP90002122,深证100ETF沽12月3200,0.0,0.0,0.0,0.0,7,0.3653,0.3711,20,0.3396,0.3561,0.0,0.0,0.0,0.0,15
2023-05-10 09:34:23,OP90002122,深证100ETF沽12月3200,0.0,0.0,0.0,0.0,7,0.3653,0.3711,20,0.3396,0.3561,0.0,0.0,0.0,0.0,15
2023-05-10 09:34:24,OP90002122,深证100ETF沽12月3200,0.0,0.0,0.0,0.0,7,0.3653,0.3711,20,0.3396,0.3561,0.0,0.0,0.0,0.0,15
2023-05-10 09:34:27,OP90002122,深证100ETF沽12月3200,0.0,0.0,0.0,0.0,7,0.3653,0.3711,20,0.3396,0.3561,0.0,0.0,0.0,0.0,15
2023-05-10 09:34:29,OP90002122,深证100ETF沽12月3200,0.0,0.0,0.0,0.0,11,0.3653,0.3711,20,0.3396,0.3561,0.0,0.0,0.0,0.0,15
2023-05-10 09:34:32,OP90002122,深证100ETF沽12月3200,0.0,0.0,0.0,0.0,31,0.3653,0.3711,20,0.3396,0.3561,0.0,0.0,0.0,0.0,15
2023-05-10 09:34:32,OP90002122,深证100ETF沽12月3200,0.0,0.0,0.0,0.0,31,0.3653,0.3711,20,0.3396,0.3561,0.0,0.0,0.0,0.0,15
2023-05-10 09:34:34,OP90002122,深证100ETF沽12月3200,0.0,0.0,0.0,0.0,31,0.3653,0.3711,20,0.3396,0.3561,0.0,0.0,0.0,0.0,15
2023-05-10 09:34:51,OP90002122,深证100ETF沽12月3200,0.0,0.0,0.0,0.0,41,0.3653,0.3711,20,0.3396,0.3561,0.0,0.0,0.0,0.0,15
2023-05-10 09:34:53,OP90002122,深证100ETF沽12月3200,0.0,0.0,0.0,0.0,31,0.3653,0.3711,20,0.3396,0.3561,0.0,0.0,0.0,0.0,15
2023-05-10 09:34:54,OP90002122,深证100ETF沽12月3200,0.0,0.0,0.0,0.0,31,0.3653,0.3711,20,0.3396,0.3561,0.0,0.0,0.0,0.0,15
2023-05-10 09:34:55,OP90002122,深证100ETF沽12月3200,0.0,0.0,0.0,0.0,31,0.3653,0.3711,20,0.3396,0.3561,0.0,0.0,0.0,0.0,15
2023-05-10 09:34:57,OP90002122,深证100ETF沽12月3200,0.0,0.0,0.0,0.0,31,0.3653,0.3705,20,0.3396,0.3561,0.0,0.0,0.0,0.0,15
2023-05-10 09:34:57,OP90002122,深证100ETF沽12月3200,0.0,0.0,0.0,0.0,31,0.3653,0.3705,20,0.3396,0.3561,0.0,0.0,0.0,0.0,15
2023-05-10 09:34:58,OP90002122,深证100ETF沽12月3200,0.0,0.0,0.0,0.0,31,0.3653,0.3705,20,0.3396,0.3561,0.0,0.0,0.0,0.0,15
2023-05-10 09:34:58,OP90002122,深证100ETF沽12月3200,0.0,0.0,0.0,0.0,31,0.3653,0.3697,20,0.3396,0.3561,0.0,0.0,0.0,0.0,15
2023-05-10 09:34:59,OP90002122,深证100ETF沽12月3200,0.0,0.0,0.0,0.0,31,0.3653,0.3697,20,0.3396,0.3561,0.0,0.0,0.0,0.0,15
2023-05-10 09:34:59,OP90002122,深证100ETF沽12月3200,0.0,0.0,0.0,0.0,31,0.3653,0.3697,20,0.3396,0.3561,0.0,0.0,0.0,0.0,15
2023-05-10 09:35:00,OP90002122,深证100ETF沽12月3200,0.0,0.0,0.0,0.0,31,0.3653,0.3697,20,0.3396,0.3561,0.0,0.0,0.0,0.0,15
2023-05-10 09:35:00,OP90002122,深证100ETF沽12月3200,0.0,0.0,0.0,0.0,30,0.3653,0.3697,20,0.3396,0.3561,0.0,0.0,0.0,0.0,15
2023-05-10 09:35:01,OP90002122,深证100ETF沽12月3200,0.0,0.0,0.0,0.0,24,0.3653,0.3697,20,0.3396,0.3561,0.0,0.0,0.0,0.0,15
2023-05-10 09:35:01,OP90002122,深证100ETF沽12月3200,0.0,0.0,0.0,0.0,24,0.3653,0.3697,20,0.3396,0.3561,0.0,0.0,0.0,0.0,15
2023-05-10 09:35:04,OP90002122,深证100ETF沽12月3200,0.0,0.0,0.0,0.0,20,0.3653,0.3697,20,0.3396,0.3561,0.0,0.0,0.0,0.0,15
2023-05-10 09:35:05,OP90002122,深证100ETF沽12月3200,0.0,0.0,0.0,0.0,20,0.3653,0.3697,20,0.3396,0.3561,0.0,0.0,0.0,0.0,15
2023-05-10 09:35:06,OP90002122,深证100ETF沽12月3200,0.0,0.0,0.0,0.0,50,0.3645,0.3697,20,0.3396,0.3561,0.0,0.0,0.0,0.0,15
2023-05-10 09:35:06,OP90002122,深证100ETF沽12月3200,0.0,0.0,0.0,0.0,20,0.3645,0.3697,20,0.3396,0.3561,0.0,0.0,0.0,0.0,15
2023-05-10 09:35:07,OP90002122,深证100ETF沽12月3200,0.0,0.0,0.0,0.0,20,0.3645,0.3697,20,0.3396,0.3561,0.0,0.0,0.0,0.0,15
2023-05-10 09:35:07,OP90002122,深证100ETF沽12月3200,0.0,0.0,0.0,0.0,20,0.3645,0.3697,20,0.3396,0.3561,0.0,0.0,0.0,0.0,15
2023-05-10 09:35:08,OP90002122,深证100ETF沽12月3200,0.0,0.0,0.0,0.0,40,0.3637,0.3697,20,0.3396,0.3561,0.0,0.0,0.0,0.0,15
2023-05-10 09:35:08,OP90002122,深证100ETF沽12月3200,0.0,0.0,0.0,0.0,6,0.3638,0.3697,20,0.3396,0.3561,0.0,0.0,0.0,0.0,15
2023-05-10 09:35:09,OP90002122,深证100ETF沽12月3200,0.0,0.0,0.0,0.0,10,0.3644,0.3697,20,0.3396,0.3561,0.0,0.0,0.0,0.0,15
2023-05-10 09:35:09,OP90002122,深证100ETF沽12月3200,0.0,0.0,0.0,0.0,6,0.3638,0.3697,20,0.3396,0.3561,0.0,0.0,0.0,0.0,15
2023-05-10 09:35:10,OP90002122,深证100ETF沽12月3200,0.0,0.0,0.0,0.0,10,0.3643,0.3697,20,0.3396,0.3561,0.0,0.0,0.0,0.0,15
2023-05-10 09:35:11,OP90002122,深证100ETF沽12月3200,0.0,0.0,0.0,0.0,6,0.3638,0.3697,20,0.3396,0.3561,0.0,0.0,0.0,0.0,15
2023-05-10 09:35:13,OP90002122,深证100ETF沽12月3200,0.0,0.0,0.0,0.0,6,0.3638,0.3697,20,0.3396,0.3561,0.0,0.0,0.0,0.0,15
2023-05-10 09:35:14,OP90002122,深证100ETF沽12月3200,0.0,0.0,0.0,0.0,6,0.3638,0.3697,20,0.3396,0.3561,0.0,0.0,0.0,0.0,15
2023-05-10 09:35:17,OP90002122,深证100ETF沽12月3200,0.0,0.0,0.0,0.0,10,0.3642,0.3697,20,0.3396,0.3561,0.0,0.0,0.0,0.0,15
2023-05-10 09:35:17,OP90002122,深证100ETF沽12月3200,0.0,0.0,0.0,0.0,20,0.3659,0.3697,20,0.3396,0.3561,0.0,0.0,0.0,0.0,15
2023-05-10 09:35:18,OP90002122,深证100ETF沽12月3200,0.0,0.0,0.0,0.0,40,0.3659,0.3697,20,0.3396,0.3561,0.0,0.0,0.0,0.0,15
2023-05-10 09:35:18,OP90002122,深证100ETF沽12月3200,0.0,0.0,0.0,0.0,40,0.3659,0.3701,20,0.3396,0.3561,0.0,0.0,0.0,0.0,15
2023-05-10 09:35:19,OP90002122,深证100ETF沽12月3200,0.0,0.0,0.0,0.0,40,0.3659,0.3705,30,0.3396,0.3561,0.0,0.0,0.0,0.0,15
2023-05-10 09:35:19,OP90002122,深证100ETF沽12月3200,0.0,0.0,0.0,0.0,40,0.3659,0.3705,20,0.3396,0.3561,0.0,0.0,0.0,0.0,15
2023-05-10 09:35:20,OP90002122,深证100ETF沽12月3200,0.0,0.0,0.0,0.0,40,0.3659,0.3705,20,0.3396,0.3561,0.0,0.0,0.0,0.0,15
2023-05-10 09:35:21,OP90002122,深证100ETF沽12月3200,0.0,0.0,0.0,0.0,40,0.3659,0.3705,20,0.3396,0.3561,0.0,0.0,0.0,0.0,15
2023-05-10 09:35:21,OP90002122,深证100ETF沽12月3200,0.0,0.0,0.0,0.0,40,0.3659,0.3705,20,0.3396,0.3561,0.0,0.0,0.0,0.0,15
2023-05-10 09:35:23,OP90002122,深证100ETF沽12月3200,0.0,0.0,0.0,0.0,40,0.3659,0.3711,20,0.3396,0.3561,0.0,0.0,0.0,0.0,15
2023-05-10 09:35:23,OP90002122,深证100ETF沽12月3200,0.0,0.0,0.0,0.0,40,0.3659,0.3711,20,0.3396,0.3561,0.0,0.0,0.0,0.0,15
2023-05-10 09:35:26,OP90002122,深证100ETF沽12月3200,0.0,0.0,0.0,0.0,40,0.3659,0.3711,20,0.3396,0.3561,0.0,0.0,0.0,0.0,15
2023-05-10 09:35:57,OP90002122,深证100ETF沽12月3200,0.0,0.0,0.0,0.0,40,0.3659,0.3711,20,0.3396,0.3561,0.0,0.0,0.0,0.0,15
2023-05-10 09:35:59,OP90002122,深证100ETF沽12月3200,0.0,0.0,0.0,0.0,20,0.3659,0.3711,20,0.3396,0.3561,0.0,0.0,0.0,0.0,15
2023-05-10 09:36:00,OP90002122,深证100ETF沽12月3200,0.0,0.0,0.0,0.0,20,0.3659,0.3711,20,0.3396,0.3561,0.0,0.0,0.0,0.0,15
2023-05-10 09:36:00,OP90002122,深证100ETF沽12月3200,0.0,0.0,0.0,0.0,20,0.3659,0.3703,20,0.3396,0.3561,0.0,0.0,0.0,0.0,15
2023-05-10 09:36:01,OP90002122,深证100ETF沽12月3200,0.0,0.0,0.0,0.0,20,0.3659,0.3703,20,0.3396,0.3561,0.0,0.0,0.0,0.0,15
2023-05-10 09:36:02,OP90002122,深证100ETF沽12月3200,0.0,0.0,0.0,0.0,20,0.3659,0.3703,20,0.3396,0.3561,0.0,0.0,0.0,0.0,15
2023-05-10 09:36:05,OP90002122,深证100ETF沽12月3200,0.0,0.0,0.0,0.0,20,0.3659,0.3703,20,0.3396,0.3561,0.0,0.0,0.0,0.0,15
2023-05-10 09:36:06,OP90002122,深证100ETF沽12月3200,0.0,0.0,0.0,0.0,20,0.3668,0.3703,20,0.3396,0.3561,0.0,0.0,0.0,0.0,15
2023-05-10 09:36:06,OP90002122,深证100ETF沽12月3200,0.0,0.0,0.0,0.0,20,0.3668,0.3703,20,0.3396,0.3561,0.0,0.0,0.0,0.0,15
2023-05-10 09:36:08,OP90002122,深证100ETF沽12月3200,0.0,0.0,0.0,0.0,20,0.3668,0.3703,20,0.3396,0.3561,0.0,0.0,0.0,0.0,15
2023-05-10 09:36:10,OP90002122,深证100ETF沽12月3200,0.0,0.0,0.0,0.0,20,0.3668,0.3703,40,0.3396,0.3561,0.0,0.0,0.0,0.0,15
2023-05-10 09:36:11,OP90002122,深证100ETF沽12月3200,0.0,0.0,0.0,0.0,20,0.3668,0.3703,40,0.3396,0.3561,0.0,0.0,0.0,0.0,15
2023-05-10 09:36:21,OP90002122,深证100ETF沽12月3200,0.0,0.0,0.0,0.0,20,0.3668,0.3703,40,0.3396,0.3561,0.0,0.0,0.0,0.0,15
2023-05-10 09:36:25,OP90002122,深证100ETF沽12月3200,0.0,0.0,0.0,0.0,20,0.3668,0.3703,40,0.3396,0.3561,0.0,0.0,0.0,0.0,15
2023-05-10 09:36:25,OP90002122,深证100ETF沽12月3200,0.0,0.0,0.0,0.0,20,0.3668,0.3703,20,0.3396,0.3561,0.0,0.0,0.0,0.0,15
2023-05-10 09:36:26,OP90002122,深证100ETF沽12月3200,0.0,0.0,0.0,0.0,20,0.3668,0.371,40,0.3396,0.3561,0.0,0.0,0.0,0.0,15
2023-05-10 09:36:26,OP90002122,深证100ETF沽12月3200,0.0,0.0,0.0,0.0,20,0.3668,0.371,40,0.3396,0.3561,0.0,0.0,0.0,0.0,15
2023-05-10 09:36:31,OP90002122,深证100ETF沽12月3200,0.0,0.0,0.0,0.0,20,0.3668,0.371,40,0.3396,0.3561,0.0,0.0,0.0,0.0,15
2023-05-10 09:36:32,OP90002122,深证100ETF沽12月3200,0.0,0.0,0.0,0.0,20,0.3668,0.371,40,0.3396,0.3561,0.0,0.0,0.0,0.0,15
2023-05-10 09:36:33,OP90002122,深证100ETF沽12月3200,0.0,0.0,0.0,0.0,20,0.3682,0.371,40,0.3396,0.3561,0.0,0.0,0.0,0.0,15
2023-05-10 09:36:33,OP90002122,深证100ETF沽12月3200,0.0,0.0,0.0,0.0,20,0.3682,0.371,20,0.3396,0.3561,0.0,0.0,0.0,0.0,15
2023-05-10 09:36:34,OP90002122,深证100ETF沽12月3200,0.0,0.0,0.0,0.0,20,0.3681,0.371,20,0.3396,0.3561,0.0,0.0,0.0,0.0,15
2023-05-10 09:36:34,OP90002122,深证100ETF沽12月3200,0.0,0.0,0.0,0.0,20,0.3681,0.371,20,0.3396,0.3561,0.0,0.0,0.0,0.0,15
2023-05-10 09:36:37,OP90002122,深证100ETF沽12月3200,0.0,0.0,0.0,0.0,20,0.3681,0.371,20,0.3396,0.3561,0.0,0.0,0.0,0.0,15
2023-05-10 09:36:38,OP90002122,深证100ETF沽12月3200,0.0,0.0,0.0,0.0,20,0.3681,0.371,20,0.3396,0.3561,0.0,0.0,0.0,0.0,15
2023-05-10 09:36:39,OP90002122,深证100ETF沽12月3200,0.0,0.0,0.0,0.0,20,0.3681,0.3717,50,0.3396,0.3561,0.0,0.0,0.0,0.0,15
2023-05-10 09:36:39,OP90002122,深证100ETF沽12月3200,0.0,0.0,0.0,0.0,20,0.3681,0.3717,20,0.3396,0.3561,0.0,0.0,0.0,0.0,15
2023-05-10 09:36:40,OP90002122,深证100ETF沽12月3200,0.0,0.0,0.0,0.0,20,0.3671,0.3717,20,0.3396,0.3561,0.0,0.0,0.0,0.0,15
2023-05-10 09:36:40,OP90002122,深证100ETF沽12月3200,0.0,0.0,0.0,0.0,20,0.3682,0.3717,20,0.3396,0.3561,0.0,0.0,0.0,0.0,15
2023-05-10 09:36:41,OP90002122,深证100ETF沽12月3200,0.0,0.0,0.0,0.0,20,0.3682,0.3717,20,0.3396,0.3561,0.0,0.0,0.0,0.0,15
2023-05-10 09:36:41,OP90002122,深证100ETF沽12月3200,0.0,0.0,0.0,0.0,20,0.3682,0.3717,20,0.3396,0.3561,0.0,0.0,0.0,0.0,15
2023-05-10 09:36:42,OP90002122,深证100ETF沽12月3200,0.0,0.0,0.0,0.0,20,0.3682,0.3717,20,0.3396,0.3561,0.0,0.0,0.0,0.0,15
2023-05-10 09:36:44,OP90002122,深证100ETF沽12月3200,0.0,0.0,0.0,0.0,20,0.3682,0.3722,40,0.3396,0.3561,0.0,0.0,0.0,0.0,15
2023-05-10 09:36:45,OP90002122,深证100ETF沽12月3200,0.0,0.0,0.0,0.0,20,0.3682,0.3722,40,0.3396,0.3561,0.0,0.0,0.0,0.0,15
2023-05-10 09:36:45,OP90002122,深证100ETF沽12月3200,0.0,0.0,0.0,0.0,20,0.3682,0.3722,40,0.3396,0.3561,0.0,0.0,0.0,0.0,15
2023-05-10 09:36:47,OP90002122,深证100ETF沽12月3200,0.0,0.0,0.0,0.0,20,0.3682,0.3722,40,0.3396,0.3561,0.0,0.0,0.0,0.0,15
2023-05-10 09:36:55,OP90002122,深证100ETF沽12月3200,0.0,0.0,0.0,0.0,20,0.3682,0.371,20,0.3396,0.3561,0.0,0.0,0.0,0.0,15
2023-05-10 09:36:56,OP90002122,深证100ETF沽12月3200,0.0,0.0,0.0,0.0,20,0.3682,0.371,40,0.3396,0.3561,0.0,0.0,0.0,0.0,15
2023-05-10 09:36:57,OP90002122,深证100ETF沽12月3200,0.0,0.0,0.0,0.0,20,0.3682,0.371,40,0.3396,0.3561,0.0,0.0,0.0,0.0,15
2023-05-10 09:36:57,OP90002122,深证100ETF沽12月3200,0.0,0.0,0.0,0.0,20,0.3682,0.371,40,0.3396,0.3561,0.0,0.0,0.0,0.0,15
2023-05-10 09:36:59,OP90002122,深证100ETF沽12月3200,0.0,0.0,0.0,0.0,20,0.3682,0.371,40,0.3396,0.3561,0.0,0.0,0.0,0.0,15
2023-05-10 09:37:01,OP90002122,深证100ETF沽12月3200,0.0,0.0,0.0,0.0,20,0.3682,0.371,40,0.3396,0.3561,0.0,0.0,0.0,0.0,15
2023-05-10 09:37:02,OP90002122,深证100ETF沽12月3200,0.0,0.0,0.0,0.0,20,0.3682,0.371,20,0.3396,0.3561,0.0,0.0,0.0,0.0,15
2023-05-10 09:37:02,OP90002122,深证100ETF沽12月3200,0.0,0.0,0.0,0.0,20,0.3682,0.3722,40,0.3396,0.3561,0.0,0.0,0.0,0.0,15
2023-05-10 09:37:03,OP90002122,深证100ETF沽12月3200,0.0,0.0,0.0,0.0,20,0.3682,0.3722,40,0.3396,0.3561,0.0,0.0,0.0,0.0,15
2023-05-10 09:37:03,OP90002122,深证100ETF沽12月3200,0.0,0.0,0.0,0.0,20,0.3682,0.3722,40,0.3396,0.3561,0.0,0.0,0.0,0.0,15
2023-05-10 09:37:06,OP90002122,深证100ETF沽12月3200,0.0,0.0,0.0,0.0,20,0.3682,0.3722,40,0.3396,0.3561,0.0,0.0,0.0,0.0,15
2023-05-10 09:37:07,OP90002122,深证100ETF沽12月3200,0.0,0.0,0.0,0.0,20,0.3682,0.3722,40,0.3396,0.3561,0.0,0.0,0.0,0.0,15
2023-05-10 09:37:12,OP90002122,深证100ETF沽12月3200,0.0,0.0,0.0,0.0,20,0.3682,0.3722,40,0.3396,0.3561,0.0,0.0,0.0,0.0,15
2023-05-10 09:37:24,OP90002122,深证100ETF沽12月3200,0.0,0.0,0.0,0.0,20,0.3682,0.3722,40,0.3396,0.3561,0.0,0.0,0.0,0.0,15
2023-05-10 09:37:26,OP90002122,深证100ETF沽12月3200,0.0,0.0,0.0,0.0,20,0.3682,0.3722,40,0.3396,0.3561,0.0,0.0,0.0,0.0,15
2023-05-10 09:37:28,OP90002122,深证100ETF沽12月3200,0.0,0.0,0.0,0.0,20,0.3671,0.3722,40,0.3396,0.3561,0.0,0.0,0.0,0.0,15
2023-05-10 09:37:29,OP90002122,深证100ETF沽12月3200,0.0,0.0,0.0,0.0,20,0.3671,0.3722,40,0.3396,0.3561,0.0,0.0,0.0,0.0,15
2023-05-10 09:37:29,OP90002122,深证100ETF沽12月3200,0.0,0.0,0.0,0.0,20,0.3675,0.3722,40,0.3396,0.3561,0.0,0.0,0.0,0.0,15
2023-05-10 09:37:30,OP90002122,深证100ETF沽12月3200,0.0,0.0,0.0,0.0,20,0.3688,0.3722,40,0.3396,0.3561,0.0,0.0,0.0,0.0,15
2023-05-10 09:37:30,OP90002122,深证100ETF沽12月3200,0.0,0.0,0.0,0.0,20,0.3688,0.3722,40,0.3396,0.3561,0.0,0.0,0.0,0.0,15
2023-05-10 09:37:33,OP90002122,深证100ETF沽12月3200,0.0,0.0,0.0,0.0,20,0.3688,0.3722,40,0.3396,0.3561,0.0,0.0,0.0,0.0,15
2023-05-10 09:37:34,OP90002122,深证100ETF沽12月3200,0.0,0.0,0.0,0.0,20,0.3688,0.3722,40,0.3396,0.3561,0.0,0.0,0.0,0.0,15
2023-05-10 09:37:43,OP90002122,深证100ETF沽12月3200,0.0,0.0,0.0,0.0,20,0.3688,0.3722,20,0.3396,0.3561,0.0,0.0,0.0,0.0,15
2023-05-10 09:37:47,OP90002122,深证100ETF沽12月3200,0.0,0.0,0.0,0.0,40,0.3688,0.3722,20,0.3396,0.3561,0.0,0.0,0.0,0.0,15
2023-05-10 09:37:48,OP90002122,深证100ETF沽12月3200,0.0,0.0,0.0,0.0,40,0.3688,0.3722,20,0.3396,0.3561,0.0,0.0,0.0,0.0,15
2023-05-10 09:37:49,OP90002122,深证100ETF沽12月3200,0.0,0.0,0.0,0.0,40,0.3688,0.3722,20,0.3396,0.3561,0.0,0.0,0.0,0.0,15
2023-05-10 09:37:50,OP90002122,深证100ETF沽12月3200,0.0,0.0,0.0,0.0,40,0.3688,0.3722,20,0.3396,0.3561,0.0,0.0,0.0,0.0,15
2023-05-10 09:37:51,OP90002122,深证100ETF沽12月3200,0.0,0.0,0.0,0.0,40,0.3688,0.3722,20,0.3396,0.3561,0.0,0.0,0.0,0.0,15
2023-05-10 09:37:53,OP90002122,深证100ETF沽12月3200,0.0,0.0,0.0,0.0,40,0.3688,0.3722,20,0.3396,0.3561,0.0,0.0,0.0,0.0,15
2023-05-10 09:38:05,OP90002122,深证100ETF沽12月3200,0.0,0.0,0.0,0.0,7,0.3689,0.3722,20,0.3396,0.3561,0.0,0.0,0.0,0.0,15
2023-05-10 09:38:10,OP90002122,深证100ETF沽12月3200,0.0,0.0,0.0,0.0,20,0.3688,0.3722,20,0.3396,0.3561,0.0,0.0,0.0,0.0,15
2023-05-10 09:38:11,OP90002122,深证100ETF沽12月3200,0.0,0.0,0.0,0.0,10,0.3686,0.3722,20,0.3396,0.3561,0.0,0.0,0.0,0.0,15
2023-05-10 09:38:11,OP90002122,深证100ETF沽12月3200,0.0,0.0,0.0,0.0,20,0.3681,0.3722,40,0.3396,0.3561,0.0,0.0,0.0,0.0,15
2023-05-10 09:38:12,OP90002122,深证100ETF沽12月3200,0.0,0.0,0.0,0.0,1,0.3682,0.3722,40,0.3396,0.3561,0.0,0.0,0.0,0.0,15
2023-05-10 09:38:12,OP90002122,深证100ETF沽12月3200,0.0,0.0,0.0,0.0,1,0.3682,0.3722,40,0.3396,0.3561,0.0,0.0,0.0,0.0,15
2023-05-10 09:38:13,OP90002122,深证100ETF沽12月3200,0.0,0.0,0.0,0.0,20,0.3681,0.3722,40,0.3396,0.3561,0.0,0.0,0.0,0.0,15
2023-05-10 09:38:13,OP90002122,深证100ETF沽12月3200,0.0,0.0,0.0,0.0,20,0.3681,0.3722,40,0.3396,0.3561,0.0,0.0,0.0,0.0,15
2023-05-10 09:38:46,OP90002122,深证100ETF沽12月3200,0.0,0.0,0.0,0.0,20,0.3681,0.3722,40,0.3396,0.3561,0.0,0.0,0.0,0.0,15
2023-05-10 09:38:51,OP90002122,深证100ETF沽12月3200,0.0,0.0,0.0,0.0,20,0.3681,0.3722,40,0.3396,0.3561,0.0,0.0,0.0,0.0,15
2023-05-10 09:38:54,OP90002122,深证100ETF沽12月3200,0.0,0.0,0.0,0.0,20,0.3681,0.3722,40,0.3396,0.3561,0.0,0.0,0.0,0.0,15
2023-05-10 09:39:02,OP90002122,深证100ETF沽12月3200,0.0,0.0,0.0,0.0,20,0.3681,0.3722,40,0.3396,0.3561,0.0,0.0,0.0,0.0,15
2023-05-10 09:39:03,OP90002122,深证100ETF沽12月3200,0.0,0.0,0.0,0.0,20,0.3681,0.3722,40,0.3396,0.3561,0.0,0.0,0.0,0.0,15
2023-05-10 09:39:09,OP90002122,深证100ETF沽12月3200,0.0,0.0,0.0,0.0,20,0.3681,0.3722,40,0.3396,0.3561,0.0,0.0,0.0,0.0,15
2023-05-10 09:39:15,OP90002122,深证100ETF沽12月3200,0.0,0.0,0.0,0.0,20,0.3675,0.3722,40,0.3396,0.3561,0.0,0.0,0.0,0.0,15
2023-05-10 09:39:15,OP90002122,深证100ETF沽12月3200,0.0,0.0,0.0,0.0,20,0.3675,0.3722,40,0.3396,0.3561,0.0,0.0,0.0,0.0,15
2023-05-10 09:39:17,OP90002122,深证100ETF沽12月3200,0.0,0.0,0.0,0.0,20,0.3675,0.3722,40,0.3396,0.3561,0.0,0.0,0.0,0.0,15
2023-05-10 09:39:24,OP90002122,深证100ETF沽12月3200,0.0,0.0,0.0,0.0,20,0.3675,0.3722,40,0.3396,0.3561,0.0,0.0,0.0,0.0,15
2023-05-10 09:39:25,OP90002122,深证100ETF沽12月3200,0.0,0.0,0.0,0.0,20,0.3675,0.3722,40,0.3396,0.3561,0.0,0.0,0.0,0.0,15
2023-05-10 09:39:26,OP90002122,深证100ETF沽12月3200,0.0,0.0,0.0,0.0,20,0.3675,0.3722,40,0.3396,0.3561,0.0,0.0,0.0,0.0,15
2023-05-10 09:39:27,OP90002122,深证100ETF沽12月3200,0.0,0.0,0.0,0.0,20,0.3675,0.3722,40,0.3396,0.3561,0.0,0.0,0.0,0.0,15
2023-05-10 09:39:29,OP90002122,深证100ETF沽12月3200,0.0,0.0,0.0,0.0,1,0.3676,0.3722,40,0.3396,0.3561,0.0,0.0,0.0,0.0,15
2023-05-10 09:39:34,OP90002122,深证100ETF沽12月3200,0.0,0.0,0.0,0.0,20,0.3675,0.3722,40,0.3396,0.3561,0.0,0.0,0.0,0.0,15
2023-05-10 09:39:40,OP90002122,深证100ETF沽12月3200,0.0,0.0,0.0,0.0,20,0.3675,0.3711,20,0.3396,0.3561,0.0,0.0,0.0,0.0,15
2023-05-10 09:39:40,OP90002122,深证100ETF沽12月3200,0.0,0.0,0.0,0.0,20,0.3675,0.3711,40,0.3396,0.3561,0.0,0.0,0.0,0.0,15
2023-05-10 09:39:41,OP90002122,深证100ETF沽12月3200,0.0,0.0,0.0,0.0,20,0.3675,0.3711,40,0.3396,0.3561,0.0,0.0,0.0,0.0,15
2023-05-10 09:39:53,OP90002122,深证100ETF沽12月3200,0.0,0.0,0.0,0.0,40,0.3675,0.3711,20,0.3396,0.3561,0.0,0.0,0.0,0.0,15
2023-05-10 09:39:53,OP90002122,深证100ETF沽12月3200,0.0,0.0,0.0,0.0,40,0.3675,0.3711,20,0.3396,0.3561,0.0,0.0,0.0,0.0,15
2023-05-10 09:39:54,OP90002122,深证100ETF沽12月3200,0.0,0.0,0.0,0.0,40,0.3675,0.3711,20,0.3396,0.3561,0.0,0.0,0.0,0.0,15
2023-05-10 09:39:55,OP90002122,深证100ETF沽12月3200,0.0,0.0,0.0,0.0,40,0.3675,0.3711,20,0.3396,0.3561,0.0,0.0,0.0,0.0,15
2023-05-10 09:39:55,OP90002122,深证100ETF沽12月3200,0.0,0.0,0.0,0.0,20,0.3675,0.3711,40,0.3396,0.3561,0.0,0.0,0.0,0.0,15
2023-05-10 09:39:56,OP90002122,深证100ETF沽12月3200,0.0,0.0,0.0,0.0,20,0.3675,0.3711,40,0.3396,0.3561,0.0,0.0,0.0,0.0,15
2023-05-10 09:39:57,OP90002122,深证100ETF沽12月3200,0.0,0.0,0.0,0.0,20,0.3675,0.3711,20,0.3396,0.3561,0.0,0.0,0.0,0.0,15
2023-05-10 09:40:01,OP90002122,深证100ETF沽12月3200,0.0,0.0,0.0,0.0,20,0.3675,0.3711,40,0.3396,0.3561,0.0,0.0,0.0,0.0,15
2023-05-10 09:40:05,OP90002122,深证100ETF沽12月3200,0.0,0.0,0.0,0.0,20,0.3675,0.3711,40,0.3396,0.3561,0.0,0.0,0.0,0.0,15
2023-05-10 09:40:06,OP90002122,深证100ETF沽12月3200,0.0,0.0,0.0,0.0,40,0.3675,0.3711,40,0.3396,0.3561,0.0,0.0,0.0,0.0,15
2023-05-10 09:40:06,OP90002122,深证100ETF沽12月3200,0.0,0.0,0.0,0.0,40,0.3675,0.3711,40,0.3396,0.3561,0.0,0.0,0.0,0.0,15
2023-05-10 09:40:07,OP90002122,深证100ETF沽12月3200,0.0,0.0,0.0,0.0,40,0.3675,0.3711,40,0.3396,0.3561,0.0,0.0,0.0,0.0,15
2023-05-10 09:40:09,OP90002122,深证100ETF沽12月3200,0.0,0.0,0.0,0.0,20,0.3685,0.3711,20,0.3396,0.3561,0.0,0.0,0.0,0.0,15
2023-05-10 09:40:09,OP90002122,深证100ETF沽12月3200,0.0,0.0,0.0,0.0,20,0.3685,0.3711,20,0.3396,0.3561,0.0,0.0,0.0,0.0,15
2023-05-10 09:40:26,OP90002122,深证100ETF沽12月3200,0.0,0.0,0.0,0.0,20,0.3685,0.3711,20,0.3396,0.3561,0.0,0.0,0.0,0.0,15
2023-05-10 09:40:28,OP90002122,深证100ETF沽12月3200,0.0,0.0,0.0,0.0,20,0.3685,0.3711,20,0.3396,0.3561,0.0,0.0,0.0,0.0,15
2023-05-10 09:40:29,OP90002122,深证100ETF沽12月3200,0.0,0.0,0.0,0.0,20,0.3685,0.3721,20,0.3396,0.3561,0.0,0.0,0.0,0.0,15
2023-05-10 09:40:29,OP90002122,深证100ETF沽12月3200,0.0,0.0,0.0,0.0,20,0.3685,0.3722,40,0.3396,0.3561,0.0,0.0,0.0,0.0,15
2023-05-10 09:40:30,OP90002122,深证100ETF沽12月3200,0.0,0.0,0.0,0.0,20,0.3685,0.3722,40,0.3396,0.3561,0.0,0.0,0.0,0.0,15
2023-05-10 09:40:30,OP90002122,深证100ETF沽12月3200,0.0,0.0,0.0,0.0,20,0.3685,0.3722,40,0.3396,0.3561,0.0,0.0,0.0,0.0,15
2023-05-10 09:40:31,OP90002122,深证100ETF沽12月3200,0.0,0.0,0.0,0.0,20,0.3685,0.3722,40,0.3396,0.3561,0.0,0.0,0.0,0.0,15
2023-05-10 09:40:32,OP90002122,深证100ETF沽12月3200,0.0,0.0,0.0,0.0,40,0.3685,0.3722,40,0.3396,0.3561,0.0,0.0,0.0,0.0,15
2023-05-10 09:40:32,OP90002122,深证100ETF沽12月3200,0.0,0.0,0.0,0.0,60,0.3685,0.3722,20,0.3396,0.3561,0.0,0.0,0.0,0.0,15
2023-05-10 09:40:33,OP90002122,深证100ETF沽12月3200,0.0,0.0,0.0,0.0,60,0.3685,0.3722,20,0.3396,0.3561,0.0,0.0,0.0,0.0,15
2023-05-10 09:40:34,OP90002122,深证100ETF沽12月3200,0.0,0.0,0.0,0.0,60,0.3685,0.3722,20,0.3396,0.3561,0.0,0.0,0.0,0.0,15
2023-05-10 09:40:34,OP90002122,深证100ETF沽12月3200,0.0,0.0,0.0,0.0,60,0.3685,0.3722,20,0.3396,0.3561,0.0,0.0,0.0,0.0,15
2023-05-10 09:40:36,OP90002122,深证100ETF沽12月3200,0.0,0.0,0.0,0.0,20,0.3696,0.3722,20,0.3396,0.3561,0.0,0.0,0.0,0.0,15
2023-05-10 09:40:36,OP90002122,深证100ETF沽12月3200,0.0,0.0,0.0,0.0,20,0.3696,0.3722,20,0.3396,0.3561,0.0,0.0,0.0,0.0,15
2023-05-10 09:40:40,OP90002122,深证100ETF沽12月3200,0.0,0.0,0.0,0.0,20,0.3696,0.3722,20,0.3396,0.3561,0.0,0.0,0.0,0.0,15
2023-05-10 09:40:43,OP90002122,深证100ETF沽12月3200,0.0,0.0,0.0,0.0,40,0.3696,0.3722,20,0.3396,0.3561,0.0,0.0,0.0,0.0,15
2023-05-10 09:40:44,OP90002122,深证100ETF沽12月3200,0.0,0.0,0.0,0.0,20,0.3696,0.3722,20,0.3396,0.3561,0.0,0.0,0.0,0.0,15
2023-05-10 09:40:49,OP90002122,深证100ETF沽12月3200,0.0,0.0,0.0,0.0,20,0.3696,0.3722,20,0.3396,0.3561,0.0,0.0,0.0,0.0,15
2023-05-10 09:40:54,OP90002122,深证100ETF沽12月3200,0.0,0.0,0.0,0.0,20,0.3696,0.3722,20,0.3396,0.3561,0.0,0.0,0.0,0.0,15
2023-05-10 09:40:55,OP90002122,深证100ETF沽12月3200,0.0,0.0,0.0,0.0,20,0.3696,0.3722,20,0.3396,0.3561,0.0,0.0,0.0,0.0,15
2023-05-10 09:40:55,OP90002122,深证100ETF沽12月3200,0.0,0.0,0.0,0.0,20,0.3696,0.3722,20,0.3396,0.3561,0.0,0.0,0.0,0.0,15
2023-05-10 09:40:56,OP90002122,深证100ETF沽12月3200,0.0,0.0,0.0,0.0,20,0.3696,0.3722,20,0.3396,0.3561,0.0,0.0,0.0,0.0,15
2023-05-10 09:41:09,OP90002122,深证100ETF沽12月3200,0.0,0.0,0.0,0.0,20,0.3696,0.3729,40,0.3396,0.3561,0.0,0.0,0.0,0.0,15
2023-05-10 09:41:09,OP90002122,深证100ETF沽12月3200,0.0,0.0,0.0,0.0,20,0.3696,0.3731,20,0.3396,0.3561,0.0,0.0,0.0,0.0,15
2023-05-10 09:41:10,OP90002122,深证100ETF沽12月3200,0.0,0.0,0.0,0.0,20,0.3696,0.3732,30,0.3396,0.3561,0.0,0.0,0.0,0.0,15
2023-05-10 09:41:10,OP90002122,深证100ETF沽12月3200,0.0,0.0,0.0,0.0,20,0.3696,0.3732,30,0.3396,0.3561,0.0,0.0,0.0,0.0,15
2023-05-10 09:41:11,OP90002122,深证100ETF沽12月3200,0.0,0.0,0.0,0.0,20,0.3696,0.3732,20,0.3396,0.3561,0.0,0.0,0.0,0.0,15
2023-05-10 09:41:13,OP90002122,深证100ETF沽12月3200,0.0,0.0,0.0,0.0,40,0.3696,0.3733,40,0.3396,0.3561,0.0,0.0,0.0,0.0,15
2023-05-10 09:41:13,OP90002122,深证100ETF沽12月3200,0.0,0.0,0.0,0.0,40,0.3696,0.3733,20,0.3396,0.3561,0.0,0.0,0.0,0.0,15
2023-05-10 09:42:02,OP90002122,深证100ETF沽12月3200,0.0,0.0,0.0,0.0,40,0.3696,0.3733,20,0.3396,0.3561,0.0,0.0,0.0,0.0,15
2023-05-10 09:42:05,OP90002122,深证100ETF沽12月3200,0.0,0.0,0.0,0.0,40,0.3696,0.3733,20,0.3396,0.3561,0.0,0.0,0.0,0.0,15
2023-05-10 09:42:05,OP90002122,深证100ETF沽12月3200,0.0,0.0,0.0,0.0,20,0.3707,0.3733,20,0.3396,0.3561,0.0,0.0,0.0,0.0,15
2023-05-10 09:42:06,OP90002122,深证100ETF沽12月3200,0.0,0.0,0.0,0.0,20,0.3707,0.3733,20,0.3396,0.3561,0.0,0.0,0.0,0.0,15
2023-05-10 09:42:08,OP90002122,深证100ETF沽12月3200,0.0,0.0,0.0,0.0,20,0.3707,0.3733,20,0.3396,0.3561,0.0,0.0,0.0,0.0,15
2023-05-10 09:42:14,OP90002122,深证100ETF沽12月3200,0.0,0.0,0.0,0.0,40,0.3707,0.3733,20,0.3396,0.3561,0.0,0.0,0.0,0.0,15
2023-05-10 09:42:15,OP90002122,深证100ETF沽12月3200,0.0,0.0,0.0,0.0,40,0.3707,0.3733,20,0.3396,0.3561,0.0,0.0,0.0,0.0,15
2023-05-10 09:42:15,OP90002122,深证100ETF沽12月3200,0.0,0.0,0.0,0.0,40,0.3707,0.3733,20,0.3396,0.3561,0.0,0.0,0.0,0.0,15
2023-05-10 09:42:16,OP90002122,深证100ETF沽12月3200,0.0,0.0,0.0,0.0,40,0.3707,0.3733,20,0.3396,0.3561,0.0,0.0,0.0,0.0,15
2023-05-10 09:42:17,OP90002122,深证100ETF沽12月3200,0.0,0.0,0.0,0.0,40,0.3707,0.3733,20,0.3396,0.3561,0.0,0.0,0.0,0.0,15
2023-05-10 09:42:17,OP90002122,深证100ETF沽12月3200,0.0,0.0,0.0,0.0,20,0.3707,0.3733,20,0.3396,0.3561,0.0,0.0,0.0,0.0,15
2023-05-10 09:42:19,OP90002122,深证100ETF沽12月3200,0.0,0.0,0.0,0.0,20,0.3707,0.3733,20,0.3396,0.3561,0.0,0.0,0.0,0.0,15
2023-05-10 09:42:27,OP90002122,深证100ETF沽12月3200,0.0,0.0,0.0,0.0,20,0.3707,0.3733,40,0.3396,0.3561,0.0,0.0,0.0,0.0,15
2023-05-10 09:42:28,OP90002122,深证100ETF沽12月3200,0.0,0.0,0.0,0.0,20,0.3707,0.3733,40,0.3396,0.3561,0.0,0.0,0.0,0.0,15
2023-05-10 09:42:28,OP90002122,深证100ETF沽12月3200,0.0,0.0,0.0,0.0,20,0.3707,0.3733,40,0.3396,0.3561,0.0,0.0,0.0,0.0,15
2023-05-10 09:42:32,OP90002122,深证100ETF沽12月3200,0.0,0.0,0.0,0.0,20,0.3707,0.3733,40,0.3396,0.3561,0.0,0.0,0.0,0.0,15
2023-05-10 09:42:35,OP90002122,深证100ETF沽12月3200,0.0,0.0,0.0,0.0,20,0.3707,0.3733,40,0.3396,0.3561,0.0,0.0,0.0,0.0,15
2023-05-10 09:42:38,OP90002122,深证100ETF沽12月3200,0.0,0.0,0.0,0.0,20,0.3707,0.3733,40,0.3396,0.3561,0.0,0.0,0.0,0.0,15
2023-05-10 09:42:41,OP90002122,深证100ETF沽12月3200,0.0,0.0,0.0,0.0,20,0.3707,0.3733,40,0.3396,0.3561,0.0,0.0,0.0,0.0,15
2023-05-10 09:42:42,OP90002122,深证100ETF沽12月3200,0.0,0.0,0.0,0.0,20,0.3707,0.3733,40,0.3396,0.3561,0.0,0.0,0.0,0.0,15
2023-05-10 09:42:46,OP90002122,深证100ETF沽12月3200,0.0,0.0,0.0,0.0,20,0.3707,0.3733,20,0.3396,0.3561,0.0,0.0,0.0,0.0,15
2023-05-10 09:42:48,OP90002122,深证100ETF沽12月3200,0.0,0.0,0.0,0.0,20,0.3707,0.3733,20,0.3396,0.3561,0.0,0.0,0.0,0.0,15
2023-05-10 09:42:48,OP90002122,深证100ETF沽12月3200,0.0,0.0,0.0,0.0,20,0.3707,0.3733,20,0.3396,0.3561,0.0,0.0,0.0,0.0,15
2023-05-10 09:42:49,OP90002122,深证100ETF沽12月3200,0.0,0.0,0.0,0.0,20,0.3707,0.3733,20,0.3396,0.3561,0.0,0.0,0.0,0.0,15
2023-05-10 09:42:50,OP90002122,深证100ETF沽12月3200,0.0,0.0,0.0,0.0,20,0.3707,0.3733,20,0.3396,0.3561,0.0,0.0,0.0,0.0,15
2023-05-10 09:42:52,OP90002122,深证100ETF沽12月3200,0.0,0.0,0.0,0.0,20,0.37,0.3733,20,0.3396,0.3561,0.0,0.0,0.0,0.0,15
2023-05-10 09:42:53,OP90002122,深证100ETF沽12月3200,0.0,0.0,0.0,0.0,30,0.3697,0.3733,20,0.3396,0.3561,0.0,0.0,0.0,0.0,15
2023-05-10 09:42:53,OP90002122,深证100ETF沽12月3200,0.0,0.0,0.0,0.0,20,0.3697,0.3733,40,0.3396,0.3561,0.0,0.0,0.0,0.0,15
2023-05-10 09:43:11,OP90002122,深证100ETF沽12月3200,0.0,0.0,0.0,0.0,20,0.3695,0.3733,60,0.3396,0.3561,0.0,0.0,0.0,0.0,15
2023-05-10 09:43:11,OP90002122,深证100ETF沽12月3200,0.0,0.0,0.0,0.0,20,0.3694,0.3733,60,0.3396,0.3561,0.0,0.0,0.0,0.0,15
2023-05-10 09:43:12,OP90002122,深证100ETF沽12月3200,0.0,0.0,0.0,0.0,20,0.3694,0.3733,60,0.3396,0.3561,0.0,0.0,0.0,0.0,15
2023-05-10 09:43:12,OP90002122,深证100ETF沽12月3200,0.0,0.0,0.0,0.0,20,0.3694,0.3733,60,0.3396,0.3561,0.0,0.0,0.0,0.0,15
2023-05-10 09:43:21,OP90002122,深证100ETF沽12月3200,0.0,0.0,0.0,0.0,20,0.3705,0.3733,60,0.3396,0.3561,0.0,0.0,0.0,0.0,15
2023-05-10 09:43:21,OP90002122,深证100ETF沽12月3200,0.0,0.0,0.0,0.0,20,0.3705,0.3733,60,0.3396,0.3561,0.0,0.0,0.0,0.0,15
2023-05-10 09:43:22,OP90002122,深证100ETF沽12月3200,0.0,0.0,0.0,0.0,20,0.3705,0.3733,60,0.3396,0.3561,0.0,0.0,0.0,0.0,15
2023-05-10 09:43:32,OP90002122,深证100ETF沽12月3200,0.0,0.0,0.0,0.0,20,0.3695,0.3733,60,0.3396,0.3561,0.0,0.0,0.0,0.0,15
2023-05-10 09:43:32,OP90002122,深证100ETF沽12月3200,0.0,0.0,0.0,0.0,20,0.3694,0.3733,40,0.3396,0.3561,0.0,0.0,0.0,0.0,15
2023-05-10 09:43:33,OP90002122,深证100ETF沽12月3200,0.0,0.0,0.0,0.0,20,0.3694,0.3733,40,0.3396,0.3561,0.0,0.0,0.0,0.0,15
2023-05-10 09:43:33,OP90002122,深证100ETF沽12月3200,0.0,0.0,0.0,0.0,40,0.3694,0.3733,40,0.3396,0.3561,0.0,0.0,0.0,0.0,15
2023-05-10 09:43:51,OP90002122,深证100ETF沽12月3200,0.0,0.0,0.0,0.0,20,0.3707,0.3733,40,0.3396,0.3561,0.0,0.0,0.0,0.0,15
2023-05-10 09:43:52,OP90002122,深证100ETF沽12月3200,0.0,0.0,0.0,0.0,20,0.3707,0.3733,40,0.3396,0.3561,0.0,0.0,0.0,0.0,15
2023-05-10 09:43:53,OP90002122,深证100ETF沽12月3200,0.0,0.0,0.0,0.0,20,0.3707,0.3733,40,0.3396,0.3561,0.0,0.0,0.0,0.0,15
2023-05-10 09:43:54,OP90002122,深证100ETF沽12月3200,0.0,0.0,0.0,0.0,20,0.3707,0.3733,40,0.3396,0.3561,0.0,0.0,0.0,0.0,15
2023-05-10 09:43:57,OP90002122,深证100ETF沽12月3200,0.0,0.0,0.0,0.0,20,0.3707,0.3733,40,0.3396,0.3561,0.0,0.0,0.0,0.0,15
2023-05-10 09:43:59,OP90002122,深证100ETF沽12月3200,0.0,0.0,0.0,0.0,40,0.3707,0.3733,40,0.3396,0.3561,0.0,0.0,0.0,0.0,15
2023-05-10 09:44:00,OP90002122,深证100ETF沽12月3200,0.0,0.0,0.0,0.0,40,0.3707,0.3733,40,0.3396,0.3561,0.0,0.0,0.0,0.0,15
2023-05-10 09:44:01,OP90002122,深证100ETF沽12月3200,0.0,0.0,0.0,0.0,40,0.3707,0.3733,40,0.3396,0.3561,0.0,0.0,0.0,0.0,15
2023-05-10 09:44:02,OP90002122,深证100ETF沽12月3200,0.0,0.0,0.0,0.0,40,0.3707,0.3733,20,0.3396,0.3561,0.0,0.0,0.0,0.0,15
2023-05-10 09:44:07,OP90002122,深证100ETF沽12月3200,0.0,0.0,0.0,0.0,40,0.3707,0.3739,20,0.3396,0.3561,0.0,0.0,0.0,0.0,15
2023-05-10 09:44:08,OP90002122,深证100ETF沽12月3200,0.0,0.0,0.0,0.0,40,0.3707,0.3739,20,0.3396,0.3561,0.0,0.0,0.0,0.0,15
2023-05-10 09:44:22,OP90002122,深证100ETF沽12月3200,0.0,0.0,0.0,0.0,40,0.3707,0.3739,20,0.3396,0.3561,0.0,0.0,0.0,0.0,15
2023-05-10 09:44:23,OP90002122,深证100ETF沽12月3200,0.0,0.0,0.0,0.0,40,0.3707,0.3739,20,0.3396,0.3561,0.0,0.0,0.0,0.0,15
2023-05-10 09:44:32,OP90002122,深证100ETF沽12月3200,0.0,0.0,0.0,0.0,20,0.3707,0.3739,20,0.3396,0.3561,0.0,0.0,0.0,0.0,15
2023-05-10 09:44:42,OP90002122,深证100ETF沽12月3200,0.0,0.0,0.0,0.0,20,0.3707,0.3739,20,0.3396,0.3561,0.0,0.0,0.0,0.0,15
2023-05-10 09:45:08,OP90002122,深证100ETF沽12月3200,0.0,0.0,0.0,0.0,20,0.3707,0.3742,20,0.3396,0.3561,0.0,0.0,0.0,0.0,15
2023-05-10 09:45:09,OP90002122,深证100ETF沽12月3200,0.0,0.0,0.0,0.0,20,0.3707,0.3744,50,0.3396,0.3561,0.0,0.0,0.0,0.0,15
2023-05-10 09:45:09,OP90002122,深证100ETF沽12月3200,0.0,0.0,0.0,0.0,20,0.3707,0.3744,40,0.3396,0.3561,0.0,0.0,0.0,0.0,15
2023-05-10 09:45:17,OP90002122,深证100ETF沽12月3200,0.0,0.0,0.0,0.0,20,0.3707,0.3744,60,0.3396,0.3561,0.0,0.0,0.0,0.0,15
2023-05-10 09:45:18,OP90002122,深证100ETF沽12月3200,0.0,0.0,0.0,0.0,20,0.3707,0.3744,60,0.3396,0.3561,0.0,0.0,0.0,0.0,15
2023-05-10 09:45:21,OP90002122,深证100ETF沽12月3200,0.0,0.0,0.0,0.0,20,0.3707,0.3744,60,0.3396,0.3561,0.0,0.0,0.0,0.0,15
2023-05-10 09:45:23,OP90002122,深证100ETF沽12月3200,0.0,0.0,0.0,0.0,20,0.3707,0.3744,60,0.3396,0.3561,0.0,0.0,0.0,0.0,15
2023-05-10 09:45:26,OP90002122,深证100ETF沽12月3200,0.0,0.0,0.0,0.0,20,0.3707,0.3744,60,0.3396,0.3561,0.0,0.0,0.0,0.0,15
2023-05-10 09:45:27,OP90002122,深证100ETF沽12月3200,0.0,0.0,0.0,0.0,20,0.3707,0.3744,60,0.3396,0.3561,0.0,0.0,0.0,0.0,15
2023-05-10 09:45:27,OP90002122,深证100ETF沽12月3200,0.0,0.0,0.0,0.0,20,0.3707,0.3744,60,0.3396,0.3561,0.0,0.0,0.0,0.0,15
2023-05-10 09:45:35,OP90002122,深证100ETF沽12月3200,0.0,0.0,0.0,0.0,20,0.3707,0.3744,60,0.3396,0.3561,0.0,0.0,0.0,0.0,15
2023-05-10 09:45:41,OP90002122,深证100ETF沽12月3200,0.0,0.0,0.0,0.0,20,0.3707,0.3744,60,0.3396,0.3561,0.0,0.0,0.0,0.0,15
2023-05-10 09:45:48,OP90002122,深证100ETF沽12月3200,0.0,0.0,0.0,0.0,20,0.3707,0.3744,60,0.3396,0.3561,0.0,0.0,0.0,0.0,15
2023-05-10 09:46:07,OP90002122,深证100ETF沽12月3200,0.0,0.0,0.0,0.0,20,0.3707,0.3744,60,0.3396,0.3561,0.0,0.0,0.0,0.0,15
2023-05-10 09:46:07,OP90002122,深证100ETF沽12月3200,0.0,0.0,0.0,0.0,20,0.3707,0.3744,60,0.3396,0.3561,0.0,0.0,0.0,0.0,15
2023-05-10 09:46:08,OP90002122,深证100ETF沽12月3200,0.0,0.0,0.0,0.0,20,0.3707,0.3744,60,0.3396,0.3561,0.0,0.0,0.0,0.0,15
2023-05-10 09:46:09,OP90002122,深证100ETF沽12月3200,0.0,0.0,0.0,0.0,20,0.3707,0.3744,60,0.3396,0.3561,0.0,0.0,0.0,0.0,15
2023-05-10 09:46:11,OP90002122,深证100ETF沽12月3200,0.0,0.0,0.0,0.0,20,0.3707,0.3744,60,0.3396,0.3561,0.0,0.0,0.0,0.0,15
2023-05-10 09:46:14,OP90002122,深证100ETF沽12月3200,0.0,0.0,0.0,0.0,20,0.3707,0.3744,60,0.3396,0.3561,0.0,0.0,0.0,0.0,15
2023-05-10 09:46:14,OP90002122,深证100ETF沽12月3200,0.0,0.0,0.0,0.0,20,0.3707,0.3744,60,0.3396,0.3561,0.0,0.0,0.0,0.0,15
2023-05-10 09:46:15,OP90002122,深证100ETF沽12月3200,0.0,0.0,0.0,0.0,20,0.3707,0.3744,60,0.3396,0.3561,0.0,0.0,0.0,0.0,15
2023-05-10 09:46:17,OP90002122,深证100ETF沽12月3200,0.0,0.0,0.0,0.0,20,0.3707,0.3744,60,0.3396,0.3561,0.0,0.0,0.0,0.0,15
2023-05-10 09:46:21,OP90002122,深证100ETF沽12月3200,0.0,0.0,0.0,0.0,20,0.3707,0.3744,60,0.3396,0.3561,0.0,0.0,0.0,0.0,15
2023-05-10 09:46:23,OP90002122,深证100ETF沽12月3200,0.0,0.0,0.0,0.0,20,0.3707,0.3732,20,0.3396,0.3561,0.0,0.0,0.0,0.0,15
2023-05-10 09:46:24,OP90002122,深证100ETF沽12月3200,0.0,0.0,0.0,0.0,20,0.3707,0.3732,40,0.3396,0.3561,0.0,0.0,0.0,0.0,15
2023-05-10 09:46:25,OP90002122,深证100ETF沽12月3200,0.0,0.0,0.0,0.0,20,0.3707,0.3732,40,0.3396,0.3561,0.0,0.0,0.0,0.0,15
2023-05-10 09:46:26,OP90002122,深证100ETF沽12月3200,0.0,0.0,0.0,0.0,40,0.3698,0.3732,40,0.3396,0.3561,0.0,0.0,0.0,0.0,15
2023-05-10 09:46:26,OP90002122,深证100ETF沽12月3200,0.0,0.0,0.0,0.0,20,0.3698,0.3732,40,0.3396,0.3561,0.0,0.0,0.0,0.0,15
2023-05-10 09:46:27,OP90002122,深证100ETF沽12月3200,0.0,0.0,0.0,0.0,40,0.3696,0.3732,40,0.3396,0.3561,0.0,0.0,0.0,0.0,15
2023-05-10 09:46:27,OP90002122,深证100ETF沽12月3200,0.0,0.0,0.0,0.0,40,0.3696,0.3732,40,0.3396,0.3561,0.0,0.0,0.0,0.0,15
2023-05-10 09:46:28,OP90002122,深证100ETF沽12月3200,0.0,0.0,0.0,0.0,40,0.3696,0.3732,40,0.3396,0.3561,0.0,0.0,0.0,0.0,15
2023-05-10 09:46:29,OP90002122,深证100ETF沽12月3200,0.0,0.0,0.0,0.0,40,0.3696,0.3732,40,0.3396,0.3561,0.0,0.0,0.0,0.0,15
2023-05-10 09:46:29,OP90002122,深证100ETF沽12月3200,0.0,0.0,0.0,0.0,20,0.3696,0.3732,60,0.3396,0.3561,0.0,0.0,0.0,0.0,15
2023-05-10 09:46:31,OP90002122,深证100ETF沽12月3200,0.0,0.0,0.0,0.0,20,0.3696,0.3732,60,0.3396,0.3561,0.0,0.0,0.0,0.0,15
2023-05-10 09:46:32,OP90002122,深证100ETF沽12月3200,0.0,0.0,0.0,0.0,20,0.3696,0.3732,60,0.3396,0.3561,0.0,0.0,0.0,0.0,15
2023-05-10 09:46:33,OP90002122,深证100ETF沽12月3200,0.0,0.0,0.0,0.0,20,0.3696,0.3732,60,0.3396,0.3561,0.0,0.0,0.0,0.0,15
2023-05-10 09:46:36,OP90002122,深证100ETF沽12月3200,0.0,0.0,0.0,0.0,20,0.3696,0.3732,60,0.3396,0.3561,0.0,0.0,0.0,0.0,15
2023-05-10 09:46:38,OP90002122,深证100ETF沽12月3200,0.0,0.0,0.0,0.0,20,0.3696,0.3732,60,0.3396,0.3561,0.0,0.0,0.0,0.0,15
2023-05-10 09:46:39,OP90002122,深证100ETF沽12月3200,0.0,0.0,0.0,0.0,20,0.3696,0.3732,60,0.3396,0.3561,0.0,0.0,0.0,0.0,15
2023-05-10 09:46:41,OP90002122,深证100ETF沽12月3200,0.0,0.0,0.0,0.0,40,0.3696,0.3732,40,0.3396,0.3561,0.0,0.0,0.0,0.0,15
2023-05-10 09:46:43,OP90002122,深证100ETF沽12月3200,0.0,0.0,0.0,0.0,40,0.3696,0.3732,40,0.3396,0.3561,0.0,0.0,0.0,0.0,15
2023-05-10 09:46:47,OP90002122,深证100ETF沽12月3200,0.0,0.0,0.0,0.0,40,0.3696,0.3732,40,0.3396,0.3561,0.0,0.0,0.0,0.0,15
2023-05-10 09:46:48,OP90002122,深证100ETF沽12月3200,0.0,0.0,0.0,0.0,40,0.3696,0.3732,40,0.3396,0.3561,0.0,0.0,0.0,0.0,15
2023-05-10 09:46:49,OP90002122,深证100ETF沽12月3200,0.0,0.0,0.0,0.0,40,0.3696,0.3732,40,0.3396,0.3561,0.0,0.0,0.0,0.0,15
2023-05-10 09:46:50,OP90002122,深证100ETF沽12月3200,0.0,0.0,0.0,0.0,40,0.3696,0.3732,40,0.3396,0.3561,0.0,0.0,0.0,0.0,15
2023-05-10 09:46:51,OP90002122,深证100ETF沽12月3200,0.0,0.0,0.0,0.0,40,0.3696,0.3732,50,0.3396,0.3561,0.0,0.0,0.0,0.0,15
2023-05-10 09:46:51,OP90002122,深证100ETF沽12月3200,0.0,0.0,0.0,0.0,40,0.3696,0.3732,50,0.3396,0.3561,0.0,0.0,0.0,0.0,15
2023-05-10 09:46:56,OP90002122,深证100ETF沽12月3200,0.0,0.0,0.0,0.0,20,0.3696,0.3732,70,0.3396,0.3561,0.0,0.0,0.0,0.0,15
2023-05-10 09:46:59,OP90002122,深证100ETF沽12月3200,0.0,0.0,0.0,0.0,20,0.3696,0.3732,60,0.3396,0.3561,0.0,0.0,0.0,0.0,15
2023-05-10 09:47:00,OP90002122,深证100ETF沽12月3200,0.0,0.0,0.0,0.0,20,0.3696,0.3732,60,0.3396,0.3561,0.0,0.0,0.0,0.0,15
2023-05-10 09:47:02,OP90002122,深证100ETF沽12月3200,0.0,0.0,0.0,0.0,20,0.3696,0.3732,60,0.3396,0.3561,0.0,0.0,0.0,0.0,15
2023-05-10 09:47:10,OP90002122,深证100ETF沽12月3200,0.0,0.0,0.0,0.0,20,0.3696,0.3732,60,0.3396,0.3561,0.0,0.0,0.0,0.0,15
2023-05-10 09:47:11,OP90002122,深证100ETF沽12月3200,0.0,0.0,0.0,0.0,20,0.3696,0.3732,60,0.3396,0.3561,0.0,0.0,0.0,0.0,15
2023-05-10 09:47:14,OP90002122,深证100ETF沽12月3200,0.0,0.0,0.0,0.0,20,0.3696,0.3732,60,0.3396,0.3561,0.0,0.0,0.0,0.0,15
2023-05-10 09:47:15,OP90002122,深证100ETF沽12月3200,0.0,0.0,0.0,0.0,20,0.3696,0.3732,70,0.3396,0.3561,0.0,0.0,0.0,0.0,15
2023-05-10 09:47:16,OP90002122,深证100ETF沽12月3200,0.0,0.0,0.0,0.0,20,0.3696,0.3732,70,0.3396,0.3561,0.0,0.0,0.0,0.0,15
2023-05-10 09:47:18,OP90002122,深证100ETF沽12月3200,0.0,0.0,0.0,0.0,20,0.3696,0.3732,70,0.3396,0.3561,0.0,0.0,0.0,0.0,15
2023-05-10 09:47:21,OP90002122,深证100ETF沽12月3200,0.0,0.0,0.0,0.0,20,0.3696,0.3732,70,0.3396,0.3561,0.0,0.0,0.0,0.0,15
2023-05-10 09:47:24,OP90002122,深证100ETF沽12月3200,0.0,0.0,0.0,0.0,20,0.3696,0.3732,60,0.3396,0.3561,0.0,0.0,0.0,0.0,15
2023-05-10 09:47:25,OP90002122,深证100ETF沽12月3200,0.0,0.0,0.0,0.0,20,0.3696,0.3732,60,0.3396,0.3561,0.0,0.0,0.0,0.0,15
2023-05-10 09:47:25,OP90002122,深证100ETF沽12月3200,0.0,0.0,0.0,0.0,20,0.3696,0.3732,60,0.3396,0.3561,0.0,0.0,0.0,0.0,15
2023-05-10 09:47:26,OP90002122,深证100ETF沽12月3200,0.0,0.0,0.0,0.0,20,0.3696,0.3732,60,0.3396,0.3561,0.0,0.0,0.0,0.0,15
2023-05-10 09:47:28,OP90002122,深证100ETF沽12月3200,0.0,0.0,0.0,0.0,20,0.3696,0.3732,60,0.3396,0.3561,0.0,0.0,0.0,0.0,15
2023-05-10 09:47:35,OP90002122,深证100ETF沽12月3200,0.0,0.0,0.0,0.0,40,0.3696,0.3732,40,0.3396,0.3561,0.0,0.0,0.0,0.0,15
2023-05-10 09:47:39,OP90002122,深证100ETF沽12月3200,0.0,0.0,0.0,0.0,40,0.3696,0.3732,40,0.3396,0.3561,0.0,0.0,0.0,0.0,15
2023-05-10 09:47:40,OP90002122,深证100ETF沽12月3200,0.0,0.0,0.0,0.0,40,0.3696,0.3732,40,0.3396,0.3561,0.0,0.0,0.0,0.0,15
2023-05-10 09:47:41,OP90002122,深证100ETF沽12月3200,0.0,0.0,0.0,0.0,40,0.3696,0.3732,40,0.3396,0.3561,0.0,0.0,0.0,0.0,15
2023-05-10 09:47:42,OP90002122,深证100ETF沽12月3200,0.0,0.0,0.0,0.0,40,0.3696,0.3732,40,0.3396,0.3561,0.0,0.0,0.0,0.0,15
2023-05-10 09:47:42,OP90002122,深证100ETF沽12月3200,0.0,0.0,0.0,0.0,40,0.3696,0.3732,40,0.3396,0.3561,0.0,0.0,0.0,0.0,15
2023-05-10 09:47:43,OP90002122,深证100ETF沽12月3200,0.0,0.0,0.0,0.0,40,0.3696,0.3732,40,0.3396,0.3561,0.0,0.0,0.0,0.0,15
2023-05-10 09:47:45,OP90002122,深证100ETF沽12月3200,0.0,0.0,0.0,0.0,40,0.3696,0.3732,50,0.3396,0.3561,0.0,0.0,0.0,0.0,15
2023-05-10 09:47:45,OP90002122,深证100ETF沽12月3200,0.0,0.0,0.0,0.0,40,0.3696,0.3732,50,0.3396,0.3561,0.0,0.0,0.0,0.0,15
2023-05-10 09:47:50,OP90002122,深证100ETF沽12月3200,0.0,0.0,0.0,0.0,40,0.3696,0.3732,50,0.3396,0.3561,0.0,0.0,0.0,0.0,15
2023-05-10 09:47:52,OP90002122,深证100ETF沽12月3200,0.0,0.0,0.0,0.0,40,0.3696,0.3732,50,0.3396,0.3561,0.0,0.0,0.0,0.0,15
2023-05-10 09:47:53,OP90002122,深证100ETF沽12月3200,0.0,0.0,0.0,0.0,40,0.3696,0.3732,50,0.3396,0.3561,0.0,0.0,0.0,0.0,15
2023-05-10 09:47:54,OP90002122,深证100ETF沽12月3200,0.0,0.0,0.0,0.0,40,0.3696,0.3732,50,0.3396,0.3561,0.0,0.0,0.0,0.0,15
2023-05-10 09:47:55,OP90002122,深证100ETF沽12月3200,0.0,0.0,0.0,0.0,40,0.3696,0.3732,50,0.3396,0.3561,0.0,0.0,0.0,0.0,15
2023-05-10 09:47:57,OP90002122,深证100ETF沽12月3200,0.0,0.0,0.0,0.0,20,0.3687,0.3732,70,0.3396,0.3561,0.0,0.0,0.0,0.0,15
2023-05-10 09:47:57,OP90002122,深证100ETF沽12月3200,0.0,0.0,0.0,0.0,20,0.3687,0.3732,70,0.3396,0.3561,0.0,0.0,0.0,0.0,15
2023-05-10 09:47:59,OP90002122,深证100ETF沽12月3200,0.0,0.0,0.0,0.0,20,0.3687,0.3721,20,0.3396,0.3561,0.0,0.0,0.0,0.0,15
2023-05-10 09:47:59,OP90002122,深证100ETF沽12月3200,0.0,0.0,0.0,0.0,20,0.3687,0.3721,40,0.3396,0.3561,0.0,0.0,0.0,0.0,15
2023-05-10 09:48:00,OP90002122,深证100ETF沽12月3200,0.0,0.0,0.0,0.0,20,0.3687,0.3721,50,0.3396,0.3561,0.0,0.0,0.0,0.0,15
2023-05-10 09:48:03,OP90002122,深证100ETF沽12月3200,0.0,0.0,0.0,0.0,20,0.3687,0.3721,50,0.3396,0.3561,0.0,0.0,0.0,0.0,15
2023-05-10 09:48:06,OP90002122,深证100ETF沽12月3200,0.0,0.0,0.0,0.0,20,0.3687,0.3721,50,0.3396,0.3561,0.0,0.0,0.0,0.0,15
2023-05-10 09:48:08,OP90002122,深证100ETF沽12月3200,0.0,0.0,0.0,0.0,20,0.3687,0.3721,50,0.3396,0.3561,0.0,0.0,0.0,0.0,15
2023-05-10 09:48:08,OP90002122,深证100ETF沽12月3200,0.0,0.0,0.0,0.0,20,0.3687,0.3721,70,0.3396,0.3561,0.0,0.0,0.0,0.0,15
2023-05-10 09:48:09,OP90002122,深证100ETF沽12月3200,0.0,0.0,0.0,0.0,20,0.3687,0.3721,70,0.3396,0.3561,0.0,0.0,0.0,0.0,15
2023-05-10 09:48:09,OP90002122,深证100ETF沽12月3200,0.0,0.0,0.0,0.0,20,0.3687,0.3721,70,0.3396,0.3561,0.0,0.0,0.0,0.0,15
2023-05-10 09:48:11,OP90002122,深证100ETF沽12月3200,0.0,0.0,0.0,0.0,20,0.3687,0.3721,70,0.3396,0.3561,0.0,0.0,0.0,0.0,15
2023-05-10 09:48:11,OP90002122,深证100ETF沽12月3200,0.0,0.0,0.0,0.0,20,0.3687,0.3721,70,0.3396,0.3561,0.0,0.0,0.0,0.0,15
2023-05-10 09:48:12,OP90002122,深证100ETF沽12月3200,0.0,0.0,0.0,0.0,20,0.3687,0.3721,70,0.3396,0.3561,0.0,0.0,0.0,0.0,15
2023-05-10 09:48:13,OP90002122,深证100ETF沽12月3200,0.0,0.0,0.0,0.0,20,0.3687,0.3721,70,0.3396,0.3561,0.0,0.0,0.0,0.0,15
2023-05-10 09:48:14,OP90002122,深证100ETF沽12月3200,0.0,0.0,0.0,0.0,20,0.3687,0.3721,70,0.3396,0.3561,0.0,0.0,0.0,0.0,15
2023-05-10 09:48:15,OP90002122,深证100ETF沽12月3200,0.0,0.0,0.0,0.0,20,0.3677,0.3721,70,0.3396,0.3561,0.0,0.0,0.0,0.0,15
2023-05-10 09:48:15,OP90002122,深证100ETF沽12月3200,0.0,0.0,0.0,0.0,20,0.3675,0.3721,70,0.3396,0.3561,0.0,0.0,0.0,0.0,15
2023-05-10 09:48:16,OP90002122,深证100ETF沽12月3200,0.0,0.0,0.0,0.0,20,0.3675,0.3721,70,0.3396,0.3561,0.0,0.0,0.0,0.0,15
2023-05-10 09:48:17,OP90002122,深证100ETF沽12月3200,0.0,0.0,0.0,0.0,20,0.3675,0.3721,70,0.3396,0.3561,0.0,0.0,0.0,0.0,15
2023-05-10 09:48:20,OP90002122,深证100ETF沽12月3200,0.0,0.0,0.0,0.0,20,0.3675,0.3721,70,0.3396,0.3561,0.0,0.0,0.0,0.0,15
2023-05-10 09:48:23,OP90002122,深证100ETF沽12月3200,0.0,0.0,0.0,0.0,20,0.3675,0.3721,70,0.3396,0.3561,0.0,0.0,0.0,0.0,15
2023-05-10 09:48:28,OP90002122,深证100ETF沽12月3200,0.0,0.0,0.0,0.0,20,0.3675,0.3721,70,0.3396,0.3561,0.0,0.0,0.0,0.0,15
2023-05-10 09:48:28,OP90002122,深证100ETF沽12月3200,0.0,0.0,0.0,0.0,20,0.3675,0.3721,70,0.3396,0.3561,0.0,0.0,0.0,0.0,15
2023-05-10 09:48:30,OP90002122,深证100ETF沽12月3200,0.0,0.0,0.0,0.0,20,0.3675,0.3721,70,0.3396,0.3561,0.0,0.0,0.0,0.0,15
2023-05-10 09:48:31,OP90002122,深证100ETF沽12月3200,0.0,0.0,0.0,0.0,40,0.3675,0.371,20,0.3396,0.3561,0.0,0.0,0.0,0.0,15
2023-05-10 09:48:32,OP90002122,深证100ETF沽12月3200,0.0,0.0,0.0,0.0,40,0.3675,0.371,50,0.3396,0.3561,0.0,0.0,0.0,0.0,15
2023-05-10 09:48:32,OP90002122,深证100ETF沽12月3200,0.0,0.0,0.0,0.0,40,0.3675,0.371,50,0.3396,0.3561,0.0,0.0,0.0,0.0,15
2023-05-10 09:48:33,OP90002122,深证100ETF沽12月3200,0.0,0.0,0.0,0.0,40,0.3675,0.371,50,0.3396,0.3561,0.0,0.0,0.0,0.0,15
2023-05-10 09:48:33,OP90002122,深证100ETF沽12月3200,0.0,0.0,0.0,0.0,40,0.3675,0.371,50,0.3396,0.3561,0.0,0.0,0.0,0.0,15
2023-05-10 09:48:34,OP90002122,深证100ETF沽12月3200,0.0,0.0,0.0,0.0,40,0.3675,0.371,50,0.3396,0.3561,0.0,0.0,0.0,0.0,15
2023-05-10 09:48:34,OP90002122,深证100ETF沽12月3200,0.0,0.0,0.0,0.0,40,0.3675,0.371,50,0.3396,0.3561,0.0,0.0,0.0,0.0,15
2023-05-10 09:48:35,OP90002122,深证100ETF沽12月3200,0.0,0.0,0.0,0.0,40,0.3675,0.371,50,0.3396,0.3561,0.0,0.0,0.0,0.0,15
2023-05-10 09:48:39,OP90002122,深证100ETF沽12月3200,0.0,0.0,0.0,0.0,40,0.3675,0.371,50,0.3396,0.3561,0.0,0.0,0.0,0.0,15
2023-05-10 09:48:41,OP90002122,深证100ETF沽12月3200,0.0,0.0,0.0,0.0,40,0.3675,0.371,50,0.3396,0.3561,0.0,0.0,0.0,0.0,15
2023-05-10 09:48:43,OP90002122,深证100ETF沽12月3200,0.0,0.0,0.0,0.0,40,0.3675,0.371,50,0.3396,0.3561,0.0,0.0,0.0,0.0,15
2023-05-10 09:48:44,OP90002122,深证100ETF沽12月3200,0.0,0.0,0.0,0.0,20,0.3675,0.371,70,0.3396,0.3561,0.0,0.0,0.0,0.0,15
2023-05-10 09:48:45,OP90002122,深证100ETF沽12月3200,0.0,0.0,0.0,0.0,20,0.3675,0.371,70,0.3396,0.3561,0.0,0.0,0.0,0.0,15
2023-05-10 09:48:46,OP90002122,深证100ETF沽12月3200,0.0,0.0,0.0,0.0,20,0.3675,0.371,70,0.3396,0.3561,0.0,0.0,0.0,0.0,15
2023-05-10 09:48:47,OP90002122,深证100ETF沽12月3200,0.0,0.0,0.0,0.0,20,0.3675,0.371,70,0.3396,0.3561,0.0,0.0,0.0,0.0,15
2023-05-10 09:48:50,OP90002122,深证100ETF沽12月3200,0.0,0.0,0.0,0.0,20,0.3675,0.371,70,0.3396,0.3561,0.0,0.0,0.0,0.0,15
2023-05-10 09:48:52,OP90002122,深证100ETF沽12月3200,0.0,0.0,0.0,0.0,20,0.3675,0.371,70,0.3396,0.3561,0.0,0.0,0.0,0.0,15
2023-05-10 09:48:53,OP90002122,深证100ETF沽12月3200,0.0,0.0,0.0,0.0,20,0.3672,0.371,70,0.3396,0.3561,0.0,0.0,0.0,0.0,15
2023-05-10 09:48:54,OP90002122,深证100ETF沽12月3200,0.0,0.0,0.0,0.0,50,0.3649,0.371,70,0.3396,0.3561,0.0,0.0,0.0,0.0,15
2023-05-10 09:48:54,OP90002122,深证100ETF沽12月3200,0.0,0.0,0.0,0.0,50,0.3649,0.371,70,0.3396,0.3561,0.0,0.0,0.0,0.0,15
2023-05-10 09:48:55,OP90002122,深证100ETF沽12月3200,0.0,0.0,0.0,0.0,40,0.3649,0.371,70,0.3396,0.3561,0.0,0.0,0.0,0.0,15
2023-05-10 09:48:57,OP90002122,深证100ETF沽12月3200,0.0,0.0,0.0,0.0,1,0.365,0.371,70,0.3396,0.3561,0.0,0.0,0.0,0.0,15
2023-05-10 09:48:58,OP90002122,深证100ETF沽12月3200,0.0,0.0,0.0,0.0,7,0.3651,0.371,70,0.3396,0.3561,0.0,0.0,0.0,0.0,15
2023-05-10 09:48:59,OP90002122,深证100ETF沽12月3200,0.0,0.0,0.0,0.0,7,0.3651,0.371,70,0.3396,0.3561,0.0,0.0,0.0,0.0,15
2023-05-10 09:48:59,OP90002122,深证100ETF沽12月3200,0.0,0.0,0.0,0.0,10,0.3662,0.371,70,0.3396,0.3561,0.0,0.0,0.0,0.0,15
2023-05-10 09:49:00,OP90002122,深证100ETF沽12月3200,0.0,0.0,0.0,0.0,10,0.3662,0.371,50,0.3396,0.3561,0.0,0.0,0.0,0.0,15
2023-05-10 09:49:05,OP90002122,深证100ETF沽12月3200,0.0,0.0,0.0,0.0,10,0.3662,0.371,50,0.3396,0.3561,0.0,0.0,0.0,0.0,15
2023-05-10 09:49:06,OP90002122,深证100ETF沽12月3200,0.0,0.0,0.0,0.0,10,0.3662,0.371,50,0.3396,0.3561,0.0,0.0,0.0,0.0,15
2023-05-10 09:49:06,OP90002122,深证100ETF沽12月3200,0.0,0.0,0.0,0.0,10,0.3662,0.371,50,0.3396,0.3561,0.0,0.0,0.0,0.0,15
2023-05-10 09:49:07,OP90002122,深证100ETF沽12月3200,0.0,0.0,0.0,0.0,10,0.3662,0.371,50,0.3396,0.3561,0.0,0.0,0.0,0.0,15
2023-05-10 09:49:07,OP90002122,深证100ETF沽12月3200,0.0,0.0,0.0,0.0,10,0.3662,0.371,50,0.3396,0.3561,0.0,0.0,0.0,0.0,15
2023-05-10 09:49:08,OP90002122,深证100ETF沽12月3200,0.0,0.0,0.0,0.0,10,0.3662,0.371,50,0.3396,0.3561,0.0,0.0,0.0,0.0,15
2023-05-10 09:49:08,OP90002122,深证100ETF沽12月3200,0.0,0.0,0.0,0.0,10,0.3662,0.371,50,0.3396,0.3561,0.0,0.0,0.0,0.0,15
2023-05-10 09:49:09,OP90002122,深证100ETF沽12月3200,0.0,0.0,0.0,0.0,10,0.3662,0.371,50,0.3396,0.3561,0.0,0.0,0.0,0.0,15
2023-05-10 09:49:09,OP90002122,深证100ETF沽12月3200,0.0,0.0,0.0,0.0,10,0.3662,0.371,50,0.3396,0.3561,0.0,0.0,0.0,0.0,15
2023-05-10 09:49:10,OP90002122,深证100ETF沽12月3200,0.0,0.0,0.0,0.0,10,0.3662,0.371,50,0.3396,0.3561,0.0,0.0,0.0,0.0,15
2023-05-10 09:49:12,OP90002122,深证100ETF沽12月3200,0.0,0.0,0.0,0.0,10,0.3662,0.371,50,0.3396,0.3561,0.0,0.0,0.0,0.0,15
2023-05-10 09:49:12,OP90002122,深证100ETF沽12月3200,0.0,0.0,0.0,0.0,10,0.3662,0.371,50,0.3396,0.3561,0.0,0.0,0.0,0.0,15
2023-05-10 09:49:13,OP90002122,深证100ETF沽12月3200,0.0,0.0,0.0,0.0,10,0.3662,0.371,50,0.3396,0.3561,0.0,0.0,0.0,0.0,15
2023-05-10 09:49:14,OP90002122,深证100ETF沽12月3200,0.0,0.0,0.0,0.0,10,0.3662,0.371,50,0.3396,0.3561,0.0,0.0,0.0,0.0,15
2023-05-10 09:49:14,OP90002122,深证100ETF沽12月3200,0.0,0.0,0.0,0.0,14,0.3662,0.371,50,0.3396,0.3561,0.0,0.0,0.0,0.0,15
2023-05-10 09:49:15,OP90002122,深证100ETF沽12月3200,0.0,0.0,0.0,0.0,14,0.3662,0.371,50,0.3396,0.3561,0.0,0.0,0.0,0.0,15
2023-05-10 09:49:16,OP90002122,深证100ETF沽12月3200,0.0,0.0,0.0,0.0,14,0.3662,0.3708,20,0.3396,0.3561,0.0,0.0,0.0,0.0,15
2023-05-10 09:49:16,OP90002122,深证100ETF沽12月3200,0.0,0.0,0.0,0.0,14,0.3662,0.3708,30,0.3396,0.3561,0.0,0.0,0.0,0.0,15
2023-05-10 09:49:17,OP90002122,深证100ETF沽12月3200,0.0,0.0,0.0,0.0,14,0.3662,0.3708,30,0.3396,0.3561,0.0,0.0,0.0,0.0,15
2023-05-10 09:49:17,OP90002122,深证100ETF沽12月3200,0.0,0.0,0.0,0.0,14,0.3662,0.3699,20,0.3396,0.3561,0.0,0.0,0.0,0.0,15
2023-05-10 09:49:18,OP90002122,深证100ETF沽12月3200,0.0,0.0,0.0,0.0,14,0.3662,0.3699,50,0.3396,0.3561,0.0,0.0,0.0,0.0,15
2023-05-10 09:49:20,OP90002122,深证100ETF沽12月3200,0.0,0.0,0.0,0.0,14,0.3662,0.3699,50,0.3396,0.3561,0.0,0.0,0.0,0.0,15
2023-05-10 09:49:22,OP90002122,深证100ETF沽12月3200,0.0,0.0,0.0,0.0,13,0.3662,0.3699,50,0.3396,0.3561,0.0,0.0,0.0,0.0,15
2023-05-10 09:49:24,OP90002122,深证100ETF沽12月3200,0.0,0.0,0.0,0.0,13,0.3662,0.3699,50,0.3396,0.3561,0.0,0.0,0.0,0.0,15
2023-05-10 09:49:26,OP90002122,深证100ETF沽12月3200,0.0,0.0,0.0,0.0,13,0.3662,0.3699,50,0.3396,0.3561,0.0,0.0,0.0,0.0,15
2023-05-10 09:49:27,OP90002122,深证100ETF沽12月3200,0.0,0.0,0.0,0.0,10,0.3662,0.3699,50,0.3396,0.3561,0.0,0.0,0.0,0.0,15
2023-05-10 09:49:27,OP90002122,深证100ETF沽12月3200,0.0,0.0,0.0,0.0,10,0.3662,0.3699,50,0.3396,0.3561,0.0,0.0,0.0,0.0,15
2023-05-10 09:49:28,OP90002122,深证100ETF沽12月3200,0.0,0.0,0.0,0.0,10,0.3662,0.3699,50,0.3396,0.3561,0.0,0.0,0.0,0.0,15
2023-05-10 09:49:35,OP90002122,深证100ETF沽12月3200,0.0,0.0,0.0,0.0,10,0.3662,0.3699,50,0.3396,0.3561,0.0,0.0,0.0,0.0,15
2023-05-10 09:49:36,OP90002122,深证100ETF沽12月3200,0.0,0.0,0.0,0.0,10,0.3662,0.3699,50,0.3396,0.3561,0.0,0.0,0.0,0.0,15
2023-05-10 09:49:36,OP90002122,深证100ETF沽12月3200,0.0,0.0,0.0,0.0,10,0.3662,0.3699,50,0.3396,0.3561,0.0,0.0,0.0,0.0,15
2023-05-10 09:49:37,OP90002122,深证100ETF沽12月3200,0.0,0.0,0.0,0.0,10,0.3662,0.3699,50,0.3396,0.3561,0.0,0.0,0.0,0.0,15
2023-05-10 09:49:39,OP90002122,深证100ETF沽12月3200,0.0,0.0,0.0,0.0,10,0.3662,0.3699,50,0.3396,0.3561,0.0,0.0,0.0,0.0,15
2023-05-10 09:49:39,OP90002122,深证100ETF沽12月3200,0.0,0.0,0.0,0.0,10,0.3662,0.3699,50,0.3396,0.3561,0.0,0.0,0.0,0.0,15
2023-05-10 09:49:42,OP90002122,深证100ETF沽12月3200,0.0,0.0,0.0,0.0,10,0.3662,0.3699,50,0.3396,0.3561,0.0,0.0,0.0,0.0,15
2023-05-10 09:49:46,OP90002122,深证100ETF沽12月3200,0.0,0.0,0.0,0.0,10,0.3662,0.3699,50,0.3396,0.3561,0.0,0.0,0.0,0.0,15
2023-05-10 09:49:46,OP90002122,深证100ETF沽12月3200,0.0,0.0,0.0,0.0,10,0.3662,0.3699,50,0.3396,0.3561,0.0,0.0,0.0,0.0,15
2023-05-10 09:49:47,OP90002122,深证100ETF沽12月3200,0.0,0.0,0.0,0.0,10,0.3662,0.3699,50,0.3396,0.3561,0.0,0.0,0.0,0.0,15
2023-05-10 09:49:47,OP90002122,深证100ETF沽12月3200,0.0,0.0,0.0,0.0,10,0.3662,0.3699,50,0.3396,0.3561,0.0,0.0,0.0,0.0,15
2023-05-10 09:49:48,OP90002122,深证100ETF沽12月3200,0.0,0.0,0.0,0.0,10,0.3662,0.3699,50,0.3396,0.3561,0.0,0.0,0.0,0.0,15
2023-05-10 09:49:51,OP90002122,深证100ETF沽12月3200,0.0,0.0,0.0,0.0,10,0.3662,0.3699,50,0.3396,0.3561,0.0,0.0,0.0,0.0,15
2023-05-10 09:49:52,OP90002122,深证100ETF沽12月3200,0.0,0.0,0.0,0.0,10,0.3662,0.3699,50,0.3396,0.3561,0.0,0.0,0.0,0.0,15
2023-05-10 09:49:52,OP90002122,深证100ETF沽12月3200,0.0,0.0,0.0,0.0,10,0.3662,0.3699,70,0.3396,0.3561,0.0,0.0,0.0,0.0,15
2023-05-10 09:49:53,OP90002122,深证100ETF沽12月3200,0.0,0.0,0.0,0.0,10,0.3662,0.3699,50,0.3396,0.3561,0.0,0.0,0.0,0.0,15
2023-05-10 09:49:53,OP90002122,深证100ETF沽12月3200,0.0,0.0,0.0,0.0,10,0.3662,0.3699,70,0.3396,0.3561,0.0,0.0,0.0,0.0,15
2023-05-10 09:49:54,OP90002122,深证100ETF沽12月3200,0.0,0.0,0.0,0.0,10,0.3662,0.3699,50,0.3396,0.3561,0.0,0.0,0.0,0.0,15
2023-05-10 09:49:54,OP90002122,深证100ETF沽12月3200,0.0,0.0,0.0,0.0,10,0.3662,0.3699,50,0.3396,0.3561,0.0,0.0,0.0,0.0,15
2023-05-10 09:49:55,OP90002122,深证100ETF沽12月3200,0.0,0.0,0.0,0.0,10,0.3662,0.3699,70,0.3396,0.3561,0.0,0.0,0.0,0.0,15
2023-05-10 09:49:59,OP90002122,深证100ETF沽12月3200,0.0,0.0,0.0,0.0,10,0.3662,0.3699,70,0.3396,0.3561,0.0,0.0,0.0,0.0,15
2023-05-10 09:49:59,OP90002122,深证100ETF沽12月3200,0.0,0.0,0.0,0.0,10,0.3662,0.3699,70,0.3396,0.3561,0.0,0.0,0.0,0.0,15
2023-05-10 09:50:00,OP90002122,深证100ETF沽12月3200,0.0,0.0,0.0,0.0,10,0.3662,0.3699,70,0.3396,0.3561,0.0,0.0,0.0,0.0,15
2023-05-10 09:50:01,OP90002122,深证100ETF沽12月3200,0.0,0.0,0.0,0.0,10,0.3662,0.3699,70,0.3396,0.3561,0.0,0.0,0.0,0.0,15
2023-05-10 09:50:01,OP90002122,深证100ETF沽12月3200,0.0,0.0,0.0,0.0,10,0.3662,0.3699,70,0.3396,0.3561,0.0,0.0,0.0,0.0,15
2023-05-10 09:50:02,OP90002122,深证100ETF沽12月3200,0.0,0.0,0.0,0.0,10,0.3662,0.3699,50,0.3396,0.3561,0.0,0.0,0.0,0.0,15
2023-05-10 09:50:02,OP90002122,深证100ETF沽12月3200,0.0,0.0,0.0,0.0,10,0.3662,0.3699,50,0.3396,0.3561,0.0,0.0,0.0,0.0,15
2023-05-10 09:50:03,OP90002122,深证100ETF沽12月3200,0.0,0.0,0.0,0.0,10,0.3662,0.3699,70,0.3396,0.3561,0.0,0.0,0.0,0.0,15
2023-05-10 09:50:03,OP90002122,深证100ETF沽12月3200,0.0,0.0,0.0,0.0,10,0.3662,0.3699,50,0.3396,0.3561,0.0,0.0,0.0,0.0,15
2023-05-10 09:50:04,OP90002122,深证100ETF沽12月3200,0.0,0.0,0.0,0.0,10,0.3662,0.3699,70,0.3396,0.3561,0.0,0.0,0.0,0.0,15
2023-05-10 09:50:04,OP90002122,深证100ETF沽12月3200,0.0,0.0,0.0,0.0,10,0.3662,0.3699,50,0.3396,0.3561,0.0,0.0,0.0,0.0,15
2023-05-10 09:50:05,OP90002122,深证100ETF沽12月3200,0.0,0.0,0.0,0.0,10,0.3662,0.3699,70,0.3396,0.3561,0.0,0.0,0.0,0.0,15
2023-05-10 09:50:05,OP90002122,深证100ETF沽12月3200,0.0,0.0,0.0,0.0,10,0.3662,0.3699,50,0.3396,0.3561,0.0,0.0,0.0,0.0,15
2023-05-10 09:50:06,OP90002122,深证100ETF沽12月3200,0.0,0.0,0.0,0.0,10,0.3662,0.3699,70,0.3396,0.3561,0.0,0.0,0.0,0.0,15
2023-05-10 09:50:07,OP90002122,深证100ETF沽12月3200,0.0,0.0,0.0,0.0,10,0.364,0.3699,50,0.3396,0.3561,0.0,0.0,0.0,0.0,15
2023-05-10 09:50:07,OP90002122,深证100ETF沽12月3200,0.0,0.0,0.0,0.0,6,0.3641,0.3699,70,0.3396,0.3561,0.0,0.0,0.0,0.0,15
2023-05-10 09:50:13,OP90002122,深证100ETF沽12月3200,0.0,0.0,0.0,0.0,6,0.3641,0.3694,20,0.3396,0.3561,0.0,0.0,0.0,0.0,15
2023-05-10 09:50:14,OP90002122,深证100ETF沽12月3200,0.0,0.0,0.0,0.0,6,0.3641,0.3694,30,0.3396,0.3561,0.0,0.0,0.0,0.0,15
2023-05-10 09:50:15,OP90002122,深证100ETF沽12月3200,0.0,0.0,0.0,0.0,6,0.3641,0.3694,30,0.3396,0.3561,0.0,0.0,0.0,0.0,15
2023-05-10 09:50:15,OP90002122,深证100ETF沽12月3200,0.0,0.0,0.0,0.0,6,0.3641,0.3694,30,0.3396,0.3561,0.0,0.0,0.0,0.0,15
2023-05-10 09:50:16,OP90002122,深证100ETF沽12月3200,0.0,0.0,0.0,0.0,6,0.3641,0.3682,20,0.3396,0.3561,0.0,0.0,0.0,0.0,15
2023-05-10 09:50:16,OP90002122,深证100ETF沽12月3200,0.0,0.0,0.0,0.0,6,0.3641,0.3682,50,0.3396,0.3561,0.0,0.0,0.0,0.0,15
2023-05-10 09:50:17,OP90002122,深证100ETF沽12月3200,0.0,0.0,0.0,0.0,6,0.3641,0.3682,50,0.3396,0.3561,0.0,0.0,0.0,0.0,15
2023-05-10 09:50:17,OP90002122,深证100ETF沽12月3200,0.0,0.0,0.0,0.0,6,0.3641,0.3682,50,0.3396,0.3561,0.0,0.0,0.0,0.0,15
2023-05-10 09:50:18,OP90002122,深证100ETF沽12月3200,0.0,0.0,0.0,0.0,6,0.3641,0.3682,70,0.3396,0.3561,0.0,0.0,0.0,0.0,15
2023-05-10 09:50:20,OP90002122,深证100ETF沽12月3200,0.0,0.0,0.0,0.0,6,0.3641,0.3682,70,0.3396,0.3561,0.0,0.0,0.0,0.0,15
2023-05-10 09:50:20,OP90002122,深证100ETF沽12月3200,0.0,0.0,0.0,0.0,2,0.3641,0.3682,70,0.3396,0.3561,0.0,0.0,0.0,0.0,15
2023-05-10 09:50:21,OP90002122,深证100ETF沽12月3200,0.0,0.0,0.0,0.0,2,0.3641,0.3682,70,0.3396,0.3561,0.0,0.0,0.0,0.0,15
2023-05-10 09:50:21,OP90002122,深证100ETF沽12月3200,0.0,0.0,0.0,0.0,2,0.3641,0.3682,70,0.3396,0.3561,0.0,0.0,0.0,0.0,15
2023-05-10 09:50:23,OP90002122,深证100ETF沽12月3200,0.0,0.0,0.0,0.0,2,0.3641,0.368,20,0.3396,0.3561,0.0,0.0,0.0,0.0,15
2023-05-10 09:50:23,OP90002122,深证100ETF沽12月3200,0.0,0.0,0.0,0.0,10,0.364,0.368,30,0.3396,0.3561,0.0,0.0,0.0,0.0,15
2023-05-10 09:50:24,OP90002122,深证100ETF沽12月3200,0.0,0.0,0.0,0.0,10,0.364,0.368,30,0.3396,0.3561,0.0,0.0,0.0,0.0,15
2023-05-10 09:50:25,OP90002122,深证100ETF沽12月3200,0.0,0.0,0.0,0.0,10,0.364,0.368,30,0.3396,0.3561,0.0,0.0,0.0,0.0,15
2023-05-10 09:50:26,OP90002122,深证100ETF沽12月3200,0.0,0.0,0.0,0.0,10,0.364,0.368,30,0.3396,0.3561,0.0,0.0,0.0,0.0,15
2023-05-10 09:50:26,OP90002122,深证100ETF沽12月3200,0.0,0.0,0.0,0.0,10,0.364,0.368,30,0.3396,0.3561,0.0,0.0,0.0,0.0,15
2023-05-10 09:50:27,OP90002122,深证100ETF沽12月3200,0.0,0.0,0.0,0.0,10,0.364,0.368,30,0.3396,0.3561,0.0,0.0,0.0,0.0,15
2023-05-10 09:50:27,OP90002122,深证100ETF沽12月3200,0.0,0.0,0.0,0.0,10,0.364,0.368,30,0.3396,0.3561,0.0,0.0,0.0,0.0,15
2023-05-10 09:50:31,OP90002122,深证100ETF沽12月3200,0.0,0.0,0.0,0.0,10,0.364,0.368,30,0.3396,0.3561,0.0,0.0,0.0,0.0,15
2023-05-10 09:50:32,OP90002122,深证100ETF沽12月3200,0.0,0.0,0.0,0.0,10,0.364,0.368,30,0.3396,0.3561,0.0,0.0,0.0,0.0,15
2023-05-10 09:50:34,OP90002122,深证100ETF沽12月3200,0.0,0.0,0.0,0.0,10,0.364,0.368,30,0.3396,0.3561,0.0,0.0,0.0,0.0,15
2023-05-10 09:50:37,OP90002122,深证100ETF沽12月3200,0.0,0.0,0.0,0.0,10,0.364,0.368,30,0.3396,0.3561,0.0,0.0,0.0,0.0,15
2023-05-10 09:50:37,OP90002122,深证100ETF沽12月3200,0.0,0.0,0.0,0.0,10,0.364,0.368,50,0.3396,0.3561,0.0,0.0,0.0,0.0,15
2023-05-10 09:50:38,OP90002122,深证100ETF沽12月3200,0.0,0.0,0.0,0.0,10,0.364,0.368,50,0.3396,0.3561,0.0,0.0,0.0,0.0,15
2023-05-10 09:50:38,OP90002122,深证100ETF沽12月3200,0.0,0.0,0.0,0.0,10,0.364,0.368,70,0.3396,0.3561,0.0,0.0,0.0,0.0,15
2023-05-10 09:50:41,OP90002122,深证100ETF沽12月3200,0.0,0.0,0.0,0.0,10,0.364,0.368,50,0.3396,0.3561,0.0,0.0,0.0,0.0,15
2023-05-10 09:50:42,OP90002122,深证100ETF沽12月3200,0.0,0.0,0.0,0.0,10,0.364,0.368,50,0.3396,0.3561,0.0,0.0,0.0,0.0,15
2023-05-10 09:50:44,OP90002122,深证100ETF沽12月3200,0.0,0.0,0.0,0.0,10,0.364,0.368,50,0.3396,0.3561,0.0,0.0,0.0,0.0,15
2023-05-10 09:50:44,OP90002122,深证100ETF沽12月3200,0.0,0.0,0.0,0.0,10,0.364,0.368,70,0.3396,0.3561,0.0,0.0,0.0,0.0,15
2023-05-10 09:50:45,OP90002122,深证100ETF沽12月3200,0.0,0.0,0.0,0.0,10,0.364,0.368,50,0.3396,0.3561,0.0,0.0,0.0,0.0,15
2023-05-10 09:50:45,OP90002122,深证100ETF沽12月3200,0.0,0.0,0.0,0.0,10,0.364,0.368,70,0.3396,0.3561,0.0,0.0,0.0,0.0,15
2023-05-10 09:50:46,OP90002122,深证100ETF沽12月3200,0.0,0.0,0.0,0.0,10,0.364,0.368,50,0.3396,0.3561,0.0,0.0,0.0,0.0,15
2023-05-10 09:50:46,OP90002122,深证100ETF沽12月3200,0.0,0.0,0.0,0.0,10,0.364,0.368,70,0.3396,0.3561,0.0,0.0,0.0,0.0,15
2023-05-10 09:50:47,OP90002122,深证100ETF沽12月3200,0.0,0.0,0.0,0.0,10,0.364,0.368,50,0.3396,0.3561,0.0,0.0,0.0,0.0,15
2023-05-10 09:50:48,OP90002122,深证100ETF沽12月3200,0.0,0.0,0.0,0.0,10,0.364,0.368,70,0.3396,0.3561,0.0,0.0,0.0,0.0,15
2023-05-10 09:50:48,OP90002122,深证100ETF沽12月3200,0.0,0.0,0.0,0.0,10,0.364,0.368,70,0.3396,0.3561,0.0,0.0,0.0,0.0,15
2023-05-10 09:50:49,OP90002122,深证100ETF沽12月3200,0.0,0.0,0.0,0.0,10,0.364,0.368,50,0.3396,0.3561,0.0,0.0,0.0,0.0,15
2023-05-10 09:50:49,OP90002122,深证100ETF沽12月3200,0.0,0.0,0.0,0.0,10,0.364,0.368,70,0.3396,0.3561,0.0,0.0,0.0,0.0,15
2023-05-10 09:50:50,OP90002122,深证100ETF沽12月3200,0.0,0.0,0.0,0.0,10,0.364,0.368,50,0.3396,0.3561,0.0,0.0,0.0,0.0,15
2023-05-10 09:50:50,OP90002122,深证100ETF沽12月3200,0.0,0.0,0.0,0.0,10,0.364,0.368,70,0.3396,0.3561,0.0,0.0,0.0,0.0,15
2023-05-10 09:50:51,OP90002122,深证100ETF沽12月3200,0.0,0.0,0.0,0.0,10,0.364,0.368,50,0.3396,0.3561,0.0,0.0,0.0,0.0,15
2023-05-10 09:50:51,OP90002122,深证100ETF沽12月3200,0.0,0.0,0.0,0.0,10,0.364,0.368,50,0.3396,0.3561,0.0,0.0,0.0,0.0,15
2023-05-10 09:50:52,OP90002122,深证100ETF沽12月3200,0.0,0.0,0.0,0.0,10,0.364,0.368,50,0.3396,0.3561,0.0,0.0,0.0,0.0,15
2023-05-10 09:50:52,OP90002122,深证100ETF沽12月3200,0.0,0.0,0.0,0.0,10,0.364,0.368,50,0.3396,0.3561,0.0,0.0,0.0,0.0,15
2023-05-10 09:50:53,OP90002122,深证100ETF沽12月3200,0.0,0.0,0.0,0.0,10,0.364,0.368,50,0.3396,0.3561,0.0,0.0,0.0,0.0,15
2023-05-10 09:50:53,OP90002122,深证100ETF沽12月3200,0.0,0.0,0.0,0.0,10,0.364,0.368,50,0.3396,0.3561,0.0,0.0,0.0,0.0,15
2023-05-10 09:50:59,OP90002122,深证100ETF沽12月3200,0.0,0.0,0.0,0.0,10,0.364,0.368,50,0.3396,0.3561,0.0,0.0,0.0,0.0,15
2023-05-10 09:51:00,OP90002122,深证100ETF沽12月3200,0.0,0.0,0.0,0.0,10,0.364,0.368,50,0.3396,0.3561,0.0,0.0,0.0,0.0,15
2023-05-10 09:51:01,OP90002122,深证100ETF沽12月3200,0.0,0.0,0.0,0.0,10,0.364,0.368,50,0.3396,0.3561,0.0,0.0,0.0,0.0,15
2023-05-10 09:51:02,OP90002122,深证100ETF沽12月3200,0.0,0.0,0.0,0.0,10,0.364,0.368,30,0.3396,0.3561,0.0,0.0,0.0,0.0,15
2023-05-10 09:51:02,OP90002122,深证100ETF沽12月3200,0.0,0.0,0.0,0.0,10,0.364,0.368,30,0.3396,0.3561,0.0,0.0,0.0,0.0,15
2023-05-10 09:51:03,OP90002122,深证100ETF沽12月3200,0.0,0.0,0.0,0.0,10,0.364,0.368,30,0.3396,0.3561,0.0,0.0,0.0,0.0,15
2023-05-10 09:51:04,OP90002122,深证100ETF沽12月3200,0.0,0.0,0.0,0.0,10,0.364,0.368,30,0.3396,0.3561,0.0,0.0,0.0,0.0,15
2023-05-10 09:51:05,OP90002122,深证100ETF沽12月3200,0.0,0.0,0.0,0.0,10,0.364,0.368,30,0.3396,0.3561,0.0,0.0,0.0,0.0,15
2023-05-10 09:51:05,OP90002122,深证100ETF沽12月3200,0.0,0.0,0.0,0.0,10,0.364,0.368,30,0.3396,0.3561,0.0,0.0,0.0,0.0,15
2023-05-10 09:51:06,OP90002122,深证100ETF沽12月3200,0.0,0.0,0.0,0.0,10,0.364,0.368,30,0.3396,0.3561,0.0,0.0,0.0,0.0,15
2023-05-10 09:51:12,OP90002122,深证100ETF沽12月3200,0.0,0.0,0.0,0.0,10,0.364,0.368,30,0.3396,0.3561,0.0,0.0,0.0,0.0,15
2023-05-10 09:51:13,OP90002122,深证100ETF沽12月3200,0.0,0.0,0.0,0.0,10,0.364,0.368,30,0.3396,0.3561,0.0,0.0,0.0,0.0,15
2023-05-10 09:51:13,OP90002122,深证100ETF沽12月3200,0.0,0.0,0.0,0.0,10,0.364,0.368,30,0.3396,0.3561,0.0,0.0,0.0,0.0,15
2023-05-10 09:51:15,OP90002122,深证100ETF沽12月3200,0.0,0.0,0.0,0.0,10,0.364,0.368,30,0.3396,0.3561,0.0,0.0,0.0,0.0,15
2023-05-10 09:51:15,OP90002122,深证100ETF沽12月3200,0.0,0.0,0.0,0.0,10,0.364,0.368,30,0.3396,0.3561,0.0,0.0,0.0,0.0,15
2023-05-10 09:51:16,OP90002122,深证100ETF沽12月3200,0.0,0.0,0.0,0.0,10,0.364,0.3671,20,0.3396,0.3561,0.0,0.0,0.0,0.0,15
2023-05-10 09:51:17,OP90002122,深证100ETF沽12月3200,0.0,0.0,0.0,0.0,10,0.364,0.3671,50,0.3396,0.3561,0.0,0.0,0.0,0.0,15
2023-05-10 09:51:17,OP90002122,深证100ETF沽12月3200,0.0,0.0,0.0,0.0,10,0.364,0.3671,50,0.3396,0.3561,0.0,0.0,0.0,0.0,15
2023-05-10 09:51:18,OP90002122,深证100ETF沽12月3200,0.0,0.0,0.0,0.0,10,0.364,0.3671,50,0.3396,0.3561,0.0,0.0,0.0,0.0,15
2023-05-10 09:51:18,OP90002122,深证100ETF沽12月3200,0.0,0.0,0.0,0.0,20,0.3637,0.3671,50,0.3396,0.3561,0.0,0.0,0.0,0.0,15
2023-05-10 09:51:19,OP90002122,深证100ETF沽12月3200,0.0,0.0,0.0,0.0,40,0.3621,0.3671,50,0.3396,0.3561,0.0,0.0,0.0,0.0,15
2023-05-10 09:51:19,OP90002122,深证100ETF沽12月3200,0.0,0.0,0.0,0.0,7,0.3622,0.3671,50,0.3396,0.3561,0.0,0.0,0.0,0.0,15
2023-05-10 09:51:20,OP90002122,深证100ETF沽12月3200,0.0,0.0,0.0,0.0,7,0.3622,0.3671,50,0.3396,0.3561,0.0,0.0,0.0,0.0,15
2023-05-10 09:51:20,OP90002122,深证100ETF沽12月3200,0.0,0.0,0.0,0.0,17,0.3622,0.3671,50,0.3396,0.3561,0.0,0.0,0.0,0.0,15
2023-05-10 09:51:21,OP90002122,深证100ETF沽12月3200,0.0,0.0,0.0,0.0,17,0.3622,0.3671,50,0.3396,0.3561,0.0,0.0,0.0,0.0,15
2023-05-10 09:51:24,OP90002122,深证100ETF沽12月3200,0.0,0.0,0.0,0.0,17,0.3622,0.3671,50,0.3396,0.3561,0.0,0.0,0.0,0.0,15
2023-05-10 09:51:27,OP90002122,深证100ETF沽12月3200,0.0,0.0,0.0,0.0,24,0.3622,0.3671,50,0.3396,0.3561,0.0,0.0,0.0,0.0,15
2023-05-10 09:51:34,OP90002122,深证100ETF沽12月3200,0.0,0.0,0.0,0.0,23,0.3622,0.3671,50,0.3396,0.3561,0.0,0.0,0.0,0.0,15
2023-05-10 09:51:37,OP90002122,深证100ETF沽12月3200,0.0,0.0,0.0,0.0,19,0.3622,0.3671,50,0.3396,0.3561,0.0,0.0,0.0,0.0,15
2023-05-10 09:51:37,OP90002122,深证100ETF沽12月3200,0.0,0.0,0.0,0.0,17,0.3622,0.3671,50,0.3396,0.3561,0.0,0.0,0.0,0.0,15
2023-05-10 09:51:38,OP90002122,深证100ETF沽12月3200,0.0,0.0,0.0,0.0,10,0.3622,0.3671,50,0.3396,0.3561,0.0,0.0,0.0,0.0,15
2023-05-10 09:51:41,OP90002122,深证100ETF沽12月3200,0.0,0.0,0.0,0.0,10,0.3622,0.3671,50,0.3396,0.3561,0.0,0.0,0.0,0.0,15
2023-05-10 09:51:54,OP90002122,深证100ETF沽12月3200,0.0,0.0,0.0,0.0,10,0.3622,0.3671,50,0.3396,0.3561,0.0,0.0,0.0,0.0,15
2023-05-10 09:52:08,OP90002122,深证100ETF沽12月3200,0.0,0.0,0.0,0.0,10,0.3622,0.3671,50,0.3396,0.3561,0.0,0.0,0.0,0.0,15
2023-05-10 09:52:13,OP90002122,深证100ETF沽12月3200,0.0,0.0,0.0,0.0,10,0.3622,0.3671,50,0.3396,0.3561,0.0,0.0,0.0,0.0,15
2023-05-10 09:52:13,OP90002122,深证100ETF沽12月3200,0.0,0.0,0.0,0.0,10,0.3622,0.3671,50,0.3396,0.3561,0.0,0.0,0.0,0.0,15
2023-05-10 09:52:14,OP90002122,深证100ETF沽12月3200,0.0,0.0,0.0,0.0,10,0.3622,0.3671,40,0.3396,0.3561,0.0,0.0,0.0,0.0,15
2023-05-10 09:52:16,OP90002122,深证100ETF沽12月3200,0.0,0.0,0.0,0.0,10,0.3622,0.3671,40,0.3396,0.3561,0.0,0.0,0.0,0.0,15
2023-05-10 09:52:17,OP90002122,深证100ETF沽12月3200,0.0,0.0,0.0,0.0,10,0.3622,0.3671,40,0.3396,0.3561,0.0,0.0,0.0,0.0,15
2023-05-10 09:52:18,OP90002122,深证100ETF沽12月3200,0.0,0.0,0.0,0.0,3,0.3623,0.3671,40,0.3396,0.3561,0.0,0.0,0.0,0.0,15
2023-05-10 09:52:19,OP90002122,深证100ETF沽12月3200,0.0,0.0,0.0,0.0,3,0.3623,0.3671,40,0.3396,0.3561,0.0,0.0,0.0,0.0,15
2023-05-10 09:52:20,OP90002122,深证100ETF沽12月3200,0.0,0.0,0.0,0.0,4,0.3623,0.3671,40,0.3396,0.3561,0.0,0.0,0.0,0.0,15
2023-05-10 09:52:20,OP90002122,深证100ETF沽12月3200,0.0,0.0,0.0,0.0,4,0.3623,0.3671,40,0.3396,0.3561,0.0,0.0,0.0,0.0,15
2023-05-10 09:52:21,OP90002122,深证100ETF沽12月3200,0.0,0.0,0.0,0.0,4,0.3623,0.3671,40,0.3396,0.3561,0.0,0.0,0.0,0.0,15
2023-05-10 09:52:22,OP90002122,深证100ETF沽12月3200,0.0,0.0,0.0,0.0,4,0.3623,0.3671,40,0.3396,0.3561,0.0,0.0,0.0,0.0,15
2023-05-10 09:52:24,OP90002122,深证100ETF沽12月3200,0.0,0.0,0.0,0.0,4,0.3623,0.3671,40,0.3396,0.3561,0.0,0.0,0.0,0.0,15
2023-05-10 09:52:24,OP90002122,深证100ETF沽12月3200,0.0,0.0,0.0,0.0,4,0.3623,0.3671,40,0.3396,0.3561,0.0,0.0,0.0,0.0,15
2023-05-10 09:52:26,OP90002122,深证100ETF沽12月3200,0.0,0.0,0.0,0.0,4,0.3623,0.3671,40,0.3396,0.3561,0.0,0.0,0.0,0.0,15
2023-05-10 09:52:29,OP90002122,深证100ETF沽12月3200,0.0,0.0,0.0,0.0,4,0.3623,0.3671,40,0.3396,0.3561,0.0,0.0,0.0,0.0,15
2023-05-10 09:52:42,OP90002122,深证100ETF沽12月3200,0.0,0.0,0.0,0.0,4,0.3623,0.3671,40,0.3396,0.3561,0.0,0.0,0.0,0.0,15
2023-05-10 09:52:45,OP90002122,深证100ETF沽12月3200,0.0,0.0,0.0,0.0,3,0.3623,0.3671,40,0.3396,0.3561,0.0,0.0,0.0,0.0,15
2023-05-10 09:52:48,OP90002122,深证100ETF沽12月3200,0.0,0.0,0.0,0.0,1,0.3622,0.3671,40,0.3396,0.3561,0.0,0.0,0.0,0.0,15
2023-05-10 09:52:48,OP90002122,深证100ETF沽12月3200,0.0,0.0,0.0,0.0,1,0.3622,0.3671,40,0.3396,0.3561,0.0,0.0,0.0,0.0,15
2023-05-10 09:52:53,OP90002122,深证100ETF沽12月3200,0.0,0.0,0.0,0.0,9,0.3621,0.3671,40,0.3396,0.3561,0.0,0.0,0.0,0.0,15
2023-05-10 09:52:54,OP90002122,深证100ETF沽12月3200,0.0,0.0,0.0,0.0,9,0.3621,0.3671,40,0.3396,0.3561,0.0,0.0,0.0,0.0,15
2023-05-10 09:52:56,OP90002122,深证100ETF沽12月3200,0.0,0.0,0.0,0.0,9,0.3621,0.3671,40,0.3396,0.3561,0.0,0.0,0.0,0.0,15
2023-05-10 09:52:58,OP90002122,深证100ETF沽12月3200,0.0,0.0,0.0,0.0,9,0.3621,0.3671,40,0.3396,0.3561,0.0,0.0,0.0,0.0,15
2023-05-10 09:52:58,OP90002122,深证100ETF沽12月3200,0.0,0.0,0.0,0.0,9,0.3621,0.3671,40,0.3396,0.3561,0.0,0.0,0.0,0.0,15
2023-05-10 09:53:05,OP90002122,深证100ETF沽12月3200,0.0,0.0,0.0,0.0,19,0.3621,0.3671,40,0.3396,0.3561,0.0,0.0,0.0,0.0,15
2023-05-10 09:53:08,OP90002122,深证100ETF沽12月3200,0.0,0.0,0.0,0.0,1,0.3622,0.3671,40,0.3396,0.3561,0.0,0.0,0.0,0.0,15
2023-05-10 09:53:09,OP90002122,深证100ETF沽12月3200,0.0,0.0,0.0,0.0,31,0.3622,0.3671,20,0.3396,0.3561,0.0,0.0,0.0,0.0,15
2023-05-10 09:53:11,OP90002122,深证100ETF沽12月3200,0.0,0.0,0.0,0.0,1,0.3623,0.3671,20,0.3396,0.3561,0.0,0.0,0.0,0.0,15
2023-05-10 09:53:11,OP90002122,深证100ETF沽12月3200,0.0,0.0,0.0,0.0,11,0.3623,0.3671,20,0.3396,0.3561,0.0,0.0,0.0,0.0,15
2023-05-10 09:53:14,OP90002122,深证100ETF沽12月3200,0.0,0.0,0.0,0.0,1,0.3624,0.3671,20,0.3396,0.3561,0.0,0.0,0.0,0.0,15
2023-05-10 09:53:14,OP90002122,深证100ETF沽12月3200,0.0,0.0,0.0,0.0,11,0.3624,0.3671,40,0.3396,0.3561,0.0,0.0,0.0,0.0,15
2023-05-10 09:53:15,OP90002122,深证100ETF沽12月3200,0.0,0.0,0.0,0.0,11,0.3624,0.3671,40,0.3396,0.3561,0.0,0.0,0.0,0.0,15
2023-05-10 09:53:17,OP90002122,深证100ETF沽12月3200,0.0,0.0,0.0,0.0,1,0.3624,0.3671,40,0.3396,0.3561,0.0,0.0,0.0,0.0,15
2023-05-10 09:53:18,OP90002122,深证100ETF沽12月3200,0.0,0.0,0.0,0.0,1,0.3624,0.3671,40,0.3396,0.3561,0.0,0.0,0.0,0.0,15
2023-05-10 09:53:19,OP90002122,深证100ETF沽12月3200,0.0,0.0,0.0,0.0,21,0.3623,0.3671,40,0.3396,0.3561,0.0,0.0,0.0,0.0,15
2023-05-10 09:53:19,OP90002122,深证100ETF沽12月3200,0.0,0.0,0.0,0.0,21,0.3623,0.3671,40,0.3396,0.3561,0.0,0.0,0.0,0.0,15
2023-05-10 09:53:20,OP90002122,深证100ETF沽12月3200,0.0,0.0,0.0,0.0,20,0.3623,0.3671,40,0.3396,0.3561,0.0,0.0,0.0,0.0,15
2023-05-10 09:53:21,OP90002122,深证100ETF沽12月3200,0.0,0.0,0.0,0.0,20,0.3623,0.3671,40,0.3396,0.3561,0.0,0.0,0.0,0.0,15
2023-05-10 09:53:21,OP90002122,深证100ETF沽12月3200,0.0,0.0,0.0,0.0,20,0.3623,0.3671,40,0.3396,0.3561,0.0,0.0,0.0,0.0,15
2023-05-10 09:53:24,OP90002122,深证100ETF沽12月3200,0.0,0.0,0.0,0.0,20,0.3623,0.3671,40,0.3396,0.3561,0.0,0.0,0.0,0.0,15
2023-05-10 09:53:26,OP90002122,深证100ETF沽12月3200,0.0,0.0,0.0,0.0,20,0.3623,0.3671,40,0.3396,0.3561,0.0,0.0,0.0,0.0,15
2023-05-10 09:53:31,OP90002122,深证100ETF沽12月3200,0.0,0.0,0.0,0.0,20,0.3623,0.3671,40,0.3396,0.3561,0.0,0.0,0.0,0.0,15
2023-05-10 09:53:43,OP90002122,深证100ETF沽12月3200,0.0,0.0,0.0,0.0,20,0.3623,0.3671,40,0.3396,0.3561,0.0,0.0,0.0,0.0,15
2023-05-10 09:53:49,OP90002122,深证100ETF沽12月3200,0.0,0.0,0.0,0.0,20,0.3623,0.3671,40,0.3396,0.3561,0.0,0.0,0.0,0.0,15
2023-05-10 09:53:53,OP90002122,深证100ETF沽12月3200,0.0,0.0,0.0,0.0,20,0.3623,0.3671,40,0.3396,0.3561,0.0,0.0,0.0,0.0,15
2023-05-10 09:54:01,OP90002122,深证100ETF沽12月3200,0.0,0.0,0.0,0.0,20,0.3623,0.3671,40,0.3396,0.3561,0.0,0.0,0.0,0.0,15
2023-05-10 09:54:02,OP90002122,深证100ETF沽12月3200,0.0,0.0,0.0,0.0,20,0.3623,0.3671,40,0.3396,0.3561,0.0,0.0,0.0,0.0,15
2023-05-10 09:54:03,OP90002122,深证100ETF沽12月3200,0.0,0.0,0.0,0.0,20,0.3623,0.3671,40,0.3396,0.3561,0.0,0.0,0.0,0.0,15
2023-05-10 09:54:06,OP90002122,深证100ETF沽12月3200,0.0,0.0,0.0,0.0,20,0.3623,0.3671,50,0.3396,0.3561,0.0,0.0,0.0,0.0,15
2023-05-10 09:54:07,OP90002122,深证100ETF沽12月3200,0.0,0.0,0.0,0.0,20,0.3623,0.3671,50,0.3396,0.3561,0.0,0.0,0.0,0.0,15
2023-05-10 09:54:08,OP90002122,深证100ETF沽12月3200,0.0,0.0,0.0,0.0,20,0.3623,0.3671,50,0.3396,0.3561,0.0,0.0,0.0,0.0,15
2023-05-10 09:54:13,OP90002122,深证100ETF沽12月3200,0.0,0.0,0.0,0.0,20,0.3623,0.3667,20,0.3396,0.3561,0.0,0.0,0.0,0.0,15
2023-05-10 09:54:13,OP90002122,深证100ETF沽12月3200,0.0,0.0,0.0,0.0,20,0.3623,0.3667,30,0.3396,0.3561,0.0,0.0,0.0,0.0,15
2023-05-10 09:54:22,OP90002122,深证100ETF沽12月3200,0.0,0.0,0.0,0.0,20,0.3623,0.366,20,0.3396,0.3561,0.0,0.0,0.0,0.0,15
2023-05-10 09:54:22,OP90002122,深证100ETF沽12月3200,0.0,0.0,0.0,0.0,29,0.3621,0.366,50,0.3396,0.3561,0.0,0.0,0.0,0.0,15
2023-05-10 09:54:23,OP90002122,深证100ETF沽12月3200,0.0,0.0,0.0,0.0,7,0.3621,0.366,50,0.3396,0.3561,0.0,0.0,0.0,0.0,15
2023-05-10 09:54:23,OP90002122,深证100ETF沽12月3200,0.0,0.0,0.0,0.0,7,0.3621,0.366,50,0.3396,0.3561,0.0,0.0,0.0,0.0,15
2023-05-10 09:54:25,OP90002122,深证100ETF沽12月3200,0.0,0.0,0.0,0.0,7,0.3621,0.366,50,0.3396,0.3561,0.0,0.0,0.0,0.0,15
2023-05-10 09:54:27,OP90002122,深证100ETF沽12月3200,0.0,0.0,0.0,0.0,7,0.3621,0.366,70,0.3396,0.3561,0.0,0.0,0.0,0.0,15
2023-05-10 09:54:27,OP90002122,深证100ETF沽12月3200,0.0,0.0,0.0,0.0,7,0.3621,0.366,70,0.3396,0.3561,0.0,0.0,0.0,0.0,15
2023-05-10 09:54:30,OP90002122,深证100ETF沽12月3200,0.0,0.0,0.0,0.0,7,0.3621,0.366,70,0.3396,0.3561,0.0,0.0,0.0,0.0,15
2023-05-10 09:54:41,OP90002122,深证100ETF沽12月3200,0.0,0.0,0.0,0.0,7,0.3621,0.366,70,0.3396,0.3561,0.0,0.0,0.0,0.0,15
2023-05-10 09:54:42,OP90002122,深证100ETF沽12月3200,0.0,0.0,0.0,0.0,7,0.3621,0.366,70,0.3396,0.3561,0.0,0.0,0.0,0.0,15
2023-05-10 09:54:43,OP90002122,深证100ETF沽12月3200,0.0,0.0,0.0,0.0,7,0.3621,0.366,60,0.3396,0.3561,0.0,0.0,0.0,0.0,15
2023-05-10 09:54:43,OP90002122,深证100ETF沽12月3200,0.0,0.0,0.0,0.0,20,0.3619,0.366,60,0.3396,0.3561,0.0,0.0,0.0,0.0,15
2023-05-10 09:54:44,OP90002122,深证100ETF沽12月3200,0.0,0.0,0.0,0.0,70,0.3612,0.366,60,0.3396,0.3561,0.0,0.0,0.0,0.0,15
2023-05-10 09:54:44,OP90002122,深证100ETF沽12月3200,0.0,0.0,0.0,0.0,40,0.3612,0.366,60,0.3396,0.3561,0.0,0.0,0.0,0.0,15
2023-05-10 09:54:47,OP90002122,深证100ETF沽12月3200,0.0,0.0,0.0,0.0,40,0.3612,0.366,40,0.3396,0.3561,0.0,0.0,0.0,0.0,15
2023-05-10 09:54:48,OP90002122,深证100ETF沽12月3200,0.0,0.0,0.0,0.0,1,0.3613,0.366,40,0.3396,0.3561,0.0,0.0,0.0,0.0,15
2023-05-10 09:54:49,OP90002122,深证100ETF沽12月3200,0.0,0.0,0.0,0.0,7,0.3614,0.366,40,0.3396,0.3561,0.0,0.0,0.0,0.0,15
2023-05-10 09:54:50,OP90002122,深证100ETF沽12月3200,0.0,0.0,0.0,0.0,6,0.3615,0.366,40,0.3396,0.3561,0.0,0.0,0.0,0.0,15
2023-05-10 09:54:51,OP90002122,深证100ETF沽12月3200,0.0,0.0,0.0,0.0,6,0.3615,0.366,40,0.3396,0.3561,0.0,0.0,0.0,0.0,15
2023-05-10 09:54:55,OP90002122,深证100ETF沽12月3200,0.0,0.0,0.0,0.0,7,0.3614,0.366,40,0.3396,0.3561,0.0,0.0,0.0,0.0,15
2023-05-10 09:54:59,OP90002122,深证100ETF沽12月3200,0.0,0.0,0.0,0.0,7,0.3614,0.366,50,0.3396,0.3561,0.0,0.0,0.0,0.0,15
2023-05-10 09:54:59,OP90002122,深证100ETF沽12月3200,0.0,0.0,0.0,0.0,7,0.3614,0.366,50,0.3396,0.3561,0.0,0.0,0.0,0.0,15
2023-05-10 09:55:00,OP90002122,深证100ETF沽12月3200,0.0,0.0,0.0,0.0,13,0.3614,0.366,50,0.3396,0.3561,0.0,0.0,0.0,0.0,15
2023-05-10 09:55:02,OP90002122,深证100ETF沽12月3200,0.0,0.0,0.0,0.0,13,0.3614,0.366,40,0.3396,0.3561,0.0,0.0,0.0,0.0,15
2023-05-10 09:55:03,OP90002122,深证100ETF沽12月3200,0.0,0.0,0.0,0.0,13,0.3614,0.366,40,0.3396,0.3561,0.0,0.0,0.0,0.0,15
2023-05-10 09:55:06,OP90002122,深证100ETF沽12月3200,0.0,0.0,0.0,0.0,10,0.3618,0.366,40,0.3396,0.3561,0.0,0.0,0.0,0.0,15
2023-05-10 09:55:06,OP90002122,深证100ETF沽12月3200,0.0,0.0,0.0,0.0,13,0.3614,0.366,40,0.3396,0.3561,0.0,0.0,0.0,0.0,15
2023-05-10 09:55:07,OP90002122,深证100ETF沽12月3200,0.0,0.0,0.0,0.0,10,0.3616,0.366,40,0.3396,0.3561,0.0,0.0,0.0,0.0,15
2023-05-10 09:55:07,OP90002122,深证100ETF沽12月3200,0.0,0.0,0.0,0.0,13,0.3614,0.366,40,0.3396,0.3561,0.0,0.0,0.0,0.0,15
2023-05-10 09:55:08,OP90002122,深证100ETF沽12月3200,0.0,0.0,0.0,0.0,13,0.3614,0.366,40,0.3396,0.3561,0.0,0.0,0.0,0.0,15
2023-05-10 09:55:08,OP90002122,深证100ETF沽12月3200,0.0,0.0,0.0,0.0,13,0.3614,0.366,40,0.3396,0.3561,0.0,0.0,0.0,0.0,15
2023-05-10 09:55:10,OP90002122,深证100ETF沽12月3200,0.0,0.0,0.0,0.0,13,0.3614,0.366,40,0.3396,0.3561,0.0,0.0,0.0,0.0,15
2023-05-10 09:55:13,OP90002122,深证100ETF沽12月3200,0.0,0.0,0.0,0.0,13,0.3614,0.366,40,0.3396,0.3561,0.0,0.0,0.0,0.0,15
2023-05-10 09:55:13,OP90002122,深证100ETF沽12月3200,0.0,0.0,0.0,0.0,13,0.3614,0.366,40,0.3396,0.3561,0.0,0.0,0.0,0.0,15
2023-05-10 09:55:18,OP90002122,深证100ETF沽12月3200,0.0,0.0,0.0,0.0,13,0.3614,0.366,40,0.3396,0.3561,0.0,0.0,0.0,0.0,15
2023-05-10 09:55:19,OP90002122,深证100ETF沽12月3200,0.0,0.0,0.0,0.0,13,0.3614,0.366,40,0.3396,0.3561,0.0,0.0,0.0,0.0,15
2023-05-10 09:55:20,OP90002122,深证100ETF沽12月3200,0.0,0.0,0.0,0.0,11,0.3614,0.366,40,0.3396,0.3561,0.0,0.0,0.0,0.0,15
2023-05-10 09:55:21,OP90002122,深证100ETF沽12月3200,0.0,0.0,0.0,0.0,7,0.3614,0.366,40,0.3396,0.3561,0.0,0.0,0.0,0.0,15
2023-05-10 09:55:23,OP90002122,深证100ETF沽12月3200,0.0,0.0,0.0,0.0,7,0.3614,0.366,40,0.3396,0.3561,0.0,0.0,0.0,0.0,15
2023-05-10 09:55:26,OP90002122,深证100ETF沽12月3200,0.0,0.0,0.0,0.0,40,0.3612,0.366,40,0.3396,0.3561,0.0,0.0,0.0,0.0,15
2023-05-10 09:55:27,OP90002122,深证100ETF沽12月3200,0.0,0.0,0.0,0.0,40,0.3612,0.366,60,0.3396,0.3561,0.0,0.0,0.0,0.0,15
2023-05-10 09:55:27,OP90002122,深证100ETF沽12月3200,0.0,0.0,0.0,0.0,40,0.3612,0.366,60,0.3396,0.3561,0.0,0.0,0.0,0.0,15
2023-05-10 09:55:28,OP90002122,深证100ETF沽12月3200,0.0,0.0,0.0,0.0,40,0.3612,0.366,60,0.3396,0.3561,0.0,0.0,0.0,0.0,15
2023-05-10 09:55:33,OP90002122,深证100ETF沽12月3200,0.0,0.0,0.0,0.0,40,0.3612,0.366,60,0.3396,0.3561,0.0,0.0,0.0,0.0,15
2023-05-10 09:55:36,OP90002122,深证100ETF沽12月3200,0.0,0.0,0.0,0.0,40,0.3612,0.366,60,0.3396,0.3561,0.0,0.0,0.0,0.0,15
2023-05-10 09:55:38,OP90002122,深证100ETF沽12月3200,0.0,0.0,0.0,0.0,10,0.3615,0.366,60,0.3396,0.3561,0.0,0.0,0.0,0.0,15
2023-05-10 09:55:39,OP90002122,深证100ETF沽12月3200,0.0,0.0,0.0,0.0,40,0.3612,0.366,60,0.3396,0.3561,0.0,0.0,0.0,0.0,15
2023-05-10 09:55:39,OP90002122,深证100ETF沽12月3200,0.0,0.0,0.0,0.0,40,0.3612,0.366,60,0.3396,0.3561,0.0,0.0,0.0,0.0,15
2023-05-10 09:55:41,OP90002122,深证100ETF沽12月3200,0.0,0.0,0.0,0.0,40,0.3612,0.366,60,0.3396,0.3561,0.0,0.0,0.0,0.0,15
2023-05-10 09:55:42,OP90002122,深证100ETF沽12月3200,0.0,0.0,0.0,0.0,7,0.3613,0.366,60,0.3396,0.3561,0.0,0.0,0.0,0.0,15
2023-05-10 09:55:43,OP90002122,深证100ETF沽12月3200,0.0,0.0,0.0,0.0,1,0.3614,0.366,60,0.3396,0.3561,0.0,0.0,0.0,0.0,15
2023-05-10 09:55:46,OP90002122,深证100ETF沽12月3200,0.0,0.0,0.0,0.0,1,0.3614,0.366,60,0.3396,0.3561,0.0,0.0,0.0,0.0,15
2023-05-10 09:55:48,OP90002122,深证100ETF沽12月3200,0.0,0.0,0.0,0.0,1,0.3614,0.366,60,0.3396,0.3561,0.0,0.0,0.0,0.0,15
2023-05-10 09:55:59,OP90002122,深证100ETF沽12月3200,0.0,0.0,0.0,0.0,1,0.3614,0.366,40,0.3396,0.3561,0.0,0.0,0.0,0.0,15
2023-05-10 09:56:04,OP90002122,深证100ETF沽12月3200,0.0,0.0,0.0,0.0,13,0.3613,0.366,40,0.3396,0.3561,0.0,0.0,0.0,0.0,15
2023-05-10 09:56:04,OP90002122,深证100ETF沽12月3200,0.0,0.0,0.0,0.0,13,0.3613,0.366,40,0.3396,0.3561,0.0,0.0,0.0,0.0,15
2023-05-10 09:56:06,OP90002122,深证100ETF沽12月3200,0.0,0.0,0.0,0.0,7,0.3613,0.366,40,0.3396,0.3561,0.0,0.0,0.0,0.0,15
2023-05-10 09:56:07,OP90002122,深证100ETF沽12月3200,0.0,0.0,0.0,0.0,20,0.3612,0.366,40,0.3396,0.3561,0.0,0.0,0.0,0.0,15
2023-05-10 09:56:08,OP90002122,深证100ETF沽12月3200,0.0,0.0,0.0,0.0,20,0.3612,0.366,40,0.3396,0.3561,0.0,0.0,0.0,0.0,15
2023-05-10 09:56:43,OP90002122,深证100ETF沽12月3200,0.0,0.0,0.0,0.0,20,0.3612,0.3649,20,0.3396,0.3561,0.0,0.0,0.0,0.0,15
2023-05-10 09:56:44,OP90002122,深证100ETF沽12月3200,0.0,0.0,0.0,0.0,20,0.3612,0.3649,20,0.3396,0.3561,0.0,0.0,0.0,0.0,15
2023-05-10 09:56:44,OP90002122,深证100ETF沽12月3200,0.0,0.0,0.0,0.0,20,0.3612,0.3649,20,0.3396,0.3561,0.0,0.0,0.0,0.0,15
2023-05-10 09:56:46,OP90002122,深证100ETF沽12月3200,0.0,0.0,0.0,0.0,20,0.3612,0.3649,20,0.3396,0.3561,0.0,0.0,0.0,0.0,15
2023-05-10 09:56:47,OP90002122,深证100ETF沽12月3200,0.0,0.0,0.0,0.0,40,0.3611,0.3649,20,0.3396,0.3561,0.0,0.0,0.0,0.0,15
2023-05-10 09:56:48,OP90002122,深证100ETF沽12月3200,0.0,0.0,0.0,0.0,40,0.3611,0.3649,20,0.3396,0.3561,0.0,0.0,0.0,0.0,15
2023-05-10 09:56:48,OP90002122,深证100ETF沽12月3200,0.0,0.0,0.0,0.0,20,0.3611,0.3649,40,0.3396,0.3561,0.0,0.0,0.0,0.0,15
2023-05-10 09:56:49,OP90002122,深证100ETF沽12月3200,0.0,0.0,0.0,0.0,20,0.3611,0.3649,40,0.3396,0.3561,0.0,0.0,0.0,0.0,15
2023-05-10 09:56:50,OP90002122,深证100ETF沽12月3200,0.0,0.0,0.0,0.0,20,0.3611,0.3649,40,0.3396,0.3561,0.0,0.0,0.0,0.0,15
2023-05-10 09:56:51,OP90002122,深证100ETF沽12月3200,0.0,0.0,0.0,0.0,20,0.3611,0.3649,40,0.3396,0.3561,0.0,0.0,0.0,0.0,15
2023-05-10 09:56:51,OP90002122,深证100ETF沽12月3200,0.0,0.0,0.0,0.0,20,0.3611,0.3649,40,0.3396,0.3561,0.0,0.0,0.0,0.0,15
2023-05-10 09:56:53,OP90002122,深证100ETF沽12月3200,0.0,0.0,0.0,0.0,20,0.3611,0.3649,40,0.3396,0.3561,0.0,0.0,0.0,0.0,15
2023-05-10 09:56:55,OP90002122,深证100ETF沽12月3200,0.0,0.0,0.0,0.0,20,0.3611,0.3649,40,0.3396,0.3561,0.0,0.0,0.0,0.0,15
2023-05-10 09:56:58,OP90002122,深证100ETF沽12月3200,0.0,0.0,0.0,0.0,20,0.3611,0.3649,40,0.3396,0.3561,0.0,0.0,0.0,0.0,15
2023-05-10 09:56:59,OP90002122,深证100ETF沽12月3200,0.0,0.0,0.0,0.0,20,0.3611,0.3649,40,0.3396,0.3561,0.0,0.0,0.0,0.0,15
2023-05-10 09:57:06,OP90002122,深证100ETF沽12月3200,0.0,0.0,0.0,0.0,20,0.3611,0.3649,40,0.3396,0.3561,0.0,0.0,0.0,0.0,15
2023-05-10 09:57:11,OP90002122,深证100ETF沽12月3200,0.0,0.0,0.0,0.0,40,0.3605,0.3649,60,0.3396,0.3561,0.0,0.0,0.0,0.0,15
2023-05-10 09:57:11,OP90002122,深证100ETF沽12月3200,0.0,0.0,0.0,0.0,20,0.3603,0.3649,60,0.3396,0.3561,0.0,0.0,0.0,0.0,15
2023-05-10 09:57:12,OP90002122,深证100ETF沽12月3200,0.0,0.0,0.0,0.0,20,0.3603,0.3649,60,0.3396,0.3561,0.0,0.0,0.0,0.0,15
2023-05-10 09:57:12,OP90002122,深证100ETF沽12月3200,0.0,0.0,0.0,0.0,20,0.3603,0.3649,60,0.3396,0.3561,0.0,0.0,0.0,0.0,15
2023-05-10 09:57:13,OP90002122,深证100ETF沽12月3200,0.0,0.0,0.0,0.0,20,0.3603,0.3649,60,0.3396,0.3561,0.0,0.0,0.0,0.0,15
2023-05-10 09:57:13,OP90002122,深证100ETF沽12月3200,0.0,0.0,0.0,0.0,20,0.3603,0.3649,60,0.3396,0.3561,0.0,0.0,0.0,0.0,15
2023-05-10 09:57:14,OP90002122,深证100ETF沽12月3200,0.0,0.0,0.0,0.0,20,0.3603,0.3649,60,0.3396,0.3561,0.0,0.0,0.0,0.0,15
2023-05-10 09:57:16,OP90002122,深证100ETF沽12月3200,0.0,0.0,0.0,0.0,20,0.3603,0.3649,60,0.3396,0.3561,0.0,0.0,0.0,0.0,15
2023-05-10 09:57:18,OP90002122,深证100ETF沽12月3200,0.0,0.0,0.0,0.0,20,0.3603,0.3649,60,0.3396,0.3561,0.0,0.0,0.0,0.0,15
2023-05-10 09:57:19,OP90002122,深证100ETF沽12月3200,0.0,0.0,0.0,0.0,20,0.3603,0.3649,70,0.3396,0.3561,0.0,0.0,0.0,0.0,15
2023-05-10 09:57:25,OP90002122,深证100ETF沽12月3200,0.0,0.0,0.0,0.0,20,0.3603,0.3649,70,0.3396,0.3561,0.0,0.0,0.0,0.0,15
2023-05-10 09:57:26,OP90002122,深证100ETF沽12月3200,0.0,0.0,0.0,0.0,20,0.3603,0.3649,70,0.3396,0.3561,0.0,0.0,0.0,0.0,15
2023-05-10 09:57:29,OP90002122,深证100ETF沽12月3200,0.0,0.0,0.0,0.0,20,0.3595,0.3649,70,0.3396,0.3561,0.0,0.0,0.0,0.0,15
2023-05-10 09:57:30,OP90002122,深证100ETF沽12月3200,0.0,0.0,0.0,0.0,40,0.3594,0.3649,70,0.3396,0.3561,0.0,0.0,0.0,0.0,15
2023-05-10 09:57:30,OP90002122,深证100ETF沽12月3200,0.0,0.0,0.0,0.0,40,0.3594,0.3649,70,0.3396,0.3561,0.0,0.0,0.0,0.0,15
2023-05-10 09:57:32,OP90002122,深证100ETF沽12月3200,0.0,0.0,0.0,0.0,40,0.3594,0.3649,70,0.3396,0.3561,0.0,0.0,0.0,0.0,15
2023-05-10 09:57:35,OP90002122,深证100ETF沽12月3200,0.0,0.0,0.0,0.0,40,0.3594,0.3649,70,0.3396,0.3561,0.0,0.0,0.0,0.0,15
2023-05-10 09:57:38,OP90002122,深证100ETF沽12月3200,0.0,0.0,0.0,0.0,20,0.3594,0.3649,70,0.3396,0.3561,0.0,0.0,0.0,0.0,15
2023-05-10 09:57:39,OP90002122,深证100ETF沽12月3200,0.0,0.0,0.0,0.0,40,0.3591,0.3649,70,0.3396,0.3561,0.0,0.0,0.0,0.0,15
2023-05-10 09:57:39,OP90002122,深证100ETF沽12月3200,0.0,0.0,0.0,0.0,10,0.3591,0.3649,70,0.3396,0.3561,0.0,0.0,0.0,0.0,15
2023-05-10 09:57:54,OP90002122,深证100ETF沽12月3200,0.0,0.0,0.0,0.0,10,0.3591,0.3649,70,0.3396,0.3561,0.0,0.0,0.0,0.0,15
2023-05-10 09:57:55,OP90002122,深证100ETF沽12月3200,0.0,0.0,0.0,0.0,10,0.3591,0.3649,50,0.3396,0.3561,0.0,0.0,0.0,0.0,15
2023-05-10 09:57:55,OP90002122,深证100ETF沽12月3200,0.0,0.0,0.0,0.0,10,0.3591,0.3649,70,0.3396,0.3561,0.0,0.0,0.0,0.0,15
2023-05-10 09:57:56,OP90002122,深证100ETF沽12月3200,0.0,0.0,0.0,0.0,10,0.3591,0.3649,50,0.3396,0.3561,0.0,0.0,0.0,0.0,15
2023-05-10 09:57:56,OP90002122,深证100ETF沽12月3200,0.0,0.0,0.0,0.0,10,0.3591,0.3649,70,0.3396,0.3561,0.0,0.0,0.0,0.0,15
2023-05-10 09:57:57,OP90002122,深证100ETF沽12月3200,0.0,0.0,0.0,0.0,10,0.3591,0.3649,50,0.3396,0.3561,0.0,0.0,0.0,0.0,15
2023-05-10 09:57:57,OP90002122,深证100ETF沽12月3200,0.0,0.0,0.0,0.0,10,0.3591,0.3649,70,0.3396,0.3561,0.0,0.0,0.0,0.0,15
2023-05-10 09:57:58,OP90002122,深证100ETF沽12月3200,0.0,0.0,0.0,0.0,10,0.3591,0.3649,50,0.3396,0.3561,0.0,0.0,0.0,0.0,15
2023-05-10 09:57:58,OP90002122,深证100ETF沽12月3200,0.0,0.0,0.0,0.0,10,0.3591,0.3649,50,0.3396,0.3561,0.0,0.0,0.0,0.0,15
2023-05-10 09:57:59,OP90002122,深证100ETF沽12月3200,0.0,0.0,0.0,0.0,10,0.3591,0.3649,70,0.3396,0.3561,0.0,0.0,0.0,0.0,15
2023-05-10 09:57:59,OP90002122,深证100ETF沽12月3200,0.0,0.0,0.0,0.0,10,0.3591,0.3649,50,0.3396,0.3561,0.0,0.0,0.0,0.0,15
2023-05-10 09:58:00,OP90002122,深证100ETF沽12月3200,0.0,0.0,0.0,0.0,10,0.3591,0.3649,70,0.3396,0.3561,0.0,0.0,0.0,0.0,15
2023-05-10 09:58:02,OP90002122,深证100ETF沽12月3200,0.0,0.0,0.0,0.0,10,0.3591,0.3649,70,0.3396,0.3561,0.0,0.0,0.0,0.0,15
2023-05-10 09:58:02,OP90002122,深证100ETF沽12月3200,0.0,0.0,0.0,0.0,10,0.3591,0.3649,50,0.3396,0.3561,0.0,0.0,0.0,0.0,15
2023-05-10 09:58:03,OP90002122,深证100ETF沽12月3200,0.0,0.0,0.0,0.0,10,0.3591,0.3649,70,0.3396,0.3561,0.0,0.0,0.0,0.0,15
2023-05-10 09:58:04,OP90002122,深证100ETF沽12月3200,0.0,0.0,0.0,0.0,10,0.3591,0.3649,50,0.3396,0.3561,0.0,0.0,0.0,0.0,15
2023-05-10 09:58:04,OP90002122,深证100ETF沽12月3200,0.0,0.0,0.0,0.0,10,0.3591,0.3649,70,0.3396,0.3561,0.0,0.0,0.0,0.0,15
2023-05-10 09:58:05,OP90002122,深证100ETF沽12月3200,0.0,0.0,0.0,0.0,10,0.3591,0.3649,50,0.3396,0.3561,0.0,0.0,0.0,0.0,15
2023-05-10 09:58:05,OP90002122,深证100ETF沽12月3200,0.0,0.0,0.0,0.0,10,0.3591,0.3649,70,0.3396,0.3561,0.0,0.0,0.0,0.0,15
2023-05-10 09:58:06,OP90002122,深证100ETF沽12月3200,0.0,0.0,0.0,0.0,10,0.3591,0.3649,70,0.3396,0.3561,0.0,0.0,0.0,0.0,15
2023-05-10 09:58:06,OP90002122,深证100ETF沽12月3200,0.0,0.0,0.0,0.0,10,0.3591,0.3649,50,0.3396,0.3561,0.0,0.0,0.0,0.0,15
2023-05-10 09:58:08,OP90002122,深证100ETF沽12月3200,0.0,0.0,0.0,0.0,20,0.3587,0.3649,70,0.3396,0.3561,0.0,0.0,0.0,0.0,15
2023-05-10 09:58:09,OP90002122,深证100ETF沽12月3200,0.0,0.0,0.0,0.0,1,0.3587,0.3649,50,0.3396,0.3561,0.0,0.0,0.0,0.0,15
2023-05-10 09:58:09,OP90002122,深证100ETF沽12月3200,0.0,0.0,0.0,0.0,1,0.3587,0.3649,70,0.3396,0.3561,0.0,0.0,0.0,0.0,15
2023-05-10 09:58:10,OP90002122,深证100ETF沽12月3200,0.0,0.0,0.0,0.0,1,0.3587,0.3649,70,0.3396,0.3561,0.0,0.0,0.0,0.0,15
2023-05-10 09:58:10,OP90002122,深证100ETF沽12月3200,0.0,0.0,0.0,0.0,40,0.3582,0.3649,50,0.3396,0.3561,0.0,0.0,0.0,0.0,15
2023-05-10 09:58:11,OP90002122,深证100ETF沽12月3200,0.0,0.0,0.0,0.0,6,0.3583,0.3649,50,0.3396,0.3561,0.0,0.0,0.0,0.0,15
2023-05-10 09:58:11,OP90002122,深证100ETF沽12月3200,0.0,0.0,0.0,0.0,6,0.3583,0.3649,50,0.3396,0.3561,0.0,0.0,0.0,0.0,15
2023-05-10 09:58:12,OP90002122,深证100ETF沽12月3200,0.0,0.0,0.0,0.0,6,0.3583,0.3649,70,0.3396,0.3561,0.0,0.0,0.0,0.0,15
2023-05-10 09:58:17,OP90002122,深证100ETF沽12月3200,0.0,0.0,0.0,0.0,6,0.3583,0.3649,70,0.3396,0.3561,0.0,0.0,0.0,0.0,15
2023-05-10 09:58:25,OP90002122,深证100ETF沽12月3200,0.0,0.0,0.0,0.0,6,0.3583,0.3639,20,0.3396,0.3561,0.0,0.0,0.0,0.0,15
2023-05-10 09:58:26,OP90002122,深证100ETF沽12月3200,0.0,0.0,0.0,0.0,6,0.3583,0.3639,50,0.3396,0.3561,0.0,0.0,0.0,0.0,15
2023-05-10 09:58:26,OP90002122,深证100ETF沽12月3200,0.0,0.0,0.0,0.0,6,0.3583,0.3639,50,0.3396,0.3561,0.0,0.0,0.0,0.0,15
2023-05-10 09:58:28,OP90002122,深证100ETF沽12月3200,0.0,0.0,0.0,0.0,6,0.3583,0.3639,70,0.3396,0.3561,0.0,0.0,0.0,0.0,15
2023-05-10 09:58:29,OP90002122,深证100ETF沽12月3200,0.0,0.0,0.0,0.0,6,0.3583,0.3639,70,0.3396,0.3561,0.0,0.0,0.0,0.0,15
2023-05-10 09:58:31,OP90002122,深证100ETF沽12月3200,0.0,0.0,0.0,0.0,6,0.3583,0.3639,70,0.3396,0.3561,0.0,0.0,0.0,0.0,15
2023-05-10 09:58:47,OP90002122,深证100ETF沽12月3200,0.0,0.0,0.0,0.0,6,0.3583,0.3627,20,0.3396,0.3561,0.0,0.0,0.0,0.0,15
2023-05-10 09:58:48,OP90002122,深证100ETF沽12月3200,0.0,0.0,0.0,0.0,8,0.3581,0.3627,50,0.3396,0.3561,0.0,0.0,0.0,0.0,15
2023-05-10 09:58:48,OP90002122,深证100ETF沽12月3200,0.0,0.0,0.0,0.0,8,0.3581,0.3627,70,0.3396,0.3561,0.0,0.0,0.0,0.0,15
2023-05-10 09:58:49,OP90002122,深证100ETF沽12月3200,0.0,0.0,0.0,0.0,8,0.3581,0.3627,70,0.3396,0.3561,0.0,0.0,0.0,0.0,15
2023-05-10 09:58:49,OP90002122,深证100ETF沽12月3200,0.0,0.0,0.0,0.0,2,0.3581,0.3627,70,0.3396,0.3561,0.0,0.0,0.0,0.0,15
2023-05-10 09:58:51,OP90002122,深证100ETF沽12月3200,0.0,0.0,0.0,0.0,1,0.3581,0.3627,70,0.3396,0.3561,0.0,0.0,0.0,0.0,15
2023-05-10 09:58:52,OP90002122,深证100ETF沽12月3200,0.0,0.0,0.0,0.0,10,0.3577,0.3627,70,0.3396,0.3561,0.0,0.0,0.0,0.0,15
2023-05-10 09:58:52,OP90002122,深证100ETF沽12月3200,0.0,0.0,0.0,0.0,10,0.3577,0.3627,70,0.3396,0.3561,0.0,0.0,0.0,0.0,15
2023-05-10 09:58:53,OP90002122,深证100ETF沽12月3200,0.0,0.0,0.0,0.0,10,0.3577,0.3627,70,0.3396,0.3561,0.0,0.0,0.0,0.0,15
2023-05-10 09:58:53,OP90002122,深证100ETF沽12月3200,0.0,0.0,0.0,0.0,10,0.3577,0.3627,70,0.3396,0.3561,0.0,0.0,0.0,0.0,15
2023-05-10 09:58:54,OP90002122,深证100ETF沽12月3200,0.0,0.0,0.0,0.0,10,0.3577,0.3627,70,0.3396,0.3561,0.0,0.0,0.0,0.0,15
2023-05-10 09:58:54,OP90002122,深证100ETF沽12月3200,0.0,0.0,0.0,0.0,10,0.3577,0.3627,50,0.3396,0.3561,0.0,0.0,0.0,0.0,15
2023-05-10 09:58:55,OP90002122,深证100ETF沽12月3200,0.0,0.0,0.0,0.0,10,0.3577,0.3627,70,0.3396,0.3561,0.0,0.0,0.0,0.0,15
2023-05-10 09:58:56,OP90002122,深证100ETF沽12月3200,0.0,0.0,0.0,0.0,10,0.3577,0.3627,50,0.3396,0.3561,0.0,0.0,0.0,0.0,15
2023-05-10 09:58:56,OP90002122,深证100ETF沽12月3200,0.0,0.0,0.0,0.0,20,0.3572,0.3627,70,0.3396,0.3561,0.0,0.0,0.0,0.0,15
2023-05-10 09:58:57,OP90002122,深证100ETF沽12月3200,0.0,0.0,0.0,0.0,14,0.3573,0.3627,50,0.3396,0.3561,0.0,0.0,0.0,0.0,15
2023-05-10 09:58:57,OP90002122,深证100ETF沽12月3200,0.0,0.0,0.0,0.0,14,0.3573,0.3627,70,0.3396,0.3561,0.0,0.0,0.0,0.0,15
2023-05-10 09:58:59,OP90002122,深证100ETF沽12月3200,0.0,0.0,0.0,0.0,8,0.3573,0.3627,70,0.3396,0.3561,0.0,0.0,0.0,0.0,15
2023-05-10 09:59:00,OP90002122,深证100ETF沽12月3200,0.0,0.0,0.0,0.0,8,0.3573,0.3627,70,0.3396,0.3561,0.0,0.0,0.0,0.0,15
2023-05-10 09:59:00,OP90002122,深证100ETF沽12月3200,0.0,0.0,0.0,0.0,8,0.3573,0.3627,70,0.3396,0.3561,0.0,0.0,0.0,0.0,15
2023-05-10 09:59:01,OP90002122,深证100ETF沽12月3200,0.0,0.0,0.0,0.0,7,0.3573,0.3627,70,0.3396,0.3561,0.0,0.0,0.0,0.0,15
2023-05-10 09:59:01,OP90002122,深证100ETF沽12月3200,0.0,0.0,0.0,0.0,7,0.3573,0.3627,70,0.3396,0.3561,0.0,0.0,0.0,0.0,15
2023-05-10 09:59:02,OP90002122,深证100ETF沽12月3200,0.0,0.0,0.0,0.0,6,0.3573,0.3627,70,0.3396,0.3561,0.0,0.0,0.0,0.0,15
