time,symbol_id,symbol_name,last,trade_volume,trade_amount,open_interest_change,bv1,bp1,ap1,av1,yesterday_close,today_open,today_high,today_low,volume,amount,open_interest
2023-05-10 08:30:05,OP90002121,深证100ETF沽12月3100,0.0,0.0,0.0,0.0,0,0.0,0.0,0,0.2795,0.288,0.0,0.0,0.0,0.0,90
2023-05-10 09:25:00,OP90002121,深证100ETF沽12月3100,0.0,0.0,0.0,0.0,1,0.2716,0.2987,1,0.2795,0.288,0.0,0.0,0.0,0.0,90
2023-05-10 09:30:00,OP90002121,深证100ETF沽12月3100,0.0,0.0,0.0,0.0,1,0.2716,0.2987,1,0.2795,0.288,0.0,0.0,0.0,0.0,90
2023-05-10 09:30:00,OP90002121,深证100ETF沽12月3100,0.0,0.0,0.0,0.0,20,0.277,0.2979,20,0.2795,0.288,0.0,0.0,0.0,0.0,90
2023-05-10 09:30:01,OP90002121,深证100ETF沽12月3100,0.0,0.0,0.0,0.0,20,0.277,0.2979,20,0.2795,0.288,0.0,0.0,0.0,0.0,90
2023-05-10 09:30:02,OP90002121,深证100ETF沽12月3100,0.0,0.0,0.0,0.0,20,0.277,0.2979,20,0.2795,0.288,0.0,0.0,0.0,0.0,90
2023-05-10 09:30:09,OP90002121,深证100ETF沽12月3100,0.0,0.0,0.0,0.0,20,0.277,0.2979,20,0.2795,0.288,0.0,0.0,0.0,0.0,90
2023-05-10 09:30:18,OP90002121,深证100ETF沽12月3100,0.0,0.0,0.0,0.0,20,0.2836,0.2941,20,0.2795,0.288,0.0,0.0,0.0,0.0,90
2023-05-10 09:30:18,OP90002121,深证100ETF沽12月3100,0.0,0.0,0.0,0.0,20,0.283,0.2949,20,0.2795,0.288,0.0,0.0,0.0,0.0,90
2023-05-10 09:30:20,OP90002121,深证100ETF沽12月3100,0.0,0.0,0.0,0.0,20,0.2835,0.2953,20,0.2795,0.288,0.0,0.0,0.0,0.0,90
2023-05-10 09:30:21,OP90002121,深证100ETF沽12月3100,0.0,0.0,0.0,0.0,20,0.284,0.2958,20,0.2795,0.288,0.0,0.0,0.0,0.0,90
2023-05-10 09:30:21,OP90002121,深证100ETF沽12月3100,0.0,0.0,0.0,0.0,20,0.2844,0.2963,20,0.2795,0.288,0.0,0.0,0.0,0.0,90
2023-05-10 09:30:23,OP90002121,深证100ETF沽12月3100,0.0,0.0,0.0,0.0,20,0.284,0.2958,20,0.2795,0.288,0.0,0.0,0.0,0.0,90
2023-05-10 09:30:24,OP90002121,深证100ETF沽12月3100,0.0,0.0,0.0,0.0,20,0.2835,0.2954,20,0.2795,0.288,0.0,0.0,0.0,0.0,90
2023-05-10 09:30:27,OP90002121,深证100ETF沽12月3100,0.0,0.0,0.0,0.0,20,0.2837,0.2961,20,0.2795,0.288,0.0,0.0,0.0,0.0,90
2023-05-10 09:30:29,OP90002121,深证100ETF沽12月3100,0.0,0.0,0.0,0.0,20,0.2843,0.2967,20,0.2795,0.288,0.0,0.0,0.0,0.0,90
2023-05-10 09:30:30,OP90002121,深证100ETF沽12月3100,0.0,0.0,0.0,0.0,20,0.2843,0.2967,20,0.2795,0.288,0.0,0.0,0.0,0.0,90
2023-05-10 09:30:31,OP90002121,深证100ETF沽12月3100,0.0,0.0,0.0,0.0,20,0.2843,0.2967,20,0.2795,0.288,0.0,0.0,0.0,0.0,90
2023-05-10 09:30:38,OP90002121,深证100ETF沽12月3100,0.0,0.0,0.0,0.0,20,0.2849,0.2973,20,0.2795,0.288,0.0,0.0,0.0,0.0,90
2023-05-10 09:30:39,OP90002121,深证100ETF沽12月3100,0.0,0.0,0.0,0.0,20,0.2849,0.2973,20,0.2795,0.288,0.0,0.0,0.0,0.0,90
2023-05-10 09:30:39,OP90002121,深证100ETF沽12月3100,0.0,0.0,0.0,0.0,20,0.2849,0.2973,20,0.2795,0.288,0.0,0.0,0.0,0.0,90
2023-05-10 09:30:40,OP90002121,深证100ETF沽12月3100,0.0,0.0,0.0,0.0,20,0.2854,0.2978,20,0.2795,0.288,0.0,0.0,0.0,0.0,90
2023-05-10 09:30:43,OP90002121,深证100ETF沽12月3100,0.0,0.0,0.0,0.0,21,0.2854,0.2978,20,0.2795,0.288,0.0,0.0,0.0,0.0,90
2023-05-10 09:30:44,OP90002121,深证100ETF沽12月3100,0.0,0.0,0.0,0.0,21,0.2854,0.2978,20,0.2795,0.288,0.0,0.0,0.0,0.0,90
2023-05-10 09:30:45,OP90002121,深证100ETF沽12月3100,0.0,0.0,0.0,0.0,21,0.2854,0.2978,20,0.2795,0.288,0.0,0.0,0.0,0.0,90
2023-05-10 09:30:45,OP90002121,深证100ETF沽12月3100,0.0,0.0,0.0,0.0,20,0.286,0.2979,40,0.2795,0.288,0.0,0.0,0.0,0.0,90
2023-05-10 09:30:46,OP90002121,深证100ETF沽12月3100,0.0,0.0,0.0,0.0,20,0.286,0.2979,40,0.2795,0.288,0.0,0.0,0.0,0.0,90
2023-05-10 09:30:47,OP90002121,深证100ETF沽12月3100,0.0,0.0,0.0,0.0,20,0.286,0.2979,20,0.2795,0.288,0.0,0.0,0.0,0.0,90
2023-05-10 09:30:48,OP90002121,深证100ETF沽12月3100,0.0,0.0,0.0,0.0,20,0.286,0.2979,20,0.2795,0.288,0.0,0.0,0.0,0.0,90
2023-05-10 09:30:48,OP90002121,深证100ETF沽12月3100,0.0,0.0,0.0,0.0,20,0.286,0.2979,20,0.2795,0.288,0.0,0.0,0.0,0.0,90
2023-05-10 09:30:51,OP90002121,深证100ETF沽12月3100,0.0,0.0,0.0,0.0,20,0.2865,0.2984,20,0.2795,0.288,0.0,0.0,0.0,0.0,90
2023-05-10 09:30:51,OP90002121,深证100ETF沽12月3100,0.0,0.0,0.0,0.0,20,0.2865,0.2984,20,0.2795,0.288,0.0,0.0,0.0,0.0,90
2023-05-10 09:30:53,OP90002121,深证100ETF沽12月3100,0.0,0.0,0.0,0.0,20,0.2858,0.2977,20,0.2795,0.288,0.0,0.0,0.0,0.0,90
2023-05-10 09:30:54,OP90002121,深证100ETF沽12月3100,0.0,0.0,0.0,0.0,20,0.2858,0.2977,20,0.2795,0.288,0.0,0.0,0.0,0.0,90
2023-05-10 09:30:56,OP90002121,深证100ETF沽12月3100,0.0,0.0,0.0,0.0,20,0.2863,0.2982,20,0.2795,0.288,0.0,0.0,0.0,0.0,90
2023-05-10 09:30:56,OP90002121,深证100ETF沽12月3100,0.0,0.0,0.0,0.0,20,0.2858,0.2977,20,0.2795,0.288,0.0,0.0,0.0,0.0,90
2023-05-10 09:30:59,OP90002121,深证100ETF沽12月3100,0.0,0.0,0.0,0.0,20,0.2863,0.2982,20,0.2795,0.288,0.0,0.0,0.0,0.0,90
2023-05-10 09:31:00,OP90002121,深证100ETF沽12月3100,0.0,0.0,0.0,0.0,20,0.2863,0.2982,20,0.2795,0.288,0.0,0.0,0.0,0.0,90
2023-05-10 09:31:01,OP90002121,深证100ETF沽12月3100,0.0,0.0,0.0,0.0,20,0.287,0.2985,40,0.2795,0.288,0.0,0.0,0.0,0.0,90
2023-05-10 09:31:01,OP90002121,深证100ETF沽12月3100,0.0,0.0,0.0,0.0,20,0.287,0.2985,40,0.2795,0.288,0.0,0.0,0.0,0.0,90
2023-05-10 09:31:02,OP90002121,深证100ETF沽12月3100,0.0,0.0,0.0,0.0,20,0.287,0.2985,40,0.2795,0.288,0.0,0.0,0.0,0.0,90
2023-05-10 09:31:05,OP90002121,深证100ETF沽12月3100,0.0,0.0,0.0,0.0,20,0.2875,0.2985,40,0.2795,0.288,0.0,0.0,0.0,0.0,90
2023-05-10 09:31:08,OP90002121,深证100ETF沽12月3100,0.0,0.0,0.0,0.0,20,0.288,0.2985,20,0.2795,0.288,0.0,0.0,0.0,0.0,90
2023-05-10 09:31:09,OP90002121,深证100ETF沽12月3100,0.0,0.0,0.0,0.0,20,0.288,0.2988,20,0.2795,0.288,0.0,0.0,0.0,0.0,90
2023-05-10 09:31:09,OP90002121,深证100ETF沽12月3100,0.0,0.0,0.0,0.0,20,0.2881,0.2996,40,0.2795,0.288,0.0,0.0,0.0,0.0,90
2023-05-10 09:31:10,OP90002121,深证100ETF沽12月3100,0.0,0.0,0.0,0.0,20,0.2886,0.2996,40,0.2795,0.288,0.0,0.0,0.0,0.0,90
2023-05-10 09:31:12,OP90002121,深证100ETF沽12月3100,0.0,0.0,0.0,0.0,20,0.288,0.2994,20,0.2795,0.288,0.0,0.0,0.0,0.0,90
2023-05-10 09:31:15,OP90002121,深证100ETF沽12月3100,0.0,0.0,0.0,0.0,20,0.2885,0.2996,40,0.2795,0.288,0.0,0.0,0.0,0.0,90
2023-05-10 09:31:15,OP90002121,深证100ETF沽12月3100,0.0,0.0,0.0,0.0,20,0.2885,0.2996,20,0.2795,0.288,0.0,0.0,0.0,0.0,90
2023-05-10 09:31:16,OP90002121,深证100ETF沽12月3100,0.0,0.0,0.0,0.0,20,0.288,0.2994,20,0.2795,0.288,0.0,0.0,0.0,0.0,90
2023-05-10 09:31:18,OP90002121,深证100ETF沽12月3100,0.0,0.0,0.0,0.0,20,0.2885,0.2999,20,0.2795,0.288,0.0,0.0,0.0,0.0,90
2023-05-10 09:31:22,OP90002121,深证100ETF沽12月3100,0.0,0.0,0.0,0.0,20,0.2885,0.2999,20,0.2795,0.288,0.0,0.0,0.0,0.0,90
2023-05-10 09:31:27,OP90002121,深证100ETF沽12月3100,0.0,0.0,0.0,0.0,21,0.2885,0.2999,20,0.2795,0.288,0.0,0.0,0.0,0.0,90
2023-05-10 09:31:28,OP90002121,深证100ETF沽12月3100,0.0,0.0,0.0,0.0,21,0.2885,0.2999,20,0.2795,0.288,0.0,0.0,0.0,0.0,90
2023-05-10 09:31:29,OP90002121,深证100ETF沽12月3100,0.0,0.0,0.0,0.0,20,0.2891,0.3005,20,0.2795,0.288,0.0,0.0,0.0,0.0,90
2023-05-10 09:31:31,OP90002121,深证100ETF沽12月3100,0.0,0.0,0.0,0.0,20,0.2887,0.3,20,0.2795,0.288,0.0,0.0,0.0,0.0,90
2023-05-10 09:31:31,OP90002121,深证100ETF沽12月3100,0.0,0.0,0.0,0.0,20,0.2887,0.3,20,0.2795,0.288,0.0,0.0,0.0,0.0,90
2023-05-10 09:31:32,OP90002121,深证100ETF沽12月3100,0.0,0.0,0.0,0.0,20,0.2893,0.3007,40,0.2795,0.288,0.0,0.0,0.0,0.0,90
2023-05-10 09:31:33,OP90002121,深证100ETF沽12月3100,0.0,0.0,0.0,0.0,20,0.2893,0.3007,40,0.2795,0.288,0.0,0.0,0.0,0.0,90
2023-05-10 09:31:34,OP90002121,深证100ETF沽12月3100,0.0,0.0,0.0,0.0,20,0.2898,0.3007,40,0.2795,0.288,0.0,0.0,0.0,0.0,90
2023-05-10 09:31:35,OP90002121,深证100ETF沽12月3100,0.0,0.0,0.0,0.0,20,0.2892,0.3005,20,0.2795,0.288,0.0,0.0,0.0,0.0,90
2023-05-10 09:31:36,OP90002121,深证100ETF沽12月3100,0.0,0.0,0.0,0.0,20,0.289,0.2999,20,0.2795,0.288,0.0,0.0,0.0,0.0,90
2023-05-10 09:31:37,OP90002121,深证100ETF沽12月3100,0.0,0.0,0.0,0.0,20,0.289,0.2999,20,0.2795,0.288,0.0,0.0,0.0,0.0,90
2023-05-10 09:31:38,OP90002121,深证100ETF沽12月3100,0.0,0.0,0.0,0.0,21,0.289,0.2999,20,0.2795,0.288,0.0,0.0,0.0,0.0,90
2023-05-10 09:31:38,OP90002121,深证100ETF沽12月3100,0.0,0.0,0.0,0.0,20,0.2898,0.3007,40,0.2795,0.288,0.0,0.0,0.0,0.0,90
2023-05-10 09:31:39,OP90002121,深证100ETF沽12月3100,0.0,0.0,0.0,0.0,20,0.2898,0.3007,40,0.2795,0.288,0.0,0.0,0.0,0.0,90
2023-05-10 09:31:41,OP90002121,深证100ETF沽12月3100,0.0,0.0,0.0,0.0,20,0.2892,0.3001,20,0.2795,0.288,0.0,0.0,0.0,0.0,90
2023-05-10 09:31:46,OP90002121,深证100ETF沽12月3100,0.0,0.0,0.0,0.0,20,0.2892,0.3001,20,0.2795,0.288,0.0,0.0,0.0,0.0,90
2023-05-10 09:31:47,OP90002121,深证100ETF沽12月3100,0.0,0.0,0.0,0.0,20,0.2897,0.3003,20,0.2795,0.288,0.0,0.0,0.0,0.0,90
2023-05-10 09:31:47,OP90002121,深证100ETF沽12月3100,0.0,0.0,0.0,0.0,20,0.289,0.2995,20,0.2795,0.288,0.0,0.0,0.0,0.0,90
2023-05-10 09:31:48,OP90002121,深证100ETF沽12月3100,0.0,0.0,0.0,0.0,20,0.289,0.2995,20,0.2795,0.288,0.0,0.0,0.0,0.0,90
2023-05-10 09:31:49,OP90002121,深证100ETF沽12月3100,0.0,0.0,0.0,0.0,21,0.2887,0.2989,20,0.2795,0.288,0.0,0.0,0.0,0.0,90
2023-05-10 09:31:56,OP90002121,深证100ETF沽12月3100,0.0,0.0,0.0,0.0,21,0.2887,0.2984,20,0.2795,0.288,0.0,0.0,0.0,0.0,90
2023-05-10 09:31:59,OP90002121,深证100ETF沽12月3100,0.0,0.0,0.0,0.0,1,0.2888,0.2984,20,0.2795,0.288,0.0,0.0,0.0,0.0,90
2023-05-10 09:32:00,OP90002121,深证100ETF沽12月3100,0.0,0.0,0.0,0.0,1,0.2888,0.2984,40,0.2795,0.288,0.0,0.0,0.0,0.0,90
2023-05-10 09:32:01,OP90002121,深证100ETF沽12月3100,0.0,0.0,0.0,0.0,1,0.2888,0.2984,40,0.2795,0.288,0.0,0.0,0.0,0.0,90
2023-05-10 09:32:09,OP90002121,深证100ETF沽12月3100,0.0,0.0,0.0,0.0,1,0.2889,0.2984,40,0.2795,0.288,0.0,0.0,0.0,0.0,90
2023-05-10 09:32:13,OP90002121,深证100ETF沽12月3100,0.0,0.0,0.0,0.0,1,0.2889,0.298,20,0.2795,0.288,0.0,0.0,0.0,0.0,90
2023-05-10 09:32:17,OP90002121,深证100ETF沽12月3100,0.0,0.0,0.0,0.0,1,0.2889,0.298,20,0.2795,0.288,0.0,0.0,0.0,0.0,90
2023-05-10 09:32:19,OP90002121,深证100ETF沽12月3100,0.0,0.0,0.0,0.0,1,0.289,0.298,20,0.2795,0.288,0.0,0.0,0.0,0.0,90
2023-05-10 09:32:22,OP90002121,深证100ETF沽12月3100,0.0,0.0,0.0,0.0,1,0.289,0.2968,20,0.2795,0.288,0.0,0.0,0.0,0.0,90
2023-05-10 09:32:23,OP90002121,深证100ETF沽12月3100,0.0,0.0,0.0,0.0,1,0.289,0.2968,20,0.2795,0.288,0.0,0.0,0.0,0.0,90
2023-05-10 09:32:23,OP90002121,深证100ETF沽12月3100,0.0,0.0,0.0,0.0,20,0.2887,0.2968,20,0.2795,0.288,0.0,0.0,0.0,0.0,90
2023-05-10 09:32:24,OP90002121,深证100ETF沽12月3100,0.0,0.0,0.0,0.0,20,0.288,0.2968,20,0.2795,0.288,0.0,0.0,0.0,0.0,90
2023-05-10 09:32:24,OP90002121,深证100ETF沽12月3100,0.0,0.0,0.0,0.0,21,0.288,0.2968,20,0.2795,0.288,0.0,0.0,0.0,0.0,90
2023-05-10 09:32:26,OP90002121,深证100ETF沽12月3100,0.0,0.0,0.0,0.0,20,0.2885,0.2968,20,0.2795,0.288,0.0,0.0,0.0,0.0,90
2023-05-10 09:32:37,OP90002121,深证100ETF沽12月3100,0.0,0.0,0.0,0.0,20,0.289,0.2968,20,0.2795,0.288,0.0,0.0,0.0,0.0,90
2023-05-10 09:32:37,OP90002121,深证100ETF沽12月3100,0.0,0.0,0.0,0.0,20,0.289,0.2968,20,0.2795,0.288,0.0,0.0,0.0,0.0,90
2023-05-10 09:32:44,OP90002121,深证100ETF沽12月3100,0.0,0.0,0.0,0.0,20,0.289,0.2968,20,0.2795,0.288,0.0,0.0,0.0,0.0,90
2023-05-10 09:32:48,OP90002121,深证100ETF沽12月3100,0.0,0.0,0.0,0.0,20,0.289,0.2968,20,0.2795,0.288,0.0,0.0,0.0,0.0,90
2023-05-10 09:32:48,OP90002121,深证100ETF沽12月3100,0.0,0.0,0.0,0.0,20,0.289,0.298,20,0.2795,0.288,0.0,0.0,0.0,0.0,90
2023-05-10 09:32:49,OP90002121,深证100ETF沽12月3100,0.0,0.0,0.0,0.0,20,0.289,0.298,20,0.2795,0.288,0.0,0.0,0.0,0.0,90
2023-05-10 09:32:51,OP90002121,深证100ETF沽12月3100,0.0,0.0,0.0,0.0,20,0.2896,0.298,20,0.2795,0.288,0.0,0.0,0.0,0.0,90
2023-05-10 09:32:51,OP90002121,深证100ETF沽12月3100,0.0,0.0,0.0,0.0,20,0.2896,0.298,20,0.2795,0.288,0.0,0.0,0.0,0.0,90
2023-05-10 09:32:52,OP90002121,深证100ETF沽12月3100,0.0,0.0,0.0,0.0,20,0.2896,0.298,20,0.2795,0.288,0.0,0.0,0.0,0.0,90
2023-05-10 09:32:53,OP90002121,深证100ETF沽12月3100,0.0,0.0,0.0,0.0,20,0.2896,0.298,20,0.2795,0.288,0.0,0.0,0.0,0.0,90
2023-05-10 09:32:54,OP90002121,深证100ETF沽12月3100,0.0,0.0,0.0,0.0,20,0.2891,0.298,20,0.2795,0.288,0.0,0.0,0.0,0.0,90
2023-05-10 09:32:54,OP90002121,深证100ETF沽12月3100,0.0,0.0,0.0,0.0,20,0.2891,0.298,20,0.2795,0.288,0.0,0.0,0.0,0.0,90
2023-05-10 09:32:56,OP90002121,深证100ETF沽12月3100,0.0,0.0,0.0,0.0,20,0.2896,0.298,20,0.2795,0.288,0.0,0.0,0.0,0.0,90
2023-05-10 09:32:57,OP90002121,深证100ETF沽12月3100,0.0,0.0,0.0,0.0,20,0.2896,0.298,20,0.2795,0.288,0.0,0.0,0.0,0.0,90
2023-05-10 09:32:57,OP90002121,深证100ETF沽12月3100,0.0,0.0,0.0,0.0,20,0.2896,0.298,20,0.2795,0.288,0.0,0.0,0.0,0.0,90
2023-05-10 09:32:58,OP90002121,深证100ETF沽12月3100,0.0,0.0,0.0,0.0,20,0.2896,0.2959,20,0.2795,0.288,0.0,0.0,0.0,0.0,90
2023-05-10 09:33:00,OP90002121,深证100ETF沽12月3100,0.0,0.0,0.0,0.0,20,0.2896,0.2959,20,0.2795,0.288,0.0,0.0,0.0,0.0,90
2023-05-10 09:33:01,OP90002121,深证100ETF沽12月3100,0.0,0.0,0.0,0.0,20,0.2891,0.2959,20,0.2795,0.288,0.0,0.0,0.0,0.0,90
2023-05-10 09:33:02,OP90002121,深证100ETF沽12月3100,0.0,0.0,0.0,0.0,20,0.2891,0.2959,20,0.2795,0.288,0.0,0.0,0.0,0.0,90
2023-05-10 09:33:07,OP90002121,深证100ETF沽12月3100,0.0,0.0,0.0,0.0,20,0.2896,0.2959,20,0.2795,0.288,0.0,0.0,0.0,0.0,90
2023-05-10 09:33:08,OP90002121,深证100ETF沽12月3100,0.0,0.0,0.0,0.0,30,0.289,0.2959,20,0.2795,0.288,0.0,0.0,0.0,0.0,90
2023-05-10 09:33:09,OP90002121,深证100ETF沽12月3100,0.0,0.0,0.0,0.0,20,0.289,0.2959,20,0.2795,0.288,0.0,0.0,0.0,0.0,90
2023-05-10 09:33:09,OP90002121,深证100ETF沽12月3100,0.0,0.0,0.0,0.0,10,0.2892,0.2959,20,0.2795,0.288,0.0,0.0,0.0,0.0,90
2023-05-10 09:33:10,OP90002121,深证100ETF沽12月3100,0.0,0.0,0.0,0.0,20,0.289,0.2959,20,0.2795,0.288,0.0,0.0,0.0,0.0,90
2023-05-10 09:33:10,OP90002121,深证100ETF沽12月3100,0.0,0.0,0.0,0.0,20,0.289,0.2959,20,0.2795,0.288,0.0,0.0,0.0,0.0,90
2023-05-10 09:33:11,OP90002121,深证100ETF沽12月3100,0.0,0.0,0.0,0.0,20,0.289,0.2959,20,0.2795,0.288,0.0,0.0,0.0,0.0,90
2023-05-10 09:33:19,OP90002121,深证100ETF沽12月3100,0.0,0.0,0.0,0.0,20,0.289,0.2959,20,0.2795,0.288,0.0,0.0,0.0,0.0,90
2023-05-10 09:33:19,OP90002121,深证100ETF沽12月3100,0.0,0.0,0.0,0.0,20,0.289,0.2959,20,0.2795,0.288,0.0,0.0,0.0,0.0,90
2023-05-10 09:33:20,OP90002121,深证100ETF沽12月3100,0.0,0.0,0.0,0.0,20,0.289,0.2959,20,0.2795,0.288,0.0,0.0,0.0,0.0,90
2023-05-10 09:33:21,OP90002121,深证100ETF沽12月3100,0.0,0.0,0.0,0.0,20,0.289,0.2955,10,0.2795,0.288,0.0,0.0,0.0,0.0,90
2023-05-10 09:33:21,OP90002121,深证100ETF沽12月3100,0.0,0.0,0.0,0.0,20,0.2885,0.2955,10,0.2795,0.288,0.0,0.0,0.0,0.0,90
2023-05-10 09:33:22,OP90002121,深证100ETF沽12月3100,0.0,0.0,0.0,0.0,10,0.2889,0.2959,20,0.2795,0.288,0.0,0.0,0.0,0.0,90
2023-05-10 09:33:22,OP90002121,深证100ETF沽12月3100,0.0,0.0,0.0,0.0,21,0.2885,0.2959,20,0.2795,0.288,0.0,0.0,0.0,0.0,90
2023-05-10 09:33:23,OP90002121,深证100ETF沽12月3100,0.0,0.0,0.0,0.0,31,0.2885,0.2959,20,0.2795,0.288,0.0,0.0,0.0,0.0,90
2023-05-10 09:33:24,OP90002121,深证100ETF沽12月3100,0.0,0.0,0.0,0.0,31,0.2885,0.2959,20,0.2795,0.288,0.0,0.0,0.0,0.0,90
2023-05-10 09:33:29,OP90002121,深证100ETF沽12月3100,0.0,0.0,0.0,0.0,31,0.2885,0.2959,20,0.2795,0.288,0.0,0.0,0.0,0.0,90
2023-05-10 09:33:29,OP90002121,深证100ETF沽12月3100,0.0,0.0,0.0,0.0,31,0.2885,0.2959,20,0.2795,0.288,0.0,0.0,0.0,0.0,90
2023-05-10 09:33:31,OP90002121,深证100ETF沽12月3100,0.0,0.0,0.0,0.0,31,0.2885,0.2959,20,0.2795,0.288,0.0,0.0,0.0,0.0,90
2023-05-10 09:33:32,OP90002121,深证100ETF沽12月3100,0.0,0.0,0.0,0.0,20,0.2891,0.2959,20,0.2795,0.288,0.0,0.0,0.0,0.0,90
2023-05-10 09:33:32,OP90002121,深证100ETF沽12月3100,0.0,0.0,0.0,0.0,10,0.2892,0.2959,20,0.2795,0.288,0.0,0.0,0.0,0.0,90
2023-05-10 09:33:33,OP90002121,深证100ETF沽12月3100,0.0,0.0,0.0,0.0,20,0.2892,0.2959,20,0.2795,0.288,0.0,0.0,0.0,0.0,90
2023-05-10 09:33:33,OP90002121,深证100ETF沽12月3100,0.0,0.0,0.0,0.0,10,0.2892,0.2959,20,0.2795,0.288,0.0,0.0,0.0,0.0,90
2023-05-10 09:33:34,OP90002121,深证100ETF沽12月3100,0.0,0.0,0.0,0.0,20,0.2892,0.2959,20,0.2795,0.288,0.0,0.0,0.0,0.0,90
2023-05-10 09:33:34,OP90002121,深证100ETF沽12月3100,0.0,0.0,0.0,0.0,20,0.2887,0.2957,10,0.2795,0.288,0.0,0.0,0.0,0.0,90
2023-05-10 09:33:35,OP90002121,深证100ETF沽12月3100,0.0,0.0,0.0,0.0,20,0.2887,0.2959,20,0.2795,0.288,0.0,0.0,0.0,0.0,90
2023-05-10 09:33:35,OP90002121,深证100ETF沽12月3100,0.0,0.0,0.0,0.0,30,0.2887,0.2959,20,0.2795,0.288,0.0,0.0,0.0,0.0,90
2023-05-10 09:33:36,OP90002121,深证100ETF沽12月3100,0.0,0.0,0.0,0.0,30,0.2887,0.2959,20,0.2795,0.288,0.0,0.0,0.0,0.0,90
2023-05-10 09:33:37,OP90002121,深证100ETF沽12月3100,0.0,0.0,0.0,0.0,31,0.2887,0.2959,30,0.2795,0.288,0.0,0.0,0.0,0.0,90
2023-05-10 09:33:37,OP90002121,深证100ETF沽12月3100,0.0,0.0,0.0,0.0,31,0.2887,0.2959,20,0.2795,0.288,0.0,0.0,0.0,0.0,90
2023-05-10 09:33:38,OP90002121,深证100ETF沽12月3100,0.0,0.0,0.0,0.0,31,0.2887,0.2959,30,0.2795,0.288,0.0,0.0,0.0,0.0,90
2023-05-10 09:33:38,OP90002121,深证100ETF沽12月3100,0.0,0.0,0.0,0.0,30,0.2887,0.2959,30,0.2795,0.288,0.0,0.0,0.0,0.0,90
2023-05-10 09:33:39,OP90002121,深证100ETF沽12月3100,0.0,0.0,0.0,0.0,30,0.2887,0.2959,30,0.2795,0.288,0.0,0.0,0.0,0.0,90
2023-05-10 09:33:42,OP90002121,深证100ETF沽12月3100,0.0,0.0,0.0,0.0,30,0.2887,0.2959,30,0.2795,0.288,0.0,0.0,0.0,0.0,90
2023-05-10 09:33:44,OP90002121,深证100ETF沽12月3100,0.0,0.0,0.0,0.0,30,0.2887,0.2959,30,0.2795,0.288,0.0,0.0,0.0,0.0,90
2023-05-10 09:33:44,OP90002121,深证100ETF沽12月3100,0.0,0.0,0.0,0.0,20,0.2893,0.2959,30,0.2795,0.288,0.0,0.0,0.0,0.0,90
2023-05-10 09:33:45,OP90002121,深证100ETF沽12月3100,0.0,0.0,0.0,0.0,20,0.2893,0.2959,20,0.2795,0.288,0.0,0.0,0.0,0.0,90
2023-05-10 09:33:45,OP90002121,深证100ETF沽12月3100,0.0,0.0,0.0,0.0,20,0.2893,0.2959,20,0.2795,0.288,0.0,0.0,0.0,0.0,90
2023-05-10 09:33:46,OP90002121,深证100ETF沽12月3100,0.0,0.0,0.0,0.0,20,0.2893,0.2959,20,0.2795,0.288,0.0,0.0,0.0,0.0,90
2023-05-10 09:33:48,OP90002121,深证100ETF沽12月3100,0.0,0.0,0.0,0.0,21,0.2893,0.2959,20,0.2795,0.288,0.0,0.0,0.0,0.0,90
2023-05-10 09:33:49,OP90002121,深证100ETF沽12月3100,0.0,0.0,0.0,0.0,21,0.2893,0.2959,20,0.2795,0.288,0.0,0.0,0.0,0.0,90
2023-05-10 09:33:51,OP90002121,深证100ETF沽12月3100,0.0,0.0,0.0,0.0,21,0.2893,0.2959,20,0.2795,0.288,0.0,0.0,0.0,0.0,90
2023-05-10 09:33:51,OP90002121,深证100ETF沽12月3100,0.0,0.0,0.0,0.0,21,0.2893,0.2959,20,0.2795,0.288,0.0,0.0,0.0,0.0,90
2023-05-10 09:33:58,OP90002121,深证100ETF沽12月3100,0.0,0.0,0.0,0.0,21,0.2893,0.2959,20,0.2795,0.288,0.0,0.0,0.0,0.0,90
2023-05-10 09:33:59,OP90002121,深证100ETF沽12月3100,0.0,0.0,0.0,0.0,1,0.2894,0.2959,20,0.2795,0.288,0.0,0.0,0.0,0.0,90
2023-05-10 09:34:02,OP90002121,深证100ETF沽12月3100,0.0,0.0,0.0,0.0,1,0.2894,0.2959,20,0.2795,0.288,0.0,0.0,0.0,0.0,90
2023-05-10 09:34:02,OP90002121,深证100ETF沽12月3100,0.0,0.0,0.0,0.0,20,0.2899,0.2959,20,0.2795,0.288,0.0,0.0,0.0,0.0,90
2023-05-10 09:34:03,OP90002121,深证100ETF沽12月3100,0.0,0.0,0.0,0.0,40,0.2899,0.2959,20,0.2795,0.288,0.0,0.0,0.0,0.0,90
2023-05-10 09:34:05,OP90002121,深证100ETF沽12月3100,0.0,0.0,0.0,0.0,40,0.2899,0.2959,20,0.2795,0.288,0.0,0.0,0.0,0.0,90
2023-05-10 09:34:06,OP90002121,深证100ETF沽12月3100,0.0,0.0,0.0,0.0,40,0.2899,0.2959,20,0.2795,0.288,0.0,0.0,0.0,0.0,90
2023-05-10 09:34:07,OP90002121,深证100ETF沽12月3100,0.0,0.0,0.0,0.0,40,0.2899,0.2959,20,0.2795,0.288,0.0,0.0,0.0,0.0,90
2023-05-10 09:34:07,OP90002121,深证100ETF沽12月3100,0.0,0.0,0.0,0.0,40,0.2899,0.2959,20,0.2795,0.288,0.0,0.0,0.0,0.0,90
2023-05-10 09:34:08,OP90002121,深证100ETF沽12月3100,0.0,0.0,0.0,0.0,40,0.2899,0.2959,20,0.2795,0.288,0.0,0.0,0.0,0.0,90
2023-05-10 09:34:08,OP90002121,深证100ETF沽12月3100,0.0,0.0,0.0,0.0,20,0.2904,0.2959,20,0.2795,0.288,0.0,0.0,0.0,0.0,90
2023-05-10 09:34:09,OP90002121,深证100ETF沽12月3100,0.0,0.0,0.0,0.0,40,0.2904,0.2959,20,0.2795,0.288,0.0,0.0,0.0,0.0,90
2023-05-10 09:34:09,OP90002121,深证100ETF沽12月3100,0.0,0.0,0.0,0.0,40,0.2904,0.2959,20,0.2795,0.288,0.0,0.0,0.0,0.0,90
2023-05-10 09:34:10,OP90002121,深证100ETF沽12月3100,0.0,0.0,0.0,0.0,40,0.2904,0.2962,30,0.2795,0.288,0.0,0.0,0.0,0.0,90
2023-05-10 09:34:10,OP90002121,深证100ETF沽12月3100,0.0,0.0,0.0,0.0,40,0.2904,0.2962,20,0.2795,0.288,0.0,0.0,0.0,0.0,90
2023-05-10 09:34:11,OP90002121,深证100ETF沽12月3100,0.0,0.0,0.0,0.0,40,0.2904,0.2962,20,0.2795,0.288,0.0,0.0,0.0,0.0,90
2023-05-10 09:34:14,OP90002121,深证100ETF沽12月3100,0.0,0.0,0.0,0.0,41,0.2904,0.2962,20,0.2795,0.288,0.0,0.0,0.0,0.0,90
2023-05-10 09:34:15,OP90002121,深证100ETF沽12月3100,0.0,0.0,0.0,0.0,51,0.2904,0.2962,20,0.2795,0.288,0.0,0.0,0.0,0.0,90
2023-05-10 09:34:15,OP90002121,深证100ETF沽12月3100,0.0,0.0,0.0,0.0,51,0.2904,0.2955,10,0.2795,0.288,0.0,0.0,0.0,0.0,90
2023-05-10 09:34:16,OP90002121,深证100ETF沽12月3100,0.0,0.0,0.0,0.0,51,0.2904,0.2962,20,0.2795,0.288,0.0,0.0,0.0,0.0,90
2023-05-10 09:34:16,OP90002121,深证100ETF沽12月3100,0.0,0.0,0.0,0.0,51,0.2904,0.2962,20,0.2795,0.288,0.0,0.0,0.0,0.0,90
2023-05-10 09:34:17,OP90002121,深证100ETF沽12月3100,0.0,0.0,0.0,0.0,51,0.2904,0.2957,10,0.2795,0.288,0.0,0.0,0.0,0.0,90
2023-05-10 09:34:18,OP90002121,深证100ETF沽12月3100,0.0,0.0,0.0,0.0,51,0.2904,0.2957,10,0.2795,0.288,0.0,0.0,0.0,0.0,90
2023-05-10 09:34:18,OP90002121,深证100ETF沽12月3100,0.0,0.0,0.0,0.0,51,0.2904,0.2962,20,0.2795,0.288,0.0,0.0,0.0,0.0,90
2023-05-10 09:34:19,OP90002121,深证100ETF沽12月3100,0.0,0.0,0.0,0.0,51,0.2904,0.2958,10,0.2795,0.288,0.0,0.0,0.0,0.0,90
2023-05-10 09:34:20,OP90002121,深证100ETF沽12月3100,0.0,0.0,0.0,0.0,31,0.2904,0.2957,10,0.2795,0.288,0.0,0.0,0.0,0.0,90
2023-05-10 09:34:20,OP90002121,深证100ETF沽12月3100,0.0,0.0,0.0,0.0,31,0.2904,0.2957,10,0.2795,0.288,0.0,0.0,0.0,0.0,90
2023-05-10 09:34:21,OP90002121,深证100ETF沽12月3100,0.0,0.0,0.0,0.0,31,0.2904,0.2962,20,0.2795,0.288,0.0,0.0,0.0,0.0,90
2023-05-10 09:34:21,OP90002121,深证100ETF沽12月3100,0.0,0.0,0.0,0.0,31,0.2904,0.2961,10,0.2795,0.288,0.0,0.0,0.0,0.0,90
2023-05-10 09:34:22,OP90002121,深证100ETF沽12月3100,0.0,0.0,0.0,0.0,31,0.2904,0.2961,10,0.2795,0.288,0.0,0.0,0.0,0.0,90
2023-05-10 09:34:23,OP90002121,深证100ETF沽12月3100,0.0,0.0,0.0,0.0,31,0.2904,0.2961,10,0.2795,0.288,0.0,0.0,0.0,0.0,90
2023-05-10 09:34:23,OP90002121,深证100ETF沽12月3100,0.0,0.0,0.0,0.0,31,0.2904,0.2962,20,0.2795,0.288,0.0,0.0,0.0,0.0,90
2023-05-10 09:34:24,OP90002121,深证100ETF沽12月3100,0.0,0.0,0.0,0.0,1,0.2905,0.2962,30,0.2795,0.288,0.0,0.0,0.0,0.0,90
2023-05-10 09:34:24,OP90002121,深证100ETF沽12月3100,0.0,0.0,0.0,0.0,11,0.2905,0.2962,20,0.2795,0.288,0.0,0.0,0.0,0.0,90
2023-05-10 09:34:25,OP90002121,深证100ETF沽12月3100,0.0,0.0,0.0,0.0,11,0.2905,0.2962,20,0.2795,0.288,0.0,0.0,0.0,0.0,90
2023-05-10 09:34:27,OP90002121,深证100ETF沽12月3100,0.0,0.0,0.0,0.0,11,0.2905,0.2962,20,0.2795,0.288,0.0,0.0,0.0,0.0,90
2023-05-10 09:34:29,OP90002121,深证100ETF沽12月3100,0.0,0.0,0.0,0.0,20,0.291,0.2962,20,0.2795,0.288,0.0,0.0,0.0,0.0,90
2023-05-10 09:34:30,OP90002121,深证100ETF沽12月3100,0.0,0.0,0.0,0.0,30,0.291,0.2962,20,0.2795,0.288,0.0,0.0,0.0,0.0,90
2023-05-10 09:34:33,OP90002121,深证100ETF沽12月3100,0.0,0.0,0.0,0.0,20,0.2915,0.2962,20,0.2795,0.288,0.0,0.0,0.0,0.0,90
2023-05-10 09:34:33,OP90002121,深证100ETF沽12月3100,0.0,0.0,0.0,0.0,20,0.2915,0.2962,20,0.2795,0.288,0.0,0.0,0.0,0.0,90
2023-05-10 09:34:34,OP90002121,深证100ETF沽12月3100,0.0,0.0,0.0,0.0,30,0.2915,0.2962,20,0.2795,0.288,0.0,0.0,0.0,0.0,90
2023-05-10 09:34:36,OP90002121,深证100ETF沽12月3100,0.0,0.0,0.0,0.0,30,0.2915,0.2962,20,0.2795,0.288,0.0,0.0,0.0,0.0,90
2023-05-10 09:34:40,OP90002121,深证100ETF沽12月3100,0.0,0.0,0.0,0.0,30,0.2915,0.2962,20,0.2795,0.288,0.0,0.0,0.0,0.0,90
2023-05-10 09:34:42,OP90002121,深证100ETF沽12月3100,0.0,0.0,0.0,0.0,30,0.2915,0.2962,20,0.2795,0.288,0.0,0.0,0.0,0.0,90
2023-05-10 09:34:45,OP90002121,深证100ETF沽12月3100,0.0,0.0,0.0,0.0,30,0.2915,0.2962,20,0.2795,0.288,0.0,0.0,0.0,0.0,90
2023-05-10 09:34:51,OP90002121,深证100ETF沽12月3100,0.0,0.0,0.0,0.0,30,0.2915,0.2962,20,0.2795,0.288,0.0,0.0,0.0,0.0,90
2023-05-10 09:34:53,OP90002121,深证100ETF沽12月3100,0.0,0.0,0.0,0.0,30,0.2915,0.2962,20,0.2795,0.288,0.0,0.0,0.0,0.0,90
2023-05-10 09:34:54,OP90002121,深证100ETF沽12月3100,0.0,0.0,0.0,0.0,30,0.2915,0.2962,20,0.2795,0.288,0.0,0.0,0.0,0.0,90
2023-05-10 09:34:55,OP90002121,深证100ETF沽12月3100,0.0,0.0,0.0,0.0,20,0.2915,0.2962,20,0.2795,0.288,0.0,0.0,0.0,0.0,90
2023-05-10 09:34:55,OP90002121,深证100ETF沽12月3100,0.0,0.0,0.0,0.0,20,0.2915,0.2962,20,0.2795,0.288,0.0,0.0,0.0,0.0,90
2023-05-10 09:34:56,OP90002121,深证100ETF沽12月3100,0.0,0.0,0.0,0.0,20,0.2915,0.2962,20,0.2795,0.288,0.0,0.0,0.0,0.0,90
2023-05-10 09:34:57,OP90002121,深证100ETF沽12月3100,0.0,0.0,0.0,0.0,20,0.2915,0.2962,20,0.2795,0.288,0.0,0.0,0.0,0.0,90
2023-05-10 09:34:58,OP90002121,深证100ETF沽12月3100,0.0,0.0,0.0,0.0,20,0.2915,0.2962,20,0.2795,0.288,0.0,0.0,0.0,0.0,90
2023-05-10 09:34:58,OP90002121,深证100ETF沽12月3100,0.0,0.0,0.0,0.0,20,0.2915,0.2962,20,0.2795,0.288,0.0,0.0,0.0,0.0,90
2023-05-10 09:34:59,OP90002121,深证100ETF沽12月3100,0.0,0.0,0.0,0.0,20,0.2915,0.2962,20,0.2795,0.288,0.0,0.0,0.0,0.0,90
2023-05-10 09:34:59,OP90002121,深证100ETF沽12月3100,0.0,0.0,0.0,0.0,20,0.2915,0.2962,20,0.2795,0.288,0.0,0.0,0.0,0.0,90
2023-05-10 09:35:00,OP90002121,深证100ETF沽12月3100,0.0,0.0,0.0,0.0,20,0.2915,0.2962,20,0.2795,0.288,0.0,0.0,0.0,0.0,90
2023-05-10 09:35:00,OP90002121,深证100ETF沽12月3100,0.0,0.0,0.0,0.0,21,0.2912,0.2962,20,0.2795,0.288,0.0,0.0,0.0,0.0,90
2023-05-10 09:35:01,OP90002121,深证100ETF沽12月3100,0.0,0.0,0.0,0.0,21,0.2912,0.2962,20,0.2795,0.288,0.0,0.0,0.0,0.0,90
2023-05-10 09:35:01,OP90002121,深证100ETF沽12月3100,0.0,0.0,0.0,0.0,21,0.2912,0.2962,20,0.2795,0.288,0.0,0.0,0.0,0.0,90
2023-05-10 09:35:02,OP90002121,深证100ETF沽12月3100,0.0,0.0,0.0,0.0,21,0.2912,0.2962,20,0.2795,0.288,0.0,0.0,0.0,0.0,90
2023-05-10 09:35:02,OP90002121,深证100ETF沽12月3100,0.0,0.0,0.0,0.0,21,0.2912,0.2962,20,0.2795,0.288,0.0,0.0,0.0,0.0,90
2023-05-10 09:35:03,OP90002121,深证100ETF沽12月3100,0.0,0.0,0.0,0.0,21,0.2912,0.2962,20,0.2795,0.288,0.0,0.0,0.0,0.0,90
2023-05-10 09:35:04,OP90002121,深证100ETF沽12月3100,0.0,0.0,0.0,0.0,20,0.2913,0.2962,20,0.2795,0.288,0.0,0.0,0.0,0.0,90
2023-05-10 09:35:04,OP90002121,深证100ETF沽12月3100,0.0,0.0,0.0,0.0,20,0.2913,0.2962,20,0.2795,0.288,0.0,0.0,0.0,0.0,90
2023-05-10 09:35:07,OP90002121,深证100ETF沽12月3100,0.0,0.0,0.0,0.0,20,0.2913,0.2962,20,0.2795,0.288,0.0,0.0,0.0,0.0,90
2023-05-10 09:35:08,OP90002121,深证100ETF沽12月3100,0.0,0.0,0.0,0.0,21,0.2912,0.2962,20,0.2795,0.288,0.0,0.0,0.0,0.0,90
2023-05-10 09:35:09,OP90002121,深证100ETF沽12月3100,0.0,0.0,0.0,0.0,21,0.2912,0.2962,20,0.2795,0.288,0.0,0.0,0.0,0.0,90
2023-05-10 09:35:09,OP90002121,深证100ETF沽12月3100,0.0,0.0,0.0,0.0,1,0.2913,0.2962,20,0.2795,0.288,0.0,0.0,0.0,0.0,90
2023-05-10 09:35:12,OP90002121,深证100ETF沽12月3100,0.0,0.0,0.0,0.0,1,0.2913,0.2962,20,0.2795,0.288,0.0,0.0,0.0,0.0,90
2023-05-10 09:35:14,OP90002121,深证100ETF沽12月3100,0.0,0.0,0.0,0.0,1,0.2913,0.2962,20,0.2795,0.288,0.0,0.0,0.0,0.0,90
2023-05-10 09:35:17,OP90002121,深证100ETF沽12月3100,0.0,0.0,0.0,0.0,1,0.2913,0.2962,20,0.2795,0.288,0.0,0.0,0.0,0.0,90
2023-05-10 09:35:17,OP90002121,深证100ETF沽12月3100,0.0,0.0,0.0,0.0,20,0.2914,0.2962,20,0.2795,0.288,0.0,0.0,0.0,0.0,90
2023-05-10 09:35:19,OP90002121,深证100ETF沽12月3100,0.0,0.0,0.0,0.0,20,0.2914,0.2962,20,0.2795,0.288,0.0,0.0,0.0,0.0,90
2023-05-10 09:35:22,OP90002121,深证100ETF沽12月3100,0.0,0.0,0.0,0.0,20,0.2914,0.2962,20,0.2795,0.288,0.0,0.0,0.0,0.0,90
2023-05-10 09:35:23,OP90002121,深证100ETF沽12月3100,0.0,0.0,0.0,0.0,20,0.2914,0.2962,20,0.2795,0.288,0.0,0.0,0.0,0.0,90
2023-05-10 09:35:23,OP90002121,深证100ETF沽12月3100,0.0,0.0,0.0,0.0,20,0.2914,0.2967,20,0.2795,0.288,0.0,0.0,0.0,0.0,90
2023-05-10 09:35:24,OP90002121,深证100ETF沽12月3100,0.0,0.0,0.0,0.0,40,0.2914,0.2967,20,0.2795,0.288,0.0,0.0,0.0,0.0,90
2023-05-10 09:35:24,OP90002121,深证100ETF沽12月3100,0.0,0.0,0.0,0.0,40,0.2914,0.2967,20,0.2795,0.288,0.0,0.0,0.0,0.0,90
2023-05-10 09:35:25,OP90002121,深证100ETF沽12月3100,0.0,0.0,0.0,0.0,60,0.2914,0.2967,20,0.2795,0.288,0.0,0.0,0.0,0.0,90
2023-05-10 09:35:25,OP90002121,深证100ETF沽12月3100,0.0,0.0,0.0,0.0,60,0.2914,0.2967,20,0.2795,0.288,0.0,0.0,0.0,0.0,90
2023-05-10 09:35:26,OP90002121,深证100ETF沽12月3100,0.0,0.0,0.0,0.0,60,0.2914,0.2967,20,0.2795,0.288,0.0,0.0,0.0,0.0,90
2023-05-10 09:35:29,OP90002121,深证100ETF沽12月3100,0.0,0.0,0.0,0.0,61,0.2914,0.2967,20,0.2795,0.288,0.0,0.0,0.0,0.0,90
2023-05-10 09:35:30,OP90002121,深证100ETF沽12月3100,0.0,0.0,0.0,0.0,61,0.2914,0.2967,20,0.2795,0.288,0.0,0.0,0.0,0.0,90
2023-05-10 09:35:31,OP90002121,深证100ETF沽12月3100,0.0,0.0,0.0,0.0,61,0.2914,0.2967,20,0.2795,0.288,0.0,0.0,0.0,0.0,90
2023-05-10 09:35:34,OP90002121,深证100ETF沽12月3100,0.0,0.0,0.0,0.0,61,0.2914,0.2967,20,0.2795,0.288,0.0,0.0,0.0,0.0,90
2023-05-10 09:35:36,OP90002121,深证100ETF沽12月3100,0.0,0.0,0.0,0.0,61,0.2914,0.2967,20,0.2795,0.288,0.0,0.0,0.0,0.0,90
2023-05-10 09:35:39,OP90002121,深证100ETF沽12月3100,0.0,0.0,0.0,0.0,1,0.2915,0.2967,20,0.2795,0.288,0.0,0.0,0.0,0.0,90
2023-05-10 09:35:40,OP90002121,深证100ETF沽12月3100,0.0,0.0,0.0,0.0,1,0.2915,0.2967,20,0.2795,0.288,0.0,0.0,0.0,0.0,90
2023-05-10 09:35:41,OP90002121,深证100ETF沽12月3100,0.0,0.0,0.0,0.0,1,0.2915,0.2967,20,0.2795,0.288,0.0,0.0,0.0,0.0,90
2023-05-10 09:35:42,OP90002121,深证100ETF沽12月3100,0.0,0.0,0.0,0.0,1,0.2915,0.2967,20,0.2795,0.288,0.0,0.0,0.0,0.0,90
2023-05-10 09:35:49,OP90002121,深证100ETF沽12月3100,0.0,0.0,0.0,0.0,1,0.2916,0.2967,20,0.2795,0.288,0.0,0.0,0.0,0.0,90
2023-05-10 09:35:50,OP90002121,深证100ETF沽12月3100,0.0,0.0,0.0,0.0,1,0.2916,0.2967,20,0.2795,0.288,0.0,0.0,0.0,0.0,90
2023-05-10 09:35:53,OP90002121,深证100ETF沽12月3100,0.0,0.0,0.0,0.0,21,0.2916,0.2967,20,0.2795,0.288,0.0,0.0,0.0,0.0,90
2023-05-10 09:35:54,OP90002121,深证100ETF沽12月3100,0.0,0.0,0.0,0.0,21,0.2916,0.2967,20,0.2795,0.288,0.0,0.0,0.0,0.0,90
2023-05-10 09:35:55,OP90002121,深证100ETF沽12月3100,0.0,0.0,0.0,0.0,21,0.2916,0.2967,20,0.2795,0.288,0.0,0.0,0.0,0.0,90
2023-05-10 09:35:57,OP90002121,深证100ETF沽12月3100,0.0,0.0,0.0,0.0,21,0.2916,0.2967,20,0.2795,0.288,0.0,0.0,0.0,0.0,90
2023-05-10 09:35:59,OP90002121,深证100ETF沽12月3100,0.0,0.0,0.0,0.0,21,0.2916,0.2967,20,0.2795,0.288,0.0,0.0,0.0,0.0,90
2023-05-10 09:36:00,OP90002121,深证100ETF沽12月3100,0.0,0.0,0.0,0.0,1,0.2917,0.2967,20,0.2795,0.288,0.0,0.0,0.0,0.0,90
2023-05-10 09:36:02,OP90002121,深证100ETF沽12月3100,0.0,0.0,0.0,0.0,1,0.2917,0.2967,20,0.2795,0.288,0.0,0.0,0.0,0.0,90
2023-05-10 09:36:08,OP90002121,深证100ETF沽12月3100,0.0,0.0,0.0,0.0,20,0.2918,0.2964,10,0.2795,0.288,0.0,0.0,0.0,0.0,90
2023-05-10 09:36:09,OP90002121,深证100ETF沽12月3100,0.0,0.0,0.0,0.0,41,0.2918,0.2964,20,0.2795,0.288,0.0,0.0,0.0,0.0,90
2023-05-10 09:36:09,OP90002121,深证100ETF沽12月3100,0.0,0.0,0.0,0.0,41,0.2918,0.2964,20,0.2795,0.288,0.0,0.0,0.0,0.0,90
2023-05-10 09:36:10,OP90002121,深证100ETF沽12月3100,0.0,0.0,0.0,0.0,41,0.2918,0.2964,20,0.2795,0.288,0.0,0.0,0.0,0.0,90
2023-05-10 09:36:13,OP90002121,深证100ETF沽12月3100,0.0,0.0,0.0,0.0,41,0.2918,0.2964,20,0.2795,0.288,0.0,0.0,0.0,0.0,90
2023-05-10 09:36:17,OP90002121,深证100ETF沽12月3100,0.0,0.0,0.0,0.0,41,0.2918,0.2964,20,0.2795,0.288,0.0,0.0,0.0,0.0,90
2023-05-10 09:36:17,OP90002121,深证100ETF沽12月3100,0.0,0.0,0.0,0.0,21,0.2918,0.2964,20,0.2795,0.288,0.0,0.0,0.0,0.0,90
2023-05-10 09:36:18,OP90002121,深证100ETF沽12月3100,0.0,0.0,0.0,0.0,21,0.2918,0.2964,20,0.2795,0.288,0.0,0.0,0.0,0.0,90
2023-05-10 09:36:19,OP90002121,深证100ETF沽12月3100,0.0,0.0,0.0,0.0,1,0.2919,0.2964,20,0.2795,0.288,0.0,0.0,0.0,0.0,90
2023-05-10 09:36:21,OP90002121,深证100ETF沽12月3100,0.0,0.0,0.0,0.0,1,0.2919,0.2964,20,0.2795,0.288,0.0,0.0,0.0,0.0,90
2023-05-10 09:36:24,OP90002121,深证100ETF沽12月3100,0.0,0.0,0.0,0.0,1,0.2919,0.2964,20,0.2795,0.288,0.0,0.0,0.0,0.0,90
2023-05-10 09:36:26,OP90002121,深证100ETF沽12月3100,0.0,0.0,0.0,0.0,20,0.2928,0.2964,20,0.2795,0.288,0.0,0.0,0.0,0.0,90
2023-05-10 09:36:27,OP90002121,深证100ETF沽12月3100,0.0,0.0,0.0,0.0,20,0.2928,0.2964,20,0.2795,0.288,0.0,0.0,0.0,0.0,90
2023-05-10 09:36:28,OP90002121,深证100ETF沽12月3100,0.0,0.0,0.0,0.0,20,0.2928,0.2964,20,0.2795,0.288,0.0,0.0,0.0,0.0,90
2023-05-10 09:36:29,OP90002121,深证100ETF沽12月3100,0.0,0.0,0.0,0.0,21,0.2928,0.2964,20,0.2795,0.288,0.0,0.0,0.0,0.0,90
2023-05-10 09:36:29,OP90002121,深证100ETF沽12月3100,0.0,0.0,0.0,0.0,21,0.2928,0.2972,20,0.2795,0.288,0.0,0.0,0.0,0.0,90
2023-05-10 09:36:30,OP90002121,深证100ETF沽12月3100,0.0,0.0,0.0,0.0,21,0.2928,0.2972,20,0.2795,0.288,0.0,0.0,0.0,0.0,90
2023-05-10 09:36:30,OP90002121,深证100ETF沽12月3100,0.0,0.0,0.0,0.0,21,0.2928,0.2972,20,0.2795,0.288,0.0,0.0,0.0,0.0,90
2023-05-10 09:36:31,OP90002121,深证100ETF沽12月3100,0.0,0.0,0.0,0.0,21,0.2928,0.2973,40,0.2795,0.288,0.0,0.0,0.0,0.0,90
2023-05-10 09:36:32,OP90002121,深证100ETF沽12月3100,0.0,0.0,0.0,0.0,21,0.2928,0.2973,40,0.2795,0.288,0.0,0.0,0.0,0.0,90
2023-05-10 09:36:32,OP90002121,深证100ETF沽12月3100,0.0,0.0,0.0,0.0,21,0.2928,0.2973,40,0.2795,0.288,0.0,0.0,0.0,0.0,90
2023-05-10 09:36:34,OP90002121,深证100ETF沽12月3100,0.0,0.0,0.0,0.0,21,0.2928,0.2973,40,0.2795,0.288,0.0,0.0,0.0,0.0,90
2023-05-10 09:36:35,OP90002121,深证100ETF沽12月3100,0.0,0.0,0.0,0.0,41,0.2928,0.2973,40,0.2795,0.288,0.0,0.0,0.0,0.0,90
2023-05-10 09:36:36,OP90002121,深证100ETF沽12月3100,0.0,0.0,0.0,0.0,41,0.2928,0.2973,40,0.2795,0.288,0.0,0.0,0.0,0.0,90
2023-05-10 09:36:39,OP90002121,深证100ETF沽12月3100,0.0,0.0,0.0,0.0,1,0.2929,0.2973,40,0.2795,0.288,0.0,0.0,0.0,0.0,90
2023-05-10 09:36:39,OP90002121,深证100ETF沽12月3100,0.0,0.0,0.0,0.0,1,0.2929,0.2973,40,0.2795,0.288,0.0,0.0,0.0,0.0,90
2023-05-10 09:36:40,OP90002121,深证100ETF沽12月3100,0.0,0.0,0.0,0.0,1,0.2929,0.2973,40,0.2795,0.288,0.0,0.0,0.0,0.0,90
2023-05-10 09:36:41,OP90002121,深证100ETF沽12月3100,0.0,0.0,0.0,0.0,1,0.2929,0.2973,40,0.2795,0.288,0.0,0.0,0.0,0.0,90
2023-05-10 09:36:42,OP90002121,深证100ETF沽12月3100,0.0,0.0,0.0,0.0,1,0.2929,0.2973,40,0.2795,0.288,0.0,0.0,0.0,0.0,90
2023-05-10 09:36:47,OP90002121,深证100ETF沽12月3100,0.0,0.0,0.0,0.0,1,0.2929,0.2973,40,0.2795,0.288,0.0,0.0,0.0,0.0,90
2023-05-10 09:36:49,OP90002121,深证100ETF沽12月3100,0.0,0.0,0.0,0.0,1,0.293,0.2973,40,0.2795,0.288,0.0,0.0,0.0,0.0,90
2023-05-10 09:36:49,OP90002121,深证100ETF沽12月3100,0.0,0.0,0.0,0.0,1,0.293,0.2973,40,0.2795,0.288,0.0,0.0,0.0,0.0,90
2023-05-10 09:36:50,OP90002121,深证100ETF沽12月3100,0.0,0.0,0.0,0.0,1,0.293,0.2973,40,0.2795,0.288,0.0,0.0,0.0,0.0,90
2023-05-10 09:36:55,OP90002121,深证100ETF沽12月3100,0.0,0.0,0.0,0.0,1,0.293,0.2973,40,0.2795,0.288,0.0,0.0,0.0,0.0,90
2023-05-10 09:36:57,OP90002121,深证100ETF沽12月3100,0.0,0.0,0.0,0.0,1,0.293,0.2973,40,0.2795,0.288,0.0,0.0,0.0,0.0,90
2023-05-10 09:36:59,OP90002121,深证100ETF沽12月3100,0.0,0.0,0.0,0.0,1,0.2931,0.2973,40,0.2795,0.288,0.0,0.0,0.0,0.0,90
2023-05-10 09:36:59,OP90002121,深证100ETF沽12月3100,0.0,0.0,0.0,0.0,1,0.2931,0.2973,40,0.2795,0.288,0.0,0.0,0.0,0.0,90
2023-05-10 09:37:00,OP90002121,深证100ETF沽12月3100,0.0,0.0,0.0,0.0,20,0.2928,0.2973,40,0.2795,0.288,0.0,0.0,0.0,0.0,90
2023-05-10 09:37:00,OP90002121,深证100ETF沽12月3100,0.0,0.0,0.0,0.0,20,0.2928,0.2973,40,0.2795,0.288,0.0,0.0,0.0,0.0,90
2023-05-10 09:37:01,OP90002121,深证100ETF沽12月3100,0.0,0.0,0.0,0.0,20,0.2928,0.2973,40,0.2795,0.288,0.0,0.0,0.0,0.0,90
2023-05-10 09:37:02,OP90002121,深证100ETF沽12月3100,0.0,0.0,0.0,0.0,20,0.2928,0.2973,40,0.2795,0.288,0.0,0.0,0.0,0.0,90
2023-05-10 09:37:03,OP90002121,深证100ETF沽12月3100,0.0,0.0,0.0,0.0,20,0.2928,0.2973,40,0.2795,0.288,0.0,0.0,0.0,0.0,90
2023-05-10 09:37:04,OP90002121,深证100ETF沽12月3100,0.0,0.0,0.0,0.0,20,0.2928,0.2973,20,0.2795,0.288,0.0,0.0,0.0,0.0,90
2023-05-10 09:37:04,OP90002121,深证100ETF沽12月3100,0.0,0.0,0.0,0.0,20,0.2928,0.2982,50,0.2795,0.288,0.0,0.0,0.0,0.0,90
2023-05-10 09:37:05,OP90002121,深证100ETF沽12月3100,0.0,0.0,0.0,0.0,20,0.2928,0.2982,40,0.2795,0.288,0.0,0.0,0.0,0.0,90
2023-05-10 09:37:05,OP90002121,深证100ETF沽12月3100,0.0,0.0,0.0,0.0,20,0.2928,0.2982,40,0.2795,0.288,0.0,0.0,0.0,0.0,90
2023-05-10 09:37:06,OP90002121,深证100ETF沽12月3100,0.0,0.0,0.0,0.0,20,0.2939,0.2982,40,0.2795,0.288,0.0,0.0,0.0,0.0,90
2023-05-10 09:37:07,OP90002121,深证100ETF沽12月3100,0.0,0.0,0.0,0.0,20,0.2939,0.2982,40,0.2795,0.288,0.0,0.0,0.0,0.0,90
2023-05-10 09:37:08,OP90002121,深证100ETF沽12月3100,0.0,0.0,0.0,0.0,20,0.2929,0.2982,40,0.2795,0.288,0.0,0.0,0.0,0.0,90
2023-05-10 09:37:08,OP90002121,深证100ETF沽12月3100,0.0,0.0,0.0,0.0,20,0.2935,0.2982,40,0.2795,0.288,0.0,0.0,0.0,0.0,90
2023-05-10 09:37:09,OP90002121,深证100ETF沽12月3100,0.0,0.0,0.0,0.0,20,0.2935,0.2982,40,0.2795,0.288,0.0,0.0,0.0,0.0,90
2023-05-10 09:37:09,OP90002121,深证100ETF沽12月3100,0.0,0.0,0.0,0.0,20,0.2935,0.2982,20,0.2795,0.288,0.0,0.0,0.0,0.0,90
2023-05-10 09:37:10,OP90002121,深证100ETF沽12月3100,0.0,0.0,0.0,0.0,20,0.2935,0.2982,20,0.2795,0.288,0.0,0.0,0.0,0.0,90
2023-05-10 09:37:10,OP90002121,深证100ETF沽12月3100,0.0,0.0,0.0,0.0,20,0.2935,0.2983,40,0.2795,0.288,0.0,0.0,0.0,0.0,90
2023-05-10 09:37:11,OP90002121,深证100ETF沽12月3100,0.0,0.0,0.0,0.0,20,0.2935,0.2983,40,0.2795,0.288,0.0,0.0,0.0,0.0,90
2023-05-10 09:37:11,OP90002121,深证100ETF沽12月3100,0.0,0.0,0.0,0.0,20,0.2935,0.2983,40,0.2795,0.288,0.0,0.0,0.0,0.0,90
2023-05-10 09:37:12,OP90002121,深证100ETF沽12月3100,0.0,0.0,0.0,0.0,20,0.2935,0.2983,50,0.2795,0.288,0.0,0.0,0.0,0.0,90
2023-05-10 09:37:13,OP90002121,深证100ETF沽12月3100,0.0,0.0,0.0,0.0,20,0.2935,0.2983,40,0.2795,0.288,0.0,0.0,0.0,0.0,90
2023-05-10 09:37:13,OP90002121,深证100ETF沽12月3100,0.0,0.0,0.0,0.0,20,0.2935,0.2982,10,0.2795,0.288,0.0,0.0,0.0,0.0,90
2023-05-10 09:37:14,OP90002121,深证100ETF沽12月3100,0.0,0.0,0.0,0.0,20,0.2935,0.2983,40,0.2795,0.288,0.0,0.0,0.0,0.0,90
2023-05-10 09:37:14,OP90002121,深证100ETF沽12月3100,0.0,0.0,0.0,0.0,20,0.2935,0.2983,40,0.2795,0.288,0.0,0.0,0.0,0.0,90
2023-05-10 09:37:15,OP90002121,深证100ETF沽12月3100,0.0,0.0,0.0,0.0,20,0.2935,0.2983,40,0.2795,0.288,0.0,0.0,0.0,0.0,90
2023-05-10 09:37:15,OP90002121,深证100ETF沽12月3100,0.0,0.0,0.0,0.0,20,0.2935,0.2983,40,0.2795,0.288,0.0,0.0,0.0,0.0,90
2023-05-10 09:37:16,OP90002121,深证100ETF沽12月3100,0.0,0.0,0.0,0.0,20,0.2928,0.2983,40,0.2795,0.288,0.0,0.0,0.0,0.0,90
2023-05-10 09:37:16,OP90002121,深证100ETF沽12月3100,0.0,0.0,0.0,0.0,21,0.2928,0.2983,40,0.2795,0.288,0.0,0.0,0.0,0.0,90
2023-05-10 09:37:17,OP90002121,深证100ETF沽12月3100,0.0,0.0,0.0,0.0,21,0.2928,0.2983,40,0.2795,0.288,0.0,0.0,0.0,0.0,90
2023-05-10 09:37:18,OP90002121,深证100ETF沽12月3100,0.0,0.0,0.0,0.0,20,0.2932,0.2983,40,0.2795,0.288,0.0,0.0,0.0,0.0,90
2023-05-10 09:37:19,OP90002121,深证100ETF沽12月3100,0.0,0.0,0.0,0.0,20,0.2932,0.2983,40,0.2795,0.288,0.0,0.0,0.0,0.0,90
2023-05-10 09:37:27,OP90002121,深证100ETF沽12月3100,0.0,0.0,0.0,0.0,20,0.2932,0.2983,40,0.2795,0.288,0.0,0.0,0.0,0.0,90
2023-05-10 09:37:28,OP90002121,深证100ETF沽12月3100,0.0,0.0,0.0,0.0,20,0.2932,0.2983,40,0.2795,0.288,0.0,0.0,0.0,0.0,90
2023-05-10 09:37:29,OP90002121,深证100ETF沽12月3100,0.0,0.0,0.0,0.0,20,0.2932,0.2983,40,0.2795,0.288,0.0,0.0,0.0,0.0,90
2023-05-10 09:37:29,OP90002121,深证100ETF沽12月3100,0.0,0.0,0.0,0.0,20,0.2932,0.2983,40,0.2795,0.288,0.0,0.0,0.0,0.0,90
2023-05-10 09:37:30,OP90002121,深证100ETF沽12月3100,0.0,0.0,0.0,0.0,20,0.2932,0.2983,40,0.2795,0.288,0.0,0.0,0.0,0.0,90
2023-05-10 09:37:32,OP90002121,深证100ETF沽12月3100,0.0,0.0,0.0,0.0,20,0.2932,0.2983,40,0.2795,0.288,0.0,0.0,0.0,0.0,90
2023-05-10 09:37:32,OP90002121,深证100ETF沽12月3100,0.0,0.0,0.0,0.0,21,0.2932,0.2983,40,0.2795,0.288,0.0,0.0,0.0,0.0,90
2023-05-10 09:37:37,OP90002121,深证100ETF沽12月3100,0.0,0.0,0.0,0.0,21,0.2932,0.2983,40,0.2795,0.288,0.0,0.0,0.0,0.0,90
2023-05-10 09:37:38,OP90002121,深证100ETF沽12月3100,0.0,0.0,0.0,0.0,20,0.2943,0.2983,40,0.2795,0.288,0.0,0.0,0.0,0.0,90
2023-05-10 09:37:38,OP90002121,深证100ETF沽12月3100,0.0,0.0,0.0,0.0,20,0.2943,0.2983,40,0.2795,0.288,0.0,0.0,0.0,0.0,90
2023-05-10 09:37:42,OP90002121,深证100ETF沽12月3100,0.0,0.0,0.0,0.0,20,0.2943,0.2983,40,0.2795,0.288,0.0,0.0,0.0,0.0,90
2023-05-10 09:37:45,OP90002121,深证100ETF沽12月3100,0.0,0.0,0.0,0.0,20,0.2943,0.2983,40,0.2795,0.288,0.0,0.0,0.0,0.0,90
2023-05-10 09:37:45,OP90002121,深证100ETF沽12月3100,0.0,0.0,0.0,0.0,20,0.2943,0.2983,40,0.2795,0.288,0.0,0.0,0.0,0.0,90
2023-05-10 09:37:46,OP90002121,深证100ETF沽12月3100,0.0,0.0,0.0,0.0,20,0.2943,0.2983,40,0.2795,0.288,0.0,0.0,0.0,0.0,90
2023-05-10 09:37:46,OP90002121,深证100ETF沽12月3100,0.0,0.0,0.0,0.0,20,0.2943,0.2983,40,0.2795,0.288,0.0,0.0,0.0,0.0,90
2023-05-10 09:37:47,OP90002121,深证100ETF沽12月3100,0.0,0.0,0.0,0.0,20,0.2943,0.2983,40,0.2795,0.288,0.0,0.0,0.0,0.0,90
2023-05-10 09:37:47,OP90002121,深证100ETF沽12月3100,0.0,0.0,0.0,0.0,21,0.2943,0.2983,40,0.2795,0.288,0.0,0.0,0.0,0.0,90
2023-05-10 09:37:50,OP90002121,深证100ETF沽12月3100,0.0,0.0,0.0,0.0,20,0.2943,0.2983,40,0.2795,0.288,0.0,0.0,0.0,0.0,90
2023-05-10 09:37:53,OP90002121,深证100ETF沽12月3100,0.0,0.0,0.0,0.0,20,0.2943,0.2983,40,0.2795,0.288,0.0,0.0,0.0,0.0,90
2023-05-10 09:37:56,OP90002121,深证100ETF沽12月3100,0.0,0.0,0.0,0.0,40,0.2943,0.2983,20,0.2795,0.288,0.0,0.0,0.0,0.0,90
2023-05-10 09:37:57,OP90002121,深证100ETF沽12月3100,0.0,0.0,0.0,0.0,40,0.2943,0.2983,20,0.2795,0.288,0.0,0.0,0.0,0.0,90
2023-05-10 09:37:58,OP90002121,深证100ETF沽12月3100,0.0,0.0,0.0,0.0,40,0.2943,0.2983,40,0.2795,0.288,0.0,0.0,0.0,0.0,90
2023-05-10 09:37:59,OP90002121,深证100ETF沽12月3100,0.0,0.0,0.0,0.0,40,0.2943,0.2983,40,0.2795,0.288,0.0,0.0,0.0,0.0,90
2023-05-10 09:38:00,OP90002121,深证100ETF沽12月3100,0.0,0.0,0.0,0.0,40,0.2943,0.2983,40,0.2795,0.288,0.0,0.0,0.0,0.0,90
2023-05-10 09:38:01,OP90002121,深证100ETF沽12月3100,0.0,0.0,0.0,0.0,40,0.2943,0.2983,20,0.2795,0.288,0.0,0.0,0.0,0.0,90
2023-05-10 09:38:07,OP90002121,深证100ETF沽12月3100,0.0,0.0,0.0,0.0,40,0.2943,0.2983,20,0.2795,0.288,0.0,0.0,0.0,0.0,90
2023-05-10 09:38:08,OP90002121,深证100ETF沽12月3100,0.0,0.0,0.0,0.0,40,0.2943,0.2983,20,0.2795,0.288,0.0,0.0,0.0,0.0,90
2023-05-10 09:38:10,OP90002121,深证100ETF沽12月3100,0.0,0.0,0.0,0.0,40,0.2943,0.2983,20,0.2795,0.288,0.0,0.0,0.0,0.0,90
2023-05-10 09:38:10,OP90002121,深证100ETF沽12月3100,0.0,0.0,0.0,0.0,20,0.2943,0.2983,20,0.2795,0.288,0.0,0.0,0.0,0.0,90
2023-05-10 09:38:11,OP90002121,深证100ETF沽12月3100,0.0,0.0,0.0,0.0,20,0.2943,0.2983,20,0.2795,0.288,0.0,0.0,0.0,0.0,90
2023-05-10 09:38:11,OP90002121,深证100ETF沽12月3100,0.0,0.0,0.0,0.0,20,0.2938,0.2983,40,0.2795,0.288,0.0,0.0,0.0,0.0,90
2023-05-10 09:38:12,OP90002121,深证100ETF沽12月3100,0.0,0.0,0.0,0.0,20,0.2938,0.2983,40,0.2795,0.288,0.0,0.0,0.0,0.0,90
2023-05-10 09:38:13,OP90002121,深证100ETF沽12月3100,0.0,0.0,0.0,0.0,20,0.2938,0.2983,40,0.2795,0.288,0.0,0.0,0.0,0.0,90
2023-05-10 09:38:13,OP90002121,深证100ETF沽12月3100,0.0,0.0,0.0,0.0,50,0.2933,0.2983,40,0.2795,0.288,0.0,0.0,0.0,0.0,90
2023-05-10 09:38:14,OP90002121,深证100ETF沽12月3100,0.0,0.0,0.0,0.0,41,0.2933,0.2983,40,0.2795,0.288,0.0,0.0,0.0,0.0,90
2023-05-10 09:38:14,OP90002121,深证100ETF沽12月3100,0.0,0.0,0.0,0.0,41,0.2933,0.2983,40,0.2795,0.288,0.0,0.0,0.0,0.0,90
2023-05-10 09:38:17,OP90002121,深证100ETF沽12月3100,0.0,0.0,0.0,0.0,40,0.2933,0.2983,40,0.2795,0.288,0.0,0.0,0.0,0.0,90
2023-05-10 09:38:26,OP90002121,深证100ETF沽12月3100,0.0,0.0,0.0,0.0,40,0.2933,0.2983,40,0.2795,0.288,0.0,0.0,0.0,0.0,90
2023-05-10 09:38:27,OP90002121,深证100ETF沽12月3100,0.0,0.0,0.0,0.0,40,0.2933,0.2983,40,0.2795,0.288,0.0,0.0,0.0,0.0,90
2023-05-10 09:38:34,OP90002121,深证100ETF沽12月3100,0.0,0.0,0.0,0.0,40,0.2933,0.2983,40,0.2795,0.288,0.0,0.0,0.0,0.0,90
2023-05-10 09:38:42,OP90002121,深证100ETF沽12月3100,0.0,0.0,0.0,0.0,40,0.2933,0.2983,40,0.2795,0.288,0.0,0.0,0.0,0.0,90
2023-05-10 09:38:46,OP90002121,深证100ETF沽12月3100,0.0,0.0,0.0,0.0,40,0.2933,0.2983,40,0.2795,0.288,0.0,0.0,0.0,0.0,90
2023-05-10 09:38:47,OP90002121,深证100ETF沽12月3100,0.0,0.0,0.0,0.0,40,0.2933,0.2983,40,0.2795,0.288,0.0,0.0,0.0,0.0,90
2023-05-10 09:38:50,OP90002121,深证100ETF沽12月3100,0.0,0.0,0.0,0.0,40,0.2933,0.2983,40,0.2795,0.288,0.0,0.0,0.0,0.0,90
2023-05-10 09:38:50,OP90002121,深证100ETF沽12月3100,0.0,0.0,0.0,0.0,40,0.2933,0.2983,40,0.2795,0.288,0.0,0.0,0.0,0.0,90
2023-05-10 09:39:00,OP90002121,深证100ETF沽12月3100,0.0,0.0,0.0,0.0,40,0.2933,0.2983,40,0.2795,0.288,0.0,0.0,0.0,0.0,90
2023-05-10 09:39:07,OP90002121,深证100ETF沽12月3100,0.0,0.0,0.0,0.0,40,0.2933,0.2983,40,0.2795,0.288,0.0,0.0,0.0,0.0,90
2023-05-10 09:39:11,OP90002121,深证100ETF沽12月3100,0.0,0.0,0.0,0.0,40,0.2933,0.2975,20,0.2795,0.288,0.0,0.0,0.0,0.0,90
2023-05-10 09:39:12,OP90002121,深证100ETF沽12月3100,0.0,0.0,0.0,0.0,20,0.2933,0.2975,40,0.2795,0.288,0.0,0.0,0.0,0.0,90
2023-05-10 09:39:15,OP90002121,深证100ETF沽12月3100,0.0,0.0,0.0,0.0,20,0.2932,0.2975,40,0.2795,0.288,0.0,0.0,0.0,0.0,90
2023-05-10 09:39:15,OP90002121,深证100ETF沽12月3100,0.0,0.0,0.0,0.0,20,0.2932,0.2975,40,0.2795,0.288,0.0,0.0,0.0,0.0,90
2023-05-10 09:39:17,OP90002121,深证100ETF沽12月3100,0.0,0.0,0.0,0.0,20,0.2932,0.2975,40,0.2795,0.288,0.0,0.0,0.0,0.0,90
2023-05-10 09:39:20,OP90002121,深证100ETF沽12月3100,0.0,0.0,0.0,0.0,20,0.2932,0.2975,40,0.2795,0.288,0.0,0.0,0.0,0.0,90
2023-05-10 09:39:22,OP90002121,深证100ETF沽12月3100,0.0,0.0,0.0,0.0,20,0.2932,0.2972,20,0.2795,0.288,0.0,0.0,0.0,0.0,90
2023-05-10 09:39:23,OP90002121,深证100ETF沽12月3100,0.0,0.0,0.0,0.0,20,0.2932,0.2972,20,0.2795,0.288,0.0,0.0,0.0,0.0,90
2023-05-10 09:39:23,OP90002121,深证100ETF沽12月3100,0.0,0.0,0.0,0.0,60,0.2925,0.2972,40,0.2795,0.288,0.0,0.0,0.0,0.0,90
2023-05-10 09:39:24,OP90002121,深证100ETF沽12月3100,0.0,0.0,0.0,0.0,40,0.2925,0.2972,40,0.2795,0.288,0.0,0.0,0.0,0.0,90
2023-05-10 09:39:24,OP90002121,深证100ETF沽12月3100,0.0,0.0,0.0,0.0,40,0.2925,0.2972,40,0.2795,0.288,0.0,0.0,0.0,0.0,90
2023-05-10 09:39:28,OP90002121,深证100ETF沽12月3100,0.0,0.0,0.0,0.0,40,0.2925,0.2972,40,0.2795,0.288,0.0,0.0,0.0,0.0,90
2023-05-10 09:39:29,OP90002121,深证100ETF沽12月3100,0.0,0.0,0.0,0.0,1,0.2926,0.2972,40,0.2795,0.288,0.0,0.0,0.0,0.0,90
2023-05-10 09:39:34,OP90002121,深证100ETF沽12月3100,0.0,0.0,0.0,0.0,40,0.2925,0.2972,40,0.2795,0.288,0.0,0.0,0.0,0.0,90
2023-05-10 09:39:34,OP90002121,深证100ETF沽12月3100,0.0,0.0,0.0,0.0,40,0.2925,0.2972,40,0.2795,0.288,0.0,0.0,0.0,0.0,90
2023-05-10 09:39:45,OP90002121,深证100ETF沽12月3100,0.0,0.0,0.0,0.0,40,0.2925,0.2972,60,0.2795,0.288,0.0,0.0,0.0,0.0,90
2023-05-10 09:39:51,OP90002121,深证100ETF沽12月3100,0.0,0.0,0.0,0.0,40,0.2925,0.2972,60,0.2795,0.288,0.0,0.0,0.0,0.0,90
2023-05-10 09:39:52,OP90002121,深证100ETF沽12月3100,0.0,0.0,0.0,0.0,40,0.2925,0.2972,60,0.2795,0.288,0.0,0.0,0.0,0.0,90
2023-05-10 09:39:57,OP90002121,深证100ETF沽12月3100,0.0,0.0,0.0,0.0,40,0.2925,0.2972,40,0.2795,0.288,0.0,0.0,0.0,0.0,90
2023-05-10 09:39:59,OP90002121,深证100ETF沽12月3100,0.0,0.0,0.0,0.0,40,0.2925,0.2972,50,0.2795,0.288,0.0,0.0,0.0,0.0,90
2023-05-10 09:40:00,OP90002121,深证100ETF沽12月3100,0.0,0.0,0.0,0.0,40,0.2925,0.2972,40,0.2795,0.288,0.0,0.0,0.0,0.0,90
2023-05-10 09:40:01,OP90002121,深证100ETF沽12月3100,0.0,0.0,0.0,0.0,40,0.2925,0.2972,40,0.2795,0.288,0.0,0.0,0.0,0.0,90
2023-05-10 09:40:03,OP90002121,深证100ETF沽12月3100,0.0,0.0,0.0,0.0,40,0.2925,0.2972,20,0.2795,0.288,0.0,0.0,0.0,0.0,90
2023-05-10 09:40:05,OP90002121,深证100ETF沽12月3100,0.0,0.0,0.0,0.0,40,0.2925,0.2972,20,0.2795,0.288,0.0,0.0,0.0,0.0,90
2023-05-10 09:40:06,OP90002121,深证100ETF沽12月3100,0.0,0.0,0.0,0.0,40,0.2925,0.2972,20,0.2795,0.288,0.0,0.0,0.0,0.0,90
2023-05-10 09:40:06,OP90002121,深证100ETF沽12月3100,0.0,0.0,0.0,0.0,40,0.2925,0.2972,20,0.2795,0.288,0.0,0.0,0.0,0.0,90
2023-05-10 09:40:07,OP90002121,深证100ETF沽12月3100,0.0,0.0,0.0,0.0,40,0.2925,0.2972,20,0.2795,0.288,0.0,0.0,0.0,0.0,90
2023-05-10 09:40:08,OP90002121,深证100ETF沽12月3100,0.0,0.0,0.0,0.0,40,0.2925,0.2972,20,0.2795,0.288,0.0,0.0,0.0,0.0,90
2023-05-10 09:40:08,OP90002121,深证100ETF沽12月3100,0.0,0.0,0.0,0.0,40,0.2925,0.2972,20,0.2795,0.288,0.0,0.0,0.0,0.0,90
2023-05-10 09:40:09,OP90002121,深证100ETF沽12月3100,0.0,0.0,0.0,0.0,20,0.2936,0.2972,20,0.2795,0.288,0.0,0.0,0.0,0.0,90
2023-05-10 09:40:09,OP90002121,深证100ETF沽12月3100,0.0,0.0,0.0,0.0,60,0.2936,0.2972,20,0.2795,0.288,0.0,0.0,0.0,0.0,90
2023-05-10 09:40:10,OP90002121,深证100ETF沽12月3100,0.0,0.0,0.0,0.0,60,0.2936,0.2972,20,0.2795,0.288,0.0,0.0,0.0,0.0,90
2023-05-10 09:40:10,OP90002121,深证100ETF沽12月3100,0.0,0.0,0.0,0.0,60,0.2936,0.2972,20,0.2795,0.288,0.0,0.0,0.0,0.0,90
2023-05-10 09:40:12,OP90002121,深证100ETF沽12月3100,0.0,0.0,0.0,0.0,60,0.2936,0.2972,20,0.2795,0.288,0.0,0.0,0.0,0.0,90
2023-05-10 09:40:13,OP90002121,深证100ETF沽12月3100,0.0,0.0,0.0,0.0,60,0.2936,0.2972,20,0.2795,0.288,0.0,0.0,0.0,0.0,90
2023-05-10 09:40:14,OP90002121,深证100ETF沽12月3100,0.0,0.0,0.0,0.0,60,0.2936,0.2972,20,0.2795,0.288,0.0,0.0,0.0,0.0,90
2023-05-10 09:40:15,OP90002121,深证100ETF沽12月3100,0.0,0.0,0.0,0.0,60,0.2936,0.2972,20,0.2795,0.288,0.0,0.0,0.0,0.0,90
2023-05-10 09:40:25,OP90002121,深证100ETF沽12月3100,0.0,0.0,0.0,0.0,60,0.2936,0.2972,20,0.2795,0.288,0.0,0.0,0.0,0.0,90
2023-05-10 09:40:26,OP90002121,深证100ETF沽12月3100,0.0,0.0,0.0,0.0,60,0.2936,0.2972,20,0.2795,0.288,0.0,0.0,0.0,0.0,90
2023-05-10 09:40:28,OP90002121,深证100ETF沽12月3100,0.0,0.0,0.0,0.0,40,0.2936,0.2972,40,0.2795,0.288,0.0,0.0,0.0,0.0,90
2023-05-10 09:40:29,OP90002121,深证100ETF沽12月3100,0.0,0.0,0.0,0.0,40,0.2936,0.2972,40,0.2795,0.288,0.0,0.0,0.0,0.0,90
2023-05-10 09:40:29,OP90002121,深证100ETF沽12月3100,0.0,0.0,0.0,0.0,40,0.2936,0.2972,40,0.2795,0.288,0.0,0.0,0.0,0.0,90
2023-05-10 09:40:35,OP90002121,深证100ETF沽12月3100,0.0,0.0,0.0,0.0,40,0.2936,0.2972,40,0.2795,0.288,0.0,0.0,0.0,0.0,90
2023-05-10 09:40:36,OP90002121,深证100ETF沽12月3100,0.0,0.0,0.0,0.0,40,0.2936,0.2972,40,0.2795,0.288,0.0,0.0,0.0,0.0,90
2023-05-10 09:40:38,OP90002121,深证100ETF沽12月3100,0.0,0.0,0.0,0.0,60,0.2936,0.2972,20,0.2795,0.288,0.0,0.0,0.0,0.0,90
2023-05-10 09:40:39,OP90002121,深证100ETF沽12月3100,0.0,0.0,0.0,0.0,60,0.2936,0.2972,20,0.2795,0.288,0.0,0.0,0.0,0.0,90
2023-05-10 09:40:39,OP90002121,深证100ETF沽12月3100,0.0,0.0,0.0,0.0,60,0.2936,0.2972,20,0.2795,0.288,0.0,0.0,0.0,0.0,90
2023-05-10 09:40:40,OP90002121,深证100ETF沽12月3100,0.0,0.0,0.0,0.0,60,0.2936,0.2972,20,0.2795,0.288,0.0,0.0,0.0,0.0,90
2023-05-10 09:40:41,OP90002121,深证100ETF沽12月3100,0.0,0.0,0.0,0.0,60,0.2936,0.2972,20,0.2795,0.288,0.0,0.0,0.0,0.0,90
2023-05-10 09:40:42,OP90002121,深证100ETF沽12月3100,0.0,0.0,0.0,0.0,60,0.2936,0.2972,20,0.2795,0.288,0.0,0.0,0.0,0.0,90
2023-05-10 09:40:43,OP90002121,深证100ETF沽12月3100,0.0,0.0,0.0,0.0,60,0.2936,0.2972,20,0.2795,0.288,0.0,0.0,0.0,0.0,90
2023-05-10 09:40:44,OP90002121,深证100ETF沽12月3100,0.0,0.0,0.0,0.0,60,0.2936,0.2972,20,0.2795,0.288,0.0,0.0,0.0,0.0,90
2023-05-10 09:40:45,OP90002121,深证100ETF沽12月3100,0.0,0.0,0.0,0.0,60,0.2936,0.2972,20,0.2795,0.288,0.0,0.0,0.0,0.0,90
2023-05-10 09:40:50,OP90002121,深证100ETF沽12月3100,0.0,0.0,0.0,0.0,61,0.2936,0.2972,20,0.2795,0.288,0.0,0.0,0.0,0.0,90
2023-05-10 09:40:52,OP90002121,深证100ETF沽12月3100,0.0,0.0,0.0,0.0,61,0.2936,0.2972,20,0.2795,0.288,0.0,0.0,0.0,0.0,90
2023-05-10 09:40:53,OP90002121,深证100ETF沽12月3100,0.0,0.0,0.0,0.0,61,0.2936,0.2972,20,0.2795,0.288,0.0,0.0,0.0,0.0,90
2023-05-10 09:40:56,OP90002121,深证100ETF沽12月3100,0.0,0.0,0.0,0.0,61,0.2936,0.2978,20,0.2795,0.288,0.0,0.0,0.0,0.0,90
2023-05-10 09:40:57,OP90002121,深证100ETF沽12月3100,0.0,0.0,0.0,0.0,61,0.2936,0.2983,40,0.2795,0.288,0.0,0.0,0.0,0.0,90
2023-05-10 09:40:57,OP90002121,深证100ETF沽12月3100,0.0,0.0,0.0,0.0,61,0.2936,0.2983,40,0.2795,0.288,0.0,0.0,0.0,0.0,90
2023-05-10 09:41:05,OP90002121,深证100ETF沽12月3100,0.0,0.0,0.0,0.0,61,0.2936,0.2983,40,0.2795,0.288,0.0,0.0,0.0,0.0,90
2023-05-10 09:41:05,OP90002121,深证100ETF沽12月3100,0.0,0.0,0.0,0.0,61,0.2936,0.2983,40,0.2795,0.288,0.0,0.0,0.0,0.0,90
2023-05-10 09:41:07,OP90002121,深证100ETF沽12月3100,0.0,0.0,0.0,0.0,61,0.2936,0.2983,40,0.2795,0.288,0.0,0.0,0.0,0.0,90
2023-05-10 09:41:08,OP90002121,深证100ETF沽12月3100,0.0,0.0,0.0,0.0,20,0.2947,0.2983,40,0.2795,0.288,0.0,0.0,0.0,0.0,90
2023-05-10 09:41:09,OP90002121,深证100ETF沽12月3100,0.0,0.0,0.0,0.0,40,0.2947,0.2983,20,0.2795,0.288,0.0,0.0,0.0,0.0,90
2023-05-10 09:41:09,OP90002121,深证100ETF沽12月3100,0.0,0.0,0.0,0.0,40,0.2947,0.2983,20,0.2795,0.288,0.0,0.0,0.0,0.0,90
2023-05-10 09:41:19,OP90002121,深证100ETF沽12月3100,0.0,0.0,0.0,0.0,40,0.2947,0.2983,20,0.2795,0.288,0.0,0.0,0.0,0.0,90
2023-05-10 09:41:21,OP90002121,深证100ETF沽12月3100,0.0,0.0,0.0,0.0,60,0.2947,0.2983,20,0.2795,0.288,0.0,0.0,0.0,0.0,90
2023-05-10 09:41:22,OP90002121,深证100ETF沽12月3100,0.0,0.0,0.0,0.0,60,0.2947,0.2983,20,0.2795,0.288,0.0,0.0,0.0,0.0,90
2023-05-10 09:41:24,OP90002121,深证100ETF沽12月3100,0.0,0.0,0.0,0.0,60,0.2947,0.2983,20,0.2795,0.288,0.0,0.0,0.0,0.0,90
2023-05-10 09:41:26,OP90002121,深证100ETF沽12月3100,0.0,0.0,0.0,0.0,60,0.2947,0.2983,20,0.2795,0.288,0.0,0.0,0.0,0.0,90
2023-05-10 09:41:30,OP90002121,深证100ETF沽12月3100,0.0,0.0,0.0,0.0,60,0.2947,0.2983,20,0.2795,0.288,0.0,0.0,0.0,0.0,90
2023-05-10 09:41:34,OP90002121,深证100ETF沽12月3100,0.0,0.0,0.0,0.0,60,0.2947,0.2983,20,0.2795,0.288,0.0,0.0,0.0,0.0,90
2023-05-10 09:41:42,OP90002121,深证100ETF沽12月3100,0.0,0.0,0.0,0.0,60,0.2947,0.2983,20,0.2795,0.288,0.0,0.0,0.0,0.0,90
2023-05-10 09:41:43,OP90002121,深证100ETF沽12月3100,0.0,0.0,0.0,0.0,60,0.2947,0.2983,20,0.2795,0.288,0.0,0.0,0.0,0.0,90
2023-05-10 09:41:44,OP90002121,深证100ETF沽12月3100,0.0,0.0,0.0,0.0,40,0.2947,0.2983,40,0.2795,0.288,0.0,0.0,0.0,0.0,90
2023-05-10 09:41:45,OP90002121,深证100ETF沽12月3100,0.0,0.0,0.0,0.0,40,0.2947,0.2983,40,0.2795,0.288,0.0,0.0,0.0,0.0,90
2023-05-10 09:41:47,OP90002121,深证100ETF沽12月3100,0.0,0.0,0.0,0.0,40,0.2947,0.2983,40,0.2795,0.288,0.0,0.0,0.0,0.0,90
2023-05-10 09:41:56,OP90002121,深证100ETF沽12月3100,0.0,0.0,0.0,0.0,40,0.2947,0.2983,40,0.2795,0.288,0.0,0.0,0.0,0.0,90
2023-05-10 09:42:01,OP90002121,深证100ETF沽12月3100,0.0,0.0,0.0,0.0,40,0.2947,0.2983,40,0.2795,0.288,0.0,0.0,0.0,0.0,90
2023-05-10 09:42:02,OP90002121,深证100ETF沽12月3100,0.0,0.0,0.0,0.0,40,0.2947,0.2983,40,0.2795,0.288,0.0,0.0,0.0,0.0,90
2023-05-10 09:42:03,OP90002121,深证100ETF沽12月3100,0.0,0.0,0.0,0.0,40,0.2947,0.2983,40,0.2795,0.288,0.0,0.0,0.0,0.0,90
2023-05-10 09:42:04,OP90002121,深证100ETF沽12月3100,0.0,0.0,0.0,0.0,40,0.2947,0.2983,40,0.2795,0.288,0.0,0.0,0.0,0.0,90
2023-05-10 09:42:05,OP90002121,深证100ETF沽12月3100,0.0,0.0,0.0,0.0,40,0.2947,0.2983,40,0.2795,0.288,0.0,0.0,0.0,0.0,90
2023-05-10 09:42:05,OP90002121,深证100ETF沽12月3100,0.0,0.0,0.0,0.0,40,0.2947,0.2983,40,0.2795,0.288,0.0,0.0,0.0,0.0,90
2023-05-10 09:42:06,OP90002121,深证100ETF沽12月3100,0.0,0.0,0.0,0.0,40,0.2947,0.2983,40,0.2795,0.288,0.0,0.0,0.0,0.0,90
2023-05-10 09:42:06,OP90002121,深证100ETF沽12月3100,0.0,0.0,0.0,0.0,40,0.2947,0.2983,40,0.2795,0.288,0.0,0.0,0.0,0.0,90
2023-05-10 09:42:07,OP90002121,深证100ETF沽12月3100,0.0,0.0,0.0,0.0,40,0.2947,0.2983,40,0.2795,0.288,0.0,0.0,0.0,0.0,90
2023-05-10 09:42:08,OP90002121,深证100ETF沽12月3100,0.0,0.0,0.0,0.0,60,0.2947,0.2983,20,0.2795,0.288,0.0,0.0,0.0,0.0,90
2023-05-10 09:42:09,OP90002121,深证100ETF沽12月3100,0.0,0.0,0.0,0.0,60,0.2947,0.2983,20,0.2795,0.288,0.0,0.0,0.0,0.0,90
2023-05-10 09:42:14,OP90002121,深证100ETF沽12月3100,0.0,0.0,0.0,0.0,60,0.2947,0.2983,20,0.2795,0.288,0.0,0.0,0.0,0.0,90
2023-05-10 09:42:15,OP90002121,深证100ETF沽12月3100,0.0,0.0,0.0,0.0,60,0.2947,0.2983,20,0.2795,0.288,0.0,0.0,0.0,0.0,90
2023-05-10 09:42:15,OP90002121,深证100ETF沽12月3100,0.0,0.0,0.0,0.0,60,0.2947,0.2983,20,0.2795,0.288,0.0,0.0,0.0,0.0,90
2023-05-10 09:42:16,OP90002121,深证100ETF沽12月3100,0.0,0.0,0.0,0.0,60,0.2947,0.2983,20,0.2795,0.288,0.0,0.0,0.0,0.0,90
2023-05-10 09:42:16,OP90002121,深证100ETF沽12月3100,0.0,0.0,0.0,0.0,60,0.2947,0.2983,20,0.2795,0.288,0.0,0.0,0.0,0.0,90
2023-05-10 09:42:17,OP90002121,深证100ETF沽12月3100,0.0,0.0,0.0,0.0,60,0.2947,0.2983,20,0.2795,0.288,0.0,0.0,0.0,0.0,90
2023-05-10 09:42:17,OP90002121,深证100ETF沽12月3100,0.0,0.0,0.0,0.0,60,0.2947,0.2983,20,0.2795,0.288,0.0,0.0,0.0,0.0,90
2023-05-10 09:42:19,OP90002121,深证100ETF沽12月3100,0.0,0.0,0.0,0.0,60,0.2947,0.2983,20,0.2795,0.288,0.0,0.0,0.0,0.0,90
2023-05-10 09:42:21,OP90002121,深证100ETF沽12月3100,0.0,0.0,0.0,0.0,60,0.2947,0.2983,20,0.2795,0.288,0.0,0.0,0.0,0.0,90
2023-05-10 09:42:24,OP90002121,深证100ETF沽12月3100,0.0,0.0,0.0,0.0,60,0.2947,0.2983,20,0.2795,0.288,0.0,0.0,0.0,0.0,90
2023-05-10 09:42:25,OP90002121,深证100ETF沽12月3100,0.0,0.0,0.0,0.0,40,0.2947,0.2983,40,0.2795,0.288,0.0,0.0,0.0,0.0,90
2023-05-10 09:42:29,OP90002121,深证100ETF沽12月3100,0.0,0.0,0.0,0.0,40,0.2947,0.2983,40,0.2795,0.288,0.0,0.0,0.0,0.0,90
2023-05-10 09:42:31,OP90002121,深证100ETF沽12月3100,0.0,0.0,0.0,0.0,40,0.2947,0.2983,40,0.2795,0.288,0.0,0.0,0.0,0.0,90
2023-05-10 09:42:32,OP90002121,深证100ETF沽12月3100,0.0,0.0,0.0,0.0,40,0.2947,0.2983,40,0.2795,0.288,0.0,0.0,0.0,0.0,90
2023-05-10 09:42:32,OP90002121,深证100ETF沽12月3100,0.0,0.0,0.0,0.0,40,0.2947,0.2983,40,0.2795,0.288,0.0,0.0,0.0,0.0,90
2023-05-10 09:42:35,OP90002121,深证100ETF沽12月3100,0.0,0.0,0.0,0.0,40,0.2947,0.2983,40,0.2795,0.288,0.0,0.0,0.0,0.0,90
2023-05-10 09:42:36,OP90002121,深证100ETF沽12月3100,0.0,0.0,0.0,0.0,40,0.2947,0.2983,40,0.2795,0.288,0.0,0.0,0.0,0.0,90
2023-05-10 09:42:38,OP90002121,深证100ETF沽12月3100,0.0,0.0,0.0,0.0,40,0.2947,0.2983,40,0.2795,0.288,0.0,0.0,0.0,0.0,90
2023-05-10 09:42:41,OP90002121,深证100ETF沽12月3100,0.0,0.0,0.0,0.0,40,0.2947,0.2983,40,0.2795,0.288,0.0,0.0,0.0,0.0,90
2023-05-10 09:42:44,OP90002121,深证100ETF沽12月3100,0.0,0.0,0.0,0.0,40,0.2947,0.2983,20,0.2795,0.288,0.0,0.0,0.0,0.0,90
2023-05-10 09:42:45,OP90002121,深证100ETF沽12月3100,0.0,0.0,0.0,0.0,40,0.2947,0.2983,20,0.2795,0.288,0.0,0.0,0.0,0.0,90
2023-05-10 09:42:48,OP90002121,深证100ETF沽12月3100,0.0,0.0,0.0,0.0,40,0.2947,0.2983,20,0.2795,0.288,0.0,0.0,0.0,0.0,90
2023-05-10 09:42:50,OP90002121,深证100ETF沽12月3100,0.0,0.0,0.0,0.0,40,0.2947,0.2983,20,0.2795,0.288,0.0,0.0,0.0,0.0,90
2023-05-10 09:42:56,OP90002121,深证100ETF沽12月3100,0.0,0.0,0.0,0.0,40,0.2947,0.2983,20,0.2795,0.288,0.0,0.0,0.0,0.0,90
2023-05-10 09:43:00,OP90002121,深证100ETF沽12月3100,0.0,0.0,0.0,0.0,40,0.2947,0.2983,40,0.2795,0.288,0.0,0.0,0.0,0.0,90
2023-05-10 09:43:00,OP90002121,深证100ETF沽12月3100,0.0,0.0,0.0,0.0,40,0.2947,0.2983,40,0.2795,0.288,0.0,0.0,0.0,0.0,90
2023-05-10 09:43:06,OP90002121,深证100ETF沽12月3100,0.0,0.0,0.0,0.0,40,0.2947,0.2983,40,0.2795,0.288,0.0,0.0,0.0,0.0,90
2023-05-10 09:43:09,OP90002121,深证100ETF沽12月3100,0.0,0.0,0.0,0.0,40,0.2947,0.2983,40,0.2795,0.288,0.0,0.0,0.0,0.0,90
2023-05-10 09:43:12,OP90002121,深证100ETF沽12月3100,0.0,0.0,0.0,0.0,40,0.2947,0.2983,40,0.2795,0.288,0.0,0.0,0.0,0.0,90
2023-05-10 09:43:12,OP90002121,深证100ETF沽12月3100,0.0,0.0,0.0,0.0,40,0.2947,0.2983,40,0.2795,0.288,0.0,0.0,0.0,0.0,90
2023-05-10 09:43:14,OP90002121,深证100ETF沽12月3100,0.0,0.0,0.0,0.0,40,0.2947,0.2983,40,0.2795,0.288,0.0,0.0,0.0,0.0,90
2023-05-10 09:43:17,OP90002121,深证100ETF沽12月3100,0.0,0.0,0.0,0.0,40,0.2947,0.2983,40,0.2795,0.288,0.0,0.0,0.0,0.0,90
2023-05-10 09:43:21,OP90002121,深证100ETF沽12月3100,0.0,0.0,0.0,0.0,40,0.2947,0.2983,40,0.2795,0.288,0.0,0.0,0.0,0.0,90
2023-05-10 09:43:23,OP90002121,深证100ETF沽12月3100,0.0,0.0,0.0,0.0,40,0.2947,0.2983,40,0.2795,0.288,0.0,0.0,0.0,0.0,90
2023-05-10 09:43:24,OP90002121,深证100ETF沽12月3100,0.0,0.0,0.0,0.0,40,0.2947,0.2983,40,0.2795,0.288,0.0,0.0,0.0,0.0,90
2023-05-10 09:43:31,OP90002121,深证100ETF沽12月3100,0.0,0.0,0.0,0.0,40,0.2947,0.2983,40,0.2795,0.288,0.0,0.0,0.0,0.0,90
2023-05-10 09:43:32,OP90002121,深证100ETF沽12月3100,0.0,0.0,0.0,0.0,20,0.2947,0.2983,40,0.2795,0.288,0.0,0.0,0.0,0.0,90
2023-05-10 09:43:37,OP90002121,深证100ETF沽12月3100,0.0,0.0,0.0,0.0,20,0.2947,0.2983,40,0.2795,0.288,0.0,0.0,0.0,0.0,90
2023-05-10 09:43:37,OP90002121,深证100ETF沽12月3100,0.0,0.0,0.0,0.0,20,0.2947,0.2983,40,0.2795,0.288,0.0,0.0,0.0,0.0,90
2023-05-10 09:43:39,OP90002121,深证100ETF沽12月3100,0.0,0.0,0.0,0.0,20,0.2947,0.2983,40,0.2795,0.288,0.0,0.0,0.0,0.0,90
2023-05-10 09:43:42,OP90002121,深证100ETF沽12月3100,0.0,0.0,0.0,0.0,20,0.2947,0.2983,40,0.2795,0.288,0.0,0.0,0.0,0.0,90
2023-05-10 09:43:44,OP90002121,深证100ETF沽12月3100,0.0,0.0,0.0,0.0,20,0.2947,0.2983,40,0.2795,0.288,0.0,0.0,0.0,0.0,90
2023-05-10 09:43:45,OP90002121,深证100ETF沽12月3100,0.0,0.0,0.0,0.0,20,0.2947,0.2983,40,0.2795,0.288,0.0,0.0,0.0,0.0,90
2023-05-10 09:43:47,OP90002121,深证100ETF沽12月3100,0.0,0.0,0.0,0.0,20,0.2947,0.2983,40,0.2795,0.288,0.0,0.0,0.0,0.0,90
2023-05-10 09:43:51,OP90002121,深证100ETF沽12月3100,0.0,0.0,0.0,0.0,20,0.2954,0.2983,40,0.2795,0.288,0.0,0.0,0.0,0.0,90
2023-05-10 09:43:52,OP90002121,深证100ETF沽12月3100,0.0,0.0,0.0,0.0,20,0.2954,0.2983,20,0.2795,0.288,0.0,0.0,0.0,0.0,90
2023-05-10 09:43:54,OP90002121,深证100ETF沽12月3100,0.0,0.0,0.0,0.0,20,0.2954,0.2983,20,0.2795,0.288,0.0,0.0,0.0,0.0,90
2023-05-10 09:43:57,OP90002121,深证100ETF沽12月3100,0.0,0.0,0.0,0.0,20,0.2954,0.2983,20,0.2795,0.288,0.0,0.0,0.0,0.0,90
2023-05-10 09:44:01,OP90002121,深证100ETF沽12月3100,0.0,0.0,0.0,0.0,20,0.2954,0.2988,20,0.2795,0.288,0.0,0.0,0.0,0.0,90
2023-05-10 09:44:02,OP90002121,深证100ETF沽12月3100,0.0,0.0,0.0,0.0,40,0.2954,0.2989,20,0.2795,0.288,0.0,0.0,0.0,0.0,90
2023-05-10 09:44:03,OP90002121,深证100ETF沽12月3100,0.0,0.0,0.0,0.0,60,0.2954,0.2993,20,0.2795,0.288,0.0,0.0,0.0,0.0,90
2023-05-10 09:44:03,OP90002121,深证100ETF沽12月3100,0.0,0.0,0.0,0.0,60,0.2954,0.2993,20,0.2795,0.288,0.0,0.0,0.0,0.0,90
2023-05-10 09:44:05,OP90002121,深证100ETF沽12月3100,0.0,0.0,0.0,0.0,60,0.2954,0.2993,20,0.2795,0.288,0.0,0.0,0.0,0.0,90
2023-05-10 09:44:08,OP90002121,深证100ETF沽12月3100,0.0,0.0,0.0,0.0,60,0.2954,0.2993,20,0.2795,0.288,0.0,0.0,0.0,0.0,90
2023-05-10 09:44:09,OP90002121,深证100ETF沽12月3100,0.0,0.0,0.0,0.0,60,0.2954,0.2993,20,0.2795,0.288,0.0,0.0,0.0,0.0,90
2023-05-10 09:44:10,OP90002121,深证100ETF沽12月3100,0.0,0.0,0.0,0.0,60,0.2954,0.2993,20,0.2795,0.288,0.0,0.0,0.0,0.0,90
2023-05-10 09:44:13,OP90002121,深证100ETF沽12月3100,0.0,0.0,0.0,0.0,60,0.2954,0.2993,20,0.2795,0.288,0.0,0.0,0.0,0.0,90
2023-05-10 09:44:15,OP90002121,深证100ETF沽12月3100,0.0,0.0,0.0,0.0,60,0.2954,0.2994,60,0.2795,0.288,0.0,0.0,0.0,0.0,90
2023-05-10 09:44:16,OP90002121,深证100ETF沽12月3100,0.0,0.0,0.0,0.0,60,0.2954,0.2994,20,0.2795,0.288,0.0,0.0,0.0,0.0,90
2023-05-10 09:44:16,OP90002121,深证100ETF沽12月3100,0.0,0.0,0.0,0.0,60,0.2954,0.2994,20,0.2795,0.288,0.0,0.0,0.0,0.0,90
2023-05-10 09:44:17,OP90002121,深证100ETF沽12月3100,0.0,0.0,0.0,0.0,60,0.2954,0.2994,20,0.2795,0.288,0.0,0.0,0.0,0.0,90
2023-05-10 09:44:23,OP90002121,深证100ETF沽12月3100,0.0,0.0,0.0,0.0,60,0.2954,0.2994,20,0.2795,0.288,0.0,0.0,0.0,0.0,90
2023-05-10 09:44:25,OP90002121,深证100ETF沽12月3100,0.0,0.0,0.0,0.0,60,0.2954,0.2994,20,0.2795,0.288,0.0,0.0,0.0,0.0,90
2023-05-10 09:44:29,OP90002121,深证100ETF沽12月3100,0.0,0.0,0.0,0.0,60,0.2954,0.2994,20,0.2795,0.288,0.0,0.0,0.0,0.0,90
2023-05-10 09:44:29,OP90002121,深证100ETF沽12月3100,0.0,0.0,0.0,0.0,60,0.2954,0.2994,20,0.2795,0.288,0.0,0.0,0.0,0.0,90
2023-05-10 09:44:30,OP90002121,深证100ETF沽12月3100,0.0,0.0,0.0,0.0,60,0.2954,0.2994,20,0.2795,0.288,0.0,0.0,0.0,0.0,90
2023-05-10 09:44:32,OP90002121,深证100ETF沽12月3100,0.0,0.0,0.0,0.0,60,0.2954,0.2994,20,0.2795,0.288,0.0,0.0,0.0,0.0,90
2023-05-10 09:44:32,OP90002121,深证100ETF沽12月3100,0.0,0.0,0.0,0.0,60,0.2954,0.2994,20,0.2795,0.288,0.0,0.0,0.0,0.0,90
2023-05-10 09:44:33,OP90002121,深证100ETF沽12月3100,0.0,0.0,0.0,0.0,60,0.2954,0.2994,20,0.2795,0.288,0.0,0.0,0.0,0.0,90
2023-05-10 09:44:34,OP90002121,深证100ETF沽12月3100,0.0,0.0,0.0,0.0,60,0.2954,0.2994,20,0.2795,0.288,0.0,0.0,0.0,0.0,90
2023-05-10 09:44:35,OP90002121,深证100ETF沽12月3100,0.0,0.0,0.0,0.0,61,0.2954,0.2994,20,0.2795,0.288,0.0,0.0,0.0,0.0,90
2023-05-10 09:44:38,OP90002121,深证100ETF沽12月3100,0.0,0.0,0.0,0.0,60,0.2954,0.2994,20,0.2795,0.288,0.0,0.0,0.0,0.0,90
2023-05-10 09:44:39,OP90002121,深证100ETF沽12月3100,0.0,0.0,0.0,0.0,60,0.2954,0.2994,20,0.2795,0.288,0.0,0.0,0.0,0.0,90
2023-05-10 09:44:43,OP90002121,深证100ETF沽12月3100,0.0,0.0,0.0,0.0,40,0.2954,0.2994,40,0.2795,0.288,0.0,0.0,0.0,0.0,90
2023-05-10 09:44:44,OP90002121,深证100ETF沽12月3100,0.0,0.0,0.0,0.0,40,0.2954,0.2994,40,0.2795,0.288,0.0,0.0,0.0,0.0,90
2023-05-10 09:44:44,OP90002121,深证100ETF沽12月3100,0.0,0.0,0.0,0.0,40,0.2954,0.2994,40,0.2795,0.288,0.0,0.0,0.0,0.0,90
2023-05-10 09:44:45,OP90002121,深证100ETF沽12月3100,0.0,0.0,0.0,0.0,40,0.2954,0.2994,40,0.2795,0.288,0.0,0.0,0.0,0.0,90
2023-05-10 09:45:02,OP90002121,深证100ETF沽12月3100,0.0,0.0,0.0,0.0,40,0.2954,0.2994,40,0.2795,0.288,0.0,0.0,0.0,0.0,90
2023-05-10 09:45:04,OP90002121,深证100ETF沽12月3100,0.0,0.0,0.0,0.0,40,0.2954,0.2994,40,0.2795,0.288,0.0,0.0,0.0,0.0,90
2023-05-10 09:45:07,OP90002121,深证100ETF沽12月3100,0.0,0.0,0.0,0.0,40,0.2954,0.2994,40,0.2795,0.288,0.0,0.0,0.0,0.0,90
2023-05-10 09:45:07,OP90002121,深证100ETF沽12月3100,0.0,0.0,0.0,0.0,40,0.2954,0.2994,40,0.2795,0.288,0.0,0.0,0.0,0.0,90
2023-05-10 09:45:08,OP90002121,深证100ETF沽12月3100,0.0,0.0,0.0,0.0,40,0.2954,0.2994,40,0.2795,0.288,0.0,0.0,0.0,0.0,90
2023-05-10 09:45:13,OP90002121,深证100ETF沽12月3100,0.0,0.0,0.0,0.0,60,0.2954,0.2994,20,0.2795,0.288,0.0,0.0,0.0,0.0,90
2023-05-10 09:45:13,OP90002121,深证100ETF沽12月3100,0.0,0.0,0.0,0.0,60,0.2954,0.2994,20,0.2795,0.288,0.0,0.0,0.0,0.0,90
2023-05-10 09:45:17,OP90002121,深证100ETF沽12月3100,0.0,0.0,0.0,0.0,60,0.2954,0.2994,20,0.2795,0.288,0.0,0.0,0.0,0.0,90
2023-05-10 09:45:21,OP90002121,深证100ETF沽12月3100,0.0,0.0,0.0,0.0,60,0.2954,0.2994,20,0.2795,0.288,0.0,0.0,0.0,0.0,90
2023-05-10 09:45:23,OP90002121,深证100ETF沽12月3100,0.0,0.0,0.0,0.0,40,0.2954,0.2994,40,0.2795,0.288,0.0,0.0,0.0,0.0,90
2023-05-10 09:45:26,OP90002121,深证100ETF沽12月3100,0.0,0.0,0.0,0.0,40,0.2954,0.2994,40,0.2795,0.288,0.0,0.0,0.0,0.0,90
2023-05-10 09:45:27,OP90002121,深证100ETF沽12月3100,0.0,0.0,0.0,0.0,20,0.2954,0.2994,60,0.2795,0.288,0.0,0.0,0.0,0.0,90
2023-05-10 09:45:27,OP90002121,深证100ETF沽12月3100,0.0,0.0,0.0,0.0,20,0.2954,0.2994,60,0.2795,0.288,0.0,0.0,0.0,0.0,90
2023-05-10 09:45:31,OP90002121,深证100ETF沽12月3100,0.0,0.0,0.0,0.0,20,0.2954,0.2994,60,0.2795,0.288,0.0,0.0,0.0,0.0,90
2023-05-10 09:45:32,OP90002121,深证100ETF沽12月3100,0.0,0.0,0.0,0.0,20,0.2954,0.2994,60,0.2795,0.288,0.0,0.0,0.0,0.0,90
2023-05-10 09:45:35,OP90002121,深证100ETF沽12月3100,0.0,0.0,0.0,0.0,20,0.2954,0.2994,60,0.2795,0.288,0.0,0.0,0.0,0.0,90
2023-05-10 09:45:38,OP90002121,深证100ETF沽12月3100,0.0,0.0,0.0,0.0,20,0.2954,0.2994,60,0.2795,0.288,0.0,0.0,0.0,0.0,90
2023-05-10 09:45:43,OP90002121,深证100ETF沽12月3100,0.0,0.0,0.0,0.0,20,0.2954,0.2994,60,0.2795,0.288,0.0,0.0,0.0,0.0,90
2023-05-10 09:45:44,OP90002121,深证100ETF沽12月3100,0.0,0.0,0.0,0.0,20,0.2954,0.2994,60,0.2795,0.288,0.0,0.0,0.0,0.0,90
2023-05-10 09:45:47,OP90002121,深证100ETF沽12月3100,0.0,0.0,0.0,0.0,20,0.2954,0.2994,60,0.2795,0.288,0.0,0.0,0.0,0.0,90
2023-05-10 09:45:49,OP90002121,深证100ETF沽12月3100,0.0,0.0,0.0,0.0,20,0.2954,0.2994,60,0.2795,0.288,0.0,0.0,0.0,0.0,90
2023-05-10 09:45:50,OP90002121,深证100ETF沽12月3100,0.0,0.0,0.0,0.0,20,0.2954,0.2994,60,0.2795,0.288,0.0,0.0,0.0,0.0,90
2023-05-10 09:45:51,OP90002121,深证100ETF沽12月3100,0.0,0.0,0.0,0.0,20,0.2954,0.2994,60,0.2795,0.288,0.0,0.0,0.0,0.0,90
2023-05-10 09:45:53,OP90002121,深证100ETF沽12月3100,0.0,0.0,0.0,0.0,20,0.2954,0.2994,60,0.2795,0.288,0.0,0.0,0.0,0.0,90
2023-05-10 09:45:55,OP90002121,深证100ETF沽12月3100,0.0,0.0,0.0,0.0,20,0.2954,0.2994,60,0.2795,0.288,0.0,0.0,0.0,0.0,90
2023-05-10 09:46:07,OP90002121,深证100ETF沽12月3100,0.0,0.0,0.0,0.0,20,0.2954,0.2994,70,0.2795,0.288,0.0,0.0,0.0,0.0,90
2023-05-10 09:46:07,OP90002121,深证100ETF沽12月3100,0.0,0.0,0.0,0.0,20,0.2954,0.2994,60,0.2795,0.288,0.0,0.0,0.0,0.0,90
2023-05-10 09:46:08,OP90002121,深证100ETF沽12月3100,0.0,0.0,0.0,0.0,20,0.2954,0.2994,60,0.2795,0.288,0.0,0.0,0.0,0.0,90
2023-05-10 09:46:08,OP90002121,深证100ETF沽12月3100,0.0,0.0,0.0,0.0,20,0.2954,0.2994,60,0.2795,0.288,0.0,0.0,0.0,0.0,90
2023-05-10 09:46:09,OP90002121,深证100ETF沽12月3100,0.0,0.0,0.0,0.0,20,0.2954,0.2994,60,0.2795,0.288,0.0,0.0,0.0,0.0,90
2023-05-10 09:46:09,OP90002121,深证100ETF沽12月3100,0.0,0.0,0.0,0.0,20,0.2954,0.2994,60,0.2795,0.288,0.0,0.0,0.0,0.0,90
2023-05-10 09:46:11,OP90002121,深证100ETF沽12月3100,0.0,0.0,0.0,0.0,20,0.2954,0.2994,60,0.2795,0.288,0.0,0.0,0.0,0.0,90
2023-05-10 09:46:12,OP90002121,深证100ETF沽12月3100,0.0,0.0,0.0,0.0,20,0.2954,0.2994,60,0.2795,0.288,0.0,0.0,0.0,0.0,90
2023-05-10 09:46:12,OP90002121,深证100ETF沽12月3100,0.0,0.0,0.0,0.0,20,0.2954,0.2994,60,0.2795,0.288,0.0,0.0,0.0,0.0,90
2023-05-10 09:46:13,OP90002121,深证100ETF沽12月3100,0.0,0.0,0.0,0.0,20,0.2954,0.2994,60,0.2795,0.288,0.0,0.0,0.0,0.0,90
2023-05-10 09:46:15,OP90002121,深证100ETF沽12月3100,0.0,0.0,0.0,0.0,20,0.2954,0.2994,60,0.2795,0.288,0.0,0.0,0.0,0.0,90
2023-05-10 09:46:17,OP90002121,深证100ETF沽12月3100,0.0,0.0,0.0,0.0,20,0.2954,0.2994,60,0.2795,0.288,0.0,0.0,0.0,0.0,90
2023-05-10 09:46:21,OP90002121,深证100ETF沽12月3100,0.0,0.0,0.0,0.0,20,0.2954,0.2994,60,0.2795,0.288,0.0,0.0,0.0,0.0,90
2023-05-10 09:46:21,OP90002121,深证100ETF沽12月3100,0.0,0.0,0.0,0.0,20,0.2954,0.2994,60,0.2795,0.288,0.0,0.0,0.0,0.0,90
2023-05-10 09:46:23,OP90002121,深证100ETF沽12月3100,0.0,0.0,0.0,0.0,20,0.2954,0.2994,60,0.2795,0.288,0.0,0.0,0.0,0.0,90
2023-05-10 09:46:23,OP90002121,深证100ETF沽12月3100,0.0,0.0,0.0,0.0,20,0.2954,0.2994,60,0.2795,0.288,0.0,0.0,0.0,0.0,90
2023-05-10 09:46:25,OP90002121,深证100ETF沽12月3100,0.0,0.0,0.0,0.0,20,0.2954,0.2994,40,0.2795,0.288,0.0,0.0,0.0,0.0,90
2023-05-10 09:46:26,OP90002121,深证100ETF沽12月3100,0.0,0.0,0.0,0.0,20,0.2954,0.2994,40,0.2795,0.288,0.0,0.0,0.0,0.0,90
2023-05-10 09:46:27,OP90002121,深证100ETF沽12月3100,0.0,0.0,0.0,0.0,20,0.2951,0.2994,40,0.2795,0.288,0.0,0.0,0.0,0.0,90
2023-05-10 09:46:27,OP90002121,深证100ETF沽12月3100,0.0,0.0,0.0,0.0,50,0.2944,0.2991,20,0.2795,0.288,0.0,0.0,0.0,0.0,90
2023-05-10 09:46:28,OP90002121,深证100ETF沽12月3100,0.0,0.0,0.0,0.0,30,0.2944,0.2991,20,0.2795,0.288,0.0,0.0,0.0,0.0,90
2023-05-10 09:46:28,OP90002121,深证100ETF沽12月3100,0.0,0.0,0.0,0.0,1,0.2943,0.2991,20,0.2795,0.288,0.0,0.0,0.0,0.0,90
2023-05-10 09:46:29,OP90002121,深证100ETF沽12月3100,0.0,0.0,0.0,0.0,1,0.2943,0.2991,20,0.2795,0.288,0.0,0.0,0.0,0.0,90
2023-05-10 09:46:29,OP90002121,深证100ETF沽12月3100,0.0,0.0,0.0,0.0,1,0.2943,0.2991,20,0.2795,0.288,0.0,0.0,0.0,0.0,90
2023-05-10 09:46:31,OP90002121,深证100ETF沽12月3100,0.0,0.0,0.0,0.0,1,0.2943,0.2991,20,0.2795,0.288,0.0,0.0,0.0,0.0,90
2023-05-10 09:46:32,OP90002121,深证100ETF沽12月3100,0.0,0.0,0.0,0.0,20,0.2942,0.2991,20,0.2795,0.288,0.0,0.0,0.0,0.0,90
2023-05-10 09:46:33,OP90002121,深证100ETF沽12月3100,0.0,0.0,0.0,0.0,20,0.2942,0.2991,20,0.2795,0.288,0.0,0.0,0.0,0.0,90
2023-05-10 09:46:33,OP90002121,深证100ETF沽12月3100,0.0,0.0,0.0,0.0,20,0.2942,0.2991,20,0.2795,0.288,0.0,0.0,0.0,0.0,90
2023-05-10 09:46:34,OP90002121,深证100ETF沽12月3100,0.0,0.0,0.0,0.0,20,0.2942,0.2991,20,0.2795,0.288,0.0,0.0,0.0,0.0,90
2023-05-10 09:46:36,OP90002121,深证100ETF沽12月3100,0.0,0.0,0.0,0.0,20,0.2942,0.2991,20,0.2795,0.288,0.0,0.0,0.0,0.0,90
2023-05-10 09:46:39,OP90002121,深证100ETF沽12月3100,0.0,0.0,0.0,0.0,20,0.2942,0.2991,30,0.2795,0.288,0.0,0.0,0.0,0.0,90
2023-05-10 09:46:39,OP90002121,深证100ETF沽12月3100,0.0,0.0,0.0,0.0,21,0.2942,0.2991,30,0.2795,0.288,0.0,0.0,0.0,0.0,90
2023-05-10 09:46:48,OP90002121,深证100ETF沽12月3100,0.0,0.0,0.0,0.0,20,0.2942,0.2991,30,0.2795,0.288,0.0,0.0,0.0,0.0,90
2023-05-10 09:46:49,OP90002121,深证100ETF沽12月3100,0.0,0.0,0.0,0.0,20,0.2942,0.2991,30,0.2795,0.288,0.0,0.0,0.0,0.0,90
2023-05-10 09:46:49,OP90002121,深证100ETF沽12月3100,0.0,0.0,0.0,0.0,20,0.2942,0.2991,30,0.2795,0.288,0.0,0.0,0.0,0.0,90
2023-05-10 09:46:50,OP90002121,深证100ETF沽12月3100,0.0,0.0,0.0,0.0,20,0.2942,0.2991,30,0.2795,0.288,0.0,0.0,0.0,0.0,90
2023-05-10 09:46:50,OP90002121,深证100ETF沽12月3100,0.0,0.0,0.0,0.0,20,0.2942,0.2991,30,0.2795,0.288,0.0,0.0,0.0,0.0,90
2023-05-10 09:46:51,OP90002121,深证100ETF沽12月3100,0.0,0.0,0.0,0.0,20,0.2942,0.2991,30,0.2795,0.288,0.0,0.0,0.0,0.0,90
2023-05-10 09:46:52,OP90002121,深证100ETF沽12月3100,0.0,0.0,0.0,0.0,20,0.2942,0.2991,30,0.2795,0.288,0.0,0.0,0.0,0.0,90
2023-05-10 09:46:53,OP90002121,深证100ETF沽12月3100,0.0,0.0,0.0,0.0,20,0.2942,0.2991,30,0.2795,0.288,0.0,0.0,0.0,0.0,90
2023-05-10 09:46:57,OP90002121,深证100ETF沽12月3100,0.0,0.0,0.0,0.0,20,0.2942,0.2991,50,0.2795,0.288,0.0,0.0,0.0,0.0,90
2023-05-10 09:46:58,OP90002121,深证100ETF沽12月3100,0.0,0.0,0.0,0.0,20,0.2942,0.2991,50,0.2795,0.288,0.0,0.0,0.0,0.0,90
2023-05-10 09:46:58,OP90002121,深证100ETF沽12月3100,0.0,0.0,0.0,0.0,20,0.2942,0.2991,50,0.2795,0.288,0.0,0.0,0.0,0.0,90
2023-05-10 09:47:02,OP90002121,深证100ETF沽12月3100,0.0,0.0,0.0,0.0,21,0.2942,0.2991,50,0.2795,0.288,0.0,0.0,0.0,0.0,90
2023-05-10 09:47:14,OP90002121,深证100ETF沽12月3100,0.0,0.0,0.0,0.0,20,0.2942,0.2991,50,0.2795,0.288,0.0,0.0,0.0,0.0,90
2023-05-10 09:47:15,OP90002121,深证100ETF沽12月3100,0.0,0.0,0.0,0.0,20,0.2942,0.2991,50,0.2795,0.288,0.0,0.0,0.0,0.0,90
2023-05-10 09:47:25,OP90002121,深证100ETF沽12月3100,0.0,0.0,0.0,0.0,20,0.2942,0.2991,50,0.2795,0.288,0.0,0.0,0.0,0.0,90
2023-05-10 09:47:26,OP90002121,深证100ETF沽12月3100,0.0,0.0,0.0,0.0,20,0.2942,0.2991,50,0.2795,0.288,0.0,0.0,0.0,0.0,90
2023-05-10 09:47:29,OP90002121,深证100ETF沽12月3100,0.0,0.0,0.0,0.0,20,0.2942,0.2991,50,0.2795,0.288,0.0,0.0,0.0,0.0,90
2023-05-10 09:47:39,OP90002121,深证100ETF沽12月3100,0.0,0.0,0.0,0.0,20,0.2942,0.2991,50,0.2795,0.288,0.0,0.0,0.0,0.0,90
2023-05-10 09:47:41,OP90002121,深证100ETF沽12月3100,0.0,0.0,0.0,0.0,20,0.2942,0.2991,60,0.2795,0.288,0.0,0.0,0.0,0.0,90
2023-05-10 09:47:42,OP90002121,深证100ETF沽12月3100,0.0,0.0,0.0,0.0,20,0.2942,0.2991,50,0.2795,0.288,0.0,0.0,0.0,0.0,90
2023-05-10 09:47:42,OP90002121,深证100ETF沽12月3100,0.0,0.0,0.0,0.0,20,0.2942,0.2991,50,0.2795,0.288,0.0,0.0,0.0,0.0,90
2023-05-10 09:47:43,OP90002121,深证100ETF沽12月3100,0.0,0.0,0.0,0.0,20,0.2942,0.2991,50,0.2795,0.288,0.0,0.0,0.0,0.0,90
2023-05-10 09:47:48,OP90002121,深证100ETF沽12月3100,0.0,0.0,0.0,0.0,20,0.2942,0.2991,50,0.2795,0.288,0.0,0.0,0.0,0.0,90
2023-05-10 09:47:50,OP90002121,深证100ETF沽12月3100,0.0,0.0,0.0,0.0,20,0.2942,0.2991,50,0.2795,0.288,0.0,0.0,0.0,0.0,90
2023-05-10 09:47:52,OP90002121,深证100ETF沽12月3100,0.0,0.0,0.0,0.0,20,0.2942,0.2991,50,0.2795,0.288,0.0,0.0,0.0,0.0,90
2023-05-10 09:47:52,OP90002121,深证100ETF沽12月3100,0.0,0.0,0.0,0.0,20,0.2942,0.2991,50,0.2795,0.288,0.0,0.0,0.0,0.0,90
2023-05-10 09:47:53,OP90002121,深证100ETF沽12月3100,0.0,0.0,0.0,0.0,20,0.2942,0.2991,50,0.2795,0.288,0.0,0.0,0.0,0.0,90
2023-05-10 09:47:53,OP90002121,深证100ETF沽12月3100,0.0,0.0,0.0,0.0,20,0.2942,0.2983,20,0.2795,0.288,0.0,0.0,0.0,0.0,90
2023-05-10 09:47:54,OP90002121,深证100ETF沽12月3100,0.0,0.0,0.0,0.0,20,0.2942,0.2983,50,0.2795,0.288,0.0,0.0,0.0,0.0,90
2023-05-10 09:47:57,OP90002121,深证100ETF沽12月3100,0.0,0.0,0.0,0.0,20,0.2942,0.2983,50,0.2795,0.288,0.0,0.0,0.0,0.0,90
2023-05-10 09:48:02,OP90002121,深证100ETF沽12月3100,0.0,0.0,0.0,0.0,20,0.2941,0.2983,50,0.2795,0.288,0.0,0.0,0.0,0.0,90
2023-05-10 09:48:03,OP90002121,深证100ETF沽12月3100,0.0,0.0,0.0,0.0,10,0.294,0.2983,70,0.2795,0.288,0.0,0.0,0.0,0.0,90
2023-05-10 09:48:03,OP90002121,深证100ETF沽12月3100,0.0,0.0,0.0,0.0,30,0.2934,0.2983,70,0.2795,0.288,0.0,0.0,0.0,0.0,90
2023-05-10 09:48:04,OP90002121,深证100ETF沽12月3100,0.0,0.0,0.0,0.0,20,0.2934,0.2983,70,0.2795,0.288,0.0,0.0,0.0,0.0,90
2023-05-10 09:48:05,OP90002121,深证100ETF沽12月3100,0.0,0.0,0.0,0.0,20,0.2934,0.2983,70,0.2795,0.288,0.0,0.0,0.0,0.0,90
2023-05-10 09:48:08,OP90002121,深证100ETF沽12月3100,0.0,0.0,0.0,0.0,20,0.2934,0.2983,70,0.2795,0.288,0.0,0.0,0.0,0.0,90
2023-05-10 09:48:09,OP90002121,深证100ETF沽12月3100,0.0,0.0,0.0,0.0,20,0.2934,0.2982,20,0.2795,0.288,0.0,0.0,0.0,0.0,90
2023-05-10 09:48:10,OP90002121,深证100ETF沽12月3100,0.0,0.0,0.0,0.0,20,0.2934,0.2982,30,0.2795,0.288,0.0,0.0,0.0,0.0,90
2023-05-10 09:48:10,OP90002121,深证100ETF沽12月3100,0.0,0.0,0.0,0.0,20,0.2934,0.2982,30,0.2795,0.288,0.0,0.0,0.0,0.0,90
2023-05-10 09:48:11,OP90002121,深证100ETF沽12月3100,0.0,0.0,0.0,0.0,20,0.2934,0.2982,30,0.2795,0.288,0.0,0.0,0.0,0.0,90
2023-05-10 09:48:11,OP90002121,深证100ETF沽12月3100,0.0,0.0,0.0,0.0,20,0.2934,0.2982,30,0.2795,0.288,0.0,0.0,0.0,0.0,90
2023-05-10 09:48:12,OP90002121,深证100ETF沽12月3100,0.0,0.0,0.0,0.0,20,0.2934,0.2972,20,0.2795,0.288,0.0,0.0,0.0,0.0,90
2023-05-10 09:48:12,OP90002121,深证100ETF沽12月3100,0.0,0.0,0.0,0.0,20,0.2934,0.2972,50,0.2795,0.288,0.0,0.0,0.0,0.0,90
2023-05-10 09:48:13,OP90002121,深证100ETF沽12月3100,0.0,0.0,0.0,0.0,20,0.2934,0.2972,50,0.2795,0.288,0.0,0.0,0.0,0.0,90
2023-05-10 09:48:15,OP90002121,深证100ETF沽12月3100,0.0,0.0,0.0,0.0,20,0.2934,0.2972,50,0.2795,0.288,0.0,0.0,0.0,0.0,90
2023-05-10 09:48:19,OP90002121,深证100ETF沽12月3100,0.0,0.0,0.0,0.0,20,0.2929,0.2972,50,0.2795,0.288,0.0,0.0,0.0,0.0,90
2023-05-10 09:48:20,OP90002121,深证100ETF沽12月3100,0.0,0.0,0.0,0.0,30,0.2921,0.2972,50,0.2795,0.288,0.0,0.0,0.0,0.0,90
2023-05-10 09:48:20,OP90002121,深证100ETF沽12月3100,0.0,0.0,0.0,0.0,20,0.2921,0.2972,50,0.2795,0.288,0.0,0.0,0.0,0.0,90
2023-05-10 09:48:21,OP90002121,深证100ETF沽12月3100,0.0,0.0,0.0,0.0,40,0.2921,0.2972,70,0.2795,0.288,0.0,0.0,0.0,0.0,90
2023-05-10 09:48:21,OP90002121,深证100ETF沽12月3100,0.0,0.0,0.0,0.0,40,0.2921,0.2972,70,0.2795,0.288,0.0,0.0,0.0,0.0,90
2023-05-10 09:48:23,OP90002121,深证100ETF沽12月3100,0.0,0.0,0.0,0.0,20,0.2933,0.2972,70,0.2795,0.288,0.0,0.0,0.0,0.0,90
2023-05-10 09:48:24,OP90002121,深证100ETF沽12月3100,0.0,0.0,0.0,0.0,20,0.2933,0.2972,70,0.2795,0.288,0.0,0.0,0.0,0.0,90
2023-05-10 09:48:26,OP90002121,深证100ETF沽12月3100,0.0,0.0,0.0,0.0,20,0.2933,0.2972,70,0.2795,0.288,0.0,0.0,0.0,0.0,90
2023-05-10 09:48:26,OP90002121,深证100ETF沽12月3100,0.0,0.0,0.0,0.0,20,0.2933,0.2972,70,0.2795,0.288,0.0,0.0,0.0,0.0,90
2023-05-10 09:48:28,OP90002121,深证100ETF沽12月3100,0.0,0.0,0.0,0.0,20,0.2933,0.2972,70,0.2795,0.288,0.0,0.0,0.0,0.0,90
2023-05-10 09:48:30,OP90002121,深证100ETF沽12月3100,0.0,0.0,0.0,0.0,20,0.2933,0.2972,70,0.2795,0.288,0.0,0.0,0.0,0.0,90
2023-05-10 09:48:35,OP90002121,深证100ETF沽12月3100,0.0,0.0,0.0,0.0,40,0.2933,0.2972,50,0.2795,0.288,0.0,0.0,0.0,0.0,90
2023-05-10 09:48:36,OP90002121,深证100ETF沽12月3100,0.0,0.0,0.0,0.0,40,0.2933,0.2972,50,0.2795,0.288,0.0,0.0,0.0,0.0,90
2023-05-10 09:48:37,OP90002121,深证100ETF沽12月3100,0.0,0.0,0.0,0.0,20,0.2933,0.2972,50,0.2795,0.288,0.0,0.0,0.0,0.0,90
2023-05-10 09:48:38,OP90002121,深证100ETF沽12月3100,0.0,0.0,0.0,0.0,20,0.2921,0.2972,50,0.2795,0.288,0.0,0.0,0.0,0.0,90
2023-05-10 09:48:38,OP90002121,深证100ETF沽12月3100,0.0,0.0,0.0,0.0,20,0.2921,0.2972,70,0.2795,0.288,0.0,0.0,0.0,0.0,90
2023-05-10 09:48:39,OP90002121,深证100ETF沽12月3100,0.0,0.0,0.0,0.0,40,0.2921,0.2972,70,0.2795,0.288,0.0,0.0,0.0,0.0,90
2023-05-10 09:48:44,OP90002121,深证100ETF沽12月3100,0.0,0.0,0.0,0.0,40,0.2921,0.2972,70,0.2795,0.288,0.0,0.0,0.0,0.0,90
2023-05-10 09:48:47,OP90002121,深证100ETF沽12月3100,0.0,0.0,0.0,0.0,40,0.2921,0.2972,70,0.2795,0.288,0.0,0.0,0.0,0.0,90
2023-05-10 09:48:50,OP90002121,深证100ETF沽12月3100,0.0,0.0,0.0,0.0,20,0.2921,0.2972,70,0.2795,0.288,0.0,0.0,0.0,0.0,90
2023-05-10 09:48:52,OP90002121,深证100ETF沽12月3100,0.0,0.0,0.0,0.0,20,0.2921,0.2972,70,0.2795,0.288,0.0,0.0,0.0,0.0,90
2023-05-10 09:48:53,OP90002121,深证100ETF沽12月3100,0.0,0.0,0.0,0.0,20,0.2921,0.2972,70,0.2795,0.288,0.0,0.0,0.0,0.0,90
2023-05-10 09:48:54,OP90002121,深证100ETF沽12月3100,0.0,0.0,0.0,0.0,20,0.2921,0.2972,70,0.2795,0.288,0.0,0.0,0.0,0.0,90
2023-05-10 09:48:56,OP90002121,深证100ETF沽12月3100,0.0,0.0,0.0,0.0,40,0.2921,0.2972,70,0.2795,0.288,0.0,0.0,0.0,0.0,90
2023-05-10 09:48:58,OP90002121,深证100ETF沽12月3100,0.0,0.0,0.0,0.0,40,0.2921,0.2972,70,0.2795,0.288,0.0,0.0,0.0,0.0,90
2023-05-10 09:48:58,OP90002121,深证100ETF沽12月3100,0.0,0.0,0.0,0.0,40,0.2921,0.2972,80,0.2795,0.288,0.0,0.0,0.0,0.0,90
2023-05-10 09:48:59,OP90002121,深证100ETF沽12月3100,0.0,0.0,0.0,0.0,20,0.2921,0.2972,80,0.2795,0.288,0.0,0.0,0.0,0.0,90
2023-05-10 09:48:59,OP90002121,深证100ETF沽12月3100,0.0,0.0,0.0,0.0,30,0.2916,0.2972,50,0.2795,0.288,0.0,0.0,0.0,0.0,90
2023-05-10 09:49:00,OP90002121,深证100ETF沽12月3100,0.0,0.0,0.0,0.0,30,0.2916,0.2972,70,0.2795,0.288,0.0,0.0,0.0,0.0,90
2023-05-10 09:49:00,OP90002121,深证100ETF沽12月3100,0.0,0.0,0.0,0.0,10,0.2916,0.2972,70,0.2795,0.288,0.0,0.0,0.0,0.0,90
2023-05-10 09:49:01,OP90002121,深证100ETF沽12月3100,0.0,0.0,0.0,0.0,10,0.2916,0.2972,70,0.2795,0.288,0.0,0.0,0.0,0.0,90
2023-05-10 09:49:01,OP90002121,深证100ETF沽12月3100,0.0,0.0,0.0,0.0,10,0.2916,0.2972,70,0.2795,0.288,0.0,0.0,0.0,0.0,90
2023-05-10 09:49:02,OP90002121,深证100ETF沽12月3100,0.0,0.0,0.0,0.0,10,0.2916,0.2972,70,0.2795,0.288,0.0,0.0,0.0,0.0,90
2023-05-10 09:49:03,OP90002121,深证100ETF沽12月3100,0.0,0.0,0.0,0.0,10,0.2916,0.2972,50,0.2795,0.288,0.0,0.0,0.0,0.0,90
2023-05-10 09:49:03,OP90002121,深证100ETF沽12月3100,0.0,0.0,0.0,0.0,10,0.2916,0.2972,50,0.2795,0.288,0.0,0.0,0.0,0.0,90
2023-05-10 09:49:04,OP90002121,深证100ETF沽12月3100,0.0,0.0,0.0,0.0,10,0.2916,0.2972,50,0.2795,0.288,0.0,0.0,0.0,0.0,90
2023-05-10 09:49:04,OP90002121,深证100ETF沽12月3100,0.0,0.0,0.0,0.0,10,0.2916,0.2972,50,0.2795,0.288,0.0,0.0,0.0,0.0,90
2023-05-10 09:49:05,OP90002121,深证100ETF沽12月3100,0.0,0.0,0.0,0.0,10,0.2916,0.2972,50,0.2795,0.288,0.0,0.0,0.0,0.0,90
2023-05-10 09:49:05,OP90002121,深证100ETF沽12月3100,0.0,0.0,0.0,0.0,10,0.2916,0.2972,50,0.2795,0.288,0.0,0.0,0.0,0.0,90
2023-05-10 09:49:06,OP90002121,深证100ETF沽12月3100,0.0,0.0,0.0,0.0,10,0.2916,0.2972,50,0.2795,0.288,0.0,0.0,0.0,0.0,90
2023-05-10 09:49:07,OP90002121,深证100ETF沽12月3100,0.0,0.0,0.0,0.0,10,0.2916,0.2972,50,0.2795,0.288,0.0,0.0,0.0,0.0,90
2023-05-10 09:49:07,OP90002121,深证100ETF沽12月3100,0.0,0.0,0.0,0.0,10,0.2916,0.2972,50,0.2795,0.288,0.0,0.0,0.0,0.0,90
2023-05-10 09:49:08,OP90002121,深证100ETF沽12月3100,0.0,0.0,0.0,0.0,10,0.2916,0.2972,50,0.2795,0.288,0.0,0.0,0.0,0.0,90
2023-05-10 09:49:08,OP90002121,深证100ETF沽12月3100,0.0,0.0,0.0,0.0,10,0.2916,0.2972,50,0.2795,0.288,0.0,0.0,0.0,0.0,90
2023-05-10 09:49:09,OP90002121,深证100ETF沽12月3100,0.0,0.0,0.0,0.0,10,0.2916,0.2972,50,0.2795,0.288,0.0,0.0,0.0,0.0,90
2023-05-10 09:49:10,OP90002121,深证100ETF沽12月3100,0.0,0.0,0.0,0.0,10,0.2916,0.2972,50,0.2795,0.288,0.0,0.0,0.0,0.0,90
2023-05-10 09:49:11,OP90002121,深证100ETF沽12月3100,0.0,0.0,0.0,0.0,10,0.2916,0.2972,50,0.2795,0.288,0.0,0.0,0.0,0.0,90
2023-05-10 09:49:11,OP90002121,深证100ETF沽12月3100,0.0,0.0,0.0,0.0,11,0.2916,0.2972,50,0.2795,0.288,0.0,0.0,0.0,0.0,90
2023-05-10 09:49:12,OP90002121,深证100ETF沽12月3100,0.0,0.0,0.0,0.0,1,0.2917,0.2972,50,0.2795,0.288,0.0,0.0,0.0,0.0,90
2023-05-10 09:49:12,OP90002121,深证100ETF沽12月3100,0.0,0.0,0.0,0.0,1,0.2917,0.2972,50,0.2795,0.288,0.0,0.0,0.0,0.0,90
2023-05-10 09:49:13,OP90002121,深证100ETF沽12月3100,0.0,0.0,0.0,0.0,1,0.2917,0.2972,50,0.2795,0.288,0.0,0.0,0.0,0.0,90
2023-05-10 09:49:13,OP90002121,深证100ETF沽12月3100,0.0,0.0,0.0,0.0,3,0.2918,0.2972,50,0.2795,0.288,0.0,0.0,0.0,0.0,90
2023-05-10 09:49:14,OP90002121,深证100ETF沽12月3100,0.0,0.0,0.0,0.0,3,0.2918,0.2972,50,0.2795,0.288,0.0,0.0,0.0,0.0,90
2023-05-10 09:49:14,OP90002121,深证100ETF沽12月3100,0.0,0.0,0.0,0.0,3,0.2918,0.2972,50,0.2795,0.288,0.0,0.0,0.0,0.0,90
2023-05-10 09:49:15,OP90002121,深证100ETF沽12月3100,0.0,0.0,0.0,0.0,3,0.2918,0.2972,30,0.2795,0.288,0.0,0.0,0.0,0.0,90
2023-05-10 09:49:15,OP90002121,深证100ETF沽12月3100,0.0,0.0,0.0,0.0,3,0.2918,0.2961,20,0.2795,0.288,0.0,0.0,0.0,0.0,90
2023-05-10 09:49:16,OP90002121,深证100ETF沽12月3100,0.0,0.0,0.0,0.0,3,0.2918,0.2961,50,0.2795,0.288,0.0,0.0,0.0,0.0,90
2023-05-10 09:49:16,OP90002121,深证100ETF沽12月3100,0.0,0.0,0.0,0.0,3,0.2918,0.2961,50,0.2795,0.288,0.0,0.0,0.0,0.0,90
2023-05-10 09:49:20,OP90002121,深证100ETF沽12月3100,0.0,0.0,0.0,0.0,3,0.2918,0.2961,50,0.2795,0.288,0.0,0.0,0.0,0.0,90
2023-05-10 09:49:20,OP90002121,深证100ETF沽12月3100,0.0,0.0,0.0,0.0,3,0.2918,0.2961,50,0.2795,0.288,0.0,0.0,0.0,0.0,90
2023-05-10 09:49:22,OP90002121,深证100ETF沽12月3100,0.0,0.0,0.0,0.0,3,0.2918,0.2961,50,0.2795,0.288,0.0,0.0,0.0,0.0,90
2023-05-10 09:49:23,OP90002121,深证100ETF沽12月3100,0.0,0.0,0.0,0.0,3,0.2918,0.2961,50,0.2795,0.288,0.0,0.0,0.0,0.0,90
2023-05-10 09:49:24,OP90002121,深证100ETF沽12月3100,0.0,0.0,0.0,0.0,3,0.2918,0.2961,50,0.2795,0.288,0.0,0.0,0.0,0.0,90
2023-05-10 09:49:24,OP90002121,深证100ETF沽12月3100,0.0,0.0,0.0,0.0,3,0.2918,0.2961,50,0.2795,0.288,0.0,0.0,0.0,0.0,90
2023-05-10 09:49:27,OP90002121,深证100ETF沽12月3100,0.0,0.0,0.0,0.0,20,0.2916,0.2961,50,0.2795,0.288,0.0,0.0,0.0,0.0,90
2023-05-10 09:49:27,OP90002121,深证100ETF沽12月3100,0.0,0.0,0.0,0.0,10,0.2916,0.2961,50,0.2795,0.288,0.0,0.0,0.0,0.0,90
2023-05-10 09:49:28,OP90002121,深证100ETF沽12月3100,0.0,0.0,0.0,0.0,10,0.2916,0.2961,50,0.2795,0.288,0.0,0.0,0.0,0.0,90
2023-05-10 09:49:28,OP90002121,深证100ETF沽12月3100,0.0,0.0,0.0,0.0,10,0.2916,0.2961,70,0.2795,0.288,0.0,0.0,0.0,0.0,90
2023-05-10 09:49:29,OP90002121,深证100ETF沽12月3100,0.0,0.0,0.0,0.0,10,0.2916,0.2961,50,0.2795,0.288,0.0,0.0,0.0,0.0,90
2023-05-10 09:49:29,OP90002121,深证100ETF沽12月3100,0.0,0.0,0.0,0.0,10,0.2916,0.2961,70,0.2795,0.288,0.0,0.0,0.0,0.0,90
2023-05-10 09:49:30,OP90002121,深证100ETF沽12月3100,0.0,0.0,0.0,0.0,10,0.2916,0.2961,50,0.2795,0.288,0.0,0.0,0.0,0.0,90
2023-05-10 09:49:30,OP90002121,深证100ETF沽12月3100,0.0,0.0,0.0,0.0,10,0.2916,0.2961,50,0.2795,0.288,0.0,0.0,0.0,0.0,90
2023-05-10 09:49:31,OP90002121,深证100ETF沽12月3100,0.0,0.0,0.0,0.0,10,0.2916,0.2961,70,0.2795,0.288,0.0,0.0,0.0,0.0,90
2023-05-10 09:49:31,OP90002121,深证100ETF沽12月3100,0.0,0.0,0.0,0.0,10,0.2916,0.2961,50,0.2795,0.288,0.0,0.0,0.0,0.0,90
2023-05-10 09:49:32,OP90002121,深证100ETF沽12月3100,0.0,0.0,0.0,0.0,10,0.2916,0.2961,50,0.2795,0.288,0.0,0.0,0.0,0.0,90
2023-05-10 09:49:35,OP90002121,深证100ETF沽12月3100,0.0,0.0,0.0,0.0,10,0.2916,0.2961,50,0.2795,0.288,0.0,0.0,0.0,0.0,90
2023-05-10 09:49:35,OP90002121,深证100ETF沽12月3100,0.0,0.0,0.0,0.0,10,0.2916,0.2961,50,0.2795,0.288,0.0,0.0,0.0,0.0,90
2023-05-10 09:49:36,OP90002121,深证100ETF沽12月3100,0.0,0.0,0.0,0.0,10,0.2916,0.2961,50,0.2795,0.288,0.0,0.0,0.0,0.0,90
2023-05-10 09:49:36,OP90002121,深证100ETF沽12月3100,0.0,0.0,0.0,0.0,10,0.2916,0.2961,50,0.2795,0.288,0.0,0.0,0.0,0.0,90
2023-05-10 09:49:37,OP90002121,深证100ETF沽12月3100,0.0,0.0,0.0,0.0,10,0.2916,0.2961,50,0.2795,0.288,0.0,0.0,0.0,0.0,90
2023-05-10 09:49:48,OP90002121,深证100ETF沽12月3100,0.0,0.0,0.0,0.0,10,0.2916,0.2961,70,0.2795,0.288,0.0,0.0,0.0,0.0,90
2023-05-10 09:49:48,OP90002121,深证100ETF沽12月3100,0.0,0.0,0.0,0.0,10,0.2916,0.2961,70,0.2795,0.288,0.0,0.0,0.0,0.0,90
2023-05-10 09:49:51,OP90002121,深证100ETF沽12月3100,0.0,0.0,0.0,0.0,10,0.2916,0.2961,90,0.2795,0.288,0.0,0.0,0.0,0.0,90
2023-05-10 09:49:52,OP90002121,深证100ETF沽12月3100,0.0,0.0,0.0,0.0,10,0.2916,0.2961,70,0.2795,0.288,0.0,0.0,0.0,0.0,90
2023-05-10 09:49:52,OP90002121,深证100ETF沽12月3100,0.0,0.0,0.0,0.0,10,0.2916,0.2961,90,0.2795,0.288,0.0,0.0,0.0,0.0,90
2023-05-10 09:49:53,OP90002121,深证100ETF沽12月3100,0.0,0.0,0.0,0.0,10,0.2916,0.2961,70,0.2795,0.288,0.0,0.0,0.0,0.0,90
2023-05-10 09:49:53,OP90002121,深证100ETF沽12月3100,0.0,0.0,0.0,0.0,10,0.2916,0.2961,90,0.2795,0.288,0.0,0.0,0.0,0.0,90
2023-05-10 09:49:54,OP90002121,深证100ETF沽12月3100,0.0,0.0,0.0,0.0,10,0.2916,0.2961,70,0.2795,0.288,0.0,0.0,0.0,0.0,90
2023-05-10 09:49:54,OP90002121,深证100ETF沽12月3100,0.0,0.0,0.0,0.0,10,0.2916,0.2961,70,0.2795,0.288,0.0,0.0,0.0,0.0,90
2023-05-10 09:49:55,OP90002121,深证100ETF沽12月3100,0.0,0.0,0.0,0.0,10,0.2916,0.2961,90,0.2795,0.288,0.0,0.0,0.0,0.0,90
2023-05-10 09:50:01,OP90002121,深证100ETF沽12月3100,0.0,0.0,0.0,0.0,10,0.2916,0.2961,90,0.2795,0.288,0.0,0.0,0.0,0.0,90
2023-05-10 09:50:02,OP90002121,深证100ETF沽12月3100,0.0,0.0,0.0,0.0,10,0.2916,0.2961,70,0.2795,0.288,0.0,0.0,0.0,0.0,90
2023-05-10 09:50:03,OP90002121,深证100ETF沽12月3100,0.0,0.0,0.0,0.0,10,0.2916,0.2961,90,0.2795,0.288,0.0,0.0,0.0,0.0,90
2023-05-10 09:50:03,OP90002121,深证100ETF沽12月3100,0.0,0.0,0.0,0.0,10,0.2916,0.2961,70,0.2795,0.288,0.0,0.0,0.0,0.0,90
2023-05-10 09:50:04,OP90002121,深证100ETF沽12月3100,0.0,0.0,0.0,0.0,10,0.2916,0.2961,90,0.2795,0.288,0.0,0.0,0.0,0.0,90
2023-05-10 09:50:04,OP90002121,深证100ETF沽12月3100,0.0,0.0,0.0,0.0,10,0.2916,0.2961,70,0.2795,0.288,0.0,0.0,0.0,0.0,90
2023-05-10 09:50:05,OP90002121,深证100ETF沽12月3100,0.0,0.0,0.0,0.0,10,0.2916,0.2961,90,0.2795,0.288,0.0,0.0,0.0,0.0,90
2023-05-10 09:50:05,OP90002121,深证100ETF沽12月3100,0.0,0.0,0.0,0.0,10,0.2916,0.2961,70,0.2795,0.288,0.0,0.0,0.0,0.0,90
2023-05-10 09:50:06,OP90002121,深证100ETF沽12月3100,0.0,0.0,0.0,0.0,10,0.2916,0.2961,90,0.2795,0.288,0.0,0.0,0.0,0.0,90
2023-05-10 09:50:07,OP90002121,深证100ETF沽12月3100,0.0,0.0,0.0,0.0,10,0.2916,0.2961,70,0.2795,0.288,0.0,0.0,0.0,0.0,90
2023-05-10 09:50:07,OP90002121,深证100ETF沽12月3100,0.0,0.0,0.0,0.0,10,0.2916,0.2961,90,0.2795,0.288,0.0,0.0,0.0,0.0,90
2023-05-10 09:50:08,OP90002121,深证100ETF沽12月3100,0.0,0.0,0.0,0.0,10,0.2916,0.2961,90,0.2795,0.288,0.0,0.0,0.0,0.0,90
2023-05-10 09:50:08,OP90002121,深证100ETF沽12月3100,0.0,0.0,0.0,0.0,10,0.2916,0.2961,70,0.2795,0.288,0.0,0.0,0.0,0.0,90
2023-05-10 09:50:09,OP90002121,深证100ETF沽12月3100,0.0,0.0,0.0,0.0,10,0.2916,0.2961,90,0.2795,0.288,0.0,0.0,0.0,0.0,90
2023-05-10 09:50:09,OP90002121,深证100ETF沽12月3100,0.0,0.0,0.0,0.0,10,0.2916,0.2961,90,0.2795,0.288,0.0,0.0,0.0,0.0,90
2023-05-10 09:50:14,OP90002121,深证100ETF沽12月3100,0.0,0.0,0.0,0.0,10,0.2916,0.2951,20,0.2795,0.288,0.0,0.0,0.0,0.0,90
2023-05-10 09:50:14,OP90002121,深证100ETF沽12月3100,0.0,0.0,0.0,0.0,10,0.2903,0.2951,50,0.2795,0.288,0.0,0.0,0.0,0.0,90
2023-05-10 09:50:15,OP90002121,深证100ETF沽12月3100,0.0,0.0,0.0,0.0,10,0.2901,0.2951,70,0.2795,0.288,0.0,0.0,0.0,0.0,90
2023-05-10 09:50:15,OP90002121,深证100ETF沽12月3100,0.0,0.0,0.0,0.0,10,0.2901,0.2951,50,0.2795,0.288,0.0,0.0,0.0,0.0,90
2023-05-10 09:50:16,OP90002121,深证100ETF沽12月3100,0.0,0.0,0.0,0.0,10,0.2894,0.294,20,0.2795,0.288,0.0,0.0,0.0,0.0,90
2023-05-10 09:50:16,OP90002121,深证100ETF沽12月3100,0.0,0.0,0.0,0.0,14,0.2895,0.294,50,0.2795,0.288,0.0,0.0,0.0,0.0,90
2023-05-10 09:50:17,OP90002121,深证100ETF沽12月3100,0.0,0.0,0.0,0.0,14,0.2895,0.294,50,0.2795,0.288,0.0,0.0,0.0,0.0,90
2023-05-10 09:50:17,OP90002121,深证100ETF沽12月3100,0.0,0.0,0.0,0.0,14,0.2895,0.294,70,0.2795,0.288,0.0,0.0,0.0,0.0,90
2023-05-10 09:50:18,OP90002121,深证100ETF沽12月3100,0.0,0.0,0.0,0.0,13,0.2895,0.294,70,0.2795,0.288,0.0,0.0,0.0,0.0,90
2023-05-10 09:50:19,OP90002121,深证100ETF沽12月3100,0.0,0.0,0.0,0.0,13,0.2895,0.294,70,0.2795,0.288,0.0,0.0,0.0,0.0,90
2023-05-10 09:50:19,OP90002121,深证100ETF沽12月3100,0.0,0.0,0.0,0.0,13,0.2895,0.294,70,0.2795,0.288,0.0,0.0,0.0,0.0,90
2023-05-10 09:50:20,OP90002121,深证100ETF沽12月3100,0.0,0.0,0.0,0.0,13,0.2895,0.294,70,0.2795,0.288,0.0,0.0,0.0,0.0,90
2023-05-10 09:50:20,OP90002121,深证100ETF沽12月3100,0.0,0.0,0.0,0.0,7,0.2895,0.294,70,0.2795,0.288,0.0,0.0,0.0,0.0,90
2023-05-10 09:50:21,OP90002121,深证100ETF沽12月3100,0.0,0.0,0.0,0.0,7,0.2895,0.294,70,0.2795,0.288,0.0,0.0,0.0,0.0,90
2023-05-10 09:50:23,OP90002121,深证100ETF沽12月3100,0.0,0.0,0.0,0.0,10,0.2893,0.294,70,0.2795,0.288,0.0,0.0,0.0,0.0,90
2023-05-10 09:50:24,OP90002121,深证100ETF沽12月3100,0.0,0.0,0.0,0.0,10,0.2893,0.294,70,0.2795,0.288,0.0,0.0,0.0,0.0,90
2023-05-10 09:50:25,OP90002121,深证100ETF沽12月3100,0.0,0.0,0.0,0.0,10,0.2893,0.294,70,0.2795,0.288,0.0,0.0,0.0,0.0,90
2023-05-10 09:50:25,OP90002121,深证100ETF沽12月3100,0.0,0.0,0.0,0.0,10,0.2893,0.294,70,0.2795,0.288,0.0,0.0,0.0,0.0,90
2023-05-10 09:50:26,OP90002121,深证100ETF沽12月3100,0.0,0.0,0.0,0.0,10,0.2893,0.294,70,0.2795,0.288,0.0,0.0,0.0,0.0,90
2023-05-10 09:50:27,OP90002121,深证100ETF沽12月3100,0.0,0.0,0.0,0.0,10,0.2893,0.294,70,0.2795,0.288,0.0,0.0,0.0,0.0,90
2023-05-10 09:50:27,OP90002121,深证100ETF沽12月3100,0.0,0.0,0.0,0.0,10,0.2893,0.294,70,0.2795,0.288,0.0,0.0,0.0,0.0,90
2023-05-10 09:50:30,OP90002121,深证100ETF沽12月3100,0.0,0.0,0.0,0.0,10,0.2893,0.294,70,0.2795,0.288,0.0,0.0,0.0,0.0,90
2023-05-10 09:50:34,OP90002121,深证100ETF沽12月3100,0.0,0.0,0.0,0.0,10,0.2893,0.294,70,0.2795,0.288,0.0,0.0,0.0,0.0,90
2023-05-10 09:50:37,OP90002121,深证100ETF沽12月3100,0.0,0.0,0.0,0.0,10,0.2893,0.294,70,0.2795,0.288,0.0,0.0,0.0,0.0,90
2023-05-10 09:50:40,OP90002121,深证100ETF沽12月3100,0.0,0.0,0.0,0.0,10,0.2893,0.294,50,0.2795,0.288,0.0,0.0,0.0,0.0,90
2023-05-10 09:50:41,OP90002121,深证100ETF沽12月3100,0.0,0.0,0.0,0.0,10,0.2893,0.294,50,0.2795,0.288,0.0,0.0,0.0,0.0,90
2023-05-10 09:50:41,OP90002121,深证100ETF沽12月3100,0.0,0.0,0.0,0.0,10,0.2893,0.294,50,0.2795,0.288,0.0,0.0,0.0,0.0,90
2023-05-10 09:50:42,OP90002121,深证100ETF沽12月3100,0.0,0.0,0.0,0.0,10,0.2893,0.294,50,0.2795,0.288,0.0,0.0,0.0,0.0,90
2023-05-10 09:50:46,OP90002121,深证100ETF沽12月3100,0.0,0.0,0.0,0.0,10,0.2893,0.294,50,0.2795,0.288,0.0,0.0,0.0,0.0,90
2023-05-10 09:50:46,OP90002121,深证100ETF沽12月3100,0.0,0.0,0.0,0.0,10,0.2893,0.294,70,0.2795,0.288,0.0,0.0,0.0,0.0,90
2023-05-10 09:50:47,OP90002121,深证100ETF沽12月3100,0.0,0.0,0.0,0.0,10,0.2893,0.294,50,0.2795,0.288,0.0,0.0,0.0,0.0,90
2023-05-10 09:50:47,OP90002121,深证100ETF沽12月3100,0.0,0.0,0.0,0.0,10,0.2893,0.294,50,0.2795,0.288,0.0,0.0,0.0,0.0,90
2023-05-10 09:50:48,OP90002121,深证100ETF沽12月3100,0.0,0.0,0.0,0.0,10,0.2893,0.294,70,0.2795,0.288,0.0,0.0,0.0,0.0,90
2023-05-10 09:50:48,OP90002121,深证100ETF沽12月3100,0.0,0.0,0.0,0.0,10,0.2893,0.294,70,0.2795,0.288,0.0,0.0,0.0,0.0,90
2023-05-10 09:50:49,OP90002121,深证100ETF沽12月3100,0.0,0.0,0.0,0.0,10,0.2893,0.294,50,0.2795,0.288,0.0,0.0,0.0,0.0,90
2023-05-10 09:50:49,OP90002121,深证100ETF沽12月3100,0.0,0.0,0.0,0.0,10,0.2893,0.294,70,0.2795,0.288,0.0,0.0,0.0,0.0,90
2023-05-10 09:50:50,OP90002121,深证100ETF沽12月3100,0.0,0.0,0.0,0.0,10,0.2893,0.294,50,0.2795,0.288,0.0,0.0,0.0,0.0,90
2023-05-10 09:50:50,OP90002121,深证100ETF沽12月3100,0.0,0.0,0.0,0.0,10,0.2893,0.294,70,0.2795,0.288,0.0,0.0,0.0,0.0,90
2023-05-10 09:50:51,OP90002121,深证100ETF沽12月3100,0.0,0.0,0.0,0.0,10,0.2893,0.294,50,0.2795,0.288,0.0,0.0,0.0,0.0,90
2023-05-10 09:50:51,OP90002121,深证100ETF沽12月3100,0.0,0.0,0.0,0.0,10,0.2893,0.294,50,0.2795,0.288,0.0,0.0,0.0,0.0,90
2023-05-10 09:50:52,OP90002121,深证100ETF沽12月3100,0.0,0.0,0.0,0.0,10,0.2893,0.294,50,0.2795,0.288,0.0,0.0,0.0,0.0,90
2023-05-10 09:50:52,OP90002121,深证100ETF沽12月3100,0.0,0.0,0.0,0.0,10,0.2893,0.294,50,0.2795,0.288,0.0,0.0,0.0,0.0,90
2023-05-10 09:50:53,OP90002121,深证100ETF沽12月3100,0.0,0.0,0.0,0.0,10,0.2893,0.294,50,0.2795,0.288,0.0,0.0,0.0,0.0,90
2023-05-10 09:50:53,OP90002121,深证100ETF沽12月3100,0.0,0.0,0.0,0.0,10,0.2893,0.294,50,0.2795,0.288,0.0,0.0,0.0,0.0,90
2023-05-10 09:51:00,OP90002121,深证100ETF沽12月3100,0.0,0.0,0.0,0.0,10,0.2893,0.294,50,0.2795,0.288,0.0,0.0,0.0,0.0,90
2023-05-10 09:51:00,OP90002121,深证100ETF沽12月3100,0.0,0.0,0.0,0.0,10,0.2893,0.294,50,0.2795,0.288,0.0,0.0,0.0,0.0,90
2023-05-10 09:51:01,OP90002121,深证100ETF沽12月3100,0.0,0.0,0.0,0.0,10,0.2893,0.294,50,0.2795,0.288,0.0,0.0,0.0,0.0,90
2023-05-10 09:51:01,OP90002121,深证100ETF沽12月3100,0.0,0.0,0.0,0.0,10,0.2893,0.294,50,0.2795,0.288,0.0,0.0,0.0,0.0,90
2023-05-10 09:51:02,OP90002121,深证100ETF沽12月3100,0.0,0.0,0.0,0.0,10,0.2893,0.294,50,0.2795,0.288,0.0,0.0,0.0,0.0,90
2023-05-10 09:51:02,OP90002121,深证100ETF沽12月3100,0.0,0.0,0.0,0.0,10,0.2893,0.294,50,0.2795,0.288,0.0,0.0,0.0,0.0,90
2023-05-10 09:51:03,OP90002121,深证100ETF沽12月3100,0.0,0.0,0.0,0.0,10,0.2893,0.294,50,0.2795,0.288,0.0,0.0,0.0,0.0,90
2023-05-10 09:51:04,OP90002121,深证100ETF沽12月3100,0.0,0.0,0.0,0.0,10,0.2893,0.294,50,0.2795,0.288,0.0,0.0,0.0,0.0,90
2023-05-10 09:51:04,OP90002121,深证100ETF沽12月3100,0.0,0.0,0.0,0.0,10,0.2893,0.294,50,0.2795,0.288,0.0,0.0,0.0,0.0,90
2023-05-10 09:51:05,OP90002121,深证100ETF沽12月3100,0.0,0.0,0.0,0.0,10,0.2893,0.294,50,0.2795,0.288,0.0,0.0,0.0,0.0,90
2023-05-10 09:51:05,OP90002121,深证100ETF沽12月3100,0.0,0.0,0.0,0.0,10,0.2893,0.294,50,0.2795,0.288,0.0,0.0,0.0,0.0,90
2023-05-10 09:51:06,OP90002121,深证100ETF沽12月3100,0.0,0.0,0.0,0.0,10,0.2893,0.294,50,0.2795,0.288,0.0,0.0,0.0,0.0,90
2023-05-10 09:51:10,OP90002121,深证100ETF沽12月3100,0.0,0.0,0.0,0.0,10,0.2893,0.294,50,0.2795,0.288,0.0,0.0,0.0,0.0,90
2023-05-10 09:51:14,OP90002121,深证100ETF沽12月3100,0.0,0.0,0.0,0.0,11,0.2893,0.294,50,0.2795,0.288,0.0,0.0,0.0,0.0,90
2023-05-10 09:51:15,OP90002121,深证100ETF沽12月3100,0.0,0.0,0.0,0.0,15,0.2893,0.294,50,0.2795,0.288,0.0,0.0,0.0,0.0,90
2023-05-10 09:51:17,OP90002121,深证100ETF沽12月3100,0.0,0.0,0.0,0.0,15,0.2893,0.294,50,0.2795,0.288,0.0,0.0,0.0,0.0,90
2023-05-10 09:51:18,OP90002121,深证100ETF沽12月3100,0.0,0.0,0.0,0.0,5,0.2893,0.294,50,0.2795,0.288,0.0,0.0,0.0,0.0,90
2023-05-10 09:51:19,OP90002121,深证100ETF沽12月3100,0.0,0.0,0.0,0.0,4,0.2893,0.294,50,0.2795,0.288,0.0,0.0,0.0,0.0,90
2023-05-10 09:51:20,OP90002121,深证100ETF沽12月3100,0.0,0.0,0.0,0.0,4,0.2893,0.294,50,0.2795,0.288,0.0,0.0,0.0,0.0,90
2023-05-10 09:51:21,OP90002121,深证100ETF沽12月3100,0.0,0.0,0.0,0.0,4,0.2893,0.294,50,0.2795,0.288,0.0,0.0,0.0,0.0,90
2023-05-10 09:51:22,OP90002121,深证100ETF沽12月3100,0.0,0.0,0.0,0.0,4,0.2893,0.294,50,0.2795,0.288,0.0,0.0,0.0,0.0,90
2023-05-10 09:51:27,OP90002121,深证100ETF沽12月3100,0.0,0.0,0.0,0.0,30,0.289,0.294,50,0.2795,0.288,0.0,0.0,0.0,0.0,90
2023-05-10 09:51:28,OP90002121,深证100ETF沽12月3100,0.0,0.0,0.0,0.0,10,0.289,0.294,70,0.2795,0.288,0.0,0.0,0.0,0.0,90
2023-05-10 09:51:28,OP90002121,深证100ETF沽12月3100,0.0,0.0,0.0,0.0,50,0.2885,0.294,50,0.2795,0.288,0.0,0.0,0.0,0.0,90
2023-05-10 09:51:29,OP90002121,深证100ETF沽12月3100,0.0,0.0,0.0,0.0,36,0.2885,0.294,50,0.2795,0.288,0.0,0.0,0.0,0.0,90
2023-05-10 09:51:29,OP90002121,深证100ETF沽12月3100,0.0,0.0,0.0,0.0,27,0.2885,0.294,70,0.2795,0.288,0.0,0.0,0.0,0.0,90
2023-05-10 09:51:31,OP90002121,深证100ETF沽12月3100,0.0,0.0,0.0,0.0,27,0.2885,0.294,70,0.2795,0.288,0.0,0.0,0.0,0.0,90
2023-05-10 09:51:32,OP90002121,深证100ETF沽12月3100,0.0,0.0,0.0,0.0,21,0.2885,0.294,70,0.2795,0.288,0.0,0.0,0.0,0.0,90
2023-05-10 09:51:33,OP90002121,深证100ETF沽12月3100,0.0,0.0,0.0,0.0,21,0.2885,0.294,70,0.2795,0.288,0.0,0.0,0.0,0.0,90
2023-05-10 09:51:34,OP90002121,深证100ETF沽12月3100,0.0,0.0,0.0,0.0,20,0.2885,0.294,70,0.2795,0.288,0.0,0.0,0.0,0.0,90
2023-05-10 09:51:37,OP90002121,深证100ETF沽12月3100,0.0,0.0,0.0,0.0,20,0.2885,0.294,70,0.2795,0.288,0.0,0.0,0.0,0.0,90
2023-05-10 09:51:38,OP90002121,深证100ETF沽12月3100,0.0,0.0,0.0,0.0,20,0.2885,0.294,70,0.2795,0.288,0.0,0.0,0.0,0.0,90
2023-05-10 09:51:41,OP90002121,深证100ETF沽12月3100,0.0,0.0,0.0,0.0,20,0.2885,0.294,70,0.2795,0.288,0.0,0.0,0.0,0.0,90
2023-05-10 09:51:43,OP90002121,深证100ETF沽12月3100,0.0,0.0,0.0,0.0,20,0.2885,0.294,70,0.2795,0.288,0.0,0.0,0.0,0.0,90
2023-05-10 09:51:45,OP90002121,深证100ETF沽12月3100,0.0,0.0,0.0,0.0,20,0.2885,0.294,70,0.2795,0.288,0.0,0.0,0.0,0.0,90
2023-05-10 09:51:54,OP90002121,深证100ETF沽12月3100,0.0,0.0,0.0,0.0,20,0.2885,0.294,70,0.2795,0.288,0.0,0.0,0.0,0.0,90
2023-05-10 09:51:55,OP90002121,深证100ETF沽12月3100,0.0,0.0,0.0,0.0,20,0.2885,0.294,70,0.2795,0.288,0.0,0.0,0.0,0.0,90
2023-05-10 09:51:59,OP90002121,深证100ETF沽12月3100,0.0,0.0,0.0,0.0,20,0.2885,0.294,70,0.2795,0.288,0.0,0.0,0.0,0.0,90
2023-05-10 09:52:00,OP90002121,深证100ETF沽12月3100,0.0,0.0,0.0,0.0,20,0.2885,0.294,70,0.2795,0.288,0.0,0.0,0.0,0.0,90
2023-05-10 09:52:02,OP90002121,深证100ETF沽12月3100,0.0,0.0,0.0,0.0,20,0.2885,0.294,70,0.2795,0.288,0.0,0.0,0.0,0.0,90
2023-05-10 09:52:08,OP90002121,深证100ETF沽12月3100,0.0,0.0,0.0,0.0,20,0.2885,0.294,70,0.2795,0.288,0.0,0.0,0.0,0.0,90
2023-05-10 09:52:10,OP90002121,深证100ETF沽12月3100,0.0,0.0,0.0,0.0,20,0.2885,0.294,70,0.2795,0.288,0.0,0.0,0.0,0.0,90
2023-05-10 09:52:10,OP90002121,深证100ETF沽12月3100,0.0,0.0,0.0,0.0,20,0.2885,0.294,70,0.2795,0.288,0.0,0.0,0.0,0.0,90
2023-05-10 09:52:12,OP90002121,深证100ETF沽12月3100,0.0,0.0,0.0,0.0,20,0.2885,0.294,70,0.2795,0.288,0.0,0.0,0.0,0.0,90
2023-05-10 09:52:14,OP90002121,深证100ETF沽12月3100,0.0,0.0,0.0,0.0,20,0.2885,0.294,70,0.2795,0.288,0.0,0.0,0.0,0.0,90
2023-05-10 09:52:15,OP90002121,深证100ETF沽12月3100,0.0,0.0,0.0,0.0,20,0.2885,0.294,70,0.2795,0.288,0.0,0.0,0.0,0.0,90
2023-05-10 09:52:16,OP90002121,深证100ETF沽12月3100,0.0,0.0,0.0,0.0,20,0.2885,0.294,70,0.2795,0.288,0.0,0.0,0.0,0.0,90
2023-05-10 09:52:17,OP90002121,深证100ETF沽12月3100,0.0,0.0,0.0,0.0,20,0.2885,0.294,70,0.2795,0.288,0.0,0.0,0.0,0.0,90
2023-05-10 09:52:18,OP90002121,深证100ETF沽12月3100,0.0,0.0,0.0,0.0,20,0.2885,0.294,70,0.2795,0.288,0.0,0.0,0.0,0.0,90
2023-05-10 09:52:19,OP90002121,深证100ETF沽12月3100,0.0,0.0,0.0,0.0,20,0.2885,0.294,70,0.2795,0.288,0.0,0.0,0.0,0.0,90
2023-05-10 09:52:20,OP90002121,深证100ETF沽12月3100,0.0,0.0,0.0,0.0,24,0.2885,0.294,70,0.2795,0.288,0.0,0.0,0.0,0.0,90
2023-05-10 09:52:21,OP90002121,深证100ETF沽12月3100,0.0,0.0,0.0,0.0,24,0.2885,0.294,70,0.2795,0.288,0.0,0.0,0.0,0.0,90
2023-05-10 09:52:23,OP90002121,深证100ETF沽12月3100,0.0,0.0,0.0,0.0,24,0.2885,0.294,70,0.2795,0.288,0.0,0.0,0.0,0.0,90
2023-05-10 09:52:23,OP90002121,深证100ETF沽12月3100,0.0,0.0,0.0,0.0,44,0.2885,0.294,50,0.2795,0.288,0.0,0.0,0.0,0.0,90
2023-05-10 09:52:24,OP90002121,深证100ETF沽12月3100,0.0,0.0,0.0,0.0,54,0.2885,0.294,50,0.2795,0.288,0.0,0.0,0.0,0.0,90
2023-05-10 09:52:24,OP90002121,深证100ETF沽12月3100,0.0,0.0,0.0,0.0,54,0.2885,0.294,50,0.2795,0.288,0.0,0.0,0.0,0.0,90
2023-05-10 09:52:25,OP90002121,深证100ETF沽12月3100,0.0,0.0,0.0,0.0,1,0.2886,0.294,50,0.2795,0.288,0.0,0.0,0.0,0.0,90
2023-05-10 09:52:26,OP90002121,深证100ETF沽12月3100,0.0,0.0,0.0,0.0,1,0.2886,0.294,50,0.2795,0.288,0.0,0.0,0.0,0.0,90
2023-05-10 09:52:27,OP90002121,深证100ETF沽12月3100,0.0,0.0,0.0,0.0,8,0.2886,0.294,50,0.2795,0.288,0.0,0.0,0.0,0.0,90
2023-05-10 09:52:29,OP90002121,深证100ETF沽12月3100,0.0,0.0,0.0,0.0,18,0.2886,0.294,40,0.2795,0.288,0.0,0.0,0.0,0.0,90
2023-05-10 09:52:29,OP90002121,深证100ETF沽12月3100,0.0,0.0,0.0,0.0,18,0.2886,0.294,40,0.2795,0.288,0.0,0.0,0.0,0.0,90
2023-05-10 09:52:31,OP90002121,深证100ETF沽12月3100,0.0,0.0,0.0,0.0,18,0.2886,0.294,40,0.2795,0.288,0.0,0.0,0.0,0.0,90
2023-05-10 09:52:37,OP90002121,深证100ETF沽12月3100,0.0,0.0,0.0,0.0,18,0.2886,0.294,40,0.2795,0.288,0.0,0.0,0.0,0.0,90
2023-05-10 09:52:38,OP90002121,深证100ETF沽12月3100,0.0,0.0,0.0,0.0,18,0.2886,0.293,20,0.2795,0.288,0.0,0.0,0.0,0.0,90
2023-05-10 09:52:38,OP90002121,深证100ETF沽12月3100,0.0,0.0,0.0,0.0,38,0.2886,0.293,40,0.2795,0.288,0.0,0.0,0.0,0.0,90
2023-05-10 09:52:40,OP90002121,深证100ETF沽12月3100,0.0,0.0,0.0,0.0,38,0.2886,0.293,40,0.2795,0.288,0.0,0.0,0.0,0.0,90
2023-05-10 09:52:42,OP90002121,深证100ETF沽12月3100,0.0,0.0,0.0,0.0,28,0.2886,0.293,40,0.2795,0.288,0.0,0.0,0.0,0.0,90
2023-05-10 09:52:43,OP90002121,深证100ETF沽12月3100,0.0,0.0,0.0,0.0,21,0.2886,0.293,40,0.2795,0.288,0.0,0.0,0.0,0.0,90
2023-05-10 09:52:45,OP90002121,深证100ETF沽12月3100,0.0,0.0,0.0,0.0,20,0.2886,0.293,40,0.2795,0.288,0.0,0.0,0.0,0.0,90
2023-05-10 09:52:48,OP90002121,深证100ETF沽12月3100,0.0,0.0,0.0,0.0,20,0.2886,0.293,40,0.2795,0.288,0.0,0.0,0.0,0.0,90
2023-05-10 09:52:54,OP90002121,深证100ETF沽12月3100,0.0,0.0,0.0,0.0,20,0.2886,0.293,40,0.2795,0.288,0.0,0.0,0.0,0.0,90
2023-05-10 09:52:56,OP90002121,深证100ETF沽12月3100,0.0,0.0,0.0,0.0,30,0.2886,0.293,40,0.2795,0.288,0.0,0.0,0.0,0.0,90
2023-05-10 09:52:58,OP90002121,深证100ETF沽12月3100,0.0,0.0,0.0,0.0,30,0.2886,0.293,40,0.2795,0.288,0.0,0.0,0.0,0.0,90
2023-05-10 09:53:06,OP90002121,深证100ETF沽12月3100,0.0,0.0,0.0,0.0,30,0.2886,0.293,20,0.2795,0.288,0.0,0.0,0.0,0.0,90
2023-05-10 09:53:08,OP90002121,深证100ETF沽12月3100,0.0,0.0,0.0,0.0,30,0.2886,0.293,20,0.2795,0.288,0.0,0.0,0.0,0.0,90
2023-05-10 09:53:08,OP90002121,深证100ETF沽12月3100,0.0,0.0,0.0,0.0,4,0.2887,0.293,20,0.2795,0.288,0.0,0.0,0.0,0.0,90
2023-05-10 09:53:09,OP90002121,深证100ETF沽12月3100,0.0,0.0,0.0,0.0,14,0.2887,0.293,20,0.2795,0.288,0.0,0.0,0.0,0.0,90
2023-05-10 09:53:11,OP90002121,深证100ETF沽12月3100,0.0,0.0,0.0,0.0,1,0.2888,0.293,20,0.2795,0.288,0.0,0.0,0.0,0.0,90
2023-05-10 09:53:11,OP90002121,深证100ETF沽12月3100,0.0,0.0,0.0,0.0,11,0.2888,0.293,20,0.2795,0.288,0.0,0.0,0.0,0.0,90
2023-05-10 09:53:13,OP90002121,深证100ETF沽12月3100,0.0,0.0,0.0,0.0,12,0.2888,0.293,20,0.2795,0.288,0.0,0.0,0.0,0.0,90
2023-05-10 09:53:13,OP90002121,深证100ETF沽12月3100,0.0,0.0,0.0,0.0,13,0.2888,0.293,20,0.2795,0.288,0.0,0.0,0.0,0.0,90
2023-05-10 09:53:16,OP90002121,深证100ETF沽12月3100,0.0,0.0,0.0,0.0,33,0.2888,0.293,40,0.2795,0.288,0.0,0.0,0.0,0.0,90
2023-05-10 09:53:16,OP90002121,深证100ETF沽12月3100,0.0,0.0,0.0,0.0,33,0.2888,0.293,40,0.2795,0.288,0.0,0.0,0.0,0.0,90
