time,symbol_id,symbol_name,last,trade_volume,trade_amount,open_interest_change,bv1,bp1,ap1,av1,yesterday_close,today_open,today_high,today_low,volume,amount,open_interest
2023-05-10 08:30:04,OP90002179,深证100ETF购12月3300,0.0,0.0,0.0,-72.0,0,0.0,0.0,0,0.0412,0.0408,0.0,0.0,0.0,0.0,1166
2023-05-10 09:25:00,OP90002179,深证100ETF购12月3300,0.0,0.0,0.0,0.0,1,0.0405,0.042,1,0.0412,0.0408,0.0,0.0,0.0,0.0,1166
2023-05-10 09:30:00,OP90002179,深证100ETF购12月3300,0.0,0.0,0.0,0.0,1,0.0405,0.042,1,0.0412,0.0408,0.0,0.0,0.0,0.0,1166
2023-05-10 09:30:00,OP90002179,深证100ETF购12月3300,0.0,0.0,0.0,0.0,1,0.0405,0.0443,1,0.0412,0.0408,0.0,0.0,0.0,0.0,1166
2023-05-10 09:30:01,OP90002179,深证100ETF购12月3300,0.0,0.0,0.0,0.0,20,0.0388,0.0443,1,0.0412,0.0408,0.0,0.0,0.0,0.0,1166
2023-05-10 09:30:02,OP90002179,深证100ETF购12月3300,0.0,0.0,0.0,0.0,20,0.0388,0.0447,20,0.0412,0.0408,0.0,0.0,0.0,0.0,1166
2023-05-10 09:30:09,OP90002179,深证100ETF购12月3300,0.0,0.0,0.0,0.0,20,0.0388,0.0447,20,0.0412,0.0408,0.0,0.0,0.0,0.0,1166
2023-05-10 09:30:11,OP90002179,深证100ETF购12月3300,0.0,0.0,0.0,0.0,20,0.0388,0.0447,20,0.0412,0.0408,0.0,0.0,0.0,0.0,1166
2023-05-10 09:30:18,OP90002179,深证100ETF购12月3300,0.0,0.0,0.0,0.0,20,0.0395,0.0446,20,0.0412,0.0408,0.0,0.0,0.0,0.0,1166
2023-05-10 09:30:20,OP90002179,深证100ETF购12月3300,0.0,0.0,0.0,0.0,20,0.0393,0.0446,20,0.0412,0.0408,0.0,0.0,0.0,0.0,1166
2023-05-10 09:30:21,OP90002179,深证100ETF购12月3300,0.0,0.0,0.0,0.0,20,0.0391,0.0444,20,0.0412,0.0408,0.0,0.0,0.0,0.0,1166
2023-05-10 09:30:23,OP90002179,深证100ETF购12月3300,0.0,0.0,0.0,0.0,20,0.0393,0.0446,20,0.0412,0.0408,0.0,0.0,0.0,0.0,1166
2023-05-10 09:30:24,OP90002179,深证100ETF购12月3300,0.0,0.0,0.0,0.0,20,0.0393,0.0446,20,0.0412,0.0408,0.0,0.0,0.0,0.0,1166
2023-05-10 09:30:27,OP90002179,深证100ETF购12月3300,0.0,0.0,0.0,0.0,20,0.0391,0.0445,20,0.0412,0.0408,0.0,0.0,0.0,0.0,1166
2023-05-10 09:30:29,OP90002179,深证100ETF购12月3300,0.0,0.0,0.0,0.0,20,0.0389,0.0443,20,0.0412,0.0408,0.0,0.0,0.0,0.0,1166
2023-05-10 09:30:31,OP90002179,深证100ETF购12月3300,0.0,0.0,0.0,0.0,20,0.0389,0.0443,20,0.0412,0.0408,0.0,0.0,0.0,0.0,1166
2023-05-10 09:30:39,OP90002179,深证100ETF购12月3300,0.0,0.0,0.0,0.0,80,0.0388,0.0441,20,0.0412,0.0408,0.0,0.0,0.0,0.0,1166
2023-05-10 09:30:39,OP90002179,深证100ETF购12月3300,0.0,0.0,0.0,0.0,60,0.0388,0.0441,40,0.0412,0.0408,0.0,0.0,0.0,0.0,1166
2023-05-10 09:30:40,OP90002179,深证100ETF购12月3300,0.0,0.0,0.0,0.0,40,0.0388,0.0441,40,0.0412,0.0408,0.0,0.0,0.0,0.0,1166
2023-05-10 09:30:40,OP90002179,深证100ETF购12月3300,0.0,0.0,0.0,0.0,40,0.0388,0.0439,20,0.0412,0.0408,0.0,0.0,0.0,0.0,1166
2023-05-10 09:30:41,OP90002179,深证100ETF购12月3300,0.0,0.0,0.0,0.0,40,0.0388,0.0439,20,0.0412,0.0408,0.0,0.0,0.0,0.0,1166
2023-05-10 09:30:42,OP90002179,深证100ETF购12月3300,0.0,0.0,0.0,0.0,40,0.0388,0.0439,20,0.0412,0.0408,0.0,0.0,0.0,0.0,1166
2023-05-10 09:30:42,OP90002179,深证100ETF购12月3300,0.0,0.0,0.0,0.0,40,0.0388,0.0439,20,0.0412,0.0408,0.0,0.0,0.0,0.0,1166
2023-05-10 09:30:43,OP90002179,深证100ETF购12月3300,0.0,0.0,0.0,0.0,40,0.0388,0.0441,50,0.0412,0.0408,0.0,0.0,0.0,0.0,1166
2023-05-10 09:30:43,OP90002179,深证100ETF购12月3300,0.0,0.0,0.0,0.0,40,0.0388,0.0441,41,0.0412,0.0408,0.0,0.0,0.0,0.0,1166
2023-05-10 09:30:44,OP90002179,深证100ETF购12月3300,0.0,0.0,0.0,0.0,40,0.0388,0.0441,41,0.0412,0.0408,0.0,0.0,0.0,0.0,1166
2023-05-10 09:30:44,OP90002179,深证100ETF购12月3300,0.0,0.0,0.0,0.0,10,0.0405,0.0436,1,0.0412,0.0408,0.0,0.0,0.0,0.0,1166
2023-05-10 09:30:45,OP90002179,深证100ETF购12月3300,0.0,0.0,0.0,0.0,10,0.0405,0.0436,21,0.0412,0.0408,0.0,0.0,0.0,0.0,1166
2023-05-10 09:30:45,OP90002179,深证100ETF购12月3300,0.0,0.0,0.0,0.0,10,0.0405,0.0436,21,0.0412,0.0408,0.0,0.0,0.0,0.0,1166
2023-05-10 09:30:46,OP90002179,深证100ETF购12月3300,0.0,0.0,0.0,0.0,30,0.0391,0.0436,21,0.0412,0.0408,0.0,0.0,0.0,0.0,1166
2023-05-10 09:30:46,OP90002179,深证100ETF购12月3300,0.0,0.0,0.0,0.0,20,0.0391,0.0436,21,0.0412,0.0408,0.0,0.0,0.0,0.0,1166
2023-05-10 09:30:47,OP90002179,深证100ETF购12月3300,0.0,0.0,0.0,0.0,70,0.0388,0.0436,41,0.0412,0.0408,0.0,0.0,0.0,0.0,1166
2023-05-10 09:30:47,OP90002179,深证100ETF购12月3300,0.0,0.0,0.0,0.0,60,0.0388,0.0436,41,0.0412,0.0408,0.0,0.0,0.0,0.0,1166
2023-05-10 09:30:48,OP90002179,深证100ETF购12月3300,0.0,0.0,0.0,0.0,60,0.0388,0.0436,41,0.0412,0.0408,0.0,0.0,0.0,0.0,1166
2023-05-10 09:30:49,OP90002179,深证100ETF购12月3300,0.0,0.0,0.0,0.0,60,0.0388,0.0436,41,0.0412,0.0408,0.0,0.0,0.0,0.0,1166
2023-05-10 09:30:49,OP90002179,深证100ETF购12月3300,0.0,0.0,0.0,0.0,60,0.0388,0.0436,41,0.0412,0.0408,0.0,0.0,0.0,0.0,1166
2023-05-10 09:30:50,OP90002179,深证100ETF购12月3300,0.0,0.0,0.0,0.0,60,0.0388,0.0436,41,0.0412,0.0408,0.0,0.0,0.0,0.0,1166
2023-05-10 09:30:50,OP90002179,深证100ETF购12月3300,0.0,0.0,0.0,0.0,60,0.0388,0.0436,41,0.0412,0.0408,0.0,0.0,0.0,0.0,1166
2023-05-10 09:30:51,OP90002179,深证100ETF购12月3300,0.0,0.0,0.0,0.0,60,0.0388,0.0436,41,0.0412,0.0408,0.0,0.0,0.0,0.0,1166
2023-05-10 09:30:51,OP90002179,深证100ETF购12月3300,0.0,0.0,0.0,0.0,60,0.0388,0.0436,41,0.0412,0.0408,0.0,0.0,0.0,0.0,1166
2023-05-10 09:30:52,OP90002179,深证100ETF购12月3300,0.0,0.0,0.0,0.0,60,0.0388,0.0436,41,0.0412,0.0408,0.0,0.0,0.0,0.0,1166
2023-05-10 09:30:52,OP90002179,深证100ETF购12月3300,0.0,0.0,0.0,0.0,60,0.0388,0.0436,41,0.0412,0.0408,0.0,0.0,0.0,0.0,1166
2023-05-10 09:30:54,OP90002179,深证100ETF购12月3300,0.0,0.0,0.0,0.0,60,0.0388,0.0436,41,0.0412,0.0408,0.0,0.0,0.0,0.0,1166
2023-05-10 09:30:54,OP90002179,深证100ETF购12月3300,0.0,0.0,0.0,0.0,60,0.0388,0.0436,41,0.0412,0.0408,0.0,0.0,0.0,0.0,1166
2023-05-10 09:30:56,OP90002179,深证100ETF购12月3300,0.0,0.0,0.0,0.0,60,0.0388,0.0436,41,0.0412,0.0408,0.0,0.0,0.0,0.0,1166
2023-05-10 09:30:56,OP90002179,深证100ETF购12月3300,0.0,0.0,0.0,0.0,60,0.0388,0.0436,41,0.0412,0.0408,0.0,0.0,0.0,0.0,1166
2023-05-10 09:30:57,OP90002179,深证100ETF购12月3300,0.0,0.0,0.0,0.0,60,0.0388,0.0436,41,0.0412,0.0408,0.0,0.0,0.0,0.0,1166
2023-05-10 09:30:57,OP90002179,深证100ETF购12月3300,0.0,0.0,0.0,0.0,60,0.0388,0.0436,41,0.0412,0.0408,0.0,0.0,0.0,0.0,1166
2023-05-10 09:30:59,OP90002179,深证100ETF购12月3300,0.0,0.0,0.0,0.0,60,0.0388,0.0436,41,0.0412,0.0408,0.0,0.0,0.0,0.0,1166
2023-05-10 09:31:01,OP90002179,深证100ETF购12月3300,0.0,0.0,0.0,0.0,60,0.0388,0.0436,41,0.0412,0.0408,0.0,0.0,0.0,0.0,1166
2023-05-10 09:31:01,OP90002179,深证100ETF购12月3300,0.0,0.0,0.0,0.0,60,0.0388,0.0436,41,0.0412,0.0408,0.0,0.0,0.0,0.0,1166
2023-05-10 09:31:02,OP90002179,深证100ETF购12月3300,0.0,0.0,0.0,0.0,60,0.0388,0.0436,41,0.0412,0.0408,0.0,0.0,0.0,0.0,1166
2023-05-10 09:31:03,OP90002179,深证100ETF购12月3300,0.0,0.0,0.0,0.0,60,0.0388,0.0436,41,0.0412,0.0408,0.0,0.0,0.0,0.0,1166
2023-05-10 09:31:05,OP90002179,深证100ETF购12月3300,0.0,0.0,0.0,0.0,40,0.0388,0.0434,20,0.0412,0.0408,0.0,0.0,0.0,0.0,1166
2023-05-10 09:31:05,OP90002179,深证100ETF购12月3300,0.0,0.0,0.0,0.0,40,0.0388,0.0434,20,0.0412,0.0408,0.0,0.0,0.0,0.0,1166
2023-05-10 09:31:07,OP90002179,深证100ETF购12月3300,0.0,0.0,0.0,0.0,40,0.0388,0.0434,20,0.0412,0.0408,0.0,0.0,0.0,0.0,1166
2023-05-10 09:31:07,OP90002179,深证100ETF购12月3300,0.0,0.0,0.0,0.0,40,0.0388,0.0434,20,0.0412,0.0408,0.0,0.0,0.0,0.0,1166
2023-05-10 09:31:08,OP90002179,深证100ETF购12月3300,0.0,0.0,0.0,0.0,40,0.0388,0.0434,20,0.0412,0.0408,0.0,0.0,0.0,0.0,1166
2023-05-10 09:31:09,OP90002179,深证100ETF购12月3300,0.0,0.0,0.0,0.0,40,0.0388,0.0432,20,0.0412,0.0408,0.0,0.0,0.0,0.0,1166
2023-05-10 09:31:09,OP90002179,深证100ETF购12月3300,0.0,0.0,0.0,0.0,40,0.0388,0.0432,20,0.0412,0.0408,0.0,0.0,0.0,0.0,1166
2023-05-10 09:31:12,OP90002179,深证100ETF购12月3300,0.0,0.0,0.0,0.0,40,0.0388,0.0432,20,0.0412,0.0408,0.0,0.0,0.0,0.0,1166
2023-05-10 09:31:13,OP90002179,深证100ETF购12月3300,0.0,0.0,0.0,0.0,40,0.0388,0.0432,20,0.0412,0.0408,0.0,0.0,0.0,0.0,1166
2023-05-10 09:31:14,OP90002179,深证100ETF购12月3300,0.0,0.0,0.0,0.0,40,0.0388,0.0432,20,0.0412,0.0408,0.0,0.0,0.0,0.0,1166
2023-05-10 09:31:14,OP90002179,深证100ETF购12月3300,0.0,0.0,0.0,0.0,40,0.0388,0.0432,20,0.0412,0.0408,0.0,0.0,0.0,0.0,1166
2023-05-10 09:31:15,OP90002179,深证100ETF购12月3300,0.0,0.0,0.0,0.0,20,0.0388,0.0432,40,0.0412,0.0408,0.0,0.0,0.0,0.0,1166
2023-05-10 09:31:15,OP90002179,深证100ETF购12月3300,0.0,0.0,0.0,0.0,20,0.0388,0.0432,40,0.0412,0.0408,0.0,0.0,0.0,0.0,1166
2023-05-10 09:31:16,OP90002179,深证100ETF购12月3300,0.0,0.0,0.0,0.0,20,0.0388,0.0432,40,0.0412,0.0408,0.0,0.0,0.0,0.0,1166
2023-05-10 09:31:16,OP90002179,深证100ETF购12月3300,0.0,0.0,0.0,0.0,20,0.0388,0.0432,40,0.0412,0.0408,0.0,0.0,0.0,0.0,1166
2023-05-10 09:31:17,OP90002179,深证100ETF购12月3300,0.0,0.0,0.0,0.0,20,0.0388,0.0432,40,0.0412,0.0408,0.0,0.0,0.0,0.0,1166
2023-05-10 09:31:17,OP90002179,深证100ETF购12月3300,0.0,0.0,0.0,0.0,20,0.0388,0.0432,40,0.0412,0.0408,0.0,0.0,0.0,0.0,1166
2023-05-10 09:31:19,OP90002179,深证100ETF购12月3300,0.0,0.0,0.0,0.0,20,0.0388,0.0432,40,0.0412,0.0408,0.0,0.0,0.0,0.0,1166
2023-05-10 09:31:19,OP90002179,深证100ETF购12月3300,0.0,0.0,0.0,0.0,20,0.0388,0.0432,40,0.0412,0.0408,0.0,0.0,0.0,0.0,1166
2023-05-10 09:31:20,OP90002179,深证100ETF购12月3300,0.0,0.0,0.0,0.0,20,0.0388,0.043,20,0.0412,0.0408,0.0,0.0,0.0,0.0,1166
2023-05-10 09:31:20,OP90002179,深证100ETF购12月3300,0.0,0.0,0.0,0.0,20,0.0388,0.0432,50,0.0412,0.0408,0.0,0.0,0.0,0.0,1166
2023-05-10 09:31:21,OP90002179,深证100ETF购12月3300,0.0,0.0,0.0,0.0,20,0.0388,0.0432,40,0.0412,0.0408,0.0,0.0,0.0,0.0,1166
2023-05-10 09:31:21,OP90002179,深证100ETF购12月3300,0.0,0.0,0.0,0.0,20,0.0388,0.0432,40,0.0412,0.0408,0.0,0.0,0.0,0.0,1166
2023-05-10 09:31:23,OP90002179,深证100ETF购12月3300,0.0,0.0,0.0,0.0,20,0.0388,0.0432,40,0.0412,0.0408,0.0,0.0,0.0,0.0,1166
2023-05-10 09:31:23,OP90002179,深证100ETF购12月3300,0.0,0.0,0.0,0.0,20,0.0388,0.0432,40,0.0412,0.0408,0.0,0.0,0.0,0.0,1166
2023-05-10 09:31:24,OP90002179,深证100ETF购12月3300,0.0,0.0,0.0,0.0,20,0.0388,0.0432,40,0.0412,0.0408,0.0,0.0,0.0,0.0,1166
2023-05-10 09:31:25,OP90002179,深证100ETF购12月3300,0.0,0.0,0.0,0.0,20,0.0388,0.0432,40,0.0412,0.0408,0.0,0.0,0.0,0.0,1166
2023-05-10 09:31:26,OP90002179,深证100ETF购12月3300,0.0,0.0,0.0,0.0,20,0.0388,0.0432,40,0.0412,0.0408,0.0,0.0,0.0,0.0,1166
2023-05-10 09:31:26,OP90002179,深证100ETF购12月3300,0.0,0.0,0.0,0.0,20,0.0388,0.0432,40,0.0412,0.0408,0.0,0.0,0.0,0.0,1166
2023-05-10 09:31:27,OP90002179,深证100ETF购12月3300,0.0,0.0,0.0,0.0,20,0.0388,0.0432,40,0.0412,0.0408,0.0,0.0,0.0,0.0,1166
2023-05-10 09:31:27,OP90002179,深证100ETF购12月3300,0.0,0.0,0.0,0.0,20,0.0388,0.0432,41,0.0412,0.0408,0.0,0.0,0.0,0.0,1166
2023-05-10 09:31:28,OP90002179,深证100ETF购12月3300,0.0,0.0,0.0,0.0,20,0.0388,0.0432,41,0.0412,0.0408,0.0,0.0,0.0,0.0,1166
2023-05-10 09:31:28,OP90002179,深证100ETF购12月3300,0.0,0.0,0.0,0.0,30,0.0388,0.0418,1,0.0412,0.0408,0.0,0.0,0.0,0.0,1166
2023-05-10 09:31:29,OP90002179,深证100ETF购12月3300,0.0,0.0,0.0,0.0,30,0.0388,0.0418,1,0.0412,0.0408,0.0,0.0,0.0,0.0,1166
2023-05-10 09:31:29,OP90002179,深证100ETF购12月3300,0.0,0.0,0.0,0.0,30,0.0388,0.0418,1,0.0412,0.0408,0.0,0.0,0.0,0.0,1166
2023-05-10 09:31:30,OP90002179,深证100ETF购12月3300,0.0,0.0,0.0,0.0,30,0.0388,0.0418,1,0.0412,0.0408,0.0,0.0,0.0,0.0,1166
2023-05-10 09:31:30,OP90002179,深证100ETF购12月3300,0.0,0.0,0.0,0.0,30,0.0388,0.0418,1,0.0412,0.0408,0.0,0.0,0.0,0.0,1166
2023-05-10 09:31:31,OP90002179,深证100ETF购12月3300,0.0,0.0,0.0,0.0,30,0.0388,0.0418,1,0.0412,0.0408,0.0,0.0,0.0,0.0,1166
2023-05-10 09:31:31,OP90002179,深证100ETF购12月3300,0.0,0.0,0.0,0.0,30,0.0388,0.0418,1,0.0412,0.0408,0.0,0.0,0.0,0.0,1166
2023-05-10 09:31:32,OP90002179,深证100ETF购12月3300,0.0,0.0,0.0,0.0,30,0.0388,0.0418,1,0.0412,0.0408,0.0,0.0,0.0,0.0,1166
2023-05-10 09:31:32,OP90002179,深证100ETF购12月3300,0.0,0.0,0.0,0.0,30,0.0388,0.0418,1,0.0412,0.0408,0.0,0.0,0.0,0.0,1166
2023-05-10 09:31:33,OP90002179,深证100ETF购12月3300,0.0,0.0,0.0,0.0,30,0.0388,0.0418,1,0.0412,0.0408,0.0,0.0,0.0,0.0,1166
2023-05-10 09:31:33,OP90002179,深证100ETF购12月3300,0.0,0.0,0.0,0.0,30,0.0388,0.0418,1,0.0412,0.0408,0.0,0.0,0.0,0.0,1166
2023-05-10 09:31:34,OP90002179,深证100ETF购12月3300,0.0,0.0,0.0,0.0,30,0.0388,0.0418,1,0.0412,0.0408,0.0,0.0,0.0,0.0,1166
2023-05-10 09:31:34,OP90002179,深证100ETF购12月3300,0.0,0.0,0.0,0.0,30,0.0388,0.0418,1,0.0412,0.0408,0.0,0.0,0.0,0.0,1166
2023-05-10 09:31:35,OP90002179,深证100ETF购12月3300,0.0,0.0,0.0,0.0,30,0.0388,0.0418,1,0.0412,0.0408,0.0,0.0,0.0,0.0,1166
2023-05-10 09:31:35,OP90002179,深证100ETF购12月3300,0.0,0.0,0.0,0.0,30,0.0388,0.0418,1,0.0412,0.0408,0.0,0.0,0.0,0.0,1166
2023-05-10 09:31:36,OP90002179,深证100ETF购12月3300,0.0,0.0,0.0,0.0,30,0.0388,0.0418,1,0.0412,0.0408,0.0,0.0,0.0,0.0,1166
2023-05-10 09:31:37,OP90002179,深证100ETF购12月3300,0.0,0.0,0.0,0.0,30,0.0388,0.0418,1,0.0412,0.0408,0.0,0.0,0.0,0.0,1166
2023-05-10 09:31:37,OP90002179,深证100ETF购12月3300,0.0,0.0,0.0,0.0,30,0.0388,0.0418,1,0.0412,0.0408,0.0,0.0,0.0,0.0,1166
2023-05-10 09:31:38,OP90002179,深证100ETF购12月3300,0.0,0.0,0.0,0.0,30,0.0388,0.0418,1,0.0412,0.0408,0.0,0.0,0.0,0.0,1166
2023-05-10 09:31:38,OP90002179,深证100ETF购12月3300,0.0,0.0,0.0,0.0,30,0.0388,0.0417,1,0.0412,0.0408,0.0,0.0,0.0,0.0,1166
2023-05-10 09:31:39,OP90002179,深证100ETF购12月3300,0.0,0.0,0.0,0.0,30,0.0388,0.0417,1,0.0412,0.0408,0.0,0.0,0.0,0.0,1166
2023-05-10 09:31:39,OP90002179,深证100ETF购12月3300,0.0,0.0,0.0,0.0,30,0.0388,0.0417,1,0.0412,0.0408,0.0,0.0,0.0,0.0,1166
2023-05-10 09:31:40,OP90002179,深证100ETF购12月3300,0.0,0.0,0.0,0.0,30,0.0388,0.0417,1,0.0412,0.0408,0.0,0.0,0.0,0.0,1166
2023-05-10 09:31:40,OP90002179,深证100ETF购12月3300,0.0,0.0,0.0,0.0,30,0.0388,0.0417,1,0.0412,0.0408,0.0,0.0,0.0,0.0,1166
2023-05-10 09:31:41,OP90002179,深证100ETF购12月3300,0.0,0.0,0.0,0.0,30,0.0388,0.0417,1,0.0412,0.0408,0.0,0.0,0.0,0.0,1166
2023-05-10 09:31:41,OP90002179,深证100ETF购12月3300,0.0,0.0,0.0,0.0,30,0.0388,0.0417,1,0.0412,0.0408,0.0,0.0,0.0,0.0,1166
2023-05-10 09:31:42,OP90002179,深证100ETF购12月3300,0.0,0.0,0.0,0.0,30,0.0388,0.0417,1,0.0412,0.0408,0.0,0.0,0.0,0.0,1166
2023-05-10 09:31:42,OP90002179,深证100ETF购12月3300,0.0,0.0,0.0,0.0,30,0.0388,0.0417,1,0.0412,0.0408,0.0,0.0,0.0,0.0,1166
2023-05-10 09:31:43,OP90002179,深证100ETF购12月3300,0.0,0.0,0.0,0.0,30,0.0388,0.0417,1,0.0412,0.0408,0.0,0.0,0.0,0.0,1166
2023-05-10 09:31:44,OP90002179,深证100ETF购12月3300,0.0,0.0,0.0,0.0,30,0.0388,0.0417,1,0.0412,0.0408,0.0,0.0,0.0,0.0,1166
2023-05-10 09:31:44,OP90002179,深证100ETF购12月3300,0.0,0.0,0.0,0.0,30,0.0388,0.0417,1,0.0412,0.0408,0.0,0.0,0.0,0.0,1166
2023-05-10 09:31:45,OP90002179,深证100ETF购12月3300,0.0,0.0,0.0,0.0,30,0.0388,0.0417,1,0.0412,0.0408,0.0,0.0,0.0,0.0,1166
2023-05-10 09:31:46,OP90002179,深证100ETF购12月3300,0.0,0.0,0.0,0.0,30,0.0388,0.0417,1,0.0412,0.0408,0.0,0.0,0.0,0.0,1166
2023-05-10 09:31:46,OP90002179,深证100ETF购12月3300,0.0,0.0,0.0,0.0,10,0.0388,0.0417,1,0.0412,0.0408,0.0,0.0,0.0,0.0,1166
2023-05-10 09:31:47,OP90002179,深证100ETF购12月3300,0.0,0.0,0.0,0.0,10,0.0388,0.0417,1,0.0412,0.0408,0.0,0.0,0.0,0.0,1166
2023-05-10 09:31:47,OP90002179,深证100ETF购12月3300,0.0,0.0,0.0,0.0,10,0.0388,0.0417,1,0.0412,0.0408,0.0,0.0,0.0,0.0,1166
2023-05-10 09:31:48,OP90002179,深证100ETF购12月3300,0.0,0.0,0.0,0.0,10,0.0388,0.0417,1,0.0412,0.0408,0.0,0.0,0.0,0.0,1166
2023-05-10 09:31:48,OP90002179,深证100ETF购12月3300,0.0,0.0,0.0,0.0,10,0.0388,0.0417,1,0.0412,0.0408,0.0,0.0,0.0,0.0,1166
2023-05-10 09:31:49,OP90002179,深证100ETF购12月3300,0.0,0.0,0.0,0.0,10,0.0388,0.0417,1,0.0412,0.0408,0.0,0.0,0.0,0.0,1166
2023-05-10 09:31:49,OP90002179,深证100ETF购12月3300,0.0,0.0,0.0,0.0,10,0.0388,0.0417,1,0.0412,0.0408,0.0,0.0,0.0,0.0,1166
2023-05-10 09:31:50,OP90002179,深证100ETF购12月3300,0.0,0.0,0.0,0.0,10,0.0388,0.0417,1,0.0412,0.0408,0.0,0.0,0.0,0.0,1166
2023-05-10 09:31:50,OP90002179,深证100ETF购12月3300,0.0,0.0,0.0,0.0,10,0.0388,0.0417,1,0.0412,0.0408,0.0,0.0,0.0,0.0,1166
2023-05-10 09:31:51,OP90002179,深证100ETF购12月3300,0.0,0.0,0.0,0.0,10,0.0388,0.0417,1,0.0412,0.0408,0.0,0.0,0.0,0.0,1166
2023-05-10 09:31:52,OP90002179,深证100ETF购12月3300,0.0,0.0,0.0,0.0,10,0.0388,0.0417,1,0.0412,0.0408,0.0,0.0,0.0,0.0,1166
2023-05-10 09:31:52,OP90002179,深证100ETF购12月3300,0.0,0.0,0.0,0.0,10,0.0388,0.0417,1,0.0412,0.0408,0.0,0.0,0.0,0.0,1166
2023-05-10 09:31:53,OP90002179,深证100ETF购12月3300,0.0,0.0,0.0,0.0,10,0.0388,0.0417,1,0.0412,0.0408,0.0,0.0,0.0,0.0,1166
2023-05-10 09:31:53,OP90002179,深证100ETF购12月3300,0.0,0.0,0.0,0.0,10,0.0388,0.0417,1,0.0412,0.0408,0.0,0.0,0.0,0.0,1166
2023-05-10 09:31:54,OP90002179,深证100ETF购12月3300,0.0,0.0,0.0,0.0,10,0.0388,0.0417,1,0.0412,0.0408,0.0,0.0,0.0,0.0,1166
2023-05-10 09:31:57,OP90002179,深证100ETF购12月3300,0.0,0.0,0.0,0.0,30,0.0388,0.0417,1,0.0412,0.0408,0.0,0.0,0.0,0.0,1166
2023-05-10 09:31:58,OP90002179,深证100ETF购12月3300,0.0,0.0,0.0,0.0,30,0.0388,0.0417,1,0.0412,0.0408,0.0,0.0,0.0,0.0,1166
2023-05-10 09:31:58,OP90002179,深证100ETF购12月3300,0.0,0.0,0.0,0.0,30,0.0388,0.0417,1,0.0412,0.0408,0.0,0.0,0.0,0.0,1166
2023-05-10 09:31:59,OP90002179,深证100ETF购12月3300,0.0,0.0,0.0,0.0,30,0.0388,0.0417,1,0.0412,0.0408,0.0,0.0,0.0,0.0,1166
2023-05-10 09:31:59,OP90002179,深证100ETF购12月3300,0.0,0.0,0.0,0.0,30,0.0388,0.0417,1,0.0412,0.0408,0.0,0.0,0.0,0.0,1166
2023-05-10 09:32:00,OP90002179,深证100ETF购12月3300,0.0,0.0,0.0,0.0,30,0.0388,0.0417,1,0.0412,0.0408,0.0,0.0,0.0,0.0,1166
2023-05-10 09:32:00,OP90002179,深证100ETF购12月3300,0.0,0.0,0.0,0.0,50,0.0388,0.0417,1,0.0412,0.0408,0.0,0.0,0.0,0.0,1166
2023-05-10 09:32:01,OP90002179,深证100ETF购12月3300,0.0,0.0,0.0,0.0,50,0.0388,0.0416,1,0.0412,0.0408,0.0,0.0,0.0,0.0,1166
2023-05-10 09:32:01,OP90002179,深证100ETF购12月3300,0.0,0.0,0.0,0.0,50,0.0388,0.0416,1,0.0412,0.0408,0.0,0.0,0.0,0.0,1166
2023-05-10 09:32:02,OP90002179,深证100ETF购12月3300,0.0,0.0,0.0,0.0,30,0.0388,0.0416,1,0.0412,0.0408,0.0,0.0,0.0,0.0,1166
2023-05-10 09:32:02,OP90002179,深证100ETF购12月3300,0.0,0.0,0.0,0.0,30,0.0388,0.0416,1,0.0412,0.0408,0.0,0.0,0.0,0.0,1166
2023-05-10 09:32:03,OP90002179,深证100ETF购12月3300,0.0,0.0,0.0,0.0,50,0.0388,0.0416,1,0.0412,0.0408,0.0,0.0,0.0,0.0,1166
2023-05-10 09:32:03,OP90002179,深证100ETF购12月3300,0.0,0.0,0.0,0.0,50,0.0388,0.0416,1,0.0412,0.0408,0.0,0.0,0.0,0.0,1166
2023-05-10 09:32:04,OP90002179,深证100ETF购12月3300,0.0,0.0,0.0,0.0,30,0.0388,0.0416,1,0.0412,0.0408,0.0,0.0,0.0,0.0,1166
2023-05-10 09:32:04,OP90002179,深证100ETF购12月3300,0.0,0.0,0.0,0.0,30,0.0388,0.0416,1,0.0412,0.0408,0.0,0.0,0.0,0.0,1166
2023-05-10 09:32:05,OP90002179,深证100ETF购12月3300,0.0,0.0,0.0,0.0,30,0.0388,0.0416,1,0.0412,0.0408,0.0,0.0,0.0,0.0,1166
2023-05-10 09:32:05,OP90002179,深证100ETF购12月3300,0.0,0.0,0.0,0.0,50,0.0388,0.0416,1,0.0412,0.0408,0.0,0.0,0.0,0.0,1166
2023-05-10 09:32:06,OP90002179,深证100ETF购12月3300,0.0,0.0,0.0,0.0,50,0.0388,0.0416,1,0.0412,0.0408,0.0,0.0,0.0,0.0,1166
2023-05-10 09:32:06,OP90002179,深证100ETF购12月3300,0.0,0.0,0.0,0.0,30,0.0388,0.0416,1,0.0412,0.0408,0.0,0.0,0.0,0.0,1166
2023-05-10 09:32:07,OP90002179,深证100ETF购12月3300,0.0,0.0,0.0,0.0,10,0.0388,0.0416,1,0.0412,0.0408,0.0,0.0,0.0,0.0,1166
2023-05-10 09:32:07,OP90002179,深证100ETF购12月3300,0.0,0.0,0.0,0.0,10,0.0388,0.0416,1,0.0412,0.0408,0.0,0.0,0.0,0.0,1166
2023-05-10 09:32:08,OP90002179,深证100ETF购12月3300,0.0,0.0,0.0,0.0,10,0.0388,0.0416,1,0.0412,0.0408,0.0,0.0,0.0,0.0,1166
2023-05-10 09:32:08,OP90002179,深证100ETF购12月3300,0.0,0.0,0.0,0.0,10,0.0388,0.0416,1,0.0412,0.0408,0.0,0.0,0.0,0.0,1166
2023-05-10 09:32:09,OP90002179,深证100ETF购12月3300,0.0,0.0,0.0,0.0,10,0.0388,0.0416,1,0.0412,0.0408,0.0,0.0,0.0,0.0,1166
2023-05-10 09:32:09,OP90002179,深证100ETF购12月3300,0.0,0.0,0.0,0.0,10,0.0388,0.0416,1,0.0412,0.0408,0.0,0.0,0.0,0.0,1166
2023-05-10 09:32:11,OP90002179,深证100ETF购12月3300,0.0,0.0,0.0,0.0,10,0.0388,0.0415,1,0.0412,0.0408,0.0,0.0,0.0,0.0,1166
2023-05-10 09:32:12,OP90002179,深证100ETF购12月3300,0.0,0.0,0.0,0.0,10,0.0388,0.0415,1,0.0412,0.0408,0.0,0.0,0.0,0.0,1166
2023-05-10 09:32:12,OP90002179,深证100ETF购12月3300,0.0,0.0,0.0,0.0,10,0.0388,0.0415,1,0.0412,0.0408,0.0,0.0,0.0,0.0,1166
2023-05-10 09:32:21,OP90002179,深证100ETF购12月3300,0.0,0.0,0.0,0.0,10,0.0388,0.0414,1,0.0412,0.0408,0.0,0.0,0.0,0.0,1166
2023-05-10 09:32:22,OP90002179,深证100ETF购12月3300,0.0,0.0,0.0,0.0,10,0.0388,0.0414,1,0.0412,0.0408,0.0,0.0,0.0,0.0,1166
2023-05-10 09:32:22,OP90002179,深证100ETF购12月3300,0.0,0.0,0.0,0.0,10,0.0388,0.0414,1,0.0412,0.0408,0.0,0.0,0.0,0.0,1166
2023-05-10 09:32:23,OP90002179,深证100ETF购12月3300,0.0,0.0,0.0,0.0,10,0.0388,0.0414,1,0.0412,0.0408,0.0,0.0,0.0,0.0,1166
2023-05-10 09:32:23,OP90002179,深证100ETF购12月3300,0.0,0.0,0.0,0.0,30,0.0388,0.0414,1,0.0412,0.0408,0.0,0.0,0.0,0.0,1166
2023-05-10 09:32:24,OP90002179,深证100ETF购12月3300,0.0,0.0,0.0,0.0,50,0.0388,0.0414,1,0.0412,0.0408,0.0,0.0,0.0,0.0,1166
2023-05-10 09:32:24,OP90002179,深证100ETF购12月3300,0.0,0.0,0.0,0.0,50,0.0388,0.0414,1,0.0412,0.0408,0.0,0.0,0.0,0.0,1166
2023-05-10 09:32:31,OP90002179,深证100ETF购12月3300,0.0,0.0,0.0,0.0,50,0.0388,0.0414,1,0.0412,0.0408,0.0,0.0,0.0,0.0,1166
2023-05-10 09:32:31,OP90002179,深证100ETF购12月3300,0.0,0.0,0.0,0.0,3,0.0389,0.0414,1,0.0412,0.0408,0.0,0.0,0.0,0.0,1166
2023-05-10 09:32:32,OP90002179,深证100ETF购12月3300,0.0,0.0,0.0,0.0,3,0.0389,0.0414,1,0.0412,0.0408,0.0,0.0,0.0,0.0,1166
2023-05-10 09:32:32,OP90002179,深证100ETF购12月3300,0.0,0.0,0.0,0.0,3,0.0389,0.0414,1,0.0412,0.0408,0.0,0.0,0.0,0.0,1166
2023-05-10 09:32:33,OP90002179,深证100ETF购12月3300,0.0,0.0,0.0,0.0,30,0.0388,0.0414,1,0.0412,0.0408,0.0,0.0,0.0,0.0,1166
2023-05-10 09:32:33,OP90002179,深证100ETF购12月3300,0.0,0.0,0.0,0.0,53,0.0388,0.0414,1,0.0412,0.0408,0.0,0.0,0.0,0.0,1166
2023-05-10 09:32:34,OP90002179,深证100ETF购12月3300,0.0,0.0,0.0,0.0,53,0.0388,0.0414,1,0.0412,0.0408,0.0,0.0,0.0,0.0,1166
2023-05-10 09:32:34,OP90002179,深证100ETF购12月3300,0.0,0.0,0.0,0.0,53,0.0388,0.0414,1,0.0412,0.0408,0.0,0.0,0.0,0.0,1166
2023-05-10 09:32:35,OP90002179,深证100ETF购12月3300,0.0,0.0,0.0,0.0,33,0.0388,0.0414,1,0.0412,0.0408,0.0,0.0,0.0,0.0,1166
2023-05-10 09:32:35,OP90002179,深证100ETF购12月3300,0.0,0.0,0.0,0.0,53,0.0388,0.0414,1,0.0412,0.0408,0.0,0.0,0.0,0.0,1166
2023-05-10 09:32:38,OP90002179,深证100ETF购12月3300,0.0,0.0,0.0,0.0,50,0.0388,0.0414,1,0.0412,0.0408,0.0,0.0,0.0,0.0,1166
2023-05-10 09:32:39,OP90002179,深证100ETF购12月3300,0.0,0.0,0.0,0.0,30,0.0388,0.0414,1,0.0412,0.0408,0.0,0.0,0.0,0.0,1166
2023-05-10 09:32:39,OP90002179,深证100ETF购12月3300,0.0,0.0,0.0,0.0,30,0.0388,0.0414,1,0.0412,0.0408,0.0,0.0,0.0,0.0,1166
2023-05-10 09:32:40,OP90002179,深证100ETF购12月3300,0.0,0.0,0.0,0.0,30,0.0388,0.0414,1,0.0412,0.0408,0.0,0.0,0.0,0.0,1166
2023-05-10 09:32:40,OP90002179,深证100ETF购12月3300,0.0,0.0,0.0,0.0,33,0.0388,0.0414,1,0.0412,0.0408,0.0,0.0,0.0,0.0,1166
2023-05-10 09:32:41,OP90002179,深证100ETF购12月3300,0.0,0.0,0.0,0.0,33,0.0388,0.0414,1,0.0412,0.0408,0.0,0.0,0.0,0.0,1166
2023-05-10 09:32:41,OP90002179,深证100ETF购12月3300,0.0,0.0,0.0,0.0,30,0.0388,0.0414,1,0.0412,0.0408,0.0,0.0,0.0,0.0,1166
2023-05-10 09:32:43,OP90002179,深证100ETF购12月3300,0.0,0.0,0.0,0.0,30,0.0388,0.0414,1,0.0412,0.0408,0.0,0.0,0.0,0.0,1166
2023-05-10 09:32:43,OP90002179,深证100ETF购12月3300,0.0,0.0,0.0,0.0,30,0.0388,0.0414,1,0.0412,0.0408,0.0,0.0,0.0,0.0,1166
2023-05-10 09:32:44,OP90002179,深证100ETF购12月3300,0.0,0.0,0.0,0.0,30,0.0388,0.0414,1,0.0412,0.0408,0.0,0.0,0.0,0.0,1166
2023-05-10 09:32:44,OP90002179,深证100ETF购12月3300,0.0,0.0,0.0,0.0,30,0.0388,0.0414,1,0.0412,0.0408,0.0,0.0,0.0,0.0,1166
2023-05-10 09:32:45,OP90002179,深证100ETF购12月3300,0.0,0.0,0.0,0.0,30,0.0388,0.0414,1,0.0412,0.0408,0.0,0.0,0.0,0.0,1166
2023-05-10 09:32:46,OP90002179,深证100ETF购12月3300,0.0,0.0,0.0,0.0,30,0.0388,0.0414,1,0.0412,0.0408,0.0,0.0,0.0,0.0,1166
2023-05-10 09:32:46,OP90002179,深证100ETF购12月3300,0.0,0.0,0.0,0.0,10,0.0388,0.0414,1,0.0412,0.0408,0.0,0.0,0.0,0.0,1166
2023-05-10 09:32:47,OP90002179,深证100ETF购12月3300,0.0,0.0,0.0,0.0,10,0.0388,0.0414,1,0.0412,0.0408,0.0,0.0,0.0,0.0,1166
2023-05-10 09:32:47,OP90002179,深证100ETF购12月3300,0.0,0.0,0.0,0.0,10,0.0388,0.0414,1,0.0412,0.0408,0.0,0.0,0.0,0.0,1166
2023-05-10 09:32:48,OP90002179,深证100ETF购12月3300,0.0,0.0,0.0,0.0,10,0.0388,0.0414,1,0.0412,0.0408,0.0,0.0,0.0,0.0,1166
2023-05-10 09:32:48,OP90002179,深证100ETF购12月3300,0.0,0.0,0.0,0.0,10,0.0388,0.0414,1,0.0412,0.0408,0.0,0.0,0.0,0.0,1166
2023-05-10 09:32:49,OP90002179,深证100ETF购12月3300,0.0,0.0,0.0,0.0,10,0.0388,0.0414,1,0.0412,0.0408,0.0,0.0,0.0,0.0,1166
2023-05-10 09:32:49,OP90002179,深证100ETF购12月3300,0.0,0.0,0.0,0.0,13,0.0388,0.0414,1,0.0412,0.0408,0.0,0.0,0.0,0.0,1166
2023-05-10 09:32:50,OP90002179,深证100ETF购12月3300,0.0,0.0,0.0,0.0,13,0.0388,0.0414,1,0.0412,0.0408,0.0,0.0,0.0,0.0,1166
2023-05-10 09:32:57,OP90002179,深证100ETF购12月3300,0.0,0.0,0.0,0.0,23,0.0388,0.0414,11,0.0412,0.0408,0.0,0.0,0.0,0.0,1166
2023-05-10 09:32:57,OP90002179,深证100ETF购12月3300,0.0,0.0,0.0,0.0,13,0.0388,0.0414,1,0.0412,0.0408,0.0,0.0,0.0,0.0,1166
2023-05-10 09:32:58,OP90002179,深证100ETF购12月3300,0.0,0.0,0.0,0.0,23,0.0388,0.0414,11,0.0412,0.0408,0.0,0.0,0.0,0.0,1166
2023-05-10 09:32:58,OP90002179,深证100ETF购12月3300,0.0,0.0,0.0,0.0,13,0.0388,0.0414,1,0.0412,0.0408,0.0,0.0,0.0,0.0,1166
2023-05-10 09:32:59,OP90002179,深证100ETF购12月3300,0.0,0.0,0.0,0.0,23,0.0388,0.0414,11,0.0412,0.0408,0.0,0.0,0.0,0.0,1166
2023-05-10 09:32:59,OP90002179,深证100ETF购12月3300,0.0,0.0,0.0,0.0,13,0.0388,0.0414,1,0.0412,0.0408,0.0,0.0,0.0,0.0,1166
2023-05-10 09:33:00,OP90002179,深证100ETF购12月3300,0.0,0.0,0.0,0.0,23,0.0388,0.0414,11,0.0412,0.0408,0.0,0.0,0.0,0.0,1166
2023-05-10 09:33:00,OP90002179,深证100ETF购12月3300,0.0,0.0,0.0,0.0,13,0.0388,0.0414,1,0.0412,0.0408,0.0,0.0,0.0,0.0,1166
2023-05-10 09:33:01,OP90002179,深证100ETF购12月3300,0.0,0.0,0.0,0.0,23,0.0388,0.0414,11,0.0412,0.0408,0.0,0.0,0.0,0.0,1166
2023-05-10 09:33:01,OP90002179,深证100ETF购12月3300,0.0,0.0,0.0,0.0,13,0.0388,0.0414,1,0.0412,0.0408,0.0,0.0,0.0,0.0,1166
2023-05-10 09:33:02,OP90002179,深证100ETF购12月3300,0.0,0.0,0.0,0.0,23,0.0388,0.0414,11,0.0412,0.0408,0.0,0.0,0.0,0.0,1166
2023-05-10 09:33:02,OP90002179,深证100ETF购12月3300,0.0,0.0,0.0,0.0,13,0.0388,0.0414,1,0.0412,0.0408,0.0,0.0,0.0,0.0,1166
2023-05-10 09:33:03,OP90002179,深证100ETF购12月3300,0.0,0.0,0.0,0.0,23,0.0388,0.0414,11,0.0412,0.0408,0.0,0.0,0.0,0.0,1166
2023-05-10 09:33:03,OP90002179,深证100ETF购12月3300,0.0,0.0,0.0,0.0,13,0.0388,0.0414,1,0.0412,0.0408,0.0,0.0,0.0,0.0,1166
2023-05-10 09:33:04,OP90002179,深证100ETF购12月3300,0.0,0.0,0.0,0.0,23,0.0388,0.0414,11,0.0412,0.0408,0.0,0.0,0.0,0.0,1166
2023-05-10 09:33:04,OP90002179,深证100ETF购12月3300,0.0,0.0,0.0,0.0,13,0.0388,0.0414,1,0.0412,0.0408,0.0,0.0,0.0,0.0,1166
2023-05-10 09:33:05,OP90002179,深证100ETF购12月3300,0.0,0.0,0.0,0.0,23,0.0388,0.0414,11,0.0412,0.0408,0.0,0.0,0.0,0.0,1166
2023-05-10 09:33:05,OP90002179,深证100ETF购12月3300,0.0,0.0,0.0,0.0,13,0.0388,0.0417,1,0.0412,0.0408,0.0,0.0,0.0,0.0,1166
2023-05-10 09:33:06,OP90002179,深证100ETF购12月3300,0.0,0.0,0.0,0.0,23,0.0388,0.0417,11,0.0412,0.0408,0.0,0.0,0.0,0.0,1166
2023-05-10 09:33:06,OP90002179,深证100ETF购12月3300,0.0,0.0,0.0,0.0,13,0.0388,0.0417,1,0.0412,0.0408,0.0,0.0,0.0,0.0,1166
2023-05-10 09:33:07,OP90002179,深证100ETF购12月3300,0.0,0.0,0.0,0.0,23,0.0388,0.0417,11,0.0412,0.0408,0.0,0.0,0.0,0.0,1166
2023-05-10 09:33:07,OP90002179,深证100ETF购12月3300,0.0,0.0,0.0,0.0,13,0.0388,0.0417,1,0.0412,0.0408,0.0,0.0,0.0,0.0,1166
2023-05-10 09:33:08,OP90002179,深证100ETF购12月3300,0.0,0.0,0.0,0.0,23,0.0388,0.0417,11,0.0412,0.0408,0.0,0.0,0.0,0.0,1166
2023-05-10 09:33:08,OP90002179,深证100ETF购12月3300,0.0,0.0,0.0,0.0,23,0.0388,0.0417,1,0.0412,0.0408,0.0,0.0,0.0,0.0,1166
2023-05-10 09:33:09,OP90002179,深证100ETF购12月3300,0.0,0.0,0.0,0.0,23,0.0388,0.0417,11,0.0412,0.0408,0.0,0.0,0.0,0.0,1166
2023-05-10 09:33:09,OP90002179,深证100ETF购12月3300,0.0,0.0,0.0,0.0,33,0.0388,0.0417,1,0.0412,0.0408,0.0,0.0,0.0,0.0,1166
2023-05-10 09:33:10,OP90002179,深证100ETF购12月3300,0.0,0.0,0.0,0.0,53,0.0388,0.0417,11,0.0412,0.0408,0.0,0.0,0.0,0.0,1166
2023-05-10 09:33:10,OP90002179,深证100ETF购12月3300,0.0,0.0,0.0,0.0,43,0.0388,0.0417,1,0.0412,0.0408,0.0,0.0,0.0,0.0,1166
2023-05-10 09:33:11,OP90002179,深证100ETF购12月3300,0.0,0.0,0.0,0.0,53,0.0388,0.0417,11,0.0412,0.0408,0.0,0.0,0.0,0.0,1166
2023-05-10 09:33:11,OP90002179,深证100ETF购12月3300,0.0,0.0,0.0,0.0,43,0.0388,0.0417,1,0.0412,0.0408,0.0,0.0,0.0,0.0,1166
2023-05-10 09:33:12,OP90002179,深证100ETF购12月3300,0.0,0.0,0.0,0.0,53,0.0388,0.0417,11,0.0412,0.0408,0.0,0.0,0.0,0.0,1166
2023-05-10 09:33:12,OP90002179,深证100ETF购12月3300,0.0,0.0,0.0,0.0,43,0.0388,0.0417,1,0.0412,0.0408,0.0,0.0,0.0,0.0,1166
2023-05-10 09:33:13,OP90002179,深证100ETF购12月3300,0.0,0.0,0.0,0.0,53,0.0388,0.0417,11,0.0412,0.0408,0.0,0.0,0.0,0.0,1166
2023-05-10 09:33:13,OP90002179,深证100ETF购12月3300,0.0,0.0,0.0,0.0,43,0.0388,0.0417,1,0.0412,0.0408,0.0,0.0,0.0,0.0,1166
2023-05-10 09:33:14,OP90002179,深证100ETF购12月3300,0.0,0.0,0.0,0.0,53,0.0388,0.0417,11,0.0412,0.0408,0.0,0.0,0.0,0.0,1166
2023-05-10 09:33:14,OP90002179,深证100ETF购12月3300,0.0,0.0,0.0,0.0,43,0.0388,0.0417,1,0.0412,0.0408,0.0,0.0,0.0,0.0,1166
2023-05-10 09:33:15,OP90002179,深证100ETF购12月3300,0.0,0.0,0.0,0.0,53,0.0388,0.0417,11,0.0412,0.0408,0.0,0.0,0.0,0.0,1166
2023-05-10 09:33:15,OP90002179,深证100ETF购12月3300,0.0,0.0,0.0,0.0,43,0.0388,0.0417,1,0.0412,0.0408,0.0,0.0,0.0,0.0,1166
2023-05-10 09:33:16,OP90002179,深证100ETF购12月3300,0.0,0.0,0.0,0.0,53,0.0388,0.0417,11,0.0412,0.0408,0.0,0.0,0.0,0.0,1166
2023-05-10 09:33:16,OP90002179,深证100ETF购12月3300,0.0,0.0,0.0,0.0,43,0.0388,0.0417,1,0.0412,0.0408,0.0,0.0,0.0,0.0,1166
2023-05-10 09:33:17,OP90002179,深证100ETF购12月3300,0.0,0.0,0.0,0.0,53,0.0388,0.0417,11,0.0412,0.0408,0.0,0.0,0.0,0.0,1166
2023-05-10 09:33:17,OP90002179,深证100ETF购12月3300,0.0,0.0,0.0,0.0,43,0.0388,0.0417,1,0.0412,0.0408,0.0,0.0,0.0,0.0,1166
2023-05-10 09:33:18,OP90002179,深证100ETF购12月3300,0.0,0.0,0.0,0.0,53,0.0388,0.0417,11,0.0412,0.0408,0.0,0.0,0.0,0.0,1166
2023-05-10 09:33:18,OP90002179,深证100ETF购12月3300,0.0,0.0,0.0,0.0,43,0.0388,0.0417,1,0.0412,0.0408,0.0,0.0,0.0,0.0,1166
2023-05-10 09:33:19,OP90002179,深证100ETF购12月3300,0.0,0.0,0.0,0.0,53,0.0388,0.0417,11,0.0412,0.0408,0.0,0.0,0.0,0.0,1166
2023-05-10 09:33:19,OP90002179,深证100ETF购12月3300,0.0,0.0,0.0,0.0,63,0.0388,0.0417,1,0.0412,0.0408,0.0,0.0,0.0,0.0,1166
2023-05-10 09:33:20,OP90002179,深证100ETF购12月3300,0.0,0.0,0.0,0.0,73,0.0388,0.0417,11,0.0412,0.0408,0.0,0.0,0.0,0.0,1166
2023-05-10 09:33:20,OP90002179,深证100ETF购12月3300,0.0,0.0,0.0,0.0,63,0.0388,0.0417,1,0.0412,0.0408,0.0,0.0,0.0,0.0,1166
2023-05-10 09:33:21,OP90002179,深证100ETF购12月3300,0.0,0.0,0.0,0.0,73,0.0388,0.0417,11,0.0412,0.0408,0.0,0.0,0.0,0.0,1166
2023-05-10 09:33:21,OP90002179,深证100ETF购12月3300,0.0,0.0,0.0,0.0,63,0.0388,0.0417,1,0.0412,0.0408,0.0,0.0,0.0,0.0,1166
2023-05-10 09:33:22,OP90002179,深证100ETF购12月3300,0.0,0.0,0.0,0.0,73,0.0388,0.0417,11,0.0412,0.0408,0.0,0.0,0.0,0.0,1166
2023-05-10 09:33:22,OP90002179,深证100ETF购12月3300,0.0,0.0,0.0,0.0,63,0.0388,0.0417,1,0.0412,0.0408,0.0,0.0,0.0,0.0,1166
2023-05-10 09:33:23,OP90002179,深证100ETF购12月3300,0.0,0.0,0.0,0.0,73,0.0388,0.0417,11,0.0412,0.0408,0.0,0.0,0.0,0.0,1166
2023-05-10 09:33:23,OP90002179,深证100ETF购12月3300,0.0,0.0,0.0,0.0,63,0.0388,0.0417,1,0.0412,0.0408,0.0,0.0,0.0,0.0,1166
2023-05-10 09:33:24,OP90002179,深证100ETF购12月3300,0.0,0.0,0.0,0.0,73,0.0388,0.0417,11,0.0412,0.0408,0.0,0.0,0.0,0.0,1166
2023-05-10 09:33:24,OP90002179,深证100ETF购12月3300,0.0,0.0,0.0,0.0,63,0.0388,0.0417,1,0.0412,0.0408,0.0,0.0,0.0,0.0,1166
2023-05-10 09:33:25,OP90002179,深证100ETF购12月3300,0.0,0.0,0.0,0.0,73,0.0388,0.0417,11,0.0412,0.0408,0.0,0.0,0.0,0.0,1166
2023-05-10 09:33:25,OP90002179,深证100ETF购12月3300,0.0,0.0,0.0,0.0,63,0.0388,0.0417,1,0.0412,0.0408,0.0,0.0,0.0,0.0,1166
2023-05-10 09:33:26,OP90002179,深证100ETF购12月3300,0.0,0.0,0.0,0.0,73,0.0388,0.0417,11,0.0412,0.0408,0.0,0.0,0.0,0.0,1166
2023-05-10 09:33:26,OP90002179,深证100ETF购12月3300,0.0,0.0,0.0,0.0,63,0.0388,0.0417,1,0.0412,0.0408,0.0,0.0,0.0,0.0,1166
2023-05-10 09:33:27,OP90002179,深证100ETF购12月3300,0.0,0.0,0.0,0.0,73,0.0388,0.0417,11,0.0412,0.0408,0.0,0.0,0.0,0.0,1166
2023-05-10 09:33:27,OP90002179,深证100ETF购12月3300,0.0,0.0,0.0,0.0,63,0.0388,0.0417,1,0.0412,0.0408,0.0,0.0,0.0,0.0,1166
2023-05-10 09:33:28,OP90002179,深证100ETF购12月3300,0.0,0.0,0.0,0.0,73,0.0388,0.0417,11,0.0412,0.0408,0.0,0.0,0.0,0.0,1166
2023-05-10 09:33:28,OP90002179,深证100ETF购12月3300,0.0,0.0,0.0,0.0,63,0.0388,0.0417,1,0.0412,0.0408,0.0,0.0,0.0,0.0,1166
2023-05-10 09:33:29,OP90002179,深证100ETF购12月3300,0.0,0.0,0.0,0.0,73,0.0388,0.0417,11,0.0412,0.0408,0.0,0.0,0.0,0.0,1166
2023-05-10 09:33:29,OP90002179,深证100ETF购12月3300,0.0,0.0,0.0,0.0,63,0.0388,0.0417,1,0.0412,0.0408,0.0,0.0,0.0,0.0,1166
2023-05-10 09:33:30,OP90002179,深证100ETF购12月3300,0.0,0.0,0.0,0.0,73,0.0388,0.0417,11,0.0412,0.0408,0.0,0.0,0.0,0.0,1166
2023-05-10 09:33:30,OP90002179,深证100ETF购12月3300,0.0,0.0,0.0,0.0,63,0.0388,0.0417,1,0.0412,0.0408,0.0,0.0,0.0,0.0,1166
2023-05-10 09:33:31,OP90002179,深证100ETF购12月3300,0.0,0.0,0.0,0.0,73,0.0388,0.0417,11,0.0412,0.0408,0.0,0.0,0.0,0.0,1166
2023-05-10 09:33:31,OP90002179,深证100ETF购12月3300,0.0,0.0,0.0,0.0,10,0.0396,0.0417,1,0.0412,0.0408,0.0,0.0,0.0,0.0,1166
2023-05-10 09:33:32,OP90002179,深证100ETF购12月3300,0.0,0.0,0.0,0.0,3,0.0397,0.0417,1,0.0412,0.0408,0.0,0.0,0.0,0.0,1166
2023-05-10 09:33:32,OP90002179,深证100ETF购12月3300,0.0,0.0,0.0,0.0,3,0.0397,0.0421,20,0.0412,0.0408,0.0,0.0,0.0,0.0,1166
2023-05-10 09:33:33,OP90002179,深证100ETF购12月3300,0.0,0.0,0.0,0.0,13,0.0397,0.0421,31,0.0412,0.0408,0.0,0.0,0.0,0.0,1166
2023-05-10 09:33:33,OP90002179,深证100ETF购12月3300,0.0,0.0,0.0,0.0,20,0.0396,0.0421,11,0.0412,0.0408,0.0,0.0,0.0,0.0,1166
2023-05-10 09:33:34,OP90002179,深证100ETF购12月3300,0.0,0.0,0.0,0.0,23,0.0396,0.0421,11,0.0412,0.0408,0.0,0.0,0.0,0.0,1166
2023-05-10 09:33:34,OP90002179,深证100ETF购12月3300,0.0,0.0,0.0,0.0,23,0.0396,0.0421,1,0.0412,0.0408,0.0,0.0,0.0,0.0,1166
2023-05-10 09:33:35,OP90002179,深证100ETF购12月3300,0.0,0.0,0.0,0.0,23,0.0396,0.0421,11,0.0412,0.0408,0.0,0.0,0.0,0.0,1166
2023-05-10 09:33:35,OP90002179,深证100ETF购12月3300,0.0,0.0,0.0,0.0,13,0.0396,0.0421,1,0.0412,0.0408,0.0,0.0,0.0,0.0,1166
2023-05-10 09:33:36,OP90002179,深证100ETF购12月3300,0.0,0.0,0.0,0.0,23,0.0396,0.0421,11,0.0412,0.0408,0.0,0.0,0.0,0.0,1166
2023-05-10 09:33:36,OP90002179,深证100ETF购12月3300,0.0,0.0,0.0,0.0,13,0.0396,0.0421,1,0.0412,0.0408,0.0,0.0,0.0,0.0,1166
2023-05-10 09:33:37,OP90002179,深证100ETF购12月3300,0.0,0.0,0.0,0.0,23,0.0396,0.0421,11,0.0412,0.0408,0.0,0.0,0.0,0.0,1166
2023-05-10 09:33:37,OP90002179,深证100ETF购12月3300,0.0,0.0,0.0,0.0,13,0.0396,0.0421,1,0.0412,0.0408,0.0,0.0,0.0,0.0,1166
2023-05-10 09:33:38,OP90002179,深证100ETF购12月3300,0.0,0.0,0.0,0.0,23,0.0396,0.0421,11,0.0412,0.0408,0.0,0.0,0.0,0.0,1166
2023-05-10 09:33:38,OP90002179,深证100ETF购12月3300,0.0,0.0,0.0,0.0,13,0.0396,0.0421,1,0.0412,0.0408,0.0,0.0,0.0,0.0,1166
2023-05-10 09:33:39,OP90002179,深证100ETF购12月3300,0.0,0.0,0.0,0.0,23,0.0396,0.0421,11,0.0412,0.0408,0.0,0.0,0.0,0.0,1166
2023-05-10 09:33:39,OP90002179,深证100ETF购12月3300,0.0,0.0,0.0,0.0,23,0.0396,0.0421,1,0.0412,0.0408,0.0,0.0,0.0,0.0,1166
2023-05-10 09:33:40,OP90002179,深证100ETF购12月3300,0.0,0.0,0.0,0.0,23,0.0396,0.0421,11,0.0412,0.0408,0.0,0.0,0.0,0.0,1166
2023-05-10 09:33:40,OP90002179,深证100ETF购12月3300,0.0,0.0,0.0,0.0,10,0.0396,0.0421,1,0.0412,0.0408,0.0,0.0,0.0,0.0,1166
2023-05-10 09:33:41,OP90002179,深证100ETF购12月3300,0.0,0.0,0.0,0.0,20,0.0396,0.0421,11,0.0412,0.0408,0.0,0.0,0.0,0.0,1166
2023-05-10 09:33:41,OP90002179,深证100ETF购12月3300,0.0,0.0,0.0,0.0,10,0.0396,0.0421,1,0.0412,0.0408,0.0,0.0,0.0,0.0,1166
2023-05-10 09:33:42,OP90002179,深证100ETF购12月3300,0.0,0.0,0.0,0.0,20,0.0396,0.0421,11,0.0412,0.0408,0.0,0.0,0.0,0.0,1166
2023-05-10 09:33:42,OP90002179,深证100ETF购12月3300,0.0,0.0,0.0,0.0,20,0.0396,0.0421,1,0.0412,0.0408,0.0,0.0,0.0,0.0,1166
2023-05-10 09:33:43,OP90002179,深证100ETF购12月3300,0.0,0.0,0.0,0.0,20,0.0396,0.042,1,0.0412,0.0408,0.0,0.0,0.0,0.0,1166
2023-05-10 09:33:43,OP90002179,深证100ETF购12月3300,0.0,0.0,0.0,0.0,20,0.0396,0.042,1,0.0412,0.0408,0.0,0.0,0.0,0.0,1166
2023-05-10 09:33:44,OP90002179,深证100ETF购12月3300,0.0,0.0,0.0,0.0,20,0.0396,0.042,11,0.0412,0.0408,0.0,0.0,0.0,0.0,1166
2023-05-10 09:33:44,OP90002179,深证100ETF购12月3300,0.0,0.0,0.0,0.0,40,0.0396,0.042,1,0.0412,0.0408,0.0,0.0,0.0,0.0,1166
2023-05-10 09:33:45,OP90002179,深证100ETF购12月3300,0.0,0.0,0.0,0.0,50,0.0396,0.042,11,0.0412,0.0408,0.0,0.0,0.0,0.0,1166
2023-05-10 09:33:45,OP90002179,深证100ETF购12月3300,0.0,0.0,0.0,0.0,43,0.0396,0.042,1,0.0412,0.0408,0.0,0.0,0.0,0.0,1166
2023-05-10 09:33:46,OP90002179,深证100ETF购12月3300,0.0,0.0,0.0,0.0,53,0.0396,0.042,11,0.0412,0.0408,0.0,0.0,0.0,0.0,1166
2023-05-10 09:33:46,OP90002179,深证100ETF购12月3300,0.0,0.0,0.0,0.0,43,0.0396,0.042,1,0.0412,0.0408,0.0,0.0,0.0,0.0,1166
2023-05-10 09:33:47,OP90002179,深证100ETF购12月3300,0.0,0.0,0.0,0.0,53,0.0396,0.042,11,0.0412,0.0408,0.0,0.0,0.0,0.0,1166
2023-05-10 09:33:47,OP90002179,深证100ETF购12月3300,0.0,0.0,0.0,0.0,43,0.0396,0.042,1,0.0412,0.0408,0.0,0.0,0.0,0.0,1166
2023-05-10 09:33:48,OP90002179,深证100ETF购12月3300,0.0,0.0,0.0,0.0,53,0.0396,0.042,11,0.0412,0.0408,0.0,0.0,0.0,0.0,1166
2023-05-10 09:33:48,OP90002179,深证100ETF购12月3300,0.0,0.0,0.0,0.0,43,0.0396,0.042,1,0.0412,0.0408,0.0,0.0,0.0,0.0,1166
2023-05-10 09:33:49,OP90002179,深证100ETF购12月3300,0.0,0.0,0.0,0.0,53,0.0396,0.042,11,0.0412,0.0408,0.0,0.0,0.0,0.0,1166
2023-05-10 09:33:49,OP90002179,深证100ETF购12月3300,0.0,0.0,0.0,0.0,43,0.0396,0.042,1,0.0412,0.0408,0.0,0.0,0.0,0.0,1166
2023-05-10 09:33:50,OP90002179,深证100ETF购12月3300,0.0,0.0,0.0,0.0,53,0.0396,0.042,11,0.0412,0.0408,0.0,0.0,0.0,0.0,1166
2023-05-10 09:33:50,OP90002179,深证100ETF购12月3300,0.0,0.0,0.0,0.0,43,0.0396,0.042,1,0.0412,0.0408,0.0,0.0,0.0,0.0,1166
2023-05-10 09:33:51,OP90002179,深证100ETF购12月3300,0.0,0.0,0.0,0.0,53,0.0396,0.042,25,0.0412,0.0408,0.0,0.0,0.0,0.0,1166
2023-05-10 09:33:51,OP90002179,深证100ETF购12月3300,0.0,0.0,0.0,0.0,43,0.0396,0.042,15,0.0412,0.0408,0.0,0.0,0.0,0.0,1166
2023-05-10 09:33:52,OP90002179,深证100ETF购12月3300,0.0,0.0,0.0,0.0,53,0.0396,0.042,25,0.0412,0.0408,0.0,0.0,0.0,0.0,1166
2023-05-10 09:33:52,OP90002179,深证100ETF购12月3300,0.0,0.0,0.0,0.0,43,0.0396,0.042,15,0.0412,0.0408,0.0,0.0,0.0,0.0,1166
2023-05-10 09:33:53,OP90002179,深证100ETF购12月3300,0.0,0.0,0.0,0.0,53,0.0396,0.042,25,0.0412,0.0408,0.0,0.0,0.0,0.0,1166
2023-05-10 09:33:53,OP90002179,深证100ETF购12月3300,0.0,0.0,0.0,0.0,43,0.0396,0.042,15,0.0412,0.0408,0.0,0.0,0.0,0.0,1166
2023-05-10 09:33:54,OP90002179,深证100ETF购12月3300,0.0,0.0,0.0,0.0,53,0.0396,0.042,25,0.0412,0.0408,0.0,0.0,0.0,0.0,1166
2023-05-10 09:33:54,OP90002179,深证100ETF购12月3300,0.0,0.0,0.0,0.0,43,0.0396,0.042,15,0.0412,0.0408,0.0,0.0,0.0,0.0,1166
2023-05-10 09:33:55,OP90002179,深证100ETF购12月3300,0.0,0.0,0.0,0.0,53,0.0396,0.042,25,0.0412,0.0408,0.0,0.0,0.0,0.0,1166
2023-05-10 09:33:55,OP90002179,深证100ETF购12月3300,0.0,0.0,0.0,0.0,43,0.0396,0.042,15,0.0412,0.0408,0.0,0.0,0.0,0.0,1166
2023-05-10 09:33:56,OP90002179,深证100ETF购12月3300,0.0,0.0,0.0,0.0,53,0.0396,0.042,25,0.0412,0.0408,0.0,0.0,0.0,0.0,1166
2023-05-10 09:33:56,OP90002179,深证100ETF购12月3300,0.0,0.0,0.0,0.0,43,0.0396,0.042,15,0.0412,0.0408,0.0,0.0,0.0,0.0,1166
2023-05-10 09:33:57,OP90002179,深证100ETF购12月3300,0.0,0.0,0.0,0.0,53,0.0396,0.042,25,0.0412,0.0408,0.0,0.0,0.0,0.0,1166
2023-05-10 09:33:57,OP90002179,深证100ETF购12月3300,0.0,0.0,0.0,0.0,43,0.0396,0.042,15,0.0412,0.0408,0.0,0.0,0.0,0.0,1166
2023-05-10 09:33:58,OP90002179,深证100ETF购12月3300,0.0,0.0,0.0,0.0,53,0.0396,0.042,25,0.0412,0.0408,0.0,0.0,0.0,0.0,1166
2023-05-10 09:33:58,OP90002179,深证100ETF购12月3300,0.0,0.0,0.0,0.0,43,0.0396,0.042,15,0.0412,0.0408,0.0,0.0,0.0,0.0,1166
2023-05-10 09:33:59,OP90002179,深证100ETF购12月3300,0.0,0.0,0.0,0.0,53,0.0396,0.042,25,0.0412,0.0408,0.0,0.0,0.0,0.0,1166
2023-05-10 09:33:59,OP90002179,深证100ETF购12月3300,0.0,0.0,0.0,0.0,43,0.0396,0.042,15,0.0412,0.0408,0.0,0.0,0.0,0.0,1166
2023-05-10 09:34:00,OP90002179,深证100ETF购12月3300,0.0,0.0,0.0,0.0,53,0.0396,0.042,25,0.0412,0.0408,0.0,0.0,0.0,0.0,1166
2023-05-10 09:34:00,OP90002179,深证100ETF购12月3300,0.0,0.0,0.0,0.0,43,0.0396,0.042,15,0.0412,0.0408,0.0,0.0,0.0,0.0,1166
2023-05-10 09:34:01,OP90002179,深证100ETF购12月3300,0.0,0.0,0.0,0.0,53,0.0396,0.042,25,0.0412,0.0408,0.0,0.0,0.0,0.0,1166
2023-05-10 09:34:01,OP90002179,深证100ETF购12月3300,0.0,0.0,0.0,0.0,43,0.0396,0.042,15,0.0412,0.0408,0.0,0.0,0.0,0.0,1166
2023-05-10 09:34:02,OP90002179,深证100ETF购12月3300,0.0,0.0,0.0,0.0,53,0.0396,0.042,25,0.0412,0.0408,0.0,0.0,0.0,0.0,1166
2023-05-10 09:34:02,OP90002179,深证100ETF购12月3300,0.0,0.0,0.0,0.0,43,0.0396,0.042,15,0.0412,0.0408,0.0,0.0,0.0,0.0,1166
2023-05-10 09:34:03,OP90002179,深证100ETF购12月3300,0.0,0.0,0.0,0.0,53,0.0396,0.042,25,0.0412,0.0408,0.0,0.0,0.0,0.0,1166
2023-05-10 09:34:03,OP90002179,深证100ETF购12月3300,0.0,0.0,0.0,0.0,43,0.0396,0.042,15,0.0412,0.0408,0.0,0.0,0.0,0.0,1166
2023-05-10 09:34:04,OP90002179,深证100ETF购12月3300,0.0,0.0,0.0,0.0,53,0.0396,0.042,25,0.0412,0.0408,0.0,0.0,0.0,0.0,1166
2023-05-10 09:34:04,OP90002179,深证100ETF购12月3300,0.0,0.0,0.0,0.0,43,0.0396,0.042,15,0.0412,0.0408,0.0,0.0,0.0,0.0,1166
2023-05-10 09:34:05,OP90002179,深证100ETF购12月3300,0.0,0.0,0.0,0.0,53,0.0396,0.042,25,0.0412,0.0408,0.0,0.0,0.0,0.0,1166
2023-05-10 09:34:05,OP90002179,深证100ETF购12月3300,0.0,0.0,0.0,0.0,43,0.0396,0.042,15,0.0412,0.0408,0.0,0.0,0.0,0.0,1166
2023-05-10 09:34:06,OP90002179,深证100ETF购12月3300,0.0,0.0,0.0,0.0,43,0.0396,0.042,25,0.0412,0.0408,0.0,0.0,0.0,0.0,1166
2023-05-10 09:34:06,OP90002179,深证100ETF购12月3300,0.0,0.0,0.0,0.0,33,0.0396,0.042,15,0.0412,0.0408,0.0,0.0,0.0,0.0,1166
2023-05-10 09:34:07,OP90002179,深证100ETF购12月3300,0.0,0.0,0.0,0.0,33,0.0396,0.042,25,0.0412,0.0408,0.0,0.0,0.0,0.0,1166
2023-05-10 09:34:07,OP90002179,深证100ETF购12月3300,0.0,0.0,0.0,0.0,23,0.0396,0.042,15,0.0412,0.0408,0.0,0.0,0.0,0.0,1166
2023-05-10 09:34:08,OP90002179,深证100ETF购12月3300,0.0,0.0,0.0,0.0,23,0.0396,0.042,25,0.0412,0.0408,0.0,0.0,0.0,0.0,1166
2023-05-10 09:34:08,OP90002179,深证100ETF购12月3300,0.0,0.0,0.0,0.0,23,0.0396,0.0419,1,0.0412,0.0408,0.0,0.0,0.0,0.0,1166
2023-05-10 09:34:09,OP90002179,深证100ETF购12月3300,0.0,0.0,0.0,0.0,23,0.0396,0.0419,1,0.0412,0.0408,0.0,0.0,0.0,0.0,1166
2023-05-10 09:34:09,OP90002179,深证100ETF购12月3300,0.0,0.0,0.0,0.0,23,0.0396,0.0419,1,0.0412,0.0408,0.0,0.0,0.0,0.0,1166
2023-05-10 09:34:10,OP90002179,深证100ETF购12月3300,0.0,0.0,0.0,0.0,23,0.0396,0.0419,1,0.0412,0.0408,0.0,0.0,0.0,0.0,1166
2023-05-10 09:34:10,OP90002179,深证100ETF购12月3300,0.0,0.0,0.0,0.0,13,0.0396,0.0419,1,0.0412,0.0408,0.0,0.0,0.0,0.0,1166
2023-05-10 09:34:11,OP90002179,深证100ETF购12月3300,0.0,0.0,0.0,0.0,23,0.0396,0.0419,1,0.0412,0.0408,0.0,0.0,0.0,0.0,1166
2023-05-10 09:34:11,OP90002179,深证100ETF购12月3300,0.0,0.0,0.0,0.0,23,0.0396,0.0419,1,0.0412,0.0408,0.0,0.0,0.0,0.0,1166
2023-05-10 09:34:12,OP90002179,深证100ETF购12月3300,0.0,0.0,0.0,0.0,43,0.0396,0.0419,1,0.0412,0.0408,0.0,0.0,0.0,0.0,1166
2023-05-10 09:34:12,OP90002179,深证100ETF购12月3300,0.0,0.0,0.0,0.0,43,0.0396,0.0419,1,0.0412,0.0408,0.0,0.0,0.0,0.0,1166
2023-05-10 09:34:13,OP90002179,深证100ETF购12月3300,0.0,0.0,0.0,0.0,53,0.0396,0.0419,1,0.0412,0.0408,0.0,0.0,0.0,0.0,1166
2023-05-10 09:34:13,OP90002179,深证100ETF购12月3300,0.0,0.0,0.0,0.0,43,0.0396,0.0419,1,0.0412,0.0408,0.0,0.0,0.0,0.0,1166
2023-05-10 09:34:14,OP90002179,深证100ETF购12月3300,0.0,0.0,0.0,0.0,53,0.0396,0.0419,1,0.0412,0.0408,0.0,0.0,0.0,0.0,1166
2023-05-10 09:34:14,OP90002179,深证100ETF购12月3300,0.0,0.0,0.0,0.0,43,0.0396,0.0419,1,0.0412,0.0408,0.0,0.0,0.0,0.0,1166
2023-05-10 09:34:15,OP90002179,深证100ETF购12月3300,0.0,0.0,0.0,0.0,53,0.0396,0.0419,1,0.0412,0.0408,0.0,0.0,0.0,0.0,1166
2023-05-10 09:34:15,OP90002179,深证100ETF购12月3300,0.0,0.0,0.0,0.0,43,0.0396,0.0419,1,0.0412,0.0408,0.0,0.0,0.0,0.0,1166
2023-05-10 09:34:16,OP90002179,深证100ETF购12月3300,0.0,0.0,0.0,0.0,53,0.0396,0.0419,1,0.0412,0.0408,0.0,0.0,0.0,0.0,1166
2023-05-10 09:34:18,OP90002179,深证100ETF购12月3300,0.0,0.0,0.0,0.0,53,0.0396,0.0418,1,0.0412,0.0408,0.0,0.0,0.0,0.0,1166
2023-05-10 09:34:20,OP90002179,深证100ETF购12月3300,0.0,0.0,0.0,0.0,53,0.0396,0.0418,1,0.0412,0.0408,0.0,0.0,0.0,0.0,1166
2023-05-10 09:34:24,OP90002179,深证100ETF购12月3300,0.0,0.0,0.0,0.0,53,0.0396,0.0418,1,0.0412,0.0408,0.0,0.0,0.0,0.0,1166
2023-05-10 09:34:28,OP90002179,深证100ETF购12月3300,0.0,0.0,0.0,0.0,53,0.0396,0.0417,1,0.0412,0.0408,0.0,0.0,0.0,0.0,1166
2023-05-10 09:34:29,OP90002179,深证100ETF购12月3300,0.0,0.0,0.0,0.0,53,0.0396,0.0417,1,0.0412,0.0408,0.0,0.0,0.0,0.0,1166
2023-05-10 09:34:33,OP90002179,深证100ETF购12月3300,0.0,0.0,0.0,0.0,53,0.0396,0.0417,1,0.0412,0.0408,0.0,0.0,0.0,0.0,1166
2023-05-10 09:34:37,OP90002179,深证100ETF购12月3300,0.0,0.0,0.0,0.0,53,0.0396,0.0417,1,0.0412,0.0408,0.0,0.0,0.0,0.0,1166
2023-05-10 09:34:38,OP90002179,深证100ETF购12月3300,0.0,0.0,0.0,0.0,53,0.0396,0.0417,1,0.0412,0.0408,0.0,0.0,0.0,0.0,1166
2023-05-10 09:34:39,OP90002179,深证100ETF购12月3300,0.0,0.0,0.0,0.0,53,0.0396,0.0416,1,0.0412,0.0408,0.0,0.0,0.0,0.0,1166
2023-05-10 09:34:39,OP90002179,深证100ETF购12月3300,0.0,0.0,0.0,0.0,53,0.0396,0.0416,1,0.0412,0.0408,0.0,0.0,0.0,0.0,1166
2023-05-10 09:34:40,OP90002179,深证100ETF购12月3300,0.0,0.0,0.0,0.0,43,0.0396,0.0416,1,0.0412,0.0408,0.0,0.0,0.0,0.0,1166
2023-05-10 09:34:40,OP90002179,深证100ETF购12月3300,0.0,0.0,0.0,0.0,43,0.0396,0.0416,1,0.0412,0.0408,0.0,0.0,0.0,0.0,1166
2023-05-10 09:34:41,OP90002179,深证100ETF购12月3300,0.0,0.0,0.0,0.0,43,0.0396,0.0416,1,0.0412,0.0408,0.0,0.0,0.0,0.0,1166
2023-05-10 09:34:41,OP90002179,深证100ETF购12月3300,0.0,0.0,0.0,0.0,43,0.0396,0.0416,1,0.0412,0.0408,0.0,0.0,0.0,0.0,1166
2023-05-10 09:34:42,OP90002179,深证100ETF购12月3300,0.0,0.0,0.0,0.0,43,0.0396,0.0416,1,0.0412,0.0408,0.0,0.0,0.0,0.0,1166
2023-05-10 09:34:42,OP90002179,深证100ETF购12月3300,0.0,0.0,0.0,0.0,43,0.0396,0.0416,1,0.0412,0.0408,0.0,0.0,0.0,0.0,1166
2023-05-10 09:34:43,OP90002179,深证100ETF购12月3300,0.0,0.0,0.0,0.0,43,0.0396,0.0416,1,0.0412,0.0408,0.0,0.0,0.0,0.0,1166
2023-05-10 09:34:43,OP90002179,深证100ETF购12月3300,0.0,0.0,0.0,0.0,43,0.0396,0.0416,1,0.0412,0.0408,0.0,0.0,0.0,0.0,1166
2023-05-10 09:34:44,OP90002179,深证100ETF购12月3300,0.0,0.0,0.0,0.0,43,0.0396,0.0416,1,0.0412,0.0408,0.0,0.0,0.0,0.0,1166
2023-05-10 09:34:44,OP90002179,深证100ETF购12月3300,0.0,0.0,0.0,0.0,43,0.0396,0.0416,1,0.0412,0.0408,0.0,0.0,0.0,0.0,1166
2023-05-10 09:34:45,OP90002179,深证100ETF购12月3300,0.0,0.0,0.0,0.0,43,0.0396,0.0416,1,0.0412,0.0408,0.0,0.0,0.0,0.0,1166
2023-05-10 09:34:45,OP90002179,深证100ETF购12月3300,0.0,0.0,0.0,0.0,23,0.0396,0.0416,1,0.0412,0.0408,0.0,0.0,0.0,0.0,1166
2023-05-10 09:34:46,OP90002179,深证100ETF购12月3300,0.0,0.0,0.0,0.0,13,0.0396,0.0416,1,0.0412,0.0408,0.0,0.0,0.0,0.0,1166
2023-05-10 09:34:46,OP90002179,深证100ETF购12月3300,0.0,0.0,0.0,0.0,13,0.0396,0.0416,1,0.0412,0.0408,0.0,0.0,0.0,0.0,1166
2023-05-10 09:34:47,OP90002179,深证100ETF购12月3300,0.0,0.0,0.0,0.0,13,0.0396,0.0416,1,0.0412,0.0408,0.0,0.0,0.0,0.0,1166
2023-05-10 09:34:47,OP90002179,深证100ETF购12月3300,0.0,0.0,0.0,0.0,13,0.0396,0.0416,1,0.0412,0.0408,0.0,0.0,0.0,0.0,1166
2023-05-10 09:34:48,OP90002179,深证100ETF购12月3300,0.0,0.0,0.0,0.0,13,0.0396,0.0416,1,0.0412,0.0408,0.0,0.0,0.0,0.0,1166
2023-05-10 09:34:48,OP90002179,深证100ETF购12月3300,0.0,0.0,0.0,0.0,13,0.0396,0.0416,1,0.0412,0.0408,0.0,0.0,0.0,0.0,1166
2023-05-10 09:34:49,OP90002179,深证100ETF购12月3300,0.0,0.0,0.0,0.0,13,0.0396,0.0415,1,0.0412,0.0408,0.0,0.0,0.0,0.0,1166
2023-05-10 09:34:49,OP90002179,深证100ETF购12月3300,0.0,0.0,0.0,0.0,13,0.0396,0.0415,1,0.0412,0.0408,0.0,0.0,0.0,0.0,1166
2023-05-10 09:34:50,OP90002179,深证100ETF购12月3300,0.0,0.0,0.0,0.0,13,0.0396,0.0415,1,0.0412,0.0408,0.0,0.0,0.0,0.0,1166
2023-05-10 09:34:50,OP90002179,深证100ETF购12月3300,0.0,0.0,0.0,0.0,13,0.0396,0.0415,1,0.0412,0.0408,0.0,0.0,0.0,0.0,1166
2023-05-10 09:34:51,OP90002179,深证100ETF购12月3300,0.0,0.0,0.0,0.0,13,0.0396,0.0415,1,0.0412,0.0408,0.0,0.0,0.0,0.0,1166
2023-05-10 09:34:51,OP90002179,深证100ETF购12月3300,0.0,0.0,0.0,0.0,13,0.0396,0.0415,1,0.0412,0.0408,0.0,0.0,0.0,0.0,1166
2023-05-10 09:34:52,OP90002179,深证100ETF购12月3300,0.0,0.0,0.0,0.0,13,0.0396,0.0415,1,0.0412,0.0408,0.0,0.0,0.0,0.0,1166
2023-05-10 09:34:52,OP90002179,深证100ETF购12月3300,0.0,0.0,0.0,0.0,13,0.0396,0.0415,1,0.0412,0.0408,0.0,0.0,0.0,0.0,1166
2023-05-10 09:34:53,OP90002179,深证100ETF购12月3300,0.0,0.0,0.0,0.0,13,0.0396,0.0415,1,0.0412,0.0408,0.0,0.0,0.0,0.0,1166
2023-05-10 09:34:53,OP90002179,深证100ETF购12月3300,0.0,0.0,0.0,0.0,13,0.0396,0.0415,1,0.0412,0.0408,0.0,0.0,0.0,0.0,1166
2023-05-10 09:34:54,OP90002179,深证100ETF购12月3300,0.0,0.0,0.0,0.0,13,0.0396,0.0415,1,0.0412,0.0408,0.0,0.0,0.0,0.0,1166
2023-05-10 09:34:54,OP90002179,深证100ETF购12月3300,0.0,0.0,0.0,0.0,13,0.0396,0.0415,1,0.0412,0.0408,0.0,0.0,0.0,0.0,1166
2023-05-10 09:34:55,OP90002179,深证100ETF购12月3300,0.0,0.0,0.0,0.0,13,0.0396,0.0415,1,0.0412,0.0408,0.0,0.0,0.0,0.0,1166
2023-05-10 09:34:55,OP90002179,深证100ETF购12月3300,0.0,0.0,0.0,0.0,13,0.0396,0.0415,1,0.0412,0.0408,0.0,0.0,0.0,0.0,1166
2023-05-10 09:34:56,OP90002179,深证100ETF购12月3300,0.0,0.0,0.0,0.0,13,0.0396,0.0415,1,0.0412,0.0408,0.0,0.0,0.0,0.0,1166
2023-05-10 09:34:56,OP90002179,深证100ETF购12月3300,0.0,0.0,0.0,0.0,13,0.0396,0.0415,1,0.0412,0.0408,0.0,0.0,0.0,0.0,1166
2023-05-10 09:34:57,OP90002179,深证100ETF购12月3300,0.0,0.0,0.0,0.0,13,0.0396,0.0415,1,0.0412,0.0408,0.0,0.0,0.0,0.0,1166
2023-05-10 09:34:57,OP90002179,深证100ETF购12月3300,0.0,0.0,0.0,0.0,13,0.0396,0.0415,1,0.0412,0.0408,0.0,0.0,0.0,0.0,1166
2023-05-10 09:34:58,OP90002179,深证100ETF购12月3300,0.0,0.0,0.0,0.0,13,0.0396,0.0415,1,0.0412,0.0408,0.0,0.0,0.0,0.0,1166
2023-05-10 09:34:58,OP90002179,深证100ETF购12月3300,0.0,0.0,0.0,0.0,13,0.0396,0.0415,1,0.0412,0.0408,0.0,0.0,0.0,0.0,1166
2023-05-10 09:34:59,OP90002179,深证100ETF购12月3300,0.0,0.0,0.0,0.0,13,0.0396,0.0414,1,0.0412,0.0408,0.0,0.0,0.0,0.0,1166
2023-05-10 09:34:59,OP90002179,深证100ETF购12月3300,0.0,0.0,0.0,0.0,13,0.0396,0.0414,1,0.0412,0.0408,0.0,0.0,0.0,0.0,1166
2023-05-10 09:35:00,OP90002179,深证100ETF购12月3300,0.0,0.0,0.0,0.0,13,0.0396,0.0414,1,0.0412,0.0408,0.0,0.0,0.0,0.0,1166
2023-05-10 09:35:00,OP90002179,深证100ETF购12月3300,0.0,0.0,0.0,0.0,33,0.0396,0.0414,1,0.0412,0.0408,0.0,0.0,0.0,0.0,1166
2023-05-10 09:35:01,OP90002179,深证100ETF购12月3300,0.0,0.0,0.0,0.0,43,0.0396,0.0414,1,0.0412,0.0408,0.0,0.0,0.0,0.0,1166
2023-05-10 09:35:01,OP90002179,深证100ETF购12月3300,0.0,0.0,0.0,0.0,63,0.0396,0.0414,1,0.0412,0.0408,0.0,0.0,0.0,0.0,1166
2023-05-10 09:35:02,OP90002179,深证100ETF购12月3300,0.0,0.0,0.0,0.0,43,0.0396,0.0414,1,0.0412,0.0408,0.0,0.0,0.0,0.0,1166
2023-05-10 09:35:02,OP90002179,深证100ETF购12月3300,0.0,0.0,0.0,0.0,63,0.0396,0.0414,1,0.0412,0.0408,0.0,0.0,0.0,0.0,1166
2023-05-10 09:35:03,OP90002179,深证100ETF购12月3300,0.0,0.0,0.0,0.0,63,0.0396,0.0414,1,0.0412,0.0408,0.0,0.0,0.0,0.0,1166
2023-05-10 09:35:03,OP90002179,深证100ETF购12月3300,0.0,0.0,0.0,0.0,63,0.0396,0.0414,1,0.0412,0.0408,0.0,0.0,0.0,0.0,1166
2023-05-10 09:35:04,OP90002179,深证100ETF购12月3300,0.0,0.0,0.0,0.0,63,0.0396,0.0414,1,0.0412,0.0408,0.0,0.0,0.0,0.0,1166
2023-05-10 09:35:04,OP90002179,深证100ETF购12月3300,0.0,0.0,0.0,0.0,43,0.0396,0.0414,1,0.0412,0.0408,0.0,0.0,0.0,0.0,1166
2023-05-10 09:35:05,OP90002179,深证100ETF购12月3300,0.0,0.0,0.0,0.0,43,0.0396,0.0414,1,0.0412,0.0408,0.0,0.0,0.0,0.0,1166
2023-05-10 09:35:05,OP90002179,深证100ETF购12月3300,0.0,0.0,0.0,0.0,63,0.0396,0.0414,1,0.0412,0.0408,0.0,0.0,0.0,0.0,1166
2023-05-10 09:35:06,OP90002179,深证100ETF购12月3300,0.0,0.0,0.0,0.0,63,0.0396,0.0414,1,0.0412,0.0408,0.0,0.0,0.0,0.0,1166
2023-05-10 09:35:06,OP90002179,深证100ETF购12月3300,0.0,0.0,0.0,0.0,63,0.0396,0.0414,1,0.0412,0.0408,0.0,0.0,0.0,0.0,1166
2023-05-10 09:35:09,OP90002179,深证100ETF购12月3300,0.0,0.0,0.0,0.0,63,0.0396,0.0413,1,0.0412,0.0408,0.0,0.0,0.0,0.0,1166
2023-05-10 09:35:09,OP90002179,深证100ETF购12月3300,0.0,0.0,0.0,0.0,63,0.0396,0.0413,1,0.0412,0.0408,0.0,0.0,0.0,0.0,1166
2023-05-10 09:35:11,OP90002179,深证100ETF购12月3300,0.0,0.0,0.0,0.0,63,0.0396,0.0413,1,0.0412,0.0408,0.0,0.0,0.0,0.0,1166
2023-05-10 09:35:12,OP90002179,深证100ETF购12月3300,0.0,0.0,0.0,0.0,53,0.0396,0.0413,1,0.0412,0.0408,0.0,0.0,0.0,0.0,1166
2023-05-10 09:35:13,OP90002179,深证100ETF购12月3300,0.0,0.0,0.0,0.0,53,0.0396,0.0413,11,0.0412,0.0408,0.0,0.0,0.0,0.0,1166
2023-05-10 09:35:13,OP90002179,深证100ETF购12月3300,0.0,0.0,0.0,0.0,53,0.0396,0.0413,11,0.0412,0.0408,0.0,0.0,0.0,0.0,1166
2023-05-10 09:35:14,OP90002179,深证100ETF购12月3300,0.0,0.0,0.0,0.0,33,0.0396,0.0413,11,0.0412,0.0408,0.0,0.0,0.0,0.0,1166
2023-05-10 09:35:14,OP90002179,深证100ETF购12月3300,0.0,0.0,0.0,0.0,33,0.0396,0.0413,11,0.0412,0.0408,0.0,0.0,0.0,0.0,1166
2023-05-10 09:35:15,OP90002179,深证100ETF购12月3300,0.0,0.0,0.0,0.0,53,0.0396,0.0413,1,0.0412,0.0408,0.0,0.0,0.0,0.0,1166
2023-05-10 09:35:15,OP90002179,深证100ETF购12月3300,0.0,0.0,0.0,0.0,53,0.0396,0.0413,1,0.0412,0.0408,0.0,0.0,0.0,0.0,1166
2023-05-10 09:35:16,OP90002179,深证100ETF购12月3300,0.0,0.0,0.0,0.0,53,0.0396,0.0413,1,0.0412,0.0408,0.0,0.0,0.0,0.0,1166
2023-05-10 09:35:16,OP90002179,深证100ETF购12月3300,0.0,0.0,0.0,0.0,53,0.0396,0.0413,1,0.0412,0.0408,0.0,0.0,0.0,0.0,1166
2023-05-10 09:35:17,OP90002179,深证100ETF购12月3300,0.0,0.0,0.0,0.0,63,0.0396,0.0413,1,0.0412,0.0408,0.0,0.0,0.0,0.0,1166
2023-05-10 09:35:17,OP90002179,深证100ETF购12月3300,0.0,0.0,0.0,0.0,20,0.04,0.0413,11,0.0412,0.0408,0.0,0.0,0.0,0.0,1166
2023-05-10 09:35:18,OP90002179,深证100ETF购12月3300,0.0,0.0,0.0,0.0,40,0.04,0.0413,11,0.0412,0.0408,0.0,0.0,0.0,0.0,1166
2023-05-10 09:35:18,OP90002179,深证100ETF购12月3300,0.0,0.0,0.0,0.0,40,0.04,0.0413,11,0.0412,0.0408,0.0,0.0,0.0,0.0,1166
2023-05-10 09:35:19,OP90002179,深证100ETF购12月3300,0.0,0.0,0.0,0.0,40,0.04,0.0413,11,0.0412,0.0408,0.0,0.0,0.0,0.0,1166
2023-05-10 09:35:19,OP90002179,深证100ETF购12月3300,0.0,0.0,0.0,0.0,50,0.04,0.0412,1,0.0412,0.0408,0.0,0.0,0.0,0.0,1166
2023-05-10 09:35:20,OP90002179,深证100ETF购12月3300,0.0,0.0,0.0,0.0,60,0.04,0.0412,11,0.0412,0.0408,0.0,0.0,0.0,0.0,1166
2023-05-10 09:35:20,OP90002179,深证100ETF购12月3300,0.0,0.0,0.0,0.0,40,0.04,0.0412,11,0.0412,0.0408,0.0,0.0,0.0,0.0,1166
2023-05-10 09:35:21,OP90002179,深证100ETF购12月3300,0.0,0.0,0.0,0.0,43,0.04,0.0412,11,0.0412,0.0408,0.0,0.0,0.0,0.0,1166
2023-05-10 09:35:21,OP90002179,深证100ETF购12月3300,0.0,0.0,0.0,0.0,43,0.04,0.0412,11,0.0412,0.0408,0.0,0.0,0.0,0.0,1166
2023-05-10 09:35:22,OP90002179,深证100ETF购12月3300,0.0,0.0,0.0,0.0,43,0.04,0.0412,11,0.0412,0.0408,0.0,0.0,0.0,0.0,1166
2023-05-10 09:35:22,OP90002179,深证100ETF购12月3300,0.0,0.0,0.0,0.0,43,0.04,0.0412,11,0.0412,0.0408,0.0,0.0,0.0,0.0,1166
2023-05-10 09:35:23,OP90002179,深证100ETF购12月3300,0.0,0.0,0.0,0.0,43,0.04,0.0412,11,0.0412,0.0408,0.0,0.0,0.0,0.0,1166
2023-05-10 09:35:23,OP90002179,深证100ETF购12月3300,0.0,0.0,0.0,0.0,43,0.04,0.0411,10,0.0412,0.0408,0.0,0.0,0.0,0.0,1166
2023-05-10 09:35:24,OP90002179,深证100ETF购12月3300,0.0,0.0,0.0,0.0,40,0.04,0.0411,10,0.0412,0.0408,0.0,0.0,0.0,0.0,1166
2023-05-10 09:35:24,OP90002179,深证100ETF购12月3300,0.0,0.0,0.0,0.0,43,0.04,0.0411,10,0.0412,0.0408,0.0,0.0,0.0,0.0,1166
2023-05-10 09:35:25,OP90002179,深证100ETF购12月3300,0.0,0.0,0.0,0.0,43,0.04,0.0411,10,0.0412,0.0408,0.0,0.0,0.0,0.0,1166
2023-05-10 09:35:25,OP90002179,深证100ETF购12月3300,0.0,0.0,0.0,0.0,43,0.04,0.0411,10,0.0412,0.0408,0.0,0.0,0.0,0.0,1166
2023-05-10 09:35:26,OP90002179,深证100ETF购12月3300,0.0,0.0,0.0,0.0,40,0.04,0.0411,10,0.0412,0.0408,0.0,0.0,0.0,0.0,1166
2023-05-10 09:35:26,OP90002179,深证100ETF购12月3300,0.0,0.0,0.0,0.0,40,0.04,0.0411,10,0.0412,0.0408,0.0,0.0,0.0,0.0,1166
2023-05-10 09:35:27,OP90002179,深证100ETF购12月3300,0.0,0.0,0.0,0.0,40,0.04,0.0411,10,0.0412,0.0408,0.0,0.0,0.0,0.0,1166
2023-05-10 09:35:27,OP90002179,深证100ETF购12月3300,0.0,0.0,0.0,0.0,40,0.04,0.0411,10,0.0412,0.0408,0.0,0.0,0.0,0.0,1166
2023-05-10 09:35:34,OP90002179,深证100ETF购12月3300,0.0,0.0,0.0,0.0,40,0.04,0.0411,11,0.0412,0.0408,0.0,0.0,0.0,0.0,1166
2023-05-10 09:35:35,OP90002179,深证100ETF购12月3300,0.0,0.0,0.0,0.0,43,0.04,0.0411,11,0.0412,0.0408,0.0,0.0,0.0,0.0,1166
2023-05-10 09:35:35,OP90002179,深证100ETF购12月3300,0.0,0.0,0.0,0.0,43,0.04,0.0411,11,0.0412,0.0408,0.0,0.0,0.0,0.0,1166
2023-05-10 09:35:36,OP90002179,深证100ETF购12月3300,0.0,0.0,0.0,0.0,63,0.04,0.0411,11,0.0412,0.0408,0.0,0.0,0.0,0.0,1166
2023-05-10 09:35:43,OP90002179,深证100ETF购12月3300,0.0,0.0,0.0,0.0,63,0.04,0.0411,11,0.0412,0.0408,0.0,0.0,0.0,0.0,1166
2023-05-10 09:35:44,OP90002179,深证100ETF购12月3300,0.0,0.0,0.0,0.0,43,0.04,0.0411,11,0.0412,0.0408,0.0,0.0,0.0,0.0,1166
2023-05-10 09:35:44,OP90002179,深证100ETF购12月3300,0.0,0.0,0.0,0.0,43,0.04,0.041,11,0.0412,0.0408,0.0,0.0,0.0,0.0,1166
2023-05-10 09:35:45,OP90002179,深证100ETF购12月3300,0.0,0.0,0.0,0.0,63,0.04,0.041,11,0.0412,0.0408,0.0,0.0,0.0,0.0,1166
2023-05-10 09:35:45,OP90002179,深证100ETF购12月3300,0.0,0.0,0.0,0.0,43,0.04,0.041,11,0.0412,0.0408,0.0,0.0,0.0,0.0,1166
2023-05-10 09:35:46,OP90002179,深证100ETF购12月3300,0.0,0.0,0.0,0.0,43,0.04,0.041,11,0.0412,0.0408,0.0,0.0,0.0,0.0,1166
2023-05-10 09:35:46,OP90002179,深证100ETF购12月3300,0.0,0.0,0.0,0.0,43,0.04,0.041,11,0.0412,0.0408,0.0,0.0,0.0,0.0,1166
2023-05-10 09:35:47,OP90002179,深证100ETF购12月3300,0.0,0.0,0.0,0.0,63,0.04,0.041,11,0.0412,0.0408,0.0,0.0,0.0,0.0,1166
2023-05-10 09:35:47,OP90002179,深证100ETF购12月3300,0.0,0.0,0.0,0.0,63,0.04,0.041,1,0.0412,0.0408,0.0,0.0,0.0,0.0,1166
2023-05-10 09:35:48,OP90002179,深证100ETF购12月3300,0.0,0.0,0.0,0.0,63,0.04,0.041,1,0.0412,0.0408,0.0,0.0,0.0,0.0,1166
2023-05-10 09:35:48,OP90002179,深证100ETF购12月3300,0.0,0.0,0.0,0.0,63,0.04,0.041,1,0.0412,0.0408,0.0,0.0,0.0,0.0,1166
2023-05-10 09:35:49,OP90002179,深证100ETF购12月3300,0.0,0.0,0.0,0.0,43,0.04,0.041,1,0.0412,0.0408,0.0,0.0,0.0,0.0,1166
2023-05-10 09:35:49,OP90002179,深证100ETF购12月3300,0.0,0.0,0.0,0.0,43,0.04,0.041,1,0.0412,0.0408,0.0,0.0,0.0,0.0,1166
2023-05-10 09:35:50,OP90002179,深证100ETF购12月3300,0.0,0.0,0.0,0.0,43,0.04,0.041,1,0.0412,0.0408,0.0,0.0,0.0,0.0,1166
2023-05-10 09:35:50,OP90002179,深证100ETF购12月3300,0.0,0.0,0.0,0.0,63,0.04,0.041,1,0.0412,0.0408,0.0,0.0,0.0,0.0,1166
2023-05-10 09:35:51,OP90002179,深证100ETF购12月3300,0.0,0.0,0.0,0.0,63,0.04,0.041,1,0.0412,0.0408,0.0,0.0,0.0,0.0,1166
2023-05-10 09:35:51,OP90002179,深证100ETF购12月3300,0.0,0.0,0.0,0.0,63,0.04,0.041,1,0.0412,0.0408,0.0,0.0,0.0,0.0,1166
2023-05-10 09:35:52,OP90002179,深证100ETF购12月3300,0.0,0.0,0.0,0.0,63,0.04,0.041,1,0.0412,0.0408,0.0,0.0,0.0,0.0,1166
2023-05-10 09:35:53,OP90002179,深证100ETF购12月3300,0.0,0.0,0.0,0.0,63,0.04,0.041,1,0.0412,0.0408,0.0,0.0,0.0,0.0,1166
2023-05-10 09:35:54,OP90002179,深证100ETF购12月3300,0.0,0.0,0.0,0.0,63,0.04,0.041,1,0.0412,0.0408,0.0,0.0,0.0,0.0,1166
2023-05-10 09:35:54,OP90002179,深证100ETF购12月3300,0.0,0.0,0.0,0.0,63,0.04,0.0409,1,0.0412,0.0408,0.0,0.0,0.0,0.0,1166
2023-05-10 09:35:55,OP90002179,深证100ETF购12月3300,0.0,0.0,0.0,0.0,63,0.04,0.0409,1,0.0412,0.0408,0.0,0.0,0.0,0.0,1166
2023-05-10 09:35:55,OP90002179,深证100ETF购12月3300,0.0,0.0,0.0,0.0,63,0.04,0.0409,1,0.0412,0.0408,0.0,0.0,0.0,0.0,1166
2023-05-10 09:35:57,OP90002179,深证100ETF购12月3300,0.0,0.0,0.0,0.0,63,0.04,0.0409,1,0.0412,0.0408,0.0,0.0,0.0,0.0,1166
2023-05-10 09:35:58,OP90002179,深证100ETF购12月3300,0.0,0.0,0.0,0.0,63,0.04,0.0409,1,0.0412,0.0408,0.0,0.0,0.0,0.0,1166
2023-05-10 09:36:00,OP90002179,深证100ETF购12月3300,0.0,0.0,0.0,0.0,73,0.04,0.0409,1,0.0412,0.0408,0.0,0.0,0.0,0.0,1166
2023-05-10 09:36:01,OP90002179,深证100ETF购12月3300,0.0,0.0,0.0,0.0,73,0.04,0.0409,1,0.0412,0.0408,0.0,0.0,0.0,0.0,1166
2023-05-10 09:36:02,OP90002179,深证100ETF购12月3300,0.0,0.0,0.0,0.0,63,0.04,0.0409,1,0.0412,0.0408,0.0,0.0,0.0,0.0,1166
2023-05-10 09:36:02,OP90002179,深证100ETF购12月3300,0.0,0.0,0.0,0.0,63,0.04,0.0409,1,0.0412,0.0408,0.0,0.0,0.0,0.0,1166
2023-05-10 09:36:04,OP90002179,深证100ETF购12月3300,0.0,0.0,0.0,0.0,63,0.04,0.0408,1,0.0412,0.0408,0.0,0.0,0.0,0.0,1166
2023-05-10 09:36:06,OP90002179,深证100ETF购12月3300,0.0,0.0,0.0,0.0,20,0.0405,0.0408,1,0.0412,0.0408,0.0,0.0,0.0,0.0,1166
2023-05-10 09:36:06,OP90002179,深证100ETF购12月3300,0.0,0.0,0.0,0.0,60,0.0405,0.0408,1,0.0412,0.0408,0.0,0.0,0.0,0.0,1166
2023-05-10 09:36:08,OP90002179,深证100ETF购12月3300,0.0,0.0,0.0,0.0,60,0.0405,0.0408,1,0.0412,0.0408,0.0,0.0,0.0,0.0,1166
2023-05-10 09:36:09,OP90002179,深证100ETF购12月3300,0.0,0.0,0.0,0.0,60,0.0405,0.0408,1,0.0412,0.0408,0.0,0.0,0.0,0.0,1166
2023-05-10 09:36:10,OP90002179,深证100ETF购12月3300,0.0,0.0,0.0,0.0,60,0.0405,0.0408,1,0.0412,0.0408,0.0,0.0,0.0,0.0,1166
2023-05-10 09:36:12,OP90002179,深证100ETF购12月3300,0.0,0.0,0.0,0.0,60,0.0405,0.0408,1,0.0412,0.0408,0.0,0.0,0.0,0.0,1166
2023-05-10 09:36:13,OP90002179,深证100ETF购12月3300,0.0,0.0,0.0,0.0,60,0.0405,0.0408,1,0.0412,0.0408,0.0,0.0,0.0,0.0,1166
2023-05-10 09:36:14,OP90002179,深证100ETF购12月3300,0.0,0.0,0.0,0.0,60,0.0405,0.0408,1,0.0412,0.0408,0.0,0.0,0.0,0.0,1166
2023-05-10 09:36:15,OP90002179,深证100ETF购12月3300,0.0,0.0,0.0,0.0,60,0.0405,0.0408,1,0.0412,0.0408,0.0,0.0,0.0,0.0,1166
2023-05-10 09:36:16,OP90002179,深证100ETF购12月3300,0.0,0.0,0.0,0.0,60,0.0405,0.0408,1,0.0412,0.0408,0.0,0.0,0.0,0.0,1166
2023-05-10 09:36:17,OP90002179,深证100ETF购12月3300,0.0,0.0,0.0,0.0,60,0.0405,0.0408,1,0.0412,0.0408,0.0,0.0,0.0,0.0,1166
2023-05-10 09:36:19,OP90002179,深证100ETF购12月3300,0.0,0.0,0.0,0.0,60,0.0405,0.0408,1,0.0412,0.0408,0.0,0.0,0.0,0.0,1166
2023-05-10 09:36:19,OP90002179,深证100ETF购12月3300,0.0,0.0,0.0,0.0,60,0.0405,0.0408,1,0.0412,0.0408,0.0,0.0,0.0,0.0,1166
2023-05-10 09:36:20,OP90002179,深证100ETF购12月3300,0.0,0.0,0.0,0.0,60,0.0405,0.0408,1,0.0412,0.0408,0.0,0.0,0.0,0.0,1166
2023-05-10 09:36:21,OP90002179,深证100ETF购12月3300,0.0,0.0,0.0,0.0,60,0.0405,0.0408,1,0.0412,0.0408,0.0,0.0,0.0,0.0,1166
2023-05-10 09:36:21,OP90002179,深证100ETF购12月3300,0.0,0.0,0.0,0.0,60,0.0405,0.0408,1,0.0412,0.0408,0.0,0.0,0.0,0.0,1166
2023-05-10 09:36:23,OP90002179,深证100ETF购12月3300,0.0,0.0,0.0,0.0,60,0.0405,0.0408,1,0.0412,0.0408,0.0,0.0,0.0,0.0,1166
2023-05-10 09:36:23,OP90002179,深证100ETF购12月3300,0.0,0.0,0.0,0.0,60,0.0405,0.0408,1,0.0412,0.0408,0.0,0.0,0.0,0.0,1166
2023-05-10 09:36:24,OP90002179,深证100ETF购12月3300,0.0,0.0,0.0,0.0,60,0.0405,0.0408,1,0.0412,0.0408,0.0,0.0,0.0,0.0,1166
2023-05-10 09:36:29,OP90002179,深证100ETF购12月3300,0.0,0.0,0.0,0.0,60,0.0405,0.0408,1,0.0412,0.0408,0.0,0.0,0.0,0.0,1166
2023-05-10 09:36:29,OP90002179,深证100ETF购12月3300,0.0,0.0,0.0,0.0,60,0.0405,0.0408,1,0.0412,0.0408,0.0,0.0,0.0,0.0,1166
2023-05-10 09:36:32,OP90002179,深证100ETF购12月3300,0.0,0.0,0.0,0.0,60,0.0405,0.0408,1,0.0412,0.0408,0.0,0.0,0.0,0.0,1166
2023-05-10 09:36:32,OP90002179,深证100ETF购12月3300,0.0,0.0,0.0,0.0,60,0.0405,0.0408,1,0.0412,0.0408,0.0,0.0,0.0,0.0,1166
2023-05-10 09:36:33,OP90002179,深证100ETF购12月3300,0.0,0.0,0.0,0.0,60,0.0405,0.0408,1,0.0412,0.0408,0.0,0.0,0.0,0.0,1166
2023-05-10 09:36:38,OP90002179,深证100ETF购12月3300,0.0,0.0,0.0,0.0,60,0.0405,0.0408,1,0.0412,0.0408,0.0,0.0,0.0,0.0,1166
2023-05-10 09:36:38,OP90002179,深证100ETF购12月3300,0.0,0.0,0.0,0.0,60,0.0405,0.0408,1,0.0412,0.0408,0.0,0.0,0.0,0.0,1166
2023-05-10 09:36:39,OP90002179,深证100ETF购12月3300,0.0,0.0,0.0,0.0,60,0.0405,0.0408,1,0.0412,0.0408,0.0,0.0,0.0,0.0,1166
2023-05-10 09:36:39,OP90002179,深证100ETF购12月3300,0.0,0.0,0.0,0.0,60,0.0405,0.0408,1,0.0412,0.0408,0.0,0.0,0.0,0.0,1166
2023-05-10 09:36:40,OP90002179,深证100ETF购12月3300,0.0,0.0,0.0,0.0,20,0.0406,0.0408,1,0.0412,0.0408,0.0,0.0,0.0,0.0,1166
2023-05-10 09:36:40,OP90002179,深证100ETF购12月3300,0.0,0.0,0.0,0.0,20,0.0406,0.0408,1,0.0412,0.0408,0.0,0.0,0.0,0.0,1166
2023-05-10 09:36:41,OP90002179,深证100ETF购12月3300,0.0408,1.0,408.0,0.0,20,0.0406,0.041,1,0.0412,0.0408,0.0408,0.0408,1.0,408.0,1166
2023-05-10 09:36:42,OP90002179,深证100ETF购12月3300,0.0408,0.0,0.0,0.0,20,0.0406,0.041,1,0.0412,0.0408,0.0408,0.0408,1.0,408.0,1166
2023-05-10 09:36:42,OP90002179,深证100ETF购12月3300,0.0408,0.0,0.0,0.0,20,0.0406,0.041,1,0.0412,0.0408,0.0408,0.0408,1.0,408.0,1166
2023-05-10 09:36:43,OP90002179,深证100ETF购12月3300,0.0408,0.0,0.0,0.0,20,0.0406,0.041,1,0.0412,0.0408,0.0408,0.0408,1.0,408.0,1166
2023-05-10 09:36:44,OP90002179,深证100ETF购12月3300,0.0408,0.0,0.0,0.0,20,0.0406,0.041,1,0.0412,0.0408,0.0408,0.0408,1.0,408.0,1166
2023-05-10 09:36:44,OP90002179,深证100ETF购12月3300,0.0408,0.0,0.0,0.0,40,0.0406,0.041,1,0.0412,0.0408,0.0408,0.0408,1.0,408.0,1166
2023-05-10 09:36:45,OP90002179,深证100ETF购12月3300,0.0408,0.0,0.0,0.0,40,0.0406,0.041,1,0.0412,0.0408,0.0408,0.0408,1.0,408.0,1166
2023-05-10 09:36:49,OP90002179,深证100ETF购12月3300,0.0408,0.0,0.0,0.0,40,0.0406,0.041,1,0.0412,0.0408,0.0408,0.0408,1.0,408.0,1166
2023-05-10 09:36:51,OP90002179,深证100ETF购12月3300,0.0408,0.0,0.0,0.0,40,0.0406,0.041,1,0.0412,0.0408,0.0408,0.0408,1.0,408.0,1166
2023-05-10 09:36:51,OP90002179,深证100ETF购12月3300,0.0408,0.0,0.0,0.0,40,0.0406,0.0409,1,0.0412,0.0408,0.0408,0.0408,1.0,408.0,1166
2023-05-10 09:36:52,OP90002179,深证100ETF购12月3300,0.0408,0.0,0.0,0.0,40,0.0406,0.0409,1,0.0412,0.0408,0.0408,0.0408,1.0,408.0,1166
2023-05-10 09:36:55,OP90002179,深证100ETF购12月3300,0.0408,0.0,0.0,0.0,40,0.0406,0.0409,1,0.0412,0.0408,0.0408,0.0408,1.0,408.0,1166
2023-05-10 09:36:55,OP90002179,深证100ETF购12月3300,0.0408,0.0,0.0,0.0,40,0.0406,0.0409,1,0.0412,0.0408,0.0408,0.0408,1.0,408.0,1166
2023-05-10 09:36:56,OP90002179,深证100ETF购12月3300,0.0408,0.0,0.0,0.0,60,0.0406,0.0409,1,0.0412,0.0408,0.0408,0.0408,1.0,408.0,1166
2023-05-10 09:36:56,OP90002179,深证100ETF购12月3300,0.0408,0.0,0.0,0.0,60,0.0406,0.0409,1,0.0412,0.0408,0.0408,0.0408,1.0,408.0,1166
2023-05-10 09:36:57,OP90002179,深证100ETF购12月3300,0.0408,0.0,0.0,0.0,60,0.0406,0.0409,1,0.0412,0.0408,0.0408,0.0408,1.0,408.0,1166
2023-05-10 09:37:01,OP90002179,深证100ETF购12月3300,0.0408,0.0,0.0,0.0,60,0.0406,0.0408,1,0.0412,0.0408,0.0408,0.0408,1.0,408.0,1166
2023-05-10 09:37:02,OP90002179,深证100ETF购12月3300,0.0408,0.0,0.0,0.0,60,0.0406,0.0408,1,0.0412,0.0408,0.0408,0.0408,1.0,408.0,1166
2023-05-10 09:37:02,OP90002179,深证100ETF购12月3300,0.0408,0.0,0.0,0.0,60,0.0406,0.0408,1,0.0412,0.0408,0.0408,0.0408,1.0,408.0,1166
2023-05-10 09:37:03,OP90002179,深证100ETF购12月3300,0.0408,0.0,0.0,0.0,60,0.0406,0.0408,1,0.0412,0.0408,0.0408,0.0408,1.0,408.0,1166
2023-05-10 09:37:04,OP90002179,深证100ETF购12月3300,0.0408,0.0,0.0,0.0,60,0.0406,0.0408,1,0.0412,0.0408,0.0408,0.0408,1.0,408.0,1166
2023-05-10 09:37:05,OP90002179,深证100ETF购12月3300,0.0408,0.0,0.0,0.0,60,0.0406,0.0408,1,0.0412,0.0408,0.0408,0.0408,1.0,408.0,1166
2023-05-10 09:37:05,OP90002179,深证100ETF购12月3300,0.0408,0.0,0.0,0.0,60,0.0406,0.0408,1,0.0412,0.0408,0.0408,0.0408,1.0,408.0,1166
2023-05-10 09:37:06,OP90002179,深证100ETF购12月3300,0.0408,0.0,0.0,0.0,40,0.0406,0.0408,1,0.0412,0.0408,0.0408,0.0408,1.0,408.0,1166
2023-05-10 09:37:07,OP90002179,深证100ETF购12月3300,0.0408,0.0,0.0,0.0,40,0.0406,0.0408,1,0.0412,0.0408,0.0408,0.0408,1.0,408.0,1166
2023-05-10 09:37:08,OP90002179,深证100ETF购12月3300,0.0406,1.0,406.0,0.0,20,0.0406,0.0407,1,0.0412,0.0408,0.0408,0.0406,2.0,814.0,1166
2023-05-10 09:37:09,OP90002179,深证100ETF购12月3300,0.0406,0.0,0.0,0.0,20,0.0406,0.0407,2,0.0412,0.0408,0.0408,0.0406,2.0,814.0,1166
2023-05-10 09:37:09,OP90002179,深证100ETF购12月3300,0.0406,0.0,0.0,0.0,20,0.0406,0.0407,2,0.0412,0.0408,0.0408,0.0406,2.0,814.0,1166
2023-05-10 09:37:10,OP90002179,深证100ETF购12月3300,0.0406,0.0,0.0,0.0,20,0.0406,0.0407,2,0.0412,0.0408,0.0408,0.0406,2.0,814.0,1166
2023-05-10 09:37:11,OP90002179,深证100ETF购12月3300,0.0406,0.0,0.0,0.0,40,0.0406,0.0407,2,0.0412,0.0408,0.0408,0.0406,2.0,814.0,1166
2023-05-10 09:37:12,OP90002179,深证100ETF购12月3300,0.0406,0.0,0.0,0.0,40,0.0406,0.0407,2,0.0412,0.0408,0.0408,0.0406,2.0,814.0,1166
2023-05-10 09:37:12,OP90002179,深证100ETF购12月3300,0.0406,0.0,0.0,0.0,40,0.0406,0.0407,2,0.0412,0.0408,0.0408,0.0406,2.0,814.0,1166
2023-05-10 09:37:14,OP90002179,深证100ETF购12月3300,0.0406,0.0,0.0,0.0,40,0.0406,0.0407,2,0.0412,0.0408,0.0408,0.0406,2.0,814.0,1166
2023-05-10 09:37:15,OP90002179,深证100ETF购12月3300,0.0406,0.0,0.0,0.0,40,0.0406,0.0407,2,0.0412,0.0408,0.0408,0.0406,2.0,814.0,1166
2023-05-10 09:37:18,OP90002179,深证100ETF购12月3300,0.0406,0.0,0.0,0.0,60,0.0406,0.0407,2,0.0412,0.0408,0.0408,0.0406,2.0,814.0,1166
2023-05-10 09:37:19,OP90002179,深证100ETF购12月3300,0.0406,0.0,0.0,0.0,60,0.0406,0.0407,2,0.0412,0.0408,0.0408,0.0406,2.0,814.0,1166
2023-05-10 09:37:21,OP90002179,深证100ETF购12月3300,0.0406,0.0,0.0,0.0,60,0.0406,0.0407,2,0.0412,0.0408,0.0408,0.0406,2.0,814.0,1166
2023-05-10 09:37:22,OP90002179,深证100ETF购12月3300,0.0406,0.0,0.0,0.0,60,0.0406,0.0407,2,0.0412,0.0408,0.0408,0.0406,2.0,814.0,1166
2023-05-10 09:37:23,OP90002179,深证100ETF购12月3300,0.0406,0.0,0.0,0.0,60,0.0406,0.0407,2,0.0412,0.0408,0.0408,0.0406,2.0,814.0,1166
2023-05-10 09:37:26,OP90002179,深证100ETF购12月3300,0.0406,0.0,0.0,0.0,60,0.0406,0.0407,2,0.0412,0.0408,0.0408,0.0406,2.0,814.0,1166
2023-05-10 09:37:26,OP90002179,深证100ETF购12月3300,0.0406,0.0,0.0,0.0,60,0.0406,0.0407,2,0.0412,0.0408,0.0408,0.0406,2.0,814.0,1166
2023-05-10 09:37:27,OP90002179,深证100ETF购12月3300,0.0406,0.0,0.0,0.0,60,0.0406,0.0407,2,0.0412,0.0408,0.0408,0.0406,2.0,814.0,1166
2023-05-10 09:37:28,OP90002179,深证100ETF购12月3300,0.0406,0.0,0.0,0.0,60,0.0406,0.0407,2,0.0412,0.0408,0.0408,0.0406,2.0,814.0,1166
2023-05-10 09:37:29,OP90002179,深证100ETF购12月3300,0.0406,0.0,0.0,0.0,60,0.0406,0.0407,2,0.0412,0.0408,0.0408,0.0406,2.0,814.0,1166
2023-05-10 09:37:29,OP90002179,深证100ETF购12月3300,0.0406,0.0,0.0,0.0,60,0.0406,0.0407,2,0.0412,0.0408,0.0408,0.0406,2.0,814.0,1166
2023-05-10 09:37:36,OP90002179,深证100ETF购12月3300,0.0406,0.0,0.0,0.0,60,0.0406,0.0407,2,0.0412,0.0408,0.0408,0.0406,2.0,814.0,1166
2023-05-10 09:37:39,OP90002179,深证100ETF购12月3300,0.0406,0.0,0.0,0.0,60,0.0406,0.0407,2,0.0412,0.0408,0.0408,0.0406,2.0,814.0,1166
2023-05-10 09:37:41,OP90002179,深证100ETF购12月3300,0.0406,1.0,406.0,0.0,40,0.0406,0.0407,3,0.0412,0.0408,0.0408,0.0406,3.0,1220.0,1166
2023-05-10 09:37:42,OP90002179,深证100ETF购12月3300,0.0406,0.0,0.0,0.0,40,0.0406,0.0407,3,0.0412,0.0408,0.0408,0.0406,3.0,1220.0,1166
2023-05-10 09:37:44,OP90002179,深证100ETF购12月3300,0.0406,0.0,0.0,0.0,40,0.0406,0.0407,3,0.0412,0.0408,0.0408,0.0406,3.0,1220.0,1166
2023-05-10 09:37:44,OP90002179,深证100ETF购12月3300,0.0406,0.0,0.0,0.0,40,0.0406,0.0407,3,0.0412,0.0408,0.0408,0.0406,3.0,1220.0,1166
2023-05-10 09:37:52,OP90002179,深证100ETF购12月3300,0.0406,0.0,0.0,0.0,20,0.0406,0.0407,3,0.0412,0.0408,0.0408,0.0406,3.0,1220.0,1166
2023-05-10 09:37:52,OP90002179,深证100ETF购12月3300,0.0406,0.0,0.0,0.0,20,0.0404,0.0407,3,0.0412,0.0408,0.0408,0.0406,3.0,1220.0,1166
2023-05-10 09:37:53,OP90002179,深证100ETF购12月3300,0.0406,0.0,0.0,0.0,40,0.0402,0.0407,3,0.0412,0.0408,0.0408,0.0406,3.0,1220.0,1166
2023-05-10 09:37:53,OP90002179,深证100ETF购12月3300,0.0406,0.0,0.0,0.0,60,0.0402,0.0407,3,0.0412,0.0408,0.0408,0.0406,3.0,1220.0,1166
2023-05-10 09:37:54,OP90002179,深证100ETF购12月3300,0.0406,0.0,0.0,0.0,60,0.0402,0.0407,3,0.0412,0.0408,0.0408,0.0406,3.0,1220.0,1166
2023-05-10 09:38:02,OP90002179,深证100ETF购12月3300,0.0406,0.0,0.0,0.0,60,0.0402,0.0407,3,0.0412,0.0408,0.0408,0.0406,3.0,1220.0,1166
2023-05-10 09:38:03,OP90002179,深证100ETF购12月3300,0.0406,0.0,0.0,0.0,63,0.0402,0.0407,3,0.0412,0.0408,0.0408,0.0406,3.0,1220.0,1166
2023-05-10 09:38:03,OP90002179,深证100ETF购12月3300,0.0406,0.0,0.0,0.0,63,0.0402,0.0407,3,0.0412,0.0408,0.0408,0.0406,3.0,1220.0,1166
2023-05-10 09:38:04,OP90002179,深证100ETF购12月3300,0.0406,0.0,0.0,0.0,60,0.0402,0.0407,3,0.0412,0.0408,0.0408,0.0406,3.0,1220.0,1166
2023-05-10 09:38:08,OP90002179,深证100ETF购12月3300,0.0406,0.0,0.0,0.0,60,0.0402,0.0407,3,0.0412,0.0408,0.0408,0.0406,3.0,1220.0,1166
2023-05-10 09:38:09,OP90002179,深证100ETF购12月3300,0.0406,0.0,0.0,0.0,60,0.0402,0.0407,3,0.0412,0.0408,0.0408,0.0406,3.0,1220.0,1166
2023-05-10 09:38:10,OP90002179,深证100ETF购12月3300,0.0406,0.0,0.0,0.0,60,0.0402,0.0407,3,0.0412,0.0408,0.0408,0.0406,3.0,1220.0,1166
2023-05-10 09:38:10,OP90002179,深证100ETF购12月3300,0.0406,0.0,0.0,0.0,20,0.0403,0.0407,3,0.0412,0.0408,0.0408,0.0406,3.0,1220.0,1166
2023-05-10 09:38:11,OP90002179,深证100ETF购12月3300,0.0406,0.0,0.0,0.0,20,0.0403,0.0407,3,0.0412,0.0408,0.0408,0.0406,3.0,1220.0,1166
2023-05-10 09:38:11,OP90002179,深证100ETF购12月3300,0.0406,0.0,0.0,0.0,20,0.0405,0.0407,2,0.0412,0.0408,0.0408,0.0406,3.0,1220.0,1166
2023-05-10 09:38:12,OP90002179,深证100ETF购12月3300,0.0406,0.0,0.0,0.0,40,0.0405,0.0407,2,0.0412,0.0408,0.0408,0.0406,3.0,1220.0,1166
2023-05-10 09:38:12,OP90002179,深证100ETF购12月3300,0.0406,0.0,0.0,0.0,40,0.0405,0.0407,2,0.0412,0.0408,0.0408,0.0406,3.0,1220.0,1166
2023-05-10 09:38:13,OP90002179,深证100ETF购12月3300,0.0406,0.0,0.0,0.0,40,0.0405,0.0407,2,0.0412,0.0408,0.0408,0.0406,3.0,1220.0,1166
2023-05-10 09:38:25,OP90002179,深证100ETF购12月3300,0.0406,0.0,0.0,0.0,40,0.0405,0.0407,2,0.0412,0.0408,0.0408,0.0406,3.0,1220.0,1166
2023-05-10 09:38:31,OP90002179,深证100ETF购12月3300,0.0406,0.0,0.0,0.0,60,0.0405,0.0407,2,0.0412,0.0408,0.0408,0.0406,3.0,1220.0,1166
2023-05-10 09:38:36,OP90002179,深证100ETF购12月3300,0.0406,0.0,0.0,0.0,60,0.0405,0.0407,2,0.0412,0.0408,0.0408,0.0406,3.0,1220.0,1166
2023-05-10 09:38:38,OP90002179,深证100ETF购12月3300,0.0406,0.0,0.0,0.0,60,0.0405,0.0407,2,0.0412,0.0408,0.0408,0.0406,3.0,1220.0,1166
2023-05-10 09:38:44,OP90002179,深证100ETF购12月3300,0.0406,0.0,0.0,0.0,60,0.0405,0.0407,2,0.0412,0.0408,0.0408,0.0406,3.0,1220.0,1166
2023-05-10 09:38:47,OP90002179,深证100ETF购12月3300,0.0406,0.0,0.0,0.0,60,0.0405,0.0407,2,0.0412,0.0408,0.0408,0.0406,3.0,1220.0,1166
2023-05-10 09:38:49,OP90002179,深证100ETF购12月3300,0.0406,0.0,0.0,0.0,40,0.0405,0.0407,2,0.0412,0.0408,0.0408,0.0406,3.0,1220.0,1166
2023-05-10 09:38:57,OP90002179,深证100ETF购12月3300,0.0406,0.0,0.0,0.0,40,0.0405,0.0407,3,0.0412,0.0408,0.0408,0.0406,3.0,1220.0,1166
2023-05-10 09:39:11,OP90002179,深证100ETF购12月3300,0.0406,0.0,0.0,0.0,40,0.0405,0.0406,10,0.0412,0.0408,0.0408,0.0406,3.0,1220.0,1166
2023-05-10 09:39:12,OP90002179,深证100ETF购12月3300,0.0406,0.0,0.0,0.0,40,0.0405,0.0406,10,0.0412,0.0408,0.0408,0.0406,3.0,1220.0,1166
2023-05-10 09:39:14,OP90002179,深证100ETF购12月3300,0.0406,0.0,0.0,0.0,40,0.0405,0.0406,11,0.0412,0.0408,0.0408,0.0406,3.0,1220.0,1166
2023-05-10 09:39:15,OP90002179,深证100ETF购12月3300,0.0405,30.0,12150.0,30.0,40,0.0402,0.0405,10,0.0412,0.0408,0.0408,0.0405,33.0,13370.0,1196
2023-05-10 09:39:15,OP90002179,深证100ETF购12月3300,0.0405,0.0,0.0,0.0,40,0.04,0.0405,10,0.0412,0.0408,0.0408,0.0405,33.0,13370.0,1196
2023-05-10 09:39:16,OP90002179,深证100ETF购12月3300,0.0405,0.0,0.0,0.0,20,0.04,0.0405,10,0.0412,0.0408,0.0408,0.0405,33.0,13370.0,1196
2023-05-10 09:39:16,OP90002179,深证100ETF购12月3300,0.0405,0.0,0.0,0.0,20,0.04,0.0405,10,0.0412,0.0408,0.0408,0.0405,33.0,13370.0,1196
2023-05-10 09:39:17,OP90002179,深证100ETF购12月3300,0.0405,0.0,0.0,0.0,20,0.04,0.0405,10,0.0412,0.0408,0.0408,0.0405,33.0,13370.0,1196
2023-05-10 09:39:17,OP90002179,深证100ETF购12月3300,0.0405,0.0,0.0,0.0,20,0.04,0.0403,1,0.0412,0.0408,0.0408,0.0405,33.0,13370.0,1196
2023-05-10 09:39:18,OP90002179,深证100ETF购12月3300,0.0405,0.0,0.0,0.0,60,0.04,0.0402,21,0.0412,0.0408,0.0408,0.0405,33.0,13370.0,1196
2023-05-10 09:39:19,OP90002179,深证100ETF购12月3300,0.0405,0.0,0.0,0.0,60,0.04,0.0402,21,0.0412,0.0408,0.0408,0.0405,33.0,13370.0,1196
2023-05-10 09:39:20,OP90002179,深证100ETF购12月3300,0.0405,0.0,0.0,0.0,60,0.04,0.0402,31,0.0412,0.0408,0.0408,0.0405,33.0,13370.0,1196
2023-05-10 09:39:20,OP90002179,深证100ETF购12月3300,0.0405,0.0,0.0,0.0,40,0.04,0.0402,31,0.0412,0.0408,0.0408,0.0405,33.0,13370.0,1196
2023-05-10 09:39:21,OP90002179,深证100ETF购12月3300,0.0405,0.0,0.0,0.0,40,0.04,0.0401,10,0.0412,0.0408,0.0408,0.0405,33.0,13370.0,1196
2023-05-10 09:39:21,OP90002179,深证100ETF购12月3300,0.0405,0.0,0.0,0.0,40,0.04,0.0401,10,0.0412,0.0408,0.0408,0.0405,33.0,13370.0,1196
2023-05-10 09:39:23,OP90002179,深证100ETF购12月3300,0.0405,0.0,0.0,0.0,40,0.04,0.0401,12,0.0412,0.0408,0.0408,0.0405,33.0,13370.0,1196
2023-05-10 09:39:26,OP90002179,深证100ETF购12月3300,0.0405,0.0,0.0,0.0,20,0.04,0.0401,12,0.0412,0.0408,0.0408,0.0405,33.0,13370.0,1196
2023-05-10 09:39:27,OP90002179,深证100ETF购12月3300,0.0405,0.0,0.0,0.0,40,0.0398,0.0401,12,0.0412,0.0408,0.0408,0.0405,33.0,13370.0,1196
2023-05-10 09:39:27,OP90002179,深证100ETF购12月3300,0.0405,0.0,0.0,0.0,40,0.0398,0.0401,12,0.0412,0.0408,0.0408,0.0405,33.0,13370.0,1196
2023-05-10 09:39:28,OP90002179,深证100ETF购12月3300,0.0405,0.0,0.0,0.0,40,0.0398,0.04,10,0.0412,0.0408,0.0408,0.0405,33.0,13370.0,1196
2023-05-10 09:39:29,OP90002179,深证100ETF购12月3300,0.0405,0.0,0.0,0.0,40,0.0398,0.04,10,0.0412,0.0408,0.0408,0.0405,33.0,13370.0,1196
2023-05-10 09:39:30,OP90002179,深证100ETF购12月3300,0.0405,0.0,0.0,0.0,40,0.0398,0.04,31,0.0412,0.0408,0.0408,0.0405,33.0,13370.0,1196
2023-05-10 09:39:32,OP90002179,深证100ETF购12月3300,0.0405,0.0,0.0,0.0,40,0.0398,0.04,31,0.0412,0.0408,0.0408,0.0405,33.0,13370.0,1196
2023-05-10 09:39:33,OP90002179,深证100ETF购12月3300,0.0405,0.0,0.0,0.0,40,0.0398,0.04,21,0.0412,0.0408,0.0408,0.0405,33.0,13370.0,1196
2023-05-10 09:39:33,OP90002179,深证100ETF购12月3300,0.0405,0.0,0.0,0.0,40,0.0398,0.04,22,0.0412,0.0408,0.0408,0.0405,33.0,13370.0,1196
2023-05-10 09:39:34,OP90002179,深证100ETF购12月3300,0.0398,1.0,398.0,0.0,20,0.0398,0.0399,1,0.0412,0.0408,0.0408,0.0398,34.0,13768.0,1196
2023-05-10 09:39:34,OP90002179,深证100ETF购12月3300,0.0398,0.0,0.0,0.0,20,0.0398,0.0399,1,0.0412,0.0408,0.0408,0.0398,34.0,13768.0,1196
2023-05-10 09:39:35,OP90002179,深证100ETF购12月3300,0.0398,0.0,0.0,0.0,20,0.0398,0.0399,1,0.0412,0.0408,0.0408,0.0398,34.0,13768.0,1196
2023-05-10 09:39:35,OP90002179,深证100ETF购12月3300,0.0398,0.0,0.0,0.0,20,0.0398,0.0399,2,0.0412,0.0408,0.0408,0.0398,34.0,13768.0,1196
2023-05-10 09:39:37,OP90002179,深证100ETF购12月3300,0.0398,0.0,0.0,0.0,40,0.0398,0.0399,2,0.0412,0.0408,0.0408,0.0398,34.0,13768.0,1196
2023-05-10 09:39:39,OP90002179,深证100ETF购12月3300,0.0398,0.0,0.0,0.0,40,0.0398,0.0399,2,0.0412,0.0408,0.0408,0.0398,34.0,13768.0,1196
2023-05-10 09:39:42,OP90002179,深证100ETF购12月3300,0.0398,0.0,0.0,0.0,40,0.0398,0.0399,2,0.0412,0.0408,0.0408,0.0398,34.0,13768.0,1196
2023-05-10 09:39:48,OP90002179,深证100ETF购12月3300,0.0398,0.0,0.0,0.0,40,0.0398,0.0399,3,0.0412,0.0408,0.0408,0.0398,34.0,13768.0,1196
2023-05-10 09:39:50,OP90002179,深证100ETF购12月3300,0.0398,0.0,0.0,0.0,40,0.0398,0.0399,13,0.0412,0.0408,0.0408,0.0398,34.0,13768.0,1196
2023-05-10 09:39:51,OP90002179,深证100ETF购12月3300,0.0398,0.0,0.0,0.0,40,0.0398,0.0399,13,0.0412,0.0408,0.0408,0.0398,34.0,13768.0,1196
2023-05-10 09:39:52,OP90002179,深证100ETF购12月3300,0.0398,0.0,0.0,0.0,40,0.0398,0.0399,13,0.0412,0.0408,0.0408,0.0398,34.0,13768.0,1196
2023-05-10 09:39:53,OP90002179,深证100ETF购12月3300,0.0398,1.0,398.0,0.0,20,0.0398,0.0399,13,0.0412,0.0408,0.0408,0.0398,35.0,14166.0,1196
2023-05-10 09:39:54,OP90002179,深证100ETF购12月3300,0.0398,0.0,0.0,0.0,60,0.0397,0.0399,13,0.0412,0.0408,0.0408,0.0398,35.0,14166.0,1196
2023-05-10 09:39:54,OP90002179,深证100ETF购12月3300,0.0398,0.0,0.0,0.0,40,0.0397,0.0399,13,0.0412,0.0408,0.0408,0.0398,35.0,14166.0,1196
2023-05-10 09:39:55,OP90002179,深证100ETF购12月3300,0.0398,0.0,0.0,0.0,40,0.0397,0.0399,13,0.0412,0.0408,0.0408,0.0398,35.0,14166.0,1196
2023-05-10 09:39:56,OP90002179,深证100ETF购12月3300,0.0398,0.0,0.0,0.0,60,0.0397,0.0399,3,0.0412,0.0408,0.0408,0.0398,35.0,14166.0,1196
2023-05-10 09:39:58,OP90002179,深证100ETF购12月3300,0.0398,0.0,0.0,0.0,60,0.0397,0.0399,13,0.0412,0.0408,0.0408,0.0398,35.0,14166.0,1196
2023-05-10 09:39:59,OP90002179,深证100ETF购12月3300,0.0398,0.0,0.0,0.0,60,0.0397,0.0399,13,0.0412,0.0408,0.0408,0.0398,35.0,14166.0,1196
2023-05-10 09:40:00,OP90002179,深证100ETF购12月3300,0.0398,0.0,0.0,0.0,60,0.0397,0.0398,10,0.0412,0.0408,0.0408,0.0398,35.0,14166.0,1196
2023-05-10 09:40:01,OP90002179,深证100ETF购12月3300,0.0398,0.0,0.0,0.0,60,0.0397,0.0398,10,0.0412,0.0408,0.0408,0.0398,35.0,14166.0,1196
2023-05-10 09:40:01,OP90002179,深证100ETF购12月3300,0.0398,0.0,0.0,0.0,60,0.0397,0.0398,10,0.0412,0.0408,0.0408,0.0398,35.0,14166.0,1196
2023-05-10 09:40:02,OP90002179,深证100ETF购12月3300,0.0398,0.0,0.0,0.0,60,0.0397,0.0398,10,0.0412,0.0408,0.0408,0.0398,35.0,14166.0,1196
2023-05-10 09:40:03,OP90002179,深证100ETF购12月3300,0.0398,0.0,0.0,0.0,60,0.0397,0.0398,31,0.0412,0.0408,0.0408,0.0398,35.0,14166.0,1196
2023-05-10 09:40:03,OP90002179,深证100ETF购12月3300,0.0397,10.0,3970.0,10.0,40,0.0397,0.0398,21,0.0412,0.0408,0.0408,0.0397,45.0,18136.0,1206
2023-05-10 09:40:05,OP90002179,深证100ETF购12月3300,0.0397,0.0,0.0,0.0,40,0.0397,0.0398,21,0.0412,0.0408,0.0408,0.0397,45.0,18136.0,1206
2023-05-10 09:40:06,OP90002179,深证100ETF购12月3300,0.0397,0.0,0.0,0.0,40,0.0397,0.0398,31,0.0412,0.0408,0.0408,0.0397,45.0,18136.0,1206
2023-05-10 09:40:06,OP90002179,深证100ETF购12月3300,0.0397,0.0,0.0,0.0,40,0.0397,0.0398,21,0.0412,0.0408,0.0408,0.0397,45.0,18136.0,1206
2023-05-10 09:40:07,OP90002179,深证100ETF购12月3300,0.0397,0.0,0.0,0.0,40,0.0397,0.0398,31,0.0412,0.0408,0.0408,0.0397,45.0,18136.0,1206
2023-05-10 09:40:07,OP90002179,深证100ETF购12月3300,0.0397,0.0,0.0,0.0,40,0.0397,0.0398,31,0.0412,0.0408,0.0408,0.0397,45.0,18136.0,1206
2023-05-10 09:40:08,OP90002179,深证100ETF购12月3300,0.0397,0.0,0.0,0.0,40,0.0397,0.0398,31,0.0412,0.0408,0.0408,0.0397,45.0,18136.0,1206
2023-05-10 09:40:08,OP90002179,深证100ETF购12月3300,0.0397,10.0,3970.0,10.0,20,0.0397,0.0398,32,0.0412,0.0408,0.0408,0.0397,55.0,22106.0,1216
2023-05-10 09:40:09,OP90002179,深证100ETF购12月3300,0.0397,0.0,0.0,0.0,50,0.0394,0.0398,32,0.0412,0.0408,0.0408,0.0397,55.0,22106.0,1216
2023-05-10 09:40:09,OP90002179,深证100ETF购12月3300,0.0397,0.0,0.0,0.0,20,0.0394,0.0398,32,0.0412,0.0408,0.0408,0.0397,55.0,22106.0,1216
2023-05-10 09:40:10,OP90002179,深证100ETF购12月3300,0.0397,0.0,0.0,0.0,30,0.039,0.0398,32,0.0412,0.0408,0.0408,0.0397,55.0,22106.0,1216
2023-05-10 09:40:10,OP90002179,深证100ETF购12月3300,0.0397,0.0,0.0,0.0,30,0.039,0.0398,32,0.0412,0.0408,0.0408,0.0397,55.0,22106.0,1216
2023-05-10 09:40:11,OP90002179,深证100ETF购12月3300,0.0397,0.0,0.0,0.0,20,0.039,0.0398,32,0.0412,0.0408,0.0408,0.0397,55.0,22106.0,1216
2023-05-10 09:40:11,OP90002179,深证100ETF购12月3300,0.0397,0.0,0.0,0.0,20,0.039,0.0398,32,0.0412,0.0408,0.0408,0.0397,55.0,22106.0,1216
2023-05-10 09:40:12,OP90002179,深证100ETF购12月3300,0.0397,0.0,0.0,0.0,20,0.039,0.0398,32,0.0412,0.0408,0.0408,0.0397,55.0,22106.0,1216
2023-05-10 09:40:13,OP90002179,深证100ETF购12月3300,0.0397,0.0,0.0,0.0,20,0.039,0.0398,32,0.0412,0.0408,0.0408,0.0397,55.0,22106.0,1216
2023-05-10 09:40:23,OP90002179,深证100ETF购12月3300,0.0397,0.0,0.0,0.0,40,0.039,0.0398,32,0.0412,0.0408,0.0408,0.0397,55.0,22106.0,1216
2023-05-10 09:40:23,OP90002179,深证100ETF购12月3300,0.0397,0.0,0.0,0.0,40,0.039,0.0397,1,0.0412,0.0408,0.0408,0.0397,55.0,22106.0,1216
2023-05-10 09:40:24,OP90002179,深证100ETF购12月3300,0.0397,0.0,0.0,0.0,40,0.039,0.0394,1,0.0412,0.0408,0.0408,0.0397,55.0,22106.0,1216
2023-05-10 09:40:24,OP90002179,深证100ETF购12月3300,0.0397,0.0,0.0,0.0,40,0.039,0.0394,1,0.0412,0.0408,0.0408,0.0397,55.0,22106.0,1216
2023-05-10 09:40:25,OP90002179,深证100ETF购12月3300,0.0397,0.0,0.0,0.0,40,0.039,0.0392,1,0.0412,0.0408,0.0408,0.0397,55.0,22106.0,1216
2023-05-10 09:40:26,OP90002179,深证100ETF购12月3300,0.0397,0.0,0.0,0.0,40,0.039,0.0392,1,0.0412,0.0408,0.0408,0.0397,55.0,22106.0,1216
2023-05-10 09:40:26,OP90002179,深证100ETF购12月3300,0.0397,0.0,0.0,0.0,40,0.039,0.0391,10,0.0412,0.0408,0.0408,0.0397,55.0,22106.0,1216
2023-05-10 09:40:27,OP90002179,深证100ETF购12月3300,0.0397,0.0,0.0,0.0,40,0.039,0.0391,32,0.0412,0.0408,0.0408,0.0397,55.0,22106.0,1216
2023-05-10 09:40:27,OP90002179,深证100ETF购12月3300,0.0397,0.0,0.0,0.0,40,0.039,0.0391,32,0.0412,0.0408,0.0408,0.0397,55.0,22106.0,1216
2023-05-10 09:40:28,OP90002179,深证100ETF购12月3300,0.0397,0.0,0.0,0.0,40,0.039,0.0391,32,0.0412,0.0408,0.0408,0.0397,55.0,22106.0,1216
2023-05-10 09:40:29,OP90002179,深证100ETF购12月3300,0.0397,0.0,0.0,0.0,40,0.039,0.0391,32,0.0412,0.0408,0.0408,0.0397,55.0,22106.0,1216
2023-05-10 09:40:30,OP90002179,深证100ETF购12月3300,0.0397,0.0,0.0,0.0,40,0.039,0.0391,32,0.0412,0.0408,0.0408,0.0397,55.0,22106.0,1216
2023-05-10 09:40:33,OP90002179,深证100ETF购12月3300,0.0397,0.0,0.0,0.0,40,0.039,0.0391,32,0.0412,0.0408,0.0408,0.0397,55.0,22106.0,1216
2023-05-10 09:40:34,OP90002179,深证100ETF购12月3300,0.0397,0.0,0.0,0.0,40,0.039,0.0391,32,0.0412,0.0408,0.0408,0.0397,55.0,22106.0,1216
2023-05-10 09:40:36,OP90002179,深证100ETF购12月3300,0.0397,0.0,0.0,0.0,40,0.039,0.0391,32,0.0412,0.0408,0.0408,0.0397,55.0,22106.0,1216
2023-05-10 09:40:37,OP90002179,深证100ETF购12月3300,0.0397,0.0,0.0,0.0,40,0.039,0.0391,32,0.0412,0.0408,0.0408,0.0397,55.0,22106.0,1216
2023-05-10 09:40:38,OP90002179,深证100ETF购12月3300,0.0397,0.0,0.0,0.0,40,0.039,0.0391,32,0.0412,0.0408,0.0408,0.0397,55.0,22106.0,1216
2023-05-10 09:40:39,OP90002179,深证100ETF购12月3300,0.0397,0.0,0.0,0.0,40,0.039,0.0391,32,0.0412,0.0408,0.0408,0.0397,55.0,22106.0,1216
2023-05-10 09:40:41,OP90002179,深证100ETF购12月3300,0.0397,0.0,0.0,0.0,40,0.039,0.0391,32,0.0412,0.0408,0.0408,0.0397,55.0,22106.0,1216
2023-05-10 09:40:41,OP90002179,深证100ETF购12月3300,0.0397,0.0,0.0,0.0,40,0.039,0.0391,32,0.0412,0.0408,0.0408,0.0397,55.0,22106.0,1216
2023-05-10 09:40:42,OP90002179,深证100ETF购12月3300,0.0397,0.0,0.0,0.0,40,0.039,0.0391,32,0.0412,0.0408,0.0408,0.0397,55.0,22106.0,1216
2023-05-10 09:40:44,OP90002179,深证100ETF购12月3300,0.0397,0.0,0.0,0.0,40,0.039,0.0391,32,0.0412,0.0408,0.0408,0.0397,55.0,22106.0,1216
2023-05-10 09:40:44,OP90002179,深证100ETF购12月3300,0.0397,0.0,0.0,0.0,40,0.039,0.0391,32,0.0412,0.0408,0.0408,0.0397,55.0,22106.0,1216
2023-05-10 09:40:47,OP90002179,深证100ETF购12月3300,0.0397,0.0,0.0,0.0,40,0.039,0.0391,32,0.0412,0.0408,0.0408,0.0397,55.0,22106.0,1216
2023-05-10 09:40:50,OP90002179,深证100ETF购12月3300,0.0397,0.0,0.0,0.0,40,0.039,0.0391,32,0.0412,0.0408,0.0408,0.0397,55.0,22106.0,1216
2023-05-10 09:40:50,OP90002179,深证100ETF购12月3300,0.0397,0.0,0.0,0.0,40,0.039,0.0391,32,0.0412,0.0408,0.0408,0.0397,55.0,22106.0,1216
2023-05-10 09:41:00,OP90002179,深证100ETF购12月3300,0.0397,0.0,0.0,0.0,40,0.039,0.0391,32,0.0412,0.0408,0.0408,0.0397,55.0,22106.0,1216
2023-05-10 09:41:01,OP90002179,深证100ETF购12月3300,0.0397,0.0,0.0,0.0,40,0.039,0.0391,32,0.0412,0.0408,0.0408,0.0397,55.0,22106.0,1216
2023-05-10 09:41:02,OP90002179,深证100ETF购12月3300,0.0397,0.0,0.0,0.0,40,0.039,0.0391,32,0.0412,0.0408,0.0408,0.0397,55.0,22106.0,1216
2023-05-10 09:41:03,OP90002179,深证100ETF购12月3300,0.0397,0.0,0.0,0.0,40,0.039,0.0391,32,0.0412,0.0408,0.0408,0.0397,55.0,22106.0,1216
2023-05-10 09:41:03,OP90002179,深证100ETF购12月3300,0.0397,0.0,0.0,0.0,40,0.039,0.0391,32,0.0412,0.0408,0.0408,0.0397,55.0,22106.0,1216
2023-05-10 09:41:04,OP90002179,深证100ETF购12月3300,0.0397,0.0,0.0,0.0,40,0.039,0.0391,32,0.0412,0.0408,0.0408,0.0397,55.0,22106.0,1216
2023-05-10 09:41:05,OP90002179,深证100ETF购12月3300,0.0397,0.0,0.0,0.0,40,0.039,0.0391,32,0.0412,0.0408,0.0408,0.0397,55.0,22106.0,1216
2023-05-10 09:41:07,OP90002179,深证100ETF购12月3300,0.0397,0.0,0.0,0.0,40,0.039,0.0391,32,0.0412,0.0408,0.0408,0.0397,55.0,22106.0,1216
2023-05-10 09:41:08,OP90002179,深证100ETF购12月3300,0.0397,0.0,0.0,0.0,40,0.039,0.0391,32,0.0412,0.0408,0.0408,0.0397,55.0,22106.0,1216
2023-05-10 09:41:14,OP90002179,深证100ETF购12月3300,0.0397,0.0,0.0,0.0,40,0.039,0.0391,32,0.0412,0.0408,0.0408,0.0397,55.0,22106.0,1216
2023-05-10 09:41:22,OP90002179,深证100ETF购12月3300,0.0391,20.0,7820.0,0.0,40,0.039,0.0391,12,0.0412,0.0408,0.0408,0.0391,75.0,29926.0,1216
2023-05-10 09:41:22,OP90002179,深证100ETF购12月3300,0.0391,0.0,0.0,0.0,40,0.039,0.0391,12,0.0412,0.0408,0.0408,0.0391,75.0,29926.0,1216
2023-05-10 09:41:24,OP90002179,深证100ETF购12月3300,0.0391,0.0,0.0,0.0,40,0.039,0.0391,12,0.0412,0.0408,0.0408,0.0391,75.0,29926.0,1216
2023-05-10 09:41:25,OP90002179,深证100ETF购12月3300,0.0391,0.0,0.0,0.0,40,0.039,0.0391,12,0.0412,0.0408,0.0408,0.0391,75.0,29926.0,1216
2023-05-10 09:41:25,OP90002179,深证100ETF购12月3300,0.0391,0.0,0.0,0.0,40,0.039,0.0391,12,0.0412,0.0408,0.0408,0.0391,75.0,29926.0,1216
2023-05-10 09:41:29,OP90002179,深证100ETF购12月3300,0.0391,0.0,0.0,0.0,40,0.039,0.0391,12,0.0412,0.0408,0.0408,0.0391,75.0,29926.0,1216
2023-05-10 09:41:30,OP90002179,深证100ETF购12月3300,0.0391,0.0,0.0,0.0,40,0.039,0.0391,12,0.0412,0.0408,0.0408,0.0391,75.0,29926.0,1216
2023-05-10 09:41:33,OP90002179,深证100ETF购12月3300,0.0391,0.0,0.0,0.0,40,0.039,0.0391,12,0.0412,0.0408,0.0408,0.0391,75.0,29926.0,1216
2023-05-10 09:41:34,OP90002179,深证100ETF购12月3300,0.0391,0.0,0.0,0.0,60,0.039,0.0391,12,0.0412,0.0408,0.0408,0.0391,75.0,29926.0,1216
2023-05-10 09:41:34,OP90002179,深证100ETF购12月3300,0.0391,0.0,0.0,0.0,60,0.039,0.0391,12,0.0412,0.0408,0.0408,0.0391,75.0,29926.0,1216
2023-05-10 09:41:35,OP90002179,深证100ETF购12月3300,0.0391,0.0,0.0,0.0,60,0.039,0.0391,12,0.0412,0.0408,0.0408,0.0391,75.0,29926.0,1216
2023-05-10 09:41:35,OP90002179,深证100ETF购12月3300,0.0391,0.0,0.0,0.0,60,0.039,0.0391,12,0.0412,0.0408,0.0408,0.0391,75.0,29926.0,1216
2023-05-10 09:41:38,OP90002179,深证100ETF购12月3300,0.0391,0.0,0.0,0.0,60,0.039,0.0391,12,0.0412,0.0408,0.0408,0.0391,75.0,29926.0,1216
2023-05-10 09:41:39,OP90002179,深证100ETF购12月3300,0.0391,0.0,0.0,0.0,60,0.039,0.0391,12,0.0412,0.0408,0.0408,0.0391,75.0,29926.0,1216
2023-05-10 09:41:41,OP90002179,深证100ETF购12月3300,0.0391,0.0,0.0,0.0,60,0.039,0.0391,12,0.0412,0.0408,0.0408,0.0391,75.0,29926.0,1216
2023-05-10 09:41:41,OP90002179,深证100ETF购12月3300,0.0391,0.0,0.0,0.0,60,0.039,0.0391,12,0.0412,0.0408,0.0408,0.0391,75.0,29926.0,1216
2023-05-10 09:41:42,OP90002179,深证100ETF购12月3300,0.0391,0.0,0.0,0.0,60,0.039,0.0391,12,0.0412,0.0408,0.0408,0.0391,75.0,29926.0,1216
2023-05-10 09:41:43,OP90002179,深证100ETF购12月3300,0.0391,0.0,0.0,0.0,60,0.039,0.0391,12,0.0412,0.0408,0.0408,0.0391,75.0,29926.0,1216
2023-05-10 09:41:44,OP90002179,深证100ETF购12月3300,0.0391,0.0,0.0,0.0,60,0.039,0.0391,12,0.0412,0.0408,0.0408,0.0391,75.0,29926.0,1216
2023-05-10 09:41:44,OP90002179,深证100ETF购12月3300,0.0391,0.0,0.0,0.0,60,0.039,0.0391,12,0.0412,0.0408,0.0408,0.0391,75.0,29926.0,1216
2023-05-10 09:41:45,OP90002179,深证100ETF购12月3300,0.0391,0.0,0.0,0.0,60,0.039,0.0391,12,0.0412,0.0408,0.0408,0.0391,75.0,29926.0,1216
2023-05-10 09:41:48,OP90002179,深证100ETF购12月3300,0.0391,0.0,0.0,0.0,60,0.039,0.0391,12,0.0412,0.0408,0.0408,0.0391,75.0,29926.0,1216
2023-05-10 09:41:50,OP90002179,深证100ETF购12月3300,0.0391,0.0,0.0,0.0,60,0.039,0.0391,12,0.0412,0.0408,0.0408,0.0391,75.0,29926.0,1216
2023-05-10 09:41:50,OP90002179,深证100ETF购12月3300,0.0391,0.0,0.0,0.0,60,0.039,0.0391,12,0.0412,0.0408,0.0408,0.0391,75.0,29926.0,1216
2023-05-10 09:41:51,OP90002179,深证100ETF购12月3300,0.0391,0.0,0.0,0.0,60,0.039,0.0391,12,0.0412,0.0408,0.0408,0.0391,75.0,29926.0,1216
2023-05-10 09:41:52,OP90002179,深证100ETF购12月3300,0.0391,0.0,0.0,0.0,60,0.039,0.0391,12,0.0412,0.0408,0.0408,0.0391,75.0,29926.0,1216
2023-05-10 09:41:53,OP90002179,深证100ETF购12月3300,0.0391,0.0,0.0,0.0,60,0.039,0.0391,12,0.0412,0.0408,0.0408,0.0391,75.0,29926.0,1216
2023-05-10 09:41:53,OP90002179,深证100ETF购12月3300,0.0391,0.0,0.0,0.0,60,0.039,0.0391,12,0.0412,0.0408,0.0408,0.0391,75.0,29926.0,1216
2023-05-10 09:41:55,OP90002179,深证100ETF购12月3300,0.0391,0.0,0.0,0.0,60,0.039,0.0391,12,0.0412,0.0408,0.0408,0.0391,75.0,29926.0,1216
2023-05-10 09:41:56,OP90002179,深证100ETF购12月3300,0.0391,0.0,0.0,0.0,60,0.039,0.0391,12,0.0412,0.0408,0.0408,0.0391,75.0,29926.0,1216
2023-05-10 09:41:57,OP90002179,深证100ETF购12月3300,0.0391,0.0,0.0,0.0,60,0.039,0.0391,12,0.0412,0.0408,0.0408,0.0391,75.0,29926.0,1216
2023-05-10 09:41:57,OP90002179,深证100ETF购12月3300,0.0391,0.0,0.0,0.0,60,0.039,0.0391,12,0.0412,0.0408,0.0408,0.0391,75.0,29926.0,1216
2023-05-10 09:41:58,OP90002179,深证100ETF购12月3300,0.039,10.0,3900.0,10.0,50,0.039,0.0391,12,0.0412,0.0408,0.0408,0.039,85.0,33826.0,1226
2023-05-10 09:41:58,OP90002179,深证100ETF购12月3300,0.039,0.0,0.0,0.0,40,0.039,0.0391,12,0.0412,0.0408,0.0408,0.039,85.0,33826.0,1226
2023-05-10 09:41:59,OP90002179,深证100ETF购12月3300,0.039,0.0,0.0,0.0,40,0.039,0.0391,12,0.0412,0.0408,0.0408,0.039,85.0,33826.0,1226
2023-05-10 09:42:00,OP90002179,深证100ETF购12月3300,0.039,0.0,0.0,0.0,40,0.039,0.0391,12,0.0412,0.0408,0.0408,0.039,85.0,33826.0,1226
2023-05-10 09:42:00,OP90002179,深证100ETF购12月3300,0.039,0.0,0.0,0.0,40,0.039,0.0391,12,0.0412,0.0408,0.0408,0.039,85.0,33826.0,1226
2023-05-10 09:42:01,OP90002179,深证100ETF购12月3300,0.039,0.0,0.0,0.0,40,0.039,0.0391,12,0.0412,0.0408,0.0408,0.039,85.0,33826.0,1226
2023-05-10 09:42:02,OP90002179,深证100ETF购12月3300,0.039,0.0,0.0,0.0,40,0.039,0.0391,12,0.0412,0.0408,0.0408,0.039,85.0,33826.0,1226
2023-05-10 09:42:02,OP90002179,深证100ETF购12月3300,0.039,0.0,0.0,0.0,40,0.039,0.0391,12,0.0412,0.0408,0.0408,0.039,85.0,33826.0,1226
2023-05-10 09:42:03,OP90002179,深证100ETF购12月3300,0.039,0.0,0.0,0.0,20,0.039,0.0391,12,0.0412,0.0408,0.0408,0.039,85.0,33826.0,1226
2023-05-10 09:42:03,OP90002179,深证100ETF购12月3300,0.039,0.0,0.0,0.0,40,0.0389,0.0391,12,0.0412,0.0408,0.0408,0.039,85.0,33826.0,1226
2023-05-10 09:42:04,OP90002179,深证100ETF购12月3300,0.039,0.0,0.0,0.0,40,0.0389,0.0391,12,0.0412,0.0408,0.0408,0.039,85.0,33826.0,1226
2023-05-10 09:42:05,OP90002179,深证100ETF购12月3300,0.039,0.0,0.0,0.0,40,0.0389,0.0391,12,0.0412,0.0408,0.0408,0.039,85.0,33826.0,1226
2023-05-10 09:42:06,OP90002179,深证100ETF购12月3300,0.039,0.0,0.0,0.0,40,0.0389,0.0391,12,0.0412,0.0408,0.0408,0.039,85.0,33826.0,1226
2023-05-10 09:42:08,OP90002179,深证100ETF购12月3300,0.039,0.0,0.0,0.0,40,0.0389,0.0391,12,0.0412,0.0408,0.0408,0.039,85.0,33826.0,1226
2023-05-10 09:42:11,OP90002179,深证100ETF购12月3300,0.039,0.0,0.0,0.0,40,0.0389,0.0391,12,0.0412,0.0408,0.0408,0.039,85.0,33826.0,1226
2023-05-10 09:42:12,OP90002179,深证100ETF购12月3300,0.039,0.0,0.0,0.0,40,0.0389,0.0391,12,0.0412,0.0408,0.0408,0.039,85.0,33826.0,1226
2023-05-10 09:42:15,OP90002179,深证100ETF购12月3300,0.039,0.0,0.0,0.0,40,0.0389,0.0391,12,0.0412,0.0408,0.0408,0.039,85.0,33826.0,1226
2023-05-10 09:42:16,OP90002179,深证100ETF购12月3300,0.039,0.0,0.0,0.0,40,0.0389,0.0391,12,0.0412,0.0408,0.0408,0.039,85.0,33826.0,1226
2023-05-10 09:42:16,OP90002179,深证100ETF购12月3300,0.039,0.0,0.0,0.0,40,0.0389,0.0391,12,0.0412,0.0408,0.0408,0.039,85.0,33826.0,1226
2023-05-10 09:42:17,OP90002179,深证100ETF购12月3300,0.039,0.0,0.0,0.0,40,0.0389,0.0391,12,0.0412,0.0408,0.0408,0.039,85.0,33826.0,1226
2023-05-10 09:42:18,OP90002179,深证100ETF购12月3300,0.039,0.0,0.0,0.0,40,0.0389,0.0391,12,0.0412,0.0408,0.0408,0.039,85.0,33826.0,1226
2023-05-10 09:42:18,OP90002179,深证100ETF购12月3300,0.039,0.0,0.0,0.0,40,0.0389,0.0391,12,0.0412,0.0408,0.0408,0.039,85.0,33826.0,1226
2023-05-10 09:42:19,OP90002179,深证100ETF购12月3300,0.039,0.0,0.0,0.0,40,0.0389,0.0391,12,0.0412,0.0408,0.0408,0.039,85.0,33826.0,1226
2023-05-10 09:42:20,OP90002179,深证100ETF购12月3300,0.039,0.0,0.0,0.0,40,0.0389,0.0391,12,0.0412,0.0408,0.0408,0.039,85.0,33826.0,1226
2023-05-10 09:42:21,OP90002179,深证100ETF购12月3300,0.039,0.0,0.0,0.0,40,0.0389,0.0391,12,0.0412,0.0408,0.0408,0.039,85.0,33826.0,1226
2023-05-10 09:42:21,OP90002179,深证100ETF购12月3300,0.039,0.0,0.0,0.0,40,0.0389,0.0391,12,0.0412,0.0408,0.0408,0.039,85.0,33826.0,1226
2023-05-10 09:42:22,OP90002179,深证100ETF购12月3300,0.039,0.0,0.0,0.0,40,0.0389,0.0391,12,0.0412,0.0408,0.0408,0.039,85.0,33826.0,1226
2023-05-10 09:42:24,OP90002179,深证100ETF购12月3300,0.039,0.0,0.0,0.0,40,0.0389,0.0391,12,0.0412,0.0408,0.0408,0.039,85.0,33826.0,1226
2023-05-10 09:42:28,OP90002179,深证100ETF购12月3300,0.039,0.0,0.0,0.0,40,0.0389,0.0391,12,0.0412,0.0408,0.0408,0.039,85.0,33826.0,1226
2023-05-10 09:42:29,OP90002179,深证100ETF购12月3300,0.039,0.0,0.0,0.0,40,0.0389,0.0391,12,0.0412,0.0408,0.0408,0.039,85.0,33826.0,1226
2023-05-10 09:42:38,OP90002179,深证100ETF购12月3300,0.039,0.0,0.0,0.0,40,0.0389,0.0391,12,0.0412,0.0408,0.0408,0.039,85.0,33826.0,1226
2023-05-10 09:42:40,OP90002179,深证100ETF购12月3300,0.0389,5.0,1945.0,5.0,35,0.0389,0.0391,12,0.0412,0.0408,0.0408,0.0389,90.0,35771.0,1231
2023-05-10 09:42:41,OP90002179,深证100ETF购12月3300,0.0389,0.0,0.0,0.0,20,0.0388,0.0391,12,0.0412,0.0408,0.0408,0.0389,90.0,35771.0,1231
2023-05-10 09:42:42,OP90002179,深证100ETF购12月3300,0.0389,0.0,0.0,0.0,20,0.0388,0.0391,12,0.0412,0.0408,0.0408,0.0389,90.0,35771.0,1231
2023-05-10 09:42:43,OP90002179,深证100ETF购12月3300,0.0389,0.0,0.0,0.0,20,0.0388,0.0391,12,0.0412,0.0408,0.0408,0.0389,90.0,35771.0,1231
2023-05-10 09:42:45,OP90002179,深证100ETF购12月3300,0.0389,0.0,0.0,0.0,20,0.0388,0.0391,12,0.0412,0.0408,0.0408,0.0389,90.0,35771.0,1231
2023-05-10 09:42:46,OP90002179,深证100ETF购12月3300,0.0389,0.0,0.0,0.0,20,0.0388,0.0391,12,0.0412,0.0408,0.0408,0.0389,90.0,35771.0,1231
2023-05-10 09:42:47,OP90002179,深证100ETF购12月3300,0.0389,0.0,0.0,0.0,20,0.0388,0.0391,12,0.0412,0.0408,0.0408,0.0389,90.0,35771.0,1231
2023-05-10 09:42:48,OP90002179,深证100ETF购12月3300,0.0389,0.0,0.0,0.0,20,0.0388,0.0391,12,0.0412,0.0408,0.0408,0.0389,90.0,35771.0,1231
2023-05-10 09:42:50,OP90002179,深证100ETF购12月3300,0.0389,0.0,0.0,0.0,20,0.0388,0.0391,12,0.0412,0.0408,0.0408,0.0389,90.0,35771.0,1231
2023-05-10 09:42:51,OP90002179,深证100ETF购12月3300,0.0389,0.0,0.0,0.0,20,0.0388,0.0391,12,0.0412,0.0408,0.0408,0.0389,90.0,35771.0,1231
2023-05-10 09:43:00,OP90002179,深证100ETF购12月3300,0.0389,0.0,0.0,0.0,20,0.0388,0.0391,12,0.0412,0.0408,0.0408,0.0389,90.0,35771.0,1231
2023-05-10 09:43:01,OP90002179,深证100ETF购12月3300,0.0389,0.0,0.0,0.0,20,0.0388,0.0391,12,0.0412,0.0408,0.0408,0.0389,90.0,35771.0,1231
2023-05-10 09:43:02,OP90002179,深证100ETF购12月3300,0.0389,0.0,0.0,0.0,20,0.0388,0.0391,12,0.0412,0.0408,0.0408,0.0389,90.0,35771.0,1231
2023-05-10 09:43:04,OP90002179,深证100ETF购12月3300,0.0389,0.0,0.0,0.0,20,0.0388,0.0391,12,0.0412,0.0408,0.0408,0.0389,90.0,35771.0,1231
2023-05-10 09:43:05,OP90002179,深证100ETF购12月3300,0.0389,0.0,0.0,0.0,20,0.0388,0.0391,12,0.0412,0.0408,0.0408,0.0389,90.0,35771.0,1231
2023-05-10 09:43:06,OP90002179,深证100ETF购12月3300,0.0389,0.0,0.0,0.0,20,0.0388,0.0391,12,0.0412,0.0408,0.0408,0.0389,90.0,35771.0,1231
2023-05-10 09:43:06,OP90002179,深证100ETF购12月3300,0.0389,0.0,0.0,0.0,20,0.0388,0.0391,12,0.0412,0.0408,0.0408,0.0389,90.0,35771.0,1231
2023-05-10 09:43:07,OP90002179,深证100ETF购12月3300,0.0389,0.0,0.0,0.0,20,0.0388,0.0391,12,0.0412,0.0408,0.0408,0.0389,90.0,35771.0,1231
2023-05-10 09:43:09,OP90002179,深证100ETF购12月3300,0.0389,0.0,0.0,0.0,20,0.0388,0.0391,12,0.0412,0.0408,0.0408,0.0389,90.0,35771.0,1231
2023-05-10 09:43:09,OP90002179,深证100ETF购12月3300,0.0389,0.0,0.0,0.0,20,0.0388,0.0391,12,0.0412,0.0408,0.0408,0.0389,90.0,35771.0,1231
2023-05-10 09:43:11,OP90002179,深证100ETF购12月3300,0.0389,0.0,0.0,0.0,20,0.0388,0.0391,12,0.0412,0.0408,0.0408,0.0389,90.0,35771.0,1231
2023-05-10 09:43:12,OP90002179,深证100ETF购12月3300,0.0389,0.0,0.0,0.0,20,0.0388,0.0391,12,0.0412,0.0408,0.0408,0.0389,90.0,35771.0,1231
2023-05-10 09:43:15,OP90002179,深证100ETF购12月3300,0.0389,0.0,0.0,0.0,20,0.0388,0.0391,12,0.0412,0.0408,0.0408,0.0389,90.0,35771.0,1231
2023-05-10 09:43:15,OP90002179,深证100ETF购12月3300,0.0389,0.0,0.0,0.0,20,0.0388,0.0391,12,0.0412,0.0408,0.0408,0.0389,90.0,35771.0,1231
2023-05-10 09:43:16,OP90002179,深证100ETF购12月3300,0.0389,0.0,0.0,0.0,20,0.0388,0.0391,12,0.0412,0.0408,0.0408,0.0389,90.0,35771.0,1231
2023-05-10 09:43:17,OP90002179,深证100ETF购12月3300,0.0389,0.0,0.0,0.0,20,0.0388,0.0391,12,0.0412,0.0408,0.0408,0.0389,90.0,35771.0,1231
2023-05-10 09:43:17,OP90002179,深证100ETF购12月3300,0.0389,0.0,0.0,0.0,20,0.0388,0.0391,12,0.0412,0.0408,0.0408,0.0389,90.0,35771.0,1231
2023-05-10 09:43:18,OP90002179,深证100ETF购12月3300,0.0389,0.0,0.0,0.0,20,0.0388,0.0391,12,0.0412,0.0408,0.0408,0.0389,90.0,35771.0,1231
2023-05-10 09:43:19,OP90002179,深证100ETF购12月3300,0.0389,0.0,0.0,0.0,20,0.0388,0.0391,12,0.0412,0.0408,0.0408,0.0389,90.0,35771.0,1231
2023-05-10 09:43:21,OP90002179,深证100ETF购12月3300,0.0389,0.0,0.0,0.0,20,0.0388,0.0391,12,0.0412,0.0408,0.0408,0.0389,90.0,35771.0,1231
2023-05-10 09:43:22,OP90002179,深证100ETF购12月3300,0.0389,0.0,0.0,0.0,20,0.0388,0.0391,12,0.0412,0.0408,0.0408,0.0389,90.0,35771.0,1231
2023-05-10 09:43:23,OP90002179,深证100ETF购12月3300,0.0389,0.0,0.0,0.0,20,0.0388,0.0391,12,0.0412,0.0408,0.0408,0.0389,90.0,35771.0,1231
2023-05-10 09:43:24,OP90002179,深证100ETF购12月3300,0.0389,0.0,0.0,0.0,20,0.0388,0.0391,12,0.0412,0.0408,0.0408,0.0389,90.0,35771.0,1231
2023-05-10 09:43:26,OP90002179,深证100ETF购12月3300,0.0389,0.0,0.0,0.0,20,0.0388,0.0391,12,0.0412,0.0408,0.0408,0.0389,90.0,35771.0,1231
2023-05-10 09:43:27,OP90002179,深证100ETF购12月3300,0.0389,0.0,0.0,0.0,20,0.0387,0.0391,12,0.0412,0.0408,0.0408,0.0389,90.0,35771.0,1231
2023-05-10 09:43:27,OP90002179,深证100ETF购12月3300,0.0389,0.0,0.0,0.0,80,0.0386,0.0391,12,0.0412,0.0408,0.0408,0.0389,90.0,35771.0,1231
2023-05-10 09:43:28,OP90002179,深证100ETF购12月3300,0.0389,0.0,0.0,0.0,60,0.0386,0.0391,12,0.0412,0.0408,0.0408,0.0389,90.0,35771.0,1231
2023-05-10 09:43:28,OP90002179,深证100ETF购12月3300,0.0389,0.0,0.0,0.0,40,0.0386,0.0391,12,0.0412,0.0408,0.0408,0.0389,90.0,35771.0,1231
2023-05-10 09:43:29,OP90002179,深证100ETF购12月3300,0.0389,0.0,0.0,0.0,40,0.0386,0.0391,12,0.0412,0.0408,0.0408,0.0389,90.0,35771.0,1231
2023-05-10 09:43:30,OP90002179,深证100ETF购12月3300,0.0389,0.0,0.0,0.0,40,0.0386,0.0391,12,0.0412,0.0408,0.0408,0.0389,90.0,35771.0,1231
2023-05-10 09:43:31,OP90002179,深证100ETF购12月3300,0.0389,0.0,0.0,0.0,40,0.0386,0.0391,12,0.0412,0.0408,0.0408,0.0389,90.0,35771.0,1231
2023-05-10 09:43:32,OP90002179,深证100ETF购12月3300,0.0389,0.0,0.0,0.0,20,0.0388,0.0391,12,0.0412,0.0408,0.0408,0.0389,90.0,35771.0,1231
2023-05-10 09:43:33,OP90002179,深证100ETF购12月3300,0.0389,0.0,0.0,0.0,20,0.0388,0.0391,12,0.0412,0.0408,0.0408,0.0389,90.0,35771.0,1231
2023-05-10 09:43:34,OP90002179,深证100ETF购12月3300,0.0389,0.0,0.0,0.0,20,0.0388,0.0391,12,0.0412,0.0408,0.0408,0.0389,90.0,35771.0,1231
2023-05-10 09:43:35,OP90002179,深证100ETF购12月3300,0.0389,0.0,0.0,0.0,20,0.0388,0.0391,12,0.0412,0.0408,0.0408,0.0389,90.0,35771.0,1231
2023-05-10 09:43:38,OP90002179,深证100ETF购12月3300,0.0389,0.0,0.0,0.0,20,0.0388,0.0391,13,0.0412,0.0408,0.0408,0.0389,90.0,35771.0,1231
2023-05-10 09:43:40,OP90002179,深证100ETF购12月3300,0.0389,0.0,0.0,0.0,20,0.0386,0.0391,13,0.0412,0.0408,0.0408,0.0389,90.0,35771.0,1231
2023-05-10 09:43:40,OP90002179,深证100ETF购12月3300,0.0389,0.0,0.0,0.0,40,0.0385,0.0391,23,0.0412,0.0408,0.0408,0.0389,90.0,35771.0,1231
2023-05-10 09:43:41,OP90002179,深证100ETF购12月3300,0.0389,0.0,0.0,0.0,40,0.0385,0.0391,23,0.0412,0.0408,0.0408,0.0389,90.0,35771.0,1231
2023-05-10 09:43:41,OP90002179,深证100ETF购12月3300,0.0389,0.0,0.0,0.0,40,0.0385,0.0391,23,0.0412,0.0408,0.0408,0.0389,90.0,35771.0,1231
2023-05-10 09:43:42,OP90002179,深证100ETF购12月3300,0.0389,0.0,0.0,0.0,40,0.0385,0.0391,23,0.0412,0.0408,0.0408,0.0389,90.0,35771.0,1231
2023-05-10 09:43:44,OP90002179,深证100ETF购12月3300,0.0389,0.0,0.0,0.0,40,0.0385,0.0391,23,0.0412,0.0408,0.0408,0.0389,90.0,35771.0,1231
