time,symbol_id,symbol_name,last,trade_volume,trade_amount,open_interest_change,bv1,bp1,ap1,av1,yesterday_close,today_open,today_high,today_low,volume,amount,open_interest
2023-05-10 08:30:02,OP90002114,深证100ETF沽12月2700,0.0,0.0,0.0,-47.0,0,0.0,0.0,0,0.0817,0.0855,0.0,0.0,0.0,0.0,977
2023-05-10 09:25:00,OP90002114,深证100ETF沽12月2700,0.0,0.0,0.0,0.0,1,0.0787,0.0854,1,0.0817,0.0855,0.0,0.0,0.0,0.0,977
2023-05-10 09:30:00,OP90002114,深证100ETF沽12月2700,0.0,0.0,0.0,0.0,1,0.0787,0.0854,1,0.0817,0.0855,0.0,0.0,0.0,0.0,977
2023-05-10 09:30:00,OP90002114,深证100ETF沽12月2700,0.0,0.0,0.0,0.0,1,0.0787,0.0855,2,0.0817,0.0855,0.0,0.0,0.0,0.0,977
2023-05-10 09:30:01,OP90002114,深证100ETF沽12月2700,0.0,0.0,0.0,0.0,20,0.0781,0.0855,2,0.0817,0.0855,0.0,0.0,0.0,0.0,977
2023-05-10 09:30:02,OP90002114,深证100ETF沽12月2700,0.0,0.0,0.0,0.0,20,0.0781,0.0855,2,0.0817,0.0855,0.0,0.0,0.0,0.0,977
2023-05-10 09:30:09,OP90002114,深证100ETF沽12月2700,0.0,0.0,0.0,0.0,20,0.0781,0.0855,2,0.0817,0.0855,0.0,0.0,0.0,0.0,977
2023-05-10 09:30:18,OP90002114,深证100ETF沽12月2700,0.0,0.0,0.0,0.0,20,0.0817,0.0855,2,0.0817,0.0855,0.0,0.0,0.0,0.0,977
2023-05-10 09:30:18,OP90002114,深证100ETF沽12月2700,0.0,0.0,0.0,0.0,20,0.0817,0.0855,2,0.0817,0.0855,0.0,0.0,0.0,0.0,977
2023-05-10 09:30:19,OP90002114,深证100ETF沽12月2700,0.0,0.0,0.0,0.0,20,0.0814,0.0855,2,0.0817,0.0855,0.0,0.0,0.0,0.0,977
2023-05-10 09:30:20,OP90002114,深证100ETF沽12月2700,0.0,0.0,0.0,0.0,20,0.0817,0.0855,2,0.0817,0.0855,0.0,0.0,0.0,0.0,977
2023-05-10 09:30:21,OP90002114,深证100ETF沽12月2700,0.0,0.0,0.0,0.0,20,0.082,0.0855,2,0.0817,0.0855,0.0,0.0,0.0,0.0,977
2023-05-10 09:30:23,OP90002114,深证100ETF沽12月2700,0.0,0.0,0.0,0.0,20,0.082,0.0855,2,0.0817,0.0855,0.0,0.0,0.0,0.0,977
2023-05-10 09:30:24,OP90002114,深证100ETF沽12月2700,0.0,0.0,0.0,0.0,20,0.0817,0.0855,2,0.0817,0.0855,0.0,0.0,0.0,0.0,977
2023-05-10 09:30:29,OP90002114,深证100ETF沽12月2700,0.0,0.0,0.0,0.0,20,0.082,0.0855,2,0.0817,0.0855,0.0,0.0,0.0,0.0,977
2023-05-10 09:30:29,OP90002114,深证100ETF沽12月2700,0.0,0.0,0.0,0.0,20,0.082,0.0855,2,0.0817,0.0855,0.0,0.0,0.0,0.0,977
2023-05-10 09:30:30,OP90002114,深证100ETF沽12月2700,0.0,0.0,0.0,0.0,20,0.082,0.0855,2,0.0817,0.0855,0.0,0.0,0.0,0.0,977
2023-05-10 09:30:30,OP90002114,深证100ETF沽12月2700,0.0,0.0,0.0,0.0,20,0.082,0.0855,2,0.0817,0.0855,0.0,0.0,0.0,0.0,977
2023-05-10 09:30:31,OP90002114,深证100ETF沽12月2700,0.0,0.0,0.0,0.0,20,0.0823,0.0855,2,0.0817,0.0855,0.0,0.0,0.0,0.0,977
2023-05-10 09:30:31,OP90002114,深证100ETF沽12月2700,0.0,0.0,0.0,0.0,20,0.0823,0.0855,2,0.0817,0.0855,0.0,0.0,0.0,0.0,977
2023-05-10 09:30:39,OP90002114,深证100ETF沽12月2700,0.0,0.0,0.0,0.0,20,0.0823,0.0855,2,0.0817,0.0855,0.0,0.0,0.0,0.0,977
2023-05-10 09:30:40,OP90002114,深证100ETF沽12月2700,0.0,0.0,0.0,0.0,20,0.0826,0.0855,2,0.0817,0.0855,0.0,0.0,0.0,0.0,977
2023-05-10 09:30:42,OP90002114,深证100ETF沽12月2700,0.0,0.0,0.0,0.0,20,0.0826,0.0855,2,0.0817,0.0855,0.0,0.0,0.0,0.0,977
2023-05-10 09:30:42,OP90002114,深证100ETF沽12月2700,0.0,0.0,0.0,0.0,20,0.0826,0.0855,2,0.0817,0.0855,0.0,0.0,0.0,0.0,977
2023-05-10 09:30:43,OP90002114,深证100ETF沽12月2700,0.0,0.0,0.0,0.0,20,0.0826,0.0855,2,0.0817,0.0855,0.0,0.0,0.0,0.0,977
2023-05-10 09:30:43,OP90002114,深证100ETF沽12月2700,0.0,0.0,0.0,0.0,20,0.0826,0.0855,3,0.0817,0.0855,0.0,0.0,0.0,0.0,977
2023-05-10 09:30:44,OP90002114,深证100ETF沽12月2700,0.0,0.0,0.0,0.0,20,0.0826,0.0855,3,0.0817,0.0855,0.0,0.0,0.0,0.0,977
2023-05-10 09:30:44,OP90002114,深证100ETF沽12月2700,0.0,0.0,0.0,0.0,20,0.0826,0.0855,3,0.0817,0.0855,0.0,0.0,0.0,0.0,977
2023-05-10 09:30:45,OP90002114,深证100ETF沽12月2700,0.0,0.0,0.0,0.0,20,0.0826,0.0855,3,0.0817,0.0855,0.0,0.0,0.0,0.0,977
2023-05-10 09:30:45,OP90002114,深证100ETF沽12月2700,0.0,0.0,0.0,0.0,20,0.0826,0.0855,3,0.0817,0.0855,0.0,0.0,0.0,0.0,977
2023-05-10 09:30:46,OP90002114,深证100ETF沽12月2700,0.0,0.0,0.0,0.0,20,0.0826,0.0855,3,0.0817,0.0855,0.0,0.0,0.0,0.0,977
2023-05-10 09:30:46,OP90002114,深证100ETF沽12月2700,0.0,0.0,0.0,0.0,20,0.0826,0.0855,3,0.0817,0.0855,0.0,0.0,0.0,0.0,977
2023-05-10 09:30:47,OP90002114,深证100ETF沽12月2700,0.0,0.0,0.0,0.0,20,0.0826,0.0855,3,0.0817,0.0855,0.0,0.0,0.0,0.0,977
2023-05-10 09:30:47,OP90002114,深证100ETF沽12月2700,0.0,0.0,0.0,0.0,20,0.0826,0.0855,3,0.0817,0.0855,0.0,0.0,0.0,0.0,977
2023-05-10 09:30:48,OP90002114,深证100ETF沽12月2700,0.0,0.0,0.0,0.0,20,0.0826,0.0855,3,0.0817,0.0855,0.0,0.0,0.0,0.0,977
2023-05-10 09:30:48,OP90002114,深证100ETF沽12月2700,0.0,0.0,0.0,0.0,20,0.0826,0.0855,3,0.0817,0.0855,0.0,0.0,0.0,0.0,977
2023-05-10 09:30:49,OP90002114,深证100ETF沽12月2700,0.0,0.0,0.0,0.0,20,0.0826,0.0855,3,0.0817,0.0855,0.0,0.0,0.0,0.0,977
2023-05-10 09:30:50,OP90002114,深证100ETF沽12月2700,0.0,0.0,0.0,0.0,20,0.0829,0.0855,3,0.0817,0.0855,0.0,0.0,0.0,0.0,977
2023-05-10 09:30:51,OP90002114,深证100ETF沽12月2700,0.0,0.0,0.0,0.0,20,0.0829,0.0855,3,0.0817,0.0855,0.0,0.0,0.0,0.0,977
2023-05-10 09:30:51,OP90002114,深证100ETF沽12月2700,0.0,0.0,0.0,0.0,20,0.0829,0.0855,3,0.0817,0.0855,0.0,0.0,0.0,0.0,977
2023-05-10 09:31:00,OP90002114,深证100ETF沽12月2700,0.0,0.0,0.0,0.0,20,0.0829,0.0855,3,0.0817,0.0855,0.0,0.0,0.0,0.0,977
2023-05-10 09:31:01,OP90002114,深证100ETF沽12月2700,0.0,0.0,0.0,0.0,20,0.0832,0.0855,3,0.0817,0.0855,0.0,0.0,0.0,0.0,977
2023-05-10 09:31:01,OP90002114,深证100ETF沽12月2700,0.0,0.0,0.0,0.0,20,0.0832,0.0855,3,0.0817,0.0855,0.0,0.0,0.0,0.0,977
2023-05-10 09:31:02,OP90002114,深证100ETF沽12月2700,0.0,0.0,0.0,0.0,20,0.0832,0.0855,3,0.0817,0.0855,0.0,0.0,0.0,0.0,977
2023-05-10 09:31:02,OP90002114,深证100ETF沽12月2700,0.0,0.0,0.0,0.0,20,0.0832,0.0855,3,0.0817,0.0855,0.0,0.0,0.0,0.0,977
2023-05-10 09:31:03,OP90002114,深证100ETF沽12月2700,0.0,0.0,0.0,0.0,20,0.0832,0.0855,3,0.0817,0.0855,0.0,0.0,0.0,0.0,977
2023-05-10 09:31:03,OP90002114,深证100ETF沽12月2700,0.0,0.0,0.0,0.0,20,0.0832,0.0855,3,0.0817,0.0855,0.0,0.0,0.0,0.0,977
2023-05-10 09:31:04,OP90002114,深证100ETF沽12月2700,0.0,0.0,0.0,0.0,20,0.0832,0.0855,3,0.0817,0.0855,0.0,0.0,0.0,0.0,977
2023-05-10 09:31:05,OP90002114,深证100ETF沽12月2700,0.0,0.0,0.0,0.0,20,0.0835,0.0855,3,0.0817,0.0855,0.0,0.0,0.0,0.0,977
2023-05-10 09:31:06,OP90002114,深证100ETF沽12月2700,0.0,0.0,0.0,0.0,20,0.0835,0.0855,3,0.0817,0.0855,0.0,0.0,0.0,0.0,977
2023-05-10 09:31:06,OP90002114,深证100ETF沽12月2700,0.0,0.0,0.0,0.0,20,0.0835,0.0855,3,0.0817,0.0855,0.0,0.0,0.0,0.0,977
2023-05-10 09:31:07,OP90002114,深证100ETF沽12月2700,0.0,0.0,0.0,0.0,20,0.0835,0.0855,3,0.0817,0.0855,0.0,0.0,0.0,0.0,977
2023-05-10 09:31:07,OP90002114,深证100ETF沽12月2700,0.0,0.0,0.0,0.0,20,0.0835,0.0855,3,0.0817,0.0855,0.0,0.0,0.0,0.0,977
2023-05-10 09:31:09,OP90002114,深证100ETF沽12月2700,0.0,0.0,0.0,0.0,20,0.0838,0.0855,3,0.0817,0.0855,0.0,0.0,0.0,0.0,977
2023-05-10 09:31:10,OP90002114,深证100ETF沽12月2700,0.0,0.0,0.0,0.0,20,0.0838,0.0855,3,0.0817,0.0855,0.0,0.0,0.0,0.0,977
2023-05-10 09:31:10,OP90002114,深证100ETF沽12月2700,0.0,0.0,0.0,0.0,20,0.0838,0.0855,3,0.0817,0.0855,0.0,0.0,0.0,0.0,977
2023-05-10 09:31:11,OP90002114,深证100ETF沽12月2700,0.0,0.0,0.0,0.0,20,0.0838,0.0855,3,0.0817,0.0855,0.0,0.0,0.0,0.0,977
2023-05-10 09:31:11,OP90002114,深证100ETF沽12月2700,0.0,0.0,0.0,0.0,20,0.0838,0.0855,3,0.0817,0.0855,0.0,0.0,0.0,0.0,977
2023-05-10 09:31:12,OP90002114,深证100ETF沽12月2700,0.0,0.0,0.0,0.0,20,0.0838,0.0855,3,0.0817,0.0855,0.0,0.0,0.0,0.0,977
2023-05-10 09:31:12,OP90002114,深证100ETF沽12月2700,0.0,0.0,0.0,0.0,20,0.0838,0.0855,3,0.0817,0.0855,0.0,0.0,0.0,0.0,977
2023-05-10 09:31:13,OP90002114,深证100ETF沽12月2700,0.0,0.0,0.0,0.0,20,0.0838,0.0855,3,0.0817,0.0855,0.0,0.0,0.0,0.0,977
2023-05-10 09:31:13,OP90002114,深证100ETF沽12月2700,0.0,0.0,0.0,0.0,20,0.0838,0.0855,3,0.0817,0.0855,0.0,0.0,0.0,0.0,977
2023-05-10 09:31:14,OP90002114,深证100ETF沽12月2700,0.0,0.0,0.0,0.0,20,0.0838,0.0855,3,0.0817,0.0855,0.0,0.0,0.0,0.0,977
2023-05-10 09:31:14,OP90002114,深证100ETF沽12月2700,0.0,0.0,0.0,0.0,20,0.0838,0.0855,3,0.0817,0.0855,0.0,0.0,0.0,0.0,977
2023-05-10 09:31:15,OP90002114,深证100ETF沽12月2700,0.0,0.0,0.0,0.0,20,0.0838,0.0855,3,0.0817,0.0855,0.0,0.0,0.0,0.0,977
2023-05-10 09:31:15,OP90002114,深证100ETF沽12月2700,0.0,0.0,0.0,0.0,20,0.0838,0.0855,3,0.0817,0.0855,0.0,0.0,0.0,0.0,977
2023-05-10 09:31:16,OP90002114,深证100ETF沽12月2700,0.0,0.0,0.0,0.0,20,0.0838,0.0855,3,0.0817,0.0855,0.0,0.0,0.0,0.0,977
2023-05-10 09:31:16,OP90002114,深证100ETF沽12月2700,0.0,0.0,0.0,0.0,20,0.0838,0.0855,3,0.0817,0.0855,0.0,0.0,0.0,0.0,977
2023-05-10 09:31:19,OP90002114,深证100ETF沽12月2700,0.0,0.0,0.0,0.0,20,0.0838,0.0855,3,0.0817,0.0855,0.0,0.0,0.0,0.0,977
2023-05-10 09:31:20,OP90002114,深证100ETF沽12月2700,0.0,0.0,0.0,0.0,20,0.0841,0.0855,3,0.0817,0.0855,0.0,0.0,0.0,0.0,977
2023-05-10 09:31:20,OP90002114,深证100ETF沽12月2700,0.0,0.0,0.0,0.0,20,0.0838,0.0855,3,0.0817,0.0855,0.0,0.0,0.0,0.0,977
2023-05-10 09:31:21,OP90002114,深证100ETF沽12月2700,0.0,0.0,0.0,0.0,20,0.0838,0.0855,3,0.0817,0.0855,0.0,0.0,0.0,0.0,977
2023-05-10 09:31:27,OP90002114,深证100ETF沽12月2700,0.0,0.0,0.0,0.0,20,0.0838,0.0854,1,0.0817,0.0855,0.0,0.0,0.0,0.0,977
2023-05-10 09:31:28,OP90002114,深证100ETF沽12月2700,0.0,0.0,0.0,0.0,20,0.0838,0.0854,1,0.0817,0.0855,0.0,0.0,0.0,0.0,977
2023-05-10 09:31:28,OP90002114,深证100ETF沽12月2700,0.0,0.0,0.0,0.0,20,0.0838,0.0854,1,0.0817,0.0855,0.0,0.0,0.0,0.0,977
2023-05-10 09:31:29,OP90002114,深证100ETF沽12月2700,0.0,0.0,0.0,0.0,20,0.0841,0.0854,1,0.0817,0.0855,0.0,0.0,0.0,0.0,977
2023-05-10 09:31:30,OP90002114,深证100ETF沽12月2700,0.0,0.0,0.0,0.0,20,0.0841,0.0854,1,0.0817,0.0855,0.0,0.0,0.0,0.0,977
2023-05-10 09:31:32,OP90002114,深证100ETF沽12月2700,0.0,0.0,0.0,0.0,20,0.0838,0.0854,1,0.0817,0.0855,0.0,0.0,0.0,0.0,977
2023-05-10 09:31:32,OP90002114,深证100ETF沽12月2700,0.0,0.0,0.0,0.0,20,0.0842,0.0854,1,0.0817,0.0855,0.0,0.0,0.0,0.0,977
2023-05-10 09:31:33,OP90002114,深证100ETF沽12月2700,0.0,0.0,0.0,0.0,20,0.0842,0.0854,1,0.0817,0.0855,0.0,0.0,0.0,0.0,977
2023-05-10 09:31:34,OP90002114,深证100ETF沽12月2700,0.0,0.0,0.0,0.0,20,0.0845,0.0854,1,0.0817,0.0855,0.0,0.0,0.0,0.0,977
2023-05-10 09:31:35,OP90002114,深证100ETF沽12月2700,0.0,0.0,0.0,0.0,20,0.0842,0.0854,1,0.0817,0.0855,0.0,0.0,0.0,0.0,977
2023-05-10 09:31:38,OP90002114,深证100ETF沽12月2700,0.0,0.0,0.0,0.0,20,0.0842,0.0853,1,0.0817,0.0855,0.0,0.0,0.0,0.0,977
2023-05-10 09:31:43,OP90002114,深证100ETF沽12月2700,0.0,0.0,0.0,0.0,20,0.0839,0.0853,1,0.0817,0.0855,0.0,0.0,0.0,0.0,977
2023-05-10 09:31:44,OP90002114,深证100ETF沽12月2700,0.0,0.0,0.0,0.0,20,0.0839,0.0853,1,0.0817,0.0855,0.0,0.0,0.0,0.0,977
2023-05-10 09:31:44,OP90002114,深证100ETF沽12月2700,0.0,0.0,0.0,0.0,20,0.0839,0.0853,1,0.0817,0.0855,0.0,0.0,0.0,0.0,977
2023-05-10 09:31:45,OP90002114,深证100ETF沽12月2700,0.0,0.0,0.0,0.0,20,0.0843,0.0853,1,0.0817,0.0855,0.0,0.0,0.0,0.0,977
2023-05-10 09:31:46,OP90002114,深证100ETF沽12月2700,0.0,0.0,0.0,0.0,20,0.0843,0.0853,1,0.0817,0.0855,0.0,0.0,0.0,0.0,977
2023-05-10 09:31:46,OP90002114,深证100ETF沽12月2700,0.0,0.0,0.0,0.0,20,0.0843,0.0853,1,0.0817,0.0855,0.0,0.0,0.0,0.0,977
2023-05-10 09:31:47,OP90002114,深证100ETF沽12月2700,0.0,0.0,0.0,0.0,20,0.0839,0.0853,1,0.0817,0.0855,0.0,0.0,0.0,0.0,977
2023-05-10 09:31:48,OP90002114,深证100ETF沽12月2700,0.0,0.0,0.0,0.0,20,0.0839,0.0852,1,0.0817,0.0855,0.0,0.0,0.0,0.0,977
2023-05-10 09:31:50,OP90002114,深证100ETF沽12月2700,0.0,0.0,0.0,0.0,20,0.0839,0.0852,1,0.0817,0.0855,0.0,0.0,0.0,0.0,977
2023-05-10 09:31:56,OP90002114,深证100ETF沽12月2700,0.0,0.0,0.0,0.0,20,0.0836,0.0852,1,0.0817,0.0855,0.0,0.0,0.0,0.0,977
2023-05-10 09:31:58,OP90002114,深证100ETF沽12月2700,0.0,0.0,0.0,0.0,20,0.0836,0.0851,1,0.0817,0.0855,0.0,0.0,0.0,0.0,977
2023-05-10 09:32:00,OP90002114,深证100ETF沽12月2700,0.0,0.0,0.0,0.0,20,0.0836,0.0851,1,0.0817,0.0855,0.0,0.0,0.0,0.0,977
2023-05-10 09:32:01,OP90002114,深证100ETF沽12月2700,0.0,0.0,0.0,0.0,20,0.0836,0.0851,1,0.0817,0.0855,0.0,0.0,0.0,0.0,977
2023-05-10 09:32:05,OP90002114,深证100ETF沽12月2700,0.0,0.0,0.0,0.0,20,0.0836,0.0851,1,0.0817,0.0855,0.0,0.0,0.0,0.0,977
2023-05-10 09:32:06,OP90002114,深证100ETF沽12月2700,0.0,0.0,0.0,0.0,20,0.0836,0.0851,1,0.0817,0.0855,0.0,0.0,0.0,0.0,977
2023-05-10 09:32:07,OP90002114,深证100ETF沽12月2700,0.0,0.0,0.0,0.0,20,0.0839,0.0851,1,0.0817,0.0855,0.0,0.0,0.0,0.0,977
2023-05-10 09:32:10,OP90002114,深证100ETF沽12月2700,0.0,0.0,0.0,0.0,20,0.0835,0.0851,1,0.0817,0.0855,0.0,0.0,0.0,0.0,977
2023-05-10 09:32:11,OP90002114,深证100ETF沽12月2700,0.0,0.0,0.0,0.0,20,0.0838,0.0851,1,0.0817,0.0855,0.0,0.0,0.0,0.0,977
2023-05-10 09:32:12,OP90002114,深证100ETF沽12月2700,0.0,0.0,0.0,0.0,20,0.0838,0.0851,1,0.0817,0.0855,0.0,0.0,0.0,0.0,977
2023-05-10 09:32:18,OP90002114,深证100ETF沽12月2700,0.0,0.0,0.0,0.0,20,0.0838,0.0851,1,0.0817,0.0855,0.0,0.0,0.0,0.0,977
2023-05-10 09:32:19,OP90002114,深证100ETF沽12月2700,0.0,0.0,0.0,0.0,20,0.0838,0.0851,1,0.0817,0.0855,0.0,0.0,0.0,0.0,977
2023-05-10 09:32:22,OP90002114,深证100ETF沽12月2700,0.0,0.0,0.0,0.0,20,0.0838,0.0851,1,0.0817,0.0855,0.0,0.0,0.0,0.0,977
2023-05-10 09:32:22,OP90002114,深证100ETF沽12月2700,0.0,0.0,0.0,0.0,20,0.0838,0.0851,1,0.0817,0.0855,0.0,0.0,0.0,0.0,977
2023-05-10 09:32:23,OP90002114,深证100ETF沽12月2700,0.0,0.0,0.0,0.0,20,0.0838,0.085,1,0.0817,0.0855,0.0,0.0,0.0,0.0,977
2023-05-10 09:32:24,OP90002114,深证100ETF沽12月2700,0.0,0.0,0.0,0.0,20,0.0838,0.085,1,0.0817,0.0855,0.0,0.0,0.0,0.0,977
2023-05-10 09:32:25,OP90002114,深证100ETF沽12月2700,0.0,0.0,0.0,0.0,20,0.0838,0.085,1,0.0817,0.0855,0.0,0.0,0.0,0.0,977
2023-05-10 09:32:29,OP90002114,深证100ETF沽12月2700,0.0,0.0,0.0,0.0,20,0.0838,0.085,1,0.0817,0.0855,0.0,0.0,0.0,0.0,977
2023-05-10 09:32:32,OP90002114,深证100ETF沽12月2700,0.0,0.0,0.0,0.0,20,0.0838,0.085,1,0.0817,0.0855,0.0,0.0,0.0,0.0,977
2023-05-10 09:32:33,OP90002114,深证100ETF沽12月2700,0.0,0.0,0.0,0.0,20,0.0838,0.085,1,0.0817,0.0855,0.0,0.0,0.0,0.0,977
2023-05-10 09:32:35,OP90002114,深证100ETF沽12月2700,0.0,0.0,0.0,0.0,20,0.0838,0.085,1,0.0817,0.0855,0.0,0.0,0.0,0.0,977
2023-05-10 09:32:37,OP90002114,深证100ETF沽12月2700,0.0,0.0,0.0,0.0,20,0.0841,0.085,1,0.0817,0.0855,0.0,0.0,0.0,0.0,977
2023-05-10 09:32:38,OP90002114,深证100ETF沽12月2700,0.0,0.0,0.0,0.0,20,0.0841,0.085,1,0.0817,0.0855,0.0,0.0,0.0,0.0,977
2023-05-10 09:32:39,OP90002114,深证100ETF沽12月2700,0.0,0.0,0.0,0.0,20,0.0838,0.085,1,0.0817,0.0855,0.0,0.0,0.0,0.0,977
2023-05-10 09:32:44,OP90002114,深证100ETF沽12月2700,0.0,0.0,0.0,0.0,20,0.0838,0.085,1,0.0817,0.0855,0.0,0.0,0.0,0.0,977
2023-05-10 09:32:46,OP90002114,深证100ETF沽12月2700,0.0,0.0,0.0,0.0,20,0.0841,0.085,1,0.0817,0.0855,0.0,0.0,0.0,0.0,977
2023-05-10 09:32:48,OP90002114,深证100ETF沽12月2700,0.0,0.0,0.0,0.0,20,0.0841,0.085,1,0.0817,0.0855,0.0,0.0,0.0,0.0,977
2023-05-10 09:32:48,OP90002114,深证100ETF沽12月2700,0.0,0.0,0.0,0.0,20,0.0841,0.085,1,0.0817,0.0855,0.0,0.0,0.0,0.0,977
2023-05-10 09:32:49,OP90002114,深证100ETF沽12月2700,0.0,0.0,0.0,0.0,20,0.0841,0.085,1,0.0817,0.0855,0.0,0.0,0.0,0.0,977
2023-05-10 09:32:50,OP90002114,深证100ETF沽12月2700,0.0,0.0,0.0,0.0,20,0.0841,0.0855,2,0.0817,0.0855,0.0,0.0,0.0,0.0,977
2023-05-10 09:32:51,OP90002114,深证100ETF沽12月2700,0.0,0.0,0.0,0.0,20,0.0841,0.0855,3,0.0817,0.0855,0.0,0.0,0.0,0.0,977
2023-05-10 09:32:51,OP90002114,深证100ETF沽12月2700,0.0,0.0,0.0,0.0,20,0.0841,0.0855,3,0.0817,0.0855,0.0,0.0,0.0,0.0,977
2023-05-10 09:32:52,OP90002114,深证100ETF沽12月2700,0.0,0.0,0.0,0.0,20,0.0841,0.0855,3,0.0817,0.0855,0.0,0.0,0.0,0.0,977
2023-05-10 09:32:52,OP90002114,深证100ETF沽12月2700,0.0,0.0,0.0,0.0,20,0.0841,0.0855,3,0.0817,0.0855,0.0,0.0,0.0,0.0,977
2023-05-10 09:32:53,OP90002114,深证100ETF沽12月2700,0.0,0.0,0.0,0.0,20,0.0841,0.0855,3,0.0817,0.0855,0.0,0.0,0.0,0.0,977
2023-05-10 09:32:53,OP90002114,深证100ETF沽12月2700,0.0,0.0,0.0,0.0,20,0.0841,0.0855,3,0.0817,0.0855,0.0,0.0,0.0,0.0,977
2023-05-10 09:32:54,OP90002114,深证100ETF沽12月2700,0.0,0.0,0.0,0.0,20,0.0841,0.0855,3,0.0817,0.0855,0.0,0.0,0.0,0.0,977
2023-05-10 09:32:54,OP90002114,深证100ETF沽12月2700,0.0,0.0,0.0,0.0,20,0.0841,0.0855,3,0.0817,0.0855,0.0,0.0,0.0,0.0,977
2023-05-10 09:32:55,OP90002114,深证100ETF沽12月2700,0.0,0.0,0.0,0.0,20,0.0841,0.0855,3,0.0817,0.0855,0.0,0.0,0.0,0.0,977
2023-05-10 09:32:55,OP90002114,深证100ETF沽12月2700,0.0,0.0,0.0,0.0,20,0.0841,0.0855,3,0.0817,0.0855,0.0,0.0,0.0,0.0,977
2023-05-10 09:32:56,OP90002114,深证100ETF沽12月2700,0.0,0.0,0.0,0.0,20,0.0841,0.0855,3,0.0817,0.0855,0.0,0.0,0.0,0.0,977
2023-05-10 09:32:56,OP90002114,深证100ETF沽12月2700,0.0,0.0,0.0,0.0,20,0.0841,0.0855,3,0.0817,0.0855,0.0,0.0,0.0,0.0,977
2023-05-10 09:32:57,OP90002114,深证100ETF沽12月2700,0.0,0.0,0.0,0.0,20,0.0841,0.0855,3,0.0817,0.0855,0.0,0.0,0.0,0.0,977
2023-05-10 09:32:57,OP90002114,深证100ETF沽12月2700,0.0,0.0,0.0,0.0,20,0.0841,0.0855,3,0.0817,0.0855,0.0,0.0,0.0,0.0,977
2023-05-10 09:32:58,OP90002114,深证100ETF沽12月2700,0.0,0.0,0.0,0.0,20,0.0841,0.0855,3,0.0817,0.0855,0.0,0.0,0.0,0.0,977
2023-05-10 09:32:58,OP90002114,深证100ETF沽12月2700,0.0,0.0,0.0,0.0,20,0.0841,0.0855,3,0.0817,0.0855,0.0,0.0,0.0,0.0,977
2023-05-10 09:32:59,OP90002114,深证100ETF沽12月2700,0.0,0.0,0.0,0.0,20,0.0841,0.0855,3,0.0817,0.0855,0.0,0.0,0.0,0.0,977
2023-05-10 09:32:59,OP90002114,深证100ETF沽12月2700,0.0,0.0,0.0,0.0,20,0.0841,0.0855,3,0.0817,0.0855,0.0,0.0,0.0,0.0,977
2023-05-10 09:33:00,OP90002114,深证100ETF沽12月2700,0.0,0.0,0.0,0.0,20,0.0841,0.0855,3,0.0817,0.0855,0.0,0.0,0.0,0.0,977
2023-05-10 09:33:00,OP90002114,深证100ETF沽12月2700,0.0,0.0,0.0,0.0,20,0.0841,0.0855,3,0.0817,0.0855,0.0,0.0,0.0,0.0,977
2023-05-10 09:33:01,OP90002114,深证100ETF沽12月2700,0.0,0.0,0.0,0.0,20,0.0841,0.0854,1,0.0817,0.0855,0.0,0.0,0.0,0.0,977
2023-05-10 09:33:01,OP90002114,深证100ETF沽12月2700,0.0,0.0,0.0,0.0,20,0.0841,0.0854,1,0.0817,0.0855,0.0,0.0,0.0,0.0,977
2023-05-10 09:33:07,OP90002114,深证100ETF沽12月2700,0.0,0.0,0.0,0.0,20,0.0844,0.0854,1,0.0817,0.0855,0.0,0.0,0.0,0.0,977
2023-05-10 09:33:08,OP90002114,深证100ETF沽12月2700,0.0,0.0,0.0,0.0,20,0.084,0.0854,1,0.0817,0.0855,0.0,0.0,0.0,0.0,977
2023-05-10 09:33:09,OP90002114,深证100ETF沽12月2700,0.0,0.0,0.0,0.0,30,0.084,0.0854,1,0.0817,0.0855,0.0,0.0,0.0,0.0,977
2023-05-10 09:33:11,OP90002114,深证100ETF沽12月2700,0.0,0.0,0.0,0.0,30,0.084,0.0853,1,0.0817,0.0855,0.0,0.0,0.0,0.0,977
2023-05-10 09:33:11,OP90002114,深证100ETF沽12月2700,0.0,0.0,0.0,0.0,30,0.084,0.0853,1,0.0817,0.0855,0.0,0.0,0.0,0.0,977
2023-05-10 09:33:19,OP90002114,深证100ETF沽12月2700,0.0,0.0,0.0,0.0,30,0.084,0.0853,1,0.0817,0.0855,0.0,0.0,0.0,0.0,977
2023-05-10 09:33:19,OP90002114,深证100ETF沽12月2700,0.0,0.0,0.0,0.0,30,0.084,0.0853,1,0.0817,0.0855,0.0,0.0,0.0,0.0,977
2023-05-10 09:33:20,OP90002114,深证100ETF沽12月2700,0.0,0.0,0.0,0.0,30,0.084,0.0853,1,0.0817,0.0855,0.0,0.0,0.0,0.0,977
2023-05-10 09:33:21,OP90002114,深证100ETF沽12月2700,0.0,0.0,0.0,0.0,30,0.084,0.0852,1,0.0817,0.0855,0.0,0.0,0.0,0.0,977
2023-05-10 09:33:21,OP90002114,深证100ETF沽12月2700,0.0,0.0,0.0,0.0,30,0.084,0.0852,1,0.0817,0.0855,0.0,0.0,0.0,0.0,977
2023-05-10 09:33:22,OP90002114,深证100ETF沽12月2700,0.0,0.0,0.0,0.0,30,0.084,0.0852,1,0.0817,0.0855,0.0,0.0,0.0,0.0,977
2023-05-10 09:33:29,OP90002114,深证100ETF沽12月2700,0.0,0.0,0.0,0.0,30,0.084,0.0852,1,0.0817,0.0855,0.0,0.0,0.0,0.0,977
2023-05-10 09:33:29,OP90002114,深证100ETF沽12月2700,0.0,0.0,0.0,0.0,30,0.084,0.0852,1,0.0817,0.0855,0.0,0.0,0.0,0.0,977
2023-05-10 09:33:30,OP90002114,深证100ETF沽12月2700,0.0,0.0,0.0,0.0,30,0.084,0.0852,1,0.0817,0.0855,0.0,0.0,0.0,0.0,977
2023-05-10 09:33:30,OP90002114,深证100ETF沽12月2700,0.0,0.0,0.0,0.0,30,0.084,0.0852,1,0.0817,0.0855,0.0,0.0,0.0,0.0,977
2023-05-10 09:33:31,OP90002114,深证100ETF沽12月2700,0.0,0.0,0.0,0.0,30,0.084,0.0852,1,0.0817,0.0855,0.0,0.0,0.0,0.0,977
2023-05-10 09:33:31,OP90002114,深证100ETF沽12月2700,0.0,0.0,0.0,0.0,30,0.084,0.0852,1,0.0817,0.0855,0.0,0.0,0.0,0.0,977
2023-05-10 09:33:32,OP90002114,深证100ETF沽12月2700,0.0,0.0,0.0,0.0,30,0.084,0.0852,1,0.0817,0.0855,0.0,0.0,0.0,0.0,977
2023-05-10 09:33:32,OP90002114,深证100ETF沽12月2700,0.0,0.0,0.0,0.0,30,0.084,0.0852,1,0.0817,0.0855,0.0,0.0,0.0,0.0,977
2023-05-10 09:33:33,OP90002114,深证100ETF沽12月2700,0.0,0.0,0.0,0.0,30,0.084,0.0852,1,0.0817,0.0855,0.0,0.0,0.0,0.0,977
2023-05-10 09:33:33,OP90002114,深证100ETF沽12月2700,0.0,0.0,0.0,0.0,30,0.084,0.0852,1,0.0817,0.0855,0.0,0.0,0.0,0.0,977
2023-05-10 09:33:34,OP90002114,深证100ETF沽12月2700,0.0,0.0,0.0,0.0,30,0.084,0.0852,1,0.0817,0.0855,0.0,0.0,0.0,0.0,977
2023-05-10 09:33:36,OP90002114,深证100ETF沽12月2700,0.0,0.0,0.0,0.0,30,0.084,0.0852,1,0.0817,0.0855,0.0,0.0,0.0,0.0,977
2023-05-10 09:33:37,OP90002114,深证100ETF沽12月2700,0.0,0.0,0.0,0.0,30,0.084,0.0852,1,0.0817,0.0855,0.0,0.0,0.0,0.0,977
2023-05-10 09:33:38,OP90002114,深证100ETF沽12月2700,0.0,0.0,0.0,0.0,30,0.084,0.0851,1,0.0817,0.0855,0.0,0.0,0.0,0.0,977
2023-05-10 09:33:39,OP90002114,深证100ETF沽12月2700,0.0,0.0,0.0,0.0,30,0.084,0.0851,1,0.0817,0.0855,0.0,0.0,0.0,0.0,977
2023-05-10 09:33:42,OP90002114,深证100ETF沽12月2700,0.0,0.0,0.0,0.0,30,0.084,0.0851,1,0.0817,0.0855,0.0,0.0,0.0,0.0,977
2023-05-10 09:33:44,OP90002114,深证100ETF沽12月2700,0.0,0.0,0.0,0.0,30,0.084,0.0851,1,0.0817,0.0855,0.0,0.0,0.0,0.0,977
2023-05-10 09:33:44,OP90002114,深证100ETF沽12月2700,0.0,0.0,0.0,0.0,30,0.084,0.0855,2,0.0817,0.0855,0.0,0.0,0.0,0.0,977
2023-05-10 09:33:45,OP90002114,深证100ETF沽12月2700,0.0,0.0,0.0,0.0,30,0.084,0.0855,2,0.0817,0.0855,0.0,0.0,0.0,0.0,977
2023-05-10 09:33:46,OP90002114,深证100ETF沽12月2700,0.0,0.0,0.0,0.0,30,0.084,0.0855,2,0.0817,0.0855,0.0,0.0,0.0,0.0,977
2023-05-10 09:33:48,OP90002114,深证100ETF沽12月2700,0.0,0.0,0.0,0.0,30,0.084,0.0855,2,0.0817,0.0855,0.0,0.0,0.0,0.0,977
2023-05-10 09:33:50,OP90002114,深证100ETF沽12月2700,0.0,0.0,0.0,0.0,30,0.084,0.0855,2,0.0817,0.0855,0.0,0.0,0.0,0.0,977
2023-05-10 09:33:55,OP90002114,深证100ETF沽12月2700,0.0,0.0,0.0,0.0,30,0.084,0.0855,3,0.0817,0.0855,0.0,0.0,0.0,0.0,977
2023-05-10 09:33:55,OP90002114,深证100ETF沽12月2700,0.0,0.0,0.0,0.0,30,0.084,0.0855,3,0.0817,0.0855,0.0,0.0,0.0,0.0,977
2023-05-10 09:33:56,OP90002114,深证100ETF沽12月2700,0.0,0.0,0.0,0.0,33,0.084,0.0855,3,0.0817,0.0855,0.0,0.0,0.0,0.0,977
2023-05-10 09:33:56,OP90002114,深证100ETF沽12月2700,0.0,0.0,0.0,0.0,30,0.084,0.0855,3,0.0817,0.0855,0.0,0.0,0.0,0.0,977
2023-05-10 09:33:57,OP90002114,深证100ETF沽12月2700,0.0,0.0,0.0,0.0,30,0.084,0.0855,3,0.0817,0.0855,0.0,0.0,0.0,0.0,977
2023-05-10 09:33:57,OP90002114,深证100ETF沽12月2700,0.0,0.0,0.0,0.0,3,0.0841,0.0855,3,0.0817,0.0855,0.0,0.0,0.0,0.0,977
2023-05-10 09:33:58,OP90002114,深证100ETF沽12月2700,0.0,0.0,0.0,0.0,3,0.0841,0.0855,3,0.0817,0.0855,0.0,0.0,0.0,0.0,977
2023-05-10 09:33:58,OP90002114,深证100ETF沽12月2700,0.0,0.0,0.0,0.0,3,0.0841,0.0855,3,0.0817,0.0855,0.0,0.0,0.0,0.0,977
2023-05-10 09:33:59,OP90002114,深证100ETF沽12月2700,0.0,0.0,0.0,0.0,30,0.084,0.0855,3,0.0817,0.0855,0.0,0.0,0.0,0.0,977
2023-05-10 09:33:59,OP90002114,深证100ETF沽12月2700,0.0,0.0,0.0,0.0,33,0.084,0.0855,3,0.0817,0.0855,0.0,0.0,0.0,0.0,977
2023-05-10 09:34:00,OP90002114,深证100ETF沽12月2700,0.0,0.0,0.0,0.0,33,0.084,0.0855,3,0.0817,0.0855,0.0,0.0,0.0,0.0,977
2023-05-10 09:34:00,OP90002114,深证100ETF沽12月2700,0.0,0.0,0.0,0.0,33,0.084,0.0855,3,0.0817,0.0855,0.0,0.0,0.0,0.0,977
2023-05-10 09:34:01,OP90002114,深证100ETF沽12月2700,0.0,0.0,0.0,0.0,33,0.084,0.0855,3,0.0817,0.0855,0.0,0.0,0.0,0.0,977
2023-05-10 09:34:01,OP90002114,深证100ETF沽12月2700,0.0,0.0,0.0,0.0,33,0.084,0.0855,3,0.0817,0.0855,0.0,0.0,0.0,0.0,977
2023-05-10 09:34:02,OP90002114,深证100ETF沽12月2700,0.0,0.0,0.0,0.0,33,0.084,0.0855,3,0.0817,0.0855,0.0,0.0,0.0,0.0,977
2023-05-10 09:34:02,OP90002114,深证100ETF沽12月2700,0.0,0.0,0.0,0.0,33,0.084,0.0855,3,0.0817,0.0855,0.0,0.0,0.0,0.0,977
2023-05-10 09:34:03,OP90002114,深证100ETF沽12月2700,0.0,0.0,0.0,0.0,33,0.084,0.0855,3,0.0817,0.0855,0.0,0.0,0.0,0.0,977
2023-05-10 09:34:03,OP90002114,深证100ETF沽12月2700,0.0,0.0,0.0,0.0,20,0.0843,0.0855,3,0.0817,0.0855,0.0,0.0,0.0,0.0,977
2023-05-10 09:34:04,OP90002114,深证100ETF沽12月2700,0.0,0.0,0.0,0.0,23,0.0843,0.0855,3,0.0817,0.0855,0.0,0.0,0.0,0.0,977
2023-05-10 09:34:04,OP90002114,深证100ETF沽12月2700,0.0,0.0,0.0,0.0,33,0.0843,0.0855,3,0.0817,0.0855,0.0,0.0,0.0,0.0,977
2023-05-10 09:34:05,OP90002114,深证100ETF沽12月2700,0.0,0.0,0.0,0.0,23,0.0843,0.0854,1,0.0817,0.0855,0.0,0.0,0.0,0.0,977
2023-05-10 09:34:05,OP90002114,深证100ETF沽12月2700,0.0,0.0,0.0,0.0,23,0.0843,0.0854,1,0.0817,0.0855,0.0,0.0,0.0,0.0,977
2023-05-10 09:34:06,OP90002114,深证100ETF沽12月2700,0.0,0.0,0.0,0.0,23,0.0843,0.0854,1,0.0817,0.0855,0.0,0.0,0.0,0.0,977
2023-05-10 09:34:07,OP90002114,深证100ETF沽12月2700,0.0,0.0,0.0,0.0,33,0.0843,0.0854,1,0.0817,0.0855,0.0,0.0,0.0,0.0,977
2023-05-10 09:34:07,OP90002114,深证100ETF沽12月2700,0.0,0.0,0.0,0.0,33,0.0843,0.0854,1,0.0817,0.0855,0.0,0.0,0.0,0.0,977
2023-05-10 09:34:08,OP90002114,深证100ETF沽12月2700,0.0,0.0,0.0,0.0,33,0.0843,0.0854,1,0.0817,0.0855,0.0,0.0,0.0,0.0,977
2023-05-10 09:34:08,OP90002114,深证100ETF沽12月2700,0.0,0.0,0.0,0.0,20,0.0847,0.0855,2,0.0817,0.0855,0.0,0.0,0.0,0.0,977
2023-05-10 09:34:09,OP90002114,深证100ETF沽12月2700,0.0,0.0,0.0,0.0,20,0.0847,0.0855,2,0.0817,0.0855,0.0,0.0,0.0,0.0,977
2023-05-10 09:34:10,OP90002114,深证100ETF沽12月2700,0.0,0.0,0.0,0.0,20,0.0847,0.0855,2,0.0817,0.0855,0.0,0.0,0.0,0.0,977
2023-05-10 09:34:11,OP90002114,深证100ETF沽12月2700,0.0,0.0,0.0,0.0,20,0.0847,0.0855,2,0.0817,0.0855,0.0,0.0,0.0,0.0,977
2023-05-10 09:34:14,OP90002114,深证100ETF沽12月2700,0.0,0.0,0.0,0.0,20,0.0847,0.0855,2,0.0817,0.0855,0.0,0.0,0.0,0.0,977
2023-05-10 09:34:15,OP90002114,深证100ETF沽12月2700,0.0,0.0,0.0,0.0,20,0.0847,0.0855,2,0.0817,0.0855,0.0,0.0,0.0,0.0,977
2023-05-10 09:34:15,OP90002114,深证100ETF沽12月2700,0.0,0.0,0.0,0.0,20,0.0847,0.0855,2,0.0817,0.0855,0.0,0.0,0.0,0.0,977
2023-05-10 09:34:18,OP90002114,深证100ETF沽12月2700,0.0,0.0,0.0,0.0,20,0.0847,0.0855,2,0.0817,0.0855,0.0,0.0,0.0,0.0,977
2023-05-10 09:34:19,OP90002114,深证100ETF沽12月2700,0.0,0.0,0.0,0.0,20,0.0847,0.0855,2,0.0817,0.0855,0.0,0.0,0.0,0.0,977
2023-05-10 09:34:19,OP90002114,深证100ETF沽12月2700,0.0,0.0,0.0,0.0,20,0.0847,0.0855,2,0.0817,0.0855,0.0,0.0,0.0,0.0,977
2023-05-10 09:34:21,OP90002114,深证100ETF沽12月2700,0.0,0.0,0.0,0.0,30,0.0847,0.0855,2,0.0817,0.0855,0.0,0.0,0.0,0.0,977
2023-05-10 09:34:21,OP90002114,深证100ETF沽12月2700,0.0,0.0,0.0,0.0,33,0.0847,0.0855,2,0.0817,0.0855,0.0,0.0,0.0,0.0,977
2023-05-10 09:34:25,OP90002114,深证100ETF沽12月2700,0.0,0.0,0.0,0.0,33,0.0847,0.0855,2,0.0817,0.0855,0.0,0.0,0.0,0.0,977
2023-05-10 09:34:26,OP90002114,深证100ETF沽12月2700,0.0,0.0,0.0,0.0,33,0.0847,0.0855,2,0.0817,0.0855,0.0,0.0,0.0,0.0,977
2023-05-10 09:34:27,OP90002114,深证100ETF沽12月2700,0.0,0.0,0.0,0.0,33,0.0847,0.0855,2,0.0817,0.0855,0.0,0.0,0.0,0.0,977
2023-05-10 09:34:28,OP90002114,深证100ETF沽12月2700,0.0,0.0,0.0,0.0,33,0.0847,0.0855,2,0.0817,0.0855,0.0,0.0,0.0,0.0,977
2023-05-10 09:34:28,OP90002114,深证100ETF沽12月2700,0.0,0.0,0.0,0.0,33,0.0847,0.0855,2,0.0817,0.0855,0.0,0.0,0.0,0.0,977
2023-05-10 09:34:29,OP90002114,深证100ETF沽12月2700,0.0,0.0,0.0,0.0,33,0.0847,0.0855,2,0.0817,0.0855,0.0,0.0,0.0,0.0,977
2023-05-10 09:34:29,OP90002114,深证100ETF沽12月2700,0.0,0.0,0.0,0.0,20,0.085,0.0855,2,0.0817,0.0855,0.0,0.0,0.0,0.0,977
2023-05-10 09:34:30,OP90002114,深证100ETF沽12月2700,0.0,0.0,0.0,0.0,20,0.085,0.0855,2,0.0817,0.0855,0.0,0.0,0.0,0.0,977
2023-05-10 09:34:30,OP90002114,深证100ETF沽12月2700,0.0,0.0,0.0,0.0,20,0.085,0.0855,2,0.0817,0.0855,0.0,0.0,0.0,0.0,977
2023-05-10 09:34:31,OP90002114,深证100ETF沽12月2700,0.0,0.0,0.0,0.0,20,0.085,0.0855,2,0.0817,0.0855,0.0,0.0,0.0,0.0,977
2023-05-10 09:34:31,OP90002114,深证100ETF沽12月2700,0.0,0.0,0.0,0.0,20,0.085,0.0855,2,0.0817,0.0855,0.0,0.0,0.0,0.0,977
2023-05-10 09:34:33,OP90002114,深证100ETF沽12月2700,0.0,0.0,0.0,0.0,20,0.0853,0.0855,2,0.0817,0.0855,0.0,0.0,0.0,0.0,977
2023-05-10 09:34:33,OP90002114,深证100ETF沽12月2700,0.0,0.0,0.0,0.0,20,0.0853,0.0855,2,0.0817,0.0855,0.0,0.0,0.0,0.0,977
2023-05-10 09:34:34,OP90002114,深证100ETF沽12月2700,0.0,0.0,0.0,0.0,20,0.0853,0.0855,2,0.0817,0.0855,0.0,0.0,0.0,0.0,977
2023-05-10 09:34:42,OP90002114,深证100ETF沽12月2700,0.0,0.0,0.0,0.0,20,0.0853,0.0855,2,0.0817,0.0855,0.0,0.0,0.0,0.0,977
2023-05-10 09:34:42,OP90002114,深证100ETF沽12月2700,0.0,0.0,0.0,0.0,20,0.0853,0.0855,2,0.0817,0.0855,0.0,0.0,0.0,0.0,977
2023-05-10 09:34:43,OP90002114,深证100ETF沽12月2700,0.0,0.0,0.0,0.0,20,0.0853,0.0855,2,0.0817,0.0855,0.0,0.0,0.0,0.0,977
2023-05-10 09:34:43,OP90002114,深证100ETF沽12月2700,0.0,0.0,0.0,0.0,20,0.0853,0.0855,2,0.0817,0.0855,0.0,0.0,0.0,0.0,977
2023-05-10 09:34:44,OP90002114,深证100ETF沽12月2700,0.0,0.0,0.0,0.0,20,0.0853,0.0855,2,0.0817,0.0855,0.0,0.0,0.0,0.0,977
2023-05-10 09:34:44,OP90002114,深证100ETF沽12月2700,0.0,0.0,0.0,0.0,20,0.0853,0.0855,2,0.0817,0.0855,0.0,0.0,0.0,0.0,977
2023-05-10 09:34:45,OP90002114,深证100ETF沽12月2700,0.0,0.0,0.0,0.0,20,0.0853,0.0855,2,0.0817,0.0855,0.0,0.0,0.0,0.0,977
2023-05-10 09:34:51,OP90002114,深证100ETF沽12月2700,0.0,0.0,0.0,0.0,30,0.0853,0.0855,2,0.0817,0.0855,0.0,0.0,0.0,0.0,977
2023-05-10 09:34:51,OP90002114,深证100ETF沽12月2700,0.0,0.0,0.0,0.0,30,0.0853,0.0855,2,0.0817,0.0855,0.0,0.0,0.0,0.0,977
2023-05-10 09:34:53,OP90002114,深证100ETF沽12月2700,0.0,0.0,0.0,0.0,20,0.0853,0.0855,2,0.0817,0.0855,0.0,0.0,0.0,0.0,977
2023-05-10 09:34:54,OP90002114,深证100ETF沽12月2700,0.0,0.0,0.0,0.0,20,0.0853,0.0855,2,0.0817,0.0855,0.0,0.0,0.0,0.0,977
2023-05-10 09:34:55,OP90002114,深证100ETF沽12月2700,0.0,0.0,0.0,0.0,20,0.0853,0.0855,2,0.0817,0.0855,0.0,0.0,0.0,0.0,977
2023-05-10 09:34:56,OP90002114,深证100ETF沽12月2700,0.0,0.0,0.0,0.0,20,0.0853,0.0855,2,0.0817,0.0855,0.0,0.0,0.0,0.0,977
2023-05-10 09:34:57,OP90002114,深证100ETF沽12月2700,0.0,0.0,0.0,0.0,20,0.0853,0.0855,2,0.0817,0.0855,0.0,0.0,0.0,0.0,977
2023-05-10 09:34:57,OP90002114,深证100ETF沽12月2700,0.0,0.0,0.0,0.0,20,0.0853,0.0855,2,0.0817,0.0855,0.0,0.0,0.0,0.0,977
2023-05-10 09:34:58,OP90002114,深证100ETF沽12月2700,0.0,0.0,0.0,0.0,20,0.0853,0.0855,2,0.0817,0.0855,0.0,0.0,0.0,0.0,977
2023-05-10 09:34:59,OP90002114,深证100ETF沽12月2700,0.0,0.0,0.0,0.0,20,0.0853,0.0855,2,0.0817,0.0855,0.0,0.0,0.0,0.0,977
2023-05-10 09:34:59,OP90002114,深证100ETF沽12月2700,0.0,0.0,0.0,0.0,20,0.085,0.0855,2,0.0817,0.0855,0.0,0.0,0.0,0.0,977
2023-05-10 09:35:00,OP90002114,深证100ETF沽12月2700,0.0,0.0,0.0,0.0,20,0.085,0.0855,2,0.0817,0.0855,0.0,0.0,0.0,0.0,977
2023-05-10 09:35:00,OP90002114,深证100ETF沽12月2700,0.0,0.0,0.0,0.0,50,0.0849,0.0855,2,0.0817,0.0855,0.0,0.0,0.0,0.0,977
2023-05-10 09:35:01,OP90002114,深证100ETF沽12月2700,0.0,0.0,0.0,0.0,30,0.0849,0.0855,2,0.0817,0.0855,0.0,0.0,0.0,0.0,977
2023-05-10 09:35:01,OP90002114,深证100ETF沽12月2700,0.0,0.0,0.0,0.0,30,0.0849,0.0855,2,0.0817,0.0855,0.0,0.0,0.0,0.0,977
2023-05-10 09:35:02,OP90002114,深证100ETF沽12月2700,0.0,0.0,0.0,0.0,30,0.0849,0.0855,2,0.0817,0.0855,0.0,0.0,0.0,0.0,977
2023-05-10 09:35:02,OP90002114,深证100ETF沽12月2700,0.0,0.0,0.0,0.0,30,0.0849,0.0855,2,0.0817,0.0855,0.0,0.0,0.0,0.0,977
2023-05-10 09:35:03,OP90002114,深证100ETF沽12月2700,0.0,0.0,0.0,0.0,30,0.0849,0.0855,2,0.0817,0.0855,0.0,0.0,0.0,0.0,977
2023-05-10 09:35:03,OP90002114,深证100ETF沽12月2700,0.0,0.0,0.0,0.0,20,0.0852,0.0855,2,0.0817,0.0855,0.0,0.0,0.0,0.0,977
2023-05-10 09:35:04,OP90002114,深证100ETF沽12月2700,0.0,0.0,0.0,0.0,20,0.0852,0.0855,2,0.0817,0.0855,0.0,0.0,0.0,0.0,977
2023-05-10 09:35:05,OP90002114,深证100ETF沽12月2700,0.0,0.0,0.0,0.0,20,0.0852,0.0855,2,0.0817,0.0855,0.0,0.0,0.0,0.0,977
2023-05-10 09:35:05,OP90002114,深证100ETF沽12月2700,0.0,0.0,0.0,0.0,20,0.085,0.0855,2,0.0817,0.0855,0.0,0.0,0.0,0.0,977
2023-05-10 09:35:06,OP90002114,深证100ETF沽12月2700,0.0,0.0,0.0,0.0,50,0.0849,0.0855,2,0.0817,0.0855,0.0,0.0,0.0,0.0,977
2023-05-10 09:35:06,OP90002114,深证100ETF沽12月2700,0.0,0.0,0.0,0.0,40,0.0849,0.0855,2,0.0817,0.0855,0.0,0.0,0.0,0.0,977
2023-05-10 09:35:07,OP90002114,深证100ETF沽12月2700,0.0,0.0,0.0,0.0,50,0.0849,0.0855,2,0.0817,0.0855,0.0,0.0,0.0,0.0,977
2023-05-10 09:35:09,OP90002114,深证100ETF沽12月2700,0.0,0.0,0.0,0.0,30,0.0849,0.0855,2,0.0817,0.0855,0.0,0.0,0.0,0.0,977
2023-05-10 09:35:11,OP90002114,深证100ETF沽12月2700,0.0,0.0,0.0,0.0,30,0.0849,0.0855,2,0.0817,0.0855,0.0,0.0,0.0,0.0,977
2023-05-10 09:35:12,OP90002114,深证100ETF沽12月2700,0.0,0.0,0.0,0.0,20,0.0849,0.0855,2,0.0817,0.0855,0.0,0.0,0.0,0.0,977
2023-05-10 09:35:13,OP90002114,深证100ETF沽12月2700,0.0,0.0,0.0,0.0,21,0.0849,0.0855,2,0.0817,0.0855,0.0,0.0,0.0,0.0,977
2023-05-10 09:35:14,OP90002114,深证100ETF沽12月2700,0.0,0.0,0.0,0.0,21,0.0849,0.0855,2,0.0817,0.0855,0.0,0.0,0.0,0.0,977
2023-05-10 09:35:14,OP90002114,深证100ETF沽12月2700,0.0,0.0,0.0,0.0,20,0.0849,0.0855,2,0.0817,0.0855,0.0,0.0,0.0,0.0,977
2023-05-10 09:35:17,OP90002114,深证100ETF沽12月2700,0.0,0.0,0.0,0.0,30,0.0849,0.0855,2,0.0817,0.0855,0.0,0.0,0.0,0.0,977
2023-05-10 09:35:18,OP90002114,深证100ETF沽12月2700,0.0,0.0,0.0,0.0,30,0.0849,0.0855,2,0.0817,0.0855,0.0,0.0,0.0,0.0,977
2023-05-10 09:35:18,OP90002114,深证100ETF沽12月2700,0.0,0.0,0.0,0.0,30,0.0849,0.0855,2,0.0817,0.0855,0.0,0.0,0.0,0.0,977
2023-05-10 09:35:19,OP90002114,深证100ETF沽12月2700,0.0,0.0,0.0,0.0,30,0.0849,0.0855,2,0.0817,0.0855,0.0,0.0,0.0,0.0,977
2023-05-10 09:35:20,OP90002114,深证100ETF沽12月2700,0.0,0.0,0.0,0.0,30,0.0849,0.0855,2,0.0817,0.0855,0.0,0.0,0.0,0.0,977
2023-05-10 09:35:20,OP90002114,深证100ETF沽12月2700,0.0,0.0,0.0,0.0,30,0.0849,0.0855,2,0.0817,0.0855,0.0,0.0,0.0,0.0,977
2023-05-10 09:35:21,OP90002114,深证100ETF沽12月2700,0.0,0.0,0.0,0.0,30,0.0849,0.0855,2,0.0817,0.0855,0.0,0.0,0.0,0.0,977
2023-05-10 09:35:21,OP90002114,深证100ETF沽12月2700,0.0,0.0,0.0,0.0,30,0.0849,0.0855,2,0.0817,0.0855,0.0,0.0,0.0,0.0,977
2023-05-10 09:35:22,OP90002114,深证100ETF沽12月2700,0.0,0.0,0.0,0.0,30,0.0849,0.0855,2,0.0817,0.0855,0.0,0.0,0.0,0.0,977
2023-05-10 09:35:22,OP90002114,深证100ETF沽12月2700,0.0,0.0,0.0,0.0,33,0.0849,0.0855,2,0.0817,0.0855,0.0,0.0,0.0,0.0,977
2023-05-10 09:35:23,OP90002114,深证100ETF沽12月2700,0.0,0.0,0.0,0.0,33,0.0849,0.0855,2,0.0817,0.0855,0.0,0.0,0.0,0.0,977
2023-05-10 09:35:23,OP90002114,深证100ETF沽12月2700,0.0,0.0,0.0,0.0,20,0.0852,0.0855,2,0.0817,0.0855,0.0,0.0,0.0,0.0,977
2023-05-10 09:35:24,OP90002114,深证100ETF沽12月2700,0.0,0.0,0.0,0.0,20,0.0852,0.0855,2,0.0817,0.0855,0.0,0.0,0.0,0.0,977
2023-05-10 09:35:24,OP90002114,深证100ETF沽12月2700,0.0,0.0,0.0,0.0,20,0.0852,0.0855,2,0.0817,0.0855,0.0,0.0,0.0,0.0,977
2023-05-10 09:35:25,OP90002114,深证100ETF沽12月2700,0.0,0.0,0.0,0.0,20,0.0852,0.0855,2,0.0817,0.0855,0.0,0.0,0.0,0.0,977
2023-05-10 09:35:25,OP90002114,深证100ETF沽12月2700,0.0,0.0,0.0,0.0,20,0.0852,0.0855,2,0.0817,0.0855,0.0,0.0,0.0,0.0,977
2023-05-10 09:35:26,OP90002114,深证100ETF沽12月2700,0.0,0.0,0.0,0.0,20,0.0852,0.0855,2,0.0817,0.0855,0.0,0.0,0.0,0.0,977
2023-05-10 09:35:26,OP90002114,深证100ETF沽12月2700,0.0,0.0,0.0,0.0,20,0.0852,0.0855,2,0.0817,0.0855,0.0,0.0,0.0,0.0,977
2023-05-10 09:35:27,OP90002114,深证100ETF沽12月2700,0.0,0.0,0.0,0.0,30,0.0852,0.0855,2,0.0817,0.0855,0.0,0.0,0.0,0.0,977
2023-05-10 09:35:30,OP90002114,深证100ETF沽12月2700,0.0,0.0,0.0,0.0,30,0.0852,0.0855,2,0.0817,0.0855,0.0,0.0,0.0,0.0,977
2023-05-10 09:35:30,OP90002114,深证100ETF沽12月2700,0.0,0.0,0.0,0.0,30,0.0852,0.0855,2,0.0817,0.0855,0.0,0.0,0.0,0.0,977
2023-05-10 09:35:34,OP90002114,深证100ETF沽12月2700,0.0,0.0,0.0,0.0,30,0.0852,0.0855,2,0.0817,0.0855,0.0,0.0,0.0,0.0,977
2023-05-10 09:35:34,OP90002114,深证100ETF沽12月2700,0.0,0.0,0.0,0.0,30,0.0852,0.0855,2,0.0817,0.0855,0.0,0.0,0.0,0.0,977
2023-05-10 09:35:35,OP90002114,深证100ETF沽12月2700,0.0,0.0,0.0,0.0,30,0.0852,0.0855,2,0.0817,0.0855,0.0,0.0,0.0,0.0,977
2023-05-10 09:35:35,OP90002114,深证100ETF沽12月2700,0.0,0.0,0.0,0.0,30,0.0852,0.0855,2,0.0817,0.0855,0.0,0.0,0.0,0.0,977
2023-05-10 09:35:38,OP90002114,深证100ETF沽12月2700,0.0855,2.0,1710.0,0.0,10,0.0852,0.0865,20,0.0817,0.0855,0.0855,0.0855,2.0,1710.0,977
2023-05-10 09:35:39,OP90002114,深证100ETF沽12月2700,0.0855,0.0,0.0,0.0,50,0.0845,0.0865,1,0.0817,0.0855,0.0855,0.0855,2.0,1710.0,977
2023-05-10 09:35:39,OP90002114,深证100ETF沽12月2700,0.0855,0.0,0.0,0.0,14,0.0845,0.0865,1,0.0817,0.0855,0.0855,0.0855,2.0,1710.0,977
2023-05-10 09:35:40,OP90002114,深证100ETF沽12月2700,0.0855,0.0,0.0,0.0,4,0.0845,0.0865,1,0.0817,0.0855,0.0855,0.0855,2.0,1710.0,977
2023-05-10 09:35:40,OP90002114,深证100ETF沽12月2700,0.0855,0.0,0.0,0.0,4,0.0845,0.0865,1,0.0817,0.0855,0.0855,0.0855,2.0,1710.0,977
2023-05-10 09:35:42,OP90002114,深证100ETF沽12月2700,0.0855,0.0,0.0,0.0,20,0.0854,0.0865,1,0.0817,0.0855,0.0855,0.0855,2.0,1710.0,977
2023-05-10 09:35:42,OP90002114,深证100ETF沽12月2700,0.0855,0.0,0.0,0.0,30,0.0854,0.0865,1,0.0817,0.0855,0.0855,0.0855,2.0,1710.0,977
2023-05-10 09:35:43,OP90002114,深证100ETF沽12月2700,0.0855,0.0,0.0,0.0,30,0.0854,0.0865,1,0.0817,0.0855,0.0855,0.0855,2.0,1710.0,977
2023-05-10 09:35:43,OP90002114,深证100ETF沽12月2700,0.0855,0.0,0.0,0.0,30,0.0854,0.0865,1,0.0817,0.0855,0.0855,0.0855,2.0,1710.0,977
2023-05-10 09:35:44,OP90002114,深证100ETF沽12月2700,0.0855,0.0,0.0,0.0,30,0.0854,0.0865,1,0.0817,0.0855,0.0855,0.0855,2.0,1710.0,977
2023-05-10 09:35:44,OP90002114,深证100ETF沽12月2700,0.0855,0.0,0.0,0.0,30,0.0854,0.0865,1,0.0817,0.0855,0.0855,0.0855,2.0,1710.0,977
2023-05-10 09:35:45,OP90002114,深证100ETF沽12月2700,0.0855,0.0,0.0,0.0,30,0.0854,0.0872,20,0.0817,0.0855,0.0855,0.0855,2.0,1710.0,977
2023-05-10 09:35:45,OP90002114,深证100ETF沽12月2700,0.0855,0.0,0.0,0.0,30,0.0854,0.0872,4,0.0817,0.0855,0.0855,0.0855,2.0,1710.0,977
2023-05-10 09:35:46,OP90002114,深证100ETF沽12月2700,0.0855,0.0,0.0,0.0,30,0.0854,0.0872,4,0.0817,0.0855,0.0855,0.0855,2.0,1710.0,977
2023-05-10 09:35:46,OP90002114,深证100ETF沽12月2700,0.0855,0.0,0.0,0.0,30,0.0854,0.0872,4,0.0817,0.0855,0.0855,0.0855,2.0,1710.0,977
2023-05-10 09:35:47,OP90002114,深证100ETF沽12月2700,0.0855,0.0,0.0,0.0,30,0.0854,0.0872,4,0.0817,0.0855,0.0855,0.0855,2.0,1710.0,977
2023-05-10 09:35:47,OP90002114,深证100ETF沽12月2700,0.0855,0.0,0.0,0.0,40,0.0854,0.0872,4,0.0817,0.0855,0.0855,0.0855,2.0,1710.0,977
2023-05-10 09:35:48,OP90002114,深证100ETF沽12月2700,0.0855,0.0,0.0,0.0,40,0.0854,0.0872,4,0.0817,0.0855,0.0855,0.0855,2.0,1710.0,977
2023-05-10 09:35:49,OP90002114,深证100ETF沽12月2700,0.0855,0.0,0.0,0.0,40,0.0854,0.0872,4,0.0817,0.0855,0.0855,0.0855,2.0,1710.0,977
2023-05-10 09:35:50,OP90002114,深证100ETF沽12月2700,0.0855,0.0,0.0,0.0,20,0.0854,0.0872,4,0.0817,0.0855,0.0855,0.0855,2.0,1710.0,977
2023-05-10 09:35:50,OP90002114,深证100ETF沽12月2700,0.0855,0.0,0.0,0.0,20,0.0854,0.0872,4,0.0817,0.0855,0.0855,0.0855,2.0,1710.0,977
2023-05-10 09:35:51,OP90002114,深证100ETF沽12月2700,0.0855,0.0,0.0,0.0,20,0.0854,0.0872,4,0.0817,0.0855,0.0855,0.0855,2.0,1710.0,977
2023-05-10 09:35:51,OP90002114,深证100ETF沽12月2700,0.0855,0.0,0.0,0.0,20,0.0854,0.0872,4,0.0817,0.0855,0.0855,0.0855,2.0,1710.0,977
2023-05-10 09:35:52,OP90002114,深证100ETF沽12月2700,0.0855,0.0,0.0,0.0,20,0.0854,0.0872,4,0.0817,0.0855,0.0855,0.0855,2.0,1710.0,977
2023-05-10 09:35:52,OP90002114,深证100ETF沽12月2700,0.0855,0.0,0.0,0.0,20,0.0854,0.0872,4,0.0817,0.0855,0.0855,0.0855,2.0,1710.0,977
2023-05-10 09:35:53,OP90002114,深证100ETF沽12月2700,0.0855,0.0,0.0,0.0,20,0.0854,0.0872,4,0.0817,0.0855,0.0855,0.0855,2.0,1710.0,977
2023-05-10 09:35:53,OP90002114,深证100ETF沽12月2700,0.0855,0.0,0.0,0.0,30,0.0854,0.0872,4,0.0817,0.0855,0.0855,0.0855,2.0,1710.0,977
2023-05-10 09:35:54,OP90002114,深证100ETF沽12月2700,0.0855,0.0,0.0,0.0,20,0.0854,0.0872,4,0.0817,0.0855,0.0855,0.0855,2.0,1710.0,977
2023-05-10 09:35:54,OP90002114,深证100ETF沽12月2700,0.0855,0.0,0.0,0.0,20,0.0854,0.0872,4,0.0817,0.0855,0.0855,0.0855,2.0,1710.0,977
2023-05-10 09:35:55,OP90002114,深证100ETF沽12月2700,0.0855,0.0,0.0,0.0,40,0.0854,0.0872,4,0.0817,0.0855,0.0855,0.0855,2.0,1710.0,977
2023-05-10 09:35:55,OP90002114,深证100ETF沽12月2700,0.0855,0.0,0.0,0.0,40,0.0854,0.0872,4,0.0817,0.0855,0.0855,0.0855,2.0,1710.0,977
2023-05-10 09:35:56,OP90002114,深证100ETF沽12月2700,0.0855,0.0,0.0,0.0,20,0.0854,0.0872,4,0.0817,0.0855,0.0855,0.0855,2.0,1710.0,977
2023-05-10 09:35:56,OP90002114,深证100ETF沽12月2700,0.0855,0.0,0.0,0.0,30,0.0853,0.0871,1,0.0817,0.0855,0.0855,0.0855,2.0,1710.0,977
2023-05-10 09:35:57,OP90002114,深证100ETF沽12月2700,0.0855,0.0,0.0,0.0,20,0.0853,0.0871,1,0.0817,0.0855,0.0855,0.0855,2.0,1710.0,977
2023-05-10 09:35:57,OP90002114,深证100ETF沽12月2700,0.0855,0.0,0.0,0.0,20,0.0853,0.0871,1,0.0817,0.0855,0.0855,0.0855,2.0,1710.0,977
2023-05-10 09:35:58,OP90002114,深证100ETF沽12月2700,0.0855,0.0,0.0,0.0,40,0.0853,0.0871,4,0.0817,0.0855,0.0855,0.0855,2.0,1710.0,977
2023-05-10 09:36:00,OP90002114,深证100ETF沽12月2700,0.0855,0.0,0.0,0.0,40,0.0853,0.0871,4,0.0817,0.0855,0.0855,0.0855,2.0,1710.0,977
2023-05-10 09:36:01,OP90002114,深证100ETF沽12月2700,0.0855,0.0,0.0,0.0,40,0.0853,0.0871,4,0.0817,0.0855,0.0855,0.0855,2.0,1710.0,977
2023-05-10 09:36:01,OP90002114,深证100ETF沽12月2700,0.0855,0.0,0.0,0.0,40,0.0853,0.0871,4,0.0817,0.0855,0.0855,0.0855,2.0,1710.0,977
2023-05-10 09:36:02,OP90002114,深证100ETF沽12月2700,0.0855,0.0,0.0,0.0,40,0.0853,0.0871,4,0.0817,0.0855,0.0855,0.0855,2.0,1710.0,977
2023-05-10 09:36:02,OP90002114,深证100ETF沽12月2700,0.0855,0.0,0.0,0.0,40,0.0853,0.0871,4,0.0817,0.0855,0.0855,0.0855,2.0,1710.0,977
2023-05-10 09:36:03,OP90002114,深证100ETF沽12月2700,0.0855,0.0,0.0,0.0,40,0.0853,0.0871,4,0.0817,0.0855,0.0855,0.0855,2.0,1710.0,977
2023-05-10 09:36:06,OP90002114,深证100ETF沽12月2700,0.0855,0.0,0.0,0.0,40,0.0853,0.0871,4,0.0817,0.0855,0.0855,0.0855,2.0,1710.0,977
2023-05-10 09:36:06,OP90002114,深证100ETF沽12月2700,0.0855,0.0,0.0,0.0,41,0.0853,0.0871,4,0.0817,0.0855,0.0855,0.0855,2.0,1710.0,977
2023-05-10 09:36:08,OP90002114,深证100ETF沽12月2700,0.0855,0.0,0.0,0.0,41,0.0853,0.0871,4,0.0817,0.0855,0.0855,0.0855,2.0,1710.0,977
2023-05-10 09:36:10,OP90002114,深证100ETF沽12月2700,0.0855,0.0,0.0,0.0,51,0.0853,0.0871,1,0.0817,0.0855,0.0855,0.0855,2.0,1710.0,977
2023-05-10 09:36:10,OP90002114,深证100ETF沽12月2700,0.0855,0.0,0.0,0.0,31,0.0853,0.0871,4,0.0817,0.0855,0.0855,0.0855,2.0,1710.0,977
2023-05-10 09:36:11,OP90002114,深证100ETF沽12月2700,0.0855,0.0,0.0,0.0,31,0.0853,0.0871,1,0.0817,0.0855,0.0855,0.0855,2.0,1710.0,977
2023-05-10 09:36:11,OP90002114,深证100ETF沽12月2700,0.0855,0.0,0.0,0.0,30,0.0853,0.087,1,0.0817,0.0855,0.0855,0.0855,2.0,1710.0,977
2023-05-10 09:36:12,OP90002114,深证100ETF沽12月2700,0.0855,0.0,0.0,0.0,30,0.0853,0.087,1,0.0817,0.0855,0.0855,0.0855,2.0,1710.0,977
2023-05-10 09:36:12,OP90002114,深证100ETF沽12月2700,0.0855,0.0,0.0,0.0,20,0.0853,0.087,1,0.0817,0.0855,0.0855,0.0855,2.0,1710.0,977
2023-05-10 09:36:13,OP90002114,深证100ETF沽12月2700,0.0855,0.0,0.0,0.0,20,0.0853,0.087,1,0.0817,0.0855,0.0855,0.0855,2.0,1710.0,977
2023-05-10 09:36:13,OP90002114,深证100ETF沽12月2700,0.0855,0.0,0.0,0.0,20,0.0853,0.087,1,0.0817,0.0855,0.0855,0.0855,2.0,1710.0,977
2023-05-10 09:36:14,OP90002114,深证100ETF沽12月2700,0.0855,0.0,0.0,0.0,20,0.0853,0.087,1,0.0817,0.0855,0.0855,0.0855,2.0,1710.0,977
2023-05-10 09:36:14,OP90002114,深证100ETF沽12月2700,0.0855,0.0,0.0,0.0,20,0.0853,0.087,1,0.0817,0.0855,0.0855,0.0855,2.0,1710.0,977
2023-05-10 09:36:15,OP90002114,深证100ETF沽12月2700,0.0855,0.0,0.0,0.0,20,0.0853,0.087,1,0.0817,0.0855,0.0855,0.0855,2.0,1710.0,977
2023-05-10 09:36:17,OP90002114,深证100ETF沽12月2700,0.0855,0.0,0.0,0.0,20,0.0853,0.0873,20,0.0817,0.0855,0.0855,0.0855,2.0,1710.0,977
2023-05-10 09:36:18,OP90002114,深证100ETF沽12月2700,0.0855,0.0,0.0,0.0,40,0.0853,0.0875,1,0.0817,0.0855,0.0855,0.0855,2.0,1710.0,977
2023-05-10 09:36:18,OP90002114,深证100ETF沽12月2700,0.0855,0.0,0.0,0.0,40,0.0853,0.0875,4,0.0817,0.0855,0.0855,0.0855,2.0,1710.0,977
2023-05-10 09:36:19,OP90002114,深证100ETF沽12月2700,0.0855,0.0,0.0,0.0,40,0.0853,0.0875,1,0.0817,0.0855,0.0855,0.0855,2.0,1710.0,977
2023-05-10 09:36:19,OP90002114,深证100ETF沽12月2700,0.0855,0.0,0.0,0.0,40,0.0853,0.0875,4,0.0817,0.0855,0.0855,0.0855,2.0,1710.0,977
2023-05-10 09:36:21,OP90002114,深证100ETF沽12月2700,0.0855,0.0,0.0,0.0,40,0.0853,0.0875,1,0.0817,0.0855,0.0855,0.0855,2.0,1710.0,977
2023-05-10 09:36:24,OP90002114,深证100ETF沽12月2700,0.0855,0.0,0.0,0.0,40,0.0853,0.0875,1,0.0817,0.0855,0.0855,0.0855,2.0,1710.0,977
2023-05-10 09:36:24,OP90002114,深证100ETF沽12月2700,0.0855,0.0,0.0,0.0,40,0.0853,0.0874,3,0.0817,0.0855,0.0855,0.0855,2.0,1710.0,977
2023-05-10 09:36:25,OP90002114,深证100ETF沽12月2700,0.0855,0.0,0.0,0.0,40,0.0853,0.0875,1,0.0817,0.0855,0.0855,0.0855,2.0,1710.0,977
2023-05-10 09:36:26,OP90002114,深证100ETF沽12月2700,0.0855,0.0,0.0,0.0,40,0.0853,0.0875,1,0.0817,0.0855,0.0855,0.0855,2.0,1710.0,977
2023-05-10 09:36:26,OP90002114,深证100ETF沽12月2700,0.0855,0.0,0.0,0.0,43,0.0853,0.0875,1,0.0817,0.0855,0.0855,0.0855,2.0,1710.0,977
2023-05-10 09:36:28,OP90002114,深证100ETF沽12月2700,0.0855,0.0,0.0,0.0,43,0.0853,0.0874,1,0.0817,0.0855,0.0855,0.0855,2.0,1710.0,977
2023-05-10 09:36:28,OP90002114,深证100ETF沽12月2700,0.0855,0.0,0.0,0.0,40,0.0853,0.0874,1,0.0817,0.0855,0.0855,0.0855,2.0,1710.0,977
2023-05-10 09:36:29,OP90002114,深证100ETF沽12月2700,0.0855,0.0,0.0,0.0,40,0.0853,0.0874,1,0.0817,0.0855,0.0855,0.0855,2.0,1710.0,977
2023-05-10 09:36:30,OP90002114,深证100ETF沽12月2700,0.0855,0.0,0.0,0.0,43,0.0853,0.0874,1,0.0817,0.0855,0.0855,0.0855,2.0,1710.0,977
2023-05-10 09:36:33,OP90002114,深证100ETF沽12月2700,0.0855,0.0,0.0,0.0,20,0.0854,0.0874,1,0.0817,0.0855,0.0855,0.0855,2.0,1710.0,977
2023-05-10 09:36:33,OP90002114,深证100ETF沽12月2700,0.0855,0.0,0.0,0.0,3,0.0855,0.0874,1,0.0817,0.0855,0.0855,0.0855,2.0,1710.0,977
2023-05-10 09:36:34,OP90002114,深证100ETF沽12月2700,0.0855,0.0,0.0,0.0,23,0.0855,0.0874,1,0.0817,0.0855,0.0855,0.0855,2.0,1710.0,977
2023-05-10 09:36:34,OP90002114,深证100ETF沽12月2700,0.0855,0.0,0.0,0.0,30,0.0854,0.0874,1,0.0817,0.0855,0.0855,0.0855,2.0,1710.0,977
2023-05-10 09:36:35,OP90002114,深证100ETF沽12月2700,0.0855,0.0,0.0,0.0,3,0.0855,0.0874,1,0.0817,0.0855,0.0855,0.0855,2.0,1710.0,977
2023-05-10 09:36:35,OP90002114,深证100ETF沽12月2700,0.0855,0.0,0.0,0.0,3,0.0855,0.0874,1,0.0817,0.0855,0.0855,0.0855,2.0,1710.0,977
2023-05-10 09:36:37,OP90002114,深证100ETF沽12月2700,0.0855,0.0,0.0,0.0,3,0.0855,0.0874,1,0.0817,0.0855,0.0855,0.0855,2.0,1710.0,977
2023-05-10 09:36:38,OP90002114,深证100ETF沽12月2700,0.0855,0.0,0.0,0.0,3,0.0855,0.0874,1,0.0817,0.0855,0.0855,0.0855,2.0,1710.0,977
2023-05-10 09:36:38,OP90002114,深证100ETF沽12月2700,0.0855,0.0,0.0,0.0,30,0.0854,0.0874,1,0.0817,0.0855,0.0855,0.0855,2.0,1710.0,977
2023-05-10 09:36:39,OP90002114,深证100ETF沽12月2700,0.0855,0.0,0.0,0.0,30,0.0854,0.0874,1,0.0817,0.0855,0.0855,0.0855,2.0,1710.0,977
2023-05-10 09:36:39,OP90002114,深证100ETF沽12月2700,0.0855,0.0,0.0,0.0,50,0.0854,0.0874,1,0.0817,0.0855,0.0855,0.0855,2.0,1710.0,977
2023-05-10 09:36:40,OP90002114,深证100ETF沽12月2700,0.0855,0.0,0.0,0.0,10,0.0854,0.0874,1,0.0817,0.0855,0.0855,0.0855,2.0,1710.0,977
2023-05-10 09:36:40,OP90002114,深证100ETF沽12月2700,0.0855,0.0,0.0,0.0,20,0.0855,0.0874,1,0.0817,0.0855,0.0855,0.0855,2.0,1710.0,977
2023-05-10 09:36:41,OP90002114,深证100ETF沽12月2700,0.0855,0.0,0.0,0.0,30,0.0855,0.0874,1,0.0817,0.0855,0.0855,0.0855,2.0,1710.0,977
2023-05-10 09:36:41,OP90002114,深证100ETF沽12月2700,0.0855,0.0,0.0,0.0,10,0.0855,0.0876,20,0.0817,0.0855,0.0855,0.0855,2.0,1710.0,977
2023-05-10 09:36:42,OP90002114,深证100ETF沽12月2700,0.0855,0.0,0.0,0.0,1,0.0854,0.0877,20,0.0817,0.0855,0.0855,0.0855,2.0,1710.0,977
2023-05-10 09:36:42,OP90002114,深证100ETF沽12月2700,0.0855,0.0,0.0,0.0,1,0.0854,0.0877,40,0.0817,0.0855,0.0855,0.0855,2.0,1710.0,977
2023-05-10 09:36:51,OP90002114,深证100ETF沽12月2700,0.0855,0.0,0.0,0.0,1,0.0855,0.0877,40,0.0817,0.0855,0.0855,0.0855,2.0,1710.0,977
2023-05-10 09:36:51,OP90002114,深证100ETF沽12月2700,0.0855,0.0,0.0,0.0,21,0.0855,0.0877,20,0.0817,0.0855,0.0855,0.0855,2.0,1710.0,977
2023-05-10 09:36:52,OP90002114,深证100ETF沽12月2700,0.0855,0.0,0.0,0.0,21,0.0855,0.0879,1,0.0817,0.0855,0.0855,0.0855,2.0,1710.0,977
2023-05-10 09:36:52,OP90002114,深证100ETF沽12月2700,0.0855,0.0,0.0,0.0,31,0.0855,0.0878,1,0.0817,0.0855,0.0855,0.0855,2.0,1710.0,977
2023-05-10 09:36:55,OP90002114,深证100ETF沽12月2700,0.0855,0.0,0.0,0.0,21,0.0855,0.0878,1,0.0817,0.0855,0.0855,0.0855,2.0,1710.0,977
2023-05-10 09:36:55,OP90002114,深证100ETF沽12月2700,0.0855,0.0,0.0,0.0,21,0.0855,0.0877,3,0.0817,0.0855,0.0855,0.0855,2.0,1710.0,977
2023-05-10 09:36:56,OP90002114,深证100ETF沽12月2700,0.0855,0.0,0.0,0.0,21,0.0855,0.0877,3,0.0817,0.0855,0.0855,0.0855,2.0,1710.0,977
2023-05-10 09:36:56,OP90002114,深证100ETF沽12月2700,0.0855,0.0,0.0,0.0,21,0.0855,0.0878,1,0.0817,0.0855,0.0855,0.0855,2.0,1710.0,977
2023-05-10 09:36:57,OP90002114,深证100ETF沽12月2700,0.0855,0.0,0.0,0.0,21,0.0855,0.0878,4,0.0817,0.0855,0.0855,0.0855,2.0,1710.0,977
2023-05-10 09:36:57,OP90002114,深证100ETF沽12月2700,0.0855,0.0,0.0,0.0,21,0.0855,0.0878,1,0.0817,0.0855,0.0855,0.0855,2.0,1710.0,977
2023-05-10 09:37:00,OP90002114,深证100ETF沽12月2700,0.0855,0.0,0.0,0.0,21,0.0855,0.0878,1,0.0817,0.0855,0.0855,0.0855,2.0,1710.0,977
2023-05-10 09:37:02,OP90002114,深证100ETF沽12月2700,0.0855,0.0,0.0,0.0,1,0.0856,0.0878,1,0.0817,0.0855,0.0855,0.0855,2.0,1710.0,977
2023-05-10 09:37:02,OP90002114,深证100ETF沽12月2700,0.0855,0.0,0.0,0.0,4,0.0856,0.0877,1,0.0817,0.0855,0.0855,0.0855,2.0,1710.0,977
2023-05-10 09:37:03,OP90002114,深证100ETF沽12月2700,0.0855,0.0,0.0,0.0,4,0.0856,0.0877,1,0.0817,0.0855,0.0855,0.0855,2.0,1710.0,977
2023-05-10 09:37:04,OP90002114,深证100ETF沽12月2700,0.0855,0.0,0.0,0.0,4,0.0856,0.0877,1,0.0817,0.0855,0.0855,0.0855,2.0,1710.0,977
2023-05-10 09:37:04,OP90002114,深证100ETF沽12月2700,0.0855,0.0,0.0,0.0,4,0.0856,0.0877,1,0.0817,0.0855,0.0855,0.0855,2.0,1710.0,977
2023-05-10 09:37:05,OP90002114,深证100ETF沽12月2700,0.0855,0.0,0.0,0.0,4,0.0856,0.0877,1,0.0817,0.0855,0.0855,0.0855,2.0,1710.0,977
2023-05-10 09:37:05,OP90002114,深证100ETF沽12月2700,0.0855,0.0,0.0,0.0,4,0.0856,0.0877,1,0.0817,0.0855,0.0855,0.0855,2.0,1710.0,977
2023-05-10 09:37:06,OP90002114,深证100ETF沽12月2700,0.0855,0.0,0.0,0.0,4,0.0856,0.0877,1,0.0817,0.0855,0.0855,0.0855,2.0,1710.0,977
2023-05-10 09:37:06,OP90002114,深证100ETF沽12月2700,0.0855,0.0,0.0,0.0,4,0.0856,0.0877,1,0.0817,0.0855,0.0855,0.0855,2.0,1710.0,977
2023-05-10 09:37:09,OP90002114,深证100ETF沽12月2700,0.0855,0.0,0.0,0.0,4,0.0856,0.0877,1,0.0817,0.0855,0.0855,0.0855,2.0,1710.0,977
2023-05-10 09:37:10,OP90002114,深证100ETF沽12月2700,0.0855,0.0,0.0,0.0,4,0.0856,0.0877,1,0.0817,0.0855,0.0855,0.0855,2.0,1710.0,977
2023-05-10 09:37:11,OP90002114,深证100ETF沽12月2700,0.0855,0.0,0.0,0.0,4,0.0856,0.0877,1,0.0817,0.0855,0.0855,0.0855,2.0,1710.0,977
2023-05-10 09:37:12,OP90002114,深证100ETF沽12月2700,0.0855,0.0,0.0,0.0,1,0.0857,0.0877,1,0.0817,0.0855,0.0855,0.0855,2.0,1710.0,977
2023-05-10 09:37:12,OP90002114,深证100ETF沽12月2700,0.0855,0.0,0.0,0.0,1,0.0857,0.0877,1,0.0817,0.0855,0.0855,0.0855,2.0,1710.0,977
2023-05-10 09:37:14,OP90002114,深证100ETF沽12月2700,0.0855,0.0,0.0,0.0,1,0.0857,0.0876,1,0.0817,0.0855,0.0855,0.0855,2.0,1710.0,977
2023-05-10 09:37:15,OP90002114,深证100ETF沽12月2700,0.0855,0.0,0.0,0.0,1,0.0857,0.0876,1,0.0817,0.0855,0.0855,0.0855,2.0,1710.0,977
2023-05-10 09:37:17,OP90002114,深证100ETF沽12月2700,0.0855,0.0,0.0,0.0,1,0.0857,0.0876,1,0.0817,0.0855,0.0855,0.0855,2.0,1710.0,977
2023-05-10 09:37:20,OP90002114,深证100ETF沽12月2700,0.0855,0.0,0.0,0.0,30,0.0856,0.0876,1,0.0817,0.0855,0.0855,0.0855,2.0,1710.0,977
2023-05-10 09:37:24,OP90002114,深证100ETF沽12月2700,0.0855,0.0,0.0,0.0,30,0.0856,0.0875,1,0.0817,0.0855,0.0855,0.0855,2.0,1710.0,977
2023-05-10 09:37:25,OP90002114,深证100ETF沽12月2700,0.0855,0.0,0.0,0.0,3,0.0857,0.0875,1,0.0817,0.0855,0.0855,0.0855,2.0,1710.0,977
2023-05-10 09:37:29,OP90002114,深证100ETF沽12月2700,0.0855,0.0,0.0,0.0,3,0.0857,0.0875,1,0.0817,0.0855,0.0855,0.0855,2.0,1710.0,977
2023-05-10 09:37:29,OP90002114,深证100ETF沽12月2700,0.0855,0.0,0.0,0.0,3,0.0857,0.0875,1,0.0817,0.0855,0.0855,0.0855,2.0,1710.0,977
2023-05-10 09:37:32,OP90002114,深证100ETF沽12月2700,0.0855,0.0,0.0,0.0,3,0.0857,0.0875,1,0.0817,0.0855,0.0855,0.0855,2.0,1710.0,977
2023-05-10 09:37:35,OP90002114,深证100ETF沽12月2700,0.0855,0.0,0.0,0.0,3,0.0857,0.0874,1,0.0817,0.0855,0.0855,0.0855,2.0,1710.0,977
2023-05-10 09:37:35,OP90002114,深证100ETF沽12月2700,0.0855,0.0,0.0,0.0,3,0.0857,0.0874,1,0.0817,0.0855,0.0855,0.0855,2.0,1710.0,977
2023-05-10 09:37:36,OP90002114,深证100ETF沽12月2700,0.0855,0.0,0.0,0.0,3,0.0857,0.0874,1,0.0817,0.0855,0.0855,0.0855,2.0,1710.0,977
2023-05-10 09:37:37,OP90002114,深证100ETF沽12月2700,0.0855,0.0,0.0,0.0,3,0.0857,0.0874,1,0.0817,0.0855,0.0855,0.0855,2.0,1710.0,977
2023-05-10 09:37:37,OP90002114,深证100ETF沽12月2700,0.0855,0.0,0.0,0.0,3,0.0857,0.0874,1,0.0817,0.0855,0.0855,0.0855,2.0,1710.0,977
2023-05-10 09:37:38,OP90002114,深证100ETF沽12月2700,0.0855,0.0,0.0,0.0,3,0.0857,0.0874,1,0.0817,0.0855,0.0855,0.0855,2.0,1710.0,977
2023-05-10 09:37:38,OP90002114,深证100ETF沽12月2700,0.0855,0.0,0.0,0.0,3,0.0857,0.0874,1,0.0817,0.0855,0.0855,0.0855,2.0,1710.0,977
2023-05-10 09:37:39,OP90002114,深证100ETF沽12月2700,0.0855,0.0,0.0,0.0,3,0.0857,0.0874,1,0.0817,0.0855,0.0855,0.0855,2.0,1710.0,977
2023-05-10 09:37:39,OP90002114,深证100ETF沽12月2700,0.0855,0.0,0.0,0.0,3,0.0857,0.0874,1,0.0817,0.0855,0.0855,0.0855,2.0,1710.0,977
2023-05-10 09:37:40,OP90002114,深证100ETF沽12月2700,0.0855,0.0,0.0,0.0,3,0.0857,0.0874,1,0.0817,0.0855,0.0855,0.0855,2.0,1710.0,977
2023-05-10 09:37:40,OP90002114,深证100ETF沽12月2700,0.0855,0.0,0.0,0.0,3,0.0857,0.0874,1,0.0817,0.0855,0.0855,0.0855,2.0,1710.0,977
2023-05-10 09:37:41,OP90002114,深证100ETF沽12月2700,0.0855,0.0,0.0,0.0,3,0.0857,0.0874,1,0.0817,0.0855,0.0855,0.0855,2.0,1710.0,977
2023-05-10 09:37:41,OP90002114,深证100ETF沽12月2700,0.0855,0.0,0.0,0.0,3,0.0857,0.0874,1,0.0817,0.0855,0.0855,0.0855,2.0,1710.0,977
2023-05-10 09:37:42,OP90002114,深证100ETF沽12月2700,0.0855,0.0,0.0,0.0,23,0.0857,0.0874,1,0.0817,0.0855,0.0855,0.0855,2.0,1710.0,977
2023-05-10 09:37:42,OP90002114,深证100ETF沽12月2700,0.0855,0.0,0.0,0.0,23,0.0857,0.0874,1,0.0817,0.0855,0.0855,0.0855,2.0,1710.0,977
2023-05-10 09:37:43,OP90002114,深证100ETF沽12月2700,0.0855,0.0,0.0,0.0,23,0.0857,0.0874,1,0.0817,0.0855,0.0855,0.0855,2.0,1710.0,977
2023-05-10 09:37:43,OP90002114,深证100ETF沽12月2700,0.0855,0.0,0.0,0.0,23,0.0857,0.0874,1,0.0817,0.0855,0.0855,0.0855,2.0,1710.0,977
2023-05-10 09:37:44,OP90002114,深证100ETF沽12月2700,0.0855,0.0,0.0,0.0,23,0.0857,0.0874,1,0.0817,0.0855,0.0855,0.0855,2.0,1710.0,977
2023-05-10 09:37:44,OP90002114,深证100ETF沽12月2700,0.0855,0.0,0.0,0.0,20,0.086,0.0874,1,0.0817,0.0855,0.0855,0.0855,2.0,1710.0,977
2023-05-10 09:37:45,OP90002114,深证100ETF沽12月2700,0.0855,0.0,0.0,0.0,3,0.0861,0.0874,1,0.0817,0.0855,0.0855,0.0855,2.0,1710.0,977
2023-05-10 09:37:45,OP90002114,深证100ETF沽12月2700,0.0855,0.0,0.0,0.0,3,0.0861,0.0874,1,0.0817,0.0855,0.0855,0.0855,2.0,1710.0,977
2023-05-10 09:37:46,OP90002114,深证100ETF沽12月2700,0.0855,0.0,0.0,0.0,50,0.086,0.0874,1,0.0817,0.0855,0.0855,0.0855,2.0,1710.0,977
2023-05-10 09:37:46,OP90002114,深证100ETF沽12月2700,0.0855,0.0,0.0,0.0,53,0.086,0.0874,1,0.0817,0.0855,0.0855,0.0855,2.0,1710.0,977
2023-05-10 09:37:47,OP90002114,深证100ETF沽12月2700,0.0855,0.0,0.0,0.0,53,0.086,0.0874,1,0.0817,0.0855,0.0855,0.0855,2.0,1710.0,977
2023-05-10 09:37:47,OP90002114,深证100ETF沽12月2700,0.0855,0.0,0.0,0.0,53,0.086,0.0878,20,0.0817,0.0855,0.0855,0.0855,2.0,1710.0,977
2023-05-10 09:37:48,OP90002114,深证100ETF沽12月2700,0.0855,0.0,0.0,0.0,53,0.086,0.088,2,0.0817,0.0855,0.0855,0.0855,2.0,1710.0,977
2023-05-10 09:37:48,OP90002114,深证100ETF沽12月2700,0.0855,0.0,0.0,0.0,53,0.086,0.088,2,0.0817,0.0855,0.0855,0.0855,2.0,1710.0,977
2023-05-10 09:37:49,OP90002114,深证100ETF沽12月2700,0.0855,0.0,0.0,0.0,53,0.086,0.088,2,0.0817,0.0855,0.0855,0.0855,2.0,1710.0,977
2023-05-10 09:37:50,OP90002114,深证100ETF沽12月2700,0.0855,0.0,0.0,0.0,53,0.086,0.088,2,0.0817,0.0855,0.0855,0.0855,2.0,1710.0,977
2023-05-10 09:37:51,OP90002114,深证100ETF沽12月2700,0.0855,0.0,0.0,0.0,53,0.086,0.088,2,0.0817,0.0855,0.0855,0.0855,2.0,1710.0,977
2023-05-10 09:37:57,OP90002114,深证100ETF沽12月2700,0.0855,0.0,0.0,0.0,50,0.086,0.088,2,0.0817,0.0855,0.0855,0.0855,2.0,1710.0,977
2023-05-10 09:37:58,OP90002114,深证100ETF沽12月2700,0.0855,0.0,0.0,0.0,50,0.086,0.0879,1,0.0817,0.0855,0.0855,0.0855,2.0,1710.0,977
2023-05-10 09:37:58,OP90002114,深证100ETF沽12月2700,0.0855,0.0,0.0,0.0,50,0.086,0.0879,1,0.0817,0.0855,0.0855,0.0855,2.0,1710.0,977
2023-05-10 09:38:02,OP90002114,深证100ETF沽12月2700,0.0855,0.0,0.0,0.0,50,0.086,0.0879,1,0.0817,0.0855,0.0855,0.0855,2.0,1710.0,977
2023-05-10 09:38:02,OP90002114,深证100ETF沽12月2700,0.0855,0.0,0.0,0.0,3,0.0861,0.0879,1,0.0817,0.0855,0.0855,0.0855,2.0,1710.0,977
2023-05-10 09:38:03,OP90002114,深证100ETF沽12月2700,0.0855,0.0,0.0,0.0,50,0.086,0.0879,1,0.0817,0.0855,0.0855,0.0855,2.0,1710.0,977
2023-05-10 09:38:04,OP90002114,深证100ETF沽12月2700,0.0855,0.0,0.0,0.0,3,0.0861,0.0879,1,0.0817,0.0855,0.0855,0.0855,2.0,1710.0,977
2023-05-10 09:38:06,OP90002114,深证100ETF沽12月2700,0.0855,0.0,0.0,0.0,50,0.086,0.0879,1,0.0817,0.0855,0.0855,0.0855,2.0,1710.0,977
2023-05-10 09:38:06,OP90002114,深证100ETF沽12月2700,0.0855,0.0,0.0,0.0,53,0.086,0.0879,1,0.0817,0.0855,0.0855,0.0855,2.0,1710.0,977
2023-05-10 09:38:07,OP90002114,深证100ETF沽12月2700,0.0855,0.0,0.0,0.0,50,0.086,0.0879,1,0.0817,0.0855,0.0855,0.0855,2.0,1710.0,977
2023-05-10 09:38:08,OP90002114,深证100ETF沽12月2700,0.0855,0.0,0.0,0.0,50,0.086,0.0878,1,0.0817,0.0855,0.0855,0.0855,2.0,1710.0,977
2023-05-10 09:38:09,OP90002114,深证100ETF沽12月2700,0.0855,0.0,0.0,0.0,50,0.086,0.0878,1,0.0817,0.0855,0.0855,0.0855,2.0,1710.0,977
2023-05-10 09:38:10,OP90002114,深证100ETF沽12月2700,0.0855,0.0,0.0,0.0,30,0.086,0.0878,1,0.0817,0.0855,0.0855,0.0855,2.0,1710.0,977
2023-05-10 09:38:11,OP90002114,深证100ETF沽12月2700,0.0855,0.0,0.0,0.0,30,0.086,0.0878,1,0.0817,0.0855,0.0855,0.0855,2.0,1710.0,977
2023-05-10 09:38:11,OP90002114,深证100ETF沽12月2700,0.0855,0.0,0.0,0.0,30,0.086,0.0878,1,0.0817,0.0855,0.0855,0.0855,2.0,1710.0,977
2023-05-10 09:38:12,OP90002114,深证100ETF沽12月2700,0.0855,0.0,0.0,0.0,20,0.086,0.0878,1,0.0817,0.0855,0.0855,0.0855,2.0,1710.0,977
2023-05-10 09:38:12,OP90002114,深证100ETF沽12月2700,0.0855,0.0,0.0,0.0,20,0.086,0.0878,4,0.0817,0.0855,0.0855,0.0855,2.0,1710.0,977
2023-05-10 09:38:13,OP90002114,深证100ETF沽12月2700,0.0855,0.0,0.0,0.0,61,0.0857,0.0878,4,0.0817,0.0855,0.0855,0.0855,2.0,1710.0,977
2023-05-10 09:38:13,OP90002114,深证100ETF沽12月2700,0.0855,0.0,0.0,0.0,51,0.0857,0.0878,4,0.0817,0.0855,0.0855,0.0855,2.0,1710.0,977
2023-05-10 09:38:14,OP90002114,深证100ETF沽12月2700,0.0855,0.0,0.0,0.0,51,0.0857,0.0878,4,0.0817,0.0855,0.0855,0.0855,2.0,1710.0,977
2023-05-10 09:38:14,OP90002114,深证100ETF沽12月2700,0.0855,0.0,0.0,0.0,51,0.0857,0.0878,1,0.0817,0.0855,0.0855,0.0855,2.0,1710.0,977
2023-05-10 09:38:15,OP90002114,深证100ETF沽12月2700,0.0855,0.0,0.0,0.0,54,0.0857,0.0878,1,0.0817,0.0855,0.0855,0.0855,2.0,1710.0,977
2023-05-10 09:38:16,OP90002114,深证100ETF沽12月2700,0.0855,0.0,0.0,0.0,54,0.0857,0.0878,1,0.0817,0.0855,0.0855,0.0855,2.0,1710.0,977
2023-05-10 09:38:16,OP90002114,深证100ETF沽12月2700,0.0855,0.0,0.0,0.0,54,0.0857,0.0878,1,0.0817,0.0855,0.0855,0.0855,2.0,1710.0,977
2023-05-10 09:38:18,OP90002114,深证100ETF沽12月2700,0.0855,0.0,0.0,0.0,54,0.0857,0.0878,2,0.0817,0.0855,0.0855,0.0855,2.0,1710.0,977
2023-05-10 09:38:18,OP90002114,深证100ETF沽12月2700,0.0855,0.0,0.0,0.0,54,0.0857,0.0877,1,0.0817,0.0855,0.0855,0.0855,2.0,1710.0,977
2023-05-10 09:38:19,OP90002114,深证100ETF沽12月2700,0.0855,0.0,0.0,0.0,54,0.0857,0.0877,1,0.0817,0.0855,0.0855,0.0855,2.0,1710.0,977
2023-05-10 09:38:29,OP90002114,深证100ETF沽12月2700,0.0855,0.0,0.0,0.0,54,0.0857,0.0876,1,0.0817,0.0855,0.0855,0.0855,2.0,1710.0,977
2023-05-10 09:38:29,OP90002114,深证100ETF沽12月2700,0.0855,0.0,0.0,0.0,53,0.0857,0.0876,1,0.0817,0.0855,0.0855,0.0855,2.0,1710.0,977
2023-05-10 09:38:34,OP90002114,深证100ETF沽12月2700,0.0855,0.0,0.0,0.0,53,0.0857,0.0876,1,0.0817,0.0855,0.0855,0.0855,2.0,1710.0,977
2023-05-10 09:38:39,OP90002114,深证100ETF沽12月2700,0.0855,0.0,0.0,0.0,53,0.0857,0.0875,1,0.0817,0.0855,0.0855,0.0855,2.0,1710.0,977
2023-05-10 09:38:39,OP90002114,深证100ETF沽12月2700,0.0855,0.0,0.0,0.0,33,0.0857,0.0875,1,0.0817,0.0855,0.0855,0.0855,2.0,1710.0,977
2023-05-10 09:38:40,OP90002114,深证100ETF沽12月2700,0.0855,0.0,0.0,0.0,33,0.0857,0.0875,1,0.0817,0.0855,0.0855,0.0855,2.0,1710.0,977
2023-05-10 09:38:40,OP90002114,深证100ETF沽12月2700,0.0855,0.0,0.0,0.0,33,0.0857,0.0875,1,0.0817,0.0855,0.0855,0.0855,2.0,1710.0,977
2023-05-10 09:38:41,OP90002114,深证100ETF沽12月2700,0.0855,0.0,0.0,0.0,33,0.0857,0.0875,1,0.0817,0.0855,0.0855,0.0855,2.0,1710.0,977
2023-05-10 09:38:41,OP90002114,深证100ETF沽12月2700,0.0855,0.0,0.0,0.0,33,0.0857,0.0875,1,0.0817,0.0855,0.0855,0.0855,2.0,1710.0,977
2023-05-10 09:38:42,OP90002114,深证100ETF沽12月2700,0.0855,0.0,0.0,0.0,33,0.0857,0.0875,1,0.0817,0.0855,0.0855,0.0855,2.0,1710.0,977
2023-05-10 09:38:46,OP90002114,深证100ETF沽12月2700,0.0855,0.0,0.0,0.0,33,0.0857,0.0875,1,0.0817,0.0855,0.0855,0.0855,2.0,1710.0,977
2023-05-10 09:38:47,OP90002114,深证100ETF沽12月2700,0.0855,0.0,0.0,0.0,33,0.0857,0.0875,1,0.0817,0.0855,0.0855,0.0855,2.0,1710.0,977
2023-05-10 09:38:47,OP90002114,深证100ETF沽12月2700,0.0855,0.0,0.0,0.0,53,0.0857,0.0875,1,0.0817,0.0855,0.0855,0.0855,2.0,1710.0,977
2023-05-10 09:38:48,OP90002114,深证100ETF沽12月2700,0.0855,0.0,0.0,0.0,50,0.0857,0.0875,1,0.0817,0.0855,0.0855,0.0855,2.0,1710.0,977
2023-05-10 09:38:49,OP90002114,深证100ETF沽12月2700,0.0855,0.0,0.0,0.0,30,0.0857,0.0874,1,0.0817,0.0855,0.0855,0.0855,2.0,1710.0,977
2023-05-10 09:38:49,OP90002114,深证100ETF沽12月2700,0.0855,0.0,0.0,0.0,30,0.0857,0.0874,1,0.0817,0.0855,0.0855,0.0855,2.0,1710.0,977
2023-05-10 09:38:50,OP90002114,深证100ETF沽12月2700,0.0855,0.0,0.0,0.0,30,0.0857,0.0874,1,0.0817,0.0855,0.0855,0.0855,2.0,1710.0,977
2023-05-10 09:38:50,OP90002114,深证100ETF沽12月2700,0.0855,0.0,0.0,0.0,30,0.0857,0.0874,1,0.0817,0.0855,0.0855,0.0855,2.0,1710.0,977
2023-05-10 09:38:51,OP90002114,深证100ETF沽12月2700,0.0855,0.0,0.0,0.0,20,0.0857,0.0874,1,0.0817,0.0855,0.0855,0.0855,2.0,1710.0,977
2023-05-10 09:38:51,OP90002114,深证100ETF沽12月2700,0.0855,0.0,0.0,0.0,20,0.0857,0.0874,1,0.0817,0.0855,0.0855,0.0855,2.0,1710.0,977
2023-05-10 09:38:52,OP90002114,深证100ETF沽12月2700,0.0855,0.0,0.0,0.0,20,0.0857,0.0874,1,0.0817,0.0855,0.0855,0.0855,2.0,1710.0,977
2023-05-10 09:38:52,OP90002114,深证100ETF沽12月2700,0.0855,0.0,0.0,0.0,20,0.0857,0.0874,1,0.0817,0.0855,0.0855,0.0855,2.0,1710.0,977
2023-05-10 09:38:53,OP90002114,深证100ETF沽12月2700,0.0855,0.0,0.0,0.0,20,0.0857,0.0874,1,0.0817,0.0855,0.0855,0.0855,2.0,1710.0,977
2023-05-10 09:38:53,OP90002114,深证100ETF沽12月2700,0.0857,10.0,8570.0,-10.0,10,0.0856,0.0874,1,0.0817,0.0855,0.0857,0.0855,12.0,10280.0,967
2023-05-10 09:38:54,OP90002114,深证100ETF沽12月2700,0.0857,0.0,0.0,0.0,20,0.0855,0.0874,1,0.0817,0.0855,0.0857,0.0855,12.0,10280.0,967
2023-05-10 09:38:54,OP90002114,深证100ETF沽12月2700,0.0855,20.0,17100.0,0.0,10,0.0855,0.0874,1,0.0817,0.0855,0.0857,0.0855,32.0,27380.0,967
2023-05-10 09:38:55,OP90002114,深证100ETF沽12月2700,0.0855,0.0,0.0,0.0,30,0.0852,0.0874,4,0.0817,0.0855,0.0857,0.0855,32.0,27380.0,967
2023-05-10 09:38:55,OP90002114,深证100ETF沽12月2700,0.0855,0.0,0.0,0.0,10,0.0852,0.0874,4,0.0817,0.0855,0.0857,0.0855,32.0,27380.0,967
2023-05-10 09:38:56,OP90002114,深证100ETF沽12月2700,0.0855,0.0,0.0,0.0,13,0.0852,0.0874,4,0.0817,0.0855,0.0857,0.0855,32.0,27380.0,967
2023-05-10 09:38:56,OP90002114,深证100ETF沽12月2700,0.0855,10.0,8550.0,-10.0,3,0.0852,0.0874,4,0.0817,0.0855,0.0857,0.0855,42.0,35930.0,957
2023-05-10 09:38:57,OP90002114,深证100ETF沽12月2700,0.0851,10.0,8513.0,0.0,3,0.0851,0.0874,4,0.0817,0.0855,0.0857,0.0851,52.0,44443.0,957
2023-05-10 09:38:57,OP90002114,深证100ETF沽12月2700,0.0851,0.0,0.0,0.0,20,0.085,0.0874,4,0.0817,0.0855,0.0857,0.0851,52.0,44443.0,957
2023-05-10 09:38:58,OP90002114,深证100ETF沽12月2700,0.085,10.0,8500.0,0.0,30,0.0848,0.0874,4,0.0817,0.0855,0.0857,0.085,62.0,52943.0,957
2023-05-10 09:38:59,OP90002114,深证100ETF沽12月2700,0.085,0.0,0.0,0.0,1,0.0847,0.0873,1,0.0817,0.0855,0.0857,0.085,62.0,52943.0,957
2023-05-10 09:38:59,OP90002114,深证100ETF沽12月2700,0.085,0.0,0.0,0.0,20,0.0855,0.0872,3,0.0817,0.0855,0.0857,0.085,62.0,52943.0,957
2023-05-10 09:39:00,OP90002114,深证100ETF沽12月2700,0.085,0.0,0.0,0.0,20,0.0855,0.0873,1,0.0817,0.0855,0.0857,0.085,62.0,52943.0,957
2023-05-10 09:39:00,OP90002114,深证100ETF沽12月2700,0.085,0.0,0.0,0.0,20,0.0855,0.0873,4,0.0817,0.0855,0.0857,0.085,62.0,52943.0,957
2023-05-10 09:39:01,OP90002114,深证100ETF沽12月2700,0.085,0.0,0.0,0.0,20,0.0855,0.0873,1,0.0817,0.0855,0.0857,0.085,62.0,52943.0,957
2023-05-10 09:39:01,OP90002114,深证100ETF沽12月2700,0.085,0.0,0.0,0.0,20,0.0855,0.0873,1,0.0817,0.0855,0.0857,0.085,62.0,52943.0,957
2023-05-10 09:39:02,OP90002114,深证100ETF沽12月2700,0.0855,10.0,8550.0,-10.0,10,0.0854,0.0873,1,0.0817,0.0855,0.0857,0.085,72.0,61493.0,947
2023-05-10 09:39:02,OP90002114,深证100ETF沽12月2700,0.0854,10.0,8540.0,0.0,40,0.0847,0.0873,1,0.0817,0.0855,0.0857,0.085,82.0,70033.0,947
2023-05-10 09:39:03,OP90002114,深证100ETF沽12月2700,0.0854,0.0,0.0,0.0,30,0.0847,0.0873,1,0.0817,0.0855,0.0857,0.085,82.0,70033.0,947
2023-05-10 09:39:03,OP90002114,深证100ETF沽12月2700,0.0854,0.0,0.0,0.0,10,0.0846,0.0873,1,0.0817,0.0855,0.0857,0.085,82.0,70033.0,947
2023-05-10 09:39:04,OP90002114,深证100ETF沽12月2700,0.0854,0.0,0.0,0.0,10,0.0846,0.0873,1,0.0817,0.0855,0.0857,0.085,82.0,70033.0,947
2023-05-10 09:39:04,OP90002114,深证100ETF沽12月2700,0.0854,0.0,0.0,0.0,10,0.0846,0.0873,4,0.0817,0.0855,0.0857,0.085,82.0,70033.0,947
2023-05-10 09:39:05,OP90002114,深证100ETF沽12月2700,0.0854,0.0,0.0,0.0,20,0.0853,0.0873,4,0.0817,0.0855,0.0857,0.085,82.0,70033.0,947
2023-05-10 09:39:05,OP90002114,深证100ETF沽12月2700,0.0854,0.0,0.0,0.0,20,0.0853,0.0873,4,0.0817,0.0855,0.0857,0.085,82.0,70033.0,947
2023-05-10 09:39:06,OP90002114,深证100ETF沽12月2700,0.0854,0.0,0.0,0.0,30,0.0853,0.0873,4,0.0817,0.0855,0.0857,0.085,82.0,70033.0,947
2023-05-10 09:39:06,OP90002114,深证100ETF沽12月2700,0.0854,0.0,0.0,0.0,30,0.0853,0.0873,4,0.0817,0.0855,0.0857,0.085,82.0,70033.0,947
2023-05-10 09:39:07,OP90002114,深证100ETF沽12月2700,0.0854,0.0,0.0,0.0,30,0.0853,0.0873,4,0.0817,0.0855,0.0857,0.085,82.0,70033.0,947
2023-05-10 09:39:07,OP90002114,深证100ETF沽12月2700,0.0854,0.0,0.0,0.0,30,0.0853,0.0873,4,0.0817,0.0855,0.0857,0.085,82.0,70033.0,947
2023-05-10 09:39:08,OP90002114,深证100ETF沽12月2700,0.0854,0.0,0.0,0.0,30,0.0853,0.0873,4,0.0817,0.0855,0.0857,0.085,82.0,70033.0,947
2023-05-10 09:39:08,OP90002114,深证100ETF沽12月2700,0.0854,0.0,0.0,0.0,30,0.0853,0.0873,4,0.0817,0.0855,0.0857,0.085,82.0,70033.0,947
2023-05-10 09:39:09,OP90002114,深证100ETF沽12月2700,0.0854,0.0,0.0,0.0,20,0.0853,0.0872,1,0.0817,0.0855,0.0857,0.085,82.0,70033.0,947
2023-05-10 09:39:09,OP90002114,深证100ETF沽12月2700,0.0854,0.0,0.0,0.0,20,0.0853,0.0871,3,0.0817,0.0855,0.0857,0.085,82.0,70033.0,947
2023-05-10 09:39:10,OP90002114,深证100ETF沽12月2700,0.0854,0.0,0.0,0.0,20,0.0853,0.0871,3,0.0817,0.0855,0.0857,0.085,82.0,70033.0,947
2023-05-10 09:39:10,OP90002114,深证100ETF沽12月2700,0.0854,0.0,0.0,0.0,20,0.0853,0.0871,3,0.0817,0.0855,0.0857,0.085,82.0,70033.0,947
2023-05-10 09:39:11,OP90002114,深证100ETF沽12月2700,0.0854,0.0,0.0,0.0,20,0.0853,0.0871,3,0.0817,0.0855,0.0857,0.085,82.0,70033.0,947
2023-05-10 09:39:11,OP90002114,深证100ETF沽12月2700,0.0854,0.0,0.0,0.0,20,0.085,0.0871,3,0.0817,0.0855,0.0857,0.085,82.0,70033.0,947
2023-05-10 09:39:12,OP90002114,深证100ETF沽12月2700,0.0854,0.0,0.0,0.0,20,0.085,0.0871,3,0.0817,0.0855,0.0857,0.085,82.0,70033.0,947
2023-05-10 09:39:12,OP90002114,深证100ETF沽12月2700,0.0854,0.0,0.0,0.0,20,0.085,0.087,10,0.0817,0.0855,0.0857,0.085,82.0,70033.0,947
2023-05-10 09:39:13,OP90002114,深证100ETF沽12月2700,0.0854,0.0,0.0,0.0,20,0.085,0.0869,3,0.0817,0.0855,0.0857,0.085,82.0,70033.0,947
2023-05-10 09:39:13,OP90002114,深证100ETF沽12月2700,0.0854,0.0,0.0,0.0,20,0.085,0.0869,3,0.0817,0.0855,0.0857,0.085,82.0,70033.0,947
2023-05-10 09:39:14,OP90002114,深证100ETF沽12月2700,0.0854,0.0,0.0,0.0,20,0.085,0.0869,4,0.0817,0.0855,0.0857,0.085,82.0,70033.0,947
2023-05-10 09:39:14,OP90002114,深证100ETF沽12月2700,0.0854,0.0,0.0,0.0,20,0.085,0.0869,4,0.0817,0.0855,0.0857,0.085,82.0,70033.0,947
2023-05-10 09:39:15,OP90002114,深证100ETF沽12月2700,0.0854,0.0,0.0,0.0,20,0.085,0.0869,4,0.0817,0.0855,0.0857,0.085,82.0,70033.0,947
2023-05-10 09:39:15,OP90002114,深证100ETF沽12月2700,0.0854,0.0,0.0,0.0,20,0.085,0.0869,4,0.0817,0.0855,0.0857,0.085,82.0,70033.0,947
2023-05-10 09:39:16,OP90002114,深证100ETF沽12月2700,0.0854,0.0,0.0,0.0,20,0.085,0.0869,4,0.0817,0.0855,0.0857,0.085,82.0,70033.0,947
2023-05-10 09:39:16,OP90002114,深证100ETF沽12月2700,0.0854,0.0,0.0,0.0,20,0.085,0.0869,4,0.0817,0.0855,0.0857,0.085,82.0,70033.0,947
2023-05-10 09:39:17,OP90002114,深证100ETF沽12月2700,0.0854,0.0,0.0,0.0,20,0.085,0.0869,4,0.0817,0.0855,0.0857,0.085,82.0,70033.0,947
2023-05-10 09:39:19,OP90002114,深证100ETF沽12月2700,0.0854,0.0,0.0,0.0,20,0.085,0.0869,4,0.0817,0.0855,0.0857,0.085,82.0,70033.0,947
2023-05-10 09:39:20,OP90002114,深证100ETF沽12月2700,0.0854,0.0,0.0,0.0,20,0.085,0.0869,4,0.0817,0.0855,0.0857,0.085,82.0,70033.0,947
2023-05-10 09:39:20,OP90002114,深证100ETF沽12月2700,0.0854,0.0,0.0,0.0,20,0.085,0.0869,4,0.0817,0.0855,0.0857,0.085,82.0,70033.0,947
2023-05-10 09:39:21,OP90002114,深证100ETF沽12月2700,0.0854,0.0,0.0,0.0,20,0.085,0.0869,4,0.0817,0.0855,0.0857,0.085,82.0,70033.0,947
2023-05-10 09:39:23,OP90002114,深证100ETF沽12月2700,0.0854,0.0,0.0,0.0,20,0.0853,0.0869,4,0.0817,0.0855,0.0857,0.085,82.0,70033.0,947
2023-05-10 09:39:24,OP90002114,深证100ETF沽12月2700,0.0854,0.0,0.0,0.0,20,0.0853,0.0868,1,0.0817,0.0855,0.0857,0.085,82.0,70033.0,947
2023-05-10 09:39:24,OP90002114,深证100ETF沽12月2700,0.0854,0.0,0.0,0.0,20,0.0853,0.0867,3,0.0817,0.0855,0.0857,0.085,82.0,70033.0,947
2023-05-10 09:39:25,OP90002114,深证100ETF沽12月2700,0.0854,0.0,0.0,0.0,20,0.0853,0.0867,3,0.0817,0.0855,0.0857,0.085,82.0,70033.0,947
2023-05-10 09:39:25,OP90002114,深证100ETF沽12月2700,0.0854,0.0,0.0,0.0,20,0.0853,0.0867,3,0.0817,0.0855,0.0857,0.085,82.0,70033.0,947
2023-05-10 09:39:26,OP90002114,深证100ETF沽12月2700,0.0854,0.0,0.0,0.0,20,0.0853,0.0867,3,0.0817,0.0855,0.0857,0.085,82.0,70033.0,947
2023-05-10 09:39:26,OP90002114,深证100ETF沽12月2700,0.0854,0.0,0.0,0.0,20,0.0853,0.0867,3,0.0817,0.0855,0.0857,0.085,82.0,70033.0,947
2023-05-10 09:39:27,OP90002114,深证100ETF沽12月2700,0.0854,0.0,0.0,0.0,20,0.0853,0.0867,3,0.0817,0.0855,0.0857,0.085,82.0,70033.0,947
2023-05-10 09:39:27,OP90002114,深证100ETF沽12月2700,0.0854,0.0,0.0,0.0,20,0.0853,0.0867,3,0.0817,0.0855,0.0857,0.085,82.0,70033.0,947
2023-05-10 09:39:28,OP90002114,深证100ETF沽12月2700,0.0854,0.0,0.0,0.0,20,0.0853,0.0867,3,0.0817,0.0855,0.0857,0.085,82.0,70033.0,947
2023-05-10 09:39:29,OP90002114,深证100ETF沽12月2700,0.0854,0.0,0.0,0.0,20,0.0853,0.0867,3,0.0817,0.0855,0.0857,0.085,82.0,70033.0,947
2023-05-10 09:39:32,OP90002114,深证100ETF沽12月2700,0.0854,0.0,0.0,0.0,20,0.0853,0.0867,3,0.0817,0.0855,0.0857,0.085,82.0,70033.0,947
2023-05-10 09:39:33,OP90002114,深证100ETF沽12月2700,0.0854,0.0,0.0,0.0,20,0.0853,0.0867,3,0.0817,0.0855,0.0857,0.085,82.0,70033.0,947
2023-05-10 09:39:34,OP90002114,深证100ETF沽12月2700,0.0854,0.0,0.0,0.0,20,0.0853,0.0867,4,0.0817,0.0855,0.0857,0.085,82.0,70033.0,947
2023-05-10 09:39:34,OP90002114,深证100ETF沽12月2700,0.0854,0.0,0.0,0.0,20,0.0853,0.0867,4,0.0817,0.0855,0.0857,0.085,82.0,70033.0,947
2023-05-10 09:39:35,OP90002114,深证100ETF沽12月2700,0.0854,0.0,0.0,0.0,20,0.0853,0.0867,4,0.0817,0.0855,0.0857,0.085,82.0,70033.0,947
2023-05-10 09:39:35,OP90002114,深证100ETF沽12月2700,0.0854,0.0,0.0,0.0,20,0.0853,0.0867,4,0.0817,0.0855,0.0857,0.085,82.0,70033.0,947
2023-05-10 09:39:37,OP90002114,深证100ETF沽12月2700,0.0854,0.0,0.0,0.0,20,0.0853,0.0867,4,0.0817,0.0855,0.0857,0.085,82.0,70033.0,947
2023-05-10 09:39:37,OP90002114,深证100ETF沽12月2700,0.0854,0.0,0.0,0.0,20,0.0853,0.0867,4,0.0817,0.0855,0.0857,0.085,82.0,70033.0,947
2023-05-10 09:39:38,OP90002114,深证100ETF沽12月2700,0.0854,0.0,0.0,0.0,20,0.0853,0.0867,4,0.0817,0.0855,0.0857,0.085,82.0,70033.0,947
2023-05-10 09:39:38,OP90002114,深证100ETF沽12月2700,0.0854,0.0,0.0,0.0,20,0.0853,0.0867,4,0.0817,0.0855,0.0857,0.085,82.0,70033.0,947
2023-05-10 09:39:39,OP90002114,深证100ETF沽12月2700,0.0854,0.0,0.0,0.0,20,0.0853,0.0867,4,0.0817,0.0855,0.0857,0.085,82.0,70033.0,947
2023-05-10 09:39:39,OP90002114,深证100ETF沽12月2700,0.0854,0.0,0.0,0.0,20,0.0853,0.0867,4,0.0817,0.0855,0.0857,0.085,82.0,70033.0,947
2023-05-10 09:39:44,OP90002114,深证100ETF沽12月2700,0.0854,0.0,0.0,0.0,20,0.0853,0.0866,1,0.0817,0.0855,0.0857,0.085,82.0,70033.0,947
2023-05-10 09:39:44,OP90002114,深证100ETF沽12月2700,0.0854,0.0,0.0,0.0,20,0.0853,0.0865,3,0.0817,0.0855,0.0857,0.085,82.0,70033.0,947
2023-05-10 09:39:45,OP90002114,深证100ETF沽12月2700,0.0854,0.0,0.0,0.0,20,0.0853,0.0865,3,0.0817,0.0855,0.0857,0.085,82.0,70033.0,947
2023-05-10 09:39:51,OP90002114,深证100ETF沽12月2700,0.0854,0.0,0.0,0.0,20,0.0853,0.0865,3,0.0817,0.0855,0.0857,0.085,82.0,70033.0,947
2023-05-10 09:39:52,OP90002114,深证100ETF沽12月2700,0.0854,0.0,0.0,0.0,20,0.0853,0.0865,3,0.0817,0.0855,0.0857,0.085,82.0,70033.0,947
2023-05-10 09:39:53,OP90002114,深证100ETF沽12月2700,0.0854,0.0,0.0,0.0,20,0.0856,0.0865,3,0.0817,0.0855,0.0857,0.085,82.0,70033.0,947
2023-05-10 09:39:53,OP90002114,深证100ETF沽12月2700,0.0854,0.0,0.0,0.0,20,0.0856,0.0865,3,0.0817,0.0855,0.0857,0.085,82.0,70033.0,947
2023-05-10 09:39:54,OP90002114,深证100ETF沽12月2700,0.0856,1.0,856.0,0.0,30,0.0849,0.0865,3,0.0817,0.0855,0.0857,0.085,83.0,70889.0,947
2023-05-10 09:39:55,OP90002114,深证100ETF沽12月2700,0.0856,0.0,0.0,0.0,10,0.0849,0.0865,4,0.0817,0.0855,0.0857,0.085,83.0,70889.0,947
2023-05-10 09:39:55,OP90002114,深证100ETF沽12月2700,0.0856,0.0,0.0,0.0,20,0.0847,0.0865,4,0.0817,0.0855,0.0857,0.085,83.0,70889.0,947
2023-05-10 09:39:56,OP90002114,深证100ETF沽12月2700,0.0856,0.0,0.0,0.0,30,0.0846,0.0865,4,0.0817,0.0855,0.0857,0.085,83.0,70889.0,947
2023-05-10 09:39:56,OP90002114,深证100ETF沽12月2700,0.0856,0.0,0.0,0.0,10,0.0846,0.0865,4,0.0817,0.0855,0.0857,0.085,83.0,70889.0,947
2023-05-10 09:39:57,OP90002114,深证100ETF沽12月2700,0.0856,0.0,0.0,0.0,20,0.0855,0.0865,4,0.0817,0.0855,0.0857,0.085,83.0,70889.0,947
2023-05-10 09:39:58,OP90002114,深证100ETF沽12月2700,0.0856,0.0,0.0,0.0,20,0.0855,0.0865,4,0.0817,0.0855,0.0857,0.085,83.0,70889.0,947
2023-05-10 09:39:59,OP90002114,深证100ETF沽12月2700,0.0856,0.0,0.0,0.0,20,0.0855,0.0865,4,0.0817,0.0855,0.0857,0.085,83.0,70889.0,947
2023-05-10 09:40:00,OP90002114,深证100ETF沽12月2700,0.0856,0.0,0.0,0.0,20,0.0855,0.0865,4,0.0817,0.0855,0.0857,0.085,83.0,70889.0,947
2023-05-10 09:40:00,OP90002114,深证100ETF沽12月2700,0.0856,0.0,0.0,0.0,20,0.0855,0.0865,4,0.0817,0.0855,0.0857,0.085,83.0,70889.0,947
2023-05-10 09:40:01,OP90002114,深证100ETF沽12月2700,0.0856,0.0,0.0,0.0,20,0.0855,0.0865,4,0.0817,0.0855,0.0857,0.085,83.0,70889.0,947
2023-05-10 09:40:01,OP90002114,深证100ETF沽12月2700,0.0856,0.0,0.0,0.0,20,0.0855,0.0865,4,0.0817,0.0855,0.0857,0.085,83.0,70889.0,947
2023-05-10 09:40:02,OP90002114,深证100ETF沽12月2700,0.0856,0.0,0.0,0.0,20,0.0855,0.0865,4,0.0817,0.0855,0.0857,0.085,83.0,70889.0,947
2023-05-10 09:40:02,OP90002114,深证100ETF沽12月2700,0.0856,0.0,0.0,0.0,20,0.0855,0.0865,4,0.0817,0.0855,0.0857,0.085,83.0,70889.0,947
2023-05-10 09:40:03,OP90002114,深证100ETF沽12月2700,0.0856,0.0,0.0,0.0,20,0.0855,0.0865,4,0.0817,0.0855,0.0857,0.085,83.0,70889.0,947
2023-05-10 09:40:03,OP90002114,深证100ETF沽12月2700,0.0856,0.0,0.0,0.0,20,0.0855,0.0865,4,0.0817,0.0855,0.0857,0.085,83.0,70889.0,947
2023-05-10 09:40:05,OP90002114,深证100ETF沽12月2700,0.0856,0.0,0.0,0.0,20,0.0855,0.0864,1,0.0817,0.0855,0.0857,0.085,83.0,70889.0,947
2023-05-10 09:40:05,OP90002114,深证100ETF沽12月2700,0.0856,0.0,0.0,0.0,20,0.0855,0.0864,1,0.0817,0.0855,0.0857,0.085,83.0,70889.0,947
2023-05-10 09:40:06,OP90002114,深证100ETF沽12月2700,0.0856,0.0,0.0,0.0,20,0.0855,0.0864,4,0.0817,0.0855,0.0857,0.085,83.0,70889.0,947
2023-05-10 09:40:06,OP90002114,深证100ETF沽12月2700,0.0856,0.0,0.0,0.0,20,0.0855,0.0864,1,0.0817,0.0855,0.0857,0.085,83.0,70889.0,947
2023-05-10 09:40:07,OP90002114,深证100ETF沽12月2700,0.0856,0.0,0.0,0.0,20,0.0858,0.0864,1,0.0817,0.0855,0.0857,0.085,83.0,70889.0,947
2023-05-10 09:40:07,OP90002114,深证100ETF沽12月2700,0.0856,0.0,0.0,0.0,20,0.0858,0.0864,1,0.0817,0.0855,0.0857,0.085,83.0,70889.0,947
2023-05-10 09:40:08,OP90002114,深证100ETF沽12月2700,0.0856,0.0,0.0,0.0,20,0.0858,0.0864,1,0.0817,0.0855,0.0857,0.085,83.0,70889.0,947
2023-05-10 09:40:08,OP90002114,深证100ETF沽12月2700,0.0856,0.0,0.0,0.0,20,0.0858,0.0864,1,0.0817,0.0855,0.0857,0.085,83.0,70889.0,947
2023-05-10 09:40:09,OP90002114,深证100ETF沽12月2700,0.0856,0.0,0.0,0.0,20,0.0858,0.0864,1,0.0817,0.0855,0.0857,0.085,83.0,70889.0,947
2023-05-10 09:40:09,OP90002114,深证100ETF沽12月2700,0.0856,0.0,0.0,0.0,20,0.0858,0.0864,1,0.0817,0.0855,0.0857,0.085,83.0,70889.0,947
2023-05-10 09:40:10,OP90002114,深证100ETF沽12月2700,0.0856,0.0,0.0,0.0,20,0.0855,0.0864,1,0.0817,0.0855,0.0857,0.085,83.0,70889.0,947
2023-05-10 09:40:10,OP90002114,深证100ETF沽12月2700,0.0856,0.0,0.0,0.0,20,0.0855,0.0864,1,0.0817,0.0855,0.0857,0.085,83.0,70889.0,947
2023-05-10 09:40:11,OP90002114,深证100ETF沽12月2700,0.0856,0.0,0.0,0.0,20,0.0855,0.0864,1,0.0817,0.0855,0.0857,0.085,83.0,70889.0,947
2023-05-10 09:40:11,OP90002114,深证100ETF沽12月2700,0.0856,0.0,0.0,0.0,20,0.0859,0.0864,1,0.0817,0.0855,0.0857,0.085,83.0,70889.0,947
2023-05-10 09:40:12,OP90002114,深证100ETF沽12月2700,0.0856,0.0,0.0,0.0,20,0.0859,0.0864,1,0.0817,0.0855,0.0857,0.085,83.0,70889.0,947
2023-05-10 09:40:12,OP90002114,深证100ETF沽12月2700,0.0856,0.0,0.0,0.0,20,0.0859,0.0864,1,0.0817,0.0855,0.0857,0.085,83.0,70889.0,947
2023-05-10 09:40:13,OP90002114,深证100ETF沽12月2700,0.0856,0.0,0.0,0.0,20,0.0859,0.0864,1,0.0817,0.0855,0.0857,0.085,83.0,70889.0,947
2023-05-10 09:40:13,OP90002114,深证100ETF沽12月2700,0.0856,0.0,0.0,0.0,20,0.0859,0.0864,1,0.0817,0.0855,0.0857,0.085,83.0,70889.0,947
2023-05-10 09:40:14,OP90002114,深证100ETF沽12月2700,0.0856,0.0,0.0,0.0,20,0.0859,0.0864,1,0.0817,0.0855,0.0857,0.085,83.0,70889.0,947
2023-05-10 09:40:15,OP90002114,深证100ETF沽12月2700,0.0856,0.0,0.0,0.0,20,0.0859,0.0864,1,0.0817,0.0855,0.0857,0.085,83.0,70889.0,947
2023-05-10 09:40:15,OP90002114,深证100ETF沽12月2700,0.0856,0.0,0.0,0.0,20,0.0859,0.0864,1,0.0817,0.0855,0.0857,0.085,83.0,70889.0,947
2023-05-10 09:40:18,OP90002114,深证100ETF沽12月2700,0.0856,0.0,0.0,0.0,20,0.0859,0.0864,1,0.0817,0.0855,0.0857,0.085,83.0,70889.0,947
2023-05-10 09:40:18,OP90002114,深证100ETF沽12月2700,0.0856,0.0,0.0,0.0,20,0.0859,0.0864,1,0.0817,0.0855,0.0857,0.085,83.0,70889.0,947
2023-05-10 09:40:19,OP90002114,深证100ETF沽12月2700,0.0856,0.0,0.0,0.0,20,0.0859,0.0864,1,0.0817,0.0855,0.0857,0.085,83.0,70889.0,947
2023-05-10 09:40:21,OP90002114,深证100ETF沽12月2700,0.0856,0.0,0.0,0.0,20,0.0859,0.0864,1,0.0817,0.0855,0.0857,0.085,83.0,70889.0,947
2023-05-10 09:40:21,OP90002114,深证100ETF沽12月2700,0.0856,0.0,0.0,0.0,20,0.0859,0.0864,1,0.0817,0.0855,0.0857,0.085,83.0,70889.0,947
2023-05-10 09:40:22,OP90002114,深证100ETF沽12月2700,0.0856,0.0,0.0,0.0,20,0.0859,0.0864,1,0.0817,0.0855,0.0857,0.085,83.0,70889.0,947
2023-05-10 09:40:23,OP90002114,深证100ETF沽12月2700,0.0856,0.0,0.0,0.0,20,0.0859,0.0868,20,0.0817,0.0855,0.0857,0.085,83.0,70889.0,947
2023-05-10 09:40:24,OP90002114,深证100ETF沽12月2700,0.0856,0.0,0.0,0.0,20,0.0859,0.0869,1,0.0817,0.0855,0.0857,0.085,83.0,70889.0,947
2023-05-10 09:40:24,OP90002114,深证100ETF沽12月2700,0.0856,0.0,0.0,0.0,20,0.0859,0.0869,1,0.0817,0.0855,0.0857,0.085,83.0,70889.0,947
2023-05-10 09:40:25,OP90002114,深证100ETF沽12月2700,0.0856,0.0,0.0,0.0,20,0.0859,0.0869,1,0.0817,0.0855,0.0857,0.085,83.0,70889.0,947
2023-05-10 09:40:25,OP90002114,深证100ETF沽12月2700,0.0856,0.0,0.0,0.0,20,0.0859,0.0869,1,0.0817,0.0855,0.0857,0.085,83.0,70889.0,947
2023-05-10 09:40:26,OP90002114,深证100ETF沽12月2700,0.0856,0.0,0.0,0.0,20,0.0859,0.0869,1,0.0817,0.0855,0.0857,0.085,83.0,70889.0,947
2023-05-10 09:40:26,OP90002114,深证100ETF沽12月2700,0.0856,0.0,0.0,0.0,20,0.0859,0.0869,1,0.0817,0.0855,0.0857,0.085,83.0,70889.0,947
2023-05-10 09:40:27,OP90002114,深证100ETF沽12月2700,0.0856,0.0,0.0,0.0,20,0.0859,0.0869,1,0.0817,0.0855,0.0857,0.085,83.0,70889.0,947
2023-05-10 09:40:27,OP90002114,深证100ETF沽12月2700,0.0856,0.0,0.0,0.0,20,0.0859,0.0869,1,0.0817,0.0855,0.0857,0.085,83.0,70889.0,947
2023-05-10 09:40:28,OP90002114,深证100ETF沽12月2700,0.0856,0.0,0.0,0.0,20,0.0859,0.0869,1,0.0817,0.0855,0.0857,0.085,83.0,70889.0,947
2023-05-10 09:40:29,OP90002114,深证100ETF沽12月2700,0.0856,0.0,0.0,0.0,20,0.0859,0.0869,1,0.0817,0.0855,0.0857,0.085,83.0,70889.0,947
2023-05-10 09:40:29,OP90002114,深证100ETF沽12月2700,0.0856,0.0,0.0,0.0,40,0.0859,0.0869,1,0.0817,0.0855,0.0857,0.085,83.0,70889.0,947
2023-05-10 09:40:30,OP90002114,深证100ETF沽12月2700,0.0856,0.0,0.0,0.0,40,0.0859,0.0869,1,0.0817,0.0855,0.0857,0.085,83.0,70889.0,947
2023-05-10 09:40:32,OP90002114,深证100ETF沽12月2700,0.0856,0.0,0.0,0.0,20,0.0862,0.0869,1,0.0817,0.0855,0.0857,0.085,83.0,70889.0,947
2023-05-10 09:40:32,OP90002114,深证100ETF沽12月2700,0.0856,0.0,0.0,0.0,20,0.0862,0.0869,1,0.0817,0.0855,0.0857,0.085,83.0,70889.0,947
2023-05-10 09:40:33,OP90002114,深证100ETF沽12月2700,0.0856,0.0,0.0,0.0,20,0.0862,0.0869,1,0.0817,0.0855,0.0857,0.085,83.0,70889.0,947
2023-05-10 09:40:33,OP90002114,深证100ETF沽12月2700,0.0856,0.0,0.0,0.0,20,0.0862,0.0869,1,0.0817,0.0855,0.0857,0.085,83.0,70889.0,947
2023-05-10 09:40:34,OP90002114,深证100ETF沽12月2700,0.0856,0.0,0.0,0.0,20,0.0862,0.0869,1,0.0817,0.0855,0.0857,0.085,83.0,70889.0,947
2023-05-10 09:40:35,OP90002114,深证100ETF沽12月2700,0.0856,0.0,0.0,0.0,20,0.0862,0.0869,1,0.0817,0.0855,0.0857,0.085,83.0,70889.0,947
2023-05-10 09:40:35,OP90002114,深证100ETF沽12月2700,0.0856,0.0,0.0,0.0,20,0.0862,0.0869,1,0.0817,0.0855,0.0857,0.085,83.0,70889.0,947
2023-05-10 09:40:36,OP90002114,深证100ETF沽12月2700,0.0856,0.0,0.0,0.0,20,0.0862,0.0869,1,0.0817,0.0855,0.0857,0.085,83.0,70889.0,947
2023-05-10 09:40:36,OP90002114,深证100ETF沽12月2700,0.0856,0.0,0.0,0.0,20,0.0862,0.0869,1,0.0817,0.0855,0.0857,0.085,83.0,70889.0,947
2023-05-10 09:40:37,OP90002114,深证100ETF沽12月2700,0.0856,0.0,0.0,0.0,20,0.0862,0.0869,1,0.0817,0.0855,0.0857,0.085,83.0,70889.0,947
2023-05-10 09:40:37,OP90002114,深证100ETF沽12月2700,0.0856,0.0,0.0,0.0,20,0.0862,0.0869,1,0.0817,0.0855,0.0857,0.085,83.0,70889.0,947
2023-05-10 09:40:38,OP90002114,深证100ETF沽12月2700,0.0856,0.0,0.0,0.0,20,0.0862,0.0869,1,0.0817,0.0855,0.0857,0.085,83.0,70889.0,947
2023-05-10 09:40:38,OP90002114,深证100ETF沽12月2700,0.0856,0.0,0.0,0.0,20,0.0862,0.0869,1,0.0817,0.0855,0.0857,0.085,83.0,70889.0,947
2023-05-10 09:40:39,OP90002114,深证100ETF沽12月2700,0.0856,0.0,0.0,0.0,20,0.0862,0.0869,1,0.0817,0.0855,0.0857,0.085,83.0,70889.0,947
2023-05-10 09:40:41,OP90002114,深证100ETF沽12月2700,0.0856,0.0,0.0,0.0,20,0.0862,0.0869,1,0.0817,0.0855,0.0857,0.085,83.0,70889.0,947
2023-05-10 09:40:41,OP90002114,深证100ETF沽12月2700,0.0856,0.0,0.0,0.0,20,0.0862,0.0869,1,0.0817,0.0855,0.0857,0.085,83.0,70889.0,947
2023-05-10 09:40:42,OP90002114,深证100ETF沽12月2700,0.0856,0.0,0.0,0.0,20,0.0862,0.0869,1,0.0817,0.0855,0.0857,0.085,83.0,70889.0,947
2023-05-10 09:40:42,OP90002114,深证100ETF沽12月2700,0.0856,0.0,0.0,0.0,20,0.0862,0.0869,1,0.0817,0.0855,0.0857,0.085,83.0,70889.0,947
2023-05-10 09:40:43,OP90002114,深证100ETF沽12月2700,0.0856,0.0,0.0,0.0,20,0.0862,0.0869,1,0.0817,0.0855,0.0857,0.085,83.0,70889.0,947
2023-05-10 09:40:43,OP90002114,深证100ETF沽12月2700,0.0856,0.0,0.0,0.0,20,0.0862,0.0869,1,0.0817,0.0855,0.0857,0.085,83.0,70889.0,947
2023-05-10 09:40:44,OP90002114,深证100ETF沽12月2700,0.0856,0.0,0.0,0.0,20,0.0862,0.0869,1,0.0817,0.0855,0.0857,0.085,83.0,70889.0,947
2023-05-10 09:40:44,OP90002114,深证100ETF沽12月2700,0.0856,0.0,0.0,0.0,20,0.0862,0.0869,1,0.0817,0.0855,0.0857,0.085,83.0,70889.0,947
2023-05-10 09:40:45,OP90002114,深证100ETF沽12月2700,0.0856,0.0,0.0,0.0,20,0.0859,0.0869,1,0.0817,0.0855,0.0857,0.085,83.0,70889.0,947
2023-05-10 09:40:46,OP90002114,深证100ETF沽12月2700,0.0856,0.0,0.0,0.0,20,0.0859,0.0869,1,0.0817,0.0855,0.0857,0.085,83.0,70889.0,947
2023-05-10 09:40:46,OP90002114,深证100ETF沽12月2700,0.0856,0.0,0.0,0.0,20,0.0859,0.0869,1,0.0817,0.0855,0.0857,0.085,83.0,70889.0,947
2023-05-10 09:40:47,OP90002114,深证100ETF沽12月2700,0.0856,0.0,0.0,0.0,20,0.0859,0.0869,1,0.0817,0.0855,0.0857,0.085,83.0,70889.0,947
2023-05-10 09:40:47,OP90002114,深证100ETF沽12月2700,0.0856,0.0,0.0,0.0,20,0.0859,0.0869,1,0.0817,0.0855,0.0857,0.085,83.0,70889.0,947
2023-05-10 09:40:48,OP90002114,深证100ETF沽12月2700,0.0856,0.0,0.0,0.0,20,0.0859,0.0869,1,0.0817,0.0855,0.0857,0.085,83.0,70889.0,947
2023-05-10 09:40:48,OP90002114,深证100ETF沽12月2700,0.0856,0.0,0.0,0.0,20,0.0859,0.0869,1,0.0817,0.0855,0.0857,0.085,83.0,70889.0,947
2023-05-10 09:40:49,OP90002114,深证100ETF沽12月2700,0.0856,0.0,0.0,0.0,20,0.0859,0.0869,1,0.0817,0.0855,0.0857,0.085,83.0,70889.0,947
2023-05-10 09:40:49,OP90002114,深证100ETF沽12月2700,0.0856,0.0,0.0,0.0,20,0.0862,0.0871,20,0.0817,0.0855,0.0857,0.085,83.0,70889.0,947
2023-05-10 09:40:50,OP90002114,深证100ETF沽12月2700,0.0856,0.0,0.0,0.0,20,0.0862,0.0874,1,0.0817,0.0855,0.0857,0.085,83.0,70889.0,947
2023-05-10 09:40:50,OP90002114,深证100ETF沽12月2700,0.0856,0.0,0.0,0.0,20,0.0862,0.0874,1,0.0817,0.0855,0.0857,0.085,83.0,70889.0,947
2023-05-10 09:40:51,OP90002114,深证100ETF沽12月2700,0.0856,0.0,0.0,0.0,20,0.0862,0.0874,1,0.0817,0.0855,0.0857,0.085,83.0,70889.0,947
2023-05-10 09:40:51,OP90002114,深证100ETF沽12月2700,0.0856,0.0,0.0,0.0,20,0.0862,0.0874,1,0.0817,0.0855,0.0857,0.085,83.0,70889.0,947
2023-05-10 09:40:52,OP90002114,深证100ETF沽12月2700,0.0856,0.0,0.0,0.0,20,0.0862,0.0874,1,0.0817,0.0855,0.0857,0.085,83.0,70889.0,947
2023-05-10 09:40:52,OP90002114,深证100ETF沽12月2700,0.0856,0.0,0.0,0.0,20,0.0862,0.0874,1,0.0817,0.0855,0.0857,0.085,83.0,70889.0,947
2023-05-10 09:40:53,OP90002114,深证100ETF沽12月2700,0.0856,0.0,0.0,0.0,20,0.0862,0.0874,1,0.0817,0.0855,0.0857,0.085,83.0,70889.0,947
2023-05-10 09:40:53,OP90002114,深证100ETF沽12月2700,0.0856,0.0,0.0,0.0,20,0.0862,0.0874,1,0.0817,0.0855,0.0857,0.085,83.0,70889.0,947
2023-05-10 09:40:54,OP90002114,深证100ETF沽12月2700,0.0856,0.0,0.0,0.0,20,0.0862,0.0874,1,0.0817,0.0855,0.0857,0.085,83.0,70889.0,947
2023-05-10 09:40:54,OP90002114,深证100ETF沽12月2700,0.0856,0.0,0.0,0.0,20,0.0862,0.0874,1,0.0817,0.0855,0.0857,0.085,83.0,70889.0,947
2023-05-10 09:40:55,OP90002114,深证100ETF沽12月2700,0.0856,0.0,0.0,0.0,20,0.0862,0.0874,1,0.0817,0.0855,0.0857,0.085,83.0,70889.0,947
2023-05-10 09:40:55,OP90002114,深证100ETF沽12月2700,0.0856,0.0,0.0,0.0,20,0.0862,0.0874,1,0.0817,0.0855,0.0857,0.085,83.0,70889.0,947
2023-05-10 09:40:56,OP90002114,深证100ETF沽12月2700,0.0856,0.0,0.0,0.0,20,0.0862,0.0874,1,0.0817,0.0855,0.0857,0.085,83.0,70889.0,947
2023-05-10 09:40:56,OP90002114,深证100ETF沽12月2700,0.0856,0.0,0.0,0.0,20,0.0862,0.0874,1,0.0817,0.0855,0.0857,0.085,83.0,70889.0,947
2023-05-10 09:40:57,OP90002114,深证100ETF沽12月2700,0.0856,0.0,0.0,0.0,20,0.0862,0.0874,1,0.0817,0.0855,0.0857,0.085,83.0,70889.0,947
2023-05-10 09:41:00,OP90002114,深证100ETF沽12月2700,0.0856,0.0,0.0,0.0,20,0.0862,0.0874,1,0.0817,0.0855,0.0857,0.085,83.0,70889.0,947
2023-05-10 09:41:00,OP90002114,深证100ETF沽12月2700,0.0856,0.0,0.0,0.0,20,0.0862,0.0874,1,0.0817,0.0855,0.0857,0.085,83.0,70889.0,947
2023-05-10 09:41:01,OP90002114,深证100ETF沽12月2700,0.0856,0.0,0.0,0.0,20,0.0862,0.0874,1,0.0817,0.0855,0.0857,0.085,83.0,70889.0,947
2023-05-10 09:41:01,OP90002114,深证100ETF沽12月2700,0.0856,0.0,0.0,0.0,20,0.0862,0.0874,1,0.0817,0.0855,0.0857,0.085,83.0,70889.0,947
2023-05-10 09:41:02,OP90002114,深证100ETF沽12月2700,0.0856,0.0,0.0,0.0,40,0.0862,0.0874,1,0.0817,0.0855,0.0857,0.085,83.0,70889.0,947
2023-05-10 09:41:03,OP90002114,深证100ETF沽12月2700,0.0856,0.0,0.0,0.0,20,0.0862,0.0874,1,0.0817,0.0855,0.0857,0.085,83.0,70889.0,947
2023-05-10 09:41:03,OP90002114,深证100ETF沽12月2700,0.0856,0.0,0.0,0.0,20,0.0862,0.0874,1,0.0817,0.0855,0.0857,0.085,83.0,70889.0,947
2023-05-10 09:41:04,OP90002114,深证100ETF沽12月2700,0.0856,0.0,0.0,0.0,20,0.0862,0.0874,1,0.0817,0.0855,0.0857,0.085,83.0,70889.0,947
2023-05-10 09:41:04,OP90002114,深证100ETF沽12月2700,0.0856,0.0,0.0,0.0,20,0.0862,0.0874,1,0.0817,0.0855,0.0857,0.085,83.0,70889.0,947
2023-05-10 09:41:05,OP90002114,深证100ETF沽12月2700,0.0856,0.0,0.0,0.0,20,0.0862,0.0874,1,0.0817,0.0855,0.0857,0.085,83.0,70889.0,947
2023-05-10 09:41:05,OP90002114,深证100ETF沽12月2700,0.0856,0.0,0.0,0.0,20,0.0862,0.0874,1,0.0817,0.0855,0.0857,0.085,83.0,70889.0,947
2023-05-10 09:41:06,OP90002114,深证100ETF沽12月2700,0.0856,0.0,0.0,0.0,40,0.0862,0.0874,1,0.0817,0.0855,0.0857,0.085,83.0,70889.0,947
2023-05-10 09:41:06,OP90002114,深证100ETF沽12月2700,0.0856,0.0,0.0,0.0,40,0.0862,0.0874,1,0.0817,0.0855,0.0857,0.085,83.0,70889.0,947
2023-05-10 09:41:07,OP90002114,深证100ETF沽12月2700,0.0856,0.0,0.0,0.0,20,0.0865,0.0874,1,0.0817,0.0855,0.0857,0.085,83.0,70889.0,947
2023-05-10 09:41:08,OP90002114,深证100ETF沽12月2700,0.0856,0.0,0.0,0.0,20,0.0865,0.0874,1,0.0817,0.0855,0.0857,0.085,83.0,70889.0,947
2023-05-10 09:41:08,OP90002114,深证100ETF沽12月2700,0.0856,0.0,0.0,0.0,20,0.0865,0.0874,1,0.0817,0.0855,0.0857,0.085,83.0,70889.0,947
2023-05-10 09:41:09,OP90002114,深证100ETF沽12月2700,0.0856,0.0,0.0,0.0,20,0.0865,0.0874,1,0.0817,0.0855,0.0857,0.085,83.0,70889.0,947
2023-05-10 09:41:09,OP90002114,深证100ETF沽12月2700,0.0856,0.0,0.0,0.0,20,0.0865,0.0874,1,0.0817,0.0855,0.0857,0.085,83.0,70889.0,947
2023-05-10 09:41:10,OP90002114,深证100ETF沽12月2700,0.0856,0.0,0.0,0.0,20,0.0865,0.0874,1,0.0817,0.0855,0.0857,0.085,83.0,70889.0,947
2023-05-10 09:41:10,OP90002114,深证100ETF沽12月2700,0.0856,0.0,0.0,0.0,20,0.0862,0.0874,1,0.0817,0.0855,0.0857,0.085,83.0,70889.0,947
2023-05-10 09:41:11,OP90002114,深证100ETF沽12月2700,0.0856,0.0,0.0,0.0,20,0.0862,0.0874,1,0.0817,0.0855,0.0857,0.085,83.0,70889.0,947
2023-05-10 09:41:11,OP90002114,深证100ETF沽12月2700,0.0856,0.0,0.0,0.0,40,0.0862,0.0874,1,0.0817,0.0855,0.0857,0.085,83.0,70889.0,947
2023-05-10 09:41:12,OP90002114,深证100ETF沽12月2700,0.0856,0.0,0.0,0.0,20,0.0862,0.0874,1,0.0817,0.0855,0.0857,0.085,83.0,70889.0,947
2023-05-10 09:41:12,OP90002114,深证100ETF沽12月2700,0.0856,0.0,0.0,0.0,20,0.0862,0.0874,1,0.0817,0.0855,0.0857,0.085,83.0,70889.0,947
2023-05-10 09:41:13,OP90002114,深证100ETF沽12月2700,0.0856,0.0,0.0,0.0,20,0.0865,0.0874,1,0.0817,0.0855,0.0857,0.085,83.0,70889.0,947
2023-05-10 09:41:13,OP90002114,深证100ETF沽12月2700,0.0856,0.0,0.0,0.0,20,0.0865,0.0878,31,0.0817,0.0855,0.0857,0.085,83.0,70889.0,947
2023-05-10 09:41:14,OP90002114,深证100ETF沽12月2700,0.0856,0.0,0.0,0.0,20,0.0865,0.0878,11,0.0817,0.0855,0.0857,0.085,83.0,70889.0,947
2023-05-10 09:41:14,OP90002114,深证100ETF沽12月2700,0.0856,0.0,0.0,0.0,20,0.0865,0.0878,1,0.0817,0.0855,0.0857,0.085,83.0,70889.0,947
2023-05-10 09:41:15,OP90002114,深证100ETF沽12月2700,0.0856,0.0,0.0,0.0,20,0.0865,0.0878,1,0.0817,0.0855,0.0857,0.085,83.0,70889.0,947
2023-05-10 09:41:22,OP90002114,深证100ETF沽12月2700,0.0856,0.0,0.0,0.0,20,0.0865,0.0878,1,0.0817,0.0855,0.0857,0.085,83.0,70889.0,947
2023-05-10 09:41:22,OP90002114,深证100ETF沽12月2700,0.0856,0.0,0.0,0.0,20,0.0865,0.0878,1,0.0817,0.0855,0.0857,0.085,83.0,70889.0,947
2023-05-10 09:41:24,OP90002114,深证100ETF沽12月2700,0.0856,0.0,0.0,0.0,20,0.0865,0.0878,1,0.0817,0.0855,0.0857,0.085,83.0,70889.0,947
2023-05-10 09:41:25,OP90002114,深证100ETF沽12月2700,0.0856,0.0,0.0,0.0,20,0.0865,0.0878,1,0.0817,0.0855,0.0857,0.085,83.0,70889.0,947
2023-05-10 09:41:26,OP90002114,深证100ETF沽12月2700,0.0856,0.0,0.0,0.0,20,0.0865,0.0878,1,0.0817,0.0855,0.0857,0.085,83.0,70889.0,947
2023-05-10 09:41:26,OP90002114,深证100ETF沽12月2700,0.0856,0.0,0.0,0.0,20,0.0865,0.0878,1,0.0817,0.0855,0.0857,0.085,83.0,70889.0,947
2023-05-10 09:41:27,OP90002114,深证100ETF沽12月2700,0.0856,0.0,0.0,0.0,20,0.0865,0.0878,1,0.0817,0.0855,0.0857,0.085,83.0,70889.0,947
2023-05-10 09:41:29,OP90002114,深证100ETF沽12月2700,0.0856,0.0,0.0,0.0,20,0.0865,0.0878,1,0.0817,0.0855,0.0857,0.085,83.0,70889.0,947
2023-05-10 09:41:30,OP90002114,深证100ETF沽12月2700,0.0856,0.0,0.0,0.0,20,0.0865,0.0878,1,0.0817,0.0855,0.0857,0.085,83.0,70889.0,947
2023-05-10 09:41:32,OP90002114,深证100ETF沽12月2700,0.0856,0.0,0.0,0.0,20,0.0865,0.0878,1,0.0817,0.0855,0.0857,0.085,83.0,70889.0,947
2023-05-10 09:41:33,OP90002114,深证100ETF沽12月2700,0.0856,0.0,0.0,0.0,20,0.0865,0.0878,1,0.0817,0.0855,0.0857,0.085,83.0,70889.0,947
2023-05-10 09:41:33,OP90002114,深证100ETF沽12月2700,0.0856,0.0,0.0,0.0,20,0.0865,0.0878,1,0.0817,0.0855,0.0857,0.085,83.0,70889.0,947
2023-05-10 09:41:34,OP90002114,深证100ETF沽12月2700,0.0856,0.0,0.0,0.0,20,0.0865,0.0878,1,0.0817,0.0855,0.0857,0.085,83.0,70889.0,947
2023-05-10 09:41:38,OP90002114,深证100ETF沽12月2700,0.0856,0.0,0.0,0.0,20,0.0865,0.0878,2,0.0817,0.0855,0.0857,0.085,83.0,70889.0,947
2023-05-10 09:41:39,OP90002114,深证100ETF沽12月2700,0.0856,0.0,0.0,0.0,40,0.0865,0.0878,2,0.0817,0.0855,0.0857,0.085,83.0,70889.0,947
2023-05-10 09:41:39,OP90002114,深证100ETF沽12月2700,0.0856,0.0,0.0,0.0,20,0.0865,0.0878,2,0.0817,0.0855,0.0857,0.085,83.0,70889.0,947
2023-05-10 09:41:40,OP90002114,深证100ETF沽12月2700,0.0856,0.0,0.0,0.0,20,0.0865,0.0878,2,0.0817,0.0855,0.0857,0.085,83.0,70889.0,947
2023-05-10 09:41:41,OP90002114,深证100ETF沽12月2700,0.0856,0.0,0.0,0.0,20,0.0865,0.0878,2,0.0817,0.0855,0.0857,0.085,83.0,70889.0,947
2023-05-10 09:41:41,OP90002114,深证100ETF沽12月2700,0.0856,0.0,0.0,0.0,20,0.0865,0.0878,2,0.0817,0.0855,0.0857,0.085,83.0,70889.0,947
2023-05-10 09:41:42,OP90002114,深证100ETF沽12月2700,0.0856,0.0,0.0,0.0,20,0.0865,0.0878,2,0.0817,0.0855,0.0857,0.085,83.0,70889.0,947
2023-05-10 09:41:43,OP90002114,深证100ETF沽12月2700,0.0856,0.0,0.0,0.0,20,0.0865,0.0878,2,0.0817,0.0855,0.0857,0.085,83.0,70889.0,947
2023-05-10 09:41:44,OP90002114,深证100ETF沽12月2700,0.0856,0.0,0.0,0.0,20,0.0862,0.0878,2,0.0817,0.0855,0.0857,0.085,83.0,70889.0,947
2023-05-10 09:41:44,OP90002114,深证100ETF沽12月2700,0.0856,0.0,0.0,0.0,20,0.0862,0.0878,2,0.0817,0.0855,0.0857,0.085,83.0,70889.0,947
2023-05-10 09:41:48,OP90002114,深证100ETF沽12月2700,0.0856,0.0,0.0,0.0,20,0.0865,0.0878,2,0.0817,0.0855,0.0857,0.085,83.0,70889.0,947
2023-05-10 09:41:48,OP90002114,深证100ETF沽12月2700,0.0856,0.0,0.0,0.0,20,0.0865,0.0878,2,0.0817,0.0855,0.0857,0.085,83.0,70889.0,947
2023-05-10 09:41:49,OP90002114,深证100ETF沽12月2700,0.0856,0.0,0.0,0.0,20,0.0865,0.0878,2,0.0817,0.0855,0.0857,0.085,83.0,70889.0,947
2023-05-10 09:41:49,OP90002114,深证100ETF沽12月2700,0.0856,0.0,0.0,0.0,20,0.0865,0.0878,2,0.0817,0.0855,0.0857,0.085,83.0,70889.0,947
2023-05-10 09:41:52,OP90002114,深证100ETF沽12月2700,0.0856,0.0,0.0,0.0,20,0.0865,0.0878,2,0.0817,0.0855,0.0857,0.085,83.0,70889.0,947
2023-05-10 09:41:53,OP90002114,深证100ETF沽12月2700,0.0856,0.0,0.0,0.0,20,0.0865,0.0878,2,0.0817,0.0855,0.0857,0.085,83.0,70889.0,947
2023-05-10 09:41:53,OP90002114,深证100ETF沽12月2700,0.0856,0.0,0.0,0.0,40,0.0865,0.0878,2,0.0817,0.0855,0.0857,0.085,83.0,70889.0,947
2023-05-10 09:41:55,OP90002114,深证100ETF沽12月2700,0.0856,0.0,0.0,0.0,40,0.0865,0.0878,2,0.0817,0.0855,0.0857,0.085,83.0,70889.0,947
2023-05-10 09:41:55,OP90002114,深证100ETF沽12月2700,0.0856,0.0,0.0,0.0,20,0.0865,0.0878,2,0.0817,0.0855,0.0857,0.085,83.0,70889.0,947
2023-05-10 09:41:56,OP90002114,深证100ETF沽12月2700,0.0856,0.0,0.0,0.0,20,0.0865,0.0878,2,0.0817,0.0855,0.0857,0.085,83.0,70889.0,947
2023-05-10 09:41:56,OP90002114,深证100ETF沽12月2700,0.0856,0.0,0.0,0.0,40,0.0865,0.0878,2,0.0817,0.0855,0.0857,0.085,83.0,70889.0,947
2023-05-10 09:42:01,OP90002114,深证100ETF沽12月2700,0.0856,0.0,0.0,0.0,40,0.0865,0.0878,2,0.0817,0.0855,0.0857,0.085,83.0,70889.0,947
2023-05-10 09:42:02,OP90002114,深证100ETF沽12月2700,0.0856,0.0,0.0,0.0,20,0.0865,0.0878,2,0.0817,0.0855,0.0857,0.085,83.0,70889.0,947
2023-05-10 09:42:02,OP90002114,深证100ETF沽12月2700,0.0856,0.0,0.0,0.0,40,0.0865,0.0878,2,0.0817,0.0855,0.0857,0.085,83.0,70889.0,947
2023-05-10 09:42:03,OP90002114,深证100ETF沽12月2700,0.0856,0.0,0.0,0.0,40,0.0865,0.0878,2,0.0817,0.0855,0.0857,0.085,83.0,70889.0,947
2023-05-10 09:42:05,OP90002114,深证100ETF沽12月2700,0.0856,0.0,0.0,0.0,40,0.0865,0.0878,2,0.0817,0.0855,0.0857,0.085,83.0,70889.0,947
2023-05-10 09:42:06,OP90002114,深证100ETF沽12月2700,0.0856,0.0,0.0,0.0,40,0.0865,0.0878,2,0.0817,0.0855,0.0857,0.085,83.0,70889.0,947
2023-05-10 09:42:07,OP90002114,深证100ETF沽12月2700,0.0856,0.0,0.0,0.0,40,0.0865,0.0878,2,0.0817,0.0855,0.0857,0.085,83.0,70889.0,947
2023-05-10 09:42:08,OP90002114,深证100ETF沽12月2700,0.0856,0.0,0.0,0.0,40,0.0865,0.0878,2,0.0817,0.0855,0.0857,0.085,83.0,70889.0,947
2023-05-10 09:42:09,OP90002114,深证100ETF沽12月2700,0.0856,0.0,0.0,0.0,20,0.0865,0.0878,2,0.0817,0.0855,0.0857,0.085,83.0,70889.0,947
2023-05-10 09:42:09,OP90002114,深证100ETF沽12月2700,0.0856,0.0,0.0,0.0,40,0.0865,0.0878,2,0.0817,0.0855,0.0857,0.085,83.0,70889.0,947
2023-05-10 09:42:10,OP90002114,深证100ETF沽12月2700,0.0856,0.0,0.0,0.0,40,0.0865,0.0878,2,0.0817,0.0855,0.0857,0.085,83.0,70889.0,947
2023-05-10 09:42:11,OP90002114,深证100ETF沽12月2700,0.0856,0.0,0.0,0.0,20,0.0868,0.0878,2,0.0817,0.0855,0.0857,0.085,83.0,70889.0,947
2023-05-10 09:42:12,OP90002114,深证100ETF沽12月2700,0.0856,0.0,0.0,0.0,20,0.0868,0.0878,2,0.0817,0.0855,0.0857,0.085,83.0,70889.0,947
2023-05-10 09:42:15,OP90002114,深证100ETF沽12月2700,0.0856,0.0,0.0,0.0,20,0.0868,0.0878,2,0.0817,0.0855,0.0857,0.085,83.0,70889.0,947
2023-05-10 09:42:16,OP90002114,深证100ETF沽12月2700,0.0856,0.0,0.0,0.0,20,0.0868,0.0878,2,0.0817,0.0855,0.0857,0.085,83.0,70889.0,947
2023-05-10 09:42:19,OP90002114,深证100ETF沽12月2700,0.0856,0.0,0.0,0.0,20,0.0868,0.0878,2,0.0817,0.0855,0.0857,0.085,83.0,70889.0,947
2023-05-10 09:42:20,OP90002114,深证100ETF沽12月2700,0.0856,0.0,0.0,0.0,20,0.0868,0.0877,1,0.0817,0.0855,0.0857,0.085,83.0,70889.0,947
2023-05-10 09:42:22,OP90002114,深证100ETF沽12月2700,0.0856,0.0,0.0,0.0,20,0.0868,0.0877,1,0.0817,0.0855,0.0857,0.085,83.0,70889.0,947
2023-05-10 09:42:26,OP90002114,深证100ETF沽12月2700,0.0856,0.0,0.0,0.0,20,0.0868,0.0877,1,0.0817,0.0855,0.0857,0.085,83.0,70889.0,947
2023-05-10 09:42:29,OP90002114,深证100ETF沽12月2700,0.0856,0.0,0.0,0.0,20,0.0868,0.0877,1,0.0817,0.0855,0.0857,0.085,83.0,70889.0,947
2023-05-10 09:42:32,OP90002114,深证100ETF沽12月2700,0.0856,0.0,0.0,0.0,20,0.0868,0.0876,1,0.0817,0.0855,0.0857,0.085,83.0,70889.0,947
2023-05-10 09:42:35,OP90002114,深证100ETF沽12月2700,0.0856,0.0,0.0,0.0,20,0.0868,0.0876,1,0.0817,0.0855,0.0857,0.085,83.0,70889.0,947
2023-05-10 09:42:35,OP90002114,深证100ETF沽12月2700,0.0856,0.0,0.0,0.0,20,0.0868,0.0876,1,0.0817,0.0855,0.0857,0.085,83.0,70889.0,947
2023-05-10 09:42:44,OP90002114,深证100ETF沽12月2700,0.0856,0.0,0.0,0.0,20,0.0868,0.0875,1,0.0817,0.0855,0.0857,0.085,83.0,70889.0,947
2023-05-10 09:42:45,OP90002114,深证100ETF沽12月2700,0.0856,0.0,0.0,0.0,40,0.0865,0.0875,1,0.0817,0.0855,0.0857,0.085,83.0,70889.0,947
2023-05-10 09:42:46,OP90002114,深证100ETF沽12月2700,0.0856,0.0,0.0,0.0,40,0.0865,0.0875,1,0.0817,0.0855,0.0857,0.085,83.0,70889.0,947
2023-05-10 09:42:47,OP90002114,深证100ETF沽12月2700,0.0856,0.0,0.0,0.0,40,0.0865,0.0875,1,0.0817,0.0855,0.0857,0.085,83.0,70889.0,947
2023-05-10 09:42:48,OP90002114,深证100ETF沽12月2700,0.0856,0.0,0.0,0.0,40,0.0865,0.0875,1,0.0817,0.0855,0.0857,0.085,83.0,70889.0,947
2023-05-10 09:42:48,OP90002114,深证100ETF沽12月2700,0.0856,0.0,0.0,0.0,40,0.0865,0.0875,1,0.0817,0.0855,0.0857,0.085,83.0,70889.0,947
2023-05-10 09:42:50,OP90002114,深证100ETF沽12月2700,0.0856,0.0,0.0,0.0,40,0.0865,0.0875,1,0.0817,0.0855,0.0857,0.085,83.0,70889.0,947
2023-05-10 09:42:52,OP90002114,深证100ETF沽12月2700,0.0856,0.0,0.0,0.0,40,0.0865,0.0875,1,0.0817,0.0855,0.0857,0.085,83.0,70889.0,947
2023-05-10 09:42:53,OP90002114,深证100ETF沽12月2700,0.0856,0.0,0.0,0.0,40,0.0865,0.0875,1,0.0817,0.0855,0.0857,0.085,83.0,70889.0,947
2023-05-10 09:42:54,OP90002114,深证100ETF沽12月2700,0.0856,0.0,0.0,0.0,40,0.0865,0.0874,1,0.0817,0.0855,0.0857,0.085,83.0,70889.0,947
2023-05-10 09:42:54,OP90002114,深证100ETF沽12月2700,0.0856,0.0,0.0,0.0,40,0.0865,0.0874,1,0.0817,0.0855,0.0857,0.085,83.0,70889.0,947
2023-05-10 09:42:55,OP90002114,深证100ETF沽12月2700,0.0856,0.0,0.0,0.0,20,0.0865,0.0874,1,0.0817,0.0855,0.0857,0.085,83.0,70889.0,947
2023-05-10 09:42:56,OP90002114,深证100ETF沽12月2700,0.0856,0.0,0.0,0.0,20,0.0865,0.0874,1,0.0817,0.0855,0.0857,0.085,83.0,70889.0,947
2023-05-10 09:42:56,OP90002114,深证100ETF沽12月2700,0.0856,0.0,0.0,0.0,20,0.0865,0.0874,1,0.0817,0.0855,0.0857,0.085,83.0,70889.0,947
2023-05-10 09:42:58,OP90002114,深证100ETF沽12月2700,0.0856,0.0,0.0,0.0,20,0.0865,0.0874,1,0.0817,0.0855,0.0857,0.085,83.0,70889.0,947
2023-05-10 09:42:59,OP90002114,深证100ETF沽12月2700,0.0856,0.0,0.0,0.0,20,0.0865,0.0874,1,0.0817,0.0855,0.0857,0.085,83.0,70889.0,947
2023-05-10 09:43:04,OP90002114,深证100ETF沽12月2700,0.0856,0.0,0.0,0.0,20,0.0865,0.0873,1,0.0817,0.0855,0.0857,0.085,83.0,70889.0,947
2023-05-10 09:43:05,OP90002114,深证100ETF沽12月2700,0.0856,0.0,0.0,0.0,20,0.0865,0.0873,1,0.0817,0.0855,0.0857,0.085,83.0,70889.0,947
2023-05-10 09:43:09,OP90002114,深证100ETF沽12月2700,0.0856,0.0,0.0,0.0,40,0.0863,0.0873,1,0.0817,0.0855,0.0857,0.085,83.0,70889.0,947
2023-05-10 09:43:10,OP90002114,深证100ETF沽12月2700,0.0856,0.0,0.0,0.0,40,0.0863,0.0873,1,0.0817,0.0855,0.0857,0.085,83.0,70889.0,947
2023-05-10 09:43:11,OP90002114,深证100ETF沽12月2700,0.0856,0.0,0.0,0.0,40,0.0863,0.0873,1,0.0817,0.0855,0.0857,0.085,83.0,70889.0,947
2023-05-10 09:43:12,OP90002114,深证100ETF沽12月2700,0.0856,0.0,0.0,0.0,40,0.0863,0.0873,1,0.0817,0.0855,0.0857,0.085,83.0,70889.0,947
2023-05-10 09:43:12,OP90002114,深证100ETF沽12月2700,0.0856,0.0,0.0,0.0,40,0.0863,0.0873,1,0.0817,0.0855,0.0857,0.085,83.0,70889.0,947
2023-05-10 09:43:15,OP90002114,深证100ETF沽12月2700,0.0856,0.0,0.0,0.0,40,0.0863,0.0873,1,0.0817,0.0855,0.0857,0.085,83.0,70889.0,947
2023-05-10 09:43:17,OP90002114,深证100ETF沽12月2700,0.0856,0.0,0.0,0.0,40,0.0863,0.0872,1,0.0817,0.0855,0.0857,0.085,83.0,70889.0,947
2023-05-10 09:43:18,OP90002114,深证100ETF沽12月2700,0.0856,0.0,0.0,0.0,40,0.0863,0.0872,1,0.0817,0.0855,0.0857,0.085,83.0,70889.0,947
2023-05-10 09:43:21,OP90002114,深证100ETF沽12月2700,0.0856,0.0,0.0,0.0,40,0.0863,0.0872,1,0.0817,0.0855,0.0857,0.085,83.0,70889.0,947
2023-05-10 09:43:21,OP90002114,深证100ETF沽12月2700,0.0856,0.0,0.0,0.0,40,0.0863,0.0872,1,0.0817,0.0855,0.0857,0.085,83.0,70889.0,947
2023-05-10 09:43:22,OP90002114,深证100ETF沽12月2700,0.0856,0.0,0.0,0.0,40,0.0863,0.0872,1,0.0817,0.0855,0.0857,0.085,83.0,70889.0,947
2023-05-10 09:43:24,OP90002114,深证100ETF沽12月2700,0.0856,0.0,0.0,0.0,40,0.0863,0.0872,1,0.0817,0.0855,0.0857,0.085,83.0,70889.0,947
2023-05-10 09:43:28,OP90002114,深证100ETF沽12月2700,0.0856,0.0,0.0,0.0,40,0.0863,0.0872,1,0.0817,0.0855,0.0857,0.085,83.0,70889.0,947
2023-05-10 09:43:29,OP90002114,深证100ETF沽12月2700,0.0856,0.0,0.0,0.0,20,0.0863,0.0872,1,0.0817,0.0855,0.0857,0.085,83.0,70889.0,947
2023-05-10 09:43:30,OP90002114,深证100ETF沽12月2700,0.0856,0.0,0.0,0.0,20,0.0863,0.0872,1,0.0817,0.0855,0.0857,0.085,83.0,70889.0,947
2023-05-10 09:43:30,OP90002114,深证100ETF沽12月2700,0.0856,0.0,0.0,0.0,40,0.086,0.0872,1,0.0817,0.0855,0.0857,0.085,83.0,70889.0,947
2023-05-10 09:43:31,OP90002114,深证100ETF沽12月2700,0.0856,0.0,0.0,0.0,20,0.086,0.0872,1,0.0817,0.0855,0.0857,0.085,83.0,70889.0,947
2023-05-10 09:43:31,OP90002114,深证100ETF沽12月2700,0.0856,0.0,0.0,0.0,20,0.086,0.0872,1,0.0817,0.0855,0.0857,0.085,83.0,70889.0,947
