time,symbol_id,symbol_name,last,trade_volume,trade_amount,open_interest_change,bv1,bp1,ap1,av1,yesterday_close,today_open,today_high,today_low,volume,amount,open_interest
2023-05-11 08:30:05,OP90002111,深证100ETF购12月3000,0.0,0.0,0.0,-71.0,0,0.0,0.0,0,0.1171,0.1254,0.0,0.0,0.0,0.0,398
2023-05-11 09:25:00,OP90002111,深证100ETF购12月3000,0.0,0.0,0.0,0.0,1,0.1155,0.1248,1,0.1171,0.1254,0.0,0.0,0.0,0.0,398
2023-05-11 09:30:00,OP90002111,深证100ETF购12月3000,0.0,0.0,0.0,0.0,1,0.1155,0.1248,1,0.1171,0.1254,0.0,0.0,0.0,0.0,398
2023-05-11 09:30:00,OP90002111,深证100ETF购12月3000,0.0,0.0,0.0,0.0,20,0.1158,0.1269,1,0.1171,0.1254,0.0,0.0,0.0,0.0,398
2023-05-11 09:30:01,OP90002111,深证100ETF购12月3000,0.0,0.0,0.0,0.0,20,0.1158,0.1282,20,0.1171,0.1254,0.0,0.0,0.0,0.0,398
2023-05-11 09:30:02,OP90002111,深证100ETF购12月3000,0.0,0.0,0.0,0.0,20,0.1179,0.1262,20,0.1171,0.1254,0.0,0.0,0.0,0.0,398
2023-05-11 09:30:03,OP90002111,深证100ETF购12月3000,0.0,0.0,0.0,0.0,20,0.1176,0.1259,20,0.1171,0.1254,0.0,0.0,0.0,0.0,398
2023-05-11 09:30:04,OP90002111,深证100ETF购12月3000,0.0,0.0,0.0,0.0,20,0.118,0.1262,20,0.1171,0.1254,0.0,0.0,0.0,0.0,398
2023-05-11 09:30:05,OP90002111,深证100ETF购12月3000,0.0,0.0,0.0,0.0,20,0.1184,0.1267,20,0.1171,0.1254,0.0,0.0,0.0,0.0,398
2023-05-11 09:30:06,OP90002111,深证100ETF购12月3000,0.0,0.0,0.0,0.0,20,0.118,0.1262,20,0.1171,0.1254,0.0,0.0,0.0,0.0,398
2023-05-11 09:30:11,OP90002111,深证100ETF购12月3000,0.0,0.0,0.0,0.0,20,0.1177,0.1259,20,0.1171,0.1254,0.0,0.0,0.0,0.0,398
2023-05-11 09:30:12,OP90002111,深证100ETF购12月3000,0.0,0.0,0.0,0.0,20,0.1181,0.1262,20,0.1171,0.1254,0.0,0.0,0.0,0.0,398
2023-05-11 09:30:14,OP90002111,深证100ETF购12月3000,0.0,0.0,0.0,0.0,20,0.1185,0.1266,20,0.1171,0.1254,0.0,0.0,0.0,0.0,398
2023-05-11 09:30:16,OP90002111,深证100ETF购12月3000,0.0,0.0,0.0,0.0,20,0.1181,0.1262,20,0.1171,0.1254,0.0,0.0,0.0,0.0,398
2023-05-11 09:30:18,OP90002111,深证100ETF购12月3000,0.0,0.0,0.0,0.0,20,0.1184,0.1262,20,0.1171,0.1254,0.0,0.0,0.0,0.0,398
2023-05-11 09:30:19,OP90002111,深证100ETF购12月3000,0.0,0.0,0.0,0.0,20,0.1184,0.1262,20,0.1171,0.1254,0.0,0.0,0.0,0.0,398
2023-05-11 09:30:19,OP90002111,深证100ETF购12月3000,0.0,0.0,0.0,0.0,20,0.1186,0.1267,20,0.1171,0.1254,0.0,0.0,0.0,0.0,398
2023-05-11 09:30:20,OP90002111,深证100ETF购12月3000,0.0,0.0,0.0,0.0,20,0.1181,0.1262,20,0.1171,0.1254,0.0,0.0,0.0,0.0,398
2023-05-11 09:30:21,OP90002111,深证100ETF购12月3000,0.0,0.0,0.0,0.0,20,0.1184,0.1265,20,0.1171,0.1254,0.0,0.0,0.0,0.0,398
2023-05-11 09:30:24,OP90002111,深证100ETF购12月3000,0.0,0.0,0.0,0.0,20,0.1181,0.1263,20,0.1171,0.1254,0.0,0.0,0.0,0.0,398
2023-05-11 09:30:27,OP90002111,深证100ETF购12月3000,0.0,0.0,0.0,0.0,20,0.1184,0.1265,20,0.1171,0.1254,0.0,0.0,0.0,0.0,398
2023-05-11 09:30:27,OP90002111,深证100ETF购12月3000,0.0,0.0,0.0,0.0,20,0.1184,0.1265,20,0.1171,0.1254,0.0,0.0,0.0,0.0,398
2023-05-11 09:30:31,OP90002111,深证100ETF购12月3000,0.0,0.0,0.0,0.0,20,0.1184,0.1265,20,0.1171,0.1254,0.0,0.0,0.0,0.0,398
2023-05-11 09:30:33,OP90002111,深证100ETF购12月3000,0.0,0.0,0.0,0.0,20,0.1184,0.1265,20,0.1171,0.1254,0.0,0.0,0.0,0.0,398
2023-05-11 09:30:34,OP90002111,深证100ETF购12月3000,0.0,0.0,0.0,0.0,20,0.1181,0.1263,20,0.1171,0.1254,0.0,0.0,0.0,0.0,398
2023-05-11 09:30:35,OP90002111,深证100ETF购12月3000,0.0,0.0,0.0,0.0,20,0.1185,0.1266,20,0.1171,0.1254,0.0,0.0,0.0,0.0,398
2023-05-11 09:30:40,OP90002111,深证100ETF购12月3000,0.0,0.0,0.0,0.0,20,0.1185,0.1266,20,0.1171,0.1254,0.0,0.0,0.0,0.0,398
2023-05-11 09:30:42,OP90002111,深证100ETF购12月3000,0.0,0.0,0.0,0.0,20,0.1185,0.1266,20,0.1171,0.1254,0.0,0.0,0.0,0.0,398
2023-05-11 09:30:45,OP90002111,深证100ETF购12月3000,0.0,0.0,0.0,0.0,20,0.1185,0.1266,20,0.1171,0.1254,0.0,0.0,0.0,0.0,398
2023-05-11 09:30:48,OP90002111,深证100ETF购12月3000,0.0,0.0,0.0,0.0,20,0.1185,0.1266,40,0.1171,0.1254,0.0,0.0,0.0,0.0,398
2023-05-11 09:30:49,OP90002111,深证100ETF购12月3000,0.0,0.0,0.0,0.0,20,0.1185,0.1266,40,0.1171,0.1254,0.0,0.0,0.0,0.0,398
2023-05-11 09:30:49,OP90002111,深证100ETF购12月3000,0.0,0.0,0.0,0.0,20,0.1185,0.1266,40,0.1171,0.1254,0.0,0.0,0.0,0.0,398
2023-05-11 09:30:50,OP90002111,深证100ETF购12月3000,0.0,0.0,0.0,0.0,40,0.1182,0.1265,20,0.1171,0.1254,0.0,0.0,0.0,0.0,398
2023-05-11 09:30:51,OP90002111,深证100ETF购12月3000,0.0,0.0,0.0,0.0,40,0.1182,0.1265,20,0.1171,0.1254,0.0,0.0,0.0,0.0,398
2023-05-11 09:30:51,OP90002111,深证100ETF购12月3000,0.0,0.0,0.0,0.0,40,0.1182,0.1265,20,0.1171,0.1254,0.0,0.0,0.0,0.0,398
2023-05-11 09:30:53,OP90002111,深证100ETF购12月3000,0.0,0.0,0.0,0.0,20,0.1191,0.1266,20,0.1171,0.1254,0.0,0.0,0.0,0.0,398
2023-05-11 09:30:54,OP90002111,深证100ETF购12月3000,0.0,0.0,0.0,0.0,20,0.119,0.1268,20,0.1171,0.1254,0.0,0.0,0.0,0.0,398
2023-05-11 09:30:54,OP90002111,深证100ETF购12月3000,0.0,0.0,0.0,0.0,20,0.1192,0.1268,20,0.1171,0.1254,0.0,0.0,0.0,0.0,398
2023-05-11 09:30:55,OP90002111,深证100ETF购12月3000,0.0,0.0,0.0,0.0,20,0.1191,0.1268,20,0.1171,0.1254,0.0,0.0,0.0,0.0,398
2023-05-11 09:30:55,OP90002111,深证100ETF购12月3000,0.0,0.0,0.0,0.0,20,0.1191,0.1268,20,0.1171,0.1254,0.0,0.0,0.0,0.0,398
2023-05-11 09:30:56,OP90002111,深证100ETF购12月3000,0.0,0.0,0.0,0.0,20,0.119,0.1268,20,0.1171,0.1254,0.0,0.0,0.0,0.0,398
2023-05-11 09:30:56,OP90002111,深证100ETF购12月3000,0.0,0.0,0.0,0.0,20,0.1191,0.1268,20,0.1171,0.1254,0.0,0.0,0.0,0.0,398
2023-05-11 09:30:57,OP90002111,深证100ETF购12月3000,0.0,0.0,0.0,0.0,20,0.1193,0.1268,20,0.1171,0.1254,0.0,0.0,0.0,0.0,398
2023-05-11 09:30:57,OP90002111,深证100ETF购12月3000,0.0,0.0,0.0,0.0,20,0.1192,0.1268,20,0.1171,0.1254,0.0,0.0,0.0,0.0,398
2023-05-11 09:30:58,OP90002111,深证100ETF购12月3000,0.0,0.0,0.0,0.0,20,0.1193,0.1268,20,0.1171,0.1254,0.0,0.0,0.0,0.0,398
2023-05-11 09:30:58,OP90002111,深证100ETF购12月3000,0.0,0.0,0.0,0.0,20,0.1192,0.1268,20,0.1171,0.1254,0.0,0.0,0.0,0.0,398
2023-05-11 09:30:59,OP90002111,深证100ETF购12月3000,0.0,0.0,0.0,0.0,20,0.1192,0.127,20,0.1171,0.1254,0.0,0.0,0.0,0.0,398
2023-05-11 09:30:59,OP90002111,深证100ETF购12月3000,0.0,0.0,0.0,0.0,20,0.1192,0.127,20,0.1171,0.1254,0.0,0.0,0.0,0.0,398
2023-05-11 09:31:00,OP90002111,深证100ETF购12月3000,0.0,0.0,0.0,0.0,20,0.1191,0.1275,40,0.1171,0.1254,0.0,0.0,0.0,0.0,398
2023-05-11 09:31:00,OP90002111,深证100ETF购12月3000,0.0,0.0,0.0,0.0,40,0.1191,0.1275,40,0.1171,0.1254,0.0,0.0,0.0,0.0,398
2023-05-11 09:31:01,OP90002111,深证100ETF购12月3000,0.0,0.0,0.0,0.0,40,0.1191,0.1275,40,0.1171,0.1254,0.0,0.0,0.0,0.0,398
2023-05-11 09:31:04,OP90002111,深证100ETF购12月3000,0.0,0.0,0.0,0.0,20,0.1196,0.1275,40,0.1171,0.1254,0.0,0.0,0.0,0.0,398
2023-05-11 09:31:05,OP90002111,深证100ETF购12月3000,0.0,0.0,0.0,0.0,20,0.1196,0.1275,40,0.1171,0.1254,0.0,0.0,0.0,0.0,398
2023-05-11 09:31:05,OP90002111,深证100ETF购12月3000,0.0,0.0,0.0,0.0,40,0.1196,0.1275,40,0.1171,0.1254,0.0,0.0,0.0,0.0,398
2023-05-11 09:31:06,OP90002111,深证100ETF购12月3000,0.0,0.0,0.0,0.0,40,0.1196,0.1275,40,0.1171,0.1254,0.0,0.0,0.0,0.0,398
2023-05-11 09:31:07,OP90002111,深证100ETF购12月3000,0.0,0.0,0.0,0.0,40,0.1196,0.1275,41,0.1171,0.1254,0.0,0.0,0.0,0.0,398
2023-05-11 09:31:12,OP90002111,深证100ETF购12月3000,0.0,0.0,0.0,0.0,20,0.1206,0.1269,20,0.1171,0.1254,0.0,0.0,0.0,0.0,398
2023-05-11 09:31:13,OP90002111,深证100ETF购12月3000,0.0,0.0,0.0,0.0,40,0.1206,0.1269,41,0.1171,0.1254,0.0,0.0,0.0,0.0,398
2023-05-11 09:31:15,OP90002111,深证100ETF购12月3000,0.0,0.0,0.0,0.0,40,0.1206,0.1269,41,0.1171,0.1254,0.0,0.0,0.0,0.0,398
2023-05-11 09:31:17,OP90002111,深证100ETF购12月3000,0.0,0.0,0.0,0.0,40,0.1206,0.1269,61,0.1171,0.1254,0.0,0.0,0.0,0.0,398
2023-05-11 09:31:23,OP90002111,深证100ETF购12月3000,0.0,0.0,0.0,0.0,40,0.1206,0.1268,1,0.1171,0.1254,0.0,0.0,0.0,0.0,398
2023-05-11 09:31:29,OP90002111,深证100ETF购12月3000,0.0,0.0,0.0,0.0,40,0.1206,0.1268,1,0.1171,0.1254,0.0,0.0,0.0,0.0,398
2023-05-11 09:31:30,OP90002111,深证100ETF购12月3000,0.0,0.0,0.0,0.0,40,0.1206,0.1268,1,0.1171,0.1254,0.0,0.0,0.0,0.0,398
2023-05-11 09:31:32,OP90002111,深证100ETF购12月3000,0.0,0.0,0.0,0.0,40,0.1206,0.1268,1,0.1171,0.1254,0.0,0.0,0.0,0.0,398
2023-05-11 09:31:37,OP90002111,深证100ETF购12月3000,0.0,0.0,0.0,0.0,40,0.1206,0.1268,1,0.1171,0.1254,0.0,0.0,0.0,0.0,398
2023-05-11 09:31:38,OP90002111,深证100ETF购12月3000,0.0,0.0,0.0,0.0,40,0.1206,0.1267,1,0.1171,0.1254,0.0,0.0,0.0,0.0,398
2023-05-11 09:31:41,OP90002111,深证100ETF购12月3000,0.0,0.0,0.0,0.0,40,0.1206,0.1267,1,0.1171,0.1254,0.0,0.0,0.0,0.0,398
2023-05-11 09:31:42,OP90002111,深证100ETF购12月3000,0.0,0.0,0.0,0.0,40,0.1206,0.1267,1,0.1171,0.1254,0.0,0.0,0.0,0.0,398
2023-05-11 09:31:48,OP90002111,深证100ETF购12月3000,0.0,0.0,0.0,0.0,40,0.1206,0.1266,1,0.1171,0.1254,0.0,0.0,0.0,0.0,398
2023-05-11 09:31:51,OP90002111,深证100ETF购12月3000,0.0,0.0,0.0,0.0,40,0.1206,0.1266,1,0.1171,0.1254,0.0,0.0,0.0,0.0,398
2023-05-11 09:31:53,OP90002111,深证100ETF购12月3000,0.0,0.0,0.0,0.0,40,0.1206,0.1266,1,0.1171,0.1254,0.0,0.0,0.0,0.0,398
2023-05-11 09:31:54,OP90002111,深证100ETF购12月3000,0.0,0.0,0.0,0.0,40,0.1206,0.1266,1,0.1171,0.1254,0.0,0.0,0.0,0.0,398
2023-05-11 09:31:55,OP90002111,深证100ETF购12月3000,0.0,0.0,0.0,0.0,3,0.1207,0.1265,3,0.1171,0.1254,0.0,0.0,0.0,0.0,398
2023-05-11 09:31:56,OP90002111,深证100ETF购12月3000,0.0,0.0,0.0,0.0,3,0.1207,0.1265,3,0.1171,0.1254,0.0,0.0,0.0,0.0,398
2023-05-11 09:31:59,OP90002111,深证100ETF购12月3000,0.0,0.0,0.0,0.0,3,0.1207,0.1265,4,0.1171,0.1254,0.0,0.0,0.0,0.0,398
2023-05-11 09:31:59,OP90002111,深证100ETF购12月3000,0.0,0.0,0.0,0.0,3,0.1207,0.1265,4,0.1171,0.1254,0.0,0.0,0.0,0.0,398
2023-05-11 09:32:00,OP90002111,深证100ETF购12月3000,0.0,0.0,0.0,0.0,3,0.1207,0.1265,4,0.1171,0.1254,0.0,0.0,0.0,0.0,398
2023-05-11 09:32:01,OP90002111,深证100ETF购12月3000,0.0,0.0,0.0,0.0,3,0.1207,0.1265,4,0.1171,0.1254,0.0,0.0,0.0,0.0,398
2023-05-11 09:32:09,OP90002111,深证100ETF购12月3000,0.0,0.0,0.0,0.0,13,0.1207,0.1264,11,0.1171,0.1254,0.0,0.0,0.0,0.0,398
2023-05-11 09:32:09,OP90002111,深证100ETF购12月3000,0.0,0.0,0.0,0.0,33,0.1207,0.1263,10,0.1171,0.1254,0.0,0.0,0.0,0.0,398
2023-05-11 09:32:10,OP90002111,深证100ETF购12月3000,0.0,0.0,0.0,0.0,53,0.1207,0.1263,10,0.1171,0.1254,0.0,0.0,0.0,0.0,398
2023-05-11 09:32:10,OP90002111,深证100ETF购12月3000,0.0,0.0,0.0,0.0,53,0.1207,0.1263,10,0.1171,0.1254,0.0,0.0,0.0,0.0,398
2023-05-11 09:32:14,OP90002111,深证100ETF购12月3000,0.0,0.0,0.0,0.0,53,0.1207,0.1263,10,0.1171,0.1254,0.0,0.0,0.0,0.0,398
2023-05-11 09:32:16,OP90002111,深证100ETF购12月3000,0.0,0.0,0.0,0.0,63,0.1207,0.1263,10,0.1171,0.1254,0.0,0.0,0.0,0.0,398
2023-05-11 09:32:18,OP90002111,深证100ETF购12月3000,0.0,0.0,0.0,0.0,63,0.1207,0.1263,10,0.1171,0.1254,0.0,0.0,0.0,0.0,398
2023-05-11 09:32:20,OP90002111,深证100ETF购12月3000,0.0,0.0,0.0,0.0,63,0.1207,0.1263,10,0.1171,0.1254,0.0,0.0,0.0,0.0,398
2023-05-11 09:32:20,OP90002111,深证100ETF购12月3000,0.0,0.0,0.0,0.0,63,0.1207,0.1263,10,0.1171,0.1254,0.0,0.0,0.0,0.0,398
2023-05-11 09:32:24,OP90002111,深证100ETF购12月3000,0.0,0.0,0.0,0.0,63,0.1207,0.1263,11,0.1171,0.1254,0.0,0.0,0.0,0.0,398
2023-05-11 09:32:24,OP90002111,深证100ETF购12月3000,0.0,0.0,0.0,0.0,63,0.1207,0.1262,10,0.1171,0.1254,0.0,0.0,0.0,0.0,398
2023-05-11 09:32:26,OP90002111,深证100ETF购12月3000,0.0,0.0,0.0,0.0,63,0.1207,0.1262,10,0.1171,0.1254,0.0,0.0,0.0,0.0,398
2023-05-11 09:32:30,OP90002111,深证100ETF购12月3000,0.0,0.0,0.0,0.0,43,0.1207,0.1262,10,0.1171,0.1254,0.0,0.0,0.0,0.0,398
2023-05-11 09:32:33,OP90002111,深证100ETF购12月3000,0.0,0.0,0.0,0.0,53,0.1207,0.1262,20,0.1171,0.1254,0.0,0.0,0.0,0.0,398
2023-05-11 09:32:33,OP90002111,深证100ETF购12月3000,0.0,0.0,0.0,0.0,53,0.1207,0.1261,10,0.1171,0.1254,0.0,0.0,0.0,0.0,398
2023-05-11 09:32:34,OP90002111,深证100ETF购12月3000,0.0,0.0,0.0,0.0,53,0.1207,0.1261,10,0.1171,0.1254,0.0,0.0,0.0,0.0,398
2023-05-11 09:32:34,OP90002111,深证100ETF购12月3000,0.0,0.0,0.0,0.0,53,0.1207,0.1262,10,0.1171,0.1254,0.0,0.0,0.0,0.0,398
2023-05-11 09:32:35,OP90002111,深证100ETF购12月3000,0.0,0.0,0.0,0.0,53,0.1207,0.1262,10,0.1171,0.1254,0.0,0.0,0.0,0.0,398
2023-05-11 09:32:39,OP90002111,深证100ETF购12月3000,0.0,0.0,0.0,0.0,20,0.1217,0.1262,10,0.1171,0.1254,0.0,0.0,0.0,0.0,398
2023-05-11 09:32:39,OP90002111,深证100ETF购12月3000,0.0,0.0,0.0,0.0,50,0.1217,0.1262,30,0.1171,0.1254,0.0,0.0,0.0,0.0,398
2023-05-11 09:32:40,OP90002111,深证100ETF购12月3000,0.0,0.0,0.0,0.0,50,0.1217,0.1261,10,0.1171,0.1254,0.0,0.0,0.0,0.0,398
2023-05-11 09:32:41,OP90002111,深证100ETF购12月3000,0.0,0.0,0.0,0.0,50,0.1217,0.126,3,0.1171,0.1254,0.0,0.0,0.0,0.0,398
2023-05-11 09:32:41,OP90002111,深证100ETF购12月3000,0.0,0.0,0.0,0.0,50,0.1217,0.1259,10,0.1171,0.1254,0.0,0.0,0.0,0.0,398
2023-05-11 09:32:42,OP90002111,深证100ETF购12月3000,0.0,0.0,0.0,0.0,50,0.1217,0.1258,3,0.1171,0.1254,0.0,0.0,0.0,0.0,398
2023-05-11 09:32:42,OP90002111,深证100ETF购12月3000,0.0,0.0,0.0,0.0,50,0.1217,0.1257,10,0.1171,0.1254,0.0,0.0,0.0,0.0,398
2023-05-11 09:32:43,OP90002111,深证100ETF购12月3000,0.0,0.0,0.0,0.0,50,0.1217,0.1257,10,0.1171,0.1254,0.0,0.0,0.0,0.0,398
2023-05-11 09:32:44,OP90002111,深证100ETF购12月3000,0.0,0.0,0.0,0.0,50,0.1217,0.1257,10,0.1171,0.1254,0.0,0.0,0.0,0.0,398
2023-05-11 09:32:47,OP90002111,深证100ETF购12月3000,0.0,0.0,0.0,0.0,50,0.1217,0.1257,10,0.1171,0.1254,0.0,0.0,0.0,0.0,398
2023-05-11 09:32:48,OP90002111,深证100ETF购12月3000,0.0,0.0,0.0,0.0,50,0.1217,0.1257,30,0.1171,0.1254,0.0,0.0,0.0,0.0,398
2023-05-11 09:32:48,OP90002111,深证100ETF购12月3000,0.0,0.0,0.0,0.0,50,0.1217,0.1256,10,0.1171,0.1254,0.0,0.0,0.0,0.0,398
2023-05-11 09:32:49,OP90002111,深证100ETF购12月3000,0.0,0.0,0.0,0.0,50,0.1217,0.1256,13,0.1171,0.1254,0.0,0.0,0.0,0.0,398
2023-05-11 09:32:49,OP90002111,深证100ETF购12月3000,0.0,0.0,0.0,0.0,50,0.1217,0.1255,10,0.1171,0.1254,0.0,0.0,0.0,0.0,398
2023-05-11 09:32:50,OP90002111,深证100ETF购12月3000,0.0,0.0,0.0,0.0,50,0.1217,0.1255,13,0.1171,0.1254,0.0,0.0,0.0,0.0,398
2023-05-11 09:32:52,OP90002111,深证100ETF购12月3000,0.0,0.0,0.0,0.0,50,0.1217,0.1255,13,0.1171,0.1254,0.0,0.0,0.0,0.0,398
2023-05-11 09:32:52,OP90002111,深证100ETF购12月3000,0.0,0.0,0.0,0.0,50,0.1217,0.1255,13,0.1171,0.1254,0.0,0.0,0.0,0.0,398
2023-05-11 09:32:54,OP90002111,深证100ETF购12月3000,0.0,0.0,0.0,0.0,50,0.1217,0.1255,10,0.1171,0.1254,0.0,0.0,0.0,0.0,398
2023-05-11 09:32:54,OP90002111,深证100ETF购12月3000,0.0,0.0,0.0,0.0,50,0.1217,0.1257,10,0.1171,0.1254,0.0,0.0,0.0,0.0,398
2023-05-11 09:32:55,OP90002111,深证100ETF购12月3000,0.0,0.0,0.0,0.0,50,0.1217,0.1256,3,0.1171,0.1254,0.0,0.0,0.0,0.0,398
2023-05-11 09:32:55,OP90002111,深证100ETF购12月3000,0.0,0.0,0.0,0.0,50,0.1217,0.1255,10,0.1171,0.1254,0.0,0.0,0.0,0.0,398
2023-05-11 09:32:56,OP90002111,深证100ETF购12月3000,0.0,0.0,0.0,0.0,50,0.1217,0.1255,10,0.1171,0.1254,0.0,0.0,0.0,0.0,398
2023-05-11 09:32:56,OP90002111,深证100ETF购12月3000,0.0,0.0,0.0,0.0,50,0.1217,0.1255,20,0.1171,0.1254,0.0,0.0,0.0,0.0,398
2023-05-11 09:32:57,OP90002111,深证100ETF购12月3000,0.0,0.0,0.0,0.0,50,0.1217,0.1255,30,0.1171,0.1254,0.0,0.0,0.0,0.0,398
2023-05-11 09:33:00,OP90002111,深证100ETF购12月3000,0.0,0.0,0.0,0.0,50,0.1217,0.1255,30,0.1171,0.1254,0.0,0.0,0.0,0.0,398
2023-05-11 09:33:00,OP90002111,深证100ETF购12月3000,0.0,0.0,0.0,0.0,50,0.1217,0.1255,30,0.1171,0.1254,0.0,0.0,0.0,0.0,398
2023-05-11 09:33:01,OP90002111,深证100ETF购12月3000,0.0,0.0,0.0,0.0,50,0.1217,0.1255,10,0.1171,0.1254,0.0,0.0,0.0,0.0,398
2023-05-11 09:33:01,OP90002111,深证100ETF购12月3000,0.0,0.0,0.0,0.0,50,0.1217,0.1256,10,0.1171,0.1254,0.0,0.0,0.0,0.0,398
2023-05-11 09:33:02,OP90002111,深证100ETF购12月3000,0.0,0.0,0.0,0.0,50,0.1217,0.1257,10,0.1171,0.1254,0.0,0.0,0.0,0.0,398
2023-05-11 09:33:02,OP90002111,深证100ETF购12月3000,0.0,0.0,0.0,0.0,50,0.1217,0.1257,10,0.1171,0.1254,0.0,0.0,0.0,0.0,398
2023-05-11 09:33:03,OP90002111,深证100ETF购12月3000,0.0,0.0,0.0,0.0,50,0.1217,0.1257,10,0.1171,0.1254,0.0,0.0,0.0,0.0,398
2023-05-11 09:33:05,OP90002111,深证100ETF购12月3000,0.0,0.0,0.0,0.0,50,0.1217,0.1257,10,0.1171,0.1254,0.0,0.0,0.0,0.0,398
2023-05-11 09:33:06,OP90002111,深证100ETF购12月3000,0.0,0.0,0.0,0.0,50,0.1217,0.1257,10,0.1171,0.1254,0.0,0.0,0.0,0.0,398
2023-05-11 09:33:07,OP90002111,深证100ETF购12月3000,0.0,0.0,0.0,0.0,50,0.1217,0.1257,10,0.1171,0.1254,0.0,0.0,0.0,0.0,398
2023-05-11 09:33:08,OP90002111,深证100ETF购12月3000,0.0,0.0,0.0,0.0,50,0.1217,0.1257,10,0.1171,0.1254,0.0,0.0,0.0,0.0,398
2023-05-11 09:33:09,OP90002111,深证100ETF购12月3000,0.0,0.0,0.0,0.0,50,0.1217,0.1257,13,0.1171,0.1254,0.0,0.0,0.0,0.0,398
2023-05-11 09:33:09,OP90002111,深证100ETF购12月3000,0.0,0.0,0.0,0.0,50,0.1217,0.1256,10,0.1171,0.1254,0.0,0.0,0.0,0.0,398
2023-05-11 09:33:10,OP90002111,深证100ETF购12月3000,0.0,0.0,0.0,0.0,50,0.1217,0.1257,10,0.1171,0.1254,0.0,0.0,0.0,0.0,398
2023-05-11 09:33:10,OP90002111,深证100ETF购12月3000,0.0,0.0,0.0,0.0,50,0.1217,0.1256,3,0.1171,0.1254,0.0,0.0,0.0,0.0,398
2023-05-11 09:33:11,OP90002111,深证100ETF购12月3000,0.0,0.0,0.0,0.0,50,0.1217,0.1255,10,0.1171,0.1254,0.0,0.0,0.0,0.0,398
2023-05-11 09:33:11,OP90002111,深证100ETF购12月3000,0.0,0.0,0.0,0.0,30,0.1217,0.1254,3,0.1171,0.1254,0.0,0.0,0.0,0.0,398
2023-05-11 09:33:12,OP90002111,深证100ETF购12月3000,0.0,0.0,0.0,0.0,30,0.1217,0.1253,10,0.1171,0.1254,0.0,0.0,0.0,0.0,398
2023-05-11 09:33:12,OP90002111,深证100ETF购12月3000,0.0,0.0,0.0,0.0,3,0.1218,0.1253,10,0.1171,0.1254,0.0,0.0,0.0,0.0,398
2023-05-11 09:33:13,OP90002111,深证100ETF购12月3000,0.0,0.0,0.0,0.0,3,0.1218,0.1254,10,0.1171,0.1254,0.0,0.0,0.0,0.0,398
2023-05-11 09:33:13,OP90002111,深证100ETF购12月3000,0.0,0.0,0.0,0.0,3,0.1218,0.1254,13,0.1171,0.1254,0.0,0.0,0.0,0.0,398
2023-05-11 09:33:14,OP90002111,深证100ETF购12月3000,0.0,0.0,0.0,0.0,3,0.1218,0.1253,10,0.1171,0.1254,0.0,0.0,0.0,0.0,398
2023-05-11 09:33:14,OP90002111,深证100ETF购12月3000,0.0,0.0,0.0,0.0,3,0.1218,0.1254,10,0.1171,0.1254,0.0,0.0,0.0,0.0,398
2023-05-11 09:33:19,OP90002111,深证100ETF购12月3000,0.0,0.0,0.0,0.0,3,0.1218,0.1254,10,0.1171,0.1254,0.0,0.0,0.0,0.0,398
2023-05-11 09:33:19,OP90002111,深证100ETF购12月3000,0.0,0.0,0.0,0.0,3,0.1218,0.1255,30,0.1171,0.1254,0.0,0.0,0.0,0.0,398
2023-05-11 09:33:21,OP90002111,深证100ETF购12月3000,0.0,0.0,0.0,0.0,3,0.1218,0.1255,30,0.1171,0.1254,0.0,0.0,0.0,0.0,398
2023-05-11 09:33:22,OP90002111,深证100ETF购12月3000,0.0,0.0,0.0,0.0,3,0.1218,0.1255,30,0.1171,0.1254,0.0,0.0,0.0,0.0,398
2023-05-11 09:33:23,OP90002111,深证100ETF购12月3000,0.0,0.0,0.0,0.0,3,0.1218,0.1255,30,0.1171,0.1254,0.0,0.0,0.0,0.0,398
2023-05-11 09:33:23,OP90002111,深证100ETF购12月3000,0.0,0.0,0.0,0.0,3,0.1218,0.1255,30,0.1171,0.1254,0.0,0.0,0.0,0.0,398
2023-05-11 09:33:24,OP90002111,深证100ETF购12月3000,0.0,0.0,0.0,0.0,3,0.1218,0.1255,30,0.1171,0.1254,0.0,0.0,0.0,0.0,398
2023-05-11 09:33:25,OP90002111,深证100ETF购12月3000,0.0,0.0,0.0,0.0,3,0.1218,0.1255,30,0.1171,0.1254,0.0,0.0,0.0,0.0,398
2023-05-11 09:33:26,OP90002111,深证100ETF购12月3000,0.0,0.0,0.0,0.0,3,0.1218,0.1255,30,0.1171,0.1254,0.0,0.0,0.0,0.0,398
2023-05-11 09:33:26,OP90002111,深证100ETF购12月3000,0.0,0.0,0.0,0.0,3,0.1218,0.1255,30,0.1171,0.1254,0.0,0.0,0.0,0.0,398
2023-05-11 09:33:27,OP90002111,深证100ETF购12月3000,0.0,0.0,0.0,0.0,23,0.1218,0.1255,10,0.1171,0.1254,0.0,0.0,0.0,0.0,398
2023-05-11 09:33:27,OP90002111,深证100ETF购12月3000,0.0,0.0,0.0,0.0,23,0.1218,0.1256,10,0.1171,0.1254,0.0,0.0,0.0,0.0,398
2023-05-11 09:33:28,OP90002111,深证100ETF购12月3000,0.0,0.0,0.0,0.0,43,0.1218,0.1256,10,0.1171,0.1254,0.0,0.0,0.0,0.0,398
2023-05-11 09:33:28,OP90002111,深证100ETF购12月3000,0.0,0.0,0.0,0.0,43,0.1218,0.1256,10,0.1171,0.1254,0.0,0.0,0.0,0.0,398
2023-05-11 09:33:34,OP90002111,深证100ETF购12月3000,0.0,0.0,0.0,0.0,43,0.1218,0.1256,10,0.1171,0.1254,0.0,0.0,0.0,0.0,398
2023-05-11 09:33:35,OP90002111,深证100ETF购12月3000,0.0,0.0,0.0,0.0,43,0.1218,0.1255,3,0.1171,0.1254,0.0,0.0,0.0,0.0,398
2023-05-11 09:33:35,OP90002111,深证100ETF购12月3000,0.0,0.0,0.0,0.0,43,0.1218,0.1254,10,0.1171,0.1254,0.0,0.0,0.0,0.0,398
2023-05-11 09:33:36,OP90002111,深证100ETF购12月3000,0.0,0.0,0.0,0.0,43,0.1218,0.1253,3,0.1171,0.1254,0.0,0.0,0.0,0.0,398
2023-05-11 09:33:36,OP90002111,深证100ETF购12月3000,0.0,0.0,0.0,0.0,43,0.1218,0.1252,10,0.1171,0.1254,0.0,0.0,0.0,0.0,398
2023-05-11 09:33:37,OP90002111,深证100ETF购12月3000,0.0,0.0,0.0,0.0,43,0.1218,0.1252,10,0.1171,0.1254,0.0,0.0,0.0,0.0,398
2023-05-11 09:33:37,OP90002111,深证100ETF购12月3000,0.0,0.0,0.0,0.0,43,0.1218,0.1256,10,0.1171,0.1254,0.0,0.0,0.0,0.0,398
2023-05-11 09:33:38,OP90002111,深证100ETF购12月3000,0.0,0.0,0.0,0.0,43,0.1218,0.1255,3,0.1171,0.1254,0.0,0.0,0.0,0.0,398
2023-05-11 09:33:38,OP90002111,深证100ETF购12月3000,0.0,0.0,0.0,0.0,43,0.1218,0.1254,10,0.1171,0.1254,0.0,0.0,0.0,0.0,398
2023-05-11 09:33:39,OP90002111,深证100ETF购12月3000,0.0,0.0,0.0,0.0,43,0.1218,0.1253,3,0.1171,0.1254,0.0,0.0,0.0,0.0,398
2023-05-11 09:33:39,OP90002111,深证100ETF购12月3000,0.0,0.0,0.0,0.0,43,0.1218,0.1252,10,0.1171,0.1254,0.0,0.0,0.0,0.0,398
2023-05-11 09:33:40,OP90002111,深证100ETF购12月3000,0.0,0.0,0.0,0.0,43,0.1218,0.1252,10,0.1171,0.1254,0.0,0.0,0.0,0.0,398
2023-05-11 09:33:40,OP90002111,深证100ETF购12月3000,0.0,0.0,0.0,0.0,43,0.1218,0.1253,10,0.1171,0.1254,0.0,0.0,0.0,0.0,398
2023-05-11 09:33:41,OP90002111,深证100ETF购12月3000,0.0,0.0,0.0,0.0,43,0.1218,0.1253,13,0.1171,0.1254,0.0,0.0,0.0,0.0,398
2023-05-11 09:33:41,OP90002111,深证100ETF购12月3000,0.0,0.0,0.0,0.0,43,0.1218,0.1252,10,0.1171,0.1254,0.0,0.0,0.0,0.0,398
2023-05-11 09:33:42,OP90002111,深证100ETF购12月3000,0.0,0.0,0.0,0.0,43,0.1218,0.1253,10,0.1171,0.1254,0.0,0.0,0.0,0.0,398
2023-05-11 09:33:44,OP90002111,深证100ETF购12月3000,0.0,0.0,0.0,0.0,43,0.1218,0.1253,10,0.1171,0.1254,0.0,0.0,0.0,0.0,398
2023-05-11 09:33:45,OP90002111,深证100ETF购12月3000,0.0,0.0,0.0,0.0,43,0.1218,0.1253,3,0.1171,0.1254,0.0,0.0,0.0,0.0,398
2023-05-11 09:33:45,OP90002111,深证100ETF购12月3000,0.0,0.0,0.0,0.0,63,0.1218,0.1252,10,0.1171,0.1254,0.0,0.0,0.0,0.0,398
2023-05-11 09:33:46,OP90002111,深证100ETF购12月3000,0.0,0.0,0.0,0.0,63,0.1218,0.1256,10,0.1171,0.1254,0.0,0.0,0.0,0.0,398
2023-05-11 09:33:46,OP90002111,深证100ETF购12月3000,0.0,0.0,0.0,0.0,63,0.1218,0.1256,13,0.1171,0.1254,0.0,0.0,0.0,0.0,398
2023-05-11 09:33:47,OP90002111,深证100ETF购12月3000,0.0,0.0,0.0,0.0,63,0.1218,0.1255,10,0.1171,0.1254,0.0,0.0,0.0,0.0,398
2023-05-11 09:33:47,OP90002111,深证100ETF购12月3000,0.0,0.0,0.0,0.0,63,0.1218,0.1256,10,0.1171,0.1254,0.0,0.0,0.0,0.0,398
2023-05-11 09:33:48,OP90002111,深证100ETF购12月3000,0.0,0.0,0.0,0.0,63,0.1218,0.1256,10,0.1171,0.1254,0.0,0.0,0.0,0.0,398
2023-05-11 09:33:49,OP90002111,深证100ETF购12月3000,0.0,0.0,0.0,0.0,63,0.1218,0.1256,10,0.1171,0.1254,0.0,0.0,0.0,0.0,398
2023-05-11 09:34:05,OP90002111,深证100ETF购12月3000,0.0,0.0,0.0,0.0,63,0.1218,0.1256,10,0.1171,0.1254,0.0,0.0,0.0,0.0,398
2023-05-11 09:34:07,OP90002111,深证100ETF购12月3000,0.0,0.0,0.0,0.0,63,0.1218,0.1256,10,0.1171,0.1254,0.0,0.0,0.0,0.0,398
2023-05-11 09:34:09,OP90002111,深证100ETF购12月3000,0.0,0.0,0.0,0.0,63,0.1218,0.1256,10,0.1171,0.1254,0.0,0.0,0.0,0.0,398
2023-05-11 09:34:10,OP90002111,深证100ETF购12月3000,0.0,0.0,0.0,0.0,63,0.1218,0.1256,10,0.1171,0.1254,0.0,0.0,0.0,0.0,398
2023-05-11 09:34:21,OP90002111,深证100ETF购12月3000,0.0,0.0,0.0,0.0,83,0.1218,0.1256,10,0.1171,0.1254,0.0,0.0,0.0,0.0,398
2023-05-11 09:34:21,OP90002111,深证100ETF购12月3000,0.0,0.0,0.0,0.0,83,0.1218,0.1256,10,0.1171,0.1254,0.0,0.0,0.0,0.0,398
2023-05-11 09:34:23,OP90002111,深证100ETF购12月3000,0.0,0.0,0.0,0.0,83,0.1218,0.1256,10,0.1171,0.1254,0.0,0.0,0.0,0.0,398
2023-05-11 09:34:24,OP90002111,深证100ETF购12月3000,0.0,0.0,0.0,0.0,83,0.1218,0.1257,10,0.1171,0.1254,0.0,0.0,0.0,0.0,398
2023-05-11 09:34:24,OP90002111,深证100ETF购12月3000,0.0,0.0,0.0,0.0,83,0.1218,0.1257,10,0.1171,0.1254,0.0,0.0,0.0,0.0,398
2023-05-11 09:34:25,OP90002111,深证100ETF购12月3000,0.0,0.0,0.0,0.0,83,0.1218,0.1259,10,0.1171,0.1254,0.0,0.0,0.0,0.0,398
2023-05-11 09:34:25,OP90002111,深证100ETF购12月3000,0.0,0.0,0.0,0.0,83,0.1218,0.1259,10,0.1171,0.1254,0.0,0.0,0.0,0.0,398
2023-05-11 09:34:31,OP90002111,深证100ETF购12月3000,0.0,0.0,0.0,0.0,83,0.1218,0.1259,10,0.1171,0.1254,0.0,0.0,0.0,0.0,398
2023-05-11 09:34:38,OP90002111,深证100ETF购12月3000,0.0,0.0,0.0,0.0,63,0.1218,0.1259,10,0.1171,0.1254,0.0,0.0,0.0,0.0,398
2023-05-11 09:34:39,OP90002111,深证100ETF购12月3000,0.0,0.0,0.0,0.0,63,0.1218,0.1259,10,0.1171,0.1254,0.0,0.0,0.0,0.0,398
2023-05-11 09:34:42,OP90002111,深证100ETF购12月3000,0.0,0.0,0.0,0.0,83,0.1218,0.1259,10,0.1171,0.1254,0.0,0.0,0.0,0.0,398
2023-05-11 09:34:43,OP90002111,深证100ETF购12月3000,0.0,0.0,0.0,0.0,83,0.1218,0.1258,3,0.1171,0.1254,0.0,0.0,0.0,0.0,398
2023-05-11 09:34:43,OP90002111,深证100ETF购12月3000,0.0,0.0,0.0,0.0,83,0.1218,0.1257,10,0.1171,0.1254,0.0,0.0,0.0,0.0,398
2023-05-11 09:34:44,OP90002111,深证100ETF购12月3000,0.0,0.0,0.0,0.0,83,0.1218,0.1257,10,0.1171,0.1254,0.0,0.0,0.0,0.0,398
2023-05-11 09:34:44,OP90002111,深证100ETF购12月3000,0.0,0.0,0.0,0.0,83,0.1218,0.1259,10,0.1171,0.1254,0.0,0.0,0.0,0.0,398
2023-05-11 09:34:45,OP90002111,深证100ETF购12月3000,0.0,0.0,0.0,0.0,83,0.1218,0.1259,13,0.1171,0.1254,0.0,0.0,0.0,0.0,398
2023-05-11 09:34:45,OP90002111,深证100ETF购12月3000,0.0,0.0,0.0,0.0,83,0.1218,0.1258,10,0.1171,0.1254,0.0,0.0,0.0,0.0,398
2023-05-11 09:34:46,OP90002111,深证100ETF购12月3000,0.0,0.0,0.0,0.0,83,0.1218,0.1257,3,0.1171,0.1254,0.0,0.0,0.0,0.0,398
2023-05-11 09:34:46,OP90002111,深证100ETF购12月3000,0.0,0.0,0.0,0.0,83,0.1218,0.1256,10,0.1171,0.1254,0.0,0.0,0.0,0.0,398
2023-05-11 09:34:47,OP90002111,深证100ETF购12月3000,0.0,0.0,0.0,0.0,83,0.1218,0.1259,10,0.1171,0.1254,0.0,0.0,0.0,0.0,398
2023-05-11 09:34:47,OP90002111,深证100ETF购12月3000,0.0,0.0,0.0,0.0,83,0.1218,0.1258,3,0.1171,0.1254,0.0,0.0,0.0,0.0,398
2023-05-11 09:34:48,OP90002111,深证100ETF购12月3000,0.0,0.0,0.0,0.0,83,0.1218,0.1257,10,0.1171,0.1254,0.0,0.0,0.0,0.0,398
2023-05-11 09:34:49,OP90002111,深证100ETF购12月3000,0.0,0.0,0.0,0.0,83,0.1218,0.1257,13,0.1171,0.1254,0.0,0.0,0.0,0.0,398
2023-05-11 09:34:50,OP90002111,深证100ETF购12月3000,0.0,0.0,0.0,0.0,83,0.1218,0.1256,10,0.1171,0.1254,0.0,0.0,0.0,0.0,398
2023-05-11 09:34:50,OP90002111,深证100ETF购12月3000,0.0,0.0,0.0,0.0,83,0.1218,0.1256,20,0.1171,0.1254,0.0,0.0,0.0,0.0,398
2023-05-11 09:34:51,OP90002111,深证100ETF购12月3000,0.0,0.0,0.0,0.0,83,0.1218,0.1256,10,0.1171,0.1254,0.0,0.0,0.0,0.0,398
2023-05-11 09:34:51,OP90002111,深证100ETF购12月3000,0.0,0.0,0.0,0.0,83,0.1218,0.1258,10,0.1171,0.1254,0.0,0.0,0.0,0.0,398
2023-05-11 09:34:53,OP90002111,深证100ETF购12月3000,0.0,0.0,0.0,0.0,63,0.1218,0.1258,10,0.1171,0.1254,0.0,0.0,0.0,0.0,398
2023-05-11 09:34:54,OP90002111,深证100ETF购12月3000,0.0,0.0,0.0,0.0,83,0.1218,0.1258,10,0.1171,0.1254,0.0,0.0,0.0,0.0,398
2023-05-11 09:34:55,OP90002111,深证100ETF购12月3000,0.0,0.0,0.0,0.0,83,0.1218,0.1258,13,0.1171,0.1254,0.0,0.0,0.0,0.0,398
2023-05-11 09:34:55,OP90002111,深证100ETF购12月3000,0.0,0.0,0.0,0.0,83,0.1218,0.1257,10,0.1171,0.1254,0.0,0.0,0.0,0.0,398
2023-05-11 09:34:56,OP90002111,深证100ETF购12月3000,0.0,0.0,0.0,0.0,83,0.1218,0.1257,13,0.1171,0.1254,0.0,0.0,0.0,0.0,398
2023-05-11 09:34:56,OP90002111,深证100ETF购12月3000,0.0,0.0,0.0,0.0,83,0.1218,0.1256,10,0.1171,0.1254,0.0,0.0,0.0,0.0,398
2023-05-11 09:34:57,OP90002111,深证100ETF购12月3000,0.0,0.0,0.0,0.0,83,0.1218,0.1256,30,0.1171,0.1254,0.0,0.0,0.0,0.0,398
2023-05-11 09:34:58,OP90002111,深证100ETF购12月3000,0.0,0.0,0.0,0.0,83,0.1218,0.1256,30,0.1171,0.1254,0.0,0.0,0.0,0.0,398
2023-05-11 09:35:02,OP90002111,深证100ETF购12月3000,0.0,0.0,0.0,0.0,83,0.1218,0.1256,30,0.1171,0.1254,0.0,0.0,0.0,0.0,398
2023-05-11 09:35:03,OP90002111,深证100ETF购12月3000,0.0,0.0,0.0,0.0,83,0.1218,0.1255,10,0.1171,0.1254,0.0,0.0,0.0,0.0,398
2023-05-11 09:35:04,OP90002111,深证100ETF购12月3000,0.0,0.0,0.0,0.0,83,0.1218,0.1255,10,0.1171,0.1254,0.0,0.0,0.0,0.0,398
2023-05-11 09:35:04,OP90002111,深证100ETF购12月3000,0.0,0.0,0.0,0.0,83,0.1218,0.1254,3,0.1171,0.1254,0.0,0.0,0.0,0.0,398
2023-05-11 09:35:05,OP90002111,深证100ETF购12月3000,0.0,0.0,0.0,0.0,83,0.1218,0.1254,10,0.1171,0.1254,0.0,0.0,0.0,0.0,398
2023-05-11 09:35:05,OP90002111,深证100ETF购12月3000,0.0,0.0,0.0,0.0,83,0.1218,0.1254,3,0.1171,0.1254,0.0,0.0,0.0,0.0,398
2023-05-11 09:35:06,OP90002111,深证100ETF购12月3000,0.0,0.0,0.0,0.0,83,0.1218,0.1253,10,0.1171,0.1254,0.0,0.0,0.0,0.0,398
2023-05-11 09:35:06,OP90002111,深证100ETF购12月3000,0.0,0.0,0.0,0.0,83,0.1218,0.1253,33,0.1171,0.1254,0.0,0.0,0.0,0.0,398
2023-05-11 09:35:07,OP90002111,深证100ETF购12月3000,0.0,0.0,0.0,0.0,83,0.1218,0.1252,10,0.1171,0.1254,0.0,0.0,0.0,0.0,398
2023-05-11 09:35:07,OP90002111,深证100ETF购12月3000,0.0,0.0,0.0,0.0,83,0.1218,0.1251,3,0.1171,0.1254,0.0,0.0,0.0,0.0,398
2023-05-11 09:35:08,OP90002111,深证100ETF购12月3000,0.0,0.0,0.0,0.0,83,0.1218,0.125,10,0.1171,0.1254,0.0,0.0,0.0,0.0,398
2023-05-11 09:35:08,OP90002111,深证100ETF购12月3000,0.0,0.0,0.0,0.0,83,0.1218,0.1249,3,0.1171,0.1254,0.0,0.0,0.0,0.0,398
2023-05-11 09:35:09,OP90002111,深证100ETF购12月3000,0.0,0.0,0.0,0.0,83,0.1218,0.1248,10,0.1171,0.1254,0.0,0.0,0.0,0.0,398
2023-05-11 09:35:09,OP90002111,深证100ETF购12月3000,0.0,0.0,0.0,0.0,83,0.1218,0.1248,10,0.1171,0.1254,0.0,0.0,0.0,0.0,398
2023-05-11 09:35:10,OP90002111,深证100ETF购12月3000,0.0,0.0,0.0,0.0,83,0.1218,0.1248,10,0.1171,0.1254,0.0,0.0,0.0,0.0,398
2023-05-11 09:35:10,OP90002111,深证100ETF购12月3000,0.0,0.0,0.0,0.0,83,0.1218,0.1252,10,0.1171,0.1254,0.0,0.0,0.0,0.0,398
2023-05-11 09:35:11,OP90002111,深证100ETF购12月3000,0.0,0.0,0.0,0.0,83,0.1218,0.1251,3,0.1171,0.1254,0.0,0.0,0.0,0.0,398
2023-05-11 09:35:11,OP90002111,深证100ETF购12月3000,0.0,0.0,0.0,0.0,83,0.1218,0.125,10,0.1171,0.1254,0.0,0.0,0.0,0.0,398
2023-05-11 09:35:12,OP90002111,深证100ETF购12月3000,0.0,0.0,0.0,0.0,63,0.1218,0.125,10,0.1171,0.1254,0.0,0.0,0.0,0.0,398
2023-05-11 09:35:12,OP90002111,深证100ETF购12月3000,0.0,0.0,0.0,0.0,10,0.1222,0.1251,30,0.1171,0.1254,0.0,0.0,0.0,0.0,398
2023-05-11 09:35:13,OP90002111,深证100ETF购12月3000,0.0,0.0,0.0,0.0,3,0.1223,0.1251,30,0.1171,0.1254,0.0,0.0,0.0,0.0,398
2023-05-11 09:35:13,OP90002111,深证100ETF购12月3000,0.0,0.0,0.0,0.0,3,0.1223,0.125,3,0.1171,0.1254,0.0,0.0,0.0,0.0,398
2023-05-11 09:35:14,OP90002111,深证100ETF购12月3000,0.0,0.0,0.0,0.0,10,0.1222,0.125,3,0.1171,0.1254,0.0,0.0,0.0,0.0,398
2023-05-11 09:35:14,OP90002111,深证100ETF购12月3000,0.0,0.0,0.0,0.0,13,0.1222,0.125,3,0.1171,0.1254,0.0,0.0,0.0,0.0,398
2023-05-11 09:35:15,OP90002111,深证100ETF购12月3000,0.0,0.0,0.0,0.0,13,0.1222,0.125,3,0.1171,0.1254,0.0,0.0,0.0,0.0,398
2023-05-11 09:35:15,OP90002111,深证100ETF购12月3000,0.0,0.0,0.0,0.0,13,0.1222,0.125,3,0.1171,0.1254,0.0,0.0,0.0,0.0,398
2023-05-11 09:35:16,OP90002111,深证100ETF购12月3000,0.0,0.0,0.0,0.0,13,0.1222,0.125,3,0.1171,0.1254,0.0,0.0,0.0,0.0,398
2023-05-11 09:35:17,OP90002111,深证100ETF购12月3000,0.0,0.0,0.0,0.0,3,0.1222,0.1251,30,0.1171,0.1254,0.0,0.0,0.0,0.0,398
2023-05-11 09:35:18,OP90002111,深证100ETF购12月3000,0.0,0.0,0.0,0.0,3,0.1222,0.1251,33,0.1171,0.1254,0.0,0.0,0.0,0.0,398
2023-05-11 09:35:18,OP90002111,深证100ETF购12月3000,0.0,0.0,0.0,0.0,3,0.1222,0.1251,30,0.1171,0.1254,0.0,0.0,0.0,0.0,398
2023-05-11 09:35:19,OP90002111,深证100ETF购12月3000,0.0,0.0,0.0,0.0,3,0.1222,0.1251,30,0.1171,0.1254,0.0,0.0,0.0,0.0,398
2023-05-11 09:35:19,OP90002111,深证100ETF购12月3000,0.0,0.0,0.0,0.0,3,0.1222,0.1251,20,0.1171,0.1254,0.0,0.0,0.0,0.0,398
2023-05-11 09:35:20,OP90002111,深证100ETF购12月3000,0.0,0.0,0.0,0.0,3,0.1222,0.1251,20,0.1171,0.1254,0.0,0.0,0.0,0.0,398
2023-05-11 09:35:22,OP90002111,深证100ETF购12月3000,0.0,0.0,0.0,0.0,3,0.1222,0.1251,20,0.1171,0.1254,0.0,0.0,0.0,0.0,398
2023-05-11 09:35:23,OP90002111,深证100ETF购12月3000,0.0,0.0,0.0,0.0,10,0.1223,0.1251,20,0.1171,0.1254,0.0,0.0,0.0,0.0,398
2023-05-11 09:35:23,OP90002111,深证100ETF购12月3000,0.0,0.0,0.0,0.0,3,0.1224,0.1251,20,0.1171,0.1254,0.0,0.0,0.0,0.0,398
2023-05-11 09:35:24,OP90002111,深证100ETF购12月3000,0.0,0.0,0.0,0.0,3,0.1224,0.1251,30,0.1171,0.1254,0.0,0.0,0.0,0.0,398
2023-05-11 09:35:24,OP90002111,深证100ETF购12月3000,0.0,0.0,0.0,0.0,3,0.1224,0.1251,30,0.1171,0.1254,0.0,0.0,0.0,0.0,398
2023-05-11 09:35:26,OP90002111,深证100ETF购12月3000,0.0,0.0,0.0,0.0,3,0.1224,0.1251,30,0.1171,0.1254,0.0,0.0,0.0,0.0,398
2023-05-11 09:35:27,OP90002111,深证100ETF购12月3000,0.0,0.0,0.0,0.0,3,0.1224,0.1251,30,0.1171,0.1254,0.0,0.0,0.0,0.0,398
2023-05-11 09:35:27,OP90002111,深证100ETF购12月3000,0.0,0.0,0.0,0.0,3,0.1224,0.1251,33,0.1171,0.1254,0.0,0.0,0.0,0.0,398
2023-05-11 09:35:28,OP90002111,深证100ETF购12月3000,0.0,0.0,0.0,0.0,3,0.1224,0.1251,33,0.1171,0.1254,0.0,0.0,0.0,0.0,398
2023-05-11 09:35:28,OP90002111,深证100ETF购12月3000,0.0,0.0,0.0,0.0,3,0.1224,0.1251,30,0.1171,0.1254,0.0,0.0,0.0,0.0,398
2023-05-11 09:35:29,OP90002111,深证100ETF购12月3000,0.0,0.0,0.0,0.0,3,0.1224,0.1251,30,0.1171,0.1254,0.0,0.0,0.0,0.0,398
2023-05-11 09:35:29,OP90002111,深证100ETF购12月3000,0.0,0.0,0.0,0.0,3,0.1224,0.1251,30,0.1171,0.1254,0.0,0.0,0.0,0.0,398
2023-05-11 09:35:30,OP90002111,深证100ETF购12月3000,0.0,0.0,0.0,0.0,3,0.1224,0.1251,33,0.1171,0.1254,0.0,0.0,0.0,0.0,398
2023-05-11 09:35:30,OP90002111,深证100ETF购12月3000,0.0,0.0,0.0,0.0,30,0.1222,0.1251,33,0.1171,0.1254,0.0,0.0,0.0,0.0,398
2023-05-11 09:35:31,OP90002111,深证100ETF购12月3000,0.0,0.0,0.0,0.0,3,0.1223,0.1251,33,0.1171,0.1254,0.0,0.0,0.0,0.0,398
2023-05-11 09:35:31,OP90002111,深证100ETF购12月3000,0.0,0.0,0.0,0.0,3,0.1223,0.1251,33,0.1171,0.1254,0.0,0.0,0.0,0.0,398
2023-05-11 09:35:32,OP90002111,深证100ETF购12月3000,0.0,0.0,0.0,0.0,3,0.1223,0.1251,43,0.1171,0.1254,0.0,0.0,0.0,0.0,398
2023-05-11 09:35:32,OP90002111,深证100ETF购12月3000,0.0,0.0,0.0,0.0,3,0.1223,0.1251,63,0.1171,0.1254,0.0,0.0,0.0,0.0,398
2023-05-11 09:35:33,OP90002111,深证100ETF购12月3000,0.0,0.0,0.0,0.0,3,0.1223,0.1251,63,0.1171,0.1254,0.0,0.0,0.0,0.0,398
2023-05-11 09:35:34,OP90002111,深证100ETF购12月3000,0.0,0.0,0.0,0.0,3,0.1223,0.1251,60,0.1171,0.1254,0.0,0.0,0.0,0.0,398
2023-05-11 09:35:35,OP90002111,深证100ETF购12月3000,0.0,0.0,0.0,0.0,3,0.1223,0.1251,40,0.1171,0.1254,0.0,0.0,0.0,0.0,398
2023-05-11 09:35:35,OP90002111,深证100ETF购12月3000,0.0,0.0,0.0,0.0,3,0.1223,0.1251,40,0.1171,0.1254,0.0,0.0,0.0,0.0,398
2023-05-11 09:35:38,OP90002111,深证100ETF购12月3000,0.0,0.0,0.0,0.0,3,0.1223,0.1251,40,0.1171,0.1254,0.0,0.0,0.0,0.0,398
2023-05-11 09:35:39,OP90002111,深证100ETF购12月3000,0.0,0.0,0.0,0.0,3,0.1223,0.1251,40,0.1171,0.1254,0.0,0.0,0.0,0.0,398
2023-05-11 09:35:39,OP90002111,深证100ETF购12月3000,0.0,0.0,0.0,0.0,3,0.1223,0.1251,40,0.1171,0.1254,0.0,0.0,0.0,0.0,398
2023-05-11 09:35:42,OP90002111,深证100ETF购12月3000,0.0,0.0,0.0,0.0,3,0.1223,0.1251,40,0.1171,0.1254,0.0,0.0,0.0,0.0,398
2023-05-11 09:35:43,OP90002111,深证100ETF购12月3000,0.0,0.0,0.0,0.0,3,0.1223,0.1251,40,0.1171,0.1254,0.0,0.0,0.0,0.0,398
2023-05-11 09:35:44,OP90002111,深证100ETF购12月3000,0.0,0.0,0.0,0.0,10,0.1224,0.1251,40,0.1171,0.1254,0.0,0.0,0.0,0.0,398
2023-05-11 09:35:44,OP90002111,深证100ETF购12月3000,0.0,0.0,0.0,0.0,3,0.1225,0.1251,40,0.1171,0.1254,0.0,0.0,0.0,0.0,398
2023-05-11 09:35:45,OP90002111,深证100ETF购12月3000,0.0,0.0,0.0,0.0,3,0.1225,0.1251,40,0.1171,0.1254,0.0,0.0,0.0,0.0,398
2023-05-11 09:35:47,OP90002111,深证100ETF购12月3000,0.0,0.0,0.0,0.0,3,0.1225,0.1251,40,0.1171,0.1254,0.0,0.0,0.0,0.0,398
2023-05-11 09:35:48,OP90002111,深证100ETF购12月3000,0.0,0.0,0.0,0.0,3,0.1225,0.1251,30,0.1171,0.1254,0.0,0.0,0.0,0.0,398
2023-05-11 09:35:48,OP90002111,深证100ETF购12月3000,0.0,0.0,0.0,0.0,3,0.1225,0.1251,30,0.1171,0.1254,0.0,0.0,0.0,0.0,398
2023-05-11 09:35:49,OP90002111,深证100ETF购12月3000,0.0,0.0,0.0,0.0,3,0.1225,0.1251,30,0.1171,0.1254,0.0,0.0,0.0,0.0,398
2023-05-11 09:35:51,OP90002111,深证100ETF购12月3000,0.0,0.0,0.0,0.0,3,0.1225,0.1251,30,0.1171,0.1254,0.0,0.0,0.0,0.0,398
2023-05-11 09:35:52,OP90002111,深证100ETF购12月3000,0.0,0.0,0.0,0.0,3,0.1225,0.1251,30,0.1171,0.1254,0.0,0.0,0.0,0.0,398
2023-05-11 09:35:53,OP90002111,深证100ETF购12月3000,0.0,0.0,0.0,0.0,3,0.1225,0.1251,30,0.1171,0.1254,0.0,0.0,0.0,0.0,398
2023-05-11 09:35:54,OP90002111,深证100ETF购12月3000,0.0,0.0,0.0,0.0,3,0.1225,0.1251,30,0.1171,0.1254,0.0,0.0,0.0,0.0,398
2023-05-11 09:36:00,OP90002111,深证100ETF购12月3000,0.0,0.0,0.0,0.0,3,0.1225,0.1251,30,0.1171,0.1254,0.0,0.0,0.0,0.0,398
2023-05-11 09:36:00,OP90002111,深证100ETF购12月3000,0.0,0.0,0.0,0.0,10,0.1224,0.1251,30,0.1171,0.1254,0.0,0.0,0.0,0.0,398
2023-05-11 09:36:01,OP90002111,深证100ETF购12月3000,0.0,0.0,0.0,0.0,30,0.1223,0.1251,43,0.1171,0.1254,0.0,0.0,0.0,0.0,398
2023-05-11 09:36:01,OP90002111,深证100ETF购12月3000,0.0,0.0,0.0,0.0,10,0.1225,0.1251,43,0.1171,0.1254,0.0,0.0,0.0,0.0,398
2023-05-11 09:36:02,OP90002111,深证100ETF购12月3000,0.0,0.0,0.0,0.0,10,0.1225,0.1251,43,0.1171,0.1254,0.0,0.0,0.0,0.0,398
2023-05-11 09:36:02,OP90002111,深证100ETF购12月3000,0.0,0.0,0.0,0.0,13,0.1225,0.1251,40,0.1171,0.1254,0.0,0.0,0.0,0.0,398
2023-05-11 09:36:03,OP90002111,深证100ETF购12月3000,0.0,0.0,0.0,0.0,3,0.1225,0.1251,60,0.1171,0.1254,0.0,0.0,0.0,0.0,398
2023-05-11 09:36:03,OP90002111,深证100ETF购12月3000,0.0,0.0,0.0,0.0,13,0.1225,0.1251,40,0.1171,0.1254,0.0,0.0,0.0,0.0,398
2023-05-11 09:36:04,OP90002111,深证100ETF购12月3000,0.0,0.0,0.0,0.0,3,0.1225,0.1251,40,0.1171,0.1254,0.0,0.0,0.0,0.0,398
2023-05-11 09:36:04,OP90002111,深证100ETF购12月3000,0.0,0.0,0.0,0.0,3,0.1225,0.1251,60,0.1171,0.1254,0.0,0.0,0.0,0.0,398
2023-05-11 09:36:05,OP90002111,深证100ETF购12月3000,0.0,0.0,0.0,0.0,3,0.1225,0.1251,60,0.1171,0.1254,0.0,0.0,0.0,0.0,398
2023-05-11 09:36:05,OP90002111,深证100ETF购12月3000,0.0,0.0,0.0,0.0,3,0.1225,0.1251,60,0.1171,0.1254,0.0,0.0,0.0,0.0,398
2023-05-11 09:36:06,OP90002111,深证100ETF购12月3000,0.0,0.0,0.0,0.0,3,0.1225,0.1251,60,0.1171,0.1254,0.0,0.0,0.0,0.0,398
2023-05-11 09:36:06,OP90002111,深证100ETF购12月3000,0.0,0.0,0.0,0.0,3,0.1225,0.1251,60,0.1171,0.1254,0.0,0.0,0.0,0.0,398
2023-05-11 09:36:07,OP90002111,深证100ETF购12月3000,0.0,0.0,0.0,0.0,3,0.1225,0.1251,60,0.1171,0.1254,0.0,0.0,0.0,0.0,398
2023-05-11 09:36:08,OP90002111,深证100ETF购12月3000,0.0,0.0,0.0,0.0,3,0.1225,0.1251,60,0.1171,0.1254,0.0,0.0,0.0,0.0,398
2023-05-11 09:36:08,OP90002111,深证100ETF购12月3000,0.0,0.0,0.0,0.0,3,0.1225,0.1251,50,0.1171,0.1254,0.0,0.0,0.0,0.0,398
2023-05-11 09:36:10,OP90002111,深证100ETF购12月3000,0.0,0.0,0.0,0.0,13,0.1225,0.1251,50,0.1171,0.1254,0.0,0.0,0.0,0.0,398
2023-05-11 09:36:11,OP90002111,深证100ETF购12月3000,0.0,0.0,0.0,0.0,13,0.1225,0.1251,40,0.1171,0.1254,0.0,0.0,0.0,0.0,398
2023-05-11 09:36:14,OP90002111,深证100ETF购12月3000,0.0,0.0,0.0,0.0,13,0.1225,0.1251,40,0.1171,0.1254,0.0,0.0,0.0,0.0,398
2023-05-11 09:36:16,OP90002111,深证100ETF购12月3000,0.0,0.0,0.0,0.0,13,0.1225,0.1251,40,0.1171,0.1254,0.0,0.0,0.0,0.0,398
2023-05-11 09:36:17,OP90002111,深证100ETF购12月3000,0.0,0.0,0.0,0.0,13,0.1225,0.1251,40,0.1171,0.1254,0.0,0.0,0.0,0.0,398
2023-05-11 09:36:18,OP90002111,深证100ETF购12月3000,0.0,0.0,0.0,0.0,13,0.1225,0.1251,40,0.1171,0.1254,0.0,0.0,0.0,0.0,398
2023-05-11 09:36:20,OP90002111,深证100ETF购12月3000,0.0,0.0,0.0,0.0,13,0.1225,0.1251,40,0.1171,0.1254,0.0,0.0,0.0,0.0,398
2023-05-11 09:36:22,OP90002111,深证100ETF购12月3000,0.0,0.0,0.0,0.0,13,0.1225,0.1251,20,0.1171,0.1254,0.0,0.0,0.0,0.0,398
2023-05-11 09:36:26,OP90002111,深证100ETF购12月3000,0.0,0.0,0.0,0.0,13,0.1225,0.1251,20,0.1171,0.1254,0.0,0.0,0.0,0.0,398
2023-05-11 09:36:38,OP90002111,深证100ETF购12月3000,0.0,0.0,0.0,0.0,13,0.1225,0.1251,20,0.1171,0.1254,0.0,0.0,0.0,0.0,398
2023-05-11 09:36:42,OP90002111,深证100ETF购12月3000,0.0,0.0,0.0,0.0,13,0.1225,0.1251,40,0.1171,0.1254,0.0,0.0,0.0,0.0,398
2023-05-11 09:36:44,OP90002111,深证100ETF购12月3000,0.0,0.0,0.0,0.0,13,0.1225,0.1251,40,0.1171,0.1254,0.0,0.0,0.0,0.0,398
2023-05-11 09:36:46,OP90002111,深证100ETF购12月3000,0.0,0.0,0.0,0.0,13,0.1225,0.1251,40,0.1171,0.1254,0.0,0.0,0.0,0.0,398
2023-05-11 09:36:47,OP90002111,深证100ETF购12月3000,0.0,0.0,0.0,0.0,13,0.1225,0.1251,40,0.1171,0.1254,0.0,0.0,0.0,0.0,398
2023-05-11 09:36:48,OP90002111,深证100ETF购12月3000,0.0,0.0,0.0,0.0,13,0.1225,0.1251,40,0.1171,0.1254,0.0,0.0,0.0,0.0,398
2023-05-11 09:36:48,OP90002111,深证100ETF购12月3000,0.0,0.0,0.0,0.0,13,0.1225,0.1251,40,0.1171,0.1254,0.0,0.0,0.0,0.0,398
2023-05-11 09:36:51,OP90002111,深证100ETF购12月3000,0.0,0.0,0.0,0.0,13,0.1225,0.1251,40,0.1171,0.1254,0.0,0.0,0.0,0.0,398
2023-05-11 09:36:53,OP90002111,深证100ETF购12月3000,0.0,0.0,0.0,0.0,13,0.1225,0.1251,40,0.1171,0.1254,0.0,0.0,0.0,0.0,398
2023-05-11 09:36:54,OP90002111,深证100ETF购12月3000,0.0,0.0,0.0,0.0,10,0.1228,0.1251,40,0.1171,0.1254,0.0,0.0,0.0,0.0,398
2023-05-11 09:36:54,OP90002111,深证100ETF购12月3000,0.0,0.0,0.0,0.0,10,0.1228,0.1251,40,0.1171,0.1254,0.0,0.0,0.0,0.0,398
2023-05-11 09:36:56,OP90002111,深证100ETF购12月3000,0.0,0.0,0.0,0.0,10,0.1228,0.1251,40,0.1171,0.1254,0.0,0.0,0.0,0.0,398
2023-05-11 09:36:57,OP90002111,深证100ETF购12月3000,0.0,0.0,0.0,0.0,10,0.1228,0.1251,40,0.1171,0.1254,0.0,0.0,0.0,0.0,398
2023-05-11 09:36:57,OP90002111,深证100ETF购12月3000,0.0,0.0,0.0,0.0,10,0.1228,0.1251,40,0.1171,0.1254,0.0,0.0,0.0,0.0,398
2023-05-11 09:36:58,OP90002111,深证100ETF购12月3000,0.0,0.0,0.0,0.0,10,0.1228,0.1251,40,0.1171,0.1254,0.0,0.0,0.0,0.0,398
2023-05-11 09:36:59,OP90002111,深证100ETF购12月3000,0.0,0.0,0.0,0.0,10,0.1227,0.1251,40,0.1171,0.1254,0.0,0.0,0.0,0.0,398
2023-05-11 09:37:00,OP90002111,深证100ETF购12月3000,0.0,0.0,0.0,0.0,10,0.1227,0.1251,40,0.1171,0.1254,0.0,0.0,0.0,0.0,398
2023-05-11 09:37:00,OP90002111,深证100ETF购12月3000,0.0,0.0,0.0,0.0,10,0.1227,0.1251,40,0.1171,0.1254,0.0,0.0,0.0,0.0,398
2023-05-11 09:37:01,OP90002111,深证100ETF购12月3000,0.0,0.0,0.0,0.0,10,0.1227,0.1251,40,0.1171,0.1254,0.0,0.0,0.0,0.0,398
2023-05-11 09:37:01,OP90002111,深证100ETF购12月3000,0.0,0.0,0.0,0.0,10,0.1227,0.1251,40,0.1171,0.1254,0.0,0.0,0.0,0.0,398
2023-05-11 09:37:02,OP90002111,深证100ETF购12月3000,0.0,0.0,0.0,0.0,10,0.1227,0.1251,43,0.1171,0.1254,0.0,0.0,0.0,0.0,398
2023-05-11 09:37:02,OP90002111,深证100ETF购12月3000,0.0,0.0,0.0,0.0,10,0.1227,0.1251,44,0.1171,0.1254,0.0,0.0,0.0,0.0,398
2023-05-11 09:37:03,OP90002111,深证100ETF购12月3000,0.0,0.0,0.0,0.0,10,0.1227,0.1251,61,0.1171,0.1254,0.0,0.0,0.0,0.0,398
2023-05-11 09:37:03,OP90002111,深证100ETF购12月3000,0.0,0.0,0.0,0.0,10,0.1227,0.1251,61,0.1171,0.1254,0.0,0.0,0.0,0.0,398
2023-05-11 09:37:04,OP90002111,深证100ETF购12月3000,0.0,0.0,0.0,0.0,10,0.1227,0.1251,61,0.1171,0.1254,0.0,0.0,0.0,0.0,398
2023-05-11 09:37:06,OP90002111,深证100ETF购12月3000,0.0,0.0,0.0,0.0,10,0.1227,0.1251,61,0.1171,0.1254,0.0,0.0,0.0,0.0,398
2023-05-11 09:37:07,OP90002111,深证100ETF购12月3000,0.0,0.0,0.0,0.0,10,0.1226,0.1251,61,0.1171,0.1254,0.0,0.0,0.0,0.0,398
2023-05-11 09:37:08,OP90002111,深证100ETF购12月3000,0.0,0.0,0.0,0.0,10,0.1226,0.1251,64,0.1171,0.1254,0.0,0.0,0.0,0.0,398
2023-05-11 09:37:09,OP90002111,深证100ETF购12月3000,0.0,0.0,0.0,0.0,10,0.1224,0.1251,64,0.1171,0.1254,0.0,0.0,0.0,0.0,398
2023-05-11 09:37:10,OP90002111,深证100ETF购12月3000,0.0,0.0,0.0,0.0,13,0.1224,0.1251,64,0.1171,0.1254,0.0,0.0,0.0,0.0,398
2023-05-11 09:37:11,OP90002111,深证100ETF购12月3000,0.0,0.0,0.0,0.0,13,0.1224,0.1251,64,0.1171,0.1254,0.0,0.0,0.0,0.0,398
2023-05-11 09:37:11,OP90002111,深证100ETF购12月3000,0.0,0.0,0.0,0.0,10,0.1224,0.1251,64,0.1171,0.1254,0.0,0.0,0.0,0.0,398
2023-05-11 09:37:12,OP90002111,深证100ETF购12月3000,0.0,0.0,0.0,0.0,20,0.1224,0.1251,64,0.1171,0.1254,0.0,0.0,0.0,0.0,398
2023-05-11 09:37:13,OP90002111,深证100ETF购12月3000,0.0,0.0,0.0,0.0,3,0.1225,0.1251,61,0.1171,0.1254,0.0,0.0,0.0,0.0,398
2023-05-11 09:37:14,OP90002111,深证100ETF购12月3000,0.0,0.0,0.0,0.0,3,0.1225,0.1251,60,0.1171,0.1254,0.0,0.0,0.0,0.0,398
2023-05-11 09:37:15,OP90002111,深证100ETF购12月3000,0.0,0.0,0.0,0.0,3,0.1225,0.1251,40,0.1171,0.1254,0.0,0.0,0.0,0.0,398
2023-05-11 09:37:15,OP90002111,深证100ETF购12月3000,0.0,0.0,0.0,0.0,13,0.1225,0.1251,40,0.1171,0.1254,0.0,0.0,0.0,0.0,398
2023-05-11 09:37:16,OP90002111,深证100ETF购12月3000,0.0,0.0,0.0,0.0,10,0.1225,0.1251,40,0.1171,0.1254,0.0,0.0,0.0,0.0,398
2023-05-11 09:37:17,OP90002111,深证100ETF购12月3000,0.0,0.0,0.0,0.0,10,0.1225,0.125,3,0.1171,0.1254,0.0,0.0,0.0,0.0,398
2023-05-11 09:37:17,OP90002111,深证100ETF购12月3000,0.0,0.0,0.0,0.0,10,0.1225,0.125,3,0.1171,0.1254,0.0,0.0,0.0,0.0,398
2023-05-11 09:37:18,OP90002111,深证100ETF购12月3000,0.0,0.0,0.0,0.0,10,0.1225,0.125,33,0.1171,0.1254,0.0,0.0,0.0,0.0,398
2023-05-11 09:37:18,OP90002111,深证100ETF购12月3000,0.0,0.0,0.0,0.0,20,0.1224,0.125,33,0.1171,0.1254,0.0,0.0,0.0,0.0,398
2023-05-11 09:37:19,OP90002111,深证100ETF购12月3000,0.0,0.0,0.0,0.0,10,0.1224,0.125,33,0.1171,0.1254,0.0,0.0,0.0,0.0,398
2023-05-11 09:37:19,OP90002111,深证100ETF购12月3000,0.0,0.0,0.0,0.0,20,0.1224,0.125,33,0.1171,0.1254,0.0,0.0,0.0,0.0,398
2023-05-11 09:37:20,OP90002111,深证100ETF购12月3000,0.0,0.0,0.0,0.0,23,0.1224,0.125,30,0.1171,0.1254,0.0,0.0,0.0,0.0,398
2023-05-11 09:37:20,OP90002111,深证100ETF购12月3000,0.0,0.0,0.0,0.0,13,0.1224,0.125,30,0.1171,0.1254,0.0,0.0,0.0,0.0,398
2023-05-11 09:37:21,OP90002111,深证100ETF购12月3000,0.0,0.0,0.0,0.0,3,0.1224,0.125,50,0.1171,0.1254,0.0,0.0,0.0,0.0,398
2023-05-11 09:37:21,OP90002111,深证100ETF购12月3000,0.0,0.0,0.0,0.0,3,0.1224,0.125,50,0.1171,0.1254,0.0,0.0,0.0,0.0,398
2023-05-11 09:37:22,OP90002111,深证100ETF购12月3000,0.0,0.0,0.0,0.0,3,0.1224,0.125,50,0.1171,0.1254,0.0,0.0,0.0,0.0,398
2023-05-11 09:37:23,OP90002111,深证100ETF购12月3000,0.0,0.0,0.0,0.0,3,0.1224,0.125,50,0.1171,0.1254,0.0,0.0,0.0,0.0,398
2023-05-11 09:37:24,OP90002111,深证100ETF购12月3000,0.0,0.0,0.0,0.0,3,0.1224,0.125,50,0.1171,0.1254,0.0,0.0,0.0,0.0,398
2023-05-11 09:37:25,OP90002111,深证100ETF购12月3000,0.0,0.0,0.0,0.0,3,0.1224,0.125,50,0.1171,0.1254,0.0,0.0,0.0,0.0,398
2023-05-11 09:37:26,OP90002111,深证100ETF购12月3000,0.0,0.0,0.0,0.0,10,0.1223,0.125,50,0.1171,0.1254,0.0,0.0,0.0,0.0,398
2023-05-11 09:37:27,OP90002111,深证100ETF购12月3000,0.0,0.0,0.0,0.0,13,0.1223,0.125,50,0.1171,0.1254,0.0,0.0,0.0,0.0,398
2023-05-11 09:37:27,OP90002111,深证100ETF购12月3000,0.0,0.0,0.0,0.0,23,0.1223,0.125,50,0.1171,0.1254,0.0,0.0,0.0,0.0,398
2023-05-11 09:37:28,OP90002111,深证100ETF购12月3000,0.0,0.0,0.0,0.0,23,0.1223,0.125,50,0.1171,0.1254,0.0,0.0,0.0,0.0,398
2023-05-11 09:37:29,OP90002111,深证100ETF购12月3000,0.0,0.0,0.0,0.0,23,0.1223,0.125,51,0.1171,0.1254,0.0,0.0,0.0,0.0,398
2023-05-11 09:37:29,OP90002111,深证100ETF购12月3000,0.0,0.0,0.0,0.0,13,0.1223,0.125,51,0.1171,0.1254,0.0,0.0,0.0,0.0,398
2023-05-11 09:37:30,OP90002111,深证100ETF购12月3000,0.0,0.0,0.0,0.0,13,0.1223,0.125,51,0.1171,0.1254,0.0,0.0,0.0,0.0,398
2023-05-11 09:37:30,OP90002111,深证100ETF购12月3000,0.0,0.0,0.0,0.0,13,0.1223,0.125,51,0.1171,0.1254,0.0,0.0,0.0,0.0,398
2023-05-11 09:37:31,OP90002111,深证100ETF购12月3000,0.0,0.0,0.0,0.0,13,0.1223,0.125,51,0.1171,0.1254,0.0,0.0,0.0,0.0,398
2023-05-11 09:37:31,OP90002111,深证100ETF购12月3000,0.0,0.0,0.0,0.0,13,0.1223,0.125,54,0.1171,0.1254,0.0,0.0,0.0,0.0,398
2023-05-11 09:37:32,OP90002111,深证100ETF购12月3000,0.0,0.0,0.0,0.0,10,0.1223,0.125,54,0.1171,0.1254,0.0,0.0,0.0,0.0,398
2023-05-11 09:37:32,OP90002111,深证100ETF购12月3000,0.0,0.0,0.0,0.0,13,0.1223,0.125,54,0.1171,0.1254,0.0,0.0,0.0,0.0,398
2023-05-11 09:37:33,OP90002111,深证100ETF购12月3000,0.0,0.0,0.0,0.0,10,0.1224,0.125,51,0.1171,0.1254,0.0,0.0,0.0,0.0,398
2023-05-11 09:37:33,OP90002111,深证100ETF购12月3000,0.0,0.0,0.0,0.0,13,0.1224,0.125,51,0.1171,0.1254,0.0,0.0,0.0,0.0,398
2023-05-11 09:37:34,OP90002111,深证100ETF购12月3000,0.0,0.0,0.0,0.0,13,0.1224,0.125,51,0.1171,0.1254,0.0,0.0,0.0,0.0,398
2023-05-11 09:37:35,OP90002111,深证100ETF购12月3000,0.0,0.0,0.0,0.0,10,0.1223,0.125,51,0.1171,0.1254,0.0,0.0,0.0,0.0,398
2023-05-11 09:37:36,OP90002111,深证100ETF购12月3000,0.0,0.0,0.0,0.0,13,0.1223,0.125,54,0.1171,0.1254,0.0,0.0,0.0,0.0,398
2023-05-11 09:37:36,OP90002111,深证100ETF购12月3000,0.0,0.0,0.0,0.0,13,0.1223,0.125,54,0.1171,0.1254,0.0,0.0,0.0,0.0,398
2023-05-11 09:37:38,OP90002111,深证100ETF购12月3000,0.0,0.0,0.0,0.0,13,0.1223,0.125,54,0.1171,0.1254,0.0,0.0,0.0,0.0,398
2023-05-11 09:37:39,OP90002111,深证100ETF购12月3000,0.0,0.0,0.0,0.0,23,0.1223,0.125,54,0.1171,0.1254,0.0,0.0,0.0,0.0,398
2023-05-11 09:37:40,OP90002111,深证100ETF购12月3000,0.0,0.0,0.0,0.0,23,0.1223,0.125,54,0.1171,0.1254,0.0,0.0,0.0,0.0,398
2023-05-11 09:37:41,OP90002111,深证100ETF购12月3000,0.0,0.0,0.0,0.0,23,0.1223,0.125,51,0.1171,0.1254,0.0,0.0,0.0,0.0,398
2023-05-11 09:37:42,OP90002111,深证100ETF购12月3000,0.0,0.0,0.0,0.0,13,0.1223,0.125,51,0.1171,0.1254,0.0,0.0,0.0,0.0,398
2023-05-11 09:37:42,OP90002111,深证100ETF购12月3000,0.0,0.0,0.0,0.0,13,0.1223,0.125,54,0.1171,0.1254,0.0,0.0,0.0,0.0,398
2023-05-11 09:37:43,OP90002111,深证100ETF购12月3000,0.0,0.0,0.0,0.0,10,0.1223,0.125,54,0.1171,0.1254,0.0,0.0,0.0,0.0,398
2023-05-11 09:37:49,OP90002111,深证100ETF购12月3000,0.0,0.0,0.0,0.0,10,0.1221,0.125,51,0.1171,0.1254,0.0,0.0,0.0,0.0,398
2023-05-11 09:37:50,OP90002111,深证100ETF购12月3000,0.0,0.0,0.0,0.0,20,0.1223,0.125,51,0.1171,0.1254,0.0,0.0,0.0,0.0,398
2023-05-11 09:37:50,OP90002111,深证100ETF购12月3000,0.0,0.0,0.0,0.0,3,0.1224,0.125,41,0.1171,0.1254,0.0,0.0,0.0,0.0,398
2023-05-11 09:37:51,OP90002111,深证100ETF购12月3000,0.0,0.0,0.0,0.0,3,0.1224,0.125,41,0.1171,0.1254,0.0,0.0,0.0,0.0,398
2023-05-11 09:37:52,OP90002111,深证100ETF购12月3000,0.0,0.0,0.0,0.0,3,0.1224,0.125,41,0.1171,0.1254,0.0,0.0,0.0,0.0,398
2023-05-11 09:37:53,OP90002111,深证100ETF购12月3000,0.0,0.0,0.0,0.0,13,0.1224,0.125,41,0.1171,0.1254,0.0,0.0,0.0,0.0,398
2023-05-11 09:37:54,OP90002111,深证100ETF购12月3000,0.0,0.0,0.0,0.0,13,0.1224,0.125,41,0.1171,0.1254,0.0,0.0,0.0,0.0,398
2023-05-11 09:37:56,OP90002111,深证100ETF购12月3000,0.0,0.0,0.0,0.0,13,0.1224,0.125,40,0.1171,0.1254,0.0,0.0,0.0,0.0,398
2023-05-11 09:37:57,OP90002111,深证100ETF购12月3000,0.0,0.0,0.0,0.0,13,0.1224,0.125,40,0.1171,0.1254,0.0,0.0,0.0,0.0,398
2023-05-11 09:37:59,OP90002111,深证100ETF购12月3000,0.0,0.0,0.0,0.0,13,0.1224,0.125,40,0.1171,0.1254,0.0,0.0,0.0,0.0,398
2023-05-11 09:38:00,OP90002111,深证100ETF购12月3000,0.0,0.0,0.0,0.0,13,0.1224,0.125,40,0.1171,0.1254,0.0,0.0,0.0,0.0,398
2023-05-11 09:38:01,OP90002111,深证100ETF购12月3000,0.0,0.0,0.0,0.0,13,0.1224,0.125,40,0.1171,0.1254,0.0,0.0,0.0,0.0,398
2023-05-11 09:38:04,OP90002111,深证100ETF购12月3000,0.0,0.0,0.0,0.0,13,0.1224,0.125,40,0.1171,0.1254,0.0,0.0,0.0,0.0,398
2023-05-11 09:38:05,OP90002111,深证100ETF购12月3000,0.0,0.0,0.0,0.0,33,0.1224,0.125,20,0.1171,0.1254,0.0,0.0,0.0,0.0,398
2023-05-11 09:38:05,OP90002111,深证100ETF购12月3000,0.0,0.0,0.0,0.0,10,0.1228,0.1252,20,0.1171,0.1254,0.0,0.0,0.0,0.0,398
2023-05-11 09:38:06,OP90002111,深证100ETF购12月3000,0.0,0.0,0.0,0.0,3,0.1229,0.1252,20,0.1171,0.1254,0.0,0.0,0.0,0.0,398
2023-05-11 09:38:06,OP90002111,深证100ETF购12月3000,0.0,0.0,0.0,0.0,13,0.1229,0.1255,90,0.1171,0.1254,0.0,0.0,0.0,0.0,398
2023-05-11 09:38:07,OP90002111,深证100ETF购12月3000,0.0,0.0,0.0,0.0,13,0.1229,0.1255,73,0.1171,0.1254,0.0,0.0,0.0,0.0,398
2023-05-11 09:38:07,OP90002111,深证100ETF购12月3000,0.0,0.0,0.0,0.0,13,0.1229,0.1255,73,0.1171,0.1254,0.0,0.0,0.0,0.0,398
2023-05-11 09:38:08,OP90002111,深证100ETF购12月3000,0.0,0.0,0.0,0.0,13,0.1229,0.1255,73,0.1171,0.1254,0.0,0.0,0.0,0.0,398
2023-05-11 09:38:08,OP90002111,深证100ETF购12月3000,0.0,0.0,0.0,0.0,13,0.1229,0.1255,63,0.1171,0.1254,0.0,0.0,0.0,0.0,398
2023-05-11 09:38:10,OP90002111,深证100ETF购12月3000,0.0,0.0,0.0,0.0,13,0.1229,0.1255,63,0.1171,0.1254,0.0,0.0,0.0,0.0,398
2023-05-11 09:38:12,OP90002111,深证100ETF购12月3000,0.0,0.0,0.0,0.0,13,0.1229,0.1255,63,0.1171,0.1254,0.0,0.0,0.0,0.0,398
2023-05-11 09:38:17,OP90002111,深证100ETF购12月3000,0.0,0.0,0.0,0.0,10,0.1229,0.1255,63,0.1171,0.1254,0.0,0.0,0.0,0.0,398
2023-05-11 09:38:17,OP90002111,深证100ETF购12月3000,0.0,0.0,0.0,0.0,10,0.1229,0.1255,63,0.1171,0.1254,0.0,0.0,0.0,0.0,398
2023-05-11 09:38:18,OP90002111,深证100ETF购12月3000,0.0,0.0,0.0,0.0,13,0.1229,0.1255,63,0.1171,0.1254,0.0,0.0,0.0,0.0,398
2023-05-11 09:38:27,OP90002111,深证100ETF购12月3000,0.0,0.0,0.0,0.0,13,0.1229,0.1255,63,0.1171,0.1254,0.0,0.0,0.0,0.0,398
2023-05-11 09:38:27,OP90002111,深证100ETF购12月3000,0.0,0.0,0.0,0.0,13,0.1229,0.1255,63,0.1171,0.1254,0.0,0.0,0.0,0.0,398
2023-05-11 09:38:29,OP90002111,深证100ETF购12月3000,0.0,0.0,0.0,0.0,13,0.1229,0.1255,63,0.1171,0.1254,0.0,0.0,0.0,0.0,398
2023-05-11 09:38:30,OP90002111,深证100ETF购12月3000,0.0,0.0,0.0,0.0,13,0.1229,0.1255,43,0.1171,0.1254,0.0,0.0,0.0,0.0,398
2023-05-11 09:38:30,OP90002111,深证100ETF购12月3000,0.0,0.0,0.0,0.0,13,0.1229,0.1255,23,0.1171,0.1254,0.0,0.0,0.0,0.0,398
2023-05-11 09:38:31,OP90002111,深证100ETF购12月3000,0.0,0.0,0.0,0.0,13,0.1229,0.1255,23,0.1171,0.1254,0.0,0.0,0.0,0.0,398
2023-05-11 09:38:31,OP90002111,深证100ETF购12月3000,0.0,0.0,0.0,0.0,13,0.1229,0.1255,23,0.1171,0.1254,0.0,0.0,0.0,0.0,398
2023-05-11 09:38:32,OP90002111,深证100ETF购12月3000,0.0,0.0,0.0,0.0,13,0.1229,0.1255,23,0.1171,0.1254,0.0,0.0,0.0,0.0,398
2023-05-11 09:38:33,OP90002111,深证100ETF购12月3000,0.0,0.0,0.0,0.0,13,0.1229,0.1255,23,0.1171,0.1254,0.0,0.0,0.0,0.0,398
2023-05-11 09:38:33,OP90002111,深证100ETF购12月3000,0.0,0.0,0.0,0.0,13,0.1229,0.1255,23,0.1171,0.1254,0.0,0.0,0.0,0.0,398
2023-05-11 09:38:34,OP90002111,深证100ETF购12月3000,0.0,0.0,0.0,0.0,13,0.1229,0.1255,23,0.1171,0.1254,0.0,0.0,0.0,0.0,398
2023-05-11 09:38:35,OP90002111,深证100ETF购12月3000,0.0,0.0,0.0,0.0,13,0.1229,0.1255,23,0.1171,0.1254,0.0,0.0,0.0,0.0,398
2023-05-11 09:38:36,OP90002111,深证100ETF购12月3000,0.0,0.0,0.0,0.0,13,0.1229,0.1255,23,0.1171,0.1254,0.0,0.0,0.0,0.0,398
2023-05-11 09:38:36,OP90002111,深证100ETF购12月3000,0.0,0.0,0.0,0.0,13,0.1229,0.1255,23,0.1171,0.1254,0.0,0.0,0.0,0.0,398
2023-05-11 09:38:37,OP90002111,深证100ETF购12月3000,0.0,0.0,0.0,0.0,13,0.1229,0.1255,23,0.1171,0.1254,0.0,0.0,0.0,0.0,398
2023-05-11 09:38:38,OP90002111,深证100ETF购12月3000,0.0,0.0,0.0,0.0,13,0.1229,0.1255,23,0.1171,0.1254,0.0,0.0,0.0,0.0,398
2023-05-11 09:38:40,OP90002111,深证100ETF购12月3000,0.0,0.0,0.0,0.0,13,0.1229,0.1255,23,0.1171,0.1254,0.0,0.0,0.0,0.0,398
2023-05-11 09:38:40,OP90002111,深证100ETF购12月3000,0.0,0.0,0.0,0.0,23,0.1229,0.1255,23,0.1171,0.1254,0.0,0.0,0.0,0.0,398
2023-05-11 09:38:41,OP90002111,深证100ETF购12月3000,0.0,0.0,0.0,0.0,13,0.1229,0.1255,23,0.1171,0.1254,0.0,0.0,0.0,0.0,398
2023-05-11 09:38:41,OP90002111,深证100ETF购12月3000,0.0,0.0,0.0,0.0,13,0.1229,0.1255,43,0.1171,0.1254,0.0,0.0,0.0,0.0,398
2023-05-11 09:38:42,OP90002111,深证100ETF购12月3000,0.0,0.0,0.0,0.0,13,0.1229,0.1255,20,0.1171,0.1254,0.0,0.0,0.0,0.0,398
2023-05-11 09:38:43,OP90002111,深证100ETF购12月3000,0.0,0.0,0.0,0.0,10,0.1231,0.1255,20,0.1171,0.1254,0.0,0.0,0.0,0.0,398
2023-05-11 09:38:43,OP90002111,深证100ETF购12月3000,0.0,0.0,0.0,0.0,3,0.1232,0.1256,21,0.1171,0.1254,0.0,0.0,0.0,0.0,398
2023-05-11 09:38:44,OP90002111,深证100ETF购12月3000,0.0,0.0,0.0,0.0,13,0.1232,0.1256,44,0.1171,0.1254,0.0,0.0,0.0,0.0,398
2023-05-11 09:38:44,OP90002111,深证100ETF购12月3000,0.0,0.0,0.0,0.0,13,0.1232,0.1256,44,0.1171,0.1254,0.0,0.0,0.0,0.0,398
2023-05-11 09:38:45,OP90002111,深证100ETF购12月3000,0.0,0.0,0.0,0.0,13,0.1232,0.1256,41,0.1171,0.1254,0.0,0.0,0.0,0.0,398
2023-05-11 09:38:46,OP90002111,深证100ETF购12月3000,0.0,0.0,0.0,0.0,13,0.1232,0.1256,41,0.1171,0.1254,0.0,0.0,0.0,0.0,398
2023-05-11 09:38:48,OP90002111,深证100ETF购12月3000,0.0,0.0,0.0,0.0,13,0.1232,0.1256,21,0.1171,0.1254,0.0,0.0,0.0,0.0,398
2023-05-11 09:38:48,OP90002111,深证100ETF购12月3000,0.0,0.0,0.0,0.0,13,0.1232,0.1256,24,0.1171,0.1254,0.0,0.0,0.0,0.0,398
2023-05-11 09:38:49,OP90002111,深证100ETF购12月3000,0.0,0.0,0.0,0.0,33,0.1232,0.1256,1,0.1171,0.1254,0.0,0.0,0.0,0.0,398
2023-05-11 09:38:49,OP90002111,深证100ETF购12月3000,0.0,0.0,0.0,0.0,33,0.1232,0.1256,1,0.1171,0.1254,0.0,0.0,0.0,0.0,398
2023-05-11 09:38:50,OP90002111,深证100ETF购12月3000,0.0,0.0,0.0,0.0,33,0.1232,0.1256,1,0.1171,0.1254,0.0,0.0,0.0,0.0,398
2023-05-11 09:38:50,OP90002111,深证100ETF购12月3000,0.0,0.0,0.0,0.0,33,0.1232,0.1256,1,0.1171,0.1254,0.0,0.0,0.0,0.0,398
2023-05-11 09:38:51,OP90002111,深证100ETF购12月3000,0.0,0.0,0.0,0.0,33,0.1232,0.1256,1,0.1171,0.1254,0.0,0.0,0.0,0.0,398
2023-05-11 09:38:53,OP90002111,深证100ETF购12月3000,0.0,0.0,0.0,0.0,33,0.1232,0.1258,20,0.1171,0.1254,0.0,0.0,0.0,0.0,398
2023-05-11 09:38:53,OP90002111,深证100ETF购12月3000,0.0,0.0,0.0,0.0,33,0.1232,0.1259,40,0.1171,0.1254,0.0,0.0,0.0,0.0,398
2023-05-11 09:38:54,OP90002111,深证100ETF购12月3000,0.0,0.0,0.0,0.0,33,0.1232,0.1259,40,0.1171,0.1254,0.0,0.0,0.0,0.0,398
2023-05-11 09:38:54,OP90002111,深证100ETF购12月3000,0.0,0.0,0.0,0.0,33,0.1232,0.1259,40,0.1171,0.1254,0.0,0.0,0.0,0.0,398
2023-05-11 09:38:55,OP90002111,深证100ETF购12月3000,0.0,0.0,0.0,0.0,33,0.1232,0.1259,40,0.1171,0.1254,0.0,0.0,0.0,0.0,398
2023-05-11 09:38:55,OP90002111,深证100ETF购12月3000,0.0,0.0,0.0,0.0,33,0.1232,0.1259,43,0.1171,0.1254,0.0,0.0,0.0,0.0,398
2023-05-11 09:38:56,OP90002111,深证100ETF购12月3000,0.0,0.0,0.0,0.0,33,0.1232,0.1259,43,0.1171,0.1254,0.0,0.0,0.0,0.0,398
2023-05-11 09:38:56,OP90002111,深证100ETF购12月3000,0.0,0.0,0.0,0.0,33,0.1232,0.1259,40,0.1171,0.1254,0.0,0.0,0.0,0.0,398
2023-05-11 09:39:00,OP90002111,深证100ETF购12月3000,0.0,0.0,0.0,0.0,33,0.1232,0.1259,40,0.1171,0.1254,0.0,0.0,0.0,0.0,398
2023-05-11 09:39:00,OP90002111,深证100ETF购12月3000,0.0,0.0,0.0,0.0,10,0.1233,0.1259,40,0.1171,0.1254,0.0,0.0,0.0,0.0,398
2023-05-11 09:39:01,OP90002111,深证100ETF购12月3000,0.0,0.0,0.0,0.0,3,0.1234,0.1259,20,0.1171,0.1254,0.0,0.0,0.0,0.0,398
2023-05-11 09:39:01,OP90002111,深证100ETF购12月3000,0.0,0.0,0.0,0.0,13,0.1234,0.126,20,0.1171,0.1254,0.0,0.0,0.0,0.0,398
2023-05-11 09:39:02,OP90002111,深证100ETF购12月3000,0.0,0.0,0.0,0.0,13,0.1234,0.126,23,0.1171,0.1254,0.0,0.0,0.0,0.0,398
2023-05-11 09:39:02,OP90002111,深证100ETF购12月3000,0.0,0.0,0.0,0.0,13,0.1234,0.126,3,0.1171,0.1254,0.0,0.0,0.0,0.0,398
2023-05-11 09:39:03,OP90002111,深证100ETF购12月3000,0.0,0.0,0.0,0.0,13,0.1234,0.126,3,0.1171,0.1254,0.0,0.0,0.0,0.0,398
2023-05-11 09:39:03,OP90002111,深证100ETF购12月3000,0.0,0.0,0.0,0.0,13,0.1234,0.126,3,0.1171,0.1254,0.0,0.0,0.0,0.0,398
2023-05-11 09:39:04,OP90002111,深证100ETF购12月3000,0.0,0.0,0.0,0.0,33,0.1234,0.126,23,0.1171,0.1254,0.0,0.0,0.0,0.0,398
2023-05-11 09:39:04,OP90002111,深证100ETF购12月3000,0.0,0.0,0.0,0.0,33,0.1234,0.126,23,0.1171,0.1254,0.0,0.0,0.0,0.0,398
2023-05-11 09:39:05,OP90002111,深证100ETF购12月3000,0.0,0.0,0.0,0.0,33,0.1234,0.126,20,0.1171,0.1254,0.0,0.0,0.0,0.0,398
2023-05-11 09:39:08,OP90002111,深证100ETF购12月3000,0.0,0.0,0.0,0.0,33,0.1234,0.126,20,0.1171,0.1254,0.0,0.0,0.0,0.0,398
2023-05-11 09:39:08,OP90002111,深证100ETF购12月3000,0.0,0.0,0.0,0.0,33,0.1234,0.126,23,0.1171,0.1254,0.0,0.0,0.0,0.0,398
2023-05-11 09:39:09,OP90002111,深证100ETF购12月3000,0.0,0.0,0.0,0.0,33,0.1234,0.126,3,0.1171,0.1254,0.0,0.0,0.0,0.0,398
2023-05-11 09:39:10,OP90002111,深证100ETF购12月3000,0.0,0.0,0.0,0.0,33,0.1234,0.126,3,0.1171,0.1254,0.0,0.0,0.0,0.0,398
2023-05-11 09:39:10,OP90002111,深证100ETF购12月3000,0.0,0.0,0.0,0.0,33,0.1234,0.126,3,0.1171,0.1254,0.0,0.0,0.0,0.0,398
2023-05-11 09:39:11,OP90002111,深证100ETF购12月3000,0.0,0.0,0.0,0.0,33,0.1234,0.126,3,0.1171,0.1254,0.0,0.0,0.0,0.0,398
2023-05-11 09:39:11,OP90002111,深证100ETF购12月3000,0.0,0.0,0.0,0.0,30,0.1234,0.126,3,0.1171,0.1254,0.0,0.0,0.0,0.0,398
2023-05-11 09:39:12,OP90002111,深证100ETF购12月3000,0.0,0.0,0.0,0.0,30,0.1234,0.126,23,0.1171,0.1254,0.0,0.0,0.0,0.0,398
2023-05-11 09:39:12,OP90002111,深证100ETF购12月3000,0.0,0.0,0.0,0.0,30,0.1234,0.126,23,0.1171,0.1254,0.0,0.0,0.0,0.0,398
2023-05-11 09:39:15,OP90002111,深证100ETF购12月3000,0.0,0.0,0.0,0.0,30,0.1234,0.126,23,0.1171,0.1254,0.0,0.0,0.0,0.0,398
2023-05-11 09:39:17,OP90002111,深证100ETF购12月3000,0.0,0.0,0.0,0.0,30,0.1234,0.126,23,0.1171,0.1254,0.0,0.0,0.0,0.0,398
2023-05-11 09:39:18,OP90002111,深证100ETF购12月3000,0.0,0.0,0.0,0.0,30,0.1234,0.126,23,0.1171,0.1254,0.0,0.0,0.0,0.0,398
2023-05-11 09:39:19,OP90002111,深证100ETF购12月3000,0.0,0.0,0.0,0.0,30,0.1234,0.126,23,0.1171,0.1254,0.0,0.0,0.0,0.0,398
2023-05-11 09:39:20,OP90002111,深证100ETF购12月3000,0.0,0.0,0.0,0.0,33,0.1234,0.126,23,0.1171,0.1254,0.0,0.0,0.0,0.0,398
2023-05-11 09:39:20,OP90002111,深证100ETF购12月3000,0.0,0.0,0.0,0.0,33,0.1234,0.126,23,0.1171,0.1254,0.0,0.0,0.0,0.0,398
2023-05-11 09:39:26,OP90002111,深证100ETF购12月3000,0.0,0.0,0.0,0.0,33,0.1234,0.126,23,0.1171,0.1254,0.0,0.0,0.0,0.0,398
2023-05-11 09:39:30,OP90002111,深证100ETF购12月3000,0.0,0.0,0.0,0.0,43,0.1234,0.126,3,0.1171,0.1254,0.0,0.0,0.0,0.0,398
2023-05-11 09:39:30,OP90002111,深证100ETF购12月3000,0.0,0.0,0.0,0.0,63,0.1234,0.126,3,0.1171,0.1254,0.0,0.0,0.0,0.0,398
2023-05-11 09:39:31,OP90002111,深证100ETF购12月3000,0.0,0.0,0.0,0.0,63,0.1234,0.126,3,0.1171,0.1254,0.0,0.0,0.0,0.0,398
2023-05-11 09:39:32,OP90002111,深证100ETF购12月3000,0.0,0.0,0.0,0.0,63,0.1234,0.126,3,0.1171,0.1254,0.0,0.0,0.0,0.0,398
2023-05-11 09:39:33,OP90002111,深证100ETF购12月3000,0.0,0.0,0.0,0.0,63,0.1234,0.126,3,0.1171,0.1254,0.0,0.0,0.0,0.0,398
2023-05-11 09:39:34,OP90002111,深证100ETF购12月3000,0.0,0.0,0.0,0.0,53,0.1234,0.126,3,0.1171,0.1254,0.0,0.0,0.0,0.0,398
2023-05-11 09:39:34,OP90002111,深证100ETF购12月3000,0.0,0.0,0.0,0.0,53,0.1234,0.126,3,0.1171,0.1254,0.0,0.0,0.0,0.0,398
2023-05-11 09:39:35,OP90002111,深证100ETF购12月3000,0.0,0.0,0.0,0.0,53,0.1234,0.126,3,0.1171,0.1254,0.0,0.0,0.0,0.0,398
2023-05-11 09:39:35,OP90002111,深证100ETF购12月3000,0.0,0.0,0.0,0.0,53,0.1234,0.126,3,0.1171,0.1254,0.0,0.0,0.0,0.0,398
2023-05-11 09:39:36,OP90002111,深证100ETF购12月3000,0.0,0.0,0.0,0.0,53,0.1234,0.1263,20,0.1171,0.1254,0.0,0.0,0.0,0.0,398
2023-05-11 09:39:37,OP90002111,深证100ETF购12月3000,0.0,0.0,0.0,0.0,53,0.1234,0.1262,3,0.1171,0.1254,0.0,0.0,0.0,0.0,398
2023-05-11 09:39:37,OP90002111,深证100ETF购12月3000,0.0,0.0,0.0,0.0,53,0.1234,0.1262,3,0.1171,0.1254,0.0,0.0,0.0,0.0,398
2023-05-11 09:39:38,OP90002111,深证100ETF购12月3000,0.0,0.0,0.0,0.0,53,0.1234,0.1262,3,0.1171,0.1254,0.0,0.0,0.0,0.0,398
2023-05-11 09:39:39,OP90002111,深证100ETF购12月3000,0.0,0.0,0.0,0.0,53,0.1234,0.1262,3,0.1171,0.1254,0.0,0.0,0.0,0.0,398
2023-05-11 09:39:40,OP90002111,深证100ETF购12月3000,0.0,0.0,0.0,0.0,53,0.1234,0.1262,3,0.1171,0.1254,0.0,0.0,0.0,0.0,398
2023-05-11 09:39:41,OP90002111,深证100ETF购12月3000,0.0,0.0,0.0,0.0,53,0.1234,0.1262,3,0.1171,0.1254,0.0,0.0,0.0,0.0,398
2023-05-11 09:39:43,OP90002111,深证100ETF购12月3000,0.0,0.0,0.0,0.0,53,0.1234,0.1262,3,0.1171,0.1254,0.0,0.0,0.0,0.0,398
2023-05-11 09:39:44,OP90002111,深证100ETF购12月3000,0.0,0.0,0.0,0.0,53,0.1234,0.1262,3,0.1171,0.1254,0.0,0.0,0.0,0.0,398
2023-05-11 09:39:45,OP90002111,深证100ETF购12月3000,0.0,0.0,0.0,0.0,10,0.1237,0.1262,3,0.1171,0.1254,0.0,0.0,0.0,0.0,398
2023-05-11 09:39:46,OP90002111,深证100ETF购12月3000,0.0,0.0,0.0,0.0,3,0.1238,0.1262,3,0.1171,0.1254,0.0,0.0,0.0,0.0,398
2023-05-11 09:39:46,OP90002111,深证100ETF购12月3000,0.0,0.0,0.0,0.0,33,0.1238,0.1262,3,0.1171,0.1254,0.0,0.0,0.0,0.0,398
2023-05-11 09:39:47,OP90002111,深证100ETF购12月3000,0.0,0.0,0.0,0.0,33,0.1238,0.1262,3,0.1171,0.1254,0.0,0.0,0.0,0.0,398
2023-05-11 09:39:47,OP90002111,深证100ETF购12月3000,0.0,0.0,0.0,0.0,53,0.1238,0.1262,3,0.1171,0.1254,0.0,0.0,0.0,0.0,398
2023-05-11 09:39:48,OP90002111,深证100ETF购12月3000,0.0,0.0,0.0,0.0,53,0.1238,0.1262,3,0.1171,0.1254,0.0,0.0,0.0,0.0,398
2023-05-11 09:39:49,OP90002111,深证100ETF购12月3000,0.0,0.0,0.0,0.0,50,0.1238,0.1262,3,0.1171,0.1254,0.0,0.0,0.0,0.0,398
2023-05-11 09:39:49,OP90002111,深证100ETF购12月3000,0.0,0.0,0.0,0.0,30,0.1238,0.1262,3,0.1171,0.1254,0.0,0.0,0.0,0.0,398
2023-05-11 09:39:52,OP90002111,深证100ETF购12月3000,0.0,0.0,0.0,0.0,20,0.1238,0.1262,3,0.1171,0.1254,0.0,0.0,0.0,0.0,398
2023-05-11 09:39:52,OP90002111,深证100ETF购12月3000,0.0,0.0,0.0,0.0,20,0.1238,0.1262,3,0.1171,0.1254,0.0,0.0,0.0,0.0,398
2023-05-11 09:39:53,OP90002111,深证100ETF购12月3000,0.0,0.0,0.0,0.0,20,0.1238,0.1262,3,0.1171,0.1254,0.0,0.0,0.0,0.0,398
2023-05-11 09:39:54,OP90002111,深证100ETF购12月3000,0.0,0.0,0.0,0.0,30,0.1238,0.1262,3,0.1171,0.1254,0.0,0.0,0.0,0.0,398
2023-05-11 09:39:56,OP90002111,深证100ETF购12月3000,0.0,0.0,0.0,0.0,30,0.1238,0.1262,3,0.1171,0.1254,0.0,0.0,0.0,0.0,398
2023-05-11 09:39:57,OP90002111,深证100ETF购12月3000,0.0,0.0,0.0,0.0,30,0.1238,0.1262,3,0.1171,0.1254,0.0,0.0,0.0,0.0,398
2023-05-11 09:39:57,OP90002111,深证100ETF购12月3000,0.0,0.0,0.0,0.0,30,0.1238,0.1262,3,0.1171,0.1254,0.0,0.0,0.0,0.0,398
2023-05-11 09:39:58,OP90002111,深证100ETF购12月3000,0.0,0.0,0.0,0.0,30,0.1238,0.1262,3,0.1171,0.1254,0.0,0.0,0.0,0.0,398
2023-05-11 09:40:00,OP90002111,深证100ETF购12月3000,0.0,0.0,0.0,0.0,30,0.1238,0.1262,3,0.1171,0.1254,0.0,0.0,0.0,0.0,398
2023-05-11 09:40:00,OP90002111,深证100ETF购12月3000,0.0,0.0,0.0,0.0,33,0.1238,0.1262,3,0.1171,0.1254,0.0,0.0,0.0,0.0,398
2023-05-11 09:40:01,OP90002111,深证100ETF购12月3000,0.0,0.0,0.0,0.0,33,0.1238,0.1263,1,0.1171,0.1254,0.0,0.0,0.0,0.0,398
2023-05-11 09:40:02,OP90002111,深证100ETF购12月3000,0.0,0.0,0.0,0.0,33,0.1238,0.1263,4,0.1171,0.1254,0.0,0.0,0.0,0.0,398
2023-05-11 09:40:02,OP90002111,深证100ETF购12月3000,0.0,0.0,0.0,0.0,33,0.1238,0.1263,4,0.1171,0.1254,0.0,0.0,0.0,0.0,398
2023-05-11 09:40:03,OP90002111,深证100ETF购12月3000,0.0,0.0,0.0,0.0,33,0.1238,0.1263,4,0.1171,0.1254,0.0,0.0,0.0,0.0,398
2023-05-11 09:40:03,OP90002111,深证100ETF购12月3000,0.0,0.0,0.0,0.0,33,0.1238,0.1263,4,0.1171,0.1254,0.0,0.0,0.0,0.0,398
2023-05-11 09:40:04,OP90002111,深证100ETF购12月3000,0.0,0.0,0.0,0.0,33,0.1238,0.1263,4,0.1171,0.1254,0.0,0.0,0.0,0.0,398
2023-05-11 09:40:04,OP90002111,深证100ETF购12月3000,0.0,0.0,0.0,0.0,30,0.1238,0.1263,4,0.1171,0.1254,0.0,0.0,0.0,0.0,398
2023-05-11 09:40:05,OP90002111,深证100ETF购12月3000,0.0,0.0,0.0,0.0,33,0.1238,0.1263,4,0.1171,0.1254,0.0,0.0,0.0,0.0,398
2023-05-11 09:40:05,OP90002111,深证100ETF购12月3000,0.0,0.0,0.0,0.0,33,0.1238,0.1263,4,0.1171,0.1254,0.0,0.0,0.0,0.0,398
2023-05-11 09:40:06,OP90002111,深证100ETF购12月3000,0.0,0.0,0.0,0.0,30,0.1238,0.1263,4,0.1171,0.1254,0.0,0.0,0.0,0.0,398
2023-05-11 09:40:06,OP90002111,深证100ETF购12月3000,0.0,0.0,0.0,0.0,30,0.1238,0.1263,4,0.1171,0.1254,0.0,0.0,0.0,0.0,398
2023-05-11 09:40:07,OP90002111,深证100ETF购12月3000,0.0,0.0,0.0,0.0,33,0.1238,0.1263,4,0.1171,0.1254,0.0,0.0,0.0,0.0,398
2023-05-11 09:40:07,OP90002111,深证100ETF购12月3000,0.0,0.0,0.0,0.0,33,0.1238,0.1263,4,0.1171,0.1254,0.0,0.0,0.0,0.0,398
2023-05-11 09:40:08,OP90002111,深证100ETF购12月3000,0.0,0.0,0.0,0.0,33,0.1238,0.1263,4,0.1171,0.1254,0.0,0.0,0.0,0.0,398
2023-05-11 09:40:08,OP90002111,深证100ETF购12月3000,0.0,0.0,0.0,0.0,33,0.1238,0.1262,1,0.1171,0.1254,0.0,0.0,0.0,0.0,398
2023-05-11 09:40:09,OP90002111,深证100ETF购12月3000,0.0,0.0,0.0,0.0,33,0.1238,0.1262,1,0.1171,0.1254,0.0,0.0,0.0,0.0,398
2023-05-11 09:40:10,OP90002111,深证100ETF购12月3000,0.0,0.0,0.0,0.0,30,0.1238,0.1262,1,0.1171,0.1254,0.0,0.0,0.0,0.0,398
2023-05-11 09:40:10,OP90002111,深证100ETF购12月3000,0.0,0.0,0.0,0.0,30,0.1238,0.1261,3,0.1171,0.1254,0.0,0.0,0.0,0.0,398
2023-05-11 09:40:11,OP90002111,深证100ETF购12月3000,0.0,0.0,0.0,0.0,30,0.1238,0.1261,3,0.1171,0.1254,0.0,0.0,0.0,0.0,398
2023-05-11 09:40:11,OP90002111,深证100ETF购12月3000,0.0,0.0,0.0,0.0,30,0.1238,0.1261,3,0.1171,0.1254,0.0,0.0,0.0,0.0,398
2023-05-11 09:40:12,OP90002111,深证100ETF购12月3000,0.0,0.0,0.0,0.0,30,0.1238,0.1261,3,0.1171,0.1254,0.0,0.0,0.0,0.0,398
2023-05-11 09:40:13,OP90002111,深证100ETF购12月3000,0.0,0.0,0.0,0.0,30,0.1238,0.1261,3,0.1171,0.1254,0.0,0.0,0.0,0.0,398
2023-05-11 09:40:14,OP90002111,深证100ETF购12月3000,0.0,0.0,0.0,0.0,30,0.1238,0.1261,3,0.1171,0.1254,0.0,0.0,0.0,0.0,398
2023-05-11 09:40:14,OP90002111,深证100ETF购12月3000,0.0,0.0,0.0,0.0,33,0.1238,0.1261,3,0.1171,0.1254,0.0,0.0,0.0,0.0,398
2023-05-11 09:40:15,OP90002111,深证100ETF购12月3000,0.0,0.0,0.0,0.0,33,0.1238,0.1262,1,0.1171,0.1254,0.0,0.0,0.0,0.0,398
2023-05-11 09:40:16,OP90002111,深证100ETF购12月3000,0.0,0.0,0.0,0.0,33,0.1238,0.1262,4,0.1171,0.1254,0.0,0.0,0.0,0.0,398
2023-05-11 09:40:16,OP90002111,深证100ETF购12月3000,0.0,0.0,0.0,0.0,33,0.1238,0.1262,4,0.1171,0.1254,0.0,0.0,0.0,0.0,398
2023-05-11 09:40:17,OP90002111,深证100ETF购12月3000,0.0,0.0,0.0,0.0,33,0.1238,0.1262,4,0.1171,0.1254,0.0,0.0,0.0,0.0,398
2023-05-11 09:40:17,OP90002111,深证100ETF购12月3000,0.0,0.0,0.0,0.0,33,0.1238,0.1262,1,0.1171,0.1254,0.0,0.0,0.0,0.0,398
2023-05-11 09:40:18,OP90002111,深证100ETF购12月3000,0.0,0.0,0.0,0.0,33,0.1238,0.1262,4,0.1171,0.1254,0.0,0.0,0.0,0.0,398
2023-05-11 09:40:18,OP90002111,深证100ETF购12月3000,0.0,0.0,0.0,0.0,33,0.1238,0.1261,1,0.1171,0.1254,0.0,0.0,0.0,0.0,398
2023-05-11 09:40:19,OP90002111,深证100ETF购12月3000,0.0,0.0,0.0,0.0,33,0.1238,0.1261,1,0.1171,0.1254,0.0,0.0,0.0,0.0,398
2023-05-11 09:40:19,OP90002111,深证100ETF购12月3000,0.0,0.0,0.0,0.0,33,0.1238,0.1261,1,0.1171,0.1254,0.0,0.0,0.0,0.0,398
2023-05-11 09:40:20,OP90002111,深证100ETF购12月3000,0.0,0.0,0.0,0.0,33,0.1238,0.1261,1,0.1171,0.1254,0.0,0.0,0.0,0.0,398
2023-05-11 09:40:20,OP90002111,深证100ETF购12月3000,0.0,0.0,0.0,0.0,33,0.1238,0.1261,1,0.1171,0.1254,0.0,0.0,0.0,0.0,398
2023-05-11 09:40:24,OP90002111,深证100ETF购12月3000,0.0,0.0,0.0,0.0,53,0.1238,0.1261,1,0.1171,0.1254,0.0,0.0,0.0,0.0,398
2023-05-11 09:40:24,OP90002111,深证100ETF购12月3000,0.0,0.0,0.0,0.0,53,0.1238,0.1261,1,0.1171,0.1254,0.0,0.0,0.0,0.0,398
2023-05-11 09:40:25,OP90002111,深证100ETF购12月3000,0.0,0.0,0.0,0.0,53,0.1238,0.1261,1,0.1171,0.1254,0.0,0.0,0.0,0.0,398
2023-05-11 09:40:25,OP90002111,深证100ETF购12月3000,0.0,0.0,0.0,0.0,50,0.1238,0.1261,4,0.1171,0.1254,0.0,0.0,0.0,0.0,398
2023-05-11 09:40:26,OP90002111,深证100ETF购12月3000,0.0,0.0,0.0,0.0,50,0.1238,0.1261,4,0.1171,0.1254,0.0,0.0,0.0,0.0,398
2023-05-11 09:40:26,OP90002111,深证100ETF购12月3000,0.0,0.0,0.0,0.0,53,0.1238,0.1261,4,0.1171,0.1254,0.0,0.0,0.0,0.0,398
2023-05-11 09:40:27,OP90002111,深证100ETF购12月3000,0.0,0.0,0.0,0.0,53,0.1238,0.1261,4,0.1171,0.1254,0.0,0.0,0.0,0.0,398
2023-05-11 09:40:27,OP90002111,深证100ETF购12月3000,0.0,0.0,0.0,0.0,50,0.1238,0.1261,4,0.1171,0.1254,0.0,0.0,0.0,0.0,398
2023-05-11 09:40:28,OP90002111,深证100ETF购12月3000,0.0,0.0,0.0,0.0,50,0.1238,0.1261,4,0.1171,0.1254,0.0,0.0,0.0,0.0,398
2023-05-11 09:40:29,OP90002111,深证100ETF购12月3000,0.0,0.0,0.0,0.0,50,0.1238,0.126,1,0.1171,0.1254,0.0,0.0,0.0,0.0,398
2023-05-11 09:40:29,OP90002111,深证100ETF购12月3000,0.0,0.0,0.0,0.0,50,0.1238,0.126,1,0.1171,0.1254,0.0,0.0,0.0,0.0,398
2023-05-11 09:40:30,OP90002111,深证100ETF购12月3000,0.0,0.0,0.0,0.0,50,0.1238,0.126,4,0.1171,0.1254,0.0,0.0,0.0,0.0,398
2023-05-11 09:40:31,OP90002111,深证100ETF购12月3000,0.0,0.0,0.0,0.0,50,0.1238,0.126,4,0.1171,0.1254,0.0,0.0,0.0,0.0,398
2023-05-11 09:40:32,OP90002111,深证100ETF购12月3000,0.0,0.0,0.0,0.0,50,0.1238,0.126,4,0.1171,0.1254,0.0,0.0,0.0,0.0,398
2023-05-11 09:40:32,OP90002111,深证100ETF购12月3000,0.0,0.0,0.0,0.0,50,0.1238,0.126,4,0.1171,0.1254,0.0,0.0,0.0,0.0,398
2023-05-11 09:40:33,OP90002111,深证100ETF购12月3000,0.0,0.0,0.0,0.0,50,0.1238,0.126,4,0.1171,0.1254,0.0,0.0,0.0,0.0,398
2023-05-11 09:40:33,OP90002111,深证100ETF购12月3000,0.0,0.0,0.0,0.0,50,0.1238,0.126,4,0.1171,0.1254,0.0,0.0,0.0,0.0,398
2023-05-11 09:40:34,OP90002111,深证100ETF购12月3000,0.0,0.0,0.0,0.0,50,0.1238,0.126,4,0.1171,0.1254,0.0,0.0,0.0,0.0,398
2023-05-11 09:40:34,OP90002111,深证100ETF购12月3000,0.0,0.0,0.0,0.0,50,0.1238,0.126,4,0.1171,0.1254,0.0,0.0,0.0,0.0,398
2023-05-11 09:40:36,OP90002111,深证100ETF购12月3000,0.0,0.0,0.0,0.0,50,0.1238,0.126,4,0.1171,0.1254,0.0,0.0,0.0,0.0,398
2023-05-11 09:40:37,OP90002111,深证100ETF购12月3000,0.0,0.0,0.0,0.0,50,0.1238,0.126,4,0.1171,0.1254,0.0,0.0,0.0,0.0,398
2023-05-11 09:40:38,OP90002111,深证100ETF购12月3000,0.0,0.0,0.0,0.0,50,0.1238,0.126,4,0.1171,0.1254,0.0,0.0,0.0,0.0,398
2023-05-11 09:40:38,OP90002111,深证100ETF购12月3000,0.0,0.0,0.0,0.0,50,0.1238,0.126,4,0.1171,0.1254,0.0,0.0,0.0,0.0,398
2023-05-11 09:40:39,OP90002111,深证100ETF购12月3000,0.0,0.0,0.0,0.0,50,0.1238,0.126,4,0.1171,0.1254,0.0,0.0,0.0,0.0,398
2023-05-11 09:40:39,OP90002111,深证100ETF购12月3000,0.0,0.0,0.0,0.0,50,0.1238,0.126,4,0.1171,0.1254,0.0,0.0,0.0,0.0,398
2023-05-11 09:40:41,OP90002111,深证100ETF购12月3000,0.0,0.0,0.0,0.0,50,0.1238,0.126,4,0.1171,0.1254,0.0,0.0,0.0,0.0,398
2023-05-11 09:40:42,OP90002111,深证100ETF购12月3000,0.0,0.0,0.0,0.0,50,0.1238,0.126,4,0.1171,0.1254,0.0,0.0,0.0,0.0,398
2023-05-11 09:40:42,OP90002111,深证100ETF购12月3000,0.0,0.0,0.0,0.0,50,0.1238,0.126,4,0.1171,0.1254,0.0,0.0,0.0,0.0,398
2023-05-11 09:40:44,OP90002111,深证100ETF购12月3000,0.0,0.0,0.0,0.0,50,0.1238,0.126,4,0.1171,0.1254,0.0,0.0,0.0,0.0,398
2023-05-11 09:40:45,OP90002111,深证100ETF购12月3000,0.0,0.0,0.0,0.0,50,0.1238,0.126,4,0.1171,0.1254,0.0,0.0,0.0,0.0,398
2023-05-11 09:40:47,OP90002111,深证100ETF购12月3000,0.0,0.0,0.0,0.0,50,0.1238,0.126,4,0.1171,0.1254,0.0,0.0,0.0,0.0,398
2023-05-11 09:40:47,OP90002111,深证100ETF购12月3000,0.0,0.0,0.0,0.0,50,0.1238,0.126,4,0.1171,0.1254,0.0,0.0,0.0,0.0,398
2023-05-11 09:40:48,OP90002111,深证100ETF购12月3000,0.0,0.0,0.0,0.0,50,0.1238,0.126,4,0.1171,0.1254,0.0,0.0,0.0,0.0,398
2023-05-11 09:40:48,OP90002111,深证100ETF购12月3000,0.0,0.0,0.0,0.0,50,0.1238,0.126,4,0.1171,0.1254,0.0,0.0,0.0,0.0,398
2023-05-11 09:40:49,OP90002111,深证100ETF购12月3000,0.0,0.0,0.0,0.0,50,0.1238,0.126,4,0.1171,0.1254,0.0,0.0,0.0,0.0,398
2023-05-11 09:40:50,OP90002111,深证100ETF购12月3000,0.0,0.0,0.0,0.0,50,0.1238,0.126,4,0.1171,0.1254,0.0,0.0,0.0,0.0,398
2023-05-11 09:40:50,OP90002111,深证100ETF购12月3000,0.0,0.0,0.0,0.0,50,0.1238,0.126,3,0.1171,0.1254,0.0,0.0,0.0,0.0,398
2023-05-11 09:40:52,OP90002111,深证100ETF购12月3000,0.0,0.0,0.0,0.0,50,0.1238,0.126,3,0.1171,0.1254,0.0,0.0,0.0,0.0,398
2023-05-11 09:40:53,OP90002111,深证100ETF购12月3000,0.0,0.0,0.0,0.0,50,0.1238,0.126,3,0.1171,0.1254,0.0,0.0,0.0,0.0,398
2023-05-11 09:40:54,OP90002111,深证100ETF购12月3000,0.0,0.0,0.0,0.0,50,0.1238,0.126,3,0.1171,0.1254,0.0,0.0,0.0,0.0,398
2023-05-11 09:40:55,OP90002111,深证100ETF购12月3000,0.0,0.0,0.0,0.0,50,0.1238,0.1263,1,0.1171,0.1254,0.0,0.0,0.0,0.0,398
2023-05-11 09:40:56,OP90002111,深证100ETF购12月3000,0.0,0.0,0.0,0.0,53,0.1238,0.1262,3,0.1171,0.1254,0.0,0.0,0.0,0.0,398
2023-05-11 09:40:56,OP90002111,深证100ETF购12月3000,0.0,0.0,0.0,0.0,53,0.1238,0.1262,3,0.1171,0.1254,0.0,0.0,0.0,0.0,398
2023-05-11 09:40:57,OP90002111,深证100ETF购12月3000,0.0,0.0,0.0,0.0,53,0.1238,0.1262,3,0.1171,0.1254,0.0,0.0,0.0,0.0,398
2023-05-11 09:40:58,OP90002111,深证100ETF购12月3000,0.0,0.0,0.0,0.0,53,0.1238,0.1262,3,0.1171,0.1254,0.0,0.0,0.0,0.0,398
2023-05-11 09:40:59,OP90002111,深证100ETF购12月3000,0.0,0.0,0.0,0.0,53,0.1238,0.1262,3,0.1171,0.1254,0.0,0.0,0.0,0.0,398
2023-05-11 09:41:00,OP90002111,深证100ETF购12月3000,0.0,0.0,0.0,0.0,53,0.1238,0.1262,3,0.1171,0.1254,0.0,0.0,0.0,0.0,398
2023-05-11 09:41:03,OP90002111,深证100ETF购12月3000,0.0,0.0,0.0,0.0,53,0.1238,0.1262,4,0.1171,0.1254,0.0,0.0,0.0,0.0,398
2023-05-11 09:41:05,OP90002111,深证100ETF购12月3000,0.0,0.0,0.0,0.0,43,0.1238,0.1262,4,0.1171,0.1254,0.0,0.0,0.0,0.0,398
2023-05-11 09:41:05,OP90002111,深证100ETF购12月3000,0.0,0.0,0.0,0.0,40,0.1238,0.1262,4,0.1171,0.1254,0.0,0.0,0.0,0.0,398
2023-05-11 09:41:06,OP90002111,深证100ETF购12月3000,0.0,0.0,0.0,0.0,40,0.1238,0.1262,4,0.1171,0.1254,0.0,0.0,0.0,0.0,398
2023-05-11 09:41:06,OP90002111,深证100ETF购12月3000,0.0,0.0,0.0,0.0,40,0.1238,0.1262,4,0.1171,0.1254,0.0,0.0,0.0,0.0,398
2023-05-11 09:41:07,OP90002111,深证100ETF购12月3000,0.0,0.0,0.0,0.0,40,0.1238,0.1262,4,0.1171,0.1254,0.0,0.0,0.0,0.0,398
2023-05-11 09:41:07,OP90002111,深证100ETF购12月3000,0.0,0.0,0.0,0.0,40,0.1238,0.1262,4,0.1171,0.1254,0.0,0.0,0.0,0.0,398
2023-05-11 09:41:08,OP90002111,深证100ETF购12月3000,0.0,0.0,0.0,0.0,50,0.1238,0.1262,34,0.1171,0.1254,0.0,0.0,0.0,0.0,398
2023-05-11 09:41:09,OP90002111,深证100ETF购12月3000,0.0,0.0,0.0,0.0,50,0.1238,0.1262,14,0.1171,0.1254,0.0,0.0,0.0,0.0,398
2023-05-11 09:41:09,OP90002111,深证100ETF购12月3000,0.0,0.0,0.0,0.0,40,0.1238,0.1262,14,0.1171,0.1254,0.0,0.0,0.0,0.0,398
2023-05-11 09:41:10,OP90002111,深证100ETF购12月3000,0.0,0.0,0.0,0.0,40,0.1238,0.1262,24,0.1171,0.1254,0.0,0.0,0.0,0.0,398
2023-05-11 09:41:10,OP90002111,深证100ETF购12月3000,0.0,0.0,0.0,0.0,40,0.1238,0.1262,14,0.1171,0.1254,0.0,0.0,0.0,0.0,398
2023-05-11 09:41:11,OP90002111,深证100ETF购12月3000,0.0,0.0,0.0,0.0,40,0.1238,0.1262,14,0.1171,0.1254,0.0,0.0,0.0,0.0,398
2023-05-11 09:41:11,OP90002111,深证100ETF购12月3000,0.0,0.0,0.0,0.0,40,0.1238,0.1262,14,0.1171,0.1254,0.0,0.0,0.0,0.0,398
2023-05-11 09:41:12,OP90002111,深证100ETF购12月3000,0.0,0.0,0.0,0.0,40,0.1238,0.1261,10,0.1171,0.1254,0.0,0.0,0.0,0.0,398
2023-05-11 09:41:13,OP90002111,深证100ETF购12月3000,0.0,0.0,0.0,0.0,40,0.1238,0.126,3,0.1171,0.1254,0.0,0.0,0.0,0.0,398
2023-05-11 09:41:13,OP90002111,深证100ETF购12月3000,0.0,0.0,0.0,0.0,40,0.1238,0.126,13,0.1171,0.1254,0.0,0.0,0.0,0.0,398
2023-05-11 09:41:14,OP90002111,深证100ETF购12月3000,0.0,0.0,0.0,0.0,40,0.1238,0.126,13,0.1171,0.1254,0.0,0.0,0.0,0.0,398
2023-05-11 09:41:14,OP90002111,深证100ETF购12月3000,0.0,0.0,0.0,0.0,40,0.1238,0.126,13,0.1171,0.1254,0.0,0.0,0.0,0.0,398
2023-05-11 09:41:15,OP90002111,深证100ETF购12月3000,0.0,0.0,0.0,0.0,40,0.1238,0.126,13,0.1171,0.1254,0.0,0.0,0.0,0.0,398
2023-05-11 09:41:15,OP90002111,深证100ETF购12月3000,0.0,0.0,0.0,0.0,40,0.1238,0.126,13,0.1171,0.1254,0.0,0.0,0.0,0.0,398
2023-05-11 09:41:16,OP90002111,深证100ETF购12月3000,0.0,0.0,0.0,0.0,40,0.1238,0.126,13,0.1171,0.1254,0.0,0.0,0.0,0.0,398
2023-05-11 09:41:16,OP90002111,深证100ETF购12月3000,0.0,0.0,0.0,0.0,40,0.1238,0.126,13,0.1171,0.1254,0.0,0.0,0.0,0.0,398
2023-05-11 09:41:18,OP90002111,深证100ETF购12月3000,0.0,0.0,0.0,0.0,40,0.1238,0.126,13,0.1171,0.1254,0.0,0.0,0.0,0.0,398
2023-05-11 09:41:19,OP90002111,深证100ETF购12月3000,0.0,0.0,0.0,0.0,40,0.1238,0.1259,10,0.1171,0.1254,0.0,0.0,0.0,0.0,398
2023-05-11 09:41:19,OP90002111,深证100ETF购12月3000,0.0,0.0,0.0,0.0,20,0.1238,0.1258,3,0.1171,0.1254,0.0,0.0,0.0,0.0,398
2023-05-11 09:41:20,OP90002111,深证100ETF购12月3000,0.0,0.0,0.0,0.0,40,0.1235,0.1257,10,0.1171,0.1254,0.0,0.0,0.0,0.0,398
2023-05-11 09:41:20,OP90002111,深证100ETF购12月3000,0.0,0.0,0.0,0.0,40,0.1235,0.1256,3,0.1171,0.1254,0.0,0.0,0.0,0.0,398
2023-05-11 09:41:21,OP90002111,深证100ETF购12月3000,0.0,0.0,0.0,0.0,40,0.1235,0.1256,3,0.1171,0.1254,0.0,0.0,0.0,0.0,398
2023-05-11 09:41:21,OP90002111,深证100ETF购12月3000,0.0,0.0,0.0,0.0,40,0.1235,0.1256,3,0.1171,0.1254,0.0,0.0,0.0,0.0,398
2023-05-11 09:41:23,OP90002111,深证100ETF购12月3000,0.0,0.0,0.0,0.0,40,0.1235,0.1256,3,0.1171,0.1254,0.0,0.0,0.0,0.0,398
2023-05-11 09:41:26,OP90002111,深证100ETF购12月3000,0.0,0.0,0.0,0.0,40,0.1235,0.1257,10,0.1171,0.1254,0.0,0.0,0.0,0.0,398
2023-05-11 09:41:26,OP90002111,深证100ETF购12月3000,0.0,0.0,0.0,0.0,40,0.1235,0.1257,3,0.1171,0.1254,0.0,0.0,0.0,0.0,398
2023-05-11 09:41:27,OP90002111,深证100ETF购12月3000,0.0,0.0,0.0,0.0,40,0.1235,0.1257,13,0.1171,0.1254,0.0,0.0,0.0,0.0,398
2023-05-11 09:41:27,OP90002111,深证100ETF购12月3000,0.0,0.0,0.0,0.0,43,0.1235,0.1257,10,0.1171,0.1254,0.0,0.0,0.0,0.0,398
2023-05-11 09:41:28,OP90002111,深证100ETF购12月3000,0.0,0.0,0.0,0.0,40,0.1235,0.1257,3,0.1171,0.1254,0.0,0.0,0.0,0.0,398
2023-05-11 09:41:28,OP90002111,深证100ETF购12月3000,0.0,0.0,0.0,0.0,40,0.1235,0.1257,13,0.1171,0.1254,0.0,0.0,0.0,0.0,398
2023-05-11 09:41:29,OP90002111,深证100ETF购12月3000,0.0,0.0,0.0,0.0,40,0.1235,0.1257,13,0.1171,0.1254,0.0,0.0,0.0,0.0,398
2023-05-11 09:41:30,OP90002111,深证100ETF购12月3000,0.0,0.0,0.0,0.0,43,0.1235,0.1257,10,0.1171,0.1254,0.0,0.0,0.0,0.0,398
2023-05-11 09:41:30,OP90002111,深证100ETF购12月3000,0.0,0.0,0.0,0.0,43,0.1235,0.1261,10,0.1171,0.1254,0.0,0.0,0.0,0.0,398
2023-05-11 09:41:31,OP90002111,深证100ETF购12月3000,0.0,0.0,0.0,0.0,43,0.1235,0.126,3,0.1171,0.1254,0.0,0.0,0.0,0.0,398
2023-05-11 09:41:31,OP90002111,深证100ETF购12月3000,0.0,0.0,0.0,0.0,43,0.1235,0.1259,10,0.1171,0.1254,0.0,0.0,0.0,0.0,398
2023-05-11 09:41:32,OP90002111,深证100ETF购12月3000,0.0,0.0,0.0,0.0,43,0.1235,0.1258,3,0.1171,0.1254,0.0,0.0,0.0,0.0,398
2023-05-11 09:41:32,OP90002111,深证100ETF购12月3000,0.0,0.0,0.0,0.0,43,0.1235,0.1257,10,0.1171,0.1254,0.0,0.0,0.0,0.0,398
2023-05-11 09:41:33,OP90002111,深证100ETF购12月3000,0.0,0.0,0.0,0.0,43,0.1235,0.1261,10,0.1171,0.1254,0.0,0.0,0.0,0.0,398
2023-05-11 09:41:33,OP90002111,深证100ETF购12月3000,0.0,0.0,0.0,0.0,43,0.1235,0.126,3,0.1171,0.1254,0.0,0.0,0.0,0.0,398
2023-05-11 09:41:34,OP90002111,深证100ETF购12月3000,0.0,0.0,0.0,0.0,43,0.1235,0.1259,10,0.1171,0.1254,0.0,0.0,0.0,0.0,398
2023-05-11 09:41:34,OP90002111,深证100ETF购12月3000,0.0,0.0,0.0,0.0,43,0.1235,0.1259,13,0.1171,0.1254,0.0,0.0,0.0,0.0,398
2023-05-11 09:41:35,OP90002111,深证100ETF购12月3000,0.0,0.0,0.0,0.0,43,0.1235,0.1258,10,0.1171,0.1254,0.0,0.0,0.0,0.0,398
2023-05-11 09:41:35,OP90002111,深证100ETF购12月3000,0.0,0.0,0.0,0.0,43,0.1235,0.1258,13,0.1171,0.1254,0.0,0.0,0.0,0.0,398
2023-05-11 09:41:36,OP90002111,深证100ETF购12月3000,0.0,0.0,0.0,0.0,43,0.1235,0.1257,10,0.1171,0.1254,0.0,0.0,0.0,0.0,398
2023-05-11 09:41:36,OP90002111,深证100ETF购12月3000,0.0,0.0,0.0,0.0,43,0.1235,0.1257,10,0.1171,0.1254,0.0,0.0,0.0,0.0,398
2023-05-11 09:41:38,OP90002111,深证100ETF购12月3000,0.0,0.0,0.0,0.0,43,0.1235,0.1257,10,0.1171,0.1254,0.0,0.0,0.0,0.0,398
2023-05-11 09:41:38,OP90002111,深证100ETF购12月3000,0.0,0.0,0.0,0.0,43,0.1235,0.1257,10,0.1171,0.1254,0.0,0.0,0.0,0.0,398
2023-05-11 09:41:39,OP90002111,深证100ETF购12月3000,0.0,0.0,0.0,0.0,43,0.1235,0.1257,10,0.1171,0.1254,0.0,0.0,0.0,0.0,398
2023-05-11 09:41:40,OP90002111,深证100ETF购12月3000,0.0,0.0,0.0,0.0,43,0.1235,0.1257,10,0.1171,0.1254,0.0,0.0,0.0,0.0,398
2023-05-11 09:41:40,OP90002111,深证100ETF购12月3000,0.0,0.0,0.0,0.0,43,0.1235,0.1257,10,0.1171,0.1254,0.0,0.0,0.0,0.0,398
2023-05-11 09:41:41,OP90002111,深证100ETF购12月3000,0.0,0.0,0.0,0.0,43,0.1235,0.1257,10,0.1171,0.1254,0.0,0.0,0.0,0.0,398
2023-05-11 09:41:42,OP90002111,深证100ETF购12月3000,0.0,0.0,0.0,0.0,43,0.1235,0.1261,10,0.1171,0.1254,0.0,0.0,0.0,0.0,398
2023-05-11 09:41:42,OP90002111,深证100ETF购12月3000,0.0,0.0,0.0,0.0,43,0.1235,0.126,3,0.1171,0.1254,0.0,0.0,0.0,0.0,398
2023-05-11 09:41:43,OP90002111,深证100ETF购12月3000,0.0,0.0,0.0,0.0,43,0.1235,0.1259,10,0.1171,0.1254,0.0,0.0,0.0,0.0,398
2023-05-11 09:41:43,OP90002111,深证100ETF购12月3000,0.0,0.0,0.0,0.0,43,0.1235,0.1258,3,0.1171,0.1254,0.0,0.0,0.0,0.0,398
2023-05-11 09:41:44,OP90002111,深证100ETF购12月3000,0.0,0.0,0.0,0.0,40,0.1235,0.1257,10,0.1171,0.1254,0.0,0.0,0.0,0.0,398
2023-05-11 09:41:44,OP90002111,深证100ETF购12月3000,0.0,0.0,0.0,0.0,40,0.1235,0.1257,10,0.1171,0.1254,0.0,0.0,0.0,0.0,398
2023-05-11 09:41:45,OP90002111,深证100ETF购12月3000,0.0,0.0,0.0,0.0,40,0.1235,0.1257,3,0.1171,0.1254,0.0,0.0,0.0,0.0,398
2023-05-11 09:41:45,OP90002111,深证100ETF购12月3000,0.0,0.0,0.0,0.0,40,0.1235,0.1257,13,0.1171,0.1254,0.0,0.0,0.0,0.0,398
2023-05-11 09:41:50,OP90002111,深证100ETF购12月3000,0.0,0.0,0.0,0.0,40,0.1235,0.1257,10,0.1171,0.1254,0.0,0.0,0.0,0.0,398
2023-05-11 09:41:51,OP90002111,深证100ETF购12月3000,0.0,0.0,0.0,0.0,43,0.1235,0.1257,3,0.1171,0.1254,0.0,0.0,0.0,0.0,398
2023-05-11 09:41:51,OP90002111,深证100ETF购12月3000,0.0,0.0,0.0,0.0,43,0.1235,0.1257,10,0.1171,0.1254,0.0,0.0,0.0,0.0,398
2023-05-11 09:41:52,OP90002111,深证100ETF购12月3000,0.0,0.0,0.0,0.0,43,0.1235,0.1261,10,0.1171,0.1254,0.0,0.0,0.0,0.0,398
2023-05-11 09:41:54,OP90002111,深证100ETF购12月3000,0.0,0.0,0.0,0.0,43,0.1235,0.1261,10,0.1171,0.1254,0.0,0.0,0.0,0.0,398
2023-05-11 09:41:55,OP90002111,深证100ETF购12月3000,0.0,0.0,0.0,0.0,43,0.1235,0.126,3,0.1171,0.1254,0.0,0.0,0.0,0.0,398
2023-05-11 09:41:55,OP90002111,深证100ETF购12月3000,0.0,0.0,0.0,0.0,43,0.1235,0.1259,10,0.1171,0.1254,0.0,0.0,0.0,0.0,398
2023-05-11 09:41:56,OP90002111,深证100ETF购12月3000,0.0,0.0,0.0,0.0,43,0.1235,0.1259,10,0.1171,0.1254,0.0,0.0,0.0,0.0,398
2023-05-11 09:41:56,OP90002111,深证100ETF购12月3000,0.0,0.0,0.0,0.0,43,0.1235,0.1261,10,0.1171,0.1254,0.0,0.0,0.0,0.0,398
2023-05-11 09:41:57,OP90002111,深证100ETF购12月3000,0.0,0.0,0.0,0.0,43,0.1235,0.126,3,0.1171,0.1254,0.0,0.0,0.0,0.0,398
2023-05-11 09:41:57,OP90002111,深证100ETF购12月3000,0.0,0.0,0.0,0.0,43,0.1235,0.1259,10,0.1171,0.1254,0.0,0.0,0.0,0.0,398
2023-05-11 09:41:58,OP90002111,深证100ETF购12月3000,0.0,0.0,0.0,0.0,43,0.1235,0.1259,10,0.1171,0.1254,0.0,0.0,0.0,0.0,398
2023-05-11 09:41:58,OP90002111,深证100ETF购12月3000,0.0,0.0,0.0,0.0,43,0.1235,0.1259,13,0.1171,0.1254,0.0,0.0,0.0,0.0,398
2023-05-11 09:41:59,OP90002111,深证100ETF购12月3000,0.0,0.0,0.0,0.0,43,0.1235,0.1258,10,0.1171,0.1254,0.0,0.0,0.0,0.0,398
2023-05-11 09:41:59,OP90002111,深证100ETF购12月3000,0.0,0.0,0.0,0.0,43,0.1235,0.1258,13,0.1171,0.1254,0.0,0.0,0.0,0.0,398
2023-05-11 09:42:00,OP90002111,深证100ETF购12月3000,0.0,0.0,0.0,0.0,43,0.1235,0.1257,10,0.1171,0.1254,0.0,0.0,0.0,0.0,398
2023-05-11 09:42:01,OP90002111,深证100ETF购12月3000,0.0,0.0,0.0,0.0,43,0.1235,0.1257,10,0.1171,0.1254,0.0,0.0,0.0,0.0,398
2023-05-11 09:42:02,OP90002111,深证100ETF购12月3000,0.0,0.0,0.0,0.0,43,0.1235,0.1261,10,0.1171,0.1254,0.0,0.0,0.0,0.0,398
2023-05-11 09:42:02,OP90002111,深证100ETF购12月3000,0.0,0.0,0.0,0.0,43,0.1235,0.126,3,0.1171,0.1254,0.0,0.0,0.0,0.0,398
2023-05-11 09:42:03,OP90002111,深证100ETF购12月3000,0.0,0.0,0.0,0.0,43,0.1235,0.1259,10,0.1171,0.1254,0.0,0.0,0.0,0.0,398
2023-05-11 09:42:03,OP90002111,深证100ETF购12月3000,0.0,0.0,0.0,0.0,43,0.1235,0.1258,3,0.1171,0.1254,0.0,0.0,0.0,0.0,398
2023-05-11 09:42:04,OP90002111,深证100ETF购12月3000,0.0,0.0,0.0,0.0,43,0.1235,0.1257,10,0.1171,0.1254,0.0,0.0,0.0,0.0,398
2023-05-11 09:42:04,OP90002111,深证100ETF购12月3000,0.0,0.0,0.0,0.0,43,0.1235,0.1261,10,0.1171,0.1254,0.0,0.0,0.0,0.0,398
2023-05-11 09:42:05,OP90002111,深证100ETF购12月3000,0.0,0.0,0.0,0.0,43,0.1235,0.126,3,0.1171,0.1254,0.0,0.0,0.0,0.0,398
2023-05-11 09:42:05,OP90002111,深证100ETF购12月3000,0.0,0.0,0.0,0.0,43,0.1235,0.1259,10,0.1171,0.1254,0.0,0.0,0.0,0.0,398
2023-05-11 09:42:06,OP90002111,深证100ETF购12月3000,0.0,0.0,0.0,0.0,43,0.1235,0.1259,10,0.1171,0.1254,0.0,0.0,0.0,0.0,398
2023-05-11 09:42:06,OP90002111,深证100ETF购12月3000,0.0,0.0,0.0,0.0,10,0.1237,0.1261,10,0.1171,0.1254,0.0,0.0,0.0,0.0,398
2023-05-11 09:42:07,OP90002111,深证100ETF购12月3000,0.0,0.0,0.0,0.0,3,0.1238,0.1261,13,0.1171,0.1254,0.0,0.0,0.0,0.0,398
2023-05-11 09:42:07,OP90002111,深证100ETF购12月3000,0.0,0.0,0.0,0.0,3,0.1238,0.126,10,0.1171,0.1254,0.0,0.0,0.0,0.0,398
2023-05-11 09:42:08,OP90002111,深证100ETF购12月3000,0.0,0.0,0.0,0.0,3,0.1238,0.126,10,0.1171,0.1254,0.0,0.0,0.0,0.0,398
2023-05-11 09:42:09,OP90002111,深证100ETF购12月3000,0.0,0.0,0.0,0.0,3,0.1238,0.126,13,0.1171,0.1254,0.0,0.0,0.0,0.0,398
2023-05-11 09:42:10,OP90002111,深证100ETF购12月3000,0.0,0.0,0.0,0.0,3,0.1238,0.1259,10,0.1171,0.1254,0.0,0.0,0.0,0.0,398
2023-05-11 09:42:10,OP90002111,深证100ETF购12月3000,0.0,0.0,0.0,0.0,10,0.1236,0.1259,10,0.1171,0.1254,0.0,0.0,0.0,0.0,398
2023-05-11 09:42:11,OP90002111,深证100ETF购12月3000,0.0,0.0,0.0,0.0,3,0.1237,0.1259,10,0.1171,0.1254,0.0,0.0,0.0,0.0,398
2023-05-11 09:42:11,OP90002111,深证100ETF购12月3000,0.0,0.0,0.0,0.0,3,0.1237,0.1261,10,0.1171,0.1254,0.0,0.0,0.0,0.0,398
2023-05-11 09:42:12,OP90002111,深证100ETF购12月3000,0.0,0.0,0.0,0.0,3,0.1237,0.1261,13,0.1171,0.1254,0.0,0.0,0.0,0.0,398
2023-05-11 09:42:12,OP90002111,深证100ETF购12月3000,0.0,0.0,0.0,0.0,3,0.1237,0.126,10,0.1171,0.1254,0.0,0.0,0.0,0.0,398
2023-05-11 09:42:13,OP90002111,深证100ETF购12月3000,0.0,0.0,0.0,0.0,3,0.1237,0.126,13,0.1171,0.1254,0.0,0.0,0.0,0.0,398
2023-05-11 09:42:14,OP90002111,深证100ETF购12月3000,0.0,0.0,0.0,0.0,3,0.1237,0.1259,10,0.1171,0.1254,0.0,0.0,0.0,0.0,398
2023-05-11 09:42:14,OP90002111,深证100ETF购12月3000,0.0,0.0,0.0,0.0,23,0.1237,0.1259,10,0.1171,0.1254,0.0,0.0,0.0,0.0,398
2023-05-11 09:42:15,OP90002111,深证100ETF购12月3000,0.0,0.0,0.0,0.0,23,0.1237,0.1259,10,0.1171,0.1254,0.0,0.0,0.0,0.0,398
2023-05-11 09:42:15,OP90002111,深证100ETF购12月3000,0.0,0.0,0.0,0.0,20,0.1237,0.1259,13,0.1171,0.1254,0.0,0.0,0.0,0.0,398
2023-05-11 09:42:16,OP90002111,深证100ETF购12月3000,0.0,0.0,0.0,0.0,20,0.1237,0.1258,10,0.1171,0.1254,0.0,0.0,0.0,0.0,398
2023-05-11 09:42:16,OP90002111,深证100ETF购12月3000,0.0,0.0,0.0,0.0,10,0.1234,0.1257,3,0.1171,0.1254,0.0,0.0,0.0,0.0,398
2023-05-11 09:42:17,OP90002111,深证100ETF购12月3000,0.0,0.0,0.0,0.0,40,0.1233,0.1256,10,0.1171,0.1254,0.0,0.0,0.0,0.0,398
2023-05-11 09:42:17,OP90002111,深证100ETF购12月3000,0.0,0.0,0.0,0.0,20,0.1233,0.1255,3,0.1171,0.1254,0.0,0.0,0.0,0.0,398
2023-05-11 09:42:18,OP90002111,深证100ETF购12月3000,0.0,0.0,0.0,0.0,20,0.1233,0.1254,10,0.1171,0.1254,0.0,0.0,0.0,0.0,398
2023-05-11 09:42:18,OP90002111,深证100ETF购12月3000,0.0,0.0,0.0,0.0,23,0.1233,0.1254,10,0.1171,0.1254,0.0,0.0,0.0,0.0,398
2023-05-11 09:42:19,OP90002111,深证100ETF购12月3000,0.0,0.0,0.0,0.0,10,0.1234,0.1256,20,0.1171,0.1254,0.0,0.0,0.0,0.0,398
2023-05-11 09:42:19,OP90002111,深证100ETF购12月3000,0.0,0.0,0.0,0.0,10,0.1234,0.1255,10,0.1171,0.1254,0.0,0.0,0.0,0.0,398
2023-05-11 09:42:20,OP90002111,深证100ETF购12月3000,0.0,0.0,0.0,0.0,10,0.1234,0.1255,10,0.1171,0.1254,0.0,0.0,0.0,0.0,398
2023-05-11 09:42:20,OP90002111,深证100ETF购12月3000,0.0,0.0,0.0,0.0,3,0.1234,0.1257,20,0.1171,0.1254,0.0,0.0,0.0,0.0,398
2023-05-11 09:42:21,OP90002111,深证100ETF购12月3000,0.0,0.0,0.0,0.0,13,0.1234,0.1256,10,0.1171,0.1254,0.0,0.0,0.0,0.0,398
2023-05-11 09:42:21,OP90002111,深证100ETF购12月3000,0.0,0.0,0.0,0.0,13,0.1234,0.1256,20,0.1171,0.1254,0.0,0.0,0.0,0.0,398
2023-05-11 09:42:22,OP90002111,深证100ETF购12月3000,0.0,0.0,0.0,0.0,13,0.1234,0.1255,10,0.1171,0.1254,0.0,0.0,0.0,0.0,398
2023-05-11 09:42:22,OP90002111,深证100ETF购12月3000,0.0,0.0,0.0,0.0,13,0.1234,0.1255,10,0.1171,0.1254,0.0,0.0,0.0,0.0,398
2023-05-11 09:42:24,OP90002111,深证100ETF购12月3000,0.0,0.0,0.0,0.0,13,0.1234,0.1255,10,0.1171,0.1254,0.0,0.0,0.0,0.0,398
2023-05-11 09:42:25,OP90002111,深证100ETF购12月3000,0.0,0.0,0.0,0.0,13,0.1234,0.1257,10,0.1171,0.1254,0.0,0.0,0.0,0.0,398
2023-05-11 09:42:25,OP90002111,深证100ETF购12月3000,0.0,0.0,0.0,0.0,3,0.1234,0.1257,10,0.1171,0.1254,0.0,0.0,0.0,0.0,398
2023-05-11 09:42:26,OP90002111,深证100ETF购12月3000,0.0,0.0,0.0,0.0,3,0.1234,0.1257,10,0.1171,0.1254,0.0,0.0,0.0,0.0,398
2023-05-11 09:42:27,OP90002111,深证100ETF购12月3000,0.0,0.0,0.0,0.0,10,0.1236,0.1257,10,0.1171,0.1254,0.0,0.0,0.0,0.0,398
2023-05-11 09:42:27,OP90002111,深证100ETF购12月3000,0.0,0.0,0.0,0.0,3,0.1237,0.1257,10,0.1171,0.1254,0.0,0.0,0.0,0.0,398
2023-05-11 09:42:28,OP90002111,深证100ETF购12月3000,0.0,0.0,0.0,0.0,3,0.1237,0.1257,10,0.1171,0.1254,0.0,0.0,0.0,0.0,398
2023-05-11 09:42:29,OP90002111,深证100ETF购12月3000,0.0,0.0,0.0,0.0,3,0.1237,0.1258,10,0.1171,0.1254,0.0,0.0,0.0,0.0,398
2023-05-11 09:42:29,OP90002111,深证100ETF购12月3000,0.0,0.0,0.0,0.0,3,0.1237,0.1259,10,0.1171,0.1254,0.0,0.0,0.0,0.0,398
2023-05-11 09:42:30,OP90002111,深证100ETF购12月3000,0.0,0.0,0.0,0.0,3,0.1237,0.1259,10,0.1171,0.1254,0.0,0.0,0.0,0.0,398
2023-05-11 09:42:30,OP90002111,深证100ETF购12月3000,0.0,0.0,0.0,0.0,3,0.1237,0.1259,10,0.1171,0.1254,0.0,0.0,0.0,0.0,398
2023-05-11 09:42:31,OP90002111,深证100ETF购12月3000,0.0,0.0,0.0,0.0,20,0.1236,0.126,10,0.1171,0.1254,0.0,0.0,0.0,0.0,398
2023-05-11 09:42:31,OP90002111,深证100ETF购12月3000,0.0,0.0,0.0,0.0,23,0.1236,0.1259,3,0.1171,0.1254,0.0,0.0,0.0,0.0,398
2023-05-11 09:42:32,OP90002111,深证100ETF购12月3000,0.0,0.0,0.0,0.0,20,0.1236,0.1258,10,0.1171,0.1254,0.0,0.0,0.0,0.0,398
2023-05-11 09:42:32,OP90002111,深证100ETF购12月3000,0.0,0.0,0.0,0.0,23,0.1236,0.1258,10,0.1171,0.1254,0.0,0.0,0.0,0.0,398
2023-05-11 09:42:33,OP90002111,深证100ETF购12月3000,0.0,0.0,0.0,0.0,43,0.1236,0.1258,10,0.1171,0.1254,0.0,0.0,0.0,0.0,398
2023-05-11 09:42:33,OP90002111,深证100ETF购12月3000,0.0,0.0,0.0,0.0,43,0.1236,0.1258,10,0.1171,0.1254,0.0,0.0,0.0,0.0,398
2023-05-11 09:42:34,OP90002111,深证100ETF购12月3000,0.0,0.0,0.0,0.0,43,0.1236,0.1259,10,0.1171,0.1254,0.0,0.0,0.0,0.0,398
2023-05-11 09:42:34,OP90002111,深证100ETF购12月3000,0.0,0.0,0.0,0.0,43,0.1236,0.1259,10,0.1171,0.1254,0.0,0.0,0.0,0.0,398
2023-05-11 09:42:35,OP90002111,深证100ETF购12月3000,0.0,0.0,0.0,0.0,43,0.1236,0.126,10,0.1171,0.1254,0.0,0.0,0.0,0.0,398
2023-05-11 09:42:35,OP90002111,深证100ETF购12月3000,0.0,0.0,0.0,0.0,43,0.1236,0.126,10,0.1171,0.1254,0.0,0.0,0.0,0.0,398
2023-05-11 09:42:36,OP90002111,深证100ETF购12月3000,0.0,0.0,0.0,0.0,43,0.1236,0.126,10,0.1171,0.1254,0.0,0.0,0.0,0.0,398
2023-05-11 09:42:38,OP90002111,深证100ETF购12月3000,0.0,0.0,0.0,0.0,43,0.1236,0.126,10,0.1171,0.1254,0.0,0.0,0.0,0.0,398
2023-05-11 09:42:40,OP90002111,深证100ETF购12月3000,0.0,0.0,0.0,0.0,43,0.1236,0.126,10,0.1171,0.1254,0.0,0.0,0.0,0.0,398
2023-05-11 09:42:41,OP90002111,深证100ETF购12月3000,0.0,0.0,0.0,0.0,43,0.1236,0.126,10,0.1171,0.1254,0.0,0.0,0.0,0.0,398
2023-05-11 09:42:42,OP90002111,深证100ETF购12月3000,0.0,0.0,0.0,0.0,43,0.1236,0.126,13,0.1171,0.1254,0.0,0.0,0.0,0.0,398
2023-05-11 09:42:42,OP90002111,深证100ETF购12月3000,0.0,0.0,0.0,0.0,43,0.1236,0.1259,10,0.1171,0.1254,0.0,0.0,0.0,0.0,398
2023-05-11 09:42:43,OP90002111,深证100ETF购12月3000,0.0,0.0,0.0,0.0,43,0.1236,0.1259,13,0.1171,0.1254,0.0,0.0,0.0,0.0,398
2023-05-11 09:42:43,OP90002111,深证100ETF购12月3000,0.0,0.0,0.0,0.0,43,0.1236,0.1258,10,0.1171,0.1254,0.0,0.0,0.0,0.0,398
2023-05-11 09:42:44,OP90002111,深证100ETF购12月3000,0.0,0.0,0.0,0.0,40,0.1236,0.1258,13,0.1171,0.1254,0.0,0.0,0.0,0.0,398
2023-05-11 09:42:44,OP90002111,深证100ETF购12月3000,0.0,0.0,0.0,0.0,43,0.1236,0.1257,10,0.1171,0.1254,0.0,0.0,0.0,0.0,398
2023-05-11 09:42:45,OP90002111,深证100ETF购12月3000,0.0,0.0,0.0,0.0,40,0.1236,0.1257,10,0.1171,0.1254,0.0,0.0,0.0,0.0,398
2023-05-11 09:42:45,OP90002111,深证100ETF购12月3000,0.0,0.0,0.0,0.0,40,0.1236,0.1257,13,0.1171,0.1254,0.0,0.0,0.0,0.0,398
2023-05-11 09:42:46,OP90002111,深证100ETF购12月3000,0.0,0.0,0.0,0.0,40,0.1236,0.1256,10,0.1171,0.1254,0.0,0.0,0.0,0.0,398
2023-05-11 09:42:46,OP90002111,深证100ETF购12月3000,0.0,0.0,0.0,0.0,40,0.1236,0.1256,13,0.1171,0.1254,0.0,0.0,0.0,0.0,398
2023-05-11 09:42:47,OP90002111,深证100ETF购12月3000,0.0,0.0,0.0,0.0,40,0.1236,0.1255,10,0.1171,0.1254,0.0,0.0,0.0,0.0,398
2023-05-11 09:42:47,OP90002111,深证100ETF购12月3000,0.0,0.0,0.0,0.0,40,0.1236,0.1255,10,0.1171,0.1254,0.0,0.0,0.0,0.0,398
2023-05-11 09:42:48,OP90002111,深证100ETF购12月3000,0.0,0.0,0.0,0.0,40,0.1236,0.1255,10,0.1171,0.1254,0.0,0.0,0.0,0.0,398
2023-05-11 09:42:48,OP90002111,深证100ETF购12月3000,0.0,0.0,0.0,0.0,40,0.1236,0.1255,10,0.1171,0.1254,0.0,0.0,0.0,0.0,398
2023-05-11 09:42:49,OP90002111,深证100ETF购12月3000,0.0,0.0,0.0,0.0,40,0.1236,0.1258,10,0.1171,0.1254,0.0,0.0,0.0,0.0,398
2023-05-11 09:42:49,OP90002111,深证100ETF购12月3000,0.0,0.0,0.0,0.0,40,0.1236,0.1257,3,0.1171,0.1254,0.0,0.0,0.0,0.0,398
2023-05-11 09:42:50,OP90002111,深证100ETF购12月3000,0.0,0.0,0.0,0.0,40,0.1236,0.1256,10,0.1171,0.1254,0.0,0.0,0.0,0.0,398
2023-05-11 09:42:50,OP90002111,深证100ETF购12月3000,0.0,0.0,0.0,0.0,40,0.1236,0.1256,13,0.1171,0.1254,0.0,0.0,0.0,0.0,398
2023-05-11 09:42:51,OP90002111,深证100ETF购12月3000,0.0,0.0,0.0,0.0,40,0.1236,0.1255,10,0.1171,0.1254,0.0,0.0,0.0,0.0,398
2023-05-11 09:42:51,OP90002111,深证100ETF购12月3000,0.0,0.0,0.0,0.0,40,0.1236,0.1255,10,0.1171,0.1254,0.0,0.0,0.0,0.0,398
2023-05-11 09:42:52,OP90002111,深证100ETF购12月3000,0.0,0.0,0.0,0.0,40,0.1236,0.1256,10,0.1171,0.1254,0.0,0.0,0.0,0.0,398
2023-05-11 09:42:52,OP90002111,深证100ETF购12月3000,0.0,0.0,0.0,0.0,40,0.1236,0.1256,13,0.1171,0.1254,0.0,0.0,0.0,0.0,398
2023-05-11 09:42:53,OP90002111,深证100ETF购12月3000,0.0,0.0,0.0,0.0,40,0.1236,0.1255,10,0.1171,0.1254,0.0,0.0,0.0,0.0,398
2023-05-11 09:42:53,OP90002111,深证100ETF购12月3000,0.0,0.0,0.0,0.0,40,0.1236,0.1256,10,0.1171,0.1254,0.0,0.0,0.0,0.0,398
2023-05-11 09:42:54,OP90002111,深证100ETF购12月3000,0.0,0.0,0.0,0.0,10,0.1238,0.1256,10,0.1171,0.1254,0.0,0.0,0.0,0.0,398
2023-05-11 09:42:55,OP90002111,深证100ETF购12月3000,0.0,0.0,0.0,0.0,40,0.1236,0.1256,10,0.1171,0.1254,0.0,0.0,0.0,0.0,398
2023-05-11 09:42:55,OP90002111,深证100ETF购12月3000,0.0,0.0,0.0,0.0,40,0.1236,0.1256,13,0.1171,0.1254,0.0,0.0,0.0,0.0,398
2023-05-11 09:42:56,OP90002111,深证100ETF购12月3000,0.0,0.0,0.0,0.0,10,0.1237,0.1255,10,0.1171,0.1254,0.0,0.0,0.0,0.0,398
2023-05-11 09:42:56,OP90002111,深证100ETF购12月3000,0.0,0.0,0.0,0.0,20,0.1236,0.1255,10,0.1171,0.1254,0.0,0.0,0.0,0.0,398
2023-05-11 09:42:57,OP90002111,深证100ETF购12月3000,0.0,0.0,0.0,0.0,20,0.1236,0.1255,10,0.1171,0.1254,0.0,0.0,0.0,0.0,398
2023-05-11 09:42:57,OP90002111,深证100ETF购12月3000,0.0,0.0,0.0,0.0,20,0.1236,0.1255,13,0.1171,0.1254,0.0,0.0,0.0,0.0,398
2023-05-11 09:42:58,OP90002111,深证100ETF购12月3000,0.0,0.0,0.0,0.0,20,0.1236,0.1254,10,0.1171,0.1254,0.0,0.0,0.0,0.0,398
2023-05-11 09:42:58,OP90002111,深证100ETF购12月3000,0.0,0.0,0.0,0.0,20,0.1236,0.1254,13,0.1171,0.1254,0.0,0.0,0.0,0.0,398
2023-05-11 09:42:59,OP90002111,深证100ETF购12月3000,0.0,0.0,0.0,0.0,20,0.1236,0.1253,10,0.1171,0.1254,0.0,0.0,0.0,0.0,398
2023-05-11 09:42:59,OP90002111,深证100ETF购12月3000,0.0,0.0,0.0,0.0,40,0.1236,0.1253,10,0.1171,0.1254,0.0,0.0,0.0,0.0,398
2023-05-11 09:43:00,OP90002111,深证100ETF购12月3000,0.0,0.0,0.0,0.0,40,0.1236,0.1253,10,0.1171,0.1254,0.0,0.0,0.0,0.0,398
2023-05-11 09:43:01,OP90002111,深证100ETF购12月3000,0.0,0.0,0.0,0.0,40,0.1236,0.1253,10,0.1171,0.1254,0.0,0.0,0.0,0.0,398
2023-05-11 09:43:02,OP90002111,深证100ETF购12月3000,0.0,0.0,0.0,0.0,40,0.1236,0.1253,10,0.1171,0.1254,0.0,0.0,0.0,0.0,398
2023-05-11 09:43:03,OP90002111,深证100ETF购12月3000,0.0,0.0,0.0,0.0,40,0.1236,0.1253,20,0.1171,0.1254,0.0,0.0,0.0,0.0,398
2023-05-11 09:43:04,OP90002111,深证100ETF购12月3000,0.0,0.0,0.0,0.0,40,0.1236,0.1252,10,0.1171,0.1254,0.0,0.0,0.0,0.0,398
2023-05-11 09:43:04,OP90002111,深证100ETF购12月3000,0.0,0.0,0.0,0.0,40,0.1236,0.1252,10,0.1171,0.1254,0.0,0.0,0.0,0.0,398
2023-05-11 09:43:08,OP90002111,深证100ETF购12月3000,0.0,0.0,0.0,0.0,40,0.1236,0.1252,10,0.1171,0.1254,0.0,0.0,0.0,0.0,398
2023-05-11 09:43:09,OP90002111,深证100ETF购12月3000,0.0,0.0,0.0,0.0,40,0.1236,0.1254,10,0.1171,0.1254,0.0,0.0,0.0,0.0,398
2023-05-11 09:43:12,OP90002111,深证100ETF购12月3000,0.0,0.0,0.0,0.0,20,0.1236,0.1254,20,0.1171,0.1254,0.0,0.0,0.0,0.0,398
2023-05-11 09:43:13,OP90002111,深证100ETF购12月3000,0.0,0.0,0.0,0.0,20,0.1234,0.1253,10,0.1171,0.1254,0.0,0.0,0.0,0.0,398
2023-05-11 09:43:13,OP90002111,深证100ETF购12月3000,0.0,0.0,0.0,0.0,40,0.1234,0.1253,20,0.1171,0.1254,0.0,0.0,0.0,0.0,398
2023-05-11 09:43:14,OP90002111,深证100ETF购12月3000,0.0,0.0,0.0,0.0,40,0.1234,0.1252,10,0.1171,0.1254,0.0,0.0,0.0,0.0,398
2023-05-11 09:43:14,OP90002111,深证100ETF购12月3000,0.0,0.0,0.0,0.0,40,0.1234,0.1252,20,0.1171,0.1254,0.0,0.0,0.0,0.0,398
2023-05-11 09:43:15,OP90002111,深证100ETF购12月3000,0.0,0.0,0.0,0.0,40,0.1234,0.1251,10,0.1171,0.1254,0.0,0.0,0.0,0.0,398
2023-05-11 09:43:15,OP90002111,深证100ETF购12月3000,0.0,0.0,0.0,0.0,40,0.1234,0.1251,20,0.1171,0.1254,0.0,0.0,0.0,0.0,398
2023-05-11 09:43:16,OP90002111,深证100ETF购12月3000,0.0,0.0,0.0,0.0,20,0.1234,0.125,10,0.1171,0.1254,0.0,0.0,0.0,0.0,398
2023-05-11 09:43:16,OP90002111,深证100ETF购12月3000,0.0,0.0,0.0,0.0,20,0.1234,0.125,20,0.1171,0.1254,0.0,0.0,0.0,0.0,398
2023-05-11 09:43:17,OP90002111,深证100ETF购12月3000,0.0,0.0,0.0,0.0,20,0.1234,0.1249,10,0.1171,0.1254,0.0,0.0,0.0,0.0,398
2023-05-11 09:43:17,OP90002111,深证100ETF购12月3000,0.0,0.0,0.0,0.0,20,0.1234,0.1249,10,0.1171,0.1254,0.0,0.0,0.0,0.0,398
2023-05-11 09:43:20,OP90002111,深证100ETF购12月3000,0.0,0.0,0.0,0.0,20,0.1234,0.1249,10,0.1171,0.1254,0.0,0.0,0.0,0.0,398
2023-05-11 09:43:21,OP90002111,深证100ETF购12月3000,0.0,0.0,0.0,0.0,20,0.1234,0.1249,10,0.1171,0.1254,0.0,0.0,0.0,0.0,398
2023-05-11 09:43:24,OP90002111,深证100ETF购12月3000,0.0,0.0,0.0,0.0,40,0.1234,0.1249,10,0.1171,0.1254,0.0,0.0,0.0,0.0,398
2023-05-11 09:43:25,OP90002111,深证100ETF购12月3000,0.0,0.0,0.0,0.0,40,0.1234,0.1249,10,0.1171,0.1254,0.0,0.0,0.0,0.0,398
2023-05-11 09:43:27,OP90002111,深证100ETF购12月3000,0.0,0.0,0.0,0.0,40,0.1234,0.1249,10,0.1171,0.1254,0.0,0.0,0.0,0.0,398
2023-05-11 09:43:28,OP90002111,深证100ETF购12月3000,0.0,0.0,0.0,0.0,40,0.1234,0.1249,10,0.1171,0.1254,0.0,0.0,0.0,0.0,398
2023-05-11 09:43:29,OP90002111,深证100ETF购12月3000,0.0,0.0,0.0,0.0,40,0.1234,0.125,10,0.1171,0.1254,0.0,0.0,0.0,0.0,398
2023-05-11 09:43:32,OP90002111,深证100ETF购12月3000,0.0,0.0,0.0,0.0,40,0.1234,0.125,10,0.1171,0.1254,0.0,0.0,0.0,0.0,398
2023-05-11 09:43:36,OP90002111,深证100ETF购12月3000,0.0,0.0,0.0,0.0,40,0.1234,0.125,10,0.1171,0.1254,0.0,0.0,0.0,0.0,398
2023-05-11 09:43:40,OP90002111,深证100ETF购12月3000,0.0,0.0,0.0,0.0,40,0.1234,0.125,10,0.1171,0.1254,0.0,0.0,0.0,0.0,398
2023-05-11 09:43:40,OP90002111,深证100ETF购12月3000,0.0,0.0,0.0,0.0,40,0.1234,0.125,10,0.1171,0.1254,0.0,0.0,0.0,0.0,398
2023-05-11 09:43:46,OP90002111,深证100ETF购12月3000,0.0,0.0,0.0,0.0,40,0.1234,0.125,10,0.1171,0.1254,0.0,0.0,0.0,0.0,398
2023-05-11 09:43:46,OP90002111,深证100ETF购12月3000,0.0,0.0,0.0,0.0,40,0.1234,0.125,10,0.1171,0.1254,0.0,0.0,0.0,0.0,398
2023-05-11 09:43:49,OP90002111,深证100ETF购12月3000,0.0,0.0,0.0,0.0,40,0.1234,0.125,10,0.1171,0.1254,0.0,0.0,0.0,0.0,398
2023-05-11 09:43:51,OP90002111,深证100ETF购12月3000,0.0,0.0,0.0,0.0,40,0.1234,0.125,10,0.1171,0.1254,0.0,0.0,0.0,0.0,398
2023-05-11 09:43:52,OP90002111,深证100ETF购12月3000,0.0,0.0,0.0,0.0,40,0.1234,0.125,10,0.1171,0.1254,0.0,0.0,0.0,0.0,398
2023-05-11 09:43:56,OP90002111,深证100ETF购12月3000,0.0,0.0,0.0,0.0,40,0.1234,0.125,10,0.1171,0.1254,0.0,0.0,0.0,0.0,398
2023-05-11 09:43:58,OP90002111,深证100ETF购12月3000,0.0,0.0,0.0,0.0,40,0.1234,0.125,10,0.1171,0.1254,0.0,0.0,0.0,0.0,398
2023-05-11 09:43:58,OP90002111,深证100ETF购12月3000,0.0,0.0,0.0,0.0,40,0.1234,0.125,10,0.1171,0.1254,0.0,0.0,0.0,0.0,398
2023-05-11 09:43:59,OP90002111,深证100ETF购12月3000,0.0,0.0,0.0,0.0,40,0.1234,0.125,20,0.1171,0.1254,0.0,0.0,0.0,0.0,398
2023-05-11 09:44:00,OP90002111,深证100ETF购12月3000,0.0,0.0,0.0,0.0,40,0.1234,0.1249,10,0.1171,0.1254,0.0,0.0,0.0,0.0,398
2023-05-11 09:44:00,OP90002111,深证100ETF购12月3000,0.0,0.0,0.0,0.0,40,0.1234,0.1249,10,0.1171,0.1254,0.0,0.0,0.0,0.0,398
2023-05-11 09:44:01,OP90002111,深证100ETF购12月3000,0.0,0.0,0.0,0.0,40,0.1234,0.1249,10,0.1171,0.1254,0.0,0.0,0.0,0.0,398
2023-05-11 09:44:02,OP90002111,深证100ETF购12月3000,0.0,0.0,0.0,0.0,40,0.1234,0.1249,10,0.1171,0.1254,0.0,0.0,0.0,0.0,398
2023-05-11 09:44:03,OP90002111,深证100ETF购12月3000,0.0,0.0,0.0,0.0,40,0.1234,0.125,10,0.1171,0.1254,0.0,0.0,0.0,0.0,398
2023-05-11 09:44:04,OP90002111,深证100ETF购12月3000,0.0,0.0,0.0,0.0,40,0.1234,0.125,10,0.1171,0.1254,0.0,0.0,0.0,0.0,398
2023-05-11 09:44:18,OP90002111,深证100ETF购12月3000,0.0,0.0,0.0,0.0,40,0.1234,0.1251,20,0.1171,0.1254,0.0,0.0,0.0,0.0,398
2023-05-11 09:44:18,OP90002111,深证100ETF购12月3000,0.0,0.0,0.0,0.0,40,0.1234,0.1251,10,0.1171,0.1254,0.0,0.0,0.0,0.0,398
2023-05-11 09:44:20,OP90002111,深证100ETF购12月3000,0.0,0.0,0.0,0.0,40,0.1234,0.1251,10,0.1171,0.1254,0.0,0.0,0.0,0.0,398
2023-05-11 09:44:20,OP90002111,深证100ETF购12月3000,0.0,0.0,0.0,0.0,43,0.1234,0.1251,10,0.1171,0.1254,0.0,0.0,0.0,0.0,398
2023-05-11 09:44:21,OP90002111,深证100ETF购12月3000,0.0,0.0,0.0,0.0,23,0.1234,0.1251,10,0.1171,0.1254,0.0,0.0,0.0,0.0,398
2023-05-11 09:44:22,OP90002111,深证100ETF购12月3000,0.0,0.0,0.0,0.0,3,0.1234,0.1251,10,0.1171,0.1254,0.0,0.0,0.0,0.0,398
2023-05-11 09:44:22,OP90002111,深证100ETF购12月3000,0.0,0.0,0.0,0.0,3,0.1234,0.1251,10,0.1171,0.1254,0.0,0.0,0.0,0.0,398
2023-05-11 09:44:23,OP90002111,深证100ETF购12月3000,0.0,0.0,0.0,0.0,3,0.1234,0.1251,10,0.1171,0.1254,0.0,0.0,0.0,0.0,398
2023-05-11 09:44:24,OP90002111,深证100ETF购12月3000,0.0,0.0,0.0,0.0,3,0.1234,0.1251,10,0.1171,0.1254,0.0,0.0,0.0,0.0,398
2023-05-11 09:44:24,OP90002111,深证100ETF购12月3000,0.0,0.0,0.0,0.0,40,0.123,0.1251,10,0.1171,0.1254,0.0,0.0,0.0,0.0,398
2023-05-11 09:44:25,OP90002111,深证100ETF购12月3000,0.0,0.0,0.0,0.0,3,0.1231,0.1251,10,0.1171,0.1254,0.0,0.0,0.0,0.0,398
2023-05-11 09:44:25,OP90002111,深证100ETF购12月3000,0.0,0.0,0.0,0.0,3,0.1231,0.1251,10,0.1171,0.1254,0.0,0.0,0.0,0.0,398
2023-05-11 09:44:26,OP90002111,深证100ETF购12月3000,0.0,0.0,0.0,0.0,3,0.1231,0.1251,10,0.1171,0.1254,0.0,0.0,0.0,0.0,398
2023-05-11 09:44:29,OP90002111,深证100ETF购12月3000,0.0,0.0,0.0,0.0,3,0.1231,0.1251,10,0.1171,0.1254,0.0,0.0,0.0,0.0,398
2023-05-11 09:44:29,OP90002111,深证100ETF购12月3000,0.0,0.0,0.0,0.0,3,0.1231,0.1251,10,0.1171,0.1254,0.0,0.0,0.0,0.0,398
