time,symbol_id,symbol_name,last,trade_volume,trade_amount,open_interest_change,bv1,bp1,ap1,av1,yesterday_close,today_open,today_high,today_low,volume,amount,open_interest
2023-05-11 08:30:02,OP90002106,深证100ETF购12月2750,0.0,0.0,0.0,0.0,0,0.0,0.0,0,0.2476,0.2488,0.0,0.0,0.0,0.0,188
2023-05-11 09:25:00,OP90002106,深证100ETF购12月2750,0.0,0.0,0.0,0.0,1,0.2369,0.2603,1,0.2476,0.2488,0.0,0.0,0.0,0.0,188
2023-05-11 09:30:00,OP90002106,深证100ETF购12月2750,0.0,0.0,0.0,0.0,1,0.2369,0.2603,1,0.2476,0.2488,0.0,0.0,0.0,0.0,188
2023-05-11 09:30:00,OP90002106,深证100ETF购12月2750,0.0,0.0,0.0,0.0,20,0.2381,0.2605,1,0.2476,0.2488,0.0,0.0,0.0,0.0,188
2023-05-11 09:30:01,OP90002106,深证100ETF购12月2750,0.0,0.0,0.0,0.0,20,0.2381,0.2617,20,0.2476,0.2488,0.0,0.0,0.0,0.0,188
2023-05-11 09:30:02,OP90002106,深证100ETF购12月2750,0.0,0.0,0.0,0.0,20,0.2451,0.2559,20,0.2476,0.2488,0.0,0.0,0.0,0.0,188
2023-05-11 09:30:05,OP90002106,深证100ETF购12月2750,0.0,0.0,0.0,0.0,20,0.2456,0.2564,20,0.2476,0.2488,0.0,0.0,0.0,0.0,188
2023-05-11 09:30:05,OP90002106,深证100ETF购12月2750,0.0,0.0,0.0,0.0,20,0.2456,0.2564,20,0.2476,0.2488,0.0,0.0,0.0,0.0,188
2023-05-11 09:30:07,OP90002106,深证100ETF购12月2750,0.0,0.0,0.0,0.0,20,0.2451,0.2559,20,0.2476,0.2488,0.0,0.0,0.0,0.0,188
2023-05-11 09:30:12,OP90002106,深证100ETF购12月2750,0.0,0.0,0.0,0.0,20,0.2456,0.256,20,0.2476,0.2488,0.0,0.0,0.0,0.0,188
2023-05-11 09:30:14,OP90002106,深证100ETF购12月2750,0.0,0.0,0.0,0.0,20,0.2462,0.2566,20,0.2476,0.2488,0.0,0.0,0.0,0.0,188
2023-05-11 09:30:16,OP90002106,深证100ETF购12月2750,0.0,0.0,0.0,0.0,20,0.2456,0.256,20,0.2476,0.2488,0.0,0.0,0.0,0.0,188
2023-05-11 09:30:18,OP90002106,深证100ETF购12月2750,0.0,0.0,0.0,0.0,20,0.2456,0.256,20,0.2476,0.2488,0.0,0.0,0.0,0.0,188
2023-05-11 09:30:19,OP90002106,深证100ETF购12月2750,0.0,0.0,0.0,0.0,20,0.2463,0.2567,20,0.2476,0.2488,0.0,0.0,0.0,0.0,188
2023-05-11 09:30:20,OP90002106,深证100ETF购12月2750,0.0,0.0,0.0,0.0,20,0.2456,0.256,20,0.2476,0.2488,0.0,0.0,0.0,0.0,188
2023-05-11 09:30:21,OP90002106,深证100ETF购12月2750,0.0,0.0,0.0,0.0,20,0.2462,0.2567,20,0.2476,0.2488,0.0,0.0,0.0,0.0,188
2023-05-11 09:30:23,OP90002106,深证100ETF购12月2750,0.0,0.0,0.0,0.0,20,0.2457,0.2561,20,0.2476,0.2488,0.0,0.0,0.0,0.0,188
2023-05-11 09:30:31,OP90002106,深证100ETF购12月2750,0.0,0.0,0.0,0.0,20,0.2457,0.2561,20,0.2476,0.2488,0.0,0.0,0.0,0.0,188
2023-05-11 09:30:33,OP90002106,深证100ETF购12月2750,0.0,0.0,0.0,0.0,20,0.2457,0.2561,20,0.2476,0.2488,0.0,0.0,0.0,0.0,188
2023-05-11 09:30:34,OP90002106,深证100ETF购12月2750,0.0,0.0,0.0,0.0,20,0.2457,0.2561,20,0.2476,0.2488,0.0,0.0,0.0,0.0,188
2023-05-11 09:30:35,OP90002106,深证100ETF购12月2750,0.0,0.0,0.0,0.0,20,0.2462,0.2566,20,0.2476,0.2488,0.0,0.0,0.0,0.0,188
2023-05-11 09:30:40,OP90002106,深证100ETF购12月2750,0.0,0.0,0.0,0.0,20,0.2462,0.2566,20,0.2476,0.2488,0.0,0.0,0.0,0.0,188
2023-05-11 09:30:42,OP90002106,深证100ETF购12月2750,0.0,0.0,0.0,0.0,20,0.2462,0.2566,20,0.2476,0.2488,0.0,0.0,0.0,0.0,188
2023-05-11 09:30:42,OP90002106,深证100ETF购12月2750,0.0,0.0,0.0,0.0,20,0.2462,0.2566,20,0.2476,0.2488,0.0,0.0,0.0,0.0,188
2023-05-11 09:30:44,OP90002106,深证100ETF购12月2750,0.0,0.0,0.0,0.0,20,0.2462,0.2566,20,0.2476,0.2488,0.0,0.0,0.0,0.0,188
2023-05-11 09:30:50,OP90002106,深证100ETF购12月2750,0.0,0.0,0.0,0.0,20,0.2457,0.2565,20,0.2476,0.2488,0.0,0.0,0.0,0.0,188
2023-05-11 09:30:53,OP90002106,深证100ETF购12月2750,0.0,0.0,0.0,0.0,20,0.247,0.2578,20,0.2476,0.2488,0.0,0.0,0.0,0.0,188
2023-05-11 09:30:54,OP90002106,深证100ETF购12月2750,0.0,0.0,0.0,0.0,20,0.247,0.2583,20,0.2476,0.2488,0.0,0.0,0.0,0.0,188
2023-05-11 09:30:54,OP90002106,深证100ETF购12月2750,0.0,0.0,0.0,0.0,20,0.247,0.2583,20,0.2476,0.2488,0.0,0.0,0.0,0.0,188
2023-05-11 09:31:00,OP90002106,深证100ETF购12月2750,0.0,0.0,0.0,0.0,20,0.247,0.2583,20,0.2476,0.2488,0.0,0.0,0.0,0.0,188
2023-05-11 09:31:03,OP90002106,深证100ETF购12月2750,0.0,0.0,0.0,0.0,20,0.2475,0.2588,20,0.2476,0.2488,0.0,0.0,0.0,0.0,188
2023-05-11 09:31:07,OP90002106,深证100ETF购12月2750,0.0,0.0,0.0,0.0,21,0.2475,0.2588,21,0.2476,0.2488,0.0,0.0,0.0,0.0,188
2023-05-11 09:31:11,OP90002106,深证100ETF购12月2750,0.0,0.0,0.0,0.0,20,0.2481,0.2588,21,0.2476,0.2488,0.0,0.0,0.0,0.0,188
2023-05-11 09:31:12,OP90002106,深证100ETF购12月2750,0.0,0.0,0.0,0.0,20,0.2481,0.2588,21,0.2476,0.2488,0.0,0.0,0.0,0.0,188
2023-05-11 09:31:12,OP90002106,深证100ETF购12月2750,0.0,0.0,0.0,0.0,21,0.2481,0.2588,21,0.2476,0.2488,0.0,0.0,0.0,0.0,188
2023-05-11 09:31:15,OP90002106,深证100ETF购12月2750,0.0,0.0,0.0,0.0,21,0.2481,0.2588,21,0.2476,0.2488,0.0,0.0,0.0,0.0,188
2023-05-11 09:31:17,OP90002106,深证100ETF购12月2750,0.0,0.0,0.0,0.0,21,0.2481,0.2587,1,0.2476,0.2488,0.0,0.0,0.0,0.0,188
2023-05-11 09:31:18,OP90002106,深证100ETF购12月2750,0.0,0.0,0.0,0.0,21,0.2481,0.2587,1,0.2476,0.2488,0.0,0.0,0.0,0.0,188
2023-05-11 09:31:22,OP90002106,深证100ETF购12月2750,0.0,0.0,0.0,0.0,21,0.2481,0.2583,20,0.2476,0.2488,0.0,0.0,0.0,0.0,188
2023-05-11 09:31:23,OP90002106,深证100ETF购12月2750,0.0,0.0,0.0,0.0,1,0.2482,0.2583,21,0.2476,0.2488,0.0,0.0,0.0,0.0,188
2023-05-11 09:31:29,OP90002106,深证100ETF购12月2750,0.0,0.0,0.0,0.0,1,0.2482,0.2583,21,0.2476,0.2488,0.0,0.0,0.0,0.0,188
2023-05-11 09:31:30,OP90002106,深证100ETF购12月2750,0.0,0.0,0.0,0.0,1,0.2482,0.2583,21,0.2476,0.2488,0.0,0.0,0.0,0.0,188
2023-05-11 09:31:32,OP90002106,深证100ETF购12月2750,0.0,0.0,0.0,0.0,1,0.2482,0.2583,21,0.2476,0.2488,0.0,0.0,0.0,0.0,188
2023-05-11 09:31:33,OP90002106,深证100ETF购12月2750,0.0,0.0,0.0,0.0,1,0.2483,0.2582,1,0.2476,0.2488,0.0,0.0,0.0,0.0,188
2023-05-11 09:31:37,OP90002106,深证100ETF购12月2750,0.0,0.0,0.0,0.0,21,0.2483,0.2581,20,0.2476,0.2488,0.0,0.0,0.0,0.0,188
2023-05-11 09:31:37,OP90002106,深证100ETF购12月2750,0.0,0.0,0.0,0.0,21,0.2483,0.2581,20,0.2476,0.2488,0.0,0.0,0.0,0.0,188
2023-05-11 09:31:43,OP90002106,深证100ETF购12月2750,0.0,0.0,0.0,0.0,1,0.2484,0.2581,21,0.2476,0.2488,0.0,0.0,0.0,0.0,188
2023-05-11 09:31:43,OP90002106,深证100ETF购12月2750,0.0,0.0,0.0,0.0,21,0.2484,0.258,20,0.2476,0.2488,0.0,0.0,0.0,0.0,188
2023-05-11 09:31:53,OP90002106,深证100ETF购12月2750,0.0,0.0,0.0,0.0,1,0.2485,0.258,20,0.2476,0.2488,0.0,0.0,0.0,0.0,188
2023-05-11 09:31:53,OP90002106,深证100ETF购12月2750,0.0,0.0,0.0,0.0,21,0.2485,0.258,20,0.2476,0.2488,0.0,0.0,0.0,0.0,188
2023-05-11 09:31:54,OP90002106,深证100ETF购12月2750,0.0,0.0,0.0,0.0,21,0.2485,0.2574,20,0.2476,0.2488,0.0,0.0,0.0,0.0,188
2023-05-11 09:31:55,OP90002106,深证100ETF购12月2750,0.0,0.0,0.0,0.0,41,0.2485,0.2573,20,0.2476,0.2488,0.0,0.0,0.0,0.0,188
2023-05-11 09:31:55,OP90002106,深证100ETF购12月2750,0.0,0.0,0.0,0.0,21,0.2485,0.2573,20,0.2476,0.2488,0.0,0.0,0.0,0.0,188
2023-05-11 09:31:58,OP90002106,深证100ETF购12月2750,0.0,0.0,0.0,0.0,21,0.2485,0.2573,21,0.2476,0.2488,0.0,0.0,0.0,0.0,188
2023-05-11 09:31:58,OP90002106,深证100ETF购12月2750,0.0,0.0,0.0,0.0,21,0.2485,0.2572,20,0.2476,0.2488,0.0,0.0,0.0,0.0,188
2023-05-11 09:32:02,OP90002106,深证100ETF购12月2750,0.0,0.0,0.0,0.0,41,0.2485,0.2572,20,0.2476,0.2488,0.0,0.0,0.0,0.0,188
2023-05-11 09:32:03,OP90002106,深证100ETF购12月2750,0.0,0.0,0.0,0.0,1,0.2486,0.2572,20,0.2476,0.2488,0.0,0.0,0.0,0.0,188
2023-05-11 09:32:03,OP90002106,深证100ETF购12月2750,0.0,0.0,0.0,0.0,21,0.2486,0.2572,20,0.2476,0.2488,0.0,0.0,0.0,0.0,188
2023-05-11 09:32:11,OP90002106,深证100ETF购12月2750,0.0,0.0,0.0,0.0,1,0.2486,0.2572,20,0.2476,0.2488,0.0,0.0,0.0,0.0,188
2023-05-11 09:32:11,OP90002106,深证100ETF购12月2750,0.0,0.0,0.0,0.0,1,0.2486,0.2572,20,0.2476,0.2488,0.0,0.0,0.0,0.0,188
2023-05-11 09:32:13,OP90002106,深证100ETF购12月2750,0.0,0.0,0.0,0.0,1,0.2487,0.2572,20,0.2476,0.2488,0.0,0.0,0.0,0.0,188
2023-05-11 09:32:14,OP90002106,深证100ETF购12月2750,0.0,0.0,0.0,0.0,1,0.2487,0.2572,20,0.2476,0.2488,0.0,0.0,0.0,0.0,188
2023-05-11 09:32:15,OP90002106,深证100ETF购12月2750,0.0,0.0,0.0,0.0,1,0.2487,0.2572,20,0.2476,0.2488,0.0,0.0,0.0,0.0,188
2023-05-11 09:32:16,OP90002106,深证100ETF购12月2750,0.0,0.0,0.0,0.0,1,0.2487,0.2572,30,0.2476,0.2488,0.0,0.0,0.0,0.0,188
2023-05-11 09:32:17,OP90002106,深证100ETF购12月2750,0.0,0.0,0.0,0.0,1,0.2487,0.2571,20,0.2476,0.2488,0.0,0.0,0.0,0.0,188
2023-05-11 09:32:18,OP90002106,深证100ETF购12月2750,0.0,0.0,0.0,0.0,1,0.2487,0.2571,21,0.2476,0.2488,0.0,0.0,0.0,0.0,188
2023-05-11 09:32:18,OP90002106,深证100ETF购12月2750,0.0,0.0,0.0,0.0,1,0.2487,0.257,20,0.2476,0.2488,0.0,0.0,0.0,0.0,188
2023-05-11 09:32:22,OP90002106,深证100ETF购12月2750,0.0,0.0,0.0,0.0,10,0.2488,0.257,20,0.2476,0.2488,0.0,0.0,0.0,0.0,188
2023-05-11 09:32:23,OP90002106,深证100ETF购12月2750,0.0,0.0,0.0,0.0,10,0.2488,0.257,20,0.2476,0.2488,0.0,0.0,0.0,0.0,188
2023-05-11 09:32:23,OP90002106,深证100ETF购12月2750,0.0,0.0,0.0,0.0,11,0.2488,0.257,21,0.2476,0.2488,0.0,0.0,0.0,0.0,188
2023-05-11 09:32:24,OP90002106,深证100ETF购12月2750,0.0,0.0,0.0,0.0,11,0.2488,0.2569,20,0.2476,0.2488,0.0,0.0,0.0,0.0,188
2023-05-11 09:32:24,OP90002106,深证100ETF购12月2750,0.0,0.0,0.0,0.0,11,0.2488,0.2569,20,0.2476,0.2488,0.0,0.0,0.0,0.0,188
2023-05-11 09:32:27,OP90002106,深证100ETF购12月2750,0.2488,10.0,24880.0,10.0,1,0.2488,0.2569,20,0.2476,0.2488,0.2488,0.2488,10.0,24880.0,198
2023-05-11 09:32:28,OP90002106,深证100ETF购12月2750,0.2488,0.0,0.0,0.0,5,0.2489,0.2569,20,0.2476,0.2488,0.2488,0.2488,10.0,24880.0,198
2023-05-11 09:32:28,OP90002106,深证100ETF购12月2750,0.2488,0.0,0.0,0.0,6,0.2489,0.2569,20,0.2476,0.2488,0.2488,0.2488,10.0,24880.0,198
2023-05-11 09:32:33,OP90002106,深证100ETF购12月2750,0.2488,0.0,0.0,0.0,11,0.2489,0.2569,30,0.2476,0.2488,0.2488,0.2488,10.0,24880.0,198
2023-05-11 09:32:33,OP90002106,深证100ETF购12月2750,0.2488,0.0,0.0,0.0,11,0.2489,0.2568,20,0.2476,0.2488,0.2488,0.2488,10.0,24880.0,198
2023-05-11 09:32:34,OP90002106,深证100ETF购12月2750,0.2488,0.0,0.0,0.0,1,0.2489,0.2568,20,0.2476,0.2488,0.2488,0.2488,10.0,24880.0,198
2023-05-11 09:32:35,OP90002106,深证100ETF购12月2750,0.2488,0.0,0.0,0.0,1,0.2489,0.2568,20,0.2476,0.2488,0.2488,0.2488,10.0,24880.0,198
2023-05-11 09:32:38,OP90002106,深证100ETF购12月2750,0.2488,0.0,0.0,0.0,1,0.249,0.2568,20,0.2476,0.2488,0.2488,0.2488,10.0,24880.0,198
2023-05-11 09:32:39,OP90002106,深证100ETF购12月2750,0.2488,0.0,0.0,0.0,20,0.2505,0.2567,10,0.2476,0.2488,0.2488,0.2488,10.0,24880.0,198
2023-05-11 09:32:39,OP90002106,深证100ETF购12月2750,0.2488,0.0,0.0,0.0,50,0.2505,0.2566,20,0.2476,0.2488,0.2488,0.2488,10.0,24880.0,198
2023-05-11 09:32:40,OP90002106,深证100ETF购12月2750,0.2488,0.0,0.0,0.0,40,0.2505,0.2557,10,0.2476,0.2488,0.2488,0.2488,10.0,24880.0,198
2023-05-11 09:32:40,OP90002106,深证100ETF购12月2750,0.2488,0.0,0.0,0.0,40,0.2505,0.2559,20,0.2476,0.2488,0.2488,0.2488,10.0,24880.0,198
2023-05-11 09:32:41,OP90002106,深证100ETF购12月2750,0.2488,0.0,0.0,0.0,40,0.2505,0.256,10,0.2476,0.2488,0.2488,0.2488,10.0,24880.0,198
2023-05-11 09:32:41,OP90002106,深证100ETF购12月2750,0.2488,0.0,0.0,0.0,40,0.2505,0.256,30,0.2476,0.2488,0.2488,0.2488,10.0,24880.0,198
2023-05-11 09:32:42,OP90002106,深证100ETF购12月2750,0.2488,0.0,0.0,0.0,40,0.2505,0.256,20,0.2476,0.2488,0.2488,0.2488,10.0,24880.0,198
2023-05-11 09:32:42,OP90002106,深证100ETF购12月2750,0.2488,0.0,0.0,0.0,40,0.2505,0.2559,10,0.2476,0.2488,0.2488,0.2488,10.0,24880.0,198
2023-05-11 09:32:43,OP90002106,深证100ETF购12月2750,0.2488,0.0,0.0,0.0,40,0.2505,0.2559,10,0.2476,0.2488,0.2488,0.2488,10.0,24880.0,198
2023-05-11 09:32:44,OP90002106,深证100ETF购12月2750,0.2488,0.0,0.0,0.0,40,0.2505,0.256,20,0.2476,0.2488,0.2488,0.2488,10.0,24880.0,198
2023-05-11 09:32:45,OP90002106,深证100ETF购12月2750,0.2488,0.0,0.0,0.0,40,0.2505,0.2562,10,0.2476,0.2488,0.2488,0.2488,10.0,24880.0,198
2023-05-11 09:32:45,OP90002106,深证100ETF购12月2750,0.2488,0.0,0.0,0.0,40,0.2505,0.2561,20,0.2476,0.2488,0.2488,0.2488,10.0,24880.0,198
2023-05-11 09:32:46,OP90002106,深证100ETF购12月2750,0.2488,0.0,0.0,0.0,40,0.2505,0.2566,20,0.2476,0.2488,0.2488,0.2488,10.0,24880.0,198
2023-05-11 09:32:47,OP90002106,深证100ETF购12月2750,0.2488,0.0,0.0,0.0,40,0.2505,0.2564,10,0.2476,0.2488,0.2488,0.2488,10.0,24880.0,198
2023-05-11 09:32:48,OP90002106,深证100ETF购12月2750,0.2488,0.0,0.0,0.0,40,0.2505,0.2563,20,0.2476,0.2488,0.2488,0.2488,10.0,24880.0,198
2023-05-11 09:32:48,OP90002106,深证100ETF购12月2750,0.2488,0.0,0.0,0.0,41,0.2505,0.2563,21,0.2476,0.2488,0.2488,0.2488,10.0,24880.0,198
2023-05-11 09:32:49,OP90002106,深证100ETF购12月2750,0.2488,0.0,0.0,0.0,41,0.2505,0.2562,20,0.2476,0.2488,0.2488,0.2488,10.0,24880.0,198
2023-05-11 09:32:50,OP90002106,深证100ETF购12月2750,0.2488,0.0,0.0,0.0,21,0.2505,0.2562,20,0.2476,0.2488,0.2488,0.2488,10.0,24880.0,198
2023-05-11 09:32:50,OP90002106,深证100ETF购12月2750,0.2488,0.0,0.0,0.0,21,0.2505,0.2562,20,0.2476,0.2488,0.2488,0.2488,10.0,24880.0,198
2023-05-11 09:32:53,OP90002106,深证100ETF购12月2750,0.2488,0.0,0.0,0.0,21,0.2505,0.2562,20,0.2476,0.2488,0.2488,0.2488,10.0,24880.0,198
2023-05-11 09:32:56,OP90002106,深证100ETF购12月2750,0.2488,0.0,0.0,0.0,21,0.2505,0.2562,20,0.2476,0.2488,0.2488,0.2488,10.0,24880.0,198
2023-05-11 09:32:58,OP90002106,深证100ETF购12月2750,0.2488,0.0,0.0,0.0,1,0.2506,0.2562,20,0.2476,0.2488,0.2488,0.2488,10.0,24880.0,198
2023-05-11 09:32:59,OP90002106,深证100ETF购12月2750,0.2488,0.0,0.0,0.0,1,0.2506,0.2562,20,0.2476,0.2488,0.2488,0.2488,10.0,24880.0,198
2023-05-11 09:32:59,OP90002106,深证100ETF购12月2750,0.2488,0.0,0.0,0.0,1,0.2506,0.2562,20,0.2476,0.2488,0.2488,0.2488,10.0,24880.0,198
2023-05-11 09:33:00,OP90002106,深证100ETF购12月2750,0.2488,0.0,0.0,0.0,1,0.2506,0.2561,10,0.2476,0.2488,0.2488,0.2488,10.0,24880.0,198
2023-05-11 09:33:00,OP90002106,深证100ETF购12月2750,0.2488,0.0,0.0,0.0,1,0.2506,0.2561,30,0.2476,0.2488,0.2488,0.2488,10.0,24880.0,198
2023-05-11 09:33:01,OP90002106,深证100ETF购12月2750,0.2488,0.0,0.0,0.0,1,0.2506,0.2561,30,0.2476,0.2488,0.2488,0.2488,10.0,24880.0,198
2023-05-11 09:33:02,OP90002106,深证100ETF购12月2750,0.2488,0.0,0.0,0.0,10,0.2509,0.2561,30,0.2476,0.2488,0.2488,0.2488,10.0,24880.0,198
2023-05-11 09:33:03,OP90002106,深证100ETF购12月2750,0.2488,0.0,0.0,0.0,1,0.2506,0.2561,30,0.2476,0.2488,0.2488,0.2488,10.0,24880.0,198
2023-05-11 09:33:03,OP90002106,深证100ETF购12月2750,0.2488,0.0,0.0,0.0,1,0.2506,0.2561,30,0.2476,0.2488,0.2488,0.2488,10.0,24880.0,198
2023-05-11 09:33:06,OP90002106,深证100ETF购12月2750,0.2488,0.0,0.0,0.0,10,0.2509,0.2561,30,0.2476,0.2488,0.2488,0.2488,10.0,24880.0,198
2023-05-11 09:33:06,OP90002106,深证100ETF购12月2750,0.2561,10.0,25610.0,-10.0,10,0.2509,0.2561,20,0.2476,0.2488,0.2561,0.2488,20.0,50490.0,188
2023-05-11 09:33:07,OP90002106,深证100ETF购12月2750,0.2561,0.0,0.0,0.0,10,0.2509,0.256,5,0.2476,0.2488,0.2561,0.2488,20.0,50490.0,188
2023-05-11 09:33:07,OP90002106,深证100ETF购12月2750,0.2561,0.0,0.0,0.0,10,0.2509,0.256,25,0.2476,0.2488,0.2561,0.2488,20.0,50490.0,188
2023-05-11 09:33:08,OP90002106,深证100ETF购12月2750,0.2561,0.0,0.0,0.0,1,0.2506,0.256,25,0.2476,0.2488,0.2561,0.2488,20.0,50490.0,188
2023-05-11 09:33:09,OP90002106,深证100ETF购12月2750,0.2561,0.0,0.0,0.0,1,0.2507,0.256,25,0.2476,0.2488,0.2561,0.2488,20.0,50490.0,188
2023-05-11 09:33:09,OP90002106,深证100ETF购12月2750,0.2561,0.0,0.0,0.0,10,0.2509,0.256,25,0.2476,0.2488,0.2561,0.2488,20.0,50490.0,188
2023-05-11 09:33:10,OP90002106,深证100ETF购12月2750,0.2561,0.0,0.0,0.0,1,0.2507,0.256,25,0.2476,0.2488,0.2561,0.2488,20.0,50490.0,188
2023-05-11 09:33:10,OP90002106,深证100ETF购12月2750,0.2561,0.0,0.0,0.0,1,0.2507,0.256,25,0.2476,0.2488,0.2561,0.2488,20.0,50490.0,188
2023-05-11 09:33:12,OP90002106,深证100ETF购12月2750,0.2561,0.0,0.0,0.0,1,0.2507,0.256,20,0.2476,0.2488,0.2561,0.2488,20.0,50490.0,188
2023-05-11 09:33:12,OP90002106,深证100ETF购12月2750,0.2561,0.0,0.0,0.0,1,0.2507,0.2561,21,0.2476,0.2488,0.2561,0.2488,20.0,50490.0,188
2023-05-11 09:33:13,OP90002106,深证100ETF购12月2750,0.2561,0.0,0.0,0.0,1,0.2507,0.2561,21,0.2476,0.2488,0.2561,0.2488,20.0,50490.0,188
2023-05-11 09:33:13,OP90002106,深证100ETF购12月2750,0.2561,0.0,0.0,0.0,1,0.2507,0.2561,21,0.2476,0.2488,0.2561,0.2488,20.0,50490.0,188
2023-05-11 09:33:14,OP90002106,深证100ETF购12月2750,0.2561,0.0,0.0,0.0,1,0.2507,0.2561,21,0.2476,0.2488,0.2561,0.2488,20.0,50490.0,188
2023-05-11 09:33:17,OP90002106,深证100ETF购12月2750,0.2561,0.0,0.0,0.0,1,0.2507,0.256,1,0.2476,0.2488,0.2561,0.2488,20.0,50490.0,188
2023-05-11 09:33:17,OP90002106,深证100ETF购12月2750,0.2561,0.0,0.0,0.0,1,0.2507,0.256,21,0.2476,0.2488,0.2561,0.2488,20.0,50490.0,188
2023-05-11 09:33:19,OP90002106,深证100ETF购12月2750,0.2561,0.0,0.0,0.0,10,0.2509,0.256,21,0.2476,0.2488,0.2561,0.2488,20.0,50490.0,188
2023-05-11 09:33:19,OP90002106,深证100ETF购12月2750,0.2561,0.0,0.0,0.0,1,0.2508,0.256,21,0.2476,0.2488,0.2561,0.2488,20.0,50490.0,188
2023-05-11 09:33:20,OP90002106,深证100ETF购12月2750,0.2561,0.0,0.0,0.0,1,0.2508,0.256,21,0.2476,0.2488,0.2561,0.2488,20.0,50490.0,188
2023-05-11 09:33:21,OP90002106,深证100ETF购12月2750,0.2561,0.0,0.0,0.0,10,0.2509,0.256,21,0.2476,0.2488,0.2561,0.2488,20.0,50490.0,188
2023-05-11 09:33:22,OP90002106,深证100ETF购12月2750,0.2561,0.0,0.0,0.0,1,0.2508,0.256,21,0.2476,0.2488,0.2561,0.2488,20.0,50490.0,188
2023-05-11 09:33:22,OP90002106,深证100ETF购12月2750,0.2561,0.0,0.0,0.0,1,0.2508,0.256,21,0.2476,0.2488,0.2561,0.2488,20.0,50490.0,188
2023-05-11 09:33:23,OP90002106,深证100ETF购12月2750,0.2561,0.0,0.0,0.0,10,0.2509,0.256,21,0.2476,0.2488,0.2561,0.2488,20.0,50490.0,188
2023-05-11 09:33:24,OP90002106,深证100ETF购12月2750,0.2561,0.0,0.0,0.0,1,0.2508,0.256,21,0.2476,0.2488,0.2561,0.2488,20.0,50490.0,188
2023-05-11 09:33:24,OP90002106,深证100ETF购12月2750,0.2561,0.0,0.0,0.0,1,0.2508,0.256,21,0.2476,0.2488,0.2561,0.2488,20.0,50490.0,188
2023-05-11 09:33:25,OP90002106,深证100ETF购12月2750,0.2561,0.0,0.0,0.0,10,0.251,0.256,21,0.2476,0.2488,0.2561,0.2488,20.0,50490.0,188
2023-05-11 09:33:25,OP90002106,深证100ETF购12月2750,0.2561,0.0,0.0,0.0,30,0.251,0.256,41,0.2476,0.2488,0.2561,0.2488,20.0,50490.0,188
2023-05-11 09:33:26,OP90002106,深证100ETF购12月2750,0.2561,0.0,0.0,0.0,20,0.251,0.256,41,0.2476,0.2488,0.2561,0.2488,20.0,50490.0,188
2023-05-11 09:33:26,OP90002106,深证100ETF购12月2750,0.2561,0.0,0.0,0.0,20,0.251,0.256,41,0.2476,0.2488,0.2561,0.2488,20.0,50490.0,188
2023-05-11 09:33:27,OP90002106,深证100ETF购12月2750,0.2561,0.0,0.0,0.0,20,0.251,0.2559,1,0.2476,0.2488,0.2561,0.2488,20.0,50490.0,188
2023-05-11 09:33:27,OP90002106,深证100ETF购12月2750,0.2561,0.0,0.0,0.0,20,0.251,0.2559,1,0.2476,0.2488,0.2561,0.2488,20.0,50490.0,188
2023-05-11 09:33:34,OP90002106,深证100ETF购12月2750,0.2561,0.0,0.0,0.0,21,0.251,0.2559,1,0.2476,0.2488,0.2561,0.2488,20.0,50490.0,188
2023-05-11 09:33:35,OP90002106,深证100ETF购12月2750,0.2561,0.0,0.0,0.0,21,0.251,0.2559,1,0.2476,0.2488,0.2561,0.2488,20.0,50490.0,188
2023-05-11 09:33:35,OP90002106,深证100ETF购12月2750,0.2561,0.0,0.0,0.0,21,0.251,0.2558,20,0.2476,0.2488,0.2561,0.2488,20.0,50490.0,188
2023-05-11 09:33:36,OP90002106,深证100ETF购12月2750,0.2561,0.0,0.0,0.0,21,0.251,0.2558,20,0.2476,0.2488,0.2561,0.2488,20.0,50490.0,188
2023-05-11 09:33:37,OP90002106,深证100ETF购12月2750,0.2561,0.0,0.0,0.0,21,0.251,0.2558,21,0.2476,0.2488,0.2561,0.2488,20.0,50490.0,188
2023-05-11 09:33:37,OP90002106,深证100ETF购12月2750,0.2561,0.0,0.0,0.0,21,0.251,0.2557,20,0.2476,0.2488,0.2561,0.2488,20.0,50490.0,188
2023-05-11 09:33:38,OP90002106,深证100ETF购12月2750,0.2561,0.0,0.0,0.0,21,0.251,0.2557,20,0.2476,0.2488,0.2561,0.2488,20.0,50490.0,188
2023-05-11 09:33:44,OP90002106,深证100ETF购12月2750,0.2561,0.0,0.0,0.0,1,0.2511,0.2557,20,0.2476,0.2488,0.2561,0.2488,20.0,50490.0,188
2023-05-11 09:33:45,OP90002106,深证100ETF购12月2750,0.2561,0.0,0.0,0.0,1,0.2511,0.2557,20,0.2476,0.2488,0.2561,0.2488,20.0,50490.0,188
2023-05-11 09:33:46,OP90002106,深证100ETF购12月2750,0.2561,0.0,0.0,0.0,1,0.2511,0.2557,20,0.2476,0.2488,0.2561,0.2488,20.0,50490.0,188
2023-05-11 09:33:47,OP90002106,深证100ETF购12月2750,0.2561,0.0,0.0,0.0,1,0.2511,0.2557,20,0.2476,0.2488,0.2561,0.2488,20.0,50490.0,188
2023-05-11 09:33:52,OP90002106,深证100ETF购12月2750,0.2561,0.0,0.0,0.0,1,0.2511,0.2557,21,0.2476,0.2488,0.2561,0.2488,20.0,50490.0,188
2023-05-11 09:33:52,OP90002106,深证100ETF购12月2750,0.2561,0.0,0.0,0.0,1,0.2511,0.2556,20,0.2476,0.2488,0.2561,0.2488,20.0,50490.0,188
2023-05-11 09:33:54,OP90002106,深证100ETF购12月2750,0.2561,0.0,0.0,0.0,1,0.2512,0.2556,20,0.2476,0.2488,0.2561,0.2488,20.0,50490.0,188
2023-05-11 09:33:55,OP90002106,深证100ETF购12月2750,0.2561,0.0,0.0,0.0,1,0.2512,0.2556,20,0.2476,0.2488,0.2561,0.2488,20.0,50490.0,188
2023-05-11 09:33:56,OP90002106,深证100ETF购12月2750,0.2561,0.0,0.0,0.0,1,0.2512,0.2556,20,0.2476,0.2488,0.2561,0.2488,20.0,50490.0,188
2023-05-11 09:34:03,OP90002106,深证100ETF购12月2750,0.2561,0.0,0.0,0.0,1,0.2512,0.2557,1,0.2476,0.2488,0.2561,0.2488,20.0,50490.0,188
2023-05-11 09:34:04,OP90002106,深证100ETF购12月2750,0.2561,0.0,0.0,0.0,1,0.2512,0.2556,1,0.2476,0.2488,0.2561,0.2488,20.0,50490.0,188
2023-05-11 09:34:04,OP90002106,深证100ETF购12月2750,0.2561,0.0,0.0,0.0,1,0.2513,0.2556,1,0.2476,0.2488,0.2561,0.2488,20.0,50490.0,188
2023-05-11 09:34:05,OP90002106,深证100ETF购12月2750,0.2561,0.0,0.0,0.0,1,0.2513,0.2556,1,0.2476,0.2488,0.2561,0.2488,20.0,50490.0,188
2023-05-11 09:34:14,OP90002106,深证100ETF购12月2750,0.2561,0.0,0.0,0.0,1,0.2513,0.2555,1,0.2476,0.2488,0.2561,0.2488,20.0,50490.0,188
2023-05-11 09:34:14,OP90002106,深证100ETF购12月2750,0.2561,0.0,0.0,0.0,1,0.2514,0.2555,1,0.2476,0.2488,0.2561,0.2488,20.0,50490.0,188
2023-05-11 09:34:15,OP90002106,深证100ETF购12月2750,0.2561,0.0,0.0,0.0,1,0.2514,0.2555,1,0.2476,0.2488,0.2561,0.2488,20.0,50490.0,188
2023-05-11 09:34:21,OP90002106,深证100ETF购12月2750,0.2561,0.0,0.0,0.0,1,0.2514,0.2555,1,0.2476,0.2488,0.2561,0.2488,20.0,50490.0,188
2023-05-11 09:34:24,OP90002106,深证100ETF购12月2750,0.2561,0.0,0.0,0.0,1,0.2514,0.2554,1,0.2476,0.2488,0.2561,0.2488,20.0,50490.0,188
2023-05-11 09:34:24,OP90002106,深证100ETF购12月2750,0.2561,0.0,0.0,0.0,1,0.2515,0.2554,1,0.2476,0.2488,0.2561,0.2488,20.0,50490.0,188
2023-05-11 09:34:25,OP90002106,深证100ETF购12月2750,0.2561,0.0,0.0,0.0,21,0.2515,0.2554,1,0.2476,0.2488,0.2561,0.2488,20.0,50490.0,188
2023-05-11 09:34:25,OP90002106,深证100ETF购12月2750,0.2561,0.0,0.0,0.0,21,0.2515,0.2554,1,0.2476,0.2488,0.2561,0.2488,20.0,50490.0,188
2023-05-11 09:34:26,OP90002106,深证100ETF购12月2750,0.2561,0.0,0.0,0.0,21,0.2515,0.2554,1,0.2476,0.2488,0.2561,0.2488,20.0,50490.0,188
2023-05-11 09:34:34,OP90002106,深证100ETF购12月2750,0.2561,0.0,0.0,0.0,21,0.2515,0.2553,1,0.2476,0.2488,0.2561,0.2488,20.0,50490.0,188
2023-05-11 09:34:34,OP90002106,深证100ETF购12月2750,0.2561,0.0,0.0,0.0,21,0.2515,0.2553,1,0.2476,0.2488,0.2561,0.2488,20.0,50490.0,188
2023-05-11 09:34:35,OP90002106,深证100ETF购12月2750,0.2561,0.0,0.0,0.0,1,0.2516,0.2553,1,0.2476,0.2488,0.2561,0.2488,20.0,50490.0,188
2023-05-11 09:34:35,OP90002106,深证100ETF购12月2750,0.2561,0.0,0.0,0.0,1,0.2516,0.2553,1,0.2476,0.2488,0.2561,0.2488,20.0,50490.0,188
2023-05-11 09:34:36,OP90002106,深证100ETF购12月2750,0.2561,0.0,0.0,0.0,1,0.2516,0.2553,1,0.2476,0.2488,0.2561,0.2488,20.0,50490.0,188
2023-05-11 09:34:44,OP90002106,深证100ETF购12月2750,0.2561,0.0,0.0,0.0,1,0.2516,0.2552,1,0.2476,0.2488,0.2561,0.2488,20.0,50490.0,188
2023-05-11 09:34:44,OP90002106,深证100ETF购12月2750,0.2561,0.0,0.0,0.0,1,0.2516,0.2552,1,0.2476,0.2488,0.2561,0.2488,20.0,50490.0,188
2023-05-11 09:34:45,OP90002106,深证100ETF购12月2750,0.2561,0.0,0.0,0.0,1,0.2517,0.2552,1,0.2476,0.2488,0.2561,0.2488,20.0,50490.0,188
2023-05-11 09:34:45,OP90002106,深证100ETF购12月2750,0.2561,0.0,0.0,0.0,1,0.2517,0.2552,1,0.2476,0.2488,0.2561,0.2488,20.0,50490.0,188
2023-05-11 09:34:46,OP90002106,深证100ETF购12月2750,0.2561,0.0,0.0,0.0,1,0.2517,0.2552,1,0.2476,0.2488,0.2561,0.2488,20.0,50490.0,188
2023-05-11 09:34:53,OP90002106,深证100ETF购12月2750,0.2561,0.0,0.0,0.0,21,0.2515,0.2552,1,0.2476,0.2488,0.2561,0.2488,20.0,50490.0,188
2023-05-11 09:34:54,OP90002106,深证100ETF购12月2750,0.2561,0.0,0.0,0.0,21,0.2515,0.2551,1,0.2476,0.2488,0.2561,0.2488,20.0,50490.0,188
2023-05-11 09:34:54,OP90002106,深证100ETF购12月2750,0.2561,0.0,0.0,0.0,21,0.2515,0.2551,1,0.2476,0.2488,0.2561,0.2488,20.0,50490.0,188
2023-05-11 09:35:00,OP90002106,深证100ETF购12月2750,0.2561,0.0,0.0,0.0,21,0.2515,0.2551,1,0.2476,0.2488,0.2561,0.2488,20.0,50490.0,188
2023-05-11 09:35:01,OP90002106,深证100ETF购12月2750,0.2561,0.0,0.0,0.0,1,0.2515,0.2551,1,0.2476,0.2488,0.2561,0.2488,20.0,50490.0,188
2023-05-11 09:35:03,OP90002106,深证100ETF购12月2750,0.2561,0.0,0.0,0.0,1,0.2516,0.2551,1,0.2476,0.2488,0.2561,0.2488,20.0,50490.0,188
2023-05-11 09:35:04,OP90002106,深证100ETF购12月2750,0.2561,0.0,0.0,0.0,1,0.2516,0.255,1,0.2476,0.2488,0.2561,0.2488,20.0,50490.0,188
2023-05-11 09:35:04,OP90002106,深证100ETF购12月2750,0.2561,0.0,0.0,0.0,1,0.2516,0.255,1,0.2476,0.2488,0.2561,0.2488,20.0,50490.0,188
2023-05-11 09:35:05,OP90002106,深证100ETF购12月2750,0.2561,0.0,0.0,0.0,1,0.2516,0.255,1,0.2476,0.2488,0.2561,0.2488,20.0,50490.0,188
2023-05-11 09:35:07,OP90002106,深证100ETF购12月2750,0.2561,0.0,0.0,0.0,1,0.2516,0.255,21,0.2476,0.2488,0.2561,0.2488,20.0,50490.0,188
2023-05-11 09:35:07,OP90002106,深证100ETF购12月2750,0.2561,0.0,0.0,0.0,1,0.2516,0.255,41,0.2476,0.2488,0.2561,0.2488,20.0,50490.0,188
2023-05-11 09:35:08,OP90002106,深证100ETF购12月2750,0.2561,0.0,0.0,0.0,1,0.2516,0.255,41,0.2476,0.2488,0.2561,0.2488,20.0,50490.0,188
2023-05-11 09:35:09,OP90002106,深证100ETF购12月2750,0.2561,0.0,0.0,0.0,1,0.2516,0.255,21,0.2476,0.2488,0.2561,0.2488,20.0,50490.0,188
2023-05-11 09:35:11,OP90002106,深证100ETF购12月2750,0.2561,0.0,0.0,0.0,21,0.2516,0.255,21,0.2476,0.2488,0.2561,0.2488,20.0,50490.0,188
2023-05-11 09:35:11,OP90002106,深证100ETF购12月2750,0.2561,0.0,0.0,0.0,20,0.2516,0.255,21,0.2476,0.2488,0.2561,0.2488,20.0,50490.0,188
2023-05-11 09:35:12,OP90002106,深证100ETF购12月2750,0.2561,0.0,0.0,0.0,30,0.2503,0.255,21,0.2476,0.2488,0.2561,0.2488,20.0,50490.0,188
2023-05-11 09:35:12,OP90002106,深证100ETF购12月2750,0.2561,0.0,0.0,0.0,31,0.2503,0.255,21,0.2476,0.2488,0.2561,0.2488,20.0,50490.0,188
2023-05-11 09:35:13,OP90002106,深证100ETF购12月2750,0.2561,0.0,0.0,0.0,21,0.2503,0.255,21,0.2476,0.2488,0.2561,0.2488,20.0,50490.0,188
2023-05-11 09:35:14,OP90002106,深证100ETF购12月2750,0.2561,0.0,0.0,0.0,21,0.2503,0.2549,1,0.2476,0.2488,0.2561,0.2488,20.0,50490.0,188
2023-05-11 09:35:15,OP90002106,深证100ETF购12月2750,0.2561,0.0,0.0,0.0,21,0.2503,0.2549,21,0.2476,0.2488,0.2561,0.2488,20.0,50490.0,188
2023-05-11 09:35:19,OP90002106,深证100ETF购12月2750,0.2561,0.0,0.0,0.0,21,0.2503,0.2549,1,0.2476,0.2488,0.2561,0.2488,20.0,50490.0,188
2023-05-11 09:35:21,OP90002106,深证100ETF购12月2750,0.2561,0.0,0.0,0.0,21,0.2503,0.2549,1,0.2476,0.2488,0.2561,0.2488,20.0,50490.0,188
2023-05-11 09:35:22,OP90002106,深证100ETF购12月2750,0.2561,0.0,0.0,0.0,21,0.2503,0.2549,1,0.2476,0.2488,0.2561,0.2488,20.0,50490.0,188
2023-05-11 09:35:22,OP90002106,深证100ETF购12月2750,0.2561,0.0,0.0,0.0,1,0.2504,0.2549,1,0.2476,0.2488,0.2561,0.2488,20.0,50490.0,188
2023-05-11 09:35:24,OP90002106,深证100ETF购12月2750,0.2561,0.0,0.0,0.0,1,0.2504,0.2548,1,0.2476,0.2488,0.2561,0.2488,20.0,50490.0,188
2023-05-11 09:35:25,OP90002106,深证100ETF购12月2750,0.2561,0.0,0.0,0.0,1,0.2504,0.2548,1,0.2476,0.2488,0.2561,0.2488,20.0,50490.0,188
2023-05-11 09:35:32,OP90002106,深证100ETF购12月2750,0.2561,0.0,0.0,0.0,1,0.2504,0.2548,1,0.2476,0.2488,0.2561,0.2488,20.0,50490.0,188
2023-05-11 09:35:32,OP90002106,深证100ETF购12月2750,0.2561,0.0,0.0,0.0,1,0.2505,0.2548,1,0.2476,0.2488,0.2561,0.2488,20.0,50490.0,188
2023-05-11 09:35:33,OP90002106,深证100ETF购12月2750,0.2561,0.0,0.0,0.0,1,0.2505,0.2548,1,0.2476,0.2488,0.2561,0.2488,20.0,50490.0,188
2023-05-11 09:35:34,OP90002106,深证100ETF购12月2750,0.2561,0.0,0.0,0.0,1,0.2505,0.2547,1,0.2476,0.2488,0.2561,0.2488,20.0,50490.0,188
2023-05-11 09:35:38,OP90002106,深证100ETF购12月2750,0.2561,0.0,0.0,0.0,1,0.2505,0.2547,1,0.2476,0.2488,0.2561,0.2488,20.0,50490.0,188
2023-05-11 09:35:42,OP90002106,深证100ETF购12月2750,0.2561,0.0,0.0,0.0,1,0.2506,0.2547,1,0.2476,0.2488,0.2561,0.2488,20.0,50490.0,188
2023-05-11 09:35:48,OP90002106,深证100ETF购12月2750,0.2561,0.0,0.0,0.0,1,0.2506,0.2547,1,0.2476,0.2488,0.2561,0.2488,20.0,50490.0,188
2023-05-11 09:35:49,OP90002106,深证100ETF购12月2750,0.2561,0.0,0.0,0.0,1,0.2506,0.2547,1,0.2476,0.2488,0.2561,0.2488,20.0,50490.0,188
2023-05-11 09:35:51,OP90002106,深证100ETF购12月2750,0.2561,0.0,0.0,0.0,1,0.2506,0.2547,1,0.2476,0.2488,0.2561,0.2488,20.0,50490.0,188
2023-05-11 09:35:52,OP90002106,深证100ETF购12月2750,0.2561,0.0,0.0,0.0,1,0.2507,0.2547,1,0.2476,0.2488,0.2561,0.2488,20.0,50490.0,188
2023-05-11 09:35:53,OP90002106,深证100ETF购12月2750,0.2561,0.0,0.0,0.0,1,0.2507,0.2546,1,0.2476,0.2488,0.2561,0.2488,20.0,50490.0,188
2023-05-11 09:35:53,OP90002106,深证100ETF购12月2750,0.2561,0.0,0.0,0.0,1,0.2507,0.2546,1,0.2476,0.2488,0.2561,0.2488,20.0,50490.0,188
2023-05-11 09:35:54,OP90002106,深证100ETF购12月2750,0.2561,0.0,0.0,0.0,1,0.2507,0.2546,1,0.2476,0.2488,0.2561,0.2488,20.0,50490.0,188
2023-05-11 09:36:01,OP90002106,深证100ETF购12月2750,0.2561,0.0,0.0,0.0,1,0.2507,0.2546,1,0.2476,0.2488,0.2561,0.2488,20.0,50490.0,188
2023-05-11 09:36:02,OP90002106,深证100ETF购12月2750,0.2561,0.0,0.0,0.0,1,0.2508,0.2546,1,0.2476,0.2488,0.2561,0.2488,20.0,50490.0,188
2023-05-11 09:36:03,OP90002106,深证100ETF购12月2750,0.2561,0.0,0.0,0.0,1,0.2508,0.2546,1,0.2476,0.2488,0.2561,0.2488,20.0,50490.0,188
2023-05-11 09:36:07,OP90002106,深证100ETF购12月2750,0.2561,0.0,0.0,0.0,1,0.2508,0.2545,1,0.2476,0.2488,0.2561,0.2488,20.0,50490.0,188
2023-05-11 09:36:08,OP90002106,深证100ETF购12月2750,0.2561,0.0,0.0,0.0,1,0.2508,0.2545,1,0.2476,0.2488,0.2561,0.2488,20.0,50490.0,188
2023-05-11 09:36:08,OP90002106,深证100ETF购12月2750,0.2561,0.0,0.0,0.0,1,0.2508,0.2545,1,0.2476,0.2488,0.2561,0.2488,20.0,50490.0,188
2023-05-11 09:36:10,OP90002106,深证100ETF购12月2750,0.2561,0.0,0.0,0.0,1,0.2508,0.2545,21,0.2476,0.2488,0.2561,0.2488,20.0,50490.0,188
2023-05-11 09:36:10,OP90002106,深证100ETF购12月2750,0.2561,0.0,0.0,0.0,1,0.2508,0.2545,21,0.2476,0.2488,0.2561,0.2488,20.0,50490.0,188
2023-05-11 09:36:11,OP90002106,深证100ETF购12月2750,0.2561,0.0,0.0,0.0,1,0.2508,0.2545,21,0.2476,0.2488,0.2561,0.2488,20.0,50490.0,188
2023-05-11 09:36:11,OP90002106,深证100ETF购12月2750,0.2561,0.0,0.0,0.0,1,0.2508,0.2545,21,0.2476,0.2488,0.2561,0.2488,20.0,50490.0,188
2023-05-11 09:36:12,OP90002106,深证100ETF购12月2750,0.2561,0.0,0.0,0.0,1,0.2509,0.2545,21,0.2476,0.2488,0.2561,0.2488,20.0,50490.0,188
2023-05-11 09:36:13,OP90002106,深证100ETF购12月2750,0.2561,0.0,0.0,0.0,1,0.2509,0.2545,21,0.2476,0.2488,0.2561,0.2488,20.0,50490.0,188
2023-05-11 09:36:13,OP90002106,深证100ETF购12月2750,0.2561,0.0,0.0,0.0,1,0.2509,0.2545,21,0.2476,0.2488,0.2561,0.2488,20.0,50490.0,188
2023-05-11 09:36:14,OP90002106,深证100ETF购12月2750,0.2561,0.0,0.0,0.0,1,0.2509,0.2545,21,0.2476,0.2488,0.2561,0.2488,20.0,50490.0,188
2023-05-11 09:36:17,OP90002106,深证100ETF购12月2750,0.2561,0.0,0.0,0.0,1,0.2509,0.2544,1,0.2476,0.2488,0.2561,0.2488,20.0,50490.0,188
2023-05-11 09:36:18,OP90002106,深证100ETF购12月2750,0.2561,0.0,0.0,0.0,1,0.2509,0.2544,1,0.2476,0.2488,0.2561,0.2488,20.0,50490.0,188
2023-05-11 09:36:23,OP90002106,深证100ETF购12月2750,0.2561,0.0,0.0,0.0,1,0.251,0.2544,1,0.2476,0.2488,0.2561,0.2488,20.0,50490.0,188
2023-05-11 09:36:27,OP90002106,深证100ETF购12月2750,0.2561,0.0,0.0,0.0,1,0.251,0.2543,1,0.2476,0.2488,0.2561,0.2488,20.0,50490.0,188
2023-05-11 09:36:33,OP90002106,深证100ETF购12月2750,0.2561,0.0,0.0,0.0,1,0.2511,0.2543,1,0.2476,0.2488,0.2561,0.2488,20.0,50490.0,188
2023-05-11 09:36:35,OP90002106,深证100ETF购12月2750,0.2561,0.0,0.0,0.0,1,0.2511,0.2543,1,0.2476,0.2488,0.2561,0.2488,20.0,50490.0,188
2023-05-11 09:36:38,OP90002106,深证100ETF购12月2750,0.2561,0.0,0.0,0.0,1,0.2509,0.2542,1,0.2476,0.2488,0.2561,0.2488,20.0,50490.0,188
2023-05-11 09:36:38,OP90002106,深证100ETF购12月2750,0.2561,0.0,0.0,0.0,1,0.2509,0.2542,1,0.2476,0.2488,0.2561,0.2488,20.0,50490.0,188
2023-05-11 09:36:39,OP90002106,深证100ETF购12月2750,0.2561,0.0,0.0,0.0,1,0.2509,0.2542,1,0.2476,0.2488,0.2561,0.2488,20.0,50490.0,188
2023-05-11 09:36:44,OP90002106,深证100ETF购12月2750,0.2561,0.0,0.0,0.0,1,0.2509,0.2542,1,0.2476,0.2488,0.2561,0.2488,20.0,50490.0,188
2023-05-11 09:36:45,OP90002106,深证100ETF购12月2750,0.2561,0.0,0.0,0.0,1,0.2509,0.2542,1,0.2476,0.2488,0.2561,0.2488,20.0,50490.0,188
2023-05-11 09:36:47,OP90002106,深证100ETF购12月2750,0.2561,0.0,0.0,0.0,1,0.2507,0.2542,1,0.2476,0.2488,0.2561,0.2488,20.0,50490.0,188
2023-05-11 09:36:48,OP90002106,深证100ETF购12月2750,0.2561,0.0,0.0,0.0,1,0.2507,0.2541,1,0.2476,0.2488,0.2561,0.2488,20.0,50490.0,188
2023-05-11 09:36:48,OP90002106,深证100ETF购12月2750,0.2561,0.0,0.0,0.0,1,0.2507,0.2541,1,0.2476,0.2488,0.2561,0.2488,20.0,50490.0,188
2023-05-11 09:36:54,OP90002106,深证100ETF购12月2750,0.2561,0.0,0.0,0.0,1,0.2507,0.2541,1,0.2476,0.2488,0.2561,0.2488,20.0,50490.0,188
2023-05-11 09:36:56,OP90002106,深证100ETF购12月2750,0.2561,0.0,0.0,0.0,1,0.2507,0.2541,1,0.2476,0.2488,0.2561,0.2488,20.0,50490.0,188
2023-05-11 09:36:57,OP90002106,深证100ETF购12月2750,0.2561,0.0,0.0,0.0,1,0.2508,0.2541,1,0.2476,0.2488,0.2561,0.2488,20.0,50490.0,188
2023-05-11 09:37:00,OP90002106,深证100ETF购12月2750,0.2561,0.0,0.0,0.0,1,0.2508,0.2541,1,0.2476,0.2488,0.2561,0.2488,20.0,50490.0,188
2023-05-11 09:37:02,OP90002106,深证100ETF购12月2750,0.2561,0.0,0.0,0.0,10,0.2503,0.254,1,0.2476,0.2488,0.2561,0.2488,20.0,50490.0,188
2023-05-11 09:37:03,OP90002106,深证100ETF购12月2750,0.2561,0.0,0.0,0.0,10,0.2503,0.254,21,0.2476,0.2488,0.2561,0.2488,20.0,50490.0,188
2023-05-11 09:37:03,OP90002106,深证100ETF购12月2750,0.2561,0.0,0.0,0.0,10,0.2503,0.254,21,0.2476,0.2488,0.2561,0.2488,20.0,50490.0,188
2023-05-11 09:37:06,OP90002106,深证100ETF购12月2750,0.2561,0.0,0.0,0.0,10,0.2503,0.254,21,0.2476,0.2488,0.2561,0.2488,20.0,50490.0,188
2023-05-11 09:37:07,OP90002106,深证100ETF购12月2750,0.2561,0.0,0.0,0.0,21,0.2502,0.254,21,0.2476,0.2488,0.2561,0.2488,20.0,50490.0,188
2023-05-11 09:37:08,OP90002106,深证100ETF购12月2750,0.2561,0.0,0.0,0.0,1,0.2503,0.254,21,0.2476,0.2488,0.2561,0.2488,20.0,50490.0,188
2023-05-11 09:37:09,OP90002106,深证100ETF购12月2750,0.2561,0.0,0.0,0.0,1,0.2503,0.254,21,0.2476,0.2488,0.2561,0.2488,20.0,50490.0,188
2023-05-11 09:37:12,OP90002106,深证100ETF购12月2750,0.2561,0.0,0.0,0.0,1,0.2503,0.254,21,0.2476,0.2488,0.2561,0.2488,20.0,50490.0,188
2023-05-11 09:37:14,OP90002106,深证100ETF购12月2750,0.2561,0.0,0.0,0.0,1,0.2503,0.254,20,0.2476,0.2488,0.2561,0.2488,20.0,50490.0,188
2023-05-11 09:37:15,OP90002106,深证100ETF购12月2750,0.2561,0.0,0.0,0.0,21,0.2503,0.2547,40,0.2476,0.2488,0.2561,0.2488,20.0,50490.0,188
2023-05-11 09:37:15,OP90002106,深证100ETF购12月2750,0.2561,0.0,0.0,0.0,21,0.2503,0.2547,20,0.2476,0.2488,0.2561,0.2488,20.0,50490.0,188
2023-05-11 09:37:17,OP90002106,深证100ETF购12月2750,0.2561,0.0,0.0,0.0,1,0.2503,0.2549,41,0.2476,0.2488,0.2561,0.2488,20.0,50490.0,188
2023-05-11 09:37:18,OP90002106,深证100ETF购12月2750,0.2561,0.0,0.0,0.0,1,0.2504,0.2549,21,0.2476,0.2488,0.2561,0.2488,20.0,50490.0,188
2023-05-11 09:37:18,OP90002106,深证100ETF购12月2750,0.2561,0.0,0.0,0.0,1,0.2504,0.2549,21,0.2476,0.2488,0.2561,0.2488,20.0,50490.0,188
2023-05-11 09:37:19,OP90002106,深证100ETF购12月2750,0.2561,0.0,0.0,0.0,1,0.2504,0.2549,21,0.2476,0.2488,0.2561,0.2488,20.0,50490.0,188
2023-05-11 09:37:20,OP90002106,深证100ETF购12月2750,0.2561,0.0,0.0,0.0,1,0.2504,0.2549,21,0.2476,0.2488,0.2561,0.2488,20.0,50490.0,188
2023-05-11 09:37:21,OP90002106,深证100ETF购12月2750,0.2561,0.0,0.0,0.0,1,0.2504,0.2549,21,0.2476,0.2488,0.2561,0.2488,20.0,50490.0,188
2023-05-11 09:37:21,OP90002106,深证100ETF购12月2750,0.2561,0.0,0.0,0.0,1,0.2504,0.2549,21,0.2476,0.2488,0.2561,0.2488,20.0,50490.0,188
2023-05-11 09:37:25,OP90002106,深证100ETF购12月2750,0.2561,0.0,0.0,0.0,1,0.2504,0.2548,1,0.2476,0.2488,0.2561,0.2488,20.0,50490.0,188
2023-05-11 09:37:26,OP90002106,深证100ETF购12月2750,0.2561,0.0,0.0,0.0,1,0.2504,0.2548,1,0.2476,0.2488,0.2561,0.2488,20.0,50490.0,188
2023-05-11 09:37:27,OP90002106,深证100ETF购12月2750,0.2561,0.0,0.0,0.0,1,0.2504,0.2548,1,0.2476,0.2488,0.2561,0.2488,20.0,50490.0,188
2023-05-11 09:37:28,OP90002106,深证100ETF购12月2750,0.2561,0.0,0.0,0.0,1,0.2505,0.2548,1,0.2476,0.2488,0.2561,0.2488,20.0,50490.0,188
2023-05-11 09:37:30,OP90002106,深证100ETF购12月2750,0.2561,0.0,0.0,0.0,1,0.2505,0.2548,1,0.2476,0.2488,0.2561,0.2488,20.0,50490.0,188
2023-05-11 09:37:33,OP90002106,深证100ETF购12月2750,0.2561,0.0,0.0,0.0,1,0.2505,0.2548,1,0.2476,0.2488,0.2561,0.2488,20.0,50490.0,188
2023-05-11 09:37:35,OP90002106,深证100ETF购12月2750,0.2561,0.0,0.0,0.0,1,0.2505,0.2547,1,0.2476,0.2488,0.2561,0.2488,20.0,50490.0,188
2023-05-11 09:37:38,OP90002106,深证100ETF购12月2750,0.2561,0.0,0.0,0.0,1,0.2506,0.2547,1,0.2476,0.2488,0.2561,0.2488,20.0,50490.0,188
2023-05-11 09:37:39,OP90002106,深证100ETF购12月2750,0.2561,0.0,0.0,0.0,21,0.2506,0.2547,21,0.2476,0.2488,0.2561,0.2488,20.0,50490.0,188
2023-05-11 09:37:39,OP90002106,深证100ETF购12月2750,0.2561,0.0,0.0,0.0,21,0.2506,0.2547,21,0.2476,0.2488,0.2561,0.2488,20.0,50490.0,188
2023-05-11 09:37:41,OP90002106,深证100ETF购12月2750,0.2561,0.0,0.0,0.0,21,0.2506,0.2547,21,0.2476,0.2488,0.2561,0.2488,20.0,50490.0,188
2023-05-11 09:37:45,OP90002106,深证100ETF购12月2750,0.2561,0.0,0.0,0.0,21,0.2506,0.2546,1,0.2476,0.2488,0.2561,0.2488,20.0,50490.0,188
2023-05-11 09:37:46,OP90002106,深证100ETF购12月2750,0.2561,0.0,0.0,0.0,21,0.2506,0.2546,1,0.2476,0.2488,0.2561,0.2488,20.0,50490.0,188
2023-05-11 09:37:48,OP90002106,深证100ETF购12月2750,0.2561,0.0,0.0,0.0,1,0.2507,0.2546,1,0.2476,0.2488,0.2561,0.2488,20.0,50490.0,188
2023-05-11 09:37:51,OP90002106,深证100ETF购12月2750,0.2561,0.0,0.0,0.0,1,0.2507,0.2546,1,0.2476,0.2488,0.2561,0.2488,20.0,50490.0,188
2023-05-11 09:37:52,OP90002106,深证100ETF购12月2750,0.2561,0.0,0.0,0.0,1,0.2507,0.2546,1,0.2476,0.2488,0.2561,0.2488,20.0,50490.0,188
2023-05-11 09:37:53,OP90002106,深证100ETF购12月2750,0.2561,0.0,0.0,0.0,1,0.2507,0.2546,1,0.2476,0.2488,0.2561,0.2488,20.0,50490.0,188
2023-05-11 09:37:54,OP90002106,深证100ETF购12月2750,0.2561,0.0,0.0,0.0,1,0.2507,0.2546,1,0.2476,0.2488,0.2561,0.2488,20.0,50490.0,188
2023-05-11 09:37:55,OP90002106,深证100ETF购12月2750,0.2561,0.0,0.0,0.0,1,0.2507,0.2545,1,0.2476,0.2488,0.2561,0.2488,20.0,50490.0,188
2023-05-11 09:37:56,OP90002106,深证100ETF购12月2750,0.2561,0.0,0.0,0.0,1,0.2507,0.2545,1,0.2476,0.2488,0.2561,0.2488,20.0,50490.0,188
2023-05-11 09:37:58,OP90002106,深证100ETF购12月2750,0.2561,0.0,0.0,0.0,1,0.2508,0.2545,1,0.2476,0.2488,0.2561,0.2488,20.0,50490.0,188
2023-05-11 09:37:59,OP90002106,深证100ETF购12月2750,0.2561,0.0,0.0,0.0,1,0.2508,0.2545,1,0.2476,0.2488,0.2561,0.2488,20.0,50490.0,188
2023-05-11 09:37:59,OP90002106,深证100ETF购12月2750,0.2561,0.0,0.0,0.0,1,0.2508,0.2545,1,0.2476,0.2488,0.2561,0.2488,20.0,50490.0,188
2023-05-11 09:38:01,OP90002106,深证100ETF购12月2750,0.2561,0.0,0.0,0.0,1,0.2508,0.2545,1,0.2476,0.2488,0.2561,0.2488,20.0,50490.0,188
2023-05-11 09:38:02,OP90002106,深证100ETF购12月2750,0.2561,0.0,0.0,0.0,21,0.2508,0.2545,1,0.2476,0.2488,0.2561,0.2488,20.0,50490.0,188
2023-05-11 09:38:04,OP90002106,深证100ETF购12月2750,0.2561,0.0,0.0,0.0,21,0.2508,0.2545,1,0.2476,0.2488,0.2561,0.2488,20.0,50490.0,188
2023-05-11 09:38:04,OP90002106,深证100ETF购12月2750,0.2561,0.0,0.0,0.0,21,0.2508,0.2545,1,0.2476,0.2488,0.2561,0.2488,20.0,50490.0,188
2023-05-11 09:38:06,OP90002106,深证100ETF购12月2750,0.2561,0.0,0.0,0.0,31,0.2508,0.2545,1,0.2476,0.2488,0.2561,0.2488,20.0,50490.0,188
2023-05-11 09:38:07,OP90002106,深证100ETF购12月2750,0.2561,0.0,0.0,0.0,31,0.2508,0.2545,1,0.2476,0.2488,0.2561,0.2488,20.0,50490.0,188
2023-05-11 09:38:07,OP90002106,深证100ETF购12月2750,0.2561,0.0,0.0,0.0,20,0.2511,0.2545,1,0.2476,0.2488,0.2561,0.2488,20.0,50490.0,188
2023-05-11 09:38:08,OP90002106,深证100ETF购12月2750,0.2561,0.0,0.0,0.0,20,0.2511,0.2545,1,0.2476,0.2488,0.2561,0.2488,20.0,50490.0,188
2023-05-11 09:38:08,OP90002106,深证100ETF购12月2750,0.2561,0.0,0.0,0.0,31,0.2511,0.2545,1,0.2476,0.2488,0.2561,0.2488,20.0,50490.0,188
2023-05-11 09:38:14,OP90002106,深证100ETF购12月2750,0.2561,0.0,0.0,0.0,31,0.2511,0.2545,1,0.2476,0.2488,0.2561,0.2488,20.0,50490.0,188
2023-05-11 09:38:15,OP90002106,深证100ETF购12月2750,0.2561,0.0,0.0,0.0,31,0.2511,0.2545,1,0.2476,0.2488,0.2561,0.2488,20.0,50490.0,188
2023-05-11 09:38:18,OP90002106,深证100ETF购12月2750,0.2561,0.0,0.0,0.0,1,0.2512,0.2545,1,0.2476,0.2488,0.2561,0.2488,20.0,50490.0,188
2023-05-11 09:38:19,OP90002106,深证100ETF购12月2750,0.2561,0.0,0.0,0.0,11,0.2512,0.2545,1,0.2476,0.2488,0.2561,0.2488,20.0,50490.0,188
2023-05-11 09:38:19,OP90002106,深证100ETF购12月2750,0.2561,0.0,0.0,0.0,11,0.2512,0.2545,1,0.2476,0.2488,0.2561,0.2488,20.0,50490.0,188
2023-05-11 09:38:20,OP90002106,深证100ETF购12月2750,0.2561,0.0,0.0,0.0,11,0.2512,0.2545,1,0.2476,0.2488,0.2561,0.2488,20.0,50490.0,188
2023-05-11 09:38:21,OP90002106,深证100ETF购12月2750,0.2561,0.0,0.0,0.0,1,0.2512,0.2545,1,0.2476,0.2488,0.2561,0.2488,20.0,50490.0,188
2023-05-11 09:38:22,OP90002106,深证100ETF购12月2750,0.2561,0.0,0.0,0.0,1,0.2512,0.2545,1,0.2476,0.2488,0.2561,0.2488,20.0,50490.0,188
2023-05-11 09:38:26,OP90002106,深证100ETF购12月2750,0.2561,0.0,0.0,0.0,11,0.2512,0.2545,1,0.2476,0.2488,0.2561,0.2488,20.0,50490.0,188
2023-05-11 09:38:27,OP90002106,深证100ETF购12月2750,0.2561,0.0,0.0,0.0,31,0.2512,0.2545,1,0.2476,0.2488,0.2561,0.2488,20.0,50490.0,188
2023-05-11 09:38:28,OP90002106,深证100ETF购12月2750,0.2561,0.0,0.0,0.0,1,0.2513,0.2545,1,0.2476,0.2488,0.2561,0.2488,20.0,50490.0,188
2023-05-11 09:38:29,OP90002106,深证100ETF购12月2750,0.2561,0.0,0.0,0.0,11,0.2513,0.2545,1,0.2476,0.2488,0.2561,0.2488,20.0,50490.0,188
2023-05-11 09:38:29,OP90002106,深证100ETF购12月2750,0.2561,0.0,0.0,0.0,11,0.2513,0.2545,1,0.2476,0.2488,0.2561,0.2488,20.0,50490.0,188
2023-05-11 09:38:33,OP90002106,深证100ETF购12月2750,0.2561,0.0,0.0,0.0,31,0.2513,0.2545,1,0.2476,0.2488,0.2561,0.2488,20.0,50490.0,188
2023-05-11 09:38:34,OP90002106,深证100ETF购12月2750,0.2561,0.0,0.0,0.0,31,0.2513,0.2545,1,0.2476,0.2488,0.2561,0.2488,20.0,50490.0,188
2023-05-11 09:38:37,OP90002106,深证100ETF购12月2750,0.2561,0.0,0.0,0.0,31,0.2513,0.2545,1,0.2476,0.2488,0.2561,0.2488,20.0,50490.0,188
2023-05-11 09:38:38,OP90002106,深证100ETF购12月2750,0.2561,0.0,0.0,0.0,1,0.2514,0.2545,1,0.2476,0.2488,0.2561,0.2488,20.0,50490.0,188
2023-05-11 09:38:39,OP90002106,深证100ETF购12月2750,0.2561,0.0,0.0,0.0,11,0.2514,0.2545,1,0.2476,0.2488,0.2561,0.2488,20.0,50490.0,188
2023-05-11 09:38:40,OP90002106,深证100ETF购12月2750,0.2561,0.0,0.0,0.0,11,0.2514,0.2545,1,0.2476,0.2488,0.2561,0.2488,20.0,50490.0,188
2023-05-11 09:38:41,OP90002106,深证100ETF购12月2750,0.2561,0.0,0.0,0.0,11,0.2514,0.2545,1,0.2476,0.2488,0.2561,0.2488,20.0,50490.0,188
2023-05-11 09:38:44,OP90002106,深证100ETF购12月2750,0.2561,0.0,0.0,0.0,31,0.2514,0.2557,10,0.2476,0.2488,0.2561,0.2488,20.0,50490.0,188
2023-05-11 09:38:45,OP90002106,深证100ETF购12月2750,0.2561,0.0,0.0,0.0,31,0.2514,0.2557,10,0.2476,0.2488,0.2561,0.2488,20.0,50490.0,188
2023-05-11 09:38:45,OP90002106,深证100ETF购12月2750,0.2561,0.0,0.0,0.0,31,0.2514,0.2558,1,0.2476,0.2488,0.2561,0.2488,20.0,50490.0,188
2023-05-11 09:38:46,OP90002106,深证100ETF购12月2750,0.2561,0.0,0.0,0.0,31,0.2514,0.2558,1,0.2476,0.2488,0.2561,0.2488,20.0,50490.0,188
2023-05-11 09:38:46,OP90002106,深证100ETF购12月2750,0.2561,0.0,0.0,0.0,31,0.2514,0.2558,1,0.2476,0.2488,0.2561,0.2488,20.0,50490.0,188
2023-05-11 09:38:47,OP90002106,深证100ETF购12月2750,0.2561,0.0,0.0,0.0,31,0.2514,0.2558,1,0.2476,0.2488,0.2561,0.2488,20.0,50490.0,188
2023-05-11 09:38:48,OP90002106,深证100ETF购12月2750,0.2561,0.0,0.0,0.0,1,0.2515,0.2558,1,0.2476,0.2488,0.2561,0.2488,20.0,50490.0,188
2023-05-11 09:38:49,OP90002106,深证100ETF购12月2750,0.2561,0.0,0.0,0.0,11,0.2515,0.2558,1,0.2476,0.2488,0.2561,0.2488,20.0,50490.0,188
2023-05-11 09:38:57,OP90002106,深证100ETF购12月2750,0.2561,0.0,0.0,0.0,11,0.2515,0.2558,1,0.2476,0.2488,0.2561,0.2488,20.0,50490.0,188
2023-05-11 09:38:58,OP90002106,深证100ETF购12月2750,0.2561,0.0,0.0,0.0,1,0.2516,0.2558,1,0.2476,0.2488,0.2561,0.2488,20.0,50490.0,188
2023-05-11 09:38:59,OP90002106,深证100ETF购12月2750,0.2561,0.0,0.0,0.0,11,0.2516,0.2558,1,0.2476,0.2488,0.2561,0.2488,20.0,50490.0,188
2023-05-11 09:39:00,OP90002106,深证100ETF购12月2750,0.2561,0.0,0.0,0.0,11,0.2516,0.2558,1,0.2476,0.2488,0.2561,0.2488,20.0,50490.0,188
2023-05-11 09:39:01,OP90002106,深证100ETF购12月2750,0.2561,0.0,0.0,0.0,31,0.2516,0.2558,1,0.2476,0.2488,0.2561,0.2488,20.0,50490.0,188
2023-05-11 09:39:01,OP90002106,深证100ETF购12月2750,0.2561,0.0,0.0,0.0,31,0.2516,0.2558,1,0.2476,0.2488,0.2561,0.2488,20.0,50490.0,188
2023-05-11 09:39:02,OP90002106,深证100ETF购12月2750,0.2561,0.0,0.0,0.0,31,0.2516,0.2558,1,0.2476,0.2488,0.2561,0.2488,20.0,50490.0,188
2023-05-11 09:39:03,OP90002106,深证100ETF购12月2750,0.2561,0.0,0.0,0.0,31,0.2516,0.2558,1,0.2476,0.2488,0.2561,0.2488,20.0,50490.0,188
2023-05-11 09:39:04,OP90002106,深证100ETF购12月2750,0.2561,0.0,0.0,0.0,31,0.2516,0.2558,1,0.2476,0.2488,0.2561,0.2488,20.0,50490.0,188
2023-05-11 09:39:05,OP90002106,深证100ETF购12月2750,0.2561,0.0,0.0,0.0,31,0.2516,0.2558,1,0.2476,0.2488,0.2561,0.2488,20.0,50490.0,188
2023-05-11 09:39:08,OP90002106,深证100ETF购12月2750,0.2561,0.0,0.0,0.0,1,0.2517,0.2558,1,0.2476,0.2488,0.2561,0.2488,20.0,50490.0,188
2023-05-11 09:39:09,OP90002106,深证100ETF购12月2750,0.2561,0.0,0.0,0.0,11,0.2517,0.2558,1,0.2476,0.2488,0.2561,0.2488,20.0,50490.0,188
2023-05-11 09:39:09,OP90002106,深证100ETF购12月2750,0.2561,0.0,0.0,0.0,11,0.2517,0.2558,1,0.2476,0.2488,0.2561,0.2488,20.0,50490.0,188
2023-05-11 09:39:10,OP90002106,深证100ETF购12月2750,0.2558,1.0,2558.0,1.0,11,0.2517,0.2567,40,0.2476,0.2488,0.2561,0.2488,21.0,53048.0,189
2023-05-11 09:39:11,OP90002106,深证100ETF购12月2750,0.2558,0.0,0.0,0.0,11,0.2517,0.2567,20,0.2476,0.2488,0.2561,0.2488,21.0,53048.0,189
2023-05-11 09:39:11,OP90002106,深证100ETF购12月2750,0.2558,0.0,0.0,0.0,11,0.2517,0.2567,20,0.2476,0.2488,0.2561,0.2488,21.0,53048.0,189
2023-05-11 09:39:12,OP90002106,深证100ETF购12月2750,0.2558,0.0,0.0,0.0,11,0.2517,0.2567,20,0.2476,0.2488,0.2561,0.2488,21.0,53048.0,189
2023-05-11 09:39:14,OP90002106,深证100ETF购12月2750,0.2558,0.0,0.0,0.0,11,0.2517,0.2567,20,0.2476,0.2488,0.2561,0.2488,21.0,53048.0,189
2023-05-11 09:39:14,OP90002106,深证100ETF购12月2750,0.2558,0.0,0.0,0.0,11,0.2517,0.2567,20,0.2476,0.2488,0.2561,0.2488,21.0,53048.0,189
2023-05-11 09:39:15,OP90002106,深证100ETF购12月2750,0.2558,0.0,0.0,0.0,11,0.2517,0.2567,20,0.2476,0.2488,0.2561,0.2488,21.0,53048.0,189
2023-05-11 09:39:17,OP90002106,深证100ETF购12月2750,0.2558,0.0,0.0,0.0,11,0.2517,0.2567,30,0.2476,0.2488,0.2561,0.2488,21.0,53048.0,189
2023-05-11 09:39:17,OP90002106,深证100ETF购12月2750,0.2558,0.0,0.0,0.0,11,0.2517,0.2567,20,0.2476,0.2488,0.2561,0.2488,21.0,53048.0,189
2023-05-11 09:39:18,OP90002106,深证100ETF购12月2750,0.2558,0.0,0.0,0.0,11,0.2517,0.2567,20,0.2476,0.2488,0.2561,0.2488,21.0,53048.0,189
2023-05-11 09:39:18,OP90002106,深证100ETF购12月2750,0.2558,0.0,0.0,0.0,1,0.2518,0.2567,20,0.2476,0.2488,0.2561,0.2488,21.0,53048.0,189
2023-05-11 09:39:19,OP90002106,深证100ETF购12月2750,0.2558,0.0,0.0,0.0,11,0.2518,0.2567,20,0.2476,0.2488,0.2561,0.2488,21.0,53048.0,189
2023-05-11 09:39:29,OP90002106,深证100ETF购12月2750,0.2558,0.0,0.0,0.0,1,0.2519,0.2567,20,0.2476,0.2488,0.2561,0.2488,21.0,53048.0,189
2023-05-11 09:39:29,OP90002106,深证100ETF购12月2750,0.2558,0.0,0.0,0.0,11,0.2519,0.2567,20,0.2476,0.2488,0.2561,0.2488,21.0,53048.0,189
2023-05-11 09:39:30,OP90002106,深证100ETF购12月2750,0.2558,0.0,0.0,0.0,11,0.2519,0.2567,20,0.2476,0.2488,0.2561,0.2488,21.0,53048.0,189
2023-05-11 09:39:31,OP90002106,深证100ETF购12月2750,0.2558,0.0,0.0,0.0,11,0.2519,0.2567,20,0.2476,0.2488,0.2561,0.2488,21.0,53048.0,189
2023-05-11 09:39:39,OP90002106,深证100ETF购12月2750,0.2558,0.0,0.0,0.0,1,0.252,0.2567,20,0.2476,0.2488,0.2561,0.2488,21.0,53048.0,189
2023-05-11 09:39:39,OP90002106,深证100ETF购12月2750,0.2558,0.0,0.0,0.0,11,0.252,0.2567,20,0.2476,0.2488,0.2561,0.2488,21.0,53048.0,189
2023-05-11 09:39:44,OP90002106,深证100ETF购12月2750,0.2558,0.0,0.0,0.0,20,0.2522,0.257,20,0.2476,0.2488,0.2561,0.2488,21.0,53048.0,189
2023-05-11 09:39:45,OP90002106,深证100ETF购12月2750,0.2558,0.0,0.0,0.0,51,0.2522,0.2571,90,0.2476,0.2488,0.2561,0.2488,21.0,53048.0,189
2023-05-11 09:39:45,OP90002106,深证100ETF购12月2750,0.2558,0.0,0.0,0.0,51,0.2522,0.2571,60,0.2476,0.2488,0.2561,0.2488,21.0,53048.0,189
2023-05-11 09:39:46,OP90002106,深证100ETF购12月2750,0.2558,0.0,0.0,0.0,71,0.2522,0.2571,40,0.2476,0.2488,0.2561,0.2488,21.0,53048.0,189
2023-05-11 09:39:46,OP90002106,深证100ETF购12月2750,0.2558,0.0,0.0,0.0,71,0.2522,0.2571,40,0.2476,0.2488,0.2561,0.2488,21.0,53048.0,189
2023-05-11 09:39:47,OP90002106,深证100ETF购12月2750,0.2558,0.0,0.0,0.0,71,0.2522,0.2571,40,0.2476,0.2488,0.2561,0.2488,21.0,53048.0,189
2023-05-11 09:39:49,OP90002106,深证100ETF购12月2750,0.2558,0.0,0.0,0.0,71,0.2522,0.2571,40,0.2476,0.2488,0.2561,0.2488,21.0,53048.0,189
2023-05-11 09:39:52,OP90002106,深证100ETF购12月2750,0.2558,0.0,0.0,0.0,71,0.2522,0.2571,40,0.2476,0.2488,0.2561,0.2488,21.0,53048.0,189
2023-05-11 09:39:53,OP90002106,深证100ETF购12月2750,0.2558,0.0,0.0,0.0,71,0.2522,0.2571,40,0.2476,0.2488,0.2561,0.2488,21.0,53048.0,189
2023-05-11 09:39:54,OP90002106,深证100ETF购12月2750,0.2558,0.0,0.0,0.0,71,0.2522,0.2571,20,0.2476,0.2488,0.2561,0.2488,21.0,53048.0,189
2023-05-11 09:39:54,OP90002106,深证100ETF购12月2750,0.2558,0.0,0.0,0.0,71,0.2522,0.2571,20,0.2476,0.2488,0.2561,0.2488,21.0,53048.0,189
2023-05-11 09:39:55,OP90002106,深证100ETF购12月2750,0.2558,0.0,0.0,0.0,1,0.2523,0.2571,20,0.2476,0.2488,0.2561,0.2488,21.0,53048.0,189
2023-05-11 09:39:55,OP90002106,深证100ETF购12月2750,0.2558,0.0,0.0,0.0,11,0.2523,0.2571,20,0.2476,0.2488,0.2561,0.2488,21.0,53048.0,189
2023-05-11 09:39:56,OP90002106,深证100ETF购12月2750,0.2558,0.0,0.0,0.0,11,0.2523,0.2571,20,0.2476,0.2488,0.2561,0.2488,21.0,53048.0,189
2023-05-11 09:39:57,OP90002106,深证100ETF购12月2750,0.2558,0.0,0.0,0.0,11,0.2523,0.2571,20,0.2476,0.2488,0.2561,0.2488,21.0,53048.0,189
2023-05-11 09:39:58,OP90002106,深证100ETF购12月2750,0.2558,0.0,0.0,0.0,11,0.2523,0.2571,20,0.2476,0.2488,0.2561,0.2488,21.0,53048.0,189
2023-05-11 09:40:00,OP90002106,深证100ETF购12月2750,0.2558,0.0,0.0,0.0,11,0.2523,0.2571,20,0.2476,0.2488,0.2561,0.2488,21.0,53048.0,189
2023-05-11 09:40:01,OP90002106,深证100ETF购12月2750,0.2558,0.0,0.0,0.0,31,0.2523,0.2574,50,0.2476,0.2488,0.2561,0.2488,21.0,53048.0,189
2023-05-11 09:40:01,OP90002106,深证100ETF购12月2750,0.2558,0.0,0.0,0.0,31,0.2523,0.2575,50,0.2476,0.2488,0.2561,0.2488,21.0,53048.0,189
2023-05-11 09:40:02,OP90002106,深证100ETF购12月2750,0.2558,0.0,0.0,0.0,31,0.2523,0.2575,30,0.2476,0.2488,0.2561,0.2488,21.0,53048.0,189
2023-05-11 09:40:02,OP90002106,深证100ETF购12月2750,0.2558,0.0,0.0,0.0,31,0.2523,0.2575,20,0.2476,0.2488,0.2561,0.2488,21.0,53048.0,189
2023-05-11 09:40:03,OP90002106,深证100ETF购12月2750,0.2558,0.0,0.0,0.0,31,0.2523,0.2575,20,0.2476,0.2488,0.2561,0.2488,21.0,53048.0,189
2023-05-11 09:40:04,OP90002106,深证100ETF购12月2750,0.2558,0.0,0.0,0.0,31,0.2523,0.2575,20,0.2476,0.2488,0.2561,0.2488,21.0,53048.0,189
2023-05-11 09:40:04,OP90002106,深证100ETF购12月2750,0.2558,0.0,0.0,0.0,31,0.2523,0.2576,60,0.2476,0.2488,0.2561,0.2488,21.0,53048.0,189
2023-05-11 09:40:05,OP90002106,深证100ETF购12月2750,0.2558,0.0,0.0,0.0,31,0.2523,0.2576,40,0.2476,0.2488,0.2561,0.2488,21.0,53048.0,189
2023-05-11 09:40:05,OP90002106,深证100ETF购12月2750,0.2558,0.0,0.0,0.0,1,0.2524,0.2576,20,0.2476,0.2488,0.2561,0.2488,21.0,53048.0,189
2023-05-11 09:40:06,OP90002106,深证100ETF购12月2750,0.2558,0.0,0.0,0.0,11,0.2524,0.2576,20,0.2476,0.2488,0.2561,0.2488,21.0,53048.0,189
2023-05-11 09:40:07,OP90002106,深证100ETF购12月2750,0.2558,0.0,0.0,0.0,11,0.2524,0.2576,40,0.2476,0.2488,0.2561,0.2488,21.0,53048.0,189
2023-05-11 09:40:07,OP90002106,深证100ETF购12月2750,0.2558,0.0,0.0,0.0,11,0.2524,0.2576,40,0.2476,0.2488,0.2561,0.2488,21.0,53048.0,189
2023-05-11 09:40:10,OP90002106,深证100ETF购12月2750,0.2558,0.0,0.0,0.0,11,0.2524,0.2576,40,0.2476,0.2488,0.2561,0.2488,21.0,53048.0,189
2023-05-11 09:40:12,OP90002106,深证100ETF购12月2750,0.2558,0.0,0.0,0.0,11,0.2524,0.2576,40,0.2476,0.2488,0.2561,0.2488,21.0,53048.0,189
2023-05-11 09:40:15,OP90002106,深证100ETF购12月2750,0.2558,0.0,0.0,0.0,1,0.2525,0.2576,40,0.2476,0.2488,0.2561,0.2488,21.0,53048.0,189
2023-05-11 09:40:16,OP90002106,深证100ETF购12月2750,0.2558,0.0,0.0,0.0,31,0.2525,0.2576,20,0.2476,0.2488,0.2561,0.2488,21.0,53048.0,189
2023-05-11 09:40:16,OP90002106,深证100ETF购12月2750,0.2558,0.0,0.0,0.0,51,0.2525,0.2577,50,0.2476,0.2488,0.2561,0.2488,21.0,53048.0,189
2023-05-11 09:40:17,OP90002106,深证100ETF购12月2750,0.2558,0.0,0.0,0.0,71,0.2525,0.2577,40,0.2476,0.2488,0.2561,0.2488,21.0,53048.0,189
2023-05-11 09:40:17,OP90002106,深证100ETF购12月2750,0.2558,0.0,0.0,0.0,71,0.2525,0.2574,10,0.2476,0.2488,0.2561,0.2488,21.0,53048.0,189
2023-05-11 09:40:18,OP90002106,深证100ETF购12月2750,0.2558,0.0,0.0,0.0,71,0.2525,0.2577,20,0.2476,0.2488,0.2561,0.2488,21.0,53048.0,189
2023-05-11 09:40:18,OP90002106,深证100ETF购12月2750,0.2558,0.0,0.0,0.0,71,0.2525,0.2578,40,0.2476,0.2488,0.2561,0.2488,21.0,53048.0,189
2023-05-11 09:40:19,OP90002106,深证100ETF购12月2750,0.2558,0.0,0.0,0.0,71,0.2525,0.2578,50,0.2476,0.2488,0.2561,0.2488,21.0,53048.0,189
2023-05-11 09:40:21,OP90002106,深证100ETF购12月2750,0.2558,0.0,0.0,0.0,71,0.2525,0.2578,40,0.2476,0.2488,0.2561,0.2488,21.0,53048.0,189
2023-05-11 09:40:21,OP90002106,深证100ETF购12月2750,0.2558,0.0,0.0,0.0,71,0.2525,0.2578,40,0.2476,0.2488,0.2561,0.2488,21.0,53048.0,189
2023-05-11 09:40:25,OP90002106,深证100ETF购12月2750,0.2558,0.0,0.0,0.0,71,0.2525,0.2578,40,0.2476,0.2488,0.2561,0.2488,21.0,53048.0,189
2023-05-11 09:40:25,OP90002106,深证100ETF购12月2750,0.2558,0.0,0.0,0.0,1,0.2526,0.2578,40,0.2476,0.2488,0.2561,0.2488,21.0,53048.0,189
2023-05-11 09:40:26,OP90002106,深证100ETF购12月2750,0.2558,0.0,0.0,0.0,11,0.2526,0.2578,40,0.2476,0.2488,0.2561,0.2488,21.0,53048.0,189
2023-05-11 09:40:26,OP90002106,深证100ETF购12月2750,0.2558,0.0,0.0,0.0,11,0.2526,0.2578,40,0.2476,0.2488,0.2561,0.2488,21.0,53048.0,189
2023-05-11 09:40:27,OP90002106,深证100ETF购12月2750,0.2558,0.0,0.0,0.0,11,0.2526,0.2578,40,0.2476,0.2488,0.2561,0.2488,21.0,53048.0,189
2023-05-11 09:40:28,OP90002106,深证100ETF购12月2750,0.2558,0.0,0.0,0.0,11,0.2526,0.2574,10,0.2476,0.2488,0.2561,0.2488,21.0,53048.0,189
2023-05-11 09:40:29,OP90002106,深证100ETF购12月2750,0.2558,0.0,0.0,0.0,11,0.2526,0.2574,10,0.2476,0.2488,0.2561,0.2488,21.0,53048.0,189
2023-05-11 09:40:29,OP90002106,深证100ETF购12月2750,0.2558,0.0,0.0,0.0,11,0.2526,0.2578,40,0.2476,0.2488,0.2561,0.2488,21.0,53048.0,189
2023-05-11 09:40:30,OP90002106,深证100ETF购12月2750,0.2558,0.0,0.0,0.0,11,0.2526,0.2578,40,0.2476,0.2488,0.2561,0.2488,21.0,53048.0,189
2023-05-11 09:40:34,OP90002106,深证100ETF购12月2750,0.2558,0.0,0.0,0.0,11,0.2526,0.2575,10,0.2476,0.2488,0.2561,0.2488,21.0,53048.0,189
2023-05-11 09:40:34,OP90002106,深证100ETF购12月2750,0.2558,0.0,0.0,0.0,11,0.2526,0.2578,40,0.2476,0.2488,0.2561,0.2488,21.0,53048.0,189
2023-05-11 09:40:35,OP90002106,深证100ETF购12月2750,0.2558,0.0,0.0,0.0,11,0.2526,0.2578,50,0.2476,0.2488,0.2561,0.2488,21.0,53048.0,189
2023-05-11 09:40:35,OP90002106,深证100ETF购12月2750,0.2558,0.0,0.0,0.0,1,0.2527,0.2578,40,0.2476,0.2488,0.2561,0.2488,21.0,53048.0,189
2023-05-11 09:40:36,OP90002106,深证100ETF购12月2750,0.2558,0.0,0.0,0.0,11,0.2527,0.2578,40,0.2476,0.2488,0.2561,0.2488,21.0,53048.0,189
2023-05-11 09:40:36,OP90002106,深证100ETF购12月2750,0.2558,0.0,0.0,0.0,11,0.2527,0.2577,10,0.2476,0.2488,0.2561,0.2488,21.0,53048.0,189
2023-05-11 09:40:38,OP90002106,深证100ETF购12月2750,0.2558,0.0,0.0,0.0,11,0.2527,0.2577,10,0.2476,0.2488,0.2561,0.2488,21.0,53048.0,189
2023-05-11 09:40:38,OP90002106,深证100ETF购12月2750,0.2558,0.0,0.0,0.0,11,0.2527,0.2578,40,0.2476,0.2488,0.2561,0.2488,21.0,53048.0,189
2023-05-11 09:40:39,OP90002106,深证100ETF购12月2750,0.2558,0.0,0.0,0.0,11,0.2527,0.2576,10,0.2476,0.2488,0.2561,0.2488,21.0,53048.0,189
2023-05-11 09:40:39,OP90002106,深证100ETF购12月2750,0.2558,0.0,0.0,0.0,11,0.2527,0.2576,10,0.2476,0.2488,0.2561,0.2488,21.0,53048.0,189
2023-05-11 09:40:42,OP90002106,深证100ETF购12月2750,0.2558,0.0,0.0,0.0,11,0.2527,0.2578,40,0.2476,0.2488,0.2561,0.2488,21.0,53048.0,189
2023-05-11 09:40:42,OP90002106,深证100ETF购12月2750,0.2558,0.0,0.0,0.0,11,0.2527,0.2578,40,0.2476,0.2488,0.2561,0.2488,21.0,53048.0,189
2023-05-11 09:40:44,OP90002106,深证100ETF购12月2750,0.2558,0.0,0.0,0.0,11,0.2527,0.2578,40,0.2476,0.2488,0.2561,0.2488,21.0,53048.0,189
2023-05-11 09:40:44,OP90002106,深证100ETF购12月2750,0.2558,0.0,0.0,0.0,11,0.2527,0.2578,40,0.2476,0.2488,0.2561,0.2488,21.0,53048.0,189
2023-05-11 09:40:45,OP90002106,深证100ETF购12月2750,0.2558,0.0,0.0,0.0,11,0.2527,0.2578,40,0.2476,0.2488,0.2561,0.2488,21.0,53048.0,189
2023-05-11 09:40:45,OP90002106,深证100ETF购12月2750,0.2558,0.0,0.0,0.0,1,0.2528,0.2578,40,0.2476,0.2488,0.2561,0.2488,21.0,53048.0,189
2023-05-11 09:40:46,OP90002106,深证100ETF购12月2750,0.2558,0.0,0.0,0.0,11,0.2528,0.2578,40,0.2476,0.2488,0.2561,0.2488,21.0,53048.0,189
2023-05-11 09:40:50,OP90002106,深证100ETF购12月2750,0.2558,0.0,0.0,0.0,11,0.2528,0.2574,10,0.2476,0.2488,0.2561,0.2488,21.0,53048.0,189
2023-05-11 09:40:51,OP90002106,深证100ETF购12月2750,0.2558,0.0,0.0,0.0,11,0.2528,0.2574,10,0.2476,0.2488,0.2561,0.2488,21.0,53048.0,189
2023-05-11 09:40:51,OP90002106,深证100ETF购12月2750,0.2558,0.0,0.0,0.0,11,0.2528,0.2578,40,0.2476,0.2488,0.2561,0.2488,21.0,53048.0,189
2023-05-11 09:40:52,OP90002106,深证100ETF购12月2750,0.2558,0.0,0.0,0.0,11,0.2528,0.2574,10,0.2476,0.2488,0.2561,0.2488,21.0,53048.0,189
2023-05-11 09:40:52,OP90002106,深证100ETF购12月2750,0.2558,0.0,0.0,0.0,11,0.2528,0.2574,10,0.2476,0.2488,0.2561,0.2488,21.0,53048.0,189
2023-05-11 09:40:54,OP90002106,深证100ETF购12月2750,0.2558,0.0,0.0,0.0,11,0.2528,0.2578,40,0.2476,0.2488,0.2561,0.2488,21.0,53048.0,189
2023-05-11 09:40:54,OP90002106,深证100ETF购12月2750,0.2558,0.0,0.0,0.0,11,0.2528,0.2578,40,0.2476,0.2488,0.2561,0.2488,21.0,53048.0,189
2023-05-11 09:40:56,OP90002106,深证100ETF购12月2750,0.2558,0.0,0.0,0.0,1,0.2529,0.2578,40,0.2476,0.2488,0.2561,0.2488,21.0,53048.0,189
2023-05-11 09:40:56,OP90002106,深证100ETF购12月2750,0.2558,0.0,0.0,0.0,11,0.2529,0.2578,40,0.2476,0.2488,0.2561,0.2488,21.0,53048.0,189
2023-05-11 09:40:59,OP90002106,深证100ETF购12月2750,0.2558,0.0,0.0,0.0,11,0.2529,0.2578,40,0.2476,0.2488,0.2561,0.2488,21.0,53048.0,189
2023-05-11 09:41:00,OP90002106,深证100ETF购12月2750,0.2558,0.0,0.0,0.0,11,0.2529,0.2578,40,0.2476,0.2488,0.2561,0.2488,21.0,53048.0,189
2023-05-11 09:41:05,OP90002106,深证100ETF购12月2750,0.2558,0.0,0.0,0.0,11,0.2529,0.2578,40,0.2476,0.2488,0.2561,0.2488,21.0,53048.0,189
2023-05-11 09:41:06,OP90002106,深证100ETF购12月2750,0.2558,0.0,0.0,0.0,1,0.253,0.2578,40,0.2476,0.2488,0.2561,0.2488,21.0,53048.0,189
2023-05-11 09:41:06,OP90002106,深证100ETF购12月2750,0.2558,0.0,0.0,0.0,1,0.253,0.2578,40,0.2476,0.2488,0.2561,0.2488,21.0,53048.0,189
2023-05-11 09:41:07,OP90002106,深证100ETF购12月2750,0.2558,0.0,0.0,0.0,1,0.253,0.2578,40,0.2476,0.2488,0.2561,0.2488,21.0,53048.0,189
2023-05-11 09:41:08,OP90002106,深证100ETF购12月2750,0.2558,0.0,0.0,0.0,11,0.253,0.2578,50,0.2476,0.2488,0.2561,0.2488,21.0,53048.0,189
2023-05-11 09:41:09,OP90002106,深证100ETF购12月2750,0.2558,0.0,0.0,0.0,11,0.253,0.2578,40,0.2476,0.2488,0.2561,0.2488,21.0,53048.0,189
2023-05-11 09:41:09,OP90002106,深证100ETF购12月2750,0.2558,0.0,0.0,0.0,11,0.253,0.2578,40,0.2476,0.2488,0.2561,0.2488,21.0,53048.0,189
2023-05-11 09:41:10,OP90002106,深证100ETF购12月2750,0.2558,0.0,0.0,0.0,11,0.253,0.2577,10,0.2476,0.2488,0.2561,0.2488,21.0,53048.0,189
2023-05-11 09:41:10,OP90002106,深证100ETF购12月2750,0.2558,0.0,0.0,0.0,1,0.253,0.2578,40,0.2476,0.2488,0.2561,0.2488,21.0,53048.0,189
2023-05-11 09:41:11,OP90002106,深证100ETF购12月2750,0.2558,0.0,0.0,0.0,1,0.253,0.2578,40,0.2476,0.2488,0.2561,0.2488,21.0,53048.0,189
2023-05-11 09:41:11,OP90002106,深证100ETF购12月2750,0.2558,0.0,0.0,0.0,1,0.253,0.2578,40,0.2476,0.2488,0.2561,0.2488,21.0,53048.0,189
2023-05-11 09:41:12,OP90002106,深证100ETF购12月2750,0.2558,0.0,0.0,0.0,1,0.253,0.2578,40,0.2476,0.2488,0.2561,0.2488,21.0,53048.0,189
2023-05-11 09:41:12,OP90002106,深证100ETF购12月2750,0.2558,0.0,0.0,0.0,1,0.253,0.2578,40,0.2476,0.2488,0.2561,0.2488,21.0,53048.0,189
2023-05-11 09:41:13,OP90002106,深证100ETF购12月2750,0.2558,0.0,0.0,0.0,1,0.253,0.2578,40,0.2476,0.2488,0.2561,0.2488,21.0,53048.0,189
2023-05-11 09:41:14,OP90002106,深证100ETF购12月2750,0.2558,0.0,0.0,0.0,1,0.253,0.2578,40,0.2476,0.2488,0.2561,0.2488,21.0,53048.0,189
2023-05-11 09:41:14,OP90002106,深证100ETF购12月2750,0.2558,0.0,0.0,0.0,1,0.253,0.2578,40,0.2476,0.2488,0.2561,0.2488,21.0,53048.0,189
2023-05-11 09:41:15,OP90002106,深证100ETF购12月2750,0.2558,0.0,0.0,0.0,1,0.253,0.2578,40,0.2476,0.2488,0.2561,0.2488,21.0,53048.0,189
2023-05-11 09:41:16,OP90002106,深证100ETF购12月2750,0.2558,0.0,0.0,0.0,1,0.2531,0.2578,40,0.2476,0.2488,0.2561,0.2488,21.0,53048.0,189
2023-05-11 09:41:16,OP90002106,深证100ETF购12月2750,0.2558,0.0,0.0,0.0,21,0.2531,0.2578,60,0.2476,0.2488,0.2561,0.2488,21.0,53048.0,189
2023-05-11 09:41:17,OP90002106,深证100ETF购12月2750,0.2558,0.0,0.0,0.0,21,0.2531,0.2578,60,0.2476,0.2488,0.2561,0.2488,21.0,53048.0,189
2023-05-11 09:41:21,OP90002106,深证100ETF购12月2750,0.2558,0.0,0.0,0.0,21,0.2531,0.2578,60,0.2476,0.2488,0.2561,0.2488,21.0,53048.0,189
2023-05-11 09:41:23,OP90002106,深证100ETF购12月2750,0.2558,0.0,0.0,0.0,21,0.2531,0.2578,60,0.2476,0.2488,0.2561,0.2488,21.0,53048.0,189
2023-05-11 09:41:24,OP90002106,深证100ETF购12月2750,0.2558,0.0,0.0,0.0,21,0.2531,0.2578,60,0.2476,0.2488,0.2561,0.2488,21.0,53048.0,189
2023-05-11 09:41:25,OP90002106,深证100ETF购12月2750,0.2558,0.0,0.0,0.0,21,0.2531,0.2577,20,0.2476,0.2488,0.2561,0.2488,21.0,53048.0,189
2023-05-11 09:41:26,OP90002106,深证100ETF购12月2750,0.2558,0.0,0.0,0.0,1,0.2532,0.2577,20,0.2476,0.2488,0.2561,0.2488,21.0,53048.0,189
2023-05-11 09:41:31,OP90002106,深证100ETF购12月2750,0.2558,0.0,0.0,0.0,1,0.2532,0.2577,20,0.2476,0.2488,0.2561,0.2488,21.0,53048.0,189
2023-05-11 09:41:33,OP90002106,深证100ETF购12月2750,0.2558,0.0,0.0,0.0,1,0.2532,0.2577,20,0.2476,0.2488,0.2561,0.2488,21.0,53048.0,189
2023-05-11 09:41:34,OP90002106,深证100ETF购12月2750,0.2558,0.0,0.0,0.0,1,0.2532,0.2577,20,0.2476,0.2488,0.2561,0.2488,21.0,53048.0,189
2023-05-11 09:41:38,OP90002106,深证100ETF购12月2750,0.2558,0.0,0.0,0.0,1,0.2532,0.2577,20,0.2476,0.2488,0.2561,0.2488,21.0,53048.0,189
2023-05-11 09:41:40,OP90002106,深证100ETF购12月2750,0.2558,0.0,0.0,0.0,1,0.2532,0.2577,20,0.2476,0.2488,0.2561,0.2488,21.0,53048.0,189
2023-05-11 09:41:47,OP90002106,深证100ETF购12月2750,0.2558,0.0,0.0,0.0,1,0.2533,0.2577,20,0.2476,0.2488,0.2561,0.2488,21.0,53048.0,189
2023-05-11 09:41:50,OP90002106,深证100ETF购12月2750,0.2558,0.0,0.0,0.0,1,0.2533,0.2577,20,0.2476,0.2488,0.2561,0.2488,21.0,53048.0,189
2023-05-11 09:41:51,OP90002106,深证100ETF购12月2750,0.2558,0.0,0.0,0.0,1,0.2533,0.2577,20,0.2476,0.2488,0.2561,0.2488,21.0,53048.0,189
2023-05-11 09:41:57,OP90002106,深证100ETF购12月2750,0.2558,0.0,0.0,0.0,1,0.2534,0.2577,20,0.2476,0.2488,0.2561,0.2488,21.0,53048.0,189
2023-05-11 09:41:58,OP90002106,深证100ETF购12月2750,0.2558,0.0,0.0,0.0,1,0.2534,0.2577,20,0.2476,0.2488,0.2561,0.2488,21.0,53048.0,189
2023-05-11 09:42:06,OP90002106,深证100ETF购12月2750,0.2558,0.0,0.0,0.0,1,0.2534,0.2577,20,0.2476,0.2488,0.2561,0.2488,21.0,53048.0,189
2023-05-11 09:42:08,OP90002106,深证100ETF购12月2750,0.2558,0.0,0.0,0.0,1,0.2535,0.2577,20,0.2476,0.2488,0.2561,0.2488,21.0,53048.0,189
2023-05-11 09:42:09,OP90002106,深证100ETF购12月2750,0.2558,0.0,0.0,0.0,1,0.2535,0.2577,20,0.2476,0.2488,0.2561,0.2488,21.0,53048.0,189
2023-05-11 09:42:14,OP90002106,深证100ETF购12月2750,0.2558,0.0,0.0,0.0,1,0.2535,0.2577,30,0.2476,0.2488,0.2561,0.2488,21.0,53048.0,189
2023-05-11 09:42:15,OP90002106,深证100ETF购12月2750,0.2558,0.0,0.0,0.0,1,0.2535,0.2576,20,0.2476,0.2488,0.2561,0.2488,21.0,53048.0,189
2023-05-11 09:42:15,OP90002106,深证100ETF购12月2750,0.2558,0.0,0.0,0.0,1,0.2535,0.2577,20,0.2476,0.2488,0.2561,0.2488,21.0,53048.0,189
2023-05-11 09:42:16,OP90002106,深证100ETF购12月2750,0.2558,0.0,0.0,0.0,1,0.2535,0.2577,20,0.2476,0.2488,0.2561,0.2488,21.0,53048.0,189
2023-05-11 09:42:16,OP90002106,深证100ETF购12月2750,0.2558,0.0,0.0,0.0,1,0.2535,0.2577,20,0.2476,0.2488,0.2561,0.2488,21.0,53048.0,189
2023-05-11 09:42:17,OP90002106,深证100ETF购12月2750,0.2558,0.0,0.0,0.0,1,0.2535,0.2577,20,0.2476,0.2488,0.2561,0.2488,21.0,53048.0,189
2023-05-11 09:42:17,OP90002106,深证100ETF购12月2750,0.2558,0.0,0.0,0.0,20,0.2532,0.2577,30,0.2476,0.2488,0.2561,0.2488,21.0,53048.0,189
2023-05-11 09:42:18,OP90002106,深证100ETF购12月2750,0.2558,0.0,0.0,0.0,40,0.2531,0.2573,20,0.2476,0.2488,0.2561,0.2488,21.0,53048.0,189
2023-05-11 09:42:18,OP90002106,深证100ETF购12月2750,0.2558,0.0,0.0,0.0,40,0.2531,0.2572,20,0.2476,0.2488,0.2561,0.2488,21.0,53048.0,189
2023-05-11 09:42:19,OP90002106,深证100ETF购12月2750,0.2558,0.0,0.0,0.0,40,0.2531,0.2572,20,0.2476,0.2488,0.2561,0.2488,21.0,53048.0,189
2023-05-11 09:42:19,OP90002106,深证100ETF购12月2750,0.2558,0.0,0.0,0.0,40,0.2531,0.2572,30,0.2476,0.2488,0.2561,0.2488,21.0,53048.0,189
2023-05-11 09:42:20,OP90002106,深证100ETF购12月2750,0.2558,0.0,0.0,0.0,40,0.2531,0.2571,20,0.2476,0.2488,0.2561,0.2488,21.0,53048.0,189
2023-05-11 09:42:20,OP90002106,深证100ETF购12月2750,0.2558,0.0,0.0,0.0,40,0.2531,0.2571,30,0.2476,0.2488,0.2561,0.2488,21.0,53048.0,189
2023-05-11 09:42:21,OP90002106,深证100ETF购12月2750,0.2558,0.0,0.0,0.0,40,0.2531,0.257,20,0.2476,0.2488,0.2561,0.2488,21.0,53048.0,189
2023-05-11 09:42:21,OP90002106,深证100ETF购12月2750,0.2558,0.0,0.0,0.0,40,0.2531,0.257,30,0.2476,0.2488,0.2561,0.2488,21.0,53048.0,189
2023-05-11 09:42:22,OP90002106,深证100ETF购12月2750,0.2558,0.0,0.0,0.0,40,0.2531,0.257,30,0.2476,0.2488,0.2561,0.2488,21.0,53048.0,189
2023-05-11 09:42:22,OP90002106,深证100ETF购12月2750,0.2558,0.0,0.0,0.0,40,0.2531,0.257,30,0.2476,0.2488,0.2561,0.2488,21.0,53048.0,189
2023-05-11 09:42:23,OP90002106,深证100ETF购12月2750,0.2558,0.0,0.0,0.0,40,0.2531,0.257,30,0.2476,0.2488,0.2561,0.2488,21.0,53048.0,189
2023-05-11 09:42:23,OP90002106,深证100ETF购12月2750,0.2558,0.0,0.0,0.0,40,0.2531,0.257,30,0.2476,0.2488,0.2561,0.2488,21.0,53048.0,189
2023-05-11 09:42:24,OP90002106,深证100ETF购12月2750,0.2558,0.0,0.0,0.0,40,0.2531,0.257,30,0.2476,0.2488,0.2561,0.2488,21.0,53048.0,189
2023-05-11 09:42:24,OP90002106,深证100ETF购12月2750,0.2558,0.0,0.0,0.0,40,0.2531,0.257,20,0.2476,0.2488,0.2561,0.2488,21.0,53048.0,189
2023-05-11 09:42:25,OP90002106,深证100ETF购12月2750,0.2558,0.0,0.0,0.0,40,0.2531,0.257,20,0.2476,0.2488,0.2561,0.2488,21.0,53048.0,189
2023-05-11 09:42:25,OP90002106,深证100ETF购12月2750,0.2558,0.0,0.0,0.0,40,0.2531,0.257,20,0.2476,0.2488,0.2561,0.2488,21.0,53048.0,189
2023-05-11 09:42:27,OP90002106,深证100ETF购12月2750,0.2558,0.0,0.0,0.0,40,0.2531,0.257,20,0.2476,0.2488,0.2561,0.2488,21.0,53048.0,189
2023-05-11 09:42:28,OP90002106,深证100ETF购12月2750,0.2558,0.0,0.0,0.0,41,0.2531,0.257,20,0.2476,0.2488,0.2561,0.2488,21.0,53048.0,189
2023-05-11 09:42:28,OP90002106,深证100ETF购12月2750,0.2558,0.0,0.0,0.0,41,0.2531,0.257,20,0.2476,0.2488,0.2561,0.2488,21.0,53048.0,189
2023-05-11 09:42:29,OP90002106,深证100ETF购12月2750,0.2558,0.0,0.0,0.0,21,0.2531,0.2573,20,0.2476,0.2488,0.2561,0.2488,21.0,53048.0,189
2023-05-11 09:42:29,OP90002106,深证100ETF购12月2750,0.2558,0.0,0.0,0.0,41,0.2531,0.2573,20,0.2476,0.2488,0.2561,0.2488,21.0,53048.0,189
2023-05-11 09:42:30,OP90002106,深证100ETF购12月2750,0.2558,0.0,0.0,0.0,41,0.2531,0.2574,50,0.2476,0.2488,0.2561,0.2488,21.0,53048.0,189
2023-05-11 09:42:30,OP90002106,深证100ETF购12月2750,0.2558,0.0,0.0,0.0,41,0.2531,0.2574,40,0.2476,0.2488,0.2561,0.2488,21.0,53048.0,189
2023-05-11 09:42:31,OP90002106,深证100ETF购12月2750,0.2558,0.0,0.0,0.0,41,0.2531,0.2574,50,0.2476,0.2488,0.2561,0.2488,21.0,53048.0,189
2023-05-11 09:42:31,OP90002106,深证100ETF购12月2750,0.2558,0.0,0.0,0.0,41,0.2531,0.2574,40,0.2476,0.2488,0.2561,0.2488,21.0,53048.0,189
2023-05-11 09:42:32,OP90002106,深证100ETF购12月2750,0.2558,0.0,0.0,0.0,41,0.2531,0.2574,40,0.2476,0.2488,0.2561,0.2488,21.0,53048.0,189
2023-05-11 09:42:32,OP90002106,深证100ETF购12月2750,0.2558,0.0,0.0,0.0,41,0.2531,0.2574,40,0.2476,0.2488,0.2561,0.2488,21.0,53048.0,189
2023-05-11 09:42:33,OP90002106,深证100ETF购12月2750,0.2558,0.0,0.0,0.0,41,0.2531,0.2574,40,0.2476,0.2488,0.2561,0.2488,21.0,53048.0,189
2023-05-11 09:42:33,OP90002106,深证100ETF购12月2750,0.2558,0.0,0.0,0.0,41,0.2531,0.2574,20,0.2476,0.2488,0.2561,0.2488,21.0,53048.0,189
2023-05-11 09:42:34,OP90002106,深证100ETF购12月2750,0.2558,0.0,0.0,0.0,41,0.2531,0.2575,20,0.2476,0.2488,0.2561,0.2488,21.0,53048.0,189
2023-05-11 09:42:36,OP90002106,深证100ETF购12月2750,0.2558,0.0,0.0,0.0,41,0.2531,0.2575,20,0.2476,0.2488,0.2561,0.2488,21.0,53048.0,189
2023-05-11 09:42:38,OP90002106,深证100ETF购12月2750,0.2558,0.0,0.0,0.0,1,0.2532,0.2575,20,0.2476,0.2488,0.2561,0.2488,21.0,53048.0,189
2023-05-11 09:42:40,OP90002106,深证100ETF购12月2750,0.2558,0.0,0.0,0.0,1,0.2532,0.2575,20,0.2476,0.2488,0.2561,0.2488,21.0,53048.0,189
2023-05-11 09:42:41,OP90002106,深证100ETF购12月2750,0.2558,0.0,0.0,0.0,1,0.2532,0.2575,20,0.2476,0.2488,0.2561,0.2488,21.0,53048.0,189
2023-05-11 09:42:45,OP90002106,深证100ETF购12月2750,0.2558,0.0,0.0,0.0,1,0.2532,0.2575,30,0.2476,0.2488,0.2561,0.2488,21.0,53048.0,189
2023-05-11 09:42:46,OP90002106,深证100ETF购12月2750,0.2558,0.0,0.0,0.0,1,0.2532,0.2574,20,0.2476,0.2488,0.2561,0.2488,21.0,53048.0,189
2023-05-11 09:42:47,OP90002106,深证100ETF购12月2750,0.2558,0.0,0.0,0.0,1,0.2532,0.2574,30,0.2476,0.2488,0.2561,0.2488,21.0,53048.0,189
2023-05-11 09:42:47,OP90002106,深证100ETF购12月2750,0.2558,0.0,0.0,0.0,1,0.2532,0.2573,20,0.2476,0.2488,0.2561,0.2488,21.0,53048.0,189
2023-05-11 09:42:48,OP90002106,深证100ETF购12月2750,0.2558,0.0,0.0,0.0,1,0.2532,0.2573,30,0.2476,0.2488,0.2561,0.2488,21.0,53048.0,189
2023-05-11 09:42:48,OP90002106,深证100ETF购12月2750,0.2558,0.0,0.0,0.0,1,0.2533,0.2572,20,0.2476,0.2488,0.2561,0.2488,21.0,53048.0,189
2023-05-11 09:42:49,OP90002106,深证100ETF购12月2750,0.2558,0.0,0.0,0.0,1,0.2533,0.2572,30,0.2476,0.2488,0.2561,0.2488,21.0,53048.0,189
2023-05-11 09:42:49,OP90002106,深证100ETF购12月2750,0.2558,0.0,0.0,0.0,1,0.2533,0.2571,20,0.2476,0.2488,0.2561,0.2488,21.0,53048.0,189
2023-05-11 09:42:51,OP90002106,深证100ETF购12月2750,0.2558,0.0,0.0,0.0,1,0.2533,0.2571,30,0.2476,0.2488,0.2561,0.2488,21.0,53048.0,189
2023-05-11 09:42:52,OP90002106,深证100ETF购12月2750,0.2558,0.0,0.0,0.0,1,0.2533,0.257,20,0.2476,0.2488,0.2561,0.2488,21.0,53048.0,189
2023-05-11 09:42:52,OP90002106,深证100ETF购12月2750,0.2558,0.0,0.0,0.0,21,0.2533,0.257,50,0.2476,0.2488,0.2561,0.2488,21.0,53048.0,189
2023-05-11 09:42:54,OP90002106,深证100ETF购12月2750,0.2558,0.0,0.0,0.0,21,0.2533,0.257,50,0.2476,0.2488,0.2561,0.2488,21.0,53048.0,189
2023-05-11 09:42:55,OP90002106,深证100ETF购12月2750,0.2558,0.0,0.0,0.0,21,0.2533,0.257,50,0.2476,0.2488,0.2561,0.2488,21.0,53048.0,189
2023-05-11 09:42:56,OP90002106,深证100ETF购12月2750,0.2558,0.0,0.0,0.0,21,0.2533,0.257,50,0.2476,0.2488,0.2561,0.2488,21.0,53048.0,189
2023-05-11 09:42:57,OP90002106,深证100ETF购12月2750,0.2558,0.0,0.0,0.0,21,0.2533,0.257,50,0.2476,0.2488,0.2561,0.2488,21.0,53048.0,189
2023-05-11 09:42:58,OP90002106,深证100ETF购12月2750,0.2558,0.0,0.0,0.0,1,0.2534,0.257,50,0.2476,0.2488,0.2561,0.2488,21.0,53048.0,189
2023-05-11 09:42:59,OP90002106,深证100ETF购12月2750,0.2558,0.0,0.0,0.0,1,0.2534,0.257,50,0.2476,0.2488,0.2561,0.2488,21.0,53048.0,189
2023-05-11 09:43:00,OP90002106,深证100ETF购12月2750,0.2558,0.0,0.0,0.0,1,0.2534,0.2569,20,0.2476,0.2488,0.2561,0.2488,21.0,53048.0,189
2023-05-11 09:43:00,OP90002106,深证100ETF购12月2750,0.2558,0.0,0.0,0.0,1,0.2534,0.2569,30,0.2476,0.2488,0.2561,0.2488,21.0,53048.0,189
2023-05-11 09:43:01,OP90002106,深证100ETF购12月2750,0.2558,0.0,0.0,0.0,1,0.2534,0.2568,20,0.2476,0.2488,0.2561,0.2488,21.0,53048.0,189
2023-05-11 09:43:01,OP90002106,深证100ETF购12月2750,0.2558,0.0,0.0,0.0,1,0.2534,0.2568,30,0.2476,0.2488,0.2561,0.2488,21.0,53048.0,189
2023-05-11 09:43:02,OP90002106,深证100ETF购12月2750,0.2558,0.0,0.0,0.0,1,0.2534,0.2567,20,0.2476,0.2488,0.2561,0.2488,21.0,53048.0,189
2023-05-11 09:43:02,OP90002106,深证100ETF购12月2750,0.2558,0.0,0.0,0.0,1,0.2534,0.2567,30,0.2476,0.2488,0.2561,0.2488,21.0,53048.0,189
2023-05-11 09:43:03,OP90002106,深证100ETF购12月2750,0.2558,0.0,0.0,0.0,1,0.2534,0.2566,20,0.2476,0.2488,0.2561,0.2488,21.0,53048.0,189
2023-05-11 09:43:03,OP90002106,深证100ETF购12月2750,0.2558,0.0,0.0,0.0,1,0.2534,0.2566,30,0.2476,0.2488,0.2561,0.2488,21.0,53048.0,189
2023-05-11 09:43:04,OP90002106,深证100ETF购12月2750,0.2558,0.0,0.0,0.0,1,0.2534,0.2565,20,0.2476,0.2488,0.2561,0.2488,21.0,53048.0,189
2023-05-11 09:43:04,OP90002106,深证100ETF购12月2750,0.2558,0.0,0.0,0.0,1,0.2534,0.2565,30,0.2476,0.2488,0.2561,0.2488,21.0,53048.0,189
2023-05-11 09:43:07,OP90002106,深证100ETF购12月2750,0.2558,0.0,0.0,0.0,1,0.2534,0.2565,30,0.2476,0.2488,0.2561,0.2488,21.0,53048.0,189
2023-05-11 09:43:08,OP90002106,深证100ETF购12月2750,0.2558,0.0,0.0,0.0,1,0.2535,0.2565,20,0.2476,0.2488,0.2561,0.2488,21.0,53048.0,189
2023-05-11 09:43:12,OP90002106,深证100ETF购12月2750,0.2558,0.0,0.0,0.0,1,0.2535,0.2565,30,0.2476,0.2488,0.2561,0.2488,21.0,53048.0,189
2023-05-11 09:43:13,OP90002106,深证100ETF购12月2750,0.2558,0.0,0.0,0.0,1,0.2535,0.2565,30,0.2476,0.2488,0.2561,0.2488,21.0,53048.0,189
2023-05-11 09:43:20,OP90002106,深证100ETF购12月2750,0.2558,0.0,0.0,0.0,1,0.2535,0.2565,30,0.2476,0.2488,0.2561,0.2488,21.0,53048.0,189
2023-05-11 09:43:21,OP90002106,深证100ETF购12月2750,0.2558,0.0,0.0,0.0,1,0.2535,0.2565,30,0.2476,0.2488,0.2561,0.2488,21.0,53048.0,189
2023-05-11 09:43:32,OP90002106,深证100ETF购12月2750,0.2558,0.0,0.0,0.0,1,0.2535,0.2565,50,0.2476,0.2488,0.2561,0.2488,21.0,53048.0,189
2023-05-11 09:43:38,OP90002106,深证100ETF购12月2750,0.2558,0.0,0.0,0.0,20,0.2533,0.2565,50,0.2476,0.2488,0.2561,0.2488,21.0,53048.0,189
2023-05-11 09:43:39,OP90002106,深证100ETF购12月2750,0.2558,0.0,0.0,0.0,21,0.2533,0.2565,50,0.2476,0.2488,0.2561,0.2488,21.0,53048.0,189
2023-05-11 09:43:39,OP90002106,深证100ETF购12月2750,0.2558,0.0,0.0,0.0,21,0.2533,0.2565,50,0.2476,0.2488,0.2561,0.2488,21.0,53048.0,189
2023-05-11 09:43:40,OP90002106,深证100ETF购12月2750,0.2558,0.0,0.0,0.0,21,0.2533,0.2565,50,0.2476,0.2488,0.2561,0.2488,21.0,53048.0,189
2023-05-11 09:43:40,OP90002106,深证100ETF购12月2750,0.2558,0.0,0.0,0.0,21,0.2533,0.2565,50,0.2476,0.2488,0.2561,0.2488,21.0,53048.0,189
2023-05-11 09:43:57,OP90002106,深证100ETF购12月2750,0.2558,0.0,0.0,0.0,20,0.2533,0.2565,50,0.2476,0.2488,0.2561,0.2488,21.0,53048.0,189
2023-05-11 09:43:58,OP90002106,深证100ETF购12月2750,0.2558,0.0,0.0,0.0,20,0.2533,0.2565,50,0.2476,0.2488,0.2561,0.2488,21.0,53048.0,189
2023-05-11 09:43:58,OP90002106,深证100ETF购12月2750,0.2558,0.0,0.0,0.0,60,0.2523,0.2565,50,0.2476,0.2488,0.2561,0.2488,21.0,53048.0,189
2023-05-11 09:43:59,OP90002106,深证100ETF购12月2750,0.2558,0.0,0.0,0.0,41,0.2523,0.2565,50,0.2476,0.2488,0.2561,0.2488,21.0,53048.0,189
2023-05-11 09:43:59,OP90002106,深证100ETF购12月2750,0.2558,0.0,0.0,0.0,41,0.2523,0.2565,50,0.2476,0.2488,0.2561,0.2488,21.0,53048.0,189
2023-05-11 09:44:01,OP90002106,深证100ETF购12月2750,0.2558,0.0,0.0,0.0,41,0.2523,0.2565,50,0.2476,0.2488,0.2561,0.2488,21.0,53048.0,189
2023-05-11 09:44:02,OP90002106,深证100ETF购12月2750,0.2558,0.0,0.0,0.0,41,0.2523,0.2565,50,0.2476,0.2488,0.2561,0.2488,21.0,53048.0,189
2023-05-11 09:44:08,OP90002106,深证100ETF购12月2750,0.2558,0.0,0.0,0.0,41,0.2523,0.2565,50,0.2476,0.2488,0.2561,0.2488,21.0,53048.0,189
2023-05-11 09:44:09,OP90002106,深证100ETF购12月2750,0.2558,0.0,0.0,0.0,1,0.2524,0.2565,50,0.2476,0.2488,0.2561,0.2488,21.0,53048.0,189
2023-05-11 09:44:13,OP90002106,深证100ETF购12月2750,0.2558,0.0,0.0,0.0,1,0.2524,0.2565,50,0.2476,0.2488,0.2561,0.2488,21.0,53048.0,189
2023-05-11 09:44:15,OP90002106,深证100ETF购12月2750,0.2558,0.0,0.0,0.0,1,0.2524,0.2565,50,0.2476,0.2488,0.2561,0.2488,21.0,53048.0,189
2023-05-11 09:44:19,OP90002106,深证100ETF购12月2750,0.2558,0.0,0.0,0.0,1,0.2524,0.2565,50,0.2476,0.2488,0.2561,0.2488,21.0,53048.0,189
2023-05-11 09:44:20,OP90002106,深证100ETF购12月2750,0.2558,0.0,0.0,0.0,1,0.2524,0.2565,50,0.2476,0.2488,0.2561,0.2488,21.0,53048.0,189
2023-05-11 09:44:29,OP90002106,深证100ETF购12月2750,0.2558,0.0,0.0,0.0,1,0.2524,0.2565,50,0.2476,0.2488,0.2561,0.2488,21.0,53048.0,189
2023-05-11 09:44:30,OP90002106,深证100ETF购12月2750,0.2558,0.0,0.0,0.0,1,0.2524,0.2565,50,0.2476,0.2488,0.2561,0.2488,21.0,53048.0,189
2023-05-11 09:44:32,OP90002106,深证100ETF购12月2750,0.2558,0.0,0.0,0.0,1,0.2524,0.2565,50,0.2476,0.2488,0.2561,0.2488,21.0,53048.0,189
2023-05-11 09:44:34,OP90002106,深证100ETF购12月2750,0.2558,0.0,0.0,0.0,1,0.2524,0.2565,50,0.2476,0.2488,0.2561,0.2488,21.0,53048.0,189
2023-05-11 09:44:44,OP90002106,深证100ETF购12月2750,0.2558,0.0,0.0,0.0,40,0.2523,0.2565,50,0.2476,0.2488,0.2561,0.2488,21.0,53048.0,189
2023-05-11 09:44:45,OP90002106,深证100ETF购12月2750,0.2558,0.0,0.0,0.0,40,0.2523,0.2565,50,0.2476,0.2488,0.2561,0.2488,21.0,53048.0,189
2023-05-11 09:44:45,OP90002106,深证100ETF购12月2750,0.2558,0.0,0.0,0.0,20,0.2523,0.2565,50,0.2476,0.2488,0.2561,0.2488,21.0,53048.0,189
2023-05-11 09:44:46,OP90002106,深证100ETF购12月2750,0.2558,0.0,0.0,0.0,20,0.2523,0.2565,50,0.2476,0.2488,0.2561,0.2488,21.0,53048.0,189
2023-05-11 09:44:46,OP90002106,深证100ETF购12月2750,0.2558,0.0,0.0,0.0,20,0.2523,0.2565,50,0.2476,0.2488,0.2561,0.2488,21.0,53048.0,189
2023-05-11 09:44:50,OP90002106,深证100ETF购12月2750,0.2558,0.0,0.0,0.0,20,0.2523,0.2561,10,0.2476,0.2488,0.2561,0.2488,21.0,53048.0,189
2023-05-11 09:44:50,OP90002106,深证100ETF购12月2750,0.2558,0.0,0.0,0.0,20,0.2523,0.256,20,0.2476,0.2488,0.2561,0.2488,21.0,53048.0,189
2023-05-11 09:44:51,OP90002106,深证100ETF购12月2750,0.2558,0.0,0.0,0.0,20,0.2523,0.256,30,0.2476,0.2488,0.2561,0.2488,21.0,53048.0,189
2023-05-11 09:44:51,OP90002106,深证100ETF购12月2750,0.2558,0.0,0.0,0.0,20,0.2523,0.2559,20,0.2476,0.2488,0.2561,0.2488,21.0,53048.0,189
2023-05-11 09:44:52,OP90002106,深证100ETF购12月2750,0.2558,0.0,0.0,0.0,20,0.2523,0.2559,30,0.2476,0.2488,0.2561,0.2488,21.0,53048.0,189
2023-05-11 09:44:54,OP90002106,深证100ETF购12月2750,0.2558,0.0,0.0,0.0,20,0.2523,0.2559,50,0.2476,0.2488,0.2561,0.2488,21.0,53048.0,189
2023-05-11 09:44:59,OP90002106,深证100ETF购12月2750,0.2558,0.0,0.0,0.0,20,0.2523,0.2559,50,0.2476,0.2488,0.2561,0.2488,21.0,53048.0,189
2023-05-11 09:45:01,OP90002106,深证100ETF购12月2750,0.2558,0.0,0.0,0.0,20,0.2522,0.2559,70,0.2476,0.2488,0.2561,0.2488,21.0,53048.0,189
2023-05-11 09:45:02,OP90002106,深证100ETF购12月2750,0.2558,0.0,0.0,0.0,20,0.2522,0.2559,70,0.2476,0.2488,0.2561,0.2488,21.0,53048.0,189
2023-05-11 09:45:03,OP90002106,深证100ETF购12月2750,0.2558,0.0,0.0,0.0,20,0.2522,0.2559,70,0.2476,0.2488,0.2561,0.2488,21.0,53048.0,189
2023-05-11 09:45:03,OP90002106,深证100ETF购12月2750,0.2558,0.0,0.0,0.0,20,0.2522,0.2559,70,0.2476,0.2488,0.2561,0.2488,21.0,53048.0,189
2023-05-11 09:45:04,OP90002106,深证100ETF购12月2750,0.2558,0.0,0.0,0.0,20,0.2522,0.2559,70,0.2476,0.2488,0.2561,0.2488,21.0,53048.0,189
2023-05-11 09:45:05,OP90002106,深证100ETF购12月2750,0.2558,0.0,0.0,0.0,20,0.2522,0.2558,10,0.2476,0.2488,0.2561,0.2488,21.0,53048.0,189
2023-05-11 09:45:05,OP90002106,深证100ETF购12月2750,0.2558,0.0,0.0,0.0,20,0.2522,0.2558,30,0.2476,0.2488,0.2561,0.2488,21.0,53048.0,189
2023-05-11 09:45:06,OP90002106,深证100ETF购12月2750,0.2558,0.0,0.0,0.0,20,0.2522,0.2558,20,0.2476,0.2488,0.2561,0.2488,21.0,53048.0,189
2023-05-11 09:45:06,OP90002106,深证100ETF购12月2750,0.2558,0.0,0.0,0.0,20,0.2522,0.2559,80,0.2476,0.2488,0.2561,0.2488,21.0,53048.0,189
2023-05-11 09:45:07,OP90002106,深证100ETF购12月2750,0.2558,0.0,0.0,0.0,20,0.2522,0.2559,70,0.2476,0.2488,0.2561,0.2488,21.0,53048.0,189
2023-05-11 09:45:08,OP90002106,深证100ETF购12月2750,0.2558,0.0,0.0,0.0,20,0.2522,0.2559,70,0.2476,0.2488,0.2561,0.2488,21.0,53048.0,189
2023-05-11 09:45:08,OP90002106,深证100ETF购12月2750,0.2558,0.0,0.0,0.0,21,0.2522,0.2559,70,0.2476,0.2488,0.2561,0.2488,21.0,53048.0,189
2023-05-11 09:45:09,OP90002106,深证100ETF购12月2750,0.2558,0.0,0.0,0.0,21,0.2522,0.2559,70,0.2476,0.2488,0.2561,0.2488,21.0,53048.0,189
2023-05-11 09:45:10,OP90002106,深证100ETF购12月2750,0.2558,0.0,0.0,0.0,20,0.2522,0.2559,70,0.2476,0.2488,0.2561,0.2488,21.0,53048.0,189
2023-05-11 09:45:11,OP90002106,深证100ETF购12月2750,0.2558,0.0,0.0,0.0,20,0.2522,0.2559,70,0.2476,0.2488,0.2561,0.2488,21.0,53048.0,189
2023-05-11 09:45:12,OP90002106,深证100ETF购12月2750,0.2558,0.0,0.0,0.0,20,0.2522,0.2559,70,0.2476,0.2488,0.2561,0.2488,21.0,53048.0,189
2023-05-11 09:45:13,OP90002106,深证100ETF购12月2750,0.2558,0.0,0.0,0.0,20,0.2522,0.2559,70,0.2476,0.2488,0.2561,0.2488,21.0,53048.0,189
2023-05-11 09:45:17,OP90002106,深证100ETF购12月2750,0.2558,0.0,0.0,0.0,1,0.2521,0.2559,70,0.2476,0.2488,0.2561,0.2488,21.0,53048.0,189
2023-05-11 09:45:18,OP90002106,深证100ETF购12月2750,0.2558,0.0,0.0,0.0,1,0.2521,0.2559,70,0.2476,0.2488,0.2561,0.2488,21.0,53048.0,189
2023-05-11 09:45:18,OP90002106,深证100ETF购12月2750,0.2558,0.0,0.0,0.0,1,0.2521,0.2559,70,0.2476,0.2488,0.2561,0.2488,21.0,53048.0,189
2023-05-11 09:45:20,OP90002106,深证100ETF购12月2750,0.2558,0.0,0.0,0.0,1,0.2521,0.2559,70,0.2476,0.2488,0.2561,0.2488,21.0,53048.0,189
2023-05-11 09:45:20,OP90002106,深证100ETF购12月2750,0.2558,0.0,0.0,0.0,1,0.2521,0.2559,70,0.2476,0.2488,0.2561,0.2488,21.0,53048.0,189
2023-05-11 09:45:21,OP90002106,深证100ETF购12月2750,0.2558,0.0,0.0,0.0,1,0.2521,0.2559,70,0.2476,0.2488,0.2561,0.2488,21.0,53048.0,189
2023-05-11 09:45:24,OP90002106,深证100ETF购12月2750,0.2558,0.0,0.0,0.0,1,0.2521,0.2559,70,0.2476,0.2488,0.2561,0.2488,21.0,53048.0,189
2023-05-11 09:45:26,OP90002106,深证100ETF购12月2750,0.2558,0.0,0.0,0.0,20,0.2518,0.2559,70,0.2476,0.2488,0.2561,0.2488,21.0,53048.0,189
2023-05-11 09:45:27,OP90002106,深证100ETF购12月2750,0.2558,0.0,0.0,0.0,20,0.2518,0.2559,70,0.2476,0.2488,0.2561,0.2488,21.0,53048.0,189
2023-05-11 09:45:27,OP90002106,深证100ETF购12月2750,0.2558,0.0,0.0,0.0,20,0.2518,0.2559,70,0.2476,0.2488,0.2561,0.2488,21.0,53048.0,189
2023-05-11 09:45:28,OP90002106,深证100ETF购12月2750,0.2558,0.0,0.0,0.0,41,0.2517,0.2559,70,0.2476,0.2488,0.2561,0.2488,21.0,53048.0,189
2023-05-11 09:45:28,OP90002106,深证100ETF购12月2750,0.2558,0.0,0.0,0.0,1,0.2517,0.2559,70,0.2476,0.2488,0.2561,0.2488,21.0,53048.0,189
2023-05-11 09:45:29,OP90002106,深证100ETF购12月2750,0.2558,0.0,0.0,0.0,1,0.2517,0.2558,20,0.2476,0.2488,0.2561,0.2488,21.0,53048.0,189
2023-05-11 09:45:29,OP90002106,深证100ETF购12月2750,0.2558,0.0,0.0,0.0,1,0.2517,0.2558,50,0.2476,0.2488,0.2561,0.2488,21.0,53048.0,189
2023-05-11 09:45:30,OP90002106,深证100ETF购12月2750,0.2558,0.0,0.0,0.0,1,0.2517,0.2557,20,0.2476,0.2488,0.2561,0.2488,21.0,53048.0,189
2023-05-11 09:45:30,OP90002106,深证100ETF购12月2750,0.2558,0.0,0.0,0.0,1,0.2517,0.2557,30,0.2476,0.2488,0.2561,0.2488,21.0,53048.0,189
2023-05-11 09:45:31,OP90002106,深证100ETF购12月2750,0.2558,0.0,0.0,0.0,1,0.2517,0.2556,20,0.2476,0.2488,0.2561,0.2488,21.0,53048.0,189
2023-05-11 09:45:31,OP90002106,深证100ETF购12月2750,0.2558,0.0,0.0,0.0,21,0.2517,0.2556,50,0.2476,0.2488,0.2561,0.2488,21.0,53048.0,189
2023-05-11 09:45:32,OP90002106,深证100ETF购12月2750,0.2558,0.0,0.0,0.0,41,0.2517,0.2555,20,0.2476,0.2488,0.2561,0.2488,21.0,53048.0,189
2023-05-11 09:45:32,OP90002106,深证100ETF购12月2750,0.2558,0.0,0.0,0.0,41,0.2517,0.2555,30,0.2476,0.2488,0.2561,0.2488,21.0,53048.0,189
2023-05-11 09:45:33,OP90002106,深证100ETF购12月2750,0.2558,0.0,0.0,0.0,41,0.2517,0.2554,20,0.2476,0.2488,0.2561,0.2488,21.0,53048.0,189
2023-05-11 09:45:33,OP90002106,深证100ETF购12月2750,0.2558,0.0,0.0,0.0,41,0.2517,0.2554,30,0.2476,0.2488,0.2561,0.2488,21.0,53048.0,189
2023-05-11 09:45:34,OP90002106,深证100ETF购12月2750,0.2558,0.0,0.0,0.0,41,0.2517,0.2554,30,0.2476,0.2488,0.2561,0.2488,21.0,53048.0,189
2023-05-11 09:45:34,OP90002106,深证100ETF购12月2750,0.2558,0.0,0.0,0.0,41,0.2517,0.2554,30,0.2476,0.2488,0.2561,0.2488,21.0,53048.0,189
2023-05-11 09:45:35,OP90002106,深证100ETF购12月2750,0.2558,0.0,0.0,0.0,40,0.2517,0.2554,30,0.2476,0.2488,0.2561,0.2488,21.0,53048.0,189
2023-05-11 09:45:37,OP90002106,深证100ETF购12月2750,0.2558,0.0,0.0,0.0,40,0.2517,0.2554,30,0.2476,0.2488,0.2561,0.2488,21.0,53048.0,189
2023-05-11 09:45:38,OP90002106,深证100ETF购12月2750,0.2558,0.0,0.0,0.0,40,0.2517,0.2554,30,0.2476,0.2488,0.2561,0.2488,21.0,53048.0,189
2023-05-11 09:45:38,OP90002106,深证100ETF购12月2750,0.2558,0.0,0.0,0.0,20,0.2517,0.2554,50,0.2476,0.2488,0.2561,0.2488,21.0,53048.0,189
2023-05-11 09:45:39,OP90002106,深证100ETF购12月2750,0.2558,0.0,0.0,0.0,20,0.2517,0.2554,50,0.2476,0.2488,0.2561,0.2488,21.0,53048.0,189
2023-05-11 09:45:41,OP90002106,深证100ETF购12月2750,0.2558,0.0,0.0,0.0,40,0.2517,0.2554,30,0.2476,0.2488,0.2561,0.2488,21.0,53048.0,189
2023-05-11 09:45:48,OP90002106,深证100ETF购12月2750,0.2558,0.0,0.0,0.0,41,0.2517,0.2554,30,0.2476,0.2488,0.2561,0.2488,21.0,53048.0,189
2023-05-11 09:45:52,OP90002106,深证100ETF购12月2750,0.2558,0.0,0.0,0.0,41,0.2517,0.2554,10,0.2476,0.2488,0.2561,0.2488,21.0,53048.0,189
2023-05-11 09:45:54,OP90002106,深证100ETF购12月2750,0.2558,0.0,0.0,0.0,41,0.2517,0.2554,10,0.2476,0.2488,0.2561,0.2488,21.0,53048.0,189
2023-05-11 09:45:56,OP90002106,深证100ETF购12月2750,0.2558,0.0,0.0,0.0,21,0.2517,0.2554,30,0.2476,0.2488,0.2561,0.2488,21.0,53048.0,189
2023-05-11 09:45:56,OP90002106,深证100ETF购12月2750,0.2558,0.0,0.0,0.0,1,0.2517,0.2554,30,0.2476,0.2488,0.2561,0.2488,21.0,53048.0,189
2023-05-11 09:45:57,OP90002106,深证100ETF购12月2750,0.2558,0.0,0.0,0.0,1,0.2517,0.2554,30,0.2476,0.2488,0.2561,0.2488,21.0,53048.0,189
2023-05-11 09:45:57,OP90002106,深证100ETF购12月2750,0.2558,0.0,0.0,0.0,1,0.2517,0.2554,30,0.2476,0.2488,0.2561,0.2488,21.0,53048.0,189
2023-05-11 09:45:58,OP90002106,深证100ETF购12月2750,0.2558,0.0,0.0,0.0,1,0.2518,0.2554,30,0.2476,0.2488,0.2561,0.2488,21.0,53048.0,189
2023-05-11 09:45:58,OP90002106,深证100ETF购12月2750,0.2558,0.0,0.0,0.0,1,0.2518,0.2554,30,0.2476,0.2488,0.2561,0.2488,21.0,53048.0,189
2023-05-11 09:45:59,OP90002106,深证100ETF购12月2750,0.2558,0.0,0.0,0.0,1,0.2518,0.2554,30,0.2476,0.2488,0.2561,0.2488,21.0,53048.0,189
2023-05-11 09:45:59,OP90002106,深证100ETF购12月2750,0.2558,0.0,0.0,0.0,21,0.2515,0.2554,30,0.2476,0.2488,0.2561,0.2488,21.0,53048.0,189
2023-05-11 09:46:00,OP90002106,深证100ETF购12月2750,0.2558,0.0,0.0,0.0,1,0.2515,0.2554,30,0.2476,0.2488,0.2561,0.2488,21.0,53048.0,189
2023-05-11 09:46:05,OP90002106,深证100ETF购12月2750,0.2558,0.0,0.0,0.0,1,0.2515,0.2554,30,0.2476,0.2488,0.2561,0.2488,21.0,53048.0,189
2023-05-11 09:46:05,OP90002106,深证100ETF购12月2750,0.2558,0.0,0.0,0.0,20,0.2512,0.2554,30,0.2476,0.2488,0.2561,0.2488,21.0,53048.0,189
2023-05-11 09:46:06,OP90002106,深证100ETF购12月2750,0.2558,0.0,0.0,0.0,80,0.2511,0.2554,30,0.2476,0.2488,0.2561,0.2488,21.0,53048.0,189
2023-05-11 09:46:06,OP90002106,深证100ETF购12月2750,0.2558,0.0,0.0,0.0,80,0.2511,0.2554,30,0.2476,0.2488,0.2561,0.2488,21.0,53048.0,189
2023-05-11 09:46:08,OP90002106,深证100ETF购12月2750,0.2558,0.0,0.0,0.0,80,0.2511,0.2554,30,0.2476,0.2488,0.2561,0.2488,21.0,53048.0,189
2023-05-11 09:46:09,OP90002106,深证100ETF购12月2750,0.2558,0.0,0.0,0.0,80,0.2511,0.2554,30,0.2476,0.2488,0.2561,0.2488,21.0,53048.0,189
2023-05-11 09:46:12,OP90002106,深证100ETF购12月2750,0.2558,0.0,0.0,0.0,80,0.2511,0.2554,30,0.2476,0.2488,0.2561,0.2488,21.0,53048.0,189
2023-05-11 09:46:14,OP90002106,深证100ETF购12月2750,0.2558,0.0,0.0,0.0,80,0.2511,0.2554,30,0.2476,0.2488,0.2561,0.2488,21.0,53048.0,189
2023-05-11 09:46:15,OP90002106,深证100ETF购12月2750,0.2558,0.0,0.0,0.0,80,0.2511,0.2554,30,0.2476,0.2488,0.2561,0.2488,21.0,53048.0,189
2023-05-11 09:46:15,OP90002106,深证100ETF购12月2750,0.2558,0.0,0.0,0.0,80,0.2511,0.2554,30,0.2476,0.2488,0.2561,0.2488,21.0,53048.0,189
2023-05-11 09:46:16,OP90002106,深证100ETF购12月2750,0.2558,0.0,0.0,0.0,80,0.2511,0.2554,30,0.2476,0.2488,0.2561,0.2488,21.0,53048.0,189
2023-05-11 09:46:16,OP90002106,深证100ETF购12月2750,0.2558,0.0,0.0,0.0,80,0.2511,0.2554,30,0.2476,0.2488,0.2561,0.2488,21.0,53048.0,189
2023-05-11 09:46:17,OP90002106,深证100ETF购12月2750,0.2558,0.0,0.0,0.0,80,0.2511,0.2554,20,0.2476,0.2488,0.2561,0.2488,21.0,53048.0,189
2023-05-11 09:46:19,OP90002106,深证100ETF购12月2750,0.2558,0.0,0.0,0.0,80,0.2511,0.2554,20,0.2476,0.2488,0.2561,0.2488,21.0,53048.0,189
2023-05-11 09:46:19,OP90002106,深证100ETF购12月2750,0.2558,0.0,0.0,0.0,80,0.2511,0.2554,20,0.2476,0.2488,0.2561,0.2488,21.0,53048.0,189
2023-05-11 09:46:20,OP90002106,深证100ETF购12月2750,0.2558,0.0,0.0,0.0,80,0.2511,0.2554,20,0.2476,0.2488,0.2561,0.2488,21.0,53048.0,189
2023-05-11 09:46:21,OP90002106,深证100ETF购12月2750,0.2558,0.0,0.0,0.0,81,0.2511,0.2554,20,0.2476,0.2488,0.2561,0.2488,21.0,53048.0,189
2023-05-11 09:46:21,OP90002106,深证100ETF购12月2750,0.2558,0.0,0.0,0.0,81,0.2511,0.2554,20,0.2476,0.2488,0.2561,0.2488,21.0,53048.0,189
2023-05-11 09:46:22,OP90002106,深证100ETF购12月2750,0.2558,0.0,0.0,0.0,81,0.2511,0.2554,20,0.2476,0.2488,0.2561,0.2488,21.0,53048.0,189
2023-05-11 09:46:23,OP90002106,深证100ETF购12月2750,0.2558,0.0,0.0,0.0,81,0.2511,0.2554,20,0.2476,0.2488,0.2561,0.2488,21.0,53048.0,189
2023-05-11 09:46:23,OP90002106,深证100ETF购12月2750,0.2558,0.0,0.0,0.0,81,0.2511,0.2554,20,0.2476,0.2488,0.2561,0.2488,21.0,53048.0,189
2023-05-11 09:46:27,OP90002106,深证100ETF购12月2750,0.2558,0.0,0.0,0.0,81,0.2511,0.2554,20,0.2476,0.2488,0.2561,0.2488,21.0,53048.0,189
2023-05-11 09:46:28,OP90002106,深证100ETF购12月2750,0.2558,0.0,0.0,0.0,81,0.2511,0.2554,20,0.2476,0.2488,0.2561,0.2488,21.0,53048.0,189
2023-05-11 09:46:28,OP90002106,深证100ETF购12月2750,0.2558,0.0,0.0,0.0,81,0.2511,0.2554,20,0.2476,0.2488,0.2561,0.2488,21.0,53048.0,189
2023-05-11 09:46:29,OP90002106,深证100ETF购12月2750,0.2558,0.0,0.0,0.0,81,0.2511,0.2554,20,0.2476,0.2488,0.2561,0.2488,21.0,53048.0,189
2023-05-11 09:46:31,OP90002106,深证100ETF购12月2750,0.2558,0.0,0.0,0.0,1,0.2512,0.2554,20,0.2476,0.2488,0.2561,0.2488,21.0,53048.0,189
2023-05-11 09:46:33,OP90002106,深证100ETF购12月2750,0.2558,0.0,0.0,0.0,1,0.2512,0.2554,20,0.2476,0.2488,0.2561,0.2488,21.0,53048.0,189
2023-05-11 09:46:35,OP90002106,深证100ETF购12月2750,0.2558,0.0,0.0,0.0,1,0.2512,0.2554,20,0.2476,0.2488,0.2561,0.2488,21.0,53048.0,189
2023-05-11 09:46:39,OP90002106,深证100ETF购12月2750,0.2558,0.0,0.0,0.0,1,0.2512,0.2554,20,0.2476,0.2488,0.2561,0.2488,21.0,53048.0,189
2023-05-11 09:46:41,OP90002106,深证100ETF购12月2750,0.2558,0.0,0.0,0.0,1,0.2513,0.2554,20,0.2476,0.2488,0.2561,0.2488,21.0,53048.0,189
2023-05-11 09:46:45,OP90002106,深证100ETF购12月2750,0.2558,0.0,0.0,0.0,1,0.2513,0.2554,20,0.2476,0.2488,0.2561,0.2488,21.0,53048.0,189
2023-05-11 09:46:48,OP90002106,深证100ETF购12月2750,0.2558,0.0,0.0,0.0,21,0.2513,0.2558,20,0.2476,0.2488,0.2561,0.2488,21.0,53048.0,189
2023-05-11 09:46:49,OP90002106,深证100ETF购12月2750,0.2558,0.0,0.0,0.0,21,0.2513,0.2559,30,0.2476,0.2488,0.2561,0.2488,21.0,53048.0,189
2023-05-11 09:46:49,OP90002106,深证100ETF购12月2750,0.2558,0.0,0.0,0.0,21,0.2513,0.2559,20,0.2476,0.2488,0.2561,0.2488,21.0,53048.0,189
2023-05-11 09:46:50,OP90002106,深证100ETF购12月2750,0.2558,0.0,0.0,0.0,21,0.2513,0.2559,20,0.2476,0.2488,0.2561,0.2488,21.0,53048.0,189
2023-05-11 09:46:51,OP90002106,深证100ETF购12月2750,0.2558,0.0,0.0,0.0,1,0.2514,0.2559,20,0.2476,0.2488,0.2561,0.2488,21.0,53048.0,189
2023-05-11 09:46:51,OP90002106,深证100ETF购12月2750,0.2558,0.0,0.0,0.0,1,0.2514,0.2559,20,0.2476,0.2488,0.2561,0.2488,21.0,53048.0,189
2023-05-11 09:46:52,OP90002106,深证100ETF购12月2750,0.2558,0.0,0.0,0.0,1,0.2514,0.2551,10,0.2476,0.2488,0.2561,0.2488,21.0,53048.0,189
2023-05-11 09:46:52,OP90002106,深证100ETF购12月2750,0.2558,0.0,0.0,0.0,21,0.2514,0.2551,20,0.2476,0.2488,0.2561,0.2488,21.0,53048.0,189
2023-05-11 09:46:53,OP90002106,深证100ETF购12月2750,0.2558,0.0,0.0,0.0,21,0.2514,0.2551,20,0.2476,0.2488,0.2561,0.2488,21.0,53048.0,189
2023-05-11 09:46:53,OP90002106,深证100ETF购12月2750,0.2558,0.0,0.0,0.0,20,0.2514,0.2551,20,0.2476,0.2488,0.2561,0.2488,21.0,53048.0,189
2023-05-11 09:46:54,OP90002106,深证100ETF购12月2750,0.2558,0.0,0.0,0.0,20,0.2514,0.2551,20,0.2476,0.2488,0.2561,0.2488,21.0,53048.0,189
2023-05-11 09:46:54,OP90002106,深证100ETF购12月2750,0.2558,0.0,0.0,0.0,20,0.2514,0.2551,20,0.2476,0.2488,0.2561,0.2488,21.0,53048.0,189
2023-05-11 09:46:55,OP90002106,深证100ETF购12月2750,0.2558,0.0,0.0,0.0,20,0.2514,0.2551,20,0.2476,0.2488,0.2561,0.2488,21.0,53048.0,189
2023-05-11 09:46:56,OP90002106,深证100ETF购12月2750,0.2558,0.0,0.0,0.0,21,0.2514,0.2551,20,0.2476,0.2488,0.2561,0.2488,21.0,53048.0,189
2023-05-11 09:46:57,OP90002106,深证100ETF购12月2750,0.2558,0.0,0.0,0.0,21,0.2514,0.2551,20,0.2476,0.2488,0.2561,0.2488,21.0,53048.0,189
2023-05-11 09:46:58,OP90002106,深证100ETF购12月2750,0.2558,0.0,0.0,0.0,21,0.2514,0.2551,20,0.2476,0.2488,0.2561,0.2488,21.0,53048.0,189
2023-05-11 09:46:58,OP90002106,深证100ETF购12月2750,0.2558,0.0,0.0,0.0,21,0.2514,0.2551,20,0.2476,0.2488,0.2561,0.2488,21.0,53048.0,189
2023-05-11 09:46:59,OP90002106,深证100ETF购12月2750,0.2558,0.0,0.0,0.0,20,0.2514,0.2551,20,0.2476,0.2488,0.2561,0.2488,21.0,53048.0,189
2023-05-11 09:47:02,OP90002106,深证100ETF购12月2750,0.2558,0.0,0.0,0.0,20,0.2514,0.2551,20,0.2476,0.2488,0.2561,0.2488,21.0,53048.0,189
2023-05-11 09:47:03,OP90002106,深证100ETF购12月2750,0.2558,0.0,0.0,0.0,20,0.2514,0.2551,20,0.2476,0.2488,0.2561,0.2488,21.0,53048.0,189
2023-05-11 09:47:04,OP90002106,深证100ETF购12月2750,0.2558,0.0,0.0,0.0,21,0.2514,0.2551,20,0.2476,0.2488,0.2561,0.2488,21.0,53048.0,189
2023-05-11 09:47:06,OP90002106,深证100ETF购12月2750,0.2558,0.0,0.0,0.0,21,0.2514,0.2551,20,0.2476,0.2488,0.2561,0.2488,21.0,53048.0,189
2023-05-11 09:47:08,OP90002106,深证100ETF购12月2750,0.2558,0.0,0.0,0.0,20,0.2514,0.2551,20,0.2476,0.2488,0.2561,0.2488,21.0,53048.0,189
2023-05-11 09:47:09,OP90002106,深证100ETF购12月2750,0.2558,0.0,0.0,0.0,20,0.2514,0.2551,20,0.2476,0.2488,0.2561,0.2488,21.0,53048.0,189
2023-05-11 09:47:10,OP90002106,深证100ETF购12月2750,0.2558,0.0,0.0,0.0,20,0.2514,0.2551,30,0.2476,0.2488,0.2561,0.2488,21.0,53048.0,189
2023-05-11 09:47:11,OP90002106,深证100ETF购12月2750,0.2558,0.0,0.0,0.0,20,0.2514,0.2551,30,0.2476,0.2488,0.2561,0.2488,21.0,53048.0,189
2023-05-11 09:47:15,OP90002106,深证100ETF购12月2750,0.2558,0.0,0.0,0.0,21,0.2511,0.2551,30,0.2476,0.2488,0.2561,0.2488,21.0,53048.0,189
2023-05-11 09:47:16,OP90002106,深证100ETF购12月2750,0.2558,0.0,0.0,0.0,1,0.2511,0.2551,50,0.2476,0.2488,0.2561,0.2488,21.0,53048.0,189
2023-05-11 09:47:16,OP90002106,深证100ETF购12月2750,0.2558,0.0,0.0,0.0,1,0.2511,0.2551,50,0.2476,0.2488,0.2561,0.2488,21.0,53048.0,189
2023-05-11 09:47:17,OP90002106,深证100ETF购12月2750,0.2558,0.0,0.0,0.0,1,0.2511,0.2551,50,0.2476,0.2488,0.2561,0.2488,21.0,53048.0,189
2023-05-11 09:47:19,OP90002106,深证100ETF购12月2750,0.2558,0.0,0.0,0.0,1,0.2511,0.2551,50,0.2476,0.2488,0.2561,0.2488,21.0,53048.0,189
2023-05-11 09:47:20,OP90002106,深证100ETF购12月2750,0.2558,0.0,0.0,0.0,1,0.2512,0.2551,50,0.2476,0.2488,0.2561,0.2488,21.0,53048.0,189
2023-05-11 09:47:21,OP90002106,深证100ETF购12月2750,0.2558,0.0,0.0,0.0,1,0.2512,0.2551,50,0.2476,0.2488,0.2561,0.2488,21.0,53048.0,189
2023-05-11 09:47:22,OP90002106,深证100ETF购12月2750,0.2558,0.0,0.0,0.0,1,0.2512,0.2551,50,0.2476,0.2488,0.2561,0.2488,21.0,53048.0,189
2023-05-11 09:47:22,OP90002106,深证100ETF购12月2750,0.2558,0.0,0.0,0.0,1,0.2512,0.2551,50,0.2476,0.2488,0.2561,0.2488,21.0,53048.0,189
2023-05-11 09:47:23,OP90002106,深证100ETF购12月2750,0.2558,0.0,0.0,0.0,21,0.2509,0.2551,50,0.2476,0.2488,0.2561,0.2488,21.0,53048.0,189
2023-05-11 09:47:25,OP90002106,深证100ETF购12月2750,0.2558,0.0,0.0,0.0,21,0.2509,0.2551,50,0.2476,0.2488,0.2561,0.2488,21.0,53048.0,189
2023-05-11 09:47:26,OP90002106,深证100ETF购12月2750,0.2558,0.0,0.0,0.0,21,0.2509,0.2551,50,0.2476,0.2488,0.2561,0.2488,21.0,53048.0,189
2023-05-11 09:47:26,OP90002106,深证100ETF购12月2750,0.2558,0.0,0.0,0.0,21,0.2509,0.2551,50,0.2476,0.2488,0.2561,0.2488,21.0,53048.0,189
2023-05-11 09:47:27,OP90002106,深证100ETF购12月2750,0.2558,0.0,0.0,0.0,21,0.2509,0.2551,50,0.2476,0.2488,0.2561,0.2488,21.0,53048.0,189
2023-05-11 09:47:27,OP90002106,深证100ETF购12月2750,0.2558,0.0,0.0,0.0,21,0.2509,0.2551,50,0.2476,0.2488,0.2561,0.2488,21.0,53048.0,189
2023-05-11 09:47:30,OP90002106,深证100ETF购12月2750,0.2558,0.0,0.0,0.0,21,0.2509,0.2551,50,0.2476,0.2488,0.2561,0.2488,21.0,53048.0,189
2023-05-11 09:47:31,OP90002106,深证100ETF购12月2750,0.2558,0.0,0.0,0.0,21,0.2509,0.2551,50,0.2476,0.2488,0.2561,0.2488,21.0,53048.0,189
2023-05-11 09:47:31,OP90002106,深证100ETF购12月2750,0.2558,0.0,0.0,0.0,21,0.2509,0.2551,50,0.2476,0.2488,0.2561,0.2488,21.0,53048.0,189
2023-05-11 09:47:32,OP90002106,深证100ETF购12月2750,0.2558,0.0,0.0,0.0,21,0.2509,0.2551,50,0.2476,0.2488,0.2561,0.2488,21.0,53048.0,189
2023-05-11 09:47:32,OP90002106,深证100ETF购12月2750,0.2558,0.0,0.0,0.0,20,0.2509,0.2551,50,0.2476,0.2488,0.2561,0.2488,21.0,53048.0,189
2023-05-11 09:47:35,OP90002106,深证100ETF购12月2750,0.2558,0.0,0.0,0.0,20,0.2509,0.2551,50,0.2476,0.2488,0.2561,0.2488,21.0,53048.0,189
2023-05-11 09:47:42,OP90002106,深证100ETF购12月2750,0.2558,0.0,0.0,0.0,20,0.2509,0.2551,50,0.2476,0.2488,0.2561,0.2488,21.0,53048.0,189
2023-05-11 09:47:42,OP90002106,深证100ETF购12月2750,0.2558,0.0,0.0,0.0,20,0.2509,0.2551,50,0.2476,0.2488,0.2561,0.2488,21.0,53048.0,189
2023-05-11 09:47:43,OP90002106,深证100ETF购12月2750,0.2558,0.0,0.0,0.0,20,0.2509,0.2551,40,0.2476,0.2488,0.2561,0.2488,21.0,53048.0,189
2023-05-11 09:47:44,OP90002106,深证100ETF购12月2750,0.2558,0.0,0.0,0.0,20,0.2509,0.2551,40,0.2476,0.2488,0.2561,0.2488,21.0,53048.0,189
2023-05-11 09:47:45,OP90002106,深证100ETF购12月2750,0.2558,0.0,0.0,0.0,20,0.2509,0.2551,40,0.2476,0.2488,0.2561,0.2488,21.0,53048.0,189
2023-05-11 09:47:46,OP90002106,深证100ETF购12月2750,0.2558,0.0,0.0,0.0,20,0.2509,0.2551,40,0.2476,0.2488,0.2561,0.2488,21.0,53048.0,189
2023-05-11 09:47:47,OP90002106,深证100ETF购12月2750,0.2558,0.0,0.0,0.0,20,0.2509,0.2551,40,0.2476,0.2488,0.2561,0.2488,21.0,53048.0,189
2023-05-11 09:47:48,OP90002106,深证100ETF购12月2750,0.2558,0.0,0.0,0.0,20,0.2509,0.2551,40,0.2476,0.2488,0.2561,0.2488,21.0,53048.0,189
2023-05-11 09:47:50,OP90002106,深证100ETF购12月2750,0.2558,0.0,0.0,0.0,20,0.2509,0.2551,40,0.2476,0.2488,0.2561,0.2488,21.0,53048.0,189
2023-05-11 09:47:50,OP90002106,深证100ETF购12月2750,0.2558,0.0,0.0,0.0,20,0.2509,0.2551,40,0.2476,0.2488,0.2561,0.2488,21.0,53048.0,189
2023-05-11 09:47:51,OP90002106,深证100ETF购12月2750,0.2558,0.0,0.0,0.0,20,0.2509,0.2551,40,0.2476,0.2488,0.2561,0.2488,21.0,53048.0,189
2023-05-11 09:47:52,OP90002106,深证100ETF购12月2750,0.2558,0.0,0.0,0.0,20,0.2509,0.2551,40,0.2476,0.2488,0.2561,0.2488,21.0,53048.0,189
2023-05-11 09:47:53,OP90002106,深证100ETF购12月2750,0.2558,0.0,0.0,0.0,21,0.2509,0.2551,40,0.2476,0.2488,0.2561,0.2488,21.0,53048.0,189
2023-05-11 09:47:54,OP90002106,深证100ETF购12月2750,0.2558,0.0,0.0,0.0,21,0.2509,0.2551,40,0.2476,0.2488,0.2561,0.2488,21.0,53048.0,189
2023-05-11 09:47:56,OP90002106,深证100ETF购12月2750,0.2558,0.0,0.0,0.0,21,0.2509,0.2551,40,0.2476,0.2488,0.2561,0.2488,21.0,53048.0,189
2023-05-11 09:47:56,OP90002106,深证100ETF购12月2750,0.2558,0.0,0.0,0.0,21,0.2509,0.2551,40,0.2476,0.2488,0.2561,0.2488,21.0,53048.0,189
2023-05-11 09:47:59,OP90002106,深证100ETF购12月2750,0.2558,0.0,0.0,0.0,21,0.2509,0.2551,50,0.2476,0.2488,0.2561,0.2488,21.0,53048.0,189
2023-05-11 09:48:03,OP90002106,深证100ETF购12月2750,0.2558,0.0,0.0,0.0,21,0.2509,0.2551,50,0.2476,0.2488,0.2561,0.2488,21.0,53048.0,189
2023-05-11 09:48:04,OP90002106,深证100ETF购12月2750,0.2558,0.0,0.0,0.0,21,0.2509,0.2551,50,0.2476,0.2488,0.2561,0.2488,21.0,53048.0,189
2023-05-11 09:48:05,OP90002106,深证100ETF购12月2750,0.2558,0.0,0.0,0.0,20,0.2509,0.2551,50,0.2476,0.2488,0.2561,0.2488,21.0,53048.0,189
2023-05-11 09:48:06,OP90002106,深证100ETF购12月2750,0.2558,0.0,0.0,0.0,20,0.2509,0.2546,10,0.2476,0.2488,0.2561,0.2488,21.0,53048.0,189
2023-05-11 09:48:07,OP90002106,深证100ETF购12月2750,0.2558,0.0,0.0,0.0,20,0.2509,0.2546,20,0.2476,0.2488,0.2561,0.2488,21.0,53048.0,189
2023-05-11 09:48:08,OP90002106,深证100ETF购12月2750,0.2558,0.0,0.0,0.0,20,0.2509,0.2546,10,0.2476,0.2488,0.2561,0.2488,21.0,53048.0,189
2023-05-11 09:48:09,OP90002106,深证100ETF购12月2750,0.2558,0.0,0.0,0.0,20,0.2509,0.2546,10,0.2476,0.2488,0.2561,0.2488,21.0,53048.0,189
2023-05-11 09:48:09,OP90002106,深证100ETF购12月2750,0.2558,0.0,0.0,0.0,20,0.2509,0.2546,10,0.2476,0.2488,0.2561,0.2488,21.0,53048.0,189
2023-05-11 09:48:10,OP90002106,深证100ETF购12月2750,0.2558,0.0,0.0,0.0,20,0.2509,0.2546,10,0.2476,0.2488,0.2561,0.2488,21.0,53048.0,189
2023-05-11 09:48:11,OP90002106,深证100ETF购12月2750,0.2558,0.0,0.0,0.0,20,0.2509,0.2546,10,0.2476,0.2488,0.2561,0.2488,21.0,53048.0,189
2023-05-11 09:48:13,OP90002106,深证100ETF购12月2750,0.2558,0.0,0.0,0.0,20,0.2509,0.2546,10,0.2476,0.2488,0.2561,0.2488,21.0,53048.0,189
2023-05-11 09:48:14,OP90002106,深证100ETF购12月2750,0.2558,0.0,0.0,0.0,20,0.2509,0.2546,10,0.2476,0.2488,0.2561,0.2488,21.0,53048.0,189
2023-05-11 09:48:20,OP90002106,深证100ETF购12月2750,0.2558,0.0,0.0,0.0,20,0.2509,0.2546,10,0.2476,0.2488,0.2561,0.2488,21.0,53048.0,189
2023-05-11 09:48:20,OP90002106,深证100ETF购12月2750,0.2558,0.0,0.0,0.0,30,0.2505,0.2546,30,0.2476,0.2488,0.2561,0.2488,21.0,53048.0,189
2023-05-11 09:48:21,OP90002106,深证100ETF购12月2750,0.2558,0.0,0.0,0.0,10,0.2505,0.2546,50,0.2476,0.2488,0.2561,0.2488,21.0,53048.0,189
2023-05-11 09:48:22,OP90002106,深证100ETF购12月2750,0.2558,0.0,0.0,0.0,20,0.2504,0.2546,50,0.2476,0.2488,0.2561,0.2488,21.0,53048.0,189
2023-05-11 09:48:23,OP90002106,深证100ETF购12月2750,0.2558,0.0,0.0,0.0,20,0.2504,0.2546,50,0.2476,0.2488,0.2561,0.2488,21.0,53048.0,189
2023-05-11 09:48:23,OP90002106,深证100ETF购12月2750,0.2558,0.0,0.0,0.0,20,0.2504,0.2546,50,0.2476,0.2488,0.2561,0.2488,21.0,53048.0,189
2023-05-11 09:48:24,OP90002106,深证100ETF购12月2750,0.2558,0.0,0.0,0.0,40,0.2504,0.2546,50,0.2476,0.2488,0.2561,0.2488,21.0,53048.0,189
2023-05-11 09:48:28,OP90002106,深证100ETF购12月2750,0.2558,0.0,0.0,0.0,40,0.2504,0.2546,50,0.2476,0.2488,0.2561,0.2488,21.0,53048.0,189
2023-05-11 09:48:29,OP90002106,深证100ETF购12月2750,0.2558,0.0,0.0,0.0,40,0.2504,0.2546,50,0.2476,0.2488,0.2561,0.2488,21.0,53048.0,189
2023-05-11 09:48:32,OP90002106,深证100ETF购12月2750,0.2558,0.0,0.0,0.0,40,0.2504,0.2546,50,0.2476,0.2488,0.2561,0.2488,21.0,53048.0,189
2023-05-11 09:48:33,OP90002106,深证100ETF购12月2750,0.2558,0.0,0.0,0.0,40,0.2504,0.2546,30,0.2476,0.2488,0.2561,0.2488,21.0,53048.0,189
2023-05-11 09:48:34,OP90002106,深证100ETF购12月2750,0.2558,0.0,0.0,0.0,40,0.2504,0.2546,30,0.2476,0.2488,0.2561,0.2488,21.0,53048.0,189
2023-05-11 09:48:35,OP90002106,深证100ETF购12月2750,0.2558,0.0,0.0,0.0,40,0.2504,0.2546,30,0.2476,0.2488,0.2561,0.2488,21.0,53048.0,189
2023-05-11 09:48:36,OP90002106,深证100ETF购12月2750,0.2558,0.0,0.0,0.0,41,0.2504,0.2546,30,0.2476,0.2488,0.2561,0.2488,21.0,53048.0,189
2023-05-11 09:48:39,OP90002106,深证100ETF购12月2750,0.2558,0.0,0.0,0.0,41,0.2504,0.2546,30,0.2476,0.2488,0.2561,0.2488,21.0,53048.0,189
2023-05-11 09:48:40,OP90002106,深证100ETF购12月2750,0.2558,0.0,0.0,0.0,41,0.2504,0.2546,30,0.2476,0.2488,0.2561,0.2488,21.0,53048.0,189
2023-05-11 09:48:42,OP90002106,深证100ETF购12月2750,0.2558,0.0,0.0,0.0,41,0.2504,0.2546,30,0.2476,0.2488,0.2561,0.2488,21.0,53048.0,189
