time,symbol_id,symbol_name,last,trade_volume,trade_amount,open_interest_change,bv1,bp1,ap1,av1,yesterday_close,today_open,today_high,today_low,volume,amount,open_interest
2023-05-11 08:30:03,OP90002119,深证100ETF沽12月2950,0.0,0.0,0.0,0.0,0,0.0,0.0,0,0.19,0.1751,0.0,0.0,0.0,0.0,342
2023-05-11 09:25:00,OP90002119,深证100ETF沽12月2950,0.0,0.0,0.0,0.0,1,0.1779,0.1956,1,0.19,0.1751,0.0,0.0,0.0,0.0,342
2023-05-11 09:30:00,OP90002119,深证100ETF沽12月2950,0.0,0.0,0.0,0.0,1,0.1779,0.1956,1,0.19,0.1751,0.0,0.0,0.0,0.0,342
2023-05-11 09:30:00,OP90002119,深证100ETF沽12月2950,0.0,0.0,0.0,0.0,1,0.1779,0.1933,20,0.19,0.1751,0.0,0.0,0.0,0.0,342
2023-05-11 09:30:01,OP90002119,深证100ETF沽12月2950,0.0,0.0,0.0,0.0,20,0.1774,0.1933,20,0.19,0.1751,0.0,0.0,0.0,0.0,342
2023-05-11 09:30:02,OP90002119,深证100ETF沽12月2950,0.0,0.0,0.0,0.0,20,0.1808,0.1899,20,0.19,0.1751,0.0,0.0,0.0,0.0,342
2023-05-11 09:30:03,OP90002119,深证100ETF沽12月2950,0.0,0.0,0.0,0.0,20,0.1811,0.1903,20,0.19,0.1751,0.0,0.0,0.0,0.0,342
2023-05-11 09:30:04,OP90002119,深证100ETF沽12月2950,0.0,0.0,0.0,0.0,20,0.1807,0.1898,20,0.19,0.1751,0.0,0.0,0.0,0.0,342
2023-05-11 09:30:05,OP90002119,深证100ETF沽12月2950,0.0,0.0,0.0,0.0,20,0.1802,0.1894,20,0.19,0.1751,0.0,0.0,0.0,0.0,342
2023-05-11 09:30:06,OP90002119,深证100ETF沽12月2950,0.0,0.0,0.0,0.0,20,0.1807,0.1898,20,0.19,0.1751,0.0,0.0,0.0,0.0,342
2023-05-11 09:30:08,OP90002119,深证100ETF沽12月2950,0.0,0.0,0.0,0.0,20,0.1809,0.1901,20,0.19,0.1751,0.0,0.0,0.0,0.0,342
2023-05-11 09:30:09,OP90002119,深证100ETF沽12月2950,0.0,0.0,0.0,0.0,20,0.1807,0.1898,20,0.19,0.1751,0.0,0.0,0.0,0.0,342
2023-05-11 09:30:11,OP90002119,深证100ETF沽12月2950,0.0,0.0,0.0,0.0,20,0.181,0.1902,20,0.19,0.1751,0.0,0.0,0.0,0.0,342
2023-05-11 09:30:12,OP90002119,深证100ETF沽12月2950,0.0,0.0,0.0,0.0,20,0.1808,0.1897,20,0.19,0.1751,0.0,0.0,0.0,0.0,342
2023-05-11 09:30:14,OP90002119,深证100ETF沽12月2950,0.0,0.0,0.0,0.0,20,0.1805,0.1894,20,0.19,0.1751,0.0,0.0,0.0,0.0,342
2023-05-11 09:30:14,OP90002119,深证100ETF沽12月2950,0.0,0.0,0.0,0.0,20,0.1803,0.1891,20,0.19,0.1751,0.0,0.0,0.0,0.0,342
2023-05-11 09:30:16,OP90002119,深证100ETF沽12月2950,0.0,0.0,0.0,0.0,20,0.1807,0.1896,20,0.19,0.1751,0.0,0.0,0.0,0.0,342
2023-05-11 09:30:18,OP90002119,深证100ETF沽12月2950,0.0,0.0,0.0,0.0,20,0.1805,0.1893,20,0.19,0.1751,0.0,0.0,0.0,0.0,342
2023-05-11 09:30:19,OP90002119,深证100ETF沽12月2950,0.0,0.0,0.0,0.0,20,0.1802,0.1891,20,0.19,0.1751,0.0,0.0,0.0,0.0,342
2023-05-11 09:30:20,OP90002119,深证100ETF沽12月2950,0.0,0.0,0.0,0.0,20,0.1807,0.1896,20,0.19,0.1751,0.0,0.0,0.0,0.0,342
2023-05-11 09:30:21,OP90002119,深证100ETF沽12月2950,0.0,0.0,0.0,0.0,20,0.1804,0.1893,20,0.19,0.1751,0.0,0.0,0.0,0.0,342
2023-05-11 09:30:23,OP90002119,深证100ETF沽12月2950,0.0,0.0,0.0,0.0,20,0.1807,0.1896,20,0.19,0.1751,0.0,0.0,0.0,0.0,342
2023-05-11 09:30:27,OP90002119,深证100ETF沽12月2950,0.0,0.0,0.0,0.0,20,0.1804,0.1893,20,0.19,0.1751,0.0,0.0,0.0,0.0,342
2023-05-11 09:30:31,OP90002119,深证100ETF沽12月2950,0.0,0.0,0.0,0.0,20,0.1804,0.1893,20,0.19,0.1751,0.0,0.0,0.0,0.0,342
2023-05-11 09:30:33,OP90002119,深证100ETF沽12月2950,0.0,0.0,0.0,0.0,20,0.1807,0.1895,20,0.19,0.1751,0.0,0.0,0.0,0.0,342
2023-05-11 09:30:34,OP90002119,深证100ETF沽12月2950,0.0,0.0,0.0,0.0,20,0.1807,0.1895,20,0.19,0.1751,0.0,0.0,0.0,0.0,342
2023-05-11 09:30:35,OP90002119,深证100ETF沽12月2950,0.0,0.0,0.0,0.0,20,0.1803,0.1892,20,0.19,0.1751,0.0,0.0,0.0,0.0,342
2023-05-11 09:30:40,OP90002119,深证100ETF沽12月2950,0.0,0.0,0.0,0.0,20,0.1803,0.1892,20,0.19,0.1751,0.0,0.0,0.0,0.0,342
2023-05-11 09:30:42,OP90002119,深证100ETF沽12月2950,0.0,0.0,0.0,0.0,20,0.1806,0.1894,20,0.19,0.1751,0.0,0.0,0.0,0.0,342
2023-05-11 09:30:42,OP90002119,深证100ETF沽12月2950,0.0,0.0,0.0,0.0,20,0.1806,0.1894,20,0.19,0.1751,0.0,0.0,0.0,0.0,342
2023-05-11 09:30:45,OP90002119,深证100ETF沽12月2950,0.0,0.0,0.0,0.0,20,0.1806,0.1894,20,0.19,0.1751,0.0,0.0,0.0,0.0,342
2023-05-11 09:30:47,OP90002119,深证100ETF沽12月2950,0.0,0.0,0.0,0.0,20,0.1803,0.1892,20,0.19,0.1751,0.0,0.0,0.0,0.0,342
2023-05-11 09:30:50,OP90002119,深证100ETF沽12月2950,0.0,0.0,0.0,0.0,20,0.1804,0.1895,20,0.19,0.1751,0.0,0.0,0.0,0.0,342
2023-05-11 09:30:53,OP90002119,深证100ETF沽12月2950,0.0,0.0,0.0,0.0,20,0.1794,0.1885,20,0.19,0.1751,0.0,0.0,0.0,0.0,342
2023-05-11 09:30:54,OP90002119,深证100ETF沽12月2950,0.0,0.0,0.0,0.0,20,0.1791,0.1885,20,0.19,0.1751,0.0,0.0,0.0,0.0,342
2023-05-11 09:30:54,OP90002119,深证100ETF沽12月2950,0.0,0.0,0.0,0.0,20,0.1791,0.1885,20,0.19,0.1751,0.0,0.0,0.0,0.0,342
2023-05-11 09:31:01,OP90002119,深证100ETF沽12月2950,0.0,0.0,0.0,0.0,20,0.1794,0.1888,40,0.19,0.1751,0.0,0.0,0.0,0.0,342
2023-05-11 09:31:02,OP90002119,深证100ETF沽12月2950,0.0,0.0,0.0,0.0,20,0.1794,0.1888,40,0.19,0.1751,0.0,0.0,0.0,0.0,342
2023-05-11 09:31:02,OP90002119,深证100ETF沽12月2950,0.0,0.0,0.0,0.0,20,0.1789,0.1883,20,0.19,0.1751,0.0,0.0,0.0,0.0,342
2023-05-11 09:31:03,OP90002119,深证100ETF沽12月2950,0.0,0.0,0.0,0.0,20,0.1789,0.1883,20,0.19,0.1751,0.0,0.0,0.0,0.0,342
2023-05-11 09:31:04,OP90002119,深证100ETF沽12月2950,0.0,0.0,0.0,0.0,20,0.1786,0.188,20,0.19,0.1751,0.0,0.0,0.0,0.0,342
2023-05-11 09:31:07,OP90002119,深证100ETF沽12月2950,0.0,0.0,0.0,0.0,20,0.1786,0.188,21,0.19,0.1751,0.0,0.0,0.0,0.0,342
2023-05-11 09:31:11,OP90002119,深证100ETF沽12月2950,0.0,0.0,0.0,0.0,40,0.1784,0.1877,20,0.19,0.1751,0.0,0.0,0.0,0.0,342
2023-05-11 09:31:12,OP90002119,深证100ETF沽12月2950,0.0,0.0,0.0,0.0,20,0.1784,0.1877,40,0.19,0.1751,0.0,0.0,0.0,0.0,342
2023-05-11 09:31:12,OP90002119,深证100ETF沽12月2950,0.0,0.0,0.0,0.0,20,0.1799,0.1877,41,0.19,0.1751,0.0,0.0,0.0,0.0,342
2023-05-11 09:31:13,OP90002119,深证100ETF沽12月2950,0.0,0.0,0.0,0.0,40,0.1799,0.1877,41,0.19,0.1751,0.0,0.0,0.0,0.0,342
2023-05-11 09:31:14,OP90002119,深证100ETF沽12月2950,0.0,0.0,0.0,0.0,40,0.1799,0.1877,41,0.19,0.1751,0.0,0.0,0.0,0.0,342
2023-05-11 09:31:15,OP90002119,深证100ETF沽12月2950,0.0,0.0,0.0,0.0,40,0.1799,0.1877,41,0.19,0.1751,0.0,0.0,0.0,0.0,342
2023-05-11 09:31:23,OP90002119,深证100ETF沽12月2950,0.0,0.0,0.0,0.0,40,0.1799,0.1876,1,0.19,0.1751,0.0,0.0,0.0,0.0,342
2023-05-11 09:31:23,OP90002119,深证100ETF沽12月2950,0.0,0.0,0.0,0.0,40,0.1799,0.1876,1,0.19,0.1751,0.0,0.0,0.0,0.0,342
2023-05-11 09:31:29,OP90002119,深证100ETF沽12月2950,0.0,0.0,0.0,0.0,40,0.1799,0.1876,1,0.19,0.1751,0.0,0.0,0.0,0.0,342
2023-05-11 09:31:33,OP90002119,深证100ETF沽12月2950,0.0,0.0,0.0,0.0,40,0.1799,0.1875,1,0.19,0.1751,0.0,0.0,0.0,0.0,342
2023-05-11 09:31:35,OP90002119,深证100ETF沽12月2950,0.0,0.0,0.0,0.0,40,0.1799,0.1875,1,0.19,0.1751,0.0,0.0,0.0,0.0,342
2023-05-11 09:31:37,OP90002119,深证100ETF沽12月2950,0.0,0.0,0.0,0.0,60,0.1799,0.1874,20,0.19,0.1751,0.0,0.0,0.0,0.0,342
2023-05-11 09:31:37,OP90002119,深证100ETF沽12月2950,0.0,0.0,0.0,0.0,60,0.1799,0.1874,20,0.19,0.1751,0.0,0.0,0.0,0.0,342
2023-05-11 09:31:38,OP90002119,深证100ETF沽12月2950,0.0,0.0,0.0,0.0,20,0.18,0.1875,21,0.19,0.1751,0.0,0.0,0.0,0.0,342
2023-05-11 09:31:43,OP90002119,深证100ETF沽12月2950,0.0,0.0,0.0,0.0,20,0.18,0.1874,1,0.19,0.1751,0.0,0.0,0.0,0.0,342
2023-05-11 09:31:43,OP90002119,深证100ETF沽12月2950,0.0,0.0,0.0,0.0,20,0.18,0.1874,21,0.19,0.1751,0.0,0.0,0.0,0.0,342
2023-05-11 09:31:50,OP90002119,深证100ETF沽12月2950,0.0,0.0,0.0,0.0,20,0.18,0.1874,21,0.19,0.1751,0.0,0.0,0.0,0.0,342
2023-05-11 09:31:53,OP90002119,深证100ETF沽12月2950,0.0,0.0,0.0,0.0,20,0.18,0.1873,1,0.19,0.1751,0.0,0.0,0.0,0.0,342
2023-05-11 09:31:53,OP90002119,深证100ETF沽12月2950,0.0,0.0,0.0,0.0,20,0.18,0.1873,21,0.19,0.1751,0.0,0.0,0.0,0.0,342
2023-05-11 09:31:54,OP90002119,深证100ETF沽12月2950,0.0,0.0,0.0,0.0,20,0.18,0.1873,21,0.19,0.1751,0.0,0.0,0.0,0.0,342
2023-05-11 09:31:55,OP90002119,深证100ETF沽12月2950,0.0,0.0,0.0,0.0,20,0.18,0.1873,21,0.19,0.1751,0.0,0.0,0.0,0.0,342
2023-05-11 09:31:56,OP90002119,深证100ETF沽12月2950,0.0,0.0,0.0,0.0,20,0.18,0.1873,21,0.19,0.1751,0.0,0.0,0.0,0.0,342
2023-05-11 09:32:03,OP90002119,深证100ETF沽12月2950,0.0,0.0,0.0,0.0,20,0.18,0.1872,1,0.19,0.1751,0.0,0.0,0.0,0.0,342
2023-05-11 09:32:03,OP90002119,深证100ETF沽12月2950,0.0,0.0,0.0,0.0,40,0.18,0.1872,41,0.19,0.1751,0.0,0.0,0.0,0.0,342
2023-05-11 09:32:04,OP90002119,深证100ETF沽12月2950,0.0,0.0,0.0,0.0,20,0.1801,0.1872,41,0.19,0.1751,0.0,0.0,0.0,0.0,342
2023-05-11 09:32:04,OP90002119,深证100ETF沽12月2950,0.0,0.0,0.0,0.0,20,0.1801,0.1872,41,0.19,0.1751,0.0,0.0,0.0,0.0,342
2023-05-11 09:32:13,OP90002119,深证100ETF沽12月2950,0.0,0.0,0.0,0.0,20,0.1801,0.1871,1,0.19,0.1751,0.0,0.0,0.0,0.0,342
2023-05-11 09:32:13,OP90002119,深证100ETF沽12月2950,0.0,0.0,0.0,0.0,20,0.1801,0.1871,21,0.19,0.1751,0.0,0.0,0.0,0.0,342
2023-05-11 09:32:16,OP90002119,深证100ETF沽12月2950,0.0,0.0,0.0,0.0,30,0.1801,0.1871,31,0.19,0.1751,0.0,0.0,0.0,0.0,342
2023-05-11 09:32:17,OP90002119,深证100ETF沽12月2950,0.0,0.0,0.0,0.0,20,0.1802,0.1871,31,0.19,0.1751,0.0,0.0,0.0,0.0,342
2023-05-11 09:32:23,OP90002119,深证100ETF沽12月2950,0.0,0.0,0.0,0.0,20,0.1802,0.187,1,0.19,0.1751,0.0,0.0,0.0,0.0,342
2023-05-11 09:32:24,OP90002119,深证100ETF沽12月2950,0.0,0.0,0.0,0.0,20,0.1802,0.187,21,0.19,0.1751,0.0,0.0,0.0,0.0,342
2023-05-11 09:32:25,OP90002119,深证100ETF沽12月2950,0.0,0.0,0.0,0.0,20,0.1802,0.187,21,0.19,0.1751,0.0,0.0,0.0,0.0,342
2023-05-11 09:32:30,OP90002119,深证100ETF沽12月2950,0.0,0.0,0.0,0.0,20,0.1802,0.187,41,0.19,0.1751,0.0,0.0,0.0,0.0,342
2023-05-11 09:32:33,OP90002119,深证100ETF沽12月2950,0.0,0.0,0.0,0.0,30,0.1802,0.187,51,0.19,0.1751,0.0,0.0,0.0,0.0,342
2023-05-11 09:32:33,OP90002119,深证100ETF沽12月2950,0.0,0.0,0.0,0.0,20,0.1803,0.1869,1,0.19,0.1751,0.0,0.0,0.0,0.0,342
2023-05-11 09:32:34,OP90002119,深证100ETF沽12月2950,0.0,0.0,0.0,0.0,20,0.1803,0.1869,21,0.19,0.1751,0.0,0.0,0.0,0.0,342
2023-05-11 09:32:34,OP90002119,深证100ETF沽12月2950,0.0,0.0,0.0,0.0,20,0.1802,0.1869,21,0.19,0.1751,0.0,0.0,0.0,0.0,342
2023-05-11 09:32:39,OP90002119,深证100ETF沽12月2950,0.0,0.0,0.0,0.0,20,0.181,0.1869,21,0.19,0.1751,0.0,0.0,0.0,0.0,342
2023-05-11 09:32:39,OP90002119,深证100ETF沽12月2950,0.0,0.0,0.0,0.0,20,0.1811,0.1868,20,0.19,0.1751,0.0,0.0,0.0,0.0,342
2023-05-11 09:32:40,OP90002119,深证100ETF沽12月2950,0.0,0.0,0.0,0.0,20,0.1811,0.1868,20,0.19,0.1751,0.0,0.0,0.0,0.0,342
2023-05-11 09:32:43,OP90002119,深证100ETF沽12月2950,0.0,0.0,0.0,0.0,20,0.1811,0.1868,21,0.19,0.1751,0.0,0.0,0.0,0.0,342
2023-05-11 09:32:45,OP90002119,深证100ETF沽12月2950,0.0,0.0,0.0,0.0,20,0.1811,0.1868,21,0.19,0.1751,0.0,0.0,0.0,0.0,342
2023-05-11 09:32:46,OP90002119,深证100ETF沽12月2950,0.0,0.0,0.0,0.0,20,0.1811,0.1862,20,0.19,0.1751,0.0,0.0,0.0,0.0,342
2023-05-11 09:32:47,OP90002119,深证100ETF沽12月2950,0.0,0.0,0.0,0.0,20,0.1811,0.1862,50,0.19,0.1751,0.0,0.0,0.0,0.0,342
2023-05-11 09:32:47,OP90002119,深证100ETF沽12月2950,0.0,0.0,0.0,0.0,20,0.1811,0.1862,50,0.19,0.1751,0.0,0.0,0.0,0.0,342
2023-05-11 09:32:48,OP90002119,深证100ETF沽12月2950,0.0,0.0,0.0,0.0,20,0.1811,0.1862,50,0.19,0.1751,0.0,0.0,0.0,0.0,342
2023-05-11 09:32:50,OP90002119,深证100ETF沽12月2950,0.0,0.0,0.0,0.0,20,0.1811,0.1862,40,0.19,0.1751,0.0,0.0,0.0,0.0,342
2023-05-11 09:32:50,OP90002119,深证100ETF沽12月2950,0.0,0.0,0.0,0.0,20,0.1811,0.1862,40,0.19,0.1751,0.0,0.0,0.0,0.0,342
2023-05-11 09:32:52,OP90002119,深证100ETF沽12月2950,0.0,0.0,0.0,0.0,20,0.1811,0.1862,40,0.19,0.1751,0.0,0.0,0.0,0.0,342
2023-05-11 09:32:58,OP90002119,深证100ETF沽12月2950,0.0,0.0,0.0,0.0,20,0.1811,0.1862,41,0.19,0.1751,0.0,0.0,0.0,0.0,342
2023-05-11 09:33:00,OP90002119,深证100ETF沽12月2950,0.0,0.0,0.0,0.0,20,0.1811,0.1859,10,0.19,0.1751,0.0,0.0,0.0,0.0,342
2023-05-11 09:33:00,OP90002119,深证100ETF沽12月2950,0.0,0.0,0.0,0.0,20,0.1811,0.1862,41,0.19,0.1751,0.0,0.0,0.0,0.0,342
2023-05-11 09:33:01,OP90002119,深证100ETF沽12月2950,0.0,0.0,0.0,0.0,20,0.181,0.1862,51,0.19,0.1751,0.0,0.0,0.0,0.0,342
2023-05-11 09:33:01,OP90002119,深证100ETF沽12月2950,0.0,0.0,0.0,0.0,40,0.1808,0.1862,51,0.19,0.1751,0.0,0.0,0.0,0.0,342
2023-05-11 09:33:02,OP90002119,深证100ETF沽12月2950,0.0,0.0,0.0,0.0,40,0.1808,0.1862,51,0.19,0.1751,0.0,0.0,0.0,0.0,342
2023-05-11 09:33:05,OP90002119,深证100ETF沽12月2950,0.0,0.0,0.0,0.0,40,0.1808,0.1862,51,0.19,0.1751,0.0,0.0,0.0,0.0,342
2023-05-11 09:33:08,OP90002119,深证100ETF沽12月2950,0.0,0.0,0.0,0.0,40,0.1808,0.1861,1,0.19,0.1751,0.0,0.0,0.0,0.0,342
2023-05-11 09:33:09,OP90002119,深证100ETF沽12月2950,0.0,0.0,0.0,0.0,40,0.1808,0.1861,1,0.19,0.1751,0.0,0.0,0.0,0.0,342
2023-05-11 09:33:14,OP90002119,深证100ETF沽12月2950,0.0,0.0,0.0,0.0,40,0.1808,0.1861,1,0.19,0.1751,0.0,0.0,0.0,0.0,342
2023-05-11 09:33:18,OP90002119,深证100ETF沽12月2950,0.0,0.0,0.0,0.0,40,0.1808,0.186,1,0.19,0.1751,0.0,0.0,0.0,0.0,342
2023-05-11 09:33:19,OP90002119,深证100ETF沽12月2950,0.0,0.0,0.0,0.0,20,0.1808,0.1857,10,0.19,0.1751,0.0,0.0,0.0,0.0,342
2023-05-11 09:33:19,OP90002119,深证100ETF沽12月2950,0.0,0.0,0.0,0.0,10,0.1808,0.1857,20,0.19,0.1751,0.0,0.0,0.0,0.0,342
2023-05-11 09:33:20,OP90002119,深证100ETF沽12月2950,0.0,0.0,0.0,0.0,20,0.1808,0.186,21,0.19,0.1751,0.0,0.0,0.0,0.0,342
2023-05-11 09:33:20,OP90002119,深证100ETF沽12月2950,0.0,0.0,0.0,0.0,30,0.1808,0.186,21,0.19,0.1751,0.0,0.0,0.0,0.0,342
2023-05-11 09:33:21,OP90002119,深证100ETF沽12月2950,0.0,0.0,0.0,0.0,20,0.1808,0.1858,10,0.19,0.1751,0.0,0.0,0.0,0.0,342
2023-05-11 09:33:21,OP90002119,深证100ETF沽12月2950,0.0,0.0,0.0,0.0,20,0.1808,0.186,21,0.19,0.1751,0.0,0.0,0.0,0.0,342
2023-05-11 09:33:22,OP90002119,深证100ETF沽12月2950,0.0,0.0,0.0,0.0,10,0.1809,0.186,21,0.19,0.1751,0.0,0.0,0.0,0.0,342
2023-05-11 09:33:22,OP90002119,深证100ETF沽12月2950,0.0,0.0,0.0,0.0,10,0.1809,0.186,21,0.19,0.1751,0.0,0.0,0.0,0.0,342
2023-05-11 09:33:23,OP90002119,深证100ETF沽12月2950,0.0,0.0,0.0,0.0,40,0.1808,0.1857,10,0.19,0.1751,0.0,0.0,0.0,0.0,342
2023-05-11 09:33:23,OP90002119,深证100ETF沽12月2950,0.0,0.0,0.0,0.0,20,0.1808,0.1857,30,0.19,0.1751,0.0,0.0,0.0,0.0,342
2023-05-11 09:33:24,OP90002119,深证100ETF沽12月2950,0.0,0.0,0.0,0.0,20,0.1808,0.1857,20,0.19,0.1751,0.0,0.0,0.0,0.0,342
2023-05-11 09:33:24,OP90002119,深证100ETF沽12月2950,0.0,0.0,0.0,0.0,10,0.1808,0.186,21,0.19,0.1751,0.0,0.0,0.0,0.0,342
2023-05-11 09:33:25,OP90002119,深证100ETF沽12月2950,0.0,0.0,0.0,0.0,20,0.1807,0.1857,10,0.19,0.1751,0.0,0.0,0.0,0.0,342
2023-05-11 09:33:25,OP90002119,深证100ETF沽12月2950,0.0,0.0,0.0,0.0,20,0.1807,0.1857,30,0.19,0.1751,0.0,0.0,0.0,0.0,342
2023-05-11 09:33:26,OP90002119,深证100ETF沽12月2950,0.0,0.0,0.0,0.0,10,0.1808,0.1857,20,0.19,0.1751,0.0,0.0,0.0,0.0,342
2023-05-11 09:33:26,OP90002119,深证100ETF沽12月2950,0.0,0.0,0.0,0.0,30,0.1808,0.186,21,0.19,0.1751,0.0,0.0,0.0,0.0,342
2023-05-11 09:33:27,OP90002119,深证100ETF沽12月2950,0.0,0.0,0.0,0.0,30,0.1808,0.186,21,0.19,0.1751,0.0,0.0,0.0,0.0,342
2023-05-11 09:33:28,OP90002119,深证100ETF沽12月2950,0.0,0.0,0.0,0.0,30,0.1808,0.186,21,0.19,0.1751,0.0,0.0,0.0,0.0,342
2023-05-11 09:33:28,OP90002119,深证100ETF沽12月2950,0.0,0.0,0.0,0.0,30,0.1808,0.186,21,0.19,0.1751,0.0,0.0,0.0,0.0,342
2023-05-11 09:33:29,OP90002119,深证100ETF沽12月2950,0.0,0.0,0.0,0.0,30,0.1808,0.1859,1,0.19,0.1751,0.0,0.0,0.0,0.0,342
2023-05-11 09:33:29,OP90002119,深证100ETF沽12月2950,0.0,0.0,0.0,0.0,30,0.1808,0.1859,1,0.19,0.1751,0.0,0.0,0.0,0.0,342
2023-05-11 09:33:35,OP90002119,深证100ETF沽12月2950,0.0,0.0,0.0,0.0,20,0.1808,0.1858,10,0.19,0.1751,0.0,0.0,0.0,0.0,342
2023-05-11 09:33:35,OP90002119,深证100ETF沽12月2950,0.0,0.0,0.0,0.0,20,0.1808,0.1859,1,0.19,0.1751,0.0,0.0,0.0,0.0,342
2023-05-11 09:33:36,OP90002119,深证100ETF沽12月2950,0.0,0.0,0.0,0.0,10,0.1809,0.1859,1,0.19,0.1751,0.0,0.0,0.0,0.0,342
2023-05-11 09:33:36,OP90002119,深证100ETF沽12月2950,0.0,0.0,0.0,0.0,20,0.1808,0.1859,1,0.19,0.1751,0.0,0.0,0.0,0.0,342
2023-05-11 09:33:37,OP90002119,深证100ETF沽12月2950,0.0,0.0,0.0,0.0,30,0.1808,0.1859,1,0.19,0.1751,0.0,0.0,0.0,0.0,342
2023-05-11 09:33:37,OP90002119,深证100ETF沽12月2950,0.0,0.0,0.0,0.0,30,0.1808,0.1859,1,0.19,0.1751,0.0,0.0,0.0,0.0,342
2023-05-11 09:33:39,OP90002119,深证100ETF沽12月2950,0.0,0.0,0.0,0.0,30,0.1808,0.1858,1,0.19,0.1751,0.0,0.0,0.0,0.0,342
2023-05-11 09:33:39,OP90002119,深证100ETF沽12月2950,0.0,0.0,0.0,0.0,30,0.1808,0.1858,1,0.19,0.1751,0.0,0.0,0.0,0.0,342
2023-05-11 09:33:42,OP90002119,深证100ETF沽12月2950,0.0,0.0,0.0,0.0,20,0.1808,0.1858,1,0.19,0.1751,0.0,0.0,0.0,0.0,342
2023-05-11 09:33:43,OP90002119,深证100ETF沽12月2950,0.0,0.0,0.0,0.0,30,0.1808,0.1858,1,0.19,0.1751,0.0,0.0,0.0,0.0,342
2023-05-11 09:33:46,OP90002119,深证100ETF沽12月2950,0.0,0.0,0.0,0.0,20,0.1808,0.1857,10,0.19,0.1751,0.0,0.0,0.0,0.0,342
2023-05-11 09:33:46,OP90002119,深证100ETF沽12月2950,0.0,0.0,0.0,0.0,40,0.1806,0.1857,30,0.19,0.1751,0.0,0.0,0.0,0.0,342
2023-05-11 09:33:47,OP90002119,深证100ETF沽12月2950,0.0,0.0,0.0,0.0,10,0.1807,0.1857,20,0.19,0.1751,0.0,0.0,0.0,0.0,342
2023-05-11 09:33:47,OP90002119,深证100ETF沽12月2950,0.0,0.0,0.0,0.0,10,0.1807,0.1857,20,0.19,0.1751,0.0,0.0,0.0,0.0,342
2023-05-11 09:33:48,OP90002119,深证100ETF沽12月2950,0.0,0.0,0.0,0.0,20,0.1806,0.1857,30,0.19,0.1751,0.0,0.0,0.0,0.0,342
2023-05-11 09:33:48,OP90002119,深证100ETF沽12月2950,0.0,0.0,0.0,0.0,20,0.1806,0.1857,30,0.19,0.1751,0.0,0.0,0.0,0.0,342
2023-05-11 09:33:49,OP90002119,深证100ETF沽12月2950,0.0,0.0,0.0,0.0,20,0.1806,0.1857,30,0.19,0.1751,0.0,0.0,0.0,0.0,342
2023-05-11 09:33:50,OP90002119,深证100ETF沽12月2950,0.0,0.0,0.0,0.0,20,0.1806,0.1857,30,0.19,0.1751,0.0,0.0,0.0,0.0,342
2023-05-11 09:33:51,OP90002119,深证100ETF沽12月2950,0.0,0.0,0.0,0.0,20,0.1806,0.1857,20,0.19,0.1751,0.0,0.0,0.0,0.0,342
2023-05-11 09:33:51,OP90002119,深证100ETF沽12月2950,0.0,0.0,0.0,0.0,20,0.1806,0.1857,20,0.19,0.1751,0.0,0.0,0.0,0.0,342
2023-05-11 09:33:52,OP90002119,深证100ETF沽12月2950,0.0,0.0,0.0,0.0,20,0.1806,0.1857,20,0.19,0.1751,0.0,0.0,0.0,0.0,342
2023-05-11 09:33:59,OP90002119,深证100ETF沽12月2950,0.0,0.0,0.0,0.0,20,0.1806,0.1857,21,0.19,0.1751,0.0,0.0,0.0,0.0,342
2023-05-11 09:34:03,OP90002119,深证100ETF沽12月2950,0.0,0.0,0.0,0.0,20,0.1806,0.1857,21,0.19,0.1751,0.0,0.0,0.0,0.0,342
2023-05-11 09:34:07,OP90002119,深证100ETF沽12月2950,0.0,0.0,0.0,0.0,20,0.1806,0.1857,21,0.19,0.1751,0.0,0.0,0.0,0.0,342
2023-05-11 09:34:08,OP90002119,深证100ETF沽12月2950,0.0,0.0,0.0,0.0,20,0.1806,0.1857,21,0.19,0.1751,0.0,0.0,0.0,0.0,342
2023-05-11 09:34:09,OP90002119,深证100ETF沽12月2950,0.0,0.0,0.0,0.0,20,0.1806,0.1856,1,0.19,0.1751,0.0,0.0,0.0,0.0,342
2023-05-11 09:34:09,OP90002119,深证100ETF沽12月2950,0.0,0.0,0.0,0.0,20,0.1806,0.1856,1,0.19,0.1751,0.0,0.0,0.0,0.0,342
2023-05-11 09:34:19,OP90002119,深证100ETF沽12月2950,0.0,0.0,0.0,0.0,20,0.1806,0.1855,1,0.19,0.1751,0.0,0.0,0.0,0.0,342
2023-05-11 09:34:21,OP90002119,深证100ETF沽12月2950,0.0,0.0,0.0,0.0,20,0.1806,0.1855,1,0.19,0.1751,0.0,0.0,0.0,0.0,342
2023-05-11 09:34:29,OP90002119,深证100ETF沽12月2950,0.0,0.0,0.0,0.0,20,0.1806,0.1854,1,0.19,0.1751,0.0,0.0,0.0,0.0,342
2023-05-11 09:34:29,OP90002119,深证100ETF沽12月2950,0.0,0.0,0.0,0.0,90,0.1805,0.1854,21,0.19,0.1751,0.0,0.0,0.0,0.0,342
2023-05-11 09:34:30,OP90002119,深证100ETF沽12月2950,0.0,0.0,0.0,0.0,90,0.1805,0.1854,21,0.19,0.1751,0.0,0.0,0.0,0.0,342
2023-05-11 09:34:30,OP90002119,深证100ETF沽12月2950,0.0,0.0,0.0,0.0,90,0.1805,0.1854,21,0.19,0.1751,0.0,0.0,0.0,0.0,342
2023-05-11 09:34:31,OP90002119,深证100ETF沽12月2950,0.0,0.0,0.0,0.0,80,0.1805,0.1854,21,0.19,0.1751,0.0,0.0,0.0,0.0,342
2023-05-11 09:34:32,OP90002119,深证100ETF沽12月2950,0.0,0.0,0.0,0.0,10,0.1809,0.1854,21,0.19,0.1751,0.0,0.0,0.0,0.0,342
2023-05-11 09:34:32,OP90002119,深证100ETF沽12月2950,0.0,0.0,0.0,0.0,10,0.1809,0.1854,21,0.19,0.1751,0.0,0.0,0.0,0.0,342
2023-05-11 09:34:33,OP90002119,深证100ETF沽12月2950,0.0,0.0,0.0,0.0,100,0.1805,0.1854,21,0.19,0.1751,0.0,0.0,0.0,0.0,342
2023-05-11 09:34:34,OP90002119,深证100ETF沽12月2950,0.0,0.0,0.0,0.0,10,0.1806,0.1854,21,0.19,0.1751,0.0,0.0,0.0,0.0,342
2023-05-11 09:34:38,OP90002119,深证100ETF沽12月2950,0.0,0.0,0.0,0.0,80,0.1805,0.1854,21,0.19,0.1751,0.0,0.0,0.0,0.0,342
2023-05-11 09:34:39,OP90002119,深证100ETF沽12月2950,0.0,0.0,0.0,0.0,80,0.1805,0.1853,1,0.19,0.1751,0.0,0.0,0.0,0.0,342
2023-05-11 09:34:39,OP90002119,深证100ETF沽12月2950,0.0,0.0,0.0,0.0,10,0.1809,0.1853,1,0.19,0.1751,0.0,0.0,0.0,0.0,342
2023-05-11 09:34:40,OP90002119,深证100ETF沽12月2950,0.0,0.0,0.0,0.0,10,0.1809,0.1853,1,0.19,0.1751,0.0,0.0,0.0,0.0,342
2023-05-11 09:34:40,OP90002119,深证100ETF沽12月2950,0.0,0.0,0.0,0.0,10,0.1809,0.1853,1,0.19,0.1751,0.0,0.0,0.0,0.0,342
2023-05-11 09:34:42,OP90002119,深证100ETF沽12月2950,0.0,0.0,0.0,0.0,100,0.1805,0.1853,1,0.19,0.1751,0.0,0.0,0.0,0.0,342
2023-05-11 09:34:43,OP90002119,深证100ETF沽12月2950,0.0,0.0,0.0,0.0,80,0.1805,0.1853,1,0.19,0.1751,0.0,0.0,0.0,0.0,342
2023-05-11 09:34:43,OP90002119,深证100ETF沽12月2950,0.0,0.0,0.0,0.0,10,0.1806,0.1853,1,0.19,0.1751,0.0,0.0,0.0,0.0,342
2023-05-11 09:34:44,OP90002119,深证100ETF沽12月2950,0.0,0.0,0.0,0.0,10,0.1806,0.1853,1,0.19,0.1751,0.0,0.0,0.0,0.0,342
2023-05-11 09:34:49,OP90002119,深证100ETF沽12月2950,0.0,0.0,0.0,0.0,80,0.1805,0.1853,1,0.19,0.1751,0.0,0.0,0.0,0.0,342
2023-05-11 09:34:50,OP90002119,深证100ETF沽12月2950,0.0,0.0,0.0,0.0,10,0.1809,0.1853,1,0.19,0.1751,0.0,0.0,0.0,0.0,342
2023-05-11 09:34:50,OP90002119,深证100ETF沽12月2950,0.0,0.0,0.0,0.0,10,0.1809,0.1853,1,0.19,0.1751,0.0,0.0,0.0,0.0,342
2023-05-11 09:34:54,OP90002119,深证100ETF沽12月2950,0.0,0.0,0.0,0.0,100,0.1805,0.1853,1,0.19,0.1751,0.0,0.0,0.0,0.0,342
2023-05-11 09:34:54,OP90002119,深证100ETF沽12月2950,0.0,0.0,0.0,0.0,10,0.1808,0.1853,1,0.19,0.1751,0.0,0.0,0.0,0.0,342
2023-05-11 09:34:55,OP90002119,深证100ETF沽12月2950,0.0,0.0,0.0,0.0,10,0.1808,0.1853,1,0.19,0.1751,0.0,0.0,0.0,0.0,342
2023-05-11 09:34:56,OP90002119,深证100ETF沽12月2950,0.0,0.0,0.0,0.0,100,0.1805,0.1853,1,0.19,0.1751,0.0,0.0,0.0,0.0,342
2023-05-11 09:34:56,OP90002119,深证100ETF沽12月2950,0.0,0.0,0.0,0.0,10,0.1807,0.1853,1,0.19,0.1751,0.0,0.0,0.0,0.0,342
2023-05-11 09:34:57,OP90002119,深证100ETF沽12月2950,0.0,0.0,0.0,0.0,10,0.1807,0.1853,1,0.19,0.1751,0.0,0.0,0.0,0.0,342
2023-05-11 09:34:57,OP90002119,深证100ETF沽12月2950,0.0,0.0,0.0,0.0,10,0.1807,0.1852,1,0.19,0.1751,0.0,0.0,0.0,0.0,342
2023-05-11 09:34:59,OP90002119,深证100ETF沽12月2950,0.0,0.0,0.0,0.0,80,0.1805,0.1852,1,0.19,0.1751,0.0,0.0,0.0,0.0,342
2023-05-11 09:35:00,OP90002119,深证100ETF沽12月2950,0.0,0.0,0.0,0.0,80,0.1805,0.1852,1,0.19,0.1751,0.0,0.0,0.0,0.0,342
2023-05-11 09:35:00,OP90002119,深证100ETF沽12月2950,0.0,0.0,0.0,0.0,80,0.1805,0.1852,1,0.19,0.1751,0.0,0.0,0.0,0.0,342
2023-05-11 09:35:02,OP90002119,深证100ETF沽12月2950,0.0,0.0,0.0,0.0,80,0.1805,0.1852,1,0.19,0.1751,0.0,0.0,0.0,0.0,342
2023-05-11 09:35:04,OP90002119,深证100ETF沽12月2950,0.0,0.0,0.0,0.0,10,0.1809,0.1852,1,0.19,0.1751,0.0,0.0,0.0,0.0,342
2023-05-11 09:35:04,OP90002119,深证100ETF沽12月2950,0.0,0.0,0.0,0.0,100,0.1805,0.1852,1,0.19,0.1751,0.0,0.0,0.0,0.0,342
2023-05-11 09:35:05,OP90002119,深证100ETF沽12月2950,0.0,0.0,0.0,0.0,80,0.1805,0.1852,1,0.19,0.1751,0.0,0.0,0.0,0.0,342
2023-05-11 09:35:06,OP90002119,深证100ETF沽12月2950,0.0,0.0,0.0,0.0,100,0.1805,0.1852,1,0.19,0.1751,0.0,0.0,0.0,0.0,342
2023-05-11 09:35:06,OP90002119,深证100ETF沽12月2950,0.0,0.0,0.0,0.0,10,0.1808,0.1852,1,0.19,0.1751,0.0,0.0,0.0,0.0,342
2023-05-11 09:35:07,OP90002119,深证100ETF沽12月2950,0.0,0.0,0.0,0.0,20,0.1807,0.1852,1,0.19,0.1751,0.0,0.0,0.0,0.0,342
2023-05-11 09:35:07,OP90002119,深证100ETF沽12月2950,0.0,0.0,0.0,0.0,10,0.1808,0.1852,1,0.19,0.1751,0.0,0.0,0.0,0.0,342
2023-05-11 09:35:08,OP90002119,深证100ETF沽12月2950,0.0,0.0,0.0,0.0,20,0.1809,0.1852,1,0.19,0.1751,0.0,0.0,0.0,0.0,342
2023-05-11 09:35:08,OP90002119,深证100ETF沽12月2950,0.0,0.0,0.0,0.0,20,0.1809,0.1852,1,0.19,0.1751,0.0,0.0,0.0,0.0,342
2023-05-11 09:35:09,OP90002119,深证100ETF沽12月2950,0.0,0.0,0.0,0.0,40,0.1809,0.1852,1,0.19,0.1751,0.0,0.0,0.0,0.0,342
2023-05-11 09:35:09,OP90002119,深证100ETF沽12月2950,0.0,0.0,0.0,0.0,20,0.181,0.1852,1,0.19,0.1751,0.0,0.0,0.0,0.0,342
2023-05-11 09:35:10,OP90002119,深证100ETF沽12月2950,0.0,0.0,0.0,0.0,40,0.181,0.1852,21,0.19,0.1751,0.0,0.0,0.0,0.0,342
2023-05-11 09:35:11,OP90002119,深证100ETF沽12月2950,0.0,0.0,0.0,0.0,40,0.181,0.1852,21,0.19,0.1751,0.0,0.0,0.0,0.0,342
2023-05-11 09:35:11,OP90002119,深证100ETF沽12月2950,0.0,0.0,0.0,0.0,20,0.1821,0.1852,21,0.19,0.1751,0.0,0.0,0.0,0.0,342
2023-05-11 09:35:12,OP90002119,深证100ETF沽12月2950,0.0,0.0,0.0,0.0,20,0.1821,0.1852,21,0.19,0.1751,0.0,0.0,0.0,0.0,342
2023-05-11 09:35:12,OP90002119,深证100ETF沽12月2950,0.0,0.0,0.0,0.0,40,0.1821,0.1852,1,0.19,0.1751,0.0,0.0,0.0,0.0,342
2023-05-11 09:35:13,OP90002119,深证100ETF沽12月2950,0.0,0.0,0.0,0.0,40,0.1821,0.1852,1,0.19,0.1751,0.0,0.0,0.0,0.0,342
2023-05-11 09:35:15,OP90002119,深证100ETF沽12月2950,0.0,0.0,0.0,0.0,40,0.1821,0.1852,1,0.19,0.1751,0.0,0.0,0.0,0.0,342
2023-05-11 09:35:18,OP90002119,深证100ETF沽12月2950,0.0,0.0,0.0,0.0,60,0.1821,0.1852,1,0.19,0.1751,0.0,0.0,0.0,0.0,342
2023-05-11 09:35:19,OP90002119,深证100ETF沽12月2950,0.0,0.0,0.0,0.0,40,0.1821,0.1852,1,0.19,0.1751,0.0,0.0,0.0,0.0,342
2023-05-11 09:35:19,OP90002119,深证100ETF沽12月2950,0.0,0.0,0.0,0.0,40,0.1821,0.1852,1,0.19,0.1751,0.0,0.0,0.0,0.0,342
2023-05-11 09:35:20,OP90002119,深证100ETF沽12月2950,0.0,0.0,0.0,0.0,60,0.1821,0.1852,1,0.19,0.1751,0.0,0.0,0.0,0.0,342
2023-05-11 09:35:21,OP90002119,深证100ETF沽12月2950,0.0,0.0,0.0,0.0,60,0.1821,0.1852,1,0.19,0.1751,0.0,0.0,0.0,0.0,342
2023-05-11 09:35:22,OP90002119,深证100ETF沽12月2950,0.0,0.0,0.0,0.0,60,0.1821,0.1852,1,0.19,0.1751,0.0,0.0,0.0,0.0,342
2023-05-11 09:35:22,OP90002119,深证100ETF沽12月2950,0.0,0.0,0.0,0.0,60,0.1821,0.1852,1,0.19,0.1751,0.0,0.0,0.0,0.0,342
2023-05-11 09:35:23,OP90002119,深证100ETF沽12月2950,0.0,0.0,0.0,0.0,60,0.1821,0.1852,1,0.19,0.1751,0.0,0.0,0.0,0.0,342
2023-05-11 09:35:25,OP90002119,深证100ETF沽12月2950,0.0,0.0,0.0,0.0,60,0.1821,0.1852,1,0.19,0.1751,0.0,0.0,0.0,0.0,342
2023-05-11 09:35:26,OP90002119,深证100ETF沽12月2950,0.0,0.0,0.0,0.0,60,0.1821,0.1852,1,0.19,0.1751,0.0,0.0,0.0,0.0,342
2023-05-11 09:35:27,OP90002119,深证100ETF沽12月2950,0.0,0.0,0.0,0.0,60,0.1821,0.1852,1,0.19,0.1751,0.0,0.0,0.0,0.0,342
2023-05-11 09:35:30,OP90002119,深证100ETF沽12月2950,0.0,0.0,0.0,0.0,40,0.1821,0.1852,1,0.19,0.1751,0.0,0.0,0.0,0.0,342
2023-05-11 09:35:31,OP90002119,深证100ETF沽12月2950,0.0,0.0,0.0,0.0,40,0.1821,0.1852,1,0.19,0.1751,0.0,0.0,0.0,0.0,342
2023-05-11 09:35:32,OP90002119,深证100ETF沽12月2950,0.0,0.0,0.0,0.0,40,0.1821,0.1852,1,0.19,0.1751,0.0,0.0,0.0,0.0,342
2023-05-11 09:35:33,OP90002119,深证100ETF沽12月2950,0.0,0.0,0.0,0.0,40,0.1821,0.1852,1,0.19,0.1751,0.0,0.0,0.0,0.0,342
2023-05-11 09:35:34,OP90002119,深证100ETF沽12月2950,0.0,0.0,0.0,0.0,40,0.1821,0.1852,1,0.19,0.1751,0.0,0.0,0.0,0.0,342
2023-05-11 09:35:34,OP90002119,深证100ETF沽12月2950,0.0,0.0,0.0,0.0,40,0.1821,0.1852,1,0.19,0.1751,0.0,0.0,0.0,0.0,342
2023-05-11 09:35:36,OP90002119,深证100ETF沽12月2950,0.0,0.0,0.0,0.0,40,0.1821,0.1852,1,0.19,0.1751,0.0,0.0,0.0,0.0,342
2023-05-11 09:35:38,OP90002119,深证100ETF沽12月2950,0.0,0.0,0.0,0.0,40,0.1821,0.1851,1,0.19,0.1751,0.0,0.0,0.0,0.0,342
2023-05-11 09:35:38,OP90002119,深证100ETF沽12月2950,0.0,0.0,0.0,0.0,40,0.1821,0.1851,1,0.19,0.1751,0.0,0.0,0.0,0.0,342
2023-05-11 09:35:39,OP90002119,深证100ETF沽12月2950,0.0,0.0,0.0,0.0,40,0.1821,0.1851,1,0.19,0.1751,0.0,0.0,0.0,0.0,342
2023-05-11 09:35:40,OP90002119,深证100ETF沽12月2950,0.0,0.0,0.0,0.0,40,0.1821,0.1851,1,0.19,0.1751,0.0,0.0,0.0,0.0,342
2023-05-11 09:35:46,OP90002119,深证100ETF沽12月2950,0.0,0.0,0.0,0.0,40,0.1821,0.1851,1,0.19,0.1751,0.0,0.0,0.0,0.0,342
2023-05-11 09:35:48,OP90002119,深证100ETF沽12月2950,0.0,0.0,0.0,0.0,20,0.1821,0.1851,1,0.19,0.1751,0.0,0.0,0.0,0.0,342
2023-05-11 09:35:48,OP90002119,深证100ETF沽12月2950,0.0,0.0,0.0,0.0,20,0.1821,0.1851,1,0.19,0.1751,0.0,0.0,0.0,0.0,342
2023-05-11 09:35:50,OP90002119,深证100ETF沽12月2950,0.0,0.0,0.0,0.0,20,0.1821,0.185,1,0.19,0.1751,0.0,0.0,0.0,0.0,342
2023-05-11 09:35:51,OP90002119,深证100ETF沽12月2950,0.0,0.0,0.0,0.0,20,0.1821,0.185,1,0.19,0.1751,0.0,0.0,0.0,0.0,342
2023-05-11 09:35:54,OP90002119,深证100ETF沽12月2950,0.0,0.0,0.0,0.0,20,0.1821,0.185,1,0.19,0.1751,0.0,0.0,0.0,0.0,342
2023-05-11 09:35:55,OP90002119,深证100ETF沽12月2950,0.0,0.0,0.0,0.0,20,0.1821,0.185,1,0.19,0.1751,0.0,0.0,0.0,0.0,342
2023-05-11 09:35:56,OP90002119,深证100ETF沽12月2950,0.0,0.0,0.0,0.0,40,0.1821,0.185,1,0.19,0.1751,0.0,0.0,0.0,0.0,342
2023-05-11 09:35:59,OP90002119,深证100ETF沽12月2950,0.0,0.0,0.0,0.0,40,0.1821,0.185,1,0.19,0.1751,0.0,0.0,0.0,0.0,342
2023-05-11 09:35:59,OP90002119,深证100ETF沽12月2950,0.0,0.0,0.0,0.0,40,0.1821,0.185,1,0.19,0.1751,0.0,0.0,0.0,0.0,342
2023-05-11 09:36:01,OP90002119,深证100ETF沽12月2950,0.0,0.0,0.0,0.0,40,0.1821,0.185,1,0.19,0.1751,0.0,0.0,0.0,0.0,342
2023-05-11 09:36:02,OP90002119,深证100ETF沽12月2950,0.0,0.0,0.0,0.0,40,0.1821,0.185,1,0.19,0.1751,0.0,0.0,0.0,0.0,342
2023-05-11 09:36:03,OP90002119,深证100ETF沽12月2950,0.0,0.0,0.0,0.0,40,0.1821,0.185,1,0.19,0.1751,0.0,0.0,0.0,0.0,342
2023-05-11 09:36:08,OP90002119,深证100ETF沽12月2950,0.0,0.0,0.0,0.0,40,0.1821,0.185,1,0.19,0.1751,0.0,0.0,0.0,0.0,342
2023-05-11 09:36:08,OP90002119,深证100ETF沽12月2950,0.0,0.0,0.0,0.0,40,0.1821,0.185,1,0.19,0.1751,0.0,0.0,0.0,0.0,342
2023-05-11 09:36:09,OP90002119,深证100ETF沽12月2950,0.0,0.0,0.0,0.0,40,0.1821,0.185,1,0.19,0.1751,0.0,0.0,0.0,0.0,342
2023-05-11 09:36:10,OP90002119,深证100ETF沽12月2950,0.0,0.0,0.0,0.0,40,0.1821,0.186,40,0.19,0.1751,0.0,0.0,0.0,0.0,342
2023-05-11 09:36:10,OP90002119,深证100ETF沽12月2950,0.0,0.0,0.0,0.0,40,0.1821,0.186,31,0.19,0.1751,0.0,0.0,0.0,0.0,342
2023-05-11 09:36:11,OP90002119,深证100ETF沽12月2950,0.0,0.0,0.0,0.0,40,0.1821,0.186,11,0.19,0.1751,0.0,0.0,0.0,0.0,342
2023-05-11 09:36:11,OP90002119,深证100ETF沽12月2950,0.0,0.0,0.0,0.0,40,0.1821,0.186,1,0.19,0.1751,0.0,0.0,0.0,0.0,342
2023-05-11 09:36:14,OP90002119,深证100ETF沽12月2950,0.0,0.0,0.0,0.0,40,0.1821,0.186,1,0.19,0.1751,0.0,0.0,0.0,0.0,342
2023-05-11 09:36:15,OP90002119,深证100ETF沽12月2950,0.0,0.0,0.0,0.0,40,0.1821,0.186,1,0.19,0.1751,0.0,0.0,0.0,0.0,342
2023-05-11 09:36:38,OP90002119,深证100ETF沽12月2950,0.0,0.0,0.0,0.0,40,0.1821,0.186,1,0.19,0.1751,0.0,0.0,0.0,0.0,342
2023-05-11 09:36:48,OP90002119,深证100ETF沽12月2950,0.0,0.0,0.0,0.0,40,0.1821,0.186,11,0.19,0.1751,0.0,0.0,0.0,0.0,342
2023-05-11 09:36:49,OP90002119,深证100ETF沽12月2950,0.0,0.0,0.0,0.0,40,0.1821,0.186,11,0.19,0.1751,0.0,0.0,0.0,0.0,342
2023-05-11 09:36:49,OP90002119,深证100ETF沽12月2950,0.0,0.0,0.0,0.0,40,0.1821,0.186,11,0.19,0.1751,0.0,0.0,0.0,0.0,342
2023-05-11 09:36:50,OP90002119,深证100ETF沽12月2950,0.0,0.0,0.0,0.0,40,0.1821,0.186,11,0.19,0.1751,0.0,0.0,0.0,0.0,342
2023-05-11 09:36:54,OP90002119,深证100ETF沽12月2950,0.0,0.0,0.0,0.0,40,0.1821,0.186,11,0.19,0.1751,0.0,0.0,0.0,0.0,342
2023-05-11 09:36:56,OP90002119,深证100ETF沽12月2950,0.0,0.0,0.0,0.0,40,0.1821,0.1859,1,0.19,0.1751,0.0,0.0,0.0,0.0,342
2023-05-11 09:36:57,OP90002119,深证100ETF沽12月2950,0.0,0.0,0.0,0.0,40,0.1821,0.1859,21,0.19,0.1751,0.0,0.0,0.0,0.0,342
2023-05-11 09:36:59,OP90002119,深证100ETF沽12月2950,0.0,0.0,0.0,0.0,40,0.1821,0.1859,21,0.19,0.1751,0.0,0.0,0.0,0.0,342
2023-05-11 09:37:00,OP90002119,深证100ETF沽12月2950,0.0,0.0,0.0,0.0,40,0.1821,0.1859,21,0.19,0.1751,0.0,0.0,0.0,0.0,342
2023-05-11 09:37:03,OP90002119,深证100ETF沽12月2950,0.0,0.0,0.0,0.0,40,0.1821,0.1859,21,0.19,0.1751,0.0,0.0,0.0,0.0,342
2023-05-11 09:37:05,OP90002119,深证100ETF沽12月2950,0.0,0.0,0.0,0.0,40,0.1821,0.1859,21,0.19,0.1751,0.0,0.0,0.0,0.0,342
2023-05-11 09:37:06,OP90002119,深证100ETF沽12月2950,0.0,0.0,0.0,0.0,40,0.1821,0.1859,21,0.19,0.1751,0.0,0.0,0.0,0.0,342
2023-05-11 09:37:06,OP90002119,深证100ETF沽12月2950,0.0,0.0,0.0,0.0,40,0.1821,0.1858,1,0.19,0.1751,0.0,0.0,0.0,0.0,342
2023-05-11 09:37:07,OP90002119,深证100ETF沽12月2950,0.0,0.0,0.0,0.0,40,0.1821,0.1858,1,0.19,0.1751,0.0,0.0,0.0,0.0,342
2023-05-11 09:37:09,OP90002119,深证100ETF沽12月2950,0.0,0.0,0.0,0.0,50,0.1821,0.1858,1,0.19,0.1751,0.0,0.0,0.0,0.0,342
2023-05-11 09:37:11,OP90002119,深证100ETF沽12月2950,0.0,0.0,0.0,0.0,50,0.1821,0.1858,1,0.19,0.1751,0.0,0.0,0.0,0.0,342
2023-05-11 09:37:12,OP90002119,深证100ETF沽12月2950,0.0,0.0,0.0,0.0,50,0.1821,0.1858,1,0.19,0.1751,0.0,0.0,0.0,0.0,342
2023-05-11 09:37:14,OP90002119,深证100ETF沽12月2950,0.0,0.0,0.0,0.0,50,0.1821,0.1858,1,0.19,0.1751,0.0,0.0,0.0,0.0,342
2023-05-11 09:37:15,OP90002119,深证100ETF沽12月2950,0.0,0.0,0.0,0.0,40,0.1821,0.1858,1,0.19,0.1751,0.0,0.0,0.0,0.0,342
2023-05-11 09:37:17,OP90002119,深证100ETF沽12月2950,0.0,0.0,0.0,0.0,40,0.1821,0.1858,1,0.19,0.1751,0.0,0.0,0.0,0.0,342
2023-05-11 09:37:18,OP90002119,深证100ETF沽12月2950,0.0,0.0,0.0,0.0,40,0.1821,0.1858,21,0.19,0.1751,0.0,0.0,0.0,0.0,342
2023-05-11 09:37:18,OP90002119,深证100ETF沽12月2950,0.0,0.0,0.0,0.0,50,0.1821,0.1858,21,0.19,0.1751,0.0,0.0,0.0,0.0,342
2023-05-11 09:37:20,OP90002119,深证100ETF沽12月2950,0.0,0.0,0.0,0.0,50,0.1821,0.1858,21,0.19,0.1751,0.0,0.0,0.0,0.0,342
2023-05-11 09:37:21,OP90002119,深证100ETF沽12月2950,0.0,0.0,0.0,0.0,50,0.1821,0.1858,21,0.19,0.1751,0.0,0.0,0.0,0.0,342
2023-05-11 09:37:26,OP90002119,深证100ETF沽12月2950,0.0,0.0,0.0,0.0,50,0.1821,0.1857,1,0.19,0.1751,0.0,0.0,0.0,0.0,342
2023-05-11 09:37:36,OP90002119,深证100ETF沽12月2950,0.0,0.0,0.0,0.0,50,0.1821,0.1856,1,0.19,0.1751,0.0,0.0,0.0,0.0,342
2023-05-11 09:37:40,OP90002119,深证100ETF沽12月2950,0.0,0.0,0.0,0.0,50,0.1821,0.1856,1,0.19,0.1751,0.0,0.0,0.0,0.0,342
2023-05-11 09:37:49,OP90002119,深证100ETF沽12月2950,0.0,0.0,0.0,0.0,50,0.1821,0.1856,1,0.19,0.1751,0.0,0.0,0.0,0.0,342
2023-05-11 09:37:51,OP90002119,深证100ETF沽12月2950,0.0,0.0,0.0,0.0,50,0.1821,0.1856,1,0.19,0.1751,0.0,0.0,0.0,0.0,342
2023-05-11 09:37:52,OP90002119,深证100ETF沽12月2950,0.0,0.0,0.0,0.0,50,0.1821,0.1856,1,0.19,0.1751,0.0,0.0,0.0,0.0,342
2023-05-11 09:37:53,OP90002119,深证100ETF沽12月2950,0.0,0.0,0.0,0.0,40,0.1821,0.1856,1,0.19,0.1751,0.0,0.0,0.0,0.0,342
2023-05-11 09:37:54,OP90002119,深证100ETF沽12月2950,0.0,0.0,0.0,0.0,40,0.1821,0.1856,1,0.19,0.1751,0.0,0.0,0.0,0.0,342
2023-05-11 09:38:01,OP90002119,深证100ETF沽12月2950,0.0,0.0,0.0,0.0,40,0.1821,0.1856,1,0.19,0.1751,0.0,0.0,0.0,0.0,342
2023-05-11 09:38:02,OP90002119,深证100ETF沽12月2950,0.0,0.0,0.0,0.0,40,0.1821,0.1856,1,0.19,0.1751,0.0,0.0,0.0,0.0,342
2023-05-11 09:38:04,OP90002119,深证100ETF沽12月2950,0.0,0.0,0.0,0.0,20,0.1821,0.1856,1,0.19,0.1751,0.0,0.0,0.0,0.0,342
2023-05-11 09:38:04,OP90002119,深证100ETF沽12月2950,0.0,0.0,0.0,0.0,20,0.1818,0.1856,21,0.19,0.1751,0.0,0.0,0.0,0.0,342
2023-05-11 09:38:05,OP90002119,深证100ETF沽12月2950,0.0,0.0,0.0,0.0,20,0.1818,0.1856,21,0.19,0.1751,0.0,0.0,0.0,0.0,342
2023-05-11 09:38:05,OP90002119,深证100ETF沽12月2950,0.0,0.0,0.0,0.0,20,0.1818,0.1856,21,0.19,0.1751,0.0,0.0,0.0,0.0,342
2023-05-11 09:38:06,OP90002119,深证100ETF沽12月2950,0.0,0.0,0.0,0.0,80,0.1815,0.1856,21,0.19,0.1751,0.0,0.0,0.0,0.0,342
2023-05-11 09:38:06,OP90002119,深证100ETF沽12月2950,0.0,0.0,0.0,0.0,50,0.1815,0.1856,31,0.19,0.1751,0.0,0.0,0.0,0.0,342
2023-05-11 09:38:07,OP90002119,深证100ETF沽12月2950,0.0,0.0,0.0,0.0,30,0.1815,0.1856,31,0.19,0.1751,0.0,0.0,0.0,0.0,342
2023-05-11 09:38:07,OP90002119,深证100ETF沽12月2950,0.0,0.0,0.0,0.0,20,0.1815,0.1856,31,0.19,0.1751,0.0,0.0,0.0,0.0,342
2023-05-11 09:38:08,OP90002119,深证100ETF沽12月2950,0.0,0.0,0.0,0.0,20,0.1815,0.1855,1,0.19,0.1751,0.0,0.0,0.0,0.0,342
2023-05-11 09:38:08,OP90002119,深证100ETF沽12月2950,0.0,0.0,0.0,0.0,20,0.1815,0.1855,11,0.19,0.1751,0.0,0.0,0.0,0.0,342
2023-05-11 09:38:10,OP90002119,深证100ETF沽12月2950,0.0,0.0,0.0,0.0,20,0.1815,0.1855,11,0.19,0.1751,0.0,0.0,0.0,0.0,342
2023-05-11 09:38:14,OP90002119,深证100ETF沽12月2950,0.0,0.0,0.0,0.0,20,0.1815,0.1855,11,0.19,0.1751,0.0,0.0,0.0,0.0,342
2023-05-11 09:38:18,OP90002119,深证100ETF沽12月2950,0.0,0.0,0.0,0.0,20,0.1815,0.1854,1,0.19,0.1751,0.0,0.0,0.0,0.0,342
2023-05-11 09:38:18,OP90002119,深证100ETF沽12月2950,0.0,0.0,0.0,0.0,20,0.1815,0.1854,11,0.19,0.1751,0.0,0.0,0.0,0.0,342
2023-05-11 09:38:21,OP90002119,深证100ETF沽12月2950,0.0,0.0,0.0,0.0,20,0.1815,0.1854,11,0.19,0.1751,0.0,0.0,0.0,0.0,342
2023-05-11 09:38:26,OP90002119,深证100ETF沽12月2950,0.0,0.0,0.0,0.0,20,0.1815,0.1854,11,0.19,0.1751,0.0,0.0,0.0,0.0,342
2023-05-11 09:38:26,OP90002119,深证100ETF沽12月2950,0.0,0.0,0.0,0.0,20,0.1815,0.1854,11,0.19,0.1751,0.0,0.0,0.0,0.0,342
2023-05-11 09:38:28,OP90002119,深证100ETF沽12月2950,0.0,0.0,0.0,0.0,20,0.1815,0.1853,1,0.19,0.1751,0.0,0.0,0.0,0.0,342
2023-05-11 09:38:28,OP90002119,深证100ETF沽12月2950,0.0,0.0,0.0,0.0,30,0.1813,0.1853,31,0.19,0.1751,0.0,0.0,0.0,0.0,342
2023-05-11 09:38:29,OP90002119,深证100ETF沽12月2950,0.0,0.0,0.0,0.0,20,0.1813,0.1853,31,0.19,0.1751,0.0,0.0,0.0,0.0,342
2023-05-11 09:38:29,OP90002119,深证100ETF沽12月2950,0.0,0.0,0.0,0.0,20,0.1813,0.1853,31,0.19,0.1751,0.0,0.0,0.0,0.0,342
2023-05-11 09:38:33,OP90002119,深证100ETF沽12月2950,0.0,0.0,0.0,0.0,20,0.1813,0.1853,31,0.19,0.1751,0.0,0.0,0.0,0.0,342
2023-05-11 09:38:36,OP90002119,深证100ETF沽12月2950,0.0,0.0,0.0,0.0,20,0.1813,0.1853,31,0.19,0.1751,0.0,0.0,0.0,0.0,342
2023-05-11 09:38:38,OP90002119,深证100ETF沽12月2950,0.0,0.0,0.0,0.0,20,0.1813,0.1853,31,0.19,0.1751,0.0,0.0,0.0,0.0,342
2023-05-11 09:38:38,OP90002119,深证100ETF沽12月2950,0.0,0.0,0.0,0.0,20,0.1813,0.1852,1,0.19,0.1751,0.0,0.0,0.0,0.0,342
2023-05-11 09:38:39,OP90002119,深证100ETF沽12月2950,0.0,0.0,0.0,0.0,20,0.1813,0.1852,11,0.19,0.1751,0.0,0.0,0.0,0.0,342
2023-05-11 09:38:39,OP90002119,深证100ETF沽12月2950,0.0,0.0,0.0,0.0,20,0.1813,0.1852,11,0.19,0.1751,0.0,0.0,0.0,0.0,342
2023-05-11 09:38:40,OP90002119,深证100ETF沽12月2950,0.0,0.0,0.0,0.0,20,0.1813,0.1852,11,0.19,0.1751,0.0,0.0,0.0,0.0,342
2023-05-11 09:38:41,OP90002119,深证100ETF沽12月2950,0.0,0.0,0.0,0.0,20,0.1813,0.1852,11,0.19,0.1751,0.0,0.0,0.0,0.0,342
2023-05-11 09:38:42,OP90002119,深证100ETF沽12月2950,0.0,0.0,0.0,0.0,20,0.1813,0.1852,31,0.19,0.1751,0.0,0.0,0.0,0.0,342
2023-05-11 09:38:42,OP90002119,深证100ETF沽12月2950,0.0,0.0,0.0,0.0,20,0.1813,0.1852,31,0.19,0.1751,0.0,0.0,0.0,0.0,342
2023-05-11 09:38:45,OP90002119,深证100ETF沽12月2950,0.0,0.0,0.0,0.0,20,0.1811,0.1852,51,0.19,0.1751,0.0,0.0,0.0,0.0,342
2023-05-11 09:38:46,OP90002119,深证100ETF沽12月2950,0.0,0.0,0.0,0.0,70,0.181,0.1852,71,0.19,0.1751,0.0,0.0,0.0,0.0,342
2023-05-11 09:38:46,OP90002119,深证100ETF沽12月2950,0.0,0.0,0.0,0.0,50,0.181,0.1852,71,0.19,0.1751,0.0,0.0,0.0,0.0,342
2023-05-11 09:38:47,OP90002119,深证100ETF沽12月2950,0.0,0.0,0.0,0.0,30,0.181,0.1852,91,0.19,0.1751,0.0,0.0,0.0,0.0,342
2023-05-11 09:38:47,OP90002119,深证100ETF沽12月2950,0.0,0.0,0.0,0.0,20,0.181,0.1852,91,0.19,0.1751,0.0,0.0,0.0,0.0,342
2023-05-11 09:38:48,OP90002119,深证100ETF沽12月2950,0.0,0.0,0.0,0.0,20,0.181,0.1852,91,0.19,0.1751,0.0,0.0,0.0,0.0,342
2023-05-11 09:38:48,OP90002119,深证100ETF沽12月2950,0.0,0.0,0.0,0.0,20,0.181,0.1851,1,0.19,0.1751,0.0,0.0,0.0,0.0,342
2023-05-11 09:38:49,OP90002119,深证100ETF沽12月2950,0.0,0.0,0.0,0.0,20,0.181,0.1851,11,0.19,0.1751,0.0,0.0,0.0,0.0,342
2023-05-11 09:38:53,OP90002119,深证100ETF沽12月2950,0.0,0.0,0.0,0.0,20,0.181,0.1851,11,0.19,0.1751,0.0,0.0,0.0,0.0,342
2023-05-11 09:38:58,OP90002119,深证100ETF沽12月2950,0.0,0.0,0.0,0.0,20,0.181,0.185,1,0.19,0.1751,0.0,0.0,0.0,0.0,342
2023-05-11 09:38:59,OP90002119,深证100ETF沽12月2950,0.0,0.0,0.0,0.0,20,0.181,0.185,11,0.19,0.1751,0.0,0.0,0.0,0.0,342
2023-05-11 09:39:00,OP90002119,深证100ETF沽12月2950,0.0,0.0,0.0,0.0,20,0.181,0.185,11,0.19,0.1751,0.0,0.0,0.0,0.0,342
2023-05-11 09:39:00,OP90002119,深证100ETF沽12月2950,0.0,0.0,0.0,0.0,60,0.1806,0.185,31,0.19,0.1751,0.0,0.0,0.0,0.0,342
2023-05-11 09:39:01,OP90002119,深证100ETF沽12月2950,0.0,0.0,0.0,0.0,40,0.1806,0.185,31,0.19,0.1751,0.0,0.0,0.0,0.0,342
2023-05-11 09:39:01,OP90002119,深证100ETF沽12月2950,0.0,0.0,0.0,0.0,40,0.1806,0.185,31,0.19,0.1751,0.0,0.0,0.0,0.0,342
2023-05-11 09:39:02,OP90002119,深证100ETF沽12月2950,0.0,0.0,0.0,0.0,40,0.1806,0.185,31,0.19,0.1751,0.0,0.0,0.0,0.0,342
2023-05-11 09:39:08,OP90002119,深证100ETF沽12月2950,0.0,0.0,0.0,0.0,40,0.1806,0.1849,1,0.19,0.1751,0.0,0.0,0.0,0.0,342
2023-05-11 09:39:09,OP90002119,深证100ETF沽12月2950,0.0,0.0,0.0,0.0,40,0.1806,0.1849,11,0.19,0.1751,0.0,0.0,0.0,0.0,342
2023-05-11 09:39:09,OP90002119,深证100ETF沽12月2950,0.0,0.0,0.0,0.0,40,0.1806,0.1849,11,0.19,0.1751,0.0,0.0,0.0,0.0,342
2023-05-11 09:39:10,OP90002119,深证100ETF沽12月2950,0.0,0.0,0.0,0.0,20,0.1806,0.1849,11,0.19,0.1751,0.0,0.0,0.0,0.0,342
2023-05-11 09:39:11,OP90002119,深证100ETF沽12月2950,0.0,0.0,0.0,0.0,20,0.1806,0.1849,11,0.19,0.1751,0.0,0.0,0.0,0.0,342
2023-05-11 09:39:15,OP90002119,深证100ETF沽12月2950,0.0,0.0,0.0,0.0,20,0.1806,0.1849,11,0.19,0.1751,0.0,0.0,0.0,0.0,342
2023-05-11 09:39:18,OP90002119,深证100ETF沽12月2950,0.0,0.0,0.0,0.0,20,0.1806,0.1848,1,0.19,0.1751,0.0,0.0,0.0,0.0,342
2023-05-11 09:39:19,OP90002119,深证100ETF沽12月2950,0.0,0.0,0.0,0.0,20,0.1806,0.1848,11,0.19,0.1751,0.0,0.0,0.0,0.0,342
2023-05-11 09:39:28,OP90002119,深证100ETF沽12月2950,0.0,0.0,0.0,0.0,20,0.1806,0.1847,1,0.19,0.1751,0.0,0.0,0.0,0.0,342
2023-05-11 09:39:29,OP90002119,深证100ETF沽12月2950,0.0,0.0,0.0,0.0,40,0.1804,0.1847,31,0.19,0.1751,0.0,0.0,0.0,0.0,342
2023-05-11 09:39:29,OP90002119,深证100ETF沽12月2950,0.0,0.0,0.0,0.0,40,0.1804,0.1847,31,0.19,0.1751,0.0,0.0,0.0,0.0,342
2023-05-11 09:39:30,OP90002119,深证100ETF沽12月2950,0.0,0.0,0.0,0.0,40,0.1804,0.1847,31,0.19,0.1751,0.0,0.0,0.0,0.0,342
2023-05-11 09:39:30,OP90002119,深证100ETF沽12月2950,0.0,0.0,0.0,0.0,40,0.1804,0.1847,31,0.19,0.1751,0.0,0.0,0.0,0.0,342
2023-05-11 09:39:31,OP90002119,深证100ETF沽12月2950,0.0,0.0,0.0,0.0,40,0.1804,0.1847,31,0.19,0.1751,0.0,0.0,0.0,0.0,342
2023-05-11 09:39:38,OP90002119,深证100ETF沽12月2950,0.0,0.0,0.0,0.0,40,0.1804,0.1846,1,0.19,0.1751,0.0,0.0,0.0,0.0,342
2023-05-11 09:39:39,OP90002119,深证100ETF沽12月2950,0.0,0.0,0.0,0.0,40,0.1804,0.1846,11,0.19,0.1751,0.0,0.0,0.0,0.0,342
2023-05-11 09:39:42,OP90002119,深证100ETF沽12月2950,0.0,0.0,0.0,0.0,40,0.1804,0.1843,20,0.19,0.1751,0.0,0.0,0.0,0.0,342
2023-05-11 09:39:43,OP90002119,深证100ETF沽12月2950,0.0,0.0,0.0,0.0,40,0.1804,0.1843,50,0.19,0.1751,0.0,0.0,0.0,0.0,342
2023-05-11 09:39:43,OP90002119,深证100ETF沽12月2950,0.0,0.0,0.0,0.0,40,0.1804,0.1843,70,0.19,0.1751,0.0,0.0,0.0,0.0,342
2023-05-11 09:39:44,OP90002119,深证100ETF沽12月2950,0.0,0.0,0.0,0.0,40,0.1804,0.1843,70,0.19,0.1751,0.0,0.0,0.0,0.0,342
2023-05-11 09:39:45,OP90002119,深证100ETF沽12月2950,0.0,0.0,0.0,0.0,40,0.1804,0.1843,70,0.19,0.1751,0.0,0.0,0.0,0.0,342
2023-05-11 09:39:46,OP90002119,深证100ETF沽12月2950,0.0,0.0,0.0,0.0,40,0.1804,0.1843,70,0.19,0.1751,0.0,0.0,0.0,0.0,342
2023-05-11 09:39:48,OP90002119,深证100ETF沽12月2950,0.0,0.0,0.0,0.0,40,0.1804,0.1843,71,0.19,0.1751,0.0,0.0,0.0,0.0,342
2023-05-11 09:39:49,OP90002119,深证100ETF沽12月2950,0.0,0.0,0.0,0.0,40,0.1804,0.1843,71,0.19,0.1751,0.0,0.0,0.0,0.0,342
2023-05-11 09:39:54,OP90002119,深证100ETF沽12月2950,0.0,0.0,0.0,0.0,40,0.1804,0.1843,71,0.19,0.1751,0.0,0.0,0.0,0.0,342
2023-05-11 09:39:57,OP90002119,深证100ETF沽12月2950,0.0,0.0,0.0,0.0,20,0.1804,0.1843,71,0.19,0.1751,0.0,0.0,0.0,0.0,342
2023-05-11 09:39:58,OP90002119,深证100ETF沽12月2950,0.0,0.0,0.0,0.0,20,0.1804,0.1843,71,0.19,0.1751,0.0,0.0,0.0,0.0,342
2023-05-11 09:39:59,OP90002119,深证100ETF沽12月2950,0.0,0.0,0.0,0.0,20,0.1804,0.1842,1,0.19,0.1751,0.0,0.0,0.0,0.0,342
2023-05-11 09:39:59,OP90002119,深证100ETF沽12月2950,0.0,0.0,0.0,0.0,20,0.1804,0.1842,11,0.19,0.1751,0.0,0.0,0.0,0.0,342
2023-05-11 09:40:00,OP90002119,深证100ETF沽12月2950,0.0,0.0,0.0,0.0,20,0.1804,0.1842,11,0.19,0.1751,0.0,0.0,0.0,0.0,342
2023-05-11 09:40:02,OP90002119,深证100ETF沽12月2950,0.0,0.0,0.0,0.0,20,0.1801,0.1842,31,0.19,0.1751,0.0,0.0,0.0,0.0,342
2023-05-11 09:40:02,OP90002119,深证100ETF沽12月2950,0.0,0.0,0.0,0.0,20,0.18,0.184,10,0.19,0.1751,0.0,0.0,0.0,0.0,342
2023-05-11 09:40:03,OP90002119,深证100ETF沽12月2950,0.0,0.0,0.0,0.0,20,0.18,0.184,20,0.19,0.1751,0.0,0.0,0.0,0.0,342
2023-05-11 09:40:03,OP90002119,深证100ETF沽12月2950,0.0,0.0,0.0,0.0,20,0.18,0.184,10,0.19,0.1751,0.0,0.0,0.0,0.0,342
2023-05-11 09:40:04,OP90002119,深证100ETF沽12月2950,0.0,0.0,0.0,0.0,20,0.18,0.184,20,0.19,0.1751,0.0,0.0,0.0,0.0,342
2023-05-11 09:40:04,OP90002119,深证100ETF沽12月2950,0.0,0.0,0.0,0.0,20,0.18,0.184,20,0.19,0.1751,0.0,0.0,0.0,0.0,342
2023-05-11 09:40:05,OP90002119,深证100ETF沽12月2950,0.0,0.0,0.0,0.0,20,0.18,0.184,10,0.19,0.1751,0.0,0.0,0.0,0.0,342
2023-05-11 09:40:05,OP90002119,深证100ETF沽12月2950,0.0,0.0,0.0,0.0,20,0.1799,0.184,30,0.19,0.1751,0.0,0.0,0.0,0.0,342
2023-05-11 09:40:06,OP90002119,深证100ETF沽12月2950,0.0,0.0,0.0,0.0,70,0.1797,0.184,30,0.19,0.1751,0.0,0.0,0.0,0.0,342
2023-05-11 09:40:06,OP90002119,深证100ETF沽12月2950,0.0,0.0,0.0,0.0,60,0.1797,0.184,30,0.19,0.1751,0.0,0.0,0.0,0.0,342
2023-05-11 09:40:07,OP90002119,深证100ETF沽12月2950,0.0,0.0,0.0,0.0,20,0.1797,0.184,50,0.19,0.1751,0.0,0.0,0.0,0.0,342
2023-05-11 09:40:07,OP90002119,深证100ETF沽12月2950,0.0,0.0,0.0,0.0,100,0.1792,0.184,50,0.19,0.1751,0.0,0.0,0.0,0.0,342
2023-05-11 09:40:08,OP90002119,深证100ETF沽12月2950,0.0,0.0,0.0,0.0,100,0.1792,0.184,50,0.19,0.1751,0.0,0.0,0.0,0.0,342
2023-05-11 09:40:08,OP90002119,深证100ETF沽12月2950,0.0,0.0,0.0,0.0,80,0.1792,0.184,50,0.19,0.1751,0.0,0.0,0.0,0.0,342
2023-05-11 09:40:12,OP90002119,深证100ETF沽12月2950,0.0,0.0,0.0,0.0,80,0.1792,0.184,50,0.19,0.1751,0.0,0.0,0.0,0.0,342
2023-05-11 09:40:13,OP90002119,深证100ETF沽12月2950,0.0,0.0,0.0,0.0,80,0.1792,0.184,50,0.19,0.1751,0.0,0.0,0.0,0.0,342
2023-05-11 09:40:14,OP90002119,深证100ETF沽12月2950,0.0,0.0,0.0,0.0,80,0.1792,0.184,51,0.19,0.1751,0.0,0.0,0.0,0.0,342
2023-05-11 09:40:17,OP90002119,深证100ETF沽12月2950,0.0,0.0,0.0,0.0,60,0.1792,0.1833,20,0.19,0.1751,0.0,0.0,0.0,0.0,342
2023-05-11 09:40:18,OP90002119,深证100ETF沽12月2950,0.0,0.0,0.0,0.0,40,0.1792,0.1833,50,0.19,0.1751,0.0,0.0,0.0,0.0,342
2023-05-11 09:40:18,OP90002119,深证100ETF沽12月2950,0.0,0.0,0.0,0.0,40,0.1792,0.1833,50,0.19,0.1751,0.0,0.0,0.0,0.0,342
2023-05-11 09:40:20,OP90002119,深证100ETF沽12月2950,0.0,0.0,0.0,0.0,40,0.1792,0.1833,50,0.19,0.1751,0.0,0.0,0.0,0.0,342
2023-05-11 09:40:20,OP90002119,深证100ETF沽12月2950,0.0,0.0,0.0,0.0,40,0.1792,0.1833,50,0.19,0.1751,0.0,0.0,0.0,0.0,342
2023-05-11 09:40:21,OP90002119,深证100ETF沽12月2950,0.0,0.0,0.0,0.0,40,0.1792,0.1833,50,0.19,0.1751,0.0,0.0,0.0,0.0,342
2023-05-11 09:40:24,OP90002119,深证100ETF沽12月2950,0.0,0.0,0.0,0.0,40,0.1792,0.1833,50,0.19,0.1751,0.0,0.0,0.0,0.0,342
2023-05-11 09:40:25,OP90002119,深证100ETF沽12月2950,0.0,0.0,0.0,0.0,40,0.1792,0.1833,50,0.19,0.1751,0.0,0.0,0.0,0.0,342
2023-05-11 09:40:26,OP90002119,深证100ETF沽12月2950,0.0,0.0,0.0,0.0,40,0.1792,0.1833,50,0.19,0.1751,0.0,0.0,0.0,0.0,342
2023-05-11 09:40:27,OP90002119,深证100ETF沽12月2950,0.0,0.0,0.0,0.0,40,0.1792,0.1833,50,0.19,0.1751,0.0,0.0,0.0,0.0,342
2023-05-11 09:40:29,OP90002119,深证100ETF沽12月2950,0.0,0.0,0.0,0.0,20,0.1792,0.1831,20,0.19,0.1751,0.0,0.0,0.0,0.0,342
2023-05-11 09:40:30,OP90002119,深证100ETF沽12月2950,0.0,0.0,0.0,0.0,20,0.1792,0.1831,30,0.19,0.1751,0.0,0.0,0.0,0.0,342
2023-05-11 09:40:31,OP90002119,深证100ETF沽12月2950,0.0,0.0,0.0,0.0,20,0.1792,0.1831,30,0.19,0.1751,0.0,0.0,0.0,0.0,342
2023-05-11 09:40:32,OP90002119,深证100ETF沽12月2950,0.0,0.0,0.0,0.0,20,0.1792,0.1831,30,0.19,0.1751,0.0,0.0,0.0,0.0,342
2023-05-11 09:40:33,OP90002119,深证100ETF沽12月2950,0.0,0.0,0.0,0.0,70,0.1788,0.1831,50,0.19,0.1751,0.0,0.0,0.0,0.0,342
2023-05-11 09:40:33,OP90002119,深证100ETF沽12月2950,0.0,0.0,0.0,0.0,40,0.1788,0.1831,50,0.19,0.1751,0.0,0.0,0.0,0.0,342
2023-05-11 09:40:34,OP90002119,深证100ETF沽12月2950,0.0,0.0,0.0,0.0,20,0.1788,0.1831,71,0.19,0.1751,0.0,0.0,0.0,0.0,342
2023-05-11 09:40:34,OP90002119,深证100ETF沽12月2950,0.0,0.0,0.0,0.0,20,0.1788,0.1831,71,0.19,0.1751,0.0,0.0,0.0,0.0,342
2023-05-11 09:40:44,OP90002119,深证100ETF沽12月2950,0.0,0.0,0.0,0.0,20,0.1788,0.183,1,0.19,0.1751,0.0,0.0,0.0,0.0,342
2023-05-11 09:40:44,OP90002119,深证100ETF沽12月2950,0.0,0.0,0.0,0.0,20,0.1788,0.183,11,0.19,0.1751,0.0,0.0,0.0,0.0,342
2023-05-11 09:40:45,OP90002119,深证100ETF沽12月2950,0.0,0.0,0.0,0.0,20,0.1788,0.183,11,0.19,0.1751,0.0,0.0,0.0,0.0,342
2023-05-11 09:40:47,OP90002119,深证100ETF沽12月2950,0.0,0.0,0.0,0.0,20,0.1788,0.183,11,0.19,0.1751,0.0,0.0,0.0,0.0,342
2023-05-11 09:40:48,OP90002119,深证100ETF沽12月2950,0.0,0.0,0.0,0.0,20,0.1788,0.183,11,0.19,0.1751,0.0,0.0,0.0,0.0,342
2023-05-11 09:40:49,OP90002119,深证100ETF沽12月2950,0.0,0.0,0.0,0.0,20,0.1788,0.183,11,0.19,0.1751,0.0,0.0,0.0,0.0,342
2023-05-11 09:40:50,OP90002119,深证100ETF沽12月2950,0.0,0.0,0.0,0.0,20,0.1788,0.183,11,0.19,0.1751,0.0,0.0,0.0,0.0,342
2023-05-11 09:40:52,OP90002119,深证100ETF沽12月2950,0.0,0.0,0.0,0.0,20,0.1788,0.1823,20,0.19,0.1751,0.0,0.0,0.0,0.0,342
2023-05-11 09:40:53,OP90002119,深证100ETF沽12月2950,0.0,0.0,0.0,0.0,40,0.1787,0.1823,51,0.19,0.1751,0.0,0.0,0.0,0.0,342
2023-05-11 09:40:53,OP90002119,深证100ETF沽12月2950,0.0,0.0,0.0,0.0,40,0.1787,0.1823,51,0.19,0.1751,0.0,0.0,0.0,0.0,342
2023-05-11 09:40:54,OP90002119,深证100ETF沽12月2950,0.0,0.0,0.0,0.0,40,0.1787,0.1823,51,0.19,0.1751,0.0,0.0,0.0,0.0,342
2023-05-11 09:40:55,OP90002119,深证100ETF沽12月2950,0.0,0.0,0.0,0.0,40,0.1787,0.1823,51,0.19,0.1751,0.0,0.0,0.0,0.0,342
2023-05-11 09:40:56,OP90002119,深证100ETF沽12月2950,0.0,0.0,0.0,0.0,40,0.1787,0.1823,51,0.19,0.1751,0.0,0.0,0.0,0.0,342
2023-05-11 09:41:00,OP90002119,深证100ETF沽12月2950,0.0,0.0,0.0,0.0,40,0.1787,0.1823,51,0.19,0.1751,0.0,0.0,0.0,0.0,342
2023-05-11 09:41:03,OP90002119,深证100ETF沽12月2950,0.0,0.0,0.0,0.0,40,0.1787,0.1822,1,0.19,0.1751,0.0,0.0,0.0,0.0,342
2023-05-11 09:41:03,OP90002119,深证100ETF沽12月2950,0.0,0.0,0.0,0.0,40,0.1787,0.1822,11,0.19,0.1751,0.0,0.0,0.0,0.0,342
2023-05-11 09:41:04,OP90002119,深证100ETF沽12月2950,0.0,0.0,0.0,0.0,40,0.1787,0.1822,11,0.19,0.1751,0.0,0.0,0.0,0.0,342
2023-05-11 09:41:06,OP90002119,深证100ETF沽12月2950,0.0,0.0,0.0,0.0,40,0.1787,0.1822,11,0.19,0.1751,0.0,0.0,0.0,0.0,342
2023-05-11 09:41:07,OP90002119,深证100ETF沽12月2950,0.0,0.0,0.0,0.0,40,0.1787,0.1822,11,0.19,0.1751,0.0,0.0,0.0,0.0,342
2023-05-11 09:41:07,OP90002119,深证100ETF沽12月2950,0.0,0.0,0.0,0.0,40,0.1787,0.1822,11,0.19,0.1751,0.0,0.0,0.0,0.0,342
2023-05-11 09:41:08,OP90002119,深证100ETF沽12月2950,0.0,0.0,0.0,0.0,40,0.1787,0.1822,11,0.19,0.1751,0.0,0.0,0.0,0.0,342
2023-05-11 09:41:09,OP90002119,深证100ETF沽12月2950,0.0,0.0,0.0,0.0,40,0.1787,0.1822,11,0.19,0.1751,0.0,0.0,0.0,0.0,342
2023-05-11 09:41:10,OP90002119,深证100ETF沽12月2950,0.0,0.0,0.0,0.0,40,0.1787,0.1822,11,0.19,0.1751,0.0,0.0,0.0,0.0,342
2023-05-11 09:41:10,OP90002119,深证100ETF沽12月2950,0.0,0.0,0.0,0.0,40,0.1787,0.1822,11,0.19,0.1751,0.0,0.0,0.0,0.0,342
2023-05-11 09:41:11,OP90002119,深证100ETF沽12月2950,0.0,0.0,0.0,0.0,40,0.1787,0.1822,11,0.19,0.1751,0.0,0.0,0.0,0.0,342
2023-05-11 09:41:11,OP90002119,深证100ETF沽12月2950,0.0,0.0,0.0,0.0,40,0.1787,0.1822,11,0.19,0.1751,0.0,0.0,0.0,0.0,342
2023-05-11 09:41:13,OP90002119,深证100ETF沽12月2950,0.0,0.0,0.0,0.0,40,0.1787,0.1821,1,0.19,0.1751,0.0,0.0,0.0,0.0,342
2023-05-11 09:41:13,OP90002119,深证100ETF沽12月2950,0.0,0.0,0.0,0.0,40,0.1787,0.1821,11,0.19,0.1751,0.0,0.0,0.0,0.0,342
2023-05-11 09:41:21,OP90002119,深证100ETF沽12月2950,0.0,0.0,0.0,0.0,40,0.1787,0.1821,11,0.19,0.1751,0.0,0.0,0.0,0.0,342
2023-05-11 09:41:23,OP90002119,深证100ETF沽12月2950,0.0,0.0,0.0,0.0,40,0.1787,0.182,1,0.19,0.1751,0.0,0.0,0.0,0.0,342
2023-05-11 09:41:24,OP90002119,深证100ETF沽12月2950,0.0,0.0,0.0,0.0,40,0.1787,0.182,11,0.19,0.1751,0.0,0.0,0.0,0.0,342
2023-05-11 09:41:32,OP90002119,深证100ETF沽12月2950,0.0,0.0,0.0,0.0,40,0.1787,0.182,11,0.19,0.1751,0.0,0.0,0.0,0.0,342
2023-05-11 09:41:33,OP90002119,深证100ETF沽12月2950,0.0,0.0,0.0,0.0,40,0.1787,0.1819,1,0.19,0.1751,0.0,0.0,0.0,0.0,342
2023-05-11 09:41:34,OP90002119,深证100ETF沽12月2950,0.0,0.0,0.0,0.0,40,0.1787,0.1819,11,0.19,0.1751,0.0,0.0,0.0,0.0,342
2023-05-11 09:41:43,OP90002119,深证100ETF沽12月2950,0.0,0.0,0.0,0.0,40,0.1787,0.1818,1,0.19,0.1751,0.0,0.0,0.0,0.0,342
2023-05-11 09:41:44,OP90002119,深证100ETF沽12月2950,0.0,0.0,0.0,0.0,40,0.1787,0.1818,11,0.19,0.1751,0.0,0.0,0.0,0.0,342
2023-05-11 09:41:53,OP90002119,深证100ETF沽12月2950,0.0,0.0,0.0,0.0,40,0.1787,0.1817,1,0.19,0.1751,0.0,0.0,0.0,0.0,342
2023-05-11 09:41:54,OP90002119,深证100ETF沽12月2950,0.0,0.0,0.0,0.0,40,0.1787,0.1817,11,0.19,0.1751,0.0,0.0,0.0,0.0,342
2023-05-11 09:41:57,OP90002119,深证100ETF沽12月2950,0.0,0.0,0.0,0.0,40,0.1787,0.1817,11,0.19,0.1751,0.0,0.0,0.0,0.0,342
2023-05-11 09:41:57,OP90002119,深证100ETF沽12月2950,0.0,0.0,0.0,0.0,20,0.1787,0.1817,11,0.19,0.1751,0.0,0.0,0.0,0.0,342
2023-05-11 09:41:58,OP90002119,深证100ETF沽12月2950,0.0,0.0,0.0,0.0,20,0.1783,0.1817,11,0.19,0.1751,0.0,0.0,0.0,0.0,342
2023-05-11 09:41:58,OP90002119,深证100ETF沽12月2950,0.0,0.0,0.0,0.0,40,0.1783,0.1817,11,0.19,0.1751,0.0,0.0,0.0,0.0,342
2023-05-11 09:41:59,OP90002119,深证100ETF沽12月2950,0.0,0.0,0.0,0.0,20,0.1783,0.1817,11,0.19,0.1751,0.0,0.0,0.0,0.0,342
2023-05-11 09:41:59,OP90002119,深证100ETF沽12月2950,0.0,0.0,0.0,0.0,20,0.1783,0.1817,11,0.19,0.1751,0.0,0.0,0.0,0.0,342
2023-05-11 09:42:00,OP90002119,深证100ETF沽12月2950,0.0,0.0,0.0,0.0,70,0.1778,0.1817,11,0.19,0.1751,0.0,0.0,0.0,0.0,342
2023-05-11 09:42:00,OP90002119,深证100ETF沽12月2950,0.0,0.0,0.0,0.0,90,0.1778,0.1817,11,0.19,0.1751,0.0,0.0,0.0,0.0,342
2023-05-11 09:42:01,OP90002119,深证100ETF沽12月2950,0.0,0.0,0.0,0.0,90,0.1778,0.1817,11,0.19,0.1751,0.0,0.0,0.0,0.0,342
2023-05-11 09:42:01,OP90002119,深证100ETF沽12月2950,0.0,0.0,0.0,0.0,60,0.1778,0.1817,11,0.19,0.1751,0.0,0.0,0.0,0.0,342
2023-05-11 09:42:02,OP90002119,深证100ETF沽12月2950,0.0,0.0,0.0,0.0,40,0.1778,0.1817,11,0.19,0.1751,0.0,0.0,0.0,0.0,342
2023-05-11 09:42:02,OP90002119,深证100ETF沽12月2950,0.0,0.0,0.0,0.0,40,0.1778,0.1817,11,0.19,0.1751,0.0,0.0,0.0,0.0,342
2023-05-11 09:42:03,OP90002119,深证100ETF沽12月2950,0.0,0.0,0.0,0.0,60,0.1778,0.1817,11,0.19,0.1751,0.0,0.0,0.0,0.0,342
2023-05-11 09:42:03,OP90002119,深证100ETF沽12月2950,0.0,0.0,0.0,0.0,40,0.1778,0.1816,1,0.19,0.1751,0.0,0.0,0.0,0.0,342
2023-05-11 09:42:04,OP90002119,深证100ETF沽12月2950,0.0,0.0,0.0,0.0,40,0.1778,0.1816,11,0.19,0.1751,0.0,0.0,0.0,0.0,342
2023-05-11 09:42:04,OP90002119,深证100ETF沽12月2950,0.0,0.0,0.0,0.0,40,0.1778,0.1816,11,0.19,0.1751,0.0,0.0,0.0,0.0,342
2023-05-11 09:42:05,OP90002119,深证100ETF沽12月2950,0.0,0.0,0.0,0.0,60,0.1778,0.1816,11,0.19,0.1751,0.0,0.0,0.0,0.0,342
2023-05-11 09:42:05,OP90002119,深证100ETF沽12月2950,0.0,0.0,0.0,0.0,60,0.1778,0.1816,11,0.19,0.1751,0.0,0.0,0.0,0.0,342
2023-05-11 09:42:06,OP90002119,深证100ETF沽12月2950,0.0,0.0,0.0,0.0,40,0.1778,0.1816,11,0.19,0.1751,0.0,0.0,0.0,0.0,342
2023-05-11 09:42:06,OP90002119,深证100ETF沽12月2950,0.0,0.0,0.0,0.0,40,0.1778,0.1816,21,0.19,0.1751,0.0,0.0,0.0,0.0,342
2023-05-11 09:42:07,OP90002119,深证100ETF沽12月2950,0.0,0.0,0.0,0.0,40,0.1778,0.1816,21,0.19,0.1751,0.0,0.0,0.0,0.0,342
2023-05-11 09:42:08,OP90002119,深证100ETF沽12月2950,0.0,0.0,0.0,0.0,60,0.1778,0.1816,11,0.19,0.1751,0.0,0.0,0.0,0.0,342
2023-05-11 09:42:09,OP90002119,深证100ETF沽12月2950,0.0,0.0,0.0,0.0,60,0.1778,0.1816,11,0.19,0.1751,0.0,0.0,0.0,0.0,342
2023-05-11 09:42:09,OP90002119,深证100ETF沽12月2950,0.0,0.0,0.0,0.0,60,0.1778,0.1816,11,0.19,0.1751,0.0,0.0,0.0,0.0,342
2023-05-11 09:42:11,OP90002119,深证100ETF沽12月2950,0.0,0.0,0.0,0.0,60,0.1778,0.1816,11,0.19,0.1751,0.0,0.0,0.0,0.0,342
2023-05-11 09:42:12,OP90002119,深证100ETF沽12月2950,0.0,0.0,0.0,0.0,60,0.1778,0.1816,11,0.19,0.1751,0.0,0.0,0.0,0.0,342
2023-05-11 09:42:14,OP90002119,深证100ETF沽12月2950,0.0,0.0,0.0,0.0,60,0.1778,0.1815,1,0.19,0.1751,0.0,0.0,0.0,0.0,342
2023-05-11 09:42:14,OP90002119,深证100ETF沽12月2950,0.0,0.0,0.0,0.0,40,0.1778,0.1815,11,0.19,0.1751,0.0,0.0,0.0,0.0,342
2023-05-11 09:42:15,OP90002119,深证100ETF沽12月2950,0.0,0.0,0.0,0.0,40,0.1778,0.1815,11,0.19,0.1751,0.0,0.0,0.0,0.0,342
2023-05-11 09:42:15,OP90002119,深证100ETF沽12月2950,0.0,0.0,0.0,0.0,40,0.1778,0.1815,11,0.19,0.1751,0.0,0.0,0.0,0.0,342
2023-05-11 09:42:16,OP90002119,深证100ETF沽12月2950,0.0,0.0,0.0,0.0,40,0.1778,0.1815,11,0.19,0.1751,0.0,0.0,0.0,0.0,342
2023-05-11 09:42:16,OP90002119,深证100ETF沽12月2950,0.0,0.0,0.0,0.0,40,0.1778,0.1815,11,0.19,0.1751,0.0,0.0,0.0,0.0,342
2023-05-11 09:42:17,OP90002119,深证100ETF沽12月2950,0.0,0.0,0.0,0.0,40,0.1778,0.1815,11,0.19,0.1751,0.0,0.0,0.0,0.0,342
2023-05-11 09:42:17,OP90002119,深证100ETF沽12月2950,0.0,0.0,0.0,0.0,40,0.1778,0.1815,11,0.19,0.1751,0.0,0.0,0.0,0.0,342
2023-05-11 09:42:18,OP90002119,深证100ETF沽12月2950,0.0,0.0,0.0,0.0,40,0.1778,0.1815,11,0.19,0.1751,0.0,0.0,0.0,0.0,342
2023-05-11 09:42:18,OP90002119,深证100ETF沽12月2950,0.0,0.0,0.0,0.0,40,0.1778,0.1815,1,0.19,0.1751,0.0,0.0,0.0,0.0,342
2023-05-11 09:42:19,OP90002119,深证100ETF沽12月2950,0.0,0.0,0.0,0.0,40,0.1778,0.1815,1,0.19,0.1751,0.0,0.0,0.0,0.0,342
2023-05-11 09:42:19,OP90002119,深证100ETF沽12月2950,0.0,0.0,0.0,0.0,50,0.1778,0.1815,1,0.19,0.1751,0.0,0.0,0.0,0.0,342
2023-05-11 09:42:20,OP90002119,深证100ETF沽12月2950,0.0,0.0,0.0,0.0,50,0.1778,0.1815,1,0.19,0.1751,0.0,0.0,0.0,0.0,342
2023-05-11 09:42:20,OP90002119,深证100ETF沽12月2950,0.0,0.0,0.0,0.0,70,0.1778,0.1815,1,0.19,0.1751,0.0,0.0,0.0,0.0,342
2023-05-11 09:42:21,OP90002119,深证100ETF沽12月2950,0.0,0.0,0.0,0.0,70,0.1778,0.1815,1,0.19,0.1751,0.0,0.0,0.0,0.0,342
2023-05-11 09:42:21,OP90002119,深证100ETF沽12月2950,0.0,0.0,0.0,0.0,70,0.1778,0.1815,1,0.19,0.1751,0.0,0.0,0.0,0.0,342
2023-05-11 09:42:22,OP90002119,深证100ETF沽12月2950,0.0,0.0,0.0,0.0,50,0.1778,0.1815,1,0.19,0.1751,0.0,0.0,0.0,0.0,342
2023-05-11 09:42:22,OP90002119,深证100ETF沽12月2950,0.0,0.0,0.0,0.0,70,0.1778,0.1815,1,0.19,0.1751,0.0,0.0,0.0,0.0,342
2023-05-11 09:42:23,OP90002119,深证100ETF沽12月2950,0.0,0.0,0.0,0.0,50,0.1778,0.1815,1,0.19,0.1751,0.0,0.0,0.0,0.0,342
2023-05-11 09:42:23,OP90002119,深证100ETF沽12月2950,0.0,0.0,0.0,0.0,90,0.1778,0.1815,1,0.19,0.1751,0.0,0.0,0.0,0.0,342
2023-05-11 09:42:24,OP90002119,深证100ETF沽12月2950,0.0,0.0,0.0,0.0,90,0.1778,0.1814,1,0.19,0.1751,0.0,0.0,0.0,0.0,342
2023-05-11 09:42:24,OP90002119,深证100ETF沽12月2950,0.0,0.0,0.0,0.0,90,0.1778,0.1814,1,0.19,0.1751,0.0,0.0,0.0,0.0,342
2023-05-11 09:42:25,OP90002119,深证100ETF沽12月2950,0.0,0.0,0.0,0.0,90,0.1778,0.1814,1,0.19,0.1751,0.0,0.0,0.0,0.0,342
2023-05-11 09:42:25,OP90002119,深证100ETF沽12月2950,0.0,0.0,0.0,0.0,90,0.1778,0.1814,1,0.19,0.1751,0.0,0.0,0.0,0.0,342
2023-05-11 09:42:26,OP90002119,深证100ETF沽12月2950,0.0,0.0,0.0,0.0,90,0.1778,0.1814,1,0.19,0.1751,0.0,0.0,0.0,0.0,342
2023-05-11 09:42:27,OP90002119,深证100ETF沽12月2950,0.0,0.0,0.0,0.0,90,0.1778,0.1814,1,0.19,0.1751,0.0,0.0,0.0,0.0,342
2023-05-11 09:42:28,OP90002119,深证100ETF沽12月2950,0.0,0.0,0.0,0.0,80,0.1778,0.1814,1,0.19,0.1751,0.0,0.0,0.0,0.0,342
2023-05-11 09:42:29,OP90002119,深证100ETF沽12月2950,0.0,0.0,0.0,0.0,80,0.1778,0.1814,1,0.19,0.1751,0.0,0.0,0.0,0.0,342
2023-05-11 09:42:29,OP90002119,深证100ETF沽12月2950,0.0,0.0,0.0,0.0,80,0.1778,0.1814,1,0.19,0.1751,0.0,0.0,0.0,0.0,342
2023-05-11 09:42:30,OP90002119,深证100ETF沽12月2950,0.0,0.0,0.0,0.0,80,0.1778,0.1814,1,0.19,0.1751,0.0,0.0,0.0,0.0,342
2023-05-11 09:42:30,OP90002119,深证100ETF沽12月2950,0.0,0.0,0.0,0.0,80,0.1778,0.1814,11,0.19,0.1751,0.0,0.0,0.0,0.0,342
2023-05-11 09:42:31,OP90002119,深证100ETF沽12月2950,0.0,0.0,0.0,0.0,80,0.1778,0.1814,11,0.19,0.1751,0.0,0.0,0.0,0.0,342
2023-05-11 09:42:31,OP90002119,深证100ETF沽12月2950,0.0,0.0,0.0,0.0,80,0.1778,0.1814,11,0.19,0.1751,0.0,0.0,0.0,0.0,342
2023-05-11 09:42:32,OP90002119,深证100ETF沽12月2950,0.0,0.0,0.0,0.0,80,0.1778,0.1814,11,0.19,0.1751,0.0,0.0,0.0,0.0,342
2023-05-11 09:42:34,OP90002119,深证100ETF沽12月2950,0.0,0.0,0.0,0.0,80,0.1778,0.1813,1,0.19,0.1751,0.0,0.0,0.0,0.0,342
2023-05-11 09:42:34,OP90002119,深证100ETF沽12月2950,0.0,0.0,0.0,0.0,80,0.1778,0.1813,1,0.19,0.1751,0.0,0.0,0.0,0.0,342
2023-05-11 09:42:35,OP90002119,深证100ETF沽12月2950,0.0,0.0,0.0,0.0,80,0.1778,0.1813,1,0.19,0.1751,0.0,0.0,0.0,0.0,342
2023-05-11 09:42:35,OP90002119,深证100ETF沽12月2950,0.0,0.0,0.0,0.0,80,0.1778,0.1813,1,0.19,0.1751,0.0,0.0,0.0,0.0,342
2023-05-11 09:42:38,OP90002119,深证100ETF沽12月2950,0.0,0.0,0.0,0.0,60,0.1778,0.1813,1,0.19,0.1751,0.0,0.0,0.0,0.0,342
2023-05-11 09:42:39,OP90002119,深证100ETF沽12月2950,0.0,0.0,0.0,0.0,40,0.1778,0.1813,1,0.19,0.1751,0.0,0.0,0.0,0.0,342
2023-05-11 09:42:42,OP90002119,深证100ETF沽12月2950,0.0,0.0,0.0,0.0,40,0.1778,0.1813,1,0.19,0.1751,0.0,0.0,0.0,0.0,342
2023-05-11 09:42:44,OP90002119,深证100ETF沽12月2950,0.0,0.0,0.0,0.0,40,0.1778,0.1812,1,0.19,0.1751,0.0,0.0,0.0,0.0,342
2023-05-11 09:42:45,OP90002119,深证100ETF沽12月2950,0.0,0.0,0.0,0.0,40,0.1778,0.1812,1,0.19,0.1751,0.0,0.0,0.0,0.0,342
2023-05-11 09:42:46,OP90002119,深证100ETF沽12月2950,0.0,0.0,0.0,0.0,40,0.1778,0.1812,1,0.19,0.1751,0.0,0.0,0.0,0.0,342
2023-05-11 09:42:46,OP90002119,深证100ETF沽12月2950,0.0,0.0,0.0,0.0,20,0.1778,0.1812,1,0.19,0.1751,0.0,0.0,0.0,0.0,342
2023-05-11 09:42:47,OP90002119,深证100ETF沽12月2950,0.0,0.0,0.0,0.0,20,0.1778,0.1812,1,0.19,0.1751,0.0,0.0,0.0,0.0,342
2023-05-11 09:42:47,OP90002119,深证100ETF沽12月2950,0.0,0.0,0.0,0.0,50,0.1778,0.1812,1,0.19,0.1751,0.0,0.0,0.0,0.0,342
2023-05-11 09:42:48,OP90002119,深证100ETF沽12月2950,0.0,0.0,0.0,0.0,50,0.1778,0.1812,1,0.19,0.1751,0.0,0.0,0.0,0.0,342
2023-05-11 09:42:49,OP90002119,深证100ETF沽12月2950,0.0,0.0,0.0,0.0,50,0.1778,0.1812,1,0.19,0.1751,0.0,0.0,0.0,0.0,342
2023-05-11 09:42:50,OP90002119,深证100ETF沽12月2950,0.0,0.0,0.0,0.0,50,0.1778,0.1812,1,0.19,0.1751,0.0,0.0,0.0,0.0,342
2023-05-11 09:42:51,OP90002119,深证100ETF沽12月2950,0.0,0.0,0.0,0.0,50,0.1778,0.1812,1,0.19,0.1751,0.0,0.0,0.0,0.0,342
2023-05-11 09:42:53,OP90002119,深证100ETF沽12月2950,0.0,0.0,0.0,0.0,50,0.1778,0.1812,1,0.19,0.1751,0.0,0.0,0.0,0.0,342
2023-05-11 09:42:54,OP90002119,深证100ETF沽12月2950,0.0,0.0,0.0,0.0,50,0.1778,0.1811,1,0.19,0.1751,0.0,0.0,0.0,0.0,342
2023-05-11 09:42:55,OP90002119,深证100ETF沽12月2950,0.0,0.0,0.0,0.0,50,0.1778,0.1811,1,0.19,0.1751,0.0,0.0,0.0,0.0,342
2023-05-11 09:42:56,OP90002119,深证100ETF沽12月2950,0.0,0.0,0.0,0.0,50,0.1778,0.1811,1,0.19,0.1751,0.0,0.0,0.0,0.0,342
2023-05-11 09:42:56,OP90002119,深证100ETF沽12月2950,0.0,0.0,0.0,0.0,50,0.1778,0.1811,1,0.19,0.1751,0.0,0.0,0.0,0.0,342
2023-05-11 09:42:57,OP90002119,深证100ETF沽12月2950,0.0,0.0,0.0,0.0,50,0.1778,0.1811,1,0.19,0.1751,0.0,0.0,0.0,0.0,342
2023-05-11 09:42:57,OP90002119,深证100ETF沽12月2950,0.0,0.0,0.0,0.0,50,0.1778,0.1811,1,0.19,0.1751,0.0,0.0,0.0,0.0,342
2023-05-11 09:42:58,OP90002119,深证100ETF沽12月2950,0.0,0.0,0.0,0.0,50,0.1778,0.1811,1,0.19,0.1751,0.0,0.0,0.0,0.0,342
2023-05-11 09:42:58,OP90002119,深证100ETF沽12月2950,0.0,0.0,0.0,0.0,30,0.1778,0.1811,1,0.19,0.1751,0.0,0.0,0.0,0.0,342
2023-05-11 09:42:59,OP90002119,深证100ETF沽12月2950,0.0,0.0,0.0,0.0,30,0.1778,0.1811,1,0.19,0.1751,0.0,0.0,0.0,0.0,342
2023-05-11 09:43:00,OP90002119,深证100ETF沽12月2950,0.0,0.0,0.0,0.0,50,0.1778,0.1811,1,0.19,0.1751,0.0,0.0,0.0,0.0,342
2023-05-11 09:43:00,OP90002119,深证100ETF沽12月2950,0.0,0.0,0.0,0.0,30,0.1778,0.1811,1,0.19,0.1751,0.0,0.0,0.0,0.0,342
2023-05-11 09:43:01,OP90002119,深证100ETF沽12月2950,0.0,0.0,0.0,0.0,50,0.1778,0.1811,1,0.19,0.1751,0.0,0.0,0.0,0.0,342
2023-05-11 09:43:02,OP90002119,深证100ETF沽12月2950,0.0,0.0,0.0,0.0,50,0.1778,0.1811,1,0.19,0.1751,0.0,0.0,0.0,0.0,342
2023-05-11 09:43:02,OP90002119,深证100ETF沽12月2950,0.0,0.0,0.0,0.0,30,0.1778,0.1811,1,0.19,0.1751,0.0,0.0,0.0,0.0,342
2023-05-11 09:43:03,OP90002119,深证100ETF沽12月2950,0.0,0.0,0.0,0.0,50,0.1778,0.1811,1,0.19,0.1751,0.0,0.0,0.0,0.0,342
2023-05-11 09:43:04,OP90002119,深证100ETF沽12月2950,0.0,0.0,0.0,0.0,50,0.1778,0.181,1,0.19,0.1751,0.0,0.0,0.0,0.0,342
2023-05-11 09:43:05,OP90002119,深证100ETF沽12月2950,0.0,0.0,0.0,0.0,30,0.1778,0.181,1,0.19,0.1751,0.0,0.0,0.0,0.0,342
2023-05-11 09:43:06,OP90002119,深证100ETF沽12月2950,0.0,0.0,0.0,0.0,30,0.1778,0.181,1,0.19,0.1751,0.0,0.0,0.0,0.0,342
2023-05-11 09:43:07,OP90002119,深证100ETF沽12月2950,0.0,0.0,0.0,0.0,50,0.1778,0.181,1,0.19,0.1751,0.0,0.0,0.0,0.0,342
2023-05-11 09:43:07,OP90002119,深证100ETF沽12月2950,0.0,0.0,0.0,0.0,50,0.1778,0.181,1,0.19,0.1751,0.0,0.0,0.0,0.0,342
2023-05-11 09:43:08,OP90002119,深证100ETF沽12月2950,0.0,0.0,0.0,0.0,30,0.1778,0.181,1,0.19,0.1751,0.0,0.0,0.0,0.0,342
2023-05-11 09:43:08,OP90002119,深证100ETF沽12月2950,0.0,0.0,0.0,0.0,50,0.1778,0.181,1,0.19,0.1751,0.0,0.0,0.0,0.0,342
2023-05-11 09:43:11,OP90002119,深证100ETF沽12月2950,0.0,0.0,0.0,0.0,70,0.1778,0.181,1,0.19,0.1751,0.0,0.0,0.0,0.0,342
2023-05-11 09:43:13,OP90002119,深证100ETF沽12月2950,0.0,0.0,0.0,0.0,70,0.1778,0.181,1,0.19,0.1751,0.0,0.0,0.0,0.0,342
2023-05-11 09:43:14,OP90002119,深证100ETF沽12月2950,0.0,0.0,0.0,0.0,50,0.1778,0.181,1,0.19,0.1751,0.0,0.0,0.0,0.0,342
2023-05-11 09:43:14,OP90002119,深证100ETF沽12月2950,0.0,0.0,0.0,0.0,70,0.1778,0.181,1,0.19,0.1751,0.0,0.0,0.0,0.0,342
2023-05-11 09:43:15,OP90002119,深证100ETF沽12月2950,0.0,0.0,0.0,0.0,70,0.1778,0.181,1,0.19,0.1751,0.0,0.0,0.0,0.0,342
2023-05-11 09:43:15,OP90002119,深证100ETF沽12月2950,0.0,0.0,0.0,0.0,70,0.1778,0.181,1,0.19,0.1751,0.0,0.0,0.0,0.0,342
2023-05-11 09:43:16,OP90002119,深证100ETF沽12月2950,0.0,0.0,0.0,0.0,70,0.1778,0.181,1,0.19,0.1751,0.0,0.0,0.0,0.0,342
2023-05-11 09:43:17,OP90002119,深证100ETF沽12月2950,0.0,0.0,0.0,0.0,70,0.1778,0.1819,40,0.19,0.1751,0.0,0.0,0.0,0.0,342
2023-05-11 09:43:18,OP90002119,深证100ETF沽12月2950,0.0,0.0,0.0,0.0,70,0.1778,0.1819,41,0.19,0.1751,0.0,0.0,0.0,0.0,342
2023-05-11 09:43:19,OP90002119,深证100ETF沽12月2950,0.0,0.0,0.0,0.0,70,0.1778,0.1819,41,0.19,0.1751,0.0,0.0,0.0,0.0,342
2023-05-11 09:43:21,OP90002119,深证100ETF沽12月2950,0.0,0.0,0.0,0.0,70,0.1778,0.1819,41,0.19,0.1751,0.0,0.0,0.0,0.0,342
2023-05-11 09:43:24,OP90002119,深证100ETF沽12月2950,0.0,0.0,0.0,0.0,70,0.1778,0.1819,21,0.19,0.1751,0.0,0.0,0.0,0.0,342
2023-05-11 09:43:28,OP90002119,深证100ETF沽12月2950,0.0,0.0,0.0,0.0,70,0.1778,0.1818,1,0.19,0.1751,0.0,0.0,0.0,0.0,342
2023-05-11 09:43:38,OP90002119,深证100ETF沽12月2950,0.0,0.0,0.0,0.0,70,0.1778,0.1817,1,0.19,0.1751,0.0,0.0,0.0,0.0,342
2023-05-11 09:43:40,OP90002119,深证100ETF沽12月2950,0.0,0.0,0.0,0.0,70,0.1778,0.1817,1,0.19,0.1751,0.0,0.0,0.0,0.0,342
2023-05-11 09:43:59,OP90002119,深证100ETF沽12月2950,0.0,0.0,0.0,0.0,70,0.1778,0.1819,20,0.19,0.1751,0.0,0.0,0.0,0.0,342
2023-05-11 09:43:59,OP90002119,深证100ETF沽12月2950,0.0,0.0,0.0,0.0,20,0.1779,0.182,50,0.19,0.1751,0.0,0.0,0.0,0.0,342
2023-05-11 09:44:00,OP90002119,深证100ETF沽12月2950,0.0,0.0,0.0,0.0,30,0.1779,0.182,10,0.19,0.1751,0.0,0.0,0.0,0.0,342
2023-05-11 09:44:00,OP90002119,深证100ETF沽12月2950,0.0,0.0,0.0,0.0,30,0.1779,0.1821,20,0.19,0.1751,0.0,0.0,0.0,0.0,342
2023-05-11 09:44:02,OP90002119,深证100ETF沽12月2950,0.0,0.0,0.0,0.0,30,0.1779,0.1821,20,0.19,0.1751,0.0,0.0,0.0,0.0,342
2023-05-11 09:44:05,OP90002119,深证100ETF沽12月2950,0.0,0.0,0.0,0.0,30,0.1779,0.1822,40,0.19,0.1751,0.0,0.0,0.0,0.0,342
2023-05-11 09:44:06,OP90002119,深证100ETF沽12月2950,0.0,0.0,0.0,0.0,30,0.1779,0.1822,20,0.19,0.1751,0.0,0.0,0.0,0.0,342
2023-05-11 09:44:06,OP90002119,深证100ETF沽12月2950,0.0,0.0,0.0,0.0,30,0.1779,0.1822,20,0.19,0.1751,0.0,0.0,0.0,0.0,342
2023-05-11 09:44:07,OP90002119,深证100ETF沽12月2950,0.0,0.0,0.0,0.0,30,0.1779,0.1822,20,0.19,0.1751,0.0,0.0,0.0,0.0,342
2023-05-11 09:44:08,OP90002119,深证100ETF沽12月2950,0.0,0.0,0.0,0.0,30,0.1779,0.1822,20,0.19,0.1751,0.0,0.0,0.0,0.0,342
2023-05-11 09:44:09,OP90002119,深证100ETF沽12月2950,0.0,0.0,0.0,0.0,30,0.1779,0.1822,20,0.19,0.1751,0.0,0.0,0.0,0.0,342
2023-05-11 09:44:17,OP90002119,深证100ETF沽12月2950,0.0,0.0,0.0,0.0,30,0.1779,0.1822,20,0.19,0.1751,0.0,0.0,0.0,0.0,342
2023-05-11 09:44:18,OP90002119,深证100ETF沽12月2950,0.0,0.0,0.0,0.0,30,0.1779,0.1822,20,0.19,0.1751,0.0,0.0,0.0,0.0,342
2023-05-11 09:44:26,OP90002119,深证100ETF沽12月2950,0.0,0.0,0.0,0.0,30,0.1779,0.1822,20,0.19,0.1751,0.0,0.0,0.0,0.0,342
2023-05-11 09:44:29,OP90002119,深证100ETF沽12月2950,0.0,0.0,0.0,0.0,30,0.1779,0.1822,20,0.19,0.1751,0.0,0.0,0.0,0.0,342
2023-05-11 09:44:33,OP90002119,深证100ETF沽12月2950,0.0,0.0,0.0,0.0,30,0.1779,0.1822,20,0.19,0.1751,0.0,0.0,0.0,0.0,342
2023-05-11 09:44:35,OP90002119,深证100ETF沽12月2950,0.0,0.0,0.0,0.0,30,0.1779,0.1822,20,0.19,0.1751,0.0,0.0,0.0,0.0,342
2023-05-11 09:44:37,OP90002119,深证100ETF沽12月2950,0.0,0.0,0.0,0.0,30,0.1779,0.1822,20,0.19,0.1751,0.0,0.0,0.0,0.0,342
2023-05-11 09:44:39,OP90002119,深证100ETF沽12月2950,0.0,0.0,0.0,0.0,30,0.1779,0.1822,20,0.19,0.1751,0.0,0.0,0.0,0.0,342
2023-05-11 09:44:43,OP90002119,深证100ETF沽12月2950,0.0,0.0,0.0,0.0,30,0.1779,0.1822,20,0.19,0.1751,0.0,0.0,0.0,0.0,342
2023-05-11 09:44:47,OP90002119,深证100ETF沽12月2950,0.0,0.0,0.0,0.0,30,0.1779,0.1822,20,0.19,0.1751,0.0,0.0,0.0,0.0,342
2023-05-11 09:44:49,OP90002119,深证100ETF沽12月2950,0.0,0.0,0.0,0.0,40,0.1779,0.1822,20,0.19,0.1751,0.0,0.0,0.0,0.0,342
2023-05-11 09:44:50,OP90002119,深证100ETF沽12月2950,0.0,0.0,0.0,0.0,30,0.1779,0.1822,20,0.19,0.1751,0.0,0.0,0.0,0.0,342
2023-05-11 09:44:50,OP90002119,深证100ETF沽12月2950,0.0,0.0,0.0,0.0,10,0.1782,0.1822,20,0.19,0.1751,0.0,0.0,0.0,0.0,342
2023-05-11 09:44:51,OP90002119,深证100ETF沽12月2950,0.0,0.0,0.0,0.0,10,0.1782,0.1822,20,0.19,0.1751,0.0,0.0,0.0,0.0,342
2023-05-11 09:44:51,OP90002119,深证100ETF沽12月2950,0.0,0.0,0.0,0.0,10,0.1782,0.1822,20,0.19,0.1751,0.0,0.0,0.0,0.0,342
2023-05-11 09:44:52,OP90002119,深证100ETF沽12月2950,0.0,0.0,0.0,0.0,20,0.1782,0.1822,20,0.19,0.1751,0.0,0.0,0.0,0.0,342
2023-05-11 09:44:53,OP90002119,深证100ETF沽12月2950,0.0,0.0,0.0,0.0,40,0.1782,0.1822,20,0.19,0.1751,0.0,0.0,0.0,0.0,342
2023-05-11 09:44:53,OP90002119,深证100ETF沽12月2950,0.0,0.0,0.0,0.0,60,0.1782,0.1822,20,0.19,0.1751,0.0,0.0,0.0,0.0,342
2023-05-11 09:44:54,OP90002119,深证100ETF沽12月2950,0.0,0.0,0.0,0.0,60,0.1782,0.1822,20,0.19,0.1751,0.0,0.0,0.0,0.0,342
2023-05-11 09:44:56,OP90002119,深证100ETF沽12月2950,0.0,0.0,0.0,0.0,50,0.1782,0.1822,20,0.19,0.1751,0.0,0.0,0.0,0.0,342
2023-05-11 09:44:57,OP90002119,深证100ETF沽12月2950,0.0,0.0,0.0,0.0,50,0.1782,0.1822,20,0.19,0.1751,0.0,0.0,0.0,0.0,342
2023-05-11 09:44:58,OP90002119,深证100ETF沽12月2950,0.0,0.0,0.0,0.0,10,0.1784,0.1822,20,0.19,0.1751,0.0,0.0,0.0,0.0,342
2023-05-11 09:44:58,OP90002119,深证100ETF沽12月2950,0.0,0.0,0.0,0.0,40,0.1784,0.1823,21,0.19,0.1751,0.0,0.0,0.0,0.0,342
2023-05-11 09:44:59,OP90002119,深证100ETF沽12月2950,0.0,0.0,0.0,0.0,40,0.1784,0.1823,21,0.19,0.1751,0.0,0.0,0.0,0.0,342
2023-05-11 09:44:59,OP90002119,深证100ETF沽12月2950,0.0,0.0,0.0,0.0,40,0.1784,0.1822,1,0.19,0.1751,0.0,0.0,0.0,0.0,342
2023-05-11 09:45:00,OP90002119,深证100ETF沽12月2950,0.0,0.0,0.0,0.0,30,0.1784,0.1822,1,0.19,0.1751,0.0,0.0,0.0,0.0,342
2023-05-11 09:45:00,OP90002119,深证100ETF沽12月2950,0.0,0.0,0.0,0.0,40,0.1784,0.1822,1,0.19,0.1751,0.0,0.0,0.0,0.0,342
2023-05-11 09:45:02,OP90002119,深证100ETF沽12月2950,0.0,0.0,0.0,0.0,30,0.1784,0.1822,1,0.19,0.1751,0.0,0.0,0.0,0.0,342
2023-05-11 09:45:02,OP90002119,深证100ETF沽12月2950,0.0,0.0,0.0,0.0,30,0.1784,0.1822,1,0.19,0.1751,0.0,0.0,0.0,0.0,342
2023-05-11 09:45:03,OP90002119,深证100ETF沽12月2950,0.0,0.0,0.0,0.0,30,0.1784,0.1822,1,0.19,0.1751,0.0,0.0,0.0,0.0,342
2023-05-11 09:45:04,OP90002119,深证100ETF沽12月2950,0.0,0.0,0.0,0.0,10,0.1786,0.1822,1,0.19,0.1751,0.0,0.0,0.0,0.0,342
2023-05-11 09:45:04,OP90002119,深证100ETF沽12月2950,0.0,0.0,0.0,0.0,10,0.1786,0.1822,1,0.19,0.1751,0.0,0.0,0.0,0.0,342
2023-05-11 09:45:05,OP90002119,深证100ETF沽12月2950,0.0,0.0,0.0,0.0,10,0.1786,0.1822,1,0.19,0.1751,0.0,0.0,0.0,0.0,342
2023-05-11 09:45:05,OP90002119,深证100ETF沽12月2950,0.0,0.0,0.0,0.0,10,0.1786,0.1822,1,0.19,0.1751,0.0,0.0,0.0,0.0,342
2023-05-11 09:45:06,OP90002119,深证100ETF沽12月2950,0.0,0.0,0.0,0.0,10,0.1786,0.1822,1,0.19,0.1751,0.0,0.0,0.0,0.0,342
2023-05-11 09:45:06,OP90002119,深证100ETF沽12月2950,0.0,0.0,0.0,0.0,30,0.1786,0.1822,1,0.19,0.1751,0.0,0.0,0.0,0.0,342
2023-05-11 09:45:07,OP90002119,深证100ETF沽12月2950,0.0,0.0,0.0,0.0,30,0.1786,0.1822,1,0.19,0.1751,0.0,0.0,0.0,0.0,342
2023-05-11 09:45:10,OP90002119,深证100ETF沽12月2950,0.0,0.0,0.0,0.0,20,0.1786,0.1822,1,0.19,0.1751,0.0,0.0,0.0,0.0,342
2023-05-11 09:45:13,OP90002119,深证100ETF沽12月2950,0.0,0.0,0.0,0.0,20,0.1786,0.1822,1,0.19,0.1751,0.0,0.0,0.0,0.0,342
2023-05-11 09:45:14,OP90002119,深证100ETF沽12月2950,0.0,0.0,0.0,0.0,20,0.1786,0.1822,1,0.19,0.1751,0.0,0.0,0.0,0.0,342
2023-05-11 09:45:15,OP90002119,深证100ETF沽12月2950,0.0,0.0,0.0,0.0,20,0.1786,0.1822,1,0.19,0.1751,0.0,0.0,0.0,0.0,342
2023-05-11 09:45:16,OP90002119,深证100ETF沽12月2950,0.0,0.0,0.0,0.0,20,0.1786,0.1822,1,0.19,0.1751,0.0,0.0,0.0,0.0,342
2023-05-11 09:45:17,OP90002119,深证100ETF沽12月2950,0.0,0.0,0.0,0.0,20,0.1786,0.1821,1,0.19,0.1751,0.0,0.0,0.0,0.0,342
2023-05-11 09:45:20,OP90002119,深证100ETF沽12月2950,0.0,0.0,0.0,0.0,20,0.1786,0.1821,1,0.19,0.1751,0.0,0.0,0.0,0.0,342
2023-05-11 09:45:21,OP90002119,深证100ETF沽12月2950,0.0,0.0,0.0,0.0,20,0.1786,0.1821,1,0.19,0.1751,0.0,0.0,0.0,0.0,342
2023-05-11 09:45:22,OP90002119,深证100ETF沽12月2950,0.0,0.0,0.0,0.0,20,0.1786,0.1821,1,0.19,0.1751,0.0,0.0,0.0,0.0,342
2023-05-11 09:45:26,OP90002119,深证100ETF沽12月2950,0.0,0.0,0.0,0.0,20,0.1786,0.1821,1,0.19,0.1751,0.0,0.0,0.0,0.0,342
2023-05-11 09:45:27,OP90002119,深证100ETF沽12月2950,0.0,0.0,0.0,0.0,20,0.1786,0.1821,1,0.19,0.1751,0.0,0.0,0.0,0.0,342
2023-05-11 09:45:28,OP90002119,深证100ETF沽12月2950,0.0,0.0,0.0,0.0,20,0.1786,0.1821,1,0.19,0.1751,0.0,0.0,0.0,0.0,342
2023-05-11 09:45:29,OP90002119,深证100ETF沽12月2950,0.0,0.0,0.0,0.0,20,0.1786,0.1821,1,0.19,0.1751,0.0,0.0,0.0,0.0,342
2023-05-11 09:45:29,OP90002119,深证100ETF沽12月2950,0.0,0.0,0.0,0.0,30,0.1786,0.1821,1,0.19,0.1751,0.0,0.0,0.0,0.0,342
2023-05-11 09:45:30,OP90002119,深证100ETF沽12月2950,0.0,0.0,0.0,0.0,20,0.1786,0.1821,11,0.19,0.1751,0.0,0.0,0.0,0.0,342
2023-05-11 09:45:30,OP90002119,深证100ETF沽12月2950,0.0,0.0,0.0,0.0,20,0.1786,0.1821,1,0.19,0.1751,0.0,0.0,0.0,0.0,342
2023-05-11 09:45:32,OP90002119,深证100ETF沽12月2950,0.0,0.0,0.0,0.0,20,0.1786,0.1821,1,0.19,0.1751,0.0,0.0,0.0,0.0,342
2023-05-11 09:45:39,OP90002119,深证100ETF沽12月2950,0.0,0.0,0.0,0.0,20,0.1786,0.1821,1,0.19,0.1751,0.0,0.0,0.0,0.0,342
2023-05-11 09:45:41,OP90002119,深证100ETF沽12月2950,0.0,0.0,0.0,0.0,40,0.1786,0.1821,1,0.19,0.1751,0.0,0.0,0.0,0.0,342
2023-05-11 09:45:43,OP90002119,深证100ETF沽12月2950,0.0,0.0,0.0,0.0,40,0.1786,0.1821,11,0.19,0.1751,0.0,0.0,0.0,0.0,342
2023-05-11 09:45:44,OP90002119,深证100ETF沽12月2950,0.0,0.0,0.0,0.0,40,0.1786,0.1821,11,0.19,0.1751,0.0,0.0,0.0,0.0,342
2023-05-11 09:45:44,OP90002119,深证100ETF沽12月2950,0.0,0.0,0.0,0.0,40,0.1786,0.1821,11,0.19,0.1751,0.0,0.0,0.0,0.0,342
2023-05-11 09:45:46,OP90002119,深证100ETF沽12月2950,0.0,0.0,0.0,0.0,40,0.1786,0.1821,11,0.19,0.1751,0.0,0.0,0.0,0.0,342
2023-05-11 09:45:46,OP90002119,深证100ETF沽12月2950,0.0,0.0,0.0,0.0,40,0.1786,0.1821,11,0.19,0.1751,0.0,0.0,0.0,0.0,342
2023-05-11 09:45:53,OP90002119,深证100ETF沽12月2950,0.0,0.0,0.0,0.0,40,0.1786,0.1821,11,0.19,0.1751,0.0,0.0,0.0,0.0,342
2023-05-11 09:45:54,OP90002119,深证100ETF沽12月2950,0.0,0.0,0.0,0.0,40,0.1786,0.1821,11,0.19,0.1751,0.0,0.0,0.0,0.0,342
2023-05-11 09:45:55,OP90002119,深证100ETF沽12月2950,0.0,0.0,0.0,0.0,40,0.1786,0.1821,11,0.19,0.1751,0.0,0.0,0.0,0.0,342
2023-05-11 09:45:57,OP90002119,深证100ETF沽12月2950,0.0,0.0,0.0,0.0,20,0.1786,0.1821,11,0.19,0.1751,0.0,0.0,0.0,0.0,342
2023-05-11 09:45:57,OP90002119,深证100ETF沽12月2950,0.0,0.0,0.0,0.0,10,0.1784,0.1821,31,0.19,0.1751,0.0,0.0,0.0,0.0,342
2023-05-11 09:45:58,OP90002119,深证100ETF沽12月2950,0.0,0.0,0.0,0.0,10,0.1784,0.1821,31,0.19,0.1751,0.0,0.0,0.0,0.0,342
2023-05-11 09:45:58,OP90002119,深证100ETF沽12月2950,0.0,0.0,0.0,0.0,60,0.1782,0.1821,31,0.19,0.1751,0.0,0.0,0.0,0.0,342
2023-05-11 09:45:59,OP90002119,深证100ETF沽12月2950,0.0,0.0,0.0,0.0,50,0.1782,0.1821,31,0.19,0.1751,0.0,0.0,0.0,0.0,342
2023-05-11 09:46:02,OP90002119,深证100ETF沽12月2950,0.0,0.0,0.0,0.0,50,0.1782,0.1821,51,0.19,0.1751,0.0,0.0,0.0,0.0,342
2023-05-11 09:46:03,OP90002119,深证100ETF沽12月2950,0.0,0.0,0.0,0.0,40,0.1782,0.1821,51,0.19,0.1751,0.0,0.0,0.0,0.0,342
2023-05-11 09:46:03,OP90002119,深证100ETF沽12月2950,0.0,0.0,0.0,0.0,10,0.1784,0.1821,71,0.19,0.1751,0.0,0.0,0.0,0.0,342
2023-05-11 09:46:04,OP90002119,深证100ETF沽12月2950,0.0,0.0,0.0,0.0,40,0.1782,0.1821,71,0.19,0.1751,0.0,0.0,0.0,0.0,342
2023-05-11 09:46:04,OP90002119,深证100ETF沽12月2950,0.0,0.0,0.0,0.0,10,0.1787,0.1821,71,0.19,0.1751,0.0,0.0,0.0,0.0,342
2023-05-11 09:46:05,OP90002119,深证100ETF沽12月2950,0.0,0.0,0.0,0.0,20,0.1787,0.1821,51,0.19,0.1751,0.0,0.0,0.0,0.0,342
2023-05-11 09:46:05,OP90002119,深证100ETF沽12月2950,0.0,0.0,0.0,0.0,10,0.1783,0.1821,31,0.19,0.1751,0.0,0.0,0.0,0.0,342
2023-05-11 09:46:06,OP90002119,深证100ETF沽12月2950,0.0,0.0,0.0,0.0,40,0.1782,0.1821,11,0.19,0.1751,0.0,0.0,0.0,0.0,342
2023-05-11 09:46:06,OP90002119,深证100ETF沽12月2950,0.0,0.0,0.0,0.0,10,0.1787,0.1821,11,0.19,0.1751,0.0,0.0,0.0,0.0,342
2023-05-11 09:46:07,OP90002119,深证100ETF沽12月2950,0.0,0.0,0.0,0.0,30,0.1787,0.1821,31,0.19,0.1751,0.0,0.0,0.0,0.0,342
2023-05-11 09:46:07,OP90002119,深证100ETF沽12月2950,0.0,0.0,0.0,0.0,20,0.1787,0.1821,31,0.19,0.1751,0.0,0.0,0.0,0.0,342
2023-05-11 09:46:08,OP90002119,深证100ETF沽12月2950,0.0,0.0,0.0,0.0,10,0.1788,0.1821,11,0.19,0.1751,0.0,0.0,0.0,0.0,342
2023-05-11 09:46:08,OP90002119,深证100ETF沽12月2950,0.0,0.0,0.0,0.0,20,0.1788,0.1821,11,0.19,0.1751,0.0,0.0,0.0,0.0,342
2023-05-11 09:46:09,OP90002119,深证100ETF沽12月2950,0.0,0.0,0.0,0.0,10,0.1787,0.1821,11,0.19,0.1751,0.0,0.0,0.0,0.0,342
2023-05-11 09:46:09,OP90002119,深证100ETF沽12月2950,0.0,0.0,0.0,0.0,30,0.1787,0.1821,11,0.19,0.1751,0.0,0.0,0.0,0.0,342
2023-05-11 09:46:12,OP90002119,深证100ETF沽12月2950,0.0,0.0,0.0,0.0,20,0.1787,0.1821,11,0.19,0.1751,0.0,0.0,0.0,0.0,342
2023-05-11 09:46:13,OP90002119,深证100ETF沽12月2950,0.0,0.0,0.0,0.0,50,0.1782,0.1821,31,0.19,0.1751,0.0,0.0,0.0,0.0,342
2023-05-11 09:46:13,OP90002119,深证100ETF沽12月2950,0.0,0.0,0.0,0.0,50,0.1782,0.1821,31,0.19,0.1751,0.0,0.0,0.0,0.0,342
2023-05-11 09:46:14,OP90002119,深证100ETF沽12月2950,0.0,0.0,0.0,0.0,40,0.1782,0.1821,31,0.19,0.1751,0.0,0.0,0.0,0.0,342
2023-05-11 09:46:14,OP90002119,深证100ETF沽12月2950,0.0,0.0,0.0,0.0,40,0.1782,0.1821,31,0.19,0.1751,0.0,0.0,0.0,0.0,342
2023-05-11 09:46:15,OP90002119,深证100ETF沽12月2950,0.0,0.0,0.0,0.0,40,0.1782,0.1821,31,0.19,0.1751,0.0,0.0,0.0,0.0,342
2023-05-11 09:46:15,OP90002119,深证100ETF沽12月2950,0.0,0.0,0.0,0.0,40,0.1782,0.1821,31,0.19,0.1751,0.0,0.0,0.0,0.0,342
2023-05-11 09:46:16,OP90002119,深证100ETF沽12月2950,0.0,0.0,0.0,0.0,40,0.1782,0.1821,31,0.19,0.1751,0.0,0.0,0.0,0.0,342
2023-05-11 09:46:17,OP90002119,深证100ETF沽12月2950,0.0,0.0,0.0,0.0,40,0.1782,0.1821,31,0.19,0.1751,0.0,0.0,0.0,0.0,342
2023-05-11 09:46:19,OP90002119,深证100ETF沽12月2950,0.0,0.0,0.0,0.0,40,0.1782,0.1821,31,0.19,0.1751,0.0,0.0,0.0,0.0,342
2023-05-11 09:46:19,OP90002119,深证100ETF沽12月2950,0.0,0.0,0.0,0.0,20,0.1782,0.1821,31,0.19,0.1751,0.0,0.0,0.0,0.0,342
2023-05-11 09:46:20,OP90002119,深证100ETF沽12月2950,0.0,0.0,0.0,0.0,20,0.1782,0.1821,31,0.19,0.1751,0.0,0.0,0.0,0.0,342
2023-05-11 09:46:22,OP90002119,深证100ETF沽12月2950,0.0,0.0,0.0,0.0,20,0.1782,0.1821,31,0.19,0.1751,0.0,0.0,0.0,0.0,342
2023-05-11 09:46:23,OP90002119,深证100ETF沽12月2950,0.0,0.0,0.0,0.0,20,0.1782,0.182,1,0.19,0.1751,0.0,0.0,0.0,0.0,342
2023-05-11 09:46:24,OP90002119,深证100ETF沽12月2950,0.0,0.0,0.0,0.0,20,0.1782,0.182,11,0.19,0.1751,0.0,0.0,0.0,0.0,342
2023-05-11 09:46:24,OP90002119,深证100ETF沽12月2950,0.0,0.0,0.0,0.0,70,0.1779,0.182,31,0.19,0.1751,0.0,0.0,0.0,0.0,342
2023-05-11 09:46:25,OP90002119,深证100ETF沽12月2950,0.0,0.0,0.0,0.0,70,0.1779,0.182,31,0.19,0.1751,0.0,0.0,0.0,0.0,342
2023-05-11 09:46:25,OP90002119,深证100ETF沽12月2950,0.0,0.0,0.0,0.0,60,0.1779,0.182,31,0.19,0.1751,0.0,0.0,0.0,0.0,342
2023-05-11 09:46:26,OP90002119,深证100ETF沽12月2950,0.0,0.0,0.0,0.0,40,0.1779,0.182,31,0.19,0.1751,0.0,0.0,0.0,0.0,342
2023-05-11 09:46:27,OP90002119,深证100ETF沽12月2950,0.0,0.0,0.0,0.0,40,0.1779,0.182,31,0.19,0.1751,0.0,0.0,0.0,0.0,342
2023-05-11 09:46:33,OP90002119,深证100ETF沽12月2950,0.0,0.0,0.0,0.0,10,0.1782,0.182,31,0.19,0.1751,0.0,0.0,0.0,0.0,342
2023-05-11 09:46:33,OP90002119,深证100ETF沽12月2950,0.0,0.0,0.0,0.0,10,0.1782,0.182,31,0.19,0.1751,0.0,0.0,0.0,0.0,342
2023-05-11 09:46:35,OP90002119,深证100ETF沽12月2950,0.0,0.0,0.0,0.0,40,0.1779,0.182,31,0.19,0.1751,0.0,0.0,0.0,0.0,342
2023-05-11 09:46:36,OP90002119,深证100ETF沽12月2950,0.0,0.0,0.0,0.0,40,0.1779,0.182,31,0.19,0.1751,0.0,0.0,0.0,0.0,342
2023-05-11 09:46:39,OP90002119,深证100ETF沽12月2950,0.0,0.0,0.0,0.0,40,0.1779,0.182,31,0.19,0.1751,0.0,0.0,0.0,0.0,342
2023-05-11 09:46:46,OP90002119,深证100ETF沽12月2950,0.0,0.0,0.0,0.0,40,0.1779,0.182,31,0.19,0.1751,0.0,0.0,0.0,0.0,342
2023-05-11 09:46:52,OP90002119,深证100ETF沽12月2950,0.0,0.0,0.0,0.0,20,0.1789,0.182,31,0.19,0.1751,0.0,0.0,0.0,0.0,342
2023-05-11 09:46:52,OP90002119,深证100ETF沽12月2950,0.0,0.0,0.0,0.0,40,0.1789,0.182,31,0.19,0.1751,0.0,0.0,0.0,0.0,342
2023-05-11 09:46:53,OP90002119,深证100ETF沽12月2950,0.0,0.0,0.0,0.0,40,0.1789,0.182,31,0.19,0.1751,0.0,0.0,0.0,0.0,342
2023-05-11 09:46:53,OP90002119,深证100ETF沽12月2950,0.0,0.0,0.0,0.0,40,0.1789,0.182,30,0.19,0.1751,0.0,0.0,0.0,0.0,342
2023-05-11 09:46:54,OP90002119,深证100ETF沽12月2950,0.0,0.0,0.0,0.0,40,0.1789,0.182,30,0.19,0.1751,0.0,0.0,0.0,0.0,342
2023-05-11 09:46:56,OP90002119,深证100ETF沽12月2950,0.0,0.0,0.0,0.0,40,0.1789,0.182,30,0.19,0.1751,0.0,0.0,0.0,0.0,342
2023-05-11 09:47:03,OP90002119,深证100ETF沽12月2950,0.0,0.0,0.0,0.0,40,0.1789,0.182,30,0.19,0.1751,0.0,0.0,0.0,0.0,342
2023-05-11 09:47:03,OP90002119,深证100ETF沽12月2950,0.0,0.0,0.0,0.0,40,0.1789,0.182,30,0.19,0.1751,0.0,0.0,0.0,0.0,342
2023-05-11 09:47:05,OP90002119,深证100ETF沽12月2950,0.0,0.0,0.0,0.0,40,0.1789,0.182,30,0.19,0.1751,0.0,0.0,0.0,0.0,342
2023-05-11 09:47:05,OP90002119,深证100ETF沽12月2950,0.0,0.0,0.0,0.0,40,0.1789,0.182,30,0.19,0.1751,0.0,0.0,0.0,0.0,342
2023-05-11 09:47:07,OP90002119,深证100ETF沽12月2950,0.0,0.0,0.0,0.0,40,0.1789,0.182,30,0.19,0.1751,0.0,0.0,0.0,0.0,342
2023-05-11 09:47:07,OP90002119,深证100ETF沽12月2950,0.0,0.0,0.0,0.0,40,0.1789,0.182,30,0.19,0.1751,0.0,0.0,0.0,0.0,342
2023-05-11 09:47:15,OP90002119,深证100ETF沽12月2950,0.0,0.0,0.0,0.0,40,0.1789,0.182,30,0.19,0.1751,0.0,0.0,0.0,0.0,342
2023-05-11 09:47:26,OP90002119,深证100ETF沽12月2950,0.0,0.0,0.0,0.0,40,0.1789,0.182,30,0.19,0.1751,0.0,0.0,0.0,0.0,342
2023-05-11 09:47:26,OP90002119,深证100ETF沽12月2950,0.0,0.0,0.0,0.0,40,0.1789,0.182,30,0.19,0.1751,0.0,0.0,0.0,0.0,342
2023-05-11 09:47:27,OP90002119,深证100ETF沽12月2950,0.0,0.0,0.0,0.0,20,0.1789,0.182,30,0.19,0.1751,0.0,0.0,0.0,0.0,342
2023-05-11 09:47:27,OP90002119,深证100ETF沽12月2950,0.0,0.0,0.0,0.0,20,0.1788,0.182,30,0.19,0.1751,0.0,0.0,0.0,0.0,342
2023-05-11 09:47:28,OP90002119,深证100ETF沽12月2950,0.0,0.0,0.0,0.0,20,0.1788,0.182,30,0.19,0.1751,0.0,0.0,0.0,0.0,342
2023-05-11 09:47:28,OP90002119,深证100ETF沽12月2950,0.0,0.0,0.0,0.0,20,0.1788,0.182,30,0.19,0.1751,0.0,0.0,0.0,0.0,342
2023-05-11 09:47:29,OP90002119,深证100ETF沽12月2950,0.0,0.0,0.0,0.0,70,0.1782,0.182,30,0.19,0.1751,0.0,0.0,0.0,0.0,342
2023-05-11 09:47:29,OP90002119,深证100ETF沽12月2950,0.0,0.0,0.0,0.0,40,0.1782,0.182,30,0.19,0.1751,0.0,0.0,0.0,0.0,342
2023-05-11 09:47:30,OP90002119,深证100ETF沽12月2950,0.0,0.0,0.0,0.0,10,0.1783,0.182,30,0.19,0.1751,0.0,0.0,0.0,0.0,342
2023-05-11 09:47:30,OP90002119,深证100ETF沽12月2950,0.0,0.0,0.0,0.0,20,0.1782,0.182,30,0.19,0.1751,0.0,0.0,0.0,0.0,342
2023-05-11 09:47:31,OP90002119,深证100ETF沽12月2950,0.0,0.0,0.0,0.0,20,0.1782,0.182,30,0.19,0.1751,0.0,0.0,0.0,0.0,342
2023-05-11 09:47:32,OP90002119,深证100ETF沽12月2950,0.0,0.0,0.0,0.0,40,0.1782,0.182,30,0.19,0.1751,0.0,0.0,0.0,0.0,342
2023-05-11 09:47:41,OP90002119,深证100ETF沽12月2950,0.0,0.0,0.0,0.0,40,0.1782,0.182,31,0.19,0.1751,0.0,0.0,0.0,0.0,342
2023-05-11 09:47:44,OP90002119,深证100ETF沽12月2950,0.0,0.0,0.0,0.0,40,0.1782,0.182,31,0.19,0.1751,0.0,0.0,0.0,0.0,342
2023-05-11 09:47:48,OP90002119,深证100ETF沽12月2950,0.0,0.0,0.0,0.0,40,0.1782,0.182,31,0.19,0.1751,0.0,0.0,0.0,0.0,342
2023-05-11 09:47:49,OP90002119,深证100ETF沽12月2950,0.0,0.0,0.0,0.0,40,0.1782,0.182,31,0.19,0.1751,0.0,0.0,0.0,0.0,342
2023-05-11 09:47:53,OP90002119,深证100ETF沽12月2950,0.0,0.0,0.0,0.0,40,0.1782,0.182,31,0.19,0.1751,0.0,0.0,0.0,0.0,342
2023-05-11 09:47:55,OP90002119,深证100ETF沽12月2950,0.0,0.0,0.0,0.0,40,0.1782,0.182,31,0.19,0.1751,0.0,0.0,0.0,0.0,342
2023-05-11 09:47:56,OP90002119,深证100ETF沽12月2950,0.0,0.0,0.0,0.0,40,0.1782,0.182,31,0.19,0.1751,0.0,0.0,0.0,0.0,342
2023-05-11 09:47:57,OP90002119,深证100ETF沽12月2950,0.0,0.0,0.0,0.0,40,0.1782,0.182,31,0.19,0.1751,0.0,0.0,0.0,0.0,342
2023-05-11 09:48:04,OP90002119,深证100ETF沽12月2950,0.0,0.0,0.0,0.0,40,0.1782,0.182,31,0.19,0.1751,0.0,0.0,0.0,0.0,342
2023-05-11 09:48:04,OP90002119,深证100ETF沽12月2950,0.0,0.0,0.0,0.0,40,0.1782,0.182,31,0.19,0.1751,0.0,0.0,0.0,0.0,342
2023-05-11 09:48:06,OP90002119,深证100ETF沽12月2950,0.0,0.0,0.0,0.0,10,0.1784,0.182,31,0.19,0.1751,0.0,0.0,0.0,0.0,342
2023-05-11 09:48:07,OP90002119,深证100ETF沽12月2950,0.0,0.0,0.0,0.0,10,0.1784,0.182,31,0.19,0.1751,0.0,0.0,0.0,0.0,342
2023-05-11 09:48:08,OP90002119,深证100ETF沽12月2950,0.0,0.0,0.0,0.0,40,0.1782,0.182,31,0.19,0.1751,0.0,0.0,0.0,0.0,342
2023-05-11 09:48:09,OP90002119,深证100ETF沽12月2950,0.0,0.0,0.0,0.0,40,0.1782,0.182,31,0.19,0.1751,0.0,0.0,0.0,0.0,342
2023-05-11 09:48:09,OP90002119,深证100ETF沽12月2950,0.0,0.0,0.0,0.0,40,0.1782,0.182,31,0.19,0.1751,0.0,0.0,0.0,0.0,342
2023-05-11 09:48:11,OP90002119,深证100ETF沽12月2950,0.0,0.0,0.0,0.0,10,0.1783,0.182,31,0.19,0.1751,0.0,0.0,0.0,0.0,342
2023-05-11 09:48:12,OP90002119,深证100ETF沽12月2950,0.0,0.0,0.0,0.0,40,0.1782,0.182,31,0.19,0.1751,0.0,0.0,0.0,0.0,342
2023-05-11 09:48:12,OP90002119,深证100ETF沽12月2950,0.0,0.0,0.0,0.0,20,0.1782,0.182,31,0.19,0.1751,0.0,0.0,0.0,0.0,342
2023-05-11 09:48:13,OP90002119,深证100ETF沽12月2950,0.0,0.0,0.0,0.0,30,0.1782,0.182,21,0.19,0.1751,0.0,0.0,0.0,0.0,342
2023-05-11 09:48:14,OP90002119,深证100ETF沽12月2950,0.0,0.0,0.0,0.0,30,0.1782,0.182,21,0.19,0.1751,0.0,0.0,0.0,0.0,342
2023-05-11 09:48:15,OP90002119,深证100ETF沽12月2950,0.0,0.0,0.0,0.0,30,0.1782,0.182,21,0.19,0.1751,0.0,0.0,0.0,0.0,342
2023-05-11 09:48:16,OP90002119,深证100ETF沽12月2950,0.0,0.0,0.0,0.0,30,0.1782,0.182,21,0.19,0.1751,0.0,0.0,0.0,0.0,342
2023-05-11 09:48:26,OP90002119,深证100ETF沽12月2950,0.0,0.0,0.0,0.0,50,0.1782,0.182,21,0.19,0.1751,0.0,0.0,0.0,0.0,342
2023-05-11 09:48:34,OP90002119,深证100ETF沽12月2950,0.0,0.0,0.0,0.0,50,0.1782,0.182,21,0.19,0.1751,0.0,0.0,0.0,0.0,342
2023-05-11 09:48:37,OP90002119,深证100ETF沽12月2950,0.0,0.0,0.0,0.0,50,0.1782,0.182,21,0.19,0.1751,0.0,0.0,0.0,0.0,342
2023-05-11 09:48:38,OP90002119,深证100ETF沽12月2950,0.0,0.0,0.0,0.0,50,0.1782,0.182,21,0.19,0.1751,0.0,0.0,0.0,0.0,342
2023-05-11 09:48:39,OP90002119,深证100ETF沽12月2950,0.0,0.0,0.0,0.0,50,0.1782,0.182,20,0.19,0.1751,0.0,0.0,0.0,0.0,342
2023-05-11 09:48:39,OP90002119,深证100ETF沽12月2950,0.0,0.0,0.0,0.0,50,0.1782,0.1824,70,0.19,0.1751,0.0,0.0,0.0,0.0,342
2023-05-11 09:48:40,OP90002119,深证100ETF沽12月2950,0.0,0.0,0.0,0.0,50,0.1782,0.1824,70,0.19,0.1751,0.0,0.0,0.0,0.0,342
2023-05-11 09:48:41,OP90002119,深证100ETF沽12月2950,0.0,0.0,0.0,0.0,50,0.1782,0.1824,71,0.19,0.1751,0.0,0.0,0.0,0.0,342
2023-05-11 09:48:42,OP90002119,深证100ETF沽12月2950,0.0,0.0,0.0,0.0,50,0.1782,0.1824,71,0.19,0.1751,0.0,0.0,0.0,0.0,342
2023-05-11 09:48:42,OP90002119,深证100ETF沽12月2950,0.0,0.0,0.0,0.0,50,0.1782,0.1824,71,0.19,0.1751,0.0,0.0,0.0,0.0,342
2023-05-11 09:48:43,OP90002119,深证100ETF沽12月2950,0.0,0.0,0.0,0.0,50,0.1782,0.1824,61,0.19,0.1751,0.0,0.0,0.0,0.0,342
2023-05-11 09:48:45,OP90002119,深证100ETF沽12月2950,0.0,0.0,0.0,0.0,50,0.1782,0.1824,61,0.19,0.1751,0.0,0.0,0.0,0.0,342
2023-05-11 09:48:47,OP90002119,深证100ETF沽12月2950,0.0,0.0,0.0,0.0,50,0.1782,0.1824,61,0.19,0.1751,0.0,0.0,0.0,0.0,342
2023-05-11 09:48:51,OP90002119,深证100ETF沽12月2950,0.0,0.0,0.0,0.0,50,0.1782,0.1824,61,0.19,0.1751,0.0,0.0,0.0,0.0,342
2023-05-11 09:48:51,OP90002119,深证100ETF沽12月2950,0.0,0.0,0.0,0.0,50,0.1782,0.1824,71,0.19,0.1751,0.0,0.0,0.0,0.0,342
2023-05-11 09:48:53,OP90002119,深证100ETF沽12月2950,0.0,0.0,0.0,0.0,50,0.1782,0.1823,1,0.19,0.1751,0.0,0.0,0.0,0.0,342
2023-05-11 09:48:56,OP90002119,深证100ETF沽12月2950,0.0,0.0,0.0,0.0,50,0.1782,0.1823,1,0.19,0.1751,0.0,0.0,0.0,0.0,342
2023-05-11 09:48:59,OP90002119,深证100ETF沽12月2950,0.0,0.0,0.0,0.0,50,0.1782,0.1823,1,0.19,0.1751,0.0,0.0,0.0,0.0,342
2023-05-11 09:49:00,OP90002119,深证100ETF沽12月2950,0.0,0.0,0.0,0.0,50,0.1782,0.1823,1,0.19,0.1751,0.0,0.0,0.0,0.0,342
2023-05-11 09:49:01,OP90002119,深证100ETF沽12月2950,0.0,0.0,0.0,0.0,50,0.1782,0.1823,1,0.19,0.1751,0.0,0.0,0.0,0.0,342
2023-05-11 09:49:02,OP90002119,深证100ETF沽12月2950,0.0,0.0,0.0,0.0,50,0.1782,0.1823,1,0.19,0.1751,0.0,0.0,0.0,0.0,342
2023-05-11 09:49:02,OP90002119,深证100ETF沽12月2950,0.0,0.0,0.0,0.0,50,0.1782,0.1823,11,0.19,0.1751,0.0,0.0,0.0,0.0,342
2023-05-11 09:49:03,OP90002119,深证100ETF沽12月2950,0.0,0.0,0.0,0.0,50,0.1782,0.1822,20,0.19,0.1751,0.0,0.0,0.0,0.0,342
2023-05-11 09:49:03,OP90002119,深证100ETF沽12月2950,0.0,0.0,0.0,0.0,50,0.1782,0.1822,31,0.19,0.1751,0.0,0.0,0.0,0.0,342
2023-05-11 09:49:04,OP90002119,深证100ETF沽12月2950,0.0,0.0,0.0,0.0,40,0.1782,0.1822,31,0.19,0.1751,0.0,0.0,0.0,0.0,342
2023-05-11 09:49:05,OP90002119,深证100ETF沽12月2950,0.0,0.0,0.0,0.0,40,0.1782,0.1822,31,0.19,0.1751,0.0,0.0,0.0,0.0,342
2023-05-11 09:49:06,OP90002119,深证100ETF沽12月2950,0.0,0.0,0.0,0.0,40,0.1782,0.1822,31,0.19,0.1751,0.0,0.0,0.0,0.0,342
2023-05-11 09:49:07,OP90002119,深证100ETF沽12月2950,0.0,0.0,0.0,0.0,20,0.1782,0.1822,31,0.19,0.1751,0.0,0.0,0.0,0.0,342
2023-05-11 09:49:07,OP90002119,深证100ETF沽12月2950,0.0,0.0,0.0,0.0,30,0.1782,0.1822,11,0.19,0.1751,0.0,0.0,0.0,0.0,342
2023-05-11 09:49:08,OP90002119,深证100ETF沽12月2950,0.0,0.0,0.0,0.0,30,0.1782,0.1822,11,0.19,0.1751,0.0,0.0,0.0,0.0,342
2023-05-11 09:49:08,OP90002119,深证100ETF沽12月2950,0.0,0.0,0.0,0.0,30,0.1782,0.1822,11,0.19,0.1751,0.0,0.0,0.0,0.0,342
2023-05-11 09:49:09,OP90002119,深证100ETF沽12月2950,0.0,0.0,0.0,0.0,30,0.1782,0.1822,1,0.19,0.1751,0.0,0.0,0.0,0.0,342
2023-05-11 09:49:09,OP90002119,深证100ETF沽12月2950,0.0,0.0,0.0,0.0,30,0.1782,0.1822,1,0.19,0.1751,0.0,0.0,0.0,0.0,342
2023-05-11 09:49:10,OP90002119,深证100ETF沽12月2950,0.0,0.0,0.0,0.0,30,0.1782,0.1822,11,0.19,0.1751,0.0,0.0,0.0,0.0,342
2023-05-11 09:49:10,OP90002119,深证100ETF沽12月2950,0.0,0.0,0.0,0.0,30,0.1782,0.1822,1,0.19,0.1751,0.0,0.0,0.0,0.0,342
2023-05-11 09:49:11,OP90002119,深证100ETF沽12月2950,0.0,0.0,0.0,0.0,30,0.1782,0.1822,1,0.19,0.1751,0.0,0.0,0.0,0.0,342
2023-05-11 09:49:12,OP90002119,深证100ETF沽12月2950,0.0,0.0,0.0,0.0,30,0.1782,0.1822,1,0.19,0.1751,0.0,0.0,0.0,0.0,342
2023-05-11 09:49:13,OP90002119,深证100ETF沽12月2950,0.0,0.0,0.0,0.0,30,0.1782,0.1822,1,0.19,0.1751,0.0,0.0,0.0,0.0,342
2023-05-11 09:49:13,OP90002119,深证100ETF沽12月2950,0.0,0.0,0.0,0.0,30,0.1782,0.1822,1,0.19,0.1751,0.0,0.0,0.0,0.0,342
2023-05-11 09:49:17,OP90002119,深证100ETF沽12月2950,0.0,0.0,0.0,0.0,30,0.1782,0.1821,1,0.19,0.1751,0.0,0.0,0.0,0.0,342
2023-05-11 09:49:18,OP90002119,深证100ETF沽12月2950,0.0,0.0,0.0,0.0,30,0.1782,0.1821,21,0.19,0.1751,0.0,0.0,0.0,0.0,342
2023-05-11 09:49:22,OP90002119,深证100ETF沽12月2950,0.0,0.0,0.0,0.0,30,0.1782,0.1821,21,0.19,0.1751,0.0,0.0,0.0,0.0,342
2023-05-11 09:49:24,OP90002119,深证100ETF沽12月2950,0.0,0.0,0.0,0.0,30,0.1782,0.1821,21,0.19,0.1751,0.0,0.0,0.0,0.0,342
2023-05-11 09:49:25,OP90002119,深证100ETF沽12月2950,0.0,0.0,0.0,0.0,30,0.1782,0.1821,21,0.19,0.1751,0.0,0.0,0.0,0.0,342
2023-05-11 09:49:26,OP90002119,深证100ETF沽12月2950,0.0,0.0,0.0,0.0,30,0.1782,0.1821,21,0.19,0.1751,0.0,0.0,0.0,0.0,342
2023-05-11 09:49:27,OP90002119,深证100ETF沽12月2950,0.0,0.0,0.0,0.0,30,0.1782,0.182,1,0.19,0.1751,0.0,0.0,0.0,0.0,342
2023-05-11 09:49:32,OP90002119,深证100ETF沽12月2950,0.0,0.0,0.0,0.0,30,0.1782,0.182,1,0.19,0.1751,0.0,0.0,0.0,0.0,342
2023-05-11 09:49:33,OP90002119,深证100ETF沽12月2950,0.0,0.0,0.0,0.0,30,0.1782,0.182,1,0.19,0.1751,0.0,0.0,0.0,0.0,342
2023-05-11 09:49:41,OP90002119,深证100ETF沽12月2950,0.0,0.0,0.0,0.0,30,0.1782,0.182,1,0.19,0.1751,0.0,0.0,0.0,0.0,342
2023-05-11 09:49:42,OP90002119,深证100ETF沽12月2950,0.0,0.0,0.0,0.0,30,0.1782,0.182,1,0.19,0.1751,0.0,0.0,0.0,0.0,342
2023-05-11 09:49:47,OP90002119,深证100ETF沽12月2950,0.0,0.0,0.0,0.0,30,0.1782,0.182,1,0.19,0.1751,0.0,0.0,0.0,0.0,342
2023-05-11 09:49:48,OP90002119,深证100ETF沽12月2950,0.0,0.0,0.0,0.0,30,0.1782,0.182,1,0.19,0.1751,0.0,0.0,0.0,0.0,342
2023-05-11 09:49:54,OP90002119,深证100ETF沽12月2950,0.0,0.0,0.0,0.0,30,0.1782,0.182,1,0.19,0.1751,0.0,0.0,0.0,0.0,342
2023-05-11 09:49:54,OP90002119,深证100ETF沽12月2950,0.0,0.0,0.0,0.0,30,0.1782,0.182,11,0.19,0.1751,0.0,0.0,0.0,0.0,342
2023-05-11 09:49:56,OP90002119,深证100ETF沽12月2950,0.0,0.0,0.0,0.0,30,0.1782,0.182,11,0.19,0.1751,0.0,0.0,0.0,0.0,342
2023-05-11 09:49:56,OP90002119,深证100ETF沽12月2950,0.0,0.0,0.0,0.0,30,0.1782,0.182,11,0.19,0.1751,0.0,0.0,0.0,0.0,342
2023-05-11 09:50:00,OP90002119,深证100ETF沽12月2950,0.0,0.0,0.0,0.0,20,0.1782,0.182,11,0.19,0.1751,0.0,0.0,0.0,0.0,342
2023-05-11 09:50:02,OP90002119,深证100ETF沽12月2950,0.0,0.0,0.0,0.0,20,0.1782,0.182,11,0.19,0.1751,0.0,0.0,0.0,0.0,342
2023-05-11 09:50:05,OP90002119,深证100ETF沽12月2950,0.0,0.0,0.0,0.0,30,0.1782,0.182,11,0.19,0.1751,0.0,0.0,0.0,0.0,342
2023-05-11 09:50:06,OP90002119,深证100ETF沽12月2950,0.0,0.0,0.0,0.0,30,0.1782,0.182,11,0.19,0.1751,0.0,0.0,0.0,0.0,342
2023-05-11 09:50:08,OP90002119,深证100ETF沽12月2950,0.0,0.0,0.0,0.0,30,0.1782,0.182,11,0.19,0.1751,0.0,0.0,0.0,0.0,342
2023-05-11 09:50:15,OP90002119,深证100ETF沽12月2950,0.0,0.0,0.0,0.0,20,0.1782,0.182,11,0.19,0.1751,0.0,0.0,0.0,0.0,342
2023-05-11 09:50:16,OP90002119,深证100ETF沽12月2950,0.0,0.0,0.0,0.0,20,0.1782,0.182,11,0.19,0.1751,0.0,0.0,0.0,0.0,342
2023-05-11 09:50:17,OP90002119,深证100ETF沽12月2950,0.0,0.0,0.0,0.0,20,0.1782,0.1819,1,0.19,0.1751,0.0,0.0,0.0,0.0,342
2023-05-11 09:50:18,OP90002119,深证100ETF沽12月2950,0.0,0.0,0.0,0.0,20,0.1782,0.1819,11,0.19,0.1751,0.0,0.0,0.0,0.0,342
2023-05-11 09:50:18,OP90002119,深证100ETF沽12月2950,0.0,0.0,0.0,0.0,20,0.1782,0.1819,11,0.19,0.1751,0.0,0.0,0.0,0.0,342
2023-05-11 09:50:20,OP90002119,深证100ETF沽12月2950,0.0,0.0,0.0,0.0,20,0.1782,0.1819,11,0.19,0.1751,0.0,0.0,0.0,0.0,342
2023-05-11 09:50:22,OP90002119,深证100ETF沽12月2950,0.0,0.0,0.0,0.0,20,0.1782,0.1819,11,0.19,0.1751,0.0,0.0,0.0,0.0,342
2023-05-11 09:50:26,OP90002119,深证100ETF沽12月2950,0.0,0.0,0.0,0.0,20,0.1782,0.1819,11,0.19,0.1751,0.0,0.0,0.0,0.0,342
2023-05-11 09:50:27,OP90002119,深证100ETF沽12月2950,0.0,0.0,0.0,0.0,20,0.1782,0.1819,11,0.19,0.1751,0.0,0.0,0.0,0.0,342
2023-05-11 09:50:28,OP90002119,深证100ETF沽12月2950,0.0,0.0,0.0,0.0,10,0.1783,0.1819,11,0.19,0.1751,0.0,0.0,0.0,0.0,342
2023-05-11 09:50:29,OP90002119,深证100ETF沽12月2950,0.0,0.0,0.0,0.0,20,0.1782,0.1819,11,0.19,0.1751,0.0,0.0,0.0,0.0,342
2023-05-11 09:50:29,OP90002119,深证100ETF沽12月2950,0.0,0.0,0.0,0.0,20,0.1782,0.1819,11,0.19,0.1751,0.0,0.0,0.0,0.0,342
2023-05-11 09:50:30,OP90002119,深证100ETF沽12月2950,0.0,0.0,0.0,0.0,30,0.1782,0.1819,11,0.19,0.1751,0.0,0.0,0.0,0.0,342
2023-05-11 09:50:32,OP90002119,深证100ETF沽12月2950,0.0,0.0,0.0,0.0,20,0.1782,0.1819,11,0.19,0.1751,0.0,0.0,0.0,0.0,342
2023-05-11 09:50:33,OP90002119,深证100ETF沽12月2950,0.0,0.0,0.0,0.0,20,0.1782,0.1819,11,0.19,0.1751,0.0,0.0,0.0,0.0,342
2023-05-11 09:50:34,OP90002119,深证100ETF沽12月2950,0.0,0.0,0.0,0.0,20,0.1782,0.1819,11,0.19,0.1751,0.0,0.0,0.0,0.0,342
2023-05-11 09:50:36,OP90002119,深证100ETF沽12月2950,0.0,0.0,0.0,0.0,20,0.1782,0.1819,11,0.19,0.1751,0.0,0.0,0.0,0.0,342
2023-05-11 09:50:39,OP90002119,深证100ETF沽12月2950,0.0,0.0,0.0,0.0,20,0.1782,0.1819,11,0.19,0.1751,0.0,0.0,0.0,0.0,342
2023-05-11 09:50:45,OP90002119,深证100ETF沽12月2950,0.0,0.0,0.0,0.0,20,0.1782,0.1819,11,0.19,0.1751,0.0,0.0,0.0,0.0,342
2023-05-11 09:50:46,OP90002119,深证100ETF沽12月2950,0.0,0.0,0.0,0.0,20,0.1782,0.1819,11,0.19,0.1751,0.0,0.0,0.0,0.0,342
2023-05-11 09:50:47,OP90002119,深证100ETF沽12月2950,0.0,0.0,0.0,0.0,20,0.178,0.1819,31,0.19,0.1751,0.0,0.0,0.0,0.0,342
2023-05-11 09:50:48,OP90002119,深证100ETF沽12月2950,0.0,0.0,0.0,0.0,90,0.1778,0.1819,31,0.19,0.1751,0.0,0.0,0.0,0.0,342
2023-05-11 09:50:48,OP90002119,深证100ETF沽12月2950,0.0,0.0,0.0,0.0,60,0.1778,0.1819,31,0.19,0.1751,0.0,0.0,0.0,0.0,342
2023-05-11 09:50:49,OP90002119,深证100ETF沽12月2950,0.0,0.0,0.0,0.0,40,0.1778,0.1819,31,0.19,0.1751,0.0,0.0,0.0,0.0,342
2023-05-11 09:50:54,OP90002119,深证100ETF沽12月2950,0.0,0.0,0.0,0.0,50,0.1778,0.1819,31,0.19,0.1751,0.0,0.0,0.0,0.0,342
2023-05-11 09:50:56,OP90002119,深证100ETF沽12月2950,0.0,0.0,0.0,0.0,40,0.1778,0.1819,31,0.19,0.1751,0.0,0.0,0.0,0.0,342
2023-05-11 09:50:57,OP90002119,深证100ETF沽12月2950,0.0,0.0,0.0,0.0,40,0.1778,0.1819,31,0.19,0.1751,0.0,0.0,0.0,0.0,342
2023-05-11 09:50:59,OP90002119,深证100ETF沽12月2950,0.0,0.0,0.0,0.0,40,0.1778,0.1819,31,0.19,0.1751,0.0,0.0,0.0,0.0,342
2023-05-11 09:51:11,OP90002119,深证100ETF沽12月2950,0.0,0.0,0.0,0.0,40,0.1778,0.1819,31,0.19,0.1751,0.0,0.0,0.0,0.0,342
2023-05-11 09:51:14,OP90002119,深证100ETF沽12月2950,0.0,0.0,0.0,0.0,40,0.1778,0.1818,1,0.19,0.1751,0.0,0.0,0.0,0.0,342
2023-05-11 09:51:15,OP90002119,深证100ETF沽12月2950,0.0,0.0,0.0,0.0,40,0.1778,0.1818,11,0.19,0.1751,0.0,0.0,0.0,0.0,342
2023-05-11 09:51:17,OP90002119,深证100ETF沽12月2950,0.0,0.0,0.0,0.0,40,0.1778,0.1818,11,0.19,0.1751,0.0,0.0,0.0,0.0,342
2023-05-11 09:51:18,OP90002119,深证100ETF沽12月2950,0.0,0.0,0.0,0.0,40,0.1778,0.1818,11,0.19,0.1751,0.0,0.0,0.0,0.0,342
2023-05-11 09:51:21,OP90002119,深证100ETF沽12月2950,0.0,0.0,0.0,0.0,40,0.1778,0.1818,11,0.19,0.1751,0.0,0.0,0.0,0.0,342
2023-05-11 09:51:23,OP90002119,深证100ETF沽12月2950,0.0,0.0,0.0,0.0,40,0.1778,0.1818,10,0.19,0.1751,0.0,0.0,0.0,0.0,342
2023-05-11 09:51:29,OP90002119,深证100ETF沽12月2950,0.0,0.0,0.0,0.0,40,0.1778,0.1818,10,0.19,0.1751,0.0,0.0,0.0,0.0,342
2023-05-11 09:51:32,OP90002119,深证100ETF沽12月2950,0.0,0.0,0.0,0.0,40,0.1778,0.1818,10,0.19,0.1751,0.0,0.0,0.0,0.0,342
2023-05-11 09:51:34,OP90002119,深证100ETF沽12月2950,0.0,0.0,0.0,0.0,40,0.1778,0.1818,10,0.19,0.1751,0.0,0.0,0.0,0.0,342
2023-05-11 09:51:44,OP90002119,深证100ETF沽12月2950,0.0,0.0,0.0,0.0,40,0.1778,0.1818,10,0.19,0.1751,0.0,0.0,0.0,0.0,342
2023-05-11 09:51:45,OP90002119,深证100ETF沽12月2950,0.0,0.0,0.0,0.0,40,0.1778,0.1818,10,0.19,0.1751,0.0,0.0,0.0,0.0,342
2023-05-11 09:51:56,OP90002119,深证100ETF沽12月2950,0.0,0.0,0.0,0.0,40,0.1778,0.1818,10,0.19,0.1751,0.0,0.0,0.0,0.0,342
2023-05-11 09:52:03,OP90002119,深证100ETF沽12月2950,0.0,0.0,0.0,0.0,40,0.1778,0.1818,10,0.19,0.1751,0.0,0.0,0.0,0.0,342
2023-05-11 09:52:04,OP90002119,深证100ETF沽12月2950,0.0,0.0,0.0,0.0,40,0.1778,0.1818,10,0.19,0.1751,0.0,0.0,0.0,0.0,342
2023-05-11 09:52:11,OP90002119,深证100ETF沽12月2950,0.0,0.0,0.0,0.0,40,0.1778,0.1818,10,0.19,0.1751,0.0,0.0,0.0,0.0,342
2023-05-11 09:52:21,OP90002119,深证100ETF沽12月2950,0.0,0.0,0.0,0.0,60,0.1778,0.1818,10,0.19,0.1751,0.0,0.0,0.0,0.0,342
2023-05-11 09:52:22,OP90002119,深证100ETF沽12月2950,0.0,0.0,0.0,0.0,60,0.1778,0.1818,10,0.19,0.1751,0.0,0.0,0.0,0.0,342
2023-05-11 09:52:22,OP90002119,深证100ETF沽12月2950,0.0,0.0,0.0,0.0,60,0.1778,0.1818,10,0.19,0.1751,0.0,0.0,0.0,0.0,342
2023-05-11 09:52:23,OP90002119,深证100ETF沽12月2950,0.0,0.0,0.0,0.0,60,0.1778,0.1818,10,0.19,0.1751,0.0,0.0,0.0,0.0,342
2023-05-11 09:52:29,OP90002119,深证100ETF沽12月2950,0.0,0.0,0.0,0.0,60,0.1778,0.1818,10,0.19,0.1751,0.0,0.0,0.0,0.0,342
2023-05-11 09:52:30,OP90002119,深证100ETF沽12月2950,0.0,0.0,0.0,0.0,60,0.1778,0.1818,10,0.19,0.1751,0.0,0.0,0.0,0.0,342
2023-05-11 09:52:38,OP90002119,深证100ETF沽12月2950,0.0,0.0,0.0,0.0,60,0.1778,0.1818,10,0.19,0.1751,0.0,0.0,0.0,0.0,342
2023-05-11 09:52:39,OP90002119,深证100ETF沽12月2950,0.0,0.0,0.0,0.0,60,0.1778,0.1818,10,0.19,0.1751,0.0,0.0,0.0,0.0,342
2023-05-11 09:52:43,OP90002119,深证100ETF沽12月2950,0.0,0.0,0.0,0.0,60,0.1778,0.1818,10,0.19,0.1751,0.0,0.0,0.0,0.0,342
2023-05-11 09:52:44,OP90002119,深证100ETF沽12月2950,0.0,0.0,0.0,0.0,60,0.1778,0.1818,10,0.19,0.1751,0.0,0.0,0.0,0.0,342
2023-05-11 09:52:45,OP90002119,深证100ETF沽12月2950,0.0,0.0,0.0,0.0,60,0.1778,0.1818,10,0.19,0.1751,0.0,0.0,0.0,0.0,342
2023-05-11 09:52:50,OP90002119,深证100ETF沽12月2950,0.0,0.0,0.0,0.0,60,0.1778,0.1818,10,0.19,0.1751,0.0,0.0,0.0,0.0,342
2023-05-11 09:52:52,OP90002119,深证100ETF沽12月2950,0.0,0.0,0.0,0.0,60,0.1778,0.1818,10,0.19,0.1751,0.0,0.0,0.0,0.0,342
2023-05-11 09:52:53,OP90002119,深证100ETF沽12月2950,0.0,0.0,0.0,0.0,60,0.1778,0.1818,10,0.19,0.1751,0.0,0.0,0.0,0.0,342
2023-05-11 09:52:53,OP90002119,深证100ETF沽12月2950,0.0,0.0,0.0,0.0,60,0.1778,0.1818,10,0.19,0.1751,0.0,0.0,0.0,0.0,342
2023-05-11 09:52:55,OP90002119,深证100ETF沽12月2950,0.0,0.0,0.0,0.0,60,0.1778,0.1818,10,0.19,0.1751,0.0,0.0,0.0,0.0,342
2023-05-11 09:52:59,OP90002119,深证100ETF沽12月2950,0.0,0.0,0.0,0.0,60,0.1778,0.1818,10,0.19,0.1751,0.0,0.0,0.0,0.0,342
2023-05-11 09:53:06,OP90002119,深证100ETF沽12月2950,0.0,0.0,0.0,0.0,60,0.1778,0.1818,10,0.19,0.1751,0.0,0.0,0.0,0.0,342
2023-05-11 09:53:08,OP90002119,深证100ETF沽12月2950,0.0,0.0,0.0,0.0,60,0.1778,0.1818,10,0.19,0.1751,0.0,0.0,0.0,0.0,342
2023-05-11 09:53:09,OP90002119,深证100ETF沽12月2950,0.0,0.0,0.0,0.0,60,0.1778,0.1818,10,0.19,0.1751,0.0,0.0,0.0,0.0,342
2023-05-11 09:53:18,OP90002119,深证100ETF沽12月2950,0.0,0.0,0.0,0.0,60,0.1778,0.1818,10,0.19,0.1751,0.0,0.0,0.0,0.0,342
2023-05-11 09:53:29,OP90002119,深证100ETF沽12月2950,0.0,0.0,0.0,0.0,40,0.1778,0.1818,10,0.19,0.1751,0.0,0.0,0.0,0.0,342
2023-05-11 09:53:33,OP90002119,深证100ETF沽12月2950,0.0,0.0,0.0,0.0,20,0.1778,0.1818,30,0.19,0.1751,0.0,0.0,0.0,0.0,342
2023-05-11 09:53:33,OP90002119,深证100ETF沽12月2950,0.0,0.0,0.0,0.0,20,0.1778,0.1818,30,0.19,0.1751,0.0,0.0,0.0,0.0,342
2023-05-11 09:53:36,OP90002119,深证100ETF沽12月2950,0.0,0.0,0.0,0.0,20,0.1778,0.1818,31,0.19,0.1751,0.0,0.0,0.0,0.0,342
2023-05-11 09:53:37,OP90002119,深证100ETF沽12月2950,0.0,0.0,0.0,0.0,20,0.1778,0.1818,31,0.19,0.1751,0.0,0.0,0.0,0.0,342
2023-05-11 09:54:11,OP90002119,深证100ETF沽12月2950,0.0,0.0,0.0,0.0,30,0.1778,0.1818,31,0.19,0.1751,0.0,0.0,0.0,0.0,342
2023-05-11 09:54:14,OP90002119,深证100ETF沽12月2950,0.0,0.0,0.0,0.0,20,0.1778,0.1818,31,0.19,0.1751,0.0,0.0,0.0,0.0,342
2023-05-11 09:54:15,OP90002119,深证100ETF沽12月2950,0.0,0.0,0.0,0.0,20,0.1778,0.1818,31,0.19,0.1751,0.0,0.0,0.0,0.0,342
2023-05-11 09:54:21,OP90002119,深证100ETF沽12月2950,0.0,0.0,0.0,0.0,20,0.1778,0.1818,31,0.19,0.1751,0.0,0.0,0.0,0.0,342
2023-05-11 09:54:25,OP90002119,深证100ETF沽12月2950,0.0,0.0,0.0,0.0,20,0.1778,0.1818,31,0.19,0.1751,0.0,0.0,0.0,0.0,342
2023-05-11 09:54:34,OP90002119,深证100ETF沽12月2950,0.0,0.0,0.0,0.0,20,0.1778,0.1818,31,0.19,0.1751,0.0,0.0,0.0,0.0,342
2023-05-11 09:54:37,OP90002119,深证100ETF沽12月2950,0.0,0.0,0.0,0.0,20,0.1778,0.1818,31,0.19,0.1751,0.0,0.0,0.0,0.0,342
2023-05-11 09:54:38,OP90002119,深证100ETF沽12月2950,0.0,0.0,0.0,0.0,20,0.1778,0.1818,31,0.19,0.1751,0.0,0.0,0.0,0.0,342
2023-05-11 09:54:42,OP90002119,深证100ETF沽12月2950,0.0,0.0,0.0,0.0,20,0.1778,0.1818,31,0.19,0.1751,0.0,0.0,0.0,0.0,342
2023-05-11 09:54:47,OP90002119,深证100ETF沽12月2950,0.0,0.0,0.0,0.0,20,0.1778,0.1818,31,0.19,0.1751,0.0,0.0,0.0,0.0,342
2023-05-11 09:54:50,OP90002119,深证100ETF沽12月2950,0.0,0.0,0.0,0.0,20,0.1778,0.1818,31,0.19,0.1751,0.0,0.0,0.0,0.0,342
2023-05-11 09:54:51,OP90002119,深证100ETF沽12月2950,0.0,0.0,0.0,0.0,20,0.1778,0.1818,31,0.19,0.1751,0.0,0.0,0.0,0.0,342
2023-05-11 09:54:51,OP90002119,深证100ETF沽12月2950,0.0,0.0,0.0,0.0,20,0.1778,0.1818,31,0.19,0.1751,0.0,0.0,0.0,0.0,342
2023-05-11 09:54:53,OP90002119,深证100ETF沽12月2950,0.0,0.0,0.0,0.0,20,0.1778,0.1818,31,0.19,0.1751,0.0,0.0,0.0,0.0,342
2023-05-11 09:54:54,OP90002119,深证100ETF沽12月2950,0.0,0.0,0.0,0.0,20,0.1778,0.1818,31,0.19,0.1751,0.0,0.0,0.0,0.0,342
2023-05-11 09:54:56,OP90002119,深证100ETF沽12月2950,0.0,0.0,0.0,0.0,20,0.1778,0.1818,31,0.19,0.1751,0.0,0.0,0.0,0.0,342
2023-05-11 09:54:56,OP90002119,深证100ETF沽12月2950,0.0,0.0,0.0,0.0,20,0.1778,0.1818,31,0.19,0.1751,0.0,0.0,0.0,0.0,342
2023-05-11 09:54:57,OP90002119,深证100ETF沽12月2950,0.0,0.0,0.0,0.0,20,0.1778,0.1818,31,0.19,0.1751,0.0,0.0,0.0,0.0,342
