time,symbol_id,symbol_name,last,trade_volume,trade_amount,open_interest_change,bv1,bp1,ap1,av1,yesterday_close,today_open,today_high,today_low,volume,amount,open_interest
2023-05-10 20:59:00,sc2403,sc2403,512.8,0.0,0.0,0.0,1,454.7,573.8,1,512.8,0.0,0.0,0.0,0.0,0.0,6
2023-05-10 21:00:01,sc2403,sc2403,512.8,0.0,0.0,0.0,1,454.9,573.6,1,512.8,0.0,0.0,0.0,0.0,0.0,6
2023-05-10 21:00:05,sc2403,sc2403,512.8,0.0,0.0,0.0,1,512.5,536.4,1,512.8,0.0,0.0,0.0,0.0,0.0,6
2023-05-10 21:00:06,sc2403,sc2403,512.8,0.0,0.0,0.0,1,512.5,536.4,1,512.8,0.0,0.0,0.0,0.0,0.0,6
2023-05-10 21:00:14,sc2403,sc2403,512.8,0.0,0.0,0.0,1,514.1,534.6,1,512.8,0.0,0.0,0.0,0.0,0.0,6
2023-05-10 21:00:15,sc2403,sc2403,512.8,0.0,0.0,0.0,1,514.1,534.6,1,512.8,0.0,0.0,0.0,0.0,0.0,6
2023-05-10 21:00:57,sc2403,sc2403,512.8,0.0,0.0,0.0,1,514.1,534.6,1,512.8,0.0,0.0,0.0,0.0,0.0,6
2023-05-10 21:01:00,sc2403,sc2403,512.8,0.0,0.0,0.0,1,514.1,534.5,2,512.8,0.0,0.0,0.0,0.0,0.0,6
2023-05-10 21:01:01,sc2403,sc2403,512.8,0.0,0.0,0.0,1,514.1,534.5,3,512.8,0.0,0.0,0.0,0.0,0.0,6
2023-05-10 21:01:07,sc2403,sc2403,512.8,0.0,0.0,0.0,1,514.1,534.5,3,512.8,0.0,0.0,0.0,0.0,0.0,6
2023-05-10 21:01:08,sc2403,sc2403,512.8,0.0,0.0,0.0,1,514.1,534.5,4,512.8,0.0,0.0,0.0,0.0,0.0,6
2023-05-10 21:01:08,sc2403,sc2403,512.8,0.0,0.0,0.0,1,514.1,534.5,4,512.8,0.0,0.0,0.0,0.0,0.0,6
2023-05-10 21:01:51,sc2403,sc2403,512.8,0.0,0.0,0.0,1,514.1,534.5,3,512.8,0.0,0.0,0.0,0.0,0.0,6
2023-05-10 21:01:51,sc2403,sc2403,512.8,0.0,0.0,0.0,1,514.1,534.4,1,512.8,0.0,0.0,0.0,0.0,0.0,6
2023-05-10 21:01:52,sc2403,sc2403,512.8,0.0,0.0,0.0,1,514.1,534.4,1,512.8,0.0,0.0,0.0,0.0,0.0,6
2023-05-10 21:01:52,sc2403,sc2403,512.8,0.0,0.0,0.0,1,514.1,534.4,2,512.8,0.0,0.0,0.0,0.0,0.0,6
2023-05-10 21:02:03,sc2403,sc2403,512.8,0.0,0.0,0.0,1,514.1,534.4,1,512.8,0.0,0.0,0.0,0.0,0.0,6
2023-05-10 21:02:04,sc2403,sc2403,512.8,0.0,0.0,0.0,1,514.1,534.3,1,512.8,0.0,0.0,0.0,0.0,0.0,6
2023-05-10 21:02:04,sc2403,sc2403,512.8,0.0,0.0,0.0,1,514.1,534.3,1,512.8,0.0,0.0,0.0,0.0,0.0,6
2023-05-10 21:02:05,sc2403,sc2403,512.8,0.0,0.0,0.0,1,514.1,534.3,2,512.8,0.0,0.0,0.0,0.0,0.0,6
2023-05-10 21:02:16,sc2403,sc2403,512.8,0.0,0.0,0.0,1,514.1,534.3,1,512.8,0.0,0.0,0.0,0.0,0.0,6
2023-05-10 21:02:29,sc2403,sc2403,512.8,0.0,0.0,0.0,1,514.1,534.3,1,512.8,0.0,0.0,0.0,0.0,0.0,6
2023-05-10 21:02:31,sc2403,sc2403,512.8,0.0,0.0,0.0,1,514.1,534.2,2,512.8,0.0,0.0,0.0,0.0,0.0,6
2023-05-10 21:02:32,sc2403,sc2403,512.8,0.0,0.0,0.0,1,514.1,534.1,1,512.8,0.0,0.0,0.0,0.0,0.0,6
2023-05-10 21:02:32,sc2403,sc2403,512.8,0.0,0.0,0.0,1,514.1,534.1,2,512.8,0.0,0.0,0.0,0.0,0.0,6
2023-05-10 21:02:35,sc2403,sc2403,512.8,0.0,0.0,0.0,1,514.1,534.1,1,512.8,0.0,0.0,0.0,0.0,0.0,6
2023-05-10 21:02:37,sc2403,sc2403,512.8,0.0,0.0,0.0,1,514.1,534.0,1,512.8,0.0,0.0,0.0,0.0,0.0,6
2023-05-10 21:02:38,sc2403,sc2403,512.8,0.0,0.0,0.0,1,514.1,534.0,1,512.8,0.0,0.0,0.0,0.0,0.0,6
2023-05-10 21:02:38,sc2403,sc2403,512.8,0.0,0.0,0.0,1,514.1,534.0,2,512.8,0.0,0.0,0.0,0.0,0.0,6
2023-05-10 21:03:11,sc2403,sc2403,512.8,0.0,0.0,0.0,1,514.1,534.0,2,512.8,0.0,0.0,0.0,0.0,0.0,6
2023-05-10 21:03:15,sc2403,sc2403,512.8,0.0,0.0,0.0,1,514.1,533.9,2,512.8,0.0,0.0,0.0,0.0,0.0,6
2023-05-10 21:03:16,sc2403,sc2403,512.8,0.0,0.0,0.0,1,514.1,533.9,2,512.8,0.0,0.0,0.0,0.0,0.0,6
2023-05-10 21:03:16,sc2403,sc2403,512.8,0.0,0.0,0.0,1,514.1,533.8,1,512.8,0.0,0.0,0.0,0.0,0.0,6
2023-05-10 21:03:17,sc2403,sc2403,512.8,0.0,0.0,0.0,1,514.1,533.8,1,512.8,0.0,0.0,0.0,0.0,0.0,6
2023-05-10 21:03:17,sc2403,sc2403,512.8,0.0,0.0,0.0,1,514.1,533.8,2,512.8,0.0,0.0,0.0,0.0,0.0,6
2023-05-10 21:03:55,sc2403,sc2403,512.8,0.0,0.0,0.0,1,514.1,533.8,2,512.8,0.0,0.0,0.0,0.0,0.0,6
2023-05-10 21:04:00,sc2403,sc2403,512.8,0.0,0.0,0.0,1,514.1,533.7,2,512.8,0.0,0.0,0.0,0.0,0.0,6
2023-05-10 21:04:00,sc2403,sc2403,512.8,0.0,0.0,0.0,1,514.1,533.7,2,512.8,0.0,0.0,0.0,0.0,0.0,6
2023-05-10 21:04:01,sc2403,sc2403,512.8,0.0,0.0,0.0,1,514.1,533.6,1,512.8,0.0,0.0,0.0,0.0,0.0,6
2023-05-10 21:04:01,sc2403,sc2403,512.8,0.0,0.0,0.0,1,514.1,533.6,1,512.8,0.0,0.0,0.0,0.0,0.0,6
2023-05-10 21:04:02,sc2403,sc2403,512.8,0.0,0.0,0.0,1,514.1,533.0,1,512.8,0.0,0.0,0.0,0.0,0.0,6
2023-05-10 21:04:02,sc2403,sc2403,512.8,0.0,0.0,0.0,1,514.1,533.0,1,512.8,0.0,0.0,0.0,0.0,0.0,6
2023-05-10 21:04:03,sc2403,sc2403,512.8,0.0,0.0,0.0,1,514.1,533.0,2,512.8,0.0,0.0,0.0,0.0,0.0,6
2023-05-10 21:04:07,sc2403,sc2403,512.8,0.0,0.0,0.0,1,514.1,533.0,2,512.8,0.0,0.0,0.0,0.0,0.0,6
2023-05-10 21:04:14,sc2403,sc2403,512.8,0.0,0.0,0.0,1,514.1,533.0,3,512.8,0.0,0.0,0.0,0.0,0.0,6
2023-05-10 21:04:21,sc2403,sc2403,512.8,0.0,0.0,0.0,1,514.1,533.0,2,512.8,0.0,0.0,0.0,0.0,0.0,6
2023-05-10 21:04:21,sc2403,sc2403,512.8,0.0,0.0,0.0,1,514.1,532.9,1,512.8,0.0,0.0,0.0,0.0,0.0,6
2023-05-10 21:04:22,sc2403,sc2403,512.8,0.0,0.0,0.0,1,514.1,532.9,1,512.8,0.0,0.0,0.0,0.0,0.0,6
2023-05-10 21:04:26,sc2403,sc2403,512.8,0.0,0.0,0.0,1,514.1,533.0,1,512.8,0.0,0.0,0.0,0.0,0.0,6
2023-05-10 21:04:26,sc2403,sc2403,512.8,0.0,0.0,0.0,1,514.1,532.9,1,512.8,0.0,0.0,0.0,0.0,0.0,6
2023-05-10 21:04:27,sc2403,sc2403,512.8,0.0,0.0,0.0,1,514.1,532.9,1,512.8,0.0,0.0,0.0,0.0,0.0,6
2023-05-10 21:04:32,sc2403,sc2403,512.8,0.0,0.0,0.0,1,514.1,533.0,1,512.8,0.0,0.0,0.0,0.0,0.0,6
2023-05-10 21:04:33,sc2403,sc2403,512.8,0.0,0.0,0.0,1,514.1,532.8,1,512.8,0.0,0.0,0.0,0.0,0.0,6
2023-05-10 21:04:33,sc2403,sc2403,512.8,0.0,0.0,0.0,1,514.1,532.8,1,512.8,0.0,0.0,0.0,0.0,0.0,6
2023-05-10 21:04:41,sc2403,sc2403,512.8,0.0,0.0,0.0,1,514.1,532.8,1,512.8,0.0,0.0,0.0,0.0,0.0,6
2023-05-10 21:04:46,sc2403,sc2403,512.8,0.0,0.0,0.0,1,514.1,532.7,2,512.8,0.0,0.0,0.0,0.0,0.0,6
2023-05-10 21:04:46,sc2403,sc2403,512.8,0.0,0.0,0.0,1,514.1,532.7,2,512.8,0.0,0.0,0.0,0.0,0.0,6
2023-05-10 21:04:47,sc2403,sc2403,512.8,0.0,0.0,0.0,1,514.1,532.6,1,512.8,0.0,0.0,0.0,0.0,0.0,6
2023-05-10 21:05:26,sc2403,sc2403,512.8,0.0,0.0,0.0,1,514.1,532.6,1,512.8,0.0,0.0,0.0,0.0,0.0,6
2023-05-10 21:05:31,sc2403,sc2403,512.8,0.0,0.0,0.0,1,514.1,532.5,2,512.8,0.0,0.0,0.0,0.0,0.0,6
2023-05-10 21:05:31,sc2403,sc2403,512.8,0.0,0.0,0.0,1,514.1,532.5,2,512.8,0.0,0.0,0.0,0.0,0.0,6
2023-05-10 21:05:32,sc2403,sc2403,512.8,0.0,0.0,0.0,1,514.1,532.4,1,512.8,0.0,0.0,0.0,0.0,0.0,6
2023-05-10 21:05:38,sc2403,sc2403,512.8,0.0,0.0,0.0,1,514.1,532.5,2,512.8,0.0,0.0,0.0,0.0,0.0,6
2023-05-10 21:05:38,sc2403,sc2403,512.8,0.0,0.0,0.0,1,514.1,532.4,1,512.8,0.0,0.0,0.0,0.0,0.0,6
2023-05-10 21:05:44,sc2403,sc2403,512.8,0.0,0.0,0.0,1,514.1,532.5,2,512.8,0.0,0.0,0.0,0.0,0.0,6
2023-05-10 21:05:45,sc2403,sc2403,512.8,0.0,0.0,0.0,1,514.1,532.4,1,512.8,0.0,0.0,0.0,0.0,0.0,6
2023-05-10 21:05:51,sc2403,sc2403,512.8,0.0,0.0,0.0,1,514.1,532.5,2,512.8,0.0,0.0,0.0,0.0,0.0,6
2023-05-10 21:05:51,sc2403,sc2403,512.8,0.0,0.0,0.0,1,514.1,532.4,1,512.8,0.0,0.0,0.0,0.0,0.0,6
2023-05-10 21:06:03,sc2403,sc2403,512.8,0.0,0.0,0.0,1,514.1,532.5,2,512.8,0.0,0.0,0.0,0.0,0.0,6
2023-05-10 21:06:04,sc2403,sc2403,512.8,0.0,0.0,0.0,1,514.1,532.4,1,512.8,0.0,0.0,0.0,0.0,0.0,6
2023-05-10 21:06:12,sc2403,sc2403,512.8,0.0,0.0,0.0,1,514.1,532.5,2,512.8,0.0,0.0,0.0,0.0,0.0,6
2023-05-10 21:06:13,sc2403,sc2403,512.8,0.0,0.0,0.0,1,514.1,532.3,1,512.8,0.0,0.0,0.0,0.0,0.0,6
2023-05-10 21:06:51,sc2403,sc2403,512.8,0.0,0.0,0.0,1,514.1,532.3,1,512.8,0.0,0.0,0.0,0.0,0.0,6
2023-05-10 21:07:00,sc2403,sc2403,512.8,0.0,0.0,0.0,1,514.1,532.2,2,512.8,0.0,0.0,0.0,0.0,0.0,6
2023-05-10 21:07:00,sc2403,sc2403,512.8,0.0,0.0,0.0,1,514.1,532.2,2,512.8,0.0,0.0,0.0,0.0,0.0,6
2023-05-10 21:07:01,sc2403,sc2403,512.8,0.0,0.0,0.0,1,514.1,532.1,1,512.8,0.0,0.0,0.0,0.0,0.0,6
2023-05-10 21:07:32,sc2403,sc2403,512.8,0.0,0.0,0.0,1,514.1,532.0,1,512.8,0.0,0.0,0.0,0.0,0.0,6
2023-05-10 21:07:37,sc2403,sc2403,512.8,0.0,0.0,0.0,1,514.1,532.0,1,512.8,0.0,0.0,0.0,0.0,0.0,6
2023-05-10 21:07:38,sc2403,sc2403,512.8,0.0,0.0,0.0,1,514.1,531.9,1,512.8,0.0,0.0,0.0,0.0,0.0,6
2023-05-10 21:07:39,sc2403,sc2403,512.8,0.0,0.0,0.0,1,514.1,531.9,1,512.8,0.0,0.0,0.0,0.0,0.0,6
2023-05-10 21:07:44,sc2403,sc2403,512.8,0.0,0.0,0.0,1,514.1,531.8,2,512.8,0.0,0.0,0.0,0.0,0.0,6
2023-05-10 21:07:44,sc2403,sc2403,512.8,0.0,0.0,0.0,1,514.1,531.7,1,512.8,0.0,0.0,0.0,0.0,0.0,6
2023-05-10 21:07:51,sc2403,sc2403,512.8,0.0,0.0,0.0,1,514.1,531.8,2,512.8,0.0,0.0,0.0,0.0,0.0,6
2023-05-10 21:07:52,sc2403,sc2403,512.8,0.0,0.0,0.0,1,514.1,531.7,1,512.8,0.0,0.0,0.0,0.0,0.0,6
2023-05-10 21:07:58,sc2403,sc2403,512.8,0.0,0.0,0.0,1,514.1,531.8,2,512.8,0.0,0.0,0.0,0.0,0.0,6
2023-05-10 21:07:58,sc2403,sc2403,512.8,0.0,0.0,0.0,1,514.1,531.7,1,512.8,0.0,0.0,0.0,0.0,0.0,6
2023-05-10 21:08:04,sc2403,sc2403,512.8,0.0,0.0,0.0,1,514.1,531.8,2,512.8,0.0,0.0,0.0,0.0,0.0,6
2023-05-10 21:08:05,sc2403,sc2403,512.8,0.0,0.0,0.0,1,514.1,531.7,1,512.8,0.0,0.0,0.0,0.0,0.0,6
2023-05-10 21:08:11,sc2403,sc2403,512.8,0.0,0.0,0.0,1,514.1,531.8,2,512.8,0.0,0.0,0.0,0.0,0.0,6
2023-05-10 21:08:11,sc2403,sc2403,512.8,0.0,0.0,0.0,1,514.1,531.7,1,512.8,0.0,0.0,0.0,0.0,0.0,6
2023-05-10 21:08:17,sc2403,sc2403,512.8,0.0,0.0,0.0,1,514.1,531.8,2,512.8,0.0,0.0,0.0,0.0,0.0,6
2023-05-10 21:08:18,sc2403,sc2403,512.8,0.0,0.0,0.0,1,514.1,531.7,1,512.8,0.0,0.0,0.0,0.0,0.0,6
2023-05-10 21:08:24,sc2403,sc2403,512.8,0.0,0.0,0.0,1,514.1,531.8,2,512.8,0.0,0.0,0.0,0.0,0.0,6
2023-05-10 21:08:24,sc2403,sc2403,512.8,0.0,0.0,0.0,1,514.1,531.7,1,512.8,0.0,0.0,0.0,0.0,0.0,6
2023-05-10 21:08:28,sc2403,sc2403,512.8,0.0,0.0,0.0,1,514.1,531.8,2,512.8,0.0,0.0,0.0,0.0,0.0,6
2023-05-10 21:08:28,sc2403,sc2403,512.8,0.0,0.0,0.0,1,514.1,531.7,1,512.8,0.0,0.0,0.0,0.0,0.0,6
2023-05-10 21:08:34,sc2403,sc2403,512.8,0.0,0.0,0.0,1,514.1,531.8,2,512.8,0.0,0.0,0.0,0.0,0.0,6
2023-05-10 21:08:35,sc2403,sc2403,512.8,0.0,0.0,0.0,1,514.1,531.7,1,512.8,0.0,0.0,0.0,0.0,0.0,6
2023-05-10 21:08:42,sc2403,sc2403,512.8,0.0,0.0,0.0,1,514.1,531.8,2,512.8,0.0,0.0,0.0,0.0,0.0,6
2023-05-10 21:08:42,sc2403,sc2403,512.8,0.0,0.0,0.0,1,514.1,531.7,1,512.8,0.0,0.0,0.0,0.0,0.0,6
2023-05-10 21:08:47,sc2403,sc2403,512.8,0.0,0.0,0.0,1,514.1,531.8,2,512.8,0.0,0.0,0.0,0.0,0.0,6
2023-05-10 21:08:48,sc2403,sc2403,512.8,0.0,0.0,0.0,1,514.1,531.6,1,512.8,0.0,0.0,0.0,0.0,0.0,6
2023-05-10 21:09:14,sc2403,sc2403,512.8,0.0,0.0,0.0,1,514.1,531.6,1,512.8,0.0,0.0,0.0,0.0,0.0,6
2023-05-10 21:09:56,sc2403,sc2403,512.8,0.0,0.0,0.0,1,514.1,531.5,2,512.8,0.0,0.0,0.0,0.0,0.0,6
2023-05-10 21:09:56,sc2403,sc2403,512.8,0.0,0.0,0.0,1,514.1,531.5,2,512.8,0.0,0.0,0.0,0.0,0.0,6
2023-05-10 21:09:57,sc2403,sc2403,512.8,0.0,0.0,0.0,1,514.1,531.4,1,512.8,0.0,0.0,0.0,0.0,0.0,6
2023-05-10 21:10:03,sc2403,sc2403,512.8,0.0,0.0,0.0,1,514.1,531.5,2,512.8,0.0,0.0,0.0,0.0,0.0,6
2023-05-10 21:10:03,sc2403,sc2403,512.8,0.0,0.0,0.0,1,514.1,531.4,1,512.8,0.0,0.0,0.0,0.0,0.0,6
2023-05-10 21:10:11,sc2403,sc2403,512.8,0.0,0.0,0.0,1,514.1,528.0,1,512.8,0.0,0.0,0.0,0.0,0.0,6
2023-05-10 21:10:15,sc2403,sc2403,512.8,0.0,0.0,0.0,1,514.1,528.0,1,512.8,0.0,0.0,0.0,0.0,0.0,6
2023-05-10 21:10:36,sc2403,sc2403,512.8,0.0,0.0,0.0,1,514.1,528.0,1,512.8,0.0,0.0,0.0,0.0,0.0,6
2023-05-10 21:10:40,sc2403,sc2403,512.8,0.0,0.0,0.0,1,514.1,527.9,2,512.8,0.0,0.0,0.0,0.0,0.0,6
2023-05-10 21:11:06,sc2403,sc2403,512.8,0.0,0.0,0.0,1,514.1,528.0,1,512.8,0.0,0.0,0.0,0.0,0.0,6
2023-05-10 21:11:24,sc2403,sc2403,512.8,0.0,0.0,0.0,2,514.2,528.0,1,512.8,0.0,0.0,0.0,0.0,0.0,6
2023-05-10 21:12:29,sc2403,sc2403,512.8,0.0,0.0,0.0,1,514.1,528.0,1,512.8,0.0,0.0,0.0,0.0,0.0,6
2023-05-10 21:12:51,sc2403,sc2403,512.8,0.0,0.0,0.0,1,514.1,527.9,2,512.8,0.0,0.0,0.0,0.0,0.0,6
2023-05-10 21:12:53,sc2403,sc2403,512.8,0.0,0.0,0.0,2,514.1,527.9,2,512.8,0.0,0.0,0.0,0.0,0.0,6
2023-05-10 21:12:55,sc2403,sc2403,512.8,0.0,0.0,0.0,1,514.1,527.9,2,512.8,0.0,0.0,0.0,0.0,0.0,6
2023-05-10 21:12:56,sc2403,sc2403,512.8,0.0,0.0,0.0,1,514.2,527.9,2,512.8,0.0,0.0,0.0,0.0,0.0,6
2023-05-10 21:13:02,sc2403,sc2403,512.8,0.0,0.0,0.0,1,514.1,527.9,2,512.8,0.0,0.0,0.0,0.0,0.0,6
2023-05-10 21:13:02,sc2403,sc2403,512.8,0.0,0.0,0.0,1,514.2,527.9,2,512.8,0.0,0.0,0.0,0.0,0.0,6
2023-05-10 21:13:08,sc2403,sc2403,512.8,0.0,0.0,0.0,1,514.1,527.9,2,512.8,0.0,0.0,0.0,0.0,0.0,6
2023-05-10 21:13:09,sc2403,sc2403,512.8,0.0,0.0,0.0,1,514.2,527.9,2,512.8,0.0,0.0,0.0,0.0,0.0,6
2023-05-10 21:13:15,sc2403,sc2403,512.8,0.0,0.0,0.0,1,514.1,527.9,2,512.8,0.0,0.0,0.0,0.0,0.0,6
2023-05-10 21:13:15,sc2403,sc2403,512.8,0.0,0.0,0.0,1,514.2,527.9,2,512.8,0.0,0.0,0.0,0.0,0.0,6
2023-05-10 21:13:20,sc2403,sc2403,512.8,0.0,0.0,0.0,1,514.2,527.5,1,512.8,0.0,0.0,0.0,0.0,0.0,6
2023-05-10 21:13:27,sc2403,sc2403,512.8,0.0,0.0,0.0,1,514.1,527.5,1,512.8,0.0,0.0,0.0,0.0,0.0,6
2023-05-10 21:13:28,sc2403,sc2403,512.8,0.0,0.0,0.0,1,514.2,527.5,1,512.8,0.0,0.0,0.0,0.0,0.0,6
2023-05-10 21:13:30,sc2403,sc2403,512.8,0.0,0.0,0.0,1,514.2,527.5,1,512.8,0.0,0.0,0.0,0.0,0.0,6
2023-05-10 21:13:33,sc2403,sc2403,512.8,0.0,0.0,0.0,1,514.1,527.5,1,512.8,0.0,0.0,0.0,0.0,0.0,6
2023-05-10 21:13:34,sc2403,sc2403,512.8,0.0,0.0,0.0,1,514.2,527.5,1,512.8,0.0,0.0,0.0,0.0,0.0,6
2023-05-10 21:13:35,sc2403,sc2403,512.8,0.0,0.0,0.0,3,514.2,527.5,1,512.8,0.0,0.0,0.0,0.0,0.0,6
2023-05-10 21:14:06,sc2403,sc2403,512.8,0.0,0.0,0.0,1,514.2,527.5,1,512.8,0.0,0.0,0.0,0.0,0.0,6
2023-05-10 21:14:18,sc2403,sc2403,512.8,0.0,0.0,0.0,1,514.2,527.4,2,512.8,0.0,0.0,0.0,0.0,0.0,6
2023-05-10 21:15:25,sc2403,sc2403,512.8,0.0,0.0,0.0,1,514.1,527.4,2,512.8,0.0,0.0,0.0,0.0,0.0,6
2023-05-10 21:15:28,sc2403,sc2403,512.8,0.0,0.0,0.0,1,514.1,527.4,2,512.8,0.0,0.0,0.0,0.0,0.0,6
2023-05-10 21:16:23,sc2403,sc2403,512.8,0.0,0.0,0.0,1,514.1,527.4,2,512.8,0.0,0.0,0.0,0.0,0.0,6
2023-05-10 21:16:25,sc2403,sc2403,512.8,0.0,0.0,0.0,1,514.1,527.4,2,512.8,0.0,0.0,0.0,0.0,0.0,6
2023-05-10 21:17:43,sc2403,sc2403,512.8,0.0,0.0,0.0,1,514.1,527.0,1,512.8,0.0,0.0,0.0,0.0,0.0,6
2023-05-10 21:18:16,sc2403,sc2403,512.8,0.0,0.0,0.0,1,514.1,527.0,1,512.8,0.0,0.0,0.0,0.0,0.0,6
2023-05-10 21:18:45,sc2403,sc2403,512.8,0.0,0.0,0.0,1,514.1,526.9,2,512.8,0.0,0.0,0.0,0.0,0.0,6
2023-05-10 21:19:14,sc2403,sc2403,512.8,0.0,0.0,0.0,1,514.1,527.0,1,512.8,0.0,0.0,0.0,0.0,0.0,6
2023-05-10 21:19:29,sc2403,sc2403,512.8,0.0,0.0,0.0,2,514.2,527.0,1,512.8,0.0,0.0,0.0,0.0,0.0,6
2023-05-10 21:20:58,sc2403,sc2403,512.8,0.0,0.0,0.0,2,514.2,527.0,1,512.8,0.0,0.0,0.0,0.0,0.0,6
2023-05-10 21:20:59,sc2403,sc2403,512.8,0.0,0.0,0.0,1,512.5,527.0,1,512.8,0.0,0.0,0.0,0.0,0.0,6
2023-05-10 21:21:40,sc2403,sc2403,512.8,0.0,0.0,0.0,2,512.6,527.0,1,512.8,0.0,0.0,0.0,0.0,0.0,6
2023-05-10 21:22:05,sc2403,sc2403,512.8,0.0,0.0,0.0,2,512.6,527.0,2,512.8,0.0,0.0,0.0,0.0,0.0,6
2023-05-10 21:22:10,sc2403,sc2403,512.8,0.0,0.0,0.0,2,512.6,527.0,2,512.8,0.0,0.0,0.0,0.0,0.0,6
2023-05-10 21:22:11,sc2403,sc2403,512.8,0.0,0.0,0.0,1,512.5,527.0,2,512.8,0.0,0.0,0.0,0.0,0.0,6
2023-05-10 21:22:12,sc2403,sc2403,512.8,0.0,0.0,0.0,1,512.5,527.0,2,512.8,0.0,0.0,0.0,0.0,0.0,6
2023-05-10 21:22:26,sc2403,sc2403,512.8,0.0,0.0,0.0,1,512.5,526.9,2,512.8,0.0,0.0,0.0,0.0,0.0,6
2023-05-10 21:22:40,sc2403,sc2403,512.8,0.0,0.0,0.0,1,512.5,527.0,2,512.8,0.0,0.0,0.0,0.0,0.0,6
2023-05-10 21:23:11,sc2403,sc2403,512.8,0.0,0.0,0.0,2,512.6,527.0,2,512.8,0.0,0.0,0.0,0.0,0.0,6
2023-05-10 21:23:36,sc2403,sc2403,512.8,0.0,0.0,0.0,1,512.5,527.0,2,512.8,0.0,0.0,0.0,0.0,0.0,6
2023-05-10 21:23:55,sc2403,sc2403,512.8,0.0,0.0,0.0,1,512.5,526.9,2,512.8,0.0,0.0,0.0,0.0,0.0,6
2023-05-10 21:24:02,sc2403,sc2403,512.8,0.0,0.0,0.0,1,512.5,527.0,2,512.8,0.0,0.0,0.0,0.0,0.0,6
2023-05-10 21:24:38,sc2403,sc2403,512.8,0.0,0.0,0.0,2,512.6,527.0,2,512.8,0.0,0.0,0.0,0.0,0.0,6
2023-05-10 21:25:46,sc2403,sc2403,512.8,0.0,0.0,0.0,1,512.5,527.0,2,512.8,0.0,0.0,0.0,0.0,0.0,6
2023-05-10 21:25:51,sc2403,sc2403,512.8,0.0,0.0,0.0,1,512.5,527.0,1,512.8,0.0,0.0,0.0,0.0,0.0,6
2023-05-10 21:26:07,sc2403,sc2403,512.8,0.0,0.0,0.0,1,512.5,526.9,2,512.8,0.0,0.0,0.0,0.0,0.0,6
2023-05-10 21:26:39,sc2403,sc2403,512.8,0.0,0.0,0.0,1,512.5,526.9,2,512.8,0.0,0.0,0.0,0.0,0.0,6
2023-05-10 21:26:59,sc2403,sc2403,512.8,0.0,0.0,0.0,1,511.4,526.9,2,512.8,0.0,0.0,0.0,0.0,0.0,6
2023-05-10 21:27:00,sc2403,sc2403,512.8,0.0,0.0,0.0,1,511.4,527.0,1,512.8,0.0,0.0,0.0,0.0,0.0,6
2023-05-10 21:27:01,sc2403,sc2403,512.8,0.0,0.0,0.0,1,511.5,527.0,1,512.8,0.0,0.0,0.0,0.0,0.0,6
2023-05-10 21:27:06,sc2403,sc2403,512.8,0.0,0.0,0.0,1,511.5,527.0,1,512.8,0.0,0.0,0.0,0.0,0.0,6
2023-05-10 21:27:24,sc2403,sc2403,512.8,0.0,0.0,0.0,1,511.5,527.0,1,512.8,0.0,0.0,0.0,0.0,0.0,6
2023-05-10 21:27:26,sc2403,sc2403,512.8,0.0,0.0,0.0,1,511.5,527.0,1,512.8,0.0,0.0,0.0,0.0,0.0,6
2023-05-10 21:27:37,sc2403,sc2403,512.8,0.0,0.0,0.0,1,511.5,526.9,2,512.8,0.0,0.0,0.0,0.0,0.0,6
2023-05-10 21:28:19,sc2403,sc2403,512.8,0.0,0.0,0.0,1,511.5,527.0,1,512.8,0.0,0.0,0.0,0.0,0.0,6
2023-05-10 21:28:23,sc2403,sc2403,512.8,0.0,0.0,0.0,2,511.6,527.0,1,512.8,0.0,0.0,0.0,0.0,0.0,6
2023-05-10 21:28:23,sc2403,sc2403,512.8,0.0,0.0,0.0,2,511.6,527.0,1,512.8,0.0,0.0,0.0,0.0,0.0,6
2023-05-10 21:28:24,sc2403,sc2403,512.8,0.0,0.0,0.0,1,511.7,527.0,1,512.8,0.0,0.0,0.0,0.0,0.0,6
2023-05-10 21:29:02,sc2403,sc2403,512.8,0.0,0.0,0.0,1,511.7,527.0,1,512.8,0.0,0.0,0.0,0.0,0.0,6
2023-05-10 21:29:06,sc2403,sc2403,512.8,0.0,0.0,0.0,2,511.8,527.0,1,512.8,0.0,0.0,0.0,0.0,0.0,6
2023-05-10 21:29:07,sc2403,sc2403,512.8,0.0,0.0,0.0,2,511.8,527.0,1,512.8,0.0,0.0,0.0,0.0,0.0,6
2023-05-10 21:29:07,sc2403,sc2403,512.8,0.0,0.0,0.0,1,511.9,527.0,1,512.8,0.0,0.0,0.0,0.0,0.0,6
2023-05-10 21:29:13,sc2403,sc2403,512.8,0.0,0.0,0.0,2,511.8,527.0,1,512.8,0.0,0.0,0.0,0.0,0.0,6
2023-05-10 21:29:14,sc2403,sc2403,512.8,0.0,0.0,0.0,1,512.0,527.0,1,512.8,0.0,0.0,0.0,0.0,0.0,6
2023-05-10 21:29:52,sc2403,sc2403,512.8,0.0,0.0,0.0,1,512.0,527.0,1,512.8,0.0,0.0,0.0,0.0,0.0,6
2023-05-10 21:30:32,sc2403,sc2403,512.8,0.0,0.0,0.0,1,512.0,526.9,2,512.8,0.0,0.0,0.0,0.0,0.0,6
2023-05-10 21:30:52,sc2403,sc2403,512.8,0.0,0.0,0.0,1,512.0,527.0,1,512.8,0.0,0.0,0.0,0.0,0.0,6
2023-05-10 21:31:15,sc2403,sc2403,512.8,0.0,0.0,0.0,1,512.0,526.9,2,512.8,0.0,0.0,0.0,0.0,0.0,6
2023-05-10 21:32:50,sc2403,sc2403,512.8,0.0,0.0,0.0,1,512.0,526.9,2,512.8,0.0,0.0,0.0,0.0,0.0,6
2023-05-10 21:32:52,sc2403,sc2403,512.8,0.0,0.0,0.0,1,512.0,526.9,2,512.8,0.0,0.0,0.0,0.0,0.0,6
2023-05-10 21:33:21,sc2403,sc2403,512.8,0.0,0.0,0.0,1,512.1,526.9,2,512.8,0.0,0.0,0.0,0.0,0.0,6
2023-05-10 21:33:22,sc2403,sc2403,512.8,0.0,0.0,0.0,1,512.1,526.9,2,512.8,0.0,0.0,0.0,0.0,0.0,6
2023-05-10 21:33:23,sc2403,sc2403,512.8,0.0,0.0,0.0,1,512.2,526.9,2,512.8,0.0,0.0,0.0,0.0,0.0,6
2023-05-10 21:33:46,sc2403,sc2403,512.8,0.0,0.0,0.0,1,512.2,526.9,3,512.8,0.0,0.0,0.0,0.0,0.0,6
2023-05-10 21:33:52,sc2403,sc2403,512.8,0.0,0.0,0.0,1,512.2,526.9,2,512.8,0.0,0.0,0.0,0.0,0.0,6
2023-05-10 21:33:52,sc2403,sc2403,512.8,0.0,0.0,0.0,1,512.2,526.9,3,512.8,0.0,0.0,0.0,0.0,0.0,6
2023-05-10 21:33:55,sc2403,sc2403,512.8,0.0,0.0,0.0,1,512.2,526.9,2,512.8,0.0,0.0,0.0,0.0,0.0,6
2023-05-10 21:33:55,sc2403,sc2403,512.8,0.0,0.0,0.0,1,512.2,526.9,3,512.8,0.0,0.0,0.0,0.0,0.0,6
2023-05-10 21:34:01,sc2403,sc2403,512.8,0.0,0.0,0.0,1,512.2,526.9,2,512.8,0.0,0.0,0.0,0.0,0.0,6
2023-05-10 21:34:02,sc2403,sc2403,512.8,0.0,0.0,0.0,1,512.2,526.9,3,512.8,0.0,0.0,0.0,0.0,0.0,6
2023-05-10 21:34:08,sc2403,sc2403,512.8,0.0,0.0,0.0,1,512.2,526.9,2,512.8,0.0,0.0,0.0,0.0,0.0,6
2023-05-10 21:34:08,sc2403,sc2403,512.8,0.0,0.0,0.0,1,512.2,526.9,3,512.8,0.0,0.0,0.0,0.0,0.0,6
2023-05-10 21:34:11,sc2403,sc2403,512.8,0.0,0.0,0.0,1,512.2,526.9,2,512.8,0.0,0.0,0.0,0.0,0.0,6
2023-05-10 21:34:12,sc2403,sc2403,512.8,0.0,0.0,0.0,1,512.2,526.9,3,512.8,0.0,0.0,0.0,0.0,0.0,6
2023-05-10 21:34:18,sc2403,sc2403,512.8,0.0,0.0,0.0,1,512.2,526.9,2,512.8,0.0,0.0,0.0,0.0,0.0,6
2023-05-10 21:34:18,sc2403,sc2403,512.8,0.0,0.0,0.0,1,512.2,526.9,3,512.8,0.0,0.0,0.0,0.0,0.0,6
2023-05-10 21:34:24,sc2403,sc2403,512.8,0.0,0.0,0.0,1,512.2,526.9,2,512.8,0.0,0.0,0.0,0.0,0.0,6
2023-05-10 21:34:25,sc2403,sc2403,512.8,0.0,0.0,0.0,1,512.2,526.9,3,512.8,0.0,0.0,0.0,0.0,0.0,6
2023-05-10 21:34:30,sc2403,sc2403,512.8,0.0,0.0,0.0,1,512.2,526.9,2,512.8,0.0,0.0,0.0,0.0,0.0,6
2023-05-10 21:34:31,sc2403,sc2403,512.8,0.0,0.0,0.0,1,512.2,526.9,3,512.8,0.0,0.0,0.0,0.0,0.0,6
2023-05-10 21:34:36,sc2403,sc2403,512.8,0.0,0.0,0.0,1,512.2,526.9,2,512.8,0.0,0.0,0.0,0.0,0.0,6
2023-05-10 21:34:37,sc2403,sc2403,512.8,0.0,0.0,0.0,1,512.2,526.9,3,512.8,0.0,0.0,0.0,0.0,0.0,6
2023-05-10 21:34:43,sc2403,sc2403,512.8,0.0,0.0,0.0,1,512.2,526.9,2,512.8,0.0,0.0,0.0,0.0,0.0,6
2023-05-10 21:34:43,sc2403,sc2403,512.8,0.0,0.0,0.0,1,512.2,526.9,3,512.8,0.0,0.0,0.0,0.0,0.0,6
2023-05-10 21:34:49,sc2403,sc2403,512.8,0.0,0.0,0.0,1,512.2,526.9,2,512.8,0.0,0.0,0.0,0.0,0.0,6
2023-05-10 21:34:50,sc2403,sc2403,512.8,0.0,0.0,0.0,1,512.2,526.9,3,512.8,0.0,0.0,0.0,0.0,0.0,6
2023-05-10 21:34:52,sc2403,sc2403,512.8,0.0,0.0,0.0,1,512.2,526.9,2,512.8,0.0,0.0,0.0,0.0,0.0,6
2023-05-10 21:34:53,sc2403,sc2403,512.8,0.0,0.0,0.0,1,512.2,526.9,3,512.8,0.0,0.0,0.0,0.0,0.0,6
2023-05-10 21:34:56,sc2403,sc2403,512.8,0.0,0.0,0.0,1,512.2,526.9,2,512.8,0.0,0.0,0.0,0.0,0.0,6
2023-05-10 21:34:56,sc2403,sc2403,512.8,0.0,0.0,0.0,1,512.2,526.9,3,512.8,0.0,0.0,0.0,0.0,0.0,6
2023-05-10 21:35:02,sc2403,sc2403,512.8,0.0,0.0,0.0,1,512.2,526.9,2,512.8,0.0,0.0,0.0,0.0,0.0,6
2023-05-10 21:35:03,sc2403,sc2403,512.8,0.0,0.0,0.0,1,512.2,526.9,3,512.8,0.0,0.0,0.0,0.0,0.0,6
2023-05-10 21:35:09,sc2403,sc2403,512.8,0.0,0.0,0.0,1,512.2,526.9,2,512.8,0.0,0.0,0.0,0.0,0.0,6
2023-05-10 21:35:09,sc2403,sc2403,512.8,0.0,0.0,0.0,1,512.2,526.9,3,512.8,0.0,0.0,0.0,0.0,0.0,6
2023-05-10 21:35:15,sc2403,sc2403,512.8,0.0,0.0,0.0,1,512.2,526.9,2,512.8,0.0,0.0,0.0,0.0,0.0,6
2023-05-10 21:35:15,sc2403,sc2403,512.8,0.0,0.0,0.0,1,512.2,526.9,3,512.8,0.0,0.0,0.0,0.0,0.0,6
2023-05-10 21:35:21,sc2403,sc2403,512.8,0.0,0.0,0.0,1,512.2,526.9,2,512.8,0.0,0.0,0.0,0.0,0.0,6
2023-05-10 21:35:22,sc2403,sc2403,512.8,0.0,0.0,0.0,1,512.2,526.9,3,512.8,0.0,0.0,0.0,0.0,0.0,6
2023-05-10 21:35:28,sc2403,sc2403,512.8,0.0,0.0,0.0,1,512.2,526.9,2,512.8,0.0,0.0,0.0,0.0,0.0,6
2023-05-10 21:35:28,sc2403,sc2403,512.8,0.0,0.0,0.0,1,512.2,526.9,3,512.8,0.0,0.0,0.0,0.0,0.0,6
2023-05-10 21:35:33,sc2403,sc2403,512.8,0.0,0.0,0.0,1,512.2,526.9,2,512.8,0.0,0.0,0.0,0.0,0.0,6
2023-05-10 21:36:14,sc2403,sc2403,512.8,0.0,0.0,0.0,1,512.2,527.0,1,512.8,0.0,0.0,0.0,0.0,0.0,6
2023-05-10 21:36:22,sc2403,sc2403,512.8,0.0,0.0,0.0,1,512.2,526.9,2,512.8,0.0,0.0,0.0,0.0,0.0,6
2023-05-10 21:37:17,sc2403,sc2403,512.8,0.0,0.0,0.0,1,512.2,526.9,3,512.8,0.0,0.0,0.0,0.0,0.0,6
2023-05-10 21:37:20,sc2403,sc2403,512.8,0.0,0.0,0.0,1,512.2,526.9,2,512.8,0.0,0.0,0.0,0.0,0.0,6
2023-05-10 21:37:21,sc2403,sc2403,512.8,0.0,0.0,0.0,1,512.2,526.9,3,512.8,0.0,0.0,0.0,0.0,0.0,6
2023-05-10 21:37:27,sc2403,sc2403,512.8,0.0,0.0,0.0,1,512.2,526.9,2,512.8,0.0,0.0,0.0,0.0,0.0,6
2023-05-10 21:37:27,sc2403,sc2403,512.8,0.0,0.0,0.0,1,512.2,526.9,3,512.8,0.0,0.0,0.0,0.0,0.0,6
2023-05-10 21:37:33,sc2403,sc2403,512.8,0.0,0.0,0.0,1,512.2,526.9,2,512.8,0.0,0.0,0.0,0.0,0.0,6
2023-05-10 21:37:34,sc2403,sc2403,512.8,0.0,0.0,0.0,1,512.2,526.9,3,512.8,0.0,0.0,0.0,0.0,0.0,6
2023-05-10 21:37:40,sc2403,sc2403,512.8,0.0,0.0,0.0,1,512.2,526.9,2,512.8,0.0,0.0,0.0,0.0,0.0,6
2023-05-10 21:37:41,sc2403,sc2403,512.8,0.0,0.0,0.0,1,512.2,526.9,3,512.8,0.0,0.0,0.0,0.0,0.0,6
2023-05-10 21:37:47,sc2403,sc2403,512.8,0.0,0.0,0.0,1,512.2,526.9,2,512.8,0.0,0.0,0.0,0.0,0.0,6
2023-05-10 21:37:47,sc2403,sc2403,512.8,0.0,0.0,0.0,1,512.2,526.9,3,512.8,0.0,0.0,0.0,0.0,0.0,6
2023-05-10 21:37:48,sc2403,sc2403,512.8,0.0,0.0,0.0,1,512.1,526.9,3,512.8,0.0,0.0,0.0,0.0,0.0,6
2023-05-10 21:37:51,sc2403,sc2403,512.8,0.0,0.0,0.0,1,512.2,526.9,2,512.8,0.0,0.0,0.0,0.0,0.0,6
2023-05-10 21:37:51,sc2403,sc2403,512.8,0.0,0.0,0.0,1,512.2,526.8,1,512.8,0.0,0.0,0.0,0.0,0.0,6
2023-05-10 21:37:57,sc2403,sc2403,512.8,0.0,0.0,0.0,1,512.2,526.9,2,512.8,0.0,0.0,0.0,0.0,0.0,6
2023-05-10 21:37:58,sc2403,sc2403,512.8,0.0,0.0,0.0,1,512.2,526.8,1,512.8,0.0,0.0,0.0,0.0,0.0,6
2023-05-10 21:38:01,sc2403,sc2403,512.8,0.0,0.0,0.0,1,512.2,526.9,2,512.8,0.0,0.0,0.0,0.0,0.0,6
2023-05-10 21:38:03,sc2403,sc2403,512.8,0.0,0.0,0.0,1,512.2,526.8,1,512.8,0.0,0.0,0.0,0.0,0.0,6
2023-05-10 21:38:06,sc2403,sc2403,512.8,0.0,0.0,0.0,1,512.2,526.9,2,512.8,0.0,0.0,0.0,0.0,0.0,6
2023-05-10 21:38:06,sc2403,sc2403,512.8,0.0,0.0,0.0,1,512.2,526.7,1,512.8,0.0,0.0,0.0,0.0,0.0,6
2023-05-10 21:38:08,sc2403,sc2403,512.8,0.0,0.0,0.0,1,512.2,526.7,1,512.8,0.0,0.0,0.0,0.0,0.0,6
2023-05-10 21:38:09,sc2403,sc2403,512.8,0.0,0.0,0.0,1,512.2,526.9,2,512.8,0.0,0.0,0.0,0.0,0.0,6
2023-05-10 21:38:10,sc2403,sc2403,512.8,0.0,0.0,0.0,1,512.2,526.8,1,512.8,0.0,0.0,0.0,0.0,0.0,6
2023-05-10 21:38:48,sc2403,sc2403,512.8,0.0,0.0,0.0,1,512.2,526.8,1,512.8,0.0,0.0,0.0,0.0,0.0,6
2023-05-10 21:39:18,sc2403,sc2403,512.8,0.0,0.0,0.0,1,512.2,526.7,2,512.8,0.0,0.0,0.0,0.0,0.0,6
2023-05-10 21:39:19,sc2403,sc2403,512.8,0.0,0.0,0.0,1,512.2,526.7,2,512.8,0.0,0.0,0.0,0.0,0.0,6
2023-05-10 21:39:19,sc2403,sc2403,512.8,0.0,0.0,0.0,1,512.2,526.6,1,512.8,0.0,0.0,0.0,0.0,0.0,6
2023-05-10 21:39:51,sc2403,sc2403,512.8,0.0,0.0,0.0,1,512.2,526.6,1,512.8,0.0,0.0,0.0,0.0,0.0,6
2023-05-10 21:39:58,sc2403,sc2403,512.8,0.0,0.0,0.0,1,512.2,526.6,1,512.8,0.0,0.0,0.0,0.0,0.0,6
2023-05-10 21:40:02,sc2403,sc2403,512.8,0.0,0.0,0.0,1,512.2,526.5,2,512.8,0.0,0.0,0.0,0.0,0.0,6
2023-05-10 21:40:02,sc2403,sc2403,512.8,0.0,0.0,0.0,1,512.2,526.5,2,512.8,0.0,0.0,0.0,0.0,0.0,6
2023-05-10 21:40:03,sc2403,sc2403,512.8,0.0,0.0,0.0,1,512.2,526.4,1,512.8,0.0,0.0,0.0,0.0,0.0,6
2023-05-10 21:40:06,sc2403,sc2403,512.8,0.0,0.0,0.0,1,512.2,526.5,2,512.8,0.0,0.0,0.0,0.0,0.0,6
2023-05-10 21:40:07,sc2403,sc2403,512.8,0.0,0.0,0.0,1,512.2,526.4,1,512.8,0.0,0.0,0.0,0.0,0.0,6
2023-05-10 21:40:09,sc2403,sc2403,512.8,0.0,0.0,0.0,1,512.2,526.5,2,512.8,0.0,0.0,0.0,0.0,0.0,6
2023-05-10 21:41:29,sc2403,sc2403,512.8,0.0,0.0,0.0,1,512.2,526.5,2,512.8,0.0,0.0,0.0,0.0,0.0,6
2023-05-10 21:41:30,sc2403,sc2403,512.8,0.0,0.0,0.0,1,512.1,526.5,2,512.8,0.0,0.0,0.0,0.0,0.0,6
2023-05-10 21:41:30,sc2403,sc2403,512.8,0.0,0.0,0.0,1,512.2,526.5,2,512.8,0.0,0.0,0.0,0.0,0.0,6
2023-05-10 21:42:05,sc2403,sc2403,512.8,0.0,0.0,0.0,1,512.2,526.0,1,512.8,0.0,0.0,0.0,0.0,0.0,6
2023-05-10 21:42:30,sc2403,sc2403,512.8,0.0,0.0,0.0,1,512.2,526.0,1,512.8,0.0,0.0,0.0,0.0,0.0,6
2023-05-10 21:42:43,sc2403,sc2403,512.8,0.0,0.0,0.0,1,512.2,526.0,1,512.8,0.0,0.0,0.0,0.0,0.0,6
2023-05-10 21:42:57,sc2403,sc2403,512.8,0.0,0.0,0.0,1,512.2,525.9,2,512.8,0.0,0.0,0.0,0.0,0.0,6
2023-05-10 21:43:21,sc2403,sc2403,512.8,0.0,0.0,0.0,1,512.2,525.9,2,512.8,0.0,0.0,0.0,0.0,0.0,6
2023-05-10 21:43:39,sc2403,sc2403,512.8,0.0,0.0,0.0,1,512.2,525.9,2,512.8,0.0,0.0,0.0,0.0,0.0,6
2023-05-10 21:43:42,sc2403,sc2403,512.8,0.0,0.0,0.0,1,505.9,525.9,2,512.8,0.0,0.0,0.0,0.0,0.0,6
2023-05-10 21:43:44,sc2403,sc2403,512.8,0.0,0.0,0.0,1,505.9,526.0,1,512.8,0.0,0.0,0.0,0.0,0.0,6
2023-05-10 21:44:25,sc2403,sc2403,512.8,0.0,0.0,0.0,2,506.0,526.0,1,512.8,0.0,0.0,0.0,0.0,0.0,6
2023-05-10 21:44:26,sc2403,sc2403,512.8,0.0,0.0,0.0,2,506.0,526.0,1,512.8,0.0,0.0,0.0,0.0,0.0,6
2023-05-10 21:48:04,sc2403,sc2403,512.8,0.0,0.0,0.0,1,505.9,526.0,1,512.8,0.0,0.0,0.0,0.0,0.0,6
2023-05-10 21:48:05,sc2403,sc2403,512.8,0.0,0.0,0.0,1,505.9,526.0,1,512.8,0.0,0.0,0.0,0.0,0.0,6
2023-05-10 21:48:06,sc2403,sc2403,512.8,0.0,0.0,0.0,1,505.9,526.0,1,512.8,0.0,0.0,0.0,0.0,0.0,6
2023-05-10 21:48:39,sc2403,sc2403,512.8,0.0,0.0,0.0,1,505.9,526.0,1,512.8,0.0,0.0,0.0,0.0,0.0,6
2023-05-10 21:48:40,sc2403,sc2403,512.8,0.0,0.0,0.0,1,505.9,526.0,2,512.8,0.0,0.0,0.0,0.0,0.0,6
2023-05-10 21:48:42,sc2403,sc2403,512.8,0.0,0.0,0.0,1,505.9,526.0,2,512.8,0.0,0.0,0.0,0.0,0.0,6
2023-05-10 21:48:43,sc2403,sc2403,512.8,0.0,0.0,0.0,1,505.9,526.0,2,512.8,0.0,0.0,0.0,0.0,0.0,6
2023-05-10 21:48:47,sc2403,sc2403,512.8,0.0,0.0,0.0,1,505.9,525.9,2,512.8,0.0,0.0,0.0,0.0,0.0,6
2023-05-10 21:48:48,sc2403,sc2403,512.8,0.0,0.0,0.0,1,505.9,525.9,2,512.8,0.0,0.0,0.0,0.0,0.0,6
2023-05-10 21:50:14,sc2403,sc2403,512.8,0.0,0.0,0.0,1,505.9,525.5,1,512.8,0.0,0.0,0.0,0.0,0.0,6
2023-05-10 21:50:47,sc2403,sc2403,512.8,0.0,0.0,0.0,1,505.9,525.5,1,512.8,0.0,0.0,0.0,0.0,0.0,6
2023-05-10 21:51:01,sc2403,sc2403,512.8,0.0,0.0,0.0,2,506.0,525.5,1,512.8,0.0,0.0,0.0,0.0,0.0,6
2023-05-10 21:51:03,sc2403,sc2403,512.8,0.0,0.0,0.0,1,505.9,525.5,1,512.8,0.0,0.0,0.0,0.0,0.0,6
2023-05-10 21:51:33,sc2403,sc2403,512.8,0.0,0.0,0.0,1,505.9,525.4,1,512.8,0.0,0.0,0.0,0.0,0.0,6
2023-05-10 21:51:41,sc2403,sc2403,512.8,0.0,0.0,0.0,1,505.9,525.5,1,512.8,0.0,0.0,0.0,0.0,0.0,6
2023-05-10 21:51:41,sc2403,sc2403,512.8,0.0,0.0,0.0,1,505.9,525.3,1,512.8,0.0,0.0,0.0,0.0,0.0,6
2023-05-10 21:51:42,sc2403,sc2403,512.8,0.0,0.0,0.0,1,505.9,525.3,1,512.8,0.0,0.0,0.0,0.0,0.0,6
2023-05-10 21:51:45,sc2403,sc2403,512.8,0.0,0.0,0.0,2,506.0,525.3,1,512.8,0.0,0.0,0.0,0.0,0.0,6
2023-05-10 21:52:04,sc2403,sc2403,512.8,0.0,0.0,0.0,1,505.9,525.3,1,512.8,0.0,0.0,0.0,0.0,0.0,6
2023-05-10 21:52:29,sc2403,sc2403,512.8,0.0,0.0,0.0,2,506.0,525.3,1,512.8,0.0,0.0,0.0,0.0,0.0,6
2023-05-10 21:53:14,sc2403,sc2403,512.8,0.0,0.0,0.0,1,505.9,525.3,1,512.8,0.0,0.0,0.0,0.0,0.0,6
2023-05-10 21:53:39,sc2403,sc2403,512.8,0.0,0.0,0.0,1,505.9,525.0,1,512.8,0.0,0.0,0.0,0.0,0.0,6
2023-05-10 21:53:45,sc2403,sc2403,512.8,0.0,0.0,0.0,1,505.9,525.0,1,512.8,0.0,0.0,0.0,0.0,0.0,6
2023-05-10 21:53:45,sc2403,sc2403,512.8,0.0,0.0,0.0,1,505.9,524.9,1,512.8,0.0,0.0,0.0,0.0,0.0,6
2023-05-10 21:53:53,sc2403,sc2403,512.8,0.0,0.0,0.0,1,505.9,525.0,1,512.8,0.0,0.0,0.0,0.0,0.0,6
2023-05-10 21:53:53,sc2403,sc2403,512.8,0.0,0.0,0.0,1,505.9,524.9,1,512.8,0.0,0.0,0.0,0.0,0.0,6
2023-05-10 21:53:55,sc2403,sc2403,512.8,0.0,0.0,0.0,2,506.0,524.9,1,512.8,0.0,0.0,0.0,0.0,0.0,6
2023-05-10 21:53:56,sc2403,sc2403,512.8,0.0,0.0,0.0,2,506.0,525.0,1,512.8,0.0,0.0,0.0,0.0,0.0,6
2023-05-10 21:53:56,sc2403,sc2403,512.8,0.0,0.0,0.0,2,506.0,524.8,1,512.8,0.0,0.0,0.0,0.0,0.0,6
2023-05-10 21:54:06,sc2403,sc2403,512.8,0.0,0.0,0.0,1,505.9,524.8,1,512.8,0.0,0.0,0.0,0.0,0.0,6
2023-05-10 21:54:38,sc2403,sc2403,512.8,0.0,0.0,0.0,1,505.9,524.7,2,512.8,0.0,0.0,0.0,0.0,0.0,6
2023-05-10 21:54:39,sc2403,sc2403,512.8,0.0,0.0,0.0,1,505.9,524.7,2,512.8,0.0,0.0,0.0,0.0,0.0,6
2023-05-10 21:54:39,sc2403,sc2403,512.8,0.0,0.0,0.0,1,505.9,524.6,1,512.8,0.0,0.0,0.0,0.0,0.0,6
2023-05-10 21:54:40,sc2403,sc2403,512.8,0.0,0.0,0.0,2,505.9,524.6,1,512.8,0.0,0.0,0.0,0.0,0.0,6
2023-05-10 21:54:46,sc2403,sc2403,512.8,0.0,0.0,0.0,1,505.9,524.6,1,512.8,0.0,0.0,0.0,0.0,0.0,6
2023-05-10 21:54:46,sc2403,sc2403,512.8,0.0,0.0,0.0,2,505.9,524.6,1,512.8,0.0,0.0,0.0,0.0,0.0,6
2023-05-10 21:54:47,sc2403,sc2403,512.8,0.0,0.0,0.0,2,505.9,524.6,1,512.8,0.0,0.0,0.0,0.0,0.0,6
2023-05-10 21:54:52,sc2403,sc2403,512.8,0.0,0.0,0.0,1,505.9,524.6,1,512.8,0.0,0.0,0.0,0.0,0.0,6
2023-05-10 21:54:53,sc2403,sc2403,512.8,0.0,0.0,0.0,2,505.9,524.6,1,512.8,0.0,0.0,0.0,0.0,0.0,6
2023-05-10 21:54:59,sc2403,sc2403,512.8,0.0,0.0,0.0,1,505.9,524.6,1,512.8,0.0,0.0,0.0,0.0,0.0,6
2023-05-10 21:54:59,sc2403,sc2403,512.8,0.0,0.0,0.0,2,505.9,524.6,1,512.8,0.0,0.0,0.0,0.0,0.0,6
2023-05-10 21:55:05,sc2403,sc2403,512.8,0.0,0.0,0.0,1,505.9,524.6,1,512.8,0.0,0.0,0.0,0.0,0.0,6
2023-05-10 21:55:06,sc2403,sc2403,512.8,0.0,0.0,0.0,2,505.9,524.6,1,512.8,0.0,0.0,0.0,0.0,0.0,6
2023-05-10 21:55:11,sc2403,sc2403,512.8,0.0,0.0,0.0,1,505.9,524.6,1,512.8,0.0,0.0,0.0,0.0,0.0,6
2023-05-10 21:55:12,sc2403,sc2403,512.8,0.0,0.0,0.0,2,505.9,524.6,1,512.8,0.0,0.0,0.0,0.0,0.0,6
2023-05-10 21:55:18,sc2403,sc2403,512.8,0.0,0.0,0.0,1,505.9,525.0,1,512.8,0.0,0.0,0.0,0.0,0.0,6
2023-05-10 21:55:22,sc2403,sc2403,512.8,0.0,0.0,0.0,2,506.0,525.0,1,512.8,0.0,0.0,0.0,0.0,0.0,6
2023-05-10 21:55:54,sc2403,sc2403,512.8,0.0,0.0,0.0,1,505.9,525.0,1,512.8,0.0,0.0,0.0,0.0,0.0,6
2023-05-10 21:56:05,sc2403,sc2403,512.8,0.0,0.0,0.0,2,506.0,525.0,1,512.8,0.0,0.0,0.0,0.0,0.0,6
2023-05-10 21:57:07,sc2403,sc2403,512.8,0.0,0.0,0.0,1,505.9,525.0,1,512.8,0.0,0.0,0.0,0.0,0.0,6
2023-05-10 21:57:32,sc2403,sc2403,512.8,0.0,0.0,0.0,2,506.0,525.0,1,512.8,0.0,0.0,0.0,0.0,0.0,6
2023-05-10 21:57:53,sc2403,sc2403,512.8,0.0,0.0,0.0,2,506.0,524.9,1,512.8,0.0,0.0,0.0,0.0,0.0,6
2023-05-10 21:58:06,sc2403,sc2403,512.8,0.0,0.0,0.0,2,506.0,524.8,1,512.8,0.0,0.0,0.0,0.0,0.0,6
2023-05-10 21:58:22,sc2403,sc2403,512.8,0.0,0.0,0.0,1,505.9,524.8,1,512.8,0.0,0.0,0.0,0.0,0.0,6
2023-05-10 21:58:58,sc2403,sc2403,512.8,0.0,0.0,0.0,2,506.0,524.8,1,512.8,0.0,0.0,0.0,0.0,0.0,6
2023-05-10 21:59:06,sc2403,sc2403,512.8,0.0,0.0,0.0,1,505.9,524.8,1,512.8,0.0,0.0,0.0,0.0,0.0,6
2023-05-10 21:59:43,sc2403,sc2403,512.8,0.0,0.0,0.0,2,506.0,524.8,1,512.8,0.0,0.0,0.0,0.0,0.0,6
2023-05-10 21:59:55,sc2403,sc2403,512.8,0.0,0.0,0.0,1,505.9,524.8,1,512.8,0.0,0.0,0.0,0.0,0.0,6
2023-05-10 22:00:17,sc2403,sc2403,512.8,0.0,0.0,0.0,1,505.9,524.5,1,512.8,0.0,0.0,0.0,0.0,0.0,6
2023-05-10 22:00:26,sc2403,sc2403,512.8,0.0,0.0,0.0,2,506.0,524.5,1,512.8,0.0,0.0,0.0,0.0,0.0,6
2023-05-10 22:05:22,sc2403,sc2403,512.8,0.0,0.0,0.0,2,506.0,524.5,1,512.8,0.0,0.0,0.0,0.0,0.0,6
2023-05-10 22:05:27,sc2403,sc2403,512.8,0.0,0.0,0.0,1,505.9,524.5,1,512.8,0.0,0.0,0.0,0.0,0.0,6
2023-05-10 22:05:35,sc2403,sc2403,512.8,0.0,0.0,0.0,1,505.9,524.5,1,512.8,0.0,0.0,0.0,0.0,0.0,6
2023-05-10 22:05:36,sc2403,sc2403,512.8,0.0,0.0,0.0,1,505.9,524.5,1,512.8,0.0,0.0,0.0,0.0,0.0,6
2023-05-10 22:06:08,sc2403,sc2403,512.8,0.0,0.0,0.0,2,506.0,524.5,1,512.8,0.0,0.0,0.0,0.0,0.0,6
2023-05-10 22:10:05,sc2403,sc2403,512.8,0.0,0.0,0.0,2,506.0,524.5,1,512.8,0.0,0.0,0.0,0.0,0.0,6
2023-05-10 22:10:06,sc2403,sc2403,512.8,0.0,0.0,0.0,2,506.0,524.5,1,512.8,0.0,0.0,0.0,0.0,0.0,6
2023-05-10 22:10:43,sc2403,sc2403,512.8,0.0,0.0,0.0,1,505.9,524.5,1,512.8,0.0,0.0,0.0,0.0,0.0,6
2023-05-10 22:11:08,sc2403,sc2403,512.8,0.0,0.0,0.0,2,506.0,524.5,1,512.8,0.0,0.0,0.0,0.0,0.0,6
2023-05-10 22:16:06,sc2403,sc2403,512.8,0.0,0.0,0.0,1,505.9,524.5,1,512.8,0.0,0.0,0.0,0.0,0.0,6
2023-05-10 22:16:09,sc2403,sc2403,512.8,0.0,0.0,0.0,2,506.0,524.5,1,512.8,0.0,0.0,0.0,0.0,0.0,6
2023-05-10 22:18:32,sc2403,sc2403,512.8,0.0,0.0,0.0,1,505.9,524.5,1,512.8,0.0,0.0,0.0,0.0,0.0,6
2023-05-10 22:19:04,sc2403,sc2403,512.8,0.0,0.0,0.0,1,505.9,524.4,2,512.8,0.0,0.0,0.0,0.0,0.0,6
2023-05-10 22:20:46,sc2403,sc2403,512.8,0.0,0.0,0.0,1,505.9,524.0,1,512.8,0.0,0.0,0.0,0.0,0.0,6
2023-05-10 22:20:47,sc2403,sc2403,512.8,0.0,0.0,0.0,1,505.9,524.0,1,512.8,0.0,0.0,0.0,0.0,0.0,6
2023-05-10 22:21:14,sc2403,sc2403,512.8,0.0,0.0,0.0,2,506.0,524.0,1,512.8,0.0,0.0,0.0,0.0,0.0,6
2023-05-10 22:21:41,sc2403,sc2403,512.8,0.0,0.0,0.0,1,505.9,524.0,1,512.8,0.0,0.0,0.0,0.0,0.0,6
2023-05-10 22:21:57,sc2403,sc2403,512.8,0.0,0.0,0.0,1,505.9,523.9,2,512.8,0.0,0.0,0.0,0.0,0.0,6
2023-05-10 22:22:01,sc2403,sc2403,512.8,0.0,0.0,0.0,1,505.9,524.0,1,512.8,0.0,0.0,0.0,0.0,0.0,6
2023-05-10 22:22:40,sc2403,sc2403,512.8,0.0,0.0,0.0,2,506.0,524.0,1,512.8,0.0,0.0,0.0,0.0,0.0,6
2023-05-10 22:23:12,sc2403,sc2403,512.8,0.0,0.0,0.0,1,505.9,524.0,1,512.8,0.0,0.0,0.0,0.0,0.0,6
2023-05-10 22:23:26,sc2403,sc2403,512.8,0.0,0.0,0.0,1,505.9,523.9,2,512.8,0.0,0.0,0.0,0.0,0.0,6
2023-05-10 22:28:27,sc2403,sc2403,512.8,0.0,0.0,0.0,1,505.9,524.0,1,512.8,0.0,0.0,0.0,0.0,0.0,6
2023-05-10 22:29:07,sc2403,sc2403,512.8,0.0,0.0,0.0,1,505.9,523.9,2,512.8,0.0,0.0,0.0,0.0,0.0,6
2023-05-10 22:30:01,sc2403,sc2403,512.8,0.0,0.0,0.0,1,505.9,524.0,1,512.8,0.0,0.0,0.0,0.0,0.0,6
2023-05-10 22:30:32,sc2403,sc2403,512.8,0.0,0.0,0.0,2,506.0,524.0,1,512.8,0.0,0.0,0.0,0.0,0.0,6
2023-05-10 22:30:40,sc2403,sc2403,512.8,0.0,0.0,0.0,2,506.0,524.0,1,512.8,0.0,0.0,0.0,0.0,0.0,6
2023-05-10 22:30:41,sc2403,sc2403,512.8,0.0,0.0,0.0,2,506.0,524.0,1,512.8,0.0,0.0,0.0,0.0,0.0,6
2023-05-10 22:33:50,sc2403,sc2403,512.8,0.0,0.0,0.0,2,506.0,524.0,1,512.8,0.0,0.0,0.0,0.0,0.0,6
2023-05-10 22:33:51,sc2403,sc2403,512.8,0.0,0.0,0.0,2,506.0,524.0,1,512.8,0.0,0.0,0.0,0.0,0.0,6
2023-05-10 22:34:04,sc2403,sc2403,512.8,0.0,0.0,0.0,1,505.9,524.0,1,512.8,0.0,0.0,0.0,0.0,0.0,6
2023-05-10 22:34:08,sc2403,sc2403,512.8,0.0,0.0,0.0,1,505.9,523.9,2,512.8,0.0,0.0,0.0,0.0,0.0,6
2023-05-10 22:34:12,sc2403,sc2403,512.8,0.0,0.0,0.0,1,505.9,523.9,2,512.8,0.0,0.0,0.0,0.0,0.0,6
2023-05-10 22:34:13,sc2403,sc2403,512.8,0.0,0.0,0.0,1,505.9,523.9,2,512.8,0.0,0.0,0.0,0.0,0.0,6
2023-05-10 22:35:01,sc2403,sc2403,512.8,0.0,0.0,0.0,1,505.9,524.0,1,512.8,0.0,0.0,0.0,0.0,0.0,6
2023-05-10 22:35:35,sc2403,sc2403,512.8,0.0,0.0,0.0,1,505.9,523.9,2,512.8,0.0,0.0,0.0,0.0,0.0,6
2023-05-10 22:35:44,sc2403,sc2403,512.8,0.0,0.0,0.0,1,505.9,524.0,1,512.8,0.0,0.0,0.0,0.0,0.0,6
2023-05-10 22:36:19,sc2403,sc2403,512.8,0.0,0.0,0.0,1,505.9,523.9,2,512.8,0.0,0.0,0.0,0.0,0.0,6
2023-05-10 22:37:00,sc2403,sc2403,512.8,0.0,0.0,0.0,1,505.9,523.9,2,512.8,0.0,0.0,0.0,0.0,0.0,6
2023-05-10 22:37:01,sc2403,sc2403,512.8,0.0,0.0,0.0,1,505.9,523.9,2,512.8,0.0,0.0,0.0,0.0,0.0,6
2023-05-10 22:37:12,sc2403,sc2403,512.8,0.0,0.0,0.0,1,505.9,523.5,1,512.8,0.0,0.0,0.0,0.0,0.0,6
2023-05-10 22:37:13,sc2403,sc2403,512.8,0.0,0.0,0.0,1,504.6,523.5,1,512.8,0.0,0.0,0.0,0.0,0.0,6
2023-05-10 22:37:13,sc2403,sc2403,512.8,0.0,0.0,0.0,1,504.6,523.5,1,512.8,0.0,0.0,0.0,0.0,0.0,6
2023-05-10 22:37:14,sc2403,sc2403,512.8,0.0,0.0,0.0,1,504.6,523.5,1,512.8,0.0,0.0,0.0,0.0,0.0,6
2023-05-10 22:37:15,sc2403,sc2403,512.8,0.0,0.0,0.0,1,504.6,523.5,1,512.8,0.0,0.0,0.0,0.0,0.0,6
2023-05-10 22:37:17,sc2403,sc2403,512.8,0.0,0.0,0.0,1,503.1,523.5,1,512.8,0.0,0.0,0.0,0.0,0.0,6
2023-05-10 22:37:51,sc2403,sc2403,512.8,0.0,0.0,0.0,1,503.1,523.5,1,512.8,0.0,0.0,0.0,0.0,0.0,6
2023-05-10 22:38:31,sc2403,sc2403,512.8,0.0,0.0,0.0,1,503.1,523.4,2,512.8,0.0,0.0,0.0,0.0,0.0,6
2023-05-10 22:39:35,sc2403,sc2403,512.8,0.0,0.0,0.0,1,503.1,523.5,1,512.8,0.0,0.0,0.0,0.0,0.0,6
2023-05-10 22:39:56,sc2403,sc2403,512.8,0.0,0.0,0.0,2,503.2,523.5,1,512.8,0.0,0.0,0.0,0.0,0.0,6
2023-05-10 22:40:17,sc2403,sc2403,512.8,0.0,0.0,0.0,2,503.2,523.5,1,512.8,0.0,0.0,0.0,0.0,0.0,6
2023-05-10 22:40:18,sc2403,sc2403,512.8,0.0,0.0,0.0,2,503.2,523.5,1,512.8,0.0,0.0,0.0,0.0,0.0,6
2023-05-10 22:41:02,sc2403,sc2403,512.8,0.0,0.0,0.0,1,503.1,523.5,1,512.8,0.0,0.0,0.0,0.0,0.0,6
2023-05-10 22:41:23,sc2403,sc2403,512.8,0.0,0.0,0.0,2,503.2,523.5,1,512.8,0.0,0.0,0.0,0.0,0.0,6
2023-05-10 22:41:33,sc2403,sc2403,512.8,0.0,0.0,0.0,1,503.1,523.5,1,512.8,0.0,0.0,0.0,0.0,0.0,6
2023-05-10 22:42:08,sc2403,sc2403,512.8,0.0,0.0,0.0,1,503.1,523.4,2,512.8,0.0,0.0,0.0,0.0,0.0,6
2023-05-10 22:42:41,sc2403,sc2403,512.8,0.0,0.0,0.0,1,503.1,523.5,1,512.8,0.0,0.0,0.0,0.0,0.0,6
2023-05-10 22:42:52,sc2403,sc2403,512.8,0.0,0.0,0.0,2,503.2,523.5,1,512.8,0.0,0.0,0.0,0.0,0.0,6
2023-05-10 22:44:01,sc2403,sc2403,512.8,0.0,0.0,0.0,2,503.2,523.0,1,512.8,0.0,0.0,0.0,0.0,0.0,6
2023-05-10 22:46:01,sc2403,sc2403,512.8,0.0,0.0,0.0,1,503.1,523.0,1,512.8,0.0,0.0,0.0,0.0,0.0,6
2023-05-10 22:46:30,sc2403,sc2403,512.8,0.0,0.0,0.0,1,503.1,522.9,2,512.8,0.0,0.0,0.0,0.0,0.0,6
2023-05-10 22:46:51,sc2403,sc2403,512.8,0.0,0.0,0.0,1,503.1,522.8,1,512.8,0.0,0.0,0.0,0.0,0.0,6
2023-05-10 22:46:57,sc2403,sc2403,512.8,0.0,0.0,0.0,1,503.1,522.8,1,512.8,0.0,0.0,0.0,0.0,0.0,6
2023-05-10 22:47:14,sc2403,sc2403,512.8,0.0,0.0,0.0,2,503.2,522.8,1,512.8,0.0,0.0,0.0,0.0,0.0,6
2023-05-10 22:49:00,sc2403,sc2403,512.8,0.0,0.0,0.0,2,503.2,522.5,1,512.8,0.0,0.0,0.0,0.0,0.0,6
2023-05-10 22:51:03,sc2403,sc2403,512.8,0.0,0.0,0.0,1,503.1,522.5,1,512.8,0.0,0.0,0.0,0.0,0.0,6
2023-05-10 22:51:32,sc2403,sc2403,512.8,0.0,0.0,0.0,1,503.1,522.4,2,512.8,0.0,0.0,0.0,0.0,0.0,6
2023-05-10 22:52:28,sc2403,sc2403,512.8,0.0,0.0,0.0,1,503.1,522.5,1,512.8,0.0,0.0,0.0,0.0,0.0,6
2023-05-10 22:53:01,sc2403,sc2403,512.8,0.0,0.0,0.0,1,503.1,522.4,2,512.8,0.0,0.0,0.0,0.0,0.0,6
2023-05-10 22:53:09,sc2403,sc2403,512.8,0.0,0.0,0.0,1,503.1,522.5,1,512.8,0.0,0.0,0.0,0.0,0.0,6
2023-05-10 22:53:45,sc2403,sc2403,512.8,0.0,0.0,0.0,2,503.2,522.5,1,512.8,0.0,0.0,0.0,0.0,0.0,6
2023-05-10 22:58:12,sc2403,sc2403,512.8,0.0,0.0,0.0,1,503.1,522.5,1,512.8,0.0,0.0,0.0,0.0,0.0,6
2023-05-10 22:58:46,sc2403,sc2403,512.8,0.0,0.0,0.0,2,503.2,522.5,1,512.8,0.0,0.0,0.0,0.0,0.0,6
2023-05-10 22:58:54,sc2403,sc2403,512.8,0.0,0.0,0.0,2,503.2,522.8,1,512.8,0.0,0.0,0.0,0.0,0.0,6
2023-05-10 22:58:58,sc2403,sc2403,512.8,0.0,0.0,0.0,1,503.1,522.8,1,512.8,0.0,0.0,0.0,0.0,0.0,6
2023-05-10 22:59:31,sc2403,sc2403,512.8,0.0,0.0,0.0,2,503.2,522.8,1,512.8,0.0,0.0,0.0,0.0,0.0,6
2023-05-10 23:01:36,sc2403,sc2403,512.8,0.0,0.0,0.0,2,503.2,522.8,1,512.8,0.0,0.0,0.0,0.0,0.0,6
2023-05-10 23:01:37,sc2403,sc2403,512.8,0.0,0.0,0.0,2,503.2,522.8,1,512.8,0.0,0.0,0.0,0.0,0.0,6
2023-05-10 23:04:29,sc2403,sc2403,512.8,0.0,0.0,0.0,1,503.1,522.8,1,512.8,0.0,0.0,0.0,0.0,0.0,6
2023-05-10 23:04:31,sc2403,sc2403,512.8,0.0,0.0,0.0,2,503.2,522.8,1,512.8,0.0,0.0,0.0,0.0,0.0,6
2023-05-10 23:07:25,sc2403,sc2403,512.8,0.0,0.0,0.0,1,505.9,522.8,1,512.8,0.0,0.0,0.0,0.0,0.0,6
2023-05-10 23:07:31,sc2403,sc2403,512.8,0.0,0.0,0.0,1,505.9,522.8,1,512.8,0.0,0.0,0.0,0.0,0.0,6
2023-05-10 23:07:35,sc2403,sc2403,512.8,0.0,0.0,0.0,1,505.9,522.8,1,512.8,0.0,0.0,0.0,0.0,0.0,6
2023-05-10 23:08:02,sc2403,sc2403,512.8,0.0,0.0,0.0,1,505.9,522.8,1,512.8,0.0,0.0,0.0,0.0,0.0,6
2023-05-10 23:08:03,sc2403,sc2403,512.8,0.0,0.0,0.0,1,505.9,522.8,1,512.8,0.0,0.0,0.0,0.0,0.0,6
2023-05-10 23:08:04,sc2403,sc2403,512.8,0.0,0.0,0.0,1,505.9,522.8,1,512.8,0.0,0.0,0.0,0.0,0.0,6
2023-05-10 23:08:44,sc2403,sc2403,512.8,0.0,0.0,0.0,2,506.0,522.8,1,512.8,0.0,0.0,0.0,0.0,0.0,6
2023-05-10 23:13:44,sc2403,sc2403,512.8,0.0,0.0,0.0,1,505.9,522.8,1,512.8,0.0,0.0,0.0,0.0,0.0,6
2023-05-10 23:14:24,sc2403,sc2403,512.8,0.0,0.0,0.0,2,506.0,522.8,1,512.8,0.0,0.0,0.0,0.0,0.0,6
2023-05-10 23:16:06,sc2403,sc2403,512.8,0.0,0.0,0.0,2,506.0,522.8,1,512.8,0.0,0.0,0.0,0.0,0.0,6
2023-05-10 23:16:28,sc2403,sc2403,512.8,0.0,0.0,0.0,2,506.0,522.8,1,512.8,0.0,0.0,0.0,0.0,0.0,6
2023-05-10 23:18:15,sc2403,sc2403,512.8,0.0,0.0,0.0,2,506.0,522.8,1,512.8,0.0,0.0,0.0,0.0,0.0,6
2023-05-10 23:18:16,sc2403,sc2403,512.8,0.0,0.0,0.0,2,506.0,522.8,1,512.8,0.0,0.0,0.0,0.0,0.0,6
2023-05-10 23:18:35,sc2403,sc2403,512.8,0.0,0.0,0.0,2,506.0,526.2,1,512.8,0.0,0.0,0.0,0.0,0.0,6
2023-05-10 23:19:23,sc2403,sc2403,512.8,0.0,0.0,0.0,1,505.9,526.2,1,512.8,0.0,0.0,0.0,0.0,0.0,6
2023-05-10 23:19:28,sc2403,sc2403,512.8,0.0,0.0,0.0,2,506.0,526.2,1,512.8,0.0,0.0,0.0,0.0,0.0,6
2023-05-10 23:19:40,sc2403,sc2403,512.8,0.0,0.0,0.0,1,505.9,526.2,1,512.8,0.0,0.0,0.0,0.0,0.0,6
2023-05-10 23:20:12,sc2403,sc2403,512.8,0.0,0.0,0.0,1,505.9,526.1,2,512.8,0.0,0.0,0.0,0.0,0.0,6
2023-05-10 23:21:48,sc2403,sc2403,512.8,0.0,0.0,0.0,1,505.9,526.2,1,512.8,0.0,0.0,0.0,0.0,0.0,6
2023-05-10 23:22:18,sc2403,sc2403,512.8,0.0,0.0,0.0,2,506.0,526.2,1,512.8,0.0,0.0,0.0,0.0,0.0,6
2023-05-10 23:23:13,sc2403,sc2403,512.8,0.0,0.0,0.0,1,505.9,526.2,1,512.8,0.0,0.0,0.0,0.0,0.0,6
2023-05-10 23:23:45,sc2403,sc2403,512.8,0.0,0.0,0.0,2,506.0,526.2,1,512.8,0.0,0.0,0.0,0.0,0.0,6
2023-05-10 23:23:55,sc2403,sc2403,512.8,0.0,0.0,0.0,1,505.9,526.2,1,512.8,0.0,0.0,0.0,0.0,0.0,6
2023-05-10 23:24:28,sc2403,sc2403,512.8,0.0,0.0,0.0,1,505.9,526.1,2,512.8,0.0,0.0,0.0,0.0,0.0,6
2023-05-10 23:25:36,sc2403,sc2403,512.8,0.0,0.0,0.0,1,505.9,526.2,1,512.8,0.0,0.0,0.0,0.0,0.0,6
2023-05-10 23:25:52,sc2403,sc2403,512.8,0.0,0.0,0.0,2,506.0,526.2,1,512.8,0.0,0.0,0.0,0.0,0.0,6
2023-05-10 23:25:54,sc2403,sc2403,512.8,0.0,0.0,0.0,1,508.6,526.2,1,512.8,0.0,0.0,0.0,0.0,0.0,6
2023-05-10 23:25:56,sc2403,sc2403,512.8,0.0,0.0,0.0,1,508.6,526.2,1,512.8,0.0,0.0,0.0,0.0,0.0,6
2023-05-10 23:26:34,sc2403,sc2403,512.8,0.0,0.0,0.0,1,508.6,526.1,2,512.8,0.0,0.0,0.0,0.0,0.0,6
2023-05-10 23:31:34,sc2403,sc2403,512.8,0.0,0.0,0.0,1,508.6,526.2,1,512.8,0.0,0.0,0.0,0.0,0.0,6
2023-05-10 23:32:13,sc2403,sc2403,512.8,0.0,0.0,0.0,1,508.6,526.1,2,512.8,0.0,0.0,0.0,0.0,0.0,6
2023-05-10 23:37:12,sc2403,sc2403,512.8,0.0,0.0,0.0,1,508.6,526.2,1,512.8,0.0,0.0,0.0,0.0,0.0,6
2023-05-10 23:37:52,sc2403,sc2403,512.8,0.0,0.0,0.0,1,508.6,526.1,2,512.8,0.0,0.0,0.0,0.0,0.0,6
2023-05-10 23:38:48,sc2403,sc2403,512.8,0.0,0.0,0.0,1,508.6,526.1,2,512.8,0.0,0.0,0.0,0.0,0.0,6
2023-05-10 23:38:49,sc2403,sc2403,512.8,0.0,0.0,0.0,1,508.6,526.1,2,512.8,0.0,0.0,0.0,0.0,0.0,6
2023-05-10 23:39:16,sc2403,sc2403,512.8,0.0,0.0,0.0,1,505.9,526.1,2,512.8,0.0,0.0,0.0,0.0,0.0,6
2023-05-10 23:42:52,sc2403,sc2403,512.8,0.0,0.0,0.0,1,505.9,526.2,1,512.8,0.0,0.0,0.0,0.0,0.0,6
2023-05-10 23:42:55,sc2403,sc2403,512.8,0.0,0.0,0.0,1,505.9,526.1,2,512.8,0.0,0.0,0.0,0.0,0.0,6
2023-05-10 23:47:55,sc2403,sc2403,512.8,0.0,0.0,0.0,1,505.9,526.2,1,512.8,0.0,0.0,0.0,0.0,0.0,6
2023-05-10 23:48:29,sc2403,sc2403,512.8,0.0,0.0,0.0,1,505.9,526.1,2,512.8,0.0,0.0,0.0,0.0,0.0,6
2023-05-10 23:51:01,sc2403,sc2403,512.8,0.0,0.0,0.0,1,505.9,526.2,1,512.8,0.0,0.0,0.0,0.0,0.0,6
2023-05-10 23:51:17,sc2403,sc2403,512.8,0.0,0.0,0.0,2,506.0,526.2,1,512.8,0.0,0.0,0.0,0.0,0.0,6
2023-05-10 23:53:56,sc2403,sc2403,512.8,0.0,0.0,0.0,1,505.9,526.2,1,512.8,0.0,0.0,0.0,0.0,0.0,6
2023-05-10 23:54:03,sc2403,sc2403,512.8,0.0,0.0,0.0,1,505.9,526.1,2,512.8,0.0,0.0,0.0,0.0,0.0,6
2023-05-10 23:54:06,sc2403,sc2403,512.8,0.0,0.0,0.0,1,505.9,526.2,1,512.8,0.0,0.0,0.0,0.0,0.0,6
2023-05-10 23:54:47,sc2403,sc2403,512.8,0.0,0.0,0.0,2,506.0,526.2,1,512.8,0.0,0.0,0.0,0.0,0.0,6
2023-05-10 23:59:42,sc2403,sc2403,512.8,0.0,0.0,0.0,1,505.9,526.2,1,512.8,0.0,0.0,0.0,0.0,0.0,6
2023-05-11 00:00:14,sc2403,sc2403,512.8,0.0,0.0,0.0,2,506.0,526.2,1,512.8,0.0,0.0,0.0,0.0,0.0,6
2023-05-11 00:00:44,sc2403,sc2403,512.8,0.0,0.0,0.0,1,505.9,526.2,1,512.8,0.0,0.0,0.0,0.0,0.0,6
2023-05-11 00:00:54,sc2403,sc2403,512.8,0.0,0.0,0.0,1,505.9,526.2,1,512.8,0.0,0.0,0.0,0.0,0.0,6
2023-05-11 00:00:55,sc2403,sc2403,512.8,0.0,0.0,0.0,1,505.9,526.2,1,512.8,0.0,0.0,0.0,0.0,0.0,6
2023-05-11 00:00:58,sc2403,sc2403,512.8,0.0,0.0,0.0,1,505.9,526.1,2,512.8,0.0,0.0,0.0,0.0,0.0,6
2023-05-11 00:03:04,sc2403,sc2403,512.8,0.0,0.0,0.0,1,505.9,526.2,1,512.8,0.0,0.0,0.0,0.0,0.0,6
2023-05-11 00:03:07,sc2403,sc2403,512.8,0.0,0.0,0.0,2,506.0,526.2,1,512.8,0.0,0.0,0.0,0.0,0.0,6
2023-05-11 00:04:25,sc2403,sc2403,512.8,0.0,0.0,0.0,1,505.9,526.2,1,512.8,0.0,0.0,0.0,0.0,0.0,6
2023-05-11 00:04:31,sc2403,sc2403,512.8,0.0,0.0,0.0,2,506.0,526.2,1,512.8,0.0,0.0,0.0,0.0,0.0,6
2023-05-11 00:05:54,sc2403,sc2403,512.8,0.0,0.0,0.0,2,506.0,526.2,1,512.8,0.0,0.0,0.0,0.0,0.0,6
2023-05-11 00:07:23,sc2403,sc2403,512.8,0.0,0.0,0.0,2,506.0,526.2,1,512.8,0.0,0.0,0.0,0.0,0.0,6
2023-05-11 00:07:24,sc2403,sc2403,512.8,0.0,0.0,0.0,2,506.0,526.2,1,512.8,0.0,0.0,0.0,0.0,0.0,6
2023-05-11 00:09:31,sc2403,sc2403,512.8,0.0,0.0,0.0,1,505.9,526.2,1,512.8,0.0,0.0,0.0,0.0,0.0,6
2023-05-11 00:09:34,sc2403,sc2403,512.8,0.0,0.0,0.0,2,506.0,526.2,1,512.8,0.0,0.0,0.0,0.0,0.0,6
2023-05-11 00:11:06,sc2403,sc2403,512.8,0.0,0.0,0.0,1,505.9,526.2,1,512.8,0.0,0.0,0.0,0.0,0.0,6
2023-05-11 00:11:43,sc2403,sc2403,512.8,0.0,0.0,0.0,2,506.0,526.2,1,512.8,0.0,0.0,0.0,0.0,0.0,6
2023-05-11 00:16:42,sc2403,sc2403,512.8,0.0,0.0,0.0,1,505.9,526.2,1,512.8,0.0,0.0,0.0,0.0,0.0,6
2023-05-11 00:17:20,sc2403,sc2403,512.8,0.0,0.0,0.0,2,506.0,526.2,1,512.8,0.0,0.0,0.0,0.0,0.0,6
2023-05-11 00:19:28,sc2403,sc2403,512.8,0.0,0.0,0.0,2,506.0,526.2,1,512.8,0.0,0.0,0.0,0.0,0.0,6
2023-05-11 00:19:29,sc2403,sc2403,512.8,0.0,0.0,0.0,2,506.0,526.2,1,512.8,0.0,0.0,0.0,0.0,0.0,6
2023-05-11 00:22:21,sc2403,sc2403,512.8,0.0,0.0,0.0,1,505.9,526.2,1,512.8,0.0,0.0,0.0,0.0,0.0,6
2023-05-11 00:23:02,sc2403,sc2403,512.8,0.0,0.0,0.0,2,506.0,526.2,1,512.8,0.0,0.0,0.0,0.0,0.0,6
2023-05-11 00:28:01,sc2403,sc2403,512.8,0.0,0.0,0.0,1,505.9,526.2,1,512.8,0.0,0.0,0.0,0.0,0.0,6
2023-05-11 00:28:37,sc2403,sc2403,512.8,0.0,0.0,0.0,2,506.0,526.2,1,512.8,0.0,0.0,0.0,0.0,0.0,6
2023-05-11 00:32:55,sc2403,sc2403,512.8,0.0,0.0,0.0,1,505.9,526.2,1,512.8,0.0,0.0,0.0,0.0,0.0,6
2023-05-11 00:32:59,sc2403,sc2403,512.8,0.0,0.0,0.0,1,505.9,526.1,2,512.8,0.0,0.0,0.0,0.0,0.0,6
2023-05-11 00:33:09,sc2403,sc2403,512.8,0.0,0.0,0.0,1,505.9,526.2,1,512.8,0.0,0.0,0.0,0.0,0.0,6
2023-05-11 00:33:41,sc2403,sc2403,512.8,0.0,0.0,0.0,2,506.0,526.2,1,512.8,0.0,0.0,0.0,0.0,0.0,6
2023-05-11 00:36:46,sc2403,sc2403,512.8,0.0,0.0,0.0,1,505.9,526.2,1,512.8,0.0,0.0,0.0,0.0,0.0,6
2023-05-11 00:37:18,sc2403,sc2403,512.8,0.0,0.0,0.0,2,506.0,526.2,1,512.8,0.0,0.0,0.0,0.0,0.0,6
2023-05-11 00:39:03,sc2403,sc2403,512.8,0.0,0.0,0.0,1,505.9,526.2,1,512.8,0.0,0.0,0.0,0.0,0.0,6
2023-05-11 00:39:24,sc2403,sc2403,512.8,0.0,0.0,0.0,1,505.9,526.1,2,512.8,0.0,0.0,0.0,0.0,0.0,6
2023-05-11 00:42:13,sc2403,sc2403,512.8,0.0,0.0,0.0,1,505.9,526.1,2,512.8,0.0,0.0,0.0,0.0,0.0,6
2023-05-11 00:44:24,sc2403,sc2403,512.8,0.0,0.0,0.0,1,505.9,526.2,1,512.8,0.0,0.0,0.0,0.0,0.0,6
2023-05-11 00:45:03,sc2403,sc2403,512.8,0.0,0.0,0.0,1,505.9,526.1,2,512.8,0.0,0.0,0.0,0.0,0.0,6
2023-05-11 00:50:03,sc2403,sc2403,512.8,0.0,0.0,0.0,1,505.9,526.2,1,512.8,0.0,0.0,0.0,0.0,0.0,6
2023-05-11 00:50:38,sc2403,sc2403,512.8,0.0,0.0,0.0,1,505.9,526.1,2,512.8,0.0,0.0,0.0,0.0,0.0,6
2023-05-11 00:52:43,sc2403,sc2403,512.8,0.0,0.0,0.0,1,505.9,526.1,2,512.8,0.0,0.0,0.0,0.0,0.0,6
2023-05-11 00:52:43,sc2403,sc2403,512.8,0.0,0.0,0.0,1,505.9,526.1,2,512.8,0.0,0.0,0.0,0.0,0.0,6
2023-05-11 00:55:39,sc2403,sc2403,512.8,0.0,0.0,0.0,1,505.9,526.2,1,512.8,0.0,0.0,0.0,0.0,0.0,6
2023-05-11 00:56:19,sc2403,sc2403,512.8,0.0,0.0,0.0,1,505.9,526.1,2,512.8,0.0,0.0,0.0,0.0,0.0,6
2023-05-11 01:01:19,sc2403,sc2403,512.8,0.0,0.0,0.0,1,505.9,526.2,1,512.8,0.0,0.0,0.0,0.0,0.0,6
2023-05-11 01:01:57,sc2403,sc2403,512.8,0.0,0.0,0.0,1,505.9,526.1,2,512.8,0.0,0.0,0.0,0.0,0.0,6
2023-05-11 01:02:01,sc2403,sc2403,512.8,0.0,0.0,0.0,1,505.9,526.1,2,512.8,0.0,0.0,0.0,0.0,0.0,6
2023-05-11 01:02:01,sc2403,sc2403,512.8,0.0,0.0,0.0,1,505.9,526.1,2,512.8,0.0,0.0,0.0,0.0,0.0,6
2023-05-11 01:06:56,sc2403,sc2403,512.8,0.0,0.0,0.0,1,505.9,526.2,1,512.8,0.0,0.0,0.0,0.0,0.0,6
2023-05-11 01:07:31,sc2403,sc2403,512.8,0.0,0.0,0.0,1,505.9,526.2,1,512.8,0.0,0.0,0.0,0.0,0.0,6
2023-05-11 01:07:36,sc2403,sc2403,512.8,0.0,0.0,0.0,1,505.9,526.1,2,512.8,0.0,0.0,0.0,0.0,0.0,6
2023-05-11 01:11:01,sc2403,sc2403,512.8,0.0,0.0,0.0,1,505.9,526.1,2,512.8,0.0,0.0,0.0,0.0,0.0,6
2023-05-11 01:11:01,sc2403,sc2403,512.8,0.0,0.0,0.0,1,505.9,526.1,2,512.8,0.0,0.0,0.0,0.0,0.0,6
2023-05-11 01:12:22,sc2403,sc2403,512.8,0.0,0.0,0.0,1,505.9,523.5,1,512.8,0.0,0.0,0.0,0.0,0.0,6
2023-05-11 01:12:27,sc2403,sc2403,512.8,0.0,0.0,0.0,1,504.4,523.5,1,512.8,0.0,0.0,0.0,0.0,0.0,6
2023-05-11 01:12:28,sc2403,sc2403,512.8,0.0,0.0,0.0,1,504.4,523.5,1,512.8,0.0,0.0,0.0,0.0,0.0,6
2023-05-11 01:12:35,sc2403,sc2403,512.8,0.0,0.0,0.0,2,504.5,523.5,1,512.8,0.0,0.0,0.0,0.0,0.0,6
2023-05-11 01:17:34,sc2403,sc2403,512.8,0.0,0.0,0.0,1,504.4,523.5,1,512.8,0.0,0.0,0.0,0.0,0.0,6
2023-05-11 01:17:40,sc2403,sc2403,512.8,0.0,0.0,0.0,2,504.5,523.5,1,512.8,0.0,0.0,0.0,0.0,0.0,6
2023-05-11 01:21:09,sc2403,sc2403,512.8,0.0,0.0,0.0,2,504.5,523.5,1,512.8,0.0,0.0,0.0,0.0,0.0,6
2023-05-11 01:22:39,sc2403,sc2403,512.8,0.0,0.0,0.0,1,504.4,523.5,1,512.8,0.0,0.0,0.0,0.0,0.0,6
2023-05-11 01:23:19,sc2403,sc2403,512.8,0.0,0.0,0.0,2,504.5,523.5,1,512.8,0.0,0.0,0.0,0.0,0.0,6
2023-05-11 01:24:15,sc2403,sc2403,512.8,0.0,0.0,0.0,1,504.4,523.5,1,512.8,0.0,0.0,0.0,0.0,0.0,6
2023-05-11 01:24:24,sc2403,sc2403,512.8,0.0,0.0,0.0,1,504.4,523.5,1,512.8,0.0,0.0,0.0,0.0,0.0,6
2023-05-11 01:24:24,sc2403,sc2403,512.8,0.0,0.0,0.0,1,504.4,523.5,1,512.8,0.0,0.0,0.0,0.0,0.0,6
2023-05-11 01:24:42,sc2403,sc2403,512.8,0.0,0.0,0.0,1,504.4,523.4,2,512.8,0.0,0.0,0.0,0.0,0.0,6
2023-05-11 01:24:57,sc2403,sc2403,512.8,0.0,0.0,0.0,1,503.1,523.4,2,512.8,0.0,0.0,0.0,0.0,0.0,6
2023-05-11 01:25:01,sc2403,sc2403,512.8,0.0,0.0,0.0,1,503.1,523.4,2,512.8,0.0,0.0,0.0,0.0,0.0,6
2023-05-11 01:25:02,sc2403,sc2403,512.8,0.0,0.0,0.0,1,503.1,523.4,2,512.8,0.0,0.0,0.0,0.0,0.0,6
2023-05-11 01:25:02,sc2403,sc2403,512.8,0.0,0.0,0.0,1,503.1,523.4,2,512.8,0.0,0.0,0.0,0.0,0.0,6
2023-05-11 01:25:11,sc2403,sc2403,512.8,0.0,0.0,0.0,1,503.1,520.8,1,512.8,0.0,0.0,0.0,0.0,0.0,6
2023-05-11 01:25:11,sc2403,sc2403,512.8,0.0,0.0,0.0,1,503.1,520.8,1,512.8,0.0,0.0,0.0,0.0,0.0,6
2023-05-11 01:25:13,sc2403,sc2403,512.8,0.0,0.0,0.0,1,503.1,520.8,1,512.8,0.0,0.0,0.0,0.0,0.0,6
2023-05-11 01:25:18,sc2403,sc2403,512.8,0.0,0.0,0.0,1,503.1,520.8,1,512.8,0.0,0.0,0.0,0.0,0.0,6
2023-05-11 01:25:26,sc2403,sc2403,512.8,0.0,0.0,0.0,2,503.2,520.8,1,512.8,0.0,0.0,0.0,0.0,0.0,6
2023-05-11 01:25:36,sc2403,sc2403,512.8,0.0,0.0,0.0,1,503.1,520.8,1,512.8,0.0,0.0,0.0,0.0,0.0,6
2023-05-11 01:25:36,sc2403,sc2403,512.8,0.0,0.0,0.0,2,500.4,520.8,1,512.8,0.0,0.0,0.0,0.0,0.0,6
2023-05-11 01:25:47,sc2403,sc2403,512.8,0.0,0.0,0.0,2,500.4,520.8,1,512.8,0.0,0.0,0.0,0.0,0.0,6
2023-05-11 01:25:50,sc2403,sc2403,512.8,0.0,0.0,0.0,2,500.4,520.8,1,512.8,0.0,0.0,0.0,0.0,0.0,6
2023-05-11 01:25:52,sc2403,sc2403,512.8,0.0,0.0,0.0,2,500.4,520.8,1,512.8,0.0,0.0,0.0,0.0,0.0,6
2023-05-11 01:26:05,sc2403,sc2403,512.8,0.0,0.0,0.0,2,500.4,520.8,2,512.8,0.0,0.0,0.0,0.0,0.0,6
2023-05-11 01:26:11,sc2403,sc2403,512.8,0.0,0.0,0.0,2,500.5,520.8,2,512.8,0.0,0.0,0.0,0.0,0.0,6
2023-05-11 01:27:42,sc2403,sc2403,512.8,0.0,0.0,0.0,2,500.4,520.8,2,512.8,0.0,0.0,0.0,0.0,0.0,6
2023-05-11 01:28:05,sc2403,sc2403,512.8,0.0,0.0,0.0,2,500.4,520.8,2,512.8,0.0,0.0,0.0,0.0,0.0,6
2023-05-11 01:28:07,sc2403,sc2403,512.8,0.0,0.0,0.0,2,500.4,520.8,2,512.8,0.0,0.0,0.0,0.0,0.0,6
2023-05-11 01:28:22,sc2403,sc2403,512.8,0.0,0.0,0.0,2,500.4,520.7,2,512.8,0.0,0.0,0.0,0.0,0.0,6
2023-05-11 01:28:27,sc2403,sc2403,512.8,0.0,0.0,0.0,1,500.4,520.7,2,512.8,0.0,0.0,0.0,0.0,0.0,6
2023-05-11 01:28:28,sc2403,sc2403,512.8,0.0,0.0,0.0,1,500.4,518.0,1,512.8,0.0,0.0,0.0,0.0,0.0,6
2023-05-11 01:28:28,sc2403,sc2403,512.8,0.0,0.0,0.0,1,500.4,518.0,1,512.8,0.0,0.0,0.0,0.0,0.0,6
2023-05-11 01:28:29,sc2403,sc2403,512.8,0.0,0.0,0.0,1,500.4,518.0,1,512.8,0.0,0.0,0.0,0.0,0.0,6
2023-05-11 01:29:04,sc2403,sc2403,512.8,0.0,0.0,0.0,2,500.5,518.0,1,512.8,0.0,0.0,0.0,0.0,0.0,6
2023-05-11 01:29:07,sc2403,sc2403,512.8,0.0,0.0,0.0,2,500.5,518.0,1,512.8,0.0,0.0,0.0,0.0,0.0,6
2023-05-11 01:29:07,sc2403,sc2403,512.8,0.0,0.0,0.0,2,500.5,518.0,1,512.8,0.0,0.0,0.0,0.0,0.0,6
2023-05-11 01:30:14,sc2403,sc2403,512.8,0.0,0.0,0.0,2,500.5,520.7,1,512.8,0.0,0.0,0.0,0.0,0.0,6
2023-05-11 01:30:15,sc2403,sc2403,512.8,0.0,0.0,0.0,1,500.4,520.7,1,512.8,0.0,0.0,0.0,0.0,0.0,6
2023-05-11 01:30:29,sc2403,sc2403,512.8,0.0,0.0,0.0,1,500.4,520.6,2,512.8,0.0,0.0,0.0,0.0,0.0,6
2023-05-11 01:30:41,sc2403,sc2403,512.8,0.0,0.0,0.0,1,500.4,520.7,1,512.8,0.0,0.0,0.0,0.0,0.0,6
2023-05-11 01:30:48,sc2403,sc2403,512.8,0.0,0.0,0.0,1,500.5,520.7,1,512.8,0.0,0.0,0.0,0.0,0.0,6
2023-05-11 01:31:13,sc2403,sc2403,512.8,0.0,0.0,0.0,2,500.6,520.7,1,512.8,0.0,0.0,0.0,0.0,0.0,6
2023-05-11 01:32:43,sc2403,sc2403,512.8,0.0,0.0,0.0,1,500.5,520.7,1,512.8,0.0,0.0,0.0,0.0,0.0,6
2023-05-11 01:33:22,sc2403,sc2403,512.8,0.0,0.0,0.0,2,500.6,520.7,1,512.8,0.0,0.0,0.0,0.0,0.0,6
2023-05-11 01:33:30,sc2403,sc2403,512.8,0.0,0.0,0.0,1,500.5,520.7,1,512.8,0.0,0.0,0.0,0.0,0.0,6
2023-05-11 01:34:05,sc2403,sc2403,512.8,0.0,0.0,0.0,1,500.5,520.6,2,512.8,0.0,0.0,0.0,0.0,0.0,6
2023-05-11 01:37:20,sc2403,sc2403,512.8,0.0,0.0,0.0,1,500.5,520.6,2,512.8,0.0,0.0,0.0,0.0,0.0,6
2023-05-11 01:37:20,sc2403,sc2403,512.8,0.0,0.0,0.0,1,500.5,520.6,2,512.8,0.0,0.0,0.0,0.0,0.0,6
2023-05-11 01:39:05,sc2403,sc2403,512.8,0.0,0.0,0.0,1,500.5,520.7,1,512.8,0.0,0.0,0.0,0.0,0.0,6
2023-05-11 01:39:07,sc2403,sc2403,512.8,0.0,0.0,0.0,1,500.5,520.6,2,512.8,0.0,0.0,0.0,0.0,0.0,6
2023-05-11 01:39:51,sc2403,sc2403,512.8,0.0,0.0,0.0,1,500.5,520.6,2,512.8,0.0,0.0,0.0,0.0,0.0,6
2023-05-11 01:39:53,sc2403,sc2403,512.8,0.0,0.0,0.0,1,500.5,520.6,2,512.8,0.0,0.0,0.0,0.0,0.0,6
2023-05-11 01:39:53,sc2403,sc2403,512.8,0.0,0.0,0.0,1,500.5,520.6,2,512.8,0.0,0.0,0.0,0.0,0.0,6
2023-05-11 01:42:28,sc2403,sc2403,512.8,0.0,0.0,0.0,1,500.5,520.6,2,512.8,0.0,0.0,0.0,0.0,0.0,6
2023-05-11 01:42:30,sc2403,sc2403,512.8,0.0,0.0,0.0,1,500.5,520.6,2,512.8,0.0,0.0,0.0,0.0,0.0,6
2023-05-11 01:44:07,sc2403,sc2403,512.8,0.0,0.0,0.0,1,500.5,520.7,1,512.8,0.0,0.0,0.0,0.0,0.0,6
2023-05-11 01:44:09,sc2403,sc2403,512.8,0.0,0.0,0.0,1,500.5,520.6,2,512.8,0.0,0.0,0.0,0.0,0.0,6
2023-05-11 01:49:09,sc2403,sc2403,512.8,0.0,0.0,0.0,1,500.5,520.7,1,512.8,0.0,0.0,0.0,0.0,0.0,6
2023-05-11 01:49:46,sc2403,sc2403,512.8,0.0,0.0,0.0,1,500.5,520.6,2,512.8,0.0,0.0,0.0,0.0,0.0,6
2023-05-11 01:53:02,sc2403,sc2403,512.8,0.0,0.0,0.0,1,500.5,520.7,1,512.8,0.0,0.0,0.0,0.0,0.0,6
2023-05-11 01:53:04,sc2403,sc2403,512.8,0.0,0.0,0.0,1,500.5,520.7,1,512.8,0.0,0.0,0.0,0.0,0.0,6
2023-05-11 01:53:04,sc2403,sc2403,512.8,0.0,0.0,0.0,1,500.5,520.7,1,512.8,0.0,0.0,0.0,0.0,0.0,6
2023-05-11 01:53:19,sc2403,sc2403,512.8,0.0,0.0,0.0,2,500.6,520.7,1,512.8,0.0,0.0,0.0,0.0,0.0,6
2023-05-11 01:58:18,sc2403,sc2403,512.8,0.0,0.0,0.0,1,500.5,520.7,1,512.8,0.0,0.0,0.0,0.0,0.0,6
2023-05-11 01:58:56,sc2403,sc2403,512.8,0.0,0.0,0.0,2,500.6,520.7,1,512.8,0.0,0.0,0.0,0.0,0.0,6
2023-05-11 02:00:05,sc2403,sc2403,512.8,0.0,0.0,0.0,1,500.5,520.7,1,512.8,0.0,0.0,0.0,0.0,0.0,6
2023-05-11 02:00:21,sc2403,sc2403,512.8,0.0,0.0,0.0,2,500.6,520.7,1,512.8,0.0,0.0,0.0,0.0,0.0,6
2023-05-11 02:00:25,sc2403,sc2403,512.8,0.0,0.0,0.0,1,500.5,520.7,1,512.8,0.0,0.0,0.0,0.0,0.0,6
2023-05-11 02:00:38,sc2403,sc2403,512.8,0.0,0.0,0.0,1,500.5,520.7,1,512.8,0.0,0.0,0.0,0.0,0.0,6
2023-05-11 02:00:38,sc2403,sc2403,512.8,0.0,0.0,0.0,1,500.5,520.7,1,512.8,0.0,0.0,0.0,0.0,0.0,6
2023-05-11 02:01:04,sc2403,sc2403,512.8,0.0,0.0,0.0,1,500.5,520.6,2,512.8,0.0,0.0,0.0,0.0,0.0,6
2023-05-11 02:01:36,sc2403,sc2403,512.8,0.0,0.0,0.0,1,500.5,520.7,1,512.8,0.0,0.0,0.0,0.0,0.0,6
2023-05-11 02:01:47,sc2403,sc2403,512.8,0.0,0.0,0.0,1,500.5,520.6,2,512.8,0.0,0.0,0.0,0.0,0.0,6
2023-05-11 02:05:00,sc2403,sc2403,512.8,0.0,0.0,0.0,1,500.5,520.7,1,512.8,0.0,0.0,0.0,0.0,0.0,6
2023-05-11 02:05:19,sc2403,sc2403,512.8,0.0,0.0,0.0,2,500.6,520.7,1,512.8,0.0,0.0,0.0,0.0,0.0,6
2023-05-11 02:06:38,sc2403,sc2403,512.8,0.0,0.0,0.0,1,500.5,520.7,1,512.8,0.0,0.0,0.0,0.0,0.0,6
2023-05-11 02:06:43,sc2403,sc2403,512.8,0.0,0.0,0.0,1,500.5,520.6,2,512.8,0.0,0.0,0.0,0.0,0.0,6
2023-05-11 02:07:30,sc2403,sc2403,512.8,0.0,0.0,0.0,1,500.5,520.7,1,512.8,0.0,0.0,0.0,0.0,0.0,6
2023-05-11 02:08:08,sc2403,sc2403,512.8,0.0,0.0,0.0,2,500.6,520.7,1,512.8,0.0,0.0,0.0,0.0,0.0,6
2023-05-11 02:13:08,sc2403,sc2403,512.8,0.0,0.0,0.0,1,500.5,520.7,1,512.8,0.0,0.0,0.0,0.0,0.0,6
2023-05-11 02:13:44,sc2403,sc2403,512.8,0.0,0.0,0.0,2,500.6,520.7,1,512.8,0.0,0.0,0.0,0.0,0.0,6
2023-05-11 02:15:08,sc2403,sc2403,512.8,0.0,0.0,0.0,1,500.5,520.7,1,512.8,0.0,0.0,0.0,0.0,0.0,6
2023-05-11 02:15:11,sc2403,sc2403,512.8,0.0,0.0,0.0,1,500.5,520.6,2,512.8,0.0,0.0,0.0,0.0,0.0,6
2023-05-11 02:16:15,sc2403,sc2403,512.8,0.0,0.0,0.0,1,500.5,520.7,1,512.8,0.0,0.0,0.0,0.0,0.0,6
2023-05-11 02:16:35,sc2403,sc2403,512.8,0.0,0.0,0.0,2,500.6,520.7,1,512.8,0.0,0.0,0.0,0.0,0.0,6
2023-05-11 02:21:35,sc2403,sc2403,512.8,0.0,0.0,0.0,1,500.5,520.7,1,512.8,0.0,0.0,0.0,0.0,0.0,6
2023-05-11 02:22:11,sc2403,sc2403,512.8,0.0,0.0,0.0,2,500.6,520.7,1,512.8,0.0,0.0,0.0,0.0,0.0,6
2023-05-11 02:25:06,sc2403,sc2403,512.8,0.0,0.0,0.0,1,500.5,520.7,1,512.8,0.0,0.0,0.0,0.0,0.0,6
2023-05-11 02:25:44,sc2403,sc2403,512.8,0.0,0.0,0.0,2,500.6,520.7,1,512.8,0.0,0.0,0.0,0.0,0.0,6
2023-05-11 02:26:50,sc2403,sc2403,512.8,0.0,0.0,0.0,2,500.6,520.7,1,512.8,0.0,0.0,0.0,0.0,0.0,6
2023-05-11 02:27:07,sc2403,sc2403,512.8,0.0,0.0,0.0,2,500.6,520.7,1,512.8,0.0,0.0,0.0,0.0,0.0,6
2023-05-11 02:27:07,sc2403,sc2403,512.8,0.0,0.0,0.0,2,500.6,520.7,1,512.8,0.0,0.0,0.0,0.0,0.0,6
2023-05-11 02:27:10,sc2403,sc2403,512.8,0.0,0.0,0.0,2,500.6,520.7,1,512.8,0.0,0.0,0.0,0.0,0.0,6
2023-05-11 02:27:11,sc2403,sc2403,512.8,0.0,0.0,0.0,1,503.1,520.7,1,512.8,0.0,0.0,0.0,0.0,0.0,6
2023-05-11 02:27:27,sc2403,sc2403,512.8,0.0,0.0,0.0,1,503.1,523.4,1,512.8,0.0,0.0,0.0,0.0,0.0,6
2023-05-11 02:27:29,sc2403,sc2403,512.8,0.0,0.0,0.0,1,503.1,523.4,1,512.8,0.0,0.0,0.0,0.0,0.0,6
2023-05-11 02:27:51,sc2403,sc2403,512.8,0.0,0.0,0.0,1,503.1,523.3,2,512.8,0.0,0.0,0.0,0.0,0.0,6
2023-05-11 02:29:30,sc2403,sc2403,512.8,0.0,0.0,0.0,1,503.1,523.3,2,512.8,0.0,0.0,0.0,0.0,0.0,6
2023-05-11 02:29:30,sc2403,sc2403,512.8,0.0,0.0,0.0,1,503.1,523.3,2,512.8,0.0,0.0,0.0,0.0,0.0,6
2023-05-11 02:29:42,sc2403,sc2403,512.8,0.0,0.0,0.0,1,503.1,523.4,1,512.8,0.0,0.0,0.0,0.0,0.0,6
2023-05-11 02:29:55,sc2403,sc2403,512.8,0.0,0.0,0.0,1,503.1,540.5,1,512.8,0.0,0.0,0.0,0.0,0.0,6
2023-05-11 02:29:56,sc2403,sc2403,512.8,0.0,0.0,0.0,1,500.5,540.5,1,512.8,0.0,0.0,0.0,0.0,0.0,6
2023-05-11 02:29:56,sc2403,sc2403,512.8,0.0,0.0,0.0,1,454.7,573.8,1,512.8,0.0,0.0,0.0,0.0,0.0,6
2023-05-11 09:00:02,sc2403,sc2403,512.8,0.0,0.0,0.0,1,454.9,573.6,1,512.8,0.0,0.0,0.0,0.0,0.0,6
2023-05-11 09:00:08,sc2403,sc2403,512.8,0.0,0.0,0.0,1,505.3,528.8,1,512.8,0.0,0.0,0.0,0.0,0.0,6
2023-05-11 09:00:08,sc2403,sc2403,512.8,0.0,0.0,0.0,1,505.3,528.8,1,512.8,0.0,0.0,0.0,0.0,0.0,6
2023-05-11 09:00:15,sc2403,sc2403,512.8,0.0,0.0,0.0,1,505.3,528.7,2,512.8,0.0,0.0,0.0,0.0,0.0,6
2023-05-11 09:00:16,sc2403,sc2403,512.8,0.0,0.0,0.0,1,506.6,526.8,1,512.8,0.0,0.0,0.0,0.0,0.0,6
2023-05-11 09:00:34,sc2403,sc2403,512.8,0.0,0.0,0.0,1,506.6,526.0,1,512.8,0.0,0.0,0.0,0.0,0.0,6
2023-05-11 09:00:57,sc2403,sc2403,512.8,0.0,0.0,0.0,1,506.6,526.0,1,512.8,0.0,0.0,0.0,0.0,0.0,6
2023-05-11 09:01:01,sc2403,sc2403,512.8,0.0,0.0,0.0,1,506.6,525.9,2,512.8,0.0,0.0,0.0,0.0,0.0,6
2023-05-11 09:06:00,sc2403,sc2403,512.8,0.0,0.0,0.0,1,506.6,526.0,1,512.8,0.0,0.0,0.0,0.0,0.0,6
2023-05-11 09:06:07,sc2403,sc2403,512.8,0.0,0.0,0.0,1,506.6,525.9,2,512.8,0.0,0.0,0.0,0.0,0.0,6
2023-05-11 09:06:53,sc2403,sc2403,512.8,0.0,0.0,0.0,1,506.6,525.9,3,512.8,0.0,0.0,0.0,0.0,0.0,6
2023-05-11 09:06:58,sc2403,sc2403,512.8,0.0,0.0,0.0,1,506.6,525.9,2,512.8,0.0,0.0,0.0,0.0,0.0,6
2023-05-11 09:06:59,sc2403,sc2403,512.8,0.0,0.0,0.0,1,506.6,525.9,3,512.8,0.0,0.0,0.0,0.0,0.0,6
2023-05-11 09:07:07,sc2403,sc2403,512.8,0.0,0.0,0.0,1,506.6,525.9,2,512.8,0.0,0.0,0.0,0.0,0.0,6
2023-05-11 09:07:07,sc2403,sc2403,512.8,0.0,0.0,0.0,1,506.6,525.8,1,512.8,0.0,0.0,0.0,0.0,0.0,6
2023-05-11 09:07:13,sc2403,sc2403,512.8,0.0,0.0,0.0,1,506.6,525.9,2,512.8,0.0,0.0,0.0,0.0,0.0,6
2023-05-11 09:07:14,sc2403,sc2403,512.8,0.0,0.0,0.0,1,506.6,525.8,1,512.8,0.0,0.0,0.0,0.0,0.0,6
2023-05-11 09:07:20,sc2403,sc2403,512.8,0.0,0.0,0.0,1,506.6,525.9,2,512.8,0.0,0.0,0.0,0.0,0.0,6
2023-05-11 09:07:20,sc2403,sc2403,512.8,0.0,0.0,0.0,1,506.6,525.8,1,512.8,0.0,0.0,0.0,0.0,0.0,6
2023-05-11 09:07:32,sc2403,sc2403,512.8,0.0,0.0,0.0,1,506.6,525.9,2,512.8,0.0,0.0,0.0,0.0,0.0,6
2023-05-11 09:07:33,sc2403,sc2403,512.8,0.0,0.0,0.0,1,506.6,525.8,1,512.8,0.0,0.0,0.0,0.0,0.0,6
2023-05-11 09:07:35,sc2403,sc2403,512.8,0.0,0.0,0.0,1,506.6,525.9,2,512.8,0.0,0.0,0.0,0.0,0.0,6
2023-05-11 09:07:36,sc2403,sc2403,512.8,0.0,0.0,0.0,1,506.6,526.0,1,512.8,0.0,0.0,0.0,0.0,0.0,6
2023-05-11 09:07:37,sc2403,sc2403,512.8,0.0,0.0,0.0,1,506.6,525.5,1,512.8,0.0,0.0,0.0,0.0,0.0,6
2023-05-11 09:08:16,sc2403,sc2403,512.8,0.0,0.0,0.0,2,506.7,525.5,1,512.8,0.0,0.0,0.0,0.0,0.0,6
2023-05-11 09:08:23,sc2403,sc2403,512.8,0.0,0.0,0.0,2,506.7,525.5,1,512.8,0.0,0.0,0.0,0.0,0.0,6
2023-05-11 09:08:24,sc2403,sc2403,512.8,0.0,0.0,0.0,2,506.7,525.5,1,512.8,0.0,0.0,0.0,0.0,0.0,6
2023-05-11 09:10:04,sc2403,sc2403,512.8,0.0,0.0,0.0,2,506.7,525.5,1,512.8,0.0,0.0,0.0,0.0,0.0,6
2023-05-11 09:10:04,sc2403,sc2403,512.8,0.0,0.0,0.0,1,506.8,525.5,1,512.8,0.0,0.0,0.0,0.0,0.0,6
2023-05-11 09:10:07,sc2403,sc2403,512.8,0.0,0.0,0.0,2,506.7,525.5,1,512.8,0.0,0.0,0.0,0.0,0.0,6
2023-05-11 09:10:07,sc2403,sc2403,512.8,0.0,0.0,0.0,1,509.4,525.5,1,512.8,0.0,0.0,0.0,0.0,0.0,6
2023-05-11 09:10:10,sc2403,sc2403,512.8,0.0,0.0,0.0,1,509.4,525.5,1,512.8,0.0,0.0,0.0,0.0,0.0,6
2023-05-11 09:10:42,sc2403,sc2403,512.8,0.0,0.0,0.0,1,509.4,525.5,1,512.8,0.0,0.0,0.0,0.0,0.0,6
2023-05-11 09:10:59,sc2403,sc2403,512.8,0.0,0.0,0.0,1,509.4,525.5,2,512.8,0.0,0.0,0.0,0.0,0.0,6
2023-05-11 09:11:04,sc2403,sc2403,512.8,0.0,0.0,0.0,1,509.4,525.5,1,512.8,0.0,0.0,0.0,0.0,0.0,6
2023-05-11 09:11:04,sc2403,sc2403,512.8,0.0,0.0,0.0,1,509.4,525.4,1,512.8,0.0,0.0,0.0,0.0,0.0,6
2023-05-11 09:11:09,sc2403,sc2403,512.8,0.0,0.0,0.0,1,509.4,525.5,1,512.8,0.0,0.0,0.0,0.0,0.0,6
2023-05-11 09:11:10,sc2403,sc2403,512.8,0.0,0.0,0.0,1,509.4,525.4,1,512.8,0.0,0.0,0.0,0.0,0.0,6
2023-05-11 09:11:13,sc2403,sc2403,512.8,0.0,0.0,0.0,2,509.5,525.5,1,512.8,0.0,0.0,0.0,0.0,0.0,6
2023-05-11 09:11:13,sc2403,sc2403,512.8,0.0,0.0,0.0,2,509.5,525.3,1,512.8,0.0,0.0,0.0,0.0,0.0,6
2023-05-11 09:11:25,sc2403,sc2403,512.8,0.0,0.0,0.0,1,509.4,525.3,1,512.8,0.0,0.0,0.0,0.0,0.0,6
2023-05-11 09:11:56,sc2403,sc2403,512.8,0.0,0.0,0.0,1,509.4,525.2,2,512.8,0.0,0.0,0.0,0.0,0.0,6
2023-05-11 09:11:57,sc2403,sc2403,512.8,0.0,0.0,0.0,1,509.4,525.2,2,512.8,0.0,0.0,0.0,0.0,0.0,6
2023-05-11 09:11:57,sc2403,sc2403,512.8,0.0,0.0,0.0,1,509.4,525.1,1,512.8,0.0,0.0,0.0,0.0,0.0,6
2023-05-11 09:12:00,sc2403,sc2403,512.8,0.0,0.0,0.0,1,509.4,525.1,1,512.8,0.0,0.0,0.0,0.0,0.0,6
2023-05-11 09:12:39,sc2403,sc2403,512.8,0.0,0.0,0.0,2,509.5,525.1,1,512.8,0.0,0.0,0.0,0.0,0.0,6
2023-05-11 09:12:51,sc2403,sc2403,512.8,0.0,0.0,0.0,1,509.4,525.1,1,512.8,0.0,0.0,0.0,0.0,0.0,6
2023-05-11 09:13:21,sc2403,sc2403,512.8,0.0,0.0,0.0,1,509.4,525.0,2,512.8,0.0,0.0,0.0,0.0,0.0,6
2023-05-11 09:13:22,sc2403,sc2403,512.8,0.0,0.0,0.0,1,509.4,525.0,2,512.8,0.0,0.0,0.0,0.0,0.0,6
2023-05-11 09:13:22,sc2403,sc2403,512.8,0.0,0.0,0.0,1,509.4,525.0,3,512.8,0.0,0.0,0.0,0.0,0.0,6
2023-05-11 09:13:58,sc2403,sc2403,512.8,0.0,0.0,0.0,1,509.4,525.0,3,512.8,0.0,0.0,0.0,0.0,0.0,6
2023-05-11 09:13:59,sc2403,sc2403,512.8,0.0,0.0,0.0,1,509.4,525.0,3,512.8,0.0,0.0,0.0,0.0,0.0,6
2023-05-11 09:14:05,sc2403,sc2403,512.8,0.0,0.0,0.0,1,509.4,525.0,2,512.8,0.0,0.0,0.0,0.0,0.0,6
2023-05-11 09:14:06,sc2403,sc2403,512.8,0.0,0.0,0.0,1,509.4,524.9,1,512.8,0.0,0.0,0.0,0.0,0.0,6
2023-05-11 09:14:09,sc2403,sc2403,512.8,0.0,0.0,0.0,1,509.4,525.0,2,512.8,0.0,0.0,0.0,0.0,0.0,6
2023-05-11 09:14:09,sc2403,sc2403,512.8,0.0,0.0,0.0,1,509.4,524.9,1,512.8,0.0,0.0,0.0,0.0,0.0,6
2023-05-11 09:14:15,sc2403,sc2403,512.8,0.0,0.0,0.0,1,509.4,525.0,2,512.8,0.0,0.0,0.0,0.0,0.0,6
2023-05-11 09:14:16,sc2403,sc2403,512.8,0.0,0.0,0.0,1,509.4,524.9,1,512.8,0.0,0.0,0.0,0.0,0.0,6
2023-05-11 09:14:22,sc2403,sc2403,512.8,0.0,0.0,0.0,1,509.4,525.0,2,512.8,0.0,0.0,0.0,0.0,0.0,6
2023-05-11 09:14:22,sc2403,sc2403,512.8,0.0,0.0,0.0,1,509.4,524.9,1,512.8,0.0,0.0,0.0,0.0,0.0,6
2023-05-11 09:14:28,sc2403,sc2403,512.8,0.0,0.0,0.0,1,509.4,525.0,2,512.8,0.0,0.0,0.0,0.0,0.0,6
2023-05-11 09:14:29,sc2403,sc2403,512.8,0.0,0.0,0.0,1,509.4,524.9,1,512.8,0.0,0.0,0.0,0.0,0.0,6
2023-05-11 09:14:35,sc2403,sc2403,512.8,0.0,0.0,0.0,1,509.4,525.0,2,512.8,0.0,0.0,0.0,0.0,0.0,6
2023-05-11 09:14:35,sc2403,sc2403,512.8,0.0,0.0,0.0,1,509.4,524.9,1,512.8,0.0,0.0,0.0,0.0,0.0,6
2023-05-11 09:14:41,sc2403,sc2403,512.8,0.0,0.0,0.0,1,509.4,525.0,2,512.8,0.0,0.0,0.0,0.0,0.0,6
2023-05-11 09:14:42,sc2403,sc2403,512.8,0.0,0.0,0.0,1,509.4,524.9,1,512.8,0.0,0.0,0.0,0.0,0.0,6
2023-05-11 09:14:47,sc2403,sc2403,512.8,0.0,0.0,0.0,1,509.4,524.9,1,512.8,0.0,0.0,0.0,0.0,0.0,6
2023-05-11 09:14:48,sc2403,sc2403,512.8,0.0,0.0,0.0,1,509.4,525.5,1,512.8,0.0,0.0,0.0,0.0,0.0,6
2023-05-11 09:14:49,sc2403,sc2403,512.8,0.0,0.0,0.0,1,509.4,525.4,1,512.8,0.0,0.0,0.0,0.0,0.0,6
2023-05-11 09:14:50,sc2403,sc2403,512.8,0.0,0.0,0.0,1,509.4,525.4,3,512.8,0.0,0.0,0.0,0.0,0.0,6
2023-05-11 09:14:56,sc2403,sc2403,512.8,0.0,0.0,0.0,1,509.4,525.4,2,512.8,0.0,0.0,0.0,0.0,0.0,6
2023-05-11 09:14:57,sc2403,sc2403,512.8,0.0,0.0,0.0,1,509.4,525.3,1,512.8,0.0,0.0,0.0,0.0,0.0,6
2023-05-11 09:15:05,sc2403,sc2403,512.8,0.0,0.0,0.0,1,509.4,525.3,1,512.8,0.0,0.0,0.0,0.0,0.0,6
2023-05-11 09:15:34,sc2403,sc2403,512.8,0.0,0.0,0.0,2,509.5,525.3,1,512.8,0.0,0.0,0.0,0.0,0.0,6
2023-05-11 09:17:14,sc2403,sc2403,512.8,0.0,0.0,0.0,1,509.4,525.3,1,512.8,0.0,0.0,0.0,0.0,0.0,6
2023-05-11 09:17:44,sc2403,sc2403,512.8,0.0,0.0,0.0,1,509.4,525.5,1,512.8,0.0,0.0,0.0,0.0,0.0,6
2023-05-11 09:17:48,sc2403,sc2403,512.8,0.0,0.0,0.0,2,509.5,525.5,1,512.8,0.0,0.0,0.0,0.0,0.0,6
2023-05-11 09:17:48,sc2403,sc2403,512.8,0.0,0.0,0.0,2,509.5,525.4,1,512.8,0.0,0.0,0.0,0.0,0.0,6
2023-05-11 09:17:55,sc2403,sc2403,512.8,0.0,0.0,0.0,2,509.5,525.5,1,512.8,0.0,0.0,0.0,0.0,0.0,6
2023-05-11 09:17:55,sc2403,sc2403,512.8,0.0,0.0,0.0,2,509.5,525.4,1,512.8,0.0,0.0,0.0,0.0,0.0,6
2023-05-11 09:18:07,sc2403,sc2403,512.8,0.0,0.0,0.0,2,509.5,525.5,1,512.8,0.0,0.0,0.0,0.0,0.0,6
2023-05-11 09:18:08,sc2403,sc2403,512.8,0.0,0.0,0.0,2,509.5,525.4,1,512.8,0.0,0.0,0.0,0.0,0.0,6
2023-05-11 09:18:20,sc2403,sc2403,512.8,0.0,0.0,0.0,2,509.5,525.5,1,512.8,0.0,0.0,0.0,0.0,0.0,6
2023-05-11 09:18:20,sc2403,sc2403,512.8,0.0,0.0,0.0,2,509.5,525.4,1,512.8,0.0,0.0,0.0,0.0,0.0,6
2023-05-11 09:18:28,sc2403,sc2403,512.8,0.0,0.0,0.0,2,509.5,525.5,1,512.8,0.0,0.0,0.0,0.0,0.0,6
2023-05-11 09:18:29,sc2403,sc2403,512.8,0.0,0.0,0.0,2,509.5,525.3,1,512.8,0.0,0.0,0.0,0.0,0.0,6
2023-05-11 09:19:19,sc2403,sc2403,512.8,0.0,0.0,0.0,3,509.5,525.3,1,512.8,0.0,0.0,0.0,0.0,0.0,6
2023-05-11 09:19:26,sc2403,sc2403,512.8,0.0,0.0,0.0,1,509.5,525.3,1,512.8,0.0,0.0,0.0,0.0,0.0,6
2023-05-11 09:20:00,sc2403,sc2403,512.8,0.0,0.0,0.0,1,509.5,525.2,2,512.8,0.0,0.0,0.0,0.0,0.0,6
2023-05-11 09:20:00,sc2403,sc2403,512.8,0.0,0.0,0.0,1,509.5,525.2,2,512.8,0.0,0.0,0.0,0.0,0.0,6
2023-05-11 09:20:01,sc2403,sc2403,512.8,0.0,0.0,0.0,1,509.5,525.1,1,512.8,0.0,0.0,0.0,0.0,0.0,6
2023-05-11 09:20:05,sc2403,sc2403,512.8,0.0,0.0,0.0,1,509.5,525.1,1,512.8,0.0,0.0,0.0,0.0,0.0,6
2023-05-11 09:20:11,sc2403,sc2403,512.8,0.0,0.0,0.0,1,509.5,525.5,1,512.8,0.0,0.0,0.0,0.0,0.0,6
2023-05-11 09:20:44,sc2403,sc2403,512.8,0.0,0.0,0.0,1,509.5,525.4,2,512.8,0.0,0.0,0.0,0.0,0.0,6
2023-05-11 09:22:08,sc2403,sc2403,512.8,0.0,0.0,0.0,1,509.5,525.3,1,512.8,0.0,0.0,0.0,0.0,0.0,6
2023-05-11 09:22:24,sc2403,sc2403,512.8,0.0,0.0,0.0,1,509.5,525.3,1,512.8,0.0,0.0,0.0,0.0,0.0,6
2023-05-11 09:22:57,sc2403,sc2403,512.8,0.0,0.0,0.0,1,509.5,525.2,2,512.8,0.0,0.0,0.0,0.0,0.0,6
2023-05-11 09:22:58,sc2403,sc2403,512.8,0.0,0.0,0.0,1,509.5,525.2,2,512.8,0.0,0.0,0.0,0.0,0.0,6
2023-05-11 09:22:58,sc2403,sc2403,512.8,0.0,0.0,0.0,1,509.5,525.1,1,512.8,0.0,0.0,0.0,0.0,0.0,6
2023-05-11 09:23:00,sc2403,sc2403,512.8,0.0,0.0,0.0,1,509.5,525.1,1,512.8,0.0,0.0,0.0,0.0,0.0,6
2023-05-11 09:23:41,sc2403,sc2403,512.8,0.0,0.0,0.0,2,509.6,525.1,1,512.8,0.0,0.0,0.0,0.0,0.0,6
2023-05-11 09:23:42,sc2403,sc2403,512.8,0.0,0.0,0.0,2,509.6,525.1,1,512.8,0.0,0.0,0.0,0.0,0.0,6
2023-05-11 09:23:42,sc2403,sc2403,512.8,0.0,0.0,0.0,3,509.6,525.5,1,512.8,0.0,0.0,0.0,0.0,0.0,6
2023-05-11 09:23:45,sc2403,sc2403,512.8,0.0,0.0,0.0,2,509.6,525.5,1,512.8,0.0,0.0,0.0,0.0,0.0,6
2023-05-11 09:23:45,sc2403,sc2403,512.8,0.0,0.0,0.0,1,509.7,525.5,1,512.8,0.0,0.0,0.0,0.0,0.0,6
2023-05-11 09:23:51,sc2403,sc2403,512.8,0.0,0.0,0.0,2,509.6,525.5,1,512.8,0.0,0.0,0.0,0.0,0.0,6
2023-05-11 09:23:52,sc2403,sc2403,512.8,0.0,0.0,0.0,1,509.7,525.5,1,512.8,0.0,0.0,0.0,0.0,0.0,6
2023-05-11 09:24:04,sc2403,sc2403,512.8,0.0,0.0,0.0,2,509.6,525.5,1,512.8,0.0,0.0,0.0,0.0,0.0,6
2023-05-11 09:24:04,sc2403,sc2403,512.8,0.0,0.0,0.0,1,509.7,525.5,1,512.8,0.0,0.0,0.0,0.0,0.0,6
2023-05-11 09:24:16,sc2403,sc2403,512.8,0.0,0.0,0.0,2,509.6,525.5,1,512.8,0.0,0.0,0.0,0.0,0.0,6
2023-05-11 09:24:17,sc2403,sc2403,512.8,0.0,0.0,0.0,1,509.7,525.5,1,512.8,0.0,0.0,0.0,0.0,0.0,6
2023-05-11 09:24:23,sc2403,sc2403,512.8,0.0,0.0,0.0,2,509.6,525.5,1,512.8,0.0,0.0,0.0,0.0,0.0,6
2023-05-11 09:24:23,sc2403,sc2403,512.8,0.0,0.0,0.0,1,509.7,525.5,1,512.8,0.0,0.0,0.0,0.0,0.0,6
2023-05-11 09:24:26,sc2403,sc2403,512.8,0.0,0.0,0.0,2,509.6,525.5,1,512.8,0.0,0.0,0.0,0.0,0.0,6
2023-05-11 09:24:36,sc2403,sc2403,512.8,0.0,0.0,0.0,1,509.4,525.5,1,512.8,0.0,0.0,0.0,0.0,0.0,6
2023-05-11 09:25:08,sc2403,sc2403,512.8,0.0,0.0,0.0,2,509.5,525.5,1,512.8,0.0,0.0,0.0,0.0,0.0,6
2023-05-11 09:25:58,sc2403,sc2403,512.8,0.0,0.0,0.0,2,509.5,525.4,1,512.8,0.0,0.0,0.0,0.0,0.0,6
2023-05-11 09:26:06,sc2403,sc2403,512.8,0.0,0.0,0.0,2,509.5,525.5,1,512.8,0.0,0.0,0.0,0.0,0.0,6
2023-05-11 09:26:06,sc2403,sc2403,512.8,0.0,0.0,0.0,2,509.5,525.4,1,512.8,0.0,0.0,0.0,0.0,0.0,6
2023-05-11 09:26:12,sc2403,sc2403,512.8,0.0,0.0,0.0,2,509.5,525.5,1,512.8,0.0,0.0,0.0,0.0,0.0,6
2023-05-11 09:26:13,sc2403,sc2403,512.8,0.0,0.0,0.0,2,509.5,525.4,1,512.8,0.0,0.0,0.0,0.0,0.0,6
2023-05-11 09:26:19,sc2403,sc2403,512.8,0.0,0.0,0.0,2,509.5,525.5,1,512.8,0.0,0.0,0.0,0.0,0.0,6
2023-05-11 09:26:19,sc2403,sc2403,512.8,0.0,0.0,0.0,2,509.5,525.4,1,512.8,0.0,0.0,0.0,0.0,0.0,6
2023-05-11 09:26:25,sc2403,sc2403,512.8,0.0,0.0,0.0,2,509.5,525.5,1,512.8,0.0,0.0,0.0,0.0,0.0,6
2023-05-11 09:26:26,sc2403,sc2403,512.8,0.0,0.0,0.0,2,509.5,525.4,1,512.8,0.0,0.0,0.0,0.0,0.0,6
2023-05-11 09:26:32,sc2403,sc2403,512.8,0.0,0.0,0.0,2,509.5,525.5,1,512.8,0.0,0.0,0.0,0.0,0.0,6
2023-05-11 09:26:33,sc2403,sc2403,512.8,0.0,0.0,0.0,2,509.5,525.4,1,512.8,0.0,0.0,0.0,0.0,0.0,6
2023-05-11 09:26:36,sc2403,sc2403,512.8,0.0,0.0,0.0,2,509.5,525.5,1,512.8,0.0,0.0,0.0,0.0,0.0,6
2023-05-11 09:26:37,sc2403,sc2403,512.8,0.0,0.0,0.0,2,509.5,525.4,1,512.8,0.0,0.0,0.0,0.0,0.0,6
2023-05-11 09:26:43,sc2403,sc2403,512.8,0.0,0.0,0.0,2,509.5,525.5,1,512.8,0.0,0.0,0.0,0.0,0.0,6
2023-05-11 09:26:44,sc2403,sc2403,512.8,0.0,0.0,0.0,2,509.5,525.3,1,512.8,0.0,0.0,0.0,0.0,0.0,6
2023-05-11 09:29:50,sc2403,sc2403,512.8,0.0,0.0,0.0,2,509.5,525.0,1,512.8,0.0,0.0,0.0,0.0,0.0,6
2023-05-11 09:29:56,sc2403,sc2403,512.8,0.0,0.0,0.0,2,509.5,525.0,1,512.8,0.0,0.0,0.0,0.0,0.0,6
2023-05-11 09:30:07,sc2403,sc2403,512.8,0.0,0.0,0.0,1,509.4,525.0,1,512.8,0.0,0.0,0.0,0.0,0.0,6
2023-05-11 09:30:12,sc2403,sc2403,512.8,0.0,0.0,0.0,2,509.5,525.0,1,512.8,0.0,0.0,0.0,0.0,0.0,6
2023-05-11 09:30:22,sc2403,sc2403,512.8,0.0,0.0,0.0,2,509.5,525.0,2,512.8,0.0,0.0,0.0,0.0,0.0,6
2023-05-11 09:30:29,sc2403,sc2403,512.8,0.0,0.0,0.0,2,509.5,525.0,1,512.8,0.0,0.0,0.0,0.0,0.0,6
2023-05-11 09:30:29,sc2403,sc2403,512.8,0.0,0.0,0.0,2,509.5,524.9,1,512.8,0.0,0.0,0.0,0.0,0.0,6
2023-05-11 09:30:35,sc2403,sc2403,512.8,0.0,0.0,0.0,2,509.5,525.0,1,512.8,0.0,0.0,0.0,0.0,0.0,6
2023-05-11 09:30:36,sc2403,sc2403,512.8,0.0,0.0,0.0,2,509.5,524.9,1,512.8,0.0,0.0,0.0,0.0,0.0,6
2023-05-11 09:30:42,sc2403,sc2403,512.8,0.0,0.0,0.0,2,509.5,525.0,1,512.8,0.0,0.0,0.0,0.0,0.0,6
2023-05-11 09:30:42,sc2403,sc2403,512.8,0.0,0.0,0.0,2,509.5,524.8,1,512.8,0.0,0.0,0.0,0.0,0.0,6
2023-05-11 09:30:47,sc2403,sc2403,512.8,0.0,0.0,0.0,1,509.4,524.8,1,512.8,0.0,0.0,0.0,0.0,0.0,6
2023-05-11 09:30:56,sc2403,sc2403,512.8,0.0,0.0,0.0,2,509.5,524.8,1,512.8,0.0,0.0,0.0,0.0,0.0,6
2023-05-11 09:31:14,sc2403,sc2403,512.8,0.0,0.0,0.0,1,509.4,524.8,1,512.8,0.0,0.0,0.0,0.0,0.0,6
2023-05-11 09:31:20,sc2403,sc2403,512.8,0.0,0.0,0.0,2,509.4,524.8,1,512.8,0.0,0.0,0.0,0.0,0.0,6
2023-05-11 09:31:25,sc2403,sc2403,512.8,0.0,0.0,0.0,1,509.4,524.8,1,512.8,0.0,0.0,0.0,0.0,0.0,6
2023-05-11 09:31:41,sc2403,sc2403,512.8,0.0,0.0,0.0,1,509.4,524.7,2,512.8,0.0,0.0,0.0,0.0,0.0,6
2023-05-11 09:31:43,sc2403,sc2403,512.8,0.0,0.0,0.0,1,509.4,524.7,2,512.8,0.0,0.0,0.0,0.0,0.0,6
2023-05-11 09:31:43,sc2403,sc2403,512.8,0.0,0.0,0.0,1,509.4,524.6,1,512.8,0.0,0.0,0.0,0.0,0.0,6
2023-05-11 09:32:23,sc2403,sc2403,512.8,0.0,0.0,0.0,1,509.4,524.6,1,512.8,0.0,0.0,0.0,0.0,0.0,6
2023-05-11 09:32:26,sc2403,sc2403,512.8,0.0,0.0,0.0,1,509.4,524.5,2,512.8,0.0,0.0,0.0,0.0,0.0,6
2023-05-11 09:32:27,sc2403,sc2403,512.8,0.0,0.0,0.0,1,509.4,524.5,2,512.8,0.0,0.0,0.0,0.0,0.0,6
2023-05-11 09:32:27,sc2403,sc2403,512.8,0.0,0.0,0.0,1,509.4,524.4,1,512.8,0.0,0.0,0.0,0.0,0.0,6
2023-05-11 09:32:33,sc2403,sc2403,512.8,0.0,0.0,0.0,1,509.4,524.5,2,512.8,0.0,0.0,0.0,0.0,0.0,6
2023-05-11 09:32:34,sc2403,sc2403,512.8,0.0,0.0,0.0,1,509.4,524.4,1,512.8,0.0,0.0,0.0,0.0,0.0,6
2023-05-11 09:32:35,sc2403,sc2403,512.8,0.0,0.0,0.0,1,506.7,524.4,1,512.8,0.0,0.0,0.0,0.0,0.0,6
2023-05-11 09:32:36,sc2403,sc2403,512.8,0.0,0.0,0.0,1,506.8,524.4,1,512.8,0.0,0.0,0.0,0.0,0.0,6
2023-05-11 09:32:36,sc2403,sc2403,512.8,0.0,0.0,0.0,1,506.8,525.0,1,512.8,0.0,0.0,0.0,0.0,0.0,6
2023-05-11 09:32:37,sc2403,sc2403,512.8,0.0,0.0,0.0,1,506.8,524.9,1,512.8,0.0,0.0,0.0,0.0,0.0,6
2023-05-11 09:32:43,sc2403,sc2403,512.8,0.0,0.0,0.0,1,506.7,525.0,1,512.8,0.0,0.0,0.0,0.0,0.0,6
2023-05-11 09:32:43,sc2403,sc2403,512.8,0.0,0.0,0.0,1,506.8,524.9,1,512.8,0.0,0.0,0.0,0.0,0.0,6
2023-05-11 09:32:49,sc2403,sc2403,512.8,0.0,0.0,0.0,1,506.7,525.0,1,512.8,0.0,0.0,0.0,0.0,0.0,6
2023-05-11 09:32:50,sc2403,sc2403,512.8,0.0,0.0,0.0,1,506.8,524.9,1,512.8,0.0,0.0,0.0,0.0,0.0,6
2023-05-11 09:32:56,sc2403,sc2403,512.8,0.0,0.0,0.0,1,506.7,525.0,1,512.8,0.0,0.0,0.0,0.0,0.0,6
2023-05-11 09:32:56,sc2403,sc2403,512.8,0.0,0.0,0.0,1,506.8,524.9,1,512.8,0.0,0.0,0.0,0.0,0.0,6
2023-05-11 09:33:02,sc2403,sc2403,512.8,0.0,0.0,0.0,1,506.8,525.0,1,512.8,0.0,0.0,0.0,0.0,0.0,6
2023-05-11 09:33:03,sc2403,sc2403,512.8,0.0,0.0,0.0,1,506.7,525.0,1,512.8,0.0,0.0,0.0,0.0,0.0,6
2023-05-11 09:33:03,sc2403,sc2403,512.8,0.0,0.0,0.0,1,506.9,524.9,1,512.8,0.0,0.0,0.0,0.0,0.0,6
2023-05-11 09:33:09,sc2403,sc2403,512.8,0.0,0.0,0.0,1,506.7,525.0,1,512.8,0.0,0.0,0.0,0.0,0.0,6
2023-05-11 09:33:10,sc2403,sc2403,512.8,0.0,0.0,0.0,1,506.8,524.9,1,512.8,0.0,0.0,0.0,0.0,0.0,6
2023-05-11 09:33:11,sc2403,sc2403,512.8,0.0,0.0,0.0,2,507.0,524.9,1,512.8,0.0,0.0,0.0,0.0,0.0,6
2023-05-11 09:33:16,sc2403,sc2403,512.8,0.0,0.0,0.0,2,507.0,525.0,1,512.8,0.0,0.0,0.0,0.0,0.0,6
2023-05-11 09:33:16,sc2403,sc2403,512.8,0.0,0.0,0.0,2,507.0,524.9,1,512.8,0.0,0.0,0.0,0.0,0.0,6
2023-05-11 09:33:17,sc2403,sc2403,512.8,0.0,0.0,0.0,1,507.1,524.9,1,512.8,0.0,0.0,0.0,0.0,0.0,6
2023-05-11 09:33:23,sc2403,sc2403,512.8,0.0,0.0,0.0,1,507.1,525.0,1,512.8,0.0,0.0,0.0,0.0,0.0,6
2023-05-11 09:33:23,sc2403,sc2403,512.8,0.0,0.0,0.0,1,507.1,524.8,1,512.8,0.0,0.0,0.0,0.0,0.0,6
2023-05-11 09:33:38,sc2403,sc2403,512.8,0.0,0.0,0.0,1,507.1,524.5,1,512.8,0.0,0.0,0.0,0.0,0.0,6
2023-05-11 09:33:41,sc2403,sc2403,512.8,0.0,0.0,0.0,1,507.1,524.5,1,512.8,0.0,0.0,0.0,0.0,0.0,6
2023-05-11 09:33:42,sc2403,sc2403,512.8,0.0,0.0,0.0,1,507.1,524.4,1,512.8,0.0,0.0,0.0,0.0,0.0,6
2023-05-11 09:33:48,sc2403,sc2403,512.8,0.0,0.0,0.0,1,507.1,524.5,1,512.8,0.0,0.0,0.0,0.0,0.0,6
2023-05-11 09:33:48,sc2403,sc2403,512.8,0.0,0.0,0.0,1,507.1,524.4,1,512.8,0.0,0.0,0.0,0.0,0.0,6
2023-05-11 09:33:54,sc2403,sc2403,512.8,0.0,0.0,0.0,1,507.1,524.5,1,512.8,0.0,0.0,0.0,0.0,0.0,6
2023-05-11 09:33:55,sc2403,sc2403,512.8,0.0,0.0,0.0,1,507.1,524.4,1,512.8,0.0,0.0,0.0,0.0,0.0,6
2023-05-11 09:33:57,sc2403,sc2403,512.8,0.0,0.0,0.0,2,507.2,524.4,1,512.8,0.0,0.0,0.0,0.0,0.0,6
2023-05-11 09:34:01,sc2403,sc2403,512.8,0.0,0.0,0.0,2,507.2,524.5,1,512.8,0.0,0.0,0.0,0.0,0.0,6
2023-05-11 09:34:02,sc2403,sc2403,512.8,0.0,0.0,0.0,1,507.3,524.4,1,512.8,0.0,0.0,0.0,0.0,0.0,6
2023-05-11 09:34:08,sc2403,sc2403,512.8,0.0,0.0,0.0,2,507.2,524.5,1,512.8,0.0,0.0,0.0,0.0,0.0,6
2023-05-11 09:34:08,sc2403,sc2403,512.8,0.0,0.0,0.0,1,507.3,524.4,1,512.8,0.0,0.0,0.0,0.0,0.0,6
2023-05-11 09:34:14,sc2403,sc2403,512.8,0.0,0.0,0.0,2,507.2,524.5,1,512.8,0.0,0.0,0.0,0.0,0.0,6
2023-05-11 09:34:15,sc2403,sc2403,512.8,0.0,0.0,0.0,1,507.3,524.4,1,512.8,0.0,0.0,0.0,0.0,0.0,6
2023-05-11 09:34:21,sc2403,sc2403,512.8,0.0,0.0,0.0,2,507.2,524.5,1,512.8,0.0,0.0,0.0,0.0,0.0,6
2023-05-11 09:34:21,sc2403,sc2403,512.8,0.0,0.0,0.0,1,507.3,524.4,1,512.8,0.0,0.0,0.0,0.0,0.0,6
2023-05-11 09:34:27,sc2403,sc2403,512.8,0.0,0.0,0.0,2,507.2,524.5,1,512.8,0.0,0.0,0.0,0.0,0.0,6
2023-05-11 09:34:28,sc2403,sc2403,512.8,0.0,0.0,0.0,1,507.3,524.5,1,512.8,0.0,0.0,0.0,0.0,0.0,6
2023-05-11 09:34:28,sc2403,sc2403,512.8,0.0,0.0,0.0,1,507.3,524.4,1,512.8,0.0,0.0,0.0,0.0,0.0,6
2023-05-11 09:34:34,sc2403,sc2403,512.8,0.0,0.0,0.0,2,507.2,524.5,1,512.8,0.0,0.0,0.0,0.0,0.0,6
2023-05-11 09:34:35,sc2403,sc2403,512.8,0.0,0.0,0.0,1,507.3,524.4,1,512.8,0.0,0.0,0.0,0.0,0.0,6
2023-05-11 09:34:41,sc2403,sc2403,512.8,0.0,0.0,0.0,2,507.2,524.5,1,512.8,0.0,0.0,0.0,0.0,0.0,6
2023-05-11 09:34:41,sc2403,sc2403,512.8,0.0,0.0,0.0,1,507.3,524.4,1,512.8,0.0,0.0,0.0,0.0,0.0,6
2023-05-11 09:34:47,sc2403,sc2403,512.8,0.0,0.0,0.0,2,507.2,524.5,1,512.8,0.0,0.0,0.0,0.0,0.0,6
2023-05-11 09:34:48,sc2403,sc2403,512.8,0.0,0.0,0.0,1,507.3,524.4,1,512.8,0.0,0.0,0.0,0.0,0.0,6
2023-05-11 09:34:54,sc2403,sc2403,512.8,0.0,0.0,0.0,2,507.2,524.5,1,512.8,0.0,0.0,0.0,0.0,0.0,6
2023-05-11 09:34:55,sc2403,sc2403,512.8,0.0,0.0,0.0,1,507.3,524.4,1,512.8,0.0,0.0,0.0,0.0,0.0,6
2023-05-11 09:35:01,sc2403,sc2403,512.8,0.0,0.0,0.0,2,507.2,524.5,1,512.8,0.0,0.0,0.0,0.0,0.0,6
2023-05-11 09:35:01,sc2403,sc2403,512.8,0.0,0.0,0.0,1,507.3,524.4,1,512.8,0.0,0.0,0.0,0.0,0.0,6
2023-05-11 09:35:07,sc2403,sc2403,512.8,0.0,0.0,0.0,2,507.2,524.5,1,512.8,0.0,0.0,0.0,0.0,0.0,6
2023-05-11 09:35:08,sc2403,sc2403,512.8,0.0,0.0,0.0,1,507.3,524.4,1,512.8,0.0,0.0,0.0,0.0,0.0,6
2023-05-11 09:35:12,sc2403,sc2403,512.8,0.0,0.0,0.0,1,507.3,524.4,1,512.8,0.0,0.0,0.0,0.0,0.0,6
2023-05-11 09:35:14,sc2403,sc2403,512.8,0.0,0.0,0.0,1,506.7,524.5,1,512.8,0.0,0.0,0.0,0.0,0.0,6
2023-05-11 09:35:15,sc2403,sc2403,512.8,0.0,0.0,0.0,1,506.8,524.4,1,512.8,0.0,0.0,0.0,0.0,0.0,6
2023-05-11 09:35:18,sc2403,sc2403,512.8,0.0,0.0,0.0,1,506.7,524.5,1,512.8,0.0,0.0,0.0,0.0,0.0,6
2023-05-11 09:35:18,sc2403,sc2403,512.8,0.0,0.0,0.0,1,506.9,524.3,1,512.8,0.0,0.0,0.0,0.0,0.0,6
2023-05-11 09:35:22,sc2403,sc2403,512.8,0.0,0.0,0.0,1,506.9,524.3,1,512.8,0.0,0.0,0.0,0.0,0.0,6
2023-05-11 09:35:22,sc2403,sc2403,512.8,0.0,0.0,0.0,1,506.9,524.3,1,512.8,0.0,0.0,0.0,0.0,0.0,6
2023-05-11 09:35:24,sc2403,sc2403,512.8,0.0,0.0,0.0,1,506.7,524.3,1,512.8,0.0,0.0,0.0,0.0,0.0,6
2023-05-11 09:35:25,sc2403,sc2403,512.8,0.0,0.0,0.0,1,506.8,524.3,1,512.8,0.0,0.0,0.0,0.0,0.0,6
2023-05-11 09:35:28,sc2403,sc2403,512.8,0.0,0.0,0.0,2,506.9,524.3,1,512.8,0.0,0.0,0.0,0.0,0.0,6
2023-05-11 09:35:29,sc2403,sc2403,512.8,0.0,0.0,0.0,3,506.9,524.3,1,512.8,0.0,0.0,0.0,0.0,0.0,6
2023-05-11 09:35:35,sc2403,sc2403,512.8,0.0,0.0,0.0,2,506.9,524.3,1,512.8,0.0,0.0,0.0,0.0,0.0,6
2023-05-11 09:35:35,sc2403,sc2403,512.8,0.0,0.0,0.0,1,507.0,524.3,1,512.8,0.0,0.0,0.0,0.0,0.0,6
2023-05-11 09:35:52,sc2403,sc2403,512.8,0.0,0.0,0.0,1,507.0,524.3,1,512.8,0.0,0.0,0.0,0.0,0.0,6
2023-05-11 09:36:13,sc2403,sc2403,512.8,0.0,0.0,0.0,1,507.0,524.2,2,512.8,0.0,0.0,0.0,0.0,0.0,6
2023-05-11 09:36:18,sc2403,sc2403,512.8,0.0,0.0,0.0,1,506.7,524.2,2,512.8,0.0,0.0,0.0,0.0,0.0,6
2023-05-11 09:36:19,sc2403,sc2403,512.8,0.0,0.0,0.0,1,506.7,524.1,1,512.8,0.0,0.0,0.0,0.0,0.0,6
2023-05-11 09:36:26,sc2403,sc2403,512.8,0.0,0.0,0.0,1,506.7,524.2,2,512.8,0.0,0.0,0.0,0.0,0.0,6
2023-05-11 09:37:51,sc2403,sc2403,512.8,0.0,0.0,0.0,1,506.7,524.5,1,512.8,0.0,0.0,0.0,0.0,0.0,6
2023-05-11 09:38:31,sc2403,sc2403,512.8,0.0,0.0,0.0,2,506.8,524.5,1,512.8,0.0,0.0,0.0,0.0,0.0,6
2023-05-11 09:43:30,sc2403,sc2403,512.8,0.0,0.0,0.0,1,506.7,524.5,1,512.8,0.0,0.0,0.0,0.0,0.0,6
2023-05-11 09:43:39,sc2403,sc2403,512.8,0.0,0.0,0.0,2,506.8,524.5,1,512.8,0.0,0.0,0.0,0.0,0.0,6
2023-05-11 09:48:38,sc2403,sc2403,512.8,0.0,0.0,0.0,1,506.7,524.5,1,512.8,0.0,0.0,0.0,0.0,0.0,6
2023-05-11 09:48:43,sc2403,sc2403,512.8,0.0,0.0,0.0,2,506.8,524.5,1,512.8,0.0,0.0,0.0,0.0,0.0,6
2023-05-11 09:53:43,sc2403,sc2403,512.8,0.0,0.0,0.0,1,506.7,524.5,1,512.8,0.0,0.0,0.0,0.0,0.0,6
2023-05-11 09:53:45,sc2403,sc2403,512.8,0.0,0.0,0.0,2,506.8,524.5,1,512.8,0.0,0.0,0.0,0.0,0.0,6
2023-05-11 09:56:30,sc2403,sc2403,512.8,0.0,0.0,0.0,2,506.8,524.5,1,512.8,0.0,0.0,0.0,0.0,0.0,6
2023-05-11 09:56:32,sc2403,sc2403,512.8,0.0,0.0,0.0,2,506.8,524.5,1,512.8,0.0,0.0,0.0,0.0,0.0,6
2023-05-11 09:58:45,sc2403,sc2403,512.8,0.0,0.0,0.0,1,506.7,524.5,1,512.8,0.0,0.0,0.0,0.0,0.0,6
2023-05-11 09:58:51,sc2403,sc2403,512.8,0.0,0.0,0.0,2,506.8,524.5,1,512.8,0.0,0.0,0.0,0.0,0.0,6
2023-05-11 10:03:51,sc2403,sc2403,512.8,0.0,0.0,0.0,1,506.7,524.5,1,512.8,0.0,0.0,0.0,0.0,0.0,6
2023-05-11 10:03:54,sc2403,sc2403,512.8,0.0,0.0,0.0,2,506.8,524.5,1,512.8,0.0,0.0,0.0,0.0,0.0,6
2023-05-11 10:08:53,sc2403,sc2403,512.8,0.0,0.0,0.0,1,506.7,524.5,1,512.8,0.0,0.0,0.0,0.0,0.0,6
2023-05-11 10:08:57,sc2403,sc2403,512.8,0.0,0.0,0.0,2,506.8,524.5,1,512.8,0.0,0.0,0.0,0.0,0.0,6
2023-05-11 10:13:47,sc2403,sc2403,512.8,0.0,0.0,0.0,2,506.8,524.5,1,512.8,0.0,0.0,0.0,0.0,0.0,6
2023-05-11 10:13:48,sc2403,sc2403,512.8,0.0,0.0,0.0,2,506.8,524.5,1,512.8,0.0,0.0,0.0,0.0,0.0,6
2023-05-11 10:13:48,sc2403,sc2403,512.8,0.0,0.0,0.0,2,506.8,524.5,1,512.8,0.0,0.0,0.0,0.0,0.0,6
2023-05-11 10:13:57,sc2403,sc2403,512.8,0.0,0.0,0.0,1,506.7,524.5,1,512.8,0.0,0.0,0.0,0.0,0.0,6
2023-05-11 10:13:59,sc2403,sc2403,512.8,0.0,0.0,0.0,2,506.8,524.5,1,512.8,0.0,0.0,0.0,0.0,0.0,6
2023-05-11 10:14:19,sc2403,sc2403,512.8,0.0,0.0,0.0,2,506.8,524.5,1,512.8,0.0,0.0,0.0,0.0,0.0,6
2023-05-11 10:14:22,sc2403,sc2403,512.8,0.0,0.0,0.0,2,506.8,524.5,1,512.8,0.0,0.0,0.0,0.0,0.0,6
2023-05-11 10:14:56,sc2403,sc2403,512.8,0.0,0.0,0.0,2,506.8,524.5,1,512.8,0.0,0.0,0.0,0.0,0.0,6
2023-05-11 10:30:02,sc2403,sc2403,512.8,0.0,0.0,0.0,2,506.8,524.5,1,512.8,0.0,0.0,0.0,0.0,0.0,6
2023-05-11 10:30:08,sc2403,sc2403,512.8,0.0,0.0,0.0,3,506.8,524.5,1,512.8,0.0,0.0,0.0,0.0,0.0,6
2023-05-11 10:30:13,sc2403,sc2403,512.8,0.0,0.0,0.0,1,506.8,524.5,1,512.8,0.0,0.0,0.0,0.0,0.0,6
2023-05-11 10:30:14,sc2403,sc2403,512.8,0.0,0.0,0.0,1,509.0,524.5,1,512.8,0.0,0.0,0.0,0.0,0.0,6
2023-05-11 10:30:18,sc2403,sc2403,512.8,0.0,0.0,0.0,2,509.1,524.5,1,512.8,0.0,0.0,0.0,0.0,0.0,6
2023-05-11 10:31:01,sc2403,sc2403,512.8,0.0,0.0,0.0,2,509.1,524.4,1,512.8,0.0,0.0,0.0,0.0,0.0,6
2023-05-11 10:32:04,sc2403,sc2403,512.8,0.0,0.0,0.0,2,509.1,524.0,1,512.8,0.0,0.0,0.0,0.0,0.0,6
2023-05-11 10:35:17,sc2403,sc2403,512.8,0.0,0.0,0.0,1,509.0,524.0,1,512.8,0.0,0.0,0.0,0.0,0.0,6
2023-05-11 10:35:22,sc2403,sc2403,512.8,0.0,0.0,0.0,2,509.1,524.0,1,512.8,0.0,0.0,0.0,0.0,0.0,6
2023-05-11 10:40:20,sc2403,sc2403,512.8,0.0,0.0,0.0,1,509.0,524.0,1,512.8,0.0,0.0,0.0,0.0,0.0,6
2023-05-11 10:40:29,sc2403,sc2403,512.8,0.0,0.0,0.0,2,509.1,524.0,1,512.8,0.0,0.0,0.0,0.0,0.0,6
2023-05-11 10:43:27,sc2403,sc2403,512.8,0.0,0.0,0.0,1,509.0,524.0,1,512.8,0.0,0.0,0.0,0.0,0.0,6
2023-05-11 10:44:07,sc2403,sc2403,512.8,0.0,0.0,0.0,1,509.0,523.9,2,512.8,0.0,0.0,0.0,0.0,0.0,6
2023-05-11 10:45:20,sc2403,sc2403,512.8,0.0,0.0,0.0,1,509.0,524.0,1,512.8,0.0,0.0,0.0,0.0,0.0,6
2023-05-11 10:45:35,sc2403,sc2403,512.8,0.0,0.0,0.0,2,509.1,524.0,1,512.8,0.0,0.0,0.0,0.0,0.0,6
2023-05-11 10:47:05,sc2403,sc2403,512.8,0.0,0.0,0.0,1,509.0,524.0,1,512.8,0.0,0.0,0.0,0.0,0.0,6
2023-05-11 10:47:46,sc2403,sc2403,512.8,0.0,0.0,0.0,2,509.1,524.0,1,512.8,0.0,0.0,0.0,0.0,0.0,6
2023-05-11 10:50:44,sc2403,sc2403,512.8,0.0,0.0,0.0,1,509.0,524.0,1,512.8,0.0,0.0,0.0,0.0,0.0,6
2023-05-11 10:51:25,sc2403,sc2403,512.8,0.0,0.0,0.0,1,509.0,523.9,2,512.8,0.0,0.0,0.0,0.0,0.0,6
2023-05-11 10:51:26,sc2403,sc2403,512.8,0.0,0.0,0.0,1,509.0,523.8,1,512.8,0.0,0.0,0.0,0.0,0.0,6
2023-05-11 10:52:06,sc2403,sc2403,512.8,0.0,0.0,0.0,1,509.0,523.8,1,512.8,0.0,0.0,0.0,0.0,0.0,6
2023-05-11 10:52:11,sc2403,sc2403,512.8,0.0,0.0,0.0,1,509.0,523.7,2,512.8,0.0,0.0,0.0,0.0,0.0,6
2023-05-11 10:52:11,sc2403,sc2403,512.8,0.0,0.0,0.0,1,509.0,523.7,2,512.8,0.0,0.0,0.0,0.0,0.0,6
2023-05-11 10:52:12,sc2403,sc2403,512.8,0.0,0.0,0.0,1,509.0,523.6,1,512.8,0.0,0.0,0.0,0.0,0.0,6
2023-05-11 10:52:51,sc2403,sc2403,512.8,0.0,0.0,0.0,1,509.0,523.6,1,512.8,0.0,0.0,0.0,0.0,0.0,6
2023-05-11 10:52:56,sc2403,sc2403,512.8,0.0,0.0,0.0,1,509.0,523.5,2,512.8,0.0,0.0,0.0,0.0,0.0,6
2023-05-11 10:52:56,sc2403,sc2403,512.8,0.0,0.0,0.0,1,509.0,523.5,2,512.8,0.0,0.0,0.0,0.0,0.0,6
2023-05-11 10:52:57,sc2403,sc2403,512.8,0.0,0.0,0.0,1,509.0,523.4,1,512.8,0.0,0.0,0.0,0.0,0.0,6
2023-05-11 10:53:03,sc2403,sc2403,512.8,0.0,0.0,0.0,1,509.0,523.5,2,512.8,0.0,0.0,0.0,0.0,0.0,6
2023-05-11 10:53:03,sc2403,sc2403,512.8,0.0,0.0,0.0,1,509.0,523.4,1,512.8,0.0,0.0,0.0,0.0,0.0,6
2023-05-11 10:53:15,sc2403,sc2403,512.8,0.0,0.0,0.0,1,509.0,523.5,2,512.8,0.0,0.0,0.0,0.0,0.0,6
2023-05-11 10:53:16,sc2403,sc2403,512.8,0.0,0.0,0.0,1,509.0,523.4,1,512.8,0.0,0.0,0.0,0.0,0.0,6
2023-05-11 10:53:28,sc2403,sc2403,512.8,0.0,0.0,0.0,1,509.0,523.5,2,512.8,0.0,0.0,0.0,0.0,0.0,6
2023-05-11 10:53:28,sc2403,sc2403,512.8,0.0,0.0,0.0,1,509.0,523.4,1,512.8,0.0,0.0,0.0,0.0,0.0,6
2023-05-11 10:53:34,sc2403,sc2403,512.8,0.0,0.0,0.0,1,509.0,523.5,2,512.8,0.0,0.0,0.0,0.0,0.0,6
2023-05-11 10:53:35,sc2403,sc2403,512.8,0.0,0.0,0.0,1,509.0,523.4,1,512.8,0.0,0.0,0.0,0.0,0.0,6
2023-05-11 10:53:41,sc2403,sc2403,512.8,0.0,0.0,0.0,1,509.0,523.5,2,512.8,0.0,0.0,0.0,0.0,0.0,6
2023-05-11 10:53:41,sc2403,sc2403,512.8,0.0,0.0,0.0,1,509.0,523.4,1,512.8,0.0,0.0,0.0,0.0,0.0,6
2023-05-11 10:53:42,sc2403,sc2403,512.8,0.0,0.0,0.0,1,509.0,523.4,1,512.8,0.0,0.0,0.0,0.0,0.0,6
2023-05-11 10:53:47,sc2403,sc2403,512.8,0.0,0.0,0.0,1,509.0,524.0,1,512.8,0.0,0.0,0.0,0.0,0.0,6
2023-05-11 10:53:48,sc2403,sc2403,512.8,0.0,0.0,0.0,1,509.0,523.9,1,512.8,0.0,0.0,0.0,0.0,0.0,6
2023-05-11 10:53:54,sc2403,sc2403,512.8,0.0,0.0,0.0,1,509.0,524.0,1,512.8,0.0,0.0,0.0,0.0,0.0,6
2023-05-11 10:53:55,sc2403,sc2403,512.8,0.0,0.0,0.0,1,509.0,523.9,1,512.8,0.0,0.0,0.0,0.0,0.0,6
2023-05-11 10:54:07,sc2403,sc2403,512.8,0.0,0.0,0.0,1,509.0,524.0,1,512.8,0.0,0.0,0.0,0.0,0.0,6
2023-05-11 10:54:07,sc2403,sc2403,512.8,0.0,0.0,0.0,1,509.0,523.9,1,512.8,0.0,0.0,0.0,0.0,0.0,6
2023-05-11 10:54:13,sc2403,sc2403,512.8,0.0,0.0,0.0,1,509.0,524.0,1,512.8,0.0,0.0,0.0,0.0,0.0,6
2023-05-11 10:54:14,sc2403,sc2403,512.8,0.0,0.0,0.0,1,509.0,523.9,1,512.8,0.0,0.0,0.0,0.0,0.0,6
2023-05-11 10:54:20,sc2403,sc2403,512.8,0.0,0.0,0.0,1,509.0,524.0,1,512.8,0.0,0.0,0.0,0.0,0.0,6
2023-05-11 10:54:20,sc2403,sc2403,512.8,0.0,0.0,0.0,1,509.0,523.9,1,512.8,0.0,0.0,0.0,0.0,0.0,6
2023-05-11 10:54:24,sc2403,sc2403,512.8,0.0,0.0,0.0,1,509.0,523.8,2,512.8,0.0,0.0,0.0,0.0,0.0,6
2023-05-11 10:54:26,sc2403,sc2403,512.8,0.0,0.0,0.0,1,509.0,523.8,2,512.8,0.0,0.0,0.0,0.0,0.0,6
2023-05-11 10:54:27,sc2403,sc2403,512.8,0.0,0.0,0.0,1,509.0,523.7,1,512.8,0.0,0.0,0.0,0.0,0.0,6
2023-05-11 10:54:33,sc2403,sc2403,512.8,0.0,0.0,0.0,1,509.0,523.8,2,512.8,0.0,0.0,0.0,0.0,0.0,6
2023-05-11 10:54:34,sc2403,sc2403,512.8,0.0,0.0,0.0,1,509.0,523.7,1,512.8,0.0,0.0,0.0,0.0,0.0,6
2023-05-11 10:54:40,sc2403,sc2403,512.8,0.0,0.0,0.0,1,509.0,523.8,2,512.8,0.0,0.0,0.0,0.0,0.0,6
2023-05-11 10:54:40,sc2403,sc2403,512.8,0.0,0.0,0.0,1,509.0,523.6,1,512.8,0.0,0.0,0.0,0.0,0.0,6
2023-05-11 10:55:12,sc2403,sc2403,512.8,0.0,0.0,0.0,1,509.0,523.6,1,512.8,0.0,0.0,0.0,0.0,0.0,6
2023-05-11 10:55:50,sc2403,sc2403,512.8,0.0,0.0,0.0,1,509.0,523.5,2,512.8,0.0,0.0,0.0,0.0,0.0,6
2023-05-11 10:55:52,sc2403,sc2403,512.8,0.0,0.0,0.0,1,509.0,523.5,2,512.8,0.0,0.0,0.0,0.0,0.0,6
2023-05-11 10:55:53,sc2403,sc2403,512.8,0.0,0.0,0.0,1,509.0,523.4,1,512.8,0.0,0.0,0.0,0.0,0.0,6
2023-05-11 10:55:59,sc2403,sc2403,512.8,0.0,0.0,0.0,1,509.0,523.5,2,512.8,0.0,0.0,0.0,0.0,0.0,6
2023-05-11 10:55:59,sc2403,sc2403,512.8,0.0,0.0,0.0,1,509.0,523.4,1,512.8,0.0,0.0,0.0,0.0,0.0,6
2023-05-11 10:56:05,sc2403,sc2403,512.8,0.0,0.0,0.0,1,509.0,523.5,2,512.8,0.0,0.0,0.0,0.0,0.0,6
2023-05-11 10:56:06,sc2403,sc2403,512.8,0.0,0.0,0.0,1,509.0,523.4,1,512.8,0.0,0.0,0.0,0.0,0.0,6
2023-05-11 10:56:12,sc2403,sc2403,512.8,0.0,0.0,0.0,1,509.0,523.5,2,512.8,0.0,0.0,0.0,0.0,0.0,6
2023-05-11 10:56:12,sc2403,sc2403,512.8,0.0,0.0,0.0,1,509.0,523.4,1,512.8,0.0,0.0,0.0,0.0,0.0,6
2023-05-11 10:56:24,sc2403,sc2403,512.8,0.0,0.0,0.0,1,509.0,523.5,2,512.8,0.0,0.0,0.0,0.0,0.0,6
2023-05-11 10:56:25,sc2403,sc2403,512.8,0.0,0.0,0.0,1,509.0,523.4,1,512.8,0.0,0.0,0.0,0.0,0.0,6
2023-05-11 10:56:31,sc2403,sc2403,512.8,0.0,0.0,0.0,1,509.0,523.5,2,512.8,0.0,0.0,0.0,0.0,0.0,6
2023-05-11 10:56:32,sc2403,sc2403,512.8,0.0,0.0,0.0,1,509.0,523.3,1,512.8,0.0,0.0,0.0,0.0,0.0,6
2023-05-11 10:57:02,sc2403,sc2403,512.8,0.0,0.0,0.0,1,509.0,523.3,1,512.8,0.0,0.0,0.0,0.0,0.0,6
2023-05-11 10:57:17,sc2403,sc2403,512.8,0.0,0.0,0.0,1,509.0,523.2,2,512.8,0.0,0.0,0.0,0.0,0.0,6
2023-05-11 10:57:20,sc2403,sc2403,512.8,0.0,0.0,0.0,1,509.0,523.2,2,512.8,0.0,0.0,0.0,0.0,0.0,6
2023-05-11 10:57:20,sc2403,sc2403,512.8,0.0,0.0,0.0,1,509.0,523.1,1,512.8,0.0,0.0,0.0,0.0,0.0,6
2023-05-11 10:57:56,sc2403,sc2403,512.8,0.0,0.0,0.0,1,509.0,523.2,2,512.8,0.0,0.0,0.0,0.0,0.0,6
2023-05-11 10:59:03,sc2403,sc2403,512.8,0.0,0.0,0.0,1,509.0,524.0,1,512.8,0.0,0.0,0.0,0.0,0.0,6
2023-05-11 10:59:26,sc2403,sc2403,512.8,0.0,0.0,0.0,1,509.0,523.9,2,512.8,0.0,0.0,0.0,0.0,0.0,6
2023-05-11 10:59:26,sc2403,sc2403,512.8,0.0,0.0,0.0,1,509.0,523.8,1,512.8,0.0,0.0,0.0,0.0,0.0,6
2023-05-11 11:00:06,sc2403,sc2403,512.8,0.0,0.0,0.0,1,509.0,523.8,1,512.8,0.0,0.0,0.0,0.0,0.0,6
2023-05-11 11:00:09,sc2403,sc2403,512.8,0.0,0.0,0.0,1,509.0,523.7,2,512.8,0.0,0.0,0.0,0.0,0.0,6
2023-05-11 11:00:15,sc2403,sc2403,512.8,0.0,0.0,0.0,1,509.0,523.7,2,512.8,0.0,0.0,0.0,0.0,0.0,6
2023-05-11 11:00:16,sc2403,sc2403,512.8,0.0,0.0,0.0,1,509.0,523.6,1,512.8,0.0,0.0,0.0,0.0,0.0,6
2023-05-11 11:00:28,sc2403,sc2403,512.8,0.0,0.0,0.0,1,509.0,523.7,2,512.8,0.0,0.0,0.0,0.0,0.0,6
2023-05-11 11:00:28,sc2403,sc2403,512.8,0.0,0.0,0.0,1,509.0,523.6,1,512.8,0.0,0.0,0.0,0.0,0.0,6
2023-05-11 11:00:31,sc2403,sc2403,512.8,0.0,0.0,0.0,1,509.0,523.7,2,512.8,0.0,0.0,0.0,0.0,0.0,6
2023-05-11 11:00:31,sc2403,sc2403,512.8,0.0,0.0,0.0,1,509.0,523.6,1,512.8,0.0,0.0,0.0,0.0,0.0,6
2023-05-11 11:00:37,sc2403,sc2403,512.8,0.0,0.0,0.0,1,509.0,523.7,2,512.8,0.0,0.0,0.0,0.0,0.0,6
2023-05-11 11:00:38,sc2403,sc2403,512.8,0.0,0.0,0.0,1,509.0,523.6,1,512.8,0.0,0.0,0.0,0.0,0.0,6
2023-05-11 11:00:50,sc2403,sc2403,512.8,0.0,0.0,0.0,1,509.0,523.7,2,512.8,0.0,0.0,0.0,0.0,0.0,6
2023-05-11 11:00:50,sc2403,sc2403,512.8,0.0,0.0,0.0,1,509.0,523.6,1,512.8,0.0,0.0,0.0,0.0,0.0,6
2023-05-11 11:01:15,sc2403,sc2403,512.8,0.0,0.0,0.0,1,509.0,523.6,1,512.8,0.0,0.0,0.0,0.0,0.0,6
2023-05-11 11:01:38,sc2403,sc2403,512.8,0.0,0.0,0.0,1,509.0,523.5,2,512.8,0.0,0.0,0.0,0.0,0.0,6
2023-05-11 11:01:42,sc2403,sc2403,512.8,0.0,0.0,0.0,1,509.0,523.5,2,512.8,0.0,0.0,0.0,0.0,0.0,6
2023-05-11 11:01:42,sc2403,sc2403,512.8,0.0,0.0,0.0,1,509.0,523.4,1,512.8,0.0,0.0,0.0,0.0,0.0,6
2023-05-11 11:01:48,sc2403,sc2403,512.8,0.0,0.0,0.0,1,509.0,523.5,2,512.8,0.0,0.0,0.0,0.0,0.0,6
2023-05-11 11:01:49,sc2403,sc2403,512.8,0.0,0.0,0.0,1,509.0,523.4,1,512.8,0.0,0.0,0.0,0.0,0.0,6
2023-05-11 11:02:01,sc2403,sc2403,512.8,0.0,0.0,0.0,1,509.0,523.5,2,512.8,0.0,0.0,0.0,0.0,0.0,6
2023-05-11 11:02:01,sc2403,sc2403,512.8,0.0,0.0,0.0,1,509.0,523.4,1,512.8,0.0,0.0,0.0,0.0,0.0,6
2023-05-11 11:02:08,sc2403,sc2403,512.8,0.0,0.0,0.0,1,509.0,523.3,1,512.8,0.0,0.0,0.0,0.0,0.0,6
2023-05-11 11:02:13,sc2403,sc2403,512.8,0.0,0.0,0.0,1,509.0,523.3,1,512.8,0.0,0.0,0.0,0.0,0.0,6
2023-05-11 11:02:22,sc2403,sc2403,512.8,0.0,0.0,0.0,2,509.1,523.3,1,512.8,0.0,0.0,0.0,0.0,0.0,6
2023-05-11 11:02:36,sc2403,sc2403,512.8,0.0,0.0,0.0,1,509.0,523.3,1,512.8,0.0,0.0,0.0,0.0,0.0,6
2023-05-11 11:03:06,sc2403,sc2403,512.8,0.0,0.0,0.0,2,509.1,523.3,1,512.8,0.0,0.0,0.0,0.0,0.0,6
2023-05-11 11:06:09,sc2403,sc2403,512.8,0.0,0.0,0.0,2,509.1,523.3,1,512.8,0.0,0.0,0.0,0.0,0.0,6
2023-05-11 11:06:23,sc2403,sc2403,512.8,0.0,0.0,0.0,2,509.1,523.2,1,512.8,0.0,0.0,0.0,0.0,0.0,6
2023-05-11 11:06:26,sc2403,sc2403,512.8,0.0,0.0,0.0,2,509.1,523.2,1,512.8,0.0,0.0,0.0,0.0,0.0,6
2023-05-11 11:06:27,sc2403,sc2403,512.8,0.0,0.0,0.0,2,509.1,523.1,1,512.8,0.0,0.0,0.0,0.0,0.0,6
2023-05-11 11:06:33,sc2403,sc2403,512.8,0.0,0.0,0.0,2,509.1,523.1,1,512.8,0.0,0.0,0.0,0.0,0.0,6
2023-05-11 11:06:37,sc2403,sc2403,512.8,0.0,0.0,0.0,2,509.1,524.0,1,512.8,0.0,0.0,0.0,0.0,0.0,6
2023-05-11 11:06:44,sc2403,sc2403,512.8,0.0,0.0,0.0,2,509.1,523.9,1,512.8,0.0,0.0,0.0,0.0,0.0,6
2023-05-11 11:06:47,sc2403,sc2403,512.8,0.0,0.0,0.0,2,509.1,524.0,1,512.8,0.0,0.0,0.0,0.0,0.0,6
2023-05-11 11:06:48,sc2403,sc2403,512.8,0.0,0.0,0.0,2,509.1,523.9,1,512.8,0.0,0.0,0.0,0.0,0.0,6
2023-05-11 11:06:54,sc2403,sc2403,512.8,0.0,0.0,0.0,2,509.1,524.0,1,512.8,0.0,0.0,0.0,0.0,0.0,6
2023-05-11 11:06:54,sc2403,sc2403,512.8,0.0,0.0,0.0,2,509.1,523.9,1,512.8,0.0,0.0,0.0,0.0,0.0,6
2023-05-11 11:07:06,sc2403,sc2403,512.8,0.0,0.0,0.0,2,509.1,524.0,1,512.8,0.0,0.0,0.0,0.0,0.0,6
2023-05-11 11:07:07,sc2403,sc2403,512.8,0.0,0.0,0.0,2,509.1,523.9,1,512.8,0.0,0.0,0.0,0.0,0.0,6
2023-05-11 11:07:19,sc2403,sc2403,512.8,0.0,0.0,0.0,2,509.1,524.0,1,512.8,0.0,0.0,0.0,0.0,0.0,6
2023-05-11 11:07:20,sc2403,sc2403,512.8,0.0,0.0,0.0,2,509.1,523.8,1,512.8,0.0,0.0,0.0,0.0,0.0,6
2023-05-11 11:08:06,sc2403,sc2403,512.8,0.0,0.0,0.0,1,509.0,523.8,1,512.8,0.0,0.0,0.0,0.0,0.0,6
2023-05-11 11:08:16,sc2403,sc2403,512.8,0.0,0.0,0.0,2,509.1,523.8,1,512.8,0.0,0.0,0.0,0.0,0.0,6
2023-05-11 11:13:15,sc2403,sc2403,512.8,0.0,0.0,0.0,1,509.0,523.8,1,512.8,0.0,0.0,0.0,0.0,0.0,6
2023-05-11 11:13:27,sc2403,sc2403,512.8,0.0,0.0,0.0,2,509.1,523.8,1,512.8,0.0,0.0,0.0,0.0,0.0,6
2023-05-11 11:18:26,sc2403,sc2403,512.8,0.0,0.0,0.0,1,509.0,523.8,1,512.8,0.0,0.0,0.0,0.0,0.0,6
2023-05-11 11:18:33,sc2403,sc2403,512.8,0.0,0.0,0.0,2,509.1,523.8,1,512.8,0.0,0.0,0.0,0.0,0.0,6
2023-05-11 11:19:48,sc2403,sc2403,512.8,0.0,0.0,0.0,2,509.1,523.5,1,512.8,0.0,0.0,0.0,0.0,0.0,6
2023-05-11 11:19:51,sc2403,sc2403,512.8,0.0,0.0,0.0,2,509.1,523.5,1,512.8,0.0,0.0,0.0,0.0,0.0,6
2023-05-11 11:19:51,sc2403,sc2403,512.8,0.0,0.0,0.0,2,509.1,523.4,1,512.8,0.0,0.0,0.0,0.0,0.0,6
2023-05-11 11:19:57,sc2403,sc2403,512.8,0.0,0.0,0.0,2,509.1,523.5,1,512.8,0.0,0.0,0.0,0.0,0.0,6
2023-05-11 11:19:58,sc2403,sc2403,512.8,0.0,0.0,0.0,2,509.1,523.4,1,512.8,0.0,0.0,0.0,0.0,0.0,6
2023-05-11 11:20:10,sc2403,sc2403,512.8,0.0,0.0,0.0,2,509.1,523.5,1,512.8,0.0,0.0,0.0,0.0,0.0,6
2023-05-11 11:20:10,sc2403,sc2403,512.8,0.0,0.0,0.0,2,509.1,523.4,1,512.8,0.0,0.0,0.0,0.0,0.0,6
2023-05-11 11:20:16,sc2403,sc2403,512.8,0.0,0.0,0.0,2,509.1,523.5,1,512.8,0.0,0.0,0.0,0.0,0.0,6
2023-05-11 11:20:17,sc2403,sc2403,512.8,0.0,0.0,0.0,2,509.1,523.4,1,512.8,0.0,0.0,0.0,0.0,0.0,6
2023-05-11 11:20:23,sc2403,sc2403,512.8,0.0,0.0,0.0,2,509.1,523.5,1,512.8,0.0,0.0,0.0,0.0,0.0,6
2023-05-11 11:20:23,sc2403,sc2403,512.8,0.0,0.0,0.0,2,509.1,523.4,1,512.8,0.0,0.0,0.0,0.0,0.0,6
2023-05-11 11:20:36,sc2403,sc2403,512.8,0.0,0.0,0.0,2,509.1,523.5,1,512.8,0.0,0.0,0.0,0.0,0.0,6
2023-05-11 11:20:36,sc2403,sc2403,512.8,0.0,0.0,0.0,2,509.1,523.4,1,512.8,0.0,0.0,0.0,0.0,0.0,6
2023-05-11 11:20:42,sc2403,sc2403,512.8,0.0,0.0,0.0,2,509.1,523.5,1,512.8,0.0,0.0,0.0,0.0,0.0,6
2023-05-11 11:20:43,sc2403,sc2403,512.8,0.0,0.0,0.0,2,509.1,523.4,1,512.8,0.0,0.0,0.0,0.0,0.0,6
2023-05-11 11:20:49,sc2403,sc2403,512.8,0.0,0.0,0.0,2,509.1,523.5,1,512.8,0.0,0.0,0.0,0.0,0.0,6
2023-05-11 11:20:49,sc2403,sc2403,512.8,0.0,0.0,0.0,2,509.1,523.4,1,512.8,0.0,0.0,0.0,0.0,0.0,6
2023-05-11 11:21:01,sc2403,sc2403,512.8,0.0,0.0,0.0,2,509.1,523.5,1,512.8,0.0,0.0,0.0,0.0,0.0,6
2023-05-11 11:21:02,sc2403,sc2403,512.8,0.0,0.0,0.0,2,509.1,523.4,1,512.8,0.0,0.0,0.0,0.0,0.0,6
2023-05-11 11:21:08,sc2403,sc2403,512.8,0.0,0.0,0.0,2,509.1,523.5,1,512.8,0.0,0.0,0.0,0.0,0.0,6
2023-05-11 11:21:08,sc2403,sc2403,512.8,0.0,0.0,0.0,2,509.1,523.4,1,512.8,0.0,0.0,0.0,0.0,0.0,6
2023-05-11 11:21:14,sc2403,sc2403,512.8,0.0,0.0,0.0,2,509.1,523.5,1,512.8,0.0,0.0,0.0,0.0,0.0,6
2023-05-11 11:21:15,sc2403,sc2403,512.8,0.0,0.0,0.0,2,509.1,523.4,1,512.8,0.0,0.0,0.0,0.0,0.0,6
2023-05-11 11:21:27,sc2403,sc2403,512.8,0.0,0.0,0.0,2,509.1,523.5,1,512.8,0.0,0.0,0.0,0.0,0.0,6
2023-05-11 11:21:28,sc2403,sc2403,512.8,0.0,0.0,0.0,2,509.1,523.4,1,512.8,0.0,0.0,0.0,0.0,0.0,6
2023-05-11 11:21:34,sc2403,sc2403,512.8,0.0,0.0,0.0,2,509.1,523.5,1,512.8,0.0,0.0,0.0,0.0,0.0,6
2023-05-11 11:21:34,sc2403,sc2403,512.8,0.0,0.0,0.0,2,509.1,523.4,1,512.8,0.0,0.0,0.0,0.0,0.0,6
2023-05-11 11:21:40,sc2403,sc2403,512.8,0.0,0.0,0.0,2,509.1,523.5,1,512.8,0.0,0.0,0.0,0.0,0.0,6
2023-05-11 11:21:41,sc2403,sc2403,512.8,0.0,0.0,0.0,2,509.1,523.4,1,512.8,0.0,0.0,0.0,0.0,0.0,6
2023-05-11 11:21:53,sc2403,sc2403,512.8,0.0,0.0,0.0,2,509.1,523.5,1,512.8,0.0,0.0,0.0,0.0,0.0,6
2023-05-11 11:21:53,sc2403,sc2403,512.8,0.0,0.0,0.0,2,509.1,523.4,1,512.8,0.0,0.0,0.0,0.0,0.0,6
2023-05-11 11:21:59,sc2403,sc2403,512.8,0.0,0.0,0.0,2,509.1,523.5,1,512.8,0.0,0.0,0.0,0.0,0.0,6
2023-05-11 11:22:00,sc2403,sc2403,512.8,0.0,0.0,0.0,2,509.1,523.4,1,512.8,0.0,0.0,0.0,0.0,0.0,6
2023-05-11 11:22:06,sc2403,sc2403,512.8,0.0,0.0,0.0,2,509.1,523.5,1,512.8,0.0,0.0,0.0,0.0,0.0,6
2023-05-11 11:22:06,sc2403,sc2403,512.8,0.0,0.0,0.0,2,509.1,523.4,1,512.8,0.0,0.0,0.0,0.0,0.0,6
2023-05-11 11:22:09,sc2403,sc2403,512.8,0.0,0.0,0.0,2,509.1,523.5,1,512.8,0.0,0.0,0.0,0.0,0.0,6
2023-05-11 11:22:10,sc2403,sc2403,512.8,0.0,0.0,0.0,2,509.1,523.4,1,512.8,0.0,0.0,0.0,0.0,0.0,6
2023-05-11 11:22:16,sc2403,sc2403,512.8,0.0,0.0,0.0,2,509.1,523.5,1,512.8,0.0,0.0,0.0,0.0,0.0,6
2023-05-11 11:22:16,sc2403,sc2403,512.8,0.0,0.0,0.0,2,509.1,523.4,1,512.8,0.0,0.0,0.0,0.0,0.0,6
2023-05-11 11:22:22,sc2403,sc2403,512.8,0.0,0.0,0.0,2,509.1,523.5,1,512.8,0.0,0.0,0.0,0.0,0.0,6
2023-05-11 11:22:23,sc2403,sc2403,512.8,0.0,0.0,0.0,2,509.1,523.4,1,512.8,0.0,0.0,0.0,0.0,0.0,6
2023-05-11 11:22:29,sc2403,sc2403,512.8,0.0,0.0,0.0,2,509.1,523.5,1,512.8,0.0,0.0,0.0,0.0,0.0,6
2023-05-11 11:22:29,sc2403,sc2403,512.8,0.0,0.0,0.0,2,509.1,523.4,1,512.8,0.0,0.0,0.0,0.0,0.0,6
2023-05-11 11:22:41,sc2403,sc2403,512.8,0.0,0.0,0.0,2,509.1,523.5,1,512.8,0.0,0.0,0.0,0.0,0.0,6
2023-05-11 11:22:42,sc2403,sc2403,512.8,0.0,0.0,0.0,2,509.1,523.4,1,512.8,0.0,0.0,0.0,0.0,0.0,6
2023-05-11 11:22:54,sc2403,sc2403,512.8,0.0,0.0,0.0,2,509.1,523.5,1,512.8,0.0,0.0,0.0,0.0,0.0,6
