time,symbol_id,symbol_name,last,trade_volume,trade_amount,open_interest_change,bv1,bp1,ap1,av1,yesterday_close,today_open,today_high,today_low,volume,amount,open_interest
2023-05-10 20:59:00,sc2404,sc2404,510.2,0.0,0.0,0.0,1,511.2,543.2,1,510.2,0.0,0.0,0.0,0.0,0.0,0
2023-05-10 21:00:01,sc2404,sc2404,510.2,0.0,0.0,0.0,1,511.2,543.2,1,510.2,0.0,0.0,0.0,0.0,0.0,0
2023-05-10 21:00:06,sc2404,sc2404,510.2,0.0,0.0,0.0,1,511.8,537.1,1,510.2,0.0,0.0,0.0,0.0,0.0,0
2023-05-10 21:00:16,sc2404,sc2404,510.2,0.0,0.0,0.0,1,513.3,534.8,1,510.2,0.0,0.0,0.0,0.0,0.0,0
2023-05-10 21:00:31,sc2404,sc2404,510.2,0.0,0.0,0.0,1,513.3,534.8,1,510.2,0.0,0.0,0.0,0.0,0.0,0
2023-05-10 21:00:34,sc2404,sc2404,510.2,0.0,0.0,0.0,1,513.3,534.8,1,510.2,0.0,0.0,0.0,0.0,0.0,0
2023-05-10 21:00:57,sc2404,sc2404,510.2,0.0,0.0,0.0,1,513.3,534.8,1,510.2,0.0,0.0,0.0,0.0,0.0,0
2023-05-10 21:01:01,sc2404,sc2404,510.2,0.0,0.0,0.0,1,513.3,534.7,2,510.2,0.0,0.0,0.0,0.0,0.0,0
2023-05-10 21:01:08,sc2404,sc2404,510.2,0.0,0.0,0.0,1,513.3,534.7,2,510.2,0.0,0.0,0.0,0.0,0.0,0
2023-05-10 21:01:08,sc2404,sc2404,510.2,0.0,0.0,0.0,1,513.3,534.7,2,510.2,0.0,0.0,0.0,0.0,0.0,0
2023-05-10 21:02:39,sc2404,sc2404,510.2,0.0,0.0,0.0,1,513.3,534.6,1,510.2,0.0,0.0,0.0,0.0,0.0,0
2023-05-10 21:03:18,sc2404,sc2404,510.2,0.0,0.0,0.0,1,513.3,534.6,1,510.2,0.0,0.0,0.0,0.0,0.0,0
2023-05-10 21:04:00,sc2404,sc2404,510.2,0.0,0.0,0.0,1,513.3,534.5,2,510.2,0.0,0.0,0.0,0.0,0.0,0
2023-05-10 21:04:01,sc2404,sc2404,510.2,0.0,0.0,0.0,1,513.3,534.4,1,510.2,0.0,0.0,0.0,0.0,0.0,0
2023-05-10 21:04:01,sc2404,sc2404,510.2,0.0,0.0,0.0,1,513.3,534.3,1,510.2,0.0,0.0,0.0,0.0,0.0,0
2023-05-10 21:04:41,sc2404,sc2404,510.2,0.0,0.0,0.0,1,513.3,534.3,1,510.2,0.0,0.0,0.0,0.0,0.0,0
2023-05-10 21:04:46,sc2404,sc2404,510.2,0.0,0.0,0.0,1,513.3,534.2,2,510.2,0.0,0.0,0.0,0.0,0.0,0
2023-05-10 21:04:46,sc2404,sc2404,510.2,0.0,0.0,0.0,1,513.3,534.2,3,510.2,0.0,0.0,0.0,0.0,0.0,0
2023-05-10 21:04:47,sc2404,sc2404,510.2,0.0,0.0,0.0,1,513.3,534.1,1,510.2,0.0,0.0,0.0,0.0,0.0,0
2023-05-10 21:04:53,sc2404,sc2404,510.2,0.0,0.0,0.0,1,513.3,534.1,1,510.2,0.0,0.0,0.0,0.0,0.0,0
2023-05-10 21:04:54,sc2404,sc2404,510.2,0.0,0.0,0.0,1,513.3,534.1,2,510.2,0.0,0.0,0.0,0.0,0.0,0
2023-05-10 21:05:06,sc2404,sc2404,510.2,0.0,0.0,0.0,1,513.3,534.1,1,510.2,0.0,0.0,0.0,0.0,0.0,0
2023-05-10 21:05:06,sc2404,sc2404,510.2,0.0,0.0,0.0,1,513.3,534.1,2,510.2,0.0,0.0,0.0,0.0,0.0,0
2023-05-10 21:05:12,sc2404,sc2404,510.2,0.0,0.0,0.0,1,513.3,534.1,1,510.2,0.0,0.0,0.0,0.0,0.0,0
2023-05-10 21:05:13,sc2404,sc2404,510.2,0.0,0.0,0.0,1,513.3,534.1,2,510.2,0.0,0.0,0.0,0.0,0.0,0
2023-05-10 21:05:19,sc2404,sc2404,510.2,0.0,0.0,0.0,1,513.3,534.1,1,510.2,0.0,0.0,0.0,0.0,0.0,0
2023-05-10 21:05:19,sc2404,sc2404,510.2,0.0,0.0,0.0,1,513.3,534.1,2,510.2,0.0,0.0,0.0,0.0,0.0,0
2023-05-10 21:05:25,sc2404,sc2404,510.2,0.0,0.0,0.0,1,513.3,534.1,1,510.2,0.0,0.0,0.0,0.0,0.0,0
2023-05-10 21:05:26,sc2404,sc2404,510.2,0.0,0.0,0.0,1,513.3,534.1,2,510.2,0.0,0.0,0.0,0.0,0.0,0
2023-05-10 21:05:31,sc2404,sc2404,510.2,0.0,0.0,0.0,1,513.3,534.0,2,510.2,0.0,0.0,0.0,0.0,0.0,0
2023-05-10 21:05:31,sc2404,sc2404,510.2,0.0,0.0,0.0,1,513.3,533.9,1,510.2,0.0,0.0,0.0,0.0,0.0,0
2023-05-10 21:05:32,sc2404,sc2404,510.2,0.0,0.0,0.0,1,513.3,533.8,1,510.2,0.0,0.0,0.0,0.0,0.0,0
2023-05-10 21:06:12,sc2404,sc2404,510.2,0.0,0.0,0.0,1,513.3,533.8,1,510.2,0.0,0.0,0.0,0.0,0.0,0
2023-05-10 21:06:16,sc2404,sc2404,510.2,0.0,0.0,0.0,1,513.3,533.7,2,510.2,0.0,0.0,0.0,0.0,0.0,0
2023-05-10 21:06:16,sc2404,sc2404,510.2,0.0,0.0,0.0,1,513.3,533.6,1,510.2,0.0,0.0,0.0,0.0,0.0,0
2023-05-10 21:06:56,sc2404,sc2404,510.2,0.0,0.0,0.0,1,513.3,533.6,1,510.2,0.0,0.0,0.0,0.0,0.0,0
2023-05-10 21:07:00,sc2404,sc2404,510.2,0.0,0.0,0.0,1,513.3,533.5,2,510.2,0.0,0.0,0.0,0.0,0.0,0
2023-05-10 21:07:01,sc2404,sc2404,510.2,0.0,0.0,0.0,1,513.3,533.4,1,510.2,0.0,0.0,0.0,0.0,0.0,0
2023-05-10 21:07:01,sc2404,sc2404,510.2,0.0,0.0,0.0,1,513.3,533.3,1,510.2,0.0,0.0,0.0,0.0,0.0,0
2023-05-10 21:07:40,sc2404,sc2404,510.2,0.0,0.0,0.0,1,513.3,533.3,1,510.2,0.0,0.0,0.0,0.0,0.0,0
2023-05-10 21:07:44,sc2404,sc2404,510.2,0.0,0.0,0.0,1,513.3,533.2,2,510.2,0.0,0.0,0.0,0.0,0.0,0
2023-05-10 21:07:45,sc2404,sc2404,510.2,0.0,0.0,0.0,1,513.3,533.1,2,510.2,0.0,0.0,0.0,0.0,0.0,0
2023-05-10 21:07:51,sc2404,sc2404,510.2,0.0,0.0,0.0,1,513.3,533.1,1,510.2,0.0,0.0,0.0,0.0,0.0,0
2023-05-10 21:08:24,sc2404,sc2404,510.2,0.0,0.0,0.0,1,513.3,533.1,1,510.2,0.0,0.0,0.0,0.0,0.0,0
2023-05-10 21:08:28,sc2404,sc2404,510.2,0.0,0.0,0.0,1,513.3,533.0,2,510.2,0.0,0.0,0.0,0.0,0.0,0
2023-05-10 21:08:28,sc2404,sc2404,510.2,0.0,0.0,0.0,1,513.3,532.9,1,510.2,0.0,0.0,0.0,0.0,0.0,0
2023-05-10 21:08:29,sc2404,sc2404,510.2,0.0,0.0,0.0,1,513.3,532.8,1,510.2,0.0,0.0,0.0,0.0,0.0,0
2023-05-10 21:09:07,sc2404,sc2404,510.2,0.0,0.0,0.0,1,513.3,532.8,1,510.2,0.0,0.0,0.0,0.0,0.0,0
2023-05-10 21:09:11,sc2404,sc2404,510.2,0.0,0.0,0.0,1,513.3,532.7,2,510.2,0.0,0.0,0.0,0.0,0.0,0
2023-05-10 21:09:12,sc2404,sc2404,510.2,0.0,0.0,0.0,1,513.3,532.6,1,510.2,0.0,0.0,0.0,0.0,0.0,0
2023-05-10 21:09:52,sc2404,sc2404,510.2,0.0,0.0,0.0,1,513.3,532.6,1,510.2,0.0,0.0,0.0,0.0,0.0,0
2023-05-10 21:09:56,sc2404,sc2404,510.2,0.0,0.0,0.0,1,513.3,532.5,2,510.2,0.0,0.0,0.0,0.0,0.0,0
2023-05-10 21:09:57,sc2404,sc2404,510.2,0.0,0.0,0.0,1,513.3,532.4,1,510.2,0.0,0.0,0.0,0.0,0.0,0
2023-05-10 21:09:57,sc2404,sc2404,510.2,0.0,0.0,0.0,1,513.3,532.3,1,510.2,0.0,0.0,0.0,0.0,0.0,0
2023-05-10 21:10:16,sc2404,sc2404,510.2,0.0,0.0,0.0,1,513.3,532.2,1,510.2,0.0,0.0,0.0,0.0,0.0,0
2023-05-10 21:10:16,sc2404,sc2404,510.2,0.0,0.0,0.0,1,513.3,532.1,1,510.2,0.0,0.0,0.0,0.0,0.0,0
2023-05-10 21:10:22,sc2404,sc2404,510.2,0.0,0.0,0.0,1,513.3,532.1,1,510.2,0.0,0.0,0.0,0.0,0.0,0
2023-05-10 21:10:22,sc2404,sc2404,510.2,0.0,0.0,0.0,1,513.3,532.0,1,510.2,0.0,0.0,0.0,0.0,0.0,0
2023-05-10 21:10:23,sc2404,sc2404,510.2,0.0,0.0,0.0,1,513.3,532.0,1,510.2,0.0,0.0,0.0,0.0,0.0,0
2023-05-10 21:10:30,sc2404,sc2404,510.2,0.0,0.0,0.0,1,513.3,531.9,1,510.2,0.0,0.0,0.0,0.0,0.0,0
2023-05-10 21:10:31,sc2404,sc2404,510.2,0.0,0.0,0.0,1,513.3,531.8,1,510.2,0.0,0.0,0.0,0.0,0.0,0
2023-05-10 21:10:34,sc2404,sc2404,510.2,0.0,0.0,0.0,1,513.3,531.8,1,510.2,0.0,0.0,0.0,0.0,0.0,0
2023-05-10 21:10:35,sc2404,sc2404,510.2,0.0,0.0,0.0,1,513.3,531.7,1,510.2,0.0,0.0,0.0,0.0,0.0,0
2023-05-10 21:10:35,sc2404,sc2404,510.2,0.0,0.0,0.0,1,513.3,531.6,1,510.2,0.0,0.0,0.0,0.0,0.0,0
2023-05-10 21:10:36,sc2404,sc2404,510.2,0.0,0.0,0.0,1,513.3,531.6,1,510.2,0.0,0.0,0.0,0.0,0.0,0
2023-05-10 21:10:40,sc2404,sc2404,510.2,0.0,0.0,0.0,1,513.3,531.5,2,510.2,0.0,0.0,0.0,0.0,0.0,0
2023-05-10 21:10:41,sc2404,sc2404,510.2,0.0,0.0,0.0,1,513.3,531.4,1,510.2,0.0,0.0,0.0,0.0,0.0,0
2023-05-10 21:10:41,sc2404,sc2404,510.2,0.0,0.0,0.0,1,513.3,531.3,1,510.2,0.0,0.0,0.0,0.0,0.0,0
2023-05-10 21:10:47,sc2404,sc2404,510.2,0.0,0.0,0.0,1,513.3,531.3,1,510.2,0.0,0.0,0.0,0.0,0.0,0
2023-05-10 21:10:47,sc2404,sc2404,510.2,0.0,0.0,0.0,1,513.3,531.2,1,510.2,0.0,0.0,0.0,0.0,0.0,0
2023-05-10 21:10:48,sc2404,sc2404,510.2,0.0,0.0,0.0,1,513.3,531.1,1,510.2,0.0,0.0,0.0,0.0,0.0,0
2023-05-10 21:10:59,sc2404,sc2404,510.2,0.0,0.0,0.0,1,513.3,531.1,1,510.2,0.0,0.0,0.0,0.0,0.0,0
2023-05-10 21:11:00,sc2404,sc2404,510.2,0.0,0.0,0.0,1,513.3,531.0,1,510.2,0.0,0.0,0.0,0.0,0.0,0
2023-05-10 21:11:00,sc2404,sc2404,510.2,0.0,0.0,0.0,1,513.3,530.9,1,510.2,0.0,0.0,0.0,0.0,0.0,0
2023-05-10 21:11:01,sc2404,sc2404,510.2,0.0,0.0,0.0,1,513.3,530.8,1,510.2,0.0,0.0,0.0,0.0,0.0,0
2023-05-10 21:11:06,sc2404,sc2404,510.2,0.0,0.0,0.0,1,513.3,530.8,1,510.2,0.0,0.0,0.0,0.0,0.0,0
2023-05-10 21:11:07,sc2404,sc2404,510.2,0.0,0.0,0.0,1,513.3,530.7,1,510.2,0.0,0.0,0.0,0.0,0.0,0
2023-05-10 21:11:07,sc2404,sc2404,510.2,0.0,0.0,0.0,1,513.3,530.6,1,510.2,0.0,0.0,0.0,0.0,0.0,0
2023-05-10 21:11:08,sc2404,sc2404,510.2,0.0,0.0,0.0,1,513.3,530.6,1,510.2,0.0,0.0,0.0,0.0,0.0,0
2023-05-10 21:11:13,sc2404,sc2404,510.2,0.0,0.0,0.0,1,513.3,530.6,1,510.2,0.0,0.0,0.0,0.0,0.0,0
2023-05-10 21:11:13,sc2404,sc2404,510.2,0.0,0.0,0.0,1,513.3,530.5,1,510.2,0.0,0.0,0.0,0.0,0.0,0
2023-05-10 21:11:14,sc2404,sc2404,510.2,0.0,0.0,0.0,1,513.3,530.4,1,510.2,0.0,0.0,0.0,0.0,0.0,0
2023-05-10 21:11:14,sc2404,sc2404,510.2,0.0,0.0,0.0,1,513.3,530.3,1,510.2,0.0,0.0,0.0,0.0,0.0,0
2023-05-10 21:11:25,sc2404,sc2404,510.2,0.0,0.0,0.0,2,513.4,530.3,1,510.2,0.0,0.0,0.0,0.0,0.0,0
2023-05-10 21:11:25,sc2404,sc2404,510.2,0.0,0.0,0.0,2,513.4,530.3,1,510.2,0.0,0.0,0.0,0.0,0.0,0
2023-05-10 21:11:26,sc2404,sc2404,510.2,0.0,0.0,0.0,2,513.4,530.2,1,510.2,0.0,0.0,0.0,0.0,0.0,0
2023-05-10 21:11:26,sc2404,sc2404,510.2,0.0,0.0,0.0,2,513.4,530.1,1,510.2,0.0,0.0,0.0,0.0,0.0,0
2023-05-10 21:11:38,sc2404,sc2404,510.2,0.0,0.0,0.0,2,513.4,530.1,1,510.2,0.0,0.0,0.0,0.0,0.0,0
2023-05-10 21:11:38,sc2404,sc2404,510.2,0.0,0.0,0.0,2,513.4,530.0,1,510.2,0.0,0.0,0.0,0.0,0.0,0
2023-05-10 21:11:39,sc2404,sc2404,510.2,0.0,0.0,0.0,2,513.4,530.0,1,510.2,0.0,0.0,0.0,0.0,0.0,0
2023-05-10 21:13:10,sc2404,sc2404,510.2,0.0,0.0,0.0,2,513.4,529.9,1,510.2,0.0,0.0,0.0,0.0,0.0,0
2023-05-10 21:13:10,sc2404,sc2404,510.2,0.0,0.0,0.0,2,513.4,529.8,1,510.2,0.0,0.0,0.0,0.0,0.0,0
2023-05-10 21:13:15,sc2404,sc2404,510.2,0.0,0.0,0.0,2,513.4,529.8,1,510.2,0.0,0.0,0.0,0.0,0.0,0
2023-05-10 21:13:15,sc2404,sc2404,510.2,0.0,0.0,0.0,2,513.4,529.7,1,510.2,0.0,0.0,0.0,0.0,0.0,0
2023-05-10 21:13:16,sc2404,sc2404,510.2,0.0,0.0,0.0,2,513.4,529.6,1,510.2,0.0,0.0,0.0,0.0,0.0,0
2023-05-10 21:13:20,sc2404,sc2404,510.2,0.0,0.0,0.0,2,513.4,529.6,1,510.2,0.0,0.0,0.0,0.0,0.0,0
2023-05-10 21:13:21,sc2404,sc2404,510.2,0.0,0.0,0.0,2,513.4,529.5,1,510.2,0.0,0.0,0.0,0.0,0.0,0
2023-05-10 21:13:21,sc2404,sc2404,510.2,0.0,0.0,0.0,2,513.4,529.4,1,510.2,0.0,0.0,0.0,0.0,0.0,0
2023-05-10 21:13:22,sc2404,sc2404,510.2,0.0,0.0,0.0,2,513.4,529.3,1,510.2,0.0,0.0,0.0,0.0,0.0,0
2023-05-10 21:13:27,sc2404,sc2404,510.2,0.0,0.0,0.0,2,513.4,529.3,1,510.2,0.0,0.0,0.0,0.0,0.0,0
2023-05-10 21:13:27,sc2404,sc2404,510.2,0.0,0.0,0.0,2,513.4,529.2,1,510.2,0.0,0.0,0.0,0.0,0.0,0
2023-05-10 21:13:28,sc2404,sc2404,510.2,0.0,0.0,0.0,2,513.4,529.1,1,510.2,0.0,0.0,0.0,0.0,0.0,0
2023-05-10 21:13:31,sc2404,sc2404,510.2,0.0,0.0,0.0,2,513.4,529.1,1,510.2,0.0,0.0,0.0,0.0,0.0,0
2023-05-10 21:13:31,sc2404,sc2404,510.2,0.0,0.0,0.0,2,513.4,529.0,1,510.2,0.0,0.0,0.0,0.0,0.0,0
2023-05-10 21:13:32,sc2404,sc2404,510.2,0.0,0.0,0.0,2,513.4,529.0,1,510.2,0.0,0.0,0.0,0.0,0.0,0
2023-05-10 21:15:29,sc2404,sc2404,510.2,0.0,0.0,0.0,1,513.3,529.0,1,510.2,0.0,0.0,0.0,0.0,0.0,0
2023-05-10 21:15:31,sc2404,sc2404,510.2,0.0,0.0,0.0,1,513.3,529.0,1,510.2,0.0,0.0,0.0,0.0,0.0,0
2023-05-10 21:15:47,sc2404,sc2404,510.2,0.0,0.0,0.0,2,513.4,529.0,1,510.2,0.0,0.0,0.0,0.0,0.0,0
2023-05-10 21:15:51,sc2404,sc2404,510.2,0.0,0.0,0.0,1,513.3,529.0,1,510.2,0.0,0.0,0.0,0.0,0.0,0
2023-05-10 21:16:23,sc2404,sc2404,510.2,0.0,0.0,0.0,1,513.3,529.0,1,510.2,0.0,0.0,0.0,0.0,0.0,0
2023-05-10 21:16:25,sc2404,sc2404,510.2,0.0,0.0,0.0,1,513.3,529.0,1,510.2,0.0,0.0,0.0,0.0,0.0,0
2023-05-10 21:16:32,sc2404,sc2404,510.2,0.0,0.0,0.0,1,513.3,528.9,2,510.2,0.0,0.0,0.0,0.0,0.0,0
2023-05-10 21:16:37,sc2404,sc2404,510.2,0.0,0.0,0.0,1,513.3,528.9,2,510.2,0.0,0.0,0.0,0.0,0.0,0
2023-05-10 21:16:38,sc2404,sc2404,510.2,0.0,0.0,0.0,1,513.3,528.9,3,510.2,0.0,0.0,0.0,0.0,0.0,0
2023-05-10 21:16:44,sc2404,sc2404,510.2,0.0,0.0,0.0,1,513.3,528.9,2,510.2,0.0,0.0,0.0,0.0,0.0,0
2023-05-10 21:16:44,sc2404,sc2404,510.2,0.0,0.0,0.0,1,513.3,528.9,3,510.2,0.0,0.0,0.0,0.0,0.0,0
2023-05-10 21:16:50,sc2404,sc2404,510.2,0.0,0.0,0.0,1,513.3,528.9,2,510.2,0.0,0.0,0.0,0.0,0.0,0
2023-05-10 21:16:51,sc2404,sc2404,510.2,0.0,0.0,0.0,1,513.3,528.9,3,510.2,0.0,0.0,0.0,0.0,0.0,0
2023-05-10 21:16:57,sc2404,sc2404,510.2,0.0,0.0,0.0,1,513.3,528.9,2,510.2,0.0,0.0,0.0,0.0,0.0,0
2023-05-10 21:16:57,sc2404,sc2404,510.2,0.0,0.0,0.0,1,513.3,528.9,3,510.2,0.0,0.0,0.0,0.0,0.0,0
2023-05-10 21:17:01,sc2404,sc2404,510.2,0.0,0.0,0.0,1,513.3,528.9,1,510.2,0.0,0.0,0.0,0.0,0.0,0
2023-05-10 21:17:03,sc2404,sc2404,510.2,0.0,0.0,0.0,1,513.3,534.8,1,510.2,0.0,0.0,0.0,0.0,0.0,0
2023-05-10 21:17:04,sc2404,sc2404,510.2,0.0,0.0,0.0,1,513.3,534.7,2,510.2,0.0,0.0,0.0,0.0,0.0,0
2023-05-10 21:17:10,sc2404,sc2404,510.2,0.0,0.0,0.0,1,513.3,534.7,1,510.2,0.0,0.0,0.0,0.0,0.0,0
2023-05-10 21:17:11,sc2404,sc2404,510.2,0.0,0.0,0.0,1,513.3,534.6,1,510.2,0.0,0.0,0.0,0.0,0.0,0
2023-05-10 21:17:11,sc2404,sc2404,510.2,0.0,0.0,0.0,1,513.3,534.5,1,510.2,0.0,0.0,0.0,0.0,0.0,0
2023-05-10 21:17:18,sc2404,sc2404,510.2,0.0,0.0,0.0,1,513.3,534.4,2,510.2,0.0,0.0,0.0,0.0,0.0,0
2023-05-10 21:17:18,sc2404,sc2404,510.2,0.0,0.0,0.0,1,513.3,534.3,1,510.2,0.0,0.0,0.0,0.0,0.0,0
2023-05-10 21:17:23,sc2404,sc2404,510.2,0.0,0.0,0.0,1,513.3,534.3,1,510.2,0.0,0.0,0.0,0.0,0.0,0
2023-05-10 21:17:23,sc2404,sc2404,510.2,0.0,0.0,0.0,1,513.3,534.2,1,510.2,0.0,0.0,0.0,0.0,0.0,0
2023-05-10 21:17:24,sc2404,sc2404,510.2,0.0,0.0,0.0,1,513.3,534.1,1,510.2,0.0,0.0,0.0,0.0,0.0,0
2023-05-10 21:17:35,sc2404,sc2404,510.2,0.0,0.0,0.0,1,513.3,534.1,1,510.2,0.0,0.0,0.0,0.0,0.0,0
2023-05-10 21:17:36,sc2404,sc2404,510.2,0.0,0.0,0.0,1,513.3,534.0,1,510.2,0.0,0.0,0.0,0.0,0.0,0
2023-05-10 21:17:36,sc2404,sc2404,510.2,0.0,0.0,0.0,1,513.3,533.9,1,510.2,0.0,0.0,0.0,0.0,0.0,0
2023-05-10 21:17:37,sc2404,sc2404,510.2,0.0,0.0,0.0,1,513.3,533.8,1,510.2,0.0,0.0,0.0,0.0,0.0,0
2023-05-10 21:17:42,sc2404,sc2404,510.2,0.0,0.0,0.0,1,513.3,533.8,1,510.2,0.0,0.0,0.0,0.0,0.0,0
2023-05-10 21:17:42,sc2404,sc2404,510.2,0.0,0.0,0.0,1,513.3,533.7,1,510.2,0.0,0.0,0.0,0.0,0.0,0
2023-05-10 21:17:43,sc2404,sc2404,510.2,0.0,0.0,0.0,1,513.3,533.6,1,510.2,0.0,0.0,0.0,0.0,0.0,0
2023-05-10 21:17:49,sc2404,sc2404,510.2,0.0,0.0,0.0,1,513.3,533.6,1,510.2,0.0,0.0,0.0,0.0,0.0,0
2023-05-10 21:17:50,sc2404,sc2404,510.2,0.0,0.0,0.0,1,513.3,533.5,1,510.2,0.0,0.0,0.0,0.0,0.0,0
2023-05-10 21:17:50,sc2404,sc2404,510.2,0.0,0.0,0.0,1,513.3,533.4,1,510.2,0.0,0.0,0.0,0.0,0.0,0
2023-05-10 21:17:51,sc2404,sc2404,510.2,0.0,0.0,0.0,1,513.3,533.3,1,510.2,0.0,0.0,0.0,0.0,0.0,0
2023-05-10 21:17:56,sc2404,sc2404,510.2,0.0,0.0,0.0,1,513.3,533.3,1,510.2,0.0,0.0,0.0,0.0,0.0,0
2023-05-10 21:17:56,sc2404,sc2404,510.2,0.0,0.0,0.0,1,513.3,533.2,1,510.2,0.0,0.0,0.0,0.0,0.0,0
2023-05-10 21:17:57,sc2404,sc2404,510.2,0.0,0.0,0.0,1,513.3,533.1,1,510.2,0.0,0.0,0.0,0.0,0.0,0
2023-05-10 21:17:58,sc2404,sc2404,510.2,0.0,0.0,0.0,1,513.3,533.1,1,510.2,0.0,0.0,0.0,0.0,0.0,0
2023-05-10 21:18:02,sc2404,sc2404,510.2,0.0,0.0,0.0,1,513.3,533.0,2,510.2,0.0,0.0,0.0,0.0,0.0,0
2023-05-10 21:18:02,sc2404,sc2404,510.2,0.0,0.0,0.0,1,513.3,532.9,1,510.2,0.0,0.0,0.0,0.0,0.0,0
2023-05-10 21:18:03,sc2404,sc2404,510.2,0.0,0.0,0.0,1,513.3,532.8,2,510.2,0.0,0.0,0.0,0.0,0.0,0
2023-05-10 21:18:42,sc2404,sc2404,510.2,0.0,0.0,0.0,1,513.3,532.8,2,510.2,0.0,0.0,0.0,0.0,0.0,0
2023-05-10 21:18:45,sc2404,sc2404,510.2,0.0,0.0,0.0,1,513.3,532.7,2,510.2,0.0,0.0,0.0,0.0,0.0,0
2023-05-10 21:18:46,sc2404,sc2404,510.2,0.0,0.0,0.0,1,513.3,532.6,1,510.2,0.0,0.0,0.0,0.0,0.0,0
2023-05-10 21:18:46,sc2404,sc2404,510.2,0.0,0.0,0.0,1,513.3,532.6,2,510.2,0.0,0.0,0.0,0.0,0.0,0
2023-05-10 21:19:24,sc2404,sc2404,510.2,0.0,0.0,0.0,1,513.3,532.6,2,510.2,0.0,0.0,0.0,0.0,0.0,0
2023-05-10 21:19:30,sc2404,sc2404,510.2,0.0,0.0,0.0,1,513.3,532.5,2,510.2,0.0,0.0,0.0,0.0,0.0,0
2023-05-10 21:19:30,sc2404,sc2404,510.2,0.0,0.0,0.0,1,513.3,532.4,1,510.2,0.0,0.0,0.0,0.0,0.0,0
2023-05-10 21:19:31,sc2404,sc2404,510.2,0.0,0.0,0.0,1,513.3,532.3,1,510.2,0.0,0.0,0.0,0.0,0.0,0
2023-05-10 21:19:36,sc2404,sc2404,510.2,0.0,0.0,0.0,1,513.3,532.3,1,510.2,0.0,0.0,0.0,0.0,0.0,0
2023-05-10 21:19:36,sc2404,sc2404,510.2,0.0,0.0,0.0,1,513.3,532.2,1,510.2,0.0,0.0,0.0,0.0,0.0,0
2023-05-10 21:19:37,sc2404,sc2404,510.2,0.0,0.0,0.0,1,513.3,532.1,1,510.2,0.0,0.0,0.0,0.0,0.0,0
2023-05-10 21:19:42,sc2404,sc2404,510.2,0.0,0.0,0.0,1,513.3,532.1,1,510.2,0.0,0.0,0.0,0.0,0.0,0
2023-05-10 21:19:43,sc2404,sc2404,510.2,0.0,0.0,0.0,1,513.3,532.0,1,510.2,0.0,0.0,0.0,0.0,0.0,0
2023-05-10 21:19:43,sc2404,sc2404,510.2,0.0,0.0,0.0,1,513.3,531.9,1,510.2,0.0,0.0,0.0,0.0,0.0,0
2023-05-10 21:19:44,sc2404,sc2404,510.2,0.0,0.0,0.0,1,513.3,531.8,1,510.2,0.0,0.0,0.0,0.0,0.0,0
2023-05-10 21:19:49,sc2404,sc2404,510.2,0.0,0.0,0.0,1,513.3,531.8,1,510.2,0.0,0.0,0.0,0.0,0.0,0
2023-05-10 21:19:49,sc2404,sc2404,510.2,0.0,0.0,0.0,1,513.3,531.7,1,510.2,0.0,0.0,0.0,0.0,0.0,0
2023-05-10 21:19:50,sc2404,sc2404,510.2,0.0,0.0,0.0,1,513.3,531.6,1,510.2,0.0,0.0,0.0,0.0,0.0,0
2023-05-10 21:20:01,sc2404,sc2404,510.2,0.0,0.0,0.0,1,513.3,531.6,1,510.2,0.0,0.0,0.0,0.0,0.0,0
2023-05-10 21:20:02,sc2404,sc2404,510.2,0.0,0.0,0.0,1,513.3,531.5,1,510.2,0.0,0.0,0.0,0.0,0.0,0
2023-05-10 21:20:02,sc2404,sc2404,510.2,0.0,0.0,0.0,1,513.3,531.4,1,510.2,0.0,0.0,0.0,0.0,0.0,0
2023-05-10 21:20:03,sc2404,sc2404,510.2,0.0,0.0,0.0,1,513.3,531.3,1,510.2,0.0,0.0,0.0,0.0,0.0,0
2023-05-10 21:20:09,sc2404,sc2404,510.2,0.0,0.0,0.0,1,513.3,531.3,1,510.2,0.0,0.0,0.0,0.0,0.0,0
2023-05-10 21:20:13,sc2404,sc2404,510.2,0.0,0.0,0.0,1,513.3,531.2,2,510.2,0.0,0.0,0.0,0.0,0.0,0
2023-05-10 21:20:14,sc2404,sc2404,510.2,0.0,0.0,0.0,1,513.3,531.1,1,510.2,0.0,0.0,0.0,0.0,0.0,0
2023-05-10 21:20:14,sc2404,sc2404,510.2,0.0,0.0,0.0,1,513.3,531.0,1,510.2,0.0,0.0,0.0,0.0,0.0,0
2023-05-10 21:20:15,sc2404,sc2404,510.2,0.0,0.0,0.0,1,513.3,530.9,1,510.2,0.0,0.0,0.0,0.0,0.0,0
2023-05-10 21:20:15,sc2404,sc2404,510.2,0.0,0.0,0.0,1,513.3,530.8,1,510.2,0.0,0.0,0.0,0.0,0.0,0
2023-05-10 21:20:26,sc2404,sc2404,510.2,0.0,0.0,0.0,1,513.3,530.8,1,510.2,0.0,0.0,0.0,0.0,0.0,0
2023-05-10 21:20:27,sc2404,sc2404,510.2,0.0,0.0,0.0,1,513.3,530.7,1,510.2,0.0,0.0,0.0,0.0,0.0,0
2023-05-10 21:20:27,sc2404,sc2404,510.2,0.0,0.0,0.0,1,513.3,530.6,1,510.2,0.0,0.0,0.0,0.0,0.0,0
2023-05-10 21:20:33,sc2404,sc2404,510.2,0.0,0.0,0.0,1,513.3,530.6,1,510.2,0.0,0.0,0.0,0.0,0.0,0
2023-05-10 21:20:34,sc2404,sc2404,510.2,0.0,0.0,0.0,1,513.3,530.5,1,510.2,0.0,0.0,0.0,0.0,0.0,0
2023-05-10 21:20:34,sc2404,sc2404,510.2,0.0,0.0,0.0,1,513.3,530.4,1,510.2,0.0,0.0,0.0,0.0,0.0,0
2023-05-10 21:20:35,sc2404,sc2404,510.2,0.0,0.0,0.0,1,513.3,530.3,1,510.2,0.0,0.0,0.0,0.0,0.0,0
2023-05-10 21:20:40,sc2404,sc2404,510.2,0.0,0.0,0.0,1,513.3,530.3,1,510.2,0.0,0.0,0.0,0.0,0.0,0
2023-05-10 21:20:40,sc2404,sc2404,510.2,0.0,0.0,0.0,1,513.3,530.2,1,510.2,0.0,0.0,0.0,0.0,0.0,0
2023-05-10 21:20:41,sc2404,sc2404,510.2,0.0,0.0,0.0,1,513.3,530.1,1,510.2,0.0,0.0,0.0,0.0,0.0,0
2023-05-10 21:20:52,sc2404,sc2404,510.2,0.0,0.0,0.0,1,513.3,530.1,1,510.2,0.0,0.0,0.0,0.0,0.0,0
2023-05-10 21:20:53,sc2404,sc2404,510.2,0.0,0.0,0.0,1,513.3,530.0,1,510.2,0.0,0.0,0.0,0.0,0.0,0
2023-05-10 21:20:53,sc2404,sc2404,510.2,0.0,0.0,0.0,1,513.3,529.9,1,510.2,0.0,0.0,0.0,0.0,0.0,0
2023-05-10 21:20:54,sc2404,sc2404,510.2,0.0,0.0,0.0,1,513.3,529.8,1,510.2,0.0,0.0,0.0,0.0,0.0,0
2023-05-10 21:20:56,sc2404,sc2404,510.2,0.0,0.0,0.0,2,513.4,529.8,1,510.2,0.0,0.0,0.0,0.0,0.0,0
2023-05-10 21:20:59,sc2404,sc2404,510.2,0.0,0.0,0.0,2,513.4,529.8,1,510.2,0.0,0.0,0.0,0.0,0.0,0
2023-05-10 21:20:59,sc2404,sc2404,510.2,0.0,0.0,0.0,1,513.3,529.7,1,510.2,0.0,0.0,0.0,0.0,0.0,0
2023-05-10 21:21:00,sc2404,sc2404,510.2,0.0,0.0,0.0,1,513.3,529.6,1,510.2,0.0,0.0,0.0,0.0,0.0,0
2023-05-10 21:21:05,sc2404,sc2404,510.2,0.0,0.0,0.0,1,513.3,529.6,1,510.2,0.0,0.0,0.0,0.0,0.0,0
2023-05-10 21:21:06,sc2404,sc2404,510.2,0.0,0.0,0.0,1,513.3,529.5,1,510.2,0.0,0.0,0.0,0.0,0.0,0
2023-05-10 21:21:06,sc2404,sc2404,510.2,0.0,0.0,0.0,1,513.3,529.4,1,510.2,0.0,0.0,0.0,0.0,0.0,0
2023-05-10 21:21:07,sc2404,sc2404,510.2,0.0,0.0,0.0,1,513.3,529.3,1,510.2,0.0,0.0,0.0,0.0,0.0,0
2023-05-10 21:21:12,sc2404,sc2404,510.2,0.0,0.0,0.0,1,513.3,529.3,1,510.2,0.0,0.0,0.0,0.0,0.0,0
2023-05-10 21:21:12,sc2404,sc2404,510.2,0.0,0.0,0.0,1,513.3,529.2,1,510.2,0.0,0.0,0.0,0.0,0.0,0
2023-05-10 21:21:13,sc2404,sc2404,510.2,0.0,0.0,0.0,1,513.3,529.1,1,510.2,0.0,0.0,0.0,0.0,0.0,0
2023-05-10 21:21:18,sc2404,sc2404,510.2,0.0,0.0,0.0,1,513.3,529.1,1,510.2,0.0,0.0,0.0,0.0,0.0,0
2023-05-10 21:21:19,sc2404,sc2404,510.2,0.0,0.0,0.0,1,513.3,529.0,1,510.2,0.0,0.0,0.0,0.0,0.0,0
2023-05-10 21:21:19,sc2404,sc2404,510.2,0.0,0.0,0.0,1,513.3,529.0,1,510.2,0.0,0.0,0.0,0.0,0.0,0
2023-05-10 21:21:41,sc2404,sc2404,510.2,0.0,0.0,0.0,1,513.3,528.9,2,510.2,0.0,0.0,0.0,0.0,0.0,0
2023-05-10 21:21:43,sc2404,sc2404,510.2,0.0,0.0,0.0,1,513.3,528.9,2,510.2,0.0,0.0,0.0,0.0,0.0,0
2023-05-10 21:21:43,sc2404,sc2404,510.2,0.0,0.0,0.0,1,513.3,528.8,1,510.2,0.0,0.0,0.0,0.0,0.0,0
2023-05-10 21:21:51,sc2404,sc2404,510.2,0.0,0.0,0.0,1,511.8,528.8,1,510.2,0.0,0.0,0.0,0.0,0.0,0
2023-05-10 21:21:53,sc2404,sc2404,510.2,0.0,0.0,0.0,1,511.8,528.8,1,510.2,0.0,0.0,0.0,0.0,0.0,0
2023-05-10 21:22:10,sc2404,sc2404,510.2,0.0,0.0,0.0,1,511.8,528.8,1,510.2,0.0,0.0,0.0,0.0,0.0,0
2023-05-10 21:22:12,sc2404,sc2404,510.2,0.0,0.0,0.0,1,511.8,528.8,1,510.2,0.0,0.0,0.0,0.0,0.0,0
2023-05-10 21:22:27,sc2404,sc2404,510.2,0.0,0.0,0.0,2,511.9,528.8,1,510.2,0.0,0.0,0.0,0.0,0.0,0
2023-05-10 21:27:02,sc2404,sc2404,510.2,0.0,0.0,0.0,2,511.9,528.8,1,510.2,0.0,0.0,0.0,0.0,0.0,0
2023-05-10 21:27:08,sc2404,sc2404,510.2,0.0,0.0,0.0,1,510.4,528.8,1,510.2,0.0,0.0,0.0,0.0,0.0,0
2023-05-10 21:27:24,sc2404,sc2404,510.2,0.0,0.0,0.0,1,510.4,528.8,1,510.2,0.0,0.0,0.0,0.0,0.0,0
2023-05-10 21:27:26,sc2404,sc2404,510.2,0.0,0.0,0.0,1,510.4,528.8,1,510.2,0.0,0.0,0.0,0.0,0.0,0
2023-05-10 21:27:37,sc2404,sc2404,510.2,0.0,0.0,0.0,2,510.5,528.8,1,510.2,0.0,0.0,0.0,0.0,0.0,0
2023-05-10 21:27:42,sc2404,sc2404,510.2,0.0,0.0,0.0,2,510.5,528.7,1,510.2,0.0,0.0,0.0,0.0,0.0,0
2023-05-10 21:27:44,sc2404,sc2404,510.2,0.0,0.0,0.0,2,510.5,528.7,1,510.2,0.0,0.0,0.0,0.0,0.0,0
2023-05-10 21:27:45,sc2404,sc2404,510.2,0.0,0.0,0.0,2,510.5,528.6,1,510.2,0.0,0.0,0.0,0.0,0.0,0
2023-05-10 21:27:45,sc2404,sc2404,510.2,0.0,0.0,0.0,2,510.5,528.5,1,510.2,0.0,0.0,0.0,0.0,0.0,0
2023-05-10 21:27:57,sc2404,sc2404,510.2,0.0,0.0,0.0,2,510.5,528.5,1,510.2,0.0,0.0,0.0,0.0,0.0,0
2023-05-10 21:27:57,sc2404,sc2404,510.2,0.0,0.0,0.0,2,510.5,528.4,1,510.2,0.0,0.0,0.0,0.0,0.0,0
2023-05-10 21:27:58,sc2404,sc2404,510.2,0.0,0.0,0.0,2,510.5,528.3,1,510.2,0.0,0.0,0.0,0.0,0.0,0
2023-05-10 21:28:09,sc2404,sc2404,510.2,0.0,0.0,0.0,2,510.5,528.3,1,510.2,0.0,0.0,0.0,0.0,0.0,0
2023-05-10 21:31:54,sc2404,sc2404,510.2,0.0,0.0,0.0,1,510.4,528.3,1,510.2,0.0,0.0,0.0,0.0,0.0,0
2023-05-10 21:31:59,sc2404,sc2404,510.2,0.0,0.0,0.0,1,510.4,528.2,2,510.2,0.0,0.0,0.0,0.0,0.0,0
2023-05-10 21:31:59,sc2404,sc2404,510.2,0.0,0.0,0.0,1,510.4,528.1,1,510.2,0.0,0.0,0.0,0.0,0.0,0
2023-05-10 21:32:02,sc2404,sc2404,510.2,0.0,0.0,0.0,1,510.4,528.1,1,510.2,0.0,0.0,0.0,0.0,0.0,0
2023-05-10 21:32:43,sc2404,sc2404,510.2,0.0,0.0,0.0,2,510.5,528.1,1,510.2,0.0,0.0,0.0,0.0,0.0,0
2023-05-10 21:32:47,sc2404,sc2404,510.2,0.0,0.0,0.0,1,510.4,528.1,1,510.2,0.0,0.0,0.0,0.0,0.0,0
2023-05-10 21:32:50,sc2404,sc2404,510.2,0.0,0.0,0.0,1,510.4,528.1,1,510.2,0.0,0.0,0.0,0.0,0.0,0
2023-05-10 21:32:52,sc2404,sc2404,510.2,0.0,0.0,0.0,1,510.4,528.1,1,510.2,0.0,0.0,0.0,0.0,0.0,0
2023-05-10 21:33:20,sc2404,sc2404,510.2,0.0,0.0,0.0,1,510.5,528.1,1,510.2,0.0,0.0,0.0,0.0,0.0,0
2023-05-10 21:33:26,sc2404,sc2404,510.2,0.0,0.0,0.0,1,510.5,528.0,2,510.2,0.0,0.0,0.0,0.0,0.0,0
2023-05-10 21:33:27,sc2404,sc2404,510.2,0.0,0.0,0.0,1,510.5,527.9,1,510.2,0.0,0.0,0.0,0.0,0.0,0
2023-05-10 21:33:27,sc2404,sc2404,510.2,0.0,0.0,0.0,1,510.5,527.8,1,510.2,0.0,0.0,0.0,0.0,0.0,0
2023-05-10 21:33:32,sc2404,sc2404,510.2,0.0,0.0,0.0,1,510.5,527.8,1,510.2,0.0,0.0,0.0,0.0,0.0,0
2023-05-10 21:34:11,sc2404,sc2404,510.2,0.0,0.0,0.0,1,510.5,527.7,2,510.2,0.0,0.0,0.0,0.0,0.0,0
2023-05-10 21:34:11,sc2404,sc2404,510.2,0.0,0.0,0.0,1,510.5,527.6,1,510.2,0.0,0.0,0.0,0.0,0.0,0
2023-05-10 21:34:40,sc2404,sc2404,510.2,0.0,0.0,0.0,1,510.5,527.6,1,510.2,0.0,0.0,0.0,0.0,0.0,0
2023-05-10 21:34:55,sc2404,sc2404,510.2,0.0,0.0,0.0,2,510.6,527.6,1,510.2,0.0,0.0,0.0,0.0,0.0,0
2023-05-10 21:34:57,sc2404,sc2404,510.2,0.0,0.0,0.0,1,510.5,527.6,1,510.2,0.0,0.0,0.0,0.0,0.0,0
2023-05-10 21:35:38,sc2404,sc2404,510.2,0.0,0.0,0.0,2,510.6,527.6,1,510.2,0.0,0.0,0.0,0.0,0.0,0
2023-05-10 21:36:07,sc2404,sc2404,510.2,0.0,0.0,0.0,1,510.5,527.6,1,510.2,0.0,0.0,0.0,0.0,0.0,0
2023-05-10 21:36:22,sc2404,sc2404,510.2,0.0,0.0,0.0,1,510.5,527.5,2,510.2,0.0,0.0,0.0,0.0,0.0,0
2023-05-10 21:36:23,sc2404,sc2404,510.2,0.0,0.0,0.0,1,510.5,527.4,1,510.2,0.0,0.0,0.0,0.0,0.0,0
2023-05-10 21:36:23,sc2404,sc2404,510.2,0.0,0.0,0.0,1,510.5,527.3,1,510.2,0.0,0.0,0.0,0.0,0.0,0
2023-05-10 21:36:25,sc2404,sc2404,510.2,0.0,0.0,0.0,1,510.5,527.3,1,510.2,0.0,0.0,0.0,0.0,0.0,0
2023-05-10 21:37:07,sc2404,sc2404,510.2,0.0,0.0,0.0,1,510.5,527.2,2,510.2,0.0,0.0,0.0,0.0,0.0,0
2023-05-10 21:37:07,sc2404,sc2404,510.2,0.0,0.0,0.0,1,510.5,527.1,1,510.2,0.0,0.0,0.0,0.0,0.0,0
2023-05-10 21:37:12,sc2404,sc2404,510.2,0.0,0.0,0.0,1,510.5,527.1,1,510.2,0.0,0.0,0.0,0.0,0.0,0
2023-05-10 21:37:51,sc2404,sc2404,510.2,0.0,0.0,0.0,1,510.5,527.0,2,510.2,0.0,0.0,0.0,0.0,0.0,0
2023-05-10 21:37:51,sc2404,sc2404,510.2,0.0,0.0,0.0,1,510.5,526.9,1,510.2,0.0,0.0,0.0,0.0,0.0,0
2023-05-10 21:37:52,sc2404,sc2404,510.2,0.0,0.0,0.0,1,510.5,526.8,1,510.2,0.0,0.0,0.0,0.0,0.0,0
2023-05-10 21:37:53,sc2404,sc2404,510.2,0.0,0.0,0.0,1,510.5,526.8,1,510.2,0.0,0.0,0.0,0.0,0.0,0
2023-05-10 21:38:01,sc2404,sc2404,510.2,0.0,0.0,0.0,1,510.5,526.8,1,510.2,0.0,0.0,0.0,0.0,0.0,0
2023-05-10 21:38:06,sc2404,sc2404,510.2,0.0,0.0,0.0,1,510.5,526.8,1,510.2,0.0,0.0,0.0,0.0,0.0,0
2023-05-10 21:38:08,sc2404,sc2404,510.2,0.0,0.0,0.0,1,510.5,526.8,1,510.2,0.0,0.0,0.0,0.0,0.0,0
2023-05-10 21:38:31,sc2404,sc2404,510.2,0.0,0.0,0.0,1,510.5,526.8,1,510.2,0.0,0.0,0.0,0.0,0.0,0
2023-05-10 21:38:35,sc2404,sc2404,510.2,0.0,0.0,0.0,1,510.5,526.7,2,510.2,0.0,0.0,0.0,0.0,0.0,0
2023-05-10 21:38:35,sc2404,sc2404,510.2,0.0,0.0,0.0,1,510.5,526.6,1,510.2,0.0,0.0,0.0,0.0,0.0,0
2023-05-10 21:39:14,sc2404,sc2404,510.2,0.0,0.0,0.0,1,510.5,526.6,1,510.2,0.0,0.0,0.0,0.0,0.0,0
2023-05-10 21:39:18,sc2404,sc2404,510.2,0.0,0.0,0.0,1,510.5,526.5,2,510.2,0.0,0.0,0.0,0.0,0.0,0
2023-05-10 21:39:19,sc2404,sc2404,510.2,0.0,0.0,0.0,1,510.5,526.4,1,510.2,0.0,0.0,0.0,0.0,0.0,0
2023-05-10 21:39:19,sc2404,sc2404,510.2,0.0,0.0,0.0,1,510.5,526.3,1,510.2,0.0,0.0,0.0,0.0,0.0,0
2023-05-10 21:39:58,sc2404,sc2404,510.2,0.0,0.0,0.0,1,510.5,526.3,1,510.2,0.0,0.0,0.0,0.0,0.0,0
2023-05-10 21:40:02,sc2404,sc2404,510.2,0.0,0.0,0.0,1,510.5,526.2,2,510.2,0.0,0.0,0.0,0.0,0.0,0
2023-05-10 21:40:02,sc2404,sc2404,510.2,0.0,0.0,0.0,1,510.5,526.1,1,510.2,0.0,0.0,0.0,0.0,0.0,0
2023-05-10 21:40:41,sc2404,sc2404,510.2,0.0,0.0,0.0,1,510.5,526.1,1,510.2,0.0,0.0,0.0,0.0,0.0,0
2023-05-10 21:40:46,sc2404,sc2404,510.2,0.0,0.0,0.0,1,510.5,526.0,2,510.2,0.0,0.0,0.0,0.0,0.0,0
2023-05-10 21:40:47,sc2404,sc2404,510.2,0.0,0.0,0.0,1,510.5,526.0,2,510.2,0.0,0.0,0.0,0.0,0.0,0
2023-05-10 21:41:29,sc2404,sc2404,510.2,0.0,0.0,0.0,1,510.5,526.0,2,510.2,0.0,0.0,0.0,0.0,0.0,0
2023-05-10 21:41:31,sc2404,sc2404,510.2,0.0,0.0,0.0,1,510.5,526.0,2,510.2,0.0,0.0,0.0,0.0,0.0,0
2023-05-10 21:43:21,sc2404,sc2404,510.2,0.0,0.0,0.0,1,510.5,526.0,2,510.2,0.0,0.0,0.0,0.0,0.0,0
2023-05-10 21:43:22,sc2404,sc2404,510.2,0.0,0.0,0.0,1,510.5,526.0,2,510.2,0.0,0.0,0.0,0.0,0.0,0
2023-05-10 21:43:39,sc2404,sc2404,510.2,0.0,0.0,0.0,1,507.4,526.0,2,510.2,0.0,0.0,0.0,0.0,0.0,0
2023-05-10 21:43:39,sc2404,sc2404,510.2,0.0,0.0,0.0,1,507.5,526.0,2,510.2,0.0,0.0,0.0,0.0,0.0,0
2023-05-10 21:43:42,sc2404,sc2404,510.2,0.0,0.0,0.0,1,507.4,526.0,2,510.2,0.0,0.0,0.0,0.0,0.0,0
2023-05-10 21:44:04,sc2404,sc2404,510.2,0.0,0.0,0.0,1,507.4,528.8,1,510.2,0.0,0.0,0.0,0.0,0.0,0
2023-05-10 21:44:04,sc2404,sc2404,510.2,0.0,0.0,0.0,1,507.4,528.7,1,510.2,0.0,0.0,0.0,0.0,0.0,0
2023-05-10 21:44:15,sc2404,sc2404,510.2,0.0,0.0,0.0,1,507.4,528.6,1,510.2,0.0,0.0,0.0,0.0,0.0,0
2023-05-10 21:44:15,sc2404,sc2404,510.2,0.0,0.0,0.0,1,507.4,528.5,1,510.2,0.0,0.0,0.0,0.0,0.0,0
2023-05-10 21:44:25,sc2404,sc2404,510.2,0.0,0.0,0.0,1,507.4,528.4,2,510.2,0.0,0.0,0.0,0.0,0.0,0
2023-05-10 21:44:26,sc2404,sc2404,510.2,0.0,0.0,0.0,1,507.4,528.3,1,510.2,0.0,0.0,0.0,0.0,0.0,0
2023-05-10 21:44:26,sc2404,sc2404,510.2,0.0,0.0,0.0,1,507.4,528.3,2,510.2,0.0,0.0,0.0,0.0,0.0,0
2023-05-10 21:45:05,sc2404,sc2404,510.2,0.0,0.0,0.0,1,507.4,528.3,2,510.2,0.0,0.0,0.0,0.0,0.0,0
2023-05-10 21:45:09,sc2404,sc2404,510.2,0.0,0.0,0.0,1,507.4,528.2,2,510.2,0.0,0.0,0.0,0.0,0.0,0
2023-05-10 21:45:10,sc2404,sc2404,510.2,0.0,0.0,0.0,1,507.4,528.1,1,510.2,0.0,0.0,0.0,0.0,0.0,0
2023-05-10 21:45:14,sc2404,sc2404,510.2,0.0,0.0,0.0,1,507.4,528.1,1,510.2,0.0,0.0,0.0,0.0,0.0,0
2023-05-10 21:45:15,sc2404,sc2404,510.2,0.0,0.0,0.0,1,507.4,528.0,1,510.2,0.0,0.0,0.0,0.0,0.0,0
2023-05-10 21:45:15,sc2404,sc2404,510.2,0.0,0.0,0.0,1,507.4,527.9,1,510.2,0.0,0.0,0.0,0.0,0.0,0
2023-05-10 21:45:16,sc2404,sc2404,510.2,0.0,0.0,0.0,1,507.4,527.8,1,510.2,0.0,0.0,0.0,0.0,0.0,0
2023-05-10 21:45:21,sc2404,sc2404,510.2,0.0,0.0,0.0,1,507.4,527.8,1,510.2,0.0,0.0,0.0,0.0,0.0,0
2023-05-10 21:45:21,sc2404,sc2404,510.2,0.0,0.0,0.0,1,507.4,527.7,1,510.2,0.0,0.0,0.0,0.0,0.0,0
2023-05-10 21:45:22,sc2404,sc2404,510.2,0.0,0.0,0.0,1,507.4,527.6,1,510.2,0.0,0.0,0.0,0.0,0.0,0
2023-05-10 21:45:23,sc2404,sc2404,510.2,0.0,0.0,0.0,1,507.4,527.6,1,510.2,0.0,0.0,0.0,0.0,0.0,0
2023-05-10 21:45:27,sc2404,sc2404,510.2,0.0,0.0,0.0,1,507.4,527.6,1,510.2,0.0,0.0,0.0,0.0,0.0,0
2023-05-10 21:45:28,sc2404,sc2404,510.2,0.0,0.0,0.0,1,507.4,527.5,1,510.2,0.0,0.0,0.0,0.0,0.0,0
2023-05-10 21:45:28,sc2404,sc2404,510.2,0.0,0.0,0.0,1,507.4,527.4,1,510.2,0.0,0.0,0.0,0.0,0.0,0
2023-05-10 21:45:29,sc2404,sc2404,510.2,0.0,0.0,0.0,1,507.4,527.3,1,510.2,0.0,0.0,0.0,0.0,0.0,0
2023-05-10 21:45:34,sc2404,sc2404,510.2,0.0,0.0,0.0,1,507.4,527.3,1,510.2,0.0,0.0,0.0,0.0,0.0,0
2023-05-10 21:45:53,sc2404,sc2404,510.2,0.0,0.0,0.0,1,507.4,527.2,2,510.2,0.0,0.0,0.0,0.0,0.0,0
2023-05-10 21:45:53,sc2404,sc2404,510.2,0.0,0.0,0.0,1,507.4,527.1,1,510.2,0.0,0.0,0.0,0.0,0.0,0
2023-05-10 21:46:32,sc2404,sc2404,510.2,0.0,0.0,0.0,1,507.4,527.1,1,510.2,0.0,0.0,0.0,0.0,0.0,0
2023-05-10 21:46:36,sc2404,sc2404,510.2,0.0,0.0,0.0,1,507.4,527.0,2,510.2,0.0,0.0,0.0,0.0,0.0,0
2023-05-10 21:46:36,sc2404,sc2404,510.2,0.0,0.0,0.0,1,507.4,526.9,1,510.2,0.0,0.0,0.0,0.0,0.0,0
2023-05-10 21:46:37,sc2404,sc2404,510.2,0.0,0.0,0.0,1,507.4,526.8,1,510.2,0.0,0.0,0.0,0.0,0.0,0
2023-05-10 21:46:39,sc2404,sc2404,510.2,0.0,0.0,0.0,1,507.4,526.8,1,510.2,0.0,0.0,0.0,0.0,0.0,0
2023-05-10 21:47:19,sc2404,sc2404,510.2,0.0,0.0,0.0,1,507.4,526.7,2,510.2,0.0,0.0,0.0,0.0,0.0,0
2023-05-10 21:47:19,sc2404,sc2404,510.2,0.0,0.0,0.0,1,507.4,526.6,1,510.2,0.0,0.0,0.0,0.0,0.0,0
2023-05-10 21:47:58,sc2404,sc2404,510.2,0.0,0.0,0.0,1,507.4,526.6,1,510.2,0.0,0.0,0.0,0.0,0.0,0
2023-05-10 21:48:02,sc2404,sc2404,510.2,0.0,0.0,0.0,1,507.4,526.0,1,510.2,0.0,0.0,0.0,0.0,0.0,0
2023-05-10 21:48:03,sc2404,sc2404,510.2,0.0,0.0,0.0,1,507.4,526.0,1,510.2,0.0,0.0,0.0,0.0,0.0,0
2023-05-10 21:48:03,sc2404,sc2404,510.2,0.0,0.0,0.0,1,507.4,526.0,1,510.2,0.0,0.0,0.0,0.0,0.0,0
2023-05-10 21:48:17,sc2404,sc2404,510.2,0.0,0.0,0.0,1,504.6,526.0,1,510.2,0.0,0.0,0.0,0.0,0.0,0
2023-05-10 21:48:35,sc2404,sc2404,510.2,0.0,0.0,0.0,1,504.6,526.0,1,510.2,0.0,0.0,0.0,0.0,0.0,0
2023-05-10 21:48:39,sc2404,sc2404,510.2,0.0,0.0,0.0,1,504.6,526.0,1,510.2,0.0,0.0,0.0,0.0,0.0,0
2023-05-10 21:48:42,sc2404,sc2404,510.2,0.0,0.0,0.0,1,504.6,526.0,1,510.2,0.0,0.0,0.0,0.0,0.0,0
2023-05-10 21:48:43,sc2404,sc2404,510.2,0.0,0.0,0.0,1,504.6,526.0,1,510.2,0.0,0.0,0.0,0.0,0.0,0
2023-05-10 21:48:48,sc2404,sc2404,510.2,0.0,0.0,0.0,1,504.6,525.9,2,510.2,0.0,0.0,0.0,0.0,0.0,0
2023-05-10 21:49:23,sc2404,sc2404,510.2,0.0,0.0,0.0,1,504.6,526.0,1,510.2,0.0,0.0,0.0,0.0,0.0,0
2023-05-10 21:49:33,sc2404,sc2404,510.2,0.0,0.0,0.0,2,504.7,526.0,1,510.2,0.0,0.0,0.0,0.0,0.0,0
2023-05-10 21:50:46,sc2404,sc2404,510.2,0.0,0.0,0.0,2,504.7,525.9,1,510.2,0.0,0.0,0.0,0.0,0.0,0
2023-05-10 21:50:47,sc2404,sc2404,510.2,0.0,0.0,0.0,2,504.7,525.8,1,510.2,0.0,0.0,0.0,0.0,0.0,0
2023-05-10 21:51:14,sc2404,sc2404,510.2,0.0,0.0,0.0,1,504.6,525.8,1,510.2,0.0,0.0,0.0,0.0,0.0,0
2023-05-10 21:51:41,sc2404,sc2404,510.2,0.0,0.0,0.0,1,504.6,525.8,1,510.2,0.0,0.0,0.0,0.0,0.0,0
2023-05-10 21:51:42,sc2404,sc2404,510.2,0.0,0.0,0.0,1,504.6,525.8,1,510.2,0.0,0.0,0.0,0.0,0.0,0
2023-05-10 21:51:45,sc2404,sc2404,510.2,0.0,0.0,0.0,2,504.7,525.8,1,510.2,0.0,0.0,0.0,0.0,0.0,0
2023-05-10 21:54:09,sc2404,sc2404,510.2,0.0,0.0,0.0,1,504.6,525.8,1,510.2,0.0,0.0,0.0,0.0,0.0,0
2023-05-10 21:54:39,sc2404,sc2404,510.2,0.0,0.0,0.0,2,504.7,525.8,1,510.2,0.0,0.0,0.0,0.0,0.0,0
2023-05-10 21:57:52,sc2404,sc2404,510.2,0.0,0.0,0.0,2,504.7,525.7,1,510.2,0.0,0.0,0.0,0.0,0.0,0
2023-05-10 21:57:53,sc2404,sc2404,510.2,0.0,0.0,0.0,2,504.7,525.6,1,510.2,0.0,0.0,0.0,0.0,0.0,0
2023-05-10 21:58:06,sc2404,sc2404,510.2,0.0,0.0,0.0,2,504.7,525.5,1,510.2,0.0,0.0,0.0,0.0,0.0,0
2023-05-10 21:58:07,sc2404,sc2404,510.2,0.0,0.0,0.0,2,504.7,525.4,1,510.2,0.0,0.0,0.0,0.0,0.0,0
2023-05-10 21:58:07,sc2404,sc2404,510.2,0.0,0.0,0.0,2,504.7,525.3,1,510.2,0.0,0.0,0.0,0.0,0.0,0
2023-05-10 21:58:23,sc2404,sc2404,510.2,0.0,0.0,0.0,1,504.6,525.3,1,510.2,0.0,0.0,0.0,0.0,0.0,0
2023-05-10 21:58:59,sc2404,sc2404,510.2,0.0,0.0,0.0,2,504.7,525.3,1,510.2,0.0,0.0,0.0,0.0,0.0,0
2023-05-10 22:03:57,sc2404,sc2404,510.2,0.0,0.0,0.0,1,504.6,525.3,1,510.2,0.0,0.0,0.0,0.0,0.0,0
2023-05-10 22:04:00,sc2404,sc2404,510.2,0.0,0.0,0.0,2,504.7,525.3,1,510.2,0.0,0.0,0.0,0.0,0.0,0
2023-05-10 22:05:22,sc2404,sc2404,510.2,0.0,0.0,0.0,2,504.7,525.3,1,510.2,0.0,0.0,0.0,0.0,0.0,0
2023-05-10 22:05:35,sc2404,sc2404,510.2,0.0,0.0,0.0,2,504.7,525.3,1,510.2,0.0,0.0,0.0,0.0,0.0,0
2023-05-10 22:05:36,sc2404,sc2404,510.2,0.0,0.0,0.0,2,504.7,525.3,1,510.2,0.0,0.0,0.0,0.0,0.0,0
2023-05-10 22:09:01,sc2404,sc2404,510.2,0.0,0.0,0.0,1,504.6,525.3,1,510.2,0.0,0.0,0.0,0.0,0.0,0
2023-05-10 22:09:40,sc2404,sc2404,510.2,0.0,0.0,0.0,2,504.7,525.3,1,510.2,0.0,0.0,0.0,0.0,0.0,0
2023-05-10 22:10:05,sc2404,sc2404,510.2,0.0,0.0,0.0,2,504.7,525.3,1,510.2,0.0,0.0,0.0,0.0,0.0,0
2023-05-10 22:10:06,sc2404,sc2404,510.2,0.0,0.0,0.0,2,504.7,525.3,1,510.2,0.0,0.0,0.0,0.0,0.0,0
2023-05-10 22:14:41,sc2404,sc2404,510.2,0.0,0.0,0.0,1,504.6,525.3,1,510.2,0.0,0.0,0.0,0.0,0.0,0
2023-05-10 22:14:43,sc2404,sc2404,510.2,0.0,0.0,0.0,2,504.7,525.3,1,510.2,0.0,0.0,0.0,0.0,0.0,0
2023-05-10 22:18:32,sc2404,sc2404,510.2,0.0,0.0,0.0,1,504.6,525.3,1,510.2,0.0,0.0,0.0,0.0,0.0,0
2023-05-10 22:19:04,sc2404,sc2404,510.2,0.0,0.0,0.0,1,504.6,525.2,2,510.2,0.0,0.0,0.0,0.0,0.0,0
2023-05-10 22:19:05,sc2404,sc2404,510.2,0.0,0.0,0.0,1,504.6,525.1,1,510.2,0.0,0.0,0.0,0.0,0.0,0
2023-05-10 22:19:43,sc2404,sc2404,510.2,0.0,0.0,0.0,1,504.6,525.1,1,510.2,0.0,0.0,0.0,0.0,0.0,0
2023-05-10 22:19:48,sc2404,sc2404,510.2,0.0,0.0,0.0,1,504.6,525.0,2,510.2,0.0,0.0,0.0,0.0,0.0,0
2023-05-10 22:19:48,sc2404,sc2404,510.2,0.0,0.0,0.0,1,504.6,524.9,1,510.2,0.0,0.0,0.0,0.0,0.0,0
2023-05-10 22:19:49,sc2404,sc2404,510.2,0.0,0.0,0.0,1,504.6,524.8,1,510.2,0.0,0.0,0.0,0.0,0.0,0
2023-05-10 22:20:27,sc2404,sc2404,510.2,0.0,0.0,0.0,1,504.6,524.8,1,510.2,0.0,0.0,0.0,0.0,0.0,0
2023-05-10 22:20:31,sc2404,sc2404,510.2,0.0,0.0,0.0,2,504.7,524.8,1,510.2,0.0,0.0,0.0,0.0,0.0,0
2023-05-10 22:21:41,sc2404,sc2404,510.2,0.0,0.0,0.0,1,504.6,524.8,1,510.2,0.0,0.0,0.0,0.0,0.0,0
2023-05-10 22:21:57,sc2404,sc2404,510.2,0.0,0.0,0.0,1,504.6,524.7,2,510.2,0.0,0.0,0.0,0.0,0.0,0
2023-05-10 22:21:57,sc2404,sc2404,510.2,0.0,0.0,0.0,1,504.6,524.6,1,510.2,0.0,0.0,0.0,0.0,0.0,0
2023-05-10 22:22:01,sc2404,sc2404,510.2,0.0,0.0,0.0,1,504.6,524.6,1,510.2,0.0,0.0,0.0,0.0,0.0,0
2023-05-10 22:22:41,sc2404,sc2404,510.2,0.0,0.0,0.0,2,504.7,524.6,1,510.2,0.0,0.0,0.0,0.0,0.0,0
2023-05-10 22:23:15,sc2404,sc2404,510.2,0.0,0.0,0.0,1,504.6,524.6,1,510.2,0.0,0.0,0.0,0.0,0.0,0
2023-05-10 22:23:26,sc2404,sc2404,510.2,0.0,0.0,0.0,1,504.6,524.5,2,510.2,0.0,0.0,0.0,0.0,0.0,0
2023-05-10 22:23:26,sc2404,sc2404,510.2,0.0,0.0,0.0,1,504.6,524.4,1,510.2,0.0,0.0,0.0,0.0,0.0,0
2023-05-10 22:23:27,sc2404,sc2404,510.2,0.0,0.0,0.0,1,504.6,524.3,1,510.2,0.0,0.0,0.0,0.0,0.0,0
2023-05-10 22:23:35,sc2404,sc2404,510.2,0.0,0.0,0.0,1,504.6,524.3,1,510.2,0.0,0.0,0.0,0.0,0.0,0
2023-05-10 22:24:10,sc2404,sc2404,510.2,0.0,0.0,0.0,2,504.7,524.3,1,510.2,0.0,0.0,0.0,0.0,0.0,0
2023-05-10 22:24:17,sc2404,sc2404,510.2,0.0,0.0,0.0,1,504.6,524.3,1,510.2,0.0,0.0,0.0,0.0,0.0,0
2023-05-10 22:24:52,sc2404,sc2404,510.2,0.0,0.0,0.0,1,504.6,524.2,2,510.2,0.0,0.0,0.0,0.0,0.0,0
2023-05-10 22:24:53,sc2404,sc2404,510.2,0.0,0.0,0.0,1,504.6,524.1,1,510.2,0.0,0.0,0.0,0.0,0.0,0
2023-05-10 22:25:31,sc2404,sc2404,510.2,0.0,0.0,0.0,1,504.6,524.1,1,510.2,0.0,0.0,0.0,0.0,0.0,0
2023-05-10 22:25:36,sc2404,sc2404,510.2,0.0,0.0,0.0,1,504.6,524.0,2,510.2,0.0,0.0,0.0,0.0,0.0,0
2023-05-10 22:25:37,sc2404,sc2404,510.2,0.0,0.0,0.0,1,504.6,523.9,1,510.2,0.0,0.0,0.0,0.0,0.0,0
2023-05-10 22:25:37,sc2404,sc2404,510.2,0.0,0.0,0.0,1,504.6,523.8,1,510.2,0.0,0.0,0.0,0.0,0.0,0
2023-05-10 22:26:15,sc2404,sc2404,510.2,0.0,0.0,0.0,1,504.6,523.8,1,510.2,0.0,0.0,0.0,0.0,0.0,0
2023-05-10 22:26:18,sc2404,sc2404,510.2,0.0,0.0,0.0,2,504.7,523.8,1,510.2,0.0,0.0,0.0,0.0,0.0,0
2023-05-10 22:26:21,sc2404,sc2404,510.2,0.0,0.0,0.0,1,504.6,523.8,1,510.2,0.0,0.0,0.0,0.0,0.0,0
2023-05-10 22:27:01,sc2404,sc2404,510.2,0.0,0.0,0.0,2,504.7,523.8,1,510.2,0.0,0.0,0.0,0.0,0.0,0
2023-05-10 22:27:03,sc2404,sc2404,510.2,0.0,0.0,0.0,1,504.6,523.8,1,510.2,0.0,0.0,0.0,0.0,0.0,0
2023-05-10 22:27:43,sc2404,sc2404,510.2,0.0,0.0,0.0,2,504.7,523.8,1,510.2,0.0,0.0,0.0,0.0,0.0,0
2023-05-10 22:28:01,sc2404,sc2404,510.2,0.0,0.0,0.0,1,504.6,523.8,1,510.2,0.0,0.0,0.0,0.0,0.0,0
2023-05-10 22:28:25,sc2404,sc2404,510.2,0.0,0.0,0.0,2,504.7,523.8,1,510.2,0.0,0.0,0.0,0.0,0.0,0
2023-05-10 22:28:35,sc2404,sc2404,510.2,0.0,0.0,0.0,1,504.6,523.8,1,510.2,0.0,0.0,0.0,0.0,0.0,0
2023-05-10 22:29:07,sc2404,sc2404,510.2,0.0,0.0,0.0,1,504.6,523.7,2,510.2,0.0,0.0,0.0,0.0,0.0,0
2023-05-10 22:29:08,sc2404,sc2404,510.2,0.0,0.0,0.0,1,504.6,523.6,1,510.2,0.0,0.0,0.0,0.0,0.0,0
2023-05-10 22:29:13,sc2404,sc2404,510.2,0.0,0.0,0.0,1,504.6,523.6,1,510.2,0.0,0.0,0.0,0.0,0.0,0
2023-05-10 22:29:50,sc2404,sc2404,510.2,0.0,0.0,0.0,1,504.6,523.5,2,510.2,0.0,0.0,0.0,0.0,0.0,0
2023-05-10 22:29:51,sc2404,sc2404,510.2,0.0,0.0,0.0,1,504.6,523.4,1,510.2,0.0,0.0,0.0,0.0,0.0,0
2023-05-10 22:29:51,sc2404,sc2404,510.2,0.0,0.0,0.0,1,504.6,523.3,1,510.2,0.0,0.0,0.0,0.0,0.0,0
2023-05-10 22:29:52,sc2404,sc2404,510.2,0.0,0.0,0.0,1,504.6,523.3,1,510.2,0.0,0.0,0.0,0.0,0.0,0
2023-05-10 22:30:32,sc2404,sc2404,510.2,0.0,0.0,0.0,2,504.7,523.3,1,510.2,0.0,0.0,0.0,0.0,0.0,0
2023-05-10 22:30:40,sc2404,sc2404,510.2,0.0,0.0,0.0,2,504.7,523.3,1,510.2,0.0,0.0,0.0,0.0,0.0,0
2023-05-10 22:30:41,sc2404,sc2404,510.2,0.0,0.0,0.0,2,504.7,523.3,1,510.2,0.0,0.0,0.0,0.0,0.0,0
2023-05-10 22:33:50,sc2404,sc2404,510.2,0.0,0.0,0.0,2,504.7,523.3,1,510.2,0.0,0.0,0.0,0.0,0.0,0
2023-05-10 22:33:51,sc2404,sc2404,510.2,0.0,0.0,0.0,2,504.7,523.3,1,510.2,0.0,0.0,0.0,0.0,0.0,0
2023-05-10 22:34:09,sc2404,sc2404,510.2,0.0,0.0,0.0,2,504.7,523.3,1,510.2,0.0,0.0,0.0,0.0,0.0,0
2023-05-10 22:34:12,sc2404,sc2404,510.2,0.0,0.0,0.0,2,504.7,523.3,1,510.2,0.0,0.0,0.0,0.0,0.0,0
2023-05-10 22:34:13,sc2404,sc2404,510.2,0.0,0.0,0.0,2,504.7,523.3,1,510.2,0.0,0.0,0.0,0.0,0.0,0
2023-05-10 22:34:19,sc2404,sc2404,510.2,0.0,0.0,0.0,1,504.6,523.3,1,510.2,0.0,0.0,0.0,0.0,0.0,0
2023-05-10 22:34:53,sc2404,sc2404,510.2,0.0,0.0,0.0,2,504.7,523.3,1,510.2,0.0,0.0,0.0,0.0,0.0,0
2023-05-10 22:36:48,sc2404,sc2404,510.2,0.0,0.0,0.0,1,504.6,523.3,1,510.2,0.0,0.0,0.0,0.0,0.0,0
2023-05-10 22:37:00,sc2404,sc2404,510.2,0.0,0.0,0.0,1,504.6,523.3,1,510.2,0.0,0.0,0.0,0.0,0.0,0
2023-05-10 22:37:01,sc2404,sc2404,510.2,0.0,0.0,0.0,1,504.6,523.3,1,510.2,0.0,0.0,0.0,0.0,0.0,0
2023-05-10 22:37:04,sc2404,sc2404,510.2,0.0,0.0,0.0,1,504.6,523.2,2,510.2,0.0,0.0,0.0,0.0,0.0,0
2023-05-10 22:37:05,sc2404,sc2404,510.2,0.0,0.0,0.0,1,504.6,523.1,1,510.2,0.0,0.0,0.0,0.0,0.0,0
2023-05-10 22:37:13,sc2404,sc2404,510.2,0.0,0.0,0.0,1,504.6,523.1,1,510.2,0.0,0.0,0.0,0.0,0.0,0
2023-05-10 22:37:14,sc2404,sc2404,510.2,0.0,0.0,0.0,1,504.6,523.1,1,510.2,0.0,0.0,0.0,0.0,0.0,0
2023-05-10 22:37:17,sc2404,sc2404,510.2,0.0,0.0,0.0,1,503.3,522.8,1,510.2,0.0,0.0,0.0,0.0,0.0,0
2023-05-10 22:37:17,sc2404,sc2404,510.2,0.0,0.0,0.0,1,503.3,522.8,1,510.2,0.0,0.0,0.0,0.0,0.0,0
2023-05-10 22:37:43,sc2404,sc2404,510.2,0.0,0.0,0.0,1,503.3,522.8,1,510.2,0.0,0.0,0.0,0.0,0.0,0
2023-05-10 22:37:48,sc2404,sc2404,510.2,0.0,0.0,0.0,1,503.3,522.7,2,510.2,0.0,0.0,0.0,0.0,0.0,0
2023-05-10 22:39:41,sc2404,sc2404,510.2,0.0,0.0,0.0,1,503.3,522.8,1,510.2,0.0,0.0,0.0,0.0,0.0,0
2023-05-10 22:39:56,sc2404,sc2404,510.2,0.0,0.0,0.0,1,503.3,522.7,2,510.2,0.0,0.0,0.0,0.0,0.0,0
2023-05-10 22:40:12,sc2404,sc2404,510.2,0.0,0.0,0.0,1,503.3,522.8,1,510.2,0.0,0.0,0.0,0.0,0.0,0
2023-05-10 22:40:17,sc2404,sc2404,510.2,0.0,0.0,0.0,1,503.3,522.8,1,510.2,0.0,0.0,0.0,0.0,0.0,0
2023-05-10 22:40:18,sc2404,sc2404,510.2,0.0,0.0,0.0,1,503.3,522.8,1,510.2,0.0,0.0,0.0,0.0,0.0,0
2023-05-10 22:40:40,sc2404,sc2404,510.2,0.0,0.0,0.0,2,503.4,522.8,1,510.2,0.0,0.0,0.0,0.0,0.0,0
2023-05-10 22:40:53,sc2404,sc2404,510.2,0.0,0.0,0.0,1,503.3,522.8,1,510.2,0.0,0.0,0.0,0.0,0.0,0
2023-05-10 22:41:24,sc2404,sc2404,510.2,0.0,0.0,0.0,1,503.3,522.7,2,510.2,0.0,0.0,0.0,0.0,0.0,0
2023-05-10 22:42:44,sc2404,sc2404,510.2,0.0,0.0,0.0,1,503.3,522.8,1,510.2,0.0,0.0,0.0,0.0,0.0,0
2023-05-10 22:42:53,sc2404,sc2404,510.2,0.0,0.0,0.0,2,503.4,522.8,1,510.2,0.0,0.0,0.0,0.0,0.0,0
2023-05-10 22:44:02,sc2404,sc2404,510.2,0.0,0.0,0.0,1,503.3,522.8,1,510.2,0.0,0.0,0.0,0.0,0.0,0
2023-05-10 22:44:13,sc2404,sc2404,510.2,0.0,0.0,0.0,1,503.3,522.7,1,510.2,0.0,0.0,0.0,0.0,0.0,0
2023-05-10 22:44:19,sc2404,sc2404,510.2,0.0,0.0,0.0,1,503.3,522.6,2,510.2,0.0,0.0,0.0,0.0,0.0,0
2023-05-10 22:44:20,sc2404,sc2404,510.2,0.0,0.0,0.0,1,503.3,522.5,1,510.2,0.0,0.0,0.0,0.0,0.0,0
2023-05-10 22:44:56,sc2404,sc2404,510.2,0.0,0.0,0.0,1,503.3,522.5,1,510.2,0.0,0.0,0.0,0.0,0.0,0
2023-05-10 22:45:04,sc2404,sc2404,510.2,0.0,0.0,0.0,1,503.3,522.4,2,510.2,0.0,0.0,0.0,0.0,0.0,0
2023-05-10 22:45:04,sc2404,sc2404,510.2,0.0,0.0,0.0,1,503.3,522.3,1,510.2,0.0,0.0,0.0,0.0,0.0,0
2023-05-10 22:45:17,sc2404,sc2404,510.2,0.0,0.0,0.0,1,503.3,522.3,1,510.2,0.0,0.0,0.0,0.0,0.0,0
2023-05-10 22:45:47,sc2404,sc2404,510.2,0.0,0.0,0.0,1,503.3,522.2,2,510.2,0.0,0.0,0.0,0.0,0.0,0
2023-05-10 22:45:48,sc2404,sc2404,510.2,0.0,0.0,0.0,1,503.3,522.1,1,510.2,0.0,0.0,0.0,0.0,0.0,0
2023-05-10 22:46:26,sc2404,sc2404,510.2,0.0,0.0,0.0,1,503.3,522.1,1,510.2,0.0,0.0,0.0,0.0,0.0,0
2023-05-10 22:46:30,sc2404,sc2404,510.2,0.0,0.0,0.0,1,503.3,522.0,2,510.2,0.0,0.0,0.0,0.0,0.0,0
2023-05-10 22:46:31,sc2404,sc2404,510.2,0.0,0.0,0.0,1,503.3,521.9,1,510.2,0.0,0.0,0.0,0.0,0.0,0
2023-05-10 22:46:31,sc2404,sc2404,510.2,0.0,0.0,0.0,1,503.3,521.8,1,510.2,0.0,0.0,0.0,0.0,0.0,0
2023-05-10 22:46:51,sc2404,sc2404,510.2,0.0,0.0,0.0,1,503.3,521.7,1,510.2,0.0,0.0,0.0,0.0,0.0,0
2023-05-10 22:46:51,sc2404,sc2404,510.2,0.0,0.0,0.0,1,503.3,521.6,1,510.2,0.0,0.0,0.0,0.0,0.0,0
2023-05-10 22:46:57,sc2404,sc2404,510.2,0.0,0.0,0.0,1,503.3,521.6,1,510.2,0.0,0.0,0.0,0.0,0.0,0
2023-05-10 22:47:14,sc2404,sc2404,510.2,0.0,0.0,0.0,1,503.3,521.5,2,510.2,0.0,0.0,0.0,0.0,0.0,0
2023-05-10 22:47:15,sc2404,sc2404,510.2,0.0,0.0,0.0,1,503.3,521.4,1,510.2,0.0,0.0,0.0,0.0,0.0,0
2023-05-10 22:47:15,sc2404,sc2404,510.2,0.0,0.0,0.0,1,503.3,521.3,1,510.2,0.0,0.0,0.0,0.0,0.0,0
2023-05-10 22:47:17,sc2404,sc2404,510.2,0.0,0.0,0.0,1,503.3,521.3,1,510.2,0.0,0.0,0.0,0.0,0.0,0
2023-05-10 22:47:59,sc2404,sc2404,510.2,0.0,0.0,0.0,2,503.4,521.3,1,510.2,0.0,0.0,0.0,0.0,0.0,0
2023-05-10 22:51:04,sc2404,sc2404,510.2,0.0,0.0,0.0,1,503.3,521.3,1,510.2,0.0,0.0,0.0,0.0,0.0,0
2023-05-10 22:51:32,sc2404,sc2404,510.2,0.0,0.0,0.0,1,503.3,521.2,2,510.2,0.0,0.0,0.0,0.0,0.0,0
2023-05-10 22:51:32,sc2404,sc2404,510.2,0.0,0.0,0.0,1,503.3,521.1,1,510.2,0.0,0.0,0.0,0.0,0.0,0
2023-05-10 22:52:12,sc2404,sc2404,510.2,0.0,0.0,0.0,1,503.3,521.1,1,510.2,0.0,0.0,0.0,0.0,0.0,0
2023-05-10 22:52:17,sc2404,sc2404,510.2,0.0,0.0,0.0,1,503.3,521.0,2,510.2,0.0,0.0,0.0,0.0,0.0,0
2023-05-10 22:52:17,sc2404,sc2404,510.2,0.0,0.0,0.0,1,503.3,520.9,1,510.2,0.0,0.0,0.0,0.0,0.0,0
2023-05-10 22:52:18,sc2404,sc2404,510.2,0.0,0.0,0.0,1,503.3,520.8,1,510.2,0.0,0.0,0.0,0.0,0.0,0
2023-05-10 22:52:24,sc2404,sc2404,510.2,0.0,0.0,0.0,1,503.3,520.8,1,510.2,0.0,0.0,0.0,0.0,0.0,0
2023-05-10 22:53:01,sc2404,sc2404,510.2,0.0,0.0,0.0,2,503.4,520.8,1,510.2,0.0,0.0,0.0,0.0,0.0,0
2023-05-10 22:58:00,sc2404,sc2404,510.2,0.0,0.0,0.0,1,503.3,520.8,1,510.2,0.0,0.0,0.0,0.0,0.0,0
2023-05-10 22:58:03,sc2404,sc2404,510.2,0.0,0.0,0.0,2,503.4,520.8,1,510.2,0.0,0.0,0.0,0.0,0.0,0
2023-05-10 22:58:20,sc2404,sc2404,510.2,0.0,0.0,0.0,1,503.3,520.8,1,510.2,0.0,0.0,0.0,0.0,0.0,0
2023-05-10 22:58:32,sc2404,sc2404,510.2,0.0,0.0,0.0,1,503.3,521.7,1,510.2,0.0,0.0,0.0,0.0,0.0,0
2023-05-10 22:58:46,sc2404,sc2404,510.2,0.0,0.0,0.0,1,503.3,521.6,2,510.2,0.0,0.0,0.0,0.0,0.0,0
2023-05-10 22:59:00,sc2404,sc2404,510.2,0.0,0.0,0.0,1,503.3,521.6,2,510.2,0.0,0.0,0.0,0.0,0.0,0
2023-05-10 22:59:16,sc2404,sc2404,510.2,0.0,0.0,0.0,1,503.3,521.7,1,510.2,0.0,0.0,0.0,0.0,0.0,0
2023-05-10 22:59:31,sc2404,sc2404,510.2,0.0,0.0,0.0,2,503.4,521.7,1,510.2,0.0,0.0,0.0,0.0,0.0,0
2023-05-10 23:00:13,sc2404,sc2404,510.2,0.0,0.0,0.0,1,504.5,521.7,1,510.2,0.0,0.0,0.0,0.0,0.0,0
2023-05-10 23:00:52,sc2404,sc2404,510.2,0.0,0.0,0.0,1,504.5,521.7,1,510.2,0.0,0.0,0.0,0.0,0.0,0
2023-05-10 23:00:56,sc2404,sc2404,510.2,0.0,0.0,0.0,2,504.6,521.7,1,510.2,0.0,0.0,0.0,0.0,0.0,0
2023-05-10 23:01:36,sc2404,sc2404,510.2,0.0,0.0,0.0,2,504.6,521.7,1,510.2,0.0,0.0,0.0,0.0,0.0,0
2023-05-10 23:01:37,sc2404,sc2404,510.2,0.0,0.0,0.0,2,504.6,521.7,1,510.2,0.0,0.0,0.0,0.0,0.0,0
2023-05-10 23:05:55,sc2404,sc2404,510.2,0.0,0.0,0.0,1,504.5,521.7,1,510.2,0.0,0.0,0.0,0.0,0.0,0
2023-05-10 23:05:57,sc2404,sc2404,510.2,0.0,0.0,0.0,2,504.6,521.7,1,510.2,0.0,0.0,0.0,0.0,0.0,0
2023-05-10 23:07:39,sc2404,sc2404,510.2,0.0,0.0,0.0,2,504.6,521.7,1,510.2,0.0,0.0,0.0,0.0,0.0,0
2023-05-10 23:08:02,sc2404,sc2404,510.2,0.0,0.0,0.0,2,504.6,521.7,1,510.2,0.0,0.0,0.0,0.0,0.0,0
2023-05-10 23:08:03,sc2404,sc2404,510.2,0.0,0.0,0.0,2,504.6,521.7,1,510.2,0.0,0.0,0.0,0.0,0.0,0
2023-05-10 23:10:57,sc2404,sc2404,510.2,0.0,0.0,0.0,1,504.5,521.7,1,510.2,0.0,0.0,0.0,0.0,0.0,0
2023-05-10 23:11:33,sc2404,sc2404,510.2,0.0,0.0,0.0,2,504.6,521.7,1,510.2,0.0,0.0,0.0,0.0,0.0,0
2023-05-10 23:16:28,sc2404,sc2404,510.2,0.0,0.0,0.0,2,504.6,521.7,1,510.2,0.0,0.0,0.0,0.0,0.0,0
2023-05-10 23:16:34,sc2404,sc2404,510.2,0.0,0.0,0.0,1,504.5,521.7,1,510.2,0.0,0.0,0.0,0.0,0.0,0
2023-05-10 23:17:15,sc2404,sc2404,510.2,0.0,0.0,0.0,2,504.6,521.7,1,510.2,0.0,0.0,0.0,0.0,0.0,0
2023-05-10 23:18:15,sc2404,sc2404,510.2,0.0,0.0,0.0,2,504.6,521.7,1,510.2,0.0,0.0,0.0,0.0,0.0,0
2023-05-10 23:18:15,sc2404,sc2404,510.2,0.0,0.0,0.0,1,507.5,521.7,1,510.2,0.0,0.0,0.0,0.0,0.0,0
2023-05-10 23:18:16,sc2404,sc2404,510.2,0.0,0.0,0.0,1,507.5,521.7,1,510.2,0.0,0.0,0.0,0.0,0.0,0
2023-05-10 23:18:35,sc2404,sc2404,510.2,0.0,0.0,0.0,1,507.5,528.6,1,510.2,0.0,0.0,0.0,0.0,0.0,0
2023-05-10 23:18:36,sc2404,sc2404,510.2,0.0,0.0,0.0,1,507.5,528.5,1,510.2,0.0,0.0,0.0,0.0,0.0,0
2023-05-10 23:18:37,sc2404,sc2404,510.2,0.0,0.0,0.0,1,507.5,528.5,1,510.2,0.0,0.0,0.0,0.0,0.0,0
2023-05-10 23:18:44,sc2404,sc2404,510.2,0.0,0.0,0.0,1,507.5,528.4,2,510.2,0.0,0.0,0.0,0.0,0.0,0
2023-05-10 23:18:48,sc2404,sc2404,510.2,0.0,0.0,0.0,1,507.5,528.4,2,510.2,0.0,0.0,0.0,0.0,0.0,0
2023-05-10 23:18:48,sc2404,sc2404,510.2,0.0,0.0,0.0,1,507.5,528.3,1,510.2,0.0,0.0,0.0,0.0,0.0,0
2023-05-10 23:19:26,sc2404,sc2404,510.2,0.0,0.0,0.0,1,507.5,528.3,1,510.2,0.0,0.0,0.0,0.0,0.0,0
2023-05-10 23:19:29,sc2404,sc2404,510.2,0.0,0.0,0.0,1,507.5,528.2,2,510.2,0.0,0.0,0.0,0.0,0.0,0
2023-05-10 23:19:34,sc2404,sc2404,510.2,0.0,0.0,0.0,1,507.5,528.2,2,510.2,0.0,0.0,0.0,0.0,0.0,0
2023-05-10 23:19:35,sc2404,sc2404,510.2,0.0,0.0,0.0,1,507.5,528.1,1,510.2,0.0,0.0,0.0,0.0,0.0,0
2023-05-10 23:20:14,sc2404,sc2404,510.2,0.0,0.0,0.0,1,507.5,528.1,1,510.2,0.0,0.0,0.0,0.0,0.0,0
2023-05-10 23:20:54,sc2404,sc2404,510.2,0.0,0.0,0.0,1,507.5,528.0,2,510.2,0.0,0.0,0.0,0.0,0.0,0
2023-05-10 23:20:59,sc2404,sc2404,510.2,0.0,0.0,0.0,1,507.5,528.0,2,510.2,0.0,0.0,0.0,0.0,0.0,0
2023-05-10 23:20:59,sc2404,sc2404,510.2,0.0,0.0,0.0,1,507.5,527.9,1,510.2,0.0,0.0,0.0,0.0,0.0,0
2023-05-10 23:21:05,sc2404,sc2404,510.2,0.0,0.0,0.0,1,507.5,528.0,2,510.2,0.0,0.0,0.0,0.0,0.0,0
2023-05-10 23:21:06,sc2404,sc2404,510.2,0.0,0.0,0.0,1,507.5,527.9,1,510.2,0.0,0.0,0.0,0.0,0.0,0
2023-05-10 23:21:12,sc2404,sc2404,510.2,0.0,0.0,0.0,1,507.5,528.0,2,510.2,0.0,0.0,0.0,0.0,0.0,0
2023-05-10 23:21:12,sc2404,sc2404,510.2,0.0,0.0,0.0,1,507.5,527.9,1,510.2,0.0,0.0,0.0,0.0,0.0,0
2023-05-10 23:21:24,sc2404,sc2404,510.2,0.0,0.0,0.0,1,507.5,528.0,2,510.2,0.0,0.0,0.0,0.0,0.0,0
2023-05-10 23:21:25,sc2404,sc2404,510.2,0.0,0.0,0.0,1,507.5,527.9,1,510.2,0.0,0.0,0.0,0.0,0.0,0
2023-05-10 23:21:37,sc2404,sc2404,510.2,0.0,0.0,0.0,1,507.5,528.0,2,510.2,0.0,0.0,0.0,0.0,0.0,0
2023-05-10 23:21:38,sc2404,sc2404,510.2,0.0,0.0,0.0,1,507.5,527.9,1,510.2,0.0,0.0,0.0,0.0,0.0,0
2023-05-10 23:21:50,sc2404,sc2404,510.2,0.0,0.0,0.0,1,507.5,528.0,2,510.2,0.0,0.0,0.0,0.0,0.0,0
2023-05-10 23:21:50,sc2404,sc2404,510.2,0.0,0.0,0.0,1,507.5,527.9,1,510.2,0.0,0.0,0.0,0.0,0.0,0
2023-05-10 23:21:56,sc2404,sc2404,510.2,0.0,0.0,0.0,1,507.5,528.0,2,510.2,0.0,0.0,0.0,0.0,0.0,0
2023-05-10 23:21:57,sc2404,sc2404,510.2,0.0,0.0,0.0,1,507.5,527.9,1,510.2,0.0,0.0,0.0,0.0,0.0,0
2023-05-10 23:22:03,sc2404,sc2404,510.2,0.0,0.0,0.0,1,507.5,528.0,2,510.2,0.0,0.0,0.0,0.0,0.0,0
2023-05-10 23:22:03,sc2404,sc2404,510.2,0.0,0.0,0.0,1,507.5,527.9,1,510.2,0.0,0.0,0.0,0.0,0.0,0
2023-05-10 23:22:15,sc2404,sc2404,510.2,0.0,0.0,0.0,1,507.5,528.0,2,510.2,0.0,0.0,0.0,0.0,0.0,0
2023-05-10 23:22:16,sc2404,sc2404,510.2,0.0,0.0,0.0,1,507.5,527.9,1,510.2,0.0,0.0,0.0,0.0,0.0,0
2023-05-10 23:22:19,sc2404,sc2404,510.2,0.0,0.0,0.0,1,507.5,528.0,2,510.2,0.0,0.0,0.0,0.0,0.0,0
2023-05-10 23:22:19,sc2404,sc2404,510.2,0.0,0.0,0.0,1,507.5,527.9,1,510.2,0.0,0.0,0.0,0.0,0.0,0
2023-05-10 23:22:25,sc2404,sc2404,510.2,0.0,0.0,0.0,1,507.5,528.0,2,510.2,0.0,0.0,0.0,0.0,0.0,0
2023-05-10 23:22:26,sc2404,sc2404,510.2,0.0,0.0,0.0,1,507.5,527.9,1,510.2,0.0,0.0,0.0,0.0,0.0,0
2023-05-10 23:22:32,sc2404,sc2404,510.2,0.0,0.0,0.0,1,507.5,528.0,2,510.2,0.0,0.0,0.0,0.0,0.0,0
2023-05-10 23:22:32,sc2404,sc2404,510.2,0.0,0.0,0.0,1,507.5,527.9,1,510.2,0.0,0.0,0.0,0.0,0.0,0
2023-05-10 23:22:38,sc2404,sc2404,510.2,0.0,0.0,0.0,1,507.5,528.0,2,510.2,0.0,0.0,0.0,0.0,0.0,0
2023-05-10 23:22:39,sc2404,sc2404,510.2,0.0,0.0,0.0,1,507.5,527.9,1,510.2,0.0,0.0,0.0,0.0,0.0,0
2023-05-10 23:22:51,sc2404,sc2404,510.2,0.0,0.0,0.0,1,507.5,528.0,2,510.2,0.0,0.0,0.0,0.0,0.0,0
2023-05-10 23:22:51,sc2404,sc2404,510.2,0.0,0.0,0.0,1,507.5,527.9,1,510.2,0.0,0.0,0.0,0.0,0.0,0
2023-05-10 23:22:57,sc2404,sc2404,510.2,0.0,0.0,0.0,1,507.5,528.0,2,510.2,0.0,0.0,0.0,0.0,0.0,0
2023-05-10 23:22:58,sc2404,sc2404,510.2,0.0,0.0,0.0,1,507.5,527.9,1,510.2,0.0,0.0,0.0,0.0,0.0,0
2023-05-10 23:23:04,sc2404,sc2404,510.2,0.0,0.0,0.0,1,507.5,528.0,2,510.2,0.0,0.0,0.0,0.0,0.0,0
2023-05-10 23:23:05,sc2404,sc2404,510.2,0.0,0.0,0.0,1,507.5,527.9,1,510.2,0.0,0.0,0.0,0.0,0.0,0
2023-05-10 23:23:13,sc2404,sc2404,510.2,0.0,0.0,0.0,1,507.5,528.0,2,510.2,0.0,0.0,0.0,0.0,0.0,0
2023-05-10 23:23:14,sc2404,sc2404,510.2,0.0,0.0,0.0,1,507.5,527.9,1,510.2,0.0,0.0,0.0,0.0,0.0,0
2023-05-10 23:23:20,sc2404,sc2404,510.2,0.0,0.0,0.0,1,507.5,528.0,2,510.2,0.0,0.0,0.0,0.0,0.0,0
2023-05-10 23:23:20,sc2404,sc2404,510.2,0.0,0.0,0.0,1,507.5,527.9,1,510.2,0.0,0.0,0.0,0.0,0.0,0
2023-05-10 23:23:26,sc2404,sc2404,510.2,0.0,0.0,0.0,1,507.5,528.0,2,510.2,0.0,0.0,0.0,0.0,0.0,0
2023-05-10 23:23:27,sc2404,sc2404,510.2,0.0,0.0,0.0,1,507.5,527.9,1,510.2,0.0,0.0,0.0,0.0,0.0,0
2023-05-10 23:23:33,sc2404,sc2404,510.2,0.0,0.0,0.0,1,507.5,528.0,2,510.2,0.0,0.0,0.0,0.0,0.0,0
2023-05-10 23:23:33,sc2404,sc2404,510.2,0.0,0.0,0.0,1,507.5,527.9,1,510.2,0.0,0.0,0.0,0.0,0.0,0
2023-05-10 23:23:39,sc2404,sc2404,510.2,0.0,0.0,0.0,1,507.5,528.0,2,510.2,0.0,0.0,0.0,0.0,0.0,0
2023-05-10 23:23:40,sc2404,sc2404,510.2,0.0,0.0,0.0,1,507.5,527.9,1,510.2,0.0,0.0,0.0,0.0,0.0,0
2023-05-10 23:23:45,sc2404,sc2404,510.2,0.0,0.0,0.0,1,507.5,528.0,2,510.2,0.0,0.0,0.0,0.0,0.0,0
2023-05-10 23:23:46,sc2404,sc2404,510.2,0.0,0.0,0.0,1,507.5,527.9,1,510.2,0.0,0.0,0.0,0.0,0.0,0
2023-05-10 23:23:52,sc2404,sc2404,510.2,0.0,0.0,0.0,1,507.5,528.0,2,510.2,0.0,0.0,0.0,0.0,0.0,0
2023-05-10 23:23:52,sc2404,sc2404,510.2,0.0,0.0,0.0,1,507.5,527.9,1,510.2,0.0,0.0,0.0,0.0,0.0,0
2023-05-10 23:23:55,sc2404,sc2404,510.2,0.0,0.0,0.0,1,507.5,528.0,2,510.2,0.0,0.0,0.0,0.0,0.0,0
2023-05-10 23:23:56,sc2404,sc2404,510.2,0.0,0.0,0.0,1,507.5,527.9,1,510.2,0.0,0.0,0.0,0.0,0.0,0
2023-05-10 23:24:02,sc2404,sc2404,510.2,0.0,0.0,0.0,1,507.5,528.0,2,510.2,0.0,0.0,0.0,0.0,0.0,0
2023-05-10 23:24:02,sc2404,sc2404,510.2,0.0,0.0,0.0,1,507.5,527.9,1,510.2,0.0,0.0,0.0,0.0,0.0,0
2023-05-10 23:24:08,sc2404,sc2404,510.2,0.0,0.0,0.0,1,507.5,528.0,2,510.2,0.0,0.0,0.0,0.0,0.0,0
2023-05-10 23:24:09,sc2404,sc2404,510.2,0.0,0.0,0.0,1,507.5,527.9,1,510.2,0.0,0.0,0.0,0.0,0.0,0
2023-05-10 23:24:15,sc2404,sc2404,510.2,0.0,0.0,0.0,1,507.5,528.0,2,510.2,0.0,0.0,0.0,0.0,0.0,0
2023-05-10 23:24:15,sc2404,sc2404,510.2,0.0,0.0,0.0,1,507.5,527.9,1,510.2,0.0,0.0,0.0,0.0,0.0,0
2023-05-10 23:24:27,sc2404,sc2404,510.2,0.0,0.0,0.0,1,507.5,528.0,2,510.2,0.0,0.0,0.0,0.0,0.0,0
2023-05-10 23:24:28,sc2404,sc2404,510.2,0.0,0.0,0.0,1,507.5,527.9,1,510.2,0.0,0.0,0.0,0.0,0.0,0
2023-05-10 23:24:35,sc2404,sc2404,510.2,0.0,0.0,0.0,1,507.5,528.0,2,510.2,0.0,0.0,0.0,0.0,0.0,0
2023-05-10 23:24:35,sc2404,sc2404,510.2,0.0,0.0,0.0,1,507.5,527.8,1,510.2,0.0,0.0,0.0,0.0,0.0,0
2023-05-10 23:25:13,sc2404,sc2404,510.2,0.0,0.0,0.0,1,507.5,527.8,1,510.2,0.0,0.0,0.0,0.0,0.0,0
2023-05-10 23:25:52,sc2404,sc2404,510.2,0.0,0.0,0.0,1,507.5,527.7,2,510.2,0.0,0.0,0.0,0.0,0.0,0
2023-05-10 23:25:53,sc2404,sc2404,510.2,0.0,0.0,0.0,1,507.5,527.7,2,510.2,0.0,0.0,0.0,0.0,0.0,0
2023-05-10 23:25:54,sc2404,sc2404,510.2,0.0,0.0,0.0,1,507.5,527.7,3,510.2,0.0,0.0,0.0,0.0,0.0,0
2023-05-10 23:25:54,sc2404,sc2404,510.2,0.0,0.0,0.0,1,507.5,527.7,2,510.2,0.0,0.0,0.0,0.0,0.0,0
2023-05-10 23:26:38,sc2404,sc2404,510.2,0.0,0.0,0.0,1,507.5,527.6,1,510.2,0.0,0.0,0.0,0.0,0.0,0
2023-05-10 23:26:50,sc2404,sc2404,510.2,0.0,0.0,0.0,1,507.5,527.7,2,510.2,0.0,0.0,0.0,0.0,0.0,0
2023-05-10 23:26:51,sc2404,sc2404,510.2,0.0,0.0,0.0,1,507.5,527.6,1,510.2,0.0,0.0,0.0,0.0,0.0,0
2023-05-10 23:27:03,sc2404,sc2404,510.2,0.0,0.0,0.0,1,507.5,527.7,2,510.2,0.0,0.0,0.0,0.0,0.0,0
2023-05-10 23:27:03,sc2404,sc2404,510.2,0.0,0.0,0.0,1,507.5,527.6,1,510.2,0.0,0.0,0.0,0.0,0.0,0
2023-05-10 23:27:09,sc2404,sc2404,510.2,0.0,0.0,0.0,1,507.5,527.7,2,510.2,0.0,0.0,0.0,0.0,0.0,0
2023-05-10 23:27:10,sc2404,sc2404,510.2,0.0,0.0,0.0,1,507.5,527.6,1,510.2,0.0,0.0,0.0,0.0,0.0,0
2023-05-10 23:27:16,sc2404,sc2404,510.2,0.0,0.0,0.0,1,507.5,527.7,2,510.2,0.0,0.0,0.0,0.0,0.0,0
2023-05-10 23:27:16,sc2404,sc2404,510.2,0.0,0.0,0.0,1,507.5,527.6,1,510.2,0.0,0.0,0.0,0.0,0.0,0
2023-05-10 23:27:22,sc2404,sc2404,510.2,0.0,0.0,0.0,1,507.5,527.7,2,510.2,0.0,0.0,0.0,0.0,0.0,0
2023-05-10 23:27:23,sc2404,sc2404,510.2,0.0,0.0,0.0,1,507.5,527.6,1,510.2,0.0,0.0,0.0,0.0,0.0,0
2023-05-10 23:27:29,sc2404,sc2404,510.2,0.0,0.0,0.0,1,507.5,527.7,2,510.2,0.0,0.0,0.0,0.0,0.0,0
2023-05-10 23:27:30,sc2404,sc2404,510.2,0.0,0.0,0.0,1,507.5,527.6,1,510.2,0.0,0.0,0.0,0.0,0.0,0
2023-05-10 23:27:36,sc2404,sc2404,510.2,0.0,0.0,0.0,1,507.5,527.7,2,510.2,0.0,0.0,0.0,0.0,0.0,0
2023-05-10 23:27:36,sc2404,sc2404,510.2,0.0,0.0,0.0,1,507.5,527.6,1,510.2,0.0,0.0,0.0,0.0,0.0,0
2023-05-10 23:27:42,sc2404,sc2404,510.2,0.0,0.0,0.0,1,507.5,527.7,2,510.2,0.0,0.0,0.0,0.0,0.0,0
2023-05-10 23:27:43,sc2404,sc2404,510.2,0.0,0.0,0.0,1,507.5,527.6,1,510.2,0.0,0.0,0.0,0.0,0.0,0
2023-05-10 23:27:48,sc2404,sc2404,510.2,0.0,0.0,0.0,1,507.5,527.6,1,510.2,0.0,0.0,0.0,0.0,0.0,0
2023-05-10 23:27:49,sc2404,sc2404,510.2,0.0,0.0,0.0,1,507.5,528.6,1,510.2,0.0,0.0,0.0,0.0,0.0,0
2023-05-10 23:27:49,sc2404,sc2404,510.2,0.0,0.0,0.0,1,507.5,528.5,1,510.2,0.0,0.0,0.0,0.0,0.0,0
2023-05-10 23:28:00,sc2404,sc2404,510.2,0.0,0.0,0.0,1,507.5,528.4,2,510.2,0.0,0.0,0.0,0.0,0.0,0
2023-05-10 23:28:07,sc2404,sc2404,510.2,0.0,0.0,0.0,1,507.5,528.4,2,510.2,0.0,0.0,0.0,0.0,0.0,0
2023-05-10 23:28:08,sc2404,sc2404,510.2,0.0,0.0,0.0,1,507.5,528.3,1,510.2,0.0,0.0,0.0,0.0,0.0,0
2023-05-10 23:28:46,sc2404,sc2404,510.2,0.0,0.0,0.0,1,507.5,528.3,1,510.2,0.0,0.0,0.0,0.0,0.0,0
2023-05-10 23:29:23,sc2404,sc2404,510.2,0.0,0.0,0.0,1,507.5,528.2,2,510.2,0.0,0.0,0.0,0.0,0.0,0
2023-05-10 23:29:32,sc2404,sc2404,510.2,0.0,0.0,0.0,1,507.5,528.2,2,510.2,0.0,0.0,0.0,0.0,0.0,0
2023-05-10 23:29:33,sc2404,sc2404,510.2,0.0,0.0,0.0,1,507.5,528.1,1,510.2,0.0,0.0,0.0,0.0,0.0,0
2023-05-10 23:30:10,sc2404,sc2404,510.2,0.0,0.0,0.0,1,507.5,528.1,1,510.2,0.0,0.0,0.0,0.0,0.0,0
2023-05-10 23:30:48,sc2404,sc2404,510.2,0.0,0.0,0.0,1,507.5,528.0,2,510.2,0.0,0.0,0.0,0.0,0.0,0
2023-05-10 23:30:57,sc2404,sc2404,510.2,0.0,0.0,0.0,1,507.5,528.0,2,510.2,0.0,0.0,0.0,0.0,0.0,0
2023-05-10 23:30:57,sc2404,sc2404,510.2,0.0,0.0,0.0,1,507.5,527.9,1,510.2,0.0,0.0,0.0,0.0,0.0,0
2023-05-10 23:31:09,sc2404,sc2404,510.2,0.0,0.0,0.0,1,507.5,528.0,2,510.2,0.0,0.0,0.0,0.0,0.0,0
2023-05-10 23:31:10,sc2404,sc2404,510.2,0.0,0.0,0.0,1,507.5,527.9,1,510.2,0.0,0.0,0.0,0.0,0.0,0
2023-05-10 23:31:22,sc2404,sc2404,510.2,0.0,0.0,0.0,1,507.5,528.0,2,510.2,0.0,0.0,0.0,0.0,0.0,0
2023-05-10 23:31:23,sc2404,sc2404,510.2,0.0,0.0,0.0,1,507.5,527.9,1,510.2,0.0,0.0,0.0,0.0,0.0,0
2023-05-10 23:31:35,sc2404,sc2404,510.2,0.0,0.0,0.0,1,507.5,528.0,2,510.2,0.0,0.0,0.0,0.0,0.0,0
2023-05-10 23:31:35,sc2404,sc2404,510.2,0.0,0.0,0.0,1,507.5,527.9,1,510.2,0.0,0.0,0.0,0.0,0.0,0
2023-05-10 23:31:41,sc2404,sc2404,510.2,0.0,0.0,0.0,1,507.5,528.0,2,510.2,0.0,0.0,0.0,0.0,0.0,0
2023-05-10 23:31:42,sc2404,sc2404,510.2,0.0,0.0,0.0,1,507.5,527.9,1,510.2,0.0,0.0,0.0,0.0,0.0,0
2023-05-10 23:31:48,sc2404,sc2404,510.2,0.0,0.0,0.0,1,507.5,528.0,2,510.2,0.0,0.0,0.0,0.0,0.0,0
2023-05-10 23:31:48,sc2404,sc2404,510.2,0.0,0.0,0.0,1,507.5,527.9,1,510.2,0.0,0.0,0.0,0.0,0.0,0
2023-05-10 23:31:54,sc2404,sc2404,510.2,0.0,0.0,0.0,1,507.5,528.0,2,510.2,0.0,0.0,0.0,0.0,0.0,0
2023-05-10 23:31:55,sc2404,sc2404,510.2,0.0,0.0,0.0,1,507.5,527.9,1,510.2,0.0,0.0,0.0,0.0,0.0,0
2023-05-10 23:32:00,sc2404,sc2404,510.2,0.0,0.0,0.0,1,507.5,527.9,1,510.2,0.0,0.0,0.0,0.0,0.0,0
2023-05-10 23:32:01,sc2404,sc2404,510.2,0.0,0.0,0.0,1,507.5,528.6,1,510.2,0.0,0.0,0.0,0.0,0.0,0
2023-05-10 23:32:01,sc2404,sc2404,510.2,0.0,0.0,0.0,1,507.5,528.5,1,510.2,0.0,0.0,0.0,0.0,0.0,0
2023-05-10 23:32:14,sc2404,sc2404,510.2,0.0,0.0,0.0,1,507.5,528.4,2,510.2,0.0,0.0,0.0,0.0,0.0,0
2023-05-10 23:32:25,sc2404,sc2404,510.2,0.0,0.0,0.0,1,507.5,528.4,2,510.2,0.0,0.0,0.0,0.0,0.0,0
2023-05-10 23:32:26,sc2404,sc2404,510.2,0.0,0.0,0.0,1,507.5,528.3,1,510.2,0.0,0.0,0.0,0.0,0.0,0
2023-05-10 23:33:04,sc2404,sc2404,510.2,0.0,0.0,0.0,1,507.5,528.3,1,510.2,0.0,0.0,0.0,0.0,0.0,0
2023-05-10 23:33:39,sc2404,sc2404,510.2,0.0,0.0,0.0,1,507.5,528.2,2,510.2,0.0,0.0,0.0,0.0,0.0,0
2023-05-10 23:33:44,sc2404,sc2404,510.2,0.0,0.0,0.0,1,507.5,528.2,2,510.2,0.0,0.0,0.0,0.0,0.0,0
2023-05-10 23:33:45,sc2404,sc2404,510.2,0.0,0.0,0.0,1,507.5,528.1,1,510.2,0.0,0.0,0.0,0.0,0.0,0
2023-05-10 23:34:23,sc2404,sc2404,510.2,0.0,0.0,0.0,1,507.5,528.1,1,510.2,0.0,0.0,0.0,0.0,0.0,0
2023-05-10 23:35:02,sc2404,sc2404,510.2,0.0,0.0,0.0,1,507.5,528.0,2,510.2,0.0,0.0,0.0,0.0,0.0,0
2023-05-10 23:35:03,sc2404,sc2404,510.2,0.0,0.0,0.0,1,507.5,528.0,2,510.2,0.0,0.0,0.0,0.0,0.0,0
2023-05-10 23:35:03,sc2404,sc2404,510.2,0.0,0.0,0.0,1,507.5,527.9,1,510.2,0.0,0.0,0.0,0.0,0.0,0
2023-05-10 23:35:15,sc2404,sc2404,510.2,0.0,0.0,0.0,1,507.5,528.0,2,510.2,0.0,0.0,0.0,0.0,0.0,0
2023-05-10 23:35:16,sc2404,sc2404,510.2,0.0,0.0,0.0,1,507.5,527.9,1,510.2,0.0,0.0,0.0,0.0,0.0,0
2023-05-10 23:35:28,sc2404,sc2404,510.2,0.0,0.0,0.0,1,507.5,528.0,2,510.2,0.0,0.0,0.0,0.0,0.0,0
2023-05-10 23:35:29,sc2404,sc2404,510.2,0.0,0.0,0.0,1,507.5,527.9,1,510.2,0.0,0.0,0.0,0.0,0.0,0
2023-05-10 23:35:35,sc2404,sc2404,510.2,0.0,0.0,0.0,1,507.5,528.0,2,510.2,0.0,0.0,0.0,0.0,0.0,0
2023-05-10 23:35:35,sc2404,sc2404,510.2,0.0,0.0,0.0,1,507.5,527.9,1,510.2,0.0,0.0,0.0,0.0,0.0,0
2023-05-10 23:35:41,sc2404,sc2404,510.2,0.0,0.0,0.0,1,507.5,528.0,2,510.2,0.0,0.0,0.0,0.0,0.0,0
2023-05-10 23:35:42,sc2404,sc2404,510.2,0.0,0.0,0.0,1,507.5,527.9,1,510.2,0.0,0.0,0.0,0.0,0.0,0
2023-05-10 23:35:54,sc2404,sc2404,510.2,0.0,0.0,0.0,1,507.5,528.0,2,510.2,0.0,0.0,0.0,0.0,0.0,0
2023-05-10 23:35:54,sc2404,sc2404,510.2,0.0,0.0,0.0,1,507.5,527.9,1,510.2,0.0,0.0,0.0,0.0,0.0,0
2023-05-10 23:36:06,sc2404,sc2404,510.2,0.0,0.0,0.0,1,507.5,527.9,1,510.2,0.0,0.0,0.0,0.0,0.0,0
2023-05-10 23:36:06,sc2404,sc2404,510.2,0.0,0.0,0.0,1,507.5,528.6,1,510.2,0.0,0.0,0.0,0.0,0.0,0
2023-05-10 23:36:07,sc2404,sc2404,510.2,0.0,0.0,0.0,1,507.5,528.5,1,510.2,0.0,0.0,0.0,0.0,0.0,0
2023-05-10 23:36:28,sc2404,sc2404,510.2,0.0,0.0,0.0,1,507.5,528.4,2,510.2,0.0,0.0,0.0,0.0,0.0,0
2023-05-10 23:36:31,sc2404,sc2404,510.2,0.0,0.0,0.0,1,507.5,528.4,2,510.2,0.0,0.0,0.0,0.0,0.0,0
2023-05-10 23:36:32,sc2404,sc2404,510.2,0.0,0.0,0.0,1,507.5,528.3,1,510.2,0.0,0.0,0.0,0.0,0.0,0
2023-05-10 23:36:38,sc2404,sc2404,510.2,0.0,0.0,0.0,1,507.5,528.4,2,510.2,0.0,0.0,0.0,0.0,0.0,0
2023-05-10 23:38:48,sc2404,sc2404,510.2,0.0,0.0,0.0,1,507.5,528.4,2,510.2,0.0,0.0,0.0,0.0,0.0,0
2023-05-10 23:38:49,sc2404,sc2404,510.2,0.0,0.0,0.0,1,507.5,528.4,2,510.2,0.0,0.0,0.0,0.0,0.0,0
2023-05-10 23:39:15,sc2404,sc2404,510.2,0.0,0.0,0.0,1,507.5,528.4,2,510.2,0.0,0.0,0.0,0.0,0.0,0
2023-05-10 23:41:27,sc2404,sc2404,510.2,0.0,0.0,0.0,1,507.5,528.6,1,510.2,0.0,0.0,0.0,0.0,0.0,0
2023-05-10 23:41:29,sc2404,sc2404,510.2,0.0,0.0,0.0,1,507.5,528.5,2,510.2,0.0,0.0,0.0,0.0,0.0,0
2023-05-10 23:41:43,sc2404,sc2404,510.2,0.0,0.0,0.0,1,507.5,528.5,2,510.2,0.0,0.0,0.0,0.0,0.0,0
2023-05-10 23:41:56,sc2404,sc2404,510.2,0.0,0.0,0.0,1,507.5,528.5,2,510.2,0.0,0.0,0.0,0.0,0.0,0
2023-05-10 23:46:29,sc2404,sc2404,510.2,0.0,0.0,0.0,1,507.5,528.6,1,510.2,0.0,0.0,0.0,0.0,0.0,0
2023-05-10 23:47:06,sc2404,sc2404,510.2,0.0,0.0,0.0,1,507.5,528.5,2,510.2,0.0,0.0,0.0,0.0,0.0,0
2023-05-10 23:52:05,sc2404,sc2404,510.2,0.0,0.0,0.0,1,507.5,528.6,1,510.2,0.0,0.0,0.0,0.0,0.0,0
2023-05-10 23:52:42,sc2404,sc2404,510.2,0.0,0.0,0.0,1,507.5,528.5,2,510.2,0.0,0.0,0.0,0.0,0.0,0
2023-05-10 23:55:48,sc2404,sc2404,510.2,0.0,0.0,0.0,1,507.5,528.6,1,510.2,0.0,0.0,0.0,0.0,0.0,0
2023-05-10 23:56:11,sc2404,sc2404,510.2,0.0,0.0,0.0,2,507.6,528.6,1,510.2,0.0,0.0,0.0,0.0,0.0,0
2023-05-10 23:56:15,sc2404,sc2404,510.2,0.0,0.0,0.0,1,507.5,528.6,1,510.2,0.0,0.0,0.0,0.0,0.0,0
2023-05-10 23:56:53,sc2404,sc2404,510.2,0.0,0.0,0.0,1,507.5,528.5,2,510.2,0.0,0.0,0.0,0.0,0.0,0
2023-05-10 23:57:49,sc2404,sc2404,510.2,0.0,0.0,0.0,1,507.5,528.6,1,510.2,0.0,0.0,0.0,0.0,0.0,0
2023-05-10 23:58:18,sc2404,sc2404,510.2,0.0,0.0,0.0,2,507.6,528.6,1,510.2,0.0,0.0,0.0,0.0,0.0,0
2023-05-10 23:58:54,sc2404,sc2404,510.2,0.0,0.0,0.0,1,507.5,528.6,1,510.2,0.0,0.0,0.0,0.0,0.0,0
2023-05-10 23:58:59,sc2404,sc2404,510.2,0.0,0.0,0.0,2,507.6,528.6,1,510.2,0.0,0.0,0.0,0.0,0.0,0
2023-05-10 23:59:31,sc2404,sc2404,510.2,0.0,0.0,0.0,1,507.5,528.6,1,510.2,0.0,0.0,0.0,0.0,0.0,0
2023-05-11 00:00:15,sc2404,sc2404,510.2,0.0,0.0,0.0,1,507.5,528.5,2,510.2,0.0,0.0,0.0,0.0,0.0,0
2023-05-11 00:00:53,sc2404,sc2404,510.2,0.0,0.0,0.0,1,504.7,528.5,2,510.2,0.0,0.0,0.0,0.0,0.0,0
2023-05-11 00:00:54,sc2404,sc2404,510.2,0.0,0.0,0.0,1,504.7,525.6,1,510.2,0.0,0.0,0.0,0.0,0.0,0
2023-05-11 00:00:55,sc2404,sc2404,510.2,0.0,0.0,0.0,1,504.7,525.6,1,510.2,0.0,0.0,0.0,0.0,0.0,0
2023-05-11 00:00:59,sc2404,sc2404,510.2,0.0,0.0,0.0,2,504.8,525.6,1,510.2,0.0,0.0,0.0,0.0,0.0,0
2023-05-11 00:05:54,sc2404,sc2404,510.2,0.0,0.0,0.0,2,504.8,525.6,1,510.2,0.0,0.0,0.0,0.0,0.0,0
2023-05-11 00:05:56,sc2404,sc2404,510.2,0.0,0.0,0.0,2,504.8,525.6,1,510.2,0.0,0.0,0.0,0.0,0.0,0
2023-05-11 00:05:57,sc2404,sc2404,510.2,0.0,0.0,0.0,2,504.8,525.6,1,510.2,0.0,0.0,0.0,0.0,0.0,0
2023-05-11 00:05:58,sc2404,sc2404,510.2,0.0,0.0,0.0,1,504.7,525.6,1,510.2,0.0,0.0,0.0,0.0,0.0,0
2023-05-11 00:06:02,sc2404,sc2404,510.2,0.0,0.0,0.0,2,504.8,525.6,1,510.2,0.0,0.0,0.0,0.0,0.0,0
2023-05-11 00:11:02,sc2404,sc2404,510.2,0.0,0.0,0.0,1,504.7,525.6,1,510.2,0.0,0.0,0.0,0.0,0.0,0
2023-05-11 00:11:43,sc2404,sc2404,510.2,0.0,0.0,0.0,2,504.8,525.6,1,510.2,0.0,0.0,0.0,0.0,0.0,0
2023-05-11 00:16:42,sc2404,sc2404,510.2,0.0,0.0,0.0,1,504.7,525.6,1,510.2,0.0,0.0,0.0,0.0,0.0,0
2023-05-11 00:17:21,sc2404,sc2404,510.2,0.0,0.0,0.0,2,504.8,525.6,1,510.2,0.0,0.0,0.0,0.0,0.0,0
2023-05-11 00:18:26,sc2404,sc2404,510.2,0.0,0.0,0.0,2,504.8,528.6,1,510.2,0.0,0.0,0.0,0.0,0.0,0
2023-05-11 00:18:28,sc2404,sc2404,510.2,0.0,0.0,0.0,1,507.6,528.6,1,510.2,0.0,0.0,0.0,0.0,0.0,0
2023-05-11 00:18:29,sc2404,sc2404,510.2,0.0,0.0,0.0,1,507.6,528.6,1,510.2,0.0,0.0,0.0,0.0,0.0,0
2023-05-11 00:18:47,sc2404,sc2404,510.2,0.0,0.0,0.0,1,507.6,528.5,2,510.2,0.0,0.0,0.0,0.0,0.0,0
2023-05-11 00:19:10,sc2404,sc2404,510.2,0.0,0.0,0.0,1,507.6,528.5,2,510.2,0.0,0.0,0.0,0.0,0.0,0
2023-05-11 00:19:11,sc2404,sc2404,510.2,0.0,0.0,0.0,1,507.6,528.5,2,510.2,0.0,0.0,0.0,0.0,0.0,0
2023-05-11 00:23:47,sc2404,sc2404,510.2,0.0,0.0,0.0,1,507.6,528.6,1,510.2,0.0,0.0,0.0,0.0,0.0,0
2023-05-11 00:24:27,sc2404,sc2404,510.2,0.0,0.0,0.0,1,507.6,528.5,2,510.2,0.0,0.0,0.0,0.0,0.0,0
2023-05-11 00:29:27,sc2404,sc2404,510.2,0.0,0.0,0.0,1,507.6,528.6,1,510.2,0.0,0.0,0.0,0.0,0.0,0
2023-05-11 00:30:02,sc2404,sc2404,510.2,0.0,0.0,0.0,1,507.6,528.5,2,510.2,0.0,0.0,0.0,0.0,0.0,0
2023-05-11 00:35:02,sc2404,sc2404,510.2,0.0,0.0,0.0,1,507.6,528.6,1,510.2,0.0,0.0,0.0,0.0,0.0,0
2023-05-11 00:35:04,sc2404,sc2404,510.2,0.0,0.0,0.0,1,507.6,528.5,2,510.2,0.0,0.0,0.0,0.0,0.0,0
2023-05-11 00:40:04,sc2404,sc2404,510.2,0.0,0.0,0.0,1,507.6,528.6,1,510.2,0.0,0.0,0.0,0.0,0.0,0
2023-05-11 00:40:07,sc2404,sc2404,510.2,0.0,0.0,0.0,1,507.6,528.5,2,510.2,0.0,0.0,0.0,0.0,0.0,0
2023-05-11 00:42:13,sc2404,sc2404,510.2,0.0,0.0,0.0,1,507.6,528.5,2,510.2,0.0,0.0,0.0,0.0,0.0,0
2023-05-11 00:45:06,sc2404,sc2404,510.2,0.0,0.0,0.0,1,507.6,528.6,1,510.2,0.0,0.0,0.0,0.0,0.0,0
2023-05-11 00:45:45,sc2404,sc2404,510.2,0.0,0.0,0.0,1,507.6,528.5,2,510.2,0.0,0.0,0.0,0.0,0.0,0
2023-05-11 00:50:45,sc2404,sc2404,510.2,0.0,0.0,0.0,1,507.6,528.6,1,510.2,0.0,0.0,0.0,0.0,0.0,0
2023-05-11 00:51:21,sc2404,sc2404,510.2,0.0,0.0,0.0,1,507.6,528.5,2,510.2,0.0,0.0,0.0,0.0,0.0,0
2023-05-11 00:52:43,sc2404,sc2404,510.2,0.0,0.0,0.0,1,507.6,528.5,2,510.2,0.0,0.0,0.0,0.0,0.0,0
2023-05-11 00:52:43,sc2404,sc2404,510.2,0.0,0.0,0.0,1,507.6,528.5,2,510.2,0.0,0.0,0.0,0.0,0.0,0
2023-05-11 00:53:23,sc2404,sc2404,510.2,0.0,0.0,0.0,1,504.8,528.5,2,510.2,0.0,0.0,0.0,0.0,0.0,0
2023-05-11 00:55:05,sc2404,sc2404,510.2,0.0,0.0,0.0,1,504.8,525.7,1,510.2,0.0,0.0,0.0,0.0,0.0,0
2023-05-11 00:55:06,sc2404,sc2404,510.2,0.0,0.0,0.0,1,504.8,525.7,1,510.2,0.0,0.0,0.0,0.0,0.0,0
2023-05-11 00:55:36,sc2404,sc2404,510.2,0.0,0.0,0.0,2,504.9,525.7,1,510.2,0.0,0.0,0.0,0.0,0.0,0
2023-05-11 01:00:35,sc2404,sc2404,510.2,0.0,0.0,0.0,1,504.8,525.7,1,510.2,0.0,0.0,0.0,0.0,0.0,0
2023-05-11 01:01:14,sc2404,sc2404,510.2,0.0,0.0,0.0,2,504.9,525.7,1,510.2,0.0,0.0,0.0,0.0,0.0,0
2023-05-11 01:02:01,sc2404,sc2404,510.2,0.0,0.0,0.0,2,504.9,525.7,1,510.2,0.0,0.0,0.0,0.0,0.0,0
2023-05-11 01:02:01,sc2404,sc2404,510.2,0.0,0.0,0.0,2,504.9,525.7,1,510.2,0.0,0.0,0.0,0.0,0.0,0
2023-05-11 01:06:14,sc2404,sc2404,510.2,0.0,0.0,0.0,1,504.8,525.7,1,510.2,0.0,0.0,0.0,0.0,0.0,0
2023-05-11 01:06:54,sc2404,sc2404,510.2,0.0,0.0,0.0,2,504.9,525.7,1,510.2,0.0,0.0,0.0,0.0,0.0,0
2023-05-11 01:07:31,sc2404,sc2404,510.2,0.0,0.0,0.0,2,504.9,525.7,1,510.2,0.0,0.0,0.0,0.0,0.0,0
2023-05-11 01:07:33,sc2404,sc2404,510.2,0.0,0.0,0.0,1,504.8,525.7,1,510.2,0.0,0.0,0.0,0.0,0.0,0
2023-05-11 01:07:37,sc2404,sc2404,510.2,0.0,0.0,0.0,1,504.8,525.6,2,510.2,0.0,0.0,0.0,0.0,0.0,0
2023-05-11 01:07:48,sc2404,sc2404,510.2,0.0,0.0,0.0,1,504.8,525.7,1,510.2,0.0,0.0,0.0,0.0,0.0,0
2023-05-11 01:08:20,sc2404,sc2404,510.2,0.0,0.0,0.0,2,504.9,525.7,1,510.2,0.0,0.0,0.0,0.0,0.0,0
2023-05-11 01:09:12,sc2404,sc2404,510.2,0.0,0.0,0.0,1,504.8,525.7,1,510.2,0.0,0.0,0.0,0.0,0.0,0
2023-05-11 01:09:44,sc2404,sc2404,510.2,0.0,0.0,0.0,1,504.8,525.6,2,510.2,0.0,0.0,0.0,0.0,0.0,0
2023-05-11 01:09:46,sc2404,sc2404,510.2,0.0,0.0,0.0,1,504.8,525.7,1,510.2,0.0,0.0,0.0,0.0,0.0,0
2023-05-11 01:10:26,sc2404,sc2404,510.2,0.0,0.0,0.0,1,504.8,525.6,2,510.2,0.0,0.0,0.0,0.0,0.0,0
2023-05-11 01:10:29,sc2404,sc2404,510.2,0.0,0.0,0.0,1,504.8,525.7,1,510.2,0.0,0.0,0.0,0.0,0.0,0
2023-05-11 01:11:01,sc2404,sc2404,510.2,0.0,0.0,0.0,1,504.8,525.7,1,510.2,0.0,0.0,0.0,0.0,0.0,0
2023-05-11 01:11:01,sc2404,sc2404,510.2,0.0,0.0,0.0,1,504.8,525.7,1,510.2,0.0,0.0,0.0,0.0,0.0,0
2023-05-11 01:11:09,sc2404,sc2404,510.2,0.0,0.0,0.0,1,504.8,525.6,2,510.2,0.0,0.0,0.0,0.0,0.0,0
2023-05-11 01:16:08,sc2404,sc2404,510.2,0.0,0.0,0.0,1,504.8,525.7,1,510.2,0.0,0.0,0.0,0.0,0.0,0
2023-05-11 01:16:12,sc2404,sc2404,510.2,0.0,0.0,0.0,1,504.8,525.6,2,510.2,0.0,0.0,0.0,0.0,0.0,0
2023-05-11 01:21:14,sc2404,sc2404,510.2,0.0,0.0,0.0,1,504.8,525.7,1,510.2,0.0,0.0,0.0,0.0,0.0,0
2023-05-11 01:21:54,sc2404,sc2404,510.2,0.0,0.0,0.0,1,504.8,525.6,2,510.2,0.0,0.0,0.0,0.0,0.0,0
2023-05-11 01:24:24,sc2404,sc2404,510.2,0.0,0.0,0.0,1,504.8,525.6,2,510.2,0.0,0.0,0.0,0.0,0.0,0
2023-05-11 01:24:24,sc2404,sc2404,510.2,0.0,0.0,0.0,1,504.8,525.6,2,510.2,0.0,0.0,0.0,0.0,0.0,0
2023-05-11 01:24:43,sc2404,sc2404,510.2,0.0,0.0,0.0,1,503.3,525.6,2,510.2,0.0,0.0,0.0,0.0,0.0,0
2023-05-11 01:24:45,sc2404,sc2404,510.2,0.0,0.0,0.0,1,503.3,522.9,1,510.2,0.0,0.0,0.0,0.0,0.0,0
2023-05-11 01:24:47,sc2404,sc2404,510.2,0.0,0.0,0.0,1,503.3,522.9,1,510.2,0.0,0.0,0.0,0.0,0.0,0
2023-05-11 01:25:01,sc2404,sc2404,510.2,0.0,0.0,0.0,1,503.3,522.9,1,510.2,0.0,0.0,0.0,0.0,0.0,0
2023-05-11 01:25:02,sc2404,sc2404,510.2,0.0,0.0,0.0,1,501.9,522.9,1,510.2,0.0,0.0,0.0,0.0,0.0,0
2023-05-11 01:25:02,sc2404,sc2404,510.2,0.0,0.0,0.0,1,501.9,522.9,1,510.2,0.0,0.0,0.0,0.0,0.0,0
2023-05-11 01:25:11,sc2404,sc2404,510.2,0.0,0.0,0.0,1,501.9,522.9,1,510.2,0.0,0.0,0.0,0.0,0.0,0
2023-05-11 01:25:13,sc2404,sc2404,510.2,0.0,0.0,0.0,1,501.9,522.9,1,510.2,0.0,0.0,0.0,0.0,0.0,0
2023-05-11 01:25:27,sc2404,sc2404,510.2,0.0,0.0,0.0,1,501.9,522.8,2,510.2,0.0,0.0,0.0,0.0,0.0,0
2023-05-11 01:25:47,sc2404,sc2404,510.2,0.0,0.0,0.0,1,501.9,522.8,2,510.2,0.0,0.0,0.0,0.0,0.0,0
2023-05-11 01:25:50,sc2404,sc2404,510.2,0.0,0.0,0.0,2,499.0,522.8,2,510.2,0.0,0.0,0.0,0.0,0.0,0
2023-05-11 01:25:51,sc2404,sc2404,510.2,0.0,0.0,0.0,2,499.0,519.9,1,510.2,0.0,0.0,0.0,0.0,0.0,0
2023-05-11 01:25:51,sc2404,sc2404,510.2,0.0,0.0,0.0,2,499.0,519.9,1,510.2,0.0,0.0,0.0,0.0,0.0,0
2023-05-11 01:25:52,sc2404,sc2404,510.2,0.0,0.0,0.0,2,499.0,519.9,1,510.2,0.0,0.0,0.0,0.0,0.0,0
2023-05-11 01:26:12,sc2404,sc2404,510.2,0.0,0.0,0.0,2,499.1,519.9,1,510.2,0.0,0.0,0.0,0.0,0.0,0
2023-05-11 01:28:26,sc2404,sc2404,510.2,0.0,0.0,0.0,2,499.1,519.9,1,510.2,0.0,0.0,0.0,0.0,0.0,0
2023-05-11 01:28:27,sc2404,sc2404,510.2,0.0,0.0,0.0,2,499.1,519.9,1,510.2,0.0,0.0,0.0,0.0,0.0,0
2023-05-11 01:28:27,sc2404,sc2404,510.2,0.0,0.0,0.0,2,499.1,519.9,1,510.2,0.0,0.0,0.0,0.0,0.0,0
2023-05-11 01:28:28,sc2404,sc2404,510.2,0.0,0.0,0.0,2,499.1,519.9,1,510.2,0.0,0.0,0.0,0.0,0.0,0
2023-05-11 01:29:07,sc2404,sc2404,510.2,0.0,0.0,0.0,2,499.1,519.9,1,510.2,0.0,0.0,0.0,0.0,0.0,0
2023-05-11 01:29:07,sc2404,sc2404,510.2,0.0,0.0,0.0,2,499.1,519.9,1,510.2,0.0,0.0,0.0,0.0,0.0,0
2023-05-11 01:30:58,sc2404,sc2404,510.2,0.0,0.0,0.0,1,501.9,520.6,1,510.2,0.0,0.0,0.0,0.0,0.0,0
2023-05-11 01:30:59,sc2404,sc2404,510.2,0.0,0.0,0.0,1,501.9,522.8,1,510.2,0.0,0.0,0.0,0.0,0.0,0
2023-05-11 01:31:00,sc2404,sc2404,510.2,0.0,0.0,0.0,1,501.9,522.8,1,510.2,0.0,0.0,0.0,0.0,0.0,0
2023-05-11 01:31:13,sc2404,sc2404,510.2,0.0,0.0,0.0,1,501.9,522.7,2,510.2,0.0,0.0,0.0,0.0,0.0,0
2023-05-11 01:36:12,sc2404,sc2404,510.2,0.0,0.0,0.0,1,501.9,522.8,1,510.2,0.0,0.0,0.0,0.0,0.0,0
2023-05-11 01:36:14,sc2404,sc2404,510.2,0.0,0.0,0.0,1,501.9,522.7,2,510.2,0.0,0.0,0.0,0.0,0.0,0
2023-05-11 01:39:49,sc2404,sc2404,510.2,0.0,0.0,0.0,1,501.9,522.7,2,510.2,0.0,0.0,0.0,0.0,0.0,0
2023-05-11 01:39:49,sc2404,sc2404,510.2,0.0,0.0,0.0,1,501.9,522.7,2,510.2,0.0,0.0,0.0,0.0,0.0,0
2023-05-11 01:39:51,sc2404,sc2404,510.2,0.0,0.0,0.0,1,501.9,522.7,2,510.2,0.0,0.0,0.0,0.0,0.0,0
2023-05-11 01:39:53,sc2404,sc2404,510.2,0.0,0.0,0.0,1,501.9,520.0,1,510.2,0.0,0.0,0.0,0.0,0.0,0
2023-05-11 01:39:54,sc2404,sc2404,510.2,0.0,0.0,0.0,1,499.0,520.0,1,510.2,0.0,0.0,0.0,0.0,0.0,0
2023-05-11 01:40:19,sc2404,sc2404,510.2,0.0,0.0,0.0,1,499.0,520.0,1,510.2,0.0,0.0,0.0,0.0,0.0,0
2023-05-11 01:40:32,sc2404,sc2404,510.2,0.0,0.0,0.0,2,499.1,520.0,1,510.2,0.0,0.0,0.0,0.0,0.0,0
2023-05-11 01:41:12,sc2404,sc2404,510.2,0.0,0.0,0.0,1,499.0,520.0,1,510.2,0.0,0.0,0.0,0.0,0.0,0
2023-05-11 01:41:17,sc2404,sc2404,510.2,0.0,0.0,0.0,1,499.0,519.9,2,510.2,0.0,0.0,0.0,0.0,0.0,0
2023-05-11 01:41:29,sc2404,sc2404,510.2,0.0,0.0,0.0,1,499.0,520.0,1,510.2,0.0,0.0,0.0,0.0,0.0,0
2023-05-11 01:41:59,sc2404,sc2404,510.2,0.0,0.0,0.0,2,499.1,520.0,1,510.2,0.0,0.0,0.0,0.0,0.0,0
2023-05-11 01:42:28,sc2404,sc2404,510.2,0.0,0.0,0.0,2,499.1,520.0,1,510.2,0.0,0.0,0.0,0.0,0.0,0
2023-05-11 01:42:30,sc2404,sc2404,510.2,0.0,0.0,0.0,2,499.1,520.0,1,510.2,0.0,0.0,0.0,0.0,0.0,0
2023-05-11 01:47:00,sc2404,sc2404,510.2,0.0,0.0,0.0,1,499.0,520.0,1,510.2,0.0,0.0,0.0,0.0,0.0,0
2023-05-11 01:47:39,sc2404,sc2404,510.2,0.0,0.0,0.0,2,499.1,520.0,1,510.2,0.0,0.0,0.0,0.0,0.0,0
2023-05-11 01:52:39,sc2404,sc2404,510.2,0.0,0.0,0.0,1,499.0,520.0,1,510.2,0.0,0.0,0.0,0.0,0.0,0
2023-05-11 01:53:04,sc2404,sc2404,510.2,0.0,0.0,0.0,1,499.0,520.0,1,510.2,0.0,0.0,0.0,0.0,0.0,0
2023-05-11 01:53:04,sc2404,sc2404,510.2,0.0,0.0,0.0,1,499.0,520.0,1,510.2,0.0,0.0,0.0,0.0,0.0,0
2023-05-11 01:53:19,sc2404,sc2404,510.2,0.0,0.0,0.0,2,499.1,520.0,1,510.2,0.0,0.0,0.0,0.0,0.0,0
2023-05-11 01:55:24,sc2404,sc2404,510.2,0.0,0.0,0.0,2,499.1,520.0,1,510.2,0.0,0.0,0.0,0.0,0.0,0
2023-05-11 01:55:25,sc2404,sc2404,510.2,0.0,0.0,0.0,1,501.8,520.0,1,510.2,0.0,0.0,0.0,0.0,0.0,0
2023-05-11 01:55:27,sc2404,sc2404,510.2,0.0,0.0,0.0,1,501.8,522.8,1,510.2,0.0,0.0,0.0,0.0,0.0,0
2023-05-11 01:55:29,sc2404,sc2404,510.2,0.0,0.0,0.0,1,501.8,522.8,1,510.2,0.0,0.0,0.0,0.0,0.0,0
2023-05-11 01:56:09,sc2404,sc2404,510.2,0.0,0.0,0.0,1,501.8,522.7,2,510.2,0.0,0.0,0.0,0.0,0.0,0
2023-05-11 02:00:16,sc2404,sc2404,510.2,0.0,0.0,0.0,1,501.8,522.7,2,510.2,0.0,0.0,0.0,0.0,0.0,0
2023-05-11 02:00:16,sc2404,sc2404,510.2,0.0,0.0,0.0,1,501.8,522.7,2,510.2,0.0,0.0,0.0,0.0,0.0,0
2023-05-11 02:01:09,sc2404,sc2404,510.2,0.0,0.0,0.0,1,501.8,522.8,1,510.2,0.0,0.0,0.0,0.0,0.0,0
2023-05-11 02:01:48,sc2404,sc2404,510.2,0.0,0.0,0.0,1,501.8,522.7,2,510.2,0.0,0.0,0.0,0.0,0.0,0
2023-05-11 02:06:47,sc2404,sc2404,510.2,0.0,0.0,0.0,1,501.8,522.8,1,510.2,0.0,0.0,0.0,0.0,0.0,0
2023-05-11 02:07:25,sc2404,sc2404,510.2,0.0,0.0,0.0,1,501.8,522.7,2,510.2,0.0,0.0,0.0,0.0,0.0,0
2023-05-11 02:12:25,sc2404,sc2404,510.2,0.0,0.0,0.0,1,501.8,522.8,1,510.2,0.0,0.0,0.0,0.0,0.0,0
2023-05-11 02:13:00,sc2404,sc2404,510.2,0.0,0.0,0.0,1,501.8,522.7,2,510.2,0.0,0.0,0.0,0.0,0.0,0
2023-05-11 02:18:01,sc2404,sc2404,510.2,0.0,0.0,0.0,1,501.8,522.8,1,510.2,0.0,0.0,0.0,0.0,0.0,0
2023-05-11 02:18:41,sc2404,sc2404,510.2,0.0,0.0,0.0,1,501.8,522.7,2,510.2,0.0,0.0,0.0,0.0,0.0,0
2023-05-11 02:19:59,sc2404,sc2404,510.2,0.0,0.0,0.0,1,501.8,522.8,1,510.2,0.0,0.0,0.0,0.0,0.0,0
2023-05-11 02:20:05,sc2404,sc2404,510.2,0.0,0.0,0.0,2,501.9,522.8,1,510.2,0.0,0.0,0.0,0.0,0.0,0
2023-05-11 02:22:03,sc2404,sc2404,510.2,0.0,0.0,0.0,1,501.8,522.8,1,510.2,0.0,0.0,0.0,0.0,0.0,0
2023-05-11 02:22:11,sc2404,sc2404,510.2,0.0,0.0,0.0,1,501.8,522.7,2,510.2,0.0,0.0,0.0,0.0,0.0,0
2023-05-11 02:22:17,sc2404,sc2404,510.2,0.0,0.0,0.0,1,501.8,522.8,1,510.2,0.0,0.0,0.0,0.0,0.0,0
2023-05-11 02:22:54,sc2404,sc2404,510.2,0.0,0.0,0.0,2,501.9,522.8,1,510.2,0.0,0.0,0.0,0.0,0.0,0
2023-05-11 02:23:50,sc2404,sc2404,510.2,0.0,0.0,0.0,1,501.8,522.8,1,510.2,0.0,0.0,0.0,0.0,0.0,0
2023-05-11 02:24:17,sc2404,sc2404,510.2,0.0,0.0,0.0,2,501.9,522.8,1,510.2,0.0,0.0,0.0,0.0,0.0,0
2023-05-11 02:24:48,sc2404,sc2404,510.2,0.0,0.0,0.0,1,501.8,522.8,1,510.2,0.0,0.0,0.0,0.0,0.0,0
2023-05-11 02:25:00,sc2404,sc2404,510.2,0.0,0.0,0.0,2,501.9,522.8,1,510.2,0.0,0.0,0.0,0.0,0.0,0
2023-05-11 02:25:05,sc2404,sc2404,510.2,0.0,0.0,0.0,1,501.8,522.8,1,510.2,0.0,0.0,0.0,0.0,0.0,0
2023-05-11 02:25:44,sc2404,sc2404,510.2,0.0,0.0,0.0,2,501.9,522.8,1,510.2,0.0,0.0,0.0,0.0,0.0,0
2023-05-11 02:27:07,sc2404,sc2404,510.2,0.0,0.0,0.0,2,501.9,522.8,1,510.2,0.0,0.0,0.0,0.0,0.0,0
2023-05-11 02:27:07,sc2404,sc2404,510.2,0.0,0.0,0.0,2,501.9,522.8,1,510.2,0.0,0.0,0.0,0.0,0.0,0
2023-05-11 02:27:12,sc2404,sc2404,510.2,0.0,0.0,0.0,2,501.9,522.8,1,510.2,0.0,0.0,0.0,0.0,0.0,0
2023-05-11 02:29:30,sc2404,sc2404,510.2,0.0,0.0,0.0,2,501.9,522.8,1,510.2,0.0,0.0,0.0,0.0,0.0,0
2023-05-11 02:29:30,sc2404,sc2404,510.2,0.0,0.0,0.0,2,501.9,522.8,1,510.2,0.0,0.0,0.0,0.0,0.0,0
2023-05-11 02:29:42,sc2404,sc2404,510.2,0.0,0.0,0.0,1,501.8,522.8,1,510.2,0.0,0.0,0.0,0.0,0.0,0
2023-05-11 02:29:56,sc2404,sc2404,510.2,0.0,0.0,0.0,1,501.8,524.7,1,510.2,0.0,0.0,0.0,0.0,0.0,0
2023-05-11 02:29:56,sc2404,sc2404,510.2,0.0,0.0,0.0,1,499.0,628.0,1,510.2,0.0,0.0,0.0,0.0,0.0,0
2023-05-11 02:29:57,sc2404,sc2404,510.2,0.0,0.0,0.0,1,388.0,628.0,1,510.2,0.0,0.0,0.0,0.0,0.0,0
2023-05-11 09:00:01,sc2404,sc2404,510.2,0.0,0.0,0.0,3,389.0,625.0,2,510.2,0.0,0.0,0.0,0.0,0.0,0
2023-05-11 09:00:02,sc2404,sc2404,510.2,0.0,0.0,0.0,1,389.2,624.8,1,510.2,0.0,0.0,0.0,0.0,0.0,0
2023-05-11 09:00:03,sc2404,sc2404,510.2,0.0,0.0,0.0,2,389.3,624.7,2,510.2,0.0,0.0,0.0,0.0,0.0,0
2023-05-11 09:00:03,sc2404,sc2404,510.2,0.0,0.0,0.0,1,389.5,624.5,1,510.2,0.0,0.0,0.0,0.0,0.0,0
2023-05-11 09:00:08,sc2404,sc2404,510.2,0.0,0.0,0.0,1,389.5,624.5,1,510.2,0.0,0.0,0.0,0.0,0.0,0
2023-05-11 09:00:09,sc2404,sc2404,510.2,0.0,0.0,0.0,1,504.6,529.3,1,510.2,0.0,0.0,0.0,0.0,0.0,0
2023-05-11 09:00:09,sc2404,sc2404,510.2,0.0,0.0,0.0,1,504.6,529.3,1,510.2,0.0,0.0,0.0,0.0,0.0,0
2023-05-11 09:00:15,sc2404,sc2404,510.2,0.0,0.0,0.0,1,504.6,529.2,2,510.2,0.0,0.0,0.0,0.0,0.0,0
2023-05-11 09:00:17,sc2404,sc2404,510.2,0.0,0.0,0.0,1,506.1,527.3,1,510.2,0.0,0.0,0.0,0.0,0.0,0
2023-05-11 09:00:23,sc2404,sc2404,510.2,0.0,0.0,0.0,1,506.1,527.3,1,510.2,0.0,0.0,0.0,0.0,0.0,0
2023-05-11 09:01:01,sc2404,sc2404,510.2,0.0,0.0,0.0,2,506.2,527.3,1,510.2,0.0,0.0,0.0,0.0,0.0,0
2023-05-11 09:01:10,sc2404,sc2404,510.2,0.0,0.0,0.0,1,506.1,527.3,1,510.2,0.0,0.0,0.0,0.0,0.0,0
2023-05-11 09:01:47,sc2404,sc2404,510.2,0.0,0.0,0.0,1,506.1,527.2,2,510.2,0.0,0.0,0.0,0.0,0.0,0
2023-05-11 09:05:12,sc2404,sc2404,510.2,0.0,0.0,0.0,1,506.1,527.3,1,510.2,0.0,0.0,0.0,0.0,0.0,0
2023-05-11 09:05:24,sc2404,sc2404,510.2,0.0,0.0,0.0,2,506.2,527.3,1,510.2,0.0,0.0,0.0,0.0,0.0,0
2023-05-11 09:07:38,sc2404,sc2404,510.2,0.0,0.0,0.0,2,506.2,527.2,1,510.2,0.0,0.0,0.0,0.0,0.0,0
2023-05-11 09:07:44,sc2404,sc2404,510.2,0.0,0.0,0.0,2,506.2,527.3,1,510.2,0.0,0.0,0.0,0.0,0.0,0
2023-05-11 09:07:45,sc2404,sc2404,510.2,0.0,0.0,0.0,2,506.2,527.2,1,510.2,0.0,0.0,0.0,0.0,0.0,0
2023-05-11 09:07:57,sc2404,sc2404,510.2,0.0,0.0,0.0,2,506.2,527.3,1,510.2,0.0,0.0,0.0,0.0,0.0,0
2023-05-11 09:07:57,sc2404,sc2404,510.2,0.0,0.0,0.0,2,506.2,527.2,1,510.2,0.0,0.0,0.0,0.0,0.0,0
2023-05-11 09:08:03,sc2404,sc2404,510.2,0.0,0.0,0.0,2,506.2,527.3,1,510.2,0.0,0.0,0.0,0.0,0.0,0
2023-05-11 09:08:04,sc2404,sc2404,510.2,0.0,0.0,0.0,2,506.2,527.2,1,510.2,0.0,0.0,0.0,0.0,0.0,0
2023-05-11 09:08:10,sc2404,sc2404,510.2,0.0,0.0,0.0,2,506.2,527.3,1,510.2,0.0,0.0,0.0,0.0,0.0,0
2023-05-11 09:08:10,sc2404,sc2404,510.2,0.0,0.0,0.0,2,506.2,527.2,1,510.2,0.0,0.0,0.0,0.0,0.0,0
2023-05-11 09:08:11,sc2404,sc2404,510.2,0.0,0.0,0.0,2,506.2,527.2,1,510.2,0.0,0.0,0.0,0.0,0.0,0
2023-05-11 09:08:12,sc2404,sc2404,510.2,0.0,0.0,0.0,2,506.2,527.2,1,510.2,0.0,0.0,0.0,0.0,0.0,0
2023-05-11 09:08:17,sc2404,sc2404,510.2,0.0,0.0,0.0,2,506.2,527.3,1,510.2,0.0,0.0,0.0,0.0,0.0,0
2023-05-11 09:08:17,sc2404,sc2404,510.2,0.0,0.0,0.0,2,506.2,527.2,1,510.2,0.0,0.0,0.0,0.0,0.0,0
2023-05-11 09:08:23,sc2404,sc2404,510.2,0.0,0.0,0.0,2,506.2,527.3,1,510.2,0.0,0.0,0.0,0.0,0.0,0
2023-05-11 09:08:24,sc2404,sc2404,510.2,0.0,0.0,0.0,2,506.2,527.2,1,510.2,0.0,0.0,0.0,0.0,0.0,0
2023-05-11 09:08:30,sc2404,sc2404,510.2,0.0,0.0,0.0,2,506.2,527.3,1,510.2,0.0,0.0,0.0,0.0,0.0,0
2023-05-11 09:08:31,sc2404,sc2404,510.2,0.0,0.0,0.0,2,506.2,527.2,1,510.2,0.0,0.0,0.0,0.0,0.0,0
2023-05-11 09:08:43,sc2404,sc2404,510.2,0.0,0.0,0.0,2,506.2,527.3,1,510.2,0.0,0.0,0.0,0.0,0.0,0
2023-05-11 09:08:43,sc2404,sc2404,510.2,0.0,0.0,0.0,2,506.2,527.2,1,510.2,0.0,0.0,0.0,0.0,0.0,0
2023-05-11 09:08:49,sc2404,sc2404,510.2,0.0,0.0,0.0,2,506.2,527.3,1,510.2,0.0,0.0,0.0,0.0,0.0,0
2023-05-11 09:08:50,sc2404,sc2404,510.2,0.0,0.0,0.0,2,506.2,527.2,1,510.2,0.0,0.0,0.0,0.0,0.0,0
2023-05-11 09:08:56,sc2404,sc2404,510.2,0.0,0.0,0.0,2,506.2,527.3,1,510.2,0.0,0.0,0.0,0.0,0.0,0
2023-05-11 09:08:56,sc2404,sc2404,510.2,0.0,0.0,0.0,2,506.2,527.2,1,510.2,0.0,0.0,0.0,0.0,0.0,0
2023-05-11 09:09:08,sc2404,sc2404,510.2,0.0,0.0,0.0,2,506.2,527.3,1,510.2,0.0,0.0,0.0,0.0,0.0,0
2023-05-11 09:09:09,sc2404,sc2404,510.2,0.0,0.0,0.0,2,506.2,527.2,1,510.2,0.0,0.0,0.0,0.0,0.0,0
2023-05-11 09:09:19,sc2404,sc2404,510.2,0.0,0.0,0.0,2,506.2,527.2,1,510.2,0.0,0.0,0.0,0.0,0.0,0
2023-05-11 09:09:21,sc2404,sc2404,510.2,0.0,0.0,0.0,2,506.2,527.3,1,510.2,0.0,0.0,0.0,0.0,0.0,0
2023-05-11 09:09:21,sc2404,sc2404,510.2,0.0,0.0,0.0,2,506.2,527.2,1,510.2,0.0,0.0,0.0,0.0,0.0,0
2023-05-11 09:09:22,sc2404,sc2404,510.2,0.0,0.0,0.0,2,506.2,527.2,1,510.2,0.0,0.0,0.0,0.0,0.0,0
2023-05-11 09:09:33,sc2404,sc2404,510.2,0.0,0.0,0.0,2,506.2,527.3,1,510.2,0.0,0.0,0.0,0.0,0.0,0
2023-05-11 09:09:34,sc2404,sc2404,510.2,0.0,0.0,0.0,2,506.2,527.2,1,510.2,0.0,0.0,0.0,0.0,0.0,0
2023-05-11 09:09:46,sc2404,sc2404,510.2,0.0,0.0,0.0,2,506.2,527.3,1,510.2,0.0,0.0,0.0,0.0,0.0,0
2023-05-11 09:09:46,sc2404,sc2404,510.2,0.0,0.0,0.0,2,506.2,527.2,1,510.2,0.0,0.0,0.0,0.0,0.0,0
2023-05-11 09:09:58,sc2404,sc2404,510.2,0.0,0.0,0.0,2,506.2,527.3,1,510.2,0.0,0.0,0.0,0.0,0.0,0
2023-05-11 09:09:59,sc2404,sc2404,510.2,0.0,0.0,0.0,2,506.2,527.2,1,510.2,0.0,0.0,0.0,0.0,0.0,0
2023-05-11 09:10:04,sc2404,sc2404,510.2,0.0,0.0,0.0,2,506.2,527.3,1,510.2,0.0,0.0,0.0,0.0,0.0,0
2023-05-11 09:10:05,sc2404,sc2404,510.2,0.0,0.0,0.0,2,506.2,527.2,1,510.2,0.0,0.0,0.0,0.0,0.0,0
2023-05-11 09:10:07,sc2404,sc2404,510.2,0.0,0.0,0.0,2,506.2,527.3,1,510.2,0.0,0.0,0.0,0.0,0.0,0
2023-05-11 09:10:23,sc2404,sc2404,510.2,0.0,0.0,0.0,1,506.1,527.3,1,510.2,0.0,0.0,0.0,0.0,0.0,0
2023-05-11 09:10:29,sc2404,sc2404,510.2,0.0,0.0,0.0,2,506.2,527.3,1,510.2,0.0,0.0,0.0,0.0,0.0,0
2023-05-11 09:10:46,sc2404,sc2404,510.2,0.0,0.0,0.0,2,506.2,527.2,1,510.2,0.0,0.0,0.0,0.0,0.0,0
2023-05-11 09:10:48,sc2404,sc2404,510.2,0.0,0.0,0.0,2,506.2,527.1,1,510.2,0.0,0.0,0.0,0.0,0.0,0
2023-05-11 09:10:52,sc2404,sc2404,510.2,0.0,0.0,0.0,2,506.2,527.1,1,510.2,0.0,0.0,0.0,0.0,0.0,0
2023-05-11 09:10:53,sc2404,sc2404,510.2,0.0,0.0,0.0,2,506.2,527.0,1,510.2,0.0,0.0,0.0,0.0,0.0,0
2023-05-11 09:10:53,sc2404,sc2404,510.2,0.0,0.0,0.0,2,506.2,526.9,1,510.2,0.0,0.0,0.0,0.0,0.0,0
2023-05-11 09:10:54,sc2404,sc2404,510.2,0.0,0.0,0.0,2,506.2,526.8,1,510.2,0.0,0.0,0.0,0.0,0.0,0
2023-05-11 09:11:00,sc2404,sc2404,510.2,0.0,0.0,0.0,2,506.2,526.8,1,510.2,0.0,0.0,0.0,0.0,0.0,0
2023-05-11 09:12:04,sc2404,sc2404,510.2,0.0,0.0,0.0,2,506.2,526.7,1,510.2,0.0,0.0,0.0,0.0,0.0,0
2023-05-11 09:12:04,sc2404,sc2404,510.2,0.0,0.0,0.0,2,506.2,526.6,1,510.2,0.0,0.0,0.0,0.0,0.0,0
2023-05-11 09:12:16,sc2404,sc2404,510.2,0.0,0.0,0.0,2,506.2,526.6,1,510.2,0.0,0.0,0.0,0.0,0.0,0
2023-05-11 09:12:16,sc2404,sc2404,510.2,0.0,0.0,0.0,2,506.2,526.6,2,510.2,0.0,0.0,0.0,0.0,0.0,0
2023-05-11 09:12:22,sc2404,sc2404,510.2,0.0,0.0,0.0,2,506.2,526.6,1,510.2,0.0,0.0,0.0,0.0,0.0,0
2023-05-11 09:12:23,sc2404,sc2404,510.2,0.0,0.0,0.0,2,506.2,526.6,2,510.2,0.0,0.0,0.0,0.0,0.0,0
2023-05-11 09:12:29,sc2404,sc2404,510.2,0.0,0.0,0.0,2,506.2,526.6,1,510.2,0.0,0.0,0.0,0.0,0.0,0
2023-05-11 09:12:29,sc2404,sc2404,510.2,0.0,0.0,0.0,2,506.2,526.6,2,510.2,0.0,0.0,0.0,0.0,0.0,0
2023-05-11 09:12:39,sc2404,sc2404,510.2,0.0,0.0,0.0,2,506.2,526.6,1,510.2,0.0,0.0,0.0,0.0,0.0,0
2023-05-11 09:12:40,sc2404,sc2404,510.2,0.0,0.0,0.0,2,506.2,526.6,2,510.2,0.0,0.0,0.0,0.0,0.0,0
2023-05-11 09:12:46,sc2404,sc2404,510.2,0.0,0.0,0.0,2,506.2,526.6,1,510.2,0.0,0.0,0.0,0.0,0.0,0
2023-05-11 09:12:46,sc2404,sc2404,510.2,0.0,0.0,0.0,2,506.2,526.6,2,510.2,0.0,0.0,0.0,0.0,0.0,0
2023-05-11 09:12:52,sc2404,sc2404,510.2,0.0,0.0,0.0,2,506.2,526.6,1,510.2,0.0,0.0,0.0,0.0,0.0,0
2023-05-11 09:12:52,sc2404,sc2404,510.2,0.0,0.0,0.0,2,506.2,526.6,2,510.2,0.0,0.0,0.0,0.0,0.0,0
2023-05-11 09:12:58,sc2404,sc2404,510.2,0.0,0.0,0.0,2,506.2,526.6,1,510.2,0.0,0.0,0.0,0.0,0.0,0
2023-05-11 09:12:59,sc2404,sc2404,510.2,0.0,0.0,0.0,2,506.2,526.6,2,510.2,0.0,0.0,0.0,0.0,0.0,0
2023-05-11 09:13:05,sc2404,sc2404,510.2,0.0,0.0,0.0,2,506.2,526.6,1,510.2,0.0,0.0,0.0,0.0,0.0,0
2023-05-11 09:13:05,sc2404,sc2404,510.2,0.0,0.0,0.0,2,506.2,526.6,2,510.2,0.0,0.0,0.0,0.0,0.0,0
2023-05-11 09:13:11,sc2404,sc2404,510.2,0.0,0.0,0.0,2,506.2,526.6,1,510.2,0.0,0.0,0.0,0.0,0.0,0
2023-05-11 09:13:12,sc2404,sc2404,510.2,0.0,0.0,0.0,2,506.2,526.6,2,510.2,0.0,0.0,0.0,0.0,0.0,0
2023-05-11 09:13:22,sc2404,sc2404,510.2,0.0,0.0,0.0,2,506.2,526.6,1,510.2,0.0,0.0,0.0,0.0,0.0,0
2023-05-11 09:13:22,sc2404,sc2404,510.2,0.0,0.0,0.0,2,506.2,526.5,1,510.2,0.0,0.0,0.0,0.0,0.0,0
2023-05-11 09:13:23,sc2404,sc2404,510.2,0.0,0.0,0.0,2,506.2,526.4,1,510.2,0.0,0.0,0.0,0.0,0.0,0
2023-05-11 09:13:23,sc2404,sc2404,510.2,0.0,0.0,0.0,2,506.2,526.3,1,510.2,0.0,0.0,0.0,0.0,0.0,0
2023-05-11 09:13:29,sc2404,sc2404,510.2,0.0,0.0,0.0,2,506.2,526.3,1,510.2,0.0,0.0,0.0,0.0,0.0,0
2023-05-11 09:15:27,sc2404,sc2404,510.2,0.0,0.0,0.0,1,506.1,526.3,1,510.2,0.0,0.0,0.0,0.0,0.0,0
2023-05-11 09:15:35,sc2404,sc2404,510.2,0.0,0.0,0.0,2,506.2,526.3,1,510.2,0.0,0.0,0.0,0.0,0.0,0
2023-05-11 09:20:34,sc2404,sc2404,510.2,0.0,0.0,0.0,1,506.1,526.3,1,510.2,0.0,0.0,0.0,0.0,0.0,0
2023-05-11 09:20:45,sc2404,sc2404,510.2,0.0,0.0,0.0,2,506.2,526.3,1,510.2,0.0,0.0,0.0,0.0,0.0,0
2023-05-11 09:25:44,sc2404,sc2404,510.2,0.0,0.0,0.0,1,506.1,526.3,1,510.2,0.0,0.0,0.0,0.0,0.0,0
2023-05-11 09:25:52,sc2404,sc2404,510.2,0.0,0.0,0.0,2,506.2,526.3,1,510.2,0.0,0.0,0.0,0.0,0.0,0
2023-05-11 09:30:50,sc2404,sc2404,510.2,0.0,0.0,0.0,1,506.1,526.3,1,510.2,0.0,0.0,0.0,0.0,0.0,0
2023-05-11 09:30:57,sc2404,sc2404,510.2,0.0,0.0,0.0,2,506.2,526.3,1,510.2,0.0,0.0,0.0,0.0,0.0,0
2023-05-11 09:31:45,sc2404,sc2404,510.2,0.0,0.0,0.0,2,506.2,526.2,1,510.2,0.0,0.0,0.0,0.0,0.0,0
2023-05-11 09:31:45,sc2404,sc2404,510.2,0.0,0.0,0.0,2,506.2,526.1,1,510.2,0.0,0.0,0.0,0.0,0.0,0
2023-05-11 09:31:51,sc2404,sc2404,510.2,0.0,0.0,0.0,2,506.2,526.1,1,510.2,0.0,0.0,0.0,0.0,0.0,0
2023-05-11 09:31:51,sc2404,sc2404,510.2,0.0,0.0,0.0,2,506.2,526.1,2,510.2,0.0,0.0,0.0,0.0,0.0,0
2023-05-11 09:31:57,sc2404,sc2404,510.2,0.0,0.0,0.0,2,506.2,526.1,1,510.2,0.0,0.0,0.0,0.0,0.0,0
2023-05-11 09:31:58,sc2404,sc2404,510.2,0.0,0.0,0.0,2,506.2,526.1,2,510.2,0.0,0.0,0.0,0.0,0.0,0
2023-05-11 09:32:04,sc2404,sc2404,510.2,0.0,0.0,0.0,2,506.2,526.1,1,510.2,0.0,0.0,0.0,0.0,0.0,0
2023-05-11 09:32:04,sc2404,sc2404,510.2,0.0,0.0,0.0,2,506.2,526.1,2,510.2,0.0,0.0,0.0,0.0,0.0,0
2023-05-11 09:32:16,sc2404,sc2404,510.2,0.0,0.0,0.0,2,506.2,526.1,1,510.2,0.0,0.0,0.0,0.0,0.0,0
2023-05-11 09:32:17,sc2404,sc2404,510.2,0.0,0.0,0.0,2,506.2,526.1,2,510.2,0.0,0.0,0.0,0.0,0.0,0
2023-05-11 09:32:21,sc2404,sc2404,510.2,0.0,0.0,0.0,1,506.1,526.1,2,510.2,0.0,0.0,0.0,0.0,0.0,0
2023-05-11 09:32:23,sc2404,sc2404,510.2,0.0,0.0,0.0,1,506.1,526.1,1,510.2,0.0,0.0,0.0,0.0,0.0,0
2023-05-11 09:32:23,sc2404,sc2404,510.2,0.0,0.0,0.0,1,506.1,526.1,2,510.2,0.0,0.0,0.0,0.0,0.0,0
2023-05-11 09:32:25,sc2404,sc2404,510.2,0.0,0.0,0.0,1,506.1,526.1,2,510.2,0.0,0.0,0.0,0.0,0.0,0
2023-05-11 09:32:27,sc2404,sc2404,510.2,0.0,0.0,0.0,1,506.1,526.0,2,510.2,0.0,0.0,0.0,0.0,0.0,0
2023-05-11 09:32:27,sc2404,sc2404,510.2,0.0,0.0,0.0,1,506.1,525.9,1,510.2,0.0,0.0,0.0,0.0,0.0,0
2023-05-11 09:32:28,sc2404,sc2404,510.2,0.0,0.0,0.0,1,506.1,525.8,1,510.2,0.0,0.0,0.0,0.0,0.0,0
2023-05-11 09:32:34,sc2404,sc2404,510.2,0.0,0.0,0.0,1,506.1,525.8,1,510.2,0.0,0.0,0.0,0.0,0.0,0
2023-05-11 09:33:08,sc2404,sc2404,510.2,0.0,0.0,0.0,1,506.1,525.8,1,510.2,0.0,0.0,0.0,0.0,0.0,0
2023-05-11 09:33:11,sc2404,sc2404,510.2,0.0,0.0,0.0,1,506.1,525.7,2,510.2,0.0,0.0,0.0,0.0,0.0,0
2023-05-11 09:33:12,sc2404,sc2404,510.2,0.0,0.0,0.0,1,506.1,525.6,1,510.2,0.0,0.0,0.0,0.0,0.0,0
2023-05-11 09:33:52,sc2404,sc2404,510.2,0.0,0.0,0.0,1,506.1,525.6,1,510.2,0.0,0.0,0.0,0.0,0.0,0
2023-05-11 09:33:57,sc2404,sc2404,510.2,0.0,0.0,0.0,1,506.1,525.5,2,510.2,0.0,0.0,0.0,0.0,0.0,0
2023-05-11 09:33:58,sc2404,sc2404,510.2,0.0,0.0,0.0,1,506.1,525.4,1,510.2,0.0,0.0,0.0,0.0,0.0,0
2023-05-11 09:33:58,sc2404,sc2404,510.2,0.0,0.0,0.0,1,506.1,525.3,1,510.2,0.0,0.0,0.0,0.0,0.0,0
2023-05-11 09:34:38,sc2404,sc2404,510.2,0.0,0.0,0.0,1,506.1,525.3,1,510.2,0.0,0.0,0.0,0.0,0.0,0
2023-05-11 09:34:43,sc2404,sc2404,510.2,0.0,0.0,0.0,1,506.1,525.2,2,510.2,0.0,0.0,0.0,0.0,0.0,0
2023-05-11 09:34:43,sc2404,sc2404,510.2,0.0,0.0,0.0,1,506.1,525.1,1,510.2,0.0,0.0,0.0,0.0,0.0,0
2023-05-11 09:35:23,sc2404,sc2404,510.2,0.0,0.0,0.0,1,506.1,525.1,1,510.2,0.0,0.0,0.0,0.0,0.0,0
2023-05-11 09:35:29,sc2404,sc2404,510.2,0.0,0.0,0.0,1,506.1,525.0,2,510.2,0.0,0.0,0.0,0.0,0.0,0
2023-05-11 09:35:29,sc2404,sc2404,510.2,0.0,0.0,0.0,1,506.1,524.9,1,510.2,0.0,0.0,0.0,0.0,0.0,0
2023-05-11 09:35:30,sc2404,sc2404,510.2,0.0,0.0,0.0,1,506.1,524.8,1,510.2,0.0,0.0,0.0,0.0,0.0,0
2023-05-11 09:36:09,sc2404,sc2404,510.2,0.0,0.0,0.0,1,506.1,524.8,1,510.2,0.0,0.0,0.0,0.0,0.0,0
2023-05-11 09:36:14,sc2404,sc2404,510.2,0.0,0.0,0.0,1,506.1,524.7,2,510.2,0.0,0.0,0.0,0.0,0.0,0
2023-05-11 09:36:14,sc2404,sc2404,510.2,0.0,0.0,0.0,1,506.1,524.6,1,510.2,0.0,0.0,0.0,0.0,0.0,0
2023-05-11 09:36:36,sc2404,sc2404,510.2,0.0,0.0,0.0,1,506.1,524.6,1,510.2,0.0,0.0,0.0,0.0,0.0,0
2023-05-11 09:36:43,sc2404,sc2404,510.2,0.0,0.0,0.0,1,506.1,524.6,1,510.2,0.0,0.0,0.0,0.0,0.0,0
2023-05-11 09:36:43,sc2404,sc2404,510.2,0.0,0.0,0.0,1,506.1,524.6,1,510.2,0.0,0.0,0.0,0.0,0.0,0
2023-05-11 09:36:54,sc2404,sc2404,510.2,0.0,0.0,0.0,1,506.1,524.6,1,510.2,0.0,0.0,0.0,0.0,0.0,0
2023-05-11 09:36:58,sc2404,sc2404,510.2,0.0,0.0,0.0,1,506.1,524.5,2,510.2,0.0,0.0,0.0,0.0,0.0,0
2023-05-11 09:36:59,sc2404,sc2404,510.2,0.0,0.0,0.0,1,506.1,524.4,1,510.2,0.0,0.0,0.0,0.0,0.0,0
2023-05-11 09:36:59,sc2404,sc2404,510.2,0.0,0.0,0.0,1,506.1,524.5,2,510.2,0.0,0.0,0.0,0.0,0.0,0
2023-05-11 09:37:00,sc2404,sc2404,510.2,0.0,0.0,0.0,1,506.1,524.4,1,510.2,0.0,0.0,0.0,0.0,0.0,0
2023-05-11 09:37:01,sc2404,sc2404,510.2,0.0,0.0,0.0,1,506.1,524.5,2,510.2,0.0,0.0,0.0,0.0,0.0,0
2023-05-11 09:37:02,sc2404,sc2404,510.2,0.0,0.0,0.0,1,506.1,524.3,1,510.2,0.0,0.0,0.0,0.0,0.0,0
2023-05-11 09:37:02,sc2404,sc2404,510.2,0.0,0.0,0.0,1,506.1,524.4,1,510.2,0.0,0.0,0.0,0.0,0.0,0
2023-05-11 09:37:03,sc2404,sc2404,510.2,0.0,0.0,0.0,1,506.1,524.2,1,510.2,0.0,0.0,0.0,0.0,0.0,0
2023-05-11 09:37:03,sc2404,sc2404,510.2,0.0,0.0,0.0,1,506.1,524.3,1,510.2,0.0,0.0,0.0,0.0,0.0,0
2023-05-11 09:37:04,sc2404,sc2404,510.2,0.0,0.0,0.0,1,506.1,524.1,1,510.2,0.0,0.0,0.0,0.0,0.0,0
2023-05-11 09:37:04,sc2404,sc2404,510.2,0.0,0.0,0.0,1,506.1,524.2,1,510.2,0.0,0.0,0.0,0.0,0.0,0
2023-05-11 09:37:05,sc2404,sc2404,510.2,0.0,0.0,0.0,1,506.1,524.1,1,510.2,0.0,0.0,0.0,0.0,0.0,0
2023-05-11 09:37:41,sc2404,sc2404,510.2,0.0,0.0,0.0,1,506.1,524.1,1,510.2,0.0,0.0,0.0,0.0,0.0,0
2023-05-11 09:37:45,sc2404,sc2404,510.2,0.0,0.0,0.0,1,506.1,524.0,2,510.2,0.0,0.0,0.0,0.0,0.0,0
2023-05-11 09:37:46,sc2404,sc2404,510.2,0.0,0.0,0.0,1,506.1,524.0,2,510.2,0.0,0.0,0.0,0.0,0.0,0
2023-05-11 09:38:59,sc2404,sc2404,510.2,0.0,0.0,0.0,1,506.1,523.9,1,510.2,0.0,0.0,0.0,0.0,0.0,0
2023-05-11 09:39:00,sc2404,sc2404,510.2,0.0,0.0,0.0,1,506.1,523.8,1,510.2,0.0,0.0,0.0,0.0,0.0,0
2023-05-11 09:39:09,sc2404,sc2404,510.2,0.0,0.0,0.0,1,506.1,523.8,1,510.2,0.0,0.0,0.0,0.0,0.0,0
2023-05-11 09:39:16,sc2404,sc2404,510.2,0.0,0.0,0.0,2,506.2,523.8,1,510.2,0.0,0.0,0.0,0.0,0.0,0
2023-05-11 09:41:38,sc2404,sc2404,510.2,0.0,0.0,0.0,2,506.2,523.8,1,510.2,0.0,0.0,0.0,0.0,0.0,0
2023-05-11 09:41:38,sc2404,sc2404,510.2,0.0,0.0,0.0,2,506.2,523.8,1,510.2,0.0,0.0,0.0,0.0,0.0,0
2023-05-11 09:43:58,sc2404,sc2404,510.2,0.0,0.0,0.0,1,506.1,523.8,1,510.2,0.0,0.0,0.0,0.0,0.0,0
2023-05-11 09:44:24,sc2404,sc2404,510.2,0.0,0.0,0.0,1,506.1,523.7,2,510.2,0.0,0.0,0.0,0.0,0.0,0
2023-05-11 09:44:25,sc2404,sc2404,510.2,0.0,0.0,0.0,1,506.1,523.6,1,510.2,0.0,0.0,0.0,0.0,0.0,0
2023-05-11 09:44:51,sc2404,sc2404,510.2,0.0,0.0,0.0,1,506.1,523.6,1,510.2,0.0,0.0,0.0,0.0,0.0,0
2023-05-11 09:45:08,sc2404,sc2404,510.2,0.0,0.0,0.0,2,506.2,523.6,1,510.2,0.0,0.0,0.0,0.0,0.0,0
2023-05-11 09:50:09,sc2404,sc2404,510.2,0.0,0.0,0.0,1,506.1,523.6,1,510.2,0.0,0.0,0.0,0.0,0.0,0
2023-05-11 09:50:11,sc2404,sc2404,510.2,0.0,0.0,0.0,2,506.2,523.6,1,510.2,0.0,0.0,0.0,0.0,0.0,0
2023-05-11 09:55:12,sc2404,sc2404,510.2,0.0,0.0,0.0,1,506.1,523.6,1,510.2,0.0,0.0,0.0,0.0,0.0,0
2023-05-11 09:55:14,sc2404,sc2404,510.2,0.0,0.0,0.0,2,506.2,523.6,1,510.2,0.0,0.0,0.0,0.0,0.0,0
2023-05-11 10:00:14,sc2404,sc2404,510.2,0.0,0.0,0.0,1,506.1,523.6,1,510.2,0.0,0.0,0.0,0.0,0.0,0
2023-05-11 10:00:18,sc2404,sc2404,510.2,0.0,0.0,0.0,2,506.2,523.6,1,510.2,0.0,0.0,0.0,0.0,0.0,0
2023-05-11 10:05:18,sc2404,sc2404,510.2,0.0,0.0,0.0,1,506.1,523.6,1,510.2,0.0,0.0,0.0,0.0,0.0,0
2023-05-11 10:05:21,sc2404,sc2404,510.2,0.0,0.0,0.0,2,506.2,523.6,1,510.2,0.0,0.0,0.0,0.0,0.0,0
2023-05-11 10:06:58,sc2404,sc2404,510.2,0.0,0.0,0.0,2,506.2,523.6,1,510.2,0.0,0.0,0.0,0.0,0.0,0
2023-05-11 10:07:14,sc2404,sc2404,510.2,0.0,0.0,0.0,2,506.2,523.6,1,510.2,0.0,0.0,0.0,0.0,0.0,0
2023-05-11 10:10:21,sc2404,sc2404,510.2,0.0,0.0,0.0,1,506.1,523.6,1,510.2,0.0,0.0,0.0,0.0,0.0,0
2023-05-11 10:10:24,sc2404,sc2404,510.2,0.0,0.0,0.0,2,506.2,523.6,1,510.2,0.0,0.0,0.0,0.0,0.0,0
2023-05-11 10:13:10,sc2404,sc2404,510.2,0.0,0.0,0.0,2,506.2,523.6,1,510.2,0.0,0.0,0.0,0.0,0.0,0
2023-05-11 10:13:15,sc2404,sc2404,510.2,0.0,0.0,0.0,2,506.2,523.6,1,510.2,0.0,0.0,0.0,0.0,0.0,0
2023-05-11 10:13:17,sc2404,sc2404,510.2,0.0,0.0,0.0,2,506.2,523.6,1,510.2,0.0,0.0,0.0,0.0,0.0,0
2023-05-11 10:14:18,sc2404,sc2404,510.2,0.0,0.0,0.0,2,506.2,523.6,1,510.2,0.0,0.0,0.0,0.0,0.0,0
2023-05-11 10:14:24,sc2404,sc2404,510.2,0.0,0.0,0.0,2,506.2,523.6,1,510.2,0.0,0.0,0.0,0.0,0.0,0
2023-05-11 10:14:25,sc2404,sc2404,510.2,0.0,0.0,0.0,2,506.2,523.6,1,510.2,0.0,0.0,0.0,0.0,0.0,0
2023-05-11 10:14:56,sc2404,sc2404,510.2,0.0,0.0,0.0,2,506.2,523.6,1,510.2,0.0,0.0,0.0,0.0,0.0,0
2023-05-11 10:30:02,sc2404,sc2404,510.2,0.0,0.0,0.0,2,506.2,523.6,1,510.2,0.0,0.0,0.0,0.0,0.0,0
2023-05-11 10:30:03,sc2404,sc2404,510.2,0.0,0.0,0.0,2,506.2,523.6,1,510.2,0.0,0.0,0.0,0.0,0.0,0
2023-05-11 10:30:09,sc2404,sc2404,510.2,0.0,0.0,0.0,3,506.2,523.6,1,510.2,0.0,0.0,0.0,0.0,0.0,0
2023-05-11 10:30:13,sc2404,sc2404,510.2,0.0,0.0,0.0,1,506.2,523.6,1,510.2,0.0,0.0,0.0,0.0,0.0,0
2023-05-11 10:30:16,sc2404,sc2404,510.2,0.0,0.0,0.0,1,508.3,523.6,1,510.2,0.0,0.0,0.0,0.0,0.0,0
2023-05-11 10:30:18,sc2404,sc2404,510.2,0.0,0.0,0.0,1,508.3,523.6,1,510.2,0.0,0.0,0.0,0.0,0.0,0
2023-05-11 10:31:00,sc2404,sc2404,510.2,0.0,0.0,0.0,1,508.3,523.6,1,510.2,0.0,0.0,0.0,0.0,0.0,0
2023-05-11 10:31:01,sc2404,sc2404,510.2,0.0,0.0,0.0,1,508.3,523.5,1,510.2,0.0,0.0,0.0,0.0,0.0,0
2023-05-11 10:31:02,sc2404,sc2404,510.2,0.0,0.0,0.0,1,508.3,523.4,1,510.2,0.0,0.0,0.0,0.0,0.0,0
2023-05-11 10:31:02,sc2404,sc2404,510.2,0.0,0.0,0.0,1,508.3,523.3,1,510.2,0.0,0.0,0.0,0.0,0.0,0
2023-05-11 10:31:04,sc2404,sc2404,510.2,0.0,0.0,0.0,2,508.4,523.3,1,510.2,0.0,0.0,0.0,0.0,0.0,0
2023-05-11 10:36:04,sc2404,sc2404,510.2,0.0,0.0,0.0,1,508.3,523.3,1,510.2,0.0,0.0,0.0,0.0,0.0,0
2023-05-11 10:36:07,sc2404,sc2404,510.2,0.0,0.0,0.0,2,508.4,523.3,1,510.2,0.0,0.0,0.0,0.0,0.0,0
2023-05-11 10:41:05,sc2404,sc2404,510.2,0.0,0.0,0.0,1,508.3,523.3,1,510.2,0.0,0.0,0.0,0.0,0.0,0
2023-05-11 10:41:14,sc2404,sc2404,510.2,0.0,0.0,0.0,2,508.4,523.3,1,510.2,0.0,0.0,0.0,0.0,0.0,0
2023-05-11 10:41:17,sc2404,sc2404,510.2,0.0,0.0,0.0,1,508.3,523.3,1,510.2,0.0,0.0,0.0,0.0,0.0,0
2023-05-11 10:41:59,sc2404,sc2404,510.2,0.0,0.0,0.0,2,508.4,523.3,1,510.2,0.0,0.0,0.0,0.0,0.0,0
2023-05-11 10:43:27,sc2404,sc2404,510.2,0.0,0.0,0.0,1,508.3,523.3,1,510.2,0.0,0.0,0.0,0.0,0.0,0
2023-05-11 10:44:07,sc2404,sc2404,510.2,0.0,0.0,0.0,1,508.3,523.2,2,510.2,0.0,0.0,0.0,0.0,0.0,0
2023-05-11 10:44:08,sc2404,sc2404,510.2,0.0,0.0,0.0,1,508.3,523.1,1,510.2,0.0,0.0,0.0,0.0,0.0,0
2023-05-11 10:44:47,sc2404,sc2404,510.2,0.0,0.0,0.0,1,508.3,523.1,1,510.2,0.0,0.0,0.0,0.0,0.0,0
2023-05-11 10:44:52,sc2404,sc2404,510.2,0.0,0.0,0.0,1,508.3,523.0,2,510.2,0.0,0.0,0.0,0.0,0.0,0
2023-05-11 10:44:52,sc2404,sc2404,510.2,0.0,0.0,0.0,1,508.3,523.0,2,510.2,0.0,0.0,0.0,0.0,0.0,0
2023-05-11 10:44:56,sc2404,sc2404,510.2,0.0,0.0,0.0,1,508.3,523.5,1,510.2,0.0,0.0,0.0,0.0,0.0,0
2023-05-11 10:44:57,sc2404,sc2404,510.2,0.0,0.0,0.0,1,508.3,523.4,1,510.2,0.0,0.0,0.0,0.0,0.0,0
2023-05-11 10:44:57,sc2404,sc2404,510.2,0.0,0.0,0.0,1,508.3,523.3,1,510.2,0.0,0.0,0.0,0.0,0.0,0
2023-05-11 10:45:35,sc2404,sc2404,510.2,0.0,0.0,0.0,2,508.4,523.3,1,510.2,0.0,0.0,0.0,0.0,0.0,0
2023-05-11 10:47:05,sc2404,sc2404,510.2,0.0,0.0,0.0,1,508.3,523.3,1,510.2,0.0,0.0,0.0,0.0,0.0,0
2023-05-11 10:47:46,sc2404,sc2404,510.2,0.0,0.0,0.0,2,508.4,523.3,1,510.2,0.0,0.0,0.0,0.0,0.0,0
2023-05-11 10:50:44,sc2404,sc2404,510.2,0.0,0.0,0.0,1,508.3,523.3,1,510.2,0.0,0.0,0.0,0.0,0.0,0
2023-05-11 10:51:26,sc2404,sc2404,510.2,0.0,0.0,0.0,1,508.3,523.2,2,510.2,0.0,0.0,0.0,0.0,0.0,0
2023-05-11 10:51:26,sc2404,sc2404,510.2,0.0,0.0,0.0,1,508.3,523.1,1,510.2,0.0,0.0,0.0,0.0,0.0,0
2023-05-11 10:52:06,sc2404,sc2404,510.2,0.0,0.0,0.0,1,508.3,523.1,1,510.2,0.0,0.0,0.0,0.0,0.0,0
2023-05-11 10:52:11,sc2404,sc2404,510.2,0.0,0.0,0.0,1,508.3,523.0,2,510.2,0.0,0.0,0.0,0.0,0.0,0
2023-05-11 10:52:12,sc2404,sc2404,510.2,0.0,0.0,0.0,1,508.3,523.0,2,510.2,0.0,0.0,0.0,0.0,0.0,0
2023-05-11 10:57:10,sc2404,sc2404,510.2,0.0,0.0,0.0,1,508.3,523.5,1,510.2,0.0,0.0,0.0,0.0,0.0,0
2023-05-11 10:57:10,sc2404,sc2404,510.2,0.0,0.0,0.0,1,508.3,523.4,1,510.2,0.0,0.0,0.0,0.0,0.0,0
2023-05-11 10:57:11,sc2404,sc2404,510.2,0.0,0.0,0.0,1,508.3,523.3,1,510.2,0.0,0.0,0.0,0.0,0.0,0
2023-05-11 10:57:17,sc2404,sc2404,510.2,0.0,0.0,0.0,1,508.3,523.2,2,510.2,0.0,0.0,0.0,0.0,0.0,0
2023-05-11 10:57:18,sc2404,sc2404,510.2,0.0,0.0,0.0,1,508.3,523.1,1,510.2,0.0,0.0,0.0,0.0,0.0,0
2023-05-11 10:57:57,sc2404,sc2404,510.2,0.0,0.0,0.0,1,508.3,523.1,1,510.2,0.0,0.0,0.0,0.0,0.0,0
2023-05-11 10:58:00,sc2404,sc2404,510.2,0.0,0.0,0.0,1,508.3,523.0,2,510.2,0.0,0.0,0.0,0.0,0.0,0
2023-05-11 10:58:01,sc2404,sc2404,510.2,0.0,0.0,0.0,1,508.3,523.0,2,510.2,0.0,0.0,0.0,0.0,0.0,0
2023-05-11 11:03:00,sc2404,sc2404,510.2,0.0,0.0,0.0,1,508.3,523.5,1,510.2,0.0,0.0,0.0,0.0,0.0,0
2023-05-11 11:03:01,sc2404,sc2404,510.2,0.0,0.0,0.0,1,508.3,523.4,1,510.2,0.0,0.0,0.0,0.0,0.0,0
2023-05-11 11:03:01,sc2404,sc2404,510.2,0.0,0.0,0.0,1,508.3,523.3,1,510.2,0.0,0.0,0.0,0.0,0.0,0
2023-05-11 11:03:06,sc2404,sc2404,510.2,0.0,0.0,0.0,1,508.3,523.2,2,510.2,0.0,0.0,0.0,0.0,0.0,0
2023-05-11 11:03:07,sc2404,sc2404,510.2,0.0,0.0,0.0,1,508.3,523.1,1,510.2,0.0,0.0,0.0,0.0,0.0,0
2023-05-11 11:03:46,sc2404,sc2404,510.2,0.0,0.0,0.0,1,508.3,523.1,1,510.2,0.0,0.0,0.0,0.0,0.0,0
2023-05-11 11:03:51,sc2404,sc2404,510.2,0.0,0.0,0.0,1,508.3,523.0,2,510.2,0.0,0.0,0.0,0.0,0.0,0
2023-05-11 11:03:51,sc2404,sc2404,510.2,0.0,0.0,0.0,1,508.3,523.0,2,510.2,0.0,0.0,0.0,0.0,0.0,0
2023-05-11 11:03:55,sc2404,sc2404,510.2,0.0,0.0,0.0,1,508.3,523.5,1,510.2,0.0,0.0,0.0,0.0,0.0,0
2023-05-11 11:03:55,sc2404,sc2404,510.2,0.0,0.0,0.0,1,508.3,523.4,1,510.2,0.0,0.0,0.0,0.0,0.0,0
2023-05-11 11:03:56,sc2404,sc2404,510.2,0.0,0.0,0.0,1,508.3,523.3,1,510.2,0.0,0.0,0.0,0.0,0.0,0
2023-05-11 11:04:36,sc2404,sc2404,510.2,0.0,0.0,0.0,2,508.4,523.3,1,510.2,0.0,0.0,0.0,0.0,0.0,0
2023-05-11 11:05:46,sc2404,sc2404,510.2,0.0,0.0,0.0,2,508.4,523.3,1,510.2,0.0,0.0,0.0,0.0,0.0,0
2023-05-11 11:05:46,sc2404,sc2404,510.2,0.0,0.0,0.0,2,508.4,523.3,1,510.2,0.0,0.0,0.0,0.0,0.0,0
2023-05-11 11:06:09,sc2404,sc2404,510.2,0.0,0.0,0.0,2,508.4,523.3,1,510.2,0.0,0.0,0.0,0.0,0.0,0
2023-05-11 11:06:23,sc2404,sc2404,510.2,0.0,0.0,0.0,2,508.4,523.2,1,510.2,0.0,0.0,0.0,0.0,0.0,0
2023-05-11 11:06:23,sc2404,sc2404,510.2,0.0,0.0,0.0,2,508.4,523.1,1,510.2,0.0,0.0,0.0,0.0,0.0,0
2023-05-11 11:06:34,sc2404,sc2404,510.2,0.0,0.0,0.0,2,508.4,523.1,1,510.2,0.0,0.0,0.0,0.0,0.0,0
2023-05-11 11:09:36,sc2404,sc2404,510.2,0.0,0.0,0.0,1,508.3,523.1,1,510.2,0.0,0.0,0.0,0.0,0.0,0
2023-05-11 11:09:45,sc2404,sc2404,510.2,0.0,0.0,0.0,2,508.4,523.1,1,510.2,0.0,0.0,0.0,0.0,0.0,0
2023-05-11 11:14:45,sc2404,sc2404,510.2,0.0,0.0,0.0,1,508.3,523.1,1,510.2,0.0,0.0,0.0,0.0,0.0,0
