time,symbol_id,symbol_name,last,trade_volume,trade_amount,open_interest_change,bv1,bp1,ap1,av1,yesterday_close,today_open,today_high,today_low,volume,amount,open_interest
2023-05-10 20:59:00,sc2509,sc2509,500.9,0.0,0.0,0.0,1,442.9,559.3,1,500.9,0.0,0.0,0.0,0.0,0.0,11
2023-05-10 21:00:01,sc2509,sc2509,500.9,0.0,0.0,0.0,1,443.1,559.1,1,500.9,0.0,0.0,0.0,0.0,0.0,11
2023-05-10 21:00:05,sc2509,sc2509,500.9,0.0,0.0,0.0,1,502.1,534.8,1,500.9,0.0,0.0,0.0,0.0,0.0,11
2023-05-10 21:00:06,sc2509,sc2509,500.9,0.0,0.0,0.0,1,502.1,534.8,1,500.9,0.0,0.0,0.0,0.0,0.0,11
2023-05-10 21:00:14,sc2509,sc2509,500.9,0.0,0.0,0.0,1,504.4,532.3,1,500.9,0.0,0.0,0.0,0.0,0.0,11
2023-05-10 21:00:18,sc2509,sc2509,500.9,0.0,0.0,0.0,1,504.4,532.3,1,500.9,0.0,0.0,0.0,0.0,0.0,11
2023-05-10 21:00:31,sc2509,sc2509,500.9,0.0,0.0,0.0,1,504.4,532.2,1,500.9,0.0,0.0,0.0,0.0,0.0,11
2023-05-10 21:00:57,sc2509,sc2509,500.9,0.0,0.0,0.0,1,504.4,532.2,1,500.9,0.0,0.0,0.0,0.0,0.0,11
2023-05-10 21:01:03,sc2509,sc2509,500.9,0.0,0.0,0.0,1,504.4,532.1,2,500.9,0.0,0.0,0.0,0.0,0.0,11
2023-05-10 21:01:04,sc2509,sc2509,500.9,0.0,0.0,0.0,1,504.4,532.1,2,500.9,0.0,0.0,0.0,0.0,0.0,11
2023-05-10 21:01:04,sc2509,sc2509,500.9,0.0,0.0,0.0,1,504.4,532.0,1,500.9,0.0,0.0,0.0,0.0,0.0,11
2023-05-10 21:01:07,sc2509,sc2509,500.9,0.0,0.0,0.0,1,504.4,532.0,1,500.9,0.0,0.0,0.0,0.0,0.0,11
2023-05-10 21:01:09,sc2509,sc2509,500.9,0.0,0.0,0.0,1,504.4,532.0,1,500.9,0.0,0.0,0.0,0.0,0.0,11
2023-05-10 21:01:42,sc2509,sc2509,500.9,0.0,0.0,0.0,1,504.4,532.0,1,500.9,0.0,0.0,0.0,0.0,0.0,11
2023-05-10 21:01:47,sc2509,sc2509,500.9,0.0,0.0,0.0,1,504.4,531.9,2,500.9,0.0,0.0,0.0,0.0,0.0,11
2023-05-10 21:01:48,sc2509,sc2509,500.9,0.0,0.0,0.0,1,504.4,531.9,2,500.9,0.0,0.0,0.0,0.0,0.0,11
2023-05-10 21:01:48,sc2509,sc2509,500.9,0.0,0.0,0.0,1,504.4,531.8,1,500.9,0.0,0.0,0.0,0.0,0.0,11
2023-05-10 21:02:26,sc2509,sc2509,500.9,0.0,0.0,0.0,1,504.4,531.8,1,500.9,0.0,0.0,0.0,0.0,0.0,11
2023-05-10 21:02:33,sc2509,sc2509,500.9,0.0,0.0,0.0,1,504.4,531.7,2,500.9,0.0,0.0,0.0,0.0,0.0,11
2023-05-10 21:02:34,sc2509,sc2509,500.9,0.0,0.0,0.0,1,504.4,531.7,2,500.9,0.0,0.0,0.0,0.0,0.0,11
2023-05-10 21:02:34,sc2509,sc2509,500.9,0.0,0.0,0.0,1,504.4,531.6,1,500.9,0.0,0.0,0.0,0.0,0.0,11
2023-05-10 21:02:48,sc2509,sc2509,500.9,0.0,0.0,0.0,1,504.4,531.5,1,500.9,0.0,0.0,0.0,0.0,0.0,11
2023-05-10 21:02:49,sc2509,sc2509,500.9,0.0,0.0,0.0,1,504.4,531.5,1,500.9,0.0,0.0,0.0,0.0,0.0,11
2023-05-10 21:02:49,sc2509,sc2509,500.9,0.0,0.0,0.0,1,504.4,531.4,1,500.9,0.0,0.0,0.0,0.0,0.0,11
2023-05-10 21:02:50,sc2509,sc2509,500.9,0.0,0.0,0.0,1,504.4,531.3,1,500.9,0.0,0.0,0.0,0.0,0.0,11
2023-05-10 21:02:50,sc2509,sc2509,500.9,0.0,0.0,0.0,1,504.4,531.3,1,500.9,0.0,0.0,0.0,0.0,0.0,11
2023-05-10 21:02:51,sc2509,sc2509,500.9,0.0,0.0,0.0,1,504.4,531.2,1,500.9,0.0,0.0,0.0,0.0,0.0,11
2023-05-10 21:02:51,sc2509,sc2509,500.9,0.0,0.0,0.0,1,504.4,531.1,1,500.9,0.0,0.0,0.0,0.0,0.0,11
2023-05-10 21:02:52,sc2509,sc2509,500.9,0.0,0.0,0.0,1,504.4,531.1,1,500.9,0.0,0.0,0.0,0.0,0.0,11
2023-05-10 21:02:52,sc2509,sc2509,500.9,0.0,0.0,0.0,1,504.4,531.0,1,500.9,0.0,0.0,0.0,0.0,0.0,11
2023-05-10 21:02:53,sc2509,sc2509,500.9,0.0,0.0,0.0,1,504.4,530.9,1,500.9,0.0,0.0,0.0,0.0,0.0,11
2023-05-10 21:02:53,sc2509,sc2509,500.9,0.0,0.0,0.0,1,504.4,530.8,1,500.9,0.0,0.0,0.0,0.0,0.0,11
2023-05-10 21:02:54,sc2509,sc2509,500.9,0.0,0.0,0.0,1,504.4,530.8,2,500.9,0.0,0.0,0.0,0.0,0.0,11
2023-05-10 21:03:12,sc2509,sc2509,500.9,0.0,0.0,0.0,1,504.4,530.8,2,500.9,0.0,0.0,0.0,0.0,0.0,11
2023-05-10 21:03:16,sc2509,sc2509,500.9,0.0,0.0,0.0,1,504.4,530.7,2,500.9,0.0,0.0,0.0,0.0,0.0,11
2023-05-10 21:03:17,sc2509,sc2509,500.9,0.0,0.0,0.0,1,504.4,530.6,1,500.9,0.0,0.0,0.0,0.0,0.0,11
2023-05-10 21:03:17,sc2509,sc2509,500.9,0.0,0.0,0.0,1,504.4,530.6,2,500.9,0.0,0.0,0.0,0.0,0.0,11
2023-05-10 21:03:55,sc2509,sc2509,500.9,0.0,0.0,0.0,1,504.4,530.6,2,500.9,0.0,0.0,0.0,0.0,0.0,11
2023-05-10 21:04:02,sc2509,sc2509,500.9,0.0,0.0,0.0,1,504.4,530.5,2,500.9,0.0,0.0,0.0,0.0,0.0,11
2023-05-10 21:04:03,sc2509,sc2509,500.9,0.0,0.0,0.0,1,504.4,530.4,1,500.9,0.0,0.0,0.0,0.0,0.0,11
2023-05-10 21:04:03,sc2509,sc2509,500.9,0.0,0.0,0.0,1,504.4,530.3,1,500.9,0.0,0.0,0.0,0.0,0.0,11
2023-05-10 21:04:04,sc2509,sc2509,500.9,0.0,0.0,0.0,1,504.4,530.3,1,500.9,0.0,0.0,0.0,0.0,0.0,11
2023-05-10 21:04:04,sc2509,sc2509,500.9,0.0,0.0,0.0,1,504.4,530.2,1,500.9,0.0,0.0,0.0,0.0,0.0,11
2023-05-10 21:04:05,sc2509,sc2509,500.9,0.0,0.0,0.0,1,504.4,530.1,1,500.9,0.0,0.0,0.0,0.0,0.0,11
2023-05-10 21:04:05,sc2509,sc2509,500.9,0.0,0.0,0.0,1,504.4,530.1,1,500.9,0.0,0.0,0.0,0.0,0.0,11
2023-05-10 21:04:06,sc2509,sc2509,500.9,0.0,0.0,0.0,1,504.4,530.0,1,500.9,0.0,0.0,0.0,0.0,0.0,11
2023-05-10 21:04:06,sc2509,sc2509,500.9,0.0,0.0,0.0,1,504.4,529.9,1,500.9,0.0,0.0,0.0,0.0,0.0,11
2023-05-10 21:04:07,sc2509,sc2509,500.9,0.0,0.0,0.0,1,504.4,529.8,1,500.9,0.0,0.0,0.0,0.0,0.0,11
2023-05-10 21:04:07,sc2509,sc2509,500.9,0.0,0.0,0.0,1,504.4,529.8,2,500.9,0.0,0.0,0.0,0.0,0.0,11
2023-05-10 21:04:41,sc2509,sc2509,500.9,0.0,0.0,0.0,1,504.4,529.8,2,500.9,0.0,0.0,0.0,0.0,0.0,11
2023-05-10 21:04:48,sc2509,sc2509,500.9,0.0,0.0,0.0,1,504.4,529.7,2,500.9,0.0,0.0,0.0,0.0,0.0,11
2023-05-10 21:04:48,sc2509,sc2509,500.9,0.0,0.0,0.0,1,504.4,529.6,1,500.9,0.0,0.0,0.0,0.0,0.0,11
2023-05-10 21:04:49,sc2509,sc2509,500.9,0.0,0.0,0.0,1,504.4,529.6,2,500.9,0.0,0.0,0.0,0.0,0.0,11
2023-05-10 21:05:27,sc2509,sc2509,500.9,0.0,0.0,0.0,1,504.4,529.6,2,500.9,0.0,0.0,0.0,0.0,0.0,11
2023-05-10 21:05:33,sc2509,sc2509,500.9,0.0,0.0,0.0,1,504.4,529.5,2,500.9,0.0,0.0,0.0,0.0,0.0,11
2023-05-10 21:05:33,sc2509,sc2509,500.9,0.0,0.0,0.0,1,504.4,529.4,1,500.9,0.0,0.0,0.0,0.0,0.0,11
2023-05-10 21:05:34,sc2509,sc2509,500.9,0.0,0.0,0.0,1,504.4,529.3,1,500.9,0.0,0.0,0.0,0.0,0.0,11
2023-05-10 21:05:34,sc2509,sc2509,500.9,0.0,0.0,0.0,1,504.4,529.3,1,500.9,0.0,0.0,0.0,0.0,0.0,11
2023-05-10 21:05:35,sc2509,sc2509,500.9,0.0,0.0,0.0,1,504.4,529.2,1,500.9,0.0,0.0,0.0,0.0,0.0,11
2023-05-10 21:05:35,sc2509,sc2509,500.9,0.0,0.0,0.0,1,504.4,529.1,1,500.9,0.0,0.0,0.0,0.0,0.0,11
2023-05-10 21:05:36,sc2509,sc2509,500.9,0.0,0.0,0.0,1,504.4,529.1,1,500.9,0.0,0.0,0.0,0.0,0.0,11
2023-05-10 21:05:36,sc2509,sc2509,500.9,0.0,0.0,0.0,1,504.4,529.0,1,500.9,0.0,0.0,0.0,0.0,0.0,11
2023-05-10 21:05:37,sc2509,sc2509,500.9,0.0,0.0,0.0,1,504.4,528.9,1,500.9,0.0,0.0,0.0,0.0,0.0,11
2023-05-10 21:05:37,sc2509,sc2509,500.9,0.0,0.0,0.0,1,504.4,528.8,1,500.9,0.0,0.0,0.0,0.0,0.0,11
2023-05-10 21:05:38,sc2509,sc2509,500.9,0.0,0.0,0.0,1,504.4,528.8,2,500.9,0.0,0.0,0.0,0.0,0.0,11
2023-05-10 21:06:12,sc2509,sc2509,500.9,0.0,0.0,0.0,1,504.4,528.8,2,500.9,0.0,0.0,0.0,0.0,0.0,11
2023-05-10 21:06:18,sc2509,sc2509,500.9,0.0,0.0,0.0,1,504.4,528.7,2,500.9,0.0,0.0,0.0,0.0,0.0,11
2023-05-10 21:06:18,sc2509,sc2509,500.9,0.0,0.0,0.0,1,504.4,528.6,1,500.9,0.0,0.0,0.0,0.0,0.0,11
2023-05-10 21:06:19,sc2509,sc2509,500.9,0.0,0.0,0.0,1,504.4,528.6,2,500.9,0.0,0.0,0.0,0.0,0.0,11
2023-05-10 21:06:56,sc2509,sc2509,500.9,0.0,0.0,0.0,1,504.4,528.6,2,500.9,0.0,0.0,0.0,0.0,0.0,11
2023-05-10 21:07:01,sc2509,sc2509,500.9,0.0,0.0,0.0,1,504.4,528.5,2,500.9,0.0,0.0,0.0,0.0,0.0,11
2023-05-10 21:07:02,sc2509,sc2509,500.9,0.0,0.0,0.0,1,504.4,528.4,1,500.9,0.0,0.0,0.0,0.0,0.0,11
2023-05-10 21:07:02,sc2509,sc2509,500.9,0.0,0.0,0.0,1,504.4,528.3,1,500.9,0.0,0.0,0.0,0.0,0.0,11
2023-05-10 21:07:03,sc2509,sc2509,500.9,0.0,0.0,0.0,1,504.4,528.3,1,500.9,0.0,0.0,0.0,0.0,0.0,11
2023-05-10 21:07:03,sc2509,sc2509,500.9,0.0,0.0,0.0,1,504.4,528.2,1,500.9,0.0,0.0,0.0,0.0,0.0,11
2023-05-10 21:07:04,sc2509,sc2509,500.9,0.0,0.0,0.0,1,504.4,528.1,1,500.9,0.0,0.0,0.0,0.0,0.0,11
2023-05-10 21:07:04,sc2509,sc2509,500.9,0.0,0.0,0.0,1,504.4,528.1,1,500.9,0.0,0.0,0.0,0.0,0.0,11
2023-05-10 21:07:05,sc2509,sc2509,500.9,0.0,0.0,0.0,1,504.4,528.0,1,500.9,0.0,0.0,0.0,0.0,0.0,11
2023-05-10 21:07:05,sc2509,sc2509,500.9,0.0,0.0,0.0,1,504.4,527.9,1,500.9,0.0,0.0,0.0,0.0,0.0,11
2023-05-10 21:07:06,sc2509,sc2509,500.9,0.0,0.0,0.0,1,504.4,527.8,1,500.9,0.0,0.0,0.0,0.0,0.0,11
2023-05-10 21:07:06,sc2509,sc2509,500.9,0.0,0.0,0.0,1,504.4,527.8,2,500.9,0.0,0.0,0.0,0.0,0.0,11
2023-05-10 21:07:40,sc2509,sc2509,500.9,0.0,0.0,0.0,1,504.4,527.8,2,500.9,0.0,0.0,0.0,0.0,0.0,11
2023-05-10 21:07:45,sc2509,sc2509,500.9,0.0,0.0,0.0,1,504.4,527.7,2,500.9,0.0,0.0,0.0,0.0,0.0,11
2023-05-10 21:07:46,sc2509,sc2509,500.9,0.0,0.0,0.0,1,504.4,527.6,1,500.9,0.0,0.0,0.0,0.0,0.0,11
2023-05-10 21:07:46,sc2509,sc2509,500.9,0.0,0.0,0.0,1,504.4,527.6,2,500.9,0.0,0.0,0.0,0.0,0.0,11
2023-05-10 21:08:24,sc2509,sc2509,500.9,0.0,0.0,0.0,1,504.4,527.6,2,500.9,0.0,0.0,0.0,0.0,0.0,11
2023-05-10 21:08:29,sc2509,sc2509,500.9,0.0,0.0,0.0,1,504.4,527.5,2,500.9,0.0,0.0,0.0,0.0,0.0,11
2023-05-10 21:08:30,sc2509,sc2509,500.9,0.0,0.0,0.0,1,504.4,527.4,1,500.9,0.0,0.0,0.0,0.0,0.0,11
2023-05-10 21:08:30,sc2509,sc2509,500.9,0.0,0.0,0.0,1,504.4,527.3,1,500.9,0.0,0.0,0.0,0.0,0.0,11
2023-05-10 21:08:31,sc2509,sc2509,500.9,0.0,0.0,0.0,1,504.4,527.3,1,500.9,0.0,0.0,0.0,0.0,0.0,11
2023-05-10 21:08:31,sc2509,sc2509,500.9,0.0,0.0,0.0,1,504.4,527.2,1,500.9,0.0,0.0,0.0,0.0,0.0,11
2023-05-10 21:08:32,sc2509,sc2509,500.9,0.0,0.0,0.0,1,504.4,527.1,1,500.9,0.0,0.0,0.0,0.0,0.0,11
2023-05-10 21:08:32,sc2509,sc2509,500.9,0.0,0.0,0.0,1,504.4,527.1,1,500.9,0.0,0.0,0.0,0.0,0.0,11
2023-05-10 21:08:33,sc2509,sc2509,500.9,0.0,0.0,0.0,1,504.4,527.0,1,500.9,0.0,0.0,0.0,0.0,0.0,11
2023-05-10 21:08:33,sc2509,sc2509,500.9,0.0,0.0,0.0,1,504.4,526.9,1,500.9,0.0,0.0,0.0,0.0,0.0,11
2023-05-10 21:08:34,sc2509,sc2509,500.9,0.0,0.0,0.0,1,504.4,526.8,1,500.9,0.0,0.0,0.0,0.0,0.0,11
2023-05-10 21:08:34,sc2509,sc2509,500.9,0.0,0.0,0.0,1,504.4,526.8,2,500.9,0.0,0.0,0.0,0.0,0.0,11
2023-05-10 21:09:08,sc2509,sc2509,500.9,0.0,0.0,0.0,1,504.4,526.8,2,500.9,0.0,0.0,0.0,0.0,0.0,11
2023-05-10 21:09:13,sc2509,sc2509,500.9,0.0,0.0,0.0,1,504.4,526.7,2,500.9,0.0,0.0,0.0,0.0,0.0,11
2023-05-10 21:09:14,sc2509,sc2509,500.9,0.0,0.0,0.0,1,504.4,526.6,1,500.9,0.0,0.0,0.0,0.0,0.0,11
2023-05-10 21:09:14,sc2509,sc2509,500.9,0.0,0.0,0.0,1,504.4,526.6,2,500.9,0.0,0.0,0.0,0.0,0.0,11
2023-05-10 21:09:52,sc2509,sc2509,500.9,0.0,0.0,0.0,1,504.4,526.6,2,500.9,0.0,0.0,0.0,0.0,0.0,11
2023-05-10 21:09:58,sc2509,sc2509,500.9,0.0,0.0,0.0,1,504.4,526.5,2,500.9,0.0,0.0,0.0,0.0,0.0,11
2023-05-10 21:09:58,sc2509,sc2509,500.9,0.0,0.0,0.0,1,504.4,526.4,1,500.9,0.0,0.0,0.0,0.0,0.0,11
2023-05-10 21:09:59,sc2509,sc2509,500.9,0.0,0.0,0.0,1,504.4,526.3,2,500.9,0.0,0.0,0.0,0.0,0.0,11
2023-05-10 21:10:37,sc2509,sc2509,500.9,0.0,0.0,0.0,1,504.4,526.3,2,500.9,0.0,0.0,0.0,0.0,0.0,11
2023-05-10 21:10:42,sc2509,sc2509,500.9,0.0,0.0,0.0,1,504.4,526.2,2,500.9,0.0,0.0,0.0,0.0,0.0,11
2023-05-10 21:10:43,sc2509,sc2509,500.9,0.0,0.0,0.0,1,504.4,526.1,1,500.9,0.0,0.0,0.0,0.0,0.0,11
2023-05-10 21:10:43,sc2509,sc2509,500.9,0.0,0.0,0.0,1,504.4,526.1,2,500.9,0.0,0.0,0.0,0.0,0.0,11
2023-05-10 21:11:21,sc2509,sc2509,500.9,0.0,0.0,0.0,1,504.4,526.1,2,500.9,0.0,0.0,0.0,0.0,0.0,11
2023-05-10 21:11:26,sc2509,sc2509,500.9,0.0,0.0,0.0,1,504.4,526.0,2,500.9,0.0,0.0,0.0,0.0,0.0,11
2023-05-10 21:11:27,sc2509,sc2509,500.9,0.0,0.0,0.0,1,504.4,525.9,1,500.9,0.0,0.0,0.0,0.0,0.0,11
2023-05-10 21:11:27,sc2509,sc2509,500.9,0.0,0.0,0.0,1,504.4,525.8,1,500.9,0.0,0.0,0.0,0.0,0.0,11
2023-05-10 21:11:28,sc2509,sc2509,500.9,0.0,0.0,0.0,1,504.4,525.8,1,500.9,0.0,0.0,0.0,0.0,0.0,11
2023-05-10 21:11:28,sc2509,sc2509,500.9,0.0,0.0,0.0,1,504.4,525.7,1,500.9,0.0,0.0,0.0,0.0,0.0,11
2023-05-10 21:11:29,sc2509,sc2509,500.9,0.0,0.0,0.0,1,504.4,525.6,1,500.9,0.0,0.0,0.0,0.0,0.0,11
2023-05-10 21:11:29,sc2509,sc2509,500.9,0.0,0.0,0.0,1,504.4,525.6,1,500.9,0.0,0.0,0.0,0.0,0.0,11
2023-05-10 21:11:30,sc2509,sc2509,500.9,0.0,0.0,0.0,1,504.4,525.5,1,500.9,0.0,0.0,0.0,0.0,0.0,11
2023-05-10 21:11:30,sc2509,sc2509,500.9,0.0,0.0,0.0,1,504.4,525.4,1,500.9,0.0,0.0,0.0,0.0,0.0,11
2023-05-10 21:11:31,sc2509,sc2509,500.9,0.0,0.0,0.0,1,504.4,525.3,1,500.9,0.0,0.0,0.0,0.0,0.0,11
2023-05-10 21:11:31,sc2509,sc2509,500.9,0.0,0.0,0.0,1,504.4,525.3,2,500.9,0.0,0.0,0.0,0.0,0.0,11
2023-05-10 21:12:09,sc2509,sc2509,500.9,0.0,0.0,0.0,2,504.5,525.3,2,500.9,0.0,0.0,0.0,0.0,0.0,11
2023-05-10 21:12:17,sc2509,sc2509,500.9,0.0,0.0,0.0,1,504.4,525.3,2,500.9,0.0,0.0,0.0,0.0,0.0,11
2023-05-10 21:12:53,sc2509,sc2509,500.9,0.0,0.0,0.0,1,504.4,525.2,2,500.9,0.0,0.0,0.0,0.0,0.0,11
2023-05-10 21:12:53,sc2509,sc2509,500.9,0.0,0.0,0.0,1,504.4,525.1,1,500.9,0.0,0.0,0.0,0.0,0.0,11
2023-05-10 21:12:54,sc2509,sc2509,500.9,0.0,0.0,0.0,1,504.4,525.1,2,500.9,0.0,0.0,0.0,0.0,0.0,11
2023-05-10 21:13:30,sc2509,sc2509,500.9,0.0,0.0,0.0,1,504.4,525.1,2,500.9,0.0,0.0,0.0,0.0,0.0,11
2023-05-10 21:13:36,sc2509,sc2509,500.9,0.0,0.0,0.0,1,504.4,525.0,2,500.9,0.0,0.0,0.0,0.0,0.0,11
2023-05-10 21:13:37,sc2509,sc2509,500.9,0.0,0.0,0.0,1,504.4,524.9,1,500.9,0.0,0.0,0.0,0.0,0.0,11
2023-05-10 21:13:37,sc2509,sc2509,500.9,0.0,0.0,0.0,1,504.4,524.8,1,500.9,0.0,0.0,0.0,0.0,0.0,11
2023-05-10 21:13:38,sc2509,sc2509,500.9,0.0,0.0,0.0,1,504.4,524.8,1,500.9,0.0,0.0,0.0,0.0,0.0,11
2023-05-10 21:13:38,sc2509,sc2509,500.9,0.0,0.0,0.0,1,504.4,524.7,1,500.9,0.0,0.0,0.0,0.0,0.0,11
2023-05-10 21:13:39,sc2509,sc2509,500.9,0.0,0.0,0.0,1,504.4,524.6,1,500.9,0.0,0.0,0.0,0.0,0.0,11
2023-05-10 21:13:39,sc2509,sc2509,500.9,0.0,0.0,0.0,1,504.4,524.6,1,500.9,0.0,0.0,0.0,0.0,0.0,11
2023-05-10 21:13:40,sc2509,sc2509,500.9,0.0,0.0,0.0,1,504.4,524.5,1,500.9,0.0,0.0,0.0,0.0,0.0,11
2023-05-10 21:13:40,sc2509,sc2509,500.9,0.0,0.0,0.0,1,504.4,524.4,1,500.9,0.0,0.0,0.0,0.0,0.0,11
2023-05-10 21:13:41,sc2509,sc2509,500.9,0.0,0.0,0.0,1,504.4,524.3,1,500.9,0.0,0.0,0.0,0.0,0.0,11
2023-05-10 21:13:41,sc2509,sc2509,500.9,0.0,0.0,0.0,1,504.4,524.3,2,500.9,0.0,0.0,0.0,0.0,0.0,11
2023-05-10 21:14:20,sc2509,sc2509,500.9,0.0,0.0,0.0,1,504.4,524.2,2,500.9,0.0,0.0,0.0,0.0,0.0,11
2023-05-10 21:14:20,sc2509,sc2509,500.9,0.0,0.0,0.0,1,504.4,524.1,1,500.9,0.0,0.0,0.0,0.0,0.0,11
2023-05-10 21:14:21,sc2509,sc2509,500.9,0.0,0.0,0.0,1,504.4,524.1,2,500.9,0.0,0.0,0.0,0.0,0.0,11
2023-05-10 21:14:40,sc2509,sc2509,500.9,0.0,0.0,0.0,1,504.4,524.1,2,500.9,0.0,0.0,0.0,0.0,0.0,11
2023-05-10 21:15:04,sc2509,sc2509,500.9,0.0,0.0,0.0,1,504.4,524.0,2,500.9,0.0,0.0,0.0,0.0,0.0,11
2023-05-10 21:15:05,sc2509,sc2509,500.9,0.0,0.0,0.0,1,504.4,524.0,2,500.9,0.0,0.0,0.0,0.0,0.0,11
2023-05-10 21:15:05,sc2509,sc2509,500.9,0.0,0.0,0.0,1,504.4,523.9,1,500.9,0.0,0.0,0.0,0.0,0.0,11
2023-05-10 21:15:28,sc2509,sc2509,500.9,0.0,0.0,0.0,1,504.4,523.9,1,500.9,0.0,0.0,0.0,0.0,0.0,11
2023-05-10 21:15:43,sc2509,sc2509,500.9,0.0,0.0,0.0,1,504.4,523.9,1,500.9,0.0,0.0,0.0,0.0,0.0,11
2023-05-10 21:15:49,sc2509,sc2509,500.9,0.0,0.0,0.0,1,504.4,523.8,2,500.9,0.0,0.0,0.0,0.0,0.0,11
2023-05-10 21:15:50,sc2509,sc2509,500.9,0.0,0.0,0.0,1,504.4,523.8,2,500.9,0.0,0.0,0.0,0.0,0.0,11
2023-05-10 21:15:50,sc2509,sc2509,500.9,0.0,0.0,0.0,1,504.4,523.7,1,500.9,0.0,0.0,0.0,0.0,0.0,11
2023-05-10 21:16:12,sc2509,sc2509,500.9,0.0,0.0,0.0,1,504.4,523.7,1,500.9,0.0,0.0,0.0,0.0,0.0,11
2023-05-10 21:16:14,sc2509,sc2509,500.9,0.0,0.0,0.0,1,504.4,523.7,1,500.9,0.0,0.0,0.0,0.0,0.0,11
2023-05-10 21:16:29,sc2509,sc2509,500.9,0.0,0.0,0.0,1,504.4,523.7,1,500.9,0.0,0.0,0.0,0.0,0.0,11
2023-05-10 21:16:34,sc2509,sc2509,500.9,0.0,0.0,0.0,1,504.4,523.6,2,500.9,0.0,0.0,0.0,0.0,0.0,11
2023-05-10 21:16:35,sc2509,sc2509,500.9,0.0,0.0,0.0,1,504.4,523.6,2,500.9,0.0,0.0,0.0,0.0,0.0,11
2023-05-10 21:16:35,sc2509,sc2509,500.9,0.0,0.0,0.0,1,504.4,523.5,1,500.9,0.0,0.0,0.0,0.0,0.0,11
2023-05-10 21:17:14,sc2509,sc2509,500.9,0.0,0.0,0.0,1,504.4,523.5,1,500.9,0.0,0.0,0.0,0.0,0.0,11
2023-05-10 21:17:20,sc2509,sc2509,500.9,0.0,0.0,0.0,1,504.4,523.4,2,500.9,0.0,0.0,0.0,0.0,0.0,11
2023-05-10 21:17:20,sc2509,sc2509,500.9,0.0,0.0,0.0,1,504.4,523.4,2,500.9,0.0,0.0,0.0,0.0,0.0,11
2023-05-10 21:17:21,sc2509,sc2509,500.9,0.0,0.0,0.0,1,504.4,523.3,1,500.9,0.0,0.0,0.0,0.0,0.0,11
2023-05-10 21:17:59,sc2509,sc2509,500.9,0.0,0.0,0.0,1,504.4,523.3,1,500.9,0.0,0.0,0.0,0.0,0.0,11
2023-05-10 21:18:04,sc2509,sc2509,500.9,0.0,0.0,0.0,2,504.5,523.3,1,500.9,0.0,0.0,0.0,0.0,0.0,11
2023-05-10 21:18:52,sc2509,sc2509,500.9,0.0,0.0,0.0,1,504.4,523.3,1,500.9,0.0,0.0,0.0,0.0,0.0,11
2023-05-10 21:19:31,sc2509,sc2509,500.9,0.0,0.0,0.0,2,504.5,523.3,1,500.9,0.0,0.0,0.0,0.0,0.0,11
2023-05-10 21:20:59,sc2509,sc2509,500.9,0.0,0.0,0.0,1,504.4,523.3,1,500.9,0.0,0.0,0.0,0.0,0.0,11
2023-05-10 21:21:43,sc2509,sc2509,500.9,0.0,0.0,0.0,1,504.4,523.2,2,500.9,0.0,0.0,0.0,0.0,0.0,11
2023-05-10 21:21:43,sc2509,sc2509,500.9,0.0,0.0,0.0,1,504.4,523.2,2,500.9,0.0,0.0,0.0,0.0,0.0,11
2023-05-10 21:21:44,sc2509,sc2509,500.9,0.0,0.0,0.0,1,504.4,523.1,1,500.9,0.0,0.0,0.0,0.0,0.0,11
2023-05-10 21:22:10,sc2509,sc2509,500.9,0.0,0.0,0.0,1,504.4,523.1,1,500.9,0.0,0.0,0.0,0.0,0.0,11
2023-05-10 21:22:12,sc2509,sc2509,500.9,0.0,0.0,0.0,1,504.4,523.1,1,500.9,0.0,0.0,0.0,0.0,0.0,11
2023-05-10 21:22:22,sc2509,sc2509,500.9,0.0,0.0,0.0,1,504.4,523.1,1,500.9,0.0,0.0,0.0,0.0,0.0,11
2023-05-10 21:22:28,sc2509,sc2509,500.9,0.0,0.0,0.0,1,504.4,523.0,2,500.9,0.0,0.0,0.0,0.0,0.0,11
2023-05-10 21:22:29,sc2509,sc2509,500.9,0.0,0.0,0.0,1,504.4,523.0,2,500.9,0.0,0.0,0.0,0.0,0.0,11
2023-05-10 21:22:29,sc2509,sc2509,500.9,0.0,0.0,0.0,1,504.4,522.9,1,500.9,0.0,0.0,0.0,0.0,0.0,11
2023-05-10 21:23:07,sc2509,sc2509,500.9,0.0,0.0,0.0,1,504.4,522.9,1,500.9,0.0,0.0,0.0,0.0,0.0,11
2023-05-10 21:23:13,sc2509,sc2509,500.9,0.0,0.0,0.0,1,504.4,522.8,2,500.9,0.0,0.0,0.0,0.0,0.0,11
2023-05-10 21:23:13,sc2509,sc2509,500.9,0.0,0.0,0.0,1,504.4,522.8,2,500.9,0.0,0.0,0.0,0.0,0.0,11
2023-05-10 21:23:14,sc2509,sc2509,500.9,0.0,0.0,0.0,1,504.4,522.7,1,500.9,0.0,0.0,0.0,0.0,0.0,11
2023-05-10 21:23:52,sc2509,sc2509,500.9,0.0,0.0,0.0,1,504.4,522.7,1,500.9,0.0,0.0,0.0,0.0,0.0,11
2023-05-10 21:23:56,sc2509,sc2509,500.9,0.0,0.0,0.0,1,504.4,522.6,2,500.9,0.0,0.0,0.0,0.0,0.0,11
2023-05-10 21:23:57,sc2509,sc2509,500.9,0.0,0.0,0.0,1,504.4,522.6,2,500.9,0.0,0.0,0.0,0.0,0.0,11
2023-05-10 21:23:57,sc2509,sc2509,500.9,0.0,0.0,0.0,1,504.4,522.5,1,500.9,0.0,0.0,0.0,0.0,0.0,11
2023-05-10 21:24:25,sc2509,sc2509,500.9,0.0,0.0,0.0,1,504.4,522.5,1,500.9,0.0,0.0,0.0,0.0,0.0,11
2023-05-10 21:24:40,sc2509,sc2509,500.9,0.0,0.0,0.0,2,504.5,522.5,1,500.9,0.0,0.0,0.0,0.0,0.0,11
2023-05-10 21:24:42,sc2509,sc2509,500.9,0.0,0.0,0.0,1,504.4,522.5,1,500.9,0.0,0.0,0.0,0.0,0.0,11
2023-05-10 21:25:23,sc2509,sc2509,500.9,0.0,0.0,0.0,1,504.4,522.4,2,500.9,0.0,0.0,0.0,0.0,0.0,11
2023-05-10 21:25:24,sc2509,sc2509,500.9,0.0,0.0,0.0,1,504.4,522.4,2,500.9,0.0,0.0,0.0,0.0,0.0,11
2023-05-10 21:25:24,sc2509,sc2509,500.9,0.0,0.0,0.0,1,504.4,522.3,1,500.9,0.0,0.0,0.0,0.0,0.0,11
2023-05-10 21:26:03,sc2509,sc2509,500.9,0.0,0.0,0.0,1,504.4,522.3,1,500.9,0.0,0.0,0.0,0.0,0.0,11
2023-05-10 21:26:09,sc2509,sc2509,500.9,0.0,0.0,0.0,1,504.4,522.2,2,500.9,0.0,0.0,0.0,0.0,0.0,11
2023-05-10 21:26:09,sc2509,sc2509,500.9,0.0,0.0,0.0,1,504.4,522.2,2,500.9,0.0,0.0,0.0,0.0,0.0,11
2023-05-10 21:26:10,sc2509,sc2509,500.9,0.0,0.0,0.0,1,504.4,522.1,1,500.9,0.0,0.0,0.0,0.0,0.0,11
2023-05-10 21:26:13,sc2509,sc2509,500.9,0.0,0.0,0.0,1,504.4,522.1,1,500.9,0.0,0.0,0.0,0.0,0.0,11
2023-05-10 21:26:25,sc2509,sc2509,500.9,0.0,0.0,0.0,1,502.1,522.1,1,500.9,0.0,0.0,0.0,0.0,0.0,11
2023-05-10 21:26:26,sc2509,sc2509,500.9,0.0,0.0,0.0,1,502.1,522.1,1,500.9,0.0,0.0,0.0,0.0,0.0,11
2023-05-10 21:26:53,sc2509,sc2509,500.9,0.0,0.0,0.0,2,502.2,522.1,1,500.9,0.0,0.0,0.0,0.0,0.0,11
2023-05-10 21:27:06,sc2509,sc2509,500.9,0.0,0.0,0.0,2,502.2,522.1,1,500.9,0.0,0.0,0.0,0.0,0.0,11
2023-05-10 21:27:24,sc2509,sc2509,500.9,0.0,0.0,0.0,2,502.2,522.1,1,500.9,0.0,0.0,0.0,0.0,0.0,11
2023-05-10 21:27:26,sc2509,sc2509,500.9,0.0,0.0,0.0,2,502.2,522.1,1,500.9,0.0,0.0,0.0,0.0,0.0,11
2023-05-10 21:31:51,sc2509,sc2509,500.9,0.0,0.0,0.0,1,502.1,522.1,1,500.9,0.0,0.0,0.0,0.0,0.0,11
2023-05-10 21:32:00,sc2509,sc2509,500.9,0.0,0.0,0.0,2,502.2,522.1,1,500.9,0.0,0.0,0.0,0.0,0.0,11
2023-05-10 21:32:11,sc2509,sc2509,500.9,0.0,0.0,0.0,1,502.1,522.1,1,500.9,0.0,0.0,0.0,0.0,0.0,11
2023-05-10 21:32:44,sc2509,sc2509,500.9,0.0,0.0,0.0,2,502.2,522.1,1,500.9,0.0,0.0,0.0,0.0,0.0,11
2023-05-10 21:32:47,sc2509,sc2509,500.9,0.0,0.0,0.0,1,502.1,522.1,1,500.9,0.0,0.0,0.0,0.0,0.0,11
2023-05-10 21:32:50,sc2509,sc2509,500.9,0.0,0.0,0.0,1,500.7,522.1,1,500.9,0.0,0.0,0.0,0.0,0.0,11
2023-05-10 21:32:52,sc2509,sc2509,500.9,0.0,0.0,0.0,1,500.7,522.1,1,500.9,0.0,0.0,0.0,0.0,0.0,11
2023-05-10 21:33:15,sc2509,sc2509,500.9,0.0,0.0,0.0,1,500.7,522.0,1,500.9,0.0,0.0,0.0,0.0,0.0,11
2023-05-10 21:33:15,sc2509,sc2509,500.9,0.0,0.0,0.0,1,500.7,522.0,1,500.9,0.0,0.0,0.0,0.0,0.0,11
2023-05-10 21:33:16,sc2509,sc2509,500.9,0.0,0.0,0.0,1,500.7,521.9,1,500.9,0.0,0.0,0.0,0.0,0.0,11
2023-05-10 21:33:28,sc2509,sc2509,500.9,0.0,0.0,0.0,3,500.8,521.9,1,500.9,0.0,0.0,0.0,0.0,0.0,11
2023-05-10 21:36:36,sc2509,sc2509,500.9,0.0,0.0,0.0,1,500.8,521.9,1,500.9,0.0,0.0,0.0,0.0,0.0,11
2023-05-10 21:37:08,sc2509,sc2509,500.9,0.0,0.0,0.0,1,500.8,521.8,2,500.9,0.0,0.0,0.0,0.0,0.0,11
2023-05-10 21:37:08,sc2509,sc2509,500.9,0.0,0.0,0.0,1,500.8,521.8,2,500.9,0.0,0.0,0.0,0.0,0.0,11
2023-05-10 21:37:09,sc2509,sc2509,500.9,0.0,0.0,0.0,1,500.8,521.7,1,500.9,0.0,0.0,0.0,0.0,0.0,11
2023-05-10 21:37:11,sc2509,sc2509,500.9,0.0,0.0,0.0,1,500.8,521.7,1,500.9,0.0,0.0,0.0,0.0,0.0,11
2023-05-10 21:37:53,sc2509,sc2509,500.9,0.0,0.0,0.0,1,500.8,521.6,2,500.9,0.0,0.0,0.0,0.0,0.0,11
2023-05-10 21:37:53,sc2509,sc2509,500.9,0.0,0.0,0.0,1,500.8,521.6,2,500.9,0.0,0.0,0.0,0.0,0.0,11
2023-05-10 21:37:54,sc2509,sc2509,500.9,0.0,0.0,0.0,1,500.8,521.5,1,500.9,0.0,0.0,0.0,0.0,0.0,11
2023-05-10 21:38:06,sc2509,sc2509,500.9,0.0,0.0,0.0,1,500.8,521.5,1,500.9,0.0,0.0,0.0,0.0,0.0,11
2023-05-10 21:38:08,sc2509,sc2509,500.9,0.0,0.0,0.0,1,500.8,521.5,1,500.9,0.0,0.0,0.0,0.0,0.0,11
2023-05-10 21:38:32,sc2509,sc2509,500.9,0.0,0.0,0.0,1,500.8,521.5,1,500.9,0.0,0.0,0.0,0.0,0.0,11
2023-05-10 21:38:36,sc2509,sc2509,500.9,0.0,0.0,0.0,1,500.8,521.4,2,500.9,0.0,0.0,0.0,0.0,0.0,11
2023-05-10 21:38:36,sc2509,sc2509,500.9,0.0,0.0,0.0,1,500.8,521.4,2,500.9,0.0,0.0,0.0,0.0,0.0,11
2023-05-10 21:38:37,sc2509,sc2509,500.9,0.0,0.0,0.0,1,500.8,521.3,1,500.9,0.0,0.0,0.0,0.0,0.0,11
2023-05-10 21:39:15,sc2509,sc2509,500.9,0.0,0.0,0.0,1,500.8,521.3,1,500.9,0.0,0.0,0.0,0.0,0.0,11
2023-05-10 21:39:20,sc2509,sc2509,500.9,0.0,0.0,0.0,1,500.8,521.2,2,500.9,0.0,0.0,0.0,0.0,0.0,11
2023-05-10 21:39:20,sc2509,sc2509,500.9,0.0,0.0,0.0,1,500.8,521.2,2,500.9,0.0,0.0,0.0,0.0,0.0,11
2023-05-10 21:39:21,sc2509,sc2509,500.9,0.0,0.0,0.0,1,500.8,521.1,1,500.9,0.0,0.0,0.0,0.0,0.0,11
2023-05-10 21:39:28,sc2509,sc2509,500.9,0.0,0.0,0.0,1,500.8,521.1,1,500.9,0.0,0.0,0.0,0.0,0.0,11
2023-05-10 21:39:49,sc2509,sc2509,500.9,0.0,0.0,0.0,1,500.8,521.1,1,500.9,0.0,0.0,0.0,0.0,0.0,11
2023-05-10 21:39:58,sc2509,sc2509,500.9,0.0,0.0,0.0,1,500.8,521.1,1,500.9,0.0,0.0,0.0,0.0,0.0,11
2023-05-10 21:40:03,sc2509,sc2509,500.9,0.0,0.0,0.0,1,500.8,521.0,2,500.9,0.0,0.0,0.0,0.0,0.0,11
2023-05-10 21:40:04,sc2509,sc2509,500.9,0.0,0.0,0.0,1,500.8,521.0,2,500.9,0.0,0.0,0.0,0.0,0.0,11
2023-05-10 21:40:04,sc2509,sc2509,500.9,0.0,0.0,0.0,1,500.8,520.9,1,500.9,0.0,0.0,0.0,0.0,0.0,11
2023-05-10 21:40:42,sc2509,sc2509,500.9,0.0,0.0,0.0,1,500.8,520.9,1,500.9,0.0,0.0,0.0,0.0,0.0,11
2023-05-10 21:40:48,sc2509,sc2509,500.9,0.0,0.0,0.0,1,500.8,520.8,2,500.9,0.0,0.0,0.0,0.0,0.0,11
2023-05-10 21:40:48,sc2509,sc2509,500.9,0.0,0.0,0.0,1,500.8,520.8,2,500.9,0.0,0.0,0.0,0.0,0.0,11
2023-05-10 21:40:49,sc2509,sc2509,500.9,0.0,0.0,0.0,1,500.8,520.7,1,500.9,0.0,0.0,0.0,0.0,0.0,11
2023-05-10 21:41:26,sc2509,sc2509,500.9,0.0,0.0,0.0,1,500.8,520.7,1,500.9,0.0,0.0,0.0,0.0,0.0,11
2023-05-10 21:41:29,sc2509,sc2509,500.9,0.0,0.0,0.0,1,500.8,520.7,1,500.9,0.0,0.0,0.0,0.0,0.0,11
2023-05-10 21:41:31,sc2509,sc2509,500.9,0.0,0.0,0.0,1,500.8,520.7,1,500.9,0.0,0.0,0.0,0.0,0.0,11
2023-05-10 21:41:32,sc2509,sc2509,500.9,0.0,0.0,0.0,1,500.8,520.6,2,500.9,0.0,0.0,0.0,0.0,0.0,11
2023-05-10 21:41:32,sc2509,sc2509,500.9,0.0,0.0,0.0,1,500.8,520.6,2,500.9,0.0,0.0,0.0,0.0,0.0,11
2023-05-10 21:41:33,sc2509,sc2509,500.9,0.0,0.0,0.0,1,500.8,520.5,1,500.9,0.0,0.0,0.0,0.0,0.0,11
2023-05-10 21:42:11,sc2509,sc2509,500.9,0.0,0.0,0.0,1,500.8,520.5,1,500.9,0.0,0.0,0.0,0.0,0.0,11
2023-05-10 21:42:15,sc2509,sc2509,500.9,0.0,0.0,0.0,1,500.8,520.4,2,500.9,0.0,0.0,0.0,0.0,0.0,11
2023-05-10 21:42:15,sc2509,sc2509,500.9,0.0,0.0,0.0,1,500.8,520.4,2,500.9,0.0,0.0,0.0,0.0,0.0,11
2023-05-10 21:42:16,sc2509,sc2509,500.9,0.0,0.0,0.0,1,500.8,520.3,1,500.9,0.0,0.0,0.0,0.0,0.0,11
2023-05-10 21:42:54,sc2509,sc2509,500.9,0.0,0.0,0.0,1,500.8,520.3,1,500.9,0.0,0.0,0.0,0.0,0.0,11
2023-05-10 21:42:58,sc2509,sc2509,500.9,0.0,0.0,0.0,1,500.8,520.2,2,500.9,0.0,0.0,0.0,0.0,0.0,11
2023-05-10 21:42:59,sc2509,sc2509,500.9,0.0,0.0,0.0,1,500.8,520.2,2,500.9,0.0,0.0,0.0,0.0,0.0,11
2023-05-10 21:42:59,sc2509,sc2509,500.9,0.0,0.0,0.0,1,500.8,520.1,1,500.9,0.0,0.0,0.0,0.0,0.0,11
2023-05-10 21:43:25,sc2509,sc2509,500.9,0.0,0.0,0.0,1,500.8,520.0,1,500.9,0.0,0.0,0.0,0.0,0.0,11
2023-05-10 21:43:25,sc2509,sc2509,500.9,0.0,0.0,0.0,1,500.8,520.0,1,500.9,0.0,0.0,0.0,0.0,0.0,11
2023-05-10 21:43:26,sc2509,sc2509,500.9,0.0,0.0,0.0,1,500.8,519.9,1,500.9,0.0,0.0,0.0,0.0,0.0,11
2023-05-10 21:43:26,sc2509,sc2509,500.9,0.0,0.0,0.0,1,500.8,519.8,1,500.9,0.0,0.0,0.0,0.0,0.0,11
2023-05-10 21:43:27,sc2509,sc2509,500.9,0.0,0.0,0.0,1,500.8,519.8,1,500.9,0.0,0.0,0.0,0.0,0.0,11
2023-05-10 21:43:27,sc2509,sc2509,500.9,0.0,0.0,0.0,1,500.8,519.7,1,500.9,0.0,0.0,0.0,0.0,0.0,11
2023-05-10 21:43:28,sc2509,sc2509,500.9,0.0,0.0,0.0,1,500.8,519.6,1,500.9,0.0,0.0,0.0,0.0,0.0,11
2023-05-10 21:43:28,sc2509,sc2509,500.9,0.0,0.0,0.0,1,500.8,519.6,1,500.9,0.0,0.0,0.0,0.0,0.0,11
2023-05-10 21:43:29,sc2509,sc2509,500.9,0.0,0.0,0.0,1,500.8,519.5,1,500.9,0.0,0.0,0.0,0.0,0.0,11
2023-05-10 21:43:29,sc2509,sc2509,500.9,0.0,0.0,0.0,1,500.8,519.4,1,500.9,0.0,0.0,0.0,0.0,0.0,11
2023-05-10 21:43:30,sc2509,sc2509,500.9,0.0,0.0,0.0,1,500.8,519.3,1,500.9,0.0,0.0,0.0,0.0,0.0,11
2023-05-10 21:43:30,sc2509,sc2509,500.9,0.0,0.0,0.0,1,500.8,519.3,2,500.9,0.0,0.0,0.0,0.0,0.0,11
2023-05-10 21:43:37,sc2509,sc2509,500.9,0.0,0.0,0.0,1,497.0,519.3,2,500.9,0.0,0.0,0.0,0.0,0.0,11
2023-05-10 21:43:43,sc2509,sc2509,500.9,0.0,0.0,0.0,2,497.1,519.3,2,500.9,0.0,0.0,0.0,0.0,0.0,11
2023-05-10 21:44:25,sc2509,sc2509,500.9,0.0,0.0,0.0,2,497.1,519.3,2,500.9,0.0,0.0,0.0,0.0,0.0,11
2023-05-10 21:44:26,sc2509,sc2509,500.9,0.0,0.0,0.0,2,497.1,519.3,2,500.9,0.0,0.0,0.0,0.0,0.0,11
2023-05-10 21:48:02,sc2509,sc2509,500.9,0.0,0.0,0.0,2,497.1,519.3,2,500.9,0.0,0.0,0.0,0.0,0.0,11
2023-05-10 21:48:03,sc2509,sc2509,500.9,0.0,0.0,0.0,2,497.1,519.3,2,500.9,0.0,0.0,0.0,0.0,0.0,11
2023-05-10 21:48:06,sc2509,sc2509,500.9,0.0,0.0,0.0,1,497.0,519.3,2,500.9,0.0,0.0,0.0,0.0,0.0,11
2023-05-10 21:48:39,sc2509,sc2509,500.9,0.0,0.0,0.0,1,497.0,519.3,2,500.9,0.0,0.0,0.0,0.0,0.0,11
2023-05-10 21:48:42,sc2509,sc2509,500.9,0.0,0.0,0.0,1,497.0,519.3,2,500.9,0.0,0.0,0.0,0.0,0.0,11
2023-05-10 21:48:43,sc2509,sc2509,500.9,0.0,0.0,0.0,1,497.0,519.3,2,500.9,0.0,0.0,0.0,0.0,0.0,11
2023-05-10 21:48:50,sc2509,sc2509,500.9,0.0,0.0,0.0,1,497.0,519.2,2,500.9,0.0,0.0,0.0,0.0,0.0,11
2023-05-10 21:48:50,sc2509,sc2509,500.9,0.0,0.0,0.0,1,497.0,519.1,1,500.9,0.0,0.0,0.0,0.0,0.0,11
2023-05-10 21:48:51,sc2509,sc2509,500.9,0.0,0.0,0.0,1,497.0,519.1,2,500.9,0.0,0.0,0.0,0.0,0.0,11
2023-05-10 21:49:29,sc2509,sc2509,500.9,0.0,0.0,0.0,1,497.0,519.1,2,500.9,0.0,0.0,0.0,0.0,0.0,11
2023-05-10 21:49:34,sc2509,sc2509,500.9,0.0,0.0,0.0,1,497.0,519.0,2,500.9,0.0,0.0,0.0,0.0,0.0,11
2023-05-10 21:49:35,sc2509,sc2509,500.9,0.0,0.0,0.0,1,497.0,519.0,2,500.9,0.0,0.0,0.0,0.0,0.0,11
2023-05-10 21:49:35,sc2509,sc2509,500.9,0.0,0.0,0.0,1,497.0,518.9,1,500.9,0.0,0.0,0.0,0.0,0.0,11
2023-05-10 21:50:06,sc2509,sc2509,500.9,0.0,0.0,0.0,1,497.0,518.9,1,500.9,0.0,0.0,0.0,0.0,0.0,11
2023-05-10 21:50:19,sc2509,sc2509,500.9,0.0,0.0,0.0,2,497.1,518.9,1,500.9,0.0,0.0,0.0,0.0,0.0,11
2023-05-10 21:51:05,sc2509,sc2509,500.9,0.0,0.0,0.0,1,497.0,518.9,1,500.9,0.0,0.0,0.0,0.0,0.0,11
2023-05-10 21:51:41,sc2509,sc2509,500.9,0.0,0.0,0.0,1,497.0,518.9,1,500.9,0.0,0.0,0.0,0.0,0.0,11
2023-05-10 21:51:42,sc2509,sc2509,500.9,0.0,0.0,0.0,1,497.0,518.9,1,500.9,0.0,0.0,0.0,0.0,0.0,11
2023-05-10 21:51:46,sc2509,sc2509,500.9,0.0,0.0,0.0,2,497.1,518.9,1,500.9,0.0,0.0,0.0,0.0,0.0,11
2023-05-10 21:52:04,sc2509,sc2509,500.9,0.0,0.0,0.0,1,497.0,518.9,1,500.9,0.0,0.0,0.0,0.0,0.0,11
2023-05-10 21:52:30,sc2509,sc2509,500.9,0.0,0.0,0.0,2,497.1,518.9,1,500.9,0.0,0.0,0.0,0.0,0.0,11
2023-05-10 21:53:14,sc2509,sc2509,500.9,0.0,0.0,0.0,1,497.0,518.9,1,500.9,0.0,0.0,0.0,0.0,0.0,11
2023-05-10 21:53:56,sc2509,sc2509,500.9,0.0,0.0,0.0,1,497.0,518.8,2,500.9,0.0,0.0,0.0,0.0,0.0,11
2023-05-10 21:53:56,sc2509,sc2509,500.9,0.0,0.0,0.0,1,497.0,518.8,2,500.9,0.0,0.0,0.0,0.0,0.0,11
2023-05-10 21:53:57,sc2509,sc2509,500.9,0.0,0.0,0.0,1,497.0,518.7,1,500.9,0.0,0.0,0.0,0.0,0.0,11
2023-05-10 21:54:35,sc2509,sc2509,500.9,0.0,0.0,0.0,1,497.0,518.7,1,500.9,0.0,0.0,0.0,0.0,0.0,11
2023-05-10 21:54:40,sc2509,sc2509,500.9,0.0,0.0,0.0,1,497.0,518.6,2,500.9,0.0,0.0,0.0,0.0,0.0,11
2023-05-10 21:54:40,sc2509,sc2509,500.9,0.0,0.0,0.0,1,497.0,518.6,2,500.9,0.0,0.0,0.0,0.0,0.0,11
2023-05-10 21:54:41,sc2509,sc2509,500.9,0.0,0.0,0.0,1,497.0,518.5,1,500.9,0.0,0.0,0.0,0.0,0.0,11
2023-05-10 21:55:18,sc2509,sc2509,500.9,0.0,0.0,0.0,1,497.0,518.5,1,500.9,0.0,0.0,0.0,0.0,0.0,11
2023-05-10 21:55:23,sc2509,sc2509,500.9,0.0,0.0,0.0,1,497.0,518.4,2,500.9,0.0,0.0,0.0,0.0,0.0,11
2023-05-10 21:55:23,sc2509,sc2509,500.9,0.0,0.0,0.0,1,497.0,518.4,2,500.9,0.0,0.0,0.0,0.0,0.0,11
2023-05-10 21:55:24,sc2509,sc2509,500.9,0.0,0.0,0.0,1,497.0,518.3,1,500.9,0.0,0.0,0.0,0.0,0.0,11
2023-05-10 21:55:24,sc2509,sc2509,500.9,0.0,0.0,0.0,1,497.0,518.3,1,500.9,0.0,0.0,0.0,0.0,0.0,11
2023-05-10 21:56:06,sc2509,sc2509,500.9,0.0,0.0,0.0,2,497.1,518.3,1,500.9,0.0,0.0,0.0,0.0,0.0,11
2023-05-10 21:57:04,sc2509,sc2509,500.9,0.0,0.0,0.0,1,497.0,518.3,1,500.9,0.0,0.0,0.0,0.0,0.0,11
2023-05-10 21:57:33,sc2509,sc2509,500.9,0.0,0.0,0.0,2,497.1,518.3,1,500.9,0.0,0.0,0.0,0.0,0.0,11
2023-05-10 21:57:49,sc2509,sc2509,500.9,0.0,0.0,0.0,2,497.1,518.2,1,500.9,0.0,0.0,0.0,0.0,0.0,11
2023-05-10 21:57:49,sc2509,sc2509,500.9,0.0,0.0,0.0,2,497.1,518.2,1,500.9,0.0,0.0,0.0,0.0,0.0,11
2023-05-10 21:57:50,sc2509,sc2509,500.9,0.0,0.0,0.0,2,497.1,518.1,1,500.9,0.0,0.0,0.0,0.0,0.0,11
2023-05-10 21:58:17,sc2509,sc2509,500.9,0.0,0.0,0.0,1,497.0,518.1,1,500.9,0.0,0.0,0.0,0.0,0.0,11
2023-05-10 21:59:00,sc2509,sc2509,500.9,0.0,0.0,0.0,2,497.1,518.1,1,500.9,0.0,0.0,0.0,0.0,0.0,11
2023-05-10 21:59:05,sc2509,sc2509,500.9,0.0,0.0,0.0,1,497.0,518.1,1,500.9,0.0,0.0,0.0,0.0,0.0,11
2023-05-10 21:59:44,sc2509,sc2509,500.9,0.0,0.0,0.0,1,497.0,518.0,2,500.9,0.0,0.0,0.0,0.0,0.0,11
2023-05-10 21:59:44,sc2509,sc2509,500.9,0.0,0.0,0.0,1,497.0,518.0,2,500.9,0.0,0.0,0.0,0.0,0.0,11
2023-05-10 21:59:45,sc2509,sc2509,500.9,0.0,0.0,0.0,1,497.0,517.9,1,500.9,0.0,0.0,0.0,0.0,0.0,11
2023-05-10 21:59:50,sc2509,sc2509,500.9,0.0,0.0,0.0,1,497.0,517.9,1,500.9,0.0,0.0,0.0,0.0,0.0,11
2023-05-10 22:00:28,sc2509,sc2509,500.9,0.0,0.0,0.0,2,497.1,517.9,1,500.9,0.0,0.0,0.0,0.0,0.0,11
2023-05-10 22:05:22,sc2509,sc2509,500.9,0.0,0.0,0.0,2,497.1,517.9,1,500.9,0.0,0.0,0.0,0.0,0.0,11
2023-05-10 22:05:27,sc2509,sc2509,500.9,0.0,0.0,0.0,1,497.0,517.9,1,500.9,0.0,0.0,0.0,0.0,0.0,11
2023-05-10 22:05:35,sc2509,sc2509,500.9,0.0,0.0,0.0,1,497.0,517.9,1,500.9,0.0,0.0,0.0,0.0,0.0,11
2023-05-10 22:05:36,sc2509,sc2509,500.9,0.0,0.0,0.0,1,497.0,517.9,1,500.9,0.0,0.0,0.0,0.0,0.0,11
2023-05-10 22:06:10,sc2509,sc2509,500.9,0.0,0.0,0.0,2,497.1,517.9,1,500.9,0.0,0.0,0.0,0.0,0.0,11
2023-05-10 22:10:05,sc2509,sc2509,500.9,0.0,0.0,0.0,2,497.1,517.9,1,500.9,0.0,0.0,0.0,0.0,0.0,11
2023-05-10 22:10:06,sc2509,sc2509,500.9,0.0,0.0,0.0,2,497.1,517.9,1,500.9,0.0,0.0,0.0,0.0,0.0,11
2023-05-10 22:10:09,sc2509,sc2509,500.9,0.0,0.0,0.0,1,497.0,517.9,1,500.9,0.0,0.0,0.0,0.0,0.0,11
2023-05-10 22:10:25,sc2509,sc2509,500.9,0.0,0.0,0.0,2,497.1,517.9,1,500.9,0.0,0.0,0.0,0.0,0.0,11
2023-05-10 22:10:31,sc2509,sc2509,500.9,0.0,0.0,0.0,1,497.0,517.9,1,500.9,0.0,0.0,0.0,0.0,0.0,11
2023-05-10 22:11:10,sc2509,sc2509,500.9,0.0,0.0,0.0,1,497.0,517.8,2,500.9,0.0,0.0,0.0,0.0,0.0,11
2023-05-10 22:11:10,sc2509,sc2509,500.9,0.0,0.0,0.0,1,497.0,517.8,2,500.9,0.0,0.0,0.0,0.0,0.0,11
2023-05-10 22:11:11,sc2509,sc2509,500.9,0.0,0.0,0.0,1,497.0,517.7,1,500.9,0.0,0.0,0.0,0.0,0.0,11
2023-05-10 22:11:12,sc2509,sc2509,500.9,0.0,0.0,0.0,1,497.0,517.7,1,500.9,0.0,0.0,0.0,0.0,0.0,11
2023-05-10 22:11:54,sc2509,sc2509,500.9,0.0,0.0,0.0,2,497.1,517.7,1,500.9,0.0,0.0,0.0,0.0,0.0,11
2023-05-10 22:16:52,sc2509,sc2509,500.9,0.0,0.0,0.0,1,497.0,517.7,1,500.9,0.0,0.0,0.0,0.0,0.0,11
2023-05-10 22:16:55,sc2509,sc2509,500.9,0.0,0.0,0.0,2,497.1,517.7,1,500.9,0.0,0.0,0.0,0.0,0.0,11
2023-05-10 22:18:32,sc2509,sc2509,500.9,0.0,0.0,0.0,1,497.0,517.7,1,500.9,0.0,0.0,0.0,0.0,0.0,11
2023-05-10 22:19:05,sc2509,sc2509,500.9,0.0,0.0,0.0,1,497.0,517.6,2,500.9,0.0,0.0,0.0,0.0,0.0,11
2023-05-10 22:19:06,sc2509,sc2509,500.9,0.0,0.0,0.0,1,497.0,517.6,2,500.9,0.0,0.0,0.0,0.0,0.0,11
2023-05-10 22:19:06,sc2509,sc2509,500.9,0.0,0.0,0.0,1,497.0,517.5,1,500.9,0.0,0.0,0.0,0.0,0.0,11
2023-05-10 22:19:45,sc2509,sc2509,500.9,0.0,0.0,0.0,1,497.0,517.5,1,500.9,0.0,0.0,0.0,0.0,0.0,11
2023-05-10 22:19:49,sc2509,sc2509,500.9,0.0,0.0,0.0,1,497.0,517.4,2,500.9,0.0,0.0,0.0,0.0,0.0,11
2023-05-10 22:19:49,sc2509,sc2509,500.9,0.0,0.0,0.0,1,497.0,517.4,2,500.9,0.0,0.0,0.0,0.0,0.0,11
2023-05-10 22:19:50,sc2509,sc2509,500.9,0.0,0.0,0.0,1,497.0,517.3,1,500.9,0.0,0.0,0.0,0.0,0.0,11
2023-05-10 22:20:28,sc2509,sc2509,500.9,0.0,0.0,0.0,1,497.0,517.3,1,500.9,0.0,0.0,0.0,0.0,0.0,11
2023-05-10 22:20:32,sc2509,sc2509,500.9,0.0,0.0,0.0,2,497.1,517.3,1,500.9,0.0,0.0,0.0,0.0,0.0,11
2023-05-10 22:21:45,sc2509,sc2509,500.9,0.0,0.0,0.0,1,497.0,517.3,1,500.9,0.0,0.0,0.0,0.0,0.0,11
2023-05-10 22:21:59,sc2509,sc2509,500.9,0.0,0.0,0.0,1,497.0,517.2,2,500.9,0.0,0.0,0.0,0.0,0.0,11
2023-05-10 22:21:59,sc2509,sc2509,500.9,0.0,0.0,0.0,1,497.0,517.2,2,500.9,0.0,0.0,0.0,0.0,0.0,11
2023-05-10 22:22:00,sc2509,sc2509,500.9,0.0,0.0,0.0,1,497.0,517.1,1,500.9,0.0,0.0,0.0,0.0,0.0,11
2023-05-10 22:22:02,sc2509,sc2509,500.9,0.0,0.0,0.0,1,497.0,517.1,1,500.9,0.0,0.0,0.0,0.0,0.0,11
2023-05-10 22:22:42,sc2509,sc2509,500.9,0.0,0.0,0.0,2,497.1,517.1,1,500.9,0.0,0.0,0.0,0.0,0.0,11
2023-05-10 22:23:15,sc2509,sc2509,500.9,0.0,0.0,0.0,1,497.0,517.1,1,500.9,0.0,0.0,0.0,0.0,0.0,11
2023-05-10 22:23:28,sc2509,sc2509,500.9,0.0,0.0,0.0,1,497.0,517.0,2,500.9,0.0,0.0,0.0,0.0,0.0,11
2023-05-10 22:23:28,sc2509,sc2509,500.9,0.0,0.0,0.0,1,497.0,517.0,2,500.9,0.0,0.0,0.0,0.0,0.0,11
2023-05-10 22:23:29,sc2509,sc2509,500.9,0.0,0.0,0.0,1,497.0,516.9,1,500.9,0.0,0.0,0.0,0.0,0.0,11
2023-05-10 22:24:07,sc2509,sc2509,500.9,0.0,0.0,0.0,1,497.0,516.9,1,500.9,0.0,0.0,0.0,0.0,0.0,11
2023-05-10 22:24:11,sc2509,sc2509,500.9,0.0,0.0,0.0,2,497.1,516.9,1,500.9,0.0,0.0,0.0,0.0,0.0,11
2023-05-10 22:24:18,sc2509,sc2509,500.9,0.0,0.0,0.0,1,497.0,516.9,1,500.9,0.0,0.0,0.0,0.0,0.0,11
2023-05-10 22:24:53,sc2509,sc2509,500.9,0.0,0.0,0.0,1,497.0,516.8,2,500.9,0.0,0.0,0.0,0.0,0.0,11
2023-05-10 22:24:53,sc2509,sc2509,500.9,0.0,0.0,0.0,1,497.0,516.8,2,500.9,0.0,0.0,0.0,0.0,0.0,11
2023-05-10 22:24:54,sc2509,sc2509,500.9,0.0,0.0,0.0,1,497.0,516.7,1,500.9,0.0,0.0,0.0,0.0,0.0,11
2023-05-10 22:25:32,sc2509,sc2509,500.9,0.0,0.0,0.0,1,497.0,516.7,1,500.9,0.0,0.0,0.0,0.0,0.0,11
2023-05-10 22:25:37,sc2509,sc2509,500.9,0.0,0.0,0.0,1,497.0,516.6,2,500.9,0.0,0.0,0.0,0.0,0.0,11
2023-05-10 22:25:38,sc2509,sc2509,500.9,0.0,0.0,0.0,1,497.0,516.6,2,500.9,0.0,0.0,0.0,0.0,0.0,11
2023-05-10 22:25:38,sc2509,sc2509,500.9,0.0,0.0,0.0,1,497.0,516.5,1,500.9,0.0,0.0,0.0,0.0,0.0,11
2023-05-10 22:26:16,sc2509,sc2509,500.9,0.0,0.0,0.0,1,497.0,516.5,1,500.9,0.0,0.0,0.0,0.0,0.0,11
2023-05-10 22:26:19,sc2509,sc2509,500.9,0.0,0.0,0.0,1,497.0,516.4,2,500.9,0.0,0.0,0.0,0.0,0.0,11
2023-05-10 22:26:20,sc2509,sc2509,500.9,0.0,0.0,0.0,1,497.0,516.4,2,500.9,0.0,0.0,0.0,0.0,0.0,11
2023-05-10 22:26:20,sc2509,sc2509,500.9,0.0,0.0,0.0,1,497.0,516.3,1,500.9,0.0,0.0,0.0,0.0,0.0,11
2023-05-10 22:26:58,sc2509,sc2509,500.9,0.0,0.0,0.0,1,497.0,516.3,1,500.9,0.0,0.0,0.0,0.0,0.0,11
2023-05-10 22:27:02,sc2509,sc2509,500.9,0.0,0.0,0.0,2,497.1,516.3,1,500.9,0.0,0.0,0.0,0.0,0.0,11
2023-05-10 22:27:04,sc2509,sc2509,500.9,0.0,0.0,0.0,1,497.0,516.3,1,500.9,0.0,0.0,0.0,0.0,0.0,11
2023-05-10 22:27:44,sc2509,sc2509,500.9,0.0,0.0,0.0,2,497.1,516.3,1,500.9,0.0,0.0,0.0,0.0,0.0,11
2023-05-10 22:28:02,sc2509,sc2509,500.9,0.0,0.0,0.0,1,497.0,516.3,1,500.9,0.0,0.0,0.0,0.0,0.0,11
2023-05-10 22:28:25,sc2509,sc2509,500.9,0.0,0.0,0.0,2,497.1,516.3,1,500.9,0.0,0.0,0.0,0.0,0.0,11
2023-05-10 22:28:35,sc2509,sc2509,500.9,0.0,0.0,0.0,1,497.0,516.3,1,500.9,0.0,0.0,0.0,0.0,0.0,11
2023-05-10 22:29:09,sc2509,sc2509,500.9,0.0,0.0,0.0,1,497.0,516.2,2,500.9,0.0,0.0,0.0,0.0,0.0,11
2023-05-10 22:29:09,sc2509,sc2509,500.9,0.0,0.0,0.0,1,497.0,516.2,2,500.9,0.0,0.0,0.0,0.0,0.0,11
2023-05-10 22:29:10,sc2509,sc2509,500.9,0.0,0.0,0.0,1,497.0,516.1,1,500.9,0.0,0.0,0.0,0.0,0.0,11
2023-05-10 22:29:13,sc2509,sc2509,500.9,0.0,0.0,0.0,1,497.0,516.1,1,500.9,0.0,0.0,0.0,0.0,0.0,11
2023-05-10 22:29:51,sc2509,sc2509,500.9,0.0,0.0,0.0,1,497.0,516.0,2,500.9,0.0,0.0,0.0,0.0,0.0,11
2023-05-10 22:29:51,sc2509,sc2509,500.9,0.0,0.0,0.0,1,497.0,516.0,2,500.9,0.0,0.0,0.0,0.0,0.0,11
2023-05-10 22:29:52,sc2509,sc2509,500.9,0.0,0.0,0.0,1,497.0,515.9,1,500.9,0.0,0.0,0.0,0.0,0.0,11
2023-05-10 22:29:52,sc2509,sc2509,500.9,0.0,0.0,0.0,1,497.0,515.9,1,500.9,0.0,0.0,0.0,0.0,0.0,11
2023-05-10 22:30:00,sc2509,sc2509,500.9,0.0,0.0,0.0,1,497.0,518.2,1,500.9,0.0,0.0,0.0,0.0,0.0,11
2023-05-10 22:30:01,sc2509,sc2509,500.9,0.0,0.0,0.0,1,497.0,518.1,1,500.9,0.0,0.0,0.0,0.0,0.0,11
2023-05-10 22:30:35,sc2509,sc2509,500.9,0.0,0.0,0.0,2,497.1,518.1,1,500.9,0.0,0.0,0.0,0.0,0.0,11
2023-05-10 22:30:40,sc2509,sc2509,500.9,0.0,0.0,0.0,2,497.1,518.1,1,500.9,0.0,0.0,0.0,0.0,0.0,11
2023-05-10 22:30:41,sc2509,sc2509,500.9,0.0,0.0,0.0,2,497.1,518.1,1,500.9,0.0,0.0,0.0,0.0,0.0,11
2023-05-10 22:30:43,sc2509,sc2509,500.9,0.0,0.0,0.0,2,497.1,518.2,1,500.9,0.0,0.0,0.0,0.0,0.0,11
2023-05-10 22:31:02,sc2509,sc2509,500.9,0.0,0.0,0.0,2,497.1,518.1,1,500.9,0.0,0.0,0.0,0.0,0.0,11
2023-05-10 22:31:17,sc2509,sc2509,500.9,0.0,0.0,0.0,2,497.1,518.2,1,500.9,0.0,0.0,0.0,0.0,0.0,11
2023-05-10 22:31:18,sc2509,sc2509,500.9,0.0,0.0,0.0,2,497.1,518.1,1,500.9,0.0,0.0,0.0,0.0,0.0,11
2023-05-10 22:31:18,sc2509,sc2509,500.9,0.0,0.0,0.0,2,497.1,518.2,1,500.9,0.0,0.0,0.0,0.0,0.0,11
2023-05-10 22:31:19,sc2509,sc2509,500.9,0.0,0.0,0.0,2,497.1,518.1,1,500.9,0.0,0.0,0.0,0.0,0.0,11
2023-05-10 22:31:19,sc2509,sc2509,500.9,0.0,0.0,0.0,2,497.1,518.2,1,500.9,0.0,0.0,0.0,0.0,0.0,11
2023-05-10 22:31:20,sc2509,sc2509,500.9,0.0,0.0,0.0,2,497.1,518.0,1,500.9,0.0,0.0,0.0,0.0,0.0,11
2023-05-10 22:33:21,sc2509,sc2509,500.9,0.0,0.0,0.0,2,497.1,518.2,1,500.9,0.0,0.0,0.0,0.0,0.0,11
2023-05-10 22:33:21,sc2509,sc2509,500.9,0.0,0.0,0.0,2,497.1,518.1,1,500.9,0.0,0.0,0.0,0.0,0.0,11
2023-05-10 22:33:23,sc2509,sc2509,500.9,0.0,0.0,0.0,2,497.1,518.2,1,500.9,0.0,0.0,0.0,0.0,0.0,11
2023-05-10 22:33:26,sc2509,sc2509,500.9,0.0,0.0,0.0,2,497.1,518.1,1,500.9,0.0,0.0,0.0,0.0,0.0,11
2023-05-10 22:33:27,sc2509,sc2509,500.9,0.0,0.0,0.0,2,497.1,518.2,1,500.9,0.0,0.0,0.0,0.0,0.0,11
2023-05-10 22:33:28,sc2509,sc2509,500.9,0.0,0.0,0.0,2,497.1,518.1,1,500.9,0.0,0.0,0.0,0.0,0.0,11
2023-05-10 22:33:50,sc2509,sc2509,500.9,0.0,0.0,0.0,2,497.1,518.1,1,500.9,0.0,0.0,0.0,0.0,0.0,11
2023-05-10 22:33:51,sc2509,sc2509,500.9,0.0,0.0,0.0,2,497.1,518.1,1,500.9,0.0,0.0,0.0,0.0,0.0,11
2023-05-10 22:33:54,sc2509,sc2509,500.9,0.0,0.0,0.0,1,497.0,518.1,1,500.9,0.0,0.0,0.0,0.0,0.0,11
2023-05-10 22:34:09,sc2509,sc2509,500.9,0.0,0.0,0.0,1,497.0,518.1,1,500.9,0.0,0.0,0.0,0.0,0.0,11
2023-05-10 22:34:10,sc2509,sc2509,500.9,0.0,0.0,0.0,1,497.0,518.0,2,500.9,0.0,0.0,0.0,0.0,0.0,11
2023-05-10 22:34:11,sc2509,sc2509,500.9,0.0,0.0,0.0,1,497.0,518.0,2,500.9,0.0,0.0,0.0,0.0,0.0,11
2023-05-10 22:34:11,sc2509,sc2509,500.9,0.0,0.0,0.0,1,497.0,517.9,1,500.9,0.0,0.0,0.0,0.0,0.0,11
2023-05-10 22:34:12,sc2509,sc2509,500.9,0.0,0.0,0.0,1,497.0,517.9,1,500.9,0.0,0.0,0.0,0.0,0.0,11
2023-05-10 22:34:13,sc2509,sc2509,500.9,0.0,0.0,0.0,1,497.0,517.9,1,500.9,0.0,0.0,0.0,0.0,0.0,11
2023-05-10 22:34:49,sc2509,sc2509,500.9,0.0,0.0,0.0,1,497.0,517.9,1,500.9,0.0,0.0,0.0,0.0,0.0,11
2023-05-10 22:34:54,sc2509,sc2509,500.9,0.0,0.0,0.0,1,497.0,517.8,2,500.9,0.0,0.0,0.0,0.0,0.0,11
2023-05-10 22:34:54,sc2509,sc2509,500.9,0.0,0.0,0.0,1,497.0,517.8,2,500.9,0.0,0.0,0.0,0.0,0.0,11
2023-05-10 22:34:55,sc2509,sc2509,500.9,0.0,0.0,0.0,1,497.0,517.7,1,500.9,0.0,0.0,0.0,0.0,0.0,11
2023-05-10 22:35:06,sc2509,sc2509,500.9,0.0,0.0,0.0,1,497.0,517.7,1,500.9,0.0,0.0,0.0,0.0,0.0,11
2023-05-10 22:35:37,sc2509,sc2509,500.9,0.0,0.0,0.0,1,497.0,517.6,2,500.9,0.0,0.0,0.0,0.0,0.0,11
2023-05-10 22:35:38,sc2509,sc2509,500.9,0.0,0.0,0.0,1,497.0,517.6,2,500.9,0.0,0.0,0.0,0.0,0.0,11
2023-05-10 22:35:38,sc2509,sc2509,500.9,0.0,0.0,0.0,1,497.0,517.5,1,500.9,0.0,0.0,0.0,0.0,0.0,11
2023-05-10 22:35:52,sc2509,sc2509,500.9,0.0,0.0,0.0,1,497.0,517.5,1,500.9,0.0,0.0,0.0,0.0,0.0,11
2023-05-10 22:36:20,sc2509,sc2509,500.9,0.0,0.0,0.0,1,497.0,517.4,2,500.9,0.0,0.0,0.0,0.0,0.0,11
2023-05-10 22:36:21,sc2509,sc2509,500.9,0.0,0.0,0.0,1,497.0,517.4,2,500.9,0.0,0.0,0.0,0.0,0.0,11
2023-05-10 22:36:21,sc2509,sc2509,500.9,0.0,0.0,0.0,1,497.0,517.3,1,500.9,0.0,0.0,0.0,0.0,0.0,11
2023-05-10 22:37:00,sc2509,sc2509,500.9,0.0,0.0,0.0,1,497.0,517.3,1,500.9,0.0,0.0,0.0,0.0,0.0,11
2023-05-10 22:37:01,sc2509,sc2509,500.9,0.0,0.0,0.0,1,497.0,517.3,1,500.9,0.0,0.0,0.0,0.0,0.0,11
2023-05-10 22:37:05,sc2509,sc2509,500.9,0.0,0.0,0.0,1,497.0,517.2,2,500.9,0.0,0.0,0.0,0.0,0.0,11
2023-05-10 22:37:06,sc2509,sc2509,500.9,0.0,0.0,0.0,1,497.0,517.2,2,500.9,0.0,0.0,0.0,0.0,0.0,11
2023-05-10 22:37:06,sc2509,sc2509,500.9,0.0,0.0,0.0,1,497.0,517.1,1,500.9,0.0,0.0,0.0,0.0,0.0,11
2023-05-10 22:37:12,sc2509,sc2509,500.9,0.0,0.0,0.0,1,497.0,517.1,1,500.9,0.0,0.0,0.0,0.0,0.0,11
2023-05-10 22:37:13,sc2509,sc2509,500.9,0.0,0.0,0.0,1,497.0,517.1,1,500.9,0.0,0.0,0.0,0.0,0.0,11
2023-05-10 22:37:13,sc2509,sc2509,500.9,0.0,0.0,0.0,1,497.0,517.1,1,500.9,0.0,0.0,0.0,0.0,0.0,11
2023-05-10 22:37:14,sc2509,sc2509,500.9,0.0,0.0,0.0,1,497.0,517.1,1,500.9,0.0,0.0,0.0,0.0,0.0,11
2023-05-10 22:37:14,sc2509,sc2509,500.9,0.0,0.0,0.0,1,493.2,517.1,1,500.9,0.0,0.0,0.0,0.0,0.0,11
2023-05-10 22:37:45,sc2509,sc2509,500.9,0.0,0.0,0.0,1,493.2,517.1,1,500.9,0.0,0.0,0.0,0.0,0.0,11
2023-05-10 22:37:49,sc2509,sc2509,500.9,0.0,0.0,0.0,1,493.2,517.0,2,500.9,0.0,0.0,0.0,0.0,0.0,11
2023-05-10 22:37:50,sc2509,sc2509,500.9,0.0,0.0,0.0,1,493.2,517.0,2,500.9,0.0,0.0,0.0,0.0,0.0,11
2023-05-10 22:37:50,sc2509,sc2509,500.9,0.0,0.0,0.0,1,493.2,516.9,1,500.9,0.0,0.0,0.0,0.0,0.0,11
2023-05-10 22:38:29,sc2509,sc2509,500.9,0.0,0.0,0.0,1,493.2,516.9,1,500.9,0.0,0.0,0.0,0.0,0.0,11
2023-05-10 22:38:32,sc2509,sc2509,500.9,0.0,0.0,0.0,1,493.2,516.8,2,500.9,0.0,0.0,0.0,0.0,0.0,11
2023-05-10 22:38:32,sc2509,sc2509,500.9,0.0,0.0,0.0,1,493.2,516.8,2,500.9,0.0,0.0,0.0,0.0,0.0,11
2023-05-10 22:38:33,sc2509,sc2509,500.9,0.0,0.0,0.0,1,493.2,516.7,1,500.9,0.0,0.0,0.0,0.0,0.0,11
2023-05-10 22:38:55,sc2509,sc2509,500.9,0.0,0.0,0.0,1,493.2,516.7,1,500.9,0.0,0.0,0.0,0.0,0.0,11
2023-05-10 22:39:14,sc2509,sc2509,500.9,0.0,0.0,0.0,2,493.3,516.7,1,500.9,0.0,0.0,0.0,0.0,0.0,11
2023-05-10 22:40:17,sc2509,sc2509,500.9,0.0,0.0,0.0,2,493.3,516.7,1,500.9,0.0,0.0,0.0,0.0,0.0,11
2023-05-10 22:40:18,sc2509,sc2509,500.9,0.0,0.0,0.0,2,493.3,516.7,1,500.9,0.0,0.0,0.0,0.0,0.0,11
2023-05-10 22:44:12,sc2509,sc2509,500.9,0.0,0.0,0.0,1,493.2,516.7,1,500.9,0.0,0.0,0.0,0.0,0.0,11
2023-05-10 22:44:21,sc2509,sc2509,500.9,0.0,0.0,0.0,2,493.3,516.7,1,500.9,0.0,0.0,0.0,0.0,0.0,11
2023-05-10 22:46:01,sc2509,sc2509,500.9,0.0,0.0,0.0,1,493.2,516.7,1,500.9,0.0,0.0,0.0,0.0,0.0,11
2023-05-10 22:46:32,sc2509,sc2509,500.9,0.0,0.0,0.0,1,493.2,516.6,2,500.9,0.0,0.0,0.0,0.0,0.0,11
2023-05-10 22:46:33,sc2509,sc2509,500.9,0.0,0.0,0.0,1,493.2,516.6,2,500.9,0.0,0.0,0.0,0.0,0.0,11
2023-05-10 22:46:33,sc2509,sc2509,500.9,0.0,0.0,0.0,1,493.2,516.5,1,500.9,0.0,0.0,0.0,0.0,0.0,11
2023-05-10 22:46:36,sc2509,sc2509,500.9,0.0,0.0,0.0,1,493.2,516.5,1,500.9,0.0,0.0,0.0,0.0,0.0,11
2023-05-10 22:46:47,sc2509,sc2509,500.9,0.0,0.0,0.0,1,493.2,516.4,1,500.9,0.0,0.0,0.0,0.0,0.0,11
2023-05-10 22:46:47,sc2509,sc2509,500.9,0.0,0.0,0.0,1,493.2,516.4,1,500.9,0.0,0.0,0.0,0.0,0.0,11
2023-05-10 22:46:48,sc2509,sc2509,500.9,0.0,0.0,0.0,1,493.2,516.3,1,500.9,0.0,0.0,0.0,0.0,0.0,11
2023-05-10 22:47:16,sc2509,sc2509,500.9,0.0,0.0,0.0,2,493.3,516.3,1,500.9,0.0,0.0,0.0,0.0,0.0,11
2023-05-10 22:51:05,sc2509,sc2509,500.9,0.0,0.0,0.0,1,493.2,516.3,1,500.9,0.0,0.0,0.0,0.0,0.0,11
2023-05-10 22:51:34,sc2509,sc2509,500.9,0.0,0.0,0.0,1,493.2,516.2,2,500.9,0.0,0.0,0.0,0.0,0.0,11
2023-05-10 22:51:34,sc2509,sc2509,500.9,0.0,0.0,0.0,1,493.2,516.2,2,500.9,0.0,0.0,0.0,0.0,0.0,11
2023-05-10 22:51:35,sc2509,sc2509,500.9,0.0,0.0,0.0,1,493.2,516.1,1,500.9,0.0,0.0,0.0,0.0,0.0,11
2023-05-10 22:51:41,sc2509,sc2509,500.9,0.0,0.0,0.0,1,493.2,516.2,2,500.9,0.0,0.0,0.0,0.0,0.0,11
2023-05-10 22:52:23,sc2509,sc2509,500.9,0.0,0.0,0.0,1,493.2,516.4,1,500.9,0.0,0.0,0.0,0.0,0.0,11
2023-05-10 22:53:02,sc2509,sc2509,500.9,0.0,0.0,0.0,1,493.2,516.3,2,500.9,0.0,0.0,0.0,0.0,0.0,11
2023-05-10 22:53:10,sc2509,sc2509,500.9,0.0,0.0,0.0,1,493.2,516.4,1,500.9,0.0,0.0,0.0,0.0,0.0,11
2023-05-10 22:53:47,sc2509,sc2509,500.9,0.0,0.0,0.0,2,493.3,516.4,1,500.9,0.0,0.0,0.0,0.0,0.0,11
2023-05-10 22:58:12,sc2509,sc2509,500.9,0.0,0.0,0.0,1,493.2,516.4,1,500.9,0.0,0.0,0.0,0.0,0.0,11
2023-05-10 22:58:48,sc2509,sc2509,500.9,0.0,0.0,0.0,2,493.3,516.4,1,500.9,0.0,0.0,0.0,0.0,0.0,11
2023-05-10 23:01:36,sc2509,sc2509,500.9,0.0,0.0,0.0,2,493.3,516.4,1,500.9,0.0,0.0,0.0,0.0,0.0,11
2023-05-10 23:01:37,sc2509,sc2509,500.9,0.0,0.0,0.0,2,493.3,516.4,1,500.9,0.0,0.0,0.0,0.0,0.0,11
2023-05-10 23:03:45,sc2509,sc2509,500.9,0.0,0.0,0.0,1,493.2,516.4,1,500.9,0.0,0.0,0.0,0.0,0.0,11
2023-05-10 23:03:49,sc2509,sc2509,500.9,0.0,0.0,0.0,2,493.3,516.4,1,500.9,0.0,0.0,0.0,0.0,0.0,11
2023-05-10 23:08:02,sc2509,sc2509,500.9,0.0,0.0,0.0,2,493.3,516.4,1,500.9,0.0,0.0,0.0,0.0,0.0,11
2023-05-10 23:08:03,sc2509,sc2509,500.9,0.0,0.0,0.0,2,493.3,516.4,1,500.9,0.0,0.0,0.0,0.0,0.0,11
2023-05-10 23:08:46,sc2509,sc2509,500.9,0.0,0.0,0.0,1,493.2,516.4,1,500.9,0.0,0.0,0.0,0.0,0.0,11
2023-05-10 23:09:27,sc2509,sc2509,500.9,0.0,0.0,0.0,2,493.3,516.4,1,500.9,0.0,0.0,0.0,0.0,0.0,11
2023-05-10 23:14:26,sc2509,sc2509,500.9,0.0,0.0,0.0,1,493.2,516.4,1,500.9,0.0,0.0,0.0,0.0,0.0,11
2023-05-10 23:15:07,sc2509,sc2509,500.9,0.0,0.0,0.0,2,493.3,516.4,1,500.9,0.0,0.0,0.0,0.0,0.0,11
2023-05-10 23:16:06,sc2509,sc2509,500.9,0.0,0.0,0.0,1,497.0,516.4,1,500.9,0.0,0.0,0.0,0.0,0.0,11
2023-05-10 23:16:07,sc2509,sc2509,500.9,0.0,0.0,0.0,1,497.0,516.4,1,500.9,0.0,0.0,0.0,0.0,0.0,11
2023-05-10 23:16:28,sc2509,sc2509,500.9,0.0,0.0,0.0,1,497.0,516.4,1,500.9,0.0,0.0,0.0,0.0,0.0,11
2023-05-10 23:16:43,sc2509,sc2509,500.9,0.0,0.0,0.0,1,497.0,516.4,1,500.9,0.0,0.0,0.0,0.0,0.0,11
2023-05-10 23:17:17,sc2509,sc2509,500.9,0.0,0.0,0.0,2,497.1,516.4,1,500.9,0.0,0.0,0.0,0.0,0.0,11
2023-05-10 23:18:15,sc2509,sc2509,500.9,0.0,0.0,0.0,2,497.1,516.4,1,500.9,0.0,0.0,0.0,0.0,0.0,11
2023-05-10 23:18:16,sc2509,sc2509,500.9,0.0,0.0,0.0,2,497.1,516.4,1,500.9,0.0,0.0,0.0,0.0,0.0,11
2023-05-10 23:18:36,sc2509,sc2509,500.9,0.0,0.0,0.0,2,497.1,523.6,1,500.9,0.0,0.0,0.0,0.0,0.0,11
2023-05-10 23:18:38,sc2509,sc2509,500.9,0.0,0.0,0.0,1,497.0,523.6,1,500.9,0.0,0.0,0.0,0.0,0.0,11
2023-05-10 23:18:45,sc2509,sc2509,500.9,0.0,0.0,0.0,1,497.0,523.5,2,500.9,0.0,0.0,0.0,0.0,0.0,11
2023-05-10 23:23:42,sc2509,sc2509,500.9,0.0,0.0,0.0,1,497.0,523.6,1,500.9,0.0,0.0,0.0,0.0,0.0,11
2023-05-10 23:23:47,sc2509,sc2509,500.9,0.0,0.0,0.0,1,497.0,523.5,2,500.9,0.0,0.0,0.0,0.0,0.0,11
2023-05-10 23:25:54,sc2509,sc2509,500.9,0.0,0.0,0.0,1,497.0,523.5,2,500.9,0.0,0.0,0.0,0.0,0.0,11
2023-05-10 23:28:44,sc2509,sc2509,500.9,0.0,0.0,0.0,1,497.0,523.6,1,500.9,0.0,0.0,0.0,0.0,0.0,11
2023-05-10 23:29:24,sc2509,sc2509,500.9,0.0,0.0,0.0,1,497.0,523.5,2,500.9,0.0,0.0,0.0,0.0,0.0,11
2023-05-10 23:34:22,sc2509,sc2509,500.9,0.0,0.0,0.0,1,497.0,523.6,1,500.9,0.0,0.0,0.0,0.0,0.0,11
2023-05-10 23:35:03,sc2509,sc2509,500.9,0.0,0.0,0.0,1,497.0,523.5,2,500.9,0.0,0.0,0.0,0.0,0.0,11
2023-05-10 23:38:48,sc2509,sc2509,500.9,0.0,0.0,0.0,1,497.0,523.5,2,500.9,0.0,0.0,0.0,0.0,0.0,11
2023-05-10 23:38:49,sc2509,sc2509,500.9,0.0,0.0,0.0,1,497.0,523.5,2,500.9,0.0,0.0,0.0,0.0,0.0,11
2023-05-10 23:40:02,sc2509,sc2509,500.9,0.0,0.0,0.0,1,497.0,523.6,1,500.9,0.0,0.0,0.0,0.0,0.0,11
2023-05-10 23:40:41,sc2509,sc2509,500.9,0.0,0.0,0.0,1,497.0,523.5,2,500.9,0.0,0.0,0.0,0.0,0.0,11
2023-05-10 23:45:40,sc2509,sc2509,500.9,0.0,0.0,0.0,1,497.0,523.6,1,500.9,0.0,0.0,0.0,0.0,0.0,11
2023-05-10 23:45:43,sc2509,sc2509,500.9,0.0,0.0,0.0,1,497.0,523.5,2,500.9,0.0,0.0,0.0,0.0,0.0,11
2023-05-10 23:50:42,sc2509,sc2509,500.9,0.0,0.0,0.0,1,497.0,523.6,1,500.9,0.0,0.0,0.0,0.0,0.0,11
2023-05-10 23:51:17,sc2509,sc2509,500.9,0.0,0.0,0.0,1,497.0,523.5,2,500.9,0.0,0.0,0.0,0.0,0.0,11
2023-05-10 23:55:46,sc2509,sc2509,500.9,0.0,0.0,0.0,1,497.0,523.6,1,500.9,0.0,0.0,0.0,0.0,0.0,11
2023-05-10 23:56:12,sc2509,sc2509,500.9,0.0,0.0,0.0,2,497.1,523.6,1,500.9,0.0,0.0,0.0,0.0,0.0,11
2023-05-10 23:59:42,sc2509,sc2509,500.9,0.0,0.0,0.0,1,497.0,523.6,1,500.9,0.0,0.0,0.0,0.0,0.0,11
2023-05-11 00:00:17,sc2509,sc2509,500.9,0.0,0.0,0.0,1,497.0,523.5,2,500.9,0.0,0.0,0.0,0.0,0.0,11
2023-05-11 00:00:54,sc2509,sc2509,500.9,0.0,0.0,0.0,1,497.0,523.5,2,500.9,0.0,0.0,0.0,0.0,0.0,11
2023-05-11 00:00:55,sc2509,sc2509,500.9,0.0,0.0,0.0,1,497.0,523.5,2,500.9,0.0,0.0,0.0,0.0,0.0,11
2023-05-11 00:03:11,sc2509,sc2509,500.9,0.0,0.0,0.0,1,497.0,523.6,1,500.9,0.0,0.0,0.0,0.0,0.0,11
2023-05-11 00:03:50,sc2509,sc2509,500.9,0.0,0.0,0.0,1,497.0,523.5,2,500.9,0.0,0.0,0.0,0.0,0.0,11
2023-05-11 00:04:49,sc2509,sc2509,500.9,0.0,0.0,0.0,1,497.0,523.6,1,500.9,0.0,0.0,0.0,0.0,0.0,11
2023-05-11 00:05:17,sc2509,sc2509,500.9,0.0,0.0,0.0,2,497.1,523.6,1,500.9,0.0,0.0,0.0,0.0,0.0,11
2023-05-11 00:05:54,sc2509,sc2509,500.9,0.0,0.0,0.0,2,497.1,523.6,1,500.9,0.0,0.0,0.0,0.0,0.0,11
2023-05-11 00:07:23,sc2509,sc2509,500.9,0.0,0.0,0.0,2,497.1,523.6,1,500.9,0.0,0.0,0.0,0.0,0.0,11
2023-05-11 00:07:24,sc2509,sc2509,500.9,0.0,0.0,0.0,2,497.1,523.6,1,500.9,0.0,0.0,0.0,0.0,0.0,11
2023-05-11 00:10:15,sc2509,sc2509,500.9,0.0,0.0,0.0,1,497.0,523.6,1,500.9,0.0,0.0,0.0,0.0,0.0,11
2023-05-11 00:10:18,sc2509,sc2509,500.9,0.0,0.0,0.0,2,497.1,523.6,1,500.9,0.0,0.0,0.0,0.0,0.0,11
2023-05-11 00:11:06,sc2509,sc2509,500.9,0.0,0.0,0.0,1,497.0,523.6,1,500.9,0.0,0.0,0.0,0.0,0.0,11
2023-05-11 00:11:45,sc2509,sc2509,500.9,0.0,0.0,0.0,2,497.1,523.6,1,500.9,0.0,0.0,0.0,0.0,0.0,11
2023-05-11 00:16:42,sc2509,sc2509,500.9,0.0,0.0,0.0,1,497.0,523.6,1,500.9,0.0,0.0,0.0,0.0,0.0,11
2023-05-11 00:17:23,sc2509,sc2509,500.9,0.0,0.0,0.0,2,497.1,523.6,1,500.9,0.0,0.0,0.0,0.0,0.0,11
2023-05-11 00:19:28,sc2509,sc2509,500.9,0.0,0.0,0.0,2,497.1,523.6,1,500.9,0.0,0.0,0.0,0.0,0.0,11
2023-05-11 00:19:29,sc2509,sc2509,500.9,0.0,0.0,0.0,2,497.1,523.6,1,500.9,0.0,0.0,0.0,0.0,0.0,11
2023-05-11 00:22:22,sc2509,sc2509,500.9,0.0,0.0,0.0,1,497.0,523.6,1,500.9,0.0,0.0,0.0,0.0,0.0,11
2023-05-11 00:23:03,sc2509,sc2509,500.9,0.0,0.0,0.0,2,497.1,523.6,1,500.9,0.0,0.0,0.0,0.0,0.0,11
2023-05-11 00:28:02,sc2509,sc2509,500.9,0.0,0.0,0.0,1,497.0,523.6,1,500.9,0.0,0.0,0.0,0.0,0.0,11
2023-05-11 00:28:38,sc2509,sc2509,500.9,0.0,0.0,0.0,2,497.1,523.6,1,500.9,0.0,0.0,0.0,0.0,0.0,11
2023-05-11 00:32:55,sc2509,sc2509,500.9,0.0,0.0,0.0,1,497.0,523.6,1,500.9,0.0,0.0,0.0,0.0,0.0,11
2023-05-11 00:33:00,sc2509,sc2509,500.9,0.0,0.0,0.0,1,497.0,523.5,2,500.9,0.0,0.0,0.0,0.0,0.0,11
2023-05-11 00:33:09,sc2509,sc2509,500.9,0.0,0.0,0.0,1,497.0,523.6,1,500.9,0.0,0.0,0.0,0.0,0.0,11
2023-05-11 00:33:42,sc2509,sc2509,500.9,0.0,0.0,0.0,2,497.1,523.6,1,500.9,0.0,0.0,0.0,0.0,0.0,11
2023-05-11 00:36:46,sc2509,sc2509,500.9,0.0,0.0,0.0,1,497.0,523.6,1,500.9,0.0,0.0,0.0,0.0,0.0,11
2023-05-11 00:37:18,sc2509,sc2509,500.9,0.0,0.0,0.0,2,497.1,523.6,1,500.9,0.0,0.0,0.0,0.0,0.0,11
2023-05-11 00:39:03,sc2509,sc2509,500.9,0.0,0.0,0.0,1,497.0,523.6,1,500.9,0.0,0.0,0.0,0.0,0.0,11
2023-05-11 00:39:25,sc2509,sc2509,500.9,0.0,0.0,0.0,1,497.0,523.5,2,500.9,0.0,0.0,0.0,0.0,0.0,11
2023-05-11 00:42:13,sc2509,sc2509,500.9,0.0,0.0,0.0,1,497.0,523.5,2,500.9,0.0,0.0,0.0,0.0,0.0,11
2023-05-11 00:44:24,sc2509,sc2509,500.9,0.0,0.0,0.0,1,497.0,523.6,1,500.9,0.0,0.0,0.0,0.0,0.0,11
2023-05-11 00:45:03,sc2509,sc2509,500.9,0.0,0.0,0.0,1,497.0,523.5,2,500.9,0.0,0.0,0.0,0.0,0.0,11
2023-05-11 00:50:03,sc2509,sc2509,500.9,0.0,0.0,0.0,1,497.0,523.6,1,500.9,0.0,0.0,0.0,0.0,0.0,11
2023-05-11 00:50:39,sc2509,sc2509,500.9,0.0,0.0,0.0,1,497.0,523.5,2,500.9,0.0,0.0,0.0,0.0,0.0,11
2023-05-11 00:52:43,sc2509,sc2509,500.9,0.0,0.0,0.0,1,497.0,523.5,2,500.9,0.0,0.0,0.0,0.0,0.0,11
2023-05-11 00:52:43,sc2509,sc2509,500.9,0.0,0.0,0.0,1,497.0,523.5,2,500.9,0.0,0.0,0.0,0.0,0.0,11
2023-05-11 00:55:39,sc2509,sc2509,500.9,0.0,0.0,0.0,1,497.0,523.6,1,500.9,0.0,0.0,0.0,0.0,0.0,11
2023-05-11 00:56:20,sc2509,sc2509,500.9,0.0,0.0,0.0,1,497.0,523.5,2,500.9,0.0,0.0,0.0,0.0,0.0,11
2023-05-11 01:01:19,sc2509,sc2509,500.9,0.0,0.0,0.0,1,497.0,523.6,1,500.9,0.0,0.0,0.0,0.0,0.0,11
2023-05-11 01:01:58,sc2509,sc2509,500.9,0.0,0.0,0.0,1,497.0,523.5,2,500.9,0.0,0.0,0.0,0.0,0.0,11
2023-05-11 01:02:01,sc2509,sc2509,500.9,0.0,0.0,0.0,1,497.0,523.5,2,500.9,0.0,0.0,0.0,0.0,0.0,11
2023-05-11 01:02:01,sc2509,sc2509,500.9,0.0,0.0,0.0,1,497.0,523.5,2,500.9,0.0,0.0,0.0,0.0,0.0,11
2023-05-11 01:06:56,sc2509,sc2509,500.9,0.0,0.0,0.0,1,497.0,523.6,1,500.9,0.0,0.0,0.0,0.0,0.0,11
2023-05-11 01:07:31,sc2509,sc2509,500.9,0.0,0.0,0.0,1,497.0,523.6,1,500.9,0.0,0.0,0.0,0.0,0.0,11
2023-05-11 01:07:38,sc2509,sc2509,500.9,0.0,0.0,0.0,1,497.0,523.5,2,500.9,0.0,0.0,0.0,0.0,0.0,11
2023-05-11 01:11:01,sc2509,sc2509,500.9,0.0,0.0,0.0,1,497.0,523.5,2,500.9,0.0,0.0,0.0,0.0,0.0,11
2023-05-11 01:11:01,sc2509,sc2509,500.9,0.0,0.0,0.0,1,497.0,523.5,2,500.9,0.0,0.0,0.0,0.0,0.0,11
2023-05-11 01:12:22,sc2509,sc2509,500.9,0.0,0.0,0.0,1,497.0,521.2,1,500.9,0.0,0.0,0.0,0.0,0.0,11
2023-05-11 01:12:27,sc2509,sc2509,500.9,0.0,0.0,0.0,1,497.0,521.2,1,500.9,0.0,0.0,0.0,0.0,0.0,11
2023-05-11 01:12:37,sc2509,sc2509,500.9,0.0,0.0,0.0,1,497.0,521.2,1,500.9,0.0,0.0,0.0,0.0,0.0,11
2023-05-11 01:13:19,sc2509,sc2509,500.9,0.0,0.0,0.0,1,497.0,521.1,2,500.9,0.0,0.0,0.0,0.0,0.0,11
2023-05-11 01:17:11,sc2509,sc2509,500.9,0.0,0.0,0.0,1,497.0,521.2,1,500.9,0.0,0.0,0.0,0.0,0.0,11
2023-05-11 01:17:40,sc2509,sc2509,500.9,0.0,0.0,0.0,2,497.1,521.2,1,500.9,0.0,0.0,0.0,0.0,0.0,11
2023-05-11 01:17:55,sc2509,sc2509,500.9,0.0,0.0,0.0,1,497.0,521.2,1,500.9,0.0,0.0,0.0,0.0,0.0,11
2023-05-11 01:18:23,sc2509,sc2509,500.9,0.0,0.0,0.0,1,497.0,521.1,2,500.9,0.0,0.0,0.0,0.0,0.0,11
2023-05-11 01:18:36,sc2509,sc2509,500.9,0.0,0.0,0.0,1,497.0,521.2,1,500.9,0.0,0.0,0.0,0.0,0.0,11
2023-05-11 01:19:06,sc2509,sc2509,500.9,0.0,0.0,0.0,2,497.1,521.2,1,500.9,0.0,0.0,0.0,0.0,0.0,11
2023-05-11 01:20:02,sc2509,sc2509,500.9,0.0,0.0,0.0,1,497.0,521.2,1,500.9,0.0,0.0,0.0,0.0,0.0,11
2023-05-11 01:20:30,sc2509,sc2509,500.9,0.0,0.0,0.0,1,497.0,521.1,2,500.9,0.0,0.0,0.0,0.0,0.0,11
2023-05-11 01:21:09,sc2509,sc2509,500.9,0.0,0.0,0.0,1,493.3,521.1,2,500.9,0.0,0.0,0.0,0.0,0.0,11
2023-05-11 01:21:09,sc2509,sc2509,500.9,0.0,0.0,0.0,1,493.3,521.2,1,500.9,0.0,0.0,0.0,0.0,0.0,11
2023-05-11 01:21:12,sc2509,sc2509,500.9,0.0,0.0,0.0,2,493.4,521.2,1,500.9,0.0,0.0,0.0,0.0,0.0,11
2023-05-11 01:24:24,sc2509,sc2509,500.9,0.0,0.0,0.0,2,493.4,521.2,1,500.9,0.0,0.0,0.0,0.0,0.0,11
2023-05-11 01:24:24,sc2509,sc2509,500.9,0.0,0.0,0.0,2,493.4,521.2,1,500.9,0.0,0.0,0.0,0.0,0.0,11
2023-05-11 01:25:01,sc2509,sc2509,500.9,0.0,0.0,0.0,2,493.4,521.2,1,500.9,0.0,0.0,0.0,0.0,0.0,11
2023-05-11 01:25:02,sc2509,sc2509,500.9,0.0,0.0,0.0,2,493.4,521.2,1,500.9,0.0,0.0,0.0,0.0,0.0,11
2023-05-11 01:25:02,sc2509,sc2509,500.9,0.0,0.0,0.0,2,493.4,521.2,1,500.9,0.0,0.0,0.0,0.0,0.0,11
2023-05-11 01:25:03,sc2509,sc2509,500.9,0.0,0.0,0.0,1,493.3,521.2,1,500.9,0.0,0.0,0.0,0.0,0.0,11
2023-05-11 01:25:11,sc2509,sc2509,500.9,0.0,0.0,0.0,1,493.3,521.2,1,500.9,0.0,0.0,0.0,0.0,0.0,11
2023-05-11 01:25:13,sc2509,sc2509,500.9,0.0,0.0,0.0,1,493.3,521.2,1,500.9,0.0,0.0,0.0,0.0,0.0,11
2023-05-11 01:25:29,sc2509,sc2509,500.9,0.0,0.0,0.0,1,493.3,521.1,2,500.9,0.0,0.0,0.0,0.0,0.0,11
2023-05-11 01:25:47,sc2509,sc2509,500.9,0.0,0.0,0.0,1,493.3,521.1,2,500.9,0.0,0.0,0.0,0.0,0.0,11
2023-05-11 01:25:48,sc2509,sc2509,500.9,0.0,0.0,0.0,1,493.3,517.5,1,500.9,0.0,0.0,0.0,0.0,0.0,11
2023-05-11 01:25:49,sc2509,sc2509,500.9,0.0,0.0,0.0,1,493.3,517.5,1,500.9,0.0,0.0,0.0,0.0,0.0,11
2023-05-11 01:25:50,sc2509,sc2509,500.9,0.0,0.0,0.0,1,493.3,517.5,1,500.9,0.0,0.0,0.0,0.0,0.0,11
2023-05-11 01:25:52,sc2509,sc2509,500.9,0.0,0.0,0.0,1,493.3,517.5,1,500.9,0.0,0.0,0.0,0.0,0.0,11
2023-05-11 01:26:05,sc2509,sc2509,500.9,0.0,0.0,0.0,1,491.1,517.5,1,500.9,0.0,0.0,0.0,0.0,0.0,11
2023-05-11 01:26:14,sc2509,sc2509,500.9,0.0,0.0,0.0,2,491.2,517.5,1,500.9,0.0,0.0,0.0,0.0,0.0,11
2023-05-11 01:28:06,sc2509,sc2509,500.9,0.0,0.0,0.0,2,491.2,517.5,1,500.9,0.0,0.0,0.0,0.0,0.0,11
2023-05-11 01:28:06,sc2509,sc2509,500.9,0.0,0.0,0.0,2,491.2,517.5,1,500.9,0.0,0.0,0.0,0.0,0.0,11
2023-05-11 01:28:26,sc2509,sc2509,500.9,0.0,0.0,0.0,2,491.2,517.5,1,500.9,0.0,0.0,0.0,0.0,0.0,11
2023-05-11 01:28:28,sc2509,sc2509,500.9,0.0,0.0,0.0,2,491.2,517.5,1,500.9,0.0,0.0,0.0,0.0,0.0,11
2023-05-11 01:28:29,sc2509,sc2509,500.9,0.0,0.0,0.0,1,491.1,517.5,1,500.9,0.0,0.0,0.0,0.0,0.0,11
2023-05-11 01:29:05,sc2509,sc2509,500.9,0.0,0.0,0.0,2,491.2,517.5,1,500.9,0.0,0.0,0.0,0.0,0.0,11
2023-05-11 01:29:07,sc2509,sc2509,500.9,0.0,0.0,0.0,2,491.2,517.5,1,500.9,0.0,0.0,0.0,0.0,0.0,11
2023-05-11 01:29:07,sc2509,sc2509,500.9,0.0,0.0,0.0,2,491.2,517.5,1,500.9,0.0,0.0,0.0,0.0,0.0,11
2023-05-11 01:30:02,sc2509,sc2509,500.9,0.0,0.0,0.0,1,491.1,517.5,1,500.9,0.0,0.0,0.0,0.0,0.0,11
2023-05-11 01:30:31,sc2509,sc2509,500.9,0.0,0.0,0.0,2,491.2,517.5,1,500.9,0.0,0.0,0.0,0.0,0.0,11
2023-05-11 01:35:30,sc2509,sc2509,500.9,0.0,0.0,0.0,1,491.1,517.5,1,500.9,0.0,0.0,0.0,0.0,0.0,11
2023-05-11 01:35:32,sc2509,sc2509,500.9,0.0,0.0,0.0,2,491.2,517.5,1,500.9,0.0,0.0,0.0,0.0,0.0,11
2023-05-11 01:37:08,sc2509,sc2509,500.9,0.0,0.0,0.0,1,491.1,517.5,1,500.9,0.0,0.0,0.0,0.0,0.0,11
2023-05-11 01:37:21,sc2509,sc2509,500.9,0.0,0.0,0.0,1,491.1,517.5,1,500.9,0.0,0.0,0.0,0.0,0.0,11
2023-05-11 01:37:21,sc2509,sc2509,500.9,0.0,0.0,0.0,1,491.1,517.5,1,500.9,0.0,0.0,0.0,0.0,0.0,11
2023-05-11 01:37:43,sc2509,sc2509,500.9,0.0,0.0,0.0,1,491.1,517.4,2,500.9,0.0,0.0,0.0,0.0,0.0,11
2023-05-11 01:38:10,sc2509,sc2509,500.9,0.0,0.0,0.0,1,491.1,517.5,1,500.9,0.0,0.0,0.0,0.0,0.0,11
2023-05-11 01:38:26,sc2509,sc2509,500.9,0.0,0.0,0.0,2,491.2,517.5,1,500.9,0.0,0.0,0.0,0.0,0.0,11
2023-05-11 01:39:04,sc2509,sc2509,500.9,0.0,0.0,0.0,1,491.1,517.5,1,500.9,0.0,0.0,0.0,0.0,0.0,11
2023-05-11 01:39:08,sc2509,sc2509,500.9,0.0,0.0,0.0,1,491.1,517.4,2,500.9,0.0,0.0,0.0,0.0,0.0,11
2023-05-11 01:39:51,sc2509,sc2509,500.9,0.0,0.0,0.0,1,491.1,517.4,2,500.9,0.0,0.0,0.0,0.0,0.0,11
2023-05-11 01:39:54,sc2509,sc2509,500.9,0.0,0.0,0.0,1,491.1,517.4,2,500.9,0.0,0.0,0.0,0.0,0.0,11
2023-05-11 01:39:54,sc2509,sc2509,500.9,0.0,0.0,0.0,1,491.1,517.4,2,500.9,0.0,0.0,0.0,0.0,0.0,11
2023-05-11 01:42:28,sc2509,sc2509,500.9,0.0,0.0,0.0,1,491.1,517.4,2,500.9,0.0,0.0,0.0,0.0,0.0,11
2023-05-11 01:42:30,sc2509,sc2509,500.9,0.0,0.0,0.0,1,491.1,517.4,2,500.9,0.0,0.0,0.0,0.0,0.0,11
2023-05-11 01:44:07,sc2509,sc2509,500.9,0.0,0.0,0.0,1,491.1,517.5,1,500.9,0.0,0.0,0.0,0.0,0.0,11
2023-05-11 01:44:10,sc2509,sc2509,500.9,0.0,0.0,0.0,1,491.1,517.4,2,500.9,0.0,0.0,0.0,0.0,0.0,11
2023-05-11 01:49:09,sc2509,sc2509,500.9,0.0,0.0,0.0,1,491.1,517.5,1,500.9,0.0,0.0,0.0,0.0,0.0,11
2023-05-11 01:49:47,sc2509,sc2509,500.9,0.0,0.0,0.0,1,491.1,517.4,2,500.9,0.0,0.0,0.0,0.0,0.0,11
2023-05-11 01:53:00,sc2509,sc2509,500.9,0.0,0.0,0.0,1,491.1,517.4,2,500.9,0.0,0.0,0.0,0.0,0.0,11
2023-05-11 01:53:01,sc2509,sc2509,500.9,0.0,0.0,0.0,1,491.1,517.5,1,500.9,0.0,0.0,0.0,0.0,0.0,11
2023-05-11 01:53:04,sc2509,sc2509,500.9,0.0,0.0,0.0,1,491.1,517.5,1,500.9,0.0,0.0,0.0,0.0,0.0,11
2023-05-11 01:53:04,sc2509,sc2509,500.9,0.0,0.0,0.0,1,491.1,517.5,1,500.9,0.0,0.0,0.0,0.0,0.0,11
2023-05-11 01:53:21,sc2509,sc2509,500.9,0.0,0.0,0.0,2,491.2,517.5,1,500.9,0.0,0.0,0.0,0.0,0.0,11
2023-05-11 01:58:18,sc2509,sc2509,500.9,0.0,0.0,0.0,1,491.1,517.5,1,500.9,0.0,0.0,0.0,0.0,0.0,11
2023-05-11 01:58:57,sc2509,sc2509,500.9,0.0,0.0,0.0,2,491.2,517.5,1,500.9,0.0,0.0,0.0,0.0,0.0,11
2023-05-11 02:00:10,sc2509,sc2509,500.9,0.0,0.0,0.0,1,491.1,517.5,1,500.9,0.0,0.0,0.0,0.0,0.0,11
2023-05-11 02:00:22,sc2509,sc2509,500.9,0.0,0.0,0.0,2,491.2,517.5,1,500.9,0.0,0.0,0.0,0.0,0.0,11
2023-05-11 02:00:29,sc2509,sc2509,500.9,0.0,0.0,0.0,1,491.1,517.5,1,500.9,0.0,0.0,0.0,0.0,0.0,11
2023-05-11 02:00:40,sc2509,sc2509,500.9,0.0,0.0,0.0,1,491.1,517.5,1,500.9,0.0,0.0,0.0,0.0,0.0,11
2023-05-11 02:00:40,sc2509,sc2509,500.9,0.0,0.0,0.0,1,491.1,517.5,1,500.9,0.0,0.0,0.0,0.0,0.0,11
2023-05-11 02:01:05,sc2509,sc2509,500.9,0.0,0.0,0.0,1,491.1,517.4,2,500.9,0.0,0.0,0.0,0.0,0.0,11
2023-05-11 02:01:35,sc2509,sc2509,500.9,0.0,0.0,0.0,1,491.1,517.5,1,500.9,0.0,0.0,0.0,0.0,0.0,11
2023-05-11 02:01:50,sc2509,sc2509,500.9,0.0,0.0,0.0,1,491.1,517.4,2,500.9,0.0,0.0,0.0,0.0,0.0,11
2023-05-11 02:05:00,sc2509,sc2509,500.9,0.0,0.0,0.0,1,491.1,517.5,1,500.9,0.0,0.0,0.0,0.0,0.0,11
2023-05-11 02:05:20,sc2509,sc2509,500.9,0.0,0.0,0.0,2,491.2,517.5,1,500.9,0.0,0.0,0.0,0.0,0.0,11
2023-05-11 02:06:38,sc2509,sc2509,500.9,0.0,0.0,0.0,1,491.1,517.5,1,500.9,0.0,0.0,0.0,0.0,0.0,11
2023-05-11 02:06:44,sc2509,sc2509,500.9,0.0,0.0,0.0,1,491.1,517.4,2,500.9,0.0,0.0,0.0,0.0,0.0,11
2023-05-11 02:07:30,sc2509,sc2509,500.9,0.0,0.0,0.0,1,491.1,517.5,1,500.9,0.0,0.0,0.0,0.0,0.0,11
2023-05-11 02:08:09,sc2509,sc2509,500.9,0.0,0.0,0.0,2,491.2,517.5,1,500.9,0.0,0.0,0.0,0.0,0.0,11
2023-05-11 02:13:08,sc2509,sc2509,500.9,0.0,0.0,0.0,1,491.1,517.5,1,500.9,0.0,0.0,0.0,0.0,0.0,11
2023-05-11 02:13:45,sc2509,sc2509,500.9,0.0,0.0,0.0,2,491.2,517.5,1,500.9,0.0,0.0,0.0,0.0,0.0,11
2023-05-11 02:15:08,sc2509,sc2509,500.9,0.0,0.0,0.0,1,491.1,517.5,1,500.9,0.0,0.0,0.0,0.0,0.0,11
2023-05-11 02:15:12,sc2509,sc2509,500.9,0.0,0.0,0.0,1,491.1,517.4,2,500.9,0.0,0.0,0.0,0.0,0.0,11
2023-05-11 02:16:16,sc2509,sc2509,500.9,0.0,0.0,0.0,1,491.1,517.5,1,500.9,0.0,0.0,0.0,0.0,0.0,11
2023-05-11 02:16:37,sc2509,sc2509,500.9,0.0,0.0,0.0,2,491.2,517.5,1,500.9,0.0,0.0,0.0,0.0,0.0,11
2023-05-11 02:21:36,sc2509,sc2509,500.9,0.0,0.0,0.0,1,491.1,517.5,1,500.9,0.0,0.0,0.0,0.0,0.0,11
2023-05-11 02:22:13,sc2509,sc2509,500.9,0.0,0.0,0.0,2,491.2,517.5,1,500.9,0.0,0.0,0.0,0.0,0.0,11
2023-05-11 02:25:07,sc2509,sc2509,500.9,0.0,0.0,0.0,1,491.1,517.5,1,500.9,0.0,0.0,0.0,0.0,0.0,11
2023-05-11 02:25:45,sc2509,sc2509,500.9,0.0,0.0,0.0,2,491.2,517.5,1,500.9,0.0,0.0,0.0,0.0,0.0,11
2023-05-11 02:26:50,sc2509,sc2509,500.9,0.0,0.0,0.0,2,491.2,517.5,1,500.9,0.0,0.0,0.0,0.0,0.0,11
2023-05-11 02:27:02,sc2509,sc2509,500.9,0.0,0.0,0.0,1,493.2,517.5,1,500.9,0.0,0.0,0.0,0.0,0.0,11
2023-05-11 02:27:07,sc2509,sc2509,500.9,0.0,0.0,0.0,1,493.2,517.5,1,500.9,0.0,0.0,0.0,0.0,0.0,11
2023-05-11 02:27:07,sc2509,sc2509,500.9,0.0,0.0,0.0,1,493.2,517.5,1,500.9,0.0,0.0,0.0,0.0,0.0,11
2023-05-11 02:27:40,sc2509,sc2509,500.9,0.0,0.0,0.0,1,493.2,517.5,1,500.9,0.0,0.0,0.0,0.0,0.0,11
2023-05-11 02:27:52,sc2509,sc2509,500.9,0.0,0.0,0.0,2,493.3,517.5,1,500.9,0.0,0.0,0.0,0.0,0.0,11
2023-05-11 02:28:14,sc2509,sc2509,500.9,0.0,0.0,0.0,2,493.3,518.2,1,500.9,0.0,0.0,0.0,0.0,0.0,11
2023-05-11 02:28:15,sc2509,sc2509,500.9,0.0,0.0,0.0,2,493.3,521.2,1,500.9,0.0,0.0,0.0,0.0,0.0,11
2023-05-11 02:28:16,sc2509,sc2509,500.9,0.0,0.0,0.0,1,493.2,521.2,1,500.9,0.0,0.0,0.0,0.0,0.0,11
2023-05-11 02:28:34,sc2509,sc2509,500.9,0.0,0.0,0.0,1,493.2,521.1,2,500.9,0.0,0.0,0.0,0.0,0.0,11
2023-05-11 02:29:30,sc2509,sc2509,500.9,0.0,0.0,0.0,1,493.2,521.1,2,500.9,0.0,0.0,0.0,0.0,0.0,11
2023-05-11 02:29:30,sc2509,sc2509,500.9,0.0,0.0,0.0,1,493.2,521.1,2,500.9,0.0,0.0,0.0,0.0,0.0,11
2023-05-11 02:29:43,sc2509,sc2509,500.9,0.0,0.0,0.0,1,493.2,521.2,1,500.9,0.0,0.0,0.0,0.0,0.0,11
2023-05-11 02:29:55,sc2509,sc2509,500.9,0.0,0.0,0.0,1,493.2,530.9,1,500.9,0.0,0.0,0.0,0.0,0.0,11
2023-05-11 02:29:56,sc2509,sc2509,500.9,0.0,0.0,0.0,1,491.1,530.9,1,500.9,0.0,0.0,0.0,0.0,0.0,11
2023-05-11 02:29:56,sc2509,sc2509,500.9,0.0,0.0,0.0,1,491.1,559.3,1,500.9,0.0,0.0,0.0,0.0,0.0,11
2023-05-11 02:29:57,sc2509,sc2509,500.9,0.0,0.0,0.0,1,442.9,559.3,1,500.9,0.0,0.0,0.0,0.0,0.0,11
2023-05-11 09:00:03,sc2509,sc2509,500.9,0.0,0.0,0.0,1,443.1,559.1,1,500.9,0.0,0.0,0.0,0.0,0.0,11
2023-05-11 09:00:07,sc2509,sc2509,500.9,0.0,0.0,0.0,1,494.8,527.0,1,500.9,0.0,0.0,0.0,0.0,0.0,11
2023-05-11 09:00:08,sc2509,sc2509,500.9,0.0,0.0,0.0,1,494.8,527.0,1,500.9,0.0,0.0,0.0,0.0,0.0,11
2023-05-11 09:00:16,sc2509,sc2509,500.9,0.0,0.0,0.0,1,496.9,524.5,1,500.9,0.0,0.0,0.0,0.0,0.0,11
2023-05-11 09:00:18,sc2509,sc2509,500.9,0.0,0.0,0.0,1,496.9,524.5,1,500.9,0.0,0.0,0.0,0.0,0.0,11
2023-05-11 09:00:31,sc2509,sc2509,500.9,0.0,0.0,0.0,1,496.9,524.4,1,500.9,0.0,0.0,0.0,0.0,0.0,11
2023-05-11 09:00:57,sc2509,sc2509,500.9,0.0,0.0,0.0,1,496.9,524.4,1,500.9,0.0,0.0,0.0,0.0,0.0,11
2023-05-11 09:01:03,sc2509,sc2509,500.9,0.0,0.0,0.0,1,496.9,524.3,2,500.9,0.0,0.0,0.0,0.0,0.0,11
2023-05-11 09:01:04,sc2509,sc2509,500.9,0.0,0.0,0.0,1,496.9,524.3,2,500.9,0.0,0.0,0.0,0.0,0.0,11
2023-05-11 09:01:04,sc2509,sc2509,500.9,0.0,0.0,0.0,1,496.9,524.2,1,500.9,0.0,0.0,0.0,0.0,0.0,11
2023-05-11 09:01:43,sc2509,sc2509,500.9,0.0,0.0,0.0,1,496.9,524.2,1,500.9,0.0,0.0,0.0,0.0,0.0,11
2023-05-11 09:01:48,sc2509,sc2509,500.9,0.0,0.0,0.0,1,496.9,524.1,2,500.9,0.0,0.0,0.0,0.0,0.0,11
2023-05-11 09:01:49,sc2509,sc2509,500.9,0.0,0.0,0.0,1,496.9,524.1,2,500.9,0.0,0.0,0.0,0.0,0.0,11
2023-05-11 09:01:49,sc2509,sc2509,500.9,0.0,0.0,0.0,1,496.9,524.0,1,500.9,0.0,0.0,0.0,0.0,0.0,11
2023-05-11 09:02:27,sc2509,sc2509,500.9,0.0,0.0,0.0,1,496.9,524.0,1,500.9,0.0,0.0,0.0,0.0,0.0,11
2023-05-11 09:02:32,sc2509,sc2509,500.9,0.0,0.0,0.0,1,496.9,523.9,2,500.9,0.0,0.0,0.0,0.0,0.0,11
2023-05-11 09:02:32,sc2509,sc2509,500.9,0.0,0.0,0.0,1,496.9,523.9,2,500.9,0.0,0.0,0.0,0.0,0.0,11
2023-05-11 09:02:33,sc2509,sc2509,500.9,0.0,0.0,0.0,1,496.9,523.8,1,500.9,0.0,0.0,0.0,0.0,0.0,11
2023-05-11 09:03:10,sc2509,sc2509,500.9,0.0,0.0,0.0,1,496.9,523.8,1,500.9,0.0,0.0,0.0,0.0,0.0,11
2023-05-11 09:03:15,sc2509,sc2509,500.9,0.0,0.0,0.0,1,496.9,523.7,2,500.9,0.0,0.0,0.0,0.0,0.0,11
2023-05-11 09:03:15,sc2509,sc2509,500.9,0.0,0.0,0.0,1,496.9,523.7,2,500.9,0.0,0.0,0.0,0.0,0.0,11
2023-05-11 09:03:16,sc2509,sc2509,500.9,0.0,0.0,0.0,1,496.9,523.6,1,500.9,0.0,0.0,0.0,0.0,0.0,11
2023-05-11 09:03:53,sc2509,sc2509,500.9,0.0,0.0,0.0,1,496.9,523.6,1,500.9,0.0,0.0,0.0,0.0,0.0,11
2023-05-11 09:03:57,sc2509,sc2509,500.9,0.0,0.0,0.0,1,496.9,523.5,2,500.9,0.0,0.0,0.0,0.0,0.0,11
2023-05-11 09:03:58,sc2509,sc2509,500.9,0.0,0.0,0.0,1,496.9,523.5,2,500.9,0.0,0.0,0.0,0.0,0.0,11
2023-05-11 09:03:58,sc2509,sc2509,500.9,0.0,0.0,0.0,1,496.9,523.4,1,500.9,0.0,0.0,0.0,0.0,0.0,11
2023-05-11 09:04:36,sc2509,sc2509,500.9,0.0,0.0,0.0,1,496.9,523.4,1,500.9,0.0,0.0,0.0,0.0,0.0,11
2023-05-11 09:04:42,sc2509,sc2509,500.9,0.0,0.0,0.0,1,496.9,523.3,2,500.9,0.0,0.0,0.0,0.0,0.0,11
2023-05-11 09:04:42,sc2509,sc2509,500.9,0.0,0.0,0.0,1,496.9,523.3,2,500.9,0.0,0.0,0.0,0.0,0.0,11
2023-05-11 09:04:43,sc2509,sc2509,500.9,0.0,0.0,0.0,1,496.9,523.2,1,500.9,0.0,0.0,0.0,0.0,0.0,11
2023-05-11 09:05:21,sc2509,sc2509,500.9,0.0,0.0,0.0,1,496.9,523.2,1,500.9,0.0,0.0,0.0,0.0,0.0,11
2023-05-11 09:05:25,sc2509,sc2509,500.9,0.0,0.0,0.0,1,496.9,523.1,2,500.9,0.0,0.0,0.0,0.0,0.0,11
2023-05-11 09:05:25,sc2509,sc2509,500.9,0.0,0.0,0.0,1,496.9,523.1,2,500.9,0.0,0.0,0.0,0.0,0.0,11
2023-05-11 09:05:26,sc2509,sc2509,500.9,0.0,0.0,0.0,1,496.9,523.0,1,500.9,0.0,0.0,0.0,0.0,0.0,11
2023-05-11 09:06:04,sc2509,sc2509,500.9,0.0,0.0,0.0,1,496.9,523.0,1,500.9,0.0,0.0,0.0,0.0,0.0,11
2023-05-11 09:06:08,sc2509,sc2509,500.9,0.0,0.0,0.0,1,496.9,522.9,2,500.9,0.0,0.0,0.0,0.0,0.0,11
2023-05-11 09:06:09,sc2509,sc2509,500.9,0.0,0.0,0.0,1,496.9,522.9,2,500.9,0.0,0.0,0.0,0.0,0.0,11
2023-05-11 09:06:09,sc2509,sc2509,500.9,0.0,0.0,0.0,1,496.9,522.8,1,500.9,0.0,0.0,0.0,0.0,0.0,11
2023-05-11 09:06:46,sc2509,sc2509,500.9,0.0,0.0,0.0,1,496.9,522.8,1,500.9,0.0,0.0,0.0,0.0,0.0,11
2023-05-11 09:06:51,sc2509,sc2509,500.9,0.0,0.0,0.0,1,496.9,522.7,2,500.9,0.0,0.0,0.0,0.0,0.0,11
2023-05-11 09:06:51,sc2509,sc2509,500.9,0.0,0.0,0.0,1,496.9,522.7,2,500.9,0.0,0.0,0.0,0.0,0.0,11
2023-05-11 09:06:52,sc2509,sc2509,500.9,0.0,0.0,0.0,1,496.9,522.6,1,500.9,0.0,0.0,0.0,0.0,0.0,11
2023-05-11 09:07:30,sc2509,sc2509,500.9,0.0,0.0,0.0,1,496.9,522.6,1,500.9,0.0,0.0,0.0,0.0,0.0,11
2023-05-11 09:07:35,sc2509,sc2509,500.9,0.0,0.0,0.0,1,496.9,522.5,2,500.9,0.0,0.0,0.0,0.0,0.0,11
2023-05-11 09:07:35,sc2509,sc2509,500.9,0.0,0.0,0.0,1,496.9,522.5,2,500.9,0.0,0.0,0.0,0.0,0.0,11
2023-05-11 09:07:36,sc2509,sc2509,500.9,0.0,0.0,0.0,1,496.9,522.4,1,500.9,0.0,0.0,0.0,0.0,0.0,11
2023-05-11 09:07:36,sc2509,sc2509,500.9,0.0,0.0,0.0,1,496.9,522.4,1,500.9,0.0,0.0,0.0,0.0,0.0,11
2023-05-11 09:08:17,sc2509,sc2509,500.9,0.0,0.0,0.0,2,497.0,522.4,1,500.9,0.0,0.0,0.0,0.0,0.0,11
2023-05-11 09:08:18,sc2509,sc2509,500.9,0.0,0.0,0.0,2,497.0,522.4,1,500.9,0.0,0.0,0.0,0.0,0.0,11
2023-05-11 09:09:45,sc2509,sc2509,500.9,0.0,0.0,0.0,2,497.0,522.4,1,500.9,0.0,0.0,0.0,0.0,0.0,11
2023-05-11 09:09:46,sc2509,sc2509,500.9,0.0,0.0,0.0,2,497.0,522.4,1,500.9,0.0,0.0,0.0,0.0,0.0,11
2023-05-11 09:10:03,sc2509,sc2509,500.9,0.0,0.0,0.0,2,497.0,522.4,1,500.9,0.0,0.0,0.0,0.0,0.0,11
2023-05-11 09:11:11,sc2509,sc2509,500.9,0.0,0.0,0.0,2,497.0,522.3,1,500.9,0.0,0.0,0.0,0.0,0.0,11
2023-05-11 09:11:12,sc2509,sc2509,500.9,0.0,0.0,0.0,2,497.0,522.3,1,500.9,0.0,0.0,0.0,0.0,0.0,11
2023-05-11 09:11:12,sc2509,sc2509,500.9,0.0,0.0,0.0,2,497.0,522.2,1,500.9,0.0,0.0,0.0,0.0,0.0,11
2023-05-11 09:11:13,sc2509,sc2509,500.9,0.0,0.0,0.0,2,497.0,522.1,1,500.9,0.0,0.0,0.0,0.0,0.0,11
2023-05-11 09:11:13,sc2509,sc2509,500.9,0.0,0.0,0.0,2,497.0,522.1,1,500.9,0.0,0.0,0.0,0.0,0.0,11
2023-05-11 09:11:14,sc2509,sc2509,500.9,0.0,0.0,0.0,2,497.0,522.0,1,500.9,0.0,0.0,0.0,0.0,0.0,11
2023-05-11 09:11:14,sc2509,sc2509,500.9,0.0,0.0,0.0,2,497.0,521.9,1,500.9,0.0,0.0,0.0,0.0,0.0,11
2023-05-11 09:11:15,sc2509,sc2509,500.9,0.0,0.0,0.0,2,497.0,521.8,1,500.9,0.0,0.0,0.0,0.0,0.0,11
2023-05-11 09:11:15,sc2509,sc2509,500.9,0.0,0.0,0.0,2,497.0,521.8,2,500.9,0.0,0.0,0.0,0.0,0.0,11
2023-05-11 09:13:16,sc2509,sc2509,500.9,0.0,0.0,0.0,1,496.9,521.8,2,500.9,0.0,0.0,0.0,0.0,0.0,11
2023-05-11 09:13:22,sc2509,sc2509,500.9,0.0,0.0,0.0,2,497.0,521.8,2,500.9,0.0,0.0,0.0,0.0,0.0,11
2023-05-11 09:18:21,sc2509,sc2509,500.9,0.0,0.0,0.0,1,496.9,521.8,2,500.9,0.0,0.0,0.0,0.0,0.0,11
2023-05-11 09:18:33,sc2509,sc2509,500.9,0.0,0.0,0.0,2,497.0,521.8,2,500.9,0.0,0.0,0.0,0.0,0.0,11
2023-05-11 09:23:31,sc2509,sc2509,500.9,0.0,0.0,0.0,1,496.9,521.8,2,500.9,0.0,0.0,0.0,0.0,0.0,11
2023-05-11 09:23:42,sc2509,sc2509,500.9,0.0,0.0,0.0,2,497.0,521.8,2,500.9,0.0,0.0,0.0,0.0,0.0,11
2023-05-11 09:28:40,sc2509,sc2509,500.9,0.0,0.0,0.0,1,496.9,521.8,2,500.9,0.0,0.0,0.0,0.0,0.0,11
2023-05-11 09:28:45,sc2509,sc2509,500.9,0.0,0.0,0.0,2,497.0,521.8,2,500.9,0.0,0.0,0.0,0.0,0.0,11
2023-05-11 09:32:15,sc2509,sc2509,500.9,0.0,0.0,0.0,1,496.9,521.8,2,500.9,0.0,0.0,0.0,0.0,0.0,11
2023-05-11 09:32:22,sc2509,sc2509,500.9,0.0,0.0,0.0,1,496.9,521.8,2,500.9,0.0,0.0,0.0,0.0,0.0,11
2023-05-11 09:32:22,sc2509,sc2509,500.9,0.0,0.0,0.0,1,496.9,521.8,2,500.9,0.0,0.0,0.0,0.0,0.0,11
2023-05-11 09:32:28,sc2509,sc2509,500.9,0.0,0.0,0.0,1,496.9,521.7,2,500.9,0.0,0.0,0.0,0.0,0.0,11
2023-05-11 09:32:29,sc2509,sc2509,500.9,0.0,0.0,0.0,1,496.9,521.6,1,500.9,0.0,0.0,0.0,0.0,0.0,11
2023-05-11 09:32:29,sc2509,sc2509,500.9,0.0,0.0,0.0,1,496.9,521.6,2,500.9,0.0,0.0,0.0,0.0,0.0,11
2023-05-11 09:33:08,sc2509,sc2509,500.9,0.0,0.0,0.0,1,496.9,521.6,2,500.9,0.0,0.0,0.0,0.0,0.0,11
2023-05-11 09:33:13,sc2509,sc2509,500.9,0.0,0.0,0.0,1,496.9,521.5,2,500.9,0.0,0.0,0.0,0.0,0.0,11
2023-05-11 09:33:14,sc2509,sc2509,500.9,0.0,0.0,0.0,1,496.9,521.4,1,500.9,0.0,0.0,0.0,0.0,0.0,11
2023-05-11 09:33:14,sc2509,sc2509,500.9,0.0,0.0,0.0,1,496.9,521.3,1,500.9,0.0,0.0,0.0,0.0,0.0,11
2023-05-11 09:33:15,sc2509,sc2509,500.9,0.0,0.0,0.0,1,496.9,521.3,1,500.9,0.0,0.0,0.0,0.0,0.0,11
2023-05-11 09:33:15,sc2509,sc2509,500.9,0.0,0.0,0.0,1,496.9,521.2,1,500.9,0.0,0.0,0.0,0.0,0.0,11
2023-05-11 09:33:16,sc2509,sc2509,500.9,0.0,0.0,0.0,1,496.9,521.1,1,500.9,0.0,0.0,0.0,0.0,0.0,11
2023-05-11 09:33:16,sc2509,sc2509,500.9,0.0,0.0,0.0,1,496.9,521.1,1,500.9,0.0,0.0,0.0,0.0,0.0,11
2023-05-11 09:33:17,sc2509,sc2509,500.9,0.0,0.0,0.0,1,496.9,521.0,1,500.9,0.0,0.0,0.0,0.0,0.0,11
2023-05-11 09:33:17,sc2509,sc2509,500.9,0.0,0.0,0.0,1,496.9,520.9,1,500.9,0.0,0.0,0.0,0.0,0.0,11
2023-05-11 09:33:18,sc2509,sc2509,500.9,0.0,0.0,0.0,1,496.9,520.8,1,500.9,0.0,0.0,0.0,0.0,0.0,11
2023-05-11 09:33:18,sc2509,sc2509,500.9,0.0,0.0,0.0,1,496.9,520.8,2,500.9,0.0,0.0,0.0,0.0,0.0,11
2023-05-11 09:33:53,sc2509,sc2509,500.9,0.0,0.0,0.0,1,496.9,520.8,2,500.9,0.0,0.0,0.0,0.0,0.0,11
2023-05-11 09:33:59,sc2509,sc2509,500.9,0.0,0.0,0.0,1,496.9,520.7,2,500.9,0.0,0.0,0.0,0.0,0.0,11
2023-05-11 09:33:59,sc2509,sc2509,500.9,0.0,0.0,0.0,1,496.9,520.6,1,500.9,0.0,0.0,0.0,0.0,0.0,11
2023-05-11 09:34:00,sc2509,sc2509,500.9,0.0,0.0,0.0,1,496.9,520.6,2,500.9,0.0,0.0,0.0,0.0,0.0,11
2023-05-11 09:34:39,sc2509,sc2509,500.9,0.0,0.0,0.0,1,496.9,520.6,2,500.9,0.0,0.0,0.0,0.0,0.0,11
2023-05-11 09:34:44,sc2509,sc2509,500.9,0.0,0.0,0.0,1,496.9,520.5,2,500.9,0.0,0.0,0.0,0.0,0.0,11
2023-05-11 09:34:45,sc2509,sc2509,500.9,0.0,0.0,0.0,1,496.9,520.5,2,500.9,0.0,0.0,0.0,0.0,0.0,11
2023-05-11 09:34:45,sc2509,sc2509,500.9,0.0,0.0,0.0,1,496.9,520.4,2,500.9,0.0,0.0,0.0,0.0,0.0,11
2023-05-11 09:34:46,sc2509,sc2509,500.9,0.0,0.0,0.0,1,496.9,520.3,1,500.9,0.0,0.0,0.0,0.0,0.0,11
2023-05-11 09:34:47,sc2509,sc2509,500.9,0.0,0.0,0.0,1,496.9,520.3,1,500.9,0.0,0.0,0.0,0.0,0.0,11
2023-05-11 09:34:47,sc2509,sc2509,500.9,0.0,0.0,0.0,1,496.9,520.2,1,500.9,0.0,0.0,0.0,0.0,0.0,11
2023-05-11 09:34:48,sc2509,sc2509,500.9,0.0,0.0,0.0,1,496.9,520.1,1,500.9,0.0,0.0,0.0,0.0,0.0,11
2023-05-11 09:34:48,sc2509,sc2509,500.9,0.0,0.0,0.0,1,496.9,520.1,1,500.9,0.0,0.0,0.0,0.0,0.0,11
2023-05-11 09:34:49,sc2509,sc2509,500.9,0.0,0.0,0.0,1,496.9,520.0,1,500.9,0.0,0.0,0.0,0.0,0.0,11
2023-05-11 09:34:49,sc2509,sc2509,500.9,0.0,0.0,0.0,1,496.9,520.0,1,500.9,0.0,0.0,0.0,0.0,0.0,11
2023-05-11 09:35:24,sc2509,sc2509,500.9,0.0,0.0,0.0,1,496.9,520.0,1,500.9,0.0,0.0,0.0,0.0,0.0,11
2023-05-11 09:35:30,sc2509,sc2509,500.9,0.0,0.0,0.0,1,496.9,519.9,2,500.9,0.0,0.0,0.0,0.0,0.0,11
2023-05-11 09:35:30,sc2509,sc2509,500.9,0.0,0.0,0.0,1,496.9,519.9,2,500.9,0.0,0.0,0.0,0.0,0.0,11
2023-05-11 09:35:31,sc2509,sc2509,500.9,0.0,0.0,0.0,1,496.9,519.8,1,500.9,0.0,0.0,0.0,0.0,0.0,11
2023-05-11 09:36:09,sc2509,sc2509,500.9,0.0,0.0,0.0,1,496.9,519.8,1,500.9,0.0,0.0,0.0,0.0,0.0,11
2023-05-11 09:36:15,sc2509,sc2509,500.9,0.0,0.0,0.0,1,496.9,519.7,2,500.9,0.0,0.0,0.0,0.0,0.0,11
2023-05-11 09:36:15,sc2509,sc2509,500.9,0.0,0.0,0.0,1,496.9,519.7,2,500.9,0.0,0.0,0.0,0.0,0.0,11
2023-05-11 09:36:16,sc2509,sc2509,500.9,0.0,0.0,0.0,1,496.9,519.6,1,500.9,0.0,0.0,0.0,0.0,0.0,11
2023-05-11 09:36:36,sc2509,sc2509,500.9,0.0,0.0,0.0,1,496.9,519.6,1,500.9,0.0,0.0,0.0,0.0,0.0,11
2023-05-11 09:36:43,sc2509,sc2509,500.9,0.0,0.0,0.0,1,496.9,519.6,1,500.9,0.0,0.0,0.0,0.0,0.0,11
2023-05-11 09:36:43,sc2509,sc2509,500.9,0.0,0.0,0.0,1,496.9,519.6,1,500.9,0.0,0.0,0.0,0.0,0.0,11
2023-05-11 09:36:55,sc2509,sc2509,500.9,0.0,0.0,0.0,1,496.9,519.6,1,500.9,0.0,0.0,0.0,0.0,0.0,11
2023-05-11 09:36:59,sc2509,sc2509,500.9,0.0,0.0,0.0,1,496.9,519.5,2,500.9,0.0,0.0,0.0,0.0,0.0,11
2023-05-11 09:37:00,sc2509,sc2509,500.9,0.0,0.0,0.0,1,496.9,519.5,2,500.9,0.0,0.0,0.0,0.0,0.0,11
2023-05-11 09:37:00,sc2509,sc2509,500.9,0.0,0.0,0.0,1,496.9,519.4,1,500.9,0.0,0.0,0.0,0.0,0.0,11
2023-05-11 09:37:40,sc2509,sc2509,500.9,0.0,0.0,0.0,1,496.9,519.4,1,500.9,0.0,0.0,0.0,0.0,0.0,11
2023-05-11 09:37:47,sc2509,sc2509,500.9,0.0,0.0,0.0,1,496.9,519.3,2,500.9,0.0,0.0,0.0,0.0,0.0,11
2023-05-11 09:37:48,sc2509,sc2509,500.9,0.0,0.0,0.0,1,496.9,519.3,2,500.9,0.0,0.0,0.0,0.0,0.0,11
2023-05-11 09:37:48,sc2509,sc2509,500.9,0.0,0.0,0.0,1,496.9,519.2,1,500.9,0.0,0.0,0.0,0.0,0.0,11
2023-05-11 09:38:17,sc2509,sc2509,500.9,0.0,0.0,0.0,1,496.9,519.2,1,500.9,0.0,0.0,0.0,0.0,0.0,11
2023-05-11 09:38:32,sc2509,sc2509,500.9,0.0,0.0,0.0,2,497.0,519.2,1,500.9,0.0,0.0,0.0,0.0,0.0,11
2023-05-11 09:39:28,sc2509,sc2509,500.9,0.0,0.0,0.0,2,497.0,519.1,1,500.9,0.0,0.0,0.0,0.0,0.0,11
2023-05-11 09:39:28,sc2509,sc2509,500.9,0.0,0.0,0.0,2,497.0,519.1,1,500.9,0.0,0.0,0.0,0.0,0.0,11
2023-05-11 09:39:29,sc2509,sc2509,500.9,0.0,0.0,0.0,2,497.0,519.0,1,500.9,0.0,0.0,0.0,0.0,0.0,11
2023-05-11 09:39:29,sc2509,sc2509,500.9,0.0,0.0,0.0,2,497.0,518.9,1,500.9,0.0,0.0,0.0,0.0,0.0,11
2023-05-11 09:39:30,sc2509,sc2509,500.9,0.0,0.0,0.0,2,497.0,518.8,1,500.9,0.0,0.0,0.0,0.0,0.0,11
2023-05-11 09:39:30,sc2509,sc2509,500.9,0.0,0.0,0.0,2,497.0,518.8,2,500.9,0.0,0.0,0.0,0.0,0.0,11
2023-05-11 09:41:38,sc2509,sc2509,500.9,0.0,0.0,0.0,2,497.0,518.8,2,500.9,0.0,0.0,0.0,0.0,0.0,11
2023-05-11 09:41:38,sc2509,sc2509,500.9,0.0,0.0,0.0,2,497.0,518.8,2,500.9,0.0,0.0,0.0,0.0,0.0,11
2023-05-11 09:43:30,sc2509,sc2509,500.9,0.0,0.0,0.0,1,496.9,518.8,2,500.9,0.0,0.0,0.0,0.0,0.0,11
2023-05-11 09:43:40,sc2509,sc2509,500.9,0.0,0.0,0.0,2,497.0,518.8,2,500.9,0.0,0.0,0.0,0.0,0.0,11
2023-05-11 09:48:39,sc2509,sc2509,500.9,0.0,0.0,0.0,1,496.9,518.8,2,500.9,0.0,0.0,0.0,0.0,0.0,11
2023-05-11 09:48:44,sc2509,sc2509,500.9,0.0,0.0,0.0,2,497.0,518.8,2,500.9,0.0,0.0,0.0,0.0,0.0,11
2023-05-11 09:53:43,sc2509,sc2509,500.9,0.0,0.0,0.0,1,496.9,518.8,2,500.9,0.0,0.0,0.0,0.0,0.0,11
2023-05-11 09:53:46,sc2509,sc2509,500.9,0.0,0.0,0.0,2,497.0,518.8,2,500.9,0.0,0.0,0.0,0.0,0.0,11
2023-05-11 09:58:45,sc2509,sc2509,500.9,0.0,0.0,0.0,1,496.9,518.8,2,500.9,0.0,0.0,0.0,0.0,0.0,11
2023-05-11 09:58:52,sc2509,sc2509,500.9,0.0,0.0,0.0,2,497.0,518.8,2,500.9,0.0,0.0,0.0,0.0,0.0,11
2023-05-11 10:03:51,sc2509,sc2509,500.9,0.0,0.0,0.0,1,496.9,518.8,2,500.9,0.0,0.0,0.0,0.0,0.0,11
2023-05-11 10:03:54,sc2509,sc2509,500.9,0.0,0.0,0.0,2,497.0,518.8,2,500.9,0.0,0.0,0.0,0.0,0.0,11
2023-05-11 10:08:54,sc2509,sc2509,500.9,0.0,0.0,0.0,1,496.9,518.8,2,500.9,0.0,0.0,0.0,0.0,0.0,11
2023-05-11 10:08:58,sc2509,sc2509,500.9,0.0,0.0,0.0,2,497.0,518.8,2,500.9,0.0,0.0,0.0,0.0,0.0,11
2023-05-11 10:13:10,sc2509,sc2509,500.9,0.0,0.0,0.0,2,497.0,518.8,2,500.9,0.0,0.0,0.0,0.0,0.0,11
2023-05-11 10:13:15,sc2509,sc2509,500.9,0.0,0.0,0.0,2,497.0,518.8,2,500.9,0.0,0.0,0.0,0.0,0.0,11
2023-05-11 10:13:17,sc2509,sc2509,500.9,0.0,0.0,0.0,2,497.0,518.8,2,500.9,0.0,0.0,0.0,0.0,0.0,11
2023-05-11 10:13:57,sc2509,sc2509,500.9,0.0,0.0,0.0,1,496.9,518.8,2,500.9,0.0,0.0,0.0,0.0,0.0,11
2023-05-11 10:14:01,sc2509,sc2509,500.9,0.0,0.0,0.0,2,497.0,518.8,2,500.9,0.0,0.0,0.0,0.0,0.0,11
2023-05-11 10:14:19,sc2509,sc2509,500.9,0.0,0.0,0.0,2,497.0,518.8,2,500.9,0.0,0.0,0.0,0.0,0.0,11
2023-05-11 10:14:26,sc2509,sc2509,500.9,0.0,0.0,0.0,2,497.0,518.8,2,500.9,0.0,0.0,0.0,0.0,0.0,11
2023-05-11 10:14:56,sc2509,sc2509,500.9,0.0,0.0,0.0,2,497.0,518.8,2,500.9,0.0,0.0,0.0,0.0,0.0,11
2023-05-11 10:30:03,sc2509,sc2509,500.9,0.0,0.0,0.0,2,497.0,518.8,2,500.9,0.0,0.0,0.0,0.0,0.0,11
2023-05-11 10:30:07,sc2509,sc2509,500.9,0.0,0.0,0.0,2,497.0,518.8,2,500.9,0.0,0.0,0.0,0.0,0.0,11
2023-05-11 10:30:14,sc2509,sc2509,500.9,0.0,0.0,0.0,1,496.5,518.8,1,500.9,0.0,0.0,0.0,0.0,0.0,11
2023-05-11 10:30:14,sc2509,sc2509,500.9,0.0,0.0,0.0,1,499.2,518.8,1,500.9,0.0,0.0,0.0,0.0,0.0,11
2023-05-11 10:30:15,sc2509,sc2509,500.9,0.0,0.0,0.0,1,499.2,518.7,1,500.9,0.0,0.0,0.0,0.0,0.0,11
2023-05-11 10:30:16,sc2509,sc2509,500.9,0.0,0.0,0.0,1,499.2,518.6,1,500.9,0.0,0.0,0.0,0.0,0.0,11
2023-05-11 10:30:20,sc2509,sc2509,500.9,0.0,0.0,0.0,2,499.3,518.6,1,500.9,0.0,0.0,0.0,0.0,0.0,11
2023-05-11 10:30:36,sc2509,sc2509,500.9,0.0,0.0,0.0,2,499.3,518.5,1,500.9,0.0,0.0,0.0,0.0,0.0,11
2023-05-11 10:30:37,sc2509,sc2509,500.9,0.0,0.0,0.0,2,499.3,518.4,1,500.9,0.0,0.0,0.0,0.0,0.0,11
2023-05-11 10:30:37,sc2509,sc2509,500.9,0.0,0.0,0.0,2,499.3,518.3,1,500.9,0.0,0.0,0.0,0.0,0.0,11
2023-05-11 10:30:55,sc2509,sc2509,500.9,0.0,0.0,0.0,2,499.3,518.2,1,500.9,0.0,0.0,0.0,0.0,0.0,11
2023-05-11 10:30:56,sc2509,sc2509,500.9,0.0,0.0,0.0,2,499.3,518.1,1,500.9,0.0,0.0,0.0,0.0,0.0,11
2023-05-11 10:35:17,sc2509,sc2509,500.9,0.0,0.0,0.0,1,499.2,518.1,1,500.9,0.0,0.0,0.0,0.0,0.0,11
2023-05-11 10:35:24,sc2509,sc2509,500.9,0.0,0.0,0.0,2,499.3,518.1,1,500.9,0.0,0.0,0.0,0.0,0.0,11
2023-05-11 10:40:21,sc2509,sc2509,500.9,0.0,0.0,0.0,1,499.2,518.1,1,500.9,0.0,0.0,0.0,0.0,0.0,11
2023-05-11 10:40:31,sc2509,sc2509,500.9,0.0,0.0,0.0,2,499.3,518.1,1,500.9,0.0,0.0,0.0,0.0,0.0,11
2023-05-11 10:41:01,sc2509,sc2509,500.9,0.0,0.0,0.0,2,499.3,518.2,1,500.9,0.0,0.0,0.0,0.0,0.0,11
2023-05-11 10:41:17,sc2509,sc2509,500.9,0.0,0.0,0.0,1,499.2,518.2,1,500.9,0.0,0.0,0.0,0.0,0.0,11
2023-05-11 10:42:00,sc2509,sc2509,500.9,0.0,0.0,0.0,2,499.3,518.2,1,500.9,0.0,0.0,0.0,0.0,0.0,11
2023-05-11 10:43:28,sc2509,sc2509,500.9,0.0,0.0,0.0,1,499.2,518.2,1,500.9,0.0,0.0,0.0,0.0,0.0,11
2023-05-11 10:43:48,sc2509,sc2509,500.9,0.0,0.0,0.0,1,499.2,518.1,1,500.9,0.0,0.0,0.0,0.0,0.0,11
2023-05-11 10:43:52,sc2509,sc2509,500.9,0.0,0.0,0.0,1,499.2,518.2,1,500.9,0.0,0.0,0.0,0.0,0.0,11
2023-05-11 10:44:01,sc2509,sc2509,500.9,0.0,0.0,0.0,1,499.2,518.1,1,500.9,0.0,0.0,0.0,0.0,0.0,11
2023-05-11 10:44:02,sc2509,sc2509,500.9,0.0,0.0,0.0,1,499.2,518.2,1,500.9,0.0,0.0,0.0,0.0,0.0,11
2023-05-11 10:44:08,sc2509,sc2509,500.9,0.0,0.0,0.0,1,499.2,518.1,2,500.9,0.0,0.0,0.0,0.0,0.0,11
2023-05-11 10:45:21,sc2509,sc2509,500.9,0.0,0.0,0.0,1,499.2,518.2,1,500.9,0.0,0.0,0.0,0.0,0.0,11
2023-05-11 10:45:37,sc2509,sc2509,500.9,0.0,0.0,0.0,2,499.3,518.2,1,500.9,0.0,0.0,0.0,0.0,0.0,11
2023-05-11 10:47:06,sc2509,sc2509,500.9,0.0,0.0,0.0,1,499.2,518.2,1,500.9,0.0,0.0,0.0,0.0,0.0,11
2023-05-11 10:47:48,sc2509,sc2509,500.9,0.0,0.0,0.0,2,499.3,518.2,1,500.9,0.0,0.0,0.0,0.0,0.0,11
2023-05-11 10:50:44,sc2509,sc2509,500.9,0.0,0.0,0.0,1,499.2,518.2,1,500.9,0.0,0.0,0.0,0.0,0.0,11
2023-05-11 10:51:24,sc2509,sc2509,500.9,0.0,0.0,0.0,1,499.2,518.1,1,500.9,0.0,0.0,0.0,0.0,0.0,11
2023-05-11 10:51:27,sc2509,sc2509,500.9,0.0,0.0,0.0,1,499.2,518.1,3,500.9,0.0,0.0,0.0,0.0,0.0,11
2023-05-11 10:51:35,sc2509,sc2509,500.9,0.0,0.0,0.0,1,499.2,518.1,2,500.9,0.0,0.0,0.0,0.0,0.0,11
2023-05-11 10:51:40,sc2509,sc2509,500.9,0.0,0.0,0.0,1,499.2,518.0,1,500.9,0.0,0.0,0.0,0.0,0.0,11
2023-05-11 10:52:18,sc2509,sc2509,500.9,0.0,0.0,0.0,1,499.2,518.0,1,500.9,0.0,0.0,0.0,0.0,0.0,11
2023-05-11 10:52:57,sc2509,sc2509,500.9,0.0,0.0,0.0,1,499.2,517.9,2,500.9,0.0,0.0,0.0,0.0,0.0,11
2023-05-11 10:52:57,sc2509,sc2509,500.9,0.0,0.0,0.0,1,499.2,517.9,2,500.9,0.0,0.0,0.0,0.0,0.0,11
2023-05-11 10:52:58,sc2509,sc2509,500.9,0.0,0.0,0.0,1,499.2,517.8,1,500.9,0.0,0.0,0.0,0.0,0.0,11
2023-05-11 10:52:58,sc2509,sc2509,500.9,0.0,0.0,0.0,1,499.2,517.9,2,500.9,0.0,0.0,0.0,0.0,0.0,11
2023-05-11 10:52:59,sc2509,sc2509,500.9,0.0,0.0,0.0,1,499.2,517.8,1,500.9,0.0,0.0,0.0,0.0,0.0,11
2023-05-11 10:52:59,sc2509,sc2509,500.9,0.0,0.0,0.0,1,499.2,517.9,2,500.9,0.0,0.0,0.0,0.0,0.0,11
2023-05-11 10:53:00,sc2509,sc2509,500.9,0.0,0.0,0.0,1,499.2,517.7,1,500.9,0.0,0.0,0.0,0.0,0.0,11
2023-05-11 10:53:01,sc2509,sc2509,500.9,0.0,0.0,0.0,1,499.2,517.9,2,500.9,0.0,0.0,0.0,0.0,0.0,11
2023-05-11 10:53:01,sc2509,sc2509,500.9,0.0,0.0,0.0,1,499.2,517.8,1,500.9,0.0,0.0,0.0,0.0,0.0,11
2023-05-11 10:53:02,sc2509,sc2509,500.9,0.0,0.0,0.0,1,499.2,517.9,2,500.9,0.0,0.0,0.0,0.0,0.0,11
2023-05-11 10:53:05,sc2509,sc2509,500.9,0.0,0.0,0.0,1,499.2,517.8,1,500.9,0.0,0.0,0.0,0.0,0.0,11
2023-05-11 10:53:06,sc2509,sc2509,500.9,0.0,0.0,0.0,1,499.2,517.9,2,500.9,0.0,0.0,0.0,0.0,0.0,11
2023-05-11 10:53:08,sc2509,sc2509,500.9,0.0,0.0,0.0,1,499.2,517.8,1,500.9,0.0,0.0,0.0,0.0,0.0,11
2023-05-11 10:53:09,sc2509,sc2509,500.9,0.0,0.0,0.0,1,499.2,517.9,2,500.9,0.0,0.0,0.0,0.0,0.0,11
2023-05-11 10:53:35,sc2509,sc2509,500.9,0.0,0.0,0.0,1,499.2,517.8,1,500.9,0.0,0.0,0.0,0.0,0.0,11
2023-05-11 10:53:36,sc2509,sc2509,500.9,0.0,0.0,0.0,1,499.2,517.9,2,500.9,0.0,0.0,0.0,0.0,0.0,11
2023-05-11 10:53:36,sc2509,sc2509,500.9,0.0,0.0,0.0,1,499.2,517.8,1,500.9,0.0,0.0,0.0,0.0,0.0,11
2023-05-11 10:53:37,sc2509,sc2509,500.9,0.0,0.0,0.0,1,499.2,517.9,2,500.9,0.0,0.0,0.0,0.0,0.0,11
2023-05-11 10:53:37,sc2509,sc2509,500.9,0.0,0.0,0.0,1,499.2,517.8,1,500.9,0.0,0.0,0.0,0.0,0.0,11
2023-05-11 10:53:38,sc2509,sc2509,500.9,0.0,0.0,0.0,1,499.2,517.9,2,500.9,0.0,0.0,0.0,0.0,0.0,11
2023-05-11 10:54:28,sc2509,sc2509,500.9,0.0,0.0,0.0,1,499.2,517.8,1,500.9,0.0,0.0,0.0,0.0,0.0,11
2023-05-11 10:54:28,sc2509,sc2509,500.9,0.0,0.0,0.0,1,499.2,517.9,2,500.9,0.0,0.0,0.0,0.0,0.0,11
2023-05-11 10:54:29,sc2509,sc2509,500.9,0.0,0.0,0.0,1,499.2,517.8,1,500.9,0.0,0.0,0.0,0.0,0.0,11
2023-05-11 10:54:29,sc2509,sc2509,500.9,0.0,0.0,0.0,1,499.2,517.9,2,500.9,0.0,0.0,0.0,0.0,0.0,11
2023-05-11 10:54:30,sc2509,sc2509,500.9,0.0,0.0,0.0,1,499.2,517.8,1,500.9,0.0,0.0,0.0,0.0,0.0,11
2023-05-11 10:54:30,sc2509,sc2509,500.9,0.0,0.0,0.0,1,499.2,517.9,2,500.9,0.0,0.0,0.0,0.0,0.0,11
2023-05-11 10:54:31,sc2509,sc2509,500.9,0.0,0.0,0.0,1,499.2,517.8,1,500.9,0.0,0.0,0.0,0.0,0.0,11
2023-05-11 10:54:31,sc2509,sc2509,500.9,0.0,0.0,0.0,1,499.2,517.9,2,500.9,0.0,0.0,0.0,0.0,0.0,11
2023-05-11 10:54:32,sc2509,sc2509,500.9,0.0,0.0,0.0,1,499.2,517.8,1,500.9,0.0,0.0,0.0,0.0,0.0,11
2023-05-11 10:54:32,sc2509,sc2509,500.9,0.0,0.0,0.0,1,499.2,517.9,2,500.9,0.0,0.0,0.0,0.0,0.0,11
2023-05-11 10:54:33,sc2509,sc2509,500.9,0.0,0.0,0.0,1,499.2,517.8,1,500.9,0.0,0.0,0.0,0.0,0.0,11
2023-05-11 10:54:34,sc2509,sc2509,500.9,0.0,0.0,0.0,1,499.2,517.9,2,500.9,0.0,0.0,0.0,0.0,0.0,11
2023-05-11 10:54:34,sc2509,sc2509,500.9,0.0,0.0,0.0,1,499.2,517.8,1,500.9,0.0,0.0,0.0,0.0,0.0,11
2023-05-11 10:54:35,sc2509,sc2509,500.9,0.0,0.0,0.0,1,499.2,517.9,2,500.9,0.0,0.0,0.0,0.0,0.0,11
2023-05-11 10:54:35,sc2509,sc2509,500.9,0.0,0.0,0.0,1,499.2,517.8,1,500.9,0.0,0.0,0.0,0.0,0.0,11
2023-05-11 10:54:36,sc2509,sc2509,500.9,0.0,0.0,0.0,1,499.2,517.9,2,500.9,0.0,0.0,0.0,0.0,0.0,11
2023-05-11 10:55:34,sc2509,sc2509,500.9,0.0,0.0,0.0,1,499.2,517.8,1,500.9,0.0,0.0,0.0,0.0,0.0,11
2023-05-11 10:55:34,sc2509,sc2509,500.9,0.0,0.0,0.0,1,499.2,517.9,2,500.9,0.0,0.0,0.0,0.0,0.0,11
2023-05-11 10:55:35,sc2509,sc2509,500.9,0.0,0.0,0.0,1,499.2,517.8,1,500.9,0.0,0.0,0.0,0.0,0.0,11
2023-05-11 10:55:35,sc2509,sc2509,500.9,0.0,0.0,0.0,1,499.2,517.9,2,500.9,0.0,0.0,0.0,0.0,0.0,11
2023-05-11 10:55:36,sc2509,sc2509,500.9,0.0,0.0,0.0,1,499.2,517.8,1,500.9,0.0,0.0,0.0,0.0,0.0,11
2023-05-11 10:55:36,sc2509,sc2509,500.9,0.0,0.0,0.0,1,499.2,517.9,2,500.9,0.0,0.0,0.0,0.0,0.0,11
2023-05-11 10:55:37,sc2509,sc2509,500.9,0.0,0.0,0.0,1,499.2,517.8,1,500.9,0.0,0.0,0.0,0.0,0.0,11
2023-05-11 10:55:37,sc2509,sc2509,500.9,0.0,0.0,0.0,1,499.2,517.9,2,500.9,0.0,0.0,0.0,0.0,0.0,11
2023-05-11 10:55:38,sc2509,sc2509,500.9,0.0,0.0,0.0,1,499.2,517.8,1,500.9,0.0,0.0,0.0,0.0,0.0,11
2023-05-11 10:55:38,sc2509,sc2509,500.9,0.0,0.0,0.0,1,499.2,517.9,2,500.9,0.0,0.0,0.0,0.0,0.0,11
2023-05-11 10:55:39,sc2509,sc2509,500.9,0.0,0.0,0.0,1,499.2,517.8,1,500.9,0.0,0.0,0.0,0.0,0.0,11
2023-05-11 10:55:39,sc2509,sc2509,500.9,0.0,0.0,0.0,1,499.2,517.9,2,500.9,0.0,0.0,0.0,0.0,0.0,11
2023-05-11 10:55:40,sc2509,sc2509,500.9,0.0,0.0,0.0,1,499.2,517.8,1,500.9,0.0,0.0,0.0,0.0,0.0,11
2023-05-11 10:55:40,sc2509,sc2509,500.9,0.0,0.0,0.0,1,499.2,517.9,2,500.9,0.0,0.0,0.0,0.0,0.0,11
2023-05-11 10:55:41,sc2509,sc2509,500.9,0.0,0.0,0.0,1,499.2,517.8,1,500.9,0.0,0.0,0.0,0.0,0.0,11
2023-05-11 10:55:41,sc2509,sc2509,500.9,0.0,0.0,0.0,1,499.2,517.9,2,500.9,0.0,0.0,0.0,0.0,0.0,11
2023-05-11 10:55:42,sc2509,sc2509,500.9,0.0,0.0,0.0,1,499.2,517.8,1,500.9,0.0,0.0,0.0,0.0,0.0,11
2023-05-11 10:55:42,sc2509,sc2509,500.9,0.0,0.0,0.0,1,499.2,517.9,2,500.9,0.0,0.0,0.0,0.0,0.0,11
2023-05-11 10:55:43,sc2509,sc2509,500.9,0.0,0.0,0.0,1,499.2,517.8,1,500.9,0.0,0.0,0.0,0.0,0.0,11
2023-05-11 10:55:43,sc2509,sc2509,500.9,0.0,0.0,0.0,1,499.2,517.9,2,500.9,0.0,0.0,0.0,0.0,0.0,11
2023-05-11 10:55:44,sc2509,sc2509,500.9,0.0,0.0,0.0,1,499.2,517.8,1,500.9,0.0,0.0,0.0,0.0,0.0,11
2023-05-11 10:55:44,sc2509,sc2509,500.9,0.0,0.0,0.0,1,499.2,517.9,2,500.9,0.0,0.0,0.0,0.0,0.0,11
2023-05-11 10:55:45,sc2509,sc2509,500.9,0.0,0.0,0.0,1,499.2,517.8,1,500.9,0.0,0.0,0.0,0.0,0.0,11
2023-05-11 10:55:45,sc2509,sc2509,500.9,0.0,0.0,0.0,1,499.2,517.9,2,500.9,0.0,0.0,0.0,0.0,0.0,11
2023-05-11 10:55:48,sc2509,sc2509,500.9,0.0,0.0,0.0,1,499.2,517.8,1,500.9,0.0,0.0,0.0,0.0,0.0,11
2023-05-11 10:55:48,sc2509,sc2509,500.9,0.0,0.0,0.0,1,499.2,517.9,2,500.9,0.0,0.0,0.0,0.0,0.0,11
2023-05-11 10:55:49,sc2509,sc2509,500.9,0.0,0.0,0.0,1,499.2,517.8,1,500.9,0.0,0.0,0.0,0.0,0.0,11
2023-05-11 10:55:49,sc2509,sc2509,500.9,0.0,0.0,0.0,1,499.2,517.9,2,500.9,0.0,0.0,0.0,0.0,0.0,11
2023-05-11 10:55:50,sc2509,sc2509,500.9,0.0,0.0,0.0,1,499.2,517.8,1,500.9,0.0,0.0,0.0,0.0,0.0,11
2023-05-11 10:55:50,sc2509,sc2509,500.9,0.0,0.0,0.0,1,499.2,517.9,2,500.9,0.0,0.0,0.0,0.0,0.0,11
2023-05-11 10:55:54,sc2509,sc2509,500.9,0.0,0.0,0.0,1,499.2,517.8,1,500.9,0.0,0.0,0.0,0.0,0.0,11
2023-05-11 10:55:54,sc2509,sc2509,500.9,0.0,0.0,0.0,1,499.2,517.9,2,500.9,0.0,0.0,0.0,0.0,0.0,11
2023-05-11 10:55:55,sc2509,sc2509,500.9,0.0,0.0,0.0,1,499.2,517.8,1,500.9,0.0,0.0,0.0,0.0,0.0,11
2023-05-11 10:55:55,sc2509,sc2509,500.9,0.0,0.0,0.0,1,499.2,517.9,2,500.9,0.0,0.0,0.0,0.0,0.0,11
2023-05-11 10:55:56,sc2509,sc2509,500.9,0.0,0.0,0.0,1,499.2,517.8,1,500.9,0.0,0.0,0.0,0.0,0.0,11
2023-05-11 10:55:56,sc2509,sc2509,500.9,0.0,0.0,0.0,1,499.2,517.9,2,500.9,0.0,0.0,0.0,0.0,0.0,11
2023-05-11 10:55:57,sc2509,sc2509,500.9,0.0,0.0,0.0,1,499.2,517.8,1,500.9,0.0,0.0,0.0,0.0,0.0,11
2023-05-11 10:55:57,sc2509,sc2509,500.9,0.0,0.0,0.0,1,499.2,517.9,2,500.9,0.0,0.0,0.0,0.0,0.0,11
2023-05-11 10:55:58,sc2509,sc2509,500.9,0.0,0.0,0.0,1,499.2,517.8,1,500.9,0.0,0.0,0.0,0.0,0.0,11
2023-05-11 10:55:58,sc2509,sc2509,500.9,0.0,0.0,0.0,1,499.2,517.9,2,500.9,0.0,0.0,0.0,0.0,0.0,11
2023-05-11 10:55:59,sc2509,sc2509,500.9,0.0,0.0,0.0,1,499.2,517.8,1,500.9,0.0,0.0,0.0,0.0,0.0,11
2023-05-11 10:55:59,sc2509,sc2509,500.9,0.0,0.0,0.0,1,499.2,517.9,2,500.9,0.0,0.0,0.0,0.0,0.0,11
2023-05-11 10:56:00,sc2509,sc2509,500.9,0.0,0.0,0.0,1,499.2,517.8,1,500.9,0.0,0.0,0.0,0.0,0.0,11
2023-05-11 10:56:00,sc2509,sc2509,500.9,0.0,0.0,0.0,1,499.2,517.9,2,500.9,0.0,0.0,0.0,0.0,0.0,11
2023-05-11 10:56:01,sc2509,sc2509,500.9,0.0,0.0,0.0,1,499.2,517.8,1,500.9,0.0,0.0,0.0,0.0,0.0,11
2023-05-11 10:56:01,sc2509,sc2509,500.9,0.0,0.0,0.0,1,499.2,517.9,2,500.9,0.0,0.0,0.0,0.0,0.0,11
2023-05-11 10:56:02,sc2509,sc2509,500.9,0.0,0.0,0.0,1,499.2,517.8,1,500.9,0.0,0.0,0.0,0.0,0.0,11
2023-05-11 10:56:03,sc2509,sc2509,500.9,0.0,0.0,0.0,1,499.2,517.9,2,500.9,0.0,0.0,0.0,0.0,0.0,11
2023-05-11 10:56:04,sc2509,sc2509,500.9,0.0,0.0,0.0,1,499.2,517.8,1,500.9,0.0,0.0,0.0,0.0,0.0,11
2023-05-11 10:56:04,sc2509,sc2509,500.9,0.0,0.0,0.0,1,499.2,517.9,2,500.9,0.0,0.0,0.0,0.0,0.0,11
2023-05-11 10:56:05,sc2509,sc2509,500.9,0.0,0.0,0.0,1,499.2,517.8,1,500.9,0.0,0.0,0.0,0.0,0.0,11
2023-05-11 10:56:05,sc2509,sc2509,500.9,0.0,0.0,0.0,1,499.2,517.9,2,500.9,0.0,0.0,0.0,0.0,0.0,11
2023-05-11 10:56:06,sc2509,sc2509,500.9,0.0,0.0,0.0,1,499.2,517.8,1,500.9,0.0,0.0,0.0,0.0,0.0,11
2023-05-11 10:56:06,sc2509,sc2509,500.9,0.0,0.0,0.0,1,499.2,517.9,2,500.9,0.0,0.0,0.0,0.0,0.0,11
2023-05-11 10:56:07,sc2509,sc2509,500.9,0.0,0.0,0.0,1,499.2,517.8,1,500.9,0.0,0.0,0.0,0.0,0.0,11
2023-05-11 10:56:07,sc2509,sc2509,500.9,0.0,0.0,0.0,1,499.2,517.9,2,500.9,0.0,0.0,0.0,0.0,0.0,11
2023-05-11 10:56:08,sc2509,sc2509,500.9,0.0,0.0,0.0,1,499.2,517.8,1,500.9,0.0,0.0,0.0,0.0,0.0,11
2023-05-11 10:56:08,sc2509,sc2509,500.9,0.0,0.0,0.0,1,499.2,517.9,2,500.9,0.0,0.0,0.0,0.0,0.0,11
2023-05-11 10:56:09,sc2509,sc2509,500.9,0.0,0.0,0.0,1,499.2,517.8,1,500.9,0.0,0.0,0.0,0.0,0.0,11
2023-05-11 10:56:09,sc2509,sc2509,500.9,0.0,0.0,0.0,1,499.2,517.9,2,500.9,0.0,0.0,0.0,0.0,0.0,11
2023-05-11 10:56:10,sc2509,sc2509,500.9,0.0,0.0,0.0,1,499.2,517.8,1,500.9,0.0,0.0,0.0,0.0,0.0,11
2023-05-11 10:56:10,sc2509,sc2509,500.9,0.0,0.0,0.0,1,499.2,517.9,2,500.9,0.0,0.0,0.0,0.0,0.0,11
2023-05-11 10:56:11,sc2509,sc2509,500.9,0.0,0.0,0.0,1,499.2,517.8,1,500.9,0.0,0.0,0.0,0.0,0.0,11
2023-05-11 10:56:11,sc2509,sc2509,500.9,0.0,0.0,0.0,1,499.2,517.9,2,500.9,0.0,0.0,0.0,0.0,0.0,11
2023-05-11 10:56:12,sc2509,sc2509,500.9,0.0,0.0,0.0,1,499.2,517.8,1,500.9,0.0,0.0,0.0,0.0,0.0,11
2023-05-11 10:56:12,sc2509,sc2509,500.9,0.0,0.0,0.0,1,499.2,517.9,2,500.9,0.0,0.0,0.0,0.0,0.0,11
2023-05-11 10:56:13,sc2509,sc2509,500.9,0.0,0.0,0.0,1,499.2,517.8,1,500.9,0.0,0.0,0.0,0.0,0.0,11
2023-05-11 10:56:13,sc2509,sc2509,500.9,0.0,0.0,0.0,1,499.2,517.9,2,500.9,0.0,0.0,0.0,0.0,0.0,11
2023-05-11 10:56:14,sc2509,sc2509,500.9,0.0,0.0,0.0,1,499.2,517.8,1,500.9,0.0,0.0,0.0,0.0,0.0,11
2023-05-11 10:56:14,sc2509,sc2509,500.9,0.0,0.0,0.0,1,499.2,517.9,2,500.9,0.0,0.0,0.0,0.0,0.0,11
2023-05-11 10:57:55,sc2509,sc2509,500.9,0.0,0.0,0.0,1,499.2,518.2,1,500.9,0.0,0.0,0.0,0.0,0.0,11
2023-05-11 10:57:55,sc2509,sc2509,500.9,0.0,0.0,0.0,1,499.2,518.1,1,500.9,0.0,0.0,0.0,0.0,0.0,11
2023-05-11 10:58:01,sc2509,sc2509,500.9,0.0,0.0,0.0,1,499.2,518.0,2,500.9,0.0,0.0,0.0,0.0,0.0,11
2023-05-11 10:58:08,sc2509,sc2509,500.9,0.0,0.0,0.0,1,499.2,518.0,2,500.9,0.0,0.0,0.0,0.0,0.0,11
2023-05-11 11:00:33,sc2509,sc2509,500.9,0.0,0.0,0.0,1,499.2,517.9,1,500.9,0.0,0.0,0.0,0.0,0.0,11
2023-05-11 11:01:10,sc2509,sc2509,500.9,0.0,0.0,0.0,1,499.2,517.9,1,500.9,0.0,0.0,0.0,0.0,0.0,11
2023-05-11 11:01:40,sc2509,sc2509,500.9,0.0,0.0,0.0,1,499.2,517.8,2,500.9,0.0,0.0,0.0,0.0,0.0,11
2023-05-11 11:01:40,sc2509,sc2509,500.9,0.0,0.0,0.0,1,499.2,517.8,2,500.9,0.0,0.0,0.0,0.0,0.0,11
2023-05-11 11:03:55,sc2509,sc2509,500.9,0.0,0.0,0.0,1,499.2,518.2,1,500.9,0.0,0.0,0.0,0.0,0.0,11
2023-05-11 11:04:37,sc2509,sc2509,500.9,0.0,0.0,0.0,2,499.3,518.2,1,500.9,0.0,0.0,0.0,0.0,0.0,11
2023-05-11 11:05:46,sc2509,sc2509,500.9,0.0,0.0,0.0,2,499.3,518.2,1,500.9,0.0,0.0,0.0,0.0,0.0,11
2023-05-11 11:05:46,sc2509,sc2509,500.9,0.0,0.0,0.0,2,499.3,518.2,1,500.9,0.0,0.0,0.0,0.0,0.0,11
2023-05-11 11:06:06,sc2509,sc2509,500.9,0.0,0.0,0.0,2,499.3,527.0,1,500.9,0.0,0.0,0.0,0.0,0.0,11
2023-05-11 11:06:07,sc2509,sc2509,500.9,0.0,0.0,0.0,2,499.3,526.9,2,500.9,0.0,0.0,0.0,0.0,0.0,11
2023-05-11 11:06:07,sc2509,sc2509,500.9,0.0,0.0,0.0,2,499.3,526.8,1,500.9,0.0,0.0,0.0,0.0,0.0,11
2023-05-11 11:06:08,sc2509,sc2509,500.9,0.0,0.0,0.0,1,499.2,526.8,1,500.9,0.0,0.0,0.0,0.0,0.0,11
2023-05-11 11:06:08,sc2509,sc2509,500.9,0.0,0.0,0.0,1,499.2,526.7,1,500.9,0.0,0.0,0.0,0.0,0.0,11
2023-05-11 11:06:09,sc2509,sc2509,500.9,0.0,0.0,0.0,1,499.2,526.6,1,500.9,0.0,0.0,0.0,0.0,0.0,11
2023-05-11 11:06:09,sc2509,sc2509,500.9,0.0,0.0,0.0,1,499.2,526.6,1,500.9,0.0,0.0,0.0,0.0,0.0,11
2023-05-11 11:06:10,sc2509,sc2509,500.9,0.0,0.0,0.0,1,499.2,526.5,1,500.9,0.0,0.0,0.0,0.0,0.0,11
2023-05-11 11:06:10,sc2509,sc2509,500.9,0.0,0.0,0.0,1,499.2,526.4,1,500.9,0.0,0.0,0.0,0.0,0.0,11
2023-05-11 11:06:11,sc2509,sc2509,500.9,0.0,0.0,0.0,1,499.2,526.3,1,500.9,0.0,0.0,0.0,0.0,0.0,11
2023-05-11 11:06:11,sc2509,sc2509,500.9,0.0,0.0,0.0,1,499.2,526.3,2,500.9,0.0,0.0,0.0,0.0,0.0,11
2023-05-11 11:06:19,sc2509,sc2509,500.9,0.0,0.0,0.0,1,499.2,526.2,1,500.9,0.0,0.0,0.0,0.0,0.0,11
2023-05-11 11:06:20,sc2509,sc2509,500.9,0.0,0.0,0.0,1,499.2,526.1,1,500.9,0.0,0.0,0.0,0.0,0.0,11
2023-05-11 11:06:20,sc2509,sc2509,500.9,0.0,0.0,0.0,1,499.2,526.1,2,500.9,0.0,0.0,0.0,0.0,0.0,11
2023-05-11 11:06:48,sc2509,sc2509,500.9,0.0,0.0,0.0,1,499.2,526.0,2,500.9,0.0,0.0,0.0,0.0,0.0,11
2023-05-11 11:06:49,sc2509,sc2509,500.9,0.0,0.0,0.0,1,499.2,525.9,1,500.9,0.0,0.0,0.0,0.0,0.0,11
2023-05-11 11:06:49,sc2509,sc2509,500.9,0.0,0.0,0.0,1,499.2,525.8,1,500.9,0.0,0.0,0.0,0.0,0.0,11
2023-05-11 11:06:50,sc2509,sc2509,500.9,0.0,0.0,0.0,1,499.2,525.8,1,500.9,0.0,0.0,0.0,0.0,0.0,11
2023-05-11 11:06:50,sc2509,sc2509,500.9,0.0,0.0,0.0,1,499.2,525.7,1,500.9,0.0,0.0,0.0,0.0,0.0,11
2023-05-11 11:06:51,sc2509,sc2509,500.9,0.0,0.0,0.0,1,499.2,525.6,1,500.9,0.0,0.0,0.0,0.0,0.0,11
2023-05-11 11:06:51,sc2509,sc2509,500.9,0.0,0.0,0.0,1,499.2,525.6,1,500.9,0.0,0.0,0.0,0.0,0.0,11
2023-05-11 11:06:52,sc2509,sc2509,500.9,0.0,0.0,0.0,1,499.2,525.5,1,500.9,0.0,0.0,0.0,0.0,0.0,11
2023-05-11 11:06:52,sc2509,sc2509,500.9,0.0,0.0,0.0,1,499.2,525.4,1,500.9,0.0,0.0,0.0,0.0,0.0,11
2023-05-11 11:06:53,sc2509,sc2509,500.9,0.0,0.0,0.0,1,499.2,525.3,1,500.9,0.0,0.0,0.0,0.0,0.0,11
2023-05-11 11:06:53,sc2509,sc2509,500.9,0.0,0.0,0.0,1,499.2,525.3,2,500.9,0.0,0.0,0.0,0.0,0.0,11
2023-05-11 11:07:28,sc2509,sc2509,500.9,0.0,0.0,0.0,1,499.2,525.3,2,500.9,0.0,0.0,0.0,0.0,0.0,11
2023-05-11 11:07:33,sc2509,sc2509,500.9,0.0,0.0,0.0,1,499.2,525.2,2,500.9,0.0,0.0,0.0,0.0,0.0,11
2023-05-11 11:07:33,sc2509,sc2509,500.9,0.0,0.0,0.0,1,499.2,525.1,1,500.9,0.0,0.0,0.0,0.0,0.0,11
2023-05-11 11:07:34,sc2509,sc2509,500.9,0.0,0.0,0.0,1,499.2,525.1,2,500.9,0.0,0.0,0.0,0.0,0.0,11
2023-05-11 11:08:12,sc2509,sc2509,500.9,0.0,0.0,0.0,1,499.2,525.1,2,500.9,0.0,0.0,0.0,0.0,0.0,11
2023-05-11 11:08:17,sc2509,sc2509,500.9,0.0,0.0,0.0,1,499.2,525.0,2,500.9,0.0,0.0,0.0,0.0,0.0,11
2023-05-11 11:08:18,sc2509,sc2509,500.9,0.0,0.0,0.0,1,499.2,524.9,1,500.9,0.0,0.0,0.0,0.0,0.0,11
2023-05-11 11:08:18,sc2509,sc2509,500.9,0.0,0.0,0.0,1,499.2,524.8,1,500.9,0.0,0.0,0.0,0.0,0.0,11
2023-05-11 11:08:19,sc2509,sc2509,500.9,0.0,0.0,0.0,1,499.2,524.8,1,500.9,0.0,0.0,0.0,0.0,0.0,11
2023-05-11 11:08:19,sc2509,sc2509,500.9,0.0,0.0,0.0,1,499.2,524.7,1,500.9,0.0,0.0,0.0,0.0,0.0,11
2023-05-11 11:08:20,sc2509,sc2509,500.9,0.0,0.0,0.0,1,499.2,524.6,1,500.9,0.0,0.0,0.0,0.0,0.0,11
2023-05-11 11:08:20,sc2509,sc2509,500.9,0.0,0.0,0.0,1,499.2,524.6,1,500.9,0.0,0.0,0.0,0.0,0.0,11
2023-05-11 11:08:21,sc2509,sc2509,500.9,0.0,0.0,0.0,1,499.2,524.5,1,500.9,0.0,0.0,0.0,0.0,0.0,11
2023-05-11 11:08:21,sc2509,sc2509,500.9,0.0,0.0,0.0,1,499.2,524.4,1,500.9,0.0,0.0,0.0,0.0,0.0,11
2023-05-11 11:08:22,sc2509,sc2509,500.9,0.0,0.0,0.0,1,499.2,524.3,1,500.9,0.0,0.0,0.0,0.0,0.0,11
2023-05-11 11:08:22,sc2509,sc2509,500.9,0.0,0.0,0.0,1,499.2,524.3,2,500.9,0.0,0.0,0.0,0.0,0.0,11
2023-05-11 11:08:57,sc2509,sc2509,500.9,0.0,0.0,0.0,1,499.2,524.3,2,500.9,0.0,0.0,0.0,0.0,0.0,11
2023-05-11 11:09:02,sc2509,sc2509,500.9,0.0,0.0,0.0,1,499.2,524.2,2,500.9,0.0,0.0,0.0,0.0,0.0,11
2023-05-11 11:09:03,sc2509,sc2509,500.9,0.0,0.0,0.0,1,499.2,524.1,1,500.9,0.0,0.0,0.0,0.0,0.0,11
2023-05-11 11:09:03,sc2509,sc2509,500.9,0.0,0.0,0.0,1,499.2,524.0,1,500.9,0.0,0.0,0.0,0.0,0.0,11
2023-05-11 11:09:04,sc2509,sc2509,500.9,0.0,0.0,0.0,1,499.2,523.9,1,500.9,0.0,0.0,0.0,0.0,0.0,11
2023-05-11 11:09:04,sc2509,sc2509,500.9,0.0,0.0,0.0,1,499.2,523.8,1,500.9,0.0,0.0,0.0,0.0,0.0,11
2023-05-11 11:09:05,sc2509,sc2509,500.9,0.0,0.0,0.0,1,499.2,523.7,1,500.9,0.0,0.0,0.0,0.0,0.0,11
2023-05-11 11:09:05,sc2509,sc2509,500.9,0.0,0.0,0.0,1,499.2,523.6,1,500.9,0.0,0.0,0.0,0.0,0.0,11
2023-05-11 11:09:06,sc2509,sc2509,500.9,0.0,0.0,0.0,1,499.2,523.6,1,500.9,0.0,0.0,0.0,0.0,0.0,11
2023-05-11 11:09:06,sc2509,sc2509,500.9,0.0,0.0,0.0,1,499.2,523.5,1,500.9,0.0,0.0,0.0,0.0,0.0,11
2023-05-11 11:09:07,sc2509,sc2509,500.9,0.0,0.0,0.0,1,499.2,523.4,1,500.9,0.0,0.0,0.0,0.0,0.0,11
2023-05-11 11:09:07,sc2509,sc2509,500.9,0.0,0.0,0.0,1,499.2,523.3,1,500.9,0.0,0.0,0.0,0.0,0.0,11
2023-05-11 11:09:08,sc2509,sc2509,500.9,0.0,0.0,0.0,1,499.2,523.2,1,500.9,0.0,0.0,0.0,0.0,0.0,11
2023-05-11 11:09:08,sc2509,sc2509,500.9,0.0,0.0,0.0,1,499.2,523.1,1,500.9,0.0,0.0,0.0,0.0,0.0,11
2023-05-11 11:09:09,sc2509,sc2509,500.9,0.0,0.0,0.0,1,499.2,523.1,1,500.9,0.0,0.0,0.0,0.0,0.0,11
2023-05-11 11:09:09,sc2509,sc2509,500.9,0.0,0.0,0.0,1,499.2,523.0,1,500.9,0.0,0.0,0.0,0.0,0.0,11
2023-05-11 11:09:10,sc2509,sc2509,500.9,0.0,0.0,0.0,1,499.2,522.9,1,500.9,0.0,0.0,0.0,0.0,0.0,11
2023-05-11 11:09:10,sc2509,sc2509,500.9,0.0,0.0,0.0,1,499.2,522.8,1,500.9,0.0,0.0,0.0,0.0,0.0,11
2023-05-11 11:09:11,sc2509,sc2509,500.9,0.0,0.0,0.0,1,499.2,522.8,2,500.9,0.0,0.0,0.0,0.0,0.0,11
2023-05-11 11:09:41,sc2509,sc2509,500.9,0.0,0.0,0.0,1,499.2,522.8,2,500.9,0.0,0.0,0.0,0.0,0.0,11
2023-05-11 11:09:47,sc2509,sc2509,500.9,0.0,0.0,0.0,1,499.2,522.7,2,500.9,0.0,0.0,0.0,0.0,0.0,11
2023-05-11 11:09:47,sc2509,sc2509,500.9,0.0,0.0,0.0,1,499.2,522.6,1,500.9,0.0,0.0,0.0,0.0,0.0,11
2023-05-11 11:09:48,sc2509,sc2509,500.9,0.0,0.0,0.0,1,499.2,522.6,2,500.9,0.0,0.0,0.0,0.0,0.0,11
2023-05-11 11:10:25,sc2509,sc2509,500.9,0.0,0.0,0.0,1,499.2,522.6,2,500.9,0.0,0.0,0.0,0.0,0.0,11
