time,symbol_id,symbol_name,last,trade_volume,trade_amount,open_interest_change,bv1,bp1,ap1,av1,yesterday_close,today_open,today_high,today_low,volume,amount,open_interest
2023-05-09 21:00:00,eb2311,eb2311,7947.0,0.0,0.0,0.0,1,7894.0,7947.0,1,7947.0,0.0,0.0,0.0,0.0,0.0,115
2023-05-09 21:00:00,eb2311,eb2311,7947.0,0.0,0.0,0.0,1,7908.0,7944.0,1,7947.0,0.0,0.0,0.0,0.0,0.0,115
2023-05-09 21:00:01,eb2311,eb2311,7947.0,0.0,0.0,0.0,1,7442.0,7946.0,1,7947.0,0.0,0.0,0.0,0.0,0.0,115
2023-05-09 21:00:01,eb2311,eb2311,7947.0,0.0,0.0,0.0,2,7443.0,7947.0,1,7947.0,0.0,0.0,0.0,0.0,0.0,115
2023-05-09 21:00:02,eb2311,eb2311,7947.0,0.0,0.0,0.0,2,7443.0,7953.0,1,7947.0,0.0,0.0,0.0,0.0,0.0,115
2023-05-09 21:00:02,eb2311,eb2311,7947.0,0.0,0.0,0.0,1,7445.0,7992.0,1,7947.0,0.0,0.0,0.0,0.0,0.0,115
2023-05-09 21:00:03,eb2311,eb2311,7947.0,0.0,0.0,0.0,2,7446.0,7992.0,1,7947.0,0.0,0.0,0.0,0.0,0.0,115
2023-05-09 21:00:03,eb2311,eb2311,7947.0,0.0,0.0,0.0,2,7446.0,7991.0,3,7947.0,0.0,0.0,0.0,0.0,0.0,115
2023-05-09 21:00:04,eb2311,eb2311,7947.0,0.0,0.0,0.0,2,7446.0,7991.0,5,7947.0,0.0,0.0,0.0,0.0,0.0,115
2023-05-09 21:00:04,eb2311,eb2311,7947.0,0.0,0.0,0.0,2,7446.0,7991.0,3,7947.0,0.0,0.0,0.0,0.0,0.0,115
2023-05-09 21:00:05,eb2311,eb2311,7947.0,0.0,0.0,0.0,5,7447.0,7990.0,1,7947.0,0.0,0.0,0.0,0.0,0.0,115
2023-05-09 21:00:06,eb2311,eb2311,7947.0,0.0,0.0,0.0,2,7448.0,7990.0,1,7947.0,0.0,0.0,0.0,0.0,0.0,115
2023-05-09 21:00:06,eb2311,eb2311,7947.0,0.0,0.0,0.0,1,7449.0,7990.0,1,7947.0,0.0,0.0,0.0,0.0,0.0,115
2023-05-09 21:00:07,eb2311,eb2311,7947.0,0.0,0.0,0.0,2,7450.0,7989.0,3,7947.0,0.0,0.0,0.0,0.0,0.0,115
2023-05-09 21:00:07,eb2311,eb2311,7947.0,0.0,0.0,0.0,6,7451.0,7988.0,1,7947.0,0.0,0.0,0.0,0.0,0.0,115
2023-05-09 21:00:08,eb2311,eb2311,7947.0,0.0,0.0,0.0,2,7452.0,7988.0,1,7947.0,0.0,0.0,0.0,0.0,0.0,115
2023-05-09 21:00:08,eb2311,eb2311,7947.0,0.0,0.0,0.0,1,7453.0,7988.0,1,7947.0,0.0,0.0,0.0,0.0,0.0,115
2023-05-09 21:00:09,eb2311,eb2311,7947.0,0.0,0.0,0.0,2,7454.0,7988.0,1,7947.0,0.0,0.0,0.0,0.0,0.0,115
2023-05-09 21:00:09,eb2311,eb2311,7947.0,0.0,0.0,0.0,1,7737.0,7988.0,1,7947.0,0.0,0.0,0.0,0.0,0.0,115
2023-05-09 21:00:10,eb2311,eb2311,7947.0,0.0,0.0,0.0,1,7738.0,7988.0,1,7947.0,0.0,0.0,0.0,0.0,0.0,115
2023-05-09 21:00:11,eb2311,eb2311,7947.0,0.0,0.0,0.0,5,7739.0,7987.0,2,7947.0,0.0,0.0,0.0,0.0,0.0,115
2023-05-09 21:00:11,eb2311,eb2311,7947.0,0.0,0.0,0.0,1,7740.0,7986.0,1,7947.0,0.0,0.0,0.0,0.0,0.0,115
2023-05-09 21:00:12,eb2311,eb2311,7947.0,0.0,0.0,0.0,1,7741.0,7986.0,1,7947.0,0.0,0.0,0.0,0.0,0.0,115
2023-05-09 21:00:13,eb2311,eb2311,7947.0,0.0,0.0,0.0,1,7742.0,7986.0,1,7947.0,0.0,0.0,0.0,0.0,0.0,115
2023-05-09 21:00:13,eb2311,eb2311,7947.0,0.0,0.0,0.0,1,7743.0,7986.0,1,7947.0,0.0,0.0,0.0,0.0,0.0,115
2023-05-09 21:00:14,eb2311,eb2311,7947.0,0.0,0.0,0.0,1,7744.0,7986.0,1,7947.0,0.0,0.0,0.0,0.0,0.0,115
2023-05-09 21:00:15,eb2311,eb2311,7947.0,0.0,0.0,0.0,3,7744.0,7986.0,1,7947.0,0.0,0.0,0.0,0.0,0.0,115
2023-05-09 21:00:16,eb2311,eb2311,7947.0,0.0,0.0,0.0,1,7745.0,7986.0,1,7947.0,0.0,0.0,0.0,0.0,0.0,115
2023-05-09 21:00:16,eb2311,eb2311,7947.0,0.0,0.0,0.0,2,7746.0,7986.0,1,7947.0,0.0,0.0,0.0,0.0,0.0,115
2023-05-09 21:00:17,eb2311,eb2311,7947.0,0.0,0.0,0.0,7,7746.0,7986.0,1,7947.0,0.0,0.0,0.0,0.0,0.0,115
2023-05-09 21:00:23,eb2311,eb2311,7947.0,0.0,0.0,0.0,1,7747.0,7986.0,1,7947.0,0.0,0.0,0.0,0.0,0.0,115
2023-05-09 21:00:23,eb2311,eb2311,7947.0,0.0,0.0,0.0,1,7748.0,7986.0,1,7947.0,0.0,0.0,0.0,0.0,0.0,115
2023-05-09 21:00:23,eb2311,eb2311,7947.0,0.0,0.0,0.0,5,7749.0,7986.0,1,7947.0,0.0,0.0,0.0,0.0,0.0,115
2023-05-09 21:00:24,eb2311,eb2311,7947.0,0.0,0.0,0.0,1,7750.0,7986.0,1,7947.0,0.0,0.0,0.0,0.0,0.0,115
2023-05-09 21:00:28,eb2311,eb2311,7947.0,0.0,0.0,0.0,8,7751.0,7985.0,4,7947.0,0.0,0.0,0.0,0.0,0.0,115
2023-05-09 21:00:28,eb2311,eb2311,7947.0,0.0,0.0,0.0,1,7752.0,7984.0,1,7947.0,0.0,0.0,0.0,0.0,0.0,115
2023-05-09 21:00:31,eb2311,eb2311,7947.0,0.0,0.0,0.0,8,7753.0,7983.0,4,7947.0,0.0,0.0,0.0,0.0,0.0,115
2023-05-09 21:00:31,eb2311,eb2311,7947.0,0.0,0.0,0.0,1,7754.0,7982.0,1,7947.0,0.0,0.0,0.0,0.0,0.0,115
2023-05-09 21:00:33,eb2311,eb2311,7947.0,0.0,0.0,0.0,1,7755.0,7982.0,1,7947.0,0.0,0.0,0.0,0.0,0.0,115
2023-05-09 21:00:34,eb2311,eb2311,7947.0,0.0,0.0,0.0,6,7756.0,7981.0,4,7947.0,0.0,0.0,0.0,0.0,0.0,115
2023-05-09 21:00:34,eb2311,eb2311,7947.0,0.0,0.0,0.0,6,7756.0,7980.0,1,7947.0,0.0,0.0,0.0,0.0,0.0,115
2023-05-09 21:00:36,eb2311,eb2311,7947.0,0.0,0.0,0.0,1,7757.0,7980.0,1,7947.0,0.0,0.0,0.0,0.0,0.0,115
2023-05-09 21:00:36,eb2311,eb2311,7947.0,0.0,0.0,0.0,2,7758.0,7980.0,1,7947.0,0.0,0.0,0.0,0.0,0.0,115
2023-05-09 21:00:37,eb2311,eb2311,7947.0,0.0,0.0,0.0,5,7759.0,7979.0,5,7947.0,0.0,0.0,0.0,0.0,0.0,115
2023-05-09 21:00:37,eb2311,eb2311,7947.0,0.0,0.0,0.0,1,7760.0,7978.0,1,7947.0,0.0,0.0,0.0,0.0,0.0,115
2023-05-09 21:00:38,eb2311,eb2311,7947.0,0.0,0.0,0.0,1,7761.0,7978.0,1,7947.0,0.0,0.0,0.0,0.0,0.0,115
2023-05-09 21:00:39,eb2311,eb2311,7947.0,0.0,0.0,0.0,2,7762.0,7978.0,1,7947.0,0.0,0.0,0.0,0.0,0.0,115
2023-05-09 21:00:39,eb2311,eb2311,7947.0,0.0,0.0,0.0,3,7762.0,7978.0,1,7947.0,0.0,0.0,0.0,0.0,0.0,115
2023-05-09 21:00:40,eb2311,eb2311,7947.0,0.0,0.0,0.0,7,7763.0,7977.0,5,7947.0,0.0,0.0,0.0,0.0,0.0,115
2023-05-09 21:00:40,eb2311,eb2311,7947.0,0.0,0.0,0.0,1,7764.0,7976.0,1,7947.0,0.0,0.0,0.0,0.0,0.0,115
2023-05-09 21:00:41,eb2311,eb2311,7947.0,0.0,0.0,0.0,1,7765.0,7976.0,1,7947.0,0.0,0.0,0.0,0.0,0.0,115
2023-05-09 21:00:42,eb2311,eb2311,7947.0,0.0,0.0,0.0,1,7766.0,7976.0,1,7947.0,0.0,0.0,0.0,0.0,0.0,115
2023-05-09 21:00:42,eb2311,eb2311,7947.0,0.0,0.0,0.0,1,7767.0,7976.0,1,7947.0,0.0,0.0,0.0,0.0,0.0,115
2023-05-09 21:00:43,eb2311,eb2311,7947.0,0.0,0.0,0.0,3,7768.0,7975.0,2,7947.0,0.0,0.0,0.0,0.0,0.0,115
2023-05-09 21:00:43,eb2311,eb2311,7947.0,0.0,0.0,0.0,4,7768.0,7975.0,2,7947.0,0.0,0.0,0.0,0.0,0.0,115
2023-05-09 21:00:44,eb2311,eb2311,7947.0,0.0,0.0,0.0,1,7769.0,7975.0,2,7947.0,0.0,0.0,0.0,0.0,0.0,115
2023-05-09 21:00:45,eb2311,eb2311,7947.0,0.0,0.0,0.0,2,7770.0,7975.0,2,7947.0,0.0,0.0,0.0,0.0,0.0,115
2023-05-09 21:00:45,eb2311,eb2311,7947.0,0.0,0.0,0.0,1,7771.0,7975.0,2,7947.0,0.0,0.0,0.0,0.0,0.0,115
2023-05-09 21:00:46,eb2311,eb2311,7947.0,0.0,0.0,0.0,6,7772.0,7975.0,2,7947.0,0.0,0.0,0.0,0.0,0.0,115
2023-05-09 21:00:47,eb2311,eb2311,7947.0,0.0,0.0,0.0,1,7773.0,7975.0,2,7947.0,0.0,0.0,0.0,0.0,0.0,115
2023-05-09 21:00:48,eb2311,eb2311,7947.0,0.0,0.0,0.0,1,7774.0,7975.0,2,7947.0,0.0,0.0,0.0,0.0,0.0,115
2023-05-09 21:00:48,eb2311,eb2311,7947.0,0.0,0.0,0.0,1,7775.0,7975.0,2,7947.0,0.0,0.0,0.0,0.0,0.0,115
2023-05-09 21:00:49,eb2311,eb2311,7947.0,0.0,0.0,0.0,1,7776.0,7975.0,2,7947.0,0.0,0.0,0.0,0.0,0.0,115
2023-05-09 21:00:49,eb2311,eb2311,7947.0,0.0,0.0,0.0,9,7776.0,7975.0,2,7947.0,0.0,0.0,0.0,0.0,0.0,115
2023-05-09 21:00:50,eb2311,eb2311,7947.0,0.0,0.0,0.0,1,7777.0,7975.0,2,7947.0,0.0,0.0,0.0,0.0,0.0,115
2023-05-09 21:00:51,eb2311,eb2311,7947.0,0.0,0.0,0.0,1,7778.0,7975.0,2,7947.0,0.0,0.0,0.0,0.0,0.0,115
2023-05-09 21:00:51,eb2311,eb2311,7947.0,0.0,0.0,0.0,2,7778.0,7975.0,2,7947.0,0.0,0.0,0.0,0.0,0.0,115
2023-05-09 21:00:53,eb2311,eb2311,7947.0,0.0,0.0,0.0,6,7779.0,7975.0,2,7947.0,0.0,0.0,0.0,0.0,0.0,115
2023-05-09 21:00:53,eb2311,eb2311,7947.0,0.0,0.0,0.0,2,7780.0,7975.0,2,7947.0,0.0,0.0,0.0,0.0,0.0,115
2023-05-09 21:00:56,eb2311,eb2311,7947.0,0.0,0.0,0.0,7,7781.0,7975.0,2,7947.0,0.0,0.0,0.0,0.0,0.0,115
2023-05-09 21:00:56,eb2311,eb2311,7947.0,0.0,0.0,0.0,1,7782.0,7975.0,2,7947.0,0.0,0.0,0.0,0.0,0.0,115
2023-05-09 21:00:57,eb2311,eb2311,7947.0,0.0,0.0,0.0,1,7783.0,7975.0,2,7947.0,0.0,0.0,0.0,0.0,0.0,115
2023-05-09 21:00:57,eb2311,eb2311,7947.0,0.0,0.0,0.0,1,7784.0,7975.0,2,7947.0,0.0,0.0,0.0,0.0,0.0,115
2023-05-09 21:00:59,eb2311,eb2311,7947.0,0.0,0.0,0.0,7,7785.0,7975.0,2,7947.0,0.0,0.0,0.0,0.0,0.0,115
2023-05-09 21:00:59,eb2311,eb2311,7947.0,0.0,0.0,0.0,1,7786.0,7975.0,2,7947.0,0.0,0.0,0.0,0.0,0.0,115
2023-05-09 21:01:00,eb2311,eb2311,7947.0,0.0,0.0,0.0,1,7787.0,7975.0,2,7947.0,0.0,0.0,0.0,0.0,0.0,115
2023-05-09 21:01:01,eb2311,eb2311,7947.0,0.0,0.0,0.0,1,7788.0,7975.0,2,7947.0,0.0,0.0,0.0,0.0,0.0,115
2023-05-09 21:01:02,eb2311,eb2311,7947.0,0.0,0.0,0.0,6,7789.0,7975.0,2,7947.0,0.0,0.0,0.0,0.0,0.0,115
2023-05-09 21:01:02,eb2311,eb2311,7947.0,0.0,0.0,0.0,2,7790.0,7975.0,2,7947.0,0.0,0.0,0.0,0.0,0.0,115
2023-05-09 21:01:03,eb2311,eb2311,7947.0,0.0,0.0,0.0,1,7791.0,7975.0,2,7947.0,0.0,0.0,0.0,0.0,0.0,115
2023-05-09 21:01:04,eb2311,eb2311,7947.0,0.0,0.0,0.0,1,7792.0,7975.0,2,7947.0,0.0,0.0,0.0,0.0,0.0,115
2023-05-09 21:01:05,eb2311,eb2311,7947.0,0.0,0.0,0.0,6,7793.0,7975.0,2,7947.0,0.0,0.0,0.0,0.0,0.0,115
2023-05-09 21:01:05,eb2311,eb2311,7947.0,0.0,0.0,0.0,1,7794.0,7975.0,2,7947.0,0.0,0.0,0.0,0.0,0.0,115
2023-05-09 21:01:05,eb2311,eb2311,7947.0,0.0,0.0,0.0,2,7794.0,7975.0,2,7947.0,0.0,0.0,0.0,0.0,0.0,115
2023-05-09 21:01:06,eb2311,eb2311,7947.0,0.0,0.0,0.0,1,7795.0,7975.0,2,7947.0,0.0,0.0,0.0,0.0,0.0,115
2023-05-09 21:01:07,eb2311,eb2311,7947.0,0.0,0.0,0.0,1,7796.0,7975.0,2,7947.0,0.0,0.0,0.0,0.0,0.0,115
2023-05-09 21:01:08,eb2311,eb2311,7947.0,0.0,0.0,0.0,6,7797.0,7975.0,2,7947.0,0.0,0.0,0.0,0.0,0.0,115
2023-05-09 21:01:08,eb2311,eb2311,7947.0,0.0,0.0,0.0,1,7798.0,7975.0,2,7947.0,0.0,0.0,0.0,0.0,0.0,115
2023-05-09 21:01:09,eb2311,eb2311,7947.0,0.0,0.0,0.0,1,7799.0,7975.0,2,7947.0,0.0,0.0,0.0,0.0,0.0,115
2023-05-09 21:01:09,eb2311,eb2311,7947.0,0.0,0.0,0.0,2,7800.0,7975.0,2,7947.0,0.0,0.0,0.0,0.0,0.0,115
2023-05-09 21:01:09,eb2311,eb2311,7947.0,0.0,0.0,0.0,3,7800.0,7975.0,2,7947.0,0.0,0.0,0.0,0.0,0.0,115
2023-05-09 21:01:11,eb2311,eb2311,7947.0,0.0,0.0,0.0,6,7801.0,7975.0,2,7947.0,0.0,0.0,0.0,0.0,0.0,115
2023-05-09 21:01:12,eb2311,eb2311,7947.0,0.0,0.0,0.0,2,7802.0,7975.0,2,7947.0,0.0,0.0,0.0,0.0,0.0,115
2023-05-09 21:01:13,eb2311,eb2311,7947.0,0.0,0.0,0.0,1,7803.0,7975.0,2,7947.0,0.0,0.0,0.0,0.0,0.0,115
2023-05-09 21:01:13,eb2311,eb2311,7947.0,0.0,0.0,0.0,1,7804.0,7975.0,2,7947.0,0.0,0.0,0.0,0.0,0.0,115
2023-05-09 21:01:15,eb2311,eb2311,7947.0,0.0,0.0,0.0,7,7805.0,7975.0,2,7947.0,0.0,0.0,0.0,0.0,0.0,115
2023-05-09 21:01:15,eb2311,eb2311,7947.0,0.0,0.0,0.0,1,7806.0,7975.0,2,7947.0,0.0,0.0,0.0,0.0,0.0,115
2023-05-09 21:01:16,eb2311,eb2311,7947.0,0.0,0.0,0.0,1,7807.0,7975.0,2,7947.0,0.0,0.0,0.0,0.0,0.0,115
2023-05-09 21:01:17,eb2311,eb2311,7947.0,0.0,0.0,0.0,1,7808.0,7975.0,2,7947.0,0.0,0.0,0.0,0.0,0.0,115
2023-05-09 21:01:17,eb2311,eb2311,7947.0,0.0,0.0,0.0,1,7808.0,7974.0,1,7947.0,0.0,0.0,0.0,0.0,0.0,115
2023-05-09 21:01:18,eb2311,eb2311,7947.0,0.0,0.0,0.0,7,7809.0,7974.0,1,7947.0,0.0,0.0,0.0,0.0,0.0,115
2023-05-09 21:01:18,eb2311,eb2311,7947.0,0.0,0.0,0.0,1,7810.0,7973.0,2,7947.0,0.0,0.0,0.0,0.0,0.0,115
2023-05-09 21:01:19,eb2311,eb2311,7947.0,0.0,0.0,0.0,1,7811.0,7972.0,1,7947.0,0.0,0.0,0.0,0.0,0.0,115
2023-05-09 21:01:19,eb2311,eb2311,7947.0,0.0,0.0,0.0,1,7812.0,7972.0,1,7947.0,0.0,0.0,0.0,0.0,0.0,115
2023-05-09 21:01:21,eb2311,eb2311,7947.0,0.0,0.0,0.0,7,7813.0,7971.0,2,7947.0,0.0,0.0,0.0,0.0,0.0,115
2023-05-09 21:01:21,eb2311,eb2311,7947.0,0.0,0.0,0.0,2,7814.0,7971.0,2,7947.0,0.0,0.0,0.0,0.0,0.0,115
2023-05-09 21:01:22,eb2311,eb2311,7947.0,0.0,0.0,0.0,2,7814.0,7970.0,1,7947.0,0.0,0.0,0.0,0.0,0.0,115
2023-05-09 21:01:23,eb2311,eb2311,7947.0,0.0,0.0,0.0,2,7815.0,7970.0,1,7947.0,0.0,0.0,0.0,0.0,0.0,115
2023-05-09 21:01:23,eb2311,eb2311,7947.0,0.0,0.0,0.0,1,7816.0,7970.0,1,7947.0,0.0,0.0,0.0,0.0,0.0,115
2023-05-09 21:01:24,eb2311,eb2311,7947.0,0.0,0.0,0.0,5,7816.0,7970.0,1,7947.0,0.0,0.0,0.0,0.0,0.0,115
2023-05-09 21:01:24,eb2311,eb2311,7947.0,0.0,0.0,0.0,2,7817.0,7970.0,1,7947.0,0.0,0.0,0.0,0.0,0.0,115
2023-05-09 21:01:25,eb2311,eb2311,7947.0,0.0,0.0,0.0,3,7818.0,7969.0,2,7947.0,0.0,0.0,0.0,0.0,0.0,115
2023-05-09 21:01:27,eb2311,eb2311,7947.0,0.0,0.0,0.0,6,7819.0,7969.0,2,7947.0,0.0,0.0,0.0,0.0,0.0,115
2023-05-09 21:01:27,eb2311,eb2311,7947.0,0.0,0.0,0.0,1,7820.0,7969.0,2,7947.0,0.0,0.0,0.0,0.0,0.0,115
2023-05-09 21:01:28,eb2311,eb2311,7947.0,0.0,0.0,0.0,2,7821.0,7969.0,2,7947.0,0.0,0.0,0.0,0.0,0.0,115
2023-05-09 21:01:28,eb2311,eb2311,7947.0,0.0,0.0,0.0,1,7822.0,7969.0,2,7947.0,0.0,0.0,0.0,0.0,0.0,115
2023-05-09 21:01:29,eb2311,eb2311,7947.0,0.0,0.0,0.0,1,7822.0,7968.0,1,7947.0,0.0,0.0,0.0,0.0,0.0,115
2023-05-09 21:01:29,eb2311,eb2311,7947.0,0.0,0.0,0.0,1,7823.0,7968.0,1,7947.0,0.0,0.0,0.0,0.0,0.0,115
2023-05-09 21:01:30,eb2311,eb2311,7947.0,0.0,0.0,0.0,1,7824.0,7967.0,2,7947.0,0.0,0.0,0.0,0.0,0.0,115
2023-05-09 21:01:30,eb2311,eb2311,7947.0,0.0,0.0,0.0,2,7825.0,7966.0,1,7947.0,0.0,0.0,0.0,0.0,0.0,115
2023-05-09 21:01:31,eb2311,eb2311,7947.0,0.0,0.0,0.0,1,7826.0,7966.0,1,7947.0,0.0,0.0,0.0,0.0,0.0,115
2023-05-09 21:01:32,eb2311,eb2311,7947.0,0.0,0.0,0.0,3,7827.0,7966.0,1,7947.0,0.0,0.0,0.0,0.0,0.0,115
2023-05-09 21:01:33,eb2311,eb2311,7947.0,0.0,0.0,0.0,4,7828.0,7965.0,2,7947.0,0.0,0.0,0.0,0.0,0.0,115
2023-05-09 21:01:33,eb2311,eb2311,7947.0,0.0,0.0,0.0,6,7828.0,7965.0,2,7947.0,0.0,0.0,0.0,0.0,0.0,115
2023-05-09 21:01:35,eb2311,eb2311,7947.0,0.0,0.0,0.0,1,7829.0,7965.0,2,7947.0,0.0,0.0,0.0,0.0,0.0,115
2023-05-09 21:01:35,eb2311,eb2311,7947.0,0.0,0.0,0.0,1,7830.0,7965.0,2,7947.0,0.0,0.0,0.0,0.0,0.0,115
2023-05-09 21:01:36,eb2311,eb2311,7947.0,0.0,0.0,0.0,3,7831.0,7965.0,2,7947.0,0.0,0.0,0.0,0.0,0.0,115
2023-05-09 21:01:36,eb2311,eb2311,7947.0,0.0,0.0,0.0,1,7832.0,7965.0,2,7947.0,0.0,0.0,0.0,0.0,0.0,115
2023-05-09 21:01:38,eb2311,eb2311,7947.0,0.0,0.0,0.0,1,7833.0,7965.0,2,7947.0,0.0,0.0,0.0,0.0,0.0,115
2023-05-09 21:01:38,eb2311,eb2311,7947.0,0.0,0.0,0.0,1,7834.0,7965.0,2,7947.0,0.0,0.0,0.0,0.0,0.0,115
2023-05-09 21:01:39,eb2311,eb2311,7947.0,0.0,0.0,0.0,3,7835.0,7965.0,2,7947.0,0.0,0.0,0.0,0.0,0.0,115
2023-05-09 21:01:40,eb2311,eb2311,7947.0,0.0,0.0,0.0,1,7836.0,7965.0,2,7947.0,0.0,0.0,0.0,0.0,0.0,115
2023-05-09 21:01:41,eb2311,eb2311,7947.0,0.0,0.0,0.0,1,7836.0,7964.0,1,7947.0,0.0,0.0,0.0,0.0,0.0,115
2023-05-09 21:01:41,eb2311,eb2311,7947.0,0.0,0.0,0.0,1,7837.0,7964.0,1,7947.0,0.0,0.0,0.0,0.0,0.0,115
2023-05-09 21:01:42,eb2311,eb2311,7947.0,0.0,0.0,0.0,1,7838.0,7963.0,2,7947.0,0.0,0.0,0.0,0.0,0.0,115
2023-05-09 21:01:42,eb2311,eb2311,7947.0,0.0,0.0,0.0,2,7839.0,7962.0,1,7947.0,0.0,0.0,0.0,0.0,0.0,115
2023-05-09 21:01:43,eb2311,eb2311,7947.0,0.0,0.0,0.0,2,7840.0,7962.0,1,7947.0,0.0,0.0,0.0,0.0,0.0,115
2023-05-09 21:01:44,eb2311,eb2311,7947.0,0.0,0.0,0.0,4,7840.0,7962.0,1,7947.0,0.0,0.0,0.0,0.0,0.0,115
2023-05-09 21:01:44,eb2311,eb2311,7947.0,0.0,0.0,0.0,1,7841.0,7962.0,1,7947.0,0.0,0.0,0.0,0.0,0.0,115
2023-05-09 21:01:45,eb2311,eb2311,7947.0,0.0,0.0,0.0,1,7842.0,7962.0,1,7947.0,0.0,0.0,0.0,0.0,0.0,115
2023-05-09 21:01:45,eb2311,eb2311,7947.0,0.0,0.0,0.0,3,7842.0,7961.0,2,7947.0,0.0,0.0,0.0,0.0,0.0,115
2023-05-09 21:01:46,eb2311,eb2311,7947.0,0.0,0.0,0.0,1,7843.0,7961.0,2,7947.0,0.0,0.0,0.0,0.0,0.0,115
2023-05-09 21:01:46,eb2311,eb2311,7947.0,0.0,0.0,0.0,1,7844.0,7961.0,2,7947.0,0.0,0.0,0.0,0.0,0.0,115
2023-05-09 21:01:47,eb2311,eb2311,7947.0,0.0,0.0,0.0,1,7845.0,7961.0,2,7947.0,0.0,0.0,0.0,0.0,0.0,115
2023-05-09 21:01:48,eb2311,eb2311,7947.0,0.0,0.0,0.0,1,7846.0,7961.0,2,7947.0,0.0,0.0,0.0,0.0,0.0,115
2023-05-09 21:01:48,eb2311,eb2311,7947.0,0.0,0.0,0.0,2,7847.0,7961.0,2,7947.0,0.0,0.0,0.0,0.0,0.0,115
2023-05-09 21:01:49,eb2311,eb2311,7947.0,0.0,0.0,0.0,2,7848.0,7961.0,2,7947.0,0.0,0.0,0.0,0.0,0.0,115
2023-05-09 21:01:50,eb2311,eb2311,7947.0,0.0,0.0,0.0,1,7849.0,7961.0,2,7947.0,0.0,0.0,0.0,0.0,0.0,115
2023-05-09 21:01:51,eb2311,eb2311,7947.0,0.0,0.0,0.0,1,7850.0,7961.0,2,7947.0,0.0,0.0,0.0,0.0,0.0,115
2023-05-09 21:01:51,eb2311,eb2311,7947.0,0.0,0.0,0.0,2,7851.0,7960.0,1,7947.0,0.0,0.0,0.0,0.0,0.0,115
2023-05-09 21:01:52,eb2311,eb2311,7947.0,0.0,0.0,0.0,1,7852.0,7960.0,1,7947.0,0.0,0.0,0.0,0.0,0.0,115
2023-05-09 21:01:52,eb2311,eb2311,7947.0,0.0,0.0,0.0,1,7852.0,7959.0,2,7947.0,0.0,0.0,0.0,0.0,0.0,115
2023-05-09 21:01:53,eb2311,eb2311,7947.0,0.0,0.0,0.0,1,7852.0,7958.0,1,7947.0,0.0,0.0,0.0,0.0,0.0,115
2023-05-09 21:01:53,eb2311,eb2311,7947.0,0.0,0.0,0.0,3,7853.0,7958.0,1,7947.0,0.0,0.0,0.0,0.0,0.0,115
2023-05-09 21:01:54,eb2311,eb2311,7947.0,0.0,0.0,0.0,1,7854.0,7958.0,1,7947.0,0.0,0.0,0.0,0.0,0.0,115
2023-05-09 21:01:54,eb2311,eb2311,7947.0,0.0,0.0,0.0,1,7855.0,7958.0,1,7947.0,0.0,0.0,0.0,0.0,0.0,115
2023-05-09 21:01:55,eb2311,eb2311,7947.0,0.0,0.0,0.0,1,7856.0,7958.0,1,7947.0,0.0,0.0,0.0,0.0,0.0,115
2023-05-09 21:01:55,eb2311,eb2311,7947.0,0.0,0.0,0.0,1,7856.0,7957.0,2,7947.0,0.0,0.0,0.0,0.0,0.0,115
2023-05-09 21:01:57,eb2311,eb2311,7947.0,0.0,0.0,0.0,1,7857.0,7957.0,2,7947.0,0.0,0.0,0.0,0.0,0.0,115
2023-05-09 21:01:57,eb2311,eb2311,7947.0,0.0,0.0,0.0,1,7858.0,7957.0,2,7947.0,0.0,0.0,0.0,0.0,0.0,115
2023-05-09 21:01:58,eb2311,eb2311,7947.0,0.0,0.0,0.0,1,7859.0,7957.0,2,7947.0,0.0,0.0,0.0,0.0,0.0,115
2023-05-09 21:01:59,eb2311,eb2311,7947.0,0.0,0.0,0.0,3,7860.0,7957.0,2,7947.0,0.0,0.0,0.0,0.0,0.0,115
2023-05-09 21:02:00,eb2311,eb2311,7947.0,0.0,0.0,0.0,3,7861.0,7957.0,2,7947.0,0.0,0.0,0.0,0.0,0.0,115
2023-05-09 21:02:01,eb2311,eb2311,7947.0,0.0,0.0,0.0,3,7862.0,7957.0,2,7947.0,0.0,0.0,0.0,0.0,0.0,115
2023-05-09 21:02:02,eb2311,eb2311,7947.0,0.0,0.0,0.0,1,7863.0,7972.0,1,7947.0,0.0,0.0,0.0,0.0,0.0,115
2023-05-09 21:02:02,eb2311,eb2311,7947.0,0.0,0.0,0.0,1,7863.0,7971.0,6,7947.0,0.0,0.0,0.0,0.0,0.0,115
2023-05-09 21:02:03,eb2311,eb2311,7947.0,0.0,0.0,0.0,4,7864.0,7971.0,6,7947.0,0.0,0.0,0.0,0.0,0.0,115
2023-05-09 21:02:03,eb2311,eb2311,7947.0,0.0,0.0,0.0,5,7864.0,7971.0,6,7947.0,0.0,0.0,0.0,0.0,0.0,115
2023-05-09 21:02:05,eb2311,eb2311,7947.0,0.0,0.0,0.0,7,7864.0,7971.0,6,7947.0,0.0,0.0,0.0,0.0,0.0,115
2023-05-09 21:02:08,eb2311,eb2311,7947.0,0.0,0.0,0.0,4,7864.0,7971.0,6,7947.0,0.0,0.0,0.0,0.0,0.0,115
2023-05-09 21:02:08,eb2311,eb2311,7947.0,0.0,0.0,0.0,3,7865.0,7971.0,6,7947.0,0.0,0.0,0.0,0.0,0.0,115
2023-05-09 21:02:09,eb2311,eb2311,7947.0,0.0,0.0,0.0,4,7866.0,7971.0,6,7947.0,0.0,0.0,0.0,0.0,0.0,115
2023-05-09 21:02:10,eb2311,eb2311,7947.0,0.0,0.0,0.0,1,7867.0,7971.0,6,7947.0,0.0,0.0,0.0,0.0,0.0,115
2023-05-09 21:02:11,eb2311,eb2311,7947.0,0.0,0.0,0.0,3,7867.0,7971.0,6,7947.0,0.0,0.0,0.0,0.0,0.0,115
2023-05-09 21:02:12,eb2311,eb2311,7947.0,0.0,0.0,0.0,2,7868.0,7971.0,6,7947.0,0.0,0.0,0.0,0.0,0.0,115
2023-05-09 21:02:13,eb2311,eb2311,7947.0,0.0,0.0,0.0,2,7869.0,7971.0,6,7947.0,0.0,0.0,0.0,0.0,0.0,115
2023-05-09 21:02:14,eb2311,eb2311,7947.0,0.0,0.0,0.0,2,7870.0,7971.0,6,7947.0,0.0,0.0,0.0,0.0,0.0,115
2023-05-09 21:02:16,eb2311,eb2311,7947.0,0.0,0.0,0.0,2,7871.0,7971.0,6,7947.0,0.0,0.0,0.0,0.0,0.0,115
2023-05-09 21:02:16,eb2311,eb2311,7947.0,0.0,0.0,0.0,2,7872.0,7971.0,6,7947.0,0.0,0.0,0.0,0.0,0.0,115
2023-05-09 21:02:18,eb2311,eb2311,7947.0,0.0,0.0,0.0,2,7873.0,7971.0,6,7947.0,0.0,0.0,0.0,0.0,0.0,115
2023-05-09 21:02:21,eb2311,eb2311,7947.0,0.0,0.0,0.0,2,7874.0,7971.0,6,7947.0,0.0,0.0,0.0,0.0,0.0,115
2023-05-09 21:02:22,eb2311,eb2311,7947.0,0.0,0.0,0.0,2,7875.0,7971.0,6,7947.0,0.0,0.0,0.0,0.0,0.0,115
2023-05-09 21:02:23,eb2311,eb2311,7947.0,0.0,0.0,0.0,2,7876.0,7971.0,6,7947.0,0.0,0.0,0.0,0.0,0.0,115
2023-05-09 21:02:25,eb2311,eb2311,7947.0,0.0,0.0,0.0,2,7877.0,7971.0,6,7947.0,0.0,0.0,0.0,0.0,0.0,115
2023-05-09 21:02:26,eb2311,eb2311,7947.0,0.0,0.0,0.0,4,7877.0,7971.0,6,7947.0,0.0,0.0,0.0,0.0,0.0,115
2023-05-09 21:02:26,eb2311,eb2311,7947.0,0.0,0.0,0.0,2,7878.0,7971.0,6,7947.0,0.0,0.0,0.0,0.0,0.0,115
2023-05-09 21:02:28,eb2311,eb2311,7947.0,0.0,0.0,0.0,2,7879.0,7971.0,6,7947.0,0.0,0.0,0.0,0.0,0.0,115
2023-05-09 21:02:29,eb2311,eb2311,7947.0,0.0,0.0,0.0,2,7880.0,7971.0,6,7947.0,0.0,0.0,0.0,0.0,0.0,115
2023-05-09 21:02:31,eb2311,eb2311,7947.0,0.0,0.0,0.0,2,7881.0,7971.0,2,7947.0,0.0,0.0,0.0,0.0,0.0,115
2023-05-09 21:02:32,eb2311,eb2311,7947.0,0.0,0.0,0.0,2,7881.0,7971.0,6,7947.0,0.0,0.0,0.0,0.0,0.0,115
2023-05-09 21:02:32,eb2311,eb2311,7947.0,0.0,0.0,0.0,2,7882.0,7971.0,6,7947.0,0.0,0.0,0.0,0.0,0.0,115
2023-05-09 21:02:35,eb2311,eb2311,7947.0,0.0,0.0,0.0,2,7882.0,7971.0,2,7947.0,0.0,0.0,0.0,0.0,0.0,115
2023-05-09 21:02:36,eb2311,eb2311,7947.0,0.0,0.0,0.0,4,7882.0,7971.0,2,7947.0,0.0,0.0,0.0,0.0,0.0,115
2023-05-09 21:02:38,eb2311,eb2311,7947.0,0.0,0.0,0.0,2,7882.0,7971.0,2,7947.0,0.0,0.0,0.0,0.0,0.0,115
2023-05-09 21:02:40,eb2311,eb2311,7947.0,0.0,0.0,0.0,4,7882.0,7971.0,2,7947.0,0.0,0.0,0.0,0.0,0.0,115
2023-05-09 21:02:56,eb2311,eb2311,7947.0,0.0,0.0,0.0,2,7882.0,7971.0,2,7947.0,0.0,0.0,0.0,0.0,0.0,115
2023-05-09 21:03:02,eb2311,eb2311,7947.0,0.0,0.0,0.0,4,7882.0,7971.0,2,7947.0,0.0,0.0,0.0,0.0,0.0,115
2023-05-09 21:03:03,eb2311,eb2311,7947.0,0.0,0.0,0.0,4,7882.0,7971.0,6,7947.0,0.0,0.0,0.0,0.0,0.0,115
2023-05-09 21:03:04,eb2311,eb2311,7947.0,0.0,0.0,0.0,4,7882.0,7970.0,2,7947.0,0.0,0.0,0.0,0.0,0.0,115
2023-05-09 21:03:05,eb2311,eb2311,7947.0,0.0,0.0,0.0,2,7882.0,7970.0,2,7947.0,0.0,0.0,0.0,0.0,0.0,115
2023-05-09 21:03:05,eb2311,eb2311,7947.0,0.0,0.0,0.0,2,7882.0,7969.0,2,7947.0,0.0,0.0,0.0,0.0,0.0,115
2023-05-09 21:03:08,eb2311,eb2311,7947.0,0.0,0.0,0.0,2,7883.0,7969.0,2,7947.0,0.0,0.0,0.0,0.0,0.0,115
2023-05-09 21:03:08,eb2311,eb2311,7947.0,0.0,0.0,0.0,2,7883.0,7969.0,6,7947.0,0.0,0.0,0.0,0.0,0.0,115
2023-05-09 21:03:08,eb2311,eb2311,7947.0,0.0,0.0,0.0,2,7884.0,7968.0,2,7947.0,0.0,0.0,0.0,0.0,0.0,115
2023-05-09 21:03:09,eb2311,eb2311,7947.0,0.0,0.0,0.0,2,7884.0,7967.0,2,7947.0,0.0,0.0,0.0,0.0,0.0,115
2023-05-09 21:03:50,eb2311,eb2311,7947.0,0.0,0.0,0.0,2,7885.0,7967.0,2,7947.0,0.0,0.0,0.0,0.0,0.0,115
2023-05-09 21:03:51,eb2311,eb2311,7947.0,0.0,0.0,0.0,2,7886.0,7967.0,2,7947.0,0.0,0.0,0.0,0.0,0.0,115
2023-05-09 21:03:59,eb2311,eb2311,7947.0,0.0,0.0,0.0,2,7886.0,7967.0,6,7947.0,0.0,0.0,0.0,0.0,0.0,115
2023-05-09 21:04:01,eb2311,eb2311,7947.0,0.0,0.0,0.0,2,7886.0,7967.0,2,7947.0,0.0,0.0,0.0,0.0,0.0,115
2023-05-09 21:04:04,eb2311,eb2311,7947.0,0.0,0.0,0.0,2,7886.0,7967.0,6,7947.0,0.0,0.0,0.0,0.0,0.0,115
2023-05-09 21:04:05,eb2311,eb2311,7947.0,0.0,0.0,0.0,2,7886.0,7966.0,2,7947.0,0.0,0.0,0.0,0.0,0.0,115
2023-05-09 21:04:06,eb2311,eb2311,7947.0,0.0,0.0,0.0,2,7886.0,7965.0,2,7947.0,0.0,0.0,0.0,0.0,0.0,115
2023-05-09 21:04:08,eb2311,eb2311,7947.0,0.0,0.0,0.0,2,7886.0,7965.0,6,7947.0,0.0,0.0,0.0,0.0,0.0,115
2023-05-09 21:04:09,eb2311,eb2311,7947.0,0.0,0.0,0.0,2,7886.0,7964.0,2,7947.0,0.0,0.0,0.0,0.0,0.0,115
2023-05-09 21:04:10,eb2311,eb2311,7947.0,0.0,0.0,0.0,2,7886.0,7963.0,2,7947.0,0.0,0.0,0.0,0.0,0.0,115
2023-05-09 21:04:17,eb2311,eb2311,7947.0,0.0,0.0,0.0,2,7886.0,7963.0,6,7947.0,0.0,0.0,0.0,0.0,0.0,115
2023-05-09 21:04:18,eb2311,eb2311,7947.0,0.0,0.0,0.0,2,7886.0,7962.0,2,7947.0,0.0,0.0,0.0,0.0,0.0,115
2023-05-09 21:04:19,eb2311,eb2311,7947.0,0.0,0.0,0.0,2,7886.0,7961.0,2,7947.0,0.0,0.0,0.0,0.0,0.0,115
2023-05-09 21:04:20,eb2311,eb2311,7947.0,0.0,0.0,0.0,2,7886.0,7961.0,6,7947.0,0.0,0.0,0.0,0.0,0.0,115
2023-05-09 21:04:21,eb2311,eb2311,7947.0,0.0,0.0,0.0,2,7886.0,7960.0,2,7947.0,0.0,0.0,0.0,0.0,0.0,115
2023-05-09 21:04:22,eb2311,eb2311,7947.0,0.0,0.0,0.0,2,7886.0,7959.0,2,7947.0,0.0,0.0,0.0,0.0,0.0,115
2023-05-09 21:04:32,eb2311,eb2311,7947.0,0.0,0.0,0.0,2,7886.0,7958.0,2,7947.0,0.0,0.0,0.0,0.0,0.0,115
2023-05-09 21:04:34,eb2311,eb2311,7947.0,0.0,0.0,0.0,2,7886.0,7957.0,2,7947.0,0.0,0.0,0.0,0.0,0.0,115
2023-05-09 21:05:14,eb2311,eb2311,7947.0,0.0,0.0,0.0,2,7886.0,7956.0,2,7947.0,0.0,0.0,0.0,0.0,0.0,115
2023-05-09 21:05:15,eb2311,eb2311,7947.0,0.0,0.0,0.0,2,7886.0,7956.0,4,7947.0,0.0,0.0,0.0,0.0,0.0,115
2023-05-09 21:05:19,eb2311,eb2311,7947.0,0.0,0.0,0.0,2,7886.0,7976.0,1,7947.0,0.0,0.0,0.0,0.0,0.0,115
2023-05-09 21:05:20,eb2311,eb2311,7947.0,0.0,0.0,0.0,2,7886.0,7975.0,6,7947.0,0.0,0.0,0.0,0.0,0.0,115
2023-05-09 21:05:20,eb2311,eb2311,7947.0,0.0,0.0,0.0,2,7886.0,7975.0,9,7947.0,0.0,0.0,0.0,0.0,0.0,115
2023-05-09 21:05:56,eb2311,eb2311,7947.0,0.0,0.0,0.0,2,7886.0,7974.0,2,7947.0,0.0,0.0,0.0,0.0,0.0,115
2023-05-09 21:05:58,eb2311,eb2311,7947.0,0.0,0.0,0.0,2,7886.0,7973.0,9,7947.0,0.0,0.0,0.0,0.0,0.0,115
2023-05-09 21:05:58,eb2311,eb2311,7947.0,0.0,0.0,0.0,2,7886.0,7973.0,10,7947.0,0.0,0.0,0.0,0.0,0.0,115
2023-05-09 21:06:39,eb2311,eb2311,7947.0,0.0,0.0,0.0,2,7886.0,7972.0,2,7947.0,0.0,0.0,0.0,0.0,0.0,115
2023-05-09 21:06:40,eb2311,eb2311,7947.0,0.0,0.0,0.0,2,7886.0,7971.0,3,7947.0,0.0,0.0,0.0,0.0,0.0,115
2023-05-09 21:06:41,eb2311,eb2311,7947.0,0.0,0.0,0.0,2,7886.0,7970.0,1,7947.0,0.0,0.0,0.0,0.0,0.0,115
2023-05-09 21:06:42,eb2311,eb2311,7947.0,0.0,0.0,0.0,2,7886.0,7966.0,3,7947.0,0.0,0.0,0.0,0.0,0.0,115
2023-05-09 21:06:46,eb2311,eb2311,7947.0,0.0,0.0,0.0,2,7886.0,7965.0,6,7947.0,0.0,0.0,0.0,0.0,0.0,115
2023-05-09 21:06:47,eb2311,eb2311,7947.0,0.0,0.0,0.0,2,7886.0,7961.0,2,7947.0,0.0,0.0,0.0,0.0,0.0,115
2023-05-09 21:06:49,eb2311,eb2311,7947.0,0.0,0.0,0.0,2,7886.0,7960.0,1,7947.0,0.0,0.0,0.0,0.0,0.0,115
2023-05-09 21:06:49,eb2311,eb2311,7947.0,0.0,0.0,0.0,2,7886.0,7959.0,5,7947.0,0.0,0.0,0.0,0.0,0.0,115
2023-05-09 21:06:51,eb2311,eb2311,7947.0,0.0,0.0,0.0,2,7886.0,7959.0,6,7947.0,0.0,0.0,0.0,0.0,0.0,115
2023-05-09 21:07:02,eb2311,eb2311,7947.0,0.0,0.0,0.0,2,7886.0,7959.0,5,7947.0,0.0,0.0,0.0,0.0,0.0,115
2023-05-09 21:07:02,eb2311,eb2311,7947.0,0.0,0.0,0.0,2,7886.0,7958.0,1,7947.0,0.0,0.0,0.0,0.0,0.0,115
2023-05-09 21:07:03,eb2311,eb2311,7947.0,0.0,0.0,0.0,2,7886.0,7957.0,5,7947.0,0.0,0.0,0.0,0.0,0.0,115
2023-05-09 21:07:06,eb2311,eb2311,7947.0,0.0,0.0,0.0,2,7886.0,7956.0,1,7947.0,0.0,0.0,0.0,0.0,0.0,115
2023-05-09 21:07:06,eb2311,eb2311,7947.0,0.0,0.0,0.0,2,7886.0,7955.0,2,7947.0,0.0,0.0,0.0,0.0,0.0,115
2023-05-09 21:07:22,eb2311,eb2311,7947.0,0.0,0.0,0.0,2,7886.0,7954.0,2,7947.0,0.0,0.0,0.0,0.0,0.0,115
2023-05-09 21:07:22,eb2311,eb2311,7947.0,0.0,0.0,0.0,2,7886.0,7953.0,2,7947.0,0.0,0.0,0.0,0.0,0.0,115
2023-05-09 21:07:39,eb2311,eb2311,7947.0,0.0,0.0,0.0,2,7886.0,7953.0,5,7947.0,0.0,0.0,0.0,0.0,0.0,115
2023-05-09 21:07:39,eb2311,eb2311,7947.0,0.0,0.0,0.0,2,7886.0,7953.0,6,7947.0,0.0,0.0,0.0,0.0,0.0,115
2023-05-09 21:07:54,eb2311,eb2311,7947.0,0.0,0.0,0.0,2,7886.0,7953.0,2,7947.0,0.0,0.0,0.0,0.0,0.0,115
2023-05-09 21:08:05,eb2311,eb2311,7947.0,0.0,0.0,0.0,2,7886.0,7952.0,2,7947.0,0.0,0.0,0.0,0.0,0.0,115
2023-05-09 21:08:05,eb2311,eb2311,7947.0,0.0,0.0,0.0,2,7886.0,7951.0,2,7947.0,0.0,0.0,0.0,0.0,0.0,115
2023-05-09 21:08:21,eb2311,eb2311,7947.0,0.0,0.0,0.0,2,7886.0,7964.0,1,7947.0,0.0,0.0,0.0,0.0,0.0,115
2023-05-09 21:08:22,eb2311,eb2311,7947.0,0.0,0.0,0.0,2,7886.0,7964.0,3,7947.0,0.0,0.0,0.0,0.0,0.0,115
2023-05-09 21:08:23,eb2311,eb2311,7947.0,0.0,0.0,0.0,2,7886.0,7963.0,6,7947.0,0.0,0.0,0.0,0.0,0.0,115
2023-05-09 21:08:25,eb2311,eb2311,7947.0,0.0,0.0,0.0,2,7886.0,7962.0,3,7947.0,0.0,0.0,0.0,0.0,0.0,115
2023-05-09 21:08:28,eb2311,eb2311,7947.0,0.0,0.0,0.0,2,7886.0,7961.0,6,7947.0,0.0,0.0,0.0,0.0,0.0,115
2023-05-09 21:08:29,eb2311,eb2311,7947.0,0.0,0.0,0.0,2,7886.0,7960.0,2,7947.0,0.0,0.0,0.0,0.0,0.0,115
2023-05-09 21:08:31,eb2311,eb2311,7947.0,0.0,0.0,0.0,2,7886.0,7959.0,6,7947.0,0.0,0.0,0.0,0.0,0.0,115
2023-05-09 21:08:47,eb2311,eb2311,7947.0,0.0,0.0,0.0,2,7886.0,7958.0,2,7947.0,0.0,0.0,0.0,0.0,0.0,115
2023-05-09 21:08:48,eb2311,eb2311,7947.0,0.0,0.0,0.0,2,7886.0,7957.0,2,7947.0,0.0,0.0,0.0,0.0,0.0,115
2023-05-09 21:08:50,eb2311,eb2311,7947.0,0.0,0.0,0.0,2,7886.0,7956.0,3,7947.0,0.0,0.0,0.0,0.0,0.0,115
2023-05-09 21:08:51,eb2311,eb2311,7947.0,0.0,0.0,0.0,2,7886.0,7956.0,4,7947.0,0.0,0.0,0.0,0.0,0.0,115
2023-05-09 21:08:52,eb2311,eb2311,7947.0,0.0,0.0,0.0,2,7886.0,7955.0,2,7947.0,0.0,0.0,0.0,0.0,0.0,115
2023-05-09 21:09:08,eb2311,eb2311,7947.0,0.0,0.0,0.0,2,7886.0,7954.0,5,7947.0,0.0,0.0,0.0,0.0,0.0,115
2023-05-09 21:09:10,eb2311,eb2311,7947.0,0.0,0.0,0.0,2,7886.0,7953.0,2,7947.0,0.0,0.0,0.0,0.0,0.0,115
2023-05-09 21:09:13,eb2311,eb2311,7947.0,0.0,0.0,0.0,2,7886.0,7953.0,7,7947.0,0.0,0.0,0.0,0.0,0.0,115
2023-05-09 21:09:19,eb2311,eb2311,7947.0,0.0,0.0,0.0,2,7886.0,7953.0,2,7947.0,0.0,0.0,0.0,0.0,0.0,115
2023-05-09 21:09:28,eb2311,eb2311,7947.0,0.0,0.0,0.0,2,7886.0,7952.0,2,7947.0,0.0,0.0,0.0,0.0,0.0,115
2023-05-09 21:09:29,eb2311,eb2311,7947.0,0.0,0.0,0.0,2,7886.0,7951.0,2,7947.0,0.0,0.0,0.0,0.0,0.0,115
2023-05-09 21:10:10,eb2311,eb2311,7947.0,0.0,0.0,0.0,2,7887.0,7951.0,2,7947.0,0.0,0.0,0.0,0.0,0.0,115
2023-05-09 21:10:11,eb2311,eb2311,7947.0,0.0,0.0,0.0,2,7888.0,7951.0,2,7947.0,0.0,0.0,0.0,0.0,0.0,115
2023-05-09 21:10:52,eb2311,eb2311,7947.0,0.0,0.0,0.0,2,7889.0,7951.0,2,7947.0,0.0,0.0,0.0,0.0,0.0,115
2023-05-09 21:10:53,eb2311,eb2311,7947.0,0.0,0.0,0.0,2,7890.0,7951.0,2,7947.0,0.0,0.0,0.0,0.0,0.0,115
2023-05-09 21:11:34,eb2311,eb2311,7947.0,0.0,0.0,0.0,2,7891.0,7951.0,2,7947.0,0.0,0.0,0.0,0.0,0.0,115
2023-05-09 21:11:34,eb2311,eb2311,7947.0,0.0,0.0,0.0,2,7892.0,7951.0,2,7947.0,0.0,0.0,0.0,0.0,0.0,115
2023-05-09 21:12:16,eb2311,eb2311,7947.0,0.0,0.0,0.0,2,7892.0,7950.0,2,7947.0,0.0,0.0,0.0,0.0,0.0,115
2023-05-09 21:12:20,eb2311,eb2311,7947.0,0.0,0.0,0.0,2,7892.0,7949.0,2,7947.0,0.0,0.0,0.0,0.0,0.0,115
2023-05-09 21:12:57,eb2311,eb2311,7947.0,0.0,0.0,0.0,2,7893.0,7949.0,2,7947.0,0.0,0.0,0.0,0.0,0.0,115
2023-05-09 21:12:58,eb2311,eb2311,7947.0,0.0,0.0,0.0,3,7893.0,7949.0,2,7947.0,0.0,0.0,0.0,0.0,0.0,115
2023-05-09 21:12:58,eb2311,eb2311,7947.0,0.0,0.0,0.0,2,7894.0,7949.0,2,7947.0,0.0,0.0,0.0,0.0,0.0,115
2023-05-09 21:13:38,eb2311,eb2311,7947.0,0.0,0.0,0.0,2,7895.0,7949.0,2,7947.0,0.0,0.0,0.0,0.0,0.0,115
2023-05-09 21:13:40,eb2311,eb2311,7947.0,0.0,0.0,0.0,2,7896.0,7949.0,2,7947.0,0.0,0.0,0.0,0.0,0.0,115
2023-05-09 21:14:19,eb2311,eb2311,7947.0,0.0,0.0,0.0,2,7897.0,7949.0,2,7947.0,0.0,0.0,0.0,0.0,0.0,115
2023-05-09 21:14:20,eb2311,eb2311,7947.0,0.0,0.0,0.0,2,7898.0,7949.0,2,7947.0,0.0,0.0,0.0,0.0,0.0,115
2023-05-09 21:14:23,eb2311,eb2311,7947.0,0.0,0.0,0.0,1,7893.0,7949.0,2,7947.0,0.0,0.0,0.0,0.0,0.0,115
2023-05-09 21:14:23,eb2311,eb2311,7947.0,0.0,0.0,0.0,2,7894.0,7949.0,2,7947.0,0.0,0.0,0.0,0.0,0.0,115
2023-05-09 21:15:00,eb2311,eb2311,7947.0,0.0,0.0,0.0,2,7895.0,7949.0,2,7947.0,0.0,0.0,0.0,0.0,0.0,115
2023-05-09 21:15:01,eb2311,eb2311,7947.0,0.0,0.0,0.0,2,7896.0,7949.0,2,7947.0,0.0,0.0,0.0,0.0,0.0,115
2023-05-09 21:15:11,eb2311,eb2311,7947.0,0.0,0.0,0.0,2,7896.0,7948.0,3,7947.0,0.0,0.0,0.0,0.0,0.0,115
2023-05-09 21:15:12,eb2311,eb2311,7947.0,0.0,0.0,0.0,1,7893.0,7948.0,3,7947.0,0.0,0.0,0.0,0.0,0.0,115
2023-05-09 21:15:12,eb2311,eb2311,7947.0,0.0,0.0,0.0,2,7894.0,7948.0,3,7947.0,0.0,0.0,0.0,0.0,0.0,115
2023-05-09 21:15:14,eb2311,eb2311,7947.0,0.0,0.0,0.0,2,7894.0,7947.0,2,7947.0,0.0,0.0,0.0,0.0,0.0,115
2023-05-09 21:15:19,eb2311,eb2311,7947.0,0.0,0.0,0.0,2,7894.0,7946.0,3,7947.0,0.0,0.0,0.0,0.0,0.0,115
2023-05-09 21:15:19,eb2311,eb2311,7947.0,0.0,0.0,0.0,2,7894.0,7945.0,2,7947.0,0.0,0.0,0.0,0.0,0.0,115
2023-05-09 21:15:26,eb2311,eb2311,7947.0,0.0,0.0,0.0,2,7894.0,7976.0,1,7947.0,0.0,0.0,0.0,0.0,0.0,115
2023-05-09 21:15:27,eb2311,eb2311,7947.0,0.0,0.0,0.0,2,7894.0,7958.0,1,7947.0,0.0,0.0,0.0,0.0,0.0,115
2023-05-09 21:15:28,eb2311,eb2311,7947.0,0.0,0.0,0.0,2,7894.0,7957.0,3,7947.0,0.0,0.0,0.0,0.0,0.0,115
2023-05-09 21:15:30,eb2311,eb2311,7947.0,0.0,0.0,0.0,2,7894.0,7956.0,2,7947.0,0.0,0.0,0.0,0.0,0.0,115
2023-05-09 21:15:32,eb2311,eb2311,7947.0,0.0,0.0,0.0,2,7894.0,7952.0,3,7947.0,0.0,0.0,0.0,0.0,0.0,115
2023-05-09 21:15:36,eb2311,eb2311,7947.0,0.0,0.0,0.0,2,7894.0,7951.0,2,7947.0,0.0,0.0,0.0,0.0,0.0,115
2023-05-09 21:15:38,eb2311,eb2311,7947.0,0.0,0.0,0.0,2,7894.0,7947.0,2,7947.0,0.0,0.0,0.0,0.0,0.0,115
2023-05-09 21:15:39,eb2311,eb2311,7947.0,0.0,0.0,0.0,2,7894.0,7946.0,2,7947.0,0.0,0.0,0.0,0.0,0.0,115
2023-05-09 21:15:42,eb2311,eb2311,7947.0,0.0,0.0,0.0,2,7895.0,7946.0,2,7947.0,0.0,0.0,0.0,0.0,0.0,115
2023-05-09 21:15:44,eb2311,eb2311,7947.0,0.0,0.0,0.0,2,7896.0,7946.0,2,7947.0,0.0,0.0,0.0,0.0,0.0,115
2023-05-09 21:15:49,eb2311,eb2311,7947.0,0.0,0.0,0.0,2,7896.0,7945.0,3,7947.0,0.0,0.0,0.0,0.0,0.0,115
2023-05-09 21:15:49,eb2311,eb2311,7947.0,0.0,0.0,0.0,2,7896.0,7944.0,2,7947.0,0.0,0.0,0.0,0.0,0.0,115
2023-05-09 21:15:59,eb2311,eb2311,7947.0,0.0,0.0,0.0,2,7896.0,7963.0,1,7947.0,0.0,0.0,0.0,0.0,0.0,115
2023-05-09 21:15:59,eb2311,eb2311,7947.0,0.0,0.0,0.0,2,7896.0,7962.0,3,7947.0,0.0,0.0,0.0,0.0,0.0,115
2023-05-09 21:16:01,eb2311,eb2311,7947.0,0.0,0.0,0.0,2,7896.0,7961.0,7,7947.0,0.0,0.0,0.0,0.0,0.0,115
2023-05-09 21:16:03,eb2311,eb2311,7947.0,0.0,0.0,0.0,1,7893.0,7957.0,3,7947.0,0.0,0.0,0.0,0.0,0.0,115
2023-05-09 21:16:03,eb2311,eb2311,7947.0,0.0,0.0,0.0,2,7894.0,7957.0,3,7947.0,0.0,0.0,0.0,0.0,0.0,115
2023-05-09 21:16:04,eb2311,eb2311,7947.0,0.0,0.0,0.0,2,7894.0,7956.0,2,7947.0,0.0,0.0,0.0,0.0,0.0,115
2023-05-09 21:16:04,eb2311,eb2311,7947.0,0.0,0.0,0.0,2,7894.0,7955.0,5,7947.0,0.0,0.0,0.0,0.0,0.0,115
2023-05-09 21:16:05,eb2311,eb2311,7947.0,0.0,0.0,0.0,2,7894.0,7954.0,3,7947.0,0.0,0.0,0.0,0.0,0.0,115
2023-05-09 21:16:09,eb2311,eb2311,7947.0,0.0,0.0,0.0,2,7894.0,7953.0,7,7947.0,0.0,0.0,0.0,0.0,0.0,115
2023-05-09 21:16:11,eb2311,eb2311,7947.0,0.0,0.0,0.0,2,7894.0,7949.0,3,7947.0,0.0,0.0,0.0,0.0,0.0,115
2023-05-09 21:16:14,eb2311,eb2311,7947.0,0.0,0.0,0.0,2,7894.0,7948.0,2,7947.0,0.0,0.0,0.0,0.0,0.0,115
2023-05-09 21:16:26,eb2311,eb2311,7947.0,0.0,0.0,0.0,2,7895.0,7948.0,2,7947.0,0.0,0.0,0.0,0.0,0.0,115
2023-05-09 21:16:26,eb2311,eb2311,7947.0,0.0,0.0,0.0,2,7895.0,7963.0,1,7947.0,0.0,0.0,0.0,0.0,0.0,115
2023-05-09 21:16:26,eb2311,eb2311,7947.0,0.0,0.0,0.0,2,7896.0,7953.0,2,7947.0,0.0,0.0,0.0,0.0,0.0,115
2023-05-09 21:16:29,eb2311,eb2311,7947.0,0.0,0.0,0.0,2,7896.0,7952.0,2,7947.0,0.0,0.0,0.0,0.0,0.0,115
2023-05-09 21:17:03,eb2311,eb2311,7947.0,0.0,0.0,0.0,2,7896.0,7951.0,2,7947.0,0.0,0.0,0.0,0.0,0.0,115
2023-05-09 21:17:03,eb2311,eb2311,7947.0,0.0,0.0,0.0,2,7896.0,7951.0,3,7947.0,0.0,0.0,0.0,0.0,0.0,115
2023-05-09 21:17:04,eb2311,eb2311,7947.0,0.0,0.0,0.0,2,7896.0,7950.0,2,7947.0,0.0,0.0,0.0,0.0,0.0,115
2023-05-09 21:17:06,eb2311,eb2311,7947.0,0.0,0.0,0.0,2,7896.0,7948.0,2,7947.0,0.0,0.0,0.0,0.0,0.0,115
2023-05-09 21:17:08,eb2311,eb2311,7947.0,0.0,0.0,0.0,2,7896.0,7948.0,3,7947.0,0.0,0.0,0.0,0.0,0.0,115
2023-05-09 21:17:09,eb2311,eb2311,7947.0,0.0,0.0,0.0,2,7896.0,7947.0,2,7947.0,0.0,0.0,0.0,0.0,0.0,115
2023-05-09 21:17:10,eb2311,eb2311,7947.0,0.0,0.0,0.0,2,7897.0,7947.0,2,7947.0,0.0,0.0,0.0,0.0,0.0,115
2023-05-09 21:17:11,eb2311,eb2311,7947.0,0.0,0.0,0.0,2,7898.0,7947.0,2,7947.0,0.0,0.0,0.0,0.0,0.0,115
2023-05-09 21:17:14,eb2311,eb2311,7947.0,0.0,0.0,0.0,2,7898.0,7966.0,1,7947.0,0.0,0.0,0.0,0.0,0.0,115
2023-05-09 21:17:15,eb2311,eb2311,7947.0,0.0,0.0,0.0,2,7898.0,7958.0,1,7947.0,0.0,0.0,0.0,0.0,0.0,115
2023-05-09 21:17:15,eb2311,eb2311,7947.0,0.0,0.0,0.0,2,7898.0,7957.0,3,7947.0,0.0,0.0,0.0,0.0,0.0,115
2023-05-09 21:17:17,eb2311,eb2311,7947.0,0.0,0.0,0.0,2,7898.0,7956.0,2,7947.0,0.0,0.0,0.0,0.0,0.0,115
2023-05-09 21:17:19,eb2311,eb2311,7947.0,0.0,0.0,0.0,2,7898.0,7952.0,3,7947.0,0.0,0.0,0.0,0.0,0.0,115
2023-05-09 21:17:21,eb2311,eb2311,7947.0,0.0,0.0,0.0,2,7898.0,7951.0,2,7947.0,0.0,0.0,0.0,0.0,0.0,115
2023-05-09 21:17:34,eb2311,eb2311,7947.0,0.0,0.0,0.0,2,7898.0,7950.0,3,7947.0,0.0,0.0,0.0,0.0,0.0,115
2023-05-09 21:17:34,eb2311,eb2311,7947.0,0.0,0.0,0.0,2,7898.0,7949.0,2,7947.0,0.0,0.0,0.0,0.0,0.0,115
2023-05-09 21:17:40,eb2311,eb2311,7947.0,0.0,0.0,0.0,2,7898.0,7966.0,1,7947.0,0.0,0.0,0.0,0.0,0.0,115
2023-05-09 21:17:41,eb2311,eb2311,7947.0,0.0,0.0,0.0,2,7898.0,7965.0,5,7947.0,0.0,0.0,0.0,0.0,0.0,115
2023-05-09 21:17:41,eb2311,eb2311,7947.0,0.0,0.0,0.0,2,7898.0,7964.0,2,7947.0,0.0,0.0,0.0,0.0,0.0,115
2023-05-09 21:17:43,eb2311,eb2311,7947.0,0.0,0.0,0.0,2,7898.0,7960.0,3,7947.0,0.0,0.0,0.0,0.0,0.0,115
2023-05-09 21:17:46,eb2311,eb2311,7947.0,0.0,0.0,0.0,2,7898.0,7959.0,7,7947.0,0.0,0.0,0.0,0.0,0.0,115
2023-05-09 21:17:47,eb2311,eb2311,7947.0,0.0,0.0,0.0,2,7898.0,7955.0,2,7947.0,0.0,0.0,0.0,0.0,0.0,115
2023-05-09 21:17:50,eb2311,eb2311,7947.0,0.0,0.0,0.0,2,7898.0,7954.0,2,7947.0,0.0,0.0,0.0,0.0,0.0,115
2023-05-09 21:17:53,eb2311,eb2311,7947.0,0.0,0.0,0.0,2,7899.0,7954.0,2,7947.0,0.0,0.0,0.0,0.0,0.0,115
2023-05-09 21:17:53,eb2311,eb2311,7947.0,0.0,0.0,0.0,2,7900.0,7954.0,2,7947.0,0.0,0.0,0.0,0.0,0.0,115
2023-05-09 21:18:03,eb2311,eb2311,7947.0,0.0,0.0,0.0,2,7900.0,7953.0,3,7947.0,0.0,0.0,0.0,0.0,0.0,115
2023-05-09 21:18:04,eb2311,eb2311,7947.0,0.0,0.0,0.0,2,7900.0,7952.0,2,7947.0,0.0,0.0,0.0,0.0,0.0,115
2023-05-09 21:18:15,eb2311,eb2311,7947.0,0.0,0.0,0.0,2,7900.0,7951.0,3,7947.0,0.0,0.0,0.0,0.0,0.0,115
2023-05-09 21:18:16,eb2311,eb2311,7947.0,0.0,0.0,0.0,2,7900.0,7950.0,2,7947.0,0.0,0.0,0.0,0.0,0.0,115
2023-05-09 21:18:36,eb2311,eb2311,7947.0,0.0,0.0,0.0,2,7901.0,7950.0,2,7947.0,0.0,0.0,0.0,0.0,0.0,115
2023-05-09 21:18:36,eb2311,eb2311,7947.0,0.0,0.0,0.0,2,7901.0,7970.0,1,7947.0,0.0,0.0,0.0,0.0,0.0,115
2023-05-09 21:18:37,eb2311,eb2311,7947.0,0.0,0.0,0.0,2,7902.0,7961.0,1,7947.0,0.0,0.0,0.0,0.0,0.0,115
2023-05-09 21:18:39,eb2311,eb2311,7947.0,0.0,0.0,0.0,2,7902.0,7960.0,3,7947.0,0.0,0.0,0.0,0.0,0.0,115
2023-05-09 21:18:40,eb2311,eb2311,7947.0,0.0,0.0,0.0,2,7902.0,7959.0,2,7947.0,0.0,0.0,0.0,0.0,0.0,115
2023-05-09 21:18:41,eb2311,eb2311,7947.0,0.0,0.0,0.0,2,7902.0,7955.0,3,7947.0,0.0,0.0,0.0,0.0,0.0,115
2023-05-09 21:18:44,eb2311,eb2311,7947.0,0.0,0.0,0.0,2,7902.0,7954.0,2,7947.0,0.0,0.0,0.0,0.0,0.0,115
2023-05-09 21:18:45,eb2311,eb2311,7947.0,0.0,0.0,0.0,2,7902.0,7953.0,3,7947.0,0.0,0.0,0.0,0.0,0.0,115
2023-05-09 21:18:46,eb2311,eb2311,7947.0,0.0,0.0,0.0,2,7902.0,7954.0,2,7947.0,0.0,0.0,0.0,0.0,0.0,115
2023-05-09 21:18:46,eb2311,eb2311,7947.0,0.0,0.0,0.0,2,7902.0,7970.0,1,7947.0,0.0,0.0,0.0,0.0,0.0,115
2023-05-09 21:18:47,eb2311,eb2311,7947.0,0.0,0.0,0.0,2,7902.0,7953.0,2,7947.0,0.0,0.0,0.0,0.0,0.0,115
2023-05-09 21:18:48,eb2311,eb2311,7947.0,0.0,0.0,0.0,2,7902.0,7952.0,1,7947.0,0.0,0.0,0.0,0.0,0.0,115
2023-05-09 21:18:50,eb2311,eb2311,7947.0,0.0,0.0,0.0,2,7902.0,7969.0,3,7947.0,0.0,0.0,0.0,0.0,0.0,115
2023-05-09 21:18:52,eb2311,eb2311,7947.0,0.0,0.0,0.0,2,7902.0,7968.0,7,7947.0,0.0,0.0,0.0,0.0,0.0,115
2023-05-09 21:18:54,eb2311,eb2311,7947.0,0.0,0.0,0.0,2,7902.0,7964.0,3,7947.0,0.0,0.0,0.0,0.0,0.0,115
2023-05-09 21:18:55,eb2311,eb2311,7947.0,0.0,0.0,0.0,2,7902.0,7963.0,7,7947.0,0.0,0.0,0.0,0.0,0.0,115
2023-05-09 21:18:57,eb2311,eb2311,7947.0,0.0,0.0,0.0,2,7902.0,7957.0,2,7947.0,0.0,0.0,0.0,0.0,0.0,115
2023-05-09 21:18:58,eb2311,eb2311,7947.0,0.0,0.0,0.0,2,7902.0,7957.0,3,7947.0,0.0,0.0,0.0,0.0,0.0,115
2023-05-09 21:18:59,eb2311,eb2311,7947.0,0.0,0.0,0.0,2,7902.0,7956.0,2,7947.0,0.0,0.0,0.0,0.0,0.0,115
2023-05-09 21:19:06,eb2311,eb2311,7947.0,0.0,0.0,0.0,2,7902.0,7955.0,3,7947.0,0.0,0.0,0.0,0.0,0.0,115
2023-05-09 21:19:08,eb2311,eb2311,7947.0,0.0,0.0,0.0,2,7902.0,7954.0,2,7947.0,0.0,0.0,0.0,0.0,0.0,115
2023-05-09 21:19:15,eb2311,eb2311,7947.0,0.0,0.0,0.0,2,7902.0,7955.0,3,7947.0,0.0,0.0,0.0,0.0,0.0,115
2023-05-09 21:19:16,eb2311,eb2311,7947.0,0.0,0.0,0.0,2,7902.0,7954.0,2,7947.0,0.0,0.0,0.0,0.0,0.0,115
2023-05-09 21:19:17,eb2311,eb2311,7947.0,0.0,0.0,0.0,2,7902.0,7955.0,3,7947.0,0.0,0.0,0.0,0.0,0.0,115
2023-05-09 21:19:20,eb2311,eb2311,7947.0,0.0,0.0,0.0,2,7902.0,7954.0,2,7947.0,0.0,0.0,0.0,0.0,0.0,115
2023-05-09 21:19:20,eb2311,eb2311,7947.0,0.0,0.0,0.0,2,7902.0,7954.0,4,7947.0,0.0,0.0,0.0,0.0,0.0,115
2023-05-09 21:19:55,eb2311,eb2311,7947.0,0.0,0.0,0.0,1,7893.0,7954.0,4,7947.0,0.0,0.0,0.0,0.0,0.0,115
2023-05-09 21:19:56,eb2311,eb2311,7947.0,0.0,0.0,0.0,2,7894.0,7954.0,4,7947.0,0.0,0.0,0.0,0.0,0.0,115
2023-05-09 21:19:56,eb2311,eb2311,7947.0,0.0,0.0,0.0,2,7894.0,7953.0,3,7947.0,0.0,0.0,0.0,0.0,0.0,115
2023-05-09 21:19:59,eb2311,eb2311,7947.0,0.0,0.0,0.0,3,7894.0,7953.0,3,7947.0,0.0,0.0,0.0,0.0,0.0,115
2023-05-09 21:20:00,eb2311,eb2311,7947.0,0.0,0.0,0.0,3,7894.0,7952.0,2,7947.0,0.0,0.0,0.0,0.0,0.0,115
2023-05-09 21:20:01,eb2311,eb2311,7947.0,0.0,0.0,0.0,3,7894.0,7951.0,2,7947.0,0.0,0.0,0.0,0.0,0.0,115
2023-05-09 21:20:03,eb2311,eb2311,7947.0,0.0,0.0,0.0,3,7894.0,7950.0,2,7947.0,0.0,0.0,0.0,0.0,0.0,115
2023-05-09 21:20:44,eb2311,eb2311,7947.0,0.0,0.0,0.0,2,7895.0,7950.0,2,7947.0,0.0,0.0,0.0,0.0,0.0,115
2023-05-09 21:20:46,eb2311,eb2311,7947.0,0.0,0.0,0.0,2,7896.0,7950.0,2,7947.0,0.0,0.0,0.0,0.0,0.0,115
2023-05-09 21:20:54,eb2311,eb2311,7947.0,0.0,0.0,0.0,2,7896.0,7970.0,1,7947.0,0.0,0.0,0.0,0.0,0.0,115
2023-05-09 21:20:54,eb2311,eb2311,7947.0,0.0,0.0,0.0,2,7896.0,7969.0,7,7947.0,0.0,0.0,0.0,0.0,0.0,115
2023-05-09 21:20:54,eb2311,eb2311,7947.0,0.0,0.0,0.0,2,7896.0,7969.0,10,7947.0,0.0,0.0,0.0,0.0,0.0,115
2023-05-09 21:21:27,eb2311,eb2311,7947.0,0.0,0.0,0.0,2,7896.0,7968.0,2,7947.0,0.0,0.0,0.0,0.0,0.0,115
2023-05-09 21:21:27,eb2311,eb2311,7947.0,0.0,0.0,0.0,2,7896.0,7967.0,7,7947.0,0.0,0.0,0.0,0.0,0.0,115
2023-05-09 21:21:28,eb2311,eb2311,7947.0,0.0,0.0,0.0,2,7896.0,7966.0,3,7947.0,0.0,0.0,0.0,0.0,0.0,115
2023-05-09 21:21:34,eb2311,eb2311,7947.0,0.0,0.0,0.0,2,7896.0,7965.0,7,7947.0,0.0,0.0,0.0,0.0,0.0,115
2023-05-09 21:21:36,eb2311,eb2311,7947.0,0.0,0.0,0.0,2,7896.0,7961.0,3,7947.0,0.0,0.0,0.0,0.0,0.0,115
2023-05-09 21:21:41,eb2311,eb2311,7947.0,0.0,0.0,0.0,2,7896.0,7960.0,3,7947.0,0.0,0.0,0.0,0.0,0.0,115
2023-05-09 21:21:41,eb2311,eb2311,7947.0,0.0,0.0,0.0,2,7896.0,7959.0,2,7947.0,0.0,0.0,0.0,0.0,0.0,115
2023-05-09 21:21:42,eb2311,eb2311,7947.0,0.0,0.0,0.0,2,7896.0,7958.0,3,7947.0,0.0,0.0,0.0,0.0,0.0,115
2023-05-09 21:21:43,eb2311,eb2311,7947.0,0.0,0.0,0.0,2,7896.0,7958.0,6,7947.0,0.0,0.0,0.0,0.0,0.0,115
2023-05-09 21:21:44,eb2311,eb2311,7947.0,0.0,0.0,0.0,2,7896.0,7957.0,2,7947.0,0.0,0.0,0.0,0.0,0.0,115
2023-05-09 21:21:46,eb2311,eb2311,7947.0,0.0,0.0,0.0,2,7896.0,7953.0,3,7947.0,0.0,0.0,0.0,0.0,0.0,115
2023-05-09 21:21:47,eb2311,eb2311,7947.0,0.0,0.0,0.0,2,7896.0,7952.0,2,7947.0,0.0,0.0,0.0,0.0,0.0,115
2023-05-09 21:21:49,eb2311,eb2311,7947.0,0.0,0.0,0.0,2,7896.0,7950.0,2,7947.0,0.0,0.0,0.0,0.0,0.0,115
2023-05-09 21:21:52,eb2311,eb2311,7947.0,0.0,0.0,0.0,2,7896.0,7949.0,2,7947.0,0.0,0.0,0.0,0.0,0.0,115
2023-05-09 21:22:03,eb2311,eb2311,7947.0,0.0,0.0,0.0,2,7896.0,7948.0,2,7947.0,0.0,0.0,0.0,0.0,0.0,115
2023-05-09 21:22:04,eb2311,eb2311,7947.0,0.0,0.0,0.0,2,7896.0,7947.0,2,7947.0,0.0,0.0,0.0,0.0,0.0,115
2023-05-09 21:22:11,eb2311,eb2311,7947.0,0.0,0.0,0.0,2,7896.0,7946.0,2,7947.0,0.0,0.0,0.0,0.0,0.0,115
2023-05-09 21:22:13,eb2311,eb2311,7947.0,0.0,0.0,0.0,2,7896.0,7946.0,4,7947.0,0.0,0.0,0.0,0.0,0.0,115
2023-05-09 21:22:15,eb2311,eb2311,7947.0,0.0,0.0,0.0,2,7896.0,7946.0,2,7947.0,0.0,0.0,0.0,0.0,0.0,115
2023-05-09 21:22:16,eb2311,eb2311,7947.0,0.0,0.0,0.0,2,7896.0,7945.0,2,7947.0,0.0,0.0,0.0,0.0,0.0,115
2023-05-09 21:22:22,eb2311,eb2311,7947.0,0.0,0.0,0.0,2,7896.0,7946.0,2,7947.0,0.0,0.0,0.0,0.0,0.0,115
2023-05-09 21:22:22,eb2311,eb2311,7947.0,0.0,0.0,0.0,2,7896.0,7946.0,4,7947.0,0.0,0.0,0.0,0.0,0.0,115
2023-05-09 21:22:27,eb2311,eb2311,7947.0,0.0,0.0,0.0,2,7896.0,7946.0,2,7947.0,0.0,0.0,0.0,0.0,0.0,115
2023-05-09 21:22:27,eb2311,eb2311,7947.0,0.0,0.0,0.0,2,7896.0,7946.0,4,7947.0,0.0,0.0,0.0,0.0,0.0,115
2023-05-09 21:22:30,eb2311,eb2311,7947.0,0.0,0.0,0.0,2,7896.0,7946.0,2,7947.0,0.0,0.0,0.0,0.0,0.0,115
2023-05-09 21:22:44,eb2311,eb2311,7947.0,0.0,0.0,0.0,2,7896.0,7946.0,4,7947.0,0.0,0.0,0.0,0.0,0.0,115
2023-05-09 21:22:51,eb2311,eb2311,7947.0,0.0,0.0,0.0,2,7896.0,7946.0,2,7947.0,0.0,0.0,0.0,0.0,0.0,115
2023-05-09 21:23:00,eb2311,eb2311,7947.0,0.0,0.0,0.0,2,7896.0,7946.0,4,7947.0,0.0,0.0,0.0,0.0,0.0,115
2023-05-09 21:23:05,eb2311,eb2311,7947.0,0.0,0.0,0.0,1,7894.0,7946.0,2,7947.0,0.0,0.0,0.0,0.0,0.0,115
2023-05-09 21:23:05,eb2311,eb2311,7947.0,0.0,0.0,0.0,2,7895.0,7945.0,2,7947.0,0.0,0.0,0.0,0.0,0.0,115
2023-05-09 21:23:08,eb2311,eb2311,7947.0,0.0,0.0,0.0,2,7895.0,7946.0,2,7947.0,0.0,0.0,0.0,0.0,0.0,115
2023-05-09 21:23:09,eb2311,eb2311,7947.0,0.0,0.0,0.0,2,7895.0,7946.0,4,7947.0,0.0,0.0,0.0,0.0,0.0,115
2023-05-09 21:23:12,eb2311,eb2311,7947.0,0.0,0.0,0.0,2,7895.0,7946.0,2,7947.0,0.0,0.0,0.0,0.0,0.0,115
2023-05-09 21:23:17,eb2311,eb2311,7947.0,0.0,0.0,0.0,2,7895.0,7946.0,4,7947.0,0.0,0.0,0.0,0.0,0.0,115
2023-05-09 21:23:20,eb2311,eb2311,7947.0,0.0,0.0,0.0,2,7895.0,7946.0,2,7947.0,0.0,0.0,0.0,0.0,0.0,115
2023-05-09 21:23:21,eb2311,eb2311,7947.0,0.0,0.0,0.0,1,7894.0,7946.0,2,7947.0,0.0,0.0,0.0,0.0,0.0,115
2023-05-09 21:23:23,eb2311,eb2311,7947.0,0.0,0.0,0.0,1,7894.0,7946.0,4,7947.0,0.0,0.0,0.0,0.0,0.0,115
2023-05-09 21:23:23,eb2311,eb2311,7947.0,0.0,0.0,0.0,2,7895.0,7946.0,4,7947.0,0.0,0.0,0.0,0.0,0.0,115
2023-05-09 21:23:29,eb2311,eb2311,7947.0,0.0,0.0,0.0,2,7895.0,7946.0,2,7947.0,0.0,0.0,0.0,0.0,0.0,115
2023-05-09 21:23:30,eb2311,eb2311,7947.0,0.0,0.0,0.0,2,7895.0,7946.0,4,7947.0,0.0,0.0,0.0,0.0,0.0,115
2023-05-09 21:23:33,eb2311,eb2311,7947.0,0.0,0.0,0.0,2,7895.0,7946.0,2,7947.0,0.0,0.0,0.0,0.0,0.0,115
2023-05-09 21:23:33,eb2311,eb2311,7947.0,0.0,0.0,0.0,1,7894.0,7946.0,2,7947.0,0.0,0.0,0.0,0.0,0.0,115
2023-05-09 21:23:33,eb2311,eb2311,7947.0,0.0,0.0,0.0,1,7894.0,7946.0,4,7947.0,0.0,0.0,0.0,0.0,0.0,115
2023-05-09 21:23:40,eb2311,eb2311,7947.0,0.0,0.0,0.0,2,7895.0,7946.0,4,7947.0,0.0,0.0,0.0,0.0,0.0,115
2023-05-09 21:23:41,eb2311,eb2311,7947.0,0.0,0.0,0.0,2,7895.0,7946.0,2,7947.0,0.0,0.0,0.0,0.0,0.0,115
2023-05-09 21:24:01,eb2311,eb2311,7947.0,0.0,0.0,0.0,1,7894.0,7946.0,2,7947.0,0.0,0.0,0.0,0.0,0.0,115
2023-05-09 21:24:02,eb2311,eb2311,7947.0,0.0,0.0,0.0,1,7894.0,7946.0,4,7947.0,0.0,0.0,0.0,0.0,0.0,115
2023-05-09 21:24:04,eb2311,eb2311,7947.0,0.0,0.0,0.0,2,7895.0,7946.0,4,7947.0,0.0,0.0,0.0,0.0,0.0,115
2023-05-09 21:24:10,eb2311,eb2311,7947.0,0.0,0.0,0.0,1,7894.0,7946.0,4,7947.0,0.0,0.0,0.0,0.0,0.0,115
2023-05-09 21:24:14,eb2311,eb2311,7947.0,0.0,0.0,0.0,2,7895.0,7946.0,2,7947.0,0.0,0.0,0.0,0.0,0.0,115
2023-05-09 21:24:22,eb2311,eb2311,7947.0,0.0,0.0,0.0,2,7895.0,7946.0,4,7947.0,0.0,0.0,0.0,0.0,0.0,115
2023-05-09 21:24:31,eb2311,eb2311,7947.0,0.0,0.0,0.0,2,7895.0,7946.0,2,7947.0,0.0,0.0,0.0,0.0,0.0,115
2023-05-09 21:24:31,eb2311,eb2311,7947.0,0.0,0.0,0.0,1,7894.0,7946.0,2,7947.0,0.0,0.0,0.0,0.0,0.0,115
2023-05-09 21:24:32,eb2311,eb2311,7947.0,0.0,0.0,0.0,1,7894.0,7946.0,4,7947.0,0.0,0.0,0.0,0.0,0.0,115
2023-05-09 21:24:38,eb2311,eb2311,7947.0,0.0,0.0,0.0,1,7894.0,7946.0,2,7947.0,0.0,0.0,0.0,0.0,0.0,115
2023-05-09 21:24:39,eb2311,eb2311,7947.0,0.0,0.0,0.0,1,7894.0,7946.0,4,7947.0,0.0,0.0,0.0,0.0,0.0,115
2023-05-09 21:24:43,eb2311,eb2311,7947.0,0.0,0.0,0.0,1,7894.0,7946.0,2,7947.0,0.0,0.0,0.0,0.0,0.0,115
2023-05-09 21:24:43,eb2311,eb2311,7947.0,0.0,0.0,0.0,1,7894.0,7945.0,2,7947.0,0.0,0.0,0.0,0.0,0.0,115
2023-05-09 21:24:50,eb2311,eb2311,7947.0,0.0,0.0,0.0,1,7894.0,7946.0,2,7947.0,0.0,0.0,0.0,0.0,0.0,115
2023-05-09 21:24:50,eb2311,eb2311,7947.0,0.0,0.0,0.0,1,7894.0,7946.0,4,7947.0,0.0,0.0,0.0,0.0,0.0,115
2023-05-09 21:24:53,eb2311,eb2311,7947.0,0.0,0.0,0.0,1,7894.0,7946.0,2,7947.0,0.0,0.0,0.0,0.0,0.0,115
2023-05-09 21:24:53,eb2311,eb2311,7947.0,0.0,0.0,0.0,1,7894.0,7945.0,2,7947.0,0.0,0.0,0.0,0.0,0.0,115
2023-05-09 21:25:00,eb2311,eb2311,7947.0,0.0,0.0,0.0,1,7737.0,7945.0,2,7947.0,0.0,0.0,0.0,0.0,0.0,115
2023-05-09 21:25:01,eb2311,eb2311,7947.0,0.0,0.0,0.0,2,7813.0,7946.0,2,7947.0,0.0,0.0,0.0,0.0,0.0,115
2023-05-09 21:25:01,eb2311,eb2311,7947.0,0.0,0.0,0.0,3,7813.0,7946.0,4,7947.0,0.0,0.0,0.0,0.0,0.0,115
2023-05-09 21:25:02,eb2311,eb2311,7947.0,0.0,0.0,0.0,2,7814.0,7946.0,2,7947.0,0.0,0.0,0.0,0.0,0.0,115
2023-05-09 21:25:04,eb2311,eb2311,7947.0,0.0,0.0,0.0,9,7815.0,7946.0,2,7947.0,0.0,0.0,0.0,0.0,0.0,115
2023-05-09 21:25:06,eb2311,eb2311,7947.0,0.0,0.0,0.0,2,7816.0,7946.0,2,7947.0,0.0,0.0,0.0,0.0,0.0,115
2023-05-09 21:25:08,eb2311,eb2311,7947.0,0.0,0.0,0.0,7,7817.0,7946.0,2,7947.0,0.0,0.0,0.0,0.0,0.0,115
2023-05-09 21:25:10,eb2311,eb2311,7947.0,0.0,0.0,0.0,2,7818.0,7951.0,1,7947.0,0.0,0.0,0.0,0.0,0.0,115
2023-05-09 21:25:11,eb2311,eb2311,7947.0,0.0,0.0,0.0,2,7818.0,7950.0,2,7947.0,0.0,0.0,0.0,0.0,0.0,115
2023-05-09 21:25:11,eb2311,eb2311,7947.0,0.0,0.0,0.0,7,7819.0,7950.0,2,7947.0,0.0,0.0,0.0,0.0,0.0,115
2023-05-09 21:25:12,eb2311,eb2311,7947.0,0.0,0.0,0.0,2,7820.0,7950.0,2,7947.0,0.0,0.0,0.0,0.0,0.0,115
2023-05-09 21:25:15,eb2311,eb2311,7947.0,0.0,0.0,0.0,2,7820.0,7949.0,3,7947.0,0.0,0.0,0.0,0.0,0.0,115
2023-05-09 21:25:18,eb2311,eb2311,7947.0,0.0,0.0,0.0,7,7821.0,7948.0,2,7947.0,0.0,0.0,0.0,0.0,0.0,115
2023-05-09 21:25:19,eb2311,eb2311,7947.0,0.0,0.0,0.0,7,7821.0,7947.0,2,7947.0,0.0,0.0,0.0,0.0,0.0,115
2023-05-09 21:25:20,eb2311,eb2311,7947.0,0.0,0.0,0.0,2,7822.0,7947.0,2,7947.0,0.0,0.0,0.0,0.0,0.0,115
2023-05-09 21:25:22,eb2311,eb2311,7947.0,0.0,0.0,0.0,7,7823.0,7946.0,2,7947.0,0.0,0.0,0.0,0.0,0.0,115
2023-05-09 21:25:23,eb2311,eb2311,7947.0,0.0,0.0,0.0,2,7824.0,7946.0,2,7947.0,0.0,0.0,0.0,0.0,0.0,115
2023-05-09 21:25:26,eb2311,eb2311,7947.0,0.0,0.0,0.0,7,7825.0,7946.0,2,7947.0,0.0,0.0,0.0,0.0,0.0,115
2023-05-09 21:25:27,eb2311,eb2311,7947.0,0.0,0.0,0.0,2,7826.0,7946.0,2,7947.0,0.0,0.0,0.0,0.0,0.0,115
2023-05-09 21:25:32,eb2311,eb2311,7947.0,0.0,0.0,0.0,7,7827.0,7946.0,2,7947.0,0.0,0.0,0.0,0.0,0.0,115
2023-05-09 21:25:40,eb2311,eb2311,7947.0,0.0,0.0,0.0,2,7828.0,7946.0,2,7947.0,0.0,0.0,0.0,0.0,0.0,115
2023-05-09 21:25:42,eb2311,eb2311,7947.0,0.0,0.0,0.0,7,7829.0,7946.0,2,7947.0,0.0,0.0,0.0,0.0,0.0,115
2023-05-09 21:25:45,eb2311,eb2311,7947.0,0.0,0.0,0.0,4,7830.0,7946.0,2,7947.0,0.0,0.0,0.0,0.0,0.0,115
2023-05-09 21:25:46,eb2311,eb2311,7947.0,0.0,0.0,0.0,7,7831.0,7946.0,2,7947.0,0.0,0.0,0.0,0.0,0.0,115
2023-05-09 21:25:48,eb2311,eb2311,7947.0,0.0,0.0,0.0,2,7832.0,7946.0,2,7947.0,0.0,0.0,0.0,0.0,0.0,115
2023-05-09 21:25:55,eb2311,eb2311,7947.0,0.0,0.0,0.0,7,7833.0,7946.0,2,7947.0,0.0,0.0,0.0,0.0,0.0,115
2023-05-09 21:25:56,eb2311,eb2311,7947.0,0.0,0.0,0.0,2,7834.0,7946.0,2,7947.0,0.0,0.0,0.0,0.0,0.0,115
2023-05-09 21:25:57,eb2311,eb2311,7947.0,0.0,0.0,0.0,7,7835.0,7970.0,1,7947.0,0.0,0.0,0.0,0.0,0.0,115
2023-05-09 21:25:58,eb2311,eb2311,7947.0,0.0,0.0,0.0,7,7835.0,7969.0,3,7947.0,0.0,0.0,0.0,0.0,0.0,115
2023-05-09 21:25:59,eb2311,eb2311,7947.0,0.0,0.0,0.0,2,7836.0,7968.0,1,7947.0,0.0,0.0,0.0,0.0,0.0,115
2023-05-09 21:25:59,eb2311,eb2311,7947.0,0.0,0.0,0.0,2,7836.0,7968.0,2,7947.0,0.0,0.0,0.0,0.0,0.0,115
2023-05-09 21:26:00,eb2311,eb2311,7947.0,0.0,0.0,0.0,2,7836.0,7964.0,3,7947.0,0.0,0.0,0.0,0.0,0.0,115
2023-05-09 21:26:01,eb2311,eb2311,7947.0,0.0,0.0,0.0,7,7837.0,7964.0,3,7947.0,0.0,0.0,0.0,0.0,0.0,115
2023-05-09 21:26:01,eb2311,eb2311,7947.0,0.0,0.0,0.0,7,7837.0,7963.0,3,7947.0,0.0,0.0,0.0,0.0,0.0,115
2023-05-09 21:26:02,eb2311,eb2311,7947.0,0.0,0.0,0.0,2,7838.0,7962.0,4,7947.0,0.0,0.0,0.0,0.0,0.0,115
2023-05-09 21:26:02,eb2311,eb2311,7947.0,0.0,0.0,0.0,2,7838.0,7947.0,2,7947.0,0.0,0.0,0.0,0.0,0.0,115
2023-05-09 21:26:04,eb2311,eb2311,7947.0,0.0,0.0,0.0,7,7839.0,7946.0,2,7947.0,0.0,0.0,0.0,0.0,0.0,115
2023-05-09 21:26:04,eb2311,eb2311,7947.0,0.0,0.0,0.0,2,7840.0,7946.0,2,7947.0,0.0,0.0,0.0,0.0,0.0,115
2023-05-09 21:26:08,eb2311,eb2311,7947.0,0.0,0.0,0.0,7,7841.0,7946.0,2,7947.0,0.0,0.0,0.0,0.0,0.0,115
2023-05-09 21:26:10,eb2311,eb2311,7947.0,0.0,0.0,0.0,2,7842.0,7946.0,2,7947.0,0.0,0.0,0.0,0.0,0.0,115
2023-05-09 21:26:12,eb2311,eb2311,7947.0,0.0,0.0,0.0,7,7843.0,7946.0,2,7947.0,0.0,0.0,0.0,0.0,0.0,115
2023-05-09 21:26:13,eb2311,eb2311,7947.0,0.0,0.0,0.0,2,7844.0,7946.0,2,7947.0,0.0,0.0,0.0,0.0,0.0,115
2023-05-09 21:26:13,eb2311,eb2311,7947.0,0.0,0.0,0.0,3,7844.0,7946.0,2,7947.0,0.0,0.0,0.0,0.0,0.0,115
2023-05-09 21:26:18,eb2311,eb2311,7947.0,0.0,0.0,0.0,5,7845.0,7946.0,2,7947.0,0.0,0.0,0.0,0.0,0.0,115
2023-05-09 21:26:19,eb2311,eb2311,7947.0,0.0,0.0,0.0,7,7845.0,7968.0,1,7947.0,0.0,0.0,0.0,0.0,0.0,115
2023-05-09 21:26:19,eb2311,eb2311,7947.0,0.0,0.0,0.0,2,7846.0,7967.0,7,7947.0,0.0,0.0,0.0,0.0,0.0,115
2023-05-09 21:26:20,eb2311,eb2311,7947.0,0.0,0.0,0.0,2,7846.0,7967.0,10,7947.0,0.0,0.0,0.0,0.0,0.0,115
2023-05-09 21:26:21,eb2311,eb2311,7947.0,0.0,0.0,0.0,5,7847.0,7967.0,10,7947.0,0.0,0.0,0.0,0.0,0.0,115
2023-05-09 21:26:21,eb2311,eb2311,7947.0,0.0,0.0,0.0,2,7848.0,7967.0,10,7947.0,0.0,0.0,0.0,0.0,0.0,115
2023-05-09 21:26:22,eb2311,eb2311,7947.0,0.0,0.0,0.0,4,7848.0,7967.0,10,7947.0,0.0,0.0,0.0,0.0,0.0,115
2023-05-09 21:26:25,eb2311,eb2311,7947.0,0.0,0.0,0.0,5,7849.0,7967.0,10,7947.0,0.0,0.0,0.0,0.0,0.0,115
2023-05-09 21:26:27,eb2311,eb2311,7947.0,0.0,0.0,0.0,4,7850.0,7967.0,10,7947.0,0.0,0.0,0.0,0.0,0.0,115
2023-05-09 21:26:29,eb2311,eb2311,7947.0,0.0,0.0,0.0,7,7851.0,7967.0,10,7947.0,0.0,0.0,0.0,0.0,0.0,115
2023-05-09 21:26:30,eb2311,eb2311,7947.0,0.0,0.0,0.0,2,7852.0,7967.0,10,7947.0,0.0,0.0,0.0,0.0,0.0,115
2023-05-09 21:26:36,eb2311,eb2311,7947.0,0.0,0.0,0.0,7,7853.0,7967.0,10,7947.0,0.0,0.0,0.0,0.0,0.0,115
2023-05-09 21:26:37,eb2311,eb2311,7947.0,0.0,0.0,0.0,2,7854.0,7967.0,10,7947.0,0.0,0.0,0.0,0.0,0.0,115
2023-05-09 21:26:41,eb2311,eb2311,7947.0,0.0,0.0,0.0,7,7855.0,7967.0,10,7947.0,0.0,0.0,0.0,0.0,0.0,115
2023-05-09 21:26:41,eb2311,eb2311,7947.0,0.0,0.0,0.0,2,7856.0,7967.0,10,7947.0,0.0,0.0,0.0,0.0,0.0,115
2023-05-09 21:26:44,eb2311,eb2311,7947.0,0.0,0.0,0.0,2,7857.0,7967.0,10,7947.0,0.0,0.0,0.0,0.0,0.0,115
2023-05-09 21:26:45,eb2311,eb2311,7947.0,0.0,0.0,0.0,2,7858.0,7967.0,10,7947.0,0.0,0.0,0.0,0.0,0.0,115
2023-05-09 21:26:49,eb2311,eb2311,7947.0,0.0,0.0,0.0,2,7859.0,7967.0,10,7947.0,0.0,0.0,0.0,0.0,0.0,115
2023-05-09 21:26:53,eb2311,eb2311,7947.0,0.0,0.0,0.0,2,7860.0,7967.0,10,7947.0,0.0,0.0,0.0,0.0,0.0,115
2023-05-09 21:26:56,eb2311,eb2311,7947.0,0.0,0.0,0.0,2,7861.0,7967.0,10,7947.0,0.0,0.0,0.0,0.0,0.0,115
2023-05-09 21:26:56,eb2311,eb2311,7947.0,0.0,0.0,0.0,2,7862.0,7967.0,10,7947.0,0.0,0.0,0.0,0.0,0.0,115
2023-05-09 21:26:58,eb2311,eb2311,7947.0,0.0,0.0,0.0,2,7863.0,7967.0,10,7947.0,0.0,0.0,0.0,0.0,0.0,115
2023-05-09 21:27:00,eb2311,eb2311,7947.0,0.0,0.0,0.0,2,7864.0,7967.0,10,7947.0,0.0,0.0,0.0,0.0,0.0,115
2023-05-09 21:27:03,eb2311,eb2311,7947.0,0.0,0.0,0.0,2,7865.0,7967.0,10,7947.0,0.0,0.0,0.0,0.0,0.0,115
2023-05-09 21:27:06,eb2311,eb2311,7947.0,0.0,0.0,0.0,2,7866.0,7967.0,10,7947.0,0.0,0.0,0.0,0.0,0.0,115
2023-05-09 21:27:09,eb2311,eb2311,7947.0,0.0,0.0,0.0,4,7867.0,7967.0,10,7947.0,0.0,0.0,0.0,0.0,0.0,115
2023-05-09 21:27:09,eb2311,eb2311,7947.0,0.0,0.0,0.0,2,7868.0,7967.0,10,7947.0,0.0,0.0,0.0,0.0,0.0,115
2023-05-09 21:27:51,eb2311,eb2311,7947.0,0.0,0.0,0.0,2,7869.0,7967.0,10,7947.0,0.0,0.0,0.0,0.0,0.0,115
2023-05-09 21:27:54,eb2311,eb2311,7947.0,0.0,0.0,0.0,2,7870.0,7967.0,10,7947.0,0.0,0.0,0.0,0.0,0.0,115
2023-05-09 21:28:35,eb2311,eb2311,7947.0,0.0,0.0,0.0,2,7870.0,7966.0,2,7947.0,0.0,0.0,0.0,0.0,0.0,115
2023-05-09 21:28:36,eb2311,eb2311,7947.0,0.0,0.0,0.0,2,7870.0,7965.0,7,7947.0,0.0,0.0,0.0,0.0,0.0,115
2023-05-09 21:28:36,eb2311,eb2311,7947.0,0.0,0.0,0.0,4,7870.0,7965.0,10,7947.0,0.0,0.0,0.0,0.0,0.0,115
2023-05-09 21:28:40,eb2311,eb2311,7947.0,0.0,0.0,0.0,2,7870.0,7965.0,10,7947.0,0.0,0.0,0.0,0.0,0.0,115
2023-05-09 21:29:17,eb2311,eb2311,7947.0,0.0,0.0,0.0,2,7870.0,7964.0,2,7947.0,0.0,0.0,0.0,0.0,0.0,115
2023-05-09 21:29:18,eb2311,eb2311,7947.0,0.0,0.0,0.0,2,7870.0,7963.0,3,7947.0,0.0,0.0,0.0,0.0,0.0,115
2023-05-09 21:29:20,eb2311,eb2311,7947.0,0.0,0.0,0.0,2,7870.0,7962.0,7,7947.0,0.0,0.0,0.0,0.0,0.0,115
2023-05-09 21:29:20,eb2311,eb2311,7947.0,0.0,0.0,0.0,2,7870.0,7958.0,3,7947.0,0.0,0.0,0.0,0.0,0.0,115
2023-05-09 21:29:26,eb2311,eb2311,7947.0,0.0,0.0,0.0,2,7870.0,7957.0,2,7947.0,0.0,0.0,0.0,0.0,0.0,115
2023-05-09 21:29:27,eb2311,eb2311,7947.0,0.0,0.0,0.0,2,7870.0,7951.0,2,7947.0,0.0,0.0,0.0,0.0,0.0,115
2023-05-09 21:29:31,eb2311,eb2311,7947.0,0.0,0.0,0.0,2,7870.0,7950.0,2,7947.0,0.0,0.0,0.0,0.0,0.0,115
2023-05-09 21:29:45,eb2311,eb2311,7947.0,0.0,0.0,0.0,2,7870.0,7949.0,2,7947.0,0.0,0.0,0.0,0.0,0.0,115
2023-05-09 21:29:47,eb2311,eb2311,7947.0,0.0,0.0,0.0,2,7870.0,7948.0,2,7947.0,0.0,0.0,0.0,0.0,0.0,115
2023-05-09 21:30:01,eb2311,eb2311,7947.0,0.0,0.0,0.0,2,7871.0,7948.0,2,7947.0,0.0,0.0,0.0,0.0,0.0,115
2023-05-09 21:30:02,eb2311,eb2311,7947.0,0.0,0.0,0.0,2,7872.0,7948.0,2,7947.0,0.0,0.0,0.0,0.0,0.0,115
2023-05-09 21:30:44,eb2311,eb2311,7947.0,0.0,0.0,0.0,2,7873.0,7948.0,2,7947.0,0.0,0.0,0.0,0.0,0.0,115
2023-05-09 21:30:46,eb2311,eb2311,7947.0,0.0,0.0,0.0,2,7874.0,7948.0,2,7947.0,0.0,0.0,0.0,0.0,0.0,115
2023-05-09 21:31:27,eb2311,eb2311,7947.0,0.0,0.0,0.0,2,7875.0,7948.0,2,7947.0,0.0,0.0,0.0,0.0,0.0,115
2023-05-09 21:31:27,eb2311,eb2311,7947.0,0.0,0.0,0.0,3,7875.0,7948.0,2,7947.0,0.0,0.0,0.0,0.0,0.0,115
2023-05-09 21:31:28,eb2311,eb2311,7947.0,0.0,0.0,0.0,2,7876.0,7948.0,2,7947.0,0.0,0.0,0.0,0.0,0.0,115
2023-05-09 21:32:09,eb2311,eb2311,7947.0,0.0,0.0,0.0,2,7877.0,7948.0,2,7947.0,0.0,0.0,0.0,0.0,0.0,115
2023-05-09 21:32:12,eb2311,eb2311,7947.0,0.0,0.0,0.0,2,7878.0,7948.0,2,7947.0,0.0,0.0,0.0,0.0,0.0,115
2023-05-09 21:32:52,eb2311,eb2311,7947.0,0.0,0.0,0.0,2,7878.0,7947.0,2,7947.0,0.0,0.0,0.0,0.0,0.0,115
2023-05-09 21:32:54,eb2311,eb2311,7947.0,0.0,0.0,0.0,2,7878.0,7946.0,2,7947.0,0.0,0.0,0.0,0.0,0.0,115
2023-05-09 21:33:34,eb2311,eb2311,7947.0,0.0,0.0,0.0,2,7878.0,7945.0,2,7947.0,0.0,0.0,0.0,0.0,0.0,115
2023-05-09 21:33:39,eb2311,eb2311,7947.0,0.0,0.0,0.0,2,7878.0,7944.0,2,7947.0,0.0,0.0,0.0,0.0,0.0,115
2023-05-09 21:34:55,eb2311,eb2311,7947.0,0.0,0.0,0.0,2,7878.0,7968.0,1,7947.0,0.0,0.0,0.0,0.0,0.0,115
2023-05-09 21:34:56,eb2311,eb2311,7947.0,0.0,0.0,0.0,2,7878.0,7967.0,2,7947.0,0.0,0.0,0.0,0.0,0.0,115
2023-05-09 21:34:57,eb2311,eb2311,7947.0,0.0,0.0,0.0,2,7878.0,7966.0,2,7947.0,0.0,0.0,0.0,0.0,0.0,115
2023-05-09 21:34:57,eb2311,eb2311,7947.0,0.0,0.0,0.0,2,7878.0,7966.0,3,7947.0,0.0,0.0,0.0,0.0,0.0,115
2023-05-09 21:34:58,eb2311,eb2311,7947.0,0.0,0.0,0.0,2,7878.0,7966.0,5,7947.0,0.0,0.0,0.0,0.0,0.0,115
2023-05-09 21:34:59,eb2311,eb2311,7947.0,0.0,0.0,0.0,2,7878.0,7965.0,3,7947.0,0.0,0.0,0.0,0.0,0.0,115
2023-05-09 21:35:03,eb2311,eb2311,7947.0,0.0,0.0,0.0,2,7878.0,7964.0,7,7947.0,0.0,0.0,0.0,0.0,0.0,115
2023-05-09 21:35:04,eb2311,eb2311,7947.0,0.0,0.0,0.0,2,7878.0,7960.0,3,7947.0,0.0,0.0,0.0,0.0,0.0,115
2023-05-09 21:35:08,eb2311,eb2311,7947.0,0.0,0.0,0.0,2,7878.0,7959.0,5,7947.0,0.0,0.0,0.0,0.0,0.0,115
2023-05-09 21:35:09,eb2311,eb2311,7947.0,0.0,0.0,0.0,2,7878.0,7958.0,3,7947.0,0.0,0.0,0.0,0.0,0.0,115
2023-05-09 21:35:16,eb2311,eb2311,7947.0,0.0,0.0,0.0,2,7878.0,7958.0,7,7947.0,0.0,0.0,0.0,0.0,0.0,115
2023-05-09 21:35:16,eb2311,eb2311,7947.0,0.0,0.0,0.0,2,7878.0,7958.0,8,7947.0,0.0,0.0,0.0,0.0,0.0,115
2023-05-09 21:35:20,eb2311,eb2311,7947.0,0.0,0.0,0.0,2,7878.0,7966.0,1,7947.0,0.0,0.0,0.0,0.0,0.0,115
2023-05-09 21:35:20,eb2311,eb2311,7947.0,0.0,0.0,0.0,2,7878.0,7965.0,3,7947.0,0.0,0.0,0.0,0.0,0.0,115
2023-05-09 21:35:21,eb2311,eb2311,7947.0,0.0,0.0,0.0,2,7878.0,7964.0,1,7947.0,0.0,0.0,0.0,0.0,0.0,115
2023-05-09 21:35:23,eb2311,eb2311,7947.0,0.0,0.0,0.0,2,7878.0,7964.0,3,7947.0,0.0,0.0,0.0,0.0,0.0,115
2023-05-09 21:35:27,eb2311,eb2311,7947.0,0.0,0.0,0.0,2,7878.0,7963.0,2,7947.0,0.0,0.0,0.0,0.0,0.0,115
2023-05-09 21:35:27,eb2311,eb2311,7947.0,0.0,0.0,0.0,2,7878.0,7962.0,3,7947.0,0.0,0.0,0.0,0.0,0.0,115
2023-05-09 21:35:28,eb2311,eb2311,7947.0,0.0,0.0,0.0,2,7878.0,7961.0,3,7947.0,0.0,0.0,0.0,0.0,0.0,115
2023-05-09 21:35:30,eb2311,eb2311,7947.0,0.0,0.0,0.0,2,7878.0,7960.0,3,7947.0,0.0,0.0,0.0,0.0,0.0,115
2023-05-09 21:35:31,eb2311,eb2311,7947.0,0.0,0.0,0.0,2,7878.0,7959.0,2,7947.0,0.0,0.0,0.0,0.0,0.0,115
2023-05-09 21:35:33,eb2311,eb2311,7947.0,0.0,0.0,0.0,2,7878.0,7958.0,3,7947.0,0.0,0.0,0.0,0.0,0.0,115
2023-05-09 21:35:35,eb2311,eb2311,7947.0,0.0,0.0,0.0,2,7878.0,7957.0,4,7947.0,0.0,0.0,0.0,0.0,0.0,115
2023-05-09 21:35:35,eb2311,eb2311,7947.0,0.0,0.0,0.0,2,7878.0,7957.0,5,7947.0,0.0,0.0,0.0,0.0,0.0,115
2023-05-09 21:35:40,eb2311,eb2311,7947.0,0.0,0.0,0.0,2,7878.0,7956.0,2,7947.0,0.0,0.0,0.0,0.0,0.0,115
2023-05-09 21:35:56,eb2311,eb2311,7947.0,0.0,0.0,0.0,2,7878.0,7955.0,1,7947.0,0.0,0.0,0.0,0.0,0.0,115
2023-05-09 21:35:56,eb2311,eb2311,7947.0,0.0,0.0,0.0,2,7878.0,7955.0,5,7947.0,0.0,0.0,0.0,0.0,0.0,115
2023-05-09 21:35:59,eb2311,eb2311,7947.0,0.0,0.0,0.0,2,7878.0,7955.0,3,7947.0,0.0,0.0,0.0,0.0,0.0,115
2023-05-09 21:36:00,eb2311,eb2311,7947.0,0.0,0.0,0.0,2,7878.0,7954.0,2,7947.0,0.0,0.0,0.0,0.0,0.0,115
2023-05-09 21:36:02,eb2311,eb2311,7947.0,0.0,0.0,0.0,2,7878.0,7954.0,5,7947.0,0.0,0.0,0.0,0.0,0.0,115
2023-05-09 21:36:04,eb2311,eb2311,7947.0,0.0,0.0,0.0,2,7878.0,7954.0,3,7947.0,0.0,0.0,0.0,0.0,0.0,115
2023-05-09 21:36:07,eb2311,eb2311,7947.0,0.0,0.0,0.0,2,7878.0,7956.0,2,7947.0,0.0,0.0,0.0,0.0,0.0,115
2023-05-09 21:36:08,eb2311,eb2311,7947.0,0.0,0.0,0.0,2,7878.0,7955.0,5,7947.0,0.0,0.0,0.0,0.0,0.0,115
2023-05-09 21:36:14,eb2311,eb2311,7947.0,0.0,0.0,0.0,2,7878.0,7956.0,2,7947.0,0.0,0.0,0.0,0.0,0.0,115
2023-05-09 21:36:18,eb2311,eb2311,7947.0,0.0,0.0,0.0,2,7878.0,7966.0,1,7947.0,0.0,0.0,0.0,0.0,0.0,115
2023-05-09 21:36:20,eb2311,eb2311,7947.0,0.0,0.0,0.0,2,7878.0,7965.0,3,7947.0,0.0,0.0,0.0,0.0,0.0,115
2023-05-09 21:36:21,eb2311,eb2311,7947.0,0.0,0.0,0.0,2,7878.0,7964.0,2,7947.0,0.0,0.0,0.0,0.0,0.0,115
2023-05-09 21:36:21,eb2311,eb2311,7947.0,0.0,0.0,0.0,2,7878.0,7963.0,5,7947.0,0.0,0.0,0.0,0.0,0.0,115
2023-05-09 21:36:23,eb2311,eb2311,7947.0,0.0,0.0,0.0,2,7878.0,7962.0,3,7947.0,0.0,0.0,0.0,0.0,0.0,115
2023-05-09 21:36:25,eb2311,eb2311,7947.0,0.0,0.0,0.0,2,7878.0,7961.0,5,7947.0,0.0,0.0,0.0,0.0,0.0,115
2023-05-09 21:36:25,eb2311,eb2311,7947.0,0.0,0.0,0.0,2,7878.0,7959.0,2,7947.0,0.0,0.0,0.0,0.0,0.0,115
2023-05-09 21:36:33,eb2311,eb2311,7947.0,0.0,0.0,0.0,2,7878.0,7959.0,7,7947.0,0.0,0.0,0.0,0.0,0.0,115
2023-05-09 21:36:40,eb2311,eb2311,7947.0,0.0,0.0,0.0,2,7878.0,7959.0,2,7947.0,0.0,0.0,0.0,0.0,0.0,115
2023-05-09 21:36:41,eb2311,eb2311,7947.0,0.0,0.0,0.0,2,7878.0,7958.0,2,7947.0,0.0,0.0,0.0,0.0,0.0,115
2023-05-09 21:36:45,eb2311,eb2311,7947.0,0.0,0.0,0.0,2,7878.0,7958.0,5,7947.0,0.0,0.0,0.0,0.0,0.0,115
2023-05-09 21:36:51,eb2311,eb2311,7947.0,0.0,0.0,0.0,2,7878.0,7959.0,2,7947.0,0.0,0.0,0.0,0.0,0.0,115
2023-05-09 21:36:51,eb2311,eb2311,7947.0,0.0,0.0,0.0,2,7878.0,7958.0,5,7947.0,0.0,0.0,0.0,0.0,0.0,115
2023-05-09 21:37:04,eb2311,eb2311,7947.0,0.0,0.0,0.0,2,7879.0,7958.0,5,7947.0,0.0,0.0,0.0,0.0,0.0,115
2023-05-09 21:37:06,eb2311,eb2311,7947.0,0.0,0.0,0.0,2,7880.0,7958.0,5,7947.0,0.0,0.0,0.0,0.0,0.0,115
2023-05-09 21:37:07,eb2311,eb2311,7947.0,0.0,0.0,0.0,2,7880.0,7957.0,1,7947.0,0.0,0.0,0.0,0.0,0.0,115
2023-05-09 21:37:08,eb2311,eb2311,7947.0,0.0,0.0,0.0,2,7880.0,7957.0,3,7947.0,0.0,0.0,0.0,0.0,0.0,115
2023-05-09 21:37:08,eb2311,eb2311,7947.0,0.0,0.0,0.0,2,7880.0,7957.0,6,7947.0,0.0,0.0,0.0,0.0,0.0,115
2023-05-09 21:37:09,eb2311,eb2311,7947.0,0.0,0.0,0.0,2,7880.0,7956.0,2,7947.0,0.0,0.0,0.0,0.0,0.0,115
2023-05-09 21:37:10,eb2311,eb2311,7947.0,0.0,0.0,0.0,2,7880.0,7953.0,2,7947.0,0.0,0.0,0.0,0.0,0.0,115
2023-05-09 21:37:11,eb2311,eb2311,7947.0,0.0,0.0,0.0,2,7880.0,7953.0,5,7947.0,0.0,0.0,0.0,0.0,0.0,115
2023-05-09 21:37:12,eb2311,eb2311,7947.0,0.0,0.0,0.0,2,7880.0,7952.0,2,7947.0,0.0,0.0,0.0,0.0,0.0,115
2023-05-09 21:37:15,eb2311,eb2311,7947.0,0.0,0.0,0.0,2,7880.0,7951.0,1,7947.0,0.0,0.0,0.0,0.0,0.0,115
2023-05-09 21:37:17,eb2311,eb2311,7947.0,0.0,0.0,0.0,2,7880.0,7955.0,1,7947.0,0.0,0.0,0.0,0.0,0.0,115
2023-05-09 21:37:17,eb2311,eb2311,7947.0,0.0,0.0,0.0,2,7880.0,7954.0,2,7947.0,0.0,0.0,0.0,0.0,0.0,115
2023-05-09 21:37:21,eb2311,eb2311,7947.0,0.0,0.0,0.0,2,7880.0,7953.0,3,7947.0,0.0,0.0,0.0,0.0,0.0,115
2023-05-09 21:37:21,eb2311,eb2311,7947.0,0.0,0.0,0.0,2,7880.0,7953.0,4,7947.0,0.0,0.0,0.0,0.0,0.0,115
2023-05-09 21:37:21,eb2311,eb2311,7947.0,0.0,0.0,0.0,2,7880.0,7953.0,3,7947.0,0.0,0.0,0.0,0.0,0.0,115
2023-05-09 21:37:29,eb2311,eb2311,7947.0,0.0,0.0,0.0,2,7880.0,7952.0,1,7947.0,0.0,0.0,0.0,0.0,0.0,115
2023-05-09 21:37:29,eb2311,eb2311,7947.0,0.0,0.0,0.0,2,7880.0,7952.0,2,7947.0,0.0,0.0,0.0,0.0,0.0,115
2023-05-09 21:37:32,eb2311,eb2311,7947.0,0.0,0.0,0.0,2,7880.0,7966.0,1,7947.0,0.0,0.0,0.0,0.0,0.0,115
2023-05-09 21:37:32,eb2311,eb2311,7947.0,0.0,0.0,0.0,2,7880.0,7965.0,4,7947.0,0.0,0.0,0.0,0.0,0.0,115
2023-05-09 21:37:38,eb2311,eb2311,7947.0,0.0,0.0,0.0,2,7880.0,7964.0,4,7947.0,0.0,0.0,0.0,0.0,0.0,115
2023-05-09 21:37:38,eb2311,eb2311,7947.0,0.0,0.0,0.0,2,7880.0,7963.0,1,7947.0,0.0,0.0,0.0,0.0,0.0,115
2023-05-09 21:37:39,eb2311,eb2311,7947.0,0.0,0.0,0.0,2,7880.0,7959.0,3,7947.0,0.0,0.0,0.0,0.0,0.0,115
2023-05-09 21:37:41,eb2311,eb2311,7947.0,0.0,0.0,0.0,2,7880.0,7958.0,4,7947.0,0.0,0.0,0.0,0.0,0.0,115
2023-05-09 21:37:41,eb2311,eb2311,7947.0,0.0,0.0,0.0,2,7880.0,7957.0,1,7947.0,0.0,0.0,0.0,0.0,0.0,115
2023-05-09 21:37:42,eb2311,eb2311,7947.0,0.0,0.0,0.0,2,7880.0,7956.0,3,7947.0,0.0,0.0,0.0,0.0,0.0,115
2023-05-09 21:37:46,eb2311,eb2311,7947.0,0.0,0.0,0.0,2,7880.0,7955.0,2,7947.0,0.0,0.0,0.0,0.0,0.0,115
2023-05-09 21:37:51,eb2311,eb2311,7947.0,0.0,0.0,0.0,2,7880.0,7955.0,7,7947.0,0.0,0.0,0.0,0.0,0.0,115
2023-05-09 21:37:53,eb2311,eb2311,7947.0,0.0,0.0,0.0,2,7880.0,7955.0,2,7947.0,0.0,0.0,0.0,0.0,0.0,115
2023-05-09 21:37:54,eb2311,eb2311,7947.0,0.0,0.0,0.0,2,7880.0,7966.0,1,7947.0,0.0,0.0,0.0,0.0,0.0,115
2023-05-09 21:37:54,eb2311,eb2311,7947.0,0.0,0.0,0.0,2,7880.0,7965.0,3,7947.0,0.0,0.0,0.0,0.0,0.0,115
2023-05-09 21:37:55,eb2311,eb2311,7947.0,0.0,0.0,0.0,2,7880.0,7965.0,8,7947.0,0.0,0.0,0.0,0.0,0.0,115
2023-05-09 21:38:28,eb2311,eb2311,7947.0,0.0,0.0,0.0,2,7880.0,7964.0,2,7947.0,0.0,0.0,0.0,0.0,0.0,115
2023-05-09 21:38:33,eb2311,eb2311,7947.0,0.0,0.0,0.0,2,7880.0,7963.0,8,7947.0,0.0,0.0,0.0,0.0,0.0,115
2023-05-09 21:39:00,eb2311,eb2311,7947.0,0.0,0.0,0.0,1,7881.0,7962.0,1,7947.0,0.0,0.0,0.0,0.0,0.0,115
2023-05-09 21:39:01,eb2311,eb2311,7947.0,0.0,0.0,0.0,2,7882.0,7962.0,1,7947.0,0.0,0.0,0.0,0.0,0.0,115
2023-05-09 21:39:02,eb2311,eb2311,7947.0,0.0,0.0,0.0,1,7883.0,7961.0,8,7947.0,0.0,0.0,0.0,0.0,0.0,115
2023-05-09 21:39:02,eb2311,eb2311,7947.0,0.0,0.0,0.0,1,7883.0,7960.0,1,7947.0,0.0,0.0,0.0,0.0,0.0,115
2023-05-09 21:39:03,eb2311,eb2311,7947.0,0.0,0.0,0.0,2,7884.0,7960.0,1,7947.0,0.0,0.0,0.0,0.0,0.0,115
2023-05-09 21:39:03,eb2311,eb2311,7947.0,0.0,0.0,0.0,1,7885.0,7956.0,3,7947.0,0.0,0.0,0.0,0.0,0.0,115
2023-05-09 21:39:04,eb2311,eb2311,7947.0,0.0,0.0,0.0,1,7885.0,7955.0,1,7947.0,0.0,0.0,0.0,0.0,0.0,115
2023-05-09 21:39:04,eb2311,eb2311,7947.0,0.0,0.0,0.0,2,7886.0,7955.0,1,7947.0,0.0,0.0,0.0,0.0,0.0,115
2023-05-09 21:39:05,eb2311,eb2311,7947.0,0.0,0.0,0.0,1,7887.0,7955.0,1,7947.0,0.0,0.0,0.0,0.0,0.0,115
2023-05-09 21:39:07,eb2311,eb2311,7947.0,0.0,0.0,0.0,2,7888.0,7955.0,1,7947.0,0.0,0.0,0.0,0.0,0.0,115
2023-05-09 21:39:08,eb2311,eb2311,7947.0,0.0,0.0,0.0,2,7888.0,7955.0,6,7947.0,0.0,0.0,0.0,0.0,0.0,115
2023-05-09 21:39:14,eb2311,eb2311,7947.0,0.0,0.0,0.0,1,7889.0,7955.0,1,7947.0,0.0,0.0,0.0,0.0,0.0,115
2023-05-09 21:39:15,eb2311,eb2311,7947.0,0.0,0.0,0.0,2,7890.0,7955.0,1,7947.0,0.0,0.0,0.0,0.0,0.0,115
2023-05-09 21:39:24,eb2311,eb2311,7947.0,0.0,0.0,0.0,1,7891.0,7955.0,1,7947.0,0.0,0.0,0.0,0.0,0.0,115
2023-05-09 21:39:25,eb2311,eb2311,7947.0,0.0,0.0,0.0,2,7892.0,7955.0,1,7947.0,0.0,0.0,0.0,0.0,0.0,115
2023-05-09 21:39:52,eb2311,eb2311,7947.0,0.0,0.0,0.0,2,7892.0,7954.0,2,7947.0,0.0,0.0,0.0,0.0,0.0,115
2023-05-09 21:39:52,eb2311,eb2311,7947.0,0.0,0.0,0.0,2,7892.0,7953.0,1,7947.0,0.0,0.0,0.0,0.0,0.0,115
2023-05-09 21:40:34,eb2311,eb2311,7947.0,0.0,0.0,0.0,2,7892.0,7952.0,2,7947.0,0.0,0.0,0.0,0.0,0.0,115
2023-05-09 21:40:34,eb2311,eb2311,7947.0,0.0,0.0,0.0,2,7892.0,7951.0,1,7947.0,0.0,0.0,0.0,0.0,0.0,115
2023-05-09 21:41:16,eb2311,eb2311,7947.0,0.0,0.0,0.0,2,7892.0,7950.0,2,7947.0,0.0,0.0,0.0,0.0,0.0,115
2023-05-09 21:41:16,eb2311,eb2311,7947.0,0.0,0.0,0.0,2,7892.0,7949.0,1,7947.0,0.0,0.0,0.0,0.0,0.0,115
2023-05-09 21:41:58,eb2311,eb2311,7947.0,0.0,0.0,0.0,2,7892.0,7948.0,2,7947.0,0.0,0.0,0.0,0.0,0.0,115
2023-05-09 21:41:59,eb2311,eb2311,7947.0,0.0,0.0,0.0,2,7892.0,7947.0,1,7947.0,0.0,0.0,0.0,0.0,0.0,115
2023-05-09 21:42:14,eb2311,eb2311,7947.0,0.0,0.0,0.0,1,7893.0,7947.0,1,7947.0,0.0,0.0,0.0,0.0,0.0,115
2023-05-09 21:42:16,eb2311,eb2311,7947.0,0.0,0.0,0.0,2,7894.0,7947.0,1,7947.0,0.0,0.0,0.0,0.0,0.0,115
2023-05-09 21:42:40,eb2311,eb2311,7947.0,0.0,0.0,0.0,2,7895.0,7947.0,1,7947.0,0.0,0.0,0.0,0.0,0.0,115
2023-05-09 21:42:41,eb2311,eb2311,7947.0,0.0,0.0,0.0,2,7896.0,7947.0,1,7947.0,0.0,0.0,0.0,0.0,0.0,115
2023-05-09 21:42:42,eb2311,eb2311,7947.0,0.0,0.0,0.0,2,7896.0,7966.0,1,7947.0,0.0,0.0,0.0,0.0,0.0,115
2023-05-09 21:42:43,eb2311,eb2311,7947.0,0.0,0.0,0.0,2,7896.0,7965.0,6,7947.0,0.0,0.0,0.0,0.0,0.0,115
2023-05-09 21:42:43,eb2311,eb2311,7947.0,0.0,0.0,0.0,2,7896.0,7965.0,9,7947.0,0.0,0.0,0.0,0.0,0.0,115
2023-05-09 21:42:44,eb2311,eb2311,7947.0,0.0,0.0,0.0,2,7896.0,7965.0,10,7947.0,0.0,0.0,0.0,0.0,0.0,115
2023-05-09 21:42:47,eb2311,eb2311,7947.0,0.0,0.0,0.0,1,7897.0,7965.0,10,7947.0,0.0,0.0,0.0,0.0,0.0,115
2023-05-09 21:42:48,eb2311,eb2311,7947.0,0.0,0.0,0.0,2,7898.0,7965.0,10,7947.0,0.0,0.0,0.0,0.0,0.0,115
2023-05-09 21:42:58,eb2311,eb2311,7947.0,0.0,0.0,0.0,1,7899.0,7965.0,10,7947.0,0.0,0.0,0.0,0.0,0.0,115
2023-05-09 21:43:02,eb2311,eb2311,7947.0,0.0,0.0,0.0,2,7900.0,7965.0,10,7947.0,0.0,0.0,0.0,0.0,0.0,115
2023-05-09 21:43:22,eb2311,eb2311,7947.0,0.0,0.0,0.0,2,7900.0,7964.0,2,7947.0,0.0,0.0,0.0,0.0,0.0,115
2023-05-09 21:43:23,eb2311,eb2311,7947.0,0.0,0.0,0.0,2,7900.0,7963.0,1,7947.0,0.0,0.0,0.0,0.0,0.0,115
2023-05-09 21:43:23,eb2311,eb2311,7947.0,0.0,0.0,0.0,2,7900.0,7962.0,5,7947.0,0.0,0.0,0.0,0.0,0.0,115
2023-05-09 21:43:23,eb2311,eb2311,7947.0,0.0,0.0,0.0,2,7900.0,7961.0,1,7947.0,0.0,0.0,0.0,0.0,0.0,115
2023-05-09 21:43:26,eb2311,eb2311,7947.0,0.0,0.0,0.0,2,7900.0,7961.0,6,7947.0,0.0,0.0,0.0,0.0,0.0,115
2023-05-09 21:43:29,eb2311,eb2311,7947.0,0.0,0.0,0.0,2,7900.0,7961.0,1,7947.0,0.0,0.0,0.0,0.0,0.0,115
2023-05-09 21:43:29,eb2311,eb2311,7947.0,0.0,0.0,0.0,2,7900.0,7960.0,5,7947.0,0.0,0.0,0.0,0.0,0.0,115
2023-05-09 21:43:29,eb2311,eb2311,7947.0,0.0,0.0,0.0,2,7900.0,7959.0,1,7947.0,0.0,0.0,0.0,0.0,0.0,115
2023-05-09 21:43:33,eb2311,eb2311,7947.0,0.0,0.0,0.0,2,7900.0,7959.0,6,7947.0,0.0,0.0,0.0,0.0,0.0,115
2023-05-09 21:43:36,eb2311,eb2311,7947.0,0.0,0.0,0.0,2,7900.0,7959.0,1,7947.0,0.0,0.0,0.0,0.0,0.0,115
2023-05-09 21:43:41,eb2311,eb2311,7947.0,0.0,0.0,0.0,2,7900.0,7959.0,6,7947.0,0.0,0.0,0.0,0.0,0.0,115
2023-05-09 21:43:55,eb2311,eb2311,7947.0,0.0,0.0,0.0,2,7900.0,7959.0,3,7947.0,0.0,0.0,0.0,0.0,0.0,115
2023-05-09 21:43:55,eb2311,eb2311,7947.0,0.0,0.0,0.0,2,7900.0,7959.0,6,7947.0,0.0,0.0,0.0,0.0,0.0,115
2023-05-09 21:43:56,eb2311,eb2311,7947.0,0.0,0.0,0.0,2,7900.0,7959.0,4,7947.0,0.0,0.0,0.0,0.0,0.0,115
2023-05-09 21:43:56,eb2311,eb2311,7947.0,0.0,0.0,0.0,2,7900.0,7958.0,2,7947.0,0.0,0.0,0.0,0.0,0.0,115
2023-05-09 21:43:57,eb2311,eb2311,7947.0,0.0,0.0,0.0,2,7900.0,7957.0,1,7947.0,0.0,0.0,0.0,0.0,0.0,115
2023-05-09 21:44:05,eb2311,eb2311,7947.0,0.0,0.0,0.0,2,7900.0,7956.0,2,7947.0,0.0,0.0,0.0,0.0,0.0,115
2023-05-09 21:44:05,eb2311,eb2311,7947.0,0.0,0.0,0.0,2,7900.0,7955.0,1,7947.0,0.0,0.0,0.0,0.0,0.0,115
2023-05-09 21:44:47,eb2311,eb2311,7947.0,0.0,0.0,0.0,2,7900.0,7954.0,2,7947.0,0.0,0.0,0.0,0.0,0.0,115
2023-05-09 21:44:47,eb2311,eb2311,7947.0,0.0,0.0,0.0,2,7900.0,7953.0,1,7947.0,0.0,0.0,0.0,0.0,0.0,115
2023-05-09 21:45:25,eb2311,eb2311,7947.0,0.0,0.0,0.0,2,7900.0,7952.0,2,7947.0,0.0,0.0,0.0,0.0,0.0,115
2023-05-09 21:45:26,eb2311,eb2311,7947.0,0.0,0.0,0.0,1,7875.0,7951.0,1,7947.0,0.0,0.0,0.0,0.0,0.0,115
2023-05-09 21:45:26,eb2311,eb2311,7947.0,0.0,0.0,0.0,3,7876.0,7951.0,1,7947.0,0.0,0.0,0.0,0.0,0.0,115
2023-05-09 21:45:27,eb2311,eb2311,7947.0,0.0,0.0,0.0,4,7876.0,7951.0,1,7947.0,0.0,0.0,0.0,0.0,0.0,115
2023-05-09 21:45:29,eb2311,eb2311,7947.0,0.0,0.0,0.0,2,7877.0,7951.0,1,7947.0,0.0,0.0,0.0,0.0,0.0,115
2023-05-09 21:45:30,eb2311,eb2311,7947.0,0.0,0.0,0.0,1,7878.0,7951.0,1,7947.0,0.0,0.0,0.0,0.0,0.0,115
2023-05-09 21:45:30,eb2311,eb2311,7947.0,0.0,0.0,0.0,2,7879.0,7951.0,1,7947.0,0.0,0.0,0.0,0.0,0.0,115
2023-05-09 21:45:31,eb2311,eb2311,7947.0,0.0,0.0,0.0,1,7880.0,7951.0,1,7947.0,0.0,0.0,0.0,0.0,0.0,115
2023-05-09 21:45:32,eb2311,eb2311,7947.0,0.0,0.0,0.0,2,7881.0,7951.0,1,7947.0,0.0,0.0,0.0,0.0,0.0,115
2023-05-09 21:45:32,eb2311,eb2311,7947.0,0.0,0.0,0.0,1,7882.0,7951.0,1,7947.0,0.0,0.0,0.0,0.0,0.0,115
2023-05-09 21:45:33,eb2311,eb2311,7947.0,0.0,0.0,0.0,2,7883.0,7951.0,1,7947.0,0.0,0.0,0.0,0.0,0.0,115
2023-05-09 21:45:34,eb2311,eb2311,7947.0,0.0,0.0,0.0,1,7884.0,7950.0,2,7947.0,0.0,0.0,0.0,0.0,0.0,115
2023-05-09 21:45:34,eb2311,eb2311,7947.0,0.0,0.0,0.0,1,7884.0,7949.0,1,7947.0,0.0,0.0,0.0,0.0,0.0,115
2023-05-09 21:45:35,eb2311,eb2311,7947.0,0.0,0.0,0.0,2,7885.0,7949.0,1,7947.0,0.0,0.0,0.0,0.0,0.0,115
2023-05-09 21:45:36,eb2311,eb2311,7947.0,0.0,0.0,0.0,1,7886.0,7949.0,1,7947.0,0.0,0.0,0.0,0.0,0.0,115
2023-05-09 21:45:37,eb2311,eb2311,7947.0,0.0,0.0,0.0,2,7887.0,7949.0,1,7947.0,0.0,0.0,0.0,0.0,0.0,115
2023-05-09 21:45:37,eb2311,eb2311,7947.0,0.0,0.0,0.0,1,7888.0,7949.0,1,7947.0,0.0,0.0,0.0,0.0,0.0,115
2023-05-09 21:45:38,eb2311,eb2311,7947.0,0.0,0.0,0.0,2,7889.0,7949.0,1,7947.0,0.0,0.0,0.0,0.0,0.0,115
2023-05-09 21:45:39,eb2311,eb2311,7947.0,0.0,0.0,0.0,1,7890.0,7949.0,1,7947.0,0.0,0.0,0.0,0.0,0.0,115
2023-05-09 21:45:44,eb2311,eb2311,7947.0,0.0,0.0,0.0,2,7891.0,7949.0,1,7947.0,0.0,0.0,0.0,0.0,0.0,115
2023-05-09 21:45:44,eb2311,eb2311,7947.0,0.0,0.0,0.0,1,7892.0,7949.0,1,7947.0,0.0,0.0,0.0,0.0,0.0,115
2023-05-09 21:45:46,eb2311,eb2311,7947.0,0.0,0.0,0.0,2,7893.0,7949.0,1,7947.0,0.0,0.0,0.0,0.0,0.0,115
2023-05-09 21:45:47,eb2311,eb2311,7947.0,0.0,0.0,0.0,1,7894.0,7949.0,1,7947.0,0.0,0.0,0.0,0.0,0.0,115
2023-05-09 21:45:49,eb2311,eb2311,7947.0,0.0,0.0,0.0,2,7895.0,7949.0,1,7947.0,0.0,0.0,0.0,0.0,0.0,115
2023-05-09 21:45:52,eb2311,eb2311,7947.0,0.0,0.0,0.0,1,7896.0,7949.0,1,7947.0,0.0,0.0,0.0,0.0,0.0,115
2023-05-09 21:45:56,eb2311,eb2311,7947.0,0.0,0.0,0.0,2,7897.0,7949.0,1,7947.0,0.0,0.0,0.0,0.0,0.0,115
2023-05-09 21:46:12,eb2311,eb2311,7947.0,0.0,0.0,0.0,2,7898.0,7949.0,1,7947.0,0.0,0.0,0.0,0.0,0.0,115
2023-05-09 21:46:14,eb2311,eb2311,7947.0,0.0,0.0,0.0,2,7899.0,7965.0,1,7947.0,0.0,0.0,0.0,0.0,0.0,115
2023-05-09 21:46:15,eb2311,eb2311,7947.0,0.0,0.0,0.0,2,7899.0,7960.0,1,7947.0,0.0,0.0,0.0,0.0,0.0,115
2023-05-09 21:46:15,eb2311,eb2311,7947.0,0.0,0.0,0.0,2,7899.0,7959.0,1,7947.0,0.0,0.0,0.0,0.0,0.0,115
2023-05-09 21:46:16,eb2311,eb2311,7947.0,0.0,0.0,0.0,2,7899.0,7958.0,3,7947.0,0.0,0.0,0.0,0.0,0.0,115
2023-05-09 21:46:17,eb2311,eb2311,7947.0,0.0,0.0,0.0,2,7899.0,7957.0,1,7947.0,0.0,0.0,0.0,0.0,0.0,115
2023-05-09 21:46:18,eb2311,eb2311,7947.0,0.0,0.0,0.0,2,7899.0,7954.0,2,7947.0,0.0,0.0,0.0,0.0,0.0,115
2023-05-09 21:46:19,eb2311,eb2311,7947.0,0.0,0.0,0.0,2,7899.0,7953.0,1,7947.0,0.0,0.0,0.0,0.0,0.0,115
2023-05-09 21:46:24,eb2311,eb2311,7947.0,0.0,0.0,0.0,2,7899.0,7951.0,2,7947.0,0.0,0.0,0.0,0.0,0.0,115
2023-05-09 21:46:27,eb2311,eb2311,7947.0,0.0,0.0,0.0,2,7899.0,7950.0,1,7947.0,0.0,0.0,0.0,0.0,0.0,115
2023-05-09 21:46:37,eb2311,eb2311,7947.0,0.0,0.0,0.0,2,7899.0,7949.0,2,7947.0,0.0,0.0,0.0,0.0,0.0,115
2023-05-09 21:46:39,eb2311,eb2311,7947.0,0.0,0.0,0.0,2,7899.0,7952.0,1,7947.0,0.0,0.0,0.0,0.0,0.0,115
2023-05-09 21:46:40,eb2311,eb2311,7947.0,0.0,0.0,0.0,2,7899.0,7951.0,1,7947.0,0.0,0.0,0.0,0.0,0.0,115
2023-05-09 21:46:43,eb2311,eb2311,7947.0,0.0,0.0,0.0,2,7899.0,7949.0,2,7947.0,0.0,0.0,0.0,0.0,0.0,115
2023-05-09 21:46:47,eb2311,eb2311,7947.0,0.0,0.0,0.0,2,7899.0,7965.0,1,7947.0,0.0,0.0,0.0,0.0,0.0,115
2023-05-09 21:46:48,eb2311,eb2311,7947.0,0.0,0.0,0.0,2,7899.0,7964.0,4,7947.0,0.0,0.0,0.0,0.0,0.0,115
2023-05-09 21:46:53,eb2311,eb2311,7947.0,0.0,0.0,0.0,2,7899.0,7963.0,5,7947.0,0.0,0.0,0.0,0.0,0.0,115
2023-05-09 21:46:54,eb2311,eb2311,7947.0,0.0,0.0,0.0,2,7899.0,7962.0,1,7947.0,0.0,0.0,0.0,0.0,0.0,115
2023-05-09 21:46:54,eb2311,eb2311,7947.0,0.0,0.0,0.0,2,7899.0,7958.0,3,7947.0,0.0,0.0,0.0,0.0,0.0,115
2023-05-09 21:46:55,eb2311,eb2311,7947.0,0.0,0.0,0.0,2,7899.0,7957.0,1,7947.0,0.0,0.0,0.0,0.0,0.0,115
2023-05-09 21:46:56,eb2311,eb2311,7947.0,0.0,0.0,0.0,2,7899.0,7957.0,3,7947.0,0.0,0.0,0.0,0.0,0.0,115
2023-05-09 21:46:56,eb2311,eb2311,7947.0,0.0,0.0,0.0,2,7899.0,7950.0,2,7947.0,0.0,0.0,0.0,0.0,0.0,115
2023-05-09 21:47:04,eb2311,eb2311,7947.0,0.0,0.0,0.0,2,7899.0,7949.0,1,7947.0,0.0,0.0,0.0,0.0,0.0,115
2023-05-09 21:47:10,eb2311,eb2311,7947.0,0.0,0.0,0.0,1,7876.0,7949.0,1,7947.0,0.0,0.0,0.0,0.0,0.0,115
2023-05-09 21:47:11,eb2311,eb2311,7947.0,0.0,0.0,0.0,3,7877.0,7949.0,1,7947.0,0.0,0.0,0.0,0.0,0.0,115
2023-05-09 21:47:15,eb2311,eb2311,7947.0,0.0,0.0,0.0,3,7877.0,7948.0,2,7947.0,0.0,0.0,0.0,0.0,0.0,115
2023-05-09 21:47:18,eb2311,eb2311,7947.0,0.0,0.0,0.0,3,7877.0,7956.0,1,7947.0,0.0,0.0,0.0,0.0,0.0,115
2023-05-09 21:47:18,eb2311,eb2311,7947.0,0.0,0.0,0.0,3,7877.0,7954.0,1,7947.0,0.0,0.0,0.0,0.0,0.0,115
2023-05-09 21:47:18,eb2311,eb2311,7947.0,0.0,0.0,0.0,3,7877.0,7953.0,1,7947.0,0.0,0.0,0.0,0.0,0.0,115
2023-05-09 21:47:21,eb2311,eb2311,7947.0,0.0,0.0,0.0,3,7877.0,7952.0,3,7947.0,0.0,0.0,0.0,0.0,0.0,115
2023-05-09 21:47:22,eb2311,eb2311,7947.0,0.0,0.0,0.0,3,7877.0,7951.0,1,7947.0,0.0,0.0,0.0,0.0,0.0,115
2023-05-09 21:47:22,eb2311,eb2311,7947.0,0.0,0.0,0.0,3,7877.0,7948.0,2,7947.0,0.0,0.0,0.0,0.0,0.0,115
2023-05-09 21:47:37,eb2311,eb2311,7947.0,0.0,0.0,0.0,3,7877.0,7954.0,1,7947.0,0.0,0.0,0.0,0.0,0.0,115
2023-05-09 21:47:37,eb2311,eb2311,7947.0,0.0,0.0,0.0,3,7877.0,7953.0,1,7947.0,0.0,0.0,0.0,0.0,0.0,115
2023-05-09 21:47:38,eb2311,eb2311,7947.0,0.0,0.0,0.0,3,7877.0,7952.0,3,7947.0,0.0,0.0,0.0,0.0,0.0,115
2023-05-09 21:47:39,eb2311,eb2311,7947.0,0.0,0.0,0.0,3,7877.0,7951.0,1,7947.0,0.0,0.0,0.0,0.0,0.0,115
2023-05-09 21:47:40,eb2311,eb2311,7947.0,0.0,0.0,0.0,2,7878.0,7951.0,1,7947.0,0.0,0.0,0.0,0.0,0.0,115
2023-05-09 21:47:40,eb2311,eb2311,7947.0,0.0,0.0,0.0,1,7879.0,7951.0,1,7947.0,0.0,0.0,0.0,0.0,0.0,115
2023-05-09 21:47:40,eb2311,eb2311,7947.0,0.0,0.0,0.0,3,7879.0,7951.0,1,7947.0,0.0,0.0,0.0,0.0,0.0,115
2023-05-09 21:48:16,eb2311,eb2311,7947.0,0.0,0.0,0.0,3,7879.0,7950.0,2,7947.0,0.0,0.0,0.0,0.0,0.0,115
2023-05-09 21:48:22,eb2311,eb2311,7947.0,0.0,0.0,0.0,2,7880.0,7950.0,2,7947.0,0.0,0.0,0.0,0.0,0.0,115
2023-05-09 21:48:22,eb2311,eb2311,7947.0,0.0,0.0,0.0,1,7881.0,7950.0,2,7947.0,0.0,0.0,0.0,0.0,0.0,115
2023-05-09 21:48:22,eb2311,eb2311,7947.0,0.0,0.0,0.0,3,7881.0,7950.0,2,7947.0,0.0,0.0,0.0,0.0,0.0,115
2023-05-09 21:48:23,eb2311,eb2311,7947.0,0.0,0.0,0.0,3,7881.0,7965.0,1,7947.0,0.0,0.0,0.0,0.0,0.0,115
2023-05-09 21:48:24,eb2311,eb2311,7947.0,0.0,0.0,0.0,3,7881.0,7964.0,4,7947.0,0.0,0.0,0.0,0.0,0.0,115
2023-05-09 21:48:25,eb2311,eb2311,7947.0,0.0,0.0,0.0,3,7881.0,7963.0,5,7947.0,0.0,0.0,0.0,0.0,0.0,115
2023-05-09 21:48:26,eb2311,eb2311,7947.0,0.0,0.0,0.0,3,7881.0,7962.0,1,7947.0,0.0,0.0,0.0,0.0,0.0,115
2023-05-09 21:48:27,eb2311,eb2311,7947.0,0.0,0.0,0.0,3,7881.0,7961.0,3,7947.0,0.0,0.0,0.0,0.0,0.0,115
2023-05-09 21:48:27,eb2311,eb2311,7947.0,0.0,0.0,0.0,3,7881.0,7960.0,1,7947.0,0.0,0.0,0.0,0.0,0.0,115
2023-05-09 21:48:28,eb2311,eb2311,7947.0,0.0,0.0,0.0,3,7881.0,7959.0,5,7947.0,0.0,0.0,0.0,0.0,0.0,115
2023-05-09 21:48:29,eb2311,eb2311,7947.0,0.0,0.0,0.0,3,7881.0,7956.0,3,7947.0,0.0,0.0,0.0,0.0,0.0,115
2023-05-09 21:48:29,eb2311,eb2311,7947.0,0.0,0.0,0.0,3,7881.0,7955.0,1,7947.0,0.0,0.0,0.0,0.0,0.0,115
2023-05-09 21:48:35,eb2311,eb2311,7947.0,0.0,0.0,0.0,3,7881.0,7950.0,2,7947.0,0.0,0.0,0.0,0.0,0.0,115
2023-05-09 21:48:35,eb2311,eb2311,7947.0,0.0,0.0,0.0,3,7881.0,7949.0,1,7947.0,0.0,0.0,0.0,0.0,0.0,115
2023-05-09 21:48:41,eb2311,eb2311,7947.0,0.0,0.0,0.0,3,7881.0,7954.0,1,7947.0,0.0,0.0,0.0,0.0,0.0,115
2023-05-09 21:48:41,eb2311,eb2311,7947.0,0.0,0.0,0.0,3,7881.0,7953.0,1,7947.0,0.0,0.0,0.0,0.0,0.0,115
2023-05-09 21:49:05,eb2311,eb2311,7947.0,0.0,0.0,0.0,2,7882.0,7953.0,1,7947.0,0.0,0.0,0.0,0.0,0.0,115
2023-05-09 21:49:05,eb2311,eb2311,7947.0,0.0,0.0,0.0,1,7883.0,7953.0,1,7947.0,0.0,0.0,0.0,0.0,0.0,115
2023-05-09 21:49:06,eb2311,eb2311,7947.0,0.0,0.0,0.0,3,7883.0,7953.0,1,7947.0,0.0,0.0,0.0,0.0,0.0,115
2023-05-09 21:49:13,eb2311,eb2311,7947.0,0.0,0.0,0.0,3,7883.0,7952.0,2,7947.0,0.0,0.0,0.0,0.0,0.0,115
2023-05-09 21:49:24,eb2311,eb2311,7947.0,0.0,0.0,0.0,3,7883.0,7969.0,1,7947.0,0.0,0.0,0.0,0.0,0.0,115
2023-05-09 21:49:25,eb2311,eb2311,7947.0,0.0,0.0,0.0,3,7883.0,7968.0,4,7947.0,0.0,0.0,0.0,0.0,0.0,115
2023-05-09 21:49:25,eb2311,eb2311,7947.0,0.0,0.0,0.0,3,7883.0,7967.0,5,7947.0,0.0,0.0,0.0,0.0,0.0,115
2023-05-09 21:49:26,eb2311,eb2311,7947.0,0.0,0.0,0.0,3,7883.0,7966.0,1,7947.0,0.0,0.0,0.0,0.0,0.0,115
2023-05-09 21:49:27,eb2311,eb2311,7947.0,0.0,0.0,0.0,3,7883.0,7965.0,3,7947.0,0.0,0.0,0.0,0.0,0.0,115
2023-05-09 21:49:28,eb2311,eb2311,7947.0,0.0,0.0,0.0,3,7883.0,7964.0,1,7947.0,0.0,0.0,0.0,0.0,0.0,115
2023-05-09 21:49:29,eb2311,eb2311,7947.0,0.0,0.0,0.0,3,7883.0,7960.0,3,7947.0,0.0,0.0,0.0,0.0,0.0,115
2023-05-09 21:49:30,eb2311,eb2311,7947.0,0.0,0.0,0.0,3,7883.0,7959.0,1,7947.0,0.0,0.0,0.0,0.0,0.0,115
2023-05-09 21:49:33,eb2311,eb2311,7947.0,0.0,0.0,0.0,3,7883.0,7959.0,6,7947.0,0.0,0.0,0.0,0.0,0.0,115
2023-05-09 21:49:33,eb2311,eb2311,7947.0,0.0,0.0,0.0,3,7883.0,7953.0,2,7947.0,0.0,0.0,0.0,0.0,0.0,115
2023-05-09 21:49:34,eb2311,eb2311,7947.0,0.0,0.0,0.0,3,7883.0,7952.0,1,7947.0,0.0,0.0,0.0,0.0,0.0,115
2023-05-09 21:49:48,eb2311,eb2311,7947.0,0.0,0.0,0.0,2,7884.0,7952.0,1,7947.0,0.0,0.0,0.0,0.0,0.0,115
2023-05-09 21:49:48,eb2311,eb2311,7947.0,0.0,0.0,0.0,1,7885.0,7952.0,1,7947.0,0.0,0.0,0.0,0.0,0.0,115
2023-05-09 21:49:48,eb2311,eb2311,7947.0,0.0,0.0,0.0,2,7886.0,7952.0,1,7947.0,0.0,0.0,0.0,0.0,0.0,115
2023-05-09 21:49:49,eb2311,eb2311,7947.0,0.0,0.0,0.0,1,7887.0,7952.0,1,7947.0,0.0,0.0,0.0,0.0,0.0,115
2023-05-09 21:49:50,eb2311,eb2311,7947.0,0.0,0.0,0.0,2,7888.0,7952.0,1,7947.0,0.0,0.0,0.0,0.0,0.0,115
2023-05-09 21:49:51,eb2311,eb2311,7947.0,0.0,0.0,0.0,1,7889.0,7952.0,1,7947.0,0.0,0.0,0.0,0.0,0.0,115
2023-05-09 21:49:55,eb2311,eb2311,7947.0,0.0,0.0,0.0,2,7890.0,7952.0,1,7947.0,0.0,0.0,0.0,0.0,0.0,115
2023-05-09 21:50:29,eb2311,eb2311,7947.0,0.0,0.0,0.0,2,7891.0,7952.0,1,7947.0,0.0,0.0,0.0,0.0,0.0,115
2023-05-09 21:50:32,eb2311,eb2311,7947.0,0.0,0.0,0.0,2,7892.0,7952.0,1,7947.0,0.0,0.0,0.0,0.0,0.0,115
2023-05-09 21:50:43,eb2311,eb2311,7947.0,0.0,0.0,0.0,2,7892.0,7969.0,1,7947.0,0.0,0.0,0.0,0.0,0.0,115
2023-05-09 21:50:44,eb2311,eb2311,7947.0,0.0,0.0,0.0,2,7892.0,7968.0,5,7947.0,0.0,0.0,0.0,0.0,0.0,115
2023-05-09 21:50:44,eb2311,eb2311,7947.0,0.0,0.0,0.0,2,7892.0,7967.0,3,7947.0,0.0,0.0,0.0,0.0,0.0,115
2023-05-09 21:50:49,eb2311,eb2311,7947.0,0.0,0.0,0.0,2,7892.0,7966.0,5,7947.0,0.0,0.0,0.0,0.0,0.0,115
2023-05-09 21:50:50,eb2311,eb2311,7947.0,0.0,0.0,0.0,2,7892.0,7964.0,2,7947.0,0.0,0.0,0.0,0.0,0.0,115
2023-05-09 21:50:51,eb2311,eb2311,7947.0,0.0,0.0,0.0,2,7892.0,7964.0,3,7947.0,0.0,0.0,0.0,0.0,0.0,115
2023-05-09 21:50:52,eb2311,eb2311,7947.0,0.0,0.0,0.0,2,7892.0,7963.0,3,7947.0,0.0,0.0,0.0,0.0,0.0,115
2023-05-09 21:50:52,eb2311,eb2311,7947.0,0.0,0.0,0.0,2,7892.0,7963.0,4,7947.0,0.0,0.0,0.0,0.0,0.0,115
2023-05-09 21:50:53,eb2311,eb2311,7947.0,0.0,0.0,0.0,2,7892.0,7962.0,3,7947.0,0.0,0.0,0.0,0.0,0.0,115
2023-05-09 21:50:58,eb2311,eb2311,7947.0,0.0,0.0,0.0,2,7892.0,7975.0,1,7947.0,0.0,0.0,0.0,0.0,0.0,115
2023-05-09 21:50:59,eb2311,eb2311,7947.0,0.0,0.0,0.0,2,7892.0,7974.0,5,7947.0,0.0,0.0,0.0,0.0,0.0,115
2023-05-09 21:50:59,eb2311,eb2311,7947.0,0.0,0.0,0.0,2,7892.0,7974.0,8,7947.0,0.0,0.0,0.0,0.0,0.0,115
2023-05-09 21:51:11,eb2311,eb2311,7947.0,0.0,0.0,0.0,2,7892.0,7973.0,2,7947.0,0.0,0.0,0.0,0.0,0.0,115
2023-05-09 21:51:12,eb2311,eb2311,7947.0,0.0,0.0,0.0,2,7892.0,7972.0,3,7947.0,0.0,0.0,0.0,0.0,0.0,115
2023-05-09 21:51:14,eb2311,eb2311,7947.0,0.0,0.0,0.0,2,7892.0,7971.0,5,7947.0,0.0,0.0,0.0,0.0,0.0,115
2023-05-09 21:51:17,eb2311,eb2311,7947.0,0.0,0.0,0.0,2,7892.0,7967.0,3,7947.0,0.0,0.0,0.0,0.0,0.0,115
2023-05-09 21:51:19,eb2311,eb2311,7947.0,0.0,0.0,0.0,2,7892.0,7966.0,5,7947.0,0.0,0.0,0.0,0.0,0.0,115
2023-05-09 21:51:20,eb2311,eb2311,7947.0,0.0,0.0,0.0,2,7892.0,7959.0,2,7947.0,0.0,0.0,0.0,0.0,0.0,115
2023-05-09 21:51:27,eb2311,eb2311,7947.0,0.0,0.0,0.0,2,7892.0,7965.0,1,7947.0,0.0,0.0,0.0,0.0,0.0,115
2023-05-09 21:51:28,eb2311,eb2311,7947.0,0.0,0.0,0.0,2,7892.0,7964.0,5,7947.0,0.0,0.0,0.0,0.0,0.0,115
2023-05-09 21:51:29,eb2311,eb2311,7947.0,0.0,0.0,0.0,2,7892.0,7962.0,2,7947.0,0.0,0.0,0.0,0.0,0.0,115
2023-05-09 21:51:54,eb2311,eb2311,7947.0,0.0,0.0,0.0,2,7893.0,7962.0,2,7947.0,0.0,0.0,0.0,0.0,0.0,115
2023-05-09 21:51:54,eb2311,eb2311,7947.0,0.0,0.0,0.0,2,7894.0,7962.0,2,7947.0,0.0,0.0,0.0,0.0,0.0,115
2023-05-09 21:51:56,eb2311,eb2311,7947.0,0.0,0.0,0.0,2,7894.0,7975.0,1,7947.0,0.0,0.0,0.0,0.0,0.0,115
2023-05-09 21:51:56,eb2311,eb2311,7947.0,0.0,0.0,0.0,2,7894.0,7974.0,3,7947.0,0.0,0.0,0.0,0.0,0.0,115
2023-05-09 21:51:58,eb2311,eb2311,7947.0,0.0,0.0,0.0,2,7894.0,7973.0,5,7947.0,0.0,0.0,0.0,0.0,0.0,115
2023-05-09 21:52:00,eb2311,eb2311,7947.0,0.0,0.0,0.0,2,7894.0,7969.0,3,7947.0,0.0,0.0,0.0,0.0,0.0,115
2023-05-09 21:52:01,eb2311,eb2311,7947.0,0.0,0.0,0.0,2,7894.0,7968.0,5,7947.0,0.0,0.0,0.0,0.0,0.0,115
2023-05-09 21:52:03,eb2311,eb2311,7947.0,0.0,0.0,0.0,2,7894.0,7963.0,2,7947.0,0.0,0.0,0.0,0.0,0.0,115
2023-05-09 21:52:04,eb2311,eb2311,7947.0,0.0,0.0,0.0,2,7894.0,7963.0,8,7947.0,0.0,0.0,0.0,0.0,0.0,115
2023-05-09 21:52:06,eb2311,eb2311,7947.0,0.0,0.0,0.0,2,7894.0,7963.0,3,7947.0,0.0,0.0,0.0,0.0,0.0,115
2023-05-09 21:52:17,eb2311,eb2311,7947.0,0.0,0.0,0.0,2,7894.0,7975.0,1,7947.0,0.0,0.0,0.0,0.0,0.0,115
2023-05-09 21:52:17,eb2311,eb2311,7947.0,0.0,0.0,0.0,2,7894.0,7974.0,5,7947.0,0.0,0.0,0.0,0.0,0.0,115
2023-05-09 21:52:18,eb2311,eb2311,7947.0,0.0,0.0,0.0,2,7894.0,7974.0,8,7947.0,0.0,0.0,0.0,0.0,0.0,115
2023-05-09 21:52:36,eb2311,eb2311,7947.0,0.0,0.0,0.0,2,7894.0,7973.0,2,7947.0,0.0,0.0,0.0,0.0,0.0,115
2023-05-09 21:52:39,eb2311,eb2311,7947.0,0.0,0.0,0.0,2,7894.0,7972.0,3,7947.0,0.0,0.0,0.0,0.0,0.0,115
2023-05-09 21:52:40,eb2311,eb2311,7947.0,0.0,0.0,0.0,2,7894.0,7971.0,5,7947.0,0.0,0.0,0.0,0.0,0.0,115
2023-05-09 21:52:42,eb2311,eb2311,7947.0,0.0,0.0,0.0,2,7894.0,7967.0,3,7947.0,0.0,0.0,0.0,0.0,0.0,115
2023-05-09 21:52:43,eb2311,eb2311,7947.0,0.0,0.0,0.0,2,7894.0,7967.0,8,7947.0,0.0,0.0,0.0,0.0,0.0,115
2023-05-09 21:52:48,eb2311,eb2311,7947.0,0.0,0.0,0.0,2,7894.0,7967.0,3,7947.0,0.0,0.0,0.0,0.0,0.0,115
2023-05-09 21:52:48,eb2311,eb2311,7947.0,0.0,0.0,0.0,2,7894.0,7967.0,6,7947.0,0.0,0.0,0.0,0.0,0.0,115
2023-05-09 21:52:59,eb2311,eb2311,7947.0,0.0,0.0,0.0,2,7894.0,7967.0,4,7947.0,0.0,0.0,0.0,0.0,0.0,115
2023-05-09 21:52:59,eb2311,eb2311,7947.0,0.0,0.0,0.0,2,7894.0,7966.0,2,7947.0,0.0,0.0,0.0,0.0,0.0,115
2023-05-09 21:52:59,eb2311,eb2311,7947.0,0.0,0.0,0.0,2,7894.0,7966.0,3,7947.0,0.0,0.0,0.0,0.0,0.0,115
2023-05-09 21:53:00,eb2311,eb2311,7947.0,0.0,0.0,0.0,2,7894.0,7965.0,3,7947.0,0.0,0.0,0.0,0.0,0.0,115
2023-05-09 21:53:17,eb2311,eb2311,7947.0,0.0,0.0,0.0,2,7894.0,7975.0,1,7947.0,0.0,0.0,0.0,0.0,0.0,115
2023-05-09 21:53:17,eb2311,eb2311,7947.0,0.0,0.0,0.0,2,7894.0,7974.0,3,7947.0,0.0,0.0,0.0,0.0,0.0,115
2023-05-09 21:53:18,eb2311,eb2311,7947.0,0.0,0.0,0.0,2,7894.0,7973.0,1,7947.0,0.0,0.0,0.0,0.0,0.0,115
2023-05-09 21:53:20,eb2311,eb2311,7947.0,0.0,0.0,0.0,2,7894.0,7972.0,2,7947.0,0.0,0.0,0.0,0.0,0.0,115
2023-05-09 21:53:20,eb2311,eb2311,7947.0,0.0,0.0,0.0,2,7894.0,7970.0,2,7947.0,0.0,0.0,0.0,0.0,0.0,115
2023-05-09 21:53:20,eb2311,eb2311,7947.0,0.0,0.0,0.0,2,7894.0,7970.0,3,7947.0,0.0,0.0,0.0,0.0,0.0,115
2023-05-09 21:53:25,eb2311,eb2311,7947.0,0.0,0.0,0.0,2,7894.0,7969.0,1,7947.0,0.0,0.0,0.0,0.0,0.0,115
2023-05-09 21:53:26,eb2311,eb2311,7947.0,0.0,0.0,0.0,2,7894.0,7965.0,2,7947.0,0.0,0.0,0.0,0.0,0.0,115
2023-05-09 21:53:28,eb2311,eb2311,7947.0,0.0,0.0,0.0,2,7894.0,7965.0,3,7947.0,0.0,0.0,0.0,0.0,0.0,115
2023-05-09 21:53:56,eb2311,eb2311,7947.0,0.0,0.0,0.0,2,7894.0,7972.0,2,7947.0,0.0,0.0,0.0,0.0,0.0,115
2023-05-09 21:53:57,eb2311,eb2311,7947.0,0.0,0.0,0.0,2,7894.0,7971.0,4,7947.0,0.0,0.0,0.0,0.0,0.0,115
2023-05-09 21:54:01,eb2311,eb2311,7947.0,0.0,0.0,0.0,2,7894.0,7971.0,3,7947.0,0.0,0.0,0.0,0.0,0.0,115
2023-05-09 21:54:03,eb2311,eb2311,7947.0,0.0,0.0,0.0,2,7894.0,7970.0,1,7947.0,0.0,0.0,0.0,0.0,0.0,115
2023-05-09 21:54:05,eb2311,eb2311,7947.0,0.0,0.0,0.0,2,7894.0,7966.0,3,7947.0,0.0,0.0,0.0,0.0,0.0,115
2023-05-09 21:54:45,eb2311,eb2311,7947.0,0.0,0.0,0.0,2,7894.0,7965.0,2,7947.0,0.0,0.0,0.0,0.0,0.0,115
2023-05-09 21:54:45,eb2311,eb2311,7947.0,0.0,0.0,0.0,2,7894.0,7964.0,3,7947.0,0.0,0.0,0.0,0.0,0.0,115
2023-05-09 21:54:47,eb2311,eb2311,7947.0,0.0,0.0,0.0,2,7894.0,7975.0,1,7947.0,0.0,0.0,0.0,0.0,0.0,115
2023-05-09 21:54:48,eb2311,eb2311,7947.0,0.0,0.0,0.0,2,7894.0,7968.0,1,7947.0,0.0,0.0,0.0,0.0,0.0,115
2023-05-09 21:54:52,eb2311,eb2311,7947.0,0.0,0.0,0.0,2,7894.0,7967.0,3,7947.0,0.0,0.0,0.0,0.0,0.0,115
2023-05-09 21:55:00,eb2311,eb2311,7947.0,0.0,0.0,0.0,2,7894.0,7975.0,1,7947.0,0.0,0.0,0.0,0.0,0.0,115
2023-05-09 21:55:00,eb2311,eb2311,7947.0,0.0,0.0,0.0,2,7894.0,7974.0,3,7947.0,0.0,0.0,0.0,0.0,0.0,115
2023-05-09 21:55:04,eb2311,eb2311,7947.0,0.0,0.0,0.0,2,7894.0,7973.0,1,7947.0,0.0,0.0,0.0,0.0,0.0,115
2023-05-09 21:55:06,eb2311,eb2311,7947.0,0.0,0.0,0.0,2,7894.0,7970.0,2,7947.0,0.0,0.0,0.0,0.0,0.0,115
2023-05-09 21:55:07,eb2311,eb2311,7947.0,0.0,0.0,0.0,2,7894.0,7969.0,1,7947.0,0.0,0.0,0.0,0.0,0.0,115
2023-05-09 21:55:11,eb2311,eb2311,7947.0,0.0,0.0,0.0,2,7894.0,7968.0,3,7947.0,0.0,0.0,0.0,0.0,0.0,115
2023-05-09 21:55:11,eb2311,eb2311,7947.0,0.0,0.0,0.0,2,7894.0,7967.0,1,7947.0,0.0,0.0,0.0,0.0,0.0,115
2023-05-09 21:55:27,eb2311,eb2311,7947.0,0.0,0.0,0.0,2,7895.0,7975.0,1,7947.0,0.0,0.0,0.0,0.0,0.0,115
2023-05-09 21:55:27,eb2311,eb2311,7947.0,0.0,0.0,0.0,2,7895.0,7974.0,1,7947.0,0.0,0.0,0.0,0.0,0.0,115
2023-05-09 21:55:27,eb2311,eb2311,7947.0,0.0,0.0,0.0,2,7896.0,7973.0,1,7947.0,0.0,0.0,0.0,0.0,0.0,115
2023-05-09 21:55:28,eb2311,eb2311,7947.0,0.0,0.0,0.0,2,7896.0,7973.0,3,7947.0,0.0,0.0,0.0,0.0,0.0,115
2023-05-09 21:55:30,eb2311,eb2311,7947.0,0.0,0.0,0.0,2,7896.0,7972.0,1,7947.0,0.0,0.0,0.0,0.0,0.0,115
2023-05-09 21:55:33,eb2311,eb2311,7947.0,0.0,0.0,0.0,2,7896.0,7968.0,2,7947.0,0.0,0.0,0.0,0.0,0.0,115
2023-05-09 21:55:37,eb2311,eb2311,7947.0,0.0,0.0,0.0,2,7896.0,7968.0,3,7947.0,0.0,0.0,0.0,0.0,0.0,115
2023-05-09 21:55:44,eb2311,eb2311,7947.0,0.0,0.0,0.0,2,7896.0,7968.0,2,7947.0,0.0,0.0,0.0,0.0,0.0,115
2023-05-09 21:55:45,eb2311,eb2311,7947.0,0.0,0.0,0.0,2,7896.0,7968.0,3,7947.0,0.0,0.0,0.0,0.0,0.0,115
2023-05-09 21:55:47,eb2311,eb2311,7947.0,0.0,0.0,0.0,2,7896.0,7968.0,2,7947.0,0.0,0.0,0.0,0.0,0.0,115
2023-05-09 21:55:48,eb2311,eb2311,7947.0,0.0,0.0,0.0,2,7896.0,7967.0,1,7947.0,0.0,0.0,0.0,0.0,0.0,115
2023-05-09 21:55:53,eb2311,eb2311,7947.0,0.0,0.0,0.0,2,7896.0,7968.0,2,7947.0,0.0,0.0,0.0,0.0,0.0,115
2023-05-09 21:55:54,eb2311,eb2311,7947.0,0.0,0.0,0.0,2,7896.0,7968.0,3,7947.0,0.0,0.0,0.0,0.0,0.0,115
2023-05-09 21:55:59,eb2311,eb2311,7947.0,0.0,0.0,0.0,2,7896.0,7968.0,2,7947.0,0.0,0.0,0.0,0.0,0.0,115
2023-05-09 21:56:00,eb2311,eb2311,7947.0,0.0,0.0,0.0,2,7896.0,7975.0,1,7947.0,0.0,0.0,0.0,0.0,0.0,115
2023-05-09 21:56:00,eb2311,eb2311,7947.0,0.0,0.0,0.0,2,7896.0,8240.0,1,7947.0,0.0,0.0,0.0,0.0,0.0,115
2023-05-09 21:56:01,eb2311,eb2311,7947.0,0.0,0.0,0.0,2,7896.0,7974.0,3,7947.0,0.0,0.0,0.0,0.0,0.0,115
2023-05-09 21:56:01,eb2311,eb2311,7947.0,0.0,0.0,0.0,2,7896.0,7974.0,4,7947.0,0.0,0.0,0.0,0.0,0.0,115
2023-05-09 21:56:06,eb2311,eb2311,7947.0,0.0,0.0,0.0,2,7896.0,7973.0,1,7947.0,0.0,0.0,0.0,0.0,0.0,115
2023-05-09 21:56:08,eb2311,eb2311,7947.0,0.0,0.0,0.0,2,7896.0,7969.0,3,7947.0,0.0,0.0,0.0,0.0,0.0,115
2023-05-09 21:56:09,eb2311,eb2311,7947.0,0.0,0.0,0.0,2,7896.0,7968.0,3,7947.0,0.0,0.0,0.0,0.0,0.0,115
2023-05-09 21:56:11,eb2311,eb2311,7947.0,0.0,0.0,0.0,2,7896.0,7965.0,2,7947.0,0.0,0.0,0.0,0.0,0.0,115
2023-05-09 21:56:12,eb2311,eb2311,7947.0,0.0,0.0,0.0,2,7896.0,7964.0,1,7947.0,0.0,0.0,0.0,0.0,0.0,115
2023-05-09 21:56:14,eb2311,eb2311,7947.0,0.0,0.0,0.0,2,7896.0,7963.0,2,7947.0,0.0,0.0,0.0,0.0,0.0,115
2023-05-09 21:56:17,eb2311,eb2311,7947.0,0.0,0.0,0.0,2,7896.0,7967.0,1,7947.0,0.0,0.0,0.0,0.0,0.0,115
2023-05-09 21:56:18,eb2311,eb2311,7947.0,0.0,0.0,0.0,2,7896.0,7966.0,1,7947.0,0.0,0.0,0.0,0.0,0.0,115
2023-05-09 21:56:20,eb2311,eb2311,7947.0,0.0,0.0,0.0,2,7896.0,7965.0,2,7947.0,0.0,0.0,0.0,0.0,0.0,115
2023-05-09 21:56:23,eb2311,eb2311,7947.0,0.0,0.0,0.0,2,7896.0,7965.0,3,7947.0,0.0,0.0,0.0,0.0,0.0,115
2023-05-09 21:56:29,eb2311,eb2311,7947.0,0.0,0.0,0.0,2,7896.0,7965.0,2,7947.0,0.0,0.0,0.0,0.0,0.0,115
2023-05-09 21:56:29,eb2311,eb2311,7947.0,0.0,0.0,0.0,2,7896.0,7964.0,1,7947.0,0.0,0.0,0.0,0.0,0.0,115
2023-05-09 21:56:35,eb2311,eb2311,7947.0,0.0,0.0,0.0,2,7896.0,7963.0,2,7947.0,0.0,0.0,0.0,0.0,0.0,115
2023-05-09 21:56:41,eb2311,eb2311,7947.0,0.0,0.0,0.0,2,7896.0,7963.0,3,7947.0,0.0,0.0,0.0,0.0,0.0,115
2023-05-09 21:56:47,eb2311,eb2311,7947.0,0.0,0.0,0.0,2,7896.0,7963.0,1,7947.0,0.0,0.0,0.0,0.0,0.0,115
2023-05-09 21:56:50,eb2311,eb2311,7947.0,0.0,0.0,0.0,2,7896.0,7967.0,1,7947.0,0.0,0.0,0.0,0.0,0.0,115
2023-05-09 21:56:51,eb2311,eb2311,7947.0,0.0,0.0,0.0,2,7896.0,7966.0,1,7947.0,0.0,0.0,0.0,0.0,0.0,115
2023-05-09 21:56:51,eb2311,eb2311,7947.0,0.0,0.0,0.0,2,7896.0,7966.0,3,7947.0,0.0,0.0,0.0,0.0,0.0,115
2023-05-09 21:56:53,eb2311,eb2311,7947.0,0.0,0.0,0.0,2,7896.0,7965.0,2,7947.0,0.0,0.0,0.0,0.0,0.0,115
2023-05-09 21:56:54,eb2311,eb2311,7947.0,0.0,0.0,0.0,2,7896.0,7965.0,1,7947.0,0.0,0.0,0.0,0.0,0.0,115
2023-05-09 21:56:59,eb2311,eb2311,7947.0,0.0,0.0,0.0,2,7896.0,7966.0,2,7947.0,0.0,0.0,0.0,0.0,0.0,115
2023-05-09 21:57:00,eb2311,eb2311,7947.0,0.0,0.0,0.0,2,7896.0,7966.0,3,7947.0,0.0,0.0,0.0,0.0,0.0,115
2023-05-09 21:57:00,eb2311,eb2311,7947.0,0.0,0.0,0.0,2,7896.0,7965.0,2,7947.0,0.0,0.0,0.0,0.0,0.0,115
2023-05-09 21:57:02,eb2311,eb2311,7947.0,0.0,0.0,0.0,2,7896.0,7964.0,1,7947.0,0.0,0.0,0.0,0.0,0.0,115
2023-05-09 21:57:04,eb2311,eb2311,7947.0,0.0,0.0,0.0,2,7896.0,7963.0,2,7947.0,0.0,0.0,0.0,0.0,0.0,115
2023-05-09 21:57:09,eb2311,eb2311,7947.0,0.0,0.0,0.0,2,7896.0,7963.0,3,7947.0,0.0,0.0,0.0,0.0,0.0,115
2023-05-09 21:57:12,eb2311,eb2311,7947.0,0.0,0.0,0.0,2,7896.0,7963.0,2,7947.0,0.0,0.0,0.0,0.0,0.0,115
2023-05-09 21:57:12,eb2311,eb2311,7947.0,0.0,0.0,0.0,2,7896.0,7962.0,1,7947.0,0.0,0.0,0.0,0.0,0.0,115
2023-05-09 21:57:15,eb2311,eb2311,7947.0,0.0,0.0,0.0,2,7896.0,7963.0,2,7947.0,0.0,0.0,0.0,0.0,0.0,115
2023-05-09 21:57:16,eb2311,eb2311,7947.0,0.0,0.0,0.0,2,7896.0,7965.0,1,7947.0,0.0,0.0,0.0,0.0,0.0,115
2023-05-09 21:57:16,eb2311,eb2311,7947.0,0.0,0.0,0.0,2,7896.0,7965.0,2,7947.0,0.0,0.0,0.0,0.0,0.0,115
2023-05-09 21:57:16,eb2311,eb2311,7947.0,0.0,0.0,0.0,2,7896.0,7965.0,1,7947.0,0.0,0.0,0.0,0.0,0.0,115
2023-05-09 21:57:17,eb2311,eb2311,7947.0,0.0,0.0,0.0,2,7896.0,7964.0,2,7947.0,0.0,0.0,0.0,0.0,0.0,115
2023-05-09 21:57:19,eb2311,eb2311,7947.0,0.0,0.0,0.0,2,7896.0,7963.0,1,7947.0,0.0,0.0,0.0,0.0,0.0,115
2023-05-09 21:57:20,eb2311,eb2311,7947.0,0.0,0.0,0.0,2,7896.0,7962.0,2,7947.0,0.0,0.0,0.0,0.0,0.0,115
2023-05-09 21:57:21,eb2311,eb2311,7947.0,0.0,0.0,0.0,2,7896.0,7963.0,1,7947.0,0.0,0.0,0.0,0.0,0.0,115
2023-05-09 21:57:34,eb2311,eb2311,7947.0,0.0,0.0,0.0,2,7896.0,7966.0,2,7947.0,0.0,0.0,0.0,0.0,0.0,115
2023-05-09 21:57:35,eb2311,eb2311,7947.0,0.0,0.0,0.0,2,7896.0,7965.0,4,7947.0,0.0,0.0,0.0,0.0,0.0,115
2023-05-09 21:57:46,eb2311,eb2311,7947.0,0.0,0.0,0.0,2,7896.0,7965.0,3,7947.0,0.0,0.0,0.0,0.0,0.0,115
2023-05-09 21:58:03,eb2311,eb2311,7947.0,0.0,0.0,0.0,2,7896.0,7965.0,1,7947.0,0.0,0.0,0.0,0.0,0.0,115
2023-05-09 21:58:06,eb2311,eb2311,7947.0,0.0,0.0,0.0,2,7896.0,7974.0,1,7947.0,0.0,0.0,0.0,0.0,0.0,115
2023-05-09 21:58:07,eb2311,eb2311,7947.0,0.0,0.0,0.0,2,7896.0,7973.0,1,7947.0,0.0,0.0,0.0,0.0,0.0,115
2023-05-09 21:58:07,eb2311,eb2311,7947.0,0.0,0.0,0.0,2,7896.0,7973.0,4,7947.0,0.0,0.0,0.0,0.0,0.0,115
2023-05-09 21:58:15,eb2311,eb2311,7947.0,0.0,0.0,0.0,2,7896.0,7972.0,2,7947.0,0.0,0.0,0.0,0.0,0.0,115
2023-05-09 21:58:16,eb2311,eb2311,7947.0,0.0,0.0,0.0,2,7896.0,7968.0,3,7947.0,0.0,0.0,0.0,0.0,0.0,115
2023-05-09 21:58:19,eb2311,eb2311,7947.0,0.0,0.0,0.0,2,7896.0,7967.0,1,7947.0,0.0,0.0,0.0,0.0,0.0,115
2023-05-09 21:58:25,eb2311,eb2311,7947.0,0.0,0.0,0.0,2,7896.0,7965.0,2,7947.0,0.0,0.0,0.0,0.0,0.0,115
2023-05-09 21:58:26,eb2311,eb2311,7947.0,0.0,0.0,0.0,2,7896.0,7965.0,3,7947.0,0.0,0.0,0.0,0.0,0.0,115
2023-05-09 21:58:27,eb2311,eb2311,7947.0,0.0,0.0,0.0,2,7896.0,7965.0,1,7947.0,0.0,0.0,0.0,0.0,0.0,115
2023-05-09 21:58:29,eb2311,eb2311,7947.0,0.0,0.0,0.0,2,7896.0,7972.0,2,7947.0,0.0,0.0,0.0,0.0,0.0,115
2023-05-09 21:58:29,eb2311,eb2311,7947.0,0.0,0.0,0.0,2,7896.0,7971.0,3,7947.0,0.0,0.0,0.0,0.0,0.0,115
2023-05-09 21:58:31,eb2311,eb2311,7947.0,0.0,0.0,0.0,2,7896.0,7970.0,1,7947.0,0.0,0.0,0.0,0.0,0.0,115
2023-05-09 21:58:32,eb2311,eb2311,7947.0,0.0,0.0,0.0,2,7896.0,7967.0,2,7947.0,0.0,0.0,0.0,0.0,0.0,115
2023-05-09 21:58:35,eb2311,eb2311,7947.0,0.0,0.0,0.0,2,7896.0,7967.0,3,7947.0,0.0,0.0,0.0,0.0,0.0,115
2023-05-09 21:58:50,eb2311,eb2311,7947.0,0.0,0.0,0.0,2,7896.0,7967.0,4,7947.0,0.0,0.0,0.0,0.0,0.0,115
2023-05-09 21:58:52,eb2311,eb2311,7947.0,0.0,0.0,0.0,2,7896.0,7967.0,3,7947.0,0.0,0.0,0.0,0.0,0.0,115
2023-05-09 21:58:52,eb2311,eb2311,7947.0,0.0,0.0,0.0,2,7896.0,7966.0,1,7947.0,0.0,0.0,0.0,0.0,0.0,115
2023-05-09 21:58:53,eb2311,eb2311,7947.0,0.0,0.0,0.0,2,7896.0,7965.0,2,7947.0,0.0,0.0,0.0,0.0,0.0,115
2023-05-09 21:58:55,eb2311,eb2311,7947.0,0.0,0.0,0.0,2,7896.0,7965.0,3,7947.0,0.0,0.0,0.0,0.0,0.0,115
2023-05-09 21:58:57,eb2311,eb2311,7947.0,0.0,0.0,0.0,2,7896.0,7964.0,2,7947.0,0.0,0.0,0.0,0.0,0.0,115
2023-05-09 21:59:04,eb2311,eb2311,7947.0,0.0,0.0,0.0,2,7896.0,7963.0,2,7947.0,0.0,0.0,0.0,0.0,0.0,115
2023-05-09 21:59:09,eb2311,eb2311,7947.0,0.0,0.0,0.0,2,7896.0,7964.0,2,7947.0,0.0,0.0,0.0,0.0,0.0,115
2023-05-09 21:59:14,eb2311,eb2311,7947.0,0.0,0.0,0.0,2,7896.0,7963.0,2,7947.0,0.0,0.0,0.0,0.0,0.0,115
2023-05-09 21:59:14,eb2311,eb2311,7947.0,0.0,0.0,0.0,2,7896.0,7964.0,2,7947.0,0.0,0.0,0.0,0.0,0.0,115
2023-05-09 22:00:11,eb2311,eb2311,7947.0,0.0,0.0,0.0,2,7896.0,7963.0,2,7947.0,0.0,0.0,0.0,0.0,0.0,115
2023-05-09 22:00:11,eb2311,eb2311,7947.0,0.0,0.0,0.0,2,7896.0,7964.0,2,7947.0,0.0,0.0,0.0,0.0,0.0,115
2023-05-09 22:00:15,eb2311,eb2311,7947.0,0.0,0.0,0.0,2,7896.0,7963.0,3,7947.0,0.0,0.0,0.0,0.0,0.0,115
2023-05-09 22:00:20,eb2311,eb2311,7947.0,0.0,0.0,0.0,2,7896.0,7964.0,2,7947.0,0.0,0.0,0.0,0.0,0.0,115
2023-05-09 22:02:31,eb2311,eb2311,7947.0,0.0,0.0,0.0,2,7896.0,7963.0,3,7947.0,0.0,0.0,0.0,0.0,0.0,115
2023-05-09 22:02:40,eb2311,eb2311,7947.0,0.0,0.0,0.0,2,7896.0,7964.0,2,7947.0,0.0,0.0,0.0,0.0,0.0,115
2023-05-09 22:02:50,eb2311,eb2311,7947.0,0.0,0.0,0.0,2,7896.0,7963.0,3,7947.0,0.0,0.0,0.0,0.0,0.0,115
2023-05-09 22:02:50,eb2311,eb2311,7947.0,0.0,0.0,0.0,2,7896.0,7964.0,2,7947.0,0.0,0.0,0.0,0.0,0.0,115
2023-05-09 22:02:52,eb2311,eb2311,7947.0,0.0,0.0,0.0,2,7896.0,7963.0,3,7947.0,0.0,0.0,0.0,0.0,0.0,115
2023-05-09 22:03:14,eb2311,eb2311,7947.0,0.0,0.0,0.0,1,7876.0,7963.0,3,7947.0,0.0,0.0,0.0,0.0,0.0,115
2023-05-09 22:03:15,eb2311,eb2311,7947.0,0.0,0.0,0.0,2,7877.0,7963.0,3,7947.0,0.0,0.0,0.0,0.0,0.0,115
2023-05-09 22:03:15,eb2311,eb2311,7947.0,0.0,0.0,0.0,3,7877.0,7963.0,3,7947.0,0.0,0.0,0.0,0.0,0.0,115
2023-05-09 22:03:53,eb2311,eb2311,7947.0,0.0,0.0,0.0,3,7877.0,7962.0,2,7947.0,0.0,0.0,0.0,0.0,0.0,115
2023-05-09 22:03:54,eb2311,eb2311,7947.0,0.0,0.0,0.0,3,7877.0,7961.0,3,7947.0,0.0,0.0,0.0,0.0,0.0,115
2023-05-09 22:04:35,eb2311,eb2311,7947.0,0.0,0.0,0.0,3,7877.0,7960.0,2,7947.0,0.0,0.0,0.0,0.0,0.0,115
2023-05-09 22:04:36,eb2311,eb2311,7947.0,0.0,0.0,0.0,3,7877.0,7959.0,3,7947.0,0.0,0.0,0.0,0.0,0.0,115
2023-05-09 22:05:03,eb2311,eb2311,7947.0,0.0,0.0,0.0,3,7877.0,7959.0,2,7947.0,0.0,0.0,0.0,0.0,0.0,115
2023-05-09 22:05:04,eb2311,eb2311,7947.0,0.0,0.0,0.0,3,7877.0,7960.0,2,7947.0,0.0,0.0,0.0,0.0,0.0,115
2023-05-09 22:05:07,eb2311,eb2311,7947.0,0.0,0.0,0.0,3,7877.0,7959.0,2,7947.0,0.0,0.0,0.0,0.0,0.0,115
2023-05-09 22:05:12,eb2311,eb2311,7947.0,0.0,0.0,0.0,3,7877.0,7959.0,3,7947.0,0.0,0.0,0.0,0.0,0.0,115
2023-05-09 22:05:22,eb2311,eb2311,7947.0,0.0,0.0,0.0,3,7877.0,7959.0,2,7947.0,0.0,0.0,0.0,0.0,0.0,115
2023-05-09 22:05:32,eb2311,eb2311,7947.0,0.0,0.0,0.0,3,7877.0,7959.0,3,7947.0,0.0,0.0,0.0,0.0,0.0,115
2023-05-09 22:05:51,eb2311,eb2311,7947.0,0.0,0.0,0.0,3,7877.0,7959.0,2,7947.0,0.0,0.0,0.0,0.0,0.0,115
2023-05-09 22:05:54,eb2311,eb2311,7947.0,0.0,0.0,0.0,3,7877.0,7974.0,1,7947.0,0.0,0.0,0.0,0.0,0.0,115
2023-05-09 22:05:55,eb2311,eb2311,7947.0,0.0,0.0,0.0,3,7877.0,8236.0,1,7947.0,0.0,0.0,0.0,0.0,0.0,115
2023-05-09 22:05:55,eb2311,eb2311,7947.0,0.0,0.0,0.0,3,7877.0,8235.0,4,7947.0,0.0,0.0,0.0,0.0,0.0,115
2023-05-09 22:05:56,eb2311,eb2311,7947.0,0.0,0.0,0.0,3,7877.0,8235.0,5,7947.0,0.0,0.0,0.0,0.0,0.0,115
2023-05-09 22:05:56,eb2311,eb2311,7947.0,0.0,0.0,0.0,3,7877.0,8233.0,1,7947.0,0.0,0.0,0.0,0.0,0.0,115
2023-05-09 22:05:57,eb2311,eb2311,7947.0,0.0,0.0,0.0,3,7877.0,8232.0,12,7947.0,0.0,0.0,0.0,0.0,0.0,115
2023-05-09 22:05:58,eb2311,eb2311,7947.0,0.0,0.0,0.0,3,7877.0,8230.0,1,7947.0,0.0,0.0,0.0,0.0,0.0,115
2023-05-09 22:05:59,eb2311,eb2311,7947.0,0.0,0.0,0.0,3,7877.0,8229.0,1,7947.0,0.0,0.0,0.0,0.0,0.0,115
2023-05-09 22:05:59,eb2311,eb2311,7947.0,0.0,0.0,0.0,3,7877.0,8227.0,1,7947.0,0.0,0.0,0.0,0.0,0.0,115
2023-05-09 22:06:00,eb2311,eb2311,7947.0,0.0,0.0,0.0,3,7877.0,8226.0,20,7947.0,0.0,0.0,0.0,0.0,0.0,115
2023-05-09 22:06:01,eb2311,eb2311,7947.0,0.0,0.0,0.0,3,7877.0,8224.0,1,7947.0,0.0,0.0,0.0,0.0,0.0,115
2023-05-09 22:06:01,eb2311,eb2311,7947.0,0.0,0.0,0.0,3,7877.0,8223.0,3,7947.0,0.0,0.0,0.0,0.0,0.0,115
