time,symbol_id,symbol_name,last,trade_volume,trade_amount,open_interest_change,bv1,bp1,ap1,av1,yesterday_close,today_open,today_high,today_low,volume,amount,open_interest
2023-05-09 21:00:00,eb2312,eb2312,7911.0,0.0,0.0,0.0,1,7360.0,8462.0,1,7911.0,0.0,0.0,0.0,0.0,0.0,9
2023-05-09 21:00:01,eb2312,eb2312,7911.0,0.0,0.0,0.0,7,7361.0,8461.0,2,7911.0,0.0,0.0,0.0,0.0,0.0,9
2023-05-09 21:00:02,eb2312,eb2312,7911.0,0.0,0.0,0.0,1,7363.0,8459.0,1,7911.0,0.0,0.0,0.0,0.0,0.0,9
2023-05-09 21:00:03,eb2312,eb2312,7911.0,0.0,0.0,0.0,7,7364.0,8458.0,2,7911.0,0.0,0.0,0.0,0.0,0.0,9
2023-05-09 21:00:04,eb2312,eb2312,7911.0,0.0,0.0,0.0,7,7364.0,8458.0,4,7911.0,0.0,0.0,0.0,0.0,0.0,9
2023-05-09 21:00:04,eb2312,eb2312,7911.0,0.0,0.0,0.0,7,7364.0,8458.0,2,7911.0,0.0,0.0,0.0,0.0,0.0,9
2023-05-09 21:00:05,eb2312,eb2312,7911.0,0.0,0.0,0.0,3,7365.0,8458.0,2,7911.0,0.0,0.0,0.0,0.0,0.0,9
2023-05-09 21:00:06,eb2312,eb2312,7911.0,0.0,0.0,0.0,7,7366.0,8458.0,2,7911.0,0.0,0.0,0.0,0.0,0.0,9
2023-05-09 21:00:07,eb2312,eb2312,7911.0,0.0,0.0,0.0,7,7366.0,8457.0,3,7911.0,0.0,0.0,0.0,0.0,0.0,9
2023-05-09 21:00:07,eb2312,eb2312,7911.0,0.0,0.0,0.0,3,7367.0,8457.0,3,7911.0,0.0,0.0,0.0,0.0,0.0,9
2023-05-09 21:00:07,eb2312,eb2312,7911.0,0.0,0.0,0.0,2,7368.0,8456.0,2,7911.0,0.0,0.0,0.0,0.0,0.0,9
2023-05-09 21:00:08,eb2312,eb2312,7911.0,0.0,0.0,0.0,2,7368.0,8456.0,3,7911.0,0.0,0.0,0.0,0.0,0.0,9
2023-05-09 21:00:09,eb2312,eb2312,7911.0,0.0,0.0,0.0,5,7369.0,8456.0,3,7911.0,0.0,0.0,0.0,0.0,0.0,9
2023-05-09 21:00:09,eb2312,eb2312,7911.0,0.0,0.0,0.0,2,7370.0,8456.0,3,7911.0,0.0,0.0,0.0,0.0,0.0,9
2023-05-09 21:00:10,eb2312,eb2312,7911.0,0.0,0.0,0.0,3,7370.0,8455.0,2,7911.0,0.0,0.0,0.0,0.0,0.0,9
2023-05-09 21:00:11,eb2312,eb2312,7911.0,0.0,0.0,0.0,3,7371.0,8454.0,5,7911.0,0.0,0.0,0.0,0.0,0.0,9
2023-05-09 21:00:11,eb2312,eb2312,7911.0,0.0,0.0,0.0,1,7683.0,8288.0,1,7911.0,0.0,0.0,0.0,0.0,0.0,9
2023-05-09 21:00:12,eb2312,eb2312,7911.0,0.0,0.0,0.0,1,7683.0,8286.0,1,7911.0,0.0,0.0,0.0,0.0,0.0,9
2023-05-09 21:00:13,eb2312,eb2312,7911.0,0.0,0.0,0.0,6,7684.0,8285.0,1,7911.0,0.0,0.0,0.0,0.0,0.0,9
2023-05-09 21:00:14,eb2312,eb2312,7911.0,0.0,0.0,0.0,9,7684.0,8283.0,1,7911.0,0.0,0.0,0.0,0.0,0.0,9
2023-05-09 21:00:16,eb2312,eb2312,7911.0,0.0,0.0,0.0,9,7684.0,8282.0,1,7911.0,0.0,0.0,0.0,0.0,0.0,9
2023-05-09 21:00:16,eb2312,eb2312,7911.0,0.0,0.0,0.0,9,7684.0,8280.0,1,7911.0,0.0,0.0,0.0,0.0,0.0,9
2023-05-09 21:00:22,eb2312,eb2312,7911.0,0.0,0.0,0.0,9,7684.0,8279.0,1,7911.0,0.0,0.0,0.0,0.0,0.0,9
2023-05-09 21:00:23,eb2312,eb2312,7911.0,0.0,0.0,0.0,9,7684.0,8277.0,1,7911.0,0.0,0.0,0.0,0.0,0.0,9
2023-05-09 21:00:25,eb2312,eb2312,7911.0,0.0,0.0,0.0,9,7684.0,8276.0,1,7911.0,0.0,0.0,0.0,0.0,0.0,9
2023-05-09 21:00:26,eb2312,eb2312,7911.0,0.0,0.0,0.0,5,7684.0,8274.0,1,7911.0,0.0,0.0,0.0,0.0,0.0,9
2023-05-09 21:00:28,eb2312,eb2312,7911.0,0.0,0.0,0.0,4,7685.0,8273.0,5,7911.0,0.0,0.0,0.0,0.0,0.0,9
2023-05-09 21:00:28,eb2312,eb2312,7911.0,0.0,0.0,0.0,5,7686.0,8271.0,1,7911.0,0.0,0.0,0.0,0.0,0.0,9
2023-05-09 21:00:31,eb2312,eb2312,7911.0,0.0,0.0,0.0,4,7687.0,8270.0,5,7911.0,0.0,0.0,0.0,0.0,0.0,9
2023-05-09 21:00:31,eb2312,eb2312,7911.0,0.0,0.0,0.0,5,7688.0,8268.0,1,7911.0,0.0,0.0,0.0,0.0,0.0,9
2023-05-09 21:00:32,eb2312,eb2312,7911.0,0.0,0.0,0.0,1,7689.0,8268.0,1,7911.0,0.0,0.0,0.0,0.0,0.0,9
2023-05-09 21:00:34,eb2312,eb2312,7911.0,0.0,0.0,0.0,4,7690.0,8267.0,5,7911.0,0.0,0.0,0.0,0.0,0.0,9
2023-05-09 21:00:34,eb2312,eb2312,7911.0,0.0,0.0,0.0,9,7690.0,8265.0,1,7911.0,0.0,0.0,0.0,0.0,0.0,9
2023-05-09 21:00:34,eb2312,eb2312,7911.0,0.0,0.0,0.0,10,7690.0,8265.0,2,7911.0,0.0,0.0,0.0,0.0,0.0,9
2023-05-09 21:00:35,eb2312,eb2312,7911.0,0.0,0.0,0.0,1,7691.0,8265.0,2,7911.0,0.0,0.0,0.0,0.0,0.0,9
2023-05-09 21:00:35,eb2312,eb2312,7911.0,0.0,0.0,0.0,5,7692.0,8264.0,1,7911.0,0.0,0.0,0.0,0.0,0.0,9
2023-05-09 21:00:36,eb2312,eb2312,7911.0,0.0,0.0,0.0,5,7692.0,8262.0,1,7911.0,0.0,0.0,0.0,0.0,0.0,9
2023-05-09 21:00:37,eb2312,eb2312,7911.0,0.0,0.0,0.0,4,7693.0,8261.0,4,7911.0,0.0,0.0,0.0,0.0,0.0,9
2023-05-09 21:00:37,eb2312,eb2312,7911.0,0.0,0.0,0.0,5,7694.0,8259.0,1,7911.0,0.0,0.0,0.0,0.0,0.0,9
2023-05-09 21:00:38,eb2312,eb2312,7911.0,0.0,0.0,0.0,1,7695.0,8259.0,1,7911.0,0.0,0.0,0.0,0.0,0.0,9
2023-05-09 21:00:39,eb2312,eb2312,7911.0,0.0,0.0,0.0,5,7696.0,8258.0,2,7911.0,0.0,0.0,0.0,0.0,0.0,9
2023-05-09 21:00:39,eb2312,eb2312,7911.0,0.0,0.0,0.0,1,7697.0,8256.0,1,7911.0,0.0,0.0,0.0,0.0,0.0,9
2023-05-09 21:00:40,eb2312,eb2312,7911.0,0.0,0.0,0.0,5,7698.0,8256.0,1,7911.0,0.0,0.0,0.0,0.0,0.0,9
2023-05-09 21:00:40,eb2312,eb2312,7911.0,0.0,0.0,0.0,5,7698.0,8255.0,1,7911.0,0.0,0.0,0.0,0.0,0.0,9
2023-05-09 21:00:41,eb2312,eb2312,7911.0,0.0,0.0,0.0,5,7698.0,8253.0,1,7911.0,0.0,0.0,0.0,0.0,0.0,9
2023-05-09 21:00:41,eb2312,eb2312,7911.0,0.0,0.0,0.0,1,7699.0,8253.0,1,7911.0,0.0,0.0,0.0,0.0,0.0,9
2023-05-09 21:00:42,eb2312,eb2312,7911.0,0.0,0.0,0.0,5,7700.0,8252.0,1,7911.0,0.0,0.0,0.0,0.0,0.0,9
2023-05-09 21:00:42,eb2312,eb2312,7911.0,0.0,0.0,0.0,6,7700.0,8250.0,1,7911.0,0.0,0.0,0.0,0.0,0.0,9
2023-05-09 21:00:43,eb2312,eb2312,7911.0,0.0,0.0,0.0,4,7701.0,8249.0,3,7911.0,0.0,0.0,0.0,0.0,0.0,9
2023-05-09 21:00:43,eb2312,eb2312,7911.0,0.0,0.0,0.0,5,7702.0,8247.0,1,7911.0,0.0,0.0,0.0,0.0,0.0,9
2023-05-09 21:00:44,eb2312,eb2312,7911.0,0.0,0.0,0.0,1,7703.0,8247.0,1,7911.0,0.0,0.0,0.0,0.0,0.0,9
2023-05-09 21:00:44,eb2312,eb2312,7911.0,0.0,0.0,0.0,5,7704.0,8247.0,1,7911.0,0.0,0.0,0.0,0.0,0.0,9
2023-05-09 21:00:44,eb2312,eb2312,7911.0,0.0,0.0,0.0,5,7704.0,8246.0,1,7911.0,0.0,0.0,0.0,0.0,0.0,9
2023-05-09 21:00:45,eb2312,eb2312,7911.0,0.0,0.0,0.0,1,7705.0,8244.0,1,7911.0,0.0,0.0,0.0,0.0,0.0,9
2023-05-09 21:00:46,eb2312,eb2312,7911.0,0.0,0.0,0.0,7,7706.0,8243.0,3,7911.0,0.0,0.0,0.0,0.0,0.0,9
2023-05-09 21:00:46,eb2312,eb2312,7911.0,0.0,0.0,0.0,7,7706.0,8241.0,1,7911.0,0.0,0.0,0.0,0.0,0.0,9
2023-05-09 21:00:47,eb2312,eb2312,7911.0,0.0,0.0,0.0,1,7707.0,8241.0,1,7911.0,0.0,0.0,0.0,0.0,0.0,9
2023-05-09 21:00:48,eb2312,eb2312,7911.0,0.0,0.0,0.0,5,7708.0,8240.0,1,7911.0,0.0,0.0,0.0,0.0,0.0,9
2023-05-09 21:00:48,eb2312,eb2312,7911.0,0.0,0.0,0.0,1,7709.0,8239.0,4,7911.0,0.0,0.0,0.0,0.0,0.0,9
2023-05-09 21:00:49,eb2312,eb2312,7911.0,0.0,0.0,0.0,5,7710.0,8239.0,5,7911.0,0.0,0.0,0.0,0.0,0.0,9
2023-05-09 21:00:49,eb2312,eb2312,7911.0,0.0,0.0,0.0,9,7710.0,8238.0,4,7911.0,0.0,0.0,0.0,0.0,0.0,9
2023-05-09 21:00:50,eb2312,eb2312,7911.0,0.0,0.0,0.0,1,7711.0,8238.0,4,7911.0,0.0,0.0,0.0,0.0,0.0,9
2023-05-09 21:00:51,eb2312,eb2312,7911.0,0.0,0.0,0.0,5,7712.0,8237.0,1,7911.0,0.0,0.0,0.0,0.0,0.0,9
2023-05-09 21:00:51,eb2312,eb2312,7911.0,0.0,0.0,0.0,1,7713.0,8236.0,3,7911.0,0.0,0.0,0.0,0.0,0.0,9
2023-05-09 21:00:51,eb2312,eb2312,7911.0,0.0,0.0,0.0,5,7714.0,8236.0,3,7911.0,0.0,0.0,0.0,0.0,0.0,9
2023-05-09 21:00:53,eb2312,eb2312,7911.0,0.0,0.0,0.0,3,7715.0,8235.0,3,7911.0,0.0,0.0,0.0,0.0,0.0,9
2023-05-09 21:00:53,eb2312,eb2312,7911.0,0.0,0.0,0.0,6,7716.0,8235.0,4,7911.0,0.0,0.0,0.0,0.0,0.0,9
2023-05-09 21:00:56,eb2312,eb2312,7911.0,0.0,0.0,0.0,5,7717.0,8234.0,5,7911.0,0.0,0.0,0.0,0.0,0.0,9
2023-05-09 21:00:56,eb2312,eb2312,7911.0,0.0,0.0,0.0,5,7718.0,8234.0,5,7911.0,0.0,0.0,0.0,0.0,0.0,9
2023-05-09 21:00:57,eb2312,eb2312,7911.0,0.0,0.0,0.0,1,7719.0,8233.0,2,7911.0,0.0,0.0,0.0,0.0,0.0,9
2023-05-09 21:00:57,eb2312,eb2312,7911.0,0.0,0.0,0.0,5,7720.0,8233.0,2,7911.0,0.0,0.0,0.0,0.0,0.0,9
2023-05-09 21:00:57,eb2312,eb2312,7911.0,0.0,0.0,0.0,5,7720.0,8233.0,3,7911.0,0.0,0.0,0.0,0.0,0.0,9
2023-05-09 21:00:58,eb2312,eb2312,7911.0,0.0,0.0,0.0,5,7720.0,8232.0,1,7911.0,0.0,0.0,0.0,0.0,0.0,9
2023-05-09 21:00:59,eb2312,eb2312,7911.0,0.0,0.0,0.0,5,7721.0,8232.0,8,7911.0,0.0,0.0,0.0,0.0,0.0,9
2023-05-09 21:00:59,eb2312,eb2312,7911.0,0.0,0.0,0.0,5,7722.0,8232.0,8,7911.0,0.0,0.0,0.0,0.0,0.0,9
2023-05-09 21:01:00,eb2312,eb2312,7911.0,0.0,0.0,0.0,5,7722.0,8231.0,1,7911.0,0.0,0.0,0.0,0.0,0.0,9
2023-05-09 21:01:00,eb2312,eb2312,7911.0,0.0,0.0,0.0,1,7723.0,8230.0,1,7911.0,0.0,0.0,0.0,0.0,0.0,9
2023-05-09 21:01:01,eb2312,eb2312,7911.0,0.0,0.0,0.0,5,7724.0,8230.0,1,7911.0,0.0,0.0,0.0,0.0,0.0,9
2023-05-09 21:01:01,eb2312,eb2312,7911.0,0.0,0.0,0.0,5,7724.0,8229.0,2,7911.0,0.0,0.0,0.0,0.0,0.0,9
2023-05-09 21:01:02,eb2312,eb2312,7911.0,0.0,0.0,0.0,5,7725.0,8228.0,4,7911.0,0.0,0.0,0.0,0.0,0.0,9
2023-05-09 21:01:02,eb2312,eb2312,7911.0,0.0,0.0,0.0,5,7726.0,8228.0,4,7911.0,0.0,0.0,0.0,0.0,0.0,9
2023-05-09 21:01:03,eb2312,eb2312,7911.0,0.0,0.0,0.0,5,7726.0,8227.0,1,7911.0,0.0,0.0,0.0,0.0,0.0,9
2023-05-09 21:01:03,eb2312,eb2312,7911.0,0.0,0.0,0.0,1,7727.0,8226.0,2,7911.0,0.0,0.0,0.0,0.0,0.0,9
2023-05-09 21:01:04,eb2312,eb2312,7911.0,0.0,0.0,0.0,5,7728.0,8226.0,2,7911.0,0.0,0.0,0.0,0.0,0.0,9
2023-05-09 21:01:04,eb2312,eb2312,7911.0,0.0,0.0,0.0,1,7729.0,8225.0,2,7911.0,0.0,0.0,0.0,0.0,0.0,9
2023-05-09 21:01:05,eb2312,eb2312,7911.0,0.0,0.0,0.0,8,7730.0,8224.0,2,7911.0,0.0,0.0,0.0,0.0,0.0,9
2023-05-09 21:01:05,eb2312,eb2312,7911.0,0.0,0.0,0.0,9,7730.0,8224.0,3,7911.0,0.0,0.0,0.0,0.0,0.0,9
2023-05-09 21:01:06,eb2312,eb2312,7911.0,0.0,0.0,0.0,9,7730.0,8223.0,1,7911.0,0.0,0.0,0.0,0.0,0.0,9
2023-05-09 21:01:06,eb2312,eb2312,7911.0,0.0,0.0,0.0,1,7731.0,8222.0,2,7911.0,0.0,0.0,0.0,0.0,0.0,9
2023-05-09 21:01:06,eb2312,eb2312,7911.0,0.0,0.0,0.0,5,7732.0,8222.0,2,7911.0,0.0,0.0,0.0,0.0,0.0,9
2023-05-09 21:01:07,eb2312,eb2312,7911.0,0.0,0.0,0.0,6,7732.0,8221.0,2,7911.0,0.0,0.0,0.0,0.0,0.0,9
2023-05-09 21:01:08,eb2312,eb2312,7911.0,0.0,0.0,0.0,4,7733.0,8220.0,2,7911.0,0.0,0.0,0.0,0.0,0.0,9
2023-05-09 21:01:08,eb2312,eb2312,7911.0,0.0,0.0,0.0,5,7734.0,8220.0,2,7911.0,0.0,0.0,0.0,0.0,0.0,9
2023-05-09 21:01:09,eb2312,eb2312,7911.0,0.0,0.0,0.0,1,7735.0,8219.0,2,7911.0,0.0,0.0,0.0,0.0,0.0,9
2023-05-09 21:01:09,eb2312,eb2312,7911.0,0.0,0.0,0.0,5,7736.0,8219.0,2,7911.0,0.0,0.0,0.0,0.0,0.0,9
2023-05-09 21:01:10,eb2312,eb2312,7911.0,0.0,0.0,0.0,5,7736.0,8219.0,3,7911.0,0.0,0.0,0.0,0.0,0.0,9
2023-05-09 21:01:11,eb2312,eb2312,7911.0,0.0,0.0,0.0,6,7737.0,8218.0,6,7911.0,0.0,0.0,0.0,0.0,0.0,9
2023-05-09 21:01:12,eb2312,eb2312,7911.0,0.0,0.0,0.0,5,7738.0,8218.0,6,7911.0,0.0,0.0,0.0,0.0,0.0,9
2023-05-09 21:01:12,eb2312,eb2312,7911.0,0.0,0.0,0.0,1,7739.0,8218.0,6,7911.0,0.0,0.0,0.0,0.0,0.0,9
2023-05-09 21:01:12,eb2312,eb2312,7911.0,0.0,0.0,0.0,5,7740.0,8217.0,2,7911.0,0.0,0.0,0.0,0.0,0.0,9
2023-05-09 21:01:13,eb2312,eb2312,7911.0,0.0,0.0,0.0,5,7740.0,8217.0,3,7911.0,0.0,0.0,0.0,0.0,0.0,9
2023-05-09 21:01:15,eb2312,eb2312,7911.0,0.0,0.0,0.0,5,7741.0,8216.0,6,7911.0,0.0,0.0,0.0,0.0,0.0,9
2023-05-09 21:01:15,eb2312,eb2312,7911.0,0.0,0.0,0.0,5,7742.0,8216.0,6,7911.0,0.0,0.0,0.0,0.0,0.0,9
2023-05-09 21:01:16,eb2312,eb2312,7911.0,0.0,0.0,0.0,5,7742.0,8215.0,2,7911.0,0.0,0.0,0.0,0.0,0.0,9
2023-05-09 21:01:16,eb2312,eb2312,7911.0,0.0,0.0,0.0,5,7742.0,8215.0,3,7911.0,0.0,0.0,0.0,0.0,0.0,9
2023-05-09 21:01:18,eb2312,eb2312,7911.0,0.0,0.0,0.0,6,7743.0,8214.0,6,7911.0,0.0,0.0,0.0,0.0,0.0,9
2023-05-09 21:01:18,eb2312,eb2312,7911.0,0.0,0.0,0.0,6,7744.0,8214.0,7,7911.0,0.0,0.0,0.0,0.0,0.0,9
2023-05-09 21:01:18,eb2312,eb2312,7911.0,0.0,0.0,0.0,6,7744.0,8213.0,3,7911.0,0.0,0.0,0.0,0.0,0.0,9
2023-05-09 21:01:21,eb2312,eb2312,7911.0,0.0,0.0,0.0,5,7745.0,8212.0,8,7911.0,0.0,0.0,0.0,0.0,0.0,9
2023-05-09 21:01:21,eb2312,eb2312,7911.0,0.0,0.0,0.0,5,7746.0,8212.0,8,7911.0,0.0,0.0,0.0,0.0,0.0,9
2023-05-09 21:01:22,eb2312,eb2312,7911.0,0.0,0.0,0.0,1,7747.0,8211.0,3,7911.0,0.0,0.0,0.0,0.0,0.0,9
2023-05-09 21:01:22,eb2312,eb2312,7911.0,0.0,0.0,0.0,5,7748.0,8211.0,3,7911.0,0.0,0.0,0.0,0.0,0.0,9
2023-05-09 21:01:24,eb2312,eb2312,7911.0,0.0,0.0,0.0,5,7749.0,8210.0,6,7911.0,0.0,0.0,0.0,0.0,0.0,9
2023-05-09 21:01:24,eb2312,eb2312,7911.0,0.0,0.0,0.0,7,7750.0,8210.0,6,7911.0,0.0,0.0,0.0,0.0,0.0,9
2023-05-09 21:01:25,eb2312,eb2312,7911.0,0.0,0.0,0.0,1,7751.0,8209.0,3,7911.0,0.0,0.0,0.0,0.0,0.0,9
2023-05-09 21:01:25,eb2312,eb2312,7911.0,0.0,0.0,0.0,5,7752.0,8209.0,3,7911.0,0.0,0.0,0.0,0.0,0.0,9
2023-05-09 21:01:27,eb2312,eb2312,7911.0,0.0,0.0,0.0,3,7753.0,8208.0,6,7911.0,0.0,0.0,0.0,0.0,0.0,9
2023-05-09 21:01:27,eb2312,eb2312,7911.0,0.0,0.0,0.0,7,7754.0,8208.0,6,7911.0,0.0,0.0,0.0,0.0,0.0,9
2023-05-09 21:01:27,eb2312,eb2312,7911.0,0.0,0.0,0.0,7,7754.0,8207.0,3,7911.0,0.0,0.0,0.0,0.0,0.0,9
2023-05-09 21:01:28,eb2312,eb2312,7911.0,0.0,0.0,0.0,9,7754.0,8207.0,3,7911.0,0.0,0.0,0.0,0.0,0.0,9
2023-05-09 21:01:29,eb2312,eb2312,7911.0,0.0,0.0,0.0,9,7754.0,8206.0,2,7911.0,0.0,0.0,0.0,0.0,0.0,9
2023-05-09 21:01:30,eb2312,eb2312,7911.0,0.0,0.0,0.0,3,7755.0,8205.0,2,7911.0,0.0,0.0,0.0,0.0,0.0,9
2023-05-09 21:01:30,eb2312,eb2312,7911.0,0.0,0.0,0.0,5,7756.0,8205.0,3,7911.0,0.0,0.0,0.0,0.0,0.0,9
2023-05-09 21:01:30,eb2312,eb2312,7911.0,0.0,0.0,0.0,2,7757.0,8204.0,2,7911.0,0.0,0.0,0.0,0.0,0.0,9
2023-05-09 21:01:31,eb2312,eb2312,7911.0,0.0,0.0,0.0,5,7758.0,8204.0,2,7911.0,0.0,0.0,0.0,0.0,0.0,9
2023-05-09 21:01:31,eb2312,eb2312,7911.0,0.0,0.0,0.0,5,7758.0,8203.0,1,7911.0,0.0,0.0,0.0,0.0,0.0,9
2023-05-09 21:01:32,eb2312,eb2312,7911.0,0.0,0.0,0.0,7,7758.0,8203.0,3,7911.0,0.0,0.0,0.0,0.0,0.0,9
2023-05-09 21:01:33,eb2312,eb2312,7911.0,0.0,0.0,0.0,3,7759.0,8202.0,6,7911.0,0.0,0.0,0.0,0.0,0.0,9
2023-05-09 21:01:33,eb2312,eb2312,7911.0,0.0,0.0,0.0,5,7760.0,8202.0,6,7911.0,0.0,0.0,0.0,0.0,0.0,9
2023-05-09 21:01:34,eb2312,eb2312,7911.0,0.0,0.0,0.0,2,7761.0,8201.0,3,7911.0,0.0,0.0,0.0,0.0,0.0,9
2023-05-09 21:01:34,eb2312,eb2312,7911.0,0.0,0.0,0.0,5,7762.0,8201.0,3,7911.0,0.0,0.0,0.0,0.0,0.0,9
2023-05-09 21:01:35,eb2312,eb2312,7911.0,0.0,0.0,0.0,7,7762.0,8200.0,3,7911.0,0.0,0.0,0.0,0.0,0.0,9
2023-05-09 21:01:36,eb2312,eb2312,7911.0,0.0,0.0,0.0,3,7763.0,8199.0,5,7911.0,0.0,0.0,0.0,0.0,0.0,9
2023-05-09 21:01:36,eb2312,eb2312,7911.0,0.0,0.0,0.0,5,7764.0,8199.0,6,7911.0,0.0,0.0,0.0,0.0,0.0,9
2023-05-09 21:01:38,eb2312,eb2312,7911.0,0.0,0.0,0.0,2,7765.0,8198.0,2,7911.0,0.0,0.0,0.0,0.0,0.0,9
2023-05-09 21:01:38,eb2312,eb2312,7911.0,0.0,0.0,0.0,5,7766.0,8197.0,1,7911.0,0.0,0.0,0.0,0.0,0.0,9
2023-05-09 21:01:38,eb2312,eb2312,7911.0,0.0,0.0,0.0,5,7766.0,8196.0,1,7911.0,0.0,0.0,0.0,0.0,0.0,9
2023-05-09 21:01:40,eb2312,eb2312,7911.0,0.0,0.0,0.0,3,7767.0,8195.0,5,7911.0,0.0,0.0,0.0,0.0,0.0,9
2023-05-09 21:01:40,eb2312,eb2312,7911.0,0.0,0.0,0.0,5,7768.0,8195.0,5,7911.0,0.0,0.0,0.0,0.0,0.0,9
2023-05-09 21:01:41,eb2312,eb2312,7911.0,0.0,0.0,0.0,5,7768.0,8194.0,1,7911.0,0.0,0.0,0.0,0.0,0.0,9
2023-05-09 21:01:41,eb2312,eb2312,7911.0,0.0,0.0,0.0,2,7769.0,8193.0,3,7911.0,0.0,0.0,0.0,0.0,0.0,9
2023-05-09 21:01:41,eb2312,eb2312,7911.0,0.0,0.0,0.0,5,7770.0,8193.0,3,7911.0,0.0,0.0,0.0,0.0,0.0,9
2023-05-09 21:01:42,eb2312,eb2312,7911.0,0.0,0.0,0.0,5,7770.0,8192.0,2,7911.0,0.0,0.0,0.0,0.0,0.0,9
2023-05-09 21:01:43,eb2312,eb2312,7911.0,0.0,0.0,0.0,2,7771.0,8191.0,5,7911.0,0.0,0.0,0.0,0.0,0.0,9
2023-05-09 21:01:43,eb2312,eb2312,7911.0,0.0,0.0,0.0,5,7772.0,8191.0,5,7911.0,0.0,0.0,0.0,0.0,0.0,9
2023-05-09 21:01:44,eb2312,eb2312,7911.0,0.0,0.0,0.0,5,7772.0,8190.0,1,7911.0,0.0,0.0,0.0,0.0,0.0,9
2023-05-09 21:01:44,eb2312,eb2312,7911.0,0.0,0.0,0.0,2,7773.0,8189.0,3,7911.0,0.0,0.0,0.0,0.0,0.0,9
2023-05-09 21:01:45,eb2312,eb2312,7911.0,0.0,0.0,0.0,5,7774.0,8189.0,4,7911.0,0.0,0.0,0.0,0.0,0.0,9
2023-05-09 21:01:45,eb2312,eb2312,7911.0,0.0,0.0,0.0,5,7774.0,8188.0,2,7911.0,0.0,0.0,0.0,0.0,0.0,9
2023-05-09 21:01:46,eb2312,eb2312,7911.0,0.0,0.0,0.0,2,7775.0,8187.0,3,7911.0,0.0,0.0,0.0,0.0,0.0,9
2023-05-09 21:01:46,eb2312,eb2312,7911.0,0.0,0.0,0.0,5,7776.0,8187.0,3,7911.0,0.0,0.0,0.0,0.0,0.0,9
2023-05-09 21:01:47,eb2312,eb2312,7911.0,0.0,0.0,0.0,5,7776.0,8186.0,1,7911.0,0.0,0.0,0.0,0.0,0.0,9
2023-05-09 21:01:47,eb2312,eb2312,7911.0,0.0,0.0,0.0,2,7777.0,8185.0,3,7911.0,0.0,0.0,0.0,0.0,0.0,9
2023-05-09 21:01:48,eb2312,eb2312,7911.0,0.0,0.0,0.0,5,7778.0,8185.0,4,7911.0,0.0,0.0,0.0,0.0,0.0,9
2023-05-09 21:01:48,eb2312,eb2312,7911.0,0.0,0.0,0.0,5,7778.0,8184.0,3,7911.0,0.0,0.0,0.0,0.0,0.0,9
2023-05-09 21:01:49,eb2312,eb2312,7911.0,0.0,0.0,0.0,2,7779.0,8183.0,1,7911.0,0.0,0.0,0.0,0.0,0.0,9
2023-05-09 21:01:49,eb2312,eb2312,7911.0,0.0,0.0,0.0,5,7780.0,8183.0,1,7911.0,0.0,0.0,0.0,0.0,0.0,9
2023-05-09 21:01:49,eb2312,eb2312,7911.0,0.0,0.0,0.0,5,7780.0,8182.0,1,7911.0,0.0,0.0,0.0,0.0,0.0,9
2023-05-09 21:01:50,eb2312,eb2312,7911.0,0.0,0.0,0.0,2,7781.0,8181.0,2,7911.0,0.0,0.0,0.0,0.0,0.0,9
2023-05-09 21:01:50,eb2312,eb2312,7911.0,0.0,0.0,0.0,5,7782.0,8181.0,3,7911.0,0.0,0.0,0.0,0.0,0.0,9
2023-05-09 21:01:51,eb2312,eb2312,7911.0,0.0,0.0,0.0,5,7782.0,8180.0,3,7911.0,0.0,0.0,0.0,0.0,0.0,9
2023-05-09 21:01:52,eb2312,eb2312,7911.0,0.0,0.0,0.0,1,7783.0,8180.0,8,7911.0,0.0,0.0,0.0,0.0,0.0,9
2023-05-09 21:01:52,eb2312,eb2312,7911.0,0.0,0.0,0.0,5,7784.0,8180.0,10,7911.0,0.0,0.0,0.0,0.0,0.0,9
2023-05-09 21:01:53,eb2312,eb2312,7911.0,0.0,0.0,0.0,2,7785.0,8179.0,3,7911.0,0.0,0.0,0.0,0.0,0.0,9
2023-05-09 21:01:54,eb2312,eb2312,7911.0,0.0,0.0,0.0,5,7786.0,8179.0,3,7911.0,0.0,0.0,0.0,0.0,0.0,9
2023-05-09 21:01:54,eb2312,eb2312,7911.0,0.0,0.0,0.0,5,7786.0,8178.0,4,7911.0,0.0,0.0,0.0,0.0,0.0,9
2023-05-09 21:01:55,eb2312,eb2312,7911.0,0.0,0.0,0.0,1,7787.0,8177.0,2,7911.0,0.0,0.0,0.0,0.0,0.0,9
2023-05-09 21:01:55,eb2312,eb2312,7911.0,0.0,0.0,0.0,6,7788.0,8177.0,2,7911.0,0.0,0.0,0.0,0.0,0.0,9
2023-05-09 21:01:56,eb2312,eb2312,7911.0,0.0,0.0,0.0,6,7788.0,8176.0,1,7911.0,0.0,0.0,0.0,0.0,0.0,9
2023-05-09 21:01:56,eb2312,eb2312,7911.0,0.0,0.0,0.0,2,7789.0,8176.0,2,7911.0,0.0,0.0,0.0,0.0,0.0,9
2023-05-09 21:01:57,eb2312,eb2312,7911.0,0.0,0.0,0.0,5,7790.0,8175.0,1,7911.0,0.0,0.0,0.0,0.0,0.0,9
2023-05-09 21:01:57,eb2312,eb2312,7911.0,0.0,0.0,0.0,5,7790.0,8174.0,3,7911.0,0.0,0.0,0.0,0.0,0.0,9
2023-05-09 21:01:58,eb2312,eb2312,7911.0,0.0,0.0,0.0,1,7791.0,8173.0,4,7911.0,0.0,0.0,0.0,0.0,0.0,9
2023-05-09 21:01:58,eb2312,eb2312,7911.0,0.0,0.0,0.0,5,7792.0,8173.0,4,7911.0,0.0,0.0,0.0,0.0,0.0,9
2023-05-09 21:01:59,eb2312,eb2312,7911.0,0.0,0.0,0.0,1,7793.0,8172.0,1,7911.0,0.0,0.0,0.0,0.0,0.0,9
2023-05-09 21:01:59,eb2312,eb2312,7911.0,0.0,0.0,0.0,6,7794.0,8172.0,4,7911.0,0.0,0.0,0.0,0.0,0.0,9
2023-05-09 21:02:00,eb2312,eb2312,7911.0,0.0,0.0,0.0,6,7794.0,8171.0,3,7911.0,0.0,0.0,0.0,0.0,0.0,9
2023-05-09 21:02:00,eb2312,eb2312,7911.0,0.0,0.0,0.0,6,7794.0,8171.0,5,7911.0,0.0,0.0,0.0,0.0,0.0,9
2023-05-09 21:02:00,eb2312,eb2312,7911.0,0.0,0.0,0.0,2,7795.0,8170.0,3,7911.0,0.0,0.0,0.0,0.0,0.0,9
2023-05-09 21:02:01,eb2312,eb2312,7911.0,0.0,0.0,0.0,7,7796.0,8169.0,4,7911.0,0.0,0.0,0.0,0.0,0.0,9
2023-05-09 21:02:02,eb2312,eb2312,7911.0,0.0,0.0,0.0,3,7797.0,8168.0,2,7911.0,0.0,0.0,0.0,0.0,0.0,9
2023-05-09 21:02:02,eb2312,eb2312,7911.0,0.0,0.0,0.0,6,7798.0,8167.0,2,7911.0,0.0,0.0,0.0,0.0,0.0,9
2023-05-09 21:02:03,eb2312,eb2312,7911.0,0.0,0.0,0.0,2,7799.0,8166.0,4,7911.0,0.0,0.0,0.0,0.0,0.0,9
2023-05-09 21:02:03,eb2312,eb2312,7911.0,0.0,0.0,0.0,5,7800.0,8165.0,2,7911.0,0.0,0.0,0.0,0.0,0.0,9
2023-05-09 21:02:04,eb2312,eb2312,7911.0,0.0,0.0,0.0,2,7801.0,8164.0,2,7911.0,0.0,0.0,0.0,0.0,0.0,9
2023-05-09 21:02:04,eb2312,eb2312,7911.0,0.0,0.0,0.0,5,7802.0,8164.0,3,7911.0,0.0,0.0,0.0,0.0,0.0,9
2023-05-09 21:02:05,eb2312,eb2312,7911.0,0.0,0.0,0.0,1,7803.0,8163.0,4,7911.0,0.0,0.0,0.0,0.0,0.0,9
2023-05-09 21:02:05,eb2312,eb2312,7911.0,0.0,0.0,0.0,5,7804.0,8162.0,3,7911.0,0.0,0.0,0.0,0.0,0.0,9
2023-05-09 21:02:05,eb2312,eb2312,7911.0,0.0,0.0,0.0,5,7804.0,8162.0,6,7911.0,0.0,0.0,0.0,0.0,0.0,9
2023-05-09 21:02:06,eb2312,eb2312,7911.0,0.0,0.0,0.0,2,7805.0,8161.0,2,7911.0,0.0,0.0,0.0,0.0,0.0,9
2023-05-09 21:02:06,eb2312,eb2312,7911.0,0.0,0.0,0.0,5,7806.0,8161.0,2,7911.0,0.0,0.0,0.0,0.0,0.0,9
2023-05-09 21:02:07,eb2312,eb2312,7911.0,0.0,0.0,0.0,5,7806.0,8160.0,3,7911.0,0.0,0.0,0.0,0.0,0.0,9
2023-05-09 21:02:08,eb2312,eb2312,7911.0,0.0,0.0,0.0,5,7807.0,8159.0,2,7911.0,0.0,0.0,0.0,0.0,0.0,9
2023-05-09 21:02:08,eb2312,eb2312,7911.0,0.0,0.0,0.0,6,7808.0,8158.0,2,7911.0,0.0,0.0,0.0,0.0,0.0,9
2023-05-09 21:02:09,eb2312,eb2312,7911.0,0.0,0.0,0.0,6,7808.0,8157.0,4,7911.0,0.0,0.0,0.0,0.0,0.0,9
2023-05-09 21:02:09,eb2312,eb2312,7911.0,0.0,0.0,0.0,2,7809.0,8157.0,6,7911.0,0.0,0.0,0.0,0.0,0.0,9
2023-05-09 21:02:09,eb2312,eb2312,7911.0,0.0,0.0,0.0,5,7810.0,8157.0,6,7911.0,0.0,0.0,0.0,0.0,0.0,9
2023-05-09 21:02:11,eb2312,eb2312,7911.0,0.0,0.0,0.0,5,7811.0,8156.0,3,7911.0,0.0,0.0,0.0,0.0,0.0,9
2023-05-09 21:02:11,eb2312,eb2312,7911.0,0.0,0.0,0.0,6,7812.0,8156.0,3,7911.0,0.0,0.0,0.0,0.0,0.0,9
2023-05-09 21:02:12,eb2312,eb2312,7911.0,0.0,0.0,0.0,6,7812.0,8155.0,5,7911.0,0.0,0.0,0.0,0.0,0.0,9
2023-05-09 21:02:12,eb2312,eb2312,7911.0,0.0,0.0,0.0,2,7813.0,8155.0,5,7911.0,0.0,0.0,0.0,0.0,0.0,9
2023-05-09 21:02:12,eb2312,eb2312,7911.0,0.0,0.0,0.0,5,7814.0,8154.0,1,7911.0,0.0,0.0,0.0,0.0,0.0,9
2023-05-09 21:02:13,eb2312,eb2312,7911.0,0.0,0.0,0.0,2,7815.0,8153.0,2,7911.0,0.0,0.0,0.0,0.0,0.0,9
2023-05-09 21:02:14,eb2312,eb2312,7911.0,0.0,0.0,0.0,8,7816.0,8152.0,3,7911.0,0.0,0.0,0.0,0.0,0.0,9
2023-05-09 21:02:14,eb2312,eb2312,7911.0,0.0,0.0,0.0,1,7817.0,8152.0,3,7911.0,0.0,0.0,0.0,0.0,0.0,9
2023-05-09 21:02:15,eb2312,eb2312,7911.0,0.0,0.0,0.0,5,7818.0,8151.0,2,7911.0,0.0,0.0,0.0,0.0,0.0,9
2023-05-09 21:02:15,eb2312,eb2312,7911.0,0.0,0.0,0.0,5,7818.0,8151.0,5,7911.0,0.0,0.0,0.0,0.0,0.0,9
2023-05-09 21:02:15,eb2312,eb2312,7911.0,0.0,0.0,0.0,5,7818.0,8150.0,1,7911.0,0.0,0.0,0.0,0.0,0.0,9
2023-05-09 21:02:16,eb2312,eb2312,7911.0,0.0,0.0,0.0,2,7819.0,8150.0,1,7911.0,0.0,0.0,0.0,0.0,0.0,9
2023-05-09 21:02:16,eb2312,eb2312,7911.0,0.0,0.0,0.0,5,7820.0,8149.0,6,7911.0,0.0,0.0,0.0,0.0,0.0,9
2023-05-09 21:02:17,eb2312,eb2312,7911.0,0.0,0.0,0.0,6,7820.0,8149.0,6,7911.0,0.0,0.0,0.0,0.0,0.0,9
2023-05-09 21:02:18,eb2312,eb2312,7911.0,0.0,0.0,0.0,2,7821.0,8148.0,2,7911.0,0.0,0.0,0.0,0.0,0.0,9
2023-05-09 21:02:18,eb2312,eb2312,7911.0,0.0,0.0,0.0,5,7822.0,8148.0,2,7911.0,0.0,0.0,0.0,0.0,0.0,9
2023-05-09 21:02:18,eb2312,eb2312,7911.0,0.0,0.0,0.0,5,7822.0,8147.0,4,7911.0,0.0,0.0,0.0,0.0,0.0,9
2023-05-09 21:02:19,eb2312,eb2312,7911.0,0.0,0.0,0.0,2,7823.0,8147.0,5,7911.0,0.0,0.0,0.0,0.0,0.0,9
2023-05-09 21:02:19,eb2312,eb2312,7911.0,0.0,0.0,0.0,7,7824.0,8146.0,3,7911.0,0.0,0.0,0.0,0.0,0.0,9
2023-05-09 21:02:20,eb2312,eb2312,7911.0,0.0,0.0,0.0,3,7825.0,8145.0,2,7911.0,0.0,0.0,0.0,0.0,0.0,9
2023-05-09 21:02:21,eb2312,eb2312,7911.0,0.0,0.0,0.0,5,7826.0,8145.0,5,7911.0,0.0,0.0,0.0,0.0,0.0,9
2023-05-09 21:02:21,eb2312,eb2312,7911.0,0.0,0.0,0.0,2,7827.0,8144.0,1,7911.0,0.0,0.0,0.0,0.0,0.0,9
2023-05-09 21:02:22,eb2312,eb2312,7911.0,0.0,0.0,0.0,5,7828.0,8144.0,1,7911.0,0.0,0.0,0.0,0.0,0.0,9
2023-05-09 21:02:23,eb2312,eb2312,7911.0,0.0,0.0,0.0,5,7828.0,8143.0,3,7911.0,0.0,0.0,0.0,0.0,0.0,9
2023-05-09 21:02:23,eb2312,eb2312,7911.0,0.0,0.0,0.0,2,7829.0,8143.0,3,7911.0,0.0,0.0,0.0,0.0,0.0,9
2023-05-09 21:02:24,eb2312,eb2312,7911.0,0.0,0.0,0.0,5,7830.0,8142.0,3,7911.0,0.0,0.0,0.0,0.0,0.0,9
2023-05-09 21:02:24,eb2312,eb2312,7911.0,0.0,0.0,0.0,2,7831.0,8141.0,2,7911.0,0.0,0.0,0.0,0.0,0.0,9
2023-05-09 21:02:24,eb2312,eb2312,7911.0,0.0,0.0,0.0,5,7832.0,8140.0,1,7911.0,0.0,0.0,0.0,0.0,0.0,9
2023-05-09 21:02:25,eb2312,eb2312,7911.0,0.0,0.0,0.0,5,7832.0,8139.0,2,7911.0,0.0,0.0,0.0,0.0,0.0,9
2023-05-09 21:02:26,eb2312,eb2312,7911.0,0.0,0.0,0.0,2,7833.0,8139.0,5,7911.0,0.0,0.0,0.0,0.0,0.0,9
2023-05-09 21:02:26,eb2312,eb2312,7911.0,0.0,0.0,0.0,5,7834.0,8139.0,5,7911.0,0.0,0.0,0.0,0.0,0.0,9
2023-05-09 21:02:27,eb2312,eb2312,7911.0,0.0,0.0,0.0,3,7835.0,8138.0,4,7911.0,0.0,0.0,0.0,0.0,0.0,9
2023-05-09 21:02:27,eb2312,eb2312,7911.0,0.0,0.0,0.0,5,7836.0,8138.0,4,7911.0,0.0,0.0,0.0,0.0,0.0,9
2023-05-09 21:02:28,eb2312,eb2312,7911.0,0.0,0.0,0.0,1,7837.0,8137.0,1,7911.0,0.0,0.0,0.0,0.0,0.0,9
2023-05-09 21:02:28,eb2312,eb2312,7911.0,0.0,0.0,0.0,5,7838.0,8136.0,1,7911.0,0.0,0.0,0.0,0.0,0.0,9
2023-05-09 21:02:29,eb2312,eb2312,7911.0,0.0,0.0,0.0,5,7838.0,8135.0,1,7911.0,0.0,0.0,0.0,0.0,0.0,9
2023-05-09 21:02:30,eb2312,eb2312,7911.0,0.0,0.0,0.0,5,7839.0,8134.0,3,7911.0,0.0,0.0,0.0,0.0,0.0,9
2023-05-09 21:02:30,eb2312,eb2312,7911.0,0.0,0.0,0.0,5,7840.0,8134.0,5,7911.0,0.0,0.0,0.0,0.0,0.0,9
2023-05-09 21:02:30,eb2312,eb2312,7911.0,0.0,0.0,0.0,3,7841.0,8133.0,3,7911.0,0.0,0.0,0.0,0.0,0.0,9
2023-05-09 21:02:31,eb2312,eb2312,7911.0,0.0,0.0,0.0,5,7842.0,8132.0,1,7911.0,0.0,0.0,0.0,0.0,0.0,9
2023-05-09 21:02:32,eb2312,eb2312,7911.0,0.0,0.0,0.0,2,7843.0,8131.0,2,7911.0,0.0,0.0,0.0,0.0,0.0,9
2023-05-09 21:02:32,eb2312,eb2312,7911.0,0.0,0.0,0.0,5,7844.0,8131.0,3,7911.0,0.0,0.0,0.0,0.0,0.0,9
2023-05-09 21:02:33,eb2312,eb2312,7911.0,0.0,0.0,0.0,2,7845.0,8130.0,3,7911.0,0.0,0.0,0.0,0.0,0.0,9
2023-05-09 21:02:33,eb2312,eb2312,7911.0,0.0,0.0,0.0,5,7846.0,8129.0,2,7911.0,0.0,0.0,0.0,0.0,0.0,9
2023-05-09 21:02:34,eb2312,eb2312,7911.0,0.0,0.0,0.0,1,7847.0,8129.0,4,7911.0,0.0,0.0,0.0,0.0,0.0,9
2023-05-09 21:02:34,eb2312,eb2312,7911.0,0.0,0.0,0.0,9,7848.0,8128.0,3,7911.0,0.0,0.0,0.0,0.0,0.0,9
2023-05-09 21:02:35,eb2312,eb2312,7911.0,0.0,0.0,0.0,9,7848.0,8127.0,1,7911.0,0.0,0.0,0.0,0.0,0.0,9
2023-05-09 21:02:36,eb2312,eb2312,7911.0,0.0,0.0,0.0,1,7849.0,8126.0,2,7911.0,0.0,0.0,0.0,0.0,0.0,9
2023-05-09 21:02:36,eb2312,eb2312,7911.0,0.0,0.0,0.0,8,7850.0,8125.0,3,7911.0,0.0,0.0,0.0,0.0,0.0,9
2023-05-09 21:02:36,eb2312,eb2312,7911.0,0.0,0.0,0.0,1,7851.0,8125.0,3,7911.0,0.0,0.0,0.0,0.0,0.0,9
2023-05-09 21:02:37,eb2312,eb2312,7911.0,0.0,0.0,0.0,5,7852.0,8124.0,1,7911.0,0.0,0.0,0.0,0.0,0.0,9
2023-05-09 21:02:37,eb2312,eb2312,7911.0,0.0,0.0,0.0,7,7852.0,8124.0,3,7911.0,0.0,0.0,0.0,0.0,0.0,9
2023-05-09 21:02:38,eb2312,eb2312,7911.0,0.0,0.0,0.0,7,7852.0,8123.0,2,7911.0,0.0,0.0,0.0,0.0,0.0,9
2023-05-09 21:02:38,eb2312,eb2312,7911.0,0.0,0.0,0.0,1,7853.0,8123.0,4,7911.0,0.0,0.0,0.0,0.0,0.0,9
2023-05-09 21:02:39,eb2312,eb2312,7911.0,0.0,0.0,0.0,5,7854.0,8122.0,4,7911.0,0.0,0.0,0.0,0.0,0.0,9
2023-05-09 21:02:39,eb2312,eb2312,7911.0,0.0,0.0,0.0,7,7854.0,8122.0,4,7911.0,0.0,0.0,0.0,0.0,0.0,9
2023-05-09 21:02:40,eb2312,eb2312,7911.0,0.0,0.0,0.0,7,7854.0,8121.0,1,7911.0,0.0,0.0,0.0,0.0,0.0,9
2023-05-09 21:02:41,eb2312,eb2312,7911.0,0.0,0.0,0.0,7,7854.0,8120.0,2,7911.0,0.0,0.0,0.0,0.0,0.0,9
2023-05-09 21:02:41,eb2312,eb2312,7911.0,0.0,0.0,0.0,7,7854.0,8120.0,4,7911.0,0.0,0.0,0.0,0.0,0.0,9
2023-05-09 21:02:42,eb2312,eb2312,7911.0,0.0,0.0,0.0,7,7854.0,8119.0,3,7911.0,0.0,0.0,0.0,0.0,0.0,9
2023-05-09 21:02:42,eb2312,eb2312,7911.0,0.0,0.0,0.0,1,7855.0,8118.0,2,7911.0,0.0,0.0,0.0,0.0,0.0,9
2023-05-09 21:02:43,eb2312,eb2312,7911.0,0.0,0.0,0.0,7,7856.0,8117.0,3,7911.0,0.0,0.0,0.0,0.0,0.0,9
2023-05-09 21:02:47,eb2312,eb2312,7911.0,0.0,0.0,0.0,1,7857.0,8116.0,6,7911.0,0.0,0.0,0.0,0.0,0.0,9
2023-05-09 21:02:47,eb2312,eb2312,7911.0,0.0,0.0,0.0,7,7858.0,8115.0,3,7911.0,0.0,0.0,0.0,0.0,0.0,9
2023-05-09 21:02:50,eb2312,eb2312,7911.0,0.0,0.0,0.0,1,7859.0,8114.0,6,7911.0,0.0,0.0,0.0,0.0,0.0,9
2023-05-09 21:02:50,eb2312,eb2312,7911.0,0.0,0.0,0.0,7,7860.0,8113.0,3,7911.0,0.0,0.0,0.0,0.0,0.0,9
2023-05-09 21:02:53,eb2312,eb2312,7911.0,0.0,0.0,0.0,7,7860.0,8112.0,1,7911.0,0.0,0.0,0.0,0.0,0.0,9
2023-05-09 21:02:53,eb2312,eb2312,7911.0,0.0,0.0,0.0,7,7860.0,8111.0,3,7911.0,0.0,0.0,0.0,0.0,0.0,9
2023-05-09 21:02:54,eb2312,eb2312,7911.0,0.0,0.0,0.0,1,7861.0,8110.0,5,7911.0,0.0,0.0,0.0,0.0,0.0,9
2023-05-09 21:02:55,eb2312,eb2312,7911.0,0.0,0.0,0.0,7,7862.0,8109.0,3,7911.0,0.0,0.0,0.0,0.0,0.0,9
2023-05-09 21:02:56,eb2312,eb2312,7911.0,0.0,0.0,0.0,7,7862.0,8108.0,1,7911.0,0.0,0.0,0.0,0.0,0.0,9
2023-05-09 21:02:56,eb2312,eb2312,7911.0,0.0,0.0,0.0,7,7862.0,8107.0,3,7911.0,0.0,0.0,0.0,0.0,0.0,9
2023-05-09 21:02:57,eb2312,eb2312,7911.0,0.0,0.0,0.0,1,7863.0,8106.0,5,7911.0,0.0,0.0,0.0,0.0,0.0,9
2023-05-09 21:02:58,eb2312,eb2312,7911.0,0.0,0.0,0.0,7,7864.0,8105.0,3,7911.0,0.0,0.0,0.0,0.0,0.0,9
2023-05-09 21:02:59,eb2312,eb2312,7911.0,0.0,0.0,0.0,7,7864.0,8104.0,1,7911.0,0.0,0.0,0.0,0.0,0.0,9
2023-05-09 21:02:59,eb2312,eb2312,7911.0,0.0,0.0,0.0,7,7864.0,8103.0,3,7911.0,0.0,0.0,0.0,0.0,0.0,9
2023-05-09 21:03:00,eb2312,eb2312,7911.0,0.0,0.0,0.0,1,7865.0,8102.0,5,7911.0,0.0,0.0,0.0,0.0,0.0,9
2023-05-09 21:03:01,eb2312,eb2312,7911.0,0.0,0.0,0.0,5,7866.0,8101.0,2,7911.0,0.0,0.0,0.0,0.0,0.0,9
2023-05-09 21:03:01,eb2312,eb2312,7911.0,0.0,0.0,0.0,7,7866.0,8101.0,4,7911.0,0.0,0.0,0.0,0.0,0.0,9
2023-05-09 21:03:02,eb2312,eb2312,7911.0,0.0,0.0,0.0,7,7866.0,8100.0,1,7911.0,0.0,0.0,0.0,0.0,0.0,9
2023-05-09 21:03:03,eb2312,eb2312,7911.0,0.0,0.0,0.0,7,7866.0,8099.0,4,7911.0,0.0,0.0,0.0,0.0,0.0,9
2023-05-09 21:03:03,eb2312,eb2312,7911.0,0.0,0.0,0.0,1,7867.0,8098.0,3,7911.0,0.0,0.0,0.0,0.0,0.0,9
2023-05-09 21:03:04,eb2312,eb2312,7911.0,0.0,0.0,0.0,7,7868.0,8097.0,2,7911.0,0.0,0.0,0.0,0.0,0.0,9
2023-05-09 21:03:04,eb2312,eb2312,7911.0,0.0,0.0,0.0,7,7868.0,8096.0,1,7911.0,0.0,0.0,0.0,0.0,0.0,9
2023-05-09 21:03:06,eb2312,eb2312,7911.0,0.0,0.0,0.0,7,7868.0,8095.0,4,7911.0,0.0,0.0,0.0,0.0,0.0,9
2023-05-09 21:03:06,eb2312,eb2312,7911.0,0.0,0.0,0.0,1,7869.0,8094.0,1,7911.0,0.0,0.0,0.0,0.0,0.0,9
2023-05-09 21:03:07,eb2312,eb2312,7911.0,0.0,0.0,0.0,7,7870.0,8093.0,2,7911.0,0.0,0.0,0.0,0.0,0.0,9
2023-05-09 21:03:07,eb2312,eb2312,7911.0,0.0,0.0,0.0,7,7870.0,8092.0,1,7911.0,0.0,0.0,0.0,0.0,0.0,9
2023-05-09 21:03:08,eb2312,eb2312,7911.0,0.0,0.0,0.0,7,7870.0,8091.0,1,7911.0,0.0,0.0,0.0,0.0,0.0,9
2023-05-09 21:03:08,eb2312,eb2312,7911.0,0.0,0.0,0.0,7,7870.0,8091.0,5,7911.0,0.0,0.0,0.0,0.0,0.0,9
2023-05-09 21:03:09,eb2312,eb2312,7911.0,0.0,0.0,0.0,7,7870.0,8090.0,3,7911.0,0.0,0.0,0.0,0.0,0.0,9
2023-05-09 21:03:10,eb2312,eb2312,7911.0,0.0,0.0,0.0,7,7870.0,8089.0,2,7911.0,0.0,0.0,0.0,0.0,0.0,9
2023-05-09 21:03:11,eb2312,eb2312,7911.0,0.0,0.0,0.0,7,7870.0,8088.0,2,7911.0,0.0,0.0,0.0,0.0,0.0,9
2023-05-09 21:03:12,eb2312,eb2312,7911.0,0.0,0.0,0.0,7,7870.0,8087.0,2,7911.0,0.0,0.0,0.0,0.0,0.0,9
2023-05-09 21:03:12,eb2312,eb2312,7911.0,0.0,0.0,0.0,7,7870.0,8086.0,4,7911.0,0.0,0.0,0.0,0.0,0.0,9
2023-05-09 21:03:14,eb2312,eb2312,7911.0,0.0,0.0,0.0,7,7870.0,8085.0,2,7911.0,0.0,0.0,0.0,0.0,0.0,9
2023-05-09 21:03:14,eb2312,eb2312,7911.0,0.0,0.0,0.0,7,7870.0,8085.0,4,7911.0,0.0,0.0,0.0,0.0,0.0,9
2023-05-09 21:03:15,eb2312,eb2312,7911.0,0.0,0.0,0.0,7,7870.0,8084.0,4,7911.0,0.0,0.0,0.0,0.0,0.0,9
2023-05-09 21:03:17,eb2312,eb2312,7911.0,0.0,0.0,0.0,7,7870.0,8083.0,2,7911.0,0.0,0.0,0.0,0.0,0.0,9
2023-05-09 21:03:17,eb2312,eb2312,7911.0,0.0,0.0,0.0,7,7870.0,8083.0,4,7911.0,0.0,0.0,0.0,0.0,0.0,9
2023-05-09 21:03:18,eb2312,eb2312,7911.0,0.0,0.0,0.0,7,7870.0,8082.0,4,7911.0,0.0,0.0,0.0,0.0,0.0,9
2023-05-09 21:03:20,eb2312,eb2312,7911.0,0.0,0.0,0.0,8,7870.0,8081.0,3,7911.0,0.0,0.0,0.0,0.0,0.0,9
2023-05-09 21:03:20,eb2312,eb2312,7911.0,0.0,0.0,0.0,8,7870.0,8080.0,1,7911.0,0.0,0.0,0.0,0.0,0.0,9
2023-05-09 21:03:21,eb2312,eb2312,7911.0,0.0,0.0,0.0,8,7870.0,8080.0,5,7911.0,0.0,0.0,0.0,0.0,0.0,9
2023-05-09 21:03:23,eb2312,eb2312,7911.0,0.0,0.0,0.0,7,7870.0,8079.0,1,7911.0,0.0,0.0,0.0,0.0,0.0,9
2023-05-09 21:03:23,eb2312,eb2312,7911.0,0.0,0.0,0.0,1,7871.0,8079.0,3,7911.0,0.0,0.0,0.0,0.0,0.0,9
2023-05-09 21:03:23,eb2312,eb2312,7911.0,0.0,0.0,0.0,5,7872.0,8078.0,2,7911.0,0.0,0.0,0.0,0.0,0.0,9
2023-05-09 21:03:24,eb2312,eb2312,7911.0,0.0,0.0,0.0,7,7872.0,8077.0,2,7911.0,0.0,0.0,0.0,0.0,0.0,9
2023-05-09 21:03:25,eb2312,eb2312,7911.0,0.0,0.0,0.0,7,7872.0,8076.0,3,7911.0,0.0,0.0,0.0,0.0,0.0,9
2023-05-09 21:03:26,eb2312,eb2312,7911.0,0.0,0.0,0.0,7,7872.0,8075.0,2,7911.0,0.0,0.0,0.0,0.0,0.0,9
2023-05-09 21:03:26,eb2312,eb2312,7911.0,0.0,0.0,0.0,7,7872.0,8074.0,1,7911.0,0.0,0.0,0.0,0.0,0.0,9
2023-05-09 21:03:27,eb2312,eb2312,7911.0,0.0,0.0,0.0,7,7872.0,8074.0,3,7911.0,0.0,0.0,0.0,0.0,0.0,9
2023-05-09 21:03:28,eb2312,eb2312,7911.0,0.0,0.0,0.0,7,7872.0,8073.0,3,7911.0,0.0,0.0,0.0,0.0,0.0,9
2023-05-09 21:03:29,eb2312,eb2312,7911.0,0.0,0.0,0.0,7,7872.0,8072.0,2,7911.0,0.0,0.0,0.0,0.0,0.0,9
2023-05-09 21:03:30,eb2312,eb2312,7911.0,0.0,0.0,0.0,7,7872.0,8071.0,1,7911.0,0.0,0.0,0.0,0.0,0.0,9
2023-05-09 21:03:34,eb2312,eb2312,7911.0,0.0,0.0,0.0,7,7872.0,8070.0,5,7911.0,0.0,0.0,0.0,0.0,0.0,9
2023-05-09 21:03:35,eb2312,eb2312,7911.0,0.0,0.0,0.0,7,7872.0,8069.0,1,7911.0,0.0,0.0,0.0,0.0,0.0,9
2023-05-09 21:03:38,eb2312,eb2312,7911.0,0.0,0.0,0.0,7,7872.0,8068.0,5,7911.0,0.0,0.0,0.0,0.0,0.0,9
2023-05-09 21:03:39,eb2312,eb2312,7911.0,0.0,0.0,0.0,7,7872.0,8067.0,1,7911.0,0.0,0.0,0.0,0.0,0.0,9
2023-05-09 21:03:41,eb2312,eb2312,7911.0,0.0,0.0,0.0,7,7872.0,8066.0,2,7911.0,0.0,0.0,0.0,0.0,0.0,9
2023-05-09 21:03:41,eb2312,eb2312,7911.0,0.0,0.0,0.0,7,7872.0,8065.0,3,7911.0,0.0,0.0,0.0,0.0,0.0,9
2023-05-09 21:03:42,eb2312,eb2312,7911.0,0.0,0.0,0.0,7,7872.0,8064.0,1,7911.0,0.0,0.0,0.0,0.0,0.0,9
2023-05-09 21:03:45,eb2312,eb2312,7911.0,0.0,0.0,0.0,7,7872.0,8063.0,5,7911.0,0.0,0.0,0.0,0.0,0.0,9
2023-05-09 21:03:49,eb2312,eb2312,7911.0,0.0,0.0,0.0,7,7872.0,8062.0,1,7911.0,0.0,0.0,0.0,0.0,0.0,9
2023-05-09 21:03:50,eb2312,eb2312,7911.0,0.0,0.0,0.0,7,7872.0,8061.0,7,7911.0,0.0,0.0,0.0,0.0,0.0,9
2023-05-09 21:03:52,eb2312,eb2312,7911.0,0.0,0.0,0.0,7,7872.0,8061.0,8,7911.0,0.0,0.0,0.0,0.0,0.0,9
2023-05-09 21:03:52,eb2312,eb2312,7911.0,0.0,0.0,0.0,7,7872.0,8061.0,7,7911.0,0.0,0.0,0.0,0.0,0.0,9
2023-05-09 21:03:54,eb2312,eb2312,7911.0,0.0,0.0,0.0,7,7872.0,8060.0,1,7911.0,0.0,0.0,0.0,0.0,0.0,9
2023-05-09 21:03:55,eb2312,eb2312,7911.0,0.0,0.0,0.0,7,7872.0,8060.0,2,7911.0,0.0,0.0,0.0,0.0,0.0,9
2023-05-09 21:03:56,eb2312,eb2312,7911.0,0.0,0.0,0.0,7,7872.0,8059.0,4,7911.0,0.0,0.0,0.0,0.0,0.0,9
2023-05-09 21:03:57,eb2312,eb2312,7911.0,0.0,0.0,0.0,7,7872.0,8059.0,5,7911.0,0.0,0.0,0.0,0.0,0.0,9
2023-05-09 21:03:58,eb2312,eb2312,7911.0,0.0,0.0,0.0,7,7872.0,8059.0,6,7911.0,0.0,0.0,0.0,0.0,0.0,9
2023-05-09 21:04:00,eb2312,eb2312,7911.0,0.0,0.0,0.0,7,7872.0,8059.0,5,7911.0,0.0,0.0,0.0,0.0,0.0,9
2023-05-09 21:04:00,eb2312,eb2312,7911.0,0.0,0.0,0.0,7,7872.0,8058.0,1,7911.0,0.0,0.0,0.0,0.0,0.0,9
2023-05-09 21:04:02,eb2312,eb2312,7911.0,0.0,0.0,0.0,7,7872.0,8057.0,3,7911.0,0.0,0.0,0.0,0.0,0.0,9
2023-05-09 21:04:02,eb2312,eb2312,7911.0,0.0,0.0,0.0,7,7872.0,8057.0,4,7911.0,0.0,0.0,0.0,0.0,0.0,9
2023-05-09 21:04:04,eb2312,eb2312,7911.0,0.0,0.0,0.0,7,7872.0,8057.0,5,7911.0,0.0,0.0,0.0,0.0,0.0,9
2023-05-09 21:04:04,eb2312,eb2312,7911.0,0.0,0.0,0.0,7,7872.0,8057.0,6,7911.0,0.0,0.0,0.0,0.0,0.0,9
2023-05-09 21:04:07,eb2312,eb2312,7911.0,0.0,0.0,0.0,7,7872.0,8057.0,4,7911.0,0.0,0.0,0.0,0.0,0.0,9
2023-05-09 21:04:08,eb2312,eb2312,7911.0,0.0,0.0,0.0,5,7872.0,8056.0,2,7911.0,0.0,0.0,0.0,0.0,0.0,9
2023-05-09 21:04:09,eb2312,eb2312,7911.0,0.0,0.0,0.0,5,7872.0,8055.0,4,7911.0,0.0,0.0,0.0,0.0,0.0,9
2023-05-09 21:04:10,eb2312,eb2312,7911.0,0.0,0.0,0.0,2,7873.0,8055.0,4,7911.0,0.0,0.0,0.0,0.0,0.0,9
2023-05-09 21:04:11,eb2312,eb2312,7911.0,0.0,0.0,0.0,5,7874.0,8055.0,5,7911.0,0.0,0.0,0.0,0.0,0.0,9
2023-05-09 21:04:12,eb2312,eb2312,7911.0,0.0,0.0,0.0,2,7875.0,8055.0,5,7911.0,0.0,0.0,0.0,0.0,0.0,9
2023-05-09 21:04:13,eb2312,eb2312,7911.0,0.0,0.0,0.0,5,7876.0,8055.0,5,7911.0,0.0,0.0,0.0,0.0,0.0,9
2023-05-09 21:04:15,eb2312,eb2312,7911.0,0.0,0.0,0.0,5,7876.0,8055.0,7,7911.0,0.0,0.0,0.0,0.0,0.0,9
2023-05-09 21:04:17,eb2312,eb2312,7911.0,0.0,0.0,0.0,5,7876.0,8055.0,5,7911.0,0.0,0.0,0.0,0.0,0.0,9
2023-05-09 21:04:18,eb2312,eb2312,7911.0,0.0,0.0,0.0,5,7876.0,8054.0,2,7911.0,0.0,0.0,0.0,0.0,0.0,9
2023-05-09 21:04:19,eb2312,eb2312,7911.0,0.0,0.0,0.0,5,7876.0,8053.0,3,7911.0,0.0,0.0,0.0,0.0,0.0,9
2023-05-09 21:04:19,eb2312,eb2312,7911.0,0.0,0.0,0.0,5,7876.0,8053.0,4,7911.0,0.0,0.0,0.0,0.0,0.0,9
2023-05-09 21:04:21,eb2312,eb2312,7911.0,0.0,0.0,0.0,5,7876.0,8052.0,2,7911.0,0.0,0.0,0.0,0.0,0.0,9
2023-05-09 21:04:22,eb2312,eb2312,7911.0,0.0,0.0,0.0,5,7876.0,8051.0,3,7911.0,0.0,0.0,0.0,0.0,0.0,9
2023-05-09 21:04:22,eb2312,eb2312,7911.0,0.0,0.0,0.0,5,7876.0,8051.0,5,7911.0,0.0,0.0,0.0,0.0,0.0,9
2023-05-09 21:04:56,eb2312,eb2312,7911.0,0.0,0.0,0.0,5,7876.0,8051.0,6,7911.0,0.0,0.0,0.0,0.0,0.0,9
2023-05-09 21:04:57,eb2312,eb2312,7911.0,0.0,0.0,0.0,5,7876.0,8051.0,7,7911.0,0.0,0.0,0.0,0.0,0.0,9
2023-05-09 21:05:00,eb2312,eb2312,7911.0,0.0,0.0,0.0,5,7876.0,8051.0,5,7911.0,0.0,0.0,0.0,0.0,0.0,9
2023-05-09 21:05:14,eb2312,eb2312,7911.0,0.0,0.0,0.0,5,7876.0,8050.0,2,7911.0,0.0,0.0,0.0,0.0,0.0,9
2023-05-09 21:05:15,eb2312,eb2312,7911.0,0.0,0.0,0.0,5,7876.0,8049.0,3,7911.0,0.0,0.0,0.0,0.0,0.0,9
2023-05-09 21:05:16,eb2312,eb2312,7911.0,0.0,0.0,0.0,5,7876.0,8049.0,4,7911.0,0.0,0.0,0.0,0.0,0.0,9
2023-05-09 21:05:50,eb2312,eb2312,7911.0,0.0,0.0,0.0,5,7876.0,8048.0,1,7911.0,0.0,0.0,0.0,0.0,0.0,9
2023-05-09 21:05:50,eb2312,eb2312,7911.0,0.0,0.0,0.0,5,7876.0,8048.0,2,7911.0,0.0,0.0,0.0,0.0,0.0,9
2023-05-09 21:05:51,eb2312,eb2312,7911.0,0.0,0.0,0.0,5,7876.0,8047.0,4,7911.0,0.0,0.0,0.0,0.0,0.0,9
2023-05-09 21:05:56,eb2312,eb2312,7911.0,0.0,0.0,0.0,5,7876.0,8046.0,2,7911.0,0.0,0.0,0.0,0.0,0.0,9
2023-05-09 21:05:57,eb2312,eb2312,7911.0,0.0,0.0,0.0,5,7876.0,8046.0,3,7911.0,0.0,0.0,0.0,0.0,0.0,9
2023-05-09 21:05:58,eb2312,eb2312,7911.0,0.0,0.0,0.0,5,7876.0,8045.0,4,7911.0,0.0,0.0,0.0,0.0,0.0,9
2023-05-09 21:06:38,eb2312,eb2312,7911.0,0.0,0.0,0.0,5,7876.0,8045.0,5,7911.0,0.0,0.0,0.0,0.0,0.0,9
2023-05-09 21:06:38,eb2312,eb2312,7911.0,0.0,0.0,0.0,5,7876.0,8045.0,6,7911.0,0.0,0.0,0.0,0.0,0.0,9
2023-05-09 21:06:39,eb2312,eb2312,7911.0,0.0,0.0,0.0,5,7876.0,8044.0,2,7911.0,0.0,0.0,0.0,0.0,0.0,9
2023-05-09 21:06:41,eb2312,eb2312,7911.0,0.0,0.0,0.0,5,7876.0,8043.0,4,7911.0,0.0,0.0,0.0,0.0,0.0,9
2023-05-09 21:07:22,eb2312,eb2312,7911.0,0.0,0.0,0.0,5,7876.0,8042.0,2,7911.0,0.0,0.0,0.0,0.0,0.0,9
2023-05-09 21:07:22,eb2312,eb2312,7911.0,0.0,0.0,0.0,5,7876.0,8042.0,3,7911.0,0.0,0.0,0.0,0.0,0.0,9
2023-05-09 21:07:26,eb2312,eb2312,7911.0,0.0,0.0,0.0,5,7876.0,8041.0,4,7911.0,0.0,0.0,0.0,0.0,0.0,9
2023-05-09 21:08:05,eb2312,eb2312,7911.0,0.0,0.0,0.0,5,7876.0,8040.0,2,7911.0,0.0,0.0,0.0,0.0,0.0,9
2023-05-09 21:08:06,eb2312,eb2312,7911.0,0.0,0.0,0.0,5,7876.0,8039.0,4,7911.0,0.0,0.0,0.0,0.0,0.0,9
2023-05-09 21:08:22,eb2312,eb2312,7911.0,0.0,0.0,0.0,5,7876.0,8038.0,1,7911.0,0.0,0.0,0.0,0.0,0.0,9
2023-05-09 21:08:23,eb2312,eb2312,7911.0,0.0,0.0,0.0,5,7876.0,8037.0,2,7911.0,0.0,0.0,0.0,0.0,0.0,9
2023-05-09 21:08:24,eb2312,eb2312,7911.0,0.0,0.0,0.0,5,7876.0,8036.0,2,7911.0,0.0,0.0,0.0,0.0,0.0,9
2023-05-09 21:08:28,eb2312,eb2312,7911.0,0.0,0.0,0.0,5,7876.0,8035.0,3,7911.0,0.0,0.0,0.0,0.0,0.0,9
2023-05-09 21:08:28,eb2312,eb2312,7911.0,0.0,0.0,0.0,5,7876.0,8035.0,4,7911.0,0.0,0.0,0.0,0.0,0.0,9
2023-05-09 21:08:29,eb2312,eb2312,7911.0,0.0,0.0,0.0,5,7876.0,8034.0,2,7911.0,0.0,0.0,0.0,0.0,0.0,9
2023-05-09 21:08:31,eb2312,eb2312,7911.0,0.0,0.0,0.0,5,7876.0,8033.0,3,7911.0,0.0,0.0,0.0,0.0,0.0,9
2023-05-09 21:08:32,eb2312,eb2312,7911.0,0.0,0.0,0.0,5,7876.0,8032.0,2,7911.0,0.0,0.0,0.0,0.0,0.0,9
2023-05-09 21:08:37,eb2312,eb2312,7911.0,0.0,0.0,0.0,5,7876.0,8031.0,3,7911.0,0.0,0.0,0.0,0.0,0.0,9
2023-05-09 21:08:38,eb2312,eb2312,7911.0,0.0,0.0,0.0,5,7876.0,8030.0,2,7911.0,0.0,0.0,0.0,0.0,0.0,9
2023-05-09 21:08:40,eb2312,eb2312,7911.0,0.0,0.0,0.0,5,7876.0,8029.0,3,7911.0,0.0,0.0,0.0,0.0,0.0,9
2023-05-09 21:08:42,eb2312,eb2312,7911.0,0.0,0.0,0.0,5,7876.0,8028.0,2,7911.0,0.0,0.0,0.0,0.0,0.0,9
2023-05-09 21:08:44,eb2312,eb2312,7911.0,0.0,0.0,0.0,5,7876.0,8027.0,3,7911.0,0.0,0.0,0.0,0.0,0.0,9
2023-05-09 21:08:45,eb2312,eb2312,7911.0,0.0,0.0,0.0,5,7876.0,8026.0,2,7911.0,0.0,0.0,0.0,0.0,0.0,9
2023-05-09 21:08:47,eb2312,eb2312,7911.0,0.0,0.0,0.0,5,7876.0,8025.0,3,7911.0,0.0,0.0,0.0,0.0,0.0,9
2023-05-09 21:08:47,eb2312,eb2312,7911.0,0.0,0.0,0.0,5,7876.0,8025.0,5,7911.0,0.0,0.0,0.0,0.0,0.0,9
2023-05-09 21:08:48,eb2312,eb2312,7911.0,0.0,0.0,0.0,5,7876.0,8024.0,2,7911.0,0.0,0.0,0.0,0.0,0.0,9
2023-05-09 21:08:49,eb2312,eb2312,7911.0,0.0,0.0,0.0,5,7876.0,8023.0,1,7911.0,0.0,0.0,0.0,0.0,0.0,9
2023-05-09 21:08:50,eb2312,eb2312,7911.0,0.0,0.0,0.0,5,7876.0,8022.0,2,7911.0,0.0,0.0,0.0,0.0,0.0,9
2023-05-09 21:08:50,eb2312,eb2312,7911.0,0.0,0.0,0.0,5,7876.0,8021.0,2,7911.0,0.0,0.0,0.0,0.0,0.0,9
2023-05-09 21:08:51,eb2312,eb2312,7911.0,0.0,0.0,0.0,5,7876.0,8021.0,3,7911.0,0.0,0.0,0.0,0.0,0.0,9
2023-05-09 21:08:52,eb2312,eb2312,7911.0,0.0,0.0,0.0,5,7876.0,8020.0,1,7911.0,0.0,0.0,0.0,0.0,0.0,9
2023-05-09 21:08:53,eb2312,eb2312,7911.0,0.0,0.0,0.0,5,7876.0,8019.0,2,7911.0,0.0,0.0,0.0,0.0,0.0,9
2023-05-09 21:08:54,eb2312,eb2312,7911.0,0.0,0.0,0.0,5,7876.0,8018.0,1,7911.0,0.0,0.0,0.0,0.0,0.0,9
2023-05-09 21:08:55,eb2312,eb2312,7911.0,0.0,0.0,0.0,5,7876.0,8017.0,1,7911.0,0.0,0.0,0.0,0.0,0.0,9
2023-05-09 21:08:57,eb2312,eb2312,7911.0,0.0,0.0,0.0,5,7876.0,8016.0,4,7911.0,0.0,0.0,0.0,0.0,0.0,9
2023-05-09 21:09:01,eb2312,eb2312,7911.0,0.0,0.0,0.0,5,7876.0,8015.0,1,7911.0,0.0,0.0,0.0,0.0,0.0,9
2023-05-09 21:09:02,eb2312,eb2312,7911.0,0.0,0.0,0.0,5,7876.0,8014.0,4,7911.0,0.0,0.0,0.0,0.0,0.0,9
2023-05-09 21:09:03,eb2312,eb2312,7911.0,0.0,0.0,0.0,5,7876.0,8013.0,1,7911.0,0.0,0.0,0.0,0.0,0.0,9
2023-05-09 21:09:10,eb2312,eb2312,7911.0,0.0,0.0,0.0,5,7876.0,8012.0,4,7911.0,0.0,0.0,0.0,0.0,0.0,9
2023-05-09 21:09:12,eb2312,eb2312,7911.0,0.0,0.0,0.0,5,7876.0,8011.0,1,7911.0,0.0,0.0,0.0,0.0,0.0,9
2023-05-09 21:09:13,eb2312,eb2312,7911.0,0.0,0.0,0.0,5,7876.0,8010.0,4,7911.0,0.0,0.0,0.0,0.0,0.0,9
2023-05-09 21:09:14,eb2312,eb2312,7911.0,0.0,0.0,0.0,1,7683.0,8010.0,4,7911.0,0.0,0.0,0.0,0.0,0.0,9
2023-05-09 21:09:14,eb2312,eb2312,7911.0,0.0,0.0,0.0,3,7684.0,8009.0,2,7911.0,0.0,0.0,0.0,0.0,0.0,9
2023-05-09 21:09:15,eb2312,eb2312,7911.0,0.0,0.0,0.0,5,7685.0,8009.0,2,7911.0,0.0,0.0,0.0,0.0,0.0,9
2023-05-09 21:09:17,eb2312,eb2312,7911.0,0.0,0.0,0.0,2,7686.0,8009.0,2,7911.0,0.0,0.0,0.0,0.0,0.0,9
2023-05-09 21:09:18,eb2312,eb2312,7911.0,0.0,0.0,0.0,5,7687.0,8009.0,2,7911.0,0.0,0.0,0.0,0.0,0.0,9
2023-05-09 21:09:19,eb2312,eb2312,7911.0,0.0,0.0,0.0,12,7688.0,8009.0,2,7911.0,0.0,0.0,0.0,0.0,0.0,9
2023-05-09 21:09:20,eb2312,eb2312,7911.0,0.0,0.0,0.0,5,7689.0,8008.0,5,7911.0,0.0,0.0,0.0,0.0,0.0,9
2023-05-09 21:09:20,eb2312,eb2312,7911.0,0.0,0.0,0.0,2,7690.0,8008.0,5,7911.0,0.0,0.0,0.0,0.0,0.0,9
2023-05-09 21:09:21,eb2312,eb2312,7911.0,0.0,0.0,0.0,5,7691.0,8008.0,5,7911.0,0.0,0.0,0.0,0.0,0.0,9
2023-05-09 21:09:22,eb2312,eb2312,7911.0,0.0,0.0,0.0,2,7692.0,8008.0,5,7911.0,0.0,0.0,0.0,0.0,0.0,9
2023-05-09 21:09:22,eb2312,eb2312,7911.0,0.0,0.0,0.0,5,7693.0,8008.0,5,7911.0,0.0,0.0,0.0,0.0,0.0,9
2023-05-09 21:09:24,eb2312,eb2312,7911.0,0.0,0.0,0.0,12,7694.0,8008.0,5,7911.0,0.0,0.0,0.0,0.0,0.0,9
2023-05-09 21:09:24,eb2312,eb2312,7911.0,0.0,0.0,0.0,5,7695.0,8008.0,5,7911.0,0.0,0.0,0.0,0.0,0.0,9
2023-05-09 21:09:25,eb2312,eb2312,7911.0,0.0,0.0,0.0,2,7696.0,8008.0,5,7911.0,0.0,0.0,0.0,0.0,0.0,9
2023-05-09 21:09:25,eb2312,eb2312,7911.0,0.0,0.0,0.0,5,7697.0,8008.0,5,7911.0,0.0,0.0,0.0,0.0,0.0,9
2023-05-09 21:09:26,eb2312,eb2312,7911.0,0.0,0.0,0.0,2,7698.0,8008.0,5,7911.0,0.0,0.0,0.0,0.0,0.0,9
2023-05-09 21:09:27,eb2312,eb2312,7911.0,0.0,0.0,0.0,14,7699.0,8008.0,5,7911.0,0.0,0.0,0.0,0.0,0.0,9
2023-05-09 21:09:28,eb2312,eb2312,7911.0,0.0,0.0,0.0,2,7700.0,8008.0,5,7911.0,0.0,0.0,0.0,0.0,0.0,9
2023-05-09 21:09:28,eb2312,eb2312,7911.0,0.0,0.0,0.0,5,7701.0,8008.0,5,7911.0,0.0,0.0,0.0,0.0,0.0,9
2023-05-09 21:09:29,eb2312,eb2312,7911.0,0.0,0.0,0.0,5,7701.0,8008.0,6,7911.0,0.0,0.0,0.0,0.0,0.0,9
2023-05-09 21:09:29,eb2312,eb2312,7911.0,0.0,0.0,0.0,2,7702.0,8008.0,6,7911.0,0.0,0.0,0.0,0.0,0.0,9
2023-05-09 21:09:30,eb2312,eb2312,7911.0,0.0,0.0,0.0,5,7703.0,8008.0,6,7911.0,0.0,0.0,0.0,0.0,0.0,9
2023-05-09 21:09:31,eb2312,eb2312,7911.0,0.0,0.0,0.0,2,7704.0,8008.0,6,7911.0,0.0,0.0,0.0,0.0,0.0,9
2023-05-09 21:09:31,eb2312,eb2312,7911.0,0.0,0.0,0.0,5,7705.0,8008.0,6,7911.0,0.0,0.0,0.0,0.0,0.0,9
2023-05-09 21:09:33,eb2312,eb2312,7911.0,0.0,0.0,0.0,2,7706.0,8008.0,6,7911.0,0.0,0.0,0.0,0.0,0.0,9
2023-05-09 21:09:34,eb2312,eb2312,7911.0,0.0,0.0,0.0,5,7707.0,8008.0,6,7911.0,0.0,0.0,0.0,0.0,0.0,9
2023-05-09 21:09:35,eb2312,eb2312,7911.0,0.0,0.0,0.0,2,7708.0,8008.0,6,7911.0,0.0,0.0,0.0,0.0,0.0,9
2023-05-09 21:09:36,eb2312,eb2312,7911.0,0.0,0.0,0.0,7,7709.0,8008.0,6,7911.0,0.0,0.0,0.0,0.0,0.0,9
2023-05-09 21:09:36,eb2312,eb2312,7911.0,0.0,0.0,0.0,2,7710.0,8008.0,6,7911.0,0.0,0.0,0.0,0.0,0.0,9
2023-05-09 21:09:37,eb2312,eb2312,7911.0,0.0,0.0,0.0,5,7711.0,8008.0,6,7911.0,0.0,0.0,0.0,0.0,0.0,9
2023-05-09 21:09:38,eb2312,eb2312,7911.0,0.0,0.0,0.0,2,7712.0,8008.0,6,7911.0,0.0,0.0,0.0,0.0,0.0,9
2023-05-09 21:09:38,eb2312,eb2312,7911.0,0.0,0.0,0.0,5,7713.0,8008.0,6,7911.0,0.0,0.0,0.0,0.0,0.0,9
2023-05-09 21:09:40,eb2312,eb2312,7911.0,0.0,0.0,0.0,12,7714.0,8008.0,6,7911.0,0.0,0.0,0.0,0.0,0.0,9
2023-05-09 21:09:40,eb2312,eb2312,7911.0,0.0,0.0,0.0,5,7715.0,8008.0,6,7911.0,0.0,0.0,0.0,0.0,0.0,9
2023-05-09 21:09:41,eb2312,eb2312,7911.0,0.0,0.0,0.0,2,7716.0,8008.0,6,7911.0,0.0,0.0,0.0,0.0,0.0,9
2023-05-09 21:09:41,eb2312,eb2312,7911.0,0.0,0.0,0.0,5,7717.0,8008.0,6,7911.0,0.0,0.0,0.0,0.0,0.0,9
2023-05-09 21:09:45,eb2312,eb2312,7911.0,0.0,0.0,0.0,12,7718.0,8008.0,6,7911.0,0.0,0.0,0.0,0.0,0.0,9
2023-05-09 21:09:45,eb2312,eb2312,7911.0,0.0,0.0,0.0,5,7719.0,8008.0,6,7911.0,0.0,0.0,0.0,0.0,0.0,9
2023-05-09 21:09:46,eb2312,eb2312,7911.0,0.0,0.0,0.0,2,7720.0,8008.0,6,7911.0,0.0,0.0,0.0,0.0,0.0,9
2023-05-09 21:09:47,eb2312,eb2312,7911.0,0.0,0.0,0.0,5,7721.0,8008.0,6,7911.0,0.0,0.0,0.0,0.0,0.0,9
2023-05-09 21:09:48,eb2312,eb2312,7911.0,0.0,0.0,0.0,2,7722.0,8008.0,6,7911.0,0.0,0.0,0.0,0.0,0.0,9
2023-05-09 21:09:48,eb2312,eb2312,7911.0,0.0,0.0,0.0,5,7723.0,8008.0,6,7911.0,0.0,0.0,0.0,0.0,0.0,9
2023-05-09 21:09:50,eb2312,eb2312,7911.0,0.0,0.0,0.0,12,7724.0,8008.0,6,7911.0,0.0,0.0,0.0,0.0,0.0,9
2023-05-09 21:09:50,eb2312,eb2312,7911.0,0.0,0.0,0.0,5,7725.0,8008.0,6,7911.0,0.0,0.0,0.0,0.0,0.0,9
2023-05-09 21:09:51,eb2312,eb2312,7911.0,0.0,0.0,0.0,2,7726.0,8008.0,6,7911.0,0.0,0.0,0.0,0.0,0.0,9
2023-05-09 21:09:51,eb2312,eb2312,7911.0,0.0,0.0,0.0,5,7727.0,8008.0,6,7911.0,0.0,0.0,0.0,0.0,0.0,9
2023-05-09 21:09:52,eb2312,eb2312,7911.0,0.0,0.0,0.0,2,7728.0,8008.0,6,7911.0,0.0,0.0,0.0,0.0,0.0,9
2023-05-09 21:09:53,eb2312,eb2312,7911.0,0.0,0.0,0.0,5,7729.0,8008.0,6,7911.0,0.0,0.0,0.0,0.0,0.0,9
2023-05-09 21:09:54,eb2312,eb2312,7911.0,0.0,0.0,0.0,2,7730.0,8008.0,6,7911.0,0.0,0.0,0.0,0.0,0.0,9
2023-05-09 21:09:54,eb2312,eb2312,7911.0,0.0,0.0,0.0,5,7731.0,8008.0,6,7911.0,0.0,0.0,0.0,0.0,0.0,9
2023-05-09 21:09:55,eb2312,eb2312,7911.0,0.0,0.0,0.0,2,7732.0,8008.0,6,7911.0,0.0,0.0,0.0,0.0,0.0,9
2023-05-09 21:09:56,eb2312,eb2312,7911.0,0.0,0.0,0.0,5,7733.0,8008.0,6,7911.0,0.0,0.0,0.0,0.0,0.0,9
2023-05-09 21:09:57,eb2312,eb2312,7911.0,0.0,0.0,0.0,2,7734.0,8008.0,6,7911.0,0.0,0.0,0.0,0.0,0.0,9
2023-05-09 21:09:57,eb2312,eb2312,7911.0,0.0,0.0,0.0,5,7735.0,8008.0,6,7911.0,0.0,0.0,0.0,0.0,0.0,9
2023-05-09 21:09:58,eb2312,eb2312,7911.0,0.0,0.0,0.0,9,7736.0,8008.0,6,7911.0,0.0,0.0,0.0,0.0,0.0,9
2023-05-09 21:09:58,eb2312,eb2312,7911.0,0.0,0.0,0.0,5,7737.0,8008.0,6,7911.0,0.0,0.0,0.0,0.0,0.0,9
2023-05-09 21:09:59,eb2312,eb2312,7911.0,0.0,0.0,0.0,2,7738.0,8008.0,6,7911.0,0.0,0.0,0.0,0.0,0.0,9
2023-05-09 21:10:00,eb2312,eb2312,7911.0,0.0,0.0,0.0,5,7739.0,8008.0,6,7911.0,0.0,0.0,0.0,0.0,0.0,9
2023-05-09 21:10:01,eb2312,eb2312,7911.0,0.0,0.0,0.0,2,7740.0,8008.0,6,7911.0,0.0,0.0,0.0,0.0,0.0,9
2023-05-09 21:10:02,eb2312,eb2312,7911.0,0.0,0.0,0.0,7,7741.0,8008.0,6,7911.0,0.0,0.0,0.0,0.0,0.0,9
2023-05-09 21:10:02,eb2312,eb2312,7911.0,0.0,0.0,0.0,2,7742.0,8008.0,6,7911.0,0.0,0.0,0.0,0.0,0.0,9
2023-05-09 21:10:03,eb2312,eb2312,7911.0,0.0,0.0,0.0,5,7743.0,8008.0,6,7911.0,0.0,0.0,0.0,0.0,0.0,9
2023-05-09 21:10:04,eb2312,eb2312,7911.0,0.0,0.0,0.0,2,7744.0,8008.0,6,7911.0,0.0,0.0,0.0,0.0,0.0,9
2023-05-09 21:10:05,eb2312,eb2312,7911.0,0.0,0.0,0.0,6,7745.0,8008.0,6,7911.0,0.0,0.0,0.0,0.0,0.0,9
2023-05-09 21:10:05,eb2312,eb2312,7911.0,0.0,0.0,0.0,2,7746.0,8008.0,6,7911.0,0.0,0.0,0.0,0.0,0.0,9
2023-05-09 21:10:06,eb2312,eb2312,7911.0,0.0,0.0,0.0,5,7747.0,8008.0,6,7911.0,0.0,0.0,0.0,0.0,0.0,9
2023-05-09 21:10:07,eb2312,eb2312,7911.0,0.0,0.0,0.0,2,7748.0,8008.0,6,7911.0,0.0,0.0,0.0,0.0,0.0,9
2023-05-09 21:10:08,eb2312,eb2312,7911.0,0.0,0.0,0.0,5,7749.0,8008.0,6,7911.0,0.0,0.0,0.0,0.0,0.0,9
2023-05-09 21:10:08,eb2312,eb2312,7911.0,0.0,0.0,0.0,2,7750.0,8008.0,6,7911.0,0.0,0.0,0.0,0.0,0.0,9
2023-05-09 21:10:09,eb2312,eb2312,7911.0,0.0,0.0,0.0,5,7751.0,8008.0,6,7911.0,0.0,0.0,0.0,0.0,0.0,9
2023-05-09 21:10:10,eb2312,eb2312,7911.0,0.0,0.0,0.0,4,7752.0,8008.0,6,7911.0,0.0,0.0,0.0,0.0,0.0,9
2023-05-09 21:10:11,eb2312,eb2312,7911.0,0.0,0.0,0.0,5,7753.0,8008.0,6,7911.0,0.0,0.0,0.0,0.0,0.0,9
2023-05-09 21:10:11,eb2312,eb2312,7911.0,0.0,0.0,0.0,1,7754.0,8008.0,6,7911.0,0.0,0.0,0.0,0.0,0.0,9
2023-05-09 21:10:12,eb2312,eb2312,7911.0,0.0,0.0,0.0,10,7755.0,8008.0,6,7911.0,0.0,0.0,0.0,0.0,0.0,9
2023-05-09 21:10:12,eb2312,eb2312,7911.0,0.0,0.0,0.0,2,7756.0,8008.0,6,7911.0,0.0,0.0,0.0,0.0,0.0,9
2023-05-09 21:10:13,eb2312,eb2312,7911.0,0.0,0.0,0.0,5,7757.0,8008.0,6,7911.0,0.0,0.0,0.0,0.0,0.0,9
2023-05-09 21:10:14,eb2312,eb2312,7911.0,0.0,0.0,0.0,3,7758.0,8008.0,6,7911.0,0.0,0.0,0.0,0.0,0.0,9
2023-05-09 21:10:14,eb2312,eb2312,7911.0,0.0,0.0,0.0,9,7759.0,8008.0,6,7911.0,0.0,0.0,0.0,0.0,0.0,9
2023-05-09 21:10:16,eb2312,eb2312,7911.0,0.0,0.0,0.0,2,7760.0,8008.0,6,7911.0,0.0,0.0,0.0,0.0,0.0,9
2023-05-09 21:10:16,eb2312,eb2312,7911.0,0.0,0.0,0.0,5,7761.0,8008.0,6,7911.0,0.0,0.0,0.0,0.0,0.0,9
2023-05-09 21:10:17,eb2312,eb2312,7911.0,0.0,0.0,0.0,1,7762.0,8008.0,6,7911.0,0.0,0.0,0.0,0.0,0.0,9
2023-05-09 21:10:18,eb2312,eb2312,7911.0,0.0,0.0,0.0,8,7763.0,8008.0,6,7911.0,0.0,0.0,0.0,0.0,0.0,9
2023-05-09 21:10:18,eb2312,eb2312,7911.0,0.0,0.0,0.0,2,7764.0,8008.0,6,7911.0,0.0,0.0,0.0,0.0,0.0,9
2023-05-09 21:10:19,eb2312,eb2312,7911.0,0.0,0.0,0.0,5,7765.0,8008.0,6,7911.0,0.0,0.0,0.0,0.0,0.0,9
2023-05-09 21:10:21,eb2312,eb2312,7911.0,0.0,0.0,0.0,2,7766.0,8008.0,6,7911.0,0.0,0.0,0.0,0.0,0.0,9
2023-05-09 21:10:21,eb2312,eb2312,7911.0,0.0,0.0,0.0,5,7767.0,8008.0,6,7911.0,0.0,0.0,0.0,0.0,0.0,9
2023-05-09 21:10:22,eb2312,eb2312,7911.0,0.0,0.0,0.0,2,7768.0,8008.0,6,7911.0,0.0,0.0,0.0,0.0,0.0,9
2023-05-09 21:10:23,eb2312,eb2312,7911.0,0.0,0.0,0.0,5,7769.0,8008.0,6,7911.0,0.0,0.0,0.0,0.0,0.0,9
2023-05-09 21:10:24,eb2312,eb2312,7911.0,0.0,0.0,0.0,2,7770.0,8008.0,6,7911.0,0.0,0.0,0.0,0.0,0.0,9
2023-05-09 21:10:25,eb2312,eb2312,7911.0,0.0,0.0,0.0,10,7771.0,8008.0,6,7911.0,0.0,0.0,0.0,0.0,0.0,9
2023-05-09 21:10:25,eb2312,eb2312,7911.0,0.0,0.0,0.0,2,7772.0,8008.0,6,7911.0,0.0,0.0,0.0,0.0,0.0,9
2023-05-09 21:10:26,eb2312,eb2312,7911.0,0.0,0.0,0.0,5,7773.0,8008.0,6,7911.0,0.0,0.0,0.0,0.0,0.0,9
2023-05-09 21:10:27,eb2312,eb2312,7911.0,0.0,0.0,0.0,2,7774.0,8008.0,6,7911.0,0.0,0.0,0.0,0.0,0.0,9
2023-05-09 21:10:27,eb2312,eb2312,7911.0,0.0,0.0,0.0,5,7775.0,8008.0,6,7911.0,0.0,0.0,0.0,0.0,0.0,9
2023-05-09 21:10:28,eb2312,eb2312,7911.0,0.0,0.0,0.0,2,7776.0,8008.0,6,7911.0,0.0,0.0,0.0,0.0,0.0,9
2023-05-09 21:10:29,eb2312,eb2312,7911.0,0.0,0.0,0.0,5,7777.0,8008.0,6,7911.0,0.0,0.0,0.0,0.0,0.0,9
2023-05-09 21:10:30,eb2312,eb2312,7911.0,0.0,0.0,0.0,2,7778.0,8008.0,6,7911.0,0.0,0.0,0.0,0.0,0.0,9
2023-05-09 21:10:31,eb2312,eb2312,7911.0,0.0,0.0,0.0,5,7779.0,8008.0,6,7911.0,0.0,0.0,0.0,0.0,0.0,9
2023-05-09 21:10:31,eb2312,eb2312,7911.0,0.0,0.0,0.0,4,7780.0,8008.0,6,7911.0,0.0,0.0,0.0,0.0,0.0,9
2023-05-09 21:10:31,eb2312,eb2312,7911.0,0.0,0.0,0.0,5,7781.0,8008.0,6,7911.0,0.0,0.0,0.0,0.0,0.0,9
2023-05-09 21:10:32,eb2312,eb2312,7911.0,0.0,0.0,0.0,2,7782.0,8008.0,6,7911.0,0.0,0.0,0.0,0.0,0.0,9
2023-05-09 21:10:33,eb2312,eb2312,7911.0,0.0,0.0,0.0,5,7783.0,8008.0,6,7911.0,0.0,0.0,0.0,0.0,0.0,9
2023-05-09 21:10:34,eb2312,eb2312,7911.0,0.0,0.0,0.0,1,7784.0,8008.0,6,7911.0,0.0,0.0,0.0,0.0,0.0,9
2023-05-09 21:10:34,eb2312,eb2312,7911.0,0.0,0.0,0.0,8,7785.0,8008.0,6,7911.0,0.0,0.0,0.0,0.0,0.0,9
2023-05-09 21:10:35,eb2312,eb2312,7911.0,0.0,0.0,0.0,2,7786.0,8008.0,6,7911.0,0.0,0.0,0.0,0.0,0.0,9
2023-05-09 21:10:36,eb2312,eb2312,7911.0,0.0,0.0,0.0,5,7787.0,8008.0,6,7911.0,0.0,0.0,0.0,0.0,0.0,9
2023-05-09 21:10:36,eb2312,eb2312,7911.0,0.0,0.0,0.0,2,7788.0,8008.0,6,7911.0,0.0,0.0,0.0,0.0,0.0,9
2023-05-09 21:10:37,eb2312,eb2312,7911.0,0.0,0.0,0.0,5,7789.0,8008.0,6,7911.0,0.0,0.0,0.0,0.0,0.0,9
2023-05-09 21:10:38,eb2312,eb2312,7911.0,0.0,0.0,0.0,7,7790.0,8008.0,6,7911.0,0.0,0.0,0.0,0.0,0.0,9
2023-05-09 21:10:38,eb2312,eb2312,7911.0,0.0,0.0,0.0,5,7791.0,8008.0,6,7911.0,0.0,0.0,0.0,0.0,0.0,9
2023-05-09 21:10:39,eb2312,eb2312,7911.0,0.0,0.0,0.0,2,7792.0,8008.0,6,7911.0,0.0,0.0,0.0,0.0,0.0,9
2023-05-09 21:10:40,eb2312,eb2312,7911.0,0.0,0.0,0.0,5,7793.0,8008.0,6,7911.0,0.0,0.0,0.0,0.0,0.0,9
2023-05-09 21:10:41,eb2312,eb2312,7911.0,0.0,0.0,0.0,7,7794.0,8008.0,6,7911.0,0.0,0.0,0.0,0.0,0.0,9
2023-05-09 21:10:42,eb2312,eb2312,7911.0,0.0,0.0,0.0,5,7795.0,8008.0,6,7911.0,0.0,0.0,0.0,0.0,0.0,9
2023-05-09 21:10:43,eb2312,eb2312,7911.0,0.0,0.0,0.0,2,7796.0,8008.0,6,7911.0,0.0,0.0,0.0,0.0,0.0,9
2023-05-09 21:10:43,eb2312,eb2312,7911.0,0.0,0.0,0.0,5,7797.0,8008.0,6,7911.0,0.0,0.0,0.0,0.0,0.0,9
2023-05-09 21:10:44,eb2312,eb2312,7911.0,0.0,0.0,0.0,7,7798.0,8008.0,6,7911.0,0.0,0.0,0.0,0.0,0.0,9
2023-05-09 21:10:45,eb2312,eb2312,7911.0,0.0,0.0,0.0,5,7799.0,8008.0,6,7911.0,0.0,0.0,0.0,0.0,0.0,9
2023-05-09 21:10:46,eb2312,eb2312,7911.0,0.0,0.0,0.0,2,7800.0,8008.0,6,7911.0,0.0,0.0,0.0,0.0,0.0,9
2023-05-09 21:10:46,eb2312,eb2312,7911.0,0.0,0.0,0.0,5,7801.0,8008.0,6,7911.0,0.0,0.0,0.0,0.0,0.0,9
2023-05-09 21:10:47,eb2312,eb2312,7911.0,0.0,0.0,0.0,2,7802.0,8008.0,6,7911.0,0.0,0.0,0.0,0.0,0.0,9
2023-05-09 21:10:48,eb2312,eb2312,7911.0,0.0,0.0,0.0,5,7803.0,8008.0,6,7911.0,0.0,0.0,0.0,0.0,0.0,9
2023-05-09 21:10:49,eb2312,eb2312,7911.0,0.0,0.0,0.0,5,7804.0,8008.0,6,7911.0,0.0,0.0,0.0,0.0,0.0,9
2023-05-09 21:10:49,eb2312,eb2312,7911.0,0.0,0.0,0.0,5,7805.0,8008.0,6,7911.0,0.0,0.0,0.0,0.0,0.0,9
2023-05-09 21:10:50,eb2312,eb2312,7911.0,0.0,0.0,0.0,2,7806.0,8008.0,6,7911.0,0.0,0.0,0.0,0.0,0.0,9
2023-05-09 21:10:51,eb2312,eb2312,7911.0,0.0,0.0,0.0,5,7807.0,8008.0,6,7911.0,0.0,0.0,0.0,0.0,0.0,9
2023-05-09 21:10:52,eb2312,eb2312,7911.0,0.0,0.0,0.0,2,7808.0,8008.0,6,7911.0,0.0,0.0,0.0,0.0,0.0,9
2023-05-09 21:10:52,eb2312,eb2312,7911.0,0.0,0.0,0.0,5,7809.0,8008.0,6,7911.0,0.0,0.0,0.0,0.0,0.0,9
2023-05-09 21:10:54,eb2312,eb2312,7911.0,0.0,0.0,0.0,7,7810.0,8008.0,6,7911.0,0.0,0.0,0.0,0.0,0.0,9
2023-05-09 21:10:54,eb2312,eb2312,7911.0,0.0,0.0,0.0,5,7811.0,8008.0,6,7911.0,0.0,0.0,0.0,0.0,0.0,9
2023-05-09 21:10:55,eb2312,eb2312,7911.0,0.0,0.0,0.0,2,7812.0,8008.0,6,7911.0,0.0,0.0,0.0,0.0,0.0,9
2023-05-09 21:10:56,eb2312,eb2312,7911.0,0.0,0.0,0.0,5,7813.0,8008.0,6,7911.0,0.0,0.0,0.0,0.0,0.0,9
2023-05-09 21:10:56,eb2312,eb2312,7911.0,0.0,0.0,0.0,1,7814.0,8008.0,6,7911.0,0.0,0.0,0.0,0.0,0.0,9
2023-05-09 21:10:56,eb2312,eb2312,7911.0,0.0,0.0,0.0,5,7815.0,8008.0,6,7911.0,0.0,0.0,0.0,0.0,0.0,9
2023-05-09 21:10:57,eb2312,eb2312,7911.0,0.0,0.0,0.0,2,7816.0,8008.0,6,7911.0,0.0,0.0,0.0,0.0,0.0,9
2023-05-09 21:10:58,eb2312,eb2312,7911.0,0.0,0.0,0.0,5,7817.0,8008.0,6,7911.0,0.0,0.0,0.0,0.0,0.0,9
2023-05-09 21:10:59,eb2312,eb2312,7911.0,0.0,0.0,0.0,7,7818.0,8008.0,6,7911.0,0.0,0.0,0.0,0.0,0.0,9
2023-05-09 21:10:59,eb2312,eb2312,7911.0,0.0,0.0,0.0,5,7819.0,8008.0,6,7911.0,0.0,0.0,0.0,0.0,0.0,9
2023-05-09 21:11:01,eb2312,eb2312,7911.0,0.0,0.0,0.0,2,7820.0,8008.0,6,7911.0,0.0,0.0,0.0,0.0,0.0,9
2023-05-09 21:11:01,eb2312,eb2312,7911.0,0.0,0.0,0.0,5,7821.0,8008.0,6,7911.0,0.0,0.0,0.0,0.0,0.0,9
2023-05-09 21:11:02,eb2312,eb2312,7911.0,0.0,0.0,0.0,4,7822.0,8008.0,6,7911.0,0.0,0.0,0.0,0.0,0.0,9
2023-05-09 21:11:02,eb2312,eb2312,7911.0,0.0,0.0,0.0,5,7823.0,8008.0,6,7911.0,0.0,0.0,0.0,0.0,0.0,9
2023-05-09 21:11:03,eb2312,eb2312,7911.0,0.0,0.0,0.0,2,7824.0,8008.0,6,7911.0,0.0,0.0,0.0,0.0,0.0,9
2023-05-09 21:11:04,eb2312,eb2312,7911.0,0.0,0.0,0.0,5,7825.0,8008.0,6,7911.0,0.0,0.0,0.0,0.0,0.0,9
2023-05-09 21:11:05,eb2312,eb2312,7911.0,0.0,0.0,0.0,2,7826.0,8008.0,6,7911.0,0.0,0.0,0.0,0.0,0.0,9
2023-05-09 21:11:05,eb2312,eb2312,7911.0,0.0,0.0,0.0,5,7827.0,8008.0,6,7911.0,0.0,0.0,0.0,0.0,0.0,9
2023-05-09 21:11:07,eb2312,eb2312,7911.0,0.0,0.0,0.0,5,7828.0,8008.0,6,7911.0,0.0,0.0,0.0,0.0,0.0,9
2023-05-09 21:11:07,eb2312,eb2312,7911.0,0.0,0.0,0.0,7,7829.0,8008.0,6,7911.0,0.0,0.0,0.0,0.0,0.0,9
2023-05-09 21:11:11,eb2312,eb2312,7911.0,0.0,0.0,0.0,4,7830.0,8008.0,6,7911.0,0.0,0.0,0.0,0.0,0.0,9
2023-05-09 21:11:11,eb2312,eb2312,7911.0,0.0,0.0,0.0,5,7831.0,8008.0,6,7911.0,0.0,0.0,0.0,0.0,0.0,9
2023-05-09 21:11:11,eb2312,eb2312,7911.0,0.0,0.0,0.0,2,7832.0,8008.0,6,7911.0,0.0,0.0,0.0,0.0,0.0,9
2023-05-09 21:11:12,eb2312,eb2312,7911.0,0.0,0.0,0.0,5,7833.0,8008.0,6,7911.0,0.0,0.0,0.0,0.0,0.0,9
2023-05-09 21:11:13,eb2312,eb2312,7911.0,0.0,0.0,0.0,2,7834.0,8008.0,6,7911.0,0.0,0.0,0.0,0.0,0.0,9
2023-05-09 21:11:14,eb2312,eb2312,7911.0,0.0,0.0,0.0,5,7835.0,8008.0,6,7911.0,0.0,0.0,0.0,0.0,0.0,9
2023-05-09 21:11:15,eb2312,eb2312,7911.0,0.0,0.0,0.0,3,7836.0,8008.0,6,7911.0,0.0,0.0,0.0,0.0,0.0,9
2023-05-09 21:11:15,eb2312,eb2312,7911.0,0.0,0.0,0.0,5,7837.0,8008.0,6,7911.0,0.0,0.0,0.0,0.0,0.0,9
2023-05-09 21:11:16,eb2312,eb2312,7911.0,0.0,0.0,0.0,2,7838.0,8008.0,6,7911.0,0.0,0.0,0.0,0.0,0.0,9
2023-05-09 21:11:16,eb2312,eb2312,7911.0,0.0,0.0,0.0,5,7839.0,8008.0,6,7911.0,0.0,0.0,0.0,0.0,0.0,9
2023-05-09 21:11:17,eb2312,eb2312,7911.0,0.0,0.0,0.0,3,7840.0,8008.0,6,7911.0,0.0,0.0,0.0,0.0,0.0,9
2023-05-09 21:11:18,eb2312,eb2312,7911.0,0.0,0.0,0.0,5,7841.0,8008.0,6,7911.0,0.0,0.0,0.0,0.0,0.0,9
2023-05-09 21:11:19,eb2312,eb2312,7911.0,0.0,0.0,0.0,2,7842.0,8008.0,6,7911.0,0.0,0.0,0.0,0.0,0.0,9
2023-05-09 21:11:19,eb2312,eb2312,7911.0,0.0,0.0,0.0,5,7843.0,8008.0,6,7911.0,0.0,0.0,0.0,0.0,0.0,9
2023-05-09 21:11:20,eb2312,eb2312,7911.0,0.0,0.0,0.0,1,7844.0,8008.0,6,7911.0,0.0,0.0,0.0,0.0,0.0,9
2023-05-09 21:11:21,eb2312,eb2312,7911.0,0.0,0.0,0.0,5,7845.0,8008.0,6,7911.0,0.0,0.0,0.0,0.0,0.0,9
2023-05-09 21:11:25,eb2312,eb2312,7911.0,0.0,0.0,0.0,1,7846.0,8008.0,6,7911.0,0.0,0.0,0.0,0.0,0.0,9
2023-05-09 21:11:26,eb2312,eb2312,7911.0,0.0,0.0,0.0,5,7847.0,8008.0,6,7911.0,0.0,0.0,0.0,0.0,0.0,9
2023-05-09 21:11:29,eb2312,eb2312,7911.0,0.0,0.0,0.0,1,7848.0,8008.0,6,7911.0,0.0,0.0,0.0,0.0,0.0,9
2023-05-09 21:11:29,eb2312,eb2312,7911.0,0.0,0.0,0.0,5,7849.0,8008.0,6,7911.0,0.0,0.0,0.0,0.0,0.0,9
2023-05-09 21:11:32,eb2312,eb2312,7911.0,0.0,0.0,0.0,1,7850.0,8008.0,6,7911.0,0.0,0.0,0.0,0.0,0.0,9
2023-05-09 21:11:32,eb2312,eb2312,7911.0,0.0,0.0,0.0,5,7851.0,8008.0,6,7911.0,0.0,0.0,0.0,0.0,0.0,9
2023-05-09 21:11:34,eb2312,eb2312,7911.0,0.0,0.0,0.0,2,7852.0,8008.0,6,7911.0,0.0,0.0,0.0,0.0,0.0,9
2023-05-09 21:11:34,eb2312,eb2312,7911.0,0.0,0.0,0.0,5,7853.0,8008.0,6,7911.0,0.0,0.0,0.0,0.0,0.0,9
2023-05-09 21:11:56,eb2312,eb2312,7911.0,0.0,0.0,0.0,5,7853.0,8007.0,1,7911.0,0.0,0.0,0.0,0.0,0.0,9
2023-05-09 21:11:59,eb2312,eb2312,7911.0,0.0,0.0,0.0,5,7853.0,8006.0,5,7911.0,0.0,0.0,0.0,0.0,0.0,9
2023-05-09 21:12:00,eb2312,eb2312,7911.0,0.0,0.0,0.0,5,7853.0,8005.0,1,7911.0,0.0,0.0,0.0,0.0,0.0,9
2023-05-09 21:12:01,eb2312,eb2312,7911.0,0.0,0.0,0.0,6,7853.0,8005.0,1,7911.0,0.0,0.0,0.0,0.0,0.0,9
2023-05-09 21:12:02,eb2312,eb2312,7911.0,0.0,0.0,0.0,6,7853.0,8004.0,5,7911.0,0.0,0.0,0.0,0.0,0.0,9
2023-05-09 21:12:03,eb2312,eb2312,7911.0,0.0,0.0,0.0,6,7853.0,8003.0,1,7911.0,0.0,0.0,0.0,0.0,0.0,9
2023-05-09 21:12:03,eb2312,eb2312,7911.0,0.0,0.0,0.0,5,7853.0,8003.0,1,7911.0,0.0,0.0,0.0,0.0,0.0,9
2023-05-09 21:12:04,eb2312,eb2312,7911.0,0.0,0.0,0.0,5,7853.0,8002.0,5,7911.0,0.0,0.0,0.0,0.0,0.0,9
2023-05-09 21:12:11,eb2312,eb2312,7911.0,0.0,0.0,0.0,5,7853.0,8001.0,1,7911.0,0.0,0.0,0.0,0.0,0.0,9
2023-05-09 21:12:12,eb2312,eb2312,7911.0,0.0,0.0,0.0,5,7853.0,8000.0,4,7911.0,0.0,0.0,0.0,0.0,0.0,9
2023-05-09 21:12:14,eb2312,eb2312,7911.0,0.0,0.0,0.0,5,7853.0,7999.0,1,7911.0,0.0,0.0,0.0,0.0,0.0,9
2023-05-09 21:12:16,eb2312,eb2312,7911.0,0.0,0.0,0.0,2,7854.0,7999.0,1,7911.0,0.0,0.0,0.0,0.0,0.0,9
2023-05-09 21:12:16,eb2312,eb2312,7911.0,0.0,0.0,0.0,5,7855.0,7999.0,1,7911.0,0.0,0.0,0.0,0.0,0.0,9
2023-05-09 21:12:19,eb2312,eb2312,7911.0,0.0,0.0,0.0,5,7855.0,7998.0,5,7911.0,0.0,0.0,0.0,0.0,0.0,9
2023-05-09 21:12:20,eb2312,eb2312,7911.0,0.0,0.0,0.0,5,7855.0,7997.0,1,7911.0,0.0,0.0,0.0,0.0,0.0,9
2023-05-09 21:12:23,eb2312,eb2312,7911.0,0.0,0.0,0.0,5,7855.0,7996.0,5,7911.0,0.0,0.0,0.0,0.0,0.0,9
2023-05-09 21:12:26,eb2312,eb2312,7911.0,0.0,0.0,0.0,5,7855.0,7995.0,1,7911.0,0.0,0.0,0.0,0.0,0.0,9
2023-05-09 21:12:27,eb2312,eb2312,7911.0,0.0,0.0,0.0,5,7855.0,7994.0,5,7911.0,0.0,0.0,0.0,0.0,0.0,9
2023-05-09 21:12:29,eb2312,eb2312,7911.0,0.0,0.0,0.0,5,7855.0,7993.0,1,7911.0,0.0,0.0,0.0,0.0,0.0,9
2023-05-09 21:12:31,eb2312,eb2312,7911.0,0.0,0.0,0.0,5,7855.0,7992.0,4,7911.0,0.0,0.0,0.0,0.0,0.0,9
2023-05-09 21:12:32,eb2312,eb2312,7911.0,0.0,0.0,0.0,5,7855.0,7991.0,1,7911.0,0.0,0.0,0.0,0.0,0.0,9
2023-05-09 21:12:34,eb2312,eb2312,7911.0,0.0,0.0,0.0,5,7855.0,7990.0,4,7911.0,0.0,0.0,0.0,0.0,0.0,9
2023-05-09 21:12:38,eb2312,eb2312,7911.0,0.0,0.0,0.0,5,7855.0,7989.0,1,7911.0,0.0,0.0,0.0,0.0,0.0,9
2023-05-09 21:12:40,eb2312,eb2312,7911.0,0.0,0.0,0.0,5,7855.0,7988.0,4,7911.0,0.0,0.0,0.0,0.0,0.0,9
2023-05-09 21:12:42,eb2312,eb2312,7911.0,0.0,0.0,0.0,5,7855.0,7987.0,1,7911.0,0.0,0.0,0.0,0.0,0.0,9
2023-05-09 21:12:43,eb2312,eb2312,7911.0,0.0,0.0,0.0,5,7855.0,7986.0,4,7911.0,0.0,0.0,0.0,0.0,0.0,9
2023-05-09 21:12:48,eb2312,eb2312,7911.0,0.0,0.0,0.0,5,7855.0,7985.0,1,7911.0,0.0,0.0,0.0,0.0,0.0,9
2023-05-09 21:12:49,eb2312,eb2312,7911.0,0.0,0.0,0.0,5,7855.0,7984.0,4,7911.0,0.0,0.0,0.0,0.0,0.0,9
2023-05-09 21:12:50,eb2312,eb2312,7911.0,0.0,0.0,0.0,5,7855.0,7983.0,1,7911.0,0.0,0.0,0.0,0.0,0.0,9
2023-05-09 21:12:51,eb2312,eb2312,7911.0,0.0,0.0,0.0,5,7855.0,7982.0,4,7911.0,0.0,0.0,0.0,0.0,0.0,9
2023-05-09 21:12:54,eb2312,eb2312,7911.0,0.0,0.0,0.0,5,7855.0,7981.0,1,7911.0,0.0,0.0,0.0,0.0,0.0,9
2023-05-09 21:12:55,eb2312,eb2312,7911.0,0.0,0.0,0.0,5,7855.0,7980.0,4,7911.0,0.0,0.0,0.0,0.0,0.0,9
2023-05-09 21:12:57,eb2312,eb2312,7911.0,0.0,0.0,0.0,5,7855.0,7979.0,1,7911.0,0.0,0.0,0.0,0.0,0.0,9
2023-05-09 21:12:58,eb2312,eb2312,7911.0,0.0,0.0,0.0,2,7856.0,7979.0,1,7911.0,0.0,0.0,0.0,0.0,0.0,9
2023-05-09 21:12:58,eb2312,eb2312,7911.0,0.0,0.0,0.0,5,7857.0,7978.0,4,7911.0,0.0,0.0,0.0,0.0,0.0,9
2023-05-09 21:13:00,eb2312,eb2312,7911.0,0.0,0.0,0.0,5,7857.0,7977.0,1,7911.0,0.0,0.0,0.0,0.0,0.0,9
2023-05-09 21:13:02,eb2312,eb2312,7911.0,0.0,0.0,0.0,5,7857.0,7976.0,4,7911.0,0.0,0.0,0.0,0.0,0.0,9
2023-05-09 21:13:03,eb2312,eb2312,7911.0,0.0,0.0,0.0,5,7857.0,7975.0,1,7911.0,0.0,0.0,0.0,0.0,0.0,9
2023-05-09 21:13:04,eb2312,eb2312,7911.0,0.0,0.0,0.0,5,7857.0,7974.0,4,7911.0,0.0,0.0,0.0,0.0,0.0,9
2023-05-09 21:13:06,eb2312,eb2312,7911.0,0.0,0.0,0.0,5,7857.0,7973.0,1,7911.0,0.0,0.0,0.0,0.0,0.0,9
2023-05-09 21:13:08,eb2312,eb2312,7911.0,0.0,0.0,0.0,5,7857.0,7972.0,4,7911.0,0.0,0.0,0.0,0.0,0.0,9
2023-05-09 21:13:09,eb2312,eb2312,7911.0,0.0,0.0,0.0,5,7857.0,7971.0,1,7911.0,0.0,0.0,0.0,0.0,0.0,9
2023-05-09 21:13:13,eb2312,eb2312,7911.0,0.0,0.0,0.0,5,7857.0,7970.0,4,7911.0,0.0,0.0,0.0,0.0,0.0,9
2023-05-09 21:13:14,eb2312,eb2312,7911.0,0.0,0.0,0.0,5,7857.0,7969.0,1,7911.0,0.0,0.0,0.0,0.0,0.0,9
2023-05-09 21:13:16,eb2312,eb2312,7911.0,0.0,0.0,0.0,5,7857.0,7968.0,1,7911.0,0.0,0.0,0.0,0.0,0.0,9
2023-05-09 21:13:16,eb2312,eb2312,7911.0,0.0,0.0,0.0,5,7857.0,7967.0,3,7911.0,0.0,0.0,0.0,0.0,0.0,9
2023-05-09 21:13:17,eb2312,eb2312,7911.0,0.0,0.0,0.0,5,7857.0,7966.0,1,7911.0,0.0,0.0,0.0,0.0,0.0,9
2023-05-09 21:13:19,eb2312,eb2312,7911.0,0.0,0.0,0.0,5,7857.0,7965.0,1,7911.0,0.0,0.0,0.0,0.0,0.0,9
2023-05-09 21:13:20,eb2312,eb2312,7911.0,0.0,0.0,0.0,5,7857.0,7964.0,2,7911.0,0.0,0.0,0.0,0.0,0.0,9
2023-05-09 21:13:23,eb2312,eb2312,7911.0,0.0,0.0,0.0,5,7857.0,7963.0,3,7911.0,0.0,0.0,0.0,0.0,0.0,9
2023-05-09 21:13:24,eb2312,eb2312,7911.0,0.0,0.0,0.0,5,7857.0,7962.0,2,7911.0,0.0,0.0,0.0,0.0,0.0,9
2023-05-09 21:13:26,eb2312,eb2312,7911.0,0.0,0.0,0.0,5,7857.0,7961.0,3,7911.0,0.0,0.0,0.0,0.0,0.0,9
2023-05-09 21:13:28,eb2312,eb2312,7911.0,0.0,0.0,0.0,5,7857.0,7960.0,2,7911.0,0.0,0.0,0.0,0.0,0.0,9
2023-05-09 21:13:32,eb2312,eb2312,7911.0,0.0,0.0,0.0,5,7857.0,7959.0,3,7911.0,0.0,0.0,0.0,0.0,0.0,9
2023-05-09 21:13:34,eb2312,eb2312,7911.0,0.0,0.0,0.0,5,7857.0,7958.0,2,7911.0,0.0,0.0,0.0,0.0,0.0,9
2023-05-09 21:13:35,eb2312,eb2312,7911.0,0.0,0.0,0.0,5,7857.0,7957.0,3,7911.0,0.0,0.0,0.0,0.0,0.0,9
2023-05-09 21:13:39,eb2312,eb2312,7911.0,0.0,0.0,0.0,2,7858.0,7957.0,3,7911.0,0.0,0.0,0.0,0.0,0.0,9
2023-05-09 21:13:39,eb2312,eb2312,7911.0,0.0,0.0,0.0,5,7859.0,7956.0,2,7911.0,0.0,0.0,0.0,0.0,0.0,9
2023-05-09 21:13:40,eb2312,eb2312,7911.0,0.0,0.0,0.0,5,7859.0,7955.0,3,7911.0,0.0,0.0,0.0,0.0,0.0,9
2023-05-09 21:13:45,eb2312,eb2312,7911.0,0.0,0.0,0.0,5,7859.0,7954.0,2,7911.0,0.0,0.0,0.0,0.0,0.0,9
2023-05-09 21:13:46,eb2312,eb2312,7911.0,0.0,0.0,0.0,5,7859.0,7953.0,2,7911.0,0.0,0.0,0.0,0.0,0.0,9
2023-05-09 21:13:48,eb2312,eb2312,7911.0,0.0,0.0,0.0,5,7859.0,7952.0,3,7911.0,0.0,0.0,0.0,0.0,0.0,9
2023-05-09 21:13:50,eb2312,eb2312,7911.0,0.0,0.0,0.0,5,7859.0,7951.0,2,7911.0,0.0,0.0,0.0,0.0,0.0,9
2023-05-09 21:13:51,eb2312,eb2312,7911.0,0.0,0.0,0.0,5,7859.0,7950.0,3,7911.0,0.0,0.0,0.0,0.0,0.0,9
2023-05-09 21:13:53,eb2312,eb2312,7911.0,0.0,0.0,0.0,5,7859.0,7949.0,2,7911.0,0.0,0.0,0.0,0.0,0.0,9
2023-05-09 21:13:56,eb2312,eb2312,7911.0,0.0,0.0,0.0,5,7859.0,7948.0,3,7911.0,0.0,0.0,0.0,0.0,0.0,9
2023-05-09 21:14:02,eb2312,eb2312,7911.0,0.0,0.0,0.0,5,7859.0,7947.0,2,7911.0,0.0,0.0,0.0,0.0,0.0,9
2023-05-09 21:14:03,eb2312,eb2312,7911.0,0.0,0.0,0.0,5,7859.0,7946.0,3,7911.0,0.0,0.0,0.0,0.0,0.0,9
2023-05-09 21:14:05,eb2312,eb2312,7911.0,0.0,0.0,0.0,5,7859.0,7945.0,1,7911.0,0.0,0.0,0.0,0.0,0.0,9
2023-05-09 21:14:05,eb2312,eb2312,7911.0,0.0,0.0,0.0,5,7859.0,7944.0,1,7911.0,0.0,0.0,0.0,0.0,0.0,9
2023-05-09 21:14:06,eb2312,eb2312,7911.0,0.0,0.0,0.0,5,7859.0,7944.0,3,7911.0,0.0,0.0,0.0,0.0,0.0,9
2023-05-09 21:14:08,eb2312,eb2312,7911.0,0.0,0.0,0.0,5,7859.0,7944.0,2,7911.0,0.0,0.0,0.0,0.0,0.0,9
2023-05-09 21:14:08,eb2312,eb2312,7911.0,0.0,0.0,0.0,5,7859.0,7944.0,1,7911.0,0.0,0.0,0.0,0.0,0.0,9
2023-05-09 21:14:12,eb2312,eb2312,7911.0,0.0,0.0,0.0,5,7859.0,7944.0,5,7911.0,0.0,0.0,0.0,0.0,0.0,9
2023-05-09 21:14:14,eb2312,eb2312,7911.0,0.0,0.0,0.0,5,7859.0,7944.0,1,7911.0,0.0,0.0,0.0,0.0,0.0,9
2023-05-09 21:14:20,eb2312,eb2312,7911.0,0.0,0.0,0.0,2,7860.0,7944.0,1,7911.0,0.0,0.0,0.0,0.0,0.0,9
2023-05-09 21:14:20,eb2312,eb2312,7911.0,0.0,0.0,0.0,5,7861.0,7944.0,1,7911.0,0.0,0.0,0.0,0.0,0.0,9
2023-05-09 21:14:20,eb2312,eb2312,7911.0,0.0,0.0,0.0,5,7861.0,8238.0,1,7911.0,0.0,0.0,0.0,0.0,0.0,9
2023-05-09 21:14:21,eb2312,eb2312,7911.0,0.0,0.0,0.0,5,7861.0,8237.0,4,7911.0,0.0,0.0,0.0,0.0,0.0,9
2023-05-09 21:14:22,eb2312,eb2312,7911.0,0.0,0.0,0.0,5,7861.0,8235.0,1,7911.0,0.0,0.0,0.0,0.0,0.0,9
2023-05-09 21:14:26,eb2312,eb2312,7911.0,0.0,0.0,0.0,5,7861.0,8234.0,11,7911.0,0.0,0.0,0.0,0.0,0.0,9
2023-05-09 21:14:26,eb2312,eb2312,7911.0,0.0,0.0,0.0,5,7861.0,8232.0,1,7911.0,0.0,0.0,0.0,0.0,0.0,9
2023-05-09 21:14:29,eb2312,eb2312,7911.0,0.0,0.0,0.0,5,7861.0,8231.0,12,7911.0,0.0,0.0,0.0,0.0,0.0,9
2023-05-09 21:14:30,eb2312,eb2312,7911.0,0.0,0.0,0.0,5,7861.0,8229.0,1,7911.0,0.0,0.0,0.0,0.0,0.0,9
2023-05-09 21:14:32,eb2312,eb2312,7911.0,0.0,0.0,0.0,5,7861.0,8228.0,11,7911.0,0.0,0.0,0.0,0.0,0.0,9
2023-05-09 21:14:33,eb2312,eb2312,7911.0,0.0,0.0,0.0,5,7861.0,8226.0,1,7911.0,0.0,0.0,0.0,0.0,0.0,9
2023-05-09 21:14:35,eb2312,eb2312,7911.0,0.0,0.0,0.0,5,7861.0,8225.0,1,7911.0,0.0,0.0,0.0,0.0,0.0,9
2023-05-09 21:14:35,eb2312,eb2312,7911.0,0.0,0.0,0.0,5,7861.0,8223.0,1,7911.0,0.0,0.0,0.0,0.0,0.0,9
2023-05-09 21:14:37,eb2312,eb2312,7911.0,0.0,0.0,0.0,5,7861.0,8222.0,1,7911.0,0.0,0.0,0.0,0.0,0.0,9
2023-05-09 21:14:38,eb2312,eb2312,7911.0,0.0,0.0,0.0,5,7861.0,8220.0,1,7911.0,0.0,0.0,0.0,0.0,0.0,9
2023-05-09 21:14:39,eb2312,eb2312,7911.0,0.0,0.0,0.0,5,7861.0,8219.0,9,7911.0,0.0,0.0,0.0,0.0,0.0,9
2023-05-09 21:14:39,eb2312,eb2312,7911.0,0.0,0.0,0.0,5,7861.0,8217.0,1,7911.0,0.0,0.0,0.0,0.0,0.0,9
2023-05-09 21:14:41,eb2312,eb2312,7911.0,0.0,0.0,0.0,5,7861.0,8216.0,1,7911.0,0.0,0.0,0.0,0.0,0.0,9
2023-05-09 21:14:42,eb2312,eb2312,7911.0,0.0,0.0,0.0,5,7861.0,8214.0,1,7911.0,0.0,0.0,0.0,0.0,0.0,9
2023-05-09 21:14:42,eb2312,eb2312,7911.0,0.0,0.0,0.0,5,7861.0,8213.0,7,7911.0,0.0,0.0,0.0,0.0,0.0,9
2023-05-09 21:14:42,eb2312,eb2312,7911.0,0.0,0.0,0.0,5,7861.0,8212.0,1,7911.0,0.0,0.0,0.0,0.0,0.0,9
2023-05-09 21:14:45,eb2312,eb2312,7911.0,0.0,0.0,0.0,5,7861.0,8211.0,2,7911.0,0.0,0.0,0.0,0.0,0.0,9
2023-05-09 21:14:46,eb2312,eb2312,7911.0,0.0,0.0,0.0,5,7861.0,8210.0,9,7911.0,0.0,0.0,0.0,0.0,0.0,9
2023-05-09 21:14:49,eb2312,eb2312,7911.0,0.0,0.0,0.0,5,7861.0,8209.0,2,7911.0,0.0,0.0,0.0,0.0,0.0,9
2023-05-09 21:14:50,eb2312,eb2312,7911.0,0.0,0.0,0.0,5,7861.0,8208.0,9,7911.0,0.0,0.0,0.0,0.0,0.0,9
2023-05-09 21:14:52,eb2312,eb2312,7911.0,0.0,0.0,0.0,5,7861.0,8207.0,2,7911.0,0.0,0.0,0.0,0.0,0.0,9
2023-05-09 21:14:54,eb2312,eb2312,7911.0,0.0,0.0,0.0,5,7861.0,8206.0,9,7911.0,0.0,0.0,0.0,0.0,0.0,9
2023-05-09 21:14:56,eb2312,eb2312,7911.0,0.0,0.0,0.0,5,7861.0,8205.0,2,7911.0,0.0,0.0,0.0,0.0,0.0,9
2023-05-09 21:14:57,eb2312,eb2312,7911.0,0.0,0.0,0.0,5,7861.0,8204.0,9,7911.0,0.0,0.0,0.0,0.0,0.0,9
2023-05-09 21:15:01,eb2312,eb2312,7911.0,0.0,0.0,0.0,5,7861.0,8203.0,4,7911.0,0.0,0.0,0.0,0.0,0.0,9
2023-05-09 21:15:02,eb2312,eb2312,7911.0,0.0,0.0,0.0,5,7861.0,8202.0,9,7911.0,0.0,0.0,0.0,0.0,0.0,9
2023-05-09 21:15:04,eb2312,eb2312,7911.0,0.0,0.0,0.0,5,7861.0,8201.0,2,7911.0,0.0,0.0,0.0,0.0,0.0,9
2023-05-09 21:15:10,eb2312,eb2312,7911.0,0.0,0.0,0.0,5,7861.0,8200.0,1,7911.0,0.0,0.0,0.0,0.0,0.0,9
2023-05-09 21:15:11,eb2312,eb2312,7911.0,0.0,0.0,0.0,5,7861.0,8199.0,11,7911.0,0.0,0.0,0.0,0.0,0.0,9
2023-05-09 21:15:12,eb2312,eb2312,7911.0,0.0,0.0,0.0,5,7861.0,8199.0,12,7911.0,0.0,0.0,0.0,0.0,0.0,9
2023-05-09 21:15:42,eb2312,eb2312,7911.0,0.0,0.0,0.0,5,7861.0,8198.0,2,7911.0,0.0,0.0,0.0,0.0,0.0,9
2023-05-09 21:15:45,eb2312,eb2312,7911.0,0.0,0.0,0.0,5,7861.0,8197.0,11,7911.0,0.0,0.0,0.0,0.0,0.0,9
2023-05-09 21:16:26,eb2312,eb2312,7911.0,0.0,0.0,0.0,5,7861.0,8196.0,2,7911.0,0.0,0.0,0.0,0.0,0.0,9
2023-05-09 21:16:27,eb2312,eb2312,7911.0,0.0,0.0,0.0,5,7861.0,8195.0,1,7911.0,0.0,0.0,0.0,0.0,0.0,9
2023-05-09 21:16:27,eb2312,eb2312,7911.0,0.0,0.0,0.0,5,7861.0,8194.0,4,7911.0,0.0,0.0,0.0,0.0,0.0,9
2023-05-09 21:16:30,eb2312,eb2312,7911.0,0.0,0.0,0.0,5,7861.0,8193.0,7,7911.0,0.0,0.0,0.0,0.0,0.0,9
2023-05-09 21:16:31,eb2312,eb2312,7911.0,0.0,0.0,0.0,5,7861.0,8192.0,4,7911.0,0.0,0.0,0.0,0.0,0.0,9
2023-05-09 21:16:33,eb2312,eb2312,7911.0,0.0,0.0,0.0,5,7861.0,8191.0,7,7911.0,0.0,0.0,0.0,0.0,0.0,9
2023-05-09 21:16:34,eb2312,eb2312,7911.0,0.0,0.0,0.0,5,7861.0,8190.0,4,7911.0,0.0,0.0,0.0,0.0,0.0,9
2023-05-09 21:16:40,eb2312,eb2312,7911.0,0.0,0.0,0.0,5,7861.0,8189.0,1,7911.0,0.0,0.0,0.0,0.0,0.0,9
2023-05-09 21:16:41,eb2312,eb2312,7911.0,0.0,0.0,0.0,5,7861.0,8188.0,5,7911.0,0.0,0.0,0.0,0.0,0.0,9
2023-05-09 21:16:47,eb2312,eb2312,7911.0,0.0,0.0,0.0,5,7861.0,8187.0,2,7911.0,0.0,0.0,0.0,0.0,0.0,9
2023-05-09 21:16:49,eb2312,eb2312,7911.0,0.0,0.0,0.0,5,7861.0,8186.0,10,7911.0,0.0,0.0,0.0,0.0,0.0,9
2023-05-09 21:16:51,eb2312,eb2312,7911.0,0.0,0.0,0.0,5,7861.0,8185.0,2,7911.0,0.0,0.0,0.0,0.0,0.0,9
2023-05-09 21:16:53,eb2312,eb2312,7911.0,0.0,0.0,0.0,5,7861.0,8184.0,9,7911.0,0.0,0.0,0.0,0.0,0.0,9
2023-05-09 21:16:53,eb2312,eb2312,7911.0,0.0,0.0,0.0,5,7861.0,8184.0,10,7911.0,0.0,0.0,0.0,0.0,0.0,9
2023-05-09 21:16:54,eb2312,eb2312,7911.0,0.0,0.0,0.0,5,7861.0,8183.0,2,7911.0,0.0,0.0,0.0,0.0,0.0,9
2023-05-09 21:16:55,eb2312,eb2312,7911.0,0.0,0.0,0.0,5,7861.0,8182.0,10,7911.0,0.0,0.0,0.0,0.0,0.0,9
2023-05-09 21:16:59,eb2312,eb2312,7911.0,0.0,0.0,0.0,5,7861.0,8181.0,2,7911.0,0.0,0.0,0.0,0.0,0.0,9
2023-05-09 21:17:01,eb2312,eb2312,7911.0,0.0,0.0,0.0,5,7861.0,8180.0,10,7911.0,0.0,0.0,0.0,0.0,0.0,9
2023-05-09 21:17:02,eb2312,eb2312,7911.0,0.0,0.0,0.0,5,7861.0,8179.0,2,7911.0,0.0,0.0,0.0,0.0,0.0,9
2023-05-09 21:17:04,eb2312,eb2312,7911.0,0.0,0.0,0.0,5,7861.0,8178.0,3,7911.0,0.0,0.0,0.0,0.0,0.0,9
2023-05-09 21:17:05,eb2312,eb2312,7911.0,0.0,0.0,0.0,5,7861.0,8177.0,9,7911.0,0.0,0.0,0.0,0.0,0.0,9
2023-05-09 21:17:07,eb2312,eb2312,7911.0,0.0,0.0,0.0,5,7861.0,8176.0,3,7911.0,0.0,0.0,0.0,0.0,0.0,9
2023-05-09 21:17:08,eb2312,eb2312,7911.0,0.0,0.0,0.0,5,7861.0,8175.0,9,7911.0,0.0,0.0,0.0,0.0,0.0,9
2023-05-09 21:17:10,eb2312,eb2312,7911.0,0.0,0.0,0.0,5,7861.0,8174.0,3,7911.0,0.0,0.0,0.0,0.0,0.0,9
2023-05-09 21:17:10,eb2312,eb2312,7911.0,0.0,0.0,0.0,5,7861.0,8174.0,5,7911.0,0.0,0.0,0.0,0.0,0.0,9
2023-05-09 21:17:12,eb2312,eb2312,7911.0,0.0,0.0,0.0,5,7861.0,8173.0,9,7911.0,0.0,0.0,0.0,0.0,0.0,9
2023-05-09 21:17:12,eb2312,eb2312,7911.0,0.0,0.0,0.0,5,7861.0,8172.0,3,7911.0,0.0,0.0,0.0,0.0,0.0,9
2023-05-09 21:17:15,eb2312,eb2312,7911.0,0.0,0.0,0.0,5,7861.0,8171.0,9,7911.0,0.0,0.0,0.0,0.0,0.0,9
2023-05-09 21:17:15,eb2312,eb2312,7911.0,0.0,0.0,0.0,5,7861.0,8171.0,10,7911.0,0.0,0.0,0.0,0.0,0.0,9
2023-05-09 21:17:17,eb2312,eb2312,7911.0,0.0,0.0,0.0,5,7861.0,8170.0,3,7911.0,0.0,0.0,0.0,0.0,0.0,9
2023-05-09 21:17:18,eb2312,eb2312,7911.0,0.0,0.0,0.0,5,7861.0,8169.0,9,7911.0,0.0,0.0,0.0,0.0,0.0,9
2023-05-09 21:17:20,eb2312,eb2312,7911.0,0.0,0.0,0.0,5,7861.0,8168.0,3,7911.0,0.0,0.0,0.0,0.0,0.0,9
2023-05-09 21:17:21,eb2312,eb2312,7911.0,0.0,0.0,0.0,5,7861.0,8167.0,1,7911.0,0.0,0.0,0.0,0.0,0.0,9
2023-05-09 21:17:23,eb2312,eb2312,7911.0,0.0,0.0,0.0,5,7861.0,8166.0,5,7911.0,0.0,0.0,0.0,0.0,0.0,9
2023-05-09 21:17:24,eb2312,eb2312,7911.0,0.0,0.0,0.0,5,7861.0,8166.0,6,7911.0,0.0,0.0,0.0,0.0,0.0,9
2023-05-09 21:17:24,eb2312,eb2312,7911.0,0.0,0.0,0.0,5,7861.0,8165.0,1,7911.0,0.0,0.0,0.0,0.0,0.0,9
2023-05-09 21:17:24,eb2312,eb2312,7911.0,0.0,0.0,0.0,5,7861.0,8165.0,2,7911.0,0.0,0.0,0.0,0.0,0.0,9
2023-05-09 21:17:26,eb2312,eb2312,7911.0,0.0,0.0,0.0,5,7861.0,8164.0,5,7911.0,0.0,0.0,0.0,0.0,0.0,9
2023-05-09 21:17:27,eb2312,eb2312,7911.0,0.0,0.0,0.0,5,7861.0,8163.0,1,7911.0,0.0,0.0,0.0,0.0,0.0,9
2023-05-09 21:17:27,eb2312,eb2312,7911.0,0.0,0.0,0.0,5,7861.0,8162.0,4,7911.0,0.0,0.0,0.0,0.0,0.0,9
2023-05-09 21:17:29,eb2312,eb2312,7911.0,0.0,0.0,0.0,5,7861.0,8161.0,4,7911.0,0.0,0.0,0.0,0.0,0.0,9
2023-05-09 21:17:31,eb2312,eb2312,7911.0,0.0,0.0,0.0,5,7861.0,8160.0,5,7911.0,0.0,0.0,0.0,0.0,0.0,9
2023-05-09 21:17:31,eb2312,eb2312,7911.0,0.0,0.0,0.0,5,7861.0,8160.0,6,7911.0,0.0,0.0,0.0,0.0,0.0,9
2023-05-09 21:17:32,eb2312,eb2312,7911.0,0.0,0.0,0.0,5,7861.0,8159.0,4,7911.0,0.0,0.0,0.0,0.0,0.0,9
2023-05-09 21:17:34,eb2312,eb2312,7911.0,0.0,0.0,0.0,5,7861.0,8158.0,6,7911.0,0.0,0.0,0.0,0.0,0.0,9
2023-05-09 21:17:35,eb2312,eb2312,7911.0,0.0,0.0,0.0,5,7861.0,8157.0,4,7911.0,0.0,0.0,0.0,0.0,0.0,9
2023-05-09 21:17:38,eb2312,eb2312,7911.0,0.0,0.0,0.0,5,7861.0,8156.0,5,7911.0,0.0,0.0,0.0,0.0,0.0,9
2023-05-09 21:17:38,eb2312,eb2312,7911.0,0.0,0.0,0.0,5,7861.0,8156.0,6,7911.0,0.0,0.0,0.0,0.0,0.0,9
2023-05-09 21:17:39,eb2312,eb2312,7911.0,0.0,0.0,0.0,5,7861.0,8155.0,4,7911.0,0.0,0.0,0.0,0.0,0.0,9
2023-05-09 21:17:40,eb2312,eb2312,7911.0,0.0,0.0,0.0,5,7861.0,8154.0,1,7911.0,0.0,0.0,0.0,0.0,0.0,9
2023-05-09 21:17:40,eb2312,eb2312,7911.0,0.0,0.0,0.0,5,7861.0,8153.0,4,7911.0,0.0,0.0,0.0,0.0,0.0,9
2023-05-09 21:17:42,eb2312,eb2312,7911.0,0.0,0.0,0.0,5,7861.0,8152.0,4,7911.0,0.0,0.0,0.0,0.0,0.0,9
2023-05-09 21:17:46,eb2312,eb2312,7911.0,0.0,0.0,0.0,5,7861.0,8151.0,6,7911.0,0.0,0.0,0.0,0.0,0.0,9
2023-05-09 21:17:46,eb2312,eb2312,7911.0,0.0,0.0,0.0,5,7861.0,8150.0,1,7911.0,0.0,0.0,0.0,0.0,0.0,9
2023-05-09 21:17:50,eb2312,eb2312,7911.0,0.0,0.0,0.0,5,7861.0,8149.0,4,7911.0,0.0,0.0,0.0,0.0,0.0,9
2023-05-09 21:17:53,eb2312,eb2312,7911.0,0.0,0.0,0.0,5,7861.0,8148.0,2,7911.0,0.0,0.0,0.0,0.0,0.0,9
2023-05-09 21:17:54,eb2312,eb2312,7911.0,0.0,0.0,0.0,5,7861.0,8148.0,3,7911.0,0.0,0.0,0.0,0.0,0.0,9
2023-05-09 21:17:55,eb2312,eb2312,7911.0,0.0,0.0,0.0,5,7861.0,8147.0,4,7911.0,0.0,0.0,0.0,0.0,0.0,9
2023-05-09 21:18:01,eb2312,eb2312,7911.0,0.0,0.0,0.0,5,7861.0,8146.0,1,7911.0,0.0,0.0,0.0,0.0,0.0,9
2023-05-09 21:18:02,eb2312,eb2312,7911.0,0.0,0.0,0.0,5,7861.0,8145.0,4,7911.0,0.0,0.0,0.0,0.0,0.0,9
2023-05-09 21:18:36,eb2312,eb2312,7911.0,0.0,0.0,0.0,5,7861.0,8144.0,2,7911.0,0.0,0.0,0.0,0.0,0.0,9
2023-05-09 21:18:37,eb2312,eb2312,7911.0,0.0,0.0,0.0,5,7861.0,8143.0,4,7911.0,0.0,0.0,0.0,0.0,0.0,9
2023-05-09 21:18:53,eb2312,eb2312,7911.0,0.0,0.0,0.0,6,7861.0,8143.0,4,7911.0,0.0,0.0,0.0,0.0,0.0,9
2023-05-09 21:18:57,eb2312,eb2312,7911.0,0.0,0.0,0.0,5,7861.0,8143.0,4,7911.0,0.0,0.0,0.0,0.0,0.0,9
2023-05-09 21:19:21,eb2312,eb2312,7911.0,0.0,0.0,0.0,5,7861.0,8142.0,2,7911.0,0.0,0.0,0.0,0.0,0.0,9
2023-05-09 21:19:21,eb2312,eb2312,7911.0,0.0,0.0,0.0,1,7684.0,8141.0,1,7911.0,0.0,0.0,0.0,0.0,0.0,9
2023-05-09 21:19:22,eb2312,eb2312,7911.0,0.0,0.0,0.0,9,7685.0,8141.0,3,7911.0,0.0,0.0,0.0,0.0,0.0,9
2023-05-09 21:19:22,eb2312,eb2312,7911.0,0.0,0.0,0.0,5,7686.0,8140.0,2,7911.0,0.0,0.0,0.0,0.0,0.0,9
2023-05-09 21:19:27,eb2312,eb2312,7911.0,0.0,0.0,0.0,8,7687.0,8139.0,2,7911.0,0.0,0.0,0.0,0.0,0.0,9
2023-05-09 21:19:27,eb2312,eb2312,7911.0,0.0,0.0,0.0,5,7688.0,8139.0,2,7911.0,0.0,0.0,0.0,0.0,0.0,9
2023-05-09 21:19:27,eb2312,eb2312,7911.0,0.0,0.0,0.0,5,7688.0,8138.0,2,7911.0,0.0,0.0,0.0,0.0,0.0,9
2023-05-09 21:19:30,eb2312,eb2312,7911.0,0.0,0.0,0.0,9,7689.0,8137.0,2,7911.0,0.0,0.0,0.0,0.0,0.0,9
2023-05-09 21:19:30,eb2312,eb2312,7911.0,0.0,0.0,0.0,5,7690.0,8137.0,2,7911.0,0.0,0.0,0.0,0.0,0.0,9
2023-05-09 21:19:33,eb2312,eb2312,7911.0,0.0,0.0,0.0,9,7691.0,8136.0,2,7911.0,0.0,0.0,0.0,0.0,0.0,9
2023-05-09 21:19:33,eb2312,eb2312,7911.0,0.0,0.0,0.0,5,7692.0,8136.0,2,7911.0,0.0,0.0,0.0,0.0,0.0,9
2023-05-09 21:19:39,eb2312,eb2312,7911.0,0.0,0.0,0.0,5,7692.0,8135.0,1,7911.0,0.0,0.0,0.0,0.0,0.0,9
2023-05-09 21:19:39,eb2312,eb2312,7911.0,0.0,0.0,0.0,9,7693.0,8134.0,2,7911.0,0.0,0.0,0.0,0.0,0.0,9
2023-05-09 21:19:39,eb2312,eb2312,7911.0,0.0,0.0,0.0,5,7694.0,8134.0,2,7911.0,0.0,0.0,0.0,0.0,0.0,9
2023-05-09 21:19:45,eb2312,eb2312,7911.0,0.0,0.0,0.0,5,7694.0,8133.0,2,7911.0,0.0,0.0,0.0,0.0,0.0,9
2023-05-09 21:19:46,eb2312,eb2312,7911.0,0.0,0.0,0.0,2,7695.0,8133.0,2,7911.0,0.0,0.0,0.0,0.0,0.0,9
2023-05-09 21:19:46,eb2312,eb2312,7911.0,0.0,0.0,0.0,6,7696.0,8133.0,2,7911.0,0.0,0.0,0.0,0.0,0.0,9
2023-05-09 21:19:47,eb2312,eb2312,7911.0,0.0,0.0,0.0,1,7697.0,8133.0,2,7911.0,0.0,0.0,0.0,0.0,0.0,9
2023-05-09 21:19:48,eb2312,eb2312,7911.0,0.0,0.0,0.0,5,7698.0,8133.0,2,7911.0,0.0,0.0,0.0,0.0,0.0,9
2023-05-09 21:19:51,eb2312,eb2312,7911.0,0.0,0.0,0.0,5,7698.0,8132.0,1,7911.0,0.0,0.0,0.0,0.0,0.0,9
2023-05-09 21:19:52,eb2312,eb2312,7911.0,0.0,0.0,0.0,9,7699.0,8132.0,2,7911.0,0.0,0.0,0.0,0.0,0.0,9
2023-05-09 21:19:52,eb2312,eb2312,7911.0,0.0,0.0,0.0,5,7700.0,8131.0,1,7911.0,0.0,0.0,0.0,0.0,0.0,9
2023-05-09 21:19:53,eb2312,eb2312,7911.0,0.0,0.0,0.0,5,7700.0,8130.0,1,7911.0,0.0,0.0,0.0,0.0,0.0,9
2023-05-09 21:19:56,eb2312,eb2312,7911.0,0.0,0.0,0.0,9,7701.0,8129.0,3,7911.0,0.0,0.0,0.0,0.0,0.0,9
2023-05-09 21:19:56,eb2312,eb2312,7911.0,0.0,0.0,0.0,5,7702.0,8129.0,3,7911.0,0.0,0.0,0.0,0.0,0.0,9
2023-05-09 21:19:56,eb2312,eb2312,7911.0,0.0,0.0,0.0,5,7702.0,8128.0,1,7911.0,0.0,0.0,0.0,0.0,0.0,9
2023-05-09 21:20:00,eb2312,eb2312,7911.0,0.0,0.0,0.0,9,7703.0,8127.0,3,7911.0,0.0,0.0,0.0,0.0,0.0,9
2023-05-09 21:20:00,eb2312,eb2312,7911.0,0.0,0.0,0.0,5,7704.0,8127.0,3,7911.0,0.0,0.0,0.0,0.0,0.0,9
2023-05-09 21:20:01,eb2312,eb2312,7911.0,0.0,0.0,0.0,5,7704.0,8126.0,1,7911.0,0.0,0.0,0.0,0.0,0.0,9
2023-05-09 21:20:02,eb2312,eb2312,7911.0,0.0,0.0,0.0,2,7705.0,8126.0,1,7911.0,0.0,0.0,0.0,0.0,0.0,9
2023-05-09 21:20:03,eb2312,eb2312,7911.0,0.0,0.0,0.0,5,7706.0,8126.0,1,7911.0,0.0,0.0,0.0,0.0,0.0,9
2023-05-09 21:20:03,eb2312,eb2312,7911.0,0.0,0.0,0.0,8,7707.0,8125.0,3,7911.0,0.0,0.0,0.0,0.0,0.0,9
2023-05-09 21:20:03,eb2312,eb2312,7911.0,0.0,0.0,0.0,5,7708.0,8125.0,3,7911.0,0.0,0.0,0.0,0.0,0.0,9
2023-05-09 21:20:04,eb2312,eb2312,7911.0,0.0,0.0,0.0,5,7708.0,8124.0,1,7911.0,0.0,0.0,0.0,0.0,0.0,9
2023-05-09 21:20:06,eb2312,eb2312,7911.0,0.0,0.0,0.0,1,7709.0,8124.0,1,7911.0,0.0,0.0,0.0,0.0,0.0,9
2023-05-09 21:20:07,eb2312,eb2312,7911.0,0.0,0.0,0.0,12,7710.0,8123.0,3,7911.0,0.0,0.0,0.0,0.0,0.0,9
2023-05-09 21:20:07,eb2312,eb2312,7911.0,0.0,0.0,0.0,12,7710.0,8122.0,1,7911.0,0.0,0.0,0.0,0.0,0.0,9
2023-05-09 21:20:08,eb2312,eb2312,7911.0,0.0,0.0,0.0,1,7711.0,8122.0,1,7911.0,0.0,0.0,0.0,0.0,0.0,9
2023-05-09 21:20:09,eb2312,eb2312,7911.0,0.0,0.0,0.0,5,7712.0,8122.0,1,7911.0,0.0,0.0,0.0,0.0,0.0,9
2023-05-09 21:20:11,eb2312,eb2312,7911.0,0.0,0.0,0.0,7,7713.0,8121.0,2,7911.0,0.0,0.0,0.0,0.0,0.0,9
2023-05-09 21:20:11,eb2312,eb2312,7911.0,0.0,0.0,0.0,6,7714.0,8121.0,2,7911.0,0.0,0.0,0.0,0.0,0.0,9
2023-05-09 21:20:14,eb2312,eb2312,7911.0,0.0,0.0,0.0,7,7715.0,8120.0,1,7911.0,0.0,0.0,0.0,0.0,0.0,9
2023-05-09 21:20:14,eb2312,eb2312,7911.0,0.0,0.0,0.0,5,7716.0,8120.0,1,7911.0,0.0,0.0,0.0,0.0,0.0,9
2023-05-09 21:20:14,eb2312,eb2312,7911.0,0.0,0.0,0.0,6,7716.0,8119.0,2,7911.0,0.0,0.0,0.0,0.0,0.0,9
2023-05-09 21:20:17,eb2312,eb2312,7911.0,0.0,0.0,0.0,7,7717.0,8118.0,1,7911.0,0.0,0.0,0.0,0.0,0.0,9
2023-05-09 21:20:17,eb2312,eb2312,7911.0,0.0,0.0,0.0,5,7718.0,8118.0,1,7911.0,0.0,0.0,0.0,0.0,0.0,9
2023-05-09 21:20:18,eb2312,eb2312,7911.0,0.0,0.0,0.0,1,7719.0,8117.0,2,7911.0,0.0,0.0,0.0,0.0,0.0,9
2023-05-09 21:20:18,eb2312,eb2312,7911.0,0.0,0.0,0.0,5,7720.0,8117.0,2,7911.0,0.0,0.0,0.0,0.0,0.0,9
2023-05-09 21:20:24,eb2312,eb2312,7911.0,0.0,0.0,0.0,8,7721.0,8116.0,1,7911.0,0.0,0.0,0.0,0.0,0.0,9
2023-05-09 21:20:24,eb2312,eb2312,7911.0,0.0,0.0,0.0,6,7722.0,8115.0,1,7911.0,0.0,0.0,0.0,0.0,0.0,9
2023-05-09 21:20:24,eb2312,eb2312,7911.0,0.0,0.0,0.0,6,7722.0,8115.0,3,7911.0,0.0,0.0,0.0,0.0,0.0,9
2023-05-09 21:20:27,eb2312,eb2312,7911.0,0.0,0.0,0.0,8,7723.0,8114.0,1,7911.0,0.0,0.0,0.0,0.0,0.0,9
2023-05-09 21:20:27,eb2312,eb2312,7911.0,0.0,0.0,0.0,5,7724.0,8114.0,1,7911.0,0.0,0.0,0.0,0.0,0.0,9
2023-05-09 21:20:33,eb2312,eb2312,7911.0,0.0,0.0,0.0,6,7725.0,8113.0,2,7911.0,0.0,0.0,0.0,0.0,0.0,9
2023-05-09 21:20:33,eb2312,eb2312,7911.0,0.0,0.0,0.0,5,7726.0,8113.0,2,7911.0,0.0,0.0,0.0,0.0,0.0,9
2023-05-09 21:20:39,eb2312,eb2312,7911.0,0.0,0.0,0.0,8,7727.0,8112.0,1,7911.0,0.0,0.0,0.0,0.0,0.0,9
2023-05-09 21:20:39,eb2312,eb2312,7911.0,0.0,0.0,0.0,6,7728.0,8112.0,1,7911.0,0.0,0.0,0.0,0.0,0.0,9
2023-05-09 21:20:40,eb2312,eb2312,7911.0,0.0,0.0,0.0,6,7728.0,8111.0,2,7911.0,0.0,0.0,0.0,0.0,0.0,9
2023-05-09 21:20:44,eb2312,eb2312,7911.0,0.0,0.0,0.0,2,7729.0,8111.0,2,7911.0,0.0,0.0,0.0,0.0,0.0,9
2023-05-09 21:20:44,eb2312,eb2312,7911.0,0.0,0.0,0.0,5,7730.0,8111.0,2,7911.0,0.0,0.0,0.0,0.0,0.0,9
2023-05-09 21:20:45,eb2312,eb2312,7911.0,0.0,0.0,0.0,8,7731.0,8110.0,1,7911.0,0.0,0.0,0.0,0.0,0.0,9
2023-05-09 21:20:46,eb2312,eb2312,7911.0,0.0,0.0,0.0,5,7732.0,8110.0,2,7911.0,0.0,0.0,0.0,0.0,0.0,9
2023-05-09 21:20:47,eb2312,eb2312,7911.0,0.0,0.0,0.0,5,7732.0,8109.0,2,7911.0,0.0,0.0,0.0,0.0,0.0,9
2023-05-09 21:20:52,eb2312,eb2312,7911.0,0.0,0.0,0.0,1,7733.0,8109.0,2,7911.0,0.0,0.0,0.0,0.0,0.0,9
2023-05-09 21:20:53,eb2312,eb2312,7911.0,0.0,0.0,0.0,13,7734.0,8108.0,1,7911.0,0.0,0.0,0.0,0.0,0.0,9
2023-05-09 21:20:54,eb2312,eb2312,7911.0,0.0,0.0,0.0,13,7734.0,8107.0,2,7911.0,0.0,0.0,0.0,0.0,0.0,9
2023-05-09 21:20:56,eb2312,eb2312,7911.0,0.0,0.0,0.0,13,7734.0,8106.0,1,7911.0,0.0,0.0,0.0,0.0,0.0,9
2023-05-09 21:21:02,eb2312,eb2312,7911.0,0.0,0.0,0.0,13,7734.0,8105.0,2,7911.0,0.0,0.0,0.0,0.0,0.0,9
2023-05-09 21:21:03,eb2312,eb2312,7911.0,0.0,0.0,0.0,13,7734.0,8105.0,3,7911.0,0.0,0.0,0.0,0.0,0.0,9
2023-05-09 21:21:04,eb2312,eb2312,7911.0,0.0,0.0,0.0,13,7734.0,8104.0,1,7911.0,0.0,0.0,0.0,0.0,0.0,9
2023-05-09 21:21:05,eb2312,eb2312,7911.0,0.0,0.0,0.0,13,7734.0,8103.0,2,7911.0,0.0,0.0,0.0,0.0,0.0,9
2023-05-09 21:21:07,eb2312,eb2312,7911.0,0.0,0.0,0.0,13,7734.0,8102.0,1,7911.0,0.0,0.0,0.0,0.0,0.0,9
2023-05-09 21:21:09,eb2312,eb2312,7911.0,0.0,0.0,0.0,13,7734.0,8101.0,2,7911.0,0.0,0.0,0.0,0.0,0.0,9
2023-05-09 21:21:09,eb2312,eb2312,7911.0,0.0,0.0,0.0,13,7734.0,8100.0,1,7911.0,0.0,0.0,0.0,0.0,0.0,9
2023-05-09 21:21:16,eb2312,eb2312,7911.0,0.0,0.0,0.0,13,7734.0,8099.0,2,7911.0,0.0,0.0,0.0,0.0,0.0,9
2023-05-09 21:21:16,eb2312,eb2312,7911.0,0.0,0.0,0.0,13,7734.0,8099.0,3,7911.0,0.0,0.0,0.0,0.0,0.0,9
2023-05-09 21:21:17,eb2312,eb2312,7911.0,0.0,0.0,0.0,13,7734.0,8098.0,1,7911.0,0.0,0.0,0.0,0.0,0.0,9
2023-05-09 21:21:21,eb2312,eb2312,7911.0,0.0,0.0,0.0,13,7734.0,8097.0,2,7911.0,0.0,0.0,0.0,0.0,0.0,9
2023-05-09 21:21:25,eb2312,eb2312,7911.0,0.0,0.0,0.0,13,7734.0,8096.0,1,7911.0,0.0,0.0,0.0,0.0,0.0,9
2023-05-09 21:21:25,eb2312,eb2312,7911.0,0.0,0.0,0.0,14,7734.0,8096.0,1,7911.0,0.0,0.0,0.0,0.0,0.0,9
2023-05-09 21:21:26,eb2312,eb2312,7911.0,0.0,0.0,0.0,14,7734.0,8095.0,2,7911.0,0.0,0.0,0.0,0.0,0.0,9
2023-05-09 21:21:27,eb2312,eb2312,7911.0,0.0,0.0,0.0,2,7735.0,8095.0,2,7911.0,0.0,0.0,0.0,0.0,0.0,9
2023-05-09 21:21:27,eb2312,eb2312,7911.0,0.0,0.0,0.0,5,7736.0,8095.0,2,7911.0,0.0,0.0,0.0,0.0,0.0,9
2023-05-09 21:21:28,eb2312,eb2312,7911.0,0.0,0.0,0.0,7,7737.0,8095.0,2,7911.0,0.0,0.0,0.0,0.0,0.0,9
2023-05-09 21:21:28,eb2312,eb2312,7911.0,0.0,0.0,0.0,5,7738.0,8094.0,1,7911.0,0.0,0.0,0.0,0.0,0.0,9
2023-05-09 21:21:34,eb2312,eb2312,7911.0,0.0,0.0,0.0,4,7739.0,8093.0,2,7911.0,0.0,0.0,0.0,0.0,0.0,9
2023-05-09 21:21:34,eb2312,eb2312,7911.0,0.0,0.0,0.0,6,7740.0,8092.0,1,7911.0,0.0,0.0,0.0,0.0,0.0,9
2023-05-09 21:21:41,eb2312,eb2312,7911.0,0.0,0.0,0.0,1,7741.0,8091.0,1,7911.0,0.0,0.0,0.0,0.0,0.0,9
2023-05-09 21:21:41,eb2312,eb2312,7911.0,0.0,0.0,0.0,8,7742.0,8091.0,3,7911.0,0.0,0.0,0.0,0.0,0.0,9
2023-05-09 21:21:43,eb2312,eb2312,7911.0,0.0,0.0,0.0,1,7743.0,8091.0,3,7911.0,0.0,0.0,0.0,0.0,0.0,9
2023-05-09 21:21:44,eb2312,eb2312,7911.0,0.0,0.0,0.0,5,7744.0,8091.0,3,7911.0,0.0,0.0,0.0,0.0,0.0,9
2023-05-09 21:21:46,eb2312,eb2312,7911.0,0.0,0.0,0.0,4,7745.0,8091.0,3,7911.0,0.0,0.0,0.0,0.0,0.0,9
2023-05-09 21:21:47,eb2312,eb2312,7911.0,0.0,0.0,0.0,5,7746.0,8091.0,3,7911.0,0.0,0.0,0.0,0.0,0.0,9
2023-05-09 21:21:52,eb2312,eb2312,7911.0,0.0,0.0,0.0,4,7747.0,8091.0,3,7911.0,0.0,0.0,0.0,0.0,0.0,9
2023-05-09 21:21:52,eb2312,eb2312,7911.0,0.0,0.0,0.0,5,7748.0,8091.0,4,7911.0,0.0,0.0,0.0,0.0,0.0,9
2023-05-09 21:21:54,eb2312,eb2312,7911.0,0.0,0.0,0.0,1,7749.0,8091.0,4,7911.0,0.0,0.0,0.0,0.0,0.0,9
2023-05-09 21:21:54,eb2312,eb2312,7911.0,0.0,0.0,0.0,5,7750.0,8091.0,4,7911.0,0.0,0.0,0.0,0.0,0.0,9
2023-05-09 21:21:56,eb2312,eb2312,7911.0,0.0,0.0,0.0,3,7751.0,8091.0,4,7911.0,0.0,0.0,0.0,0.0,0.0,9
2023-05-09 21:21:56,eb2312,eb2312,7911.0,0.0,0.0,0.0,5,7752.0,8091.0,4,7911.0,0.0,0.0,0.0,0.0,0.0,9
2023-05-09 21:21:59,eb2312,eb2312,7911.0,0.0,0.0,0.0,4,7753.0,8091.0,4,7911.0,0.0,0.0,0.0,0.0,0.0,9
2023-05-09 21:21:59,eb2312,eb2312,7911.0,0.0,0.0,0.0,5,7754.0,8091.0,4,7911.0,0.0,0.0,0.0,0.0,0.0,9
2023-05-09 21:22:02,eb2312,eb2312,7911.0,0.0,0.0,0.0,4,7755.0,8091.0,4,7911.0,0.0,0.0,0.0,0.0,0.0,9
2023-05-09 21:22:02,eb2312,eb2312,7911.0,0.0,0.0,0.0,5,7756.0,8091.0,4,7911.0,0.0,0.0,0.0,0.0,0.0,9
2023-05-09 21:22:05,eb2312,eb2312,7911.0,0.0,0.0,0.0,1,7757.0,8091.0,4,7911.0,0.0,0.0,0.0,0.0,0.0,9
2023-05-09 21:22:05,eb2312,eb2312,7911.0,0.0,0.0,0.0,5,7758.0,8091.0,4,7911.0,0.0,0.0,0.0,0.0,0.0,9
2023-05-09 21:22:05,eb2312,eb2312,7911.0,0.0,0.0,0.0,2,7759.0,8091.0,4,7911.0,0.0,0.0,0.0,0.0,0.0,9
2023-05-09 21:22:06,eb2312,eb2312,7911.0,0.0,0.0,0.0,5,7760.0,8091.0,4,7911.0,0.0,0.0,0.0,0.0,0.0,9
2023-05-09 21:22:08,eb2312,eb2312,7911.0,0.0,0.0,0.0,1,7761.0,8091.0,4,7911.0,0.0,0.0,0.0,0.0,0.0,9
2023-05-09 21:22:09,eb2312,eb2312,7911.0,0.0,0.0,0.0,6,7762.0,8091.0,4,7911.0,0.0,0.0,0.0,0.0,0.0,9
2023-05-09 21:22:11,eb2312,eb2312,7911.0,0.0,0.0,0.0,2,7763.0,8091.0,4,7911.0,0.0,0.0,0.0,0.0,0.0,9
2023-05-09 21:22:11,eb2312,eb2312,7911.0,0.0,0.0,0.0,6,7764.0,8091.0,4,7911.0,0.0,0.0,0.0,0.0,0.0,9
2023-05-09 21:22:12,eb2312,eb2312,7911.0,0.0,0.0,0.0,1,7765.0,8091.0,4,7911.0,0.0,0.0,0.0,0.0,0.0,9
2023-05-09 21:22:13,eb2312,eb2312,7911.0,0.0,0.0,0.0,5,7766.0,8091.0,4,7911.0,0.0,0.0,0.0,0.0,0.0,9
2023-05-09 21:22:16,eb2312,eb2312,7911.0,0.0,0.0,0.0,2,7767.0,8091.0,4,7911.0,0.0,0.0,0.0,0.0,0.0,9
2023-05-09 21:22:16,eb2312,eb2312,7911.0,0.0,0.0,0.0,5,7768.0,8091.0,4,7911.0,0.0,0.0,0.0,0.0,0.0,9
2023-05-09 21:22:22,eb2312,eb2312,7911.0,0.0,0.0,0.0,2,7769.0,8091.0,4,7911.0,0.0,0.0,0.0,0.0,0.0,9
2023-05-09 21:22:23,eb2312,eb2312,7911.0,0.0,0.0,0.0,5,7770.0,8091.0,4,7911.0,0.0,0.0,0.0,0.0,0.0,9
2023-05-09 21:22:27,eb2312,eb2312,7911.0,0.0,0.0,0.0,2,7771.0,8091.0,4,7911.0,0.0,0.0,0.0,0.0,0.0,9
2023-05-09 21:22:27,eb2312,eb2312,7911.0,0.0,0.0,0.0,5,7772.0,8091.0,4,7911.0,0.0,0.0,0.0,0.0,0.0,9
2023-05-09 21:22:30,eb2312,eb2312,7911.0,0.0,0.0,0.0,2,7773.0,8091.0,4,7911.0,0.0,0.0,0.0,0.0,0.0,9
2023-05-09 21:22:30,eb2312,eb2312,7911.0,0.0,0.0,0.0,5,7774.0,8091.0,4,7911.0,0.0,0.0,0.0,0.0,0.0,9
2023-05-09 21:22:38,eb2312,eb2312,7911.0,0.0,0.0,0.0,1,7775.0,8091.0,4,7911.0,0.0,0.0,0.0,0.0,0.0,9
2023-05-09 21:22:38,eb2312,eb2312,7911.0,0.0,0.0,0.0,5,7776.0,8091.0,4,7911.0,0.0,0.0,0.0,0.0,0.0,9
2023-05-09 21:22:42,eb2312,eb2312,7911.0,0.0,0.0,0.0,1,7777.0,8091.0,4,7911.0,0.0,0.0,0.0,0.0,0.0,9
2023-05-09 21:22:42,eb2312,eb2312,7911.0,0.0,0.0,0.0,5,7778.0,8091.0,4,7911.0,0.0,0.0,0.0,0.0,0.0,9
2023-05-09 21:22:49,eb2312,eb2312,7911.0,0.0,0.0,0.0,1,7779.0,8091.0,4,7911.0,0.0,0.0,0.0,0.0,0.0,9
2023-05-09 21:22:49,eb2312,eb2312,7911.0,0.0,0.0,0.0,5,7780.0,8091.0,4,7911.0,0.0,0.0,0.0,0.0,0.0,9
2023-05-09 21:22:52,eb2312,eb2312,7911.0,0.0,0.0,0.0,1,7781.0,8091.0,4,7911.0,0.0,0.0,0.0,0.0,0.0,9
2023-05-09 21:22:52,eb2312,eb2312,7911.0,0.0,0.0,0.0,5,7782.0,8091.0,4,7911.0,0.0,0.0,0.0,0.0,0.0,9
2023-05-09 21:22:55,eb2312,eb2312,7911.0,0.0,0.0,0.0,3,7783.0,8091.0,4,7911.0,0.0,0.0,0.0,0.0,0.0,9
2023-05-09 21:22:55,eb2312,eb2312,7911.0,0.0,0.0,0.0,5,7784.0,8091.0,4,7911.0,0.0,0.0,0.0,0.0,0.0,9
2023-05-09 21:22:59,eb2312,eb2312,7911.0,0.0,0.0,0.0,1,7785.0,8091.0,4,7911.0,0.0,0.0,0.0,0.0,0.0,9
2023-05-09 21:22:59,eb2312,eb2312,7911.0,0.0,0.0,0.0,5,7786.0,8091.0,4,7911.0,0.0,0.0,0.0,0.0,0.0,9
2023-05-09 21:23:02,eb2312,eb2312,7911.0,0.0,0.0,0.0,1,7787.0,8091.0,4,7911.0,0.0,0.0,0.0,0.0,0.0,9
2023-05-09 21:23:02,eb2312,eb2312,7911.0,0.0,0.0,0.0,5,7788.0,8091.0,4,7911.0,0.0,0.0,0.0,0.0,0.0,9
2023-05-09 21:23:05,eb2312,eb2312,7911.0,0.0,0.0,0.0,1,7789.0,8091.0,4,7911.0,0.0,0.0,0.0,0.0,0.0,9
2023-05-09 21:23:06,eb2312,eb2312,7911.0,0.0,0.0,0.0,5,7790.0,8091.0,4,7911.0,0.0,0.0,0.0,0.0,0.0,9
2023-05-09 21:23:08,eb2312,eb2312,7911.0,0.0,0.0,0.0,1,7791.0,8091.0,4,7911.0,0.0,0.0,0.0,0.0,0.0,9
2023-05-09 21:23:09,eb2312,eb2312,7911.0,0.0,0.0,0.0,5,7792.0,8091.0,4,7911.0,0.0,0.0,0.0,0.0,0.0,9
2023-05-09 21:23:12,eb2312,eb2312,7911.0,0.0,0.0,0.0,1,7793.0,8091.0,4,7911.0,0.0,0.0,0.0,0.0,0.0,9
2023-05-09 21:23:12,eb2312,eb2312,7911.0,0.0,0.0,0.0,5,7794.0,8091.0,4,7911.0,0.0,0.0,0.0,0.0,0.0,9
2023-05-09 21:23:17,eb2312,eb2312,7911.0,0.0,0.0,0.0,1,7795.0,8091.0,4,7911.0,0.0,0.0,0.0,0.0,0.0,9
2023-05-09 21:23:17,eb2312,eb2312,7911.0,0.0,0.0,0.0,5,7796.0,8091.0,4,7911.0,0.0,0.0,0.0,0.0,0.0,9
2023-05-09 21:23:21,eb2312,eb2312,7911.0,0.0,0.0,0.0,1,7797.0,8091.0,4,7911.0,0.0,0.0,0.0,0.0,0.0,9
2023-05-09 21:23:21,eb2312,eb2312,7911.0,0.0,0.0,0.0,5,7798.0,8091.0,4,7911.0,0.0,0.0,0.0,0.0,0.0,9
2023-05-09 21:23:24,eb2312,eb2312,7911.0,0.0,0.0,0.0,1,7799.0,8090.0,1,7911.0,0.0,0.0,0.0,0.0,0.0,9
2023-05-09 21:23:24,eb2312,eb2312,7911.0,0.0,0.0,0.0,5,7800.0,8090.0,1,7911.0,0.0,0.0,0.0,0.0,0.0,9
2023-05-09 21:23:25,eb2312,eb2312,7911.0,0.0,0.0,0.0,5,7800.0,8089.0,3,7911.0,0.0,0.0,0.0,0.0,0.0,9
2023-05-09 21:23:29,eb2312,eb2312,7911.0,0.0,0.0,0.0,1,7801.0,8088.0,1,7911.0,0.0,0.0,0.0,0.0,0.0,9
2023-05-09 21:23:29,eb2312,eb2312,7911.0,0.0,0.0,0.0,5,7802.0,8088.0,1,7911.0,0.0,0.0,0.0,0.0,0.0,9
2023-05-09 21:23:30,eb2312,eb2312,7911.0,0.0,0.0,0.0,5,7802.0,8087.0,3,7911.0,0.0,0.0,0.0,0.0,0.0,9
2023-05-09 21:23:33,eb2312,eb2312,7911.0,0.0,0.0,0.0,1,7803.0,8086.0,1,7911.0,0.0,0.0,0.0,0.0,0.0,9
2023-05-09 21:23:33,eb2312,eb2312,7911.0,0.0,0.0,0.0,5,7804.0,8086.0,1,7911.0,0.0,0.0,0.0,0.0,0.0,9
2023-05-09 21:23:34,eb2312,eb2312,7911.0,0.0,0.0,0.0,5,7804.0,8085.0,3,7911.0,0.0,0.0,0.0,0.0,0.0,9
2023-05-09 21:23:38,eb2312,eb2312,7911.0,0.0,0.0,0.0,5,7804.0,8084.0,2,7911.0,0.0,0.0,0.0,0.0,0.0,9
2023-05-09 21:23:39,eb2312,eb2312,7911.0,0.0,0.0,0.0,6,7804.0,8084.0,2,7911.0,0.0,0.0,0.0,0.0,0.0,9
2023-05-09 21:23:40,eb2312,eb2312,7911.0,0.0,0.0,0.0,1,7805.0,8083.0,4,7911.0,0.0,0.0,0.0,0.0,0.0,9
2023-05-09 21:23:40,eb2312,eb2312,7911.0,0.0,0.0,0.0,5,7806.0,8083.0,4,7911.0,0.0,0.0,0.0,0.0,0.0,9
2023-05-09 21:23:43,eb2312,eb2312,7911.0,0.0,0.0,0.0,1,7807.0,8083.0,4,7911.0,0.0,0.0,0.0,0.0,0.0,9
2023-05-09 21:23:43,eb2312,eb2312,7911.0,0.0,0.0,0.0,5,7808.0,8083.0,4,7911.0,0.0,0.0,0.0,0.0,0.0,9
2023-05-09 21:23:46,eb2312,eb2312,7911.0,0.0,0.0,0.0,5,7808.0,8082.0,1,7911.0,0.0,0.0,0.0,0.0,0.0,9
2023-05-09 21:23:47,eb2312,eb2312,7911.0,0.0,0.0,0.0,1,7809.0,8081.0,4,7911.0,0.0,0.0,0.0,0.0,0.0,9
2023-05-09 21:23:47,eb2312,eb2312,7911.0,0.0,0.0,0.0,5,7810.0,8081.0,4,7911.0,0.0,0.0,0.0,0.0,0.0,9
2023-05-09 21:23:54,eb2312,eb2312,7911.0,0.0,0.0,0.0,1,7811.0,8081.0,4,7911.0,0.0,0.0,0.0,0.0,0.0,9
2023-05-09 21:23:54,eb2312,eb2312,7911.0,0.0,0.0,0.0,5,7812.0,8081.0,4,7911.0,0.0,0.0,0.0,0.0,0.0,9
2023-05-09 21:24:20,eb2312,eb2312,7911.0,0.0,0.0,0.0,5,7812.0,8080.0,2,7911.0,0.0,0.0,0.0,0.0,0.0,9
2023-05-09 21:24:23,eb2312,eb2312,7911.0,0.0,0.0,0.0,5,7812.0,8079.0,4,7911.0,0.0,0.0,0.0,0.0,0.0,9
2023-05-09 21:25:04,eb2312,eb2312,7911.0,0.0,0.0,0.0,5,7812.0,8078.0,2,7911.0,0.0,0.0,0.0,0.0,0.0,9
2023-05-09 21:25:04,eb2312,eb2312,7911.0,0.0,0.0,0.0,5,7812.0,8077.0,1,7911.0,0.0,0.0,0.0,0.0,0.0,9
2023-05-09 21:25:04,eb2312,eb2312,7911.0,0.0,0.0,0.0,5,7812.0,8076.0,3,7911.0,0.0,0.0,0.0,0.0,0.0,9
2023-05-09 21:25:05,eb2312,eb2312,7911.0,0.0,0.0,0.0,6,7812.0,8076.0,3,7911.0,0.0,0.0,0.0,0.0,0.0,9
2023-05-09 21:25:46,eb2312,eb2312,7911.0,0.0,0.0,0.0,6,7812.0,8075.0,2,7911.0,0.0,0.0,0.0,0.0,0.0,9
2023-05-09 21:25:47,eb2312,eb2312,7911.0,0.0,0.0,0.0,6,7812.0,8074.0,3,7911.0,0.0,0.0,0.0,0.0,0.0,9
2023-05-09 21:26:27,eb2312,eb2312,7911.0,0.0,0.0,0.0,2,7813.0,8074.0,3,7911.0,0.0,0.0,0.0,0.0,0.0,9
2023-05-09 21:26:27,eb2312,eb2312,7911.0,0.0,0.0,0.0,5,7814.0,8074.0,4,7911.0,0.0,0.0,0.0,0.0,0.0,9
2023-05-09 21:27:09,eb2312,eb2312,7911.0,0.0,0.0,0.0,2,7815.0,8074.0,4,7911.0,0.0,0.0,0.0,0.0,0.0,9
2023-05-09 21:27:09,eb2312,eb2312,7911.0,0.0,0.0,0.0,5,7816.0,8074.0,4,7911.0,0.0,0.0,0.0,0.0,0.0,9
2023-05-09 21:27:51,eb2312,eb2312,7911.0,0.0,0.0,0.0,2,7817.0,8074.0,4,7911.0,0.0,0.0,0.0,0.0,0.0,9
2023-05-09 21:27:52,eb2312,eb2312,7911.0,0.0,0.0,0.0,5,7818.0,8074.0,4,7911.0,0.0,0.0,0.0,0.0,0.0,9
2023-05-09 21:27:52,eb2312,eb2312,7911.0,0.0,0.0,0.0,6,7818.0,8074.0,4,7911.0,0.0,0.0,0.0,0.0,0.0,9
2023-05-09 21:28:35,eb2312,eb2312,7911.0,0.0,0.0,0.0,2,7819.0,8074.0,4,7911.0,0.0,0.0,0.0,0.0,0.0,9
2023-05-09 21:28:35,eb2312,eb2312,7911.0,0.0,0.0,0.0,5,7820.0,8074.0,4,7911.0,0.0,0.0,0.0,0.0,0.0,9
2023-05-09 21:29:17,eb2312,eb2312,7911.0,0.0,0.0,0.0,2,7821.0,8074.0,4,7911.0,0.0,0.0,0.0,0.0,0.0,9
2023-05-09 21:29:17,eb2312,eb2312,7911.0,0.0,0.0,0.0,5,7822.0,8074.0,4,7911.0,0.0,0.0,0.0,0.0,0.0,9
2023-05-09 21:30:01,eb2312,eb2312,7911.0,0.0,0.0,0.0,5,7822.0,8073.0,2,7911.0,0.0,0.0,0.0,0.0,0.0,9
2023-05-09 21:30:01,eb2312,eb2312,7911.0,0.0,0.0,0.0,5,7822.0,8072.0,1,7911.0,0.0,0.0,0.0,0.0,0.0,9
2023-05-09 21:30:02,eb2312,eb2312,7911.0,0.0,0.0,0.0,6,7822.0,8072.0,1,7911.0,0.0,0.0,0.0,0.0,0.0,9
2023-05-09 21:30:04,eb2312,eb2312,7911.0,0.0,0.0,0.0,6,7822.0,8071.0,3,7911.0,0.0,0.0,0.0,0.0,0.0,9
2023-05-09 21:30:44,eb2312,eb2312,7911.0,0.0,0.0,0.0,2,7823.0,8071.0,3,7911.0,0.0,0.0,0.0,0.0,0.0,9
2023-05-09 21:30:44,eb2312,eb2312,7911.0,0.0,0.0,0.0,5,7824.0,8071.0,4,7911.0,0.0,0.0,0.0,0.0,0.0,9
2023-05-09 21:31:27,eb2312,eb2312,7911.0,0.0,0.0,0.0,5,7824.0,8070.0,2,7911.0,0.0,0.0,0.0,0.0,0.0,9
2023-05-09 21:31:28,eb2312,eb2312,7911.0,0.0,0.0,0.0,5,7824.0,8069.0,3,7911.0,0.0,0.0,0.0,0.0,0.0,9
2023-05-09 21:32:09,eb2312,eb2312,7911.0,0.0,0.0,0.0,5,7824.0,8068.0,2,7911.0,0.0,0.0,0.0,0.0,0.0,9
2023-05-09 21:32:09,eb2312,eb2312,7911.0,0.0,0.0,0.0,5,7824.0,8067.0,1,7911.0,0.0,0.0,0.0,0.0,0.0,9
2023-05-09 21:32:10,eb2312,eb2312,7911.0,0.0,0.0,0.0,5,7824.0,8066.0,1,7911.0,0.0,0.0,0.0,0.0,0.0,9
2023-05-09 21:32:11,eb2312,eb2312,7911.0,0.0,0.0,0.0,5,7824.0,8065.0,2,7911.0,0.0,0.0,0.0,0.0,0.0,9
2023-05-09 21:32:13,eb2312,eb2312,7911.0,0.0,0.0,0.0,5,7824.0,8064.0,1,7911.0,0.0,0.0,0.0,0.0,0.0,9
2023-05-09 21:32:14,eb2312,eb2312,7911.0,0.0,0.0,0.0,5,7824.0,8063.0,2,7911.0,0.0,0.0,0.0,0.0,0.0,9
2023-05-09 21:32:16,eb2312,eb2312,7911.0,0.0,0.0,0.0,5,7824.0,8062.0,1,7911.0,0.0,0.0,0.0,0.0,0.0,9
2023-05-09 21:32:17,eb2312,eb2312,7911.0,0.0,0.0,0.0,5,7824.0,8061.0,2,7911.0,0.0,0.0,0.0,0.0,0.0,9
2023-05-09 21:32:19,eb2312,eb2312,7911.0,0.0,0.0,0.0,5,7824.0,8060.0,1,7911.0,0.0,0.0,0.0,0.0,0.0,9
2023-05-09 21:32:20,eb2312,eb2312,7911.0,0.0,0.0,0.0,5,7824.0,8059.0,2,7911.0,0.0,0.0,0.0,0.0,0.0,9
2023-05-09 21:32:22,eb2312,eb2312,7911.0,0.0,0.0,0.0,5,7824.0,8058.0,1,7911.0,0.0,0.0,0.0,0.0,0.0,9
2023-05-09 21:32:23,eb2312,eb2312,7911.0,0.0,0.0,0.0,5,7824.0,8057.0,2,7911.0,0.0,0.0,0.0,0.0,0.0,9
2023-05-09 21:32:26,eb2312,eb2312,7911.0,0.0,0.0,0.0,5,7824.0,8056.0,1,7911.0,0.0,0.0,0.0,0.0,0.0,9
2023-05-09 21:32:32,eb2312,eb2312,7911.0,0.0,0.0,0.0,5,7824.0,8055.0,2,7911.0,0.0,0.0,0.0,0.0,0.0,9
2023-05-09 21:32:33,eb2312,eb2312,7911.0,0.0,0.0,0.0,5,7824.0,8054.0,1,7911.0,0.0,0.0,0.0,0.0,0.0,9
2023-05-09 21:32:35,eb2312,eb2312,7911.0,0.0,0.0,0.0,5,7824.0,8053.0,2,7911.0,0.0,0.0,0.0,0.0,0.0,9
2023-05-09 21:32:36,eb2312,eb2312,7911.0,0.0,0.0,0.0,5,7824.0,8052.0,1,7911.0,0.0,0.0,0.0,0.0,0.0,9
2023-05-09 21:32:38,eb2312,eb2312,7911.0,0.0,0.0,0.0,5,7824.0,8051.0,2,7911.0,0.0,0.0,0.0,0.0,0.0,9
2023-05-09 21:32:39,eb2312,eb2312,7911.0,0.0,0.0,0.0,5,7824.0,8050.0,1,7911.0,0.0,0.0,0.0,0.0,0.0,9
2023-05-09 21:32:41,eb2312,eb2312,7911.0,0.0,0.0,0.0,5,7824.0,8049.0,2,7911.0,0.0,0.0,0.0,0.0,0.0,9
2023-05-09 21:32:43,eb2312,eb2312,7911.0,0.0,0.0,0.0,5,7824.0,8048.0,1,7911.0,0.0,0.0,0.0,0.0,0.0,9
2023-05-09 21:32:48,eb2312,eb2312,7911.0,0.0,0.0,0.0,5,7824.0,8047.0,2,7911.0,0.0,0.0,0.0,0.0,0.0,9
2023-05-09 21:32:50,eb2312,eb2312,7911.0,0.0,0.0,0.0,5,7824.0,8046.0,1,7911.0,0.0,0.0,0.0,0.0,0.0,9
2023-05-09 21:32:51,eb2312,eb2312,7911.0,0.0,0.0,0.0,5,7824.0,8045.0,2,7911.0,0.0,0.0,0.0,0.0,0.0,9
2023-05-09 21:32:53,eb2312,eb2312,7911.0,0.0,0.0,0.0,2,7825.0,8045.0,2,7911.0,0.0,0.0,0.0,0.0,0.0,9
2023-05-09 21:32:53,eb2312,eb2312,7911.0,0.0,0.0,0.0,5,7826.0,8045.0,2,7911.0,0.0,0.0,0.0,0.0,0.0,9
2023-05-09 21:32:54,eb2312,eb2312,7911.0,0.0,0.0,0.0,5,7826.0,8044.0,1,7911.0,0.0,0.0,0.0,0.0,0.0,9
2023-05-09 21:32:55,eb2312,eb2312,7911.0,0.0,0.0,0.0,5,7826.0,8044.0,2,7911.0,0.0,0.0,0.0,0.0,0.0,9
2023-05-09 21:32:55,eb2312,eb2312,7911.0,0.0,0.0,0.0,5,7826.0,8043.0,1,7911.0,0.0,0.0,0.0,0.0,0.0,9
2023-05-09 21:32:59,eb2312,eb2312,7911.0,0.0,0.0,0.0,5,7826.0,8042.0,2,7911.0,0.0,0.0,0.0,0.0,0.0,9
2023-05-09 21:33:00,eb2312,eb2312,7911.0,0.0,0.0,0.0,5,7826.0,8041.0,1,7911.0,0.0,0.0,0.0,0.0,0.0,9
2023-05-09 21:33:02,eb2312,eb2312,7911.0,0.0,0.0,0.0,5,7826.0,8040.0,2,7911.0,0.0,0.0,0.0,0.0,0.0,9
2023-05-09 21:33:02,eb2312,eb2312,7911.0,0.0,0.0,0.0,5,7826.0,8039.0,1,7911.0,0.0,0.0,0.0,0.0,0.0,9
2023-05-09 21:33:05,eb2312,eb2312,7911.0,0.0,0.0,0.0,5,7826.0,8038.0,1,7911.0,0.0,0.0,0.0,0.0,0.0,9
2023-05-09 21:33:35,eb2312,eb2312,7911.0,0.0,0.0,0.0,2,7827.0,8038.0,1,7911.0,0.0,0.0,0.0,0.0,0.0,9
2023-05-09 21:33:35,eb2312,eb2312,7911.0,0.0,0.0,0.0,5,7828.0,8038.0,1,7911.0,0.0,0.0,0.0,0.0,0.0,9
2023-05-09 21:34:16,eb2312,eb2312,7911.0,0.0,0.0,0.0,2,7829.0,8038.0,1,7911.0,0.0,0.0,0.0,0.0,0.0,9
2023-05-09 21:34:16,eb2312,eb2312,7911.0,0.0,0.0,0.0,5,7830.0,8038.0,1,7911.0,0.0,0.0,0.0,0.0,0.0,9
2023-05-09 21:34:58,eb2312,eb2312,7911.0,0.0,0.0,0.0,2,7831.0,8038.0,1,7911.0,0.0,0.0,0.0,0.0,0.0,9
2023-05-09 21:34:58,eb2312,eb2312,7911.0,0.0,0.0,0.0,5,7832.0,8038.0,1,7911.0,0.0,0.0,0.0,0.0,0.0,9
2023-05-09 21:35:40,eb2312,eb2312,7911.0,0.0,0.0,0.0,2,7833.0,8038.0,1,7911.0,0.0,0.0,0.0,0.0,0.0,9
2023-05-09 21:35:40,eb2312,eb2312,7911.0,0.0,0.0,0.0,5,7834.0,8038.0,1,7911.0,0.0,0.0,0.0,0.0,0.0,9
2023-05-09 21:36:22,eb2312,eb2312,7911.0,0.0,0.0,0.0,2,7835.0,8038.0,1,7911.0,0.0,0.0,0.0,0.0,0.0,9
2023-05-09 21:36:22,eb2312,eb2312,7911.0,0.0,0.0,0.0,5,7836.0,8038.0,1,7911.0,0.0,0.0,0.0,0.0,0.0,9
2023-05-09 21:37:04,eb2312,eb2312,7911.0,0.0,0.0,0.0,2,7837.0,8038.0,1,7911.0,0.0,0.0,0.0,0.0,0.0,9
2023-05-09 21:37:05,eb2312,eb2312,7911.0,0.0,0.0,0.0,5,7838.0,8038.0,2,7911.0,0.0,0.0,0.0,0.0,0.0,9
2023-05-09 21:37:46,eb2312,eb2312,7911.0,0.0,0.0,0.0,2,7839.0,8038.0,2,7911.0,0.0,0.0,0.0,0.0,0.0,9
2023-05-09 21:37:46,eb2312,eb2312,7911.0,0.0,0.0,0.0,5,7840.0,8038.0,2,7911.0,0.0,0.0,0.0,0.0,0.0,9
2023-05-09 21:38:28,eb2312,eb2312,7911.0,0.0,0.0,0.0,2,7841.0,8038.0,2,7911.0,0.0,0.0,0.0,0.0,0.0,9
2023-05-09 21:38:28,eb2312,eb2312,7911.0,0.0,0.0,0.0,5,7842.0,8038.0,2,7911.0,0.0,0.0,0.0,0.0,0.0,9
2023-05-09 21:39:10,eb2312,eb2312,7911.0,0.0,0.0,0.0,2,7843.0,8038.0,2,7911.0,0.0,0.0,0.0,0.0,0.0,9
2023-05-09 21:39:10,eb2312,eb2312,7911.0,0.0,0.0,0.0,5,7844.0,8038.0,2,7911.0,0.0,0.0,0.0,0.0,0.0,9
2023-05-09 21:39:52,eb2312,eb2312,7911.0,0.0,0.0,0.0,2,7845.0,8038.0,2,7911.0,0.0,0.0,0.0,0.0,0.0,9
2023-05-09 21:39:52,eb2312,eb2312,7911.0,0.0,0.0,0.0,5,7846.0,8038.0,2,7911.0,0.0,0.0,0.0,0.0,0.0,9
