time,symbol_id,symbol_name,last,trade_volume,trade_amount,open_interest_change,bv1,bp1,ap1,av1,yesterday_close,today_open,today_high,today_low,volume,amount,open_interest
2023-05-11 08:30:05,OP90002159,中证500ETF购12月5250,0.0,0.0,0.0,0.0,0,0.0,0.0,0,1.0568,1.0664,0.0,0.0,0.0,0.0,488
2023-05-11 09:24:48,OP90002159,中证500ETF购12月5250,0.0,0.0,0.0,0.0,1,1.0664,1.0664,1,1.0568,1.0664,0.0,0.0,0.0,0.0,488
2023-05-11 09:25:00,OP90002159,中证500ETF购12月5250,1.0664,1.0,10664.0,1.0,1,1.012,1.1131,1,1.0568,1.0664,1.0664,1.0664,1.0,10664.0,489
2023-05-11 09:30:00,OP90002159,中证500ETF购12月5250,1.0664,0.0,0.0,0.0,1,1.012,1.1131,1,1.0568,1.0664,1.0664,1.0664,1.0,10664.0,489
2023-05-11 09:30:00,OP90002159,中证500ETF购12月5250,1.0664,0.0,0.0,0.0,20,1.0691,1.0861,20,1.0568,1.0664,1.0664,1.0664,1.0,10664.0,489
2023-05-11 09:30:01,OP90002159,中证500ETF购12月5250,1.0664,0.0,0.0,0.0,20,1.0671,1.084,20,1.0568,1.0664,1.0664,1.0664,1.0,10664.0,489
2023-05-11 09:30:02,OP90002159,中证500ETF购12月5250,1.0664,0.0,0.0,0.0,20,1.066,1.083,20,1.0568,1.0664,1.0664,1.0664,1.0,10664.0,489
2023-05-11 09:30:03,OP90002159,中证500ETF购12月5250,1.0664,0.0,0.0,0.0,20,1.0646,1.0816,20,1.0568,1.0664,1.0664,1.0664,1.0,10664.0,489
2023-05-11 09:30:04,OP90002159,中证500ETF购12月5250,1.0664,0.0,0.0,0.0,20,1.0656,1.0825,20,1.0568,1.0664,1.0664,1.0664,1.0,10664.0,489
2023-05-11 09:30:04,OP90002159,中证500ETF购12月5250,1.0664,0.0,0.0,0.0,20,1.0669,1.0839,20,1.0568,1.0664,1.0664,1.0664,1.0,10664.0,489
2023-05-11 09:30:05,OP90002159,中证500ETF购12月5250,1.0664,0.0,0.0,0.0,20,1.0682,1.0852,20,1.0568,1.0664,1.0664,1.0664,1.0,10664.0,489
2023-05-11 09:30:05,OP90002159,中证500ETF购12月5250,1.0664,0.0,0.0,0.0,20,1.0682,1.0852,20,1.0568,1.0664,1.0664,1.0664,1.0,10664.0,489
2023-05-11 09:30:10,OP90002159,中证500ETF购12月5250,1.0664,0.0,0.0,0.0,20,1.0682,1.0852,20,1.0568,1.0664,1.0664,1.0664,1.0,10664.0,489
2023-05-11 09:30:11,OP90002159,中证500ETF购12月5250,1.0664,0.0,0.0,0.0,20,1.0692,1.0862,20,1.0568,1.0664,1.0664,1.0664,1.0,10664.0,489
2023-05-11 09:30:12,OP90002159,中证500ETF购12月5250,1.0664,0.0,0.0,0.0,20,1.0702,1.0872,20,1.0568,1.0664,1.0664,1.0664,1.0,10664.0,489
2023-05-11 09:30:12,OP90002159,中证500ETF购12月5250,1.0664,0.0,0.0,0.0,20,1.0702,1.0872,20,1.0568,1.0664,1.0664,1.0664,1.0,10664.0,489
2023-05-11 09:30:18,OP90002159,中证500ETF购12月5250,1.0664,0.0,0.0,0.0,20,1.0682,1.0852,20,1.0568,1.0664,1.0664,1.0664,1.0,10664.0,489
2023-05-11 09:30:18,OP90002159,中证500ETF购12月5250,1.0664,0.0,0.0,0.0,20,1.0695,1.0864,20,1.0568,1.0664,1.0664,1.0664,1.0,10664.0,489
2023-05-11 09:30:20,OP90002159,中证500ETF购12月5250,1.0664,0.0,0.0,0.0,20,1.0685,1.0854,20,1.0568,1.0664,1.0664,1.0664,1.0,10664.0,489
2023-05-11 09:30:21,OP90002159,中证500ETF购12月5250,1.0664,0.0,0.0,0.0,20,1.0706,1.0875,20,1.0568,1.0664,1.0664,1.0664,1.0,10664.0,489
2023-05-11 09:30:24,OP90002159,中证500ETF购12月5250,1.0664,0.0,0.0,0.0,20,1.0695,1.0864,20,1.0568,1.0664,1.0664,1.0664,1.0,10664.0,489
2023-05-11 09:30:24,OP90002159,中证500ETF购12月5250,1.0664,0.0,0.0,0.0,20,1.0695,1.0863,15,1.0568,1.0664,1.0664,1.0664,1.0,10664.0,489
2023-05-11 09:30:25,OP90002159,中证500ETF购12月5250,1.0664,0.0,0.0,0.0,20,1.0695,1.0863,15,1.0568,1.0664,1.0664,1.0664,1.0,10664.0,489
2023-05-11 09:30:26,OP90002159,中证500ETF购12月5250,1.0664,0.0,0.0,0.0,20,1.0706,1.0863,35,1.0568,1.0664,1.0664,1.0664,1.0,10664.0,489
2023-05-11 09:30:31,OP90002159,中证500ETF购12月5250,1.0664,0.0,0.0,0.0,20,1.0706,1.0863,35,1.0568,1.0664,1.0664,1.0664,1.0,10664.0,489
2023-05-11 09:30:39,OP90002159,中证500ETF购12月5250,1.0664,0.0,0.0,0.0,20,1.0706,1.0863,35,1.0568,1.0664,1.0664,1.0664,1.0,10664.0,489
2023-05-11 09:30:43,OP90002159,中证500ETF购12月5250,1.0664,0.0,0.0,0.0,20,1.0716,1.0863,35,1.0568,1.0664,1.0664,1.0664,1.0,10664.0,489
2023-05-11 09:30:46,OP90002159,中证500ETF购12月5250,1.0664,0.0,0.0,0.0,20,1.0716,1.0863,35,1.0568,1.0664,1.0664,1.0664,1.0,10664.0,489
2023-05-11 09:30:46,OP90002159,中证500ETF购12月5250,1.0664,0.0,0.0,0.0,20,1.0702,1.0863,35,1.0568,1.0664,1.0664,1.0664,1.0,10664.0,489
2023-05-11 09:30:48,OP90002159,中证500ETF购12月5250,1.0664,0.0,0.0,0.0,20,1.0692,1.0861,20,1.0568,1.0664,1.0664,1.0664,1.0,10664.0,489
2023-05-11 09:30:48,OP90002159,中证500ETF购12月5250,1.0664,0.0,0.0,0.0,20,1.0692,1.086,15,1.0568,1.0664,1.0664,1.0664,1.0,10664.0,489
2023-05-11 09:30:49,OP90002159,中证500ETF购12月5250,1.0664,0.0,0.0,0.0,20,1.0692,1.086,15,1.0568,1.0664,1.0664,1.0664,1.0,10664.0,489
2023-05-11 09:30:49,OP90002159,中证500ETF购12月5250,1.0664,0.0,0.0,0.0,20,1.0692,1.086,15,1.0568,1.0664,1.0664,1.0664,1.0,10664.0,489
2023-05-11 09:30:50,OP90002159,中证500ETF购12月5250,1.0664,0.0,0.0,0.0,30,1.0681,1.085,20,1.0568,1.0664,1.0664,1.0664,1.0,10664.0,489
2023-05-11 09:30:50,OP90002159,中证500ETF购12月5250,1.0664,0.0,0.0,0.0,30,1.0681,1.0849,15,1.0568,1.0664,1.0664,1.0664,1.0,10664.0,489
2023-05-11 09:30:53,OP90002159,中证500ETF购12月5250,1.0664,0.0,0.0,0.0,20,1.0693,1.0849,35,1.0568,1.0664,1.0664,1.0664,1.0,10664.0,489
2023-05-11 09:30:54,OP90002159,中证500ETF购12月5250,1.0664,0.0,0.0,0.0,20,1.0693,1.0849,35,1.0568,1.0664,1.0664,1.0664,1.0,10664.0,489
2023-05-11 09:30:55,OP90002159,中证500ETF购12月5250,1.0664,0.0,0.0,0.0,30,1.0681,1.0849,35,1.0568,1.0664,1.0664,1.0664,1.0,10664.0,489
2023-05-11 09:30:55,OP90002159,中证500ETF购12月5250,1.0664,0.0,0.0,0.0,30,1.0681,1.0841,20,1.0568,1.0664,1.0664,1.0664,1.0,10664.0,489
2023-05-11 09:30:56,OP90002159,中证500ETF购12月5250,1.0664,0.0,0.0,0.0,30,1.0681,1.084,15,1.0568,1.0664,1.0664,1.0664,1.0,10664.0,489
2023-05-11 09:30:56,OP90002159,中证500ETF购12月5250,1.0664,0.0,0.0,0.0,30,1.0681,1.084,15,1.0568,1.0664,1.0664,1.0664,1.0,10664.0,489
2023-05-11 09:30:59,OP90002159,中证500ETF购12月5250,1.0664,0.0,0.0,0.0,30,1.0681,1.083,20,1.0568,1.0664,1.0664,1.0664,1.0,10664.0,489
2023-05-11 09:30:59,OP90002159,中证500ETF购12月5250,1.0664,0.0,0.0,0.0,30,1.0681,1.0829,15,1.0568,1.0664,1.0664,1.0664,1.0,10664.0,489
2023-05-11 09:31:00,OP90002159,中证500ETF购12月5250,1.0664,0.0,0.0,0.0,30,1.0681,1.0829,15,1.0568,1.0664,1.0664,1.0664,1.0,10664.0,489
2023-05-11 09:31:01,OP90002159,中证500ETF购12月5250,1.0664,0.0,0.0,0.0,10,1.0681,1.0813,20,1.0568,1.0664,1.0664,1.0664,1.0,10664.0,489
2023-05-11 09:31:02,OP90002159,中证500ETF购12月5250,1.0664,0.0,0.0,0.0,10,1.0681,1.0812,15,1.0568,1.0664,1.0664,1.0664,1.0,10664.0,489
2023-05-11 09:31:02,OP90002159,中证500ETF购12月5250,1.0664,0.0,0.0,0.0,1,1.0701,1.0812,15,1.0568,1.0664,1.0664,1.0664,1.0,10664.0,489
2023-05-11 09:31:03,OP90002159,中证500ETF购12月5250,1.0664,0.0,0.0,0.0,1,1.0701,1.0813,20,1.0568,1.0664,1.0664,1.0664,1.0,10664.0,489
2023-05-11 09:31:03,OP90002159,中证500ETF购12月5250,1.0664,0.0,0.0,0.0,1,1.0701,1.0813,40,1.0568,1.0664,1.0664,1.0664,1.0,10664.0,489
2023-05-11 09:31:04,OP90002159,中证500ETF购12月5250,1.0664,0.0,0.0,0.0,1,1.0701,1.0813,20,1.0568,1.0664,1.0664,1.0664,1.0,10664.0,489
2023-05-11 09:31:05,OP90002159,中证500ETF购12月5250,1.0664,0.0,0.0,0.0,21,1.0701,1.0832,20,1.0568,1.0664,1.0664,1.0664,1.0,10664.0,489
2023-05-11 09:31:05,OP90002159,中证500ETF购12月5250,1.0664,0.0,0.0,0.0,21,1.0701,1.0832,20,1.0568,1.0664,1.0664,1.0664,1.0,10664.0,489
2023-05-11 09:31:06,OP90002159,中证500ETF购12月5250,1.0664,0.0,0.0,0.0,21,1.0701,1.0832,20,1.0568,1.0664,1.0664,1.0664,1.0,10664.0,489
2023-05-11 09:31:21,OP90002159,中证500ETF购12月5250,1.0664,0.0,0.0,0.0,20,1.0705,1.0841,10,1.0568,1.0664,1.0664,1.0664,1.0,10664.0,489
2023-05-11 09:31:21,OP90002159,中证500ETF购12月5250,1.0664,0.0,0.0,0.0,20,1.0705,1.0844,20,1.0568,1.0664,1.0664,1.0664,1.0,10664.0,489
2023-05-11 09:31:22,OP90002159,中证500ETF购12月5250,1.0664,0.0,0.0,0.0,21,1.0701,1.0862,20,1.0568,1.0664,1.0664,1.0664,1.0,10664.0,489
2023-05-11 09:31:22,OP90002159,中证500ETF购12月5250,1.0664,0.0,0.0,0.0,21,1.0701,1.0861,15,1.0568,1.0664,1.0664,1.0664,1.0,10664.0,489
2023-05-11 09:31:23,OP90002159,中证500ETF购12月5250,1.0664,0.0,0.0,0.0,21,1.0701,1.0861,15,1.0568,1.0664,1.0664,1.0664,1.0,10664.0,489
2023-05-11 09:31:24,OP90002159,中证500ETF购12月5250,1.0664,0.0,0.0,0.0,21,1.0701,1.0861,15,1.0568,1.0664,1.0664,1.0664,1.0,10664.0,489
2023-05-11 09:31:33,OP90002159,中证500ETF购12月5250,1.0664,0.0,0.0,0.0,21,1.0701,1.0861,25,1.0568,1.0664,1.0664,1.0664,1.0,10664.0,489
2023-05-11 09:31:34,OP90002159,中证500ETF购12月5250,1.0664,0.0,0.0,0.0,21,1.0701,1.0846,20,1.0568,1.0664,1.0664,1.0664,1.0,10664.0,489
2023-05-11 09:31:35,OP90002159,中证500ETF购12月5250,1.0664,0.0,0.0,0.0,10,1.0727,1.0845,15,1.0568,1.0664,1.0664,1.0664,1.0,10664.0,489
2023-05-11 09:31:35,OP90002159,中证500ETF购12月5250,1.0664,0.0,0.0,0.0,10,1.0727,1.0845,45,1.0568,1.0664,1.0664,1.0664,1.0,10664.0,489
2023-05-11 09:31:37,OP90002159,中证500ETF购12月5250,1.0664,0.0,0.0,0.0,10,1.0727,1.0845,45,1.0568,1.0664,1.0664,1.0664,1.0,10664.0,489
2023-05-11 09:31:38,OP90002159,中证500ETF购12月5250,1.0664,0.0,0.0,0.0,10,1.0727,1.0845,30,1.0568,1.0664,1.0664,1.0664,1.0,10664.0,489
2023-05-11 09:31:40,OP90002159,中证500ETF购12月5250,1.0664,0.0,0.0,0.0,10,1.0727,1.0845,30,1.0568,1.0664,1.0664,1.0664,1.0,10664.0,489
2023-05-11 09:31:41,OP90002159,中证500ETF购12月5250,1.0664,0.0,0.0,0.0,10,1.0727,1.0845,30,1.0568,1.0664,1.0664,1.0664,1.0,10664.0,489
2023-05-11 09:31:42,OP90002159,中证500ETF购12月5250,1.0664,0.0,0.0,0.0,10,1.0727,1.0845,30,1.0568,1.0664,1.0664,1.0664,1.0,10664.0,489
2023-05-11 09:31:42,OP90002159,中证500ETF购12月5250,1.0664,0.0,0.0,0.0,10,1.0727,1.0844,15,1.0568,1.0664,1.0664,1.0664,1.0,10664.0,489
2023-05-11 09:31:43,OP90002159,中证500ETF购12月5250,1.0664,0.0,0.0,0.0,10,1.0727,1.0844,25,1.0568,1.0664,1.0664,1.0664,1.0,10664.0,489
2023-05-11 09:31:44,OP90002159,中证500ETF购12月5250,1.0664,0.0,0.0,0.0,10,1.0727,1.0844,25,1.0568,1.0664,1.0664,1.0664,1.0,10664.0,489
2023-05-11 09:31:44,OP90002159,中证500ETF购12月5250,1.0664,0.0,0.0,0.0,10,1.0727,1.0844,25,1.0568,1.0664,1.0664,1.0664,1.0,10664.0,489
2023-05-11 09:31:45,OP90002159,中证500ETF购12月5250,1.0664,0.0,0.0,0.0,10,1.0727,1.0842,20,1.0568,1.0664,1.0664,1.0664,1.0,10664.0,489
2023-05-11 09:31:46,OP90002159,中证500ETF购12月5250,1.0664,0.0,0.0,0.0,10,1.0727,1.0841,15,1.0568,1.0664,1.0664,1.0664,1.0,10664.0,489
2023-05-11 09:31:46,OP90002159,中证500ETF购12月5250,1.0664,0.0,0.0,0.0,10,1.0727,1.0841,25,1.0568,1.0664,1.0664,1.0664,1.0,10664.0,489
2023-05-11 09:31:47,OP90002159,中证500ETF购12月5250,1.0664,0.0,0.0,0.0,20,1.0709,1.0827,10,1.0568,1.0664,1.0664,1.0664,1.0,10664.0,489
2023-05-11 09:31:47,OP90002159,中证500ETF购12月5250,1.0664,0.0,0.0,0.0,10,1.0707,1.0826,15,1.0568,1.0664,1.0664,1.0664,1.0,10664.0,489
2023-05-11 09:31:48,OP90002159,中证500ETF购12月5250,1.0664,0.0,0.0,0.0,10,1.0707,1.0826,25,1.0568,1.0664,1.0664,1.0664,1.0,10664.0,489
2023-05-11 09:31:48,OP90002159,中证500ETF购12月5250,1.0664,0.0,0.0,0.0,30,1.0707,1.0826,45,1.0568,1.0664,1.0664,1.0664,1.0,10664.0,489
2023-05-11 09:31:49,OP90002159,中证500ETF购12月5250,1.0664,0.0,0.0,0.0,30,1.0707,1.0826,45,1.0568,1.0664,1.0664,1.0664,1.0,10664.0,489
2023-05-11 09:31:52,OP90002159,中证500ETF购12月5250,1.0664,0.0,0.0,0.0,1,1.071,1.0826,45,1.0568,1.0664,1.0664,1.0664,1.0,10664.0,489
2023-05-11 09:31:52,OP90002159,中证500ETF购12月5250,1.0664,0.0,0.0,0.0,1,1.071,1.0826,45,1.0568,1.0664,1.0664,1.0664,1.0,10664.0,489
2023-05-11 09:31:58,OP90002159,中证500ETF购12月5250,1.0664,0.0,0.0,0.0,1,1.071,1.0826,45,1.0568,1.0664,1.0664,1.0664,1.0,10664.0,489
2023-05-11 09:32:00,OP90002159,中证500ETF购12月5250,1.0664,0.0,0.0,0.0,10,1.0722,1.0826,30,1.0568,1.0664,1.0664,1.0664,1.0,10664.0,489
2023-05-11 09:32:00,OP90002159,中证500ETF购12月5250,1.0664,0.0,0.0,0.0,30,1.0722,1.0826,30,1.0568,1.0664,1.0664,1.0664,1.0,10664.0,489
2023-05-11 09:32:01,OP90002159,中证500ETF购12月5250,1.0664,0.0,0.0,0.0,30,1.0722,1.0826,30,1.0568,1.0664,1.0664,1.0664,1.0,10664.0,489
2023-05-11 09:32:02,OP90002159,中证500ETF购12月5250,1.0664,0.0,0.0,0.0,30,1.0722,1.0826,30,1.0568,1.0664,1.0664,1.0664,1.0,10664.0,489
2023-05-11 09:32:03,OP90002159,中证500ETF购12月5250,1.0664,0.0,0.0,0.0,20,1.0722,1.0826,30,1.0568,1.0664,1.0664,1.0664,1.0,10664.0,489
2023-05-11 09:32:03,OP90002159,中证500ETF购12月5250,1.0664,0.0,0.0,0.0,30,1.0711,1.0826,30,1.0568,1.0664,1.0664,1.0664,1.0,10664.0,489
2023-05-11 09:32:04,OP90002159,中证500ETF购12月5250,1.0664,0.0,0.0,0.0,30,1.0711,1.0826,30,1.0568,1.0664,1.0664,1.0664,1.0,10664.0,489
2023-05-11 09:32:05,OP90002159,中证500ETF购12月5250,1.0664,0.0,0.0,0.0,30,1.0711,1.0826,30,1.0568,1.0664,1.0664,1.0664,1.0,10664.0,489
2023-05-11 09:32:06,OP90002159,中证500ETF购12月5250,1.0664,0.0,0.0,0.0,30,1.0711,1.0826,20,1.0568,1.0664,1.0664,1.0664,1.0,10664.0,489
2023-05-11 09:32:07,OP90002159,中证500ETF购12月5250,1.0664,0.0,0.0,0.0,30,1.0711,1.0826,20,1.0568,1.0664,1.0664,1.0664,1.0,10664.0,489
2023-05-11 09:32:16,OP90002159,中证500ETF购12月5250,1.0664,0.0,0.0,0.0,30,1.0711,1.0826,20,1.0568,1.0664,1.0664,1.0664,1.0,10664.0,489
2023-05-11 09:32:17,OP90002159,中证500ETF购12月5250,1.0664,0.0,0.0,0.0,30,1.0711,1.0825,15,1.0568,1.0664,1.0664,1.0664,1.0,10664.0,489
2023-05-11 09:32:17,OP90002159,中证500ETF购12月5250,1.0664,0.0,0.0,0.0,30,1.0711,1.0825,15,1.0568,1.0664,1.0664,1.0664,1.0,10664.0,489
2023-05-11 09:32:23,OP90002159,中证500ETF购12月5250,1.0664,0.0,0.0,0.0,30,1.0711,1.0825,25,1.0568,1.0664,1.0664,1.0664,1.0,10664.0,489
2023-05-11 09:32:26,OP90002159,中证500ETF购12月5250,1.0664,0.0,0.0,0.0,30,1.0711,1.0825,25,1.0568,1.0664,1.0664,1.0664,1.0,10664.0,489
2023-05-11 09:32:27,OP90002159,中证500ETF购12月5250,1.0664,0.0,0.0,0.0,30,1.0711,1.0825,25,1.0568,1.0664,1.0664,1.0664,1.0,10664.0,489
2023-05-11 09:32:34,OP90002159,中证500ETF购12月5250,1.0664,0.0,0.0,0.0,10,1.0712,1.0815,20,1.0568,1.0664,1.0664,1.0664,1.0,10664.0,489
2023-05-11 09:32:35,OP90002159,中证500ETF购12月5250,1.0664,0.0,0.0,0.0,10,1.0712,1.0814,15,1.0568,1.0664,1.0664,1.0664,1.0,10664.0,489
2023-05-11 09:32:35,OP90002159,中证500ETF购12月5250,1.0664,0.0,0.0,0.0,10,1.0712,1.0814,15,1.0568,1.0664,1.0664,1.0664,1.0,10664.0,489
2023-05-11 09:32:36,OP90002159,中证500ETF购12月5250,1.0664,0.0,0.0,0.0,10,1.0712,1.0814,15,1.0568,1.0664,1.0664,1.0664,1.0,10664.0,489
2023-05-11 09:32:36,OP90002159,中证500ETF购12月5250,1.0664,0.0,0.0,0.0,10,1.0712,1.0814,15,1.0568,1.0664,1.0664,1.0664,1.0,10664.0,489
2023-05-11 09:32:37,OP90002159,中证500ETF购12月5250,1.0664,0.0,0.0,0.0,10,1.0711,1.0814,15,1.0568,1.0664,1.0664,1.0664,1.0,10664.0,489
2023-05-11 09:32:37,OP90002159,中证500ETF购12月5250,1.0664,0.0,0.0,0.0,10,1.0712,1.0814,25,1.0568,1.0664,1.0664,1.0664,1.0,10664.0,489
2023-05-11 09:32:38,OP90002159,中证500ETF购12月5250,1.0664,0.0,0.0,0.0,10,1.0712,1.0814,25,1.0568,1.0664,1.0664,1.0664,1.0,10664.0,489
2023-05-11 09:32:44,OP90002159,中证500ETF购12月5250,1.0664,0.0,0.0,0.0,10,1.0711,1.0814,25,1.0568,1.0664,1.0664,1.0664,1.0,10664.0,489
2023-05-11 09:32:44,OP90002159,中证500ETF购12月5250,1.0664,0.0,0.0,0.0,10,1.0712,1.0814,25,1.0568,1.0664,1.0664,1.0664,1.0,10664.0,489
2023-05-11 09:32:45,OP90002159,中证500ETF购12月5250,1.0664,0.0,0.0,0.0,20,1.0699,1.081,10,1.0568,1.0664,1.0664,1.0664,1.0,10664.0,489
2023-05-11 09:32:45,OP90002159,中证500ETF购12月5250,1.0664,0.0,0.0,0.0,10,1.07,1.0809,15,1.0568,1.0664,1.0664,1.0664,1.0,10664.0,489
2023-05-11 09:32:46,OP90002159,中证500ETF购12月5250,1.0664,0.0,0.0,0.0,10,1.07,1.0809,25,1.0568,1.0664,1.0664,1.0664,1.0,10664.0,489
2023-05-11 09:32:47,OP90002159,中证500ETF购12月5250,1.0664,0.0,0.0,0.0,10,1.07,1.0809,25,1.0568,1.0664,1.0664,1.0664,1.0,10664.0,489
2023-05-11 09:32:50,OP90002159,中证500ETF购12月5250,1.0664,0.0,0.0,0.0,10,1.07,1.0809,10,1.0568,1.0664,1.0664,1.0664,1.0,10664.0,489
2023-05-11 09:32:52,OP90002159,中证500ETF购12月5250,1.0664,0.0,0.0,0.0,10,1.07,1.081,20,1.0568,1.0664,1.0664,1.0664,1.0,10664.0,489
2023-05-11 09:32:53,OP90002159,中证500ETF购12月5250,1.0664,0.0,0.0,0.0,10,1.07,1.0809,15,1.0568,1.0664,1.0664,1.0664,1.0,10664.0,489
2023-05-11 09:32:53,OP90002159,中证500ETF购12月5250,1.0664,0.0,0.0,0.0,10,1.07,1.0809,15,1.0568,1.0664,1.0664,1.0664,1.0,10664.0,489
2023-05-11 09:32:56,OP90002159,中证500ETF购12月5250,1.0664,0.0,0.0,0.0,10,1.07,1.0809,15,1.0568,1.0664,1.0664,1.0664,1.0,10664.0,489
2023-05-11 09:33:01,OP90002159,中证500ETF购12月5250,1.0664,0.0,0.0,0.0,20,1.0705,1.0784,20,1.0568,1.0664,1.0664,1.0664,1.0,10664.0,489
2023-05-11 09:33:02,OP90002159,中证500ETF购12月5250,1.0664,0.0,0.0,0.0,40,1.0705,1.0784,40,1.0568,1.0664,1.0664,1.0664,1.0,10664.0,489
2023-05-11 09:33:07,OP90002159,中证500ETF购12月5250,1.0664,0.0,0.0,0.0,40,1.0705,1.0784,40,1.0568,1.0664,1.0664,1.0664,1.0,10664.0,489
2023-05-11 09:33:12,OP90002159,中证500ETF购12月5250,1.0664,0.0,0.0,0.0,20,1.0705,1.0766,20,1.0568,1.0664,1.0664,1.0664,1.0,10664.0,489
2023-05-11 09:33:12,OP90002159,中证500ETF购12月5250,1.0664,0.0,0.0,0.0,10,1.0693,1.0766,40,1.0568,1.0664,1.0664,1.0664,1.0,10664.0,489
2023-05-11 09:33:13,OP90002159,中证500ETF购12月5250,1.0664,0.0,0.0,0.0,10,1.0694,1.0766,40,1.0568,1.0664,1.0664,1.0664,1.0,10664.0,489
2023-05-11 09:33:13,OP90002159,中证500ETF购12月5250,1.0664,0.0,0.0,0.0,10,1.0694,1.0766,40,1.0568,1.0664,1.0664,1.0664,1.0,10664.0,489
2023-05-11 09:33:14,OP90002159,中证500ETF购12月5250,1.0664,0.0,0.0,0.0,20,1.0692,1.0766,40,1.0568,1.0664,1.0664,1.0664,1.0,10664.0,489
2023-05-11 09:33:15,OP90002159,中证500ETF购12月5250,1.0664,0.0,0.0,0.0,10,1.0693,1.0766,40,1.0568,1.0664,1.0664,1.0664,1.0,10664.0,489
2023-05-11 09:33:39,OP90002159,中证500ETF购12月5250,1.0664,0.0,0.0,0.0,10,1.0693,1.0766,40,1.0568,1.0664,1.0664,1.0664,1.0,10664.0,489
2023-05-11 09:33:41,OP90002159,中证500ETF购12月5250,1.0664,0.0,0.0,0.0,10,1.07,1.0766,40,1.0568,1.0664,1.0664,1.0664,1.0,10664.0,489
2023-05-11 09:33:45,OP90002159,中证500ETF购12月5250,1.0664,0.0,0.0,0.0,20,1.0703,1.0766,20,1.0568,1.0664,1.0664,1.0664,1.0,10664.0,489
2023-05-11 09:33:46,OP90002159,中证500ETF购12月5250,1.0664,0.0,0.0,0.0,40,1.0703,1.0765,15,1.0568,1.0664,1.0664,1.0664,1.0,10664.0,489
2023-05-11 09:33:46,OP90002159,中证500ETF购12月5250,1.0664,0.0,0.0,0.0,40,1.0703,1.0765,15,1.0568,1.0664,1.0664,1.0664,1.0,10664.0,489
2023-05-11 09:33:47,OP90002159,中证500ETF购12月5250,1.0664,0.0,0.0,0.0,40,1.0703,1.0765,15,1.0568,1.0664,1.0664,1.0664,1.0,10664.0,489
2023-05-11 09:33:53,OP90002159,中证500ETF购12月5250,1.0664,0.0,0.0,0.0,40,1.0703,1.0765,15,1.0568,1.0664,1.0664,1.0664,1.0,10664.0,489
2023-05-11 09:33:54,OP90002159,中证500ETF购12月5250,1.0664,0.0,0.0,0.0,40,1.0703,1.0765,15,1.0568,1.0664,1.0664,1.0664,1.0,10664.0,489
2023-05-11 09:33:55,OP90002159,中证500ETF购12月5250,1.0664,0.0,0.0,0.0,20,1.0703,1.0765,15,1.0568,1.0664,1.0664,1.0664,1.0,10664.0,489
2023-05-11 09:33:59,OP90002159,中证500ETF购12月5250,1.0664,0.0,0.0,0.0,20,1.0703,1.0765,15,1.0568,1.0664,1.0664,1.0664,1.0,10664.0,489
2023-05-11 09:33:59,OP90002159,中证500ETF购12月5250,1.0664,0.0,0.0,0.0,20,1.0703,1.0765,15,1.0568,1.0664,1.0664,1.0664,1.0,10664.0,489
2023-05-11 09:34:00,OP90002159,中证500ETF购12月5250,1.0664,0.0,0.0,0.0,20,1.0703,1.0765,15,1.0568,1.0664,1.0664,1.0664,1.0,10664.0,489
2023-05-11 09:34:12,OP90002159,中证500ETF购12月5250,1.0664,0.0,0.0,0.0,20,1.0703,1.0765,15,1.0568,1.0664,1.0664,1.0664,1.0,10664.0,489
2023-05-11 09:34:13,OP90002159,中证500ETF购12月5250,1.0664,0.0,0.0,0.0,10,1.0704,1.0765,15,1.0568,1.0664,1.0664,1.0664,1.0,10664.0,489
2023-05-11 09:34:13,OP90002159,中证500ETF购12月5250,1.0664,0.0,0.0,0.0,20,1.0703,1.0765,15,1.0568,1.0664,1.0664,1.0664,1.0,10664.0,489
2023-05-11 09:34:14,OP90002159,中证500ETF购12月5250,1.0664,0.0,0.0,0.0,10,1.0704,1.0765,15,1.0568,1.0664,1.0664,1.0664,1.0,10664.0,489
2023-05-11 09:34:18,OP90002159,中证500ETF购12月5250,1.0664,0.0,0.0,0.0,20,1.0703,1.0765,15,1.0568,1.0664,1.0664,1.0664,1.0,10664.0,489
2023-05-11 09:34:19,OP90002159,中证500ETF购12月5250,1.0664,0.0,0.0,0.0,10,1.0704,1.0765,15,1.0568,1.0664,1.0664,1.0664,1.0,10664.0,489
2023-05-11 09:34:31,OP90002159,中证500ETF购12月5250,1.0664,0.0,0.0,0.0,20,1.0703,1.0765,15,1.0568,1.0664,1.0664,1.0664,1.0,10664.0,489
2023-05-11 09:34:32,OP90002159,中证500ETF购12月5250,1.0664,0.0,0.0,0.0,10,1.0704,1.0765,15,1.0568,1.0664,1.0664,1.0664,1.0,10664.0,489
2023-05-11 09:34:36,OP90002159,中证500ETF购12月5250,1.0664,0.0,0.0,0.0,20,1.0703,1.0765,15,1.0568,1.0664,1.0664,1.0664,1.0,10664.0,489
2023-05-11 09:34:36,OP90002159,中证500ETF购12月5250,1.0664,0.0,0.0,0.0,10,1.0704,1.0765,15,1.0568,1.0664,1.0664,1.0664,1.0,10664.0,489
2023-05-11 09:34:51,OP90002159,中证500ETF购12月5250,1.0664,0.0,0.0,0.0,10,1.0704,1.0765,35,1.0568,1.0664,1.0664,1.0664,1.0,10664.0,489
2023-05-11 09:34:51,OP90002159,中证500ETF购12月5250,1.0664,0.0,0.0,0.0,20,1.0696,1.0765,35,1.0568,1.0664,1.0664,1.0664,1.0,10664.0,489
2023-05-11 09:34:52,OP90002159,中证500ETF购12月5250,1.0664,0.0,0.0,0.0,10,1.0697,1.0765,35,1.0568,1.0664,1.0664,1.0664,1.0,10664.0,489
2023-05-11 09:34:54,OP90002159,中证500ETF购12月5250,1.0664,0.0,0.0,0.0,10,1.0697,1.0765,35,1.0568,1.0664,1.0664,1.0664,1.0,10664.0,489
2023-05-11 09:34:56,OP90002159,中证500ETF购12月5250,1.0664,0.0,0.0,0.0,10,1.0697,1.0765,35,1.0568,1.0664,1.0664,1.0664,1.0,10664.0,489
2023-05-11 09:35:01,OP90002159,中证500ETF购12月5250,1.0664,0.0,0.0,0.0,10,1.0697,1.0765,35,1.0568,1.0664,1.0664,1.0664,1.0,10664.0,489
2023-05-11 09:35:02,OP90002159,中证500ETF购12月5250,1.0664,0.0,0.0,0.0,10,1.0697,1.0747,40,1.0568,1.0664,1.0664,1.0664,1.0,10664.0,489
2023-05-11 09:35:03,OP90002159,中证500ETF购12月5250,1.0664,0.0,0.0,0.0,10,1.0692,1.0747,40,1.0568,1.0664,1.0664,1.0664,1.0,10664.0,489
2023-05-11 09:35:03,OP90002159,中证500ETF购12月5250,1.0664,0.0,0.0,0.0,40,1.068,1.0747,40,1.0568,1.0664,1.0664,1.0664,1.0,10664.0,489
2023-05-11 09:35:04,OP90002159,中证500ETF购12月5250,1.0664,0.0,0.0,0.0,10,1.0681,1.0747,40,1.0568,1.0664,1.0664,1.0664,1.0,10664.0,489
2023-05-11 09:35:04,OP90002159,中证500ETF购12月5250,1.0664,0.0,0.0,0.0,10,1.0681,1.0747,40,1.0568,1.0664,1.0664,1.0664,1.0,10664.0,489
2023-05-11 09:35:05,OP90002159,中证500ETF购12月5250,1.0664,0.0,0.0,0.0,10,1.0681,1.0731,20,1.0568,1.0664,1.0664,1.0664,1.0,10664.0,489
2023-05-11 09:35:06,OP90002159,中证500ETF购12月5250,1.0664,0.0,0.0,0.0,10,1.0681,1.0731,40,1.0568,1.0664,1.0664,1.0664,1.0,10664.0,489
2023-05-11 09:35:06,OP90002159,中证500ETF购12月5250,1.0664,0.0,0.0,0.0,10,1.0681,1.0731,40,1.0568,1.0664,1.0664,1.0664,1.0,10664.0,489
2023-05-11 09:35:07,OP90002159,中证500ETF购12月5250,1.0664,0.0,0.0,0.0,10,1.0677,1.0731,40,1.0568,1.0664,1.0664,1.0664,1.0,10664.0,489
2023-05-11 09:35:07,OP90002159,中证500ETF购12月5250,1.0664,0.0,0.0,0.0,10,1.0682,1.0731,60,1.0568,1.0664,1.0664,1.0664,1.0,10664.0,489
2023-05-11 09:35:08,OP90002159,中证500ETF购12月5250,1.0664,0.0,0.0,0.0,10,1.0664,1.0731,40,1.0568,1.0664,1.0664,1.0664,1.0,10664.0,489
2023-05-11 09:35:08,OP90002159,中证500ETF购12月5250,1.0664,0.0,0.0,0.0,10,1.0665,1.0731,40,1.0568,1.0664,1.0664,1.0664,1.0,10664.0,489
2023-05-11 09:35:09,OP90002159,中证500ETF购12月5250,1.0664,0.0,0.0,0.0,20,1.0658,1.0731,40,1.0568,1.0664,1.0664,1.0664,1.0,10664.0,489
2023-05-11 09:35:09,OP90002159,中证500ETF购12月5250,1.0664,0.0,0.0,0.0,10,1.0659,1.0731,40,1.0568,1.0664,1.0664,1.0664,1.0,10664.0,489
2023-05-11 09:35:10,OP90002159,中证500ETF购12月5250,1.0664,0.0,0.0,0.0,20,1.0676,1.0731,40,1.0568,1.0664,1.0664,1.0664,1.0,10664.0,489
2023-05-11 09:35:10,OP90002159,中证500ETF购12月5250,1.0664,0.0,0.0,0.0,20,1.0676,1.0731,20,1.0568,1.0664,1.0664,1.0664,1.0,10664.0,489
2023-05-11 09:35:11,OP90002159,中证500ETF购12月5250,1.0664,0.0,0.0,0.0,20,1.0676,1.073,15,1.0568,1.0664,1.0664,1.0664,1.0,10664.0,489
2023-05-11 09:35:11,OP90002159,中证500ETF购12月5250,1.0664,0.0,0.0,0.0,20,1.0676,1.073,15,1.0568,1.0664,1.0664,1.0664,1.0,10664.0,489
2023-05-11 09:35:12,OP90002159,中证500ETF购12月5250,1.0664,0.0,0.0,0.0,20,1.0676,1.073,15,1.0568,1.0664,1.0664,1.0664,1.0,10664.0,489
2023-05-11 09:35:12,OP90002159,中证500ETF购12月5250,1.0664,0.0,0.0,0.0,20,1.0676,1.073,15,1.0568,1.0664,1.0664,1.0664,1.0,10664.0,489
2023-05-11 09:35:21,OP90002159,中证500ETF购12月5250,1.0664,0.0,0.0,0.0,20,1.067,1.0727,20,1.0568,1.0664,1.0664,1.0664,1.0,10664.0,489
2023-05-11 09:35:22,OP90002159,中证500ETF购12月5250,1.0664,0.0,0.0,0.0,10,1.0671,1.0725,15,1.0568,1.0664,1.0664,1.0664,1.0,10664.0,489
2023-05-11 09:35:22,OP90002159,中证500ETF购12月5250,1.0664,0.0,0.0,0.0,10,1.0671,1.0725,15,1.0568,1.0664,1.0664,1.0664,1.0,10664.0,489
2023-05-11 09:35:24,OP90002159,中证500ETF购12月5250,1.0664,0.0,0.0,0.0,10,1.0671,1.0713,20,1.0568,1.0664,1.0664,1.0664,1.0,10664.0,489
2023-05-11 09:35:25,OP90002159,中证500ETF购12月5250,1.0664,0.0,0.0,0.0,10,1.0671,1.0712,15,1.0568,1.0664,1.0664,1.0664,1.0,10664.0,489
2023-05-11 09:35:25,OP90002159,中证500ETF购12月5250,1.0664,0.0,0.0,0.0,20,1.0659,1.0703,20,1.0568,1.0664,1.0664,1.0664,1.0,10664.0,489
2023-05-11 09:35:26,OP90002159,中证500ETF购12月5250,1.0664,0.0,0.0,0.0,10,1.0672,1.0702,15,1.0568,1.0664,1.0664,1.0664,1.0,10664.0,489
2023-05-11 09:35:26,OP90002159,中证500ETF购12月5250,1.0664,0.0,0.0,0.0,20,1.0659,1.0702,15,1.0568,1.0664,1.0664,1.0664,1.0,10664.0,489
2023-05-11 09:35:27,OP90002159,中证500ETF购12月5250,1.0664,0.0,0.0,0.0,10,1.066,1.0702,15,1.0568,1.0664,1.0664,1.0664,1.0,10664.0,489
2023-05-11 09:35:27,OP90002159,中证500ETF购12月5250,1.0664,0.0,0.0,0.0,10,1.066,1.0702,15,1.0568,1.0664,1.0664,1.0664,1.0,10664.0,489
2023-05-11 09:35:35,OP90002159,中证500ETF购12月5250,1.0664,0.0,0.0,0.0,20,1.0659,1.0702,15,1.0568,1.0664,1.0664,1.0664,1.0,10664.0,489
2023-05-11 09:35:36,OP90002159,中证500ETF购12月5250,1.0664,0.0,0.0,0.0,20,1.0659,1.0702,15,1.0568,1.0664,1.0664,1.0664,1.0,10664.0,489
2023-05-11 09:35:36,OP90002159,中证500ETF购12月5250,1.0664,0.0,0.0,0.0,10,1.066,1.0702,15,1.0568,1.0664,1.0664,1.0664,1.0,10664.0,489
2023-05-11 09:35:37,OP90002159,中证500ETF购12月5250,1.0664,0.0,0.0,0.0,10,1.066,1.0702,15,1.0568,1.0664,1.0664,1.0664,1.0,10664.0,489
2023-05-11 09:35:38,OP90002159,中证500ETF购12月5250,1.0664,0.0,0.0,0.0,10,1.066,1.0702,15,1.0568,1.0664,1.0664,1.0664,1.0,10664.0,489
2023-05-11 09:35:38,OP90002159,中证500ETF购12月5250,1.0664,0.0,0.0,0.0,20,1.0642,1.0702,35,1.0568,1.0664,1.0664,1.0664,1.0,10664.0,489
2023-05-11 09:35:39,OP90002159,中证500ETF购12月5250,1.0664,0.0,0.0,0.0,20,1.0641,1.0686,20,1.0568,1.0664,1.0664,1.0664,1.0,10664.0,489
2023-05-11 09:35:39,OP90002159,中证500ETF购12月5250,1.0664,0.0,0.0,0.0,40,1.064,1.0685,15,1.0568,1.0664,1.0664,1.0664,1.0,10664.0,489
2023-05-11 09:35:40,OP90002159,中证500ETF购12月5250,1.0664,0.0,0.0,0.0,10,1.0641,1.0685,15,1.0568,1.0664,1.0664,1.0664,1.0,10664.0,489
2023-05-11 09:35:42,OP90002159,中证500ETF购12月5250,1.0664,0.0,0.0,0.0,40,1.064,1.0685,15,1.0568,1.0664,1.0664,1.0664,1.0,10664.0,489
2023-05-11 09:35:43,OP90002159,中证500ETF购12月5250,1.0664,0.0,0.0,0.0,1,1.0643,1.0685,15,1.0568,1.0664,1.0664,1.0664,1.0,10664.0,489
2023-05-11 09:35:47,OP90002159,中证500ETF购12月5250,1.0664,0.0,0.0,0.0,1,1.0643,1.0685,15,1.0568,1.0664,1.0664,1.0664,1.0,10664.0,489
2023-05-11 09:35:48,OP90002159,中证500ETF购12月5250,1.0664,0.0,0.0,0.0,1,1.0643,1.0689,20,1.0568,1.0664,1.0664,1.0664,1.0,10664.0,489
2023-05-11 09:35:48,OP90002159,中证500ETF购12月5250,1.0664,0.0,0.0,0.0,21,1.0643,1.0698,20,1.0568,1.0664,1.0664,1.0664,1.0,10664.0,489
2023-05-11 09:35:49,OP90002159,中证500ETF购12月5250,1.0664,0.0,0.0,0.0,21,1.0643,1.0697,15,1.0568,1.0664,1.0664,1.0664,1.0,10664.0,489
2023-05-11 09:35:51,OP90002159,中证500ETF购12月5250,1.0664,0.0,0.0,0.0,20,1.0656,1.0697,15,1.0568,1.0664,1.0664,1.0664,1.0,10664.0,489
2023-05-11 09:35:51,OP90002159,中证500ETF购12月5250,1.0664,0.0,0.0,0.0,40,1.0656,1.0698,20,1.0568,1.0664,1.0664,1.0664,1.0,10664.0,489
2023-05-11 09:35:52,OP90002159,中证500ETF购12月5250,1.0664,0.0,0.0,0.0,40,1.0656,1.0707,20,1.0568,1.0664,1.0664,1.0664,1.0,10664.0,489
2023-05-11 09:35:52,OP90002159,中证500ETF购12月5250,1.0664,0.0,0.0,0.0,40,1.0656,1.0706,15,1.0568,1.0664,1.0664,1.0664,1.0,10664.0,489
2023-05-11 09:35:53,OP90002159,中证500ETF购12月5250,1.0664,0.0,0.0,0.0,40,1.0656,1.0706,15,1.0568,1.0664,1.0664,1.0664,1.0,10664.0,489
2023-05-11 09:35:55,OP90002159,中证500ETF购12月5250,1.0664,0.0,0.0,0.0,40,1.0656,1.0706,15,1.0568,1.0664,1.0664,1.0664,1.0,10664.0,489
2023-05-11 09:35:55,OP90002159,中证500ETF购12月5250,1.0664,0.0,0.0,0.0,40,1.0656,1.07,20,1.0568,1.0664,1.0664,1.0664,1.0,10664.0,489
2023-05-11 09:35:56,OP90002159,中证500ETF购12月5250,1.0664,0.0,0.0,0.0,40,1.0656,1.0699,15,1.0568,1.0664,1.0664,1.0664,1.0,10664.0,489
2023-05-11 09:35:56,OP90002159,中证500ETF购12月5250,1.0664,0.0,0.0,0.0,20,1.0656,1.0699,15,1.0568,1.0664,1.0664,1.0664,1.0,10664.0,489
2023-05-11 09:35:57,OP90002159,中证500ETF购12月5250,1.0664,0.0,0.0,0.0,20,1.0652,1.0699,15,1.0568,1.0664,1.0664,1.0664,1.0,10664.0,489
2023-05-11 09:35:58,OP90002159,中证500ETF购12月5250,1.0664,0.0,0.0,0.0,20,1.0652,1.0688,20,1.0568,1.0664,1.0664,1.0664,1.0,10664.0,489
2023-05-11 09:35:58,OP90002159,中证500ETF购12月5250,1.0664,0.0,0.0,0.0,20,1.0652,1.0687,15,1.0568,1.0664,1.0664,1.0664,1.0,10664.0,489
2023-05-11 09:35:59,OP90002159,中证500ETF购12月5250,1.0664,0.0,0.0,0.0,20,1.0646,1.0687,15,1.0568,1.0664,1.0664,1.0664,1.0,10664.0,489
2023-05-11 09:35:59,OP90002159,中证500ETF购12月5250,1.0664,0.0,0.0,0.0,20,1.0646,1.0687,15,1.0568,1.0664,1.0664,1.0664,1.0,10664.0,489
2023-05-11 09:36:06,OP90002159,中证500ETF购12月5250,1.0664,0.0,0.0,0.0,40,1.0646,1.0688,20,1.0568,1.0664,1.0664,1.0664,1.0,10664.0,489
2023-05-11 09:36:06,OP90002159,中证500ETF购12月5250,1.0664,0.0,0.0,0.0,20,1.0652,1.0698,20,1.0568,1.0664,1.0664,1.0664,1.0,10664.0,489
2023-05-11 09:36:07,OP90002159,中证500ETF购12月5250,1.0664,0.0,0.0,0.0,20,1.0652,1.0698,35,1.0568,1.0664,1.0664,1.0664,1.0,10664.0,489
2023-05-11 09:36:08,OP90002159,中证500ETF购12月5250,1.0664,0.0,0.0,0.0,20,1.0652,1.0698,35,1.0568,1.0664,1.0664,1.0664,1.0,10664.0,489
2023-05-11 09:36:10,OP90002159,中证500ETF购12月5250,1.0664,0.0,0.0,0.0,40,1.0646,1.0687,20,1.0568,1.0664,1.0664,1.0664,1.0,10664.0,489
2023-05-11 09:36:11,OP90002159,中证500ETF购12月5250,1.0664,0.0,0.0,0.0,10,1.0647,1.0686,15,1.0568,1.0664,1.0664,1.0664,1.0,10664.0,489
2023-05-11 09:36:11,OP90002159,中证500ETF购12月5250,1.0664,0.0,0.0,0.0,10,1.0647,1.0686,15,1.0568,1.0664,1.0664,1.0664,1.0,10664.0,489
2023-05-11 09:36:16,OP90002159,中证500ETF购12月5250,1.0664,0.0,0.0,0.0,20,1.0646,1.0686,15,1.0568,1.0664,1.0664,1.0664,1.0,10664.0,489
2023-05-11 09:36:17,OP90002159,中证500ETF购12月5250,1.0664,0.0,0.0,0.0,10,1.0647,1.0686,15,1.0568,1.0664,1.0664,1.0664,1.0,10664.0,489
2023-05-11 09:36:28,OP90002159,中证500ETF购12月5250,1.0664,0.0,0.0,0.0,20,1.0646,1.0686,15,1.0568,1.0664,1.0664,1.0664,1.0,10664.0,489
2023-05-11 09:36:29,OP90002159,中证500ETF购12月5250,1.0664,0.0,0.0,0.0,10,1.0647,1.0686,15,1.0568,1.0664,1.0664,1.0664,1.0,10664.0,489
2023-05-11 09:36:30,OP90002159,中证500ETF购12月5250,1.0664,0.0,0.0,0.0,20,1.0646,1.0686,15,1.0568,1.0664,1.0664,1.0664,1.0,10664.0,489
2023-05-11 09:36:30,OP90002159,中证500ETF购12月5250,1.0664,0.0,0.0,0.0,20,1.0646,1.0677,20,1.0568,1.0664,1.0664,1.0664,1.0,10664.0,489
2023-05-11 09:36:31,OP90002159,中证500ETF购12月5250,1.0664,0.0,0.0,0.0,1,1.0643,1.0676,15,1.0568,1.0664,1.0664,1.0664,1.0,10664.0,489
2023-05-11 09:36:31,OP90002159,中证500ETF购12月5250,1.0664,0.0,0.0,0.0,1,1.0643,1.0676,15,1.0568,1.0664,1.0664,1.0664,1.0,10664.0,489
2023-05-11 09:36:39,OP90002159,中证500ETF购12月5250,1.0664,0.0,0.0,0.0,1,1.0643,1.0676,35,1.0568,1.0664,1.0664,1.0664,1.0,10664.0,489
2023-05-11 09:36:39,OP90002159,中证500ETF购12月5250,1.0664,0.0,0.0,0.0,1,1.0643,1.0676,35,1.0568,1.0664,1.0664,1.0664,1.0,10664.0,489
2023-05-11 09:36:40,OP90002159,中证500ETF购12月5250,1.0664,0.0,0.0,0.0,1,1.0643,1.0664,20,1.0568,1.0664,1.0664,1.0664,1.0,10664.0,489
2023-05-11 09:36:40,OP90002159,中证500ETF购12月5250,1.0664,0.0,0.0,0.0,1,1.0643,1.0663,15,1.0568,1.0664,1.0664,1.0664,1.0,10664.0,489
2023-05-11 09:36:41,OP90002159,中证500ETF购12月5250,1.0664,0.0,0.0,0.0,1,1.0643,1.0663,15,1.0568,1.0664,1.0664,1.0664,1.0,10664.0,489
2023-05-11 09:36:41,OP90002159,中证500ETF购12月5250,1.0664,0.0,0.0,0.0,1,1.0643,1.0663,15,1.0568,1.0664,1.0664,1.0664,1.0,10664.0,489
2023-05-11 09:36:42,OP90002159,中证500ETF购12月5250,1.0664,0.0,0.0,0.0,1,1.0643,1.0663,15,1.0568,1.0664,1.0664,1.0664,1.0,10664.0,489
2023-05-11 09:36:44,OP90002159,中证500ETF购12月5250,1.0664,0.0,0.0,0.0,1,1.0643,1.0663,15,1.0568,1.0664,1.0664,1.0664,1.0,10664.0,489
2023-05-11 09:36:45,OP90002159,中证500ETF购12月5250,1.0664,0.0,0.0,0.0,1,1.0643,1.0663,15,1.0568,1.0664,1.0664,1.0664,1.0,10664.0,489
2023-05-11 09:36:45,OP90002159,中证500ETF购12月5250,1.0643,1.0,10643.0,0.0,10,1.0635,1.0663,15,1.0568,1.0664,1.0664,1.0643,2.0,21307.0,489
2023-05-11 09:36:46,OP90002159,中证500ETF购12月5250,1.0643,0.0,0.0,0.0,20,1.0626,1.0653,20,1.0568,1.0664,1.0664,1.0643,2.0,21307.0,489
2023-05-11 09:36:46,OP90002159,中证500ETF购12月5250,1.0643,0.0,0.0,0.0,10,1.0615,1.0652,15,1.0568,1.0664,1.0664,1.0643,2.0,21307.0,489
2023-05-11 09:36:47,OP90002159,中证500ETF购12月5250,1.0643,0.0,0.0,0.0,10,1.0616,1.0652,15,1.0568,1.0664,1.0664,1.0643,2.0,21307.0,489
2023-05-11 09:36:47,OP90002159,中证500ETF购12月5250,1.0643,0.0,0.0,0.0,20,1.0609,1.0652,15,1.0568,1.0664,1.0664,1.0643,2.0,21307.0,489
2023-05-11 09:36:48,OP90002159,中证500ETF购12月5250,1.0643,0.0,0.0,0.0,20,1.0609,1.0652,15,1.0568,1.0664,1.0664,1.0643,2.0,21307.0,489
2023-05-11 09:36:49,OP90002159,中证500ETF购12月5250,1.0643,0.0,0.0,0.0,10,1.061,1.0652,15,1.0568,1.0664,1.0664,1.0643,2.0,21307.0,489
2023-05-11 09:36:49,OP90002159,中证500ETF购12月5250,1.0643,0.0,0.0,0.0,10,1.061,1.0652,15,1.0568,1.0664,1.0664,1.0643,2.0,21307.0,489
2023-05-11 09:36:50,OP90002159,中证500ETF购12月5250,1.0643,0.0,0.0,0.0,20,1.0609,1.0652,15,1.0568,1.0664,1.0664,1.0643,2.0,21307.0,489
2023-05-11 09:36:50,OP90002159,中证500ETF购12月5250,1.0643,0.0,0.0,0.0,10,1.061,1.0652,15,1.0568,1.0664,1.0664,1.0643,2.0,21307.0,489
2023-05-11 09:36:51,OP90002159,中证500ETF购12月5250,1.0643,0.0,0.0,0.0,20,1.0609,1.0652,15,1.0568,1.0664,1.0664,1.0643,2.0,21307.0,489
2023-05-11 09:36:51,OP90002159,中证500ETF购12月5250,1.0643,0.0,0.0,0.0,10,1.061,1.0652,15,1.0568,1.0664,1.0664,1.0643,2.0,21307.0,489
2023-05-11 09:36:52,OP90002159,中证500ETF购12月5250,1.0643,0.0,0.0,0.0,20,1.0609,1.0652,15,1.0568,1.0664,1.0664,1.0643,2.0,21307.0,489
2023-05-11 09:36:52,OP90002159,中证500ETF购12月5250,1.0643,0.0,0.0,0.0,10,1.061,1.0652,15,1.0568,1.0664,1.0664,1.0643,2.0,21307.0,489
2023-05-11 09:36:53,OP90002159,中证500ETF购12月5250,1.0643,0.0,0.0,0.0,10,1.061,1.0652,15,1.0568,1.0664,1.0664,1.0643,2.0,21307.0,489
2023-05-11 09:36:57,OP90002159,中证500ETF购12月5250,1.0643,0.0,0.0,0.0,20,1.0609,1.0652,15,1.0568,1.0664,1.0664,1.0643,2.0,21307.0,489
2023-05-11 09:36:58,OP90002159,中证500ETF购12月5250,1.0643,0.0,0.0,0.0,20,1.0609,1.0652,15,1.0568,1.0664,1.0664,1.0643,2.0,21307.0,489
2023-05-11 09:36:59,OP90002159,中证500ETF购12月5250,1.0643,0.0,0.0,0.0,20,1.0609,1.0641,20,1.0568,1.0664,1.0664,1.0643,2.0,21307.0,489
2023-05-11 09:36:59,OP90002159,中证500ETF购12月5250,1.0643,0.0,0.0,0.0,20,1.0609,1.064,15,1.0568,1.0664,1.0664,1.0643,2.0,21307.0,489
2023-05-11 09:37:00,OP90002159,中证500ETF购12月5250,1.0643,0.0,0.0,0.0,20,1.0609,1.064,15,1.0568,1.0664,1.0664,1.0643,2.0,21307.0,489
2023-05-11 09:37:01,OP90002159,中证500ETF购12月5250,1.0643,0.0,0.0,0.0,10,1.061,1.064,35,1.0568,1.0664,1.0664,1.0643,2.0,21307.0,489
2023-05-11 09:37:02,OP90002159,中证500ETF购12月5250,1.0643,0.0,0.0,0.0,20,1.0609,1.064,35,1.0568,1.0664,1.0664,1.0643,2.0,21307.0,489
2023-05-11 09:37:02,OP90002159,中证500ETF购12月5250,1.0643,0.0,0.0,0.0,30,1.0591,1.0639,20,1.0568,1.0664,1.0664,1.0643,2.0,21307.0,489
2023-05-11 09:37:03,OP90002159,中证500ETF购12月5250,1.0643,0.0,0.0,0.0,10,1.0592,1.0623,20,1.0568,1.0664,1.0664,1.0643,2.0,21307.0,489
2023-05-11 09:37:03,OP90002159,中证500ETF购12月5250,1.0643,0.0,0.0,0.0,20,1.0583,1.0622,15,1.0568,1.0664,1.0664,1.0643,2.0,21307.0,489
2023-05-11 09:37:04,OP90002159,中证500ETF购12月5250,1.0643,0.0,0.0,0.0,10,1.0584,1.0623,20,1.0568,1.0664,1.0664,1.0643,2.0,21307.0,489
2023-05-11 09:37:04,OP90002159,中证500ETF购12月5250,1.0643,0.0,0.0,0.0,10,1.0584,1.0626,20,1.0568,1.0664,1.0664,1.0643,2.0,21307.0,489
2023-05-11 09:37:05,OP90002159,中证500ETF购12月5250,1.0643,0.0,0.0,0.0,30,1.0584,1.0634,20,1.0568,1.0664,1.0664,1.0643,2.0,21307.0,489
2023-05-11 09:37:05,OP90002159,中证500ETF购12月5250,1.0643,0.0,0.0,0.0,30,1.0584,1.0633,15,1.0568,1.0664,1.0664,1.0643,2.0,21307.0,489
2023-05-11 09:37:06,OP90002159,中证500ETF购12月5250,1.0643,0.0,0.0,0.0,20,1.0584,1.0633,15,1.0568,1.0664,1.0664,1.0643,2.0,21307.0,489
2023-05-11 09:37:06,OP90002159,中证500ETF购12月5250,1.0643,0.0,0.0,0.0,10,1.0585,1.0633,15,1.0568,1.0664,1.0664,1.0643,2.0,21307.0,489
2023-05-11 09:37:11,OP90002159,中证500ETF购12月5250,1.0643,0.0,0.0,0.0,10,1.0585,1.0637,20,1.0568,1.0664,1.0664,1.0643,2.0,21307.0,489
2023-05-11 09:37:12,OP90002159,中证500ETF购12月5250,1.0643,0.0,0.0,0.0,20,1.0607,1.0644,20,1.0568,1.0664,1.0664,1.0643,2.0,21307.0,489
2023-05-11 09:37:12,OP90002159,中证500ETF购12月5250,1.0643,0.0,0.0,0.0,20,1.0607,1.0643,15,1.0568,1.0664,1.0664,1.0643,2.0,21307.0,489
2023-05-11 09:37:13,OP90002159,中证500ETF购12月5250,1.0643,0.0,0.0,0.0,20,1.0607,1.0654,20,1.0568,1.0664,1.0664,1.0643,2.0,21307.0,489
2023-05-11 09:37:13,OP90002159,中证500ETF购12月5250,1.0643,0.0,0.0,0.0,10,1.0608,1.0653,15,1.0568,1.0664,1.0664,1.0643,2.0,21307.0,489
2023-05-11 09:37:14,OP90002159,中证500ETF购12月5250,1.0643,0.0,0.0,0.0,10,1.0608,1.0653,15,1.0568,1.0664,1.0664,1.0643,2.0,21307.0,489
2023-05-11 09:37:14,OP90002159,中证500ETF购12月5250,1.0643,0.0,0.0,0.0,10,1.0608,1.0653,15,1.0568,1.0664,1.0664,1.0643,2.0,21307.0,489
2023-05-11 09:37:15,OP90002159,中证500ETF购12月5250,1.0643,0.0,0.0,0.0,10,1.0608,1.0651,20,1.0568,1.0664,1.0664,1.0643,2.0,21307.0,489
2023-05-11 09:37:16,OP90002159,中证500ETF购12月5250,1.0643,0.0,0.0,0.0,10,1.0608,1.064,20,1.0568,1.0664,1.0664,1.0643,2.0,21307.0,489
2023-05-11 09:37:16,OP90002159,中证500ETF购12月5250,1.0643,0.0,0.0,0.0,20,1.0593,1.0639,15,1.0568,1.0664,1.0664,1.0643,2.0,21307.0,489
2023-05-11 09:37:17,OP90002159,中证500ETF购12月5250,1.0643,0.0,0.0,0.0,10,1.0594,1.0629,20,1.0568,1.0664,1.0664,1.0643,2.0,21307.0,489
2023-05-11 09:37:17,OP90002159,中证500ETF购12月5250,1.0643,0.0,0.0,0.0,20,1.059,1.0628,15,1.0568,1.0664,1.0664,1.0643,2.0,21307.0,489
2023-05-11 09:37:18,OP90002159,中证500ETF购12月5250,1.0643,0.0,0.0,0.0,10,1.0591,1.062,20,1.0568,1.0664,1.0664,1.0643,2.0,21307.0,489
2023-05-11 09:37:18,OP90002159,中证500ETF购12月5250,1.0643,0.0,0.0,0.0,10,1.0591,1.0619,15,1.0568,1.0664,1.0664,1.0643,2.0,21307.0,489
2023-05-11 09:37:19,OP90002159,中证500ETF购12月5250,1.0643,0.0,0.0,0.0,30,1.0575,1.0619,15,1.0568,1.0664,1.0664,1.0643,2.0,21307.0,489
2023-05-11 09:37:19,OP90002159,中证500ETF购12月5250,1.0643,0.0,0.0,0.0,20,1.0575,1.0619,15,1.0568,1.0664,1.0664,1.0643,2.0,21307.0,489
2023-05-11 09:37:21,OP90002159,中证500ETF购12月5250,1.0643,0.0,0.0,0.0,20,1.0577,1.0619,15,1.0568,1.0664,1.0664,1.0643,2.0,21307.0,489
2023-05-11 09:37:21,OP90002159,中证500ETF购12月5250,1.0643,0.0,0.0,0.0,20,1.0577,1.0619,15,1.0568,1.0664,1.0664,1.0643,2.0,21307.0,489
2023-05-11 09:37:23,OP90002159,中证500ETF购12月5250,1.0643,0.0,0.0,0.0,20,1.0577,1.0619,15,1.0568,1.0664,1.0664,1.0643,2.0,21307.0,489
2023-05-11 09:37:24,OP90002159,中证500ETF购12月5250,1.0643,0.0,0.0,0.0,20,1.0579,1.0619,15,1.0568,1.0664,1.0664,1.0643,2.0,21307.0,489
2023-05-11 09:37:25,OP90002159,中证500ETF购12月5250,1.0643,0.0,0.0,0.0,20,1.0579,1.0619,15,1.0568,1.0664,1.0664,1.0643,2.0,21307.0,489
2023-05-11 09:37:25,OP90002159,中证500ETF购12月5250,1.0643,0.0,0.0,0.0,20,1.0579,1.0619,15,1.0568,1.0664,1.0664,1.0643,2.0,21307.0,489
2023-05-11 09:37:26,OP90002159,中证500ETF购12月5250,1.0643,0.0,0.0,0.0,20,1.0579,1.0618,20,1.0568,1.0664,1.0664,1.0643,2.0,21307.0,489
2023-05-11 09:37:26,OP90002159,中证500ETF购12月5250,1.0643,0.0,0.0,0.0,20,1.0579,1.0617,15,1.0568,1.0664,1.0664,1.0643,2.0,21307.0,489
2023-05-11 09:37:27,OP90002159,中证500ETF购12月5250,1.0643,0.0,0.0,0.0,20,1.0579,1.0617,15,1.0568,1.0664,1.0664,1.0643,2.0,21307.0,489
2023-05-11 09:37:29,OP90002159,中证500ETF购12月5250,1.0643,0.0,0.0,0.0,20,1.0579,1.0617,15,1.0568,1.0664,1.0664,1.0643,2.0,21307.0,489
2023-05-11 09:37:30,OP90002159,中证500ETF购12月5250,1.0643,0.0,0.0,0.0,20,1.0573,1.0617,15,1.0568,1.0664,1.0664,1.0643,2.0,21307.0,489
2023-05-11 09:37:30,OP90002159,中证500ETF购12月5250,1.0643,0.0,0.0,0.0,40,1.0563,1.0617,15,1.0568,1.0664,1.0664,1.0643,2.0,21307.0,489
2023-05-11 09:37:31,OP90002159,中证500ETF购12月5250,1.0643,0.0,0.0,0.0,40,1.0563,1.0617,15,1.0568,1.0664,1.0664,1.0643,2.0,21307.0,489
2023-05-11 09:37:32,OP90002159,中证500ETF购12月5250,1.0643,0.0,0.0,0.0,20,1.0584,1.0617,15,1.0568,1.0664,1.0664,1.0643,2.0,21307.0,489
2023-05-11 09:37:32,OP90002159,中证500ETF购12月5250,1.0643,0.0,0.0,0.0,20,1.0584,1.0617,15,1.0568,1.0664,1.0664,1.0643,2.0,21307.0,489
2023-05-11 09:37:33,OP90002159,中证500ETF购12月5250,1.0643,0.0,0.0,0.0,20,1.0584,1.0617,15,1.0568,1.0664,1.0664,1.0643,2.0,21307.0,489
2023-05-11 09:37:35,OP90002159,中证500ETF购12月5250,1.0643,0.0,0.0,0.0,20,1.0584,1.0629,20,1.0568,1.0664,1.0664,1.0643,2.0,21307.0,489
2023-05-11 09:37:36,OP90002159,中证500ETF购12月5250,1.0643,0.0,0.0,0.0,40,1.0584,1.0628,15,1.0568,1.0664,1.0664,1.0643,2.0,21307.0,489
2023-05-11 09:37:36,OP90002159,中证500ETF购12月5250,1.0643,0.0,0.0,0.0,40,1.0584,1.0628,15,1.0568,1.0664,1.0664,1.0643,2.0,21307.0,489
2023-05-11 09:37:37,OP90002159,中证500ETF购12月5250,1.0643,0.0,0.0,0.0,20,1.0584,1.0628,15,1.0568,1.0664,1.0664,1.0643,2.0,21307.0,489
2023-05-11 09:37:37,OP90002159,中证500ETF购12月5250,1.0643,0.0,0.0,0.0,30,1.0566,1.0621,20,1.0568,1.0664,1.0664,1.0643,2.0,21307.0,489
2023-05-11 09:37:38,OP90002159,中证500ETF购12月5250,1.0643,0.0,0.0,0.0,20,1.0566,1.062,15,1.0568,1.0664,1.0664,1.0643,2.0,21307.0,489
2023-05-11 09:37:38,OP90002159,中证500ETF购12月5250,1.0643,0.0,0.0,0.0,20,1.0566,1.062,15,1.0568,1.0664,1.0664,1.0643,2.0,21307.0,489
2023-05-11 09:37:42,OP90002159,中证500ETF购12月5250,1.0643,0.0,0.0,0.0,20,1.0566,1.062,15,1.0568,1.0664,1.0664,1.0643,2.0,21307.0,489
2023-05-11 09:37:43,OP90002159,中证500ETF购12月5250,1.0643,0.0,0.0,0.0,20,1.0566,1.0608,20,1.0568,1.0664,1.0664,1.0643,2.0,21307.0,489
2023-05-11 09:37:43,OP90002159,中证500ETF购12月5250,1.0643,0.0,0.0,0.0,20,1.0566,1.0607,15,1.0568,1.0664,1.0664,1.0643,2.0,21307.0,489
2023-05-11 09:37:44,OP90002159,中证500ETF购12月5250,1.0643,0.0,0.0,0.0,20,1.0566,1.0607,15,1.0568,1.0664,1.0664,1.0643,2.0,21307.0,489
2023-05-11 09:37:45,OP90002159,中证500ETF购12月5250,1.0643,0.0,0.0,0.0,20,1.0561,1.0607,15,1.0568,1.0664,1.0664,1.0643,2.0,21307.0,489
2023-05-11 09:37:45,OP90002159,中证500ETF购12月5250,1.0643,0.0,0.0,0.0,20,1.0561,1.0607,15,1.0568,1.0664,1.0664,1.0643,2.0,21307.0,489
2023-05-11 09:37:47,OP90002159,中证500ETF购12月5250,1.0643,0.0,0.0,0.0,20,1.0561,1.0598,20,1.0568,1.0664,1.0664,1.0643,2.0,21307.0,489
2023-05-11 09:37:47,OP90002159,中证500ETF购12月5250,1.0643,0.0,0.0,0.0,20,1.0561,1.0597,15,1.0568,1.0664,1.0664,1.0643,2.0,21307.0,489
2023-05-11 09:37:48,OP90002159,中证500ETF购12月5250,1.0643,0.0,0.0,0.0,20,1.0561,1.0597,15,1.0568,1.0664,1.0664,1.0643,2.0,21307.0,489
2023-05-11 09:37:49,OP90002159,中证500ETF购12月5250,1.0643,0.0,0.0,0.0,20,1.0561,1.0608,20,1.0568,1.0664,1.0664,1.0643,2.0,21307.0,489
2023-05-11 09:37:50,OP90002159,中证500ETF购12月5250,1.0643,0.0,0.0,0.0,40,1.056,1.0607,15,1.0568,1.0664,1.0664,1.0643,2.0,21307.0,489
2023-05-11 09:37:50,OP90002159,中证500ETF购12月5250,1.0643,0.0,0.0,0.0,20,1.0563,1.0616,10,1.0568,1.0664,1.0664,1.0643,2.0,21307.0,489
2023-05-11 09:37:51,OP90002159,中证500ETF购12月5250,1.0643,0.0,0.0,0.0,20,1.0563,1.0615,15,1.0568,1.0664,1.0664,1.0643,2.0,21307.0,489
2023-05-11 09:37:51,OP90002159,中证500ETF购12月5250,1.0643,0.0,0.0,0.0,20,1.0563,1.0615,15,1.0568,1.0664,1.0664,1.0643,2.0,21307.0,489
2023-05-11 09:37:52,OP90002159,中证500ETF购12月5250,1.0643,0.0,0.0,0.0,10,1.0564,1.0615,15,1.0568,1.0664,1.0664,1.0643,2.0,21307.0,489
2023-05-11 09:37:52,OP90002159,中证500ETF购12月5250,1.0643,0.0,0.0,0.0,10,1.0564,1.0615,15,1.0568,1.0664,1.0664,1.0643,2.0,21307.0,489
2023-05-11 09:37:53,OP90002159,中证500ETF购12月5250,1.0643,0.0,0.0,0.0,10,1.0564,1.0623,40,1.0568,1.0664,1.0664,1.0643,2.0,21307.0,489
2023-05-11 09:37:53,OP90002159,中证500ETF购12月5250,1.0643,0.0,0.0,0.0,20,1.0576,1.0622,15,1.0568,1.0664,1.0664,1.0643,2.0,21307.0,489
2023-05-11 09:37:54,OP90002159,中证500ETF购12月5250,1.0643,0.0,0.0,0.0,40,1.0576,1.0622,15,1.0568,1.0664,1.0664,1.0643,2.0,21307.0,489
2023-05-11 09:38:04,OP90002159,中证500ETF购12月5250,1.0643,0.0,0.0,0.0,40,1.0576,1.0623,20,1.0568,1.0664,1.0664,1.0643,2.0,21307.0,489
2023-05-11 09:38:05,OP90002159,中证500ETF购12月5250,1.0643,0.0,0.0,0.0,20,1.0584,1.0635,40,1.0568,1.0664,1.0664,1.0643,2.0,21307.0,489
2023-05-11 09:38:05,OP90002159,中证500ETF购12月5250,1.0643,0.0,0.0,0.0,20,1.0586,1.0634,15,1.0568,1.0664,1.0664,1.0643,2.0,21307.0,489
2023-05-11 09:38:06,OP90002159,中证500ETF购12月5250,1.0643,0.0,0.0,0.0,20,1.0586,1.0634,15,1.0568,1.0664,1.0664,1.0643,2.0,21307.0,489
2023-05-11 09:38:07,OP90002159,中证500ETF购12月5250,1.0643,0.0,0.0,0.0,20,1.059,1.0634,15,1.0568,1.0664,1.0664,1.0643,2.0,21307.0,489
2023-05-11 09:38:08,OP90002159,中证500ETF购12月5250,1.0643,0.0,0.0,0.0,40,1.059,1.0634,15,1.0568,1.0664,1.0664,1.0643,2.0,21307.0,489
2023-05-11 09:38:08,OP90002159,中证500ETF购12月5250,1.0643,0.0,0.0,0.0,40,1.059,1.0634,15,1.0568,1.0664,1.0664,1.0643,2.0,21307.0,489
2023-05-11 09:38:11,OP90002159,中证500ETF购12月5250,1.0643,0.0,0.0,0.0,40,1.059,1.0634,15,1.0568,1.0664,1.0664,1.0643,2.0,21307.0,489
2023-05-11 09:38:12,OP90002159,中证500ETF购12月5250,1.0643,0.0,0.0,0.0,40,1.059,1.0634,15,1.0568,1.0664,1.0664,1.0643,2.0,21307.0,489
2023-05-11 09:38:22,OP90002159,中证500ETF购12月5250,1.0643,0.0,0.0,0.0,40,1.059,1.0634,15,1.0568,1.0664,1.0664,1.0643,2.0,21307.0,489
2023-05-11 09:38:22,OP90002159,中证500ETF购12月5250,1.0643,0.0,0.0,0.0,40,1.059,1.0632,20,1.0568,1.0664,1.0664,1.0643,2.0,21307.0,489
2023-05-11 09:38:23,OP90002159,中证500ETF购12月5250,1.0643,0.0,0.0,0.0,40,1.059,1.0631,15,1.0568,1.0664,1.0664,1.0643,2.0,21307.0,489
2023-05-11 09:38:23,OP90002159,中证500ETF购12月5250,1.0643,0.0,0.0,0.0,40,1.059,1.0631,15,1.0568,1.0664,1.0664,1.0643,2.0,21307.0,489
2023-05-11 09:38:24,OP90002159,中证500ETF购12月5250,1.0643,0.0,0.0,0.0,40,1.059,1.0649,10,1.0568,1.0664,1.0664,1.0643,2.0,21307.0,489
2023-05-11 09:38:24,OP90002159,中证500ETF购12月5250,1.0643,0.0,0.0,0.0,40,1.059,1.0645,20,1.0568,1.0664,1.0664,1.0643,2.0,21307.0,489
2023-05-11 09:38:25,OP90002159,中证500ETF购12月5250,1.0643,0.0,0.0,0.0,20,1.06,1.0645,20,1.0568,1.0664,1.0664,1.0643,2.0,21307.0,489
2023-05-11 09:38:25,OP90002159,中证500ETF购12月5250,1.0643,0.0,0.0,0.0,20,1.0613,1.0657,20,1.0568,1.0664,1.0664,1.0643,2.0,21307.0,489
2023-05-11 09:38:26,OP90002159,中证500ETF购12月5250,1.0643,0.0,0.0,0.0,40,1.0613,1.0656,15,1.0568,1.0664,1.0664,1.0643,2.0,21307.0,489
2023-05-11 09:38:26,OP90002159,中证500ETF购12月5250,1.0643,0.0,0.0,0.0,40,1.0613,1.0656,15,1.0568,1.0664,1.0664,1.0643,2.0,21307.0,489
2023-05-11 09:38:27,OP90002159,中证500ETF购12月5250,1.0643,0.0,0.0,0.0,20,1.0597,1.0656,20,1.0568,1.0664,1.0664,1.0643,2.0,21307.0,489
2023-05-11 09:38:27,OP90002159,中证500ETF购12月5250,1.0643,0.0,0.0,0.0,20,1.0597,1.0656,20,1.0568,1.0664,1.0664,1.0643,2.0,21307.0,489
2023-05-11 09:38:28,OP90002159,中证500ETF购12月5250,1.0643,0.0,0.0,0.0,20,1.0599,1.0643,20,1.0568,1.0664,1.0664,1.0643,2.0,21307.0,489
2023-05-11 09:38:28,OP90002159,中证500ETF购12月5250,1.0643,0.0,0.0,0.0,20,1.0599,1.0655,20,1.0568,1.0664,1.0664,1.0643,2.0,21307.0,489
2023-05-11 09:38:29,OP90002159,中证500ETF购12月5250,1.0643,0.0,0.0,0.0,20,1.0599,1.0654,15,1.0568,1.0664,1.0664,1.0643,2.0,21307.0,489
2023-05-11 09:38:29,OP90002159,中证500ETF购12月5250,1.0643,0.0,0.0,0.0,20,1.0599,1.0654,15,1.0568,1.0664,1.0664,1.0643,2.0,21307.0,489
2023-05-11 09:38:34,OP90002159,中证500ETF购12月5250,1.0643,0.0,0.0,0.0,20,1.0613,1.0654,15,1.0568,1.0664,1.0664,1.0643,2.0,21307.0,489
2023-05-11 09:38:34,OP90002159,中证500ETF购12月5250,1.0643,0.0,0.0,0.0,40,1.0613,1.0654,15,1.0568,1.0664,1.0664,1.0643,2.0,21307.0,489
2023-05-11 09:38:39,OP90002159,中证500ETF购12月5250,1.0643,0.0,0.0,0.0,10,1.0614,1.0654,35,1.0568,1.0664,1.0664,1.0643,2.0,21307.0,489
2023-05-11 09:38:39,OP90002159,中证500ETF购12月5250,1.0643,0.0,0.0,0.0,20,1.0599,1.0636,20,1.0568,1.0664,1.0664,1.0643,2.0,21307.0,489
2023-05-11 09:38:40,OP90002159,中证500ETF购12月5250,1.0643,0.0,0.0,0.0,10,1.06,1.0654,45,1.0568,1.0664,1.0664,1.0643,2.0,21307.0,489
2023-05-11 09:38:40,OP90002159,中证500ETF购12月5250,1.0643,0.0,0.0,0.0,10,1.06,1.0643,20,1.0568,1.0664,1.0664,1.0643,2.0,21307.0,489
2023-05-11 09:38:41,OP90002159,中证500ETF购12月5250,1.0643,0.0,0.0,0.0,10,1.06,1.0642,15,1.0568,1.0664,1.0664,1.0643,2.0,21307.0,489
2023-05-11 09:38:41,OP90002159,中证500ETF购12月5250,1.0643,0.0,0.0,0.0,10,1.06,1.0642,35,1.0568,1.0664,1.0664,1.0643,2.0,21307.0,489
2023-05-11 09:38:45,OP90002159,中证500ETF购12月5250,1.0643,0.0,0.0,0.0,30,1.06,1.0643,20,1.0568,1.0664,1.0664,1.0643,2.0,21307.0,489
2023-05-11 09:38:46,OP90002159,中证500ETF购12月5250,1.0643,0.0,0.0,0.0,20,1.06,1.0643,20,1.0568,1.0664,1.0664,1.0643,2.0,21307.0,489
2023-05-11 09:38:46,OP90002159,中证500ETF购12月5250,1.0643,0.0,0.0,0.0,10,1.0601,1.0643,20,1.0568,1.0664,1.0664,1.0643,2.0,21307.0,489
2023-05-11 09:38:47,OP90002159,中证500ETF购12月5250,1.0643,0.0,0.0,0.0,10,1.0601,1.0642,15,1.0568,1.0664,1.0664,1.0643,2.0,21307.0,489
2023-05-11 09:38:47,OP90002159,中证500ETF购12月5250,1.0643,0.0,0.0,0.0,10,1.0601,1.0643,20,1.0568,1.0664,1.0664,1.0643,2.0,21307.0,489
2023-05-11 09:38:48,OP90002159,中证500ETF购12月5250,1.0643,0.0,0.0,0.0,10,1.0601,1.0643,20,1.0568,1.0664,1.0664,1.0643,2.0,21307.0,489
2023-05-11 09:38:50,OP90002159,中证500ETF购12月5250,1.0643,0.0,0.0,0.0,20,1.06,1.0643,20,1.0568,1.0664,1.0664,1.0643,2.0,21307.0,489
2023-05-11 09:38:50,OP90002159,中证500ETF购12月5250,1.0643,0.0,0.0,0.0,20,1.06,1.0642,15,1.0568,1.0664,1.0664,1.0643,2.0,21307.0,489
2023-05-11 09:38:51,OP90002159,中证500ETF购12月5250,1.0643,0.0,0.0,0.0,20,1.06,1.0642,15,1.0568,1.0664,1.0664,1.0643,2.0,21307.0,489
2023-05-11 09:38:54,OP90002159,中证500ETF购12月5250,1.0643,0.0,0.0,0.0,20,1.06,1.0642,15,1.0568,1.0664,1.0664,1.0643,2.0,21307.0,489
2023-05-11 09:38:55,OP90002159,中证500ETF购12月5250,1.0643,0.0,0.0,0.0,20,1.0599,1.0642,35,1.0568,1.0664,1.0664,1.0643,2.0,21307.0,489
2023-05-11 09:38:55,OP90002159,中证500ETF购12月5250,1.0643,0.0,0.0,0.0,20,1.0586,1.0633,20,1.0568,1.0664,1.0664,1.0643,2.0,21307.0,489
2023-05-11 09:38:56,OP90002159,中证500ETF购12月5250,1.0643,0.0,0.0,0.0,20,1.0586,1.0632,15,1.0568,1.0664,1.0664,1.0643,2.0,21307.0,489
2023-05-11 09:38:56,OP90002159,中证500ETF购12月5250,1.0643,0.0,0.0,0.0,20,1.0586,1.0632,15,1.0568,1.0664,1.0664,1.0643,2.0,21307.0,489
2023-05-11 09:38:57,OP90002159,中证500ETF购12月5250,1.0643,0.0,0.0,0.0,20,1.0586,1.0633,20,1.0568,1.0664,1.0664,1.0643,2.0,21307.0,489
2023-05-11 09:38:58,OP90002159,中证500ETF购12月5250,1.0643,0.0,0.0,0.0,20,1.0603,1.0651,20,1.0568,1.0664,1.0664,1.0643,2.0,21307.0,489
2023-05-11 09:38:58,OP90002159,中证500ETF购12月5250,1.0643,0.0,0.0,0.0,20,1.0603,1.0648,20,1.0568,1.0664,1.0664,1.0643,2.0,21307.0,489
2023-05-11 09:38:59,OP90002159,中证500ETF购12月5250,1.0643,0.0,0.0,0.0,20,1.0596,1.0633,20,1.0568,1.0664,1.0664,1.0643,2.0,21307.0,489
2023-05-11 09:38:59,OP90002159,中证500ETF购12月5250,1.0643,0.0,0.0,0.0,40,1.0586,1.0632,15,1.0568,1.0664,1.0664,1.0643,2.0,21307.0,489
2023-05-11 09:39:00,OP90002159,中证500ETF购12月5250,1.0643,0.0,0.0,0.0,40,1.0586,1.0633,20,1.0568,1.0664,1.0664,1.0643,2.0,21307.0,489
2023-05-11 09:39:00,OP90002159,中证500ETF购12月5250,1.0643,0.0,0.0,0.0,20,1.0602,1.0651,10,1.0568,1.0664,1.0664,1.0643,2.0,21307.0,489
2023-05-11 09:39:01,OP90002159,中证500ETF购12月5250,1.0643,0.0,0.0,0.0,60,1.0602,1.0646,20,1.0568,1.0664,1.0664,1.0643,2.0,21307.0,489
2023-05-11 09:39:01,OP90002159,中证500ETF购12月5250,1.0643,0.0,0.0,0.0,60,1.0602,1.065,15,1.0568,1.0664,1.0664,1.0643,2.0,21307.0,489
2023-05-11 09:39:02,OP90002159,中证500ETF购12月5250,1.0643,0.0,0.0,0.0,60,1.0602,1.0645,15,1.0568,1.0664,1.0664,1.0643,2.0,21307.0,489
2023-05-11 09:39:02,OP90002159,中证500ETF购12月5250,1.0643,0.0,0.0,0.0,40,1.0602,1.0644,15,1.0568,1.0664,1.0664,1.0643,2.0,21307.0,489
2023-05-11 09:39:03,OP90002159,中证500ETF购12月5250,1.0643,0.0,0.0,0.0,60,1.0602,1.0644,15,1.0568,1.0664,1.0664,1.0643,2.0,21307.0,489
2023-05-11 09:39:03,OP90002159,中证500ETF购12月5250,1.0643,0.0,0.0,0.0,40,1.0602,1.0644,15,1.0568,1.0664,1.0664,1.0643,2.0,21307.0,489
2023-05-11 09:39:04,OP90002159,中证500ETF购12月5250,1.0643,0.0,0.0,0.0,20,1.0602,1.0644,35,1.0568,1.0664,1.0664,1.0643,2.0,21307.0,489
2023-05-11 09:39:04,OP90002159,中证500ETF购12月5250,1.0643,0.0,0.0,0.0,60,1.0602,1.0649,20,1.0568,1.0664,1.0664,1.0643,2.0,21307.0,489
2023-05-11 09:39:05,OP90002159,中证500ETF购12月5250,1.0643,0.0,0.0,0.0,60,1.0602,1.0649,20,1.0568,1.0664,1.0664,1.0643,2.0,21307.0,489
2023-05-11 09:39:05,OP90002159,中证500ETF购12月5250,1.0643,0.0,0.0,0.0,60,1.0602,1.0658,10,1.0568,1.0664,1.0664,1.0643,2.0,21307.0,489
2023-05-11 09:39:06,OP90002159,中证500ETF购12月5250,1.0643,0.0,0.0,0.0,60,1.0602,1.0657,15,1.0568,1.0664,1.0664,1.0643,2.0,21307.0,489
2023-05-11 09:39:06,OP90002159,中证500ETF购12月5250,1.0643,0.0,0.0,0.0,60,1.0602,1.0657,15,1.0568,1.0664,1.0664,1.0643,2.0,21307.0,489
2023-05-11 09:39:07,OP90002159,中证500ETF购12月5250,1.0643,0.0,0.0,0.0,60,1.0602,1.0649,20,1.0568,1.0664,1.0664,1.0643,2.0,21307.0,489
2023-05-11 09:39:08,OP90002159,中证500ETF购12月5250,1.0643,0.0,0.0,0.0,60,1.0602,1.0649,20,1.0568,1.0664,1.0664,1.0643,2.0,21307.0,489
2023-05-11 09:39:08,OP90002159,中证500ETF购12月5250,1.0643,0.0,0.0,0.0,60,1.0602,1.0659,20,1.0568,1.0664,1.0664,1.0643,2.0,21307.0,489
2023-05-11 09:39:09,OP90002159,中证500ETF购12月5250,1.0643,0.0,0.0,0.0,60,1.0602,1.0658,15,1.0568,1.0664,1.0664,1.0643,2.0,21307.0,489
2023-05-11 09:39:09,OP90002159,中证500ETF购12月5250,1.0643,0.0,0.0,0.0,60,1.0602,1.0658,15,1.0568,1.0664,1.0664,1.0643,2.0,21307.0,489
2023-05-11 09:39:12,OP90002159,中证500ETF购12月5250,1.0643,0.0,0.0,0.0,60,1.0602,1.0658,15,1.0568,1.0664,1.0664,1.0643,2.0,21307.0,489
2023-05-11 09:39:12,OP90002159,中证500ETF购12月5250,1.0643,0.0,0.0,0.0,60,1.0602,1.0648,20,1.0568,1.0664,1.0664,1.0643,2.0,21307.0,489
2023-05-11 09:39:13,OP90002159,中证500ETF购12月5250,1.0643,0.0,0.0,0.0,60,1.0602,1.0647,15,1.0568,1.0664,1.0664,1.0643,2.0,21307.0,489
2023-05-11 09:39:13,OP90002159,中证500ETF购12月5250,1.0643,0.0,0.0,0.0,60,1.0602,1.0647,15,1.0568,1.0664,1.0664,1.0643,2.0,21307.0,489
2023-05-11 09:39:25,OP90002159,中证500ETF购12月5250,1.0643,0.0,0.0,0.0,60,1.0602,1.0648,20,1.0568,1.0664,1.0664,1.0643,2.0,21307.0,489
2023-05-11 09:39:26,OP90002159,中证500ETF购12月5250,1.0643,0.0,0.0,0.0,20,1.0619,1.0665,20,1.0568,1.0664,1.0664,1.0643,2.0,21307.0,489
2023-05-11 09:39:26,OP90002159,中证500ETF购12月5250,1.0643,0.0,0.0,0.0,40,1.0619,1.0664,15,1.0568,1.0664,1.0664,1.0643,2.0,21307.0,489
2023-05-11 09:39:27,OP90002159,中证500ETF购12月5250,1.0643,0.0,0.0,0.0,40,1.0619,1.0665,20,1.0568,1.0664,1.0664,1.0643,2.0,21307.0,489
2023-05-11 09:39:27,OP90002159,中证500ETF购12月5250,1.0643,0.0,0.0,0.0,40,1.0619,1.0665,20,1.0568,1.0664,1.0664,1.0643,2.0,21307.0,489
2023-05-11 09:39:28,OP90002159,中证500ETF购12月5250,1.0643,0.0,0.0,0.0,40,1.0619,1.0665,20,1.0568,1.0664,1.0664,1.0643,2.0,21307.0,489
2023-05-11 09:39:29,OP90002159,中证500ETF购12月5250,1.0643,0.0,0.0,0.0,40,1.0619,1.0664,15,1.0568,1.0664,1.0664,1.0643,2.0,21307.0,489
2023-05-11 09:39:29,OP90002159,中证500ETF购12月5250,1.0643,0.0,0.0,0.0,40,1.0619,1.0664,15,1.0568,1.0664,1.0664,1.0643,2.0,21307.0,489
2023-05-11 09:39:36,OP90002159,中证500ETF购12月5250,1.0643,0.0,0.0,0.0,40,1.0619,1.0664,15,1.0568,1.0664,1.0664,1.0643,2.0,21307.0,489
2023-05-11 09:39:37,OP90002159,中证500ETF购12月5250,1.0643,0.0,0.0,0.0,40,1.0619,1.0653,20,1.0568,1.0664,1.0664,1.0643,2.0,21307.0,489
2023-05-11 09:39:37,OP90002159,中证500ETF购12月5250,1.0643,0.0,0.0,0.0,20,1.0619,1.0652,15,1.0568,1.0664,1.0664,1.0643,2.0,21307.0,489
2023-05-11 09:39:38,OP90002159,中证500ETF购12月5250,1.0643,0.0,0.0,0.0,20,1.0619,1.0652,15,1.0568,1.0664,1.0664,1.0643,2.0,21307.0,489
2023-05-11 09:39:39,OP90002159,中证500ETF购12月5250,1.0643,0.0,0.0,0.0,20,1.0619,1.0653,20,1.0568,1.0664,1.0664,1.0643,2.0,21307.0,489
2023-05-11 09:39:40,OP90002159,中证500ETF购12月5250,1.0643,0.0,0.0,0.0,20,1.0619,1.0653,35,1.0568,1.0664,1.0664,1.0643,2.0,21307.0,489
2023-05-11 09:39:40,OP90002159,中证500ETF购12月5250,1.0643,0.0,0.0,0.0,20,1.0619,1.0653,20,1.0568,1.0664,1.0664,1.0643,2.0,21307.0,489
2023-05-11 09:39:44,OP90002159,中证500ETF购12月5250,1.0643,0.0,0.0,0.0,20,1.0619,1.0661,20,1.0568,1.0664,1.0664,1.0643,2.0,21307.0,489
2023-05-11 09:39:44,OP90002159,中证500ETF购12月5250,1.0643,0.0,0.0,0.0,20,1.0619,1.066,15,1.0568,1.0664,1.0664,1.0643,2.0,21307.0,489
2023-05-11 09:39:45,OP90002159,中证500ETF购12月5250,1.0643,0.0,0.0,0.0,40,1.0619,1.066,15,1.0568,1.0664,1.0664,1.0643,2.0,21307.0,489
2023-05-11 09:39:47,OP90002159,中证500ETF购12月5250,1.0643,0.0,0.0,0.0,40,1.0619,1.0664,20,1.0568,1.0664,1.0664,1.0643,2.0,21307.0,489
2023-05-11 09:39:48,OP90002159,中证500ETF购12月5250,1.0643,0.0,0.0,0.0,40,1.0619,1.0663,15,1.0568,1.0664,1.0664,1.0643,2.0,21307.0,489
2023-05-11 09:39:48,OP90002159,中证500ETF购12月5250,1.0643,0.0,0.0,0.0,40,1.0619,1.0663,15,1.0568,1.0664,1.0664,1.0643,2.0,21307.0,489
2023-05-11 09:39:49,OP90002159,中证500ETF购12月5250,1.0643,0.0,0.0,0.0,40,1.0619,1.0663,15,1.0568,1.0664,1.0664,1.0643,2.0,21307.0,489
2023-05-11 09:39:51,OP90002159,中证500ETF购12月5250,1.0643,0.0,0.0,0.0,10,1.062,1.0663,15,1.0568,1.0664,1.0664,1.0643,2.0,21307.0,489
2023-05-11 09:39:51,OP90002159,中证500ETF购12月5250,1.0643,0.0,0.0,0.0,10,1.062,1.0664,20,1.0568,1.0664,1.0664,1.0643,2.0,21307.0,489
2023-05-11 09:39:52,OP90002159,中证500ETF购12月5250,1.0643,0.0,0.0,0.0,10,1.062,1.0664,35,1.0568,1.0664,1.0664,1.0643,2.0,21307.0,489
2023-05-11 09:39:56,OP90002159,中证500ETF购12月5250,1.0643,0.0,0.0,0.0,10,1.062,1.0664,20,1.0568,1.0664,1.0664,1.0643,2.0,21307.0,489
2023-05-11 09:40:01,OP90002159,中证500ETF购12月5250,1.0643,0.0,0.0,0.0,10,1.062,1.0664,20,1.0568,1.0664,1.0664,1.0643,2.0,21307.0,489
2023-05-11 09:40:02,OP90002159,中证500ETF购12月5250,1.0643,0.0,0.0,0.0,60,1.0633,1.0682,20,1.0568,1.0664,1.0664,1.0643,2.0,21307.0,489
2023-05-11 09:40:02,OP90002159,中证500ETF购12月5250,1.0643,0.0,0.0,0.0,20,1.0636,1.0681,15,1.0568,1.0664,1.0664,1.0643,2.0,21307.0,489
2023-05-11 09:40:03,OP90002159,中证500ETF购12月5250,1.0643,0.0,0.0,0.0,20,1.0636,1.0681,15,1.0568,1.0664,1.0664,1.0643,2.0,21307.0,489
2023-05-11 09:40:03,OP90002159,中证500ETF购12月5250,1.0643,0.0,0.0,0.0,40,1.0636,1.0681,15,1.0568,1.0664,1.0664,1.0643,2.0,21307.0,489
2023-05-11 09:40:06,OP90002159,中证500ETF购12月5250,1.0643,0.0,0.0,0.0,20,1.0636,1.0681,15,1.0568,1.0664,1.0664,1.0643,2.0,21307.0,489
2023-05-11 09:40:06,OP90002159,中证500ETF购12月5250,1.0643,0.0,0.0,0.0,20,1.0633,1.0674,20,1.0568,1.0664,1.0664,1.0643,2.0,21307.0,489
2023-05-11 09:40:07,OP90002159,中证500ETF购12月5250,1.0643,0.0,0.0,0.0,20,1.063,1.0673,15,1.0568,1.0664,1.0664,1.0643,2.0,21307.0,489
2023-05-11 09:40:07,OP90002159,中证500ETF购12月5250,1.0643,0.0,0.0,0.0,20,1.0625,1.0673,15,1.0568,1.0664,1.0664,1.0643,2.0,21307.0,489
2023-05-11 09:40:08,OP90002159,中证500ETF购12月5250,1.0643,0.0,0.0,0.0,20,1.0625,1.0673,15,1.0568,1.0664,1.0664,1.0643,2.0,21307.0,489
2023-05-11 09:40:08,OP90002159,中证500ETF购12月5250,1.0643,0.0,0.0,0.0,20,1.0635,1.0673,15,1.0568,1.0664,1.0664,1.0643,2.0,21307.0,489
2023-05-11 09:40:09,OP90002159,中证500ETF购12月5250,1.0643,0.0,0.0,0.0,20,1.0635,1.0673,15,1.0568,1.0664,1.0664,1.0643,2.0,21307.0,489
2023-05-11 09:40:10,OP90002159,中证500ETF购12月5250,1.0643,0.0,0.0,0.0,10,1.0636,1.0673,15,1.0568,1.0664,1.0664,1.0643,2.0,21307.0,489
2023-05-11 09:40:11,OP90002159,中证500ETF购12月5250,1.0643,0.0,0.0,0.0,10,1.0636,1.0665,20,1.0568,1.0664,1.0664,1.0643,2.0,21307.0,489
2023-05-11 09:40:11,OP90002159,中证500ETF购12月5250,1.0643,0.0,0.0,0.0,10,1.0636,1.0664,15,1.0568,1.0664,1.0664,1.0643,2.0,21307.0,489
2023-05-11 09:40:12,OP90002159,中证500ETF购12月5250,1.0643,0.0,0.0,0.0,20,1.0625,1.0664,15,1.0568,1.0664,1.0664,1.0643,2.0,21307.0,489
2023-05-11 09:40:12,OP90002159,中证500ETF购12月5250,1.0643,0.0,0.0,0.0,10,1.0626,1.0664,15,1.0568,1.0664,1.0664,1.0643,2.0,21307.0,489
2023-05-11 09:40:13,OP90002159,中证500ETF购12月5250,1.0643,0.0,0.0,0.0,10,1.0626,1.0664,35,1.0568,1.0664,1.0664,1.0643,2.0,21307.0,489
2023-05-11 09:40:14,OP90002159,中证500ETF购12月5250,1.0643,0.0,0.0,0.0,10,1.0627,1.0664,35,1.0568,1.0664,1.0664,1.0643,2.0,21307.0,489
2023-05-11 09:40:14,OP90002159,中证500ETF购12月5250,1.0643,0.0,0.0,0.0,20,1.0622,1.0664,35,1.0568,1.0664,1.0664,1.0643,2.0,21307.0,489
2023-05-11 09:40:15,OP90002159,中证500ETF购12月5250,1.0643,0.0,0.0,0.0,20,1.0635,1.0665,20,1.0568,1.0664,1.0664,1.0643,2.0,21307.0,489
2023-05-11 09:40:15,OP90002159,中证500ETF购12月5250,1.0643,0.0,0.0,0.0,20,1.0635,1.0675,20,1.0568,1.0664,1.0664,1.0643,2.0,21307.0,489
2023-05-11 09:40:16,OP90002159,中证500ETF购12月5250,1.0643,0.0,0.0,0.0,20,1.0635,1.0674,15,1.0568,1.0664,1.0664,1.0643,2.0,21307.0,489
2023-05-11 09:40:16,OP90002159,中证500ETF购12月5250,1.0643,0.0,0.0,0.0,20,1.0635,1.0675,20,1.0568,1.0664,1.0664,1.0643,2.0,21307.0,489
2023-05-11 09:40:17,OP90002159,中证500ETF购12月5250,1.0643,0.0,0.0,0.0,20,1.0635,1.0674,15,1.0568,1.0664,1.0664,1.0643,2.0,21307.0,489
2023-05-11 09:40:17,OP90002159,中证500ETF购12月5250,1.0643,0.0,0.0,0.0,20,1.0635,1.0674,15,1.0568,1.0664,1.0664,1.0643,2.0,21307.0,489
2023-05-11 09:40:18,OP90002159,中证500ETF购12月5250,1.0643,0.0,0.0,0.0,20,1.0635,1.0675,20,1.0568,1.0664,1.0664,1.0643,2.0,21307.0,489
2023-05-11 09:40:18,OP90002159,中证500ETF购12月5250,1.0643,0.0,0.0,0.0,20,1.0635,1.0677,20,1.0568,1.0664,1.0664,1.0643,2.0,21307.0,489
2023-05-11 09:40:19,OP90002159,中证500ETF购12月5250,1.0643,0.0,0.0,0.0,60,1.0635,1.0686,20,1.0568,1.0664,1.0664,1.0643,2.0,21307.0,489
2023-05-11 09:40:19,OP90002159,中证500ETF购12月5250,1.0643,0.0,0.0,0.0,60,1.0635,1.0686,20,1.0568,1.0664,1.0664,1.0643,2.0,21307.0,489
2023-05-11 09:40:20,OP90002159,中证500ETF购12月5250,1.0643,0.0,0.0,0.0,60,1.0635,1.0685,15,1.0568,1.0664,1.0664,1.0643,2.0,21307.0,489
2023-05-11 09:40:20,OP90002159,中证500ETF购12月5250,1.0643,0.0,0.0,0.0,60,1.0635,1.0685,15,1.0568,1.0664,1.0664,1.0643,2.0,21307.0,489
2023-05-11 09:40:21,OP90002159,中证500ETF购12月5250,1.0643,0.0,0.0,0.0,60,1.0635,1.0685,15,1.0568,1.0664,1.0664,1.0643,2.0,21307.0,489
2023-05-11 09:40:21,OP90002159,中证500ETF购12月5250,1.0643,0.0,0.0,0.0,60,1.0635,1.0686,20,1.0568,1.0664,1.0664,1.0643,2.0,21307.0,489
2023-05-11 09:40:22,OP90002159,中证500ETF购12月5250,1.0643,0.0,0.0,0.0,60,1.0635,1.0686,20,1.0568,1.0664,1.0664,1.0643,2.0,21307.0,489
2023-05-11 09:40:22,OP90002159,中证500ETF购12月5250,1.0643,0.0,0.0,0.0,60,1.0635,1.0685,15,1.0568,1.0664,1.0664,1.0643,2.0,21307.0,489
2023-05-11 09:40:23,OP90002159,中证500ETF购12月5250,1.0643,0.0,0.0,0.0,60,1.0635,1.0685,15,1.0568,1.0664,1.0664,1.0643,2.0,21307.0,489
2023-05-11 09:40:24,OP90002159,中证500ETF购12月5250,1.0643,0.0,0.0,0.0,60,1.0635,1.0686,20,1.0568,1.0664,1.0664,1.0643,2.0,21307.0,489
2023-05-11 09:40:24,OP90002159,中证500ETF购12月5250,1.0643,0.0,0.0,0.0,20,1.0648,1.0686,20,1.0568,1.0664,1.0664,1.0643,2.0,21307.0,489
2023-05-11 09:40:25,OP90002159,中证500ETF购12月5250,1.0643,0.0,0.0,0.0,40,1.0635,1.0686,20,1.0568,1.0664,1.0664,1.0643,2.0,21307.0,489
2023-05-11 09:40:25,OP90002159,中证500ETF购12月5250,1.0643,0.0,0.0,0.0,20,1.0645,1.0685,15,1.0568,1.0664,1.0664,1.0643,2.0,21307.0,489
2023-05-11 09:40:26,OP90002159,中证500ETF购12月5250,1.0643,0.0,0.0,0.0,40,1.0635,1.0685,15,1.0568,1.0664,1.0664,1.0643,2.0,21307.0,489
2023-05-11 09:40:26,OP90002159,中证500ETF购12月5250,1.0643,0.0,0.0,0.0,20,1.0642,1.0685,15,1.0568,1.0664,1.0664,1.0643,2.0,21307.0,489
2023-05-11 09:40:27,OP90002159,中证500ETF购12月5250,1.0643,0.0,0.0,0.0,20,1.0642,1.0686,20,1.0568,1.0664,1.0664,1.0643,2.0,21307.0,489
2023-05-11 09:40:27,OP90002159,中证500ETF购12月5250,1.0643,0.0,0.0,0.0,20,1.0645,1.0686,20,1.0568,1.0664,1.0664,1.0643,2.0,21307.0,489
2023-05-11 09:40:28,OP90002159,中证500ETF购12月5250,1.0643,0.0,0.0,0.0,20,1.0645,1.0686,20,1.0568,1.0664,1.0664,1.0643,2.0,21307.0,489
2023-05-11 09:40:28,OP90002159,中证500ETF购12月5250,1.0643,0.0,0.0,0.0,20,1.0654,1.0695,20,1.0568,1.0664,1.0664,1.0643,2.0,21307.0,489
2023-05-11 09:40:29,OP90002159,中证500ETF购12月5250,1.0643,0.0,0.0,0.0,40,1.0654,1.0696,20,1.0568,1.0664,1.0664,1.0643,2.0,21307.0,489
2023-05-11 09:40:29,OP90002159,中证500ETF购12月5250,1.0643,0.0,0.0,0.0,40,1.0654,1.0696,20,1.0568,1.0664,1.0664,1.0643,2.0,21307.0,489
2023-05-11 09:40:30,OP90002159,中证500ETF购12月5250,1.0643,0.0,0.0,0.0,40,1.0654,1.0696,35,1.0568,1.0664,1.0664,1.0643,2.0,21307.0,489
2023-05-11 09:40:30,OP90002159,中证500ETF购12月5250,1.0643,0.0,0.0,0.0,40,1.0654,1.0696,35,1.0568,1.0664,1.0664,1.0643,2.0,21307.0,489
2023-05-11 09:40:31,OP90002159,中证500ETF购12月5250,1.0643,0.0,0.0,0.0,20,1.0654,1.0696,35,1.0568,1.0664,1.0664,1.0643,2.0,21307.0,489
2023-05-11 09:40:31,OP90002159,中证500ETF购12月5250,1.0643,0.0,0.0,0.0,10,1.0655,1.0696,55,1.0568,1.0664,1.0664,1.0643,2.0,21307.0,489
2023-05-11 09:40:32,OP90002159,中证500ETF购12月5250,1.0643,0.0,0.0,0.0,20,1.0645,1.0696,55,1.0568,1.0664,1.0664,1.0643,2.0,21307.0,489
2023-05-11 09:40:32,OP90002159,中证500ETF购12月5250,1.0643,0.0,0.0,0.0,10,1.0646,1.0696,55,1.0568,1.0664,1.0664,1.0643,2.0,21307.0,489
2023-05-11 09:40:34,OP90002159,中证500ETF购12月5250,1.0643,0.0,0.0,0.0,10,1.0646,1.0686,20,1.0568,1.0664,1.0664,1.0643,2.0,21307.0,489
2023-05-11 09:40:34,OP90002159,中证500ETF购12月5250,1.0643,0.0,0.0,0.0,10,1.0646,1.0686,20,1.0568,1.0664,1.0664,1.0643,2.0,21307.0,489
2023-05-11 09:40:35,OP90002159,中证500ETF购12月5250,1.0643,0.0,0.0,0.0,20,1.0655,1.0686,20,1.0568,1.0664,1.0664,1.0643,2.0,21307.0,489
2023-05-11 09:40:36,OP90002159,中证500ETF购12月5250,1.0643,0.0,0.0,0.0,10,1.0646,1.0686,20,1.0568,1.0664,1.0664,1.0643,2.0,21307.0,489
2023-05-11 09:40:37,OP90002159,中证500ETF购12月5250,1.0643,0.0,0.0,0.0,10,1.0646,1.0685,15,1.0568,1.0664,1.0664,1.0643,2.0,21307.0,489
2023-05-11 09:40:37,OP90002159,中证500ETF购12月5250,1.0643,0.0,0.0,0.0,10,1.0646,1.0685,15,1.0568,1.0664,1.0664,1.0643,2.0,21307.0,489
2023-05-11 09:40:39,OP90002159,中证500ETF购12月5250,1.0643,0.0,0.0,0.0,10,1.0646,1.0685,15,1.0568,1.0664,1.0664,1.0643,2.0,21307.0,489
2023-05-11 09:40:39,OP90002159,中证500ETF购12月5250,1.0643,0.0,0.0,0.0,40,1.0641,1.0685,15,1.0568,1.0664,1.0664,1.0643,2.0,21307.0,489
2023-05-11 09:40:40,OP90002159,中证500ETF购12月5250,1.0643,0.0,0.0,0.0,10,1.0642,1.0685,15,1.0568,1.0664,1.0664,1.0643,2.0,21307.0,489
2023-05-11 09:40:40,OP90002159,中证500ETF购12月5250,1.0643,0.0,0.0,0.0,10,1.0642,1.0685,15,1.0568,1.0664,1.0664,1.0643,2.0,21307.0,489
2023-05-11 09:40:42,OP90002159,中证500ETF购12月5250,1.0643,0.0,0.0,0.0,10,1.0642,1.0685,35,1.0568,1.0664,1.0664,1.0643,2.0,21307.0,489
2023-05-11 09:40:42,OP90002159,中证500ETF购12月5250,1.0643,0.0,0.0,0.0,10,1.0642,1.0675,20,1.0568,1.0664,1.0664,1.0643,2.0,21307.0,489
2023-05-11 09:40:43,OP90002159,中证500ETF购12月5250,1.0643,0.0,0.0,0.0,10,1.0642,1.0674,15,1.0568,1.0664,1.0664,1.0643,2.0,21307.0,489
2023-05-11 09:40:43,OP90002159,中证500ETF购12月5250,1.0643,0.0,0.0,0.0,10,1.0642,1.0674,15,1.0568,1.0664,1.0664,1.0643,2.0,21307.0,489
2023-05-11 09:40:45,OP90002159,中证500ETF购12月5250,1.0643,0.0,0.0,0.0,20,1.0641,1.0674,15,1.0568,1.0664,1.0664,1.0643,2.0,21307.0,489
2023-05-11 09:40:45,OP90002159,中证500ETF购12月5250,1.0643,0.0,0.0,0.0,10,1.0642,1.0674,15,1.0568,1.0664,1.0664,1.0643,2.0,21307.0,489
2023-05-11 09:40:46,OP90002159,中证500ETF购12月5250,1.0643,0.0,0.0,0.0,10,1.0642,1.0674,15,1.0568,1.0664,1.0664,1.0643,2.0,21307.0,489
2023-05-11 09:40:47,OP90002159,中证500ETF购12月5250,1.0643,0.0,0.0,0.0,20,1.0641,1.0674,15,1.0568,1.0664,1.0664,1.0643,2.0,21307.0,489
2023-05-11 09:40:47,OP90002159,中证500ETF购12月5250,1.0643,0.0,0.0,0.0,20,1.0641,1.0674,15,1.0568,1.0664,1.0664,1.0643,2.0,21307.0,489
2023-05-11 09:40:48,OP90002159,中证500ETF购12月5250,1.0643,0.0,0.0,0.0,20,1.0641,1.0674,15,1.0568,1.0664,1.0664,1.0643,2.0,21307.0,489
2023-05-11 09:40:50,OP90002159,中证500ETF购12月5250,1.0643,0.0,0.0,0.0,20,1.0641,1.0674,15,1.0568,1.0664,1.0664,1.0643,2.0,21307.0,489
2023-05-11 09:40:53,OP90002159,中证500ETF购12月5250,1.0643,0.0,0.0,0.0,10,1.0642,1.0674,15,1.0568,1.0664,1.0664,1.0643,2.0,21307.0,489
2023-05-11 09:40:56,OP90002159,中证500ETF购12月5250,1.0643,0.0,0.0,0.0,10,1.0642,1.0674,15,1.0568,1.0664,1.0664,1.0643,2.0,21307.0,489
2023-05-11 09:40:57,OP90002159,中证500ETF购12月5250,1.0643,0.0,0.0,0.0,40,1.063,1.0674,15,1.0568,1.0664,1.0664,1.0643,2.0,21307.0,489
2023-05-11 09:40:57,OP90002159,中证500ETF购12月5250,1.0643,0.0,0.0,0.0,10,1.0631,1.0674,35,1.0568,1.0664,1.0664,1.0643,2.0,21307.0,489
2023-05-11 09:40:58,OP90002159,中证500ETF购12月5250,1.0643,0.0,0.0,0.0,20,1.0628,1.0674,35,1.0568,1.0664,1.0664,1.0643,2.0,21307.0,489
2023-05-11 09:40:58,OP90002159,中证500ETF购12月5250,1.0643,0.0,0.0,0.0,10,1.0629,1.0674,35,1.0568,1.0664,1.0664,1.0643,2.0,21307.0,489
2023-05-11 09:40:59,OP90002159,中证500ETF购12月5250,1.0643,0.0,0.0,0.0,10,1.0629,1.0674,35,1.0568,1.0664,1.0664,1.0643,2.0,21307.0,489
2023-05-11 09:40:59,OP90002159,中证500ETF购12月5250,1.0643,0.0,0.0,0.0,10,1.0629,1.0674,35,1.0568,1.0664,1.0664,1.0643,2.0,21307.0,489
2023-05-11 09:41:00,OP90002159,中证500ETF购12月5250,1.0643,0.0,0.0,0.0,10,1.0629,1.0674,35,1.0568,1.0664,1.0664,1.0643,2.0,21307.0,489
2023-05-11 09:41:00,OP90002159,中证500ETF购12月5250,1.0643,0.0,0.0,0.0,10,1.0629,1.0674,35,1.0568,1.0664,1.0664,1.0643,2.0,21307.0,489
2023-05-11 09:41:01,OP90002159,中证500ETF购12月5250,1.0643,0.0,0.0,0.0,10,1.0629,1.0663,20,1.0568,1.0664,1.0664,1.0643,2.0,21307.0,489
2023-05-11 09:41:02,OP90002159,中证500ETF购12月5250,1.0643,0.0,0.0,0.0,10,1.0629,1.0662,15,1.0568,1.0664,1.0664,1.0643,2.0,21307.0,489
2023-05-11 09:41:02,OP90002159,中证500ETF购12月5250,1.0643,0.0,0.0,0.0,10,1.0629,1.0662,15,1.0568,1.0664,1.0664,1.0643,2.0,21307.0,489
2023-05-11 09:41:03,OP90002159,中证500ETF购12月5250,1.0643,0.0,0.0,0.0,10,1.0629,1.0663,20,1.0568,1.0664,1.0664,1.0643,2.0,21307.0,489
2023-05-11 09:41:03,OP90002159,中证500ETF购12月5250,1.0643,0.0,0.0,0.0,10,1.0629,1.0663,20,1.0568,1.0664,1.0664,1.0643,2.0,21307.0,489
2023-05-11 09:41:05,OP90002159,中证500ETF购12月5250,1.0643,0.0,0.0,0.0,10,1.0629,1.0663,40,1.0568,1.0664,1.0664,1.0643,2.0,21307.0,489
2023-05-11 09:41:06,OP90002159,中证500ETF购12月5250,1.0643,0.0,0.0,0.0,20,1.0626,1.0662,15,1.0568,1.0664,1.0664,1.0643,2.0,21307.0,489
2023-05-11 09:41:06,OP90002159,中证500ETF购12月5250,1.0643,0.0,0.0,0.0,10,1.0627,1.0662,15,1.0568,1.0664,1.0664,1.0643,2.0,21307.0,489
2023-05-11 09:41:07,OP90002159,中证500ETF购12月5250,1.0643,0.0,0.0,0.0,20,1.0616,1.0652,20,1.0568,1.0664,1.0664,1.0643,2.0,21307.0,489
2023-05-11 09:41:07,OP90002159,中证500ETF购12月5250,1.0643,0.0,0.0,0.0,10,1.0617,1.0651,15,1.0568,1.0664,1.0664,1.0643,2.0,21307.0,489
2023-05-11 09:41:08,OP90002159,中证500ETF购12月5250,1.0643,0.0,0.0,0.0,20,1.0604,1.0651,15,1.0568,1.0664,1.0664,1.0643,2.0,21307.0,489
2023-05-11 09:41:08,OP90002159,中证500ETF购12月5250,1.0643,0.0,0.0,0.0,10,1.0605,1.0636,20,1.0568,1.0664,1.0664,1.0643,2.0,21307.0,489
2023-05-11 09:41:09,OP90002159,中证500ETF购12月5250,1.0643,0.0,0.0,0.0,20,1.0603,1.0648,20,1.0568,1.0664,1.0664,1.0643,2.0,21307.0,489
2023-05-11 09:41:09,OP90002159,中证500ETF购12月5250,1.0643,0.0,0.0,0.0,10,1.0604,1.0647,15,1.0568,1.0664,1.0664,1.0643,2.0,21307.0,489
2023-05-11 09:41:10,OP90002159,中证500ETF购12月5250,1.0643,0.0,0.0,0.0,10,1.0604,1.0647,15,1.0568,1.0664,1.0664,1.0643,2.0,21307.0,489
2023-05-11 09:41:10,OP90002159,中证500ETF购12月5250,1.0643,0.0,0.0,0.0,10,1.0604,1.0647,15,1.0568,1.0664,1.0664,1.0643,2.0,21307.0,489
2023-05-11 09:41:11,OP90002159,中证500ETF购12月5250,1.0643,0.0,0.0,0.0,10,1.0604,1.0647,15,1.0568,1.0664,1.0664,1.0643,2.0,21307.0,489
2023-05-11 09:41:13,OP90002159,中证500ETF购12月5250,1.0643,0.0,0.0,0.0,20,1.0603,1.0647,15,1.0568,1.0664,1.0664,1.0643,2.0,21307.0,489
2023-05-11 09:41:14,OP90002159,中证500ETF购12月5250,1.0643,0.0,0.0,0.0,10,1.0604,1.0647,15,1.0568,1.0664,1.0664,1.0643,2.0,21307.0,489
2023-05-11 09:41:18,OP90002159,中证500ETF购12月5250,1.0643,0.0,0.0,0.0,10,1.0604,1.0647,15,1.0568,1.0664,1.0664,1.0643,2.0,21307.0,489
2023-05-11 09:41:21,OP90002159,中证500ETF购12月5250,1.0643,0.0,0.0,0.0,20,1.0603,1.0647,15,1.0568,1.0664,1.0664,1.0643,2.0,21307.0,489
2023-05-11 09:41:21,OP90002159,中证500ETF购12月5250,1.0643,0.0,0.0,0.0,10,1.0604,1.0647,15,1.0568,1.0664,1.0664,1.0643,2.0,21307.0,489
2023-05-11 09:41:22,OP90002159,中证500ETF购12月5250,1.0643,0.0,0.0,0.0,20,1.0603,1.0647,15,1.0568,1.0664,1.0664,1.0643,2.0,21307.0,489
2023-05-11 09:41:23,OP90002159,中证500ETF购12月5250,1.0643,0.0,0.0,0.0,10,1.0604,1.0647,15,1.0568,1.0664,1.0664,1.0643,2.0,21307.0,489
2023-05-11 09:41:27,OP90002159,中证500ETF购12月5250,1.0643,0.0,0.0,0.0,20,1.0603,1.0647,15,1.0568,1.0664,1.0664,1.0643,2.0,21307.0,489
2023-05-11 09:41:28,OP90002159,中证500ETF购12月5250,1.0643,0.0,0.0,0.0,10,1.0604,1.0647,15,1.0568,1.0664,1.0664,1.0643,2.0,21307.0,489
2023-05-11 09:41:35,OP90002159,中证500ETF购12月5250,1.0643,0.0,0.0,0.0,10,1.0604,1.0647,15,1.0568,1.0664,1.0664,1.0643,2.0,21307.0,489
2023-05-11 09:41:38,OP90002159,中证500ETF购12月5250,1.0643,0.0,0.0,0.0,20,1.0603,1.0647,15,1.0568,1.0664,1.0664,1.0643,2.0,21307.0,489
2023-05-11 09:41:38,OP90002159,中证500ETF购12月5250,1.0643,0.0,0.0,0.0,10,1.0604,1.0647,15,1.0568,1.0664,1.0664,1.0643,2.0,21307.0,489
2023-05-11 09:41:39,OP90002159,中证500ETF购12月5250,1.0643,0.0,0.0,0.0,10,1.0604,1.0647,15,1.0568,1.0664,1.0664,1.0643,2.0,21307.0,489
2023-05-11 09:41:41,OP90002159,中证500ETF购12月5250,1.0643,0.0,0.0,0.0,10,1.0604,1.0647,15,1.0568,1.0664,1.0664,1.0643,2.0,21307.0,489
2023-05-11 09:41:44,OP90002159,中证500ETF购12月5250,1.0643,0.0,0.0,0.0,10,1.0604,1.0647,15,1.0568,1.0664,1.0664,1.0643,2.0,21307.0,489
2023-05-11 09:41:48,OP90002159,中证500ETF购12月5250,1.0643,0.0,0.0,0.0,10,1.0604,1.0648,20,1.0568,1.0664,1.0664,1.0643,2.0,21307.0,489
2023-05-11 09:41:50,OP90002159,中证500ETF购12月5250,1.0643,0.0,0.0,0.0,10,1.0604,1.0648,20,1.0568,1.0664,1.0664,1.0643,2.0,21307.0,489
2023-05-11 09:41:51,OP90002159,中证500ETF购12月5250,1.0643,0.0,0.0,0.0,10,1.0604,1.0647,15,1.0568,1.0664,1.0664,1.0643,2.0,21307.0,489
2023-05-11 09:41:52,OP90002159,中证500ETF购12月5250,1.0643,0.0,0.0,0.0,20,1.0607,1.0648,20,1.0568,1.0664,1.0664,1.0643,2.0,21307.0,489
2023-05-11 09:41:53,OP90002159,中证500ETF购12月5250,1.0643,0.0,0.0,0.0,20,1.0614,1.0648,20,1.0568,1.0664,1.0664,1.0643,2.0,21307.0,489
2023-05-11 09:41:53,OP90002159,中证500ETF购12月5250,1.0643,0.0,0.0,0.0,60,1.0614,1.0657,10,1.0568,1.0664,1.0664,1.0643,2.0,21307.0,489
2023-05-11 09:41:54,OP90002159,中证500ETF购12月5250,1.0643,0.0,0.0,0.0,20,1.0618,1.0656,15,1.0568,1.0664,1.0664,1.0643,2.0,21307.0,489
2023-05-11 09:41:54,OP90002159,中证500ETF购12月5250,1.0643,0.0,0.0,0.0,20,1.0618,1.0656,15,1.0568,1.0664,1.0664,1.0643,2.0,21307.0,489
2023-05-11 09:41:56,OP90002159,中证500ETF购12月5250,1.0643,0.0,0.0,0.0,20,1.0618,1.0656,15,1.0568,1.0664,1.0664,1.0643,2.0,21307.0,489
2023-05-11 09:41:58,OP90002159,中证500ETF购12月5250,1.0643,0.0,0.0,0.0,20,1.0618,1.0652,20,1.0568,1.0664,1.0664,1.0643,2.0,21307.0,489
2023-05-11 09:41:58,OP90002159,中证500ETF购12月5250,1.0643,0.0,0.0,0.0,20,1.0618,1.0651,15,1.0568,1.0664,1.0664,1.0643,2.0,21307.0,489
2023-05-11 09:42:02,OP90002159,中证500ETF购12月5250,1.0643,0.0,0.0,0.0,20,1.0618,1.0651,15,1.0568,1.0664,1.0664,1.0643,2.0,21307.0,489
2023-05-11 09:42:03,OP90002159,中证500ETF购12月5250,1.0643,0.0,0.0,0.0,20,1.0618,1.0651,15,1.0568,1.0664,1.0664,1.0643,2.0,21307.0,489
2023-05-11 09:42:05,OP90002159,中证500ETF购12月5250,1.0643,0.0,0.0,0.0,20,1.0618,1.0651,15,1.0568,1.0664,1.0664,1.0643,2.0,21307.0,489
2023-05-11 09:42:06,OP90002159,中证500ETF购12月5250,1.0643,0.0,0.0,0.0,20,1.0618,1.0662,20,1.0568,1.0664,1.0664,1.0643,2.0,21307.0,489
2023-05-11 09:42:07,OP90002159,中证500ETF购12月5250,1.0643,0.0,0.0,0.0,20,1.0618,1.0661,15,1.0568,1.0664,1.0664,1.0643,2.0,21307.0,489
2023-05-11 09:42:08,OP90002159,中证500ETF购12月5250,1.0643,0.0,0.0,0.0,20,1.0618,1.0661,15,1.0568,1.0664,1.0664,1.0643,2.0,21307.0,489
2023-05-11 09:42:09,OP90002159,中证500ETF购12月5250,1.0643,0.0,0.0,0.0,20,1.0618,1.0661,15,1.0568,1.0664,1.0664,1.0643,2.0,21307.0,489
2023-05-11 09:42:11,OP90002159,中证500ETF购12月5250,1.0643,0.0,0.0,0.0,20,1.0618,1.0661,15,1.0568,1.0664,1.0664,1.0643,2.0,21307.0,489
2023-05-11 09:42:12,OP90002159,中证500ETF购12月5250,1.0643,0.0,0.0,0.0,20,1.0624,1.0662,20,1.0568,1.0664,1.0664,1.0643,2.0,21307.0,489
2023-05-11 09:42:13,OP90002159,中证500ETF购12月5250,1.0643,0.0,0.0,0.0,20,1.0625,1.0662,20,1.0568,1.0664,1.0664,1.0643,2.0,21307.0,489
2023-05-11 09:42:13,OP90002159,中证500ETF购12月5250,1.0643,0.0,0.0,0.0,20,1.0625,1.0662,20,1.0568,1.0664,1.0664,1.0643,2.0,21307.0,489
2023-05-11 09:42:14,OP90002159,中证500ETF购12月5250,1.0643,0.0,0.0,0.0,20,1.0624,1.0662,20,1.0568,1.0664,1.0664,1.0643,2.0,21307.0,489
2023-05-11 09:42:15,OP90002159,中证500ETF购12月5250,1.0643,0.0,0.0,0.0,40,1.0624,1.0662,20,1.0568,1.0664,1.0664,1.0643,2.0,21307.0,489
2023-05-11 09:42:15,OP90002159,中证500ETF购12月5250,1.0643,0.0,0.0,0.0,40,1.0624,1.0662,35,1.0568,1.0664,1.0664,1.0643,2.0,21307.0,489
2023-05-11 09:42:16,OP90002159,中证500ETF购12月5250,1.0643,0.0,0.0,0.0,20,1.0624,1.0662,35,1.0568,1.0664,1.0664,1.0643,2.0,21307.0,489
2023-05-11 09:42:16,OP90002159,中证500ETF购12月5250,1.0643,0.0,0.0,0.0,20,1.0616,1.0651,20,1.0568,1.0664,1.0664,1.0643,2.0,21307.0,489
2023-05-11 09:42:17,OP90002159,中证500ETF购12月5250,1.0643,0.0,0.0,0.0,20,1.0614,1.065,15,1.0568,1.0664,1.0664,1.0643,2.0,21307.0,489
2023-05-11 09:42:17,OP90002159,中证500ETF购12月5250,1.0643,0.0,0.0,0.0,20,1.0609,1.065,15,1.0568,1.0664,1.0664,1.0643,2.0,21307.0,489
2023-05-11 09:42:18,OP90002159,中证500ETF购12月5250,1.0643,0.0,0.0,0.0,20,1.0609,1.065,15,1.0568,1.0664,1.0664,1.0643,2.0,21307.0,489
2023-05-11 09:42:19,OP90002159,中证500ETF购12月5250,1.0643,0.0,0.0,0.0,10,1.0604,1.065,15,1.0568,1.0664,1.0664,1.0643,2.0,21307.0,489
2023-05-11 09:42:19,OP90002159,中证500ETF购12月5250,1.0643,0.0,0.0,0.0,20,1.0602,1.0637,20,1.0568,1.0664,1.0664,1.0643,2.0,21307.0,489
2023-05-11 09:42:20,OP90002159,中证500ETF购12月5250,1.0643,0.0,0.0,0.0,10,1.0605,1.0647,20,1.0568,1.0664,1.0664,1.0643,2.0,21307.0,489
2023-05-11 09:42:20,OP90002159,中证500ETF购12月5250,1.0643,0.0,0.0,0.0,20,1.0614,1.0647,20,1.0568,1.0664,1.0664,1.0643,2.0,21307.0,489
2023-05-11 09:42:21,OP90002159,中证500ETF购12月5250,1.0643,0.0,0.0,0.0,40,1.0614,1.0654,20,1.0568,1.0664,1.0664,1.0643,2.0,21307.0,489
2023-05-11 09:42:22,OP90002159,中证500ETF购12月5250,1.0643,0.0,0.0,0.0,20,1.0626,1.0659,10,1.0568,1.0664,1.0664,1.0643,2.0,21307.0,489
2023-05-11 09:42:22,OP90002159,中证500ETF购12月5250,1.0643,0.0,0.0,0.0,40,1.0614,1.066,20,1.0568,1.0664,1.0664,1.0643,2.0,21307.0,489
2023-05-11 09:42:23,OP90002159,中证500ETF购12月5250,1.0643,0.0,0.0,0.0,20,1.0622,1.066,35,1.0568,1.0664,1.0664,1.0643,2.0,21307.0,489
2023-05-11 09:42:23,OP90002159,中证500ETF购12月5250,1.0643,0.0,0.0,0.0,20,1.0627,1.066,20,1.0568,1.0664,1.0664,1.0643,2.0,21307.0,489
2023-05-11 09:42:24,OP90002159,中证500ETF购12月5250,1.0643,0.0,0.0,0.0,20,1.0625,1.066,20,1.0568,1.0664,1.0664,1.0643,2.0,21307.0,489
2023-05-11 09:42:24,OP90002159,中证500ETF购12月5250,1.0643,0.0,0.0,0.0,20,1.0625,1.0659,15,1.0568,1.0664,1.0664,1.0643,2.0,21307.0,489
2023-05-11 09:42:25,OP90002159,中证500ETF购12月5250,1.0643,0.0,0.0,0.0,20,1.0625,1.066,20,1.0568,1.0664,1.0664,1.0643,2.0,21307.0,489
2023-05-11 09:42:25,OP90002159,中证500ETF购12月5250,1.0643,0.0,0.0,0.0,20,1.0626,1.066,20,1.0568,1.0664,1.0664,1.0643,2.0,21307.0,489
2023-05-11 09:42:26,OP90002159,中证500ETF购12月5250,1.0643,0.0,0.0,0.0,20,1.0626,1.0674,20,1.0568,1.0664,1.0664,1.0643,2.0,21307.0,489
2023-05-11 09:42:26,OP90002159,中证500ETF购12月5250,1.0643,0.0,0.0,0.0,20,1.0632,1.0673,15,1.0568,1.0664,1.0664,1.0643,2.0,21307.0,489
2023-05-11 09:42:27,OP90002159,中证500ETF购12月5250,1.0643,0.0,0.0,0.0,20,1.0632,1.0673,15,1.0568,1.0664,1.0664,1.0643,2.0,21307.0,489
2023-05-11 09:42:27,OP90002159,中证500ETF购12月5250,1.0643,0.0,0.0,0.0,20,1.0632,1.0673,15,1.0568,1.0664,1.0664,1.0643,2.0,21307.0,489
2023-05-11 09:42:31,OP90002159,中证500ETF购12月5250,1.0643,0.0,0.0,0.0,20,1.0632,1.0669,20,1.0568,1.0664,1.0664,1.0643,2.0,21307.0,489
2023-05-11 09:42:31,OP90002159,中证500ETF购12月5250,1.0643,0.0,0.0,0.0,20,1.0632,1.0668,15,1.0568,1.0664,1.0664,1.0643,2.0,21307.0,489
2023-05-11 09:42:35,OP90002159,中证500ETF购12月5250,1.0643,0.0,0.0,0.0,20,1.0632,1.0669,20,1.0568,1.0664,1.0664,1.0643,2.0,21307.0,489
2023-05-11 09:42:36,OP90002159,中证500ETF购12月5250,1.0643,0.0,0.0,0.0,20,1.0632,1.068,20,1.0568,1.0664,1.0664,1.0643,2.0,21307.0,489
2023-05-11 09:42:36,OP90002159,中证500ETF购12月5250,1.0643,0.0,0.0,0.0,20,1.0632,1.0679,15,1.0568,1.0664,1.0664,1.0643,2.0,21307.0,489
2023-05-11 09:42:37,OP90002159,中证500ETF购12月5250,1.0643,0.0,0.0,0.0,20,1.0632,1.0679,15,1.0568,1.0664,1.0664,1.0643,2.0,21307.0,489
2023-05-11 09:42:38,OP90002159,中证500ETF购12月5250,1.0643,0.0,0.0,0.0,20,1.0632,1.0668,20,1.0568,1.0664,1.0664,1.0643,2.0,21307.0,489
2023-05-11 09:42:39,OP90002159,中证500ETF购12月5250,1.0643,0.0,0.0,0.0,20,1.0632,1.0667,15,1.0568,1.0664,1.0664,1.0643,2.0,21307.0,489
2023-05-11 09:42:39,OP90002159,中证500ETF购12月5250,1.0643,0.0,0.0,0.0,20,1.0632,1.0667,15,1.0568,1.0664,1.0664,1.0643,2.0,21307.0,489
2023-05-11 09:42:40,OP90002159,中证500ETF购12月5250,1.0643,0.0,0.0,0.0,20,1.0632,1.0667,15,1.0568,1.0664,1.0664,1.0643,2.0,21307.0,489
2023-05-11 09:42:40,OP90002159,中证500ETF购12月5250,1.0643,0.0,0.0,0.0,20,1.0632,1.0667,15,1.0568,1.0664,1.0664,1.0643,2.0,21307.0,489
2023-05-11 09:42:41,OP90002159,中证500ETF购12月5250,1.0643,0.0,0.0,0.0,20,1.0632,1.0667,15,1.0568,1.0664,1.0664,1.0643,2.0,21307.0,489
2023-05-11 09:42:42,OP90002159,中证500ETF购12月5250,1.0643,0.0,0.0,0.0,20,1.0632,1.0667,15,1.0568,1.0664,1.0664,1.0643,2.0,21307.0,489
2023-05-11 09:42:46,OP90002159,中证500ETF购12月5250,1.0643,0.0,0.0,0.0,10,1.0615,1.0667,35,1.0568,1.0664,1.0664,1.0643,2.0,21307.0,489
2023-05-11 09:42:46,OP90002159,中证500ETF购12月5250,1.0643,0.0,0.0,0.0,10,1.0616,1.0662,20,1.0568,1.0664,1.0664,1.0643,2.0,21307.0,489
2023-05-11 09:42:47,OP90002159,中证500ETF购12月5250,1.0643,0.0,0.0,0.0,20,1.0618,1.0661,15,1.0568,1.0664,1.0664,1.0643,2.0,21307.0,489
2023-05-11 09:42:47,OP90002159,中证500ETF购12月5250,1.0643,0.0,0.0,0.0,20,1.0618,1.0661,15,1.0568,1.0664,1.0664,1.0643,2.0,21307.0,489
2023-05-11 09:42:48,OP90002159,中证500ETF购12月5250,1.0643,0.0,0.0,0.0,10,1.0619,1.0661,15,1.0568,1.0664,1.0664,1.0643,2.0,21307.0,489
2023-05-11 09:42:48,OP90002159,中证500ETF购12月5250,1.0643,0.0,0.0,0.0,10,1.0619,1.0661,15,1.0568,1.0664,1.0664,1.0643,2.0,21307.0,489
2023-05-11 09:42:50,OP90002159,中证500ETF购12月5250,1.0643,0.0,0.0,0.0,10,1.0619,1.0661,15,1.0568,1.0664,1.0664,1.0643,2.0,21307.0,489
2023-05-11 09:42:52,OP90002159,中证500ETF购12月5250,1.0643,0.0,0.0,0.0,10,1.0619,1.0651,20,1.0568,1.0664,1.0664,1.0643,2.0,21307.0,489
2023-05-11 09:42:53,OP90002159,中证500ETF购12月5250,1.0643,0.0,0.0,0.0,10,1.0619,1.065,15,1.0568,1.0664,1.0664,1.0643,2.0,21307.0,489
2023-05-11 09:42:53,OP90002159,中证500ETF购12月5250,1.0643,0.0,0.0,0.0,10,1.0619,1.065,15,1.0568,1.0664,1.0664,1.0643,2.0,21307.0,489
2023-05-11 09:42:55,OP90002159,中证500ETF购12月5250,1.0643,0.0,0.0,0.0,10,1.0619,1.065,15,1.0568,1.0664,1.0664,1.0643,2.0,21307.0,489
2023-05-11 09:42:58,OP90002159,中证500ETF购12月5250,1.0643,0.0,0.0,0.0,20,1.0618,1.065,15,1.0568,1.0664,1.0664,1.0643,2.0,21307.0,489
2023-05-11 09:42:59,OP90002159,中证500ETF购12月5250,1.0643,0.0,0.0,0.0,20,1.0618,1.065,15,1.0568,1.0664,1.0664,1.0643,2.0,21307.0,489
2023-05-11 09:42:59,OP90002159,中证500ETF购12月5250,1.0643,0.0,0.0,0.0,20,1.0618,1.065,15,1.0568,1.0664,1.0664,1.0643,2.0,21307.0,489
2023-05-11 09:43:00,OP90002159,中证500ETF购12月5250,1.0643,0.0,0.0,0.0,20,1.0618,1.065,15,1.0568,1.0664,1.0664,1.0643,2.0,21307.0,489
2023-05-11 09:43:01,OP90002159,中证500ETF购12月5250,1.0643,0.0,0.0,0.0,40,1.0604,1.065,15,1.0568,1.0664,1.0664,1.0643,2.0,21307.0,489
2023-05-11 09:43:02,OP90002159,中证500ETF购12月5250,1.0643,0.0,0.0,0.0,10,1.0605,1.065,15,1.0568,1.0664,1.0664,1.0643,2.0,21307.0,489
2023-05-11 09:43:02,OP90002159,中证500ETF购12月5250,1.0643,0.0,0.0,0.0,10,1.0605,1.065,15,1.0568,1.0664,1.0664,1.0643,2.0,21307.0,489
2023-05-11 09:43:06,OP90002159,中证500ETF购12月5250,1.0643,0.0,0.0,0.0,20,1.0618,1.0651,20,1.0568,1.0664,1.0664,1.0643,2.0,21307.0,489
2023-05-11 09:43:06,OP90002159,中证500ETF购12月5250,1.0643,0.0,0.0,0.0,20,1.0618,1.0651,20,1.0568,1.0664,1.0664,1.0643,2.0,21307.0,489
2023-05-11 09:43:07,OP90002159,中证500ETF购12月5250,1.0643,0.0,0.0,0.0,20,1.0618,1.0651,20,1.0568,1.0664,1.0664,1.0643,2.0,21307.0,489
2023-05-11 09:43:07,OP90002159,中证500ETF购12月5250,1.0643,0.0,0.0,0.0,20,1.0618,1.0659,10,1.0568,1.0664,1.0664,1.0643,2.0,21307.0,489
2023-05-11 09:43:08,OP90002159,中证500ETF购12月5250,1.0643,0.0,0.0,0.0,20,1.0618,1.0658,15,1.0568,1.0664,1.0664,1.0643,2.0,21307.0,489
2023-05-11 09:43:08,OP90002159,中证500ETF购12月5250,1.0643,0.0,0.0,0.0,10,1.0619,1.0658,15,1.0568,1.0664,1.0664,1.0643,2.0,21307.0,489
2023-05-11 09:43:09,OP90002159,中证500ETF购12月5250,1.0643,0.0,0.0,0.0,10,1.0619,1.0658,15,1.0568,1.0664,1.0664,1.0643,2.0,21307.0,489
2023-05-11 09:43:10,OP90002159,中证500ETF购12月5250,1.0643,0.0,0.0,0.0,10,1.0619,1.0655,20,1.0568,1.0664,1.0664,1.0643,2.0,21307.0,489
2023-05-11 09:43:10,OP90002159,中证500ETF购12月5250,1.0643,0.0,0.0,0.0,10,1.0619,1.0654,15,1.0568,1.0664,1.0664,1.0643,2.0,21307.0,489
2023-05-11 09:43:11,OP90002159,中证500ETF购12月5250,1.0643,0.0,0.0,0.0,20,1.0618,1.0654,15,1.0568,1.0664,1.0664,1.0643,2.0,21307.0,489
2023-05-11 09:43:12,OP90002159,中证500ETF购12月5250,1.0643,0.0,0.0,0.0,20,1.0618,1.0654,15,1.0568,1.0664,1.0664,1.0643,2.0,21307.0,489
2023-05-11 09:43:12,OP90002159,中证500ETF购12月5250,1.0643,0.0,0.0,0.0,20,1.0618,1.0654,15,1.0568,1.0664,1.0664,1.0643,2.0,21307.0,489
2023-05-11 09:43:13,OP90002159,中证500ETF购12月5250,1.0643,0.0,0.0,0.0,20,1.0608,1.0654,15,1.0568,1.0664,1.0664,1.0643,2.0,21307.0,489
2023-05-11 09:43:13,OP90002159,中证500ETF购12月5250,1.0643,0.0,0.0,0.0,20,1.0608,1.0654,15,1.0568,1.0664,1.0664,1.0643,2.0,21307.0,489
2023-05-11 09:43:14,OP90002159,中证500ETF购12月5250,1.0643,0.0,0.0,0.0,20,1.0607,1.0654,15,1.0568,1.0664,1.0664,1.0643,2.0,21307.0,489
2023-05-11 09:43:14,OP90002159,中证500ETF购12月5250,1.0643,0.0,0.0,0.0,20,1.0607,1.0645,20,1.0568,1.0664,1.0664,1.0643,2.0,21307.0,489
2023-05-11 09:43:15,OP90002159,中证500ETF购12月5250,1.0643,0.0,0.0,0.0,20,1.0607,1.0644,15,1.0568,1.0664,1.0664,1.0643,2.0,21307.0,489
2023-05-11 09:43:15,OP90002159,中证500ETF购12月5250,1.0643,0.0,0.0,0.0,20,1.0607,1.0644,15,1.0568,1.0664,1.0664,1.0643,2.0,21307.0,489
2023-05-11 09:43:16,OP90002159,中证500ETF购12月5250,1.0643,0.0,0.0,0.0,20,1.0607,1.0644,15,1.0568,1.0664,1.0664,1.0643,2.0,21307.0,489
2023-05-11 09:43:18,OP90002159,中证500ETF购12月5250,1.0643,0.0,0.0,0.0,10,1.0608,1.0644,15,1.0568,1.0664,1.0664,1.0643,2.0,21307.0,489
2023-05-11 09:43:18,OP90002159,中证500ETF购12月5250,1.0643,0.0,0.0,0.0,10,1.0608,1.0644,15,1.0568,1.0664,1.0664,1.0643,2.0,21307.0,489
2023-05-11 09:43:19,OP90002159,中证500ETF购12月5250,1.0643,0.0,0.0,0.0,10,1.0608,1.0645,20,1.0568,1.0664,1.0664,1.0643,2.0,21307.0,489
2023-05-11 09:43:20,OP90002159,中证500ETF购12月5250,1.0643,0.0,0.0,0.0,10,1.0608,1.0645,20,1.0568,1.0664,1.0664,1.0643,2.0,21307.0,489
2023-05-11 09:43:21,OP90002159,中证500ETF购12月5250,1.0643,0.0,0.0,0.0,10,1.0608,1.0644,15,1.0568,1.0664,1.0664,1.0643,2.0,21307.0,489
2023-05-11 09:43:22,OP90002159,中证500ETF购12月5250,1.0643,0.0,0.0,0.0,20,1.0607,1.0644,15,1.0568,1.0664,1.0664,1.0643,2.0,21307.0,489
2023-05-11 09:43:23,OP90002159,中证500ETF购12月5250,1.0643,0.0,0.0,0.0,10,1.0608,1.0644,15,1.0568,1.0664,1.0664,1.0643,2.0,21307.0,489
2023-05-11 09:43:27,OP90002159,中证500ETF购12月5250,1.0643,0.0,0.0,0.0,10,1.0608,1.0645,20,1.0568,1.0664,1.0664,1.0643,2.0,21307.0,489
2023-05-11 09:43:27,OP90002159,中证500ETF购12月5250,1.0643,0.0,0.0,0.0,10,1.0608,1.0645,15,1.0568,1.0664,1.0664,1.0643,2.0,21307.0,489
2023-05-11 09:43:28,OP90002159,中证500ETF购12月5250,1.0643,0.0,0.0,0.0,10,1.0608,1.0655,30,1.0568,1.0664,1.0664,1.0643,2.0,21307.0,489
2023-05-11 09:43:28,OP90002159,中证500ETF购12月5250,1.0643,0.0,0.0,0.0,10,1.0608,1.0654,15,1.0568,1.0664,1.0664,1.0643,2.0,21307.0,489
2023-05-11 09:43:29,OP90002159,中证500ETF购12月5250,1.0643,0.0,0.0,0.0,30,1.0608,1.0654,15,1.0568,1.0664,1.0664,1.0643,2.0,21307.0,489
2023-05-11 09:43:30,OP90002159,中证500ETF购12月5250,1.0643,0.0,0.0,0.0,20,1.0608,1.0654,15,1.0568,1.0664,1.0664,1.0643,2.0,21307.0,489
2023-05-11 09:43:30,OP90002159,中证500ETF购12月5250,1.0643,0.0,0.0,0.0,10,1.0609,1.0654,15,1.0568,1.0664,1.0664,1.0643,2.0,21307.0,489
2023-05-11 09:43:33,OP90002159,中证500ETF购12月5250,1.0643,0.0,0.0,0.0,10,1.0609,1.0654,15,1.0568,1.0664,1.0664,1.0643,2.0,21307.0,489
2023-05-11 09:43:33,OP90002159,中证500ETF购12月5250,1.0643,0.0,0.0,0.0,20,1.0607,1.0654,15,1.0568,1.0664,1.0664,1.0643,2.0,21307.0,489
2023-05-11 09:43:34,OP90002159,中证500ETF购12月5250,1.0643,0.0,0.0,0.0,10,1.0608,1.0654,15,1.0568,1.0664,1.0664,1.0643,2.0,21307.0,489
2023-05-11 09:43:34,OP90002159,中证500ETF购12月5250,1.0643,0.0,0.0,0.0,10,1.0608,1.0654,15,1.0568,1.0664,1.0664,1.0643,2.0,21307.0,489
2023-05-11 09:43:37,OP90002159,中证500ETF购12月5250,1.0643,0.0,0.0,0.0,20,1.0607,1.0654,15,1.0568,1.0664,1.0664,1.0643,2.0,21307.0,489
2023-05-11 09:43:37,OP90002159,中证500ETF购12月5250,1.0643,0.0,0.0,0.0,20,1.0607,1.0645,20,1.0568,1.0664,1.0664,1.0643,2.0,21307.0,489
2023-05-11 09:43:38,OP90002159,中证500ETF购12月5250,1.0643,0.0,0.0,0.0,20,1.0607,1.0644,15,1.0568,1.0664,1.0664,1.0643,2.0,21307.0,489
2023-05-11 09:43:38,OP90002159,中证500ETF购12月5250,1.0643,0.0,0.0,0.0,20,1.0607,1.0644,15,1.0568,1.0664,1.0664,1.0643,2.0,21307.0,489
2023-05-11 09:43:39,OP90002159,中证500ETF购12月5250,1.0643,0.0,0.0,0.0,10,1.0608,1.0644,15,1.0568,1.0664,1.0664,1.0643,2.0,21307.0,489
2023-05-11 09:43:39,OP90002159,中证500ETF购12月5250,1.0643,0.0,0.0,0.0,20,1.0607,1.0644,15,1.0568,1.0664,1.0664,1.0643,2.0,21307.0,489
2023-05-11 09:43:43,OP90002159,中证500ETF购12月5250,1.0643,0.0,0.0,0.0,10,1.0608,1.0644,15,1.0568,1.0664,1.0664,1.0643,2.0,21307.0,489
2023-05-11 09:43:45,OP90002159,中证500ETF购12月5250,1.0643,0.0,0.0,0.0,10,1.0608,1.0645,20,1.0568,1.0664,1.0664,1.0643,2.0,21307.0,489
2023-05-11 09:43:46,OP90002159,中证500ETF购12月5250,1.0643,0.0,0.0,0.0,10,1.0608,1.0654,30,1.0568,1.0664,1.0664,1.0643,2.0,21307.0,489
2023-05-11 09:43:47,OP90002159,中证500ETF购12月5250,1.0643,0.0,0.0,0.0,10,1.0608,1.0653,15,1.0568,1.0664,1.0664,1.0643,2.0,21307.0,489
2023-05-11 09:43:47,OP90002159,中证500ETF购12月5250,1.0643,0.0,0.0,0.0,40,1.0608,1.0654,20,1.0568,1.0664,1.0664,1.0643,2.0,21307.0,489
2023-05-11 09:43:48,OP90002159,中证500ETF购12月5250,1.0643,0.0,0.0,0.0,20,1.0621,1.0654,15,1.0568,1.0664,1.0664,1.0643,2.0,21307.0,489
2023-05-11 09:43:48,OP90002159,中证500ETF购12月5250,1.0643,0.0,0.0,0.0,20,1.0621,1.0654,15,1.0568,1.0664,1.0664,1.0643,2.0,21307.0,489
2023-05-11 09:43:49,OP90002159,中证500ETF购12月5250,1.0643,0.0,0.0,0.0,20,1.0621,1.066,10,1.0568,1.0664,1.0664,1.0643,2.0,21307.0,489
2023-05-11 09:43:49,OP90002159,中证500ETF购12月5250,1.0643,0.0,0.0,0.0,20,1.0621,1.0659,15,1.0568,1.0664,1.0664,1.0643,2.0,21307.0,489
2023-05-11 09:43:50,OP90002159,中证500ETF购12月5250,1.0643,0.0,0.0,0.0,20,1.0621,1.0659,15,1.0568,1.0664,1.0664,1.0643,2.0,21307.0,489
2023-05-11 09:43:52,OP90002159,中证500ETF购12月5250,1.0643,0.0,0.0,0.0,40,1.0621,1.0659,15,1.0568,1.0664,1.0664,1.0643,2.0,21307.0,489
2023-05-11 09:43:52,OP90002159,中证500ETF购12月5250,1.0643,0.0,0.0,0.0,10,1.0622,1.0659,15,1.0568,1.0664,1.0664,1.0643,2.0,21307.0,489
2023-05-11 09:43:53,OP90002159,中证500ETF购12月5250,1.0643,0.0,0.0,0.0,10,1.0622,1.0659,15,1.0568,1.0664,1.0664,1.0643,2.0,21307.0,489
2023-05-11 09:43:55,OP90002159,中证500ETF购12月5250,1.0643,0.0,0.0,0.0,10,1.0622,1.0655,20,1.0568,1.0664,1.0664,1.0643,2.0,21307.0,489
2023-05-11 09:43:56,OP90002159,中证500ETF购12月5250,1.0643,0.0,0.0,0.0,10,1.0622,1.0654,15,1.0568,1.0664,1.0664,1.0643,2.0,21307.0,489
2023-05-11 09:43:56,OP90002159,中证500ETF购12月5250,1.0643,0.0,0.0,0.0,10,1.0622,1.0654,15,1.0568,1.0664,1.0664,1.0643,2.0,21307.0,489
2023-05-11 09:43:57,OP90002159,中证500ETF购12月5250,1.0643,0.0,0.0,0.0,10,1.0622,1.0654,15,1.0568,1.0664,1.0664,1.0643,2.0,21307.0,489
2023-05-11 09:43:57,OP90002159,中证500ETF购12月5250,1.0643,0.0,0.0,0.0,10,1.0622,1.0654,15,1.0568,1.0664,1.0664,1.0643,2.0,21307.0,489
2023-05-11 09:43:58,OP90002159,中证500ETF购12月5250,1.0643,0.0,0.0,0.0,20,1.0621,1.0654,15,1.0568,1.0664,1.0664,1.0643,2.0,21307.0,489
2023-05-11 09:43:58,OP90002159,中证500ETF购12月5250,1.0643,0.0,0.0,0.0,20,1.0621,1.0654,15,1.0568,1.0664,1.0664,1.0643,2.0,21307.0,489
2023-05-11 09:44:00,OP90002159,中证500ETF购12月5250,1.0643,0.0,0.0,0.0,20,1.0621,1.0654,15,1.0568,1.0664,1.0664,1.0643,2.0,21307.0,489
2023-05-11 09:44:00,OP90002159,中证500ETF购12月5250,1.0643,0.0,0.0,0.0,20,1.0621,1.0654,15,1.0568,1.0664,1.0664,1.0643,2.0,21307.0,489
2023-05-11 09:44:01,OP90002159,中证500ETF购12月5250,1.0643,0.0,0.0,0.0,20,1.0621,1.0654,15,1.0568,1.0664,1.0664,1.0643,2.0,21307.0,489
2023-05-11 09:44:02,OP90002159,中证500ETF购12月5250,1.0643,0.0,0.0,0.0,10,1.0622,1.0654,15,1.0568,1.0664,1.0664,1.0643,2.0,21307.0,489
2023-05-11 09:44:03,OP90002159,中证500ETF购12月5250,1.0643,0.0,0.0,0.0,10,1.0622,1.0654,15,1.0568,1.0664,1.0664,1.0643,2.0,21307.0,489
2023-05-11 09:44:04,OP90002159,中证500ETF购12月5250,1.0643,0.0,0.0,0.0,20,1.0621,1.0654,15,1.0568,1.0664,1.0664,1.0643,2.0,21307.0,489
2023-05-11 09:44:05,OP90002159,中证500ETF购12月5250,1.0643,0.0,0.0,0.0,10,1.0622,1.0654,15,1.0568,1.0664,1.0664,1.0643,2.0,21307.0,489
2023-05-11 09:44:05,OP90002159,中证500ETF购12月5250,1.0643,0.0,0.0,0.0,20,1.0621,1.0654,15,1.0568,1.0664,1.0664,1.0643,2.0,21307.0,489
2023-05-11 09:44:07,OP90002159,中证500ETF购12月5250,1.0643,0.0,0.0,0.0,10,1.0622,1.0654,15,1.0568,1.0664,1.0664,1.0643,2.0,21307.0,489
2023-05-11 09:44:09,OP90002159,中证500ETF购12月5250,1.0643,0.0,0.0,0.0,10,1.0622,1.0654,15,1.0568,1.0664,1.0664,1.0643,2.0,21307.0,489
2023-05-11 09:44:10,OP90002159,中证500ETF购12月5250,1.0643,0.0,0.0,0.0,10,1.0622,1.0655,20,1.0568,1.0664,1.0664,1.0643,2.0,21307.0,489
2023-05-11 09:44:10,OP90002159,中证500ETF购12月5250,1.0643,0.0,0.0,0.0,10,1.0622,1.0665,10,1.0568,1.0664,1.0664,1.0643,2.0,21307.0,489
2023-05-11 09:44:11,OP90002159,中证500ETF购12月5250,1.0643,0.0,0.0,0.0,30,1.0622,1.0664,15,1.0568,1.0664,1.0664,1.0643,2.0,21307.0,489
2023-05-11 09:44:11,OP90002159,中证500ETF购12月5250,1.0643,0.0,0.0,0.0,20,1.0636,1.0667,20,1.0568,1.0664,1.0664,1.0643,2.0,21307.0,489
2023-05-11 09:44:12,OP90002159,中证500ETF购12月5250,1.0643,0.0,0.0,0.0,10,1.0637,1.0667,35,1.0568,1.0664,1.0664,1.0643,2.0,21307.0,489
2023-05-11 09:44:12,OP90002159,中证500ETF购12月5250,1.0643,0.0,0.0,0.0,20,1.0636,1.0667,35,1.0568,1.0664,1.0664,1.0643,2.0,21307.0,489
2023-05-11 09:44:13,OP90002159,中证500ETF购12月5250,1.0643,0.0,0.0,0.0,10,1.0637,1.0667,35,1.0568,1.0664,1.0664,1.0643,2.0,21307.0,489
2023-05-11 09:44:13,OP90002159,中证500ETF购12月5250,1.0643,0.0,0.0,0.0,10,1.0637,1.0667,35,1.0568,1.0664,1.0664,1.0643,2.0,21307.0,489
2023-05-11 09:44:14,OP90002159,中证500ETF购12月5250,1.0643,0.0,0.0,0.0,20,1.0636,1.0667,35,1.0568,1.0664,1.0664,1.0643,2.0,21307.0,489
2023-05-11 09:44:15,OP90002159,中证500ETF购12月5250,1.0643,0.0,0.0,0.0,10,1.0637,1.0667,35,1.0568,1.0664,1.0664,1.0643,2.0,21307.0,489
2023-05-11 09:44:16,OP90002159,中证500ETF购12月5250,1.0643,0.0,0.0,0.0,20,1.0636,1.0667,35,1.0568,1.0664,1.0664,1.0643,2.0,21307.0,489
2023-05-11 09:44:17,OP90002159,中证500ETF购12月5250,1.0643,0.0,0.0,0.0,10,1.0637,1.0667,35,1.0568,1.0664,1.0664,1.0643,2.0,21307.0,489
2023-05-11 09:44:17,OP90002159,中证500ETF购12月5250,1.0643,0.0,0.0,0.0,10,1.0637,1.0667,35,1.0568,1.0664,1.0664,1.0643,2.0,21307.0,489
2023-05-11 09:44:18,OP90002159,中证500ETF购12月5250,1.0643,0.0,0.0,0.0,10,1.0637,1.0667,20,1.0568,1.0664,1.0664,1.0643,2.0,21307.0,489
2023-05-11 09:44:19,OP90002159,中证500ETF购12月5250,1.0643,0.0,0.0,0.0,10,1.0637,1.0667,20,1.0568,1.0664,1.0664,1.0643,2.0,21307.0,489
2023-05-11 09:44:19,OP90002159,中证500ETF购12月5250,1.0643,0.0,0.0,0.0,10,1.0637,1.0667,20,1.0568,1.0664,1.0664,1.0643,2.0,21307.0,489
2023-05-11 09:44:20,OP90002159,中证500ETF购12月5250,1.0643,0.0,0.0,0.0,10,1.0637,1.0678,20,1.0568,1.0664,1.0664,1.0643,2.0,21307.0,489
2023-05-11 09:44:20,OP90002159,中证500ETF购12月5250,1.0643,0.0,0.0,0.0,10,1.0637,1.0677,15,1.0568,1.0664,1.0664,1.0643,2.0,21307.0,489
2023-05-11 09:44:21,OP90002159,中证500ETF购12月5250,1.0643,0.0,0.0,0.0,10,1.0637,1.0677,15,1.0568,1.0664,1.0664,1.0643,2.0,21307.0,489
2023-05-11 09:44:22,OP90002159,中证500ETF购12月5250,1.0643,0.0,0.0,0.0,10,1.0637,1.0677,15,1.0568,1.0664,1.0664,1.0643,2.0,21307.0,489
2023-05-11 09:44:25,OP90002159,中证500ETF购12月5250,1.0643,0.0,0.0,0.0,10,1.0637,1.0677,15,1.0568,1.0664,1.0664,1.0643,2.0,21307.0,489
2023-05-11 09:44:25,OP90002159,中证500ETF购12月5250,1.0643,0.0,0.0,0.0,10,1.0637,1.0669,20,1.0568,1.0664,1.0664,1.0643,2.0,21307.0,489
2023-05-11 09:44:26,OP90002159,中证500ETF购12月5250,1.0643,0.0,0.0,0.0,10,1.0637,1.0668,15,1.0568,1.0664,1.0664,1.0643,2.0,21307.0,489
2023-05-11 09:44:26,OP90002159,中证500ETF购12月5250,1.0643,0.0,0.0,0.0,10,1.0637,1.0668,15,1.0568,1.0664,1.0664,1.0643,2.0,21307.0,489
2023-05-11 09:44:28,OP90002159,中证500ETF购12月5250,1.0643,0.0,0.0,0.0,20,1.0636,1.0668,15,1.0568,1.0664,1.0664,1.0643,2.0,21307.0,489
2023-05-11 09:44:29,OP90002159,中证500ETF购12月5250,1.0643,0.0,0.0,0.0,20,1.062,1.0653,20,1.0568,1.0664,1.0664,1.0643,2.0,21307.0,489
2023-05-11 09:44:29,OP90002159,中证500ETF购12月5250,1.0643,0.0,0.0,0.0,20,1.0618,1.0639,20,1.0568,1.0664,1.0664,1.0643,2.0,21307.0,489
2023-05-11 09:44:30,OP90002159,中证500ETF购12月5250,1.0643,0.0,0.0,0.0,20,1.0626,1.0657,10,1.0568,1.0664,1.0664,1.0643,2.0,21307.0,489
2023-05-11 09:44:30,OP90002159,中证500ETF购12月5250,1.0643,0.0,0.0,0.0,20,1.0626,1.0656,15,1.0568,1.0664,1.0664,1.0643,2.0,21307.0,489
2023-05-11 09:44:31,OP90002159,中证500ETF购12月5250,1.0643,0.0,0.0,0.0,20,1.0618,1.0656,15,1.0568,1.0664,1.0664,1.0643,2.0,21307.0,489
2023-05-11 09:44:31,OP90002159,中证500ETF购12月5250,1.0643,0.0,0.0,0.0,10,1.0619,1.0656,15,1.0568,1.0664,1.0664,1.0643,2.0,21307.0,489
2023-05-11 09:44:32,OP90002159,中证500ETF购12月5250,1.0643,0.0,0.0,0.0,10,1.0619,1.0656,15,1.0568,1.0664,1.0664,1.0643,2.0,21307.0,489
2023-05-11 09:44:33,OP90002159,中证500ETF购12月5250,1.0643,0.0,0.0,0.0,10,1.0619,1.0656,35,1.0568,1.0664,1.0664,1.0643,2.0,21307.0,489
2023-05-11 09:44:33,OP90002159,中证500ETF购12月5250,1.0643,0.0,0.0,0.0,20,1.0613,1.0648,20,1.0568,1.0664,1.0664,1.0643,2.0,21307.0,489
2023-05-11 09:44:34,OP90002159,中证500ETF购12月5250,1.0643,0.0,0.0,0.0,10,1.0614,1.0647,15,1.0568,1.0664,1.0664,1.0643,2.0,21307.0,489
2023-05-11 09:44:34,OP90002159,中证500ETF购12月5250,1.0643,0.0,0.0,0.0,10,1.0614,1.0648,20,1.0568,1.0664,1.0664,1.0643,2.0,21307.0,489
2023-05-11 09:44:36,OP90002159,中证500ETF购12月5250,1.0643,0.0,0.0,0.0,30,1.0614,1.0664,10,1.0568,1.0664,1.0664,1.0643,2.0,21307.0,489
2023-05-11 09:44:37,OP90002159,中证500ETF购12月5250,1.0643,0.0,0.0,0.0,20,1.0614,1.066,20,1.0568,1.0664,1.0664,1.0643,2.0,21307.0,489
2023-05-11 09:44:37,OP90002159,中证500ETF购12月5250,1.0643,0.0,0.0,0.0,20,1.0628,1.0659,15,1.0568,1.0664,1.0664,1.0643,2.0,21307.0,489
2023-05-11 09:44:38,OP90002159,中证500ETF购12月5250,1.0643,0.0,0.0,0.0,20,1.0628,1.0659,15,1.0568,1.0664,1.0664,1.0643,2.0,21307.0,489
2023-05-11 09:44:38,OP90002159,中证500ETF购12月5250,1.0643,0.0,0.0,0.0,20,1.0628,1.0659,15,1.0568,1.0664,1.0664,1.0643,2.0,21307.0,489
2023-05-11 09:44:39,OP90002159,中证500ETF购12月5250,1.0643,0.0,0.0,0.0,10,1.0629,1.0659,15,1.0568,1.0664,1.0664,1.0643,2.0,21307.0,489
2023-05-11 09:44:39,OP90002159,中证500ETF购12月5250,1.0643,0.0,0.0,0.0,10,1.0629,1.0659,15,1.0568,1.0664,1.0664,1.0643,2.0,21307.0,489
2023-05-11 09:44:40,OP90002159,中证500ETF购12月5250,1.0643,0.0,0.0,0.0,10,1.0629,1.0659,15,1.0568,1.0664,1.0664,1.0643,2.0,21307.0,489
2023-05-11 09:44:41,OP90002159,中证500ETF购12月5250,1.0643,0.0,0.0,0.0,20,1.0628,1.0659,15,1.0568,1.0664,1.0664,1.0643,2.0,21307.0,489
2023-05-11 09:44:42,OP90002159,中证500ETF购12月5250,1.0643,0.0,0.0,0.0,20,1.0614,1.0659,15,1.0568,1.0664,1.0664,1.0643,2.0,21307.0,489
2023-05-11 09:44:42,OP90002159,中证500ETF购12月5250,1.0643,0.0,0.0,0.0,10,1.0615,1.0659,35,1.0568,1.0664,1.0664,1.0643,2.0,21307.0,489
2023-05-11 09:44:43,OP90002159,中证500ETF购12月5250,1.0643,0.0,0.0,0.0,20,1.0609,1.0646,20,1.0568,1.0664,1.0664,1.0643,2.0,21307.0,489
2023-05-11 09:44:43,OP90002159,中证500ETF购12月5250,1.0643,0.0,0.0,0.0,10,1.0616,1.0645,15,1.0568,1.0664,1.0664,1.0643,2.0,21307.0,489
2023-05-11 09:44:44,OP90002159,中证500ETF购12月5250,1.0643,0.0,0.0,0.0,20,1.0615,1.0645,15,1.0568,1.0664,1.0664,1.0643,2.0,21307.0,489
2023-05-11 09:44:44,OP90002159,中证500ETF购12月5250,1.0643,0.0,0.0,0.0,20,1.0615,1.0645,15,1.0568,1.0664,1.0664,1.0643,2.0,21307.0,489
2023-05-11 09:44:45,OP90002159,中证500ETF购12月5250,1.0643,0.0,0.0,0.0,10,1.0616,1.0645,15,1.0568,1.0664,1.0664,1.0643,2.0,21307.0,489
2023-05-11 09:44:45,OP90002159,中证500ETF购12月5250,1.0643,0.0,0.0,0.0,10,1.0616,1.0645,15,1.0568,1.0664,1.0664,1.0643,2.0,21307.0,489
2023-05-11 09:44:49,OP90002159,中证500ETF购12月5250,1.0643,0.0,0.0,0.0,10,1.0616,1.0657,20,1.0568,1.0664,1.0664,1.0643,2.0,21307.0,489
2023-05-11 09:44:49,OP90002159,中证500ETF购12月5250,1.0643,0.0,0.0,0.0,10,1.0616,1.0656,15,1.0568,1.0664,1.0664,1.0643,2.0,21307.0,489
2023-05-11 09:44:51,OP90002159,中证500ETF购12月5250,1.0643,0.0,0.0,0.0,10,1.0616,1.0656,15,1.0568,1.0664,1.0664,1.0643,2.0,21307.0,489
2023-05-11 09:44:52,OP90002159,中证500ETF购12月5250,1.0643,0.0,0.0,0.0,10,1.0616,1.0656,15,1.0568,1.0664,1.0664,1.0643,2.0,21307.0,489
2023-05-11 09:44:53,OP90002159,中证500ETF购12月5250,1.0643,0.0,0.0,0.0,10,1.0616,1.0656,15,1.0568,1.0664,1.0664,1.0643,2.0,21307.0,489
2023-05-11 09:44:54,OP90002159,中证500ETF购12月5250,1.0643,0.0,0.0,0.0,20,1.0615,1.0656,15,1.0568,1.0664,1.0664,1.0643,2.0,21307.0,489
2023-05-11 09:44:54,OP90002159,中证500ETF购12月5250,1.0643,0.0,0.0,0.0,10,1.0616,1.0656,15,1.0568,1.0664,1.0664,1.0643,2.0,21307.0,489
2023-05-11 09:44:55,OP90002159,中证500ETF购12月5250,1.0643,0.0,0.0,0.0,20,1.0615,1.0656,15,1.0568,1.0664,1.0664,1.0643,2.0,21307.0,489
2023-05-11 09:44:55,OP90002159,中证500ETF购12月5250,1.0643,0.0,0.0,0.0,20,1.0615,1.0646,20,1.0568,1.0664,1.0664,1.0643,2.0,21307.0,489
2023-05-11 09:44:56,OP90002159,中证500ETF购12月5250,1.0643,0.0,0.0,0.0,20,1.0615,1.0645,15,1.0568,1.0664,1.0664,1.0643,2.0,21307.0,489
2023-05-11 09:44:57,OP90002159,中证500ETF购12月5250,1.0643,0.0,0.0,0.0,20,1.0615,1.0645,15,1.0568,1.0664,1.0664,1.0643,2.0,21307.0,489
2023-05-11 09:44:59,OP90002159,中证500ETF购12月5250,1.0643,0.0,0.0,0.0,20,1.0615,1.0645,15,1.0568,1.0664,1.0664,1.0643,2.0,21307.0,489
2023-05-11 09:45:00,OP90002159,中证500ETF购12月5250,1.0643,0.0,0.0,0.0,20,1.0615,1.0645,35,1.0568,1.0664,1.0664,1.0643,2.0,21307.0,489
