time,symbol_id,symbol_name,last,trade_volume,trade_amount,open_interest_change,bv1,bp1,ap1,av1,yesterday_close,today_open,today_high,today_low,volume,amount,open_interest
2023-05-11 08:30:00,OP90002174,中证500ETF沽12月6750,0.0,0.0,0.0,0.0,0,0.0,0.0,0,0.5712,0.5664,0.0,0.0,0.0,0.0,310
2023-05-11 09:25:00,OP90002174,中证500ETF沽12月6750,0.0,0.0,0.0,0.0,1,0.5409,0.5949,1,0.5712,0.5664,0.0,0.0,0.0,0.0,310
2023-05-11 09:30:00,OP90002174,中证500ETF沽12月6750,0.0,0.0,0.0,0.0,1,0.5409,0.5949,1,0.5712,0.5664,0.0,0.0,0.0,0.0,310
2023-05-11 09:30:00,OP90002174,中证500ETF沽12月6750,0.0,0.0,0.0,0.0,20,0.55,0.565,20,0.5712,0.5664,0.0,0.0,0.0,0.0,310
2023-05-11 09:30:01,OP90002174,中证500ETF沽12月6750,0.0,0.0,0.0,0.0,20,0.5516,0.5666,20,0.5712,0.5664,0.0,0.0,0.0,0.0,310
2023-05-11 09:30:02,OP90002174,中证500ETF沽12月6750,0.0,0.0,0.0,0.0,20,0.5524,0.5674,20,0.5712,0.5664,0.0,0.0,0.0,0.0,310
2023-05-11 09:30:03,OP90002174,中证500ETF沽12月6750,0.0,0.0,0.0,0.0,20,0.5535,0.5685,20,0.5712,0.5664,0.0,0.0,0.0,0.0,310
2023-05-11 09:30:04,OP90002174,中证500ETF沽12月6750,0.0,0.0,0.0,0.0,20,0.5528,0.5677,20,0.5712,0.5664,0.0,0.0,0.0,0.0,310
2023-05-11 09:30:04,OP90002174,中证500ETF沽12月6750,0.0,0.0,0.0,0.0,20,0.5517,0.5667,20,0.5712,0.5664,0.0,0.0,0.0,0.0,310
2023-05-11 09:30:05,OP90002174,中证500ETF沽12月6750,0.0,0.0,0.0,0.0,20,0.5507,0.5657,20,0.5712,0.5664,0.0,0.0,0.0,0.0,310
2023-05-11 09:30:05,OP90002174,中证500ETF沽12月6750,0.0,0.0,0.0,0.0,20,0.5507,0.5657,20,0.5712,0.5664,0.0,0.0,0.0,0.0,310
2023-05-11 09:30:06,OP90002174,中证500ETF沽12月6750,0.0,0.0,0.0,0.0,20,0.5502,0.5651,20,0.5712,0.5664,0.0,0.0,0.0,0.0,310
2023-05-11 09:30:07,OP90002174,中证500ETF沽12月6750,0.0,0.0,0.0,0.0,20,0.5508,0.5658,20,0.5712,0.5664,0.0,0.0,0.0,0.0,310
2023-05-11 09:30:10,OP90002174,中证500ETF沽12月6750,0.0,0.0,0.0,0.0,20,0.5508,0.5658,20,0.5712,0.5664,0.0,0.0,0.0,0.0,310
2023-05-11 09:30:11,OP90002174,中证500ETF沽12月6750,0.0,0.0,0.0,0.0,20,0.5499,0.5649,20,0.5712,0.5664,0.0,0.0,0.0,0.0,310
2023-05-11 09:30:12,OP90002174,中证500ETF沽12月6750,0.0,0.0,0.0,0.0,20,0.5492,0.5642,20,0.5712,0.5664,0.0,0.0,0.0,0.0,310
2023-05-11 09:30:16,OP90002174,中证500ETF沽12月6750,0.0,0.0,0.0,0.0,20,0.5498,0.5648,20,0.5712,0.5664,0.0,0.0,0.0,0.0,310
2023-05-11 09:30:18,OP90002174,中证500ETF沽12月6750,0.0,0.0,0.0,0.0,20,0.5509,0.5659,20,0.5712,0.5664,0.0,0.0,0.0,0.0,310
2023-05-11 09:30:18,OP90002174,中证500ETF沽12月6750,0.0,0.0,0.0,0.0,20,0.5506,0.565,20,0.5712,0.5664,0.0,0.0,0.0,0.0,310
2023-05-11 09:30:19,OP90002174,中证500ETF沽12月6750,0.0,0.0,0.0,0.0,20,0.55,0.565,20,0.5712,0.5664,0.0,0.0,0.0,0.0,310
2023-05-11 09:30:19,OP90002174,中证500ETF沽12月6750,0.0,0.0,0.0,0.0,20,0.55,0.565,20,0.5712,0.5664,0.0,0.0,0.0,0.0,310
2023-05-11 09:30:20,OP90002174,中证500ETF沽12月6750,0.0,0.0,0.0,0.0,20,0.55,0.565,20,0.5712,0.5664,0.0,0.0,0.0,0.0,310
2023-05-11 09:30:21,OP90002174,中证500ETF沽12月6750,0.0,0.0,0.0,0.0,40,0.5495,0.5642,20,0.5712,0.5664,0.0,0.0,0.0,0.0,310
2023-05-11 09:30:21,OP90002174,中证500ETF沽12月6750,0.0,0.0,0.0,0.0,20,0.5495,0.5642,20,0.5712,0.5664,0.0,0.0,0.0,0.0,310
2023-05-11 09:30:24,OP90002174,中证500ETF沽12月6750,0.0,0.0,0.0,0.0,20,0.5501,0.565,20,0.5712,0.5664,0.0,0.0,0.0,0.0,310
2023-05-11 09:30:24,OP90002174,中证500ETF沽12月6750,0.0,0.0,0.0,0.0,20,0.5501,0.565,20,0.5712,0.5664,0.0,0.0,0.0,0.0,310
2023-05-11 09:30:26,OP90002174,中证500ETF沽12月6750,0.0,0.0,0.0,0.0,20,0.5493,0.5643,20,0.5712,0.5664,0.0,0.0,0.0,0.0,310
2023-05-11 09:30:31,OP90002174,中证500ETF沽12月6750,0.0,0.0,0.0,0.0,20,0.5493,0.5643,20,0.5712,0.5664,0.0,0.0,0.0,0.0,310
2023-05-11 09:30:34,OP90002174,中证500ETF沽12月6750,0.0,0.0,0.0,0.0,20,0.5501,0.565,20,0.5712,0.5664,0.0,0.0,0.0,0.0,310
2023-05-11 09:30:36,OP90002174,中证500ETF沽12月6750,0.0,0.0,0.0,0.0,20,0.5494,0.5643,20,0.5712,0.5664,0.0,0.0,0.0,0.0,310
2023-05-11 09:30:39,OP90002174,中证500ETF沽12月6750,0.0,0.0,0.0,0.0,20,0.5494,0.5643,20,0.5712,0.5664,0.0,0.0,0.0,0.0,310
2023-05-11 09:30:40,OP90002174,中证500ETF沽12月6750,0.0,0.0,0.0,0.0,20,0.5488,0.5638,20,0.5712,0.5664,0.0,0.0,0.0,0.0,310
2023-05-11 09:30:42,OP90002174,中证500ETF沽12月6750,0.0,0.0,0.0,0.0,20,0.5494,0.5643,20,0.5712,0.5664,0.0,0.0,0.0,0.0,310
2023-05-11 09:30:43,OP90002174,中证500ETF沽12月6750,0.0,0.0,0.0,0.0,20,0.5486,0.5636,20,0.5712,0.5664,0.0,0.0,0.0,0.0,310
2023-05-11 09:30:46,OP90002174,中证500ETF沽12月6750,0.0,0.0,0.0,0.0,20,0.5492,0.5642,20,0.5712,0.5664,0.0,0.0,0.0,0.0,310
2023-05-11 09:30:47,OP90002174,中证500ETF沽12月6750,0.0,0.0,0.0,0.0,20,0.55,0.565,20,0.5712,0.5664,0.0,0.0,0.0,0.0,310
2023-05-11 09:30:47,OP90002174,中证500ETF沽12月6750,0.0,0.0,0.0,0.0,20,0.55,0.565,20,0.5712,0.5664,0.0,0.0,0.0,0.0,310
2023-05-11 09:30:48,OP90002174,中证500ETF沽12月6750,0.0,0.0,0.0,0.0,20,0.5506,0.5653,60,0.5712,0.5664,0.0,0.0,0.0,0.0,310
2023-05-11 09:30:49,OP90002174,中证500ETF沽12月6750,0.0,0.0,0.0,0.0,20,0.5506,0.5653,40,0.5712,0.5664,0.0,0.0,0.0,0.0,310
2023-05-11 09:30:49,OP90002174,中证500ETF沽12月6750,0.0,0.0,0.0,0.0,20,0.551,0.5653,20,0.5712,0.5664,0.0,0.0,0.0,0.0,310
2023-05-11 09:30:50,OP90002174,中证500ETF沽12月6750,0.0,0.0,0.0,0.0,20,0.5513,0.5663,20,0.5712,0.5664,0.0,0.0,0.0,0.0,310
2023-05-11 09:30:53,OP90002174,中证500ETF沽12月6750,0.0,0.0,0.0,0.0,40,0.551,0.5656,20,0.5712,0.5664,0.0,0.0,0.0,0.0,310
2023-05-11 09:30:55,OP90002174,中证500ETF沽12月6750,0.0,0.0,0.0,0.0,20,0.5512,0.5662,20,0.5712,0.5664,0.0,0.0,0.0,0.0,310
2023-05-11 09:30:58,OP90002174,中证500ETF沽12月6750,0.0,0.0,0.0,0.0,20,0.552,0.567,20,0.5712,0.5664,0.0,0.0,0.0,0.0,310
2023-05-11 09:30:59,OP90002174,中证500ETF沽12月6750,0.0,0.0,0.0,0.0,20,0.5528,0.5671,60,0.5712,0.5664,0.0,0.0,0.0,0.0,310
2023-05-11 09:31:00,OP90002174,中证500ETF沽12月6750,0.0,0.0,0.0,0.0,40,0.5528,0.5671,60,0.5712,0.5664,0.0,0.0,0.0,0.0,310
2023-05-11 09:31:01,OP90002174,中证500ETF沽12月6750,0.0,0.0,0.0,0.0,20,0.5541,0.5671,40,0.5712,0.5664,0.0,0.0,0.0,0.0,310
2023-05-11 09:31:02,OP90002174,中证500ETF沽12月6750,0.0,0.0,0.0,0.0,40,0.5541,0.5671,20,0.5712,0.5664,0.0,0.0,0.0,0.0,310
2023-05-11 09:31:02,OP90002174,中证500ETF沽12月6750,0.0,0.0,0.0,0.0,40,0.5541,0.5678,60,0.5712,0.5664,0.0,0.0,0.0,0.0,310
2023-05-11 09:31:03,OP90002174,中证500ETF沽12月6750,0.0,0.0,0.0,0.0,40,0.5541,0.5678,60,0.5712,0.5664,0.0,0.0,0.0,0.0,310
2023-05-11 09:31:03,OP90002174,中证500ETF沽12月6750,0.0,0.0,0.0,0.0,40,0.5541,0.5678,60,0.5712,0.5664,0.0,0.0,0.0,0.0,310
2023-05-11 09:31:04,OP90002174,中证500ETF沽12月6750,0.0,0.0,0.0,0.0,40,0.5541,0.5664,20,0.5712,0.5664,0.0,0.0,0.0,0.0,310
2023-05-11 09:31:06,OP90002174,中证500ETF沽12月6750,0.0,0.0,0.0,0.0,20,0.5541,0.5653,20,0.5712,0.5664,0.0,0.0,0.0,0.0,310
2023-05-11 09:31:06,OP90002174,中证500ETF沽12月6750,0.0,0.0,0.0,0.0,20,0.5541,0.5653,40,0.5712,0.5664,0.0,0.0,0.0,0.0,310
2023-05-11 09:31:08,OP90002174,中证500ETF沽12月6750,0.0,0.0,0.0,0.0,20,0.5531,0.5653,40,0.5712,0.5664,0.0,0.0,0.0,0.0,310
2023-05-11 09:31:08,OP90002174,中证500ETF沽12月6750,0.0,0.0,0.0,0.0,20,0.5531,0.5653,60,0.5712,0.5664,0.0,0.0,0.0,0.0,310
2023-05-11 09:31:09,OP90002174,中证500ETF沽12月6750,0.0,0.0,0.0,0.0,20,0.5531,0.5653,60,0.5712,0.5664,0.0,0.0,0.0,0.0,310
2023-05-11 09:31:10,OP90002174,中证500ETF沽12月6750,0.0,0.0,0.0,0.0,70,0.5513,0.5653,60,0.5712,0.5664,0.0,0.0,0.0,0.0,310
2023-05-11 09:31:11,OP90002174,中证500ETF沽12月6750,0.0,0.0,0.0,0.0,60,0.5513,0.5653,60,0.5712,0.5664,0.0,0.0,0.0,0.0,310
2023-05-11 09:31:12,OP90002174,中证500ETF沽12月6750,0.0,0.0,0.0,0.0,40,0.5513,0.5653,60,0.5712,0.5664,0.0,0.0,0.0,0.0,310
2023-05-11 09:31:12,OP90002174,中证500ETF沽12月6750,0.0,0.0,0.0,0.0,20,0.5513,0.5653,60,0.5712,0.5664,0.0,0.0,0.0,0.0,310
2023-05-11 09:31:13,OP90002174,中证500ETF沽12月6750,0.0,0.0,0.0,0.0,20,0.5513,0.5653,60,0.5712,0.5664,0.0,0.0,0.0,0.0,310
2023-05-11 09:31:21,OP90002174,中证500ETF沽12月6750,0.0,0.0,0.0,0.0,20,0.5513,0.5653,60,0.5712,0.5664,0.0,0.0,0.0,0.0,310
2023-05-11 09:31:21,OP90002174,中证500ETF沽12月6750,0.0,0.0,0.0,0.0,20,0.5513,0.5653,60,0.5712,0.5664,0.0,0.0,0.0,0.0,310
2023-05-11 09:31:24,OP90002174,中证500ETF沽12月6750,0.0,0.0,0.0,0.0,20,0.5513,0.5653,40,0.5712,0.5664,0.0,0.0,0.0,0.0,310
2023-05-11 09:31:25,OP90002174,中证500ETF沽12月6750,0.0,0.0,0.0,0.0,20,0.5513,0.5653,20,0.5712,0.5664,0.0,0.0,0.0,0.0,310
2023-05-11 09:31:32,OP90002174,中证500ETF沽12月6750,0.0,0.0,0.0,0.0,20,0.5513,0.5653,20,0.5712,0.5664,0.0,0.0,0.0,0.0,310
2023-05-11 09:31:34,OP90002174,中证500ETF沽12月6750,0.0,0.0,0.0,0.0,30,0.5513,0.5653,20,0.5712,0.5664,0.0,0.0,0.0,0.0,310
2023-05-11 09:31:34,OP90002174,中证500ETF沽12月6750,0.0,0.0,0.0,0.0,30,0.5513,0.5653,20,0.5712,0.5664,0.0,0.0,0.0,0.0,310
2023-05-11 09:31:35,OP90002174,中证500ETF沽12月6750,0.0,0.0,0.0,0.0,10,0.5548,0.565,10,0.5712,0.5664,0.0,0.0,0.0,0.0,310
2023-05-11 09:31:35,OP90002174,中证500ETF沽12月6750,0.0,0.0,0.0,0.0,20,0.5548,0.565,30,0.5712,0.5664,0.0,0.0,0.0,0.0,310
2023-05-11 09:31:37,OP90002174,中证500ETF沽12月6750,0.0,0.0,0.0,0.0,20,0.5548,0.565,30,0.5712,0.5664,0.0,0.0,0.0,0.0,310
2023-05-11 09:31:41,OP90002174,中证500ETF沽12月6750,0.0,0.0,0.0,0.0,20,0.5548,0.565,30,0.5712,0.5664,0.0,0.0,0.0,0.0,310
2023-05-11 09:31:47,OP90002174,中证500ETF沽12月6750,0.0,0.0,0.0,0.0,20,0.5548,0.565,30,0.5712,0.5664,0.0,0.0,0.0,0.0,310
2023-05-11 09:31:47,OP90002174,中证500ETF沽12月6750,0.0,0.0,0.0,0.0,20,0.5548,0.565,30,0.5712,0.5664,0.0,0.0,0.0,0.0,310
2023-05-11 09:31:55,OP90002174,中证500ETF沽12月6750,0.0,0.0,0.0,0.0,20,0.5548,0.565,30,0.5712,0.5664,0.0,0.0,0.0,0.0,310
2023-05-11 09:31:57,OP90002174,中证500ETF沽12月6750,0.0,0.0,0.0,0.0,20,0.5548,0.565,30,0.5712,0.5664,0.0,0.0,0.0,0.0,310
2023-05-11 09:31:58,OP90002174,中证500ETF沽12月6750,0.0,0.0,0.0,0.0,30,0.5548,0.565,30,0.5712,0.5664,0.0,0.0,0.0,0.0,310
2023-05-11 09:31:59,OP90002174,中证500ETF沽12月6750,0.0,0.0,0.0,0.0,30,0.5548,0.565,30,0.5712,0.5664,0.0,0.0,0.0,0.0,310
2023-05-11 09:31:59,OP90002174,中证500ETF沽12月6750,0.0,0.0,0.0,0.0,20,0.5548,0.565,30,0.5712,0.5664,0.0,0.0,0.0,0.0,310
2023-05-11 09:32:00,OP90002174,中证500ETF沽12月6750,0.0,0.0,0.0,0.0,10,0.5549,0.565,30,0.5712,0.5664,0.0,0.0,0.0,0.0,310
2023-05-11 09:32:00,OP90002174,中证500ETF沽12月6750,0.0,0.0,0.0,0.0,40,0.5549,0.565,50,0.5712,0.5664,0.0,0.0,0.0,0.0,310
2023-05-11 09:32:01,OP90002174,中证500ETF沽12月6750,0.0,0.0,0.0,0.0,40,0.5549,0.565,50,0.5712,0.5664,0.0,0.0,0.0,0.0,310
2023-05-11 09:32:02,OP90002174,中证500ETF沽12月6750,0.0,0.0,0.0,0.0,30,0.5549,0.5645,10,0.5712,0.5664,0.0,0.0,0.0,0.0,310
2023-05-11 09:32:03,OP90002174,中证500ETF沽12月6750,0.0,0.0,0.0,0.0,30,0.5549,0.5645,10,0.5712,0.5664,0.0,0.0,0.0,0.0,310
2023-05-11 09:32:04,OP90002174,中证500ETF沽12月6750,0.0,0.0,0.0,0.0,30,0.5549,0.565,70,0.5712,0.5664,0.0,0.0,0.0,0.0,310
2023-05-11 09:32:05,OP90002174,中证500ETF沽12月6750,0.0,0.0,0.0,0.0,30,0.5549,0.5649,10,0.5712,0.5664,0.0,0.0,0.0,0.0,310
2023-05-11 09:32:05,OP90002174,中证500ETF沽12月6750,0.0,0.0,0.0,0.0,30,0.5549,0.5649,10,0.5712,0.5664,0.0,0.0,0.0,0.0,310
2023-05-11 09:32:06,OP90002174,中证500ETF沽12月6750,0.0,0.0,0.0,0.0,30,0.5549,0.565,70,0.5712,0.5664,0.0,0.0,0.0,0.0,310
2023-05-11 09:32:06,OP90002174,中证500ETF沽12月6750,0.0,0.0,0.0,0.0,30,0.5549,0.5647,10,0.5712,0.5664,0.0,0.0,0.0,0.0,310
2023-05-11 09:32:07,OP90002174,中证500ETF沽12月6750,0.0,0.0,0.0,0.0,30,0.5549,0.5647,10,0.5712,0.5664,0.0,0.0,0.0,0.0,310
2023-05-11 09:32:07,OP90002174,中证500ETF沽12月6750,0.0,0.0,0.0,0.0,20,0.5549,0.565,70,0.5712,0.5664,0.0,0.0,0.0,0.0,310
2023-05-11 09:32:08,OP90002174,中证500ETF沽12月6750,0.0,0.0,0.0,0.0,20,0.5549,0.5643,10,0.5712,0.5664,0.0,0.0,0.0,0.0,310
2023-05-11 09:32:08,OP90002174,中证500ETF沽12月6750,0.0,0.0,0.0,0.0,20,0.5549,0.565,70,0.5712,0.5664,0.0,0.0,0.0,0.0,310
2023-05-11 09:32:09,OP90002174,中证500ETF沽12月6750,0.0,0.0,0.0,0.0,20,0.5549,0.5644,10,0.5712,0.5664,0.0,0.0,0.0,0.0,310
2023-05-11 09:32:09,OP90002174,中证500ETF沽12月6750,0.0,0.0,0.0,0.0,20,0.5549,0.565,70,0.5712,0.5664,0.0,0.0,0.0,0.0,310
2023-05-11 09:32:10,OP90002174,中证500ETF沽12月6750,0.0,0.0,0.0,0.0,20,0.5549,0.5642,10,0.5712,0.5664,0.0,0.0,0.0,0.0,310
2023-05-11 09:32:10,OP90002174,中证500ETF沽12月6750,0.0,0.0,0.0,0.0,20,0.5549,0.5642,10,0.5712,0.5664,0.0,0.0,0.0,0.0,310
2023-05-11 09:32:11,OP90002174,中证500ETF沽12月6750,0.0,0.0,0.0,0.0,20,0.5549,0.565,70,0.5712,0.5664,0.0,0.0,0.0,0.0,310
2023-05-11 09:32:11,OP90002174,中证500ETF沽12月6750,0.0,0.0,0.0,0.0,20,0.5549,0.5642,10,0.5712,0.5664,0.0,0.0,0.0,0.0,310
2023-05-11 09:32:12,OP90002174,中证500ETF沽12月6750,0.0,0.0,0.0,0.0,20,0.5549,0.565,70,0.5712,0.5664,0.0,0.0,0.0,0.0,310
2023-05-11 09:32:12,OP90002174,中证500ETF沽12月6750,0.0,0.0,0.0,0.0,20,0.5549,0.565,70,0.5712,0.5664,0.0,0.0,0.0,0.0,310
2023-05-11 09:32:13,OP90002174,中证500ETF沽12月6750,0.0,0.0,0.0,0.0,20,0.5549,0.565,70,0.5712,0.5664,0.0,0.0,0.0,0.0,310
2023-05-11 09:32:13,OP90002174,中证500ETF沽12月6750,0.0,0.0,0.0,0.0,20,0.5549,0.565,70,0.5712,0.5664,0.0,0.0,0.0,0.0,310
2023-05-11 09:32:16,OP90002174,中证500ETF沽12月6750,0.0,0.0,0.0,0.0,30,0.5549,0.565,70,0.5712,0.5664,0.0,0.0,0.0,0.0,310
2023-05-11 09:32:17,OP90002174,中证500ETF沽12月6750,0.0,0.0,0.0,0.0,30,0.5549,0.565,70,0.5712,0.5664,0.0,0.0,0.0,0.0,310
2023-05-11 09:32:17,OP90002174,中证500ETF沽12月6750,0.0,0.0,0.0,0.0,30,0.5549,0.565,70,0.5712,0.5664,0.0,0.0,0.0,0.0,310
2023-05-11 09:32:22,OP90002174,中证500ETF沽12月6750,0.0,0.0,0.0,0.0,30,0.5549,0.565,50,0.5712,0.5664,0.0,0.0,0.0,0.0,310
2023-05-11 09:32:22,OP90002174,中证500ETF沽12月6750,0.0,0.0,0.0,0.0,30,0.5549,0.565,30,0.5712,0.5664,0.0,0.0,0.0,0.0,310
2023-05-11 09:32:34,OP90002174,中证500ETF沽12月6750,0.0,0.0,0.0,0.0,30,0.5549,0.565,30,0.5712,0.5664,0.0,0.0,0.0,0.0,310
2023-05-11 09:32:35,OP90002174,中证500ETF沽12月6750,0.0,0.0,0.0,0.0,30,0.5549,0.565,30,0.5712,0.5664,0.0,0.0,0.0,0.0,310
2023-05-11 09:32:35,OP90002174,中证500ETF沽12月6750,0.0,0.0,0.0,0.0,10,0.556,0.565,30,0.5712,0.5664,0.0,0.0,0.0,0.0,310
2023-05-11 09:32:36,OP90002174,中证500ETF沽12月6750,0.0,0.0,0.0,0.0,10,0.556,0.565,30,0.5712,0.5664,0.0,0.0,0.0,0.0,310
2023-05-11 09:32:36,OP90002174,中证500ETF沽12月6750,0.0,0.0,0.0,0.0,30,0.556,0.565,30,0.5712,0.5664,0.0,0.0,0.0,0.0,310
2023-05-11 09:32:37,OP90002174,中证500ETF沽12月6750,0.0,0.0,0.0,0.0,10,0.5566,0.565,30,0.5712,0.5664,0.0,0.0,0.0,0.0,310
2023-05-11 09:32:37,OP90002174,中证500ETF沽12月6750,0.0,0.0,0.0,0.0,20,0.5566,0.565,30,0.5712,0.5664,0.0,0.0,0.0,0.0,310
2023-05-11 09:32:38,OP90002174,中证500ETF沽12月6750,0.0,0.0,0.0,0.0,20,0.5566,0.565,30,0.5712,0.5664,0.0,0.0,0.0,0.0,310
2023-05-11 09:32:38,OP90002174,中证500ETF沽12月6750,0.0,0.0,0.0,0.0,30,0.5566,0.565,30,0.5712,0.5664,0.0,0.0,0.0,0.0,310
2023-05-11 09:32:52,OP90002174,中证500ETF沽12月6750,0.0,0.0,0.0,0.0,20,0.5566,0.565,30,0.5712,0.5664,0.0,0.0,0.0,0.0,310
2023-05-11 09:32:53,OP90002174,中证500ETF沽12月6750,0.0,0.0,0.0,0.0,20,0.5566,0.565,30,0.5712,0.5664,0.0,0.0,0.0,0.0,310
2023-05-11 09:32:58,OP90002174,中证500ETF沽12月6750,0.0,0.0,0.0,0.0,20,0.5566,0.565,30,0.5712,0.5664,0.0,0.0,0.0,0.0,310
2023-05-11 09:33:01,OP90002174,中证500ETF沽12月6750,0.0,0.0,0.0,0.0,20,0.5578,0.5635,20,0.5712,0.5664,0.0,0.0,0.0,0.0,310
2023-05-11 09:33:02,OP90002174,中证500ETF沽12月6750,0.0,0.0,0.0,0.0,40,0.5578,0.5635,40,0.5712,0.5664,0.0,0.0,0.0,0.0,310
2023-05-11 09:33:03,OP90002174,中证500ETF沽12月6750,0.0,0.0,0.0,0.0,40,0.5578,0.5635,40,0.5712,0.5664,0.0,0.0,0.0,0.0,310
2023-05-11 09:33:04,OP90002174,中证500ETF沽12月6750,0.0,0.0,0.0,0.0,40,0.5578,0.5635,40,0.5712,0.5664,0.0,0.0,0.0,0.0,310
2023-05-11 09:33:04,OP90002174,中证500ETF沽12月6750,0.0,0.0,0.0,0.0,40,0.5578,0.5635,40,0.5712,0.5664,0.0,0.0,0.0,0.0,310
2023-05-11 09:33:05,OP90002174,中证500ETF沽12月6750,0.0,0.0,0.0,0.0,40,0.5578,0.5635,40,0.5712,0.5664,0.0,0.0,0.0,0.0,310
2023-05-11 09:33:07,OP90002174,中证500ETF沽12月6750,0.0,0.0,0.0,0.0,40,0.5578,0.5635,40,0.5712,0.5664,0.0,0.0,0.0,0.0,310
2023-05-11 09:33:12,OP90002174,中证500ETF沽12月6750,0.0,0.0,0.0,0.0,20,0.559,0.5635,20,0.5712,0.5664,0.0,0.0,0.0,0.0,310
2023-05-11 09:33:12,OP90002174,中证500ETF沽12月6750,0.0,0.0,0.0,0.0,40,0.559,0.5634,15,0.5712,0.5664,0.0,0.0,0.0,0.0,310
2023-05-11 09:33:13,OP90002174,中证500ETF沽12月6750,0.0,0.0,0.0,0.0,40,0.559,0.5634,15,0.5712,0.5664,0.0,0.0,0.0,0.0,310
2023-05-11 09:33:13,OP90002174,中证500ETF沽12月6750,0.0,0.0,0.0,0.0,40,0.559,0.5634,15,0.5712,0.5664,0.0,0.0,0.0,0.0,310
2023-05-11 09:33:16,OP90002174,中证500ETF沽12月6750,0.0,0.0,0.0,0.0,40,0.559,0.5634,15,0.5712,0.5664,0.0,0.0,0.0,0.0,310
2023-05-11 09:33:20,OP90002174,中证500ETF沽12月6750,0.0,0.0,0.0,0.0,40,0.559,0.5634,15,0.5712,0.5664,0.0,0.0,0.0,0.0,310
2023-05-11 09:33:21,OP90002174,中证500ETF沽12月6750,0.0,0.0,0.0,0.0,20,0.559,0.5634,35,0.5712,0.5664,0.0,0.0,0.0,0.0,310
2023-05-11 09:33:21,OP90002174,中证500ETF沽12月6750,0.0,0.0,0.0,0.0,20,0.559,0.5634,35,0.5712,0.5664,0.0,0.0,0.0,0.0,310
2023-05-11 09:33:22,OP90002174,中证500ETF沽12月6750,0.0,0.0,0.0,0.0,20,0.559,0.5634,35,0.5712,0.5664,0.0,0.0,0.0,0.0,310
2023-05-11 09:33:23,OP90002174,中证500ETF沽12月6750,0.0,0.0,0.0,0.0,20,0.559,0.5634,35,0.5712,0.5664,0.0,0.0,0.0,0.0,310
2023-05-11 09:33:26,OP90002174,中证500ETF沽12月6750,0.0,0.0,0.0,0.0,20,0.559,0.5634,35,0.5712,0.5664,0.0,0.0,0.0,0.0,310
2023-05-11 09:33:28,OP90002174,中证500ETF沽12月6750,0.0,0.0,0.0,0.0,20,0.559,0.5634,35,0.5712,0.5664,0.0,0.0,0.0,0.0,310
2023-05-11 09:33:31,OP90002174,中证500ETF沽12月6750,0.0,0.0,0.0,0.0,20,0.559,0.5634,20,0.5712,0.5664,0.0,0.0,0.0,0.0,310
2023-05-11 09:33:32,OP90002174,中证500ETF沽12月6750,0.0,0.0,0.0,0.0,40,0.559,0.5647,40,0.5712,0.5664,0.0,0.0,0.0,0.0,310
2023-05-11 09:33:32,OP90002174,中证500ETF沽12月6750,0.0,0.0,0.0,0.0,40,0.559,0.5647,40,0.5712,0.5664,0.0,0.0,0.0,0.0,310
2023-05-11 09:33:33,OP90002174,中证500ETF沽12月6750,0.0,0.0,0.0,0.0,40,0.559,0.5647,40,0.5712,0.5664,0.0,0.0,0.0,0.0,310
2023-05-11 09:33:34,OP90002174,中证500ETF沽12月6750,0.0,0.0,0.0,0.0,40,0.559,0.5647,40,0.5712,0.5664,0.0,0.0,0.0,0.0,310
2023-05-11 09:33:37,OP90002174,中证500ETF沽12月6750,0.0,0.0,0.0,0.0,20,0.559,0.5647,40,0.5712,0.5664,0.0,0.0,0.0,0.0,310
2023-05-11 09:33:37,OP90002174,中证500ETF沽12月6750,0.0,0.0,0.0,0.0,20,0.559,0.5647,40,0.5712,0.5664,0.0,0.0,0.0,0.0,310
2023-05-11 09:33:41,OP90002174,中证500ETF沽12月6750,0.0,0.0,0.0,0.0,20,0.559,0.5647,40,0.5712,0.5664,0.0,0.0,0.0,0.0,310
2023-05-11 09:33:44,OP90002174,中证500ETF沽12月6750,0.0,0.0,0.0,0.0,20,0.5581,0.5636,20,0.5712,0.5664,0.0,0.0,0.0,0.0,310
2023-05-11 09:33:44,OP90002174,中证500ETF沽12月6750,0.0,0.0,0.0,0.0,40,0.5579,0.5636,40,0.5712,0.5664,0.0,0.0,0.0,0.0,310
2023-05-11 09:33:47,OP90002174,中证500ETF沽12月6750,0.0,0.0,0.0,0.0,40,0.5579,0.5636,40,0.5712,0.5664,0.0,0.0,0.0,0.0,310
2023-05-11 09:33:53,OP90002174,中证500ETF沽12月6750,0.0,0.0,0.0,0.0,40,0.5579,0.5636,40,0.5712,0.5664,0.0,0.0,0.0,0.0,310
2023-05-11 09:33:58,OP90002174,中证500ETF沽12月6750,0.0,0.0,0.0,0.0,20,0.559,0.5636,20,0.5712,0.5664,0.0,0.0,0.0,0.0,310
2023-05-11 09:33:59,OP90002174,中证500ETF沽12月6750,0.0,0.0,0.0,0.0,20,0.559,0.5635,15,0.5712,0.5664,0.0,0.0,0.0,0.0,310
2023-05-11 09:33:59,OP90002174,中证500ETF沽12月6750,0.0,0.0,0.0,0.0,20,0.559,0.5635,35,0.5712,0.5664,0.0,0.0,0.0,0.0,310
2023-05-11 09:34:01,OP90002174,中证500ETF沽12月6750,0.0,0.0,0.0,0.0,20,0.5579,0.5633,20,0.5712,0.5664,0.0,0.0,0.0,0.0,310
2023-05-11 09:34:02,OP90002174,中证500ETF沽12月6750,0.0,0.0,0.0,0.0,20,0.5579,0.5633,20,0.5712,0.5664,0.0,0.0,0.0,0.0,310
2023-05-11 09:34:03,OP90002174,中证500ETF沽12月6750,0.0,0.0,0.0,0.0,20,0.5579,0.5633,20,0.5712,0.5664,0.0,0.0,0.0,0.0,310
2023-05-11 09:34:04,OP90002174,中证500ETF沽12月6750,0.0,0.0,0.0,0.0,20,0.5579,0.5633,20,0.5712,0.5664,0.0,0.0,0.0,0.0,310
2023-05-11 09:34:14,OP90002174,中证500ETF沽12月6750,0.0,0.0,0.0,0.0,20,0.5579,0.5633,20,0.5712,0.5664,0.0,0.0,0.0,0.0,310
2023-05-11 09:34:31,OP90002174,中证500ETF沽12月6750,0.0,0.0,0.0,0.0,20,0.5579,0.5633,20,0.5712,0.5664,0.0,0.0,0.0,0.0,310
2023-05-11 09:34:33,OP90002174,中证500ETF沽12月6750,0.0,0.0,0.0,0.0,20,0.5579,0.5633,20,0.5712,0.5664,0.0,0.0,0.0,0.0,310
2023-05-11 09:34:35,OP90002174,中证500ETF沽12月6750,0.0,0.0,0.0,0.0,20,0.5579,0.5633,20,0.5712,0.5664,0.0,0.0,0.0,0.0,310
2023-05-11 09:34:38,OP90002174,中证500ETF沽12月6750,0.0,0.0,0.0,0.0,20,0.5579,0.5633,20,0.5712,0.5664,0.0,0.0,0.0,0.0,310
2023-05-11 09:34:40,OP90002174,中证500ETF沽12月6750,0.0,0.0,0.0,0.0,20,0.5579,0.5633,20,0.5712,0.5664,0.0,0.0,0.0,0.0,310
2023-05-11 09:34:41,OP90002174,中证500ETF沽12月6750,0.0,0.0,0.0,0.0,20,0.5579,0.5633,20,0.5712,0.5664,0.0,0.0,0.0,0.0,310
2023-05-11 09:34:42,OP90002174,中证500ETF沽12月6750,0.0,0.0,0.0,0.0,20,0.5579,0.5633,20,0.5712,0.5664,0.0,0.0,0.0,0.0,310
2023-05-11 09:34:47,OP90002174,中证500ETF沽12月6750,0.0,0.0,0.0,0.0,20,0.5579,0.5633,20,0.5712,0.5664,0.0,0.0,0.0,0.0,310
2023-05-11 09:34:49,OP90002174,中证500ETF沽12月6750,0.0,0.0,0.0,0.0,20,0.5579,0.5633,20,0.5712,0.5664,0.0,0.0,0.0,0.0,310
2023-05-11 09:34:51,OP90002174,中证500ETF沽12月6750,0.0,0.0,0.0,0.0,20,0.5589,0.5635,20,0.5712,0.5664,0.0,0.0,0.0,0.0,310
2023-05-11 09:34:52,OP90002174,中证500ETF沽12月6750,0.0,0.0,0.0,0.0,40,0.5589,0.5634,15,0.5712,0.5664,0.0,0.0,0.0,0.0,310
2023-05-11 09:34:52,OP90002174,中证500ETF沽12月6750,0.0,0.0,0.0,0.0,40,0.5589,0.5634,35,0.5712,0.5664,0.0,0.0,0.0,0.0,310
2023-05-11 09:34:54,OP90002174,中证500ETF沽12月6750,0.0,0.0,0.0,0.0,40,0.5589,0.5634,35,0.5712,0.5664,0.0,0.0,0.0,0.0,310
2023-05-11 09:34:56,OP90002174,中证500ETF沽12月6750,0.0,0.0,0.0,0.0,40,0.5589,0.5634,35,0.5712,0.5664,0.0,0.0,0.0,0.0,310
2023-05-11 09:35:01,OP90002174,中证500ETF沽12月6750,0.0,0.0,0.0,0.0,40,0.5589,0.5634,20,0.5712,0.5664,0.0,0.0,0.0,0.0,310
2023-05-11 09:35:02,OP90002174,中证500ETF沽12月6750,0.0,0.0,0.0,0.0,20,0.5602,0.5644,20,0.5712,0.5664,0.0,0.0,0.0,0.0,310
2023-05-11 09:35:02,OP90002174,中证500ETF沽12月6750,0.0,0.0,0.0,0.0,40,0.5602,0.5643,15,0.5712,0.5664,0.0,0.0,0.0,0.0,310
2023-05-11 09:35:03,OP90002174,中证500ETF沽12月6750,0.0,0.0,0.0,0.0,40,0.5602,0.5643,15,0.5712,0.5664,0.0,0.0,0.0,0.0,310
2023-05-11 09:35:03,OP90002174,中证500ETF沽12月6750,0.0,0.0,0.0,0.0,40,0.5602,0.5643,15,0.5712,0.5664,0.0,0.0,0.0,0.0,310
2023-05-11 09:35:04,OP90002174,中证500ETF沽12月6750,0.0,0.0,0.0,0.0,40,0.5602,0.565,20,0.5712,0.5664,0.0,0.0,0.0,0.0,310
2023-05-11 09:35:04,OP90002174,中证500ETF沽12月6750,0.0,0.0,0.0,0.0,40,0.5602,0.5649,15,0.5712,0.5664,0.0,0.0,0.0,0.0,310
2023-05-11 09:35:05,OP90002174,中证500ETF沽12月6750,0.0,0.0,0.0,0.0,40,0.5602,0.5649,15,0.5712,0.5664,0.0,0.0,0.0,0.0,310
2023-05-11 09:35:05,OP90002174,中证500ETF沽12月6750,0.0,0.0,0.0,0.0,40,0.5602,0.5649,15,0.5712,0.5664,0.0,0.0,0.0,0.0,310
2023-05-11 09:35:06,OP90002174,中证500ETF沽12月6750,0.0,0.0,0.0,0.0,20,0.5613,0.5656,20,0.5712,0.5664,0.0,0.0,0.0,0.0,310
2023-05-11 09:35:06,OP90002174,中证500ETF沽12月6750,0.0,0.0,0.0,0.0,40,0.5613,0.5655,15,0.5712,0.5664,0.0,0.0,0.0,0.0,310
2023-05-11 09:35:07,OP90002174,中证500ETF沽12月6750,0.0,0.0,0.0,0.0,40,0.5613,0.5661,30,0.5712,0.5664,0.0,0.0,0.0,0.0,310
2023-05-11 09:35:07,OP90002174,中证500ETF沽12月6750,0.0,0.0,0.0,0.0,60,0.5613,0.566,15,0.5712,0.5664,0.0,0.0,0.0,0.0,310
2023-05-11 09:35:08,OP90002174,中证500ETF沽12月6750,0.0,0.0,0.0,0.0,60,0.5613,0.566,15,0.5712,0.5664,0.0,0.0,0.0,0.0,310
2023-05-11 09:35:08,OP90002174,中证500ETF沽12月6750,0.0,0.0,0.0,0.0,60,0.5613,0.566,15,0.5712,0.5664,0.0,0.0,0.0,0.0,310
2023-05-11 09:35:09,OP90002174,中证500ETF沽12月6750,0.0,0.0,0.0,0.0,60,0.5613,0.566,15,0.5712,0.5664,0.0,0.0,0.0,0.0,310
2023-05-11 09:35:10,OP90002174,中证500ETF沽12月6750,0.0,0.0,0.0,0.0,40,0.5613,0.566,15,0.5712,0.5664,0.0,0.0,0.0,0.0,310
2023-05-11 09:35:10,OP90002174,中证500ETF沽12月6750,0.0,0.0,0.0,0.0,20,0.5613,0.5651,20,0.5712,0.5664,0.0,0.0,0.0,0.0,310
2023-05-11 09:35:11,OP90002174,中证500ETF沽12月6750,0.0,0.0,0.0,0.0,20,0.561,0.5651,40,0.5712,0.5664,0.0,0.0,0.0,0.0,310
2023-05-11 09:35:11,OP90002174,中证500ETF沽12月6750,0.0,0.0,0.0,0.0,10,0.5606,0.5651,40,0.5712,0.5664,0.0,0.0,0.0,0.0,310
2023-05-11 09:35:12,OP90002174,中证500ETF沽12月6750,0.0,0.0,0.0,0.0,10,0.5606,0.5651,40,0.5712,0.5664,0.0,0.0,0.0,0.0,310
2023-05-11 09:35:12,OP90002174,中证500ETF沽12月6750,0.0,0.0,0.0,0.0,20,0.5603,0.5651,40,0.5712,0.5664,0.0,0.0,0.0,0.0,310
2023-05-11 09:35:13,OP90002174,中证500ETF沽12月6750,0.0,0.0,0.0,0.0,20,0.5603,0.5651,40,0.5712,0.5664,0.0,0.0,0.0,0.0,310
2023-05-11 09:35:14,OP90002174,中证500ETF沽12月6750,0.0,0.0,0.0,0.0,20,0.56,0.5651,40,0.5712,0.5664,0.0,0.0,0.0,0.0,310
2023-05-11 09:35:15,OP90002174,中证500ETF沽12月6750,0.0,0.0,0.0,0.0,10,0.5599,0.5651,40,0.5712,0.5664,0.0,0.0,0.0,0.0,310
2023-05-11 09:35:15,OP90002174,中证500ETF沽12月6750,0.0,0.0,0.0,0.0,20,0.5597,0.5651,40,0.5712,0.5664,0.0,0.0,0.0,0.0,310
2023-05-11 09:35:16,OP90002174,中证500ETF沽12月6750,0.0,0.0,0.0,0.0,20,0.5597,0.5651,40,0.5712,0.5664,0.0,0.0,0.0,0.0,310
2023-05-11 09:35:17,OP90002174,中证500ETF沽12月6750,0.0,0.0,0.0,0.0,20,0.5597,0.5651,40,0.5712,0.5664,0.0,0.0,0.0,0.0,310
2023-05-11 09:35:21,OP90002174,中证500ETF沽12月6750,0.0,0.0,0.0,0.0,20,0.5611,0.5651,20,0.5712,0.5664,0.0,0.0,0.0,0.0,310
2023-05-11 09:35:22,OP90002174,中证500ETF沽12月6750,0.0,0.0,0.0,0.0,20,0.5611,0.565,35,0.5712,0.5664,0.0,0.0,0.0,0.0,310
2023-05-11 09:35:24,OP90002174,中证500ETF沽12月6750,0.0,0.0,0.0,0.0,20,0.5611,0.565,20,0.5712,0.5664,0.0,0.0,0.0,0.0,310
2023-05-11 09:35:25,OP90002174,中证500ETF沽12月6750,0.0,0.0,0.0,0.0,40,0.5611,0.5666,40,0.5712,0.5664,0.0,0.0,0.0,0.0,310
2023-05-11 09:35:25,OP90002174,中证500ETF沽12月6750,0.0,0.0,0.0,0.0,40,0.5611,0.5666,40,0.5712,0.5664,0.0,0.0,0.0,0.0,310
2023-05-11 09:35:26,OP90002174,中证500ETF沽12月6750,0.0,0.0,0.0,0.0,40,0.5611,0.5666,40,0.5712,0.5664,0.0,0.0,0.0,0.0,310
2023-05-11 09:35:27,OP90002174,中证500ETF沽12月6750,0.0,0.0,0.0,0.0,40,0.5611,0.5666,40,0.5712,0.5664,0.0,0.0,0.0,0.0,310
2023-05-11 09:35:28,OP90002174,中证500ETF沽12月6750,0.0,0.0,0.0,0.0,40,0.5611,0.5666,40,0.5712,0.5664,0.0,0.0,0.0,0.0,310
2023-05-11 09:35:30,OP90002174,中证500ETF沽12月6750,0.0,0.0,0.0,0.0,40,0.5611,0.5666,40,0.5712,0.5664,0.0,0.0,0.0,0.0,310
2023-05-11 09:35:37,OP90002174,中证500ETF沽12月6750,0.0,0.0,0.0,0.0,40,0.5611,0.5666,40,0.5712,0.5664,0.0,0.0,0.0,0.0,310
2023-05-11 09:35:38,OP90002174,中证500ETF沽12月6750,0.0,0.0,0.0,0.0,20,0.5624,0.5666,20,0.5712,0.5664,0.0,0.0,0.0,0.0,310
2023-05-11 09:35:39,OP90002174,中证500ETF沽12月6750,0.0,0.0,0.0,0.0,60,0.5624,0.5665,15,0.5712,0.5664,0.0,0.0,0.0,0.0,310
2023-05-11 09:35:39,OP90002174,中证500ETF沽12月6750,0.0,0.0,0.0,0.0,60,0.5624,0.5665,15,0.5712,0.5664,0.0,0.0,0.0,0.0,310
2023-05-11 09:35:40,OP90002174,中证500ETF沽12月6750,0.0,0.0,0.0,0.0,60,0.5624,0.5668,20,0.5712,0.5664,0.0,0.0,0.0,0.0,310
2023-05-11 09:35:40,OP90002174,中证500ETF沽12月6750,0.0,0.0,0.0,0.0,60,0.5624,0.5675,30,0.5712,0.5664,0.0,0.0,0.0,0.0,310
2023-05-11 09:35:41,OP90002174,中证500ETF沽12月6750,0.0,0.0,0.0,0.0,60,0.5624,0.5674,15,0.5712,0.5664,0.0,0.0,0.0,0.0,310
2023-05-11 09:35:41,OP90002174,中证500ETF沽12月6750,0.0,0.0,0.0,0.0,60,0.5624,0.5674,15,0.5712,0.5664,0.0,0.0,0.0,0.0,310
2023-05-11 09:35:42,OP90002174,中证500ETF沽12月6750,0.0,0.0,0.0,0.0,60,0.5624,0.5674,15,0.5712,0.5664,0.0,0.0,0.0,0.0,310
2023-05-11 09:35:43,OP90002174,中证500ETF沽12月6750,0.0,0.0,0.0,0.0,70,0.5624,0.5674,15,0.5712,0.5664,0.0,0.0,0.0,0.0,310
2023-05-11 09:35:45,OP90002174,中证500ETF沽12月6750,0.0,0.0,0.0,0.0,70,0.5624,0.5674,15,0.5712,0.5664,0.0,0.0,0.0,0.0,310
2023-05-11 09:35:47,OP90002174,中证500ETF沽12月6750,0.0,0.0,0.0,0.0,50,0.5624,0.5674,15,0.5712,0.5664,0.0,0.0,0.0,0.0,310
2023-05-11 09:35:48,OP90002174,中证500ETF沽12月6750,0.0,0.0,0.0,0.0,50,0.5624,0.5674,15,0.5712,0.5664,0.0,0.0,0.0,0.0,310
2023-05-11 09:35:48,OP90002174,中证500ETF沽12月6750,0.0,0.0,0.0,0.0,40,0.5624,0.5674,15,0.5712,0.5664,0.0,0.0,0.0,0.0,310
2023-05-11 09:35:49,OP90002174,中证500ETF沽12月6750,0.0,0.0,0.0,0.0,10,0.5622,0.5666,20,0.5712,0.5664,0.0,0.0,0.0,0.0,310
2023-05-11 09:35:49,OP90002174,中证500ETF沽12月6750,0.0,0.0,0.0,0.0,30,0.562,0.5666,40,0.5712,0.5664,0.0,0.0,0.0,0.0,310
2023-05-11 09:35:50,OP90002174,中证500ETF沽12月6750,0.0,0.0,0.0,0.0,20,0.562,0.5666,40,0.5712,0.5664,0.0,0.0,0.0,0.0,310
2023-05-11 09:35:51,OP90002174,中证500ETF沽12月6750,0.0,0.0,0.0,0.0,20,0.5615,0.5666,40,0.5712,0.5664,0.0,0.0,0.0,0.0,310
2023-05-11 09:35:51,OP90002174,中证500ETF沽12月6750,0.0,0.0,0.0,0.0,10,0.5615,0.5666,40,0.5712,0.5664,0.0,0.0,0.0,0.0,310
2023-05-11 09:35:52,OP90002174,中证500ETF沽12月6750,0.0,0.0,0.0,0.0,10,0.5615,0.5666,40,0.5712,0.5664,0.0,0.0,0.0,0.0,310
2023-05-11 09:35:52,OP90002174,中证500ETF沽12月6750,0.0,0.0,0.0,0.0,10,0.5614,0.5666,40,0.5712,0.5664,0.0,0.0,0.0,0.0,310
2023-05-11 09:35:53,OP90002174,中证500ETF沽12月6750,0.0,0.0,0.0,0.0,20,0.5612,0.5666,40,0.5712,0.5664,0.0,0.0,0.0,0.0,310
2023-05-11 09:35:54,OP90002174,中证500ETF沽12月6750,0.0,0.0,0.0,0.0,30,0.5611,0.5666,40,0.5712,0.5664,0.0,0.0,0.0,0.0,310
2023-05-11 09:35:54,OP90002174,中证500ETF沽12月6750,0.0,0.0,0.0,0.0,30,0.5611,0.5666,40,0.5712,0.5664,0.0,0.0,0.0,0.0,310
2023-05-11 09:35:55,OP90002174,中证500ETF沽12月6750,0.0,0.0,0.0,0.0,50,0.5611,0.5666,40,0.5712,0.5664,0.0,0.0,0.0,0.0,310
2023-05-11 09:35:55,OP90002174,中证500ETF沽12月6750,0.0,0.0,0.0,0.0,40,0.5611,0.5666,40,0.5712,0.5664,0.0,0.0,0.0,0.0,310
2023-05-11 09:35:56,OP90002174,中证500ETF沽12月6750,0.0,0.0,0.0,0.0,40,0.5611,0.5666,40,0.5712,0.5664,0.0,0.0,0.0,0.0,310
2023-05-11 09:35:57,OP90002174,中证500ETF沽12月6750,0.0,0.0,0.0,0.0,20,0.5622,0.5666,20,0.5712,0.5664,0.0,0.0,0.0,0.0,310
2023-05-11 09:35:58,OP90002174,中证500ETF沽12月6750,0.0,0.0,0.0,0.0,20,0.5622,0.5665,15,0.5712,0.5664,0.0,0.0,0.0,0.0,310
2023-05-11 09:35:58,OP90002174,中证500ETF沽12月6750,0.0,0.0,0.0,0.0,40,0.5622,0.5665,35,0.5712,0.5664,0.0,0.0,0.0,0.0,310
2023-05-11 09:35:59,OP90002174,中证500ETF沽12月6750,0.0,0.0,0.0,0.0,40,0.5622,0.5665,35,0.5712,0.5664,0.0,0.0,0.0,0.0,310
2023-05-11 09:35:59,OP90002174,中证500ETF沽12月6750,0.0,0.0,0.0,0.0,40,0.5622,0.5665,35,0.5712,0.5664,0.0,0.0,0.0,0.0,310
2023-05-11 09:36:00,OP90002174,中证500ETF沽12月6750,0.0,0.0,0.0,0.0,40,0.5622,0.5665,35,0.5712,0.5664,0.0,0.0,0.0,0.0,310
2023-05-11 09:36:01,OP90002174,中证500ETF沽12月6750,0.0,0.0,0.0,0.0,40,0.5622,0.5665,20,0.5712,0.5664,0.0,0.0,0.0,0.0,310
2023-05-11 09:36:01,OP90002174,中证500ETF沽12月6750,0.0,0.0,0.0,0.0,40,0.5622,0.5665,15,0.5712,0.5664,0.0,0.0,0.0,0.0,310
2023-05-11 09:36:02,OP90002174,中证500ETF沽12月6750,0.0,0.0,0.0,0.0,40,0.5622,0.5665,15,0.5712,0.5664,0.0,0.0,0.0,0.0,310
2023-05-11 09:36:03,OP90002174,中证500ETF沽12月6750,0.0,0.0,0.0,0.0,50,0.5622,0.5665,15,0.5712,0.5664,0.0,0.0,0.0,0.0,310
2023-05-11 09:36:05,OP90002174,中证500ETF沽12月6750,0.0,0.0,0.0,0.0,40,0.5622,0.5665,15,0.5712,0.5664,0.0,0.0,0.0,0.0,310
2023-05-11 09:36:06,OP90002174,中证500ETF沽12月6750,0.0,0.0,0.0,0.0,40,0.5622,0.5665,15,0.5712,0.5664,0.0,0.0,0.0,0.0,310
2023-05-11 09:36:06,OP90002174,中证500ETF沽12月6750,0.0,0.0,0.0,0.0,10,0.562,0.5662,20,0.5712,0.5664,0.0,0.0,0.0,0.0,310
2023-05-11 09:36:07,OP90002174,中证500ETF沽12月6750,0.0,0.0,0.0,0.0,10,0.5615,0.5662,20,0.5712,0.5664,0.0,0.0,0.0,0.0,310
2023-05-11 09:36:08,OP90002174,中证500ETF沽12月6750,0.0,0.0,0.0,0.0,10,0.5613,0.5662,20,0.5712,0.5664,0.0,0.0,0.0,0.0,310
2023-05-11 09:36:09,OP90002174,中证500ETF沽12月6750,0.0,0.0,0.0,0.0,20,0.5612,0.5662,20,0.5712,0.5664,0.0,0.0,0.0,0.0,310
2023-05-11 09:36:10,OP90002174,中证500ETF沽12月6750,0.0,0.0,0.0,0.0,20,0.5621,0.5665,20,0.5712,0.5664,0.0,0.0,0.0,0.0,310
2023-05-11 09:36:11,OP90002174,中证500ETF沽12月6750,0.0,0.0,0.0,0.0,40,0.5621,0.5664,15,0.5712,0.5664,0.0,0.0,0.0,0.0,310
2023-05-11 09:36:11,OP90002174,中证500ETF沽12月6750,0.0,0.0,0.0,0.0,40,0.5621,0.5664,35,0.5712,0.5664,0.0,0.0,0.0,0.0,310
2023-05-11 09:36:12,OP90002174,中证500ETF沽12月6750,0.0,0.0,0.0,0.0,40,0.5621,0.5664,35,0.5712,0.5664,0.0,0.0,0.0,0.0,310
2023-05-11 09:36:13,OP90002174,中证500ETF沽12月6750,0.0,0.0,0.0,0.0,40,0.5621,0.5664,35,0.5712,0.5664,0.0,0.0,0.0,0.0,310
2023-05-11 09:36:14,OP90002174,中证500ETF沽12月6750,0.0,0.0,0.0,0.0,40,0.5621,0.5664,35,0.5712,0.5664,0.0,0.0,0.0,0.0,310
2023-05-11 09:36:19,OP90002174,中证500ETF沽12月6750,0.0,0.0,0.0,0.0,50,0.5621,0.5664,35,0.5712,0.5664,0.0,0.0,0.0,0.0,310
2023-05-11 09:36:20,OP90002174,中证500ETF沽12月6750,0.0,0.0,0.0,0.0,40,0.5621,0.5664,35,0.5712,0.5664,0.0,0.0,0.0,0.0,310
2023-05-11 09:36:25,OP90002174,中证500ETF沽12月6750,0.0,0.0,0.0,0.0,40,0.5621,0.5664,35,0.5712,0.5664,0.0,0.0,0.0,0.0,310
2023-05-11 09:36:29,OP90002174,中证500ETF沽12月6750,0.0,0.0,0.0,0.0,40,0.5621,0.5664,20,0.5712,0.5664,0.0,0.0,0.0,0.0,310
2023-05-11 09:36:30,OP90002174,中证500ETF沽12月6750,0.0,0.0,0.0,0.0,40,0.5621,0.5676,40,0.5712,0.5664,0.0,0.0,0.0,0.0,310
2023-05-11 09:36:30,OP90002174,中证500ETF沽12月6750,0.0,0.0,0.0,0.0,40,0.5621,0.5676,40,0.5712,0.5664,0.0,0.0,0.0,0.0,310
2023-05-11 09:36:31,OP90002174,中证500ETF沽12月6750,0.0,0.0,0.0,0.0,20,0.5632,0.5676,20,0.5712,0.5664,0.0,0.0,0.0,0.0,310
2023-05-11 09:36:31,OP90002174,中证500ETF沽12月6750,0.0,0.0,0.0,0.0,40,0.5632,0.5675,15,0.5712,0.5664,0.0,0.0,0.0,0.0,310
2023-05-11 09:36:32,OP90002174,中证500ETF沽12月6750,0.0,0.0,0.0,0.0,40,0.5632,0.5675,15,0.5712,0.5664,0.0,0.0,0.0,0.0,310
2023-05-11 09:36:33,OP90002174,中证500ETF沽12月6750,0.0,0.0,0.0,0.0,40,0.5632,0.5675,15,0.5712,0.5664,0.0,0.0,0.0,0.0,310
2023-05-11 09:36:34,OP90002174,中证500ETF沽12月6750,0.0,0.0,0.0,0.0,60,0.5632,0.5675,15,0.5712,0.5664,0.0,0.0,0.0,0.0,310
2023-05-11 09:36:35,OP90002174,中证500ETF沽12月6750,0.0,0.0,0.0,0.0,40,0.5632,0.5675,15,0.5712,0.5664,0.0,0.0,0.0,0.0,310
2023-05-11 09:36:38,OP90002174,中证500ETF沽12月6750,0.0,0.0,0.0,0.0,40,0.5632,0.5675,15,0.5712,0.5664,0.0,0.0,0.0,0.0,310
2023-05-11 09:36:39,OP90002174,中证500ETF沽12月6750,0.0,0.0,0.0,0.0,40,0.5632,0.5679,20,0.5712,0.5664,0.0,0.0,0.0,0.0,310
2023-05-11 09:36:39,OP90002174,中证500ETF沽12月6750,0.0,0.0,0.0,0.0,40,0.5632,0.5678,15,0.5712,0.5664,0.0,0.0,0.0,0.0,310
2023-05-11 09:36:40,OP90002174,中证500ETF沽12月6750,0.0,0.0,0.0,0.0,40,0.5632,0.5678,15,0.5712,0.5664,0.0,0.0,0.0,0.0,310
2023-05-11 09:36:40,OP90002174,中证500ETF沽12月6750,0.0,0.0,0.0,0.0,40,0.5632,0.5678,15,0.5712,0.5664,0.0,0.0,0.0,0.0,310
2023-05-11 09:36:41,OP90002174,中证500ETF沽12月6750,0.0,0.0,0.0,0.0,40,0.5632,0.5678,15,0.5712,0.5664,0.0,0.0,0.0,0.0,310
2023-05-11 09:36:42,OP90002174,中证500ETF沽12月6750,0.0,0.0,0.0,0.0,50,0.5632,0.5678,15,0.5712,0.5664,0.0,0.0,0.0,0.0,310
2023-05-11 09:36:45,OP90002174,中证500ETF沽12月6750,0.0,0.0,0.0,0.0,50,0.5632,0.5683,10,0.5712,0.5664,0.0,0.0,0.0,0.0,310
2023-05-11 09:36:45,OP90002174,中证500ETF沽12月6750,0.0,0.0,0.0,0.0,50,0.5632,0.5682,15,0.5712,0.5664,0.0,0.0,0.0,0.0,310
2023-05-11 09:36:46,OP90002174,中证500ETF沽12月6750,0.0,0.0,0.0,0.0,70,0.5632,0.5682,15,0.5712,0.5664,0.0,0.0,0.0,0.0,310
2023-05-11 09:36:46,OP90002174,中证500ETF沽12月6750,0.0,0.0,0.0,0.0,20,0.5646,0.5684,10,0.5712,0.5664,0.0,0.0,0.0,0.0,310
2023-05-11 09:36:47,OP90002174,中证500ETF沽12月6750,0.0,0.0,0.0,0.0,40,0.5646,0.5684,10,0.5712,0.5664,0.0,0.0,0.0,0.0,310
2023-05-11 09:36:47,OP90002174,中证500ETF沽12月6750,0.0,0.0,0.0,0.0,40,0.5646,0.5692,10,0.5712,0.5664,0.0,0.0,0.0,0.0,310
2023-05-11 09:36:48,OP90002174,中证500ETF沽12月6750,0.0,0.0,0.0,0.0,40,0.5646,0.5691,15,0.5712,0.5664,0.0,0.0,0.0,0.0,310
2023-05-11 09:36:48,OP90002174,中证500ETF沽12月6750,0.0,0.0,0.0,0.0,40,0.5646,0.5691,15,0.5712,0.5664,0.0,0.0,0.0,0.0,310
2023-05-11 09:36:49,OP90002174,中证500ETF沽12月6750,0.0,0.0,0.0,0.0,40,0.5646,0.5691,15,0.5712,0.5664,0.0,0.0,0.0,0.0,310
2023-05-11 09:36:49,OP90002174,中证500ETF沽12月6750,0.0,0.0,0.0,0.0,50,0.5646,0.5691,15,0.5712,0.5664,0.0,0.0,0.0,0.0,310
2023-05-11 09:36:59,OP90002174,中证500ETF沽12月6750,0.0,0.0,0.0,0.0,50,0.5646,0.5695,20,0.5712,0.5664,0.0,0.0,0.0,0.0,310
2023-05-11 09:36:59,OP90002174,中证500ETF沽12月6750,0.0,0.0,0.0,0.0,50,0.5646,0.5694,15,0.5712,0.5664,0.0,0.0,0.0,0.0,310
2023-05-11 09:37:01,OP90002174,中证500ETF沽12月6750,0.0,0.0,0.0,0.0,50,0.5646,0.5695,20,0.5712,0.5664,0.0,0.0,0.0,0.0,310
2023-05-11 09:37:02,OP90002174,中证500ETF沽12月6750,0.0,0.0,0.0,0.0,20,0.5658,0.5695,20,0.5712,0.5664,0.0,0.0,0.0,0.0,310
2023-05-11 09:37:02,OP90002174,中证500ETF沽12月6750,0.0,0.0,0.0,0.0,20,0.5658,0.5697,10,0.5712,0.5664,0.0,0.0,0.0,0.0,310
2023-05-11 09:37:03,OP90002174,中证500ETF沽12月6750,0.0,0.0,0.0,0.0,20,0.5669,0.5697,10,0.5712,0.5664,0.0,0.0,0.0,0.0,310
2023-05-11 09:37:03,OP90002174,中证500ETF沽12月6750,0.0,0.0,0.0,0.0,20,0.5669,0.5707,20,0.5712,0.5664,0.0,0.0,0.0,0.0,310
2023-05-11 09:37:04,OP90002174,中证500ETF沽12月6750,0.0,0.0,0.0,0.0,20,0.5668,0.5706,15,0.5712,0.5664,0.0,0.0,0.0,0.0,310
2023-05-11 09:37:04,OP90002174,中证500ETF沽12月6750,0.0,0.0,0.0,0.0,10,0.566,0.5706,35,0.5712,0.5664,0.0,0.0,0.0,0.0,310
2023-05-11 09:37:05,OP90002174,中证500ETF沽12月6750,0.0,0.0,0.0,0.0,10,0.566,0.5706,35,0.5712,0.5664,0.0,0.0,0.0,0.0,310
2023-05-11 09:37:05,OP90002174,中证500ETF沽12月6750,0.0,0.0,0.0,0.0,10,0.566,0.5706,35,0.5712,0.5664,0.0,0.0,0.0,0.0,310
2023-05-11 09:37:12,OP90002174,中证500ETF沽12月6750,0.0,0.0,0.0,0.0,10,0.566,0.57,20,0.5712,0.5664,0.0,0.0,0.0,0.0,310
2023-05-11 09:37:12,OP90002174,中证500ETF沽12月6750,0.0,0.0,0.0,0.0,10,0.5659,0.57,20,0.5712,0.5664,0.0,0.0,0.0,0.0,310
2023-05-11 09:37:13,OP90002174,中证500ETF沽12月6750,0.0,0.0,0.0,0.0,10,0.5659,0.57,40,0.5712,0.5664,0.0,0.0,0.0,0.0,310
2023-05-11 09:37:13,OP90002174,中证500ETF沽12月6750,0.0,0.0,0.0,0.0,20,0.5654,0.57,40,0.5712,0.5664,0.0,0.0,0.0,0.0,310
2023-05-11 09:37:14,OP90002174,中证500ETF沽12月6750,0.0,0.0,0.0,0.0,20,0.5654,0.57,40,0.5712,0.5664,0.0,0.0,0.0,0.0,310
2023-05-11 09:37:14,OP90002174,中证500ETF沽12月6750,0.0,0.0,0.0,0.0,10,0.565,0.57,40,0.5712,0.5664,0.0,0.0,0.0,0.0,310
2023-05-11 09:37:15,OP90002174,中证500ETF沽12月6750,0.0,0.0,0.0,0.0,10,0.565,0.57,40,0.5712,0.5664,0.0,0.0,0.0,0.0,310
2023-05-11 09:37:15,OP90002174,中证500ETF沽12月6750,0.0,0.0,0.0,0.0,20,0.565,0.57,40,0.5712,0.5664,0.0,0.0,0.0,0.0,310
2023-05-11 09:37:16,OP90002174,中证500ETF沽12月6750,0.0,0.0,0.0,0.0,20,0.5661,0.57,20,0.5712,0.5664,0.0,0.0,0.0,0.0,310
2023-05-11 09:37:16,OP90002174,中证500ETF沽12月6750,0.0,0.0,0.0,0.0,40,0.5661,0.5709,40,0.5712,0.5664,0.0,0.0,0.0,0.0,310
2023-05-11 09:37:17,OP90002174,中证500ETF沽12月6750,0.0,0.0,0.0,0.0,40,0.5661,0.5708,15,0.5712,0.5664,0.0,0.0,0.0,0.0,310
2023-05-11 09:37:17,OP90002174,中证500ETF沽12月6750,0.0,0.0,0.0,0.0,60,0.5661,0.5708,15,0.5712,0.5664,0.0,0.0,0.0,0.0,310
2023-05-11 09:37:18,OP90002174,中证500ETF沽12月6750,0.0,0.0,0.0,0.0,60,0.5661,0.5708,15,0.5712,0.5664,0.0,0.0,0.0,0.0,310
2023-05-11 09:37:18,OP90002174,中证500ETF沽12月6750,0.0,0.0,0.0,0.0,60,0.5661,0.5708,15,0.5712,0.5664,0.0,0.0,0.0,0.0,310
2023-05-11 09:37:19,OP90002174,中证500ETF沽12月6750,0.0,0.0,0.0,0.0,20,0.5665,0.5709,20,0.5712,0.5664,0.0,0.0,0.0,0.0,310
2023-05-11 09:37:19,OP90002174,中证500ETF沽12月6750,0.0,0.0,0.0,0.0,20,0.5665,0.5709,15,0.5712,0.5664,0.0,0.0,0.0,0.0,310
2023-05-11 09:37:20,OP90002174,中证500ETF沽12月6750,0.0,0.0,0.0,0.0,20,0.5665,0.5709,15,0.5712,0.5664,0.0,0.0,0.0,0.0,310
2023-05-11 09:37:20,OP90002174,中证500ETF沽12月6750,0.0,0.0,0.0,0.0,20,0.5665,0.5709,15,0.5712,0.5664,0.0,0.0,0.0,0.0,310
2023-05-11 09:37:21,OP90002174,中证500ETF沽12月6750,0.0,0.0,0.0,0.0,30,0.5664,0.5709,15,0.5712,0.5664,0.0,0.0,0.0,0.0,310
2023-05-11 09:37:24,OP90002174,中证500ETF沽12月6750,0.0,0.0,0.0,0.0,20,0.5664,0.5709,15,0.5712,0.5664,0.0,0.0,0.0,0.0,310
2023-05-11 09:37:26,OP90002174,中证500ETF沽12月6750,0.0,0.0,0.0,0.0,30,0.5664,0.5709,15,0.5712,0.5664,0.0,0.0,0.0,0.0,310
2023-05-11 09:37:28,OP90002174,中证500ETF沽12月6750,0.0,0.0,0.0,0.0,30,0.5664,0.5709,15,0.5712,0.5664,0.0,0.0,0.0,0.0,310
2023-05-11 09:37:29,OP90002174,中证500ETF沽12月6750,0.0,0.0,0.0,0.0,20,0.5674,0.5715,20,0.5712,0.5664,0.0,0.0,0.0,0.0,310
2023-05-11 09:37:29,OP90002174,中证500ETF沽12月6750,0.0,0.0,0.0,0.0,40,0.5674,0.5716,30,0.5712,0.5664,0.0,0.0,0.0,0.0,310
2023-05-11 09:37:30,OP90002174,中证500ETF沽12月6750,0.0,0.0,0.0,0.0,40,0.5674,0.5716,45,0.5712,0.5664,0.0,0.0,0.0,0.0,310
2023-05-11 09:37:30,OP90002174,中证500ETF沽12月6750,0.0,0.0,0.0,0.0,40,0.5674,0.5716,35,0.5712,0.5664,0.0,0.0,0.0,0.0,310
2023-05-11 09:37:31,OP90002174,中证500ETF沽12月6750,0.0,0.0,0.0,0.0,10,0.5671,0.5716,35,0.5712,0.5664,0.0,0.0,0.0,0.0,310
2023-05-11 09:37:32,OP90002174,中证500ETF沽12月6750,0.0,0.0,0.0,0.0,10,0.5671,0.5716,35,0.5712,0.5664,0.0,0.0,0.0,0.0,310
2023-05-11 09:37:32,OP90002174,中证500ETF沽12月6750,0.0,0.0,0.0,0.0,10,0.5671,0.5716,35,0.5712,0.5664,0.0,0.0,0.0,0.0,310
2023-05-11 09:37:34,OP90002174,中证500ETF沽12月6750,0.0,0.0,0.0,0.0,10,0.5669,0.5716,35,0.5712,0.5664,0.0,0.0,0.0,0.0,310
2023-05-11 09:37:35,OP90002174,中证500ETF沽12月6750,0.0,0.0,0.0,0.0,10,0.5667,0.5716,35,0.5712,0.5664,0.0,0.0,0.0,0.0,310
2023-05-11 09:37:37,OP90002174,中证500ETF沽12月6750,0.0,0.0,0.0,0.0,10,0.5665,0.5716,35,0.5712,0.5664,0.0,0.0,0.0,0.0,310
2023-05-11 09:37:39,OP90002174,中证500ETF沽12月6750,0.0,0.0,0.0,0.0,10,0.5665,0.5716,35,0.5712,0.5664,0.0,0.0,0.0,0.0,310
2023-05-11 09:37:40,OP90002174,中证500ETF沽12月6750,0.0,0.0,0.0,0.0,10,0.5665,0.5716,35,0.5712,0.5664,0.0,0.0,0.0,0.0,310
2023-05-11 09:37:40,OP90002174,中证500ETF沽12月6750,0.0,0.0,0.0,0.0,20,0.5676,0.5716,35,0.5712,0.5664,0.0,0.0,0.0,0.0,310
2023-05-11 09:37:41,OP90002174,中证500ETF沽12月6750,0.0,0.0,0.0,0.0,20,0.5676,0.5716,35,0.5712,0.5664,0.0,0.0,0.0,0.0,310
2023-05-11 09:37:41,OP90002174,中证500ETF沽12月6750,0.0,0.0,0.0,0.0,20,0.5676,0.5716,35,0.5712,0.5664,0.0,0.0,0.0,0.0,310
2023-05-11 09:37:42,OP90002174,中证500ETF沽12月6750,0.0,0.0,0.0,0.0,20,0.5676,0.5716,20,0.5712,0.5664,0.0,0.0,0.0,0.0,310
2023-05-11 09:37:43,OP90002174,中证500ETF沽12月6750,0.0,0.0,0.0,0.0,20,0.5676,0.573,50,0.5712,0.5664,0.0,0.0,0.0,0.0,310
2023-05-11 09:37:43,OP90002174,中证500ETF沽12月6750,0.0,0.0,0.0,0.0,20,0.5676,0.573,40,0.5712,0.5664,0.0,0.0,0.0,0.0,310
2023-05-11 09:37:44,OP90002174,中证500ETF沽12月6750,0.0,0.0,0.0,0.0,20,0.5676,0.573,40,0.5712,0.5664,0.0,0.0,0.0,0.0,310
2023-05-11 09:37:45,OP90002174,中证500ETF沽12月6750,0.0,0.0,0.0,0.0,30,0.5676,0.573,40,0.5712,0.5664,0.0,0.0,0.0,0.0,310
2023-05-11 09:37:47,OP90002174,中证500ETF沽12月6750,0.0,0.0,0.0,0.0,50,0.5676,0.573,40,0.5712,0.5664,0.0,0.0,0.0,0.0,310
2023-05-11 09:37:50,OP90002174,中证500ETF沽12月6750,0.0,0.0,0.0,0.0,30,0.5676,0.573,40,0.5712,0.5664,0.0,0.0,0.0,0.0,310
2023-05-11 09:37:50,OP90002174,中证500ETF沽12月6750,0.0,0.0,0.0,0.0,10,0.5676,0.572,20,0.5712,0.5664,0.0,0.0,0.0,0.0,310
2023-05-11 09:37:51,OP90002174,中证500ETF沽12月6750,0.0,0.0,0.0,0.0,10,0.5676,0.572,40,0.5712,0.5664,0.0,0.0,0.0,0.0,310
2023-05-11 09:37:51,OP90002174,中证500ETF沽12月6750,0.0,0.0,0.0,0.0,10,0.5676,0.572,40,0.5712,0.5664,0.0,0.0,0.0,0.0,310
2023-05-11 09:37:52,OP90002174,中证500ETF沽12月6750,0.0,0.0,0.0,0.0,10,0.5674,0.572,40,0.5712,0.5664,0.0,0.0,0.0,0.0,310
2023-05-11 09:37:53,OP90002174,中证500ETF沽12月6750,0.0,0.0,0.0,0.0,10,0.5671,0.572,40,0.5712,0.5664,0.0,0.0,0.0,0.0,310
2023-05-11 09:37:54,OP90002174,中证500ETF沽12月6750,0.0,0.0,0.0,0.0,10,0.5671,0.572,40,0.5712,0.5664,0.0,0.0,0.0,0.0,310
2023-05-11 09:37:54,OP90002174,中证500ETF沽12月6750,0.0,0.0,0.0,0.0,30,0.5667,0.572,40,0.5712,0.5664,0.0,0.0,0.0,0.0,310
2023-05-11 09:37:55,OP90002174,中证500ETF沽12月6750,0.0,0.0,0.0,0.0,10,0.5667,0.572,40,0.5712,0.5664,0.0,0.0,0.0,0.0,310
2023-05-11 09:37:55,OP90002174,中证500ETF沽12月6750,0.0,0.0,0.0,0.0,10,0.5667,0.572,40,0.5712,0.5664,0.0,0.0,0.0,0.0,310
2023-05-11 09:37:56,OP90002174,中证500ETF沽12月6750,0.0,0.0,0.0,0.0,30,0.5665,0.572,40,0.5712,0.5664,0.0,0.0,0.0,0.0,310
2023-05-11 09:37:57,OP90002174,中证500ETF沽12月6750,0.0,0.0,0.0,0.0,30,0.5665,0.572,40,0.5712,0.5664,0.0,0.0,0.0,0.0,310
2023-05-11 09:37:58,OP90002174,中证500ETF沽12月6750,0.0,0.0,0.0,0.0,30,0.5665,0.572,40,0.5712,0.5664,0.0,0.0,0.0,0.0,310
2023-05-11 09:38:04,OP90002174,中证500ETF沽12月6750,0.0,0.0,0.0,0.0,20,0.5665,0.572,40,0.5712,0.5664,0.0,0.0,0.0,0.0,310
2023-05-11 09:38:05,OP90002174,中证500ETF沽12月6750,0.0,0.0,0.0,0.0,20,0.5665,0.572,40,0.5712,0.5664,0.0,0.0,0.0,0.0,310
2023-05-11 09:38:05,OP90002174,中证500ETF沽12月6750,0.0,0.0,0.0,0.0,20,0.5665,0.572,40,0.5712,0.5664,0.0,0.0,0.0,0.0,310
2023-05-11 09:38:06,OP90002174,中证500ETF沽12月6750,0.0,0.0,0.0,0.0,20,0.5665,0.572,40,0.5712,0.5664,0.0,0.0,0.0,0.0,310
2023-05-11 09:38:07,OP90002174,中证500ETF沽12月6750,0.0,0.0,0.0,0.0,20,0.5665,0.572,40,0.5712,0.5664,0.0,0.0,0.0,0.0,310
2023-05-11 09:38:08,OP90002174,中证500ETF沽12月6750,0.0,0.0,0.0,0.0,20,0.5665,0.572,40,0.5712,0.5664,0.0,0.0,0.0,0.0,310
2023-05-11 09:38:08,OP90002174,中证500ETF沽12月6750,0.0,0.0,0.0,0.0,20,0.5665,0.572,40,0.5712,0.5664,0.0,0.0,0.0,0.0,310
2023-05-11 09:38:19,OP90002174,中证500ETF沽12月6750,0.0,0.0,0.0,0.0,20,0.5665,0.572,40,0.5712,0.5664,0.0,0.0,0.0,0.0,310
2023-05-11 09:38:22,OP90002174,中证500ETF沽12月6750,0.0,0.0,0.0,0.0,20,0.5665,0.572,40,0.5712,0.5664,0.0,0.0,0.0,0.0,310
2023-05-11 09:38:22,OP90002174,中证500ETF沽12月6750,0.0,0.0,0.0,0.0,20,0.5665,0.572,40,0.5712,0.5664,0.0,0.0,0.0,0.0,310
2023-05-11 09:38:23,OP90002174,中证500ETF沽12月6750,0.0,0.0,0.0,0.0,20,0.5665,0.572,40,0.5712,0.5664,0.0,0.0,0.0,0.0,310
2023-05-11 09:38:23,OP90002174,中证500ETF沽12月6750,0.0,0.0,0.0,0.0,20,0.5665,0.572,40,0.5712,0.5664,0.0,0.0,0.0,0.0,310
2023-05-11 09:38:24,OP90002174,中证500ETF沽12月6750,0.0,0.0,0.0,0.0,20,0.5665,0.572,40,0.5712,0.5664,0.0,0.0,0.0,0.0,310
2023-05-11 09:38:25,OP90002174,中证500ETF沽12月6750,0.0,0.0,0.0,0.0,30,0.5661,0.5709,20,0.5712,0.5664,0.0,0.0,0.0,0.0,310
2023-05-11 09:38:25,OP90002174,中证500ETF沽12月6750,0.0,0.0,0.0,0.0,10,0.5661,0.5709,40,0.5712,0.5664,0.0,0.0,0.0,0.0,310
2023-05-11 09:38:26,OP90002174,中证500ETF沽12月6750,0.0,0.0,0.0,0.0,10,0.5661,0.5709,40,0.5712,0.5664,0.0,0.0,0.0,0.0,310
2023-05-11 09:38:26,OP90002174,中证500ETF沽12月6750,0.0,0.0,0.0,0.0,20,0.5654,0.5709,40,0.5712,0.5664,0.0,0.0,0.0,0.0,310
2023-05-11 09:38:27,OP90002174,中证500ETF沽12月6750,0.0,0.0,0.0,0.0,20,0.5654,0.5709,20,0.5712,0.5664,0.0,0.0,0.0,0.0,310
2023-05-11 09:38:27,OP90002174,中证500ETF沽12月6750,0.0,0.0,0.0,0.0,20,0.5654,0.5709,20,0.5712,0.5664,0.0,0.0,0.0,0.0,310
2023-05-11 09:38:28,OP90002174,中证500ETF沽12月6750,0.0,0.0,0.0,0.0,20,0.5654,0.5709,20,0.5712,0.5664,0.0,0.0,0.0,0.0,310
2023-05-11 09:38:29,OP90002174,中证500ETF沽12月6750,0.0,0.0,0.0,0.0,20,0.5654,0.5709,20,0.5712,0.5664,0.0,0.0,0.0,0.0,310
2023-05-11 09:38:34,OP90002174,中证500ETF沽12月6750,0.0,0.0,0.0,0.0,20,0.5654,0.5709,40,0.5712,0.5664,0.0,0.0,0.0,0.0,310
2023-05-11 09:38:37,OP90002174,中证500ETF沽12月6750,0.0,0.0,0.0,0.0,20,0.5651,0.5698,20,0.5712,0.5664,0.0,0.0,0.0,0.0,310
2023-05-11 09:38:37,OP90002174,中证500ETF沽12月6750,0.0,0.0,0.0,0.0,30,0.5647,0.5698,40,0.5712,0.5664,0.0,0.0,0.0,0.0,310
2023-05-11 09:38:38,OP90002174,中证500ETF沽12月6750,0.0,0.0,0.0,0.0,30,0.5647,0.5698,40,0.5712,0.5664,0.0,0.0,0.0,0.0,310
2023-05-11 09:38:38,OP90002174,中证500ETF沽12月6750,0.0,0.0,0.0,0.0,20,0.5647,0.5698,40,0.5712,0.5664,0.0,0.0,0.0,0.0,310
2023-05-11 09:38:39,OP90002174,中证500ETF沽12月6750,0.0,0.0,0.0,0.0,20,0.5659,0.5698,20,0.5712,0.5664,0.0,0.0,0.0,0.0,310
2023-05-11 09:38:39,OP90002174,中证500ETF沽12月6750,0.0,0.0,0.0,0.0,40,0.5659,0.5698,15,0.5712,0.5664,0.0,0.0,0.0,0.0,310
2023-05-11 09:38:40,OP90002174,中证500ETF沽12月6750,0.0,0.0,0.0,0.0,20,0.5659,0.5698,35,0.5712,0.5664,0.0,0.0,0.0,0.0,310
2023-05-11 09:38:40,OP90002174,中证500ETF沽12月6750,0.0,0.0,0.0,0.0,20,0.5659,0.5698,35,0.5712,0.5664,0.0,0.0,0.0,0.0,310
2023-05-11 09:38:41,OP90002174,中证500ETF沽12月6750,0.0,0.0,0.0,0.0,40,0.5659,0.5698,35,0.5712,0.5664,0.0,0.0,0.0,0.0,310
2023-05-11 09:38:41,OP90002174,中证500ETF沽12月6750,0.0,0.0,0.0,0.0,60,0.5659,0.5698,20,0.5712,0.5664,0.0,0.0,0.0,0.0,310
2023-05-11 09:38:42,OP90002174,中证500ETF沽12月6750,0.0,0.0,0.0,0.0,60,0.5659,0.5714,40,0.5712,0.5664,0.0,0.0,0.0,0.0,310
2023-05-11 09:38:42,OP90002174,中证500ETF沽12月6750,0.0,0.0,0.0,0.0,60,0.5659,0.5714,40,0.5712,0.5664,0.0,0.0,0.0,0.0,310
2023-05-11 09:38:43,OP90002174,中证500ETF沽12月6750,0.0,0.0,0.0,0.0,60,0.5659,0.5714,40,0.5712,0.5664,0.0,0.0,0.0,0.0,310
2023-05-11 09:38:44,OP90002174,中证500ETF沽12月6750,0.0,0.0,0.0,0.0,60,0.5659,0.5714,40,0.5712,0.5664,0.0,0.0,0.0,0.0,310
2023-05-11 09:38:46,OP90002174,中证500ETF沽12月6750,0.0,0.0,0.0,0.0,20,0.5659,0.5714,40,0.5712,0.5664,0.0,0.0,0.0,0.0,310
2023-05-11 09:38:46,OP90002174,中证500ETF沽12月6750,0.0,0.0,0.0,0.0,20,0.5659,0.5714,40,0.5712,0.5664,0.0,0.0,0.0,0.0,310
2023-05-11 09:38:48,OP90002174,中证500ETF沽12月6750,0.0,0.0,0.0,0.0,20,0.5659,0.5714,40,0.5712,0.5664,0.0,0.0,0.0,0.0,310
2023-05-11 09:38:49,OP90002174,中证500ETF沽12月6750,0.0,0.0,0.0,0.0,40,0.5659,0.5714,40,0.5712,0.5664,0.0,0.0,0.0,0.0,310
2023-05-11 09:38:52,OP90002174,中证500ETF沽12月6750,0.0,0.0,0.0,0.0,40,0.5659,0.5714,40,0.5712,0.5664,0.0,0.0,0.0,0.0,310
2023-05-11 09:38:55,OP90002174,中证500ETF沽12月6750,0.0,0.0,0.0,0.0,40,0.5659,0.5714,40,0.5712,0.5664,0.0,0.0,0.0,0.0,310
2023-05-11 09:38:55,OP90002174,中证500ETF沽12月6750,0.0,0.0,0.0,0.0,60,0.5659,0.5714,40,0.5712,0.5664,0.0,0.0,0.0,0.0,310
2023-05-11 09:38:56,OP90002174,中证500ETF沽12月6750,0.0,0.0,0.0,0.0,60,0.5659,0.5714,40,0.5712,0.5664,0.0,0.0,0.0,0.0,310
2023-05-11 09:38:57,OP90002174,中证500ETF沽12月6750,0.0,0.0,0.0,0.0,70,0.5659,0.5714,40,0.5712,0.5664,0.0,0.0,0.0,0.0,310
2023-05-11 09:38:58,OP90002174,中证500ETF沽12月6750,0.0,0.0,0.0,0.0,50,0.5659,0.5714,40,0.5712,0.5664,0.0,0.0,0.0,0.0,310
2023-05-11 09:38:58,OP90002174,中证500ETF沽12月6750,0.0,0.0,0.0,0.0,50,0.5659,0.5714,40,0.5712,0.5664,0.0,0.0,0.0,0.0,310
2023-05-11 09:38:59,OP90002174,中证500ETF沽12月6750,0.0,0.0,0.0,0.0,70,0.5659,0.5714,40,0.5712,0.5664,0.0,0.0,0.0,0.0,310
2023-05-11 09:39:01,OP90002174,中证500ETF沽12月6750,0.0,0.0,0.0,0.0,30,0.5659,0.57,20,0.5712,0.5664,0.0,0.0,0.0,0.0,310
2023-05-11 09:39:01,OP90002174,中证500ETF沽12月6750,0.0,0.0,0.0,0.0,10,0.5658,0.57,40,0.5712,0.5664,0.0,0.0,0.0,0.0,310
2023-05-11 09:39:02,OP90002174,中证500ETF沽12月6750,0.0,0.0,0.0,0.0,10,0.5655,0.57,40,0.5712,0.5664,0.0,0.0,0.0,0.0,310
2023-05-11 09:39:03,OP90002174,中证500ETF沽12月6750,0.0,0.0,0.0,0.0,30,0.5652,0.57,40,0.5712,0.5664,0.0,0.0,0.0,0.0,310
2023-05-11 09:39:04,OP90002174,中证500ETF沽12月6750,0.0,0.0,0.0,0.0,30,0.5652,0.57,40,0.5712,0.5664,0.0,0.0,0.0,0.0,310
2023-05-11 09:39:04,OP90002174,中证500ETF沽12月6750,0.0,0.0,0.0,0.0,20,0.5652,0.57,40,0.5712,0.5664,0.0,0.0,0.0,0.0,310
2023-05-11 09:39:05,OP90002174,中证500ETF沽12月6750,0.0,0.0,0.0,0.0,10,0.565,0.57,40,0.5712,0.5664,0.0,0.0,0.0,0.0,310
2023-05-11 09:39:08,OP90002174,中证500ETF沽12月6750,0.0,0.0,0.0,0.0,10,0.5648,0.57,40,0.5712,0.5664,0.0,0.0,0.0,0.0,310
2023-05-11 09:39:09,OP90002174,中证500ETF沽12月6750,0.0,0.0,0.0,0.0,50,0.5646,0.57,40,0.5712,0.5664,0.0,0.0,0.0,0.0,310
2023-05-11 09:39:10,OP90002174,中证500ETF沽12月6750,0.0,0.0,0.0,0.0,30,0.5646,0.57,40,0.5712,0.5664,0.0,0.0,0.0,0.0,310
2023-05-11 09:39:10,OP90002174,中证500ETF沽12月6750,0.0,0.0,0.0,0.0,20,0.5646,0.57,40,0.5712,0.5664,0.0,0.0,0.0,0.0,310
2023-05-11 09:39:11,OP90002174,中证500ETF沽12月6750,0.0,0.0,0.0,0.0,20,0.5646,0.57,40,0.5712,0.5664,0.0,0.0,0.0,0.0,310
2023-05-11 09:39:11,OP90002174,中证500ETF沽12月6750,0.0,0.0,0.0,0.0,20,0.5646,0.57,40,0.5712,0.5664,0.0,0.0,0.0,0.0,310
2023-05-11 09:39:12,OP90002174,中证500ETF沽12月6750,0.0,0.0,0.0,0.0,20,0.5646,0.57,40,0.5712,0.5664,0.0,0.0,0.0,0.0,310
2023-05-11 09:39:12,OP90002174,中证500ETF沽12月6750,0.0,0.0,0.0,0.0,40,0.5646,0.57,40,0.5712,0.5664,0.0,0.0,0.0,0.0,310
2023-05-11 09:39:13,OP90002174,中证500ETF沽12月6750,0.0,0.0,0.0,0.0,40,0.5646,0.57,40,0.5712,0.5664,0.0,0.0,0.0,0.0,310
2023-05-11 09:39:14,OP90002174,中证500ETF沽12月6750,0.0,0.0,0.0,0.0,50,0.5646,0.57,40,0.5712,0.5664,0.0,0.0,0.0,0.0,310
2023-05-11 09:39:26,OP90002174,中证500ETF沽12月6750,0.0,0.0,0.0,0.0,10,0.5646,0.5687,20,0.5712,0.5664,0.0,0.0,0.0,0.0,310
2023-05-11 09:39:26,OP90002174,中证500ETF沽12月6750,0.0,0.0,0.0,0.0,10,0.5646,0.5687,40,0.5712,0.5664,0.0,0.0,0.0,0.0,310
2023-05-11 09:39:27,OP90002174,中证500ETF沽12月6750,0.0,0.0,0.0,0.0,10,0.5646,0.5687,40,0.5712,0.5664,0.0,0.0,0.0,0.0,310
2023-05-11 09:39:27,OP90002174,中证500ETF沽12月6750,0.0,0.0,0.0,0.0,20,0.5644,0.5687,40,0.5712,0.5664,0.0,0.0,0.0,0.0,310
2023-05-11 09:39:28,OP90002174,中证500ETF沽12月6750,0.0,0.0,0.0,0.0,20,0.5644,0.5687,40,0.5712,0.5664,0.0,0.0,0.0,0.0,310
2023-05-11 09:39:28,OP90002174,中证500ETF沽12月6750,0.0,0.0,0.0,0.0,30,0.5638,0.5687,40,0.5712,0.5664,0.0,0.0,0.0,0.0,310
2023-05-11 09:39:29,OP90002174,中证500ETF沽12月6750,0.0,0.0,0.0,0.0,20,0.5638,0.5687,40,0.5712,0.5664,0.0,0.0,0.0,0.0,310
2023-05-11 09:39:32,OP90002174,中证500ETF沽12月6750,0.0,0.0,0.0,0.0,20,0.5638,0.5687,40,0.5712,0.5664,0.0,0.0,0.0,0.0,310
2023-05-11 09:39:36,OP90002174,中证500ETF沽12月6750,0.0,0.0,0.0,0.0,20,0.5644,0.5687,20,0.5712,0.5664,0.0,0.0,0.0,0.0,310
2023-05-11 09:39:37,OP90002174,中证500ETF沽12月6750,0.0,0.0,0.0,0.0,40,0.5644,0.5686,15,0.5712,0.5664,0.0,0.0,0.0,0.0,310
2023-05-11 09:39:37,OP90002174,中证500ETF沽12月6750,0.0,0.0,0.0,0.0,40,0.5644,0.5686,15,0.5712,0.5664,0.0,0.0,0.0,0.0,310
2023-05-11 09:39:39,OP90002174,中证500ETF沽12月6750,0.0,0.0,0.0,0.0,50,0.5644,0.5686,15,0.5712,0.5664,0.0,0.0,0.0,0.0,310
2023-05-11 09:39:44,OP90002174,中证500ETF沽12月6750,0.0,0.0,0.0,0.0,40,0.5644,0.5686,15,0.5712,0.5664,0.0,0.0,0.0,0.0,310
2023-05-11 09:39:46,OP90002174,中证500ETF沽12月6750,0.0,0.0,0.0,0.0,40,0.5644,0.5686,15,0.5712,0.5664,0.0,0.0,0.0,0.0,310
2023-05-11 09:39:47,OP90002174,中证500ETF沽12月6750,0.0,0.0,0.0,0.0,10,0.564,0.5686,35,0.5712,0.5664,0.0,0.0,0.0,0.0,310
2023-05-11 09:39:48,OP90002174,中证500ETF沽12月6750,0.0,0.0,0.0,0.0,30,0.5637,0.5686,35,0.5712,0.5664,0.0,0.0,0.0,0.0,310
2023-05-11 09:39:50,OP90002174,中证500ETF沽12月6750,0.0,0.0,0.0,0.0,20,0.5637,0.5686,35,0.5712,0.5664,0.0,0.0,0.0,0.0,310
2023-05-11 09:39:51,OP90002174,中证500ETF沽12月6750,0.0,0.0,0.0,0.0,20,0.5637,0.5686,35,0.5712,0.5664,0.0,0.0,0.0,0.0,310
2023-05-11 09:39:58,OP90002174,中证500ETF沽12月6750,0.0,0.0,0.0,0.0,20,0.5637,0.5686,35,0.5712,0.5664,0.0,0.0,0.0,0.0,310
2023-05-11 09:40:01,OP90002174,中证500ETF沽12月6750,0.0,0.0,0.0,0.0,20,0.5635,0.5675,20,0.5712,0.5664,0.0,0.0,0.0,0.0,310
2023-05-11 09:40:02,OP90002174,中证500ETF沽12月6750,0.0,0.0,0.0,0.0,10,0.5633,0.5675,40,0.5712,0.5664,0.0,0.0,0.0,0.0,310
2023-05-11 09:40:02,OP90002174,中证500ETF沽12月6750,0.0,0.0,0.0,0.0,10,0.5633,0.5675,60,0.5712,0.5664,0.0,0.0,0.0,0.0,310
2023-05-11 09:40:03,OP90002174,中证500ETF沽12月6750,0.0,0.0,0.0,0.0,10,0.5632,0.5675,60,0.5712,0.5664,0.0,0.0,0.0,0.0,310
2023-05-11 09:40:04,OP90002174,中证500ETF沽12月6750,0.0,0.0,0.0,0.0,10,0.5632,0.5675,40,0.5712,0.5664,0.0,0.0,0.0,0.0,310
2023-05-11 09:40:04,OP90002174,中证500ETF沽12月6750,0.0,0.0,0.0,0.0,20,0.5624,0.5675,40,0.5712,0.5664,0.0,0.0,0.0,0.0,310
2023-05-11 09:40:05,OP90002174,中证500ETF沽12月6750,0.0,0.0,0.0,0.0,20,0.5624,0.5675,60,0.5712,0.5664,0.0,0.0,0.0,0.0,310
2023-05-11 09:40:06,OP90002174,中证500ETF沽12月6750,0.0,0.0,0.0,0.0,20,0.5632,0.5675,20,0.5712,0.5664,0.0,0.0,0.0,0.0,310
2023-05-11 09:40:06,OP90002174,中证500ETF沽12月6750,0.0,0.0,0.0,0.0,40,0.5632,0.5678,40,0.5712,0.5664,0.0,0.0,0.0,0.0,310
2023-05-11 09:40:07,OP90002174,中证500ETF沽12月6750,0.0,0.0,0.0,0.0,60,0.5632,0.5677,15,0.5712,0.5664,0.0,0.0,0.0,0.0,310
2023-05-11 09:40:07,OP90002174,中证500ETF沽12月6750,0.0,0.0,0.0,0.0,60,0.5632,0.5677,15,0.5712,0.5664,0.0,0.0,0.0,0.0,310
2023-05-11 09:40:08,OP90002174,中证500ETF沽12月6750,0.0,0.0,0.0,0.0,60,0.5632,0.5677,15,0.5712,0.5664,0.0,0.0,0.0,0.0,310
2023-05-11 09:40:09,OP90002174,中证500ETF沽12月6750,0.0,0.0,0.0,0.0,60,0.5632,0.5677,15,0.5712,0.5664,0.0,0.0,0.0,0.0,310
2023-05-11 09:40:11,OP90002174,中证500ETF沽12月6750,0.0,0.0,0.0,0.0,70,0.5632,0.5677,15,0.5712,0.5664,0.0,0.0,0.0,0.0,310
2023-05-11 09:40:12,OP90002174,中证500ETF沽12月6750,0.0,0.0,0.0,0.0,70,0.5632,0.5678,40,0.5712,0.5664,0.0,0.0,0.0,0.0,310
2023-05-11 09:40:13,OP90002174,中证500ETF沽12月6750,0.0,0.0,0.0,0.0,90,0.5632,0.5678,20,0.5712,0.5664,0.0,0.0,0.0,0.0,310
2023-05-11 09:40:14,OP90002174,中证500ETF沽12月6750,0.0,0.0,0.0,0.0,30,0.5636,0.5686,40,0.5712,0.5664,0.0,0.0,0.0,0.0,310
2023-05-11 09:40:14,OP90002174,中证500ETF沽12月6750,0.0,0.0,0.0,0.0,30,0.5636,0.5686,40,0.5712,0.5664,0.0,0.0,0.0,0.0,310
2023-05-11 09:40:15,OP90002174,中证500ETF沽12月6750,0.0,0.0,0.0,0.0,10,0.5636,0.5686,40,0.5712,0.5664,0.0,0.0,0.0,0.0,310
2023-05-11 09:40:16,OP90002174,中证500ETF沽12月6750,0.0,0.0,0.0,0.0,10,0.5636,0.5686,40,0.5712,0.5664,0.0,0.0,0.0,0.0,310
2023-05-11 09:40:17,OP90002174,中证500ETF沽12月6750,0.0,0.0,0.0,0.0,10,0.5634,0.5686,40,0.5712,0.5664,0.0,0.0,0.0,0.0,310
2023-05-11 09:40:18,OP90002174,中证500ETF沽12月6750,0.0,0.0,0.0,0.0,10,0.5634,0.5675,20,0.5712,0.5664,0.0,0.0,0.0,0.0,310
2023-05-11 09:40:18,OP90002174,中证500ETF沽12月6750,0.0,0.0,0.0,0.0,20,0.5632,0.5675,40,0.5712,0.5664,0.0,0.0,0.0,0.0,310
2023-05-11 09:40:19,OP90002174,中证500ETF沽12月6750,0.0,0.0,0.0,0.0,10,0.5629,0.5675,60,0.5712,0.5664,0.0,0.0,0.0,0.0,310
2023-05-11 09:40:19,OP90002174,中证500ETF沽12月6750,0.0,0.0,0.0,0.0,10,0.5625,0.5675,40,0.5712,0.5664,0.0,0.0,0.0,0.0,310
2023-05-11 09:40:20,OP90002174,中证500ETF沽12月6750,0.0,0.0,0.0,0.0,20,0.5623,0.5675,40,0.5712,0.5664,0.0,0.0,0.0,0.0,310
2023-05-11 09:40:21,OP90002174,中证500ETF沽12月6750,0.0,0.0,0.0,0.0,20,0.5623,0.5675,40,0.5712,0.5664,0.0,0.0,0.0,0.0,310
2023-05-11 09:40:21,OP90002174,中证500ETF沽12月6750,0.0,0.0,0.0,0.0,40,0.5623,0.5675,60,0.5712,0.5664,0.0,0.0,0.0,0.0,310
2023-05-11 09:40:22,OP90002174,中证500ETF沽12月6750,0.0,0.0,0.0,0.0,40,0.5623,0.5675,60,0.5712,0.5664,0.0,0.0,0.0,0.0,310
2023-05-11 09:40:27,OP90002174,中证500ETF沽12月6750,0.0,0.0,0.0,0.0,40,0.5623,0.5675,60,0.5712,0.5664,0.0,0.0,0.0,0.0,310
2023-05-11 09:40:28,OP90002174,中证500ETF沽12月6750,0.0,0.0,0.0,0.0,20,0.5623,0.5675,60,0.5712,0.5664,0.0,0.0,0.0,0.0,310
2023-05-11 09:40:28,OP90002174,中证500ETF沽12月6750,0.0,0.0,0.0,0.0,40,0.5621,0.5675,40,0.5712,0.5664,0.0,0.0,0.0,0.0,310
2023-05-11 09:40:29,OP90002174,中证500ETF沽12月6750,0.0,0.0,0.0,0.0,20,0.5621,0.5663,20,0.5712,0.5664,0.0,0.0,0.0,0.0,310
2023-05-11 09:40:29,OP90002174,中证500ETF沽12月6750,0.0,0.0,0.0,0.0,10,0.5619,0.5663,60,0.5712,0.5664,0.0,0.0,0.0,0.0,310
2023-05-11 09:40:30,OP90002174,中证500ETF沽12月6750,0.0,0.0,0.0,0.0,10,0.5619,0.5663,60,0.5712,0.5664,0.0,0.0,0.0,0.0,310
2023-05-11 09:40:31,OP90002174,中证500ETF沽12月6750,0.0,0.0,0.0,0.0,20,0.5621,0.5663,20,0.5712,0.5664,0.0,0.0,0.0,0.0,310
2023-05-11 09:40:31,OP90002174,中证500ETF沽12月6750,0.0,0.0,0.0,0.0,40,0.5621,0.5662,15,0.5712,0.5664,0.0,0.0,0.0,0.0,310
2023-05-11 09:40:32,OP90002174,中证500ETF沽12月6750,0.0,0.0,0.0,0.0,60,0.5621,0.5662,35,0.5712,0.5664,0.0,0.0,0.0,0.0,310
2023-05-11 09:40:32,OP90002174,中证500ETF沽12月6750,0.0,0.0,0.0,0.0,60,0.5621,0.5662,35,0.5712,0.5664,0.0,0.0,0.0,0.0,310
2023-05-11 09:40:33,OP90002174,中证500ETF沽12月6750,0.0,0.0,0.0,0.0,60,0.5621,0.5662,35,0.5712,0.5664,0.0,0.0,0.0,0.0,310
2023-05-11 09:40:34,OP90002174,中证500ETF沽12月6750,0.0,0.0,0.0,0.0,60,0.5621,0.5662,35,0.5712,0.5664,0.0,0.0,0.0,0.0,310
2023-05-11 09:40:34,OP90002174,中证500ETF沽12月6750,0.0,0.0,0.0,0.0,60,0.5621,0.5662,35,0.5712,0.5664,0.0,0.0,0.0,0.0,310
2023-05-11 09:40:36,OP90002174,中证500ETF沽12月6750,0.0,0.0,0.0,0.0,60,0.5621,0.5662,20,0.5712,0.5664,0.0,0.0,0.0,0.0,310
2023-05-11 09:40:37,OP90002174,中证500ETF沽12月6750,0.0,0.0,0.0,0.0,60,0.5621,0.5674,40,0.5712,0.5664,0.0,0.0,0.0,0.0,310
2023-05-11 09:40:37,OP90002174,中证500ETF沽12月6750,0.0,0.0,0.0,0.0,60,0.5621,0.5673,15,0.5712,0.5664,0.0,0.0,0.0,0.0,310
2023-05-11 09:40:39,OP90002174,中证500ETF沽12月6750,0.0,0.0,0.0,0.0,20,0.5625,0.5673,15,0.5712,0.5664,0.0,0.0,0.0,0.0,310
2023-05-11 09:40:40,OP90002174,中证500ETF沽12月6750,0.0,0.0,0.0,0.0,20,0.5625,0.5673,15,0.5712,0.5664,0.0,0.0,0.0,0.0,310
2023-05-11 09:40:40,OP90002174,中证500ETF沽12月6750,0.0,0.0,0.0,0.0,30,0.5625,0.5673,15,0.5712,0.5664,0.0,0.0,0.0,0.0,310
2023-05-11 09:40:52,OP90002174,中证500ETF沽12月6750,0.0,0.0,0.0,0.0,30,0.5625,0.5673,15,0.5712,0.5664,0.0,0.0,0.0,0.0,310
2023-05-11 09:40:56,OP90002174,中证500ETF沽12月6750,0.0,0.0,0.0,0.0,50,0.5625,0.5673,15,0.5712,0.5664,0.0,0.0,0.0,0.0,310
2023-05-11 09:40:57,OP90002174,中证500ETF沽12月6750,0.0,0.0,0.0,0.0,20,0.5633,0.5673,15,0.5712,0.5664,0.0,0.0,0.0,0.0,310
2023-05-11 09:40:57,OP90002174,中证500ETF沽12月6750,0.0,0.0,0.0,0.0,50,0.5633,0.5676,10,0.5712,0.5664,0.0,0.0,0.0,0.0,310
2023-05-11 09:40:58,OP90002174,中证500ETF沽12月6750,0.0,0.0,0.0,0.0,50,0.5633,0.5675,15,0.5712,0.5664,0.0,0.0,0.0,0.0,310
2023-05-11 09:40:59,OP90002174,中证500ETF沽12月6750,0.0,0.0,0.0,0.0,50,0.5633,0.5675,15,0.5712,0.5664,0.0,0.0,0.0,0.0,310
2023-05-11 09:41:00,OP90002174,中证500ETF沽12月6750,0.0,0.0,0.0,0.0,50,0.5633,0.5682,30,0.5712,0.5664,0.0,0.0,0.0,0.0,310
2023-05-11 09:41:01,OP90002174,中证500ETF沽12月6750,0.0,0.0,0.0,0.0,50,0.5633,0.5681,15,0.5712,0.5664,0.0,0.0,0.0,0.0,310
2023-05-11 09:41:02,OP90002174,中证500ETF沽12月6750,0.0,0.0,0.0,0.0,50,0.5633,0.5681,15,0.5712,0.5664,0.0,0.0,0.0,0.0,310
2023-05-11 09:41:06,OP90002174,中证500ETF沽12月6750,0.0,0.0,0.0,0.0,20,0.5644,0.5684,10,0.5712,0.5664,0.0,0.0,0.0,0.0,310
2023-05-11 09:41:06,OP90002174,中证500ETF沽12月6750,0.0,0.0,0.0,0.0,50,0.5644,0.5683,15,0.5712,0.5664,0.0,0.0,0.0,0.0,310
2023-05-11 09:41:07,OP90002174,中证500ETF沽12月6750,0.0,0.0,0.0,0.0,70,0.5644,0.5684,10,0.5712,0.5664,0.0,0.0,0.0,0.0,310
2023-05-11 09:41:07,OP90002174,中证500ETF沽12月6750,0.0,0.0,0.0,0.0,20,0.5647,0.5684,10,0.5712,0.5664,0.0,0.0,0.0,0.0,310
2023-05-11 09:41:08,OP90002174,中证500ETF沽12月6750,0.0,0.0,0.0,0.0,20,0.566,0.5684,10,0.5712,0.5664,0.0,0.0,0.0,0.0,310
2023-05-11 09:41:08,OP90002174,中证500ETF沽12月6750,0.0,0.0,0.0,0.0,20,0.566,0.5699,10,0.5712,0.5664,0.0,0.0,0.0,0.0,310
2023-05-11 09:41:09,OP90002174,中证500ETF沽12月6750,0.0,0.0,0.0,0.0,40,0.566,0.5698,15,0.5712,0.5664,0.0,0.0,0.0,0.0,310
2023-05-11 09:41:09,OP90002174,中证500ETF沽12月6750,0.0,0.0,0.0,0.0,40,0.566,0.5698,15,0.5712,0.5664,0.0,0.0,0.0,0.0,310
2023-05-11 09:41:10,OP90002174,中证500ETF沽12月6750,0.0,0.0,0.0,0.0,50,0.566,0.5698,15,0.5712,0.5664,0.0,0.0,0.0,0.0,310
2023-05-11 09:41:13,OP90002174,中证500ETF沽12月6750,0.0,0.0,0.0,0.0,50,0.566,0.5698,15,0.5712,0.5664,0.0,0.0,0.0,0.0,310
2023-05-11 09:41:31,OP90002174,中证500ETF沽12月6750,0.0,0.0,0.0,0.0,30,0.566,0.5698,15,0.5712,0.5664,0.0,0.0,0.0,0.0,310
2023-05-11 09:41:34,OP90002174,中证500ETF沽12月6750,0.0,0.0,0.0,0.0,30,0.566,0.5698,15,0.5712,0.5664,0.0,0.0,0.0,0.0,310
2023-05-11 09:41:35,OP90002174,中证500ETF沽12月6750,0.0,0.0,0.0,0.0,30,0.566,0.5698,15,0.5712,0.5664,0.0,0.0,0.0,0.0,310
2023-05-11 09:41:36,OP90002174,中证500ETF沽12月6750,0.0,0.0,0.0,0.0,30,0.566,0.5698,15,0.5712,0.5664,0.0,0.0,0.0,0.0,310
2023-05-11 09:41:48,OP90002174,中证500ETF沽12月6750,0.0,0.0,0.0,0.0,10,0.566,0.5698,35,0.5712,0.5664,0.0,0.0,0.0,0.0,310
2023-05-11 09:41:50,OP90002174,中证500ETF沽12月6750,0.0,0.0,0.0,0.0,10,0.5659,0.5698,35,0.5712,0.5664,0.0,0.0,0.0,0.0,310
2023-05-11 09:41:52,OP90002174,中证500ETF沽12月6750,0.0,0.0,0.0,0.0,10,0.5657,0.5698,35,0.5712,0.5664,0.0,0.0,0.0,0.0,310
2023-05-11 09:41:53,OP90002174,中证500ETF沽12月6750,0.0,0.0,0.0,0.0,10,0.5657,0.5698,35,0.5712,0.5664,0.0,0.0,0.0,0.0,310
2023-05-11 09:41:53,OP90002174,中证500ETF沽12月6750,0.0,0.0,0.0,0.0,10,0.5657,0.5698,35,0.5712,0.5664,0.0,0.0,0.0,0.0,310
2023-05-11 09:41:54,OP90002174,中证500ETF沽12月6750,0.0,0.0,0.0,0.0,10,0.5655,0.5698,35,0.5712,0.5664,0.0,0.0,0.0,0.0,310
2023-05-11 09:41:56,OP90002174,中证500ETF沽12月6750,0.0,0.0,0.0,0.0,10,0.5653,0.5698,35,0.5712,0.5664,0.0,0.0,0.0,0.0,310
2023-05-11 09:42:02,OP90002174,中证500ETF沽12月6750,0.0,0.0,0.0,0.0,10,0.5651,0.5698,35,0.5712,0.5664,0.0,0.0,0.0,0.0,310
2023-05-11 09:42:05,OP90002174,中证500ETF沽12月6750,0.0,0.0,0.0,0.0,10,0.5651,0.5698,35,0.5712,0.5664,0.0,0.0,0.0,0.0,310
2023-05-11 09:42:07,OP90002174,中证500ETF沽12月6750,0.0,0.0,0.0,0.0,10,0.5651,0.5698,35,0.5712,0.5664,0.0,0.0,0.0,0.0,310
2023-05-11 09:42:09,OP90002174,中证500ETF沽12月6750,0.0,0.0,0.0,0.0,30,0.5649,0.5698,35,0.5712,0.5664,0.0,0.0,0.0,0.0,310
2023-05-11 09:42:10,OP90002174,中证500ETF沽12月6750,0.0,0.0,0.0,0.0,30,0.5649,0.5698,35,0.5712,0.5664,0.0,0.0,0.0,0.0,310
2023-05-11 09:42:11,OP90002174,中证500ETF沽12月6750,0.0,0.0,0.0,0.0,30,0.5649,0.5698,35,0.5712,0.5664,0.0,0.0,0.0,0.0,310
2023-05-11 09:42:11,OP90002174,中证500ETF沽12月6750,0.0,0.0,0.0,0.0,20,0.5649,0.5698,35,0.5712,0.5664,0.0,0.0,0.0,0.0,310
2023-05-11 09:42:12,OP90002174,中证500ETF沽12月6750,0.0,0.0,0.0,0.0,20,0.5649,0.5698,35,0.5712,0.5664,0.0,0.0,0.0,0.0,310
2023-05-11 09:42:12,OP90002174,中证500ETF沽12月6750,0.0,0.0,0.0,0.0,40,0.5645,0.5692,20,0.5712,0.5664,0.0,0.0,0.0,0.0,310
2023-05-11 09:42:13,OP90002174,中证500ETF沽12月6750,0.0,0.0,0.0,0.0,10,0.5645,0.5692,40,0.5712,0.5664,0.0,0.0,0.0,0.0,310
2023-05-11 09:42:13,OP90002174,中证500ETF沽12月6750,0.0,0.0,0.0,0.0,30,0.5644,0.5692,40,0.5712,0.5664,0.0,0.0,0.0,0.0,310
2023-05-11 09:42:14,OP90002174,中证500ETF沽12月6750,0.0,0.0,0.0,0.0,10,0.5644,0.5692,40,0.5712,0.5664,0.0,0.0,0.0,0.0,310
2023-05-11 09:42:14,OP90002174,中证500ETF沽12月6750,0.0,0.0,0.0,0.0,10,0.5644,0.5692,40,0.5712,0.5664,0.0,0.0,0.0,0.0,310
2023-05-11 09:42:15,OP90002174,中证500ETF沽12月6750,0.0,0.0,0.0,0.0,10,0.5644,0.5692,40,0.5712,0.5664,0.0,0.0,0.0,0.0,310
2023-05-11 09:42:15,OP90002174,中证500ETF沽12月6750,0.0,0.0,0.0,0.0,10,0.5642,0.5692,40,0.5712,0.5664,0.0,0.0,0.0,0.0,310
2023-05-11 09:42:16,OP90002174,中证500ETF沽12月6750,0.0,0.0,0.0,0.0,20,0.5649,0.5692,20,0.5712,0.5664,0.0,0.0,0.0,0.0,310
2023-05-11 09:42:16,OP90002174,中证500ETF沽12月6750,0.0,0.0,0.0,0.0,40,0.5649,0.5696,40,0.5712,0.5664,0.0,0.0,0.0,0.0,310
2023-05-11 09:42:17,OP90002174,中证500ETF沽12月6750,0.0,0.0,0.0,0.0,20,0.566,0.5696,40,0.5712,0.5664,0.0,0.0,0.0,0.0,310
2023-05-11 09:42:17,OP90002174,中证500ETF沽12月6750,0.0,0.0,0.0,0.0,20,0.566,0.5696,40,0.5712,0.5664,0.0,0.0,0.0,0.0,310
2023-05-11 09:42:18,OP90002174,中证500ETF沽12月6750,0.0,0.0,0.0,0.0,20,0.566,0.5696,20,0.5712,0.5664,0.0,0.0,0.0,0.0,310
2023-05-11 09:42:18,OP90002174,中证500ETF沽12月6750,0.0,0.0,0.0,0.0,20,0.566,0.5698,20,0.5712,0.5664,0.0,0.0,0.0,0.0,310
2023-05-11 09:42:19,OP90002174,中证500ETF沽12月6750,0.0,0.0,0.0,0.0,60,0.566,0.571,70,0.5712,0.5664,0.0,0.0,0.0,0.0,310
2023-05-11 09:42:19,OP90002174,中证500ETF沽12月6750,0.0,0.0,0.0,0.0,60,0.566,0.5709,15,0.5712,0.5664,0.0,0.0,0.0,0.0,310
2023-05-11 09:42:20,OP90002174,中证500ETF沽12月6750,0.0,0.0,0.0,0.0,60,0.566,0.5709,15,0.5712,0.5664,0.0,0.0,0.0,0.0,310
2023-05-11 09:42:20,OP90002174,中证500ETF沽12月6750,0.0,0.0,0.0,0.0,30,0.566,0.5703,20,0.5712,0.5664,0.0,0.0,0.0,0.0,310
2023-05-11 09:42:21,OP90002174,中证500ETF沽12月6750,0.0,0.0,0.0,0.0,10,0.566,0.5703,20,0.5712,0.5664,0.0,0.0,0.0,0.0,310
2023-05-11 09:42:21,OP90002174,中证500ETF沽12月6750,0.0,0.0,0.0,0.0,10,0.566,0.5703,40,0.5712,0.5664,0.0,0.0,0.0,0.0,310
2023-05-11 09:42:22,OP90002174,中证500ETF沽12月6750,0.0,0.0,0.0,0.0,10,0.566,0.5703,60,0.5712,0.5664,0.0,0.0,0.0,0.0,310
2023-05-11 09:42:22,OP90002174,中证500ETF沽12月6750,0.0,0.0,0.0,0.0,10,0.5658,0.5703,60,0.5712,0.5664,0.0,0.0,0.0,0.0,310
2023-05-11 09:42:23,OP90002174,中证500ETF沽12月6750,0.0,0.0,0.0,0.0,10,0.5658,0.5703,40,0.5712,0.5664,0.0,0.0,0.0,0.0,310
2023-05-11 09:42:23,OP90002174,中证500ETF沽12月6750,0.0,0.0,0.0,0.0,10,0.5653,0.5691,20,0.5712,0.5664,0.0,0.0,0.0,0.0,310
2023-05-11 09:42:24,OP90002174,中证500ETF沽12月6750,0.0,0.0,0.0,0.0,10,0.5653,0.5691,40,0.5712,0.5664,0.0,0.0,0.0,0.0,310
2023-05-11 09:42:24,OP90002174,中证500ETF沽12月6750,0.0,0.0,0.0,0.0,10,0.5647,0.5691,40,0.5712,0.5664,0.0,0.0,0.0,0.0,310
2023-05-11 09:42:25,OP90002174,中证500ETF沽12月6750,0.0,0.0,0.0,0.0,10,0.5645,0.5691,40,0.5712,0.5664,0.0,0.0,0.0,0.0,310
2023-05-11 09:42:26,OP90002174,中证500ETF沽12月6750,0.0,0.0,0.0,0.0,10,0.5645,0.5691,60,0.5712,0.5664,0.0,0.0,0.0,0.0,310
2023-05-11 09:42:26,OP90002174,中证500ETF沽12月6750,0.0,0.0,0.0,0.0,10,0.5642,0.5691,40,0.5712,0.5664,0.0,0.0,0.0,0.0,310
2023-05-11 09:42:27,OP90002174,中证500ETF沽12月6750,0.0,0.0,0.0,0.0,10,0.5642,0.5691,60,0.5712,0.5664,0.0,0.0,0.0,0.0,310
2023-05-11 09:42:27,OP90002174,中证500ETF沽12月6750,0.0,0.0,0.0,0.0,20,0.564,0.5691,60,0.5712,0.5664,0.0,0.0,0.0,0.0,310
2023-05-11 09:42:28,OP90002174,中证500ETF沽12月6750,0.0,0.0,0.0,0.0,10,0.564,0.5691,60,0.5712,0.5664,0.0,0.0,0.0,0.0,310
2023-05-11 09:42:29,OP90002174,中证500ETF沽12月6750,0.0,0.0,0.0,0.0,10,0.564,0.5691,40,0.5712,0.5664,0.0,0.0,0.0,0.0,310
2023-05-11 09:42:30,OP90002174,中证500ETF沽12月6750,0.0,0.0,0.0,0.0,10,0.564,0.5691,60,0.5712,0.5664,0.0,0.0,0.0,0.0,310
2023-05-11 09:42:32,OP90002174,中证500ETF沽12月6750,0.0,0.0,0.0,0.0,30,0.564,0.5691,60,0.5712,0.5664,0.0,0.0,0.0,0.0,310
2023-05-11 09:42:34,OP90002174,中证500ETF沽12月6750,0.0,0.0,0.0,0.0,10,0.564,0.5691,60,0.5712,0.5664,0.0,0.0,0.0,0.0,310
2023-05-11 09:42:34,OP90002174,中证500ETF沽12月6750,0.0,0.0,0.0,0.0,10,0.564,0.5691,60,0.5712,0.5664,0.0,0.0,0.0,0.0,310
2023-05-11 09:42:36,OP90002174,中证500ETF沽12月6750,0.0,0.0,0.0,0.0,50,0.5637,0.5691,60,0.5712,0.5664,0.0,0.0,0.0,0.0,310
2023-05-11 09:42:37,OP90002174,中证500ETF沽12月6750,0.0,0.0,0.0,0.0,40,0.5637,0.5691,60,0.5712,0.5664,0.0,0.0,0.0,0.0,310
2023-05-11 09:42:40,OP90002174,中证500ETF沽12月6750,0.0,0.0,0.0,0.0,20,0.5641,0.5691,60,0.5712,0.5664,0.0,0.0,0.0,0.0,310
2023-05-11 09:42:41,OP90002174,中证500ETF沽12月6750,0.0,0.0,0.0,0.0,20,0.5641,0.5691,60,0.5712,0.5664,0.0,0.0,0.0,0.0,310
2023-05-11 09:42:41,OP90002174,中证500ETF沽12月6750,0.0,0.0,0.0,0.0,30,0.5641,0.5691,60,0.5712,0.5664,0.0,0.0,0.0,0.0,310
2023-05-11 09:42:46,OP90002174,中证500ETF沽12月6750,0.0,0.0,0.0,0.0,50,0.5641,0.5691,40,0.5712,0.5664,0.0,0.0,0.0,0.0,310
2023-05-11 09:42:46,OP90002174,中证500ETF沽12月6750,0.0,0.0,0.0,0.0,50,0.5641,0.5691,40,0.5712,0.5664,0.0,0.0,0.0,0.0,310
2023-05-11 09:42:47,OP90002174,中证500ETF沽12月6750,0.0,0.0,0.0,0.0,50,0.5641,0.5691,40,0.5712,0.5664,0.0,0.0,0.0,0.0,310
2023-05-11 09:42:48,OP90002174,中证500ETF沽12月6750,0.0,0.0,0.0,0.0,50,0.5641,0.5691,40,0.5712,0.5664,0.0,0.0,0.0,0.0,310
2023-05-11 09:42:49,OP90002174,中证500ETF沽12月6750,0.0,0.0,0.0,0.0,20,0.5648,0.5691,20,0.5712,0.5664,0.0,0.0,0.0,0.0,310
2023-05-11 09:42:49,OP90002174,中证500ETF沽12月6750,0.0,0.0,0.0,0.0,40,0.5648,0.569,15,0.5712,0.5664,0.0,0.0,0.0,0.0,310
2023-05-11 09:42:50,OP90002174,中证500ETF沽12月6750,0.0,0.0,0.0,0.0,40,0.5648,0.569,35,0.5712,0.5664,0.0,0.0,0.0,0.0,310
2023-05-11 09:42:50,OP90002174,中证500ETF沽12月6750,0.0,0.0,0.0,0.0,50,0.5648,0.569,35,0.5712,0.5664,0.0,0.0,0.0,0.0,310
2023-05-11 09:42:52,OP90002174,中证500ETF沽12月6750,0.0,0.0,0.0,0.0,50,0.5648,0.569,20,0.5712,0.5664,0.0,0.0,0.0,0.0,310
2023-05-11 09:42:53,OP90002174,中证500ETF沽12月6750,0.0,0.0,0.0,0.0,50,0.5648,0.5698,40,0.5712,0.5664,0.0,0.0,0.0,0.0,310
2023-05-11 09:42:53,OP90002174,中证500ETF沽12月6750,0.0,0.0,0.0,0.0,50,0.5648,0.5697,15,0.5712,0.5664,0.0,0.0,0.0,0.0,310
2023-05-11 09:42:59,OP90002174,中证500ETF沽12月6750,0.0,0.0,0.0,0.0,20,0.5651,0.5697,15,0.5712,0.5664,0.0,0.0,0.0,0.0,310
2023-05-11 09:43:00,OP90002174,中证500ETF沽12月6750,0.0,0.0,0.0,0.0,30,0.5651,0.5697,15,0.5712,0.5664,0.0,0.0,0.0,0.0,310
2023-05-11 09:43:01,OP90002174,中证500ETF沽12月6750,0.0,0.0,0.0,0.0,50,0.5651,0.5697,15,0.5712,0.5664,0.0,0.0,0.0,0.0,310
2023-05-11 09:43:05,OP90002174,中证500ETF沽12月6750,0.0,0.0,0.0,0.0,50,0.5651,0.5697,15,0.5712,0.5664,0.0,0.0,0.0,0.0,310
2023-05-11 09:43:06,OP90002174,中证500ETF沽12月6750,0.0,0.0,0.0,0.0,50,0.5651,0.5697,15,0.5712,0.5664,0.0,0.0,0.0,0.0,310
2023-05-11 09:43:07,OP90002174,中证500ETF沽12月6750,0.0,0.0,0.0,0.0,30,0.5651,0.5697,15,0.5712,0.5664,0.0,0.0,0.0,0.0,310
2023-05-11 09:43:08,OP90002174,中证500ETF沽12月6750,0.0,0.0,0.0,0.0,10,0.5651,0.5697,15,0.5712,0.5664,0.0,0.0,0.0,0.0,310
2023-05-11 09:43:08,OP90002174,中证500ETF沽12月6750,0.0,0.0,0.0,0.0,10,0.5651,0.5697,15,0.5712,0.5664,0.0,0.0,0.0,0.0,310
2023-05-11 09:43:09,OP90002174,中证500ETF沽12月6750,0.0,0.0,0.0,0.0,10,0.5651,0.5697,15,0.5712,0.5664,0.0,0.0,0.0,0.0,310
2023-05-11 09:43:09,OP90002174,中证500ETF沽12月6750,0.0,0.0,0.0,0.0,10,0.5651,0.5697,15,0.5712,0.5664,0.0,0.0,0.0,0.0,310
2023-05-11 09:43:10,OP90002174,中证500ETF沽12月6750,0.0,0.0,0.0,0.0,10,0.5651,0.5697,15,0.5712,0.5664,0.0,0.0,0.0,0.0,310
2023-05-11 09:43:11,OP90002174,中证500ETF沽12月6750,0.0,0.0,0.0,0.0,20,0.5653,0.5697,15,0.5712,0.5664,0.0,0.0,0.0,0.0,310
2023-05-11 09:43:11,OP90002174,中证500ETF沽12月6750,0.0,0.0,0.0,0.0,30,0.5653,0.5697,15,0.5712,0.5664,0.0,0.0,0.0,0.0,310
2023-05-11 09:43:13,OP90002174,中证500ETF沽12月6750,0.0,0.0,0.0,0.0,30,0.5653,0.5697,15,0.5712,0.5664,0.0,0.0,0.0,0.0,310
2023-05-11 09:43:13,OP90002174,中证500ETF沽12月6750,0.0,0.0,0.0,0.0,30,0.5653,0.5697,15,0.5712,0.5664,0.0,0.0,0.0,0.0,310
2023-05-11 09:43:14,OP90002174,中证500ETF沽12月6750,0.0,0.0,0.0,0.0,30,0.5653,0.5697,15,0.5712,0.5664,0.0,0.0,0.0,0.0,310
2023-05-11 09:43:14,OP90002174,中证500ETF沽12月6750,0.0,0.0,0.0,0.0,20,0.5658,0.5697,15,0.5712,0.5664,0.0,0.0,0.0,0.0,310
2023-05-11 09:43:15,OP90002174,中证500ETF沽12月6750,0.0,0.0,0.0,0.0,50,0.5658,0.5697,15,0.5712,0.5664,0.0,0.0,0.0,0.0,310
2023-05-11 09:43:15,OP90002174,中证500ETF沽12月6750,0.0,0.0,0.0,0.0,50,0.5658,0.5697,15,0.5712,0.5664,0.0,0.0,0.0,0.0,310
2023-05-11 09:43:16,OP90002174,中证500ETF沽12月6750,0.0,0.0,0.0,0.0,50,0.5658,0.5697,15,0.5712,0.5664,0.0,0.0,0.0,0.0,310
2023-05-11 09:43:16,OP90002174,中证500ETF沽12月6750,0.0,0.0,0.0,0.0,70,0.5658,0.5697,15,0.5712,0.5664,0.0,0.0,0.0,0.0,310
2023-05-11 09:43:17,OP90002174,中证500ETF沽12月6750,0.0,0.0,0.0,0.0,70,0.5658,0.5697,15,0.5712,0.5664,0.0,0.0,0.0,0.0,310
2023-05-11 09:43:19,OP90002174,中证500ETF沽12月6750,0.0,0.0,0.0,0.0,70,0.5658,0.5697,15,0.5712,0.5664,0.0,0.0,0.0,0.0,310
2023-05-11 09:43:19,OP90002174,中证500ETF沽12月6750,0.0,0.0,0.0,0.0,50,0.5658,0.5697,15,0.5712,0.5664,0.0,0.0,0.0,0.0,310
2023-05-11 09:43:21,OP90002174,中证500ETF沽12月6750,0.0,0.0,0.0,0.0,70,0.5658,0.5697,15,0.5712,0.5664,0.0,0.0,0.0,0.0,310
2023-05-11 09:43:22,OP90002174,中证500ETF沽12月6750,0.0,0.0,0.0,0.0,50,0.5658,0.5697,15,0.5712,0.5664,0.0,0.0,0.0,0.0,310
2023-05-11 09:43:23,OP90002174,中证500ETF沽12月6750,0.0,0.0,0.0,0.0,70,0.5658,0.5697,15,0.5712,0.5664,0.0,0.0,0.0,0.0,310
2023-05-11 09:43:28,OP90002174,中证500ETF沽12月6750,0.0,0.0,0.0,0.0,50,0.5658,0.5697,15,0.5712,0.5664,0.0,0.0,0.0,0.0,310
2023-05-11 09:43:29,OP90002174,中证500ETF沽12月6750,0.0,0.0,0.0,0.0,30,0.5658,0.5697,35,0.5712,0.5664,0.0,0.0,0.0,0.0,310
2023-05-11 09:43:29,OP90002174,中证500ETF沽12月6750,0.0,0.0,0.0,0.0,10,0.5658,0.5697,35,0.5712,0.5664,0.0,0.0,0.0,0.0,310
2023-05-11 09:43:30,OP90002174,中证500ETF沽12月6750,0.0,0.0,0.0,0.0,10,0.5658,0.5697,55,0.5712,0.5664,0.0,0.0,0.0,0.0,310
2023-05-11 09:43:30,OP90002174,中证500ETF沽12月6750,0.0,0.0,0.0,0.0,10,0.5658,0.5697,35,0.5712,0.5664,0.0,0.0,0.0,0.0,310
2023-05-11 09:43:31,OP90002174,中证500ETF沽12月6750,0.0,0.0,0.0,0.0,10,0.5658,0.5697,35,0.5712,0.5664,0.0,0.0,0.0,0.0,310
2023-05-11 09:43:32,OP90002174,中证500ETF沽12月6750,0.0,0.0,0.0,0.0,10,0.5658,0.5697,35,0.5712,0.5664,0.0,0.0,0.0,0.0,310
2023-05-11 09:43:33,OP90002174,中证500ETF沽12月6750,0.0,0.0,0.0,0.0,10,0.5658,0.5697,35,0.5712,0.5664,0.0,0.0,0.0,0.0,310
2023-05-11 09:43:37,OP90002174,中证500ETF沽12月6750,0.0,0.0,0.0,0.0,30,0.5658,0.5697,35,0.5712,0.5664,0.0,0.0,0.0,0.0,310
2023-05-11 09:43:37,OP90002174,中证500ETF沽12月6750,0.0,0.0,0.0,0.0,30,0.5658,0.5697,35,0.5712,0.5664,0.0,0.0,0.0,0.0,310
2023-05-11 09:43:46,OP90002174,中证500ETF沽12月6750,0.0,0.0,0.0,0.0,10,0.5658,0.5697,35,0.5712,0.5664,0.0,0.0,0.0,0.0,310
2023-05-11 09:43:47,OP90002174,中证500ETF沽12月6750,0.0,0.0,0.0,0.0,10,0.5658,0.5697,35,0.5712,0.5664,0.0,0.0,0.0,0.0,310
2023-05-11 09:43:48,OP90002174,中证500ETF沽12月6750,0.0,0.0,0.0,0.0,10,0.5658,0.5697,55,0.5712,0.5664,0.0,0.0,0.0,0.0,310
2023-05-11 09:43:48,OP90002174,中证500ETF沽12月6750,0.0,0.0,0.0,0.0,10,0.5658,0.5697,55,0.5712,0.5664,0.0,0.0,0.0,0.0,310
2023-05-11 09:43:49,OP90002174,中证500ETF沽12月6750,0.0,0.0,0.0,0.0,10,0.5658,0.5697,35,0.5712,0.5664,0.0,0.0,0.0,0.0,310
2023-05-11 09:43:49,OP90002174,中证500ETF沽12月6750,0.0,0.0,0.0,0.0,10,0.5658,0.5697,55,0.5712,0.5664,0.0,0.0,0.0,0.0,310
2023-05-11 09:43:50,OP90002174,中证500ETF沽12月6750,0.0,0.0,0.0,0.0,10,0.5658,0.5697,35,0.5712,0.5664,0.0,0.0,0.0,0.0,310
2023-05-11 09:43:50,OP90002174,中证500ETF沽12月6750,0.0,0.0,0.0,0.0,10,0.5656,0.5697,35,0.5712,0.5664,0.0,0.0,0.0,0.0,310
2023-05-11 09:43:51,OP90002174,中证500ETF沽12月6750,0.0,0.0,0.0,0.0,10,0.5656,0.5697,55,0.5712,0.5664,0.0,0.0,0.0,0.0,310
2023-05-11 09:43:53,OP90002174,中证500ETF沽12月6750,0.0,0.0,0.0,0.0,10,0.5654,0.5697,55,0.5712,0.5664,0.0,0.0,0.0,0.0,310
2023-05-11 09:43:54,OP90002174,中证500ETF沽12月6750,0.0,0.0,0.0,0.0,10,0.5654,0.5697,35,0.5712,0.5664,0.0,0.0,0.0,0.0,310
2023-05-11 09:43:55,OP90002174,中证500ETF沽12月6750,0.0,0.0,0.0,0.0,10,0.5654,0.5697,55,0.5712,0.5664,0.0,0.0,0.0,0.0,310
2023-05-11 09:43:56,OP90002174,中证500ETF沽12月6750,0.0,0.0,0.0,0.0,10,0.5654,0.5697,35,0.5712,0.5664,0.0,0.0,0.0,0.0,310
2023-05-11 09:43:56,OP90002174,中证500ETF沽12月6750,0.0,0.0,0.0,0.0,30,0.5654,0.5697,35,0.5712,0.5664,0.0,0.0,0.0,0.0,310
2023-05-11 09:43:57,OP90002174,中证500ETF沽12月6750,0.0,0.0,0.0,0.0,30,0.5654,0.5697,35,0.5712,0.5664,0.0,0.0,0.0,0.0,310
2023-05-11 09:43:59,OP90002174,中证500ETF沽12月6750,0.0,0.0,0.0,0.0,10,0.5654,0.5697,35,0.5712,0.5664,0.0,0.0,0.0,0.0,310
2023-05-11 09:44:10,OP90002174,中证500ETF沽12月6750,0.0,0.0,0.0,0.0,10,0.5654,0.5697,35,0.5712,0.5664,0.0,0.0,0.0,0.0,310
2023-05-11 09:44:11,OP90002174,中证500ETF沽12月6750,0.0,0.0,0.0,0.0,10,0.5654,0.5697,35,0.5712,0.5664,0.0,0.0,0.0,0.0,310
2023-05-11 09:44:11,OP90002174,中证500ETF沽12月6750,0.0,0.0,0.0,0.0,10,0.5654,0.5689,20,0.5712,0.5664,0.0,0.0,0.0,0.0,310
2023-05-11 09:44:12,OP90002174,中证500ETF沽12月6750,0.0,0.0,0.0,0.0,10,0.5654,0.5689,40,0.5712,0.5664,0.0,0.0,0.0,0.0,310
2023-05-11 09:44:12,OP90002174,中证500ETF沽12月6750,0.0,0.0,0.0,0.0,10,0.5651,0.5689,40,0.5712,0.5664,0.0,0.0,0.0,0.0,310
2023-05-11 09:44:13,OP90002174,中证500ETF沽12月6750,0.0,0.0,0.0,0.0,10,0.5649,0.5689,40,0.5712,0.5664,0.0,0.0,0.0,0.0,310
2023-05-11 09:44:14,OP90002174,中证500ETF沽12月6750,0.0,0.0,0.0,0.0,10,0.5649,0.5689,60,0.5712,0.5664,0.0,0.0,0.0,0.0,310
2023-05-11 09:44:14,OP90002174,中证500ETF沽12月6750,0.0,0.0,0.0,0.0,10,0.5647,0.5689,40,0.5712,0.5664,0.0,0.0,0.0,0.0,310
2023-05-11 09:44:15,OP90002174,中证500ETF沽12月6750,0.0,0.0,0.0,0.0,10,0.5647,0.5689,60,0.5712,0.5664,0.0,0.0,0.0,0.0,310
2023-05-11 09:44:15,OP90002174,中证500ETF沽12月6750,0.0,0.0,0.0,0.0,10,0.5647,0.5689,60,0.5712,0.5664,0.0,0.0,0.0,0.0,310
2023-05-11 09:44:16,OP90002174,中证500ETF沽12月6750,0.0,0.0,0.0,0.0,10,0.5646,0.5689,60,0.5712,0.5664,0.0,0.0,0.0,0.0,310
2023-05-11 09:44:16,OP90002174,中证500ETF沽12月6750,0.0,0.0,0.0,0.0,10,0.5646,0.5689,40,0.5712,0.5664,0.0,0.0,0.0,0.0,310
2023-05-11 09:44:18,OP90002174,中证500ETF沽12月6750,0.0,0.0,0.0,0.0,10,0.5646,0.5689,60,0.5712,0.5664,0.0,0.0,0.0,0.0,310
2023-05-11 09:44:18,OP90002174,中证500ETF沽12月6750,0.0,0.0,0.0,0.0,10,0.5646,0.5689,40,0.5712,0.5664,0.0,0.0,0.0,0.0,310
2023-05-11 09:44:19,OP90002174,中证500ETF沽12月6750,0.0,0.0,0.0,0.0,10,0.5646,0.5689,60,0.5712,0.5664,0.0,0.0,0.0,0.0,310
2023-05-11 09:44:19,OP90002174,中证500ETF沽12月6750,0.0,0.0,0.0,0.0,10,0.5643,0.5689,40,0.5712,0.5664,0.0,0.0,0.0,0.0,310
2023-05-11 09:44:20,OP90002174,中证500ETF沽12月6750,0.0,0.0,0.0,0.0,10,0.5643,0.5689,40,0.5712,0.5664,0.0,0.0,0.0,0.0,310
2023-05-11 09:44:20,OP90002174,中证500ETF沽12月6750,0.0,0.0,0.0,0.0,10,0.5641,0.5689,40,0.5712,0.5664,0.0,0.0,0.0,0.0,310
2023-05-11 09:44:21,OP90002174,中证500ETF沽12月6750,0.0,0.0,0.0,0.0,10,0.5641,0.5689,60,0.5712,0.5664,0.0,0.0,0.0,0.0,310
2023-05-11 09:44:22,OP90002174,中证500ETF沽12月6750,0.0,0.0,0.0,0.0,10,0.5639,0.5689,60,0.5712,0.5664,0.0,0.0,0.0,0.0,310
2023-05-11 09:44:23,OP90002174,中证500ETF沽12月6750,0.0,0.0,0.0,0.0,10,0.5639,0.5689,60,0.5712,0.5664,0.0,0.0,0.0,0.0,310
2023-05-11 09:44:24,OP90002174,中证500ETF沽12月6750,0.0,0.0,0.0,0.0,10,0.5639,0.5689,60,0.5712,0.5664,0.0,0.0,0.0,0.0,310
2023-05-11 09:44:25,OP90002174,中证500ETF沽12月6750,0.0,0.0,0.0,0.0,10,0.5639,0.5689,40,0.5712,0.5664,0.0,0.0,0.0,0.0,310
2023-05-11 09:44:26,OP90002174,中证500ETF沽12月6750,0.0,0.0,0.0,0.0,10,0.5639,0.5689,60,0.5712,0.5664,0.0,0.0,0.0,0.0,310
2023-05-11 09:44:26,OP90002174,中证500ETF沽12月6750,0.0,0.0,0.0,0.0,10,0.5639,0.5689,60,0.5712,0.5664,0.0,0.0,0.0,0.0,310
2023-05-11 09:44:28,OP90002174,中证500ETF沽12月6750,0.0,0.0,0.0,0.0,20,0.564,0.5689,60,0.5712,0.5664,0.0,0.0,0.0,0.0,310
2023-05-11 09:44:29,OP90002174,中证500ETF沽12月6750,0.0,0.0,0.0,0.0,20,0.5651,0.5688,15,0.5712,0.5664,0.0,0.0,0.0,0.0,310
2023-05-11 09:44:29,OP90002174,中证500ETF沽12月6750,0.0,0.0,0.0,0.0,20,0.5653,0.5691,20,0.5712,0.5664,0.0,0.0,0.0,0.0,310
2023-05-11 09:44:30,OP90002174,中证500ETF沽12月6750,0.0,0.0,0.0,0.0,20,0.5648,0.569,15,0.5712,0.5664,0.0,0.0,0.0,0.0,310
2023-05-11 09:44:30,OP90002174,中证500ETF沽12月6750,0.0,0.0,0.0,0.0,40,0.5648,0.569,20,0.5712,0.5664,0.0,0.0,0.0,0.0,310
2023-05-11 09:44:31,OP90002174,中证500ETF沽12月6750,0.0,0.0,0.0,0.0,50,0.5648,0.5701,20,0.5712,0.5664,0.0,0.0,0.0,0.0,310
2023-05-11 09:44:32,OP90002174,中证500ETF沽12月6750,0.0,0.0,0.0,0.0,50,0.5648,0.57,15,0.5712,0.5664,0.0,0.0,0.0,0.0,310
2023-05-11 09:44:32,OP90002174,中证500ETF沽12月6750,0.0,0.0,0.0,0.0,50,0.5648,0.57,15,0.5712,0.5664,0.0,0.0,0.0,0.0,310
2023-05-11 09:44:37,OP90002174,中证500ETF沽12月6750,0.0,0.0,0.0,0.0,30,0.5648,0.57,35,0.5712,0.5664,0.0,0.0,0.0,0.0,310
2023-05-11 09:44:42,OP90002174,中证500ETF沽12月6750,0.0,0.0,0.0,0.0,30,0.5648,0.57,35,0.5712,0.5664,0.0,0.0,0.0,0.0,310
2023-05-11 09:44:43,OP90002174,中证500ETF沽12月6750,0.0,0.0,0.0,0.0,20,0.5651,0.57,35,0.5712,0.5664,0.0,0.0,0.0,0.0,310
2023-05-11 09:44:43,OP90002174,中证500ETF沽12月6750,0.0,0.0,0.0,0.0,50,0.5651,0.57,35,0.5712,0.5664,0.0,0.0,0.0,0.0,310
2023-05-11 09:44:44,OP90002174,中证500ETF沽12月6750,0.0,0.0,0.0,0.0,50,0.5651,0.57,35,0.5712,0.5664,0.0,0.0,0.0,0.0,310
2023-05-11 09:44:45,OP90002174,中证500ETF沽12月6750,0.0,0.0,0.0,0.0,50,0.5651,0.57,35,0.5712,0.5664,0.0,0.0,0.0,0.0,310
2023-05-11 09:44:56,OP90002174,中证500ETF沽12月6750,0.0,0.0,0.0,0.0,20,0.5659,0.57,35,0.5712,0.5664,0.0,0.0,0.0,0.0,310
2023-05-11 09:44:56,OP90002174,中证500ETF沽12月6750,0.0,0.0,0.0,0.0,20,0.5659,0.57,35,0.5712,0.5664,0.0,0.0,0.0,0.0,310
2023-05-11 09:44:57,OP90002174,中证500ETF沽12月6750,0.0,0.0,0.0,0.0,30,0.5659,0.57,35,0.5712,0.5664,0.0,0.0,0.0,0.0,310
2023-05-11 09:45:00,OP90002174,中证500ETF沽12月6750,0.0,0.0,0.0,0.0,30,0.5659,0.57,20,0.5712,0.5664,0.0,0.0,0.0,0.0,310
2023-05-11 09:45:00,OP90002174,中证500ETF沽12月6750,0.0,0.0,0.0,0.0,50,0.5659,0.5706,40,0.5712,0.5664,0.0,0.0,0.0,0.0,310
2023-05-11 09:45:01,OP90002174,中证500ETF沽12月6750,0.0,0.0,0.0,0.0,50,0.5659,0.5705,15,0.5712,0.5664,0.0,0.0,0.0,0.0,310
2023-05-11 09:45:01,OP90002174,中证500ETF沽12月6750,0.0,0.0,0.0,0.0,70,0.5659,0.5705,15,0.5712,0.5664,0.0,0.0,0.0,0.0,310
2023-05-11 09:45:05,OP90002174,中证500ETF沽12月6750,0.0,0.0,0.0,0.0,20,0.5672,0.5706,20,0.5712,0.5664,0.0,0.0,0.0,0.0,310
2023-05-11 09:45:06,OP90002174,中证500ETF沽12月6750,0.0,0.0,0.0,0.0,40,0.5672,0.5713,20,0.5712,0.5664,0.0,0.0,0.0,0.0,310
2023-05-11 09:45:06,OP90002174,中证500ETF沽12月6750,0.0,0.0,0.0,0.0,40,0.5672,0.5714,20,0.5712,0.5664,0.0,0.0,0.0,0.0,310
2023-05-11 09:45:07,OP90002174,中证500ETF沽12月6750,0.0,0.0,0.0,0.0,20,0.5673,0.5714,20,0.5712,0.5664,0.0,0.0,0.0,0.0,310
2023-05-11 09:45:07,OP90002174,中证500ETF沽12月6750,0.0,0.0,0.0,0.0,30,0.5673,0.5714,35,0.5712,0.5664,0.0,0.0,0.0,0.0,310
2023-05-11 09:45:08,OP90002174,中证500ETF沽12月6750,0.0,0.0,0.0,0.0,30,0.5673,0.5714,35,0.5712,0.5664,0.0,0.0,0.0,0.0,310
2023-05-11 09:45:09,OP90002174,中证500ETF沽12月6750,0.0,0.0,0.0,0.0,30,0.5673,0.5714,20,0.5712,0.5664,0.0,0.0,0.0,0.0,310
2023-05-11 09:45:09,OP90002174,中证500ETF沽12月6750,0.0,0.0,0.0,0.0,50,0.5673,0.5725,70,0.5712,0.5664,0.0,0.0,0.0,0.0,310
2023-05-11 09:45:10,OP90002174,中证500ETF沽12月6750,0.0,0.0,0.0,0.0,50,0.5673,0.5724,15,0.5712,0.5664,0.0,0.0,0.0,0.0,310
2023-05-11 09:45:10,OP90002174,中证500ETF沽12月6750,0.0,0.0,0.0,0.0,50,0.5673,0.5724,15,0.5712,0.5664,0.0,0.0,0.0,0.0,310
2023-05-11 09:45:12,OP90002174,中证500ETF沽12月6750,0.0,0.0,0.0,0.0,30,0.5673,0.5724,15,0.5712,0.5664,0.0,0.0,0.0,0.0,310
2023-05-11 09:45:15,OP90002174,中证500ETF沽12月6750,0.0,0.0,0.0,0.0,10,0.5673,0.5724,35,0.5712,0.5664,0.0,0.0,0.0,0.0,310
2023-05-11 09:45:16,OP90002174,中证500ETF沽12月6750,0.0,0.0,0.0,0.0,10,0.5673,0.5724,35,0.5712,0.5664,0.0,0.0,0.0,0.0,310
2023-05-11 09:45:21,OP90002174,中证500ETF沽12月6750,0.0,0.0,0.0,0.0,10,0.5673,0.5724,35,0.5712,0.5664,0.0,0.0,0.0,0.0,310
2023-05-11 09:45:22,OP90002174,中证500ETF沽12月6750,0.0,0.0,0.0,0.0,10,0.5673,0.5723,20,0.5712,0.5664,0.0,0.0,0.0,0.0,310
2023-05-11 09:45:22,OP90002174,中证500ETF沽12月6750,0.0,0.0,0.0,0.0,10,0.5673,0.5722,15,0.5712,0.5664,0.0,0.0,0.0,0.0,310
2023-05-11 09:45:23,OP90002174,中证500ETF沽12月6750,0.0,0.0,0.0,0.0,10,0.5673,0.5722,15,0.5712,0.5664,0.0,0.0,0.0,0.0,310
2023-05-11 09:45:28,OP90002174,中证500ETF沽12月6750,0.0,0.0,0.0,0.0,10,0.5673,0.5722,15,0.5712,0.5664,0.0,0.0,0.0,0.0,310
2023-05-11 09:45:31,OP90002174,中证500ETF沽12月6750,0.0,0.0,0.0,0.0,10,0.5673,0.5722,15,0.5712,0.5664,0.0,0.0,0.0,0.0,310
2023-05-11 09:45:32,OP90002174,中证500ETF沽12月6750,0.0,0.0,0.0,0.0,10,0.5673,0.5715,20,0.5712,0.5664,0.0,0.0,0.0,0.0,310
2023-05-11 09:45:33,OP90002174,中证500ETF沽12月6750,0.0,0.0,0.0,0.0,10,0.5673,0.5715,60,0.5712,0.5664,0.0,0.0,0.0,0.0,310
2023-05-11 09:45:33,OP90002174,中证500ETF沽12月6750,0.0,0.0,0.0,0.0,10,0.5673,0.5713,20,0.5712,0.5664,0.0,0.0,0.0,0.0,310
2023-05-11 09:45:34,OP90002174,中证500ETF沽12月6750,0.0,0.0,0.0,0.0,10,0.5673,0.5712,15,0.5712,0.5664,0.0,0.0,0.0,0.0,310
2023-05-11 09:45:34,OP90002174,中证500ETF沽12月6750,0.0,0.0,0.0,0.0,10,0.5671,0.5712,15,0.5712,0.5664,0.0,0.0,0.0,0.0,310
2023-05-11 09:45:35,OP90002174,中证500ETF沽12月6750,0.0,0.0,0.0,0.0,10,0.5671,0.5704,20,0.5712,0.5664,0.0,0.0,0.0,0.0,310
2023-05-11 09:45:35,OP90002174,中证500ETF沽12月6750,0.0,0.0,0.0,0.0,10,0.5669,0.5704,40,0.5712,0.5664,0.0,0.0,0.0,0.0,310
2023-05-11 09:45:36,OP90002174,中证500ETF沽12月6750,0.0,0.0,0.0,0.0,10,0.5668,0.5704,40,0.5712,0.5664,0.0,0.0,0.0,0.0,310
2023-05-11 09:45:36,OP90002174,中证500ETF沽12月6750,0.0,0.0,0.0,0.0,10,0.5665,0.5704,40,0.5712,0.5664,0.0,0.0,0.0,0.0,310
2023-05-11 09:45:37,OP90002174,中证500ETF沽12月6750,0.0,0.0,0.0,0.0,10,0.5661,0.5704,40,0.5712,0.5664,0.0,0.0,0.0,0.0,310
2023-05-11 09:45:38,OP90002174,中证500ETF沽12月6750,0.0,0.0,0.0,0.0,10,0.5661,0.5704,40,0.5712,0.5664,0.0,0.0,0.0,0.0,310
2023-05-11 09:45:38,OP90002174,中证500ETF沽12月6750,0.0,0.0,0.0,0.0,10,0.566,0.5704,40,0.5712,0.5664,0.0,0.0,0.0,0.0,310
2023-05-11 09:45:39,OP90002174,中证500ETF沽12月6750,0.0,0.0,0.0,0.0,10,0.566,0.5704,60,0.5712,0.5664,0.0,0.0,0.0,0.0,310
2023-05-11 09:45:39,OP90002174,中证500ETF沽12月6750,0.0,0.0,0.0,0.0,10,0.566,0.5704,40,0.5712,0.5664,0.0,0.0,0.0,0.0,310
2023-05-11 09:45:40,OP90002174,中证500ETF沽12月6750,0.0,0.0,0.0,0.0,10,0.566,0.5704,40,0.5712,0.5664,0.0,0.0,0.0,0.0,310
2023-05-11 09:45:40,OP90002174,中证500ETF沽12月6750,0.0,0.0,0.0,0.0,10,0.5659,0.5704,40,0.5712,0.5664,0.0,0.0,0.0,0.0,310
2023-05-11 09:45:41,OP90002174,中证500ETF沽12月6750,0.0,0.0,0.0,0.0,10,0.5659,0.5704,60,0.5712,0.5664,0.0,0.0,0.0,0.0,310
2023-05-11 09:45:41,OP90002174,中证500ETF沽12月6750,0.0,0.0,0.0,0.0,10,0.5659,0.5704,40,0.5712,0.5664,0.0,0.0,0.0,0.0,310
2023-05-11 09:45:42,OP90002174,中证500ETF沽12月6750,0.0,0.0,0.0,0.0,10,0.5658,0.5704,40,0.5712,0.5664,0.0,0.0,0.0,0.0,310
2023-05-11 09:45:42,OP90002174,中证500ETF沽12月6750,0.0,0.0,0.0,0.0,10,0.5658,0.5704,40,0.5712,0.5664,0.0,0.0,0.0,0.0,310
2023-05-11 09:45:43,OP90002174,中证500ETF沽12月6750,0.0,0.0,0.0,0.0,10,0.5658,0.5704,60,0.5712,0.5664,0.0,0.0,0.0,0.0,310
2023-05-11 09:45:43,OP90002174,中证500ETF沽12月6750,0.0,0.0,0.0,0.0,10,0.5658,0.5704,60,0.5712,0.5664,0.0,0.0,0.0,0.0,310
2023-05-11 09:45:49,OP90002174,中证500ETF沽12月6750,0.0,0.0,0.0,0.0,10,0.5658,0.5704,40,0.5712,0.5664,0.0,0.0,0.0,0.0,310
2023-05-11 09:45:49,OP90002174,中证500ETF沽12月6750,0.0,0.0,0.0,0.0,20,0.5662,0.5704,20,0.5712,0.5664,0.0,0.0,0.0,0.0,310
2023-05-11 09:45:50,OP90002174,中证500ETF沽12月6750,0.0,0.0,0.0,0.0,50,0.5662,0.5703,15,0.5712,0.5664,0.0,0.0,0.0,0.0,310
2023-05-11 09:45:50,OP90002174,中证500ETF沽12月6750,0.0,0.0,0.0,0.0,50,0.5662,0.5709,20,0.5712,0.5664,0.0,0.0,0.0,0.0,310
2023-05-11 09:45:51,OP90002174,中证500ETF沽12月6750,0.0,0.0,0.0,0.0,50,0.5662,0.5708,15,0.5712,0.5664,0.0,0.0,0.0,0.0,310
2023-05-11 09:45:52,OP90002174,中证500ETF沽12月6750,0.0,0.0,0.0,0.0,50,0.5662,0.5708,15,0.5712,0.5664,0.0,0.0,0.0,0.0,310
2023-05-11 09:45:54,OP90002174,中证500ETF沽12月6750,0.0,0.0,0.0,0.0,50,0.5662,0.5708,15,0.5712,0.5664,0.0,0.0,0.0,0.0,310
2023-05-11 09:45:55,OP90002174,中证500ETF沽12月6750,0.0,0.0,0.0,0.0,20,0.5665,0.5708,15,0.5712,0.5664,0.0,0.0,0.0,0.0,310
2023-05-11 09:45:55,OP90002174,中证500ETF沽12月6750,0.0,0.0,0.0,0.0,20,0.5673,0.5709,20,0.5712,0.5664,0.0,0.0,0.0,0.0,310
2023-05-11 09:45:56,OP90002174,中证500ETF沽12月6750,0.0,0.0,0.0,0.0,30,0.5673,0.5712,10,0.5712,0.5664,0.0,0.0,0.0,0.0,310
2023-05-11 09:45:56,OP90002174,中证500ETF沽12月6750,0.0,0.0,0.0,0.0,20,0.5674,0.5711,15,0.5712,0.5664,0.0,0.0,0.0,0.0,310
2023-05-11 09:45:57,OP90002174,中证500ETF沽12月6750,0.0,0.0,0.0,0.0,30,0.5674,0.5711,15,0.5712,0.5664,0.0,0.0,0.0,0.0,310
2023-05-11 09:45:58,OP90002174,中证500ETF沽12月6750,0.0,0.0,0.0,0.0,30,0.5674,0.5711,15,0.5712,0.5664,0.0,0.0,0.0,0.0,310
2023-05-11 09:46:00,OP90002174,中证500ETF沽12月6750,0.0,0.0,0.0,0.0,30,0.5674,0.5712,20,0.5712,0.5664,0.0,0.0,0.0,0.0,310
2023-05-11 09:46:00,OP90002174,中证500ETF沽12月6750,0.0,0.0,0.0,0.0,50,0.5674,0.5719,30,0.5712,0.5664,0.0,0.0,0.0,0.0,310
2023-05-11 09:46:01,OP90002174,中证500ETF沽12月6750,0.0,0.0,0.0,0.0,50,0.5674,0.5718,15,0.5712,0.5664,0.0,0.0,0.0,0.0,310
2023-05-11 09:46:01,OP90002174,中证500ETF沽12月6750,0.0,0.0,0.0,0.0,50,0.5674,0.5718,15,0.5712,0.5664,0.0,0.0,0.0,0.0,310
2023-05-11 09:46:03,OP90002174,中证500ETF沽12月6750,0.0,0.0,0.0,0.0,50,0.5674,0.5718,15,0.5712,0.5664,0.0,0.0,0.0,0.0,310
2023-05-11 09:46:04,OP90002174,中证500ETF沽12月6750,0.0,0.0,0.0,0.0,50,0.5674,0.5719,20,0.5712,0.5664,0.0,0.0,0.0,0.0,310
2023-05-11 09:46:04,OP90002174,中证500ETF沽12月6750,0.0,0.0,0.0,0.0,50,0.5674,0.5719,15,0.5712,0.5664,0.0,0.0,0.0,0.0,310
2023-05-11 09:46:08,OP90002174,中证500ETF沽12月6750,0.0,0.0,0.0,0.0,50,0.5674,0.5726,40,0.5712,0.5664,0.0,0.0,0.0,0.0,310
2023-05-11 09:46:08,OP90002174,中证500ETF沽12月6750,0.0,0.0,0.0,0.0,50,0.5674,0.5725,15,0.5712,0.5664,0.0,0.0,0.0,0.0,310
2023-05-11 09:46:09,OP90002174,中证500ETF沽12月6750,0.0,0.0,0.0,0.0,20,0.5683,0.5725,15,0.5712,0.5664,0.0,0.0,0.0,0.0,310
2023-05-11 09:46:09,OP90002174,中证500ETF沽12月6750,0.0,0.0,0.0,0.0,50,0.5683,0.5725,15,0.5712,0.5664,0.0,0.0,0.0,0.0,310
2023-05-11 09:46:12,OP90002174,中证500ETF沽12月6750,0.0,0.0,0.0,0.0,30,0.5683,0.5725,15,0.5712,0.5664,0.0,0.0,0.0,0.0,310
2023-05-11 09:46:13,OP90002174,中证500ETF沽12月6750,0.0,0.0,0.0,0.0,10,0.5683,0.5725,35,0.5712,0.5664,0.0,0.0,0.0,0.0,310
2023-05-11 09:46:13,OP90002174,中证500ETF沽12月6750,0.0,0.0,0.0,0.0,10,0.5683,0.5725,35,0.5712,0.5664,0.0,0.0,0.0,0.0,310
2023-05-11 09:46:14,OP90002174,中证500ETF沽12月6750,0.0,0.0,0.0,0.0,10,0.5683,0.5725,35,0.5712,0.5664,0.0,0.0,0.0,0.0,310
2023-05-11 09:46:14,OP90002174,中证500ETF沽12月6750,0.0,0.0,0.0,0.0,10,0.5683,0.5725,35,0.5712,0.5664,0.0,0.0,0.0,0.0,310
2023-05-11 09:46:15,OP90002174,中证500ETF沽12月6750,0.0,0.0,0.0,0.0,10,0.5683,0.5715,20,0.5712,0.5664,0.0,0.0,0.0,0.0,310
2023-05-11 09:46:15,OP90002174,中证500ETF沽12月6750,0.0,0.0,0.0,0.0,10,0.5682,0.5715,20,0.5712,0.5664,0.0,0.0,0.0,0.0,310
2023-05-11 09:46:16,OP90002174,中证500ETF沽12月6750,0.0,0.0,0.0,0.0,10,0.5682,0.5715,40,0.5712,0.5664,0.0,0.0,0.0,0.0,310
2023-05-11 09:46:16,OP90002174,中证500ETF沽12月6750,0.0,0.0,0.0,0.0,10,0.5678,0.5715,40,0.5712,0.5664,0.0,0.0,0.0,0.0,310
2023-05-11 09:46:17,OP90002174,中证500ETF沽12月6750,0.0,0.0,0.0,0.0,10,0.5678,0.5715,40,0.5712,0.5664,0.0,0.0,0.0,0.0,310
2023-05-11 09:46:17,OP90002174,中证500ETF沽12月6750,0.0,0.0,0.0,0.0,10,0.5676,0.5715,40,0.5712,0.5664,0.0,0.0,0.0,0.0,310
2023-05-11 09:46:18,OP90002174,中证500ETF沽12月6750,0.0,0.0,0.0,0.0,10,0.5676,0.5715,60,0.5712,0.5664,0.0,0.0,0.0,0.0,310
2023-05-11 09:46:18,OP90002174,中证500ETF沽12月6750,0.0,0.0,0.0,0.0,10,0.5676,0.5715,40,0.5712,0.5664,0.0,0.0,0.0,0.0,310
2023-05-11 09:46:19,OP90002174,中证500ETF沽12月6750,0.0,0.0,0.0,0.0,10,0.5676,0.5703,20,0.5712,0.5664,0.0,0.0,0.0,0.0,310
2023-05-11 09:46:19,OP90002174,中证500ETF沽12月6750,0.0,0.0,0.0,0.0,10,0.5674,0.5703,40,0.5712,0.5664,0.0,0.0,0.0,0.0,310
2023-05-11 09:46:20,OP90002174,中证500ETF沽12月6750,0.0,0.0,0.0,0.0,10,0.5674,0.5703,40,0.5712,0.5664,0.0,0.0,0.0,0.0,310
2023-05-11 09:46:20,OP90002174,中证500ETF沽12月6750,0.0,0.0,0.0,0.0,10,0.5672,0.5703,40,0.5712,0.5664,0.0,0.0,0.0,0.0,310
2023-05-11 09:46:21,OP90002174,中证500ETF沽12月6750,0.0,0.0,0.0,0.0,10,0.5667,0.5703,40,0.5712,0.5664,0.0,0.0,0.0,0.0,310
2023-05-11 09:46:22,OP90002174,中证500ETF沽12月6750,0.0,0.0,0.0,0.0,10,0.5667,0.5703,60,0.5712,0.5664,0.0,0.0,0.0,0.0,310
2023-05-11 09:46:22,OP90002174,中证500ETF沽12月6750,0.0,0.0,0.0,0.0,10,0.5662,0.5703,60,0.5712,0.5664,0.0,0.0,0.0,0.0,310
2023-05-11 09:46:23,OP90002174,中证500ETF沽12月6750,0.0,0.0,0.0,0.0,30,0.5659,0.5703,60,0.5712,0.5664,0.0,0.0,0.0,0.0,310
2023-05-11 09:46:24,OP90002174,中证500ETF沽12月6750,0.0,0.0,0.0,0.0,10,0.5659,0.5703,40,0.5712,0.5664,0.0,0.0,0.0,0.0,310
2023-05-11 09:46:25,OP90002174,中证500ETF沽12月6750,0.0,0.0,0.0,0.0,30,0.5658,0.5703,60,0.5712,0.5664,0.0,0.0,0.0,0.0,310
2023-05-11 09:46:25,OP90002174,中证500ETF沽12月6750,0.0,0.0,0.0,0.0,30,0.5658,0.5703,60,0.5712,0.5664,0.0,0.0,0.0,0.0,310
2023-05-11 09:46:26,OP90002174,中证500ETF沽12月6750,0.0,0.0,0.0,0.0,30,0.5658,0.5703,60,0.5712,0.5664,0.0,0.0,0.0,0.0,310
2023-05-11 09:46:27,OP90002174,中证500ETF沽12月6750,0.0,0.0,0.0,0.0,30,0.5658,0.5703,60,0.5712,0.5664,0.0,0.0,0.0,0.0,310
2023-05-11 09:46:35,OP90002174,中证500ETF沽12月6750,0.0,0.0,0.0,0.0,20,0.5663,0.5703,40,0.5712,0.5664,0.0,0.0,0.0,0.0,310
2023-05-11 09:46:35,OP90002174,中证500ETF沽12月6750,0.0,0.0,0.0,0.0,30,0.5663,0.5702,15,0.5712,0.5664,0.0,0.0,0.0,0.0,310
2023-05-11 09:46:36,OP90002174,中证500ETF沽12月6750,0.0,0.0,0.0,0.0,10,0.5663,0.5702,15,0.5712,0.5664,0.0,0.0,0.0,0.0,310
2023-05-11 09:46:39,OP90002174,中证500ETF沽12月6750,0.0,0.0,0.0,0.0,10,0.5662,0.5702,15,0.5712,0.5664,0.0,0.0,0.0,0.0,310
2023-05-11 09:46:40,OP90002174,中证500ETF沽12月6750,0.0,0.0,0.0,0.0,10,0.5662,0.5702,15,0.5712,0.5664,0.0,0.0,0.0,0.0,310
2023-05-11 09:46:41,OP90002174,中证500ETF沽12月6750,0.0,0.0,0.0,0.0,10,0.5661,0.5702,15,0.5712,0.5664,0.0,0.0,0.0,0.0,310
2023-05-11 09:46:41,OP90002174,中证500ETF沽12月6750,0.0,0.0,0.0,0.0,30,0.5658,0.5702,15,0.5712,0.5664,0.0,0.0,0.0,0.0,310
2023-05-11 09:46:42,OP90002174,中证500ETF沽12月6750,0.0,0.0,0.0,0.0,10,0.5658,0.5702,35,0.5712,0.5664,0.0,0.0,0.0,0.0,310
2023-05-11 09:46:42,OP90002174,中证500ETF沽12月6750,0.0,0.0,0.0,0.0,10,0.5658,0.5702,35,0.5712,0.5664,0.0,0.0,0.0,0.0,310
2023-05-11 09:46:43,OP90002174,中证500ETF沽12月6750,0.0,0.0,0.0,0.0,10,0.5658,0.5702,55,0.5712,0.5664,0.0,0.0,0.0,0.0,310
2023-05-11 09:46:43,OP90002174,中证500ETF沽12月6750,0.0,0.0,0.0,0.0,10,0.5656,0.5702,55,0.5712,0.5664,0.0,0.0,0.0,0.0,310
2023-05-11 09:46:44,OP90002174,中证500ETF沽12月6750,0.0,0.0,0.0,0.0,10,0.5656,0.5702,35,0.5712,0.5664,0.0,0.0,0.0,0.0,310
2023-05-11 09:46:44,OP90002174,中证500ETF沽12月6750,0.0,0.0,0.0,0.0,10,0.5655,0.5702,35,0.5712,0.5664,0.0,0.0,0.0,0.0,310
2023-05-11 09:46:45,OP90002174,中证500ETF沽12月6750,0.0,0.0,0.0,0.0,10,0.5655,0.5702,35,0.5712,0.5664,0.0,0.0,0.0,0.0,310
2023-05-11 09:46:46,OP90002174,中证500ETF沽12月6750,0.0,0.0,0.0,0.0,10,0.5654,0.5702,35,0.5712,0.5664,0.0,0.0,0.0,0.0,310
2023-05-11 09:46:46,OP90002174,中证500ETF沽12月6750,0.0,0.0,0.0,0.0,10,0.5654,0.5702,35,0.5712,0.5664,0.0,0.0,0.0,0.0,310
2023-05-11 09:46:51,OP90002174,中证500ETF沽12月6750,0.0,0.0,0.0,0.0,10,0.5654,0.5702,35,0.5712,0.5664,0.0,0.0,0.0,0.0,310
2023-05-11 09:46:52,OP90002174,中证500ETF沽12月6750,0.0,0.0,0.0,0.0,20,0.5658,0.5702,35,0.5712,0.5664,0.0,0.0,0.0,0.0,310
2023-05-11 09:46:52,OP90002174,中证500ETF沽12月6750,0.0,0.0,0.0,0.0,30,0.5658,0.5702,35,0.5712,0.5664,0.0,0.0,0.0,0.0,310
2023-05-11 09:46:53,OP90002174,中证500ETF沽12月6750,0.0,0.0,0.0,0.0,20,0.5665,0.5702,20,0.5712,0.5664,0.0,0.0,0.0,0.0,310
2023-05-11 09:46:53,OP90002174,中证500ETF沽12月6750,0.0,0.0,0.0,0.0,20,0.5665,0.5701,15,0.5712,0.5664,0.0,0.0,0.0,0.0,310
2023-05-11 09:46:54,OP90002174,中证500ETF沽12月6750,0.0,0.0,0.0,0.0,20,0.5665,0.5701,35,0.5712,0.5664,0.0,0.0,0.0,0.0,310
2023-05-11 09:46:54,OP90002174,中证500ETF沽12月6750,0.0,0.0,0.0,0.0,30,0.5665,0.5701,35,0.5712,0.5664,0.0,0.0,0.0,0.0,310
2023-05-11 09:46:56,OP90002174,中证500ETF沽12月6750,0.0,0.0,0.0,0.0,10,0.5665,0.5701,35,0.5712,0.5664,0.0,0.0,0.0,0.0,310
2023-05-11 09:47:01,OP90002174,中证500ETF沽12月6750,0.0,0.0,0.0,0.0,10,0.5665,0.5701,35,0.5712,0.5664,0.0,0.0,0.0,0.0,310
2023-05-11 09:47:01,OP90002174,中证500ETF沽12月6750,0.0,0.0,0.0,0.0,10,0.5665,0.5701,35,0.5712,0.5664,0.0,0.0,0.0,0.0,310
2023-05-11 09:47:02,OP90002174,中证500ETF沽12月6750,0.0,0.0,0.0,0.0,10,0.5664,0.5701,35,0.5712,0.5664,0.0,0.0,0.0,0.0,310
2023-05-11 09:47:03,OP90002174,中证500ETF沽12月6750,0.0,0.0,0.0,0.0,10,0.5662,0.5701,35,0.5712,0.5664,0.0,0.0,0.0,0.0,310
2023-05-11 09:47:05,OP90002174,中证500ETF沽12月6750,0.0,0.0,0.0,0.0,10,0.5661,0.5701,35,0.5712,0.5664,0.0,0.0,0.0,0.0,310
2023-05-11 09:47:07,OP90002174,中证500ETF沽12月6750,0.0,0.0,0.0,0.0,10,0.5661,0.5701,35,0.5712,0.5664,0.0,0.0,0.0,0.0,310
2023-05-11 09:47:09,OP90002174,中证500ETF沽12月6750,0.0,0.0,0.0,0.0,20,0.5665,0.5708,10,0.5712,0.5664,0.0,0.0,0.0,0.0,310
2023-05-11 09:47:09,OP90002174,中证500ETF沽12月6750,0.0,0.0,0.0,0.0,20,0.5671,0.5707,15,0.5712,0.5664,0.0,0.0,0.0,0.0,310
2023-05-11 09:47:10,OP90002174,中证500ETF沽12月6750,0.0,0.0,0.0,0.0,20,0.5671,0.5707,15,0.5712,0.5664,0.0,0.0,0.0,0.0,310
2023-05-11 09:47:10,OP90002174,中证500ETF沽12月6750,0.0,0.0,0.0,0.0,20,0.5671,0.5707,15,0.5712,0.5664,0.0,0.0,0.0,0.0,310
2023-05-11 09:47:11,OP90002174,中证500ETF沽12月6750,0.0,0.0,0.0,0.0,30,0.5671,0.5707,15,0.5712,0.5664,0.0,0.0,0.0,0.0,310
2023-05-11 09:47:15,OP90002174,中证500ETF沽12月6750,0.0,0.0,0.0,0.0,50,0.5671,0.5707,15,0.5712,0.5664,0.0,0.0,0.0,0.0,310
2023-05-11 09:47:15,OP90002174,中证500ETF沽12月6750,0.0,0.0,0.0,0.0,50,0.5671,0.571,20,0.5712,0.5664,0.0,0.0,0.0,0.0,310
2023-05-11 09:47:16,OP90002174,中证500ETF沽12月6750,0.0,0.0,0.0,0.0,50,0.5671,0.571,15,0.5712,0.5664,0.0,0.0,0.0,0.0,310
2023-05-11 09:47:16,OP90002174,中证500ETF沽12月6750,0.0,0.0,0.0,0.0,50,0.5671,0.571,15,0.5712,0.5664,0.0,0.0,0.0,0.0,310
2023-05-11 09:47:17,OP90002174,中证500ETF沽12月6750,0.0,0.0,0.0,0.0,30,0.5671,0.571,35,0.5712,0.5664,0.0,0.0,0.0,0.0,310
2023-05-11 09:47:18,OP90002174,中证500ETF沽12月6750,0.0,0.0,0.0,0.0,30,0.5671,0.571,35,0.5712,0.5664,0.0,0.0,0.0,0.0,310
2023-05-11 09:47:19,OP90002174,中证500ETF沽12月6750,0.0,0.0,0.0,0.0,10,0.5671,0.571,35,0.5712,0.5664,0.0,0.0,0.0,0.0,310
2023-05-11 09:47:20,OP90002174,中证500ETF沽12月6750,0.0,0.0,0.0,0.0,10,0.5671,0.5706,20,0.5712,0.5664,0.0,0.0,0.0,0.0,310
2023-05-11 09:47:20,OP90002174,中证500ETF沽12月6750,0.0,0.0,0.0,0.0,10,0.5671,0.5706,20,0.5712,0.5664,0.0,0.0,0.0,0.0,310
2023-05-11 09:47:21,OP90002174,中证500ETF沽12月6750,0.0,0.0,0.0,0.0,10,0.567,0.5706,20,0.5712,0.5664,0.0,0.0,0.0,0.0,310
2023-05-11 09:47:22,OP90002174,中证500ETF沽12月6750,0.0,0.0,0.0,0.0,10,0.5669,0.5706,20,0.5712,0.5664,0.0,0.0,0.0,0.0,310
2023-05-11 09:47:22,OP90002174,中证500ETF沽12月6750,0.0,0.0,0.0,0.0,10,0.5666,0.571,20,0.5712,0.5664,0.0,0.0,0.0,0.0,310
2023-05-11 09:47:23,OP90002174,中证500ETF沽12月6750,0.0,0.0,0.0,0.0,20,0.5668,0.5706,20,0.5712,0.5664,0.0,0.0,0.0,0.0,310
2023-05-11 09:47:23,OP90002174,中证500ETF沽12月6750,0.0,0.0,0.0,0.0,20,0.5668,0.5705,15,0.5712,0.5664,0.0,0.0,0.0,0.0,310
2023-05-11 09:47:24,OP90002174,中证500ETF沽12月6750,0.0,0.0,0.0,0.0,30,0.5665,0.5705,35,0.5712,0.5664,0.0,0.0,0.0,0.0,310
2023-05-11 09:47:26,OP90002174,中证500ETF沽12月6750,0.0,0.0,0.0,0.0,30,0.5665,0.5705,35,0.5712,0.5664,0.0,0.0,0.0,0.0,310
2023-05-11 09:47:32,OP90002174,中证500ETF沽12月6750,0.0,0.0,0.0,0.0,10,0.5665,0.5705,35,0.5712,0.5664,0.0,0.0,0.0,0.0,310
2023-05-11 09:47:32,OP90002174,中证500ETF沽12月6750,0.0,0.0,0.0,0.0,10,0.5665,0.5705,35,0.5712,0.5664,0.0,0.0,0.0,0.0,310
2023-05-11 09:47:33,OP90002174,中证500ETF沽12月6750,0.0,0.0,0.0,0.0,10,0.5665,0.5705,35,0.5712,0.5664,0.0,0.0,0.0,0.0,310
2023-05-11 09:47:33,OP90002174,中证500ETF沽12月6750,0.0,0.0,0.0,0.0,10,0.5662,0.5705,35,0.5712,0.5664,0.0,0.0,0.0,0.0,310
2023-05-11 09:47:34,OP90002174,中证500ETF沽12月6750,0.0,0.0,0.0,0.0,10,0.5662,0.5705,55,0.5712,0.5664,0.0,0.0,0.0,0.0,310
2023-05-11 09:47:34,OP90002174,中证500ETF沽12月6750,0.0,0.0,0.0,0.0,10,0.5661,0.5705,55,0.5712,0.5664,0.0,0.0,0.0,0.0,310
2023-05-11 09:47:35,OP90002174,中证500ETF沽12月6750,0.0,0.0,0.0,0.0,10,0.5661,0.5705,35,0.5712,0.5664,0.0,0.0,0.0,0.0,310
2023-05-11 09:47:35,OP90002174,中证500ETF沽12月6750,0.0,0.0,0.0,0.0,10,0.5659,0.5705,35,0.5712,0.5664,0.0,0.0,0.0,0.0,310
2023-05-11 09:47:36,OP90002174,中证500ETF沽12月6750,0.0,0.0,0.0,0.0,10,0.5659,0.5705,55,0.5712,0.5664,0.0,0.0,0.0,0.0,310
2023-05-11 09:47:37,OP90002174,中证500ETF沽12月6750,0.0,0.0,0.0,0.0,20,0.5663,0.5705,55,0.5712,0.5664,0.0,0.0,0.0,0.0,310
2023-05-11 09:47:38,OP90002174,中证500ETF沽12月6750,0.0,0.0,0.0,0.0,10,0.5661,0.5705,55,0.5712,0.5664,0.0,0.0,0.0,0.0,310
2023-05-11 09:47:38,OP90002174,中证500ETF沽12月6750,0.0,0.0,0.0,0.0,10,0.566,0.5705,35,0.5712,0.5664,0.0,0.0,0.0,0.0,310
2023-05-11 09:47:39,OP90002174,中证500ETF沽12月6750,0.0,0.0,0.0,0.0,10,0.566,0.5705,55,0.5712,0.5664,0.0,0.0,0.0,0.0,310
2023-05-11 09:47:40,OP90002174,中证500ETF沽12月6750,0.0,0.0,0.0,0.0,10,0.566,0.5705,35,0.5712,0.5664,0.0,0.0,0.0,0.0,310
2023-05-11 09:47:41,OP90002174,中证500ETF沽12月6750,0.0,0.0,0.0,0.0,10,0.566,0.5705,55,0.5712,0.5664,0.0,0.0,0.0,0.0,310
2023-05-11 09:47:41,OP90002174,中证500ETF沽12月6750,0.0,0.0,0.0,0.0,10,0.566,0.5705,35,0.5712,0.5664,0.0,0.0,0.0,0.0,310
2023-05-11 09:47:42,OP90002174,中证500ETF沽12月6750,0.0,0.0,0.0,0.0,10,0.566,0.5705,55,0.5712,0.5664,0.0,0.0,0.0,0.0,310
2023-05-11 09:47:42,OP90002174,中证500ETF沽12月6750,0.0,0.0,0.0,0.0,10,0.5659,0.5704,20,0.5712,0.5664,0.0,0.0,0.0,0.0,310
2023-05-11 09:47:43,OP90002174,中证500ETF沽12月6750,0.0,0.0,0.0,0.0,10,0.5659,0.5703,15,0.5712,0.5664,0.0,0.0,0.0,0.0,310
2023-05-11 09:47:43,OP90002174,中证500ETF沽12月6750,0.0,0.0,0.0,0.0,10,0.5655,0.5703,15,0.5712,0.5664,0.0,0.0,0.0,0.0,310
2023-05-11 09:47:44,OP90002174,中证500ETF沽12月6750,0.0,0.0,0.0,0.0,20,0.5654,0.5703,15,0.5712,0.5664,0.0,0.0,0.0,0.0,310
2023-05-11 09:47:47,OP90002174,中证500ETF沽12月6750,0.0,0.0,0.0,0.0,30,0.5654,0.5703,15,0.5712,0.5664,0.0,0.0,0.0,0.0,310
2023-05-11 09:47:55,OP90002174,中证500ETF沽12月6750,0.0,0.0,0.0,0.0,20,0.5656,0.5703,15,0.5712,0.5664,0.0,0.0,0.0,0.0,310
2023-05-11 09:47:56,OP90002174,中证500ETF沽12月6750,0.0,0.0,0.0,0.0,30,0.5656,0.5703,15,0.5712,0.5664,0.0,0.0,0.0,0.0,310
2023-05-11 09:47:56,OP90002174,中证500ETF沽12月6750,0.0,0.0,0.0,0.0,30,0.5656,0.5703,15,0.5712,0.5664,0.0,0.0,0.0,0.0,310
2023-05-11 09:47:58,OP90002174,中证500ETF沽12月6750,0.0,0.0,0.0,0.0,10,0.5656,0.5703,15,0.5712,0.5664,0.0,0.0,0.0,0.0,310
2023-05-11 09:47:58,OP90002174,中证500ETF沽12月6750,0.0,0.0,0.0,0.0,20,0.5664,0.5703,15,0.5712,0.5664,0.0,0.0,0.0,0.0,310
2023-05-11 09:47:59,OP90002174,中证500ETF沽12月6750,0.0,0.0,0.0,0.0,40,0.5664,0.5703,15,0.5712,0.5664,0.0,0.0,0.0,0.0,310
2023-05-11 09:47:59,OP90002174,中证500ETF沽12月6750,0.0,0.0,0.0,0.0,50,0.5664,0.5703,15,0.5712,0.5664,0.0,0.0,0.0,0.0,310
