time,symbol_id,symbol_name,last,trade_volume,trade_amount,open_interest_change,bv1,bp1,ap1,av1,yesterday_close,today_open,today_high,today_low,volume,amount,open_interest
2023-05-10 20:59:00,fu2311,fu2311,2878.0,500.0,14390000.0,-500.0,3,2877.0,2900.0,1,2874.0,2878.0,2878.0,2878.0,500.0,14390000.0,13885
2023-05-10 21:00:00,fu2311,fu2311,2878.0,0.0,0.0,0.0,1,2888.0,2900.0,1,2874.0,2878.0,2878.0,2878.0,500.0,14390000.0,13885
2023-05-10 21:00:01,fu2311,fu2311,2878.0,0.0,0.0,0.0,2,2899.0,2900.0,1,2874.0,2878.0,2878.0,2878.0,500.0,14390000.0,13885
2023-05-10 21:00:01,fu2311,fu2311,2900.0,1.0,29000.0,-1.0,3,2899.0,2903.0,15,2874.0,2878.0,2900.0,2878.0,501.0,14419000.0,13884
2023-05-10 21:00:02,fu2311,fu2311,2899.0,1.0,28990.0,-1.0,7,2899.0,2903.0,6,2874.0,2878.0,2900.0,2878.0,502.0,14447990.0,13883
2023-05-10 21:00:02,fu2311,fu2311,2899.0,0.0,0.0,0.0,9,2899.0,2903.0,6,2874.0,2878.0,2900.0,2878.0,502.0,14447990.0,13883
2023-05-10 21:00:03,fu2311,fu2311,2899.0,0.0,0.0,0.0,8,2899.0,2903.0,9,2874.0,2878.0,2900.0,2878.0,502.0,14447990.0,13883
2023-05-10 21:00:04,fu2311,fu2311,2899.0,0.0,0.0,0.0,9,2899.0,2903.0,6,2874.0,2878.0,2900.0,2878.0,502.0,14447990.0,13883
2023-05-10 21:00:04,fu2311,fu2311,2899.0,0.0,0.0,0.0,8,2899.0,2903.0,6,2874.0,2878.0,2900.0,2878.0,502.0,14447990.0,13883
2023-05-10 21:00:05,fu2311,fu2311,2899.0,0.0,0.0,0.0,8,2899.0,2903.0,7,2874.0,2878.0,2900.0,2878.0,502.0,14447990.0,13883
2023-05-10 21:00:05,fu2311,fu2311,2899.0,0.0,0.0,0.0,2,2899.0,2903.0,19,2874.0,2878.0,2900.0,2878.0,502.0,14447990.0,13883
2023-05-10 21:00:06,fu2311,fu2311,2899.0,0.0,0.0,0.0,3,2899.0,2903.0,9,2874.0,2878.0,2900.0,2878.0,502.0,14447990.0,13883
2023-05-10 21:00:07,fu2311,fu2311,2899.0,0.0,0.0,0.0,2,2899.0,2903.0,19,2874.0,2878.0,2900.0,2878.0,502.0,14447990.0,13883
2023-05-10 21:00:08,fu2311,fu2311,2899.0,0.0,0.0,0.0,1,2885.0,2902.0,1,2874.0,2878.0,2900.0,2878.0,502.0,14447990.0,13883
2023-05-10 21:00:08,fu2311,fu2311,2899.0,0.0,0.0,0.0,2,2898.0,2902.0,13,2874.0,2878.0,2900.0,2878.0,502.0,14447990.0,13883
2023-05-10 21:00:09,fu2311,fu2311,2899.0,0.0,0.0,0.0,4,2896.0,2901.0,1,2874.0,2878.0,2900.0,2878.0,502.0,14447990.0,13883
2023-05-10 21:00:09,fu2311,fu2311,2899.0,0.0,0.0,0.0,2,2897.0,2901.0,13,2874.0,2878.0,2900.0,2878.0,502.0,14447990.0,13883
2023-05-10 21:00:10,fu2311,fu2311,2899.0,0.0,0.0,0.0,3,2897.0,2901.0,13,2874.0,2878.0,2900.0,2878.0,502.0,14447990.0,13883
2023-05-10 21:00:10,fu2311,fu2311,2899.0,0.0,0.0,0.0,1,2896.0,2900.0,1,2874.0,2878.0,2900.0,2878.0,502.0,14447990.0,13883
2023-05-10 21:00:11,fu2311,fu2311,2899.0,0.0,0.0,0.0,3,2896.0,2900.0,13,2874.0,2878.0,2900.0,2878.0,502.0,14447990.0,13883
2023-05-10 21:00:12,fu2311,fu2311,2899.0,0.0,0.0,0.0,4,2896.0,2900.0,13,2874.0,2878.0,2900.0,2878.0,502.0,14447990.0,13883
2023-05-10 21:00:12,fu2311,fu2311,2899.0,0.0,0.0,0.0,9,2896.0,2900.0,2,2874.0,2878.0,2900.0,2878.0,502.0,14447990.0,13883
2023-05-10 21:00:14,fu2311,fu2311,2899.0,0.0,0.0,0.0,3,2896.0,2900.0,4,2874.0,2878.0,2900.0,2878.0,502.0,14447990.0,13883
2023-05-10 21:00:15,fu2311,fu2311,2899.0,0.0,0.0,0.0,3,2896.0,2900.0,13,2874.0,2878.0,2900.0,2878.0,502.0,14447990.0,13883
2023-05-10 21:00:17,fu2311,fu2311,2900.0,1.0,29000.0,0.0,3,2896.0,2900.0,12,2874.0,2878.0,2900.0,2878.0,503.0,14476990.0,13883
2023-05-10 21:00:17,fu2311,fu2311,2900.0,0.0,0.0,0.0,9,2896.0,2900.0,2,2874.0,2878.0,2900.0,2878.0,503.0,14476990.0,13883
2023-05-10 21:00:18,fu2311,fu2311,2900.0,0.0,0.0,0.0,9,2896.0,2900.0,1,2874.0,2878.0,2900.0,2878.0,503.0,14476990.0,13883
2023-05-10 21:00:18,fu2311,fu2311,2900.0,0.0,0.0,0.0,10,2896.0,2901.0,2,2874.0,2878.0,2900.0,2878.0,503.0,14476990.0,13883
2023-05-10 21:00:20,fu2311,fu2311,2900.0,0.0,0.0,0.0,14,2896.0,2901.0,2,2874.0,2878.0,2900.0,2878.0,503.0,14476990.0,13883
2023-05-10 21:00:22,fu2311,fu2311,2900.0,0.0,0.0,0.0,14,2896.0,2901.0,1,2874.0,2878.0,2900.0,2878.0,503.0,14476990.0,13883
2023-05-10 21:00:22,fu2311,fu2311,2900.0,0.0,0.0,0.0,14,2896.0,2901.0,2,2874.0,2878.0,2900.0,2878.0,503.0,14476990.0,13883
2023-05-10 21:00:23,fu2311,fu2311,2900.0,0.0,0.0,0.0,9,2896.0,2901.0,14,2874.0,2878.0,2900.0,2878.0,503.0,14476990.0,13883
2023-05-10 21:00:24,fu2311,fu2311,2900.0,0.0,0.0,0.0,9,2896.0,2901.0,1,2874.0,2878.0,2900.0,2878.0,503.0,14476990.0,13883
2023-05-10 21:00:25,fu2311,fu2311,2900.0,0.0,0.0,0.0,1,2897.0,2901.0,1,2874.0,2878.0,2900.0,2878.0,503.0,14476990.0,13883
2023-05-10 21:00:25,fu2311,fu2311,2900.0,0.0,0.0,0.0,2,2899.0,2901.0,1,2874.0,2878.0,2900.0,2878.0,503.0,14476990.0,13883
2023-05-10 21:00:26,fu2311,fu2311,2900.0,0.0,0.0,0.0,5,2899.0,2901.0,1,2874.0,2878.0,2900.0,2878.0,503.0,14476990.0,13883
2023-05-10 21:00:26,fu2311,fu2311,2901.0,1.0,29010.0,0.0,9,2899.0,2903.0,6,2874.0,2878.0,2901.0,2878.0,504.0,14506000.0,13883
2023-05-10 21:00:27,fu2311,fu2311,2901.0,0.0,0.0,0.0,10,2899.0,2903.0,6,2874.0,2878.0,2901.0,2878.0,504.0,14506000.0,13883
2023-05-10 21:00:27,fu2311,fu2311,2903.0,1.0,29030.0,1.0,20,2899.0,2903.0,5,2874.0,2878.0,2903.0,2878.0,505.0,14535030.0,13884
2023-05-10 21:00:28,fu2311,fu2311,2903.0,5.0,145150.0,4.0,10,2900.0,2911.0,1,2874.0,2878.0,2903.0,2878.0,510.0,14680180.0,13888
2023-05-10 21:00:29,fu2311,fu2311,2903.0,0.0,0.0,0.0,2,2903.0,2907.0,1,2874.0,2878.0,2903.0,2878.0,510.0,14680180.0,13888
2023-05-10 21:00:29,fu2311,fu2311,2903.0,0.0,0.0,0.0,2,2903.0,2907.0,13,2874.0,2878.0,2903.0,2878.0,510.0,14680180.0,13888
2023-05-10 21:00:31,fu2311,fu2311,2903.0,0.0,0.0,0.0,4,2901.0,2906.0,1,2874.0,2878.0,2903.0,2878.0,510.0,14680180.0,13888
2023-05-10 21:00:31,fu2311,fu2311,2903.0,0.0,0.0,0.0,2,2902.0,2906.0,13,2874.0,2878.0,2903.0,2878.0,510.0,14680180.0,13888
2023-05-10 21:00:32,fu2311,fu2311,2903.0,0.0,0.0,0.0,5,2902.0,2906.0,3,2874.0,2878.0,2903.0,2878.0,510.0,14680180.0,13888
2023-05-10 21:00:33,fu2311,fu2311,2903.0,0.0,0.0,0.0,9,2902.0,2906.0,3,2874.0,2878.0,2903.0,2878.0,510.0,14680180.0,13888
2023-05-10 21:00:34,fu2311,fu2311,2903.0,0.0,0.0,0.0,9,2902.0,2907.0,2,2874.0,2878.0,2903.0,2878.0,510.0,14680180.0,13888
2023-05-10 21:00:34,fu2311,fu2311,2903.0,0.0,0.0,0.0,10,2902.0,2907.0,3,2874.0,2878.0,2903.0,2878.0,510.0,14680180.0,13888
2023-05-10 21:00:35,fu2311,fu2311,2903.0,0.0,0.0,0.0,20,2902.0,2910.0,1,2874.0,2878.0,2903.0,2878.0,510.0,14680180.0,13888
2023-05-10 21:00:36,fu2311,fu2311,2903.0,0.0,0.0,0.0,10,2902.0,2909.0,10,2874.0,2878.0,2903.0,2878.0,510.0,14680180.0,13888
2023-05-10 21:00:36,fu2311,fu2311,2903.0,0.0,0.0,0.0,10,2902.0,2908.0,1,2874.0,2878.0,2903.0,2878.0,510.0,14680180.0,13888
2023-05-10 21:00:37,fu2311,fu2311,2903.0,0.0,0.0,0.0,10,2902.0,2908.0,13,2874.0,2878.0,2903.0,2878.0,510.0,14680180.0,13888
2023-05-10 21:00:38,fu2311,fu2311,2903.0,0.0,0.0,0.0,10,2902.0,2908.0,3,2874.0,2878.0,2903.0,2878.0,510.0,14680180.0,13888
2023-05-10 21:00:38,fu2311,fu2311,2903.0,0.0,0.0,0.0,10,2903.0,2909.0,2,2874.0,2878.0,2903.0,2878.0,510.0,14680180.0,13888
2023-05-10 21:00:39,fu2311,fu2311,2903.0,0.0,0.0,0.0,2,2906.0,2909.0,3,2874.0,2878.0,2903.0,2878.0,510.0,14680180.0,13888
2023-05-10 21:00:39,fu2311,fu2311,2903.0,0.0,0.0,0.0,4,2904.0,2909.0,13,2874.0,2878.0,2903.0,2878.0,510.0,14680180.0,13888
2023-05-10 21:00:40,fu2311,fu2311,2903.0,0.0,0.0,0.0,2,2905.0,2909.0,13,2874.0,2878.0,2903.0,2878.0,510.0,14680180.0,13888
2023-05-10 21:00:40,fu2311,fu2311,2903.0,0.0,0.0,0.0,6,2903.0,2908.0,1,2874.0,2878.0,2903.0,2878.0,510.0,14680180.0,13888
2023-05-10 21:00:41,fu2311,fu2311,2903.0,0.0,0.0,0.0,2,2904.0,2908.0,13,2874.0,2878.0,2903.0,2878.0,510.0,14680180.0,13888
2023-05-10 21:00:42,fu2311,fu2311,2903.0,0.0,0.0,0.0,2,2902.0,2907.0,1,2874.0,2878.0,2903.0,2878.0,510.0,14680180.0,13888
2023-05-10 21:00:42,fu2311,fu2311,2903.0,0.0,0.0,0.0,2,2903.0,2907.0,13,2874.0,2878.0,2903.0,2878.0,510.0,14680180.0,13888
2023-05-10 21:00:43,fu2311,fu2311,2903.0,0.0,0.0,0.0,2,2903.0,2907.0,13,2874.0,2878.0,2903.0,2878.0,510.0,14680180.0,13888
2023-05-10 21:00:43,fu2311,fu2311,2903.0,0.0,0.0,0.0,2,2903.0,2907.0,13,2874.0,2878.0,2903.0,2878.0,510.0,14680180.0,13888
2023-05-10 21:00:44,fu2311,fu2311,2903.0,0.0,0.0,0.0,1,2898.0,2906.0,1,2874.0,2878.0,2903.0,2878.0,510.0,14680180.0,13888
2023-05-10 21:00:44,fu2311,fu2311,2903.0,0.0,0.0,0.0,2,2902.0,2906.0,13,2874.0,2878.0,2903.0,2878.0,510.0,14680180.0,13888
2023-05-10 21:00:45,fu2311,fu2311,2903.0,0.0,0.0,0.0,5,2899.0,2905.0,1,2874.0,2878.0,2903.0,2878.0,510.0,14680180.0,13888
2023-05-10 21:00:45,fu2311,fu2311,2903.0,0.0,0.0,0.0,2,2901.0,2905.0,13,2874.0,2878.0,2903.0,2878.0,510.0,14680180.0,13888
2023-05-10 21:00:46,fu2311,fu2311,2903.0,0.0,0.0,0.0,3,2901.0,2905.0,13,2874.0,2878.0,2903.0,2878.0,510.0,14680180.0,13888
2023-05-10 21:00:46,fu2311,fu2311,2903.0,0.0,0.0,0.0,3,2901.0,2905.0,15,2874.0,2878.0,2903.0,2878.0,510.0,14680180.0,13888
2023-05-10 21:00:47,fu2311,fu2311,2903.0,0.0,0.0,0.0,7,2899.0,2904.0,1,2874.0,2878.0,2903.0,2878.0,510.0,14680180.0,13888
2023-05-10 21:00:48,fu2311,fu2311,2903.0,0.0,0.0,0.0,2,2900.0,2904.0,13,2874.0,2878.0,2903.0,2878.0,510.0,14680180.0,13888
2023-05-10 21:00:48,fu2311,fu2311,2903.0,0.0,0.0,0.0,2,2899.0,2903.0,1,2874.0,2878.0,2903.0,2878.0,510.0,14680180.0,13888
2023-05-10 21:00:49,fu2311,fu2311,2903.0,0.0,0.0,0.0,4,2899.0,2903.0,13,2874.0,2878.0,2903.0,2878.0,510.0,14680180.0,13888
2023-05-10 21:00:49,fu2311,fu2311,2903.0,0.0,0.0,0.0,4,2899.0,2903.0,13,2874.0,2878.0,2903.0,2878.0,510.0,14680180.0,13888
2023-05-10 21:00:50,fu2311,fu2311,2903.0,0.0,0.0,0.0,2,2898.0,2902.0,1,2874.0,2878.0,2903.0,2878.0,510.0,14680180.0,13888
2023-05-10 21:00:51,fu2311,fu2311,2903.0,0.0,0.0,0.0,4,2898.0,2902.0,13,2874.0,2878.0,2903.0,2878.0,510.0,14680180.0,13888
2023-05-10 21:00:51,fu2311,fu2311,2903.0,0.0,0.0,0.0,4,2896.0,2901.0,1,2874.0,2878.0,2903.0,2878.0,510.0,14680180.0,13888
2023-05-10 21:00:52,fu2311,fu2311,2903.0,0.0,0.0,0.0,2,2897.0,2901.0,13,2874.0,2878.0,2903.0,2878.0,510.0,14680180.0,13888
2023-05-10 21:00:52,fu2311,fu2311,2901.0,6.0,174060.0,-4.0,4,2897.0,2901.0,7,2874.0,2878.0,2903.0,2878.0,516.0,14854240.0,13884
2023-05-10 21:00:53,fu2311,fu2311,2901.0,0.0,0.0,0.0,5,2897.0,2901.0,9,2874.0,2878.0,2903.0,2878.0,516.0,14854240.0,13884
2023-05-10 21:00:54,fu2311,fu2311,2901.0,0.0,0.0,0.0,5,2897.0,2902.0,2,2874.0,2878.0,2903.0,2878.0,516.0,14854240.0,13884
2023-05-10 21:00:54,fu2311,fu2311,2901.0,0.0,0.0,0.0,11,2897.0,2902.0,10,2874.0,2878.0,2903.0,2878.0,516.0,14854240.0,13884
2023-05-10 21:00:55,fu2311,fu2311,2901.0,0.0,0.0,0.0,5,2897.0,2902.0,10,2874.0,2878.0,2903.0,2878.0,516.0,14854240.0,13884
2023-05-10 21:00:55,fu2311,fu2311,2901.0,0.0,0.0,0.0,5,2897.0,2902.0,10,2874.0,2878.0,2903.0,2878.0,516.0,14854240.0,13884
2023-05-10 21:00:56,fu2311,fu2311,2901.0,0.0,0.0,0.0,5,2897.0,2902.0,10,2874.0,2878.0,2903.0,2878.0,516.0,14854240.0,13884
2023-05-10 21:01:00,fu2311,fu2311,2901.0,0.0,0.0,0.0,1,2898.0,2901.0,1,2874.0,2878.0,2903.0,2878.0,516.0,14854240.0,13884
2023-05-10 21:01:01,fu2311,fu2311,2901.0,0.0,0.0,0.0,1,2899.0,2901.0,2,2874.0,2878.0,2903.0,2878.0,516.0,14854240.0,13884
2023-05-10 21:01:01,fu2311,fu2311,2901.0,0.0,0.0,0.0,3,2898.0,2901.0,2,2874.0,2878.0,2903.0,2878.0,516.0,14854240.0,13884
2023-05-10 21:01:02,fu2311,fu2311,2901.0,0.0,0.0,0.0,4,2898.0,2900.0,1,2874.0,2878.0,2903.0,2878.0,516.0,14854240.0,13884
2023-05-10 21:01:02,fu2311,fu2311,2901.0,0.0,0.0,0.0,4,2898.0,2900.0,2,2874.0,2878.0,2903.0,2878.0,516.0,14854240.0,13884
2023-05-10 21:01:04,fu2311,fu2311,2901.0,0.0,0.0,0.0,2,2897.0,2900.0,2,2874.0,2878.0,2903.0,2878.0,516.0,14854240.0,13884
2023-05-10 21:01:05,fu2311,fu2311,2901.0,0.0,0.0,0.0,4,2897.0,2900.0,8,2874.0,2878.0,2903.0,2878.0,516.0,14854240.0,13884
2023-05-10 21:01:05,fu2311,fu2311,2901.0,0.0,0.0,0.0,2,2896.0,2900.0,11,2874.0,2878.0,2903.0,2878.0,516.0,14854240.0,13884
2023-05-10 21:01:06,fu2311,fu2311,2901.0,0.0,0.0,0.0,3,2894.0,2900.0,11,2874.0,2878.0,2903.0,2878.0,516.0,14854240.0,13884
2023-05-10 21:01:06,fu2311,fu2311,2901.0,0.0,0.0,0.0,2,2895.0,2900.0,11,2874.0,2878.0,2903.0,2878.0,516.0,14854240.0,13884
2023-05-10 21:01:07,fu2311,fu2311,2901.0,0.0,0.0,0.0,1,2895.0,2899.0,1,2874.0,2878.0,2903.0,2878.0,516.0,14854240.0,13884
2023-05-10 21:01:07,fu2311,fu2311,2901.0,0.0,0.0,0.0,1,2895.0,2898.0,7,2874.0,2878.0,2903.0,2878.0,516.0,14854240.0,13884
2023-05-10 21:01:08,fu2311,fu2311,2895.0,1.0,28950.0,1.0,3,2892.0,2898.0,10,2874.0,2878.0,2903.0,2878.0,517.0,14883190.0,13885
2023-05-10 21:01:08,fu2311,fu2311,2895.0,0.0,0.0,0.0,4,2892.0,2898.0,11,2874.0,2878.0,2903.0,2878.0,517.0,14883190.0,13885
2023-05-10 21:01:09,fu2311,fu2311,2895.0,0.0,0.0,0.0,4,2892.0,2897.0,1,2874.0,2878.0,2903.0,2878.0,517.0,14883190.0,13885
2023-05-10 21:01:09,fu2311,fu2311,2895.0,0.0,0.0,0.0,7,2892.0,2896.0,7,2874.0,2878.0,2903.0,2878.0,517.0,14883190.0,13885
2023-05-10 21:01:10,fu2311,fu2311,2895.0,0.0,0.0,0.0,7,2892.0,2896.0,7,2874.0,2878.0,2903.0,2878.0,517.0,14883190.0,13885
2023-05-10 21:01:11,fu2311,fu2311,2895.0,0.0,0.0,0.0,7,2892.0,2896.0,7,2874.0,2878.0,2903.0,2878.0,517.0,14883190.0,13885
2023-05-10 21:01:12,fu2311,fu2311,2895.0,0.0,0.0,0.0,4,2892.0,2896.0,10,2874.0,2878.0,2903.0,2878.0,517.0,14883190.0,13885
2023-05-10 21:01:12,fu2311,fu2311,2895.0,0.0,0.0,0.0,4,2892.0,2896.0,10,2874.0,2878.0,2903.0,2878.0,517.0,14883190.0,13885
2023-05-10 21:01:13,fu2311,fu2311,2895.0,0.0,0.0,0.0,4,2892.0,2895.0,1,2874.0,2878.0,2903.0,2878.0,517.0,14883190.0,13885
2023-05-10 21:01:13,fu2311,fu2311,2895.0,0.0,0.0,0.0,4,2892.0,2894.0,1,2874.0,2878.0,2903.0,2878.0,517.0,14883190.0,13885
2023-05-10 21:01:14,fu2311,fu2311,2894.0,1.0,28940.0,0.0,7,2892.0,2896.0,6,2874.0,2878.0,2903.0,2878.0,518.0,14912130.0,13885
2023-05-10 21:01:14,fu2311,fu2311,2894.0,0.0,0.0,0.0,7,2892.0,2895.0,1,2874.0,2878.0,2903.0,2878.0,518.0,14912130.0,13885
2023-05-10 21:01:15,fu2311,fu2311,2894.0,0.0,0.0,0.0,7,2892.0,2896.0,7,2874.0,2878.0,2903.0,2878.0,518.0,14912130.0,13885
2023-05-10 21:01:16,fu2311,fu2311,2894.0,0.0,0.0,0.0,1,2893.0,2896.0,7,2874.0,2878.0,2903.0,2878.0,518.0,14912130.0,13885
2023-05-10 21:01:16,fu2311,fu2311,2894.0,0.0,0.0,0.0,5,2893.0,2896.0,7,2874.0,2878.0,2903.0,2878.0,518.0,14912130.0,13885
2023-05-10 21:01:17,fu2311,fu2311,2894.0,0.0,0.0,0.0,5,2893.0,2896.0,7,2874.0,2878.0,2903.0,2878.0,518.0,14912130.0,13885
2023-05-10 21:01:18,fu2311,fu2311,2894.0,0.0,0.0,0.0,1,2893.0,2896.0,10,2874.0,2878.0,2903.0,2878.0,518.0,14912130.0,13885
2023-05-10 21:01:18,fu2311,fu2311,2894.0,0.0,0.0,0.0,1,2893.0,2896.0,10,2874.0,2878.0,2903.0,2878.0,518.0,14912130.0,13885
2023-05-10 21:01:19,fu2311,fu2311,2894.0,0.0,0.0,0.0,2,2892.0,2896.0,10,2874.0,2878.0,2903.0,2878.0,518.0,14912130.0,13885
2023-05-10 21:01:20,fu2311,fu2311,2894.0,0.0,0.0,0.0,4,2892.0,2896.0,10,2874.0,2878.0,2903.0,2878.0,518.0,14912130.0,13885
2023-05-10 21:01:20,fu2311,fu2311,2894.0,0.0,0.0,0.0,3,2890.0,2896.0,10,2874.0,2878.0,2903.0,2878.0,518.0,14912130.0,13885
2023-05-10 21:01:21,fu2311,fu2311,2894.0,0.0,0.0,0.0,1,2891.0,2896.0,10,2874.0,2878.0,2903.0,2878.0,518.0,14912130.0,13885
2023-05-10 21:01:21,fu2311,fu2311,2894.0,0.0,0.0,0.0,4,2891.0,2896.0,10,2874.0,2878.0,2903.0,2878.0,518.0,14912130.0,13885
2023-05-10 21:01:22,fu2311,fu2311,2894.0,0.0,0.0,0.0,7,2891.0,2896.0,10,2874.0,2878.0,2903.0,2878.0,518.0,14912130.0,13885
2023-05-10 21:01:23,fu2311,fu2311,2894.0,0.0,0.0,0.0,4,2891.0,2896.0,10,2874.0,2878.0,2903.0,2878.0,518.0,14912130.0,13885
2023-05-10 21:01:24,fu2311,fu2311,2894.0,0.0,0.0,0.0,4,2891.0,2896.0,10,2874.0,2878.0,2903.0,2878.0,518.0,14912130.0,13885
2023-05-10 21:01:24,fu2311,fu2311,2894.0,0.0,0.0,0.0,1,2892.0,2895.0,1,2874.0,2878.0,2903.0,2878.0,518.0,14912130.0,13885
2023-05-10 21:01:25,fu2311,fu2311,2894.0,0.0,0.0,0.0,1,2892.0,2894.0,6,2874.0,2878.0,2903.0,2878.0,518.0,14912130.0,13885
2023-05-10 21:01:25,fu2311,fu2311,2894.0,0.0,0.0,0.0,2,2890.0,2894.0,9,2874.0,2878.0,2903.0,2878.0,518.0,14912130.0,13885
2023-05-10 21:01:26,fu2311,fu2311,2894.0,0.0,0.0,0.0,4,2890.0,2894.0,9,2874.0,2878.0,2903.0,2878.0,518.0,14912130.0,13885
2023-05-10 21:01:26,fu2311,fu2311,2894.0,0.0,0.0,0.0,4,2890.0,2893.0,1,2874.0,2878.0,2903.0,2878.0,518.0,14912130.0,13885
2023-05-10 21:01:27,fu2311,fu2311,2894.0,0.0,0.0,0.0,4,2890.0,2893.0,7,2874.0,2878.0,2903.0,2878.0,518.0,14912130.0,13885
2023-05-10 21:01:27,fu2311,fu2311,2894.0,0.0,0.0,0.0,3,2888.0,2892.0,1,2874.0,2878.0,2903.0,2878.0,518.0,14912130.0,13885
2023-05-10 21:01:28,fu2311,fu2311,2894.0,0.0,0.0,0.0,1,2889.0,2892.0,8,2874.0,2878.0,2903.0,2878.0,518.0,14912130.0,13885
2023-05-10 21:01:28,fu2311,fu2311,2894.0,0.0,0.0,0.0,3,2889.0,2892.0,8,2874.0,2878.0,2903.0,2878.0,518.0,14912130.0,13885
2023-05-10 21:01:29,fu2311,fu2311,2894.0,0.0,0.0,0.0,3,2889.0,2892.0,8,2874.0,2878.0,2903.0,2878.0,518.0,14912130.0,13885
2023-05-10 21:01:29,fu2311,fu2311,2894.0,0.0,0.0,0.0,3,2889.0,2892.0,8,2874.0,2878.0,2903.0,2878.0,518.0,14912130.0,13885
2023-05-10 21:01:30,fu2311,fu2311,2894.0,0.0,0.0,0.0,4,2889.0,2892.0,1,2874.0,2878.0,2903.0,2878.0,518.0,14912130.0,13885
2023-05-10 21:01:31,fu2311,fu2311,2894.0,0.0,0.0,0.0,7,2889.0,2893.0,7,2874.0,2878.0,2903.0,2878.0,518.0,14912130.0,13885
2023-05-10 21:01:31,fu2311,fu2311,2894.0,0.0,0.0,0.0,3,2889.0,2893.0,9,2874.0,2878.0,2903.0,2878.0,518.0,14912130.0,13885
2023-05-10 21:01:32,fu2311,fu2311,2894.0,0.0,0.0,0.0,3,2889.0,2892.0,1,2874.0,2878.0,2903.0,2878.0,518.0,14912130.0,13885
2023-05-10 21:01:32,fu2311,fu2311,2894.0,0.0,0.0,0.0,4,2889.0,2892.0,7,2874.0,2878.0,2903.0,2878.0,518.0,14912130.0,13885
2023-05-10 21:01:33,fu2311,fu2311,2894.0,0.0,0.0,0.0,14,2889.0,2894.0,2,2874.0,2878.0,2903.0,2878.0,518.0,14912130.0,13885
2023-05-10 21:01:34,fu2311,fu2311,2894.0,0.0,0.0,0.0,17,2889.0,2893.0,6,2874.0,2878.0,2903.0,2878.0,518.0,14912130.0,13885
2023-05-10 21:01:34,fu2311,fu2311,2894.0,0.0,0.0,0.0,1,2890.0,2893.0,8,2874.0,2878.0,2903.0,2878.0,518.0,14912130.0,13885
2023-05-10 21:01:35,fu2311,fu2311,2894.0,0.0,0.0,0.0,2,2890.0,2893.0,8,2874.0,2878.0,2903.0,2878.0,518.0,14912130.0,13885
2023-05-10 21:01:35,fu2311,fu2311,2894.0,0.0,0.0,0.0,2,2890.0,2893.0,9,2874.0,2878.0,2903.0,2878.0,518.0,14912130.0,13885
2023-05-10 21:01:37,fu2311,fu2311,2894.0,0.0,0.0,0.0,5,2890.0,2893.0,7,2874.0,2878.0,2903.0,2878.0,518.0,14912130.0,13885
2023-05-10 21:01:37,fu2311,fu2311,2894.0,0.0,0.0,0.0,4,2890.0,2893.0,9,2874.0,2878.0,2903.0,2878.0,518.0,14912130.0,13885
2023-05-10 21:01:38,fu2311,fu2311,2894.0,0.0,0.0,0.0,5,2890.0,2893.0,7,2874.0,2878.0,2903.0,2878.0,518.0,14912130.0,13885
2023-05-10 21:01:39,fu2311,fu2311,2894.0,0.0,0.0,0.0,3,2890.0,2893.0,9,2874.0,2878.0,2903.0,2878.0,518.0,14912130.0,13885
2023-05-10 21:01:39,fu2311,fu2311,2894.0,0.0,0.0,0.0,4,2890.0,2893.0,9,2874.0,2878.0,2903.0,2878.0,518.0,14912130.0,13885
2023-05-10 21:01:40,fu2311,fu2311,2894.0,0.0,0.0,0.0,3,2890.0,2893.0,9,2874.0,2878.0,2903.0,2878.0,518.0,14912130.0,13885
2023-05-10 21:01:40,fu2311,fu2311,2894.0,0.0,0.0,0.0,4,2890.0,2893.0,7,2874.0,2878.0,2903.0,2878.0,518.0,14912130.0,13885
2023-05-10 21:01:41,fu2311,fu2311,2894.0,0.0,0.0,0.0,2,2890.0,2893.0,10,2874.0,2878.0,2903.0,2878.0,518.0,14912130.0,13885
2023-05-10 21:01:43,fu2311,fu2311,2894.0,0.0,0.0,0.0,2,2889.0,2893.0,10,2874.0,2878.0,2903.0,2878.0,518.0,14912130.0,13885
2023-05-10 21:01:43,fu2311,fu2311,2894.0,0.0,0.0,0.0,2,2889.0,2893.0,10,2874.0,2878.0,2903.0,2878.0,518.0,14912130.0,13885
2023-05-10 21:01:45,fu2311,fu2311,2894.0,0.0,0.0,0.0,1,2881.0,2893.0,10,2874.0,2878.0,2903.0,2878.0,518.0,14912130.0,13885
2023-05-10 21:01:45,fu2311,fu2311,2894.0,0.0,0.0,0.0,1,2887.0,2892.0,1,2874.0,2878.0,2903.0,2878.0,518.0,14912130.0,13885
2023-05-10 21:01:46,fu2311,fu2311,2894.0,0.0,0.0,0.0,11,2887.0,2891.0,7,2874.0,2878.0,2903.0,2878.0,518.0,14912130.0,13885
2023-05-10 21:01:46,fu2311,fu2311,2894.0,0.0,0.0,0.0,11,2887.0,2891.0,7,2874.0,2878.0,2903.0,2878.0,518.0,14912130.0,13885
2023-05-10 21:01:47,fu2311,fu2311,2894.0,0.0,0.0,0.0,10,2888.0,2893.0,5,2874.0,2878.0,2903.0,2878.0,518.0,14912130.0,13885
2023-05-10 21:01:48,fu2311,fu2311,2894.0,0.0,0.0,0.0,1,2889.0,2892.0,7,2874.0,2878.0,2903.0,2878.0,518.0,14912130.0,13885
2023-05-10 21:01:48,fu2311,fu2311,2894.0,0.0,0.0,0.0,4,2889.0,2892.0,7,2874.0,2878.0,2903.0,2878.0,518.0,14912130.0,13885
2023-05-10 21:01:49,fu2311,fu2311,2894.0,0.0,0.0,0.0,4,2889.0,2892.0,7,2874.0,2878.0,2903.0,2878.0,518.0,14912130.0,13885
2023-05-10 21:01:49,fu2311,fu2311,2894.0,0.0,0.0,0.0,2,2888.0,2892.0,10,2874.0,2878.0,2903.0,2878.0,518.0,14912130.0,13885
2023-05-10 21:01:50,fu2311,fu2311,2894.0,0.0,0.0,0.0,4,2888.0,2892.0,10,2874.0,2878.0,2903.0,2878.0,518.0,14912130.0,13885
2023-05-10 21:01:50,fu2311,fu2311,2894.0,0.0,0.0,0.0,4,2888.0,2892.0,10,2874.0,2878.0,2903.0,2878.0,518.0,14912130.0,13885
2023-05-10 21:01:53,fu2311,fu2311,2894.0,0.0,0.0,0.0,4,2888.0,2892.0,7,2874.0,2878.0,2903.0,2878.0,518.0,14912130.0,13885
2023-05-10 21:01:53,fu2311,fu2311,2894.0,0.0,0.0,0.0,11,2888.0,2892.0,7,2874.0,2878.0,2903.0,2878.0,518.0,14912130.0,13885
2023-05-10 21:01:54,fu2311,fu2311,2894.0,0.0,0.0,0.0,4,2888.0,2892.0,10,2874.0,2878.0,2903.0,2878.0,518.0,14912130.0,13885
2023-05-10 21:01:57,fu2311,fu2311,2894.0,0.0,0.0,0.0,2,2887.0,2892.0,10,2874.0,2878.0,2903.0,2878.0,518.0,14912130.0,13885
2023-05-10 21:01:57,fu2311,fu2311,2894.0,0.0,0.0,0.0,4,2887.0,2892.0,10,2874.0,2878.0,2903.0,2878.0,518.0,14912130.0,13885
2023-05-10 21:01:58,fu2311,fu2311,2894.0,0.0,0.0,0.0,17,2887.0,2892.0,9,2874.0,2878.0,2903.0,2878.0,518.0,14912130.0,13885
2023-05-10 21:02:01,fu2311,fu2311,2887.0,1.0,28870.0,0.0,16,2887.0,2892.0,9,2874.0,2878.0,2903.0,2878.0,519.0,14941000.0,13885
2023-05-10 21:02:01,fu2311,fu2311,2887.0,0.0,0.0,0.0,14,2887.0,2892.0,9,2874.0,2878.0,2903.0,2878.0,519.0,14941000.0,13885
2023-05-10 21:02:03,fu2311,fu2311,2887.0,0.0,0.0,0.0,11,2888.0,2892.0,8,2874.0,2878.0,2903.0,2878.0,519.0,14941000.0,13885
2023-05-10 21:02:03,fu2311,fu2311,2887.0,0.0,0.0,0.0,1,2889.0,2892.0,8,2874.0,2878.0,2903.0,2878.0,519.0,14941000.0,13885
2023-05-10 21:02:04,fu2311,fu2311,2887.0,0.0,0.0,0.0,3,2889.0,2892.0,8,2874.0,2878.0,2903.0,2878.0,519.0,14941000.0,13885
2023-05-10 21:02:04,fu2311,fu2311,2887.0,0.0,0.0,0.0,3,2889.0,2892.0,8,2874.0,2878.0,2903.0,2878.0,519.0,14941000.0,13885
2023-05-10 21:02:07,fu2311,fu2311,2887.0,0.0,0.0,0.0,1,2889.0,2892.0,10,2874.0,2878.0,2903.0,2878.0,519.0,14941000.0,13885
2023-05-10 21:02:07,fu2311,fu2311,2887.0,0.0,0.0,0.0,1,2889.0,2892.0,10,2874.0,2878.0,2903.0,2878.0,519.0,14941000.0,13885
2023-05-10 21:02:09,fu2311,fu2311,2889.0,1.0,28890.0,-1.0,2,2887.0,2892.0,10,2874.0,2878.0,2903.0,2878.0,520.0,14969890.0,13884
2023-05-10 21:02:09,fu2311,fu2311,2889.0,0.0,0.0,0.0,4,2887.0,2892.0,10,2874.0,2878.0,2903.0,2878.0,520.0,14969890.0,13884
2023-05-10 21:02:10,fu2311,fu2311,2889.0,0.0,0.0,0.0,14,2887.0,2892.0,10,2874.0,2878.0,2903.0,2878.0,520.0,14969890.0,13884
2023-05-10 21:02:11,fu2311,fu2311,2889.0,0.0,0.0,0.0,4,2888.0,2892.0,8,2874.0,2878.0,2903.0,2878.0,520.0,14969890.0,13884
2023-05-10 21:02:11,fu2311,fu2311,2889.0,0.0,0.0,0.0,1,2889.0,2892.0,8,2874.0,2878.0,2903.0,2878.0,520.0,14969890.0,13884
2023-05-10 21:02:12,fu2311,fu2311,2889.0,0.0,0.0,0.0,4,2889.0,2892.0,8,2874.0,2878.0,2903.0,2878.0,520.0,14969890.0,13884
2023-05-10 21:02:12,fu2311,fu2311,2889.0,0.0,0.0,0.0,5,2889.0,2892.0,8,2874.0,2878.0,2903.0,2878.0,520.0,14969890.0,13884
2023-05-10 21:02:14,fu2311,fu2311,2889.0,0.0,0.0,0.0,1,2889.0,2892.0,10,2874.0,2878.0,2903.0,2878.0,520.0,14969890.0,13884
2023-05-10 21:02:15,fu2311,fu2311,2889.0,0.0,0.0,0.0,1,2889.0,2892.0,10,2874.0,2878.0,2903.0,2878.0,520.0,14969890.0,13884
2023-05-10 21:02:15,fu2311,fu2311,2889.0,0.0,0.0,0.0,1,2889.0,2892.0,10,2874.0,2878.0,2903.0,2878.0,520.0,14969890.0,13884
2023-05-10 21:02:18,fu2311,fu2311,2889.0,0.0,0.0,0.0,1,2889.0,2892.0,9,2874.0,2878.0,2903.0,2878.0,520.0,14969890.0,13884
2023-05-10 21:02:19,fu2311,fu2311,2889.0,0.0,0.0,0.0,2,2889.0,2892.0,9,2874.0,2878.0,2903.0,2878.0,520.0,14969890.0,13884
2023-05-10 21:02:19,fu2311,fu2311,2889.0,0.0,0.0,0.0,1,2889.0,2892.0,10,2874.0,2878.0,2903.0,2878.0,520.0,14969890.0,13884
2023-05-10 21:02:22,fu2311,fu2311,2889.0,1.0,28890.0,0.0,1,2887.0,2891.0,1,2874.0,2878.0,2903.0,2878.0,521.0,14998780.0,13884
2023-05-10 21:02:23,fu2311,fu2311,2889.0,0.0,0.0,0.0,2,2887.0,2890.0,7,2874.0,2878.0,2903.0,2878.0,521.0,14998780.0,13884
2023-05-10 21:02:23,fu2311,fu2311,2889.0,0.0,0.0,0.0,1,2884.0,2890.0,10,2874.0,2878.0,2903.0,2878.0,521.0,14998780.0,13884
2023-05-10 21:02:24,fu2311,fu2311,2889.0,0.0,0.0,0.0,1,2885.0,2890.0,10,2874.0,2878.0,2903.0,2878.0,521.0,14998780.0,13884
2023-05-10 21:02:24,fu2311,fu2311,2889.0,0.0,0.0,0.0,4,2885.0,2890.0,10,2874.0,2878.0,2903.0,2878.0,521.0,14998780.0,13884
2023-05-10 21:02:25,fu2311,fu2311,2889.0,0.0,0.0,0.0,2,2885.0,2890.0,10,2874.0,2878.0,2903.0,2878.0,521.0,14998780.0,13884
2023-05-10 21:02:25,fu2311,fu2311,2889.0,0.0,0.0,0.0,4,2885.0,2890.0,10,2874.0,2878.0,2903.0,2878.0,521.0,14998780.0,13884
2023-05-10 21:02:26,fu2311,fu2311,2889.0,0.0,0.0,0.0,14,2885.0,2890.0,8,2874.0,2878.0,2903.0,2878.0,521.0,14998780.0,13884
2023-05-10 21:02:30,fu2311,fu2311,2889.0,0.0,0.0,0.0,1,2886.0,2890.0,8,2874.0,2878.0,2903.0,2878.0,521.0,14998780.0,13884
2023-05-10 21:02:30,fu2311,fu2311,2889.0,0.0,0.0,0.0,5,2886.0,2890.0,8,2874.0,2878.0,2903.0,2878.0,521.0,14998780.0,13884
2023-05-10 21:02:33,fu2311,fu2311,2889.0,0.0,0.0,0.0,15,2886.0,2890.0,7,2874.0,2878.0,2903.0,2878.0,521.0,14998780.0,13884
2023-05-10 21:02:33,fu2311,fu2311,2889.0,0.0,0.0,0.0,8,2887.0,2890.0,7,2874.0,2878.0,2903.0,2878.0,521.0,14998780.0,13884
2023-05-10 21:02:34,fu2311,fu2311,2889.0,0.0,0.0,0.0,4,2887.0,2890.0,7,2874.0,2878.0,2903.0,2878.0,521.0,14998780.0,13884
2023-05-10 21:02:34,fu2311,fu2311,2890.0,1.0,28900.0,-1.0,14,2887.0,2890.0,1,2874.0,2878.0,2903.0,2878.0,522.0,15027680.0,13883
2023-05-10 21:02:35,fu2311,fu2311,2890.0,0.0,0.0,0.0,14,2887.0,2890.0,1,2874.0,2878.0,2903.0,2878.0,522.0,15027680.0,13883
2023-05-10 21:02:35,fu2311,fu2311,2890.0,0.0,0.0,0.0,1,2888.0,2891.0,9,2874.0,2878.0,2903.0,2878.0,522.0,15027680.0,13883
2023-05-10 21:02:36,fu2311,fu2311,2890.0,0.0,0.0,0.0,5,2888.0,2891.0,9,2874.0,2878.0,2903.0,2878.0,522.0,15027680.0,13883
2023-05-10 21:02:36,fu2311,fu2311,2890.0,0.0,0.0,0.0,5,2888.0,2891.0,9,2874.0,2878.0,2903.0,2878.0,522.0,15027680.0,13883
2023-05-10 21:02:37,fu2311,fu2311,2890.0,0.0,0.0,0.0,2,2888.0,2890.0,1,2874.0,2878.0,2903.0,2878.0,522.0,15027680.0,13883
2023-05-10 21:02:37,fu2311,fu2311,2890.0,0.0,0.0,0.0,2,2888.0,2890.0,10,2874.0,2878.0,2903.0,2878.0,522.0,15027680.0,13883
2023-05-10 21:02:38,fu2311,fu2311,2890.0,0.0,0.0,0.0,1,2888.0,2890.0,10,2874.0,2878.0,2903.0,2878.0,522.0,15027680.0,13883
2023-05-10 21:02:39,fu2311,fu2311,2890.0,0.0,0.0,0.0,4,2888.0,2892.0,1,2874.0,2878.0,2903.0,2878.0,522.0,15027680.0,13883
2023-05-10 21:02:40,fu2311,fu2311,2890.0,0.0,0.0,0.0,4,2888.0,2891.0,10,2874.0,2878.0,2903.0,2878.0,522.0,15027680.0,13883
2023-05-10 21:02:44,fu2311,fu2311,2890.0,0.0,0.0,0.0,14,2888.0,2893.0,2,2874.0,2878.0,2903.0,2878.0,522.0,15027680.0,13883
2023-05-10 21:02:44,fu2311,fu2311,2890.0,0.0,0.0,0.0,14,2888.0,2892.0,10,2874.0,2878.0,2903.0,2878.0,522.0,15027680.0,13883
2023-05-10 21:02:45,fu2311,fu2311,2890.0,0.0,0.0,0.0,14,2888.0,2892.0,10,2874.0,2878.0,2903.0,2878.0,522.0,15027680.0,13883
2023-05-10 21:02:46,fu2311,fu2311,2890.0,0.0,0.0,0.0,1,2889.0,2892.0,10,2874.0,2878.0,2903.0,2878.0,522.0,15027680.0,13883
2023-05-10 21:02:47,fu2311,fu2311,2890.0,0.0,0.0,0.0,5,2889.0,2892.0,10,2874.0,2878.0,2903.0,2878.0,522.0,15027680.0,13883
2023-05-10 21:02:48,fu2311,fu2311,2890.0,0.0,0.0,0.0,2,2889.0,2892.0,12,2874.0,2878.0,2903.0,2878.0,522.0,15027680.0,13883
2023-05-10 21:02:48,fu2311,fu2311,2890.0,0.0,0.0,0.0,4,2889.0,2892.0,10,2874.0,2878.0,2903.0,2878.0,522.0,15027680.0,13883
2023-05-10 21:02:49,fu2311,fu2311,2890.0,0.0,0.0,0.0,1,2889.0,2892.0,12,2874.0,2878.0,2903.0,2878.0,522.0,15027680.0,13883
2023-05-10 21:02:50,fu2311,fu2311,2890.0,0.0,0.0,0.0,1,2889.0,2892.0,12,2874.0,2878.0,2903.0,2878.0,522.0,15027680.0,13883
2023-05-10 21:02:51,fu2311,fu2311,2890.0,0.0,0.0,0.0,4,2889.0,2892.0,10,2874.0,2878.0,2903.0,2878.0,522.0,15027680.0,13883
2023-05-10 21:02:54,fu2311,fu2311,2890.0,0.0,0.0,0.0,4,2889.0,2893.0,2,2874.0,2878.0,2903.0,2878.0,522.0,15027680.0,13883
2023-05-10 21:02:55,fu2311,fu2311,2890.0,0.0,0.0,0.0,4,2889.0,2892.0,10,2874.0,2878.0,2903.0,2878.0,522.0,15027680.0,13883
2023-05-10 21:02:58,fu2311,fu2311,2890.0,0.0,0.0,0.0,14,2889.0,2892.0,1,2874.0,2878.0,2903.0,2878.0,522.0,15027680.0,13883
2023-05-10 21:02:59,fu2311,fu2311,2890.0,0.0,0.0,0.0,14,2889.0,2893.0,9,2874.0,2878.0,2903.0,2878.0,522.0,15027680.0,13883
2023-05-10 21:03:01,fu2311,fu2311,2890.0,0.0,0.0,0.0,13,2890.0,2896.0,1,2874.0,2878.0,2903.0,2878.0,522.0,15027680.0,13883
2023-05-10 21:03:02,fu2311,fu2311,2890.0,0.0,0.0,0.0,1,2891.0,2895.0,11,2874.0,2878.0,2903.0,2878.0,522.0,15027680.0,13883
2023-05-10 21:03:02,fu2311,fu2311,2890.0,0.0,0.0,0.0,4,2891.0,2895.0,13,2874.0,2878.0,2903.0,2878.0,522.0,15027680.0,13883
2023-05-10 21:03:03,fu2311,fu2311,2890.0,0.0,0.0,0.0,1,2891.0,2895.0,14,2874.0,2878.0,2903.0,2878.0,522.0,15027680.0,13883
2023-05-10 21:03:04,fu2311,fu2311,2890.0,0.0,0.0,0.0,6,2890.0,2895.0,14,2874.0,2878.0,2903.0,2878.0,522.0,15027680.0,13883
2023-05-10 21:03:04,fu2311,fu2311,2890.0,0.0,0.0,0.0,7,2890.0,2895.0,14,2874.0,2878.0,2903.0,2878.0,522.0,15027680.0,13883
2023-05-10 21:03:06,fu2311,fu2311,2890.0,0.0,0.0,0.0,17,2890.0,2895.0,14,2874.0,2878.0,2903.0,2878.0,522.0,15027680.0,13883
2023-05-10 21:03:06,fu2311,fu2311,2890.0,0.0,0.0,0.0,17,2890.0,2895.0,14,2874.0,2878.0,2903.0,2878.0,522.0,15027680.0,13883
2023-05-10 21:03:07,fu2311,fu2311,2890.0,0.0,0.0,0.0,1,2891.0,2895.0,14,2874.0,2878.0,2903.0,2878.0,522.0,15027680.0,13883
2023-05-10 21:03:07,fu2311,fu2311,2890.0,0.0,0.0,0.0,5,2891.0,2895.0,14,2874.0,2878.0,2903.0,2878.0,522.0,15027680.0,13883
2023-05-10 21:03:08,fu2311,fu2311,2890.0,0.0,0.0,0.0,15,2891.0,2895.0,10,2874.0,2878.0,2903.0,2878.0,522.0,15027680.0,13883
2023-05-10 21:03:16,fu2311,fu2311,2890.0,0.0,0.0,0.0,10,2892.0,2895.0,1,2874.0,2878.0,2903.0,2878.0,522.0,15027680.0,13883
2023-05-10 21:03:16,fu2311,fu2311,2890.0,0.0,0.0,0.0,1,2893.0,2895.0,1,2874.0,2878.0,2903.0,2878.0,522.0,15027680.0,13883
2023-05-10 21:03:17,fu2311,fu2311,2890.0,0.0,0.0,0.0,3,2892.0,2895.0,10,2874.0,2878.0,2903.0,2878.0,522.0,15027680.0,13883
2023-05-10 21:03:17,fu2311,fu2311,2890.0,0.0,0.0,0.0,4,2892.0,2895.0,10,2874.0,2878.0,2903.0,2878.0,522.0,15027680.0,13883
2023-05-10 21:03:23,fu2311,fu2311,2890.0,0.0,0.0,0.0,4,2891.0,2895.0,13,2874.0,2878.0,2903.0,2878.0,522.0,15027680.0,13883
2023-05-10 21:03:23,fu2311,fu2311,2890.0,0.0,0.0,0.0,5,2891.0,2895.0,13,2874.0,2878.0,2903.0,2878.0,522.0,15027680.0,13883
2023-05-10 21:03:28,fu2311,fu2311,2890.0,0.0,0.0,0.0,1,2891.0,2894.0,1,2874.0,2878.0,2903.0,2878.0,522.0,15027680.0,13883
2023-05-10 21:03:28,fu2311,fu2311,2890.0,0.0,0.0,0.0,1,2891.0,2893.0,10,2874.0,2878.0,2903.0,2878.0,522.0,15027680.0,13883
2023-05-10 21:03:29,fu2311,fu2311,2890.0,0.0,0.0,0.0,1,2891.0,2893.0,13,2874.0,2878.0,2903.0,2878.0,522.0,15027680.0,13883
2023-05-10 21:03:29,fu2311,fu2311,2890.0,0.0,0.0,0.0,2,2889.0,2893.0,13,2874.0,2878.0,2903.0,2878.0,522.0,15027680.0,13883
2023-05-10 21:03:30,fu2311,fu2311,2890.0,0.0,0.0,0.0,4,2889.0,2893.0,13,2874.0,2878.0,2903.0,2878.0,522.0,15027680.0,13883
2023-05-10 21:03:36,fu2311,fu2311,2890.0,0.0,0.0,0.0,12,2889.0,2893.0,11,2874.0,2878.0,2903.0,2878.0,522.0,15027680.0,13883
2023-05-10 21:03:37,fu2311,fu2311,2890.0,0.0,0.0,0.0,1,2890.0,2893.0,11,2874.0,2878.0,2903.0,2878.0,522.0,15027680.0,13883
2023-05-10 21:03:38,fu2311,fu2311,2890.0,0.0,0.0,0.0,1,2890.0,2893.0,13,2874.0,2878.0,2903.0,2878.0,522.0,15027680.0,13883
2023-05-10 21:03:38,fu2311,fu2311,2890.0,0.0,0.0,0.0,1,2890.0,2893.0,13,2874.0,2878.0,2903.0,2878.0,522.0,15027680.0,13883
2023-05-10 21:03:43,fu2311,fu2311,2890.0,0.0,0.0,0.0,4,2889.0,2893.0,13,2874.0,2878.0,2903.0,2878.0,522.0,15027680.0,13883
2023-05-10 21:03:43,fu2311,fu2311,2890.0,0.0,0.0,0.0,4,2889.0,2893.0,13,2874.0,2878.0,2903.0,2878.0,522.0,15027680.0,13883
2023-05-10 21:03:45,fu2311,fu2311,2890.0,0.0,0.0,0.0,2,2888.0,2893.0,13,2874.0,2878.0,2903.0,2878.0,522.0,15027680.0,13883
2023-05-10 21:03:45,fu2311,fu2311,2890.0,0.0,0.0,0.0,6,2888.0,2893.0,13,2874.0,2878.0,2903.0,2878.0,522.0,15027680.0,13883
2023-05-10 21:03:48,fu2311,fu2311,2890.0,0.0,0.0,0.0,16,2888.0,2893.0,13,2874.0,2878.0,2903.0,2878.0,522.0,15027680.0,13883
2023-05-10 21:03:50,fu2311,fu2311,2890.0,0.0,0.0,0.0,10,2889.0,2893.0,11,2874.0,2878.0,2903.0,2878.0,522.0,15027680.0,13883
2023-05-10 21:03:51,fu2311,fu2311,2890.0,0.0,0.0,0.0,1,2890.0,2893.0,11,2874.0,2878.0,2903.0,2878.0,522.0,15027680.0,13883
2023-05-10 21:03:51,fu2311,fu2311,2890.0,0.0,0.0,0.0,3,2889.0,2893.0,13,2874.0,2878.0,2903.0,2878.0,522.0,15027680.0,13883
2023-05-10 21:03:52,fu2311,fu2311,2890.0,0.0,0.0,0.0,4,2889.0,2893.0,13,2874.0,2878.0,2903.0,2878.0,522.0,15027680.0,13883
2023-05-10 21:03:55,fu2311,fu2311,2890.0,0.0,0.0,0.0,5,2888.0,2893.0,13,2874.0,2878.0,2903.0,2878.0,522.0,15027680.0,13883
2023-05-10 21:03:55,fu2311,fu2311,2890.0,0.0,0.0,0.0,6,2888.0,2893.0,13,2874.0,2878.0,2903.0,2878.0,522.0,15027680.0,13883
2023-05-10 21:04:01,fu2311,fu2311,2890.0,0.0,0.0,0.0,1,2889.0,2893.0,15,2874.0,2878.0,2903.0,2878.0,522.0,15027680.0,13883
2023-05-10 21:04:01,fu2311,fu2311,2890.0,0.0,0.0,0.0,1,2888.0,2893.0,15,2874.0,2878.0,2903.0,2878.0,522.0,15027680.0,13883
2023-05-10 21:04:02,fu2311,fu2311,2890.0,0.0,0.0,0.0,4,2888.0,2893.0,15,2874.0,2878.0,2903.0,2878.0,522.0,15027680.0,13883
2023-05-10 21:04:03,fu2311,fu2311,2890.0,0.0,0.0,0.0,14,2888.0,2893.0,15,2874.0,2878.0,2903.0,2878.0,522.0,15027680.0,13883
2023-05-10 21:04:04,fu2311,fu2311,2890.0,0.0,0.0,0.0,1,2889.0,2893.0,15,2874.0,2878.0,2903.0,2878.0,522.0,15027680.0,13883
2023-05-10 21:04:04,fu2311,fu2311,2890.0,0.0,0.0,0.0,5,2889.0,2893.0,15,2874.0,2878.0,2903.0,2878.0,522.0,15027680.0,13883
2023-05-10 21:04:07,fu2311,fu2311,2890.0,0.0,0.0,0.0,15,2889.0,2893.0,11,2874.0,2878.0,2903.0,2878.0,522.0,15027680.0,13883
2023-05-10 21:04:11,fu2311,fu2311,2890.0,0.0,0.0,0.0,15,2889.0,2893.0,11,2874.0,2878.0,2903.0,2878.0,522.0,15027680.0,13883
2023-05-10 21:04:12,fu2311,fu2311,2890.0,0.0,0.0,0.0,12,2890.0,2893.0,1,2874.0,2878.0,2903.0,2878.0,522.0,15027680.0,13883
2023-05-10 21:04:12,fu2311,fu2311,2890.0,0.0,0.0,0.0,1,2891.0,2893.0,1,2874.0,2878.0,2903.0,2878.0,522.0,15027680.0,13883
2023-05-10 21:04:13,fu2311,fu2311,2890.0,0.0,0.0,0.0,4,2891.0,2893.0,1,2874.0,2878.0,2903.0,2878.0,522.0,15027680.0,13883
2023-05-10 21:04:18,fu2311,fu2311,2890.0,0.0,0.0,0.0,1,2891.0,2893.0,1,2874.0,2878.0,2903.0,2878.0,522.0,15027680.0,13883
2023-05-10 21:04:19,fu2311,fu2311,2890.0,0.0,0.0,0.0,4,2891.0,2893.0,1,2874.0,2878.0,2903.0,2878.0,522.0,15027680.0,13883
2023-05-10 21:04:19,fu2311,fu2311,2890.0,0.0,0.0,0.0,4,2891.0,2893.0,1,2874.0,2878.0,2903.0,2878.0,522.0,15027680.0,13883
2023-05-10 21:04:21,fu2311,fu2311,2890.0,0.0,0.0,0.0,1,2891.0,2893.0,3,2874.0,2878.0,2903.0,2878.0,522.0,15027680.0,13883
2023-05-10 21:04:22,fu2311,fu2311,2890.0,0.0,0.0,0.0,1,2891.0,2893.0,12,2874.0,2878.0,2903.0,2878.0,522.0,15027680.0,13883
2023-05-10 21:04:23,fu2311,fu2311,2890.0,0.0,0.0,0.0,4,2891.0,2894.0,2,2874.0,2878.0,2903.0,2878.0,522.0,15027680.0,13883
2023-05-10 21:04:23,fu2311,fu2311,2890.0,0.0,0.0,0.0,4,2891.0,2894.0,12,2874.0,2878.0,2903.0,2878.0,522.0,15027680.0,13883
2023-05-10 21:04:24,fu2311,fu2311,2890.0,0.0,0.0,0.0,1,2891.0,2893.0,1,2874.0,2878.0,2903.0,2878.0,522.0,15027680.0,13883
2023-05-10 21:04:25,fu2311,fu2311,2890.0,0.0,0.0,0.0,1,2891.0,2893.0,12,2874.0,2878.0,2903.0,2878.0,522.0,15027680.0,13883
2023-05-10 21:04:26,fu2311,fu2311,2890.0,0.0,0.0,0.0,4,2891.0,2894.0,3,2874.0,2878.0,2903.0,2878.0,522.0,15027680.0,13883
2023-05-10 21:04:26,fu2311,fu2311,2890.0,0.0,0.0,0.0,4,2891.0,2894.0,12,2874.0,2878.0,2903.0,2878.0,522.0,15027680.0,13883
2023-05-10 21:04:35,fu2311,fu2311,2890.0,0.0,0.0,0.0,1,2891.0,2893.0,1,2874.0,2878.0,2903.0,2878.0,522.0,15027680.0,13883
2023-05-10 21:04:36,fu2311,fu2311,2890.0,0.0,0.0,0.0,1,2891.0,2893.0,12,2874.0,2878.0,2903.0,2878.0,522.0,15027680.0,13883
2023-05-10 21:04:40,fu2311,fu2311,2891.0,1.0,28910.0,1.0,3,2889.0,2893.0,12,2874.0,2878.0,2903.0,2878.0,523.0,15056590.0,13884
2023-05-10 21:04:41,fu2311,fu2311,2891.0,0.0,0.0,0.0,5,2889.0,2893.0,13,2874.0,2878.0,2903.0,2878.0,523.0,15056590.0,13884
2023-05-10 21:04:42,fu2311,fu2311,2891.0,0.0,0.0,0.0,1,2890.0,2893.0,13,2874.0,2878.0,2903.0,2878.0,523.0,15056590.0,13884
2023-05-10 21:04:50,fu2311,fu2311,2891.0,0.0,0.0,0.0,5,2890.0,2893.0,13,2874.0,2878.0,2903.0,2878.0,523.0,15056590.0,13884
2023-05-10 21:04:50,fu2311,fu2311,2891.0,0.0,0.0,0.0,5,2890.0,2893.0,13,2874.0,2878.0,2903.0,2878.0,523.0,15056590.0,13884
2023-05-10 21:04:52,fu2311,fu2311,2891.0,0.0,0.0,0.0,5,2890.0,2893.0,13,2874.0,2878.0,2903.0,2878.0,523.0,15056590.0,13884
2023-05-10 21:04:53,fu2311,fu2311,2891.0,0.0,0.0,0.0,5,2890.0,2893.0,13,2874.0,2878.0,2903.0,2878.0,523.0,15056590.0,13884
2023-05-10 21:04:57,fu2311,fu2311,2891.0,0.0,0.0,0.0,5,2890.0,2893.0,13,2874.0,2878.0,2903.0,2878.0,523.0,15056590.0,13884
2023-05-10 21:05:01,fu2311,fu2311,2891.0,0.0,0.0,0.0,5,2890.0,2894.0,3,2874.0,2878.0,2903.0,2878.0,523.0,15056590.0,13884
2023-05-10 21:05:02,fu2311,fu2311,2891.0,0.0,0.0,0.0,1,2891.0,2894.0,13,2874.0,2878.0,2903.0,2878.0,523.0,15056590.0,13884
2023-05-10 21:05:02,fu2311,fu2311,2891.0,0.0,0.0,0.0,4,2891.0,2894.0,13,2874.0,2878.0,2903.0,2878.0,523.0,15056590.0,13884
2023-05-10 21:05:03,fu2311,fu2311,2891.0,0.0,0.0,0.0,4,2891.0,2894.0,13,2874.0,2878.0,2903.0,2878.0,523.0,15056590.0,13884
2023-05-10 21:05:04,fu2311,fu2311,2891.0,0.0,0.0,0.0,1,2892.0,2895.0,2,2874.0,2878.0,2903.0,2878.0,523.0,15056590.0,13884
2023-05-10 21:05:05,fu2311,fu2311,2891.0,0.0,0.0,0.0,4,2892.0,2895.0,12,2874.0,2878.0,2903.0,2878.0,523.0,15056590.0,13884
2023-05-10 21:05:05,fu2311,fu2311,2891.0,0.0,0.0,0.0,1,2892.0,2894.0,1,2874.0,2878.0,2903.0,2878.0,523.0,15056590.0,13884
2023-05-10 21:05:06,fu2311,fu2311,2891.0,0.0,0.0,0.0,1,2892.0,2894.0,13,2874.0,2878.0,2903.0,2878.0,523.0,15056590.0,13884
2023-05-10 21:05:06,fu2311,fu2311,2891.0,0.0,0.0,0.0,1,2892.0,2894.0,13,2874.0,2878.0,2903.0,2878.0,523.0,15056590.0,13884
2023-05-10 21:05:07,fu2311,fu2311,2891.0,0.0,0.0,0.0,4,2892.0,2895.0,2,2874.0,2878.0,2903.0,2878.0,523.0,15056590.0,13884
2023-05-10 21:05:07,fu2311,fu2311,2891.0,0.0,0.0,0.0,4,2892.0,2895.0,12,2874.0,2878.0,2903.0,2878.0,523.0,15056590.0,13884
2023-05-10 21:05:08,fu2311,fu2311,2891.0,0.0,0.0,0.0,1,2893.0,2895.0,12,2874.0,2878.0,2903.0,2878.0,523.0,15056590.0,13884
2023-05-10 21:05:08,fu2311,fu2311,2891.0,0.0,0.0,0.0,1,2893.0,2895.0,12,2874.0,2878.0,2903.0,2878.0,523.0,15056590.0,13884
2023-05-10 21:05:09,fu2311,fu2311,2891.0,0.0,0.0,0.0,4,2893.0,2896.0,1,2874.0,2878.0,2903.0,2878.0,523.0,15056590.0,13884
2023-05-10 21:05:09,fu2311,fu2311,2891.0,0.0,0.0,0.0,4,2893.0,2895.0,1,2874.0,2878.0,2903.0,2878.0,523.0,15056590.0,13884
2023-05-10 21:05:10,fu2311,fu2311,2891.0,0.0,0.0,0.0,2,2894.0,2895.0,1,2874.0,2878.0,2903.0,2878.0,523.0,15056590.0,13884
2023-05-10 21:05:10,fu2311,fu2311,2895.0,1.0,28950.0,-1.0,5,2894.0,2897.0,9,2874.0,2878.0,2903.0,2878.0,524.0,15085540.0,13883
2023-05-10 21:05:11,fu2311,fu2311,2895.0,0.0,0.0,0.0,2,2895.0,2896.0,1,2874.0,2878.0,2903.0,2878.0,524.0,15085540.0,13883
2023-05-10 21:05:11,fu2311,fu2311,2895.0,0.0,0.0,0.0,2,2895.0,2896.0,1,2874.0,2878.0,2903.0,2878.0,524.0,15085540.0,13883
2023-05-10 21:05:12,fu2311,fu2311,2896.0,1.0,28960.0,0.0,4,2895.0,2903.0,5,2874.0,2878.0,2903.0,2878.0,525.0,15114500.0,13883
2023-05-10 21:05:12,fu2311,fu2311,2896.0,0.0,0.0,0.0,4,2895.0,2901.0,3,2874.0,2878.0,2903.0,2878.0,525.0,15114500.0,13883
2023-05-10 21:05:13,fu2311,fu2311,2896.0,0.0,0.0,0.0,3,2895.0,2900.0,9,2874.0,2878.0,2903.0,2878.0,525.0,15114500.0,13883
2023-05-10 21:05:13,fu2311,fu2311,2896.0,0.0,0.0,0.0,1,2895.0,2899.0,1,2874.0,2878.0,2903.0,2878.0,525.0,15114500.0,13883
2023-05-10 21:05:14,fu2311,fu2311,2896.0,0.0,0.0,0.0,1,2895.0,2898.0,9,2874.0,2878.0,2903.0,2878.0,525.0,15114500.0,13883
2023-05-10 21:05:14,fu2311,fu2311,2895.0,1.0,28950.0,1.0,2,2893.0,2897.0,1,2874.0,2878.0,2903.0,2878.0,526.0,15143450.0,13884
2023-05-10 21:05:15,fu2311,fu2311,2895.0,0.0,0.0,0.0,1,2894.0,2896.0,9,2874.0,2878.0,2903.0,2878.0,526.0,15143450.0,13884
2023-05-10 21:05:15,fu2311,fu2311,2895.0,0.0,0.0,0.0,1,2894.0,2896.0,12,2874.0,2878.0,2903.0,2878.0,526.0,15143450.0,13884
2023-05-10 21:05:16,fu2311,fu2311,2895.0,0.0,0.0,0.0,1,2894.0,2896.0,12,2874.0,2878.0,2903.0,2878.0,526.0,15143450.0,13884
2023-05-10 21:05:16,fu2311,fu2311,2896.0,1.0,28960.0,0.0,3,2894.0,2897.0,3,2874.0,2878.0,2903.0,2878.0,527.0,15172410.0,13884
2023-05-10 21:05:17,fu2311,fu2311,2896.0,0.0,0.0,0.0,4,2894.0,2896.0,1,2874.0,2878.0,2903.0,2878.0,527.0,15172410.0,13884
2023-05-10 21:05:17,fu2311,fu2311,2896.0,0.0,0.0,0.0,4,2894.0,2896.0,1,2874.0,2878.0,2903.0,2878.0,527.0,15172410.0,13884
2023-05-10 21:05:20,fu2311,fu2311,2896.0,0.0,0.0,0.0,3,2895.0,2896.0,1,2874.0,2878.0,2903.0,2878.0,527.0,15172410.0,13884
2023-05-10 21:05:20,fu2311,fu2311,2896.0,0.0,0.0,0.0,3,2895.0,2896.0,1,2874.0,2878.0,2903.0,2878.0,527.0,15172410.0,13884
2023-05-10 21:05:21,fu2311,fu2311,2895.0,2.0,57900.0,1.0,2,2893.0,2896.0,4,2874.0,2878.0,2903.0,2878.0,529.0,15230310.0,13885
2023-05-10 21:05:22,fu2311,fu2311,2895.0,0.0,0.0,0.0,4,2894.0,2896.0,12,2874.0,2878.0,2903.0,2878.0,529.0,15230310.0,13885
2023-05-10 21:05:23,fu2311,fu2311,2895.0,0.0,0.0,0.0,1,2894.0,2896.0,12,2874.0,2878.0,2903.0,2878.0,529.0,15230310.0,13885
2023-05-10 21:05:24,fu2311,fu2311,2895.0,0.0,0.0,0.0,1,2894.0,2896.0,12,2874.0,2878.0,2903.0,2878.0,529.0,15230310.0,13885
2023-05-10 21:05:25,fu2311,fu2311,2895.0,0.0,0.0,0.0,1,2892.0,2896.0,12,2874.0,2878.0,2903.0,2878.0,529.0,15230310.0,13885
2023-05-10 21:05:25,fu2311,fu2311,2895.0,0.0,0.0,0.0,3,2893.0,2896.0,12,2874.0,2878.0,2903.0,2878.0,529.0,15230310.0,13885
2023-05-10 21:05:26,fu2311,fu2311,2895.0,0.0,0.0,0.0,2,2893.0,2896.0,12,2874.0,2878.0,2903.0,2878.0,529.0,15230310.0,13885
2023-05-10 21:05:27,fu2311,fu2311,2895.0,0.0,0.0,0.0,1,2893.0,2896.0,12,2874.0,2878.0,2903.0,2878.0,529.0,15230310.0,13885
2023-05-10 21:05:28,fu2311,fu2311,2895.0,0.0,0.0,0.0,2,2891.0,2896.0,12,2874.0,2878.0,2903.0,2878.0,529.0,15230310.0,13885
2023-05-10 21:05:28,fu2311,fu2311,2895.0,0.0,0.0,0.0,4,2892.0,2896.0,12,2874.0,2878.0,2903.0,2878.0,529.0,15230310.0,13885
2023-05-10 21:05:29,fu2311,fu2311,2895.0,0.0,0.0,0.0,4,2892.0,2896.0,14,2874.0,2878.0,2903.0,2878.0,529.0,15230310.0,13885
2023-05-10 21:05:30,fu2311,fu2311,2895.0,0.0,0.0,0.0,2,2890.0,2896.0,14,2874.0,2878.0,2903.0,2878.0,529.0,15230310.0,13885
2023-05-10 21:05:30,fu2311,fu2311,2895.0,0.0,0.0,0.0,4,2891.0,2895.0,1,2874.0,2878.0,2903.0,2878.0,529.0,15230310.0,13885
2023-05-10 21:05:31,fu2311,fu2311,2895.0,0.0,0.0,0.0,4,2891.0,2894.0,10,2874.0,2878.0,2903.0,2878.0,529.0,15230310.0,13885
2023-05-10 21:05:31,fu2311,fu2311,2895.0,0.0,0.0,0.0,3,2891.0,2894.0,13,2874.0,2878.0,2903.0,2878.0,529.0,15230310.0,13885
2023-05-10 21:05:32,fu2311,fu2311,2895.0,0.0,0.0,0.0,8,2887.0,2894.0,13,2874.0,2878.0,2903.0,2878.0,529.0,15230310.0,13885
2023-05-10 21:05:32,fu2311,fu2311,2895.0,0.0,0.0,0.0,1,2889.0,2894.0,13,2874.0,2878.0,2903.0,2878.0,529.0,15230310.0,13885
2023-05-10 21:05:33,fu2311,fu2311,2895.0,0.0,0.0,0.0,2,2890.0,2894.0,13,2874.0,2878.0,2903.0,2878.0,529.0,15230310.0,13885
2023-05-10 21:05:33,fu2311,fu2311,2895.0,0.0,0.0,0.0,1,2891.0,2894.0,13,2874.0,2878.0,2903.0,2878.0,529.0,15230310.0,13885
2023-05-10 21:05:34,fu2311,fu2311,2895.0,0.0,0.0,0.0,1,2892.0,2894.0,13,2874.0,2878.0,2903.0,2878.0,529.0,15230310.0,13885
2023-05-10 21:05:34,fu2311,fu2311,2894.0,2.0,57880.0,-1.0,6,2892.0,2895.0,12,2874.0,2878.0,2903.0,2878.0,531.0,15288190.0,13884
2023-05-10 21:05:35,fu2311,fu2311,2894.0,0.0,0.0,0.0,1,2893.0,2895.0,13,2874.0,2878.0,2903.0,2878.0,531.0,15288190.0,13884
2023-05-10 21:05:35,fu2311,fu2311,2894.0,0.0,0.0,0.0,1,2893.0,2895.0,13,2874.0,2878.0,2903.0,2878.0,531.0,15288190.0,13884
2023-05-10 21:05:36,fu2311,fu2311,2894.0,0.0,0.0,0.0,5,2893.0,2896.0,2,2874.0,2878.0,2903.0,2878.0,531.0,15288190.0,13884
2023-05-10 21:05:36,fu2311,fu2311,2894.0,0.0,0.0,0.0,1,2894.0,2896.0,13,2874.0,2878.0,2903.0,2878.0,531.0,15288190.0,13884
2023-05-10 21:05:37,fu2311,fu2311,2894.0,1.0,28940.0,-1.0,2,2892.0,2896.0,13,2874.0,2878.0,2903.0,2878.0,532.0,15317130.0,13883
2023-05-10 21:05:37,fu2311,fu2311,2894.0,0.0,0.0,0.0,3,2893.0,2895.0,1,2874.0,2878.0,2903.0,2878.0,532.0,15317130.0,13883
2023-05-10 21:05:38,fu2311,fu2311,2894.0,0.0,0.0,0.0,3,2893.0,2895.0,14,2874.0,2878.0,2903.0,2878.0,532.0,15317130.0,13883
2023-05-10 21:05:38,fu2311,fu2311,2894.0,0.0,0.0,0.0,2,2893.0,2895.0,14,2874.0,2878.0,2903.0,2878.0,532.0,15317130.0,13883
2023-05-10 21:05:39,fu2311,fu2311,2894.0,0.0,0.0,0.0,1,2893.0,2895.0,14,2874.0,2878.0,2903.0,2878.0,532.0,15317130.0,13883
2023-05-10 21:05:46,fu2311,fu2311,2894.0,0.0,0.0,0.0,5,2893.0,2896.0,2,2874.0,2878.0,2903.0,2878.0,532.0,15317130.0,13883
2023-05-10 21:05:47,fu2311,fu2311,2894.0,0.0,0.0,0.0,5,2893.0,2896.0,13,2874.0,2878.0,2903.0,2878.0,532.0,15317130.0,13883
2023-05-10 21:05:47,fu2311,fu2311,2894.0,0.0,0.0,0.0,1,2893.0,2896.0,13,2874.0,2878.0,2903.0,2878.0,532.0,15317130.0,13883
2023-05-10 21:05:49,fu2311,fu2311,2894.0,0.0,0.0,0.0,5,2893.0,2896.0,13,2874.0,2878.0,2903.0,2878.0,532.0,15317130.0,13883
2023-05-10 21:05:52,fu2311,fu2311,2894.0,0.0,0.0,0.0,1,2893.0,2896.0,13,2874.0,2878.0,2903.0,2878.0,532.0,15317130.0,13883
2023-05-10 21:05:52,fu2311,fu2311,2894.0,0.0,0.0,0.0,5,2893.0,2896.0,13,2874.0,2878.0,2903.0,2878.0,532.0,15317130.0,13883
2023-05-10 21:05:54,fu2311,fu2311,2894.0,0.0,0.0,0.0,1,2893.0,2896.0,13,2874.0,2878.0,2903.0,2878.0,532.0,15317130.0,13883
2023-05-10 21:05:55,fu2311,fu2311,2894.0,0.0,0.0,0.0,5,2893.0,2896.0,13,2874.0,2878.0,2903.0,2878.0,532.0,15317130.0,13883
2023-05-10 21:05:55,fu2311,fu2311,2894.0,0.0,0.0,0.0,4,2893.0,2896.0,13,2874.0,2878.0,2903.0,2878.0,532.0,15317130.0,13883
2023-05-10 21:05:56,fu2311,fu2311,2896.0,5.0,144800.0,4.0,3,2894.0,2898.0,8,2874.0,2878.0,2903.0,2878.0,537.0,15461930.0,13887
2023-05-10 21:05:56,fu2311,fu2311,2896.0,0.0,0.0,0.0,1,2895.0,2898.0,9,2874.0,2878.0,2903.0,2878.0,537.0,15461930.0,13887
2023-05-10 21:05:57,fu2311,fu2311,2896.0,0.0,0.0,0.0,4,2895.0,2898.0,9,2874.0,2878.0,2903.0,2878.0,537.0,15461930.0,13887
2023-05-10 21:05:57,fu2311,fu2311,2896.0,0.0,0.0,0.0,4,2895.0,2898.0,9,2874.0,2878.0,2903.0,2878.0,537.0,15461930.0,13887
2023-05-10 21:05:58,fu2311,fu2311,2896.0,0.0,0.0,0.0,1,2896.0,2898.0,9,2874.0,2878.0,2903.0,2878.0,537.0,15461930.0,13887
2023-05-10 21:05:59,fu2311,fu2311,2896.0,0.0,0.0,0.0,1,2896.0,2898.0,9,2874.0,2878.0,2903.0,2878.0,537.0,15461930.0,13887
2023-05-10 21:06:03,fu2311,fu2311,2896.0,0.0,0.0,0.0,5,2896.0,2903.0,1,2874.0,2878.0,2903.0,2878.0,537.0,15461930.0,13887
2023-05-10 21:06:03,fu2311,fu2311,2896.0,0.0,0.0,0.0,1,2897.0,2902.0,12,2874.0,2878.0,2903.0,2878.0,537.0,15461930.0,13887
2023-05-10 21:06:04,fu2311,fu2311,2896.0,0.0,0.0,0.0,1,2897.0,2902.0,15,2874.0,2878.0,2903.0,2878.0,537.0,15461930.0,13887
2023-05-10 21:06:04,fu2311,fu2311,2896.0,0.0,0.0,0.0,5,2897.0,2902.0,15,2874.0,2878.0,2903.0,2878.0,537.0,15461930.0,13887
2023-05-10 21:06:05,fu2311,fu2311,2896.0,0.0,0.0,0.0,1,2898.0,2902.0,15,2874.0,2878.0,2903.0,2878.0,537.0,15461930.0,13887
2023-05-10 21:06:05,fu2311,fu2311,2896.0,0.0,0.0,0.0,5,2898.0,2902.0,14,2874.0,2878.0,2903.0,2878.0,537.0,15461930.0,13887
2023-05-10 21:06:06,fu2311,fu2311,2896.0,0.0,0.0,0.0,1,2899.0,2902.0,14,2874.0,2878.0,2903.0,2878.0,537.0,15461930.0,13887
2023-05-10 21:06:06,fu2311,fu2311,2896.0,0.0,0.0,0.0,1,2899.0,2902.0,14,2874.0,2878.0,2903.0,2878.0,537.0,15461930.0,13887
2023-05-10 21:06:07,fu2311,fu2311,2898.0,1.0,28980.0,1.0,5,2899.0,2902.0,9,2874.0,2878.0,2903.0,2878.0,538.0,15490910.0,13888
2023-05-10 21:06:07,fu2311,fu2311,2898.0,0.0,0.0,0.0,6,2899.0,2902.0,9,2874.0,2878.0,2903.0,2878.0,538.0,15490910.0,13888
2023-05-10 21:06:08,fu2311,fu2311,2898.0,0.0,0.0,0.0,1,2899.0,2902.0,9,2874.0,2878.0,2903.0,2878.0,538.0,15490910.0,13888
2023-05-10 21:06:09,fu2311,fu2311,2898.0,0.0,0.0,0.0,2,2898.0,2902.0,9,2874.0,2878.0,2903.0,2878.0,538.0,15490910.0,13888
2023-05-10 21:06:10,fu2311,fu2311,2898.0,0.0,0.0,0.0,1,2899.0,2902.0,9,2874.0,2878.0,2903.0,2878.0,538.0,15490910.0,13888
2023-05-10 21:06:11,fu2311,fu2311,2898.0,0.0,0.0,0.0,5,2898.0,2902.0,9,2874.0,2878.0,2903.0,2878.0,538.0,15490910.0,13888
2023-05-10 21:06:12,fu2311,fu2311,2898.0,0.0,0.0,0.0,2,2897.0,2902.0,9,2874.0,2878.0,2903.0,2878.0,538.0,15490910.0,13888
2023-05-10 21:06:12,fu2311,fu2311,2898.0,0.0,0.0,0.0,1,2898.0,2902.0,9,2874.0,2878.0,2903.0,2878.0,538.0,15490910.0,13888
2023-05-10 21:06:13,fu2311,fu2311,2898.0,0.0,0.0,0.0,1,2898.0,2901.0,2,2874.0,2878.0,2903.0,2878.0,538.0,15490910.0,13888
2023-05-10 21:06:13,fu2311,fu2311,2898.0,0.0,0.0,0.0,1,2898.0,2900.0,6,2874.0,2878.0,2903.0,2878.0,538.0,15490910.0,13888
2023-05-10 21:06:14,fu2311,fu2311,2898.0,0.0,0.0,0.0,4,2897.0,2900.0,9,2874.0,2878.0,2903.0,2878.0,538.0,15490910.0,13888
2023-05-10 21:06:14,fu2311,fu2311,2898.0,0.0,0.0,0.0,4,2897.0,2900.0,9,2874.0,2878.0,2903.0,2878.0,538.0,15490910.0,13888
2023-05-10 21:06:15,fu2311,fu2311,2898.0,0.0,0.0,0.0,3,2897.0,2900.0,9,2874.0,2878.0,2903.0,2878.0,538.0,15490910.0,13888
2023-05-10 21:06:16,fu2311,fu2311,2898.0,0.0,0.0,0.0,1,2898.0,2900.0,9,2874.0,2878.0,2903.0,2878.0,538.0,15490910.0,13888
2023-05-10 21:06:16,fu2311,fu2311,2900.0,1.0,29000.0,1.0,3,2898.0,2900.0,1,2874.0,2878.0,2903.0,2878.0,539.0,15519910.0,13889
2023-05-10 21:06:17,fu2311,fu2311,2900.0,0.0,0.0,0.0,3,2898.0,2900.0,1,2874.0,2878.0,2903.0,2878.0,539.0,15519910.0,13889
2023-05-10 21:06:18,fu2311,fu2311,2900.0,0.0,0.0,0.0,3,2898.0,2900.0,1,2874.0,2878.0,2903.0,2878.0,539.0,15519910.0,13889
2023-05-10 21:06:18,fu2311,fu2311,2900.0,0.0,0.0,0.0,5,2898.0,2902.0,3,2874.0,2878.0,2903.0,2878.0,539.0,15519910.0,13889
2023-05-10 21:06:19,fu2311,fu2311,2900.0,0.0,0.0,0.0,5,2898.0,2901.0,1,2874.0,2878.0,2903.0,2878.0,539.0,15519910.0,13889
2023-05-10 21:06:19,fu2311,fu2311,2900.0,0.0,0.0,0.0,2,2899.0,2901.0,1,2874.0,2878.0,2903.0,2878.0,539.0,15519910.0,13889
2023-05-10 21:06:20,fu2311,fu2311,2900.0,0.0,0.0,0.0,2,2899.0,2901.0,8,2874.0,2878.0,2903.0,2878.0,539.0,15519910.0,13889
2023-05-10 21:06:20,fu2311,fu2311,2900.0,0.0,0.0,0.0,2,2899.0,2901.0,8,2874.0,2878.0,2903.0,2878.0,539.0,15519910.0,13889
2023-05-10 21:06:21,fu2311,fu2311,2900.0,0.0,0.0,0.0,2,2898.0,2901.0,8,2874.0,2878.0,2903.0,2878.0,539.0,15519910.0,13889
2023-05-10 21:06:23,fu2311,fu2311,2900.0,0.0,0.0,0.0,1,2899.0,2901.0,8,2874.0,2878.0,2903.0,2878.0,539.0,15519910.0,13889
2023-05-10 21:06:27,fu2311,fu2311,2900.0,0.0,0.0,0.0,2,2898.0,2901.0,8,2874.0,2878.0,2903.0,2878.0,539.0,15519910.0,13889
2023-05-10 21:06:27,fu2311,fu2311,2900.0,0.0,0.0,0.0,2,2898.0,2900.0,1,2874.0,2878.0,2903.0,2878.0,539.0,15519910.0,13889
2023-05-10 21:06:28,fu2311,fu2311,2900.0,0.0,0.0,0.0,2,2898.0,2900.0,1,2874.0,2878.0,2903.0,2878.0,539.0,15519910.0,13889
2023-05-10 21:06:31,fu2311,fu2311,2900.0,0.0,0.0,0.0,1,2899.0,2900.0,1,2874.0,2878.0,2903.0,2878.0,539.0,15519910.0,13889
2023-05-10 21:06:32,fu2311,fu2311,2900.0,0.0,0.0,0.0,2,2898.0,2900.0,1,2874.0,2878.0,2903.0,2878.0,539.0,15519910.0,13889
2023-05-10 21:06:33,fu2311,fu2311,2900.0,0.0,0.0,0.0,2,2899.0,2901.0,1,2874.0,2878.0,2903.0,2878.0,539.0,15519910.0,13889
2023-05-10 21:06:33,fu2311,fu2311,2900.0,0.0,0.0,0.0,3,2899.0,2901.0,1,2874.0,2878.0,2903.0,2878.0,539.0,15519910.0,13889
2023-05-10 21:06:34,fu2311,fu2311,2900.0,0.0,0.0,0.0,3,2899.0,2901.0,1,2874.0,2878.0,2903.0,2878.0,539.0,15519910.0,13889
2023-05-10 21:06:36,fu2311,fu2311,2900.0,0.0,0.0,0.0,1,2899.0,2901.0,4,2874.0,2878.0,2903.0,2878.0,539.0,15519910.0,13889
2023-05-10 21:06:36,fu2311,fu2311,2900.0,0.0,0.0,0.0,2,2898.0,2901.0,8,2874.0,2878.0,2903.0,2878.0,539.0,15519910.0,13889
2023-05-10 21:06:37,fu2311,fu2311,2900.0,0.0,0.0,0.0,4,2898.0,2900.0,1,2874.0,2878.0,2903.0,2878.0,539.0,15519910.0,13889
2023-05-10 21:06:37,fu2311,fu2311,2900.0,0.0,0.0,0.0,4,2898.0,2900.0,2,2874.0,2878.0,2903.0,2878.0,539.0,15519910.0,13889
2023-05-10 21:06:38,fu2311,fu2311,2900.0,0.0,0.0,0.0,1,2899.0,2900.0,2,2874.0,2878.0,2903.0,2878.0,539.0,15519910.0,13889
2023-05-10 21:06:40,fu2311,fu2311,2900.0,0.0,0.0,0.0,4,2898.0,2900.0,2,2874.0,2878.0,2903.0,2878.0,539.0,15519910.0,13889
2023-05-10 21:06:42,fu2311,fu2311,2900.0,0.0,0.0,0.0,1,2899.0,2902.0,2,2874.0,2878.0,2903.0,2878.0,539.0,15519910.0,13889
2023-05-10 21:06:43,fu2311,fu2311,2900.0,0.0,0.0,0.0,3,2899.0,2901.0,1,2874.0,2878.0,2903.0,2878.0,539.0,15519910.0,13889
2023-05-10 21:06:43,fu2311,fu2311,2900.0,0.0,0.0,0.0,3,2899.0,2901.0,1,2874.0,2878.0,2903.0,2878.0,539.0,15519910.0,13889
2023-05-10 21:06:48,fu2311,fu2311,2900.0,0.0,0.0,0.0,5,2899.0,2903.0,3,2874.0,2878.0,2903.0,2878.0,539.0,15519910.0,13889
2023-05-10 21:06:48,fu2311,fu2311,2900.0,0.0,0.0,0.0,2,2900.0,2902.0,1,2874.0,2878.0,2903.0,2878.0,539.0,15519910.0,13889
2023-05-10 21:06:49,fu2311,fu2311,2900.0,0.0,0.0,0.0,4,2900.0,2902.0,1,2874.0,2878.0,2903.0,2878.0,539.0,15519910.0,13889
2023-05-10 21:06:49,fu2311,fu2311,2900.0,0.0,0.0,0.0,1,2901.0,2902.0,1,2874.0,2878.0,2903.0,2878.0,539.0,15519910.0,13889
2023-05-10 21:06:50,fu2311,fu2311,2900.0,0.0,0.0,0.0,1,2901.0,2902.0,1,2874.0,2878.0,2903.0,2878.0,539.0,15519910.0,13889
2023-05-10 21:06:54,fu2311,fu2311,2900.0,0.0,0.0,0.0,3,2901.0,2903.0,1,2874.0,2878.0,2903.0,2878.0,539.0,15519910.0,13889
2023-05-10 21:06:55,fu2311,fu2311,2900.0,0.0,0.0,0.0,3,2901.0,2903.0,2,2874.0,2878.0,2903.0,2878.0,539.0,15519910.0,13889
2023-05-10 21:06:56,fu2311,fu2311,2900.0,0.0,0.0,0.0,1,2901.0,2903.0,5,2874.0,2878.0,2903.0,2878.0,539.0,15519910.0,13889
2023-05-10 21:06:56,fu2311,fu2311,2900.0,0.0,0.0,0.0,1,2901.0,2903.0,9,2874.0,2878.0,2903.0,2878.0,539.0,15519910.0,13889
2023-05-10 21:06:57,fu2311,fu2311,2900.0,0.0,0.0,0.0,3,2901.0,2903.0,2,2874.0,2878.0,2903.0,2878.0,539.0,15519910.0,13889
2023-05-10 21:06:59,fu2311,fu2311,2900.0,0.0,0.0,0.0,1,2901.0,2903.0,5,2874.0,2878.0,2903.0,2878.0,539.0,15519910.0,13889
2023-05-10 21:06:59,fu2311,fu2311,2900.0,0.0,0.0,0.0,1,2901.0,2903.0,9,2874.0,2878.0,2903.0,2878.0,539.0,15519910.0,13889
2023-05-10 21:07:00,fu2311,fu2311,2900.0,0.0,0.0,0.0,2,2899.0,2903.0,9,2874.0,2878.0,2903.0,2878.0,539.0,15519910.0,13889
2023-05-10 21:07:00,fu2311,fu2311,2900.0,0.0,0.0,0.0,2,2900.0,2902.0,1,2874.0,2878.0,2903.0,2878.0,539.0,15519910.0,13889
2023-05-10 21:07:01,fu2311,fu2311,2900.0,0.0,0.0,0.0,3,2900.0,2902.0,6,2874.0,2878.0,2903.0,2878.0,539.0,15519910.0,13889
2023-05-10 21:07:01,fu2311,fu2311,2900.0,0.0,0.0,0.0,3,2900.0,2902.0,6,2874.0,2878.0,2903.0,2878.0,539.0,15519910.0,13889
2023-05-10 21:07:04,fu2311,fu2311,2900.0,0.0,0.0,0.0,4,2900.0,2903.0,1,2874.0,2878.0,2903.0,2878.0,539.0,15519910.0,13889
2023-05-10 21:07:04,fu2311,fu2311,2900.0,0.0,0.0,0.0,4,2900.0,2903.0,8,2874.0,2878.0,2903.0,2878.0,539.0,15519910.0,13889
2023-05-10 21:07:08,fu2311,fu2311,2900.0,0.0,0.0,0.0,4,2900.0,2903.0,6,2874.0,2878.0,2903.0,2878.0,539.0,15519910.0,13889
2023-05-10 21:07:08,fu2311,fu2311,2900.0,0.0,0.0,0.0,2,2901.0,2903.0,1,2874.0,2878.0,2903.0,2878.0,539.0,15519910.0,13889
2023-05-10 21:07:09,fu2311,fu2311,2900.0,0.0,0.0,0.0,1,2902.0,2903.0,1,2874.0,2878.0,2903.0,2878.0,539.0,15519910.0,13889
2023-05-10 21:07:09,fu2311,fu2311,2900.0,0.0,0.0,0.0,2,2902.0,2903.0,1,2874.0,2878.0,2903.0,2878.0,539.0,15519910.0,13889
2023-05-10 21:07:10,fu2311,fu2311,2903.0,1.0,29030.0,1.0,3,2903.0,2905.0,5,2874.0,2878.0,2903.0,2878.0,540.0,15548940.0,13890
2023-05-10 21:07:10,fu2311,fu2311,2903.0,0.0,0.0,0.0,3,2903.0,2905.0,5,2874.0,2878.0,2903.0,2878.0,540.0,15548940.0,13890
2023-05-10 21:07:11,fu2311,fu2311,2903.0,0.0,0.0,0.0,3,2903.0,2905.0,5,2874.0,2878.0,2903.0,2878.0,540.0,15548940.0,13890
2023-05-10 21:07:14,fu2311,fu2311,2903.0,0.0,0.0,0.0,3,2903.0,2905.0,6,2874.0,2878.0,2903.0,2878.0,540.0,15548940.0,13890
2023-05-10 21:07:15,fu2311,fu2311,2903.0,0.0,0.0,0.0,1,2903.0,2905.0,9,2874.0,2878.0,2903.0,2878.0,540.0,15548940.0,13890
2023-05-10 21:07:16,fu2311,fu2311,2903.0,0.0,0.0,0.0,1,2903.0,2905.0,9,2874.0,2878.0,2903.0,2878.0,540.0,15548940.0,13890
2023-05-10 21:07:16,fu2311,fu2311,2903.0,0.0,0.0,0.0,3,2903.0,2905.0,6,2874.0,2878.0,2903.0,2878.0,540.0,15548940.0,13890
2023-05-10 21:07:17,fu2311,fu2311,2903.0,0.0,0.0,0.0,3,2903.0,2905.0,6,2874.0,2878.0,2903.0,2878.0,540.0,15548940.0,13890
2023-05-10 21:07:20,fu2311,fu2311,2903.0,0.0,0.0,0.0,5,2903.0,2905.0,1,2874.0,2878.0,2903.0,2878.0,540.0,15548940.0,13890
2023-05-10 21:07:20,fu2311,fu2311,2903.0,2.0,58060.0,0.0,3,2903.0,2905.0,1,2874.0,2878.0,2903.0,2878.0,542.0,15607000.0,13890
2023-05-10 21:07:21,fu2311,fu2311,2903.0,0.0,0.0,0.0,3,2903.0,2905.0,1,2874.0,2878.0,2903.0,2878.0,542.0,15607000.0,13890
2023-05-10 21:07:22,fu2311,fu2311,2905.0,1.0,29050.0,1.0,1,2905.0,2908.0,3,2874.0,2878.0,2905.0,2878.0,543.0,15636050.0,13891
2023-05-10 21:07:22,fu2311,fu2311,2905.0,0.0,0.0,0.0,2,2905.0,2907.0,6,2874.0,2878.0,2905.0,2878.0,543.0,15636050.0,13891
2023-05-10 21:07:23,fu2311,fu2311,2905.0,0.0,0.0,0.0,4,2905.0,2908.0,6,2874.0,2878.0,2905.0,2878.0,543.0,15636050.0,13891
2023-05-10 21:07:23,fu2311,fu2311,2905.0,0.0,0.0,0.0,2,2905.0,2907.0,1,2874.0,2878.0,2905.0,2878.0,543.0,15636050.0,13891
2023-05-10 21:07:24,fu2311,fu2311,2905.0,2.0,58100.0,-1.0,4,2903.0,2906.0,5,2874.0,2878.0,2905.0,2878.0,545.0,15694150.0,13890
2023-05-10 21:07:24,fu2311,fu2311,2905.0,0.0,0.0,0.0,4,2903.0,2906.0,6,2874.0,2878.0,2905.0,2878.0,545.0,15694150.0,13890
2023-05-10 21:07:25,fu2311,fu2311,2905.0,0.0,0.0,0.0,4,2901.0,2905.0,1,2874.0,2878.0,2905.0,2878.0,545.0,15694150.0,13890
2023-05-10 21:07:25,fu2311,fu2311,2905.0,0.0,0.0,0.0,2,2903.0,2905.0,6,2874.0,2878.0,2905.0,2878.0,545.0,15694150.0,13890
2023-05-10 21:07:26,fu2311,fu2311,2905.0,0.0,0.0,0.0,2,2903.0,2905.0,6,2874.0,2878.0,2905.0,2878.0,545.0,15694150.0,13890
2023-05-10 21:07:26,fu2311,fu2311,2905.0,0.0,0.0,0.0,2,2903.0,2905.0,6,2874.0,2878.0,2905.0,2878.0,545.0,15694150.0,13890
2023-05-10 21:07:27,fu2311,fu2311,2905.0,0.0,0.0,0.0,2,2903.0,2905.0,6,2874.0,2878.0,2905.0,2878.0,545.0,15694150.0,13890
2023-05-10 21:07:32,fu2311,fu2311,2905.0,0.0,0.0,0.0,2,2903.0,2905.0,5,2874.0,2878.0,2905.0,2878.0,545.0,15694150.0,13890
2023-05-10 21:07:33,fu2311,fu2311,2905.0,0.0,0.0,0.0,5,2903.0,2906.0,5,2874.0,2878.0,2905.0,2878.0,545.0,15694150.0,13890
2023-05-10 21:07:33,fu2311,fu2311,2905.0,0.0,0.0,0.0,2,2904.0,2906.0,5,2874.0,2878.0,2905.0,2878.0,545.0,15694150.0,13890
2023-05-10 21:07:34,fu2311,fu2311,2905.0,0.0,0.0,0.0,2,2905.0,2907.0,5,2874.0,2878.0,2905.0,2878.0,545.0,15694150.0,13890
2023-05-10 21:07:34,fu2311,fu2311,2905.0,0.0,0.0,0.0,2,2905.0,2907.0,5,2874.0,2878.0,2905.0,2878.0,545.0,15694150.0,13890
2023-05-10 21:07:35,fu2311,fu2311,2905.0,0.0,0.0,0.0,5,2905.0,2909.0,2,2874.0,2878.0,2905.0,2878.0,545.0,15694150.0,13890
2023-05-10 21:07:35,fu2311,fu2311,2905.0,0.0,0.0,0.0,7,2905.0,2908.0,6,2874.0,2878.0,2905.0,2878.0,545.0,15694150.0,13890
2023-05-10 21:07:37,fu2311,fu2311,2905.0,0.0,0.0,0.0,2,2906.0,2908.0,9,2874.0,2878.0,2905.0,2878.0,545.0,15694150.0,13890
2023-05-10 21:07:37,fu2311,fu2311,2905.0,0.0,0.0,0.0,2,2906.0,2908.0,9,2874.0,2878.0,2905.0,2878.0,545.0,15694150.0,13890
2023-05-10 21:07:38,fu2311,fu2311,2905.0,0.0,0.0,0.0,4,2905.0,2908.0,9,2874.0,2878.0,2905.0,2878.0,545.0,15694150.0,13890
2023-05-10 21:07:39,fu2311,fu2311,2905.0,0.0,0.0,0.0,4,2905.0,2908.0,9,2874.0,2878.0,2905.0,2878.0,545.0,15694150.0,13890
2023-05-10 21:07:39,fu2311,fu2311,2905.0,0.0,0.0,0.0,4,2903.0,2908.0,10,2874.0,2878.0,2905.0,2878.0,545.0,15694150.0,13890
2023-05-10 21:07:40,fu2311,fu2311,2905.0,0.0,0.0,0.0,2,2904.0,2908.0,10,2874.0,2878.0,2905.0,2878.0,545.0,15694150.0,13890
2023-05-10 21:07:41,fu2311,fu2311,2905.0,0.0,0.0,0.0,1,2901.0,2907.0,1,2874.0,2878.0,2905.0,2878.0,545.0,15694150.0,13890
2023-05-10 21:07:41,fu2311,fu2311,2905.0,0.0,0.0,0.0,2,2903.0,2906.0,5,2874.0,2878.0,2905.0,2878.0,545.0,15694150.0,13890
2023-05-10 21:07:42,fu2311,fu2311,2905.0,0.0,0.0,0.0,3,2903.0,2906.0,9,2874.0,2878.0,2905.0,2878.0,545.0,15694150.0,13890
2023-05-10 21:07:43,fu2311,fu2311,2905.0,0.0,0.0,0.0,3,2903.0,2906.0,9,2874.0,2878.0,2905.0,2878.0,545.0,15694150.0,13890
2023-05-10 21:07:45,fu2311,fu2311,2903.0,1.0,29030.0,-1.0,2,2903.0,2906.0,9,2874.0,2878.0,2905.0,2878.0,546.0,15723180.0,13889
2023-05-10 21:07:47,fu2311,fu2311,2903.0,0.0,0.0,0.0,2,2902.0,2906.0,11,2874.0,2878.0,2905.0,2878.0,546.0,15723180.0,13889
2023-05-10 21:07:47,fu2311,fu2311,2903.0,0.0,0.0,0.0,5,2902.0,2906.0,11,2874.0,2878.0,2905.0,2878.0,546.0,15723180.0,13889
2023-05-10 21:07:48,fu2311,fu2311,2903.0,0.0,0.0,0.0,5,2902.0,2906.0,13,2874.0,2878.0,2905.0,2878.0,546.0,15723180.0,13889
2023-05-10 21:07:58,fu2311,fu2311,2903.0,0.0,0.0,0.0,6,2902.0,2906.0,9,2874.0,2878.0,2905.0,2878.0,546.0,15723180.0,13889
2023-05-10 21:07:58,fu2311,fu2311,2903.0,0.0,0.0,0.0,2,2903.0,2906.0,9,2874.0,2878.0,2905.0,2878.0,546.0,15723180.0,13889
2023-05-10 21:07:59,fu2311,fu2311,2903.0,0.0,0.0,0.0,5,2903.0,2906.0,9,2874.0,2878.0,2905.0,2878.0,546.0,15723180.0,13889
2023-05-10 21:08:00,fu2311,fu2311,2903.0,0.0,0.0,0.0,3,2903.0,2906.0,9,2874.0,2878.0,2905.0,2878.0,546.0,15723180.0,13889
2023-05-10 21:08:02,fu2311,fu2311,2903.0,0.0,0.0,0.0,3,2902.0,2906.0,11,2874.0,2878.0,2905.0,2878.0,546.0,15723180.0,13889
2023-05-10 21:08:02,fu2311,fu2311,2903.0,0.0,0.0,0.0,5,2902.0,2906.0,11,2874.0,2878.0,2905.0,2878.0,546.0,15723180.0,13889
2023-05-10 21:08:04,fu2311,fu2311,2903.0,0.0,0.0,0.0,1,2901.0,2905.0,2,2874.0,2878.0,2905.0,2878.0,546.0,15723180.0,13889
2023-05-10 21:08:04,fu2311,fu2311,2903.0,0.0,0.0,0.0,3,2901.0,2904.0,6,2874.0,2878.0,2905.0,2878.0,546.0,15723180.0,13889
2023-05-10 21:08:05,fu2311,fu2311,2903.0,0.0,0.0,0.0,3,2901.0,2904.0,9,2874.0,2878.0,2905.0,2878.0,546.0,15723180.0,13889
2023-05-10 21:08:05,fu2311,fu2311,2903.0,0.0,0.0,0.0,3,2901.0,2904.0,9,2874.0,2878.0,2905.0,2878.0,546.0,15723180.0,13889
2023-05-10 21:08:06,fu2311,fu2311,2903.0,0.0,0.0,0.0,2,2902.0,2904.0,6,2874.0,2878.0,2905.0,2878.0,546.0,15723180.0,13889
2023-05-10 21:08:07,fu2311,fu2311,2903.0,0.0,0.0,0.0,5,2902.0,2904.0,6,2874.0,2878.0,2905.0,2878.0,546.0,15723180.0,13889
2023-05-10 21:08:07,fu2311,fu2311,2903.0,0.0,0.0,0.0,5,2902.0,2904.0,6,2874.0,2878.0,2905.0,2878.0,546.0,15723180.0,13889
2023-05-10 21:08:10,fu2311,fu2311,2903.0,0.0,0.0,0.0,1,2901.0,2904.0,9,2874.0,2878.0,2905.0,2878.0,546.0,15723180.0,13889
2023-05-10 21:08:10,fu2311,fu2311,2903.0,0.0,0.0,0.0,3,2901.0,2904.0,9,2874.0,2878.0,2905.0,2878.0,546.0,15723180.0,13889
2023-05-10 21:08:12,fu2311,fu2311,2903.0,0.0,0.0,0.0,2,2900.0,2904.0,11,2874.0,2878.0,2905.0,2878.0,546.0,15723180.0,13889
2023-05-10 21:08:12,fu2311,fu2311,2903.0,0.0,0.0,0.0,5,2900.0,2904.0,11,2874.0,2878.0,2905.0,2878.0,546.0,15723180.0,13889
2023-05-10 21:08:13,fu2311,fu2311,2903.0,0.0,0.0,0.0,5,2900.0,2904.0,11,2874.0,2878.0,2905.0,2878.0,546.0,15723180.0,13889
2023-05-10 21:08:14,fu2311,fu2311,2903.0,0.0,0.0,0.0,3,2900.0,2904.0,11,2874.0,2878.0,2905.0,2878.0,546.0,15723180.0,13889
2023-05-10 21:08:15,fu2311,fu2311,2903.0,0.0,0.0,0.0,1,2899.0,2903.0,2,2874.0,2878.0,2905.0,2878.0,546.0,15723180.0,13889
2023-05-10 21:08:15,fu2311,fu2311,2903.0,0.0,0.0,0.0,5,2899.0,2902.0,6,2874.0,2878.0,2905.0,2878.0,546.0,15723180.0,13889
2023-05-10 21:08:16,fu2311,fu2311,2903.0,0.0,0.0,0.0,1,2899.0,2902.0,11,2874.0,2878.0,2905.0,2878.0,546.0,15723180.0,13889
2023-05-10 21:08:16,fu2311,fu2311,2903.0,0.0,0.0,0.0,1,2899.0,2902.0,11,2874.0,2878.0,2905.0,2878.0,546.0,15723180.0,13889
2023-05-10 21:08:17,fu2311,fu2311,2903.0,0.0,0.0,0.0,2,2898.0,2902.0,11,2874.0,2878.0,2905.0,2878.0,546.0,15723180.0,13889
2023-05-10 21:08:17,fu2311,fu2311,2903.0,0.0,0.0,0.0,6,2898.0,2902.0,11,2874.0,2878.0,2905.0,2878.0,546.0,15723180.0,13889
2023-05-10 21:08:18,fu2311,fu2311,2903.0,0.0,0.0,0.0,7,2898.0,2902.0,9,2874.0,2878.0,2905.0,2878.0,546.0,15723180.0,13889
2023-05-10 21:08:19,fu2311,fu2311,2903.0,0.0,0.0,0.0,2,2899.0,2902.0,9,2874.0,2878.0,2905.0,2878.0,546.0,15723180.0,13889
2023-05-10 21:08:19,fu2311,fu2311,2903.0,0.0,0.0,0.0,6,2899.0,2902.0,9,2874.0,2878.0,2905.0,2878.0,546.0,15723180.0,13889
2023-05-10 21:08:25,fu2311,fu2311,2903.0,0.0,0.0,0.0,2,2899.0,2902.0,11,2874.0,2878.0,2905.0,2878.0,546.0,15723180.0,13889
2023-05-10 21:08:25,fu2311,fu2311,2903.0,0.0,0.0,0.0,4,2898.0,2902.0,11,2874.0,2878.0,2905.0,2878.0,546.0,15723180.0,13889
2023-05-10 21:08:26,fu2311,fu2311,2903.0,0.0,0.0,0.0,6,2898.0,2902.0,11,2874.0,2878.0,2905.0,2878.0,546.0,15723180.0,13889
2023-05-10 21:08:30,fu2311,fu2311,2903.0,0.0,0.0,0.0,7,2898.0,2902.0,9,2874.0,2878.0,2905.0,2878.0,546.0,15723180.0,13889
2023-05-10 21:08:30,fu2311,fu2311,2903.0,0.0,0.0,0.0,6,2898.0,2902.0,11,2874.0,2878.0,2905.0,2878.0,546.0,15723180.0,13889
2023-05-10 21:08:32,fu2311,fu2311,2903.0,0.0,0.0,0.0,1,2899.0,2902.0,11,2874.0,2878.0,2905.0,2878.0,546.0,15723180.0,13889
2023-05-10 21:08:38,fu2311,fu2311,2903.0,0.0,0.0,0.0,6,2898.0,2902.0,11,2874.0,2878.0,2905.0,2878.0,546.0,15723180.0,13889
2023-05-10 21:08:38,fu2311,fu2311,2903.0,0.0,0.0,0.0,1,2897.0,2901.0,2,2874.0,2878.0,2905.0,2878.0,546.0,15723180.0,13889
2023-05-10 21:08:39,fu2311,fu2311,2903.0,0.0,0.0,0.0,4,2898.0,2900.0,5,2874.0,2878.0,2905.0,2878.0,546.0,15723180.0,13889
2023-05-10 21:08:39,fu2311,fu2311,2900.0,2.0,58000.0,2.0,6,2898.0,2900.0,3,2874.0,2878.0,2905.0,2878.0,548.0,15781180.0,13891
2023-05-10 21:08:40,fu2311,fu2311,2900.0,0.0,0.0,0.0,17,2898.0,2901.0,3,2874.0,2878.0,2905.0,2878.0,548.0,15781180.0,13891
2023-05-10 21:08:41,fu2311,fu2311,2900.0,0.0,0.0,0.0,6,2898.0,2901.0,6,2874.0,2878.0,2905.0,2878.0,548.0,15781180.0,13891
2023-05-10 21:08:42,fu2311,fu2311,2900.0,0.0,0.0,0.0,17,2898.0,2901.0,3,2874.0,2878.0,2905.0,2878.0,548.0,15781180.0,13891
2023-05-10 21:08:44,fu2311,fu2311,2900.0,0.0,0.0,0.0,1,2899.0,2901.0,3,2874.0,2878.0,2905.0,2878.0,548.0,15781180.0,13891
2023-05-10 21:08:44,fu2311,fu2311,2900.0,0.0,0.0,0.0,5,2899.0,2901.0,3,2874.0,2878.0,2905.0,2878.0,548.0,15781180.0,13891
2023-05-10 21:08:48,fu2311,fu2311,2901.0,1.0,29010.0,1.0,5,2899.0,2901.0,2,2874.0,2878.0,2905.0,2878.0,549.0,15810190.0,13892
2023-05-10 21:08:49,fu2311,fu2311,2901.0,0.0,0.0,0.0,5,2899.0,2901.0,2,2874.0,2878.0,2905.0,2878.0,549.0,15810190.0,13892
2023-05-10 21:08:54,fu2311,fu2311,2901.0,0.0,0.0,0.0,1,2899.0,2901.0,5,2874.0,2878.0,2905.0,2878.0,549.0,15810190.0,13892
2023-05-10 21:08:55,fu2311,fu2311,2901.0,0.0,0.0,0.0,1,2899.0,2901.0,5,2874.0,2878.0,2905.0,2878.0,549.0,15810190.0,13892
2023-05-10 21:09:00,fu2311,fu2311,2901.0,0.0,0.0,0.0,4,2899.0,2901.0,2,2874.0,2878.0,2905.0,2878.0,549.0,15810190.0,13892
2023-05-10 21:09:01,fu2311,fu2311,2901.0,0.0,0.0,0.0,4,2899.0,2902.0,5,2874.0,2878.0,2905.0,2878.0,549.0,15810190.0,13892
2023-05-10 21:09:03,fu2311,fu2311,2901.0,0.0,0.0,0.0,4,2899.0,2902.0,5,2874.0,2878.0,2905.0,2878.0,549.0,15810190.0,13892
2023-05-10 21:09:04,fu2311,fu2311,2901.0,0.0,0.0,0.0,4,2899.0,2902.0,5,2874.0,2878.0,2905.0,2878.0,549.0,15810190.0,13892
2023-05-10 21:09:06,fu2311,fu2311,2901.0,0.0,0.0,0.0,2,2898.0,2901.0,1,2874.0,2878.0,2905.0,2878.0,549.0,15810190.0,13892
2023-05-10 21:09:06,fu2311,fu2311,2901.0,0.0,0.0,0.0,4,2898.0,2901.0,5,2874.0,2878.0,2905.0,2878.0,549.0,15810190.0,13892
2023-05-10 21:09:07,fu2311,fu2311,2901.0,0.0,0.0,0.0,4,2898.0,2901.0,5,2874.0,2878.0,2905.0,2878.0,549.0,15810190.0,13892
2023-05-10 21:09:08,fu2311,fu2311,2898.0,4.0,115920.0,-2.0,2,2896.0,2900.0,1,2874.0,2878.0,2905.0,2878.0,553.0,15926110.0,13890
2023-05-10 21:09:09,fu2311,fu2311,2898.0,0.0,0.0,0.0,2,2896.0,2899.0,2,2874.0,2878.0,2905.0,2878.0,553.0,15926110.0,13890
2023-05-10 21:09:09,fu2311,fu2311,2898.0,0.0,0.0,0.0,1,2898.0,2899.0,2,2874.0,2878.0,2905.0,2878.0,553.0,15926110.0,13890
2023-05-10 21:09:12,fu2311,fu2311,2898.0,1.0,28980.0,0.0,2,2896.0,2899.0,3,2874.0,2878.0,2905.0,2878.0,554.0,15955090.0,13890
2023-05-10 21:09:13,fu2311,fu2311,2898.0,0.0,0.0,0.0,4,2896.0,2899.0,5,2874.0,2878.0,2905.0,2878.0,554.0,15955090.0,13890
2023-05-10 21:09:16,fu2311,fu2311,2898.0,0.0,0.0,0.0,1,2898.0,2899.0,5,2874.0,2878.0,2905.0,2878.0,554.0,15955090.0,13890
2023-05-10 21:09:17,fu2311,fu2311,2898.0,1.0,28980.0,-1.0,4,2896.0,2899.0,5,2874.0,2878.0,2905.0,2878.0,555.0,15984070.0,13889
2023-05-10 21:09:22,fu2311,fu2311,2898.0,0.0,0.0,0.0,1,2894.0,2898.0,1,2874.0,2878.0,2905.0,2878.0,555.0,15984070.0,13889
2023-05-10 21:09:22,fu2311,fu2311,2898.0,0.0,0.0,0.0,2,2895.0,2898.0,6,2874.0,2878.0,2905.0,2878.0,555.0,15984070.0,13889
2023-05-10 21:09:23,fu2311,fu2311,2898.0,0.0,0.0,0.0,2,2895.0,2898.0,6,2874.0,2878.0,2905.0,2878.0,555.0,15984070.0,13889
2023-05-10 21:09:26,fu2311,fu2311,2898.0,0.0,0.0,0.0,2,2894.0,2898.0,8,2874.0,2878.0,2905.0,2878.0,555.0,15984070.0,13889
2023-05-10 21:09:27,fu2311,fu2311,2898.0,0.0,0.0,0.0,4,2894.0,2898.0,8,2874.0,2878.0,2905.0,2878.0,555.0,15984070.0,13889
2023-05-10 21:09:27,fu2311,fu2311,2898.0,0.0,0.0,0.0,4,2894.0,2898.0,8,2874.0,2878.0,2905.0,2878.0,555.0,15984070.0,13889
2023-05-10 21:09:28,fu2311,fu2311,2898.0,0.0,0.0,0.0,7,2894.0,2898.0,6,2874.0,2878.0,2905.0,2878.0,555.0,15984070.0,13889
2023-05-10 21:09:29,fu2311,fu2311,2898.0,0.0,0.0,0.0,6,2894.0,2898.0,6,2874.0,2878.0,2905.0,2878.0,555.0,15984070.0,13889
2023-05-10 21:09:30,fu2311,fu2311,2898.0,0.0,0.0,0.0,4,2894.0,2898.0,8,2874.0,2878.0,2905.0,2878.0,555.0,15984070.0,13889
2023-05-10 21:09:34,fu2311,fu2311,2898.0,0.0,0.0,0.0,7,2894.0,2898.0,6,2874.0,2878.0,2905.0,2878.0,555.0,15984070.0,13889
2023-05-10 21:09:35,fu2311,fu2311,2898.0,0.0,0.0,0.0,17,2894.0,2898.0,6,2874.0,2878.0,2905.0,2878.0,555.0,15984070.0,13889
2023-05-10 21:09:38,fu2311,fu2311,2898.0,0.0,0.0,0.0,17,2894.0,2898.0,1,2874.0,2878.0,2905.0,2878.0,555.0,15984070.0,13889
2023-05-10 21:09:38,fu2311,fu2311,2898.0,0.0,0.0,0.0,17,2894.0,2898.0,5,2874.0,2878.0,2905.0,2878.0,555.0,15984070.0,13889
2023-05-10 21:09:39,fu2311,fu2311,2898.0,0.0,0.0,0.0,7,2894.0,2898.0,5,2874.0,2878.0,2905.0,2878.0,555.0,15984070.0,13889
2023-05-10 21:09:41,fu2311,fu2311,2898.0,0.0,0.0,0.0,15,2894.0,2898.0,5,2874.0,2878.0,2905.0,2878.0,555.0,15984070.0,13889
2023-05-10 21:09:43,fu2311,fu2311,2898.0,0.0,0.0,0.0,7,2894.0,2898.0,5,2874.0,2878.0,2905.0,2878.0,555.0,15984070.0,13889
2023-05-10 21:09:44,fu2311,fu2311,2898.0,0.0,0.0,0.0,11,2894.0,2898.0,5,2874.0,2878.0,2905.0,2878.0,555.0,15984070.0,13889
2023-05-10 21:09:45,fu2311,fu2311,2898.0,0.0,0.0,0.0,11,2894.0,2898.0,2,2874.0,2878.0,2905.0,2878.0,555.0,15984070.0,13889
2023-05-10 21:09:46,fu2311,fu2311,2898.0,0.0,0.0,0.0,20,2894.0,2898.0,2,2874.0,2878.0,2905.0,2878.0,555.0,15984070.0,13889
2023-05-10 21:09:47,fu2311,fu2311,2898.0,0.0,0.0,0.0,4,2895.0,2898.0,2,2874.0,2878.0,2905.0,2878.0,555.0,15984070.0,13889
2023-05-10 21:09:47,fu2311,fu2311,2898.0,0.0,0.0,0.0,2,2896.0,2898.0,2,2874.0,2878.0,2905.0,2878.0,555.0,15984070.0,13889
2023-05-10 21:09:48,fu2311,fu2311,2898.0,0.0,0.0,0.0,2,2896.0,2898.0,2,2874.0,2878.0,2905.0,2878.0,555.0,15984070.0,13889
2023-05-10 21:09:49,fu2311,fu2311,2898.0,0.0,0.0,0.0,5,2894.0,2898.0,3,2874.0,2878.0,2905.0,2878.0,555.0,15984070.0,13889
2023-05-10 21:09:50,fu2311,fu2311,2898.0,0.0,0.0,0.0,2,2895.0,2897.0,1,2874.0,2878.0,2905.0,2878.0,555.0,15984070.0,13889
2023-05-10 21:09:50,fu2311,fu2311,2898.0,0.0,0.0,0.0,2,2895.0,2897.0,2,2874.0,2878.0,2905.0,2878.0,555.0,15984070.0,13889
2023-05-10 21:09:51,fu2311,fu2311,2898.0,0.0,0.0,0.0,2,2895.0,2897.0,2,2874.0,2878.0,2905.0,2878.0,555.0,15984070.0,13889
2023-05-10 21:09:54,fu2311,fu2311,2898.0,0.0,0.0,0.0,5,2895.0,2898.0,2,2874.0,2878.0,2905.0,2878.0,555.0,15984070.0,13889
2023-05-10 21:09:55,fu2311,fu2311,2898.0,0.0,0.0,0.0,5,2895.0,2898.0,2,2874.0,2878.0,2905.0,2878.0,555.0,15984070.0,13889
2023-05-10 21:09:55,fu2311,fu2311,2898.0,0.0,0.0,0.0,15,2895.0,2898.0,2,2874.0,2878.0,2905.0,2878.0,555.0,15984070.0,13889
2023-05-10 21:09:56,fu2311,fu2311,2898.0,0.0,0.0,0.0,1,2897.0,2898.0,2,2874.0,2878.0,2905.0,2878.0,555.0,15984070.0,13889
2023-05-10 21:09:57,fu2311,fu2311,2898.0,0.0,0.0,0.0,1,2897.0,2898.0,2,2874.0,2878.0,2905.0,2878.0,555.0,15984070.0,13889
2023-05-10 21:10:01,fu2311,fu2311,2897.0,1.0,28970.0,0.0,2,2895.0,2898.0,3,2874.0,2878.0,2905.0,2878.0,556.0,16013040.0,13889
2023-05-10 21:10:01,fu2311,fu2311,2897.0,0.0,0.0,0.0,5,2895.0,2898.0,2,2874.0,2878.0,2905.0,2878.0,556.0,16013040.0,13889
2023-05-10 21:10:02,fu2311,fu2311,2897.0,0.0,0.0,0.0,2,2895.0,2897.0,1,2874.0,2878.0,2905.0,2878.0,556.0,16013040.0,13889
2023-05-10 21:10:03,fu2311,fu2311,2897.0,0.0,0.0,0.0,5,2895.0,2898.0,3,2874.0,2878.0,2905.0,2878.0,556.0,16013040.0,13889
2023-05-10 21:10:04,fu2311,fu2311,2897.0,0.0,0.0,0.0,2,2895.0,2898.0,4,2874.0,2878.0,2905.0,2878.0,556.0,16013040.0,13889
2023-05-10 21:10:04,fu2311,fu2311,2897.0,0.0,0.0,0.0,2,2895.0,2898.0,6,2874.0,2878.0,2905.0,2878.0,556.0,16013040.0,13889
2023-05-10 21:10:05,fu2311,fu2311,2897.0,0.0,0.0,0.0,5,2895.0,2898.0,3,2874.0,2878.0,2905.0,2878.0,556.0,16013040.0,13889
2023-05-10 21:10:06,fu2311,fu2311,2897.0,0.0,0.0,0.0,15,2895.0,2899.0,2,2874.0,2878.0,2905.0,2878.0,556.0,16013040.0,13889
2023-05-10 21:10:06,fu2311,fu2311,2897.0,0.0,0.0,0.0,24,2895.0,2899.0,2,2874.0,2878.0,2905.0,2878.0,556.0,16013040.0,13889
2023-05-10 21:10:07,fu2311,fu2311,2897.0,0.0,0.0,0.0,26,2895.0,2899.0,2,2874.0,2878.0,2905.0,2878.0,556.0,16013040.0,13889
2023-05-10 21:10:07,fu2311,fu2311,2897.0,0.0,0.0,0.0,10,2896.0,2900.0,4,2874.0,2878.0,2905.0,2878.0,556.0,16013040.0,13889
2023-05-10 21:10:08,fu2311,fu2311,2897.0,0.0,0.0,0.0,2,2898.0,2900.0,4,2874.0,2878.0,2905.0,2878.0,556.0,16013040.0,13889
2023-05-10 21:10:08,fu2311,fu2311,2898.0,2.0,57960.0,-1.0,1,2897.0,2900.0,7,2874.0,2878.0,2905.0,2878.0,558.0,16071000.0,13888
2023-05-10 21:10:09,fu2311,fu2311,2898.0,0.0,0.0,0.0,1,2897.0,2899.0,1,2874.0,2878.0,2905.0,2878.0,558.0,16071000.0,13888
2023-05-10 21:10:09,fu2311,fu2311,2898.0,0.0,0.0,0.0,3,2897.0,2899.0,3,2874.0,2878.0,2905.0,2878.0,558.0,16071000.0,13888
2023-05-10 21:10:12,fu2311,fu2311,2898.0,0.0,0.0,0.0,3,2897.0,2899.0,3,2874.0,2878.0,2905.0,2878.0,558.0,16071000.0,13888
2023-05-10 21:10:12,fu2311,fu2311,2898.0,0.0,0.0,0.0,2,2898.0,2900.0,5,2874.0,2878.0,2905.0,2878.0,558.0,16071000.0,13888
2023-05-10 21:10:13,fu2311,fu2311,2898.0,0.0,0.0,0.0,2,2898.0,2900.0,5,2874.0,2878.0,2905.0,2878.0,558.0,16071000.0,13888
2023-05-10 21:10:15,fu2311,fu2311,2898.0,0.0,0.0,0.0,1,2897.0,2900.0,5,2874.0,2878.0,2905.0,2878.0,558.0,16071000.0,13888
2023-05-10 21:10:15,fu2311,fu2311,2898.0,0.0,0.0,0.0,3,2897.0,2899.0,1,2874.0,2878.0,2905.0,2878.0,558.0,16071000.0,13888
2023-05-10 21:10:16,fu2311,fu2311,2898.0,0.0,0.0,0.0,3,2897.0,2899.0,3,2874.0,2878.0,2905.0,2878.0,558.0,16071000.0,13888
2023-05-10 21:10:21,fu2311,fu2311,2898.0,0.0,0.0,0.0,3,2897.0,2899.0,3,2874.0,2878.0,2905.0,2878.0,558.0,16071000.0,13888
2023-05-10 21:10:22,fu2311,fu2311,2897.0,3.0,86910.0,0.0,2,2895.0,2899.0,3,2874.0,2878.0,2905.0,2878.0,561.0,16157910.0,13888
2023-05-10 21:10:22,fu2311,fu2311,2897.0,0.0,0.0,0.0,5,2895.0,2898.0,1,2874.0,2878.0,2905.0,2878.0,561.0,16157910.0,13888
2023-05-10 21:10:23,fu2311,fu2311,2897.0,0.0,0.0,0.0,2,2897.0,2899.0,1,2874.0,2878.0,2905.0,2878.0,561.0,16157910.0,13888
2023-05-10 21:10:23,fu2311,fu2311,2897.0,2.0,57940.0,2.0,5,2895.0,2899.0,5,2874.0,2878.0,2905.0,2878.0,563.0,16215850.0,13890
2023-05-10 21:10:24,fu2311,fu2311,2897.0,0.0,0.0,0.0,5,2895.0,2898.0,1,2874.0,2878.0,2905.0,2878.0,563.0,16215850.0,13890
2023-05-10 21:10:24,fu2311,fu2311,2897.0,0.0,0.0,0.0,5,2895.0,2898.0,2,2874.0,2878.0,2905.0,2878.0,563.0,16215850.0,13890
2023-05-10 21:10:25,fu2311,fu2311,2897.0,0.0,0.0,0.0,5,2895.0,2898.0,2,2874.0,2878.0,2905.0,2878.0,563.0,16215850.0,13890
2023-05-10 21:10:31,fu2311,fu2311,2897.0,0.0,0.0,0.0,5,2895.0,2898.0,2,2874.0,2878.0,2905.0,2878.0,563.0,16215850.0,13890
2023-05-10 21:10:31,fu2311,fu2311,2897.0,0.0,0.0,0.0,5,2895.0,2898.0,2,2874.0,2878.0,2905.0,2878.0,563.0,16215850.0,13890
2023-05-10 21:10:32,fu2311,fu2311,2897.0,0.0,0.0,0.0,2,2897.0,2899.0,3,2874.0,2878.0,2905.0,2878.0,563.0,16215850.0,13890
2023-05-10 21:10:33,fu2311,fu2311,2897.0,0.0,0.0,0.0,2,2897.0,2899.0,3,2874.0,2878.0,2905.0,2878.0,563.0,16215850.0,13890
2023-05-10 21:10:34,fu2311,fu2311,2897.0,0.0,0.0,0.0,2,2898.0,2900.0,4,2874.0,2878.0,2905.0,2878.0,563.0,16215850.0,13890
2023-05-10 21:10:34,fu2311,fu2311,2897.0,0.0,0.0,0.0,2,2898.0,2900.0,5,2874.0,2878.0,2905.0,2878.0,563.0,16215850.0,13890
2023-05-10 21:10:40,fu2311,fu2311,2897.0,0.0,0.0,0.0,2,2899.0,2900.0,2,2874.0,2878.0,2905.0,2878.0,563.0,16215850.0,13890
2023-05-10 21:10:41,fu2311,fu2311,2897.0,0.0,0.0,0.0,2,2899.0,2900.0,2,2874.0,2878.0,2905.0,2878.0,563.0,16215850.0,13890
2023-05-10 21:10:41,fu2311,fu2311,2897.0,0.0,0.0,0.0,2,2899.0,2900.0,2,2874.0,2878.0,2905.0,2878.0,563.0,16215850.0,13890
2023-05-10 21:10:42,fu2311,fu2311,2900.0,2.0,58000.0,1.0,4,2900.0,2908.0,4,2874.0,2878.0,2905.0,2878.0,565.0,16273850.0,13891
2023-05-10 21:10:42,fu2311,fu2311,2900.0,3.0,87000.0,3.0,1,2900.0,2903.0,4,2874.0,2878.0,2905.0,2878.0,568.0,16360850.0,13894
2023-05-10 21:10:43,fu2311,fu2311,2900.0,0.0,0.0,0.0,1,2900.0,2902.0,3,2874.0,2878.0,2905.0,2878.0,568.0,16360850.0,13894
2023-05-10 21:10:43,fu2311,fu2311,2900.0,0.0,0.0,0.0,1,2900.0,2902.0,6,2874.0,2878.0,2905.0,2878.0,568.0,16360850.0,13894
2023-05-10 21:10:45,fu2311,fu2311,2900.0,0.0,0.0,0.0,1,2900.0,2902.0,6,2874.0,2878.0,2905.0,2878.0,568.0,16360850.0,13894
2023-05-10 21:10:45,fu2311,fu2311,2900.0,1.0,29000.0,1.0,1,2898.0,2902.0,6,2874.0,2878.0,2905.0,2878.0,569.0,16389850.0,13895
2023-05-10 21:10:46,fu2311,fu2311,2900.0,0.0,0.0,0.0,1,2898.0,2902.0,6,2874.0,2878.0,2905.0,2878.0,569.0,16389850.0,13895
2023-05-10 21:10:53,fu2311,fu2311,2900.0,0.0,0.0,0.0,9,2895.0,2902.0,7,2874.0,2878.0,2905.0,2878.0,569.0,16389850.0,13895
2023-05-10 21:10:54,fu2311,fu2311,2900.0,0.0,0.0,0.0,1,2896.0,2901.0,2,2874.0,2878.0,2905.0,2878.0,569.0,16389850.0,13895
2023-05-10 21:10:54,fu2311,fu2311,2900.0,0.0,0.0,0.0,3,2896.0,2900.0,3,2874.0,2878.0,2905.0,2878.0,569.0,16389850.0,13895
2023-05-10 21:10:55,fu2311,fu2311,2900.0,0.0,0.0,0.0,3,2896.0,2900.0,6,2874.0,2878.0,2905.0,2878.0,569.0,16389850.0,13895
2023-05-10 21:10:59,fu2311,fu2311,2900.0,0.0,0.0,0.0,3,2896.0,2900.0,6,2874.0,2878.0,2905.0,2878.0,569.0,16389850.0,13895
2023-05-10 21:11:00,fu2311,fu2311,2900.0,0.0,0.0,0.0,8,2896.0,2900.0,4,2874.0,2878.0,2905.0,2878.0,569.0,16389850.0,13895
2023-05-10 21:11:00,fu2311,fu2311,2900.0,0.0,0.0,0.0,17,2896.0,2900.0,4,2874.0,2878.0,2905.0,2878.0,569.0,16389850.0,13895
2023-05-10 21:11:03,fu2311,fu2311,2900.0,1.0,29000.0,-1.0,11,2897.0,2901.0,3,2874.0,2878.0,2905.0,2878.0,570.0,16418850.0,13894
2023-05-10 21:11:03,fu2311,fu2311,2900.0,0.0,0.0,0.0,19,2898.0,2902.0,2,2874.0,2878.0,2905.0,2878.0,570.0,16418850.0,13894
2023-05-10 21:11:04,fu2311,fu2311,2900.0,0.0,0.0,0.0,4,2899.0,2902.0,3,2874.0,2878.0,2905.0,2878.0,570.0,16418850.0,13894
2023-05-10 21:11:04,fu2311,fu2311,2900.0,0.0,0.0,0.0,6,2899.0,2902.0,3,2874.0,2878.0,2905.0,2878.0,570.0,16418850.0,13894
2023-05-10 21:11:05,fu2311,fu2311,2900.0,0.0,0.0,0.0,17,2899.0,2903.0,3,2874.0,2878.0,2905.0,2878.0,570.0,16418850.0,13894
2023-05-10 21:11:06,fu2311,fu2311,2900.0,0.0,0.0,0.0,26,2899.0,2903.0,3,2874.0,2878.0,2905.0,2878.0,570.0,16418850.0,13894
2023-05-10 21:11:06,fu2311,fu2311,2900.0,0.0,0.0,0.0,10,2900.0,2905.0,2,2874.0,2878.0,2905.0,2878.0,570.0,16418850.0,13894
2023-05-10 21:11:07,fu2311,fu2311,2900.0,0.0,0.0,0.0,1,2901.0,2905.0,5,2874.0,2878.0,2905.0,2878.0,570.0,16418850.0,13894
2023-05-10 21:11:07,fu2311,fu2311,2900.0,0.0,0.0,0.0,1,2901.0,2905.0,7,2874.0,2878.0,2905.0,2878.0,570.0,16418850.0,13894
2023-05-10 21:11:08,fu2311,fu2311,2901.0,1.0,29010.0,0.0,2,2900.0,2905.0,7,2874.0,2878.0,2905.0,2878.0,571.0,16447860.0,13894
2023-05-10 21:11:08,fu2311,fu2311,2901.0,0.0,0.0,0.0,4,2900.0,2904.0,1,2874.0,2878.0,2905.0,2878.0,571.0,16447860.0,13894
2023-05-10 21:11:09,fu2311,fu2311,2901.0,0.0,0.0,0.0,3,2899.0,2903.0,2,2874.0,2878.0,2905.0,2878.0,571.0,16447860.0,13894
2023-05-10 21:11:09,fu2311,fu2311,2901.0,0.0,0.0,0.0,5,2899.0,2903.0,5,2874.0,2878.0,2905.0,2878.0,571.0,16447860.0,13894
2023-05-10 21:11:10,fu2311,fu2311,2901.0,0.0,0.0,0.0,5,2899.0,2903.0,5,2874.0,2878.0,2905.0,2878.0,571.0,16447860.0,13894
2023-05-10 21:11:10,fu2311,fu2311,2901.0,0.0,0.0,0.0,5,2899.0,2902.0,1,2874.0,2878.0,2905.0,2878.0,571.0,16447860.0,13894
2023-05-10 21:11:11,fu2311,fu2311,2901.0,0.0,0.0,0.0,5,2899.0,2902.0,3,2874.0,2878.0,2905.0,2878.0,571.0,16447860.0,13894
2023-05-10 21:11:11,fu2311,fu2311,2901.0,0.0,0.0,0.0,5,2899.0,2902.0,3,2874.0,2878.0,2905.0,2878.0,571.0,16447860.0,13894
2023-05-10 21:11:12,fu2311,fu2311,2901.0,0.0,0.0,0.0,2,2899.0,2902.0,3,2874.0,2878.0,2905.0,2878.0,571.0,16447860.0,13894
2023-05-10 21:11:12,fu2311,fu2311,2901.0,0.0,0.0,0.0,2,2898.0,2902.0,6,2874.0,2878.0,2905.0,2878.0,571.0,16447860.0,13894
2023-05-10 21:11:13,fu2311,fu2311,2901.0,0.0,0.0,0.0,5,2898.0,2902.0,6,2874.0,2878.0,2905.0,2878.0,571.0,16447860.0,13894
2023-05-10 21:11:13,fu2311,fu2311,2901.0,0.0,0.0,0.0,9,2896.0,2902.0,8,2874.0,2878.0,2905.0,2878.0,571.0,16447860.0,13894
2023-05-10 21:11:14,fu2311,fu2311,2901.0,0.0,0.0,0.0,1,2897.0,2902.0,8,2874.0,2878.0,2905.0,2878.0,571.0,16447860.0,13894
2023-05-10 21:11:14,fu2311,fu2311,2901.0,0.0,0.0,0.0,3,2897.0,2902.0,8,2874.0,2878.0,2905.0,2878.0,571.0,16447860.0,13894
2023-05-10 21:11:15,fu2311,fu2311,2901.0,0.0,0.0,0.0,7,2897.0,2902.0,8,2874.0,2878.0,2905.0,2878.0,571.0,16447860.0,13894
2023-05-10 21:11:15,fu2311,fu2311,2901.0,0.0,0.0,0.0,3,2897.0,2902.0,8,2874.0,2878.0,2905.0,2878.0,571.0,16447860.0,13894
2023-05-10 21:11:16,fu2311,fu2311,2901.0,0.0,0.0,0.0,3,2897.0,2902.0,9,2874.0,2878.0,2905.0,2878.0,571.0,16447860.0,13894
2023-05-10 21:11:16,fu2311,fu2311,2901.0,0.0,0.0,0.0,4,2896.0,2902.0,9,2874.0,2878.0,2905.0,2878.0,571.0,16447860.0,13894
2023-05-10 21:11:17,fu2311,fu2311,2901.0,0.0,0.0,0.0,4,2896.0,2901.0,3,2874.0,2878.0,2905.0,2878.0,571.0,16447860.0,13894
2023-05-10 21:11:17,fu2311,fu2311,2901.0,0.0,0.0,0.0,4,2896.0,2900.0,3,2874.0,2878.0,2905.0,2878.0,571.0,16447860.0,13894
2023-05-10 21:11:18,fu2311,fu2311,2901.0,0.0,0.0,0.0,4,2896.0,2900.0,6,2874.0,2878.0,2905.0,2878.0,571.0,16447860.0,13894
2023-05-10 21:11:19,fu2311,fu2311,2901.0,0.0,0.0,0.0,4,2896.0,2900.0,6,2874.0,2878.0,2905.0,2878.0,571.0,16447860.0,13894
2023-05-10 21:11:20,fu2311,fu2311,2901.0,0.0,0.0,0.0,15,2896.0,2900.0,3,2874.0,2878.0,2905.0,2878.0,571.0,16447860.0,13894
2023-05-10 21:11:20,fu2311,fu2311,2901.0,0.0,0.0,0.0,1,2897.0,2900.0,3,2874.0,2878.0,2905.0,2878.0,571.0,16447860.0,13894
2023-05-10 21:11:21,fu2311,fu2311,2901.0,0.0,0.0,0.0,3,2897.0,2900.0,3,2874.0,2878.0,2905.0,2878.0,571.0,16447860.0,13894
2023-05-10 21:11:22,fu2311,fu2311,2901.0,0.0,0.0,0.0,14,2897.0,2901.0,2,2874.0,2878.0,2905.0,2878.0,571.0,16447860.0,13894
2023-05-10 21:11:23,fu2311,fu2311,2901.0,0.0,0.0,0.0,11,2897.0,2901.0,3,2874.0,2878.0,2905.0,2878.0,571.0,16447860.0,13894
2023-05-10 21:11:23,fu2311,fu2311,2901.0,0.0,0.0,0.0,3,2897.0,2900.0,1,2874.0,2878.0,2905.0,2878.0,571.0,16447860.0,13894
2023-05-10 21:11:24,fu2311,fu2311,2901.0,0.0,0.0,0.0,3,2897.0,2900.0,2,2874.0,2878.0,2905.0,2878.0,571.0,16447860.0,13894
2023-05-10 21:11:24,fu2311,fu2311,2901.0,0.0,0.0,0.0,23,2897.0,2901.0,2,2874.0,2878.0,2905.0,2878.0,571.0,16447860.0,13894
2023-05-10 21:11:25,fu2311,fu2311,2901.0,0.0,0.0,0.0,23,2897.0,2900.0,1,2874.0,2878.0,2905.0,2878.0,571.0,16447860.0,13894
2023-05-10 21:11:25,fu2311,fu2311,2900.0,1.0,29000.0,-1.0,9,2898.0,2901.0,2,2874.0,2878.0,2905.0,2878.0,572.0,16476860.0,13893
2023-05-10 21:11:26,fu2311,fu2311,2900.0,0.0,0.0,0.0,11,2898.0,2900.0,1,2874.0,2878.0,2905.0,2878.0,572.0,16476860.0,13893
2023-05-10 21:11:27,fu2311,fu2311,2900.0,0.0,0.0,0.0,3,2898.0,2900.0,1,2874.0,2878.0,2905.0,2878.0,572.0,16476860.0,13893
2023-05-10 21:11:28,fu2311,fu2311,2900.0,0.0,0.0,0.0,3,2898.0,2900.0,1,2874.0,2878.0,2905.0,2878.0,572.0,16476860.0,13893
2023-05-10 21:11:29,fu2311,fu2311,2900.0,0.0,0.0,0.0,7,2898.0,2900.0,1,2874.0,2878.0,2905.0,2878.0,572.0,16476860.0,13893
2023-05-10 21:11:30,fu2311,fu2311,2900.0,0.0,0.0,0.0,3,2898.0,2900.0,1,2874.0,2878.0,2905.0,2878.0,572.0,16476860.0,13893
2023-05-10 21:11:33,fu2311,fu2311,2900.0,1.0,29000.0,0.0,2,2900.0,2902.0,1,2874.0,2878.0,2905.0,2878.0,573.0,16505860.0,13893
2023-05-10 21:11:34,fu2311,fu2311,2900.0,0.0,0.0,0.0,1,2899.0,2902.0,2,2874.0,2878.0,2905.0,2878.0,573.0,16505860.0,13893
2023-05-10 21:11:34,fu2311,fu2311,2900.0,0.0,0.0,0.0,1,2900.0,2902.0,2,2874.0,2878.0,2905.0,2878.0,573.0,16505860.0,13893
2023-05-10 21:11:36,fu2311,fu2311,2900.0,0.0,0.0,0.0,3,2900.0,2903.0,2,2874.0,2878.0,2905.0,2878.0,573.0,16505860.0,13893
2023-05-10 21:11:36,fu2311,fu2311,2900.0,0.0,0.0,0.0,2,2900.0,2903.0,3,2874.0,2878.0,2905.0,2878.0,573.0,16505860.0,13893
2023-05-10 21:11:37,fu2311,fu2311,2900.0,0.0,0.0,0.0,1,2900.0,2903.0,5,2874.0,2878.0,2905.0,2878.0,573.0,16505860.0,13893
2023-05-10 21:11:46,fu2311,fu2311,2900.0,0.0,0.0,0.0,1,2900.0,2903.0,6,2874.0,2878.0,2905.0,2878.0,573.0,16505860.0,13893
2023-05-10 21:11:46,fu2311,fu2311,2900.0,0.0,0.0,0.0,1,2900.0,2903.0,5,2874.0,2878.0,2905.0,2878.0,573.0,16505860.0,13893
2023-05-10 21:11:52,fu2311,fu2311,2900.0,0.0,0.0,0.0,3,2898.0,2903.0,7,2874.0,2878.0,2905.0,2878.0,573.0,16505860.0,13893
2023-05-10 21:11:52,fu2311,fu2311,2900.0,0.0,0.0,0.0,1,2899.0,2903.0,7,2874.0,2878.0,2905.0,2878.0,573.0,16505860.0,13893
2023-05-10 21:11:53,fu2311,fu2311,2900.0,0.0,0.0,0.0,3,2899.0,2903.0,5,2874.0,2878.0,2905.0,2878.0,573.0,16505860.0,13893
2023-05-10 21:11:54,fu2311,fu2311,2900.0,0.0,0.0,0.0,4,2899.0,2903.0,5,2874.0,2878.0,2905.0,2878.0,573.0,16505860.0,13893
2023-05-10 21:11:54,fu2311,fu2311,2900.0,0.0,0.0,0.0,1,2899.0,2903.0,8,2874.0,2878.0,2905.0,2878.0,573.0,16505860.0,13893
2023-05-10 21:12:00,fu2311,fu2311,2900.0,0.0,0.0,0.0,1,2899.0,2903.0,10,2874.0,2878.0,2905.0,2878.0,573.0,16505860.0,13893
2023-05-10 21:12:08,fu2311,fu2311,2900.0,0.0,0.0,0.0,1,2899.0,2903.0,10,2874.0,2878.0,2905.0,2878.0,573.0,16505860.0,13893
2023-05-10 21:12:08,fu2311,fu2311,2900.0,0.0,0.0,0.0,1,2899.0,2903.0,10,2874.0,2878.0,2905.0,2878.0,573.0,16505860.0,13893
2023-05-10 21:12:09,fu2311,fu2311,2900.0,0.0,0.0,0.0,4,2897.0,2903.0,10,2874.0,2878.0,2905.0,2878.0,573.0,16505860.0,13893
2023-05-10 21:12:10,fu2311,fu2311,2900.0,0.0,0.0,0.0,1,2898.0,2903.0,10,2874.0,2878.0,2905.0,2878.0,573.0,16505860.0,13893
2023-05-10 21:12:10,fu2311,fu2311,2900.0,0.0,0.0,0.0,5,2898.0,2903.0,10,2874.0,2878.0,2905.0,2878.0,573.0,16505860.0,13893
2023-05-10 21:12:11,fu2311,fu2311,2900.0,0.0,0.0,0.0,24,2898.0,2903.0,6,2874.0,2878.0,2905.0,2878.0,573.0,16505860.0,13893
2023-05-10 21:12:11,fu2311,fu2311,2900.0,0.0,0.0,0.0,24,2898.0,2903.0,6,2874.0,2878.0,2905.0,2878.0,573.0,16505860.0,13893
2023-05-10 21:12:15,fu2311,fu2311,2900.0,0.0,0.0,0.0,5,2898.0,2903.0,8,2874.0,2878.0,2905.0,2878.0,573.0,16505860.0,13893
2023-05-10 21:12:16,fu2311,fu2311,2900.0,0.0,0.0,0.0,5,2898.0,2903.0,8,2874.0,2878.0,2905.0,2878.0,573.0,16505860.0,13893
2023-05-10 21:12:17,fu2311,fu2311,2900.0,0.0,0.0,0.0,1,2898.0,2902.0,3,2874.0,2878.0,2905.0,2878.0,573.0,16505860.0,13893
2023-05-10 21:12:18,fu2311,fu2311,2900.0,0.0,0.0,0.0,3,2896.0,2901.0,4,2874.0,2878.0,2905.0,2878.0,573.0,16505860.0,13893
2023-05-10 21:12:18,fu2311,fu2311,2900.0,0.0,0.0,0.0,2,2897.0,2901.0,5,2874.0,2878.0,2905.0,2878.0,573.0,16505860.0,13893
2023-05-10 21:12:19,fu2311,fu2311,2900.0,0.0,0.0,0.0,5,2897.0,2901.0,5,2874.0,2878.0,2905.0,2878.0,573.0,16505860.0,13893
2023-05-10 21:12:24,fu2311,fu2311,2900.0,0.0,0.0,0.0,5,2897.0,2901.0,5,2874.0,2878.0,2905.0,2878.0,573.0,16505860.0,13893
2023-05-10 21:12:24,fu2311,fu2311,2900.0,0.0,0.0,0.0,5,2897.0,2901.0,5,2874.0,2878.0,2905.0,2878.0,573.0,16505860.0,13893
2023-05-10 21:12:28,fu2311,fu2311,2900.0,0.0,0.0,0.0,1,2897.0,2901.0,7,2874.0,2878.0,2905.0,2878.0,573.0,16505860.0,13893
2023-05-10 21:12:28,fu2311,fu2311,2900.0,0.0,0.0,0.0,1,2897.0,2901.0,7,2874.0,2878.0,2905.0,2878.0,573.0,16505860.0,13893
2023-05-10 21:12:30,fu2311,fu2311,2900.0,0.0,0.0,0.0,1,2897.0,2901.0,8,2874.0,2878.0,2905.0,2878.0,573.0,16505860.0,13893
2023-05-10 21:12:44,fu2311,fu2311,2897.0,1.0,28970.0,-1.0,1,2891.0,2900.0,1,2874.0,2878.0,2905.0,2878.0,574.0,16534830.0,13892
2023-05-10 21:12:45,fu2311,fu2311,2897.0,0.0,0.0,0.0,2,2894.0,2899.0,2,2874.0,2878.0,2905.0,2878.0,574.0,16534830.0,13892
2023-05-10 21:12:45,fu2311,fu2311,2897.0,0.0,0.0,0.0,2,2895.0,2898.0,1,2874.0,2878.0,2905.0,2878.0,574.0,16534830.0,13892
2023-05-10 21:12:46,fu2311,fu2311,2897.0,0.0,0.0,0.0,5,2895.0,2898.0,1,2874.0,2878.0,2905.0,2878.0,574.0,16534830.0,13892
2023-05-10 21:12:46,fu2311,fu2311,2898.0,1.0,28980.0,1.0,23,2895.0,2900.0,5,2874.0,2878.0,2905.0,2878.0,575.0,16563810.0,13893
2023-05-10 21:12:47,fu2311,fu2311,2898.0,0.0,0.0,0.0,23,2895.0,2899.0,1,2874.0,2878.0,2905.0,2878.0,575.0,16563810.0,13893
2023-05-10 21:12:47,fu2311,fu2311,2898.0,0.0,0.0,0.0,15,2895.0,2899.0,5,2874.0,2878.0,2905.0,2878.0,575.0,16563810.0,13893
2023-05-10 21:12:48,fu2311,fu2311,2898.0,0.0,0.0,0.0,15,2895.0,2898.0,1,2874.0,2878.0,2905.0,2878.0,575.0,16563810.0,13893
2023-05-10 21:12:53,fu2311,fu2311,2898.0,0.0,0.0,0.0,5,2895.0,2898.0,1,2874.0,2878.0,2905.0,2878.0,575.0,16563810.0,13893
2023-05-10 21:12:57,fu2311,fu2311,2898.0,0.0,0.0,0.0,15,2895.0,2900.0,3,2874.0,2878.0,2905.0,2878.0,575.0,16563810.0,13893
2023-05-10 21:12:58,fu2311,fu2311,2898.0,0.0,0.0,0.0,23,2895.0,2899.0,1,2874.0,2878.0,2905.0,2878.0,575.0,16563810.0,13893
2023-05-10 21:13:02,fu2311,fu2311,2898.0,0.0,0.0,0.0,15,2895.0,2899.0,4,2874.0,2878.0,2905.0,2878.0,575.0,16563810.0,13893
2023-05-10 21:13:03,fu2311,fu2311,2898.0,0.0,0.0,0.0,23,2895.0,2899.0,1,2874.0,2878.0,2905.0,2878.0,575.0,16563810.0,13893
2023-05-10 21:13:03,fu2311,fu2311,2898.0,0.0,0.0,0.0,15,2895.0,2899.0,6,2874.0,2878.0,2905.0,2878.0,575.0,16563810.0,13893
2023-05-10 21:13:04,fu2311,fu2311,2898.0,0.0,0.0,0.0,5,2895.0,2899.0,6,2874.0,2878.0,2905.0,2878.0,575.0,16563810.0,13893
2023-05-10 21:13:05,fu2311,fu2311,2898.0,0.0,0.0,0.0,5,2895.0,2899.0,6,2874.0,2878.0,2905.0,2878.0,575.0,16563810.0,13893
2023-05-10 21:13:06,fu2311,fu2311,2898.0,0.0,0.0,0.0,15,2895.0,2899.0,6,2874.0,2878.0,2905.0,2878.0,575.0,16563810.0,13893
2023-05-10 21:13:07,fu2311,fu2311,2898.0,0.0,0.0,0.0,5,2895.0,2899.0,6,2874.0,2878.0,2905.0,2878.0,575.0,16563810.0,13893
2023-05-10 21:13:08,fu2311,fu2311,2898.0,0.0,0.0,0.0,2,2895.0,2899.0,6,2874.0,2878.0,2905.0,2878.0,575.0,16563810.0,13893
2023-05-10 21:13:08,fu2311,fu2311,2898.0,0.0,0.0,0.0,1,2895.0,2899.0,8,2874.0,2878.0,2905.0,2878.0,575.0,16563810.0,13893
2023-05-10 21:13:09,fu2311,fu2311,2898.0,0.0,0.0,0.0,1,2895.0,2899.0,10,2874.0,2878.0,2905.0,2878.0,575.0,16563810.0,13893
2023-05-10 21:13:10,fu2311,fu2311,2898.0,0.0,0.0,0.0,1,2895.0,2899.0,11,2874.0,2878.0,2905.0,2878.0,575.0,16563810.0,13893
2023-05-10 21:13:14,fu2311,fu2311,2898.0,0.0,0.0,0.0,1,2895.0,2899.0,13,2874.0,2878.0,2905.0,2878.0,575.0,16563810.0,13893
2023-05-10 21:13:18,fu2311,fu2311,2898.0,0.0,0.0,0.0,1,2894.0,2899.0,13,2874.0,2878.0,2905.0,2878.0,575.0,16563810.0,13893
2023-05-10 21:13:19,fu2311,fu2311,2898.0,0.0,0.0,0.0,2,2894.0,2898.0,3,2874.0,2878.0,2905.0,2878.0,575.0,16563810.0,13893
2023-05-10 21:13:19,fu2311,fu2311,2898.0,0.0,0.0,0.0,2,2894.0,2897.0,3,2874.0,2878.0,2905.0,2878.0,575.0,16563810.0,13893
2023-05-10 21:13:20,fu2311,fu2311,2898.0,0.0,0.0,0.0,2,2894.0,2897.0,6,2874.0,2878.0,2905.0,2878.0,575.0,16563810.0,13893
2023-05-10 21:13:20,fu2311,fu2311,2898.0,0.0,0.0,0.0,2,2894.0,2897.0,6,2874.0,2878.0,2905.0,2878.0,575.0,16563810.0,13893
2023-05-10 21:13:23,fu2311,fu2311,2898.0,0.0,0.0,0.0,3,2894.0,2897.0,1,2874.0,2878.0,2905.0,2878.0,575.0,16563810.0,13893
2023-05-10 21:13:23,fu2311,fu2311,2898.0,0.0,0.0,0.0,4,2894.0,2897.0,1,2874.0,2878.0,2905.0,2878.0,575.0,16563810.0,13893
2023-05-10 21:13:28,fu2311,fu2311,2898.0,0.0,0.0,0.0,14,2894.0,2897.0,1,2874.0,2878.0,2905.0,2878.0,575.0,16563810.0,13893
2023-05-10 21:13:30,fu2311,fu2311,2897.0,1.0,28970.0,0.0,1,2895.0,2899.0,3,2874.0,2878.0,2905.0,2878.0,576.0,16592780.0,13893
2023-05-10 21:13:30,fu2311,fu2311,2897.0,0.0,0.0,0.0,5,2895.0,2899.0,6,2874.0,2878.0,2905.0,2878.0,576.0,16592780.0,13893
2023-05-10 21:13:31,fu2311,fu2311,2897.0,0.0,0.0,0.0,5,2895.0,2899.0,6,2874.0,2878.0,2905.0,2878.0,576.0,16592780.0,13893
2023-05-10 21:13:33,fu2311,fu2311,2897.0,0.0,0.0,0.0,3,2895.0,2899.0,8,2874.0,2878.0,2905.0,2878.0,576.0,16592780.0,13893
2023-05-10 21:13:33,fu2311,fu2311,2897.0,0.0,0.0,0.0,3,2895.0,2899.0,8,2874.0,2878.0,2905.0,2878.0,576.0,16592780.0,13893
2023-05-10 21:13:37,fu2311,fu2311,2897.0,0.0,0.0,0.0,8,2895.0,2899.0,6,2874.0,2878.0,2905.0,2878.0,576.0,16592780.0,13893
2023-05-10 21:13:37,fu2311,fu2311,2897.0,0.0,0.0,0.0,9,2895.0,2899.0,6,2874.0,2878.0,2905.0,2878.0,576.0,16592780.0,13893
2023-05-10 21:13:39,fu2311,fu2311,2897.0,0.0,0.0,0.0,3,2895.0,2899.0,8,2874.0,2878.0,2905.0,2878.0,576.0,16592780.0,13893
2023-05-10 21:13:39,fu2311,fu2311,2897.0,0.0,0.0,0.0,3,2895.0,2899.0,8,2874.0,2878.0,2905.0,2878.0,576.0,16592780.0,13893
2023-05-10 21:13:43,fu2311,fu2311,2897.0,0.0,0.0,0.0,2,2894.0,2899.0,8,2874.0,2878.0,2905.0,2878.0,576.0,16592780.0,13893
2023-05-10 21:13:43,fu2311,fu2311,2897.0,0.0,0.0,0.0,2,2894.0,2899.0,8,2874.0,2878.0,2905.0,2878.0,576.0,16592780.0,13893
2023-05-10 21:13:45,fu2311,fu2311,2897.0,0.0,0.0,0.0,1,2895.0,2899.0,8,2874.0,2878.0,2905.0,2878.0,576.0,16592780.0,13893
2023-05-10 21:13:45,fu2311,fu2311,2897.0,0.0,0.0,0.0,2,2894.0,2899.0,8,2874.0,2878.0,2905.0,2878.0,576.0,16592780.0,13893
2023-05-10 21:13:46,fu2311,fu2311,2897.0,0.0,0.0,0.0,3,2894.0,2898.0,3,2874.0,2878.0,2905.0,2878.0,576.0,16592780.0,13893
2023-05-10 21:13:46,fu2311,fu2311,2897.0,0.0,0.0,0.0,3,2894.0,2897.0,2,2874.0,2878.0,2905.0,2878.0,576.0,16592780.0,13893
2023-05-10 21:13:47,fu2311,fu2311,2897.0,0.0,0.0,0.0,3,2894.0,2897.0,5,2874.0,2878.0,2905.0,2878.0,576.0,16592780.0,13893
2023-05-10 21:13:47,fu2311,fu2311,2897.0,0.0,0.0,0.0,3,2894.0,2897.0,5,2874.0,2878.0,2905.0,2878.0,576.0,16592780.0,13893
2023-05-10 21:13:55,fu2311,fu2311,2897.0,0.0,0.0,0.0,1,2894.0,2897.0,7,2874.0,2878.0,2905.0,2878.0,576.0,16592780.0,13893
2023-05-10 21:13:55,fu2311,fu2311,2897.0,0.0,0.0,0.0,1,2894.0,2897.0,8,2874.0,2878.0,2905.0,2878.0,576.0,16592780.0,13893
2023-05-10 21:13:56,fu2311,fu2311,2897.0,0.0,0.0,0.0,1,2893.0,2897.0,10,2874.0,2878.0,2905.0,2878.0,576.0,16592780.0,13893
2023-05-10 21:13:56,fu2311,fu2311,2897.0,0.0,0.0,0.0,3,2893.0,2897.0,10,2874.0,2878.0,2905.0,2878.0,576.0,16592780.0,13893
2023-05-10 21:13:59,fu2311,fu2311,2897.0,0.0,0.0,0.0,1,2893.0,2897.0,10,2874.0,2878.0,2905.0,2878.0,576.0,16592780.0,13893
2023-05-10 21:13:59,fu2311,fu2311,2897.0,0.0,0.0,0.0,1,2892.0,2897.0,10,2874.0,2878.0,2905.0,2878.0,576.0,16592780.0,13893
2023-05-10 21:14:00,fu2311,fu2311,2897.0,0.0,0.0,0.0,3,2892.0,2897.0,10,2874.0,2878.0,2905.0,2878.0,576.0,16592780.0,13893
2023-05-10 21:14:02,fu2311,fu2311,2897.0,0.0,0.0,0.0,4,2892.0,2897.0,10,2874.0,2878.0,2905.0,2878.0,576.0,16592780.0,13893
2023-05-10 21:14:02,fu2311,fu2311,2897.0,0.0,0.0,0.0,23,2892.0,2897.0,10,2874.0,2878.0,2905.0,2878.0,576.0,16592780.0,13893
2023-05-10 21:14:04,fu2311,fu2311,2897.0,0.0,0.0,0.0,13,2892.0,2897.0,10,2874.0,2878.0,2905.0,2878.0,576.0,16592780.0,13893
2023-05-10 21:14:05,fu2311,fu2311,2897.0,0.0,0.0,0.0,3,2892.0,2897.0,10,2874.0,2878.0,2905.0,2878.0,576.0,16592780.0,13893
2023-05-10 21:14:06,fu2311,fu2311,2897.0,0.0,0.0,0.0,13,2892.0,2897.0,10,2874.0,2878.0,2905.0,2878.0,576.0,16592780.0,13893
2023-05-10 21:14:07,fu2311,fu2311,2897.0,0.0,0.0,0.0,23,2892.0,2897.0,10,2874.0,2878.0,2905.0,2878.0,576.0,16592780.0,13893
2023-05-10 21:14:11,fu2311,fu2311,2897.0,0.0,0.0,0.0,13,2892.0,2897.0,10,2874.0,2878.0,2905.0,2878.0,576.0,16592780.0,13893
2023-05-10 21:14:21,fu2311,fu2311,2897.0,0.0,0.0,0.0,1,2895.0,2897.0,10,2874.0,2878.0,2905.0,2878.0,576.0,16592780.0,13893
2023-05-10 21:14:22,fu2311,fu2311,2895.0,1.0,28950.0,-1.0,11,2892.0,2897.0,10,2874.0,2878.0,2905.0,2878.0,577.0,16621730.0,13892
2023-05-10 21:14:22,fu2311,fu2311,2895.0,0.0,0.0,0.0,1,2892.0,2897.0,10,2874.0,2878.0,2905.0,2878.0,577.0,16621730.0,13892
2023-05-10 21:14:23,fu2311,fu2311,2895.0,0.0,0.0,0.0,1,2893.0,2897.0,10,2874.0,2878.0,2905.0,2878.0,577.0,16621730.0,13892
2023-05-10 21:14:25,fu2311,fu2311,2895.0,0.0,0.0,0.0,1,2893.0,2897.0,10,2874.0,2878.0,2905.0,2878.0,577.0,16621730.0,13892
2023-05-10 21:14:25,fu2311,fu2311,2895.0,0.0,0.0,0.0,1,2893.0,2897.0,10,2874.0,2878.0,2905.0,2878.0,577.0,16621730.0,13892
2023-05-10 21:14:27,fu2311,fu2311,2895.0,0.0,0.0,0.0,1,2893.0,2897.0,10,2874.0,2878.0,2905.0,2878.0,577.0,16621730.0,13892
2023-05-10 21:14:33,fu2311,fu2311,2895.0,0.0,0.0,0.0,4,2893.0,2897.0,4,2874.0,2878.0,2905.0,2878.0,577.0,16621730.0,13892
2023-05-10 21:14:34,fu2311,fu2311,2895.0,0.0,0.0,0.0,12,2893.0,2897.0,4,2874.0,2878.0,2905.0,2878.0,577.0,16621730.0,13892
2023-05-10 21:14:34,fu2311,fu2311,2895.0,0.0,0.0,0.0,3,2893.0,2897.0,8,2874.0,2878.0,2905.0,2878.0,577.0,16621730.0,13892
2023-05-10 21:14:41,fu2311,fu2311,2895.0,0.0,0.0,0.0,3,2893.0,2897.0,4,2874.0,2878.0,2905.0,2878.0,577.0,16621730.0,13892
2023-05-10 21:14:41,fu2311,fu2311,2895.0,0.0,0.0,0.0,12,2893.0,2897.0,4,2874.0,2878.0,2905.0,2878.0,577.0,16621730.0,13892
2023-05-10 21:14:42,fu2311,fu2311,2895.0,0.0,0.0,0.0,3,2893.0,2897.0,6,2874.0,2878.0,2905.0,2878.0,577.0,16621730.0,13892
2023-05-10 21:14:43,fu2311,fu2311,2895.0,0.0,0.0,0.0,3,2893.0,2897.0,8,2874.0,2878.0,2905.0,2878.0,577.0,16621730.0,13892
2023-05-10 21:14:47,fu2311,fu2311,2895.0,0.0,0.0,0.0,3,2893.0,2897.0,8,2874.0,2878.0,2905.0,2878.0,577.0,16621730.0,13892
2023-05-10 21:14:48,fu2311,fu2311,2895.0,0.0,0.0,0.0,1,2893.0,2897.0,8,2874.0,2878.0,2905.0,2878.0,577.0,16621730.0,13892
2023-05-10 21:14:49,fu2311,fu2311,2895.0,0.0,0.0,0.0,1,2893.0,2897.0,8,2874.0,2878.0,2905.0,2878.0,577.0,16621730.0,13892
2023-05-10 21:14:49,fu2311,fu2311,2895.0,0.0,0.0,0.0,1,2893.0,2897.0,10,2874.0,2878.0,2905.0,2878.0,577.0,16621730.0,13892
2023-05-10 21:14:50,fu2311,fu2311,2895.0,0.0,0.0,0.0,1,2893.0,2897.0,10,2874.0,2878.0,2905.0,2878.0,577.0,16621730.0,13892
2023-05-10 21:14:52,fu2311,fu2311,2895.0,0.0,0.0,0.0,3,2893.0,2897.0,10,2874.0,2878.0,2905.0,2878.0,577.0,16621730.0,13892
2023-05-10 21:14:52,fu2311,fu2311,2895.0,0.0,0.0,0.0,3,2893.0,2897.0,10,2874.0,2878.0,2905.0,2878.0,577.0,16621730.0,13892
2023-05-10 21:14:53,fu2311,fu2311,2895.0,0.0,0.0,0.0,3,2893.0,2897.0,10,2874.0,2878.0,2905.0,2878.0,577.0,16621730.0,13892
2023-05-10 21:14:53,fu2311,fu2311,2895.0,0.0,0.0,0.0,1,2893.0,2897.0,10,2874.0,2878.0,2905.0,2878.0,577.0,16621730.0,13892
2023-05-10 21:14:54,fu2311,fu2311,2893.0,1.0,28930.0,-1.0,3,2891.0,2896.0,2,2874.0,2878.0,2905.0,2878.0,578.0,16650660.0,13891
2023-05-10 21:14:55,fu2311,fu2311,2893.0,0.0,0.0,0.0,1,2892.0,2895.0,4,2874.0,2878.0,2905.0,2878.0,578.0,16650660.0,13891
2023-05-10 21:14:55,fu2311,fu2311,2893.0,0.0,0.0,0.0,1,2892.0,2895.0,7,2874.0,2878.0,2905.0,2878.0,578.0,16650660.0,13891
2023-05-10 21:14:56,fu2311,fu2311,2893.0,0.0,0.0,0.0,4,2892.0,2895.0,3,2874.0,2878.0,2905.0,2878.0,578.0,16650660.0,13891
2023-05-10 21:14:56,fu2311,fu2311,2893.0,0.0,0.0,0.0,4,2892.0,2895.0,3,2874.0,2878.0,2905.0,2878.0,578.0,16650660.0,13891
2023-05-10 21:14:58,fu2311,fu2311,2893.0,0.0,0.0,0.0,4,2892.0,2895.0,3,2874.0,2878.0,2905.0,2878.0,578.0,16650660.0,13891
2023-05-10 21:15:05,fu2311,fu2311,2893.0,0.0,0.0,0.0,4,2892.0,2896.0,6,2874.0,2878.0,2905.0,2878.0,578.0,16650660.0,13891
2023-05-10 21:15:05,fu2311,fu2311,2893.0,0.0,0.0,0.0,13,2892.0,2896.0,7,2874.0,2878.0,2905.0,2878.0,578.0,16650660.0,13891
2023-05-10 21:15:06,fu2311,fu2311,2893.0,0.0,0.0,0.0,17,2892.0,2896.0,7,2874.0,2878.0,2905.0,2878.0,578.0,16650660.0,13891
2023-05-10 21:15:07,fu2311,fu2311,2893.0,0.0,0.0,0.0,13,2892.0,2896.0,7,2874.0,2878.0,2905.0,2878.0,578.0,16650660.0,13891
2023-05-10 21:15:08,fu2311,fu2311,2893.0,0.0,0.0,0.0,1,2893.0,2896.0,7,2874.0,2878.0,2905.0,2878.0,578.0,16650660.0,13891
2023-05-10 21:15:09,fu2311,fu2311,2893.0,0.0,0.0,0.0,1,2894.0,2896.0,7,2874.0,2878.0,2905.0,2878.0,578.0,16650660.0,13891
2023-05-10 21:15:09,fu2311,fu2311,2893.0,0.0,0.0,0.0,4,2893.0,2896.0,7,2874.0,2878.0,2905.0,2878.0,578.0,16650660.0,13891
2023-05-10 21:15:10,fu2311,fu2311,2893.0,0.0,0.0,0.0,5,2893.0,2896.0,7,2874.0,2878.0,2905.0,2878.0,578.0,16650660.0,13891
2023-05-10 21:15:10,fu2311,fu2311,2893.0,0.0,0.0,0.0,2,2893.0,2895.0,1,2874.0,2878.0,2905.0,2878.0,578.0,16650660.0,13891
2023-05-10 21:15:11,fu2311,fu2311,2893.0,0.0,0.0,0.0,2,2893.0,2895.0,4,2874.0,2878.0,2905.0,2878.0,578.0,16650660.0,13891
