time,symbol_id,symbol_name,last,trade_volume,trade_amount,open_interest_change,bv1,bp1,ap1,av1,yesterday_close,today_open,today_high,today_low,volume,amount,open_interest
2023-05-10 20:59:00,fu2312,fu2312,2840.0,500.0,14200000.0,-500.0,2,2835.0,2855.0,1,2840.0,2840.0,2840.0,2840.0,500.0,14200000.0,8944
2023-05-10 21:00:00,fu2312,fu2312,2855.0,1.0,28550.0,-1.0,2,2835.0,2877.0,5,2840.0,2840.0,2855.0,2840.0,501.0,14228550.0,8943
2023-05-10 21:00:01,fu2312,fu2312,2855.0,0.0,0.0,0.0,1,2865.0,2876.0,1,2840.0,2840.0,2855.0,2840.0,501.0,14228550.0,8943
2023-05-10 21:00:01,fu2312,fu2312,2855.0,0.0,0.0,0.0,2,2866.0,2877.0,5,2840.0,2840.0,2855.0,2840.0,501.0,14228550.0,8943
2023-05-10 21:00:02,fu2312,fu2312,2855.0,0.0,0.0,0.0,7,2866.0,2877.0,5,2840.0,2840.0,2855.0,2840.0,501.0,14228550.0,8943
2023-05-10 21:00:02,fu2312,fu2312,2855.0,0.0,0.0,0.0,1,2867.0,2877.0,5,2840.0,2840.0,2855.0,2840.0,501.0,14228550.0,8943
2023-05-10 21:00:03,fu2312,fu2312,2855.0,0.0,0.0,0.0,5,2867.0,2875.0,1,2840.0,2840.0,2855.0,2840.0,501.0,14228550.0,8943
2023-05-10 21:00:03,fu2312,fu2312,2855.0,0.0,0.0,0.0,2,2866.0,2875.0,1,2840.0,2840.0,2855.0,2840.0,501.0,14228550.0,8943
2023-05-10 21:00:04,fu2312,fu2312,2855.0,0.0,0.0,0.0,3,2867.0,2875.0,1,2840.0,2840.0,2855.0,2840.0,501.0,14228550.0,8943
2023-05-10 21:00:04,fu2312,fu2312,2855.0,0.0,0.0,0.0,5,2866.0,2875.0,1,2840.0,2840.0,2855.0,2840.0,501.0,14228550.0,8943
2023-05-10 21:00:05,fu2312,fu2312,2855.0,0.0,0.0,0.0,5,2866.0,2875.0,1,2840.0,2840.0,2855.0,2840.0,501.0,14228550.0,8943
2023-05-10 21:00:05,fu2312,fu2312,2855.0,0.0,0.0,0.0,2,2854.0,2875.0,1,2840.0,2840.0,2855.0,2840.0,501.0,14228550.0,8943
2023-05-10 21:00:06,fu2312,fu2312,2855.0,0.0,0.0,0.0,5,2865.0,2875.0,1,2840.0,2840.0,2855.0,2840.0,501.0,14228550.0,8943
2023-05-10 21:00:07,fu2312,fu2312,2855.0,0.0,0.0,0.0,5,2865.0,2875.0,1,2840.0,2840.0,2855.0,2840.0,501.0,14228550.0,8943
2023-05-10 21:00:07,fu2312,fu2312,2855.0,0.0,0.0,0.0,5,2865.0,2875.0,1,2840.0,2840.0,2855.0,2840.0,501.0,14228550.0,8943
2023-05-10 21:00:08,fu2312,fu2312,2855.0,0.0,0.0,0.0,2,2855.0,2875.0,1,2840.0,2840.0,2855.0,2840.0,501.0,14228550.0,8943
2023-05-10 21:00:08,fu2312,fu2312,2855.0,0.0,0.0,0.0,5,2864.0,2875.0,11,2840.0,2840.0,2855.0,2840.0,501.0,14228550.0,8943
2023-05-10 21:00:09,fu2312,fu2312,2855.0,0.0,0.0,0.0,10,2865.0,2875.0,11,2840.0,2840.0,2855.0,2840.0,501.0,14228550.0,8943
2023-05-10 21:00:09,fu2312,fu2312,2855.0,0.0,0.0,0.0,4,2855.0,2872.0,1,2840.0,2840.0,2855.0,2840.0,501.0,14228550.0,8943
2023-05-10 21:00:10,fu2312,fu2312,2855.0,0.0,0.0,0.0,5,2863.0,2872.0,1,2840.0,2840.0,2855.0,2840.0,501.0,14228550.0,8943
2023-05-10 21:00:10,fu2312,fu2312,2855.0,0.0,0.0,0.0,10,2864.0,2872.0,1,2840.0,2840.0,2855.0,2840.0,501.0,14228550.0,8943
2023-05-10 21:00:11,fu2312,fu2312,2855.0,0.0,0.0,0.0,2,2855.0,2872.0,1,2840.0,2840.0,2855.0,2840.0,501.0,14228550.0,8943
2023-05-10 21:00:11,fu2312,fu2312,2855.0,0.0,0.0,0.0,5,2862.0,2872.0,1,2840.0,2840.0,2855.0,2840.0,501.0,14228550.0,8943
2023-05-10 21:00:12,fu2312,fu2312,2855.0,0.0,0.0,0.0,10,2863.0,2872.0,1,2840.0,2840.0,2855.0,2840.0,501.0,14228550.0,8943
2023-05-10 21:00:12,fu2312,fu2312,2855.0,0.0,0.0,0.0,15,2863.0,2872.0,1,2840.0,2840.0,2855.0,2840.0,501.0,14228550.0,8943
2023-05-10 21:00:13,fu2312,fu2312,2855.0,0.0,0.0,0.0,25,2863.0,2872.0,1,2840.0,2840.0,2855.0,2840.0,501.0,14228550.0,8943
2023-05-10 21:00:14,fu2312,fu2312,2855.0,0.0,0.0,0.0,15,2863.0,2872.0,1,2840.0,2840.0,2855.0,2840.0,501.0,14228550.0,8943
2023-05-10 21:00:14,fu2312,fu2312,2855.0,0.0,0.0,0.0,10,2863.0,2872.0,1,2840.0,2840.0,2855.0,2840.0,501.0,14228550.0,8943
2023-05-10 21:00:15,fu2312,fu2312,2855.0,0.0,0.0,0.0,10,2863.0,2871.0,1,2840.0,2840.0,2855.0,2840.0,501.0,14228550.0,8943
2023-05-10 21:00:16,fu2312,fu2312,2855.0,0.0,0.0,0.0,10,2863.0,2871.0,1,2840.0,2840.0,2855.0,2840.0,501.0,14228550.0,8943
2023-05-10 21:00:17,fu2312,fu2312,2855.0,0.0,0.0,0.0,10,2863.0,2870.0,1,2840.0,2840.0,2855.0,2840.0,501.0,14228550.0,8943
2023-05-10 21:00:17,fu2312,fu2312,2855.0,0.0,0.0,0.0,15,2863.0,2870.0,1,2840.0,2840.0,2855.0,2840.0,501.0,14228550.0,8943
2023-05-10 21:00:18,fu2312,fu2312,2855.0,0.0,0.0,0.0,15,2863.0,2870.0,1,2840.0,2840.0,2855.0,2840.0,501.0,14228550.0,8943
2023-05-10 21:00:18,fu2312,fu2312,2855.0,0.0,0.0,0.0,3,2865.0,2870.0,1,2840.0,2840.0,2855.0,2840.0,501.0,14228550.0,8943
2023-05-10 21:00:19,fu2312,fu2312,2855.0,0.0,0.0,0.0,3,2865.0,2870.0,1,2840.0,2840.0,2855.0,2840.0,501.0,14228550.0,8943
2023-05-10 21:00:20,fu2312,fu2312,2855.0,0.0,0.0,0.0,4,2866.0,2877.0,5,2840.0,2840.0,2855.0,2840.0,501.0,14228550.0,8943
2023-05-10 21:00:20,fu2312,fu2312,2855.0,0.0,0.0,0.0,4,2866.0,2876.0,10,2840.0,2840.0,2855.0,2840.0,501.0,14228550.0,8943
2023-05-10 21:00:21,fu2312,fu2312,2855.0,0.0,0.0,0.0,4,2866.0,2875.0,1,2840.0,2840.0,2855.0,2840.0,501.0,14228550.0,8943
2023-05-10 21:00:21,fu2312,fu2312,2855.0,0.0,0.0,0.0,4,2866.0,2875.0,11,2840.0,2840.0,2855.0,2840.0,501.0,14228550.0,8943
2023-05-10 21:00:22,fu2312,fu2312,2855.0,0.0,0.0,0.0,4,2866.0,2875.0,1,2840.0,2840.0,2855.0,2840.0,501.0,14228550.0,8943
2023-05-10 21:00:22,fu2312,fu2312,2855.0,0.0,0.0,0.0,2,2867.0,2875.0,1,2840.0,2840.0,2855.0,2840.0,501.0,14228550.0,8943
2023-05-10 21:00:23,fu2312,fu2312,2855.0,0.0,0.0,0.0,1,2854.0,2874.0,1,2840.0,2840.0,2855.0,2840.0,501.0,14228550.0,8943
2023-05-10 21:00:23,fu2312,fu2312,2855.0,0.0,0.0,0.0,5,2863.0,2873.0,1,2840.0,2840.0,2855.0,2840.0,501.0,14228550.0,8943
2023-05-10 21:00:24,fu2312,fu2312,2855.0,0.0,0.0,0.0,10,2864.0,2873.0,1,2840.0,2840.0,2855.0,2840.0,501.0,14228550.0,8943
2023-05-10 21:00:24,fu2312,fu2312,2855.0,0.0,0.0,0.0,15,2864.0,2873.0,1,2840.0,2840.0,2855.0,2840.0,501.0,14228550.0,8943
2023-05-10 21:00:25,fu2312,fu2312,2855.0,0.0,0.0,0.0,5,2865.0,2871.0,1,2840.0,2840.0,2855.0,2840.0,501.0,14228550.0,8943
2023-05-10 21:00:25,fu2312,fu2312,2855.0,0.0,0.0,0.0,10,2866.0,2871.0,1,2840.0,2840.0,2855.0,2840.0,501.0,14228550.0,8943
2023-05-10 21:00:26,fu2312,fu2312,2855.0,0.0,0.0,0.0,2,2867.0,2871.0,1,2840.0,2840.0,2855.0,2840.0,501.0,14228550.0,8943
2023-05-10 21:00:26,fu2312,fu2312,2855.0,0.0,0.0,0.0,12,2867.0,2871.0,1,2840.0,2840.0,2855.0,2840.0,501.0,14228550.0,8943
2023-05-10 21:00:27,fu2312,fu2312,2871.0,1.0,28710.0,1.0,4,2868.0,2883.0,1,2840.0,2840.0,2871.0,2840.0,502.0,14257260.0,8944
2023-05-10 21:00:27,fu2312,fu2312,2871.0,0.0,0.0,0.0,4,2869.0,2882.0,34,2840.0,2840.0,2871.0,2840.0,502.0,14257260.0,8944
2023-05-10 21:00:28,fu2312,fu2312,2871.0,0.0,0.0,0.0,4,2869.0,2882.0,34,2840.0,2840.0,2871.0,2840.0,502.0,14257260.0,8944
2023-05-10 21:00:28,fu2312,fu2312,2871.0,0.0,0.0,0.0,2,2870.0,2882.0,33,2840.0,2840.0,2871.0,2840.0,502.0,14257260.0,8944
2023-05-10 21:00:29,fu2312,fu2312,2871.0,0.0,0.0,0.0,2,2870.0,2882.0,3,2840.0,2840.0,2871.0,2840.0,502.0,14257260.0,8944
2023-05-10 21:00:29,fu2312,fu2312,2871.0,0.0,0.0,0.0,12,2870.0,2881.0,10,2840.0,2840.0,2871.0,2840.0,502.0,14257260.0,8944
2023-05-10 21:00:30,fu2312,fu2312,2871.0,0.0,0.0,0.0,12,2870.0,2881.0,10,2840.0,2840.0,2871.0,2840.0,502.0,14257260.0,8944
2023-05-10 21:00:31,fu2312,fu2312,2871.0,0.0,0.0,0.0,12,2870.0,2881.0,10,2840.0,2840.0,2871.0,2840.0,502.0,14257260.0,8944
2023-05-10 21:00:31,fu2312,fu2312,2871.0,0.0,0.0,0.0,2,2870.0,2881.0,10,2840.0,2840.0,2871.0,2840.0,502.0,14257260.0,8944
2023-05-10 21:00:32,fu2312,fu2312,2871.0,0.0,0.0,0.0,12,2870.0,2881.0,10,2840.0,2840.0,2871.0,2840.0,502.0,14257260.0,8944
2023-05-10 21:00:33,fu2312,fu2312,2871.0,0.0,0.0,0.0,2,2871.0,2881.0,10,2840.0,2840.0,2871.0,2840.0,502.0,14257260.0,8944
2023-05-10 21:00:33,fu2312,fu2312,2871.0,0.0,0.0,0.0,2,2871.0,2881.0,10,2840.0,2840.0,2871.0,2840.0,502.0,14257260.0,8944
2023-05-10 21:00:34,fu2312,fu2312,2871.0,0.0,0.0,0.0,2,2871.0,2881.0,10,2840.0,2840.0,2871.0,2840.0,502.0,14257260.0,8944
2023-05-10 21:00:35,fu2312,fu2312,2871.0,0.0,0.0,0.0,2,2871.0,2880.0,1,2840.0,2840.0,2871.0,2840.0,502.0,14257260.0,8944
2023-05-10 21:00:35,fu2312,fu2312,2871.0,0.0,0.0,0.0,4,2872.0,2880.0,1,2840.0,2840.0,2871.0,2840.0,502.0,14257260.0,8944
2023-05-10 21:00:36,fu2312,fu2312,2871.0,0.0,0.0,0.0,2,2874.0,2880.0,1,2840.0,2840.0,2871.0,2840.0,502.0,14257260.0,8944
2023-05-10 21:00:36,fu2312,fu2312,2871.0,0.0,0.0,0.0,1,2867.0,2885.0,5,2840.0,2840.0,2871.0,2840.0,502.0,14257260.0,8944
2023-05-10 21:00:37,fu2312,fu2312,2871.0,0.0,0.0,0.0,4,2871.0,2884.0,22,2840.0,2840.0,2871.0,2840.0,502.0,14257260.0,8944
2023-05-10 21:00:37,fu2312,fu2312,2871.0,0.0,0.0,0.0,4,2871.0,2884.0,23,2840.0,2840.0,2871.0,2840.0,502.0,14257260.0,8944
2023-05-10 21:00:38,fu2312,fu2312,2871.0,0.0,0.0,0.0,3,2872.0,2884.0,22,2840.0,2840.0,2871.0,2840.0,502.0,14257260.0,8944
2023-05-10 21:00:38,fu2312,fu2312,2871.0,0.0,0.0,0.0,8,2872.0,2883.0,1,2840.0,2840.0,2871.0,2840.0,502.0,14257260.0,8944
2023-05-10 21:00:39,fu2312,fu2312,2871.0,0.0,0.0,0.0,3,2874.0,2883.0,1,2840.0,2840.0,2871.0,2840.0,502.0,14257260.0,8944
2023-05-10 21:00:39,fu2312,fu2312,2871.0,0.0,0.0,0.0,13,2874.0,2883.0,13,2840.0,2840.0,2871.0,2840.0,502.0,14257260.0,8944
2023-05-10 21:00:40,fu2312,fu2312,2871.0,0.0,0.0,0.0,1,2867.0,2880.0,1,2840.0,2840.0,2871.0,2840.0,502.0,14257260.0,8944
2023-05-10 21:00:40,fu2312,fu2312,2871.0,0.0,0.0,0.0,5,2870.0,2880.0,1,2840.0,2840.0,2871.0,2840.0,502.0,14257260.0,8944
2023-05-10 21:00:41,fu2312,fu2312,2871.0,0.0,0.0,0.0,10,2871.0,2880.0,1,2840.0,2840.0,2871.0,2840.0,502.0,14257260.0,8944
2023-05-10 21:00:41,fu2312,fu2312,2871.0,0.0,0.0,0.0,10,2871.0,2880.0,1,2840.0,2840.0,2871.0,2840.0,502.0,14257260.0,8944
2023-05-10 21:00:42,fu2312,fu2312,2871.0,0.0,0.0,0.0,10,2871.0,2880.0,1,2840.0,2840.0,2871.0,2840.0,502.0,14257260.0,8944
2023-05-10 21:00:42,fu2312,fu2312,2871.0,0.0,0.0,0.0,12,2871.0,2879.0,1,2840.0,2840.0,2871.0,2840.0,502.0,14257260.0,8944
2023-05-10 21:00:44,fu2312,fu2312,2871.0,0.0,0.0,0.0,1,2872.0,2878.0,1,2840.0,2840.0,2871.0,2840.0,502.0,14257260.0,8944
2023-05-10 21:00:45,fu2312,fu2312,2871.0,0.0,0.0,0.0,1,2872.0,2878.0,1,2840.0,2840.0,2871.0,2840.0,502.0,14257260.0,8944
2023-05-10 21:00:45,fu2312,fu2312,2871.0,0.0,0.0,0.0,1,2872.0,2877.0,1,2840.0,2840.0,2871.0,2840.0,502.0,14257260.0,8944
2023-05-10 21:00:46,fu2312,fu2312,2871.0,0.0,0.0,0.0,1,2872.0,2877.0,1,2840.0,2840.0,2871.0,2840.0,502.0,14257260.0,8944
2023-05-10 21:00:47,fu2312,fu2312,2871.0,0.0,0.0,0.0,1,2864.0,2877.0,1,2840.0,2840.0,2871.0,2840.0,502.0,14257260.0,8944
2023-05-10 21:00:47,fu2312,fu2312,2871.0,0.0,0.0,0.0,5,2866.0,2877.0,1,2840.0,2840.0,2871.0,2840.0,502.0,14257260.0,8944
2023-05-10 21:00:48,fu2312,fu2312,2871.0,0.0,0.0,0.0,10,2867.0,2877.0,1,2840.0,2840.0,2871.0,2840.0,502.0,14257260.0,8944
2023-05-10 21:00:48,fu2312,fu2312,2871.0,0.0,0.0,0.0,10,2867.0,2876.0,1,2840.0,2840.0,2871.0,2840.0,502.0,14257260.0,8944
2023-05-10 21:00:49,fu2312,fu2312,2871.0,0.0,0.0,0.0,10,2867.0,2875.0,1,2840.0,2840.0,2871.0,2840.0,502.0,14257260.0,8944
2023-05-10 21:00:50,fu2312,fu2312,2871.0,0.0,0.0,0.0,10,2867.0,2875.0,1,2840.0,2840.0,2871.0,2840.0,502.0,14257260.0,8944
2023-05-10 21:00:51,fu2312,fu2312,2871.0,0.0,0.0,0.0,1,2864.0,2875.0,1,2840.0,2840.0,2871.0,2840.0,502.0,14257260.0,8944
2023-05-10 21:00:51,fu2312,fu2312,2871.0,0.0,0.0,0.0,10,2865.0,2874.0,1,2840.0,2840.0,2871.0,2840.0,502.0,14257260.0,8944
2023-05-10 21:00:52,fu2312,fu2312,2871.0,0.0,0.0,0.0,10,2865.0,2873.0,1,2840.0,2840.0,2871.0,2840.0,502.0,14257260.0,8944
2023-05-10 21:00:52,fu2312,fu2312,2871.0,0.0,0.0,0.0,10,2865.0,2873.0,1,2840.0,2840.0,2871.0,2840.0,502.0,14257260.0,8944
2023-05-10 21:00:55,fu2312,fu2312,2871.0,0.0,0.0,0.0,10,2865.0,2872.0,2,2840.0,2840.0,2871.0,2840.0,502.0,14257260.0,8944
2023-05-10 21:00:55,fu2312,fu2312,2871.0,0.0,0.0,0.0,1,2866.0,2872.0,2,2840.0,2840.0,2871.0,2840.0,502.0,14257260.0,8944
2023-05-10 21:00:56,fu2312,fu2312,2871.0,0.0,0.0,0.0,1,2866.0,2872.0,2,2840.0,2840.0,2871.0,2840.0,502.0,14257260.0,8944
2023-05-10 21:00:56,fu2312,fu2312,2871.0,0.0,0.0,0.0,2,2859.0,2872.0,2,2840.0,2840.0,2871.0,2840.0,502.0,14257260.0,8944
2023-05-10 21:00:57,fu2312,fu2312,2871.0,0.0,0.0,0.0,4,2866.0,2872.0,2,2840.0,2840.0,2871.0,2840.0,502.0,14257260.0,8944
2023-05-10 21:00:57,fu2312,fu2312,2871.0,0.0,0.0,0.0,4,2866.0,2882.0,1,2840.0,2840.0,2871.0,2840.0,502.0,14257260.0,8944
2023-05-10 21:00:58,fu2312,fu2312,2871.0,0.0,0.0,0.0,4,2866.0,2878.0,1,2840.0,2840.0,2871.0,2840.0,502.0,14257260.0,8944
2023-05-10 21:00:58,fu2312,fu2312,2871.0,0.0,0.0,0.0,4,2866.0,2877.0,10,2840.0,2840.0,2871.0,2840.0,502.0,14257260.0,8944
2023-05-10 21:00:59,fu2312,fu2312,2871.0,0.0,0.0,0.0,1,2861.0,2876.0,1,2840.0,2840.0,2871.0,2840.0,502.0,14257260.0,8944
2023-05-10 21:00:59,fu2312,fu2312,2871.0,0.0,0.0,0.0,5,2863.0,2872.0,1,2840.0,2840.0,2871.0,2840.0,502.0,14257260.0,8944
2023-05-10 21:01:00,fu2312,fu2312,2871.0,0.0,0.0,0.0,15,2864.0,2876.0,1,2840.0,2840.0,2871.0,2840.0,502.0,14257260.0,8944
2023-05-10 21:01:00,fu2312,fu2312,2871.0,0.0,0.0,0.0,1,2866.0,2876.0,11,2840.0,2840.0,2871.0,2840.0,502.0,14257260.0,8944
2023-05-10 21:01:01,fu2312,fu2312,2871.0,0.0,0.0,0.0,11,2866.0,2871.0,1,2840.0,2840.0,2871.0,2840.0,502.0,14257260.0,8944
2023-05-10 21:01:01,fu2312,fu2312,2867.0,1.0,28670.0,0.0,9,2867.0,2871.0,1,2840.0,2840.0,2871.0,2840.0,503.0,14285930.0,8944
2023-05-10 21:01:02,fu2312,fu2312,2867.0,0.0,0.0,0.0,1,2860.0,2876.0,3,2840.0,2840.0,2871.0,2840.0,503.0,14285930.0,8944
2023-05-10 21:01:02,fu2312,fu2312,2867.0,0.0,0.0,0.0,3,2867.0,2875.0,10,2840.0,2840.0,2871.0,2840.0,503.0,14285930.0,8944
2023-05-10 21:01:03,fu2312,fu2312,2867.0,0.0,0.0,0.0,1,2868.0,2871.0,1,2840.0,2840.0,2871.0,2840.0,503.0,14285930.0,8944
2023-05-10 21:01:03,fu2312,fu2312,2867.0,0.0,0.0,0.0,1,2868.0,2871.0,1,2840.0,2840.0,2871.0,2840.0,503.0,14285930.0,8944
2023-05-10 21:01:04,fu2312,fu2312,2867.0,0.0,0.0,0.0,1,2865.0,2875.0,1,2840.0,2840.0,2871.0,2840.0,503.0,14285930.0,8944
2023-05-10 21:01:04,fu2312,fu2312,2867.0,0.0,0.0,0.0,12,2866.0,2871.0,1,2840.0,2840.0,2871.0,2840.0,503.0,14285930.0,8944
2023-05-10 21:01:05,fu2312,fu2312,2867.0,0.0,0.0,0.0,1,2865.0,2871.0,1,2840.0,2840.0,2871.0,2840.0,503.0,14285930.0,8944
2023-05-10 21:01:05,fu2312,fu2312,2867.0,0.0,0.0,0.0,10,2865.0,2871.0,1,2840.0,2840.0,2871.0,2840.0,503.0,14285930.0,8944
2023-05-10 21:01:06,fu2312,fu2312,2867.0,0.0,0.0,0.0,1,2865.0,2871.0,1,2840.0,2840.0,2871.0,2840.0,503.0,14285930.0,8944
2023-05-10 21:01:06,fu2312,fu2312,2867.0,0.0,0.0,0.0,1,2860.0,2870.0,1,2840.0,2840.0,2871.0,2840.0,503.0,14285930.0,8944
2023-05-10 21:01:07,fu2312,fu2312,2867.0,0.0,0.0,0.0,19,2861.0,2870.0,1,2840.0,2840.0,2871.0,2840.0,503.0,14285930.0,8944
2023-05-10 21:01:07,fu2312,fu2312,2867.0,0.0,0.0,0.0,1,2864.0,2869.0,1,2840.0,2840.0,2871.0,2840.0,503.0,14285930.0,8944
2023-05-10 21:01:08,fu2312,fu2312,2867.0,0.0,0.0,0.0,1,2864.0,2869.0,1,2840.0,2840.0,2871.0,2840.0,503.0,14285930.0,8944
2023-05-10 21:01:08,fu2312,fu2312,2867.0,0.0,0.0,0.0,1,2864.0,2868.0,1,2840.0,2840.0,2871.0,2840.0,503.0,14285930.0,8944
2023-05-10 21:01:09,fu2312,fu2312,2867.0,0.0,0.0,0.0,1,2860.0,2867.0,1,2840.0,2840.0,2871.0,2840.0,503.0,14285930.0,8944
2023-05-10 21:01:09,fu2312,fu2312,2867.0,0.0,0.0,0.0,9,2860.0,2874.0,1,2840.0,2840.0,2871.0,2840.0,503.0,14285930.0,8944
2023-05-10 21:01:10,fu2312,fu2312,2867.0,0.0,0.0,0.0,5,2861.0,2867.0,1,2840.0,2840.0,2871.0,2840.0,503.0,14285930.0,8944
2023-05-10 21:01:10,fu2312,fu2312,2867.0,0.0,0.0,0.0,4,2862.0,2867.0,1,2840.0,2840.0,2871.0,2840.0,503.0,14285930.0,8944
2023-05-10 21:01:11,fu2312,fu2312,2867.0,0.0,0.0,0.0,4,2862.0,2871.0,1,2840.0,2840.0,2871.0,2840.0,503.0,14285930.0,8944
2023-05-10 21:01:11,fu2312,fu2312,2867.0,0.0,0.0,0.0,1,2863.0,2870.0,1,2840.0,2840.0,2871.0,2840.0,503.0,14285930.0,8944
2023-05-10 21:01:12,fu2312,fu2312,2867.0,0.0,0.0,0.0,2,2863.0,2868.0,1,2840.0,2840.0,2871.0,2840.0,503.0,14285930.0,8944
2023-05-10 21:01:12,fu2312,fu2312,2867.0,0.0,0.0,0.0,2,2863.0,2868.0,1,2840.0,2840.0,2871.0,2840.0,503.0,14285930.0,8944
2023-05-10 21:01:13,fu2312,fu2312,2867.0,0.0,0.0,0.0,1,2863.0,2868.0,1,2840.0,2840.0,2871.0,2840.0,503.0,14285930.0,8944
2023-05-10 21:01:13,fu2312,fu2312,2867.0,0.0,0.0,0.0,1,2863.0,2868.0,1,2840.0,2840.0,2871.0,2840.0,503.0,14285930.0,8944
2023-05-10 21:01:14,fu2312,fu2312,2867.0,0.0,0.0,0.0,1,2863.0,2867.0,1,2840.0,2840.0,2871.0,2840.0,503.0,14285930.0,8944
2023-05-10 21:01:14,fu2312,fu2312,2867.0,0.0,0.0,0.0,1,2863.0,2868.0,2,2840.0,2840.0,2871.0,2840.0,503.0,14285930.0,8944
2023-05-10 21:01:15,fu2312,fu2312,2867.0,0.0,0.0,0.0,1,2863.0,2868.0,1,2840.0,2840.0,2871.0,2840.0,503.0,14285930.0,8944
2023-05-10 21:01:17,fu2312,fu2312,2867.0,0.0,0.0,0.0,1,2863.0,2868.0,1,2840.0,2840.0,2871.0,2840.0,503.0,14285930.0,8944
2023-05-10 21:01:20,fu2312,fu2312,2867.0,0.0,0.0,0.0,1,2863.0,2868.0,1,2840.0,2840.0,2871.0,2840.0,503.0,14285930.0,8944
2023-05-10 21:01:21,fu2312,fu2312,2867.0,0.0,0.0,0.0,1,2863.0,2868.0,2,2840.0,2840.0,2871.0,2840.0,503.0,14285930.0,8944
2023-05-10 21:01:21,fu2312,fu2312,2867.0,0.0,0.0,0.0,1,2863.0,2867.0,1,2840.0,2840.0,2871.0,2840.0,503.0,14285930.0,8944
2023-05-10 21:01:22,fu2312,fu2312,2867.0,0.0,0.0,0.0,1,2863.0,2866.0,1,2840.0,2840.0,2871.0,2840.0,503.0,14285930.0,8944
2023-05-10 21:01:23,fu2312,fu2312,2867.0,0.0,0.0,0.0,1,2863.0,2868.0,1,2840.0,2840.0,2871.0,2840.0,503.0,14285930.0,8944
2023-05-10 21:01:23,fu2312,fu2312,2867.0,0.0,0.0,0.0,1,2863.0,2867.0,1,2840.0,2840.0,2871.0,2840.0,503.0,14285930.0,8944
2023-05-10 21:01:24,fu2312,fu2312,2867.0,0.0,0.0,0.0,1,2863.0,2868.0,1,2840.0,2840.0,2871.0,2840.0,503.0,14285930.0,8944
2023-05-10 21:01:24,fu2312,fu2312,2867.0,0.0,0.0,0.0,1,2863.0,2867.0,1,2840.0,2840.0,2871.0,2840.0,503.0,14285930.0,8944
2023-05-10 21:01:25,fu2312,fu2312,2867.0,0.0,0.0,0.0,1,2863.0,2866.0,1,2840.0,2840.0,2871.0,2840.0,503.0,14285930.0,8944
2023-05-10 21:01:25,fu2312,fu2312,2863.0,1.0,28630.0,0.0,1,2858.0,2866.0,1,2840.0,2840.0,2871.0,2840.0,504.0,14314560.0,8944
2023-05-10 21:01:26,fu2312,fu2312,2863.0,0.0,0.0,0.0,10,2858.0,2866.0,1,2840.0,2840.0,2871.0,2840.0,504.0,14314560.0,8944
2023-05-10 21:01:26,fu2312,fu2312,2863.0,0.0,0.0,0.0,10,2858.0,2865.0,1,2840.0,2840.0,2871.0,2840.0,504.0,14314560.0,8944
2023-05-10 21:01:27,fu2312,fu2312,2863.0,0.0,0.0,0.0,1,2859.0,2865.0,1,2840.0,2840.0,2871.0,2840.0,504.0,14314560.0,8944
2023-05-10 21:01:27,fu2312,fu2312,2863.0,0.0,0.0,0.0,1,2859.0,2865.0,1,2840.0,2840.0,2871.0,2840.0,504.0,14314560.0,8944
2023-05-10 21:01:28,fu2312,fu2312,2863.0,0.0,0.0,0.0,1,2859.0,2865.0,1,2840.0,2840.0,2871.0,2840.0,504.0,14314560.0,8944
2023-05-10 21:01:29,fu2312,fu2312,2863.0,0.0,0.0,0.0,1,2859.0,2865.0,1,2840.0,2840.0,2871.0,2840.0,504.0,14314560.0,8944
2023-05-10 21:01:29,fu2312,fu2312,2863.0,0.0,0.0,0.0,1,2860.0,2865.0,1,2840.0,2840.0,2871.0,2840.0,504.0,14314560.0,8944
2023-05-10 21:01:30,fu2312,fu2312,2863.0,0.0,0.0,0.0,1,2859.0,2865.0,1,2840.0,2840.0,2871.0,2840.0,504.0,14314560.0,8944
2023-05-10 21:01:30,fu2312,fu2312,2863.0,0.0,0.0,0.0,1,2859.0,2865.0,1,2840.0,2840.0,2871.0,2840.0,504.0,14314560.0,8944
2023-05-10 21:01:31,fu2312,fu2312,2863.0,0.0,0.0,0.0,2,2859.0,2865.0,1,2840.0,2840.0,2871.0,2840.0,504.0,14314560.0,8944
2023-05-10 21:01:32,fu2312,fu2312,2863.0,0.0,0.0,0.0,2,2859.0,2866.0,1,2840.0,2840.0,2871.0,2840.0,504.0,14314560.0,8944
2023-05-10 21:01:32,fu2312,fu2312,2863.0,0.0,0.0,0.0,4,2860.0,2866.0,1,2840.0,2840.0,2871.0,2840.0,504.0,14314560.0,8944
2023-05-10 21:01:33,fu2312,fu2312,2863.0,0.0,0.0,0.0,4,2860.0,2866.0,2,2840.0,2840.0,2871.0,2840.0,504.0,14314560.0,8944
2023-05-10 21:01:33,fu2312,fu2312,2863.0,0.0,0.0,0.0,1,2861.0,2866.0,2,2840.0,2840.0,2871.0,2840.0,504.0,14314560.0,8944
2023-05-10 21:01:35,fu2312,fu2312,2863.0,0.0,0.0,0.0,4,2860.0,2866.0,2,2840.0,2840.0,2871.0,2840.0,504.0,14314560.0,8944
2023-05-10 21:01:37,fu2312,fu2312,2863.0,0.0,0.0,0.0,1,2861.0,2866.0,2,2840.0,2840.0,2871.0,2840.0,504.0,14314560.0,8944
2023-05-10 21:01:37,fu2312,fu2312,2863.0,0.0,0.0,0.0,4,2860.0,2866.0,2,2840.0,2840.0,2871.0,2840.0,504.0,14314560.0,8944
2023-05-10 21:01:38,fu2312,fu2312,2863.0,0.0,0.0,0.0,4,2860.0,2866.0,2,2840.0,2840.0,2871.0,2840.0,504.0,14314560.0,8944
2023-05-10 21:01:38,fu2312,fu2312,2863.0,0.0,0.0,0.0,1,2861.0,2866.0,2,2840.0,2840.0,2871.0,2840.0,504.0,14314560.0,8944
2023-05-10 21:01:39,fu2312,fu2312,2863.0,0.0,0.0,0.0,1,2854.0,2866.0,2,2840.0,2840.0,2871.0,2840.0,504.0,14314560.0,8944
2023-05-10 21:01:39,fu2312,fu2312,2863.0,0.0,0.0,0.0,3,2860.0,2866.0,2,2840.0,2840.0,2871.0,2840.0,504.0,14314560.0,8944
2023-05-10 21:01:40,fu2312,fu2312,2863.0,0.0,0.0,0.0,1,2860.0,2866.0,2,2840.0,2840.0,2871.0,2840.0,504.0,14314560.0,8944
2023-05-10 21:01:40,fu2312,fu2312,2863.0,0.0,0.0,0.0,1,2860.0,2866.0,2,2840.0,2840.0,2871.0,2840.0,504.0,14314560.0,8944
2023-05-10 21:01:41,fu2312,fu2312,2863.0,0.0,0.0,0.0,1,2857.0,2866.0,2,2840.0,2840.0,2871.0,2840.0,504.0,14314560.0,8944
2023-05-10 21:01:42,fu2312,fu2312,2863.0,0.0,0.0,0.0,2,2860.0,2866.0,2,2840.0,2840.0,2871.0,2840.0,504.0,14314560.0,8944
2023-05-10 21:01:42,fu2312,fu2312,2863.0,0.0,0.0,0.0,1,2861.0,2865.0,4,2840.0,2840.0,2871.0,2840.0,504.0,14314560.0,8944
2023-05-10 21:01:43,fu2312,fu2312,2863.0,0.0,0.0,0.0,2,2857.0,2864.0,1,2840.0,2840.0,2871.0,2840.0,504.0,14314560.0,8944
2023-05-10 21:01:43,fu2312,fu2312,2863.0,0.0,0.0,0.0,3,2859.0,2865.0,6,2840.0,2840.0,2871.0,2840.0,504.0,14314560.0,8944
2023-05-10 21:01:44,fu2312,fu2312,2863.0,0.0,0.0,0.0,1,2860.0,2865.0,6,2840.0,2840.0,2871.0,2840.0,504.0,14314560.0,8944
2023-05-10 21:01:44,fu2312,fu2312,2863.0,0.0,0.0,0.0,1,2860.0,2865.0,4,2840.0,2840.0,2871.0,2840.0,504.0,14314560.0,8944
2023-05-10 21:01:45,fu2312,fu2312,2863.0,0.0,0.0,0.0,1,2860.0,2864.0,1,2840.0,2840.0,2871.0,2840.0,504.0,14314560.0,8944
2023-05-10 21:01:45,fu2312,fu2312,2863.0,0.0,0.0,0.0,1,2858.0,2864.0,1,2840.0,2840.0,2871.0,2840.0,504.0,14314560.0,8944
2023-05-10 21:01:46,fu2312,fu2312,2863.0,0.0,0.0,0.0,1,2858.0,2863.0,1,2840.0,2840.0,2871.0,2840.0,504.0,14314560.0,8944
2023-05-10 21:01:47,fu2312,fu2312,2863.0,0.0,0.0,0.0,4,2859.0,2865.0,2,2840.0,2840.0,2871.0,2840.0,504.0,14314560.0,8944
2023-05-10 21:01:48,fu2312,fu2312,2863.0,0.0,0.0,0.0,1,2860.0,2864.0,1,2840.0,2840.0,2871.0,2840.0,504.0,14314560.0,8944
2023-05-10 21:01:51,fu2312,fu2312,2863.0,0.0,0.0,0.0,1,2860.0,2864.0,1,2840.0,2840.0,2871.0,2840.0,504.0,14314560.0,8944
2023-05-10 21:01:51,fu2312,fu2312,2863.0,0.0,0.0,0.0,1,2858.0,2864.0,1,2840.0,2840.0,2871.0,2840.0,504.0,14314560.0,8944
2023-05-10 21:01:53,fu2312,fu2312,2863.0,0.0,0.0,0.0,3,2859.0,2864.0,1,2840.0,2840.0,2871.0,2840.0,504.0,14314560.0,8944
2023-05-10 21:01:54,fu2312,fu2312,2863.0,0.0,0.0,0.0,1,2860.0,2864.0,1,2840.0,2840.0,2871.0,2840.0,504.0,14314560.0,8944
2023-05-10 21:01:56,fu2312,fu2312,2863.0,0.0,0.0,0.0,1,2860.0,2864.0,1,2840.0,2840.0,2871.0,2840.0,504.0,14314560.0,8944
2023-05-10 21:01:57,fu2312,fu2312,2863.0,0.0,0.0,0.0,2,2857.0,2864.0,2,2840.0,2840.0,2871.0,2840.0,504.0,14314560.0,8944
2023-05-10 21:01:57,fu2312,fu2312,2863.0,0.0,0.0,0.0,3,2858.0,2864.0,2,2840.0,2840.0,2871.0,2840.0,504.0,14314560.0,8944
2023-05-10 21:01:59,fu2312,fu2312,2863.0,0.0,0.0,0.0,3,2859.0,2864.0,2,2840.0,2840.0,2871.0,2840.0,504.0,14314560.0,8944
2023-05-10 21:01:59,fu2312,fu2312,2863.0,0.0,0.0,0.0,1,2860.0,2864.0,2,2840.0,2840.0,2871.0,2840.0,504.0,14314560.0,8944
2023-05-10 21:02:00,fu2312,fu2312,2863.0,0.0,0.0,0.0,4,2859.0,2864.0,2,2840.0,2840.0,2871.0,2840.0,504.0,14314560.0,8944
2023-05-10 21:02:01,fu2312,fu2312,2863.0,0.0,0.0,0.0,1,2859.0,2864.0,2,2840.0,2840.0,2871.0,2840.0,504.0,14314560.0,8944
2023-05-10 21:02:01,fu2312,fu2312,2863.0,0.0,0.0,0.0,2,2857.0,2864.0,2,2840.0,2840.0,2871.0,2840.0,504.0,14314560.0,8944
2023-05-10 21:02:02,fu2312,fu2312,2863.0,0.0,0.0,0.0,2,2859.0,2864.0,2,2840.0,2840.0,2871.0,2840.0,504.0,14314560.0,8944
2023-05-10 21:02:02,fu2312,fu2312,2863.0,0.0,0.0,0.0,1,2860.0,2864.0,2,2840.0,2840.0,2871.0,2840.0,504.0,14314560.0,8944
2023-05-10 21:02:03,fu2312,fu2312,2863.0,0.0,0.0,0.0,1,2860.0,2864.0,1,2840.0,2840.0,2871.0,2840.0,504.0,14314560.0,8944
2023-05-10 21:02:07,fu2312,fu2312,2863.0,0.0,0.0,0.0,1,2860.0,2864.0,1,2840.0,2840.0,2871.0,2840.0,504.0,14314560.0,8944
2023-05-10 21:02:08,fu2312,fu2312,2863.0,0.0,0.0,0.0,1,2858.0,2864.0,1,2840.0,2840.0,2871.0,2840.0,504.0,14314560.0,8944
2023-05-10 21:02:09,fu2312,fu2312,2863.0,0.0,0.0,0.0,1,2858.0,2864.0,2,2840.0,2840.0,2871.0,2840.0,504.0,14314560.0,8944
2023-05-10 21:02:11,fu2312,fu2312,2863.0,0.0,0.0,0.0,4,2859.0,2864.0,1,2840.0,2840.0,2871.0,2840.0,504.0,14314560.0,8944
2023-05-10 21:02:11,fu2312,fu2312,2863.0,0.0,0.0,0.0,1,2860.0,2864.0,1,2840.0,2840.0,2871.0,2840.0,504.0,14314560.0,8944
2023-05-10 21:02:12,fu2312,fu2312,2863.0,0.0,0.0,0.0,4,2859.0,2864.0,1,2840.0,2840.0,2871.0,2840.0,504.0,14314560.0,8944
2023-05-10 21:02:13,fu2312,fu2312,2863.0,0.0,0.0,0.0,1,2860.0,2864.0,1,2840.0,2840.0,2871.0,2840.0,504.0,14314560.0,8944
2023-05-10 21:02:15,fu2312,fu2312,2863.0,0.0,0.0,0.0,1,2860.0,2864.0,1,2840.0,2840.0,2871.0,2840.0,504.0,14314560.0,8944
2023-05-10 21:02:15,fu2312,fu2312,2863.0,0.0,0.0,0.0,2,2857.0,2864.0,2,2840.0,2840.0,2871.0,2840.0,504.0,14314560.0,8944
2023-05-10 21:02:16,fu2312,fu2312,2863.0,0.0,0.0,0.0,1,2858.0,2864.0,2,2840.0,2840.0,2871.0,2840.0,504.0,14314560.0,8944
2023-05-10 21:02:16,fu2312,fu2312,2863.0,0.0,0.0,0.0,1,2858.0,2864.0,2,2840.0,2840.0,2871.0,2840.0,504.0,14314560.0,8944
2023-05-10 21:02:17,fu2312,fu2312,2863.0,0.0,0.0,0.0,1,2858.0,2864.0,2,2840.0,2840.0,2871.0,2840.0,504.0,14314560.0,8944
2023-05-10 21:02:19,fu2312,fu2312,2863.0,0.0,0.0,0.0,1,2858.0,2864.0,2,2840.0,2840.0,2871.0,2840.0,504.0,14314560.0,8944
2023-05-10 21:02:20,fu2312,fu2312,2863.0,0.0,0.0,0.0,1,2858.0,2864.0,2,2840.0,2840.0,2871.0,2840.0,504.0,14314560.0,8944
2023-05-10 21:02:22,fu2312,fu2312,2863.0,0.0,0.0,0.0,1,2859.0,2864.0,2,2840.0,2840.0,2871.0,2840.0,504.0,14314560.0,8944
2023-05-10 21:02:22,fu2312,fu2312,2863.0,0.0,0.0,0.0,1,2859.0,2862.0,1,2840.0,2840.0,2871.0,2840.0,504.0,14314560.0,8944
2023-05-10 21:02:23,fu2312,fu2312,2863.0,0.0,0.0,0.0,1,2859.0,2861.0,1,2840.0,2840.0,2871.0,2840.0,504.0,14314560.0,8944
2023-05-10 21:02:23,fu2312,fu2312,2859.0,1.0,28590.0,0.0,2,2857.0,2861.0,2,2840.0,2840.0,2871.0,2840.0,505.0,14343150.0,8944
2023-05-10 21:02:24,fu2312,fu2312,2859.0,0.0,0.0,0.0,1,2857.0,2861.0,2,2840.0,2840.0,2871.0,2840.0,505.0,14343150.0,8944
2023-05-10 21:02:25,fu2312,fu2312,2859.0,0.0,0.0,0.0,2,2854.0,2861.0,3,2840.0,2840.0,2871.0,2840.0,505.0,14343150.0,8944
2023-05-10 21:02:25,fu2312,fu2312,2859.0,0.0,0.0,0.0,2,2856.0,2861.0,3,2840.0,2840.0,2871.0,2840.0,505.0,14343150.0,8944
2023-05-10 21:02:26,fu2312,fu2312,2859.0,0.0,0.0,0.0,1,2857.0,2861.0,3,2840.0,2840.0,2871.0,2840.0,505.0,14343150.0,8944
2023-05-10 21:02:26,fu2312,fu2312,2859.0,0.0,0.0,0.0,1,2857.0,2861.0,2,2840.0,2840.0,2871.0,2840.0,505.0,14343150.0,8944
2023-05-10 21:02:27,fu2312,fu2312,2859.0,0.0,0.0,0.0,1,2857.0,2861.0,2,2840.0,2840.0,2871.0,2840.0,505.0,14343150.0,8944
2023-05-10 21:02:27,fu2312,fu2312,2859.0,0.0,0.0,0.0,1,2857.0,2861.0,2,2840.0,2840.0,2871.0,2840.0,505.0,14343150.0,8944
2023-05-10 21:02:33,fu2312,fu2312,2861.0,1.0,28610.0,0.0,3,2858.0,2861.0,1,2840.0,2840.0,2871.0,2840.0,506.0,14371760.0,8944
2023-05-10 21:02:33,fu2312,fu2312,2861.0,1.0,28610.0,1.0,3,2859.0,2862.0,1,2840.0,2840.0,2871.0,2840.0,507.0,14400370.0,8945
2023-05-10 21:02:34,fu2312,fu2312,2861.0,0.0,0.0,0.0,1,2859.0,2862.0,1,2840.0,2840.0,2871.0,2840.0,507.0,14400370.0,8945
2023-05-10 21:02:34,fu2312,fu2312,2861.0,0.0,0.0,0.0,1,2859.0,2864.0,1,2840.0,2840.0,2871.0,2840.0,507.0,14400370.0,8945
2023-05-10 21:02:37,fu2312,fu2312,2861.0,0.0,0.0,0.0,1,2859.0,2864.0,2,2840.0,2840.0,2871.0,2840.0,507.0,14400370.0,8945
2023-05-10 21:02:44,fu2312,fu2312,2861.0,0.0,0.0,0.0,1,2859.0,2864.0,1,2840.0,2840.0,2871.0,2840.0,507.0,14400370.0,8945
2023-05-10 21:02:45,fu2312,fu2312,2861.0,0.0,0.0,0.0,2,2860.0,2864.0,1,2840.0,2840.0,2871.0,2840.0,507.0,14400370.0,8945
2023-05-10 21:02:45,fu2312,fu2312,2861.0,0.0,0.0,0.0,1,2861.0,2864.0,1,2840.0,2840.0,2871.0,2840.0,507.0,14400370.0,8945
2023-05-10 21:02:47,fu2312,fu2312,2861.0,0.0,0.0,0.0,1,2861.0,2864.0,1,2840.0,2840.0,2871.0,2840.0,507.0,14400370.0,8945
2023-05-10 21:02:47,fu2312,fu2312,2861.0,0.0,0.0,0.0,1,2861.0,2864.0,1,2840.0,2840.0,2871.0,2840.0,507.0,14400370.0,8945
2023-05-10 21:02:48,fu2312,fu2312,2861.0,0.0,0.0,0.0,1,2860.0,2864.0,1,2840.0,2840.0,2871.0,2840.0,507.0,14400370.0,8945
2023-05-10 21:02:48,fu2312,fu2312,2861.0,0.0,0.0,0.0,1,2861.0,2864.0,1,2840.0,2840.0,2871.0,2840.0,507.0,14400370.0,8945
2023-05-10 21:02:49,fu2312,fu2312,2861.0,0.0,0.0,0.0,1,2860.0,2864.0,1,2840.0,2840.0,2871.0,2840.0,507.0,14400370.0,8945
2023-05-10 21:02:49,fu2312,fu2312,2861.0,0.0,0.0,0.0,1,2860.0,2864.0,1,2840.0,2840.0,2871.0,2840.0,507.0,14400370.0,8945
2023-05-10 21:02:51,fu2312,fu2312,2861.0,0.0,0.0,0.0,1,2861.0,2864.0,1,2840.0,2840.0,2871.0,2840.0,507.0,14400370.0,8945
2023-05-10 21:02:58,fu2312,fu2312,2861.0,0.0,0.0,0.0,1,2861.0,2866.0,1,2840.0,2840.0,2871.0,2840.0,507.0,14400370.0,8945
2023-05-10 21:02:59,fu2312,fu2312,2861.0,0.0,0.0,0.0,1,2861.0,2866.0,1,2840.0,2840.0,2871.0,2840.0,507.0,14400370.0,8945
2023-05-10 21:03:01,fu2312,fu2312,2861.0,0.0,0.0,0.0,1,2862.0,2866.0,1,2840.0,2840.0,2871.0,2840.0,507.0,14400370.0,8945
2023-05-10 21:03:02,fu2312,fu2312,2861.0,0.0,0.0,0.0,1,2862.0,2866.0,1,2840.0,2840.0,2871.0,2840.0,507.0,14400370.0,8945
2023-05-10 21:03:06,fu2312,fu2312,2861.0,0.0,0.0,0.0,1,2862.0,2866.0,1,2840.0,2840.0,2871.0,2840.0,507.0,14400370.0,8945
2023-05-10 21:03:06,fu2312,fu2312,2861.0,0.0,0.0,0.0,1,2862.0,2866.0,1,2840.0,2840.0,2871.0,2840.0,507.0,14400370.0,8945
2023-05-10 21:03:08,fu2312,fu2312,2861.0,0.0,0.0,0.0,1,2863.0,2868.0,1,2840.0,2840.0,2871.0,2840.0,507.0,14400370.0,8945
2023-05-10 21:03:08,fu2312,fu2312,2861.0,0.0,0.0,0.0,1,2863.0,2868.0,1,2840.0,2840.0,2871.0,2840.0,507.0,14400370.0,8945
2023-05-10 21:03:14,fu2312,fu2312,2861.0,0.0,0.0,0.0,1,2863.0,2868.0,1,2840.0,2840.0,2871.0,2840.0,507.0,14400370.0,8945
2023-05-10 21:03:16,fu2312,fu2312,2861.0,0.0,0.0,0.0,1,2864.0,2868.0,1,2840.0,2840.0,2871.0,2840.0,507.0,14400370.0,8945
2023-05-10 21:03:16,fu2312,fu2312,2861.0,0.0,0.0,0.0,1,2864.0,2868.0,1,2840.0,2840.0,2871.0,2840.0,507.0,14400370.0,8945
2023-05-10 21:03:17,fu2312,fu2312,2861.0,0.0,0.0,0.0,1,2864.0,2868.0,1,2840.0,2840.0,2871.0,2840.0,507.0,14400370.0,8945
2023-05-10 21:03:23,fu2312,fu2312,2861.0,0.0,0.0,0.0,2,2863.0,2868.0,2,2840.0,2840.0,2871.0,2840.0,507.0,14400370.0,8945
2023-05-10 21:03:24,fu2312,fu2312,2861.0,0.0,0.0,0.0,2,2863.0,2868.0,2,2840.0,2840.0,2871.0,2840.0,507.0,14400370.0,8945
2023-05-10 21:03:26,fu2312,fu2312,2863.0,1.0,28630.0,0.0,1,2863.0,2868.0,2,2840.0,2840.0,2871.0,2840.0,508.0,14429000.0,8945
2023-05-10 21:03:26,fu2312,fu2312,2863.0,0.0,0.0,0.0,1,2863.0,2867.0,1,2840.0,2840.0,2871.0,2840.0,508.0,14429000.0,8945
2023-05-10 21:03:27,fu2312,fu2312,2863.0,0.0,0.0,0.0,1,2863.0,2867.0,1,2840.0,2840.0,2871.0,2840.0,508.0,14429000.0,8945
2023-05-10 21:03:28,fu2312,fu2312,2863.0,0.0,0.0,0.0,1,2862.0,2866.0,1,2840.0,2840.0,2871.0,2840.0,508.0,14429000.0,8945
2023-05-10 21:03:28,fu2312,fu2312,2863.0,0.0,0.0,0.0,1,2862.0,2866.0,2,2840.0,2840.0,2871.0,2840.0,508.0,14429000.0,8945
2023-05-10 21:03:29,fu2312,fu2312,2863.0,0.0,0.0,0.0,2,2860.0,2866.0,2,2840.0,2840.0,2871.0,2840.0,508.0,14429000.0,8945
2023-05-10 21:03:29,fu2312,fu2312,2863.0,0.0,0.0,0.0,1,2861.0,2866.0,2,2840.0,2840.0,2871.0,2840.0,508.0,14429000.0,8945
2023-05-10 21:03:30,fu2312,fu2312,2863.0,0.0,0.0,0.0,3,2860.0,2866.0,2,2840.0,2840.0,2871.0,2840.0,508.0,14429000.0,8945
2023-05-10 21:03:32,fu2312,fu2312,2863.0,0.0,0.0,0.0,3,2860.0,2865.0,1,2840.0,2840.0,2871.0,2840.0,508.0,14429000.0,8945
2023-05-10 21:03:34,fu2312,fu2312,2863.0,0.0,0.0,0.0,3,2860.0,2865.0,1,2840.0,2840.0,2871.0,2840.0,508.0,14429000.0,8945
2023-05-10 21:03:35,fu2312,fu2312,2863.0,0.0,0.0,0.0,3,2860.0,2865.0,1,2840.0,2840.0,2871.0,2840.0,508.0,14429000.0,8945
2023-05-10 21:03:38,fu2312,fu2312,2863.0,0.0,0.0,0.0,3,2860.0,2865.0,1,2840.0,2840.0,2871.0,2840.0,508.0,14429000.0,8945
2023-05-10 21:03:38,fu2312,fu2312,2863.0,0.0,0.0,0.0,3,2860.0,2865.0,1,2840.0,2840.0,2871.0,2840.0,508.0,14429000.0,8945
2023-05-10 21:03:45,fu2312,fu2312,2863.0,0.0,0.0,0.0,3,2860.0,2864.0,2,2840.0,2840.0,2871.0,2840.0,508.0,14429000.0,8945
2023-05-10 21:03:45,fu2312,fu2312,2863.0,0.0,0.0,0.0,3,2860.0,2864.0,2,2840.0,2840.0,2871.0,2840.0,508.0,14429000.0,8945
2023-05-10 21:03:50,fu2312,fu2312,2863.0,0.0,0.0,0.0,4,2861.0,2864.0,1,2840.0,2840.0,2871.0,2840.0,508.0,14429000.0,8945
2023-05-10 21:03:51,fu2312,fu2312,2863.0,0.0,0.0,0.0,1,2862.0,2864.0,1,2840.0,2840.0,2871.0,2840.0,508.0,14429000.0,8945
2023-05-10 21:03:51,fu2312,fu2312,2863.0,0.0,0.0,0.0,2,2860.0,2864.0,1,2840.0,2840.0,2871.0,2840.0,508.0,14429000.0,8945
2023-05-10 21:03:52,fu2312,fu2312,2863.0,0.0,0.0,0.0,1,2861.0,2864.0,1,2840.0,2840.0,2871.0,2840.0,508.0,14429000.0,8945
2023-05-10 21:03:52,fu2312,fu2312,2863.0,0.0,0.0,0.0,3,2860.0,2864.0,1,2840.0,2840.0,2871.0,2840.0,508.0,14429000.0,8945
2023-05-10 21:03:55,fu2312,fu2312,2863.0,0.0,0.0,0.0,3,2860.0,2864.0,2,2840.0,2840.0,2871.0,2840.0,508.0,14429000.0,8945
2023-05-10 21:03:59,fu2312,fu2312,2863.0,0.0,0.0,0.0,3,2860.0,2864.0,2,2840.0,2840.0,2871.0,2840.0,508.0,14429000.0,8945
2023-05-10 21:03:59,fu2312,fu2312,2863.0,0.0,0.0,0.0,3,2860.0,2864.0,2,2840.0,2840.0,2871.0,2840.0,508.0,14429000.0,8945
2023-05-10 21:04:01,fu2312,fu2312,2863.0,0.0,0.0,0.0,2,2858.0,2864.0,3,2840.0,2840.0,2871.0,2840.0,508.0,14429000.0,8945
2023-05-10 21:04:01,fu2312,fu2312,2863.0,0.0,0.0,0.0,1,2859.0,2864.0,3,2840.0,2840.0,2871.0,2840.0,508.0,14429000.0,8945
2023-05-10 21:04:03,fu2312,fu2312,2863.0,0.0,0.0,0.0,2,2860.0,2864.0,2,2840.0,2840.0,2871.0,2840.0,508.0,14429000.0,8945
2023-05-10 21:04:03,fu2312,fu2312,2863.0,0.0,0.0,0.0,1,2861.0,2864.0,2,2840.0,2840.0,2871.0,2840.0,508.0,14429000.0,8945
2023-05-10 21:04:07,fu2312,fu2312,2863.0,0.0,0.0,0.0,1,2861.0,2866.0,2,2840.0,2840.0,2871.0,2840.0,508.0,14429000.0,8945
2023-05-10 21:04:09,fu2312,fu2312,2863.0,0.0,0.0,0.0,1,2861.0,2866.0,2,2840.0,2840.0,2871.0,2840.0,508.0,14429000.0,8945
2023-05-10 21:04:12,fu2312,fu2312,2863.0,0.0,0.0,0.0,4,2862.0,2866.0,2,2840.0,2840.0,2871.0,2840.0,508.0,14429000.0,8945
2023-05-10 21:04:12,fu2312,fu2312,2863.0,0.0,0.0,0.0,1,2863.0,2866.0,2,2840.0,2840.0,2871.0,2840.0,508.0,14429000.0,8945
2023-05-10 21:04:13,fu2312,fu2312,2863.0,0.0,0.0,0.0,1,2863.0,2866.0,2,2840.0,2840.0,2871.0,2840.0,508.0,14429000.0,8945
2023-05-10 21:04:18,fu2312,fu2312,2863.0,0.0,0.0,0.0,1,2863.0,2866.0,2,2840.0,2840.0,2871.0,2840.0,508.0,14429000.0,8945
2023-05-10 21:04:18,fu2312,fu2312,2863.0,0.0,0.0,0.0,2,2862.0,2866.0,2,2840.0,2840.0,2871.0,2840.0,508.0,14429000.0,8945
2023-05-10 21:04:19,fu2312,fu2312,2863.0,0.0,0.0,0.0,1,2863.0,2866.0,2,2840.0,2840.0,2871.0,2840.0,508.0,14429000.0,8945
2023-05-10 21:04:19,fu2312,fu2312,2863.0,0.0,0.0,0.0,1,2863.0,2866.0,2,2840.0,2840.0,2871.0,2840.0,508.0,14429000.0,8945
2023-05-10 21:04:21,fu2312,fu2312,2863.0,0.0,0.0,0.0,2,2862.0,2866.0,2,2840.0,2840.0,2871.0,2840.0,508.0,14429000.0,8945
2023-05-10 21:04:22,fu2312,fu2312,2863.0,0.0,0.0,0.0,2,2862.0,2866.0,2,2840.0,2840.0,2871.0,2840.0,508.0,14429000.0,8945
2023-05-10 21:04:23,fu2312,fu2312,2863.0,0.0,0.0,0.0,1,2863.0,2866.0,2,2840.0,2840.0,2871.0,2840.0,508.0,14429000.0,8945
2023-05-10 21:04:23,fu2312,fu2312,2863.0,0.0,0.0,0.0,1,2863.0,2866.0,2,2840.0,2840.0,2871.0,2840.0,508.0,14429000.0,8945
2023-05-10 21:04:24,fu2312,fu2312,2863.0,0.0,0.0,0.0,2,2862.0,2866.0,2,2840.0,2840.0,2871.0,2840.0,508.0,14429000.0,8945
2023-05-10 21:04:26,fu2312,fu2312,2863.0,0.0,0.0,0.0,1,2863.0,2866.0,2,2840.0,2840.0,2871.0,2840.0,508.0,14429000.0,8945
2023-05-10 21:04:26,fu2312,fu2312,2863.0,0.0,0.0,0.0,2,2862.0,2866.0,2,2840.0,2840.0,2871.0,2840.0,508.0,14429000.0,8945
2023-05-10 21:04:27,fu2312,fu2312,2863.0,0.0,0.0,0.0,1,2863.0,2866.0,2,2840.0,2840.0,2871.0,2840.0,508.0,14429000.0,8945
2023-05-10 21:04:35,fu2312,fu2312,2863.0,0.0,0.0,0.0,2,2862.0,2866.0,2,2840.0,2840.0,2871.0,2840.0,508.0,14429000.0,8945
2023-05-10 21:04:40,fu2312,fu2312,2863.0,0.0,0.0,0.0,1,2862.0,2864.0,1,2840.0,2840.0,2871.0,2840.0,508.0,14429000.0,8945
2023-05-10 21:04:43,fu2312,fu2312,2863.0,0.0,0.0,0.0,1,2862.0,2864.0,1,2840.0,2840.0,2871.0,2840.0,508.0,14429000.0,8945
2023-05-10 21:04:43,fu2312,fu2312,2863.0,0.0,0.0,0.0,1,2862.0,2864.0,1,2840.0,2840.0,2871.0,2840.0,508.0,14429000.0,8945
2023-05-10 21:04:52,fu2312,fu2312,2863.0,0.0,0.0,0.0,1,2862.0,2864.0,1,2840.0,2840.0,2871.0,2840.0,508.0,14429000.0,8945
2023-05-10 21:04:53,fu2312,fu2312,2863.0,0.0,0.0,0.0,1,2862.0,2864.0,1,2840.0,2840.0,2871.0,2840.0,508.0,14429000.0,8945
2023-05-10 21:04:57,fu2312,fu2312,2863.0,0.0,0.0,0.0,1,2862.0,2864.0,1,2840.0,2840.0,2871.0,2840.0,508.0,14429000.0,8945
2023-05-10 21:04:57,fu2312,fu2312,2863.0,0.0,0.0,0.0,1,2862.0,2864.0,1,2840.0,2840.0,2871.0,2840.0,508.0,14429000.0,8945
2023-05-10 21:05:01,fu2312,fu2312,2863.0,0.0,0.0,0.0,1,2862.0,2864.0,1,2840.0,2840.0,2871.0,2840.0,508.0,14429000.0,8945
2023-05-10 21:05:01,fu2312,fu2312,2863.0,0.0,0.0,0.0,2,2862.0,2866.0,2,2840.0,2840.0,2871.0,2840.0,508.0,14429000.0,8945
2023-05-10 21:05:02,fu2312,fu2312,2863.0,0.0,0.0,0.0,1,2863.0,2866.0,2,2840.0,2840.0,2871.0,2840.0,508.0,14429000.0,8945
2023-05-10 21:05:02,fu2312,fu2312,2863.0,0.0,0.0,0.0,2,2862.0,2866.0,2,2840.0,2840.0,2871.0,2840.0,508.0,14429000.0,8945
2023-05-10 21:05:03,fu2312,fu2312,2863.0,0.0,0.0,0.0,1,2863.0,2866.0,2,2840.0,2840.0,2871.0,2840.0,508.0,14429000.0,8945
2023-05-10 21:05:04,fu2312,fu2312,2863.0,0.0,0.0,0.0,1,2864.0,2866.0,2,2840.0,2840.0,2871.0,2840.0,508.0,14429000.0,8945
2023-05-10 21:05:05,fu2312,fu2312,2863.0,0.0,0.0,0.0,1,2864.0,2866.0,2,2840.0,2840.0,2871.0,2840.0,508.0,14429000.0,8945
2023-05-10 21:05:09,fu2312,fu2312,2866.0,1.0,28660.0,0.0,2,2864.0,2868.0,1,2840.0,2840.0,2871.0,2840.0,509.0,14457660.0,8945
2023-05-10 21:05:09,fu2312,fu2312,2866.0,0.0,0.0,0.0,1,2865.0,2868.0,1,2840.0,2840.0,2871.0,2840.0,509.0,14457660.0,8945
2023-05-10 21:05:10,fu2312,fu2312,2866.0,0.0,0.0,0.0,1,2866.0,2868.0,1,2840.0,2840.0,2871.0,2840.0,509.0,14457660.0,8945
2023-05-10 21:05:11,fu2312,fu2312,2866.0,0.0,0.0,0.0,1,2866.0,2868.0,1,2840.0,2840.0,2871.0,2840.0,509.0,14457660.0,8945
2023-05-10 21:05:12,fu2312,fu2312,2866.0,0.0,0.0,0.0,3,2866.0,2870.0,1,2840.0,2840.0,2871.0,2840.0,509.0,14457660.0,8945
2023-05-10 21:05:12,fu2312,fu2312,2866.0,0.0,0.0,0.0,3,2866.0,2870.0,1,2840.0,2840.0,2871.0,2840.0,509.0,14457660.0,8945
2023-05-10 21:05:14,fu2312,fu2312,2866.0,0.0,0.0,0.0,1,2866.0,2868.0,1,2840.0,2840.0,2871.0,2840.0,509.0,14457660.0,8945
2023-05-10 21:05:15,fu2312,fu2312,2866.0,1.0,28660.0,1.0,2,2864.0,2868.0,1,2840.0,2840.0,2871.0,2840.0,510.0,14486320.0,8946
2023-05-10 21:05:15,fu2312,fu2312,2866.0,0.0,0.0,0.0,1,2865.0,2868.0,1,2840.0,2840.0,2871.0,2840.0,510.0,14486320.0,8946
2023-05-10 21:05:18,fu2312,fu2312,2866.0,0.0,0.0,0.0,1,2865.0,2868.0,1,2840.0,2840.0,2871.0,2840.0,510.0,14486320.0,8946
2023-05-10 21:05:25,fu2312,fu2312,2866.0,0.0,0.0,0.0,2,2864.0,2868.0,1,2840.0,2840.0,2871.0,2840.0,510.0,14486320.0,8946
2023-05-10 21:05:27,fu2312,fu2312,2866.0,0.0,0.0,0.0,2,2864.0,2868.0,1,2840.0,2840.0,2871.0,2840.0,510.0,14486320.0,8946
2023-05-10 21:05:28,fu2312,fu2312,2866.0,0.0,0.0,0.0,2,2862.0,2866.0,2,2840.0,2840.0,2871.0,2840.0,510.0,14486320.0,8946
2023-05-10 21:05:28,fu2312,fu2312,2866.0,0.0,0.0,0.0,1,2863.0,2866.0,2,2840.0,2840.0,2871.0,2840.0,510.0,14486320.0,8946
2023-05-10 21:05:30,fu2312,fu2312,2866.0,0.0,0.0,0.0,2,2862.0,2866.0,2,2840.0,2840.0,2871.0,2840.0,510.0,14486320.0,8946
2023-05-10 21:05:31,fu2312,fu2312,2866.0,0.0,0.0,0.0,2,2862.0,2864.0,2,2840.0,2840.0,2871.0,2840.0,510.0,14486320.0,8946
2023-05-10 21:05:32,fu2312,fu2312,2866.0,0.0,0.0,0.0,2,2862.0,2864.0,2,2840.0,2840.0,2871.0,2840.0,510.0,14486320.0,8946
2023-05-10 21:05:33,fu2312,fu2312,2866.0,0.0,0.0,0.0,2,2862.0,2866.0,2,2840.0,2840.0,2871.0,2840.0,510.0,14486320.0,8946
2023-05-10 21:05:34,fu2312,fu2312,2866.0,0.0,0.0,0.0,1,2863.0,2866.0,2,2840.0,2840.0,2871.0,2840.0,510.0,14486320.0,8946
2023-05-10 21:05:36,fu2312,fu2312,2866.0,0.0,0.0,0.0,2,2864.0,2868.0,2,2840.0,2840.0,2871.0,2840.0,510.0,14486320.0,8946
2023-05-10 21:05:36,fu2312,fu2312,2866.0,0.0,0.0,0.0,2,2864.0,2868.0,2,2840.0,2840.0,2871.0,2840.0,510.0,14486320.0,8946
2023-05-10 21:05:40,fu2312,fu2312,2866.0,0.0,0.0,0.0,2,2864.0,2867.0,1,2840.0,2840.0,2871.0,2840.0,510.0,14486320.0,8946
2023-05-10 21:05:46,fu2312,fu2312,2866.0,0.0,0.0,0.0,1,2865.0,2867.0,1,2840.0,2840.0,2871.0,2840.0,510.0,14486320.0,8946
2023-05-10 21:05:47,fu2312,fu2312,2866.0,0.0,0.0,0.0,1,2865.0,2867.0,1,2840.0,2840.0,2871.0,2840.0,510.0,14486320.0,8946
2023-05-10 21:05:47,fu2312,fu2312,2866.0,0.0,0.0,0.0,2,2864.0,2868.0,2,2840.0,2840.0,2871.0,2840.0,510.0,14486320.0,8946
2023-05-10 21:05:49,fu2312,fu2312,2866.0,0.0,0.0,0.0,1,2865.0,2868.0,2,2840.0,2840.0,2871.0,2840.0,510.0,14486320.0,8946
2023-05-10 21:05:49,fu2312,fu2312,2866.0,0.0,0.0,0.0,3,2864.0,2868.0,2,2840.0,2840.0,2871.0,2840.0,510.0,14486320.0,8946
2023-05-10 21:05:56,fu2312,fu2312,2866.0,0.0,0.0,0.0,2,2866.0,2870.0,2,2840.0,2840.0,2871.0,2840.0,510.0,14486320.0,8946
2023-05-10 21:05:56,fu2312,fu2312,2866.0,0.0,0.0,0.0,1,2867.0,2870.0,2,2840.0,2840.0,2871.0,2840.0,510.0,14486320.0,8946
2023-05-10 21:05:57,fu2312,fu2312,2866.0,0.0,0.0,0.0,1,2867.0,2870.0,2,2840.0,2840.0,2871.0,2840.0,510.0,14486320.0,8946
2023-05-10 21:05:57,fu2312,fu2312,2866.0,0.0,0.0,0.0,2,2866.0,2870.0,2,2840.0,2840.0,2871.0,2840.0,510.0,14486320.0,8946
2023-05-10 21:05:58,fu2312,fu2312,2866.0,0.0,0.0,0.0,1,2867.0,2870.0,2,2840.0,2840.0,2871.0,2840.0,510.0,14486320.0,8946
2023-05-10 21:05:58,fu2312,fu2312,2866.0,0.0,0.0,0.0,2,2866.0,2870.0,2,2840.0,2840.0,2871.0,2840.0,510.0,14486320.0,8946
2023-05-10 21:05:59,fu2312,fu2312,2866.0,0.0,0.0,0.0,3,2866.0,2870.0,2,2840.0,2840.0,2871.0,2840.0,510.0,14486320.0,8946
2023-05-10 21:06:00,fu2312,fu2312,2866.0,0.0,0.0,0.0,3,2866.0,2870.0,2,2840.0,2840.0,2871.0,2840.0,510.0,14486320.0,8946
2023-05-10 21:06:00,fu2312,fu2312,2866.0,0.0,0.0,0.0,3,2866.0,2870.0,2,2840.0,2840.0,2871.0,2840.0,510.0,14486320.0,8946
2023-05-10 21:06:04,fu2312,fu2312,2866.0,0.0,0.0,0.0,2,2868.0,2872.0,2,2840.0,2840.0,2871.0,2840.0,510.0,14486320.0,8946
2023-05-10 21:06:05,fu2312,fu2312,2866.0,0.0,0.0,0.0,2,2868.0,2872.0,2,2840.0,2840.0,2871.0,2840.0,510.0,14486320.0,8946
2023-05-10 21:06:05,fu2312,fu2312,2866.0,0.0,0.0,0.0,1,2869.0,2872.0,2,2840.0,2840.0,2871.0,2840.0,510.0,14486320.0,8946
2023-05-10 21:06:06,fu2312,fu2312,2866.0,0.0,0.0,0.0,3,2868.0,2872.0,2,2840.0,2840.0,2871.0,2840.0,510.0,14486320.0,8946
2023-05-10 21:06:07,fu2312,fu2312,2866.0,0.0,0.0,0.0,2,2870.0,2874.0,2,2840.0,2840.0,2871.0,2840.0,510.0,14486320.0,8946
2023-05-10 21:06:07,fu2312,fu2312,2866.0,0.0,0.0,0.0,2,2870.0,2874.0,2,2840.0,2840.0,2871.0,2840.0,510.0,14486320.0,8946
2023-05-10 21:06:08,fu2312,fu2312,2866.0,0.0,0.0,0.0,2,2870.0,2874.0,2,2840.0,2840.0,2871.0,2840.0,510.0,14486320.0,8946
2023-05-10 21:06:11,fu2312,fu2312,2866.0,0.0,0.0,0.0,2,2870.0,2874.0,2,2840.0,2840.0,2871.0,2840.0,510.0,14486320.0,8946
2023-05-10 21:06:11,fu2312,fu2312,2866.0,0.0,0.0,0.0,2,2870.0,2874.0,2,2840.0,2840.0,2871.0,2840.0,510.0,14486320.0,8946
2023-05-10 21:06:12,fu2312,fu2312,2866.0,0.0,0.0,0.0,2,2868.0,2872.0,2,2840.0,2840.0,2871.0,2840.0,510.0,14486320.0,8946
2023-05-10 21:06:16,fu2312,fu2312,2866.0,0.0,0.0,0.0,1,2869.0,2872.0,2,2840.0,2840.0,2871.0,2840.0,510.0,14486320.0,8946
2023-05-10 21:06:17,fu2312,fu2312,2866.0,0.0,0.0,0.0,3,2868.0,2872.0,2,2840.0,2840.0,2871.0,2840.0,510.0,14486320.0,8946
2023-05-10 21:06:18,fu2312,fu2312,2866.0,0.0,0.0,0.0,2,2870.0,2874.0,2,2840.0,2840.0,2871.0,2840.0,510.0,14486320.0,8946
2023-05-10 21:06:19,fu2312,fu2312,2866.0,0.0,0.0,0.0,2,2870.0,2874.0,2,2840.0,2840.0,2871.0,2840.0,510.0,14486320.0,8946
2023-05-10 21:06:24,fu2312,fu2312,2866.0,0.0,0.0,0.0,2,2870.0,2874.0,2,2840.0,2840.0,2871.0,2840.0,510.0,14486320.0,8946
2023-05-10 21:06:25,fu2312,fu2312,2866.0,0.0,0.0,0.0,2,2870.0,2873.0,1,2840.0,2840.0,2871.0,2840.0,510.0,14486320.0,8946
2023-05-10 21:06:27,fu2312,fu2312,2873.0,1.0,28730.0,1.0,2,2870.0,2874.0,2,2840.0,2840.0,2873.0,2840.0,511.0,14515050.0,8947
2023-05-10 21:06:34,fu2312,fu2312,2873.0,0.0,0.0,0.0,3,2870.0,2874.0,2,2840.0,2840.0,2873.0,2840.0,511.0,14515050.0,8947
2023-05-10 21:06:40,fu2312,fu2312,2873.0,0.0,0.0,0.0,2,2870.0,2874.0,2,2840.0,2840.0,2873.0,2840.0,511.0,14515050.0,8947
2023-05-10 21:06:48,fu2312,fu2312,2873.0,0.0,0.0,0.0,1,2871.0,2874.0,2,2840.0,2840.0,2873.0,2840.0,511.0,14515050.0,8947
2023-05-10 21:06:48,fu2312,fu2312,2873.0,0.0,0.0,0.0,1,2871.0,2874.0,2,2840.0,2840.0,2873.0,2840.0,511.0,14515050.0,8947
2023-05-10 21:06:54,fu2312,fu2312,2873.0,0.0,0.0,0.0,3,2872.0,2875.0,5,2840.0,2840.0,2873.0,2840.0,511.0,14515050.0,8947
2023-05-10 21:06:55,fu2312,fu2312,2873.0,0.0,0.0,0.0,4,2872.0,2875.0,5,2840.0,2840.0,2873.0,2840.0,511.0,14515050.0,8947
2023-05-10 21:06:56,fu2312,fu2312,2873.0,0.0,0.0,0.0,3,2872.0,2875.0,5,2840.0,2840.0,2873.0,2840.0,511.0,14515050.0,8947
2023-05-10 21:06:57,fu2312,fu2312,2873.0,0.0,0.0,0.0,2,2872.0,2875.0,5,2840.0,2840.0,2873.0,2840.0,511.0,14515050.0,8947
2023-05-10 21:06:57,fu2312,fu2312,2873.0,0.0,0.0,0.0,2,2872.0,2875.0,5,2840.0,2840.0,2873.0,2840.0,511.0,14515050.0,8947
2023-05-10 21:07:03,fu2312,fu2312,2875.0,1.0,28750.0,1.0,2,2872.0,2875.0,4,2840.0,2840.0,2875.0,2840.0,512.0,14543800.0,8948
2023-05-10 21:07:03,fu2312,fu2312,2875.0,0.0,0.0,0.0,2,2872.0,2875.0,4,2840.0,2840.0,2875.0,2840.0,512.0,14543800.0,8948
2023-05-10 21:07:04,fu2312,fu2312,2875.0,0.0,0.0,0.0,2,2872.0,2875.0,4,2840.0,2840.0,2875.0,2840.0,512.0,14543800.0,8948
2023-05-10 21:07:04,fu2312,fu2312,2875.0,0.0,0.0,0.0,2,2872.0,2875.0,4,2840.0,2840.0,2875.0,2840.0,512.0,14543800.0,8948
2023-05-10 21:07:08,fu2312,fu2312,2875.0,0.0,0.0,0.0,1,2873.0,2875.0,4,2840.0,2840.0,2875.0,2840.0,512.0,14543800.0,8948
2023-05-10 21:07:09,fu2312,fu2312,2875.0,0.0,0.0,0.0,2,2873.0,2875.0,4,2840.0,2840.0,2875.0,2840.0,512.0,14543800.0,8948
2023-05-10 21:07:10,fu2312,fu2312,2875.0,1.0,28750.0,1.0,2,2874.0,2875.0,3,2840.0,2840.0,2875.0,2840.0,513.0,14572550.0,8949
2023-05-10 21:07:10,fu2312,fu2312,2875.0,3.0,86250.0,3.0,2,2874.0,2878.0,2,2840.0,2840.0,2875.0,2840.0,516.0,14658800.0,8952
2023-05-10 21:07:11,fu2312,fu2312,2875.0,0.0,0.0,0.0,2,2874.0,2878.0,2,2840.0,2840.0,2875.0,2840.0,516.0,14658800.0,8952
2023-05-10 21:07:15,fu2312,fu2312,2875.0,0.0,0.0,0.0,5,2875.0,2878.0,2,2840.0,2840.0,2875.0,2840.0,516.0,14658800.0,8952
2023-05-10 21:07:15,fu2312,fu2312,2875.0,0.0,0.0,0.0,5,2875.0,2878.0,2,2840.0,2840.0,2875.0,2840.0,516.0,14658800.0,8952
2023-05-10 21:07:16,fu2312,fu2312,2875.0,0.0,0.0,0.0,5,2875.0,2878.0,2,2840.0,2840.0,2875.0,2840.0,516.0,14658800.0,8952
2023-05-10 21:07:16,fu2312,fu2312,2875.0,0.0,0.0,0.0,2,2874.0,2878.0,2,2840.0,2840.0,2875.0,2840.0,516.0,14658800.0,8952
2023-05-10 21:07:17,fu2312,fu2312,2875.0,0.0,0.0,0.0,7,2874.0,2878.0,2,2840.0,2840.0,2875.0,2840.0,516.0,14658800.0,8952
2023-05-10 21:07:20,fu2312,fu2312,2875.0,0.0,0.0,0.0,1,2875.0,2878.0,2,2840.0,2840.0,2875.0,2840.0,516.0,14658800.0,8952
2023-05-10 21:07:20,fu2312,fu2312,2875.0,0.0,0.0,0.0,2,2875.0,2878.0,2,2840.0,2840.0,2875.0,2840.0,516.0,14658800.0,8952
2023-05-10 21:07:21,fu2312,fu2312,2875.0,0.0,0.0,0.0,2,2875.0,2878.0,2,2840.0,2840.0,2875.0,2840.0,516.0,14658800.0,8952
2023-05-10 21:07:22,fu2312,fu2312,2875.0,0.0,0.0,0.0,2,2876.0,2880.0,2,2840.0,2840.0,2875.0,2840.0,516.0,14658800.0,8952
2023-05-10 21:07:22,fu2312,fu2312,2875.0,0.0,0.0,0.0,2,2876.0,2880.0,2,2840.0,2840.0,2875.0,2840.0,516.0,14658800.0,8952
2023-05-10 21:07:23,fu2312,fu2312,2875.0,0.0,0.0,0.0,1,2877.0,2880.0,2,2840.0,2840.0,2875.0,2840.0,516.0,14658800.0,8952
2023-05-10 21:07:23,fu2312,fu2312,2875.0,0.0,0.0,0.0,1,2877.0,2880.0,2,2840.0,2840.0,2875.0,2840.0,516.0,14658800.0,8952
2023-05-10 21:07:24,fu2312,fu2312,2875.0,0.0,0.0,0.0,2,2876.0,2880.0,2,2840.0,2840.0,2875.0,2840.0,516.0,14658800.0,8952
2023-05-10 21:07:25,fu2312,fu2312,2875.0,0.0,0.0,0.0,1,2875.0,2878.0,2,2840.0,2840.0,2875.0,2840.0,516.0,14658800.0,8952
2023-05-10 21:07:25,fu2312,fu2312,2875.0,0.0,0.0,0.0,1,2875.0,2878.0,2,2840.0,2840.0,2875.0,2840.0,516.0,14658800.0,8952
2023-05-10 21:07:26,fu2312,fu2312,2875.0,0.0,0.0,0.0,1,2875.0,2878.0,2,2840.0,2840.0,2875.0,2840.0,516.0,14658800.0,8952
2023-05-10 21:07:27,fu2312,fu2312,2875.0,0.0,0.0,0.0,2,2874.0,2878.0,2,2840.0,2840.0,2875.0,2840.0,516.0,14658800.0,8952
2023-05-10 21:07:31,fu2312,fu2312,2875.0,0.0,0.0,0.0,4,2874.0,2878.0,2,2840.0,2840.0,2875.0,2840.0,516.0,14658800.0,8952
2023-05-10 21:07:33,fu2312,fu2312,2875.0,0.0,0.0,0.0,6,2875.0,2878.0,2,2840.0,2840.0,2875.0,2840.0,516.0,14658800.0,8952
2023-05-10 21:07:34,fu2312,fu2312,2875.0,0.0,0.0,0.0,2,2876.0,2880.0,2,2840.0,2840.0,2875.0,2840.0,516.0,14658800.0,8952
2023-05-10 21:07:34,fu2312,fu2312,2875.0,0.0,0.0,0.0,4,2876.0,2880.0,2,2840.0,2840.0,2875.0,2840.0,516.0,14658800.0,8952
2023-05-10 21:07:35,fu2312,fu2312,2875.0,0.0,0.0,0.0,4,2876.0,2880.0,2,2840.0,2840.0,2875.0,2840.0,516.0,14658800.0,8952
2023-05-10 21:07:35,fu2312,fu2312,2875.0,0.0,0.0,0.0,1,2877.0,2880.0,2,2840.0,2840.0,2875.0,2840.0,516.0,14658800.0,8952
2023-05-10 21:07:37,fu2312,fu2312,2875.0,0.0,0.0,0.0,4,2876.0,2880.0,2,2840.0,2840.0,2875.0,2840.0,516.0,14658800.0,8952
2023-05-10 21:07:37,fu2312,fu2312,2875.0,0.0,0.0,0.0,4,2876.0,2880.0,2,2840.0,2840.0,2875.0,2840.0,516.0,14658800.0,8952
2023-05-10 21:07:39,fu2312,fu2312,2875.0,0.0,0.0,0.0,4,2876.0,2880.0,2,2840.0,2840.0,2875.0,2840.0,516.0,14658800.0,8952
2023-05-10 21:07:40,fu2312,fu2312,2875.0,0.0,0.0,0.0,4,2876.0,2880.0,2,2840.0,2840.0,2875.0,2840.0,516.0,14658800.0,8952
2023-05-10 21:07:41,fu2312,fu2312,2875.0,0.0,0.0,0.0,5,2875.0,2878.0,2,2840.0,2840.0,2875.0,2840.0,516.0,14658800.0,8952
2023-05-10 21:07:41,fu2312,fu2312,2875.0,0.0,0.0,0.0,5,2875.0,2878.0,2,2840.0,2840.0,2875.0,2840.0,516.0,14658800.0,8952
2023-05-10 21:07:42,fu2312,fu2312,2875.0,0.0,0.0,0.0,5,2875.0,2878.0,2,2840.0,2840.0,2875.0,2840.0,516.0,14658800.0,8952
2023-05-10 21:07:47,fu2312,fu2312,2875.0,0.0,0.0,0.0,2,2874.0,2878.0,2,2840.0,2840.0,2875.0,2840.0,516.0,14658800.0,8952
2023-05-10 21:07:49,fu2312,fu2312,2875.0,0.0,0.0,0.0,2,2874.0,2878.0,5,2840.0,2840.0,2875.0,2840.0,516.0,14658800.0,8952
2023-05-10 21:07:58,fu2312,fu2312,2875.0,0.0,0.0,0.0,1,2875.0,2878.0,5,2840.0,2840.0,2875.0,2840.0,516.0,14658800.0,8952
2023-05-10 21:08:02,fu2312,fu2312,2875.0,0.0,0.0,0.0,3,2874.0,2878.0,5,2840.0,2840.0,2875.0,2840.0,516.0,14658800.0,8952
2023-05-10 21:08:02,fu2312,fu2312,2875.0,0.0,0.0,0.0,3,2874.0,2878.0,6,2840.0,2840.0,2875.0,2840.0,516.0,14658800.0,8952
2023-05-10 21:08:04,fu2312,fu2312,2875.0,0.0,0.0,0.0,2,2874.0,2876.0,2,2840.0,2840.0,2875.0,2840.0,516.0,14658800.0,8952
2023-05-10 21:08:04,fu2312,fu2312,2875.0,0.0,0.0,0.0,2,2874.0,2876.0,2,2840.0,2840.0,2875.0,2840.0,516.0,14658800.0,8952
2023-05-10 21:08:05,fu2312,fu2312,2875.0,0.0,0.0,0.0,2,2874.0,2876.0,2,2840.0,2840.0,2875.0,2840.0,516.0,14658800.0,8952
2023-05-10 21:08:07,fu2312,fu2312,2876.0,1.0,28760.0,1.0,2,2874.0,2876.0,1,2840.0,2840.0,2876.0,2840.0,517.0,14687560.0,8953
2023-05-10 21:08:07,fu2312,fu2312,2876.0,0.0,0.0,0.0,3,2874.0,2876.0,1,2840.0,2840.0,2876.0,2840.0,517.0,14687560.0,8953
2023-05-10 21:08:08,fu2312,fu2312,2876.0,0.0,0.0,0.0,3,2874.0,2876.0,1,2840.0,2840.0,2876.0,2840.0,517.0,14687560.0,8953
2023-05-10 21:08:09,fu2312,fu2312,2876.0,0.0,0.0,0.0,3,2874.0,2876.0,1,2840.0,2840.0,2876.0,2840.0,517.0,14687560.0,8953
2023-05-10 21:08:12,fu2312,fu2312,2874.0,1.0,28740.0,1.0,5,2872.0,2876.0,1,2840.0,2840.0,2876.0,2840.0,518.0,14716300.0,8954
2023-05-10 21:08:12,fu2312,fu2312,2874.0,0.0,0.0,0.0,4,2872.0,2876.0,2,2840.0,2840.0,2876.0,2840.0,518.0,14716300.0,8954
2023-05-10 21:08:13,fu2312,fu2312,2874.0,0.0,0.0,0.0,4,2872.0,2876.0,2,2840.0,2840.0,2876.0,2840.0,518.0,14716300.0,8954
2023-05-10 21:08:13,fu2312,fu2312,2874.0,0.0,0.0,0.0,4,2872.0,2876.0,5,2840.0,2840.0,2876.0,2840.0,518.0,14716300.0,8954
2023-05-10 21:08:15,fu2312,fu2312,2874.0,0.0,0.0,0.0,4,2872.0,2874.0,2,2840.0,2840.0,2876.0,2840.0,518.0,14716300.0,8954
2023-05-10 21:08:15,fu2312,fu2312,2874.0,0.0,0.0,0.0,4,2872.0,2874.0,2,2840.0,2840.0,2876.0,2840.0,518.0,14716300.0,8954
2023-05-10 21:08:16,fu2312,fu2312,2872.0,2.0,57440.0,1.0,2,2870.0,2874.0,2,2840.0,2840.0,2876.0,2840.0,520.0,14773740.0,8955
2023-05-10 21:08:16,fu2312,fu2312,2872.0,0.0,0.0,0.0,2,2870.0,2874.0,2,2840.0,2840.0,2876.0,2840.0,520.0,14773740.0,8955
2023-05-10 21:08:18,fu2312,fu2312,2872.0,0.0,0.0,0.0,1,2871.0,2874.0,2,2840.0,2840.0,2876.0,2840.0,520.0,14773740.0,8955
2023-05-10 21:08:20,fu2312,fu2312,2872.0,0.0,0.0,0.0,1,2873.0,2874.0,2,2840.0,2840.0,2876.0,2840.0,520.0,14773740.0,8955
2023-05-10 21:08:20,fu2312,fu2312,2873.0,1.0,28730.0,-1.0,1,2871.0,2874.0,2,2840.0,2840.0,2876.0,2840.0,521.0,14802470.0,8954
2023-05-10 21:08:31,fu2312,fu2312,2873.0,0.0,0.0,0.0,2,2870.0,2874.0,2,2840.0,2840.0,2876.0,2840.0,521.0,14802470.0,8954
2023-05-10 21:08:33,fu2312,fu2312,2873.0,0.0,0.0,0.0,2,2870.0,2874.0,3,2840.0,2840.0,2876.0,2840.0,521.0,14802470.0,8954
2023-05-10 21:08:38,fu2312,fu2312,2873.0,0.0,0.0,0.0,2,2870.0,2872.0,2,2840.0,2840.0,2876.0,2840.0,521.0,14802470.0,8954
2023-05-10 21:08:39,fu2312,fu2312,2873.0,0.0,0.0,0.0,2,2870.0,2872.0,2,2840.0,2840.0,2876.0,2840.0,521.0,14802470.0,8954
2023-05-10 21:08:40,fu2312,fu2312,2872.0,2.0,57440.0,-1.0,2,2870.0,2874.0,1,2840.0,2840.0,2876.0,2840.0,523.0,14859910.0,8953
2023-05-10 21:08:40,fu2312,fu2312,2872.0,0.0,0.0,0.0,1,2871.0,2874.0,1,2840.0,2840.0,2876.0,2840.0,523.0,14859910.0,8953
2023-05-10 21:08:41,fu2312,fu2312,2872.0,0.0,0.0,0.0,4,2870.0,2874.0,1,2840.0,2840.0,2876.0,2840.0,523.0,14859910.0,8953
2023-05-10 21:08:42,fu2312,fu2312,2872.0,0.0,0.0,0.0,2,2871.0,2874.0,1,2840.0,2840.0,2876.0,2840.0,523.0,14859910.0,8953
2023-05-10 21:08:44,fu2312,fu2312,2872.0,0.0,0.0,0.0,5,2872.0,2874.0,1,2840.0,2840.0,2876.0,2840.0,523.0,14859910.0,8953
2023-05-10 21:08:45,fu2312,fu2312,2872.0,0.0,0.0,0.0,2,2871.0,2874.0,1,2840.0,2840.0,2876.0,2840.0,523.0,14859910.0,8953
2023-05-10 21:08:54,fu2312,fu2312,2872.0,0.0,0.0,0.0,1,2871.0,2874.0,1,2840.0,2840.0,2876.0,2840.0,523.0,14859910.0,8953
2023-05-10 21:08:58,fu2312,fu2312,2872.0,0.0,0.0,0.0,1,2871.0,2875.0,1,2840.0,2840.0,2876.0,2840.0,523.0,14859910.0,8953
2023-05-10 21:08:58,fu2312,fu2312,2872.0,0.0,0.0,0.0,1,2871.0,2875.0,2,2840.0,2840.0,2876.0,2840.0,523.0,14859910.0,8953
2023-05-10 21:08:59,fu2312,fu2312,2872.0,0.0,0.0,0.0,1,2871.0,2875.0,2,2840.0,2840.0,2876.0,2840.0,523.0,14859910.0,8953
2023-05-10 21:08:59,fu2312,fu2312,2872.0,0.0,0.0,0.0,1,2871.0,2875.0,2,2840.0,2840.0,2876.0,2840.0,523.0,14859910.0,8953
2023-05-10 21:09:01,fu2312,fu2312,2871.0,1.0,28710.0,-1.0,4,2870.0,2875.0,2,2840.0,2840.0,2876.0,2840.0,524.0,14888620.0,8952
2023-05-10 21:09:01,fu2312,fu2312,2871.0,0.0,0.0,0.0,1,2871.0,2875.0,2,2840.0,2840.0,2876.0,2840.0,524.0,14888620.0,8952
2023-05-10 21:09:02,fu2312,fu2312,2871.0,0.0,0.0,0.0,5,2870.0,2875.0,2,2840.0,2840.0,2876.0,2840.0,524.0,14888620.0,8952
2023-05-10 21:09:02,fu2312,fu2312,2871.0,0.0,0.0,0.0,5,2870.0,2874.0,1,2840.0,2840.0,2876.0,2840.0,524.0,14888620.0,8952
2023-05-10 21:09:06,fu2312,fu2312,2871.0,0.0,0.0,0.0,5,2870.0,2874.0,4,2840.0,2840.0,2876.0,2840.0,524.0,14888620.0,8952
2023-05-10 21:09:08,fu2312,fu2312,2871.0,0.0,0.0,0.0,4,2870.0,2874.0,5,2840.0,2840.0,2876.0,2840.0,524.0,14888620.0,8952
2023-05-10 21:09:09,fu2312,fu2312,2871.0,0.0,0.0,0.0,4,2868.0,2873.0,2,2840.0,2840.0,2876.0,2840.0,524.0,14888620.0,8952
2023-05-10 21:09:09,fu2312,fu2312,2871.0,0.0,0.0,0.0,4,2868.0,2873.0,1,2840.0,2840.0,2876.0,2840.0,524.0,14888620.0,8952
2023-05-10 21:09:11,fu2312,fu2312,2871.0,0.0,0.0,0.0,5,2869.0,2873.0,1,2840.0,2840.0,2876.0,2840.0,524.0,14888620.0,8952
2023-05-10 21:09:13,fu2312,fu2312,2871.0,0.0,0.0,0.0,4,2868.0,2873.0,1,2840.0,2840.0,2876.0,2840.0,524.0,14888620.0,8952
2023-05-10 21:09:13,fu2312,fu2312,2871.0,0.0,0.0,0.0,1,2869.0,2873.0,1,2840.0,2840.0,2876.0,2840.0,524.0,14888620.0,8952
2023-05-10 21:09:14,fu2312,fu2312,2871.0,0.0,0.0,0.0,5,2868.0,2873.0,1,2840.0,2840.0,2876.0,2840.0,524.0,14888620.0,8952
2023-05-10 21:09:16,fu2312,fu2312,2871.0,0.0,0.0,0.0,5,2869.0,2873.0,1,2840.0,2840.0,2876.0,2840.0,524.0,14888620.0,8952
2023-05-10 21:09:16,fu2312,fu2312,2871.0,0.0,0.0,0.0,5,2869.0,2873.0,1,2840.0,2840.0,2876.0,2840.0,524.0,14888620.0,8952
2023-05-10 21:09:18,fu2312,fu2312,2871.0,0.0,0.0,0.0,5,2869.0,2872.0,1,2840.0,2840.0,2876.0,2840.0,524.0,14888620.0,8952
2023-05-10 21:09:19,fu2312,fu2312,2871.0,0.0,0.0,0.0,5,2869.0,2872.0,4,2840.0,2840.0,2876.0,2840.0,524.0,14888620.0,8952
2023-05-10 21:09:22,fu2312,fu2312,2871.0,0.0,0.0,0.0,5,2869.0,2872.0,4,2840.0,2840.0,2876.0,2840.0,524.0,14888620.0,8952
2023-05-10 21:09:22,fu2312,fu2312,2871.0,0.0,0.0,0.0,4,2868.0,2872.0,5,2840.0,2840.0,2876.0,2840.0,524.0,14888620.0,8952
2023-05-10 21:09:23,fu2312,fu2312,2871.0,0.0,0.0,0.0,4,2868.0,2872.0,6,2840.0,2840.0,2876.0,2840.0,524.0,14888620.0,8952
2023-05-10 21:09:26,fu2312,fu2312,2871.0,0.0,0.0,0.0,5,2866.0,2871.0,1,2840.0,2840.0,2876.0,2840.0,524.0,14888620.0,8952
2023-05-10 21:09:27,fu2312,fu2312,2871.0,0.0,0.0,0.0,5,2866.0,2871.0,2,2840.0,2840.0,2876.0,2840.0,524.0,14888620.0,8952
2023-05-10 21:09:27,fu2312,fu2312,2871.0,0.0,0.0,0.0,5,2866.0,2871.0,3,2840.0,2840.0,2876.0,2840.0,524.0,14888620.0,8952
2023-05-10 21:09:29,fu2312,fu2312,2871.0,0.0,0.0,0.0,5,2866.0,2871.0,2,2840.0,2840.0,2876.0,2840.0,524.0,14888620.0,8952
2023-05-10 21:09:30,fu2312,fu2312,2871.0,0.0,0.0,0.0,5,2866.0,2871.0,2,2840.0,2840.0,2876.0,2840.0,524.0,14888620.0,8952
2023-05-10 21:09:31,fu2312,fu2312,2871.0,0.0,0.0,0.0,5,2866.0,2871.0,2,2840.0,2840.0,2876.0,2840.0,524.0,14888620.0,8952
2023-05-10 21:09:35,fu2312,fu2312,2871.0,0.0,0.0,0.0,5,2866.0,2871.0,2,2840.0,2840.0,2876.0,2840.0,524.0,14888620.0,8952
2023-05-10 21:09:35,fu2312,fu2312,2871.0,0.0,0.0,0.0,5,2866.0,2871.0,2,2840.0,2840.0,2876.0,2840.0,524.0,14888620.0,8952
2023-05-10 21:09:37,fu2312,fu2312,2871.0,0.0,0.0,0.0,2,2867.0,2871.0,2,2840.0,2840.0,2876.0,2840.0,524.0,14888620.0,8952
2023-05-10 21:09:38,fu2312,fu2312,2871.0,0.0,0.0,0.0,4,2868.0,2872.0,4,2840.0,2840.0,2876.0,2840.0,524.0,14888620.0,8952
2023-05-10 21:09:38,fu2312,fu2312,2871.0,0.0,0.0,0.0,4,2868.0,2872.0,6,2840.0,2840.0,2876.0,2840.0,524.0,14888620.0,8952
2023-05-10 21:09:40,fu2312,fu2312,2871.0,0.0,0.0,0.0,4,2868.0,2871.0,1,2840.0,2840.0,2876.0,2840.0,524.0,14888620.0,8952
2023-05-10 21:09:41,fu2312,fu2312,2871.0,0.0,0.0,0.0,4,2868.0,2872.0,6,2840.0,2840.0,2876.0,2840.0,524.0,14888620.0,8952
2023-05-10 21:09:43,fu2312,fu2312,2871.0,0.0,0.0,0.0,4,2868.0,2871.0,1,2840.0,2840.0,2876.0,2840.0,524.0,14888620.0,8952
2023-05-10 21:09:44,fu2312,fu2312,2871.0,0.0,0.0,0.0,4,2868.0,2872.0,6,2840.0,2840.0,2876.0,2840.0,524.0,14888620.0,8952
2023-05-10 21:09:45,fu2312,fu2312,2871.0,0.0,0.0,0.0,4,2868.0,2872.0,6,2840.0,2840.0,2876.0,2840.0,524.0,14888620.0,8952
2023-05-10 21:09:45,fu2312,fu2312,2871.0,0.0,0.0,0.0,1,2869.0,2872.0,5,2840.0,2840.0,2876.0,2840.0,524.0,14888620.0,8952
2023-05-10 21:09:46,fu2312,fu2312,2871.0,0.0,0.0,0.0,4,2868.0,2872.0,5,2840.0,2840.0,2876.0,2840.0,524.0,14888620.0,8952
2023-05-10 21:09:46,fu2312,fu2312,2871.0,0.0,0.0,0.0,1,2869.0,2872.0,5,2840.0,2840.0,2876.0,2840.0,524.0,14888620.0,8952
2023-05-10 21:09:49,fu2312,fu2312,2871.0,0.0,0.0,0.0,4,2868.0,2872.0,5,2840.0,2840.0,2876.0,2840.0,524.0,14888620.0,8952
2023-05-10 21:09:51,fu2312,fu2312,2871.0,0.0,0.0,0.0,4,2868.0,2872.0,5,2840.0,2840.0,2876.0,2840.0,524.0,14888620.0,8952
2023-05-10 21:09:54,fu2312,fu2312,2871.0,0.0,0.0,0.0,1,2869.0,2872.0,5,2840.0,2840.0,2876.0,2840.0,524.0,14888620.0,8952
2023-05-10 21:09:55,fu2312,fu2312,2871.0,0.0,0.0,0.0,4,2868.0,2872.0,5,2840.0,2840.0,2876.0,2840.0,524.0,14888620.0,8952
2023-05-10 21:09:55,fu2312,fu2312,2871.0,0.0,0.0,0.0,1,2869.0,2872.0,5,2840.0,2840.0,2876.0,2840.0,524.0,14888620.0,8952
2023-05-10 21:09:56,fu2312,fu2312,2871.0,0.0,0.0,0.0,5,2868.0,2872.0,5,2840.0,2840.0,2876.0,2840.0,524.0,14888620.0,8952
2023-05-10 21:09:57,fu2312,fu2312,2871.0,0.0,0.0,0.0,1,2869.0,2872.0,5,2840.0,2840.0,2876.0,2840.0,524.0,14888620.0,8952
2023-05-10 21:09:57,fu2312,fu2312,2871.0,0.0,0.0,0.0,5,2868.0,2872.0,5,2840.0,2840.0,2876.0,2840.0,524.0,14888620.0,8952
2023-05-10 21:10:06,fu2312,fu2312,2871.0,0.0,0.0,0.0,5,2868.0,2872.0,1,2840.0,2840.0,2876.0,2840.0,524.0,14888620.0,8952
2023-05-10 21:10:06,fu2312,fu2312,2871.0,0.0,0.0,0.0,2,2871.0,2872.0,1,2840.0,2840.0,2876.0,2840.0,524.0,14888620.0,8952
2023-05-10 21:10:07,fu2312,fu2312,2871.0,0.0,0.0,0.0,2,2871.0,2872.0,1,2840.0,2840.0,2876.0,2840.0,524.0,14888620.0,8952
2023-05-10 21:10:07,fu2312,fu2312,2872.0,1.0,28720.0,0.0,2,2872.0,2874.0,2,2840.0,2840.0,2876.0,2840.0,525.0,14917340.0,8952
2023-05-10 21:10:08,fu2312,fu2312,2872.0,0.0,0.0,0.0,2,2872.0,2874.0,3,2840.0,2840.0,2876.0,2840.0,525.0,14917340.0,8952
2023-05-10 21:10:08,fu2312,fu2312,2872.0,2.0,57440.0,-1.0,4,2870.0,2874.0,4,2840.0,2840.0,2876.0,2840.0,527.0,14974780.0,8951
2023-05-10 21:10:12,fu2312,fu2312,2872.0,0.0,0.0,0.0,1,2871.0,2874.0,4,2840.0,2840.0,2876.0,2840.0,527.0,14974780.0,8951
2023-05-10 21:10:13,fu2312,fu2312,2872.0,0.0,0.0,0.0,1,2871.0,2874.0,4,2840.0,2840.0,2876.0,2840.0,527.0,14974780.0,8951
2023-05-10 21:10:15,fu2312,fu2312,2872.0,0.0,0.0,0.0,4,2870.0,2874.0,4,2840.0,2840.0,2876.0,2840.0,527.0,14974780.0,8951
2023-05-10 21:10:16,fu2312,fu2312,2872.0,0.0,0.0,0.0,4,2870.0,2873.0,1,2840.0,2840.0,2876.0,2840.0,527.0,14974780.0,8951
2023-05-10 21:10:16,fu2312,fu2312,2872.0,0.0,0.0,0.0,4,2870.0,2873.0,1,2840.0,2840.0,2876.0,2840.0,527.0,14974780.0,8951
2023-05-10 21:10:18,fu2312,fu2312,2872.0,0.0,0.0,0.0,4,2870.0,2873.0,1,2840.0,2840.0,2876.0,2840.0,527.0,14974780.0,8951
2023-05-10 21:10:22,fu2312,fu2312,2872.0,0.0,0.0,0.0,2,2870.0,2872.0,1,2840.0,2840.0,2876.0,2840.0,527.0,14974780.0,8951
2023-05-10 21:10:22,fu2312,fu2312,2872.0,0.0,0.0,0.0,2,2870.0,2872.0,1,2840.0,2840.0,2876.0,2840.0,527.0,14974780.0,8951
2023-05-10 21:10:23,fu2312,fu2312,2872.0,0.0,0.0,0.0,2,2870.0,2873.0,1,2840.0,2840.0,2876.0,2840.0,527.0,14974780.0,8951
2023-05-10 21:10:23,fu2312,fu2312,2872.0,0.0,0.0,0.0,2,2870.0,2872.0,1,2840.0,2840.0,2876.0,2840.0,527.0,14974780.0,8951
2023-05-10 21:10:24,fu2312,fu2312,2872.0,0.0,0.0,0.0,2,2870.0,2872.0,3,2840.0,2840.0,2876.0,2840.0,527.0,14974780.0,8951
2023-05-10 21:10:31,fu2312,fu2312,2872.0,0.0,0.0,0.0,2,2870.0,2872.0,3,2840.0,2840.0,2876.0,2840.0,527.0,14974780.0,8951
2023-05-10 21:10:31,fu2312,fu2312,2872.0,0.0,0.0,0.0,2,2870.0,2871.0,1,2840.0,2840.0,2876.0,2840.0,527.0,14974780.0,8951
2023-05-10 21:10:32,fu2312,fu2312,2871.0,1.0,28710.0,0.0,4,2870.0,2872.0,2,2840.0,2840.0,2876.0,2840.0,528.0,15003490.0,8951
2023-05-10 21:10:33,fu2312,fu2312,2871.0,0.0,0.0,0.0,2,2871.0,2873.0,1,2840.0,2840.0,2876.0,2840.0,528.0,15003490.0,8951
2023-05-10 21:10:34,fu2312,fu2312,2871.0,0.0,0.0,0.0,4,2870.0,2874.0,2,2840.0,2840.0,2876.0,2840.0,528.0,15003490.0,8951
2023-05-10 21:10:34,fu2312,fu2312,2871.0,0.0,0.0,0.0,1,2871.0,2874.0,4,2840.0,2840.0,2876.0,2840.0,528.0,15003490.0,8951
2023-05-10 21:10:35,fu2312,fu2312,2871.0,0.0,0.0,0.0,2,2871.0,2874.0,4,2840.0,2840.0,2876.0,2840.0,528.0,15003490.0,8951
2023-05-10 21:10:35,fu2312,fu2312,2871.0,0.0,0.0,0.0,2,2871.0,2874.0,4,2840.0,2840.0,2876.0,2840.0,528.0,15003490.0,8951
2023-05-10 21:10:40,fu2312,fu2312,2871.0,0.0,0.0,0.0,3,2872.0,2874.0,4,2840.0,2840.0,2876.0,2840.0,528.0,15003490.0,8951
2023-05-10 21:10:41,fu2312,fu2312,2871.0,0.0,0.0,0.0,3,2872.0,2874.0,4,2840.0,2840.0,2876.0,2840.0,528.0,15003490.0,8951
2023-05-10 21:10:41,fu2312,fu2312,2871.0,0.0,0.0,0.0,3,2872.0,2874.0,2,2840.0,2840.0,2876.0,2840.0,528.0,15003490.0,8951
2023-05-10 21:10:42,fu2312,fu2312,2874.0,2.0,57480.0,-1.0,5,2872.0,2884.0,1,2840.0,2840.0,2876.0,2840.0,530.0,15060970.0,8950
2023-05-10 21:10:42,fu2312,fu2312,2874.0,0.0,0.0,0.0,2,2874.0,2875.0,3,2840.0,2840.0,2876.0,2840.0,530.0,15060970.0,8950
2023-05-10 21:10:43,fu2312,fu2312,2874.0,2.0,57480.0,-1.0,5,2872.0,2874.0,3,2840.0,2840.0,2876.0,2840.0,532.0,15118450.0,8949
2023-05-10 21:10:43,fu2312,fu2312,2874.0,0.0,0.0,0.0,5,2872.0,2875.0,3,2840.0,2840.0,2876.0,2840.0,532.0,15118450.0,8949
2023-05-10 21:10:44,fu2312,fu2312,2874.0,0.0,0.0,0.0,1,2873.0,2875.0,3,2840.0,2840.0,2876.0,2840.0,532.0,15118450.0,8949
2023-05-10 21:10:45,fu2312,fu2312,2874.0,0.0,0.0,0.0,1,2874.0,2875.0,3,2840.0,2840.0,2876.0,2840.0,532.0,15118450.0,8949
2023-05-10 21:10:45,fu2312,fu2312,2874.0,1.0,28740.0,0.0,4,2872.0,2874.0,4,2840.0,2840.0,2876.0,2840.0,533.0,15147190.0,8949
2023-05-10 21:10:46,fu2312,fu2312,2874.0,0.0,0.0,0.0,4,2872.0,2874.0,1,2840.0,2840.0,2876.0,2840.0,533.0,15147190.0,8949
2023-05-10 21:10:53,fu2312,fu2312,2872.0,1.0,28720.0,0.0,4,2870.0,2872.0,3,2840.0,2840.0,2876.0,2840.0,534.0,15175910.0,8949
2023-05-10 21:10:54,fu2312,fu2312,2872.0,0.0,0.0,0.0,3,2870.0,2874.0,2,2840.0,2840.0,2876.0,2840.0,534.0,15175910.0,8949
2023-05-10 21:10:54,fu2312,fu2312,2872.0,0.0,0.0,0.0,3,2870.0,2873.0,1,2840.0,2840.0,2876.0,2840.0,534.0,15175910.0,8949
2023-05-10 21:10:55,fu2312,fu2312,2872.0,0.0,0.0,0.0,3,2870.0,2873.0,3,2840.0,2840.0,2876.0,2840.0,534.0,15175910.0,8949
2023-05-10 21:10:59,fu2312,fu2312,2872.0,0.0,0.0,0.0,3,2870.0,2873.0,3,2840.0,2840.0,2876.0,2840.0,534.0,15175910.0,8949
2023-05-10 21:11:00,fu2312,fu2312,2872.0,0.0,0.0,0.0,1,2871.0,2873.0,3,2840.0,2840.0,2876.0,2840.0,534.0,15175910.0,8949
2023-05-10 21:11:00,fu2312,fu2312,2872.0,0.0,0.0,0.0,4,2870.0,2873.0,2,2840.0,2840.0,2876.0,2840.0,534.0,15175910.0,8949
2023-05-10 21:11:03,fu2312,fu2312,2873.0,2.0,57460.0,-1.0,3,2872.0,2874.0,1,2840.0,2840.0,2876.0,2840.0,536.0,15233370.0,8948
2023-05-10 21:11:03,fu2312,fu2312,2874.0,1.0,28740.0,-1.0,3,2872.0,2877.0,2,2840.0,2840.0,2876.0,2840.0,537.0,15262110.0,8947
2023-05-10 21:11:04,fu2312,fu2312,2874.0,0.0,0.0,0.0,1,2873.0,2877.0,15,2840.0,2840.0,2876.0,2840.0,537.0,15262110.0,8947
2023-05-10 21:11:05,fu2312,fu2312,2874.0,0.0,0.0,0.0,4,2874.0,2877.0,3,2840.0,2840.0,2876.0,2840.0,537.0,15262110.0,8947
2023-05-10 21:11:06,fu2312,fu2312,2874.0,0.0,0.0,0.0,4,2874.0,2877.0,3,2840.0,2840.0,2876.0,2840.0,537.0,15262110.0,8947
2023-05-10 21:11:06,fu2312,fu2312,2874.0,0.0,0.0,0.0,1,2875.0,2882.0,1,2840.0,2840.0,2876.0,2840.0,537.0,15262110.0,8947
2023-05-10 21:11:07,fu2312,fu2312,2874.0,0.0,0.0,0.0,1,2875.0,2879.0,3,2840.0,2840.0,2876.0,2840.0,537.0,15262110.0,8947
2023-05-10 21:11:07,fu2312,fu2312,2874.0,0.0,0.0,0.0,1,2875.0,2879.0,3,2840.0,2840.0,2876.0,2840.0,537.0,15262110.0,8947
2023-05-10 21:11:08,fu2312,fu2312,2874.0,0.0,0.0,0.0,1,2875.0,2878.0,3,2840.0,2840.0,2876.0,2840.0,537.0,15262110.0,8947
2023-05-10 21:11:08,fu2312,fu2312,2874.0,0.0,0.0,0.0,4,2874.0,2878.0,4,2840.0,2840.0,2876.0,2840.0,537.0,15262110.0,8947
2023-05-10 21:11:09,fu2312,fu2312,2874.0,0.0,0.0,0.0,4,2874.0,2878.0,4,2840.0,2840.0,2876.0,2840.0,537.0,15262110.0,8947
2023-05-10 21:11:09,fu2312,fu2312,2874.0,0.0,0.0,0.0,4,2874.0,2877.0,2,2840.0,2840.0,2876.0,2840.0,537.0,15262110.0,8947
2023-05-10 21:11:10,fu2312,fu2312,2874.0,0.0,0.0,0.0,4,2874.0,2877.0,2,2840.0,2840.0,2876.0,2840.0,537.0,15262110.0,8947
2023-05-10 21:11:10,fu2312,fu2312,2874.0,0.0,0.0,0.0,4,2874.0,2877.0,3,2840.0,2840.0,2876.0,2840.0,537.0,15262110.0,8947
2023-05-10 21:11:11,fu2312,fu2312,2874.0,0.0,0.0,0.0,4,2874.0,2877.0,13,2840.0,2840.0,2876.0,2840.0,537.0,15262110.0,8947
2023-05-10 21:11:12,fu2312,fu2312,2874.0,1.0,28740.0,1.0,3,2874.0,2877.0,13,2840.0,2840.0,2876.0,2840.0,538.0,15290850.0,8948
2023-05-10 21:11:12,fu2312,fu2312,2874.0,3.0,86220.0,2.0,3,2872.0,2876.0,1,2840.0,2840.0,2876.0,2840.0,541.0,15377070.0,8950
2023-05-10 21:11:13,fu2312,fu2312,2874.0,0.0,0.0,0.0,1,2871.0,2875.0,1,2840.0,2840.0,2876.0,2840.0,541.0,15377070.0,8950
2023-05-10 21:11:13,fu2312,fu2312,2874.0,0.0,0.0,0.0,1,2870.0,2874.0,4,2840.0,2840.0,2876.0,2840.0,541.0,15377070.0,8950
2023-05-10 21:11:14,fu2312,fu2312,2874.0,0.0,0.0,0.0,1,2871.0,2874.0,4,2840.0,2840.0,2876.0,2840.0,541.0,15377070.0,8950
2023-05-10 21:11:16,fu2312,fu2312,2874.0,0.0,0.0,0.0,1,2867.0,2874.0,4,2840.0,2840.0,2876.0,2840.0,541.0,15377070.0,8950
2023-05-10 21:11:17,fu2312,fu2312,2874.0,0.0,0.0,0.0,1,2869.0,2874.0,5,2840.0,2840.0,2876.0,2840.0,541.0,15377070.0,8950
2023-05-10 21:11:17,fu2312,fu2312,2874.0,0.0,0.0,0.0,1,2870.0,2874.0,5,2840.0,2840.0,2876.0,2840.0,541.0,15377070.0,8950
2023-05-10 21:11:22,fu2312,fu2312,2874.0,0.0,0.0,0.0,1,2870.0,2874.0,4,2840.0,2840.0,2876.0,2840.0,541.0,15377070.0,8950
2023-05-10 21:11:23,fu2312,fu2312,2874.0,0.0,0.0,0.0,1,2870.0,2874.0,4,2840.0,2840.0,2876.0,2840.0,541.0,15377070.0,8950
2023-05-10 21:11:24,fu2312,fu2312,2874.0,0.0,0.0,0.0,1,2871.0,2874.0,4,2840.0,2840.0,2876.0,2840.0,541.0,15377070.0,8950
2023-05-10 21:11:25,fu2312,fu2312,2874.0,0.0,0.0,0.0,1,2872.0,2874.0,4,2840.0,2840.0,2876.0,2840.0,541.0,15377070.0,8950
2023-05-10 21:11:25,fu2312,fu2312,2874.0,1.0,28740.0,-1.0,1,2872.0,2874.0,3,2840.0,2840.0,2876.0,2840.0,542.0,15405810.0,8949
2023-05-10 21:11:26,fu2312,fu2312,2874.0,0.0,0.0,0.0,2,2872.0,2874.0,3,2840.0,2840.0,2876.0,2840.0,542.0,15405810.0,8949
2023-05-10 21:11:26,fu2312,fu2312,2874.0,0.0,0.0,0.0,2,2872.0,2874.0,3,2840.0,2840.0,2876.0,2840.0,542.0,15405810.0,8949
2023-05-10 21:11:33,fu2312,fu2312,2874.0,0.0,0.0,0.0,2,2872.0,2876.0,3,2840.0,2840.0,2876.0,2840.0,542.0,15405810.0,8949
2023-05-10 21:11:34,fu2312,fu2312,2874.0,0.0,0.0,0.0,2,2872.0,2876.0,3,2840.0,2840.0,2876.0,2840.0,542.0,15405810.0,8949
2023-05-10 21:11:34,fu2312,fu2312,2874.0,0.0,0.0,0.0,2,2872.0,2876.0,3,2840.0,2840.0,2876.0,2840.0,542.0,15405810.0,8949
2023-05-10 21:11:35,fu2312,fu2312,2876.0,1.0,28760.0,0.0,2,2872.0,2876.0,2,2840.0,2840.0,2876.0,2840.0,543.0,15434570.0,8949
2023-05-10 21:11:36,fu2312,fu2312,2876.0,0.0,0.0,0.0,2,2874.0,2876.0,2,2840.0,2840.0,2876.0,2840.0,543.0,15434570.0,8949
2023-05-10 21:11:36,fu2312,fu2312,2876.0,0.0,0.0,0.0,2,2874.0,2876.0,2,2840.0,2840.0,2876.0,2840.0,543.0,15434570.0,8949
2023-05-10 21:11:52,fu2312,fu2312,2874.0,1.0,28740.0,1.0,2,2872.0,2874.0,3,2840.0,2840.0,2876.0,2840.0,544.0,15463310.0,8950
2023-05-10 21:11:52,fu2312,fu2312,2874.0,0.0,0.0,0.0,1,2872.0,2875.0,2,2840.0,2840.0,2876.0,2840.0,544.0,15463310.0,8950
2023-05-10 21:11:53,fu2312,fu2312,2874.0,0.0,0.0,0.0,1,2872.0,2875.0,3,2840.0,2840.0,2876.0,2840.0,544.0,15463310.0,8950
2023-05-10 21:11:53,fu2312,fu2312,2874.0,0.0,0.0,0.0,1,2872.0,2876.0,4,2840.0,2840.0,2876.0,2840.0,544.0,15463310.0,8950
2023-05-10 21:11:54,fu2312,fu2312,2874.0,0.0,0.0,0.0,1,2872.0,2875.0,3,2840.0,2840.0,2876.0,2840.0,544.0,15463310.0,8950
2023-05-10 21:11:59,fu2312,fu2312,2874.0,0.0,0.0,0.0,1,2872.0,2875.0,2,2840.0,2840.0,2876.0,2840.0,544.0,15463310.0,8950
2023-05-10 21:12:02,fu2312,fu2312,2874.0,0.0,0.0,0.0,1,2872.0,2875.0,3,2840.0,2840.0,2876.0,2840.0,544.0,15463310.0,8950
2023-05-10 21:12:09,fu2312,fu2312,2874.0,0.0,0.0,0.0,1,2872.0,2874.0,3,2840.0,2840.0,2876.0,2840.0,544.0,15463310.0,8950
2023-05-10 21:12:10,fu2312,fu2312,2874.0,0.0,0.0,0.0,1,2872.0,2874.0,1,2840.0,2840.0,2876.0,2840.0,544.0,15463310.0,8950
2023-05-10 21:12:11,fu2312,fu2312,2874.0,1.0,28740.0,-1.0,1,2872.0,2876.0,2,2840.0,2840.0,2876.0,2840.0,545.0,15492050.0,8949
2023-05-10 21:12:11,fu2312,fu2312,2874.0,0.0,0.0,0.0,2,2872.0,2876.0,3,2840.0,2840.0,2876.0,2840.0,545.0,15492050.0,8949
2023-05-10 21:12:15,fu2312,fu2312,2874.0,0.0,0.0,0.0,2,2872.0,2875.0,2,2840.0,2840.0,2876.0,2840.0,545.0,15492050.0,8949
2023-05-10 21:12:17,fu2312,fu2312,2874.0,0.0,0.0,0.0,2,2872.0,2874.0,2,2840.0,2840.0,2876.0,2840.0,545.0,15492050.0,8949
2023-05-10 21:12:18,fu2312,fu2312,2874.0,0.0,0.0,0.0,2,2870.0,2873.0,2,2840.0,2840.0,2876.0,2840.0,545.0,15492050.0,8949
2023-05-10 21:12:18,fu2312,fu2312,2874.0,0.0,0.0,0.0,1,2871.0,2874.0,4,2840.0,2840.0,2876.0,2840.0,545.0,15492050.0,8949
2023-05-10 21:12:19,fu2312,fu2312,2874.0,0.0,0.0,0.0,3,2870.0,2874.0,4,2840.0,2840.0,2876.0,2840.0,545.0,15492050.0,8949
2023-05-10 21:12:19,fu2312,fu2312,2874.0,0.0,0.0,0.0,4,2870.0,2874.0,4,2840.0,2840.0,2876.0,2840.0,545.0,15492050.0,8949
2023-05-10 21:12:23,fu2312,fu2312,2874.0,0.0,0.0,0.0,4,2870.0,2874.0,4,2840.0,2840.0,2876.0,2840.0,545.0,15492050.0,8949
2023-05-10 21:12:23,fu2312,fu2312,2874.0,0.0,0.0,0.0,4,2870.0,2874.0,4,2840.0,2840.0,2876.0,2840.0,545.0,15492050.0,8949
2023-05-10 21:12:28,fu2312,fu2312,2874.0,0.0,0.0,0.0,3,2870.0,2873.0,1,2840.0,2840.0,2876.0,2840.0,545.0,15492050.0,8949
2023-05-10 21:12:28,fu2312,fu2312,2874.0,0.0,0.0,0.0,3,2870.0,2873.0,1,2840.0,2840.0,2876.0,2840.0,545.0,15492050.0,8949
2023-05-10 21:12:35,fu2312,fu2312,2874.0,0.0,0.0,0.0,3,2870.0,2873.0,1,2840.0,2840.0,2876.0,2840.0,545.0,15492050.0,8949
2023-05-10 21:12:44,fu2312,fu2312,2874.0,0.0,0.0,0.0,2,2870.0,2872.0,2,2840.0,2840.0,2876.0,2840.0,545.0,15492050.0,8949
2023-05-10 21:12:45,fu2312,fu2312,2874.0,0.0,0.0,0.0,2,2870.0,2872.0,2,2840.0,2840.0,2876.0,2840.0,545.0,15492050.0,8949
2023-05-10 21:12:45,fu2312,fu2312,2874.0,0.0,0.0,0.0,2,2870.0,2872.0,2,2840.0,2840.0,2876.0,2840.0,545.0,15492050.0,8949
2023-05-10 21:12:57,fu2312,fu2312,2874.0,0.0,0.0,0.0,2,2870.0,2873.0,4,2840.0,2840.0,2876.0,2840.0,545.0,15492050.0,8949
2023-05-10 21:13:02,fu2312,fu2312,2874.0,0.0,0.0,0.0,2,2869.0,2872.0,2,2840.0,2840.0,2876.0,2840.0,545.0,15492050.0,8949
2023-05-10 21:13:03,fu2312,fu2312,2874.0,0.0,0.0,0.0,2,2870.0,2873.0,4,2840.0,2840.0,2876.0,2840.0,545.0,15492050.0,8949
2023-05-10 21:13:03,fu2312,fu2312,2874.0,0.0,0.0,0.0,2,2869.0,2872.0,2,2840.0,2840.0,2876.0,2840.0,545.0,15492050.0,8949
2023-05-10 21:13:08,fu2312,fu2312,2874.0,0.0,0.0,0.0,2,2869.0,2872.0,2,2840.0,2840.0,2876.0,2840.0,545.0,15492050.0,8949
2023-05-10 21:13:08,fu2312,fu2312,2874.0,0.0,0.0,0.0,2,2868.0,2871.0,2,2840.0,2840.0,2876.0,2840.0,545.0,15492050.0,8949
2023-05-10 21:13:09,fu2312,fu2312,2874.0,0.0,0.0,0.0,2,2868.0,2871.0,2,2840.0,2840.0,2876.0,2840.0,545.0,15492050.0,8949
2023-05-10 21:13:18,fu2312,fu2312,2874.0,0.0,0.0,0.0,2,2867.0,2870.0,2,2840.0,2840.0,2876.0,2840.0,545.0,15492050.0,8949
2023-05-10 21:13:19,fu2312,fu2312,2874.0,0.0,0.0,0.0,2,2867.0,2870.0,3,2840.0,2840.0,2876.0,2840.0,545.0,15492050.0,8949
2023-05-10 21:13:19,fu2312,fu2312,2874.0,0.0,0.0,0.0,2,2867.0,2870.0,3,2840.0,2840.0,2876.0,2840.0,545.0,15492050.0,8949
2023-05-10 21:13:22,fu2312,fu2312,2874.0,0.0,0.0,0.0,2,2867.0,2870.0,2,2840.0,2840.0,2876.0,2840.0,545.0,15492050.0,8949
2023-05-10 21:13:23,fu2312,fu2312,2874.0,0.0,0.0,0.0,2,2868.0,2871.0,3,2840.0,2840.0,2876.0,2840.0,545.0,15492050.0,8949
2023-05-10 21:13:30,fu2312,fu2312,2874.0,0.0,0.0,0.0,3,2869.0,2872.0,2,2840.0,2840.0,2876.0,2840.0,545.0,15492050.0,8949
2023-05-10 21:13:30,fu2312,fu2312,2874.0,0.0,0.0,0.0,3,2869.0,2872.0,3,2840.0,2840.0,2876.0,2840.0,545.0,15492050.0,8949
2023-05-10 21:13:33,fu2312,fu2312,2874.0,0.0,0.0,0.0,2,2868.0,2871.0,2,2840.0,2840.0,2876.0,2840.0,545.0,15492050.0,8949
2023-05-10 21:13:37,fu2312,fu2312,2871.0,1.0,28710.0,-1.0,3,2869.0,2872.0,2,2840.0,2840.0,2876.0,2840.0,546.0,15520760.0,8948
2023-05-10 21:13:37,fu2312,fu2312,2871.0,0.0,0.0,0.0,4,2869.0,2872.0,3,2840.0,2840.0,2876.0,2840.0,546.0,15520760.0,8948
2023-05-10 21:13:39,fu2312,fu2312,2871.0,0.0,0.0,0.0,3,2868.0,2871.0,1,2840.0,2840.0,2876.0,2840.0,546.0,15520760.0,8948
2023-05-10 21:13:43,fu2312,fu2312,2871.0,0.0,0.0,0.0,3,2867.0,2870.0,1,2840.0,2840.0,2876.0,2840.0,546.0,15520760.0,8948
2023-05-10 21:13:43,fu2312,fu2312,2871.0,0.0,0.0,0.0,3,2867.0,2870.0,1,2840.0,2840.0,2876.0,2840.0,546.0,15520760.0,8948
2023-05-10 21:13:44,fu2312,fu2312,2871.0,0.0,0.0,0.0,3,2867.0,2870.0,1,2840.0,2840.0,2876.0,2840.0,546.0,15520760.0,8948
2023-05-10 21:13:45,fu2312,fu2312,2871.0,0.0,0.0,0.0,4,2868.0,2871.0,2,2840.0,2840.0,2876.0,2840.0,546.0,15520760.0,8948
2023-05-10 21:13:45,fu2312,fu2312,2871.0,0.0,0.0,0.0,1,2868.0,2870.0,1,2840.0,2840.0,2876.0,2840.0,546.0,15520760.0,8948
2023-05-10 21:13:46,fu2312,fu2312,2871.0,0.0,0.0,0.0,3,2867.0,2870.0,1,2840.0,2840.0,2876.0,2840.0,546.0,15520760.0,8948
2023-05-10 21:13:55,fu2312,fu2312,2871.0,0.0,0.0,0.0,3,2866.0,2869.0,1,2840.0,2840.0,2876.0,2840.0,546.0,15520760.0,8948
2023-05-10 21:13:55,fu2312,fu2312,2871.0,0.0,0.0,0.0,3,2866.0,2869.0,2,2840.0,2840.0,2876.0,2840.0,546.0,15520760.0,8948
2023-05-10 21:13:56,fu2312,fu2312,2871.0,0.0,0.0,0.0,3,2866.0,2869.0,2,2840.0,2840.0,2876.0,2840.0,546.0,15520760.0,8948
2023-05-10 21:13:59,fu2312,fu2312,2871.0,0.0,0.0,0.0,3,2865.0,2868.0,1,2840.0,2840.0,2876.0,2840.0,546.0,15520760.0,8948
2023-05-10 21:13:59,fu2312,fu2312,2871.0,0.0,0.0,0.0,3,2865.0,2868.0,1,2840.0,2840.0,2876.0,2840.0,546.0,15520760.0,8948
2023-05-10 21:14:00,fu2312,fu2312,2871.0,0.0,0.0,0.0,3,2865.0,2868.0,1,2840.0,2840.0,2876.0,2840.0,546.0,15520760.0,8948
2023-05-10 21:14:02,fu2312,fu2312,2871.0,0.0,0.0,0.0,4,2866.0,2869.0,3,2840.0,2840.0,2876.0,2840.0,546.0,15520760.0,8948
2023-05-10 21:14:05,fu2312,fu2312,2871.0,0.0,0.0,0.0,3,2865.0,2868.0,1,2840.0,2840.0,2876.0,2840.0,546.0,15520760.0,8948
2023-05-10 21:14:06,fu2312,fu2312,2871.0,0.0,0.0,0.0,4,2866.0,2869.0,3,2840.0,2840.0,2876.0,2840.0,546.0,15520760.0,8948
2023-05-10 21:14:09,fu2312,fu2312,2871.0,0.0,0.0,0.0,4,2866.0,2869.0,2,2840.0,2840.0,2876.0,2840.0,546.0,15520760.0,8948
2023-05-10 21:14:12,fu2312,fu2312,2871.0,0.0,0.0,0.0,4,2866.0,2869.0,3,2840.0,2840.0,2876.0,2840.0,546.0,15520760.0,8948
2023-05-10 21:14:22,fu2312,fu2312,2871.0,0.0,0.0,0.0,3,2865.0,2868.0,1,2840.0,2840.0,2876.0,2840.0,546.0,15520760.0,8948
2023-05-10 21:14:25,fu2312,fu2312,2871.0,0.0,0.0,0.0,4,2866.0,2869.0,3,2840.0,2840.0,2876.0,2840.0,546.0,15520760.0,8948
2023-05-10 21:14:33,fu2312,fu2312,2871.0,0.0,0.0,0.0,3,2867.0,2870.0,1,2840.0,2840.0,2876.0,2840.0,546.0,15520760.0,8948
2023-05-10 21:14:34,fu2312,fu2312,2871.0,0.0,0.0,0.0,3,2867.0,2870.0,2,2840.0,2840.0,2876.0,2840.0,546.0,15520760.0,8948
2023-05-10 21:14:34,fu2312,fu2312,2871.0,0.0,0.0,0.0,3,2866.0,2869.0,1,2840.0,2840.0,2876.0,2840.0,546.0,15520760.0,8948
2023-05-10 21:14:41,fu2312,fu2312,2871.0,0.0,0.0,0.0,4,2867.0,2870.0,3,2840.0,2840.0,2876.0,2840.0,546.0,15520760.0,8948
2023-05-10 21:14:42,fu2312,fu2312,2871.0,0.0,0.0,0.0,3,2866.0,2869.0,1,2840.0,2840.0,2876.0,2840.0,546.0,15520760.0,8948
2023-05-10 21:14:48,fu2312,fu2312,2871.0,0.0,0.0,0.0,3,2865.0,2868.0,1,2840.0,2840.0,2876.0,2840.0,546.0,15520760.0,8948
2023-05-10 21:14:49,fu2312,fu2312,2871.0,0.0,0.0,0.0,3,2865.0,2868.0,1,2840.0,2840.0,2876.0,2840.0,546.0,15520760.0,8948
2023-05-10 21:14:49,fu2312,fu2312,2871.0,0.0,0.0,0.0,3,2865.0,2868.0,1,2840.0,2840.0,2876.0,2840.0,546.0,15520760.0,8948
2023-05-10 21:14:50,fu2312,fu2312,2871.0,0.0,0.0,0.0,3,2865.0,2868.0,1,2840.0,2840.0,2876.0,2840.0,546.0,15520760.0,8948
2023-05-10 21:14:52,fu2312,fu2312,2871.0,0.0,0.0,0.0,4,2866.0,2869.0,2,2840.0,2840.0,2876.0,2840.0,546.0,15520760.0,8948
2023-05-10 21:14:53,fu2312,fu2312,2871.0,0.0,0.0,0.0,3,2865.0,2868.0,1,2840.0,2840.0,2876.0,2840.0,546.0,15520760.0,8948
2023-05-10 21:14:54,fu2312,fu2312,2871.0,0.0,0.0,0.0,3,2864.0,2867.0,2,2840.0,2840.0,2876.0,2840.0,546.0,15520760.0,8948
2023-05-10 21:14:55,fu2312,fu2312,2871.0,0.0,0.0,0.0,3,2864.0,2867.0,1,2840.0,2840.0,2876.0,2840.0,546.0,15520760.0,8948
2023-05-10 21:14:56,fu2312,fu2312,2871.0,0.0,0.0,0.0,4,2865.0,2868.0,3,2840.0,2840.0,2876.0,2840.0,546.0,15520760.0,8948
2023-05-10 21:15:01,fu2312,fu2312,2871.0,0.0,0.0,0.0,4,2865.0,2868.0,3,2840.0,2840.0,2876.0,2840.0,546.0,15520760.0,8948
2023-05-10 21:15:05,fu2312,fu2312,2871.0,0.0,0.0,0.0,3,2866.0,2869.0,1,2840.0,2840.0,2876.0,2840.0,546.0,15520760.0,8948
2023-05-10 21:15:05,fu2312,fu2312,2871.0,0.0,0.0,0.0,3,2866.0,2869.0,2,2840.0,2840.0,2876.0,2840.0,546.0,15520760.0,8948
2023-05-10 21:15:10,fu2312,fu2312,2871.0,0.0,0.0,0.0,3,2865.0,2868.0,1,2840.0,2840.0,2876.0,2840.0,546.0,15520760.0,8948
2023-05-10 21:15:16,fu2312,fu2312,2871.0,0.0,0.0,0.0,3,2864.0,2867.0,1,2840.0,2840.0,2876.0,2840.0,546.0,15520760.0,8948
2023-05-10 21:15:16,fu2312,fu2312,2871.0,0.0,0.0,0.0,3,2864.0,2867.0,1,2840.0,2840.0,2876.0,2840.0,546.0,15520760.0,8948
2023-05-10 21:15:21,fu2312,fu2312,2871.0,0.0,0.0,0.0,4,2865.0,2868.0,2,2840.0,2840.0,2876.0,2840.0,546.0,15520760.0,8948
2023-05-10 21:15:22,fu2312,fu2312,2871.0,0.0,0.0,0.0,3,2864.0,2867.0,2,2840.0,2840.0,2876.0,2840.0,546.0,15520760.0,8948
2023-05-10 21:15:22,fu2312,fu2312,2871.0,0.0,0.0,0.0,3,2865.0,2868.0,2,2840.0,2840.0,2876.0,2840.0,546.0,15520760.0,8948
2023-05-10 21:15:24,fu2312,fu2312,2871.0,0.0,0.0,0.0,3,2864.0,2867.0,2,2840.0,2840.0,2876.0,2840.0,546.0,15520760.0,8948
2023-05-10 21:15:31,fu2312,fu2312,2871.0,0.0,0.0,0.0,3,2864.0,2866.0,1,2840.0,2840.0,2876.0,2840.0,546.0,15520760.0,8948
2023-05-10 21:15:31,fu2312,fu2312,2871.0,0.0,0.0,0.0,3,2863.0,2866.0,2,2840.0,2840.0,2876.0,2840.0,546.0,15520760.0,8948
2023-05-10 21:15:32,fu2312,fu2312,2871.0,0.0,0.0,0.0,4,2864.0,2866.0,1,2840.0,2840.0,2876.0,2840.0,546.0,15520760.0,8948
2023-05-10 21:15:32,fu2312,fu2312,2871.0,0.0,0.0,0.0,4,2864.0,2867.0,1,2840.0,2840.0,2876.0,2840.0,546.0,15520760.0,8948
2023-05-10 21:15:35,fu2312,fu2312,2871.0,0.0,0.0,0.0,3,2865.0,2868.0,1,2840.0,2840.0,2876.0,2840.0,546.0,15520760.0,8948
2023-05-10 21:15:37,fu2312,fu2312,2871.0,0.0,0.0,0.0,3,2864.0,2867.0,2,2840.0,2840.0,2876.0,2840.0,546.0,15520760.0,8948
2023-05-10 21:15:42,fu2312,fu2312,2871.0,0.0,0.0,0.0,4,2865.0,2868.0,2,2840.0,2840.0,2876.0,2840.0,546.0,15520760.0,8948
2023-05-10 21:15:47,fu2312,fu2312,2871.0,0.0,0.0,0.0,3,2864.0,2867.0,1,2840.0,2840.0,2876.0,2840.0,546.0,15520760.0,8948
2023-05-10 21:15:49,fu2312,fu2312,2871.0,0.0,0.0,0.0,3,2863.0,2866.0,1,2840.0,2840.0,2876.0,2840.0,546.0,15520760.0,8948
2023-05-10 21:15:49,fu2312,fu2312,2871.0,0.0,0.0,0.0,3,2863.0,2866.0,1,2840.0,2840.0,2876.0,2840.0,546.0,15520760.0,8948
2023-05-10 21:15:55,fu2312,fu2312,2871.0,0.0,0.0,0.0,3,2864.0,2867.0,2,2840.0,2840.0,2876.0,2840.0,546.0,15520760.0,8948
2023-05-10 21:15:56,fu2312,fu2312,2871.0,0.0,0.0,0.0,3,2863.0,2866.0,1,2840.0,2840.0,2876.0,2840.0,546.0,15520760.0,8948
2023-05-10 21:15:56,fu2312,fu2312,2871.0,0.0,0.0,0.0,4,2864.0,2867.0,2,2840.0,2840.0,2876.0,2840.0,546.0,15520760.0,8948
2023-05-10 21:15:57,fu2312,fu2312,2871.0,0.0,0.0,0.0,3,2863.0,2866.0,1,2840.0,2840.0,2876.0,2840.0,546.0,15520760.0,8948
2023-05-10 21:16:00,fu2312,fu2312,2871.0,0.0,0.0,0.0,4,2864.0,2867.0,2,2840.0,2840.0,2876.0,2840.0,546.0,15520760.0,8948
2023-05-10 21:16:01,fu2312,fu2312,2871.0,0.0,0.0,0.0,3,2864.0,2867.0,2,2840.0,2840.0,2876.0,2840.0,546.0,15520760.0,8948
2023-05-10 21:16:05,fu2312,fu2312,2871.0,0.0,0.0,0.0,2,2865.0,2867.0,1,2840.0,2840.0,2876.0,2840.0,546.0,15520760.0,8948
2023-05-10 21:16:06,fu2312,fu2312,2871.0,0.0,0.0,0.0,3,2865.0,2868.0,1,2840.0,2840.0,2876.0,2840.0,546.0,15520760.0,8948
2023-05-10 21:16:08,fu2312,fu2312,2871.0,0.0,0.0,0.0,3,2866.0,2869.0,2,2840.0,2840.0,2876.0,2840.0,546.0,15520760.0,8948
2023-05-10 21:16:09,fu2312,fu2312,2871.0,0.0,0.0,0.0,3,2866.0,2869.0,2,2840.0,2840.0,2876.0,2840.0,546.0,15520760.0,8948
2023-05-10 21:16:09,fu2312,fu2312,2871.0,0.0,0.0,0.0,3,2866.0,2869.0,2,2840.0,2840.0,2876.0,2840.0,546.0,15520760.0,8948
2023-05-10 21:16:10,fu2312,fu2312,2871.0,0.0,0.0,0.0,3,2865.0,2868.0,1,2840.0,2840.0,2876.0,2840.0,546.0,15520760.0,8948
2023-05-10 21:16:13,fu2312,fu2312,2871.0,0.0,0.0,0.0,3,2864.0,2867.0,1,2840.0,2840.0,2876.0,2840.0,546.0,15520760.0,8948
2023-05-10 21:16:14,fu2312,fu2312,2871.0,0.0,0.0,0.0,3,2864.0,2867.0,1,2840.0,2840.0,2876.0,2840.0,546.0,15520760.0,8948
2023-05-10 21:16:17,fu2312,fu2312,2871.0,0.0,0.0,0.0,3,2865.0,2868.0,2,2840.0,2840.0,2876.0,2840.0,546.0,15520760.0,8948
2023-05-10 21:16:18,fu2312,fu2312,2871.0,0.0,0.0,0.0,3,2865.0,2868.0,2,2840.0,2840.0,2876.0,2840.0,546.0,15520760.0,8948
2023-05-10 21:16:19,fu2312,fu2312,2871.0,0.0,0.0,0.0,3,2864.0,2867.0,1,2840.0,2840.0,2876.0,2840.0,546.0,15520760.0,8948
2023-05-10 21:16:23,fu2312,fu2312,2871.0,0.0,0.0,0.0,3,2863.0,2866.0,1,2840.0,2840.0,2876.0,2840.0,546.0,15520760.0,8948
2023-05-10 21:16:24,fu2312,fu2312,2871.0,0.0,0.0,0.0,3,2863.0,2866.0,1,2840.0,2840.0,2876.0,2840.0,546.0,15520760.0,8948
2023-05-10 21:16:24,fu2312,fu2312,2871.0,0.0,0.0,0.0,3,2864.0,2867.0,2,2840.0,2840.0,2876.0,2840.0,546.0,15520760.0,8948
2023-05-10 21:16:27,fu2312,fu2312,2871.0,0.0,0.0,0.0,3,2865.0,2868.0,1,2840.0,2840.0,2876.0,2840.0,546.0,15520760.0,8948
2023-05-10 21:16:37,fu2312,fu2312,2871.0,0.0,0.0,0.0,3,2864.0,2867.0,1,2840.0,2840.0,2876.0,2840.0,546.0,15520760.0,8948
2023-05-10 21:16:39,fu2312,fu2312,2871.0,0.0,0.0,0.0,3,2865.0,2868.0,2,2840.0,2840.0,2876.0,2840.0,546.0,15520760.0,8948
2023-05-10 21:16:41,fu2312,fu2312,2871.0,0.0,0.0,0.0,3,2864.0,2867.0,1,2840.0,2840.0,2876.0,2840.0,546.0,15520760.0,8948
2023-05-10 21:16:41,fu2312,fu2312,2871.0,0.0,0.0,0.0,3,2865.0,2868.0,2,2840.0,2840.0,2876.0,2840.0,546.0,15520760.0,8948
2023-05-10 21:16:47,fu2312,fu2312,2871.0,0.0,0.0,0.0,4,2866.0,2869.0,2,2840.0,2840.0,2876.0,2840.0,546.0,15520760.0,8948
2023-05-10 21:16:48,fu2312,fu2312,2871.0,0.0,0.0,0.0,4,2866.0,2869.0,2,2840.0,2840.0,2876.0,2840.0,546.0,15520760.0,8948
2023-05-10 21:16:48,fu2312,fu2312,2871.0,0.0,0.0,0.0,4,2866.0,2869.0,2,2840.0,2840.0,2876.0,2840.0,546.0,15520760.0,8948
2023-05-10 21:16:50,fu2312,fu2312,2871.0,0.0,0.0,0.0,3,2865.0,2868.0,1,2840.0,2840.0,2876.0,2840.0,546.0,15520760.0,8948
2023-05-10 21:16:52,fu2312,fu2312,2871.0,0.0,0.0,0.0,4,2866.0,2869.0,3,2840.0,2840.0,2876.0,2840.0,546.0,15520760.0,8948
2023-05-10 21:16:53,fu2312,fu2312,2871.0,0.0,0.0,0.0,3,2865.0,2868.0,1,2840.0,2840.0,2876.0,2840.0,546.0,15520760.0,8948
2023-05-10 21:16:54,fu2312,fu2312,2871.0,0.0,0.0,0.0,4,2866.0,2869.0,3,2840.0,2840.0,2876.0,2840.0,546.0,15520760.0,8948
2023-05-10 21:16:55,fu2312,fu2312,2871.0,0.0,0.0,0.0,3,2867.0,2870.0,1,2840.0,2840.0,2876.0,2840.0,546.0,15520760.0,8948
2023-05-10 21:16:56,fu2312,fu2312,2871.0,0.0,0.0,0.0,3,2867.0,2870.0,1,2840.0,2840.0,2876.0,2840.0,546.0,15520760.0,8948
2023-05-10 21:16:56,fu2312,fu2312,2871.0,0.0,0.0,0.0,3,2866.0,2869.0,1,2840.0,2840.0,2876.0,2840.0,546.0,15520760.0,8948
2023-05-10 21:16:57,fu2312,fu2312,2871.0,0.0,0.0,0.0,3,2867.0,2869.0,1,2840.0,2840.0,2876.0,2840.0,546.0,15520760.0,8948
2023-05-10 21:16:58,fu2312,fu2312,2871.0,0.0,0.0,0.0,4,2867.0,2870.0,2,2840.0,2840.0,2876.0,2840.0,546.0,15520760.0,8948
2023-05-10 21:17:01,fu2312,fu2312,2871.0,0.0,0.0,0.0,3,2866.0,2869.0,1,2840.0,2840.0,2876.0,2840.0,546.0,15520760.0,8948
2023-05-10 21:17:02,fu2312,fu2312,2871.0,0.0,0.0,0.0,4,2867.0,2870.0,2,2840.0,2840.0,2876.0,2840.0,546.0,15520760.0,8948
2023-05-10 21:17:06,fu2312,fu2312,2871.0,0.0,0.0,0.0,3,2866.0,2869.0,1,2840.0,2840.0,2876.0,2840.0,546.0,15520760.0,8948
2023-05-10 21:17:13,fu2312,fu2312,2871.0,0.0,0.0,0.0,3,2865.0,2868.0,1,2840.0,2840.0,2876.0,2840.0,546.0,15520760.0,8948
2023-05-10 21:17:13,fu2312,fu2312,2871.0,0.0,0.0,0.0,3,2865.0,2868.0,1,2840.0,2840.0,2876.0,2840.0,546.0,15520760.0,8948
2023-05-10 21:17:14,fu2312,fu2312,2871.0,0.0,0.0,0.0,4,2866.0,2869.0,2,2840.0,2840.0,2876.0,2840.0,546.0,15520760.0,8948
2023-05-10 21:17:15,fu2312,fu2312,2871.0,0.0,0.0,0.0,3,2865.0,2868.0,1,2840.0,2840.0,2876.0,2840.0,546.0,15520760.0,8948
2023-05-10 21:17:16,fu2312,fu2312,2871.0,0.0,0.0,0.0,4,2866.0,2869.0,2,2840.0,2840.0,2876.0,2840.0,546.0,15520760.0,8948
2023-05-10 21:17:36,fu2312,fu2312,2871.0,0.0,0.0,0.0,3,2865.0,2868.0,1,2840.0,2840.0,2876.0,2840.0,546.0,15520760.0,8948
2023-05-10 21:17:38,fu2312,fu2312,2871.0,0.0,0.0,0.0,4,2866.0,2869.0,2,2840.0,2840.0,2876.0,2840.0,546.0,15520760.0,8948
2023-05-10 21:17:39,fu2312,fu2312,2871.0,0.0,0.0,0.0,3,2865.0,2868.0,1,2840.0,2840.0,2876.0,2840.0,546.0,15520760.0,8948
2023-05-10 21:17:41,fu2312,fu2312,2871.0,0.0,0.0,0.0,4,2866.0,2869.0,2,2840.0,2840.0,2876.0,2840.0,546.0,15520760.0,8948
2023-05-10 21:18:01,fu2312,fu2312,2871.0,0.0,0.0,0.0,3,2865.0,2868.0,1,2840.0,2840.0,2876.0,2840.0,546.0,15520760.0,8948
2023-05-10 21:18:02,fu2312,fu2312,2871.0,0.0,0.0,0.0,4,2866.0,2869.0,2,2840.0,2840.0,2876.0,2840.0,546.0,15520760.0,8948
2023-05-10 21:18:06,fu2312,fu2312,2871.0,0.0,0.0,0.0,3,2867.0,2870.0,1,2840.0,2840.0,2876.0,2840.0,546.0,15520760.0,8948
2023-05-10 21:18:11,fu2312,fu2312,2871.0,0.0,0.0,0.0,4,2868.0,2871.0,2,2840.0,2840.0,2876.0,2840.0,546.0,15520760.0,8948
2023-05-10 21:18:12,fu2312,fu2312,2871.0,0.0,0.0,0.0,4,2868.0,2871.0,2,2840.0,2840.0,2876.0,2840.0,546.0,15520760.0,8948
2023-05-10 21:18:12,fu2312,fu2312,2871.0,0.0,0.0,0.0,4,2868.0,2871.0,2,2840.0,2840.0,2876.0,2840.0,546.0,15520760.0,8948
2023-05-10 21:18:13,fu2312,fu2312,2871.0,0.0,0.0,0.0,4,2868.0,2871.0,1,2840.0,2840.0,2876.0,2840.0,546.0,15520760.0,8948
2023-05-10 21:18:14,fu2312,fu2312,2871.0,0.0,0.0,0.0,3,2869.0,2872.0,1,2840.0,2840.0,2876.0,2840.0,546.0,15520760.0,8948
2023-05-10 21:18:15,fu2312,fu2312,2871.0,0.0,0.0,0.0,3,2869.0,2872.0,1,2840.0,2840.0,2876.0,2840.0,546.0,15520760.0,8948
2023-05-10 21:18:21,fu2312,fu2312,2871.0,0.0,0.0,0.0,3,2868.0,2871.0,1,2840.0,2840.0,2876.0,2840.0,546.0,15520760.0,8948
2023-05-10 21:18:21,fu2312,fu2312,2871.0,0.0,0.0,0.0,3,2867.0,2870.0,1,2840.0,2840.0,2876.0,2840.0,546.0,15520760.0,8948
2023-05-10 21:18:22,fu2312,fu2312,2871.0,0.0,0.0,0.0,3,2867.0,2870.0,1,2840.0,2840.0,2876.0,2840.0,546.0,15520760.0,8948
2023-05-10 21:18:25,fu2312,fu2312,2871.0,0.0,0.0,0.0,4,2868.0,2871.0,2,2840.0,2840.0,2876.0,2840.0,546.0,15520760.0,8948
2023-05-10 21:18:32,fu2312,fu2312,2871.0,0.0,0.0,0.0,3,2869.0,2872.0,1,2840.0,2840.0,2876.0,2840.0,546.0,15520760.0,8948
2023-05-10 21:18:49,fu2312,fu2312,2871.0,0.0,0.0,0.0,4,2870.0,2873.0,2,2840.0,2840.0,2876.0,2840.0,546.0,15520760.0,8948
2023-05-10 21:18:50,fu2312,fu2312,2871.0,0.0,0.0,0.0,4,2870.0,2873.0,2,2840.0,2840.0,2876.0,2840.0,546.0,15520760.0,8948
2023-05-10 21:18:50,fu2312,fu2312,2871.0,0.0,0.0,0.0,4,2870.0,2873.0,2,2840.0,2840.0,2876.0,2840.0,546.0,15520760.0,8948
2023-05-10 21:18:52,fu2312,fu2312,2871.0,0.0,0.0,0.0,3,2869.0,2872.0,1,2840.0,2840.0,2876.0,2840.0,546.0,15520760.0,8948
2023-05-10 21:18:56,fu2312,fu2312,2871.0,0.0,0.0,0.0,3,2868.0,2871.0,1,2840.0,2840.0,2876.0,2840.0,546.0,15520760.0,8948
2023-05-10 21:18:57,fu2312,fu2312,2871.0,0.0,0.0,0.0,3,2868.0,2871.0,1,2840.0,2840.0,2876.0,2840.0,546.0,15520760.0,8948
2023-05-10 21:19:02,fu2312,fu2312,2871.0,0.0,0.0,0.0,4,2869.0,2872.0,2,2840.0,2840.0,2876.0,2840.0,546.0,15520760.0,8948
2023-05-10 21:19:03,fu2312,fu2312,2871.0,0.0,0.0,0.0,3,2870.0,2873.0,2,2840.0,2840.0,2876.0,2840.0,546.0,15520760.0,8948
2023-05-10 21:19:04,fu2312,fu2312,2871.0,0.0,0.0,0.0,3,2870.0,2873.0,2,2840.0,2840.0,2876.0,2840.0,546.0,15520760.0,8948
2023-05-10 21:19:04,fu2312,fu2312,2871.0,0.0,0.0,0.0,3,2871.0,2874.0,1,2840.0,2840.0,2876.0,2840.0,546.0,15520760.0,8948
2023-05-10 21:19:05,fu2312,fu2312,2871.0,0.0,0.0,0.0,3,2871.0,2874.0,1,2840.0,2840.0,2876.0,2840.0,546.0,15520760.0,8948
2023-05-10 21:19:05,fu2312,fu2312,2871.0,0.0,0.0,0.0,3,2872.0,2875.0,4,2840.0,2840.0,2876.0,2840.0,546.0,15520760.0,8948
2023-05-10 21:19:06,fu2312,fu2312,2871.0,0.0,0.0,0.0,3,2872.0,2875.0,14,2840.0,2840.0,2876.0,2840.0,546.0,15520760.0,8948
2023-05-10 21:19:06,fu2312,fu2312,2872.0,3.0,86160.0,2.0,2,2869.0,2875.0,14,2840.0,2840.0,2876.0,2840.0,549.0,15606920.0,8950
2023-05-10 21:19:07,fu2312,fu2312,2872.0,0.0,0.0,0.0,2,2870.0,2875.0,17,2840.0,2840.0,2876.0,2840.0,549.0,15606920.0,8950
2023-05-10 21:19:07,fu2312,fu2312,2872.0,0.0,0.0,0.0,1,2871.0,2874.0,1,2840.0,2840.0,2876.0,2840.0,549.0,15606920.0,8950
2023-05-10 21:19:08,fu2312,fu2312,2872.0,0.0,0.0,0.0,1,2871.0,2874.0,2,2840.0,2840.0,2876.0,2840.0,549.0,15606920.0,8950
2023-05-10 21:19:11,fu2312,fu2312,2872.0,0.0,0.0,0.0,2,2870.0,2873.0,4,2840.0,2840.0,2876.0,2840.0,549.0,15606920.0,8950
2023-05-10 21:19:12,fu2312,fu2312,2872.0,0.0,0.0,0.0,2,2870.0,2873.0,4,2840.0,2840.0,2876.0,2840.0,549.0,15606920.0,8950
2023-05-10 21:19:13,fu2312,fu2312,2872.0,0.0,0.0,0.0,1,2871.0,2873.0,2,2840.0,2840.0,2876.0,2840.0,549.0,15606920.0,8950
2023-05-10 21:19:14,fu2312,fu2312,2872.0,0.0,0.0,0.0,3,2870.0,2873.0,2,2840.0,2840.0,2876.0,2840.0,549.0,15606920.0,8950
2023-05-10 21:19:17,fu2312,fu2312,2872.0,0.0,0.0,0.0,3,2870.0,2875.0,7,2840.0,2840.0,2876.0,2840.0,549.0,15606920.0,8950
2023-05-10 21:19:18,fu2312,fu2312,2872.0,0.0,0.0,0.0,3,2870.0,2875.0,17,2840.0,2840.0,2876.0,2840.0,549.0,15606920.0,8950
2023-05-10 21:19:19,fu2312,fu2312,2872.0,0.0,0.0,0.0,3,2870.0,2875.0,5,2840.0,2840.0,2876.0,2840.0,549.0,15606920.0,8950
2023-05-10 21:19:20,fu2312,fu2312,2872.0,0.0,0.0,0.0,3,2870.0,2875.0,5,2840.0,2840.0,2876.0,2840.0,549.0,15606920.0,8950
2023-05-10 21:19:20,fu2312,fu2312,2872.0,0.0,0.0,0.0,4,2870.0,2875.0,5,2840.0,2840.0,2876.0,2840.0,549.0,15606920.0,8950
2023-05-10 21:19:23,fu2312,fu2312,2872.0,0.0,0.0,0.0,4,2870.0,2875.0,4,2840.0,2840.0,2876.0,2840.0,549.0,15606920.0,8950
2023-05-10 21:19:24,fu2312,fu2312,2872.0,0.0,0.0,0.0,4,2870.0,2875.0,5,2840.0,2840.0,2876.0,2840.0,549.0,15606920.0,8950
2023-05-10 21:19:25,fu2312,fu2312,2872.0,0.0,0.0,0.0,4,2870.0,2874.0,1,2840.0,2840.0,2876.0,2840.0,549.0,15606920.0,8950
2023-05-10 21:19:25,fu2312,fu2312,2872.0,0.0,0.0,0.0,4,2870.0,2875.0,5,2840.0,2840.0,2876.0,2840.0,549.0,15606920.0,8950
2023-05-10 21:19:31,fu2312,fu2312,2872.0,0.0,0.0,0.0,4,2870.0,2874.0,1,2840.0,2840.0,2876.0,2840.0,549.0,15606920.0,8950
2023-05-10 21:19:32,fu2312,fu2312,2872.0,0.0,0.0,0.0,4,2870.0,2874.0,1,2840.0,2840.0,2876.0,2840.0,549.0,15606920.0,8950
2023-05-10 21:19:32,fu2312,fu2312,2872.0,0.0,0.0,0.0,1,2867.0,2873.0,6,2840.0,2840.0,2876.0,2840.0,549.0,15606920.0,8950
2023-05-10 21:19:33,fu2312,fu2312,2872.0,0.0,0.0,0.0,4,2868.0,2873.0,6,2840.0,2840.0,2876.0,2840.0,549.0,15606920.0,8950
2023-05-10 21:19:35,fu2312,fu2312,2872.0,0.0,0.0,0.0,4,2868.0,2873.0,5,2840.0,2840.0,2876.0,2840.0,549.0,15606920.0,8950
2023-05-10 21:19:42,fu2312,fu2312,2872.0,0.0,0.0,0.0,4,2868.0,2873.0,5,2840.0,2840.0,2876.0,2840.0,549.0,15606920.0,8950
2023-05-10 21:19:52,fu2312,fu2312,2872.0,0.0,0.0,0.0,4,2868.0,2873.0,5,2840.0,2840.0,2876.0,2840.0,549.0,15606920.0,8950
2023-05-10 21:19:53,fu2312,fu2312,2872.0,0.0,0.0,0.0,4,2868.0,2873.0,5,2840.0,2840.0,2876.0,2840.0,549.0,15606920.0,8950
2023-05-10 21:19:53,fu2312,fu2312,2872.0,0.0,0.0,0.0,4,2868.0,2872.0,1,2840.0,2840.0,2876.0,2840.0,549.0,15606920.0,8950
2023-05-10 21:20:02,fu2312,fu2312,2872.0,0.0,0.0,0.0,4,2868.0,2873.0,5,2840.0,2840.0,2876.0,2840.0,549.0,15606920.0,8950
2023-05-10 21:20:03,fu2312,fu2312,2872.0,0.0,0.0,0.0,4,2868.0,2872.0,1,2840.0,2840.0,2876.0,2840.0,549.0,15606920.0,8950
2023-05-10 21:20:06,fu2312,fu2312,2872.0,0.0,0.0,0.0,4,2868.0,2872.0,2,2840.0,2840.0,2876.0,2840.0,549.0,15606920.0,8950
2023-05-10 21:20:08,fu2312,fu2312,2872.0,0.0,0.0,0.0,4,2868.0,2872.0,1,2840.0,2840.0,2876.0,2840.0,549.0,15606920.0,8950
2023-05-10 21:20:17,fu2312,fu2312,2872.0,0.0,0.0,0.0,4,2868.0,2873.0,4,2840.0,2840.0,2876.0,2840.0,549.0,15606920.0,8950
2023-05-10 21:20:21,fu2312,fu2312,2872.0,0.0,0.0,0.0,4,2868.0,2873.0,4,2840.0,2840.0,2876.0,2840.0,549.0,15606920.0,8950
2023-05-10 21:20:24,fu2312,fu2312,2872.0,0.0,0.0,0.0,4,2868.0,2873.0,4,2840.0,2840.0,2876.0,2840.0,549.0,15606920.0,8950
2023-05-10 21:20:25,fu2312,fu2312,2872.0,0.0,0.0,0.0,4,2868.0,2873.0,4,2840.0,2840.0,2876.0,2840.0,549.0,15606920.0,8950
2023-05-10 21:20:43,fu2312,fu2312,2872.0,0.0,0.0,0.0,3,2868.0,2871.0,4,2840.0,2840.0,2876.0,2840.0,549.0,15606920.0,8950
2023-05-10 21:20:43,fu2312,fu2312,2872.0,0.0,0.0,0.0,3,2868.0,2871.0,4,2840.0,2840.0,2876.0,2840.0,549.0,15606920.0,8950
2023-05-10 21:20:50,fu2312,fu2312,2872.0,0.0,0.0,0.0,1,2866.0,2871.0,4,2840.0,2840.0,2876.0,2840.0,549.0,15606920.0,8950
2023-05-10 21:20:50,fu2312,fu2312,2872.0,0.0,0.0,0.0,1,2866.0,2871.0,4,2840.0,2840.0,2876.0,2840.0,549.0,15606920.0,8950
2023-05-10 21:20:51,fu2312,fu2312,2872.0,0.0,0.0,0.0,1,2866.0,2871.0,4,2840.0,2840.0,2876.0,2840.0,549.0,15606920.0,8950
2023-05-10 21:20:53,fu2312,fu2312,2872.0,0.0,0.0,0.0,1,2866.0,2870.0,1,2840.0,2840.0,2876.0,2840.0,549.0,15606920.0,8950
2023-05-10 21:20:56,fu2312,fu2312,2872.0,0.0,0.0,0.0,2,2865.0,2869.0,4,2840.0,2840.0,2876.0,2840.0,549.0,15606920.0,8950
2023-05-10 21:20:57,fu2312,fu2312,2872.0,0.0,0.0,0.0,1,2864.0,2869.0,4,2840.0,2840.0,2876.0,2840.0,549.0,15606920.0,8950
2023-05-10 21:20:57,fu2312,fu2312,2872.0,0.0,0.0,0.0,1,2864.0,2869.0,4,2840.0,2840.0,2876.0,2840.0,549.0,15606920.0,8950
2023-05-10 21:21:07,fu2312,fu2312,2872.0,0.0,0.0,0.0,1,2864.0,2869.0,4,2840.0,2840.0,2876.0,2840.0,549.0,15606920.0,8950
2023-05-10 21:21:17,fu2312,fu2312,2872.0,0.0,0.0,0.0,2,2863.0,2867.0,4,2840.0,2840.0,2876.0,2840.0,549.0,15606920.0,8950
2023-05-10 21:21:18,fu2312,fu2312,2872.0,0.0,0.0,0.0,3,2863.0,2867.0,4,2840.0,2840.0,2876.0,2840.0,549.0,15606920.0,8950
2023-05-10 21:21:18,fu2312,fu2312,2872.0,0.0,0.0,0.0,3,2863.0,2867.0,4,2840.0,2840.0,2876.0,2840.0,549.0,15606920.0,8950
2023-05-10 21:21:21,fu2312,fu2312,2863.0,1.0,28630.0,1.0,2,2863.0,2867.0,4,2840.0,2840.0,2876.0,2840.0,550.0,15635550.0,8951
2023-05-10 21:21:22,fu2312,fu2312,2863.0,0.0,0.0,0.0,1,2863.0,2867.0,4,2840.0,2840.0,2876.0,2840.0,550.0,15635550.0,8951
2023-05-10 21:21:23,fu2312,fu2312,2863.0,0.0,0.0,0.0,1,2861.0,2866.0,2,2840.0,2840.0,2876.0,2840.0,550.0,15635550.0,8951
2023-05-10 21:21:23,fu2312,fu2312,2863.0,0.0,0.0,0.0,1,2863.0,2866.0,2,2840.0,2840.0,2876.0,2840.0,550.0,15635550.0,8951
2023-05-10 21:21:24,fu2312,fu2312,2863.0,0.0,0.0,0.0,1,2861.0,2866.0,2,2840.0,2840.0,2876.0,2840.0,550.0,15635550.0,8951
2023-05-10 21:21:24,fu2312,fu2312,2863.0,0.0,0.0,0.0,1,2862.0,2866.0,2,2840.0,2840.0,2876.0,2840.0,550.0,15635550.0,8951
2023-05-10 21:21:30,fu2312,fu2312,2863.0,0.0,0.0,0.0,1,2862.0,2866.0,2,2840.0,2840.0,2876.0,2840.0,550.0,15635550.0,8951
2023-05-10 21:21:32,fu2312,fu2312,2863.0,0.0,0.0,0.0,1,2862.0,2867.0,4,2840.0,2840.0,2876.0,2840.0,550.0,15635550.0,8951
2023-05-10 21:21:32,fu2312,fu2312,2863.0,0.0,0.0,0.0,1,2862.0,2867.0,4,2840.0,2840.0,2876.0,2840.0,550.0,15635550.0,8951
2023-05-10 21:21:34,fu2312,fu2312,2863.0,0.0,0.0,0.0,1,2863.0,2867.0,4,2840.0,2840.0,2876.0,2840.0,550.0,15635550.0,8951
2023-05-10 21:21:35,fu2312,fu2312,2863.0,0.0,0.0,0.0,1,2863.0,2867.0,4,2840.0,2840.0,2876.0,2840.0,550.0,15635550.0,8951
2023-05-10 21:21:36,fu2312,fu2312,2863.0,0.0,0.0,0.0,1,2862.0,2867.0,4,2840.0,2840.0,2876.0,2840.0,550.0,15635550.0,8951
2023-05-10 21:21:38,fu2312,fu2312,2863.0,0.0,0.0,0.0,1,2861.0,2865.0,4,2840.0,2840.0,2876.0,2840.0,550.0,15635550.0,8951
2023-05-10 21:21:39,fu2312,fu2312,2863.0,0.0,0.0,0.0,1,2861.0,2865.0,4,2840.0,2840.0,2876.0,2840.0,550.0,15635550.0,8951
2023-05-10 21:21:39,fu2312,fu2312,2863.0,0.0,0.0,0.0,1,2861.0,2865.0,4,2840.0,2840.0,2876.0,2840.0,550.0,15635550.0,8951
2023-05-10 21:21:44,fu2312,fu2312,2863.0,0.0,0.0,0.0,2,2860.0,2865.0,4,2840.0,2840.0,2876.0,2840.0,550.0,15635550.0,8951
2023-05-10 21:21:51,fu2312,fu2312,2863.0,0.0,0.0,0.0,1,2861.0,2865.0,4,2840.0,2840.0,2876.0,2840.0,550.0,15635550.0,8951
2023-05-10 21:21:54,fu2312,fu2312,2863.0,0.0,0.0,0.0,1,2861.0,2865.0,4,2840.0,2840.0,2876.0,2840.0,550.0,15635550.0,8951
2023-05-10 21:21:57,fu2312,fu2312,2863.0,0.0,0.0,0.0,1,2861.0,2865.0,4,2840.0,2840.0,2876.0,2840.0,550.0,15635550.0,8951
2023-05-10 21:21:57,fu2312,fu2312,2863.0,0.0,0.0,0.0,1,2861.0,2863.0,4,2840.0,2840.0,2876.0,2840.0,550.0,15635550.0,8951
2023-05-10 21:21:58,fu2312,fu2312,2863.0,0.0,0.0,0.0,1,2861.0,2863.0,4,2840.0,2840.0,2876.0,2840.0,550.0,15635550.0,8951
2023-05-10 21:21:58,fu2312,fu2312,2863.0,0.0,0.0,0.0,1,2859.0,2863.0,4,2840.0,2840.0,2876.0,2840.0,550.0,15635550.0,8951
2023-05-10 21:21:59,fu2312,fu2312,2863.0,0.0,0.0,0.0,2,2858.0,2862.0,1,2840.0,2840.0,2876.0,2840.0,550.0,15635550.0,8951
2023-05-10 21:22:00,fu2312,fu2312,2863.0,0.0,0.0,0.0,2,2858.0,2862.0,1,2840.0,2840.0,2876.0,2840.0,550.0,15635550.0,8951
2023-05-10 21:22:00,fu2312,fu2312,2863.0,0.0,0.0,0.0,2,2858.0,2862.0,1,2840.0,2840.0,2876.0,2840.0,550.0,15635550.0,8951
2023-05-10 21:22:01,fu2312,fu2312,2863.0,0.0,0.0,0.0,1,2859.0,2862.0,1,2840.0,2840.0,2876.0,2840.0,550.0,15635550.0,8951
2023-05-10 21:22:02,fu2312,fu2312,2863.0,0.0,0.0,0.0,1,2860.0,2863.0,4,2840.0,2840.0,2876.0,2840.0,550.0,15635550.0,8951
2023-05-10 21:22:02,fu2312,fu2312,2863.0,0.0,0.0,0.0,1,2860.0,2863.0,4,2840.0,2840.0,2876.0,2840.0,550.0,15635550.0,8951
2023-05-10 21:22:11,fu2312,fu2312,2863.0,0.0,0.0,0.0,1,2859.0,2863.0,4,2840.0,2840.0,2876.0,2840.0,550.0,15635550.0,8951
2023-05-10 21:22:13,fu2312,fu2312,2863.0,0.0,0.0,0.0,1,2860.0,2863.0,4,2840.0,2840.0,2876.0,2840.0,550.0,15635550.0,8951
2023-05-10 21:22:13,fu2312,fu2312,2863.0,0.0,0.0,0.0,2,2859.0,2863.0,4,2840.0,2840.0,2876.0,2840.0,550.0,15635550.0,8951
2023-05-10 21:22:15,fu2312,fu2312,2863.0,0.0,0.0,0.0,2,2859.0,2863.0,4,2840.0,2840.0,2876.0,2840.0,550.0,15635550.0,8951
2023-05-10 21:22:16,fu2312,fu2312,2863.0,0.0,0.0,0.0,2,2859.0,2862.0,1,2840.0,2840.0,2876.0,2840.0,550.0,15635550.0,8951
