time,symbol_id,symbol_name,last,trade_volume,trade_amount,open_interest_change,bv1,bp1,ap1,av1,yesterday_close,today_open,today_high,today_low,volume,amount,open_interest
2023-05-10 20:59:00,fu2310,fu2310,2925.0,76.0,2223000.0,76.0,4,2925.0,2936.0,21,2909.0,2925.0,2925.0,2925.0,76.0,2223000.0,29480
2023-05-10 21:00:00,fu2310,fu2310,2925.0,0.0,0.0,0.0,1,2926.0,2936.0,21,2909.0,2925.0,2925.0,2925.0,76.0,2223000.0,29480
2023-05-10 21:00:01,fu2310,fu2310,2936.0,3.0,88080.0,-3.0,1,2934.0,2936.0,18,2909.0,2925.0,2936.0,2925.0,79.0,2311080.0,29477
2023-05-10 21:00:01,fu2310,fu2310,2934.0,2.0,58680.0,-1.0,7,2934.0,2936.0,18,2909.0,2925.0,2936.0,2925.0,81.0,2369760.0,29476
2023-05-10 21:00:02,fu2310,fu2310,2936.0,1.0,29360.0,-1.0,1,2935.0,2936.0,17,2909.0,2925.0,2936.0,2925.0,82.0,2399120.0,29475
2023-05-10 21:00:02,fu2310,fu2310,2936.0,8.0,234880.0,-2.0,16,2935.0,2936.0,9,2909.0,2925.0,2936.0,2925.0,90.0,2634000.0,29473
2023-05-10 21:00:03,fu2310,fu2310,2937.0,10.0,293610.0,1.0,17,2935.0,2937.0,5,2909.0,2925.0,2937.0,2925.0,100.0,2927610.0,29474
2023-05-10 21:00:03,fu2310,fu2310,2937.0,0.0,0.0,0.0,2,2935.0,2937.0,5,2909.0,2925.0,2937.0,2925.0,100.0,2927610.0,29474
2023-05-10 21:00:04,fu2310,fu2310,2937.0,1.0,29370.0,1.0,16,2935.0,2937.0,4,2909.0,2925.0,2937.0,2925.0,101.0,2956980.0,29475
2023-05-10 21:00:04,fu2310,fu2310,2937.0,4.0,117480.0,4.0,1,2939.0,2940.0,20,2909.0,2925.0,2937.0,2925.0,105.0,3074460.0,29479
2023-05-10 21:00:05,fu2310,fu2310,2937.0,2.0,58760.0,1.0,9,2937.0,2939.0,3,2909.0,2925.0,2939.0,2925.0,107.0,3133220.0,29480
2023-05-10 21:00:05,fu2310,fu2310,2937.0,9.0,264330.0,0.0,7,2933.0,2938.0,17,2909.0,2925.0,2939.0,2925.0,116.0,3397550.0,29480
2023-05-10 21:00:06,fu2310,fu2310,2937.0,0.0,0.0,0.0,16,2933.0,2938.0,22,2909.0,2925.0,2939.0,2925.0,116.0,3397550.0,29480
2023-05-10 21:00:06,fu2310,fu2310,2937.0,0.0,0.0,0.0,16,2933.0,2938.0,4,2909.0,2925.0,2939.0,2925.0,116.0,3397550.0,29480
2023-05-10 21:00:07,fu2310,fu2310,2937.0,0.0,0.0,0.0,16,2933.0,2938.0,22,2909.0,2925.0,2939.0,2925.0,116.0,3397550.0,29480
2023-05-10 21:00:08,fu2310,fu2310,2937.0,0.0,0.0,0.0,2,2933.0,2937.0,2,2909.0,2925.0,2939.0,2925.0,116.0,3397550.0,29480
2023-05-10 21:00:08,fu2310,fu2310,2937.0,0.0,0.0,0.0,2,2933.0,2937.0,21,2909.0,2925.0,2939.0,2925.0,116.0,3397550.0,29480
2023-05-10 21:00:09,fu2310,fu2310,2937.0,0.0,0.0,0.0,7,2931.0,2936.0,2,2909.0,2925.0,2939.0,2925.0,116.0,3397550.0,29480
2023-05-10 21:00:09,fu2310,fu2310,2937.0,0.0,0.0,0.0,2,2933.0,2936.0,21,2909.0,2925.0,2939.0,2925.0,116.0,3397550.0,29480
2023-05-10 21:00:10,fu2310,fu2310,2937.0,0.0,0.0,0.0,2,2933.0,2936.0,21,2909.0,2925.0,2939.0,2925.0,116.0,3397550.0,29480
2023-05-10 21:00:10,fu2310,fu2310,2937.0,0.0,0.0,0.0,2,2933.0,2935.0,2,2909.0,2925.0,2939.0,2925.0,116.0,3397550.0,29480
2023-05-10 21:00:11,fu2310,fu2310,2937.0,0.0,0.0,0.0,2,2933.0,2935.0,21,2909.0,2925.0,2939.0,2925.0,116.0,3397550.0,29480
2023-05-10 21:00:11,fu2310,fu2310,2937.0,0.0,0.0,0.0,2,2933.0,2935.0,21,2909.0,2925.0,2939.0,2925.0,116.0,3397550.0,29480
2023-05-10 21:00:12,fu2310,fu2310,2937.0,0.0,0.0,0.0,2,2933.0,2935.0,21,2909.0,2925.0,2939.0,2925.0,116.0,3397550.0,29480
2023-05-10 21:00:12,fu2310,fu2310,2937.0,0.0,0.0,0.0,2,2933.0,2936.0,3,2909.0,2925.0,2939.0,2925.0,116.0,3397550.0,29480
2023-05-10 21:00:13,fu2310,fu2310,2937.0,0.0,0.0,0.0,2,2933.0,2936.0,21,2909.0,2925.0,2939.0,2925.0,116.0,3397550.0,29480
2023-05-10 21:00:13,fu2310,fu2310,2933.0,1.0,29330.0,0.0,1,2933.0,2936.0,21,2909.0,2925.0,2939.0,2925.0,117.0,3426880.0,29480
2023-05-10 21:00:14,fu2310,fu2310,2933.0,1.0,29330.0,0.0,3,2931.0,2935.0,2,2909.0,2925.0,2939.0,2925.0,118.0,3456210.0,29480
2023-05-10 21:00:15,fu2310,fu2310,2933.0,0.0,0.0,0.0,3,2931.0,2935.0,21,2909.0,2925.0,2939.0,2925.0,118.0,3456210.0,29480
2023-05-10 21:00:17,fu2310,fu2310,2933.0,0.0,0.0,0.0,10,2931.0,2935.0,1,2909.0,2925.0,2939.0,2925.0,118.0,3456210.0,29480
2023-05-10 21:00:18,fu2310,fu2310,2935.0,1.0,29350.0,0.0,5,2935.0,2936.0,17,2909.0,2925.0,2939.0,2925.0,119.0,3485560.0,29480
2023-05-10 21:00:18,fu2310,fu2310,2935.0,0.0,0.0,0.0,5,2935.0,2937.0,16,2909.0,2925.0,2939.0,2925.0,119.0,3485560.0,29480
2023-05-10 21:00:19,fu2310,fu2310,2935.0,1.0,29350.0,0.0,4,2935.0,2937.0,20,2909.0,2925.0,2939.0,2925.0,120.0,3514910.0,29480
2023-05-10 21:00:19,fu2310,fu2310,2935.0,0.0,0.0,0.0,4,2935.0,2937.0,20,2909.0,2925.0,2939.0,2925.0,120.0,3514910.0,29480
2023-05-10 21:00:20,fu2310,fu2310,2935.0,0.0,0.0,0.0,4,2935.0,2937.0,20,2909.0,2925.0,2939.0,2925.0,120.0,3514910.0,29480
2023-05-10 21:00:21,fu2310,fu2310,2935.0,0.0,0.0,0.0,4,2935.0,2937.0,20,2909.0,2925.0,2939.0,2925.0,120.0,3514910.0,29480
2023-05-10 21:00:21,fu2310,fu2310,2935.0,0.0,0.0,0.0,7,2935.0,2937.0,20,2909.0,2925.0,2939.0,2925.0,120.0,3514910.0,29480
2023-05-10 21:00:22,fu2310,fu2310,2935.0,0.0,0.0,0.0,5,2935.0,2938.0,16,2909.0,2925.0,2939.0,2925.0,120.0,3514910.0,29480
2023-05-10 21:00:22,fu2310,fu2310,2937.0,4.0,117480.0,-1.0,3,2935.0,2937.0,1,2909.0,2925.0,2939.0,2925.0,124.0,3632390.0,29479
2023-05-10 21:00:23,fu2310,fu2310,2935.0,2.0,58700.0,2.0,1,2935.0,2936.0,17,2909.0,2925.0,2939.0,2925.0,126.0,3691090.0,29481
2023-05-10 21:00:23,fu2310,fu2310,2935.0,1.0,29350.0,1.0,4,2933.0,2936.0,18,2909.0,2925.0,2939.0,2925.0,127.0,3720440.0,29482
2023-05-10 21:00:24,fu2310,fu2310,2935.0,0.0,0.0,0.0,1,2935.0,2936.0,18,2909.0,2925.0,2939.0,2925.0,127.0,3720440.0,29482
2023-05-10 21:00:24,fu2310,fu2310,2935.0,0.0,0.0,0.0,1,2935.0,2937.0,15,2909.0,2925.0,2939.0,2925.0,127.0,3720440.0,29482
2023-05-10 21:00:25,fu2310,fu2310,2935.0,0.0,0.0,0.0,4,2935.0,2938.0,16,2909.0,2925.0,2939.0,2925.0,127.0,3720440.0,29482
2023-05-10 21:00:25,fu2310,fu2310,2935.0,0.0,0.0,0.0,4,2935.0,2938.0,18,2909.0,2925.0,2939.0,2925.0,127.0,3720440.0,29482
2023-05-10 21:00:26,fu2310,fu2310,2935.0,0.0,0.0,0.0,5,2935.0,2940.0,1,2909.0,2925.0,2939.0,2925.0,127.0,3720440.0,29482
2023-05-10 21:00:27,fu2310,fu2310,2935.0,0.0,0.0,0.0,1,2936.0,2940.0,20,2909.0,2925.0,2939.0,2925.0,127.0,3720440.0,29482
2023-05-10 21:00:27,fu2310,fu2310,2935.0,0.0,0.0,0.0,1,2937.0,2940.0,1,2909.0,2925.0,2939.0,2925.0,127.0,3720440.0,29482
2023-05-10 21:00:28,fu2310,fu2310,2935.0,0.0,0.0,0.0,4,2937.0,2940.0,1,2909.0,2925.0,2939.0,2925.0,127.0,3720440.0,29482
2023-05-10 21:00:28,fu2310,fu2310,2940.0,1.0,29400.0,-1.0,1,2938.0,2942.0,15,2909.0,2925.0,2940.0,2925.0,128.0,3749840.0,29481
2023-05-10 21:00:29,fu2310,fu2310,2940.0,0.0,0.0,0.0,4,2938.0,2942.0,20,2909.0,2925.0,2940.0,2925.0,128.0,3749840.0,29481
2023-05-10 21:00:29,fu2310,fu2310,2940.0,0.0,0.0,0.0,4,2938.0,2942.0,20,2909.0,2925.0,2940.0,2925.0,128.0,3749840.0,29481
2023-05-10 21:00:31,fu2310,fu2310,2940.0,0.0,0.0,0.0,2,2937.0,2941.0,2,2909.0,2925.0,2940.0,2925.0,128.0,3749840.0,29481
2023-05-10 21:00:31,fu2310,fu2310,2941.0,2.0,58820.0,2.0,4,2937.0,2941.0,19,2909.0,2925.0,2941.0,2925.0,130.0,3808660.0,29483
2023-05-10 21:00:32,fu2310,fu2310,2941.0,0.0,0.0,0.0,5,2937.0,2941.0,19,2909.0,2925.0,2941.0,2925.0,130.0,3808660.0,29483
2023-05-10 21:00:32,fu2310,fu2310,2941.0,0.0,0.0,0.0,1,2938.0,2942.0,17,2909.0,2925.0,2941.0,2925.0,130.0,3808660.0,29483
2023-05-10 21:00:33,fu2310,fu2310,2941.0,0.0,0.0,0.0,5,2938.0,2942.0,19,2909.0,2925.0,2941.0,2925.0,130.0,3808660.0,29483
2023-05-10 21:00:34,fu2310,fu2310,2941.0,0.0,0.0,0.0,1,2939.0,2944.0,1,2909.0,2925.0,2941.0,2925.0,130.0,3808660.0,29483
2023-05-10 21:00:34,fu2310,fu2310,2941.0,0.0,0.0,0.0,5,2939.0,2943.0,16,2909.0,2925.0,2941.0,2925.0,130.0,3808660.0,29483
2023-05-10 21:00:35,fu2310,fu2310,2941.0,0.0,0.0,0.0,5,2939.0,2943.0,19,2909.0,2925.0,2941.0,2925.0,130.0,3808660.0,29483
2023-05-10 21:00:35,fu2310,fu2310,2941.0,0.0,0.0,0.0,1,2940.0,2944.0,19,2909.0,2925.0,2941.0,2925.0,130.0,3808660.0,29483
2023-05-10 21:00:36,fu2310,fu2310,2941.0,0.0,0.0,0.0,5,2940.0,2944.0,20,2909.0,2925.0,2941.0,2925.0,130.0,3808660.0,29483
2023-05-10 21:00:36,fu2310,fu2310,2941.0,0.0,0.0,0.0,2,2939.0,2943.0,1,2909.0,2925.0,2941.0,2925.0,130.0,3808660.0,29483
2023-05-10 21:00:37,fu2310,fu2310,2941.0,0.0,0.0,0.0,4,2939.0,2943.0,19,2909.0,2925.0,2941.0,2925.0,130.0,3808660.0,29483
2023-05-10 21:00:37,fu2310,fu2310,2941.0,0.0,0.0,0.0,4,2939.0,2943.0,19,2909.0,2925.0,2941.0,2925.0,130.0,3808660.0,29483
2023-05-10 21:00:38,fu2310,fu2310,2941.0,0.0,0.0,0.0,10,2939.0,2943.0,1,2909.0,2925.0,2941.0,2925.0,130.0,3808660.0,29483
2023-05-10 21:00:38,fu2310,fu2310,2940.0,1.0,29400.0,-1.0,9,2940.0,2944.0,1,2909.0,2925.0,2941.0,2925.0,131.0,3838060.0,29482
2023-05-10 21:00:39,fu2310,fu2310,2940.0,0.0,0.0,0.0,1,2941.0,2944.0,1,2909.0,2925.0,2941.0,2925.0,131.0,3838060.0,29482
2023-05-10 21:00:39,fu2310,fu2310,2940.0,0.0,0.0,0.0,1,2941.0,2944.0,20,2909.0,2925.0,2941.0,2925.0,131.0,3838060.0,29482
2023-05-10 21:00:40,fu2310,fu2310,2940.0,0.0,0.0,0.0,1,2941.0,2944.0,20,2909.0,2925.0,2941.0,2925.0,131.0,3838060.0,29482
2023-05-10 21:00:40,fu2310,fu2310,2941.0,1.0,29410.0,0.0,3,2939.0,2943.0,2,2909.0,2925.0,2941.0,2925.0,132.0,3867470.0,29482
2023-05-10 21:00:41,fu2310,fu2310,2941.0,0.0,0.0,0.0,4,2939.0,2941.0,1,2909.0,2925.0,2941.0,2925.0,132.0,3867470.0,29482
2023-05-10 21:00:41,fu2310,fu2310,2941.0,0.0,0.0,0.0,4,2939.0,2941.0,1,2909.0,2925.0,2941.0,2925.0,132.0,3867470.0,29482
2023-05-10 21:00:42,fu2310,fu2310,2941.0,0.0,0.0,0.0,1,2939.0,2941.0,1,2909.0,2925.0,2941.0,2925.0,132.0,3867470.0,29482
2023-05-10 21:00:42,fu2310,fu2310,2941.0,0.0,0.0,0.0,1,2939.0,2941.0,1,2909.0,2925.0,2941.0,2925.0,132.0,3867470.0,29482
2023-05-10 21:00:43,fu2310,fu2310,2939.0,1.0,29390.0,-1.0,2,2938.0,2939.0,29,2909.0,2925.0,2941.0,2925.0,133.0,3896860.0,29481
2023-05-10 21:00:43,fu2310,fu2310,2941.0,30.0,881720.0,-3.0,1,2941.0,2943.0,21,2909.0,2925.0,2941.0,2925.0,163.0,4778580.0,29478
2023-05-10 21:00:44,fu2310,fu2310,2941.0,1.0,29410.0,0.0,1,2937.0,2941.0,1,2909.0,2925.0,2941.0,2925.0,164.0,4807990.0,29478
2023-05-10 21:00:44,fu2310,fu2310,2941.0,0.0,0.0,0.0,6,2937.0,2941.0,18,2909.0,2925.0,2941.0,2925.0,164.0,4807990.0,29478
2023-05-10 21:00:45,fu2310,fu2310,2941.0,0.0,0.0,0.0,1,2937.0,2940.0,1,2909.0,2925.0,2941.0,2925.0,164.0,4807990.0,29478
2023-05-10 21:00:45,fu2310,fu2310,2941.0,0.0,0.0,0.0,1,2937.0,2940.0,18,2909.0,2925.0,2941.0,2925.0,164.0,4807990.0,29478
2023-05-10 21:00:47,fu2310,fu2310,2941.0,0.0,0.0,0.0,3,2935.0,2939.0,1,2909.0,2925.0,2941.0,2925.0,164.0,4807990.0,29478
2023-05-10 21:00:48,fu2310,fu2310,2941.0,0.0,0.0,0.0,7,2935.0,2939.0,18,2909.0,2925.0,2941.0,2925.0,164.0,4807990.0,29478
2023-05-10 21:00:48,fu2310,fu2310,2941.0,0.0,0.0,0.0,5,2935.0,2938.0,1,2909.0,2925.0,2941.0,2925.0,164.0,4807990.0,29478
2023-05-10 21:00:49,fu2310,fu2310,2941.0,0.0,0.0,0.0,5,2935.0,2938.0,18,2909.0,2925.0,2941.0,2925.0,164.0,4807990.0,29478
2023-05-10 21:00:49,fu2310,fu2310,2941.0,0.0,0.0,0.0,5,2935.0,2938.0,18,2909.0,2925.0,2941.0,2925.0,164.0,4807990.0,29478
2023-05-10 21:00:50,fu2310,fu2310,2941.0,0.0,0.0,0.0,3,2935.0,2937.0,2,2909.0,2925.0,2941.0,2925.0,164.0,4807990.0,29478
2023-05-10 21:00:51,fu2310,fu2310,2935.0,3.0,88050.0,3.0,4,2933.0,2937.0,19,2909.0,2925.0,2941.0,2925.0,167.0,4896040.0,29481
2023-05-10 21:00:51,fu2310,fu2310,2936.0,1.0,29360.0,1.0,6,2933.0,2936.0,1,2909.0,2925.0,2941.0,2925.0,168.0,4925400.0,29482
2023-05-10 21:00:52,fu2310,fu2310,2936.0,0.0,0.0,0.0,6,2933.0,2936.0,18,2909.0,2925.0,2941.0,2925.0,168.0,4925400.0,29482
2023-05-10 21:00:52,fu2310,fu2310,2936.0,0.0,0.0,0.0,6,2933.0,2936.0,18,2909.0,2925.0,2941.0,2925.0,168.0,4925400.0,29482
2023-05-10 21:00:53,fu2310,fu2310,2936.0,0.0,0.0,0.0,7,2933.0,2936.0,16,2909.0,2925.0,2941.0,2925.0,168.0,4925400.0,29482
2023-05-10 21:00:54,fu2310,fu2310,2936.0,0.0,0.0,0.0,8,2933.0,2937.0,1,2909.0,2925.0,2941.0,2925.0,168.0,4925400.0,29482
2023-05-10 21:00:54,fu2310,fu2310,2936.0,0.0,0.0,0.0,8,2933.0,2937.0,19,2909.0,2925.0,2941.0,2925.0,168.0,4925400.0,29482
2023-05-10 21:00:55,fu2310,fu2310,2936.0,0.0,0.0,0.0,6,2933.0,2936.0,1,2909.0,2925.0,2941.0,2925.0,168.0,4925400.0,29482
2023-05-10 21:00:55,fu2310,fu2310,2936.0,0.0,0.0,0.0,6,2933.0,2936.0,18,2909.0,2925.0,2941.0,2925.0,168.0,4925400.0,29482
2023-05-10 21:00:56,fu2310,fu2310,2936.0,0.0,0.0,0.0,8,2933.0,2937.0,3,2909.0,2925.0,2941.0,2925.0,168.0,4925400.0,29482
2023-05-10 21:00:57,fu2310,fu2310,2936.0,0.0,0.0,0.0,8,2933.0,2937.0,19,2909.0,2925.0,2941.0,2925.0,168.0,4925400.0,29482
2023-05-10 21:00:58,fu2310,fu2310,2936.0,0.0,0.0,0.0,6,2933.0,2936.0,1,2909.0,2925.0,2941.0,2925.0,168.0,4925400.0,29482
2023-05-10 21:00:59,fu2310,fu2310,2936.0,0.0,0.0,0.0,6,2933.0,2936.0,20,2909.0,2925.0,2941.0,2925.0,168.0,4925400.0,29482
2023-05-10 21:00:59,fu2310,fu2310,2933.0,4.0,117320.0,0.0,2,2933.0,2936.0,20,2909.0,2925.0,2941.0,2925.0,172.0,5042720.0,29482
2023-05-10 21:01:00,fu2310,fu2310,2933.0,0.0,0.0,0.0,4,2933.0,2936.0,2,2909.0,2925.0,2941.0,2925.0,172.0,5042720.0,29482
2023-05-10 21:01:00,fu2310,fu2310,2933.0,0.0,0.0,0.0,2,2934.0,2936.0,5,2909.0,2925.0,2941.0,2925.0,172.0,5042720.0,29482
2023-05-10 21:01:01,fu2310,fu2310,2933.0,0.0,0.0,0.0,4,2934.0,2936.0,2,2909.0,2925.0,2941.0,2925.0,172.0,5042720.0,29482
2023-05-10 21:01:01,fu2310,fu2310,2933.0,0.0,0.0,0.0,3,2934.0,2936.0,4,2909.0,2925.0,2941.0,2925.0,172.0,5042720.0,29482
2023-05-10 21:01:02,fu2310,fu2310,2933.0,0.0,0.0,0.0,2,2934.0,2936.0,15,2909.0,2925.0,2941.0,2925.0,172.0,5042720.0,29482
2023-05-10 21:01:04,fu2310,fu2310,2933.0,0.0,0.0,0.0,2,2933.0,2936.0,18,2909.0,2925.0,2941.0,2925.0,172.0,5042720.0,29482
2023-05-10 21:01:05,fu2310,fu2310,2933.0,0.0,0.0,0.0,2,2933.0,2936.0,22,2909.0,2925.0,2941.0,2925.0,172.0,5042720.0,29482
2023-05-10 21:01:05,fu2310,fu2310,2933.0,0.0,0.0,0.0,1,2931.0,2935.0,3,2909.0,2925.0,2941.0,2925.0,172.0,5042720.0,29482
2023-05-10 21:01:06,fu2310,fu2310,2933.0,0.0,0.0,0.0,3,2931.0,2934.0,16,2909.0,2925.0,2941.0,2925.0,172.0,5042720.0,29482
2023-05-10 21:01:06,fu2310,fu2310,2934.0,1.0,29340.0,1.0,3,2931.0,2934.0,18,2909.0,2925.0,2941.0,2925.0,173.0,5072060.0,29483
2023-05-10 21:01:07,fu2310,fu2310,2934.0,0.0,0.0,0.0,1,2931.0,2933.0,1,2909.0,2925.0,2941.0,2925.0,173.0,5072060.0,29483
2023-05-10 21:01:07,fu2310,fu2310,2930.0,4.0,117210.0,3.0,1,2930.0,2932.0,11,2909.0,2925.0,2941.0,2925.0,177.0,5189270.0,29486
2023-05-10 21:01:08,fu2310,fu2310,2930.0,1.0,29300.0,1.0,2,2927.0,2932.0,18,2909.0,2925.0,2941.0,2925.0,178.0,5218570.0,29487
2023-05-10 21:01:08,fu2310,fu2310,2930.0,0.0,0.0,0.0,4,2927.0,2931.0,2,2909.0,2925.0,2941.0,2925.0,178.0,5218570.0,29487
2023-05-10 21:01:09,fu2310,fu2310,2930.0,0.0,0.0,0.0,6,2927.0,2930.0,11,2909.0,2925.0,2941.0,2925.0,178.0,5218570.0,29487
2023-05-10 21:01:09,fu2310,fu2310,2930.0,0.0,0.0,0.0,14,2927.0,2931.0,11,2909.0,2925.0,2941.0,2925.0,178.0,5218570.0,29487
2023-05-10 21:01:10,fu2310,fu2310,2930.0,0.0,0.0,0.0,2,2928.0,2930.0,2,2909.0,2925.0,2941.0,2925.0,178.0,5218570.0,29487
2023-05-10 21:01:10,fu2310,fu2310,2930.0,2.0,58600.0,2.0,6,2928.0,2931.0,11,2909.0,2925.0,2941.0,2925.0,180.0,5277170.0,29489
2023-05-10 21:01:12,fu2310,fu2310,2930.0,0.0,0.0,0.0,4,2928.0,2931.0,14,2909.0,2925.0,2941.0,2925.0,180.0,5277170.0,29489
2023-05-10 21:01:12,fu2310,fu2310,2928.0,1.0,29280.0,1.0,3,2928.0,2931.0,18,2909.0,2925.0,2941.0,2925.0,181.0,5306450.0,29490
2023-05-10 21:01:13,fu2310,fu2310,2928.0,0.0,0.0,0.0,3,2928.0,2930.0,1,2909.0,2925.0,2941.0,2925.0,181.0,5306450.0,29490
2023-05-10 21:01:13,fu2310,fu2310,2928.0,0.0,0.0,0.0,3,2928.0,2930.0,12,2909.0,2925.0,2941.0,2925.0,181.0,5306450.0,29490
2023-05-10 21:01:14,fu2310,fu2310,2928.0,0.0,0.0,0.0,5,2928.0,2931.0,11,2909.0,2925.0,2941.0,2925.0,181.0,5306450.0,29490
2023-05-10 21:01:17,fu2310,fu2310,2928.0,0.0,0.0,0.0,5,2928.0,2931.0,11,2909.0,2925.0,2941.0,2925.0,181.0,5306450.0,29490
2023-05-10 21:01:18,fu2310,fu2310,2928.0,0.0,0.0,0.0,3,2928.0,2930.0,1,2909.0,2925.0,2941.0,2925.0,181.0,5306450.0,29490
2023-05-10 21:01:18,fu2310,fu2310,2928.0,0.0,0.0,0.0,3,2928.0,2930.0,12,2909.0,2925.0,2941.0,2925.0,181.0,5306450.0,29490
2023-05-10 21:01:20,fu2310,fu2310,2928.0,0.0,0.0,0.0,4,2927.0,2930.0,15,2909.0,2925.0,2941.0,2925.0,181.0,5306450.0,29490
2023-05-10 21:01:21,fu2310,fu2310,2928.0,0.0,0.0,0.0,4,2927.0,2930.0,19,2909.0,2925.0,2941.0,2925.0,181.0,5306450.0,29490
2023-05-10 21:01:22,fu2310,fu2310,2928.0,0.0,0.0,0.0,2,2928.0,2930.0,12,2909.0,2925.0,2941.0,2925.0,181.0,5306450.0,29490
2023-05-10 21:01:22,fu2310,fu2310,2928.0,0.0,0.0,0.0,4,2928.0,2930.0,12,2909.0,2925.0,2941.0,2925.0,181.0,5306450.0,29490
2023-05-10 21:01:23,fu2310,fu2310,2928.0,0.0,0.0,0.0,2,2928.0,2930.0,12,2909.0,2925.0,2941.0,2925.0,181.0,5306450.0,29490
2023-05-10 21:01:23,fu2310,fu2310,2928.0,0.0,0.0,0.0,4,2927.0,2930.0,19,2909.0,2925.0,2941.0,2925.0,181.0,5306450.0,29490
2023-05-10 21:01:24,fu2310,fu2310,2928.0,0.0,0.0,0.0,2,2927.0,2930.0,19,2909.0,2925.0,2941.0,2925.0,181.0,5306450.0,29490
2023-05-10 21:01:24,fu2310,fu2310,2928.0,0.0,0.0,0.0,2,2925.0,2929.0,2,2909.0,2925.0,2941.0,2925.0,181.0,5306450.0,29490
2023-05-10 21:01:25,fu2310,fu2310,2928.0,0.0,0.0,0.0,5,2925.0,2928.0,11,2909.0,2925.0,2941.0,2925.0,181.0,5306450.0,29490
2023-05-10 21:01:25,fu2310,fu2310,2928.0,0.0,0.0,0.0,5,2925.0,2928.0,11,2909.0,2925.0,2941.0,2925.0,181.0,5306450.0,29490
2023-05-10 21:01:26,fu2310,fu2310,2928.0,0.0,0.0,0.0,2,2926.0,2928.0,11,2909.0,2925.0,2941.0,2925.0,181.0,5306450.0,29490
2023-05-10 21:01:27,fu2310,fu2310,2925.0,5.0,146250.0,-4.0,1,2921.0,2925.0,25,2909.0,2925.0,2941.0,2925.0,186.0,5452700.0,29486
2023-05-10 21:01:28,fu2310,fu2310,2925.0,20.0,585000.0,0.0,1,2924.0,2925.0,5,2909.0,2925.0,2941.0,2925.0,206.0,6037700.0,29486
2023-05-10 21:01:28,fu2310,fu2310,2925.0,5.0,146250.0,0.0,5,2924.0,2928.0,18,2909.0,2925.0,2941.0,2925.0,211.0,6183950.0,29486
2023-05-10 21:01:29,fu2310,fu2310,2925.0,0.0,0.0,0.0,5,2924.0,2927.0,1,2909.0,2925.0,2941.0,2925.0,211.0,6183950.0,29486
2023-05-10 21:01:29,fu2310,fu2310,2925.0,0.0,0.0,0.0,2,2925.0,2927.0,14,2909.0,2925.0,2941.0,2925.0,211.0,6183950.0,29486
2023-05-10 21:01:30,fu2310,fu2310,2925.0,0.0,0.0,0.0,5,2924.0,2927.0,14,2909.0,2925.0,2941.0,2925.0,211.0,6183950.0,29486
2023-05-10 21:01:30,fu2310,fu2310,2925.0,0.0,0.0,0.0,1,2925.0,2927.0,3,2909.0,2925.0,2941.0,2925.0,211.0,6183950.0,29486
2023-05-10 21:01:31,fu2310,fu2310,2925.0,0.0,0.0,0.0,4,2925.0,2927.0,3,2909.0,2925.0,2941.0,2925.0,211.0,6183950.0,29486
2023-05-10 21:01:31,fu2310,fu2310,2925.0,0.0,0.0,0.0,6,2924.0,2927.0,14,2909.0,2925.0,2941.0,2925.0,211.0,6183950.0,29486
2023-05-10 21:01:32,fu2310,fu2310,2925.0,0.0,0.0,0.0,7,2924.0,2927.0,14,2909.0,2925.0,2941.0,2925.0,211.0,6183950.0,29486
2023-05-10 21:01:32,fu2310,fu2310,2927.0,7.0,204890.0,6.0,7,2924.0,2927.0,7,2909.0,2925.0,2941.0,2925.0,218.0,6388840.0,29492
2023-05-10 21:01:33,fu2310,fu2310,2927.0,0.0,0.0,0.0,7,2924.0,2925.0,1,2909.0,2925.0,2941.0,2925.0,218.0,6388840.0,29492
2023-05-10 21:01:33,fu2310,fu2310,2925.0,1.0,29250.0,1.0,15,2924.0,2928.0,7,2909.0,2925.0,2941.0,2925.0,219.0,6418090.0,29493
2023-05-10 21:01:34,fu2310,fu2310,2925.0,0.0,0.0,0.0,7,2924.0,2928.0,10,2909.0,2925.0,2941.0,2925.0,219.0,6418090.0,29493
2023-05-10 21:01:35,fu2310,fu2310,2925.0,0.0,0.0,0.0,7,2924.0,2928.0,14,2909.0,2925.0,2941.0,2925.0,219.0,6418090.0,29493
2023-05-10 21:01:35,fu2310,fu2310,2925.0,0.0,0.0,0.0,7,2924.0,2927.0,1,2909.0,2925.0,2941.0,2925.0,219.0,6418090.0,29493
2023-05-10 21:01:36,fu2310,fu2310,2925.0,0.0,0.0,0.0,7,2924.0,2927.0,8,2909.0,2925.0,2941.0,2925.0,219.0,6418090.0,29493
2023-05-10 21:01:36,fu2310,fu2310,2925.0,0.0,0.0,0.0,7,2924.0,2927.0,7,2909.0,2925.0,2941.0,2925.0,219.0,6418090.0,29493
2023-05-10 21:01:37,fu2310,fu2310,2925.0,0.0,0.0,0.0,15,2924.0,2926.0,1,2909.0,2925.0,2941.0,2925.0,219.0,6418090.0,29493
2023-05-10 21:01:37,fu2310,fu2310,2925.0,0.0,0.0,0.0,8,2924.0,2926.0,1,2909.0,2925.0,2941.0,2925.0,219.0,6418090.0,29493
2023-05-10 21:01:38,fu2310,fu2310,2926.0,1.0,29260.0,-1.0,14,2924.0,2928.0,7,2909.0,2925.0,2941.0,2925.0,220.0,6447350.0,29492
2023-05-10 21:01:39,fu2310,fu2310,2926.0,0.0,0.0,0.0,8,2924.0,2927.0,1,2909.0,2925.0,2941.0,2925.0,220.0,6447350.0,29492
2023-05-10 21:01:39,fu2310,fu2310,2926.0,0.0,0.0,0.0,8,2924.0,2927.0,7,2909.0,2925.0,2941.0,2925.0,220.0,6447350.0,29492
2023-05-10 21:01:40,fu2310,fu2310,2926.0,0.0,0.0,0.0,8,2924.0,2926.0,1,2909.0,2925.0,2941.0,2925.0,220.0,6447350.0,29492
2023-05-10 21:01:40,fu2310,fu2310,2926.0,1.0,29260.0,0.0,16,2924.0,2928.0,7,2909.0,2925.0,2941.0,2925.0,221.0,6476610.0,29492
2023-05-10 21:01:41,fu2310,fu2310,2926.0,0.0,0.0,0.0,16,2924.0,2928.0,8,2909.0,2925.0,2941.0,2925.0,221.0,6476610.0,29492
2023-05-10 21:01:41,fu2310,fu2310,2926.0,0.0,0.0,0.0,8,2924.0,2928.0,14,2909.0,2925.0,2941.0,2925.0,221.0,6476610.0,29492
2023-05-10 21:01:42,fu2310,fu2310,2926.0,0.0,0.0,0.0,8,2924.0,2927.0,1,2909.0,2925.0,2941.0,2925.0,221.0,6476610.0,29492
2023-05-10 21:01:42,fu2310,fu2310,2926.0,0.0,0.0,0.0,13,2924.0,2927.0,12,2909.0,2925.0,2941.0,2925.0,221.0,6476610.0,29492
2023-05-10 21:01:43,fu2310,fu2310,2926.0,0.0,0.0,0.0,11,2924.0,2927.0,17,2909.0,2925.0,2941.0,2925.0,221.0,6476610.0,29492
2023-05-10 21:01:44,fu2310,fu2310,2926.0,0.0,0.0,0.0,10,2924.0,2927.0,17,2909.0,2925.0,2941.0,2925.0,221.0,6476610.0,29492
2023-05-10 21:01:45,fu2310,fu2310,2924.0,4.0,116960.0,1.0,1,2924.0,2925.0,3,2909.0,2925.0,2941.0,2924.0,225.0,6593570.0,29493
2023-05-10 21:01:45,fu2310,fu2310,2924.0,1.0,29240.0,0.0,1,2923.0,2925.0,12,2909.0,2925.0,2941.0,2924.0,226.0,6622810.0,29493
2023-05-10 21:01:46,fu2310,fu2310,2924.0,0.0,0.0,0.0,5,2923.0,2925.0,3,2909.0,2925.0,2941.0,2924.0,226.0,6622810.0,29493
2023-05-10 21:01:46,fu2310,fu2310,2925.0,3.0,87750.0,-3.0,5,2923.0,2926.0,7,2909.0,2925.0,2941.0,2924.0,229.0,6710560.0,29490
2023-05-10 21:01:47,fu2310,fu2310,2925.0,0.0,0.0,0.0,2,2924.0,2925.0,2,2909.0,2925.0,2941.0,2924.0,229.0,6710560.0,29490
2023-05-10 21:01:47,fu2310,fu2310,2925.0,2.0,58500.0,0.0,12,2924.0,2927.0,9,2909.0,2925.0,2941.0,2924.0,231.0,6769060.0,29490
2023-05-10 21:01:48,fu2310,fu2310,2925.0,0.0,0.0,0.0,12,2924.0,2927.0,9,2909.0,2925.0,2941.0,2924.0,231.0,6769060.0,29490
2023-05-10 21:01:49,fu2310,fu2310,2925.0,0.0,0.0,0.0,12,2924.0,2927.0,9,2909.0,2925.0,2941.0,2924.0,231.0,6769060.0,29490
2023-05-10 21:01:49,fu2310,fu2310,2925.0,0.0,0.0,0.0,8,2924.0,2927.0,11,2909.0,2925.0,2941.0,2924.0,231.0,6769060.0,29490
2023-05-10 21:01:50,fu2310,fu2310,2925.0,0.0,0.0,0.0,8,2924.0,2927.0,15,2909.0,2925.0,2941.0,2924.0,231.0,6769060.0,29490
2023-05-10 21:01:53,fu2310,fu2310,2925.0,0.0,0.0,0.0,12,2924.0,2927.0,9,2909.0,2925.0,2941.0,2924.0,231.0,6769060.0,29490
2023-05-10 21:01:53,fu2310,fu2310,2925.0,0.0,0.0,0.0,12,2924.0,2927.0,9,2909.0,2925.0,2941.0,2924.0,231.0,6769060.0,29490
2023-05-10 21:01:54,fu2310,fu2310,2925.0,0.0,0.0,0.0,8,2924.0,2927.0,11,2909.0,2925.0,2941.0,2924.0,231.0,6769060.0,29490
2023-05-10 21:01:54,fu2310,fu2310,2925.0,0.0,0.0,0.0,8,2924.0,2927.0,15,2909.0,2925.0,2941.0,2924.0,231.0,6769060.0,29490
2023-05-10 21:01:57,fu2310,fu2310,2925.0,0.0,0.0,0.0,1,2923.0,2926.0,1,2909.0,2925.0,2941.0,2924.0,231.0,6769060.0,29490
2023-05-10 21:01:57,fu2310,fu2310,2925.0,0.0,0.0,0.0,1,2923.0,2925.0,7,2909.0,2925.0,2941.0,2924.0,231.0,6769060.0,29490
2023-05-10 21:01:58,fu2310,fu2310,2925.0,0.0,0.0,0.0,5,2923.0,2926.0,8,2909.0,2925.0,2941.0,2924.0,231.0,6769060.0,29490
2023-05-10 21:01:58,fu2310,fu2310,2925.0,0.0,0.0,0.0,2,2924.0,2926.0,8,2909.0,2925.0,2941.0,2924.0,231.0,6769060.0,29490
2023-05-10 21:01:59,fu2310,fu2310,2925.0,0.0,0.0,0.0,4,2924.0,2926.0,8,2909.0,2925.0,2941.0,2924.0,231.0,6769060.0,29490
2023-05-10 21:01:59,fu2310,fu2310,2925.0,0.0,0.0,0.0,4,2924.0,2926.0,8,2909.0,2925.0,2941.0,2924.0,231.0,6769060.0,29490
2023-05-10 21:02:01,fu2310,fu2310,2925.0,0.0,0.0,0.0,4,2924.0,2926.0,8,2909.0,2925.0,2941.0,2924.0,231.0,6769060.0,29490
2023-05-10 21:02:01,fu2310,fu2310,2924.0,1.0,29240.0,-1.0,3,2924.0,2926.0,8,2909.0,2925.0,2941.0,2924.0,232.0,6798300.0,29489
2023-05-10 21:02:03,fu2310,fu2310,2924.0,2.0,58480.0,1.0,8,2924.0,2927.0,1,2909.0,2925.0,2941.0,2924.0,234.0,6856780.0,29490
2023-05-10 21:02:03,fu2310,fu2310,2924.0,0.0,0.0,0.0,2,2925.0,2926.0,2,2909.0,2925.0,2941.0,2924.0,234.0,6856780.0,29490
2023-05-10 21:02:04,fu2310,fu2310,2924.0,0.0,0.0,0.0,4,2925.0,2926.0,2,2909.0,2925.0,2941.0,2924.0,234.0,6856780.0,29490
2023-05-10 21:02:04,fu2310,fu2310,2926.0,2.0,58520.0,0.0,4,2925.0,2927.0,9,2909.0,2925.0,2941.0,2924.0,236.0,6915300.0,29490
2023-05-10 21:02:07,fu2310,fu2310,2926.0,0.0,0.0,0.0,1,2925.0,2927.0,11,2909.0,2925.0,2941.0,2924.0,236.0,6915300.0,29490
2023-05-10 21:02:07,fu2310,fu2310,2926.0,0.0,0.0,0.0,1,2925.0,2927.0,15,2909.0,2925.0,2941.0,2924.0,236.0,6915300.0,29490
2023-05-10 21:02:08,fu2310,fu2310,2926.0,0.0,0.0,0.0,2,2924.0,2927.0,15,2909.0,2925.0,2941.0,2924.0,236.0,6915300.0,29490
2023-05-10 21:02:09,fu2310,fu2310,2926.0,0.0,0.0,0.0,1,2924.0,2926.0,2,2909.0,2925.0,2941.0,2924.0,236.0,6915300.0,29490
2023-05-10 21:02:09,fu2310,fu2310,2926.0,0.0,0.0,0.0,1,2924.0,2925.0,7,2909.0,2925.0,2941.0,2924.0,236.0,6915300.0,29490
2023-05-10 21:02:10,fu2310,fu2310,2926.0,0.0,0.0,0.0,1,2924.0,2926.0,10,2909.0,2925.0,2941.0,2924.0,236.0,6915300.0,29490
2023-05-10 21:02:11,fu2310,fu2310,2926.0,0.0,0.0,0.0,10,2924.0,2926.0,1,2909.0,2925.0,2941.0,2924.0,236.0,6915300.0,29490
2023-05-10 21:02:11,fu2310,fu2310,2926.0,0.0,0.0,0.0,10,2924.0,2926.0,1,2909.0,2925.0,2941.0,2924.0,236.0,6915300.0,29490
2023-05-10 21:02:14,fu2310,fu2310,2926.0,0.0,0.0,0.0,1,2924.0,2926.0,2,2909.0,2925.0,2941.0,2924.0,236.0,6915300.0,29490
2023-05-10 21:02:15,fu2310,fu2310,2926.0,0.0,0.0,0.0,1,2924.0,2926.0,9,2909.0,2925.0,2941.0,2924.0,236.0,6915300.0,29490
2023-05-10 21:02:15,fu2310,fu2310,2926.0,0.0,0.0,0.0,1,2924.0,2926.0,16,2909.0,2925.0,2941.0,2924.0,236.0,6915300.0,29490
2023-05-10 21:02:18,fu2310,fu2310,2926.0,0.0,0.0,0.0,1,2924.0,2926.0,9,2909.0,2925.0,2941.0,2924.0,236.0,6915300.0,29490
2023-05-10 21:02:19,fu2310,fu2310,2926.0,0.0,0.0,0.0,1,2924.0,2926.0,9,2909.0,2925.0,2941.0,2924.0,236.0,6915300.0,29490
2023-05-10 21:02:19,fu2310,fu2310,2926.0,0.0,0.0,0.0,1,2924.0,2926.0,12,2909.0,2925.0,2941.0,2924.0,236.0,6915300.0,29490
2023-05-10 21:02:20,fu2310,fu2310,2926.0,0.0,0.0,0.0,1,2924.0,2926.0,16,2909.0,2925.0,2941.0,2924.0,236.0,6915300.0,29490
2023-05-10 21:02:21,fu2310,fu2310,2924.0,1.0,29240.0,0.0,1,2923.0,2926.0,16,2909.0,2925.0,2941.0,2924.0,237.0,6944540.0,29490
2023-05-10 21:02:22,fu2310,fu2310,2924.0,0.0,0.0,0.0,7,2923.0,2926.0,16,2909.0,2925.0,2941.0,2924.0,237.0,6944540.0,29490
2023-05-10 21:02:22,fu2310,fu2310,2924.0,0.0,0.0,0.0,1,2923.0,2924.0,2,2909.0,2925.0,2941.0,2924.0,237.0,6944540.0,29490
2023-05-10 21:02:23,fu2310,fu2310,2924.0,0.0,0.0,0.0,1,2923.0,2924.0,9,2909.0,2925.0,2941.0,2924.0,237.0,6944540.0,29490
2023-05-10 21:02:23,fu2310,fu2310,2923.0,1.0,29230.0,-1.0,2,2922.0,2924.0,17,2909.0,2925.0,2941.0,2923.0,238.0,6973770.0,29489
2023-05-10 21:02:24,fu2310,fu2310,2923.0,0.0,0.0,0.0,6,2921.0,2924.0,17,2909.0,2925.0,2941.0,2923.0,238.0,6973770.0,29489
2023-05-10 21:02:25,fu2310,fu2310,2923.0,0.0,0.0,0.0,19,2920.0,2922.0,2,2909.0,2925.0,2941.0,2923.0,238.0,6973770.0,29489
2023-05-10 21:02:25,fu2310,fu2310,2923.0,0.0,0.0,0.0,6,2921.0,2924.0,16,2909.0,2925.0,2941.0,2923.0,238.0,6973770.0,29489
2023-05-10 21:02:26,fu2310,fu2310,2923.0,0.0,0.0,0.0,2,2922.0,2924.0,17,2909.0,2925.0,2941.0,2923.0,238.0,6973770.0,29489
2023-05-10 21:02:26,fu2310,fu2310,2923.0,0.0,0.0,0.0,9,2922.0,2924.0,9,2909.0,2925.0,2941.0,2923.0,238.0,6973770.0,29489
2023-05-10 21:02:27,fu2310,fu2310,2923.0,0.0,0.0,0.0,10,2922.0,2924.0,9,2909.0,2925.0,2941.0,2923.0,238.0,6973770.0,29489
2023-05-10 21:02:31,fu2310,fu2310,2923.0,0.0,0.0,0.0,10,2922.0,2924.0,9,2909.0,2925.0,2941.0,2923.0,238.0,6973770.0,29489
2023-05-10 21:02:33,fu2310,fu2310,2924.0,3.0,87720.0,-2.0,6,2923.0,2926.0,5,2909.0,2925.0,2941.0,2923.0,241.0,7061490.0,29487
2023-05-10 21:02:33,fu2310,fu2310,2924.0,0.0,0.0,0.0,8,2923.0,2925.0,4,2909.0,2925.0,2941.0,2923.0,241.0,7061490.0,29487
2023-05-10 21:02:34,fu2310,fu2310,2925.0,2.0,58500.0,-1.0,8,2924.0,2926.0,3,2909.0,2925.0,2941.0,2923.0,243.0,7119990.0,29486
2023-05-10 21:02:35,fu2310,fu2310,2925.0,0.0,0.0,0.0,9,2924.0,2926.0,9,2909.0,2925.0,2941.0,2923.0,243.0,7119990.0,29486
2023-05-10 21:02:37,fu2310,fu2310,2925.0,0.0,0.0,0.0,7,2923.0,2926.0,13,2909.0,2925.0,2941.0,2923.0,243.0,7119990.0,29486
2023-05-10 21:02:37,fu2310,fu2310,2925.0,0.0,0.0,0.0,7,2923.0,2926.0,17,2909.0,2925.0,2941.0,2923.0,243.0,7119990.0,29486
2023-05-10 21:02:39,fu2310,fu2310,2925.0,0.0,0.0,0.0,8,2924.0,2926.0,9,2909.0,2925.0,2941.0,2923.0,243.0,7119990.0,29486
2023-05-10 21:02:40,fu2310,fu2310,2925.0,0.0,0.0,0.0,9,2924.0,2926.0,9,2909.0,2925.0,2941.0,2923.0,243.0,7119990.0,29486
2023-05-10 21:02:44,fu2310,fu2310,2925.0,0.0,0.0,0.0,6,2925.0,2926.0,1,2909.0,2925.0,2941.0,2923.0,243.0,7119990.0,29486
2023-05-10 21:02:44,fu2310,fu2310,2926.0,1.0,29260.0,0.0,7,2925.0,2927.0,6,2909.0,2925.0,2941.0,2923.0,244.0,7149250.0,29486
2023-05-10 21:02:45,fu2310,fu2310,2926.0,0.0,0.0,0.0,7,2925.0,2927.0,6,2909.0,2925.0,2941.0,2923.0,244.0,7149250.0,29486
2023-05-10 21:02:48,fu2310,fu2310,2926.0,0.0,0.0,0.0,7,2924.0,2927.0,10,2909.0,2925.0,2941.0,2923.0,244.0,7149250.0,29486
2023-05-10 21:02:48,fu2310,fu2310,2926.0,0.0,0.0,0.0,8,2925.0,2927.0,6,2909.0,2925.0,2941.0,2923.0,244.0,7149250.0,29486
2023-05-10 21:02:49,fu2310,fu2310,2926.0,0.0,0.0,0.0,9,2925.0,2927.0,6,2909.0,2925.0,2941.0,2923.0,244.0,7149250.0,29486
2023-05-10 21:02:49,fu2310,fu2310,2926.0,0.0,0.0,0.0,7,2924.0,2927.0,14,2909.0,2925.0,2941.0,2923.0,244.0,7149250.0,29486
2023-05-10 21:02:51,fu2310,fu2310,2926.0,0.0,0.0,0.0,8,2925.0,2927.0,6,2909.0,2925.0,2941.0,2923.0,244.0,7149250.0,29486
2023-05-10 21:02:52,fu2310,fu2310,2926.0,0.0,0.0,0.0,9,2925.0,2926.0,1,2909.0,2925.0,2941.0,2923.0,244.0,7149250.0,29486
2023-05-10 21:02:54,fu2310,fu2310,2926.0,1.0,29260.0,-1.0,9,2925.0,2927.0,6,2909.0,2925.0,2941.0,2923.0,245.0,7178510.0,29485
2023-05-10 21:02:54,fu2310,fu2310,2926.0,0.0,0.0,0.0,2,2926.0,2928.0,8,2909.0,2925.0,2941.0,2923.0,245.0,7178510.0,29485
2023-05-10 21:02:55,fu2310,fu2310,2926.0,0.0,0.0,0.0,7,2925.0,2927.0,4,2909.0,2925.0,2941.0,2923.0,245.0,7178510.0,29485
2023-05-10 21:02:55,fu2310,fu2310,2926.0,0.0,0.0,0.0,7,2925.0,2927.0,6,2909.0,2925.0,2941.0,2923.0,245.0,7178510.0,29485
2023-05-10 21:02:56,fu2310,fu2310,2926.0,0.0,0.0,0.0,7,2925.0,2927.0,6,2909.0,2925.0,2941.0,2923.0,245.0,7178510.0,29485
2023-05-10 21:02:58,fu2310,fu2310,2926.0,0.0,0.0,0.0,6,2926.0,2928.0,2,2909.0,2925.0,2941.0,2923.0,245.0,7178510.0,29485
2023-05-10 21:02:59,fu2310,fu2310,2926.0,0.0,0.0,0.0,7,2926.0,2928.0,8,2909.0,2925.0,2941.0,2923.0,245.0,7178510.0,29485
2023-05-10 21:03:01,fu2310,fu2310,2926.0,0.0,0.0,0.0,6,2927.0,2930.0,3,2909.0,2925.0,2941.0,2923.0,245.0,7178510.0,29485
2023-05-10 21:03:02,fu2310,fu2310,2926.0,0.0,0.0,0.0,7,2927.0,2929.0,8,2909.0,2925.0,2941.0,2923.0,245.0,7178510.0,29485
2023-05-10 21:03:03,fu2310,fu2310,2926.0,0.0,0.0,0.0,7,2926.0,2929.0,11,2909.0,2925.0,2941.0,2923.0,245.0,7178510.0,29485
2023-05-10 21:03:03,fu2310,fu2310,2926.0,0.0,0.0,0.0,7,2926.0,2929.0,13,2909.0,2925.0,2941.0,2923.0,245.0,7178510.0,29485
2023-05-10 21:03:04,fu2310,fu2310,2926.0,0.0,0.0,0.0,7,2926.0,2929.0,13,2909.0,2925.0,2941.0,2923.0,245.0,7178510.0,29485
2023-05-10 21:03:06,fu2310,fu2310,2926.0,0.0,0.0,0.0,8,2927.0,2929.0,9,2909.0,2925.0,2941.0,2923.0,245.0,7178510.0,29485
2023-05-10 21:03:06,fu2310,fu2310,2926.0,0.0,0.0,0.0,9,2927.0,2929.0,9,2909.0,2925.0,2941.0,2923.0,245.0,7178510.0,29485
2023-05-10 21:03:07,fu2310,fu2310,2926.0,0.0,0.0,0.0,9,2927.0,2929.0,9,2909.0,2925.0,2941.0,2923.0,245.0,7178510.0,29485
2023-05-10 21:03:08,fu2310,fu2310,2926.0,0.0,0.0,0.0,8,2928.0,2930.0,3,2909.0,2925.0,2941.0,2923.0,245.0,7178510.0,29485
2023-05-10 21:03:08,fu2310,fu2310,2926.0,0.0,0.0,0.0,9,2928.0,2930.0,12,2909.0,2925.0,2941.0,2923.0,245.0,7178510.0,29485
2023-05-10 21:03:11,fu2310,fu2310,2926.0,0.0,0.0,0.0,9,2928.0,2930.0,12,2909.0,2925.0,2941.0,2923.0,245.0,7178510.0,29485
2023-05-10 21:03:16,fu2310,fu2310,2926.0,0.0,0.0,0.0,6,2929.0,2930.0,1,2909.0,2925.0,2941.0,2923.0,245.0,7178510.0,29485
2023-05-10 21:03:16,fu2310,fu2310,2926.0,0.0,0.0,0.0,7,2929.0,2930.0,1,2909.0,2925.0,2941.0,2923.0,245.0,7178510.0,29485
2023-05-10 21:03:17,fu2310,fu2310,2926.0,0.0,0.0,0.0,9,2928.0,2930.0,10,2909.0,2925.0,2941.0,2923.0,245.0,7178510.0,29485
2023-05-10 21:03:23,fu2310,fu2310,2926.0,0.0,0.0,0.0,7,2927.0,2930.0,12,2909.0,2925.0,2941.0,2923.0,245.0,7178510.0,29485
2023-05-10 21:03:23,fu2310,fu2310,2926.0,0.0,0.0,0.0,7,2927.0,2930.0,14,2909.0,2925.0,2941.0,2923.0,245.0,7178510.0,29485
2023-05-10 21:03:28,fu2310,fu2310,2926.0,0.0,0.0,0.0,9,2926.0,2928.0,2,2909.0,2925.0,2941.0,2923.0,245.0,7178510.0,29485
2023-05-10 21:03:28,fu2310,fu2310,2926.0,0.0,0.0,0.0,2,2926.0,2928.0,12,2909.0,2925.0,2941.0,2923.0,245.0,7178510.0,29485
2023-05-10 21:03:29,fu2310,fu2310,2926.0,0.0,0.0,0.0,7,2925.0,2928.0,15,2909.0,2925.0,2941.0,2923.0,245.0,7178510.0,29485
2023-05-10 21:03:30,fu2310,fu2310,2926.0,0.0,0.0,0.0,7,2925.0,2927.0,5,2909.0,2925.0,2941.0,2923.0,245.0,7178510.0,29485
2023-05-10 21:03:30,fu2310,fu2310,2926.0,0.0,0.0,0.0,7,2925.0,2927.0,14,2909.0,2925.0,2941.0,2923.0,245.0,7178510.0,29485
2023-05-10 21:03:31,fu2310,fu2310,2926.0,0.0,0.0,0.0,7,2925.0,2927.0,14,2909.0,2925.0,2941.0,2923.0,245.0,7178510.0,29485
2023-05-10 21:03:34,fu2310,fu2310,2925.0,1.0,29250.0,0.0,6,2925.0,2927.0,14,2909.0,2925.0,2941.0,2923.0,246.0,7207760.0,29485
2023-05-10 21:03:36,fu2310,fu2310,2925.0,0.0,0.0,0.0,6,2926.0,2927.0,5,2909.0,2925.0,2941.0,2923.0,246.0,7207760.0,29485
2023-05-10 21:03:36,fu2310,fu2310,2925.0,0.0,0.0,0.0,6,2926.0,2927.0,5,2909.0,2925.0,2941.0,2923.0,246.0,7207760.0,29485
2023-05-10 21:03:38,fu2310,fu2310,2925.0,0.0,0.0,0.0,6,2925.0,2927.0,6,2909.0,2925.0,2941.0,2923.0,246.0,7207760.0,29485
2023-05-10 21:03:38,fu2310,fu2310,2925.0,0.0,0.0,0.0,6,2925.0,2927.0,14,2909.0,2925.0,2941.0,2923.0,246.0,7207760.0,29485
2023-05-10 21:03:40,fu2310,fu2310,2925.0,0.0,0.0,0.0,6,2925.0,2927.0,14,2909.0,2925.0,2941.0,2923.0,246.0,7207760.0,29485
2023-05-10 21:03:44,fu2310,fu2310,2925.0,0.0,0.0,0.0,6,2925.0,2927.0,9,2909.0,2925.0,2941.0,2923.0,246.0,7207760.0,29485
2023-05-10 21:03:45,fu2310,fu2310,2925.0,0.0,0.0,0.0,9,2924.0,2926.0,2,2909.0,2925.0,2941.0,2923.0,246.0,7207760.0,29485
2023-05-10 21:03:45,fu2310,fu2310,2925.0,0.0,0.0,0.0,9,2924.0,2926.0,11,2909.0,2925.0,2941.0,2923.0,246.0,7207760.0,29485
2023-05-10 21:03:46,fu2310,fu2310,2925.0,0.0,0.0,0.0,9,2924.0,2926.0,11,2909.0,2925.0,2941.0,2923.0,246.0,7207760.0,29485
2023-05-10 21:03:48,fu2310,fu2310,2926.0,1.0,29260.0,0.0,9,2924.0,2926.0,10,2909.0,2925.0,2941.0,2923.0,247.0,7237020.0,29485
2023-05-10 21:03:48,fu2310,fu2310,2926.0,0.0,0.0,0.0,6,2925.0,2927.0,8,2909.0,2925.0,2941.0,2923.0,247.0,7237020.0,29485
2023-05-10 21:03:49,fu2310,fu2310,2926.0,0.0,0.0,0.0,6,2925.0,2927.0,9,2909.0,2925.0,2941.0,2923.0,247.0,7237020.0,29485
2023-05-10 21:03:50,fu2310,fu2310,2926.0,0.0,0.0,0.0,6,2925.0,2927.0,9,2909.0,2925.0,2941.0,2923.0,247.0,7237020.0,29485
2023-05-10 21:03:50,fu2310,fu2310,2926.0,0.0,0.0,0.0,6,2926.0,2928.0,1,2909.0,2925.0,2941.0,2923.0,247.0,7237020.0,29485
2023-05-10 21:03:51,fu2310,fu2310,2926.0,0.0,0.0,0.0,8,2926.0,2928.0,10,2909.0,2925.0,2941.0,2923.0,247.0,7237020.0,29485
2023-05-10 21:03:51,fu2310,fu2310,2926.0,0.0,0.0,0.0,6,2925.0,2928.0,15,2909.0,2925.0,2941.0,2923.0,247.0,7237020.0,29485
2023-05-10 21:03:52,fu2310,fu2310,2926.0,0.0,0.0,0.0,6,2925.0,2928.0,15,2909.0,2925.0,2941.0,2923.0,247.0,7237020.0,29485
2023-05-10 21:03:55,fu2310,fu2310,2926.0,0.0,0.0,0.0,9,2924.0,2927.0,1,2909.0,2925.0,2941.0,2923.0,247.0,7237020.0,29485
2023-05-10 21:03:55,fu2310,fu2310,2926.0,0.0,0.0,0.0,9,2924.0,2926.0,8,2909.0,2925.0,2941.0,2923.0,247.0,7237020.0,29485
2023-05-10 21:03:56,fu2310,fu2310,2926.0,0.0,0.0,0.0,9,2924.0,2926.0,9,2909.0,2925.0,2941.0,2923.0,247.0,7237020.0,29485
2023-05-10 21:03:56,fu2310,fu2310,2926.0,0.0,0.0,0.0,9,2924.0,2926.0,9,2909.0,2925.0,2941.0,2923.0,247.0,7237020.0,29485
2023-05-10 21:04:01,fu2310,fu2310,2926.0,0.0,0.0,0.0,1,2924.0,2926.0,12,2909.0,2925.0,2941.0,2923.0,247.0,7237020.0,29485
2023-05-10 21:04:01,fu2310,fu2310,2926.0,0.0,0.0,0.0,7,2924.0,2926.0,1,2909.0,2925.0,2941.0,2923.0,247.0,7237020.0,29485
2023-05-10 21:04:03,fu2310,fu2310,2926.0,0.0,0.0,0.0,6,2925.0,2928.0,5,2909.0,2925.0,2941.0,2923.0,247.0,7237020.0,29485
2023-05-10 21:04:03,fu2310,fu2310,2926.0,0.0,0.0,0.0,6,2925.0,2928.0,16,2909.0,2925.0,2941.0,2923.0,247.0,7237020.0,29485
2023-05-10 21:04:07,fu2310,fu2310,2926.0,0.0,0.0,0.0,8,2926.0,2928.0,2,2909.0,2925.0,2941.0,2923.0,247.0,7237020.0,29485
2023-05-10 21:04:08,fu2310,fu2310,2926.0,0.0,0.0,0.0,10,2926.0,2928.0,2,2909.0,2925.0,2941.0,2923.0,247.0,7237020.0,29485
2023-05-10 21:04:10,fu2310,fu2310,2926.0,5.0,146300.0,0.0,5,2926.0,2928.0,2,2909.0,2925.0,2941.0,2923.0,252.0,7383320.0,29485
2023-05-10 21:04:10,fu2310,fu2310,2926.0,0.0,0.0,0.0,5,2926.0,2928.0,7,2909.0,2925.0,2941.0,2923.0,252.0,7383320.0,29485
2023-05-10 21:04:11,fu2310,fu2310,2928.0,2.0,58560.0,-1.0,5,2926.0,2928.0,5,2909.0,2925.0,2941.0,2923.0,254.0,7441880.0,29484
2023-05-10 21:04:12,fu2310,fu2310,2928.0,1.0,29280.0,-1.0,1,2927.0,2929.0,1,2909.0,2925.0,2941.0,2923.0,255.0,7471160.0,29483
2023-05-10 21:04:12,fu2310,fu2310,2928.0,0.0,0.0,0.0,2,2927.0,2929.0,5,2909.0,2925.0,2941.0,2923.0,255.0,7471160.0,29483
2023-05-10 21:04:13,fu2310,fu2310,2928.0,0.0,0.0,0.0,2,2927.0,2929.0,4,2909.0,2925.0,2941.0,2923.0,255.0,7471160.0,29483
2023-05-10 21:04:17,fu2310,fu2310,2928.0,0.0,0.0,0.0,1,2928.0,2929.0,4,2909.0,2925.0,2941.0,2923.0,255.0,7471160.0,29483
2023-05-10 21:04:17,fu2310,fu2310,2928.0,0.0,0.0,0.0,1,2928.0,2929.0,4,2909.0,2925.0,2941.0,2923.0,255.0,7471160.0,29483
2023-05-10 21:04:18,fu2310,fu2310,2928.0,1.0,29280.0,1.0,2,2927.0,2929.0,4,2909.0,2925.0,2941.0,2923.0,256.0,7500440.0,29484
2023-05-10 21:04:18,fu2310,fu2310,2928.0,0.0,0.0,0.0,6,2926.0,2929.0,6,2909.0,2925.0,2941.0,2923.0,256.0,7500440.0,29484
2023-05-10 21:04:19,fu2310,fu2310,2928.0,0.0,0.0,0.0,2,2927.0,2929.0,4,2909.0,2925.0,2941.0,2923.0,256.0,7500440.0,29484
2023-05-10 21:04:19,fu2310,fu2310,2928.0,0.0,0.0,0.0,3,2927.0,2929.0,4,2909.0,2925.0,2941.0,2923.0,256.0,7500440.0,29484
2023-05-10 21:04:20,fu2310,fu2310,2928.0,0.0,0.0,0.0,3,2927.0,2929.0,4,2909.0,2925.0,2941.0,2923.0,256.0,7500440.0,29484
2023-05-10 21:04:21,fu2310,fu2310,2928.0,0.0,0.0,0.0,4,2926.0,2928.0,4,2909.0,2925.0,2941.0,2923.0,256.0,7500440.0,29484
2023-05-10 21:04:22,fu2310,fu2310,2928.0,0.0,0.0,0.0,5,2926.0,2928.0,4,2909.0,2925.0,2941.0,2923.0,256.0,7500440.0,29484
2023-05-10 21:04:23,fu2310,fu2310,2928.0,0.0,0.0,0.0,2,2927.0,2929.0,4,2909.0,2925.0,2941.0,2923.0,256.0,7500440.0,29484
2023-05-10 21:04:23,fu2310,fu2310,2928.0,0.0,0.0,0.0,3,2927.0,2929.0,4,2909.0,2925.0,2941.0,2923.0,256.0,7500440.0,29484
2023-05-10 21:04:24,fu2310,fu2310,2928.0,0.0,0.0,0.0,3,2927.0,2929.0,4,2909.0,2925.0,2941.0,2923.0,256.0,7500440.0,29484
2023-05-10 21:04:24,fu2310,fu2310,2928.0,0.0,0.0,0.0,4,2926.0,2928.0,4,2909.0,2925.0,2941.0,2923.0,256.0,7500440.0,29484
2023-05-10 21:04:25,fu2310,fu2310,2928.0,0.0,0.0,0.0,5,2926.0,2928.0,4,2909.0,2925.0,2941.0,2923.0,256.0,7500440.0,29484
2023-05-10 21:04:26,fu2310,fu2310,2928.0,0.0,0.0,0.0,2,2927.0,2929.0,4,2909.0,2925.0,2941.0,2923.0,256.0,7500440.0,29484
2023-05-10 21:04:26,fu2310,fu2310,2928.0,0.0,0.0,0.0,3,2927.0,2929.0,4,2909.0,2925.0,2941.0,2923.0,256.0,7500440.0,29484
2023-05-10 21:04:27,fu2310,fu2310,2928.0,0.0,0.0,0.0,4,2927.0,2929.0,4,2909.0,2925.0,2941.0,2923.0,256.0,7500440.0,29484
2023-05-10 21:04:35,fu2310,fu2310,2928.0,0.0,0.0,0.0,1,2927.0,2928.0,4,2909.0,2925.0,2941.0,2923.0,256.0,7500440.0,29484
2023-05-10 21:04:36,fu2310,fu2310,2928.0,0.0,0.0,0.0,1,2927.0,2928.0,4,2909.0,2925.0,2941.0,2923.0,256.0,7500440.0,29484
2023-05-10 21:04:39,fu2310,fu2310,2927.0,1.0,29270.0,1.0,4,2926.0,2928.0,4,2909.0,2925.0,2941.0,2923.0,257.0,7529710.0,29485
2023-05-10 21:04:40,fu2310,fu2310,2927.0,0.0,0.0,0.0,5,2926.0,2928.0,4,2909.0,2925.0,2941.0,2923.0,257.0,7529710.0,29485
2023-05-10 21:04:40,fu2310,fu2310,2927.0,0.0,0.0,0.0,2,2925.0,2927.0,4,2909.0,2925.0,2941.0,2923.0,257.0,7529710.0,29485
2023-05-10 21:04:41,fu2310,fu2310,2927.0,0.0,0.0,0.0,2,2925.0,2927.0,4,2909.0,2925.0,2941.0,2923.0,257.0,7529710.0,29485
2023-05-10 21:04:50,fu2310,fu2310,2927.0,0.0,0.0,0.0,2,2926.0,2928.0,4,2909.0,2925.0,2941.0,2923.0,257.0,7529710.0,29485
2023-05-10 21:04:50,fu2310,fu2310,2927.0,0.0,0.0,0.0,2,2926.0,2928.0,4,2909.0,2925.0,2941.0,2923.0,257.0,7529710.0,29485
2023-05-10 21:04:58,fu2310,fu2310,2928.0,2.0,58560.0,-2.0,2,2926.0,2928.0,2,2909.0,2925.0,2941.0,2923.0,259.0,7588270.0,29483
2023-05-10 21:05:01,fu2310,fu2310,2928.0,0.0,0.0,0.0,2,2926.0,2928.0,2,2909.0,2925.0,2941.0,2923.0,259.0,7588270.0,29483
2023-05-10 21:05:01,fu2310,fu2310,2928.0,0.0,0.0,0.0,3,2926.0,2928.0,1,2909.0,2925.0,2941.0,2923.0,259.0,7588270.0,29483
2023-05-10 21:05:02,fu2310,fu2310,2928.0,0.0,0.0,0.0,4,2927.0,2928.0,1,2909.0,2925.0,2941.0,2923.0,259.0,7588270.0,29483
2023-05-10 21:05:04,fu2310,fu2310,2928.0,1.0,29280.0,-1.0,4,2927.0,2929.0,2,2909.0,2925.0,2941.0,2923.0,260.0,7617550.0,29482
2023-05-10 21:05:04,fu2310,fu2310,2928.0,0.0,0.0,0.0,4,2928.0,2930.0,3,2909.0,2925.0,2941.0,2923.0,260.0,7617550.0,29482
2023-05-10 21:05:05,fu2310,fu2310,2928.0,0.0,0.0,0.0,6,2928.0,2930.0,3,2909.0,2925.0,2941.0,2923.0,260.0,7617550.0,29482
2023-05-10 21:05:05,fu2310,fu2310,2928.0,0.0,0.0,0.0,4,2927.0,2929.0,2,2909.0,2925.0,2941.0,2923.0,260.0,7617550.0,29482
2023-05-10 21:05:06,fu2310,fu2310,2928.0,0.0,0.0,0.0,4,2927.0,2929.0,2,2909.0,2925.0,2941.0,2923.0,260.0,7617550.0,29482
2023-05-10 21:05:07,fu2310,fu2310,2928.0,0.0,0.0,0.0,4,2928.0,2930.0,5,2909.0,2925.0,2941.0,2923.0,260.0,7617550.0,29482
2023-05-10 21:05:07,fu2310,fu2310,2928.0,0.0,0.0,0.0,4,2928.0,2930.0,5,2909.0,2925.0,2941.0,2923.0,260.0,7617550.0,29482
2023-05-10 21:05:09,fu2310,fu2310,2928.0,0.0,0.0,0.0,4,2929.0,2930.0,1,2909.0,2925.0,2941.0,2923.0,260.0,7617550.0,29482
2023-05-10 21:05:09,fu2310,fu2310,2928.0,0.0,0.0,0.0,4,2929.0,2930.0,1,2909.0,2925.0,2941.0,2923.0,260.0,7617550.0,29482
2023-05-10 21:05:10,fu2310,fu2310,2930.0,1.0,29300.0,0.0,4,2929.0,2931.0,2,2909.0,2925.0,2941.0,2923.0,261.0,7646850.0,29482
2023-05-10 21:05:10,fu2310,fu2310,2930.0,0.0,0.0,0.0,4,2930.0,2932.0,2,2909.0,2925.0,2941.0,2923.0,261.0,7646850.0,29482
2023-05-10 21:05:11,fu2310,fu2310,2930.0,0.0,0.0,0.0,6,2930.0,2932.0,4,2909.0,2925.0,2941.0,2923.0,261.0,7646850.0,29482
2023-05-10 21:05:12,fu2310,fu2310,2930.0,0.0,0.0,0.0,4,2931.0,2933.0,16,2909.0,2925.0,2941.0,2923.0,261.0,7646850.0,29482
2023-05-10 21:05:12,fu2310,fu2310,2930.0,0.0,0.0,0.0,4,2931.0,2933.0,18,2909.0,2925.0,2941.0,2923.0,261.0,7646850.0,29482
2023-05-10 21:05:13,fu2310,fu2310,2931.0,4.0,117240.0,0.0,4,2930.0,2933.0,18,2909.0,2925.0,2941.0,2923.0,265.0,7764090.0,29482
2023-05-10 21:05:13,fu2310,fu2310,2931.0,0.0,0.0,0.0,2,2930.0,2932.0,6,2909.0,2925.0,2941.0,2923.0,265.0,7764090.0,29482
2023-05-10 21:05:14,fu2310,fu2310,2931.0,0.0,0.0,0.0,2,2930.0,2932.0,8,2909.0,2925.0,2941.0,2923.0,265.0,7764090.0,29482
2023-05-10 21:05:14,fu2310,fu2310,2931.0,0.0,0.0,0.0,2,2928.0,2931.0,6,2909.0,2925.0,2941.0,2923.0,265.0,7764090.0,29482
2023-05-10 21:05:15,fu2310,fu2310,2931.0,0.0,0.0,0.0,2,2929.0,2931.0,8,2909.0,2925.0,2941.0,2923.0,265.0,7764090.0,29482
2023-05-10 21:05:16,fu2310,fu2310,2931.0,0.0,0.0,0.0,4,2929.0,2932.0,8,2909.0,2925.0,2941.0,2923.0,265.0,7764090.0,29482
2023-05-10 21:05:17,fu2310,fu2310,2931.0,0.0,0.0,0.0,5,2929.0,2932.0,8,2909.0,2925.0,2941.0,2923.0,265.0,7764090.0,29482
2023-05-10 21:05:21,fu2310,fu2310,2931.0,0.0,0.0,0.0,2,2929.0,2931.0,6,2909.0,2925.0,2941.0,2923.0,265.0,7764090.0,29482
2023-05-10 21:05:22,fu2310,fu2310,2931.0,0.0,0.0,0.0,2,2929.0,2931.0,8,2909.0,2925.0,2941.0,2923.0,265.0,7764090.0,29482
2023-05-10 21:05:23,fu2310,fu2310,2931.0,1.0,29310.0,0.0,2,2929.0,2931.0,7,2909.0,2925.0,2941.0,2923.0,266.0,7793400.0,29482
2023-05-10 21:05:23,fu2310,fu2310,2931.0,0.0,0.0,0.0,3,2929.0,2931.0,7,2909.0,2925.0,2941.0,2923.0,266.0,7793400.0,29482
2023-05-10 21:05:25,fu2310,fu2310,2931.0,0.0,0.0,0.0,5,2928.0,2930.0,5,2909.0,2925.0,2941.0,2923.0,266.0,7793400.0,29482
2023-05-10 21:05:25,fu2310,fu2310,2931.0,0.0,0.0,0.0,5,2928.0,2930.0,7,2909.0,2925.0,2941.0,2923.0,266.0,7793400.0,29482
2023-05-10 21:05:27,fu2310,fu2310,2931.0,0.0,0.0,0.0,3,2928.0,2930.0,7,2909.0,2925.0,2941.0,2923.0,266.0,7793400.0,29482
2023-05-10 21:05:28,fu2310,fu2310,2931.0,0.0,0.0,0.0,1,2927.0,2929.0,5,2909.0,2925.0,2941.0,2923.0,266.0,7793400.0,29482
2023-05-10 21:05:28,fu2310,fu2310,2931.0,0.0,0.0,0.0,1,2927.0,2928.0,1,2909.0,2925.0,2941.0,2923.0,266.0,7793400.0,29482
2023-05-10 21:05:30,fu2310,fu2310,2931.0,0.0,0.0,0.0,5,2926.0,2928.0,8,2909.0,2925.0,2941.0,2923.0,266.0,7793400.0,29482
2023-05-10 21:05:30,fu2310,fu2310,2931.0,0.0,0.0,0.0,5,2926.0,2928.0,8,2909.0,2925.0,2941.0,2923.0,266.0,7793400.0,29482
2023-05-10 21:05:31,fu2310,fu2310,2931.0,0.0,0.0,0.0,1,2925.0,2927.0,5,2909.0,2925.0,2941.0,2923.0,266.0,7793400.0,29482
2023-05-10 21:05:32,fu2310,fu2310,2931.0,0.0,0.0,0.0,1,2925.0,2927.0,7,2909.0,2925.0,2941.0,2923.0,266.0,7793400.0,29482
2023-05-10 21:05:33,fu2310,fu2310,2931.0,0.0,0.0,0.0,1,2926.0,2928.0,8,2909.0,2925.0,2941.0,2923.0,266.0,7793400.0,29482
2023-05-10 21:05:33,fu2310,fu2310,2931.0,0.0,0.0,0.0,1,2927.0,2928.0,1,2909.0,2925.0,2941.0,2923.0,266.0,7793400.0,29482
2023-05-10 21:05:34,fu2310,fu2310,2928.0,1.0,29280.0,0.0,1,2927.0,2929.0,7,2909.0,2925.0,2941.0,2923.0,267.0,7822680.0,29482
2023-05-10 21:05:34,fu2310,fu2310,2928.0,0.0,0.0,0.0,1,2928.0,2930.0,7,2909.0,2925.0,2941.0,2923.0,267.0,7822680.0,29482
2023-05-10 21:05:35,fu2310,fu2310,2928.0,0.0,0.0,0.0,3,2928.0,2930.0,7,2909.0,2925.0,2941.0,2923.0,267.0,7822680.0,29482
2023-05-10 21:05:36,fu2310,fu2310,2928.0,0.0,0.0,0.0,1,2929.0,2931.0,7,2909.0,2925.0,2941.0,2923.0,267.0,7822680.0,29482
2023-05-10 21:05:36,fu2310,fu2310,2928.0,0.0,0.0,0.0,1,2929.0,2931.0,7,2909.0,2925.0,2941.0,2923.0,267.0,7822680.0,29482
2023-05-10 21:05:37,fu2310,fu2310,2928.0,1.0,29280.0,0.0,2,2928.0,2930.0,5,2909.0,2925.0,2941.0,2923.0,268.0,7851960.0,29482
2023-05-10 21:05:37,fu2310,fu2310,2928.0,0.0,0.0,0.0,2,2928.0,2930.0,7,2909.0,2925.0,2941.0,2923.0,268.0,7851960.0,29482
2023-05-10 21:05:46,fu2310,fu2310,2928.0,0.0,0.0,0.0,1,2929.0,2931.0,7,2909.0,2925.0,2941.0,2923.0,268.0,7851960.0,29482
2023-05-10 21:05:47,fu2310,fu2310,2928.0,0.0,0.0,0.0,1,2929.0,2931.0,7,2909.0,2925.0,2941.0,2923.0,268.0,7851960.0,29482
2023-05-10 21:05:47,fu2310,fu2310,2928.0,0.0,0.0,0.0,2,2928.0,2930.0,5,2909.0,2925.0,2941.0,2923.0,268.0,7851960.0,29482
2023-05-10 21:05:48,fu2310,fu2310,2928.0,0.0,0.0,0.0,2,2928.0,2930.0,7,2909.0,2925.0,2941.0,2923.0,268.0,7851960.0,29482
2023-05-10 21:05:49,fu2310,fu2310,2928.0,0.0,0.0,0.0,1,2929.0,2931.0,8,2909.0,2925.0,2941.0,2923.0,268.0,7851960.0,29482
2023-05-10 21:05:49,fu2310,fu2310,2928.0,0.0,0.0,0.0,1,2929.0,2931.0,8,2909.0,2925.0,2941.0,2923.0,268.0,7851960.0,29482
2023-05-10 21:05:52,fu2310,fu2310,2928.0,0.0,0.0,0.0,4,2928.0,2930.0,5,2909.0,2925.0,2941.0,2923.0,268.0,7851960.0,29482
2023-05-10 21:05:52,fu2310,fu2310,2928.0,0.0,0.0,0.0,1,2929.0,2931.0,8,2909.0,2925.0,2941.0,2923.0,268.0,7851960.0,29482
2023-05-10 21:05:54,fu2310,fu2310,2928.0,0.0,0.0,0.0,4,2928.0,2930.0,5,2909.0,2925.0,2941.0,2923.0,268.0,7851960.0,29482
2023-05-10 21:05:54,fu2310,fu2310,2928.0,0.0,0.0,0.0,4,2928.0,2930.0,7,2909.0,2925.0,2941.0,2923.0,268.0,7851960.0,29482
2023-05-10 21:05:55,fu2310,fu2310,2928.0,0.0,0.0,0.0,1,2929.0,2931.0,8,2909.0,2925.0,2941.0,2923.0,268.0,7851960.0,29482
2023-05-10 21:05:56,fu2310,fu2310,2928.0,0.0,0.0,0.0,1,2930.0,2931.0,1,2909.0,2925.0,2941.0,2923.0,268.0,7851960.0,29482
2023-05-10 21:05:56,fu2310,fu2310,2931.0,1.0,29310.0,1.0,1,2931.0,2933.0,19,2909.0,2925.0,2941.0,2923.0,269.0,7881270.0,29483
2023-05-10 21:05:57,fu2310,fu2310,2931.0,0.0,0.0,0.0,1,2931.0,2933.0,21,2909.0,2925.0,2941.0,2923.0,269.0,7881270.0,29483
2023-05-10 21:06:01,fu2310,fu2310,2931.0,1.0,29310.0,0.0,8,2930.0,2931.0,4,2909.0,2925.0,2941.0,2923.0,270.0,7910580.0,29483
2023-05-10 21:06:01,fu2310,fu2310,2931.0,4.0,117240.0,-3.0,8,2930.0,2933.0,21,2909.0,2925.0,2941.0,2923.0,274.0,8027820.0,29480
2023-05-10 21:06:02,fu2310,fu2310,2931.0,0.0,0.0,0.0,2,2931.0,2933.0,25,2909.0,2925.0,2941.0,2923.0,274.0,8027820.0,29480
2023-05-10 21:06:02,fu2310,fu2310,2931.0,0.0,0.0,0.0,10,2930.0,2933.0,25,2909.0,2925.0,2941.0,2923.0,274.0,8027820.0,29480
2023-05-10 21:06:03,fu2310,fu2310,2931.0,0.0,0.0,0.0,1,2931.0,2933.0,14,2909.0,2925.0,2941.0,2923.0,274.0,8027820.0,29480
2023-05-10 21:06:03,fu2310,fu2310,2931.0,0.0,0.0,0.0,4,2931.0,2933.0,14,2909.0,2925.0,2941.0,2923.0,274.0,8027820.0,29480
2023-05-10 21:06:04,fu2310,fu2310,2931.0,0.0,0.0,0.0,4,2931.0,2933.0,14,2909.0,2925.0,2941.0,2923.0,274.0,8027820.0,29480
2023-05-10 21:06:04,fu2310,fu2310,2933.0,14.0,410620.0,0.0,10,2931.0,2935.0,7,2909.0,2925.0,2941.0,2923.0,288.0,8438440.0,29480
2023-05-10 21:06:05,fu2310,fu2310,2933.0,0.0,0.0,0.0,2,2932.0,2935.0,13,2909.0,2925.0,2941.0,2923.0,288.0,8438440.0,29480
2023-05-10 21:06:05,fu2310,fu2310,2933.0,0.0,0.0,0.0,4,2933.0,2935.0,1,2909.0,2925.0,2941.0,2923.0,288.0,8438440.0,29480
2023-05-10 21:06:06,fu2310,fu2310,2933.0,0.0,0.0,0.0,1,2934.0,2935.0,1,2909.0,2925.0,2941.0,2923.0,288.0,8438440.0,29480
2023-05-10 21:06:06,fu2310,fu2310,2933.0,0.0,0.0,0.0,1,2934.0,2935.0,1,2909.0,2925.0,2941.0,2923.0,288.0,8438440.0,29480
2023-05-10 21:06:07,fu2310,fu2310,2935.0,1.0,29350.0,1.0,5,2934.0,2937.0,6,2909.0,2925.0,2941.0,2923.0,289.0,8467790.0,29481
2023-05-10 21:06:07,fu2310,fu2310,2935.0,0.0,0.0,0.0,5,2934.0,2937.0,12,2909.0,2925.0,2941.0,2923.0,289.0,8467790.0,29481
2023-05-10 21:06:08,fu2310,fu2310,2935.0,0.0,0.0,0.0,1,2934.0,2936.0,6,2909.0,2925.0,2941.0,2923.0,289.0,8467790.0,29481
2023-05-10 21:06:09,fu2310,fu2310,2935.0,0.0,0.0,0.0,1,2934.0,2936.0,12,2909.0,2925.0,2941.0,2923.0,289.0,8467790.0,29481
2023-05-10 21:06:12,fu2310,fu2310,2934.0,1.0,29340.0,-1.0,3,2933.0,2935.0,6,2909.0,2925.0,2941.0,2923.0,290.0,8497130.0,29480
2023-05-10 21:06:12,fu2310,fu2310,2933.0,3.0,87990.0,0.0,3,2932.0,2935.0,12,2909.0,2925.0,2941.0,2923.0,293.0,8585120.0,29480
2023-05-10 21:06:13,fu2310,fu2310,2933.0,0.0,0.0,0.0,5,2932.0,2935.0,12,2909.0,2925.0,2941.0,2923.0,293.0,8585120.0,29480
2023-05-10 21:06:13,fu2310,fu2310,2933.0,0.0,0.0,0.0,3,2932.0,2935.0,12,2909.0,2925.0,2941.0,2923.0,293.0,8585120.0,29480
2023-05-10 21:06:16,fu2310,fu2310,2933.0,0.0,0.0,0.0,2,2933.0,2936.0,8,2909.0,2925.0,2941.0,2923.0,293.0,8585120.0,29480
2023-05-10 21:06:17,fu2310,fu2310,2933.0,0.0,0.0,0.0,2,2933.0,2936.0,12,2909.0,2925.0,2941.0,2923.0,293.0,8585120.0,29480
2023-05-10 21:06:17,fu2310,fu2310,2933.0,0.0,0.0,0.0,2,2933.0,2936.0,12,2909.0,2925.0,2941.0,2923.0,293.0,8585120.0,29480
2023-05-10 21:06:18,fu2310,fu2310,2933.0,0.0,0.0,0.0,2,2933.0,2936.0,12,2909.0,2925.0,2941.0,2923.0,293.0,8585120.0,29480
2023-05-10 21:06:18,fu2310,fu2310,2933.0,0.0,0.0,0.0,2,2934.0,2937.0,8,2909.0,2925.0,2941.0,2923.0,293.0,8585120.0,29480
2023-05-10 21:06:19,fu2310,fu2310,2933.0,0.0,0.0,0.0,4,2934.0,2937.0,12,2909.0,2925.0,2941.0,2923.0,293.0,8585120.0,29480
2023-05-10 21:06:20,fu2310,fu2310,2933.0,0.0,0.0,0.0,2,2934.0,2936.0,6,2909.0,2925.0,2941.0,2923.0,293.0,8585120.0,29480
2023-05-10 21:06:20,fu2310,fu2310,2933.0,0.0,0.0,0.0,2,2934.0,2936.0,12,2909.0,2925.0,2941.0,2923.0,293.0,8585120.0,29480
2023-05-10 21:06:21,fu2310,fu2310,2933.0,0.0,0.0,0.0,3,2934.0,2936.0,12,2909.0,2925.0,2941.0,2923.0,293.0,8585120.0,29480
2023-05-10 21:06:23,fu2310,fu2310,2933.0,0.0,0.0,0.0,3,2934.0,2936.0,12,2909.0,2925.0,2941.0,2923.0,293.0,8585120.0,29480
2023-05-10 21:06:25,fu2310,fu2310,2933.0,0.0,0.0,0.0,3,2934.0,2936.0,12,2909.0,2925.0,2941.0,2923.0,293.0,8585120.0,29480
2023-05-10 21:06:32,fu2310,fu2310,2933.0,0.0,0.0,0.0,3,2934.0,2936.0,12,2909.0,2925.0,2941.0,2923.0,293.0,8585120.0,29480
2023-05-10 21:06:33,fu2310,fu2310,2933.0,0.0,0.0,0.0,5,2934.0,2937.0,8,2909.0,2925.0,2941.0,2923.0,293.0,8585120.0,29480
2023-05-10 21:06:33,fu2310,fu2310,2933.0,0.0,0.0,0.0,5,2934.0,2937.0,12,2909.0,2925.0,2941.0,2923.0,293.0,8585120.0,29480
2023-05-10 21:06:36,fu2310,fu2310,2933.0,0.0,0.0,0.0,3,2934.0,2936.0,6,2909.0,2925.0,2941.0,2923.0,293.0,8585120.0,29480
2023-05-10 21:06:36,fu2310,fu2310,2933.0,0.0,0.0,0.0,3,2934.0,2936.0,12,2909.0,2925.0,2941.0,2923.0,293.0,8585120.0,29480
2023-05-10 21:06:42,fu2310,fu2310,2933.0,0.0,0.0,0.0,5,2934.0,2937.0,8,2909.0,2925.0,2941.0,2923.0,293.0,8585120.0,29480
2023-05-10 21:06:43,fu2310,fu2310,2933.0,0.0,0.0,0.0,5,2934.0,2937.0,12,2909.0,2925.0,2941.0,2923.0,293.0,8585120.0,29480
2023-05-10 21:06:48,fu2310,fu2310,2933.0,0.0,0.0,0.0,13,2934.0,2938.0,6,2909.0,2925.0,2941.0,2923.0,293.0,8585120.0,29480
2023-05-10 21:06:48,fu2310,fu2310,2933.0,0.0,0.0,0.0,24,2934.0,2938.0,12,2909.0,2925.0,2941.0,2923.0,293.0,8585120.0,29480
2023-05-10 21:06:51,fu2310,fu2310,2933.0,0.0,0.0,0.0,1,2935.0,2938.0,12,2909.0,2925.0,2941.0,2923.0,293.0,8585120.0,29480
2023-05-10 21:06:52,fu2310,fu2310,2933.0,0.0,0.0,0.0,3,2935.0,2938.0,12,2909.0,2925.0,2941.0,2923.0,293.0,8585120.0,29480
2023-05-10 21:06:52,fu2310,fu2310,2933.0,0.0,0.0,0.0,4,2935.0,2938.0,12,2909.0,2925.0,2941.0,2923.0,293.0,8585120.0,29480
2023-05-10 21:06:53,fu2310,fu2310,2933.0,0.0,0.0,0.0,4,2935.0,2938.0,12,2909.0,2925.0,2941.0,2923.0,293.0,8585120.0,29480
2023-05-10 21:06:54,fu2310,fu2310,2933.0,0.0,0.0,0.0,5,2935.0,2938.0,12,2909.0,2925.0,2941.0,2923.0,293.0,8585120.0,29480
2023-05-10 21:06:54,fu2310,fu2310,2933.0,0.0,0.0,0.0,2,2936.0,2939.0,11,2909.0,2925.0,2941.0,2923.0,293.0,8585120.0,29480
2023-05-10 21:06:55,fu2310,fu2310,2933.0,0.0,0.0,0.0,4,2936.0,2939.0,13,2909.0,2925.0,2941.0,2923.0,293.0,8585120.0,29480
2023-05-10 21:06:55,fu2310,fu2310,2933.0,0.0,0.0,0.0,4,2936.0,2939.0,13,2909.0,2925.0,2941.0,2923.0,293.0,8585120.0,29480
2023-05-10 21:06:56,fu2310,fu2310,2933.0,0.0,0.0,0.0,2,2936.0,2938.0,6,2909.0,2925.0,2941.0,2923.0,293.0,8585120.0,29480
2023-05-10 21:06:56,fu2310,fu2310,2933.0,0.0,0.0,0.0,2,2936.0,2938.0,12,2909.0,2925.0,2941.0,2923.0,293.0,8585120.0,29480
2023-05-10 21:06:57,fu2310,fu2310,2933.0,0.0,0.0,0.0,4,2936.0,2939.0,13,2909.0,2925.0,2941.0,2923.0,293.0,8585120.0,29480
2023-05-10 21:06:59,fu2310,fu2310,2933.0,0.0,0.0,0.0,2,2936.0,2938.0,6,2909.0,2925.0,2941.0,2923.0,293.0,8585120.0,29480
2023-05-10 21:06:59,fu2310,fu2310,2933.0,0.0,0.0,0.0,2,2936.0,2938.0,12,2909.0,2925.0,2941.0,2923.0,293.0,8585120.0,29480
2023-05-10 21:07:04,fu2310,fu2310,2933.0,0.0,0.0,0.0,3,2936.0,2937.0,1,2909.0,2925.0,2941.0,2923.0,293.0,8585120.0,29480
2023-05-10 21:07:04,fu2310,fu2310,2937.0,1.0,29370.0,0.0,4,2936.0,2939.0,19,2909.0,2925.0,2941.0,2923.0,294.0,8614490.0,29480
2023-05-10 21:07:05,fu2310,fu2310,2937.0,0.0,0.0,0.0,4,2936.0,2939.0,20,2909.0,2925.0,2941.0,2923.0,294.0,8614490.0,29480
2023-05-10 21:07:05,fu2310,fu2310,2937.0,0.0,0.0,0.0,4,2936.0,2939.0,20,2909.0,2925.0,2941.0,2923.0,294.0,8614490.0,29480
2023-05-10 21:07:08,fu2310,fu2310,2937.0,0.0,0.0,0.0,4,2936.0,2939.0,19,2909.0,2925.0,2941.0,2923.0,294.0,8614490.0,29480
2023-05-10 21:07:08,fu2310,fu2310,2937.0,0.0,0.0,0.0,13,2936.0,2939.0,1,2909.0,2925.0,2941.0,2923.0,294.0,8614490.0,29480
2023-05-10 21:07:09,fu2310,fu2310,2936.0,1.0,29360.0,-1.0,12,2936.0,2939.0,1,2909.0,2925.0,2941.0,2923.0,295.0,8643850.0,29479
2023-05-10 21:07:10,fu2310,fu2310,2936.0,0.0,0.0,0.0,5,2937.0,2939.0,1,2909.0,2925.0,2941.0,2923.0,295.0,8643850.0,29479
2023-05-10 21:07:10,fu2310,fu2310,2939.0,1.0,29390.0,0.0,1,2938.0,2940.0,2,2909.0,2925.0,2941.0,2923.0,296.0,8673240.0,29479
2023-05-10 21:07:11,fu2310,fu2310,2939.0,0.0,0.0,0.0,2,2938.0,2940.0,2,2909.0,2925.0,2941.0,2923.0,296.0,8673240.0,29479
2023-05-10 21:07:11,fu2310,fu2310,2939.0,0.0,0.0,0.0,2,2938.0,2940.0,2,2909.0,2925.0,2941.0,2923.0,296.0,8673240.0,29479
2023-05-10 21:07:15,fu2310,fu2310,2939.0,0.0,0.0,0.0,2,2938.0,2940.0,3,2909.0,2925.0,2941.0,2923.0,296.0,8673240.0,29479
2023-05-10 21:07:15,fu2310,fu2310,2940.0,2.0,58800.0,-1.0,4,2937.0,2940.0,19,2909.0,2925.0,2941.0,2923.0,298.0,8732040.0,29478
2023-05-10 21:07:16,fu2310,fu2310,2937.0,1.0,29370.0,0.0,4,2937.0,2939.0,1,2909.0,2925.0,2941.0,2923.0,299.0,8761410.0,29478
2023-05-10 21:07:16,fu2310,fu2310,2937.0,0.0,0.0,0.0,2,2938.0,2940.0,1,2909.0,2925.0,2941.0,2923.0,299.0,8761410.0,29478
2023-05-10 21:07:17,fu2310,fu2310,2937.0,0.0,0.0,0.0,2,2938.0,2940.0,1,2909.0,2925.0,2941.0,2923.0,299.0,8761410.0,29478
2023-05-10 21:07:20,fu2310,fu2310,2937.0,0.0,0.0,0.0,10,2938.0,2940.0,1,2909.0,2925.0,2941.0,2923.0,299.0,8761410.0,29478
2023-05-10 21:07:20,fu2310,fu2310,2937.0,0.0,0.0,0.0,10,2938.0,2940.0,1,2909.0,2925.0,2941.0,2923.0,299.0,8761410.0,29478
2023-05-10 21:07:21,fu2310,fu2310,2937.0,0.0,0.0,0.0,10,2938.0,2940.0,1,2909.0,2925.0,2941.0,2923.0,299.0,8761410.0,29478
2023-05-10 21:07:22,fu2310,fu2310,2940.0,1.0,29400.0,1.0,2,2939.0,2943.0,6,2909.0,2925.0,2941.0,2923.0,300.0,8790810.0,29479
2023-05-10 21:07:22,fu2310,fu2310,2940.0,0.0,0.0,0.0,3,2940.0,2942.0,1,2909.0,2925.0,2941.0,2923.0,300.0,8790810.0,29479
2023-05-10 21:07:23,fu2310,fu2310,2940.0,0.0,0.0,0.0,12,2940.0,2943.0,1,2909.0,2925.0,2941.0,2923.0,300.0,8790810.0,29479
2023-05-10 21:07:23,fu2310,fu2310,2940.0,0.0,0.0,0.0,3,2940.0,2942.0,1,2909.0,2925.0,2941.0,2923.0,300.0,8790810.0,29479
2023-05-10 21:07:24,fu2310,fu2310,2940.0,2.0,58800.0,0.0,2,2939.0,2942.0,20,2909.0,2925.0,2941.0,2923.0,302.0,8849610.0,29479
2023-05-10 21:07:24,fu2310,fu2310,2940.0,0.0,0.0,0.0,1,2939.0,2942.0,20,2909.0,2925.0,2941.0,2923.0,302.0,8849610.0,29479
2023-05-10 21:07:25,fu2310,fu2310,2940.0,0.0,0.0,0.0,3,2937.0,2941.0,6,2909.0,2925.0,2941.0,2923.0,302.0,8849610.0,29479
2023-05-10 21:07:25,fu2310,fu2310,2940.0,0.0,0.0,0.0,3,2938.0,2940.0,2,2909.0,2925.0,2941.0,2923.0,302.0,8849610.0,29479
2023-05-10 21:07:26,fu2310,fu2310,2940.0,0.0,0.0,0.0,3,2938.0,2940.0,1,2909.0,2925.0,2941.0,2923.0,302.0,8849610.0,29479
2023-05-10 21:07:26,fu2310,fu2310,2940.0,0.0,0.0,0.0,3,2938.0,2940.0,1,2909.0,2925.0,2941.0,2923.0,302.0,8849610.0,29479
2023-05-10 21:07:32,fu2310,fu2310,2938.0,1.0,29380.0,-1.0,2,2938.0,2940.0,1,2909.0,2925.0,2941.0,2923.0,303.0,8878990.0,29478
2023-05-10 21:07:32,fu2310,fu2310,2938.0,0.0,0.0,0.0,3,2938.0,2941.0,18,2909.0,2925.0,2941.0,2923.0,303.0,8878990.0,29478
2023-05-10 21:07:33,fu2310,fu2310,2938.0,0.0,0.0,0.0,1,2939.0,2942.0,19,2909.0,2925.0,2941.0,2923.0,303.0,8878990.0,29478
2023-05-10 21:07:33,fu2310,fu2310,2938.0,0.0,0.0,0.0,2,2939.0,2941.0,2,2909.0,2925.0,2941.0,2923.0,303.0,8878990.0,29478
2023-05-10 21:07:34,fu2310,fu2310,2941.0,2.0,58820.0,0.0,1,2940.0,2943.0,18,2909.0,2925.0,2941.0,2923.0,305.0,8937810.0,29478
2023-05-10 21:07:34,fu2310,fu2310,2941.0,0.0,0.0,0.0,2,2940.0,2942.0,1,2909.0,2925.0,2941.0,2923.0,305.0,8937810.0,29478
2023-05-10 21:07:35,fu2310,fu2310,2941.0,0.0,0.0,0.0,1,2941.0,2943.0,1,2909.0,2925.0,2941.0,2923.0,305.0,8937810.0,29478
2023-05-10 21:07:35,fu2310,fu2310,2941.0,0.0,0.0,0.0,2,2941.0,2943.0,1,2909.0,2925.0,2941.0,2923.0,305.0,8937810.0,29478
2023-05-10 21:07:36,fu2310,fu2310,2941.0,0.0,0.0,0.0,2,2941.0,2943.0,1,2909.0,2925.0,2941.0,2923.0,305.0,8937810.0,29478
2023-05-10 21:07:37,fu2310,fu2310,2941.0,0.0,0.0,0.0,5,2939.0,2943.0,10,2909.0,2925.0,2941.0,2923.0,305.0,8937810.0,29478
2023-05-10 21:07:37,fu2310,fu2310,2941.0,0.0,0.0,0.0,3,2940.0,2943.0,20,2909.0,2925.0,2941.0,2923.0,305.0,8937810.0,29478
2023-05-10 21:07:38,fu2310,fu2310,2941.0,0.0,0.0,0.0,4,2940.0,2943.0,20,2909.0,2925.0,2941.0,2923.0,305.0,8937810.0,29478
2023-05-10 21:07:38,fu2310,fu2310,2941.0,0.0,0.0,0.0,4,2940.0,2943.0,20,2909.0,2925.0,2941.0,2923.0,305.0,8937810.0,29478
2023-05-10 21:07:39,fu2310,fu2310,2941.0,0.0,0.0,0.0,3,2940.0,2943.0,20,2909.0,2925.0,2941.0,2923.0,305.0,8937810.0,29478
2023-05-10 21:07:39,fu2310,fu2310,2940.0,2.0,58800.0,1.0,1,2940.0,2942.0,6,2909.0,2925.0,2941.0,2923.0,307.0,8996610.0,29479
2023-05-10 21:07:40,fu2310,fu2310,2940.0,0.0,0.0,0.0,1,2940.0,2941.0,2,2909.0,2925.0,2941.0,2923.0,307.0,8996610.0,29479
2023-05-10 21:07:40,fu2310,fu2310,2940.0,0.0,0.0,0.0,1,2940.0,2941.0,1,2909.0,2925.0,2941.0,2923.0,307.0,8996610.0,29479
2023-05-10 21:07:41,fu2310,fu2310,2940.0,1.0,29400.0,-1.0,2,2937.0,2941.0,19,2909.0,2925.0,2941.0,2923.0,308.0,9026010.0,29478
2023-05-10 21:07:41,fu2310,fu2310,2940.0,0.0,0.0,0.0,2,2938.0,2940.0,2,2909.0,2925.0,2941.0,2923.0,308.0,9026010.0,29478
2023-05-10 21:07:42,fu2310,fu2310,2940.0,0.0,0.0,0.0,1,2938.0,2940.0,1,2909.0,2925.0,2941.0,2923.0,308.0,9026010.0,29478
2023-05-10 21:07:42,fu2310,fu2310,2940.0,0.0,0.0,0.0,1,2938.0,2940.0,1,2909.0,2925.0,2941.0,2923.0,308.0,9026010.0,29478
2023-05-10 21:07:47,fu2310,fu2310,2940.0,0.0,0.0,0.0,3,2937.0,2940.0,9,2909.0,2925.0,2941.0,2923.0,308.0,9026010.0,29478
2023-05-10 21:07:47,fu2310,fu2310,2940.0,0.0,0.0,0.0,2,2938.0,2940.0,19,2909.0,2925.0,2941.0,2923.0,308.0,9026010.0,29478
2023-05-10 21:07:48,fu2310,fu2310,2940.0,0.0,0.0,0.0,2,2938.0,2940.0,19,2909.0,2925.0,2941.0,2923.0,308.0,9026010.0,29478
2023-05-10 21:07:58,fu2310,fu2310,2940.0,0.0,0.0,0.0,3,2938.0,2941.0,8,2909.0,2925.0,2941.0,2923.0,308.0,9026010.0,29478
2023-05-10 21:07:58,fu2310,fu2310,2940.0,0.0,0.0,0.0,4,2938.0,2940.0,2,2909.0,2925.0,2941.0,2923.0,308.0,9026010.0,29478
2023-05-10 21:07:59,fu2310,fu2310,2940.0,0.0,0.0,0.0,4,2938.0,2940.0,2,2909.0,2925.0,2941.0,2923.0,308.0,9026010.0,29478
2023-05-10 21:08:01,fu2310,fu2310,2940.0,0.0,0.0,0.0,4,2938.0,2940.0,2,2909.0,2925.0,2941.0,2923.0,308.0,9026010.0,29478
2023-05-10 21:08:02,fu2310,fu2310,2940.0,0.0,0.0,0.0,2,2938.0,2940.0,11,2909.0,2925.0,2941.0,2923.0,308.0,9026010.0,29478
2023-05-10 21:08:02,fu2310,fu2310,2940.0,0.0,0.0,0.0,2,2938.0,2940.0,21,2909.0,2925.0,2941.0,2923.0,308.0,9026010.0,29478
2023-05-10 21:08:03,fu2310,fu2310,2938.0,2.0,58760.0,2.0,3,2937.0,2940.0,21,2909.0,2925.0,2941.0,2923.0,310.0,9084770.0,29480
2023-05-10 21:08:04,fu2310,fu2310,2938.0,0.0,0.0,0.0,1,2936.0,2939.0,6,2909.0,2925.0,2941.0,2923.0,310.0,9084770.0,29480
2023-05-10 21:08:04,fu2310,fu2310,2938.0,0.0,0.0,0.0,1,2937.0,2939.0,19,2909.0,2925.0,2941.0,2923.0,310.0,9084770.0,29480
2023-05-10 21:08:05,fu2310,fu2310,2938.0,0.0,0.0,0.0,4,2936.0,2939.0,19,2909.0,2925.0,2941.0,2923.0,310.0,9084770.0,29480
2023-05-10 21:08:06,fu2310,fu2310,2938.0,0.0,0.0,0.0,11,2936.0,2940.0,8,2909.0,2925.0,2941.0,2923.0,310.0,9084770.0,29480
2023-05-10 21:08:07,fu2310,fu2310,2938.0,0.0,0.0,0.0,17,2936.0,2939.0,2,2909.0,2925.0,2941.0,2923.0,310.0,9084770.0,29480
2023-05-10 21:08:10,fu2310,fu2310,2938.0,0.0,0.0,0.0,4,2936.0,2939.0,11,2909.0,2925.0,2941.0,2923.0,310.0,9084770.0,29480
2023-05-10 21:08:10,fu2310,fu2310,2938.0,0.0,0.0,0.0,4,2936.0,2939.0,21,2909.0,2925.0,2941.0,2923.0,310.0,9084770.0,29480
2023-05-10 21:08:12,fu2310,fu2310,2938.0,0.0,0.0,0.0,1,2937.0,2938.0,6,2909.0,2925.0,2941.0,2923.0,310.0,9084770.0,29480
2023-05-10 21:08:12,fu2310,fu2310,2937.0,1.0,29370.0,-1.0,2,2936.0,2938.0,19,2909.0,2925.0,2941.0,2923.0,311.0,9114140.0,29479
2023-05-10 21:08:13,fu2310,fu2310,2937.0,0.0,0.0,0.0,2,2936.0,2938.0,19,2909.0,2925.0,2941.0,2923.0,311.0,9114140.0,29479
2023-05-10 21:08:15,fu2310,fu2310,2936.0,2.0,58720.0,2.0,4,2935.0,2937.0,6,2909.0,2925.0,2941.0,2923.0,313.0,9172860.0,29481
2023-05-10 21:08:15,fu2310,fu2310,2936.0,0.0,0.0,0.0,4,2935.0,2937.0,19,2909.0,2925.0,2941.0,2923.0,313.0,9172860.0,29481
2023-05-10 21:08:16,fu2310,fu2310,2935.0,4.0,117400.0,0.0,2,2934.0,2936.0,6,2909.0,2925.0,2941.0,2923.0,317.0,9290260.0,29481
2023-05-10 21:08:16,fu2310,fu2310,2935.0,0.0,0.0,0.0,2,2934.0,2936.0,19,2909.0,2925.0,2941.0,2923.0,317.0,9290260.0,29481
2023-05-10 21:08:17,fu2310,fu2310,2935.0,0.0,0.0,0.0,2,2934.0,2936.0,19,2909.0,2925.0,2941.0,2923.0,317.0,9290260.0,29481
2023-05-10 21:08:18,fu2310,fu2310,2935.0,0.0,0.0,0.0,5,2934.0,2937.0,8,2909.0,2925.0,2941.0,2923.0,317.0,9290260.0,29481
2023-05-10 21:08:19,fu2310,fu2310,2935.0,0.0,0.0,0.0,5,2934.0,2937.0,19,2909.0,2925.0,2941.0,2923.0,317.0,9290260.0,29481
2023-05-10 21:08:19,fu2310,fu2310,2935.0,0.0,0.0,0.0,5,2934.0,2937.0,19,2909.0,2925.0,2941.0,2923.0,317.0,9290260.0,29481
2023-05-10 21:08:25,fu2310,fu2310,2935.0,0.0,0.0,0.0,2,2934.0,2936.0,8,2909.0,2925.0,2941.0,2923.0,317.0,9290260.0,29481
2023-05-10 21:08:25,fu2310,fu2310,2935.0,0.0,0.0,0.0,2,2934.0,2936.0,21,2909.0,2925.0,2941.0,2923.0,317.0,9290260.0,29481
2023-05-10 21:08:26,fu2310,fu2310,2935.0,0.0,0.0,0.0,2,2934.0,2936.0,21,2909.0,2925.0,2941.0,2923.0,317.0,9290260.0,29481
2023-05-10 21:08:30,fu2310,fu2310,2935.0,0.0,0.0,0.0,2,2934.0,2936.0,6,2909.0,2925.0,2941.0,2923.0,317.0,9290260.0,29481
2023-05-10 21:08:30,fu2310,fu2310,2935.0,0.0,0.0,0.0,2,2934.0,2936.0,19,2909.0,2925.0,2941.0,2923.0,317.0,9290260.0,29481
2023-05-10 21:08:32,fu2310,fu2310,2935.0,0.0,0.0,0.0,2,2934.0,2935.0,1,2909.0,2925.0,2941.0,2923.0,317.0,9290260.0,29481
2023-05-10 21:08:38,fu2310,fu2310,2935.0,0.0,0.0,0.0,2,2934.0,2935.0,10,2909.0,2925.0,2941.0,2923.0,317.0,9290260.0,29481
2023-05-10 21:08:39,fu2310,fu2310,2935.0,0.0,0.0,0.0,2,2934.0,2935.0,1,2909.0,2925.0,2941.0,2923.0,317.0,9290260.0,29481
2023-05-10 21:08:39,fu2310,fu2310,2935.0,1.0,29350.0,-1.0,2,2934.0,2936.0,19,2909.0,2925.0,2941.0,2923.0,318.0,9319610.0,29480
2023-05-10 21:08:40,fu2310,fu2310,2935.0,0.0,0.0,0.0,5,2934.0,2937.0,18,2909.0,2925.0,2941.0,2923.0,318.0,9319610.0,29480
2023-05-10 21:08:40,fu2310,fu2310,2935.0,0.0,0.0,0.0,5,2934.0,2937.0,19,2909.0,2925.0,2941.0,2923.0,318.0,9319610.0,29480
2023-05-10 21:08:41,fu2310,fu2310,2935.0,0.0,0.0,0.0,2,2934.0,2936.0,8,2909.0,2925.0,2941.0,2923.0,318.0,9319610.0,29480
2023-05-10 21:08:41,fu2310,fu2310,2935.0,0.0,0.0,0.0,2,2934.0,2936.0,21,2909.0,2925.0,2941.0,2923.0,318.0,9319610.0,29480
2023-05-10 21:08:42,fu2310,fu2310,2935.0,0.0,0.0,0.0,2,2934.0,2936.0,21,2909.0,2925.0,2941.0,2923.0,318.0,9319610.0,29480
2023-05-10 21:08:42,fu2310,fu2310,2935.0,0.0,0.0,0.0,5,2934.0,2936.0,2,2909.0,2925.0,2941.0,2923.0,318.0,9319610.0,29480
2023-05-10 21:08:43,fu2310,fu2310,2935.0,0.0,0.0,0.0,5,2934.0,2936.0,2,2909.0,2925.0,2941.0,2923.0,318.0,9319610.0,29480
2023-05-10 21:08:54,fu2310,fu2310,2935.0,0.0,0.0,0.0,2,2934.0,2936.0,11,2909.0,2925.0,2941.0,2923.0,318.0,9319610.0,29480
2023-05-10 21:08:55,fu2310,fu2310,2935.0,0.0,0.0,0.0,2,2934.0,2936.0,21,2909.0,2925.0,2941.0,2923.0,318.0,9319610.0,29480
2023-05-10 21:08:55,fu2310,fu2310,2935.0,0.0,0.0,0.0,2,2934.0,2936.0,21,2909.0,2925.0,2941.0,2923.0,318.0,9319610.0,29480
2023-05-10 21:08:57,fu2310,fu2310,2935.0,0.0,0.0,0.0,2,2934.0,2936.0,21,2909.0,2925.0,2941.0,2923.0,318.0,9319610.0,29480
2023-05-10 21:09:00,fu2310,fu2310,2935.0,0.0,0.0,0.0,5,2934.0,2936.0,2,2909.0,2925.0,2941.0,2923.0,318.0,9319610.0,29480
2023-05-10 21:09:01,fu2310,fu2310,2935.0,0.0,0.0,0.0,5,2934.0,2936.0,2,2909.0,2925.0,2941.0,2923.0,318.0,9319610.0,29480
2023-05-10 21:09:04,fu2310,fu2310,2935.0,0.0,0.0,0.0,5,2934.0,2936.0,2,2909.0,2925.0,2941.0,2923.0,318.0,9319610.0,29480
2023-05-10 21:09:06,fu2310,fu2310,2935.0,0.0,0.0,0.0,2,2934.0,2936.0,11,2909.0,2925.0,2941.0,2923.0,318.0,9319610.0,29480
2023-05-10 21:09:06,fu2310,fu2310,2935.0,0.0,0.0,0.0,2,2934.0,2936.0,21,2909.0,2925.0,2941.0,2923.0,318.0,9319610.0,29480
2023-05-10 21:09:08,fu2310,fu2310,2934.0,2.0,58680.0,1.0,2,2933.0,2936.0,21,2909.0,2925.0,2941.0,2923.0,320.0,9378290.0,29481
2023-05-10 21:09:08,fu2310,fu2310,2934.0,0.0,0.0,0.0,2,2932.0,2934.0,6,2909.0,2925.0,2941.0,2923.0,320.0,9378290.0,29481
2023-05-10 21:09:09,fu2310,fu2310,2934.0,0.0,0.0,0.0,2,2932.0,2934.0,19,2909.0,2925.0,2941.0,2923.0,320.0,9378290.0,29481
2023-05-10 21:09:09,fu2310,fu2310,2934.0,0.0,0.0,0.0,3,2932.0,2935.0,17,2909.0,2925.0,2941.0,2923.0,320.0,9378290.0,29481
2023-05-10 21:09:10,fu2310,fu2310,2934.0,0.0,0.0,0.0,3,2932.0,2935.0,20,2909.0,2925.0,2941.0,2923.0,320.0,9378290.0,29481
2023-05-10 21:09:10,fu2310,fu2310,2934.0,0.0,0.0,0.0,3,2932.0,2935.0,19,2909.0,2925.0,2941.0,2923.0,320.0,9378290.0,29481
2023-05-10 21:09:12,fu2310,fu2310,2932.0,1.0,29320.0,1.0,2,2932.0,2935.0,19,2909.0,2925.0,2941.0,2923.0,321.0,9407610.0,29482
2023-05-10 21:09:12,fu2310,fu2310,2932.0,0.0,0.0,0.0,1,2932.0,2934.0,8,2909.0,2925.0,2941.0,2923.0,321.0,9407610.0,29482
2023-05-10 21:09:13,fu2310,fu2310,2932.0,0.0,0.0,0.0,1,2932.0,2934.0,21,2909.0,2925.0,2941.0,2923.0,321.0,9407610.0,29482
2023-05-10 21:09:13,fu2310,fu2310,2932.0,0.0,0.0,0.0,1,2932.0,2934.0,21,2909.0,2925.0,2941.0,2923.0,321.0,9407610.0,29482
2023-05-10 21:09:22,fu2310,fu2310,2932.0,1.0,29320.0,1.0,1,2931.0,2933.0,6,2909.0,2925.0,2941.0,2923.0,322.0,9436930.0,29483
2023-05-10 21:09:22,fu2310,fu2310,2932.0,0.0,0.0,0.0,1,2931.0,2933.0,18,2909.0,2925.0,2941.0,2923.0,322.0,9436930.0,29483
2023-05-10 21:09:23,fu2310,fu2310,2932.0,0.0,0.0,0.0,1,2931.0,2933.0,18,2909.0,2925.0,2941.0,2923.0,322.0,9436930.0,29483
2023-05-10 21:09:25,fu2310,fu2310,2932.0,0.0,0.0,0.0,2,2930.0,2933.0,18,2909.0,2925.0,2941.0,2923.0,322.0,9436930.0,29483
2023-05-10 21:09:26,fu2310,fu2310,2932.0,0.0,0.0,0.0,4,2930.0,2933.0,18,2909.0,2925.0,2941.0,2923.0,322.0,9436930.0,29483
2023-05-10 21:09:26,fu2310,fu2310,2932.0,0.0,0.0,0.0,2,2930.0,2932.0,8,2909.0,2925.0,2941.0,2923.0,322.0,9436930.0,29483
2023-05-10 21:09:27,fu2310,fu2310,2932.0,0.0,0.0,0.0,3,2930.0,2932.0,20,2909.0,2925.0,2941.0,2923.0,322.0,9436930.0,29483
2023-05-10 21:09:27,fu2310,fu2310,2932.0,0.0,0.0,0.0,3,2930.0,2932.0,20,2909.0,2925.0,2941.0,2923.0,322.0,9436930.0,29483
2023-05-10 21:09:28,fu2310,fu2310,2932.0,0.0,0.0,0.0,2,2930.0,2932.0,20,2909.0,2925.0,2941.0,2923.0,322.0,9436930.0,29483
2023-05-10 21:09:28,fu2310,fu2310,2932.0,0.0,0.0,0.0,4,2930.0,2933.0,17,2909.0,2925.0,2941.0,2923.0,322.0,9436930.0,29483
2023-05-10 21:09:29,fu2310,fu2310,2932.0,0.0,0.0,0.0,4,2930.0,2933.0,18,2909.0,2925.0,2941.0,2923.0,322.0,9436930.0,29483
2023-05-10 21:09:29,fu2310,fu2310,2932.0,0.0,0.0,0.0,2,2930.0,2932.0,6,2909.0,2925.0,2941.0,2923.0,322.0,9436930.0,29483
2023-05-10 21:09:30,fu2310,fu2310,2932.0,0.0,0.0,0.0,2,2930.0,2932.0,18,2909.0,2925.0,2941.0,2923.0,322.0,9436930.0,29483
2023-05-10 21:09:30,fu2310,fu2310,2932.0,0.0,0.0,0.0,2,2930.0,2932.0,18,2909.0,2925.0,2941.0,2923.0,322.0,9436930.0,29483
2023-05-10 21:09:34,fu2310,fu2310,2932.0,0.0,0.0,0.0,4,2930.0,2933.0,7,2909.0,2925.0,2941.0,2923.0,322.0,9436930.0,29483
2023-05-10 21:09:35,fu2310,fu2310,2932.0,0.0,0.0,0.0,4,2930.0,2933.0,18,2909.0,2925.0,2941.0,2923.0,322.0,9436930.0,29483
2023-05-10 21:09:38,fu2310,fu2310,2932.0,0.0,0.0,0.0,11,2930.0,2934.0,7,2909.0,2925.0,2941.0,2923.0,322.0,9436930.0,29483
2023-05-10 21:09:38,fu2310,fu2310,2932.0,0.0,0.0,0.0,4,2930.0,2932.0,1,2909.0,2925.0,2941.0,2923.0,322.0,9436930.0,29483
2023-05-10 21:09:39,fu2310,fu2310,2932.0,0.0,0.0,0.0,4,2930.0,2932.0,1,2909.0,2925.0,2941.0,2923.0,322.0,9436930.0,29483
2023-05-10 21:09:39,fu2310,fu2310,2932.0,0.0,0.0,0.0,3,2930.0,2932.0,1,2909.0,2925.0,2941.0,2923.0,322.0,9436930.0,29483
2023-05-10 21:09:45,fu2310,fu2310,2932.0,1.0,29320.0,1.0,11,2930.0,2934.0,9,2909.0,2925.0,2941.0,2923.0,323.0,9466250.0,29484
2023-05-10 21:09:46,fu2310,fu2310,2932.0,0.0,0.0,0.0,21,2930.0,2933.0,2,2909.0,2925.0,2941.0,2923.0,323.0,9466250.0,29484
2023-05-10 21:09:47,fu2310,fu2310,2932.0,0.0,0.0,0.0,23,2930.0,2933.0,2,2909.0,2925.0,2941.0,2923.0,323.0,9466250.0,29484
2023-05-10 21:09:49,fu2310,fu2310,2932.0,0.0,0.0,0.0,1,2931.0,2933.0,2,2909.0,2925.0,2941.0,2923.0,323.0,9466250.0,29484
2023-05-10 21:09:49,fu2310,fu2310,2932.0,0.0,0.0,0.0,1,2931.0,2933.0,21,2909.0,2925.0,2941.0,2923.0,323.0,9466250.0,29484
2023-05-10 21:09:50,fu2310,fu2310,2932.0,0.0,0.0,0.0,3,2930.0,2933.0,21,2909.0,2925.0,2941.0,2923.0,323.0,9466250.0,29484
2023-05-10 21:09:52,fu2310,fu2310,2932.0,0.0,0.0,0.0,3,2930.0,2933.0,21,2909.0,2925.0,2941.0,2923.0,323.0,9466250.0,29484
2023-05-10 21:09:54,fu2310,fu2310,2932.0,0.0,0.0,0.0,11,2930.0,2933.0,2,2909.0,2925.0,2941.0,2923.0,323.0,9466250.0,29484
2023-05-10 21:09:55,fu2310,fu2310,2932.0,0.0,0.0,0.0,21,2930.0,2933.0,2,2909.0,2925.0,2941.0,2923.0,323.0,9466250.0,29484
2023-05-10 21:10:01,fu2310,fu2310,2932.0,0.0,0.0,0.0,3,2930.0,2933.0,11,2909.0,2925.0,2941.0,2923.0,323.0,9466250.0,29484
2023-05-10 21:10:01,fu2310,fu2310,2932.0,0.0,0.0,0.0,21,2930.0,2933.0,2,2909.0,2925.0,2941.0,2923.0,323.0,9466250.0,29484
2023-05-10 21:10:02,fu2310,fu2310,2932.0,0.0,0.0,0.0,3,2930.0,2933.0,11,2909.0,2925.0,2941.0,2923.0,323.0,9466250.0,29484
2023-05-10 21:10:03,fu2310,fu2310,2932.0,0.0,0.0,0.0,21,2930.0,2933.0,2,2909.0,2925.0,2941.0,2923.0,323.0,9466250.0,29484
2023-05-10 21:10:04,fu2310,fu2310,2932.0,0.0,0.0,0.0,3,2930.0,2933.0,11,2909.0,2925.0,2941.0,2923.0,323.0,9466250.0,29484
2023-05-10 21:10:04,fu2310,fu2310,2932.0,0.0,0.0,0.0,3,2930.0,2933.0,21,2909.0,2925.0,2941.0,2923.0,323.0,9466250.0,29484
2023-05-10 21:10:05,fu2310,fu2310,2932.0,0.0,0.0,0.0,21,2930.0,2933.0,2,2909.0,2925.0,2941.0,2923.0,323.0,9466250.0,29484
2023-05-10 21:10:05,fu2310,fu2310,2932.0,0.0,0.0,0.0,22,2930.0,2933.0,2,2909.0,2925.0,2941.0,2923.0,323.0,9466250.0,29484
2023-05-10 21:10:06,fu2310,fu2310,2932.0,0.0,0.0,0.0,2,2931.0,2935.0,19,2909.0,2925.0,2941.0,2923.0,323.0,9466250.0,29484
2023-05-10 21:10:06,fu2310,fu2310,2932.0,0.0,0.0,0.0,22,2931.0,2934.0,2,2909.0,2925.0,2941.0,2923.0,323.0,9466250.0,29484
2023-05-10 21:10:07,fu2310,fu2310,2932.0,0.0,0.0,0.0,22,2931.0,2935.0,22,2909.0,2925.0,2941.0,2923.0,323.0,9466250.0,29484
2023-05-10 21:10:07,fu2310,fu2310,2932.0,0.0,0.0,0.0,2,2932.0,2935.0,2,2909.0,2925.0,2941.0,2923.0,323.0,9466250.0,29484
2023-05-10 21:10:08,fu2310,fu2310,2932.0,0.0,0.0,0.0,19,2932.0,2935.0,2,2909.0,2925.0,2941.0,2923.0,323.0,9466250.0,29484
2023-05-10 21:10:08,fu2310,fu2310,2932.0,0.0,0.0,0.0,1,2932.0,2935.0,21,2909.0,2925.0,2941.0,2923.0,323.0,9466250.0,29484
2023-05-10 21:10:11,fu2310,fu2310,2932.0,0.0,0.0,0.0,1,2932.0,2935.0,21,2909.0,2925.0,2941.0,2923.0,323.0,9466250.0,29484
2023-05-10 21:10:12,fu2310,fu2310,2932.0,1.0,29320.0,1.0,15,2931.0,2935.0,21,2909.0,2925.0,2941.0,2923.0,324.0,9495570.0,29485
2023-05-10 21:10:12,fu2310,fu2310,2932.0,0.0,0.0,0.0,6,2932.0,2935.0,3,2909.0,2925.0,2941.0,2923.0,324.0,9495570.0,29485
2023-05-10 21:10:13,fu2310,fu2310,2932.0,0.0,0.0,0.0,16,2932.0,2935.0,3,2909.0,2925.0,2941.0,2923.0,324.0,9495570.0,29485
2023-05-10 21:10:13,fu2310,fu2310,2932.0,0.0,0.0,0.0,18,2932.0,2935.0,3,2909.0,2925.0,2941.0,2923.0,324.0,9495570.0,29485
2023-05-10 21:10:15,fu2310,fu2310,2932.0,0.0,0.0,0.0,7,2931.0,2935.0,11,2909.0,2925.0,2941.0,2923.0,324.0,9495570.0,29485
2023-05-10 21:10:15,fu2310,fu2310,2932.0,0.0,0.0,0.0,23,2931.0,2935.0,21,2909.0,2925.0,2941.0,2923.0,324.0,9495570.0,29485
2023-05-10 21:10:21,fu2310,fu2310,2932.0,0.0,0.0,0.0,22,2931.0,2935.0,21,2909.0,2925.0,2941.0,2923.0,324.0,9495570.0,29485
2023-05-10 21:10:22,fu2310,fu2310,2932.0,0.0,0.0,0.0,5,2931.0,2934.0,6,2909.0,2925.0,2941.0,2923.0,324.0,9495570.0,29485
2023-05-10 21:10:22,fu2310,fu2310,2932.0,0.0,0.0,0.0,5,2931.0,2933.0,2,2909.0,2925.0,2941.0,2923.0,324.0,9495570.0,29485
2023-05-10 21:10:23,fu2310,fu2310,2932.0,0.0,0.0,0.0,23,2931.0,2934.0,1,2909.0,2925.0,2941.0,2923.0,324.0,9495570.0,29485
2023-05-10 21:10:23,fu2310,fu2310,2932.0,0.0,0.0,0.0,5,2931.0,2933.0,2,2909.0,2925.0,2941.0,2923.0,324.0,9495570.0,29485
2023-05-10 21:10:24,fu2310,fu2310,2932.0,0.0,0.0,0.0,5,2931.0,2933.0,3,2909.0,2925.0,2941.0,2923.0,324.0,9495570.0,29485
2023-05-10 21:10:24,fu2310,fu2310,2932.0,0.0,0.0,0.0,5,2931.0,2933.0,3,2909.0,2925.0,2941.0,2923.0,324.0,9495570.0,29485
2023-05-10 21:10:30,fu2310,fu2310,2932.0,0.0,0.0,0.0,5,2931.0,2933.0,3,2909.0,2925.0,2941.0,2923.0,324.0,9495570.0,29485
2023-05-10 21:10:32,fu2310,fu2310,2932.0,0.0,0.0,0.0,13,2931.0,2934.0,1,2909.0,2925.0,2941.0,2923.0,324.0,9495570.0,29485
2023-05-10 21:10:33,fu2310,fu2310,2932.0,0.0,0.0,0.0,23,2931.0,2934.0,1,2909.0,2925.0,2941.0,2923.0,324.0,9495570.0,29485
2023-05-10 21:10:34,fu2310,fu2310,2932.0,0.0,0.0,0.0,2,2932.0,2935.0,6,2909.0,2925.0,2941.0,2923.0,324.0,9495570.0,29485
2023-05-10 21:10:34,fu2310,fu2310,2932.0,0.0,0.0,0.0,18,2932.0,2935.0,7,2909.0,2925.0,2941.0,2923.0,324.0,9495570.0,29485
2023-05-10 21:10:35,fu2310,fu2310,2932.0,0.0,0.0,0.0,19,2932.0,2935.0,7,2909.0,2925.0,2941.0,2923.0,324.0,9495570.0,29485
2023-05-10 21:10:35,fu2310,fu2310,2932.0,0.0,0.0,0.0,19,2932.0,2935.0,13,2909.0,2925.0,2941.0,2923.0,324.0,9495570.0,29485
2023-05-10 21:10:40,fu2310,fu2310,2932.0,0.0,0.0,0.0,2,2933.0,2935.0,6,2909.0,2925.0,2941.0,2923.0,324.0,9495570.0,29485
2023-05-10 21:10:41,fu2310,fu2310,2932.0,0.0,0.0,0.0,20,2933.0,2935.0,6,2909.0,2925.0,2941.0,2923.0,324.0,9495570.0,29485
2023-05-10 21:10:41,fu2310,fu2310,2935.0,2.0,58700.0,-2.0,20,2933.0,2935.0,4,2909.0,2925.0,2941.0,2923.0,326.0,9554270.0,29483
2023-05-10 21:10:42,fu2310,fu2310,2935.0,4.0,117400.0,-4.0,2,2934.0,2937.0,6,2909.0,2925.0,2941.0,2923.0,330.0,9671670.0,29479
2023-05-10 21:10:42,fu2310,fu2310,2935.0,0.0,0.0,0.0,18,2933.0,2936.0,8,2909.0,2925.0,2941.0,2923.0,330.0,9671670.0,29479
2023-05-10 21:10:43,fu2310,fu2310,2935.0,0.0,0.0,0.0,21,2933.0,2936.0,9,2909.0,2925.0,2941.0,2923.0,330.0,9671670.0,29479
2023-05-10 21:10:45,fu2310,fu2310,2935.0,0.0,0.0,0.0,2,2933.0,2935.0,6,2909.0,2925.0,2941.0,2923.0,330.0,9671670.0,29479
2023-05-10 21:10:46,fu2310,fu2310,2935.0,0.0,0.0,0.0,2,2933.0,2935.0,7,2909.0,2925.0,2941.0,2923.0,330.0,9671670.0,29479
2023-05-10 21:10:46,fu2310,fu2310,2935.0,0.0,0.0,0.0,2,2934.0,2935.0,7,2909.0,2925.0,2941.0,2923.0,330.0,9671670.0,29479
2023-05-10 21:10:47,fu2310,fu2310,2935.0,0.0,0.0,0.0,4,2934.0,2935.0,7,2909.0,2925.0,2941.0,2923.0,330.0,9671670.0,29479
2023-05-10 21:10:50,fu2310,fu2310,2935.0,0.0,0.0,0.0,4,2934.0,2935.0,7,2909.0,2925.0,2941.0,2923.0,330.0,9671670.0,29479
2023-05-10 21:10:53,fu2310,fu2310,2934.0,4.0,117360.0,4.0,4,2933.0,2935.0,7,2909.0,2925.0,2941.0,2923.0,334.0,9789030.0,29483
2023-05-10 21:10:53,fu2310,fu2310,2934.0,0.0,0.0,0.0,2,2933.0,2934.0,6,2909.0,2925.0,2941.0,2923.0,334.0,9789030.0,29483
2023-05-10 21:10:54,fu2310,fu2310,2933.0,2.0,58660.0,2.0,13,2931.0,2934.0,7,2909.0,2925.0,2941.0,2923.0,336.0,9847690.0,29485
2023-05-10 21:10:54,fu2310,fu2310,2933.0,0.0,0.0,0.0,19,2931.0,2934.0,7,2909.0,2925.0,2941.0,2923.0,336.0,9847690.0,29485
2023-05-10 21:11:00,fu2310,fu2310,2933.0,0.0,0.0,0.0,2,2932.0,2935.0,7,2909.0,2925.0,2941.0,2923.0,336.0,9847690.0,29485
2023-05-10 21:11:00,fu2310,fu2310,2933.0,0.0,0.0,0.0,23,2932.0,2934.0,2,2909.0,2925.0,2941.0,2923.0,336.0,9847690.0,29485
2023-05-10 21:11:03,fu2310,fu2310,2934.0,2.0,58680.0,-1.0,2,2933.0,2936.0,6,2909.0,2925.0,2941.0,2923.0,338.0,9906370.0,29484
2023-05-10 21:11:03,fu2310,fu2310,2934.0,0.0,0.0,0.0,19,2934.0,2935.0,6,2909.0,2925.0,2941.0,2923.0,338.0,9906370.0,29484
2023-05-10 21:11:04,fu2310,fu2310,2935.0,6.0,176100.0,-5.0,21,2934.0,2937.0,6,2909.0,2925.0,2941.0,2923.0,344.0,10082470.0,29479
2023-05-10 21:11:04,fu2310,fu2310,2935.0,0.0,0.0,0.0,21,2934.0,2936.0,1,2909.0,2925.0,2941.0,2923.0,344.0,10082470.0,29479
2023-05-10 21:11:05,fu2310,fu2310,2936.0,1.0,29360.0,-1.0,21,2934.0,2936.0,1,2909.0,2925.0,2941.0,2923.0,345.0,10111830.0,29478
2023-05-10 21:11:05,fu2310,fu2310,2936.0,1.0,29360.0,0.0,5,2935.0,2938.0,7,2909.0,2925.0,2941.0,2923.0,346.0,10141190.0,29478
2023-05-10 21:11:06,fu2310,fu2310,2936.0,0.0,0.0,0.0,2,2936.0,2937.0,1,2909.0,2925.0,2941.0,2923.0,346.0,10141190.0,29478
2023-05-10 21:11:06,fu2310,fu2310,2937.0,1.0,29370.0,0.0,21,2936.0,2938.0,1,2909.0,2925.0,2941.0,2923.0,347.0,10170560.0,29478
2023-05-10 21:11:07,fu2310,fu2310,2933.0,10.0,293460.0,9.0,3,2933.0,2938.0,8,2909.0,2925.0,2941.0,2923.0,357.0,10464020.0,29487
2023-05-10 21:11:08,fu2310,fu2310,2933.0,0.0,0.0,0.0,6,2935.0,2938.0,10,2909.0,2925.0,2941.0,2923.0,357.0,10464020.0,29487
2023-05-10 21:11:08,fu2310,fu2310,2933.0,0.0,0.0,0.0,18,2935.0,2937.0,2,2909.0,2925.0,2941.0,2923.0,357.0,10464020.0,29487
2023-05-10 21:11:09,fu2310,fu2310,2935.0,1.0,29350.0,-1.0,11,2934.0,2937.0,11,2909.0,2925.0,2941.0,2923.0,358.0,10493370.0,29486
2023-05-10 21:11:09,fu2310,fu2310,2935.0,0.0,0.0,0.0,2,2935.0,2936.0,2,2909.0,2925.0,2941.0,2923.0,358.0,10493370.0,29486
2023-05-10 21:11:10,fu2310,fu2310,2935.0,0.0,0.0,0.0,2,2935.0,2936.0,2,2909.0,2925.0,2941.0,2923.0,358.0,10493370.0,29486
2023-05-10 21:11:10,fu2310,fu2310,2935.0,0.0,0.0,0.0,2,2935.0,2936.0,2,2909.0,2925.0,2941.0,2923.0,358.0,10493370.0,29486
2023-05-10 21:11:11,fu2310,fu2310,2935.0,0.0,0.0,0.0,2,2935.0,2936.0,2,2909.0,2925.0,2941.0,2923.0,358.0,10493370.0,29486
2023-05-10 21:11:12,fu2310,fu2310,2935.0,2.0,58700.0,0.0,4,2933.0,2936.0,11,2909.0,2925.0,2941.0,2923.0,360.0,10552070.0,29486
2023-05-10 21:11:13,fu2310,fu2310,2935.0,0.0,0.0,0.0,2,2934.0,2936.0,11,2909.0,2925.0,2941.0,2923.0,360.0,10552070.0,29486
2023-05-10 21:11:13,fu2310,fu2310,2934.0,2.0,58680.0,0.0,11,2932.0,2935.0,6,2909.0,2925.0,2941.0,2923.0,362.0,10610750.0,29486
2023-05-10 21:11:14,fu2310,fu2310,2934.0,0.0,0.0,0.0,19,2932.0,2934.0,2,2909.0,2925.0,2941.0,2923.0,362.0,10610750.0,29486
2023-05-10 21:11:14,fu2310,fu2310,2934.0,0.0,0.0,0.0,18,2932.0,2934.0,2,2909.0,2925.0,2941.0,2923.0,362.0,10610750.0,29486
2023-05-10 21:11:15,fu2310,fu2310,2934.0,0.0,0.0,0.0,18,2932.0,2934.0,2,2909.0,2925.0,2941.0,2923.0,362.0,10610750.0,29486
2023-05-10 21:11:16,fu2310,fu2310,2934.0,0.0,0.0,0.0,3,2931.0,2934.0,11,2909.0,2925.0,2941.0,2923.0,362.0,10610750.0,29486
2023-05-10 21:11:17,fu2310,fu2310,2934.0,0.0,0.0,0.0,21,2931.0,2934.0,11,2909.0,2925.0,2941.0,2923.0,362.0,10610750.0,29486
2023-05-10 21:11:19,fu2310,fu2310,2934.0,0.0,0.0,0.0,21,2931.0,2934.0,11,2909.0,2925.0,2941.0,2923.0,362.0,10610750.0,29486
2023-05-10 21:11:20,fu2310,fu2310,2934.0,0.0,0.0,0.0,3,2932.0,2934.0,2,2909.0,2925.0,2941.0,2923.0,362.0,10610750.0,29486
2023-05-10 21:11:20,fu2310,fu2310,2934.0,0.0,0.0,0.0,17,2932.0,2934.0,2,2909.0,2925.0,2941.0,2923.0,362.0,10610750.0,29486
2023-05-10 21:11:21,fu2310,fu2310,2934.0,0.0,0.0,0.0,17,2932.0,2934.0,2,2909.0,2925.0,2941.0,2923.0,362.0,10610750.0,29486
2023-05-10 21:11:22,fu2310,fu2310,2934.0,0.0,0.0,0.0,3,2933.0,2936.0,8,2909.0,2925.0,2941.0,2923.0,362.0,10610750.0,29486
2023-05-10 21:11:23,fu2310,fu2310,2934.0,0.0,0.0,0.0,17,2932.0,2935.0,2,2909.0,2925.0,2941.0,2923.0,362.0,10610750.0,29486
2023-05-10 21:11:23,fu2310,fu2310,2934.0,0.0,0.0,0.0,18,2932.0,2935.0,11,2909.0,2925.0,2941.0,2923.0,362.0,10610750.0,29486
2023-05-10 21:11:24,fu2310,fu2310,2934.0,0.0,0.0,0.0,4,2933.0,2935.0,2,2909.0,2925.0,2941.0,2923.0,362.0,10610750.0,29486
2023-05-10 21:11:25,fu2310,fu2310,2934.0,0.0,0.0,0.0,18,2933.0,2935.0,2,2909.0,2925.0,2941.0,2923.0,362.0,10610750.0,29486
2023-05-10 21:11:27,fu2310,fu2310,2934.0,0.0,0.0,0.0,18,2933.0,2935.0,2,2909.0,2925.0,2941.0,2923.0,362.0,10610750.0,29486
2023-05-10 21:11:30,fu2310,fu2310,2934.0,0.0,0.0,0.0,1,2934.0,2935.0,2,2909.0,2925.0,2941.0,2923.0,362.0,10610750.0,29486
2023-05-10 21:11:33,fu2310,fu2310,2934.0,0.0,0.0,0.0,7,2934.0,2937.0,9,2909.0,2925.0,2941.0,2923.0,362.0,10610750.0,29486
2023-05-10 21:11:34,fu2310,fu2310,2934.0,0.0,0.0,0.0,18,2934.0,2936.0,2,2909.0,2925.0,2941.0,2923.0,362.0,10610750.0,29486
2023-05-10 21:11:34,fu2310,fu2310,2934.0,0.0,0.0,0.0,19,2934.0,2936.0,2,2909.0,2925.0,2941.0,2923.0,362.0,10610750.0,29486
2023-05-10 21:11:35,fu2310,fu2310,2934.0,0.0,0.0,0.0,19,2934.0,2936.0,2,2909.0,2925.0,2941.0,2923.0,362.0,10610750.0,29486
2023-05-10 21:11:36,fu2310,fu2310,2934.0,0.0,0.0,0.0,3,2935.0,2938.0,9,2909.0,2925.0,2941.0,2923.0,362.0,10610750.0,29486
2023-05-10 21:11:36,fu2310,fu2310,2934.0,0.0,0.0,0.0,18,2934.0,2937.0,8,2909.0,2925.0,2941.0,2923.0,362.0,10610750.0,29486
2023-05-10 21:11:37,fu2310,fu2310,2934.0,0.0,0.0,0.0,19,2934.0,2937.0,11,2909.0,2925.0,2941.0,2923.0,362.0,10610750.0,29486
2023-05-10 21:11:43,fu2310,fu2310,2934.0,0.0,0.0,0.0,19,2934.0,2935.0,1,2909.0,2925.0,2941.0,2923.0,362.0,10610750.0,29486
2023-05-10 21:11:44,fu2310,fu2310,2935.0,1.0,29350.0,1.0,19,2934.0,2937.0,9,2909.0,2925.0,2941.0,2923.0,363.0,10640100.0,29487
2023-05-10 21:11:44,fu2310,fu2310,2935.0,0.0,0.0,0.0,19,2934.0,2936.0,2,2909.0,2925.0,2941.0,2923.0,363.0,10640100.0,29487
2023-05-10 21:11:45,fu2310,fu2310,2935.0,0.0,0.0,0.0,19,2934.0,2936.0,3,2909.0,2925.0,2941.0,2923.0,363.0,10640100.0,29487
2023-05-10 21:11:52,fu2310,fu2310,2935.0,0.0,0.0,0.0,2,2934.0,2936.0,11,2909.0,2925.0,2941.0,2923.0,363.0,10640100.0,29487
2023-05-10 21:11:52,fu2310,fu2310,2935.0,0.0,0.0,0.0,2,2934.0,2936.0,11,2909.0,2925.0,2941.0,2923.0,363.0,10640100.0,29487
2023-05-10 21:11:53,fu2310,fu2310,2935.0,0.0,0.0,0.0,8,2934.0,2936.0,3,2909.0,2925.0,2941.0,2923.0,363.0,10640100.0,29487
2023-05-10 21:11:54,fu2310,fu2310,2935.0,0.0,0.0,0.0,19,2934.0,2936.0,3,2909.0,2925.0,2941.0,2923.0,363.0,10640100.0,29487
2023-05-10 21:11:54,fu2310,fu2310,2935.0,0.0,0.0,0.0,2,2934.0,2936.0,11,2909.0,2925.0,2941.0,2923.0,363.0,10640100.0,29487
2023-05-10 21:12:09,fu2310,fu2310,2934.0,2.0,58680.0,0.0,1,2933.0,2935.0,6,2909.0,2925.0,2941.0,2923.0,365.0,10698780.0,29487
2023-05-10 21:12:10,fu2310,fu2310,2934.0,0.0,0.0,0.0,17,2933.0,2935.0,1,2909.0,2925.0,2941.0,2923.0,365.0,10698780.0,29487
2023-05-10 21:12:10,fu2310,fu2310,2935.0,1.0,29350.0,-1.0,17,2933.0,2936.0,9,2909.0,2925.0,2941.0,2923.0,366.0,10728130.0,29486
2023-05-10 21:12:11,fu2310,fu2310,2935.0,0.0,0.0,0.0,3,2934.0,2937.0,9,2909.0,2925.0,2941.0,2923.0,366.0,10728130.0,29486
2023-05-10 21:12:11,fu2310,fu2310,2935.0,0.0,0.0,0.0,17,2934.0,2936.0,2,2909.0,2925.0,2941.0,2923.0,366.0,10728130.0,29486
2023-05-10 21:12:12,fu2310,fu2310,2935.0,0.0,0.0,0.0,17,2934.0,2937.0,11,2909.0,2925.0,2941.0,2923.0,366.0,10728130.0,29486
2023-05-10 21:12:15,fu2310,fu2310,2935.0,0.0,0.0,0.0,16,2934.0,2937.0,11,2909.0,2925.0,2941.0,2923.0,366.0,10728130.0,29486
2023-05-10 21:12:15,fu2310,fu2310,2935.0,0.0,0.0,0.0,12,2933.0,2936.0,6,2909.0,2925.0,2941.0,2923.0,366.0,10728130.0,29486
2023-05-10 21:12:16,fu2310,fu2310,2935.0,0.0,0.0,0.0,18,2933.0,2935.0,2,2909.0,2925.0,2941.0,2923.0,366.0,10728130.0,29486
2023-05-10 21:12:17,fu2310,fu2310,2935.0,0.0,0.0,0.0,17,2933.0,2935.0,2,2909.0,2925.0,2941.0,2923.0,366.0,10728130.0,29486
2023-05-10 21:12:17,fu2310,fu2310,2935.0,0.0,0.0,0.0,1,2933.0,2935.0,11,2909.0,2925.0,2941.0,2923.0,366.0,10728130.0,29486
2023-05-10 21:12:18,fu2310,fu2310,2933.0,1.0,29330.0,1.0,1,2932.0,2934.0,6,2909.0,2925.0,2941.0,2923.0,367.0,10757460.0,29487
2023-05-10 21:12:18,fu2310,fu2310,2933.0,0.0,0.0,0.0,17,2932.0,2935.0,9,2909.0,2925.0,2941.0,2923.0,367.0,10757460.0,29487
2023-05-10 21:12:19,fu2310,fu2310,2933.0,0.0,0.0,0.0,17,2932.0,2934.0,2,2909.0,2925.0,2941.0,2923.0,367.0,10757460.0,29487
2023-05-10 21:12:28,fu2310,fu2310,2933.0,0.0,0.0,0.0,1,2932.0,2934.0,11,2909.0,2925.0,2941.0,2923.0,367.0,10757460.0,29487
2023-05-10 21:12:28,fu2310,fu2310,2933.0,0.0,0.0,0.0,2,2932.0,2934.0,11,2909.0,2925.0,2941.0,2923.0,367.0,10757460.0,29487
2023-05-10 21:12:30,fu2310,fu2310,2933.0,0.0,0.0,0.0,1,2933.0,2934.0,11,2909.0,2925.0,2941.0,2923.0,367.0,10757460.0,29487
2023-05-10 21:12:31,fu2310,fu2310,2933.0,1.0,29330.0,0.0,2,2932.0,2933.0,1,2909.0,2925.0,2941.0,2923.0,368.0,10786790.0,29487
2023-05-10 21:12:44,fu2310,fu2310,2932.0,2.0,58640.0,0.0,2,2931.0,2933.0,9,2909.0,2925.0,2941.0,2923.0,370.0,10845430.0,29487
2023-05-10 21:12:45,fu2310,fu2310,2932.0,0.0,0.0,0.0,2,2931.0,2933.0,9,2909.0,2925.0,2941.0,2923.0,370.0,10845430.0,29487
2023-05-10 21:12:46,fu2310,fu2310,2932.0,0.0,0.0,0.0,9,2931.0,2933.0,1,2909.0,2925.0,2941.0,2923.0,370.0,10845430.0,29487
2023-05-10 21:12:47,fu2310,fu2310,2932.0,0.0,0.0,0.0,20,2931.0,2933.0,1,2909.0,2925.0,2941.0,2923.0,370.0,10845430.0,29487
2023-05-10 21:12:47,fu2310,fu2310,2932.0,0.0,0.0,0.0,2,2931.0,2933.0,8,2909.0,2925.0,2941.0,2923.0,370.0,10845430.0,29487
2023-05-10 21:12:50,fu2310,fu2310,2932.0,0.0,0.0,0.0,2,2931.0,2933.0,9,2909.0,2925.0,2941.0,2923.0,370.0,10845430.0,29487
2023-05-10 21:12:57,fu2310,fu2310,2932.0,0.0,0.0,0.0,10,2931.0,2933.0,1,2909.0,2925.0,2941.0,2923.0,370.0,10845430.0,29487
2023-05-10 21:12:58,fu2310,fu2310,2932.0,0.0,0.0,0.0,20,2931.0,2933.0,1,2909.0,2925.0,2941.0,2923.0,370.0,10845430.0,29487
2023-05-10 21:13:00,fu2310,fu2310,2931.0,2.0,58620.0,2.0,18,2931.0,2933.0,1,2909.0,2925.0,2941.0,2923.0,372.0,10904050.0,29489
2023-05-10 21:13:02,fu2310,fu2310,2931.0,0.0,0.0,0.0,13,2930.0,2933.0,9,2909.0,2925.0,2941.0,2923.0,372.0,10904050.0,29489
2023-05-10 21:13:03,fu2310,fu2310,2931.0,0.0,0.0,0.0,12,2931.0,2934.0,8,2909.0,2925.0,2941.0,2923.0,372.0,10904050.0,29489
2023-05-10 21:13:03,fu2310,fu2310,2931.0,0.0,0.0,0.0,21,2930.0,2933.0,8,2909.0,2925.0,2941.0,2923.0,372.0,10904050.0,29489
2023-05-10 21:13:04,fu2310,fu2310,2931.0,0.0,0.0,0.0,27,2930.0,2933.0,10,2909.0,2925.0,2941.0,2923.0,372.0,10904050.0,29489
2023-05-10 21:13:08,fu2310,fu2310,2931.0,0.0,0.0,0.0,13,2930.0,2932.0,6,2909.0,2925.0,2941.0,2923.0,372.0,10904050.0,29489
2023-05-10 21:13:08,fu2310,fu2310,2931.0,0.0,0.0,0.0,13,2930.0,2932.0,8,2909.0,2925.0,2941.0,2923.0,372.0,10904050.0,29489
2023-05-10 21:13:09,fu2310,fu2310,2931.0,0.0,0.0,0.0,13,2930.0,2932.0,8,2909.0,2925.0,2941.0,2923.0,372.0,10904050.0,29489
2023-05-10 21:13:09,fu2310,fu2310,2931.0,0.0,0.0,0.0,13,2930.0,2932.0,8,2909.0,2925.0,2941.0,2923.0,372.0,10904050.0,29489
2023-05-10 21:13:18,fu2310,fu2310,2930.0,1.0,29300.0,0.0,12,2930.0,2931.0,6,2909.0,2925.0,2941.0,2923.0,373.0,10933350.0,29489
2023-05-10 21:13:19,fu2310,fu2310,2930.0,12.0,351600.0,-1.0,3,2929.0,2931.0,8,2909.0,2925.0,2941.0,2923.0,385.0,11284950.0,29488
2023-05-10 21:13:23,fu2310,fu2310,2930.0,0.0,0.0,0.0,12,2929.0,2932.0,8,2909.0,2925.0,2941.0,2923.0,385.0,11284950.0,29488
2023-05-10 21:13:23,fu2310,fu2310,2930.0,0.0,0.0,0.0,18,2929.0,2931.0,2,2909.0,2925.0,2941.0,2923.0,385.0,11284950.0,29488
2023-05-10 21:13:30,fu2310,fu2310,2931.0,2.0,58620.0,-2.0,5,2931.0,2933.0,8,2909.0,2925.0,2941.0,2923.0,387.0,11343570.0,29486
2023-05-10 21:13:30,fu2310,fu2310,2931.0,0.0,0.0,0.0,5,2931.0,2933.0,8,2909.0,2925.0,2941.0,2923.0,387.0,11343570.0,29486
2023-05-10 21:13:32,fu2310,fu2310,2931.0,0.0,0.0,0.0,5,2931.0,2933.0,8,2909.0,2925.0,2941.0,2923.0,387.0,11343570.0,29486
2023-05-10 21:13:33,fu2310,fu2310,2931.0,3.0,87930.0,1.0,2,2931.0,2932.0,6,2909.0,2925.0,2941.0,2923.0,390.0,11431500.0,29487
2023-05-10 21:13:33,fu2310,fu2310,2931.0,2.0,58620.0,2.0,15,2929.0,2932.0,8,2909.0,2925.0,2941.0,2923.0,392.0,11490120.0,29489
2023-05-10 21:13:34,fu2310,fu2310,2931.0,0.0,0.0,0.0,2,2930.0,2932.0,8,2909.0,2925.0,2941.0,2923.0,392.0,11490120.0,29489
2023-05-10 21:13:34,fu2310,fu2310,2931.0,0.0,0.0,0.0,20,2929.0,2931.0,2,2909.0,2925.0,2941.0,2923.0,392.0,11490120.0,29489
2023-05-10 21:13:36,fu2310,fu2310,2931.0,2.0,58620.0,1.0,20,2929.0,2932.0,8,2909.0,2925.0,2941.0,2923.0,394.0,11548740.0,29490
2023-05-10 21:13:37,fu2310,fu2310,2931.0,0.0,0.0,0.0,3,2930.0,2933.0,9,2909.0,2925.0,2941.0,2923.0,394.0,11548740.0,29490
2023-05-10 21:13:37,fu2310,fu2310,2931.0,0.0,0.0,0.0,2,2931.0,2932.0,1,2909.0,2925.0,2941.0,2923.0,394.0,11548740.0,29490
2023-05-10 21:13:38,fu2310,fu2310,2931.0,0.0,0.0,0.0,2,2931.0,2932.0,1,2909.0,2925.0,2941.0,2923.0,394.0,11548740.0,29490
2023-05-10 21:13:39,fu2310,fu2310,2931.0,2.0,58620.0,-1.0,6,2929.0,2932.0,10,2909.0,2925.0,2941.0,2923.0,396.0,11607360.0,29489
2023-05-10 21:13:39,fu2310,fu2310,2931.0,0.0,0.0,0.0,19,2929.0,2932.0,10,2909.0,2925.0,2941.0,2923.0,396.0,11607360.0,29489
2023-05-10 21:13:40,fu2310,fu2310,2931.0,0.0,0.0,0.0,2,2930.0,2932.0,10,2909.0,2925.0,2941.0,2923.0,396.0,11607360.0,29489
2023-05-10 21:13:41,fu2310,fu2310,2931.0,0.0,0.0,0.0,2,2930.0,2932.0,10,2909.0,2925.0,2941.0,2923.0,396.0,11607360.0,29489
2023-05-10 21:13:43,fu2310,fu2310,2931.0,0.0,0.0,0.0,3,2929.0,2931.0,6,2909.0,2925.0,2941.0,2923.0,396.0,11607360.0,29489
2023-05-10 21:13:43,fu2310,fu2310,2931.0,0.0,0.0,0.0,3,2929.0,2931.0,9,2909.0,2925.0,2941.0,2923.0,396.0,11607360.0,29489
2023-05-10 21:13:44,fu2310,fu2310,2931.0,0.0,0.0,0.0,3,2929.0,2931.0,9,2909.0,2925.0,2941.0,2923.0,396.0,11607360.0,29489
2023-05-10 21:13:44,fu2310,fu2310,2931.0,0.0,0.0,0.0,3,2929.0,2931.0,9,2909.0,2925.0,2941.0,2923.0,396.0,11607360.0,29489
2023-05-10 21:13:45,fu2310,fu2310,2931.0,0.0,0.0,0.0,12,2929.0,2932.0,8,2909.0,2925.0,2941.0,2923.0,396.0,11607360.0,29489
2023-05-10 21:13:45,fu2310,fu2310,2931.0,0.0,0.0,0.0,3,2929.0,2931.0,8,2909.0,2925.0,2941.0,2923.0,396.0,11607360.0,29489
2023-05-10 21:13:46,fu2310,fu2310,2931.0,0.0,0.0,0.0,3,2929.0,2931.0,11,2909.0,2925.0,2941.0,2923.0,396.0,11607360.0,29489
2023-05-10 21:13:46,fu2310,fu2310,2931.0,0.0,0.0,0.0,3,2929.0,2931.0,11,2909.0,2925.0,2941.0,2923.0,396.0,11607360.0,29489
2023-05-10 21:13:55,fu2310,fu2310,2929.0,3.0,87870.0,-2.0,24,2925.0,2930.0,6,2909.0,2925.0,2941.0,2923.0,399.0,11695230.0,29487
2023-05-10 21:13:55,fu2310,fu2310,2929.0,0.0,0.0,0.0,6,2927.0,2930.0,9,2909.0,2925.0,2941.0,2923.0,399.0,11695230.0,29487
2023-05-10 21:13:56,fu2310,fu2310,2929.0,0.0,0.0,0.0,2,2928.0,2930.0,9,2909.0,2925.0,2941.0,2923.0,399.0,11695230.0,29487
2023-05-10 21:13:56,fu2310,fu2310,2929.0,0.0,0.0,0.0,2,2928.0,2930.0,9,2909.0,2925.0,2941.0,2923.0,399.0,11695230.0,29487
2023-05-10 21:13:58,fu2310,fu2310,2929.0,0.0,0.0,0.0,2,2928.0,2930.0,9,2909.0,2925.0,2941.0,2923.0,399.0,11695230.0,29487
2023-05-10 21:13:59,fu2310,fu2310,2929.0,0.0,0.0,0.0,27,2925.0,2929.0,8,2909.0,2925.0,2941.0,2923.0,399.0,11695230.0,29487
2023-05-10 21:13:59,fu2310,fu2310,2929.0,0.0,0.0,0.0,14,2926.0,2929.0,11,2909.0,2925.0,2941.0,2923.0,399.0,11695230.0,29487
2023-05-10 21:14:00,fu2310,fu2310,2929.0,0.0,0.0,0.0,17,2926.0,2929.0,11,2909.0,2925.0,2941.0,2923.0,399.0,11695230.0,29487
2023-05-10 21:14:00,fu2310,fu2310,2929.0,0.0,0.0,0.0,18,2926.0,2929.0,11,2909.0,2925.0,2941.0,2923.0,399.0,11695230.0,29487
2023-05-10 21:14:01,fu2310,fu2310,2929.0,0.0,0.0,0.0,22,2926.0,2929.0,11,2909.0,2925.0,2941.0,2923.0,399.0,11695230.0,29487
2023-05-10 21:14:02,fu2310,fu2310,2929.0,0.0,0.0,0.0,3,2927.0,2929.0,2,2909.0,2925.0,2941.0,2923.0,399.0,11695230.0,29487
2023-05-10 21:14:02,fu2310,fu2310,2929.0,2.0,58580.0,1.0,20,2927.0,2930.0,8,2909.0,2925.0,2941.0,2923.0,401.0,11753810.0,29488
2023-05-10 21:14:03,fu2310,fu2310,2929.0,0.0,0.0,0.0,2,2928.0,2929.0,2,2909.0,2925.0,2941.0,2923.0,401.0,11753810.0,29488
2023-05-10 21:14:04,fu2310,fu2310,2928.0,2.0,58560.0,-1.0,20,2927.0,2929.0,2,2909.0,2925.0,2941.0,2923.0,403.0,11812370.0,29487
2023-05-10 21:14:04,fu2310,fu2310,2928.0,0.0,0.0,0.0,2,2928.0,2929.0,2,2909.0,2925.0,2941.0,2923.0,403.0,11812370.0,29487
2023-05-10 21:14:05,fu2310,fu2310,2928.0,2.0,58560.0,0.0,2,2926.0,2929.0,11,2909.0,2925.0,2941.0,2923.0,405.0,11870930.0,29487
2023-05-10 21:14:06,fu2310,fu2310,2928.0,0.0,0.0,0.0,17,2927.0,2929.0,2,2909.0,2925.0,2941.0,2923.0,405.0,11870930.0,29487
2023-05-10 21:14:06,fu2310,fu2310,2928.0,0.0,0.0,0.0,20,2927.0,2929.0,2,2909.0,2925.0,2941.0,2923.0,405.0,11870930.0,29487
2023-05-10 21:14:07,fu2310,fu2310,2928.0,0.0,0.0,0.0,20,2927.0,2929.0,2,2909.0,2925.0,2941.0,2923.0,405.0,11870930.0,29487
2023-05-10 21:14:08,fu2310,fu2310,2927.0,1.0,29270.0,0.0,20,2927.0,2929.0,2,2909.0,2925.0,2941.0,2923.0,406.0,11900200.0,29487
2023-05-10 21:14:21,fu2310,fu2310,2927.0,6.0,175620.0,-3.0,18,2927.0,2929.0,2,2909.0,2925.0,2941.0,2923.0,412.0,12075820.0,29484
2023-05-10 21:14:22,fu2310,fu2310,2927.0,0.0,0.0,0.0,17,2927.0,2929.0,2,2909.0,2925.0,2941.0,2923.0,412.0,12075820.0,29484
2023-05-10 21:14:22,fu2310,fu2310,2927.0,14.0,409780.0,9.0,6,2926.0,2929.0,11,2909.0,2925.0,2941.0,2923.0,426.0,12485600.0,29493
2023-05-10 21:14:23,fu2310,fu2310,2927.0,0.0,0.0,0.0,8,2926.0,2929.0,11,2909.0,2925.0,2941.0,2923.0,426.0,12485600.0,29493
2023-05-10 21:14:25,fu2310,fu2310,2927.0,0.0,0.0,0.0,2,2927.0,2929.0,4,2909.0,2925.0,2941.0,2923.0,426.0,12485600.0,29493
2023-05-10 21:14:25,fu2310,fu2310,2927.0,0.0,0.0,0.0,10,2927.0,2929.0,4,2909.0,2925.0,2941.0,2923.0,426.0,12485600.0,29493
2023-05-10 21:14:32,fu2310,fu2310,2927.0,0.0,0.0,0.0,10,2927.0,2929.0,4,2909.0,2925.0,2941.0,2923.0,426.0,12485600.0,29493
2023-05-10 21:14:33,fu2310,fu2310,2929.0,4.0,117160.0,3.0,10,2927.0,2930.0,8,2909.0,2925.0,2941.0,2923.0,430.0,12602760.0,29496
2023-05-10 21:14:33,fu2310,fu2310,2929.0,0.0,0.0,0.0,3,2928.0,2931.0,8,2909.0,2925.0,2941.0,2923.0,430.0,12602760.0,29496
2023-05-10 21:14:34,fu2310,fu2310,2929.0,0.0,0.0,0.0,13,2928.0,2930.0,2,2909.0,2925.0,2941.0,2923.0,430.0,12602760.0,29496
2023-05-10 21:14:34,fu2310,fu2310,2929.0,0.0,0.0,0.0,2,2928.0,2930.0,9,2909.0,2925.0,2941.0,2923.0,430.0,12602760.0,29496
2023-05-10 21:14:35,fu2310,fu2310,2929.0,0.0,0.0,0.0,2,2928.0,2929.0,2,2909.0,2925.0,2941.0,2923.0,430.0,12602760.0,29496
2023-05-10 21:14:35,fu2310,fu2310,2929.0,0.0,0.0,0.0,2,2928.0,2930.0,11,2909.0,2925.0,2941.0,2923.0,430.0,12602760.0,29496
2023-05-10 21:14:41,fu2310,fu2310,2929.0,0.0,0.0,0.0,8,2928.0,2930.0,2,2909.0,2925.0,2941.0,2923.0,430.0,12602760.0,29496
2023-05-10 21:14:41,fu2310,fu2310,2929.0,0.0,0.0,0.0,13,2928.0,2930.0,2,2909.0,2925.0,2941.0,2923.0,430.0,12602760.0,29496
2023-05-10 21:14:42,fu2310,fu2310,2929.0,0.0,0.0,0.0,2,2928.0,2930.0,11,2909.0,2925.0,2941.0,2923.0,430.0,12602760.0,29496
2023-05-10 21:14:43,fu2310,fu2310,2929.0,0.0,0.0,0.0,2,2928.0,2930.0,11,2909.0,2925.0,2941.0,2923.0,430.0,12602760.0,29496
2023-05-10 21:14:48,fu2310,fu2310,2928.0,1.0,29280.0,0.0,2,2926.0,2929.0,6,2909.0,2925.0,2941.0,2923.0,431.0,12632040.0,29496
2023-05-10 21:14:49,fu2310,fu2310,2928.0,0.0,0.0,0.0,1,2927.0,2928.0,2,2909.0,2925.0,2941.0,2923.0,431.0,12632040.0,29496
2023-05-10 21:14:51,fu2310,fu2310,2928.0,2.0,58560.0,-2.0,1,2927.0,2929.0,9,2909.0,2925.0,2941.0,2923.0,433.0,12690600.0,29494
2023-05-10 21:14:52,fu2310,fu2310,2928.0,0.0,0.0,0.0,10,2927.0,2930.0,9,2909.0,2925.0,2941.0,2923.0,433.0,12690600.0,29494
2023-05-10 21:14:52,fu2310,fu2310,2928.0,0.0,0.0,0.0,10,2927.0,2929.0,1,2909.0,2925.0,2941.0,2923.0,433.0,12690600.0,29494
2023-05-10 21:14:53,fu2310,fu2310,2928.0,0.0,0.0,0.0,10,2927.0,2930.0,10,2909.0,2925.0,2941.0,2923.0,433.0,12690600.0,29494
2023-05-10 21:14:53,fu2310,fu2310,2928.0,0.0,0.0,0.0,1,2927.0,2929.0,6,2909.0,2925.0,2941.0,2923.0,433.0,12690600.0,29494
2023-05-10 21:14:54,fu2310,fu2310,2928.0,0.0,0.0,0.0,1,2927.0,2928.0,1,2909.0,2925.0,2941.0,2923.0,433.0,12690600.0,29494
2023-05-10 21:14:54,fu2310,fu2310,2927.0,1.0,29270.0,-1.0,26,2925.0,2928.0,9,2909.0,2925.0,2941.0,2923.0,434.0,12719870.0,29493
2023-05-10 21:14:55,fu2310,fu2310,2927.0,0.0,0.0,0.0,2,2926.0,2928.0,9,2909.0,2925.0,2941.0,2923.0,434.0,12719870.0,29493
2023-05-10 21:14:55,fu2310,fu2310,2927.0,0.0,0.0,0.0,31,2925.0,2928.0,9,2909.0,2925.0,2941.0,2923.0,434.0,12719870.0,29493
2023-05-10 21:14:56,fu2310,fu2310,2927.0,0.0,0.0,0.0,4,2926.0,2928.0,1,2909.0,2925.0,2941.0,2923.0,434.0,12719870.0,29493
2023-05-10 21:14:56,fu2310,fu2310,2927.0,0.0,0.0,0.0,10,2926.0,2928.0,1,2909.0,2925.0,2941.0,2923.0,434.0,12719870.0,29493
2023-05-10 21:14:57,fu2310,fu2310,2927.0,0.0,0.0,0.0,2,2927.0,2928.0,1,2909.0,2925.0,2941.0,2923.0,434.0,12719870.0,29493
2023-05-10 21:15:04,fu2310,fu2310,2928.0,1.0,29280.0,-1.0,2,2927.0,2929.0,8,2909.0,2925.0,2941.0,2923.0,435.0,12749150.0,29492
2023-05-10 21:15:05,fu2310,fu2310,2928.0,0.0,0.0,0.0,12,2927.0,2930.0,8,2909.0,2925.0,2941.0,2923.0,435.0,12749150.0,29492
2023-05-10 21:15:05,fu2310,fu2310,2928.0,0.0,0.0,0.0,12,2927.0,2929.0,2,2909.0,2925.0,2941.0,2923.0,435.0,12749150.0,29492
2023-05-10 21:15:07,fu2310,fu2310,2928.0,0.0,0.0,0.0,12,2927.0,2929.0,2,2909.0,2925.0,2941.0,2923.0,435.0,12749150.0,29492
2023-05-10 21:15:10,fu2310,fu2310,2928.0,0.0,0.0,0.0,2,2927.0,2929.0,10,2909.0,2925.0,2941.0,2923.0,435.0,12749150.0,29492
2023-05-10 21:15:11,fu2310,fu2310,2928.0,0.0,0.0,0.0,2,2927.0,2929.0,10,2909.0,2925.0,2941.0,2923.0,435.0,12749150.0,29492
2023-05-10 21:15:12,fu2310,fu2310,2928.0,0.0,0.0,0.0,2,2927.0,2929.0,10,2909.0,2925.0,2941.0,2923.0,435.0,12749150.0,29492
2023-05-10 21:15:15,fu2310,fu2310,2927.0,2.0,58540.0,0.0,6,2926.0,2929.0,10,2909.0,2925.0,2941.0,2923.0,437.0,12807690.0,29492
2023-05-10 21:15:16,fu2310,fu2310,2927.0,0.0,0.0,0.0,25,2925.0,2928.0,6,2909.0,2925.0,2941.0,2923.0,437.0,12807690.0,29492
2023-05-10 21:15:16,fu2310,fu2310,2927.0,0.0,0.0,0.0,1,2926.0,2927.0,2,2909.0,2925.0,2941.0,2923.0,437.0,12807690.0,29492
2023-05-10 21:15:17,fu2310,fu2310,2927.0,0.0,0.0,0.0,31,2925.0,2928.0,10,2909.0,2925.0,2941.0,2923.0,437.0,12807690.0,29492
2023-05-10 21:15:21,fu2310,fu2310,2927.0,0.0,0.0,0.0,1,2926.0,2928.0,2,2909.0,2925.0,2941.0,2923.0,437.0,12807690.0,29492
2023-05-10 21:15:21,fu2310,fu2310,2927.0,0.0,0.0,0.0,1,2927.0,2928.0,2,2909.0,2925.0,2941.0,2923.0,437.0,12807690.0,29492
2023-05-10 21:15:22,fu2310,fu2310,2927.0,1.0,29270.0,0.0,27,2925.0,2928.0,10,2909.0,2925.0,2941.0,2923.0,438.0,12836960.0,29492
2023-05-10 21:15:22,fu2310,fu2310,2927.0,0.0,0.0,0.0,4,2926.0,2928.0,2,2909.0,2925.0,2941.0,2923.0,438.0,12836960.0,29492
