time,symbol_id,symbol_name,last,trade_volume,trade_amount,open_interest_change,bv1,bp1,ap1,av1,yesterday_close,today_open,today_high,today_low,volume,amount,open_interest
2023-05-10 20:59:00,fu2405,fu2405,2776.0,1.0,27760.0,0.0,1,2775.0,2783.0,1,2763.0,2776.0,2776.0,2776.0,1.0,27760.0,312
2023-05-10 21:00:00,fu2405,fu2405,2776.0,0.0,0.0,0.0,1,2775.0,2783.0,1,2763.0,2776.0,2776.0,2776.0,1.0,27760.0,312
2023-05-10 21:00:02,fu2405,fu2405,2776.0,0.0,0.0,0.0,1,2775.0,2783.0,1,2763.0,2776.0,2776.0,2776.0,1.0,27760.0,312
2023-05-10 21:00:04,fu2405,fu2405,2776.0,0.0,0.0,0.0,1,2775.0,2783.0,1,2763.0,2776.0,2776.0,2776.0,1.0,27760.0,312
2023-05-10 21:00:07,fu2405,fu2405,2776.0,0.0,0.0,0.0,1,2775.0,2783.0,1,2763.0,2776.0,2776.0,2776.0,1.0,27760.0,312
2023-05-10 21:00:09,fu2405,fu2405,2776.0,0.0,0.0,0.0,1,2775.0,2783.0,1,2763.0,2776.0,2776.0,2776.0,1.0,27760.0,312
2023-05-10 21:00:11,fu2405,fu2405,2776.0,0.0,0.0,0.0,1,2775.0,2783.0,1,2763.0,2776.0,2776.0,2776.0,1.0,27760.0,312
2023-05-10 21:00:12,fu2405,fu2405,2776.0,0.0,0.0,0.0,1,2775.0,2783.0,1,2763.0,2776.0,2776.0,2776.0,1.0,27760.0,312
2023-05-10 21:00:14,fu2405,fu2405,2776.0,1.0,27760.0,0.0,1,2776.0,2783.0,1,2763.0,2776.0,2776.0,2776.0,2.0,55520.0,312
2023-05-10 21:00:15,fu2405,fu2405,2776.0,0.0,0.0,0.0,1,2776.0,2783.0,1,2763.0,2776.0,2776.0,2776.0,2.0,55520.0,312
2023-05-10 21:00:22,fu2405,fu2405,2776.0,0.0,0.0,0.0,1,2777.0,2783.0,1,2763.0,2776.0,2776.0,2776.0,2.0,55520.0,312
2023-05-10 21:00:27,fu2405,fu2405,2777.0,1.0,27770.0,1.0,1,2776.0,2783.0,1,2763.0,2776.0,2777.0,2776.0,3.0,83290.0,313
2023-05-10 21:00:30,fu2405,fu2405,2777.0,0.0,0.0,0.0,3,2776.0,2783.0,1,2763.0,2776.0,2777.0,2776.0,3.0,83290.0,313
2023-05-10 21:00:36,fu2405,fu2405,2783.0,1.0,27830.0,1.0,1,2776.0,2785.0,1,2763.0,2776.0,2783.0,2776.0,4.0,111120.0,314
2023-05-10 21:00:36,fu2405,fu2405,2783.0,0.0,0.0,0.0,2,2777.0,2785.0,1,2763.0,2776.0,2783.0,2776.0,4.0,111120.0,314
2023-05-10 21:00:49,fu2405,fu2405,2785.0,1.0,27850.0,0.0,2,2777.0,2799.0,2,2763.0,2776.0,2785.0,2776.0,5.0,138970.0,314
2023-05-10 21:00:49,fu2405,fu2405,2785.0,0.0,0.0,0.0,1,2776.0,2798.0,1,2763.0,2776.0,2785.0,2776.0,5.0,138970.0,314
2023-05-10 21:00:50,fu2405,fu2405,2785.0,0.0,0.0,0.0,3,2776.0,2798.0,1,2763.0,2776.0,2785.0,2776.0,5.0,138970.0,314
2023-05-10 21:00:50,fu2405,fu2405,2785.0,0.0,0.0,0.0,1,2776.0,2798.0,1,2763.0,2776.0,2785.0,2776.0,5.0,138970.0,314
2023-05-10 21:00:52,fu2405,fu2405,2785.0,0.0,0.0,0.0,3,2776.0,2798.0,1,2763.0,2776.0,2785.0,2776.0,5.0,138970.0,314
2023-05-10 21:00:54,fu2405,fu2405,2785.0,0.0,0.0,0.0,3,2776.0,2798.0,2,2763.0,2776.0,2785.0,2776.0,5.0,138970.0,314
2023-05-10 21:00:55,fu2405,fu2405,2785.0,0.0,0.0,0.0,1,2776.0,2798.0,2,2763.0,2776.0,2785.0,2776.0,5.0,138970.0,314
2023-05-10 21:01:01,fu2405,fu2405,2785.0,0.0,0.0,0.0,2,2777.0,2798.0,2,2763.0,2776.0,2785.0,2776.0,5.0,138970.0,314
2023-05-10 21:01:05,fu2405,fu2405,2785.0,0.0,0.0,0.0,1,2776.0,2798.0,2,2763.0,2776.0,2785.0,2776.0,5.0,138970.0,314
2023-05-10 21:01:06,fu2405,fu2405,2785.0,0.0,0.0,0.0,2,2777.0,2798.0,2,2763.0,2776.0,2785.0,2776.0,5.0,138970.0,314
2023-05-10 21:01:07,fu2405,fu2405,2785.0,0.0,0.0,0.0,2,2777.0,2798.0,2,2763.0,2776.0,2785.0,2776.0,5.0,138970.0,314
2023-05-10 21:01:07,fu2405,fu2405,2785.0,0.0,0.0,0.0,2,2777.0,2798.0,2,2763.0,2776.0,2785.0,2776.0,5.0,138970.0,314
2023-05-10 21:01:08,fu2405,fu2405,2785.0,0.0,0.0,0.0,1,2775.0,2798.0,2,2763.0,2776.0,2785.0,2776.0,5.0,138970.0,314
2023-05-10 21:01:09,fu2405,fu2405,2785.0,0.0,0.0,0.0,1,2775.0,2798.0,1,2763.0,2776.0,2785.0,2776.0,5.0,138970.0,314
2023-05-10 21:01:09,fu2405,fu2405,2785.0,0.0,0.0,0.0,1,2775.0,2797.0,1,2763.0,2776.0,2785.0,2776.0,5.0,138970.0,314
2023-05-10 21:01:10,fu2405,fu2405,2785.0,0.0,0.0,0.0,1,2775.0,2796.0,1,2763.0,2776.0,2785.0,2776.0,5.0,138970.0,314
2023-05-10 21:01:13,fu2405,fu2405,2785.0,0.0,0.0,0.0,1,2775.0,2796.0,1,2763.0,2776.0,2785.0,2776.0,5.0,138970.0,314
2023-05-10 21:01:15,fu2405,fu2405,2785.0,0.0,0.0,0.0,1,2775.0,2796.0,2,2763.0,2776.0,2785.0,2776.0,5.0,138970.0,314
2023-05-10 21:01:21,fu2405,fu2405,2785.0,0.0,0.0,0.0,1,2775.0,2795.0,1,2763.0,2776.0,2785.0,2776.0,5.0,138970.0,314
2023-05-10 21:01:21,fu2405,fu2405,2785.0,0.0,0.0,0.0,1,2775.0,2794.0,1,2763.0,2776.0,2785.0,2776.0,5.0,138970.0,314
2023-05-10 21:01:22,fu2405,fu2405,2785.0,0.0,0.0,0.0,1,2762.0,2794.0,1,2763.0,2776.0,2785.0,2776.0,5.0,138970.0,314
2023-05-10 21:01:22,fu2405,fu2405,2785.0,0.0,0.0,0.0,1,2763.0,2794.0,1,2763.0,2776.0,2785.0,2776.0,5.0,138970.0,314
2023-05-10 21:01:23,fu2405,fu2405,2785.0,0.0,0.0,0.0,1,2763.0,2793.0,1,2763.0,2776.0,2785.0,2776.0,5.0,138970.0,314
2023-05-10 21:01:23,fu2405,fu2405,2785.0,0.0,0.0,0.0,1,2763.0,2792.0,1,2763.0,2776.0,2785.0,2776.0,5.0,138970.0,314
2023-05-10 21:01:24,fu2405,fu2405,2785.0,0.0,0.0,0.0,1,2763.0,2791.0,1,2763.0,2776.0,2785.0,2776.0,5.0,138970.0,314
2023-05-10 21:01:25,fu2405,fu2405,2785.0,0.0,0.0,0.0,1,2763.0,2790.0,1,2763.0,2776.0,2785.0,2776.0,5.0,138970.0,314
2023-05-10 21:01:25,fu2405,fu2405,2785.0,0.0,0.0,0.0,1,2762.0,2790.0,1,2763.0,2776.0,2785.0,2776.0,5.0,138970.0,314
2023-05-10 21:01:26,fu2405,fu2405,2785.0,0.0,0.0,0.0,1,2766.0,2789.0,1,2763.0,2776.0,2785.0,2776.0,5.0,138970.0,314
2023-05-10 21:01:26,fu2405,fu2405,2785.0,0.0,0.0,0.0,1,2766.0,2785.0,1,2763.0,2776.0,2785.0,2776.0,5.0,138970.0,314
2023-05-10 21:01:27,fu2405,fu2405,2785.0,0.0,0.0,0.0,1,2766.0,2784.0,1,2763.0,2776.0,2785.0,2776.0,5.0,138970.0,314
2023-05-10 21:01:32,fu2405,fu2405,2785.0,0.0,0.0,0.0,1,2766.0,2784.0,1,2763.0,2776.0,2785.0,2776.0,5.0,138970.0,314
2023-05-10 21:01:32,fu2405,fu2405,2785.0,0.0,0.0,0.0,2,2767.0,2784.0,1,2763.0,2776.0,2785.0,2776.0,5.0,138970.0,314
2023-05-10 21:01:34,fu2405,fu2405,2785.0,0.0,0.0,0.0,2,2767.0,2784.0,1,2763.0,2776.0,2785.0,2776.0,5.0,138970.0,314
2023-05-10 21:01:37,fu2405,fu2405,2785.0,0.0,0.0,0.0,2,2767.0,2783.0,1,2763.0,2776.0,2785.0,2776.0,5.0,138970.0,314
2023-05-10 21:01:39,fu2405,fu2405,2785.0,0.0,0.0,0.0,2,2767.0,2782.0,1,2763.0,2776.0,2785.0,2776.0,5.0,138970.0,314
2023-05-10 21:01:43,fu2405,fu2405,2785.0,0.0,0.0,0.0,2,2767.0,2782.0,2,2763.0,2776.0,2785.0,2776.0,5.0,138970.0,314
2023-05-10 21:01:46,fu2405,fu2405,2785.0,0.0,0.0,0.0,2,2767.0,2781.0,1,2763.0,2776.0,2785.0,2776.0,5.0,138970.0,314
2023-05-10 21:01:47,fu2405,fu2405,2785.0,0.0,0.0,0.0,2,2767.0,2780.0,1,2763.0,2776.0,2785.0,2776.0,5.0,138970.0,314
2023-05-10 21:01:55,fu2405,fu2405,2785.0,0.0,0.0,0.0,2,2767.0,2780.0,2,2763.0,2776.0,2785.0,2776.0,5.0,138970.0,314
2023-05-10 21:01:58,fu2405,fu2405,2785.0,0.0,0.0,0.0,2,2767.0,2779.0,1,2763.0,2776.0,2785.0,2776.0,5.0,138970.0,314
2023-05-10 21:02:03,fu2405,fu2405,2785.0,0.0,0.0,0.0,2,2767.0,2778.0,1,2763.0,2776.0,2785.0,2776.0,5.0,138970.0,314
2023-05-10 21:02:12,fu2405,fu2405,2785.0,0.0,0.0,0.0,2,2767.0,2778.0,1,2763.0,2776.0,2785.0,2776.0,5.0,138970.0,314
2023-05-10 21:02:17,fu2405,fu2405,2778.0,1.0,27780.0,1.0,2,2767.0,2779.0,1,2763.0,2776.0,2785.0,2776.0,6.0,166750.0,315
2023-05-10 21:02:18,fu2405,fu2405,2778.0,0.0,0.0,0.0,1,2768.0,2779.0,1,2763.0,2776.0,2785.0,2776.0,6.0,166750.0,315
2023-05-10 21:02:19,fu2405,fu2405,2778.0,0.0,0.0,0.0,2,2768.0,2779.0,1,2763.0,2776.0,2785.0,2776.0,6.0,166750.0,315
2023-05-10 21:02:23,fu2405,fu2405,2778.0,0.0,0.0,0.0,2,2768.0,2779.0,1,2763.0,2776.0,2785.0,2776.0,6.0,166750.0,315
2023-05-10 21:02:24,fu2405,fu2405,2778.0,0.0,0.0,0.0,1,2769.0,2779.0,1,2763.0,2776.0,2785.0,2776.0,6.0,166750.0,315
2023-05-10 21:02:30,fu2405,fu2405,2778.0,0.0,0.0,0.0,1,2769.0,2779.0,1,2763.0,2776.0,2785.0,2776.0,6.0,166750.0,315
2023-05-10 21:02:35,fu2405,fu2405,2778.0,0.0,0.0,0.0,3,2769.0,2779.0,1,2763.0,2776.0,2785.0,2776.0,6.0,166750.0,315
2023-05-10 21:02:37,fu2405,fu2405,2778.0,0.0,0.0,0.0,1,2769.0,2779.0,1,2763.0,2776.0,2785.0,2776.0,6.0,166750.0,315
2023-05-10 21:02:40,fu2405,fu2405,2778.0,0.0,0.0,0.0,3,2769.0,2779.0,1,2763.0,2776.0,2785.0,2776.0,6.0,166750.0,315
2023-05-10 21:02:45,fu2405,fu2405,2778.0,0.0,0.0,0.0,1,2776.0,2779.0,1,2763.0,2776.0,2785.0,2776.0,6.0,166750.0,315
2023-05-10 21:02:46,fu2405,fu2405,2778.0,0.0,0.0,0.0,1,2776.0,2779.0,1,2763.0,2776.0,2785.0,2776.0,6.0,166750.0,315
2023-05-10 21:02:49,fu2405,fu2405,2778.0,0.0,0.0,0.0,1,2776.0,2778.0,1,2763.0,2776.0,2785.0,2776.0,6.0,166750.0,315
2023-05-10 21:03:00,fu2405,fu2405,2778.0,0.0,0.0,0.0,1,2776.0,2779.0,1,2763.0,2776.0,2785.0,2776.0,6.0,166750.0,315
2023-05-10 21:03:04,fu2405,fu2405,2778.0,0.0,0.0,0.0,1,2766.0,2779.0,1,2763.0,2776.0,2785.0,2776.0,6.0,166750.0,315
2023-05-10 21:03:05,fu2405,fu2405,2778.0,0.0,0.0,0.0,2,2767.0,2779.0,1,2763.0,2776.0,2785.0,2776.0,6.0,166750.0,315
2023-05-10 21:03:06,fu2405,fu2405,2778.0,0.0,0.0,0.0,1,2768.0,2779.0,1,2763.0,2776.0,2785.0,2776.0,6.0,166750.0,315
2023-05-10 21:03:11,fu2405,fu2405,2778.0,0.0,0.0,0.0,1,2768.0,2779.0,1,2763.0,2776.0,2785.0,2776.0,6.0,166750.0,315
2023-05-10 21:03:11,fu2405,fu2405,2778.0,0.0,0.0,0.0,2,2769.0,2779.0,1,2763.0,2776.0,2785.0,2776.0,6.0,166750.0,315
2023-05-10 21:03:16,fu2405,fu2405,2778.0,0.0,0.0,0.0,1,2770.0,2779.0,1,2763.0,2776.0,2785.0,2776.0,6.0,166750.0,315
2023-05-10 21:03:17,fu2405,fu2405,2778.0,0.0,0.0,0.0,1,2771.0,2779.0,1,2763.0,2776.0,2785.0,2776.0,6.0,166750.0,315
2023-05-10 21:03:21,fu2405,fu2405,2778.0,0.0,0.0,0.0,1,2771.0,2779.0,1,2763.0,2776.0,2785.0,2776.0,6.0,166750.0,315
2023-05-10 21:03:30,fu2405,fu2405,2779.0,1.0,27790.0,0.0,1,2771.0,2785.0,1,2763.0,2776.0,2785.0,2776.0,7.0,194540.0,315
2023-05-10 21:03:37,fu2405,fu2405,2779.0,0.0,0.0,0.0,1,2771.0,2785.0,1,2763.0,2776.0,2785.0,2776.0,7.0,194540.0,315
2023-05-10 21:03:39,fu2405,fu2405,2779.0,0.0,0.0,0.0,1,2771.0,2784.0,1,2763.0,2776.0,2785.0,2776.0,7.0,194540.0,315
2023-05-10 21:03:41,fu2405,fu2405,2779.0,0.0,0.0,0.0,1,2771.0,2783.0,1,2763.0,2776.0,2785.0,2776.0,7.0,194540.0,315
2023-05-10 21:03:41,fu2405,fu2405,2779.0,0.0,0.0,0.0,3,2771.0,2783.0,1,2763.0,2776.0,2785.0,2776.0,7.0,194540.0,315
2023-05-10 21:03:45,fu2405,fu2405,2779.0,0.0,0.0,0.0,1,2771.0,2783.0,1,2763.0,2776.0,2785.0,2776.0,7.0,194540.0,315
2023-05-10 21:03:48,fu2405,fu2405,2779.0,0.0,0.0,0.0,1,2771.0,2781.0,1,2763.0,2776.0,2785.0,2776.0,7.0,194540.0,315
2023-05-10 21:03:51,fu2405,fu2405,2779.0,0.0,0.0,0.0,3,2771.0,2781.0,1,2763.0,2776.0,2785.0,2776.0,7.0,194540.0,315
2023-05-10 21:03:55,fu2405,fu2405,2779.0,0.0,0.0,0.0,1,2771.0,2781.0,1,2763.0,2776.0,2785.0,2776.0,7.0,194540.0,315
2023-05-10 21:04:13,fu2405,fu2405,2779.0,0.0,0.0,0.0,1,2771.0,2781.0,3,2763.0,2776.0,2785.0,2776.0,7.0,194540.0,315
2023-05-10 21:04:14,fu2405,fu2405,2779.0,0.0,0.0,0.0,1,2771.0,2781.0,2,2763.0,2776.0,2785.0,2776.0,7.0,194540.0,315
2023-05-10 21:04:17,fu2405,fu2405,2781.0,1.0,27810.0,-1.0,1,2771.0,2781.0,1,2763.0,2776.0,2785.0,2776.0,8.0,222350.0,314
2023-05-10 21:04:26,fu2405,fu2405,2781.0,0.0,0.0,0.0,1,2771.0,2781.0,1,2763.0,2776.0,2785.0,2776.0,8.0,222350.0,314
2023-05-10 21:05:03,fu2405,fu2405,2781.0,0.0,0.0,0.0,1,2772.0,2781.0,1,2763.0,2776.0,2785.0,2776.0,8.0,222350.0,314
2023-05-10 21:05:06,fu2405,fu2405,2781.0,0.0,0.0,0.0,1,2773.0,2781.0,1,2763.0,2776.0,2785.0,2776.0,8.0,222350.0,314
2023-05-10 21:05:18,fu2405,fu2405,2781.0,1.0,27810.0,0.0,1,2773.0,2784.0,1,2763.0,2776.0,2785.0,2776.0,9.0,250160.0,314
2023-05-10 21:05:21,fu2405,fu2405,2781.0,0.0,0.0,0.0,1,2773.0,2785.0,1,2763.0,2776.0,2785.0,2776.0,9.0,250160.0,314
2023-05-10 21:05:22,fu2405,fu2405,2781.0,0.0,0.0,0.0,1,2773.0,2785.0,2,2763.0,2776.0,2785.0,2776.0,9.0,250160.0,314
2023-05-10 21:05:26,fu2405,fu2405,2781.0,0.0,0.0,0.0,1,2773.0,2784.0,1,2763.0,2776.0,2785.0,2776.0,9.0,250160.0,314
2023-05-10 21:05:30,fu2405,fu2405,2781.0,0.0,0.0,0.0,1,2773.0,2783.0,1,2763.0,2776.0,2785.0,2776.0,9.0,250160.0,314
2023-05-10 21:05:30,fu2405,fu2405,2781.0,0.0,0.0,0.0,1,2773.0,2783.0,2,2763.0,2776.0,2785.0,2776.0,9.0,250160.0,314
2023-05-10 21:05:31,fu2405,fu2405,2781.0,0.0,0.0,0.0,1,2773.0,2782.0,1,2763.0,2776.0,2785.0,2776.0,9.0,250160.0,314
2023-05-10 21:05:32,fu2405,fu2405,2781.0,0.0,0.0,0.0,1,2773.0,2782.0,1,2763.0,2776.0,2785.0,2776.0,9.0,250160.0,314
2023-05-10 21:05:33,fu2405,fu2405,2781.0,0.0,0.0,0.0,1,2773.0,2785.0,1,2763.0,2776.0,2785.0,2776.0,9.0,250160.0,314
2023-05-10 21:05:33,fu2405,fu2405,2781.0,0.0,0.0,0.0,1,2773.0,2781.0,2,2763.0,2776.0,2785.0,2776.0,9.0,250160.0,314
2023-05-10 21:05:34,fu2405,fu2405,2781.0,0.0,0.0,0.0,1,2773.0,2781.0,2,2763.0,2776.0,2785.0,2776.0,9.0,250160.0,314
2023-05-10 21:05:40,fu2405,fu2405,2781.0,0.0,0.0,0.0,1,2773.0,2785.0,1,2763.0,2776.0,2785.0,2776.0,9.0,250160.0,314
2023-05-10 21:05:40,fu2405,fu2405,2781.0,0.0,0.0,0.0,1,2773.0,2784.0,3,2763.0,2776.0,2785.0,2776.0,9.0,250160.0,314
2023-05-10 21:05:43,fu2405,fu2405,2784.0,1.0,27840.0,0.0,1,2773.0,2784.0,2,2763.0,2776.0,2785.0,2776.0,10.0,278000.0,314
2023-05-10 21:05:44,fu2405,fu2405,2784.0,0.0,0.0,0.0,1,2773.0,2784.0,2,2763.0,2776.0,2785.0,2776.0,10.0,278000.0,314
2023-05-10 21:05:46,fu2405,fu2405,2784.0,0.0,0.0,0.0,1,2773.0,2784.0,3,2763.0,2776.0,2785.0,2776.0,10.0,278000.0,314
2023-05-10 21:05:50,fu2405,fu2405,2784.0,0.0,0.0,0.0,1,2773.0,2784.0,2,2763.0,2776.0,2785.0,2776.0,10.0,278000.0,314
2023-05-10 21:06:06,fu2405,fu2405,2784.0,0.0,0.0,0.0,1,2773.0,2784.0,2,2763.0,2776.0,2785.0,2776.0,10.0,278000.0,314
2023-05-10 21:06:06,fu2405,fu2405,2784.0,0.0,0.0,0.0,3,2773.0,2784.0,2,2763.0,2776.0,2785.0,2776.0,10.0,278000.0,314
2023-05-10 21:06:07,fu2405,fu2405,2784.0,1.0,27840.0,0.0,3,2773.0,2784.0,1,2763.0,2776.0,2785.0,2776.0,11.0,305840.0,314
2023-05-10 21:06:09,fu2405,fu2405,2784.0,1.0,27840.0,-1.0,2,2773.0,2785.0,1,2763.0,2776.0,2785.0,2776.0,12.0,333680.0,313
2023-05-10 21:06:10,fu2405,fu2405,2784.0,0.0,0.0,0.0,1,2774.0,2785.0,1,2763.0,2776.0,2785.0,2776.0,12.0,333680.0,313
2023-05-10 21:06:19,fu2405,fu2405,2784.0,0.0,0.0,0.0,1,2770.0,2785.0,1,2763.0,2776.0,2785.0,2776.0,12.0,333680.0,313
2023-05-10 21:06:19,fu2405,fu2405,2784.0,0.0,0.0,0.0,3,2771.0,2785.0,1,2763.0,2776.0,2785.0,2776.0,12.0,333680.0,313
2023-05-10 21:06:20,fu2405,fu2405,2784.0,0.0,0.0,0.0,1,2772.0,2785.0,1,2763.0,2776.0,2785.0,2776.0,12.0,333680.0,313
2023-05-10 21:06:20,fu2405,fu2405,2784.0,0.0,0.0,0.0,1,2772.0,2785.0,1,2763.0,2776.0,2785.0,2776.0,12.0,333680.0,313
2023-05-10 21:06:22,fu2405,fu2405,2784.0,0.0,0.0,0.0,1,2772.0,2785.0,1,2763.0,2776.0,2785.0,2776.0,12.0,333680.0,313
2023-05-10 21:06:22,fu2405,fu2405,2784.0,0.0,0.0,0.0,2,2773.0,2785.0,1,2763.0,2776.0,2785.0,2776.0,12.0,333680.0,313
2023-05-10 21:06:24,fu2405,fu2405,2784.0,0.0,0.0,0.0,1,2774.0,2785.0,1,2763.0,2776.0,2785.0,2776.0,12.0,333680.0,313
2023-05-10 21:06:25,fu2405,fu2405,2784.0,0.0,0.0,0.0,1,2774.0,2785.0,1,2763.0,2776.0,2785.0,2776.0,12.0,333680.0,313
2023-05-10 21:06:27,fu2405,fu2405,2784.0,0.0,0.0,0.0,1,2775.0,2785.0,1,2763.0,2776.0,2785.0,2776.0,12.0,333680.0,313
2023-05-10 21:06:28,fu2405,fu2405,2784.0,0.0,0.0,0.0,1,2776.0,2785.0,1,2763.0,2776.0,2785.0,2776.0,12.0,333680.0,313
2023-05-10 21:06:46,fu2405,fu2405,2784.0,0.0,0.0,0.0,2,2776.0,2785.0,1,2763.0,2776.0,2785.0,2776.0,12.0,333680.0,313
2023-05-10 21:06:46,fu2405,fu2405,2784.0,0.0,0.0,0.0,2,2776.0,2785.0,2,2763.0,2776.0,2785.0,2776.0,12.0,333680.0,313
2023-05-10 21:06:47,fu2405,fu2405,2784.0,0.0,0.0,0.0,1,2777.0,2785.0,1,2763.0,2776.0,2785.0,2776.0,12.0,333680.0,313
2023-05-10 21:06:50,fu2405,fu2405,2784.0,0.0,0.0,0.0,1,2778.0,2785.0,1,2763.0,2776.0,2785.0,2776.0,12.0,333680.0,313
2023-05-10 21:06:51,fu2405,fu2405,2784.0,0.0,0.0,0.0,2,2778.0,2785.0,1,2763.0,2776.0,2785.0,2776.0,12.0,333680.0,313
2023-05-10 21:07:00,fu2405,fu2405,2784.0,0.0,0.0,0.0,1,2778.0,2785.0,1,2763.0,2776.0,2785.0,2776.0,12.0,333680.0,313
2023-05-10 21:07:04,fu2405,fu2405,2784.0,0.0,0.0,0.0,2,2778.0,2785.0,1,2763.0,2776.0,2785.0,2776.0,12.0,333680.0,313
2023-05-10 21:07:05,fu2405,fu2405,2784.0,0.0,0.0,0.0,1,2778.0,2785.0,1,2763.0,2776.0,2785.0,2776.0,12.0,333680.0,313
2023-05-10 21:07:06,fu2405,fu2405,2784.0,0.0,0.0,0.0,1,2779.0,2785.0,1,2763.0,2776.0,2785.0,2776.0,12.0,333680.0,313
2023-05-10 21:07:06,fu2405,fu2405,2784.0,0.0,0.0,0.0,1,2779.0,2785.0,1,2763.0,2776.0,2785.0,2776.0,12.0,333680.0,313
2023-05-10 21:07:08,fu2405,fu2405,2784.0,0.0,0.0,0.0,2,2779.0,2785.0,1,2763.0,2776.0,2785.0,2776.0,12.0,333680.0,313
2023-05-10 21:07:09,fu2405,fu2405,2784.0,0.0,0.0,0.0,1,2779.0,2785.0,1,2763.0,2776.0,2785.0,2776.0,12.0,333680.0,313
2023-05-10 21:07:10,fu2405,fu2405,2784.0,0.0,0.0,0.0,1,2780.0,2785.0,1,2763.0,2776.0,2785.0,2776.0,12.0,333680.0,313
2023-05-10 21:07:11,fu2405,fu2405,2784.0,0.0,0.0,0.0,1,2780.0,2785.0,1,2763.0,2776.0,2785.0,2776.0,12.0,333680.0,313
2023-05-10 21:07:11,fu2405,fu2405,2784.0,0.0,0.0,0.0,1,2781.0,2785.0,1,2763.0,2776.0,2785.0,2776.0,12.0,333680.0,313
2023-05-10 21:07:12,fu2405,fu2405,2784.0,0.0,0.0,0.0,1,2781.0,2785.0,1,2763.0,2776.0,2785.0,2776.0,12.0,333680.0,313
2023-05-10 21:07:15,fu2405,fu2405,2784.0,0.0,0.0,0.0,1,2781.0,2785.0,1,2763.0,2776.0,2785.0,2776.0,12.0,333680.0,313
2023-05-10 21:07:16,fu2405,fu2405,2784.0,0.0,0.0,0.0,1,2770.0,2785.0,1,2763.0,2776.0,2785.0,2776.0,12.0,333680.0,313
2023-05-10 21:07:17,fu2405,fu2405,2784.0,0.0,0.0,0.0,4,2771.0,2785.0,1,2763.0,2776.0,2785.0,2776.0,12.0,333680.0,313
2023-05-10 21:07:17,fu2405,fu2405,2784.0,0.0,0.0,0.0,5,2771.0,2785.0,1,2763.0,2776.0,2785.0,2776.0,12.0,333680.0,313
2023-05-10 21:07:18,fu2405,fu2405,2784.0,0.0,0.0,0.0,1,2772.0,2785.0,1,2763.0,2776.0,2785.0,2776.0,12.0,333680.0,313
2023-05-10 21:07:19,fu2405,fu2405,2784.0,0.0,0.0,0.0,3,2773.0,2785.0,1,2763.0,2776.0,2785.0,2776.0,12.0,333680.0,313
2023-05-10 21:07:20,fu2405,fu2405,2784.0,0.0,0.0,0.0,1,2774.0,2785.0,1,2763.0,2776.0,2785.0,2776.0,12.0,333680.0,313
2023-05-10 21:07:20,fu2405,fu2405,2784.0,0.0,0.0,0.0,2,2775.0,2785.0,1,2763.0,2776.0,2785.0,2776.0,12.0,333680.0,313
2023-05-10 21:07:21,fu2405,fu2405,2784.0,0.0,0.0,0.0,2,2776.0,2785.0,1,2763.0,2776.0,2785.0,2776.0,12.0,333680.0,313
2023-05-10 21:07:21,fu2405,fu2405,2784.0,0.0,0.0,0.0,1,2777.0,2785.0,1,2763.0,2776.0,2785.0,2776.0,12.0,333680.0,313
2023-05-10 21:07:22,fu2405,fu2405,2784.0,0.0,0.0,0.0,1,2778.0,2785.0,1,2763.0,2776.0,2785.0,2776.0,12.0,333680.0,313
2023-05-10 21:07:22,fu2405,fu2405,2784.0,0.0,0.0,0.0,1,2779.0,2785.0,1,2763.0,2776.0,2785.0,2776.0,12.0,333680.0,313
2023-05-10 21:07:23,fu2405,fu2405,2784.0,0.0,0.0,0.0,1,2779.0,2785.0,1,2763.0,2776.0,2785.0,2776.0,12.0,333680.0,313
2023-05-10 21:07:23,fu2405,fu2405,2784.0,0.0,0.0,0.0,1,2780.0,2785.0,1,2763.0,2776.0,2785.0,2776.0,12.0,333680.0,313
2023-05-10 21:07:24,fu2405,fu2405,2784.0,0.0,0.0,0.0,1,2781.0,2785.0,1,2763.0,2776.0,2785.0,2776.0,12.0,333680.0,313
2023-05-10 21:07:24,fu2405,fu2405,2784.0,0.0,0.0,0.0,1,2780.0,2785.0,1,2763.0,2776.0,2785.0,2776.0,12.0,333680.0,313
2023-05-10 21:07:25,fu2405,fu2405,2784.0,0.0,0.0,0.0,2,2780.0,2785.0,1,2763.0,2776.0,2785.0,2776.0,12.0,333680.0,313
2023-05-10 21:07:25,fu2405,fu2405,2784.0,0.0,0.0,0.0,1,2781.0,2785.0,1,2763.0,2776.0,2785.0,2776.0,12.0,333680.0,313
2023-05-10 21:07:26,fu2405,fu2405,2784.0,0.0,0.0,0.0,1,2781.0,2785.0,1,2763.0,2776.0,2785.0,2776.0,12.0,333680.0,313
2023-05-10 21:07:27,fu2405,fu2405,2784.0,0.0,0.0,0.0,1,2781.0,2785.0,1,2763.0,2776.0,2785.0,2776.0,12.0,333680.0,313
2023-05-10 21:07:28,fu2405,fu2405,2784.0,0.0,0.0,0.0,1,2775.0,2785.0,1,2763.0,2776.0,2785.0,2776.0,12.0,333680.0,313
2023-05-10 21:07:28,fu2405,fu2405,2784.0,0.0,0.0,0.0,3,2776.0,2785.0,1,2763.0,2776.0,2785.0,2776.0,12.0,333680.0,313
2023-05-10 21:07:29,fu2405,fu2405,2784.0,0.0,0.0,0.0,1,2777.0,2785.0,1,2763.0,2776.0,2785.0,2776.0,12.0,333680.0,313
2023-05-10 21:07:30,fu2405,fu2405,2784.0,0.0,0.0,0.0,1,2778.0,2785.0,1,2763.0,2776.0,2785.0,2776.0,12.0,333680.0,313
2023-05-10 21:07:31,fu2405,fu2405,2784.0,0.0,0.0,0.0,1,2779.0,2785.0,1,2763.0,2776.0,2785.0,2776.0,12.0,333680.0,313
2023-05-10 21:07:31,fu2405,fu2405,2784.0,0.0,0.0,0.0,1,2780.0,2785.0,1,2763.0,2776.0,2785.0,2776.0,12.0,333680.0,313
2023-05-10 21:07:34,fu2405,fu2405,2785.0,1.0,27850.0,-1.0,1,2780.0,2800.0,2,2763.0,2776.0,2785.0,2776.0,13.0,361530.0,312
2023-05-10 21:07:35,fu2405,fu2405,2785.0,0.0,0.0,0.0,3,2780.0,2799.0,3,2763.0,2776.0,2785.0,2776.0,13.0,361530.0,312
2023-05-10 21:07:37,fu2405,fu2405,2785.0,0.0,0.0,0.0,1,2780.0,2799.0,3,2763.0,2776.0,2785.0,2776.0,13.0,361530.0,312
2023-05-10 21:07:38,fu2405,fu2405,2785.0,0.0,0.0,0.0,2,2781.0,2799.0,3,2763.0,2776.0,2785.0,2776.0,13.0,361530.0,312
2023-05-10 21:07:38,fu2405,fu2405,2785.0,0.0,0.0,0.0,1,2782.0,2799.0,3,2763.0,2776.0,2785.0,2776.0,13.0,361530.0,312
2023-05-10 21:07:39,fu2405,fu2405,2785.0,0.0,0.0,0.0,1,2782.0,2799.0,1,2763.0,2776.0,2785.0,2776.0,13.0,361530.0,312
2023-05-10 21:07:39,fu2405,fu2405,2785.0,0.0,0.0,0.0,2,2781.0,2799.0,3,2763.0,2776.0,2785.0,2776.0,13.0,361530.0,312
2023-05-10 21:07:40,fu2405,fu2405,2785.0,0.0,0.0,0.0,3,2781.0,2799.0,3,2763.0,2776.0,2785.0,2776.0,13.0,361530.0,312
2023-05-10 21:07:40,fu2405,fu2405,2785.0,0.0,0.0,0.0,1,2781.0,2799.0,3,2763.0,2776.0,2785.0,2776.0,13.0,361530.0,312
2023-05-10 21:07:41,fu2405,fu2405,2785.0,0.0,0.0,0.0,1,2781.0,2799.0,1,2763.0,2776.0,2785.0,2776.0,13.0,361530.0,312
2023-05-10 21:07:41,fu2405,fu2405,2785.0,0.0,0.0,0.0,1,2781.0,2799.0,3,2763.0,2776.0,2785.0,2776.0,13.0,361530.0,312
2023-05-10 21:07:43,fu2405,fu2405,2785.0,0.0,0.0,0.0,1,2781.0,2798.0,1,2763.0,2776.0,2785.0,2776.0,13.0,361530.0,312
2023-05-10 21:07:43,fu2405,fu2405,2785.0,0.0,0.0,0.0,1,2781.0,2797.0,1,2763.0,2776.0,2785.0,2776.0,13.0,361530.0,312
2023-05-10 21:07:44,fu2405,fu2405,2785.0,0.0,0.0,0.0,1,2781.0,2797.0,1,2763.0,2776.0,2785.0,2776.0,13.0,361530.0,312
2023-05-10 21:07:44,fu2405,fu2405,2785.0,0.0,0.0,0.0,1,2782.0,2796.0,1,2763.0,2776.0,2785.0,2776.0,13.0,361530.0,312
2023-05-10 21:07:45,fu2405,fu2405,2785.0,0.0,0.0,0.0,1,2782.0,2795.0,1,2763.0,2776.0,2785.0,2776.0,13.0,361530.0,312
2023-05-10 21:07:46,fu2405,fu2405,2785.0,0.0,0.0,0.0,1,2782.0,2794.0,1,2763.0,2776.0,2785.0,2776.0,13.0,361530.0,312
2023-05-10 21:07:47,fu2405,fu2405,2785.0,0.0,0.0,0.0,1,2782.0,2793.0,1,2763.0,2776.0,2785.0,2776.0,13.0,361530.0,312
2023-05-10 21:07:48,fu2405,fu2405,2785.0,0.0,0.0,0.0,1,2782.0,2792.0,1,2763.0,2776.0,2785.0,2776.0,13.0,361530.0,312
2023-05-10 21:07:48,fu2405,fu2405,2785.0,0.0,0.0,0.0,1,2782.0,2791.0,1,2763.0,2776.0,2785.0,2776.0,13.0,361530.0,312
2023-05-10 21:07:49,fu2405,fu2405,2785.0,0.0,0.0,0.0,1,2782.0,2790.0,1,2763.0,2776.0,2785.0,2776.0,13.0,361530.0,312
2023-05-10 21:07:49,fu2405,fu2405,2785.0,0.0,0.0,0.0,1,2782.0,2789.0,1,2763.0,2776.0,2785.0,2776.0,13.0,361530.0,312
2023-05-10 21:07:50,fu2405,fu2405,2785.0,0.0,0.0,0.0,1,2782.0,2788.0,1,2763.0,2776.0,2785.0,2776.0,13.0,361530.0,312
2023-05-10 21:07:50,fu2405,fu2405,2785.0,0.0,0.0,0.0,1,2782.0,2788.0,1,2763.0,2776.0,2785.0,2776.0,13.0,361530.0,312
2023-05-10 21:07:51,fu2405,fu2405,2785.0,0.0,0.0,0.0,1,2771.0,2799.0,2,2763.0,2776.0,2785.0,2776.0,13.0,361530.0,312
2023-05-10 21:07:51,fu2405,fu2405,2785.0,0.0,0.0,0.0,2,2772.0,2798.0,1,2763.0,2776.0,2785.0,2776.0,13.0,361530.0,312
2023-05-10 21:07:52,fu2405,fu2405,2785.0,0.0,0.0,0.0,1,2773.0,2798.0,1,2763.0,2776.0,2785.0,2776.0,13.0,361530.0,312
2023-05-10 21:07:53,fu2405,fu2405,2785.0,0.0,0.0,0.0,2,2774.0,2798.0,1,2763.0,2776.0,2785.0,2776.0,13.0,361530.0,312
2023-05-10 21:07:53,fu2405,fu2405,2785.0,0.0,0.0,0.0,2,2774.0,2797.0,1,2763.0,2776.0,2785.0,2776.0,13.0,361530.0,312
2023-05-10 21:07:54,fu2405,fu2405,2785.0,0.0,0.0,0.0,2,2774.0,2796.0,1,2763.0,2776.0,2785.0,2776.0,13.0,361530.0,312
2023-05-10 21:07:54,fu2405,fu2405,2785.0,0.0,0.0,0.0,2,2774.0,2795.0,1,2763.0,2776.0,2785.0,2776.0,13.0,361530.0,312
2023-05-10 21:07:55,fu2405,fu2405,2785.0,0.0,0.0,0.0,2,2775.0,2794.0,1,2763.0,2776.0,2785.0,2776.0,13.0,361530.0,312
2023-05-10 21:07:55,fu2405,fu2405,2785.0,0.0,0.0,0.0,1,2776.0,2794.0,1,2763.0,2776.0,2785.0,2776.0,13.0,361530.0,312
2023-05-10 21:07:56,fu2405,fu2405,2785.0,0.0,0.0,0.0,1,2776.0,2793.0,1,2763.0,2776.0,2785.0,2776.0,13.0,361530.0,312
2023-05-10 21:07:56,fu2405,fu2405,2785.0,0.0,0.0,0.0,1,2776.0,2792.0,1,2763.0,2776.0,2785.0,2776.0,13.0,361530.0,312
2023-05-10 21:07:57,fu2405,fu2405,2785.0,0.0,0.0,0.0,1,2776.0,2791.0,1,2763.0,2776.0,2785.0,2776.0,13.0,361530.0,312
2023-05-10 21:07:57,fu2405,fu2405,2785.0,0.0,0.0,0.0,1,2776.0,2790.0,1,2763.0,2776.0,2785.0,2776.0,13.0,361530.0,312
2023-05-10 21:07:58,fu2405,fu2405,2785.0,0.0,0.0,0.0,2,2777.0,2789.0,1,2763.0,2776.0,2785.0,2776.0,13.0,361530.0,312
2023-05-10 21:07:58,fu2405,fu2405,2785.0,0.0,0.0,0.0,1,2778.0,2789.0,1,2763.0,2776.0,2785.0,2776.0,13.0,361530.0,312
2023-05-10 21:07:59,fu2405,fu2405,2785.0,0.0,0.0,0.0,1,2778.0,2788.0,1,2763.0,2776.0,2785.0,2776.0,13.0,361530.0,312
2023-05-10 21:07:59,fu2405,fu2405,2785.0,0.0,0.0,0.0,2,2778.0,2788.0,1,2763.0,2776.0,2785.0,2776.0,13.0,361530.0,312
2023-05-10 21:08:00,fu2405,fu2405,2785.0,0.0,0.0,0.0,2,2778.0,2788.0,1,2763.0,2776.0,2785.0,2776.0,13.0,361530.0,312
2023-05-10 21:08:01,fu2405,fu2405,2785.0,0.0,0.0,0.0,2,2778.0,2799.0,2,2763.0,2776.0,2785.0,2776.0,13.0,361530.0,312
2023-05-10 21:08:01,fu2405,fu2405,2785.0,0.0,0.0,0.0,2,2778.0,2798.0,1,2763.0,2776.0,2785.0,2776.0,13.0,361530.0,312
2023-05-10 21:08:03,fu2405,fu2405,2785.0,0.0,0.0,0.0,2,2778.0,2797.0,1,2763.0,2776.0,2785.0,2776.0,13.0,361530.0,312
2023-05-10 21:08:03,fu2405,fu2405,2785.0,0.0,0.0,0.0,2,2778.0,2796.0,1,2763.0,2776.0,2785.0,2776.0,13.0,361530.0,312
2023-05-10 21:08:04,fu2405,fu2405,2785.0,0.0,0.0,0.0,2,2778.0,2795.0,1,2763.0,2776.0,2785.0,2776.0,13.0,361530.0,312
2023-05-10 21:08:04,fu2405,fu2405,2785.0,0.0,0.0,0.0,2,2778.0,2794.0,1,2763.0,2776.0,2785.0,2776.0,13.0,361530.0,312
2023-05-10 21:08:05,fu2405,fu2405,2785.0,0.0,0.0,0.0,2,2778.0,2794.0,1,2763.0,2776.0,2785.0,2776.0,13.0,361530.0,312
2023-05-10 21:08:05,fu2405,fu2405,2785.0,0.0,0.0,0.0,2,2778.0,2793.0,1,2763.0,2776.0,2785.0,2776.0,13.0,361530.0,312
2023-05-10 21:08:06,fu2405,fu2405,2785.0,0.0,0.0,0.0,2,2778.0,2792.0,1,2763.0,2776.0,2785.0,2776.0,13.0,361530.0,312
2023-05-10 21:08:06,fu2405,fu2405,2785.0,0.0,0.0,0.0,2,2778.0,2791.0,1,2763.0,2776.0,2785.0,2776.0,13.0,361530.0,312
2023-05-10 21:08:07,fu2405,fu2405,2785.0,0.0,0.0,0.0,2,2778.0,2790.0,1,2763.0,2776.0,2785.0,2776.0,13.0,361530.0,312
2023-05-10 21:08:08,fu2405,fu2405,2785.0,0.0,0.0,0.0,1,2780.0,2789.0,1,2763.0,2776.0,2785.0,2776.0,13.0,361530.0,312
2023-05-10 21:08:08,fu2405,fu2405,2785.0,0.0,0.0,0.0,2,2780.0,2789.0,2,2763.0,2776.0,2785.0,2776.0,13.0,361530.0,312
2023-05-10 21:08:10,fu2405,fu2405,2785.0,0.0,0.0,0.0,1,2780.0,2788.0,1,2763.0,2776.0,2785.0,2776.0,13.0,361530.0,312
2023-05-10 21:08:15,fu2405,fu2405,2785.0,0.0,0.0,0.0,1,2780.0,2787.0,1,2763.0,2776.0,2785.0,2776.0,13.0,361530.0,312
2023-05-10 21:08:15,fu2405,fu2405,2785.0,0.0,0.0,0.0,1,2780.0,2786.0,1,2763.0,2776.0,2785.0,2776.0,13.0,361530.0,312
2023-05-10 21:08:17,fu2405,fu2405,2785.0,0.0,0.0,0.0,1,2780.0,2785.0,1,2763.0,2776.0,2785.0,2776.0,13.0,361530.0,312
2023-05-10 21:08:18,fu2405,fu2405,2785.0,0.0,0.0,0.0,1,2780.0,2785.0,2,2763.0,2776.0,2785.0,2776.0,13.0,361530.0,312
2023-05-10 21:08:18,fu2405,fu2405,2785.0,0.0,0.0,0.0,1,2780.0,2785.0,1,2763.0,2776.0,2785.0,2776.0,13.0,361530.0,312
2023-05-10 21:08:20,fu2405,fu2405,2785.0,0.0,0.0,0.0,1,2780.0,2800.0,2,2763.0,2776.0,2785.0,2776.0,13.0,361530.0,312
2023-05-10 21:08:21,fu2405,fu2405,2785.0,0.0,0.0,0.0,1,2780.0,2799.0,1,2763.0,2776.0,2785.0,2776.0,13.0,361530.0,312
2023-05-10 21:08:22,fu2405,fu2405,2785.0,0.0,0.0,0.0,1,2780.0,2798.0,2,2763.0,2776.0,2785.0,2776.0,13.0,361530.0,312
2023-05-10 21:08:22,fu2405,fu2405,2785.0,0.0,0.0,0.0,1,2780.0,2797.0,1,2763.0,2776.0,2785.0,2776.0,13.0,361530.0,312
2023-05-10 21:08:23,fu2405,fu2405,2785.0,0.0,0.0,0.0,1,2780.0,2796.0,1,2763.0,2776.0,2785.0,2776.0,13.0,361530.0,312
2023-05-10 21:08:23,fu2405,fu2405,2785.0,0.0,0.0,0.0,1,2780.0,2795.0,1,2763.0,2776.0,2785.0,2776.0,13.0,361530.0,312
2023-05-10 21:08:24,fu2405,fu2405,2785.0,0.0,0.0,0.0,1,2780.0,2794.0,1,2763.0,2776.0,2785.0,2776.0,13.0,361530.0,312
2023-05-10 21:08:24,fu2405,fu2405,2785.0,0.0,0.0,0.0,1,2780.0,2793.0,1,2763.0,2776.0,2785.0,2776.0,13.0,361530.0,312
2023-05-10 21:08:25,fu2405,fu2405,2785.0,0.0,0.0,0.0,1,2780.0,2792.0,1,2763.0,2776.0,2785.0,2776.0,13.0,361530.0,312
2023-05-10 21:08:25,fu2405,fu2405,2785.0,0.0,0.0,0.0,1,2780.0,2791.0,1,2763.0,2776.0,2785.0,2776.0,13.0,361530.0,312
2023-05-10 21:08:26,fu2405,fu2405,2785.0,0.0,0.0,0.0,1,2780.0,2790.0,1,2763.0,2776.0,2785.0,2776.0,13.0,361530.0,312
2023-05-10 21:08:26,fu2405,fu2405,2785.0,0.0,0.0,0.0,1,2780.0,2789.0,1,2763.0,2776.0,2785.0,2776.0,13.0,361530.0,312
2023-05-10 21:08:27,fu2405,fu2405,2785.0,0.0,0.0,0.0,1,2781.0,2789.0,1,2763.0,2776.0,2785.0,2776.0,13.0,361530.0,312
2023-05-10 21:08:34,fu2405,fu2405,2785.0,0.0,0.0,0.0,1,2781.0,2789.0,1,2763.0,2776.0,2785.0,2776.0,13.0,361530.0,312
2023-05-10 21:08:40,fu2405,fu2405,2785.0,0.0,0.0,0.0,1,2781.0,2789.0,2,2763.0,2776.0,2785.0,2776.0,13.0,361530.0,312
2023-05-10 21:08:40,fu2405,fu2405,2785.0,0.0,0.0,0.0,1,2781.0,2789.0,2,2763.0,2776.0,2785.0,2776.0,13.0,361530.0,312
2023-05-10 21:08:42,fu2405,fu2405,2785.0,0.0,0.0,0.0,1,2781.0,2788.0,1,2763.0,2776.0,2785.0,2776.0,13.0,361530.0,312
2023-05-10 21:08:43,fu2405,fu2405,2785.0,0.0,0.0,0.0,1,2781.0,2787.0,1,2763.0,2776.0,2785.0,2776.0,13.0,361530.0,312
2023-05-10 21:08:45,fu2405,fu2405,2785.0,0.0,0.0,0.0,1,2771.0,2787.0,1,2763.0,2776.0,2785.0,2776.0,13.0,361530.0,312
2023-05-10 21:08:46,fu2405,fu2405,2785.0,0.0,0.0,0.0,1,2772.0,2787.0,1,2763.0,2776.0,2785.0,2776.0,13.0,361530.0,312
2023-05-10 21:08:47,fu2405,fu2405,2785.0,0.0,0.0,0.0,2,2773.0,2787.0,1,2763.0,2776.0,2785.0,2776.0,13.0,361530.0,312
2023-05-10 21:08:47,fu2405,fu2405,2785.0,0.0,0.0,0.0,2,2774.0,2787.0,1,2763.0,2776.0,2785.0,2776.0,13.0,361530.0,312
2023-05-10 21:08:49,fu2405,fu2405,2785.0,0.0,0.0,0.0,1,2775.0,2787.0,1,2763.0,2776.0,2785.0,2776.0,13.0,361530.0,312
2023-05-10 21:08:49,fu2405,fu2405,2785.0,0.0,0.0,0.0,1,2776.0,2787.0,1,2763.0,2776.0,2785.0,2776.0,13.0,361530.0,312
2023-05-10 21:08:50,fu2405,fu2405,2785.0,0.0,0.0,0.0,1,2777.0,2787.0,1,2763.0,2776.0,2785.0,2776.0,13.0,361530.0,312
2023-05-10 21:08:50,fu2405,fu2405,2785.0,0.0,0.0,0.0,2,2777.0,2787.0,1,2763.0,2776.0,2785.0,2776.0,13.0,361530.0,312
2023-05-10 21:08:52,fu2405,fu2405,2785.0,0.0,0.0,0.0,2,2777.0,2787.0,1,2763.0,2776.0,2785.0,2776.0,13.0,361530.0,312
2023-05-10 21:08:54,fu2405,fu2405,2785.0,0.0,0.0,0.0,2,2777.0,2787.0,1,2763.0,2776.0,2785.0,2776.0,13.0,361530.0,312
2023-05-10 21:08:55,fu2405,fu2405,2785.0,0.0,0.0,0.0,2,2778.0,2787.0,1,2763.0,2776.0,2785.0,2776.0,13.0,361530.0,312
2023-05-10 21:08:57,fu2405,fu2405,2785.0,0.0,0.0,0.0,1,2779.0,2787.0,1,2763.0,2776.0,2785.0,2776.0,13.0,361530.0,312
2023-05-10 21:09:05,fu2405,fu2405,2785.0,0.0,0.0,0.0,2,2780.0,2787.0,1,2763.0,2776.0,2785.0,2776.0,13.0,361530.0,312
2023-05-10 21:09:09,fu2405,fu2405,2785.0,0.0,0.0,0.0,2,2780.0,2787.0,1,2763.0,2776.0,2785.0,2776.0,13.0,361530.0,312
2023-05-10 21:09:20,fu2405,fu2405,2785.0,0.0,0.0,0.0,2,2780.0,2787.0,1,2763.0,2776.0,2785.0,2776.0,13.0,361530.0,312
2023-05-10 21:09:22,fu2405,fu2405,2785.0,0.0,0.0,0.0,2,2780.0,2786.0,1,2763.0,2776.0,2785.0,2776.0,13.0,361530.0,312
2023-05-10 21:09:22,fu2405,fu2405,2785.0,0.0,0.0,0.0,2,2780.0,2785.0,1,2763.0,2776.0,2785.0,2776.0,13.0,361530.0,312
2023-05-10 21:10:00,fu2405,fu2405,2785.0,0.0,0.0,0.0,2,2780.0,2785.0,1,2763.0,2776.0,2785.0,2776.0,13.0,361530.0,312
2023-05-10 21:10:17,fu2405,fu2405,2780.0,1.0,27800.0,0.0,1,2780.0,2785.0,1,2763.0,2776.0,2785.0,2776.0,14.0,389330.0,312
2023-05-10 21:10:26,fu2405,fu2405,2780.0,0.0,0.0,0.0,1,2780.0,2785.0,1,2763.0,2776.0,2785.0,2776.0,14.0,389330.0,312
2023-05-10 21:10:41,fu2405,fu2405,2780.0,0.0,0.0,0.0,1,2780.0,2800.0,3,2763.0,2776.0,2785.0,2776.0,14.0,389330.0,312
2023-05-10 21:10:42,fu2405,fu2405,2780.0,0.0,0.0,0.0,1,2780.0,2799.0,3,2763.0,2776.0,2785.0,2776.0,14.0,389330.0,312
2023-05-10 21:10:43,fu2405,fu2405,2780.0,0.0,0.0,0.0,1,2780.0,2799.0,1,2763.0,2776.0,2785.0,2776.0,14.0,389330.0,312
2023-05-10 21:10:44,fu2405,fu2405,2780.0,0.0,0.0,0.0,1,2780.0,2798.0,1,2763.0,2776.0,2785.0,2776.0,14.0,389330.0,312
2023-05-10 21:10:44,fu2405,fu2405,2780.0,0.0,0.0,0.0,1,2780.0,2797.0,1,2763.0,2776.0,2785.0,2776.0,14.0,389330.0,312
2023-05-10 21:10:45,fu2405,fu2405,2780.0,0.0,0.0,0.0,1,2780.0,2796.0,2,2763.0,2776.0,2785.0,2776.0,14.0,389330.0,312
2023-05-10 21:10:45,fu2405,fu2405,2780.0,0.0,0.0,0.0,1,2780.0,2795.0,1,2763.0,2776.0,2785.0,2776.0,14.0,389330.0,312
2023-05-10 21:10:47,fu2405,fu2405,2780.0,0.0,0.0,0.0,1,2780.0,2795.0,1,2763.0,2776.0,2785.0,2776.0,14.0,389330.0,312
2023-05-10 21:10:48,fu2405,fu2405,2780.0,0.0,0.0,0.0,1,2780.0,2794.0,1,2763.0,2776.0,2785.0,2776.0,14.0,389330.0,312
2023-05-10 21:10:48,fu2405,fu2405,2780.0,0.0,0.0,0.0,1,2780.0,2793.0,1,2763.0,2776.0,2785.0,2776.0,14.0,389330.0,312
2023-05-10 21:10:49,fu2405,fu2405,2780.0,0.0,0.0,0.0,1,2780.0,2792.0,2,2763.0,2776.0,2785.0,2776.0,14.0,389330.0,312
2023-05-10 21:10:49,fu2405,fu2405,2780.0,0.0,0.0,0.0,1,2780.0,2791.0,1,2763.0,2776.0,2785.0,2776.0,14.0,389330.0,312
2023-05-10 21:10:53,fu2405,fu2405,2780.0,0.0,0.0,0.0,1,2780.0,2791.0,1,2763.0,2776.0,2785.0,2776.0,14.0,389330.0,312
2023-05-10 21:10:58,fu2405,fu2405,2780.0,0.0,0.0,0.0,1,2780.0,2790.0,1,2763.0,2776.0,2785.0,2776.0,14.0,389330.0,312
2023-05-10 21:10:58,fu2405,fu2405,2780.0,0.0,0.0,0.0,1,2780.0,2789.0,1,2763.0,2776.0,2785.0,2776.0,14.0,389330.0,312
2023-05-10 21:11:00,fu2405,fu2405,2780.0,0.0,0.0,0.0,1,2780.0,2788.0,2,2763.0,2776.0,2785.0,2776.0,14.0,389330.0,312
2023-05-10 21:11:00,fu2405,fu2405,2780.0,0.0,0.0,0.0,1,2780.0,2787.0,1,2763.0,2776.0,2785.0,2776.0,14.0,389330.0,312
2023-05-10 21:11:01,fu2405,fu2405,2780.0,0.0,0.0,0.0,1,2780.0,2787.0,1,2763.0,2776.0,2785.0,2776.0,14.0,389330.0,312
2023-05-10 21:11:05,fu2405,fu2405,2780.0,0.0,0.0,0.0,1,2781.0,2787.0,1,2763.0,2776.0,2785.0,2776.0,14.0,389330.0,312
2023-05-10 21:11:06,fu2405,fu2405,2780.0,0.0,0.0,0.0,1,2781.0,2788.0,1,2763.0,2776.0,2785.0,2776.0,14.0,389330.0,312
2023-05-10 21:11:07,fu2405,fu2405,2780.0,0.0,0.0,0.0,1,2781.0,2788.0,2,2763.0,2776.0,2785.0,2776.0,14.0,389330.0,312
2023-05-10 21:11:07,fu2405,fu2405,2780.0,0.0,0.0,0.0,1,2781.0,2788.0,2,2763.0,2776.0,2785.0,2776.0,14.0,389330.0,312
2023-05-10 21:11:08,fu2405,fu2405,2780.0,0.0,0.0,0.0,1,2781.0,2787.0,1,2763.0,2776.0,2785.0,2776.0,14.0,389330.0,312
2023-05-10 21:11:10,fu2405,fu2405,2780.0,0.0,0.0,0.0,1,2781.0,2787.0,1,2763.0,2776.0,2785.0,2776.0,14.0,389330.0,312
2023-05-10 21:11:17,fu2405,fu2405,2780.0,0.0,0.0,0.0,1,2780.0,2787.0,1,2763.0,2776.0,2785.0,2776.0,14.0,389330.0,312
2023-05-10 21:11:20,fu2405,fu2405,2780.0,0.0,0.0,0.0,1,2782.0,2787.0,1,2763.0,2776.0,2785.0,2776.0,14.0,389330.0,312
2023-05-10 21:11:22,fu2405,fu2405,2780.0,0.0,0.0,0.0,1,2782.0,2787.0,1,2763.0,2776.0,2785.0,2776.0,14.0,389330.0,312
2023-05-10 21:11:37,fu2405,fu2405,2780.0,0.0,0.0,0.0,1,2782.0,2787.0,1,2763.0,2776.0,2785.0,2776.0,14.0,389330.0,312
2023-05-10 21:12:10,fu2405,fu2405,2780.0,0.0,0.0,0.0,1,2782.0,2787.0,2,2763.0,2776.0,2785.0,2776.0,14.0,389330.0,312
2023-05-10 21:12:11,fu2405,fu2405,2780.0,0.0,0.0,0.0,1,2782.0,2787.0,1,2763.0,2776.0,2785.0,2776.0,14.0,389330.0,312
2023-05-10 21:12:29,fu2405,fu2405,2780.0,0.0,0.0,0.0,3,2771.0,2787.0,1,2763.0,2776.0,2785.0,2776.0,14.0,389330.0,312
2023-05-10 21:12:30,fu2405,fu2405,2780.0,0.0,0.0,0.0,1,2772.0,2787.0,1,2763.0,2776.0,2785.0,2776.0,14.0,389330.0,312
2023-05-10 21:12:30,fu2405,fu2405,2780.0,0.0,0.0,0.0,2,2772.0,2787.0,1,2763.0,2776.0,2785.0,2776.0,14.0,389330.0,312
2023-05-10 21:12:37,fu2405,fu2405,2780.0,0.0,0.0,0.0,2,2772.0,2787.0,2,2763.0,2776.0,2785.0,2776.0,14.0,389330.0,312
2023-05-10 21:12:42,fu2405,fu2405,2780.0,0.0,0.0,0.0,1,2773.0,2787.0,2,2763.0,2776.0,2785.0,2776.0,14.0,389330.0,312
2023-05-10 21:12:42,fu2405,fu2405,2780.0,0.0,0.0,0.0,1,2774.0,2787.0,2,2763.0,2776.0,2785.0,2776.0,14.0,389330.0,312
2023-05-10 21:12:43,fu2405,fu2405,2780.0,0.0,0.0,0.0,1,2775.0,2787.0,2,2763.0,2776.0,2785.0,2776.0,14.0,389330.0,312
2023-05-10 21:12:44,fu2405,fu2405,2780.0,0.0,0.0,0.0,1,2775.0,2787.0,2,2763.0,2776.0,2785.0,2776.0,14.0,389330.0,312
2023-05-10 21:12:45,fu2405,fu2405,2780.0,0.0,0.0,0.0,1,2775.0,2786.0,1,2763.0,2776.0,2785.0,2776.0,14.0,389330.0,312
2023-05-10 21:12:46,fu2405,fu2405,2780.0,0.0,0.0,0.0,1,2775.0,2785.0,2,2763.0,2776.0,2785.0,2776.0,14.0,389330.0,312
2023-05-10 21:12:46,fu2405,fu2405,2780.0,0.0,0.0,0.0,1,2775.0,2785.0,2,2763.0,2776.0,2785.0,2776.0,14.0,389330.0,312
2023-05-10 21:12:50,fu2405,fu2405,2780.0,0.0,0.0,0.0,1,2776.0,2785.0,2,2763.0,2776.0,2785.0,2776.0,14.0,389330.0,312
2023-05-10 21:13:17,fu2405,fu2405,2780.0,0.0,0.0,0.0,1,2776.0,2785.0,3,2763.0,2776.0,2785.0,2776.0,14.0,389330.0,312
2023-05-10 21:13:19,fu2405,fu2405,2780.0,0.0,0.0,0.0,1,2776.0,2785.0,3,2763.0,2776.0,2785.0,2776.0,14.0,389330.0,312
2023-05-10 21:13:20,fu2405,fu2405,2780.0,0.0,0.0,0.0,1,2776.0,2785.0,3,2763.0,2776.0,2785.0,2776.0,14.0,389330.0,312
2023-05-10 21:13:24,fu2405,fu2405,2780.0,0.0,0.0,0.0,1,2776.0,2785.0,2,2763.0,2776.0,2785.0,2776.0,14.0,389330.0,312
2023-05-10 21:13:26,fu2405,fu2405,2780.0,0.0,0.0,0.0,1,2776.0,2785.0,2,2763.0,2776.0,2785.0,2776.0,14.0,389330.0,312
2023-05-10 21:13:27,fu2405,fu2405,2780.0,0.0,0.0,0.0,1,2776.0,2785.0,2,2763.0,2776.0,2785.0,2776.0,14.0,389330.0,312
2023-05-10 21:13:44,fu2405,fu2405,2780.0,0.0,0.0,0.0,1,2776.0,2785.0,3,2763.0,2776.0,2785.0,2776.0,14.0,389330.0,312
2023-05-10 21:13:55,fu2405,fu2405,2780.0,0.0,0.0,0.0,1,2776.0,2784.0,1,2763.0,2776.0,2785.0,2776.0,14.0,389330.0,312
2023-05-10 21:13:55,fu2405,fu2405,2780.0,0.0,0.0,0.0,1,2776.0,2783.0,1,2763.0,2776.0,2785.0,2776.0,14.0,389330.0,312
2023-05-10 21:13:56,fu2405,fu2405,2780.0,0.0,0.0,0.0,1,2776.0,2783.0,1,2763.0,2776.0,2785.0,2776.0,14.0,389330.0,312
2023-05-10 21:13:57,fu2405,fu2405,2780.0,0.0,0.0,0.0,1,2776.0,2782.0,1,2763.0,2776.0,2785.0,2776.0,14.0,389330.0,312
2023-05-10 21:13:58,fu2405,fu2405,2780.0,0.0,0.0,0.0,1,2776.0,2781.0,1,2763.0,2776.0,2785.0,2776.0,14.0,389330.0,312
2023-05-10 21:13:59,fu2405,fu2405,2780.0,0.0,0.0,0.0,1,2772.0,2781.0,1,2763.0,2776.0,2785.0,2776.0,14.0,389330.0,312
2023-05-10 21:14:00,fu2405,fu2405,2780.0,0.0,0.0,0.0,1,2772.0,2780.0,1,2763.0,2776.0,2785.0,2776.0,14.0,389330.0,312
2023-05-10 21:14:01,fu2405,fu2405,2780.0,0.0,0.0,0.0,1,2772.0,2779.0,1,2763.0,2776.0,2785.0,2776.0,14.0,389330.0,312
2023-05-10 21:14:02,fu2405,fu2405,2780.0,0.0,0.0,0.0,1,2772.0,2796.0,1,2763.0,2776.0,2785.0,2776.0,14.0,389330.0,312
2023-05-10 21:14:03,fu2405,fu2405,2780.0,0.0,0.0,0.0,1,2772.0,2780.0,1,2763.0,2776.0,2785.0,2776.0,14.0,389330.0,312
2023-05-10 21:14:03,fu2405,fu2405,2780.0,0.0,0.0,0.0,1,2772.0,2780.0,2,2763.0,2776.0,2785.0,2776.0,14.0,389330.0,312
2023-05-10 21:14:04,fu2405,fu2405,2780.0,0.0,0.0,0.0,1,2772.0,2779.0,1,2763.0,2776.0,2785.0,2776.0,14.0,389330.0,312
2023-05-10 21:14:04,fu2405,fu2405,2780.0,0.0,0.0,0.0,1,2772.0,2780.0,1,2763.0,2776.0,2785.0,2776.0,14.0,389330.0,312
2023-05-10 21:14:05,fu2405,fu2405,2780.0,0.0,0.0,0.0,1,2772.0,2779.0,1,2763.0,2776.0,2785.0,2776.0,14.0,389330.0,312
2023-05-10 21:14:05,fu2405,fu2405,2780.0,0.0,0.0,0.0,1,2772.0,2780.0,1,2763.0,2776.0,2785.0,2776.0,14.0,389330.0,312
2023-05-10 21:14:06,fu2405,fu2405,2780.0,0.0,0.0,0.0,1,2772.0,2779.0,1,2763.0,2776.0,2785.0,2776.0,14.0,389330.0,312
2023-05-10 21:14:07,fu2405,fu2405,2780.0,0.0,0.0,0.0,1,2772.0,2780.0,1,2763.0,2776.0,2785.0,2776.0,14.0,389330.0,312
2023-05-10 21:14:07,fu2405,fu2405,2780.0,0.0,0.0,0.0,1,2772.0,2780.0,2,2763.0,2776.0,2785.0,2776.0,14.0,389330.0,312
2023-05-10 21:14:08,fu2405,fu2405,2780.0,0.0,0.0,0.0,1,2772.0,2780.0,2,2763.0,2776.0,2785.0,2776.0,14.0,389330.0,312
2023-05-10 21:14:11,fu2405,fu2405,2780.0,0.0,0.0,0.0,1,2773.0,2779.0,1,2763.0,2776.0,2785.0,2776.0,14.0,389330.0,312
2023-05-10 21:14:13,fu2405,fu2405,2773.0,1.0,27730.0,0.0,1,2772.0,2773.0,2,2763.0,2776.0,2785.0,2773.0,15.0,417060.0,312
2023-05-10 21:14:14,fu2405,fu2405,2773.0,0.0,0.0,0.0,1,2772.0,2773.0,2,2763.0,2776.0,2785.0,2773.0,15.0,417060.0,312
2023-05-10 21:14:16,fu2405,fu2405,2773.0,0.0,0.0,0.0,2,2762.0,2773.0,2,2763.0,2776.0,2785.0,2773.0,15.0,417060.0,312
2023-05-10 21:14:16,fu2405,fu2405,2773.0,0.0,0.0,0.0,2,2763.0,2773.0,2,2763.0,2776.0,2785.0,2773.0,15.0,417060.0,312
2023-05-10 21:14:18,fu2405,fu2405,2773.0,0.0,0.0,0.0,2,2764.0,2773.0,2,2763.0,2776.0,2785.0,2773.0,15.0,417060.0,312
2023-05-10 21:14:19,fu2405,fu2405,2773.0,0.0,0.0,0.0,1,2765.0,2773.0,2,2763.0,2776.0,2785.0,2773.0,15.0,417060.0,312
2023-05-10 21:14:21,fu2405,fu2405,2773.0,0.0,0.0,0.0,1,2765.0,2773.0,2,2763.0,2776.0,2785.0,2773.0,15.0,417060.0,312
2023-05-10 21:14:22,fu2405,fu2405,2773.0,0.0,0.0,0.0,1,2765.0,2773.0,2,2763.0,2776.0,2785.0,2773.0,15.0,417060.0,312
2023-05-10 21:14:23,fu2405,fu2405,2773.0,0.0,0.0,0.0,1,2765.0,2773.0,2,2763.0,2776.0,2785.0,2773.0,15.0,417060.0,312
2023-05-10 21:14:23,fu2405,fu2405,2773.0,0.0,0.0,0.0,2,2766.0,2773.0,2,2763.0,2776.0,2785.0,2773.0,15.0,417060.0,312
2023-05-10 21:14:24,fu2405,fu2405,2773.0,0.0,0.0,0.0,1,2767.0,2773.0,2,2763.0,2776.0,2785.0,2773.0,15.0,417060.0,312
2023-05-10 21:14:26,fu2405,fu2405,2773.0,0.0,0.0,0.0,1,2767.0,2773.0,2,2763.0,2776.0,2785.0,2773.0,15.0,417060.0,312
2023-05-10 21:14:26,fu2405,fu2405,2773.0,0.0,0.0,0.0,4,2767.0,2773.0,2,2763.0,2776.0,2785.0,2773.0,15.0,417060.0,312
2023-05-10 21:14:30,fu2405,fu2405,2773.0,0.0,0.0,0.0,4,2767.0,2780.0,1,2763.0,2776.0,2785.0,2773.0,15.0,417060.0,312
2023-05-10 21:14:31,fu2405,fu2405,2773.0,0.0,0.0,0.0,4,2767.0,2779.0,1,2763.0,2776.0,2785.0,2773.0,15.0,417060.0,312
2023-05-10 21:14:33,fu2405,fu2405,2773.0,0.0,0.0,0.0,4,2767.0,2780.0,1,2763.0,2776.0,2785.0,2773.0,15.0,417060.0,312
2023-05-10 21:14:33,fu2405,fu2405,2773.0,0.0,0.0,0.0,1,2768.0,2780.0,2,2763.0,2776.0,2785.0,2773.0,15.0,417060.0,312
2023-05-10 21:14:34,fu2405,fu2405,2773.0,0.0,0.0,0.0,1,2769.0,2780.0,2,2763.0,2776.0,2785.0,2773.0,15.0,417060.0,312
2023-05-10 21:14:34,fu2405,fu2405,2773.0,0.0,0.0,0.0,1,2769.0,2779.0,1,2763.0,2776.0,2785.0,2773.0,15.0,417060.0,312
2023-05-10 21:14:38,fu2405,fu2405,2773.0,0.0,0.0,0.0,1,2769.0,2780.0,1,2763.0,2776.0,2785.0,2773.0,15.0,417060.0,312
2023-05-10 21:14:39,fu2405,fu2405,2773.0,0.0,0.0,0.0,1,2769.0,2779.0,1,2763.0,2776.0,2785.0,2773.0,15.0,417060.0,312
2023-05-10 21:14:40,fu2405,fu2405,2773.0,0.0,0.0,0.0,1,2769.0,2780.0,1,2763.0,2776.0,2785.0,2773.0,15.0,417060.0,312
2023-05-10 21:14:41,fu2405,fu2405,2773.0,0.0,0.0,0.0,1,2769.0,2780.0,2,2763.0,2776.0,2785.0,2773.0,15.0,417060.0,312
2023-05-10 21:14:43,fu2405,fu2405,2773.0,0.0,0.0,0.0,1,2769.0,2779.0,1,2763.0,2776.0,2785.0,2773.0,15.0,417060.0,312
2023-05-10 21:14:47,fu2405,fu2405,2769.0,1.0,27690.0,0.0,3,2762.0,2769.0,1,2763.0,2776.0,2785.0,2769.0,16.0,444750.0,312
2023-05-10 21:14:48,fu2405,fu2405,2769.0,1.0,27690.0,-1.0,3,2762.0,2780.0,1,2763.0,2776.0,2785.0,2769.0,17.0,472440.0,311
2023-05-10 21:14:48,fu2405,fu2405,2769.0,0.0,0.0,0.0,3,2762.0,2779.0,1,2763.0,2776.0,2785.0,2769.0,17.0,472440.0,311
2023-05-10 21:14:49,fu2405,fu2405,2769.0,0.0,0.0,0.0,2,2763.0,2779.0,1,2763.0,2776.0,2785.0,2769.0,17.0,472440.0,311
2023-05-10 21:14:52,fu2405,fu2405,2769.0,0.0,0.0,0.0,2,2763.0,2778.0,1,2763.0,2776.0,2785.0,2769.0,17.0,472440.0,311
2023-05-10 21:14:52,fu2405,fu2405,2769.0,0.0,0.0,0.0,2,2763.0,2778.0,1,2763.0,2776.0,2785.0,2769.0,17.0,472440.0,311
2023-05-10 21:14:54,fu2405,fu2405,2769.0,0.0,0.0,0.0,2,2763.0,2778.0,2,2763.0,2776.0,2785.0,2769.0,17.0,472440.0,311
2023-05-10 21:14:55,fu2405,fu2405,2769.0,0.0,0.0,0.0,3,2763.0,2778.0,2,2763.0,2776.0,2785.0,2769.0,17.0,472440.0,311
2023-05-10 21:14:58,fu2405,fu2405,2769.0,0.0,0.0,0.0,1,2764.0,2778.0,2,2763.0,2776.0,2785.0,2769.0,17.0,472440.0,311
2023-05-10 21:14:58,fu2405,fu2405,2769.0,0.0,0.0,0.0,1,2764.0,2778.0,2,2763.0,2776.0,2785.0,2769.0,17.0,472440.0,311
2023-05-10 21:15:00,fu2405,fu2405,2769.0,0.0,0.0,0.0,1,2764.0,2777.0,1,2763.0,2776.0,2785.0,2769.0,17.0,472440.0,311
2023-05-10 21:15:02,fu2405,fu2405,2769.0,0.0,0.0,0.0,1,2764.0,2777.0,1,2763.0,2776.0,2785.0,2769.0,17.0,472440.0,311
2023-05-10 21:15:02,fu2405,fu2405,2769.0,0.0,0.0,0.0,2,2765.0,2777.0,1,2763.0,2776.0,2785.0,2769.0,17.0,472440.0,311
2023-05-10 21:15:04,fu2405,fu2405,2769.0,0.0,0.0,0.0,1,2766.0,2777.0,1,2763.0,2776.0,2785.0,2769.0,17.0,472440.0,311
2023-05-10 21:15:05,fu2405,fu2405,2769.0,0.0,0.0,0.0,1,2766.0,2778.0,1,2763.0,2776.0,2785.0,2769.0,17.0,472440.0,311
2023-05-10 21:15:06,fu2405,fu2405,2769.0,0.0,0.0,0.0,2,2767.0,2778.0,2,2763.0,2776.0,2785.0,2769.0,17.0,472440.0,311
2023-05-10 21:15:08,fu2405,fu2405,2769.0,0.0,0.0,0.0,2,2767.0,2777.0,1,2763.0,2776.0,2785.0,2769.0,17.0,472440.0,311
2023-05-10 21:15:11,fu2405,fu2405,2769.0,0.0,0.0,0.0,1,2766.0,2777.0,1,2763.0,2776.0,2785.0,2769.0,17.0,472440.0,311
2023-05-10 21:15:12,fu2405,fu2405,2769.0,0.0,0.0,0.0,3,2766.0,2777.0,1,2763.0,2776.0,2785.0,2769.0,17.0,472440.0,311
2023-05-10 21:15:21,fu2405,fu2405,2769.0,0.0,0.0,0.0,3,2766.0,2777.0,1,2763.0,2776.0,2785.0,2769.0,17.0,472440.0,311
2023-05-10 21:15:21,fu2405,fu2405,2769.0,0.0,0.0,0.0,3,2766.0,2777.0,1,2763.0,2776.0,2785.0,2769.0,17.0,472440.0,311
2023-05-10 21:15:24,fu2405,fu2405,2769.0,0.0,0.0,0.0,3,2766.0,2777.0,1,2763.0,2776.0,2785.0,2769.0,17.0,472440.0,311
2023-05-10 21:15:32,fu2405,fu2405,2769.0,0.0,0.0,0.0,1,2766.0,2777.0,1,2763.0,2776.0,2785.0,2769.0,17.0,472440.0,311
2023-05-10 21:15:35,fu2405,fu2405,2769.0,0.0,0.0,0.0,2,2766.0,2777.0,1,2763.0,2776.0,2785.0,2769.0,17.0,472440.0,311
2023-05-10 21:15:35,fu2405,fu2405,2769.0,0.0,0.0,0.0,4,2766.0,2777.0,1,2763.0,2776.0,2785.0,2769.0,17.0,472440.0,311
2023-05-10 21:15:37,fu2405,fu2405,2769.0,0.0,0.0,0.0,3,2766.0,2777.0,1,2763.0,2776.0,2785.0,2769.0,17.0,472440.0,311
2023-05-10 21:15:38,fu2405,fu2405,2769.0,0.0,0.0,0.0,1,2766.0,2777.0,1,2763.0,2776.0,2785.0,2769.0,17.0,472440.0,311
2023-05-10 21:15:41,fu2405,fu2405,2769.0,0.0,0.0,0.0,1,2763.0,2777.0,1,2763.0,2776.0,2785.0,2769.0,17.0,472440.0,311
2023-05-10 21:15:42,fu2405,fu2405,2769.0,0.0,0.0,0.0,2,2765.0,2777.0,1,2763.0,2776.0,2785.0,2769.0,17.0,472440.0,311
2023-05-10 21:15:42,fu2405,fu2405,2769.0,0.0,0.0,0.0,1,2766.0,2777.0,1,2763.0,2776.0,2785.0,2769.0,17.0,472440.0,311
2023-05-10 21:15:44,fu2405,fu2405,2769.0,0.0,0.0,0.0,1,2768.0,2777.0,1,2763.0,2776.0,2785.0,2769.0,17.0,472440.0,311
2023-05-10 21:15:44,fu2405,fu2405,2769.0,0.0,0.0,0.0,1,2768.0,2777.0,1,2763.0,2776.0,2785.0,2769.0,17.0,472440.0,311
2023-05-10 21:15:46,fu2405,fu2405,2769.0,0.0,0.0,0.0,1,2768.0,2777.0,1,2763.0,2776.0,2785.0,2769.0,17.0,472440.0,311
2023-05-10 21:15:56,fu2405,fu2405,2769.0,0.0,0.0,0.0,1,2768.0,2777.0,1,2763.0,2776.0,2785.0,2769.0,17.0,472440.0,311
2023-05-10 21:16:09,fu2405,fu2405,2769.0,0.0,0.0,0.0,1,2763.0,2777.0,1,2763.0,2776.0,2785.0,2769.0,17.0,472440.0,311
2023-05-10 21:16:12,fu2405,fu2405,2769.0,0.0,0.0,0.0,2,2764.0,2777.0,1,2763.0,2776.0,2785.0,2769.0,17.0,472440.0,311
2023-05-10 21:16:20,fu2405,fu2405,2769.0,0.0,0.0,0.0,3,2764.0,2777.0,1,2763.0,2776.0,2785.0,2769.0,17.0,472440.0,311
2023-05-10 21:16:23,fu2405,fu2405,2769.0,0.0,0.0,0.0,2,2764.0,2777.0,1,2763.0,2776.0,2785.0,2769.0,17.0,472440.0,311
2023-05-10 21:16:25,fu2405,fu2405,2769.0,0.0,0.0,0.0,3,2764.0,2777.0,1,2763.0,2776.0,2785.0,2769.0,17.0,472440.0,311
2023-05-10 21:16:33,fu2405,fu2405,2769.0,0.0,0.0,0.0,1,2765.0,2777.0,1,2763.0,2776.0,2785.0,2769.0,17.0,472440.0,311
2023-05-10 21:16:34,fu2405,fu2405,2769.0,0.0,0.0,0.0,1,2765.0,2777.0,1,2763.0,2776.0,2785.0,2769.0,17.0,472440.0,311
2023-05-10 21:16:34,fu2405,fu2405,2769.0,0.0,0.0,0.0,2,2765.0,2777.0,1,2763.0,2776.0,2785.0,2769.0,17.0,472440.0,311
2023-05-10 21:16:40,fu2405,fu2405,2769.0,0.0,0.0,0.0,3,2765.0,2777.0,1,2763.0,2776.0,2785.0,2769.0,17.0,472440.0,311
2023-05-10 21:16:40,fu2405,fu2405,2769.0,0.0,0.0,0.0,2,2765.0,2777.0,1,2763.0,2776.0,2785.0,2769.0,17.0,472440.0,311
2023-05-10 21:16:41,fu2405,fu2405,2769.0,0.0,0.0,0.0,3,2765.0,2777.0,1,2763.0,2776.0,2785.0,2769.0,17.0,472440.0,311
2023-05-10 21:16:42,fu2405,fu2405,2769.0,0.0,0.0,0.0,2,2765.0,2777.0,1,2763.0,2776.0,2785.0,2769.0,17.0,472440.0,311
2023-05-10 21:16:43,fu2405,fu2405,2769.0,0.0,0.0,0.0,3,2765.0,2777.0,1,2763.0,2776.0,2785.0,2769.0,17.0,472440.0,311
2023-05-10 21:16:48,fu2405,fu2405,2769.0,0.0,0.0,0.0,1,2766.0,2777.0,1,2763.0,2776.0,2785.0,2769.0,17.0,472440.0,311
2023-05-10 21:16:50,fu2405,fu2405,2769.0,0.0,0.0,0.0,2,2765.0,2777.0,1,2763.0,2776.0,2785.0,2769.0,17.0,472440.0,311
2023-05-10 21:16:51,fu2405,fu2405,2769.0,0.0,0.0,0.0,3,2765.0,2777.0,1,2763.0,2776.0,2785.0,2769.0,17.0,472440.0,311
2023-05-10 21:16:53,fu2405,fu2405,2769.0,0.0,0.0,0.0,1,2766.0,2777.0,1,2763.0,2776.0,2785.0,2769.0,17.0,472440.0,311
2023-05-10 21:16:53,fu2405,fu2405,2769.0,0.0,0.0,0.0,2,2765.0,2777.0,1,2763.0,2776.0,2785.0,2769.0,17.0,472440.0,311
2023-05-10 21:16:54,fu2405,fu2405,2769.0,0.0,0.0,0.0,1,2766.0,2777.0,1,2763.0,2776.0,2785.0,2769.0,17.0,472440.0,311
2023-05-10 21:16:54,fu2405,fu2405,2769.0,0.0,0.0,0.0,2,2765.0,2777.0,1,2763.0,2776.0,2785.0,2769.0,17.0,472440.0,311
2023-05-10 21:16:55,fu2405,fu2405,2769.0,0.0,0.0,0.0,1,2766.0,2777.0,1,2763.0,2776.0,2785.0,2769.0,17.0,472440.0,311
2023-05-10 21:16:55,fu2405,fu2405,2769.0,0.0,0.0,0.0,1,2767.0,2780.0,1,2763.0,2776.0,2785.0,2769.0,17.0,472440.0,311
2023-05-10 21:16:56,fu2405,fu2405,2769.0,0.0,0.0,0.0,1,2767.0,2779.0,1,2763.0,2776.0,2785.0,2769.0,17.0,472440.0,311
2023-05-10 21:16:56,fu2405,fu2405,2769.0,0.0,0.0,0.0,1,2763.0,2779.0,1,2763.0,2776.0,2785.0,2769.0,17.0,472440.0,311
2023-05-10 21:16:57,fu2405,fu2405,2769.0,0.0,0.0,0.0,3,2764.0,2779.0,1,2763.0,2776.0,2785.0,2769.0,17.0,472440.0,311
2023-05-10 21:17:01,fu2405,fu2405,2769.0,0.0,0.0,0.0,1,2765.0,2779.0,1,2763.0,2776.0,2785.0,2769.0,17.0,472440.0,311
2023-05-10 21:17:01,fu2405,fu2405,2769.0,0.0,0.0,0.0,1,2766.0,2779.0,1,2763.0,2776.0,2785.0,2769.0,17.0,472440.0,311
2023-05-10 21:17:02,fu2405,fu2405,2769.0,0.0,0.0,0.0,1,2766.0,2779.0,1,2763.0,2776.0,2785.0,2769.0,17.0,472440.0,311
2023-05-10 21:17:02,fu2405,fu2405,2769.0,0.0,0.0,0.0,1,2767.0,2779.0,1,2763.0,2776.0,2785.0,2769.0,17.0,472440.0,311
2023-05-10 21:17:03,fu2405,fu2405,2769.0,0.0,0.0,0.0,2,2767.0,2779.0,1,2763.0,2776.0,2785.0,2769.0,17.0,472440.0,311
2023-05-10 21:17:06,fu2405,fu2405,2769.0,0.0,0.0,0.0,1,2767.0,2779.0,1,2763.0,2776.0,2785.0,2769.0,17.0,472440.0,311
2023-05-10 21:17:07,fu2405,fu2405,2769.0,0.0,0.0,0.0,1,2767.0,2779.0,1,2763.0,2776.0,2785.0,2769.0,17.0,472440.0,311
2023-05-10 21:17:09,fu2405,fu2405,2769.0,0.0,0.0,0.0,2,2767.0,2779.0,1,2763.0,2776.0,2785.0,2769.0,17.0,472440.0,311
2023-05-10 21:17:13,fu2405,fu2405,2769.0,0.0,0.0,0.0,1,2767.0,2779.0,1,2763.0,2776.0,2785.0,2769.0,17.0,472440.0,311
2023-05-10 21:17:16,fu2405,fu2405,2769.0,0.0,0.0,0.0,1,2763.0,2779.0,1,2763.0,2776.0,2785.0,2769.0,17.0,472440.0,311
2023-05-10 21:17:16,fu2405,fu2405,2769.0,0.0,0.0,0.0,1,2764.0,2779.0,1,2763.0,2776.0,2785.0,2769.0,17.0,472440.0,311
2023-05-10 21:17:17,fu2405,fu2405,2769.0,0.0,0.0,0.0,2,2765.0,2779.0,1,2763.0,2776.0,2785.0,2769.0,17.0,472440.0,311
2023-05-10 21:17:18,fu2405,fu2405,2769.0,0.0,0.0,0.0,1,2766.0,2779.0,1,2763.0,2776.0,2785.0,2769.0,17.0,472440.0,311
2023-05-10 21:17:22,fu2405,fu2405,2769.0,0.0,0.0,0.0,1,2766.0,2779.0,1,2763.0,2776.0,2785.0,2769.0,17.0,472440.0,311
2023-05-10 21:17:29,fu2405,fu2405,2769.0,0.0,0.0,0.0,1,2766.0,2779.0,1,2763.0,2776.0,2785.0,2769.0,17.0,472440.0,311
2023-05-10 21:17:32,fu2405,fu2405,2769.0,0.0,0.0,0.0,1,2766.0,2779.0,1,2763.0,2776.0,2785.0,2769.0,17.0,472440.0,311
2023-05-10 21:18:12,fu2405,fu2405,2769.0,0.0,0.0,0.0,2,2767.0,2779.0,1,2763.0,2776.0,2785.0,2769.0,17.0,472440.0,311
2023-05-10 21:18:12,fu2405,fu2405,2769.0,0.0,0.0,0.0,1,2768.0,2779.0,1,2763.0,2776.0,2785.0,2769.0,17.0,472440.0,311
2023-05-10 21:18:13,fu2405,fu2405,2769.0,0.0,0.0,0.0,1,2768.0,2780.0,1,2763.0,2776.0,2785.0,2769.0,17.0,472440.0,311
2023-05-10 21:18:14,fu2405,fu2405,2769.0,0.0,0.0,0.0,1,2768.0,2779.0,1,2763.0,2776.0,2785.0,2769.0,17.0,472440.0,311
2023-05-10 21:18:14,fu2405,fu2405,2769.0,0.0,0.0,0.0,1,2768.0,2779.0,1,2763.0,2776.0,2785.0,2769.0,17.0,472440.0,311
2023-05-10 21:18:15,fu2405,fu2405,2769.0,0.0,0.0,0.0,3,2768.0,2779.0,1,2763.0,2776.0,2785.0,2769.0,17.0,472440.0,311
2023-05-10 21:18:15,fu2405,fu2405,2769.0,0.0,0.0,0.0,3,2768.0,2780.0,1,2763.0,2776.0,2785.0,2769.0,17.0,472440.0,311
2023-05-10 21:18:16,fu2405,fu2405,2769.0,0.0,0.0,0.0,3,2768.0,2780.0,2,2763.0,2776.0,2785.0,2769.0,17.0,472440.0,311
2023-05-10 21:18:19,fu2405,fu2405,2769.0,0.0,0.0,0.0,1,2769.0,2780.0,2,2763.0,2776.0,2785.0,2769.0,17.0,472440.0,311
2023-05-10 21:18:19,fu2405,fu2405,2769.0,0.0,0.0,0.0,1,2770.0,2780.0,2,2763.0,2776.0,2785.0,2769.0,17.0,472440.0,311
2023-05-10 21:18:20,fu2405,fu2405,2769.0,0.0,0.0,0.0,1,2769.0,2779.0,1,2763.0,2776.0,2785.0,2769.0,17.0,472440.0,311
2023-05-10 21:18:21,fu2405,fu2405,2769.0,0.0,0.0,0.0,2,2769.0,2779.0,1,2763.0,2776.0,2785.0,2769.0,17.0,472440.0,311
2023-05-10 21:18:21,fu2405,fu2405,2769.0,0.0,0.0,0.0,1,2769.0,2779.0,1,2763.0,2776.0,2785.0,2769.0,17.0,472440.0,311
2023-05-10 21:18:32,fu2405,fu2405,2769.0,0.0,0.0,0.0,2,2769.0,2779.0,1,2763.0,2776.0,2785.0,2769.0,17.0,472440.0,311
2023-05-10 21:18:32,fu2405,fu2405,2769.0,0.0,0.0,0.0,1,2770.0,2779.0,1,2763.0,2776.0,2785.0,2769.0,17.0,472440.0,311
2023-05-10 21:18:33,fu2405,fu2405,2769.0,0.0,0.0,0.0,1,2770.0,2779.0,1,2763.0,2776.0,2785.0,2769.0,17.0,472440.0,311
2023-05-10 21:18:36,fu2405,fu2405,2769.0,0.0,0.0,0.0,1,2770.0,2780.0,1,2763.0,2776.0,2785.0,2769.0,17.0,472440.0,311
2023-05-10 21:18:37,fu2405,fu2405,2769.0,0.0,0.0,0.0,1,2770.0,2780.0,2,2763.0,2776.0,2785.0,2769.0,17.0,472440.0,311
2023-05-10 21:18:38,fu2405,fu2405,2769.0,0.0,0.0,0.0,1,2770.0,2779.0,1,2763.0,2776.0,2785.0,2769.0,17.0,472440.0,311
2023-05-10 21:18:42,fu2405,fu2405,2769.0,0.0,0.0,0.0,1,2770.0,2779.0,1,2763.0,2776.0,2785.0,2769.0,17.0,472440.0,311
2023-05-10 21:18:43,fu2405,fu2405,2769.0,0.0,0.0,0.0,1,2770.0,2780.0,1,2763.0,2776.0,2785.0,2769.0,17.0,472440.0,311
2023-05-10 21:18:43,fu2405,fu2405,2769.0,0.0,0.0,0.0,1,2770.0,2780.0,2,2763.0,2776.0,2785.0,2769.0,17.0,472440.0,311
2023-05-10 21:18:44,fu2405,fu2405,2769.0,0.0,0.0,0.0,1,2770.0,2779.0,1,2763.0,2776.0,2785.0,2769.0,17.0,472440.0,311
2023-05-10 21:18:49,fu2405,fu2405,2769.0,0.0,0.0,0.0,1,2770.0,2780.0,1,2763.0,2776.0,2785.0,2769.0,17.0,472440.0,311
2023-05-10 21:18:49,fu2405,fu2405,2769.0,0.0,0.0,0.0,1,2770.0,2780.0,2,2763.0,2776.0,2785.0,2769.0,17.0,472440.0,311
2023-05-10 21:18:51,fu2405,fu2405,2769.0,0.0,0.0,0.0,1,2770.0,2780.0,2,2763.0,2776.0,2785.0,2769.0,17.0,472440.0,311
2023-05-10 21:18:53,fu2405,fu2405,2769.0,0.0,0.0,0.0,1,2770.0,2779.0,1,2763.0,2776.0,2785.0,2769.0,17.0,472440.0,311
2023-05-10 21:18:57,fu2405,fu2405,2769.0,0.0,0.0,0.0,2,2768.0,2779.0,1,2763.0,2776.0,2785.0,2769.0,17.0,472440.0,311
2023-05-10 21:18:58,fu2405,fu2405,2769.0,0.0,0.0,0.0,1,2769.0,2779.0,1,2763.0,2776.0,2785.0,2769.0,17.0,472440.0,311
2023-05-10 21:18:59,fu2405,fu2405,2769.0,0.0,0.0,0.0,1,2770.0,2779.0,1,2763.0,2776.0,2785.0,2769.0,17.0,472440.0,311
2023-05-10 21:19:00,fu2405,fu2405,2769.0,0.0,0.0,0.0,1,2770.0,2779.0,1,2763.0,2776.0,2785.0,2769.0,17.0,472440.0,311
2023-05-10 21:19:02,fu2405,fu2405,2769.0,0.0,0.0,0.0,2,2770.0,2779.0,1,2763.0,2776.0,2785.0,2769.0,17.0,472440.0,311
2023-05-10 21:19:03,fu2405,fu2405,2769.0,0.0,0.0,0.0,2,2770.0,2780.0,1,2763.0,2776.0,2785.0,2769.0,17.0,472440.0,311
2023-05-10 21:19:03,fu2405,fu2405,2769.0,0.0,0.0,0.0,1,2771.0,2780.0,2,2763.0,2776.0,2785.0,2769.0,17.0,472440.0,311
2023-05-10 21:19:04,fu2405,fu2405,2769.0,0.0,0.0,0.0,1,2771.0,2780.0,1,2763.0,2776.0,2785.0,2769.0,17.0,472440.0,311
2023-05-10 21:19:05,fu2405,fu2405,2769.0,0.0,0.0,0.0,1,2771.0,2780.0,1,2763.0,2776.0,2785.0,2769.0,17.0,472440.0,311
2023-05-10 21:19:06,fu2405,fu2405,2769.0,0.0,0.0,0.0,3,2771.0,2780.0,1,2763.0,2776.0,2785.0,2769.0,17.0,472440.0,311
2023-05-10 21:19:12,fu2405,fu2405,2769.0,0.0,0.0,0.0,3,2771.0,2780.0,2,2763.0,2776.0,2785.0,2769.0,17.0,472440.0,311
2023-05-10 21:19:13,fu2405,fu2405,2769.0,0.0,0.0,0.0,3,2771.0,2780.0,1,2763.0,2776.0,2785.0,2769.0,17.0,472440.0,311
2023-05-10 21:19:32,fu2405,fu2405,2769.0,0.0,0.0,0.0,3,2771.0,2780.0,2,2763.0,2776.0,2785.0,2769.0,17.0,472440.0,311
2023-05-10 21:19:34,fu2405,fu2405,2769.0,0.0,0.0,0.0,1,2772.0,2780.0,2,2763.0,2776.0,2785.0,2769.0,17.0,472440.0,311
2023-05-10 21:19:35,fu2405,fu2405,2769.0,0.0,0.0,0.0,1,2772.0,2780.0,2,2763.0,2776.0,2785.0,2769.0,17.0,472440.0,311
2023-05-10 21:20:03,fu2405,fu2405,2769.0,0.0,0.0,0.0,1,2772.0,2779.0,1,2763.0,2776.0,2785.0,2769.0,17.0,472440.0,311
2023-05-10 21:20:04,fu2405,fu2405,2769.0,0.0,0.0,0.0,1,2772.0,2780.0,1,2763.0,2776.0,2785.0,2769.0,17.0,472440.0,311
2023-05-10 21:20:05,fu2405,fu2405,2769.0,0.0,0.0,0.0,1,2772.0,2780.0,2,2763.0,2776.0,2785.0,2769.0,17.0,472440.0,311
2023-05-10 21:20:07,fu2405,fu2405,2769.0,0.0,0.0,0.0,1,2772.0,2780.0,1,2763.0,2776.0,2785.0,2769.0,17.0,472440.0,311
2023-05-10 21:20:08,fu2405,fu2405,2769.0,0.0,0.0,0.0,2,2772.0,2780.0,1,2763.0,2776.0,2785.0,2769.0,17.0,472440.0,311
2023-05-10 21:20:08,fu2405,fu2405,2769.0,0.0,0.0,0.0,1,2772.0,2780.0,1,2763.0,2776.0,2785.0,2769.0,17.0,472440.0,311
2023-05-10 21:20:09,fu2405,fu2405,2769.0,0.0,0.0,0.0,1,2772.0,2780.0,2,2763.0,2776.0,2785.0,2769.0,17.0,472440.0,311
2023-05-10 21:20:11,fu2405,fu2405,2769.0,0.0,0.0,0.0,2,2771.0,2780.0,2,2763.0,2776.0,2785.0,2769.0,17.0,472440.0,311
2023-05-10 21:20:12,fu2405,fu2405,2769.0,0.0,0.0,0.0,3,2771.0,2780.0,2,2763.0,2776.0,2785.0,2769.0,17.0,472440.0,311
2023-05-10 21:20:19,fu2405,fu2405,2769.0,0.0,0.0,0.0,3,2771.0,2780.0,1,2763.0,2776.0,2785.0,2769.0,17.0,472440.0,311
2023-05-10 21:20:20,fu2405,fu2405,2769.0,0.0,0.0,0.0,1,2772.0,2780.0,1,2763.0,2776.0,2785.0,2769.0,17.0,472440.0,311
2023-05-10 21:20:21,fu2405,fu2405,2769.0,0.0,0.0,0.0,2,2771.0,2780.0,1,2763.0,2776.0,2785.0,2769.0,17.0,472440.0,311
2023-05-10 21:20:21,fu2405,fu2405,2769.0,0.0,0.0,0.0,3,2771.0,2780.0,1,2763.0,2776.0,2785.0,2769.0,17.0,472440.0,311
2023-05-10 21:20:22,fu2405,fu2405,2769.0,0.0,0.0,0.0,1,2772.0,2780.0,1,2763.0,2776.0,2785.0,2769.0,17.0,472440.0,311
2023-05-10 21:20:22,fu2405,fu2405,2769.0,0.0,0.0,0.0,2,2771.0,2780.0,1,2763.0,2776.0,2785.0,2769.0,17.0,472440.0,311
2023-05-10 21:20:23,fu2405,fu2405,2769.0,0.0,0.0,0.0,1,2772.0,2780.0,1,2763.0,2776.0,2785.0,2769.0,17.0,472440.0,311
2023-05-10 21:20:24,fu2405,fu2405,2769.0,0.0,0.0,0.0,2,2771.0,2780.0,2,2763.0,2776.0,2785.0,2769.0,17.0,472440.0,311
2023-05-10 21:20:25,fu2405,fu2405,2769.0,0.0,0.0,0.0,3,2771.0,2780.0,2,2763.0,2776.0,2785.0,2769.0,17.0,472440.0,311
2023-05-10 21:20:34,fu2405,fu2405,2769.0,0.0,0.0,0.0,3,2771.0,2780.0,1,2763.0,2776.0,2785.0,2769.0,17.0,472440.0,311
2023-05-10 21:20:36,fu2405,fu2405,2769.0,0.0,0.0,0.0,1,2772.0,2780.0,1,2763.0,2776.0,2785.0,2769.0,17.0,472440.0,311
2023-05-10 21:20:39,fu2405,fu2405,2769.0,0.0,0.0,0.0,2,2771.0,2780.0,2,2763.0,2776.0,2785.0,2769.0,17.0,472440.0,311
2023-05-10 21:20:40,fu2405,fu2405,2769.0,0.0,0.0,0.0,3,2771.0,2780.0,2,2763.0,2776.0,2785.0,2769.0,17.0,472440.0,311
2023-05-10 21:20:43,fu2405,fu2405,2769.0,0.0,0.0,0.0,1,2770.0,2780.0,2,2763.0,2776.0,2785.0,2769.0,17.0,472440.0,311
2023-05-10 21:20:44,fu2405,fu2405,2769.0,0.0,0.0,0.0,2,2770.0,2779.0,1,2763.0,2776.0,2785.0,2769.0,17.0,472440.0,311
2023-05-10 21:20:50,fu2405,fu2405,2769.0,0.0,0.0,0.0,1,2770.0,2779.0,1,2763.0,2776.0,2785.0,2769.0,17.0,472440.0,311
2023-05-10 21:20:59,fu2405,fu2405,2769.0,0.0,0.0,0.0,1,2763.0,2779.0,1,2763.0,2776.0,2785.0,2769.0,17.0,472440.0,311
2023-05-10 21:20:59,fu2405,fu2405,2769.0,0.0,0.0,0.0,2,2765.0,2779.0,1,2763.0,2776.0,2785.0,2769.0,17.0,472440.0,311
2023-05-10 21:21:00,fu2405,fu2405,2769.0,0.0,0.0,0.0,1,2766.0,2779.0,1,2763.0,2776.0,2785.0,2769.0,17.0,472440.0,311
2023-05-10 21:21:04,fu2405,fu2405,2769.0,0.0,0.0,0.0,2,2766.0,2779.0,1,2763.0,2776.0,2785.0,2769.0,17.0,472440.0,311
2023-05-10 21:21:11,fu2405,fu2405,2769.0,0.0,0.0,0.0,2,2766.0,2778.0,1,2763.0,2776.0,2785.0,2769.0,17.0,472440.0,311
2023-05-10 21:21:11,fu2405,fu2405,2769.0,0.0,0.0,0.0,2,2766.0,2777.0,1,2763.0,2776.0,2785.0,2769.0,17.0,472440.0,311
2023-05-10 21:21:16,fu2405,fu2405,2769.0,0.0,0.0,0.0,2,2766.0,2776.0,1,2763.0,2776.0,2785.0,2769.0,17.0,472440.0,311
2023-05-10 21:21:17,fu2405,fu2405,2769.0,0.0,0.0,0.0,1,2766.0,2776.0,2,2763.0,2776.0,2785.0,2769.0,17.0,472440.0,311
2023-05-10 21:21:17,fu2405,fu2405,2769.0,0.0,0.0,0.0,1,2766.0,2776.0,1,2763.0,2776.0,2785.0,2769.0,17.0,472440.0,311
2023-05-10 21:21:18,fu2405,fu2405,2769.0,0.0,0.0,0.0,1,2766.0,2775.0,1,2763.0,2776.0,2785.0,2769.0,17.0,472440.0,311
2023-05-10 21:21:22,fu2405,fu2405,2769.0,0.0,0.0,0.0,2,2766.0,2775.0,1,2763.0,2776.0,2785.0,2769.0,17.0,472440.0,311
2023-05-10 21:21:23,fu2405,fu2405,2769.0,0.0,0.0,0.0,1,2766.0,2775.0,1,2763.0,2776.0,2785.0,2769.0,17.0,472440.0,311
2023-05-10 21:21:27,fu2405,fu2405,2769.0,0.0,0.0,0.0,1,2766.0,2775.0,1,2763.0,2776.0,2785.0,2769.0,17.0,472440.0,311
2023-05-10 21:21:30,fu2405,fu2405,2769.0,0.0,0.0,0.0,1,2766.0,2774.0,1,2763.0,2776.0,2785.0,2769.0,17.0,472440.0,311
2023-05-10 21:21:30,fu2405,fu2405,2769.0,0.0,0.0,0.0,1,2766.0,2774.0,2,2763.0,2776.0,2785.0,2769.0,17.0,472440.0,311
2023-05-10 21:21:32,fu2405,fu2405,2769.0,0.0,0.0,0.0,2,2766.0,2774.0,1,2763.0,2776.0,2785.0,2769.0,17.0,472440.0,311
2023-05-10 21:21:38,fu2405,fu2405,2769.0,0.0,0.0,0.0,1,2766.0,2774.0,2,2763.0,2776.0,2785.0,2769.0,17.0,472440.0,311
2023-05-10 21:21:39,fu2405,fu2405,2769.0,0.0,0.0,0.0,1,2766.0,2773.0,1,2763.0,2776.0,2785.0,2769.0,17.0,472440.0,311
2023-05-10 21:21:39,fu2405,fu2405,2769.0,0.0,0.0,0.0,1,2766.0,2773.0,1,2763.0,2776.0,2785.0,2769.0,17.0,472440.0,311
2023-05-10 21:21:47,fu2405,fu2405,2773.0,1.0,27730.0,0.0,1,2766.0,2774.0,1,2763.0,2776.0,2785.0,2769.0,18.0,500170.0,311
2023-05-10 21:21:48,fu2405,fu2405,2773.0,0.0,0.0,0.0,1,2766.0,2774.0,1,2763.0,2776.0,2785.0,2769.0,18.0,500170.0,311
2023-05-10 21:21:51,fu2405,fu2405,2774.0,1.0,27740.0,1.0,1,2766.0,2780.0,1,2763.0,2776.0,2785.0,2769.0,19.0,527910.0,312
2023-05-10 21:21:55,fu2405,fu2405,2774.0,0.0,0.0,0.0,1,2766.0,2779.0,1,2763.0,2776.0,2785.0,2769.0,19.0,527910.0,312
2023-05-10 21:21:56,fu2405,fu2405,2774.0,0.0,0.0,0.0,1,2767.0,2779.0,1,2763.0,2776.0,2785.0,2769.0,19.0,527910.0,312
2023-05-10 21:21:56,fu2405,fu2405,2774.0,0.0,0.0,0.0,1,2767.0,2778.0,1,2763.0,2776.0,2785.0,2769.0,19.0,527910.0,312
2023-05-10 21:21:57,fu2405,fu2405,2774.0,0.0,0.0,0.0,1,2767.0,2777.0,1,2763.0,2776.0,2785.0,2769.0,19.0,527910.0,312
2023-05-10 21:21:57,fu2405,fu2405,2774.0,0.0,0.0,0.0,1,2767.0,2777.0,2,2763.0,2776.0,2785.0,2769.0,19.0,527910.0,312
2023-05-10 21:21:59,fu2405,fu2405,2774.0,0.0,0.0,0.0,1,2767.0,2777.0,2,2763.0,2776.0,2785.0,2769.0,19.0,527910.0,312
2023-05-10 21:21:59,fu2405,fu2405,2774.0,0.0,0.0,0.0,1,2767.0,2776.0,1,2763.0,2776.0,2785.0,2769.0,19.0,527910.0,312
2023-05-10 21:22:00,fu2405,fu2405,2774.0,0.0,0.0,0.0,1,2767.0,2776.0,2,2763.0,2776.0,2785.0,2769.0,19.0,527910.0,312
2023-05-10 21:22:02,fu2405,fu2405,2774.0,0.0,0.0,0.0,1,2767.0,2780.0,1,2763.0,2776.0,2785.0,2769.0,19.0,527910.0,312
2023-05-10 21:22:02,fu2405,fu2405,2774.0,0.0,0.0,0.0,1,2767.0,2779.0,2,2763.0,2776.0,2785.0,2769.0,19.0,527910.0,312
2023-05-10 21:22:03,fu2405,fu2405,2774.0,0.0,0.0,0.0,1,2767.0,2779.0,2,2763.0,2776.0,2785.0,2769.0,19.0,527910.0,312
2023-05-10 21:22:14,fu2405,fu2405,2774.0,0.0,0.0,0.0,1,2767.0,2779.0,1,2763.0,2776.0,2785.0,2769.0,19.0,527910.0,312
2023-05-10 21:22:16,fu2405,fu2405,2774.0,0.0,0.0,0.0,1,2767.0,2778.0,1,2763.0,2776.0,2785.0,2769.0,19.0,527910.0,312
2023-05-10 21:22:16,fu2405,fu2405,2774.0,0.0,0.0,0.0,1,2767.0,2777.0,1,2763.0,2776.0,2785.0,2769.0,19.0,527910.0,312
2023-05-10 21:22:17,fu2405,fu2405,2774.0,0.0,0.0,0.0,1,2767.0,2777.0,1,2763.0,2776.0,2785.0,2769.0,19.0,527910.0,312
2023-05-10 21:22:17,fu2405,fu2405,2774.0,0.0,0.0,0.0,1,2767.0,2777.0,2,2763.0,2776.0,2785.0,2769.0,19.0,527910.0,312
2023-05-10 21:22:19,fu2405,fu2405,2774.0,0.0,0.0,0.0,1,2767.0,2777.0,3,2763.0,2776.0,2785.0,2769.0,19.0,527910.0,312
2023-05-10 21:22:20,fu2405,fu2405,2774.0,0.0,0.0,0.0,1,2767.0,2776.0,1,2763.0,2776.0,2785.0,2769.0,19.0,527910.0,312
2023-05-10 21:22:21,fu2405,fu2405,2774.0,0.0,0.0,0.0,1,2767.0,2775.0,1,2763.0,2776.0,2785.0,2769.0,19.0,527910.0,312
2023-05-10 21:22:21,fu2405,fu2405,2774.0,0.0,0.0,0.0,1,2767.0,2775.0,1,2763.0,2776.0,2785.0,2769.0,19.0,527910.0,312
2023-05-10 21:22:24,fu2405,fu2405,2774.0,0.0,0.0,0.0,1,2767.0,2776.0,2,2763.0,2776.0,2785.0,2769.0,19.0,527910.0,312
2023-05-10 21:22:24,fu2405,fu2405,2774.0,0.0,0.0,0.0,1,2767.0,2775.0,1,2763.0,2776.0,2785.0,2769.0,19.0,527910.0,312
2023-05-10 21:22:25,fu2405,fu2405,2774.0,0.0,0.0,0.0,1,2767.0,2775.0,1,2763.0,2776.0,2785.0,2769.0,19.0,527910.0,312
2023-05-10 21:22:26,fu2405,fu2405,2774.0,0.0,0.0,0.0,1,2767.0,2775.0,1,2763.0,2776.0,2785.0,2769.0,19.0,527910.0,312
2023-05-10 21:22:29,fu2405,fu2405,2774.0,0.0,0.0,0.0,1,2767.0,2775.0,2,2763.0,2776.0,2785.0,2769.0,19.0,527910.0,312
2023-05-10 21:22:34,fu2405,fu2405,2774.0,0.0,0.0,0.0,1,2767.0,2774.0,1,2763.0,2776.0,2785.0,2769.0,19.0,527910.0,312
2023-05-10 21:22:34,fu2405,fu2405,2774.0,0.0,0.0,0.0,1,2767.0,2774.0,1,2763.0,2776.0,2785.0,2769.0,19.0,527910.0,312
2023-05-10 21:22:37,fu2405,fu2405,2774.0,0.0,0.0,0.0,1,2767.0,2774.0,1,2763.0,2776.0,2785.0,2769.0,19.0,527910.0,312
2023-05-10 21:22:37,fu2405,fu2405,2774.0,0.0,0.0,0.0,1,2767.0,2774.0,3,2763.0,2776.0,2785.0,2769.0,19.0,527910.0,312
2023-05-10 21:22:40,fu2405,fu2405,2774.0,0.0,0.0,0.0,1,2767.0,2773.0,2,2763.0,2776.0,2785.0,2769.0,19.0,527910.0,312
2023-05-10 21:22:40,fu2405,fu2405,2774.0,0.0,0.0,0.0,1,2767.0,2774.0,1,2763.0,2776.0,2785.0,2769.0,19.0,527910.0,312
2023-05-10 21:22:41,fu2405,fu2405,2774.0,0.0,0.0,0.0,1,2767.0,2774.0,3,2763.0,2776.0,2785.0,2769.0,19.0,527910.0,312
2023-05-10 21:22:43,fu2405,fu2405,2774.0,0.0,0.0,0.0,1,2767.0,2774.0,1,2763.0,2776.0,2785.0,2769.0,19.0,527910.0,312
2023-05-10 21:22:47,fu2405,fu2405,2774.0,0.0,0.0,0.0,1,2767.0,2774.0,3,2763.0,2776.0,2785.0,2769.0,19.0,527910.0,312
2023-05-10 21:22:51,fu2405,fu2405,2774.0,0.0,0.0,0.0,1,2767.0,2774.0,1,2763.0,2776.0,2785.0,2769.0,19.0,527910.0,312
2023-05-10 21:23:02,fu2405,fu2405,2774.0,0.0,0.0,0.0,1,2767.0,2774.0,1,2763.0,2776.0,2785.0,2769.0,19.0,527910.0,312
2023-05-10 21:23:06,fu2405,fu2405,2774.0,0.0,0.0,0.0,1,2767.0,2774.0,3,2763.0,2776.0,2785.0,2769.0,19.0,527910.0,312
2023-05-10 21:23:07,fu2405,fu2405,2774.0,0.0,0.0,0.0,1,2767.0,2774.0,1,2763.0,2776.0,2785.0,2769.0,19.0,527910.0,312
2023-05-10 21:23:13,fu2405,fu2405,2774.0,0.0,0.0,0.0,1,2767.0,2773.0,1,2763.0,2776.0,2785.0,2769.0,19.0,527910.0,312
2023-05-10 21:23:13,fu2405,fu2405,2774.0,0.0,0.0,0.0,1,2767.0,2773.0,1,2763.0,2776.0,2785.0,2769.0,19.0,527910.0,312
2023-05-10 21:23:18,fu2405,fu2405,2774.0,0.0,0.0,0.0,1,2767.0,2774.0,1,2763.0,2776.0,2785.0,2769.0,19.0,527910.0,312
2023-05-10 21:23:18,fu2405,fu2405,2774.0,0.0,0.0,0.0,1,2767.0,2774.0,2,2763.0,2776.0,2785.0,2769.0,19.0,527910.0,312
2023-05-10 21:23:19,fu2405,fu2405,2774.0,0.0,0.0,0.0,1,2767.0,2774.0,1,2763.0,2776.0,2785.0,2769.0,19.0,527910.0,312
2023-05-10 21:23:21,fu2405,fu2405,2774.0,0.0,0.0,0.0,1,2767.0,2773.0,1,2763.0,2776.0,2785.0,2769.0,19.0,527910.0,312
2023-05-10 21:23:21,fu2405,fu2405,2774.0,0.0,0.0,0.0,1,2767.0,2780.0,1,2763.0,2776.0,2785.0,2769.0,19.0,527910.0,312
2023-05-10 21:23:22,fu2405,fu2405,2774.0,0.0,0.0,0.0,1,2767.0,2779.0,2,2763.0,2776.0,2785.0,2769.0,19.0,527910.0,312
2023-05-10 21:23:25,fu2405,fu2405,2774.0,0.0,0.0,0.0,1,2767.0,2778.0,2,2763.0,2776.0,2785.0,2769.0,19.0,527910.0,312
2023-05-10 21:23:25,fu2405,fu2405,2774.0,0.0,0.0,0.0,1,2767.0,2777.0,2,2763.0,2776.0,2785.0,2769.0,19.0,527910.0,312
2023-05-10 21:23:26,fu2405,fu2405,2774.0,0.0,0.0,0.0,1,2767.0,2775.0,1,2763.0,2776.0,2785.0,2769.0,19.0,527910.0,312
2023-05-10 21:23:27,fu2405,fu2405,2774.0,0.0,0.0,0.0,1,2767.0,2775.0,2,2763.0,2776.0,2785.0,2769.0,19.0,527910.0,312
2023-05-10 21:23:27,fu2405,fu2405,2774.0,0.0,0.0,0.0,1,2767.0,2774.0,1,2763.0,2776.0,2785.0,2769.0,19.0,527910.0,312
2023-05-10 21:23:28,fu2405,fu2405,2774.0,0.0,0.0,0.0,1,2767.0,2774.0,1,2763.0,2776.0,2785.0,2769.0,19.0,527910.0,312
2023-05-10 21:23:30,fu2405,fu2405,2774.0,0.0,0.0,0.0,1,2767.0,2774.0,1,2763.0,2776.0,2785.0,2769.0,19.0,527910.0,312
2023-05-10 21:23:39,fu2405,fu2405,2774.0,0.0,0.0,0.0,1,2767.0,2774.0,1,2763.0,2776.0,2785.0,2769.0,19.0,527910.0,312
2023-05-10 21:23:41,fu2405,fu2405,2774.0,0.0,0.0,0.0,1,2767.0,2774.0,2,2763.0,2776.0,2785.0,2769.0,19.0,527910.0,312
2023-05-10 21:23:41,fu2405,fu2405,2774.0,0.0,0.0,0.0,1,2767.0,2773.0,2,2763.0,2776.0,2785.0,2769.0,19.0,527910.0,312
2023-05-10 21:23:42,fu2405,fu2405,2774.0,0.0,0.0,0.0,1,2767.0,2773.0,3,2763.0,2776.0,2785.0,2769.0,19.0,527910.0,312
2023-05-10 21:23:43,fu2405,fu2405,2774.0,0.0,0.0,0.0,1,2767.0,2773.0,2,2763.0,2776.0,2785.0,2769.0,19.0,527910.0,312
2023-05-10 21:23:48,fu2405,fu2405,2774.0,0.0,0.0,0.0,1,2767.0,2773.0,2,2763.0,2776.0,2785.0,2769.0,19.0,527910.0,312
2023-05-10 21:23:57,fu2405,fu2405,2774.0,0.0,0.0,0.0,1,2767.0,2772.0,1,2763.0,2776.0,2785.0,2769.0,19.0,527910.0,312
2023-05-10 21:24:17,fu2405,fu2405,2774.0,0.0,0.0,0.0,1,2767.0,2772.0,1,2763.0,2776.0,2785.0,2769.0,19.0,527910.0,312
2023-05-10 21:24:19,fu2405,fu2405,2774.0,0.0,0.0,0.0,1,2767.0,2780.0,2,2763.0,2776.0,2785.0,2769.0,19.0,527910.0,312
2023-05-10 21:24:19,fu2405,fu2405,2774.0,0.0,0.0,0.0,1,2767.0,2779.0,1,2763.0,2776.0,2785.0,2769.0,19.0,527910.0,312
2023-05-10 21:24:22,fu2405,fu2405,2774.0,0.0,0.0,0.0,1,2767.0,2778.0,1,2763.0,2776.0,2785.0,2769.0,19.0,527910.0,312
2023-05-10 21:24:23,fu2405,fu2405,2774.0,0.0,0.0,0.0,1,2767.0,2777.0,1,2763.0,2776.0,2785.0,2769.0,19.0,527910.0,312
2023-05-10 21:24:23,fu2405,fu2405,2774.0,0.0,0.0,0.0,1,2767.0,2777.0,1,2763.0,2776.0,2785.0,2769.0,19.0,527910.0,312
2023-05-10 21:24:25,fu2405,fu2405,2774.0,0.0,0.0,0.0,1,2767.0,2776.0,1,2763.0,2776.0,2785.0,2769.0,19.0,527910.0,312
2023-05-10 21:24:25,fu2405,fu2405,2774.0,0.0,0.0,0.0,1,2767.0,2776.0,2,2763.0,2776.0,2785.0,2769.0,19.0,527910.0,312
2023-05-10 21:24:30,fu2405,fu2405,2774.0,0.0,0.0,0.0,1,2767.0,2776.0,3,2763.0,2776.0,2785.0,2769.0,19.0,527910.0,312
2023-05-10 21:24:38,fu2405,fu2405,2774.0,0.0,0.0,0.0,1,2767.0,2775.0,2,2763.0,2776.0,2785.0,2769.0,19.0,527910.0,312
2023-05-10 21:25:01,fu2405,fu2405,2774.0,0.0,0.0,0.0,1,2767.0,2775.0,2,2763.0,2776.0,2785.0,2769.0,19.0,527910.0,312
2023-05-10 21:25:04,fu2405,fu2405,2774.0,0.0,0.0,0.0,1,2767.0,2774.0,2,2763.0,2776.0,2785.0,2769.0,19.0,527910.0,312
2023-05-10 21:25:04,fu2405,fu2405,2774.0,0.0,0.0,0.0,1,2767.0,2774.0,4,2763.0,2776.0,2785.0,2769.0,19.0,527910.0,312
2023-05-10 21:25:05,fu2405,fu2405,2774.0,0.0,0.0,0.0,1,2767.0,2774.0,4,2763.0,2776.0,2785.0,2769.0,19.0,527910.0,312
2023-05-10 21:25:09,fu2405,fu2405,2774.0,0.0,0.0,0.0,1,2767.0,2773.0,1,2763.0,2776.0,2785.0,2769.0,19.0,527910.0,312
2023-05-10 21:25:10,fu2405,fu2405,2774.0,0.0,0.0,0.0,1,2767.0,2773.0,1,2763.0,2776.0,2785.0,2769.0,19.0,527910.0,312
2023-05-10 21:25:40,fu2405,fu2405,2774.0,0.0,0.0,0.0,1,2767.0,2773.0,2,2763.0,2776.0,2785.0,2769.0,19.0,527910.0,312
2023-05-10 21:25:45,fu2405,fu2405,2774.0,0.0,0.0,0.0,1,2767.0,2772.0,1,2763.0,2776.0,2785.0,2769.0,19.0,527910.0,312
2023-05-10 21:25:45,fu2405,fu2405,2774.0,0.0,0.0,0.0,1,2767.0,2772.0,1,2763.0,2776.0,2785.0,2769.0,19.0,527910.0,312
2023-05-10 21:25:46,fu2405,fu2405,2774.0,0.0,0.0,0.0,1,2767.0,2772.0,1,2763.0,2776.0,2785.0,2769.0,19.0,527910.0,312
2023-05-10 21:25:48,fu2405,fu2405,2774.0,0.0,0.0,0.0,1,2767.0,2771.0,2,2763.0,2776.0,2785.0,2769.0,19.0,527910.0,312
2023-05-10 21:25:48,fu2405,fu2405,2774.0,0.0,0.0,0.0,1,2767.0,2771.0,3,2763.0,2776.0,2785.0,2769.0,19.0,527910.0,312
2023-05-10 21:25:49,fu2405,fu2405,2774.0,0.0,0.0,0.0,1,2767.0,2770.0,1,2763.0,2776.0,2785.0,2769.0,19.0,527910.0,312
2023-05-10 21:25:50,fu2405,fu2405,2774.0,0.0,0.0,0.0,1,2767.0,2780.0,2,2763.0,2776.0,2785.0,2769.0,19.0,527910.0,312
2023-05-10 21:25:50,fu2405,fu2405,2774.0,0.0,0.0,0.0,1,2767.0,2779.0,4,2763.0,2776.0,2785.0,2769.0,19.0,527910.0,312
2023-05-10 21:25:52,fu2405,fu2405,2774.0,0.0,0.0,0.0,1,2767.0,2779.0,4,2763.0,2776.0,2785.0,2769.0,19.0,527910.0,312
2023-05-10 21:25:53,fu2405,fu2405,2774.0,0.0,0.0,0.0,1,2767.0,2779.0,1,2763.0,2776.0,2785.0,2769.0,19.0,527910.0,312
2023-05-10 21:25:53,fu2405,fu2405,2774.0,0.0,0.0,0.0,1,2767.0,2779.0,3,2763.0,2776.0,2785.0,2769.0,19.0,527910.0,312
2023-05-10 21:25:57,fu2405,fu2405,2774.0,0.0,0.0,0.0,1,2767.0,2778.0,1,2763.0,2776.0,2785.0,2769.0,19.0,527910.0,312
2023-05-10 21:25:58,fu2405,fu2405,2774.0,0.0,0.0,0.0,1,2767.0,2777.0,1,2763.0,2776.0,2785.0,2769.0,19.0,527910.0,312
2023-05-10 21:25:58,fu2405,fu2405,2774.0,0.0,0.0,0.0,1,2767.0,2777.0,1,2763.0,2776.0,2785.0,2769.0,19.0,527910.0,312
2023-05-10 21:26:00,fu2405,fu2405,2774.0,0.0,0.0,0.0,1,2767.0,2773.0,1,2763.0,2776.0,2785.0,2769.0,19.0,527910.0,312
2023-05-10 21:26:00,fu2405,fu2405,2774.0,0.0,0.0,0.0,1,2767.0,2772.0,1,2763.0,2776.0,2785.0,2769.0,19.0,527910.0,312
2023-05-10 21:26:01,fu2405,fu2405,2774.0,0.0,0.0,0.0,1,2767.0,2772.0,1,2763.0,2776.0,2785.0,2769.0,19.0,527910.0,312
2023-05-10 21:26:02,fu2405,fu2405,2774.0,0.0,0.0,0.0,1,2767.0,2772.0,1,2763.0,2776.0,2785.0,2769.0,19.0,527910.0,312
2023-05-10 21:26:07,fu2405,fu2405,2774.0,0.0,0.0,0.0,1,2767.0,2772.0,1,2763.0,2776.0,2785.0,2769.0,19.0,527910.0,312
2023-05-10 21:26:08,fu2405,fu2405,2774.0,0.0,0.0,0.0,1,2767.0,2772.0,2,2763.0,2776.0,2785.0,2769.0,19.0,527910.0,312
2023-05-10 21:26:13,fu2405,fu2405,2774.0,0.0,0.0,0.0,1,2767.0,2772.0,1,2763.0,2776.0,2785.0,2769.0,19.0,527910.0,312
2023-05-10 21:26:15,fu2405,fu2405,2774.0,0.0,0.0,0.0,1,2767.0,2772.0,2,2763.0,2776.0,2785.0,2769.0,19.0,527910.0,312
2023-05-10 21:26:21,fu2405,fu2405,2774.0,0.0,0.0,0.0,1,2767.0,2771.0,1,2763.0,2776.0,2785.0,2769.0,19.0,527910.0,312
2023-05-10 21:26:21,fu2405,fu2405,2774.0,0.0,0.0,0.0,1,2767.0,2770.0,1,2763.0,2776.0,2785.0,2769.0,19.0,527910.0,312
2023-05-10 21:26:26,fu2405,fu2405,2774.0,0.0,0.0,0.0,1,2767.0,2771.0,1,2763.0,2776.0,2785.0,2769.0,19.0,527910.0,312
2023-05-10 21:26:27,fu2405,fu2405,2774.0,0.0,0.0,0.0,1,2767.0,2771.0,2,2763.0,2776.0,2785.0,2769.0,19.0,527910.0,312
2023-05-10 21:26:27,fu2405,fu2405,2774.0,0.0,0.0,0.0,1,2767.0,2770.0,1,2763.0,2776.0,2785.0,2769.0,19.0,527910.0,312
2023-05-10 21:26:33,fu2405,fu2405,2774.0,0.0,0.0,0.0,1,2767.0,2770.0,1,2763.0,2776.0,2785.0,2769.0,19.0,527910.0,312
2023-05-10 21:26:35,fu2405,fu2405,2774.0,0.0,0.0,0.0,1,2763.0,2770.0,1,2763.0,2776.0,2785.0,2769.0,19.0,527910.0,312
2023-05-10 21:26:38,fu2405,fu2405,2774.0,0.0,0.0,0.0,1,2764.0,2770.0,1,2763.0,2776.0,2785.0,2769.0,19.0,527910.0,312
2023-05-10 21:26:45,fu2405,fu2405,2774.0,0.0,0.0,0.0,1,2764.0,2769.0,1,2763.0,2776.0,2785.0,2769.0,19.0,527910.0,312
2023-05-10 21:26:46,fu2405,fu2405,2774.0,0.0,0.0,0.0,1,2764.0,2769.0,1,2763.0,2776.0,2785.0,2769.0,19.0,527910.0,312
2023-05-10 21:26:54,fu2405,fu2405,2774.0,0.0,0.0,0.0,1,2764.0,2769.0,1,2763.0,2776.0,2785.0,2769.0,19.0,527910.0,312
2023-05-10 21:27:06,fu2405,fu2405,2774.0,0.0,0.0,0.0,1,2764.0,2775.0,1,2763.0,2776.0,2785.0,2769.0,19.0,527910.0,312
2023-05-10 21:27:06,fu2405,fu2405,2774.0,0.0,0.0,0.0,1,2764.0,2774.0,1,2763.0,2776.0,2785.0,2769.0,19.0,527910.0,312
2023-05-10 21:27:10,fu2405,fu2405,2774.0,0.0,0.0,0.0,1,2764.0,2773.0,2,2763.0,2776.0,2785.0,2769.0,19.0,527910.0,312
2023-05-10 21:27:10,fu2405,fu2405,2774.0,0.0,0.0,0.0,1,2764.0,2772.0,1,2763.0,2776.0,2785.0,2769.0,19.0,527910.0,312
2023-05-10 21:27:11,fu2405,fu2405,2774.0,0.0,0.0,0.0,1,2764.0,2771.0,1,2763.0,2776.0,2785.0,2769.0,19.0,527910.0,312
2023-05-10 21:27:11,fu2405,fu2405,2774.0,0.0,0.0,0.0,1,2764.0,2770.0,1,2763.0,2776.0,2785.0,2769.0,19.0,527910.0,312
2023-05-10 21:27:17,fu2405,fu2405,2774.0,0.0,0.0,0.0,1,2764.0,2770.0,1,2763.0,2776.0,2785.0,2769.0,19.0,527910.0,312
2023-05-10 21:27:20,fu2405,fu2405,2774.0,0.0,0.0,0.0,1,2764.0,2770.0,2,2763.0,2776.0,2785.0,2769.0,19.0,527910.0,312
2023-05-10 21:27:39,fu2405,fu2405,2774.0,0.0,0.0,0.0,1,2764.0,2769.0,1,2763.0,2776.0,2785.0,2769.0,19.0,527910.0,312
2023-05-10 21:27:40,fu2405,fu2405,2774.0,0.0,0.0,0.0,1,2764.0,2768.0,1,2763.0,2776.0,2785.0,2769.0,19.0,527910.0,312
2023-05-10 21:27:44,fu2405,fu2405,2774.0,0.0,0.0,0.0,1,2764.0,2768.0,1,2763.0,2776.0,2785.0,2769.0,19.0,527910.0,312
2023-05-10 21:27:47,fu2405,fu2405,2774.0,0.0,0.0,0.0,1,2764.0,2770.0,1,2763.0,2776.0,2785.0,2769.0,19.0,527910.0,312
2023-05-10 21:27:47,fu2405,fu2405,2774.0,0.0,0.0,0.0,1,2764.0,2769.0,1,2763.0,2776.0,2785.0,2769.0,19.0,527910.0,312
2023-05-10 21:27:48,fu2405,fu2405,2774.0,0.0,0.0,0.0,1,2764.0,2769.0,1,2763.0,2776.0,2785.0,2769.0,19.0,527910.0,312
2023-05-10 21:27:50,fu2405,fu2405,2774.0,0.0,0.0,0.0,1,2760.0,2769.0,1,2763.0,2776.0,2785.0,2769.0,19.0,527910.0,312
2023-05-10 21:27:50,fu2405,fu2405,2774.0,0.0,0.0,0.0,1,2760.0,2768.0,2,2763.0,2776.0,2785.0,2769.0,19.0,527910.0,312
2023-05-10 21:27:51,fu2405,fu2405,2774.0,0.0,0.0,0.0,1,2760.0,2768.0,2,2763.0,2776.0,2785.0,2769.0,19.0,527910.0,312
2023-05-10 21:27:52,fu2405,fu2405,2768.0,1.0,27680.0,-1.0,1,2760.0,2768.0,1,2763.0,2776.0,2785.0,2768.0,20.0,555590.0,311
2023-05-10 21:27:54,fu2405,fu2405,2768.0,0.0,0.0,0.0,2,2760.0,2768.0,1,2763.0,2776.0,2785.0,2768.0,20.0,555590.0,311
2023-05-10 21:27:55,fu2405,fu2405,2768.0,0.0,0.0,0.0,1,2760.0,2768.0,1,2763.0,2776.0,2785.0,2768.0,20.0,555590.0,311
2023-05-10 21:27:56,fu2405,fu2405,2768.0,0.0,0.0,0.0,1,2760.0,2767.0,1,2763.0,2776.0,2785.0,2768.0,20.0,555590.0,311
2023-05-10 21:27:57,fu2405,fu2405,2768.0,0.0,0.0,0.0,1,2764.0,2767.0,1,2763.0,2776.0,2785.0,2768.0,20.0,555590.0,311
2023-05-10 21:28:10,fu2405,fu2405,2768.0,0.0,0.0,0.0,1,2764.0,2768.0,1,2763.0,2776.0,2785.0,2768.0,20.0,555590.0,311
2023-05-10 21:28:11,fu2405,fu2405,2768.0,0.0,0.0,0.0,1,2764.0,2768.0,2,2763.0,2776.0,2785.0,2768.0,20.0,555590.0,311
2023-05-10 21:28:11,fu2405,fu2405,2768.0,0.0,0.0,0.0,1,2764.0,2768.0,1,2763.0,2776.0,2785.0,2768.0,20.0,555590.0,311
2023-05-10 21:28:14,fu2405,fu2405,2768.0,0.0,0.0,0.0,1,2764.0,2770.0,1,2763.0,2776.0,2785.0,2768.0,20.0,555590.0,311
2023-05-10 21:28:15,fu2405,fu2405,2768.0,0.0,0.0,0.0,1,2764.0,2769.0,1,2763.0,2776.0,2785.0,2768.0,20.0,555590.0,311
2023-05-10 21:28:19,fu2405,fu2405,2768.0,0.0,0.0,0.0,1,2764.0,2770.0,1,2763.0,2776.0,2785.0,2768.0,20.0,555590.0,311
2023-05-10 21:28:20,fu2405,fu2405,2768.0,0.0,0.0,0.0,1,2764.0,2770.0,2,2763.0,2776.0,2785.0,2768.0,20.0,555590.0,311
2023-05-10 21:28:21,fu2405,fu2405,2768.0,0.0,0.0,0.0,1,2760.0,2769.0,1,2763.0,2776.0,2785.0,2768.0,20.0,555590.0,311
2023-05-10 21:28:23,fu2405,fu2405,2768.0,0.0,0.0,0.0,1,2760.0,2770.0,1,2763.0,2776.0,2785.0,2768.0,20.0,555590.0,311
2023-05-10 21:28:23,fu2405,fu2405,2768.0,0.0,0.0,0.0,1,2760.0,2769.0,1,2763.0,2776.0,2785.0,2768.0,20.0,555590.0,311
2023-05-10 21:28:24,fu2405,fu2405,2768.0,0.0,0.0,0.0,1,2760.0,2770.0,1,2763.0,2776.0,2785.0,2768.0,20.0,555590.0,311
2023-05-10 21:28:24,fu2405,fu2405,2768.0,0.0,0.0,0.0,2,2760.0,2770.0,2,2763.0,2776.0,2785.0,2768.0,20.0,555590.0,311
2023-05-10 21:28:25,fu2405,fu2405,2768.0,0.0,0.0,0.0,1,2761.0,2770.0,2,2763.0,2776.0,2785.0,2768.0,20.0,555590.0,311
2023-05-10 21:28:25,fu2405,fu2405,2768.0,0.0,0.0,0.0,1,2761.0,2770.0,2,2763.0,2776.0,2785.0,2768.0,20.0,555590.0,311
2023-05-10 21:28:28,fu2405,fu2405,2768.0,0.0,0.0,0.0,1,2761.0,2770.0,1,2763.0,2776.0,2785.0,2768.0,20.0,555590.0,311
2023-05-10 21:28:29,fu2405,fu2405,2768.0,0.0,0.0,0.0,2,2761.0,2770.0,1,2763.0,2776.0,2785.0,2768.0,20.0,555590.0,311
2023-05-10 21:28:31,fu2405,fu2405,2768.0,0.0,0.0,0.0,1,2761.0,2770.0,2,2763.0,2776.0,2785.0,2768.0,20.0,555590.0,311
2023-05-10 21:28:32,fu2405,fu2405,2768.0,0.0,0.0,0.0,1,2761.0,2769.0,1,2763.0,2776.0,2785.0,2768.0,20.0,555590.0,311
2023-05-10 21:28:33,fu2405,fu2405,2768.0,0.0,0.0,0.0,1,2761.0,2769.0,1,2763.0,2776.0,2785.0,2768.0,20.0,555590.0,311
2023-05-10 21:28:37,fu2405,fu2405,2768.0,0.0,0.0,0.0,2,2761.0,2769.0,1,2763.0,2776.0,2785.0,2768.0,20.0,555590.0,311
2023-05-10 21:28:39,fu2405,fu2405,2768.0,0.0,0.0,0.0,1,2761.0,2769.0,1,2763.0,2776.0,2785.0,2768.0,20.0,555590.0,311
2023-05-10 21:28:40,fu2405,fu2405,2768.0,0.0,0.0,0.0,2,2761.0,2769.0,1,2763.0,2776.0,2785.0,2768.0,20.0,555590.0,311
2023-05-10 21:28:50,fu2405,fu2405,2768.0,0.0,0.0,0.0,1,2761.0,2769.0,1,2763.0,2776.0,2785.0,2768.0,20.0,555590.0,311
2023-05-10 21:28:53,fu2405,fu2405,2768.0,0.0,0.0,0.0,1,2760.0,2769.0,2,2763.0,2776.0,2785.0,2768.0,20.0,555590.0,311
2023-05-10 21:28:54,fu2405,fu2405,2768.0,0.0,0.0,0.0,2,2760.0,2769.0,2,2763.0,2776.0,2785.0,2768.0,20.0,555590.0,311
2023-05-10 21:28:54,fu2405,fu2405,2768.0,0.0,0.0,0.0,2,2760.0,2769.0,1,2763.0,2776.0,2785.0,2768.0,20.0,555590.0,311
2023-05-10 21:28:59,fu2405,fu2405,2768.0,0.0,0.0,0.0,1,2761.0,2769.0,1,2763.0,2776.0,2785.0,2768.0,20.0,555590.0,311
2023-05-10 21:28:59,fu2405,fu2405,2768.0,0.0,0.0,0.0,1,2760.0,2769.0,1,2763.0,2776.0,2785.0,2768.0,20.0,555590.0,311
2023-05-10 21:29:00,fu2405,fu2405,2768.0,0.0,0.0,0.0,1,2761.0,2769.0,1,2763.0,2776.0,2785.0,2768.0,20.0,555590.0,311
2023-05-10 21:29:00,fu2405,fu2405,2768.0,0.0,0.0,0.0,1,2761.0,2769.0,1,2763.0,2776.0,2785.0,2768.0,20.0,555590.0,311
2023-05-10 21:29:02,fu2405,fu2405,2768.0,0.0,0.0,0.0,1,2762.0,2769.0,1,2763.0,2776.0,2785.0,2768.0,20.0,555590.0,311
2023-05-10 21:29:03,fu2405,fu2405,2768.0,0.0,0.0,0.0,1,2762.0,2769.0,1,2763.0,2776.0,2785.0,2768.0,20.0,555590.0,311
2023-05-10 21:29:18,fu2405,fu2405,2768.0,0.0,0.0,0.0,2,2762.0,2769.0,1,2763.0,2776.0,2785.0,2768.0,20.0,555590.0,311
2023-05-10 21:29:19,fu2405,fu2405,2768.0,0.0,0.0,0.0,1,2762.0,2769.0,1,2763.0,2776.0,2785.0,2768.0,20.0,555590.0,311
2023-05-10 21:29:20,fu2405,fu2405,2768.0,0.0,0.0,0.0,1,2762.0,2769.0,2,2763.0,2776.0,2785.0,2768.0,20.0,555590.0,311
2023-05-10 21:29:34,fu2405,fu2405,2768.0,0.0,0.0,0.0,1,2762.0,2769.0,1,2763.0,2776.0,2785.0,2768.0,20.0,555590.0,311
2023-05-10 21:29:35,fu2405,fu2405,2768.0,0.0,0.0,0.0,1,2762.0,2769.0,2,2763.0,2776.0,2785.0,2768.0,20.0,555590.0,311
2023-05-10 21:29:38,fu2405,fu2405,2768.0,0.0,0.0,0.0,1,2762.0,2769.0,1,2763.0,2776.0,2785.0,2768.0,20.0,555590.0,311
2023-05-10 21:29:39,fu2405,fu2405,2768.0,0.0,0.0,0.0,1,2762.0,2769.0,2,2763.0,2776.0,2785.0,2768.0,20.0,555590.0,311
2023-05-10 21:29:39,fu2405,fu2405,2768.0,0.0,0.0,0.0,1,2762.0,2768.0,1,2763.0,2776.0,2785.0,2768.0,20.0,555590.0,311
2023-05-10 21:29:44,fu2405,fu2405,2768.0,0.0,0.0,0.0,1,2762.0,2769.0,1,2763.0,2776.0,2785.0,2768.0,20.0,555590.0,311
2023-05-10 21:29:45,fu2405,fu2405,2768.0,0.0,0.0,0.0,1,2762.0,2768.0,1,2763.0,2776.0,2785.0,2768.0,20.0,555590.0,311
2023-05-10 21:29:49,fu2405,fu2405,2768.0,0.0,0.0,0.0,1,2762.0,2768.0,2,2763.0,2776.0,2785.0,2768.0,20.0,555590.0,311
2023-05-10 21:29:53,fu2405,fu2405,2768.0,1.0,27680.0,0.0,1,2762.0,2768.0,1,2763.0,2776.0,2785.0,2768.0,21.0,583270.0,311
2023-05-10 21:29:54,fu2405,fu2405,2768.0,1.0,27680.0,-1.0,1,2762.0,2769.0,1,2763.0,2776.0,2785.0,2768.0,22.0,610950.0,310
2023-05-10 21:29:54,fu2405,fu2405,2768.0,0.0,0.0,0.0,1,2768.0,2769.0,1,2763.0,2776.0,2785.0,2768.0,22.0,610950.0,310
2023-05-10 21:29:55,fu2405,fu2405,2768.0,1.0,27680.0,-1.0,1,2762.0,2769.0,1,2763.0,2776.0,2785.0,2768.0,23.0,638630.0,309
2023-05-10 21:30:05,fu2405,fu2405,2768.0,0.0,0.0,0.0,1,2762.0,2769.0,2,2763.0,2776.0,2785.0,2768.0,23.0,638630.0,309
2023-05-10 21:30:08,fu2405,fu2405,2768.0,0.0,0.0,0.0,1,2762.0,2769.0,1,2763.0,2776.0,2785.0,2768.0,23.0,638630.0,309
2023-05-10 21:30:09,fu2405,fu2405,2768.0,0.0,0.0,0.0,1,2762.0,2769.0,2,2763.0,2776.0,2785.0,2768.0,23.0,638630.0,309
2023-05-10 21:30:10,fu2405,fu2405,2768.0,0.0,0.0,0.0,1,2762.0,2769.0,1,2763.0,2776.0,2785.0,2768.0,23.0,638630.0,309
2023-05-10 21:30:11,fu2405,fu2405,2768.0,0.0,0.0,0.0,1,2762.0,2769.0,2,2763.0,2776.0,2785.0,2768.0,23.0,638630.0,309
2023-05-10 21:30:11,fu2405,fu2405,2768.0,0.0,0.0,0.0,1,2762.0,2769.0,1,2763.0,2776.0,2785.0,2768.0,23.0,638630.0,309
2023-05-10 21:30:12,fu2405,fu2405,2768.0,0.0,0.0,0.0,1,2762.0,2769.0,2,2763.0,2776.0,2785.0,2768.0,23.0,638630.0,309
2023-05-10 21:30:12,fu2405,fu2405,2768.0,0.0,0.0,0.0,1,2762.0,2769.0,1,2763.0,2776.0,2785.0,2768.0,23.0,638630.0,309
2023-05-10 21:30:13,fu2405,fu2405,2768.0,0.0,0.0,0.0,1,2762.0,2769.0,2,2763.0,2776.0,2785.0,2768.0,23.0,638630.0,309
2023-05-10 21:30:13,fu2405,fu2405,2768.0,0.0,0.0,0.0,1,2762.0,2769.0,1,2763.0,2776.0,2785.0,2768.0,23.0,638630.0,309
2023-05-10 21:30:17,fu2405,fu2405,2768.0,0.0,0.0,0.0,1,2762.0,2769.0,2,2763.0,2776.0,2785.0,2768.0,23.0,638630.0,309
2023-05-10 21:30:18,fu2405,fu2405,2768.0,0.0,0.0,0.0,1,2762.0,2769.0,1,2763.0,2776.0,2785.0,2768.0,23.0,638630.0,309
2023-05-10 21:30:20,fu2405,fu2405,2768.0,0.0,0.0,0.0,1,2762.0,2769.0,2,2763.0,2776.0,2785.0,2768.0,23.0,638630.0,309
2023-05-10 21:30:23,fu2405,fu2405,2768.0,0.0,0.0,0.0,1,2763.0,2769.0,2,2763.0,2776.0,2785.0,2768.0,23.0,638630.0,309
2023-05-10 21:30:24,fu2405,fu2405,2768.0,0.0,0.0,0.0,1,2763.0,2768.0,1,2763.0,2776.0,2785.0,2768.0,23.0,638630.0,309
2023-05-10 21:30:25,fu2405,fu2405,2768.0,0.0,0.0,0.0,1,2763.0,2768.0,1,2763.0,2776.0,2785.0,2768.0,23.0,638630.0,309
2023-05-10 21:30:27,fu2405,fu2405,2768.0,0.0,0.0,0.0,1,2762.0,2768.0,1,2763.0,2776.0,2785.0,2768.0,23.0,638630.0,309
2023-05-10 21:30:28,fu2405,fu2405,2768.0,0.0,0.0,0.0,2,2762.0,2768.0,1,2763.0,2776.0,2785.0,2768.0,23.0,638630.0,309
2023-05-10 21:30:28,fu2405,fu2405,2768.0,0.0,0.0,0.0,1,2763.0,2768.0,1,2763.0,2776.0,2785.0,2768.0,23.0,638630.0,309
2023-05-10 21:30:35,fu2405,fu2405,2768.0,0.0,0.0,0.0,1,2762.0,2768.0,1,2763.0,2776.0,2785.0,2768.0,23.0,638630.0,309
2023-05-10 21:30:36,fu2405,fu2405,2768.0,0.0,0.0,0.0,1,2763.0,2768.0,1,2763.0,2776.0,2785.0,2768.0,23.0,638630.0,309
2023-05-10 21:30:37,fu2405,fu2405,2768.0,0.0,0.0,0.0,1,2762.0,2768.0,1,2763.0,2776.0,2785.0,2768.0,23.0,638630.0,309
2023-05-10 21:30:37,fu2405,fu2405,2768.0,0.0,0.0,0.0,2,2762.0,2768.0,2,2763.0,2776.0,2785.0,2768.0,23.0,638630.0,309
2023-05-10 21:30:38,fu2405,fu2405,2768.0,0.0,0.0,0.0,2,2762.0,2768.0,1,2763.0,2776.0,2785.0,2768.0,23.0,638630.0,309
2023-05-10 21:30:38,fu2405,fu2405,2768.0,0.0,0.0,0.0,1,2763.0,2768.0,1,2763.0,2776.0,2785.0,2768.0,23.0,638630.0,309
2023-05-10 21:30:51,fu2405,fu2405,2768.0,0.0,0.0,0.0,1,2763.0,2769.0,1,2763.0,2776.0,2785.0,2768.0,23.0,638630.0,309
2023-05-10 21:31:04,fu2405,fu2405,2768.0,0.0,0.0,0.0,1,2763.0,2769.0,2,2763.0,2776.0,2785.0,2768.0,23.0,638630.0,309
2023-05-10 21:31:04,fu2405,fu2405,2768.0,0.0,0.0,0.0,1,2763.0,2769.0,1,2763.0,2776.0,2785.0,2768.0,23.0,638630.0,309
2023-05-10 21:31:05,fu2405,fu2405,2768.0,0.0,0.0,0.0,1,2763.0,2769.0,2,2763.0,2776.0,2785.0,2768.0,23.0,638630.0,309
2023-05-10 21:31:07,fu2405,fu2405,2768.0,0.0,0.0,0.0,1,2763.0,2769.0,1,2763.0,2776.0,2785.0,2768.0,23.0,638630.0,309
2023-05-10 21:31:08,fu2405,fu2405,2768.0,0.0,0.0,0.0,1,2763.0,2769.0,2,2763.0,2776.0,2785.0,2768.0,23.0,638630.0,309
2023-05-10 21:31:08,fu2405,fu2405,2768.0,0.0,0.0,0.0,1,2763.0,2769.0,1,2763.0,2776.0,2785.0,2768.0,23.0,638630.0,309
2023-05-10 21:31:09,fu2405,fu2405,2768.0,0.0,0.0,0.0,1,2763.0,2769.0,2,2763.0,2776.0,2785.0,2768.0,23.0,638630.0,309
2023-05-10 21:31:13,fu2405,fu2405,2768.0,0.0,0.0,0.0,1,2763.0,2769.0,1,2763.0,2776.0,2785.0,2768.0,23.0,638630.0,309
2023-05-10 21:31:20,fu2405,fu2405,2768.0,0.0,0.0,0.0,1,2763.0,2769.0,2,2763.0,2776.0,2785.0,2768.0,23.0,638630.0,309
2023-05-10 21:31:23,fu2405,fu2405,2768.0,0.0,0.0,0.0,1,2763.0,2769.0,1,2763.0,2776.0,2785.0,2768.0,23.0,638630.0,309
2023-05-10 21:31:25,fu2405,fu2405,2768.0,0.0,0.0,0.0,1,2763.0,2769.0,2,2763.0,2776.0,2785.0,2768.0,23.0,638630.0,309
2023-05-10 21:31:28,fu2405,fu2405,2768.0,0.0,0.0,0.0,1,2763.0,2769.0,1,2763.0,2776.0,2785.0,2768.0,23.0,638630.0,309
2023-05-10 21:31:29,fu2405,fu2405,2768.0,0.0,0.0,0.0,1,2763.0,2769.0,2,2763.0,2776.0,2785.0,2768.0,23.0,638630.0,309
2023-05-10 21:31:31,fu2405,fu2405,2768.0,0.0,0.0,0.0,1,2763.0,2769.0,1,2763.0,2776.0,2785.0,2768.0,23.0,638630.0,309
2023-05-10 21:31:32,fu2405,fu2405,2768.0,0.0,0.0,0.0,1,2763.0,2769.0,2,2763.0,2776.0,2785.0,2768.0,23.0,638630.0,309
2023-05-10 21:31:36,fu2405,fu2405,2768.0,0.0,0.0,0.0,1,2762.0,2768.0,1,2763.0,2776.0,2785.0,2768.0,23.0,638630.0,309
2023-05-10 21:31:36,fu2405,fu2405,2768.0,0.0,0.0,0.0,2,2762.0,2768.0,1,2763.0,2776.0,2785.0,2768.0,23.0,638630.0,309
2023-05-10 21:31:39,fu2405,fu2405,2768.0,0.0,0.0,0.0,1,2762.0,2768.0,1,2763.0,2776.0,2785.0,2768.0,23.0,638630.0,309
2023-05-10 21:31:40,fu2405,fu2405,2768.0,0.0,0.0,0.0,1,2762.0,2768.0,1,2763.0,2776.0,2785.0,2768.0,23.0,638630.0,309
2023-05-10 21:31:41,fu2405,fu2405,2768.0,0.0,0.0,0.0,1,2762.0,2768.0,1,2763.0,2776.0,2785.0,2768.0,23.0,638630.0,309
2023-05-10 21:32:02,fu2405,fu2405,2768.0,0.0,0.0,0.0,2,2762.0,2768.0,1,2763.0,2776.0,2785.0,2768.0,23.0,638630.0,309
2023-05-10 21:32:02,fu2405,fu2405,2768.0,0.0,0.0,0.0,1,2762.0,2768.0,1,2763.0,2776.0,2785.0,2768.0,23.0,638630.0,309
2023-05-10 21:32:12,fu2405,fu2405,2768.0,0.0,0.0,0.0,1,2762.0,2768.0,2,2763.0,2776.0,2785.0,2768.0,23.0,638630.0,309
2023-05-10 21:32:14,fu2405,fu2405,2768.0,0.0,0.0,0.0,1,2762.0,2768.0,2,2763.0,2776.0,2785.0,2768.0,23.0,638630.0,309
2023-05-10 21:32:32,fu2405,fu2405,2768.0,0.0,0.0,0.0,1,2762.0,2768.0,1,2763.0,2776.0,2785.0,2768.0,23.0,638630.0,309
2023-05-10 21:32:37,fu2405,fu2405,2768.0,0.0,0.0,0.0,1,2762.0,2767.0,1,2763.0,2776.0,2785.0,2768.0,23.0,638630.0,309
2023-05-10 21:32:38,fu2405,fu2405,2768.0,0.0,0.0,0.0,1,2762.0,2767.0,2,2763.0,2776.0,2785.0,2768.0,23.0,638630.0,309
2023-05-10 21:32:40,fu2405,fu2405,2768.0,0.0,0.0,0.0,1,2762.0,2766.0,1,2763.0,2776.0,2785.0,2768.0,23.0,638630.0,309
2023-05-10 21:32:49,fu2405,fu2405,2768.0,0.0,0.0,0.0,1,2762.0,2767.0,1,2763.0,2776.0,2785.0,2768.0,23.0,638630.0,309
2023-05-10 21:32:50,fu2405,fu2405,2762.0,1.0,27620.0,1.0,1,2760.0,2762.0,1,2763.0,2776.0,2785.0,2762.0,24.0,666250.0,310
2023-05-10 21:32:54,fu2405,fu2405,2762.0,0.0,0.0,0.0,1,2760.0,2762.0,2,2763.0,2776.0,2785.0,2762.0,24.0,666250.0,310
2023-05-10 21:32:54,fu2405,fu2405,2762.0,0.0,0.0,0.0,1,2760.0,2762.0,1,2763.0,2776.0,2785.0,2762.0,24.0,666250.0,310
2023-05-10 21:32:58,fu2405,fu2405,2762.0,0.0,0.0,0.0,1,2760.0,2767.0,1,2763.0,2776.0,2785.0,2762.0,24.0,666250.0,310
2023-05-10 21:32:58,fu2405,fu2405,2762.0,0.0,0.0,0.0,1,2760.0,2766.0,1,2763.0,2776.0,2785.0,2762.0,24.0,666250.0,310
2023-05-10 21:33:01,fu2405,fu2405,2762.0,0.0,0.0,0.0,1,2758.0,2766.0,1,2763.0,2776.0,2785.0,2762.0,24.0,666250.0,310
2023-05-10 21:33:04,fu2405,fu2405,2762.0,0.0,0.0,0.0,1,2758.0,2766.0,1,2763.0,2776.0,2785.0,2762.0,24.0,666250.0,310
2023-05-10 21:33:09,fu2405,fu2405,2762.0,0.0,0.0,0.0,1,2758.0,2766.0,2,2763.0,2776.0,2785.0,2762.0,24.0,666250.0,310
2023-05-10 21:33:11,fu2405,fu2405,2758.0,1.0,27580.0,1.0,1,2755.0,2766.0,2,2763.0,2776.0,2785.0,2758.0,25.0,693830.0,311
2023-05-10 21:33:12,fu2405,fu2405,2758.0,0.0,0.0,0.0,1,2756.0,2766.0,2,2763.0,2776.0,2785.0,2758.0,25.0,693830.0,311
2023-05-10 21:33:18,fu2405,fu2405,2758.0,0.0,0.0,0.0,1,2756.0,2763.0,1,2763.0,2776.0,2785.0,2758.0,25.0,693830.0,311
2023-05-10 21:33:18,fu2405,fu2405,2758.0,0.0,0.0,0.0,1,2756.0,2763.0,1,2763.0,2776.0,2785.0,2758.0,25.0,693830.0,311
2023-05-10 21:33:19,fu2405,fu2405,2758.0,0.0,0.0,0.0,1,2756.0,2763.0,1,2763.0,2776.0,2785.0,2758.0,25.0,693830.0,311
2023-05-10 21:33:29,fu2405,fu2405,2758.0,0.0,0.0,0.0,2,2756.0,2763.0,1,2763.0,2776.0,2785.0,2758.0,25.0,693830.0,311
2023-05-10 21:33:32,fu2405,fu2405,2758.0,0.0,0.0,0.0,2,2756.0,2767.0,1,2763.0,2776.0,2785.0,2758.0,25.0,693830.0,311
2023-05-10 21:33:33,fu2405,fu2405,2758.0,0.0,0.0,0.0,2,2756.0,2765.0,1,2763.0,2776.0,2785.0,2758.0,25.0,693830.0,311
2023-05-10 21:33:36,fu2405,fu2405,2758.0,0.0,0.0,0.0,2,2756.0,2765.0,1,2763.0,2776.0,2785.0,2758.0,25.0,693830.0,311
2023-05-10 21:33:36,fu2405,fu2405,2758.0,0.0,0.0,0.0,1,2757.0,2765.0,1,2763.0,2776.0,2785.0,2758.0,25.0,693830.0,311
2023-05-10 21:33:37,fu2405,fu2405,2758.0,0.0,0.0,0.0,1,2758.0,2765.0,1,2763.0,2776.0,2785.0,2758.0,25.0,693830.0,311
2023-05-10 21:33:43,fu2405,fu2405,2758.0,0.0,0.0,0.0,1,2758.0,2765.0,2,2763.0,2776.0,2785.0,2758.0,25.0,693830.0,311
2023-05-10 21:33:49,fu2405,fu2405,2758.0,0.0,0.0,0.0,1,2758.0,2765.0,1,2763.0,2776.0,2785.0,2758.0,25.0,693830.0,311
2023-05-10 21:33:50,fu2405,fu2405,2758.0,0.0,0.0,0.0,1,2758.0,2765.0,2,2763.0,2776.0,2785.0,2758.0,25.0,693830.0,311
2023-05-10 21:33:59,fu2405,fu2405,2758.0,0.0,0.0,0.0,1,2759.0,2765.0,2,2763.0,2776.0,2785.0,2758.0,25.0,693830.0,311
2023-05-10 21:33:59,fu2405,fu2405,2758.0,0.0,0.0,0.0,2,2759.0,2765.0,2,2763.0,2776.0,2785.0,2758.0,25.0,693830.0,311
2023-05-10 21:34:00,fu2405,fu2405,2758.0,0.0,0.0,0.0,2,2759.0,2764.0,1,2763.0,2776.0,2785.0,2758.0,25.0,693830.0,311
2023-05-10 21:34:00,fu2405,fu2405,2758.0,0.0,0.0,0.0,1,2759.0,2764.0,1,2763.0,2776.0,2785.0,2758.0,25.0,693830.0,311
2023-05-10 21:34:01,fu2405,fu2405,2759.0,1.0,27590.0,0.0,1,2757.0,2764.0,2,2763.0,2776.0,2785.0,2758.0,26.0,721420.0,311
2023-05-10 21:34:01,fu2405,fu2405,2759.0,0.0,0.0,0.0,2,2757.0,2763.0,1,2763.0,2776.0,2785.0,2758.0,26.0,721420.0,311
2023-05-10 21:34:02,fu2405,fu2405,2759.0,0.0,0.0,0.0,1,2758.0,2764.0,1,2763.0,2776.0,2785.0,2758.0,26.0,721420.0,311
2023-05-10 21:34:02,fu2405,fu2405,2759.0,0.0,0.0,0.0,1,2758.0,2764.0,2,2763.0,2776.0,2785.0,2758.0,26.0,721420.0,311
2023-05-10 21:34:03,fu2405,fu2405,2759.0,0.0,0.0,0.0,1,2757.0,2763.0,1,2763.0,2776.0,2785.0,2758.0,26.0,721420.0,311
2023-05-10 21:34:04,fu2405,fu2405,2759.0,0.0,0.0,0.0,1,2758.0,2763.0,1,2763.0,2776.0,2785.0,2758.0,26.0,721420.0,311
2023-05-10 21:34:04,fu2405,fu2405,2759.0,0.0,0.0,0.0,1,2757.0,2763.0,1,2763.0,2776.0,2785.0,2758.0,26.0,721420.0,311
2023-05-10 21:34:05,fu2405,fu2405,2759.0,0.0,0.0,0.0,2,2757.0,2763.0,2,2763.0,2776.0,2785.0,2758.0,26.0,721420.0,311
2023-05-10 21:34:05,fu2405,fu2405,2759.0,0.0,0.0,0.0,2,2757.0,2763.0,1,2763.0,2776.0,2785.0,2758.0,26.0,721420.0,311
2023-05-10 21:34:06,fu2405,fu2405,2759.0,0.0,0.0,0.0,2,2757.0,2763.0,2,2763.0,2776.0,2785.0,2758.0,26.0,721420.0,311
2023-05-10 21:34:07,fu2405,fu2405,2759.0,0.0,0.0,0.0,2,2757.0,2763.0,1,2763.0,2776.0,2785.0,2758.0,26.0,721420.0,311
2023-05-10 21:34:08,fu2405,fu2405,2759.0,0.0,0.0,0.0,2,2757.0,2762.0,1,2763.0,2776.0,2785.0,2758.0,26.0,721420.0,311
2023-05-10 21:34:09,fu2405,fu2405,2759.0,0.0,0.0,0.0,1,2758.0,2762.0,1,2763.0,2776.0,2785.0,2758.0,26.0,721420.0,311
2023-05-10 21:34:10,fu2405,fu2405,2759.0,0.0,0.0,0.0,1,2757.0,2762.0,1,2763.0,2776.0,2785.0,2758.0,26.0,721420.0,311
2023-05-10 21:34:10,fu2405,fu2405,2759.0,0.0,0.0,0.0,1,2758.0,2762.0,1,2763.0,2776.0,2785.0,2758.0,26.0,721420.0,311
2023-05-10 21:34:11,fu2405,fu2405,2759.0,0.0,0.0,0.0,1,2757.0,2762.0,1,2763.0,2776.0,2785.0,2758.0,26.0,721420.0,311
2023-05-10 21:34:11,fu2405,fu2405,2759.0,0.0,0.0,0.0,2,2757.0,2762.0,1,2763.0,2776.0,2785.0,2758.0,26.0,721420.0,311
2023-05-10 21:34:14,fu2405,fu2405,2759.0,0.0,0.0,0.0,1,2758.0,2762.0,1,2763.0,2776.0,2785.0,2758.0,26.0,721420.0,311
2023-05-10 21:34:15,fu2405,fu2405,2759.0,0.0,0.0,0.0,1,2757.0,2762.0,1,2763.0,2776.0,2785.0,2758.0,26.0,721420.0,311
2023-05-10 21:34:16,fu2405,fu2405,2759.0,0.0,0.0,0.0,2,2757.0,2762.0,1,2763.0,2776.0,2785.0,2758.0,26.0,721420.0,311
2023-05-10 21:34:18,fu2405,fu2405,2759.0,0.0,0.0,0.0,2,2757.0,2762.0,2,2763.0,2776.0,2785.0,2758.0,26.0,721420.0,311
2023-05-10 21:34:27,fu2405,fu2405,2759.0,0.0,0.0,0.0,2,2757.0,2762.0,1,2763.0,2776.0,2785.0,2758.0,26.0,721420.0,311
2023-05-10 21:34:28,fu2405,fu2405,2759.0,0.0,0.0,0.0,2,2757.0,2762.0,2,2763.0,2776.0,2785.0,2758.0,26.0,721420.0,311
2023-05-10 21:34:29,fu2405,fu2405,2759.0,0.0,0.0,0.0,2,2757.0,2762.0,2,2763.0,2776.0,2785.0,2758.0,26.0,721420.0,311
2023-05-10 21:34:39,fu2405,fu2405,2759.0,0.0,0.0,0.0,1,2758.0,2762.0,1,2763.0,2776.0,2785.0,2758.0,26.0,721420.0,311
2023-05-10 21:34:40,fu2405,fu2405,2759.0,0.0,0.0,0.0,1,2757.0,2762.0,1,2763.0,2776.0,2785.0,2758.0,26.0,721420.0,311
2023-05-10 21:34:40,fu2405,fu2405,2759.0,0.0,0.0,0.0,1,2758.0,2762.0,1,2763.0,2776.0,2785.0,2758.0,26.0,721420.0,311
2023-05-10 21:34:41,fu2405,fu2405,2759.0,0.0,0.0,0.0,1,2757.0,2762.0,2,2763.0,2776.0,2785.0,2758.0,26.0,721420.0,311
2023-05-10 21:34:41,fu2405,fu2405,2759.0,0.0,0.0,0.0,2,2757.0,2762.0,2,2763.0,2776.0,2785.0,2758.0,26.0,721420.0,311
2023-05-10 21:34:42,fu2405,fu2405,2759.0,0.0,0.0,0.0,2,2757.0,2762.0,2,2763.0,2776.0,2785.0,2758.0,26.0,721420.0,311
2023-05-10 21:34:51,fu2405,fu2405,2759.0,0.0,0.0,0.0,1,2757.0,2761.0,1,2763.0,2776.0,2785.0,2758.0,26.0,721420.0,311
2023-05-10 21:34:52,fu2405,fu2405,2759.0,0.0,0.0,0.0,1,2757.0,2762.0,1,2763.0,2776.0,2785.0,2758.0,26.0,721420.0,311
2023-05-10 21:34:52,fu2405,fu2405,2759.0,0.0,0.0,0.0,2,2757.0,2762.0,2,2763.0,2776.0,2785.0,2758.0,26.0,721420.0,311
2023-05-10 21:34:56,fu2405,fu2405,2759.0,0.0,0.0,0.0,1,2757.0,2762.0,2,2763.0,2776.0,2785.0,2758.0,26.0,721420.0,311
2023-05-10 21:34:56,fu2405,fu2405,2759.0,0.0,0.0,0.0,1,2757.0,2761.0,1,2763.0,2776.0,2785.0,2758.0,26.0,721420.0,311
2023-05-10 21:34:58,fu2405,fu2405,2759.0,0.0,0.0,0.0,2,2757.0,2762.0,1,2763.0,2776.0,2785.0,2758.0,26.0,721420.0,311
2023-05-10 21:34:59,fu2405,fu2405,2759.0,0.0,0.0,0.0,2,2757.0,2762.0,2,2763.0,2776.0,2785.0,2758.0,26.0,721420.0,311
2023-05-10 21:35:05,fu2405,fu2405,2759.0,0.0,0.0,0.0,2,2757.0,2762.0,1,2763.0,2776.0,2785.0,2758.0,26.0,721420.0,311
2023-05-10 21:35:06,fu2405,fu2405,2759.0,0.0,0.0,0.0,2,2757.0,2762.0,2,2763.0,2776.0,2785.0,2758.0,26.0,721420.0,311
2023-05-10 21:35:06,fu2405,fu2405,2759.0,0.0,0.0,0.0,2,2757.0,2762.0,1,2763.0,2776.0,2785.0,2758.0,26.0,721420.0,311
2023-05-10 21:35:07,fu2405,fu2405,2759.0,0.0,0.0,0.0,1,2758.0,2762.0,1,2763.0,2776.0,2785.0,2758.0,26.0,721420.0,311
2023-05-10 21:35:36,fu2405,fu2405,2759.0,0.0,0.0,0.0,1,2758.0,2762.0,1,2763.0,2776.0,2785.0,2758.0,26.0,721420.0,311
2023-05-10 21:35:37,fu2405,fu2405,2759.0,0.0,0.0,0.0,1,2759.0,2762.0,1,2763.0,2776.0,2785.0,2758.0,26.0,721420.0,311
2023-05-10 21:35:37,fu2405,fu2405,2759.0,0.0,0.0,0.0,1,2760.0,2762.0,1,2763.0,2776.0,2785.0,2758.0,26.0,721420.0,311
2023-05-10 21:35:43,fu2405,fu2405,2762.0,1.0,27620.0,-1.0,1,2759.0,2769.0,1,2763.0,2776.0,2785.0,2758.0,27.0,749040.0,310
2023-05-10 21:35:47,fu2405,fu2405,2762.0,0.0,0.0,0.0,1,2762.0,2769.0,2,2763.0,2776.0,2785.0,2758.0,27.0,749040.0,310
2023-05-10 21:35:51,fu2405,fu2405,2762.0,0.0,0.0,0.0,1,2762.0,2768.0,1,2763.0,2776.0,2785.0,2758.0,27.0,749040.0,310
2023-05-10 21:36:01,fu2405,fu2405,2762.0,0.0,0.0,0.0,1,2762.0,2767.0,1,2763.0,2776.0,2785.0,2758.0,27.0,749040.0,310
2023-05-10 21:36:02,fu2405,fu2405,2762.0,0.0,0.0,0.0,1,2762.0,2767.0,2,2763.0,2776.0,2785.0,2758.0,27.0,749040.0,310
2023-05-10 21:36:02,fu2405,fu2405,2762.0,0.0,0.0,0.0,1,2762.0,2766.0,1,2763.0,2776.0,2785.0,2758.0,27.0,749040.0,310
2023-05-10 21:36:05,fu2405,fu2405,2762.0,0.0,0.0,0.0,1,2762.0,2766.0,1,2763.0,2776.0,2785.0,2758.0,27.0,749040.0,310
2023-05-10 21:36:40,fu2405,fu2405,2762.0,0.0,0.0,0.0,1,2762.0,2766.0,1,2763.0,2776.0,2785.0,2758.0,27.0,749040.0,310
2023-05-10 21:37:00,fu2405,fu2405,2762.0,1.0,27620.0,-1.0,1,2759.0,2766.0,1,2763.0,2776.0,2785.0,2758.0,28.0,776660.0,309
2023-05-10 21:37:15,fu2405,fu2405,2762.0,0.0,0.0,0.0,1,2759.0,2766.0,1,2763.0,2776.0,2785.0,2758.0,28.0,776660.0,309
2023-05-10 21:37:22,fu2405,fu2405,2762.0,0.0,0.0,0.0,1,2759.0,2765.0,1,2763.0,2776.0,2785.0,2758.0,28.0,776660.0,309
2023-05-10 21:37:22,fu2405,fu2405,2762.0,0.0,0.0,0.0,1,2759.0,2765.0,1,2763.0,2776.0,2785.0,2758.0,28.0,776660.0,309
2023-05-10 21:37:24,fu2405,fu2405,2762.0,0.0,0.0,0.0,1,2759.0,2765.0,2,2763.0,2776.0,2785.0,2758.0,28.0,776660.0,309
2023-05-10 21:37:30,fu2405,fu2405,2762.0,0.0,0.0,0.0,1,2759.0,2764.0,1,2763.0,2776.0,2785.0,2758.0,28.0,776660.0,309
2023-05-10 21:37:31,fu2405,fu2405,2762.0,0.0,0.0,0.0,1,2759.0,2765.0,1,2763.0,2776.0,2785.0,2758.0,28.0,776660.0,309
2023-05-10 21:37:31,fu2405,fu2405,2762.0,0.0,0.0,0.0,1,2759.0,2765.0,2,2763.0,2776.0,2785.0,2758.0,28.0,776660.0,309
2023-05-10 21:37:32,fu2405,fu2405,2762.0,0.0,0.0,0.0,1,2759.0,2764.0,1,2763.0,2776.0,2785.0,2758.0,28.0,776660.0,309
2023-05-10 21:37:38,fu2405,fu2405,2762.0,0.0,0.0,0.0,1,2759.0,2764.0,2,2763.0,2776.0,2785.0,2758.0,28.0,776660.0,309
2023-05-10 21:37:42,fu2405,fu2405,2762.0,0.0,0.0,0.0,1,2759.0,2763.0,1,2763.0,2776.0,2785.0,2758.0,28.0,776660.0,309
2023-05-10 21:37:42,fu2405,fu2405,2762.0,0.0,0.0,0.0,1,2759.0,2762.0,1,2763.0,2776.0,2785.0,2758.0,28.0,776660.0,309
2023-05-10 21:37:43,fu2405,fu2405,2762.0,0.0,0.0,0.0,1,2759.0,2762.0,2,2763.0,2776.0,2785.0,2758.0,28.0,776660.0,309
2023-05-10 21:37:51,fu2405,fu2405,2762.0,0.0,0.0,0.0,1,2759.0,2762.0,1,2763.0,2776.0,2785.0,2758.0,28.0,776660.0,309
2023-05-10 21:37:53,fu2405,fu2405,2762.0,0.0,0.0,0.0,1,2759.0,2762.0,2,2763.0,2776.0,2785.0,2758.0,28.0,776660.0,309
2023-05-10 21:38:01,fu2405,fu2405,2762.0,0.0,0.0,0.0,1,2759.0,2761.0,2,2763.0,2776.0,2785.0,2758.0,28.0,776660.0,309
2023-05-10 21:38:05,fu2405,fu2405,2762.0,0.0,0.0,0.0,1,2759.0,2761.0,2,2763.0,2776.0,2785.0,2758.0,28.0,776660.0,309
2023-05-10 21:38:06,fu2405,fu2405,2759.0,1.0,27590.0,0.0,1,2757.0,2759.0,2,2763.0,2776.0,2785.0,2758.0,29.0,804250.0,309
