time,symbol_id,symbol_name,last,trade_volume,trade_amount,open_interest_change,bv1,bp1,ap1,av1,yesterday_close,today_open,today_high,today_low,volume,amount,open_interest
2023-05-10 20:59:00,fu2404,fu2404,2769.0,0.0,0.0,0.0,1,2772.0,2818.0,3,2769.0,2791.0,0.0,0.0,0.0,0.0,758
2023-05-10 21:00:01,fu2404,fu2404,2769.0,0.0,0.0,0.0,5,2773.0,2817.0,2,2769.0,2791.0,0.0,0.0,0.0,0.0,758
2023-05-10 21:00:01,fu2404,fu2404,2769.0,0.0,0.0,0.0,5,2782.0,2816.0,1,2769.0,2791.0,0.0,0.0,0.0,0.0,758
2023-05-10 21:00:02,fu2404,fu2404,2769.0,0.0,0.0,0.0,5,2785.0,2816.0,1,2769.0,2791.0,0.0,0.0,0.0,0.0,758
2023-05-10 21:00:02,fu2404,fu2404,2769.0,0.0,0.0,0.0,5,2786.0,2816.0,6,2769.0,2791.0,0.0,0.0,0.0,0.0,758
2023-05-10 21:00:03,fu2404,fu2404,2769.0,0.0,0.0,0.0,2,2788.0,2808.0,1,2769.0,2791.0,0.0,0.0,0.0,0.0,758
2023-05-10 21:00:03,fu2404,fu2404,2769.0,0.0,0.0,0.0,1,2774.0,2808.0,1,2769.0,2791.0,0.0,0.0,0.0,0.0,758
2023-05-10 21:00:04,fu2404,fu2404,2769.0,0.0,0.0,0.0,5,2789.0,2808.0,1,2769.0,2791.0,0.0,0.0,0.0,0.0,758
2023-05-10 21:00:04,fu2404,fu2404,2769.0,0.0,0.0,0.0,2,2787.0,2808.0,1,2769.0,2791.0,0.0,0.0,0.0,0.0,758
2023-05-10 21:00:05,fu2404,fu2404,2769.0,0.0,0.0,0.0,4,2787.0,2808.0,1,2769.0,2791.0,0.0,0.0,0.0,0.0,758
2023-05-10 21:00:05,fu2404,fu2404,2769.0,0.0,0.0,0.0,5,2787.0,2808.0,1,2769.0,2791.0,0.0,0.0,0.0,0.0,758
2023-05-10 21:00:06,fu2404,fu2404,2769.0,0.0,0.0,0.0,3,2787.0,2808.0,1,2769.0,2791.0,0.0,0.0,0.0,0.0,758
2023-05-10 21:00:07,fu2404,fu2404,2769.0,0.0,0.0,0.0,5,2787.0,2808.0,1,2769.0,2791.0,0.0,0.0,0.0,0.0,758
2023-05-10 21:00:08,fu2404,fu2404,2769.0,0.0,0.0,0.0,3,2787.0,2808.0,1,2769.0,2791.0,0.0,0.0,0.0,0.0,758
2023-05-10 21:00:08,fu2404,fu2404,2769.0,0.0,0.0,0.0,1,2782.0,2808.0,1,2769.0,2791.0,0.0,0.0,0.0,0.0,758
2023-05-10 21:00:09,fu2404,fu2404,2769.0,0.0,0.0,0.0,1,2784.0,2808.0,1,2769.0,2791.0,0.0,0.0,0.0,0.0,758
2023-05-10 21:00:09,fu2404,fu2404,2769.0,0.0,0.0,0.0,5,2786.0,2808.0,1,2769.0,2791.0,0.0,0.0,0.0,0.0,758
2023-05-10 21:00:11,fu2404,fu2404,2769.0,0.0,0.0,0.0,1,2782.0,2808.0,1,2769.0,2791.0,0.0,0.0,0.0,0.0,758
2023-05-10 21:00:11,fu2404,fu2404,2769.0,0.0,0.0,0.0,1,2785.0,2808.0,1,2769.0,2791.0,0.0,0.0,0.0,0.0,758
2023-05-10 21:00:12,fu2404,fu2404,2769.0,0.0,0.0,0.0,5,2785.0,2808.0,1,2769.0,2791.0,0.0,0.0,0.0,0.0,758
2023-05-10 21:00:12,fu2404,fu2404,2769.0,0.0,0.0,0.0,3,2785.0,2808.0,1,2769.0,2791.0,0.0,0.0,0.0,0.0,758
2023-05-10 21:00:13,fu2404,fu2404,2769.0,0.0,0.0,0.0,1,2786.0,2808.0,1,2769.0,2791.0,0.0,0.0,0.0,0.0,758
2023-05-10 21:00:13,fu2404,fu2404,2769.0,0.0,0.0,0.0,5,2787.0,2808.0,1,2769.0,2791.0,0.0,0.0,0.0,0.0,758
2023-05-10 21:00:14,fu2404,fu2404,2769.0,0.0,0.0,0.0,2,2786.0,2808.0,1,2769.0,2791.0,0.0,0.0,0.0,0.0,758
2023-05-10 21:00:18,fu2404,fu2404,2769.0,0.0,0.0,0.0,4,2786.0,2808.0,1,2769.0,2791.0,0.0,0.0,0.0,0.0,758
2023-05-10 21:00:19,fu2404,fu2404,2769.0,0.0,0.0,0.0,7,2786.0,2808.0,1,2769.0,2791.0,0.0,0.0,0.0,0.0,758
2023-05-10 21:00:20,fu2404,fu2404,2769.0,0.0,0.0,0.0,5,2787.0,2808.0,1,2769.0,2791.0,0.0,0.0,0.0,0.0,758
2023-05-10 21:00:22,fu2404,fu2404,2769.0,0.0,0.0,0.0,1,2788.0,2808.0,1,2769.0,2791.0,0.0,0.0,0.0,0.0,758
2023-05-10 21:00:23,fu2404,fu2404,2769.0,0.0,0.0,0.0,1,2788.0,2808.0,1,2769.0,2791.0,0.0,0.0,0.0,0.0,758
2023-05-10 21:00:24,fu2404,fu2404,2769.0,0.0,0.0,0.0,1,2788.0,2808.0,1,2769.0,2791.0,0.0,0.0,0.0,0.0,758
2023-05-10 21:00:26,fu2404,fu2404,2769.0,0.0,0.0,0.0,6,2788.0,2808.0,1,2769.0,2791.0,0.0,0.0,0.0,0.0,758
2023-05-10 21:00:27,fu2404,fu2404,2769.0,0.0,0.0,0.0,2,2789.0,2808.0,1,2769.0,2791.0,0.0,0.0,0.0,0.0,758
2023-05-10 21:00:27,fu2404,fu2404,2769.0,0.0,0.0,0.0,3,2790.0,2808.0,1,2769.0,2791.0,0.0,0.0,0.0,0.0,758
2023-05-10 21:00:28,fu2404,fu2404,2769.0,0.0,0.0,0.0,6,2790.0,2808.0,1,2769.0,2791.0,0.0,0.0,0.0,0.0,758
2023-05-10 21:00:28,fu2404,fu2404,2769.0,0.0,0.0,0.0,1,2791.0,2808.0,1,2769.0,2791.0,0.0,0.0,0.0,0.0,758
2023-05-10 21:00:29,fu2404,fu2404,2769.0,0.0,0.0,0.0,1,2792.0,2808.0,1,2769.0,2791.0,0.0,0.0,0.0,0.0,758
2023-05-10 21:00:31,fu2404,fu2404,2769.0,0.0,0.0,0.0,1,2792.0,2815.0,3,2769.0,2791.0,0.0,0.0,0.0,0.0,758
2023-05-10 21:00:32,fu2404,fu2404,2769.0,0.0,0.0,0.0,1,2792.0,2811.0,1,2769.0,2791.0,0.0,0.0,0.0,0.0,758
2023-05-10 21:00:32,fu2404,fu2404,2769.0,0.0,0.0,0.0,1,2792.0,2811.0,1,2769.0,2791.0,0.0,0.0,0.0,0.0,758
2023-05-10 21:00:33,fu2404,fu2404,2769.0,0.0,0.0,0.0,2,2792.0,2811.0,1,2769.0,2791.0,0.0,0.0,0.0,0.0,758
2023-05-10 21:00:33,fu2404,fu2404,2769.0,0.0,0.0,0.0,6,2792.0,2811.0,1,2769.0,2791.0,0.0,0.0,0.0,0.0,758
2023-05-10 21:00:34,fu2404,fu2404,2769.0,0.0,0.0,0.0,6,2792.0,2811.0,1,2769.0,2791.0,0.0,0.0,0.0,0.0,758
2023-05-10 21:00:35,fu2404,fu2404,2769.0,0.0,0.0,0.0,6,2792.0,2815.0,3,2769.0,2791.0,0.0,0.0,0.0,0.0,758
2023-05-10 21:00:35,fu2404,fu2404,2769.0,0.0,0.0,0.0,1,2793.0,2813.0,1,2769.0,2791.0,0.0,0.0,0.0,0.0,758
2023-05-10 21:00:36,fu2404,fu2404,2769.0,0.0,0.0,0.0,2,2795.0,2813.0,1,2769.0,2791.0,0.0,0.0,0.0,0.0,758
2023-05-10 21:00:36,fu2404,fu2404,2769.0,0.0,0.0,0.0,1,2796.0,2815.0,3,2769.0,2791.0,0.0,0.0,0.0,0.0,758
2023-05-10 21:00:37,fu2404,fu2404,2769.0,0.0,0.0,0.0,1,2796.0,2814.0,1,2769.0,2791.0,0.0,0.0,0.0,0.0,758
2023-05-10 21:00:39,fu2404,fu2404,2769.0,0.0,0.0,0.0,1,2796.0,2815.0,3,2769.0,2791.0,0.0,0.0,0.0,0.0,758
2023-05-10 21:00:40,fu2404,fu2404,2769.0,0.0,0.0,0.0,1,2796.0,2815.0,4,2769.0,2791.0,0.0,0.0,0.0,0.0,758
2023-05-10 21:00:46,fu2404,fu2404,2769.0,0.0,0.0,0.0,1,2796.0,2815.0,6,2769.0,2791.0,0.0,0.0,0.0,0.0,758
2023-05-10 21:00:46,fu2404,fu2404,2769.0,0.0,0.0,0.0,1,2782.0,2815.0,6,2769.0,2791.0,0.0,0.0,0.0,0.0,758
2023-05-10 21:00:47,fu2404,fu2404,2769.0,0.0,0.0,0.0,5,2791.0,2815.0,6,2769.0,2791.0,0.0,0.0,0.0,0.0,758
2023-05-10 21:00:47,fu2404,fu2404,2769.0,0.0,0.0,0.0,1,2792.0,2815.0,6,2769.0,2791.0,0.0,0.0,0.0,0.0,758
2023-05-10 21:00:49,fu2404,fu2404,2769.0,0.0,0.0,0.0,1,2792.0,2815.0,4,2769.0,2791.0,0.0,0.0,0.0,0.0,758
2023-05-10 21:00:49,fu2404,fu2404,2769.0,0.0,0.0,0.0,1,2792.0,2814.0,3,2769.0,2791.0,0.0,0.0,0.0,0.0,758
2023-05-10 21:00:50,fu2404,fu2404,2769.0,0.0,0.0,0.0,1,2792.0,2809.0,1,2769.0,2791.0,0.0,0.0,0.0,0.0,758
2023-05-10 21:00:52,fu2404,fu2404,2769.0,0.0,0.0,0.0,1,2792.0,2809.0,1,2769.0,2791.0,0.0,0.0,0.0,0.0,758
2023-05-10 21:00:53,fu2404,fu2404,2769.0,0.0,0.0,0.0,1,2782.0,2809.0,1,2769.0,2791.0,0.0,0.0,0.0,0.0,758
2023-05-10 21:00:53,fu2404,fu2404,2769.0,0.0,0.0,0.0,5,2786.0,2809.0,1,2769.0,2791.0,0.0,0.0,0.0,0.0,758
2023-05-10 21:00:54,fu2404,fu2404,2769.0,0.0,0.0,0.0,2,2787.0,2809.0,1,2769.0,2791.0,0.0,0.0,0.0,0.0,758
2023-05-10 21:00:54,fu2404,fu2404,2769.0,0.0,0.0,0.0,6,2787.0,2809.0,1,2769.0,2791.0,0.0,0.0,0.0,0.0,758
2023-05-10 21:00:55,fu2404,fu2404,2769.0,0.0,0.0,0.0,1,2787.0,2809.0,1,2769.0,2791.0,0.0,0.0,0.0,0.0,758
2023-05-10 21:00:56,fu2404,fu2404,2769.0,0.0,0.0,0.0,1,2787.0,2808.0,2,2769.0,2791.0,0.0,0.0,0.0,0.0,758
2023-05-10 21:00:56,fu2404,fu2404,2769.0,0.0,0.0,0.0,1,2787.0,2807.0,1,2769.0,2791.0,0.0,0.0,0.0,0.0,758
2023-05-10 21:00:57,fu2404,fu2404,2769.0,0.0,0.0,0.0,2,2787.0,2807.0,1,2769.0,2791.0,0.0,0.0,0.0,0.0,758
2023-05-10 21:00:57,fu2404,fu2404,2769.0,0.0,0.0,0.0,6,2787.0,2807.0,1,2769.0,2791.0,0.0,0.0,0.0,0.0,758
2023-05-10 21:00:58,fu2404,fu2404,2769.0,0.0,0.0,0.0,5,2787.0,2807.0,1,2769.0,2791.0,0.0,0.0,0.0,0.0,758
2023-05-10 21:00:59,fu2404,fu2404,2769.0,0.0,0.0,0.0,1,2787.0,2807.0,1,2769.0,2791.0,0.0,0.0,0.0,0.0,758
2023-05-10 21:01:01,fu2404,fu2404,2769.0,0.0,0.0,0.0,1,2795.0,2807.0,1,2769.0,2791.0,0.0,0.0,0.0,0.0,758
2023-05-10 21:01:01,fu2404,fu2404,2769.0,0.0,0.0,0.0,1,2795.0,2807.0,1,2769.0,2791.0,0.0,0.0,0.0,0.0,758
2023-05-10 21:01:04,fu2404,fu2404,2769.0,0.0,0.0,0.0,1,2782.0,2807.0,1,2769.0,2791.0,0.0,0.0,0.0,0.0,758
2023-05-10 21:01:05,fu2404,fu2404,2769.0,0.0,0.0,0.0,5,2786.0,2807.0,1,2769.0,2791.0,0.0,0.0,0.0,0.0,758
2023-05-10 21:01:05,fu2404,fu2404,2769.0,0.0,0.0,0.0,1,2794.0,2807.0,1,2769.0,2791.0,0.0,0.0,0.0,0.0,758
2023-05-10 21:01:06,fu2404,fu2404,2769.0,0.0,0.0,0.0,1,2794.0,2807.0,3,2769.0,2791.0,0.0,0.0,0.0,0.0,758
2023-05-10 21:01:06,fu2404,fu2404,2769.0,0.0,0.0,0.0,3,2782.0,2807.0,3,2769.0,2791.0,0.0,0.0,0.0,0.0,758
2023-05-10 21:01:07,fu2404,fu2404,2769.0,0.0,0.0,0.0,5,2784.0,2807.0,3,2769.0,2791.0,0.0,0.0,0.0,0.0,758
2023-05-10 21:01:07,fu2404,fu2404,2769.0,0.0,0.0,0.0,1,2787.0,2807.0,3,2769.0,2791.0,0.0,0.0,0.0,0.0,758
2023-05-10 21:01:08,fu2404,fu2404,2769.0,0.0,0.0,0.0,1,2788.0,2807.0,1,2769.0,2791.0,0.0,0.0,0.0,0.0,758
2023-05-10 21:01:08,fu2404,fu2404,2769.0,0.0,0.0,0.0,1,2787.0,2806.0,3,2769.0,2791.0,0.0,0.0,0.0,0.0,758
2023-05-10 21:01:09,fu2404,fu2404,2769.0,0.0,0.0,0.0,3,2782.0,2801.0,1,2769.0,2791.0,0.0,0.0,0.0,0.0,758
2023-05-10 21:01:09,fu2404,fu2404,2769.0,0.0,0.0,0.0,1,2783.0,2801.0,1,2769.0,2791.0,0.0,0.0,0.0,0.0,758
2023-05-10 21:01:10,fu2404,fu2404,2769.0,0.0,0.0,0.0,1,2783.0,2801.0,1,2769.0,2791.0,0.0,0.0,0.0,0.0,758
2023-05-10 21:01:10,fu2404,fu2404,2769.0,0.0,0.0,0.0,2,2783.0,2801.0,1,2769.0,2791.0,0.0,0.0,0.0,0.0,758
2023-05-10 21:01:11,fu2404,fu2404,2769.0,0.0,0.0,0.0,1,2788.0,2801.0,1,2769.0,2791.0,0.0,0.0,0.0,0.0,758
2023-05-10 21:01:11,fu2404,fu2404,2769.0,0.0,0.0,0.0,1,2788.0,2801.0,1,2769.0,2791.0,0.0,0.0,0.0,0.0,758
2023-05-10 21:01:15,fu2404,fu2404,2769.0,0.0,0.0,0.0,2,2788.0,2801.0,1,2769.0,2791.0,0.0,0.0,0.0,0.0,758
2023-05-10 21:01:19,fu2404,fu2404,2769.0,0.0,0.0,0.0,1,2788.0,2801.0,1,2769.0,2791.0,0.0,0.0,0.0,0.0,758
2023-05-10 21:01:20,fu2404,fu2404,2769.0,0.0,0.0,0.0,3,2782.0,2801.0,1,2769.0,2791.0,0.0,0.0,0.0,0.0,758
2023-05-10 21:01:21,fu2404,fu2404,2769.0,0.0,0.0,0.0,2,2783.0,2801.0,1,2769.0,2791.0,0.0,0.0,0.0,0.0,758
2023-05-10 21:01:21,fu2404,fu2404,2769.0,0.0,0.0,0.0,2,2783.0,2801.0,1,2769.0,2791.0,0.0,0.0,0.0,0.0,758
2023-05-10 21:01:25,fu2404,fu2404,2769.0,0.0,0.0,0.0,2,2783.0,2801.0,3,2769.0,2791.0,0.0,0.0,0.0,0.0,758
2023-05-10 21:01:37,fu2404,fu2404,2769.0,0.0,0.0,0.0,2,2783.0,2800.0,2,2769.0,2791.0,0.0,0.0,0.0,0.0,758
2023-05-10 21:01:38,fu2404,fu2404,2769.0,0.0,0.0,0.0,2,2783.0,2797.0,1,2769.0,2791.0,0.0,0.0,0.0,0.0,758
2023-05-10 21:01:39,fu2404,fu2404,2769.0,0.0,0.0,0.0,2,2783.0,2797.0,1,2769.0,2791.0,0.0,0.0,0.0,0.0,758
2023-05-10 21:01:42,fu2404,fu2404,2769.0,0.0,0.0,0.0,2,2783.0,2797.0,1,2769.0,2791.0,0.0,0.0,0.0,0.0,758
2023-05-10 21:01:45,fu2404,fu2404,2769.0,0.0,0.0,0.0,2,2783.0,2797.0,1,2769.0,2791.0,0.0,0.0,0.0,0.0,758
2023-05-10 21:01:46,fu2404,fu2404,2769.0,0.0,0.0,0.0,2,2783.0,2797.0,3,2769.0,2791.0,0.0,0.0,0.0,0.0,758
2023-05-10 21:02:16,fu2404,fu2404,2769.0,0.0,0.0,0.0,2,2783.0,2797.0,3,2769.0,2791.0,0.0,0.0,0.0,0.0,758
2023-05-10 21:02:18,fu2404,fu2404,2769.0,0.0,0.0,0.0,2,2783.0,2796.0,2,2769.0,2791.0,0.0,0.0,0.0,0.0,758
2023-05-10 21:02:19,fu2404,fu2404,2769.0,0.0,0.0,0.0,2,2783.0,2793.0,1,2769.0,2791.0,0.0,0.0,0.0,0.0,758
2023-05-10 21:02:22,fu2404,fu2404,2769.0,0.0,0.0,0.0,2,2783.0,2793.0,1,2769.0,2791.0,0.0,0.0,0.0,0.0,758
2023-05-10 21:02:23,fu2404,fu2404,2769.0,0.0,0.0,0.0,2,2783.0,2793.0,1,2769.0,2791.0,0.0,0.0,0.0,0.0,758
2023-05-10 21:02:23,fu2404,fu2404,2769.0,0.0,0.0,0.0,1,2783.0,2793.0,1,2769.0,2791.0,0.0,0.0,0.0,0.0,758
2023-05-10 21:02:24,fu2404,fu2404,2769.0,0.0,0.0,0.0,1,2778.0,2793.0,1,2769.0,2791.0,0.0,0.0,0.0,0.0,758
2023-05-10 21:02:24,fu2404,fu2404,2769.0,0.0,0.0,0.0,1,2779.0,2793.0,1,2769.0,2791.0,0.0,0.0,0.0,0.0,758
2023-05-10 21:02:25,fu2404,fu2404,2769.0,0.0,0.0,0.0,1,2779.0,2793.0,1,2769.0,2791.0,0.0,0.0,0.0,0.0,758
2023-05-10 21:02:25,fu2404,fu2404,2769.0,0.0,0.0,0.0,1,2780.0,2793.0,1,2769.0,2791.0,0.0,0.0,0.0,0.0,758
2023-05-10 21:02:26,fu2404,fu2404,2769.0,0.0,0.0,0.0,1,2781.0,2793.0,3,2769.0,2791.0,0.0,0.0,0.0,0.0,758
2023-05-10 21:02:26,fu2404,fu2404,2769.0,0.0,0.0,0.0,1,2782.0,2791.0,1,2769.0,2791.0,0.0,0.0,0.0,0.0,758
2023-05-10 21:02:27,fu2404,fu2404,2769.0,0.0,0.0,0.0,1,2783.0,2793.0,2,2769.0,2791.0,0.0,0.0,0.0,0.0,758
2023-05-10 21:02:27,fu2404,fu2404,2769.0,0.0,0.0,0.0,1,2784.0,2792.0,1,2769.0,2791.0,0.0,0.0,0.0,0.0,758
2023-05-10 21:02:28,fu2404,fu2404,2769.0,0.0,0.0,0.0,1,2783.0,2792.0,1,2769.0,2791.0,0.0,0.0,0.0,0.0,758
2023-05-10 21:02:28,fu2404,fu2404,2769.0,0.0,0.0,0.0,1,2783.0,2792.0,1,2769.0,2791.0,0.0,0.0,0.0,0.0,758
2023-05-10 21:02:29,fu2404,fu2404,2769.0,0.0,0.0,0.0,1,2784.0,2792.0,1,2769.0,2791.0,0.0,0.0,0.0,0.0,758
2023-05-10 21:02:29,fu2404,fu2404,2769.0,0.0,0.0,0.0,1,2784.0,2792.0,1,2769.0,2791.0,0.0,0.0,0.0,0.0,758
2023-05-10 21:02:30,fu2404,fu2404,2769.0,0.0,0.0,0.0,1,2778.0,2792.0,1,2769.0,2791.0,0.0,0.0,0.0,0.0,758
2023-05-10 21:02:31,fu2404,fu2404,2769.0,0.0,0.0,0.0,1,2779.0,2792.0,1,2769.0,2791.0,0.0,0.0,0.0,0.0,758
2023-05-10 21:02:31,fu2404,fu2404,2769.0,0.0,0.0,0.0,1,2780.0,2792.0,1,2769.0,2791.0,0.0,0.0,0.0,0.0,758
2023-05-10 21:02:32,fu2404,fu2404,2769.0,0.0,0.0,0.0,1,2781.0,2792.0,1,2769.0,2791.0,0.0,0.0,0.0,0.0,758
2023-05-10 21:02:32,fu2404,fu2404,2769.0,0.0,0.0,0.0,1,2782.0,2792.0,1,2769.0,2791.0,0.0,0.0,0.0,0.0,758
2023-05-10 21:02:33,fu2404,fu2404,2769.0,0.0,0.0,0.0,1,2783.0,2792.0,1,2769.0,2791.0,0.0,0.0,0.0,0.0,758
2023-05-10 21:02:33,fu2404,fu2404,2769.0,0.0,0.0,0.0,1,2784.0,2792.0,1,2769.0,2791.0,0.0,0.0,0.0,0.0,758
2023-05-10 21:02:34,fu2404,fu2404,2769.0,0.0,0.0,0.0,2,2784.0,2792.0,1,2769.0,2791.0,0.0,0.0,0.0,0.0,758
2023-05-10 21:02:34,fu2404,fu2404,2769.0,0.0,0.0,0.0,1,2785.0,2792.0,1,2769.0,2791.0,0.0,0.0,0.0,0.0,758
2023-05-10 21:02:35,fu2404,fu2404,2769.0,0.0,0.0,0.0,1,2785.0,2802.0,1,2769.0,2791.0,0.0,0.0,0.0,0.0,758
2023-05-10 21:02:35,fu2404,fu2404,2769.0,0.0,0.0,0.0,1,2786.0,2793.0,1,2769.0,2791.0,0.0,0.0,0.0,0.0,758
2023-05-10 21:02:36,fu2404,fu2404,2769.0,0.0,0.0,0.0,1,2785.0,2793.0,1,2769.0,2791.0,0.0,0.0,0.0,0.0,758
2023-05-10 21:02:37,fu2404,fu2404,2769.0,0.0,0.0,0.0,1,2784.0,2793.0,1,2769.0,2791.0,0.0,0.0,0.0,0.0,758
2023-05-10 21:02:37,fu2404,fu2404,2769.0,0.0,0.0,0.0,2,2784.0,2793.0,1,2769.0,2791.0,0.0,0.0,0.0,0.0,758
2023-05-10 21:02:39,fu2404,fu2404,2769.0,0.0,0.0,0.0,2,2784.0,2793.0,1,2769.0,2791.0,0.0,0.0,0.0,0.0,758
2023-05-10 21:02:40,fu2404,fu2404,2769.0,0.0,0.0,0.0,1,2785.0,2793.0,1,2769.0,2791.0,0.0,0.0,0.0,0.0,758
2023-05-10 21:02:40,fu2404,fu2404,2769.0,0.0,0.0,0.0,1,2786.0,2793.0,1,2769.0,2791.0,0.0,0.0,0.0,0.0,758
2023-05-10 21:02:41,fu2404,fu2404,2769.0,0.0,0.0,0.0,1,2786.0,2793.0,1,2769.0,2791.0,0.0,0.0,0.0,0.0,758
2023-05-10 21:02:42,fu2404,fu2404,2769.0,0.0,0.0,0.0,1,2785.0,2793.0,1,2769.0,2791.0,0.0,0.0,0.0,0.0,758
2023-05-10 21:02:42,fu2404,fu2404,2769.0,0.0,0.0,0.0,2,2785.0,2793.0,1,2769.0,2791.0,0.0,0.0,0.0,0.0,758
2023-05-10 21:02:44,fu2404,fu2404,2769.0,0.0,0.0,0.0,2,2785.0,2802.0,1,2769.0,2791.0,0.0,0.0,0.0,0.0,758
2023-05-10 21:02:45,fu2404,fu2404,2769.0,0.0,0.0,0.0,1,2786.0,2797.0,1,2769.0,2791.0,0.0,0.0,0.0,0.0,758
2023-05-10 21:02:45,fu2404,fu2404,2769.0,0.0,0.0,0.0,1,2787.0,2797.0,1,2769.0,2791.0,0.0,0.0,0.0,0.0,758
2023-05-10 21:02:46,fu2404,fu2404,2769.0,0.0,0.0,0.0,1,2787.0,2797.0,1,2769.0,2791.0,0.0,0.0,0.0,0.0,758
2023-05-10 21:02:47,fu2404,fu2404,2769.0,0.0,0.0,0.0,1,2786.0,2797.0,1,2769.0,2791.0,0.0,0.0,0.0,0.0,758
2023-05-10 21:02:47,fu2404,fu2404,2769.0,0.0,0.0,0.0,1,2786.0,2797.0,1,2769.0,2791.0,0.0,0.0,0.0,0.0,758
2023-05-10 21:02:48,fu2404,fu2404,2769.0,0.0,0.0,0.0,1,2785.0,2797.0,3,2769.0,2791.0,0.0,0.0,0.0,0.0,758
2023-05-10 21:02:48,fu2404,fu2404,2769.0,0.0,0.0,0.0,2,2785.0,2795.0,1,2769.0,2791.0,0.0,0.0,0.0,0.0,758
2023-05-10 21:02:49,fu2404,fu2404,2769.0,0.0,0.0,0.0,2,2785.0,2793.0,1,2769.0,2791.0,0.0,0.0,0.0,0.0,758
2023-05-10 21:02:52,fu2404,fu2404,2769.0,0.0,0.0,0.0,1,2786.0,2793.0,1,2769.0,2791.0,0.0,0.0,0.0,0.0,758
2023-05-10 21:02:53,fu2404,fu2404,2769.0,0.0,0.0,0.0,1,2787.0,2793.0,1,2769.0,2791.0,0.0,0.0,0.0,0.0,758
2023-05-10 21:02:53,fu2404,fu2404,2769.0,0.0,0.0,0.0,1,2787.0,2793.0,1,2769.0,2791.0,0.0,0.0,0.0,0.0,758
2023-05-10 21:02:54,fu2404,fu2404,2769.0,0.0,0.0,0.0,1,2786.0,2793.0,1,2769.0,2791.0,0.0,0.0,0.0,0.0,758
2023-05-10 21:02:55,fu2404,fu2404,2769.0,0.0,0.0,0.0,2,2786.0,2802.0,1,2769.0,2791.0,0.0,0.0,0.0,0.0,758
2023-05-10 21:02:55,fu2404,fu2404,2769.0,0.0,0.0,0.0,2,2786.0,2796.0,1,2769.0,2791.0,0.0,0.0,0.0,0.0,758
2023-05-10 21:02:56,fu2404,fu2404,2769.0,0.0,0.0,0.0,1,2786.0,2796.0,1,2769.0,2791.0,0.0,0.0,0.0,0.0,758
2023-05-10 21:02:57,fu2404,fu2404,2769.0,0.0,0.0,0.0,2,2786.0,2796.0,1,2769.0,2791.0,0.0,0.0,0.0,0.0,758
2023-05-10 21:02:58,fu2404,fu2404,2769.0,0.0,0.0,0.0,2,2786.0,2796.0,1,2769.0,2791.0,0.0,0.0,0.0,0.0,758
2023-05-10 21:03:00,fu2404,fu2404,2769.0,0.0,0.0,0.0,2,2786.0,2795.0,2,2769.0,2791.0,0.0,0.0,0.0,0.0,758
2023-05-10 21:03:00,fu2404,fu2404,2769.0,0.0,0.0,0.0,2,2786.0,2794.0,1,2769.0,2791.0,0.0,0.0,0.0,0.0,758
2023-05-10 21:03:01,fu2404,fu2404,2769.0,0.0,0.0,0.0,1,2787.0,2794.0,1,2769.0,2791.0,0.0,0.0,0.0,0.0,758
2023-05-10 21:03:01,fu2404,fu2404,2769.0,0.0,0.0,0.0,1,2787.0,2794.0,1,2769.0,2791.0,0.0,0.0,0.0,0.0,758
2023-05-10 21:03:02,fu2404,fu2404,2769.0,0.0,0.0,0.0,1,2788.0,2791.0,1,2769.0,2791.0,0.0,0.0,0.0,0.0,758
2023-05-10 21:03:02,fu2404,fu2404,2791.0,1.0,27910.0,0.0,1,2777.0,2802.0,1,2769.0,2791.0,2791.0,2791.0,1.0,27910.0,758
2023-05-10 21:03:03,fu2404,fu2404,2791.0,0.0,0.0,0.0,5,2782.0,2796.0,1,2769.0,2791.0,2791.0,2791.0,1.0,27910.0,758
2023-05-10 21:03:03,fu2404,fu2404,2791.0,0.0,0.0,0.0,2,2783.0,2796.0,1,2769.0,2791.0,2791.0,2791.0,1.0,27910.0,758
2023-05-10 21:03:04,fu2404,fu2404,2791.0,0.0,0.0,0.0,2,2783.0,2796.0,1,2769.0,2791.0,2791.0,2791.0,1.0,27910.0,758
2023-05-10 21:03:04,fu2404,fu2404,2791.0,0.0,0.0,0.0,3,2783.0,2795.0,2,2769.0,2791.0,2791.0,2791.0,1.0,27910.0,758
2023-05-10 21:03:05,fu2404,fu2404,2791.0,0.0,0.0,0.0,5,2783.0,2794.0,1,2769.0,2791.0,2791.0,2791.0,1.0,27910.0,758
2023-05-10 21:03:05,fu2404,fu2404,2791.0,0.0,0.0,0.0,5,2783.0,2794.0,1,2769.0,2791.0,2791.0,2791.0,1.0,27910.0,758
2023-05-10 21:03:06,fu2404,fu2404,2791.0,0.0,0.0,0.0,5,2783.0,2792.0,2,2769.0,2791.0,2791.0,2791.0,1.0,27910.0,758
2023-05-10 21:03:06,fu2404,fu2404,2791.0,0.0,0.0,0.0,5,2783.0,2792.0,2,2769.0,2791.0,2791.0,2791.0,1.0,27910.0,758
2023-05-10 21:03:08,fu2404,fu2404,2791.0,0.0,0.0,0.0,7,2783.0,2792.0,2,2769.0,2791.0,2791.0,2791.0,1.0,27910.0,758
2023-05-10 21:03:08,fu2404,fu2404,2791.0,0.0,0.0,0.0,9,2783.0,2792.0,2,2769.0,2791.0,2791.0,2791.0,1.0,27910.0,758
2023-05-10 21:03:09,fu2404,fu2404,2791.0,0.0,0.0,0.0,10,2783.0,2802.0,1,2769.0,2791.0,2791.0,2791.0,1.0,27910.0,758
2023-05-10 21:03:09,fu2404,fu2404,2791.0,0.0,0.0,0.0,10,2783.0,2796.0,1,2769.0,2791.0,2791.0,2791.0,1.0,27910.0,758
2023-05-10 21:03:10,fu2404,fu2404,2791.0,0.0,0.0,0.0,10,2783.0,2796.0,1,2769.0,2791.0,2791.0,2791.0,1.0,27910.0,758
2023-05-10 21:03:10,fu2404,fu2404,2791.0,0.0,0.0,0.0,2,2784.0,2796.0,1,2769.0,2791.0,2791.0,2791.0,1.0,27910.0,758
2023-05-10 21:03:11,fu2404,fu2404,2791.0,0.0,0.0,0.0,2,2785.0,2795.0,2,2769.0,2791.0,2791.0,2791.0,1.0,27910.0,758
2023-05-10 21:03:11,fu2404,fu2404,2791.0,0.0,0.0,0.0,2,2785.0,2795.0,2,2769.0,2791.0,2791.0,2791.0,1.0,27910.0,758
2023-05-10 21:03:12,fu2404,fu2404,2791.0,0.0,0.0,0.0,5,2785.0,2795.0,2,2769.0,2791.0,2791.0,2791.0,1.0,27910.0,758
2023-05-10 21:03:14,fu2404,fu2404,2791.0,0.0,0.0,0.0,5,2785.0,2795.0,2,2769.0,2791.0,2791.0,2791.0,1.0,27910.0,758
2023-05-10 21:03:23,fu2404,fu2404,2791.0,0.0,0.0,0.0,5,2785.0,2795.0,2,2769.0,2791.0,2791.0,2791.0,1.0,27910.0,758
2023-05-10 21:03:23,fu2404,fu2404,2791.0,0.0,0.0,0.0,5,2785.0,2795.0,3,2769.0,2791.0,2791.0,2791.0,1.0,27910.0,758
2023-05-10 21:03:29,fu2404,fu2404,2791.0,0.0,0.0,0.0,3,2785.0,2795.0,3,2769.0,2791.0,2791.0,2791.0,1.0,27910.0,758
2023-05-10 21:03:31,fu2404,fu2404,2791.0,0.0,0.0,0.0,5,2785.0,2795.0,3,2769.0,2791.0,2791.0,2791.0,1.0,27910.0,758
2023-05-10 21:03:40,fu2404,fu2404,2791.0,0.0,0.0,0.0,2,2786.0,2795.0,3,2769.0,2791.0,2791.0,2791.0,1.0,27910.0,758
2023-05-10 21:03:41,fu2404,fu2404,2791.0,0.0,0.0,0.0,1,2787.0,2795.0,3,2769.0,2791.0,2791.0,2791.0,1.0,27910.0,758
2023-05-10 21:03:41,fu2404,fu2404,2791.0,0.0,0.0,0.0,3,2786.0,2795.0,3,2769.0,2791.0,2791.0,2791.0,1.0,27910.0,758
2023-05-10 21:03:42,fu2404,fu2404,2791.0,0.0,0.0,0.0,4,2786.0,2795.0,3,2769.0,2791.0,2791.0,2791.0,1.0,27910.0,758
2023-05-10 21:03:42,fu2404,fu2404,2791.0,0.0,0.0,0.0,5,2786.0,2795.0,3,2769.0,2791.0,2791.0,2791.0,1.0,27910.0,758
2023-05-10 21:03:44,fu2404,fu2404,2791.0,0.0,0.0,0.0,3,2786.0,2795.0,3,2769.0,2791.0,2791.0,2791.0,1.0,27910.0,758
2023-05-10 21:03:46,fu2404,fu2404,2791.0,0.0,0.0,0.0,1,2786.0,2795.0,3,2769.0,2791.0,2791.0,2791.0,1.0,27910.0,758
2023-05-10 21:03:49,fu2404,fu2404,2791.0,0.0,0.0,0.0,3,2786.0,2795.0,3,2769.0,2791.0,2791.0,2791.0,1.0,27910.0,758
2023-05-10 21:03:50,fu2404,fu2404,2791.0,0.0,0.0,0.0,1,2787.0,2795.0,3,2769.0,2791.0,2791.0,2791.0,1.0,27910.0,758
2023-05-10 21:03:51,fu2404,fu2404,2791.0,0.0,0.0,0.0,1,2788.0,2795.0,3,2769.0,2791.0,2791.0,2791.0,1.0,27910.0,758
2023-05-10 21:03:51,fu2404,fu2404,2791.0,0.0,0.0,0.0,1,2788.0,2795.0,3,2769.0,2791.0,2791.0,2791.0,1.0,27910.0,758
2023-05-10 21:03:52,fu2404,fu2404,2791.0,0.0,0.0,0.0,1,2787.0,2795.0,3,2769.0,2791.0,2791.0,2791.0,1.0,27910.0,758
2023-05-10 21:03:55,fu2404,fu2404,2791.0,0.0,0.0,0.0,1,2777.0,2795.0,3,2769.0,2791.0,2791.0,2791.0,1.0,27910.0,758
2023-05-10 21:03:55,fu2404,fu2404,2791.0,0.0,0.0,0.0,1,2786.0,2794.0,1,2769.0,2791.0,2791.0,2791.0,1.0,27910.0,758
2023-05-10 21:03:56,fu2404,fu2404,2791.0,0.0,0.0,0.0,1,2786.0,2792.0,1,2769.0,2791.0,2791.0,2791.0,1.0,27910.0,758
2023-05-10 21:03:56,fu2404,fu2404,2791.0,0.0,0.0,0.0,1,2781.0,2792.0,1,2769.0,2791.0,2791.0,2791.0,1.0,27910.0,758
2023-05-10 21:03:57,fu2404,fu2404,2791.0,0.0,0.0,0.0,1,2782.0,2792.0,1,2769.0,2791.0,2791.0,2791.0,1.0,27910.0,758
2023-05-10 21:03:57,fu2404,fu2404,2791.0,0.0,0.0,0.0,1,2783.0,2792.0,1,2769.0,2791.0,2791.0,2791.0,1.0,27910.0,758
2023-05-10 21:03:58,fu2404,fu2404,2791.0,0.0,0.0,0.0,1,2784.0,2792.0,1,2769.0,2791.0,2791.0,2791.0,1.0,27910.0,758
2023-05-10 21:03:58,fu2404,fu2404,2791.0,0.0,0.0,0.0,1,2785.0,2792.0,1,2769.0,2791.0,2791.0,2791.0,1.0,27910.0,758
2023-05-10 21:03:59,fu2404,fu2404,2791.0,0.0,0.0,0.0,2,2785.0,2792.0,1,2769.0,2791.0,2791.0,2791.0,1.0,27910.0,758
2023-05-10 21:04:01,fu2404,fu2404,2791.0,0.0,0.0,0.0,1,2785.0,2792.0,1,2769.0,2791.0,2791.0,2791.0,1.0,27910.0,758
2023-05-10 21:04:02,fu2404,fu2404,2791.0,0.0,0.0,0.0,1,2785.0,2791.0,2,2769.0,2791.0,2791.0,2791.0,1.0,27910.0,758
2023-05-10 21:04:02,fu2404,fu2404,2791.0,0.0,0.0,0.0,1,2785.0,2791.0,2,2769.0,2791.0,2791.0,2791.0,1.0,27910.0,758
2023-05-10 21:04:03,fu2404,fu2404,2791.0,0.0,0.0,0.0,2,2785.0,2791.0,2,2769.0,2791.0,2791.0,2791.0,1.0,27910.0,758
2023-05-10 21:04:03,fu2404,fu2404,2791.0,0.0,0.0,0.0,1,2786.0,2791.0,2,2769.0,2791.0,2791.0,2791.0,1.0,27910.0,758
2023-05-10 21:04:04,fu2404,fu2404,2791.0,0.0,0.0,0.0,1,2786.0,2791.0,2,2769.0,2791.0,2791.0,2791.0,1.0,27910.0,758
2023-05-10 21:04:04,fu2404,fu2404,2791.0,0.0,0.0,0.0,1,2778.0,2791.0,2,2769.0,2791.0,2791.0,2791.0,1.0,27910.0,758
2023-05-10 21:04:05,fu2404,fu2404,2791.0,0.0,0.0,0.0,5,2780.0,2791.0,2,2769.0,2791.0,2791.0,2791.0,1.0,27910.0,758
2023-05-10 21:04:05,fu2404,fu2404,2791.0,0.0,0.0,0.0,2,2781.0,2791.0,2,2769.0,2791.0,2791.0,2791.0,1.0,27910.0,758
2023-05-10 21:04:07,fu2404,fu2404,2791.0,0.0,0.0,0.0,4,2781.0,2791.0,2,2769.0,2791.0,2791.0,2791.0,1.0,27910.0,758
2023-05-10 21:04:07,fu2404,fu2404,2791.0,0.0,0.0,0.0,9,2781.0,2791.0,2,2769.0,2791.0,2791.0,2791.0,1.0,27910.0,758
2023-05-10 21:04:08,fu2404,fu2404,2791.0,0.0,0.0,0.0,2,2782.0,2791.0,2,2769.0,2791.0,2791.0,2791.0,1.0,27910.0,758
2023-05-10 21:04:08,fu2404,fu2404,2791.0,0.0,0.0,0.0,2,2783.0,2802.0,1,2769.0,2791.0,2791.0,2791.0,1.0,27910.0,758
2023-05-10 21:04:09,fu2404,fu2404,2791.0,0.0,0.0,0.0,2,2783.0,2795.0,1,2769.0,2791.0,2791.0,2791.0,1.0,27910.0,758
2023-05-10 21:04:09,fu2404,fu2404,2791.0,0.0,0.0,0.0,4,2783.0,2793.0,1,2769.0,2791.0,2791.0,2791.0,1.0,27910.0,758
2023-05-10 21:04:10,fu2404,fu2404,2791.0,0.0,0.0,0.0,4,2783.0,2791.0,1,2769.0,2791.0,2791.0,2791.0,1.0,27910.0,758
2023-05-10 21:04:10,fu2404,fu2404,2791.0,0.0,0.0,0.0,4,2783.0,2791.0,1,2769.0,2791.0,2791.0,2791.0,1.0,27910.0,758
2023-05-10 21:04:11,fu2404,fu2404,2791.0,0.0,0.0,0.0,4,2783.0,2791.0,1,2769.0,2791.0,2791.0,2791.0,1.0,27910.0,758
2023-05-10 21:04:11,fu2404,fu2404,2791.0,0.0,0.0,0.0,4,2783.0,2790.0,2,2769.0,2791.0,2791.0,2791.0,1.0,27910.0,758
2023-05-10 21:04:12,fu2404,fu2404,2791.0,0.0,0.0,0.0,6,2783.0,2790.0,2,2769.0,2791.0,2791.0,2791.0,1.0,27910.0,758
2023-05-10 21:04:12,fu2404,fu2404,2791.0,0.0,0.0,0.0,7,2783.0,2790.0,2,2769.0,2791.0,2791.0,2791.0,1.0,27910.0,758
2023-05-10 21:04:13,fu2404,fu2404,2791.0,0.0,0.0,0.0,5,2783.0,2790.0,2,2769.0,2791.0,2791.0,2791.0,1.0,27910.0,758
2023-05-10 21:04:13,fu2404,fu2404,2791.0,0.0,0.0,0.0,5,2783.0,2802.0,1,2769.0,2791.0,2791.0,2791.0,1.0,27910.0,758
2023-05-10 21:04:14,fu2404,fu2404,2791.0,0.0,0.0,0.0,4,2783.0,2797.0,1,2769.0,2791.0,2791.0,2791.0,1.0,27910.0,758
2023-05-10 21:04:14,fu2404,fu2404,2791.0,0.0,0.0,0.0,4,2783.0,2796.0,2,2769.0,2791.0,2791.0,2791.0,1.0,27910.0,758
2023-05-10 21:04:15,fu2404,fu2404,2791.0,0.0,0.0,0.0,4,2783.0,2796.0,2,2769.0,2791.0,2791.0,2791.0,1.0,27910.0,758
2023-05-10 21:04:15,fu2404,fu2404,2791.0,0.0,0.0,0.0,7,2783.0,2796.0,2,2769.0,2791.0,2791.0,2791.0,1.0,27910.0,758
2023-05-10 21:04:16,fu2404,fu2404,2791.0,0.0,0.0,0.0,4,2783.0,2796.0,2,2769.0,2791.0,2791.0,2791.0,1.0,27910.0,758
2023-05-10 21:04:16,fu2404,fu2404,2791.0,0.0,0.0,0.0,7,2783.0,2796.0,2,2769.0,2791.0,2791.0,2791.0,1.0,27910.0,758
2023-05-10 21:04:17,fu2404,fu2404,2791.0,0.0,0.0,0.0,6,2783.0,2796.0,2,2769.0,2791.0,2791.0,2791.0,1.0,27910.0,758
2023-05-10 21:04:18,fu2404,fu2404,2791.0,0.0,0.0,0.0,4,2783.0,2796.0,2,2769.0,2791.0,2791.0,2791.0,1.0,27910.0,758
2023-05-10 21:04:18,fu2404,fu2404,2791.0,0.0,0.0,0.0,4,2783.0,2796.0,3,2769.0,2791.0,2791.0,2791.0,1.0,27910.0,758
2023-05-10 21:04:21,fu2404,fu2404,2791.0,0.0,0.0,0.0,2,2784.0,2796.0,3,2769.0,2791.0,2791.0,2791.0,1.0,27910.0,758
2023-05-10 21:04:22,fu2404,fu2404,2791.0,0.0,0.0,0.0,2,2785.0,2796.0,3,2769.0,2791.0,2791.0,2791.0,1.0,27910.0,758
2023-05-10 21:04:23,fu2404,fu2404,2791.0,0.0,0.0,0.0,4,2785.0,2796.0,3,2769.0,2791.0,2791.0,2791.0,1.0,27910.0,758
2023-05-10 21:04:32,fu2404,fu2404,2785.0,1.0,27850.0,0.0,3,2785.0,2796.0,3,2769.0,2791.0,2791.0,2785.0,2.0,55760.0,758
2023-05-10 21:04:32,fu2404,fu2404,2785.0,1.0,27850.0,0.0,2,2785.0,2795.0,1,2769.0,2791.0,2791.0,2785.0,3.0,83610.0,758
2023-05-10 21:04:33,fu2404,fu2404,2785.0,0.0,0.0,0.0,1,2786.0,2796.0,3,2769.0,2791.0,2791.0,2785.0,3.0,83610.0,758
2023-05-10 21:04:33,fu2404,fu2404,2785.0,0.0,0.0,0.0,1,2785.0,2796.0,1,2769.0,2791.0,2791.0,2785.0,3.0,83610.0,758
2023-05-10 21:04:34,fu2404,fu2404,2785.0,0.0,0.0,0.0,2,2785.0,2795.0,2,2769.0,2791.0,2791.0,2785.0,3.0,83610.0,758
2023-05-10 21:04:34,fu2404,fu2404,2785.0,0.0,0.0,0.0,2,2785.0,2794.0,1,2769.0,2791.0,2791.0,2785.0,3.0,83610.0,758
2023-05-10 21:04:35,fu2404,fu2404,2785.0,0.0,0.0,0.0,4,2785.0,2794.0,1,2769.0,2791.0,2791.0,2785.0,3.0,83610.0,758
2023-05-10 21:04:38,fu2404,fu2404,2785.0,0.0,0.0,0.0,5,2785.0,2794.0,1,2769.0,2791.0,2791.0,2785.0,3.0,83610.0,758
2023-05-10 21:04:39,fu2404,fu2404,2785.0,0.0,0.0,0.0,5,2785.0,2794.0,2,2769.0,2791.0,2791.0,2785.0,3.0,83610.0,758
2023-05-10 21:04:40,fu2404,fu2404,2785.0,0.0,0.0,0.0,4,2785.0,2793.0,1,2769.0,2791.0,2791.0,2785.0,3.0,83610.0,758
2023-05-10 21:04:41,fu2404,fu2404,2785.0,0.0,0.0,0.0,4,2785.0,2792.0,1,2769.0,2791.0,2791.0,2785.0,3.0,83610.0,758
2023-05-10 21:04:41,fu2404,fu2404,2785.0,0.0,0.0,0.0,2,2785.0,2795.0,2,2769.0,2791.0,2791.0,2785.0,3.0,83610.0,758
2023-05-10 21:04:42,fu2404,fu2404,2785.0,0.0,0.0,0.0,2,2785.0,2794.0,1,2769.0,2791.0,2791.0,2785.0,3.0,83610.0,758
2023-05-10 21:04:42,fu2404,fu2404,2785.0,0.0,0.0,0.0,4,2785.0,2793.0,1,2769.0,2791.0,2791.0,2785.0,3.0,83610.0,758
2023-05-10 21:04:43,fu2404,fu2404,2785.0,0.0,0.0,0.0,4,2785.0,2793.0,1,2769.0,2791.0,2791.0,2785.0,3.0,83610.0,758
2023-05-10 21:04:43,fu2404,fu2404,2785.0,0.0,0.0,0.0,4,2785.0,2792.0,1,2769.0,2791.0,2791.0,2785.0,3.0,83610.0,758
2023-05-10 21:04:44,fu2404,fu2404,2785.0,0.0,0.0,0.0,4,2785.0,2792.0,1,2769.0,2791.0,2791.0,2785.0,3.0,83610.0,758
2023-05-10 21:04:45,fu2404,fu2404,2785.0,0.0,0.0,0.0,4,2785.0,2794.0,1,2769.0,2791.0,2791.0,2785.0,3.0,83610.0,758
2023-05-10 21:04:45,fu2404,fu2404,2785.0,0.0,0.0,0.0,4,2785.0,2793.0,1,2769.0,2791.0,2791.0,2785.0,3.0,83610.0,758
2023-05-10 21:04:46,fu2404,fu2404,2785.0,0.0,0.0,0.0,4,2785.0,2792.0,1,2769.0,2791.0,2791.0,2785.0,3.0,83610.0,758
2023-05-10 21:04:46,fu2404,fu2404,2785.0,0.0,0.0,0.0,4,2785.0,2793.0,3,2769.0,2791.0,2791.0,2785.0,3.0,83610.0,758
2023-05-10 21:04:47,fu2404,fu2404,2785.0,0.0,0.0,0.0,4,2785.0,2793.0,4,2769.0,2791.0,2791.0,2785.0,3.0,83610.0,758
2023-05-10 21:04:50,fu2404,fu2404,2785.0,0.0,0.0,0.0,4,2785.0,2793.0,3,2769.0,2791.0,2791.0,2785.0,3.0,83610.0,758
2023-05-10 21:04:51,fu2404,fu2404,2785.0,0.0,0.0,0.0,5,2785.0,2793.0,3,2769.0,2791.0,2791.0,2785.0,3.0,83610.0,758
2023-05-10 21:04:52,fu2404,fu2404,2785.0,0.0,0.0,0.0,4,2785.0,2793.0,1,2769.0,2791.0,2791.0,2785.0,3.0,83610.0,758
2023-05-10 21:04:52,fu2404,fu2404,2785.0,0.0,0.0,0.0,5,2785.0,2794.0,1,2769.0,2791.0,2791.0,2785.0,3.0,83610.0,758
2023-05-10 21:04:53,fu2404,fu2404,2785.0,0.0,0.0,0.0,5,2785.0,2794.0,2,2769.0,2791.0,2791.0,2785.0,3.0,83610.0,758
2023-05-10 21:04:57,fu2404,fu2404,2785.0,0.0,0.0,0.0,4,2785.0,2794.0,2,2769.0,2791.0,2791.0,2785.0,3.0,83610.0,758
2023-05-10 21:04:58,fu2404,fu2404,2785.0,0.0,0.0,0.0,4,2785.0,2793.0,2,2769.0,2791.0,2791.0,2785.0,3.0,83610.0,758
2023-05-10 21:04:59,fu2404,fu2404,2785.0,0.0,0.0,0.0,4,2785.0,2792.0,1,2769.0,2791.0,2791.0,2785.0,3.0,83610.0,758
2023-05-10 21:04:59,fu2404,fu2404,2785.0,0.0,0.0,0.0,4,2785.0,2794.0,1,2769.0,2791.0,2791.0,2785.0,3.0,83610.0,758
2023-05-10 21:05:00,fu2404,fu2404,2785.0,0.0,0.0,0.0,5,2785.0,2794.0,2,2769.0,2791.0,2791.0,2785.0,3.0,83610.0,758
2023-05-10 21:05:02,fu2404,fu2404,2785.0,0.0,0.0,0.0,2,2786.0,2794.0,2,2769.0,2791.0,2791.0,2785.0,3.0,83610.0,758
2023-05-10 21:05:03,fu2404,fu2404,2785.0,0.0,0.0,0.0,1,2787.0,2794.0,2,2769.0,2791.0,2791.0,2785.0,3.0,83610.0,758
2023-05-10 21:05:03,fu2404,fu2404,2785.0,1.0,27850.0,1.0,2,2786.0,2794.0,2,2769.0,2791.0,2791.0,2785.0,4.0,111460.0,759
2023-05-10 21:05:04,fu2404,fu2404,2785.0,1.0,27850.0,1.0,4,2786.0,2794.0,2,2769.0,2791.0,2791.0,2785.0,5.0,139310.0,760
2023-05-10 21:05:04,fu2404,fu2404,2785.0,0.0,0.0,0.0,5,2786.0,2794.0,1,2769.0,2791.0,2791.0,2785.0,5.0,139310.0,760
2023-05-10 21:05:05,fu2404,fu2404,2785.0,0.0,0.0,0.0,5,2786.0,2795.0,1,2769.0,2791.0,2791.0,2785.0,5.0,139310.0,760
2023-05-10 21:05:05,fu2404,fu2404,2785.0,0.0,0.0,0.0,5,2786.0,2795.0,2,2769.0,2791.0,2791.0,2785.0,5.0,139310.0,760
2023-05-10 21:05:07,fu2404,fu2404,2785.0,0.0,0.0,0.0,5,2786.0,2795.0,1,2769.0,2791.0,2791.0,2785.0,5.0,139310.0,760
2023-05-10 21:05:08,fu2404,fu2404,2785.0,0.0,0.0,0.0,1,2787.0,2796.0,1,2769.0,2791.0,2791.0,2785.0,5.0,139310.0,760
2023-05-10 21:05:08,fu2404,fu2404,2785.0,2.0,55700.0,2.0,1,2777.0,2796.0,3,2769.0,2791.0,2791.0,2785.0,7.0,195010.0,762
2023-05-10 21:05:09,fu2404,fu2404,2785.0,0.0,0.0,0.0,5,2784.0,2795.0,2,2769.0,2791.0,2791.0,2785.0,7.0,195010.0,762
2023-05-10 21:05:09,fu2404,fu2404,2785.0,0.0,0.0,0.0,6,2784.0,2802.0,1,2769.0,2791.0,2791.0,2785.0,7.0,195010.0,762
2023-05-10 21:05:10,fu2404,fu2404,2785.0,0.0,0.0,0.0,6,2784.0,2794.0,1,2769.0,2791.0,2791.0,2785.0,7.0,195010.0,762
2023-05-10 21:05:10,fu2404,fu2404,2785.0,0.0,0.0,0.0,4,2785.0,2801.0,2,2769.0,2791.0,2791.0,2785.0,7.0,195010.0,762
2023-05-10 21:05:11,fu2404,fu2404,2785.0,0.0,0.0,0.0,1,2786.0,2798.0,1,2769.0,2791.0,2791.0,2785.0,7.0,195010.0,762
2023-05-10 21:05:11,fu2404,fu2404,2785.0,0.0,0.0,0.0,1,2777.0,2797.0,1,2769.0,2791.0,2791.0,2785.0,7.0,195010.0,762
2023-05-10 21:05:12,fu2404,fu2404,2785.0,0.0,0.0,0.0,3,2786.0,2802.0,3,2769.0,2791.0,2791.0,2785.0,7.0,195010.0,762
2023-05-10 21:05:12,fu2404,fu2404,2785.0,0.0,0.0,0.0,3,2786.0,2798.0,1,2769.0,2791.0,2791.0,2785.0,7.0,195010.0,762
2023-05-10 21:05:13,fu2404,fu2404,2785.0,0.0,0.0,0.0,2,2786.0,2797.0,2,2769.0,2791.0,2791.0,2785.0,7.0,195010.0,762
2023-05-10 21:05:13,fu2404,fu2404,2785.0,0.0,0.0,0.0,3,2786.0,2797.0,2,2769.0,2791.0,2791.0,2785.0,7.0,195010.0,762
2023-05-10 21:05:14,fu2404,fu2404,2785.0,0.0,0.0,0.0,3,2786.0,2797.0,2,2769.0,2791.0,2791.0,2785.0,7.0,195010.0,762
2023-05-10 21:05:15,fu2404,fu2404,2785.0,0.0,0.0,0.0,3,2786.0,2797.0,2,2769.0,2791.0,2791.0,2785.0,7.0,195010.0,762
2023-05-10 21:05:15,fu2404,fu2404,2785.0,0.0,0.0,0.0,3,2786.0,2796.0,2,2769.0,2791.0,2791.0,2785.0,7.0,195010.0,762
2023-05-10 21:05:16,fu2404,fu2404,2785.0,0.0,0.0,0.0,3,2786.0,2795.0,1,2769.0,2791.0,2791.0,2785.0,7.0,195010.0,762
2023-05-10 21:05:16,fu2404,fu2404,2785.0,0.0,0.0,0.0,3,2786.0,2795.0,1,2769.0,2791.0,2791.0,2785.0,7.0,195010.0,762
2023-05-10 21:05:17,fu2404,fu2404,2785.0,0.0,0.0,0.0,3,2786.0,2796.0,1,2769.0,2791.0,2791.0,2785.0,7.0,195010.0,762
2023-05-10 21:05:20,fu2404,fu2404,2785.0,0.0,0.0,0.0,3,2786.0,2795.0,2,2769.0,2791.0,2791.0,2785.0,7.0,195010.0,762
2023-05-10 21:05:21,fu2404,fu2404,2785.0,0.0,0.0,0.0,3,2786.0,2794.0,1,2769.0,2791.0,2791.0,2785.0,7.0,195010.0,762
2023-05-10 21:05:21,fu2404,fu2404,2785.0,0.0,0.0,0.0,3,2786.0,2795.0,1,2769.0,2791.0,2791.0,2785.0,7.0,195010.0,762
2023-05-10 21:05:26,fu2404,fu2404,2785.0,0.0,0.0,0.0,3,2786.0,2795.0,2,2769.0,2791.0,2791.0,2785.0,7.0,195010.0,762
2023-05-10 21:05:29,fu2404,fu2404,2785.0,0.0,0.0,0.0,3,2786.0,2794.0,1,2769.0,2791.0,2791.0,2785.0,7.0,195010.0,762
2023-05-10 21:05:29,fu2404,fu2404,2785.0,0.0,0.0,0.0,3,2786.0,2793.0,1,2769.0,2791.0,2791.0,2785.0,7.0,195010.0,762
2023-05-10 21:05:30,fu2404,fu2404,2785.0,0.0,0.0,0.0,3,2786.0,2793.0,1,2769.0,2791.0,2791.0,2785.0,7.0,195010.0,762
2023-05-10 21:05:30,fu2404,fu2404,2785.0,0.0,0.0,0.0,3,2786.0,2802.0,3,2769.0,2791.0,2791.0,2785.0,7.0,195010.0,762
2023-05-10 21:05:31,fu2404,fu2404,2785.0,0.0,0.0,0.0,1,2786.0,2795.0,1,2769.0,2791.0,2791.0,2785.0,7.0,195010.0,762
2023-05-10 21:05:31,fu2404,fu2404,2785.0,0.0,0.0,0.0,1,2786.0,2794.0,1,2769.0,2791.0,2791.0,2785.0,7.0,195010.0,762
2023-05-10 21:05:32,fu2404,fu2404,2785.0,0.0,0.0,0.0,1,2786.0,2794.0,1,2769.0,2791.0,2791.0,2785.0,7.0,195010.0,762
2023-05-10 21:05:32,fu2404,fu2404,2785.0,0.0,0.0,0.0,1,2786.0,2793.0,1,2769.0,2791.0,2791.0,2785.0,7.0,195010.0,762
2023-05-10 21:05:33,fu2404,fu2404,2785.0,0.0,0.0,0.0,3,2786.0,2793.0,1,2769.0,2791.0,2791.0,2785.0,7.0,195010.0,762
2023-05-10 21:05:33,fu2404,fu2404,2785.0,0.0,0.0,0.0,3,2786.0,2795.0,1,2769.0,2791.0,2791.0,2785.0,7.0,195010.0,762
2023-05-10 21:05:34,fu2404,fu2404,2785.0,0.0,0.0,0.0,3,2786.0,2795.0,2,2769.0,2791.0,2791.0,2785.0,7.0,195010.0,762
2023-05-10 21:05:34,fu2404,fu2404,2785.0,0.0,0.0,0.0,3,2786.0,2795.0,1,2769.0,2791.0,2791.0,2785.0,7.0,195010.0,762
2023-05-10 21:05:35,fu2404,fu2404,2785.0,0.0,0.0,0.0,3,2786.0,2796.0,1,2769.0,2791.0,2791.0,2785.0,7.0,195010.0,762
2023-05-10 21:05:35,fu2404,fu2404,2785.0,0.0,0.0,0.0,3,2786.0,2796.0,2,2769.0,2791.0,2791.0,2785.0,7.0,195010.0,762
2023-05-10 21:05:38,fu2404,fu2404,2785.0,0.0,0.0,0.0,3,2786.0,2795.0,1,2769.0,2791.0,2791.0,2785.0,7.0,195010.0,762
2023-05-10 21:05:39,fu2404,fu2404,2785.0,0.0,0.0,0.0,3,2786.0,2795.0,1,2769.0,2791.0,2791.0,2785.0,7.0,195010.0,762
2023-05-10 21:05:39,fu2404,fu2404,2785.0,0.0,0.0,0.0,3,2786.0,2794.0,1,2769.0,2791.0,2791.0,2785.0,7.0,195010.0,762
2023-05-10 21:05:40,fu2404,fu2404,2785.0,0.0,0.0,0.0,3,2786.0,2794.0,1,2769.0,2791.0,2791.0,2785.0,7.0,195010.0,762
2023-05-10 21:05:40,fu2404,fu2404,2785.0,0.0,0.0,0.0,3,2786.0,2796.0,1,2769.0,2791.0,2791.0,2785.0,7.0,195010.0,762
2023-05-10 21:05:41,fu2404,fu2404,2785.0,0.0,0.0,0.0,3,2786.0,2795.0,1,2769.0,2791.0,2791.0,2785.0,7.0,195010.0,762
2023-05-10 21:05:41,fu2404,fu2404,2785.0,0.0,0.0,0.0,3,2786.0,2794.0,1,2769.0,2791.0,2791.0,2785.0,7.0,195010.0,762
2023-05-10 21:05:42,fu2404,fu2404,2785.0,0.0,0.0,0.0,3,2786.0,2794.0,1,2769.0,2791.0,2791.0,2785.0,7.0,195010.0,762
2023-05-10 21:05:42,fu2404,fu2404,2785.0,0.0,0.0,0.0,3,2786.0,2796.0,1,2769.0,2791.0,2791.0,2785.0,7.0,195010.0,762
2023-05-10 21:05:43,fu2404,fu2404,2785.0,0.0,0.0,0.0,3,2786.0,2795.0,1,2769.0,2791.0,2791.0,2785.0,7.0,195010.0,762
2023-05-10 21:05:43,fu2404,fu2404,2785.0,0.0,0.0,0.0,3,2786.0,2794.0,1,2769.0,2791.0,2791.0,2785.0,7.0,195010.0,762
2023-05-10 21:05:44,fu2404,fu2404,2785.0,0.0,0.0,0.0,3,2786.0,2795.0,1,2769.0,2791.0,2791.0,2785.0,7.0,195010.0,762
2023-05-10 21:05:46,fu2404,fu2404,2785.0,0.0,0.0,0.0,3,2786.0,2794.0,2,2769.0,2791.0,2791.0,2785.0,7.0,195010.0,762
2023-05-10 21:05:56,fu2404,fu2404,2785.0,0.0,0.0,0.0,8,2786.0,2794.0,2,2769.0,2791.0,2791.0,2785.0,7.0,195010.0,762
2023-05-10 21:05:57,fu2404,fu2404,2785.0,0.0,0.0,0.0,8,2786.0,2802.0,1,2769.0,2791.0,2791.0,2785.0,7.0,195010.0,762
2023-05-10 21:05:57,fu2404,fu2404,2785.0,0.0,0.0,0.0,8,2786.0,2800.0,1,2769.0,2791.0,2791.0,2785.0,7.0,195010.0,762
2023-05-10 21:05:58,fu2404,fu2404,2785.0,0.0,0.0,0.0,3,2786.0,2799.0,1,2769.0,2791.0,2791.0,2785.0,7.0,195010.0,762
2023-05-10 21:05:58,fu2404,fu2404,2785.0,0.0,0.0,0.0,8,2786.0,2799.0,2,2769.0,2791.0,2791.0,2785.0,7.0,195010.0,762
2023-05-10 21:05:59,fu2404,fu2404,2785.0,0.0,0.0,0.0,8,2786.0,2798.0,2,2769.0,2791.0,2791.0,2785.0,7.0,195010.0,762
2023-05-10 21:05:59,fu2404,fu2404,2785.0,0.0,0.0,0.0,7,2786.0,2798.0,1,2769.0,2791.0,2791.0,2785.0,7.0,195010.0,762
2023-05-10 21:06:02,fu2404,fu2404,2785.0,0.0,0.0,0.0,6,2786.0,2798.0,1,2769.0,2791.0,2791.0,2785.0,7.0,195010.0,762
2023-05-10 21:06:03,fu2404,fu2404,2785.0,0.0,0.0,0.0,6,2786.0,2802.0,1,2769.0,2791.0,2791.0,2785.0,7.0,195010.0,762
2023-05-10 21:06:03,fu2404,fu2404,2785.0,0.0,0.0,0.0,4,2787.0,2801.0,1,2769.0,2791.0,2791.0,2785.0,7.0,195010.0,762
2023-05-10 21:06:04,fu2404,fu2404,2785.0,0.0,0.0,0.0,2,2778.0,2801.0,1,2769.0,2791.0,2791.0,2785.0,7.0,195010.0,762
2023-05-10 21:06:04,fu2404,fu2404,2785.0,0.0,0.0,0.0,5,2787.0,2801.0,1,2769.0,2791.0,2791.0,2785.0,7.0,195010.0,762
2023-05-10 21:06:05,fu2404,fu2404,2785.0,0.0,0.0,0.0,5,2788.0,2801.0,1,2769.0,2791.0,2791.0,2785.0,7.0,195010.0,762
2023-05-10 21:06:05,fu2404,fu2404,2785.0,0.0,0.0,0.0,1,2789.0,2801.0,1,2769.0,2791.0,2791.0,2785.0,7.0,195010.0,762
2023-05-10 21:06:06,fu2404,fu2404,2785.0,0.0,0.0,0.0,5,2789.0,2801.0,1,2769.0,2791.0,2791.0,2785.0,7.0,195010.0,762
2023-05-10 21:06:06,fu2404,fu2404,2785.0,0.0,0.0,0.0,6,2789.0,2801.0,1,2769.0,2791.0,2791.0,2785.0,7.0,195010.0,762
2023-05-10 21:06:07,fu2404,fu2404,2785.0,0.0,0.0,0.0,2,2790.0,2807.0,1,2769.0,2791.0,2791.0,2785.0,7.0,195010.0,762
2023-05-10 21:06:07,fu2404,fu2404,2785.0,0.0,0.0,0.0,1,2790.0,2805.0,1,2769.0,2791.0,2791.0,2785.0,7.0,195010.0,762
2023-05-10 21:06:08,fu2404,fu2404,2785.0,0.0,0.0,0.0,1,2779.0,2804.0,1,2769.0,2791.0,2791.0,2785.0,7.0,195010.0,762
2023-05-10 21:06:08,fu2404,fu2404,2785.0,0.0,0.0,0.0,4,2789.0,2804.0,1,2769.0,2791.0,2791.0,2785.0,7.0,195010.0,762
2023-05-10 21:06:09,fu2404,fu2404,2785.0,0.0,0.0,0.0,2,2789.0,2803.0,2,2769.0,2791.0,2791.0,2785.0,7.0,195010.0,762
2023-05-10 21:06:09,fu2404,fu2404,2785.0,0.0,0.0,0.0,2,2785.0,2802.0,1,2769.0,2791.0,2791.0,2785.0,7.0,195010.0,762
2023-05-10 21:06:10,fu2404,fu2404,2785.0,0.0,0.0,0.0,3,2789.0,2802.0,1,2769.0,2791.0,2791.0,2785.0,7.0,195010.0,762
2023-05-10 21:06:10,fu2404,fu2404,2785.0,0.0,0.0,0.0,5,2789.0,2802.0,1,2769.0,2791.0,2791.0,2785.0,7.0,195010.0,762
2023-05-10 21:06:11,fu2404,fu2404,2785.0,0.0,0.0,0.0,3,2789.0,2802.0,1,2769.0,2791.0,2791.0,2785.0,7.0,195010.0,762
2023-05-10 21:06:12,fu2404,fu2404,2785.0,0.0,0.0,0.0,3,2789.0,2802.0,1,2769.0,2791.0,2791.0,2785.0,7.0,195010.0,762
2023-05-10 21:06:13,fu2404,fu2404,2785.0,0.0,0.0,0.0,3,2789.0,2802.0,1,2769.0,2791.0,2791.0,2785.0,7.0,195010.0,762
2023-05-10 21:06:16,fu2404,fu2404,2785.0,0.0,0.0,0.0,3,2789.0,2802.0,1,2769.0,2791.0,2791.0,2785.0,7.0,195010.0,762
2023-05-10 21:06:18,fu2404,fu2404,2785.0,0.0,0.0,0.0,5,2789.0,2802.0,1,2769.0,2791.0,2791.0,2785.0,7.0,195010.0,762
2023-05-10 21:06:19,fu2404,fu2404,2785.0,0.0,0.0,0.0,8,2789.0,2802.0,1,2769.0,2791.0,2791.0,2785.0,7.0,195010.0,762
2023-05-10 21:06:20,fu2404,fu2404,2785.0,0.0,0.0,0.0,3,2789.0,2802.0,1,2769.0,2791.0,2791.0,2785.0,7.0,195010.0,762
2023-05-10 21:06:21,fu2404,fu2404,2785.0,0.0,0.0,0.0,3,2789.0,2801.0,2,2769.0,2791.0,2791.0,2785.0,7.0,195010.0,762
2023-05-10 21:06:21,fu2404,fu2404,2785.0,0.0,0.0,0.0,3,2789.0,2801.0,1,2769.0,2791.0,2791.0,2785.0,7.0,195010.0,762
2023-05-10 21:06:24,fu2404,fu2404,2785.0,0.0,0.0,0.0,7,2789.0,2801.0,1,2769.0,2791.0,2791.0,2785.0,7.0,195010.0,762
2023-05-10 21:06:24,fu2404,fu2404,2785.0,0.0,0.0,0.0,5,2789.0,2801.0,1,2769.0,2791.0,2791.0,2785.0,7.0,195010.0,762
2023-05-10 21:06:25,fu2404,fu2404,2785.0,0.0,0.0,0.0,5,2789.0,2800.0,1,2769.0,2791.0,2791.0,2785.0,7.0,195010.0,762
2023-05-10 21:06:26,fu2404,fu2404,2785.0,0.0,0.0,0.0,5,2789.0,2800.0,1,2769.0,2791.0,2791.0,2785.0,7.0,195010.0,762
2023-05-10 21:06:26,fu2404,fu2404,2785.0,0.0,0.0,0.0,5,2789.0,2802.0,1,2769.0,2791.0,2791.0,2785.0,7.0,195010.0,762
2023-05-10 21:06:27,fu2404,fu2404,2785.0,0.0,0.0,0.0,3,2789.0,2799.0,2,2769.0,2791.0,2791.0,2785.0,7.0,195010.0,762
2023-05-10 21:06:27,fu2404,fu2404,2785.0,0.0,0.0,0.0,3,2789.0,2799.0,2,2769.0,2791.0,2791.0,2785.0,7.0,195010.0,762
2023-05-10 21:06:28,fu2404,fu2404,2785.0,0.0,0.0,0.0,3,2789.0,2798.0,1,2769.0,2791.0,2791.0,2785.0,7.0,195010.0,762
2023-05-10 21:06:31,fu2404,fu2404,2785.0,0.0,0.0,0.0,5,2789.0,2798.0,1,2769.0,2791.0,2791.0,2785.0,7.0,195010.0,762
2023-05-10 21:06:31,fu2404,fu2404,2785.0,0.0,0.0,0.0,3,2789.0,2798.0,1,2769.0,2791.0,2791.0,2785.0,7.0,195010.0,762
2023-05-10 21:06:33,fu2404,fu2404,2785.0,0.0,0.0,0.0,5,2789.0,2798.0,1,2769.0,2791.0,2791.0,2785.0,7.0,195010.0,762
2023-05-10 21:06:33,fu2404,fu2404,2785.0,0.0,0.0,0.0,8,2789.0,2798.0,1,2769.0,2791.0,2791.0,2785.0,7.0,195010.0,762
2023-05-10 21:06:34,fu2404,fu2404,2785.0,0.0,0.0,0.0,8,2789.0,2800.0,1,2769.0,2791.0,2791.0,2785.0,7.0,195010.0,762
2023-05-10 21:06:34,fu2404,fu2404,2785.0,0.0,0.0,0.0,7,2789.0,2800.0,1,2769.0,2791.0,2791.0,2785.0,7.0,195010.0,762
2023-05-10 21:06:35,fu2404,fu2404,2785.0,0.0,0.0,0.0,8,2789.0,2800.0,1,2769.0,2791.0,2791.0,2785.0,7.0,195010.0,762
2023-05-10 21:06:36,fu2404,fu2404,2785.0,0.0,0.0,0.0,7,2789.0,2800.0,1,2769.0,2791.0,2791.0,2785.0,7.0,195010.0,762
2023-05-10 21:06:36,fu2404,fu2404,2785.0,0.0,0.0,0.0,3,2789.0,2800.0,1,2769.0,2791.0,2791.0,2785.0,7.0,195010.0,762
2023-05-10 21:06:37,fu2404,fu2404,2785.0,0.0,0.0,0.0,3,2789.0,2800.0,2,2769.0,2791.0,2791.0,2785.0,7.0,195010.0,762
2023-05-10 21:06:38,fu2404,fu2404,2785.0,0.0,0.0,0.0,5,2789.0,2800.0,1,2769.0,2791.0,2791.0,2785.0,7.0,195010.0,762
2023-05-10 21:06:40,fu2404,fu2404,2785.0,0.0,0.0,0.0,3,2789.0,2800.0,2,2769.0,2791.0,2791.0,2785.0,7.0,195010.0,762
2023-05-10 21:06:40,fu2404,fu2404,2785.0,0.0,0.0,0.0,3,2789.0,2800.0,1,2769.0,2791.0,2791.0,2785.0,7.0,195010.0,762
2023-05-10 21:06:42,fu2404,fu2404,2785.0,0.0,0.0,0.0,7,2789.0,2807.0,1,2769.0,2791.0,2791.0,2785.0,7.0,195010.0,762
2023-05-10 21:06:43,fu2404,fu2404,2785.0,0.0,0.0,0.0,1,2790.0,2804.0,1,2769.0,2791.0,2791.0,2785.0,7.0,195010.0,762
2023-05-10 21:06:43,fu2404,fu2404,2785.0,0.0,0.0,0.0,1,2790.0,2803.0,1,2769.0,2791.0,2791.0,2785.0,7.0,195010.0,762
2023-05-10 21:06:44,fu2404,fu2404,2785.0,0.0,0.0,0.0,1,2790.0,2803.0,1,2769.0,2791.0,2791.0,2785.0,7.0,195010.0,762
2023-05-10 21:06:44,fu2404,fu2404,2785.0,0.0,0.0,0.0,3,2790.0,2803.0,1,2769.0,2791.0,2791.0,2785.0,7.0,195010.0,762
2023-05-10 21:06:46,fu2404,fu2404,2785.0,0.0,0.0,0.0,3,2790.0,2802.0,2,2769.0,2791.0,2791.0,2785.0,7.0,195010.0,762
2023-05-10 21:06:46,fu2404,fu2404,2785.0,0.0,0.0,0.0,3,2790.0,2801.0,1,2769.0,2791.0,2791.0,2785.0,7.0,195010.0,762
2023-05-10 21:06:47,fu2404,fu2404,2785.0,0.0,0.0,0.0,4,2790.0,2802.0,2,2769.0,2791.0,2791.0,2785.0,7.0,195010.0,762
2023-05-10 21:06:48,fu2404,fu2404,2785.0,0.0,0.0,0.0,5,2790.0,2802.0,2,2769.0,2791.0,2791.0,2785.0,7.0,195010.0,762
2023-05-10 21:06:48,fu2404,fu2404,2785.0,0.0,0.0,0.0,2,2791.0,2802.0,2,2769.0,2791.0,2791.0,2785.0,7.0,195010.0,762
2023-05-10 21:06:49,fu2404,fu2404,2785.0,0.0,0.0,0.0,2,2791.0,2802.0,2,2769.0,2791.0,2791.0,2785.0,7.0,195010.0,762
2023-05-10 21:06:50,fu2404,fu2404,2785.0,0.0,0.0,0.0,5,2791.0,2807.0,1,2769.0,2791.0,2791.0,2785.0,7.0,195010.0,762
2023-05-10 21:06:50,fu2404,fu2404,2785.0,0.0,0.0,0.0,5,2791.0,2804.0,1,2769.0,2791.0,2791.0,2785.0,7.0,195010.0,762
2023-05-10 21:06:51,fu2404,fu2404,2785.0,0.0,0.0,0.0,5,2791.0,2803.0,1,2769.0,2791.0,2791.0,2785.0,7.0,195010.0,762
2023-05-10 21:06:51,fu2404,fu2404,2785.0,0.0,0.0,0.0,5,2791.0,2803.0,1,2769.0,2791.0,2791.0,2785.0,7.0,195010.0,762
2023-05-10 21:06:52,fu2404,fu2404,2785.0,0.0,0.0,0.0,4,2791.0,2803.0,1,2769.0,2791.0,2791.0,2785.0,7.0,195010.0,762
2023-05-10 21:06:52,fu2404,fu2404,2785.0,0.0,0.0,0.0,5,2791.0,2803.0,1,2769.0,2791.0,2791.0,2785.0,7.0,195010.0,762
2023-05-10 21:06:53,fu2404,fu2404,2785.0,0.0,0.0,0.0,4,2791.0,2803.0,1,2769.0,2791.0,2791.0,2785.0,7.0,195010.0,762
2023-05-10 21:06:55,fu2404,fu2404,2785.0,0.0,0.0,0.0,8,2791.0,2803.0,1,2769.0,2791.0,2791.0,2785.0,7.0,195010.0,762
2023-05-10 21:06:56,fu2404,fu2404,2785.0,0.0,0.0,0.0,8,2791.0,2802.0,1,2769.0,2791.0,2791.0,2785.0,7.0,195010.0,762
2023-05-10 21:06:56,fu2404,fu2404,2785.0,0.0,0.0,0.0,6,2791.0,2806.0,1,2769.0,2791.0,2791.0,2785.0,7.0,195010.0,762
2023-05-10 21:06:57,fu2404,fu2404,2785.0,0.0,0.0,0.0,6,2791.0,2804.0,1,2769.0,2791.0,2791.0,2785.0,7.0,195010.0,762
2023-05-10 21:06:57,fu2404,fu2404,2785.0,0.0,0.0,0.0,7,2791.0,2803.0,2,2769.0,2791.0,2791.0,2785.0,7.0,195010.0,762
2023-05-10 21:06:58,fu2404,fu2404,2785.0,0.0,0.0,0.0,8,2791.0,2803.0,2,2769.0,2791.0,2791.0,2785.0,7.0,195010.0,762
2023-05-10 21:06:59,fu2404,fu2404,2785.0,0.0,0.0,0.0,7,2791.0,2803.0,2,2769.0,2791.0,2791.0,2785.0,7.0,195010.0,762
2023-05-10 21:06:59,fu2404,fu2404,2785.0,0.0,0.0,0.0,4,2791.0,2803.0,2,2769.0,2791.0,2791.0,2785.0,7.0,195010.0,762
2023-05-10 21:07:00,fu2404,fu2404,2785.0,0.0,0.0,0.0,3,2791.0,2803.0,2,2769.0,2791.0,2791.0,2785.0,7.0,195010.0,762
2023-05-10 21:07:00,fu2404,fu2404,2785.0,0.0,0.0,0.0,1,2793.0,2799.0,1,2769.0,2791.0,2791.0,2785.0,7.0,195010.0,762
2023-05-10 21:07:01,fu2404,fu2404,2785.0,0.0,0.0,0.0,1,2793.0,2798.0,1,2769.0,2791.0,2791.0,2785.0,7.0,195010.0,762
2023-05-10 21:07:02,fu2404,fu2404,2785.0,0.0,0.0,0.0,4,2793.0,2798.0,1,2769.0,2791.0,2791.0,2785.0,7.0,195010.0,762
2023-05-10 21:07:02,fu2404,fu2404,2791.0,2.0,55820.0,2.0,2,2793.0,2799.0,1,2769.0,2791.0,2791.0,2785.0,9.0,250830.0,764
2023-05-10 21:07:03,fu2404,fu2404,2791.0,3.0,83730.0,3.0,1,2779.0,2797.0,1,2769.0,2791.0,2791.0,2785.0,12.0,334560.0,767
2023-05-10 21:07:03,fu2404,fu2404,2791.0,0.0,0.0,0.0,5,2790.0,2797.0,2,2769.0,2791.0,2791.0,2785.0,12.0,334560.0,767
2023-05-10 21:07:04,fu2404,fu2404,2791.0,0.0,0.0,0.0,4,2790.0,2797.0,2,2769.0,2791.0,2791.0,2785.0,12.0,334560.0,767
2023-05-10 21:07:04,fu2404,fu2404,2791.0,0.0,0.0,0.0,5,2791.0,2799.0,1,2769.0,2791.0,2791.0,2785.0,12.0,334560.0,767
2023-05-10 21:07:05,fu2404,fu2404,2791.0,0.0,0.0,0.0,5,2791.0,2798.0,2,2769.0,2791.0,2791.0,2785.0,12.0,334560.0,767
2023-05-10 21:07:06,fu2404,fu2404,2791.0,0.0,0.0,0.0,5,2791.0,2798.0,2,2769.0,2791.0,2791.0,2785.0,12.0,334560.0,767
2023-05-10 21:07:08,fu2404,fu2404,2791.0,0.0,0.0,0.0,2,2792.0,2799.0,1,2769.0,2791.0,2791.0,2785.0,12.0,334560.0,767
2023-05-10 21:07:09,fu2404,fu2404,2791.0,0.0,0.0,0.0,5,2792.0,2799.0,3,2769.0,2791.0,2791.0,2785.0,12.0,334560.0,767
2023-05-10 21:07:09,fu2404,fu2404,2791.0,0.0,0.0,0.0,5,2792.0,2799.0,3,2769.0,2791.0,2791.0,2785.0,12.0,334560.0,767
2023-05-10 21:07:10,fu2404,fu2404,2791.0,0.0,0.0,0.0,5,2793.0,2799.0,2,2769.0,2791.0,2791.0,2785.0,12.0,334560.0,767
2023-05-10 21:07:10,fu2404,fu2404,2791.0,0.0,0.0,0.0,5,2793.0,2799.0,2,2769.0,2791.0,2791.0,2785.0,12.0,334560.0,767
2023-05-10 21:07:11,fu2404,fu2404,2791.0,0.0,0.0,0.0,5,2793.0,2799.0,1,2769.0,2791.0,2791.0,2785.0,12.0,334560.0,767
2023-05-10 21:07:11,fu2404,fu2404,2791.0,0.0,0.0,0.0,1,2794.0,2799.0,1,2769.0,2791.0,2791.0,2785.0,12.0,334560.0,767
2023-05-10 21:07:12,fu2404,fu2404,2791.0,0.0,0.0,0.0,2,2784.0,2799.0,1,2769.0,2791.0,2791.0,2785.0,12.0,334560.0,767
2023-05-10 21:07:12,fu2404,fu2404,2791.0,0.0,0.0,0.0,5,2793.0,2799.0,1,2769.0,2791.0,2791.0,2785.0,12.0,334560.0,767
2023-05-10 21:07:13,fu2404,fu2404,2791.0,0.0,0.0,0.0,5,2793.0,2799.0,1,2769.0,2791.0,2791.0,2785.0,12.0,334560.0,767
2023-05-10 21:07:13,fu2404,fu2404,2791.0,0.0,0.0,0.0,5,2793.0,2799.0,1,2769.0,2791.0,2791.0,2785.0,12.0,334560.0,767
2023-05-10 21:07:14,fu2404,fu2404,2791.0,0.0,0.0,0.0,5,2793.0,2799.0,2,2769.0,2791.0,2791.0,2785.0,12.0,334560.0,767
2023-05-10 21:07:16,fu2404,fu2404,2791.0,0.0,0.0,0.0,4,2793.0,2799.0,2,2769.0,2791.0,2791.0,2785.0,12.0,334560.0,767
2023-05-10 21:07:16,fu2404,fu2404,2791.0,0.0,0.0,0.0,3,2793.0,2799.0,2,2769.0,2791.0,2791.0,2785.0,12.0,334560.0,767
2023-05-10 21:07:17,fu2404,fu2404,2791.0,0.0,0.0,0.0,5,2793.0,2799.0,2,2769.0,2791.0,2791.0,2785.0,12.0,334560.0,767
2023-05-10 21:07:20,fu2404,fu2404,2791.0,0.0,0.0,0.0,5,2793.0,2799.0,1,2769.0,2791.0,2791.0,2785.0,12.0,334560.0,767
2023-05-10 21:07:20,fu2404,fu2404,2791.0,0.0,0.0,0.0,3,2794.0,2799.0,1,2769.0,2791.0,2791.0,2785.0,12.0,334560.0,767
2023-05-10 21:07:21,fu2404,fu2404,2791.0,0.0,0.0,0.0,5,2794.0,2799.0,1,2769.0,2791.0,2791.0,2785.0,12.0,334560.0,767
2023-05-10 21:07:22,fu2404,fu2404,2791.0,0.0,0.0,0.0,1,2795.0,2799.0,1,2769.0,2791.0,2791.0,2785.0,12.0,334560.0,767
2023-05-10 21:07:22,fu2404,fu2404,2791.0,0.0,0.0,0.0,5,2795.0,2799.0,1,2769.0,2791.0,2791.0,2785.0,12.0,334560.0,767
2023-05-10 21:07:23,fu2404,fu2404,2791.0,0.0,0.0,0.0,5,2795.0,2799.0,1,2769.0,2791.0,2791.0,2785.0,12.0,334560.0,767
2023-05-10 21:07:23,fu2404,fu2404,2791.0,0.0,0.0,0.0,5,2795.0,2799.0,1,2769.0,2791.0,2791.0,2785.0,12.0,334560.0,767
2023-05-10 21:07:24,fu2404,fu2404,2791.0,0.0,0.0,0.0,1,2785.0,2799.0,1,2769.0,2791.0,2791.0,2785.0,12.0,334560.0,767
2023-05-10 21:07:24,fu2404,fu2404,2791.0,0.0,0.0,0.0,5,2793.0,2799.0,2,2769.0,2791.0,2791.0,2785.0,12.0,334560.0,767
2023-05-10 21:07:25,fu2404,fu2404,2791.0,0.0,0.0,0.0,5,2793.0,2799.0,3,2769.0,2791.0,2791.0,2785.0,12.0,334560.0,767
2023-05-10 21:07:25,fu2404,fu2404,2791.0,0.0,0.0,0.0,2,2794.0,2799.0,2,2769.0,2791.0,2791.0,2785.0,12.0,334560.0,767
2023-05-10 21:07:26,fu2404,fu2404,2791.0,0.0,0.0,0.0,2,2794.0,2799.0,2,2769.0,2791.0,2791.0,2785.0,12.0,334560.0,767
2023-05-10 21:07:27,fu2404,fu2404,2791.0,0.0,0.0,0.0,4,2794.0,2799.0,2,2769.0,2791.0,2791.0,2785.0,12.0,334560.0,767
2023-05-10 21:07:27,fu2404,fu2404,2791.0,0.0,0.0,0.0,2,2787.0,2799.0,2,2769.0,2791.0,2791.0,2785.0,12.0,334560.0,767
2023-05-10 21:07:28,fu2404,fu2404,2791.0,0.0,0.0,0.0,5,2793.0,2799.0,2,2769.0,2791.0,2791.0,2785.0,12.0,334560.0,767
2023-05-10 21:07:28,fu2404,fu2404,2791.0,0.0,0.0,0.0,5,2793.0,2799.0,2,2769.0,2791.0,2791.0,2785.0,12.0,334560.0,767
2023-05-10 21:07:29,fu2404,fu2404,2791.0,0.0,0.0,0.0,5,2793.0,2799.0,3,2769.0,2791.0,2791.0,2785.0,12.0,334560.0,767
2023-05-10 21:07:31,fu2404,fu2404,2791.0,0.0,0.0,0.0,5,2794.0,2799.0,3,2769.0,2791.0,2791.0,2785.0,12.0,334560.0,767
2023-05-10 21:07:33,fu2404,fu2404,2791.0,0.0,0.0,0.0,5,2794.0,2799.0,2,2769.0,2791.0,2791.0,2785.0,12.0,334560.0,767
2023-05-10 21:07:33,fu2404,fu2404,2791.0,0.0,0.0,0.0,3,2795.0,2799.0,1,2769.0,2791.0,2791.0,2785.0,12.0,334560.0,767
2023-05-10 21:07:34,fu2404,fu2404,2791.0,0.0,0.0,0.0,3,2796.0,2799.0,1,2769.0,2791.0,2791.0,2785.0,12.0,334560.0,767
2023-05-10 21:07:35,fu2404,fu2404,2791.0,0.0,0.0,0.0,3,2796.0,2799.0,1,2769.0,2791.0,2791.0,2785.0,12.0,334560.0,767
2023-05-10 21:07:35,fu2404,fu2404,2791.0,0.0,0.0,0.0,4,2796.0,2799.0,1,2769.0,2791.0,2791.0,2785.0,12.0,334560.0,767
2023-05-10 21:07:36,fu2404,fu2404,2791.0,0.0,0.0,0.0,3,2796.0,2799.0,1,2769.0,2791.0,2791.0,2785.0,12.0,334560.0,767
2023-05-10 21:07:36,fu2404,fu2404,2791.0,0.0,0.0,0.0,2,2796.0,2799.0,1,2769.0,2791.0,2791.0,2785.0,12.0,334560.0,767
2023-05-10 21:07:37,fu2404,fu2404,2791.0,0.0,0.0,0.0,1,2797.0,2799.0,1,2769.0,2791.0,2791.0,2785.0,12.0,334560.0,767
2023-05-10 21:07:37,fu2404,fu2404,2791.0,0.0,0.0,0.0,2,2788.0,2799.0,1,2769.0,2791.0,2791.0,2785.0,12.0,334560.0,767
2023-05-10 21:07:38,fu2404,fu2404,2791.0,0.0,0.0,0.0,2,2791.0,2799.0,1,2769.0,2791.0,2791.0,2785.0,12.0,334560.0,767
2023-05-10 21:07:38,fu2404,fu2404,2791.0,0.0,0.0,0.0,4,2795.0,2799.0,1,2769.0,2791.0,2791.0,2785.0,12.0,334560.0,767
2023-05-10 21:07:39,fu2404,fu2404,2791.0,0.0,0.0,0.0,4,2795.0,2799.0,1,2769.0,2791.0,2791.0,2785.0,12.0,334560.0,767
2023-05-10 21:07:39,fu2404,fu2404,2791.0,0.0,0.0,0.0,2,2789.0,2799.0,2,2769.0,2791.0,2791.0,2785.0,12.0,334560.0,767
2023-05-10 21:07:40,fu2404,fu2404,2791.0,0.0,0.0,0.0,2,2789.0,2799.0,3,2769.0,2791.0,2791.0,2785.0,12.0,334560.0,767
2023-05-10 21:07:40,fu2404,fu2404,2791.0,0.0,0.0,0.0,5,2794.0,2799.0,3,2769.0,2791.0,2791.0,2785.0,12.0,334560.0,767
2023-05-10 21:07:41,fu2404,fu2404,2791.0,0.0,0.0,0.0,5,2794.0,2799.0,3,2769.0,2791.0,2791.0,2785.0,12.0,334560.0,767
2023-05-10 21:07:44,fu2404,fu2404,2791.0,0.0,0.0,0.0,2,2790.0,2799.0,3,2769.0,2791.0,2791.0,2785.0,12.0,334560.0,767
2023-05-10 21:07:45,fu2404,fu2404,2791.0,0.0,0.0,0.0,5,2793.0,2799.0,3,2769.0,2791.0,2791.0,2785.0,12.0,334560.0,767
2023-05-10 21:07:54,fu2404,fu2404,2791.0,0.0,0.0,0.0,4,2793.0,2799.0,3,2769.0,2791.0,2791.0,2785.0,12.0,334560.0,767
2023-05-10 21:07:56,fu2404,fu2404,2791.0,0.0,0.0,0.0,2,2790.0,2799.0,3,2769.0,2791.0,2791.0,2785.0,12.0,334560.0,767
2023-05-10 21:07:57,fu2404,fu2404,2791.0,0.0,0.0,0.0,1,2793.0,2799.0,3,2769.0,2791.0,2791.0,2785.0,12.0,334560.0,767
2023-05-10 21:07:57,fu2404,fu2404,2791.0,0.0,0.0,0.0,5,2793.0,2799.0,3,2769.0,2791.0,2791.0,2785.0,12.0,334560.0,767
2023-05-10 21:07:58,fu2404,fu2404,2791.0,0.0,0.0,0.0,2,2794.0,2799.0,3,2769.0,2791.0,2791.0,2785.0,12.0,334560.0,767
2023-05-10 21:07:59,fu2404,fu2404,2791.0,0.0,0.0,0.0,1,2794.0,2799.0,3,2769.0,2791.0,2791.0,2785.0,12.0,334560.0,767
2023-05-10 21:07:59,fu2404,fu2404,2791.0,0.0,0.0,0.0,2,2790.0,2799.0,3,2769.0,2791.0,2791.0,2785.0,12.0,334560.0,767
2023-05-10 21:08:00,fu2404,fu2404,2791.0,0.0,0.0,0.0,5,2793.0,2799.0,3,2769.0,2791.0,2791.0,2785.0,12.0,334560.0,767
2023-05-10 21:08:03,fu2404,fu2404,2791.0,0.0,0.0,0.0,4,2793.0,2799.0,3,2769.0,2791.0,2791.0,2785.0,12.0,334560.0,767
2023-05-10 21:08:04,fu2404,fu2404,2791.0,0.0,0.0,0.0,2,2790.0,2798.0,1,2769.0,2791.0,2791.0,2785.0,12.0,334560.0,767
2023-05-10 21:08:04,fu2404,fu2404,2791.0,0.0,0.0,0.0,4,2792.0,2798.0,1,2769.0,2791.0,2791.0,2785.0,12.0,334560.0,767
2023-05-10 21:08:05,fu2404,fu2404,2791.0,0.0,0.0,0.0,3,2792.0,2796.0,1,2769.0,2791.0,2791.0,2785.0,12.0,334560.0,767
2023-05-10 21:08:05,fu2404,fu2404,2791.0,0.0,0.0,0.0,2,2792.0,2797.0,1,2769.0,2791.0,2791.0,2785.0,12.0,334560.0,767
2023-05-10 21:08:06,fu2404,fu2404,2791.0,0.0,0.0,0.0,2,2792.0,2796.0,1,2769.0,2791.0,2791.0,2785.0,12.0,334560.0,767
2023-05-10 21:08:06,fu2404,fu2404,2791.0,0.0,0.0,0.0,2,2793.0,2797.0,1,2769.0,2791.0,2791.0,2785.0,12.0,334560.0,767
2023-05-10 21:08:07,fu2404,fu2404,2791.0,0.0,0.0,0.0,1,2785.0,2797.0,2,2769.0,2791.0,2791.0,2785.0,12.0,334560.0,767
2023-05-10 21:08:07,fu2404,fu2404,2791.0,0.0,0.0,0.0,5,2793.0,2797.0,2,2769.0,2791.0,2791.0,2785.0,12.0,334560.0,767
2023-05-10 21:08:08,fu2404,fu2404,2791.0,0.0,0.0,0.0,3,2793.0,2797.0,2,2769.0,2791.0,2791.0,2785.0,12.0,334560.0,767
2023-05-10 21:08:10,fu2404,fu2404,2791.0,0.0,0.0,0.0,2,2786.0,2797.0,2,2769.0,2791.0,2791.0,2785.0,12.0,334560.0,767
2023-05-10 21:08:10,fu2404,fu2404,2791.0,0.0,0.0,0.0,5,2787.0,2797.0,2,2769.0,2791.0,2791.0,2785.0,12.0,334560.0,767
2023-05-10 21:08:11,fu2404,fu2404,2791.0,0.0,0.0,0.0,4,2792.0,2797.0,2,2769.0,2791.0,2791.0,2785.0,12.0,334560.0,767
2023-05-10 21:08:11,fu2404,fu2404,2791.0,0.0,0.0,0.0,4,2792.0,2797.0,2,2769.0,2791.0,2791.0,2785.0,12.0,334560.0,767
2023-05-10 21:08:12,fu2404,fu2404,2791.0,0.0,0.0,0.0,2,2787.0,2797.0,2,2769.0,2791.0,2791.0,2785.0,12.0,334560.0,767
2023-05-10 21:08:12,fu2404,fu2404,2791.0,0.0,0.0,0.0,5,2791.0,2797.0,2,2769.0,2791.0,2791.0,2785.0,12.0,334560.0,767
2023-05-10 21:08:13,fu2404,fu2404,2791.0,0.0,0.0,0.0,3,2791.0,2797.0,2,2769.0,2791.0,2791.0,2785.0,12.0,334560.0,767
2023-05-10 21:08:15,fu2404,fu2404,2791.0,0.0,0.0,0.0,1,2777.0,2797.0,2,2769.0,2791.0,2791.0,2785.0,12.0,334560.0,767
2023-05-10 21:08:15,fu2404,fu2404,2791.0,0.0,0.0,0.0,4,2786.0,2797.0,2,2769.0,2791.0,2791.0,2785.0,12.0,334560.0,767
2023-05-10 21:08:16,fu2404,fu2404,2791.0,0.0,0.0,0.0,4,2789.0,2796.0,1,2769.0,2791.0,2791.0,2785.0,12.0,334560.0,767
2023-05-10 21:08:16,fu2404,fu2404,2791.0,0.0,0.0,0.0,3,2789.0,2796.0,1,2769.0,2791.0,2791.0,2785.0,12.0,334560.0,767
2023-05-10 21:08:17,fu2404,fu2404,2791.0,0.0,0.0,0.0,2,2789.0,2793.0,2,2769.0,2791.0,2791.0,2785.0,12.0,334560.0,767
2023-05-10 21:08:17,fu2404,fu2404,2791.0,0.0,0.0,0.0,5,2789.0,2793.0,2,2769.0,2791.0,2791.0,2785.0,12.0,334560.0,767
2023-05-10 21:08:18,fu2404,fu2404,2791.0,0.0,0.0,0.0,5,2789.0,2799.0,1,2769.0,2791.0,2791.0,2785.0,12.0,334560.0,767
2023-05-10 21:08:19,fu2404,fu2404,2791.0,0.0,0.0,0.0,1,2790.0,2794.0,2,2769.0,2791.0,2791.0,2785.0,12.0,334560.0,767
2023-05-10 21:08:19,fu2404,fu2404,2791.0,0.0,0.0,0.0,5,2790.0,2794.0,2,2769.0,2791.0,2791.0,2785.0,12.0,334560.0,767
2023-05-10 21:08:21,fu2404,fu2404,2791.0,0.0,0.0,0.0,4,2790.0,2794.0,2,2769.0,2791.0,2791.0,2785.0,12.0,334560.0,767
2023-05-10 21:08:23,fu2404,fu2404,2791.0,0.0,0.0,0.0,4,2790.0,2794.0,2,2769.0,2791.0,2791.0,2785.0,12.0,334560.0,767
2023-05-10 21:08:25,fu2404,fu2404,2791.0,0.0,0.0,0.0,1,2781.0,2794.0,2,2769.0,2791.0,2791.0,2785.0,12.0,334560.0,767
2023-05-10 21:08:26,fu2404,fu2404,2791.0,0.0,0.0,0.0,5,2789.0,2794.0,2,2769.0,2791.0,2791.0,2785.0,12.0,334560.0,767
2023-05-10 21:08:26,fu2404,fu2404,2791.0,0.0,0.0,0.0,5,2789.0,2794.0,2,2769.0,2791.0,2791.0,2785.0,12.0,334560.0,767
2023-05-10 21:08:39,fu2404,fu2404,2791.0,0.0,0.0,0.0,2,2789.0,2794.0,2,2769.0,2791.0,2791.0,2785.0,12.0,334560.0,767
2023-05-10 21:08:39,fu2404,fu2404,2791.0,0.0,0.0,0.0,3,2789.0,2794.0,2,2769.0,2791.0,2791.0,2785.0,12.0,334560.0,767
2023-05-10 21:08:40,fu2404,fu2404,2791.0,0.0,0.0,0.0,2,2790.0,2794.0,2,2769.0,2791.0,2791.0,2785.0,12.0,334560.0,767
2023-05-10 21:08:40,fu2404,fu2404,2791.0,0.0,0.0,0.0,5,2790.0,2794.0,2,2769.0,2791.0,2791.0,2785.0,12.0,334560.0,767
2023-05-10 21:08:41,fu2404,fu2404,2791.0,0.0,0.0,0.0,1,2782.0,2794.0,2,2769.0,2791.0,2791.0,2785.0,12.0,334560.0,767
2023-05-10 21:08:42,fu2404,fu2404,2791.0,0.0,0.0,0.0,5,2789.0,2794.0,2,2769.0,2791.0,2791.0,2785.0,12.0,334560.0,767
2023-05-10 21:08:42,fu2404,fu2404,2791.0,0.0,0.0,0.0,2,2790.0,2794.0,2,2769.0,2791.0,2791.0,2785.0,12.0,334560.0,767
2023-05-10 21:08:46,fu2404,fu2404,2791.0,0.0,0.0,0.0,3,2790.0,2794.0,2,2769.0,2791.0,2791.0,2785.0,12.0,334560.0,767
2023-05-10 21:08:48,fu2404,fu2404,2791.0,0.0,0.0,0.0,1,2790.0,2794.0,2,2769.0,2791.0,2791.0,2785.0,12.0,334560.0,767
2023-05-10 21:08:49,fu2404,fu2404,2791.0,0.0,0.0,0.0,4,2790.0,2794.0,2,2769.0,2791.0,2791.0,2785.0,12.0,334560.0,767
2023-05-10 21:08:50,fu2404,fu2404,2791.0,0.0,0.0,0.0,4,2790.0,2794.0,2,2769.0,2791.0,2791.0,2785.0,12.0,334560.0,767
2023-05-10 21:08:55,fu2404,fu2404,2791.0,0.0,0.0,0.0,2,2786.0,2794.0,2,2769.0,2791.0,2791.0,2785.0,12.0,334560.0,767
2023-05-10 21:08:55,fu2404,fu2404,2791.0,0.0,0.0,0.0,5,2789.0,2794.0,2,2769.0,2791.0,2791.0,2785.0,12.0,334560.0,767
2023-05-10 21:09:01,fu2404,fu2404,2791.0,0.0,0.0,0.0,4,2790.0,2794.0,2,2769.0,2791.0,2791.0,2785.0,12.0,334560.0,767
2023-05-10 21:09:01,fu2404,fu2404,2791.0,0.0,0.0,0.0,3,2790.0,2794.0,2,2769.0,2791.0,2791.0,2785.0,12.0,334560.0,767
2023-05-10 21:09:02,fu2404,fu2404,2791.0,0.0,0.0,0.0,2,2790.0,2794.0,2,2769.0,2791.0,2791.0,2785.0,12.0,334560.0,767
2023-05-10 21:09:05,fu2404,fu2404,2791.0,0.0,0.0,0.0,3,2790.0,2794.0,2,2769.0,2791.0,2791.0,2785.0,12.0,334560.0,767
2023-05-10 21:09:06,fu2404,fu2404,2791.0,0.0,0.0,0.0,2,2786.0,2794.0,2,2769.0,2791.0,2791.0,2785.0,12.0,334560.0,767
2023-05-10 21:09:06,fu2404,fu2404,2791.0,0.0,0.0,0.0,5,2789.0,2794.0,2,2769.0,2791.0,2791.0,2785.0,12.0,334560.0,767
2023-05-10 21:09:08,fu2404,fu2404,2791.0,0.0,0.0,0.0,4,2789.0,2794.0,2,2769.0,2791.0,2791.0,2785.0,12.0,334560.0,767
2023-05-10 21:09:08,fu2404,fu2404,2791.0,0.0,0.0,0.0,2,2786.0,2794.0,2,2769.0,2791.0,2791.0,2785.0,12.0,334560.0,767
2023-05-10 21:09:09,fu2404,fu2404,2791.0,0.0,0.0,0.0,5,2787.0,2794.0,2,2769.0,2791.0,2791.0,2785.0,12.0,334560.0,767
2023-05-10 21:09:10,fu2404,fu2404,2791.0,0.0,0.0,0.0,2,2788.0,2794.0,2,2769.0,2791.0,2791.0,2785.0,12.0,334560.0,767
2023-05-10 21:09:10,fu2404,fu2404,2791.0,0.0,0.0,0.0,3,2788.0,2794.0,2,2769.0,2791.0,2791.0,2785.0,12.0,334560.0,767
2023-05-10 21:09:11,fu2404,fu2404,2791.0,0.0,0.0,0.0,2,2788.0,2794.0,2,2769.0,2791.0,2791.0,2785.0,12.0,334560.0,767
2023-05-10 21:09:11,fu2404,fu2404,2791.0,0.0,0.0,0.0,2,2786.0,2794.0,2,2769.0,2791.0,2791.0,2785.0,12.0,334560.0,767
2023-05-10 21:09:12,fu2404,fu2404,2791.0,0.0,0.0,0.0,2,2788.0,2794.0,2,2769.0,2791.0,2791.0,2785.0,12.0,334560.0,767
2023-05-10 21:09:12,fu2404,fu2404,2791.0,0.0,0.0,0.0,2,2786.0,2794.0,2,2769.0,2791.0,2791.0,2785.0,12.0,334560.0,767
2023-05-10 21:09:13,fu2404,fu2404,2791.0,0.0,0.0,0.0,6,2786.0,2794.0,2,2769.0,2791.0,2791.0,2785.0,12.0,334560.0,767
2023-05-10 21:09:13,fu2404,fu2404,2791.0,0.0,0.0,0.0,2,2787.0,2794.0,2,2769.0,2791.0,2791.0,2785.0,12.0,334560.0,767
2023-05-10 21:09:14,fu2404,fu2404,2791.0,0.0,0.0,0.0,2,2787.0,2794.0,2,2769.0,2791.0,2791.0,2785.0,12.0,334560.0,767
2023-05-10 21:09:14,fu2404,fu2404,2791.0,0.0,0.0,0.0,3,2787.0,2794.0,2,2769.0,2791.0,2791.0,2785.0,12.0,334560.0,767
2023-05-10 21:09:15,fu2404,fu2404,2791.0,0.0,0.0,0.0,2,2787.0,2794.0,2,2769.0,2791.0,2791.0,2785.0,12.0,334560.0,767
2023-05-10 21:09:22,fu2404,fu2404,2791.0,0.0,0.0,0.0,1,2781.0,2793.0,1,2769.0,2791.0,2791.0,2785.0,12.0,334560.0,767
2023-05-10 21:09:22,fu2404,fu2404,2791.0,0.0,0.0,0.0,6,2781.0,2793.0,1,2769.0,2791.0,2791.0,2785.0,12.0,334560.0,767
2023-05-10 21:09:23,fu2404,fu2404,2791.0,0.0,0.0,0.0,2,2782.0,2795.0,1,2769.0,2791.0,2791.0,2785.0,12.0,334560.0,767
2023-05-10 21:09:23,fu2404,fu2404,2791.0,0.0,0.0,0.0,1,2786.0,2790.0,2,2769.0,2791.0,2791.0,2785.0,12.0,334560.0,767
2023-05-10 21:09:24,fu2404,fu2404,2791.0,0.0,0.0,0.0,3,2786.0,2790.0,2,2769.0,2791.0,2791.0,2785.0,12.0,334560.0,767
2023-05-10 21:09:25,fu2404,fu2404,2791.0,0.0,0.0,0.0,1,2786.0,2790.0,2,2769.0,2791.0,2791.0,2785.0,12.0,334560.0,767
2023-05-10 21:09:25,fu2404,fu2404,2791.0,0.0,0.0,0.0,3,2786.0,2790.0,2,2769.0,2791.0,2791.0,2785.0,12.0,334560.0,767
2023-05-10 21:09:26,fu2404,fu2404,2791.0,0.0,0.0,0.0,2,2782.0,2790.0,2,2769.0,2791.0,2791.0,2785.0,12.0,334560.0,767
2023-05-10 21:09:27,fu2404,fu2404,2791.0,0.0,0.0,0.0,4,2785.0,2790.0,2,2769.0,2791.0,2791.0,2785.0,12.0,334560.0,767
2023-05-10 21:09:27,fu2404,fu2404,2791.0,0.0,0.0,0.0,4,2785.0,2790.0,2,2769.0,2791.0,2791.0,2785.0,12.0,334560.0,767
2023-05-10 21:09:29,fu2404,fu2404,2791.0,0.0,0.0,0.0,5,2785.0,2790.0,2,2769.0,2791.0,2791.0,2785.0,12.0,334560.0,767
2023-05-10 21:09:29,fu2404,fu2404,2791.0,0.0,0.0,0.0,3,2786.0,2790.0,2,2769.0,2791.0,2791.0,2785.0,12.0,334560.0,767
2023-05-10 21:09:30,fu2404,fu2404,2791.0,0.0,0.0,0.0,2,2782.0,2790.0,2,2769.0,2791.0,2791.0,2785.0,12.0,334560.0,767
2023-05-10 21:09:30,fu2404,fu2404,2791.0,0.0,0.0,0.0,1,2786.0,2790.0,2,2769.0,2791.0,2791.0,2785.0,12.0,334560.0,767
2023-05-10 21:09:31,fu2404,fu2404,2791.0,0.0,0.0,0.0,2,2782.0,2790.0,2,2769.0,2791.0,2791.0,2785.0,12.0,334560.0,767
2023-05-10 21:09:31,fu2404,fu2404,2791.0,0.0,0.0,0.0,5,2785.0,2790.0,2,2769.0,2791.0,2791.0,2785.0,12.0,334560.0,767
2023-05-10 21:09:35,fu2404,fu2404,2791.0,0.0,0.0,0.0,2,2786.0,2790.0,7,2769.0,2791.0,2791.0,2785.0,12.0,334560.0,767
2023-05-10 21:09:35,fu2404,fu2404,2791.0,0.0,0.0,0.0,5,2786.0,2790.0,7,2769.0,2791.0,2791.0,2785.0,12.0,334560.0,767
2023-05-10 21:09:39,fu2404,fu2404,2791.0,0.0,0.0,0.0,2,2782.0,2790.0,7,2769.0,2791.0,2791.0,2785.0,12.0,334560.0,767
2023-05-10 21:09:40,fu2404,fu2404,2791.0,0.0,0.0,0.0,5,2785.0,2790.0,7,2769.0,2791.0,2791.0,2785.0,12.0,334560.0,767
2023-05-10 21:09:40,fu2404,fu2404,2791.0,0.0,0.0,0.0,5,2785.0,2790.0,7,2769.0,2791.0,2791.0,2785.0,12.0,334560.0,767
2023-05-10 21:09:41,fu2404,fu2404,2791.0,0.0,0.0,0.0,1,2786.0,2790.0,7,2769.0,2791.0,2791.0,2785.0,12.0,334560.0,767
2023-05-10 21:09:42,fu2404,fu2404,2791.0,0.0,0.0,0.0,2,2786.0,2790.0,7,2769.0,2791.0,2791.0,2785.0,12.0,334560.0,767
2023-05-10 21:09:43,fu2404,fu2404,2791.0,0.0,0.0,0.0,2,2782.0,2790.0,7,2769.0,2791.0,2791.0,2785.0,12.0,334560.0,767
2023-05-10 21:09:44,fu2404,fu2404,2791.0,0.0,0.0,0.0,5,2785.0,2790.0,7,2769.0,2791.0,2791.0,2785.0,12.0,334560.0,767
2023-05-10 21:09:44,fu2404,fu2404,2791.0,0.0,0.0,0.0,5,2785.0,2790.0,7,2769.0,2791.0,2791.0,2785.0,12.0,334560.0,767
2023-05-10 21:09:45,fu2404,fu2404,2791.0,0.0,0.0,0.0,4,2786.0,2790.0,7,2769.0,2791.0,2791.0,2785.0,12.0,334560.0,767
2023-05-10 21:09:45,fu2404,fu2404,2791.0,0.0,0.0,0.0,5,2786.0,2790.0,7,2769.0,2791.0,2791.0,2785.0,12.0,334560.0,767
2023-05-10 21:09:47,fu2404,fu2404,2791.0,0.0,0.0,0.0,5,2786.0,2790.0,7,2769.0,2791.0,2791.0,2785.0,12.0,334560.0,767
2023-05-10 21:09:50,fu2404,fu2404,2791.0,0.0,0.0,0.0,4,2786.0,2790.0,7,2769.0,2791.0,2791.0,2785.0,12.0,334560.0,767
2023-05-10 21:09:50,fu2404,fu2404,2791.0,0.0,0.0,0.0,3,2786.0,2790.0,7,2769.0,2791.0,2791.0,2785.0,12.0,334560.0,767
2023-05-10 21:09:51,fu2404,fu2404,2791.0,0.0,0.0,0.0,2,2786.0,2790.0,7,2769.0,2791.0,2791.0,2785.0,12.0,334560.0,767
2023-05-10 21:09:54,fu2404,fu2404,2791.0,0.0,0.0,0.0,4,2786.0,2790.0,7,2769.0,2791.0,2791.0,2785.0,12.0,334560.0,767
2023-05-10 21:09:55,fu2404,fu2404,2791.0,0.0,0.0,0.0,5,2786.0,2790.0,7,2769.0,2791.0,2791.0,2785.0,12.0,334560.0,767
2023-05-10 21:09:55,fu2404,fu2404,2791.0,0.0,0.0,0.0,1,2787.0,2790.0,7,2769.0,2791.0,2791.0,2785.0,12.0,334560.0,767
2023-05-10 21:10:01,fu2404,fu2404,2791.0,0.0,0.0,0.0,2,2782.0,2790.0,7,2769.0,2791.0,2791.0,2785.0,12.0,334560.0,767
2023-05-10 21:10:01,fu2404,fu2404,2791.0,0.0,0.0,0.0,3,2786.0,2790.0,7,2769.0,2791.0,2791.0,2785.0,12.0,334560.0,767
2023-05-10 21:10:02,fu2404,fu2404,2791.0,0.0,0.0,0.0,5,2786.0,2790.0,7,2769.0,2791.0,2791.0,2785.0,12.0,334560.0,767
2023-05-10 21:10:03,fu2404,fu2404,2791.0,0.0,0.0,0.0,4,2786.0,2790.0,7,2769.0,2791.0,2791.0,2785.0,12.0,334560.0,767
2023-05-10 21:10:03,fu2404,fu2404,2791.0,0.0,0.0,0.0,5,2786.0,2790.0,7,2769.0,2791.0,2791.0,2785.0,12.0,334560.0,767
2023-05-10 21:10:06,fu2404,fu2404,2791.0,0.0,0.0,0.0,4,2787.0,2790.0,7,2769.0,2791.0,2791.0,2785.0,12.0,334560.0,767
2023-05-10 21:10:06,fu2404,fu2404,2791.0,0.0,0.0,0.0,5,2787.0,2790.0,6,2769.0,2791.0,2791.0,2785.0,12.0,334560.0,767
2023-05-10 21:10:07,fu2404,fu2404,2791.0,0.0,0.0,0.0,5,2787.0,2790.0,6,2769.0,2791.0,2791.0,2785.0,12.0,334560.0,767
2023-05-10 21:10:07,fu2404,fu2404,2791.0,0.0,0.0,0.0,1,2788.0,2790.0,5,2769.0,2791.0,2791.0,2785.0,12.0,334560.0,767
2023-05-10 21:10:08,fu2404,fu2404,2791.0,0.0,0.0,0.0,5,2788.0,2790.0,5,2769.0,2791.0,2791.0,2785.0,12.0,334560.0,767
2023-05-10 21:10:09,fu2404,fu2404,2791.0,0.0,0.0,0.0,4,2788.0,2790.0,5,2769.0,2791.0,2791.0,2785.0,12.0,334560.0,767
2023-05-10 21:10:09,fu2404,fu2404,2791.0,0.0,0.0,0.0,2,2788.0,2790.0,5,2769.0,2791.0,2791.0,2785.0,12.0,334560.0,767
2023-05-10 21:10:10,fu2404,fu2404,2791.0,0.0,0.0,0.0,1,2788.0,2790.0,5,2769.0,2791.0,2791.0,2785.0,12.0,334560.0,767
2023-05-10 21:10:11,fu2404,fu2404,2791.0,0.0,0.0,0.0,2,2788.0,2790.0,5,2769.0,2791.0,2791.0,2785.0,12.0,334560.0,767
2023-05-10 21:10:13,fu2404,fu2404,2791.0,0.0,0.0,0.0,5,2788.0,2790.0,5,2769.0,2791.0,2791.0,2785.0,12.0,334560.0,767
2023-05-10 21:10:14,fu2404,fu2404,2791.0,0.0,0.0,0.0,2,2789.0,2790.0,5,2769.0,2791.0,2791.0,2785.0,12.0,334560.0,767
2023-05-10 21:10:14,fu2404,fu2404,2790.0,1.0,27900.0,-1.0,2,2782.0,2790.0,4,2769.0,2791.0,2791.0,2785.0,13.0,362460.0,766
2023-05-10 21:10:15,fu2404,fu2404,2790.0,0.0,0.0,0.0,5,2788.0,2790.0,4,2769.0,2791.0,2791.0,2785.0,13.0,362460.0,766
2023-05-10 21:10:15,fu2404,fu2404,2790.0,0.0,0.0,0.0,2,2783.0,2790.0,4,2769.0,2791.0,2791.0,2785.0,13.0,362460.0,766
2023-05-10 21:10:16,fu2404,fu2404,2790.0,0.0,0.0,0.0,5,2787.0,2790.0,4,2769.0,2791.0,2791.0,2785.0,13.0,362460.0,766
2023-05-10 21:10:16,fu2404,fu2404,2790.0,1.0,27900.0,-1.0,5,2787.0,2790.0,3,2769.0,2791.0,2791.0,2785.0,14.0,390360.0,765
2023-05-10 21:10:17,fu2404,fu2404,2790.0,0.0,0.0,0.0,5,2787.0,2790.0,4,2769.0,2791.0,2791.0,2785.0,14.0,390360.0,765
2023-05-10 21:10:17,fu2404,fu2404,2790.0,0.0,0.0,0.0,5,2787.0,2790.0,4,2769.0,2791.0,2791.0,2785.0,14.0,390360.0,765
2023-05-10 21:10:22,fu2404,fu2404,2790.0,0.0,0.0,0.0,1,2777.0,2790.0,4,2769.0,2791.0,2791.0,2785.0,14.0,390360.0,765
2023-05-10 21:10:22,fu2404,fu2404,2790.0,0.0,0.0,0.0,4,2786.0,2790.0,4,2769.0,2791.0,2791.0,2785.0,14.0,390360.0,765
2023-05-10 21:10:23,fu2404,fu2404,2790.0,0.0,0.0,0.0,4,2786.0,2789.0,1,2769.0,2791.0,2791.0,2785.0,14.0,390360.0,765
2023-05-10 21:10:23,fu2404,fu2404,2790.0,0.0,0.0,0.0,5,2786.0,2789.0,1,2769.0,2791.0,2791.0,2785.0,14.0,390360.0,765
2023-05-10 21:10:24,fu2404,fu2404,2790.0,0.0,0.0,0.0,5,2786.0,2789.0,2,2769.0,2791.0,2791.0,2785.0,14.0,390360.0,765
2023-05-10 21:10:25,fu2404,fu2404,2790.0,0.0,0.0,0.0,4,2786.0,2789.0,2,2769.0,2791.0,2791.0,2785.0,14.0,390360.0,765
2023-05-10 21:10:27,fu2404,fu2404,2790.0,0.0,0.0,0.0,3,2786.0,2789.0,2,2769.0,2791.0,2791.0,2785.0,14.0,390360.0,765
2023-05-10 21:10:30,fu2404,fu2404,2790.0,0.0,0.0,0.0,3,2786.0,2789.0,2,2769.0,2791.0,2791.0,2785.0,14.0,390360.0,765
2023-05-10 21:10:32,fu2404,fu2404,2790.0,0.0,0.0,0.0,2,2787.0,2789.0,2,2769.0,2791.0,2791.0,2785.0,14.0,390360.0,765
2023-05-10 21:10:33,fu2404,fu2404,2790.0,0.0,0.0,0.0,5,2787.0,2790.0,3,2769.0,2791.0,2791.0,2785.0,14.0,390360.0,765
2023-05-10 21:10:33,fu2404,fu2404,2790.0,0.0,0.0,0.0,5,2787.0,2790.0,5,2769.0,2791.0,2791.0,2785.0,14.0,390360.0,765
2023-05-10 21:10:34,fu2404,fu2404,2790.0,0.0,0.0,0.0,2,2788.0,2790.0,5,2769.0,2791.0,2791.0,2785.0,14.0,390360.0,765
2023-05-10 21:10:35,fu2404,fu2404,2790.0,0.0,0.0,0.0,5,2788.0,2790.0,5,2769.0,2791.0,2791.0,2785.0,14.0,390360.0,765
2023-05-10 21:10:36,fu2404,fu2404,2790.0,0.0,0.0,0.0,3,2788.0,2790.0,5,2769.0,2791.0,2791.0,2785.0,14.0,390360.0,765
2023-05-10 21:10:37,fu2404,fu2404,2790.0,0.0,0.0,0.0,5,2788.0,2790.0,5,2769.0,2791.0,2791.0,2785.0,14.0,390360.0,765
2023-05-10 21:10:40,fu2404,fu2404,2790.0,0.0,0.0,0.0,2,2789.0,2790.0,3,2769.0,2791.0,2791.0,2785.0,14.0,390360.0,765
2023-05-10 21:10:40,fu2404,fu2404,2790.0,0.0,0.0,0.0,5,2788.0,2790.0,3,2769.0,2791.0,2791.0,2785.0,14.0,390360.0,765
2023-05-10 21:10:41,fu2404,fu2404,2790.0,3.0,83700.0,0.0,3,2789.0,2791.0,2,2769.0,2791.0,2791.0,2785.0,17.0,474060.0,765
2023-05-10 21:10:41,fu2404,fu2404,2790.0,0.0,0.0,0.0,4,2789.0,2791.0,1,2769.0,2791.0,2791.0,2785.0,17.0,474060.0,765
2023-05-10 21:10:42,fu2404,fu2404,2790.0,0.0,0.0,0.0,2,2790.0,2792.0,1,2769.0,2791.0,2791.0,2785.0,17.0,474060.0,765
2023-05-10 21:10:42,fu2404,fu2404,2790.0,0.0,0.0,0.0,3,2778.0,2791.0,1,2769.0,2791.0,2791.0,2785.0,17.0,474060.0,765
2023-05-10 21:10:43,fu2404,fu2404,2790.0,0.0,0.0,0.0,1,2789.0,2791.0,1,2769.0,2791.0,2791.0,2785.0,17.0,474060.0,765
2023-05-10 21:10:43,fu2404,fu2404,2790.0,0.0,0.0,0.0,3,2789.0,2791.0,1,2769.0,2791.0,2791.0,2785.0,17.0,474060.0,765
2023-05-10 21:10:44,fu2404,fu2404,2791.0,1.0,27910.0,-1.0,3,2789.0,2792.0,1,2769.0,2791.0,2791.0,2785.0,18.0,501970.0,764
2023-05-10 21:10:45,fu2404,fu2404,2791.0,0.0,0.0,0.0,3,2778.0,2792.0,1,2769.0,2791.0,2791.0,2785.0,18.0,501970.0,764
2023-05-10 21:10:46,fu2404,fu2404,2791.0,0.0,0.0,0.0,1,2788.0,2792.0,1,2769.0,2791.0,2791.0,2785.0,18.0,501970.0,764
2023-05-10 21:10:46,fu2404,fu2404,2791.0,0.0,0.0,0.0,3,2788.0,2792.0,2,2769.0,2791.0,2791.0,2785.0,18.0,501970.0,764
2023-05-10 21:10:48,fu2404,fu2404,2791.0,0.0,0.0,0.0,4,2788.0,2792.0,2,2769.0,2791.0,2791.0,2785.0,18.0,501970.0,764
2023-05-10 21:10:53,fu2404,fu2404,2791.0,0.0,0.0,0.0,4,2788.0,2792.0,2,2769.0,2791.0,2791.0,2785.0,18.0,501970.0,764
2023-05-10 21:10:53,fu2404,fu2404,2791.0,0.0,0.0,0.0,1,2786.0,2792.0,2,2769.0,2791.0,2791.0,2785.0,18.0,501970.0,764
2023-05-10 21:10:54,fu2404,fu2404,2791.0,0.0,0.0,0.0,3,2787.0,2792.0,2,2769.0,2791.0,2791.0,2785.0,18.0,501970.0,764
2023-05-10 21:10:55,fu2404,fu2404,2791.0,0.0,0.0,0.0,2,2787.0,2792.0,2,2769.0,2791.0,2791.0,2785.0,18.0,501970.0,764
2023-05-10 21:11:00,fu2404,fu2404,2791.0,0.0,0.0,0.0,5,2787.0,2792.0,2,2769.0,2791.0,2791.0,2785.0,18.0,501970.0,764
2023-05-10 21:11:01,fu2404,fu2404,2791.0,0.0,0.0,0.0,5,2788.0,2792.0,2,2769.0,2791.0,2791.0,2785.0,18.0,501970.0,764
2023-05-10 21:11:03,fu2404,fu2404,2791.0,0.0,0.0,0.0,5,2788.0,2792.0,1,2769.0,2791.0,2791.0,2785.0,18.0,501970.0,764
2023-05-10 21:11:03,fu2404,fu2404,2791.0,0.0,0.0,0.0,5,2789.0,2792.0,1,2769.0,2791.0,2791.0,2785.0,18.0,501970.0,764
2023-05-10 21:11:04,fu2404,fu2404,2791.0,0.0,0.0,0.0,5,2790.0,2792.0,1,2769.0,2791.0,2791.0,2785.0,18.0,501970.0,764
2023-05-10 21:11:05,fu2404,fu2404,2791.0,0.0,0.0,0.0,5,2790.0,2802.0,1,2769.0,2791.0,2791.0,2785.0,18.0,501970.0,764
2023-05-10 21:11:06,fu2404,fu2404,2791.0,0.0,0.0,0.0,5,2791.0,2793.0,1,2769.0,2791.0,2791.0,2785.0,18.0,501970.0,764
2023-05-10 21:11:06,fu2404,fu2404,2791.0,0.0,0.0,0.0,2,2792.0,2796.0,1,2769.0,2791.0,2791.0,2785.0,18.0,501970.0,764
2023-05-10 21:11:07,fu2404,fu2404,2791.0,0.0,0.0,0.0,5,2792.0,2794.0,1,2769.0,2791.0,2791.0,2785.0,18.0,501970.0,764
2023-05-10 21:11:07,fu2404,fu2404,2791.0,0.0,0.0,0.0,1,2791.0,2794.0,1,2769.0,2791.0,2791.0,2785.0,18.0,501970.0,764
2023-05-10 21:11:08,fu2404,fu2404,2791.0,0.0,0.0,0.0,2,2792.0,2794.0,1,2769.0,2791.0,2791.0,2785.0,18.0,501970.0,764
2023-05-10 21:11:08,fu2404,fu2404,2791.0,0.0,0.0,0.0,3,2778.0,2794.0,1,2769.0,2791.0,2791.0,2785.0,18.0,501970.0,764
2023-05-10 21:11:09,fu2404,fu2404,2791.0,0.0,0.0,0.0,5,2790.0,2794.0,1,2769.0,2791.0,2791.0,2785.0,18.0,501970.0,764
2023-05-10 21:11:09,fu2404,fu2404,2791.0,0.0,0.0,0.0,4,2790.0,2794.0,1,2769.0,2791.0,2791.0,2785.0,18.0,501970.0,764
2023-05-10 21:11:10,fu2404,fu2404,2791.0,0.0,0.0,0.0,4,2790.0,2794.0,1,2769.0,2791.0,2791.0,2785.0,18.0,501970.0,764
2023-05-10 21:11:12,fu2404,fu2404,2791.0,0.0,0.0,0.0,3,2790.0,2794.0,1,2769.0,2791.0,2791.0,2785.0,18.0,501970.0,764
2023-05-10 21:11:12,fu2404,fu2404,2791.0,0.0,0.0,0.0,1,2789.0,2794.0,1,2769.0,2791.0,2791.0,2785.0,18.0,501970.0,764
2023-05-10 21:11:13,fu2404,fu2404,2791.0,0.0,0.0,0.0,2,2789.0,2794.0,1,2769.0,2791.0,2791.0,2785.0,18.0,501970.0,764
2023-05-10 21:11:13,fu2404,fu2404,2791.0,0.0,0.0,0.0,1,2787.0,2793.0,1,2769.0,2791.0,2791.0,2785.0,18.0,501970.0,764
2023-05-10 21:11:14,fu2404,fu2404,2791.0,0.0,0.0,0.0,4,2788.0,2793.0,1,2769.0,2791.0,2791.0,2785.0,18.0,501970.0,764
2023-05-10 21:11:14,fu2404,fu2404,2791.0,0.0,0.0,0.0,4,2788.0,2791.0,1,2769.0,2791.0,2791.0,2785.0,18.0,501970.0,764
2023-05-10 21:11:16,fu2404,fu2404,2791.0,0.0,0.0,0.0,1,2787.0,2791.0,1,2769.0,2791.0,2791.0,2785.0,18.0,501970.0,764
2023-05-10 21:11:17,fu2404,fu2404,2791.0,0.0,0.0,0.0,4,2787.0,2791.0,1,2769.0,2791.0,2791.0,2785.0,18.0,501970.0,764
2023-05-10 21:11:17,fu2404,fu2404,2791.0,0.0,0.0,0.0,4,2787.0,2791.0,1,2769.0,2791.0,2791.0,2785.0,18.0,501970.0,764
2023-05-10 21:11:18,fu2404,fu2404,2791.0,0.0,0.0,0.0,3,2787.0,2791.0,1,2769.0,2791.0,2791.0,2785.0,18.0,501970.0,764
2023-05-10 21:11:20,fu2404,fu2404,2791.0,0.0,0.0,0.0,5,2787.0,2791.0,1,2769.0,2791.0,2791.0,2785.0,18.0,501970.0,764
2023-05-10 21:11:20,fu2404,fu2404,2791.0,0.0,0.0,0.0,3,2788.0,2791.0,1,2769.0,2791.0,2791.0,2785.0,18.0,501970.0,764
2023-05-10 21:11:22,fu2404,fu2404,2791.0,0.0,0.0,0.0,5,2788.0,2791.0,1,2769.0,2791.0,2791.0,2785.0,18.0,501970.0,764
2023-05-10 21:11:23,fu2404,fu2404,2791.0,0.0,0.0,0.0,1,2789.0,2791.0,1,2769.0,2791.0,2791.0,2785.0,18.0,501970.0,764
2023-05-10 21:11:23,fu2404,fu2404,2791.0,0.0,0.0,0.0,4,2788.0,2791.0,1,2769.0,2791.0,2791.0,2785.0,18.0,501970.0,764
2023-05-10 21:11:24,fu2404,fu2404,2791.0,0.0,0.0,0.0,5,2788.0,2791.0,1,2769.0,2791.0,2791.0,2785.0,18.0,501970.0,764
2023-05-10 21:11:24,fu2404,fu2404,2791.0,0.0,0.0,0.0,4,2789.0,2791.0,1,2769.0,2791.0,2791.0,2785.0,18.0,501970.0,764
2023-05-10 21:11:25,fu2404,fu2404,2791.0,0.0,0.0,0.0,5,2789.0,2802.0,1,2769.0,2791.0,2791.0,2785.0,18.0,501970.0,764
2023-05-10 21:11:25,fu2404,fu2404,2791.0,0.0,0.0,0.0,1,2790.0,2792.0,1,2769.0,2791.0,2791.0,2785.0,18.0,501970.0,764
2023-05-10 21:11:26,fu2404,fu2404,2791.0,0.0,0.0,0.0,1,2790.0,2792.0,1,2769.0,2791.0,2791.0,2785.0,18.0,501970.0,764
2023-05-10 21:11:26,fu2404,fu2404,2791.0,0.0,0.0,0.0,1,2790.0,2792.0,1,2769.0,2791.0,2791.0,2785.0,18.0,501970.0,764
2023-05-10 21:11:27,fu2404,fu2404,2791.0,0.0,0.0,0.0,3,2789.0,2792.0,1,2769.0,2791.0,2791.0,2785.0,18.0,501970.0,764
2023-05-10 21:11:28,fu2404,fu2404,2791.0,0.0,0.0,0.0,8,2789.0,2792.0,1,2769.0,2791.0,2791.0,2785.0,18.0,501970.0,764
2023-05-10 21:11:30,fu2404,fu2404,2791.0,0.0,0.0,0.0,7,2789.0,2792.0,1,2769.0,2791.0,2791.0,2785.0,18.0,501970.0,764
2023-05-10 21:11:31,fu2404,fu2404,2791.0,0.0,0.0,0.0,7,2789.0,2792.0,1,2769.0,2791.0,2791.0,2785.0,18.0,501970.0,764
2023-05-10 21:11:31,fu2404,fu2404,2791.0,0.0,0.0,0.0,6,2789.0,2792.0,1,2769.0,2791.0,2791.0,2785.0,18.0,501970.0,764
2023-05-10 21:11:33,fu2404,fu2404,2791.0,0.0,0.0,0.0,2,2790.0,2792.0,1,2769.0,2791.0,2791.0,2785.0,18.0,501970.0,764
2023-05-10 21:11:34,fu2404,fu2404,2791.0,0.0,0.0,0.0,3,2790.0,2792.0,1,2769.0,2791.0,2791.0,2785.0,18.0,501970.0,764
2023-05-10 21:11:34,fu2404,fu2404,2791.0,0.0,0.0,0.0,1,2790.0,2792.0,1,2769.0,2791.0,2791.0,2785.0,18.0,501970.0,764
2023-05-10 21:11:35,fu2404,fu2404,2791.0,0.0,0.0,0.0,5,2790.0,2792.0,1,2769.0,2791.0,2791.0,2785.0,18.0,501970.0,764
2023-05-10 21:11:36,fu2404,fu2404,2791.0,0.0,0.0,0.0,5,2790.0,2795.0,1,2769.0,2791.0,2791.0,2785.0,18.0,501970.0,764
2023-05-10 21:11:36,fu2404,fu2404,2791.0,0.0,0.0,0.0,5,2790.0,2792.0,1,2769.0,2791.0,2791.0,2785.0,18.0,501970.0,764
2023-05-10 21:11:37,fu2404,fu2404,2791.0,0.0,0.0,0.0,3,2790.0,2792.0,1,2769.0,2791.0,2791.0,2785.0,18.0,501970.0,764
2023-05-10 21:11:40,fu2404,fu2404,2791.0,0.0,0.0,0.0,5,2790.0,2792.0,1,2769.0,2791.0,2791.0,2785.0,18.0,501970.0,764
2023-05-10 21:11:44,fu2404,fu2404,2791.0,0.0,0.0,0.0,3,2790.0,2792.0,1,2769.0,2791.0,2791.0,2785.0,18.0,501970.0,764
2023-05-10 21:11:45,fu2404,fu2404,2791.0,0.0,0.0,0.0,2,2790.0,2792.0,1,2769.0,2791.0,2791.0,2785.0,18.0,501970.0,764
2023-05-10 21:11:46,fu2404,fu2404,2791.0,0.0,0.0,0.0,1,2790.0,2792.0,1,2769.0,2791.0,2791.0,2785.0,18.0,501970.0,764
2023-05-10 21:11:46,fu2404,fu2404,2791.0,0.0,0.0,0.0,3,2790.0,2792.0,1,2769.0,2791.0,2791.0,2785.0,18.0,501970.0,764
2023-05-10 21:11:52,fu2404,fu2404,2791.0,0.0,0.0,0.0,2,2789.0,2792.0,1,2769.0,2791.0,2791.0,2785.0,18.0,501970.0,764
2023-05-10 21:11:52,fu2404,fu2404,2791.0,0.0,0.0,0.0,7,2789.0,2792.0,1,2769.0,2791.0,2791.0,2785.0,18.0,501970.0,764
2023-05-10 21:11:53,fu2404,fu2404,2791.0,0.0,0.0,0.0,7,2789.0,2792.0,1,2769.0,2791.0,2791.0,2785.0,18.0,501970.0,764
2023-05-10 21:11:53,fu2404,fu2404,2791.0,0.0,0.0,0.0,1,2790.0,2792.0,1,2769.0,2791.0,2791.0,2785.0,18.0,501970.0,764
2023-05-10 21:11:54,fu2404,fu2404,2791.0,0.0,0.0,0.0,2,2789.0,2792.0,1,2769.0,2791.0,2791.0,2785.0,18.0,501970.0,764
2023-05-10 21:11:55,fu2404,fu2404,2791.0,0.0,0.0,0.0,6,2789.0,2792.0,1,2769.0,2791.0,2791.0,2785.0,18.0,501970.0,764
2023-05-10 21:11:55,fu2404,fu2404,2791.0,0.0,0.0,0.0,4,2789.0,2792.0,1,2769.0,2791.0,2791.0,2785.0,18.0,501970.0,764
2023-05-10 21:12:00,fu2404,fu2404,2791.0,0.0,0.0,0.0,6,2789.0,2792.0,1,2769.0,2791.0,2791.0,2785.0,18.0,501970.0,764
2023-05-10 21:12:00,fu2404,fu2404,2791.0,0.0,0.0,0.0,5,2789.0,2792.0,1,2769.0,2791.0,2791.0,2785.0,18.0,501970.0,764
2023-05-10 21:12:01,fu2404,fu2404,2791.0,0.0,0.0,0.0,2,2790.0,2792.0,1,2769.0,2791.0,2791.0,2785.0,18.0,501970.0,764
2023-05-10 21:12:02,fu2404,fu2404,2791.0,0.0,0.0,0.0,2,2789.0,2792.0,1,2769.0,2791.0,2791.0,2785.0,18.0,501970.0,764
2023-05-10 21:12:02,fu2404,fu2404,2791.0,0.0,0.0,0.0,6,2789.0,2792.0,1,2769.0,2791.0,2791.0,2785.0,18.0,501970.0,764
2023-05-10 21:12:09,fu2404,fu2404,2791.0,0.0,0.0,0.0,4,2789.0,2792.0,1,2769.0,2791.0,2791.0,2785.0,18.0,501970.0,764
2023-05-10 21:12:09,fu2404,fu2404,2791.0,0.0,0.0,0.0,5,2789.0,2792.0,1,2769.0,2791.0,2791.0,2785.0,18.0,501970.0,764
2023-05-10 21:12:10,fu2404,fu2404,2791.0,0.0,0.0,0.0,4,2789.0,2792.0,1,2769.0,2791.0,2791.0,2785.0,18.0,501970.0,764
2023-05-10 21:12:10,fu2404,fu2404,2791.0,0.0,0.0,0.0,5,2789.0,2792.0,1,2769.0,2791.0,2791.0,2785.0,18.0,501970.0,764
2023-05-10 21:12:11,fu2404,fu2404,2791.0,0.0,0.0,0.0,4,2790.0,2792.0,1,2769.0,2791.0,2791.0,2785.0,18.0,501970.0,764
2023-05-10 21:12:11,fu2404,fu2404,2791.0,0.0,0.0,0.0,5,2790.0,2792.0,1,2769.0,2791.0,2791.0,2785.0,18.0,501970.0,764
2023-05-10 21:12:15,fu2404,fu2404,2791.0,0.0,0.0,0.0,2,2789.0,2792.0,1,2769.0,2791.0,2791.0,2785.0,18.0,501970.0,764
2023-05-10 21:12:16,fu2404,fu2404,2791.0,0.0,0.0,0.0,7,2789.0,2792.0,1,2769.0,2791.0,2791.0,2785.0,18.0,501970.0,764
2023-05-10 21:12:17,fu2404,fu2404,2791.0,0.0,0.0,0.0,2,2789.0,2792.0,1,2769.0,2791.0,2791.0,2785.0,18.0,501970.0,764
2023-05-10 21:12:18,fu2404,fu2404,2791.0,0.0,0.0,0.0,2,2787.0,2792.0,1,2769.0,2791.0,2791.0,2785.0,18.0,501970.0,764
2023-05-10 21:12:18,fu2404,fu2404,2791.0,0.0,0.0,0.0,2,2787.0,2792.0,2,2769.0,2791.0,2791.0,2785.0,18.0,501970.0,764
2023-05-10 21:12:19,fu2404,fu2404,2791.0,0.0,0.0,0.0,4,2788.0,2792.0,2,2769.0,2791.0,2791.0,2785.0,18.0,501970.0,764
2023-05-10 21:12:19,fu2404,fu2404,2791.0,0.0,0.0,0.0,5,2788.0,2792.0,2,2769.0,2791.0,2791.0,2785.0,18.0,501970.0,764
2023-05-10 21:12:22,fu2404,fu2404,2791.0,0.0,0.0,0.0,4,2788.0,2792.0,2,2769.0,2791.0,2791.0,2785.0,18.0,501970.0,764
2023-05-10 21:12:25,fu2404,fu2404,2791.0,0.0,0.0,0.0,4,2788.0,2792.0,1,2769.0,2791.0,2791.0,2785.0,18.0,501970.0,764
2023-05-10 21:12:28,fu2404,fu2404,2791.0,0.0,0.0,0.0,2,2788.0,2792.0,1,2769.0,2791.0,2791.0,2785.0,18.0,501970.0,764
2023-05-10 21:12:28,fu2404,fu2404,2791.0,0.0,0.0,0.0,2,2787.0,2792.0,2,2769.0,2791.0,2791.0,2785.0,18.0,501970.0,764
2023-05-10 21:12:29,fu2404,fu2404,2791.0,0.0,0.0,0.0,6,2787.0,2792.0,2,2769.0,2791.0,2791.0,2785.0,18.0,501970.0,764
2023-05-10 21:12:32,fu2404,fu2404,2791.0,0.0,0.0,0.0,5,2787.0,2792.0,2,2769.0,2791.0,2791.0,2785.0,18.0,501970.0,764
2023-05-10 21:12:40,fu2404,fu2404,2791.0,0.0,0.0,0.0,6,2787.0,2792.0,2,2769.0,2791.0,2791.0,2785.0,18.0,501970.0,764
2023-05-10 21:12:44,fu2404,fu2404,2791.0,0.0,0.0,0.0,3,2787.0,2792.0,2,2769.0,2791.0,2791.0,2785.0,18.0,501970.0,764
2023-05-10 21:12:45,fu2404,fu2404,2791.0,0.0,0.0,0.0,2,2787.0,2792.0,2,2769.0,2791.0,2791.0,2785.0,18.0,501970.0,764
2023-05-10 21:12:45,fu2404,fu2404,2791.0,0.0,0.0,0.0,2,2787.0,2792.0,2,2769.0,2791.0,2791.0,2785.0,18.0,501970.0,764
2023-05-10 21:12:46,fu2404,fu2404,2791.0,0.0,0.0,0.0,2,2787.0,2792.0,2,2769.0,2791.0,2791.0,2785.0,18.0,501970.0,764
2023-05-10 21:12:47,fu2404,fu2404,2791.0,0.0,0.0,0.0,7,2787.0,2792.0,2,2769.0,2791.0,2791.0,2785.0,18.0,501970.0,764
2023-05-10 21:12:47,fu2404,fu2404,2791.0,0.0,0.0,0.0,6,2787.0,2792.0,2,2769.0,2791.0,2791.0,2785.0,18.0,501970.0,764
2023-05-10 21:12:48,fu2404,fu2404,2791.0,0.0,0.0,0.0,5,2787.0,2791.0,1,2769.0,2791.0,2791.0,2785.0,18.0,501970.0,764
2023-05-10 21:12:48,fu2404,fu2404,2791.0,0.0,0.0,0.0,5,2787.0,2791.0,1,2769.0,2791.0,2791.0,2785.0,18.0,501970.0,764
2023-05-10 21:12:53,fu2404,fu2404,2791.0,0.0,0.0,0.0,2,2787.0,2791.0,1,2769.0,2791.0,2791.0,2785.0,18.0,501970.0,764
2023-05-10 21:12:57,fu2404,fu2404,2791.0,0.0,0.0,0.0,4,2787.0,2791.0,1,2769.0,2791.0,2791.0,2785.0,18.0,501970.0,764
2023-05-10 21:12:58,fu2404,fu2404,2791.0,0.0,0.0,0.0,7,2787.0,2790.0,1,2769.0,2791.0,2791.0,2785.0,18.0,501970.0,764
2023-05-10 21:13:04,fu2404,fu2404,2791.0,0.0,0.0,0.0,3,2787.0,2790.0,1,2769.0,2791.0,2791.0,2785.0,18.0,501970.0,764
2023-05-10 21:13:04,fu2404,fu2404,2791.0,0.0,0.0,0.0,2,2787.0,2790.0,1,2769.0,2791.0,2791.0,2785.0,18.0,501970.0,764
2023-05-10 21:13:06,fu2404,fu2404,2791.0,0.0,0.0,0.0,4,2787.0,2790.0,1,2769.0,2791.0,2791.0,2785.0,18.0,501970.0,764
2023-05-10 21:13:07,fu2404,fu2404,2791.0,0.0,0.0,0.0,2,2787.0,2790.0,1,2769.0,2791.0,2791.0,2785.0,18.0,501970.0,764
2023-05-10 21:13:07,fu2404,fu2404,2791.0,0.0,0.0,0.0,2,2787.0,2790.0,1,2769.0,2791.0,2791.0,2785.0,18.0,501970.0,764
2023-05-10 21:13:08,fu2404,fu2404,2791.0,0.0,0.0,0.0,1,2785.0,2790.0,1,2769.0,2791.0,2791.0,2785.0,18.0,501970.0,764
2023-05-10 21:13:08,fu2404,fu2404,2791.0,0.0,0.0,0.0,3,2786.0,2790.0,1,2769.0,2791.0,2791.0,2785.0,18.0,501970.0,764
2023-05-10 21:13:10,fu2404,fu2404,2791.0,0.0,0.0,0.0,1,2786.0,2790.0,1,2769.0,2791.0,2791.0,2785.0,18.0,501970.0,764
2023-05-10 21:13:10,fu2404,fu2404,2791.0,0.0,0.0,0.0,3,2785.0,2790.0,1,2769.0,2791.0,2791.0,2785.0,18.0,501970.0,764
2023-05-10 21:13:11,fu2404,fu2404,2791.0,0.0,0.0,0.0,8,2785.0,2790.0,1,2769.0,2791.0,2791.0,2785.0,18.0,501970.0,764
2023-05-10 21:13:15,fu2404,fu2404,2791.0,0.0,0.0,0.0,7,2785.0,2790.0,1,2769.0,2791.0,2791.0,2785.0,18.0,501970.0,764
2023-05-10 21:13:17,fu2404,fu2404,2791.0,0.0,0.0,0.0,6,2785.0,2790.0,1,2769.0,2791.0,2791.0,2785.0,18.0,501970.0,764
2023-05-10 21:13:18,fu2404,fu2404,2791.0,0.0,0.0,0.0,7,2785.0,2790.0,1,2769.0,2791.0,2791.0,2785.0,18.0,501970.0,764
2023-05-10 21:13:18,fu2404,fu2404,2791.0,0.0,0.0,0.0,7,2785.0,2790.0,2,2769.0,2791.0,2791.0,2785.0,18.0,501970.0,764
2023-05-10 21:13:19,fu2404,fu2404,2791.0,0.0,0.0,0.0,7,2785.0,2790.0,2,2769.0,2791.0,2791.0,2785.0,18.0,501970.0,764
2023-05-10 21:13:20,fu2404,fu2404,2791.0,0.0,0.0,0.0,3,2785.0,2790.0,2,2769.0,2791.0,2791.0,2785.0,18.0,501970.0,764
2023-05-10 21:13:20,fu2404,fu2404,2791.0,0.0,0.0,0.0,4,2785.0,2790.0,2,2769.0,2791.0,2791.0,2785.0,18.0,501970.0,764
2023-05-10 21:13:21,fu2404,fu2404,2791.0,0.0,0.0,0.0,2,2785.0,2790.0,2,2769.0,2791.0,2791.0,2785.0,18.0,501970.0,764
2023-05-10 21:13:22,fu2404,fu2404,2791.0,0.0,0.0,0.0,5,2785.0,2790.0,2,2769.0,2791.0,2791.0,2785.0,18.0,501970.0,764
2023-05-10 21:13:22,fu2404,fu2404,2791.0,0.0,0.0,0.0,6,2785.0,2790.0,2,2769.0,2791.0,2791.0,2785.0,18.0,501970.0,764
2023-05-10 21:13:23,fu2404,fu2404,2791.0,0.0,0.0,0.0,7,2785.0,2790.0,2,2769.0,2791.0,2791.0,2785.0,18.0,501970.0,764
2023-05-10 21:13:28,fu2404,fu2404,2791.0,0.0,0.0,0.0,2,2786.0,2790.0,2,2769.0,2791.0,2791.0,2785.0,18.0,501970.0,764
2023-05-10 21:13:30,fu2404,fu2404,2791.0,0.0,0.0,0.0,3,2786.0,2790.0,3,2769.0,2791.0,2791.0,2785.0,18.0,501970.0,764
2023-05-10 21:13:30,fu2404,fu2404,2791.0,0.0,0.0,0.0,5,2786.0,2790.0,3,2769.0,2791.0,2791.0,2785.0,18.0,501970.0,764
2023-05-10 21:13:31,fu2404,fu2404,2791.0,0.0,0.0,0.0,5,2786.0,2790.0,2,2769.0,2791.0,2791.0,2785.0,18.0,501970.0,764
2023-05-10 21:13:31,fu2404,fu2404,2791.0,0.0,0.0,0.0,5,2786.0,2790.0,2,2769.0,2791.0,2791.0,2785.0,18.0,501970.0,764
2023-05-10 21:13:33,fu2404,fu2404,2791.0,0.0,0.0,0.0,3,2786.0,2790.0,2,2769.0,2791.0,2791.0,2785.0,18.0,501970.0,764
2023-05-10 21:13:34,fu2404,fu2404,2791.0,0.0,0.0,0.0,1,2786.0,2790.0,2,2769.0,2791.0,2791.0,2785.0,18.0,501970.0,764
2023-05-10 21:13:35,fu2404,fu2404,2791.0,0.0,0.0,0.0,3,2785.0,2790.0,2,2769.0,2791.0,2791.0,2785.0,18.0,501970.0,764
2023-05-10 21:13:35,fu2404,fu2404,2791.0,0.0,0.0,0.0,2,2786.0,2790.0,2,2769.0,2791.0,2791.0,2785.0,18.0,501970.0,764
2023-05-10 21:13:36,fu2404,fu2404,2791.0,0.0,0.0,0.0,3,2785.0,2790.0,2,2769.0,2791.0,2791.0,2785.0,18.0,501970.0,764
2023-05-10 21:13:36,fu2404,fu2404,2791.0,0.0,0.0,0.0,2,2786.0,2790.0,2,2769.0,2791.0,2791.0,2785.0,18.0,501970.0,764
2023-05-10 21:13:37,fu2404,fu2404,2791.0,0.0,0.0,0.0,4,2786.0,2790.0,2,2769.0,2791.0,2791.0,2785.0,18.0,501970.0,764
2023-05-10 21:13:37,fu2404,fu2404,2791.0,0.0,0.0,0.0,4,2787.0,2790.0,2,2769.0,2791.0,2791.0,2785.0,18.0,501970.0,764
2023-05-10 21:13:38,fu2404,fu2404,2791.0,0.0,0.0,0.0,1,2787.0,2790.0,2,2769.0,2791.0,2791.0,2785.0,18.0,501970.0,764
2023-05-10 21:13:39,fu2404,fu2404,2791.0,0.0,0.0,0.0,3,2785.0,2790.0,2,2769.0,2791.0,2791.0,2785.0,18.0,501970.0,764
2023-05-10 21:13:39,fu2404,fu2404,2791.0,0.0,0.0,0.0,5,2786.0,2790.0,2,2769.0,2791.0,2791.0,2785.0,18.0,501970.0,764
2023-05-10 21:13:40,fu2404,fu2404,2791.0,0.0,0.0,0.0,4,2786.0,2790.0,2,2769.0,2791.0,2791.0,2785.0,18.0,501970.0,764
2023-05-10 21:13:41,fu2404,fu2404,2791.0,0.0,0.0,0.0,2,2786.0,2790.0,2,2769.0,2791.0,2791.0,2785.0,18.0,501970.0,764
2023-05-10 21:13:43,fu2404,fu2404,2791.0,0.0,0.0,0.0,3,2785.0,2790.0,2,2769.0,2791.0,2791.0,2785.0,18.0,501970.0,764
2023-05-10 21:13:44,fu2404,fu2404,2791.0,0.0,0.0,0.0,7,2785.0,2790.0,2,2769.0,2791.0,2791.0,2785.0,18.0,501970.0,764
2023-05-10 21:13:44,fu2404,fu2404,2791.0,0.0,0.0,0.0,7,2785.0,2790.0,3,2769.0,2791.0,2791.0,2785.0,18.0,501970.0,764
2023-05-10 21:13:46,fu2404,fu2404,2791.0,0.0,0.0,0.0,4,2785.0,2790.0,3,2769.0,2791.0,2791.0,2785.0,18.0,501970.0,764
2023-05-10 21:13:47,fu2404,fu2404,2791.0,0.0,0.0,0.0,7,2785.0,2790.0,3,2769.0,2791.0,2791.0,2785.0,18.0,501970.0,764
2023-05-10 21:13:53,fu2404,fu2404,2791.0,0.0,0.0,0.0,5,2785.0,2790.0,3,2769.0,2791.0,2791.0,2785.0,18.0,501970.0,764
2023-05-10 21:13:55,fu2404,fu2404,2791.0,0.0,0.0,0.0,2,2778.0,2789.0,1,2769.0,2791.0,2791.0,2785.0,18.0,501970.0,764
2023-05-10 21:13:55,fu2404,fu2404,2791.0,0.0,0.0,0.0,5,2784.0,2788.0,1,2769.0,2791.0,2791.0,2785.0,18.0,501970.0,764
2023-05-10 21:13:56,fu2404,fu2404,2791.0,0.0,0.0,0.0,3,2784.0,2787.0,1,2769.0,2791.0,2791.0,2785.0,18.0,501970.0,764
2023-05-10 21:13:57,fu2404,fu2404,2791.0,0.0,0.0,0.0,1,2784.0,2787.0,1,2769.0,2791.0,2791.0,2785.0,18.0,501970.0,764
2023-05-10 21:13:58,fu2404,fu2404,2791.0,0.0,0.0,0.0,1,2784.0,2787.0,1,2769.0,2791.0,2791.0,2785.0,18.0,501970.0,764
2023-05-10 21:13:59,fu2404,fu2404,2791.0,0.0,0.0,0.0,1,2783.0,2787.0,1,2769.0,2791.0,2791.0,2785.0,18.0,501970.0,764
2023-05-10 21:14:00,fu2404,fu2404,2791.0,0.0,0.0,0.0,4,2783.0,2787.0,1,2769.0,2791.0,2791.0,2785.0,18.0,501970.0,764
2023-05-10 21:14:00,fu2404,fu2404,2791.0,0.0,0.0,0.0,3,2783.0,2787.0,1,2769.0,2791.0,2791.0,2785.0,18.0,501970.0,764
2023-05-10 21:14:02,fu2404,fu2404,2791.0,0.0,0.0,0.0,4,2783.0,2787.0,1,2769.0,2791.0,2791.0,2785.0,18.0,501970.0,764
2023-05-10 21:14:02,fu2404,fu2404,2791.0,0.0,0.0,0.0,2,2784.0,2787.0,1,2769.0,2791.0,2791.0,2785.0,18.0,501970.0,764
2023-05-10 21:14:03,fu2404,fu2404,2791.0,0.0,0.0,0.0,3,2784.0,2787.0,1,2769.0,2791.0,2791.0,2785.0,18.0,501970.0,764
2023-05-10 21:14:03,fu2404,fu2404,2791.0,0.0,0.0,0.0,2,2784.0,2787.0,1,2769.0,2791.0,2791.0,2785.0,18.0,501970.0,764
2023-05-10 21:14:04,fu2404,fu2404,2791.0,0.0,0.0,0.0,3,2782.0,2787.0,1,2769.0,2791.0,2791.0,2785.0,18.0,501970.0,764
2023-05-10 21:14:04,fu2404,fu2404,2791.0,0.0,0.0,0.0,5,2783.0,2787.0,1,2769.0,2791.0,2791.0,2785.0,18.0,501970.0,764
2023-05-10 21:14:07,fu2404,fu2404,2791.0,0.0,0.0,0.0,3,2784.0,2787.0,1,2769.0,2791.0,2791.0,2785.0,18.0,501970.0,764
2023-05-10 21:14:08,fu2404,fu2404,2791.0,0.0,0.0,0.0,4,2784.0,2787.0,1,2769.0,2791.0,2791.0,2785.0,18.0,501970.0,764
2023-05-10 21:14:09,fu2404,fu2404,2791.0,0.0,0.0,0.0,5,2784.0,2787.0,1,2769.0,2791.0,2791.0,2785.0,18.0,501970.0,764
2023-05-10 21:14:11,fu2404,fu2404,2791.0,0.0,0.0,0.0,3,2782.0,2787.0,1,2769.0,2791.0,2791.0,2785.0,18.0,501970.0,764
2023-05-10 21:14:12,fu2404,fu2404,2791.0,0.0,0.0,0.0,5,2783.0,2787.0,1,2769.0,2791.0,2791.0,2785.0,18.0,501970.0,764
2023-05-10 21:14:22,fu2404,fu2404,2791.0,0.0,0.0,0.0,2,2782.0,2787.0,1,2769.0,2791.0,2791.0,2785.0,18.0,501970.0,764
2023-05-10 21:14:23,fu2404,fu2404,2791.0,0.0,0.0,0.0,2,2782.0,2787.0,1,2769.0,2791.0,2791.0,2785.0,18.0,501970.0,764
2023-05-10 21:14:24,fu2404,fu2404,2791.0,0.0,0.0,0.0,7,2782.0,2787.0,1,2769.0,2791.0,2791.0,2785.0,18.0,501970.0,764
2023-05-10 21:14:25,fu2404,fu2404,2791.0,0.0,0.0,0.0,2,2783.0,2787.0,1,2769.0,2791.0,2791.0,2785.0,18.0,501970.0,764
2023-05-10 21:14:26,fu2404,fu2404,2791.0,0.0,0.0,0.0,2,2783.0,2787.0,1,2769.0,2791.0,2791.0,2785.0,18.0,501970.0,764
2023-05-10 21:14:27,fu2404,fu2404,2791.0,0.0,0.0,0.0,4,2783.0,2787.0,1,2769.0,2791.0,2791.0,2785.0,18.0,501970.0,764
2023-05-10 21:14:30,fu2404,fu2404,2791.0,0.0,0.0,0.0,5,2783.0,2787.0,1,2769.0,2791.0,2791.0,2785.0,18.0,501970.0,764
2023-05-10 21:14:33,fu2404,fu2404,2791.0,0.0,0.0,0.0,1,2784.0,2787.0,1,2769.0,2791.0,2791.0,2785.0,18.0,501970.0,764
2023-05-10 21:14:34,fu2404,fu2404,2791.0,0.0,0.0,0.0,5,2784.0,2787.0,1,2769.0,2791.0,2791.0,2785.0,18.0,501970.0,764
2023-05-10 21:14:34,fu2404,fu2404,2791.0,0.0,0.0,0.0,3,2782.0,2787.0,1,2769.0,2791.0,2791.0,2785.0,18.0,501970.0,764
2023-05-10 21:14:35,fu2404,fu2404,2791.0,0.0,0.0,0.0,5,2783.0,2787.0,1,2769.0,2791.0,2791.0,2785.0,18.0,501970.0,764
2023-05-10 21:14:38,fu2404,fu2404,2791.0,0.0,0.0,0.0,4,2783.0,2787.0,1,2769.0,2791.0,2791.0,2785.0,18.0,501970.0,764
2023-05-10 21:14:39,fu2404,fu2404,2791.0,0.0,0.0,0.0,5,2783.0,2787.0,1,2769.0,2791.0,2791.0,2785.0,18.0,501970.0,764
2023-05-10 21:14:41,fu2404,fu2404,2791.0,0.0,0.0,0.0,5,2784.0,2787.0,1,2769.0,2791.0,2791.0,2785.0,18.0,501970.0,764
2023-05-10 21:14:42,fu2404,fu2404,2791.0,0.0,0.0,0.0,2,2784.0,2787.0,1,2769.0,2791.0,2791.0,2785.0,18.0,501970.0,764
2023-05-10 21:14:42,fu2404,fu2404,2791.0,0.0,0.0,0.0,3,2782.0,2787.0,1,2769.0,2791.0,2791.0,2785.0,18.0,501970.0,764
2023-05-10 21:14:43,fu2404,fu2404,2791.0,0.0,0.0,0.0,5,2783.0,2787.0,1,2769.0,2791.0,2791.0,2785.0,18.0,501970.0,764
2023-05-10 21:14:48,fu2404,fu2404,2791.0,0.0,0.0,0.0,4,2783.0,2787.0,1,2769.0,2791.0,2791.0,2785.0,18.0,501970.0,764
2023-05-10 21:14:49,fu2404,fu2404,2791.0,0.0,0.0,0.0,3,2782.0,2787.0,1,2769.0,2791.0,2791.0,2785.0,18.0,501970.0,764
2023-05-10 21:14:49,fu2404,fu2404,2791.0,0.0,0.0,0.0,7,2782.0,2787.0,1,2769.0,2791.0,2791.0,2785.0,18.0,501970.0,764
2023-05-10 21:14:50,fu2404,fu2404,2791.0,0.0,0.0,0.0,7,2782.0,2787.0,2,2769.0,2791.0,2791.0,2785.0,18.0,501970.0,764
2023-05-10 21:14:52,fu2404,fu2404,2791.0,0.0,0.0,0.0,6,2782.0,2787.0,2,2769.0,2791.0,2791.0,2785.0,18.0,501970.0,764
2023-05-10 21:14:52,fu2404,fu2404,2791.0,0.0,0.0,0.0,5,2783.0,2787.0,2,2769.0,2791.0,2791.0,2785.0,18.0,501970.0,764
2023-05-10 21:14:54,fu2404,fu2404,2791.0,0.0,0.0,0.0,2,2782.0,2787.0,2,2769.0,2791.0,2791.0,2785.0,18.0,501970.0,764
2023-05-10 21:14:55,fu2404,fu2404,2791.0,0.0,0.0,0.0,4,2782.0,2787.0,2,2769.0,2791.0,2791.0,2785.0,18.0,501970.0,764
2023-05-10 21:14:56,fu2404,fu2404,2791.0,0.0,0.0,0.0,5,2782.0,2787.0,2,2769.0,2791.0,2791.0,2785.0,18.0,501970.0,764
2023-05-10 21:14:57,fu2404,fu2404,2791.0,0.0,0.0,0.0,6,2782.0,2787.0,2,2769.0,2791.0,2791.0,2785.0,18.0,501970.0,764
2023-05-10 21:15:01,fu2404,fu2404,2791.0,0.0,0.0,0.0,5,2782.0,2787.0,2,2769.0,2791.0,2791.0,2785.0,18.0,501970.0,764
2023-05-10 21:15:03,fu2404,fu2404,2791.0,0.0,0.0,0.0,6,2782.0,2787.0,2,2769.0,2791.0,2791.0,2785.0,18.0,501970.0,764
2023-05-10 21:15:05,fu2404,fu2404,2791.0,0.0,0.0,0.0,2,2783.0,2787.0,2,2769.0,2791.0,2791.0,2785.0,18.0,501970.0,764
2023-05-10 21:15:05,fu2404,fu2404,2791.0,0.0,0.0,0.0,5,2783.0,2787.0,1,2769.0,2791.0,2791.0,2785.0,18.0,501970.0,764
2023-05-10 21:15:06,fu2404,fu2404,2791.0,0.0,0.0,0.0,6,2783.0,2787.0,1,2769.0,2791.0,2791.0,2785.0,18.0,501970.0,764
2023-05-10 21:15:06,fu2404,fu2404,2791.0,0.0,0.0,0.0,3,2784.0,2787.0,1,2769.0,2791.0,2791.0,2785.0,18.0,501970.0,764
2023-05-10 21:15:07,fu2404,fu2404,2791.0,0.0,0.0,0.0,1,2783.0,2787.0,1,2769.0,2791.0,2791.0,2785.0,18.0,501970.0,764
2023-05-10 21:15:07,fu2404,fu2404,2791.0,0.0,0.0,0.0,6,2783.0,2787.0,1,2769.0,2791.0,2791.0,2785.0,18.0,501970.0,764
2023-05-10 21:15:08,fu2404,fu2404,2791.0,0.0,0.0,0.0,5,2783.0,2787.0,1,2769.0,2791.0,2791.0,2785.0,18.0,501970.0,764
2023-05-10 21:15:09,fu2404,fu2404,2791.0,0.0,0.0,0.0,5,2783.0,2787.0,1,2769.0,2791.0,2791.0,2785.0,18.0,501970.0,764
2023-05-10 21:15:11,fu2404,fu2404,2791.0,0.0,0.0,0.0,3,2782.0,2787.0,1,2769.0,2791.0,2791.0,2785.0,18.0,501970.0,764
2023-05-10 21:15:11,fu2404,fu2404,2791.0,0.0,0.0,0.0,7,2782.0,2787.0,2,2769.0,2791.0,2791.0,2785.0,18.0,501970.0,764
2023-05-10 21:15:14,fu2404,fu2404,2791.0,0.0,0.0,0.0,6,2782.0,2787.0,2,2769.0,2791.0,2791.0,2785.0,18.0,501970.0,764
2023-05-10 21:15:16,fu2404,fu2404,2791.0,0.0,0.0,0.0,2,2782.0,2787.0,2,2769.0,2791.0,2791.0,2785.0,18.0,501970.0,764
2023-05-10 21:15:16,fu2404,fu2404,2791.0,0.0,0.0,0.0,2,2782.0,2787.0,2,2769.0,2791.0,2791.0,2785.0,18.0,501970.0,764
2023-05-10 21:15:21,fu2404,fu2404,2791.0,0.0,0.0,0.0,4,2782.0,2787.0,2,2769.0,2791.0,2791.0,2785.0,18.0,501970.0,764
2023-05-10 21:15:21,fu2404,fu2404,2791.0,0.0,0.0,0.0,7,2782.0,2787.0,2,2769.0,2791.0,2791.0,2785.0,18.0,501970.0,764
2023-05-10 21:15:22,fu2404,fu2404,2791.0,0.0,0.0,0.0,2,2782.0,2787.0,2,2769.0,2791.0,2791.0,2785.0,18.0,501970.0,764
2023-05-10 21:15:22,fu2404,fu2404,2791.0,0.0,0.0,0.0,4,2782.0,2787.0,2,2769.0,2791.0,2791.0,2785.0,18.0,501970.0,764
2023-05-10 21:15:23,fu2404,fu2404,2791.0,0.0,0.0,0.0,7,2782.0,2787.0,2,2769.0,2791.0,2791.0,2785.0,18.0,501970.0,764
2023-05-10 21:15:24,fu2404,fu2404,2791.0,0.0,0.0,0.0,2,2782.0,2787.0,2,2769.0,2791.0,2791.0,2785.0,18.0,501970.0,764
2023-05-10 21:15:31,fu2404,fu2404,2791.0,0.0,0.0,0.0,2,2782.0,2787.0,2,2769.0,2791.0,2791.0,2785.0,18.0,501970.0,764
2023-05-10 21:15:31,fu2404,fu2404,2791.0,0.0,0.0,0.0,2,2780.0,2786.0,1,2769.0,2791.0,2791.0,2785.0,18.0,501970.0,764
2023-05-10 21:15:32,fu2404,fu2404,2791.0,0.0,0.0,0.0,4,2780.0,2786.0,1,2769.0,2791.0,2791.0,2785.0,18.0,501970.0,764
2023-05-10 21:15:32,fu2404,fu2404,2791.0,0.0,0.0,0.0,2,2781.0,2784.0,1,2769.0,2791.0,2791.0,2785.0,18.0,501970.0,764
2023-05-10 21:15:33,fu2404,fu2404,2791.0,0.0,0.0,0.0,6,2781.0,2784.0,1,2769.0,2791.0,2791.0,2785.0,18.0,501970.0,764
2023-05-10 21:15:34,fu2404,fu2404,2791.0,0.0,0.0,0.0,6,2781.0,2786.0,1,2769.0,2791.0,2791.0,2785.0,18.0,501970.0,764
2023-05-10 21:15:35,fu2404,fu2404,2791.0,0.0,0.0,0.0,2,2782.0,2785.0,1,2769.0,2791.0,2791.0,2785.0,18.0,501970.0,764
2023-05-10 21:15:36,fu2404,fu2404,2791.0,0.0,0.0,0.0,4,2782.0,2785.0,1,2769.0,2791.0,2791.0,2785.0,18.0,501970.0,764
2023-05-10 21:15:36,fu2404,fu2404,2791.0,0.0,0.0,0.0,1,2782.0,2785.0,1,2769.0,2791.0,2791.0,2785.0,18.0,501970.0,764
2023-05-10 21:15:37,fu2404,fu2404,2791.0,0.0,0.0,0.0,1,2781.0,2785.0,1,2769.0,2791.0,2791.0,2785.0,18.0,501970.0,764
2023-05-10 21:15:38,fu2404,fu2404,2791.0,0.0,0.0,0.0,6,2781.0,2785.0,1,2769.0,2791.0,2791.0,2785.0,18.0,501970.0,764
2023-05-10 21:15:41,fu2404,fu2404,2791.0,0.0,0.0,0.0,5,2781.0,2785.0,1,2769.0,2791.0,2791.0,2785.0,18.0,501970.0,764
2023-05-10 21:15:42,fu2404,fu2404,2791.0,0.0,0.0,0.0,2,2782.0,2785.0,1,2769.0,2791.0,2791.0,2785.0,18.0,501970.0,764
2023-05-10 21:15:43,fu2404,fu2404,2791.0,0.0,0.0,0.0,3,2782.0,2785.0,1,2769.0,2791.0,2791.0,2785.0,18.0,501970.0,764
2023-05-10 21:15:46,fu2404,fu2404,2791.0,0.0,0.0,0.0,1,2782.0,2785.0,1,2769.0,2791.0,2791.0,2785.0,18.0,501970.0,764
2023-05-10 21:15:46,fu2404,fu2404,2791.0,0.0,0.0,0.0,2,2782.0,2785.0,1,2769.0,2791.0,2791.0,2785.0,18.0,501970.0,764
2023-05-10 21:15:47,fu2404,fu2404,2791.0,0.0,0.0,0.0,4,2782.0,2785.0,1,2769.0,2791.0,2791.0,2785.0,18.0,501970.0,764
2023-05-10 21:15:47,fu2404,fu2404,2791.0,0.0,0.0,0.0,1,2781.0,2785.0,1,2769.0,2791.0,2791.0,2785.0,18.0,501970.0,764
2023-05-10 21:15:48,fu2404,fu2404,2791.0,0.0,0.0,0.0,5,2781.0,2785.0,1,2769.0,2791.0,2791.0,2785.0,18.0,501970.0,764
2023-05-10 21:15:49,fu2404,fu2404,2791.0,0.0,0.0,0.0,3,2781.0,2785.0,1,2769.0,2791.0,2791.0,2785.0,18.0,501970.0,764
2023-05-10 21:15:49,fu2404,fu2404,2791.0,0.0,0.0,0.0,2,2780.0,2785.0,1,2769.0,2791.0,2791.0,2785.0,18.0,501970.0,764
2023-05-10 21:15:50,fu2404,fu2404,2791.0,0.0,0.0,0.0,7,2780.0,2785.0,2,2769.0,2791.0,2791.0,2785.0,18.0,501970.0,764
2023-05-10 21:15:54,fu2404,fu2404,2791.0,0.0,0.0,0.0,6,2780.0,2785.0,2,2769.0,2791.0,2791.0,2785.0,18.0,501970.0,764
2023-05-10 21:15:54,fu2404,fu2404,2791.0,0.0,0.0,0.0,7,2780.0,2785.0,2,2769.0,2791.0,2791.0,2785.0,18.0,501970.0,764
2023-05-10 21:15:55,fu2404,fu2404,2791.0,0.0,0.0,0.0,2,2781.0,2785.0,1,2769.0,2791.0,2791.0,2785.0,18.0,501970.0,764
2023-05-10 21:15:55,fu2404,fu2404,2791.0,0.0,0.0,0.0,2,2781.0,2785.0,1,2769.0,2791.0,2791.0,2785.0,18.0,501970.0,764
2023-05-10 21:15:57,fu2404,fu2404,2791.0,0.0,0.0,0.0,3,2781.0,2785.0,1,2769.0,2791.0,2791.0,2785.0,18.0,501970.0,764
2023-05-10 21:15:57,fu2404,fu2404,2791.0,0.0,0.0,0.0,3,2780.0,2785.0,1,2769.0,2791.0,2791.0,2785.0,18.0,501970.0,764
2023-05-10 21:15:58,fu2404,fu2404,2791.0,0.0,0.0,0.0,8,2780.0,2785.0,1,2769.0,2791.0,2791.0,2785.0,18.0,501970.0,764
2023-05-10 21:16:00,fu2404,fu2404,2791.0,0.0,0.0,0.0,1,2781.0,2785.0,1,2769.0,2791.0,2791.0,2785.0,18.0,501970.0,764
2023-05-10 21:16:00,fu2404,fu2404,2791.0,0.0,0.0,0.0,3,2781.0,2785.0,1,2769.0,2791.0,2791.0,2785.0,18.0,501970.0,764
2023-05-10 21:16:01,fu2404,fu2404,2791.0,0.0,0.0,0.0,5,2781.0,2785.0,1,2769.0,2791.0,2791.0,2785.0,18.0,501970.0,764
2023-05-10 21:16:01,fu2404,fu2404,2791.0,0.0,0.0,0.0,4,2781.0,2785.0,1,2769.0,2791.0,2791.0,2785.0,18.0,501970.0,764
2023-05-10 21:16:02,fu2404,fu2404,2791.0,0.0,0.0,0.0,3,2780.0,2785.0,1,2769.0,2791.0,2791.0,2785.0,18.0,501970.0,764
