time,symbol_id,symbol_name,last,trade_volume,trade_amount,open_interest_change,bv1,bp1,ap1,av1,yesterday_close,today_open,today_high,today_low,volume,amount,open_interest
2023-05-10 19:12:58,RM2403,RM403,2678.0,0.0,0.0,0.0,0,0.0,0.0,0,2678.0,2680.0,0.0,0.0,0.0,0.0,2344
2023-05-10 20:59:00,RM2403,RM403,2678.0,0.0,0.0,0.0,2,2671.0,2748.0,8,2678.0,2680.0,0.0,0.0,0.0,0.0,2344
2023-05-10 21:00:00,RM2403,RM403,2678.0,0.0,0.0,0.0,1,2679.0,2684.0,1,2678.0,2680.0,0.0,0.0,0.0,0.0,2344
2023-05-10 21:00:01,RM2403,RM403,2678.0,0.0,0.0,0.0,2,2677.0,2683.0,1,2678.0,2680.0,0.0,0.0,0.0,0.0,2344
2023-05-10 21:00:01,RM2403,RM403,2678.0,0.0,0.0,0.0,1,2677.0,2685.0,1,2678.0,2680.0,0.0,0.0,0.0,0.0,2344
2023-05-10 21:00:02,RM2403,RM403,2678.0,0.0,0.0,0.0,4,2678.0,2685.0,1,2678.0,2680.0,0.0,0.0,0.0,0.0,2344
2023-05-10 21:00:03,RM2403,RM403,2678.0,0.0,0.0,0.0,2,2679.0,2684.0,1,2678.0,2680.0,0.0,0.0,0.0,0.0,2344
2023-05-10 21:00:03,RM2403,RM403,2678.0,0.0,0.0,0.0,1,2680.0,2685.0,1,2678.0,2680.0,0.0,0.0,0.0,0.0,2344
2023-05-10 21:00:03,RM2403,RM403,2678.0,0.0,0.0,0.0,1,2679.0,2683.0,1,2678.0,2680.0,0.0,0.0,0.0,0.0,2344
2023-05-10 21:00:04,RM2403,RM403,2678.0,0.0,0.0,0.0,1,2680.0,2684.0,1,2678.0,2680.0,0.0,0.0,0.0,0.0,2344
2023-05-10 21:00:05,RM2403,RM403,2678.0,0.0,0.0,0.0,3,2678.0,2683.0,1,2678.0,2680.0,0.0,0.0,0.0,0.0,2344
2023-05-10 21:00:05,RM2403,RM403,2678.0,0.0,0.0,0.0,1,2679.0,2683.0,1,2678.0,2680.0,0.0,0.0,0.0,0.0,2344
2023-05-10 21:00:05,RM2403,RM403,2678.0,0.0,0.0,0.0,4,2679.0,2683.0,1,2678.0,2680.0,0.0,0.0,0.0,0.0,2344
2023-05-10 21:00:06,RM2403,RM403,2678.0,0.0,0.0,0.0,4,2680.0,2685.0,1,2678.0,2680.0,0.0,0.0,0.0,0.0,2344
2023-05-10 21:00:06,RM2403,RM403,2678.0,0.0,0.0,0.0,4,2680.0,2684.0,1,2678.0,2680.0,0.0,0.0,0.0,0.0,2344
2023-05-10 21:00:07,RM2403,RM403,2678.0,0.0,0.0,0.0,4,2681.0,2685.0,1,2678.0,2680.0,0.0,0.0,0.0,0.0,2344
2023-05-10 21:00:07,RM2403,RM403,2678.0,0.0,0.0,0.0,3,2680.0,2683.0,1,2678.0,2680.0,0.0,0.0,0.0,0.0,2344
2023-05-10 21:00:08,RM2403,RM403,2678.0,0.0,0.0,0.0,2,2681.0,2684.0,1,2678.0,2680.0,0.0,0.0,0.0,0.0,2344
2023-05-10 21:00:09,RM2403,RM403,2678.0,0.0,0.0,0.0,4,2681.0,2685.0,1,2678.0,2680.0,0.0,0.0,0.0,0.0,2344
2023-05-10 21:00:09,RM2403,RM403,2678.0,0.0,0.0,0.0,4,2679.0,2685.0,1,2678.0,2680.0,0.0,0.0,0.0,0.0,2344
2023-05-10 21:00:10,RM2403,RM403,2678.0,0.0,0.0,0.0,4,2679.0,2683.0,1,2678.0,2680.0,0.0,0.0,0.0,0.0,2344
2023-05-10 21:00:12,RM2403,RM403,2678.0,0.0,0.0,0.0,3,2680.0,2683.0,1,2678.0,2680.0,0.0,0.0,0.0,0.0,2344
2023-05-10 21:00:12,RM2403,RM403,2678.0,0.0,0.0,0.0,4,2680.0,2684.0,1,2678.0,2680.0,0.0,0.0,0.0,0.0,2344
2023-05-10 21:00:13,RM2403,RM403,2678.0,0.0,0.0,0.0,3,2681.0,2684.0,1,2678.0,2680.0,0.0,0.0,0.0,0.0,2344
2023-05-10 21:00:13,RM2403,RM403,2678.0,0.0,0.0,0.0,4,2679.0,2683.0,1,2678.0,2680.0,0.0,0.0,0.0,0.0,2344
2023-05-10 21:00:15,RM2403,RM403,2678.0,0.0,0.0,0.0,2,2680.0,2683.0,1,2678.0,2680.0,0.0,0.0,0.0,0.0,2344
2023-05-10 21:00:16,RM2403,RM403,2678.0,0.0,0.0,0.0,2,2680.0,2682.0,1,2678.0,2680.0,0.0,0.0,0.0,0.0,2344
2023-05-10 21:00:17,RM2403,RM403,2678.0,0.0,0.0,0.0,2,2680.0,2683.0,1,2678.0,2680.0,0.0,0.0,0.0,0.0,2344
2023-05-10 21:00:18,RM2403,RM403,2680.0,2.0,5360.0,-2.0,4,2679.0,2683.0,1,2678.0,2680.0,2680.0,2680.0,2.0,5360.0,2342
2023-05-10 21:00:20,RM2403,RM403,2680.0,0.0,0.0,0.0,4,2679.0,2682.0,1,2678.0,2680.0,2680.0,2680.0,2.0,5360.0,2342
2023-05-10 21:00:22,RM2403,RM403,2680.0,0.0,0.0,0.0,4,2679.0,2683.0,1,2678.0,2680.0,2680.0,2680.0,2.0,5360.0,2342
2023-05-10 21:00:23,RM2403,RM403,2680.0,0.0,0.0,0.0,4,2679.0,2682.0,1,2678.0,2680.0,2680.0,2680.0,2.0,5360.0,2342
2023-05-10 21:00:24,RM2403,RM403,2680.0,0.0,0.0,0.0,4,2679.0,2683.0,1,2678.0,2680.0,2680.0,2680.0,2.0,5360.0,2342
2023-05-10 21:00:25,RM2403,RM403,2680.0,0.0,0.0,0.0,4,2679.0,2682.0,1,2678.0,2680.0,2680.0,2680.0,2.0,5360.0,2342
2023-05-10 21:00:26,RM2403,RM403,2680.0,0.0,0.0,0.0,4,2679.0,2683.0,2,2678.0,2680.0,2680.0,2680.0,2.0,5360.0,2342
2023-05-10 21:00:27,RM2403,RM403,2680.0,0.0,0.0,0.0,4,2679.0,2682.0,1,2678.0,2680.0,2680.0,2680.0,2.0,5360.0,2342
2023-05-10 21:00:30,RM2403,RM403,2680.0,0.0,0.0,0.0,4,2679.0,2683.0,2,2678.0,2680.0,2680.0,2680.0,2.0,5360.0,2342
2023-05-10 21:00:30,RM2403,RM403,2680.0,0.0,0.0,0.0,4,2679.0,2683.0,1,2678.0,2680.0,2680.0,2680.0,2.0,5360.0,2342
2023-05-10 21:00:31,RM2403,RM403,2680.0,0.0,0.0,0.0,3,2681.0,2683.0,1,2678.0,2680.0,2680.0,2680.0,2.0,5360.0,2342
2023-05-10 21:00:31,RM2403,RM403,2680.0,0.0,0.0,0.0,4,2681.0,2683.0,1,2678.0,2680.0,2680.0,2680.0,2.0,5360.0,2342
2023-05-10 21:00:32,RM2403,RM403,2680.0,0.0,0.0,0.0,3,2682.0,2683.0,1,2678.0,2680.0,2680.0,2680.0,2.0,5360.0,2342
2023-05-10 21:00:32,RM2403,RM403,2680.0,0.0,0.0,0.0,4,2681.0,2683.0,1,2678.0,2680.0,2680.0,2680.0,2.0,5360.0,2342
2023-05-10 21:00:34,RM2403,RM403,2683.0,1.0,2683.0,-1.0,3,2681.0,2685.0,2,2678.0,2680.0,2683.0,2680.0,3.0,8043.0,2341
2023-05-10 21:00:41,RM2403,RM403,2683.0,0.0,0.0,0.0,3,2681.0,2684.0,1,2678.0,2680.0,2683.0,2680.0,3.0,8043.0,2341
2023-05-10 21:00:41,RM2403,RM403,2683.0,0.0,0.0,0.0,3,2681.0,2685.0,2,2678.0,2680.0,2683.0,2680.0,3.0,8043.0,2341
2023-05-10 21:00:44,RM2403,RM403,2683.0,0.0,0.0,0.0,3,2681.0,2684.0,1,2678.0,2680.0,2683.0,2680.0,3.0,8043.0,2341
2023-05-10 21:00:47,RM2403,RM403,2683.0,0.0,0.0,0.0,3,2680.0,2684.0,1,2678.0,2680.0,2683.0,2680.0,3.0,8043.0,2341
2023-05-10 21:00:48,RM2403,RM403,2683.0,0.0,0.0,0.0,2,2681.0,2684.0,1,2678.0,2680.0,2683.0,2680.0,3.0,8043.0,2341
2023-05-10 21:00:49,RM2403,RM403,2683.0,0.0,0.0,0.0,3,2680.0,2683.0,1,2678.0,2680.0,2683.0,2680.0,3.0,8043.0,2341
2023-05-10 21:00:50,RM2403,RM403,2683.0,0.0,0.0,0.0,3,2676.0,2680.0,1,2678.0,2680.0,2683.0,2680.0,3.0,8043.0,2341
2023-05-10 21:00:50,RM2403,RM403,2683.0,0.0,0.0,0.0,3,2676.0,2679.0,1,2678.0,2680.0,2683.0,2680.0,3.0,8043.0,2341
2023-05-10 21:00:50,RM2403,RM403,2683.0,0.0,0.0,0.0,2,2677.0,2681.0,1,2678.0,2680.0,2683.0,2680.0,3.0,8043.0,2341
2023-05-10 21:00:51,RM2403,RM403,2683.0,0.0,0.0,0.0,3,2677.0,2681.0,1,2678.0,2680.0,2683.0,2680.0,3.0,8043.0,2341
2023-05-10 21:00:53,RM2403,RM403,2683.0,0.0,0.0,0.0,3,2679.0,2682.0,1,2678.0,2680.0,2683.0,2680.0,3.0,8043.0,2341
2023-05-10 21:00:56,RM2403,RM403,2683.0,0.0,0.0,0.0,3,2677.0,2680.0,1,2678.0,2680.0,2683.0,2680.0,3.0,8043.0,2341
2023-05-10 21:00:57,RM2403,RM403,2683.0,0.0,0.0,0.0,4,2676.0,2679.0,1,2678.0,2680.0,2683.0,2680.0,3.0,8043.0,2341
2023-05-10 21:00:57,RM2403,RM403,2683.0,0.0,0.0,0.0,4,2676.0,2680.0,1,2678.0,2680.0,2683.0,2680.0,3.0,8043.0,2341
2023-05-10 21:00:59,RM2403,RM403,2683.0,0.0,0.0,0.0,3,2677.0,2680.0,1,2678.0,2680.0,2683.0,2680.0,3.0,8043.0,2341
2023-05-10 21:00:59,RM2403,RM403,2683.0,0.0,0.0,0.0,4,2676.0,2680.0,1,2678.0,2680.0,2683.0,2680.0,3.0,8043.0,2341
2023-05-10 21:01:00,RM2403,RM403,2683.0,0.0,0.0,0.0,3,2677.0,2681.0,1,2678.0,2680.0,2683.0,2680.0,3.0,8043.0,2341
2023-05-10 21:01:00,RM2403,RM403,2683.0,0.0,0.0,0.0,3,2677.0,2682.0,1,2678.0,2680.0,2683.0,2680.0,3.0,8043.0,2341
2023-05-10 21:01:01,RM2403,RM403,2683.0,0.0,0.0,0.0,3,2679.0,2682.0,1,2678.0,2680.0,2683.0,2680.0,3.0,8043.0,2341
2023-05-10 21:01:01,RM2403,RM403,2683.0,0.0,0.0,0.0,3,2679.0,2683.0,1,2678.0,2680.0,2683.0,2680.0,3.0,8043.0,2341
2023-05-10 21:01:02,RM2403,RM403,2683.0,0.0,0.0,0.0,3,2680.0,2683.0,1,2678.0,2680.0,2683.0,2680.0,3.0,8043.0,2341
2023-05-10 21:01:03,RM2403,RM403,2683.0,0.0,0.0,0.0,3,2681.0,2684.0,1,2678.0,2680.0,2683.0,2680.0,3.0,8043.0,2341
2023-05-10 21:01:03,RM2403,RM403,2683.0,0.0,0.0,0.0,3,2682.0,2685.0,1,2678.0,2680.0,2683.0,2680.0,3.0,8043.0,2341
2023-05-10 21:01:06,RM2403,RM403,2683.0,0.0,0.0,0.0,3,2681.0,2684.0,1,2678.0,2680.0,2683.0,2680.0,3.0,8043.0,2341
2023-05-10 21:01:07,RM2403,RM403,2683.0,0.0,0.0,0.0,3,2680.0,2684.0,1,2678.0,2680.0,2683.0,2680.0,3.0,8043.0,2341
2023-05-10 21:01:11,RM2403,RM403,2683.0,0.0,0.0,0.0,1,2681.0,2684.0,1,2678.0,2680.0,2683.0,2680.0,3.0,8043.0,2341
2023-05-10 21:01:11,RM2403,RM403,2683.0,0.0,0.0,0.0,3,2680.0,2683.0,1,2678.0,2680.0,2683.0,2680.0,3.0,8043.0,2341
2023-05-10 21:01:11,RM2403,RM403,2683.0,0.0,0.0,0.0,3,2679.0,2683.0,1,2678.0,2680.0,2683.0,2680.0,3.0,8043.0,2341
2023-05-10 21:01:12,RM2403,RM403,2683.0,0.0,0.0,0.0,1,2680.0,2683.0,1,2678.0,2680.0,2683.0,2680.0,3.0,8043.0,2341
2023-05-10 21:01:12,RM2403,RM403,2683.0,0.0,0.0,0.0,3,2680.0,2683.0,1,2678.0,2680.0,2683.0,2680.0,3.0,8043.0,2341
2023-05-10 21:01:13,RM2403,RM403,2683.0,0.0,0.0,0.0,3,2679.0,2683.0,1,2678.0,2680.0,2683.0,2680.0,3.0,8043.0,2341
2023-05-10 21:01:16,RM2403,RM403,2683.0,0.0,0.0,0.0,3,2679.0,2682.0,1,2678.0,2680.0,2683.0,2680.0,3.0,8043.0,2341
2023-05-10 21:01:23,RM2403,RM403,2682.0,1.0,2681.0,1.0,1,2680.0,2682.0,1,2678.0,2680.0,2683.0,2680.0,4.0,10724.0,2342
2023-05-10 21:01:24,RM2403,RM403,2682.0,0.0,0.0,0.0,1,2680.0,2683.0,1,2678.0,2680.0,2683.0,2680.0,4.0,10724.0,2342
2023-05-10 21:01:24,RM2403,RM403,2682.0,0.0,0.0,0.0,1,2681.0,2683.0,1,2678.0,2680.0,2683.0,2680.0,4.0,10724.0,2342
2023-05-10 21:01:26,RM2403,RM403,2682.0,0.0,0.0,0.0,1,2680.0,2682.0,1,2678.0,2680.0,2683.0,2680.0,4.0,10724.0,2342
2023-05-10 21:01:29,RM2403,RM403,2682.0,0.0,0.0,0.0,1,2679.0,2681.0,1,2678.0,2680.0,2683.0,2680.0,4.0,10724.0,2342
2023-05-10 21:01:29,RM2403,RM403,2682.0,0.0,0.0,0.0,1,2680.0,2682.0,1,2678.0,2680.0,2683.0,2680.0,4.0,10724.0,2342
2023-05-10 21:01:39,RM2403,RM403,2682.0,0.0,0.0,0.0,1,2680.0,2683.0,1,2678.0,2680.0,2683.0,2680.0,4.0,10724.0,2342
2023-05-10 21:01:39,RM2403,RM403,2682.0,0.0,0.0,0.0,1,2680.0,2682.0,1,2678.0,2680.0,2683.0,2680.0,4.0,10724.0,2342
2023-05-10 21:01:40,RM2403,RM403,2682.0,0.0,0.0,0.0,1,2680.0,2683.0,1,2678.0,2680.0,2683.0,2680.0,4.0,10724.0,2342
2023-05-10 21:01:41,RM2403,RM403,2682.0,0.0,0.0,0.0,1,2680.0,2682.0,1,2678.0,2680.0,2683.0,2680.0,4.0,10724.0,2342
2023-05-10 21:01:49,RM2403,RM403,2682.0,0.0,0.0,0.0,1,2680.0,2682.0,2,2678.0,2680.0,2683.0,2680.0,4.0,10724.0,2342
2023-05-10 21:02:01,RM2403,RM403,2682.0,0.0,0.0,0.0,1,2679.0,2682.0,2,2678.0,2680.0,2683.0,2680.0,4.0,10724.0,2342
2023-05-10 21:02:02,RM2403,RM403,2682.0,0.0,0.0,0.0,1,2680.0,2682.0,2,2678.0,2680.0,2683.0,2680.0,4.0,10724.0,2342
2023-05-10 21:02:09,RM2403,RM403,2682.0,0.0,0.0,0.0,1,2680.0,2682.0,1,2678.0,2680.0,2683.0,2680.0,4.0,10724.0,2342
2023-05-10 21:02:11,RM2403,RM403,2682.0,0.0,0.0,0.0,1,2680.0,2682.0,2,2678.0,2680.0,2683.0,2680.0,4.0,10724.0,2342
2023-05-10 21:02:12,RM2403,RM403,2682.0,0.0,0.0,0.0,1,2679.0,2682.0,2,2678.0,2680.0,2683.0,2680.0,4.0,10724.0,2342
2023-05-10 21:02:13,RM2403,RM403,2682.0,0.0,0.0,0.0,1,2680.0,2682.0,2,2678.0,2680.0,2683.0,2680.0,4.0,10724.0,2342
2023-05-10 21:02:18,RM2403,RM403,2682.0,0.0,0.0,0.0,1,2679.0,2681.0,1,2678.0,2680.0,2683.0,2680.0,4.0,10724.0,2342
2023-05-10 21:02:21,RM2403,RM403,2682.0,0.0,0.0,0.0,1,2678.0,2680.0,1,2678.0,2680.0,2683.0,2680.0,4.0,10724.0,2342
2023-05-10 21:02:25,RM2403,RM403,2682.0,0.0,0.0,0.0,1,2678.0,2681.0,1,2678.0,2680.0,2683.0,2680.0,4.0,10724.0,2342
2023-05-10 21:02:28,RM2403,RM403,2682.0,0.0,0.0,0.0,1,2679.0,2681.0,1,2678.0,2680.0,2683.0,2680.0,4.0,10724.0,2342
2023-05-10 21:02:35,RM2403,RM403,2682.0,0.0,0.0,0.0,1,2678.0,2681.0,1,2678.0,2680.0,2683.0,2680.0,4.0,10724.0,2342
2023-05-10 21:02:36,RM2403,RM403,2682.0,0.0,0.0,0.0,1,2678.0,2680.0,1,2678.0,2680.0,2683.0,2680.0,4.0,10724.0,2342
2023-05-10 21:02:47,RM2403,RM403,2682.0,0.0,0.0,0.0,1,2679.0,2681.0,1,2678.0,2680.0,2683.0,2680.0,4.0,10724.0,2342
2023-05-10 21:02:50,RM2403,RM403,2682.0,0.0,0.0,0.0,1,2678.0,2680.0,1,2678.0,2680.0,2683.0,2680.0,4.0,10724.0,2342
2023-05-10 21:03:01,RM2403,RM403,2682.0,0.0,0.0,0.0,1,2677.0,2680.0,1,2678.0,2680.0,2683.0,2680.0,4.0,10724.0,2342
2023-05-10 21:03:01,RM2403,RM403,2682.0,0.0,0.0,0.0,1,2678.0,2680.0,1,2678.0,2680.0,2683.0,2680.0,4.0,10724.0,2342
2023-05-10 21:03:03,RM2403,RM403,2682.0,0.0,0.0,0.0,1,2677.0,2680.0,1,2678.0,2680.0,2683.0,2680.0,4.0,10724.0,2342
2023-05-10 21:03:04,RM2403,RM403,2682.0,0.0,0.0,0.0,1,2678.0,2680.0,1,2678.0,2680.0,2683.0,2680.0,4.0,10724.0,2342
2023-05-10 21:03:06,RM2403,RM403,2682.0,0.0,0.0,0.0,1,2677.0,2680.0,1,2678.0,2680.0,2683.0,2680.0,4.0,10724.0,2342
2023-05-10 21:03:06,RM2403,RM403,2682.0,0.0,0.0,0.0,1,2677.0,2679.0,1,2678.0,2680.0,2683.0,2680.0,4.0,10724.0,2342
2023-05-10 21:03:14,RM2403,RM403,2682.0,0.0,0.0,0.0,2,2676.0,2679.0,1,2678.0,2680.0,2683.0,2680.0,4.0,10724.0,2342
2023-05-10 21:03:15,RM2403,RM403,2682.0,0.0,0.0,0.0,1,2677.0,2679.0,1,2678.0,2680.0,2683.0,2680.0,4.0,10724.0,2342
2023-05-10 21:03:16,RM2403,RM403,2682.0,0.0,0.0,0.0,2,2676.0,2678.0,1,2678.0,2680.0,2683.0,2680.0,4.0,10724.0,2342
2023-05-10 21:03:16,RM2403,RM403,2682.0,0.0,0.0,0.0,2,2676.0,2679.0,1,2678.0,2680.0,2683.0,2680.0,4.0,10724.0,2342
2023-05-10 21:03:17,RM2403,RM403,2682.0,0.0,0.0,0.0,1,2677.0,2679.0,1,2678.0,2680.0,2683.0,2680.0,4.0,10724.0,2342
2023-05-10 21:03:20,RM2403,RM403,2682.0,0.0,0.0,0.0,1,2677.0,2679.0,2,2678.0,2680.0,2683.0,2680.0,4.0,10724.0,2342
2023-05-10 21:03:21,RM2403,RM403,2682.0,0.0,0.0,0.0,1,2678.0,2679.0,1,2678.0,2680.0,2683.0,2680.0,4.0,10724.0,2342
2023-05-10 21:03:22,RM2403,RM403,2682.0,0.0,0.0,0.0,1,2677.0,2679.0,1,2678.0,2680.0,2683.0,2680.0,4.0,10724.0,2342
2023-05-10 21:03:22,RM2403,RM403,2682.0,0.0,0.0,0.0,1,2678.0,2679.0,1,2678.0,2680.0,2683.0,2680.0,4.0,10724.0,2342
2023-05-10 21:03:22,RM2403,RM403,2682.0,0.0,0.0,0.0,1,2677.0,2679.0,1,2678.0,2680.0,2683.0,2680.0,4.0,10724.0,2342
2023-05-10 21:03:23,RM2403,RM403,2682.0,0.0,0.0,0.0,1,2677.0,2679.0,2,2678.0,2680.0,2683.0,2680.0,4.0,10724.0,2342
2023-05-10 21:03:24,RM2403,RM403,2682.0,0.0,0.0,0.0,1,2677.0,2679.0,1,2678.0,2680.0,2683.0,2680.0,4.0,10724.0,2342
2023-05-10 21:03:25,RM2403,RM403,2682.0,0.0,0.0,0.0,1,2678.0,2679.0,1,2678.0,2680.0,2683.0,2680.0,4.0,10724.0,2342
2023-05-10 21:03:35,RM2403,RM403,2679.0,1.0,2681.0,-1.0,3,2677.0,2680.0,1,2678.0,2680.0,2683.0,2679.0,5.0,13405.0,2341
2023-05-10 21:03:40,RM2403,RM403,2679.0,0.0,0.0,0.0,4,2676.0,2680.0,1,2678.0,2680.0,2683.0,2679.0,5.0,13405.0,2341
2023-05-10 21:03:41,RM2403,RM403,2679.0,0.0,0.0,0.0,3,2677.0,2680.0,1,2678.0,2680.0,2683.0,2679.0,5.0,13405.0,2341
2023-05-10 21:03:47,RM2403,RM403,2679.0,0.0,0.0,0.0,2,2677.0,2680.0,1,2678.0,2680.0,2683.0,2679.0,5.0,13405.0,2341
2023-05-10 21:03:51,RM2403,RM403,2679.0,0.0,0.0,0.0,3,2677.0,2680.0,1,2678.0,2680.0,2683.0,2679.0,5.0,13405.0,2341
2023-05-10 21:04:01,RM2403,RM403,2679.0,0.0,0.0,0.0,3,2678.0,2681.0,1,2678.0,2680.0,2683.0,2679.0,5.0,13405.0,2341
2023-05-10 21:04:14,RM2403,RM403,2679.0,0.0,0.0,0.0,3,2677.0,2680.0,1,2678.0,2680.0,2683.0,2679.0,5.0,13405.0,2341
2023-05-10 21:04:25,RM2403,RM403,2679.0,0.0,0.0,0.0,4,2676.0,2679.0,1,2678.0,2680.0,2683.0,2679.0,5.0,13405.0,2341
2023-05-10 21:04:36,RM2403,RM403,2679.0,0.0,0.0,0.0,2,2677.0,2680.0,1,2678.0,2680.0,2683.0,2679.0,5.0,13405.0,2341
2023-05-10 21:04:39,RM2403,RM403,2679.0,0.0,0.0,0.0,3,2678.0,2681.0,1,2678.0,2680.0,2683.0,2679.0,5.0,13405.0,2341
2023-05-10 21:04:43,RM2403,RM403,2679.0,0.0,0.0,0.0,3,2677.0,2681.0,1,2678.0,2680.0,2683.0,2679.0,5.0,13405.0,2341
2023-05-10 21:04:43,RM2403,RM403,2679.0,0.0,0.0,0.0,3,2677.0,2680.0,1,2678.0,2680.0,2683.0,2679.0,5.0,13405.0,2341
2023-05-10 21:04:45,RM2403,RM403,2679.0,0.0,0.0,0.0,2,2677.0,2680.0,1,2678.0,2680.0,2683.0,2679.0,5.0,13405.0,2341
2023-05-10 21:04:46,RM2403,RM403,2679.0,0.0,0.0,0.0,4,2676.0,2680.0,1,2678.0,2680.0,2683.0,2679.0,5.0,13405.0,2341
2023-05-10 21:04:47,RM2403,RM403,2679.0,0.0,0.0,0.0,4,2676.0,2679.0,1,2678.0,2680.0,2683.0,2679.0,5.0,13405.0,2341
2023-05-10 21:04:49,RM2403,RM403,2679.0,0.0,0.0,0.0,4,2676.0,2680.0,1,2678.0,2680.0,2683.0,2679.0,5.0,13405.0,2341
2023-05-10 21:04:49,RM2403,RM403,2679.0,0.0,0.0,0.0,4,2676.0,2679.0,1,2678.0,2680.0,2683.0,2679.0,5.0,13405.0,2341
2023-05-10 21:04:53,RM2403,RM403,2679.0,0.0,0.0,0.0,4,2676.0,2680.0,1,2678.0,2680.0,2683.0,2679.0,5.0,13405.0,2341
2023-05-10 21:04:53,RM2403,RM403,2679.0,0.0,0.0,0.0,4,2676.0,2679.0,1,2678.0,2680.0,2683.0,2679.0,5.0,13405.0,2341
2023-05-10 21:05:06,RM2403,RM403,2679.0,0.0,0.0,0.0,1,2677.0,2680.0,1,2678.0,2680.0,2683.0,2679.0,5.0,13405.0,2341
2023-05-10 21:05:06,RM2403,RM403,2679.0,0.0,0.0,0.0,3,2677.0,2680.0,1,2678.0,2680.0,2683.0,2679.0,5.0,13405.0,2341
2023-05-10 21:05:07,RM2403,RM403,2679.0,0.0,0.0,0.0,3,2677.0,2681.0,1,2678.0,2680.0,2683.0,2679.0,5.0,13405.0,2341
2023-05-10 21:05:07,RM2403,RM403,2679.0,0.0,0.0,0.0,3,2677.0,2680.0,1,2678.0,2680.0,2683.0,2679.0,5.0,13405.0,2341
2023-05-10 21:05:10,RM2403,RM403,2679.0,0.0,0.0,0.0,3,2677.0,2681.0,1,2678.0,2680.0,2683.0,2679.0,5.0,13405.0,2341
2023-05-10 21:05:10,RM2403,RM403,2679.0,0.0,0.0,0.0,3,2677.0,2680.0,1,2678.0,2680.0,2683.0,2679.0,5.0,13405.0,2341
2023-05-10 21:05:12,RM2403,RM403,2679.0,0.0,0.0,0.0,3,2677.0,2681.0,1,2678.0,2680.0,2683.0,2679.0,5.0,13405.0,2341
2023-05-10 21:05:12,RM2403,RM403,2679.0,0.0,0.0,0.0,3,2677.0,2680.0,1,2678.0,2680.0,2683.0,2679.0,5.0,13405.0,2341
2023-05-10 21:05:23,RM2403,RM403,2679.0,0.0,0.0,0.0,4,2676.0,2679.0,1,2678.0,2680.0,2683.0,2679.0,5.0,13405.0,2341
2023-05-10 21:05:48,RM2403,RM403,2679.0,0.0,0.0,0.0,3,2677.0,2680.0,1,2678.0,2680.0,2683.0,2679.0,5.0,13405.0,2341
2023-05-10 21:05:54,RM2403,RM403,2679.0,0.0,0.0,0.0,4,2676.0,2680.0,1,2678.0,2680.0,2683.0,2679.0,5.0,13405.0,2341
2023-05-10 21:05:55,RM2403,RM403,2679.0,0.0,0.0,0.0,4,2676.0,2679.0,1,2678.0,2680.0,2683.0,2679.0,5.0,13405.0,2341
2023-05-10 21:06:02,RM2403,RM403,2679.0,0.0,0.0,0.0,4,2676.0,2680.0,1,2678.0,2680.0,2683.0,2679.0,5.0,13405.0,2341
2023-05-10 21:06:03,RM2403,RM403,2679.0,0.0,0.0,0.0,3,2677.0,2680.0,1,2678.0,2680.0,2683.0,2679.0,5.0,13405.0,2341
2023-05-10 21:06:14,RM2403,RM403,2679.0,0.0,0.0,0.0,3,2677.0,2681.0,1,2678.0,2680.0,2683.0,2679.0,5.0,13405.0,2341
2023-05-10 21:06:14,RM2403,RM403,2679.0,0.0,0.0,0.0,3,2678.0,2681.0,1,2678.0,2680.0,2683.0,2679.0,5.0,13405.0,2341
2023-05-10 21:06:16,RM2403,RM403,2679.0,0.0,0.0,0.0,3,2677.0,2681.0,1,2678.0,2680.0,2683.0,2679.0,5.0,13405.0,2341
2023-05-10 21:06:16,RM2403,RM403,2679.0,0.0,0.0,0.0,3,2677.0,2680.0,1,2678.0,2680.0,2683.0,2679.0,5.0,13405.0,2341
2023-05-10 21:06:17,RM2403,RM403,2679.0,0.0,0.0,0.0,3,2677.0,2681.0,1,2678.0,2680.0,2683.0,2679.0,5.0,13405.0,2341
2023-05-10 21:06:19,RM2403,RM403,2679.0,0.0,0.0,0.0,3,2677.0,2680.0,1,2678.0,2680.0,2683.0,2679.0,5.0,13405.0,2341
2023-05-10 21:06:20,RM2403,RM403,2679.0,0.0,0.0,0.0,3,2677.0,2681.0,1,2678.0,2680.0,2683.0,2679.0,5.0,13405.0,2341
2023-05-10 21:06:21,RM2403,RM403,2679.0,0.0,0.0,0.0,3,2677.0,2680.0,1,2678.0,2680.0,2683.0,2679.0,5.0,13405.0,2341
2023-05-10 21:06:26,RM2403,RM403,2679.0,0.0,0.0,0.0,4,2676.0,2679.0,1,2678.0,2680.0,2683.0,2679.0,5.0,13405.0,2341
2023-05-10 21:06:54,RM2403,RM403,2679.0,0.0,0.0,0.0,4,2676.0,2680.0,2,2678.0,2680.0,2683.0,2679.0,5.0,13405.0,2341
2023-05-10 21:06:56,RM2403,RM403,2679.0,0.0,0.0,0.0,4,2676.0,2679.0,1,2678.0,2680.0,2683.0,2679.0,5.0,13405.0,2341
2023-05-10 21:07:05,RM2403,RM403,2679.0,0.0,0.0,0.0,4,2676.0,2680.0,2,2678.0,2680.0,2683.0,2679.0,5.0,13405.0,2341
2023-05-10 21:07:06,RM2403,RM403,2679.0,0.0,0.0,0.0,4,2676.0,2679.0,1,2678.0,2680.0,2683.0,2679.0,5.0,13405.0,2341
2023-05-10 21:07:08,RM2403,RM403,2679.0,0.0,0.0,0.0,4,2676.0,2680.0,2,2678.0,2680.0,2683.0,2679.0,5.0,13405.0,2341
2023-05-10 21:07:09,RM2403,RM403,2679.0,0.0,0.0,0.0,3,2677.0,2680.0,2,2678.0,2680.0,2683.0,2679.0,5.0,13405.0,2341
2023-05-10 21:07:09,RM2403,RM403,2679.0,0.0,0.0,0.0,4,2676.0,2680.0,2,2678.0,2680.0,2683.0,2679.0,5.0,13405.0,2341
2023-05-10 21:07:12,RM2403,RM403,2679.0,0.0,0.0,0.0,4,2676.0,2679.0,1,2678.0,2680.0,2683.0,2679.0,5.0,13405.0,2341
2023-05-10 21:07:23,RM2403,RM403,2676.0,1.0,2675.0,0.0,3,2676.0,2679.0,1,2678.0,2680.0,2683.0,2676.0,6.0,16080.0,2341
2023-05-10 21:07:28,RM2403,RM403,2676.0,1.0,2673.0,0.0,2,2676.0,2679.0,1,2678.0,2680.0,2683.0,2676.0,7.0,18753.0,2341
2023-05-10 21:07:32,RM2403,RM403,2676.0,1.0,2679.0,0.0,2,2676.0,2679.0,1,2678.0,2680.0,2683.0,2676.0,8.0,21432.0,2341
2023-05-10 21:07:38,RM2403,RM403,2676.0,0.0,0.0,0.0,1,2676.0,2678.0,1,2678.0,2680.0,2683.0,2676.0,8.0,21432.0,2341
2023-05-10 21:07:48,RM2403,RM403,2676.0,0.0,0.0,0.0,1,2676.0,2679.0,1,2678.0,2680.0,2683.0,2676.0,8.0,21432.0,2341
2023-05-10 21:07:48,RM2403,RM403,2676.0,0.0,0.0,0.0,1,2676.0,2678.0,1,2678.0,2680.0,2683.0,2676.0,8.0,21432.0,2341
2023-05-10 21:08:06,RM2403,RM403,2676.0,0.0,0.0,0.0,1,2676.0,2679.0,1,2678.0,2680.0,2683.0,2676.0,8.0,21432.0,2341
2023-05-10 21:08:06,RM2403,RM403,2676.0,0.0,0.0,0.0,2,2676.0,2679.0,1,2678.0,2680.0,2683.0,2676.0,8.0,21432.0,2341
2023-05-10 21:08:07,RM2403,RM403,2676.0,0.0,0.0,0.0,2,2676.0,2680.0,2,2678.0,2680.0,2683.0,2676.0,8.0,21432.0,2341
2023-05-10 21:08:07,RM2403,RM403,2676.0,0.0,0.0,0.0,1,2677.0,2680.0,2,2678.0,2680.0,2683.0,2676.0,8.0,21432.0,2341
2023-05-10 21:08:09,RM2403,RM403,2676.0,0.0,0.0,0.0,1,2678.0,2680.0,1,2678.0,2680.0,2683.0,2676.0,8.0,21432.0,2341
2023-05-10 21:08:11,RM2403,RM403,2676.0,0.0,0.0,0.0,1,2677.0,2680.0,2,2678.0,2680.0,2683.0,2676.0,8.0,21432.0,2341
2023-05-10 21:08:26,RM2403,RM403,2676.0,0.0,0.0,0.0,2,2676.0,2679.0,1,2678.0,2680.0,2683.0,2676.0,8.0,21432.0,2341
2023-05-10 21:08:32,RM2403,RM403,2676.0,0.0,0.0,0.0,1,2677.0,2680.0,2,2678.0,2680.0,2683.0,2676.0,8.0,21432.0,2341
2023-05-10 21:08:42,RM2403,RM403,2676.0,0.0,0.0,0.0,1,2678.0,2680.0,1,2678.0,2680.0,2683.0,2676.0,8.0,21432.0,2341
2023-05-10 21:08:46,RM2403,RM403,2676.0,0.0,0.0,0.0,1,2677.0,2680.0,1,2678.0,2680.0,2683.0,2676.0,8.0,21432.0,2341
2023-05-10 21:08:49,RM2403,RM403,2676.0,0.0,0.0,0.0,1,2678.0,2680.0,1,2678.0,2680.0,2683.0,2676.0,8.0,21432.0,2341
2023-05-10 21:08:50,RM2403,RM403,2676.0,0.0,0.0,0.0,1,2677.0,2680.0,2,2678.0,2680.0,2683.0,2676.0,8.0,21432.0,2341
2023-05-10 21:08:57,RM2403,RM403,2676.0,0.0,0.0,0.0,1,2678.0,2680.0,2,2678.0,2680.0,2683.0,2676.0,8.0,21432.0,2341
2023-05-10 21:09:04,RM2403,RM403,2676.0,0.0,0.0,0.0,1,2678.0,2679.0,1,2678.0,2680.0,2683.0,2676.0,8.0,21432.0,2341
2023-05-10 21:09:12,RM2403,RM403,2678.0,1.0,2679.0,1.0,2,2676.0,2679.0,1,2678.0,2680.0,2683.0,2676.0,9.0,24111.0,2342
2023-05-10 21:09:12,RM2403,RM403,2678.0,0.0,0.0,0.0,1,2676.0,2679.0,1,2678.0,2680.0,2683.0,2676.0,9.0,24111.0,2342
2023-05-10 21:09:13,RM2403,RM403,2678.0,0.0,0.0,0.0,1,2676.0,2679.0,2,2678.0,2680.0,2683.0,2676.0,9.0,24111.0,2342
2023-05-10 21:09:20,RM2403,RM403,2678.0,0.0,0.0,0.0,2,2676.0,2679.0,2,2678.0,2680.0,2683.0,2676.0,9.0,24111.0,2342
2023-05-10 21:09:26,RM2403,RM403,2678.0,0.0,0.0,0.0,1,2676.0,2678.0,1,2678.0,2680.0,2683.0,2676.0,9.0,24111.0,2342
2023-05-10 21:09:28,RM2403,RM403,2678.0,0.0,0.0,0.0,1,2676.0,2677.0,1,2678.0,2680.0,2683.0,2676.0,9.0,24111.0,2342
2023-05-10 21:09:29,RM2403,RM403,2676.0,1.0,2679.0,1.0,1,2673.0,2677.0,1,2678.0,2680.0,2683.0,2676.0,10.0,26790.0,2343
2023-05-10 21:09:29,RM2403,RM403,2676.0,0.0,0.0,0.0,1,2673.0,2676.0,1,2678.0,2680.0,2683.0,2676.0,10.0,26790.0,2343
2023-05-10 21:09:31,RM2403,RM403,2676.0,0.0,0.0,0.0,1,2674.0,2677.0,1,2678.0,2680.0,2683.0,2676.0,10.0,26790.0,2343
2023-05-10 21:09:31,RM2403,RM403,2676.0,0.0,0.0,0.0,1,2675.0,2678.0,1,2678.0,2680.0,2683.0,2676.0,10.0,26790.0,2343
2023-05-10 21:09:32,RM2403,RM403,2676.0,0.0,0.0,0.0,1,2676.0,2679.0,2,2678.0,2680.0,2683.0,2676.0,10.0,26790.0,2343
2023-05-10 21:09:45,RM2403,RM403,2676.0,0.0,0.0,0.0,1,2675.0,2678.0,1,2678.0,2680.0,2683.0,2676.0,10.0,26790.0,2343
2023-05-10 21:10:05,RM2403,RM403,2676.0,0.0,0.0,0.0,1,2676.0,2679.0,2,2678.0,2680.0,2683.0,2676.0,10.0,26790.0,2343
2023-05-10 21:10:13,RM2403,RM403,2676.0,0.0,0.0,0.0,1,2677.0,2679.0,1,2678.0,2680.0,2683.0,2676.0,10.0,26790.0,2343
2023-05-10 21:10:16,RM2403,RM403,2676.0,0.0,0.0,0.0,1,2676.0,2679.0,1,2678.0,2680.0,2683.0,2676.0,10.0,26790.0,2343
2023-05-10 21:10:18,RM2403,RM403,2676.0,0.0,0.0,0.0,1,2677.0,2679.0,1,2678.0,2680.0,2683.0,2676.0,10.0,26790.0,2343
2023-05-10 21:10:27,RM2403,RM403,2676.0,0.0,0.0,0.0,1,2676.0,2679.0,2,2678.0,2680.0,2683.0,2676.0,10.0,26790.0,2343
2023-05-10 21:10:28,RM2403,RM403,2676.0,0.0,0.0,0.0,1,2677.0,2679.0,1,2678.0,2680.0,2683.0,2676.0,10.0,26790.0,2343
2023-05-10 21:11:00,RM2403,RM403,2676.0,0.0,0.0,0.0,2,2676.0,2679.0,1,2678.0,2680.0,2683.0,2676.0,10.0,26790.0,2343
2023-05-10 21:11:01,RM2403,RM403,2676.0,0.0,0.0,0.0,1,2677.0,2679.0,1,2678.0,2680.0,2683.0,2676.0,10.0,26790.0,2343
2023-05-10 21:11:09,RM2403,RM403,2676.0,0.0,0.0,0.0,1,2678.0,2679.0,1,2678.0,2680.0,2683.0,2676.0,10.0,26790.0,2343
2023-05-10 21:11:14,RM2403,RM403,2676.0,0.0,0.0,0.0,1,2677.0,2679.0,1,2678.0,2680.0,2683.0,2676.0,10.0,26790.0,2343
2023-05-10 21:11:16,RM2403,RM403,2676.0,0.0,0.0,0.0,2,2676.0,2679.0,1,2678.0,2680.0,2683.0,2676.0,10.0,26790.0,2343
2023-05-10 21:11:21,RM2403,RM403,2676.0,0.0,0.0,0.0,2,2676.0,2679.0,2,2678.0,2680.0,2683.0,2676.0,10.0,26790.0,2343
2023-05-10 21:11:23,RM2403,RM403,2676.0,0.0,0.0,0.0,1,2677.0,2679.0,2,2678.0,2680.0,2683.0,2676.0,10.0,26790.0,2343
2023-05-10 21:11:46,RM2403,RM403,2676.0,0.0,0.0,0.0,2,2676.0,2679.0,3,2678.0,2680.0,2683.0,2676.0,10.0,26790.0,2343
2023-05-10 21:11:47,RM2403,RM403,2676.0,0.0,0.0,0.0,1,2676.0,2678.0,1,2678.0,2680.0,2683.0,2676.0,10.0,26790.0,2343
2023-05-10 21:12:12,RM2403,RM403,2676.0,0.0,0.0,0.0,1,2677.0,2679.0,1,2678.0,2680.0,2683.0,2676.0,10.0,26790.0,2343
2023-05-10 21:12:12,RM2403,RM403,2676.0,0.0,0.0,0.0,1,2676.0,2678.0,1,2678.0,2680.0,2683.0,2676.0,10.0,26790.0,2343
2023-05-10 21:12:13,RM2403,RM403,2676.0,1.0,2668.0,1.0,1,2674.0,2676.0,1,2678.0,2680.0,2683.0,2676.0,11.0,29458.0,2344
2023-05-10 21:12:14,RM2403,RM403,2676.0,0.0,0.0,0.0,1,2675.0,2676.0,1,2678.0,2680.0,2683.0,2676.0,11.0,29458.0,2344
2023-05-10 21:12:15,RM2403,RM403,2676.0,1.0,2678.0,-1.0,1,2675.0,2678.0,1,2678.0,2680.0,2683.0,2676.0,12.0,32136.0,2343
2023-05-10 21:12:16,RM2403,RM403,2676.0,0.0,0.0,0.0,3,2675.0,2678.0,1,2678.0,2680.0,2683.0,2676.0,12.0,32136.0,2343
2023-05-10 21:12:21,RM2403,RM403,2676.0,0.0,0.0,0.0,3,2674.0,2677.0,1,2678.0,2680.0,2683.0,2676.0,12.0,32136.0,2343
2023-05-10 21:12:22,RM2403,RM403,2676.0,0.0,0.0,0.0,3,2674.0,2678.0,1,2678.0,2680.0,2683.0,2676.0,12.0,32136.0,2343
2023-05-10 21:12:22,RM2403,RM403,2676.0,0.0,0.0,0.0,3,2675.0,2678.0,1,2678.0,2680.0,2683.0,2676.0,12.0,32136.0,2343
2023-05-10 21:12:27,RM2403,RM403,2676.0,0.0,0.0,0.0,3,2676.0,2679.0,2,2678.0,2680.0,2683.0,2676.0,12.0,32136.0,2343
2023-05-10 21:12:27,RM2403,RM403,2676.0,0.0,0.0,0.0,3,2675.0,2678.0,1,2678.0,2680.0,2683.0,2676.0,12.0,32136.0,2343
2023-05-10 21:12:31,RM2403,RM403,2676.0,0.0,0.0,0.0,3,2675.0,2679.0,2,2678.0,2680.0,2683.0,2676.0,12.0,32136.0,2343
2023-05-10 21:12:32,RM2403,RM403,2676.0,0.0,0.0,0.0,3,2676.0,2679.0,2,2678.0,2680.0,2683.0,2676.0,12.0,32136.0,2343
2023-05-10 21:12:32,RM2403,RM403,2676.0,0.0,0.0,0.0,3,2676.0,2679.0,1,2678.0,2680.0,2683.0,2676.0,12.0,32136.0,2343
2023-05-10 21:12:35,RM2403,RM403,2676.0,0.0,0.0,0.0,3,2676.0,2679.0,2,2678.0,2680.0,2683.0,2676.0,12.0,32136.0,2343
2023-05-10 21:12:36,RM2403,RM403,2676.0,0.0,0.0,0.0,3,2677.0,2679.0,2,2678.0,2680.0,2683.0,2676.0,12.0,32136.0,2343
2023-05-10 21:12:38,RM2403,RM403,2676.0,0.0,0.0,0.0,3,2676.0,2679.0,3,2678.0,2680.0,2683.0,2676.0,12.0,32136.0,2343
2023-05-10 21:12:39,RM2403,RM403,2676.0,0.0,0.0,0.0,3,2676.0,2679.0,2,2678.0,2680.0,2683.0,2676.0,12.0,32136.0,2343
2023-05-10 21:12:43,RM2403,RM403,2676.0,0.0,0.0,0.0,3,2676.0,2679.0,3,2678.0,2680.0,2683.0,2676.0,12.0,32136.0,2343
2023-05-10 21:12:44,RM2403,RM403,2676.0,0.0,0.0,0.0,3,2677.0,2679.0,2,2678.0,2680.0,2683.0,2676.0,12.0,32136.0,2343
2023-05-10 21:12:44,RM2403,RM403,2676.0,0.0,0.0,0.0,3,2676.0,2679.0,3,2678.0,2680.0,2683.0,2676.0,12.0,32136.0,2343
2023-05-10 21:12:45,RM2403,RM403,2676.0,0.0,0.0,0.0,3,2675.0,2678.0,1,2678.0,2680.0,2683.0,2676.0,12.0,32136.0,2343
2023-05-10 21:12:46,RM2403,RM403,2676.0,0.0,0.0,0.0,3,2676.0,2679.0,3,2678.0,2680.0,2683.0,2676.0,12.0,32136.0,2343
2023-05-10 21:12:48,RM2403,RM403,2676.0,0.0,0.0,0.0,3,2675.0,2678.0,1,2678.0,2680.0,2683.0,2676.0,12.0,32136.0,2343
2023-05-10 21:12:49,RM2403,RM403,2676.0,0.0,0.0,0.0,1,2676.0,2679.0,3,2678.0,2680.0,2683.0,2676.0,12.0,32136.0,2343
2023-05-10 21:12:50,RM2403,RM403,2676.0,0.0,0.0,0.0,3,2675.0,2679.0,3,2678.0,2680.0,2683.0,2676.0,12.0,32136.0,2343
2023-05-10 21:12:50,RM2403,RM403,2676.0,0.0,0.0,0.0,3,2675.0,2678.0,1,2678.0,2680.0,2683.0,2676.0,12.0,32136.0,2343
2023-05-10 21:12:52,RM2403,RM403,2676.0,0.0,0.0,0.0,3,2676.0,2679.0,3,2678.0,2680.0,2683.0,2676.0,12.0,32136.0,2343
2023-05-10 21:12:52,RM2403,RM403,2676.0,0.0,0.0,0.0,4,2676.0,2679.0,3,2678.0,2680.0,2683.0,2676.0,12.0,32136.0,2343
2023-05-10 21:12:54,RM2403,RM403,2676.0,0.0,0.0,0.0,1,2676.0,2679.0,3,2678.0,2680.0,2683.0,2676.0,12.0,32136.0,2343
2023-05-10 21:12:55,RM2403,RM403,2676.0,0.0,0.0,0.0,1,2676.0,2678.0,1,2678.0,2680.0,2683.0,2676.0,12.0,32136.0,2343
2023-05-10 21:12:58,RM2403,RM403,2676.0,0.0,0.0,0.0,4,2676.0,2679.0,3,2678.0,2680.0,2683.0,2676.0,12.0,32136.0,2343
2023-05-10 21:12:59,RM2403,RM403,2676.0,0.0,0.0,0.0,1,2676.0,2678.0,1,2678.0,2680.0,2683.0,2676.0,12.0,32136.0,2343
2023-05-10 21:13:02,RM2403,RM403,2676.0,0.0,0.0,0.0,1,2676.0,2679.0,3,2678.0,2680.0,2683.0,2676.0,12.0,32136.0,2343
2023-05-10 21:13:02,RM2403,RM403,2676.0,0.0,0.0,0.0,4,2676.0,2679.0,3,2678.0,2680.0,2683.0,2676.0,12.0,32136.0,2343
2023-05-10 21:13:02,RM2403,RM403,2676.0,0.0,0.0,0.0,1,2676.0,2679.0,3,2678.0,2680.0,2683.0,2676.0,12.0,32136.0,2343
2023-05-10 21:13:03,RM2403,RM403,2676.0,0.0,0.0,0.0,4,2676.0,2679.0,3,2678.0,2680.0,2683.0,2676.0,12.0,32136.0,2343
2023-05-10 21:13:07,RM2403,RM403,2676.0,0.0,0.0,0.0,2,2676.0,2679.0,3,2678.0,2680.0,2683.0,2676.0,12.0,32136.0,2343
2023-05-10 21:13:07,RM2403,RM403,2676.0,0.0,0.0,0.0,1,2676.0,2679.0,3,2678.0,2680.0,2683.0,2676.0,12.0,32136.0,2343
2023-05-10 21:13:21,RM2403,RM403,2676.0,0.0,0.0,0.0,1,2676.0,2678.0,1,2678.0,2680.0,2683.0,2676.0,12.0,32136.0,2343
2023-05-10 21:13:21,RM2403,RM403,2676.0,0.0,0.0,0.0,4,2676.0,2679.0,3,2678.0,2680.0,2683.0,2676.0,12.0,32136.0,2343
2023-05-10 21:13:23,RM2403,RM403,2676.0,1.0,2678.0,-1.0,3,2676.0,2679.0,3,2678.0,2680.0,2683.0,2676.0,13.0,34814.0,2342
2023-05-10 21:13:51,RM2403,RM403,2676.0,0.0,0.0,0.0,3,2676.0,2678.0,1,2678.0,2680.0,2683.0,2676.0,13.0,34814.0,2342
2023-05-10 21:13:53,RM2403,RM403,2676.0,0.0,0.0,0.0,1,2677.0,2678.0,1,2678.0,2680.0,2683.0,2676.0,13.0,34814.0,2342
2023-05-10 21:13:59,RM2403,RM403,2676.0,0.0,0.0,0.0,2,2677.0,2678.0,1,2678.0,2680.0,2683.0,2676.0,13.0,34814.0,2342
2023-05-10 21:13:59,RM2403,RM403,2676.0,0.0,0.0,0.0,1,2677.0,2678.0,1,2678.0,2680.0,2683.0,2676.0,13.0,34814.0,2342
2023-05-10 21:14:20,RM2403,RM403,2676.0,0.0,0.0,0.0,1,2677.0,2678.0,2,2678.0,2680.0,2683.0,2676.0,13.0,34814.0,2342
2023-05-10 21:14:38,RM2403,RM403,2676.0,0.0,0.0,0.0,1,2677.0,2678.0,1,2678.0,2680.0,2683.0,2676.0,13.0,34814.0,2342
2023-05-10 21:14:54,RM2403,RM403,2676.0,0.0,0.0,0.0,3,2677.0,2678.0,1,2678.0,2680.0,2683.0,2676.0,13.0,34814.0,2342
2023-05-10 21:15:05,RM2403,RM403,2676.0,0.0,0.0,0.0,1,2677.0,2678.0,1,2678.0,2680.0,2683.0,2676.0,13.0,34814.0,2342
2023-05-10 21:15:16,RM2403,RM403,2677.0,1.0,2678.0,1.0,3,2675.0,2678.0,1,2678.0,2680.0,2683.0,2676.0,14.0,37492.0,2343
2023-05-10 21:15:21,RM2403,RM403,2677.0,0.0,0.0,0.0,3,2675.0,2678.0,2,2678.0,2680.0,2683.0,2676.0,14.0,37492.0,2343
2023-05-10 21:15:24,RM2403,RM403,2677.0,0.0,0.0,0.0,3,2675.0,2678.0,1,2678.0,2680.0,2683.0,2676.0,14.0,37492.0,2343
2023-05-10 21:15:26,RM2403,RM403,2677.0,0.0,0.0,0.0,1,2676.0,2678.0,1,2678.0,2680.0,2683.0,2676.0,14.0,37492.0,2343
2023-05-10 21:15:27,RM2403,RM403,2677.0,0.0,0.0,0.0,2,2676.0,2678.0,1,2678.0,2680.0,2683.0,2676.0,14.0,37492.0,2343
2023-05-10 21:15:29,RM2403,RM403,2677.0,0.0,0.0,0.0,3,2675.0,2678.0,1,2678.0,2680.0,2683.0,2676.0,14.0,37492.0,2343
2023-05-10 21:15:30,RM2403,RM403,2677.0,0.0,0.0,0.0,3,2675.0,2678.0,2,2678.0,2680.0,2683.0,2676.0,14.0,37492.0,2343
2023-05-10 21:15:31,RM2403,RM403,2677.0,0.0,0.0,0.0,1,2676.0,2678.0,1,2678.0,2680.0,2683.0,2676.0,14.0,37492.0,2343
2023-05-10 21:15:32,RM2403,RM403,2677.0,0.0,0.0,0.0,2,2676.0,2678.0,1,2678.0,2680.0,2683.0,2676.0,14.0,37492.0,2343
2023-05-10 21:15:42,RM2403,RM403,2677.0,0.0,0.0,0.0,2,2676.0,2678.0,2,2678.0,2680.0,2683.0,2676.0,14.0,37492.0,2343
2023-05-10 21:16:14,RM2403,RM403,2678.0,2.0,5356.0,-2.0,1,2678.0,2679.0,1,2678.0,2680.0,2683.0,2676.0,16.0,42848.0,2341
2023-05-10 21:16:14,RM2403,RM403,2678.0,0.0,0.0,0.0,6,2676.0,2679.0,2,2678.0,2680.0,2683.0,2676.0,16.0,42848.0,2341
2023-05-10 21:16:36,RM2403,RM403,2678.0,0.0,0.0,0.0,7,2675.0,2678.0,1,2678.0,2680.0,2683.0,2676.0,16.0,42848.0,2341
2023-05-10 21:16:39,RM2403,RM403,2678.0,0.0,0.0,0.0,5,2675.0,2678.0,1,2678.0,2680.0,2683.0,2676.0,16.0,42848.0,2341
2023-05-10 21:16:39,RM2403,RM403,2678.0,0.0,0.0,0.0,1,2675.0,2678.0,1,2678.0,2680.0,2683.0,2676.0,16.0,42848.0,2341
2023-05-10 21:16:39,RM2403,RM403,2678.0,0.0,0.0,0.0,1,2675.0,2677.0,1,2678.0,2680.0,2683.0,2676.0,16.0,42848.0,2341
2023-05-10 21:17:10,RM2403,RM403,2678.0,0.0,0.0,0.0,6,2675.0,2678.0,1,2678.0,2680.0,2683.0,2676.0,16.0,42848.0,2341
2023-05-10 21:17:10,RM2403,RM403,2678.0,0.0,0.0,0.0,1,2675.0,2677.0,1,2678.0,2680.0,2683.0,2676.0,16.0,42848.0,2341
2023-05-10 21:17:11,RM2403,RM403,2678.0,0.0,0.0,0.0,1,2675.0,2678.0,1,2678.0,2680.0,2683.0,2676.0,16.0,42848.0,2341
2023-05-10 21:17:11,RM2403,RM403,2678.0,0.0,0.0,0.0,7,2675.0,2678.0,1,2678.0,2680.0,2683.0,2676.0,16.0,42848.0,2341
2023-05-10 21:17:22,RM2403,RM403,2678.0,0.0,0.0,0.0,5,2676.0,2679.0,2,2678.0,2680.0,2683.0,2676.0,16.0,42848.0,2341
2023-05-10 21:17:23,RM2403,RM403,2678.0,0.0,0.0,0.0,6,2676.0,2679.0,2,2678.0,2680.0,2683.0,2676.0,16.0,42848.0,2341
2023-05-10 21:17:26,RM2403,RM403,2678.0,0.0,0.0,0.0,7,2675.0,2678.0,1,2678.0,2680.0,2683.0,2676.0,16.0,42848.0,2341
2023-05-10 21:17:57,RM2403,RM403,2678.0,0.0,0.0,0.0,1,2675.0,2678.0,1,2678.0,2680.0,2683.0,2676.0,16.0,42848.0,2341
2023-05-10 21:17:58,RM2403,RM403,2678.0,0.0,0.0,0.0,3,2675.0,2678.0,1,2678.0,2680.0,2683.0,2676.0,16.0,42848.0,2341
2023-05-10 21:17:59,RM2403,RM403,2678.0,0.0,0.0,0.0,4,2675.0,2678.0,1,2678.0,2680.0,2683.0,2676.0,16.0,42848.0,2341
2023-05-10 21:18:04,RM2403,RM403,2678.0,0.0,0.0,0.0,4,2675.0,2679.0,2,2678.0,2680.0,2683.0,2676.0,16.0,42848.0,2341
2023-05-10 21:18:04,RM2403,RM403,2678.0,0.0,0.0,0.0,7,2675.0,2679.0,2,2678.0,2680.0,2683.0,2676.0,16.0,42848.0,2341
2023-05-10 21:18:06,RM2403,RM403,2678.0,0.0,0.0,0.0,4,2676.0,2679.0,2,2678.0,2680.0,2683.0,2676.0,16.0,42848.0,2341
2023-05-10 21:18:09,RM2403,RM403,2678.0,0.0,0.0,0.0,1,2677.0,2679.0,1,2678.0,2680.0,2683.0,2676.0,16.0,42848.0,2341
2023-05-10 21:18:10,RM2403,RM403,2678.0,0.0,0.0,0.0,6,2676.0,2679.0,2,2678.0,2680.0,2683.0,2676.0,16.0,42848.0,2341
2023-05-10 21:18:12,RM2403,RM403,2678.0,0.0,0.0,0.0,6,2676.0,2679.0,1,2678.0,2680.0,2683.0,2676.0,16.0,42848.0,2341
2023-05-10 21:18:14,RM2403,RM403,2678.0,0.0,0.0,0.0,6,2676.0,2679.0,2,2678.0,2680.0,2683.0,2676.0,16.0,42848.0,2341
2023-05-10 21:18:15,RM2403,RM403,2678.0,0.0,0.0,0.0,1,2676.0,2679.0,2,2678.0,2680.0,2683.0,2676.0,16.0,42848.0,2341
2023-05-10 21:18:15,RM2403,RM403,2678.0,0.0,0.0,0.0,5,2676.0,2679.0,2,2678.0,2680.0,2683.0,2676.0,16.0,42848.0,2341
2023-05-10 21:18:21,RM2403,RM403,2678.0,0.0,0.0,0.0,1,2676.0,2679.0,2,2678.0,2680.0,2683.0,2676.0,16.0,42848.0,2341
2023-05-10 21:18:21,RM2403,RM403,2678.0,0.0,0.0,0.0,7,2675.0,2678.0,1,2678.0,2680.0,2683.0,2676.0,16.0,42848.0,2341
2023-05-10 21:18:22,RM2403,RM403,2678.0,0.0,0.0,0.0,3,2675.0,2678.0,1,2678.0,2680.0,2683.0,2676.0,16.0,42848.0,2341
2023-05-10 21:18:23,RM2403,RM403,2678.0,0.0,0.0,0.0,5,2675.0,2678.0,1,2678.0,2680.0,2683.0,2676.0,16.0,42848.0,2341
2023-05-10 21:18:26,RM2403,RM403,2678.0,0.0,0.0,0.0,3,2675.0,2678.0,1,2678.0,2680.0,2683.0,2676.0,16.0,42848.0,2341
2023-05-10 21:18:26,RM2403,RM403,2678.0,0.0,0.0,0.0,1,2675.0,2678.0,1,2678.0,2680.0,2683.0,2676.0,16.0,42848.0,2341
2023-05-10 21:18:27,RM2403,RM403,2678.0,0.0,0.0,0.0,7,2675.0,2678.0,1,2678.0,2680.0,2683.0,2676.0,16.0,42848.0,2341
2023-05-10 21:18:31,RM2403,RM403,2678.0,0.0,0.0,0.0,7,2675.0,2679.0,2,2678.0,2680.0,2683.0,2676.0,16.0,42848.0,2341
2023-05-10 21:18:31,RM2403,RM403,2678.0,0.0,0.0,0.0,4,2676.0,2679.0,2,2678.0,2680.0,2683.0,2676.0,16.0,42848.0,2341
2023-05-10 21:18:34,RM2403,RM403,2678.0,0.0,0.0,0.0,6,2676.0,2679.0,2,2678.0,2680.0,2683.0,2676.0,16.0,42848.0,2341
2023-05-10 21:18:36,RM2403,RM403,2678.0,0.0,0.0,0.0,4,2677.0,2679.0,1,2678.0,2680.0,2683.0,2676.0,16.0,42848.0,2341
2023-05-10 21:18:38,RM2403,RM403,2678.0,0.0,0.0,0.0,5,2677.0,2679.0,1,2678.0,2680.0,2683.0,2676.0,16.0,42848.0,2341
2023-05-10 21:18:40,RM2403,RM403,2678.0,0.0,0.0,0.0,6,2676.0,2679.0,2,2678.0,2680.0,2683.0,2676.0,16.0,42848.0,2341
2023-05-10 21:18:42,RM2403,RM403,2678.0,0.0,0.0,0.0,7,2675.0,2678.0,1,2678.0,2680.0,2683.0,2676.0,16.0,42848.0,2341
2023-05-10 21:18:42,RM2403,RM403,2678.0,0.0,0.0,0.0,3,2675.0,2678.0,1,2678.0,2680.0,2683.0,2676.0,16.0,42848.0,2341
2023-05-10 21:18:43,RM2403,RM403,2678.0,0.0,0.0,0.0,5,2675.0,2678.0,1,2678.0,2680.0,2683.0,2676.0,16.0,42848.0,2341
2023-05-10 21:18:54,RM2403,RM403,2678.0,0.0,0.0,0.0,7,2675.0,2678.0,1,2678.0,2680.0,2683.0,2676.0,16.0,42848.0,2341
2023-05-10 21:18:55,RM2403,RM403,2678.0,0.0,0.0,0.0,1,2675.0,2678.0,1,2678.0,2680.0,2683.0,2676.0,16.0,42848.0,2341
2023-05-10 21:18:56,RM2403,RM403,2678.0,0.0,0.0,0.0,7,2675.0,2678.0,1,2678.0,2680.0,2683.0,2676.0,16.0,42848.0,2341
2023-05-10 21:19:00,RM2403,RM403,2678.0,0.0,0.0,0.0,6,2675.0,2678.0,1,2678.0,2680.0,2683.0,2676.0,16.0,42848.0,2341
2023-05-10 21:19:01,RM2403,RM403,2678.0,0.0,0.0,0.0,1,2675.0,2678.0,1,2678.0,2680.0,2683.0,2676.0,16.0,42848.0,2341
2023-05-10 21:19:03,RM2403,RM403,2678.0,0.0,0.0,0.0,1,2675.0,2677.0,1,2678.0,2680.0,2683.0,2676.0,16.0,42848.0,2341
2023-05-10 21:19:04,RM2403,RM403,2678.0,0.0,0.0,0.0,1,2675.0,2678.0,1,2678.0,2680.0,2683.0,2676.0,16.0,42848.0,2341
2023-05-10 21:19:07,RM2403,RM403,2678.0,0.0,0.0,0.0,2,2675.0,2678.0,1,2678.0,2680.0,2683.0,2676.0,16.0,42848.0,2341
2023-05-10 21:19:08,RM2403,RM403,2678.0,0.0,0.0,0.0,6,2675.0,2678.0,1,2678.0,2680.0,2683.0,2676.0,16.0,42848.0,2341
2023-05-10 21:19:11,RM2403,RM403,2678.0,0.0,0.0,0.0,5,2675.0,2678.0,1,2678.0,2680.0,2683.0,2676.0,16.0,42848.0,2341
2023-05-10 21:19:11,RM2403,RM403,2678.0,0.0,0.0,0.0,6,2675.0,2678.0,1,2678.0,2680.0,2683.0,2676.0,16.0,42848.0,2341
2023-05-10 21:19:13,RM2403,RM403,2678.0,0.0,0.0,0.0,6,2675.0,2678.0,2,2678.0,2680.0,2683.0,2676.0,16.0,42848.0,2341
2023-05-10 21:19:17,RM2403,RM403,2678.0,0.0,0.0,0.0,3,2675.0,2678.0,2,2678.0,2680.0,2683.0,2676.0,16.0,42848.0,2341
2023-05-10 21:19:17,RM2403,RM403,2678.0,0.0,0.0,0.0,2,2675.0,2678.0,2,2678.0,2680.0,2683.0,2676.0,16.0,42848.0,2341
2023-05-10 21:19:17,RM2403,RM403,2678.0,0.0,0.0,0.0,6,2675.0,2678.0,2,2678.0,2680.0,2683.0,2676.0,16.0,42848.0,2341
2023-05-10 21:19:19,RM2403,RM403,2678.0,0.0,0.0,0.0,7,2675.0,2678.0,2,2678.0,2680.0,2683.0,2676.0,16.0,42848.0,2341
2023-05-10 21:19:36,RM2403,RM403,2678.0,0.0,0.0,0.0,1,2675.0,2677.0,1,2678.0,2680.0,2683.0,2676.0,16.0,42848.0,2341
2023-05-10 21:19:42,RM2403,RM403,2678.0,0.0,0.0,0.0,1,2675.0,2678.0,2,2678.0,2680.0,2683.0,2676.0,16.0,42848.0,2341
2023-05-10 21:19:44,RM2403,RM403,2678.0,0.0,0.0,0.0,1,2675.0,2677.0,1,2678.0,2680.0,2683.0,2676.0,16.0,42848.0,2341
2023-05-10 21:19:49,RM2403,RM403,2675.0,1.0,2678.0,1.0,8,2673.0,2676.0,1,2678.0,2680.0,2683.0,2675.0,17.0,45526.0,2342
2023-05-10 21:20:05,RM2403,RM403,2675.0,0.0,0.0,0.0,5,2674.0,2677.0,1,2678.0,2680.0,2683.0,2675.0,17.0,45526.0,2342
2023-05-10 21:20:07,RM2403,RM403,2675.0,0.0,0.0,0.0,1,2674.0,2677.0,1,2678.0,2680.0,2683.0,2675.0,17.0,45526.0,2342
2023-05-10 21:20:07,RM2403,RM403,2675.0,0.0,0.0,0.0,1,2674.0,2676.0,1,2678.0,2680.0,2683.0,2675.0,17.0,45526.0,2342
2023-05-10 21:20:08,RM2403,RM403,2675.0,0.0,0.0,0.0,8,2673.0,2676.0,1,2678.0,2680.0,2683.0,2675.0,17.0,45526.0,2342
2023-05-10 21:20:08,RM2403,RM403,2675.0,0.0,0.0,0.0,1,2674.0,2676.0,1,2678.0,2680.0,2683.0,2675.0,17.0,45526.0,2342
2023-05-10 21:20:09,RM2403,RM403,2675.0,0.0,0.0,0.0,8,2673.0,2676.0,1,2678.0,2680.0,2683.0,2675.0,17.0,45526.0,2342
2023-05-10 21:20:09,RM2403,RM403,2675.0,0.0,0.0,0.0,1,2674.0,2676.0,1,2678.0,2680.0,2683.0,2675.0,17.0,45526.0,2342
2023-05-10 21:20:09,RM2403,RM403,2675.0,0.0,0.0,0.0,8,2673.0,2676.0,1,2678.0,2680.0,2683.0,2675.0,17.0,45526.0,2342
2023-05-10 21:20:10,RM2403,RM403,2675.0,0.0,0.0,0.0,8,2673.0,2676.0,2,2678.0,2680.0,2683.0,2675.0,17.0,45526.0,2342
2023-05-10 21:20:11,RM2403,RM403,2675.0,0.0,0.0,0.0,8,2673.0,2676.0,1,2678.0,2680.0,2683.0,2675.0,17.0,45526.0,2342
2023-05-10 21:20:11,RM2403,RM403,2675.0,0.0,0.0,0.0,1,2674.0,2676.0,1,2678.0,2680.0,2683.0,2675.0,17.0,45526.0,2342
2023-05-10 21:20:12,RM2403,RM403,2675.0,0.0,0.0,0.0,8,2673.0,2676.0,1,2678.0,2680.0,2683.0,2675.0,17.0,45526.0,2342
2023-05-10 21:20:12,RM2403,RM403,2675.0,0.0,0.0,0.0,6,2674.0,2676.0,1,2678.0,2680.0,2683.0,2675.0,17.0,45526.0,2342
2023-05-10 21:20:13,RM2403,RM403,2675.0,0.0,0.0,0.0,1,2674.0,2676.0,1,2678.0,2680.0,2683.0,2675.0,17.0,45526.0,2342
2023-05-10 21:20:13,RM2403,RM403,2675.0,0.0,0.0,0.0,2,2674.0,2676.0,1,2678.0,2680.0,2683.0,2675.0,17.0,45526.0,2342
2023-05-10 21:20:13,RM2403,RM403,2675.0,0.0,0.0,0.0,6,2674.0,2676.0,1,2678.0,2680.0,2683.0,2675.0,17.0,45526.0,2342
2023-05-10 21:20:21,RM2403,RM403,2675.0,0.0,0.0,0.0,1,2675.0,2676.0,1,2678.0,2680.0,2683.0,2675.0,17.0,45526.0,2342
2023-05-10 21:20:22,RM2403,RM403,2675.0,0.0,0.0,0.0,6,2675.0,2676.0,1,2678.0,2680.0,2683.0,2675.0,17.0,45526.0,2342
2023-05-10 21:20:27,RM2403,RM403,2675.0,0.0,0.0,0.0,1,2675.0,2676.0,1,2678.0,2680.0,2683.0,2675.0,17.0,45526.0,2342
2023-05-10 21:20:28,RM2403,RM403,2675.0,0.0,0.0,0.0,6,2674.0,2676.0,1,2678.0,2680.0,2683.0,2675.0,17.0,45526.0,2342
2023-05-10 21:20:29,RM2403,RM403,2675.0,0.0,0.0,0.0,3,2675.0,2676.0,1,2678.0,2680.0,2683.0,2675.0,17.0,45526.0,2342
2023-05-10 21:20:32,RM2403,RM403,2675.0,0.0,0.0,0.0,5,2675.0,2676.0,1,2678.0,2680.0,2683.0,2675.0,17.0,45526.0,2342
2023-05-10 21:20:32,RM2403,RM403,2675.0,0.0,0.0,0.0,6,2675.0,2676.0,1,2678.0,2680.0,2683.0,2675.0,17.0,45526.0,2342
2023-05-10 21:20:33,RM2403,RM403,2676.0,1.0,2678.0,-1.0,5,2675.0,2678.0,3,2678.0,2680.0,2683.0,2675.0,18.0,48204.0,2341
2023-05-10 21:20:33,RM2403,RM403,2676.0,0.0,0.0,0.0,5,2676.0,2678.0,3,2678.0,2680.0,2683.0,2675.0,18.0,48204.0,2341
2023-05-10 21:20:46,RM2403,RM403,2676.0,0.0,0.0,0.0,5,2675.0,2678.0,3,2678.0,2680.0,2683.0,2675.0,18.0,48204.0,2341
2023-05-10 21:20:46,RM2403,RM403,2676.0,0.0,0.0,0.0,5,2675.0,2678.0,4,2678.0,2680.0,2683.0,2675.0,18.0,48204.0,2341
2023-05-10 21:20:48,RM2403,RM403,2676.0,0.0,0.0,0.0,5,2675.0,2678.0,3,2678.0,2680.0,2683.0,2675.0,18.0,48204.0,2341
2023-05-10 21:20:52,RM2403,RM403,2676.0,0.0,0.0,0.0,5,2675.0,2678.0,4,2678.0,2680.0,2683.0,2675.0,18.0,48204.0,2341
2023-05-10 21:20:55,RM2403,RM403,2676.0,0.0,0.0,0.0,5,2675.0,2678.0,3,2678.0,2680.0,2683.0,2675.0,18.0,48204.0,2341
2023-05-10 21:20:58,RM2403,RM403,2676.0,0.0,0.0,0.0,5,2675.0,2679.0,1,2678.0,2680.0,2683.0,2675.0,18.0,48204.0,2341
2023-05-10 21:20:59,RM2403,RM403,2676.0,0.0,0.0,0.0,5,2675.0,2676.0,3,2678.0,2680.0,2683.0,2675.0,18.0,48204.0,2341
2023-05-10 21:21:00,RM2403,RM403,2676.0,0.0,0.0,0.0,5,2674.0,2676.0,3,2678.0,2680.0,2683.0,2675.0,18.0,48204.0,2341
2023-05-10 21:21:00,RM2403,RM403,2676.0,0.0,0.0,0.0,1,2675.0,2676.0,3,2678.0,2680.0,2683.0,2675.0,18.0,48204.0,2341
2023-05-10 21:21:01,RM2403,RM403,2676.0,0.0,0.0,0.0,5,2675.0,2676.0,3,2678.0,2680.0,2683.0,2675.0,18.0,48204.0,2341
2023-05-10 21:21:04,RM2403,RM403,2676.0,3.0,8013.0,-3.0,2,2675.0,2679.0,1,2678.0,2680.0,2683.0,2675.0,21.0,56217.0,2338
2023-05-10 21:21:04,RM2403,RM403,2676.0,0.0,0.0,0.0,2,2676.0,2679.0,1,2678.0,2680.0,2683.0,2675.0,21.0,56217.0,2338
2023-05-10 21:21:19,RM2403,RM403,2676.0,0.0,0.0,0.0,2,2675.0,2679.0,1,2678.0,2680.0,2683.0,2675.0,21.0,56217.0,2338
2023-05-10 21:21:19,RM2403,RM403,2676.0,0.0,0.0,0.0,2,2676.0,2679.0,1,2678.0,2680.0,2683.0,2675.0,21.0,56217.0,2338
2023-05-10 21:21:20,RM2403,RM403,2676.0,0.0,0.0,0.0,2,2675.0,2678.0,1,2678.0,2680.0,2683.0,2675.0,21.0,56217.0,2338
2023-05-10 21:21:20,RM2403,RM403,2676.0,0.0,0.0,0.0,2,2675.0,2679.0,1,2678.0,2680.0,2683.0,2675.0,21.0,56217.0,2338
2023-05-10 21:21:21,RM2403,RM403,2676.0,0.0,0.0,0.0,2,2676.0,2679.0,1,2678.0,2680.0,2683.0,2675.0,21.0,56217.0,2338
2023-05-10 21:21:22,RM2403,RM403,2676.0,0.0,0.0,0.0,2,2675.0,2679.0,1,2678.0,2680.0,2683.0,2675.0,21.0,56217.0,2338
2023-05-10 21:21:25,RM2403,RM403,2676.0,0.0,0.0,0.0,2,2676.0,2679.0,1,2678.0,2680.0,2683.0,2675.0,21.0,56217.0,2338
2023-05-10 21:21:25,RM2403,RM403,2676.0,0.0,0.0,0.0,2,2675.0,2679.0,1,2678.0,2680.0,2683.0,2675.0,21.0,56217.0,2338
2023-05-10 21:21:36,RM2403,RM403,2676.0,0.0,0.0,0.0,2,2675.0,2678.0,1,2678.0,2680.0,2683.0,2675.0,21.0,56217.0,2338
2023-05-10 21:21:38,RM2403,RM403,2676.0,0.0,0.0,0.0,2,2675.0,2679.0,1,2678.0,2680.0,2683.0,2675.0,21.0,56217.0,2338
2023-05-10 21:21:39,RM2403,RM403,2676.0,0.0,0.0,0.0,1,2676.0,2679.0,1,2678.0,2680.0,2683.0,2675.0,21.0,56217.0,2338
2023-05-10 21:21:39,RM2403,RM403,2676.0,0.0,0.0,0.0,2,2675.0,2678.0,1,2678.0,2680.0,2683.0,2675.0,21.0,56217.0,2338
2023-05-10 21:21:46,RM2403,RM403,2676.0,0.0,0.0,0.0,2,2674.0,2677.0,1,2678.0,2680.0,2683.0,2675.0,21.0,56217.0,2338
2023-05-10 21:21:56,RM2403,RM403,2676.0,0.0,0.0,0.0,2,2674.0,2678.0,1,2678.0,2680.0,2683.0,2675.0,21.0,56217.0,2338
2023-05-10 21:22:00,RM2403,RM403,2676.0,0.0,0.0,0.0,2,2675.0,2678.0,1,2678.0,2680.0,2683.0,2675.0,21.0,56217.0,2338
2023-05-10 21:22:01,RM2403,RM403,2676.0,0.0,0.0,0.0,2,2674.0,2677.0,1,2678.0,2680.0,2683.0,2675.0,21.0,56217.0,2338
2023-05-10 21:22:39,RM2403,RM403,2676.0,0.0,0.0,0.0,2,2673.0,2677.0,1,2678.0,2680.0,2683.0,2675.0,21.0,56217.0,2338
2023-05-10 21:22:40,RM2403,RM403,2676.0,0.0,0.0,0.0,2,2673.0,2676.0,1,2678.0,2680.0,2683.0,2675.0,21.0,56217.0,2338
2023-05-10 21:22:52,RM2403,RM403,2676.0,0.0,0.0,0.0,2,2674.0,2677.0,1,2678.0,2680.0,2683.0,2675.0,21.0,56217.0,2338
2023-05-10 21:23:30,RM2403,RM403,2676.0,0.0,0.0,0.0,2,2673.0,2676.0,1,2678.0,2680.0,2683.0,2675.0,21.0,56217.0,2338
2023-05-10 21:23:42,RM2403,RM403,2676.0,0.0,0.0,0.0,2,2672.0,2676.0,1,2678.0,2680.0,2683.0,2675.0,21.0,56217.0,2338
2023-05-10 21:23:43,RM2403,RM403,2676.0,0.0,0.0,0.0,2,2673.0,2676.0,1,2678.0,2680.0,2683.0,2675.0,21.0,56217.0,2338
2023-05-10 21:23:43,RM2403,RM403,2676.0,0.0,0.0,0.0,2,2672.0,2676.0,1,2678.0,2680.0,2683.0,2675.0,21.0,56217.0,2338
2023-05-10 21:23:46,RM2403,RM403,2676.0,0.0,0.0,0.0,1,2673.0,2676.0,1,2678.0,2680.0,2683.0,2675.0,21.0,56217.0,2338
2023-05-10 21:23:48,RM2403,RM403,2676.0,0.0,0.0,0.0,2,2672.0,2675.0,1,2678.0,2680.0,2683.0,2675.0,21.0,56217.0,2338
2023-05-10 21:23:50,RM2403,RM403,2676.0,0.0,0.0,0.0,1,2673.0,2676.0,1,2678.0,2680.0,2683.0,2675.0,21.0,56217.0,2338
2023-05-10 21:23:51,RM2403,RM403,2676.0,0.0,0.0,0.0,2,2673.0,2676.0,1,2678.0,2680.0,2683.0,2675.0,21.0,56217.0,2338
2023-05-10 21:23:51,RM2403,RM403,2676.0,0.0,0.0,0.0,2,2672.0,2676.0,1,2678.0,2680.0,2683.0,2675.0,21.0,56217.0,2338
2023-05-10 21:23:52,RM2403,RM403,2676.0,0.0,0.0,0.0,2,2673.0,2676.0,1,2678.0,2680.0,2683.0,2675.0,21.0,56217.0,2338
2023-05-10 21:23:52,RM2403,RM403,2676.0,0.0,0.0,0.0,1,2673.0,2676.0,1,2678.0,2680.0,2683.0,2675.0,21.0,56217.0,2338
2023-05-10 21:23:53,RM2403,RM403,2676.0,0.0,0.0,0.0,2,2672.0,2675.0,1,2678.0,2680.0,2683.0,2675.0,21.0,56217.0,2338
2023-05-10 21:24:09,RM2403,RM403,2676.0,0.0,0.0,0.0,2,2673.0,2676.0,1,2678.0,2680.0,2683.0,2675.0,21.0,56217.0,2338
2023-05-10 21:24:14,RM2403,RM403,2676.0,0.0,0.0,0.0,2,2673.0,2677.0,1,2678.0,2680.0,2683.0,2675.0,21.0,56217.0,2338
2023-05-10 21:24:19,RM2403,RM403,2676.0,0.0,0.0,0.0,2,2673.0,2676.0,1,2678.0,2680.0,2683.0,2675.0,21.0,56217.0,2338
2023-05-10 21:24:21,RM2403,RM403,2676.0,0.0,0.0,0.0,2,2673.0,2677.0,1,2678.0,2680.0,2683.0,2675.0,21.0,56217.0,2338
2023-05-10 21:24:22,RM2403,RM403,2676.0,0.0,0.0,0.0,2,2673.0,2676.0,1,2678.0,2680.0,2683.0,2675.0,21.0,56217.0,2338
2023-05-10 21:24:22,RM2403,RM403,2676.0,0.0,0.0,0.0,2,2674.0,2677.0,1,2678.0,2680.0,2683.0,2675.0,21.0,56217.0,2338
2023-05-10 21:24:30,RM2403,RM403,2676.0,0.0,0.0,0.0,2,2673.0,2677.0,1,2678.0,2680.0,2683.0,2675.0,21.0,56217.0,2338
2023-05-10 21:24:31,RM2403,RM403,2676.0,0.0,0.0,0.0,1,2674.0,2677.0,1,2678.0,2680.0,2683.0,2675.0,21.0,56217.0,2338
2023-05-10 21:24:31,RM2403,RM403,2676.0,0.0,0.0,0.0,2,2674.0,2677.0,1,2678.0,2680.0,2683.0,2675.0,21.0,56217.0,2338
2023-05-10 21:24:33,RM2403,RM403,2676.0,0.0,0.0,0.0,1,2674.0,2677.0,1,2678.0,2680.0,2683.0,2675.0,21.0,56217.0,2338
2023-05-10 21:24:34,RM2403,RM403,2676.0,0.0,0.0,0.0,2,2674.0,2677.0,1,2678.0,2680.0,2683.0,2675.0,21.0,56217.0,2338
2023-05-10 21:24:40,RM2403,RM403,2676.0,0.0,0.0,0.0,1,2674.0,2677.0,1,2678.0,2680.0,2683.0,2675.0,21.0,56217.0,2338
2023-05-10 21:24:40,RM2403,RM403,2676.0,0.0,0.0,0.0,2,2674.0,2677.0,1,2678.0,2680.0,2683.0,2675.0,21.0,56217.0,2338
2023-05-10 21:24:41,RM2403,RM403,2676.0,0.0,0.0,0.0,2,2673.0,2677.0,1,2678.0,2680.0,2683.0,2675.0,21.0,56217.0,2338
2023-05-10 21:24:53,RM2403,RM403,2676.0,0.0,0.0,0.0,2,2672.0,2675.0,1,2678.0,2680.0,2683.0,2675.0,21.0,56217.0,2338
2023-05-10 21:24:54,RM2403,RM403,2676.0,0.0,0.0,0.0,2,2673.0,2676.0,1,2678.0,2680.0,2683.0,2675.0,21.0,56217.0,2338
2023-05-10 21:24:56,RM2403,RM403,2676.0,0.0,0.0,0.0,2,2672.0,2675.0,1,2678.0,2680.0,2683.0,2675.0,21.0,56217.0,2338
2023-05-10 21:25:04,RM2403,RM403,2676.0,0.0,0.0,0.0,4,2671.0,2674.0,1,2678.0,2680.0,2683.0,2675.0,21.0,56217.0,2338
2023-05-10 21:25:12,RM2403,RM403,2676.0,0.0,0.0,0.0,4,2671.0,2675.0,1,2678.0,2680.0,2683.0,2675.0,21.0,56217.0,2338
2023-05-10 21:25:15,RM2403,RM403,2676.0,0.0,0.0,0.0,4,2671.0,2674.0,1,2678.0,2680.0,2683.0,2675.0,21.0,56217.0,2338
2023-05-10 21:25:17,RM2403,RM403,2676.0,0.0,0.0,0.0,2,2671.0,2673.0,1,2678.0,2680.0,2683.0,2675.0,21.0,56217.0,2338
2023-05-10 21:25:48,RM2403,RM403,2676.0,0.0,0.0,0.0,2,2671.0,2674.0,1,2678.0,2680.0,2683.0,2675.0,21.0,56217.0,2338
2023-05-10 21:25:49,RM2403,RM403,2676.0,0.0,0.0,0.0,2,2671.0,2673.0,1,2678.0,2680.0,2683.0,2675.0,21.0,56217.0,2338
2023-05-10 21:25:56,RM2403,RM403,2676.0,0.0,0.0,0.0,2,2672.0,2675.0,1,2678.0,2680.0,2683.0,2675.0,21.0,56217.0,2338
2023-05-10 21:26:16,RM2403,RM403,2676.0,0.0,0.0,0.0,3,2672.0,2675.0,1,2678.0,2680.0,2683.0,2675.0,21.0,56217.0,2338
2023-05-10 21:26:42,RM2403,RM403,2676.0,0.0,0.0,0.0,1,2673.0,2675.0,1,2678.0,2680.0,2683.0,2675.0,21.0,56217.0,2338
2023-05-10 21:26:42,RM2403,RM403,2676.0,0.0,0.0,0.0,1,2673.0,2674.0,1,2678.0,2680.0,2683.0,2675.0,21.0,56217.0,2338
2023-05-10 21:26:45,RM2403,RM403,2673.0,1.0,2677.0,1.0,1,2672.0,2674.0,1,2678.0,2680.0,2683.0,2673.0,22.0,58894.0,2339
2023-05-10 21:26:48,RM2403,RM403,2673.0,0.0,0.0,0.0,1,2672.0,2674.0,2,2678.0,2680.0,2683.0,2673.0,22.0,58894.0,2339
2023-05-10 21:27:03,RM2403,RM403,2673.0,0.0,0.0,0.0,1,2672.0,2673.0,1,2678.0,2680.0,2683.0,2673.0,22.0,58894.0,2339
2023-05-10 21:27:04,RM2403,RM403,2673.0,0.0,0.0,0.0,1,2672.0,2674.0,2,2678.0,2680.0,2683.0,2673.0,22.0,58894.0,2339
2023-05-10 21:27:16,RM2403,RM403,2673.0,0.0,0.0,0.0,1,2672.0,2673.0,1,2678.0,2680.0,2683.0,2673.0,22.0,58894.0,2339
2023-05-10 21:27:17,RM2403,RM403,2673.0,0.0,0.0,0.0,1,2672.0,2674.0,2,2678.0,2680.0,2683.0,2673.0,22.0,58894.0,2339
2023-05-10 21:27:23,RM2403,RM403,2673.0,0.0,0.0,0.0,2,2672.0,2674.0,2,2678.0,2680.0,2683.0,2673.0,22.0,58894.0,2339
2023-05-10 21:27:25,RM2403,RM403,2673.0,0.0,0.0,0.0,2,2672.0,2673.0,1,2678.0,2680.0,2683.0,2673.0,22.0,58894.0,2339
2023-05-10 21:27:27,RM2403,RM403,2673.0,0.0,0.0,0.0,2,2672.0,2674.0,2,2678.0,2680.0,2683.0,2673.0,22.0,58894.0,2339
2023-05-10 21:27:28,RM2403,RM403,2673.0,0.0,0.0,0.0,2,2672.0,2673.0,1,2678.0,2680.0,2683.0,2673.0,22.0,58894.0,2339
2023-05-10 21:27:32,RM2403,RM403,2673.0,0.0,0.0,0.0,2,2672.0,2674.0,2,2678.0,2680.0,2683.0,2673.0,22.0,58894.0,2339
2023-05-10 21:27:32,RM2403,RM403,2673.0,0.0,0.0,0.0,2,2672.0,2673.0,1,2678.0,2680.0,2683.0,2673.0,22.0,58894.0,2339
2023-05-10 21:27:38,RM2403,RM403,2673.0,0.0,0.0,0.0,2,2672.0,2674.0,2,2678.0,2680.0,2683.0,2673.0,22.0,58894.0,2339
2023-05-10 21:27:40,RM2403,RM403,2672.0,1.0,2677.0,1.0,1,2672.0,2673.0,1,2678.0,2680.0,2683.0,2672.0,23.0,61571.0,2340
2023-05-10 21:27:43,RM2403,RM403,2672.0,1.0,2677.0,0.0,1,2671.0,2673.0,1,2678.0,2680.0,2683.0,2672.0,24.0,64248.0,2340
2023-05-10 21:27:54,RM2403,RM403,2672.0,0.0,0.0,0.0,3,2671.0,2674.0,2,2678.0,2680.0,2683.0,2672.0,24.0,64248.0,2340
2023-05-10 21:28:43,RM2403,RM403,2672.0,0.0,0.0,0.0,2,2672.0,2674.0,1,2678.0,2680.0,2683.0,2672.0,24.0,64248.0,2340
2023-05-10 21:29:47,RM2403,RM403,2674.0,1.0,2677.0,0.0,2,2672.0,2675.0,1,2678.0,2680.0,2683.0,2672.0,25.0,66925.0,2340
2023-05-10 21:30:02,RM2403,RM403,2674.0,0.0,0.0,0.0,2,2673.0,2676.0,1,2678.0,2680.0,2683.0,2672.0,25.0,66925.0,2340
2023-05-10 21:30:03,RM2403,RM403,2674.0,0.0,0.0,0.0,2,2674.0,2677.0,1,2678.0,2680.0,2683.0,2672.0,25.0,66925.0,2340
2023-05-10 21:30:11,RM2403,RM403,2674.0,0.0,0.0,0.0,2,2673.0,2676.0,1,2678.0,2680.0,2683.0,2672.0,25.0,66925.0,2340
2023-05-10 21:30:13,RM2403,RM403,2674.0,0.0,0.0,0.0,1,2673.0,2676.0,1,2678.0,2680.0,2683.0,2672.0,25.0,66925.0,2340
2023-05-10 21:30:13,RM2403,RM403,2674.0,0.0,0.0,0.0,2,2672.0,2675.0,1,2678.0,2680.0,2683.0,2672.0,25.0,66925.0,2340
2023-05-10 21:30:15,RM2403,RM403,2674.0,0.0,0.0,0.0,1,2671.0,2674.0,1,2678.0,2680.0,2683.0,2672.0,25.0,66925.0,2340
2023-05-10 21:30:15,RM2403,RM403,2674.0,0.0,0.0,0.0,3,2671.0,2674.0,1,2678.0,2680.0,2683.0,2672.0,25.0,66925.0,2340
2023-05-10 21:30:16,RM2403,RM403,2674.0,0.0,0.0,0.0,1,2671.0,2674.0,1,2678.0,2680.0,2683.0,2672.0,25.0,66925.0,2340
2023-05-10 21:30:16,RM2403,RM403,2674.0,0.0,0.0,0.0,1,2671.0,2673.0,1,2678.0,2680.0,2683.0,2672.0,25.0,66925.0,2340
2023-05-10 21:30:19,RM2403,RM403,2674.0,0.0,0.0,0.0,1,2671.0,2674.0,1,2678.0,2680.0,2683.0,2672.0,25.0,66925.0,2340
2023-05-10 21:30:19,RM2403,RM403,2674.0,0.0,0.0,0.0,1,2671.0,2673.0,1,2678.0,2680.0,2683.0,2672.0,25.0,66925.0,2340
2023-05-10 21:30:21,RM2403,RM403,2674.0,0.0,0.0,0.0,1,2671.0,2672.0,1,2678.0,2680.0,2683.0,2672.0,25.0,66925.0,2340
2023-05-10 21:30:21,RM2403,RM403,2671.0,1.0,2651.0,0.0,2,2670.0,2672.0,1,2678.0,2680.0,2683.0,2671.0,26.0,69576.0,2340
2023-05-10 21:30:24,RM2403,RM403,2671.0,0.0,0.0,0.0,2,2670.0,2673.0,1,2678.0,2680.0,2683.0,2671.0,26.0,69576.0,2340
2023-05-10 21:30:24,RM2403,RM403,2671.0,0.0,0.0,0.0,3,2670.0,2673.0,1,2678.0,2680.0,2683.0,2671.0,26.0,69576.0,2340
2023-05-10 21:30:30,RM2403,RM403,2671.0,0.0,0.0,0.0,1,2671.0,2674.0,1,2678.0,2680.0,2683.0,2671.0,26.0,69576.0,2340
2023-05-10 21:30:32,RM2403,RM403,2671.0,0.0,0.0,0.0,1,2672.0,2675.0,1,2678.0,2680.0,2683.0,2671.0,26.0,69576.0,2340
2023-05-10 21:30:33,RM2403,RM403,2671.0,0.0,0.0,0.0,1,2672.0,2676.0,1,2678.0,2680.0,2683.0,2671.0,26.0,69576.0,2340
2023-05-10 21:30:33,RM2403,RM403,2671.0,0.0,0.0,0.0,1,2673.0,2676.0,1,2678.0,2680.0,2683.0,2671.0,26.0,69576.0,2340
2023-05-10 21:30:34,RM2403,RM403,2671.0,0.0,0.0,0.0,1,2672.0,2676.0,1,2678.0,2680.0,2683.0,2671.0,26.0,69576.0,2340
2023-05-10 21:30:34,RM2403,RM403,2671.0,0.0,0.0,0.0,1,2672.0,2675.0,1,2678.0,2680.0,2683.0,2671.0,26.0,69576.0,2340
2023-05-10 21:30:46,RM2403,RM403,2671.0,0.0,0.0,0.0,1,2673.0,2676.0,1,2678.0,2680.0,2683.0,2671.0,26.0,69576.0,2340
2023-05-10 21:30:52,RM2403,RM403,2671.0,0.0,0.0,0.0,1,2674.0,2677.0,1,2678.0,2680.0,2683.0,2671.0,26.0,69576.0,2340
2023-05-10 21:30:53,RM2403,RM403,2671.0,0.0,0.0,0.0,1,2673.0,2676.0,1,2678.0,2680.0,2683.0,2671.0,26.0,69576.0,2340
2023-05-10 21:30:54,RM2403,RM403,2671.0,0.0,0.0,0.0,1,2674.0,2677.0,1,2678.0,2680.0,2683.0,2671.0,26.0,69576.0,2340
2023-05-10 21:31:01,RM2403,RM403,2671.0,0.0,0.0,0.0,1,2675.0,2678.0,1,2678.0,2680.0,2683.0,2671.0,26.0,69576.0,2340
2023-05-10 21:31:07,RM2403,RM403,2671.0,0.0,0.0,0.0,1,2676.0,2679.0,1,2678.0,2680.0,2683.0,2671.0,26.0,69576.0,2340
2023-05-10 21:31:18,RM2403,RM403,2671.0,0.0,0.0,0.0,1,2675.0,2678.0,1,2678.0,2680.0,2683.0,2671.0,26.0,69576.0,2340
2023-05-10 21:31:19,RM2403,RM403,2671.0,0.0,0.0,0.0,1,2674.0,2678.0,1,2678.0,2680.0,2683.0,2671.0,26.0,69576.0,2340
2023-05-10 21:31:19,RM2403,RM403,2671.0,0.0,0.0,0.0,1,2674.0,2677.0,1,2678.0,2680.0,2683.0,2671.0,26.0,69576.0,2340
2023-05-10 21:31:22,RM2403,RM403,2671.0,0.0,0.0,0.0,1,2675.0,2678.0,1,2678.0,2680.0,2683.0,2671.0,26.0,69576.0,2340
2023-05-10 21:31:24,RM2403,RM403,2671.0,0.0,0.0,0.0,1,2674.0,2677.0,1,2678.0,2680.0,2683.0,2671.0,26.0,69576.0,2340
2023-05-10 21:31:25,RM2403,RM403,2671.0,0.0,0.0,0.0,1,2674.0,2678.0,1,2678.0,2680.0,2683.0,2671.0,26.0,69576.0,2340
2023-05-10 21:31:27,RM2403,RM403,2671.0,0.0,0.0,0.0,1,2674.0,2677.0,1,2678.0,2680.0,2683.0,2671.0,26.0,69576.0,2340
2023-05-10 21:31:32,RM2403,RM403,2671.0,0.0,0.0,0.0,1,2674.0,2678.0,1,2678.0,2680.0,2683.0,2671.0,26.0,69576.0,2340
2023-05-10 21:31:32,RM2403,RM403,2671.0,0.0,0.0,0.0,1,2675.0,2678.0,1,2678.0,2680.0,2683.0,2671.0,26.0,69576.0,2340
2023-05-10 21:31:35,RM2403,RM403,2671.0,0.0,0.0,0.0,1,2674.0,2677.0,1,2678.0,2680.0,2683.0,2671.0,26.0,69576.0,2340
2023-05-10 21:31:36,RM2403,RM403,2671.0,0.0,0.0,0.0,1,2675.0,2678.0,1,2678.0,2680.0,2683.0,2671.0,26.0,69576.0,2340
2023-05-10 21:31:39,RM2403,RM403,2671.0,0.0,0.0,0.0,1,2674.0,2678.0,1,2678.0,2680.0,2683.0,2671.0,26.0,69576.0,2340
2023-05-10 21:31:39,RM2403,RM403,2671.0,0.0,0.0,0.0,1,2674.0,2677.0,1,2678.0,2680.0,2683.0,2671.0,26.0,69576.0,2340
2023-05-10 21:31:42,RM2403,RM403,2671.0,0.0,0.0,0.0,1,2673.0,2677.0,1,2678.0,2680.0,2683.0,2671.0,26.0,69576.0,2340
2023-05-10 21:31:43,RM2403,RM403,2671.0,0.0,0.0,0.0,1,2674.0,2677.0,1,2678.0,2680.0,2683.0,2671.0,26.0,69576.0,2340
2023-05-10 21:31:44,RM2403,RM403,2671.0,0.0,0.0,0.0,1,2675.0,2678.0,1,2678.0,2680.0,2683.0,2671.0,26.0,69576.0,2340
2023-05-10 21:31:44,RM2403,RM403,2671.0,0.0,0.0,0.0,1,2674.0,2678.0,1,2678.0,2680.0,2683.0,2671.0,26.0,69576.0,2340
2023-05-10 21:31:46,RM2403,RM403,2671.0,0.0,0.0,0.0,1,2674.0,2677.0,1,2678.0,2680.0,2683.0,2671.0,26.0,69576.0,2340
2023-05-10 21:31:47,RM2403,RM403,2671.0,0.0,0.0,0.0,1,2673.0,2676.0,1,2678.0,2680.0,2683.0,2671.0,26.0,69576.0,2340
2023-05-10 21:31:53,RM2403,RM403,2671.0,0.0,0.0,0.0,1,2674.0,2677.0,1,2678.0,2680.0,2683.0,2671.0,26.0,69576.0,2340
2023-05-10 21:31:58,RM2403,RM403,2671.0,0.0,0.0,0.0,1,2673.0,2677.0,1,2678.0,2680.0,2683.0,2671.0,26.0,69576.0,2340
2023-05-10 21:31:58,RM2403,RM403,2671.0,0.0,0.0,0.0,1,2673.0,2676.0,1,2678.0,2680.0,2683.0,2671.0,26.0,69576.0,2340
2023-05-10 21:32:01,RM2403,RM403,2671.0,0.0,0.0,0.0,1,2674.0,2677.0,1,2678.0,2680.0,2683.0,2671.0,26.0,69576.0,2340
2023-05-10 21:32:01,RM2403,RM403,2671.0,0.0,0.0,0.0,1,2673.0,2677.0,1,2678.0,2680.0,2683.0,2671.0,26.0,69576.0,2340
2023-05-10 21:32:02,RM2403,RM403,2671.0,0.0,0.0,0.0,1,2673.0,2676.0,1,2678.0,2680.0,2683.0,2671.0,26.0,69576.0,2340
2023-05-10 21:32:03,RM2403,RM403,2671.0,0.0,0.0,0.0,1,2673.0,2677.0,1,2678.0,2680.0,2683.0,2671.0,26.0,69576.0,2340
2023-05-10 21:32:04,RM2403,RM403,2671.0,0.0,0.0,0.0,1,2673.0,2676.0,1,2678.0,2680.0,2683.0,2671.0,26.0,69576.0,2340
2023-05-10 21:32:10,RM2403,RM403,2671.0,0.0,0.0,0.0,1,2674.0,2677.0,1,2678.0,2680.0,2683.0,2671.0,26.0,69576.0,2340
2023-05-10 21:32:17,RM2403,RM403,2671.0,0.0,0.0,0.0,1,2673.0,2676.0,1,2678.0,2680.0,2683.0,2671.0,26.0,69576.0,2340
2023-05-10 21:32:21,RM2403,RM403,2671.0,0.0,0.0,0.0,1,2674.0,2677.0,1,2678.0,2680.0,2683.0,2671.0,26.0,69576.0,2340
2023-05-10 21:32:32,RM2403,RM403,2671.0,0.0,0.0,0.0,1,2675.0,2678.0,1,2678.0,2680.0,2683.0,2671.0,26.0,69576.0,2340
2023-05-10 21:32:33,RM2403,RM403,2671.0,0.0,0.0,0.0,1,2676.0,2679.0,1,2678.0,2680.0,2683.0,2671.0,26.0,69576.0,2340
2023-05-10 21:32:43,RM2403,RM403,2671.0,0.0,0.0,0.0,1,2677.0,2680.0,3,2678.0,2680.0,2683.0,2671.0,26.0,69576.0,2340
2023-05-10 21:32:47,RM2403,RM403,2671.0,0.0,0.0,0.0,1,2676.0,2680.0,3,2678.0,2680.0,2683.0,2671.0,26.0,69576.0,2340
2023-05-10 21:32:47,RM2403,RM403,2671.0,0.0,0.0,0.0,1,2676.0,2679.0,1,2678.0,2680.0,2683.0,2671.0,26.0,69576.0,2340
2023-05-10 21:32:50,RM2403,RM403,2671.0,0.0,0.0,0.0,1,2675.0,2678.0,1,2678.0,2680.0,2683.0,2671.0,26.0,69576.0,2340
2023-05-10 21:32:51,RM2403,RM403,2671.0,0.0,0.0,0.0,1,2674.0,2677.0,1,2678.0,2680.0,2683.0,2671.0,26.0,69576.0,2340
2023-05-10 21:32:55,RM2403,RM403,2671.0,0.0,0.0,0.0,1,2675.0,2678.0,1,2678.0,2680.0,2683.0,2671.0,26.0,69576.0,2340
2023-05-10 21:33:04,RM2403,RM403,2671.0,0.0,0.0,0.0,1,2674.0,2677.0,1,2678.0,2680.0,2683.0,2671.0,26.0,69576.0,2340
2023-05-10 21:33:05,RM2403,RM403,2671.0,0.0,0.0,0.0,1,2673.0,2677.0,1,2678.0,2680.0,2683.0,2671.0,26.0,69576.0,2340
2023-05-10 21:33:07,RM2403,RM403,2671.0,0.0,0.0,0.0,1,2674.0,2677.0,1,2678.0,2680.0,2683.0,2671.0,26.0,69576.0,2340
2023-05-10 21:33:09,RM2403,RM403,2671.0,0.0,0.0,0.0,1,2674.0,2678.0,1,2678.0,2680.0,2683.0,2671.0,26.0,69576.0,2340
2023-05-10 21:33:10,RM2403,RM403,2671.0,0.0,0.0,0.0,1,2674.0,2677.0,1,2678.0,2680.0,2683.0,2671.0,26.0,69576.0,2340
2023-05-10 21:33:12,RM2403,RM403,2671.0,0.0,0.0,0.0,1,2675.0,2679.0,1,2678.0,2680.0,2683.0,2671.0,26.0,69576.0,2340
2023-05-10 21:33:12,RM2403,RM403,2671.0,0.0,0.0,0.0,1,2676.0,2679.0,1,2678.0,2680.0,2683.0,2671.0,26.0,69576.0,2340
2023-05-10 21:33:19,RM2403,RM403,2671.0,0.0,0.0,0.0,1,2677.0,2680.0,3,2678.0,2680.0,2683.0,2671.0,26.0,69576.0,2340
2023-05-10 21:33:24,RM2403,RM403,2671.0,0.0,0.0,0.0,1,2677.0,2679.0,1,2678.0,2680.0,2683.0,2671.0,26.0,69576.0,2340
2023-05-10 21:33:25,RM2403,RM403,2671.0,0.0,0.0,0.0,1,2676.0,2679.0,2,2678.0,2680.0,2683.0,2671.0,26.0,69576.0,2340
2023-05-10 21:33:26,RM2403,RM403,2671.0,0.0,0.0,0.0,1,2677.0,2679.0,1,2678.0,2680.0,2683.0,2671.0,26.0,69576.0,2340
2023-05-10 21:33:27,RM2403,RM403,2671.0,0.0,0.0,0.0,1,2676.0,2679.0,2,2678.0,2680.0,2683.0,2671.0,26.0,69576.0,2340
2023-05-10 21:33:29,RM2403,RM403,2671.0,0.0,0.0,0.0,1,2677.0,2679.0,1,2678.0,2680.0,2683.0,2671.0,26.0,69576.0,2340
2023-05-10 21:33:30,RM2403,RM403,2671.0,0.0,0.0,0.0,1,2678.0,2679.0,1,2678.0,2680.0,2683.0,2671.0,26.0,69576.0,2340
2023-05-10 21:33:33,RM2403,RM403,2678.0,1.0,2703.0,-1.0,1,2678.0,2680.0,3,2678.0,2680.0,2683.0,2671.0,27.0,72279.0,2339
2023-05-10 21:33:41,RM2403,RM403,2678.0,0.0,0.0,0.0,1,2678.0,2680.0,2,2678.0,2680.0,2683.0,2671.0,27.0,72279.0,2339
2023-05-10 21:33:42,RM2403,RM403,2678.0,0.0,0.0,0.0,1,2679.0,2680.0,2,2678.0,2680.0,2683.0,2671.0,27.0,72279.0,2339
2023-05-10 21:33:53,RM2403,RM403,2680.0,2.0,5354.0,-1.0,3,2680.0,2682.0,2,2678.0,2680.0,2683.0,2671.0,29.0,77633.0,2338
2023-05-10 21:33:54,RM2403,RM403,2680.0,0.0,0.0,0.0,3,2679.0,2681.0,1,2678.0,2680.0,2683.0,2671.0,29.0,77633.0,2338
2023-05-10 21:33:57,RM2403,RM403,2680.0,0.0,0.0,0.0,3,2678.0,2681.0,1,2678.0,2680.0,2683.0,2671.0,29.0,77633.0,2338
2023-05-10 21:33:57,RM2403,RM403,2680.0,0.0,0.0,0.0,3,2678.0,2680.0,1,2678.0,2680.0,2683.0,2671.0,29.0,77633.0,2338
2023-05-10 21:34:00,RM2403,RM403,2680.0,0.0,0.0,0.0,1,2679.0,2681.0,1,2678.0,2680.0,2683.0,2671.0,29.0,77633.0,2338
2023-05-10 21:34:00,RM2403,RM403,2680.0,0.0,0.0,0.0,3,2679.0,2681.0,1,2678.0,2680.0,2683.0,2671.0,29.0,77633.0,2338
2023-05-10 21:34:03,RM2403,RM403,2680.0,0.0,0.0,0.0,3,2678.0,2681.0,1,2678.0,2680.0,2683.0,2671.0,29.0,77633.0,2338
2023-05-10 21:34:03,RM2403,RM403,2680.0,0.0,0.0,0.0,3,2678.0,2680.0,1,2678.0,2680.0,2683.0,2671.0,29.0,77633.0,2338
2023-05-10 21:34:07,RM2403,RM403,2680.0,0.0,0.0,0.0,2,2679.0,2681.0,1,2678.0,2680.0,2683.0,2671.0,29.0,77633.0,2338
2023-05-10 21:34:08,RM2403,RM403,2680.0,0.0,0.0,0.0,3,2679.0,2681.0,1,2678.0,2680.0,2683.0,2671.0,29.0,77633.0,2338
2023-05-10 21:34:08,RM2403,RM403,2680.0,0.0,0.0,0.0,3,2679.0,2681.0,2,2678.0,2680.0,2683.0,2671.0,29.0,77633.0,2338
2023-05-10 21:34:16,RM2403,RM403,2680.0,0.0,0.0,0.0,3,2678.0,2681.0,2,2678.0,2680.0,2683.0,2671.0,29.0,77633.0,2338
2023-05-10 21:34:18,RM2403,RM403,2680.0,0.0,0.0,0.0,3,2679.0,2681.0,2,2678.0,2680.0,2683.0,2671.0,29.0,77633.0,2338
2023-05-10 21:34:18,RM2403,RM403,2680.0,0.0,0.0,0.0,3,2678.0,2681.0,2,2678.0,2680.0,2683.0,2671.0,29.0,77633.0,2338
2023-05-10 21:34:20,RM2403,RM403,2680.0,0.0,0.0,0.0,3,2679.0,2681.0,2,2678.0,2680.0,2683.0,2671.0,29.0,77633.0,2338
2023-05-10 21:34:23,RM2403,RM403,2680.0,0.0,0.0,0.0,3,2679.0,2680.0,2,2678.0,2680.0,2683.0,2671.0,29.0,77633.0,2338
2023-05-10 21:34:30,RM2403,RM403,2680.0,0.0,0.0,0.0,3,2678.0,2680.0,3,2678.0,2680.0,2683.0,2671.0,29.0,77633.0,2338
2023-05-10 21:34:55,RM2403,RM403,2680.0,0.0,0.0,0.0,3,2677.0,2680.0,3,2678.0,2680.0,2683.0,2671.0,29.0,77633.0,2338
2023-05-10 21:34:58,RM2403,RM403,2680.0,0.0,0.0,0.0,3,2677.0,2679.0,1,2678.0,2680.0,2683.0,2671.0,29.0,77633.0,2338
2023-05-10 21:35:01,RM2403,RM403,2680.0,0.0,0.0,0.0,3,2677.0,2680.0,3,2678.0,2680.0,2683.0,2671.0,29.0,77633.0,2338
2023-05-10 21:35:05,RM2403,RM403,2680.0,0.0,0.0,0.0,3,2678.0,2680.0,3,2678.0,2680.0,2683.0,2671.0,29.0,77633.0,2338
2023-05-10 21:35:12,RM2403,RM403,2680.0,2.0,5354.0,-2.0,1,2679.0,2681.0,2,2678.0,2680.0,2683.0,2671.0,31.0,82987.0,2336
2023-05-10 21:35:14,RM2403,RM403,2680.0,0.0,0.0,0.0,1,2678.0,2681.0,2,2678.0,2680.0,2683.0,2671.0,31.0,82987.0,2336
2023-05-10 21:35:17,RM2403,RM403,2680.0,0.0,0.0,0.0,1,2679.0,2681.0,2,2678.0,2680.0,2683.0,2671.0,31.0,82987.0,2336
2023-05-10 21:35:17,RM2403,RM403,2680.0,0.0,0.0,0.0,1,2678.0,2681.0,2,2678.0,2680.0,2683.0,2671.0,31.0,82987.0,2336
2023-05-10 21:35:19,RM2403,RM403,2680.0,0.0,0.0,0.0,1,2678.0,2680.0,1,2678.0,2680.0,2683.0,2671.0,31.0,82987.0,2336
2023-05-10 21:35:27,RM2403,RM403,2680.0,0.0,0.0,0.0,1,2677.0,2680.0,1,2678.0,2680.0,2683.0,2671.0,31.0,82987.0,2336
2023-05-10 21:35:28,RM2403,RM403,2680.0,0.0,0.0,0.0,1,2678.0,2680.0,1,2678.0,2680.0,2683.0,2671.0,31.0,82987.0,2336
2023-05-10 21:35:41,RM2403,RM403,2680.0,0.0,0.0,0.0,1,2679.0,2681.0,2,2678.0,2680.0,2683.0,2671.0,31.0,82987.0,2336
2023-05-10 21:35:44,RM2403,RM403,2680.0,0.0,0.0,0.0,1,2678.0,2681.0,2,2678.0,2680.0,2683.0,2671.0,31.0,82987.0,2336
2023-05-10 21:35:44,RM2403,RM403,2680.0,0.0,0.0,0.0,1,2678.0,2680.0,1,2678.0,2680.0,2683.0,2671.0,31.0,82987.0,2336
2023-05-10 21:35:59,RM2403,RM403,2680.0,0.0,0.0,0.0,1,2679.0,2681.0,2,2678.0,2680.0,2683.0,2671.0,31.0,82987.0,2336
2023-05-10 21:36:15,RM2403,RM403,2680.0,0.0,0.0,0.0,1,2680.0,2681.0,1,2678.0,2680.0,2683.0,2671.0,31.0,82987.0,2336
2023-05-10 21:36:17,RM2403,RM403,2681.0,1.0,2677.0,-1.0,1,2681.0,2682.0,1,2678.0,2680.0,2683.0,2671.0,32.0,85664.0,2335
2023-05-10 21:36:19,RM2403,RM403,2681.0,0.0,0.0,0.0,1,2680.0,2682.0,2,2678.0,2680.0,2683.0,2671.0,32.0,85664.0,2335
2023-05-10 21:36:20,RM2403,RM403,2681.0,0.0,0.0,0.0,1,2680.0,2682.0,1,2678.0,2680.0,2683.0,2671.0,32.0,85664.0,2335
2023-05-10 21:36:20,RM2403,RM403,2681.0,0.0,0.0,0.0,1,2680.0,2682.0,2,2678.0,2680.0,2683.0,2671.0,32.0,85664.0,2335
2023-05-10 21:36:21,RM2403,RM403,2681.0,0.0,0.0,0.0,1,2681.0,2682.0,1,2678.0,2680.0,2683.0,2671.0,32.0,85664.0,2335
2023-05-10 21:36:25,RM2403,RM403,2681.0,0.0,0.0,0.0,1,2681.0,2682.0,2,2678.0,2680.0,2683.0,2671.0,32.0,85664.0,2335
2023-05-10 21:36:26,RM2403,RM403,2682.0,2.0,5354.0,-2.0,1,2682.0,2683.0,1,2678.0,2680.0,2683.0,2671.0,34.0,91018.0,2333
2023-05-10 21:36:26,RM2403,RM403,2682.0,0.0,0.0,0.0,1,2681.0,2683.0,1,2678.0,2680.0,2683.0,2671.0,34.0,91018.0,2333
2023-05-10 21:36:32,RM2403,RM403,2683.0,1.0,2712.0,-1.0,1,2681.0,2685.0,3,2678.0,2680.0,2683.0,2671.0,35.0,93730.0,2332
2023-05-10 21:36:33,RM2403,RM403,2683.0,0.0,0.0,0.0,1,2681.0,2684.0,1,2678.0,2680.0,2683.0,2671.0,35.0,93730.0,2332
2023-05-10 21:36:40,RM2403,RM403,2681.0,1.0,2678.0,-1.0,1,2681.0,2684.0,1,2678.0,2680.0,2683.0,2671.0,36.0,96408.0,2331
2023-05-10 21:36:42,RM2403,RM403,2681.0,1.0,2678.0,-1.0,1,2681.0,2684.0,1,2678.0,2680.0,2683.0,2671.0,37.0,99086.0,2330
2023-05-10 21:36:43,RM2403,RM403,2681.0,0.0,0.0,0.0,1,2682.0,2685.0,3,2678.0,2680.0,2683.0,2671.0,37.0,99086.0,2330
2023-05-10 21:36:45,RM2403,RM403,2681.0,0.0,0.0,0.0,1,2682.0,2685.0,2,2678.0,2680.0,2683.0,2671.0,37.0,99086.0,2330
2023-05-10 21:36:45,RM2403,RM403,2681.0,0.0,0.0,0.0,1,2683.0,2685.0,2,2678.0,2680.0,2683.0,2671.0,37.0,99086.0,2330
2023-05-10 21:36:49,RM2403,RM403,2681.0,0.0,0.0,0.0,1,2682.0,2685.0,2,2678.0,2680.0,2683.0,2671.0,37.0,99086.0,2330
2023-05-10 21:36:50,RM2403,RM403,2681.0,0.0,0.0,0.0,1,2683.0,2685.0,2,2678.0,2680.0,2683.0,2671.0,37.0,99086.0,2330
2023-05-10 21:36:52,RM2403,RM403,2681.0,0.0,0.0,0.0,1,2682.0,2685.0,2,2678.0,2680.0,2683.0,2671.0,37.0,99086.0,2330
2023-05-10 21:36:52,RM2403,RM403,2681.0,0.0,0.0,0.0,1,2683.0,2685.0,3,2678.0,2680.0,2683.0,2671.0,37.0,99086.0,2330
2023-05-10 21:36:55,RM2403,RM403,2681.0,0.0,0.0,0.0,1,2682.0,2685.0,4,2678.0,2680.0,2683.0,2671.0,37.0,99086.0,2330
2023-05-10 21:36:59,RM2403,RM403,2681.0,0.0,0.0,0.0,1,2683.0,2685.0,3,2678.0,2680.0,2683.0,2671.0,37.0,99086.0,2330
2023-05-10 21:37:20,RM2403,RM403,2681.0,0.0,0.0,0.0,1,2682.0,2685.0,4,2678.0,2680.0,2683.0,2671.0,37.0,99086.0,2330
2023-05-10 21:37:21,RM2403,RM403,2681.0,0.0,0.0,0.0,1,2683.0,2685.0,3,2678.0,2680.0,2683.0,2671.0,37.0,99086.0,2330
2023-05-10 21:37:38,RM2403,RM403,2681.0,0.0,0.0,0.0,1,2684.0,2685.0,3,2678.0,2680.0,2683.0,2671.0,37.0,99086.0,2330
2023-05-10 21:37:46,RM2403,RM403,2681.0,0.0,0.0,0.0,1,2683.0,2685.0,3,2678.0,2680.0,2683.0,2671.0,37.0,99086.0,2330
2023-05-10 21:37:47,RM2403,RM403,2681.0,0.0,0.0,0.0,1,2684.0,2685.0,3,2678.0,2680.0,2683.0,2671.0,37.0,99086.0,2330
2023-05-10 21:37:48,RM2403,RM403,2685.0,1.0,2678.0,-1.0,1,2684.0,2685.0,2,2678.0,2680.0,2685.0,2671.0,38.0,101764.0,2329
2023-05-10 21:37:49,RM2403,RM403,2685.0,0.0,0.0,0.0,1,2683.0,2685.0,2,2678.0,2680.0,2685.0,2671.0,38.0,101764.0,2329
2023-05-10 21:37:49,RM2403,RM403,2685.0,0.0,0.0,0.0,1,2684.0,2685.0,2,2678.0,2680.0,2685.0,2671.0,38.0,101764.0,2329
2023-05-10 21:37:55,RM2403,RM403,2685.0,0.0,0.0,0.0,1,2683.0,2685.0,2,2678.0,2680.0,2685.0,2671.0,38.0,101764.0,2329
2023-05-10 21:38:02,RM2403,RM403,2685.0,0.0,0.0,0.0,1,2682.0,2685.0,2,2678.0,2680.0,2685.0,2671.0,38.0,101764.0,2329
2023-05-10 21:38:02,RM2403,RM403,2685.0,0.0,0.0,0.0,1,2683.0,2685.0,2,2678.0,2680.0,2685.0,2671.0,38.0,101764.0,2329
2023-05-10 21:38:04,RM2403,RM403,2685.0,0.0,0.0,0.0,1,2682.0,2685.0,3,2678.0,2680.0,2685.0,2671.0,38.0,101764.0,2329
2023-05-10 21:38:10,RM2403,RM403,2685.0,0.0,0.0,0.0,1,2683.0,2685.0,2,2678.0,2680.0,2685.0,2671.0,38.0,101764.0,2329
2023-05-10 21:38:16,RM2403,RM403,2685.0,0.0,0.0,0.0,1,2682.0,2685.0,2,2678.0,2680.0,2685.0,2671.0,38.0,101764.0,2329
2023-05-10 21:38:16,RM2403,RM403,2685.0,0.0,0.0,0.0,1,2682.0,2685.0,3,2678.0,2680.0,2685.0,2671.0,38.0,101764.0,2329
2023-05-10 21:38:21,RM2403,RM403,2685.0,0.0,0.0,0.0,1,2682.0,2685.0,2,2678.0,2680.0,2685.0,2671.0,38.0,101764.0,2329
2023-05-10 21:38:23,RM2403,RM403,2685.0,0.0,0.0,0.0,1,2682.0,2685.0,3,2678.0,2680.0,2685.0,2671.0,38.0,101764.0,2329
2023-05-10 21:38:27,RM2403,RM403,2685.0,0.0,0.0,0.0,1,2682.0,2684.0,1,2678.0,2680.0,2685.0,2671.0,38.0,101764.0,2329
2023-05-10 21:38:28,RM2403,RM403,2685.0,1.0,2678.0,1.0,1,2682.0,2685.0,3,2678.0,2680.0,2685.0,2671.0,39.0,104442.0,2330
2023-05-10 21:38:29,RM2403,RM403,2685.0,0.0,0.0,0.0,1,2683.0,2685.0,2,2678.0,2680.0,2685.0,2671.0,39.0,104442.0,2330
2023-05-10 21:38:33,RM2403,RM403,2685.0,0.0,0.0,0.0,1,2682.0,2685.0,3,2678.0,2680.0,2685.0,2671.0,39.0,104442.0,2330
2023-05-10 21:38:40,RM2403,RM403,2685.0,0.0,0.0,0.0,1,2682.0,2685.0,4,2678.0,2680.0,2685.0,2671.0,39.0,104442.0,2330
2023-05-10 21:38:45,RM2403,RM403,2685.0,0.0,0.0,0.0,1,2681.0,2684.0,1,2678.0,2680.0,2685.0,2671.0,39.0,104442.0,2330
2023-05-10 21:38:47,RM2403,RM403,2685.0,0.0,0.0,0.0,1,2682.0,2685.0,4,2678.0,2680.0,2685.0,2671.0,39.0,104442.0,2330
2023-05-10 21:38:50,RM2403,RM403,2682.0,1.0,2678.0,-1.0,1,2682.0,2685.0,4,2678.0,2680.0,2685.0,2671.0,40.0,107120.0,2329
2023-05-10 21:38:58,RM2403,RM403,2682.0,0.0,0.0,0.0,1,2681.0,2684.0,1,2678.0,2680.0,2685.0,2671.0,40.0,107120.0,2329
2023-05-10 21:39:00,RM2403,RM403,2682.0,0.0,0.0,0.0,1,2683.0,2685.0,3,2678.0,2680.0,2685.0,2671.0,40.0,107120.0,2329
2023-05-10 21:39:00,RM2403,RM403,2682.0,0.0,0.0,0.0,1,2682.0,2685.0,4,2678.0,2680.0,2685.0,2671.0,40.0,107120.0,2329
2023-05-10 21:39:02,RM2403,RM403,2682.0,0.0,0.0,0.0,1,2681.0,2684.0,1,2678.0,2680.0,2685.0,2671.0,40.0,107120.0,2329
2023-05-10 21:39:17,RM2403,RM403,2682.0,0.0,0.0,0.0,2,2680.0,2683.0,1,2678.0,2680.0,2685.0,2671.0,40.0,107120.0,2329
2023-05-10 21:39:24,RM2403,RM403,2682.0,0.0,0.0,0.0,1,2680.0,2683.0,1,2678.0,2680.0,2685.0,2671.0,40.0,107120.0,2329
2023-05-10 21:39:25,RM2403,RM403,2682.0,0.0,0.0,0.0,1,2680.0,2682.0,1,2678.0,2680.0,2685.0,2671.0,40.0,107120.0,2329
2023-05-10 21:39:33,RM2403,RM403,2682.0,0.0,0.0,0.0,1,2680.0,2681.0,1,2678.0,2680.0,2685.0,2671.0,40.0,107120.0,2329
2023-05-10 21:39:34,RM2403,RM403,2680.0,1.0,2678.0,1.0,1,2679.0,2681.0,1,2678.0,2680.0,2685.0,2671.0,41.0,109798.0,2330
2023-05-10 21:39:35,RM2403,RM403,2680.0,0.0,0.0,0.0,1,2680.0,2682.0,1,2678.0,2680.0,2685.0,2671.0,41.0,109798.0,2330
2023-05-10 21:39:36,RM2403,RM403,2680.0,0.0,0.0,0.0,1,2679.0,2681.0,1,2678.0,2680.0,2685.0,2671.0,41.0,109798.0,2330
2023-05-10 21:39:56,RM2403,RM403,2680.0,0.0,0.0,0.0,1,2678.0,2681.0,1,2678.0,2680.0,2685.0,2671.0,41.0,109798.0,2330
2023-05-10 21:39:56,RM2403,RM403,2680.0,0.0,0.0,0.0,1,2678.0,2680.0,1,2678.0,2680.0,2685.0,2671.0,41.0,109798.0,2330
2023-05-10 21:40:04,RM2403,RM403,2680.0,0.0,0.0,0.0,1,2679.0,2681.0,1,2678.0,2680.0,2685.0,2671.0,41.0,109798.0,2330
2023-05-10 21:40:06,RM2403,RM403,2680.0,0.0,0.0,0.0,1,2680.0,2682.0,1,2678.0,2680.0,2685.0,2671.0,41.0,109798.0,2330
2023-05-10 21:40:06,RM2403,RM403,2680.0,0.0,0.0,0.0,1,2678.0,2680.0,1,2678.0,2680.0,2685.0,2671.0,41.0,109798.0,2330
2023-05-10 21:40:09,RM2403,RM403,2680.0,0.0,0.0,0.0,1,2679.0,2681.0,1,2678.0,2680.0,2685.0,2671.0,41.0,109798.0,2330
2023-05-10 21:40:09,RM2403,RM403,2680.0,0.0,0.0,0.0,1,2678.0,2680.0,1,2678.0,2680.0,2685.0,2671.0,41.0,109798.0,2330
2023-05-10 21:40:21,RM2403,RM403,2680.0,0.0,0.0,0.0,1,2679.0,2681.0,1,2678.0,2680.0,2685.0,2671.0,41.0,109798.0,2330
2023-05-10 21:40:22,RM2403,RM403,2680.0,0.0,0.0,0.0,1,2678.0,2680.0,1,2678.0,2680.0,2685.0,2671.0,41.0,109798.0,2330
2023-05-10 21:40:26,RM2403,RM403,2680.0,0.0,0.0,0.0,1,2677.0,2680.0,1,2678.0,2680.0,2685.0,2671.0,41.0,109798.0,2330
2023-05-10 21:40:26,RM2403,RM403,2680.0,0.0,0.0,0.0,1,2677.0,2679.0,1,2678.0,2680.0,2685.0,2671.0,41.0,109798.0,2330
2023-05-10 21:40:28,RM2403,RM403,2680.0,0.0,0.0,0.0,1,2677.0,2680.0,1,2678.0,2680.0,2685.0,2671.0,41.0,109798.0,2330
2023-05-10 21:40:28,RM2403,RM403,2680.0,0.0,0.0,0.0,1,2677.0,2679.0,1,2678.0,2680.0,2685.0,2671.0,41.0,109798.0,2330
2023-05-10 21:40:29,RM2403,RM403,2680.0,0.0,0.0,0.0,1,2678.0,2680.0,1,2678.0,2680.0,2685.0,2671.0,41.0,109798.0,2330
2023-05-10 21:40:30,RM2403,RM403,2680.0,0.0,0.0,0.0,1,2677.0,2679.0,1,2678.0,2680.0,2685.0,2671.0,41.0,109798.0,2330
2023-05-10 21:40:32,RM2403,RM403,2680.0,0.0,0.0,0.0,1,2677.0,2680.0,1,2678.0,2680.0,2685.0,2671.0,41.0,109798.0,2330
2023-05-10 21:40:33,RM2403,RM403,2680.0,0.0,0.0,0.0,1,2677.0,2679.0,1,2678.0,2680.0,2685.0,2671.0,41.0,109798.0,2330
2023-05-10 21:40:34,RM2403,RM403,2680.0,0.0,0.0,0.0,1,2678.0,2680.0,1,2678.0,2680.0,2685.0,2671.0,41.0,109798.0,2330
2023-05-10 21:40:34,RM2403,RM403,2680.0,0.0,0.0,0.0,1,2677.0,2680.0,1,2678.0,2680.0,2685.0,2671.0,41.0,109798.0,2330
2023-05-10 21:40:35,RM2403,RM403,2680.0,0.0,0.0,0.0,1,2677.0,2679.0,1,2678.0,2680.0,2685.0,2671.0,41.0,109798.0,2330
2023-05-10 21:40:51,RM2403,RM403,2680.0,0.0,0.0,0.0,3,2676.0,2679.0,1,2678.0,2680.0,2685.0,2671.0,41.0,109798.0,2330
2023-05-10 21:40:51,RM2403,RM403,2680.0,0.0,0.0,0.0,1,2677.0,2679.0,1,2678.0,2680.0,2685.0,2671.0,41.0,109798.0,2330
2023-05-10 21:40:52,RM2403,RM403,2680.0,0.0,0.0,0.0,3,2676.0,2678.0,1,2678.0,2680.0,2685.0,2671.0,41.0,109798.0,2330
2023-05-10 21:41:01,RM2403,RM403,2680.0,0.0,0.0,0.0,2,2676.0,2678.0,1,2678.0,2680.0,2685.0,2671.0,41.0,109798.0,2330
2023-05-10 21:41:01,RM2403,RM403,2680.0,0.0,0.0,0.0,2,2676.0,2677.0,1,2678.0,2680.0,2685.0,2671.0,41.0,109798.0,2330
2023-05-10 21:41:04,RM2403,RM403,2676.0,2.0,5356.0,0.0,1,2674.0,2676.0,2,2678.0,2680.0,2685.0,2671.0,43.0,115154.0,2330
2023-05-10 21:41:04,RM2403,RM403,2676.0,0.0,0.0,0.0,1,2674.0,2677.0,2,2678.0,2680.0,2685.0,2671.0,43.0,115154.0,2330
2023-05-10 21:41:05,RM2403,RM403,2676.0,0.0,0.0,0.0,1,2675.0,2677.0,2,2678.0,2680.0,2685.0,2671.0,43.0,115154.0,2330
2023-05-10 21:41:06,RM2403,RM403,2676.0,0.0,0.0,0.0,1,2674.0,2676.0,2,2678.0,2680.0,2685.0,2671.0,43.0,115154.0,2330
2023-05-10 21:41:08,RM2403,RM403,2676.0,0.0,0.0,0.0,1,2675.0,2677.0,2,2678.0,2680.0,2685.0,2671.0,43.0,115154.0,2330
2023-05-10 21:41:11,RM2403,RM403,2676.0,0.0,0.0,0.0,1,2676.0,2677.0,2,2678.0,2680.0,2685.0,2671.0,43.0,115154.0,2330
2023-05-10 21:41:14,RM2403,RM403,2676.0,0.0,0.0,0.0,2,2676.0,2678.0,2,2678.0,2680.0,2685.0,2671.0,43.0,115154.0,2330
2023-05-10 21:41:15,RM2403,RM403,2676.0,0.0,0.0,0.0,1,2676.0,2677.0,1,2678.0,2680.0,2685.0,2671.0,43.0,115154.0,2330
2023-05-10 21:41:16,RM2403,RM403,2676.0,0.0,0.0,0.0,1,2676.0,2677.0,2,2678.0,2680.0,2685.0,2671.0,43.0,115154.0,2330
2023-05-10 21:41:17,RM2403,RM403,2676.0,1.0,2678.0,1.0,1,2675.0,2677.0,1,2678.0,2680.0,2685.0,2671.0,44.0,117832.0,2331
2023-05-10 21:41:19,RM2403,RM403,2676.0,0.0,0.0,0.0,1,2678.0,2680.0,1,2678.0,2680.0,2685.0,2671.0,44.0,117832.0,2331
2023-05-10 21:41:19,RM2403,RM403,2676.0,0.0,0.0,0.0,1,2677.0,2679.0,1,2678.0,2680.0,2685.0,2671.0,44.0,117832.0,2331
2023-05-10 21:41:24,RM2403,RM403,2676.0,0.0,0.0,0.0,1,2676.0,2679.0,1,2678.0,2680.0,2685.0,2671.0,44.0,117832.0,2331
2023-05-10 21:41:28,RM2403,RM403,2676.0,0.0,0.0,0.0,1,2676.0,2678.0,1,2678.0,2680.0,2685.0,2671.0,44.0,117832.0,2331
2023-05-10 21:41:39,RM2403,RM403,2676.0,0.0,0.0,0.0,1,2675.0,2677.0,1,2678.0,2680.0,2685.0,2671.0,44.0,117832.0,2331
2023-05-10 21:41:43,RM2403,RM403,2676.0,0.0,0.0,0.0,1,2674.0,2676.0,1,2678.0,2680.0,2685.0,2671.0,44.0,117832.0,2331
2023-05-10 21:41:43,RM2403,RM403,2676.0,0.0,0.0,0.0,1,2675.0,2677.0,1,2678.0,2680.0,2685.0,2671.0,44.0,117832.0,2331
2023-05-10 21:41:47,RM2403,RM403,2676.0,0.0,0.0,0.0,1,2676.0,2678.0,1,2678.0,2680.0,2685.0,2671.0,44.0,117832.0,2331
2023-05-10 21:41:48,RM2403,RM403,2676.0,0.0,0.0,0.0,1,2675.0,2678.0,1,2678.0,2680.0,2685.0,2671.0,44.0,117832.0,2331
2023-05-10 21:41:48,RM2403,RM403,2676.0,0.0,0.0,0.0,1,2676.0,2678.0,1,2678.0,2680.0,2685.0,2671.0,44.0,117832.0,2331
2023-05-10 21:41:49,RM2403,RM403,2676.0,0.0,0.0,0.0,1,2675.0,2678.0,1,2678.0,2680.0,2685.0,2671.0,44.0,117832.0,2331
2023-05-10 21:41:50,RM2403,RM403,2676.0,0.0,0.0,0.0,1,2676.0,2678.0,1,2678.0,2680.0,2685.0,2671.0,44.0,117832.0,2331
2023-05-10 21:41:50,RM2403,RM403,2676.0,0.0,0.0,0.0,1,2675.0,2678.0,1,2678.0,2680.0,2685.0,2671.0,44.0,117832.0,2331
2023-05-10 21:41:52,RM2403,RM403,2676.0,0.0,0.0,0.0,1,2676.0,2678.0,1,2678.0,2680.0,2685.0,2671.0,44.0,117832.0,2331
2023-05-10 21:41:54,RM2403,RM403,2676.0,0.0,0.0,0.0,1,2675.0,2677.0,1,2678.0,2680.0,2685.0,2671.0,44.0,117832.0,2331
2023-05-10 21:41:56,RM2403,RM403,2676.0,0.0,0.0,0.0,1,2675.0,2678.0,1,2678.0,2680.0,2685.0,2671.0,44.0,117832.0,2331
2023-05-10 21:41:57,RM2403,RM403,2676.0,0.0,0.0,0.0,1,2676.0,2678.0,1,2678.0,2680.0,2685.0,2671.0,44.0,117832.0,2331
2023-05-10 21:42:00,RM2403,RM403,2676.0,0.0,0.0,0.0,1,2675.0,2678.0,1,2678.0,2680.0,2685.0,2671.0,44.0,117832.0,2331
2023-05-10 21:42:02,RM2403,RM403,2676.0,0.0,0.0,0.0,1,2676.0,2678.0,1,2678.0,2680.0,2685.0,2671.0,44.0,117832.0,2331
2023-05-10 21:42:14,RM2403,RM403,2676.0,0.0,0.0,0.0,1,2675.0,2678.0,1,2678.0,2680.0,2685.0,2671.0,44.0,117832.0,2331
2023-05-10 21:42:18,RM2403,RM403,2676.0,0.0,0.0,0.0,1,2675.0,2677.0,1,2678.0,2680.0,2685.0,2671.0,44.0,117832.0,2331
2023-05-10 21:42:19,RM2403,RM403,2676.0,0.0,0.0,0.0,1,2675.0,2678.0,1,2678.0,2680.0,2685.0,2671.0,44.0,117832.0,2331
2023-05-10 21:42:20,RM2403,RM403,2676.0,0.0,0.0,0.0,1,2675.0,2677.0,1,2678.0,2680.0,2685.0,2671.0,44.0,117832.0,2331
2023-05-10 21:42:20,RM2403,RM403,2676.0,0.0,0.0,0.0,1,2675.0,2678.0,1,2678.0,2680.0,2685.0,2671.0,44.0,117832.0,2331
2023-05-10 21:42:22,RM2403,RM403,2676.0,0.0,0.0,0.0,1,2676.0,2678.0,1,2678.0,2680.0,2685.0,2671.0,44.0,117832.0,2331
2023-05-10 21:42:26,RM2403,RM403,2676.0,0.0,0.0,0.0,1,2675.0,2677.0,1,2678.0,2680.0,2685.0,2671.0,44.0,117832.0,2331
2023-05-10 21:42:32,RM2403,RM403,2676.0,0.0,0.0,0.0,1,2674.0,2676.0,1,2678.0,2680.0,2685.0,2671.0,44.0,117832.0,2331
2023-05-10 21:42:34,RM2403,RM403,2676.0,0.0,0.0,0.0,1,2675.0,2677.0,1,2678.0,2680.0,2685.0,2671.0,44.0,117832.0,2331
2023-05-10 21:42:39,RM2403,RM403,2676.0,0.0,0.0,0.0,1,2674.0,2676.0,1,2678.0,2680.0,2685.0,2671.0,44.0,117832.0,2331
2023-05-10 21:42:46,RM2403,RM403,2676.0,0.0,0.0,0.0,1,2673.0,2676.0,1,2678.0,2680.0,2685.0,2671.0,44.0,117832.0,2331
2023-05-10 21:42:47,RM2403,RM403,2676.0,0.0,0.0,0.0,1,2673.0,2675.0,1,2678.0,2680.0,2685.0,2671.0,44.0,117832.0,2331
2023-05-10 21:42:50,RM2403,RM403,2676.0,0.0,0.0,0.0,2,2672.0,2674.0,1,2678.0,2680.0,2685.0,2671.0,44.0,117832.0,2331
2023-05-10 21:43:00,RM2403,RM403,2676.0,0.0,0.0,0.0,1,2672.0,2673.0,1,2678.0,2680.0,2685.0,2671.0,44.0,117832.0,2331
2023-05-10 21:43:00,RM2403,RM403,2676.0,0.0,0.0,0.0,1,2672.0,2674.0,1,2678.0,2680.0,2685.0,2671.0,44.0,117832.0,2331
2023-05-10 21:43:01,RM2403,RM403,2676.0,0.0,0.0,0.0,1,2672.0,2673.0,1,2678.0,2680.0,2685.0,2671.0,44.0,117832.0,2331
2023-05-10 21:43:08,RM2403,RM403,2672.0,1.0,2678.0,1.0,1,2671.0,2673.0,1,2678.0,2680.0,2685.0,2671.0,45.0,120510.0,2332
2023-05-10 21:43:11,RM2403,RM403,2672.0,0.0,0.0,0.0,1,2671.0,2674.0,1,2678.0,2680.0,2685.0,2671.0,45.0,120510.0,2332
2023-05-10 21:43:13,RM2403,RM403,2672.0,0.0,0.0,0.0,1,2672.0,2674.0,1,2678.0,2680.0,2685.0,2671.0,45.0,120510.0,2332
2023-05-10 21:43:26,RM2403,RM403,2672.0,0.0,0.0,0.0,1,2673.0,2675.0,1,2678.0,2680.0,2685.0,2671.0,45.0,120510.0,2332
2023-05-10 21:43:28,RM2403,RM403,2672.0,0.0,0.0,0.0,1,2672.0,2675.0,1,2678.0,2680.0,2685.0,2671.0,45.0,120510.0,2332
2023-05-10 21:43:28,RM2403,RM403,2672.0,0.0,0.0,0.0,1,2673.0,2675.0,1,2678.0,2680.0,2685.0,2671.0,45.0,120510.0,2332
2023-05-10 21:43:31,RM2403,RM403,2672.0,0.0,0.0,0.0,1,2671.0,2673.0,1,2678.0,2680.0,2685.0,2671.0,45.0,120510.0,2332
2023-05-10 21:43:32,RM2403,RM403,2672.0,0.0,0.0,0.0,1,2671.0,2674.0,1,2678.0,2680.0,2685.0,2671.0,45.0,120510.0,2332
2023-05-10 21:43:33,RM2403,RM403,2672.0,0.0,0.0,0.0,1,2672.0,2674.0,1,2678.0,2680.0,2685.0,2671.0,45.0,120510.0,2332
2023-05-10 21:44:00,RM2403,RM403,2672.0,0.0,0.0,0.0,1,2673.0,2675.0,1,2678.0,2680.0,2685.0,2671.0,45.0,120510.0,2332
2023-05-10 21:44:00,RM2403,RM403,2672.0,0.0,0.0,0.0,1,2672.0,2674.0,1,2678.0,2680.0,2685.0,2671.0,45.0,120510.0,2332
2023-05-10 21:44:02,RM2403,RM403,2672.0,0.0,0.0,0.0,1,2672.0,2675.0,1,2678.0,2680.0,2685.0,2671.0,45.0,120510.0,2332
2023-05-10 21:44:02,RM2403,RM403,2672.0,0.0,0.0,0.0,1,2673.0,2675.0,1,2678.0,2680.0,2685.0,2671.0,45.0,120510.0,2332
2023-05-10 21:44:08,RM2403,RM403,2672.0,0.0,0.0,0.0,1,2674.0,2676.0,1,2678.0,2680.0,2685.0,2671.0,45.0,120510.0,2332
2023-05-10 21:44:26,RM2403,RM403,2672.0,0.0,0.0,0.0,1,2674.0,2677.0,1,2678.0,2680.0,2685.0,2671.0,45.0,120510.0,2332
2023-05-10 21:44:27,RM2403,RM403,2672.0,0.0,0.0,0.0,1,2675.0,2677.0,1,2678.0,2680.0,2685.0,2671.0,45.0,120510.0,2332
2023-05-10 21:44:29,RM2403,RM403,2672.0,0.0,0.0,0.0,1,2674.0,2677.0,1,2678.0,2680.0,2685.0,2671.0,45.0,120510.0,2332
2023-05-10 21:44:30,RM2403,RM403,2672.0,0.0,0.0,0.0,1,2675.0,2677.0,1,2678.0,2680.0,2685.0,2671.0,45.0,120510.0,2332
2023-05-10 21:44:31,RM2403,RM403,2672.0,0.0,0.0,0.0,1,2675.0,2678.0,2,2678.0,2680.0,2685.0,2671.0,45.0,120510.0,2332
2023-05-10 21:44:32,RM2403,RM403,2672.0,0.0,0.0,0.0,1,2675.0,2677.0,1,2678.0,2680.0,2685.0,2671.0,45.0,120510.0,2332
2023-05-10 21:44:59,RM2403,RM403,2672.0,0.0,0.0,0.0,1,2675.0,2678.0,2,2678.0,2680.0,2685.0,2671.0,45.0,120510.0,2332
2023-05-10 21:44:59,RM2403,RM403,2672.0,0.0,0.0,0.0,1,2676.0,2678.0,2,2678.0,2680.0,2685.0,2671.0,45.0,120510.0,2332
2023-05-10 21:45:05,RM2403,RM403,2672.0,0.0,0.0,0.0,1,2677.0,2678.0,1,2678.0,2680.0,2685.0,2671.0,45.0,120510.0,2332
2023-05-10 21:45:06,RM2403,RM403,2672.0,0.0,0.0,0.0,1,2676.0,2678.0,1,2678.0,2680.0,2685.0,2671.0,45.0,120510.0,2332
2023-05-10 21:45:07,RM2403,RM403,2672.0,0.0,0.0,0.0,1,2676.0,2678.0,2,2678.0,2680.0,2685.0,2671.0,45.0,120510.0,2332
2023-05-10 21:45:07,RM2403,RM403,2678.0,1.0,2678.0,-1.0,1,2677.0,2679.0,1,2678.0,2680.0,2685.0,2671.0,46.0,123188.0,2331
2023-05-10 21:45:16,RM2403,RM403,2678.0,0.0,0.0,0.0,1,2677.0,2680.0,2,2678.0,2680.0,2685.0,2671.0,46.0,123188.0,2331
2023-05-10 21:45:17,RM2403,RM403,2678.0,0.0,0.0,0.0,1,2678.0,2680.0,2,2678.0,2680.0,2685.0,2671.0,46.0,123188.0,2331
2023-05-10 21:45:19,RM2403,RM403,2678.0,0.0,0.0,0.0,1,2679.0,2680.0,1,2678.0,2680.0,2685.0,2671.0,46.0,123188.0,2331
2023-05-10 21:45:26,RM2403,RM403,2680.0,1.0,2678.0,0.0,1,2678.0,2680.0,1,2678.0,2680.0,2685.0,2671.0,47.0,125866.0,2331
2023-05-10 21:45:31,RM2403,RM403,2680.0,0.0,0.0,0.0,1,2677.0,2680.0,1,2678.0,2680.0,2685.0,2671.0,47.0,125866.0,2331
2023-05-10 21:45:32,RM2403,RM403,2680.0,0.0,0.0,0.0,1,2677.0,2679.0,1,2678.0,2680.0,2685.0,2671.0,47.0,125866.0,2331
2023-05-10 21:45:39,RM2403,RM403,2680.0,0.0,0.0,0.0,1,2677.0,2680.0,1,2678.0,2680.0,2685.0,2671.0,47.0,125866.0,2331
2023-05-10 21:45:39,RM2403,RM403,2680.0,0.0,0.0,0.0,1,2678.0,2680.0,1,2678.0,2680.0,2685.0,2671.0,47.0,125866.0,2331
2023-05-10 21:45:41,RM2403,RM403,2680.0,0.0,0.0,0.0,1,2677.0,2680.0,1,2678.0,2680.0,2685.0,2671.0,47.0,125866.0,2331
2023-05-10 21:45:42,RM2403,RM403,2680.0,0.0,0.0,0.0,1,2677.0,2679.0,1,2678.0,2680.0,2685.0,2671.0,47.0,125866.0,2331
2023-05-10 21:46:09,RM2403,RM403,2680.0,0.0,0.0,0.0,1,2678.0,2680.0,1,2678.0,2680.0,2685.0,2671.0,47.0,125866.0,2331
2023-05-10 21:46:11,RM2403,RM403,2680.0,0.0,0.0,0.0,1,2677.0,2680.0,1,2678.0,2680.0,2685.0,2671.0,47.0,125866.0,2331
2023-05-10 21:46:12,RM2403,RM403,2680.0,0.0,0.0,0.0,1,2678.0,2680.0,1,2678.0,2680.0,2685.0,2671.0,47.0,125866.0,2331
2023-05-10 21:46:15,RM2403,RM403,2680.0,0.0,0.0,0.0,1,2677.0,2680.0,1,2678.0,2680.0,2685.0,2671.0,47.0,125866.0,2331
2023-05-10 21:46:16,RM2403,RM403,2680.0,0.0,0.0,0.0,1,2677.0,2679.0,1,2678.0,2680.0,2685.0,2671.0,47.0,125866.0,2331
2023-05-10 21:46:27,RM2403,RM403,2680.0,0.0,0.0,0.0,1,2677.0,2680.0,1,2678.0,2680.0,2685.0,2671.0,47.0,125866.0,2331
2023-05-10 21:46:29,RM2403,RM403,2680.0,0.0,0.0,0.0,1,2678.0,2680.0,1,2678.0,2680.0,2685.0,2671.0,47.0,125866.0,2331
2023-05-10 21:46:29,RM2403,RM403,2680.0,0.0,0.0,0.0,1,2677.0,2679.0,1,2678.0,2680.0,2685.0,2671.0,47.0,125866.0,2331
2023-05-10 21:46:30,RM2403,RM403,2680.0,0.0,0.0,0.0,1,2678.0,2680.0,1,2678.0,2680.0,2685.0,2671.0,47.0,125866.0,2331
2023-05-10 21:46:31,RM2403,RM403,2680.0,0.0,0.0,0.0,1,2677.0,2680.0,1,2678.0,2680.0,2685.0,2671.0,47.0,125866.0,2331
2023-05-10 21:46:31,RM2403,RM403,2680.0,0.0,0.0,0.0,1,2678.0,2680.0,1,2678.0,2680.0,2685.0,2671.0,47.0,125866.0,2331
2023-05-10 21:46:33,RM2403,RM403,2680.0,0.0,0.0,0.0,1,2679.0,2681.0,2,2678.0,2680.0,2685.0,2671.0,47.0,125866.0,2331
2023-05-10 21:46:33,RM2403,RM403,2680.0,0.0,0.0,0.0,1,2678.0,2680.0,1,2678.0,2680.0,2685.0,2671.0,47.0,125866.0,2331
2023-05-10 21:46:40,RM2403,RM403,2680.0,0.0,0.0,0.0,1,2679.0,2681.0,2,2678.0,2680.0,2685.0,2671.0,47.0,125866.0,2331
2023-05-10 21:46:41,RM2403,RM403,2680.0,0.0,0.0,0.0,1,2678.0,2681.0,2,2678.0,2680.0,2685.0,2671.0,47.0,125866.0,2331
2023-05-10 21:46:41,RM2403,RM403,2680.0,0.0,0.0,0.0,1,2679.0,2681.0,2,2678.0,2680.0,2685.0,2671.0,47.0,125866.0,2331
2023-05-10 21:46:52,RM2403,RM403,2680.0,0.0,0.0,0.0,1,2678.0,2680.0,1,2678.0,2680.0,2685.0,2671.0,47.0,125866.0,2331
2023-05-10 21:46:53,RM2403,RM403,2680.0,0.0,0.0,0.0,1,2680.0,2681.0,1,2678.0,2680.0,2685.0,2671.0,47.0,125866.0,2331
2023-05-10 21:46:54,RM2403,RM403,2680.0,0.0,0.0,0.0,1,2679.0,2681.0,2,2678.0,2680.0,2685.0,2671.0,47.0,125866.0,2331
2023-05-10 21:47:08,RM2403,RM403,2680.0,0.0,0.0,0.0,1,2678.0,2681.0,2,2678.0,2680.0,2685.0,2671.0,47.0,125866.0,2331
2023-05-10 21:47:08,RM2403,RM403,2680.0,0.0,0.0,0.0,1,2679.0,2681.0,2,2678.0,2680.0,2685.0,2671.0,47.0,125866.0,2331
2023-05-10 21:47:09,RM2403,RM403,2680.0,0.0,0.0,0.0,1,2678.0,2681.0,2,2678.0,2680.0,2685.0,2671.0,47.0,125866.0,2331
2023-05-10 21:47:09,RM2403,RM403,2680.0,0.0,0.0,0.0,1,2678.0,2680.0,1,2678.0,2680.0,2685.0,2671.0,47.0,125866.0,2331
2023-05-10 21:47:16,RM2403,RM403,2680.0,0.0,0.0,0.0,1,2677.0,2679.0,1,2678.0,2680.0,2685.0,2671.0,47.0,125866.0,2331
2023-05-10 21:47:21,RM2403,RM403,2680.0,0.0,0.0,0.0,1,2678.0,2680.0,1,2678.0,2680.0,2685.0,2671.0,47.0,125866.0,2331
2023-05-10 21:47:25,RM2403,RM403,2680.0,0.0,0.0,0.0,1,2677.0,2680.0,1,2678.0,2680.0,2685.0,2671.0,47.0,125866.0,2331
2023-05-10 21:47:25,RM2403,RM403,2680.0,0.0,0.0,0.0,1,2677.0,2679.0,1,2678.0,2680.0,2685.0,2671.0,47.0,125866.0,2331
2023-05-10 21:47:33,RM2403,RM403,2680.0,0.0,0.0,0.0,2,2676.0,2678.0,1,2678.0,2680.0,2685.0,2671.0,47.0,125866.0,2331
2023-05-10 21:47:35,RM2403,RM403,2680.0,0.0,0.0,0.0,1,2677.0,2679.0,1,2678.0,2680.0,2685.0,2671.0,47.0,125866.0,2331
2023-05-10 21:47:39,RM2403,RM403,2680.0,0.0,0.0,0.0,1,2677.0,2680.0,1,2678.0,2680.0,2685.0,2671.0,47.0,125866.0,2331
2023-05-10 21:47:40,RM2403,RM403,2680.0,0.0,0.0,0.0,1,2678.0,2680.0,1,2678.0,2680.0,2685.0,2671.0,47.0,125866.0,2331
2023-05-10 21:47:41,RM2403,RM403,2680.0,0.0,0.0,0.0,1,2677.0,2680.0,1,2678.0,2680.0,2685.0,2671.0,47.0,125866.0,2331
2023-05-10 21:48:00,RM2403,RM403,2680.0,0.0,0.0,0.0,1,2678.0,2680.0,1,2678.0,2680.0,2685.0,2671.0,47.0,125866.0,2331
2023-05-10 21:48:08,RM2403,RM403,2680.0,0.0,0.0,0.0,1,2677.0,2680.0,1,2678.0,2680.0,2685.0,2671.0,47.0,125866.0,2331
2023-05-10 21:48:14,RM2403,RM403,2680.0,0.0,0.0,0.0,1,2677.0,2679.0,1,2678.0,2680.0,2685.0,2671.0,47.0,125866.0,2331
2023-05-10 21:48:21,RM2403,RM403,2680.0,0.0,0.0,0.0,2,2676.0,2679.0,1,2678.0,2680.0,2685.0,2671.0,47.0,125866.0,2331
2023-05-10 21:48:22,RM2403,RM403,2680.0,0.0,0.0,0.0,2,2676.0,2678.0,1,2678.0,2680.0,2685.0,2671.0,47.0,125866.0,2331
2023-05-10 21:48:30,RM2403,RM403,2680.0,0.0,0.0,0.0,2,2676.0,2679.0,1,2678.0,2680.0,2685.0,2671.0,47.0,125866.0,2331
2023-05-10 21:48:36,RM2403,RM403,2680.0,0.0,0.0,0.0,1,2677.0,2679.0,1,2678.0,2680.0,2685.0,2671.0,47.0,125866.0,2331
2023-05-10 21:48:37,RM2403,RM403,2680.0,0.0,0.0,0.0,2,2676.0,2679.0,1,2678.0,2680.0,2685.0,2671.0,47.0,125866.0,2331
2023-05-10 21:48:39,RM2403,RM403,2680.0,0.0,0.0,0.0,2,2676.0,2678.0,1,2678.0,2680.0,2685.0,2671.0,47.0,125866.0,2331
2023-05-10 21:48:46,RM2403,RM403,2680.0,0.0,0.0,0.0,1,2676.0,2678.0,1,2678.0,2680.0,2685.0,2671.0,47.0,125866.0,2331
2023-05-10 21:48:48,RM2403,RM403,2680.0,0.0,0.0,0.0,2,2676.0,2678.0,1,2678.0,2680.0,2685.0,2671.0,47.0,125866.0,2331
2023-05-10 21:48:49,RM2403,RM403,2680.0,0.0,0.0,0.0,1,2676.0,2678.0,1,2678.0,2680.0,2685.0,2671.0,47.0,125866.0,2331
2023-05-10 21:48:57,RM2403,RM403,2678.0,2.0,5356.0,2.0,1,2676.0,2678.0,1,2678.0,2680.0,2685.0,2671.0,49.0,131222.0,2333
2023-05-10 21:48:57,RM2403,RM403,2678.0,0.0,0.0,0.0,2,2676.0,2678.0,1,2678.0,2680.0,2685.0,2671.0,49.0,131222.0,2333
2023-05-10 21:48:59,RM2403,RM403,2678.0,0.0,0.0,0.0,1,2676.0,2678.0,1,2678.0,2680.0,2685.0,2671.0,49.0,131222.0,2333
2023-05-10 21:49:01,RM2403,RM403,2678.0,0.0,0.0,0.0,1,2676.0,2677.0,1,2678.0,2680.0,2685.0,2671.0,49.0,131222.0,2333
2023-05-10 21:49:08,RM2403,RM403,2678.0,0.0,0.0,0.0,1,2676.0,2678.0,1,2678.0,2680.0,2685.0,2671.0,49.0,131222.0,2333
2023-05-10 21:49:10,RM2403,RM403,2678.0,0.0,0.0,0.0,2,2676.0,2678.0,1,2678.0,2680.0,2685.0,2671.0,49.0,131222.0,2333
2023-05-10 21:49:11,RM2403,RM403,2678.0,0.0,0.0,0.0,2,2676.0,2678.0,2,2678.0,2680.0,2685.0,2671.0,49.0,131222.0,2333
2023-05-10 21:49:12,RM2403,RM403,2678.0,0.0,0.0,0.0,1,2676.0,2678.0,2,2678.0,2680.0,2685.0,2671.0,49.0,131222.0,2333
2023-05-10 21:49:14,RM2403,RM403,2678.0,0.0,0.0,0.0,2,2676.0,2678.0,2,2678.0,2680.0,2685.0,2671.0,49.0,131222.0,2333
2023-05-10 21:49:15,RM2403,RM403,2678.0,0.0,0.0,0.0,1,2676.0,2678.0,2,2678.0,2680.0,2685.0,2671.0,49.0,131222.0,2333
2023-05-10 21:49:17,RM2403,RM403,2678.0,0.0,0.0,0.0,2,2676.0,2678.0,2,2678.0,2680.0,2685.0,2671.0,49.0,131222.0,2333
2023-05-10 21:49:17,RM2403,RM403,2678.0,0.0,0.0,0.0,1,2676.0,2678.0,2,2678.0,2680.0,2685.0,2671.0,49.0,131222.0,2333
2023-05-10 21:49:19,RM2403,RM403,2678.0,0.0,0.0,0.0,2,2676.0,2678.0,2,2678.0,2680.0,2685.0,2671.0,49.0,131222.0,2333
2023-05-10 21:49:24,RM2403,RM403,2678.0,0.0,0.0,0.0,1,2676.0,2677.0,1,2678.0,2680.0,2685.0,2671.0,49.0,131222.0,2333
2023-05-10 21:49:25,RM2403,RM403,2678.0,0.0,0.0,0.0,1,2676.0,2678.0,2,2678.0,2680.0,2685.0,2671.0,49.0,131222.0,2333
2023-05-10 21:49:31,RM2403,RM403,2678.0,0.0,0.0,0.0,1,2676.0,2677.0,1,2678.0,2680.0,2685.0,2671.0,49.0,131222.0,2333
2023-05-10 21:49:31,RM2403,RM403,2678.0,0.0,0.0,0.0,2,2676.0,2678.0,2,2678.0,2680.0,2685.0,2671.0,49.0,131222.0,2333
2023-05-10 21:49:32,RM2403,RM403,2678.0,0.0,0.0,0.0,1,2676.0,2677.0,1,2678.0,2680.0,2685.0,2671.0,49.0,131222.0,2333
2023-05-10 21:49:34,RM2403,RM403,2678.0,0.0,0.0,0.0,2,2676.0,2678.0,2,2678.0,2680.0,2685.0,2671.0,49.0,131222.0,2333
2023-05-10 21:49:43,RM2403,RM403,2678.0,1.0,2678.0,-1.0,2,2676.0,2679.0,1,2678.0,2680.0,2685.0,2671.0,50.0,133900.0,2332
2023-05-10 21:49:43,RM2403,RM403,2678.0,0.0,0.0,0.0,1,2676.0,2679.0,1,2678.0,2680.0,2685.0,2671.0,50.0,133900.0,2332
2023-05-10 21:49:44,RM2403,RM403,2678.0,0.0,0.0,0.0,1,2676.0,2678.0,1,2678.0,2680.0,2685.0,2671.0,50.0,133900.0,2332
2023-05-10 21:50:05,RM2403,RM403,2676.0,1.0,2678.0,0.0,1,2675.0,2678.0,2,2678.0,2680.0,2685.0,2671.0,51.0,136578.0,2332
2023-05-10 21:50:05,RM2403,RM403,2676.0,0.0,0.0,0.0,1,2676.0,2678.0,2,2678.0,2680.0,2685.0,2671.0,51.0,136578.0,2332
2023-05-10 21:50:07,RM2403,RM403,2676.0,0.0,0.0,0.0,1,2675.0,2677.0,2,2678.0,2680.0,2685.0,2671.0,51.0,136578.0,2332
2023-05-10 21:50:10,RM2403,RM403,2676.0,0.0,0.0,0.0,1,2675.0,2677.0,1,2678.0,2680.0,2685.0,2671.0,51.0,136578.0,2332
2023-05-10 21:50:11,RM2403,RM403,2676.0,0.0,0.0,0.0,1,2675.0,2677.0,2,2678.0,2680.0,2685.0,2671.0,51.0,136578.0,2332
2023-05-10 21:50:16,RM2403,RM403,2676.0,0.0,0.0,0.0,1,2676.0,2679.0,2,2678.0,2680.0,2685.0,2671.0,51.0,136578.0,2332
2023-05-10 21:50:16,RM2403,RM403,2676.0,0.0,0.0,0.0,1,2676.0,2678.0,2,2678.0,2680.0,2685.0,2671.0,51.0,136578.0,2332
2023-05-10 21:50:17,RM2403,RM403,2676.0,0.0,0.0,0.0,1,2675.0,2678.0,2,2678.0,2680.0,2685.0,2671.0,51.0,136578.0,2332
2023-05-10 21:50:18,RM2403,RM403,2678.0,2.0,5356.0,2.0,1,2676.0,2678.0,1,2678.0,2680.0,2685.0,2671.0,53.0,141934.0,2334
2023-05-10 21:50:18,RM2403,RM403,2678.0,0.0,0.0,0.0,1,2675.0,2678.0,1,2678.0,2680.0,2685.0,2671.0,53.0,141934.0,2334
2023-05-10 21:50:19,RM2403,RM403,2678.0,0.0,0.0,0.0,1,2675.0,2679.0,1,2678.0,2680.0,2685.0,2671.0,53.0,141934.0,2334
2023-05-10 21:50:20,RM2403,RM403,2678.0,0.0,0.0,0.0,1,2675.0,2678.0,1,2678.0,2680.0,2685.0,2671.0,53.0,141934.0,2334
2023-05-10 21:50:22,RM2403,RM403,2678.0,0.0,0.0,0.0,1,2676.0,2679.0,1,2678.0,2680.0,2685.0,2671.0,53.0,141934.0,2334
2023-05-10 21:50:23,RM2403,RM403,2678.0,0.0,0.0,0.0,1,2675.0,2679.0,1,2678.0,2680.0,2685.0,2671.0,53.0,141934.0,2334
2023-05-10 21:50:25,RM2403,RM403,2678.0,0.0,0.0,0.0,1,2675.0,2678.0,1,2678.0,2680.0,2685.0,2671.0,53.0,141934.0,2334
2023-05-10 21:50:33,RM2403,RM403,2678.0,0.0,0.0,0.0,1,2675.0,2678.0,2,2678.0,2680.0,2685.0,2671.0,53.0,141934.0,2334
2023-05-10 21:50:33,RM2403,RM403,2678.0,0.0,0.0,0.0,1,2676.0,2678.0,1,2678.0,2680.0,2685.0,2671.0,53.0,141934.0,2334
2023-05-10 21:50:38,RM2403,RM403,2678.0,0.0,0.0,0.0,1,2675.0,2678.0,1,2678.0,2680.0,2685.0,2671.0,53.0,141934.0,2334
2023-05-10 21:50:41,RM2403,RM403,2678.0,0.0,0.0,0.0,1,2676.0,2678.0,1,2678.0,2680.0,2685.0,2671.0,53.0,141934.0,2334
2023-05-10 21:50:45,RM2403,RM403,2678.0,0.0,0.0,0.0,1,2675.0,2678.0,1,2678.0,2680.0,2685.0,2671.0,53.0,141934.0,2334
2023-05-10 21:50:48,RM2403,RM403,2678.0,0.0,0.0,0.0,2,2674.0,2677.0,1,2678.0,2680.0,2685.0,2671.0,53.0,141934.0,2334
2023-05-10 21:50:49,RM2403,RM403,2678.0,0.0,0.0,0.0,2,2674.0,2678.0,2,2678.0,2680.0,2685.0,2671.0,53.0,141934.0,2334
2023-05-10 21:50:54,RM2403,RM403,2678.0,0.0,0.0,0.0,1,2675.0,2678.0,2,2678.0,2680.0,2685.0,2671.0,53.0,141934.0,2334
2023-05-10 21:50:59,RM2403,RM403,2678.0,0.0,0.0,0.0,2,2674.0,2678.0,2,2678.0,2680.0,2685.0,2671.0,53.0,141934.0,2334
2023-05-10 21:50:59,RM2403,RM403,2678.0,0.0,0.0,0.0,2,2674.0,2677.0,1,2678.0,2680.0,2685.0,2671.0,53.0,141934.0,2334
2023-05-10 21:51:01,RM2403,RM403,2674.0,1.0,2678.0,1.0,2,2672.0,2674.0,1,2678.0,2680.0,2685.0,2671.0,54.0,144612.0,2335
2023-05-10 21:51:01,RM2403,RM403,2674.0,0.0,0.0,0.0,3,2672.0,2676.0,1,2678.0,2680.0,2685.0,2671.0,54.0,144612.0,2335
2023-05-10 21:51:02,RM2403,RM403,2674.0,0.0,0.0,0.0,3,2672.0,2675.0,1,2678.0,2680.0,2685.0,2671.0,54.0,144612.0,2335
2023-05-10 21:51:19,RM2403,RM403,2674.0,0.0,0.0,0.0,1,2673.0,2676.0,1,2678.0,2680.0,2685.0,2671.0,54.0,144612.0,2335
2023-05-10 21:51:29,RM2403,RM403,2674.0,0.0,0.0,0.0,1,2674.0,2677.0,1,2678.0,2680.0,2685.0,2671.0,54.0,144612.0,2335
2023-05-10 21:51:31,RM2403,RM403,2674.0,0.0,0.0,0.0,1,2676.0,2678.0,1,2678.0,2680.0,2685.0,2671.0,54.0,144612.0,2335
2023-05-10 21:51:31,RM2403,RM403,2674.0,0.0,0.0,0.0,1,2675.0,2678.0,2,2678.0,2680.0,2685.0,2671.0,54.0,144612.0,2335
2023-05-10 21:51:32,RM2403,RM403,2674.0,0.0,0.0,0.0,1,2675.0,2678.0,1,2678.0,2680.0,2685.0,2671.0,54.0,144612.0,2335
2023-05-10 21:51:32,RM2403,RM403,2674.0,0.0,0.0,0.0,1,2675.0,2678.0,2,2678.0,2680.0,2685.0,2671.0,54.0,144612.0,2335
2023-05-10 21:51:37,RM2403,RM403,2674.0,0.0,0.0,0.0,1,2676.0,2678.0,1,2678.0,2680.0,2685.0,2671.0,54.0,144612.0,2335
2023-05-10 21:51:45,RM2403,RM403,2674.0,0.0,0.0,0.0,1,2675.0,2678.0,1,2678.0,2680.0,2685.0,2671.0,54.0,144612.0,2335
2023-05-10 21:51:46,RM2403,RM403,2674.0,0.0,0.0,0.0,1,2676.0,2678.0,1,2678.0,2680.0,2685.0,2671.0,54.0,144612.0,2335
2023-05-10 21:51:48,RM2403,RM403,2674.0,0.0,0.0,0.0,1,2676.0,2679.0,1,2678.0,2680.0,2685.0,2671.0,54.0,144612.0,2335
2023-05-10 21:51:48,RM2403,RM403,2674.0,0.0,0.0,0.0,1,2675.0,2679.0,1,2678.0,2680.0,2685.0,2671.0,54.0,144612.0,2335
2023-05-10 21:51:50,RM2403,RM403,2674.0,0.0,0.0,0.0,1,2675.0,2678.0,1,2678.0,2680.0,2685.0,2671.0,54.0,144612.0,2335
2023-05-10 21:51:54,RM2403,RM403,2674.0,0.0,0.0,0.0,1,2674.0,2677.0,1,2678.0,2680.0,2685.0,2671.0,54.0,144612.0,2335
2023-05-10 21:51:54,RM2403,RM403,2674.0,0.0,0.0,0.0,1,2673.0,2677.0,1,2678.0,2680.0,2685.0,2671.0,54.0,144612.0,2335
2023-05-10 21:51:55,RM2403,RM403,2674.0,0.0,0.0,0.0,1,2673.0,2676.0,1,2678.0,2680.0,2685.0,2671.0,54.0,144612.0,2335
2023-05-10 21:52:04,RM2403,RM403,2674.0,0.0,0.0,0.0,1,2673.0,2677.0,1,2678.0,2680.0,2685.0,2671.0,54.0,144612.0,2335
2023-05-10 21:52:05,RM2403,RM403,2674.0,0.0,0.0,0.0,1,2673.0,2676.0,1,2678.0,2680.0,2685.0,2671.0,54.0,144612.0,2335
2023-05-10 21:52:06,RM2403,RM403,2674.0,0.0,0.0,0.0,1,2673.0,2677.0,1,2678.0,2680.0,2685.0,2671.0,54.0,144612.0,2335
2023-05-10 21:52:07,RM2403,RM403,2674.0,0.0,0.0,0.0,1,2674.0,2677.0,1,2678.0,2680.0,2685.0,2671.0,54.0,144612.0,2335
2023-05-10 21:52:17,RM2403,RM403,2674.0,0.0,0.0,0.0,1,2673.0,2676.0,1,2678.0,2680.0,2685.0,2671.0,54.0,144612.0,2335
2023-05-10 21:52:27,RM2403,RM403,2674.0,0.0,0.0,0.0,1,2673.0,2677.0,1,2678.0,2680.0,2685.0,2671.0,54.0,144612.0,2335
2023-05-10 21:52:28,RM2403,RM403,2674.0,0.0,0.0,0.0,1,2673.0,2676.0,1,2678.0,2680.0,2685.0,2671.0,54.0,144612.0,2335
2023-05-10 21:52:30,RM2403,RM403,2674.0,0.0,0.0,0.0,1,2673.0,2677.0,1,2678.0,2680.0,2685.0,2671.0,54.0,144612.0,2335
2023-05-10 21:52:30,RM2403,RM403,2674.0,0.0,0.0,0.0,1,2674.0,2677.0,1,2678.0,2680.0,2685.0,2671.0,54.0,144612.0,2335
2023-05-10 21:52:30,RM2403,RM403,2674.0,0.0,0.0,0.0,1,2673.0,2676.0,1,2678.0,2680.0,2685.0,2671.0,54.0,144612.0,2335
2023-05-10 21:52:40,RM2403,RM403,2674.0,0.0,0.0,0.0,1,2672.0,2675.0,1,2678.0,2680.0,2685.0,2671.0,54.0,144612.0,2335
2023-05-10 21:52:41,RM2403,RM403,2674.0,0.0,0.0,0.0,1,2673.0,2676.0,1,2678.0,2680.0,2685.0,2671.0,54.0,144612.0,2335
2023-05-10 21:52:42,RM2403,RM403,2674.0,0.0,0.0,0.0,1,2672.0,2675.0,1,2678.0,2680.0,2685.0,2671.0,54.0,144612.0,2335
2023-05-10 21:52:42,RM2403,RM403,2674.0,0.0,0.0,0.0,1,2672.0,2676.0,1,2678.0,2680.0,2685.0,2671.0,54.0,144612.0,2335
2023-05-10 21:52:43,RM2403,RM403,2674.0,0.0,0.0,0.0,1,2673.0,2676.0,1,2678.0,2680.0,2685.0,2671.0,54.0,144612.0,2335
2023-05-10 21:52:44,RM2403,RM403,2674.0,0.0,0.0,0.0,1,2672.0,2675.0,1,2678.0,2680.0,2685.0,2671.0,54.0,144612.0,2335
2023-05-10 21:52:52,RM2403,RM403,2674.0,0.0,0.0,0.0,2,2671.0,2674.0,1,2678.0,2680.0,2685.0,2671.0,54.0,144612.0,2335
2023-05-10 21:52:54,RM2403,RM403,2674.0,0.0,0.0,0.0,2,2671.0,2675.0,1,2678.0,2680.0,2685.0,2671.0,54.0,144612.0,2335
2023-05-10 21:52:54,RM2403,RM403,2674.0,0.0,0.0,0.0,2,2671.0,2674.0,1,2678.0,2680.0,2685.0,2671.0,54.0,144612.0,2335
2023-05-10 21:52:55,RM2403,RM403,2674.0,0.0,0.0,0.0,2,2671.0,2675.0,1,2678.0,2680.0,2685.0,2671.0,54.0,144612.0,2335
2023-05-10 21:52:56,RM2403,RM403,2674.0,0.0,0.0,0.0,2,2671.0,2674.0,1,2678.0,2680.0,2685.0,2671.0,54.0,144612.0,2335
2023-05-10 21:53:03,RM2403,RM403,2674.0,0.0,0.0,0.0,1,2671.0,2674.0,1,2678.0,2680.0,2685.0,2671.0,54.0,144612.0,2335
2023-05-10 21:53:04,RM2403,RM403,2674.0,0.0,0.0,0.0,1,2671.0,2673.0,1,2678.0,2680.0,2685.0,2671.0,54.0,144612.0,2335
2023-05-10 21:53:04,RM2403,RM403,2674.0,0.0,0.0,0.0,2,2671.0,2674.0,1,2678.0,2680.0,2685.0,2671.0,54.0,144612.0,2335
