time,symbol_id,symbol_name,last,trade_volume,trade_amount,open_interest_change,bv1,bp1,ap1,av1,yesterday_close,today_open,today_high,today_low,volume,amount,open_interest
2023-05-09 19:10:58,MA2311,MA311,2316.0,0.0,0.0,0.0,0,0.0,0.0,0,2316.0,2316.0,0.0,0.0,0.0,0.0,21580
2023-05-09 20:59:00,MA2311,MA311,2316.0,0.0,0.0,0.0,1,2303.0,2328.0,1,2316.0,2316.0,0.0,0.0,0.0,0.0,21580
2023-05-09 21:00:00,MA2311,MA311,2316.0,0.0,0.0,0.0,5,2311.0,2317.0,5,2316.0,2316.0,0.0,0.0,0.0,0.0,21580
2023-05-09 21:00:01,MA2311,MA311,2316.0,0.0,0.0,0.0,5,2311.0,2315.0,5,2316.0,2316.0,0.0,0.0,0.0,0.0,21580
2023-05-09 21:00:01,MA2311,MA311,2316.0,0.0,0.0,0.0,5,2312.0,2316.0,5,2316.0,2316.0,0.0,0.0,0.0,0.0,21580
2023-05-09 21:00:03,MA2311,MA311,2316.0,0.0,0.0,0.0,2,2312.0,2316.0,5,2316.0,2316.0,0.0,0.0,0.0,0.0,21580
2023-05-09 21:00:04,MA2311,MA311,2316.0,0.0,0.0,0.0,5,2311.0,2315.0,4,2316.0,2316.0,0.0,0.0,0.0,0.0,21580
2023-05-09 21:00:04,MA2311,MA311,2316.0,0.0,0.0,0.0,5,2312.0,2316.0,5,2316.0,2316.0,0.0,0.0,0.0,0.0,21580
2023-05-09 21:00:05,MA2311,MA311,2316.0,0.0,0.0,0.0,6,2312.0,2316.0,6,2316.0,2316.0,0.0,0.0,0.0,0.0,21580
2023-05-09 21:00:05,MA2311,MA311,2316.0,0.0,0.0,0.0,5,2312.0,2316.0,6,2316.0,2316.0,0.0,0.0,0.0,0.0,21580
2023-05-09 21:00:06,MA2311,MA311,2316.0,0.0,0.0,0.0,5,2312.0,2316.0,5,2316.0,2316.0,0.0,0.0,0.0,0.0,21580
2023-05-09 21:00:07,MA2311,MA311,2316.0,0.0,0.0,0.0,2,2313.0,2317.0,9,2316.0,2316.0,0.0,0.0,0.0,0.0,21580
2023-05-09 21:00:07,MA2311,MA311,2316.0,0.0,0.0,0.0,5,2312.0,2316.0,5,2316.0,2316.0,0.0,0.0,0.0,0.0,21580
2023-05-09 21:00:09,MA2311,MA311,2316.0,0.0,0.0,0.0,5,2311.0,2315.0,3,2316.0,2316.0,0.0,0.0,0.0,0.0,21580
2023-05-09 21:00:09,MA2311,MA311,2316.0,0.0,0.0,0.0,5,2312.0,2316.0,10,2316.0,2316.0,0.0,0.0,0.0,0.0,21580
2023-05-09 21:00:10,MA2311,MA311,2316.0,0.0,0.0,0.0,5,2312.0,2316.0,5,2316.0,2316.0,0.0,0.0,0.0,0.0,21580
2023-05-09 21:00:11,MA2311,MA311,2316.0,0.0,0.0,0.0,6,2311.0,2315.0,5,2316.0,2316.0,0.0,0.0,0.0,0.0,21580
2023-05-09 21:00:11,MA2311,MA311,2316.0,0.0,0.0,0.0,5,2312.0,2316.0,12,2316.0,2316.0,0.0,0.0,0.0,0.0,21580
2023-05-09 21:00:11,MA2311,MA311,2316.0,0.0,0.0,0.0,5,2312.0,2316.0,6,2316.0,2316.0,0.0,0.0,0.0,0.0,21580
2023-05-09 21:00:13,MA2311,MA311,2316.0,0.0,0.0,0.0,5,2312.0,2316.0,5,2316.0,2316.0,0.0,0.0,0.0,0.0,21580
2023-05-09 21:00:14,MA2311,MA311,2316.0,1.0,2316.0,1.0,1,2312.0,2315.0,1,2316.0,2316.0,2316.0,2316.0,1.0,2316.0,21581
2023-05-09 21:00:14,MA2311,MA311,2316.0,0.0,0.0,0.0,1,2312.0,2315.0,4,2316.0,2316.0,2316.0,2316.0,1.0,2316.0,21581
2023-05-09 21:00:15,MA2311,MA311,2316.0,0.0,0.0,0.0,1,2313.0,2316.0,4,2316.0,2316.0,2316.0,2316.0,1.0,2316.0,21581
2023-05-09 21:00:15,MA2311,MA311,2316.0,0.0,0.0,0.0,1,2313.0,2316.0,5,2316.0,2316.0,2316.0,2316.0,1.0,2316.0,21581
2023-05-09 21:00:16,MA2311,MA311,2316.0,0.0,0.0,0.0,1,2312.0,2315.0,4,2316.0,2316.0,2316.0,2316.0,1.0,2316.0,21581
2023-05-09 21:00:19,MA2311,MA311,2316.0,0.0,0.0,0.0,1,2311.0,2314.0,4,2316.0,2316.0,2316.0,2316.0,1.0,2316.0,21581
2023-05-09 21:00:20,MA2311,MA311,2316.0,0.0,0.0,0.0,2,2310.0,2313.0,4,2316.0,2316.0,2316.0,2316.0,1.0,2316.0,21581
2023-05-09 21:00:21,MA2311,MA311,2316.0,0.0,0.0,0.0,1,2311.0,2314.0,11,2316.0,2316.0,2316.0,2316.0,1.0,2316.0,21581
2023-05-09 21:00:21,MA2311,MA311,2316.0,0.0,0.0,0.0,1,2311.0,2314.0,4,2316.0,2316.0,2316.0,2316.0,1.0,2316.0,21581
2023-05-09 21:00:25,MA2311,MA311,2316.0,0.0,0.0,0.0,1,2312.0,2315.0,4,2316.0,2316.0,2316.0,2316.0,1.0,2316.0,21581
2023-05-09 21:00:26,MA2311,MA311,2316.0,0.0,0.0,0.0,1,2311.0,2314.0,4,2316.0,2316.0,2316.0,2316.0,1.0,2316.0,21581
2023-05-09 21:00:27,MA2311,MA311,2316.0,0.0,0.0,0.0,1,2312.0,2315.0,11,2316.0,2316.0,2316.0,2316.0,1.0,2316.0,21581
2023-05-09 21:00:27,MA2311,MA311,2316.0,0.0,0.0,0.0,1,2312.0,2315.0,4,2316.0,2316.0,2316.0,2316.0,1.0,2316.0,21581
2023-05-09 21:00:28,MA2311,MA311,2316.0,0.0,0.0,0.0,1,2312.0,2315.0,5,2316.0,2316.0,2316.0,2316.0,1.0,2316.0,21581
2023-05-09 21:00:29,MA2311,MA311,2316.0,0.0,0.0,0.0,1,2311.0,2315.0,5,2316.0,2316.0,2316.0,2316.0,1.0,2316.0,21581
2023-05-09 21:00:29,MA2311,MA311,2316.0,0.0,0.0,0.0,1,2312.0,2315.0,5,2316.0,2316.0,2316.0,2316.0,1.0,2316.0,21581
2023-05-09 21:00:30,MA2311,MA311,2316.0,0.0,0.0,0.0,1,2312.0,2315.0,4,2316.0,2316.0,2316.0,2316.0,1.0,2316.0,21581
2023-05-09 21:00:33,MA2311,MA311,2316.0,0.0,0.0,0.0,1,2311.0,2314.0,4,2316.0,2316.0,2316.0,2316.0,1.0,2316.0,21581
2023-05-09 21:00:34,MA2311,MA311,2316.0,0.0,0.0,0.0,1,2310.0,2313.0,4,2316.0,2316.0,2316.0,2316.0,1.0,2316.0,21581
2023-05-09 21:00:37,MA2311,MA311,2316.0,0.0,0.0,0.0,1,2311.0,2314.0,4,2316.0,2316.0,2316.0,2316.0,1.0,2316.0,21581
2023-05-09 21:00:37,MA2311,MA311,2316.0,0.0,0.0,0.0,1,2310.0,2313.0,4,2316.0,2316.0,2316.0,2316.0,1.0,2316.0,21581
2023-05-09 21:00:38,MA2311,MA311,2316.0,0.0,0.0,0.0,1,2311.0,2314.0,12,2316.0,2316.0,2316.0,2316.0,1.0,2316.0,21581
2023-05-09 21:00:38,MA2311,MA311,2316.0,0.0,0.0,0.0,1,2311.0,2314.0,4,2316.0,2316.0,2316.0,2316.0,1.0,2316.0,21581
2023-05-09 21:00:39,MA2311,MA311,2316.0,0.0,0.0,0.0,1,2312.0,2315.0,4,2316.0,2316.0,2316.0,2316.0,1.0,2316.0,21581
2023-05-09 21:00:48,MA2311,MA311,2316.0,0.0,0.0,0.0,1,2313.0,2316.0,4,2316.0,2316.0,2316.0,2316.0,1.0,2316.0,21581
2023-05-09 21:00:50,MA2311,MA311,2316.0,0.0,0.0,0.0,1,2312.0,2315.0,4,2316.0,2316.0,2316.0,2316.0,1.0,2316.0,21581
2023-05-09 21:00:50,MA2311,MA311,2316.0,0.0,0.0,0.0,1,2313.0,2316.0,11,2316.0,2316.0,2316.0,2316.0,1.0,2316.0,21581
2023-05-09 21:00:50,MA2311,MA311,2316.0,0.0,0.0,0.0,1,2313.0,2316.0,5,2316.0,2316.0,2316.0,2316.0,1.0,2316.0,21581
2023-05-09 21:00:51,MA2311,MA311,2316.0,0.0,0.0,0.0,1,2313.0,2316.0,4,2316.0,2316.0,2316.0,2316.0,1.0,2316.0,21581
2023-05-09 21:00:51,MA2311,MA311,2316.0,0.0,0.0,0.0,1,2314.0,2317.0,4,2316.0,2316.0,2316.0,2316.0,1.0,2316.0,21581
2023-05-09 21:00:58,MA2311,MA311,2316.0,0.0,0.0,0.0,1,2315.0,2318.0,4,2316.0,2316.0,2316.0,2316.0,1.0,2316.0,21581
2023-05-09 21:01:00,MA2311,MA311,2316.0,0.0,0.0,0.0,1,2314.0,2317.0,4,2316.0,2316.0,2316.0,2316.0,1.0,2316.0,21581
2023-05-09 21:01:01,MA2311,MA311,2316.0,0.0,0.0,0.0,1,2315.0,2318.0,10,2316.0,2316.0,2316.0,2316.0,1.0,2316.0,21581
2023-05-09 21:01:01,MA2311,MA311,2316.0,0.0,0.0,0.0,1,2315.0,2318.0,4,2316.0,2316.0,2316.0,2316.0,1.0,2316.0,21581
2023-05-09 21:01:02,MA2311,MA311,2316.0,0.0,0.0,0.0,1,2315.0,2318.0,5,2316.0,2316.0,2316.0,2316.0,1.0,2316.0,21581
2023-05-09 21:01:02,MA2311,MA311,2316.0,0.0,0.0,0.0,1,2314.0,2317.0,4,2316.0,2316.0,2316.0,2316.0,1.0,2316.0,21581
2023-05-09 21:01:07,MA2311,MA311,2316.0,0.0,0.0,0.0,1,2313.0,2316.0,4,2316.0,2316.0,2316.0,2316.0,1.0,2316.0,21581
2023-05-09 21:01:07,MA2311,MA311,2316.0,0.0,0.0,0.0,1,2314.0,2317.0,11,2316.0,2316.0,2316.0,2316.0,1.0,2316.0,21581
2023-05-09 21:01:08,MA2311,MA311,2316.0,0.0,0.0,0.0,1,2314.0,2317.0,5,2316.0,2316.0,2316.0,2316.0,1.0,2316.0,21581
2023-05-09 21:01:08,MA2311,MA311,2316.0,0.0,0.0,0.0,1,2314.0,2317.0,4,2316.0,2316.0,2316.0,2316.0,1.0,2316.0,21581
2023-05-09 21:01:10,MA2311,MA311,2316.0,0.0,0.0,0.0,1,2313.0,2316.0,4,2316.0,2316.0,2316.0,2316.0,1.0,2316.0,21581
2023-05-09 21:01:12,MA2311,MA311,2316.0,0.0,0.0,0.0,1,2312.0,2315.0,4,2316.0,2316.0,2316.0,2316.0,1.0,2316.0,21581
2023-05-09 21:01:13,MA2311,MA311,2316.0,0.0,0.0,0.0,1,2311.0,2314.0,4,2316.0,2316.0,2316.0,2316.0,1.0,2316.0,21581
2023-05-09 21:01:14,MA2311,MA311,2316.0,0.0,0.0,0.0,1,2310.0,2313.0,4,2316.0,2316.0,2316.0,2316.0,1.0,2316.0,21581
2023-05-09 21:01:23,MA2311,MA311,2316.0,0.0,0.0,0.0,1,2309.0,2312.0,4,2316.0,2316.0,2316.0,2316.0,1.0,2316.0,21581
2023-05-09 21:01:24,MA2311,MA311,2316.0,0.0,0.0,0.0,1,2308.0,2311.0,4,2316.0,2316.0,2316.0,2316.0,1.0,2316.0,21581
2023-05-09 21:01:26,MA2311,MA311,2316.0,0.0,0.0,0.0,1,2307.0,2310.0,4,2316.0,2316.0,2316.0,2316.0,1.0,2316.0,21581
2023-05-09 21:01:30,MA2311,MA311,2316.0,0.0,0.0,0.0,1,2306.0,2309.0,4,2316.0,2316.0,2316.0,2316.0,1.0,2316.0,21581
2023-05-09 21:01:31,MA2311,MA311,2316.0,0.0,0.0,0.0,1,2307.0,2310.0,9,2316.0,2316.0,2316.0,2316.0,1.0,2316.0,21581
2023-05-09 21:01:31,MA2311,MA311,2316.0,0.0,0.0,0.0,1,2308.0,2311.0,4,2316.0,2316.0,2316.0,2316.0,1.0,2316.0,21581
2023-05-09 21:01:33,MA2311,MA311,2316.0,0.0,0.0,0.0,1,2307.0,2311.0,4,2316.0,2316.0,2316.0,2316.0,1.0,2316.0,21581
2023-05-09 21:01:33,MA2311,MA311,2316.0,0.0,0.0,0.0,1,2307.0,2310.0,4,2316.0,2316.0,2316.0,2316.0,1.0,2316.0,21581
2023-05-09 21:01:34,MA2311,MA311,2316.0,0.0,0.0,0.0,1,2308.0,2311.0,9,2316.0,2316.0,2316.0,2316.0,1.0,2316.0,21581
2023-05-09 21:01:35,MA2311,MA311,2316.0,0.0,0.0,0.0,1,2308.0,2311.0,4,2316.0,2316.0,2316.0,2316.0,1.0,2316.0,21581
2023-05-09 21:01:35,MA2311,MA311,2316.0,0.0,0.0,0.0,1,2307.0,2310.0,4,2316.0,2316.0,2316.0,2316.0,1.0,2316.0,21581
2023-05-09 21:01:36,MA2311,MA311,2316.0,0.0,0.0,0.0,1,2308.0,2311.0,4,2316.0,2316.0,2316.0,2316.0,1.0,2316.0,21581
2023-05-09 21:01:40,MA2311,MA311,2316.0,0.0,0.0,0.0,1,2307.0,2311.0,4,2316.0,2316.0,2316.0,2316.0,1.0,2316.0,21581
2023-05-09 21:01:40,MA2311,MA311,2316.0,0.0,0.0,0.0,1,2308.0,2311.0,4,2316.0,2316.0,2316.0,2316.0,1.0,2316.0,21581
2023-05-09 21:01:42,MA2311,MA311,2316.0,0.0,0.0,0.0,1,2309.0,2312.0,4,2316.0,2316.0,2316.0,2316.0,1.0,2316.0,21581
2023-05-09 21:01:50,MA2311,MA311,2316.0,0.0,0.0,0.0,1,2308.0,2311.0,4,2316.0,2316.0,2316.0,2316.0,1.0,2316.0,21581
2023-05-09 21:01:52,MA2311,MA311,2316.0,0.0,0.0,0.0,1,2309.0,2312.0,7,2316.0,2316.0,2316.0,2316.0,1.0,2316.0,21581
2023-05-09 21:01:52,MA2311,MA311,2316.0,0.0,0.0,0.0,1,2309.0,2312.0,4,2316.0,2316.0,2316.0,2316.0,1.0,2316.0,21581
2023-05-09 21:01:54,MA2311,MA311,2316.0,0.0,0.0,0.0,1,2308.0,2311.0,4,2316.0,2316.0,2316.0,2316.0,1.0,2316.0,21581
2023-05-09 21:01:56,MA2311,MA311,2316.0,0.0,0.0,0.0,1,2309.0,2312.0,6,2316.0,2316.0,2316.0,2316.0,1.0,2316.0,21581
2023-05-09 21:01:57,MA2311,MA311,2316.0,0.0,0.0,0.0,1,2309.0,2312.0,4,2316.0,2316.0,2316.0,2316.0,1.0,2316.0,21581
2023-05-09 21:02:02,MA2311,MA311,2316.0,0.0,0.0,0.0,1,2309.0,2310.0,1,2316.0,2316.0,2316.0,2316.0,1.0,2316.0,21581
2023-05-09 21:02:02,MA2311,MA311,2316.0,0.0,0.0,0.0,1,2309.0,2312.0,6,2316.0,2316.0,2316.0,2316.0,1.0,2316.0,21581
2023-05-09 21:02:03,MA2311,MA311,2316.0,0.0,0.0,0.0,1,2309.0,2312.0,4,2316.0,2316.0,2316.0,2316.0,1.0,2316.0,21581
2023-05-09 21:02:05,MA2311,MA311,2316.0,0.0,0.0,0.0,1,2309.0,2310.0,1,2316.0,2316.0,2316.0,2316.0,1.0,2316.0,21581
2023-05-09 21:02:08,MA2311,MA311,2316.0,0.0,0.0,0.0,1,2309.0,2312.0,6,2316.0,2316.0,2316.0,2316.0,1.0,2316.0,21581
2023-05-09 21:02:08,MA2311,MA311,2316.0,0.0,0.0,0.0,1,2308.0,2311.0,4,2316.0,2316.0,2316.0,2316.0,1.0,2316.0,21581
2023-05-09 21:02:14,MA2311,MA311,2316.0,0.0,0.0,0.0,1,2309.0,2312.0,4,2316.0,2316.0,2316.0,2316.0,1.0,2316.0,21581
2023-05-09 21:02:16,MA2311,MA311,2316.0,0.0,0.0,0.0,1,2308.0,2311.0,4,2316.0,2316.0,2316.0,2316.0,1.0,2316.0,21581
2023-05-09 21:02:18,MA2311,MA311,2316.0,0.0,0.0,0.0,1,2309.0,2312.0,4,2316.0,2316.0,2316.0,2316.0,1.0,2316.0,21581
2023-05-09 21:02:23,MA2311,MA311,2316.0,0.0,0.0,0.0,1,2308.0,2311.0,4,2316.0,2316.0,2316.0,2316.0,1.0,2316.0,21581
2023-05-09 21:02:24,MA2311,MA311,2316.0,0.0,0.0,0.0,1,2309.0,2312.0,4,2316.0,2316.0,2316.0,2316.0,1.0,2316.0,21581
2023-05-09 21:02:32,MA2311,MA311,2316.0,0.0,0.0,0.0,1,2308.0,2311.0,4,2316.0,2316.0,2316.0,2316.0,1.0,2316.0,21581
2023-05-09 21:02:33,MA2311,MA311,2316.0,0.0,0.0,0.0,1,2309.0,2312.0,4,2316.0,2316.0,2316.0,2316.0,1.0,2316.0,21581
2023-05-09 21:02:35,MA2311,MA311,2316.0,0.0,0.0,0.0,1,2308.0,2311.0,4,2316.0,2316.0,2316.0,2316.0,1.0,2316.0,21581
2023-05-09 21:02:36,MA2311,MA311,2316.0,0.0,0.0,0.0,1,2309.0,2312.0,4,2316.0,2316.0,2316.0,2316.0,1.0,2316.0,21581
2023-05-09 21:02:37,MA2311,MA311,2316.0,0.0,0.0,0.0,1,2310.0,2312.0,4,2316.0,2316.0,2316.0,2316.0,1.0,2316.0,21581
2023-05-09 21:02:41,MA2311,MA311,2316.0,0.0,0.0,0.0,1,2310.0,2311.0,4,2316.0,2316.0,2316.0,2316.0,1.0,2316.0,21581
2023-05-09 21:03:05,MA2311,MA311,2316.0,0.0,0.0,0.0,1,2310.0,2312.0,4,2316.0,2316.0,2316.0,2316.0,1.0,2316.0,21581
2023-05-09 21:03:13,MA2311,MA311,2316.0,0.0,0.0,0.0,1,2310.0,2311.0,4,2316.0,2316.0,2316.0,2316.0,1.0,2316.0,21581
2023-05-09 21:03:15,MA2311,MA311,2316.0,0.0,0.0,0.0,1,2310.0,2312.0,4,2316.0,2316.0,2316.0,2316.0,1.0,2316.0,21581
2023-05-09 21:03:21,MA2311,MA311,2316.0,0.0,0.0,0.0,2,2310.0,2313.0,5,2316.0,2316.0,2316.0,2316.0,1.0,2316.0,21581
2023-05-09 21:03:24,MA2311,MA311,2316.0,0.0,0.0,0.0,1,2310.0,2312.0,4,2316.0,2316.0,2316.0,2316.0,1.0,2316.0,21581
2023-05-09 21:03:37,MA2311,MA311,2316.0,0.0,0.0,0.0,2,2310.0,2313.0,5,2316.0,2316.0,2316.0,2316.0,1.0,2316.0,21581
2023-05-09 21:03:47,MA2311,MA311,2316.0,0.0,0.0,0.0,1,2311.0,2313.0,1,2316.0,2316.0,2316.0,2316.0,1.0,2316.0,21581
2023-05-09 21:03:53,MA2311,MA311,2316.0,0.0,0.0,0.0,2,2310.0,2313.0,5,2316.0,2316.0,2316.0,2316.0,1.0,2316.0,21581
2023-05-09 21:03:53,MA2311,MA311,2316.0,0.0,0.0,0.0,1,2311.0,2313.0,1,2316.0,2316.0,2316.0,2316.0,1.0,2316.0,21581
2023-05-09 21:03:58,MA2311,MA311,2316.0,0.0,0.0,0.0,2,2310.0,2313.0,5,2316.0,2316.0,2316.0,2316.0,1.0,2316.0,21581
2023-05-09 21:03:58,MA2311,MA311,2316.0,0.0,0.0,0.0,1,2311.0,2313.0,1,2316.0,2316.0,2316.0,2316.0,1.0,2316.0,21581
2023-05-09 21:04:02,MA2311,MA311,2316.0,0.0,0.0,0.0,2,2310.0,2313.0,5,2316.0,2316.0,2316.0,2316.0,1.0,2316.0,21581
2023-05-09 21:04:16,MA2311,MA311,2313.0,2.0,4626.0,0.0,1,2311.0,2313.0,1,2316.0,2316.0,2316.0,2313.0,3.0,6942.0,21581
2023-05-09 21:04:20,MA2311,MA311,2313.0,0.0,0.0,0.0,2,2310.0,2313.0,3,2316.0,2316.0,2316.0,2313.0,3.0,6942.0,21581
2023-05-09 21:04:22,MA2311,MA311,2313.0,0.0,0.0,0.0,1,2311.0,2313.0,1,2316.0,2316.0,2316.0,2313.0,3.0,6942.0,21581
2023-05-09 21:04:23,MA2311,MA311,2313.0,0.0,0.0,0.0,2,2310.0,2313.0,3,2316.0,2316.0,2316.0,2313.0,3.0,6942.0,21581
2023-05-09 21:04:24,MA2311,MA311,2313.0,0.0,0.0,0.0,1,2311.0,2313.0,1,2316.0,2316.0,2316.0,2313.0,3.0,6942.0,21581
2023-05-09 21:04:33,MA2311,MA311,2313.0,0.0,0.0,0.0,1,2312.0,2315.0,2,2316.0,2316.0,2316.0,2313.0,3.0,6942.0,21581
2023-05-09 21:04:35,MA2311,MA311,2313.0,0.0,0.0,0.0,1,2311.0,2314.0,2,2316.0,2316.0,2316.0,2313.0,3.0,6942.0,21581
2023-05-09 21:04:36,MA2311,MA311,2313.0,0.0,0.0,0.0,1,2312.0,2315.0,2,2316.0,2316.0,2316.0,2313.0,3.0,6942.0,21581
2023-05-09 21:04:39,MA2311,MA311,2313.0,0.0,0.0,0.0,1,2311.0,2314.0,2,2316.0,2316.0,2316.0,2313.0,3.0,6942.0,21581
2023-05-09 21:04:47,MA2311,MA311,2313.0,0.0,0.0,0.0,2,2310.0,2313.0,2,2316.0,2316.0,2316.0,2313.0,3.0,6942.0,21581
2023-05-09 21:04:48,MA2311,MA311,2313.0,0.0,0.0,0.0,1,2311.0,2314.0,2,2316.0,2316.0,2316.0,2313.0,3.0,6942.0,21581
2023-05-09 21:04:49,MA2311,MA311,2313.0,1.0,2314.0,0.0,2,2310.0,2313.0,1,2316.0,2316.0,2316.0,2313.0,4.0,9256.0,21581
2023-05-09 21:04:56,MA2311,MA311,2313.0,0.0,0.0,0.0,1,2311.0,2314.0,1,2316.0,2316.0,2316.0,2313.0,4.0,9256.0,21581
2023-05-09 21:04:57,MA2311,MA311,2313.0,0.0,0.0,0.0,2,2310.0,2314.0,1,2316.0,2316.0,2316.0,2313.0,4.0,9256.0,21581
2023-05-09 21:04:57,MA2311,MA311,2313.0,0.0,0.0,0.0,2,2310.0,2313.0,1,2316.0,2316.0,2316.0,2313.0,4.0,9256.0,21581
2023-05-09 21:05:02,MA2311,MA311,2313.0,0.0,0.0,0.0,1,2310.0,2312.0,1,2316.0,2316.0,2316.0,2313.0,4.0,9256.0,21581
2023-05-09 21:05:09,MA2311,MA311,2313.0,0.0,0.0,0.0,1,2310.0,2311.0,1,2316.0,2316.0,2316.0,2313.0,4.0,9256.0,21581
2023-05-09 21:05:09,MA2311,MA311,2313.0,0.0,0.0,0.0,6,2308.0,2311.0,1,2316.0,2316.0,2316.0,2313.0,4.0,9256.0,21581
2023-05-09 21:05:19,MA2311,MA311,2313.0,0.0,0.0,0.0,1,2309.0,2312.0,1,2316.0,2316.0,2316.0,2313.0,4.0,9256.0,21581
2023-05-09 21:05:22,MA2311,MA311,2312.0,1.0,2309.0,0.0,1,2309.0,2312.0,100,2316.0,2316.0,2316.0,2312.0,5.0,11565.0,21581
2023-05-09 21:05:25,MA2311,MA311,2312.0,1.0,2313.0,1.0,1,2309.0,2312.0,99,2316.0,2316.0,2316.0,2312.0,6.0,13878.0,21582
2023-05-09 21:05:34,MA2311,MA311,2312.0,0.0,0.0,0.0,7,2308.0,2311.0,99,2316.0,2316.0,2316.0,2312.0,6.0,13878.0,21582
2023-05-09 21:05:35,MA2311,MA311,2312.0,0.0,0.0,0.0,6,2308.0,2311.0,99,2316.0,2316.0,2316.0,2312.0,6.0,13878.0,21582
2023-05-09 21:05:41,MA2311,MA311,2308.0,1.0,2306.0,0.0,6,2308.0,2311.0,99,2316.0,2316.0,2316.0,2308.0,7.0,16184.0,21582
2023-05-09 21:05:47,MA2311,MA311,2308.0,0.0,0.0,0.0,16,2308.0,2311.0,99,2316.0,2316.0,2316.0,2308.0,7.0,16184.0,21582
2023-05-09 21:05:58,MA2311,MA311,2308.0,0.0,0.0,0.0,1,2309.0,2312.0,99,2316.0,2316.0,2316.0,2308.0,7.0,16184.0,21582
2023-05-09 21:06:01,MA2311,MA311,2308.0,0.0,0.0,0.0,16,2308.0,2311.0,99,2316.0,2316.0,2316.0,2308.0,7.0,16184.0,21582
2023-05-09 21:06:01,MA2311,MA311,2308.0,0.0,0.0,0.0,1,2309.0,2312.0,99,2316.0,2316.0,2316.0,2308.0,7.0,16184.0,21582
2023-05-09 21:06:04,MA2311,MA311,2308.0,0.0,0.0,0.0,16,2308.0,2311.0,99,2316.0,2316.0,2316.0,2308.0,7.0,16184.0,21582
2023-05-09 21:06:07,MA2311,MA311,2308.0,0.0,0.0,0.0,1,2309.0,2312.0,99,2316.0,2316.0,2316.0,2308.0,7.0,16184.0,21582
2023-05-09 21:06:08,MA2311,MA311,2308.0,0.0,0.0,0.0,16,2308.0,2311.0,99,2316.0,2316.0,2316.0,2308.0,7.0,16184.0,21582
2023-05-09 21:06:09,MA2311,MA311,2308.0,0.0,0.0,0.0,16,2308.0,2309.0,1,2316.0,2316.0,2316.0,2308.0,7.0,16184.0,21582
2023-05-09 21:06:12,MA2311,MA311,2308.0,0.0,0.0,0.0,16,2308.0,2311.0,99,2316.0,2316.0,2316.0,2308.0,7.0,16184.0,21582
2023-05-09 21:06:17,MA2311,MA311,2308.0,0.0,0.0,0.0,15,2308.0,2310.0,99,2316.0,2316.0,2316.0,2308.0,7.0,16184.0,21582
2023-05-09 21:06:27,MA2311,MA311,2308.0,15.0,34614.0,15.0,1,2306.0,2309.0,99,2316.0,2316.0,2316.0,2308.0,22.0,50798.0,21597
2023-05-09 21:06:36,MA2311,MA311,2308.0,0.0,0.0,0.0,1,2305.0,2308.0,99,2316.0,2316.0,2316.0,2308.0,22.0,50798.0,21597
2023-05-09 21:06:36,MA2311,MA311,2308.0,0.0,0.0,0.0,1,2306.0,2309.0,99,2316.0,2316.0,2316.0,2308.0,22.0,50798.0,21597
2023-05-09 21:06:37,MA2311,MA311,2308.0,0.0,0.0,0.0,1,2305.0,2308.0,99,2316.0,2316.0,2316.0,2308.0,22.0,50798.0,21597
2023-05-09 21:06:40,MA2311,MA311,2308.0,0.0,0.0,0.0,1,2305.0,2308.0,100,2316.0,2316.0,2316.0,2308.0,22.0,50798.0,21597
2023-05-09 21:06:40,MA2311,MA311,2308.0,0.0,0.0,0.0,1,2305.0,2308.0,99,2316.0,2316.0,2316.0,2308.0,22.0,50798.0,21597
2023-05-09 21:06:41,MA2311,MA311,2308.0,0.0,0.0,0.0,1,2304.0,2307.0,92,2316.0,2316.0,2316.0,2308.0,22.0,50798.0,21597
2023-05-09 21:06:41,MA2311,MA311,2308.0,0.0,0.0,0.0,1,2304.0,2307.0,99,2316.0,2316.0,2316.0,2308.0,22.0,50798.0,21597
2023-05-09 21:06:43,MA2311,MA311,2308.0,0.0,0.0,0.0,1,2304.0,2307.0,100,2316.0,2316.0,2316.0,2308.0,22.0,50798.0,21597
2023-05-09 21:06:43,MA2311,MA311,2308.0,0.0,0.0,0.0,1,2304.0,2307.0,99,2316.0,2316.0,2316.0,2308.0,22.0,50798.0,21597
2023-05-09 21:06:46,MA2311,MA311,2308.0,0.0,0.0,0.0,1,2305.0,2308.0,99,2316.0,2316.0,2316.0,2308.0,22.0,50798.0,21597
2023-05-09 21:06:49,MA2311,MA311,2308.0,0.0,0.0,0.0,1,2304.0,2307.0,99,2316.0,2316.0,2316.0,2308.0,22.0,50798.0,21597
2023-05-09 21:06:49,MA2311,MA311,2308.0,0.0,0.0,0.0,1,2304.0,2307.0,29,2316.0,2316.0,2316.0,2308.0,22.0,50798.0,21597
2023-05-09 21:06:49,MA2311,MA311,2308.0,0.0,0.0,0.0,1,2304.0,2307.0,99,2316.0,2316.0,2316.0,2308.0,22.0,50798.0,21597
2023-05-09 21:06:51,MA2311,MA311,2308.0,0.0,0.0,0.0,1,2305.0,2308.0,100,2316.0,2316.0,2316.0,2308.0,22.0,50798.0,21597
2023-05-09 21:06:52,MA2311,MA311,2308.0,0.0,0.0,0.0,1,2305.0,2308.0,99,2316.0,2316.0,2316.0,2308.0,22.0,50798.0,21597
2023-05-09 21:06:56,MA2311,MA311,2308.0,0.0,0.0,0.0,2,2304.0,2307.0,99,2316.0,2316.0,2316.0,2308.0,22.0,50798.0,21597
2023-05-09 21:07:02,MA2311,MA311,2308.0,0.0,0.0,0.0,1,2305.0,2308.0,100,2316.0,2316.0,2316.0,2308.0,22.0,50798.0,21597
2023-05-09 21:07:02,MA2311,MA311,2308.0,0.0,0.0,0.0,1,2305.0,2308.0,99,2316.0,2316.0,2316.0,2308.0,22.0,50798.0,21597
2023-05-09 21:07:03,MA2311,MA311,2308.0,0.0,0.0,0.0,1,2305.0,2308.0,100,2316.0,2316.0,2316.0,2308.0,22.0,50798.0,21597
2023-05-09 21:07:03,MA2311,MA311,2308.0,0.0,0.0,0.0,1,2304.0,2307.0,99,2316.0,2316.0,2316.0,2308.0,22.0,50798.0,21597
2023-05-09 21:07:10,MA2311,MA311,2308.0,0.0,0.0,0.0,1,2303.0,2306.0,78,2316.0,2316.0,2316.0,2308.0,22.0,50798.0,21597
2023-05-09 21:07:10,MA2311,MA311,2308.0,0.0,0.0,0.0,1,2303.0,2306.0,99,2316.0,2316.0,2316.0,2308.0,22.0,50798.0,21597
2023-05-09 21:07:15,MA2311,MA311,2308.0,0.0,0.0,0.0,13,2303.0,2306.0,99,2316.0,2316.0,2316.0,2308.0,22.0,50798.0,21597
2023-05-09 21:07:18,MA2311,MA311,2308.0,0.0,0.0,0.0,13,2303.0,2306.0,88,2316.0,2316.0,2316.0,2308.0,22.0,50798.0,21597
2023-05-09 21:07:19,MA2311,MA311,2308.0,0.0,0.0,0.0,13,2303.0,2306.0,83,2316.0,2316.0,2316.0,2308.0,22.0,50798.0,21597
2023-05-09 21:07:19,MA2311,MA311,2308.0,0.0,0.0,0.0,13,2303.0,2306.0,99,2316.0,2316.0,2316.0,2308.0,22.0,50798.0,21597
2023-05-09 21:07:20,MA2311,MA311,2308.0,0.0,0.0,0.0,14,2303.0,2306.0,5,2316.0,2316.0,2316.0,2308.0,22.0,50798.0,21597
2023-05-09 21:07:20,MA2311,MA311,2308.0,0.0,0.0,0.0,1,2304.0,2306.0,1,2316.0,2316.0,2316.0,2308.0,22.0,50798.0,21597
2023-05-09 21:07:21,MA2311,MA311,2308.0,0.0,0.0,0.0,3,2304.0,2307.0,101,2316.0,2316.0,2316.0,2308.0,22.0,50798.0,21597
2023-05-09 21:07:23,MA2311,MA311,2308.0,0.0,0.0,0.0,3,2304.0,2307.0,99,2316.0,2316.0,2316.0,2308.0,22.0,50798.0,21597
2023-05-09 21:07:27,MA2311,MA311,2308.0,0.0,0.0,0.0,4,2304.0,2307.0,99,2316.0,2316.0,2316.0,2308.0,22.0,50798.0,21597
2023-05-09 21:07:32,MA2311,MA311,2308.0,0.0,0.0,0.0,1,2305.0,2308.0,101,2316.0,2316.0,2316.0,2308.0,22.0,50798.0,21597
2023-05-09 21:07:32,MA2311,MA311,2308.0,0.0,0.0,0.0,4,2305.0,2308.0,100,2316.0,2316.0,2316.0,2308.0,22.0,50798.0,21597
2023-05-09 21:07:33,MA2311,MA311,2308.0,0.0,0.0,0.0,4,2305.0,2308.0,99,2316.0,2316.0,2316.0,2308.0,22.0,50798.0,21597
2023-05-09 21:07:35,MA2311,MA311,2308.0,0.0,0.0,0.0,1,2305.0,2307.0,99,2316.0,2316.0,2316.0,2308.0,22.0,50798.0,21597
2023-05-09 21:07:36,MA2311,MA311,2308.0,0.0,0.0,0.0,4,2304.0,2307.0,99,2316.0,2316.0,2316.0,2308.0,22.0,50798.0,21597
2023-05-09 21:07:36,MA2311,MA311,2308.0,0.0,0.0,0.0,1,2305.0,2308.0,100,2316.0,2316.0,2316.0,2308.0,22.0,50798.0,21597
2023-05-09 21:07:36,MA2311,MA311,2308.0,0.0,0.0,0.0,3,2305.0,2308.0,100,2316.0,2316.0,2316.0,2308.0,22.0,50798.0,21597
2023-05-09 21:07:38,MA2311,MA311,2308.0,0.0,0.0,0.0,3,2305.0,2308.0,99,2316.0,2316.0,2316.0,2308.0,22.0,50798.0,21597
2023-05-09 21:07:39,MA2311,MA311,2308.0,0.0,0.0,0.0,2,2305.0,2307.0,99,2316.0,2316.0,2316.0,2308.0,22.0,50798.0,21597
2023-05-09 21:07:39,MA2311,MA311,2308.0,0.0,0.0,0.0,4,2304.0,2307.0,99,2316.0,2316.0,2316.0,2308.0,22.0,50798.0,21597
2023-05-09 21:07:39,MA2311,MA311,2308.0,0.0,0.0,0.0,5,2304.0,2307.0,99,2316.0,2316.0,2316.0,2308.0,22.0,50798.0,21597
2023-05-09 21:07:47,MA2311,MA311,2308.0,0.0,0.0,0.0,4,2304.0,2306.0,67,2316.0,2316.0,2316.0,2308.0,22.0,50798.0,21597
2023-05-09 21:07:48,MA2311,MA311,2308.0,0.0,0.0,0.0,4,2304.0,2306.0,84,2316.0,2316.0,2316.0,2308.0,22.0,50798.0,21597
2023-05-09 21:07:48,MA2311,MA311,2308.0,0.0,0.0,0.0,4,2304.0,2306.0,99,2316.0,2316.0,2316.0,2308.0,22.0,50798.0,21597
2023-05-09 21:07:49,MA2311,MA311,2304.0,1.0,2309.0,1.0,3,2304.0,2306.0,99,2316.0,2316.0,2316.0,2304.0,23.0,53107.0,21598
2023-05-09 21:07:49,MA2311,MA311,2304.0,0.0,0.0,0.0,2,2304.0,2306.0,99,2316.0,2316.0,2316.0,2304.0,23.0,53107.0,21598
2023-05-09 21:07:52,MA2311,MA311,2304.0,0.0,0.0,0.0,3,2304.0,2307.0,102,2316.0,2316.0,2316.0,2304.0,23.0,53107.0,21598
2023-05-09 21:07:52,MA2311,MA311,2304.0,0.0,0.0,0.0,5,2304.0,2307.0,100,2316.0,2316.0,2316.0,2304.0,23.0,53107.0,21598
2023-05-09 21:07:52,MA2311,MA311,2304.0,0.0,0.0,0.0,5,2304.0,2307.0,99,2316.0,2316.0,2316.0,2304.0,23.0,53107.0,21598
2023-05-09 21:07:54,MA2311,MA311,2304.0,0.0,0.0,0.0,3,2305.0,2308.0,102,2316.0,2316.0,2316.0,2304.0,23.0,53107.0,21598
2023-05-09 21:07:56,MA2311,MA311,2304.0,0.0,0.0,0.0,3,2305.0,2308.0,100,2316.0,2316.0,2316.0,2304.0,23.0,53107.0,21598
2023-05-09 21:07:57,MA2311,MA311,2304.0,0.0,0.0,0.0,1,2306.0,2309.0,102,2316.0,2316.0,2316.0,2304.0,23.0,53107.0,21598
2023-05-09 21:07:57,MA2311,MA311,2304.0,0.0,0.0,0.0,5,2306.0,2309.0,102,2316.0,2316.0,2316.0,2304.0,23.0,53107.0,21598
2023-05-09 21:07:58,MA2311,MA311,2304.0,0.0,0.0,0.0,5,2306.0,2309.0,100,2316.0,2316.0,2316.0,2304.0,23.0,53107.0,21598
2023-05-09 21:07:59,MA2311,MA311,2304.0,0.0,0.0,0.0,5,2306.0,2309.0,99,2316.0,2316.0,2316.0,2304.0,23.0,53107.0,21598
2023-05-09 21:08:02,MA2311,MA311,2304.0,0.0,0.0,0.0,6,2306.0,2309.0,99,2316.0,2316.0,2316.0,2304.0,23.0,53107.0,21598
2023-05-09 21:08:03,MA2311,MA311,2304.0,0.0,0.0,0.0,6,2306.0,2309.0,100,2316.0,2316.0,2316.0,2304.0,23.0,53107.0,21598
2023-05-09 21:08:03,MA2311,MA311,2304.0,0.0,0.0,0.0,6,2306.0,2309.0,99,2316.0,2316.0,2316.0,2304.0,23.0,53107.0,21598
2023-05-09 21:08:05,MA2311,MA311,2304.0,0.0,0.0,0.0,6,2306.0,2309.0,100,2316.0,2316.0,2316.0,2304.0,23.0,53107.0,21598
2023-05-09 21:08:06,MA2311,MA311,2304.0,0.0,0.0,0.0,6,2306.0,2309.0,102,2316.0,2316.0,2316.0,2304.0,23.0,53107.0,21598
2023-05-09 21:08:06,MA2311,MA311,2304.0,0.0,0.0,0.0,6,2306.0,2309.0,101,2316.0,2316.0,2316.0,2304.0,23.0,53107.0,21598
2023-05-09 21:08:06,MA2311,MA311,2304.0,0.0,0.0,0.0,6,2306.0,2309.0,102,2316.0,2316.0,2316.0,2304.0,23.0,53107.0,21598
2023-05-09 21:08:07,MA2311,MA311,2304.0,0.0,0.0,0.0,6,2306.0,2309.0,99,2316.0,2316.0,2316.0,2304.0,23.0,53107.0,21598
2023-05-09 21:08:07,MA2311,MA311,2304.0,0.0,0.0,0.0,6,2306.0,2309.0,100,2316.0,2316.0,2316.0,2304.0,23.0,53107.0,21598
2023-05-09 21:08:08,MA2311,MA311,2304.0,0.0,0.0,0.0,6,2306.0,2309.0,99,2316.0,2316.0,2316.0,2304.0,23.0,53107.0,21598
2023-05-09 21:08:09,MA2311,MA311,2304.0,0.0,0.0,0.0,6,2306.0,2309.0,100,2316.0,2316.0,2316.0,2304.0,23.0,53107.0,21598
2023-05-09 21:08:09,MA2311,MA311,2304.0,0.0,0.0,0.0,6,2306.0,2309.0,99,2316.0,2316.0,2316.0,2304.0,23.0,53107.0,21598
2023-05-09 21:08:09,MA2311,MA311,2304.0,0.0,0.0,0.0,6,2306.0,2309.0,100,2316.0,2316.0,2316.0,2304.0,23.0,53107.0,21598
2023-05-09 21:08:11,MA2311,MA311,2304.0,0.0,0.0,0.0,3,2305.0,2308.0,99,2316.0,2316.0,2316.0,2304.0,23.0,53107.0,21598
2023-05-09 21:08:11,MA2311,MA311,2304.0,0.0,0.0,0.0,4,2305.0,2308.0,99,2316.0,2316.0,2316.0,2304.0,23.0,53107.0,21598
2023-05-09 21:08:13,MA2311,MA311,2304.0,0.0,0.0,0.0,5,2305.0,2308.0,99,2316.0,2316.0,2316.0,2304.0,23.0,53107.0,21598
2023-05-09 21:08:18,MA2311,MA311,2305.0,21.0,48401.0,11.0,3,2305.0,2308.0,100,2316.0,2316.0,2316.0,2304.0,44.0,101508.0,21609
2023-05-09 21:08:18,MA2311,MA311,2305.0,0.0,0.0,0.0,1,2305.0,2308.0,100,2316.0,2316.0,2316.0,2304.0,44.0,101508.0,21609
2023-05-09 21:08:19,MA2311,MA311,2305.0,0.0,0.0,0.0,3,2305.0,2308.0,99,2316.0,2316.0,2316.0,2304.0,44.0,101508.0,21609
2023-05-09 21:08:20,MA2311,MA311,2308.0,4.0,9228.0,4.0,3,2305.0,2308.0,95,2316.0,2316.0,2316.0,2304.0,48.0,110736.0,21613
2023-05-09 21:08:23,MA2311,MA311,2308.0,0.0,0.0,0.0,4,2305.0,2308.0,95,2316.0,2316.0,2316.0,2304.0,48.0,110736.0,21613
2023-05-09 21:08:25,MA2311,MA311,2308.0,0.0,0.0,0.0,4,2305.0,2306.0,1,2316.0,2316.0,2316.0,2304.0,48.0,110736.0,21613
2023-05-09 21:08:27,MA2311,MA311,2306.0,1.0,2307.0,1.0,4,2305.0,2308.0,95,2316.0,2316.0,2316.0,2304.0,49.0,113043.0,21614
2023-05-09 21:08:30,MA2311,MA311,2306.0,0.0,0.0,0.0,6,2305.0,2308.0,95,2316.0,2316.0,2316.0,2304.0,49.0,113043.0,21614
2023-05-09 21:08:31,MA2311,MA311,2306.0,0.0,0.0,0.0,6,2305.0,2308.0,96,2316.0,2316.0,2316.0,2304.0,49.0,113043.0,21614
2023-05-09 21:08:32,MA2311,MA311,2306.0,0.0,0.0,0.0,6,2305.0,2308.0,95,2316.0,2316.0,2316.0,2304.0,49.0,113043.0,21614
2023-05-09 21:08:35,MA2311,MA311,2306.0,0.0,0.0,0.0,2,2306.0,2308.0,38,2316.0,2316.0,2316.0,2304.0,49.0,113043.0,21614
2023-05-09 21:08:35,MA2311,MA311,2306.0,0.0,0.0,0.0,4,2306.0,2309.0,98,2316.0,2316.0,2316.0,2304.0,49.0,113043.0,21614
2023-05-09 21:08:37,MA2311,MA311,2306.0,0.0,0.0,0.0,4,2306.0,2309.0,97,2316.0,2316.0,2316.0,2304.0,49.0,113043.0,21614
2023-05-09 21:08:37,MA2311,MA311,2306.0,0.0,0.0,0.0,5,2306.0,2309.0,97,2316.0,2316.0,2316.0,2304.0,49.0,113043.0,21614
2023-05-09 21:08:39,MA2311,MA311,2306.0,0.0,0.0,0.0,5,2306.0,2309.0,98,2316.0,2316.0,2316.0,2304.0,49.0,113043.0,21614
2023-05-09 21:08:40,MA2311,MA311,2306.0,0.0,0.0,0.0,5,2306.0,2308.0,36,2316.0,2316.0,2316.0,2304.0,49.0,113043.0,21614
2023-05-09 21:08:40,MA2311,MA311,2306.0,0.0,0.0,0.0,2,2306.0,2308.0,95,2316.0,2316.0,2316.0,2304.0,49.0,113043.0,21614
2023-05-09 21:08:41,MA2311,MA311,2306.0,0.0,0.0,0.0,2,2306.0,2308.0,96,2316.0,2316.0,2316.0,2304.0,49.0,113043.0,21614
2023-05-09 21:08:41,MA2311,MA311,2306.0,0.0,0.0,0.0,2,2306.0,2308.0,95,2316.0,2316.0,2316.0,2304.0,49.0,113043.0,21614
2023-05-09 21:08:43,MA2311,MA311,2306.0,0.0,0.0,0.0,7,2305.0,2308.0,96,2316.0,2316.0,2316.0,2304.0,49.0,113043.0,21614
2023-05-09 21:08:44,MA2311,MA311,2306.0,0.0,0.0,0.0,7,2305.0,2308.0,97,2316.0,2316.0,2316.0,2304.0,49.0,113043.0,21614
2023-05-09 21:08:48,MA2311,MA311,2306.0,0.0,0.0,0.0,8,2305.0,2308.0,96,2316.0,2316.0,2316.0,2304.0,49.0,113043.0,21614
2023-05-09 21:08:48,MA2311,MA311,2306.0,0.0,0.0,0.0,8,2305.0,2307.0,95,2316.0,2316.0,2316.0,2304.0,49.0,113043.0,21614
2023-05-09 21:08:48,MA2311,MA311,2306.0,0.0,0.0,0.0,6,2305.0,2307.0,95,2316.0,2316.0,2316.0,2304.0,49.0,113043.0,21614
2023-05-09 21:08:50,MA2311,MA311,2306.0,0.0,0.0,0.0,1,2305.0,2307.0,95,2316.0,2316.0,2316.0,2304.0,49.0,113043.0,21614
2023-05-09 21:08:51,MA2311,MA311,2306.0,0.0,0.0,0.0,8,2304.0,2307.0,95,2316.0,2316.0,2316.0,2304.0,49.0,113043.0,21614
2023-05-09 21:08:55,MA2311,MA311,2306.0,0.0,0.0,0.0,8,2304.0,2306.0,5,2316.0,2316.0,2316.0,2304.0,49.0,113043.0,21614
2023-05-09 21:08:57,MA2311,MA311,2306.0,0.0,0.0,0.0,1,2305.0,2306.0,5,2316.0,2316.0,2316.0,2304.0,49.0,113043.0,21614
2023-05-09 21:08:57,MA2311,MA311,2306.0,0.0,0.0,0.0,8,2304.0,2306.0,5,2316.0,2316.0,2316.0,2304.0,49.0,113043.0,21614
2023-05-09 21:09:00,MA2311,MA311,2306.0,0.0,0.0,0.0,3,2305.0,2307.0,5,2316.0,2316.0,2316.0,2304.0,49.0,113043.0,21614
2023-05-09 21:09:01,MA2311,MA311,2306.0,0.0,0.0,0.0,1,2305.0,2306.0,5,2316.0,2316.0,2316.0,2304.0,49.0,113043.0,21614
2023-05-09 21:09:01,MA2311,MA311,2306.0,0.0,0.0,0.0,8,2304.0,2306.0,5,2316.0,2316.0,2316.0,2304.0,49.0,113043.0,21614
2023-05-09 21:09:10,MA2311,MA311,2306.0,0.0,0.0,0.0,8,2304.0,2305.0,5,2316.0,2316.0,2316.0,2304.0,49.0,113043.0,21614
2023-05-09 21:09:11,MA2311,MA311,2306.0,0.0,0.0,0.0,4,2304.0,2305.0,5,2316.0,2316.0,2316.0,2304.0,49.0,113043.0,21614
2023-05-09 21:09:14,MA2311,MA311,2306.0,0.0,0.0,0.0,2,2304.0,2305.0,5,2316.0,2316.0,2316.0,2304.0,49.0,113043.0,21614
2023-05-09 21:09:16,MA2311,MA311,2306.0,0.0,0.0,0.0,2,2304.0,2306.0,5,2316.0,2316.0,2316.0,2304.0,49.0,113043.0,21614
2023-05-09 21:09:17,MA2311,MA311,2306.0,0.0,0.0,0.0,3,2304.0,2306.0,5,2316.0,2316.0,2316.0,2304.0,49.0,113043.0,21614
2023-05-09 21:09:17,MA2311,MA311,2306.0,0.0,0.0,0.0,18,2303.0,2305.0,5,2316.0,2316.0,2316.0,2304.0,49.0,113043.0,21614
2023-05-09 21:09:22,MA2311,MA311,2306.0,0.0,0.0,0.0,23,2303.0,2306.0,5,2316.0,2316.0,2316.0,2304.0,49.0,113043.0,21614
2023-05-09 21:09:23,MA2311,MA311,2306.0,0.0,0.0,0.0,3,2304.0,2306.0,5,2316.0,2316.0,2316.0,2304.0,49.0,113043.0,21614
2023-05-09 21:09:26,MA2311,MA311,2306.0,0.0,0.0,0.0,4,2304.0,2306.0,5,2316.0,2316.0,2316.0,2304.0,49.0,113043.0,21614
2023-05-09 21:09:26,MA2311,MA311,2306.0,0.0,0.0,0.0,5,2304.0,2306.0,5,2316.0,2316.0,2316.0,2304.0,49.0,113043.0,21614
2023-05-09 21:09:29,MA2311,MA311,2306.0,0.0,0.0,0.0,7,2304.0,2306.0,5,2316.0,2316.0,2316.0,2304.0,49.0,113043.0,21614
2023-05-09 21:09:31,MA2311,MA311,2306.0,0.0,0.0,0.0,5,2304.0,2306.0,5,2316.0,2316.0,2316.0,2304.0,49.0,113043.0,21614
2023-05-09 21:09:32,MA2311,MA311,2306.0,0.0,0.0,0.0,8,2304.0,2306.0,5,2316.0,2316.0,2316.0,2304.0,49.0,113043.0,21614
2023-05-09 21:09:33,MA2311,MA311,2306.0,0.0,0.0,0.0,6,2304.0,2306.0,5,2316.0,2316.0,2316.0,2304.0,49.0,113043.0,21614
2023-05-09 21:09:35,MA2311,MA311,2306.0,0.0,0.0,0.0,8,2304.0,2306.0,5,2316.0,2316.0,2316.0,2304.0,49.0,113043.0,21614
2023-05-09 21:09:36,MA2311,MA311,2306.0,0.0,0.0,0.0,9,2304.0,2306.0,5,2316.0,2316.0,2316.0,2304.0,49.0,113043.0,21614
2023-05-09 21:09:40,MA2311,MA311,2306.0,0.0,0.0,0.0,1,2305.0,2306.0,5,2316.0,2316.0,2316.0,2304.0,49.0,113043.0,21614
2023-05-09 21:09:40,MA2311,MA311,2306.0,0.0,0.0,0.0,4,2305.0,2307.0,5,2316.0,2316.0,2316.0,2304.0,49.0,113043.0,21614
2023-05-09 21:09:41,MA2311,MA311,2306.0,0.0,0.0,0.0,9,2304.0,2306.0,5,2316.0,2316.0,2316.0,2304.0,49.0,113043.0,21614
2023-05-09 21:09:42,MA2311,MA311,2306.0,0.0,0.0,0.0,14,2304.0,2307.0,5,2316.0,2316.0,2316.0,2304.0,49.0,113043.0,21614
2023-05-09 21:09:42,MA2311,MA311,2306.0,0.0,0.0,0.0,9,2304.0,2306.0,5,2316.0,2316.0,2316.0,2304.0,49.0,113043.0,21614
2023-05-09 21:09:44,MA2311,MA311,2306.0,0.0,0.0,0.0,14,2304.0,2306.0,5,2316.0,2316.0,2316.0,2304.0,49.0,113043.0,21614
2023-05-09 21:09:55,MA2311,MA311,2306.0,0.0,0.0,0.0,15,2304.0,2306.0,5,2316.0,2316.0,2316.0,2304.0,49.0,113043.0,21614
2023-05-09 21:09:56,MA2311,MA311,2306.0,0.0,0.0,0.0,3,2305.0,2306.0,5,2316.0,2316.0,2316.0,2304.0,49.0,113043.0,21614
2023-05-09 21:09:57,MA2311,MA311,2306.0,0.0,0.0,0.0,15,2304.0,2306.0,5,2316.0,2316.0,2316.0,2304.0,49.0,113043.0,21614
2023-05-09 21:10:02,MA2311,MA311,2306.0,0.0,0.0,0.0,2,2305.0,2306.0,5,2316.0,2316.0,2316.0,2304.0,49.0,113043.0,21614
2023-05-09 21:10:03,MA2311,MA311,2306.0,0.0,0.0,0.0,10,2305.0,2307.0,5,2316.0,2316.0,2316.0,2304.0,49.0,113043.0,21614
2023-05-09 21:10:03,MA2311,MA311,2306.0,0.0,0.0,0.0,11,2305.0,2307.0,5,2316.0,2316.0,2316.0,2304.0,49.0,113043.0,21614
2023-05-09 21:10:04,MA2311,MA311,2306.0,0.0,0.0,0.0,13,2305.0,2307.0,5,2316.0,2316.0,2316.0,2304.0,49.0,113043.0,21614
2023-05-09 21:10:04,MA2311,MA311,2306.0,0.0,0.0,0.0,1,2306.0,2307.0,5,2316.0,2316.0,2316.0,2304.0,49.0,113043.0,21614
2023-05-09 21:10:07,MA2311,MA311,2306.0,0.0,0.0,0.0,1,2306.0,2308.0,5,2316.0,2316.0,2316.0,2304.0,49.0,113043.0,21614
2023-05-09 21:10:07,MA2311,MA311,2306.0,0.0,0.0,0.0,13,2305.0,2307.0,5,2316.0,2316.0,2316.0,2304.0,49.0,113043.0,21614
2023-05-09 21:10:17,MA2311,MA311,2306.0,0.0,0.0,0.0,14,2305.0,2307.0,5,2316.0,2316.0,2316.0,2304.0,49.0,113043.0,21614
2023-05-09 21:10:18,MA2311,MA311,2306.0,0.0,0.0,0.0,19,2305.0,2308.0,5,2316.0,2316.0,2316.0,2304.0,49.0,113043.0,21614
2023-05-09 21:10:19,MA2311,MA311,2306.0,0.0,0.0,0.0,20,2305.0,2308.0,5,2316.0,2316.0,2316.0,2304.0,49.0,113043.0,21614
2023-05-09 21:10:24,MA2311,MA311,2306.0,0.0,0.0,0.0,4,2306.0,2308.0,5,2316.0,2316.0,2316.0,2304.0,49.0,113043.0,21614
2023-05-09 21:10:26,MA2311,MA311,2306.0,0.0,0.0,0.0,6,2306.0,2308.0,5,2316.0,2316.0,2316.0,2304.0,49.0,113043.0,21614
2023-05-09 21:10:27,MA2311,MA311,2306.0,0.0,0.0,0.0,7,2306.0,2308.0,5,2316.0,2316.0,2316.0,2304.0,49.0,113043.0,21614
2023-05-09 21:10:34,MA2311,MA311,2306.0,0.0,0.0,0.0,7,2306.0,2307.0,5,2316.0,2316.0,2316.0,2304.0,49.0,113043.0,21614
2023-05-09 21:10:34,MA2311,MA311,2306.0,0.0,0.0,0.0,4,2306.0,2307.0,5,2316.0,2316.0,2316.0,2304.0,49.0,113043.0,21614
2023-05-09 21:10:36,MA2311,MA311,2306.0,0.0,0.0,0.0,3,2306.0,2307.0,5,2316.0,2316.0,2316.0,2304.0,49.0,113043.0,21614
2023-05-09 21:10:38,MA2311,MA311,2306.0,0.0,0.0,0.0,2,2306.0,2307.0,5,2316.0,2316.0,2316.0,2304.0,49.0,113043.0,21614
2023-05-09 21:10:39,MA2311,MA311,2306.0,0.0,0.0,0.0,17,2305.0,2307.0,5,2316.0,2316.0,2316.0,2304.0,49.0,113043.0,21614
2023-05-09 21:10:41,MA2311,MA311,2306.0,0.0,0.0,0.0,1,2306.0,2307.0,5,2316.0,2316.0,2316.0,2304.0,49.0,113043.0,21614
2023-05-09 21:10:41,MA2311,MA311,2306.0,0.0,0.0,0.0,6,2306.0,2308.0,5,2316.0,2316.0,2316.0,2304.0,49.0,113043.0,21614
2023-05-09 21:10:43,MA2311,MA311,2306.0,0.0,0.0,0.0,9,2306.0,2308.0,5,2316.0,2316.0,2316.0,2304.0,49.0,113043.0,21614
2023-05-09 21:10:44,MA2311,MA311,2306.0,0.0,0.0,0.0,1,2307.0,2308.0,5,2316.0,2316.0,2316.0,2304.0,49.0,113043.0,21614
2023-05-09 21:10:44,MA2311,MA311,2306.0,0.0,0.0,0.0,9,2306.0,2308.0,5,2316.0,2316.0,2316.0,2304.0,49.0,113043.0,21614
2023-05-09 21:10:47,MA2311,MA311,2306.0,0.0,0.0,0.0,2,2307.0,2308.0,5,2316.0,2316.0,2316.0,2304.0,49.0,113043.0,21614
2023-05-09 21:10:48,MA2311,MA311,2306.0,0.0,0.0,0.0,9,2306.0,2307.0,5,2316.0,2316.0,2316.0,2304.0,49.0,113043.0,21614
2023-05-09 21:10:48,MA2311,MA311,2306.0,0.0,0.0,0.0,10,2306.0,2307.0,5,2316.0,2316.0,2316.0,2304.0,49.0,113043.0,21614
2023-05-09 21:10:49,MA2311,MA311,2306.0,0.0,0.0,0.0,10,2306.0,2308.0,5,2316.0,2316.0,2316.0,2304.0,49.0,113043.0,21614
2023-05-09 21:10:53,MA2311,MA311,2306.0,0.0,0.0,0.0,11,2306.0,2308.0,5,2316.0,2316.0,2316.0,2304.0,49.0,113043.0,21614
2023-05-09 21:10:57,MA2311,MA311,2306.0,0.0,0.0,0.0,12,2306.0,2308.0,5,2316.0,2316.0,2316.0,2304.0,49.0,113043.0,21614
2023-05-09 21:11:00,MA2311,MA311,2306.0,0.0,0.0,0.0,13,2306.0,2308.0,5,2316.0,2316.0,2316.0,2304.0,49.0,113043.0,21614
2023-05-09 21:11:07,MA2311,MA311,2306.0,0.0,0.0,0.0,14,2306.0,2308.0,5,2316.0,2316.0,2316.0,2304.0,49.0,113043.0,21614
2023-05-09 21:11:11,MA2311,MA311,2306.0,0.0,0.0,0.0,19,2306.0,2309.0,5,2316.0,2316.0,2316.0,2304.0,49.0,113043.0,21614
2023-05-09 21:11:11,MA2311,MA311,2306.0,0.0,0.0,0.0,11,2307.0,2309.0,5,2316.0,2316.0,2316.0,2304.0,49.0,113043.0,21614
2023-05-09 21:11:22,MA2311,MA311,2306.0,0.0,0.0,0.0,12,2307.0,2309.0,5,2316.0,2316.0,2316.0,2304.0,49.0,113043.0,21614
2023-05-09 21:11:22,MA2311,MA311,2306.0,0.0,0.0,0.0,2,2308.0,2309.0,5,2316.0,2316.0,2316.0,2304.0,49.0,113043.0,21614
2023-05-09 21:11:27,MA2311,MA311,2306.0,0.0,0.0,0.0,3,2308.0,2309.0,5,2316.0,2316.0,2316.0,2304.0,49.0,113043.0,21614
2023-05-09 21:11:27,MA2311,MA311,2306.0,0.0,0.0,0.0,6,2307.0,2309.0,5,2316.0,2316.0,2316.0,2304.0,49.0,113043.0,21614
2023-05-09 21:11:28,MA2311,MA311,2306.0,0.0,0.0,0.0,1,2308.0,2309.0,5,2316.0,2316.0,2316.0,2304.0,49.0,113043.0,21614
2023-05-09 21:11:28,MA2311,MA311,2306.0,0.0,0.0,0.0,6,2307.0,2309.0,5,2316.0,2316.0,2316.0,2304.0,49.0,113043.0,21614
2023-05-09 21:11:29,MA2311,MA311,2306.0,0.0,0.0,0.0,6,2307.0,2308.0,5,2316.0,2316.0,2316.0,2304.0,49.0,113043.0,21614
2023-05-09 21:11:29,MA2311,MA311,2306.0,0.0,0.0,0.0,3,2307.0,2308.0,5,2316.0,2316.0,2316.0,2304.0,49.0,113043.0,21614
2023-05-09 21:11:32,MA2311,MA311,2306.0,0.0,0.0,0.0,15,2306.0,2308.0,5,2316.0,2316.0,2316.0,2304.0,49.0,113043.0,21614
2023-05-09 21:11:32,MA2311,MA311,2306.0,0.0,0.0,0.0,15,2306.0,2307.0,5,2316.0,2316.0,2316.0,2304.0,49.0,113043.0,21614
2023-05-09 21:11:33,MA2311,MA311,2306.0,0.0,0.0,0.0,14,2306.0,2307.0,5,2316.0,2316.0,2316.0,2304.0,49.0,113043.0,21614
2023-05-09 21:11:36,MA2311,MA311,2306.0,0.0,0.0,0.0,14,2306.0,2308.0,5,2316.0,2316.0,2316.0,2304.0,49.0,113043.0,21614
2023-05-09 21:11:37,MA2311,MA311,2306.0,0.0,0.0,0.0,11,2306.0,2308.0,5,2316.0,2316.0,2316.0,2304.0,49.0,113043.0,21614
2023-05-09 21:11:41,MA2311,MA311,2306.0,0.0,0.0,0.0,12,2306.0,2308.0,5,2316.0,2316.0,2316.0,2304.0,49.0,113043.0,21614
2023-05-09 21:11:41,MA2311,MA311,2306.0,0.0,0.0,0.0,12,2306.0,2307.0,5,2316.0,2316.0,2316.0,2304.0,49.0,113043.0,21614
2023-05-09 21:11:42,MA2311,MA311,2306.0,0.0,0.0,0.0,10,2306.0,2307.0,5,2316.0,2316.0,2316.0,2304.0,49.0,113043.0,21614
2023-05-09 21:11:43,MA2311,MA311,2306.0,0.0,0.0,0.0,11,2306.0,2307.0,5,2316.0,2316.0,2316.0,2304.0,49.0,113043.0,21614
2023-05-09 21:11:43,MA2311,MA311,2306.0,0.0,0.0,0.0,10,2306.0,2307.0,5,2316.0,2316.0,2316.0,2304.0,49.0,113043.0,21614
2023-05-09 21:11:46,MA2311,MA311,2306.0,0.0,0.0,0.0,11,2306.0,2307.0,5,2316.0,2316.0,2316.0,2304.0,49.0,113043.0,21614
2023-05-09 21:11:49,MA2311,MA311,2306.0,0.0,0.0,0.0,14,2306.0,2307.0,5,2316.0,2316.0,2316.0,2304.0,49.0,113043.0,21614
2023-05-09 21:11:49,MA2311,MA311,2306.0,0.0,0.0,0.0,9,2306.0,2307.0,5,2316.0,2316.0,2316.0,2304.0,49.0,113043.0,21614
2023-05-09 21:11:53,MA2311,MA311,2306.0,0.0,0.0,0.0,10,2306.0,2307.0,5,2316.0,2316.0,2316.0,2304.0,49.0,113043.0,21614
2023-05-09 21:11:53,MA2311,MA311,2306.0,0.0,0.0,0.0,11,2306.0,2307.0,5,2316.0,2316.0,2316.0,2304.0,49.0,113043.0,21614
2023-05-09 21:11:54,MA2311,MA311,2306.0,0.0,0.0,0.0,4,2306.0,2307.0,5,2316.0,2316.0,2316.0,2304.0,49.0,113043.0,21614
2023-05-09 21:11:55,MA2311,MA311,2306.0,0.0,0.0,0.0,3,2306.0,2307.0,5,2316.0,2316.0,2316.0,2304.0,49.0,113043.0,21614
2023-05-09 21:11:55,MA2311,MA311,2306.0,0.0,0.0,0.0,1,2306.0,2307.0,5,2316.0,2316.0,2316.0,2304.0,49.0,113043.0,21614
2023-05-09 21:11:56,MA2311,MA311,2306.0,0.0,0.0,0.0,2,2306.0,2307.0,5,2316.0,2316.0,2316.0,2304.0,49.0,113043.0,21614
2023-05-09 21:11:56,MA2311,MA311,2306.0,0.0,0.0,0.0,2,2306.0,2308.0,5,2316.0,2316.0,2316.0,2304.0,49.0,113043.0,21614
2023-05-09 21:11:57,MA2311,MA311,2306.0,0.0,0.0,0.0,7,2306.0,2308.0,5,2316.0,2316.0,2316.0,2304.0,49.0,113043.0,21614
2023-05-09 21:11:58,MA2311,MA311,2306.0,0.0,0.0,0.0,8,2306.0,2308.0,5,2316.0,2316.0,2316.0,2304.0,49.0,113043.0,21614
2023-05-09 21:11:59,MA2311,MA311,2306.0,0.0,0.0,0.0,9,2306.0,2308.0,5,2316.0,2316.0,2316.0,2304.0,49.0,113043.0,21614
2023-05-09 21:12:02,MA2311,MA311,2306.0,0.0,0.0,0.0,10,2306.0,2308.0,5,2316.0,2316.0,2316.0,2304.0,49.0,113043.0,21614
2023-05-09 21:12:03,MA2311,MA311,2306.0,0.0,0.0,0.0,10,2306.0,2307.0,5,2316.0,2316.0,2316.0,2304.0,49.0,113043.0,21614
2023-05-09 21:12:04,MA2311,MA311,2306.0,0.0,0.0,0.0,3,2306.0,2307.0,5,2316.0,2316.0,2316.0,2304.0,49.0,113043.0,21614
2023-05-09 21:12:08,MA2311,MA311,2306.0,0.0,0.0,0.0,4,2306.0,2307.0,5,2316.0,2316.0,2316.0,2304.0,49.0,113043.0,21614
2023-05-09 21:12:10,MA2311,MA311,2306.0,1.0,2307.0,0.0,19,2305.0,2307.0,4,2316.0,2316.0,2316.0,2304.0,50.0,115350.0,21614
2023-05-09 21:12:28,MA2311,MA311,2306.0,0.0,0.0,0.0,20,2305.0,2307.0,4,2316.0,2316.0,2316.0,2304.0,50.0,115350.0,21614
2023-05-09 21:12:29,MA2311,MA311,2306.0,0.0,0.0,0.0,1,2306.0,2307.0,4,2316.0,2316.0,2316.0,2304.0,50.0,115350.0,21614
2023-05-09 21:12:30,MA2311,MA311,2306.0,0.0,0.0,0.0,20,2305.0,2307.0,4,2316.0,2316.0,2316.0,2304.0,50.0,115350.0,21614
2023-05-09 21:12:34,MA2311,MA311,2306.0,0.0,0.0,0.0,21,2305.0,2307.0,4,2316.0,2316.0,2316.0,2304.0,50.0,115350.0,21614
2023-05-09 21:12:41,MA2311,MA311,2306.0,0.0,0.0,0.0,21,2305.0,2306.0,4,2316.0,2316.0,2316.0,2304.0,50.0,115350.0,21614
2023-05-09 21:12:43,MA2311,MA311,2306.0,0.0,0.0,0.0,9,2305.0,2306.0,4,2316.0,2316.0,2316.0,2304.0,50.0,115350.0,21614
2023-05-09 21:12:43,MA2311,MA311,2306.0,0.0,0.0,0.0,1,2305.0,2306.0,4,2316.0,2316.0,2316.0,2304.0,50.0,115350.0,21614
2023-05-09 21:12:52,MA2311,MA311,2306.0,0.0,0.0,0.0,1,2305.0,2307.0,95,2316.0,2316.0,2316.0,2304.0,50.0,115350.0,21614
2023-05-09 21:12:53,MA2311,MA311,2306.0,0.0,0.0,0.0,1,2305.0,2308.0,98,2316.0,2316.0,2316.0,2304.0,50.0,115350.0,21614
2023-05-09 21:12:54,MA2311,MA311,2306.0,0.0,0.0,0.0,3,2305.0,2308.0,98,2316.0,2316.0,2316.0,2304.0,50.0,115350.0,21614
2023-05-09 21:12:54,MA2311,MA311,2306.0,0.0,0.0,0.0,5,2305.0,2308.0,97,2316.0,2316.0,2316.0,2304.0,50.0,115350.0,21614
2023-05-09 21:12:55,MA2311,MA311,2306.0,0.0,0.0,0.0,5,2305.0,2308.0,95,2316.0,2316.0,2316.0,2304.0,50.0,115350.0,21614
2023-05-09 21:12:57,MA2311,MA311,2306.0,0.0,0.0,0.0,6,2305.0,2308.0,95,2316.0,2316.0,2316.0,2304.0,50.0,115350.0,21614
2023-05-09 21:13:03,MA2311,MA311,2306.0,0.0,0.0,0.0,5,2305.0,2307.0,95,2316.0,2316.0,2316.0,2304.0,50.0,115350.0,21614
2023-05-09 21:13:04,MA2311,MA311,2306.0,0.0,0.0,0.0,1,2305.0,2306.0,95,2316.0,2316.0,2316.0,2304.0,50.0,115350.0,21614
2023-05-09 21:13:07,MA2311,MA311,2306.0,0.0,0.0,0.0,1,2305.0,2306.0,32,2316.0,2316.0,2316.0,2304.0,50.0,115350.0,21614
2023-05-09 21:13:07,MA2311,MA311,2306.0,0.0,0.0,0.0,1,2305.0,2307.0,97,2316.0,2316.0,2316.0,2304.0,50.0,115350.0,21614
2023-05-09 21:13:08,MA2311,MA311,2306.0,0.0,0.0,0.0,2,2305.0,2307.0,97,2316.0,2316.0,2316.0,2304.0,50.0,115350.0,21614
2023-05-09 21:13:09,MA2311,MA311,2306.0,0.0,0.0,0.0,1,2305.0,2306.0,95,2316.0,2316.0,2316.0,2304.0,50.0,115350.0,21614
2023-05-09 21:13:10,MA2311,MA311,2306.0,0.0,0.0,0.0,22,2304.0,2306.0,95,2316.0,2316.0,2316.0,2304.0,50.0,115350.0,21614
2023-05-09 21:13:11,MA2311,MA311,2306.0,0.0,0.0,0.0,80,2303.0,2306.0,97,2316.0,2316.0,2316.0,2304.0,50.0,115350.0,21614
2023-05-09 21:13:11,MA2311,MA311,2306.0,0.0,0.0,0.0,82,2303.0,2306.0,97,2316.0,2316.0,2316.0,2304.0,50.0,115350.0,21614
2023-05-09 21:13:13,MA2311,MA311,2306.0,0.0,0.0,0.0,82,2303.0,2306.0,95,2316.0,2316.0,2316.0,2304.0,50.0,115350.0,21614
2023-05-09 21:13:13,MA2311,MA311,2306.0,0.0,0.0,0.0,82,2303.0,2306.0,96,2316.0,2316.0,2316.0,2304.0,50.0,115350.0,21614
2023-05-09 21:13:15,MA2311,MA311,2306.0,0.0,0.0,0.0,83,2303.0,2306.0,96,2316.0,2316.0,2316.0,2304.0,50.0,115350.0,21614
2023-05-09 21:13:16,MA2311,MA311,2306.0,0.0,0.0,0.0,82,2303.0,2305.0,95,2316.0,2316.0,2316.0,2304.0,50.0,115350.0,21614
2023-05-09 21:13:17,MA2311,MA311,2306.0,0.0,0.0,0.0,83,2303.0,2306.0,98,2316.0,2316.0,2316.0,2304.0,50.0,115350.0,21614
2023-05-09 21:13:17,MA2311,MA311,2306.0,0.0,0.0,0.0,83,2303.0,2306.0,97,2316.0,2316.0,2316.0,2304.0,50.0,115350.0,21614
2023-05-09 21:13:19,MA2311,MA311,2306.0,0.0,0.0,0.0,83,2303.0,2306.0,95,2316.0,2316.0,2316.0,2304.0,50.0,115350.0,21614
2023-05-09 21:13:19,MA2311,MA311,2306.0,0.0,0.0,0.0,83,2303.0,2306.0,96,2316.0,2316.0,2316.0,2304.0,50.0,115350.0,21614
2023-05-09 21:13:19,MA2311,MA311,2306.0,0.0,0.0,0.0,83,2303.0,2306.0,97,2316.0,2316.0,2316.0,2304.0,50.0,115350.0,21614
2023-05-09 21:13:20,MA2311,MA311,2306.0,0.0,0.0,0.0,2,2304.0,2306.0,97,2316.0,2316.0,2316.0,2304.0,50.0,115350.0,21614
2023-05-09 21:13:20,MA2311,MA311,2306.0,0.0,0.0,0.0,83,2303.0,2306.0,97,2316.0,2316.0,2316.0,2304.0,50.0,115350.0,21614
2023-05-09 21:13:23,MA2311,MA311,2306.0,0.0,0.0,0.0,83,2303.0,2306.0,96,2316.0,2316.0,2316.0,2304.0,50.0,115350.0,21614
2023-05-09 21:13:23,MA2311,MA311,2306.0,0.0,0.0,0.0,83,2303.0,2306.0,95,2316.0,2316.0,2316.0,2304.0,50.0,115350.0,21614
2023-05-09 21:13:24,MA2311,MA311,2306.0,0.0,0.0,0.0,2,2304.0,2307.0,98,2316.0,2316.0,2316.0,2304.0,50.0,115350.0,21614
2023-05-09 21:13:24,MA2311,MA311,2306.0,0.0,0.0,0.0,13,2304.0,2307.0,98,2316.0,2316.0,2316.0,2304.0,50.0,115350.0,21614
2023-05-09 21:13:25,MA2311,MA311,2306.0,0.0,0.0,0.0,14,2304.0,2307.0,97,2316.0,2316.0,2316.0,2304.0,50.0,115350.0,21614
2023-05-09 21:13:26,MA2311,MA311,2306.0,0.0,0.0,0.0,1,2305.0,2308.0,98,2316.0,2316.0,2316.0,2304.0,50.0,115350.0,21614
2023-05-09 21:13:27,MA2311,MA311,2306.0,0.0,0.0,0.0,7,2305.0,2308.0,98,2316.0,2316.0,2316.0,2304.0,50.0,115350.0,21614
2023-05-09 21:13:27,MA2311,MA311,2306.0,0.0,0.0,0.0,7,2305.0,2308.0,97,2316.0,2316.0,2316.0,2304.0,50.0,115350.0,21614
2023-05-09 21:13:27,MA2311,MA311,2306.0,0.0,0.0,0.0,7,2305.0,2308.0,98,2316.0,2316.0,2316.0,2304.0,50.0,115350.0,21614
2023-05-09 21:13:28,MA2311,MA311,2306.0,0.0,0.0,0.0,7,2306.0,2309.0,98,2316.0,2316.0,2316.0,2304.0,50.0,115350.0,21614
2023-05-09 21:13:28,MA2311,MA311,2306.0,0.0,0.0,0.0,7,2306.0,2309.0,97,2316.0,2316.0,2316.0,2304.0,50.0,115350.0,21614
2023-05-09 21:13:29,MA2311,MA311,2306.0,0.0,0.0,0.0,7,2306.0,2309.0,96,2316.0,2316.0,2316.0,2304.0,50.0,115350.0,21614
2023-05-09 21:13:30,MA2311,MA311,2306.0,0.0,0.0,0.0,6,2306.0,2309.0,96,2316.0,2316.0,2316.0,2304.0,50.0,115350.0,21614
2023-05-09 21:13:32,MA2311,MA311,2306.0,0.0,0.0,0.0,6,2306.0,2309.0,95,2316.0,2316.0,2316.0,2304.0,50.0,115350.0,21614
2023-05-09 21:13:33,MA2311,MA311,2306.0,0.0,0.0,0.0,5,2306.0,2309.0,95,2316.0,2316.0,2316.0,2304.0,50.0,115350.0,21614
2023-05-09 21:13:34,MA2311,MA311,2306.0,0.0,0.0,0.0,7,2306.0,2309.0,97,2316.0,2316.0,2316.0,2304.0,50.0,115350.0,21614
2023-05-09 21:13:34,MA2311,MA311,2306.0,0.0,0.0,0.0,7,2306.0,2309.0,95,2316.0,2316.0,2316.0,2304.0,50.0,115350.0,21614
2023-05-09 21:13:55,MA2311,MA311,2306.0,0.0,0.0,0.0,7,2306.0,2309.0,96,2316.0,2316.0,2316.0,2304.0,50.0,115350.0,21614
2023-05-09 21:13:56,MA2311,MA311,2306.0,0.0,0.0,0.0,7,2306.0,2309.0,95,2316.0,2316.0,2316.0,2304.0,50.0,115350.0,21614
2023-05-09 21:13:59,MA2311,MA311,2306.0,0.0,0.0,0.0,1,2307.0,2310.0,99,2316.0,2316.0,2316.0,2304.0,50.0,115350.0,21614
2023-05-09 21:14:00,MA2311,MA311,2306.0,0.0,0.0,0.0,1,2307.0,2309.0,95,2316.0,2316.0,2316.0,2304.0,50.0,115350.0,21614
2023-05-09 21:14:01,MA2311,MA311,2306.0,0.0,0.0,0.0,6,2306.0,2309.0,95,2316.0,2316.0,2316.0,2304.0,50.0,115350.0,21614
2023-05-09 21:14:01,MA2311,MA311,2306.0,0.0,0.0,0.0,1,2307.0,2309.0,95,2316.0,2316.0,2316.0,2304.0,50.0,115350.0,21614
2023-05-09 21:14:01,MA2311,MA311,2306.0,0.0,0.0,0.0,6,2306.0,2309.0,95,2316.0,2316.0,2316.0,2304.0,50.0,115350.0,21614
2023-05-09 21:14:02,MA2311,MA311,2306.0,0.0,0.0,0.0,8,2307.0,2309.0,95,2316.0,2316.0,2316.0,2304.0,50.0,115350.0,21614
2023-05-09 21:14:04,MA2311,MA311,2306.0,0.0,0.0,0.0,11,2307.0,2310.0,99,2316.0,2316.0,2316.0,2304.0,50.0,115350.0,21614
2023-05-09 21:14:04,MA2311,MA311,2306.0,0.0,0.0,0.0,16,2307.0,2310.0,97,2316.0,2316.0,2316.0,2304.0,50.0,115350.0,21614
2023-05-09 21:14:09,MA2311,MA311,2306.0,0.0,0.0,0.0,16,2307.0,2310.0,96,2316.0,2316.0,2316.0,2304.0,50.0,115350.0,21614
2023-05-09 21:14:09,MA2311,MA311,2306.0,0.0,0.0,0.0,4,2308.0,2310.0,96,2316.0,2316.0,2316.0,2304.0,50.0,115350.0,21614
2023-05-09 21:14:11,MA2311,MA311,2306.0,0.0,0.0,0.0,16,2307.0,2310.0,96,2316.0,2316.0,2316.0,2304.0,50.0,115350.0,21614
2023-05-09 21:14:12,MA2311,MA311,2306.0,0.0,0.0,0.0,17,2307.0,2310.0,96,2316.0,2316.0,2316.0,2304.0,50.0,115350.0,21614
2023-05-09 21:14:12,MA2311,MA311,2306.0,0.0,0.0,0.0,1,2308.0,2310.0,96,2316.0,2316.0,2316.0,2304.0,50.0,115350.0,21614
2023-05-09 21:14:12,MA2311,MA311,2306.0,0.0,0.0,0.0,17,2307.0,2310.0,96,2316.0,2316.0,2316.0,2304.0,50.0,115350.0,21614
2023-05-09 21:14:18,MA2311,MA311,2306.0,0.0,0.0,0.0,17,2307.0,2310.0,97,2316.0,2316.0,2316.0,2304.0,50.0,115350.0,21614
2023-05-09 21:14:19,MA2311,MA311,2306.0,0.0,0.0,0.0,17,2307.0,2310.0,96,2316.0,2316.0,2316.0,2304.0,50.0,115350.0,21614
2023-05-09 21:14:24,MA2311,MA311,2306.0,0.0,0.0,0.0,9,2307.0,2310.0,96,2316.0,2316.0,2316.0,2304.0,50.0,115350.0,21614
2023-05-09 21:14:25,MA2311,MA311,2306.0,0.0,0.0,0.0,7,2307.0,2309.0,95,2316.0,2316.0,2316.0,2304.0,50.0,115350.0,21614
2023-05-09 21:14:26,MA2311,MA311,2306.0,0.0,0.0,0.0,3,2307.0,2309.0,95,2316.0,2316.0,2316.0,2304.0,50.0,115350.0,21614
2023-05-09 21:14:27,MA2311,MA311,2306.0,0.0,0.0,0.0,4,2307.0,2310.0,99,2316.0,2316.0,2316.0,2304.0,50.0,115350.0,21614
2023-05-09 21:14:27,MA2311,MA311,2306.0,0.0,0.0,0.0,5,2307.0,2310.0,97,2316.0,2316.0,2316.0,2304.0,50.0,115350.0,21614
2023-05-09 21:14:28,MA2311,MA311,2306.0,0.0,0.0,0.0,8,2307.0,2310.0,96,2316.0,2316.0,2316.0,2304.0,50.0,115350.0,21614
2023-05-09 21:14:32,MA2311,MA311,2306.0,0.0,0.0,0.0,8,2308.0,2310.0,96,2316.0,2316.0,2316.0,2304.0,50.0,115350.0,21614
2023-05-09 21:14:36,MA2311,MA311,2306.0,0.0,0.0,0.0,3,2308.0,2310.0,96,2316.0,2316.0,2316.0,2304.0,50.0,115350.0,21614
2023-05-09 21:14:39,MA2311,MA311,2306.0,0.0,0.0,0.0,4,2308.0,2310.0,96,2316.0,2316.0,2316.0,2304.0,50.0,115350.0,21614
2023-05-09 21:14:41,MA2311,MA311,2306.0,0.0,0.0,0.0,1,2308.0,2310.0,96,2316.0,2316.0,2316.0,2304.0,50.0,115350.0,21614
2023-05-09 21:14:41,MA2311,MA311,2306.0,0.0,0.0,0.0,18,2307.0,2310.0,96,2316.0,2316.0,2316.0,2304.0,50.0,115350.0,21614
2023-05-09 21:14:44,MA2311,MA311,2306.0,0.0,0.0,0.0,2,2308.0,2310.0,96,2316.0,2316.0,2316.0,2304.0,50.0,115350.0,21614
2023-05-09 21:14:44,MA2311,MA311,2306.0,0.0,0.0,0.0,18,2307.0,2310.0,96,2316.0,2316.0,2316.0,2304.0,50.0,115350.0,21614
2023-05-09 21:14:45,MA2311,MA311,2306.0,0.0,0.0,0.0,2,2308.0,2310.0,96,2316.0,2316.0,2316.0,2304.0,50.0,115350.0,21614
2023-05-09 21:14:46,MA2311,MA311,2306.0,0.0,0.0,0.0,5,2308.0,2310.0,96,2316.0,2316.0,2316.0,2304.0,50.0,115350.0,21614
2023-05-09 21:14:48,MA2311,MA311,2306.0,0.0,0.0,0.0,13,2308.0,2310.0,96,2316.0,2316.0,2316.0,2304.0,50.0,115350.0,21614
2023-05-09 21:14:49,MA2311,MA311,2306.0,0.0,0.0,0.0,12,2308.0,2310.0,96,2316.0,2316.0,2316.0,2304.0,50.0,115350.0,21614
2023-05-09 21:15:00,MA2311,MA311,2306.0,0.0,0.0,0.0,15,2307.0,2310.0,96,2316.0,2316.0,2316.0,2304.0,50.0,115350.0,21614
2023-05-09 21:15:01,MA2311,MA311,2306.0,0.0,0.0,0.0,3,2308.0,2310.0,1,2316.0,2316.0,2316.0,2304.0,50.0,115350.0,21614
2023-05-09 21:15:05,MA2311,MA311,2306.0,0.0,0.0,0.0,7,2308.0,2310.0,1,2316.0,2316.0,2316.0,2304.0,50.0,115350.0,21614
2023-05-09 21:15:06,MA2311,MA311,2306.0,0.0,0.0,0.0,7,2309.0,2310.0,1,2316.0,2316.0,2316.0,2304.0,50.0,115350.0,21614
2023-05-09 21:15:06,MA2311,MA311,2306.0,0.0,0.0,0.0,10,2309.0,2310.0,1,2316.0,2316.0,2316.0,2304.0,50.0,115350.0,21614
2023-05-09 21:15:07,MA2311,MA311,2306.0,0.0,0.0,0.0,9,2309.0,2310.0,1,2316.0,2316.0,2316.0,2304.0,50.0,115350.0,21614
2023-05-09 21:15:08,MA2311,MA311,2310.0,1.0,2307.0,1.0,9,2309.0,2312.0,96,2316.0,2316.0,2316.0,2304.0,51.0,117657.0,21615
2023-05-09 21:15:13,MA2311,MA311,2310.0,0.0,0.0,0.0,7,2309.0,2312.0,96,2316.0,2316.0,2316.0,2304.0,51.0,117657.0,21615
2023-05-09 21:15:16,MA2311,MA311,2310.0,0.0,0.0,0.0,9,2309.0,2312.0,96,2316.0,2316.0,2316.0,2304.0,51.0,117657.0,21615
2023-05-09 21:15:19,MA2311,MA311,2310.0,0.0,0.0,0.0,1,2310.0,2312.0,1,2316.0,2316.0,2316.0,2304.0,51.0,117657.0,21615
2023-05-09 21:15:20,MA2311,MA311,2310.0,0.0,0.0,0.0,9,2309.0,2312.0,70,2316.0,2316.0,2316.0,2304.0,51.0,117657.0,21615
2023-05-09 21:15:20,MA2311,MA311,2310.0,0.0,0.0,0.0,9,2309.0,2312.0,95,2316.0,2316.0,2316.0,2304.0,51.0,117657.0,21615
2023-05-09 21:15:21,MA2311,MA311,2310.0,0.0,0.0,0.0,1,2310.0,2313.0,99,2316.0,2316.0,2316.0,2304.0,51.0,117657.0,21615
2023-05-09 21:15:22,MA2311,MA311,2310.0,0.0,0.0,0.0,1,2310.0,2313.0,98,2316.0,2316.0,2316.0,2304.0,51.0,117657.0,21615
2023-05-09 21:15:22,MA2311,MA311,2310.0,0.0,0.0,0.0,1,2310.0,2313.0,97,2316.0,2316.0,2316.0,2304.0,51.0,117657.0,21615
2023-05-09 21:15:26,MA2311,MA311,2310.0,0.0,0.0,0.0,1,2311.0,2313.0,2,2316.0,2316.0,2316.0,2304.0,51.0,117657.0,21615
2023-05-09 21:15:27,MA2311,MA311,2310.0,0.0,0.0,0.0,1,2311.0,2313.0,1,2316.0,2316.0,2316.0,2304.0,51.0,117657.0,21615
2023-05-09 21:15:33,MA2311,MA311,2310.0,0.0,0.0,0.0,1,2312.0,2313.0,1,2316.0,2316.0,2316.0,2304.0,51.0,117657.0,21615
2023-05-09 21:15:34,MA2311,MA311,2310.0,0.0,0.0,0.0,1,2312.0,2315.0,96,2316.0,2316.0,2316.0,2304.0,51.0,117657.0,21615
2023-05-09 21:15:35,MA2311,MA311,2310.0,0.0,0.0,0.0,3,2311.0,2314.0,85,2316.0,2316.0,2316.0,2304.0,51.0,117657.0,21615
2023-05-09 21:15:35,MA2311,MA311,2310.0,0.0,0.0,0.0,1,2311.0,2314.0,96,2316.0,2316.0,2316.0,2304.0,51.0,117657.0,21615
2023-05-09 21:15:36,MA2311,MA311,2310.0,0.0,0.0,0.0,3,2311.0,2314.0,89,2316.0,2316.0,2316.0,2304.0,51.0,117657.0,21615
2023-05-09 21:15:36,MA2311,MA311,2310.0,0.0,0.0,0.0,1,2312.0,2314.0,1,2316.0,2316.0,2316.0,2304.0,51.0,117657.0,21615
2023-05-09 21:15:37,MA2311,MA311,2310.0,0.0,0.0,0.0,1,2312.0,2315.0,98,2316.0,2316.0,2316.0,2304.0,51.0,117657.0,21615
2023-05-09 21:15:37,MA2311,MA311,2310.0,0.0,0.0,0.0,1,2312.0,2315.0,96,2316.0,2316.0,2316.0,2304.0,51.0,117657.0,21615
2023-05-09 21:15:42,MA2311,MA311,2310.0,0.0,0.0,0.0,2,2312.0,2315.0,96,2316.0,2316.0,2316.0,2304.0,51.0,117657.0,21615
2023-05-09 21:15:43,MA2311,MA311,2310.0,0.0,0.0,0.0,1,2312.0,2315.0,96,2316.0,2316.0,2316.0,2304.0,51.0,117657.0,21615
2023-05-09 21:15:45,MA2311,MA311,2310.0,0.0,0.0,0.0,5,2311.0,2314.0,96,2316.0,2316.0,2316.0,2304.0,51.0,117657.0,21615
2023-05-09 21:15:46,MA2311,MA311,2310.0,0.0,0.0,0.0,6,2311.0,2314.0,96,2316.0,2316.0,2316.0,2304.0,51.0,117657.0,21615
2023-05-09 21:15:46,MA2311,MA311,2310.0,0.0,0.0,0.0,6,2311.0,2314.0,41,2316.0,2316.0,2316.0,2304.0,51.0,117657.0,21615
2023-05-09 21:15:47,MA2311,MA311,2310.0,0.0,0.0,0.0,1,2312.0,2314.0,1,2316.0,2316.0,2316.0,2304.0,51.0,117657.0,21615
2023-05-09 21:15:48,MA2311,MA311,2310.0,0.0,0.0,0.0,1,2312.0,2315.0,96,2316.0,2316.0,2316.0,2304.0,51.0,117657.0,21615
2023-05-09 21:15:51,MA2311,MA311,2310.0,0.0,0.0,0.0,2,2312.0,2315.0,96,2316.0,2316.0,2316.0,2304.0,51.0,117657.0,21615
2023-05-09 21:15:54,MA2311,MA311,2310.0,0.0,0.0,0.0,4,2312.0,2315.0,96,2316.0,2316.0,2316.0,2304.0,51.0,117657.0,21615
2023-05-09 21:15:56,MA2311,MA311,2310.0,0.0,0.0,0.0,8,2312.0,2315.0,96,2316.0,2316.0,2316.0,2304.0,51.0,117657.0,21615
2023-05-09 21:15:57,MA2311,MA311,2310.0,0.0,0.0,0.0,1,2313.0,2315.0,1,2316.0,2316.0,2316.0,2304.0,51.0,117657.0,21615
2023-05-09 21:15:57,MA2311,MA311,2310.0,0.0,0.0,0.0,1,2313.0,2316.0,100,2316.0,2316.0,2316.0,2304.0,51.0,117657.0,21615
2023-05-09 21:15:59,MA2311,MA311,2310.0,0.0,0.0,0.0,11,2312.0,2315.0,96,2316.0,2316.0,2316.0,2304.0,51.0,117657.0,21615
2023-05-09 21:16:00,MA2311,MA311,2310.0,0.0,0.0,0.0,9,2312.0,2315.0,96,2316.0,2316.0,2316.0,2304.0,51.0,117657.0,21615
2023-05-09 21:16:02,MA2311,MA311,2310.0,0.0,0.0,0.0,9,2311.0,2314.0,96,2316.0,2316.0,2316.0,2304.0,51.0,117657.0,21615
2023-05-09 21:16:03,MA2311,MA311,2310.0,0.0,0.0,0.0,4,2311.0,2314.0,96,2316.0,2316.0,2316.0,2304.0,51.0,117657.0,21615
2023-05-09 21:16:06,MA2311,MA311,2310.0,0.0,0.0,0.0,5,2311.0,2314.0,96,2316.0,2316.0,2316.0,2304.0,51.0,117657.0,21615
2023-05-09 21:16:09,MA2311,MA311,2310.0,0.0,0.0,0.0,6,2311.0,2314.0,96,2316.0,2316.0,2316.0,2304.0,51.0,117657.0,21615
2023-05-09 21:16:12,MA2311,MA311,2310.0,0.0,0.0,0.0,1,2311.0,2314.0,96,2316.0,2316.0,2316.0,2304.0,51.0,117657.0,21615
2023-05-09 21:16:12,MA2311,MA311,2310.0,0.0,0.0,0.0,9,2310.0,2313.0,95,2316.0,2316.0,2316.0,2304.0,51.0,117657.0,21615
2023-05-09 21:16:13,MA2311,MA311,2313.0,1.0,2307.0,1.0,1,2311.0,2314.0,97,2316.0,2316.0,2316.0,2304.0,52.0,119964.0,21616
2023-05-09 21:16:14,MA2311,MA311,2313.0,0.0,0.0,0.0,1,2311.0,2314.0,95,2316.0,2316.0,2316.0,2304.0,52.0,119964.0,21616
2023-05-09 21:16:16,MA2311,MA311,2313.0,0.0,0.0,0.0,1,2312.0,2314.0,1,2316.0,2316.0,2316.0,2304.0,52.0,119964.0,21616
2023-05-09 21:16:17,MA2311,MA311,2314.0,1.0,2307.0,1.0,1,2312.0,2315.0,97,2316.0,2316.0,2316.0,2304.0,53.0,122271.0,21617
2023-05-09 21:16:18,MA2311,MA311,2314.0,0.0,0.0,0.0,1,2312.0,2314.0,1,2316.0,2316.0,2316.0,2304.0,53.0,122271.0,21617
2023-05-09 21:16:18,MA2311,MA311,2314.0,0.0,0.0,0.0,1,2312.0,2315.0,97,2316.0,2316.0,2316.0,2304.0,53.0,122271.0,21617
2023-05-09 21:16:20,MA2311,MA311,2314.0,0.0,0.0,0.0,9,2311.0,2314.0,11,2316.0,2316.0,2316.0,2304.0,53.0,122271.0,21617
2023-05-09 21:16:20,MA2311,MA311,2314.0,0.0,0.0,0.0,8,2311.0,2314.0,62,2316.0,2316.0,2316.0,2304.0,53.0,122271.0,21617
2023-05-09 21:16:21,MA2311,MA311,2314.0,0.0,0.0,0.0,8,2311.0,2314.0,95,2316.0,2316.0,2316.0,2304.0,53.0,122271.0,21617
2023-05-09 21:16:21,MA2311,MA311,2314.0,0.0,0.0,0.0,4,2311.0,2314.0,95,2316.0,2316.0,2316.0,2304.0,53.0,122271.0,21617
2023-05-09 21:16:22,MA2311,MA311,2314.0,0.0,0.0,0.0,1,2311.0,2314.0,95,2316.0,2316.0,2316.0,2304.0,53.0,122271.0,21617
2023-05-09 21:16:28,MA2311,MA311,2314.0,1.0,2361.0,1.0,1,2311.0,2314.0,94,2316.0,2316.0,2316.0,2304.0,54.0,124632.0,21618
2023-05-09 21:16:42,MA2311,MA311,2314.0,0.0,0.0,0.0,3,2311.0,2314.0,94,2316.0,2316.0,2316.0,2304.0,54.0,124632.0,21618
2023-05-09 21:16:42,MA2311,MA311,2314.0,0.0,0.0,0.0,6,2311.0,2314.0,94,2316.0,2316.0,2316.0,2304.0,54.0,124632.0,21618
2023-05-09 21:16:43,MA2311,MA311,2314.0,0.0,0.0,0.0,4,2311.0,2314.0,94,2316.0,2316.0,2316.0,2304.0,54.0,124632.0,21618
2023-05-09 21:16:47,MA2311,MA311,2314.0,0.0,0.0,0.0,6,2311.0,2314.0,93,2316.0,2316.0,2316.0,2304.0,54.0,124632.0,21618
2023-05-09 21:16:49,MA2311,MA311,2314.0,0.0,0.0,0.0,4,2311.0,2314.0,93,2316.0,2316.0,2316.0,2304.0,54.0,124632.0,21618
2023-05-09 21:16:50,MA2311,MA311,2314.0,0.0,0.0,0.0,4,2311.0,2314.0,94,2316.0,2316.0,2316.0,2304.0,54.0,124632.0,21618
2023-05-09 21:16:50,MA2311,MA311,2314.0,0.0,0.0,0.0,6,2311.0,2314.0,93,2316.0,2316.0,2316.0,2304.0,54.0,124632.0,21618
2023-05-09 21:16:54,MA2311,MA311,2314.0,0.0,0.0,0.0,4,2311.0,2314.0,93,2316.0,2316.0,2316.0,2304.0,54.0,124632.0,21618
2023-05-09 21:16:57,MA2311,MA311,2314.0,0.0,0.0,0.0,4,2311.0,2314.0,94,2316.0,2316.0,2316.0,2304.0,54.0,124632.0,21618
2023-05-09 21:17:00,MA2311,MA311,2314.0,0.0,0.0,0.0,6,2311.0,2314.0,94,2316.0,2316.0,2316.0,2304.0,54.0,124632.0,21618
2023-05-09 21:17:00,MA2311,MA311,2314.0,0.0,0.0,0.0,6,2311.0,2314.0,93,2316.0,2316.0,2316.0,2304.0,54.0,124632.0,21618
2023-05-09 21:17:01,MA2311,MA311,2314.0,0.0,0.0,0.0,6,2311.0,2314.0,94,2316.0,2316.0,2316.0,2304.0,54.0,124632.0,21618
2023-05-09 21:17:02,MA2311,MA311,2314.0,0.0,0.0,0.0,12,2310.0,2313.0,93,2316.0,2316.0,2316.0,2304.0,54.0,124632.0,21618
2023-05-09 21:17:09,MA2311,MA311,2314.0,0.0,0.0,0.0,11,2310.0,2313.0,93,2316.0,2316.0,2316.0,2304.0,54.0,124632.0,21618
2023-05-09 21:17:10,MA2311,MA311,2314.0,0.0,0.0,0.0,3,2311.0,2314.0,96,2316.0,2316.0,2316.0,2304.0,54.0,124632.0,21618
2023-05-09 21:17:11,MA2311,MA311,2314.0,0.0,0.0,0.0,3,2311.0,2314.0,94,2316.0,2316.0,2316.0,2304.0,54.0,124632.0,21618
2023-05-09 21:17:12,MA2311,MA311,2314.0,0.0,0.0,0.0,1,2311.0,2314.0,94,2316.0,2316.0,2316.0,2304.0,54.0,124632.0,21618
2023-05-09 21:17:14,MA2311,MA311,2314.0,0.0,0.0,0.0,1,2311.0,2313.0,1,2316.0,2316.0,2316.0,2304.0,54.0,124632.0,21618
2023-05-09 21:17:14,MA2311,MA311,2314.0,0.0,0.0,0.0,2,2311.0,2314.0,94,2316.0,2316.0,2316.0,2304.0,54.0,124632.0,21618
2023-05-09 21:17:15,MA2311,MA311,2314.0,0.0,0.0,0.0,1,2311.0,2314.0,94,2316.0,2316.0,2316.0,2304.0,54.0,124632.0,21618
2023-05-09 21:17:15,MA2311,MA311,2314.0,0.0,0.0,0.0,2,2311.0,2314.0,94,2316.0,2316.0,2316.0,2304.0,54.0,124632.0,21618
2023-05-09 21:17:16,MA2311,MA311,2314.0,0.0,0.0,0.0,4,2311.0,2314.0,94,2316.0,2316.0,2316.0,2304.0,54.0,124632.0,21618
2023-05-09 21:17:26,MA2311,MA311,2314.0,0.0,0.0,0.0,6,2311.0,2314.0,94,2316.0,2316.0,2316.0,2304.0,54.0,124632.0,21618
2023-05-09 21:17:29,MA2311,MA311,2314.0,0.0,0.0,0.0,7,2312.0,2314.0,93,2316.0,2316.0,2316.0,2304.0,54.0,124632.0,21618
2023-05-09 21:17:29,MA2311,MA311,2314.0,0.0,0.0,0.0,6,2312.0,2314.0,93,2316.0,2316.0,2316.0,2304.0,54.0,124632.0,21618
2023-05-09 21:17:30,MA2311,MA311,2314.0,0.0,0.0,0.0,8,2312.0,2314.0,93,2316.0,2316.0,2316.0,2304.0,54.0,124632.0,21618
2023-05-09 21:17:31,MA2311,MA311,2314.0,0.0,0.0,0.0,6,2311.0,2314.0,93,2316.0,2316.0,2316.0,2304.0,54.0,124632.0,21618
2023-05-09 21:17:31,MA2311,MA311,2314.0,0.0,0.0,0.0,3,2311.0,2313.0,93,2316.0,2316.0,2316.0,2304.0,54.0,124632.0,21618
2023-05-09 21:17:32,MA2311,MA311,2314.0,0.0,0.0,0.0,12,2310.0,2313.0,93,2316.0,2316.0,2316.0,2304.0,54.0,124632.0,21618
2023-05-09 21:17:34,MA2311,MA311,2314.0,0.0,0.0,0.0,4,2311.0,2314.0,96,2316.0,2316.0,2316.0,2304.0,54.0,124632.0,21618
2023-05-09 21:17:34,MA2311,MA311,2314.0,0.0,0.0,0.0,5,2311.0,2314.0,96,2316.0,2316.0,2316.0,2304.0,54.0,124632.0,21618
2023-05-09 21:17:35,MA2311,MA311,2314.0,0.0,0.0,0.0,5,2311.0,2314.0,95,2316.0,2316.0,2316.0,2304.0,54.0,124632.0,21618
2023-05-09 21:17:37,MA2311,MA311,2314.0,0.0,0.0,0.0,5,2311.0,2314.0,94,2316.0,2316.0,2316.0,2304.0,54.0,124632.0,21618
2023-05-09 21:17:41,MA2311,MA311,2314.0,0.0,0.0,0.0,4,2311.0,2314.0,94,2316.0,2316.0,2316.0,2304.0,54.0,124632.0,21618
2023-05-09 21:17:46,MA2311,MA311,2314.0,0.0,0.0,0.0,3,2311.0,2314.0,94,2316.0,2316.0,2316.0,2304.0,54.0,124632.0,21618
2023-05-09 21:17:53,MA2311,MA311,2314.0,0.0,0.0,0.0,4,2311.0,2314.0,94,2316.0,2316.0,2316.0,2304.0,54.0,124632.0,21618
2023-05-09 21:17:53,MA2311,MA311,2314.0,0.0,0.0,0.0,5,2311.0,2314.0,94,2316.0,2316.0,2316.0,2304.0,54.0,124632.0,21618
2023-05-09 21:17:59,MA2311,MA311,2314.0,0.0,0.0,0.0,1,2311.0,2314.0,94,2316.0,2316.0,2316.0,2304.0,54.0,124632.0,21618
2023-05-09 21:18:00,MA2311,MA311,2314.0,0.0,0.0,0.0,11,2310.0,2313.0,94,2316.0,2316.0,2316.0,2304.0,54.0,124632.0,21618
2023-05-09 21:18:02,MA2311,MA311,2314.0,0.0,0.0,0.0,1,2311.0,2313.0,1,2316.0,2316.0,2316.0,2304.0,54.0,124632.0,21618
2023-05-09 21:18:03,MA2311,MA311,2314.0,0.0,0.0,0.0,1,2311.0,2314.0,96,2316.0,2316.0,2316.0,2304.0,54.0,124632.0,21618
2023-05-09 21:18:04,MA2311,MA311,2314.0,0.0,0.0,0.0,11,2310.0,2313.0,71,2316.0,2316.0,2316.0,2304.0,54.0,124632.0,21618
2023-05-09 21:18:04,MA2311,MA311,2314.0,0.0,0.0,0.0,1,2311.0,2313.0,1,2316.0,2316.0,2316.0,2304.0,54.0,124632.0,21618
2023-05-09 21:18:04,MA2311,MA311,2314.0,0.0,0.0,0.0,1,2311.0,2314.0,96,2316.0,2316.0,2316.0,2304.0,54.0,124632.0,21618
2023-05-09 21:18:07,MA2311,MA311,2314.0,0.0,0.0,0.0,9,2310.0,2313.0,94,2316.0,2316.0,2316.0,2304.0,54.0,124632.0,21618
2023-05-09 21:18:08,MA2311,MA311,2314.0,0.0,0.0,0.0,9,2310.0,2313.0,91,2316.0,2316.0,2316.0,2304.0,54.0,124632.0,21618
2023-05-09 21:18:09,MA2311,MA311,2314.0,0.0,0.0,0.0,9,2310.0,2313.0,94,2316.0,2316.0,2316.0,2304.0,54.0,124632.0,21618
2023-05-09 21:18:09,MA2311,MA311,2314.0,0.0,0.0,0.0,9,2310.0,2313.0,81,2316.0,2316.0,2316.0,2304.0,54.0,124632.0,21618
2023-05-09 21:18:10,MA2311,MA311,2314.0,0.0,0.0,0.0,9,2310.0,2313.0,71,2316.0,2316.0,2316.0,2304.0,54.0,124632.0,21618
2023-05-09 21:18:10,MA2311,MA311,2314.0,0.0,0.0,0.0,9,2310.0,2313.0,94,2316.0,2316.0,2316.0,2304.0,54.0,124632.0,21618
2023-05-09 21:18:11,MA2311,MA311,2314.0,0.0,0.0,0.0,9,2310.0,2313.0,60,2316.0,2316.0,2316.0,2304.0,54.0,124632.0,21618
2023-05-09 21:18:12,MA2311,MA311,2314.0,0.0,0.0,0.0,9,2310.0,2313.0,61,2316.0,2316.0,2316.0,2304.0,54.0,124632.0,21618
2023-05-09 21:18:12,MA2311,MA311,2310.0,1.0,2308.0,1.0,8,2310.0,2313.0,94,2316.0,2316.0,2316.0,2304.0,55.0,126940.0,21619
2023-05-09 21:18:13,MA2311,MA311,2310.0,0.0,0.0,0.0,9,2310.0,2313.0,94,2316.0,2316.0,2316.0,2304.0,55.0,126940.0,21619
2023-05-09 21:18:18,MA2311,MA311,2310.0,0.0,0.0,0.0,1,2311.0,2313.0,1,2316.0,2316.0,2316.0,2304.0,55.0,126940.0,21619
2023-05-09 21:18:18,MA2311,MA311,2310.0,1.0,2308.0,0.0,1,2311.0,2314.0,96,2316.0,2316.0,2316.0,2304.0,56.0,129248.0,21619
2023-05-09 21:18:24,MA2311,MA311,2310.0,0.0,0.0,0.0,11,2310.0,2313.0,94,2316.0,2316.0,2316.0,2304.0,56.0,129248.0,21619
2023-05-09 21:18:27,MA2311,MA311,2310.0,0.0,0.0,0.0,10,2310.0,2313.0,94,2316.0,2316.0,2316.0,2304.0,56.0,129248.0,21619
2023-05-09 21:18:34,MA2311,MA311,2310.0,0.0,0.0,0.0,8,2310.0,2313.0,94,2316.0,2316.0,2316.0,2304.0,56.0,129248.0,21619
2023-05-09 21:18:34,MA2311,MA311,2310.0,0.0,0.0,0.0,7,2310.0,2313.0,94,2316.0,2316.0,2316.0,2304.0,56.0,129248.0,21619
2023-05-09 21:18:35,MA2311,MA311,2310.0,0.0,0.0,0.0,7,2310.0,2313.0,95,2316.0,2316.0,2316.0,2304.0,56.0,129248.0,21619
2023-05-09 21:18:36,MA2311,MA311,2310.0,0.0,0.0,0.0,7,2310.0,2313.0,94,2316.0,2316.0,2316.0,2304.0,56.0,129248.0,21619
2023-05-09 21:18:37,MA2311,MA311,2310.0,0.0,0.0,0.0,9,2310.0,2313.0,94,2316.0,2316.0,2316.0,2304.0,56.0,129248.0,21619
2023-05-09 21:18:38,MA2311,MA311,2310.0,0.0,0.0,0.0,9,2310.0,2313.0,93,2316.0,2316.0,2316.0,2304.0,56.0,129248.0,21619
2023-05-09 21:18:39,MA2311,MA311,2310.0,0.0,0.0,0.0,9,2310.0,2313.0,94,2316.0,2316.0,2316.0,2304.0,56.0,129248.0,21619
2023-05-09 21:18:39,MA2311,MA311,2310.0,0.0,0.0,0.0,9,2310.0,2313.0,93,2316.0,2316.0,2316.0,2304.0,56.0,129248.0,21619
2023-05-09 21:18:40,MA2311,MA311,2310.0,0.0,0.0,0.0,9,2310.0,2313.0,94,2316.0,2316.0,2316.0,2304.0,56.0,129248.0,21619
2023-05-09 21:18:40,MA2311,MA311,2310.0,0.0,0.0,0.0,9,2310.0,2313.0,93,2316.0,2316.0,2316.0,2304.0,56.0,129248.0,21619
2023-05-09 21:18:42,MA2311,MA311,2310.0,0.0,0.0,0.0,9,2310.0,2313.0,95,2316.0,2316.0,2316.0,2304.0,56.0,129248.0,21619
2023-05-09 21:18:43,MA2311,MA311,2310.0,0.0,0.0,0.0,7,2310.0,2313.0,94,2316.0,2316.0,2316.0,2304.0,56.0,129248.0,21619
2023-05-09 21:18:45,MA2311,MA311,2310.0,0.0,0.0,0.0,7,2310.0,2313.0,95,2316.0,2316.0,2316.0,2304.0,56.0,129248.0,21619
2023-05-09 21:18:45,MA2311,MA311,2310.0,0.0,0.0,0.0,7,2310.0,2313.0,96,2316.0,2316.0,2316.0,2304.0,56.0,129248.0,21619
2023-05-09 21:18:46,MA2311,MA311,2310.0,0.0,0.0,0.0,7,2310.0,2313.0,94,2316.0,2316.0,2316.0,2304.0,56.0,129248.0,21619
2023-05-09 21:18:47,MA2311,MA311,2310.0,0.0,0.0,0.0,9,2310.0,2313.0,94,2316.0,2316.0,2316.0,2304.0,56.0,129248.0,21619
2023-05-09 21:18:48,MA2311,MA311,2310.0,0.0,0.0,0.0,9,2310.0,2313.0,95,2316.0,2316.0,2316.0,2304.0,56.0,129248.0,21619
2023-05-09 21:18:51,MA2311,MA311,2310.0,0.0,0.0,0.0,9,2310.0,2313.0,94,2316.0,2316.0,2316.0,2304.0,56.0,129248.0,21619
2023-05-09 21:18:52,MA2311,MA311,2310.0,0.0,0.0,0.0,9,2310.0,2313.0,95,2316.0,2316.0,2316.0,2304.0,56.0,129248.0,21619
2023-05-09 21:18:52,MA2311,MA311,2310.0,0.0,0.0,0.0,9,2310.0,2313.0,94,2316.0,2316.0,2316.0,2304.0,56.0,129248.0,21619
2023-05-09 21:18:57,MA2311,MA311,2310.0,0.0,0.0,0.0,7,2310.0,2313.0,94,2316.0,2316.0,2316.0,2304.0,56.0,129248.0,21619
2023-05-09 21:19:00,MA2311,MA311,2310.0,0.0,0.0,0.0,7,2310.0,2313.0,95,2316.0,2316.0,2316.0,2304.0,56.0,129248.0,21619
2023-05-09 21:19:00,MA2311,MA311,2310.0,0.0,0.0,0.0,4,2310.0,2312.0,26,2316.0,2316.0,2316.0,2304.0,56.0,129248.0,21619
2023-05-09 21:19:01,MA2311,MA311,2310.0,0.0,0.0,0.0,4,2310.0,2312.0,78,2316.0,2316.0,2316.0,2304.0,56.0,129248.0,21619
2023-05-09 21:19:01,MA2311,MA311,2310.0,0.0,0.0,0.0,4,2310.0,2312.0,33,2316.0,2316.0,2316.0,2304.0,56.0,129248.0,21619
2023-05-09 21:19:02,MA2311,MA311,2310.0,0.0,0.0,0.0,4,2310.0,2312.0,29,2316.0,2316.0,2316.0,2304.0,56.0,129248.0,21619
2023-05-09 21:19:02,MA2311,MA311,2310.0,0.0,0.0,0.0,5,2310.0,2313.0,96,2316.0,2316.0,2316.0,2304.0,56.0,129248.0,21619
2023-05-09 21:19:04,MA2311,MA311,2310.0,0.0,0.0,0.0,7,2310.0,2313.0,96,2316.0,2316.0,2316.0,2304.0,56.0,129248.0,21619
2023-05-09 21:19:07,MA2311,MA311,2310.0,0.0,0.0,0.0,5,2310.0,2312.0,93,2316.0,2316.0,2316.0,2304.0,56.0,129248.0,21619
2023-05-09 21:19:08,MA2311,MA311,2310.0,0.0,0.0,0.0,4,2310.0,2312.0,93,2316.0,2316.0,2316.0,2304.0,56.0,129248.0,21619
2023-05-09 21:19:10,MA2311,MA311,2310.0,0.0,0.0,0.0,3,2310.0,2312.0,93,2316.0,2316.0,2316.0,2304.0,56.0,129248.0,21619
2023-05-09 21:19:12,MA2311,MA311,2310.0,0.0,0.0,0.0,3,2310.0,2312.0,36,2316.0,2316.0,2316.0,2304.0,56.0,129248.0,21619
2023-05-09 21:19:13,MA2311,MA311,2310.0,0.0,0.0,0.0,3,2310.0,2312.0,37,2316.0,2316.0,2316.0,2304.0,56.0,129248.0,21619
2023-05-09 21:19:13,MA2311,MA311,2310.0,0.0,0.0,0.0,3,2310.0,2312.0,93,2316.0,2316.0,2316.0,2304.0,56.0,129248.0,21619
2023-05-09 21:19:15,MA2311,MA311,2310.0,0.0,0.0,0.0,1,2310.0,2312.0,93,2316.0,2316.0,2316.0,2304.0,56.0,129248.0,21619
2023-05-09 21:19:16,MA2311,MA311,2310.0,0.0,0.0,0.0,9,2309.0,2312.0,93,2316.0,2316.0,2316.0,2304.0,56.0,129248.0,21619
2023-05-09 21:19:16,MA2311,MA311,2310.0,0.0,0.0,0.0,4,2310.0,2313.0,96,2316.0,2316.0,2316.0,2304.0,56.0,129248.0,21619
2023-05-09 21:19:17,MA2311,MA311,2310.0,0.0,0.0,0.0,4,2310.0,2313.0,95,2316.0,2316.0,2316.0,2304.0,56.0,129248.0,21619
2023-05-09 21:19:18,MA2311,MA311,2310.0,0.0,0.0,0.0,4,2310.0,2313.0,94,2316.0,2316.0,2316.0,2304.0,56.0,129248.0,21619
2023-05-09 21:19:20,MA2311,MA311,2310.0,0.0,0.0,0.0,4,2310.0,2313.0,96,2316.0,2316.0,2316.0,2304.0,56.0,129248.0,21619
2023-05-09 21:19:21,MA2311,MA311,2310.0,0.0,0.0,0.0,3,2310.0,2312.0,87,2316.0,2316.0,2316.0,2304.0,56.0,129248.0,21619
2023-05-09 21:19:21,MA2311,MA311,2310.0,0.0,0.0,0.0,9,2309.0,2312.0,93,2316.0,2316.0,2316.0,2304.0,56.0,129248.0,21619
2023-05-09 21:19:30,MA2311,MA311,2310.0,0.0,0.0,0.0,8,2309.0,2312.0,93,2316.0,2316.0,2316.0,2304.0,56.0,129248.0,21619
2023-05-09 21:19:32,MA2311,MA311,2310.0,0.0,0.0,0.0,8,2309.0,2312.0,94,2316.0,2316.0,2316.0,2304.0,56.0,129248.0,21619
2023-05-09 21:19:34,MA2311,MA311,2310.0,0.0,0.0,0.0,8,2309.0,2312.0,93,2316.0,2316.0,2316.0,2304.0,56.0,129248.0,21619
2023-05-09 21:19:37,MA2311,MA311,2310.0,0.0,0.0,0.0,7,2309.0,2312.0,93,2316.0,2316.0,2316.0,2304.0,56.0,129248.0,21619
2023-05-09 21:19:38,MA2311,MA311,2310.0,0.0,0.0,0.0,7,2309.0,2312.0,94,2316.0,2316.0,2316.0,2304.0,56.0,129248.0,21619
2023-05-09 21:19:40,MA2311,MA311,2310.0,0.0,0.0,0.0,8,2309.0,2312.0,95,2316.0,2316.0,2316.0,2304.0,56.0,129248.0,21619
2023-05-09 21:19:40,MA2311,MA311,2310.0,0.0,0.0,0.0,8,2309.0,2312.0,94,2316.0,2316.0,2316.0,2304.0,56.0,129248.0,21619
2023-05-09 21:19:41,MA2311,MA311,2310.0,0.0,0.0,0.0,9,2309.0,2312.0,93,2316.0,2316.0,2316.0,2304.0,56.0,129248.0,21619
2023-05-09 21:19:47,MA2311,MA311,2310.0,0.0,0.0,0.0,9,2309.0,2312.0,94,2316.0,2316.0,2316.0,2304.0,56.0,129248.0,21619
2023-05-09 21:19:48,MA2311,MA311,2310.0,0.0,0.0,0.0,8,2309.0,2312.0,94,2316.0,2316.0,2316.0,2304.0,56.0,129248.0,21619
2023-05-09 21:19:49,MA2311,MA311,2310.0,0.0,0.0,0.0,8,2309.0,2312.0,96,2316.0,2316.0,2316.0,2304.0,56.0,129248.0,21619
2023-05-09 21:19:50,MA2311,MA311,2310.0,0.0,0.0,0.0,4,2309.0,2311.0,93,2316.0,2316.0,2316.0,2304.0,56.0,129248.0,21619
2023-05-09 21:19:50,MA2311,MA311,2310.0,0.0,0.0,0.0,15,2308.0,2311.0,96,2316.0,2316.0,2316.0,2304.0,56.0,129248.0,21619
2023-05-09 21:19:51,MA2311,MA311,2310.0,0.0,0.0,0.0,15,2308.0,2311.0,94,2316.0,2316.0,2316.0,2304.0,56.0,129248.0,21619
2023-05-09 21:19:56,MA2311,MA311,2310.0,0.0,0.0,0.0,14,2308.0,2310.0,5,2316.0,2316.0,2316.0,2304.0,56.0,129248.0,21619
2023-05-09 21:19:57,MA2311,MA311,2310.0,0.0,0.0,0.0,14,2308.0,2310.0,67,2316.0,2316.0,2316.0,2304.0,56.0,129248.0,21619
2023-05-09 21:19:57,MA2311,MA311,2310.0,0.0,0.0,0.0,11,2308.0,2311.0,96,2316.0,2316.0,2316.0,2304.0,56.0,129248.0,21619
2023-05-09 21:19:57,MA2311,MA311,2310.0,0.0,0.0,0.0,10,2308.0,2310.0,93,2316.0,2316.0,2316.0,2304.0,56.0,129248.0,21619
2023-05-09 21:19:58,MA2311,MA311,2310.0,0.0,0.0,0.0,11,2308.0,2310.0,93,2316.0,2316.0,2316.0,2304.0,56.0,129248.0,21619
2023-05-09 21:19:59,MA2311,MA311,2310.0,0.0,0.0,0.0,13,2308.0,2310.0,93,2316.0,2316.0,2316.0,2304.0,56.0,129248.0,21619
2023-05-09 21:20:00,MA2311,MA311,2310.0,0.0,0.0,0.0,1,2308.0,2310.0,93,2316.0,2316.0,2316.0,2304.0,56.0,129248.0,21619
2023-05-09 21:20:00,MA2311,MA311,2310.0,0.0,0.0,0.0,1,2308.0,2310.0,94,2316.0,2316.0,2316.0,2304.0,56.0,129248.0,21619
2023-05-09 21:20:08,MA2311,MA311,2310.0,0.0,0.0,0.0,1,2308.0,2310.0,19,2316.0,2316.0,2316.0,2304.0,56.0,129248.0,21619
2023-05-09 21:20:08,MA2311,MA311,2310.0,0.0,0.0,0.0,3,2308.0,2311.0,96,2316.0,2316.0,2316.0,2304.0,56.0,129248.0,21619
2023-05-09 21:20:08,MA2311,MA311,2310.0,0.0,0.0,0.0,7,2308.0,2311.0,95,2316.0,2316.0,2316.0,2304.0,56.0,129248.0,21619
2023-05-09 21:20:12,MA2311,MA311,2310.0,0.0,0.0,0.0,7,2308.0,2311.0,94,2316.0,2316.0,2316.0,2304.0,56.0,129248.0,21619
2023-05-09 21:20:20,MA2311,MA311,2310.0,0.0,0.0,0.0,7,2308.0,2310.0,1,2316.0,2316.0,2316.0,2304.0,56.0,129248.0,21619
2023-05-09 21:20:21,MA2311,MA311,2310.0,0.0,0.0,0.0,3,2308.0,2310.0,1,2316.0,2316.0,2316.0,2304.0,56.0,129248.0,21619
2023-05-09 21:20:21,MA2311,MA311,2310.0,0.0,0.0,0.0,6,2308.0,2310.0,1,2316.0,2316.0,2316.0,2304.0,56.0,129248.0,21619
2023-05-09 21:20:22,MA2311,MA311,2310.0,0.0,0.0,0.0,4,2308.0,2310.0,1,2316.0,2316.0,2316.0,2304.0,56.0,129248.0,21619
2023-05-09 21:20:22,MA2311,MA311,2310.0,0.0,0.0,0.0,5,2308.0,2310.0,1,2316.0,2316.0,2316.0,2304.0,56.0,129248.0,21619
2023-05-09 21:20:23,MA2311,MA311,2310.0,0.0,0.0,0.0,2,2308.0,2310.0,1,2316.0,2316.0,2316.0,2304.0,56.0,129248.0,21619
2023-05-09 21:20:26,MA2311,MA311,2310.0,0.0,0.0,0.0,3,2308.0,2310.0,1,2316.0,2316.0,2316.0,2304.0,56.0,129248.0,21619
2023-05-09 21:20:29,MA2311,MA311,2310.0,0.0,0.0,0.0,4,2308.0,2310.0,1,2316.0,2316.0,2316.0,2304.0,56.0,129248.0,21619
2023-05-09 21:20:32,MA2311,MA311,2310.0,0.0,0.0,0.0,2,2308.0,2310.0,1,2316.0,2316.0,2316.0,2304.0,56.0,129248.0,21619
2023-05-09 21:20:33,MA2311,MA311,2310.0,0.0,0.0,0.0,1,2308.0,2310.0,94,2316.0,2316.0,2316.0,2304.0,56.0,129248.0,21619
2023-05-09 21:20:33,MA2311,MA311,2310.0,0.0,0.0,0.0,1,2308.0,2310.0,95,2316.0,2316.0,2316.0,2304.0,56.0,129248.0,21619
2023-05-09 21:20:51,MA2311,MA311,2310.0,0.0,0.0,0.0,2,2308.0,2310.0,1,2316.0,2316.0,2316.0,2304.0,56.0,129248.0,21619
2023-05-09 21:20:53,MA2311,MA311,2310.0,0.0,0.0,0.0,1,2308.0,2310.0,94,2316.0,2316.0,2316.0,2304.0,56.0,129248.0,21619
2023-05-09 21:20:54,MA2311,MA311,2310.0,0.0,0.0,0.0,1,2308.0,2310.0,95,2316.0,2316.0,2316.0,2304.0,56.0,129248.0,21619
2023-05-09 21:21:05,MA2311,MA311,2308.0,1.0,2308.0,1.0,6,2307.0,2309.0,19,2316.0,2316.0,2316.0,2304.0,57.0,131556.0,21620
2023-05-09 21:21:05,MA2311,MA311,2308.0,0.0,0.0,0.0,8,2306.0,2309.0,94,2316.0,2316.0,2316.0,2304.0,57.0,131556.0,21620
2023-05-09 21:21:06,MA2311,MA311,2308.0,0.0,0.0,0.0,10,2306.0,2309.0,94,2316.0,2316.0,2316.0,2304.0,57.0,131556.0,21620
2023-05-09 21:21:07,MA2311,MA311,2308.0,0.0,0.0,0.0,9,2306.0,2309.0,94,2316.0,2316.0,2316.0,2304.0,57.0,131556.0,21620
2023-05-09 21:21:08,MA2311,MA311,2308.0,0.0,0.0,0.0,8,2306.0,2309.0,94,2316.0,2316.0,2316.0,2304.0,57.0,131556.0,21620
2023-05-09 21:21:10,MA2311,MA311,2308.0,0.0,0.0,0.0,8,2306.0,2309.0,93,2316.0,2316.0,2316.0,2304.0,57.0,131556.0,21620
2023-05-09 21:21:11,MA2311,MA311,2308.0,0.0,0.0,0.0,9,2306.0,2309.0,93,2316.0,2316.0,2316.0,2304.0,57.0,131556.0,21620
2023-05-09 21:21:20,MA2311,MA311,2308.0,0.0,0.0,0.0,9,2306.0,2309.0,9,2316.0,2316.0,2316.0,2304.0,57.0,131556.0,21620
2023-05-09 21:21:20,MA2311,MA311,2308.0,0.0,0.0,0.0,9,2306.0,2310.0,98,2316.0,2316.0,2316.0,2304.0,57.0,131556.0,21620
2023-05-09 21:21:20,MA2311,MA311,2308.0,0.0,0.0,0.0,1,2307.0,2310.0,98,2316.0,2316.0,2316.0,2304.0,57.0,131556.0,21620
2023-05-09 21:21:21,MA2311,MA311,2308.0,0.0,0.0,0.0,4,2307.0,2310.0,98,2316.0,2316.0,2316.0,2304.0,57.0,131556.0,21620
2023-05-09 21:21:21,MA2311,MA311,2308.0,0.0,0.0,0.0,4,2307.0,2310.0,97,2316.0,2316.0,2316.0,2304.0,57.0,131556.0,21620
2023-05-09 21:21:24,MA2311,MA311,2308.0,0.0,0.0,0.0,1,2307.0,2310.0,96,2316.0,2316.0,2316.0,2304.0,57.0,131556.0,21620
2023-05-09 21:21:37,MA2311,MA311,2308.0,0.0,0.0,0.0,4,2307.0,2310.0,96,2316.0,2316.0,2316.0,2304.0,57.0,131556.0,21620
2023-05-09 21:21:38,MA2311,MA311,2308.0,0.0,0.0,0.0,1,2307.0,2310.0,96,2316.0,2316.0,2316.0,2304.0,57.0,131556.0,21620
2023-05-09 21:21:41,MA2311,MA311,2308.0,0.0,0.0,0.0,3,2307.0,2310.0,96,2316.0,2316.0,2316.0,2304.0,57.0,131556.0,21620
2023-05-09 21:21:42,MA2311,MA311,2308.0,0.0,0.0,0.0,4,2307.0,2310.0,96,2316.0,2316.0,2316.0,2304.0,57.0,131556.0,21620
2023-05-09 21:21:44,MA2311,MA311,2308.0,0.0,0.0,0.0,2,2307.0,2310.0,96,2316.0,2316.0,2316.0,2304.0,57.0,131556.0,21620
2023-05-09 21:21:47,MA2311,MA311,2308.0,0.0,0.0,0.0,1,2307.0,2310.0,96,2316.0,2316.0,2316.0,2304.0,57.0,131556.0,21620
2023-05-09 21:21:50,MA2311,MA311,2308.0,0.0,0.0,0.0,1,2307.0,2310.0,97,2316.0,2316.0,2316.0,2304.0,57.0,131556.0,21620
2023-05-09 21:21:51,MA2311,MA311,2308.0,0.0,0.0,0.0,10,2306.0,2309.0,93,2316.0,2316.0,2316.0,2304.0,57.0,131556.0,21620
2023-05-09 21:21:52,MA2311,MA311,2308.0,0.0,0.0,0.0,4,2306.0,2309.0,93,2316.0,2316.0,2316.0,2304.0,57.0,131556.0,21620
2023-05-09 21:21:52,MA2311,MA311,2308.0,0.0,0.0,0.0,6,2306.0,2309.0,93,2316.0,2316.0,2316.0,2304.0,57.0,131556.0,21620
2023-05-09 21:21:53,MA2311,MA311,2308.0,0.0,0.0,0.0,7,2306.0,2309.0,93,2316.0,2316.0,2316.0,2304.0,57.0,131556.0,21620
2023-05-09 21:22:12,MA2311,MA311,2308.0,0.0,0.0,0.0,6,2305.0,2308.0,93,2316.0,2316.0,2316.0,2304.0,57.0,131556.0,21620
2023-05-09 21:22:13,MA2311,MA311,2308.0,0.0,0.0,0.0,9,2305.0,2308.0,94,2316.0,2316.0,2316.0,2304.0,57.0,131556.0,21620
2023-05-09 21:22:14,MA2311,MA311,2308.0,0.0,0.0,0.0,9,2305.0,2308.0,93,2316.0,2316.0,2316.0,2304.0,57.0,131556.0,21620
2023-05-09 21:22:17,MA2311,MA311,2308.0,0.0,0.0,0.0,11,2305.0,2308.0,93,2316.0,2316.0,2316.0,2304.0,57.0,131556.0,21620
2023-05-09 21:22:23,MA2311,MA311,2308.0,0.0,0.0,0.0,12,2305.0,2308.0,93,2316.0,2316.0,2316.0,2304.0,57.0,131556.0,21620
2023-05-09 21:22:23,MA2311,MA311,2308.0,0.0,0.0,0.0,9,2306.0,2309.0,96,2316.0,2316.0,2316.0,2304.0,57.0,131556.0,21620
2023-05-09 21:22:24,MA2311,MA311,2308.0,0.0,0.0,0.0,10,2306.0,2308.0,93,2316.0,2316.0,2316.0,2304.0,57.0,131556.0,21620
2023-05-09 21:22:24,MA2311,MA311,2308.0,0.0,0.0,0.0,12,2305.0,2308.0,93,2316.0,2316.0,2316.0,2304.0,57.0,131556.0,21620
2023-05-09 21:22:34,MA2311,MA311,2308.0,0.0,0.0,0.0,12,2305.0,2308.0,94,2316.0,2316.0,2316.0,2304.0,57.0,131556.0,21620
2023-05-09 21:22:36,MA2311,MA311,2308.0,0.0,0.0,0.0,11,2305.0,2308.0,94,2316.0,2316.0,2316.0,2304.0,57.0,131556.0,21620
2023-05-09 21:22:37,MA2311,MA311,2308.0,0.0,0.0,0.0,10,2305.0,2308.0,94,2316.0,2316.0,2316.0,2304.0,57.0,131556.0,21620
2023-05-09 21:22:38,MA2311,MA311,2308.0,0.0,0.0,0.0,8,2305.0,2308.0,94,2316.0,2316.0,2316.0,2304.0,57.0,131556.0,21620
2023-05-09 21:22:40,MA2311,MA311,2308.0,0.0,0.0,0.0,8,2305.0,2308.0,96,2316.0,2316.0,2316.0,2304.0,57.0,131556.0,21620
2023-05-09 21:22:41,MA2311,MA311,2308.0,0.0,0.0,0.0,7,2305.0,2308.0,96,2316.0,2316.0,2316.0,2304.0,57.0,131556.0,21620
2023-05-09 21:22:42,MA2311,MA311,2308.0,0.0,0.0,0.0,7,2305.0,2308.0,94,2316.0,2316.0,2316.0,2304.0,57.0,131556.0,21620
2023-05-09 21:22:43,MA2311,MA311,2308.0,0.0,0.0,0.0,9,2305.0,2308.0,94,2316.0,2316.0,2316.0,2304.0,57.0,131556.0,21620
2023-05-09 21:22:43,MA2311,MA311,2308.0,0.0,0.0,0.0,9,2305.0,2308.0,93,2316.0,2316.0,2316.0,2304.0,57.0,131556.0,21620
2023-05-09 21:22:48,MA2311,MA311,2308.0,0.0,0.0,0.0,6,2306.0,2308.0,93,2316.0,2316.0,2316.0,2304.0,57.0,131556.0,21620
2023-05-09 21:22:50,MA2311,MA311,2308.0,0.0,0.0,0.0,8,2306.0,2308.0,93,2316.0,2316.0,2316.0,2304.0,57.0,131556.0,21620
2023-05-09 21:22:51,MA2311,MA311,2308.0,0.0,0.0,0.0,9,2305.0,2308.0,93,2316.0,2316.0,2316.0,2304.0,57.0,131556.0,21620
2023-05-09 21:22:52,MA2311,MA311,2308.0,0.0,0.0,0.0,2,2306.0,2308.0,93,2316.0,2316.0,2316.0,2304.0,57.0,131556.0,21620
2023-05-09 21:22:52,MA2311,MA311,2308.0,0.0,0.0,0.0,9,2305.0,2308.0,93,2316.0,2316.0,2316.0,2304.0,57.0,131556.0,21620
2023-05-09 21:23:01,MA2311,MA311,2308.0,0.0,0.0,0.0,10,2305.0,2308.0,93,2316.0,2316.0,2316.0,2304.0,57.0,131556.0,21620
2023-05-09 21:23:07,MA2311,MA311,2308.0,0.0,0.0,0.0,9,2305.0,2307.0,93,2316.0,2316.0,2316.0,2304.0,57.0,131556.0,21620
2023-05-09 21:23:07,MA2311,MA311,2308.0,0.0,0.0,0.0,7,2305.0,2307.0,93,2316.0,2316.0,2316.0,2304.0,57.0,131556.0,21620
2023-05-09 21:23:11,MA2311,MA311,2308.0,0.0,0.0,0.0,13,2304.0,2307.0,93,2316.0,2316.0,2316.0,2304.0,57.0,131556.0,21620
2023-05-09 21:23:12,MA2311,MA311,2308.0,0.0,0.0,0.0,5,2305.0,2307.0,93,2316.0,2316.0,2316.0,2304.0,57.0,131556.0,21620
2023-05-09 21:23:12,MA2311,MA311,2308.0,0.0,0.0,0.0,13,2304.0,2307.0,93,2316.0,2316.0,2316.0,2304.0,57.0,131556.0,21620
2023-05-09 21:23:26,MA2311,MA311,2308.0,0.0,0.0,0.0,1,2305.0,2307.0,93,2316.0,2316.0,2316.0,2304.0,57.0,131556.0,21620
2023-05-09 21:23:27,MA2311,MA311,2308.0,0.0,0.0,0.0,13,2304.0,2307.0,93,2316.0,2316.0,2316.0,2304.0,57.0,131556.0,21620
2023-05-09 21:23:32,MA2311,MA311,2308.0,0.0,0.0,0.0,2,2305.0,2307.0,93,2316.0,2316.0,2316.0,2304.0,57.0,131556.0,21620
2023-05-09 21:23:32,MA2311,MA311,2308.0,0.0,0.0,0.0,5,2305.0,2308.0,96,2316.0,2316.0,2316.0,2304.0,57.0,131556.0,21620
2023-05-09 21:23:33,MA2311,MA311,2308.0,0.0,0.0,0.0,5,2305.0,2308.0,95,2316.0,2316.0,2316.0,2304.0,57.0,131556.0,21620
2023-05-09 21:23:35,MA2311,MA311,2308.0,0.0,0.0,0.0,4,2305.0,2307.0,93,2316.0,2316.0,2316.0,2304.0,57.0,131556.0,21620
2023-05-09 21:23:35,MA2311,MA311,2308.0,0.0,0.0,0.0,13,2304.0,2307.0,93,2316.0,2316.0,2316.0,2304.0,57.0,131556.0,21620
2023-05-09 21:23:36,MA2311,MA311,2308.0,0.0,0.0,0.0,13,2304.0,2307.0,94,2316.0,2316.0,2316.0,2304.0,57.0,131556.0,21620
2023-05-09 21:23:38,MA2311,MA311,2308.0,0.0,0.0,0.0,13,2304.0,2307.0,93,2316.0,2316.0,2316.0,2304.0,57.0,131556.0,21620
2023-05-09 21:23:50,MA2311,MA311,2308.0,0.0,0.0,0.0,1,2305.0,2307.0,93,2316.0,2316.0,2316.0,2304.0,57.0,131556.0,21620
2023-05-09 21:23:50,MA2311,MA311,2305.0,1.0,2308.0,1.0,11,2304.0,2307.0,93,2316.0,2316.0,2316.0,2304.0,58.0,133864.0,21621
2023-05-09 21:23:51,MA2311,MA311,2305.0,0.0,0.0,0.0,10,2304.0,2307.0,93,2316.0,2316.0,2316.0,2304.0,58.0,133864.0,21621
2023-05-09 21:23:58,MA2311,MA311,2305.0,0.0,0.0,0.0,210,2304.0,2307.0,93,2316.0,2316.0,2316.0,2304.0,58.0,133864.0,21621
2023-05-09 21:23:59,MA2311,MA311,2305.0,0.0,0.0,0.0,211,2304.0,2307.0,93,2316.0,2316.0,2316.0,2304.0,58.0,133864.0,21621
2023-05-09 21:24:03,MA2311,MA311,2305.0,0.0,0.0,0.0,210,2304.0,2306.0,93,2316.0,2316.0,2316.0,2304.0,58.0,133864.0,21621
2023-05-09 21:24:05,MA2311,MA311,2305.0,0.0,0.0,0.0,210,2304.0,2306.0,44,2316.0,2316.0,2316.0,2304.0,58.0,133864.0,21621
2023-05-09 21:24:05,MA2311,MA311,2305.0,0.0,0.0,0.0,211,2304.0,2307.0,95,2316.0,2316.0,2316.0,2304.0,58.0,133864.0,21621
2023-05-09 21:24:06,MA2311,MA311,2305.0,0.0,0.0,0.0,211,2304.0,2307.0,94,2316.0,2316.0,2316.0,2304.0,58.0,133864.0,21621
2023-05-09 21:24:13,MA2311,MA311,2305.0,0.0,0.0,0.0,211,2304.0,2307.0,95,2316.0,2316.0,2316.0,2304.0,58.0,133864.0,21621
2023-05-09 21:24:16,MA2311,MA311,2305.0,0.0,0.0,0.0,211,2304.0,2307.0,94,2316.0,2316.0,2316.0,2304.0,58.0,133864.0,21621
2023-05-09 21:24:18,MA2311,MA311,2305.0,0.0,0.0,0.0,211,2304.0,2307.0,93,2316.0,2316.0,2316.0,2304.0,58.0,133864.0,21621
2023-05-09 21:24:19,MA2311,MA311,2305.0,0.0,0.0,0.0,211,2304.0,2307.0,94,2316.0,2316.0,2316.0,2304.0,58.0,133864.0,21621
2023-05-09 21:24:19,MA2311,MA311,2305.0,0.0,0.0,0.0,212,2304.0,2307.0,93,2316.0,2316.0,2316.0,2304.0,58.0,133864.0,21621
2023-05-09 21:24:21,MA2311,MA311,2305.0,0.0,0.0,0.0,212,2304.0,2307.0,95,2316.0,2316.0,2316.0,2304.0,58.0,133864.0,21621
2023-05-09 21:24:21,MA2311,MA311,2305.0,0.0,0.0,0.0,212,2304.0,2307.0,93,2316.0,2316.0,2316.0,2304.0,58.0,133864.0,21621
2023-05-09 21:24:22,MA2311,MA311,2305.0,0.0,0.0,0.0,212,2304.0,2307.0,94,2316.0,2316.0,2316.0,2304.0,58.0,133864.0,21621
2023-05-09 21:24:22,MA2311,MA311,2305.0,0.0,0.0,0.0,212,2304.0,2307.0,93,2316.0,2316.0,2316.0,2304.0,58.0,133864.0,21621
2023-05-09 21:24:32,MA2311,MA311,2305.0,0.0,0.0,0.0,212,2304.0,2307.0,94,2316.0,2316.0,2316.0,2304.0,58.0,133864.0,21621
2023-05-09 21:24:32,MA2311,MA311,2305.0,0.0,0.0,0.0,16,2305.0,2308.0,96,2316.0,2316.0,2316.0,2304.0,58.0,133864.0,21621
2023-05-09 21:24:38,MA2311,MA311,2305.0,0.0,0.0,0.0,16,2305.0,2308.0,95,2316.0,2316.0,2316.0,2304.0,58.0,133864.0,21621
2023-05-09 21:24:40,MA2311,MA311,2305.0,0.0,0.0,0.0,17,2305.0,2308.0,93,2316.0,2316.0,2316.0,2304.0,58.0,133864.0,21621
2023-05-09 21:24:41,MA2311,MA311,2305.0,0.0,0.0,0.0,17,2305.0,2308.0,94,2316.0,2316.0,2316.0,2304.0,58.0,133864.0,21621
2023-05-09 21:24:41,MA2311,MA311,2305.0,0.0,0.0,0.0,17,2305.0,2308.0,93,2316.0,2316.0,2316.0,2304.0,58.0,133864.0,21621
2023-05-09 21:24:42,MA2311,MA311,2305.0,0.0,0.0,0.0,17,2305.0,2308.0,94,2316.0,2316.0,2316.0,2304.0,58.0,133864.0,21621
2023-05-09 21:24:42,MA2311,MA311,2305.0,0.0,0.0,0.0,17,2305.0,2308.0,95,2316.0,2316.0,2316.0,2304.0,58.0,133864.0,21621
2023-05-09 21:24:43,MA2311,MA311,2305.0,0.0,0.0,0.0,17,2305.0,2308.0,94,2316.0,2316.0,2316.0,2304.0,58.0,133864.0,21621
2023-05-09 21:24:45,MA2311,MA311,2305.0,0.0,0.0,0.0,17,2305.0,2308.0,93,2316.0,2316.0,2316.0,2304.0,58.0,133864.0,21621
2023-05-09 21:24:45,MA2311,MA311,2305.0,0.0,0.0,0.0,17,2305.0,2308.0,94,2316.0,2316.0,2316.0,2304.0,58.0,133864.0,21621
2023-05-09 21:24:46,MA2311,MA311,2305.0,0.0,0.0,0.0,17,2305.0,2308.0,93,2316.0,2316.0,2316.0,2304.0,58.0,133864.0,21621
2023-05-09 21:24:50,MA2311,MA311,2305.0,0.0,0.0,0.0,18,2305.0,2308.0,93,2316.0,2316.0,2316.0,2304.0,58.0,133864.0,21621
2023-05-09 21:24:51,MA2311,MA311,2305.0,0.0,0.0,0.0,19,2305.0,2308.0,93,2316.0,2316.0,2316.0,2304.0,58.0,133864.0,21621
2023-05-09 21:24:58,MA2311,MA311,2305.0,0.0,0.0,0.0,19,2305.0,2308.0,94,2316.0,2316.0,2316.0,2304.0,58.0,133864.0,21621
2023-05-09 21:25:01,MA2311,MA311,2305.0,0.0,0.0,0.0,19,2305.0,2308.0,93,2316.0,2316.0,2316.0,2304.0,58.0,133864.0,21621
2023-05-09 21:25:01,MA2311,MA311,2305.0,0.0,0.0,0.0,20,2305.0,2308.0,93,2316.0,2316.0,2316.0,2304.0,58.0,133864.0,21621
2023-05-09 21:25:04,MA2311,MA311,2305.0,0.0,0.0,0.0,20,2305.0,2308.0,94,2316.0,2316.0,2316.0,2304.0,58.0,133864.0,21621
2023-05-09 21:25:06,MA2311,MA311,2305.0,0.0,0.0,0.0,20,2305.0,2308.0,95,2316.0,2316.0,2316.0,2304.0,58.0,133864.0,21621
2023-05-09 21:25:09,MA2311,MA311,2305.0,0.0,0.0,0.0,20,2305.0,2308.0,94,2316.0,2316.0,2316.0,2304.0,58.0,133864.0,21621
2023-05-09 21:25:09,MA2311,MA311,2305.0,0.0,0.0,0.0,20,2305.0,2308.0,93,2316.0,2316.0,2316.0,2304.0,58.0,133864.0,21621
2023-05-09 21:25:11,MA2311,MA311,2305.0,0.0,0.0,0.0,20,2305.0,2308.0,94,2316.0,2316.0,2316.0,2304.0,58.0,133864.0,21621
2023-05-09 21:25:11,MA2311,MA311,2305.0,0.0,0.0,0.0,20,2305.0,2308.0,93,2316.0,2316.0,2316.0,2304.0,58.0,133864.0,21621
2023-05-09 21:25:12,MA2311,MA311,2305.0,0.0,0.0,0.0,20,2305.0,2308.0,94,2316.0,2316.0,2316.0,2304.0,58.0,133864.0,21621
2023-05-09 21:25:13,MA2311,MA311,2305.0,0.0,0.0,0.0,21,2305.0,2308.0,93,2316.0,2316.0,2316.0,2304.0,58.0,133864.0,21621
2023-05-09 21:25:15,MA2311,MA311,2305.0,0.0,0.0,0.0,1,2306.0,2309.0,94,2316.0,2316.0,2316.0,2304.0,58.0,133864.0,21621
2023-05-09 21:25:15,MA2311,MA311,2305.0,0.0,0.0,0.0,16,2306.0,2309.0,94,2316.0,2316.0,2316.0,2304.0,58.0,133864.0,21621
2023-05-09 21:25:27,MA2311,MA311,2305.0,0.0,0.0,0.0,2,2307.0,2310.0,97,2316.0,2316.0,2316.0,2304.0,58.0,133864.0,21621
2023-05-09 21:25:28,MA2311,MA311,2305.0,0.0,0.0,0.0,4,2307.0,2309.0,40,2316.0,2316.0,2316.0,2304.0,58.0,133864.0,21621
2023-05-09 21:25:29,MA2311,MA311,2305.0,0.0,0.0,0.0,6,2307.0,2310.0,95,2316.0,2316.0,2316.0,2304.0,58.0,133864.0,21621
2023-05-09 21:25:45,MA2311,MA311,2305.0,0.0,0.0,0.0,6,2307.0,2309.0,1,2316.0,2316.0,2316.0,2304.0,58.0,133864.0,21621
2023-05-09 21:25:55,MA2311,MA311,2305.0,0.0,0.0,0.0,6,2307.0,2310.0,94,2316.0,2316.0,2316.0,2304.0,58.0,133864.0,21621
2023-05-09 21:25:55,MA2311,MA311,2305.0,0.0,0.0,0.0,6,2307.0,2310.0,93,2316.0,2316.0,2316.0,2304.0,58.0,133864.0,21621
2023-05-09 21:25:57,MA2311,MA311,2305.0,0.0,0.0,0.0,7,2307.0,2310.0,93,2316.0,2316.0,2316.0,2304.0,58.0,133864.0,21621
2023-05-09 21:26:04,MA2311,MA311,2305.0,0.0,0.0,0.0,1,2308.0,2311.0,96,2316.0,2316.0,2316.0,2304.0,58.0,133864.0,21621
2023-05-09 21:26:04,MA2311,MA311,2305.0,0.0,0.0,0.0,4,2308.0,2311.0,96,2316.0,2316.0,2316.0,2304.0,58.0,133864.0,21621
2023-05-09 21:26:06,MA2311,MA311,2305.0,0.0,0.0,0.0,3,2308.0,2310.0,93,2316.0,2316.0,2316.0,2304.0,58.0,133864.0,21621
2023-05-09 21:26:07,MA2311,MA311,2305.0,0.0,0.0,0.0,2,2308.0,2311.0,96,2316.0,2316.0,2316.0,2304.0,58.0,133864.0,21621
2023-05-09 21:26:07,MA2311,MA311,2305.0,0.0,0.0,0.0,4,2308.0,2311.0,96,2316.0,2316.0,2316.0,2304.0,58.0,133864.0,21621
2023-05-09 21:26:09,MA2311,MA311,2305.0,0.0,0.0,0.0,4,2308.0,2311.0,94,2316.0,2316.0,2316.0,2304.0,58.0,133864.0,21621
2023-05-09 21:26:17,MA2311,MA311,2305.0,0.0,0.0,0.0,1,2308.0,2310.0,93,2316.0,2316.0,2316.0,2304.0,58.0,133864.0,21621
2023-05-09 21:26:17,MA2311,MA311,2305.0,0.0,0.0,0.0,6,2307.0,2310.0,93,2316.0,2316.0,2316.0,2304.0,58.0,133864.0,21621
2023-05-09 21:26:18,MA2311,MA311,2305.0,0.0,0.0,0.0,1,2308.0,2310.0,93,2316.0,2316.0,2316.0,2304.0,58.0,133864.0,21621
2023-05-09 21:26:21,MA2311,MA311,2305.0,0.0,0.0,0.0,1,2308.0,2310.0,94,2316.0,2316.0,2316.0,2304.0,58.0,133864.0,21621
2023-05-09 21:26:22,MA2311,MA311,2305.0,0.0,0.0,0.0,1,2308.0,2310.0,93,2316.0,2316.0,2316.0,2304.0,58.0,133864.0,21621
2023-05-09 21:26:46,MA2311,MA311,2305.0,0.0,0.0,0.0,9,2307.0,2310.0,93,2316.0,2316.0,2316.0,2304.0,58.0,133864.0,21621
2023-05-09 21:26:56,MA2311,MA311,2305.0,0.0,0.0,0.0,1,2308.0,2310.0,2,2316.0,2316.0,2316.0,2304.0,58.0,133864.0,21621
2023-05-09 21:26:56,MA2311,MA311,2305.0,0.0,0.0,0.0,3,2308.0,2310.0,2,2316.0,2316.0,2316.0,2304.0,58.0,133864.0,21621
2023-05-09 21:27:03,MA2311,MA311,2305.0,0.0,0.0,0.0,4,2308.0,2310.0,2,2316.0,2316.0,2316.0,2304.0,58.0,133864.0,21621
2023-05-09 21:27:20,MA2311,MA311,2305.0,0.0,0.0,0.0,4,2308.0,2309.0,1,2316.0,2316.0,2316.0,2304.0,58.0,133864.0,21621
2023-05-09 21:27:21,MA2311,MA311,2305.0,0.0,0.0,0.0,4,2308.0,2310.0,2,2316.0,2316.0,2316.0,2304.0,58.0,133864.0,21621
2023-05-09 21:27:27,MA2311,MA311,2305.0,0.0,0.0,0.0,5,2308.0,2310.0,2,2316.0,2316.0,2316.0,2304.0,58.0,133864.0,21621
2023-05-09 21:27:30,MA2311,MA311,2305.0,0.0,0.0,0.0,4,2308.0,2310.0,2,2316.0,2316.0,2316.0,2304.0,58.0,133864.0,21621
2023-05-09 21:27:32,MA2311,MA311,2305.0,0.0,0.0,0.0,5,2308.0,2310.0,2,2316.0,2316.0,2316.0,2304.0,58.0,133864.0,21621
2023-05-09 21:27:34,MA2311,MA311,2305.0,0.0,0.0,0.0,6,2308.0,2310.0,2,2316.0,2316.0,2316.0,2304.0,58.0,133864.0,21621
2023-05-09 21:27:35,MA2311,MA311,2305.0,0.0,0.0,0.0,5,2308.0,2310.0,2,2316.0,2316.0,2316.0,2304.0,58.0,133864.0,21621
2023-05-09 21:27:38,MA2311,MA311,2305.0,0.0,0.0,0.0,1,2308.0,2310.0,3,2316.0,2316.0,2316.0,2304.0,58.0,133864.0,21621
2023-05-09 21:27:38,MA2311,MA311,2305.0,0.0,0.0,0.0,10,2307.0,2310.0,96,2316.0,2316.0,2316.0,2304.0,58.0,133864.0,21621
2023-05-09 21:27:46,MA2311,MA311,2305.0,0.0,0.0,0.0,11,2307.0,2310.0,96,2316.0,2316.0,2316.0,2304.0,58.0,133864.0,21621
2023-05-09 21:27:47,MA2311,MA311,2305.0,0.0,0.0,0.0,10,2307.0,2310.0,96,2316.0,2316.0,2316.0,2304.0,58.0,133864.0,21621
2023-05-09 21:27:51,MA2311,MA311,2305.0,0.0,0.0,0.0,13,2307.0,2310.0,96,2316.0,2316.0,2316.0,2304.0,58.0,133864.0,21621
2023-05-09 21:27:57,MA2311,MA311,2305.0,0.0,0.0,0.0,14,2307.0,2310.0,96,2316.0,2316.0,2316.0,2304.0,58.0,133864.0,21621
2023-05-09 21:27:59,MA2311,MA311,2305.0,0.0,0.0,0.0,1,2308.0,2310.0,2,2316.0,2316.0,2316.0,2304.0,58.0,133864.0,21621
2023-05-09 21:28:01,MA2311,MA311,2305.0,0.0,0.0,0.0,14,2307.0,2310.0,95,2316.0,2316.0,2316.0,2304.0,58.0,133864.0,21621
2023-05-09 21:28:01,MA2311,MA311,2305.0,0.0,0.0,0.0,1,2308.0,2310.0,2,2316.0,2316.0,2316.0,2304.0,58.0,133864.0,21621
2023-05-09 21:28:07,MA2311,MA311,2305.0,0.0,0.0,0.0,3,2308.0,2310.0,2,2316.0,2316.0,2316.0,2304.0,58.0,133864.0,21621
2023-05-09 21:28:09,MA2311,MA311,2305.0,0.0,0.0,0.0,2,2308.0,2310.0,2,2316.0,2316.0,2316.0,2304.0,58.0,133864.0,21621
2023-05-09 21:28:09,MA2311,MA311,2305.0,0.0,0.0,0.0,1,2308.0,2310.0,2,2316.0,2316.0,2316.0,2304.0,58.0,133864.0,21621
2023-05-09 21:28:13,MA2311,MA311,2305.0,0.0,0.0,0.0,1,2308.0,2310.0,3,2316.0,2316.0,2316.0,2304.0,58.0,133864.0,21621
2023-05-09 21:28:15,MA2311,MA311,2305.0,0.0,0.0,0.0,1,2308.0,2310.0,2,2316.0,2316.0,2316.0,2304.0,58.0,133864.0,21621
2023-05-09 21:28:25,MA2311,MA311,2305.0,0.0,0.0,0.0,7,2308.0,2310.0,2,2316.0,2316.0,2316.0,2304.0,58.0,133864.0,21621
2023-05-09 21:28:25,MA2311,MA311,2305.0,0.0,0.0,0.0,1,2308.0,2310.0,2,2316.0,2316.0,2316.0,2304.0,58.0,133864.0,21621
2023-05-09 21:28:26,MA2311,MA311,2305.0,0.0,0.0,0.0,1,2308.0,2310.0,3,2316.0,2316.0,2316.0,2304.0,58.0,133864.0,21621
2023-05-09 21:28:27,MA2311,MA311,2305.0,0.0,0.0,0.0,2,2308.0,2310.0,3,2316.0,2316.0,2316.0,2304.0,58.0,133864.0,21621
2023-05-09 21:28:30,MA2311,MA311,2305.0,0.0,0.0,0.0,4,2308.0,2310.0,3,2316.0,2316.0,2316.0,2304.0,58.0,133864.0,21621
2023-05-09 21:28:33,MA2311,MA311,2305.0,0.0,0.0,0.0,3,2308.0,2310.0,3,2316.0,2316.0,2316.0,2304.0,58.0,133864.0,21621
2023-05-09 21:28:35,MA2311,MA311,2305.0,0.0,0.0,0.0,1,2309.0,2310.0,3,2316.0,2316.0,2316.0,2304.0,58.0,133864.0,21621
2023-05-09 21:28:37,MA2311,MA311,2310.0,1.0,2308.0,0.0,10,2308.0,2310.0,2,2316.0,2316.0,2316.0,2304.0,59.0,136172.0,21621
2023-05-09 21:28:37,MA2311,MA311,2310.0,0.0,0.0,0.0,11,2308.0,2310.0,2,2316.0,2316.0,2316.0,2304.0,59.0,136172.0,21621
2023-05-09 21:28:38,MA2311,MA311,2310.0,0.0,0.0,0.0,12,2308.0,2310.0,2,2316.0,2316.0,2316.0,2304.0,59.0,136172.0,21621
2023-05-09 21:28:40,MA2311,MA311,2310.0,0.0,0.0,0.0,1,2309.0,2310.0,2,2316.0,2316.0,2316.0,2304.0,59.0,136172.0,21621
2023-05-09 21:28:40,MA2311,MA311,2310.0,0.0,0.0,0.0,11,2308.0,2310.0,2,2316.0,2316.0,2316.0,2304.0,59.0,136172.0,21621
2023-05-09 21:28:42,MA2311,MA311,2310.0,0.0,0.0,0.0,12,2308.0,2310.0,2,2316.0,2316.0,2316.0,2304.0,59.0,136172.0,21621
2023-05-09 21:28:43,MA2311,MA311,2310.0,0.0,0.0,0.0,11,2308.0,2310.0,2,2316.0,2316.0,2316.0,2304.0,59.0,136172.0,21621
2023-05-09 21:28:44,MA2311,MA311,2310.0,1.0,2308.0,1.0,11,2308.0,2312.0,94,2316.0,2316.0,2316.0,2304.0,60.0,138480.0,21622
2023-05-09 21:28:44,MA2311,MA311,2310.0,0.0,0.0,0.0,2,2309.0,2312.0,94,2316.0,2316.0,2316.0,2304.0,60.0,138480.0,21622
2023-05-09 21:28:45,MA2311,MA311,2310.0,0.0,0.0,0.0,2,2309.0,2312.0,96,2316.0,2316.0,2316.0,2304.0,60.0,138480.0,21622
2023-05-09 21:28:47,MA2311,MA311,2310.0,0.0,0.0,0.0,2,2309.0,2312.0,94,2316.0,2316.0,2316.0,2304.0,60.0,138480.0,21622
2023-05-09 21:28:48,MA2311,MA311,2310.0,0.0,0.0,0.0,3,2309.0,2312.0,94,2316.0,2316.0,2316.0,2304.0,60.0,138480.0,21622
2023-05-09 21:28:52,MA2311,MA311,2310.0,0.0,0.0,0.0,11,2309.0,2313.0,97,2316.0,2316.0,2316.0,2304.0,60.0,138480.0,21622
2023-05-09 21:28:52,MA2311,MA311,2310.0,0.0,0.0,0.0,3,2310.0,2313.0,95,2316.0,2316.0,2316.0,2304.0,60.0,138480.0,21622
2023-05-09 21:29:04,MA2311,MA311,2310.0,0.0,0.0,0.0,1,2310.0,2313.0,95,2316.0,2316.0,2316.0,2304.0,60.0,138480.0,21622
2023-05-09 21:29:05,MA2311,MA311,2310.0,0.0,0.0,0.0,4,2309.0,2312.0,94,2316.0,2316.0,2316.0,2304.0,60.0,138480.0,21622
2023-05-09 21:29:05,MA2311,MA311,2310.0,0.0,0.0,0.0,3,2309.0,2312.0,94,2316.0,2316.0,2316.0,2304.0,60.0,138480.0,21622
2023-05-09 21:29:07,MA2311,MA311,2310.0,0.0,0.0,0.0,3,2309.0,2312.0,96,2316.0,2316.0,2316.0,2304.0,60.0,138480.0,21622
2023-05-09 21:29:09,MA2311,MA311,2310.0,0.0,0.0,0.0,2,2309.0,2312.0,96,2316.0,2316.0,2316.0,2304.0,60.0,138480.0,21622
2023-05-09 21:29:10,MA2311,MA311,2310.0,0.0,0.0,0.0,1,2309.0,2311.0,93,2316.0,2316.0,2316.0,2304.0,60.0,138480.0,21622
2023-05-09 21:29:10,MA2311,MA311,2310.0,0.0,0.0,0.0,3,2308.0,2311.0,95,2316.0,2316.0,2316.0,2304.0,60.0,138480.0,21622
2023-05-09 21:29:10,MA2311,MA311,2310.0,0.0,0.0,0.0,1,2308.0,2311.0,96,2316.0,2316.0,2316.0,2304.0,60.0,138480.0,21622
2023-05-09 21:29:12,MA2311,MA311,2310.0,0.0,0.0,0.0,3,2308.0,2311.0,94,2316.0,2316.0,2316.0,2304.0,60.0,138480.0,21622
2023-05-09 21:29:33,MA2311,MA311,2310.0,0.0,0.0,0.0,3,2308.0,2310.0,93,2316.0,2316.0,2316.0,2304.0,60.0,138480.0,21622
2023-05-09 21:29:33,MA2311,MA311,2310.0,0.0,0.0,0.0,9,2307.0,2310.0,94,2316.0,2316.0,2316.0,2304.0,60.0,138480.0,21622
2023-05-09 21:29:33,MA2311,MA311,2310.0,0.0,0.0,0.0,10,2307.0,2310.0,94,2316.0,2316.0,2316.0,2304.0,60.0,138480.0,21622
2023-05-09 21:29:40,MA2311,MA311,2310.0,0.0,0.0,0.0,9,2308.0,2310.0,93,2316.0,2316.0,2316.0,2304.0,60.0,138480.0,21622
2023-05-09 21:29:40,MA2311,MA311,2310.0,0.0,0.0,0.0,8,2308.0,2310.0,93,2316.0,2316.0,2316.0,2304.0,60.0,138480.0,21622
2023-05-09 21:29:44,MA2311,MA311,2310.0,0.0,0.0,0.0,8,2308.0,2310.0,95,2316.0,2316.0,2316.0,2304.0,60.0,138480.0,21622
2023-05-09 21:29:48,MA2311,MA311,2308.0,1.0,2308.0,1.0,7,2307.0,2309.0,93,2316.0,2316.0,2316.0,2304.0,61.0,140788.0,21623
2023-05-09 21:29:49,MA2311,MA311,2308.0,0.0,0.0,0.0,4,2307.0,2309.0,93,2316.0,2316.0,2316.0,2304.0,61.0,140788.0,21623
2023-05-09 21:29:50,MA2311,MA311,2308.0,0.0,0.0,0.0,4,2307.0,2309.0,95,2316.0,2316.0,2316.0,2304.0,61.0,140788.0,21623
2023-05-09 21:29:50,MA2311,MA311,2308.0,0.0,0.0,0.0,12,2306.0,2309.0,95,2316.0,2316.0,2316.0,2304.0,61.0,140788.0,21623
2023-05-09 21:29:55,MA2311,MA311,2308.0,0.0,0.0,0.0,1,2307.0,2309.0,95,2316.0,2316.0,2316.0,2304.0,61.0,140788.0,21623
2023-05-09 21:29:56,MA2311,MA311,2308.0,0.0,0.0,0.0,1,2307.0,2309.0,93,2316.0,2316.0,2316.0,2304.0,61.0,140788.0,21623
2023-05-09 21:29:57,MA2311,MA311,2308.0,0.0,0.0,0.0,4,2307.0,2310.0,96,2316.0,2316.0,2316.0,2304.0,61.0,140788.0,21623
2023-05-09 21:29:57,MA2311,MA311,2308.0,0.0,0.0,0.0,6,2307.0,2310.0,96,2316.0,2316.0,2316.0,2304.0,61.0,140788.0,21623
2023-05-09 21:30:00,MA2311,MA311,2308.0,0.0,0.0,0.0,3,2307.0,2309.0,93,2316.0,2316.0,2316.0,2304.0,61.0,140788.0,21623
2023-05-09 21:30:01,MA2311,MA311,2308.0,0.0,0.0,0.0,2,2307.0,2309.0,93,2316.0,2316.0,2316.0,2304.0,61.0,140788.0,21623
2023-05-09 21:30:01,MA2311,MA311,2308.0,0.0,0.0,0.0,2,2307.0,2309.0,95,2316.0,2316.0,2316.0,2304.0,61.0,140788.0,21623
2023-05-09 21:30:03,MA2311,MA311,2308.0,0.0,0.0,0.0,12,2306.0,2309.0,96,2316.0,2316.0,2316.0,2304.0,61.0,140788.0,21623
2023-05-09 21:30:05,MA2311,MA311,2308.0,0.0,0.0,0.0,12,2306.0,2309.0,95,2316.0,2316.0,2316.0,2304.0,61.0,140788.0,21623
2023-05-09 21:30:10,MA2311,MA311,2308.0,0.0,0.0,0.0,12,2306.0,2309.0,96,2316.0,2316.0,2316.0,2304.0,61.0,140788.0,21623
2023-05-09 21:30:15,MA2311,MA311,2308.0,0.0,0.0,0.0,13,2306.0,2309.0,96,2316.0,2316.0,2316.0,2304.0,61.0,140788.0,21623
2023-05-09 21:30:21,MA2311,MA311,2308.0,0.0,0.0,0.0,12,2306.0,2308.0,95,2316.0,2316.0,2316.0,2304.0,61.0,140788.0,21623
2023-05-09 21:30:21,MA2311,MA311,2308.0,0.0,0.0,0.0,7,2306.0,2308.0,95,2316.0,2316.0,2316.0,2304.0,61.0,140788.0,21623
2023-05-09 21:30:22,MA2311,MA311,2308.0,0.0,0.0,0.0,6,2306.0,2308.0,95,2316.0,2316.0,2316.0,2304.0,61.0,140788.0,21623
2023-05-09 21:30:23,MA2311,MA311,2308.0,0.0,0.0,0.0,1,2306.0,2308.0,95,2316.0,2316.0,2316.0,2304.0,61.0,140788.0,21623
2023-05-09 21:30:23,MA2311,MA311,2308.0,0.0,0.0,0.0,6,2306.0,2308.0,95,2316.0,2316.0,2316.0,2304.0,61.0,140788.0,21623
2023-05-09 21:30:25,MA2311,MA311,2308.0,0.0,0.0,0.0,22,2305.0,2308.0,95,2316.0,2316.0,2316.0,2304.0,61.0,140788.0,21623
2023-05-09 21:30:28,MA2311,MA311,2308.0,0.0,0.0,0.0,23,2305.0,2308.0,95,2316.0,2316.0,2316.0,2304.0,61.0,140788.0,21623
2023-05-09 21:30:34,MA2311,MA311,2308.0,0.0,0.0,0.0,23,2305.0,2307.0,93,2316.0,2316.0,2316.0,2304.0,61.0,140788.0,21623
2023-05-09 21:30:35,MA2311,MA311,2308.0,0.0,0.0,0.0,19,2305.0,2307.0,95,2316.0,2316.0,2316.0,2304.0,61.0,140788.0,21623
2023-05-09 21:30:35,MA2311,MA311,2308.0,0.0,0.0,0.0,17,2305.0,2307.0,95,2316.0,2316.0,2316.0,2304.0,61.0,140788.0,21623
2023-05-09 21:30:36,MA2311,MA311,2308.0,0.0,0.0,0.0,5,2305.0,2307.0,95,2316.0,2316.0,2316.0,2304.0,61.0,140788.0,21623
2023-05-09 21:30:36,MA2311,MA311,2308.0,0.0,0.0,0.0,1,2305.0,2307.0,95,2316.0,2316.0,2316.0,2304.0,61.0,140788.0,21623
2023-05-09 21:30:49,MA2311,MA311,2305.0,1.0,2308.0,0.0,199,2304.0,2306.0,95,2316.0,2316.0,2316.0,2304.0,62.0,143096.0,21623
2023-05-09 21:30:49,MA2311,MA311,2305.0,0.0,0.0,0.0,197,2304.0,2306.0,95,2316.0,2316.0,2316.0,2304.0,62.0,143096.0,21623
2023-05-09 21:30:50,MA2311,MA311,2305.0,0.0,0.0,0.0,197,2304.0,2306.0,75,2316.0,2316.0,2316.0,2304.0,62.0,143096.0,21623
