time,symbol_id,symbol_name,last,trade_volume,trade_amount,open_interest_change,bv1,bp1,ap1,av1,yesterday_close,today_open,today_high,today_low,volume,amount,open_interest
2023-05-10 19:12:58,SA2307,SA2307,2078.0,0.0,0.0,0.0,0,0.0,0.0,0,2078.0,2090.0,0.0,0.0,0.0,0.0,170056
2023-05-10 20:55:18,SA2307,SA2307,2078.0,0.0,0.0,0.0,0,0.0,0.0,0,2078.0,2090.0,0.0,0.0,0.0,0.0,170056
2023-05-10 20:56:22,SA2307,SA2307,2078.0,0.0,0.0,0.0,0,0.0,0.0,0,2078.0,2090.0,0.0,0.0,0.0,0.0,170056
2023-05-10 20:56:46,SA2307,SA2307,2078.0,0.0,0.0,0.0,0,0.0,0.0,0,2078.0,2090.0,0.0,0.0,0.0,0.0,170056
2023-05-10 20:56:50,SA2307,SA2307,2078.0,0.0,0.0,0.0,0,0.0,0.0,0,2078.0,2090.0,0.0,0.0,0.0,0.0,170056
2023-05-10 20:58:01,SA2307,SA2307,2078.0,0.0,0.0,0.0,0,0.0,0.0,0,2078.0,2090.0,0.0,0.0,0.0,0.0,170056
2023-05-10 20:58:02,SA2307,SA2307,2078.0,0.0,0.0,0.0,0,0.0,0.0,0,2078.0,2090.0,0.0,0.0,0.0,0.0,170056
2023-05-10 20:58:07,SA2307,SA2307,2078.0,0.0,0.0,0.0,0,0.0,0.0,0,2078.0,2090.0,0.0,0.0,0.0,0.0,170056
2023-05-10 20:58:17,SA2307,SA2307,2078.0,0.0,0.0,0.0,0,0.0,0.0,0,2078.0,2090.0,0.0,0.0,0.0,0.0,170056
2023-05-10 20:58:27,SA2307,SA2307,2078.0,0.0,0.0,0.0,0,0.0,0.0,0,2078.0,2090.0,0.0,0.0,0.0,0.0,170056
2023-05-10 20:58:29,SA2307,SA2307,2078.0,0.0,0.0,0.0,0,0.0,0.0,0,2078.0,2090.0,0.0,0.0,0.0,0.0,170056
2023-05-10 20:58:38,SA2307,SA2307,2078.0,0.0,0.0,0.0,0,0.0,0.0,0,2078.0,2090.0,0.0,0.0,0.0,0.0,170056
2023-05-10 20:58:39,SA2307,SA2307,2078.0,0.0,0.0,0.0,0,0.0,0.0,0,2078.0,2090.0,0.0,0.0,0.0,0.0,170056
2023-05-10 20:58:41,SA2307,SA2307,2078.0,0.0,0.0,0.0,0,0.0,0.0,0,2078.0,2090.0,0.0,0.0,0.0,0.0,170056
2023-05-10 20:58:41,SA2307,SA2307,2078.0,0.0,0.0,0.0,0,0.0,0.0,0,2078.0,2090.0,0.0,0.0,0.0,0.0,170056
2023-05-10 20:58:42,SA2307,SA2307,2078.0,0.0,0.0,0.0,0,0.0,0.0,0,2078.0,2090.0,0.0,0.0,0.0,0.0,170056
2023-05-10 20:58:43,SA2307,SA2307,2078.0,0.0,0.0,0.0,0,0.0,0.0,0,2078.0,2090.0,0.0,0.0,0.0,0.0,170056
2023-05-10 20:58:44,SA2307,SA2307,2078.0,0.0,0.0,0.0,0,0.0,0.0,0,2078.0,2090.0,0.0,0.0,0.0,0.0,170056
2023-05-10 20:58:48,SA2307,SA2307,2078.0,0.0,0.0,0.0,0,0.0,0.0,0,2078.0,2090.0,0.0,0.0,0.0,0.0,170056
2023-05-10 20:58:48,SA2307,SA2307,2078.0,0.0,0.0,0.0,0,0.0,0.0,0,2078.0,2090.0,0.0,0.0,0.0,0.0,170056
2023-05-10 20:58:54,SA2307,SA2307,2078.0,0.0,0.0,0.0,0,0.0,0.0,0,2078.0,2090.0,0.0,0.0,0.0,0.0,170056
2023-05-10 20:59:00,SA2307,SA2307,2090.0,58.0,121220.0,-4.0,30,2090.0,2091.0,1,2078.0,2090.0,2090.0,2090.0,58.0,121220.0,170052
2023-05-10 21:00:00,SA2307,SA2307,2091.0,35.0,73150.0,-33.0,1,2088.0,2090.0,1,2078.0,2090.0,2091.0,2090.0,93.0,194370.0,170019
2023-05-10 21:00:00,SA2307,SA2307,2091.0,0.0,0.0,0.0,1,2088.0,2090.0,3,2078.0,2090.0,2091.0,2090.0,93.0,194370.0,170019
2023-05-10 21:00:01,SA2307,SA2307,2088.0,14.0,29260.0,-3.0,4,2086.0,2089.0,1,2078.0,2090.0,2091.0,2088.0,107.0,223630.0,170016
2023-05-10 21:00:01,SA2307,SA2307,2089.0,1.0,2090.0,-1.0,1,2088.0,2090.0,28,2078.0,2090.0,2091.0,2088.0,108.0,225720.0,170015
2023-05-10 21:00:02,SA2307,SA2307,2086.0,5.0,10450.0,-3.0,30,2086.0,2088.0,5,2078.0,2090.0,2091.0,2086.0,113.0,236170.0,170012
2023-05-10 21:00:03,SA2307,SA2307,2088.0,3.0,6270.0,-1.0,4,2086.0,2088.0,1,2078.0,2090.0,2091.0,2086.0,116.0,242440.0,170011
2023-05-10 21:00:03,SA2307,SA2307,2088.0,5.0,10450.0,-3.0,5,2086.0,2088.0,6,2078.0,2090.0,2091.0,2086.0,121.0,252890.0,170008
2023-05-10 21:00:04,SA2307,SA2307,2088.0,2.0,4180.0,0.0,5,2086.0,2088.0,5,2078.0,2090.0,2091.0,2086.0,123.0,257070.0,170008
2023-05-10 21:00:04,SA2307,SA2307,2088.0,0.0,0.0,0.0,5,2086.0,2088.0,9,2078.0,2090.0,2091.0,2086.0,123.0,257070.0,170008
2023-05-10 21:00:04,SA2307,SA2307,2088.0,1.0,2090.0,-1.0,5,2086.0,2088.0,8,2078.0,2090.0,2091.0,2086.0,124.0,259160.0,170007
2023-05-10 21:00:05,SA2307,SA2307,2088.0,4.0,8360.0,0.0,1,2087.0,2088.0,4,2078.0,2090.0,2091.0,2086.0,128.0,267520.0,170007
2023-05-10 21:00:06,SA2307,SA2307,2088.0,11.0,22851.0,1.0,2,2087.0,2088.0,3,2078.0,2090.0,2091.0,2086.0,139.0,290371.0,170008
2023-05-10 21:00:06,SA2307,SA2307,2087.0,1.0,2089.0,-1.0,43,2086.0,2088.0,6,2078.0,2090.0,2091.0,2086.0,140.0,292460.0,170007
2023-05-10 21:00:06,SA2307,SA2307,2089.0,11.0,22979.0,-6.0,2,2088.0,2089.0,5,2078.0,2090.0,2091.0,2086.0,151.0,315439.0,170001
2023-05-10 21:00:07,SA2307,SA2307,2087.0,13.0,27157.0,-1.0,1,2088.0,2090.0,35,2078.0,2090.0,2091.0,2086.0,164.0,342596.0,170000
2023-05-10 21:00:07,SA2307,SA2307,2087.0,5.0,10445.0,5.0,42,2087.0,2089.0,2,2078.0,2090.0,2091.0,2086.0,169.0,353041.0,170005
2023-05-10 21:00:08,SA2307,SA2307,2089.0,1.0,2089.0,1.0,4,2088.0,2089.0,4,2078.0,2090.0,2091.0,2086.0,170.0,355130.0,170006
2023-05-10 21:00:08,SA2307,SA2307,2089.0,2.0,4178.0,0.0,8,2088.0,2089.0,2,2078.0,2090.0,2091.0,2086.0,172.0,359308.0,170006
2023-05-10 21:00:09,SA2307,SA2307,2089.0,1.0,2089.0,0.0,4,2088.0,2089.0,1,2078.0,2090.0,2091.0,2086.0,173.0,361397.0,170006
2023-05-10 21:00:10,SA2307,SA2307,2088.0,26.0,54314.0,8.0,3,2088.0,2089.0,3,2078.0,2090.0,2091.0,2086.0,199.0,415711.0,170014
2023-05-10 21:00:10,SA2307,SA2307,2087.0,12.0,25068.0,-1.0,1,2087.0,2088.0,44,2078.0,2090.0,2091.0,2086.0,211.0,440779.0,170013
2023-05-10 21:00:10,SA2307,SA2307,2087.0,11.0,22979.0,-4.0,4,2087.0,2088.0,60,2078.0,2090.0,2091.0,2086.0,222.0,463758.0,170009
2023-05-10 21:00:11,SA2307,SA2307,2087.0,8.0,16712.0,0.0,26,2086.0,2088.0,66,2078.0,2090.0,2091.0,2086.0,230.0,480470.0,170009
2023-05-10 21:00:11,SA2307,SA2307,2087.0,23.0,48047.0,0.0,5,2086.0,2088.0,66,2078.0,2090.0,2091.0,2086.0,253.0,528517.0,170009
2023-05-10 21:00:12,SA2307,SA2307,2087.0,0.0,0.0,0.0,5,2086.0,2087.0,2,2078.0,2090.0,2091.0,2086.0,253.0,528517.0,170009
2023-05-10 21:00:12,SA2307,SA2307,2087.0,0.0,0.0,0.0,12,2086.0,2088.0,78,2078.0,2090.0,2091.0,2086.0,253.0,528517.0,170009
2023-05-10 21:00:13,SA2307,SA2307,2087.0,0.0,0.0,0.0,10,2086.0,2088.0,78,2078.0,2090.0,2091.0,2086.0,253.0,528517.0,170009
2023-05-10 21:00:14,SA2307,SA2307,2086.0,2.0,4178.0,2.0,31,2086.0,2088.0,76,2078.0,2090.0,2091.0,2086.0,255.0,532695.0,170011
2023-05-10 21:00:14,SA2307,SA2307,2087.0,1.0,2089.0,1.0,29,2086.0,2088.0,64,2078.0,2090.0,2091.0,2086.0,256.0,534784.0,170012
2023-05-10 21:00:14,SA2307,SA2307,2087.0,0.0,0.0,0.0,32,2086.0,2088.0,64,2078.0,2090.0,2091.0,2086.0,256.0,534784.0,170012
2023-05-10 21:00:15,SA2307,SA2307,2087.0,0.0,0.0,0.0,34,2086.0,2088.0,59,2078.0,2090.0,2091.0,2086.0,256.0,534784.0,170012
2023-05-10 21:00:16,SA2307,SA2307,2088.0,4.0,8356.0,3.0,6,2086.0,2088.0,62,2078.0,2090.0,2091.0,2086.0,260.0,543140.0,170015
2023-05-10 21:00:16,SA2307,SA2307,2088.0,0.0,0.0,0.0,33,2086.0,2088.0,60,2078.0,2090.0,2091.0,2086.0,260.0,543140.0,170015
2023-05-10 21:00:17,SA2307,SA2307,2086.0,2.0,4178.0,2.0,33,2086.0,2087.0,25,2078.0,2090.0,2091.0,2086.0,262.0,547318.0,170017
2023-05-10 21:00:17,SA2307,SA2307,2086.0,0.0,0.0,0.0,30,2086.0,2087.0,25,2078.0,2090.0,2091.0,2086.0,262.0,547318.0,170017
2023-05-10 21:00:18,SA2307,SA2307,2087.0,2.0,4178.0,2.0,30,2086.0,2087.0,23,2078.0,2090.0,2091.0,2086.0,264.0,551496.0,170019
2023-05-10 21:00:18,SA2307,SA2307,2087.0,7.0,14352.0,2.0,4,2086.0,2087.0,16,2078.0,2090.0,2091.0,2086.0,271.0,565848.0,170021
2023-05-10 21:00:18,SA2307,SA2307,2087.0,0.0,0.0,0.0,4,2086.0,2087.0,17,2078.0,2090.0,2091.0,2086.0,271.0,565848.0,170021
2023-05-10 21:00:19,SA2307,SA2307,2086.0,6.0,12528.0,5.0,34,2085.0,2086.0,1,2078.0,2090.0,2091.0,2086.0,277.0,578376.0,170026
2023-05-10 21:00:19,SA2307,SA2307,2086.0,1.0,2088.0,1.0,26,2085.0,2087.0,20,2078.0,2090.0,2091.0,2086.0,278.0,580464.0,170027
2023-05-10 21:00:20,SA2307,SA2307,2087.0,15.0,31320.0,1.0,4,2086.0,2087.0,2,2078.0,2090.0,2091.0,2086.0,293.0,611784.0,170028
2023-05-10 21:00:21,SA2307,SA2307,2087.0,6.0,12528.0,3.0,21,2086.0,2088.0,60,2078.0,2090.0,2091.0,2086.0,299.0,624312.0,170031
2023-05-10 21:00:21,SA2307,SA2307,2087.0,5.0,10440.0,-1.0,36,2086.0,2087.0,21,2078.0,2090.0,2091.0,2086.0,304.0,634752.0,170030
2023-05-10 21:00:21,SA2307,SA2307,2087.0,21.0,43848.0,16.0,1,2087.0,2088.0,71,2078.0,2090.0,2091.0,2086.0,325.0,678600.0,170046
2023-05-10 21:00:22,SA2307,SA2307,2087.0,1.0,2088.0,1.0,13,2086.0,2087.0,1,2078.0,2090.0,2091.0,2086.0,326.0,680688.0,170047
2023-05-10 21:00:22,SA2307,SA2307,2087.0,1.0,2088.0,-1.0,2,2087.0,2088.0,62,2078.0,2090.0,2091.0,2086.0,327.0,682776.0,170046
2023-05-10 21:00:23,SA2307,SA2307,2087.0,7.0,14616.0,0.0,11,2086.0,2088.0,61,2078.0,2090.0,2091.0,2086.0,334.0,697392.0,170046
2023-05-10 21:00:23,SA2307,SA2307,2087.0,0.0,0.0,0.0,2,2086.0,2087.0,25,2078.0,2090.0,2091.0,2086.0,334.0,697392.0,170046
2023-05-10 21:00:24,SA2307,SA2307,2085.0,8.0,16704.0,2.0,12,2085.0,2087.0,32,2078.0,2090.0,2091.0,2085.0,342.0,714096.0,170048
2023-05-10 21:00:24,SA2307,SA2307,2087.0,3.0,6264.0,-3.0,1,2086.0,2087.0,28,2078.0,2090.0,2091.0,2085.0,345.0,720360.0,170045
2023-05-10 21:00:25,SA2307,SA2307,2086.0,1.0,2088.0,0.0,33,2085.0,2087.0,28,2078.0,2090.0,2091.0,2085.0,346.0,722448.0,170045
2023-05-10 21:00:25,SA2307,SA2307,2086.0,0.0,0.0,0.0,13,2085.0,2087.0,41,2078.0,2090.0,2091.0,2085.0,346.0,722448.0,170045
2023-05-10 21:00:26,SA2307,SA2307,2085.0,1.0,2088.0,0.0,2,2085.0,2086.0,1,2078.0,2090.0,2091.0,2085.0,347.0,724536.0,170045
2023-05-10 21:00:26,SA2307,SA2307,2085.0,8.0,16704.0,5.0,15,2084.0,2086.0,30,2078.0,2090.0,2091.0,2085.0,355.0,741240.0,170050
2023-05-10 21:00:27,SA2307,SA2307,2086.0,21.0,43848.0,16.0,1,2085.0,2086.0,13,2078.0,2090.0,2091.0,2085.0,376.0,785088.0,170066
2023-05-10 21:00:28,SA2307,SA2307,2084.0,40.0,83520.0,15.0,29,2083.0,2084.0,12,2078.0,2090.0,2091.0,2084.0,416.0,868608.0,170081
2023-05-10 21:00:28,SA2307,SA2307,2085.0,38.0,78890.0,-10.0,3,2085.0,2086.0,2,2078.0,2090.0,2091.0,2084.0,454.0,947498.0,170071
2023-05-10 21:00:29,SA2307,SA2307,2086.0,1.0,2087.0,0.0,3,2085.0,2087.0,43,2078.0,2090.0,2091.0,2084.0,455.0,949585.0,170071
2023-05-10 21:00:29,SA2307,SA2307,2085.0,1.0,2087.0,1.0,11,2085.0,2087.0,30,2078.0,2090.0,2091.0,2084.0,456.0,951672.0,170072
2023-05-10 21:00:29,SA2307,SA2307,2085.0,0.0,0.0,0.0,2,2086.0,2087.0,28,2078.0,2090.0,2091.0,2084.0,456.0,951672.0,170072
2023-05-10 21:00:30,SA2307,SA2307,2086.0,4.0,8348.0,3.0,6,2086.0,2087.0,28,2078.0,2090.0,2091.0,2084.0,460.0,960020.0,170075
2023-05-10 21:00:30,SA2307,SA2307,2086.0,0.0,0.0,0.0,1,2086.0,2087.0,28,2078.0,2090.0,2091.0,2084.0,460.0,960020.0,170075
2023-05-10 21:00:31,SA2307,SA2307,2087.0,1.0,2087.0,0.0,1,2086.0,2087.0,28,2078.0,2090.0,2091.0,2084.0,461.0,962107.0,170075
2023-05-10 21:00:31,SA2307,SA2307,2087.0,28.0,58436.0,-1.0,17,2086.0,2088.0,46,2078.0,2090.0,2091.0,2084.0,489.0,1020543.0,170074
2023-05-10 21:00:32,SA2307,SA2307,2087.0,6.0,12522.0,2.0,2,2087.0,2088.0,19,2078.0,2090.0,2091.0,2084.0,495.0,1033065.0,170076
2023-05-10 21:00:32,SA2307,SA2307,2087.0,1.0,2087.0,0.0,26,2086.0,2088.0,19,2078.0,2090.0,2091.0,2084.0,496.0,1035152.0,170076
2023-05-10 21:00:33,SA2307,SA2307,2087.0,0.0,0.0,0.0,18,2087.0,2088.0,20,2078.0,2090.0,2091.0,2084.0,496.0,1035152.0,170076
2023-05-10 21:00:34,SA2307,SA2307,2088.0,1.0,2087.0,0.0,18,2087.0,2088.0,19,2078.0,2090.0,2091.0,2084.0,497.0,1037239.0,170076
2023-05-10 21:00:34,SA2307,SA2307,2086.0,1.0,2087.0,0.0,18,2087.0,2088.0,19,2078.0,2090.0,2091.0,2084.0,498.0,1039326.0,170076
2023-05-10 21:00:34,SA2307,SA2307,2086.0,0.0,0.0,0.0,20,2086.0,2087.0,1,2078.0,2090.0,2091.0,2084.0,498.0,1039326.0,170076
2023-05-10 21:00:35,SA2307,SA2307,2087.0,1.0,2087.0,-1.0,20,2086.0,2088.0,20,2078.0,2090.0,2091.0,2084.0,499.0,1041413.0,170075
2023-05-10 21:00:35,SA2307,SA2307,2087.0,0.0,0.0,0.0,20,2086.0,2088.0,19,2078.0,2090.0,2091.0,2084.0,499.0,1041413.0,170075
2023-05-10 21:00:36,SA2307,SA2307,2088.0,2.0,4174.0,1.0,21,2086.0,2088.0,18,2078.0,2090.0,2091.0,2084.0,501.0,1045587.0,170076
2023-05-10 21:00:36,SA2307,SA2307,2088.0,11.0,22957.0,6.0,1,2087.0,2088.0,8,2078.0,2090.0,2091.0,2084.0,512.0,1068544.0,170082
2023-05-10 21:00:37,SA2307,SA2307,2088.0,0.0,0.0,0.0,5,2087.0,2088.0,9,2078.0,2090.0,2091.0,2084.0,512.0,1068544.0,170082
2023-05-10 21:00:38,SA2307,SA2307,2088.0,1.0,2087.0,0.0,5,2087.0,2088.0,8,2078.0,2090.0,2091.0,2084.0,513.0,1070631.0,170082
2023-05-10 21:00:38,SA2307,SA2307,2087.0,2.0,4174.0,2.0,4,2087.0,2088.0,8,2078.0,2090.0,2091.0,2084.0,515.0,1074805.0,170084
2023-05-10 21:00:39,SA2307,SA2307,2088.0,8.0,16696.0,8.0,1,2088.0,2089.0,27,2078.0,2090.0,2091.0,2084.0,523.0,1091501.0,170092
2023-05-10 21:00:40,SA2307,SA2307,2089.0,29.0,60523.0,0.0,1,2089.0,2090.0,12,2078.0,2090.0,2091.0,2084.0,552.0,1152024.0,170092
2023-05-10 21:00:40,SA2307,SA2307,2090.0,11.0,22957.0,4.0,11,2089.0,2091.0,31,2078.0,2090.0,2091.0,2084.0,563.0,1174981.0,170096
2023-05-10 21:00:41,SA2307,SA2307,2089.0,2.0,4174.0,0.0,9,2089.0,2091.0,31,2078.0,2090.0,2091.0,2084.0,565.0,1179155.0,170096
2023-05-10 21:00:41,SA2307,SA2307,2089.0,0.0,0.0,0.0,7,2088.0,2089.0,2,2078.0,2090.0,2091.0,2084.0,565.0,1179155.0,170096
2023-05-10 21:00:42,SA2307,SA2307,2089.0,0.0,0.0,0.0,3,2088.0,2089.0,4,2078.0,2090.0,2091.0,2084.0,565.0,1179155.0,170096
2023-05-10 21:00:42,SA2307,SA2307,2089.0,12.0,25621.0,-12.0,5,2088.0,2090.0,10,2078.0,2090.0,2091.0,2084.0,577.0,1204776.0,170084
2023-05-10 21:00:43,SA2307,SA2307,2089.0,0.0,0.0,0.0,9,2088.0,2090.0,4,2078.0,2090.0,2091.0,2084.0,577.0,1204776.0,170084
2023-05-10 21:00:43,SA2307,SA2307,2089.0,0.0,0.0,0.0,2,2089.0,2090.0,3,2078.0,2090.0,2091.0,2084.0,577.0,1204776.0,170084
2023-05-10 21:00:44,SA2307,SA2307,2089.0,0.0,0.0,0.0,2,2089.0,2090.0,5,2078.0,2090.0,2091.0,2084.0,577.0,1204776.0,170084
2023-05-10 21:00:45,SA2307,SA2307,2090.0,1.0,2088.0,-1.0,6,2089.0,2091.0,41,2078.0,2090.0,2091.0,2084.0,578.0,1206864.0,170083
2023-05-10 21:00:45,SA2307,SA2307,2090.0,0.0,0.0,0.0,10,2089.0,2091.0,34,2078.0,2090.0,2091.0,2084.0,578.0,1206864.0,170083
2023-05-10 21:00:47,SA2307,SA2307,2090.0,0.0,0.0,0.0,10,2089.0,2090.0,1,2078.0,2090.0,2091.0,2084.0,578.0,1206864.0,170083
2023-05-10 21:00:47,SA2307,SA2307,2090.0,1.0,2088.0,0.0,10,2089.0,2091.0,34,2078.0,2090.0,2091.0,2084.0,579.0,1208952.0,170083
2023-05-10 21:00:48,SA2307,SA2307,2091.0,4.0,8352.0,1.0,7,2090.0,2091.0,28,2078.0,2090.0,2091.0,2084.0,583.0,1217304.0,170084
2023-05-10 21:00:49,SA2307,SA2307,2090.0,12.0,25056.0,3.0,5,2089.0,2091.0,30,2078.0,2090.0,2091.0,2084.0,595.0,1242360.0,170087
2023-05-10 21:00:49,SA2307,SA2307,2090.0,0.0,0.0,0.0,3,2090.0,2091.0,30,2078.0,2090.0,2091.0,2084.0,595.0,1242360.0,170087
2023-05-10 21:00:49,SA2307,SA2307,2090.0,3.0,6264.0,3.0,8,2089.0,2091.0,31,2078.0,2090.0,2091.0,2084.0,598.0,1248624.0,170090
2023-05-10 21:00:50,SA2307,SA2307,2091.0,1.0,2088.0,1.0,1,2090.0,2091.0,28,2078.0,2090.0,2091.0,2084.0,599.0,1250712.0,170091
2023-05-10 21:00:50,SA2307,SA2307,2092.0,30.0,62640.0,16.0,11,2090.0,2092.0,16,2078.0,2090.0,2092.0,2084.0,629.0,1313352.0,170107
2023-05-10 21:00:51,SA2307,SA2307,2092.0,42.0,87696.0,-14.0,9,2092.0,2093.0,52,2078.0,2090.0,2092.0,2084.0,671.0,1401048.0,170093
2023-05-10 21:00:51,SA2307,SA2307,2092.0,9.0,18792.0,1.0,4,2091.0,2093.0,41,2078.0,2090.0,2092.0,2084.0,680.0,1419840.0,170094
2023-05-10 21:00:52,SA2307,SA2307,2091.0,3.0,6264.0,0.0,6,2090.0,2092.0,13,2078.0,2090.0,2092.0,2084.0,683.0,1426104.0,170094
2023-05-10 21:00:53,SA2307,SA2307,2090.0,3.0,6264.0,-3.0,2,2090.0,2092.0,24,2078.0,2090.0,2092.0,2084.0,686.0,1432368.0,170091
2023-05-10 21:00:53,SA2307,SA2307,2090.0,0.0,0.0,0.0,4,2090.0,2092.0,26,2078.0,2090.0,2092.0,2084.0,686.0,1432368.0,170091
2023-05-10 21:00:53,SA2307,SA2307,2090.0,0.0,0.0,0.0,1,2091.0,2092.0,6,2078.0,2090.0,2092.0,2084.0,686.0,1432368.0,170091
2023-05-10 21:00:54,SA2307,SA2307,2093.0,7.0,14616.0,-5.0,2,2092.0,2093.0,31,2078.0,2090.0,2093.0,2084.0,693.0,1446984.0,170086
2023-05-10 21:00:54,SA2307,SA2307,2092.0,5.0,10440.0,1.0,14,2091.0,2093.0,42,2078.0,2090.0,2093.0,2084.0,698.0,1457424.0,170087
2023-05-10 21:00:55,SA2307,SA2307,2091.0,4.0,8352.0,1.0,14,2090.0,2092.0,14,2078.0,2090.0,2093.0,2084.0,702.0,1465776.0,170088
2023-05-10 21:00:56,SA2307,SA2307,2091.0,1.0,2088.0,0.0,17,2090.0,2092.0,14,2078.0,2090.0,2093.0,2084.0,703.0,1467864.0,170088
2023-05-10 21:00:56,SA2307,SA2307,2092.0,2.0,4176.0,1.0,14,2090.0,2092.0,5,2078.0,2090.0,2093.0,2084.0,705.0,1472040.0,170089
2023-05-10 21:00:56,SA2307,SA2307,2092.0,0.0,0.0,0.0,7,2090.0,2092.0,17,2078.0,2090.0,2093.0,2084.0,705.0,1472040.0,170089
2023-05-10 21:00:57,SA2307,SA2307,2091.0,2.0,4176.0,0.0,5,2090.0,2092.0,24,2078.0,2090.0,2093.0,2084.0,707.0,1476216.0,170089
2023-05-10 21:00:58,SA2307,SA2307,2090.0,1.0,2088.0,1.0,8,2090.0,2092.0,24,2078.0,2090.0,2093.0,2084.0,708.0,1478304.0,170090
2023-05-10 21:00:59,SA2307,SA2307,2090.0,4.0,8352.0,3.0,5,2090.0,2091.0,9,2078.0,2090.0,2093.0,2084.0,712.0,1486656.0,170093
2023-05-10 21:00:59,SA2307,SA2307,2091.0,1.0,2088.0,1.0,5,2090.0,2091.0,1,2078.0,2090.0,2093.0,2084.0,713.0,1488744.0,170094
2023-05-10 21:01:00,SA2307,SA2307,2091.0,0.0,0.0,0.0,15,2090.0,2092.0,24,2078.0,2090.0,2093.0,2084.0,713.0,1488744.0,170094
2023-05-10 21:01:01,SA2307,SA2307,2091.0,0.0,0.0,0.0,18,2090.0,2092.0,24,2078.0,2090.0,2093.0,2084.0,713.0,1488744.0,170094
2023-05-10 21:01:01,SA2307,SA2307,2092.0,5.0,10440.0,2.0,2,2091.0,2093.0,46,2078.0,2090.0,2093.0,2084.0,718.0,1499184.0,170096
2023-05-10 21:01:02,SA2307,SA2307,2092.0,0.0,0.0,0.0,1,2092.0,2093.0,48,2078.0,2090.0,2093.0,2084.0,718.0,1499184.0,170096
2023-05-10 21:01:03,SA2307,SA2307,2092.0,1.0,2088.0,1.0,1,2092.0,2093.0,47,2078.0,2090.0,2093.0,2084.0,719.0,1501272.0,170097
2023-05-10 21:01:03,SA2307,SA2307,2092.0,4.0,8352.0,-1.0,2,2092.0,2093.0,34,2078.0,2090.0,2093.0,2084.0,723.0,1509624.0,170096
2023-05-10 21:01:04,SA2307,SA2307,2092.0,9.0,18792.0,-2.0,14,2091.0,2093.0,31,2078.0,2090.0,2093.0,2084.0,732.0,1528416.0,170094
2023-05-10 21:01:04,SA2307,SA2307,2093.0,1.0,2088.0,0.0,14,2091.0,2093.0,30,2078.0,2090.0,2093.0,2084.0,733.0,1530504.0,170094
2023-05-10 21:01:04,SA2307,SA2307,2093.0,0.0,0.0,0.0,22,2091.0,2093.0,28,2078.0,2090.0,2093.0,2084.0,733.0,1530504.0,170094
2023-05-10 21:01:06,SA2307,SA2307,2093.0,1.0,2088.0,0.0,22,2091.0,2093.0,27,2078.0,2090.0,2093.0,2084.0,734.0,1532592.0,170094
2023-05-10 21:01:06,SA2307,SA2307,2093.0,0.0,0.0,0.0,24,2091.0,2093.0,27,2078.0,2090.0,2093.0,2084.0,734.0,1532592.0,170094
2023-05-10 21:01:06,SA2307,SA2307,2091.0,2.0,4176.0,-2.0,14,2091.0,2092.0,1,2078.0,2090.0,2093.0,2084.0,736.0,1536768.0,170092
2023-05-10 21:01:07,SA2307,SA2307,2091.0,14.0,29232.0,4.0,17,2090.0,2091.0,10,2078.0,2090.0,2093.0,2084.0,750.0,1566000.0,170096
2023-05-10 21:01:07,SA2307,SA2307,2091.0,5.0,10440.0,5.0,9,2090.0,2092.0,18,2078.0,2090.0,2093.0,2084.0,755.0,1576440.0,170101
2023-05-10 21:01:08,SA2307,SA2307,2091.0,0.0,0.0,0.0,12,2090.0,2092.0,7,2078.0,2090.0,2093.0,2084.0,755.0,1576440.0,170101
2023-05-10 21:01:09,SA2307,SA2307,2091.0,0.0,0.0,0.0,5,2091.0,2092.0,7,2078.0,2090.0,2093.0,2084.0,755.0,1576440.0,170101
2023-05-10 21:01:10,SA2307,SA2307,2091.0,1.0,2088.0,1.0,15,2091.0,2092.0,6,2078.0,2090.0,2093.0,2084.0,756.0,1578528.0,170102
2023-05-10 21:01:10,SA2307,SA2307,2092.0,8.0,16704.0,-8.0,8,2091.0,2092.0,4,2078.0,2090.0,2093.0,2084.0,764.0,1595232.0,170094
2023-05-10 21:01:11,SA2307,SA2307,2091.0,1.0,2088.0,0.0,7,2091.0,2092.0,2,2078.0,2090.0,2093.0,2084.0,765.0,1597320.0,170094
2023-05-10 21:01:12,SA2307,SA2307,2091.0,1.0,2088.0,0.0,6,2091.0,2092.0,3,2078.0,2090.0,2093.0,2084.0,766.0,1599408.0,170094
2023-05-10 21:01:13,SA2307,SA2307,2091.0,2.0,4176.0,-2.0,15,2090.0,2092.0,5,2078.0,2090.0,2093.0,2084.0,768.0,1603584.0,170092
2023-05-10 21:01:13,SA2307,SA2307,2091.0,0.0,0.0,0.0,17,2090.0,2092.0,8,2078.0,2090.0,2093.0,2084.0,768.0,1603584.0,170092
2023-05-10 21:01:14,SA2307,SA2307,2090.0,23.0,48815.0,-7.0,11,2090.0,2091.0,3,2078.0,2090.0,2093.0,2084.0,791.0,1652399.0,170085
2023-05-10 21:01:14,SA2307,SA2307,2090.0,0.0,0.0,0.0,9,2090.0,2091.0,3,2078.0,2090.0,2093.0,2084.0,791.0,1652399.0,170085
2023-05-10 21:01:15,SA2307,SA2307,2091.0,1.0,2089.0,-1.0,4,2090.0,2091.0,2,2078.0,2090.0,2093.0,2084.0,792.0,1654488.0,170084
2023-05-10 21:01:17,SA2307,SA2307,2091.0,0.0,0.0,0.0,4,2090.0,2091.0,3,2078.0,2090.0,2093.0,2084.0,792.0,1654488.0,170084
2023-05-10 21:01:17,SA2307,SA2307,2091.0,0.0,0.0,0.0,4,2090.0,2091.0,4,2078.0,2090.0,2093.0,2084.0,792.0,1654488.0,170084
2023-05-10 21:01:17,SA2307,SA2307,2091.0,0.0,0.0,0.0,4,2090.0,2091.0,6,2078.0,2090.0,2093.0,2084.0,792.0,1654488.0,170084
2023-05-10 21:01:18,SA2307,SA2307,2091.0,0.0,0.0,0.0,4,2090.0,2091.0,4,2078.0,2090.0,2093.0,2084.0,792.0,1654488.0,170084
2023-05-10 21:01:18,SA2307,SA2307,2091.0,6.0,12534.0,1.0,4,2090.0,2091.0,2,2078.0,2090.0,2093.0,2084.0,798.0,1667022.0,170085
2023-05-10 21:01:19,SA2307,SA2307,2091.0,0.0,0.0,0.0,6,2090.0,2091.0,1,2078.0,2090.0,2093.0,2084.0,798.0,1667022.0,170085
2023-05-10 21:01:19,SA2307,SA2307,2091.0,0.0,0.0,0.0,6,2090.0,2091.0,2,2078.0,2090.0,2093.0,2084.0,798.0,1667022.0,170085
2023-05-10 21:01:20,SA2307,SA2307,2091.0,0.0,0.0,0.0,11,2090.0,2091.0,2,2078.0,2090.0,2093.0,2084.0,798.0,1667022.0,170085
2023-05-10 21:01:21,SA2307,SA2307,2091.0,0.0,0.0,0.0,6,2090.0,2091.0,3,2078.0,2090.0,2093.0,2084.0,798.0,1667022.0,170085
2023-05-10 21:01:22,SA2307,SA2307,2091.0,0.0,0.0,0.0,6,2090.0,2091.0,8,2078.0,2090.0,2093.0,2084.0,798.0,1667022.0,170085
2023-05-10 21:01:23,SA2307,SA2307,2091.0,1.0,2089.0,0.0,6,2090.0,2091.0,4,2078.0,2090.0,2093.0,2084.0,799.0,1669111.0,170085
2023-05-10 21:01:24,SA2307,SA2307,2090.0,11.0,22979.0,-11.0,5,2089.0,2091.0,4,2078.0,2090.0,2093.0,2084.0,810.0,1692090.0,170074
2023-05-10 21:01:24,SA2307,SA2307,2090.0,0.0,0.0,0.0,9,2089.0,2091.0,8,2078.0,2090.0,2093.0,2084.0,810.0,1692090.0,170074
2023-05-10 21:01:24,SA2307,SA2307,2090.0,0.0,0.0,0.0,17,2089.0,2091.0,5,2078.0,2090.0,2093.0,2084.0,810.0,1692090.0,170074
2023-05-10 21:01:25,SA2307,SA2307,2090.0,0.0,0.0,0.0,17,2089.0,2091.0,6,2078.0,2090.0,2093.0,2084.0,810.0,1692090.0,170074
2023-05-10 21:01:26,SA2307,SA2307,2091.0,1.0,2089.0,0.0,17,2089.0,2091.0,8,2078.0,2090.0,2093.0,2084.0,811.0,1694179.0,170074
2023-05-10 21:01:27,SA2307,SA2307,2091.0,0.0,0.0,0.0,17,2089.0,2091.0,9,2078.0,2090.0,2093.0,2084.0,811.0,1694179.0,170074
2023-05-10 21:01:27,SA2307,SA2307,2091.0,0.0,0.0,0.0,27,2089.0,2091.0,10,2078.0,2090.0,2093.0,2084.0,811.0,1694179.0,170074
2023-05-10 21:01:28,SA2307,SA2307,2091.0,0.0,0.0,0.0,19,2089.0,2091.0,9,2078.0,2090.0,2093.0,2084.0,811.0,1694179.0,170074
2023-05-10 21:01:28,SA2307,SA2307,2091.0,0.0,0.0,0.0,19,2089.0,2091.0,8,2078.0,2090.0,2093.0,2084.0,811.0,1694179.0,170074
2023-05-10 21:01:29,SA2307,SA2307,2091.0,26.0,54314.0,-21.0,19,2089.0,2092.0,40,2078.0,2090.0,2093.0,2084.0,837.0,1748493.0,170053
2023-05-10 21:01:30,SA2307,SA2307,2091.0,1.0,2089.0,0.0,5,2090.0,2091.0,2,2078.0,2090.0,2093.0,2084.0,838.0,1750582.0,170053
2023-05-10 21:01:30,SA2307,SA2307,2090.0,1.0,2089.0,1.0,6,2090.0,2091.0,2,2078.0,2090.0,2093.0,2084.0,839.0,1752671.0,170054
2023-05-10 21:01:30,SA2307,SA2307,2091.0,2.0,4178.0,2.0,15,2090.0,2091.0,1,2078.0,2090.0,2093.0,2084.0,841.0,1756849.0,170056
2023-05-10 21:01:31,SA2307,SA2307,2091.0,2.0,4178.0,0.0,1,2091.0,2092.0,12,2078.0,2090.0,2093.0,2084.0,843.0,1761027.0,170056
2023-05-10 21:01:31,SA2307,SA2307,2090.0,20.0,41780.0,6.0,32,2089.0,2091.0,1,2078.0,2090.0,2093.0,2084.0,863.0,1802807.0,170062
2023-05-10 21:01:32,SA2307,SA2307,2090.0,2.0,4178.0,0.0,32,2089.0,2091.0,1,2078.0,2090.0,2093.0,2084.0,865.0,1806985.0,170062
2023-05-10 21:01:33,SA2307,SA2307,2091.0,1.0,2089.0,0.0,1,2091.0,2092.0,11,2078.0,2090.0,2093.0,2084.0,866.0,1809074.0,170062
2023-05-10 21:01:33,SA2307,SA2307,2091.0,1.0,2089.0,-1.0,5,2090.0,2091.0,61,2078.0,2090.0,2093.0,2084.0,867.0,1811163.0,170061
2023-05-10 21:01:33,SA2307,SA2307,2091.0,0.0,0.0,0.0,3,2090.0,2091.0,61,2078.0,2090.0,2093.0,2084.0,867.0,1811163.0,170061
2023-05-10 21:01:34,SA2307,SA2307,2090.0,3.0,6267.0,3.0,30,2089.0,2091.0,61,2078.0,2090.0,2093.0,2084.0,870.0,1817430.0,170064
2023-05-10 21:01:34,SA2307,SA2307,2090.0,0.0,0.0,0.0,32,2089.0,2091.0,61,2078.0,2090.0,2093.0,2084.0,870.0,1817430.0,170064
2023-05-10 21:01:35,SA2307,SA2307,2091.0,1.0,2089.0,0.0,1,2090.0,2091.0,60,2078.0,2090.0,2093.0,2084.0,871.0,1819519.0,170064
2023-05-10 21:01:36,SA2307,SA2307,2091.0,42.0,87738.0,19.0,3,2090.0,2091.0,18,2078.0,2090.0,2093.0,2084.0,913.0,1907257.0,170083
2023-05-10 21:01:37,SA2307,SA2307,2091.0,18.0,37602.0,0.0,19,2090.0,2092.0,13,2078.0,2090.0,2093.0,2084.0,931.0,1944859.0,170083
2023-05-10 21:01:38,SA2307,SA2307,2091.0,0.0,0.0,0.0,1,2091.0,2092.0,13,2078.0,2090.0,2093.0,2084.0,931.0,1944859.0,170083
2023-05-10 21:01:38,SA2307,SA2307,2091.0,0.0,0.0,0.0,27,2090.0,2092.0,14,2078.0,2090.0,2093.0,2084.0,931.0,1944859.0,170083
2023-05-10 21:01:39,SA2307,SA2307,2091.0,0.0,0.0,0.0,29,2090.0,2091.0,1,2078.0,2090.0,2093.0,2084.0,931.0,1944859.0,170083
2023-05-10 21:01:39,SA2307,SA2307,2091.0,1.0,2089.0,0.0,26,2090.0,2092.0,25,2078.0,2090.0,2093.0,2084.0,932.0,1946948.0,170083
2023-05-10 21:01:40,SA2307,SA2307,2091.0,0.0,0.0,0.0,26,2090.0,2092.0,14,2078.0,2090.0,2093.0,2084.0,932.0,1946948.0,170083
2023-05-10 21:01:41,SA2307,SA2307,2091.0,1.0,2089.0,0.0,4,2091.0,2092.0,21,2078.0,2090.0,2093.0,2084.0,933.0,1949037.0,170083
2023-05-10 21:01:41,SA2307,SA2307,2092.0,6.0,12534.0,1.0,4,2091.0,2092.0,11,2078.0,2090.0,2093.0,2084.0,939.0,1961571.0,170084
2023-05-10 21:01:42,SA2307,SA2307,2092.0,0.0,0.0,0.0,2,2091.0,2092.0,11,2078.0,2090.0,2093.0,2084.0,939.0,1961571.0,170084
2023-05-10 21:01:42,SA2307,SA2307,2091.0,1.0,2089.0,1.0,28,2090.0,2092.0,14,2078.0,2090.0,2093.0,2084.0,940.0,1963660.0,170085
2023-05-10 21:01:43,SA2307,SA2307,2091.0,0.0,0.0,0.0,30,2090.0,2092.0,14,2078.0,2090.0,2093.0,2084.0,940.0,1963660.0,170085
2023-05-10 21:01:43,SA2307,SA2307,2091.0,0.0,0.0,0.0,30,2090.0,2092.0,13,2078.0,2090.0,2093.0,2084.0,940.0,1963660.0,170085
2023-05-10 21:01:43,SA2307,SA2307,2091.0,1.0,2089.0,-1.0,30,2090.0,2092.0,21,2078.0,2090.0,2093.0,2084.0,941.0,1965749.0,170084
2023-05-10 21:01:44,SA2307,SA2307,2090.0,3.0,6267.0,-1.0,27,2090.0,2092.0,13,2078.0,2090.0,2093.0,2084.0,944.0,1972016.0,170083
2023-05-10 21:01:45,SA2307,SA2307,2091.0,2.0,4178.0,1.0,5,2091.0,2092.0,21,2078.0,2090.0,2093.0,2084.0,946.0,1976194.0,170084
2023-05-10 21:01:45,SA2307,SA2307,2091.0,7.0,14623.0,2.0,8,2091.0,2092.0,12,2078.0,2090.0,2093.0,2084.0,953.0,1990817.0,170086
2023-05-10 21:01:45,SA2307,SA2307,2090.0,38.0,79382.0,3.0,9,2090.0,2091.0,1,2078.0,2090.0,2093.0,2084.0,991.0,2070199.0,170089
2023-05-10 21:01:46,SA2307,SA2307,2090.0,1.0,2089.0,-1.0,4,2090.0,2091.0,25,2078.0,2090.0,2093.0,2084.0,992.0,2072288.0,170088
2023-05-10 21:01:46,SA2307,SA2307,2090.0,0.0,0.0,0.0,4,2090.0,2091.0,4,2078.0,2090.0,2093.0,2084.0,992.0,2072288.0,170088
2023-05-10 21:01:47,SA2307,SA2307,2091.0,4.0,8356.0,0.0,5,2090.0,2092.0,38,2078.0,2090.0,2093.0,2084.0,996.0,2080644.0,170088
2023-05-10 21:01:48,SA2307,SA2307,2091.0,0.0,0.0,0.0,1,2091.0,2092.0,21,2078.0,2090.0,2093.0,2084.0,996.0,2080644.0,170088
2023-05-10 21:01:49,SA2307,SA2307,2091.0,2.0,4178.0,1.0,5,2090.0,2092.0,40,2078.0,2090.0,2093.0,2084.0,998.0,2084822.0,170089
2023-05-10 21:01:49,SA2307,SA2307,2091.0,2.0,4178.0,0.0,10,2090.0,2092.0,36,2078.0,2090.0,2093.0,2084.0,1000.0,2089000.0,170089
2023-05-10 21:01:50,SA2307,SA2307,2091.0,3.0,6267.0,0.0,28,2090.0,2091.0,1,2078.0,2090.0,2093.0,2084.0,1003.0,2095267.0,170089
2023-05-10 21:01:50,SA2307,SA2307,2091.0,1.0,2089.0,0.0,1,2091.0,2092.0,30,2078.0,2090.0,2093.0,2084.0,1004.0,2097356.0,170089
2023-05-10 21:01:51,SA2307,SA2307,2091.0,18.0,37602.0,3.0,33,2090.0,2092.0,22,2078.0,2090.0,2093.0,2084.0,1022.0,2134958.0,170092
2023-05-10 21:01:51,SA2307,SA2307,2091.0,0.0,0.0,0.0,1,2091.0,2092.0,22,2078.0,2090.0,2093.0,2084.0,1022.0,2134958.0,170092
2023-05-10 21:01:51,SA2307,SA2307,2091.0,2.0,4178.0,0.0,24,2090.0,2092.0,36,2078.0,2090.0,2093.0,2084.0,1024.0,2139136.0,170092
2023-05-10 21:01:52,SA2307,SA2307,2091.0,1.0,2089.0,-1.0,32,2090.0,2091.0,1,2078.0,2090.0,2093.0,2084.0,1025.0,2141225.0,170091
2023-05-10 21:01:52,SA2307,SA2307,2091.0,2.0,4178.0,-1.0,1,2091.0,2092.0,26,2078.0,2090.0,2093.0,2084.0,1027.0,2145403.0,170090
2023-05-10 21:01:53,SA2307,SA2307,2091.0,0.0,0.0,0.0,1,2091.0,2092.0,27,2078.0,2090.0,2093.0,2084.0,1027.0,2145403.0,170090
2023-05-10 21:01:53,SA2307,SA2307,2091.0,0.0,0.0,0.0,4,2091.0,2092.0,14,2078.0,2090.0,2093.0,2084.0,1027.0,2145403.0,170090
2023-05-10 21:01:54,SA2307,SA2307,2092.0,4.0,8356.0,-3.0,8,2091.0,2092.0,18,2078.0,2090.0,2093.0,2084.0,1031.0,2153759.0,170087
2023-05-10 21:01:54,SA2307,SA2307,2092.0,0.0,0.0,0.0,8,2091.0,2092.0,13,2078.0,2090.0,2093.0,2084.0,1031.0,2153759.0,170087
2023-05-10 21:01:55,SA2307,SA2307,2092.0,10.0,20890.0,1.0,9,2091.0,2092.0,8,2078.0,2090.0,2093.0,2084.0,1041.0,2174649.0,170088
2023-05-10 21:01:56,SA2307,SA2307,2092.0,0.0,0.0,0.0,27,2091.0,2092.0,8,2078.0,2090.0,2093.0,2084.0,1041.0,2174649.0,170088
2023-05-10 21:01:56,SA2307,SA2307,2092.0,8.0,16712.0,5.0,28,2091.0,2093.0,53,2078.0,2090.0,2093.0,2084.0,1049.0,2191361.0,170093
2023-05-10 21:01:57,SA2307,SA2307,2092.0,2.0,4178.0,1.0,37,2091.0,2093.0,31,2078.0,2090.0,2093.0,2084.0,1051.0,2195539.0,170094
2023-05-10 21:01:57,SA2307,SA2307,2092.0,0.0,0.0,0.0,1,2092.0,2093.0,31,2078.0,2090.0,2093.0,2084.0,1051.0,2195539.0,170094
2023-05-10 21:01:58,SA2307,SA2307,2092.0,0.0,0.0,0.0,1,2092.0,2093.0,29,2078.0,2090.0,2093.0,2084.0,1051.0,2195539.0,170094
2023-05-10 21:02:00,SA2307,SA2307,2093.0,1.0,2089.0,0.0,2,2092.0,2093.0,29,2078.0,2090.0,2093.0,2084.0,1052.0,2197628.0,170094
2023-05-10 21:02:00,SA2307,SA2307,2093.0,0.0,0.0,0.0,5,2092.0,2093.0,27,2078.0,2090.0,2093.0,2084.0,1052.0,2197628.0,170094
2023-05-10 21:02:00,SA2307,SA2307,2093.0,0.0,0.0,0.0,7,2092.0,2093.0,27,2078.0,2090.0,2093.0,2084.0,1052.0,2197628.0,170094
2023-05-10 21:02:01,SA2307,SA2307,2092.0,6.0,12534.0,1.0,1,2092.0,2093.0,27,2078.0,2090.0,2093.0,2084.0,1058.0,2210162.0,170095
2023-05-10 21:02:01,SA2307,SA2307,2092.0,0.0,0.0,0.0,1,2092.0,2093.0,29,2078.0,2090.0,2093.0,2084.0,1058.0,2210162.0,170095
2023-05-10 21:02:02,SA2307,SA2307,2093.0,29.0,60581.0,-3.0,5,2092.0,2094.0,77,2078.0,2090.0,2093.0,2084.0,1087.0,2270743.0,170092
2023-05-10 21:02:03,SA2307,SA2307,2093.0,0.0,0.0,0.0,1,2093.0,2094.0,35,2078.0,2090.0,2093.0,2084.0,1087.0,2270743.0,170092
2023-05-10 21:02:03,SA2307,SA2307,2093.0,0.0,0.0,0.0,1,2093.0,2094.0,34,2078.0,2090.0,2093.0,2084.0,1087.0,2270743.0,170092
2023-05-10 21:02:04,SA2307,SA2307,2093.0,3.0,6267.0,1.0,2,2093.0,2094.0,34,2078.0,2090.0,2093.0,2084.0,1090.0,2277010.0,170093
2023-05-10 21:02:04,SA2307,SA2307,2093.0,0.0,0.0,0.0,3,2093.0,2094.0,34,2078.0,2090.0,2093.0,2084.0,1090.0,2277010.0,170093
2023-05-10 21:02:04,SA2307,SA2307,2094.0,1.0,2089.0,0.0,3,2093.0,2094.0,34,2078.0,2090.0,2094.0,2084.0,1091.0,2279099.0,170093
2023-05-10 21:02:05,SA2307,SA2307,2094.0,33.0,68937.0,23.0,4,2094.0,2095.0,93,2078.0,2090.0,2094.0,2084.0,1124.0,2348036.0,170116
2023-05-10 21:02:05,SA2307,SA2307,2094.0,0.0,0.0,0.0,16,2093.0,2095.0,77,2078.0,2090.0,2094.0,2084.0,1124.0,2348036.0,170116
2023-05-10 21:02:07,SA2307,SA2307,2094.0,9.0,18801.0,0.0,22,2093.0,2094.0,2,2078.0,2090.0,2094.0,2084.0,1133.0,2366837.0,170116
2023-05-10 21:02:07,SA2307,SA2307,2094.0,3.0,6267.0,-2.0,22,2093.0,2095.0,78,2078.0,2090.0,2094.0,2084.0,1136.0,2373104.0,170114
2023-05-10 21:02:08,SA2307,SA2307,2094.0,0.0,0.0,0.0,16,2093.0,2095.0,78,2078.0,2090.0,2094.0,2084.0,1136.0,2373104.0,170114
2023-05-10 21:02:08,SA2307,SA2307,2094.0,0.0,0.0,0.0,1,2094.0,2095.0,87,2078.0,2090.0,2094.0,2084.0,1136.0,2373104.0,170114
2023-05-10 21:02:09,SA2307,SA2307,2094.0,3.0,6267.0,-3.0,22,2093.0,2095.0,71,2078.0,2090.0,2094.0,2084.0,1139.0,2379371.0,170111
2023-05-10 21:02:09,SA2307,SA2307,2094.0,0.0,0.0,0.0,16,2093.0,2095.0,79,2078.0,2090.0,2094.0,2084.0,1139.0,2379371.0,170111
2023-05-10 21:02:10,SA2307,SA2307,2094.0,1.0,2089.0,-1.0,16,2093.0,2095.0,83,2078.0,2090.0,2094.0,2084.0,1140.0,2381460.0,170110
2023-05-10 21:02:10,SA2307,SA2307,2094.0,1.0,2089.0,1.0,16,2093.0,2095.0,93,2078.0,2090.0,2094.0,2084.0,1141.0,2383549.0,170111
2023-05-10 21:02:11,SA2307,SA2307,2094.0,0.0,0.0,0.0,8,2093.0,2095.0,103,2078.0,2090.0,2094.0,2084.0,1141.0,2383549.0,170111
2023-05-10 21:02:11,SA2307,SA2307,2094.0,0.0,0.0,0.0,6,2093.0,2095.0,103,2078.0,2090.0,2094.0,2084.0,1141.0,2383549.0,170111
2023-05-10 21:02:12,SA2307,SA2307,2094.0,0.0,0.0,0.0,7,2093.0,2095.0,103,2078.0,2090.0,2094.0,2084.0,1141.0,2383549.0,170111
2023-05-10 21:02:13,SA2307,SA2307,2094.0,1.0,2089.0,1.0,7,2093.0,2095.0,103,2078.0,2090.0,2094.0,2084.0,1142.0,2385638.0,170112
2023-05-10 21:02:13,SA2307,SA2307,2094.0,0.0,0.0,0.0,5,2093.0,2094.0,1,2078.0,2090.0,2094.0,2084.0,1142.0,2385638.0,170112
2023-05-10 21:02:13,SA2307,SA2307,2094.0,0.0,0.0,0.0,7,2093.0,2094.0,8,2078.0,2090.0,2094.0,2084.0,1142.0,2385638.0,170112
2023-05-10 21:02:14,SA2307,SA2307,2093.0,8.0,16712.0,-3.0,1,2093.0,2094.0,8,2078.0,2090.0,2094.0,2084.0,1150.0,2402350.0,170109
2023-05-10 21:02:15,SA2307,SA2307,2094.0,6.0,12534.0,-4.0,21,2093.0,2094.0,9,2078.0,2090.0,2094.0,2084.0,1156.0,2414884.0,170105
2023-05-10 21:02:15,SA2307,SA2307,2094.0,20.0,42956.0,7.0,1,2094.0,2095.0,92,2078.0,2090.0,2094.0,2084.0,1176.0,2457840.0,170112
2023-05-10 21:02:15,SA2307,SA2307,2094.0,1.0,2090.0,-1.0,34,2093.0,2095.0,98,2078.0,2090.0,2094.0,2084.0,1177.0,2459930.0,170111
2023-05-10 21:02:16,SA2307,SA2307,2095.0,12.0,25080.0,-2.0,34,2093.0,2095.0,88,2078.0,2090.0,2095.0,2084.0,1189.0,2485010.0,170109
2023-05-10 21:02:16,SA2307,SA2307,2095.0,17.0,35530.0,1.0,106,2094.0,2095.0,55,2078.0,2090.0,2095.0,2084.0,1206.0,2520540.0,170110
2023-05-10 21:02:17,SA2307,SA2307,2094.0,1.0,2090.0,-1.0,105,2094.0,2095.0,55,2078.0,2090.0,2095.0,2084.0,1207.0,2522630.0,170109
2023-05-10 21:02:18,SA2307,SA2307,2094.0,7.0,14630.0,-5.0,98,2094.0,2095.0,64,2078.0,2090.0,2095.0,2084.0,1214.0,2537260.0,170104
2023-05-10 21:02:18,SA2307,SA2307,2095.0,26.0,54340.0,3.0,89,2094.0,2095.0,43,2078.0,2090.0,2095.0,2084.0,1240.0,2591600.0,170107
2023-05-10 21:02:18,SA2307,SA2307,2095.0,0.0,0.0,0.0,89,2094.0,2095.0,53,2078.0,2090.0,2095.0,2084.0,1240.0,2591600.0,170107
2023-05-10 21:02:19,SA2307,SA2307,2095.0,17.0,35530.0,15.0,89,2094.0,2095.0,38,2078.0,2090.0,2095.0,2084.0,1257.0,2627130.0,170122
2023-05-10 21:02:19,SA2307,SA2307,2095.0,6.0,12540.0,0.0,89,2094.0,2095.0,32,2078.0,2090.0,2095.0,2084.0,1263.0,2639670.0,170122
2023-05-10 21:02:20,SA2307,SA2307,2095.0,12.0,25080.0,10.0,89,2094.0,2095.0,23,2078.0,2090.0,2095.0,2084.0,1275.0,2664750.0,170132
2023-05-10 21:02:20,SA2307,SA2307,2095.0,10.0,20900.0,-3.0,89,2094.0,2095.0,15,2078.0,2090.0,2095.0,2084.0,1285.0,2685650.0,170129
2023-05-10 21:02:21,SA2307,SA2307,2095.0,0.0,0.0,0.0,89,2094.0,2095.0,6,2078.0,2090.0,2095.0,2084.0,1285.0,2685650.0,170129
2023-05-10 21:02:21,SA2307,SA2307,2094.0,30.0,62700.0,-11.0,51,2094.0,2095.0,10,2078.0,2090.0,2095.0,2084.0,1315.0,2748350.0,170118
2023-05-10 21:02:22,SA2307,SA2307,2094.0,0.0,0.0,0.0,59,2094.0,2095.0,10,2078.0,2090.0,2095.0,2084.0,1315.0,2748350.0,170118
2023-05-10 21:02:22,SA2307,SA2307,2094.0,0.0,0.0,0.0,51,2094.0,2095.0,10,2078.0,2090.0,2095.0,2084.0,1315.0,2748350.0,170118
2023-05-10 21:02:23,SA2307,SA2307,2094.0,0.0,0.0,0.0,51,2094.0,2095.0,11,2078.0,2090.0,2095.0,2084.0,1315.0,2748350.0,170118
2023-05-10 21:02:24,SA2307,SA2307,2095.0,2.0,4180.0,0.0,51,2094.0,2095.0,9,2078.0,2090.0,2095.0,2084.0,1317.0,2752530.0,170118
2023-05-10 21:02:24,SA2307,SA2307,2095.0,9.0,18810.0,8.0,1,2095.0,2096.0,38,2078.0,2090.0,2095.0,2084.0,1326.0,2771340.0,170126
2023-05-10 21:02:25,SA2307,SA2307,2095.0,2.0,4180.0,-1.0,67,2094.0,2095.0,1,2078.0,2090.0,2095.0,2084.0,1328.0,2775520.0,170125
2023-05-10 21:02:26,SA2307,SA2307,2095.0,2.0,4180.0,-1.0,51,2094.0,2095.0,1,2078.0,2090.0,2095.0,2084.0,1330.0,2779700.0,170124
2023-05-10 21:02:26,SA2307,SA2307,2095.0,1.0,2090.0,0.0,51,2094.0,2096.0,65,2078.0,2090.0,2095.0,2084.0,1331.0,2781790.0,170124
2023-05-10 21:02:26,SA2307,SA2307,2095.0,0.0,0.0,0.0,1,2095.0,2096.0,44,2078.0,2090.0,2095.0,2084.0,1331.0,2781790.0,170124
2023-05-10 21:02:27,SA2307,SA2307,2095.0,1.0,2090.0,-1.0,59,2094.0,2095.0,1,2078.0,2090.0,2095.0,2084.0,1332.0,2783880.0,170123
2023-05-10 21:02:27,SA2307,SA2307,2095.0,0.0,0.0,0.0,53,2094.0,2095.0,1,2078.0,2090.0,2095.0,2084.0,1332.0,2783880.0,170123
2023-05-10 21:02:28,SA2307,SA2307,2095.0,0.0,0.0,0.0,55,2094.0,2095.0,3,2078.0,2090.0,2095.0,2084.0,1332.0,2783880.0,170123
2023-05-10 21:02:28,SA2307,SA2307,2095.0,0.0,0.0,0.0,63,2094.0,2095.0,5,2078.0,2090.0,2095.0,2084.0,1332.0,2783880.0,170123
2023-05-10 21:02:29,SA2307,SA2307,2095.0,5.0,10450.0,-4.0,63,2094.0,2096.0,61,2078.0,2090.0,2095.0,2084.0,1337.0,2794330.0,170119
2023-05-10 21:02:29,SA2307,SA2307,2095.0,1.0,2090.0,-1.0,64,2094.0,2095.0,1,2078.0,2090.0,2095.0,2084.0,1338.0,2796420.0,170118
2023-05-10 21:02:30,SA2307,SA2307,2095.0,1.0,2090.0,1.0,64,2094.0,2096.0,57,2078.0,2090.0,2095.0,2084.0,1339.0,2798510.0,170119
2023-05-10 21:02:30,SA2307,SA2307,2095.0,5.0,10450.0,-3.0,72,2094.0,2095.0,1,2078.0,2090.0,2096.0,2084.0,1344.0,2808960.0,170116
2023-05-10 21:02:31,SA2307,SA2307,2095.0,14.0,29260.0,-9.0,44,2094.0,2095.0,5,2078.0,2090.0,2096.0,2084.0,1358.0,2838220.0,170107
2023-05-10 21:02:31,SA2307,SA2307,2095.0,2.0,4180.0,0.0,45,2094.0,2095.0,5,2078.0,2090.0,2096.0,2084.0,1360.0,2842400.0,170107
2023-05-10 21:02:32,SA2307,SA2307,2095.0,0.0,0.0,0.0,45,2094.0,2095.0,3,2078.0,2090.0,2096.0,2084.0,1360.0,2842400.0,170107
2023-05-10 21:02:33,SA2307,SA2307,2095.0,4.0,8360.0,-1.0,46,2094.0,2095.0,1,2078.0,2090.0,2096.0,2084.0,1364.0,2850760.0,170106
2023-05-10 21:02:33,SA2307,SA2307,2095.0,2.0,4180.0,1.0,1,2095.0,2096.0,37,2078.0,2090.0,2096.0,2084.0,1366.0,2854940.0,170107
2023-05-10 21:02:33,SA2307,SA2307,2096.0,2.0,4180.0,-1.0,1,2095.0,2096.0,36,2078.0,2090.0,2096.0,2084.0,1368.0,2859120.0,170106
2023-05-10 21:02:34,SA2307,SA2307,2095.0,2.0,4180.0,1.0,56,2094.0,2095.0,17,2078.0,2090.0,2096.0,2084.0,1370.0,2863300.0,170107
2023-05-10 21:02:35,SA2307,SA2307,2095.0,1.0,2090.0,0.0,51,2094.0,2095.0,18,2078.0,2090.0,2096.0,2084.0,1371.0,2865390.0,170107
2023-05-10 21:02:35,SA2307,SA2307,2095.0,0.0,0.0,0.0,50,2094.0,2095.0,20,2078.0,2090.0,2096.0,2084.0,1371.0,2865390.0,170107
2023-05-10 21:02:35,SA2307,SA2307,2095.0,2.0,4180.0,1.0,49,2094.0,2095.0,18,2078.0,2090.0,2096.0,2084.0,1373.0,2869570.0,170108
2023-05-10 21:02:36,SA2307,SA2307,2095.0,1.0,2090.0,-1.0,54,2094.0,2095.0,19,2078.0,2090.0,2096.0,2084.0,1374.0,2871660.0,170107
2023-05-10 21:02:37,SA2307,SA2307,2095.0,1.0,2090.0,0.0,54,2094.0,2095.0,18,2078.0,2090.0,2096.0,2084.0,1375.0,2873750.0,170107
2023-05-10 21:02:37,SA2307,SA2307,2095.0,5.0,10450.0,1.0,54,2094.0,2095.0,19,2078.0,2090.0,2096.0,2084.0,1380.0,2884200.0,170108
2023-05-10 21:02:39,SA2307,SA2307,2095.0,5.0,10450.0,4.0,54,2094.0,2095.0,15,2078.0,2090.0,2096.0,2084.0,1385.0,2894650.0,170112
2023-05-10 21:02:39,SA2307,SA2307,2095.0,0.0,0.0,0.0,54,2094.0,2095.0,16,2078.0,2090.0,2096.0,2084.0,1385.0,2894650.0,170112
2023-05-10 21:02:40,SA2307,SA2307,2095.0,0.0,0.0,0.0,54,2094.0,2095.0,23,2078.0,2090.0,2096.0,2084.0,1385.0,2894650.0,170112
2023-05-10 21:02:40,SA2307,SA2307,2095.0,5.0,10450.0,5.0,54,2094.0,2095.0,19,2078.0,2090.0,2096.0,2084.0,1390.0,2905100.0,170117
2023-05-10 21:02:41,SA2307,SA2307,2095.0,0.0,0.0,0.0,54,2094.0,2095.0,20,2078.0,2090.0,2096.0,2084.0,1390.0,2905100.0,170117
2023-05-10 21:02:42,SA2307,SA2307,2095.0,0.0,0.0,0.0,52,2094.0,2095.0,20,2078.0,2090.0,2096.0,2084.0,1390.0,2905100.0,170117
2023-05-10 21:02:42,SA2307,SA2307,2094.0,2.0,4180.0,0.0,53,2094.0,2095.0,17,2078.0,2090.0,2096.0,2084.0,1392.0,2909280.0,170117
2023-05-10 21:02:43,SA2307,SA2307,2095.0,7.0,14630.0,2.0,51,2094.0,2095.0,13,2078.0,2090.0,2096.0,2084.0,1399.0,2923910.0,170119
2023-05-10 21:02:43,SA2307,SA2307,2095.0,0.0,0.0,0.0,51,2094.0,2095.0,20,2078.0,2090.0,2096.0,2084.0,1399.0,2923910.0,170119
2023-05-10 21:02:44,SA2307,SA2307,2095.0,4.0,8360.0,-3.0,51,2094.0,2095.0,16,2078.0,2090.0,2096.0,2084.0,1403.0,2932270.0,170116
2023-05-10 21:02:45,SA2307,SA2307,2095.0,1.0,2090.0,0.0,59,2094.0,2095.0,15,2078.0,2090.0,2096.0,2084.0,1404.0,2934360.0,170116
2023-05-10 21:02:45,SA2307,SA2307,2095.0,0.0,0.0,0.0,60,2094.0,2095.0,15,2078.0,2090.0,2096.0,2084.0,1404.0,2934360.0,170116
2023-05-10 21:02:46,SA2307,SA2307,2095.0,10.0,20900.0,3.0,60,2094.0,2095.0,5,2078.0,2090.0,2096.0,2084.0,1414.0,2955260.0,170119
2023-05-10 21:02:49,SA2307,SA2307,2095.0,0.0,0.0,0.0,60,2094.0,2095.0,10,2078.0,2090.0,2096.0,2084.0,1414.0,2955260.0,170119
2023-05-10 21:02:49,SA2307,SA2307,2095.0,3.0,6270.0,3.0,70,2094.0,2095.0,7,2078.0,2090.0,2096.0,2084.0,1417.0,2961530.0,170122
2023-05-10 21:02:50,SA2307,SA2307,2095.0,26.0,55783.0,11.0,77,2094.0,2096.0,72,2078.0,2090.0,2096.0,2084.0,1443.0,3017313.0,170133
2023-05-10 21:02:51,SA2307,SA2307,2095.0,2.0,4182.0,-1.0,69,2094.0,2095.0,7,2078.0,2090.0,2096.0,2084.0,1445.0,3021495.0,170132
2023-05-10 21:02:51,SA2307,SA2307,2095.0,0.0,0.0,0.0,61,2094.0,2095.0,7,2078.0,2090.0,2096.0,2084.0,1445.0,3021495.0,170132
2023-05-10 21:02:51,SA2307,SA2307,2095.0,9.0,18819.0,3.0,4,2095.0,2096.0,81,2078.0,2090.0,2096.0,2084.0,1454.0,3040314.0,170135
2023-05-10 21:02:52,SA2307,SA2307,2095.0,1.0,2091.0,-1.0,3,2095.0,2096.0,73,2078.0,2090.0,2096.0,2084.0,1455.0,3042405.0,170134
2023-05-10 21:02:52,SA2307,SA2307,2095.0,3.0,6273.0,0.0,61,2094.0,2096.0,73,2078.0,2090.0,2096.0,2084.0,1458.0,3048678.0,170134
2023-05-10 21:02:53,SA2307,SA2307,2095.0,1.0,2091.0,0.0,63,2094.0,2095.0,19,2078.0,2090.0,2096.0,2084.0,1459.0,3050769.0,170134
2023-05-10 21:02:53,SA2307,SA2307,2095.0,7.0,14637.0,0.0,63,2094.0,2095.0,12,2078.0,2090.0,2096.0,2084.0,1466.0,3065406.0,170134
2023-05-10 21:02:54,SA2307,SA2307,2095.0,19.0,39729.0,7.0,3,2095.0,2096.0,87,2078.0,2090.0,2096.0,2084.0,1485.0,3105135.0,170141
2023-05-10 21:02:54,SA2307,SA2307,2095.0,0.0,0.0,0.0,26,2095.0,2096.0,61,2078.0,2090.0,2096.0,2084.0,1485.0,3105135.0,170141
2023-05-10 21:02:55,SA2307,SA2307,2095.0,0.0,0.0,0.0,26,2095.0,2096.0,69,2078.0,2090.0,2096.0,2084.0,1485.0,3105135.0,170141
2023-05-10 21:02:57,SA2307,SA2307,2096.0,8.0,16728.0,0.0,26,2095.0,2096.0,55,2078.0,2090.0,2096.0,2084.0,1493.0,3121863.0,170141
2023-05-10 21:02:57,SA2307,SA2307,2096.0,8.0,16728.0,0.0,26,2095.0,2096.0,47,2078.0,2090.0,2096.0,2084.0,1501.0,3138591.0,170141
2023-05-10 21:02:58,SA2307,SA2307,2096.0,0.0,0.0,0.0,28,2095.0,2096.0,47,2078.0,2090.0,2096.0,2084.0,1501.0,3138591.0,170141
2023-05-10 21:02:58,SA2307,SA2307,2096.0,52.0,108732.0,20.0,36,2095.0,2097.0,64,2078.0,2090.0,2096.0,2084.0,1553.0,3247323.0,170161
2023-05-10 21:02:59,SA2307,SA2307,2096.0,2.0,4182.0,-1.0,28,2095.0,2097.0,63,2078.0,2090.0,2096.0,2084.0,1555.0,3251505.0,170160
2023-05-10 21:03:00,SA2307,SA2307,2097.0,10.0,20910.0,0.0,30,2095.0,2097.0,54,2078.0,2090.0,2097.0,2084.0,1565.0,3272415.0,170160
2023-05-10 21:03:00,SA2307,SA2307,2097.0,0.0,0.0,0.0,1,2096.0,2097.0,30,2078.0,2090.0,2097.0,2084.0,1565.0,3272415.0,170160
2023-05-10 21:03:01,SA2307,SA2307,2097.0,0.0,0.0,0.0,5,2096.0,2097.0,32,2078.0,2090.0,2097.0,2084.0,1565.0,3272415.0,170160
2023-05-10 21:03:01,SA2307,SA2307,2097.0,29.0,60639.0,16.0,7,2097.0,2098.0,48,2078.0,2090.0,2097.0,2084.0,1594.0,3333054.0,170176
2023-05-10 21:03:02,SA2307,SA2307,2097.0,12.0,25092.0,-11.0,32,2096.0,2098.0,31,2078.0,2090.0,2097.0,2084.0,1606.0,3358146.0,170165
2023-05-10 21:03:02,SA2307,SA2307,2097.0,0.0,0.0,0.0,15,2096.0,2097.0,3,2078.0,2090.0,2097.0,2084.0,1606.0,3358146.0,170165
2023-05-10 21:03:02,SA2307,SA2307,2096.0,20.0,41820.0,-12.0,70,2095.0,2096.0,1,2078.0,2090.0,2097.0,2084.0,1626.0,3399966.0,170153
2023-05-10 21:03:03,SA2307,SA2307,2096.0,0.0,0.0,0.0,29,2095.0,2096.0,4,2078.0,2090.0,2097.0,2084.0,1626.0,3399966.0,170153
2023-05-10 21:03:03,SA2307,SA2307,2095.0,10.0,20910.0,0.0,19,2095.0,2096.0,112,2078.0,2090.0,2097.0,2084.0,1636.0,3420876.0,170153
2023-05-10 21:03:04,SA2307,SA2307,2095.0,20.0,41820.0,-16.0,94,2094.0,2096.0,120,2078.0,2090.0,2097.0,2084.0,1656.0,3462696.0,170137
2023-05-10 21:03:05,SA2307,SA2307,2095.0,0.0,0.0,0.0,1,2095.0,2096.0,128,2078.0,2090.0,2097.0,2084.0,1656.0,3462696.0,170137
2023-05-10 21:03:05,SA2307,SA2307,2094.0,6.0,12546.0,4.0,1,2095.0,2096.0,128,2078.0,2090.0,2097.0,2084.0,1662.0,3475242.0,170141
2023-05-10 21:03:05,SA2307,SA2307,2095.0,13.0,27183.0,10.0,97,2094.0,2096.0,120,2078.0,2090.0,2097.0,2084.0,1675.0,3502425.0,170151
2023-05-10 21:03:06,SA2307,SA2307,2096.0,9.0,18819.0,-3.0,74,2094.0,2096.0,116,2078.0,2090.0,2097.0,2084.0,1684.0,3521244.0,170148
2023-05-10 21:03:06,SA2307,SA2307,2096.0,0.0,0.0,0.0,1,2095.0,2096.0,108,2078.0,2090.0,2097.0,2084.0,1684.0,3521244.0,170148
2023-05-10 21:03:07,SA2307,SA2307,2095.0,21.0,43911.0,0.0,79,2094.0,2095.0,1,2078.0,2090.0,2097.0,2084.0,1705.0,3565155.0,170148
2023-05-10 21:03:08,SA2307,SA2307,2095.0,1.0,2091.0,0.0,2,2095.0,2096.0,96,2078.0,2090.0,2097.0,2084.0,1706.0,3567246.0,170148
2023-05-10 21:03:08,SA2307,SA2307,2095.0,2.0,4182.0,-1.0,1,2095.0,2096.0,104,2078.0,2090.0,2097.0,2084.0,1708.0,3571428.0,170147
2023-05-10 21:03:09,SA2307,SA2307,2095.0,0.0,0.0,0.0,1,2095.0,2096.0,96,2078.0,2090.0,2097.0,2084.0,1708.0,3571428.0,170147
2023-05-10 21:03:11,SA2307,SA2307,2095.0,1.0,2091.0,-1.0,76,2094.0,2095.0,2,2078.0,2090.0,2097.0,2084.0,1709.0,3573519.0,170146
2023-05-10 21:03:12,SA2307,SA2307,2095.0,1.0,2091.0,0.0,77,2094.0,2095.0,3,2078.0,2090.0,2097.0,2084.0,1710.0,3575610.0,170146
2023-05-10 21:03:12,SA2307,SA2307,2095.0,0.0,0.0,0.0,77,2094.0,2095.0,8,2078.0,2090.0,2097.0,2084.0,1710.0,3575610.0,170146
2023-05-10 21:03:14,SA2307,SA2307,2095.0,2.0,4182.0,2.0,80,2094.0,2095.0,6,2078.0,2090.0,2097.0,2084.0,1712.0,3579792.0,170148
2023-05-10 21:03:14,SA2307,SA2307,2095.0,6.0,12546.0,5.0,1,2095.0,2096.0,108,2078.0,2090.0,2097.0,2084.0,1718.0,3592338.0,170153
2023-05-10 21:03:14,SA2307,SA2307,2095.0,0.0,0.0,0.0,1,2095.0,2096.0,105,2078.0,2090.0,2097.0,2084.0,1718.0,3592338.0,170153
2023-05-10 21:03:15,SA2307,SA2307,2095.0,2.0,4182.0,1.0,88,2094.0,2096.0,114,2078.0,2090.0,2097.0,2084.0,1720.0,3596520.0,170154
2023-05-10 21:03:15,SA2307,SA2307,2095.0,0.0,0.0,0.0,1,2095.0,2096.0,105,2078.0,2090.0,2097.0,2084.0,1720.0,3596520.0,170154
2023-05-10 21:03:16,SA2307,SA2307,2095.0,2.0,4182.0,-1.0,1,2095.0,2096.0,113,2078.0,2090.0,2097.0,2084.0,1722.0,3600702.0,170153
2023-05-10 21:03:17,SA2307,SA2307,2095.0,1.0,2091.0,-1.0,79,2094.0,2095.0,10,2078.0,2090.0,2097.0,2084.0,1723.0,3602793.0,170152
2023-05-10 21:03:17,SA2307,SA2307,2095.0,0.0,0.0,0.0,79,2094.0,2095.0,12,2078.0,2090.0,2097.0,2084.0,1723.0,3602793.0,170152
2023-05-10 21:03:17,SA2307,SA2307,2095.0,0.0,0.0,0.0,79,2094.0,2095.0,16,2078.0,2090.0,2097.0,2084.0,1723.0,3602793.0,170152
2023-05-10 21:03:18,SA2307,SA2307,2095.0,1.0,2091.0,0.0,80,2094.0,2095.0,16,2078.0,2090.0,2097.0,2084.0,1724.0,3604884.0,170152
2023-05-10 21:03:19,SA2307,SA2307,2094.0,9.0,18819.0,0.0,71,2094.0,2095.0,16,2078.0,2090.0,2097.0,2084.0,1733.0,3623703.0,170152
2023-05-10 21:03:20,SA2307,SA2307,2094.0,0.0,0.0,0.0,72,2094.0,2095.0,16,2078.0,2090.0,2097.0,2084.0,1733.0,3623703.0,170152
2023-05-10 21:03:21,SA2307,SA2307,2095.0,23.0,48093.0,-7.0,73,2095.0,2096.0,138,2078.0,2090.0,2097.0,2084.0,1756.0,3671796.0,170145
2023-05-10 21:03:21,SA2307,SA2307,2095.0,74.0,156564.0,-8.0,1,2095.0,2096.0,140,2078.0,2090.0,2097.0,2084.0,1830.0,3828360.0,170137
2023-05-10 21:03:22,SA2307,SA2307,2095.0,1.0,2092.0,-1.0,79,2094.0,2095.0,5,2078.0,2090.0,2097.0,2084.0,1831.0,3830452.0,170136
2023-05-10 21:03:22,SA2307,SA2307,2095.0,0.0,0.0,0.0,72,2094.0,2095.0,5,2078.0,2090.0,2097.0,2084.0,1831.0,3830452.0,170136
2023-05-10 21:03:26,SA2307,SA2307,2095.0,4.0,8368.0,-3.0,72,2094.0,2095.0,2,2078.0,2090.0,2097.0,2084.0,1835.0,3838820.0,170133
2023-05-10 21:03:26,SA2307,SA2307,2095.0,0.0,0.0,0.0,72,2094.0,2095.0,6,2078.0,2090.0,2097.0,2084.0,1835.0,3838820.0,170133
2023-05-10 21:03:27,SA2307,SA2307,2094.0,1.0,2092.0,0.0,71,2094.0,2095.0,6,2078.0,2090.0,2097.0,2084.0,1836.0,3840912.0,170133
2023-05-10 21:03:28,SA2307,SA2307,2094.0,0.0,0.0,0.0,71,2094.0,2095.0,7,2078.0,2090.0,2097.0,2084.0,1836.0,3840912.0,170133
2023-05-10 21:03:30,SA2307,SA2307,2094.0,9.0,18828.0,1.0,72,2094.0,2096.0,138,2078.0,2090.0,2097.0,2084.0,1845.0,3859740.0,170134
2023-05-10 21:03:31,SA2307,SA2307,2094.0,76.0,158992.0,-67.0,17,2094.0,2095.0,1,2078.0,2090.0,2097.0,2084.0,1921.0,4018732.0,170067
2023-05-10 21:03:31,SA2307,SA2307,2094.0,0.0,0.0,0.0,9,2094.0,2095.0,5,2078.0,2090.0,2097.0,2084.0,1921.0,4018732.0,170067
2023-05-10 21:03:31,SA2307,SA2307,2094.0,0.0,0.0,0.0,17,2094.0,2095.0,5,2078.0,2090.0,2097.0,2084.0,1921.0,4018732.0,170067
2023-05-10 21:03:32,SA2307,SA2307,2095.0,4.0,8368.0,-1.0,1,2095.0,2096.0,110,2078.0,2090.0,2097.0,2084.0,1925.0,4027100.0,170066
2023-05-10 21:03:32,SA2307,SA2307,2095.0,1.0,2092.0,0.0,18,2094.0,2095.0,20,2078.0,2090.0,2097.0,2084.0,1926.0,4029192.0,170066
2023-05-10 21:03:33,SA2307,SA2307,2095.0,2.0,4184.0,2.0,16,2094.0,2095.0,19,2078.0,2090.0,2097.0,2084.0,1928.0,4033376.0,170068
2023-05-10 21:03:33,SA2307,SA2307,2095.0,0.0,0.0,0.0,16,2094.0,2095.0,20,2078.0,2090.0,2097.0,2084.0,1928.0,4033376.0,170068
2023-05-10 21:03:34,SA2307,SA2307,2095.0,21.0,43932.0,-2.0,29,2095.0,2096.0,151,2078.0,2090.0,2097.0,2084.0,1949.0,4077308.0,170066
2023-05-10 21:03:34,SA2307,SA2307,2095.0,30.0,62760.0,-6.0,1,2095.0,2096.0,124,2078.0,2090.0,2097.0,2084.0,1979.0,4140068.0,170060
2023-05-10 21:03:35,SA2307,SA2307,2095.0,0.0,0.0,0.0,3,2095.0,2096.0,108,2078.0,2090.0,2097.0,2084.0,1979.0,4140068.0,170060
2023-05-10 21:03:35,SA2307,SA2307,2096.0,25.0,52300.0,0.0,16,2095.0,2096.0,75,2078.0,2090.0,2097.0,2084.0,2004.0,4192368.0,170060
2023-05-10 21:03:36,SA2307,SA2307,2096.0,18.0,37656.0,6.0,10,2095.0,2096.0,33,2078.0,2090.0,2097.0,2084.0,2022.0,4230024.0,170066
2023-05-10 21:03:37,SA2307,SA2307,2096.0,0.0,0.0,0.0,8,2095.0,2096.0,33,2078.0,2090.0,2097.0,2084.0,2022.0,4230024.0,170066
2023-05-10 21:03:37,SA2307,SA2307,2096.0,1.0,2092.0,1.0,8,2095.0,2096.0,32,2078.0,2090.0,2097.0,2084.0,2023.0,4232116.0,170067
2023-05-10 21:03:38,SA2307,SA2307,2095.0,18.0,37656.0,17.0,28,2094.0,2095.0,13,2078.0,2090.0,2097.0,2084.0,2041.0,4269772.0,170084
2023-05-10 21:03:38,SA2307,SA2307,2095.0,13.0,27196.0,0.0,1,2095.0,2096.0,43,2078.0,2090.0,2097.0,2084.0,2054.0,4296968.0,170084
2023-05-10 21:03:38,SA2307,SA2307,2096.0,1.0,2092.0,1.0,1,2095.0,2096.0,34,2078.0,2090.0,2097.0,2084.0,2055.0,4299060.0,170085
2023-05-10 21:03:39,SA2307,SA2307,2096.0,1.0,2092.0,1.0,6,2095.0,2096.0,34,2078.0,2090.0,2097.0,2084.0,2056.0,4301152.0,170086
2023-05-10 21:03:39,SA2307,SA2307,2095.0,6.0,12552.0,0.0,19,2094.0,2095.0,15,2078.0,2090.0,2097.0,2084.0,2062.0,4313704.0,170086
2023-05-10 21:03:40,SA2307,SA2307,2095.0,7.0,14644.0,0.0,20,2094.0,2095.0,8,2078.0,2090.0,2097.0,2084.0,2069.0,4328348.0,170086
2023-05-10 21:03:40,SA2307,SA2307,2094.0,1.0,2092.0,1.0,19,2094.0,2095.0,8,2078.0,2090.0,2097.0,2084.0,2070.0,4330440.0,170087
2023-05-10 21:03:41,SA2307,SA2307,2095.0,11.0,23012.0,-2.0,22,2094.0,2096.0,35,2078.0,2090.0,2097.0,2084.0,2081.0,4353452.0,170085
2023-05-10 21:03:41,SA2307,SA2307,2095.0,2.0,4184.0,1.0,1,2095.0,2096.0,43,2078.0,2090.0,2097.0,2084.0,2083.0,4357636.0,170086
2023-05-10 21:03:42,SA2307,SA2307,2095.0,2.0,4184.0,0.0,1,2095.0,2096.0,44,2078.0,2090.0,2097.0,2084.0,2085.0,4361820.0,170086
2023-05-10 21:03:42,SA2307,SA2307,2095.0,1.0,2092.0,-1.0,15,2094.0,2095.0,1,2078.0,2090.0,2097.0,2084.0,2086.0,4363912.0,170085
2023-05-10 21:03:43,SA2307,SA2307,2094.0,2.0,4184.0,-2.0,12,2094.0,2095.0,11,2078.0,2090.0,2097.0,2084.0,2088.0,4368096.0,170083
2023-05-10 21:03:43,SA2307,SA2307,2094.0,0.0,0.0,0.0,12,2094.0,2095.0,16,2078.0,2090.0,2097.0,2084.0,2088.0,4368096.0,170083
2023-05-10 21:03:44,SA2307,SA2307,2094.0,0.0,0.0,0.0,12,2094.0,2095.0,22,2078.0,2090.0,2097.0,2084.0,2088.0,4368096.0,170083
2023-05-10 21:03:44,SA2307,SA2307,2094.0,0.0,0.0,0.0,12,2094.0,2095.0,21,2078.0,2090.0,2097.0,2084.0,2088.0,4368096.0,170083
2023-05-10 21:03:46,SA2307,SA2307,2094.0,0.0,0.0,0.0,12,2094.0,2095.0,16,2078.0,2090.0,2097.0,2084.0,2088.0,4368096.0,170083
2023-05-10 21:03:46,SA2307,SA2307,2094.0,14.0,29288.0,7.0,9,2093.0,2094.0,18,2078.0,2090.0,2097.0,2084.0,2102.0,4397384.0,170090
2023-05-10 21:03:46,SA2307,SA2307,2094.0,3.0,6276.0,3.0,8,2093.0,2094.0,15,2078.0,2090.0,2097.0,2084.0,2105.0,4403660.0,170093
2023-05-10 21:03:47,SA2307,SA2307,2094.0,0.0,0.0,0.0,6,2093.0,2094.0,15,2078.0,2090.0,2097.0,2084.0,2105.0,4403660.0,170093
2023-05-10 21:03:48,SA2307,SA2307,2093.0,1.0,2092.0,0.0,4,2093.0,2094.0,15,2078.0,2090.0,2097.0,2084.0,2106.0,4405752.0,170093
2023-05-10 21:03:48,SA2307,SA2307,2093.0,0.0,0.0,0.0,5,2093.0,2094.0,15,2078.0,2090.0,2097.0,2084.0,2106.0,4405752.0,170093
2023-05-10 21:03:49,SA2307,SA2307,2093.0,1.0,2092.0,0.0,4,2093.0,2094.0,15,2078.0,2090.0,2097.0,2084.0,2107.0,4407844.0,170093
2023-05-10 21:03:50,SA2307,SA2307,2094.0,1.0,2092.0,1.0,9,2093.0,2094.0,14,2078.0,2090.0,2097.0,2084.0,2108.0,4409936.0,170094
2023-05-10 21:03:50,SA2307,SA2307,2094.0,0.0,0.0,0.0,10,2093.0,2094.0,14,2078.0,2090.0,2097.0,2084.0,2108.0,4409936.0,170094
2023-05-10 21:03:50,SA2307,SA2307,2094.0,0.0,0.0,0.0,10,2093.0,2094.0,16,2078.0,2090.0,2097.0,2084.0,2108.0,4409936.0,170094
2023-05-10 21:03:51,SA2307,SA2307,2094.0,0.0,0.0,0.0,9,2093.0,2094.0,16,2078.0,2090.0,2097.0,2084.0,2108.0,4409936.0,170094
2023-05-10 21:03:52,SA2307,SA2307,2093.0,9.0,18828.0,3.0,17,2092.0,2094.0,17,2078.0,2090.0,2097.0,2084.0,2117.0,4428764.0,170097
2023-05-10 21:03:52,SA2307,SA2307,2093.0,0.0,0.0,0.0,9,2092.0,2094.0,33,2078.0,2090.0,2097.0,2084.0,2117.0,4428764.0,170097
2023-05-10 21:03:53,SA2307,SA2307,2093.0,0.0,0.0,0.0,17,2092.0,2094.0,25,2078.0,2090.0,2097.0,2084.0,2117.0,4428764.0,170097
2023-05-10 21:03:53,SA2307,SA2307,2093.0,0.0,0.0,0.0,1,2093.0,2094.0,17,2078.0,2090.0,2097.0,2084.0,2117.0,4428764.0,170097
2023-05-10 21:03:55,SA2307,SA2307,2093.0,1.0,2092.0,0.0,17,2092.0,2094.0,25,2078.0,2090.0,2097.0,2084.0,2118.0,4430856.0,170097
2023-05-10 21:03:55,SA2307,SA2307,2093.0,0.0,0.0,0.0,9,2092.0,2094.0,33,2078.0,2090.0,2097.0,2084.0,2118.0,4430856.0,170097
2023-05-10 21:03:56,SA2307,SA2307,2094.0,1.0,2092.0,1.0,9,2092.0,2094.0,32,2078.0,2090.0,2097.0,2084.0,2119.0,4432948.0,170098
2023-05-10 21:03:57,SA2307,SA2307,2094.0,2.0,4184.0,1.0,4,2093.0,2094.0,15,2078.0,2090.0,2097.0,2084.0,2121.0,4437132.0,170099
2023-05-10 21:03:57,SA2307,SA2307,2094.0,0.0,0.0,0.0,4,2093.0,2094.0,18,2078.0,2090.0,2097.0,2084.0,2121.0,4437132.0,170099
2023-05-10 21:03:58,SA2307,SA2307,2093.0,4.0,8368.0,0.0,14,2092.0,2093.0,4,2078.0,2090.0,2097.0,2084.0,2125.0,4445500.0,170099
2023-05-10 21:03:59,SA2307,SA2307,2093.0,0.0,0.0,0.0,12,2092.0,2093.0,7,2078.0,2090.0,2097.0,2084.0,2125.0,4445500.0,170099
2023-05-10 21:04:00,SA2307,SA2307,2093.0,2.0,4184.0,-1.0,10,2092.0,2093.0,2,2078.0,2090.0,2097.0,2084.0,2127.0,4449684.0,170098
2023-05-10 21:04:01,SA2307,SA2307,2093.0,1.0,2092.0,-1.0,9,2092.0,2093.0,1,2078.0,2090.0,2097.0,2084.0,2128.0,4451776.0,170097
2023-05-10 21:04:01,SA2307,SA2307,2093.0,1.0,2092.0,-1.0,10,2092.0,2094.0,53,2078.0,2090.0,2097.0,2084.0,2129.0,4453868.0,170096
2023-05-10 21:04:02,SA2307,SA2307,2092.0,3.0,6276.0,1.0,18,2092.0,2093.0,8,2078.0,2090.0,2097.0,2084.0,2132.0,4460144.0,170097
2023-05-10 21:04:02,SA2307,SA2307,2092.0,0.0,0.0,0.0,9,2092.0,2094.0,46,2078.0,2090.0,2097.0,2084.0,2132.0,4460144.0,170097
2023-05-10 21:04:02,SA2307,SA2307,2092.0,0.0,0.0,0.0,2,2093.0,2094.0,38,2078.0,2090.0,2097.0,2084.0,2132.0,4460144.0,170097
2023-05-10 21:04:03,SA2307,SA2307,2093.0,3.0,6276.0,1.0,19,2092.0,2093.0,11,2078.0,2090.0,2097.0,2084.0,2135.0,4466420.0,170098
2023-05-10 21:04:03,SA2307,SA2307,2093.0,0.0,0.0,0.0,10,2092.0,2093.0,11,2078.0,2090.0,2097.0,2084.0,2135.0,4466420.0,170098
2023-05-10 21:04:05,SA2307,SA2307,2093.0,0.0,0.0,0.0,11,2092.0,2093.0,11,2078.0,2090.0,2097.0,2084.0,2135.0,4466420.0,170098
2023-05-10 21:04:05,SA2307,SA2307,2093.0,3.0,6276.0,3.0,11,2092.0,2093.0,8,2078.0,2090.0,2097.0,2084.0,2138.0,4472696.0,170101
2023-05-10 21:04:07,SA2307,SA2307,2092.0,1.0,2092.0,0.0,10,2092.0,2093.0,9,2078.0,2090.0,2097.0,2084.0,2139.0,4474788.0,170101
2023-05-10 21:04:08,SA2307,SA2307,2092.0,2.0,4184.0,2.0,9,2092.0,2093.0,8,2078.0,2090.0,2097.0,2084.0,2141.0,4478972.0,170103
2023-05-10 21:04:09,SA2307,SA2307,2093.0,2.0,4184.0,2.0,9,2092.0,2093.0,6,2078.0,2090.0,2097.0,2084.0,2143.0,4483156.0,170105
2023-05-10 21:04:10,SA2307,SA2307,2093.0,0.0,0.0,0.0,10,2092.0,2093.0,6,2078.0,2090.0,2097.0,2084.0,2143.0,4483156.0,170105
2023-05-10 21:04:11,SA2307,SA2307,2093.0,1.0,2092.0,1.0,7,2092.0,2093.0,5,2078.0,2090.0,2097.0,2084.0,2144.0,4485248.0,170106
2023-05-10 21:04:11,SA2307,SA2307,2093.0,0.0,0.0,0.0,9,2092.0,2093.0,5,2078.0,2090.0,2097.0,2084.0,2144.0,4485248.0,170106
2023-05-10 21:04:12,SA2307,SA2307,2091.0,21.0,43932.0,-12.0,68,2091.0,2093.0,5,2078.0,2090.0,2097.0,2084.0,2165.0,4529180.0,170094
2023-05-10 21:04:12,SA2307,SA2307,2092.0,2.0,4184.0,0.0,52,2091.0,2093.0,11,2078.0,2090.0,2097.0,2084.0,2167.0,4533364.0,170094
2023-05-10 21:04:13,SA2307,SA2307,2092.0,0.0,0.0,0.0,28,2091.0,2093.0,11,2078.0,2090.0,2097.0,2084.0,2167.0,4533364.0,170094
2023-05-10 21:04:13,SA2307,SA2307,2092.0,0.0,0.0,0.0,28,2091.0,2093.0,12,2078.0,2090.0,2097.0,2084.0,2167.0,4533364.0,170094
2023-05-10 21:04:14,SA2307,SA2307,2092.0,0.0,0.0,0.0,29,2091.0,2093.0,13,2078.0,2090.0,2097.0,2084.0,2167.0,4533364.0,170094
2023-05-10 21:04:14,SA2307,SA2307,2092.0,0.0,0.0,0.0,1,2092.0,2093.0,13,2078.0,2090.0,2097.0,2084.0,2167.0,4533364.0,170094
2023-05-10 21:04:15,SA2307,SA2307,2092.0,4.0,8368.0,0.0,59,2091.0,2092.0,2,2078.0,2090.0,2097.0,2084.0,2171.0,4541732.0,170094
2023-05-10 21:04:15,SA2307,SA2307,2092.0,2.0,4184.0,0.0,46,2091.0,2093.0,23,2078.0,2090.0,2097.0,2084.0,2173.0,4545916.0,170094
2023-05-10 21:04:16,SA2307,SA2307,2092.0,5.0,10460.0,5.0,26,2091.0,2092.0,25,2078.0,2090.0,2097.0,2084.0,2178.0,4556376.0,170099
2023-05-10 21:04:17,SA2307,SA2307,2091.0,6.0,12552.0,-4.0,11,2091.0,2092.0,28,2078.0,2090.0,2097.0,2084.0,2184.0,4568928.0,170095
2023-05-10 21:04:18,SA2307,SA2307,2091.0,7.0,14644.0,-2.0,13,2091.0,2092.0,24,2078.0,2090.0,2097.0,2084.0,2191.0,4583572.0,170093
2023-05-10 21:04:18,SA2307,SA2307,2092.0,8.0,16736.0,8.0,6,2091.0,2092.0,21,2078.0,2090.0,2097.0,2084.0,2199.0,4600308.0,170101
2023-05-10 21:04:19,SA2307,SA2307,2091.0,15.0,31380.0,10.0,104,2090.0,2092.0,21,2078.0,2090.0,2097.0,2084.0,2214.0,4631688.0,170111
2023-05-10 21:04:19,SA2307,SA2307,2091.0,0.0,0.0,0.0,106,2090.0,2092.0,24,2078.0,2090.0,2097.0,2084.0,2214.0,4631688.0,170111
2023-05-10 21:04:19,SA2307,SA2307,2091.0,0.0,0.0,0.0,98,2090.0,2091.0,9,2078.0,2090.0,2097.0,2084.0,2214.0,4631688.0,170111
2023-05-10 21:04:20,SA2307,SA2307,2091.0,1.0,2092.0,1.0,82,2090.0,2091.0,8,2078.0,2090.0,2097.0,2084.0,2215.0,4633780.0,170112
2023-05-10 21:04:21,SA2307,SA2307,2090.0,1.0,2092.0,0.0,63,2090.0,2091.0,8,2078.0,2090.0,2097.0,2084.0,2216.0,4635872.0,170112
2023-05-10 21:04:21,SA2307,SA2307,2090.0,9.0,18828.0,-6.0,47,2090.0,2091.0,8,2078.0,2090.0,2097.0,2084.0,2225.0,4654700.0,170106
2023-05-10 21:04:22,SA2307,SA2307,2091.0,6.0,12552.0,2.0,25,2090.0,2091.0,6,2078.0,2090.0,2097.0,2084.0,2231.0,4667252.0,170108
2023-05-10 21:04:22,SA2307,SA2307,2090.0,23.0,48116.0,-17.0,4,2090.0,2091.0,7,2078.0,2090.0,2097.0,2084.0,2254.0,4715368.0,170091
2023-05-10 21:04:23,SA2307,SA2307,2090.0,27.0,56484.0,5.0,2,2090.0,2091.0,10,2078.0,2090.0,2097.0,2084.0,2281.0,4771852.0,170096
2023-05-10 21:04:23,SA2307,SA2307,2089.0,4.0,8368.0,2.0,20,2089.0,2091.0,18,2078.0,2090.0,2097.0,2084.0,2285.0,4780220.0,170098
2023-05-10 21:04:23,SA2307,SA2307,2089.0,0.0,0.0,0.0,4,2089.0,2091.0,26,2078.0,2090.0,2097.0,2084.0,2285.0,4780220.0,170098
2023-05-10 21:04:24,SA2307,SA2307,2090.0,3.0,6276.0,3.0,4,2089.0,2090.0,32,2078.0,2090.0,2097.0,2084.0,2288.0,4786496.0,170101
2023-05-10 21:04:24,SA2307,SA2307,2089.0,4.0,8368.0,4.0,36,2088.0,2090.0,32,2078.0,2090.0,2097.0,2084.0,2292.0,4794864.0,170105
2023-05-10 21:04:25,SA2307,SA2307,2089.0,0.0,0.0,0.0,12,2088.0,2090.0,42,2078.0,2090.0,2097.0,2084.0,2292.0,4794864.0,170105
2023-05-10 21:04:25,SA2307,SA2307,2088.0,3.0,6276.0,1.0,16,2088.0,2090.0,34,2078.0,2090.0,2097.0,2084.0,2295.0,4801140.0,170106
2023-05-10 21:04:26,SA2307,SA2307,2089.0,1.0,2092.0,1.0,10,2088.0,2090.0,42,2078.0,2090.0,2097.0,2084.0,2296.0,4803232.0,170107
2023-05-10 21:04:26,SA2307,SA2307,2089.0,1.0,2092.0,1.0,17,2088.0,2090.0,34,2078.0,2090.0,2097.0,2084.0,2297.0,4805324.0,170108
2023-05-10 21:04:27,SA2307,SA2307,2089.0,42.0,87864.0,33.0,24,2088.0,2090.0,43,2078.0,2090.0,2097.0,2084.0,2339.0,4893188.0,170141
2023-05-10 21:04:27,SA2307,SA2307,2089.0,4.0,8368.0,4.0,18,2088.0,2090.0,51,2078.0,2090.0,2097.0,2084.0,2343.0,4901556.0,170145
2023-05-10 21:04:28,SA2307,SA2307,2089.0,0.0,0.0,0.0,19,2088.0,2090.0,69,2078.0,2090.0,2097.0,2084.0,2343.0,4901556.0,170145
2023-05-10 21:04:29,SA2307,SA2307,2089.0,0.0,0.0,0.0,16,2088.0,2090.0,69,2078.0,2090.0,2097.0,2084.0,2343.0,4901556.0,170145
2023-05-10 21:04:29,SA2307,SA2307,2089.0,0.0,0.0,0.0,16,2088.0,2089.0,4,2078.0,2090.0,2097.0,2084.0,2343.0,4901556.0,170145
2023-05-10 21:04:29,SA2307,SA2307,2089.0,0.0,0.0,0.0,10,2088.0,2089.0,12,2078.0,2090.0,2097.0,2084.0,2343.0,4901556.0,170145
2023-05-10 21:04:30,SA2307,SA2307,2089.0,4.0,8368.0,3.0,10,2088.0,2089.0,10,2078.0,2090.0,2097.0,2084.0,2347.0,4909924.0,170148
2023-05-10 21:04:30,SA2307,SA2307,2088.0,9.0,18828.0,9.0,10,2088.0,2089.0,8,2078.0,2090.0,2097.0,2084.0,2356.0,4928752.0,170157
2023-05-10 21:04:31,SA2307,SA2307,2088.0,0.0,0.0,0.0,9,2088.0,2089.0,9,2078.0,2090.0,2097.0,2084.0,2356.0,4928752.0,170157
2023-05-10 21:04:32,SA2307,SA2307,2088.0,13.0,27196.0,10.0,46,2087.0,2088.0,17,2078.0,2090.0,2097.0,2084.0,2369.0,4955948.0,170167
2023-05-10 21:04:32,SA2307,SA2307,2088.0,2.0,4184.0,2.0,26,2087.0,2088.0,15,2078.0,2090.0,2097.0,2084.0,2371.0,4960132.0,170169
2023-05-10 21:04:33,SA2307,SA2307,2088.0,1.0,2092.0,1.0,26,2087.0,2088.0,14,2078.0,2090.0,2097.0,2084.0,2372.0,4962224.0,170170
2023-05-10 21:04:33,SA2307,SA2307,2088.0,2.0,4184.0,0.0,26,2087.0,2088.0,13,2078.0,2090.0,2097.0,2084.0,2374.0,4966408.0,170170
2023-05-10 21:04:33,SA2307,SA2307,2087.0,3.0,6276.0,0.0,25,2087.0,2088.0,13,2078.0,2090.0,2097.0,2084.0,2377.0,4972684.0,170170
2023-05-10 21:04:35,SA2307,SA2307,2087.0,27.0,56484.0,13.0,83,2086.0,2088.0,22,2078.0,2090.0,2097.0,2084.0,2404.0,5029168.0,170183
2023-05-10 21:04:35,SA2307,SA2307,2087.0,3.0,6276.0,2.0,35,2086.0,2087.0,4,2078.0,2090.0,2097.0,2084.0,2407.0,5035444.0,170185
2023-05-10 21:04:35,SA2307,SA2307,2087.0,0.0,0.0,0.0,17,2086.0,2087.0,4,2078.0,2090.0,2097.0,2084.0,2407.0,5035444.0,170185
2023-05-10 21:04:36,SA2307,SA2307,2086.0,6.0,12552.0,1.0,12,2086.0,2087.0,2,2078.0,2090.0,2097.0,2084.0,2413.0,5047996.0,170186
2023-05-10 21:04:37,SA2307,SA2307,2087.0,2.0,4184.0,-1.0,50,2087.0,2088.0,51,2078.0,2090.0,2097.0,2084.0,2415.0,5052180.0,170185
2023-05-10 21:04:37,SA2307,SA2307,2087.0,0.0,0.0,0.0,49,2087.0,2088.0,30,2078.0,2090.0,2097.0,2084.0,2415.0,5052180.0,170185
2023-05-10 21:04:37,SA2307,SA2307,2087.0,0.0,0.0,0.0,57,2087.0,2088.0,30,2078.0,2090.0,2097.0,2084.0,2415.0,5052180.0,170185
2023-05-10 21:04:39,SA2307,SA2307,2087.0,20.0,41840.0,0.0,37,2087.0,2088.0,30,2078.0,2090.0,2097.0,2084.0,2435.0,5094020.0,170185
2023-05-10 21:04:39,SA2307,SA2307,2087.0,0.0,0.0,0.0,29,2087.0,2088.0,30,2078.0,2090.0,2097.0,2084.0,2435.0,5094020.0,170185
2023-05-10 21:04:39,SA2307,SA2307,2087.0,15.0,31380.0,0.0,14,2087.0,2088.0,30,2078.0,2090.0,2097.0,2084.0,2450.0,5125400.0,170185
2023-05-10 21:04:40,SA2307,SA2307,2088.0,1.0,2092.0,1.0,14,2087.0,2088.0,29,2078.0,2090.0,2097.0,2084.0,2451.0,5127492.0,170186
2023-05-10 21:04:41,SA2307,SA2307,2088.0,0.0,0.0,0.0,14,2087.0,2088.0,30,2078.0,2090.0,2097.0,2084.0,2451.0,5127492.0,170186
2023-05-10 21:04:41,SA2307,SA2307,2087.0,33.0,69036.0,1.0,31,2086.0,2088.0,12,2078.0,2090.0,2097.0,2084.0,2484.0,5196528.0,170187
2023-05-10 21:04:42,SA2307,SA2307,2087.0,0.0,0.0,0.0,8,2086.0,2088.0,28,2078.0,2090.0,2097.0,2084.0,2484.0,5196528.0,170187
2023-05-10 21:04:42,SA2307,SA2307,2087.0,0.0,0.0,0.0,6,2086.0,2087.0,6,2078.0,2090.0,2097.0,2084.0,2484.0,5196528.0,170187
2023-05-10 21:04:43,SA2307,SA2307,2086.0,1.0,2092.0,1.0,3,2086.0,2087.0,14,2078.0,2090.0,2097.0,2084.0,2485.0,5198620.0,170188
2023-05-10 21:04:43,SA2307,SA2307,2086.0,0.0,0.0,0.0,3,2086.0,2087.0,16,2078.0,2090.0,2097.0,2084.0,2485.0,5198620.0,170188
2023-05-10 21:04:44,SA2307,SA2307,2085.0,5.0,10460.0,2.0,22,2085.0,2087.0,16,2078.0,2090.0,2097.0,2084.0,2490.0,5209080.0,170190
2023-05-10 21:04:44,SA2307,SA2307,2085.0,0.0,0.0,0.0,6,2085.0,2087.0,24,2078.0,2090.0,2097.0,2084.0,2490.0,5209080.0,170190
2023-05-10 21:04:45,SA2307,SA2307,2085.0,0.0,0.0,0.0,12,2085.0,2087.0,24,2078.0,2090.0,2097.0,2084.0,2490.0,5209080.0,170190
2023-05-10 21:04:45,SA2307,SA2307,2085.0,10.0,20920.0,8.0,7,2085.0,2087.0,25,2078.0,2090.0,2097.0,2084.0,2500.0,5230000.0,170198
2023-05-10 21:04:46,SA2307,SA2307,2085.0,0.0,0.0,0.0,8,2085.0,2086.0,4,2078.0,2090.0,2097.0,2084.0,2500.0,5230000.0,170198
2023-05-10 21:04:47,SA2307,SA2307,2085.0,2.0,4184.0,2.0,13,2085.0,2086.0,4,2078.0,2090.0,2097.0,2084.0,2502.0,5234184.0,170200
2023-05-10 21:04:47,SA2307,SA2307,2085.0,0.0,0.0,0.0,14,2085.0,2086.0,4,2078.0,2090.0,2097.0,2084.0,2502.0,5234184.0,170200
2023-05-10 21:04:49,SA2307,SA2307,2086.0,1.0,2092.0,1.0,13,2085.0,2086.0,1,2078.0,2090.0,2097.0,2084.0,2503.0,5236276.0,170201
2023-05-10 21:04:49,SA2307,SA2307,2086.0,0.0,0.0,0.0,16,2085.0,2087.0,39,2078.0,2090.0,2097.0,2084.0,2503.0,5236276.0,170201
2023-05-10 21:04:49,SA2307,SA2307,2086.0,0.0,0.0,0.0,16,2085.0,2087.0,25,2078.0,2090.0,2097.0,2084.0,2503.0,5236276.0,170201
2023-05-10 21:04:50,SA2307,SA2307,2086.0,1.0,2092.0,1.0,15,2085.0,2086.0,1,2078.0,2090.0,2097.0,2084.0,2504.0,5238368.0,170202
2023-05-10 21:04:51,SA2307,SA2307,2086.0,0.0,0.0,0.0,15,2085.0,2086.0,3,2078.0,2090.0,2097.0,2084.0,2504.0,5238368.0,170202
2023-05-10 21:04:51,SA2307,SA2307,2085.0,12.0,25104.0,8.0,28,2085.0,2086.0,4,2078.0,2090.0,2097.0,2084.0,2516.0,5263472.0,170210
2023-05-10 21:04:51,SA2307,SA2307,2085.0,0.0,0.0,0.0,8,2085.0,2086.0,5,2078.0,2090.0,2097.0,2084.0,2516.0,5263472.0,170210
2023-05-10 21:04:52,SA2307,SA2307,2086.0,19.0,37213.0,17.0,2,2086.0,2087.0,25,2078.0,2090.0,2097.0,2084.0,2535.0,5300685.0,170227
2023-05-10 21:04:52,SA2307,SA2307,2086.0,1.0,2091.0,0.0,2,2086.0,2087.0,7,2078.0,2090.0,2097.0,2084.0,2536.0,5302776.0,170227
2023-05-10 21:04:54,SA2307,SA2307,2086.0,0.0,0.0,0.0,2,2086.0,2087.0,6,2078.0,2090.0,2097.0,2084.0,2536.0,5302776.0,170227
2023-05-10 21:04:54,SA2307,SA2307,2086.0,0.0,0.0,0.0,3,2086.0,2087.0,7,2078.0,2090.0,2097.0,2084.0,2536.0,5302776.0,170227
2023-05-10 21:04:55,SA2307,SA2307,2086.0,8.0,16728.0,6.0,32,2085.0,2086.0,32,2078.0,2090.0,2097.0,2084.0,2544.0,5319504.0,170233
2023-05-10 21:04:55,SA2307,SA2307,2086.0,0.0,0.0,0.0,10,2085.0,2086.0,32,2078.0,2090.0,2097.0,2084.0,2544.0,5319504.0,170233
2023-05-10 21:04:56,SA2307,SA2307,2086.0,0.0,0.0,0.0,10,2085.0,2086.0,38,2078.0,2090.0,2097.0,2084.0,2544.0,5319504.0,170233
2023-05-10 21:04:57,SA2307,SA2307,2085.0,2.0,4182.0,-2.0,7,2085.0,2086.0,40,2078.0,2090.0,2097.0,2084.0,2546.0,5323686.0,170231
2023-05-10 21:04:57,SA2307,SA2307,2086.0,1.0,2091.0,0.0,7,2085.0,2086.0,37,2078.0,2090.0,2097.0,2084.0,2547.0,5325777.0,170231
2023-05-10 21:04:58,SA2307,SA2307,2086.0,6.0,12546.0,3.0,4,2085.0,2086.0,36,2078.0,2090.0,2097.0,2084.0,2553.0,5338323.0,170234
2023-05-10 21:04:59,SA2307,SA2307,2086.0,1.0,2091.0,0.0,4,2085.0,2086.0,35,2078.0,2090.0,2097.0,2084.0,2554.0,5340414.0,170234
2023-05-10 21:04:59,SA2307,SA2307,2086.0,0.0,0.0,0.0,7,2085.0,2086.0,35,2078.0,2090.0,2097.0,2084.0,2554.0,5340414.0,170234
2023-05-10 21:05:00,SA2307,SA2307,2086.0,0.0,0.0,0.0,8,2085.0,2086.0,35,2078.0,2090.0,2097.0,2084.0,2554.0,5340414.0,170234
2023-05-10 21:05:00,SA2307,SA2307,2086.0,0.0,0.0,0.0,20,2085.0,2086.0,35,2078.0,2090.0,2097.0,2084.0,2554.0,5340414.0,170234
2023-05-10 21:05:01,SA2307,SA2307,2086.0,25.0,52275.0,25.0,22,2085.0,2086.0,10,2078.0,2090.0,2097.0,2084.0,2579.0,5392689.0,170259
2023-05-10 21:05:02,SA2307,SA2307,2086.0,2.0,4182.0,2.0,20,2085.0,2086.0,8,2078.0,2090.0,2097.0,2084.0,2581.0,5396871.0,170261
2023-05-10 21:05:02,SA2307,SA2307,2086.0,1.0,2091.0,1.0,28,2085.0,2086.0,7,2078.0,2090.0,2097.0,2084.0,2582.0,5398962.0,170262
2023-05-10 21:05:02,SA2307,SA2307,2086.0,1.0,2091.0,1.0,29,2085.0,2086.0,6,2078.0,2090.0,2097.0,2084.0,2583.0,5401053.0,170263
2023-05-10 21:05:03,SA2307,SA2307,2086.0,7.0,14637.0,2.0,1,2086.0,2087.0,42,2078.0,2090.0,2097.0,2084.0,2590.0,5415690.0,170265
2023-05-10 21:05:04,SA2307,SA2307,2086.0,0.0,0.0,0.0,6,2086.0,2087.0,7,2078.0,2090.0,2097.0,2084.0,2590.0,5415690.0,170265
2023-05-10 21:05:04,SA2307,SA2307,2087.0,6.0,12546.0,1.0,7,2086.0,2088.0,66,2078.0,2090.0,2097.0,2084.0,2596.0,5428236.0,170266
2023-05-10 21:05:05,SA2307,SA2307,2087.0,0.0,0.0,0.0,9,2086.0,2088.0,36,2078.0,2090.0,2097.0,2084.0,2596.0,5428236.0,170266
2023-05-10 21:05:05,SA2307,SA2307,2087.0,0.0,0.0,0.0,8,2087.0,2088.0,28,2078.0,2090.0,2097.0,2084.0,2596.0,5428236.0,170266
2023-05-10 21:05:06,SA2307,SA2307,2088.0,10.0,20910.0,-2.0,8,2087.0,2089.0,90,2078.0,2090.0,2097.0,2084.0,2606.0,5449146.0,170264
2023-05-10 21:05:06,SA2307,SA2307,2089.0,7.0,14637.0,-7.0,13,2088.0,2089.0,15,2078.0,2090.0,2097.0,2084.0,2613.0,5463783.0,170257
2023-05-10 21:05:07,SA2307,SA2307,2089.0,15.0,31365.0,-6.0,1,2089.0,2090.0,77,2078.0,2090.0,2097.0,2084.0,2628.0,5495148.0,170251
2023-05-10 21:05:07,SA2307,SA2307,2089.0,0.0,0.0,0.0,12,2089.0,2090.0,37,2078.0,2090.0,2097.0,2084.0,2628.0,5495148.0,170251
2023-05-10 21:05:08,SA2307,SA2307,2089.0,0.0,0.0,0.0,113,2089.0,2090.0,34,2078.0,2090.0,2097.0,2084.0,2628.0,5495148.0,170251
2023-05-10 21:05:09,SA2307,SA2307,2090.0,34.0,71094.0,21.0,5,2090.0,2091.0,13,2078.0,2090.0,2097.0,2084.0,2662.0,5566242.0,170272
2023-05-10 21:05:09,SA2307,SA2307,2090.0,18.0,37638.0,-14.0,3,2090.0,2091.0,1,2078.0,2090.0,2097.0,2084.0,2680.0,5603880.0,170258
2023-05-10 21:05:10,SA2307,SA2307,2090.0,0.0,0.0,0.0,6,2090.0,2091.0,4,2078.0,2090.0,2097.0,2084.0,2680.0,5603880.0,170258
2023-05-10 21:05:10,SA2307,SA2307,2091.0,7.0,14637.0,1.0,9,2090.0,2092.0,46,2078.0,2090.0,2097.0,2084.0,2687.0,5618517.0,170259
2023-05-10 21:05:11,SA2307,SA2307,2090.0,8.0,16728.0,6.0,11,2090.0,2092.0,38,2078.0,2090.0,2097.0,2084.0,2695.0,5635245.0,170265
2023-05-10 21:05:11,SA2307,SA2307,2090.0,0.0,0.0,0.0,4,2091.0,2092.0,29,2078.0,2090.0,2097.0,2084.0,2695.0,5635245.0,170265
2023-05-10 21:05:12,SA2307,SA2307,2092.0,1.0,2091.0,1.0,7,2091.0,2092.0,20,2078.0,2090.0,2097.0,2084.0,2696.0,5637336.0,170266
2023-05-10 21:05:12,SA2307,SA2307,2091.0,1.0,2091.0,0.0,6,2091.0,2092.0,20,2078.0,2090.0,2097.0,2084.0,2697.0,5639427.0,170266
2023-05-10 21:05:12,SA2307,SA2307,2091.0,2.0,4182.0,-2.0,7,2091.0,2092.0,20,2078.0,2090.0,2097.0,2084.0,2699.0,5643609.0,170264
2023-05-10 21:05:13,SA2307,SA2307,2091.0,7.0,14637.0,1.0,44,2090.0,2091.0,8,2078.0,2090.0,2097.0,2084.0,2706.0,5658246.0,170265
2023-05-10 21:05:14,SA2307,SA2307,2092.0,39.0,81549.0,-2.0,9,2092.0,2093.0,84,2078.0,2090.0,2097.0,2084.0,2745.0,5739795.0,170263
2023-05-10 21:05:14,SA2307,SA2307,2092.0,9.0,18819.0,-3.0,30,2091.0,2093.0,12,2078.0,2090.0,2097.0,2084.0,2754.0,5758614.0,170260
2023-05-10 21:05:15,SA2307,SA2307,2092.0,1.0,2091.0,0.0,28,2091.0,2093.0,10,2078.0,2090.0,2097.0,2084.0,2755.0,5760705.0,170260
2023-05-10 21:05:15,SA2307,SA2307,2092.0,0.0,0.0,0.0,23,2091.0,2093.0,12,2078.0,2090.0,2097.0,2084.0,2755.0,5760705.0,170260
2023-05-10 21:05:16,SA2307,SA2307,2092.0,0.0,0.0,0.0,30,2091.0,2093.0,10,2078.0,2090.0,2097.0,2084.0,2755.0,5760705.0,170260
2023-05-10 21:05:17,SA2307,SA2307,2092.0,0.0,0.0,0.0,28,2091.0,2093.0,10,2078.0,2090.0,2097.0,2084.0,2755.0,5760705.0,170260
2023-05-10 21:05:17,SA2307,SA2307,2091.0,25.0,52275.0,-1.0,2,2091.0,2093.0,8,2078.0,2090.0,2097.0,2084.0,2780.0,5812980.0,170259
2023-05-10 21:05:18,SA2307,SA2307,2091.0,0.0,0.0,0.0,10,2091.0,2093.0,19,2078.0,2090.0,2097.0,2084.0,2780.0,5812980.0,170259
2023-05-10 21:05:18,SA2307,SA2307,2091.0,0.0,0.0,0.0,10,2091.0,2093.0,26,2078.0,2090.0,2097.0,2084.0,2780.0,5812980.0,170259
2023-05-10 21:05:19,SA2307,SA2307,2091.0,6.0,12546.0,6.0,7,2091.0,2093.0,28,2078.0,2090.0,2097.0,2084.0,2786.0,5825526.0,170265
2023-05-10 21:05:20,SA2307,SA2307,2091.0,0.0,0.0,0.0,4,2092.0,2093.0,26,2078.0,2090.0,2097.0,2084.0,2786.0,5825526.0,170265
2023-05-10 21:05:20,SA2307,SA2307,2091.0,0.0,0.0,0.0,4,2092.0,2093.0,10,2078.0,2090.0,2097.0,2084.0,2786.0,5825526.0,170265
2023-05-10 21:05:21,SA2307,SA2307,2093.0,3.0,6273.0,0.0,4,2092.0,2093.0,7,2078.0,2090.0,2097.0,2084.0,2789.0,5831799.0,170265
2023-05-10 21:05:23,SA2307,SA2307,2093.0,0.0,0.0,0.0,4,2092.0,2093.0,5,2078.0,2090.0,2097.0,2084.0,2789.0,5831799.0,170265
2023-05-10 21:05:24,SA2307,SA2307,2093.0,3.0,6273.0,1.0,1,2093.0,2094.0,84,2078.0,2090.0,2097.0,2084.0,2792.0,5838072.0,170266
2023-05-10 21:05:24,SA2307,SA2307,2093.0,3.0,6273.0,-2.0,13,2092.0,2093.0,1,2078.0,2090.0,2097.0,2084.0,2795.0,5844345.0,170264
2023-05-10 21:05:24,SA2307,SA2307,2093.0,1.0,2091.0,0.0,6,2092.0,2093.0,2,2078.0,2090.0,2097.0,2084.0,2796.0,5846436.0,170264
2023-05-10 21:05:25,SA2307,SA2307,2094.0,19.0,39729.0,-5.0,6,2092.0,2094.0,50,2078.0,2090.0,2097.0,2084.0,2815.0,5886165.0,170259
2023-05-10 21:05:25,SA2307,SA2307,2094.0,17.0,35547.0,12.0,6,2092.0,2094.0,28,2078.0,2090.0,2097.0,2084.0,2832.0,5921712.0,170271
2023-05-10 21:05:26,SA2307,SA2307,2094.0,0.0,0.0,0.0,8,2092.0,2094.0,20,2078.0,2090.0,2097.0,2084.0,2832.0,5921712.0,170271
2023-05-10 21:05:26,SA2307,SA2307,2094.0,0.0,0.0,0.0,8,2092.0,2094.0,18,2078.0,2090.0,2097.0,2084.0,2832.0,5921712.0,170271
2023-05-10 21:05:27,SA2307,SA2307,2094.0,3.0,6273.0,3.0,8,2092.0,2094.0,17,2078.0,2090.0,2097.0,2084.0,2835.0,5927985.0,170274
2023-05-10 21:05:28,SA2307,SA2307,2094.0,0.0,0.0,0.0,5,2093.0,2094.0,9,2078.0,2090.0,2097.0,2084.0,2835.0,5927985.0,170274
2023-05-10 21:05:30,SA2307,SA2307,2094.0,0.0,0.0,0.0,5,2093.0,2094.0,10,2078.0,2090.0,2097.0,2084.0,2835.0,5927985.0,170274
2023-05-10 21:05:30,SA2307,SA2307,2093.0,1.0,2091.0,0.0,4,2093.0,2094.0,17,2078.0,2090.0,2097.0,2084.0,2836.0,5930076.0,170274
2023-05-10 21:05:31,SA2307,SA2307,2093.0,1.0,2091.0,0.0,5,2093.0,2094.0,16,2078.0,2090.0,2097.0,2084.0,2837.0,5932167.0,170274
2023-05-10 21:05:31,SA2307,SA2307,2094.0,1.0,2091.0,0.0,5,2093.0,2094.0,15,2078.0,2090.0,2097.0,2084.0,2838.0,5934258.0,170274
2023-05-10 21:05:33,SA2307,SA2307,2093.0,1.0,2091.0,1.0,4,2093.0,2094.0,15,2078.0,2090.0,2097.0,2084.0,2839.0,5936349.0,170275
2023-05-10 21:05:33,SA2307,SA2307,2093.0,0.0,0.0,0.0,14,2093.0,2094.0,15,2078.0,2090.0,2097.0,2084.0,2839.0,5936349.0,170275
2023-05-10 21:05:33,SA2307,SA2307,2094.0,15.0,31365.0,14.0,35,2094.0,2095.0,99,2078.0,2090.0,2097.0,2084.0,2854.0,5967714.0,170289
2023-05-10 21:05:34,SA2307,SA2307,2094.0,0.0,0.0,0.0,35,2094.0,2095.0,21,2078.0,2090.0,2097.0,2084.0,2854.0,5967714.0,170289
2023-05-10 21:05:35,SA2307,SA2307,2094.0,0.0,0.0,0.0,36,2094.0,2095.0,8,2078.0,2090.0,2097.0,2084.0,2854.0,5967714.0,170289
2023-05-10 21:05:35,SA2307,SA2307,2095.0,8.0,16728.0,8.0,3,2095.0,2096.0,86,2078.0,2090.0,2097.0,2084.0,2862.0,5984442.0,170297
2023-05-10 21:05:36,SA2307,SA2307,2095.0,0.0,0.0,0.0,3,2095.0,2096.0,43,2078.0,2090.0,2097.0,2084.0,2862.0,5984442.0,170297
2023-05-10 21:05:36,SA2307,SA2307,2095.0,0.0,0.0,0.0,3,2095.0,2096.0,42,2078.0,2090.0,2097.0,2084.0,2862.0,5984442.0,170297
2023-05-10 21:05:38,SA2307,SA2307,2095.0,6.0,12546.0,-2.0,66,2094.0,2096.0,48,2078.0,2090.0,2097.0,2084.0,2868.0,5996988.0,170295
2023-05-10 21:05:38,SA2307,SA2307,2095.0,2.0,4182.0,-1.0,63,2094.0,2096.0,62,2078.0,2090.0,2097.0,2084.0,2870.0,6001170.0,170294
2023-05-10 21:05:39,SA2307,SA2307,2095.0,2.0,4182.0,1.0,63,2094.0,2096.0,62,2078.0,2090.0,2097.0,2084.0,2872.0,6005352.0,170295
2023-05-10 21:05:39,SA2307,SA2307,2095.0,1.0,2091.0,-1.0,72,2094.0,2095.0,1,2078.0,2090.0,2097.0,2084.0,2873.0,6007443.0,170294
2023-05-10 21:05:40,SA2307,SA2307,2096.0,117.0,247637.0,-27.0,9,2095.0,2096.0,5,2078.0,2090.0,2097.0,2084.0,2990.0,6255080.0,170267
2023-05-10 21:05:40,SA2307,SA2307,2095.0,1.0,2092.0,0.0,16,2095.0,2096.0,5,2078.0,2090.0,2097.0,2084.0,2991.0,6257172.0,170267
2023-05-10 21:05:41,SA2307,SA2307,2095.0,0.0,0.0,0.0,24,2095.0,2096.0,5,2078.0,2090.0,2097.0,2084.0,2991.0,6257172.0,170267
2023-05-10 21:05:41,SA2307,SA2307,2096.0,1.0,2092.0,0.0,24,2095.0,2096.0,4,2078.0,2090.0,2097.0,2084.0,2992.0,6259264.0,170267
2023-05-10 21:05:42,SA2307,SA2307,2096.0,0.0,0.0,0.0,24,2095.0,2096.0,10,2078.0,2090.0,2097.0,2084.0,2992.0,6259264.0,170267
2023-05-10 21:05:43,SA2307,SA2307,2096.0,20.0,41840.0,-11.0,41,2095.0,2097.0,25,2078.0,2090.0,2097.0,2084.0,3012.0,6301104.0,170256
2023-05-10 21:05:43,SA2307,SA2307,2096.0,0.0,0.0,0.0,1,2096.0,2097.0,17,2078.0,2090.0,2097.0,2084.0,3012.0,6301104.0,170256
2023-05-10 21:05:44,SA2307,SA2307,2096.0,2.0,4184.0,-1.0,3,2096.0,2097.0,16,2078.0,2090.0,2097.0,2084.0,3014.0,6305288.0,170255
2023-05-10 21:05:45,SA2307,SA2307,2096.0,6.0,12552.0,0.0,2,2096.0,2097.0,11,2078.0,2090.0,2097.0,2084.0,3020.0,6317840.0,170255
2023-05-10 21:05:45,SA2307,SA2307,2096.0,5.0,10460.0,-2.0,4,2096.0,2097.0,7,2078.0,2090.0,2097.0,2084.0,3025.0,6328300.0,170253
2023-05-10 21:05:46,SA2307,SA2307,2096.0,5.0,10460.0,-4.0,52,2095.0,2097.0,15,2078.0,2090.0,2097.0,2084.0,3030.0,6338760.0,170249
2023-05-10 21:05:46,SA2307,SA2307,2096.0,0.0,0.0,0.0,1,2096.0,2097.0,7,2078.0,2090.0,2097.0,2084.0,3030.0,6338760.0,170249
2023-05-10 21:05:46,SA2307,SA2307,2096.0,0.0,0.0,0.0,3,2096.0,2097.0,7,2078.0,2090.0,2097.0,2084.0,3030.0,6338760.0,170249
2023-05-10 21:05:47,SA2307,SA2307,2096.0,3.0,6276.0,0.0,94,2095.0,2097.0,7,2078.0,2090.0,2097.0,2084.0,3033.0,6345036.0,170249
2023-05-10 21:05:48,SA2307,SA2307,2096.0,1.0,2092.0,1.0,2,2096.0,2097.0,7,2078.0,2090.0,2097.0,2084.0,3034.0,6347128.0,170250
2023-05-10 21:05:48,SA2307,SA2307,2096.0,0.0,0.0,0.0,1,2096.0,2097.0,7,2078.0,2090.0,2097.0,2084.0,3034.0,6347128.0,170250
2023-05-10 21:05:49,SA2307,SA2307,2096.0,0.0,0.0,0.0,1,2096.0,2097.0,8,2078.0,2090.0,2097.0,2084.0,3034.0,6347128.0,170250
2023-05-10 21:05:49,SA2307,SA2307,2096.0,1.0,2092.0,0.0,105,2095.0,2096.0,1,2078.0,2090.0,2097.0,2084.0,3035.0,6349220.0,170250
2023-05-10 21:05:50,SA2307,SA2307,2096.0,0.0,0.0,0.0,88,2095.0,2096.0,1,2078.0,2090.0,2097.0,2084.0,3035.0,6349220.0,170250
2023-05-10 21:05:50,SA2307,SA2307,2096.0,0.0,0.0,0.0,96,2095.0,2096.0,1,2078.0,2090.0,2097.0,2084.0,3035.0,6349220.0,170250
2023-05-10 21:05:51,SA2307,SA2307,2096.0,0.0,0.0,0.0,88,2095.0,2096.0,1,2078.0,2090.0,2097.0,2084.0,3035.0,6349220.0,170250
2023-05-10 21:05:52,SA2307,SA2307,2096.0,1.0,2092.0,-1.0,1,2096.0,2097.0,24,2078.0,2090.0,2097.0,2084.0,3036.0,6351312.0,170249
2023-05-10 21:05:53,SA2307,SA2307,2096.0,0.0,0.0,0.0,2,2096.0,2097.0,16,2078.0,2090.0,2097.0,2084.0,3036.0,6351312.0,170249
2023-05-10 21:05:53,SA2307,SA2307,2096.0,2.0,4184.0,0.0,2,2096.0,2097.0,16,2078.0,2090.0,2097.0,2084.0,3038.0,6355496.0,170249
2023-05-10 21:05:54,SA2307,SA2307,2096.0,0.0,0.0,0.0,3,2096.0,2097.0,16,2078.0,2090.0,2097.0,2084.0,3038.0,6355496.0,170249
2023-05-10 21:05:55,SA2307,SA2307,2096.0,1.0,2092.0,1.0,5,2096.0,2097.0,16,2078.0,2090.0,2097.0,2084.0,3039.0,6357588.0,170250
2023-05-10 21:05:55,SA2307,SA2307,2096.0,0.0,0.0,0.0,25,2096.0,2097.0,16,2078.0,2090.0,2097.0,2084.0,3039.0,6357588.0,170250
2023-05-10 21:05:56,SA2307,SA2307,2096.0,1.0,2092.0,1.0,24,2096.0,2097.0,16,2078.0,2090.0,2097.0,2084.0,3040.0,6359680.0,170251
2023-05-10 21:05:57,SA2307,SA2307,2097.0,15.0,31380.0,0.0,34,2096.0,2097.0,13,2078.0,2090.0,2097.0,2084.0,3055.0,6391060.0,170251
2023-05-10 21:05:57,SA2307,SA2307,2097.0,6.0,12552.0,5.0,34,2096.0,2097.0,10,2078.0,2090.0,2097.0,2084.0,3061.0,6403612.0,170256
2023-05-10 21:05:58,SA2307,SA2307,2096.0,5.0,10460.0,0.0,32,2096.0,2097.0,20,2078.0,2090.0,2097.0,2084.0,3066.0,6414072.0,170256
2023-05-10 21:05:59,SA2307,SA2307,2096.0,34.0,71128.0,-15.0,134,2095.0,2096.0,3,2078.0,2090.0,2097.0,2084.0,3100.0,6485200.0,170241
2023-05-10 21:05:59,SA2307,SA2307,2096.0,5.0,10460.0,1.0,1,2096.0,2097.0,27,2078.0,2090.0,2097.0,2084.0,3105.0,6495660.0,170242
2023-05-10 21:06:00,SA2307,SA2307,2096.0,1.0,2092.0,0.0,15,2096.0,2097.0,10,2078.0,2090.0,2097.0,2084.0,3106.0,6497752.0,170242
2023-05-10 21:06:00,SA2307,SA2307,2096.0,31.0,64852.0,14.0,125,2095.0,2096.0,1,2078.0,2090.0,2097.0,2084.0,3137.0,6562604.0,170256
2023-05-10 21:06:00,SA2307,SA2307,2096.0,0.0,0.0,0.0,112,2095.0,2096.0,1,2078.0,2090.0,2097.0,2084.0,3137.0,6562604.0,170256
2023-05-10 21:06:02,SA2307,SA2307,2096.0,1.0,2092.0,-1.0,5,2096.0,2097.0,18,2078.0,2090.0,2097.0,2084.0,3138.0,6564696.0,170255
2023-05-10 21:06:02,SA2307,SA2307,2097.0,12.0,25104.0,-2.0,7,2096.0,2098.0,99,2078.0,2090.0,2097.0,2084.0,3150.0,6589800.0,170253
2023-05-10 21:06:03,SA2307,SA2307,2097.0,0.0,0.0,0.0,5,2097.0,2098.0,26,2078.0,2090.0,2097.0,2084.0,3150.0,6589800.0,170253
2023-05-10 21:06:03,SA2307,SA2307,2097.0,0.0,0.0,0.0,5,2097.0,2098.0,25,2078.0,2090.0,2097.0,2084.0,3150.0,6589800.0,170253
2023-05-10 21:06:05,SA2307,SA2307,2098.0,25.0,52300.0,-12.0,115,2098.0,2099.0,157,2078.0,2090.0,2098.0,2084.0,3175.0,6642100.0,170241
2023-05-10 21:06:06,SA2307,SA2307,2098.0,13.0,27196.0,-3.0,162,2098.0,2099.0,85,2078.0,2090.0,2099.0,2084.0,3188.0,6669296.0,170238
2023-05-10 21:06:06,SA2307,SA2307,2098.0,7.0,14644.0,-6.0,158,2098.0,2099.0,85,2078.0,2090.0,2099.0,2084.0,3195.0,6683940.0,170232
2023-05-10 21:06:07,SA2307,SA2307,2098.0,0.0,0.0,0.0,163,2098.0,2099.0,83,2078.0,2090.0,2099.0,2084.0,3195.0,6683940.0,170232
2023-05-10 21:06:08,SA2307,SA2307,2099.0,2.0,4184.0,0.0,163,2098.0,2099.0,83,2078.0,2090.0,2099.0,2084.0,3197.0,6688124.0,170232
2023-05-10 21:06:09,SA2307,SA2307,2099.0,2.0,4184.0,0.0,158,2098.0,2099.0,85,2078.0,2090.0,2099.0,2084.0,3199.0,6692308.0,170232
2023-05-10 21:06:09,SA2307,SA2307,2099.0,1.0,2092.0,0.0,158,2098.0,2099.0,83,2078.0,2090.0,2099.0,2084.0,3200.0,6694400.0,170232
2023-05-10 21:06:09,SA2307,SA2307,2099.0,83.0,173636.0,21.0,166,2098.0,2100.0,293,2078.0,2090.0,2099.0,2084.0,3283.0,6868036.0,170253
2023-05-10 21:06:10,SA2307,SA2307,2099.0,23.0,48116.0,4.0,7,2099.0,2100.0,264,2078.0,2090.0,2100.0,2084.0,3306.0,6916152.0,170257
2023-05-10 21:06:11,SA2307,SA2307,2098.0,30.0,62760.0,7.0,4,2099.0,2100.0,261,2078.0,2090.0,2100.0,2084.0,3336.0,6978912.0,170264
2023-05-10 21:06:11,SA2307,SA2307,2100.0,20.0,41840.0,-2.0,4,2099.0,2100.0,248,2078.0,2090.0,2100.0,2084.0,3356.0,7020752.0,170262
2023-05-10 21:06:12,SA2307,SA2307,2100.0,48.0,100416.0,-3.0,3,2099.0,2100.0,194,2078.0,2090.0,2100.0,2084.0,3404.0,7121168.0,170259
2023-05-10 21:06:12,SA2307,SA2307,2100.0,0.0,0.0,0.0,3,2099.0,2100.0,196,2078.0,2090.0,2100.0,2084.0,3404.0,7121168.0,170259
2023-05-10 21:06:13,SA2307,SA2307,2099.0,4.0,8368.0,0.0,127,2098.0,2099.0,5,2078.0,2090.0,2100.0,2084.0,3408.0,7129536.0,170259
2023-05-10 21:06:14,SA2307,SA2307,2099.0,5.0,10460.0,0.0,113,2098.0,2100.0,212,2078.0,2090.0,2100.0,2084.0,3413.0,7139996.0,170259
2023-05-10 21:06:14,SA2307,SA2307,2100.0,1.0,2092.0,0.0,3,2099.0,2100.0,202,2078.0,2090.0,2100.0,2084.0,3414.0,7142088.0,170259
2023-05-10 21:06:15,SA2307,SA2307,2100.0,35.0,73220.0,35.0,6,2099.0,2100.0,149,2078.0,2090.0,2100.0,2084.0,3449.0,7215308.0,170294
2023-05-10 21:06:15,SA2307,SA2307,2100.0,27.0,56484.0,7.0,1,2099.0,2100.0,159,2078.0,2090.0,2100.0,2084.0,3476.0,7271792.0,170301
2023-05-10 21:06:16,SA2307,SA2307,2099.0,10.0,24406.0,8.0,114,2098.0,2099.0,7,2078.0,2090.0,2100.0,2084.0,3486.0,7296198.0,170309
2023-05-10 21:06:16,SA2307,SA2307,2099.0,7.0,14651.0,0.0,107,2098.0,2100.0,164,2078.0,2090.0,2100.0,2084.0,3493.0,7310849.0,170309
2023-05-10 21:06:16,SA2307,SA2307,2099.0,0.0,0.0,0.0,107,2098.0,2100.0,156,2078.0,2090.0,2100.0,2084.0,3493.0,7310849.0,170309
2023-05-10 21:06:17,SA2307,SA2307,2099.0,3.0,6279.0,-1.0,138,2098.0,2100.0,128,2078.0,2090.0,2100.0,2084.0,3496.0,7317128.0,170308
2023-05-10 21:06:17,SA2307,SA2307,2099.0,0.0,0.0,0.0,124,2098.0,2100.0,138,2078.0,2090.0,2100.0,2084.0,3496.0,7317128.0,170308
2023-05-10 21:06:18,SA2307,SA2307,2099.0,0.0,0.0,0.0,108,2098.0,2100.0,147,2078.0,2090.0,2100.0,2084.0,3496.0,7317128.0,170308
2023-05-10 21:06:18,SA2307,SA2307,2099.0,0.0,0.0,0.0,105,2098.0,2099.0,5,2078.0,2090.0,2100.0,2084.0,3496.0,7317128.0,170308
2023-05-10 21:06:19,SA2307,SA2307,2099.0,0.0,0.0,0.0,113,2098.0,2099.0,6,2078.0,2090.0,2100.0,2084.0,3496.0,7317128.0,170308
2023-05-10 21:06:20,SA2307,SA2307,2100.0,50.0,104650.0,-5.0,1,2099.0,2100.0,131,2078.0,2090.0,2100.0,2084.0,3546.0,7421778.0,170303
2023-05-10 21:06:21,SA2307,SA2307,2099.0,8.0,16744.0,-4.0,120,2098.0,2099.0,4,2078.0,2090.0,2100.0,2084.0,3554.0,7438522.0,170299
2023-05-10 21:06:21,SA2307,SA2307,2100.0,55.0,115115.0,-10.0,122,2098.0,2100.0,70,2078.0,2090.0,2100.0,2084.0,3609.0,7553637.0,170289
2023-05-10 21:06:22,SA2307,SA2307,2100.0,1.0,2093.0,0.0,4,2099.0,2100.0,37,2078.0,2090.0,2100.0,2084.0,3610.0,7555730.0,170289
2023-05-10 21:06:22,SA2307,SA2307,2100.0,58.0,121394.0,-19.0,7,2099.0,2100.0,19,2078.0,2090.0,2100.0,2084.0,3668.0,7677124.0,170270
2023-05-10 21:06:23,SA2307,SA2307,2101.0,50.0,104650.0,-18.0,8,2099.0,2101.0,43,2078.0,2090.0,2101.0,2084.0,3718.0,7781774.0,170252
2023-05-10 21:06:24,SA2307,SA2307,2099.0,24.0,50232.0,-19.0,6,2099.0,2100.0,8,2078.0,2090.0,2101.0,2084.0,3742.0,7832006.0,170233
2023-05-10 21:06:24,SA2307,SA2307,2099.0,8.0,16744.0,3.0,130,2098.0,2099.0,55,2078.0,2090.0,2101.0,2084.0,3750.0,7848750.0,170236
2023-05-10 21:06:25,SA2307,SA2307,2099.0,84.0,175812.0,6.0,91,2098.0,2099.0,2,2078.0,2090.0,2101.0,2084.0,3834.0,8024562.0,170242
2023-05-10 21:06:25,SA2307,SA2307,2099.0,0.0,0.0,0.0,92,2098.0,2099.0,2,2078.0,2090.0,2101.0,2084.0,3834.0,8024562.0,170242
2023-05-10 21:06:26,SA2307,SA2307,2099.0,6.0,12558.0,-3.0,47,2099.0,2100.0,23,2078.0,2090.0,2101.0,2084.0,3840.0,8037120.0,170239
2023-05-10 21:06:26,SA2307,SA2307,2099.0,0.0,0.0,0.0,64,2099.0,2100.0,16,2078.0,2090.0,2101.0,2084.0,3840.0,8037120.0,170239
2023-05-10 21:06:27,SA2307,SA2307,2099.0,1.0,2093.0,-1.0,67,2099.0,2100.0,16,2078.0,2090.0,2101.0,2084.0,3841.0,8039213.0,170238
2023-05-10 21:06:27,SA2307,SA2307,2099.0,0.0,0.0,0.0,68,2099.0,2100.0,16,2078.0,2090.0,2101.0,2084.0,3841.0,8039213.0,170238
2023-05-10 21:06:27,SA2307,SA2307,2100.0,20.0,41860.0,0.0,68,2099.0,2100.0,4,2078.0,2090.0,2101.0,2084.0,3861.0,8081073.0,170238
2023-05-10 21:06:29,SA2307,SA2307,2100.0,0.0,0.0,0.0,69,2099.0,2100.0,4,2078.0,2090.0,2101.0,2084.0,3861.0,8081073.0,170238
2023-05-10 21:06:29,SA2307,SA2307,2100.0,1.0,2093.0,-1.0,69,2099.0,2100.0,3,2078.0,2090.0,2101.0,2084.0,3862.0,8083166.0,170237
2023-05-10 21:06:31,SA2307,SA2307,2100.0,3.0,6279.0,-3.0,47,2100.0,2101.0,30,2078.0,2090.0,2101.0,2084.0,3865.0,8089445.0,170234
2023-05-10 21:06:31,SA2307,SA2307,2100.0,55.0,115115.0,-36.0,87,2099.0,2100.0,6,2078.0,2090.0,2101.0,2084.0,3920.0,8204560.0,170198
2023-05-10 21:06:32,SA2307,SA2307,2101.0,20.0,41860.0,-9.0,38,2100.0,2102.0,48,2078.0,2090.0,2101.0,2084.0,3940.0,8246420.0,170189
2023-05-10 21:06:32,SA2307,SA2307,2101.0,0.0,0.0,0.0,48,2100.0,2101.0,1,2078.0,2090.0,2101.0,2084.0,3940.0,8246420.0,170189
2023-05-10 21:06:33,SA2307,SA2307,2100.0,2.0,4186.0,-1.0,63,2100.0,2102.0,15,2078.0,2090.0,2101.0,2084.0,3942.0,8250606.0,170188
2023-05-10 21:06:33,SA2307,SA2307,2100.0,0.0,0.0,0.0,71,2100.0,2101.0,1,2078.0,2090.0,2101.0,2084.0,3942.0,8250606.0,170188
2023-05-10 21:06:34,SA2307,SA2307,2100.0,5.0,10465.0,0.0,9,2101.0,2102.0,13,2078.0,2090.0,2101.0,2084.0,3947.0,8261071.0,170188
2023-05-10 21:06:34,SA2307,SA2307,2101.0,7.0,14651.0,-5.0,4,2101.0,2102.0,4,2078.0,2090.0,2101.0,2084.0,3954.0,8275722.0,170183
2023-05-10 21:06:35,SA2307,SA2307,2100.0,6.0,12558.0,-2.0,93,2100.0,2102.0,5,2078.0,2090.0,2101.0,2084.0,3960.0,8288280.0,170181
2023-05-10 21:06:35,SA2307,SA2307,2100.0,0.0,0.0,0.0,77,2100.0,2102.0,9,2078.0,2090.0,2101.0,2084.0,3960.0,8288280.0,170181
2023-05-10 21:06:36,SA2307,SA2307,2102.0,1.0,2093.0,1.0,61,2100.0,2101.0,7,2078.0,2090.0,2102.0,2084.0,3961.0,8290373.0,170182
2023-05-10 21:06:36,SA2307,SA2307,2102.0,3.0,6279.0,0.0,61,2100.0,2101.0,4,2078.0,2090.0,2102.0,2084.0,3964.0,8296652.0,170182
2023-05-10 21:06:37,SA2307,SA2307,2102.0,65.0,140074.0,-46.0,11,2101.0,2103.0,20,2078.0,2090.0,2102.0,2084.0,4029.0,8436726.0,170136
2023-05-10 21:06:37,SA2307,SA2307,2102.0,0.0,0.0,0.0,13,2101.0,2103.0,12,2078.0,2090.0,2102.0,2084.0,4029.0,8436726.0,170136
2023-05-10 21:06:38,SA2307,SA2307,2102.0,3.0,6282.0,0.0,21,2101.0,2102.0,2,2078.0,2090.0,2102.0,2084.0,4032.0,8443008.0,170136
2023-05-10 21:06:38,SA2307,SA2307,2102.0,8.0,16752.0,-1.0,12,2101.0,2103.0,28,2078.0,2090.0,2102.0,2084.0,4040.0,8459760.0,170135
2023-05-10 21:06:38,SA2307,SA2307,2101.0,2.0,4188.0,-1.0,12,2101.0,2102.0,1,2078.0,2090.0,2103.0,2084.0,4042.0,8463948.0,170134
2023-05-10 21:06:39,SA2307,SA2307,2102.0,1.0,2094.0,0.0,11,2101.0,2103.0,27,2078.0,2090.0,2103.0,2084.0,4043.0,8466042.0,170134
2023-05-10 21:06:39,SA2307,SA2307,2102.0,0.0,0.0,0.0,13,2101.0,2103.0,20,2078.0,2090.0,2103.0,2084.0,4043.0,8466042.0,170134
2023-05-10 21:06:40,SA2307,SA2307,2101.0,1.0,2094.0,-1.0,12,2101.0,2103.0,21,2078.0,2090.0,2103.0,2084.0,4044.0,8468136.0,170133
2023-05-10 21:06:40,SA2307,SA2307,2101.0,3.0,6282.0,-2.0,10,2101.0,2103.0,18,2078.0,2090.0,2103.0,2084.0,4047.0,8474418.0,170131
2023-05-10 21:06:41,SA2307,SA2307,2101.0,0.0,0.0,0.0,10,2101.0,2102.0,11,2078.0,2090.0,2103.0,2084.0,4047.0,8474418.0,170131
2023-05-10 21:06:41,SA2307,SA2307,2101.0,0.0,0.0,0.0,10,2101.0,2102.0,12,2078.0,2090.0,2103.0,2084.0,4047.0,8474418.0,170131
2023-05-10 21:06:42,SA2307,SA2307,2101.0,0.0,0.0,0.0,10,2101.0,2102.0,19,2078.0,2090.0,2103.0,2084.0,4047.0,8474418.0,170131
2023-05-10 21:06:43,SA2307,SA2307,2102.0,10.0,20940.0,-10.0,10,2101.0,2102.0,10,2078.0,2090.0,2103.0,2084.0,4057.0,8495358.0,170121
2023-05-10 21:06:44,SA2307,SA2307,2101.0,12.0,25128.0,1.0,96,2100.0,2101.0,115,2078.0,2090.0,2103.0,2084.0,4069.0,8520486.0,170122
2023-05-10 21:06:44,SA2307,SA2307,2101.0,0.0,0.0,0.0,64,2100.0,2101.0,131,2078.0,2090.0,2103.0,2084.0,4069.0,8520486.0,170122
2023-05-10 21:06:44,SA2307,SA2307,2101.0,0.0,0.0,0.0,64,2100.0,2101.0,132,2078.0,2090.0,2103.0,2084.0,4069.0,8520486.0,170122
2023-05-10 21:06:45,SA2307,SA2307,2101.0,0.0,0.0,0.0,63,2100.0,2101.0,132,2078.0,2090.0,2103.0,2084.0,4069.0,8520486.0,170122
2023-05-10 21:06:46,SA2307,SA2307,2100.0,15.0,31410.0,-11.0,48,2100.0,2101.0,140,2078.0,2090.0,2103.0,2084.0,4084.0,8551896.0,170111
2023-05-10 21:06:46,SA2307,SA2307,2100.0,11.0,23034.0,0.0,34,2100.0,2101.0,143,2078.0,2090.0,2103.0,2084.0,4095.0,8574930.0,170111
2023-05-10 21:06:47,SA2307,SA2307,2101.0,1.0,2094.0,0.0,34,2100.0,2101.0,142,2078.0,2090.0,2103.0,2084.0,4096.0,8577024.0,170111
2023-05-10 21:06:47,SA2307,SA2307,2100.0,2.0,4188.0,1.0,32,2100.0,2101.0,141,2078.0,2090.0,2103.0,2084.0,4098.0,8581212.0,170112
2023-05-10 21:06:48,SA2307,SA2307,2101.0,2.0,4188.0,2.0,26,2100.0,2101.0,123,2078.0,2090.0,2103.0,2084.0,4100.0,8585400.0,170114
2023-05-10 21:06:48,SA2307,SA2307,2100.0,10.0,20940.0,-10.0,24,2100.0,2101.0,131,2078.0,2090.0,2103.0,2084.0,4110.0,8606340.0,170104
2023-05-10 21:06:49,SA2307,SA2307,2100.0,0.0,0.0,0.0,27,2100.0,2101.0,131,2078.0,2090.0,2103.0,2084.0,4110.0,8606340.0,170104
2023-05-10 21:06:49,SA2307,SA2307,2100.0,1.0,2094.0,0.0,26,2100.0,2101.0,131,2078.0,2090.0,2103.0,2084.0,4111.0,8608434.0,170104
2023-05-10 21:06:49,SA2307,SA2307,2101.0,3.0,6282.0,1.0,26,2100.0,2101.0,128,2078.0,2090.0,2103.0,2084.0,4114.0,8614716.0,170105
2023-05-10 21:06:51,SA2307,SA2307,2100.0,1.0,2094.0,1.0,26,2100.0,2101.0,129,2078.0,2090.0,2103.0,2084.0,4115.0,8616810.0,170106
2023-05-10 21:06:51,SA2307,SA2307,2100.0,68.0,142392.0,-1.0,23,2100.0,2101.0,70,2078.0,2090.0,2103.0,2084.0,4183.0,8759202.0,170105
2023-05-10 21:06:52,SA2307,SA2307,2100.0,20.0,41880.0,12.0,95,2099.0,2101.0,70,2078.0,2090.0,2103.0,2084.0,4203.0,8801082.0,170117
2023-05-10 21:06:52,SA2307,SA2307,2100.0,0.0,0.0,0.0,104,2099.0,2101.0,55,2078.0,2090.0,2103.0,2084.0,4203.0,8801082.0,170117
2023-05-10 21:06:52,SA2307,SA2307,2101.0,2.0,4188.0,0.0,104,2099.0,2101.0,53,2078.0,2090.0,2103.0,2084.0,4205.0,8805270.0,170117
2023-05-10 21:06:53,SA2307,SA2307,2099.0,50.0,104700.0,1.0,58,2099.0,2101.0,53,2078.0,2090.0,2103.0,2084.0,4255.0,8909970.0,170118
2023-05-10 21:06:54,SA2307,SA2307,2101.0,54.0,113076.0,-18.0,18,2099.0,2101.0,17,2078.0,2090.0,2103.0,2084.0,4309.0,9023046.0,170100
2023-05-10 21:06:54,SA2307,SA2307,2101.0,0.0,0.0,0.0,15,2099.0,2100.0,4,2078.0,2090.0,2103.0,2084.0,4309.0,9023046.0,170100
2023-05-10 21:06:55,SA2307,SA2307,2101.0,71.0,148674.0,-20.0,7,2099.0,2101.0,22,2078.0,2090.0,2103.0,2084.0,4380.0,9171720.0,170080
2023-05-10 21:06:55,SA2307,SA2307,2101.0,5.0,10470.0,5.0,2,2100.0,2101.0,9,2078.0,2090.0,2103.0,2084.0,4385.0,9182190.0,170085
2023-05-10 21:06:56,SA2307,SA2307,2100.0,5.0,10470.0,-3.0,22,2099.0,2100.0,1,2078.0,2090.0,2103.0,2084.0,4390.0,9192660.0,170082
2023-05-10 21:06:56,SA2307,SA2307,2100.0,1.0,2094.0,0.0,16,2099.0,2100.0,4,2078.0,2090.0,2103.0,2084.0,4391.0,9194754.0,170082
2023-05-10 21:06:56,SA2307,SA2307,2100.0,1.0,2094.0,1.0,15,2099.0,2100.0,3,2078.0,2090.0,2103.0,2084.0,4392.0,9196848.0,170083
2023-05-10 21:06:57,SA2307,SA2307,2100.0,0.0,0.0,0.0,15,2099.0,2100.0,4,2078.0,2090.0,2103.0,2084.0,4392.0,9196848.0,170083
2023-05-10 21:06:57,SA2307,SA2307,2100.0,0.0,0.0,0.0,15,2099.0,2100.0,5,2078.0,2090.0,2103.0,2084.0,4392.0,9196848.0,170083
2023-05-10 21:06:58,SA2307,SA2307,2100.0,0.0,0.0,0.0,6,2099.0,2100.0,8,2078.0,2090.0,2103.0,2084.0,4392.0,9196848.0,170083
2023-05-10 21:06:59,SA2307,SA2307,2100.0,3.0,6282.0,-2.0,14,2099.0,2100.0,6,2078.0,2090.0,2103.0,2084.0,4395.0,9203130.0,170081
2023-05-10 21:06:59,SA2307,SA2307,2100.0,3.0,6282.0,0.0,15,2099.0,2100.0,3,2078.0,2090.0,2103.0,2084.0,4398.0,9209412.0,170081
2023-05-10 21:07:00,SA2307,SA2307,2099.0,29.0,60726.0,17.0,42,2098.0,2100.0,11,2078.0,2090.0,2103.0,2084.0,4427.0,9270138.0,170098
2023-05-10 21:07:00,SA2307,SA2307,2099.0,0.0,0.0,0.0,21,2098.0,2100.0,15,2078.0,2090.0,2103.0,2084.0,4427.0,9270138.0,170098
2023-05-10 21:07:01,SA2307,SA2307,2099.0,0.0,0.0,0.0,25,2098.0,2100.0,6,2078.0,2090.0,2103.0,2084.0,4427.0,9270138.0,170098
2023-05-10 21:07:02,SA2307,SA2307,2099.0,0.0,0.0,0.0,33,2098.0,2100.0,16,2078.0,2090.0,2103.0,2084.0,4427.0,9270138.0,170098
2023-05-10 21:07:02,SA2307,SA2307,2099.0,0.0,0.0,0.0,34,2098.0,2099.0,1,2078.0,2090.0,2103.0,2084.0,4427.0,9270138.0,170098
2023-05-10 21:07:03,SA2307,SA2307,2099.0,1.0,2094.0,-1.0,25,2098.0,2100.0,33,2078.0,2090.0,2103.0,2084.0,4428.0,9272232.0,170097
2023-05-10 21:07:03,SA2307,SA2307,2098.0,4.0,8376.0,0.0,36,2098.0,2100.0,17,2078.0,2090.0,2103.0,2084.0,4432.0,9280608.0,170097
2023-05-10 21:07:04,SA2307,SA2307,2098.0,0.0,0.0,0.0,1,2099.0,2100.0,47,2078.0,2090.0,2103.0,2084.0,4432.0,9280608.0,170097
2023-05-10 21:07:05,SA2307,SA2307,2098.0,8.0,16752.0,0.0,34,2098.0,2100.0,55,2078.0,2090.0,2103.0,2084.0,4440.0,9297360.0,170097
2023-05-10 21:07:05,SA2307,SA2307,2100.0,3.0,6282.0,1.0,26,2098.0,2100.0,68,2078.0,2090.0,2103.0,2084.0,4443.0,9303642.0,170098
2023-05-10 21:07:05,SA2307,SA2307,2100.0,0.0,0.0,0.0,26,2098.0,2099.0,1,2078.0,2090.0,2103.0,2084.0,4443.0,9303642.0,170098
2023-05-10 21:07:06,SA2307,SA2307,2100.0,0.0,0.0,0.0,16,2098.0,2099.0,5,2078.0,2090.0,2103.0,2084.0,4443.0,9303642.0,170098
2023-05-10 21:07:07,SA2307,SA2307,2098.0,3.0,6282.0,1.0,16,2098.0,2099.0,5,2078.0,2090.0,2103.0,2084.0,4446.0,9309924.0,170099
2023-05-10 21:07:08,SA2307,SA2307,2099.0,5.0,10470.0,0.0,3,2099.0,2100.0,118,2078.0,2090.0,2103.0,2084.0,4451.0,9320394.0,170099
2023-05-10 21:07:09,SA2307,SA2307,2098.0,4.0,8376.0,2.0,28,2098.0,2100.0,107,2078.0,2090.0,2103.0,2084.0,4455.0,9328770.0,170101
2023-05-10 21:07:09,SA2307,SA2307,2098.0,0.0,0.0,0.0,20,2098.0,2100.0,107,2078.0,2090.0,2103.0,2084.0,4455.0,9328770.0,170101
2023-05-10 21:07:10,SA2307,SA2307,2098.0,1.0,2094.0,0.0,19,2098.0,2100.0,107,2078.0,2090.0,2103.0,2084.0,4456.0,9330864.0,170101
2023-05-10 21:07:10,SA2307,SA2307,2098.0,0.0,0.0,0.0,19,2098.0,2100.0,106,2078.0,2090.0,2103.0,2084.0,4456.0,9330864.0,170101
2023-05-10 21:07:10,SA2307,SA2307,2098.0,0.0,0.0,0.0,21,2098.0,2100.0,106,2078.0,2090.0,2103.0,2084.0,4456.0,9330864.0,170101
2023-05-10 21:07:11,SA2307,SA2307,2100.0,19.0,39786.0,16.0,22,2098.0,2100.0,87,2078.0,2090.0,2103.0,2084.0,4475.0,9370650.0,170117
2023-05-10 21:07:12,SA2307,SA2307,2100.0,0.0,0.0,0.0,22,2098.0,2100.0,63,2078.0,2090.0,2103.0,2084.0,4475.0,9370650.0,170117
2023-05-10 21:07:12,SA2307,SA2307,2100.0,0.0,0.0,0.0,22,2098.0,2100.0,55,2078.0,2090.0,2103.0,2084.0,4475.0,9370650.0,170117
2023-05-10 21:07:14,SA2307,SA2307,2098.0,6.0,12564.0,-2.0,21,2098.0,2100.0,55,2078.0,2090.0,2103.0,2084.0,4481.0,9383214.0,170115
2023-05-10 21:07:14,SA2307,SA2307,2098.0,1.0,2094.0,0.0,21,2098.0,2100.0,55,2078.0,2090.0,2103.0,2084.0,4482.0,9385308.0,170115
2023-05-10 21:07:14,SA2307,SA2307,2098.0,0.0,0.0,0.0,5,2099.0,2100.0,40,2078.0,2090.0,2103.0,2084.0,4482.0,9385308.0,170115
2023-05-10 21:07:15,SA2307,SA2307,2100.0,9.0,18846.0,6.0,6,2099.0,2100.0,24,2078.0,2090.0,2103.0,2084.0,4491.0,9404154.0,170121
2023-05-10 21:07:16,SA2307,SA2307,2100.0,23.0,48162.0,23.0,6,2099.0,2101.0,63,2078.0,2090.0,2103.0,2084.0,4514.0,9452316.0,170144
2023-05-10 21:07:16,SA2307,SA2307,2100.0,0.0,0.0,0.0,7,2099.0,2100.0,3,2078.0,2090.0,2103.0,2084.0,4514.0,9452316.0,170144
2023-05-10 21:07:16,SA2307,SA2307,2100.0,0.0,0.0,0.0,11,2099.0,2100.0,3,2078.0,2090.0,2103.0,2084.0,4514.0,9452316.0,170144
2023-05-10 21:07:19,SA2307,SA2307,2100.0,0.0,0.0,0.0,11,2099.0,2100.0,4,2078.0,2090.0,2103.0,2084.0,4514.0,9452316.0,170144
2023-05-10 21:07:21,SA2307,SA2307,2100.0,0.0,0.0,0.0,8,2099.0,2100.0,17,2078.0,2090.0,2103.0,2084.0,4514.0,9452316.0,170144
2023-05-10 21:07:21,SA2307,SA2307,2100.0,5.0,10470.0,2.0,4,2099.0,2100.0,18,2078.0,2090.0,2103.0,2084.0,4519.0,9462786.0,170146
2023-05-10 21:07:21,SA2307,SA2307,2100.0,7.0,14658.0,-2.0,4,2099.0,2100.0,12,2078.0,2090.0,2103.0,2084.0,4526.0,9477444.0,170144
2023-05-10 21:07:22,SA2307,SA2307,2100.0,0.0,0.0,0.0,6,2099.0,2100.0,12,2078.0,2090.0,2103.0,2084.0,4526.0,9477444.0,170144
2023-05-10 21:07:22,SA2307,SA2307,2099.0,1.0,2094.0,-1.0,6,2099.0,2100.0,12,2078.0,2090.0,2103.0,2084.0,4527.0,9479538.0,170143
2023-05-10 21:07:23,SA2307,SA2307,2099.0,8.0,16752.0,3.0,26,2098.0,2100.0,30,2078.0,2090.0,2103.0,2084.0,4535.0,9496290.0,170146
2023-05-10 21:07:23,SA2307,SA2307,2099.0,0.0,0.0,0.0,18,2098.0,2099.0,21,2078.0,2090.0,2103.0,2084.0,4535.0,9496290.0,170146
2023-05-10 21:07:24,SA2307,SA2307,2099.0,0.0,0.0,0.0,18,2098.0,2099.0,22,2078.0,2090.0,2103.0,2084.0,4535.0,9496290.0,170146
2023-05-10 21:07:25,SA2307,SA2307,2098.0,30.0,62820.0,-11.0,49,2097.0,2099.0,24,2078.0,2090.0,2103.0,2084.0,4565.0,9559110.0,170135
2023-05-10 21:07:25,SA2307,SA2307,2098.0,0.0,0.0,0.0,22,2097.0,2099.0,26,2078.0,2090.0,2103.0,2084.0,4565.0,9559110.0,170135
2023-05-10 21:07:25,SA2307,SA2307,2098.0,0.0,0.0,0.0,12,2097.0,2098.0,4,2078.0,2090.0,2103.0,2084.0,4565.0,9559110.0,170135
2023-05-10 21:07:26,SA2307,SA2307,2098.0,5.0,10470.0,-5.0,1,2098.0,2099.0,42,2078.0,2090.0,2103.0,2084.0,4570.0,9569580.0,170130
2023-05-10 21:07:26,SA2307,SA2307,2099.0,2.0,4188.0,-2.0,1,2098.0,2099.0,25,2078.0,2090.0,2103.0,2084.0,4572.0,9573768.0,170128
2023-05-10 21:07:27,SA2307,SA2307,2097.0,4.0,8376.0,1.0,17,2097.0,2098.0,1,2078.0,2090.0,2103.0,2084.0,4576.0,9582144.0,170129
2023-05-10 21:07:27,SA2307,SA2307,2098.0,2.0,4188.0,-2.0,6,2097.0,2098.0,4,2078.0,2090.0,2103.0,2084.0,4578.0,9586332.0,170127
2023-05-10 21:07:29,SA2307,SA2307,2097.0,5.0,10470.0,5.0,1,2097.0,2098.0,4,2078.0,2090.0,2103.0,2084.0,4583.0,9596802.0,170132
2023-05-10 21:07:29,SA2307,SA2307,2097.0,0.0,0.0,0.0,2,2097.0,2098.0,4,2078.0,2090.0,2103.0,2084.0,4583.0,9596802.0,170132
2023-05-10 21:07:30,SA2307,SA2307,2098.0,5.0,10470.0,-3.0,12,2098.0,2099.0,115,2078.0,2090.0,2103.0,2084.0,4588.0,9607272.0,170129
2023-05-10 21:07:31,SA2307,SA2307,2098.0,12.0,25128.0,-4.0,16,2097.0,2098.0,4,2078.0,2090.0,2103.0,2084.0,4600.0,9632400.0,170125
2023-05-10 21:07:31,SA2307,SA2307,2098.0,0.0,0.0,0.0,8,2097.0,2098.0,4,2078.0,2090.0,2103.0,2084.0,4600.0,9632400.0,170125
2023-05-10 21:07:31,SA2307,SA2307,2097.0,12.0,25128.0,-6.0,17,2097.0,2098.0,5,2078.0,2090.0,2103.0,2084.0,4612.0,9657528.0,170119
2023-05-10 21:07:32,SA2307,SA2307,2098.0,6.0,12564.0,-5.0,11,2097.0,2098.0,1,2078.0,2090.0,2103.0,2084.0,4618.0,9670092.0,170114
2023-05-10 21:07:33,SA2307,SA2307,2098.0,1.0,2094.0,-1.0,1,2098.0,2099.0,67,2078.0,2090.0,2103.0,2084.0,4619.0,9672186.0,170113
