time,symbol_id,symbol_name,last,trade_volume,trade_amount,open_interest_change,bv1,bp1,ap1,av1,yesterday_close,today_open,today_high,today_low,volume,amount,open_interest
2023-05-09 20:59:00,ag2312C6300,ag2312C6300,239.5,0.0,0.0,0.0,1,60.0,0.0,0,239.5,0.0,0.0,0.0,0.0,0.0,73
2023-05-09 21:00:00,ag2312C6300,ag2312C6300,239.5,0.0,0.0,0.0,2,114.5,345.5,2,239.5,0.0,0.0,0.0,0.0,0.0,73
2023-05-09 21:00:08,ag2312C6300,ag2312C6300,239.5,0.0,0.0,0.0,2,115.0,345.0,2,239.5,0.0,0.0,0.0,0.0,0.0,73
2023-05-09 21:00:09,ag2312C6300,ag2312C6300,239.5,0.0,0.0,0.0,2,143.5,316.5,2,239.5,0.0,0.0,0.0,0.0,0.0,73
2023-05-09 21:00:10,ag2312C6300,ag2312C6300,239.5,0.0,0.0,0.0,2,143.5,316.5,2,239.5,0.0,0.0,0.0,0.0,0.0,73
2023-05-09 21:00:10,ag2312C6300,ag2312C6300,239.5,0.0,0.0,0.0,2,144.0,316.0,2,239.5,0.0,0.0,0.0,0.0,0.0,73
2023-05-09 21:00:11,ag2312C6300,ag2312C6300,239.5,0.0,0.0,0.0,2,172.5,287.5,2,239.5,0.0,0.0,0.0,0.0,0.0,73
2023-05-09 21:00:12,ag2312C6300,ag2312C6300,239.5,0.0,0.0,0.0,2,172.5,287.5,2,239.5,0.0,0.0,0.0,0.0,0.0,73
2023-05-09 21:00:12,ag2312C6300,ag2312C6300,239.5,0.0,0.0,0.0,2,173.0,287.0,2,239.5,0.0,0.0,0.0,0.0,0.0,73
2023-05-09 21:00:13,ag2312C6300,ag2312C6300,239.5,0.0,0.0,0.0,2,173.0,258.5,2,239.5,0.0,0.0,0.0,0.0,0.0,73
2023-05-09 21:00:13,ag2312C6300,ag2312C6300,239.5,0.0,0.0,0.0,2,173.0,258.5,2,239.5,0.0,0.0,0.0,0.0,0.0,73
2023-05-09 21:00:14,ag2312C6300,ag2312C6300,239.5,0.0,0.0,0.0,2,201.5,258.0,2,239.5,0.0,0.0,0.0,0.0,0.0,73
2023-05-09 21:00:14,ag2312C6300,ag2312C6300,239.5,0.0,0.0,0.0,2,201.5,258.0,2,239.5,0.0,0.0,0.0,0.0,0.0,73
2023-05-09 21:00:15,ag2312C6300,ag2312C6300,239.5,0.0,0.0,0.0,2,202.0,238.5,2,239.5,0.0,0.0,0.0,0.0,0.0,73
2023-05-09 21:00:15,ag2312C6300,ag2312C6300,239.5,0.0,0.0,0.0,2,212.0,238.5,2,239.5,0.0,0.0,0.0,0.0,0.0,73
2023-05-09 21:00:16,ag2312C6300,ag2312C6300,239.5,0.0,0.0,0.0,2,212.0,238.5,2,239.5,0.0,0.0,0.0,0.0,0.0,73
2023-05-09 21:00:22,ag2312C6300,ag2312C6300,239.5,0.0,0.0,0.0,2,111.0,238.5,2,239.5,0.0,0.0,0.0,0.0,0.0,73
2023-05-09 21:00:23,ag2312C6300,ag2312C6300,239.5,0.0,0.0,0.0,2,111.5,238.5,2,239.5,0.0,0.0,0.0,0.0,0.0,73
2023-05-09 21:00:23,ag2312C6300,ag2312C6300,239.5,0.0,0.0,0.0,2,140.0,238.5,2,239.5,0.0,0.0,0.0,0.0,0.0,73
2023-05-09 21:00:24,ag2312C6300,ag2312C6300,239.5,0.0,0.0,0.0,2,140.0,238.5,2,239.5,0.0,0.0,0.0,0.0,0.0,73
2023-05-09 21:00:24,ag2312C6300,ag2312C6300,239.5,0.0,0.0,0.0,2,140.5,238.5,2,239.5,0.0,0.0,0.0,0.0,0.0,73
2023-05-09 21:00:25,ag2312C6300,ag2312C6300,239.5,0.0,0.0,0.0,2,169.0,238.5,2,239.5,0.0,0.0,0.0,0.0,0.0,73
2023-05-09 21:00:25,ag2312C6300,ag2312C6300,239.5,0.0,0.0,0.0,2,169.0,238.5,2,239.5,0.0,0.0,0.0,0.0,0.0,73
2023-05-09 21:00:26,ag2312C6300,ag2312C6300,239.5,0.0,0.0,0.0,2,169.5,238.5,2,239.5,0.0,0.0,0.0,0.0,0.0,73
2023-05-09 21:00:26,ag2312C6300,ag2312C6300,239.5,0.0,0.0,0.0,2,198.0,238.5,2,239.5,0.0,0.0,0.0,0.0,0.0,73
2023-05-09 21:00:27,ag2312C6300,ag2312C6300,239.5,0.0,0.0,0.0,2,198.0,238.5,2,239.5,0.0,0.0,0.0,0.0,0.0,73
2023-05-09 21:00:27,ag2312C6300,ag2312C6300,239.5,0.0,0.0,0.0,2,198.5,238.5,2,239.5,0.0,0.0,0.0,0.0,0.0,73
2023-05-09 21:00:28,ag2312C6300,ag2312C6300,239.5,0.0,0.0,0.0,2,211.5,238.5,2,239.5,0.0,0.0,0.0,0.0,0.0,73
2023-05-09 21:00:28,ag2312C6300,ag2312C6300,239.5,0.0,0.0,0.0,2,211.5,238.5,2,239.5,0.0,0.0,0.0,0.0,0.0,73
2023-05-09 21:00:40,ag2312C6300,ag2312C6300,239.5,0.0,0.0,0.0,2,111.0,238.5,2,239.5,0.0,0.0,0.0,0.0,0.0,73
2023-05-09 21:00:40,ag2312C6300,ag2312C6300,239.5,0.0,0.0,0.0,2,111.5,238.5,2,239.5,0.0,0.0,0.0,0.0,0.0,73
2023-05-09 21:00:41,ag2312C6300,ag2312C6300,239.5,0.0,0.0,0.0,2,140.0,238.5,2,239.5,0.0,0.0,0.0,0.0,0.0,73
2023-05-09 21:00:41,ag2312C6300,ag2312C6300,239.5,0.0,0.0,0.0,2,140.0,238.5,2,239.5,0.0,0.0,0.0,0.0,0.0,73
2023-05-09 21:00:42,ag2312C6300,ag2312C6300,239.5,0.0,0.0,0.0,2,140.5,238.5,2,239.5,0.0,0.0,0.0,0.0,0.0,73
2023-05-09 21:00:42,ag2312C6300,ag2312C6300,239.5,0.0,0.0,0.0,2,169.0,238.5,2,239.5,0.0,0.0,0.0,0.0,0.0,73
2023-05-09 21:00:43,ag2312C6300,ag2312C6300,239.5,0.0,0.0,0.0,2,169.0,238.5,2,239.5,0.0,0.0,0.0,0.0,0.0,73
2023-05-09 21:00:43,ag2312C6300,ag2312C6300,239.5,0.0,0.0,0.0,2,169.5,238.5,2,239.5,0.0,0.0,0.0,0.0,0.0,73
2023-05-09 21:00:44,ag2312C6300,ag2312C6300,239.5,0.0,0.0,0.0,2,198.0,238.5,2,239.5,0.0,0.0,0.0,0.0,0.0,73
2023-05-09 21:00:44,ag2312C6300,ag2312C6300,239.5,0.0,0.0,0.0,2,198.0,238.5,2,239.5,0.0,0.0,0.0,0.0,0.0,73
2023-05-09 21:00:45,ag2312C6300,ag2312C6300,239.5,0.0,0.0,0.0,2,198.5,238.5,2,239.5,0.0,0.0,0.0,0.0,0.0,73
2023-05-09 21:00:45,ag2312C6300,ag2312C6300,239.5,0.0,0.0,0.0,2,211.0,238.5,2,239.5,0.0,0.0,0.0,0.0,0.0,73
2023-05-09 21:00:46,ag2312C6300,ag2312C6300,239.5,0.0,0.0,0.0,2,211.0,238.5,2,239.5,0.0,0.0,0.0,0.0,0.0,73
2023-05-09 21:00:50,ag2312C6300,ag2312C6300,239.5,0.0,0.0,0.0,1,60.0,241.5,1,239.5,0.0,0.0,0.0,0.0,0.0,73
2023-05-09 21:00:51,ag2312C6300,ag2312C6300,239.5,0.0,0.0,0.0,2,60.5,241.5,1,239.5,0.0,0.0,0.0,0.0,0.0,73
2023-05-09 21:00:53,ag2312C6300,ag2312C6300,239.5,0.0,0.0,0.0,1,111.5,241.5,1,239.5,0.0,0.0,0.0,0.0,0.0,73
2023-05-09 21:00:53,ag2312C6300,ag2312C6300,239.5,0.0,0.0,0.0,1,111.5,241.5,1,239.5,0.0,0.0,0.0,0.0,0.0,73
2023-05-09 21:00:54,ag2312C6300,ag2312C6300,239.5,0.0,0.0,0.0,2,112.0,241.5,1,239.5,0.0,0.0,0.0,0.0,0.0,73
2023-05-09 21:00:54,ag2312C6300,ag2312C6300,239.5,0.0,0.0,0.0,1,140.5,241.5,1,239.5,0.0,0.0,0.0,0.0,0.0,73
2023-05-09 21:00:55,ag2312C6300,ag2312C6300,239.5,0.0,0.0,0.0,1,140.5,241.5,1,239.5,0.0,0.0,0.0,0.0,0.0,73
2023-05-09 21:00:55,ag2312C6300,ag2312C6300,239.5,0.0,0.0,0.0,2,141.0,241.5,1,239.5,0.0,0.0,0.0,0.0,0.0,73
2023-05-09 21:00:56,ag2312C6300,ag2312C6300,239.5,0.0,0.0,0.0,1,169.5,241.5,1,239.5,0.0,0.0,0.0,0.0,0.0,73
2023-05-09 21:00:56,ag2312C6300,ag2312C6300,239.5,0.0,0.0,0.0,1,169.5,241.5,1,239.5,0.0,0.0,0.0,0.0,0.0,73
2023-05-09 21:00:57,ag2312C6300,ag2312C6300,239.5,0.0,0.0,0.0,2,170.0,241.5,1,239.5,0.0,0.0,0.0,0.0,0.0,73
2023-05-09 21:00:57,ag2312C6300,ag2312C6300,239.5,0.0,0.0,0.0,1,198.5,241.5,1,239.5,0.0,0.0,0.0,0.0,0.0,73
2023-05-09 21:00:58,ag2312C6300,ag2312C6300,239.5,0.0,0.0,0.0,1,198.5,241.5,1,239.5,0.0,0.0,0.0,0.0,0.0,73
2023-05-09 21:00:58,ag2312C6300,ag2312C6300,239.5,0.0,0.0,0.0,2,199.0,241.5,1,239.5,0.0,0.0,0.0,0.0,0.0,73
2023-05-09 21:00:59,ag2312C6300,ag2312C6300,239.5,0.0,0.0,0.0,1,211.5,241.5,1,239.5,0.0,0.0,0.0,0.0,0.0,73
2023-05-09 21:00:59,ag2312C6300,ag2312C6300,239.5,0.0,0.0,0.0,1,211.5,241.5,1,239.5,0.0,0.0,0.0,0.0,0.0,73
2023-05-09 21:01:05,ag2312C6300,ag2312C6300,239.5,0.0,0.0,0.0,1,110.5,241.5,1,239.5,0.0,0.0,0.0,0.0,0.0,73
2023-05-09 21:01:06,ag2312C6300,ag2312C6300,239.5,0.0,0.0,0.0,2,111.0,241.5,1,239.5,0.0,0.0,0.0,0.0,0.0,73
2023-05-09 21:01:06,ag2312C6300,ag2312C6300,239.5,0.0,0.0,0.0,1,139.5,241.5,1,239.5,0.0,0.0,0.0,0.0,0.0,73
2023-05-09 21:01:07,ag2312C6300,ag2312C6300,239.5,0.0,0.0,0.0,1,139.5,241.5,1,239.5,0.0,0.0,0.0,0.0,0.0,73
2023-05-09 21:01:07,ag2312C6300,ag2312C6300,239.5,0.0,0.0,0.0,2,140.0,241.5,1,239.5,0.0,0.0,0.0,0.0,0.0,73
2023-05-09 21:01:08,ag2312C6300,ag2312C6300,239.5,0.0,0.0,0.0,1,168.5,241.5,1,239.5,0.0,0.0,0.0,0.0,0.0,73
2023-05-09 21:01:08,ag2312C6300,ag2312C6300,239.5,0.0,0.0,0.0,1,168.5,241.5,1,239.5,0.0,0.0,0.0,0.0,0.0,73
2023-05-09 21:01:09,ag2312C6300,ag2312C6300,239.5,0.0,0.0,0.0,2,169.0,241.5,1,239.5,0.0,0.0,0.0,0.0,0.0,73
2023-05-09 21:01:09,ag2312C6300,ag2312C6300,239.5,0.0,0.0,0.0,1,211.0,241.5,1,239.5,0.0,0.0,0.0,0.0,0.0,73
2023-05-09 21:01:10,ag2312C6300,ag2312C6300,239.5,0.0,0.0,0.0,1,211.0,241.5,1,239.5,0.0,0.0,0.0,0.0,0.0,73
2023-05-09 21:01:10,ag2312C6300,ag2312C6300,239.5,0.0,0.0,0.0,1,223.5,241.5,1,239.5,0.0,0.0,0.0,0.0,0.0,73
2023-05-09 21:01:12,ag2312C6300,ag2312C6300,239.5,0.0,0.0,0.0,1,223.5,228.5,1,239.5,0.0,0.0,0.0,0.0,0.0,73
2023-05-09 21:02:21,ag2312C6300,ag2312C6300,239.5,0.0,0.0,0.0,1,224.0,228.5,1,239.5,0.0,0.0,0.0,0.0,0.0,73
2023-05-09 21:02:25,ag2312C6300,ag2312C6300,239.5,0.0,0.0,0.0,1,224.5,228.5,1,239.5,0.0,0.0,0.0,0.0,0.0,73
2023-05-09 21:02:53,ag2312C6300,ag2312C6300,239.5,0.0,0.0,0.0,1,224.5,228.0,1,239.5,0.0,0.0,0.0,0.0,0.0,73
2023-05-09 21:02:53,ag2312C6300,ag2312C6300,239.5,0.0,0.0,0.0,1,224.0,228.0,1,239.5,0.0,0.0,0.0,0.0,0.0,73
2023-05-09 21:03:12,ag2312C6300,ag2312C6300,239.5,0.0,0.0,0.0,1,211.0,227.5,1,239.5,0.0,0.0,0.0,0.0,0.0,73
2023-05-09 21:03:13,ag2312C6300,ag2312C6300,239.5,0.0,0.0,0.0,1,222.5,227.0,1,239.5,0.0,0.0,0.0,0.0,0.0,73
2023-05-09 21:03:14,ag2312C6300,ag2312C6300,239.5,0.0,0.0,0.0,1,223.0,227.0,1,239.5,0.0,0.0,0.0,0.0,0.0,73
2023-05-09 21:03:18,ag2312C6300,ag2312C6300,239.5,0.0,0.0,0.0,1,223.5,227.0,1,239.5,0.0,0.0,0.0,0.0,0.0,73
2023-05-09 21:03:19,ag2312C6300,ag2312C6300,239.5,0.0,0.0,0.0,1,223.5,227.5,1,239.5,0.0,0.0,0.0,0.0,0.0,73
2023-05-09 21:03:32,ag2312C6300,ag2312C6300,239.5,0.0,0.0,0.0,1,224.0,227.5,1,239.5,0.0,0.0,0.0,0.0,0.0,73
2023-05-09 21:03:32,ag2312C6300,ag2312C6300,239.5,0.0,0.0,0.0,1,224.0,228.5,1,239.5,0.0,0.0,0.0,0.0,0.0,73
2023-05-09 21:03:49,ag2312C6300,ag2312C6300,239.5,0.0,0.0,0.0,1,224.5,228.5,1,239.5,0.0,0.0,0.0,0.0,0.0,73
2023-05-09 21:04:39,ag2312C6300,ag2312C6300,239.5,0.0,0.0,0.0,1,225.0,228.5,1,239.5,0.0,0.0,0.0,0.0,0.0,73
2023-05-09 21:04:53,ag2312C6300,ag2312C6300,239.5,0.0,0.0,0.0,1,224.5,228.5,1,239.5,0.0,0.0,0.0,0.0,0.0,73
2023-05-09 21:05:09,ag2312C6300,ag2312C6300,239.5,0.0,0.0,0.0,1,224.5,228.0,1,239.5,0.0,0.0,0.0,0.0,0.0,73
2023-05-09 21:05:21,ag2312C6300,ag2312C6300,239.5,0.0,0.0,0.0,1,223.5,228.0,1,239.5,0.0,0.0,0.0,0.0,0.0,73
2023-05-09 21:05:22,ag2312C6300,ag2312C6300,239.5,0.0,0.0,0.0,1,223.5,227.5,1,239.5,0.0,0.0,0.0,0.0,0.0,73
2023-05-09 21:05:38,ag2312C6300,ag2312C6300,239.5,0.0,0.0,0.0,1,223.5,227.0,1,239.5,0.0,0.0,0.0,0.0,0.0,73
2023-05-09 21:05:44,ag2312C6300,ag2312C6300,239.5,0.0,0.0,0.0,1,222.5,227.0,1,239.5,0.0,0.0,0.0,0.0,0.0,73
2023-05-09 21:05:47,ag2312C6300,ag2312C6300,239.5,0.0,0.0,0.0,1,222.5,226.5,1,239.5,0.0,0.0,0.0,0.0,0.0,73
2023-05-09 21:05:50,ag2312C6300,ag2312C6300,239.5,0.0,0.0,0.0,1,223.5,227.0,1,239.5,0.0,0.0,0.0,0.0,0.0,73
2023-05-09 21:05:55,ag2312C6300,ag2312C6300,239.5,0.0,0.0,0.0,1,223.0,227.0,1,239.5,0.0,0.0,0.0,0.0,0.0,73
2023-05-09 21:05:57,ag2312C6300,ag2312C6300,239.5,0.0,0.0,0.0,1,223.5,227.0,1,239.5,0.0,0.0,0.0,0.0,0.0,73
2023-05-09 21:06:04,ag2312C6300,ag2312C6300,239.5,0.0,0.0,0.0,1,223.0,226.5,1,239.5,0.0,0.0,0.0,0.0,0.0,73
2023-05-09 21:06:05,ag2312C6300,ag2312C6300,239.5,0.0,0.0,0.0,1,223.0,226.0,1,239.5,0.0,0.0,0.0,0.0,0.0,73
2023-05-09 21:06:06,ag2312C6300,ag2312C6300,239.5,0.0,0.0,0.0,1,222.0,226.0,1,239.5,0.0,0.0,0.0,0.0,0.0,73
2023-05-09 21:06:10,ag2312C6300,ag2312C6300,239.5,0.0,0.0,0.0,1,211.0,226.0,1,239.5,0.0,0.0,0.0,0.0,0.0,73
2023-05-09 21:06:10,ag2312C6300,ag2312C6300,239.5,0.0,0.0,0.0,1,221.5,225.5,1,239.5,0.0,0.0,0.0,0.0,0.0,73
2023-05-09 21:06:11,ag2312C6300,ag2312C6300,239.5,0.0,0.0,0.0,1,222.0,225.5,1,239.5,0.0,0.0,0.0,0.0,0.0,73
2023-05-09 21:06:22,ag2312C6300,ag2312C6300,239.5,0.0,0.0,0.0,1,221.5,225.0,1,239.5,0.0,0.0,0.0,0.0,0.0,73
2023-05-09 21:06:23,ag2312C6300,ag2312C6300,239.5,0.0,0.0,0.0,1,220.5,225.0,1,239.5,0.0,0.0,0.0,0.0,0.0,73
2023-05-09 21:06:26,ag2312C6300,ag2312C6300,239.5,0.0,0.0,0.0,1,221.0,225.0,1,239.5,0.0,0.0,0.0,0.0,0.0,73
2023-05-09 21:06:36,ag2312C6300,ag2312C6300,239.5,0.0,0.0,0.0,1,221.5,225.0,1,239.5,0.0,0.0,0.0,0.0,0.0,73
2023-05-09 21:06:53,ag2312C6300,ag2312C6300,239.5,0.0,0.0,0.0,1,222.0,225.0,1,239.5,0.0,0.0,0.0,0.0,0.0,73
2023-05-09 21:06:53,ag2312C6300,ag2312C6300,239.5,0.0,0.0,0.0,1,222.0,225.5,1,239.5,0.0,0.0,0.0,0.0,0.0,73
2023-05-09 21:06:55,ag2312C6300,ag2312C6300,239.5,0.0,0.0,0.0,1,222.5,226.5,1,239.5,0.0,0.0,0.0,0.0,0.0,73
2023-05-09 21:06:56,ag2312C6300,ag2312C6300,239.5,0.0,0.0,0.0,1,222.5,226.0,1,239.5,0.0,0.0,0.0,0.0,0.0,73
2023-05-09 21:07:00,ag2312C6300,ag2312C6300,239.5,0.0,0.0,0.0,1,222.0,225.5,1,239.5,0.0,0.0,0.0,0.0,0.0,73
2023-05-09 21:07:04,ag2312C6300,ag2312C6300,239.5,0.0,0.0,0.0,1,222.0,225.0,1,239.5,0.0,0.0,0.0,0.0,0.0,73
2023-05-09 21:07:32,ag2312C6300,ag2312C6300,239.5,0.0,0.0,0.0,1,221.0,225.0,1,239.5,0.0,0.0,0.0,0.0,0.0,73
2023-05-09 21:07:33,ag2312C6300,ag2312C6300,239.5,0.0,0.0,0.0,1,221.0,224.5,1,239.5,0.0,0.0,0.0,0.0,0.0,73
2023-05-09 21:07:58,ag2312C6300,ag2312C6300,239.5,0.0,0.0,0.0,1,221.0,225.0,1,239.5,0.0,0.0,0.0,0.0,0.0,73
2023-05-09 21:07:59,ag2312C6300,ag2312C6300,239.5,0.0,0.0,0.0,1,221.5,225.0,1,239.5,0.0,0.0,0.0,0.0,0.0,73
2023-05-09 21:08:00,ag2312C6300,ag2312C6300,239.5,0.0,0.0,0.0,1,222.0,225.0,1,239.5,0.0,0.0,0.0,0.0,0.0,73
2023-05-09 21:08:07,ag2312C6300,ag2312C6300,239.5,0.0,0.0,0.0,1,222.0,226.0,1,239.5,0.0,0.0,0.0,0.0,0.0,73
2023-05-09 21:08:14,ag2312C6300,ag2312C6300,239.5,0.0,0.0,0.0,1,222.5,226.0,1,239.5,0.0,0.0,0.0,0.0,0.0,73
2023-05-09 21:08:18,ag2312C6300,ag2312C6300,239.5,0.0,0.0,0.0,1,223.0,226.0,1,239.5,0.0,0.0,0.0,0.0,0.0,73
2023-05-09 21:08:18,ag2312C6300,ag2312C6300,239.5,0.0,0.0,0.0,1,223.0,227.0,1,239.5,0.0,0.0,0.0,0.0,0.0,73
2023-05-09 21:08:21,ag2312C6300,ag2312C6300,239.5,0.0,0.0,0.0,1,223.0,226.5,1,239.5,0.0,0.0,0.0,0.0,0.0,73
2023-05-09 21:08:27,ag2312C6300,ag2312C6300,239.5,0.0,0.0,0.0,1,223.0,227.0,1,239.5,0.0,0.0,0.0,0.0,0.0,73
2023-05-09 21:08:30,ag2312C6300,ag2312C6300,239.5,0.0,0.0,0.0,1,223.5,227.0,1,239.5,0.0,0.0,0.0,0.0,0.0,73
2023-05-09 21:08:46,ag2312C6300,ag2312C6300,239.5,0.0,0.0,0.0,1,224.0,227.0,1,239.5,0.0,0.0,0.0,0.0,0.0,73
2023-05-09 21:08:47,ag2312C6300,ag2312C6300,239.5,0.0,0.0,0.0,1,224.0,228.0,1,239.5,0.0,0.0,0.0,0.0,0.0,73
2023-05-09 21:08:53,ag2312C6300,ag2312C6300,239.5,0.0,0.0,0.0,1,224.5,228.0,1,239.5,0.0,0.0,0.0,0.0,0.0,73
2023-05-09 21:09:33,ag2312C6300,ag2312C6300,239.5,0.0,0.0,0.0,1,225.0,228.0,1,239.5,0.0,0.0,0.0,0.0,0.0,73
2023-05-09 21:09:33,ag2312C6300,ag2312C6300,239.5,0.0,0.0,0.0,1,225.0,241.5,1,239.5,0.0,0.0,0.0,0.0,0.0,73
2023-05-09 21:09:35,ag2312C6300,ag2312C6300,239.5,0.0,0.0,0.0,1,225.0,229.5,1,239.5,0.0,0.0,0.0,0.0,0.0,73
2023-05-09 21:09:35,ag2312C6300,ag2312C6300,239.5,0.0,0.0,0.0,1,225.5,229.5,1,239.5,0.0,0.0,0.0,0.0,0.0,73
2023-05-09 21:09:38,ag2312C6300,ag2312C6300,239.5,0.0,0.0,0.0,1,225.5,229.0,1,239.5,0.0,0.0,0.0,0.0,0.0,73
2023-05-09 21:09:40,ag2312C6300,ag2312C6300,239.5,0.0,0.0,0.0,1,225.0,228.5,1,239.5,0.0,0.0,0.0,0.0,0.0,73
2023-05-09 21:10:12,ag2312C6300,ag2312C6300,239.5,0.0,0.0,0.0,1,225.5,228.5,1,239.5,0.0,0.0,0.0,0.0,0.0,73
2023-05-09 21:10:12,ag2312C6300,ag2312C6300,239.5,0.0,0.0,0.0,1,226.0,229.0,1,239.5,0.0,0.0,0.0,0.0,0.0,73
2023-05-09 21:11:01,ag2312C6300,ag2312C6300,239.5,0.0,0.0,0.0,1,226.5,230.0,1,239.5,0.0,0.0,0.0,0.0,0.0,73
2023-05-09 21:11:03,ag2312C6300,ag2312C6300,239.5,0.0,0.0,0.0,1,226.5,229.5,1,239.5,0.0,0.0,0.0,0.0,0.0,73
2023-05-09 21:11:12,ag2312C6300,ag2312C6300,239.5,0.0,0.0,0.0,1,226.0,229.5,1,239.5,0.0,0.0,0.0,0.0,0.0,73
2023-05-09 21:11:15,ag2312C6300,ag2312C6300,239.5,0.0,0.0,0.0,1,226.5,229.5,1,239.5,0.0,0.0,0.0,0.0,0.0,73
2023-05-09 21:11:21,ag2312C6300,ag2312C6300,239.5,0.0,0.0,0.0,1,227.0,230.0,1,239.5,0.0,0.0,0.0,0.0,0.0,73
2023-05-09 21:11:44,ag2312C6300,ag2312C6300,239.5,0.0,0.0,0.0,1,227.5,231.0,1,239.5,0.0,0.0,0.0,0.0,0.0,73
2023-05-09 21:11:47,ag2312C6300,ag2312C6300,239.5,0.0,0.0,0.0,1,228.0,231.0,1,239.5,0.0,0.0,0.0,0.0,0.0,73
2023-05-09 21:13:20,ag2312C6300,ag2312C6300,239.5,0.0,0.0,0.0,1,228.5,232.0,1,239.5,0.0,0.0,0.0,0.0,0.0,73
2023-05-09 21:13:34,ag2312C6300,ag2312C6300,239.5,0.0,0.0,0.0,1,228.5,231.5,1,239.5,0.0,0.0,0.0,0.0,0.0,73
2023-05-09 21:13:56,ag2312C6300,ag2312C6300,239.5,0.0,0.0,0.0,1,228.5,232.0,1,239.5,0.0,0.0,0.0,0.0,0.0,73
2023-05-09 21:14:07,ag2312C6300,ag2312C6300,239.5,0.0,0.0,0.0,1,228.5,231.5,1,239.5,0.0,0.0,0.0,0.0,0.0,73
2023-05-09 21:14:24,ag2312C6300,ag2312C6300,239.5,0.0,0.0,0.0,1,228.0,231.5,1,239.5,0.0,0.0,0.0,0.0,0.0,73
2023-05-09 21:14:30,ag2312C6300,ag2312C6300,239.5,0.0,0.0,0.0,1,228.0,231.0,1,239.5,0.0,0.0,0.0,0.0,0.0,73
2023-05-09 21:14:36,ag2312C6300,ag2312C6300,239.5,0.0,0.0,0.0,1,228.5,231.5,1,239.5,0.0,0.0,0.0,0.0,0.0,73
2023-05-09 21:14:45,ag2312C6300,ag2312C6300,239.5,0.0,0.0,0.0,1,228.0,231.0,1,239.5,0.0,0.0,0.0,0.0,0.0,73
2023-05-09 21:15:01,ag2312C6300,ag2312C6300,239.5,0.0,0.0,0.0,1,228.5,231.5,1,239.5,0.0,0.0,0.0,0.0,0.0,73
2023-05-09 21:15:12,ag2312C6300,ag2312C6300,239.5,0.0,0.0,0.0,1,229.0,231.5,1,239.5,0.0,0.0,0.0,0.0,0.0,73
2023-05-09 21:15:15,ag2312C6300,ag2312C6300,239.5,0.0,0.0,0.0,1,229.0,232.5,1,239.5,0.0,0.0,0.0,0.0,0.0,73
2023-05-09 21:15:17,ag2312C6300,ag2312C6300,239.5,0.0,0.0,0.0,1,229.5,232.5,1,239.5,0.0,0.0,0.0,0.0,0.0,73
2023-05-09 21:15:23,ag2312C6300,ag2312C6300,239.5,0.0,0.0,0.0,1,229.5,232.0,1,239.5,0.0,0.0,0.0,0.0,0.0,73
2023-05-09 21:15:23,ag2312C6300,ag2312C6300,239.5,0.0,0.0,0.0,1,229.0,232.0,1,239.5,0.0,0.0,0.0,0.0,0.0,73
2023-05-09 21:15:28,ag2312C6300,ag2312C6300,239.5,0.0,0.0,0.0,1,229.5,232.0,1,239.5,0.0,0.0,0.0,0.0,0.0,73
2023-05-09 21:15:39,ag2312C6300,ag2312C6300,239.5,0.0,0.0,0.0,1,229.0,231.5,1,239.5,0.0,0.0,0.0,0.0,0.0,73
2023-05-09 21:15:50,ag2312C6300,ag2312C6300,239.5,0.0,0.0,0.0,1,229.0,232.0,1,239.5,0.0,0.0,0.0,0.0,0.0,73
2023-05-09 21:15:50,ag2312C6300,ag2312C6300,239.5,0.0,0.0,0.0,1,229.5,232.0,1,239.5,0.0,0.0,0.0,0.0,0.0,73
2023-05-09 21:15:53,ag2312C6300,ag2312C6300,239.5,0.0,0.0,0.0,1,229.0,232.0,1,239.5,0.0,0.0,0.0,0.0,0.0,73
2023-05-09 21:15:55,ag2312C6300,ag2312C6300,239.5,0.0,0.0,0.0,1,229.0,231.5,1,239.5,0.0,0.0,0.0,0.0,0.0,73
2023-05-09 21:16:00,ag2312C6300,ag2312C6300,239.5,0.0,0.0,0.0,1,228.5,231.5,1,239.5,0.0,0.0,0.0,0.0,0.0,73
2023-05-09 21:16:14,ag2312C6300,ag2312C6300,239.5,0.0,0.0,0.0,1,229.0,231.5,1,239.5,0.0,0.0,0.0,0.0,0.0,73
2023-05-09 21:16:18,ag2312C6300,ag2312C6300,239.5,0.0,0.0,0.0,1,229.0,232.0,1,239.5,0.0,0.0,0.0,0.0,0.0,73
2023-05-09 21:16:18,ag2312C6300,ag2312C6300,239.5,0.0,0.0,0.0,1,229.5,232.0,1,239.5,0.0,0.0,0.0,0.0,0.0,73
2023-05-09 21:16:59,ag2312C6300,ag2312C6300,239.5,0.0,0.0,0.0,1,229.5,232.5,1,239.5,0.0,0.0,0.0,0.0,0.0,73
2023-05-09 21:17:01,ag2312C6300,ag2312C6300,239.5,0.0,0.0,0.0,1,229.5,232.0,1,239.5,0.0,0.0,0.0,0.0,0.0,73
2023-05-09 21:17:05,ag2312C6300,ag2312C6300,239.5,0.0,0.0,0.0,1,229.5,232.5,1,239.5,0.0,0.0,0.0,0.0,0.0,73
2023-05-09 21:17:06,ag2312C6300,ag2312C6300,239.5,0.0,0.0,0.0,1,230.0,232.5,1,239.5,0.0,0.0,0.0,0.0,0.0,73
2023-05-09 21:17:08,ag2312C6300,ag2312C6300,239.5,0.0,0.0,0.0,1,230.0,241.5,1,239.5,0.0,0.0,0.0,0.0,0.0,73
2023-05-09 21:17:09,ag2312C6300,ag2312C6300,239.5,0.0,0.0,0.0,1,230.5,233.5,1,239.5,0.0,0.0,0.0,0.0,0.0,73
2023-05-09 21:17:11,ag2312C6300,ag2312C6300,239.5,0.0,0.0,0.0,1,230.5,241.5,1,239.5,0.0,0.0,0.0,0.0,0.0,73
2023-05-09 21:17:12,ag2312C6300,ag2312C6300,239.5,0.0,0.0,0.0,1,231.0,234.5,1,239.5,0.0,0.0,0.0,0.0,0.0,73
2023-05-09 21:17:14,ag2312C6300,ag2312C6300,239.5,0.0,0.0,0.0,1,231.0,234.0,1,239.5,0.0,0.0,0.0,0.0,0.0,73
2023-05-09 21:17:20,ag2312C6300,ag2312C6300,239.5,0.0,0.0,0.0,1,231.0,233.5,1,239.5,0.0,0.0,0.0,0.0,0.0,73
2023-05-09 21:17:21,ag2312C6300,ag2312C6300,239.5,0.0,0.0,0.0,1,230.5,233.5,1,239.5,0.0,0.0,0.0,0.0,0.0,73
2023-05-09 21:17:43,ag2312C6300,ag2312C6300,239.5,0.0,0.0,0.0,1,230.5,233.0,1,239.5,0.0,0.0,0.0,0.0,0.0,73
2023-05-09 21:17:59,ag2312C6300,ag2312C6300,239.5,0.0,0.0,0.0,1,230.5,233.5,1,239.5,0.0,0.0,0.0,0.0,0.0,73
2023-05-09 21:18:00,ag2312C6300,ag2312C6300,239.5,0.0,0.0,0.0,1,231.0,233.5,1,239.5,0.0,0.0,0.0,0.0,0.0,73
2023-05-09 21:18:12,ag2312C6300,ag2312C6300,239.5,0.0,0.0,0.0,1,231.0,234.0,1,239.5,0.0,0.0,0.0,0.0,0.0,73
2023-05-09 21:18:23,ag2312C6300,ag2312C6300,239.5,0.0,0.0,0.0,1,231.0,233.5,1,239.5,0.0,0.0,0.0,0.0,0.0,73
2023-05-09 21:18:28,ag2312C6300,ag2312C6300,239.5,0.0,0.0,0.0,1,231.0,234.0,1,239.5,0.0,0.0,0.0,0.0,0.0,73
2023-05-09 21:18:29,ag2312C6300,ag2312C6300,239.5,0.0,0.0,0.0,1,231.5,234.0,1,239.5,0.0,0.0,0.0,0.0,0.0,73
2023-05-09 21:18:33,ag2312C6300,ag2312C6300,239.5,0.0,0.0,0.0,1,231.5,241.5,1,239.5,0.0,0.0,0.0,0.0,0.0,73
2023-05-09 21:18:34,ag2312C6300,ag2312C6300,239.5,0.0,0.0,0.0,1,232.0,235.0,1,239.5,0.0,0.0,0.0,0.0,0.0,73
2023-05-09 21:18:35,ag2312C6300,ag2312C6300,239.5,0.0,0.0,0.0,1,232.0,234.5,1,239.5,0.0,0.0,0.0,0.0,0.0,73
2023-05-09 21:18:51,ag2312C6300,ag2312C6300,239.5,0.0,0.0,0.0,1,231.5,234.5,1,239.5,0.0,0.0,0.0,0.0,0.0,73
2023-05-09 21:18:53,ag2312C6300,ag2312C6300,239.5,0.0,0.0,0.0,1,231.5,234.0,1,239.5,0.0,0.0,0.0,0.0,0.0,73
2023-05-09 21:19:21,ag2312C6300,ag2312C6300,239.5,0.0,0.0,0.0,1,230.5,234.0,1,239.5,0.0,0.0,0.0,0.0,0.0,73
2023-05-09 21:19:24,ag2312C6300,ag2312C6300,239.5,0.0,0.0,0.0,1,231.0,234.0,1,239.5,0.0,0.0,0.0,0.0,0.0,73
2023-05-09 21:20:00,ag2312C6300,ag2312C6300,239.5,0.0,0.0,0.0,1,231.0,233.5,1,239.5,0.0,0.0,0.0,0.0,0.0,73
2023-05-09 21:20:01,ag2312C6300,ag2312C6300,239.5,0.0,0.0,0.0,1,230.5,233.5,1,239.5,0.0,0.0,0.0,0.0,0.0,73
2023-05-09 21:20:09,ag2312C6300,ag2312C6300,239.5,0.0,0.0,0.0,1,231.0,234.0,1,239.5,0.0,0.0,0.0,0.0,0.0,73
2023-05-09 21:20:17,ag2312C6300,ag2312C6300,239.5,0.0,0.0,0.0,1,231.5,234.0,1,239.5,0.0,0.0,0.0,0.0,0.0,73
2023-05-09 21:20:23,ag2312C6300,ag2312C6300,239.5,0.0,0.0,0.0,1,232.0,235.0,1,239.5,0.0,0.0,0.0,0.0,0.0,73
2023-05-09 21:20:25,ag2312C6300,ag2312C6300,239.5,0.0,0.0,0.0,1,232.0,234.5,1,239.5,0.0,0.0,0.0,0.0,0.0,73
2023-05-09 21:20:54,ag2312C6300,ag2312C6300,239.5,0.0,0.0,0.0,1,231.5,234.5,1,239.5,0.0,0.0,0.0,0.0,0.0,73
2023-05-09 21:21:00,ag2312C6300,ag2312C6300,239.5,0.0,0.0,0.0,1,232.0,234.5,1,239.5,0.0,0.0,0.0,0.0,0.0,73
2023-05-09 21:21:01,ag2312C6300,ag2312C6300,239.5,0.0,0.0,0.0,1,232.0,235.0,1,239.5,0.0,0.0,0.0,0.0,0.0,73
2023-05-09 21:21:02,ag2312C6300,ag2312C6300,239.5,0.0,0.0,0.0,1,232.5,235.0,1,239.5,0.0,0.0,0.0,0.0,0.0,73
2023-05-09 21:21:16,ag2312C6300,ag2312C6300,239.5,0.0,0.0,0.0,1,232.5,241.5,1,239.5,0.0,0.0,0.0,0.0,0.0,73
2023-05-09 21:21:17,ag2312C6300,ag2312C6300,239.5,0.0,0.0,0.0,1,232.5,236.0,1,239.5,0.0,0.0,0.0,0.0,0.0,73
2023-05-09 21:21:22,ag2312C6300,ag2312C6300,239.5,0.0,0.0,0.0,1,232.5,235.5,1,239.5,0.0,0.0,0.0,0.0,0.0,73
2023-05-09 21:21:23,ag2312C6300,ag2312C6300,239.5,0.0,0.0,0.0,1,232.5,235.0,1,239.5,0.0,0.0,0.0,0.0,0.0,73
2023-05-09 21:22:00,ag2312C6300,ag2312C6300,239.5,0.0,0.0,0.0,1,211.0,234.5,1,239.5,0.0,0.0,0.0,0.0,0.0,73
2023-05-09 21:22:01,ag2312C6300,ag2312C6300,239.5,0.0,0.0,0.0,2,211.5,234.5,1,239.5,0.0,0.0,0.0,0.0,0.0,73
2023-05-09 21:22:01,ag2312C6300,ag2312C6300,239.5,0.0,0.0,0.0,1,231.5,234.5,1,239.5,0.0,0.0,0.0,0.0,0.0,73
2023-05-09 21:22:02,ag2312C6300,ag2312C6300,239.5,0.0,0.0,0.0,1,231.5,234.5,1,239.5,0.0,0.0,0.0,0.0,0.0,73
2023-05-09 21:22:25,ag2312C6300,ag2312C6300,239.5,0.0,0.0,0.0,1,232.0,234.5,1,239.5,0.0,0.0,0.0,0.0,0.0,73
2023-05-09 21:22:28,ag2312C6300,ag2312C6300,239.5,0.0,0.0,0.0,1,232.0,235.0,1,239.5,0.0,0.0,0.0,0.0,0.0,73
2023-05-09 21:23:09,ag2312C6300,ag2312C6300,239.5,0.0,0.0,0.0,1,232.5,235.0,1,239.5,0.0,0.0,0.0,0.0,0.0,73
2023-05-09 21:23:15,ag2312C6300,ag2312C6300,239.5,0.0,0.0,0.0,1,232.0,235.0,1,239.5,0.0,0.0,0.0,0.0,0.0,73
2023-05-09 21:23:15,ag2312C6300,ag2312C6300,239.5,0.0,0.0,0.0,1,232.0,234.5,1,239.5,0.0,0.0,0.0,0.0,0.0,73
2023-05-09 21:23:30,ag2312C6300,ag2312C6300,239.5,0.0,0.0,0.0,1,231.0,234.5,1,239.5,0.0,0.0,0.0,0.0,0.0,73
2023-05-09 21:23:30,ag2312C6300,ag2312C6300,239.5,0.0,0.0,0.0,1,231.5,234.5,1,239.5,0.0,0.0,0.0,0.0,0.0,73
2023-05-09 21:24:10,ag2312C6300,ag2312C6300,239.5,0.0,0.0,0.0,1,231.5,234.0,1,239.5,0.0,0.0,0.0,0.0,0.0,73
2023-05-09 21:24:11,ag2312C6300,ag2312C6300,239.5,0.0,0.0,0.0,1,231.0,234.0,1,239.5,0.0,0.0,0.0,0.0,0.0,73
2023-05-09 21:25:03,ag2312C6300,ag2312C6300,239.5,0.0,0.0,0.0,1,231.5,234.5,1,239.5,0.0,0.0,0.0,0.0,0.0,73
2023-05-09 21:25:26,ag2312C6300,ag2312C6300,239.5,0.0,0.0,0.0,1,232.0,234.5,1,239.5,0.0,0.0,0.0,0.0,0.0,73
2023-05-09 21:25:35,ag2312C6300,ag2312C6300,239.5,0.0,0.0,0.0,1,232.0,235.5,1,239.5,0.0,0.0,0.0,0.0,0.0,73
2023-05-09 21:25:35,ag2312C6300,ag2312C6300,239.5,0.0,0.0,0.0,1,232.0,235.0,1,239.5,0.0,0.0,0.0,0.0,0.0,73
2023-05-09 21:26:29,ag2312C6300,ag2312C6300,239.5,0.0,0.0,0.0,1,232.0,234.5,1,239.5,0.0,0.0,0.0,0.0,0.0,73
2023-05-09 21:26:41,ag2312C6300,ag2312C6300,239.5,0.0,0.0,0.0,1,231.5,234.5,1,239.5,0.0,0.0,0.0,0.0,0.0,73
2023-05-09 21:26:52,ag2312C6300,ag2312C6300,239.5,0.0,0.0,0.0,1,232.0,234.5,1,239.5,0.0,0.0,0.0,0.0,0.0,73
2023-05-09 21:28:10,ag2312C6300,ag2312C6300,239.5,0.0,0.0,0.0,1,231.5,234.5,1,239.5,0.0,0.0,0.0,0.0,0.0,73
2023-05-09 21:28:17,ag2312C6300,ag2312C6300,239.5,0.0,0.0,0.0,1,231.5,234.0,1,239.5,0.0,0.0,0.0,0.0,0.0,73
2023-05-09 21:28:36,ag2312C6300,ag2312C6300,239.5,0.0,0.0,0.0,1,231.0,234.0,1,239.5,0.0,0.0,0.0,0.0,0.0,73
2023-05-09 21:28:49,ag2312C6300,ag2312C6300,239.5,0.0,0.0,0.0,1,231.0,233.5,1,239.5,0.0,0.0,0.0,0.0,0.0,73
2023-05-09 21:29:12,ag2312C6300,ag2312C6300,239.5,0.0,0.0,0.0,1,230.0,233.5,1,239.5,0.0,0.0,0.0,0.0,0.0,73
2023-05-09 21:29:14,ag2312C6300,ag2312C6300,239.5,0.0,0.0,0.0,1,230.5,233.5,1,239.5,0.0,0.0,0.0,0.0,0.0,73
2023-05-09 21:29:20,ag2312C6300,ag2312C6300,239.5,0.0,0.0,0.0,1,230.5,233.0,1,239.5,0.0,0.0,0.0,0.0,0.0,73
2023-05-09 21:29:30,ag2312C6300,ag2312C6300,239.5,0.0,0.0,0.0,1,230.0,233.0,1,239.5,0.0,0.0,0.0,0.0,0.0,73
2023-05-09 21:30:02,ag2312C6300,ag2312C6300,239.5,0.0,0.0,0.0,1,224.5,233.0,1,239.5,0.0,0.0,0.0,0.0,0.0,73
2023-05-09 21:30:03,ag2312C6300,ag2312C6300,239.5,0.0,0.0,0.0,1,229.5,233.0,1,239.5,0.0,0.0,0.0,0.0,0.0,73
2023-05-09 21:30:04,ag2312C6300,ag2312C6300,239.5,0.0,0.0,0.0,1,229.5,232.5,1,239.5,0.0,0.0,0.0,0.0,0.0,73
2023-05-09 21:30:11,ag2312C6300,ag2312C6300,239.5,0.0,0.0,0.0,1,229.5,232.0,1,239.5,0.0,0.0,0.0,0.0,0.0,73
2023-05-09 21:30:19,ag2312C6300,ag2312C6300,239.5,0.0,0.0,0.0,1,230.0,232.5,1,239.5,0.0,0.0,0.0,0.0,0.0,73
2023-05-09 21:30:20,ag2312C6300,ag2312C6300,239.5,0.0,0.0,0.0,1,230.0,241.5,1,239.5,0.0,0.0,0.0,0.0,0.0,73
2023-05-09 21:30:21,ag2312C6300,ag2312C6300,239.5,0.0,0.0,0.0,1,230.0,233.0,1,239.5,0.0,0.0,0.0,0.0,0.0,73
2023-05-09 21:30:48,ag2312C6300,ag2312C6300,239.5,0.0,0.0,0.0,1,230.0,232.5,1,239.5,0.0,0.0,0.0,0.0,0.0,73
2023-05-09 21:30:49,ag2312C6300,ag2312C6300,239.5,0.0,0.0,0.0,1,229.5,232.5,1,239.5,0.0,0.0,0.0,0.0,0.0,73
2023-05-09 21:30:53,ag2312C6300,ag2312C6300,239.5,0.0,0.0,0.0,1,230.0,232.5,1,239.5,0.0,0.0,0.0,0.0,0.0,73
2023-05-09 21:30:56,ag2312C6300,ag2312C6300,239.5,0.0,0.0,0.0,1,230.0,233.0,1,239.5,0.0,0.0,0.0,0.0,0.0,73
2023-05-09 21:31:06,ag2312C6300,ag2312C6300,239.5,0.0,0.0,0.0,1,230.5,233.0,1,239.5,0.0,0.0,0.0,0.0,0.0,73
2023-05-09 21:31:12,ag2312C6300,ag2312C6300,239.5,0.0,0.0,0.0,1,230.5,234.0,1,239.5,0.0,0.0,0.0,0.0,0.0,73
2023-05-09 21:31:13,ag2312C6300,ag2312C6300,239.5,0.0,0.0,0.0,1,230.5,233.5,1,239.5,0.0,0.0,0.0,0.0,0.0,73
2023-05-09 21:31:19,ag2312C6300,ag2312C6300,239.5,0.0,0.0,0.0,1,231.0,233.5,1,239.5,0.0,0.0,0.0,0.0,0.0,73
2023-05-09 21:31:20,ag2312C6300,ag2312C6300,239.5,0.0,0.0,0.0,1,231.0,234.0,1,239.5,0.0,0.0,0.0,0.0,0.0,73
2023-05-09 21:31:27,ag2312C6300,ag2312C6300,239.5,0.0,0.0,0.0,1,231.0,233.5,1,239.5,0.0,0.0,0.0,0.0,0.0,73
2023-05-09 21:31:27,ag2312C6300,ag2312C6300,239.5,0.0,0.0,0.0,1,230.5,233.5,1,239.5,0.0,0.0,0.0,0.0,0.0,73
2023-05-09 21:31:37,ag2312C6300,ag2312C6300,239.5,0.0,0.0,0.0,1,231.0,233.5,1,239.5,0.0,0.0,0.0,0.0,0.0,73
2023-05-09 21:31:38,ag2312C6300,ag2312C6300,239.5,0.0,0.0,0.0,1,231.0,234.0,1,239.5,0.0,0.0,0.0,0.0,0.0,73
2023-05-09 21:31:52,ag2312C6300,ag2312C6300,239.5,0.0,0.0,0.0,1,231.5,241.5,1,239.5,0.0,0.0,0.0,0.0,0.0,73
2023-05-09 21:31:53,ag2312C6300,ag2312C6300,239.5,0.0,0.0,0.0,1,231.5,235.0,1,239.5,0.0,0.0,0.0,0.0,0.0,73
2023-05-09 21:31:55,ag2312C6300,ag2312C6300,239.5,0.0,0.0,0.0,1,231.5,234.5,1,239.5,0.0,0.0,0.0,0.0,0.0,73
2023-05-09 21:32:16,ag2312C6300,ag2312C6300,239.5,0.0,0.0,0.0,1,232.0,234.5,1,239.5,0.0,0.0,0.0,0.0,0.0,73
2023-05-09 21:32:16,ag2312C6300,ag2312C6300,239.5,0.0,0.0,0.0,1,232.0,235.0,1,239.5,0.0,0.0,0.0,0.0,0.0,73
2023-05-09 21:32:48,ag2312C6300,ag2312C6300,239.5,0.0,0.0,0.0,1,232.0,234.5,1,239.5,0.0,0.0,0.0,0.0,0.0,73
2023-05-09 21:32:50,ag2312C6300,ag2312C6300,239.5,0.0,0.0,0.0,1,232.0,235.0,1,239.5,0.0,0.0,0.0,0.0,0.0,73
2023-05-09 21:33:03,ag2312C6300,ag2312C6300,239.5,0.0,0.0,0.0,1,231.5,234.5,1,239.5,0.0,0.0,0.0,0.0,0.0,73
2023-05-09 21:33:06,ag2312C6300,ag2312C6300,239.5,0.0,0.0,0.0,1,232.0,234.5,1,239.5,0.0,0.0,0.0,0.0,0.0,73
2023-05-09 21:33:06,ag2312C6300,ag2312C6300,239.5,0.0,0.0,0.0,1,232.0,235.0,1,239.5,0.0,0.0,0.0,0.0,0.0,73
2023-05-09 21:33:12,ag2312C6300,ag2312C6300,239.5,0.0,0.0,0.0,1,232.5,241.5,1,239.5,0.0,0.0,0.0,0.0,0.0,73
2023-05-09 21:33:13,ag2312C6300,ag2312C6300,239.5,0.0,0.0,0.0,1,232.5,235.5,1,239.5,0.0,0.0,0.0,0.0,0.0,73
2023-05-09 21:33:15,ag2312C6300,ag2312C6300,239.5,0.0,0.0,0.0,1,232.0,235.0,1,239.5,0.0,0.0,0.0,0.0,0.0,73
2023-05-09 21:34:03,ag2312C6300,ag2312C6300,239.5,0.0,0.0,0.0,1,224.5,234.5,1,239.5,0.0,0.0,0.0,0.0,0.0,73
2023-05-09 21:34:05,ag2312C6300,ag2312C6300,239.5,0.0,0.0,0.0,1,231.0,234.5,1,239.5,0.0,0.0,0.0,0.0,0.0,73
2023-05-09 21:34:11,ag2312C6300,ag2312C6300,239.5,0.0,0.0,0.0,1,231.0,234.0,1,239.5,0.0,0.0,0.0,0.0,0.0,73
2023-05-09 21:34:43,ag2312C6300,ag2312C6300,239.5,0.0,0.0,0.0,1,231.5,234.0,1,239.5,0.0,0.0,0.0,0.0,0.0,73
2023-05-09 21:34:54,ag2312C6300,ag2312C6300,239.5,0.0,0.0,0.0,1,231.5,234.5,1,239.5,0.0,0.0,0.0,0.0,0.0,73
2023-05-09 21:34:58,ag2312C6300,ag2312C6300,239.5,0.0,0.0,0.0,1,232.0,234.5,1,239.5,0.0,0.0,0.0,0.0,0.0,73
2023-05-09 21:35:01,ag2312C6300,ag2312C6300,239.5,0.0,0.0,0.0,1,232.0,235.0,1,239.5,0.0,0.0,0.0,0.0,0.0,73
2023-05-09 21:35:06,ag2312C6300,ag2312C6300,239.5,0.0,0.0,0.0,1,232.5,235.0,1,239.5,0.0,0.0,0.0,0.0,0.0,73
2023-05-09 21:35:17,ag2312C6300,ag2312C6300,239.5,0.0,0.0,0.0,1,232.5,235.5,1,239.5,0.0,0.0,0.0,0.0,0.0,73
2023-05-09 21:35:17,ag2312C6300,ag2312C6300,239.5,0.0,0.0,0.0,1,232.5,241.5,1,239.5,0.0,0.0,0.0,0.0,0.0,73
2023-05-09 21:35:18,ag2312C6300,ag2312C6300,239.5,0.0,0.0,0.0,1,233.0,236.5,1,239.5,0.0,0.0,0.0,0.0,0.0,73
2023-05-09 21:35:19,ag2312C6300,ag2312C6300,239.5,0.0,0.0,0.0,1,233.5,236.5,1,239.5,0.0,0.0,0.0,0.0,0.0,73
2023-05-09 21:35:24,ag2312C6300,ag2312C6300,239.5,0.0,0.0,0.0,1,234.0,236.5,1,239.5,0.0,0.0,0.0,0.0,0.0,73
2023-05-09 21:35:30,ag2312C6300,ag2312C6300,239.5,0.0,0.0,0.0,1,234.0,241.5,1,239.5,0.0,0.0,0.0,0.0,0.0,73
2023-05-09 21:35:31,ag2312C6300,ag2312C6300,239.5,0.0,0.0,0.0,1,234.0,237.0,1,239.5,0.0,0.0,0.0,0.0,0.0,73
2023-05-09 21:36:01,ag2312C6300,ag2312C6300,239.5,0.0,0.0,0.0,1,234.0,236.5,1,239.5,0.0,0.0,0.0,0.0,0.0,73
2023-05-09 21:36:23,ag2312C6300,ag2312C6300,239.5,0.0,0.0,0.0,1,234.0,237.0,1,239.5,0.0,0.0,0.0,0.0,0.0,73
2023-05-09 21:36:24,ag2312C6300,ag2312C6300,239.5,0.0,0.0,0.0,1,234.5,241.5,1,239.5,0.0,0.0,0.0,0.0,0.0,73
2023-05-09 21:36:26,ag2312C6300,ag2312C6300,239.5,0.0,0.0,0.0,1,234.5,238.0,1,239.5,0.0,0.0,0.0,0.0,0.0,73
2023-05-09 21:36:28,ag2312C6300,ag2312C6300,239.5,0.0,0.0,0.0,1,234.5,237.5,1,239.5,0.0,0.0,0.0,0.0,0.0,73
2023-05-09 21:36:31,ag2312C6300,ag2312C6300,239.5,0.0,0.0,0.0,1,234.5,237.0,1,239.5,0.0,0.0,0.0,0.0,0.0,73
2023-05-09 21:36:31,ag2312C6300,ag2312C6300,239.5,0.0,0.0,0.0,1,234.0,237.0,1,239.5,0.0,0.0,0.0,0.0,0.0,73
2023-05-09 21:36:35,ag2312C6300,ag2312C6300,239.5,0.0,0.0,0.0,1,234.0,236.5,1,239.5,0.0,0.0,0.0,0.0,0.0,73
2023-05-09 21:36:52,ag2312C6300,ag2312C6300,239.5,0.0,0.0,0.0,1,233.5,236.5,1,239.5,0.0,0.0,0.0,0.0,0.0,73
2023-05-09 21:36:54,ag2312C6300,ag2312C6300,239.5,0.0,0.0,0.0,1,233.5,236.0,1,239.5,0.0,0.0,0.0,0.0,0.0,73
2023-05-09 21:36:55,ag2312C6300,ag2312C6300,239.5,0.0,0.0,0.0,1,232.5,236.0,1,239.5,0.0,0.0,0.0,0.0,0.0,73
2023-05-09 21:36:56,ag2312C6300,ag2312C6300,239.5,0.0,0.0,0.0,1,233.0,236.0,1,239.5,0.0,0.0,0.0,0.0,0.0,73
2023-05-09 21:36:57,ag2312C6300,ag2312C6300,239.5,0.0,0.0,0.0,1,233.5,236.0,1,239.5,0.0,0.0,0.0,0.0,0.0,73
2023-05-09 21:36:58,ag2312C6300,ag2312C6300,239.5,0.0,0.0,0.0,1,233.5,236.5,1,239.5,0.0,0.0,0.0,0.0,0.0,73
2023-05-09 21:37:17,ag2312C6300,ag2312C6300,239.5,0.0,0.0,0.0,1,233.5,236.0,1,239.5,0.0,0.0,0.0,0.0,0.0,73
2023-05-09 21:37:21,ag2312C6300,ag2312C6300,239.5,0.0,0.0,0.0,1,233.0,236.0,1,239.5,0.0,0.0,0.0,0.0,0.0,73
2023-05-09 21:38:12,ag2312C6300,ag2312C6300,239.5,0.0,0.0,0.0,1,232.0,235.5,1,239.5,0.0,0.0,0.0,0.0,0.0,73
2023-05-09 21:38:14,ag2312C6300,ag2312C6300,239.5,0.0,0.0,0.0,1,232.0,235.0,1,239.5,0.0,0.0,0.0,0.0,0.0,73
2023-05-09 21:38:23,ag2312C6300,ag2312C6300,239.5,0.0,0.0,0.0,1,232.5,235.0,1,239.5,0.0,0.0,0.0,0.0,0.0,73
2023-05-09 21:38:24,ag2312C6300,ag2312C6300,239.5,0.0,0.0,0.0,1,232.5,235.5,1,239.5,0.0,0.0,0.0,0.0,0.0,73
2023-05-09 21:38:35,ag2312C6300,ag2312C6300,239.5,0.0,0.0,0.0,1,232.0,235.0,1,239.5,0.0,0.0,0.0,0.0,0.0,73
2023-05-09 21:38:41,ag2312C6300,ag2312C6300,239.5,0.0,0.0,0.0,1,231.0,234.5,1,239.5,0.0,0.0,0.0,0.0,0.0,73
2023-05-09 21:38:42,ag2312C6300,ag2312C6300,239.5,0.0,0.0,0.0,1,231.5,234.5,1,239.5,0.0,0.0,0.0,0.0,0.0,73
2023-05-09 21:38:51,ag2312C6300,ag2312C6300,239.5,0.0,0.0,0.0,1,232.0,234.5,1,239.5,0.0,0.0,0.0,0.0,0.0,73
2023-05-09 21:38:52,ag2312C6300,ag2312C6300,239.5,0.0,0.0,0.0,1,232.0,235.0,1,239.5,0.0,0.0,0.0,0.0,0.0,73
2023-05-09 21:39:19,ag2312C6300,ag2312C6300,239.5,0.0,0.0,0.0,1,232.5,241.5,1,239.5,0.0,0.0,0.0,0.0,0.0,73
2023-05-09 21:39:20,ag2312C6300,ag2312C6300,239.5,0.0,0.0,0.0,1,232.5,235.5,1,239.5,0.0,0.0,0.0,0.0,0.0,73
2023-05-09 21:39:54,ag2312C6300,ag2312C6300,239.5,0.0,0.0,0.0,1,232.5,235.0,1,239.5,0.0,0.0,0.0,0.0,0.0,73
2023-05-09 21:39:56,ag2312C6300,ag2312C6300,239.5,0.0,0.0,0.0,1,232.0,235.0,1,239.5,0.0,0.0,0.0,0.0,0.0,73
2023-05-09 21:39:59,ag2312C6300,ag2312C6300,239.5,0.0,0.0,0.0,1,232.0,234.5,1,239.5,0.0,0.0,0.0,0.0,0.0,73
2023-05-09 21:40:12,ag2312C6300,ag2312C6300,239.5,0.0,0.0,0.0,1,232.0,235.0,1,239.5,0.0,0.0,0.0,0.0,0.0,73
2023-05-09 21:40:29,ag2312C6300,ag2312C6300,239.5,0.0,0.0,0.0,1,232.5,235.5,1,239.5,0.0,0.0,0.0,0.0,0.0,73
2023-05-09 21:40:47,ag2312C6300,ag2312C6300,239.5,0.0,0.0,0.0,1,232.5,241.5,1,239.5,0.0,0.0,0.0,0.0,0.0,73
2023-05-09 21:40:48,ag2312C6300,ag2312C6300,239.5,0.0,0.0,0.0,1,232.5,236.0,1,239.5,0.0,0.0,0.0,0.0,0.0,73
2023-05-09 21:40:52,ag2312C6300,ag2312C6300,239.5,0.0,0.0,0.0,1,233.0,236.0,1,239.5,0.0,0.0,0.0,0.0,0.0,73
2023-05-09 21:41:11,ag2312C6300,ag2312C6300,239.5,0.0,0.0,0.0,1,233.5,241.5,1,239.5,0.0,0.0,0.0,0.0,0.0,73
2023-05-09 21:41:12,ag2312C6300,ag2312C6300,239.5,0.0,0.0,0.0,1,233.5,236.5,1,239.5,0.0,0.0,0.0,0.0,0.0,73
2023-05-09 21:41:15,ag2312C6300,ag2312C6300,239.5,0.0,0.0,0.0,1,234.0,241.5,1,239.5,0.0,0.0,0.0,0.0,0.0,73
2023-05-09 21:41:16,ag2312C6300,ag2312C6300,239.5,0.0,0.0,0.0,1,234.0,237.5,1,239.5,0.0,0.0,0.0,0.0,0.0,73
2023-05-09 21:41:17,ag2312C6300,ag2312C6300,239.5,0.0,0.0,0.0,1,234.0,241.5,1,239.5,0.0,0.0,0.0,0.0,0.0,73
2023-05-09 21:41:18,ag2312C6300,ag2312C6300,239.5,0.0,0.0,0.0,1,235.5,241.5,1,239.5,0.0,0.0,0.0,0.0,0.0,73
2023-05-09 21:41:19,ag2312C6300,ag2312C6300,239.5,0.0,0.0,0.0,1,235.5,238.0,1,239.5,0.0,0.0,0.0,0.0,0.0,73
2023-05-09 21:41:19,ag2312C6300,ag2312C6300,239.5,0.0,0.0,0.0,1,234.0,238.0,1,239.5,0.0,0.0,0.0,0.0,0.0,73
2023-05-09 21:41:20,ag2312C6300,ag2312C6300,239.5,0.0,0.0,0.0,1,234.5,238.0,1,239.5,0.0,0.0,0.0,0.0,0.0,73
2023-05-09 21:41:21,ag2312C6300,ag2312C6300,239.5,0.0,0.0,0.0,1,235.0,238.0,1,239.5,0.0,0.0,0.0,0.0,0.0,73
2023-05-09 21:41:31,ag2312C6300,ag2312C6300,239.5,0.0,0.0,0.0,1,235.0,237.5,1,239.5,0.0,0.0,0.0,0.0,0.0,73
2023-05-09 21:41:40,ag2312C6300,ag2312C6300,239.5,0.0,0.0,0.0,1,235.0,238.0,1,239.5,0.0,0.0,0.0,0.0,0.0,73
2023-05-09 21:41:53,ag2312C6300,ag2312C6300,239.5,0.0,0.0,0.0,1,234.5,237.5,1,239.5,0.0,0.0,0.0,0.0,0.0,73
2023-05-09 21:42:30,ag2312C6300,ag2312C6300,239.5,0.0,0.0,0.0,1,234.5,237.0,1,239.5,0.0,0.0,0.0,0.0,0.0,73
2023-05-09 21:42:49,ag2312C6300,ag2312C6300,239.5,0.0,0.0,0.0,1,235.0,237.5,1,239.5,0.0,0.0,0.0,0.0,0.0,73
2023-05-09 21:42:58,ag2312C6300,ag2312C6300,239.5,0.0,0.0,0.0,1,235.0,238.0,1,239.5,0.0,0.0,0.0,0.0,0.0,73
2023-05-09 21:43:00,ag2312C6300,ag2312C6300,239.5,0.0,0.0,0.0,1,235.5,238.0,1,239.5,0.0,0.0,0.0,0.0,0.0,73
2023-05-09 21:43:04,ag2312C6300,ag2312C6300,239.5,0.0,0.0,0.0,1,235.5,238.5,1,239.5,0.0,0.0,0.0,0.0,0.0,73
2023-05-09 21:43:11,ag2312C6300,ag2312C6300,239.5,0.0,0.0,0.0,1,235.5,238.0,1,239.5,0.0,0.0,0.0,0.0,0.0,73
2023-05-09 21:43:13,ag2312C6300,ag2312C6300,239.5,0.0,0.0,0.0,1,235.5,238.5,1,239.5,0.0,0.0,0.0,0.0,0.0,73
2023-05-09 21:43:29,ag2312C6300,ag2312C6300,239.5,0.0,0.0,0.0,1,235.0,238.0,1,239.5,0.0,0.0,0.0,0.0,0.0,73
2023-05-09 21:44:19,ag2312C6300,ag2312C6300,239.5,0.0,0.0,0.0,1,235.5,238.0,1,239.5,0.0,0.0,0.0,0.0,0.0,73
2023-05-09 21:44:22,ag2312C6300,ag2312C6300,239.5,0.0,0.0,0.0,1,235.5,238.5,1,239.5,0.0,0.0,0.0,0.0,0.0,73
2023-05-09 21:44:37,ag2312C6300,ag2312C6300,239.5,0.0,0.0,0.0,1,235.5,238.0,1,239.5,0.0,0.0,0.0,0.0,0.0,73
2023-05-09 21:44:41,ag2312C6300,ag2312C6300,239.5,0.0,0.0,0.0,1,235.0,238.0,1,239.5,0.0,0.0,0.0,0.0,0.0,73
2023-05-09 21:44:57,ag2312C6300,ag2312C6300,239.5,0.0,0.0,0.0,1,235.5,238.0,1,239.5,0.0,0.0,0.0,0.0,0.0,73
2023-05-09 21:45:19,ag2312C6300,ag2312C6300,239.5,0.0,0.0,0.0,1,235.0,238.0,1,239.5,0.0,0.0,0.0,0.0,0.0,73
2023-05-09 21:45:41,ag2312C6300,ag2312C6300,239.5,0.0,0.0,0.0,1,234.5,237.5,1,239.5,0.0,0.0,0.0,0.0,0.0,73
2023-05-09 21:46:03,ag2312C6300,ag2312C6300,239.5,0.0,0.0,0.0,1,235.0,237.5,1,239.5,0.0,0.0,0.0,0.0,0.0,73
2023-05-09 21:46:04,ag2312C6300,ag2312C6300,239.5,0.0,0.0,0.0,1,235.0,238.0,1,239.5,0.0,0.0,0.0,0.0,0.0,73
2023-05-09 21:46:18,ag2312C6300,ag2312C6300,239.5,0.0,0.0,0.0,1,235.0,237.5,1,239.5,0.0,0.0,0.0,0.0,0.0,73
2023-05-09 21:46:23,ag2312C6300,ag2312C6300,239.5,0.0,0.0,0.0,1,235.0,238.0,1,239.5,0.0,0.0,0.0,0.0,0.0,73
2023-05-09 21:46:34,ag2312C6300,ag2312C6300,239.5,0.0,0.0,0.0,1,235.0,237.5,1,239.5,0.0,0.0,0.0,0.0,0.0,73
2023-05-09 21:46:43,ag2312C6300,ag2312C6300,239.5,0.0,0.0,0.0,1,235.0,238.0,1,239.5,0.0,0.0,0.0,0.0,0.0,73
2023-05-09 21:46:47,ag2312C6300,ag2312C6300,239.5,0.0,0.0,0.0,1,235.5,239.0,1,239.5,0.0,0.0,0.0,0.0,0.0,73
2023-05-09 21:46:50,ag2312C6300,ag2312C6300,239.5,0.0,0.0,0.0,1,235.5,238.5,1,239.5,0.0,0.0,0.0,0.0,0.0,73
2023-05-09 21:47:13,ag2312C6300,ag2312C6300,239.5,0.0,0.0,0.0,1,236.0,238.5,1,239.5,0.0,0.0,0.0,0.0,0.0,73
2023-05-09 21:47:13,ag2312C6300,ag2312C6300,239.5,0.0,0.0,0.0,1,236.0,239.0,1,239.5,0.0,0.0,0.0,0.0,0.0,73
2023-05-09 21:47:23,ag2312C6300,ag2312C6300,239.5,0.0,0.0,0.0,1,236.0,238.5,1,239.5,0.0,0.0,0.0,0.0,0.0,73
2023-05-09 21:47:25,ag2312C6300,ag2312C6300,239.5,0.0,0.0,0.0,1,235.5,238.5,1,239.5,0.0,0.0,0.0,0.0,0.0,73
2023-05-09 21:47:28,ag2312C6300,ag2312C6300,239.5,0.0,0.0,0.0,1,235.5,238.0,1,239.5,0.0,0.0,0.0,0.0,0.0,73
2023-05-09 21:47:31,ag2312C6300,ag2312C6300,239.5,0.0,0.0,0.0,1,235.0,238.0,1,239.5,0.0,0.0,0.0,0.0,0.0,73
2023-05-09 21:48:00,ag2312C6300,ag2312C6300,239.5,0.0,0.0,0.0,1,235.5,238.0,1,239.5,0.0,0.0,0.0,0.0,0.0,73
2023-05-09 21:48:07,ag2312C6300,ag2312C6300,239.5,0.0,0.0,0.0,1,235.5,238.5,1,239.5,0.0,0.0,0.0,0.0,0.0,73
2023-05-09 21:48:16,ag2312C6300,ag2312C6300,239.5,0.0,0.0,0.0,1,235.5,241.5,1,239.5,0.0,0.0,0.0,0.0,0.0,73
2023-05-09 21:48:17,ag2312C6300,ag2312C6300,239.5,0.0,0.0,0.0,1,236.0,239.0,1,239.5,0.0,0.0,0.0,0.0,0.0,73
2023-05-09 21:48:47,ag2312C6300,ag2312C6300,239.5,0.0,0.0,0.0,1,236.5,239.0,1,239.5,0.0,0.0,0.0,0.0,0.0,73
2023-05-09 21:49:07,ag2312C6300,ag2312C6300,239.5,0.0,0.0,0.0,1,236.5,239.5,1,239.5,0.0,0.0,0.0,0.0,0.0,73
2023-05-09 21:49:10,ag2312C6300,ag2312C6300,239.5,0.0,0.0,0.0,1,236.5,239.0,1,239.5,0.0,0.0,0.0,0.0,0.0,73
2023-05-09 21:49:11,ag2312C6300,ag2312C6300,239.5,0.0,0.0,0.0,1,236.0,239.0,1,239.5,0.0,0.0,0.0,0.0,0.0,73
2023-05-09 21:49:12,ag2312C6300,ag2312C6300,239.5,0.0,0.0,0.0,1,224.5,238.5,1,239.5,0.0,0.0,0.0,0.0,0.0,73
2023-05-09 21:49:14,ag2312C6300,ag2312C6300,239.5,0.0,0.0,0.0,1,235.5,238.5,1,239.5,0.0,0.0,0.0,0.0,0.0,73
2023-05-09 21:49:18,ag2312C6300,ag2312C6300,239.5,0.0,0.0,0.0,1,236.0,238.5,1,239.5,0.0,0.0,0.0,0.0,0.0,73
2023-05-09 21:49:45,ag2312C6300,ag2312C6300,239.5,0.0,0.0,0.0,1,236.0,239.0,1,239.5,0.0,0.0,0.0,0.0,0.0,73
2023-05-09 21:49:52,ag2312C6300,ag2312C6300,239.5,0.0,0.0,0.0,1,236.5,239.0,1,239.5,0.0,0.0,0.0,0.0,0.0,73
2023-05-09 21:49:53,ag2312C6300,ag2312C6300,239.5,0.0,0.0,0.0,1,236.5,241.5,1,239.5,0.0,0.0,0.0,0.0,0.0,73
2023-05-09 21:49:54,ag2312C6300,ag2312C6300,239.5,0.0,0.0,0.0,1,236.5,239.5,1,239.5,0.0,0.0,0.0,0.0,0.0,73
2023-05-09 21:50:04,ag2312C6300,ag2312C6300,239.5,0.0,0.0,0.0,1,237.0,239.5,1,239.5,0.0,0.0,0.0,0.0,0.0,73
2023-05-09 21:50:07,ag2312C6300,ag2312C6300,239.5,0.0,0.0,0.0,1,237.0,240.0,1,239.5,0.0,0.0,0.0,0.0,0.0,73
2023-05-09 21:50:09,ag2312C6300,ag2312C6300,239.5,0.0,0.0,0.0,1,237.5,240.0,1,239.5,0.0,0.0,0.0,0.0,0.0,73
2023-05-09 21:50:13,ag2312C6300,ag2312C6300,239.5,0.0,0.0,0.0,1,237.0,240.0,1,239.5,0.0,0.0,0.0,0.0,0.0,73
2023-05-09 21:50:23,ag2312C6300,ag2312C6300,239.5,0.0,0.0,0.0,1,237.0,239.5,1,239.5,0.0,0.0,0.0,0.0,0.0,73
2023-05-09 21:50:25,ag2312C6300,ag2312C6300,239.5,0.0,0.0,0.0,1,236.5,239.5,1,239.5,0.0,0.0,0.0,0.0,0.0,73
2023-05-09 21:51:00,ag2312C6300,ag2312C6300,239.5,0.0,0.0,0.0,1,237.0,239.5,1,239.5,0.0,0.0,0.0,0.0,0.0,73
2023-05-09 21:51:02,ag2312C6300,ag2312C6300,239.5,0.0,0.0,0.0,1,237.0,240.0,1,239.5,0.0,0.0,0.0,0.0,0.0,73
2023-05-09 21:51:38,ag2312C6300,ag2312C6300,239.5,0.0,0.0,0.0,1,237.0,239.5,1,239.5,0.0,0.0,0.0,0.0,0.0,73
2023-05-09 21:51:40,ag2312C6300,ag2312C6300,239.5,0.0,0.0,0.0,1,236.5,239.5,1,239.5,0.0,0.0,0.0,0.0,0.0,73
2023-05-09 21:51:55,ag2312C6300,ag2312C6300,239.5,0.0,0.0,0.0,1,237.0,239.5,1,239.5,0.0,0.0,0.0,0.0,0.0,73
2023-05-09 21:51:57,ag2312C6300,ag2312C6300,239.5,0.0,0.0,0.0,1,237.0,240.0,1,239.5,0.0,0.0,0.0,0.0,0.0,73
2023-05-09 21:52:01,ag2312C6300,ag2312C6300,239.5,0.0,0.0,0.0,1,237.5,241.5,1,239.5,0.0,0.0,0.0,0.0,0.0,73
2023-05-09 21:52:03,ag2312C6300,ag2312C6300,239.5,0.0,0.0,0.0,1,237.5,248.0,1,239.5,0.0,0.0,0.0,0.0,0.0,73
2023-05-09 21:52:04,ag2312C6300,ag2312C6300,239.5,0.0,0.0,0.0,1,238.0,241.5,1,239.5,0.0,0.0,0.0,0.0,0.0,73
2023-05-09 21:52:06,ag2312C6300,ag2312C6300,239.5,0.0,0.0,0.0,1,238.5,241.5,1,239.5,0.0,0.0,0.0,0.0,0.0,73
2023-05-09 21:52:13,ag2312C6300,ag2312C6300,239.5,0.0,0.0,0.0,1,238.5,241.0,1,239.5,0.0,0.0,0.0,0.0,0.0,73
2023-05-09 21:52:24,ag2312C6300,ag2312C6300,239.5,0.0,0.0,0.0,1,238.5,241.5,1,239.5,0.0,0.0,0.0,0.0,0.0,73
2023-05-09 21:52:31,ag2312C6300,ag2312C6300,239.5,0.0,0.0,0.0,1,239.0,248.0,1,239.5,0.0,0.0,0.0,0.0,0.0,73
2023-05-09 21:52:32,ag2312C6300,ag2312C6300,239.5,0.0,0.0,0.0,1,239.0,242.0,1,239.5,0.0,0.0,0.0,0.0,0.0,73
2023-05-09 21:52:35,ag2312C6300,ag2312C6300,239.5,0.0,0.0,0.0,1,239.5,242.0,1,239.5,0.0,0.0,0.0,0.0,0.0,73
2023-05-09 21:52:37,ag2312C6300,ag2312C6300,239.5,0.0,0.0,0.0,1,239.0,242.0,1,239.5,0.0,0.0,0.0,0.0,0.0,73
2023-05-09 21:52:55,ag2312C6300,ag2312C6300,239.5,0.0,0.0,0.0,1,239.0,241.5,1,239.5,0.0,0.0,0.0,0.0,0.0,73
2023-05-09 21:53:00,ag2312C6300,ag2312C6300,239.5,0.0,0.0,0.0,1,238.5,241.5,1,239.5,0.0,0.0,0.0,0.0,0.0,73
2023-05-09 21:53:27,ag2312C6300,ag2312C6300,239.5,0.0,0.0,0.0,1,238.5,242.0,1,239.5,0.0,0.0,0.0,0.0,0.0,73
2023-05-09 21:53:29,ag2312C6300,ag2312C6300,239.5,0.0,0.0,0.0,1,239.0,242.0,1,239.5,0.0,0.0,0.0,0.0,0.0,73
2023-05-09 21:53:36,ag2312C6300,ag2312C6300,239.5,0.0,0.0,0.0,1,239.5,242.0,1,239.5,0.0,0.0,0.0,0.0,0.0,73
2023-05-09 21:53:39,ag2312C6300,ag2312C6300,239.5,0.0,0.0,0.0,1,239.5,243.0,1,239.5,0.0,0.0,0.0,0.0,0.0,73
2023-05-09 21:53:41,ag2312C6300,ag2312C6300,239.5,0.0,0.0,0.0,1,240.0,243.0,1,239.5,0.0,0.0,0.0,0.0,0.0,73
2023-05-09 21:53:46,ag2312C6300,ag2312C6300,239.5,0.0,0.0,0.0,1,240.0,242.5,1,239.5,0.0,0.0,0.0,0.0,0.0,73
2023-05-09 21:53:47,ag2312C6300,ag2312C6300,239.5,0.0,0.0,0.0,1,239.5,242.5,1,239.5,0.0,0.0,0.0,0.0,0.0,73
2023-05-09 21:54:00,ag2312C6300,ag2312C6300,239.5,0.0,0.0,0.0,1,240.0,242.5,1,239.5,0.0,0.0,0.0,0.0,0.0,73
2023-05-09 21:54:01,ag2312C6300,ag2312C6300,239.5,0.0,0.0,0.0,1,240.0,248.0,1,239.5,0.0,0.0,0.0,0.0,0.0,73
2023-05-09 21:54:02,ag2312C6300,ag2312C6300,239.5,0.0,0.0,0.0,1,240.0,243.5,1,239.5,0.0,0.0,0.0,0.0,0.0,73
2023-05-09 21:54:03,ag2312C6300,ag2312C6300,239.5,0.0,0.0,0.0,1,240.5,243.5,1,239.5,0.0,0.0,0.0,0.0,0.0,73
2023-05-09 21:54:04,ag2312C6300,ag2312C6300,239.5,0.0,0.0,0.0,1,241.0,243.5,1,239.5,0.0,0.0,0.0,0.0,0.0,73
2023-05-09 21:54:06,ag2312C6300,ag2312C6300,239.5,0.0,0.0,0.0,1,241.0,244.0,1,239.5,0.0,0.0,0.0,0.0,0.0,73
2023-05-09 21:54:10,ag2312C6300,ag2312C6300,239.5,0.0,0.0,0.0,1,241.0,243.5,1,239.5,0.0,0.0,0.0,0.0,0.0,73
2023-05-09 21:54:11,ag2312C6300,ag2312C6300,239.5,0.0,0.0,0.0,1,241.0,244.0,1,239.5,0.0,0.0,0.0,0.0,0.0,73
2023-05-09 21:54:15,ag2312C6300,ag2312C6300,239.5,0.0,0.0,0.0,1,241.5,244.0,1,239.5,0.0,0.0,0.0,0.0,0.0,73
2023-05-09 21:54:21,ag2312C6300,ag2312C6300,239.5,0.0,0.0,0.0,1,241.5,245.0,1,239.5,0.0,0.0,0.0,0.0,0.0,73
2023-05-09 21:54:25,ag2312C6300,ag2312C6300,239.5,0.0,0.0,0.0,1,241.5,244.5,1,239.5,0.0,0.0,0.0,0.0,0.0,73
2023-05-09 21:54:33,ag2312C6300,ag2312C6300,239.5,0.0,0.0,0.0,1,242.0,245.0,1,239.5,0.0,0.0,0.0,0.0,0.0,73
2023-05-09 21:54:36,ag2312C6300,ag2312C6300,239.5,0.0,0.0,0.0,1,241.5,244.5,1,239.5,0.0,0.0,0.0,0.0,0.0,73
2023-05-09 21:54:53,ag2312C6300,ag2312C6300,239.5,0.0,0.0,0.0,1,240.5,244.0,1,239.5,0.0,0.0,0.0,0.0,0.0,73
2023-05-09 21:54:54,ag2312C6300,ag2312C6300,239.5,0.0,0.0,0.0,1,241.0,244.0,1,239.5,0.0,0.0,0.0,0.0,0.0,73
2023-05-09 21:55:09,ag2312C6300,ag2312C6300,239.5,0.0,0.0,0.0,1,241.5,244.0,1,239.5,0.0,0.0,0.0,0.0,0.0,73
2023-05-09 21:55:10,ag2312C6300,ag2312C6300,239.5,0.0,0.0,0.0,1,241.5,244.5,1,239.5,0.0,0.0,0.0,0.0,0.0,73
2023-05-09 21:55:14,ag2312C6300,ag2312C6300,239.5,0.0,0.0,0.0,1,241.5,244.0,1,239.5,0.0,0.0,0.0,0.0,0.0,73
2023-05-09 21:55:24,ag2312C6300,ag2312C6300,239.5,0.0,0.0,0.0,1,241.0,244.0,1,239.5,0.0,0.0,0.0,0.0,0.0,73
2023-05-09 21:55:24,ag2312C6300,ag2312C6300,239.5,0.0,0.0,0.0,1,224.5,244.0,1,239.5,0.0,0.0,0.0,0.0,0.0,73
2023-05-09 21:55:25,ag2312C6300,ag2312C6300,239.5,0.0,0.0,0.0,1,240.0,244.0,1,239.5,0.0,0.0,0.0,0.0,0.0,73
2023-05-09 21:55:26,ag2312C6300,ag2312C6300,239.5,0.0,0.0,0.0,1,240.0,243.5,1,239.5,0.0,0.0,0.0,0.0,0.0,73
2023-05-09 21:55:32,ag2312C6300,ag2312C6300,239.5,0.0,0.0,0.0,1,240.0,243.0,1,239.5,0.0,0.0,0.0,0.0,0.0,73
2023-05-09 21:55:36,ag2312C6300,ag2312C6300,239.5,0.0,0.0,0.0,1,240.5,243.0,1,239.5,0.0,0.0,0.0,0.0,0.0,73
2023-05-09 21:55:39,ag2312C6300,ag2312C6300,239.5,0.0,0.0,0.0,1,240.5,243.5,1,239.5,0.0,0.0,0.0,0.0,0.0,73
2023-05-09 21:56:00,ag2312C6300,ag2312C6300,239.5,0.0,0.0,0.0,1,240.5,243.0,1,239.5,0.0,0.0,0.0,0.0,0.0,73
2023-05-09 21:56:40,ag2312C6300,ag2312C6300,239.5,0.0,0.0,0.0,1,240.0,242.5,1,239.5,0.0,0.0,0.0,0.0,0.0,73
2023-05-09 21:56:41,ag2312C6300,ag2312C6300,239.5,0.0,0.0,0.0,1,239.0,242.5,1,239.5,0.0,0.0,0.0,0.0,0.0,73
2023-05-09 21:56:49,ag2312C6300,ag2312C6300,239.5,0.0,0.0,0.0,1,239.0,242.0,1,239.5,0.0,0.0,0.0,0.0,0.0,73
2023-05-09 21:56:54,ag2312C6300,ag2312C6300,239.5,0.0,0.0,0.0,1,239.5,242.0,1,239.5,0.0,0.0,0.0,0.0,0.0,73
2023-05-09 21:56:55,ag2312C6300,ag2312C6300,239.5,0.0,0.0,0.0,1,239.5,242.5,1,239.5,0.0,0.0,0.0,0.0,0.0,73
2023-05-09 21:57:19,ag2312C6300,ag2312C6300,239.5,0.0,0.0,0.0,1,239.0,242.0,1,239.5,0.0,0.0,0.0,0.0,0.0,73
2023-05-09 21:57:53,ag2312C6300,ag2312C6300,239.5,0.0,0.0,0.0,1,239.5,242.0,1,239.5,0.0,0.0,0.0,0.0,0.0,73
2023-05-09 21:57:58,ag2312C6300,ag2312C6300,239.5,0.0,0.0,0.0,1,239.5,242.5,1,239.5,0.0,0.0,0.0,0.0,0.0,73
2023-05-09 21:58:00,ag2312C6300,ag2312C6300,239.5,0.0,0.0,0.0,1,240.0,248.0,1,239.5,0.0,0.0,0.0,0.0,0.0,73
2023-05-09 21:58:01,ag2312C6300,ag2312C6300,239.5,0.0,0.0,0.0,1,240.0,243.5,1,239.5,0.0,0.0,0.0,0.0,0.0,73
2023-05-09 21:58:02,ag2312C6300,ag2312C6300,239.5,0.0,0.0,0.0,1,240.0,243.0,1,239.5,0.0,0.0,0.0,0.0,0.0,73
2023-05-09 21:58:08,ag2312C6300,ag2312C6300,239.5,0.0,0.0,0.0,1,240.0,242.5,1,239.5,0.0,0.0,0.0,0.0,0.0,73
2023-05-09 21:58:09,ag2312C6300,ag2312C6300,239.5,0.0,0.0,0.0,1,239.5,242.5,1,239.5,0.0,0.0,0.0,0.0,0.0,73
2023-05-09 21:58:13,ag2312C6300,ag2312C6300,239.5,0.0,0.0,0.0,1,239.5,242.0,1,239.5,0.0,0.0,0.0,0.0,0.0,73
2023-05-09 21:58:14,ag2312C6300,ag2312C6300,239.5,0.0,0.0,0.0,1,239.0,242.0,1,239.5,0.0,0.0,0.0,0.0,0.0,73
2023-05-09 21:59:12,ag2312C6300,ag2312C6300,239.5,0.0,0.0,0.0,1,239.5,242.0,1,239.5,0.0,0.0,0.0,0.0,0.0,73
2023-05-09 21:59:12,ag2312C6300,ag2312C6300,239.5,0.0,0.0,0.0,1,239.5,242.5,1,239.5,0.0,0.0,0.0,0.0,0.0,73
2023-05-09 21:59:13,ag2312C6300,ag2312C6300,239.5,0.0,0.0,0.0,1,239.5,242.0,1,239.5,0.0,0.0,0.0,0.0,0.0,73
2023-05-09 21:59:14,ag2312C6300,ag2312C6300,239.5,0.0,0.0,0.0,1,239.0,242.0,1,239.5,0.0,0.0,0.0,0.0,0.0,73
2023-05-09 21:59:31,ag2312C6300,ag2312C6300,239.5,0.0,0.0,0.0,1,239.0,241.5,1,239.5,0.0,0.0,0.0,0.0,0.0,73
2023-05-09 21:59:45,ag2312C6300,ag2312C6300,239.5,0.0,0.0,0.0,1,239.0,242.0,1,239.5,0.0,0.0,0.0,0.0,0.0,73
2023-05-09 21:59:55,ag2312C6300,ag2312C6300,239.5,0.0,0.0,0.0,1,239.5,248.0,1,239.5,0.0,0.0,0.0,0.0,0.0,73
2023-05-09 21:59:56,ag2312C6300,ag2312C6300,239.5,0.0,0.0,0.0,1,239.5,243.0,1,239.5,0.0,0.0,0.0,0.0,0.0,73
2023-05-09 22:00:01,ag2312C6300,ag2312C6300,239.5,0.0,0.0,0.0,1,240.0,243.0,1,239.5,0.0,0.0,0.0,0.0,0.0,73
2023-05-09 22:00:06,ag2312C6300,ag2312C6300,239.5,0.0,0.0,0.0,1,240.0,242.5,1,239.5,0.0,0.0,0.0,0.0,0.0,73
2023-05-09 22:00:06,ag2312C6300,ag2312C6300,239.5,0.0,0.0,0.0,1,239.5,242.5,1,239.5,0.0,0.0,0.0,0.0,0.0,73
2023-05-09 22:00:10,ag2312C6300,ag2312C6300,239.5,0.0,0.0,0.0,1,239.5,242.0,1,239.5,0.0,0.0,0.0,0.0,0.0,73
2023-05-09 22:00:11,ag2312C6300,ag2312C6300,239.5,0.0,0.0,0.0,1,238.5,242.0,1,239.5,0.0,0.0,0.0,0.0,0.0,73
2023-05-09 22:00:11,ag2312C6300,ag2312C6300,239.5,0.0,0.0,0.0,1,239.0,242.0,1,239.5,0.0,0.0,0.0,0.0,0.0,73
2023-05-09 22:00:31,ag2312C6300,ag2312C6300,239.5,0.0,0.0,0.0,1,239.5,242.5,1,239.5,0.0,0.0,0.0,0.0,0.0,73
2023-05-09 22:00:37,ag2312C6300,ag2312C6300,239.5,0.0,0.0,0.0,1,239.5,242.0,1,239.5,0.0,0.0,0.0,0.0,0.0,73
2023-05-09 22:00:51,ag2312C6300,ag2312C6300,239.5,0.0,0.0,0.0,1,239.0,242.0,1,239.5,0.0,0.0,0.0,0.0,0.0,73
2023-05-09 22:01:23,ag2312C6300,ag2312C6300,239.5,0.0,0.0,0.0,1,239.5,242.0,1,239.5,0.0,0.0,0.0,0.0,0.0,73
2023-05-09 22:01:28,ag2312C6300,ag2312C6300,239.5,0.0,0.0,0.0,1,239.5,242.5,1,239.5,0.0,0.0,0.0,0.0,0.0,73
2023-05-09 22:02:00,ag2312C6300,ag2312C6300,239.5,0.0,0.0,0.0,1,240.0,242.5,1,239.5,0.0,0.0,0.0,0.0,0.0,73
2023-05-09 22:02:10,ag2312C6300,ag2312C6300,239.5,0.0,0.0,0.0,1,239.5,242.5,1,239.5,0.0,0.0,0.0,0.0,0.0,73
2023-05-09 22:02:21,ag2312C6300,ag2312C6300,239.5,0.0,0.0,0.0,1,239.5,242.0,1,239.5,0.0,0.0,0.0,0.0,0.0,73
2023-05-09 22:02:22,ag2312C6300,ag2312C6300,239.5,0.0,0.0,0.0,1,238.5,242.0,1,239.5,0.0,0.0,0.0,0.0,0.0,73
2023-05-09 22:02:24,ag2312C6300,ag2312C6300,239.5,0.0,0.0,0.0,1,238.5,241.5,1,239.5,0.0,0.0,0.0,0.0,0.0,73
2023-05-09 22:02:29,ag2312C6300,ag2312C6300,239.5,0.0,0.0,0.0,1,238.5,242.0,1,239.5,0.0,0.0,0.0,0.0,0.0,73
2023-05-09 22:02:32,ag2312C6300,ag2312C6300,239.5,0.0,0.0,0.0,1,238.5,241.5,1,239.5,0.0,0.0,0.0,0.0,0.0,73
2023-05-09 22:02:43,ag2312C6300,ag2312C6300,239.5,0.0,0.0,0.0,1,238.5,241.0,1,239.5,0.0,0.0,0.0,0.0,0.0,73
2023-05-09 22:03:07,ag2312C6300,ag2312C6300,239.5,0.0,0.0,0.0,1,238.5,241.5,1,239.5,0.0,0.0,0.0,0.0,0.0,73
2023-05-09 22:03:09,ag2312C6300,ag2312C6300,239.5,0.0,0.0,0.0,1,239.0,241.5,1,239.5,0.0,0.0,0.0,0.0,0.0,73
2023-05-09 22:03:10,ag2312C6300,ag2312C6300,239.5,0.0,0.0,0.0,1,239.0,242.5,1,239.5,0.0,0.0,0.0,0.0,0.0,73
2023-05-09 22:03:11,ag2312C6300,ag2312C6300,239.5,0.0,0.0,0.0,1,239.0,242.0,1,239.5,0.0,0.0,0.0,0.0,0.0,73
2023-05-09 22:03:13,ag2312C6300,ag2312C6300,239.5,0.0,0.0,0.0,1,239.5,242.0,1,239.5,0.0,0.0,0.0,0.0,0.0,73
2023-05-09 22:03:23,ag2312C6300,ag2312C6300,239.5,0.0,0.0,0.0,1,239.0,242.0,1,239.5,0.0,0.0,0.0,0.0,0.0,73
2023-05-09 22:03:25,ag2312C6300,ag2312C6300,239.5,0.0,0.0,0.0,1,239.0,241.5,1,239.5,0.0,0.0,0.0,0.0,0.0,73
2023-05-09 22:03:27,ag2312C6300,ag2312C6300,239.5,0.0,0.0,0.0,1,238.0,241.5,1,239.5,0.0,0.0,0.0,0.0,0.0,73
2023-05-09 22:03:33,ag2312C6300,ag2312C6300,239.5,0.0,0.0,0.0,1,238.5,241.5,1,239.5,0.0,0.0,0.0,0.0,0.0,73
2023-05-09 22:03:40,ag2312C6300,ag2312C6300,239.5,0.0,0.0,0.0,1,239.0,241.5,1,239.5,0.0,0.0,0.0,0.0,0.0,73
2023-05-09 22:03:49,ag2312C6300,ag2312C6300,239.5,0.0,0.0,0.0,1,239.0,242.0,1,239.5,0.0,0.0,0.0,0.0,0.0,73
2023-05-09 22:04:15,ag2312C6300,ag2312C6300,239.5,0.0,0.0,0.0,1,239.5,242.0,1,239.5,0.0,0.0,0.0,0.0,0.0,73
2023-05-09 22:04:16,ag2312C6300,ag2312C6300,239.5,0.0,0.0,0.0,1,239.5,242.5,1,239.5,0.0,0.0,0.0,0.0,0.0,73
2023-05-09 22:04:47,ag2312C6300,ag2312C6300,239.5,0.0,0.0,0.0,1,239.5,242.0,1,239.5,0.0,0.0,0.0,0.0,0.0,73
2023-05-09 22:04:50,ag2312C6300,ag2312C6300,239.5,0.0,0.0,0.0,1,224.5,242.0,1,239.5,0.0,0.0,0.0,0.0,0.0,73
2023-05-09 22:04:51,ag2312C6300,ag2312C6300,239.5,0.0,0.0,0.0,1,238.0,242.0,1,239.5,0.0,0.0,0.0,0.0,0.0,73
2023-05-09 22:04:53,ag2312C6300,ag2312C6300,239.5,0.0,0.0,0.0,1,238.5,241.5,1,239.5,0.0,0.0,0.0,0.0,0.0,73
2023-05-09 22:05:02,ag2312C6300,ag2312C6300,239.5,0.0,0.0,0.0,1,238.5,241.0,1,239.5,0.0,0.0,0.0,0.0,0.0,73
2023-05-09 22:05:13,ag2312C6300,ag2312C6300,239.5,0.0,0.0,0.0,1,238.0,241.0,1,239.5,0.0,0.0,0.0,0.0,0.0,73
2023-05-09 22:05:15,ag2312C6300,ag2312C6300,239.5,0.0,0.0,0.0,1,238.0,240.5,1,239.5,0.0,0.0,0.0,0.0,0.0,73
2023-05-09 22:05:23,ag2312C6300,ag2312C6300,239.5,0.0,0.0,0.0,1,238.0,241.0,1,239.5,0.0,0.0,0.0,0.0,0.0,73
2023-05-09 22:05:52,ag2312C6300,ag2312C6300,239.5,0.0,0.0,0.0,1,238.0,240.5,1,239.5,0.0,0.0,0.0,0.0,0.0,73
2023-05-09 22:05:53,ag2312C6300,ag2312C6300,239.5,0.0,0.0,0.0,1,224.5,240.5,1,239.5,0.0,0.0,0.0,0.0,0.0,73
2023-05-09 22:05:54,ag2312C6300,ag2312C6300,239.5,0.0,0.0,0.0,1,237.0,240.5,1,239.5,0.0,0.0,0.0,0.0,0.0,73
2023-05-09 22:05:56,ag2312C6300,ag2312C6300,239.5,0.0,0.0,0.0,1,237.0,240.0,1,239.5,0.0,0.0,0.0,0.0,0.0,73
2023-05-09 22:06:02,ag2312C6300,ag2312C6300,239.5,0.0,0.0,0.0,1,224.5,240.0,1,239.5,0.0,0.0,0.0,0.0,0.0,73
2023-05-09 22:06:03,ag2312C6300,ag2312C6300,239.5,0.0,0.0,0.0,1,224.5,239.5,1,239.5,0.0,0.0,0.0,0.0,0.0,73
2023-05-09 22:06:04,ag2312C6300,ag2312C6300,239.5,0.0,0.0,0.0,1,236.5,239.5,1,239.5,0.0,0.0,0.0,0.0,0.0,73
2023-05-09 22:06:55,ag2312C6300,ag2312C6300,239.5,0.0,0.0,0.0,1,237.0,239.5,1,239.5,0.0,0.0,0.0,0.0,0.0,73
2023-05-09 22:06:56,ag2312C6300,ag2312C6300,239.5,0.0,0.0,0.0,1,237.0,240.0,1,239.5,0.0,0.0,0.0,0.0,0.0,73
2023-05-09 22:07:00,ag2312C6300,ag2312C6300,239.5,0.0,0.0,0.0,1,237.0,248.0,1,239.5,0.0,0.0,0.0,0.0,0.0,73
2023-05-09 22:07:01,ag2312C6300,ag2312C6300,239.5,0.0,0.0,0.0,1,238.0,241.5,1,239.5,0.0,0.0,0.0,0.0,0.0,73
2023-05-09 22:07:04,ag2312C6300,ag2312C6300,239.5,0.0,0.0,0.0,1,238.0,241.0,1,239.5,0.0,0.0,0.0,0.0,0.0,73
2023-05-09 22:07:47,ag2312C6300,ag2312C6300,239.5,0.0,0.0,0.0,1,238.5,241.5,1,239.5,0.0,0.0,0.0,0.0,0.0,73
2023-05-09 22:08:40,ag2312C6300,ag2312C6300,239.5,0.0,0.0,0.0,1,238.5,241.0,1,239.5,0.0,0.0,0.0,0.0,0.0,73
2023-05-09 22:08:51,ag2312C6300,ag2312C6300,239.5,0.0,0.0,0.0,1,238.5,241.5,1,239.5,0.0,0.0,0.0,0.0,0.0,73
2023-05-09 22:09:43,ag2312C6300,ag2312C6300,239.5,0.0,0.0,0.0,1,238.5,241.0,1,239.5,0.0,0.0,0.0,0.0,0.0,73
2023-05-09 22:10:24,ag2312C6300,ag2312C6300,239.5,0.0,0.0,0.0,1,238.0,241.0,1,239.5,0.0,0.0,0.0,0.0,0.0,73
2023-05-09 22:10:26,ag2312C6300,ag2312C6300,239.5,0.0,0.0,0.0,1,224.5,240.5,1,239.5,0.0,0.0,0.0,0.0,0.0,73
2023-05-09 22:10:27,ag2312C6300,ag2312C6300,239.5,0.0,0.0,0.0,1,237.0,240.5,1,239.5,0.0,0.0,0.0,0.0,0.0,73
2023-05-09 22:10:37,ag2312C6300,ag2312C6300,239.5,0.0,0.0,0.0,1,237.5,240.5,1,239.5,0.0,0.0,0.0,0.0,0.0,73
2023-05-09 22:11:48,ag2312C6300,ag2312C6300,239.5,0.0,0.0,0.0,1,237.5,240.0,1,239.5,0.0,0.0,0.0,0.0,0.0,73
2023-05-09 22:12:00,ag2312C6300,ag2312C6300,239.5,0.0,0.0,0.0,1,237.0,240.0,1,239.5,0.0,0.0,0.0,0.0,0.0,73
2023-05-09 22:12:03,ag2312C6300,ag2312C6300,239.5,0.0,0.0,0.0,1,237.0,239.5,1,239.5,0.0,0.0,0.0,0.0,0.0,73
2023-05-09 22:12:11,ag2312C6300,ag2312C6300,239.5,0.0,0.0,0.0,1,236.5,239.5,1,239.5,0.0,0.0,0.0,0.0,0.0,73
2023-05-09 22:12:14,ag2312C6300,ag2312C6300,239.5,0.0,0.0,0.0,1,237.0,240.0,1,239.5,0.0,0.0,0.0,0.0,0.0,73
2023-05-09 22:12:38,ag2312C6300,ag2312C6300,239.5,0.0,0.0,0.0,1,237.0,239.5,1,239.5,0.0,0.0,0.0,0.0,0.0,73
2023-05-09 22:12:41,ag2312C6300,ag2312C6300,239.5,0.0,0.0,0.0,1,236.5,239.5,1,239.5,0.0,0.0,0.0,0.0,0.0,73
2023-05-09 22:12:54,ag2312C6300,ag2312C6300,239.5,0.0,0.0,0.0,1,236.5,239.0,1,239.5,0.0,0.0,0.0,0.0,0.0,73
2023-05-09 22:13:01,ag2312C6300,ag2312C6300,239.5,0.0,0.0,0.0,1,236.5,239.5,1,239.5,0.0,0.0,0.0,0.0,0.0,73
2023-05-09 22:13:06,ag2312C6300,ag2312C6300,239.5,0.0,0.0,0.0,1,237.0,240.5,1,239.5,0.0,0.0,0.0,0.0,0.0,73
2023-05-09 22:13:09,ag2312C6300,ag2312C6300,239.5,0.0,0.0,0.0,1,237.0,240.0,1,239.5,0.0,0.0,0.0,0.0,0.0,73
2023-05-09 22:13:22,ag2312C6300,ag2312C6300,239.5,0.0,0.0,0.0,1,237.0,239.5,1,239.5,0.0,0.0,0.0,0.0,0.0,73
2023-05-09 22:13:42,ag2312C6300,ag2312C6300,239.5,0.0,0.0,0.0,1,236.5,239.5,1,239.5,0.0,0.0,0.0,0.0,0.0,73
2023-05-09 22:14:35,ag2312C6300,ag2312C6300,239.5,0.0,0.0,0.0,1,237.0,240.0,1,239.5,0.0,0.0,0.0,0.0,0.0,73
2023-05-09 22:17:29,ag2312C6300,ag2312C6300,239.5,0.0,0.0,0.0,1,237.0,239.5,1,239.5,0.0,0.0,0.0,0.0,0.0,73
2023-05-09 22:17:32,ag2312C6300,ag2312C6300,239.5,0.0,0.0,0.0,1,236.5,239.5,1,239.5,0.0,0.0,0.0,0.0,0.0,73
2023-05-09 22:17:57,ag2312C6300,ag2312C6300,239.5,0.0,0.0,0.0,1,236.5,239.0,1,239.5,0.0,0.0,0.0,0.0,0.0,73
2023-05-09 22:18:00,ag2312C6300,ag2312C6300,239.5,0.0,0.0,0.0,1,224.5,239.0,1,239.5,0.0,0.0,0.0,0.0,0.0,73
2023-05-09 22:18:02,ag2312C6300,ag2312C6300,239.5,0.0,0.0,0.0,1,235.5,239.0,1,239.5,0.0,0.0,0.0,0.0,0.0,73
2023-05-09 22:18:08,ag2312C6300,ag2312C6300,239.5,0.0,0.0,0.0,1,235.5,238.5,1,239.5,0.0,0.0,0.0,0.0,0.0,73
2023-05-09 22:18:11,ag2312C6300,ag2312C6300,239.5,0.0,0.0,0.0,1,236.0,238.5,1,239.5,0.0,0.0,0.0,0.0,0.0,73
2023-05-09 22:18:27,ag2312C6300,ag2312C6300,239.5,0.0,0.0,0.0,1,236.0,239.0,1,239.5,0.0,0.0,0.0,0.0,0.0,73
2023-05-09 22:19:03,ag2312C6300,ag2312C6300,239.5,0.0,0.0,0.0,1,236.0,238.5,1,239.5,0.0,0.0,0.0,0.0,0.0,73
2023-05-09 22:19:03,ag2312C6300,ag2312C6300,239.5,0.0,0.0,0.0,1,235.5,238.5,1,239.5,0.0,0.0,0.0,0.0,0.0,73
2023-05-09 22:19:10,ag2312C6300,ag2312C6300,239.5,0.0,0.0,0.0,1,235.5,238.0,1,239.5,0.0,0.0,0.0,0.0,0.0,73
2023-05-09 22:19:10,ag2312C6300,ag2312C6300,239.5,0.0,0.0,0.0,1,224.5,238.0,1,239.5,0.0,0.0,0.0,0.0,0.0,73
2023-05-09 22:19:11,ag2312C6300,ag2312C6300,239.5,0.0,0.0,0.0,1,234.5,238.0,1,239.5,0.0,0.0,0.0,0.0,0.0,73
2023-05-09 22:19:14,ag2312C6300,ag2312C6300,239.5,0.0,0.0,0.0,1,235.0,238.0,1,239.5,0.0,0.0,0.0,0.0,0.0,73
2023-05-09 22:19:28,ag2312C6300,ag2312C6300,239.5,0.0,0.0,0.0,1,235.5,238.0,1,239.5,0.0,0.0,0.0,0.0,0.0,73
2023-05-09 22:19:40,ag2312C6300,ag2312C6300,239.5,0.0,0.0,0.0,1,235.0,238.0,1,239.5,0.0,0.0,0.0,0.0,0.0,73
2023-05-09 22:21:11,ag2312C6300,ag2312C6300,239.5,0.0,0.0,0.0,1,224.5,237.5,1,239.5,0.0,0.0,0.0,0.0,0.0,73
2023-05-09 22:21:12,ag2312C6300,ag2312C6300,239.5,0.0,0.0,0.0,1,234.0,237.5,1,239.5,0.0,0.0,0.0,0.0,0.0,73
2023-05-09 22:21:14,ag2312C6300,ag2312C6300,239.5,0.0,0.0,0.0,1,234.5,237.5,1,239.5,0.0,0.0,0.0,0.0,0.0,73
2023-05-09 22:21:18,ag2312C6300,ag2312C6300,239.5,0.0,0.0,0.0,1,234.0,237.0,1,239.5,0.0,0.0,0.0,0.0,0.0,73
2023-05-09 22:21:33,ag2312C6300,ag2312C6300,239.5,0.0,0.0,0.0,1,234.5,237.0,1,239.5,0.0,0.0,0.0,0.0,0.0,73
2023-05-09 22:21:34,ag2312C6300,ag2312C6300,239.5,0.0,0.0,0.0,1,234.5,237.5,1,239.5,0.0,0.0,0.0,0.0,0.0,73
2023-05-09 22:22:06,ag2312C6300,ag2312C6300,239.5,0.0,0.0,0.0,1,234.5,237.0,1,239.5,0.0,0.0,0.0,0.0,0.0,73
2023-05-09 22:22:06,ag2312C6300,ag2312C6300,239.5,0.0,0.0,0.0,1,234.5,237.0,1,239.5,0.0,0.0,0.0,0.0,0.0,73
2023-05-09 22:22:10,ag2312C6300,ag2312C6300,239.5,0.0,0.0,0.0,1,234.0,236.5,1,239.5,0.0,0.0,0.0,0.0,0.0,73
2023-05-09 22:22:10,ag2312C6300,ag2312C6300,239.5,0.0,0.0,0.0,1,119.5,236.5,1,239.5,0.0,0.0,0.0,0.0,0.0,73
2023-05-09 22:22:11,ag2312C6300,ag2312C6300,239.5,0.0,0.0,0.0,2,126.0,236.5,1,239.5,0.0,0.0,0.0,0.0,0.0,73
2023-05-09 22:22:11,ag2312C6300,ag2312C6300,239.5,0.0,0.0,0.0,1,233.5,236.5,1,239.5,0.0,0.0,0.0,0.0,0.0,73
2023-05-09 22:22:12,ag2312C6300,ag2312C6300,239.5,0.0,0.0,0.0,1,233.5,236.5,1,239.5,0.0,0.0,0.0,0.0,0.0,73
2023-05-09 22:22:13,ag2312C6300,ag2312C6300,239.5,0.0,0.0,0.0,1,234.0,236.5,1,239.5,0.0,0.0,0.0,0.0,0.0,73
2023-05-09 22:22:14,ag2312C6300,ag2312C6300,239.5,0.0,0.0,0.0,1,234.0,237.0,1,239.5,0.0,0.0,0.0,0.0,0.0,73
2023-05-09 22:22:38,ag2312C6300,ag2312C6300,239.5,0.0,0.0,0.0,1,234.5,237.0,1,239.5,0.0,0.0,0.0,0.0,0.0,73
2023-05-09 22:22:42,ag2312C6300,ag2312C6300,239.5,0.0,0.0,0.0,1,234.0,237.0,1,239.5,0.0,0.0,0.0,0.0,0.0,73
2023-05-09 22:23:36,ag2312C6300,ag2312C6300,239.5,0.0,0.0,0.0,1,234.0,236.5,1,239.5,0.0,0.0,0.0,0.0,0.0,73
2023-05-09 22:23:42,ag2312C6300,ag2312C6300,239.5,0.0,0.0,0.0,1,233.0,236.5,1,239.5,0.0,0.0,0.0,0.0,0.0,73
2023-05-09 22:23:44,ag2312C6300,ag2312C6300,239.5,0.0,0.0,0.0,1,233.5,236.5,1,239.5,0.0,0.0,0.0,0.0,0.0,73
2023-05-09 22:23:56,ag2312C6300,ag2312C6300,239.5,0.0,0.0,0.0,1,234.0,236.5,1,239.5,0.0,0.0,0.0,0.0,0.0,73
2023-05-09 22:24:00,ag2312C6300,ag2312C6300,239.5,0.0,0.0,0.0,1,233.5,236.5,1,239.5,0.0,0.0,0.0,0.0,0.0,73
2023-05-09 22:24:25,ag2312C6300,ag2312C6300,239.5,0.0,0.0,0.0,1,234.0,237.0,1,239.5,0.0,0.0,0.0,0.0,0.0,73
2023-05-09 22:25:01,ag2312C6300,ag2312C6300,239.5,0.0,0.0,0.0,1,234.0,236.5,1,239.5,0.0,0.0,0.0,0.0,0.0,73
2023-05-09 22:25:07,ag2312C6300,ag2312C6300,239.5,0.0,0.0,0.0,1,233.5,236.5,1,239.5,0.0,0.0,0.0,0.0,0.0,73
2023-05-09 22:25:33,ag2312C6300,ag2312C6300,239.5,0.0,0.0,0.0,1,234.0,236.5,1,239.5,0.0,0.0,0.0,0.0,0.0,73
2023-05-09 22:25:35,ag2312C6300,ag2312C6300,239.5,0.0,0.0,0.0,1,234.0,237.0,1,239.5,0.0,0.0,0.0,0.0,0.0,73
2023-05-09 22:26:07,ag2312C6300,ag2312C6300,239.5,0.0,0.0,0.0,1,234.5,237.0,1,239.5,0.0,0.0,0.0,0.0,0.0,73
2023-05-09 22:26:08,ag2312C6300,ag2312C6300,239.5,0.0,0.0,0.0,1,234.5,238.0,1,239.5,0.0,0.0,0.0,0.0,0.0,73
2023-05-09 22:26:09,ag2312C6300,ag2312C6300,239.5,0.0,0.0,0.0,1,234.5,237.5,1,239.5,0.0,0.0,0.0,0.0,0.0,73
2023-05-09 22:26:21,ag2312C6300,ag2312C6300,239.5,0.0,0.0,0.0,1,234.5,237.0,1,239.5,0.0,0.0,0.0,0.0,0.0,73
2023-05-09 22:26:28,ag2312C6300,ag2312C6300,239.5,0.0,0.0,0.0,1,235.0,237.5,1,239.5,0.0,0.0,0.0,0.0,0.0,73
2023-05-09 22:26:28,ag2312C6300,ag2312C6300,239.5,0.0,0.0,0.0,1,235.0,248.0,1,239.5,0.0,0.0,0.0,0.0,0.0,73
2023-05-09 22:26:29,ag2312C6300,ag2312C6300,239.5,0.0,0.0,0.0,1,235.0,238.0,1,239.5,0.0,0.0,0.0,0.0,0.0,73
2023-05-09 22:26:42,ag2312C6300,ag2312C6300,239.5,0.0,0.0,0.0,1,234.5,238.0,1,239.5,0.0,0.0,0.0,0.0,0.0,73
2023-05-09 22:26:53,ag2312C6300,ag2312C6300,239.5,0.0,0.0,0.0,1,235.0,238.0,1,239.5,0.0,0.0,0.0,0.0,0.0,73
2023-05-09 22:27:12,ag2312C6300,ag2312C6300,239.5,0.0,0.0,0.0,1,235.0,237.5,1,239.5,0.0,0.0,0.0,0.0,0.0,73
2023-05-09 22:27:27,ag2312C6300,ag2312C6300,239.5,0.0,0.0,0.0,1,235.0,238.0,1,239.5,0.0,0.0,0.0,0.0,0.0,73
2023-05-09 22:29:06,ag2312C6300,ag2312C6300,239.5,0.0,0.0,0.0,1,234.5,237.5,1,239.5,0.0,0.0,0.0,0.0,0.0,73
2023-05-09 22:29:55,ag2312C6300,ag2312C6300,239.5,0.0,0.0,0.0,1,234.5,237.0,1,239.5,0.0,0.0,0.0,0.0,0.0,73
2023-05-09 22:29:56,ag2312C6300,ag2312C6300,239.5,0.0,0.0,0.0,1,173.5,237.0,1,239.5,0.0,0.0,0.0,0.0,0.0,73
2023-05-09 22:29:56,ag2312C6300,ag2312C6300,239.5,0.0,0.0,0.0,1,233.5,237.0,1,239.5,0.0,0.0,0.0,0.0,0.0,73
2023-05-09 22:29:57,ag2312C6300,ag2312C6300,239.5,0.0,0.0,0.0,1,233.5,237.0,1,239.5,0.0,0.0,0.0,0.0,0.0,73
2023-05-09 22:29:57,ag2312C6300,ag2312C6300,239.5,0.0,0.0,0.0,1,234.0,237.0,1,239.5,0.0,0.0,0.0,0.0,0.0,73
2023-05-09 22:31:16,ag2312C6300,ag2312C6300,239.5,0.0,0.0,0.0,1,234.5,237.0,1,239.5,0.0,0.0,0.0,0.0,0.0,73
2023-05-09 22:31:22,ag2312C6300,ag2312C6300,239.5,0.0,0.0,0.0,1,234.0,237.0,1,239.5,0.0,0.0,0.0,0.0,0.0,73
2023-05-09 22:31:26,ag2312C6300,ag2312C6300,239.5,0.0,0.0,0.0,1,234.5,237.0,1,239.5,0.0,0.0,0.0,0.0,0.0,73
2023-05-09 22:31:33,ag2312C6300,ag2312C6300,239.5,0.0,0.0,0.0,1,234.0,237.0,1,239.5,0.0,0.0,0.0,0.0,0.0,73
2023-05-09 22:31:41,ag2312C6300,ag2312C6300,239.5,0.0,0.0,0.0,1,234.5,237.0,1,239.5,0.0,0.0,0.0,0.0,0.0,73
2023-05-09 22:31:51,ag2312C6300,ag2312C6300,239.5,0.0,0.0,0.0,1,234.5,237.5,1,239.5,0.0,0.0,0.0,0.0,0.0,73
2023-05-09 22:32:10,ag2312C6300,ag2312C6300,239.5,0.0,0.0,0.0,1,234.5,237.0,1,239.5,0.0,0.0,0.0,0.0,0.0,73
2023-05-09 22:32:11,ag2312C6300,ag2312C6300,239.5,0.0,0.0,0.0,1,234.0,237.0,1,239.5,0.0,0.0,0.0,0.0,0.0,73
2023-05-09 22:32:21,ag2312C6300,ag2312C6300,239.5,0.0,0.0,0.0,1,234.0,236.5,1,239.5,0.0,0.0,0.0,0.0,0.0,73
2023-05-09 22:32:25,ag2312C6300,ag2312C6300,239.5,0.0,0.0,0.0,1,233.0,236.0,1,239.5,0.0,0.0,0.0,0.0,0.0,73
2023-05-09 22:32:38,ag2312C6300,ag2312C6300,239.5,0.0,0.0,0.0,1,233.5,236.0,1,239.5,0.0,0.0,0.0,0.0,0.0,73
2023-05-09 22:33:11,ag2312C6300,ag2312C6300,239.5,0.0,0.0,0.0,1,233.5,236.5,1,239.5,0.0,0.0,0.0,0.0,0.0,73
2023-05-09 22:33:18,ag2312C6300,ag2312C6300,239.5,0.0,0.0,0.0,1,234.0,236.5,1,239.5,0.0,0.0,0.0,0.0,0.0,73
2023-05-09 22:33:27,ag2312C6300,ag2312C6300,239.5,0.0,0.0,0.0,1,234.0,237.0,1,239.5,0.0,0.0,0.0,0.0,0.0,73
2023-05-09 22:33:29,ag2312C6300,ag2312C6300,239.5,0.0,0.0,0.0,1,234.5,237.0,1,239.5,0.0,0.0,0.0,0.0,0.0,73
2023-05-09 22:34:08,ag2312C6300,ag2312C6300,239.5,0.0,0.0,0.0,1,234.0,237.0,1,239.5,0.0,0.0,0.0,0.0,0.0,73
2023-05-09 22:34:29,ag2312C6300,ag2312C6300,239.5,0.0,0.0,0.0,1,234.5,248.0,1,239.5,0.0,0.0,0.0,0.0,0.0,73
2023-05-09 22:34:30,ag2312C6300,ag2312C6300,239.5,0.0,0.0,0.0,1,234.5,237.5,1,239.5,0.0,0.0,0.0,0.0,0.0,73
2023-05-09 22:34:47,ag2312C6300,ag2312C6300,239.5,0.0,0.0,0.0,1,235.0,248.0,1,239.5,0.0,0.0,0.0,0.0,0.0,73
2023-05-09 22:34:48,ag2312C6300,ag2312C6300,239.5,0.0,0.0,0.0,1,235.0,238.5,1,239.5,0.0,0.0,0.0,0.0,0.0,73
2023-05-09 22:34:49,ag2312C6300,ag2312C6300,239.5,0.0,0.0,0.0,1,235.5,238.5,1,239.5,0.0,0.0,0.0,0.0,0.0,73
2023-05-09 22:35:09,ag2312C6300,ag2312C6300,239.5,0.0,0.0,0.0,1,235.5,238.0,1,239.5,0.0,0.0,0.0,0.0,0.0,73
2023-05-09 22:35:10,ag2312C6300,ag2312C6300,239.5,0.0,0.0,0.0,1,235.0,238.0,1,239.5,0.0,0.0,0.0,0.0,0.0,73
2023-05-09 22:36:01,ag2312C6300,ag2312C6300,239.5,0.0,0.0,0.0,1,234.5,237.5,1,239.5,0.0,0.0,0.0,0.0,0.0,73
2023-05-09 22:36:28,ag2312C6300,ag2312C6300,239.5,0.0,0.0,0.0,1,235.0,237.5,1,239.5,0.0,0.0,0.0,0.0,0.0,73
2023-05-09 22:36:29,ag2312C6300,ag2312C6300,239.5,0.0,0.0,0.0,1,235.0,238.0,1,239.5,0.0,0.0,0.0,0.0,0.0,73
2023-05-09 22:36:33,ag2312C6300,ag2312C6300,239.5,0.0,0.0,0.0,1,235.5,238.0,1,239.5,0.0,0.0,0.0,0.0,0.0,73
2023-05-09 22:36:36,ag2312C6300,ag2312C6300,239.5,0.0,0.0,0.0,1,235.5,238.5,1,239.5,0.0,0.0,0.0,0.0,0.0,73
2023-05-09 22:38:05,ag2312C6300,ag2312C6300,239.5,0.0,0.0,0.0,1,236.0,238.5,1,239.5,0.0,0.0,0.0,0.0,0.0,73
2023-05-09 22:38:06,ag2312C6300,ag2312C6300,239.5,0.0,0.0,0.0,1,236.0,239.5,1,239.5,0.0,0.0,0.0,0.0,0.0,73
2023-05-09 22:38:08,ag2312C6300,ag2312C6300,239.5,0.0,0.0,0.0,1,236.0,238.5,1,239.5,0.0,0.0,0.0,0.0,0.0,73
2023-05-09 22:38:15,ag2312C6300,ag2312C6300,239.5,0.0,0.0,0.0,1,236.0,239.0,1,239.5,0.0,0.0,0.0,0.0,0.0,73
2023-05-09 22:39:16,ag2312C6300,ag2312C6300,239.5,0.0,0.0,0.0,1,236.0,238.5,1,239.5,0.0,0.0,0.0,0.0,0.0,73
2023-05-09 22:40:30,ag2312C6300,ag2312C6300,239.5,0.0,0.0,0.0,1,235.5,238.5,1,239.5,0.0,0.0,0.0,0.0,0.0,73
2023-05-09 22:40:33,ag2312C6300,ag2312C6300,239.5,0.0,0.0,0.0,1,235.5,238.0,1,239.5,0.0,0.0,0.0,0.0,0.0,73
2023-05-09 22:40:59,ag2312C6300,ag2312C6300,239.5,0.0,0.0,0.0,1,227.0,238.0,1,239.5,0.0,0.0,0.0,0.0,0.0,73
2023-05-09 22:41:00,ag2312C6300,ag2312C6300,239.5,0.0,0.0,0.0,1,234.0,237.5,1,239.5,0.0,0.0,0.0,0.0,0.0,73
2023-05-09 22:41:01,ag2312C6300,ag2312C6300,239.5,0.0,0.0,0.0,1,234.5,237.5,1,239.5,0.0,0.0,0.0,0.0,0.0,73
2023-05-09 22:41:21,ag2312C6300,ag2312C6300,239.5,0.0,0.0,0.0,1,235.0,237.5,1,239.5,0.0,0.0,0.0,0.0,0.0,73
2023-05-09 22:41:35,ag2312C6300,ag2312C6300,239.5,0.0,0.0,0.0,1,235.0,238.0,1,239.5,0.0,0.0,0.0,0.0,0.0,73
2023-05-09 22:42:40,ag2312C6300,ag2312C6300,239.5,0.0,0.0,0.0,1,235.0,237.5,1,239.5,0.0,0.0,0.0,0.0,0.0,73
2023-05-09 22:42:42,ag2312C6300,ag2312C6300,239.5,0.0,0.0,0.0,1,234.5,237.5,1,239.5,0.0,0.0,0.0,0.0,0.0,73
2023-05-09 22:42:55,ag2312C6300,ag2312C6300,239.5,0.0,0.0,0.0,1,234.5,237.0,1,239.5,0.0,0.0,0.0,0.0,0.0,73
2023-05-09 22:42:58,ag2312C6300,ag2312C6300,239.5,0.0,0.0,0.0,1,234.0,237.0,1,239.5,0.0,0.0,0.0,0.0,0.0,73
2023-05-09 22:43:26,ag2312C6300,ag2312C6300,239.5,0.0,0.0,0.0,1,234.5,237.0,1,239.5,0.0,0.0,0.0,0.0,0.0,73
2023-05-09 22:43:47,ag2312C6300,ag2312C6300,239.5,0.0,0.0,0.0,1,234.0,237.0,1,239.5,0.0,0.0,0.0,0.0,0.0,73
2023-05-09 22:43:49,ag2312C6300,ag2312C6300,239.5,0.0,0.0,0.0,1,234.0,236.5,1,239.5,0.0,0.0,0.0,0.0,0.0,73
2023-05-09 22:44:32,ag2312C6300,ag2312C6300,239.5,0.0,0.0,0.0,1,234.0,237.0,1,239.5,0.0,0.0,0.0,0.0,0.0,73
2023-05-09 22:44:52,ag2312C6300,ag2312C6300,239.5,0.0,0.0,0.0,1,234.5,237.0,1,239.5,0.0,0.0,0.0,0.0,0.0,73
2023-05-09 22:44:57,ag2312C6300,ag2312C6300,239.5,0.0,0.0,0.0,1,234.5,238.0,1,239.5,0.0,0.0,0.0,0.0,0.0,73
2023-05-09 22:45:08,ag2312C6300,ag2312C6300,239.5,0.0,0.0,0.0,1,234.5,237.5,1,239.5,0.0,0.0,0.0,0.0,0.0,73
2023-05-09 22:46:29,ag2312C6300,ag2312C6300,239.5,0.0,0.0,0.0,1,235.0,237.5,1,239.5,0.0,0.0,0.0,0.0,0.0,73
2023-05-09 22:46:30,ag2312C6300,ag2312C6300,239.5,0.0,0.0,0.0,1,235.0,238.0,1,239.5,0.0,0.0,0.0,0.0,0.0,73
2023-05-09 22:46:37,ag2312C6300,ag2312C6300,239.5,0.0,0.0,0.0,1,235.5,238.0,1,239.5,0.0,0.0,0.0,0.0,0.0,73
2023-05-09 22:46:52,ag2312C6300,ag2312C6300,239.5,0.0,0.0,0.0,1,235.0,238.0,1,239.5,0.0,0.0,0.0,0.0,0.0,73
2023-05-09 22:47:28,ag2312C6300,ag2312C6300,239.5,0.0,0.0,0.0,1,235.5,238.0,1,239.5,0.0,0.0,0.0,0.0,0.0,73
2023-05-09 22:47:29,ag2312C6300,ag2312C6300,239.5,0.0,0.0,0.0,1,235.5,248.0,1,239.5,0.0,0.0,0.0,0.0,0.0,73
2023-05-09 22:47:30,ag2312C6300,ag2312C6300,239.5,0.0,0.0,0.0,1,235.5,239.0,1,239.5,0.0,0.0,0.0,0.0,0.0,73
2023-05-09 22:47:37,ag2312C6300,ag2312C6300,239.5,0.0,0.0,0.0,1,235.5,238.5,1,239.5,0.0,0.0,0.0,0.0,0.0,73
2023-05-09 22:48:58,ag2312C6300,ag2312C6300,239.5,0.0,0.0,0.0,1,235.5,238.0,1,239.5,0.0,0.0,0.0,0.0,0.0,73
2023-05-09 22:49:13,ag2312C6300,ag2312C6300,239.5,0.0,0.0,0.0,1,235.0,238.0,1,239.5,0.0,0.0,0.0,0.0,0.0,73
2023-05-09 22:50:20,ag2312C6300,ag2312C6300,239.5,0.0,0.0,0.0,1,235.0,237.5,1,239.5,0.0,0.0,0.0,0.0,0.0,73
2023-05-09 22:51:12,ag2312C6300,ag2312C6300,239.5,0.0,0.0,0.0,1,235.0,238.0,1,239.5,0.0,0.0,0.0,0.0,0.0,73
2023-05-09 22:51:26,ag2312C6300,ag2312C6300,239.5,0.0,0.0,0.0,1,235.0,237.5,1,239.5,0.0,0.0,0.0,0.0,0.0,73
2023-05-09 22:51:41,ag2312C6300,ag2312C6300,239.5,0.0,0.0,0.0,1,234.0,237.5,1,239.5,0.0,0.0,0.0,0.0,0.0,73
2023-05-09 22:51:42,ag2312C6300,ag2312C6300,239.5,0.0,0.0,0.0,1,234.0,237.0,1,239.5,0.0,0.0,0.0,0.0,0.0,73
2023-05-09 22:51:45,ag2312C6300,ag2312C6300,239.5,0.0,0.0,0.0,1,234.5,237.0,1,239.5,0.0,0.0,0.0,0.0,0.0,73
2023-05-09 22:51:49,ag2312C6300,ag2312C6300,239.5,0.0,0.0,0.0,1,234.5,237.5,1,239.5,0.0,0.0,0.0,0.0,0.0,73
2023-05-09 22:52:20,ag2312C6300,ag2312C6300,239.5,0.0,0.0,0.0,1,235.0,237.5,1,239.5,0.0,0.0,0.0,0.0,0.0,73
2023-05-09 22:52:21,ag2312C6300,ag2312C6300,239.5,0.0,0.0,0.0,1,235.0,238.0,1,239.5,0.0,0.0,0.0,0.0,0.0,73
2023-05-09 22:53:08,ag2312C6300,ag2312C6300,239.5,0.0,0.0,0.0,1,235.0,237.5,1,239.5,0.0,0.0,0.0,0.0,0.0,73
2023-05-09 22:53:10,ag2312C6300,ag2312C6300,239.5,0.0,0.0,0.0,1,234.5,237.5,1,239.5,0.0,0.0,0.0,0.0,0.0,73
2023-05-09 22:53:10,ag2312C6300,ag2312C6300,239.5,0.0,0.0,0.0,1,234.5,237.0,1,239.5,0.0,0.0,0.0,0.0,0.0,73
2023-05-09 22:53:30,ag2312C6300,ag2312C6300,239.5,0.0,0.0,0.0,1,234.5,237.5,1,239.5,0.0,0.0,0.0,0.0,0.0,73
2023-05-09 22:53:57,ag2312C6300,ag2312C6300,239.5,0.0,0.0,0.0,1,234.5,237.0,1,239.5,0.0,0.0,0.0,0.0,0.0,73
2023-05-09 22:53:58,ag2312C6300,ag2312C6300,239.5,0.0,0.0,0.0,1,233.5,237.0,1,239.5,0.0,0.0,0.0,0.0,0.0,73
2023-05-09 22:55:01,ag2312C6300,ag2312C6300,239.5,0.0,0.0,0.0,1,233.5,236.5,1,239.5,0.0,0.0,0.0,0.0,0.0,73
2023-05-09 22:55:03,ag2312C6300,ag2312C6300,239.5,0.0,0.0,0.0,1,233.5,236.0,1,239.5,0.0,0.0,0.0,0.0,0.0,73
2023-05-09 22:55:30,ag2312C6300,ag2312C6300,239.5,0.0,0.0,0.0,1,233.0,236.0,1,239.5,0.0,0.0,0.0,0.0,0.0,73
2023-05-09 22:55:39,ag2312C6300,ag2312C6300,239.5,0.0,0.0,0.0,1,233.0,235.5,1,239.5,0.0,0.0,0.0,0.0,0.0,73
2023-05-09 22:55:46,ag2312C6300,ag2312C6300,239.5,0.0,0.0,0.0,1,232.5,235.5,1,239.5,0.0,0.0,0.0,0.0,0.0,73
2023-05-09 22:57:21,ag2312C6300,ag2312C6300,239.5,0.0,0.0,0.0,1,233.0,235.5,1,239.5,0.0,0.0,0.0,0.0,0.0,73
2023-05-09 22:58:04,ag2312C6300,ag2312C6300,239.5,0.0,0.0,0.0,1,233.0,236.0,1,239.5,0.0,0.0,0.0,0.0,0.0,73
2023-05-09 22:58:09,ag2312C6300,ag2312C6300,239.5,0.0,0.0,0.0,1,233.5,236.0,1,239.5,0.0,0.0,0.0,0.0,0.0,73
2023-05-09 22:58:52,ag2312C6300,ag2312C6300,239.5,0.0,0.0,0.0,1,233.0,236.0,1,239.5,0.0,0.0,0.0,0.0,0.0,73
2023-05-09 23:00:06,ag2312C6300,ag2312C6300,239.5,0.0,0.0,0.0,1,233.0,235.5,1,239.5,0.0,0.0,0.0,0.0,0.0,73
2023-05-09 23:00:06,ag2312C6300,ag2312C6300,239.5,0.0,0.0,0.0,1,227.0,235.5,1,239.5,0.0,0.0,0.0,0.0,0.0,73
2023-05-09 23:00:07,ag2312C6300,ag2312C6300,239.5,0.0,0.0,0.0,1,232.5,235.5,1,239.5,0.0,0.0,0.0,0.0,0.0,73
2023-05-09 23:00:09,ag2312C6300,ag2312C6300,239.5,0.0,0.0,0.0,1,232.5,235.0,1,239.5,0.0,0.0,0.0,0.0,0.0,73
2023-05-09 23:00:10,ag2312C6300,ag2312C6300,239.5,0.0,0.0,0.0,1,227.0,235.0,1,239.5,0.0,0.0,0.0,0.0,0.0,73
2023-05-09 23:00:11,ag2312C6300,ag2312C6300,239.5,0.0,0.0,0.0,1,232.0,235.0,1,239.5,0.0,0.0,0.0,0.0,0.0,73
2023-05-09 23:00:21,ag2312C6300,ag2312C6300,239.5,0.0,0.0,0.0,1,232.5,235.0,1,239.5,0.0,0.0,0.0,0.0,0.0,73
2023-05-09 23:00:37,ag2312C6300,ag2312C6300,239.5,0.0,0.0,0.0,1,232.0,235.0,1,239.5,0.0,0.0,0.0,0.0,0.0,73
2023-05-09 23:00:49,ag2312C6300,ag2312C6300,239.5,0.0,0.0,0.0,1,232.5,235.0,1,239.5,0.0,0.0,0.0,0.0,0.0,73
2023-05-09 23:01:10,ag2312C6300,ag2312C6300,239.5,0.0,0.0,0.0,1,232.0,235.0,1,239.5,0.0,0.0,0.0,0.0,0.0,73
2023-05-09 23:02:00,ag2312C6300,ag2312C6300,239.5,0.0,0.0,0.0,1,231.0,234.5,1,239.5,0.0,0.0,0.0,0.0,0.0,73
2023-05-09 23:02:01,ag2312C6300,ag2312C6300,239.5,0.0,0.0,0.0,1,231.0,234.0,1,239.5,0.0,0.0,0.0,0.0,0.0,73
2023-05-09 23:02:08,ag2312C6300,ag2312C6300,239.5,0.0,0.0,0.0,1,231.5,234.0,1,239.5,0.0,0.0,0.0,0.0,0.0,73
2023-05-09 23:02:10,ag2312C6300,ag2312C6300,239.5,0.0,0.0,0.0,1,231.5,234.5,1,239.5,0.0,0.0,0.0,0.0,0.0,73
2023-05-09 23:02:28,ag2312C6300,ag2312C6300,239.5,0.0,0.0,0.0,1,231.5,234.0,1,239.5,0.0,0.0,0.0,0.0,0.0,73
2023-05-09 23:02:43,ag2312C6300,ag2312C6300,239.5,0.0,0.0,0.0,1,231.0,234.0,1,239.5,0.0,0.0,0.0,0.0,0.0,73
2023-05-09 23:02:58,ag2312C6300,ag2312C6300,239.5,0.0,0.0,0.0,1,231.0,233.5,1,239.5,0.0,0.0,0.0,0.0,0.0,73
2023-05-09 23:03:15,ag2312C6300,ag2312C6300,239.5,0.0,0.0,0.0,1,231.0,234.0,1,239.5,0.0,0.0,0.0,0.0,0.0,73
2023-05-09 23:03:52,ag2312C6300,ag2312C6300,239.5,0.0,0.0,0.0,1,231.5,234.0,1,239.5,0.0,0.0,0.0,0.0,0.0,73
2023-05-09 23:04:01,ag2312C6300,ag2312C6300,239.5,0.0,0.0,0.0,1,231.5,235.0,1,239.5,0.0,0.0,0.0,0.0,0.0,73
2023-05-09 23:04:03,ag2312C6300,ag2312C6300,239.5,0.0,0.0,0.0,1,231.5,234.5,1,239.5,0.0,0.0,0.0,0.0,0.0,73
2023-05-09 23:04:26,ag2312C6300,ag2312C6300,239.5,0.0,0.0,0.0,1,231.5,234.0,1,239.5,0.0,0.0,0.0,0.0,0.0,73
2023-05-09 23:04:40,ag2312C6300,ag2312C6300,239.5,0.0,0.0,0.0,1,231.0,234.0,1,239.5,0.0,0.0,0.0,0.0,0.0,73
2023-05-09 23:04:55,ag2312C6300,ag2312C6300,239.5,0.0,0.0,0.0,1,231.0,233.5,1,239.5,0.0,0.0,0.0,0.0,0.0,73
2023-05-09 23:05:19,ag2312C6300,ag2312C6300,239.5,0.0,0.0,0.0,1,231.0,234.0,1,239.5,0.0,0.0,0.0,0.0,0.0,73
2023-05-09 23:05:21,ag2312C6300,ag2312C6300,239.5,0.0,0.0,0.0,1,231.5,234.0,1,239.5,0.0,0.0,0.0,0.0,0.0,73
2023-05-09 23:06:05,ag2312C6300,ag2312C6300,239.5,0.0,0.0,0.0,1,231.0,234.0,1,239.5,0.0,0.0,0.0,0.0,0.0,73
2023-05-09 23:06:33,ag2312C6300,ag2312C6300,239.5,0.0,0.0,0.0,1,231.5,234.0,1,239.5,0.0,0.0,0.0,0.0,0.0,73
2023-05-09 23:06:35,ag2312C6300,ag2312C6300,239.5,0.0,0.0,0.0,1,231.5,234.5,1,239.5,0.0,0.0,0.0,0.0,0.0,73
2023-05-09 23:07:15,ag2312C6300,ag2312C6300,239.5,0.0,0.0,0.0,1,232.0,234.5,1,239.5,0.0,0.0,0.0,0.0,0.0,73
2023-05-09 23:07:26,ag2312C6300,ag2312C6300,239.5,0.0,0.0,0.0,1,232.0,235.5,1,239.5,0.0,0.0,0.0,0.0,0.0,73
2023-05-09 23:07:30,ag2312C6300,ag2312C6300,239.5,0.0,0.0,0.0,1,232.0,235.0,1,239.5,0.0,0.0,0.0,0.0,0.0,73
2023-05-09 23:07:57,ag2312C6300,ag2312C6300,239.5,0.0,0.0,0.0,1,232.5,235.0,1,239.5,0.0,0.0,0.0,0.0,0.0,73
2023-05-09 23:07:58,ag2312C6300,ag2312C6300,239.5,0.0,0.0,0.0,1,232.5,235.5,1,239.5,0.0,0.0,0.0,0.0,0.0,73
2023-05-09 23:08:17,ag2312C6300,ag2312C6300,239.5,0.0,0.0,0.0,1,233.0,235.5,1,239.5,0.0,0.0,0.0,0.0,0.0,73
2023-05-09 23:08:17,ag2312C6300,ag2312C6300,239.5,0.0,0.0,0.0,1,233.0,236.0,1,239.5,0.0,0.0,0.0,0.0,0.0,73
2023-05-09 23:09:25,ag2312C6300,ag2312C6300,239.5,0.0,0.0,0.0,1,232.5,235.5,1,239.5,0.0,0.0,0.0,0.0,0.0,73
2023-05-09 23:09:45,ag2312C6300,ag2312C6300,239.5,0.0,0.0,0.0,1,232.5,235.0,1,239.5,0.0,0.0,0.0,0.0,0.0,73
2023-05-09 23:09:45,ag2312C6300,ag2312C6300,239.5,0.0,0.0,0.0,1,231.5,235.0,1,239.5,0.0,0.0,0.0,0.0,0.0,73
2023-05-09 23:09:48,ag2312C6300,ag2312C6300,239.5,0.0,0.0,0.0,1,232.0,235.0,1,239.5,0.0,0.0,0.0,0.0,0.0,73
2023-05-09 23:10:23,ag2312C6300,ag2312C6300,239.5,0.0,0.0,0.0,1,232.5,235.0,1,239.5,0.0,0.0,0.0,0.0,0.0,73
2023-05-09 23:10:24,ag2312C6300,ag2312C6300,239.5,0.0,0.0,0.0,1,232.5,235.5,1,239.5,0.0,0.0,0.0,0.0,0.0,73
2023-05-09 23:11:52,ag2312C6300,ag2312C6300,239.5,0.0,0.0,0.0,1,233.0,235.5,1,239.5,0.0,0.0,0.0,0.0,0.0,73
2023-05-09 23:12:07,ag2312C6300,ag2312C6300,239.5,0.0,0.0,0.0,1,232.5,235.5,1,239.5,0.0,0.0,0.0,0.0,0.0,73
2023-05-09 23:13:37,ag2312C6300,ag2312C6300,239.5,0.0,0.0,0.0,1,232.5,235.0,1,239.5,0.0,0.0,0.0,0.0,0.0,73
2023-05-09 23:13:42,ag2312C6300,ag2312C6300,239.5,0.0,0.0,0.0,1,231.5,235.0,1,239.5,0.0,0.0,0.0,0.0,0.0,73
2023-05-09 23:14:16,ag2312C6300,ag2312C6300,239.5,0.0,0.0,0.0,1,232.0,235.0,1,239.5,0.0,0.0,0.0,0.0,0.0,73
2023-05-09 23:14:49,ag2312C6300,ag2312C6300,239.5,0.0,0.0,0.0,1,232.0,234.5,1,239.5,0.0,0.0,0.0,0.0,0.0,73
2023-05-09 23:14:53,ag2312C6300,ag2312C6300,239.5,0.0,0.0,0.0,1,231.5,234.5,1,239.5,0.0,0.0,0.0,0.0,0.0,73
2023-05-09 23:16:49,ag2312C6300,ag2312C6300,239.5,0.0,0.0,0.0,1,232.0,234.5,1,239.5,0.0,0.0,0.0,0.0,0.0,73
2023-05-09 23:17:57,ag2312C6300,ag2312C6300,239.5,0.0,0.0,0.0,1,231.5,234.5,1,239.5,0.0,0.0,0.0,0.0,0.0,73
2023-05-09 23:19:01,ag2312C6300,ag2312C6300,239.5,0.0,0.0,0.0,1,231.5,234.0,1,239.5,0.0,0.0,0.0,0.0,0.0,73
2023-05-09 23:19:01,ag2312C6300,ag2312C6300,239.5,0.0,0.0,0.0,1,227.0,234.0,1,239.5,0.0,0.0,0.0,0.0,0.0,73
2023-05-09 23:19:02,ag2312C6300,ag2312C6300,239.5,0.0,0.0,0.0,1,231.0,234.0,1,239.5,0.0,0.0,0.0,0.0,0.0,73
2023-05-09 23:19:33,ag2312C6300,ag2312C6300,239.5,0.0,0.0,0.0,1,231.5,234.0,1,239.5,0.0,0.0,0.0,0.0,0.0,73
2023-05-09 23:20:12,ag2312C6300,ag2312C6300,239.5,0.0,0.0,0.0,1,231.5,234.5,1,239.5,0.0,0.0,0.0,0.0,0.0,73
2023-05-09 23:20:16,ag2312C6300,ag2312C6300,239.5,0.0,0.0,0.0,1,232.0,235.0,1,239.5,0.0,0.0,0.0,0.0,0.0,73
2023-05-09 23:21:18,ag2312C6300,ag2312C6300,239.5,0.0,0.0,0.0,1,232.5,235.0,1,239.5,0.0,0.0,0.0,0.0,0.0,73
2023-05-09 23:21:42,ag2312C6300,ag2312C6300,239.5,0.0,0.0,0.0,1,232.5,236.0,1,239.5,0.0,0.0,0.0,0.0,0.0,73
2023-05-09 23:21:43,ag2312C6300,ag2312C6300,239.5,0.0,0.0,0.0,1,232.5,235.5,1,239.5,0.0,0.0,0.0,0.0,0.0,73
2023-05-09 23:23:03,ag2312C6300,ag2312C6300,239.5,0.0,0.0,0.0,1,232.0,235.0,1,239.5,0.0,0.0,0.0,0.0,0.0,73
2023-05-09 23:24:36,ag2312C6300,ag2312C6300,239.5,0.0,0.0,0.0,1,231.0,235.0,1,239.5,0.0,0.0,0.0,0.0,0.0,73
2023-05-09 23:24:39,ag2312C6300,ag2312C6300,239.5,0.0,0.0,0.0,1,231.5,235.0,1,239.5,0.0,0.0,0.0,0.0,0.0,73
2023-05-09 23:25:54,ag2312C6300,ag2312C6300,239.5,0.0,0.0,0.0,1,227.0,248.0,1,239.5,0.0,0.0,0.0,0.0,0.0,73
2023-05-09 23:26:28,ag2312C6300,ag2312C6300,239.5,0.0,0.0,0.0,1,120.0,0.0,0,239.5,0.0,0.0,0.0,0.0,0.0,73
2023-05-09 23:26:29,ag2312C6300,ag2312C6300,239.5,0.0,0.0,0.0,2,120.5,761.0,1,239.5,0.0,0.0,0.0,0.0,0.0,73
2023-05-09 23:26:29,ag2312C6300,ag2312C6300,239.5,0.0,0.0,0.0,2,120.5,760.5,2,239.5,0.0,0.0,0.0,0.0,0.0,73
2023-05-09 23:26:30,ag2312C6300,ag2312C6300,239.5,0.0,0.0,0.0,2,120.5,759.0,1,239.5,0.0,0.0,0.0,0.0,0.0,73
2023-05-09 23:26:30,ag2312C6300,ag2312C6300,239.5,0.0,0.0,0.0,2,127.0,759.0,1,239.5,0.0,0.0,0.0,0.0,0.0,73
2023-05-09 23:26:31,ag2312C6300,ag2312C6300,239.5,0.0,0.0,0.0,2,127.0,758.5,2,239.5,0.0,0.0,0.0,0.0,0.0,73
2023-05-09 23:26:31,ag2312C6300,ag2312C6300,239.5,0.0,0.0,0.0,2,127.5,757.0,1,239.5,0.0,0.0,0.0,0.0,0.0,73
2023-05-09 23:26:32,ag2312C6300,ag2312C6300,239.5,0.0,0.0,0.0,2,134.0,757.0,1,239.5,0.0,0.0,0.0,0.0,0.0,73
2023-05-09 23:26:32,ag2312C6300,ag2312C6300,239.5,0.0,0.0,0.0,2,134.0,756.5,2,239.5,0.0,0.0,0.0,0.0,0.0,73
2023-05-09 23:26:33,ag2312C6300,ag2312C6300,239.5,0.0,0.0,0.0,2,134.5,751.5,1,239.5,0.0,0.0,0.0,0.0,0.0,73
2023-05-09 23:26:33,ag2312C6300,ag2312C6300,239.5,0.0,0.0,0.0,2,141.0,750.0,1,239.5,0.0,0.0,0.0,0.0,0.0,73
2023-05-09 23:26:34,ag2312C6300,ag2312C6300,239.5,0.0,0.0,0.0,2,141.0,749.5,2,239.5,0.0,0.0,0.0,0.0,0.0,73
2023-05-09 23:26:34,ag2312C6300,ag2312C6300,239.5,0.0,0.0,0.0,2,141.5,749.5,2,239.5,0.0,0.0,0.0,0.0,0.0,73
2023-05-09 23:26:35,ag2312C6300,ag2312C6300,239.5,0.0,0.0,0.0,2,141.5,748.0,1,239.5,0.0,0.0,0.0,0.0,0.0,73
2023-05-09 23:26:35,ag2312C6300,ag2312C6300,239.5,0.0,0.0,0.0,2,141.5,748.0,1,239.5,0.0,0.0,0.0,0.0,0.0,73
2023-05-09 23:26:36,ag2312C6300,ag2312C6300,239.5,0.0,0.0,0.0,2,141.5,747.5,2,239.5,0.0,0.0,0.0,0.0,0.0,73
2023-05-09 23:26:36,ag2312C6300,ag2312C6300,239.5,0.0,0.0,0.0,2,141.5,746.0,1,239.5,0.0,0.0,0.0,0.0,0.0,73
2023-05-09 23:26:37,ag2312C6300,ag2312C6300,239.5,0.0,0.0,0.0,2,141.5,746.0,1,239.5,0.0,0.0,0.0,0.0,0.0,73
2023-05-09 23:26:37,ag2312C6300,ag2312C6300,239.5,0.0,0.0,0.0,2,141.5,745.5,2,239.5,0.0,0.0,0.0,0.0,0.0,73
2023-05-09 23:26:38,ag2312C6300,ag2312C6300,239.5,0.0,0.0,0.0,2,141.5,744.0,1,239.5,0.0,0.0,0.0,0.0,0.0,73
2023-05-09 23:26:38,ag2312C6300,ag2312C6300,239.5,0.0,0.0,0.0,2,141.5,744.0,1,239.5,0.0,0.0,0.0,0.0,0.0,73
2023-05-09 23:26:39,ag2312C6300,ag2312C6300,239.5,0.0,0.0,0.0,2,141.5,738.5,1,239.5,0.0,0.0,0.0,0.0,0.0,73
2023-05-09 23:26:39,ag2312C6300,ag2312C6300,239.5,0.0,0.0,0.0,2,141.5,737.0,1,239.5,0.0,0.0,0.0,0.0,0.0,73
2023-05-09 23:26:40,ag2312C6300,ag2312C6300,239.5,0.0,0.0,0.0,2,141.5,736.5,2,239.5,0.0,0.0,0.0,0.0,0.0,73
2023-05-09 23:26:40,ag2312C6300,ag2312C6300,239.5,0.0,0.0,0.0,2,141.5,735.0,1,239.5,0.0,0.0,0.0,0.0,0.0,73
2023-05-09 23:26:41,ag2312C6300,ag2312C6300,239.5,0.0,0.0,0.0,2,141.5,735.0,1,239.5,0.0,0.0,0.0,0.0,0.0,73
2023-05-09 23:26:41,ag2312C6300,ag2312C6300,239.5,0.0,0.0,0.0,2,141.5,734.5,2,239.5,0.0,0.0,0.0,0.0,0.0,73
2023-05-09 23:26:42,ag2312C6300,ag2312C6300,239.5,0.0,0.0,0.0,2,141.5,729.5,1,239.5,0.0,0.0,0.0,0.0,0.0,73
2023-05-09 23:26:42,ag2312C6300,ag2312C6300,239.5,0.0,0.0,0.0,2,148.0,728.0,1,239.5,0.0,0.0,0.0,0.0,0.0,73
2023-05-09 23:26:43,ag2312C6300,ag2312C6300,239.5,0.0,0.0,0.0,2,148.0,727.5,2,239.5,0.0,0.0,0.0,0.0,0.0,73
2023-05-09 23:26:43,ag2312C6300,ag2312C6300,239.5,0.0,0.0,0.0,2,148.5,726.0,1,239.5,0.0,0.0,0.0,0.0,0.0,73
2023-05-09 23:26:44,ag2312C6300,ag2312C6300,239.5,0.0,0.0,0.0,2,155.0,726.0,1,239.5,0.0,0.0,0.0,0.0,0.0,73
2023-05-09 23:26:44,ag2312C6300,ag2312C6300,239.5,0.0,0.0,0.0,2,155.0,725.5,2,239.5,0.0,0.0,0.0,0.0,0.0,73
2023-05-09 23:26:45,ag2312C6300,ag2312C6300,239.5,0.0,0.0,0.0,2,155.5,724.0,1,239.5,0.0,0.0,0.0,0.0,0.0,73
2023-05-09 23:26:45,ag2312C6300,ag2312C6300,239.5,0.0,0.0,0.0,2,155.5,720.0,1,239.5,0.0,0.0,0.0,0.0,0.0,73
2023-05-09 23:26:46,ag2312C6300,ag2312C6300,239.5,0.0,0.0,0.0,2,159.0,718.5,1,239.5,0.0,0.0,0.0,0.0,0.0,73
2023-05-09 23:26:46,ag2312C6300,ag2312C6300,239.5,0.0,0.0,0.0,2,159.0,718.5,1,239.5,0.0,0.0,0.0,0.0,0.0,73
2023-05-09 23:26:47,ag2312C6300,ag2312C6300,239.5,0.0,0.0,0.0,2,159.5,718.0,2,239.5,0.0,0.0,0.0,0.0,0.0,73
2023-05-09 23:26:47,ag2312C6300,ag2312C6300,239.5,0.0,0.0,0.0,2,159.5,716.5,1,239.5,0.0,0.0,0.0,0.0,0.0,73
2023-05-09 23:26:48,ag2312C6300,ag2312C6300,239.5,0.0,0.0,0.0,2,159.5,716.5,1,239.5,0.0,0.0,0.0,0.0,0.0,73
2023-05-09 23:26:48,ag2312C6300,ag2312C6300,239.5,0.0,0.0,0.0,2,159.5,716.0,2,239.5,0.0,0.0,0.0,0.0,0.0,73
2023-05-09 23:26:49,ag2312C6300,ag2312C6300,239.5,0.0,0.0,0.0,2,159.5,714.5,1,239.5,0.0,0.0,0.0,0.0,0.0,73
2023-05-09 23:26:49,ag2312C6300,ag2312C6300,239.5,0.0,0.0,0.0,2,159.5,714.5,1,239.5,0.0,0.0,0.0,0.0,0.0,73
2023-05-09 23:26:50,ag2312C6300,ag2312C6300,239.5,0.0,0.0,0.0,2,159.5,710.5,1,239.5,0.0,0.0,0.0,0.0,0.0,73
2023-05-09 23:26:50,ag2312C6300,ag2312C6300,239.5,0.0,0.0,0.0,2,159.5,709.0,1,239.5,0.0,0.0,0.0,0.0,0.0,73
2023-05-09 23:26:51,ag2312C6300,ag2312C6300,239.5,0.0,0.0,0.0,2,159.5,708.5,2,239.5,0.0,0.0,0.0,0.0,0.0,73
2023-05-09 23:26:51,ag2312C6300,ag2312C6300,239.5,0.0,0.0,0.0,2,159.5,707.0,1,239.5,0.0,0.0,0.0,0.0,0.0,73
2023-05-09 23:26:52,ag2312C6300,ag2312C6300,239.5,0.0,0.0,0.0,2,159.5,707.0,1,239.5,0.0,0.0,0.0,0.0,0.0,73
2023-05-09 23:26:52,ag2312C6300,ag2312C6300,239.5,0.0,0.0,0.0,2,159.5,706.5,2,239.5,0.0,0.0,0.0,0.0,0.0,73
2023-05-09 23:26:53,ag2312C6300,ag2312C6300,239.5,0.0,0.0,0.0,2,159.5,705.0,1,239.5,0.0,0.0,0.0,0.0,0.0,73
2023-05-09 23:26:53,ag2312C6300,ag2312C6300,239.5,0.0,0.0,0.0,2,159.5,705.0,1,239.5,0.0,0.0,0.0,0.0,0.0,73
2023-05-09 23:26:54,ag2312C6300,ag2312C6300,239.5,0.0,0.0,0.0,2,159.5,704.5,2,239.5,0.0,0.0,0.0,0.0,0.0,73
2023-05-09 23:26:54,ag2312C6300,ag2312C6300,239.5,0.0,0.0,0.0,2,159.5,703.0,1,239.5,0.0,0.0,0.0,0.0,0.0,73
2023-05-09 23:26:55,ag2312C6300,ag2312C6300,239.5,0.0,0.0,0.0,2,159.5,703.0,1,239.5,0.0,0.0,0.0,0.0,0.0,73
2023-05-09 23:26:55,ag2312C6300,ag2312C6300,239.5,0.0,0.0,0.0,2,159.5,702.5,2,239.5,0.0,0.0,0.0,0.0,0.0,73
2023-05-09 23:26:56,ag2312C6300,ag2312C6300,239.5,0.0,0.0,0.0,2,159.5,701.0,1,239.5,0.0,0.0,0.0,0.0,0.0,73
2023-05-09 23:26:56,ag2312C6300,ag2312C6300,239.5,0.0,0.0,0.0,2,159.5,701.0,1,239.5,0.0,0.0,0.0,0.0,0.0,73
2023-05-09 23:26:57,ag2312C6300,ag2312C6300,239.5,0.0,0.0,0.0,2,159.5,700.5,2,239.5,0.0,0.0,0.0,0.0,0.0,73
2023-05-09 23:26:57,ag2312C6300,ag2312C6300,239.5,0.0,0.0,0.0,2,159.5,699.0,1,239.5,0.0,0.0,0.0,0.0,0.0,73
2023-05-09 23:26:58,ag2312C6300,ag2312C6300,239.5,0.0,0.0,0.0,2,159.5,699.0,1,239.5,0.0,0.0,0.0,0.0,0.0,73
2023-05-09 23:26:58,ag2312C6300,ag2312C6300,239.5,0.0,0.0,0.0,2,159.5,693.5,1,239.5,0.0,0.0,0.0,0.0,0.0,73
2023-05-09 23:26:59,ag2312C6300,ag2312C6300,239.5,0.0,0.0,0.0,2,159.5,692.0,1,239.5,0.0,0.0,0.0,0.0,0.0,73
2023-05-09 23:26:59,ag2312C6300,ag2312C6300,239.5,0.0,0.0,0.0,2,159.5,691.5,2,239.5,0.0,0.0,0.0,0.0,0.0,73
2023-05-09 23:27:00,ag2312C6300,ag2312C6300,239.5,0.0,0.0,0.0,2,159.5,690.0,1,239.5,0.0,0.0,0.0,0.0,0.0,73
2023-05-09 23:27:00,ag2312C6300,ag2312C6300,239.5,0.0,0.0,0.0,2,159.5,690.0,1,239.5,0.0,0.0,0.0,0.0,0.0,73
2023-05-09 23:27:01,ag2312C6300,ag2312C6300,239.5,0.0,0.0,0.0,2,159.5,689.5,2,239.5,0.0,0.0,0.0,0.0,0.0,73
2023-05-09 23:27:01,ag2312C6300,ag2312C6300,239.5,0.0,0.0,0.0,2,159.5,688.0,1,239.5,0.0,0.0,0.0,0.0,0.0,73
2023-05-09 23:27:02,ag2312C6300,ag2312C6300,239.5,0.0,0.0,0.0,2,159.5,688.0,1,239.5,0.0,0.0,0.0,0.0,0.0,73
2023-05-09 23:27:02,ag2312C6300,ag2312C6300,239.5,0.0,0.0,0.0,2,159.5,687.5,2,239.5,0.0,0.0,0.0,0.0,0.0,73
2023-05-09 23:27:03,ag2312C6300,ag2312C6300,239.5,0.0,0.0,0.0,2,159.5,682.5,1,239.5,0.0,0.0,0.0,0.0,0.0,73
2023-05-09 23:27:03,ag2312C6300,ag2312C6300,239.5,0.0,0.0,0.0,2,159.5,681.0,1,239.5,0.0,0.0,0.0,0.0,0.0,73
2023-05-09 23:27:04,ag2312C6300,ag2312C6300,239.5,0.0,0.0,0.0,2,159.5,680.5,2,239.5,0.0,0.0,0.0,0.0,0.0,73
2023-05-09 23:27:04,ag2312C6300,ag2312C6300,239.5,0.0,0.0,0.0,2,160.0,679.0,1,239.5,0.0,0.0,0.0,0.0,0.0,73
2023-05-09 23:27:05,ag2312C6300,ag2312C6300,239.5,0.0,0.0,0.0,2,160.0,679.0,1,239.5,0.0,0.0,0.0,0.0,0.0,73
2023-05-09 23:27:05,ag2312C6300,ag2312C6300,239.5,0.0,0.0,0.0,2,160.5,678.5,2,239.5,0.0,0.0,0.0,0.0,0.0,73
2023-05-09 23:27:06,ag2312C6300,ag2312C6300,239.5,0.0,0.0,0.0,2,160.5,677.0,1,239.5,0.0,0.0,0.0,0.0,0.0,73
2023-05-09 23:27:06,ag2312C6300,ag2312C6300,239.5,0.0,0.0,0.0,2,160.5,677.0,1,239.5,0.0,0.0,0.0,0.0,0.0,73
2023-05-09 23:27:07,ag2312C6300,ag2312C6300,239.5,0.0,0.0,0.0,2,160.5,673.0,1,239.5,0.0,0.0,0.0,0.0,0.0,73
2023-05-09 23:27:07,ag2312C6300,ag2312C6300,239.5,0.0,0.0,0.0,2,160.5,671.5,1,239.5,0.0,0.0,0.0,0.0,0.0,73
2023-05-09 23:27:08,ag2312C6300,ag2312C6300,239.5,0.0,0.0,0.0,2,160.5,671.0,2,239.5,0.0,0.0,0.0,0.0,0.0,73
2023-05-09 23:27:08,ag2312C6300,ag2312C6300,239.5,0.0,0.0,0.0,2,160.5,669.5,1,239.5,0.0,0.0,0.0,0.0,0.0,73
2023-05-09 23:27:09,ag2312C6300,ag2312C6300,239.5,0.0,0.0,0.0,2,160.5,669.5,1,239.5,0.0,0.0,0.0,0.0,0.0,73
2023-05-09 23:27:09,ag2312C6300,ag2312C6300,239.5,0.0,0.0,0.0,2,160.5,669.0,2,239.5,0.0,0.0,0.0,0.0,0.0,73
2023-05-09 23:27:10,ag2312C6300,ag2312C6300,239.5,0.0,0.0,0.0,2,160.5,667.5,1,239.5,0.0,0.0,0.0,0.0,0.0,73
2023-05-09 23:27:10,ag2312C6300,ag2312C6300,239.5,0.0,0.0,0.0,2,160.5,664.0,1,239.5,0.0,0.0,0.0,0.0,0.0,73
2023-05-09 23:27:11,ag2312C6300,ag2312C6300,239.5,0.0,0.0,0.0,2,160.5,662.5,1,239.5,0.0,0.0,0.0,0.0,0.0,73
2023-05-09 23:27:11,ag2312C6300,ag2312C6300,239.5,0.0,0.0,0.0,2,160.5,662.5,1,239.5,0.0,0.0,0.0,0.0,0.0,73
2023-05-09 23:27:12,ag2312C6300,ag2312C6300,239.5,0.0,0.0,0.0,2,160.5,662.0,2,239.5,0.0,0.0,0.0,0.0,0.0,73
2023-05-09 23:27:12,ag2312C6300,ag2312C6300,239.5,0.0,0.0,0.0,2,160.5,660.5,1,239.5,0.0,0.0,0.0,0.0,0.0,73
2023-05-09 23:27:13,ag2312C6300,ag2312C6300,239.5,0.0,0.0,0.0,2,160.5,660.5,1,239.5,0.0,0.0,0.0,0.0,0.0,73
2023-05-09 23:27:13,ag2312C6300,ag2312C6300,239.5,0.0,0.0,0.0,2,160.5,660.0,2,239.5,0.0,0.0,0.0,0.0,0.0,73
2023-05-09 23:27:14,ag2312C6300,ag2312C6300,239.5,0.0,0.0,0.0,2,160.5,658.5,1,239.5,0.0,0.0,0.0,0.0,0.0,73
2023-05-09 23:27:14,ag2312C6300,ag2312C6300,239.5,0.0,0.0,0.0,2,160.5,658.5,1,239.5,0.0,0.0,0.0,0.0,0.0,73
2023-05-09 23:27:15,ag2312C6300,ag2312C6300,239.5,0.0,0.0,0.0,2,160.5,654.5,1,239.5,0.0,0.0,0.0,0.0,0.0,73
2023-05-09 23:27:15,ag2312C6300,ag2312C6300,239.5,0.0,0.0,0.0,2,160.5,653.0,1,239.5,0.0,0.0,0.0,0.0,0.0,73
2023-05-09 23:27:16,ag2312C6300,ag2312C6300,239.5,0.0,0.0,0.0,2,160.5,652.5,2,239.5,0.0,0.0,0.0,0.0,0.0,73
2023-05-09 23:27:16,ag2312C6300,ag2312C6300,239.5,0.0,0.0,0.0,2,160.5,651.0,1,239.5,0.0,0.0,0.0,0.0,0.0,73
2023-05-09 23:27:17,ag2312C6300,ag2312C6300,239.5,0.0,0.0,0.0,2,160.5,651.0,1,239.5,0.0,0.0,0.0,0.0,0.0,73
2023-05-09 23:27:17,ag2312C6300,ag2312C6300,239.5,0.0,0.0,0.0,2,160.5,650.5,2,239.5,0.0,0.0,0.0,0.0,0.0,73
2023-05-09 23:27:18,ag2312C6300,ag2312C6300,239.5,0.0,0.0,0.0,2,160.5,645.5,1,239.5,0.0,0.0,0.0,0.0,0.0,73
2023-05-09 23:27:18,ag2312C6300,ag2312C6300,239.5,0.0,0.0,0.0,2,160.5,644.0,1,239.5,0.0,0.0,0.0,0.0,0.0,73
2023-05-09 23:27:19,ag2312C6300,ag2312C6300,239.5,0.0,0.0,0.0,2,160.5,643.5,2,239.5,0.0,0.0,0.0,0.0,0.0,73
2023-05-09 23:27:19,ag2312C6300,ag2312C6300,239.5,0.0,0.0,0.0,2,160.5,642.0,1,239.5,0.0,0.0,0.0,0.0,0.0,73
2023-05-09 23:27:20,ag2312C6300,ag2312C6300,239.5,0.0,0.0,0.0,2,160.5,642.0,1,239.5,0.0,0.0,0.0,0.0,0.0,73
2023-05-09 23:27:20,ag2312C6300,ag2312C6300,239.5,0.0,0.0,0.0,2,161.0,641.5,2,239.5,0.0,0.0,0.0,0.0,0.0,73
2023-05-09 23:27:21,ag2312C6300,ag2312C6300,239.5,0.0,0.0,0.0,2,161.0,640.0,1,239.5,0.0,0.0,0.0,0.0,0.0,73
2023-05-09 23:27:21,ag2312C6300,ag2312C6300,239.5,0.0,0.0,0.0,2,161.5,636.5,1,239.5,0.0,0.0,0.0,0.0,0.0,73
2023-05-09 23:27:22,ag2312C6300,ag2312C6300,239.5,0.0,0.0,0.0,2,162.0,635.0,1,239.5,0.0,0.0,0.0,0.0,0.0,73
2023-05-09 23:27:23,ag2312C6300,ag2312C6300,239.5,0.0,0.0,0.0,2,162.0,635.0,1,239.5,0.0,0.0,0.0,0.0,0.0,73
2023-05-09 23:27:23,ag2312C6300,ag2312C6300,239.5,0.0,0.0,0.0,2,162.5,634.5,2,239.5,0.0,0.0,0.0,0.0,0.0,73
2023-05-09 23:27:24,ag2312C6300,ag2312C6300,239.5,0.0,0.0,0.0,2,163.0,633.0,1,239.5,0.0,0.0,0.0,0.0,0.0,73
2023-05-09 23:27:24,ag2312C6300,ag2312C6300,239.5,0.0,0.0,0.0,2,163.0,633.0,1,239.5,0.0,0.0,0.0,0.0,0.0,73
2023-05-09 23:27:25,ag2312C6300,ag2312C6300,239.5,0.0,0.0,0.0,2,163.5,632.5,2,239.5,0.0,0.0,0.0,0.0,0.0,73
2023-05-09 23:27:25,ag2312C6300,ag2312C6300,239.5,0.0,0.0,0.0,2,164.0,631.0,1,239.5,0.0,0.0,0.0,0.0,0.0,73
2023-05-09 23:27:26,ag2312C6300,ag2312C6300,239.5,0.0,0.0,0.0,2,164.0,631.0,1,239.5,0.0,0.0,0.0,0.0,0.0,73
2023-05-09 23:27:26,ag2312C6300,ag2312C6300,239.5,0.0,0.0,0.0,2,164.5,625.5,1,239.5,0.0,0.0,0.0,0.0,0.0,73
2023-05-09 23:27:27,ag2312C6300,ag2312C6300,239.5,0.0,0.0,0.0,2,165.0,624.0,1,239.5,0.0,0.0,0.0,0.0,0.0,73
2023-05-09 23:27:27,ag2312C6300,ag2312C6300,239.5,0.0,0.0,0.0,2,165.0,623.5,2,239.5,0.0,0.0,0.0,0.0,0.0,73
2023-05-09 23:27:28,ag2312C6300,ag2312C6300,239.5,0.0,0.0,0.0,2,165.5,622.0,1,239.5,0.0,0.0,0.0,0.0,0.0,73
2023-05-09 23:27:28,ag2312C6300,ag2312C6300,239.5,0.0,0.0,0.0,2,165.5,622.0,1,239.5,0.0,0.0,0.0,0.0,0.0,73
2023-05-09 23:27:29,ag2312C6300,ag2312C6300,239.5,0.0,0.0,0.0,2,165.5,621.5,2,239.5,0.0,0.0,0.0,0.0,0.0,73
2023-05-09 23:27:29,ag2312C6300,ag2312C6300,239.5,0.0,0.0,0.0,2,165.5,620.0,1,239.5,0.0,0.0,0.0,0.0,0.0,73
2023-05-09 23:27:30,ag2312C6300,ag2312C6300,239.5,0.0,0.0,0.0,2,165.5,616.5,1,239.5,0.0,0.0,0.0,0.0,0.0,73
2023-05-09 23:27:30,ag2312C6300,ag2312C6300,239.5,0.0,0.0,0.0,2,165.5,615.0,1,239.5,0.0,0.0,0.0,0.0,0.0,73
2023-05-09 23:27:31,ag2312C6300,ag2312C6300,239.5,0.0,0.0,0.0,2,165.5,615.0,1,239.5,0.0,0.0,0.0,0.0,0.0,73
2023-05-09 23:27:31,ag2312C6300,ag2312C6300,239.5,0.0,0.0,0.0,2,165.5,614.5,2,239.5,0.0,0.0,0.0,0.0,0.0,73
2023-05-09 23:27:32,ag2312C6300,ag2312C6300,239.5,0.0,0.0,0.0,2,165.5,613.0,1,239.5,0.0,0.0,0.0,0.0,0.0,73
2023-05-09 23:27:32,ag2312C6300,ag2312C6300,239.5,0.0,0.0,0.0,2,165.5,613.0,1,239.5,0.0,0.0,0.0,0.0,0.0,73
2023-05-09 23:27:33,ag2312C6300,ag2312C6300,239.5,0.0,0.0,0.0,2,165.5,609.0,1,239.5,0.0,0.0,0.0,0.0,0.0,73
2023-05-09 23:27:33,ag2312C6300,ag2312C6300,239.5,0.0,0.0,0.0,2,165.5,607.5,1,239.5,0.0,0.0,0.0,0.0,0.0,73
2023-05-09 23:27:34,ag2312C6300,ag2312C6300,239.5,0.0,0.0,0.0,2,165.5,607.0,2,239.5,0.0,0.0,0.0,0.0,0.0,73
2023-05-09 23:27:34,ag2312C6300,ag2312C6300,239.5,0.0,0.0,0.0,2,165.5,605.5,1,239.5,0.0,0.0,0.0,0.0,0.0,73
2023-05-09 23:27:35,ag2312C6300,ag2312C6300,239.5,0.0,0.0,0.0,2,165.5,605.5,1,239.5,0.0,0.0,0.0,0.0,0.0,73
2023-05-09 23:27:35,ag2312C6300,ag2312C6300,239.5,0.0,0.0,0.0,2,165.5,605.0,2,239.5,0.0,0.0,0.0,0.0,0.0,73
2023-05-09 23:27:36,ag2312C6300,ag2312C6300,239.5,0.0,0.0,0.0,2,165.5,603.5,1,239.5,0.0,0.0,0.0,0.0,0.0,73
2023-05-09 23:27:36,ag2312C6300,ag2312C6300,239.5,0.0,0.0,0.0,2,165.5,599.5,1,239.5,0.0,0.0,0.0,0.0,0.0,73
2023-05-09 23:27:37,ag2312C6300,ag2312C6300,239.5,0.0,0.0,0.0,2,165.5,598.0,1,239.5,0.0,0.0,0.0,0.0,0.0,73
2023-05-09 23:27:37,ag2312C6300,ag2312C6300,239.5,0.0,0.0,0.0,2,165.5,598.0,1,239.5,0.0,0.0,0.0,0.0,0.0,73
2023-05-09 23:27:38,ag2312C6300,ag2312C6300,239.5,0.0,0.0,0.0,2,165.5,597.5,2,239.5,0.0,0.0,0.0,0.0,0.0,73
2023-05-09 23:27:38,ag2312C6300,ag2312C6300,239.5,0.0,0.0,0.0,2,165.5,596.0,1,239.5,0.0,0.0,0.0,0.0,0.0,73
2023-05-09 23:27:39,ag2312C6300,ag2312C6300,239.5,0.0,0.0,0.0,2,165.5,596.0,1,239.5,0.0,0.0,0.0,0.0,0.0,73
2023-05-09 23:27:39,ag2312C6300,ag2312C6300,239.5,0.0,0.0,0.0,2,165.5,595.5,2,239.5,0.0,0.0,0.0,0.0,0.0,73
2023-05-09 23:27:40,ag2312C6300,ag2312C6300,239.5,0.0,0.0,0.0,2,165.5,594.0,1,239.5,0.0,0.0,0.0,0.0,0.0,73
2023-05-09 23:27:40,ag2312C6300,ag2312C6300,239.5,0.0,0.0,0.0,2,165.5,594.0,1,239.5,0.0,0.0,0.0,0.0,0.0,73
2023-05-09 23:27:41,ag2312C6300,ag2312C6300,239.5,0.0,0.0,0.0,2,165.5,593.5,2,239.5,0.0,0.0,0.0,0.0,0.0,73
2023-05-09 23:27:41,ag2312C6300,ag2312C6300,239.5,0.0,0.0,0.0,2,165.5,592.0,1,239.5,0.0,0.0,0.0,0.0,0.0,73
2023-05-09 23:27:42,ag2312C6300,ag2312C6300,239.5,0.0,0.0,0.0,2,165.5,592.0,1,239.5,0.0,0.0,0.0,0.0,0.0,73
2023-05-09 23:27:42,ag2312C6300,ag2312C6300,239.5,0.0,0.0,0.0,2,165.5,586.5,1,239.5,0.0,0.0,0.0,0.0,0.0,73
2023-05-09 23:27:43,ag2312C6300,ag2312C6300,239.5,0.0,0.0,0.0,2,165.5,585.0,1,239.5,0.0,0.0,0.0,0.0,0.0,73
2023-05-09 23:27:43,ag2312C6300,ag2312C6300,239.5,0.0,0.0,0.0,2,165.5,584.5,2,239.5,0.0,0.0,0.0,0.0,0.0,73
2023-05-09 23:27:44,ag2312C6300,ag2312C6300,239.5,0.0,0.0,0.0,2,165.5,583.0,1,239.5,0.0,0.0,0.0,0.0,0.0,73
2023-05-09 23:27:44,ag2312C6300,ag2312C6300,239.5,0.0,0.0,0.0,2,165.5,583.0,1,239.5,0.0,0.0,0.0,0.0,0.0,73
2023-05-09 23:27:45,ag2312C6300,ag2312C6300,239.5,0.0,0.0,0.0,2,165.5,582.5,2,239.5,0.0,0.0,0.0,0.0,0.0,73
2023-05-09 23:27:45,ag2312C6300,ag2312C6300,239.5,0.0,0.0,0.0,2,165.5,581.0,1,239.5,0.0,0.0,0.0,0.0,0.0,73
2023-05-09 23:27:46,ag2312C6300,ag2312C6300,239.5,0.0,0.0,0.0,2,165.5,581.0,1,239.5,0.0,0.0,0.0,0.0,0.0,73
2023-05-09 23:27:46,ag2312C6300,ag2312C6300,239.5,0.0,0.0,0.0,2,165.5,580.5,2,239.5,0.0,0.0,0.0,0.0,0.0,73
2023-05-09 23:27:47,ag2312C6300,ag2312C6300,239.5,0.0,0.0,0.0,2,165.5,579.0,1,239.5,0.0,0.0,0.0,0.0,0.0,73
2023-05-09 23:27:47,ag2312C6300,ag2312C6300,239.5,0.0,0.0,0.0,2,165.5,575.5,1,239.5,0.0,0.0,0.0,0.0,0.0,73
2023-05-09 23:27:48,ag2312C6300,ag2312C6300,239.5,0.0,0.0,0.0,2,165.5,574.0,1,239.5,0.0,0.0,0.0,0.0,0.0,73
2023-05-09 23:27:48,ag2312C6300,ag2312C6300,239.5,0.0,0.0,0.0,2,165.5,574.0,1,239.5,0.0,0.0,0.0,0.0,0.0,73
2023-05-09 23:27:49,ag2312C6300,ag2312C6300,239.5,0.0,0.0,0.0,2,165.5,573.5,2,239.5,0.0,0.0,0.0,0.0,0.0,73
2023-05-09 23:27:49,ag2312C6300,ag2312C6300,239.5,0.0,0.0,0.0,2,165.5,572.0,1,239.5,0.0,0.0,0.0,0.0,0.0,73
2023-05-09 23:27:50,ag2312C6300,ag2312C6300,239.5,0.0,0.0,0.0,2,165.5,572.0,1,239.5,0.0,0.0,0.0,0.0,0.0,73
2023-05-09 23:27:50,ag2312C6300,ag2312C6300,239.5,0.0,0.0,0.0,2,165.5,571.5,2,239.5,0.0,0.0,0.0,0.0,0.0,73
2023-05-09 23:27:51,ag2312C6300,ag2312C6300,239.5,0.0,0.0,0.0,2,165.5,570.0,1,239.5,0.0,0.0,0.0,0.0,0.0,73
2023-05-09 23:27:51,ag2312C6300,ag2312C6300,239.5,0.0,0.0,0.0,2,165.5,570.0,1,239.5,0.0,0.0,0.0,0.0,0.0,73
2023-05-09 23:27:52,ag2312C6300,ag2312C6300,239.5,0.0,0.0,0.0,2,165.5,569.5,2,239.5,0.0,0.0,0.0,0.0,0.0,73
2023-05-09 23:27:52,ag2312C6300,ag2312C6300,239.5,0.0,0.0,0.0,2,165.5,568.0,1,239.5,0.0,0.0,0.0,0.0,0.0,73
2023-05-09 23:27:53,ag2312C6300,ag2312C6300,239.5,0.0,0.0,0.0,2,165.5,564.5,1,239.5,0.0,0.0,0.0,0.0,0.0,73
2023-05-09 23:27:53,ag2312C6300,ag2312C6300,239.5,0.0,0.0,0.0,2,165.5,563.0,1,239.5,0.0,0.0,0.0,0.0,0.0,73
2023-05-09 23:27:54,ag2312C6300,ag2312C6300,239.5,0.0,0.0,0.0,2,165.5,563.0,1,239.5,0.0,0.0,0.0,0.0,0.0,73
2023-05-09 23:27:54,ag2312C6300,ag2312C6300,239.5,0.0,0.0,0.0,2,165.5,562.5,2,239.5,0.0,0.0,0.0,0.0,0.0,73
2023-05-09 23:27:55,ag2312C6300,ag2312C6300,239.5,0.0,0.0,0.0,2,165.5,561.0,1,239.5,0.0,0.0,0.0,0.0,0.0,73
2023-05-09 23:27:55,ag2312C6300,ag2312C6300,239.5,0.0,0.0,0.0,2,165.5,561.0,1,239.5,0.0,0.0,0.0,0.0,0.0,73
2023-05-09 23:27:56,ag2312C6300,ag2312C6300,239.5,0.0,0.0,0.0,2,165.5,555.5,1,239.5,0.0,0.0,0.0,0.0,0.0,73
2023-05-09 23:27:56,ag2312C6300,ag2312C6300,239.5,0.0,0.0,0.0,2,165.5,554.0,1,239.5,0.0,0.0,0.0,0.0,0.0,73
2023-05-09 23:27:57,ag2312C6300,ag2312C6300,239.5,0.0,0.0,0.0,2,165.5,553.5,2,239.5,0.0,0.0,0.0,0.0,0.0,73
2023-05-09 23:27:57,ag2312C6300,ag2312C6300,239.5,0.0,0.0,0.0,2,165.5,552.0,1,239.5,0.0,0.0,0.0,0.0,0.0,73
2023-05-09 23:27:58,ag2312C6300,ag2312C6300,239.5,0.0,0.0,0.0,2,165.5,552.0,1,239.5,0.0,0.0,0.0,0.0,0.0,73
2023-05-09 23:27:58,ag2312C6300,ag2312C6300,239.5,0.0,0.0,0.0,2,165.5,551.5,2,239.5,0.0,0.0,0.0,0.0,0.0,73
2023-05-09 23:27:59,ag2312C6300,ag2312C6300,239.5,0.0,0.0,0.0,2,165.5,550.0,1,239.5,0.0,0.0,0.0,0.0,0.0,73
2023-05-09 23:27:59,ag2312C6300,ag2312C6300,239.5,0.0,0.0,0.0,2,165.5,550.0,1,239.5,0.0,0.0,0.0,0.0,0.0,73
2023-05-09 23:28:00,ag2312C6300,ag2312C6300,239.5,0.0,0.0,0.0,2,165.5,546.0,1,239.5,0.0,0.0,0.0,0.0,0.0,73
2023-05-09 23:28:00,ag2312C6300,ag2312C6300,239.5,0.0,0.0,0.0,2,165.5,544.5,1,239.5,0.0,0.0,0.0,0.0,0.0,73
2023-05-09 23:28:01,ag2312C6300,ag2312C6300,239.5,0.0,0.0,0.0,2,165.5,544.0,2,239.5,0.0,0.0,0.0,0.0,0.0,73
2023-05-09 23:28:01,ag2312C6300,ag2312C6300,239.5,0.0,0.0,0.0,2,165.5,542.5,1,239.5,0.0,0.0,0.0,0.0,0.0,73
2023-05-09 23:28:02,ag2312C6300,ag2312C6300,239.5,0.0,0.0,0.0,2,165.5,542.5,1,239.5,0.0,0.0,0.0,0.0,0.0,73
2023-05-09 23:28:02,ag2312C6300,ag2312C6300,239.5,0.0,0.0,0.0,2,165.5,542.0,2,239.5,0.0,0.0,0.0,0.0,0.0,73
2023-05-09 23:28:03,ag2312C6300,ag2312C6300,239.5,0.0,0.0,0.0,2,165.5,540.5,1,239.5,0.0,0.0,0.0,0.0,0.0,73
2023-05-09 23:28:03,ag2312C6300,ag2312C6300,239.5,0.0,0.0,0.0,2,165.5,540.5,1,239.5,0.0,0.0,0.0,0.0,0.0,73
2023-05-09 23:28:04,ag2312C6300,ag2312C6300,239.5,0.0,0.0,0.0,2,165.5,540.0,2,239.5,0.0,0.0,0.0,0.0,0.0,73
2023-05-09 23:28:04,ag2312C6300,ag2312C6300,239.5,0.0,0.0,0.0,2,165.5,535.0,1,239.5,0.0,0.0,0.0,0.0,0.0,73
2023-05-09 23:28:05,ag2312C6300,ag2312C6300,239.5,0.0,0.0,0.0,2,165.5,533.5,1,239.5,0.0,0.0,0.0,0.0,0.0,73
2023-05-09 23:28:05,ag2312C6300,ag2312C6300,239.5,0.0,0.0,0.0,2,165.5,533.0,2,239.5,0.0,0.0,0.0,0.0,0.0,73
2023-05-09 23:28:06,ag2312C6300,ag2312C6300,239.5,0.0,0.0,0.0,2,165.5,531.5,1,239.5,0.0,0.0,0.0,0.0,0.0,73
2023-05-09 23:28:06,ag2312C6300,ag2312C6300,239.5,0.0,0.0,0.0,2,165.5,531.5,1,239.5,0.0,0.0,0.0,0.0,0.0,73
2023-05-09 23:28:07,ag2312C6300,ag2312C6300,239.5,0.0,0.0,0.0,2,165.5,531.0,2,239.5,0.0,0.0,0.0,0.0,0.0,73
2023-05-09 23:28:07,ag2312C6300,ag2312C6300,239.5,0.0,0.0,0.0,2,165.5,529.5,1,239.5,0.0,0.0,0.0,0.0,0.0,73
2023-05-09 23:28:08,ag2312C6300,ag2312C6300,239.5,0.0,0.0,0.0,2,165.5,526.0,1,239.5,0.0,0.0,0.0,0.0,0.0,73
2023-05-09 23:28:08,ag2312C6300,ag2312C6300,239.5,0.0,0.0,0.0,2,165.5,524.5,1,239.5,0.0,0.0,0.0,0.0,0.0,73
