time,symbol_id,symbol_name,last,trade_volume,trade_amount,open_interest_change,bv1,bp1,ap1,av1,yesterday_close,today_open,today_high,today_low,volume,amount,open_interest
2023-05-09 21:00:00,ag2312P6300,ag2312P6300,724.5,0.0,0.0,0.0,2,620.0,851.0,2,724.5,729.0,0.0,0.0,0.0,0.0,4
2023-05-09 21:00:08,ag2312P6300,ag2312P6300,724.5,0.0,0.0,0.0,2,620.5,850.5,2,724.5,729.0,0.0,0.0,0.0,0.0,4
2023-05-09 21:00:09,ag2312P6300,ag2312P6300,724.5,0.0,0.0,0.0,2,649.0,822.0,2,724.5,729.0,0.0,0.0,0.0,0.0,4
2023-05-09 21:00:10,ag2312P6300,ag2312P6300,724.5,0.0,0.0,0.0,2,649.0,822.0,2,724.5,729.0,0.0,0.0,0.0,0.0,4
2023-05-09 21:00:10,ag2312P6300,ag2312P6300,724.5,0.0,0.0,0.0,2,649.5,821.5,2,724.5,729.0,0.0,0.0,0.0,0.0,4
2023-05-09 21:00:11,ag2312P6300,ag2312P6300,724.5,0.0,0.0,0.0,2,678.0,793.0,2,724.5,729.0,0.0,0.0,0.0,0.0,4
2023-05-09 21:00:12,ag2312P6300,ag2312P6300,724.5,0.0,0.0,0.0,2,678.0,793.0,2,724.5,729.0,0.0,0.0,0.0,0.0,4
2023-05-09 21:00:12,ag2312P6300,ag2312P6300,724.5,0.0,0.0,0.0,2,678.5,792.5,2,724.5,729.0,0.0,0.0,0.0,0.0,4
2023-05-09 21:00:13,ag2312P6300,ag2312P6300,724.5,0.0,0.0,0.0,2,678.5,764.0,2,724.5,729.0,0.0,0.0,0.0,0.0,4
2023-05-09 21:00:13,ag2312P6300,ag2312P6300,724.5,0.0,0.0,0.0,2,678.5,764.0,2,724.5,729.0,0.0,0.0,0.0,0.0,4
2023-05-09 21:00:14,ag2312P6300,ag2312P6300,724.5,0.0,0.0,0.0,2,707.0,764.0,2,724.5,729.0,0.0,0.0,0.0,0.0,4
2023-05-09 21:00:14,ag2312P6300,ag2312P6300,724.5,0.0,0.0,0.0,2,707.0,764.0,2,724.5,729.0,0.0,0.0,0.0,0.0,4
2023-05-09 21:00:15,ag2312P6300,ag2312P6300,724.5,0.0,0.0,0.0,2,707.5,764.0,2,724.5,729.0,0.0,0.0,0.0,0.0,4
2023-05-09 21:00:50,ag2312P6300,ag2312P6300,724.5,0.0,0.0,0.0,1,717.0,768.5,1,724.5,729.0,0.0,0.0,0.0,0.0,4
2023-05-09 21:00:51,ag2312P6300,ag2312P6300,724.5,0.0,0.0,0.0,1,717.0,768.5,1,724.5,729.0,0.0,0.0,0.0,0.0,4
2023-05-09 21:00:51,ag2312P6300,ag2312P6300,724.5,0.0,0.0,0.0,2,717.5,768.5,1,724.5,729.0,0.0,0.0,0.0,0.0,4
2023-05-09 21:01:10,ag2312P6300,ag2312P6300,724.5,0.0,0.0,0.0,1,739.0,768.5,1,724.5,729.0,0.0,0.0,0.0,0.0,4
2023-05-09 21:01:11,ag2312P6300,ag2312P6300,724.5,0.0,0.0,0.0,1,739.0,768.5,1,724.5,729.0,0.0,0.0,0.0,0.0,4
2023-05-09 21:01:12,ag2312P6300,ag2312P6300,724.5,0.0,0.0,0.0,1,739.0,747.5,1,724.5,729.0,0.0,0.0,0.0,0.0,4
2023-05-09 21:01:31,ag2312P6300,ag2312P6300,724.5,0.0,0.0,0.0,1,739.0,746.0,1,724.5,729.0,0.0,0.0,0.0,0.0,4
2023-05-09 21:01:39,ag2312P6300,ag2312P6300,724.5,0.0,0.0,0.0,1,739.0,746.0,1,724.5,729.0,0.0,0.0,0.0,0.0,4
2023-05-09 21:01:41,ag2312P6300,ag2312P6300,724.5,0.0,0.0,0.0,1,739.0,747.5,1,724.5,729.0,0.0,0.0,0.0,0.0,4
2023-05-09 21:02:25,ag2312P6300,ag2312P6300,724.5,0.0,0.0,0.0,1,739.0,746.5,1,724.5,729.0,0.0,0.0,0.0,0.0,4
2023-05-09 21:02:53,ag2312P6300,ag2312P6300,724.5,0.0,0.0,0.0,1,740.0,746.5,1,724.5,729.0,0.0,0.0,0.0,0.0,4
2023-05-09 21:02:53,ag2312P6300,ag2312P6300,724.5,0.0,0.0,0.0,1,740.0,747.5,1,724.5,729.0,0.0,0.0,0.0,0.0,4
2023-05-09 21:03:10,ag2312P6300,ag2312P6300,724.5,0.0,0.0,0.0,1,741.0,747.5,1,724.5,729.0,0.0,0.0,0.0,0.0,4
2023-05-09 21:03:12,ag2312P6300,ag2312P6300,724.5,0.0,0.0,0.0,1,741.0,749.0,1,724.5,729.0,0.0,0.0,0.0,0.0,4
2023-05-09 21:03:32,ag2312P6300,ag2312P6300,724.5,0.0,0.0,0.0,1,741.0,748.0,1,724.5,729.0,0.0,0.0,0.0,0.0,4
2023-05-09 21:03:46,ag2312P6300,ag2312P6300,724.5,0.0,0.0,0.0,1,740.0,748.0,1,724.5,729.0,0.0,0.0,0.0,0.0,4
2023-05-09 21:03:49,ag2312P6300,ag2312P6300,724.5,0.0,0.0,0.0,1,740.0,747.0,1,724.5,729.0,0.0,0.0,0.0,0.0,4
2023-05-09 21:04:53,ag2312P6300,ag2312P6300,724.5,0.0,0.0,0.0,1,740.0,748.0,1,724.5,729.0,0.0,0.0,0.0,0.0,4
2023-05-09 21:05:07,ag2312P6300,ag2312P6300,724.5,0.0,0.0,0.0,1,741.0,748.0,1,724.5,729.0,0.0,0.0,0.0,0.0,4
2023-05-09 21:05:09,ag2312P6300,ag2312P6300,724.5,0.0,0.0,0.0,1,741.0,749.5,1,724.5,729.0,0.0,0.0,0.0,0.0,4
2023-05-09 21:05:12,ag2312P6300,ag2312P6300,724.5,0.0,0.0,0.0,1,742.0,749.5,1,724.5,729.0,0.0,0.0,0.0,0.0,4
2023-05-09 21:05:24,ag2312P6300,ag2312P6300,724.5,0.0,0.0,0.0,1,743.0,749.5,1,724.5,729.0,0.0,0.0,0.0,0.0,4
2023-05-09 21:05:40,ag2312P6300,ag2312P6300,724.5,0.0,0.0,0.0,1,743.0,751.5,1,724.5,729.0,0.0,0.0,0.0,0.0,4
2023-05-09 21:05:40,ag2312P6300,ag2312P6300,724.5,0.0,0.0,0.0,1,744.0,751.5,1,724.5,729.0,0.0,0.0,0.0,0.0,4
2023-05-09 21:05:47,ag2312P6300,ag2312P6300,724.5,0.0,0.0,0.0,1,745.0,751.5,1,724.5,729.0,0.0,0.0,0.0,0.0,4
2023-05-09 21:05:50,ag2312P6300,ag2312P6300,724.5,0.0,0.0,0.0,1,744.0,751.5,1,724.5,729.0,0.0,0.0,0.0,0.0,4
2023-05-09 21:05:56,ag2312P6300,ag2312P6300,724.5,0.0,0.0,0.0,1,744.0,751.0,1,724.5,729.0,0.0,0.0,0.0,0.0,4
2023-05-09 21:06:05,ag2312P6300,ag2312P6300,724.5,0.0,0.0,0.0,1,744.5,751.5,1,724.5,729.0,0.0,0.0,0.0,0.0,4
2023-05-09 21:06:06,ag2312P6300,ag2312P6300,724.5,0.0,0.0,0.0,1,745.5,751.5,1,724.5,729.0,0.0,0.0,0.0,0.0,4
2023-05-09 21:06:08,ag2312P6300,ag2312P6300,724.5,0.0,0.0,0.0,1,745.5,753.0,1,724.5,729.0,0.0,0.0,0.0,0.0,4
2023-05-09 21:06:09,ag2312P6300,ag2312P6300,724.5,0.0,0.0,0.0,1,745.5,768.5,1,724.5,729.0,0.0,0.0,0.0,0.0,4
2023-05-09 21:06:11,ag2312P6300,ag2312P6300,724.5,0.0,0.0,0.0,1,745.5,753.5,1,724.5,729.0,0.0,0.0,0.0,0.0,4
2023-05-09 21:06:13,ag2312P6300,ag2312P6300,724.5,0.0,0.0,0.0,1,746.5,753.5,1,724.5,729.0,0.0,0.0,0.0,0.0,4
2023-05-09 21:06:19,ag2312P6300,ag2312P6300,724.5,0.0,0.0,0.0,1,747.0,753.5,1,724.5,729.0,0.0,0.0,0.0,0.0,4
2023-05-09 21:06:22,ag2312P6300,ag2312P6300,724.5,0.0,0.0,0.0,1,747.5,768.5,1,724.5,729.0,0.0,0.0,0.0,0.0,4
2023-05-09 21:06:23,ag2312P6300,ag2312P6300,724.5,0.0,0.0,0.0,1,747.5,755.5,1,724.5,729.0,0.0,0.0,0.0,0.0,4
2023-05-09 21:06:24,ag2312P6300,ag2312P6300,724.5,0.0,0.0,0.0,1,748.5,755.5,1,724.5,729.0,0.0,0.0,0.0,0.0,4
2023-05-09 21:06:36,ag2312P6300,ag2312P6300,724.5,0.0,0.0,0.0,1,748.5,755.0,1,724.5,729.0,0.0,0.0,0.0,0.0,4
2023-05-09 21:06:36,ag2312P6300,ag2312P6300,724.5,0.0,0.0,0.0,1,747.5,755.0,1,724.5,729.0,0.0,0.0,0.0,0.0,4
2023-05-09 21:06:39,ag2312P6300,ag2312P6300,724.5,0.0,0.0,0.0,1,747.5,754.0,1,724.5,729.0,0.0,0.0,0.0,0.0,4
2023-05-09 21:06:54,ag2312P6300,ag2312P6300,724.5,0.0,0.0,0.0,1,717.0,754.0,1,724.5,729.0,0.0,0.0,0.0,0.0,4
2023-05-09 21:06:55,ag2312P6300,ag2312P6300,724.5,0.0,0.0,0.0,1,746.0,754.0,1,724.5,729.0,0.0,0.0,0.0,0.0,4
2023-05-09 21:06:55,ag2312P6300,ag2312P6300,724.5,0.0,0.0,0.0,1,746.0,753.0,1,724.5,729.0,0.0,0.0,0.0,0.0,4
2023-05-09 21:07:00,ag2312P6300,ag2312P6300,724.5,0.0,0.0,0.0,1,747.0,753.0,1,724.5,729.0,0.0,0.0,0.0,0.0,4
2023-05-09 21:07:00,ag2312P6300,ag2312P6300,724.5,0.0,0.0,0.0,1,747.0,754.0,1,724.5,729.0,0.0,0.0,0.0,0.0,4
2023-05-09 21:07:03,ag2312P6300,ag2312P6300,724.5,0.0,0.0,0.0,1,748.0,755.5,1,724.5,729.0,0.0,0.0,0.0,0.0,4
2023-05-09 21:07:32,ag2312P6300,ag2312P6300,724.5,0.0,0.0,0.0,1,749.0,755.5,1,724.5,729.0,0.0,0.0,0.0,0.0,4
2023-05-09 21:07:43,ag2312P6300,ag2312P6300,724.5,0.0,0.0,0.0,1,749.0,757.0,1,724.5,729.0,0.0,0.0,0.0,0.0,4
2023-05-09 21:07:53,ag2312P6300,ag2312P6300,724.5,0.0,0.0,0.0,1,749.0,756.0,1,724.5,729.0,0.0,0.0,0.0,0.0,4
2023-05-09 21:07:59,ag2312P6300,ag2312P6300,724.5,0.0,0.0,0.0,1,749.0,755.5,1,724.5,729.0,0.0,0.0,0.0,0.0,4
2023-05-09 21:08:00,ag2312P6300,ag2312P6300,724.5,0.0,0.0,0.0,1,748.0,755.5,1,724.5,729.0,0.0,0.0,0.0,0.0,4
2023-05-09 21:08:00,ag2312P6300,ag2312P6300,724.5,0.0,0.0,0.0,1,748.0,754.5,1,724.5,729.0,0.0,0.0,0.0,0.0,4
2023-05-09 21:08:07,ag2312P6300,ag2312P6300,724.5,0.0,0.0,0.0,1,717.0,754.5,1,724.5,729.0,0.0,0.0,0.0,0.0,4
2023-05-09 21:08:08,ag2312P6300,ag2312P6300,724.5,0.0,0.0,0.0,2,717.5,754.5,1,724.5,729.0,0.0,0.0,0.0,0.0,4
2023-05-09 21:08:08,ag2312P6300,ag2312P6300,724.5,0.0,0.0,0.0,1,746.5,754.5,1,724.5,729.0,0.0,0.0,0.0,0.0,4
2023-05-09 21:08:09,ag2312P6300,ag2312P6300,724.5,0.0,0.0,0.0,1,746.5,754.5,1,724.5,729.0,0.0,0.0,0.0,0.0,4
2023-05-09 21:08:15,ag2312P6300,ag2312P6300,724.5,0.0,0.0,0.0,1,746.5,753.5,1,724.5,729.0,0.0,0.0,0.0,0.0,4
2023-05-09 21:08:18,ag2312P6300,ag2312P6300,724.5,0.0,0.0,0.0,1,746.5,752.5,1,724.5,729.0,0.0,0.0,0.0,0.0,4
2023-05-09 21:08:18,ag2312P6300,ag2312P6300,724.5,0.0,0.0,0.0,1,745.0,752.5,1,724.5,729.0,0.0,0.0,0.0,0.0,4
2023-05-09 21:08:21,ag2312P6300,ag2312P6300,724.5,0.0,0.0,0.0,1,746.0,753.5,1,724.5,729.0,0.0,0.0,0.0,0.0,4
2023-05-09 21:08:29,ag2312P6300,ag2312P6300,724.5,0.0,0.0,0.0,1,746.0,752.5,1,724.5,729.0,0.0,0.0,0.0,0.0,4
2023-05-09 21:08:40,ag2312P6300,ag2312P6300,724.5,0.0,0.0,0.0,1,745.0,752.5,1,724.5,729.0,0.0,0.0,0.0,0.0,4
2023-05-09 21:08:46,ag2312P6300,ag2312P6300,724.5,0.0,0.0,0.0,1,745.0,751.5,1,724.5,729.0,0.0,0.0,0.0,0.0,4
2023-05-09 21:08:53,ag2312P6300,ag2312P6300,724.5,0.0,0.0,0.0,1,743.5,751.5,1,724.5,729.0,0.0,0.0,0.0,0.0,4
2023-05-09 21:08:55,ag2312P6300,ag2312P6300,724.5,0.0,0.0,0.0,1,743.5,750.5,1,724.5,729.0,0.0,0.0,0.0,0.0,4
2023-05-09 21:09:33,ag2312P6300,ag2312P6300,724.5,0.0,0.0,0.0,1,743.5,750.0,1,724.5,729.0,0.0,0.0,0.0,0.0,4
2023-05-09 21:09:34,ag2312P6300,ag2312P6300,724.5,0.0,0.0,0.0,1,742.0,749.0,1,724.5,729.0,0.0,0.0,0.0,0.0,4
2023-05-09 21:09:45,ag2312P6300,ag2312P6300,724.5,0.0,0.0,0.0,1,743.0,749.0,1,724.5,729.0,0.0,0.0,0.0,0.0,4
2023-05-09 21:10:12,ag2312P6300,ag2312P6300,724.5,0.0,0.0,0.0,1,742.0,749.0,1,724.5,729.0,0.0,0.0,0.0,0.0,4
2023-05-09 21:10:21,ag2312P6300,ag2312P6300,724.5,0.0,0.0,0.0,1,742.0,748.0,1,724.5,729.0,0.0,0.0,0.0,0.0,4
2023-05-09 21:11:21,ag2312P6300,ag2312P6300,724.5,0.0,0.0,0.0,1,717.0,747.5,1,724.5,729.0,0.0,0.0,0.0,0.0,4
2023-05-09 21:11:22,ag2312P6300,ag2312P6300,724.5,0.0,0.0,0.0,1,740.0,746.5,1,724.5,729.0,0.0,0.0,0.0,0.0,4
2023-05-09 21:11:29,ag2312P6300,ag2312P6300,724.5,0.0,0.0,0.0,1,741.0,746.5,1,724.5,729.0,0.0,0.0,0.0,0.0,4
2023-05-09 21:11:44,ag2312P6300,ag2312P6300,724.5,0.0,0.0,0.0,1,740.0,746.5,1,724.5,729.0,0.0,0.0,0.0,0.0,4
2023-05-09 21:11:47,ag2312P6300,ag2312P6300,724.5,0.0,0.0,0.0,1,738.5,745.0,1,724.5,729.0,0.0,0.0,0.0,0.0,4
2023-05-09 21:12:19,ag2312P6300,ag2312P6300,724.5,0.0,0.0,0.0,1,739.5,745.0,1,724.5,729.0,0.0,0.0,0.0,0.0,4
2023-05-09 21:12:20,ag2312P6300,ag2312P6300,724.5,0.0,0.0,0.0,1,739.5,746.5,1,724.5,729.0,0.0,0.0,0.0,0.0,4
2023-05-09 21:12:22,ag2312P6300,ag2312P6300,724.5,0.0,0.0,0.0,1,739.5,745.5,1,724.5,729.0,0.0,0.0,0.0,0.0,4
2023-05-09 21:13:20,ag2312P6300,ag2312P6300,724.5,0.0,0.0,0.0,1,738.5,744.5,1,724.5,729.0,0.0,0.0,0.0,0.0,4
2023-05-09 21:13:45,ag2312P6300,ag2312P6300,724.5,0.0,0.0,0.0,1,738.5,745.5,1,724.5,729.0,0.0,0.0,0.0,0.0,4
2023-05-09 21:14:08,ag2312P6300,ag2312P6300,724.5,0.0,0.0,0.0,1,739.5,745.5,1,724.5,729.0,0.0,0.0,0.0,0.0,4
2023-05-09 21:14:46,ag2312P6300,ag2312P6300,724.5,0.0,0.0,0.0,1,739.5,747.0,1,724.5,729.0,0.0,0.0,0.0,0.0,4
2023-05-09 21:14:46,ag2312P6300,ag2312P6300,724.5,0.0,0.0,0.0,1,741.0,747.0,1,724.5,729.0,0.0,0.0,0.0,0.0,4
2023-05-09 21:15:01,ag2312P6300,ag2312P6300,724.5,0.0,0.0,0.0,1,739.5,746.5,1,724.5,729.0,0.0,0.0,0.0,0.0,4
2023-05-09 21:15:01,ag2312P6300,ag2312P6300,724.5,0.0,0.0,0.0,1,739.5,745.5,1,724.5,729.0,0.0,0.0,0.0,0.0,4
2023-05-09 21:15:15,ag2312P6300,ag2312P6300,724.5,0.0,0.0,0.0,1,717.0,744.5,1,724.5,729.0,0.0,0.0,0.0,0.0,4
2023-05-09 21:15:17,ag2312P6300,ag2312P6300,724.5,0.0,0.0,0.0,1,737.0,743.0,1,724.5,729.0,0.0,0.0,0.0,0.0,4
2023-05-09 21:15:23,ag2312P6300,ag2312P6300,724.5,0.0,0.0,0.0,1,738.0,744.5,1,724.5,729.0,0.0,0.0,0.0,0.0,4
2023-05-09 21:15:31,ag2312P6300,ag2312P6300,724.5,0.0,0.0,0.0,1,738.0,743.5,1,724.5,729.0,0.0,0.0,0.0,0.0,4
2023-05-09 21:15:36,ag2312P6300,ag2312P6300,724.5,0.0,0.0,0.0,1,738.0,744.5,1,724.5,729.0,0.0,0.0,0.0,0.0,4
2023-05-09 21:15:39,ag2312P6300,ag2312P6300,724.5,0.0,0.0,0.0,1,738.5,744.5,1,724.5,729.0,0.0,0.0,0.0,0.0,4
2023-05-09 21:15:55,ag2312P6300,ag2312P6300,724.5,0.0,0.0,0.0,1,739.5,744.5,1,724.5,729.0,0.0,0.0,0.0,0.0,4
2023-05-09 21:15:59,ag2312P6300,ag2312P6300,724.5,0.0,0.0,0.0,1,739.5,746.0,1,724.5,729.0,0.0,0.0,0.0,0.0,4
2023-05-09 21:16:14,ag2312P6300,ag2312P6300,724.5,0.0,0.0,0.0,1,739.5,745.0,1,724.5,729.0,0.0,0.0,0.0,0.0,4
2023-05-09 21:16:18,ag2312P6300,ag2312P6300,724.5,0.0,0.0,0.0,1,738.5,745.0,1,724.5,729.0,0.0,0.0,0.0,0.0,4
2023-05-09 21:16:19,ag2312P6300,ag2312P6300,724.5,0.0,0.0,0.0,1,738.5,744.0,1,724.5,729.0,0.0,0.0,0.0,0.0,4
2023-05-09 21:16:59,ag2312P6300,ag2312P6300,724.5,0.0,0.0,0.0,1,737.0,744.0,1,724.5,729.0,0.0,0.0,0.0,0.0,4
2023-05-09 21:17:00,ag2312P6300,ag2312P6300,724.5,0.0,0.0,0.0,1,737.5,744.0,1,724.5,729.0,0.0,0.0,0.0,0.0,4
2023-05-09 21:17:01,ag2312P6300,ag2312P6300,724.5,0.0,0.0,0.0,1,738.5,744.0,1,724.5,729.0,0.0,0.0,0.0,0.0,4
2023-05-09 21:17:06,ag2312P6300,ag2312P6300,724.5,0.0,0.0,0.0,1,737.5,744.0,1,724.5,729.0,0.0,0.0,0.0,0.0,4
2023-05-09 21:17:07,ag2312P6300,ag2312P6300,724.5,0.0,0.0,0.0,1,737.5,743.0,1,724.5,729.0,0.0,0.0,0.0,0.0,4
2023-05-09 21:17:08,ag2312P6300,ag2312P6300,724.5,0.0,0.0,0.0,1,717.0,743.0,1,724.5,729.0,0.0,0.0,0.0,0.0,4
2023-05-09 21:17:08,ag2312P6300,ag2312P6300,724.5,0.0,0.0,0.0,1,717.0,742.0,1,724.5,729.0,0.0,0.0,0.0,0.0,4
2023-05-09 21:17:09,ag2312P6300,ag2312P6300,724.5,0.0,0.0,0.0,1,736.0,742.0,1,724.5,729.0,0.0,0.0,0.0,0.0,4
2023-05-09 21:17:10,ag2312P6300,ag2312P6300,724.5,0.0,0.0,0.0,1,736.0,741.0,1,724.5,729.0,0.0,0.0,0.0,0.0,4
2023-05-09 21:17:11,ag2312P6300,ag2312P6300,724.5,0.0,0.0,0.0,1,717.0,741.0,1,724.5,729.0,0.0,0.0,0.0,0.0,4
2023-05-09 21:17:12,ag2312P6300,ag2312P6300,724.5,0.0,0.0,0.0,1,734.5,741.0,1,724.5,729.0,0.0,0.0,0.0,0.0,4
2023-05-09 21:17:20,ag2312P6300,ag2312P6300,724.5,0.0,0.0,0.0,1,735.5,742.0,1,724.5,729.0,0.0,0.0,0.0,0.0,4
2023-05-09 21:17:21,ag2312P6300,ag2312P6300,724.5,0.0,0.0,0.0,1,736.5,742.0,1,724.5,729.0,0.0,0.0,0.0,0.0,4
2023-05-09 21:18:06,ag2312P6300,ag2312P6300,724.5,0.0,0.0,0.0,1,735.5,741.5,1,724.5,729.0,0.0,0.0,0.0,0.0,4
2023-05-09 21:18:19,ag2312P6300,ag2312P6300,724.5,0.0,0.0,0.0,1,735.5,741.0,1,724.5,729.0,0.0,0.0,0.0,0.0,4
2023-05-09 21:18:33,ag2312P6300,ag2312P6300,724.5,0.0,0.0,0.0,1,734.0,740.0,1,724.5,729.0,0.0,0.0,0.0,0.0,4
2023-05-09 21:19:21,ag2312P6300,ag2312P6300,724.5,0.0,0.0,0.0,1,735.0,740.0,1,724.5,729.0,0.0,0.0,0.0,0.0,4
2023-05-09 21:19:21,ag2312P6300,ag2312P6300,724.5,0.0,0.0,0.0,1,735.0,741.0,1,724.5,729.0,0.0,0.0,0.0,0.0,4
2023-05-09 21:20:02,ag2312P6300,ag2312P6300,724.5,0.0,0.0,0.0,1,736.0,741.0,1,724.5,729.0,0.0,0.0,0.0,0.0,4
2023-05-09 21:20:09,ag2312P6300,ag2312P6300,724.5,0.0,0.0,0.0,1,735.0,741.0,1,724.5,729.0,0.0,0.0,0.0,0.0,4
2023-05-09 21:20:17,ag2312P6300,ag2312P6300,724.5,0.0,0.0,0.0,1,717.0,740.5,1,724.5,729.0,0.0,0.0,0.0,0.0,4
2023-05-09 21:20:18,ag2312P6300,ag2312P6300,724.5,0.0,0.0,0.0,1,733.5,740.5,1,724.5,729.0,0.0,0.0,0.0,0.0,4
2023-05-09 21:20:21,ag2312P6300,ag2312P6300,724.5,0.0,0.0,0.0,1,733.5,739.5,1,724.5,729.0,0.0,0.0,0.0,0.0,4
2023-05-09 21:21:01,ag2312P6300,ag2312P6300,724.5,0.0,0.0,0.0,1,733.5,738.5,1,724.5,729.0,0.0,0.0,0.0,0.0,4
2023-05-09 21:21:01,ag2312P6300,ag2312P6300,724.5,0.0,0.0,0.0,1,732.0,738.5,1,724.5,729.0,0.0,0.0,0.0,0.0,4
2023-05-09 21:21:16,ag2312P6300,ag2312P6300,724.5,0.0,0.0,0.0,1,732.0,737.5,1,724.5,729.0,0.0,0.0,0.0,0.0,4
2023-05-09 21:21:23,ag2312P6300,ag2312P6300,724.5,0.0,0.0,0.0,1,732.0,738.5,1,724.5,729.0,0.0,0.0,0.0,0.0,4
2023-05-09 21:22:00,ag2312P6300,ag2312P6300,724.5,0.0,0.0,0.0,1,733.0,768.5,1,724.5,729.0,0.0,0.0,0.0,0.0,4
2023-05-09 21:22:01,ag2312P6300,ag2312P6300,724.5,0.0,0.0,0.0,1,733.0,768.0,2,724.5,729.0,0.0,0.0,0.0,0.0,4
2023-05-09 21:22:01,ag2312P6300,ag2312P6300,724.5,0.0,0.0,0.0,1,734.0,740.0,1,724.5,729.0,0.0,0.0,0.0,0.0,4
2023-05-09 21:22:02,ag2312P6300,ag2312P6300,724.5,0.0,0.0,0.0,1,734.0,740.0,1,724.5,729.0,0.0,0.0,0.0,0.0,4
2023-05-09 21:22:25,ag2312P6300,ag2312P6300,724.5,0.0,0.0,0.0,1,734.0,739.0,1,724.5,729.0,0.0,0.0,0.0,0.0,4
2023-05-09 21:22:27,ag2312P6300,ag2312P6300,724.5,0.0,0.0,0.0,1,733.0,739.0,1,724.5,729.0,0.0,0.0,0.0,0.0,4
2023-05-09 21:22:33,ag2312P6300,ag2312P6300,724.5,0.0,0.0,0.0,1,733.0,738.0,1,724.5,729.0,0.0,0.0,0.0,0.0,4
2023-05-09 21:22:35,ag2312P6300,ag2312P6300,724.5,0.0,0.0,0.0,1,731.5,738.0,1,724.5,729.0,0.0,0.0,0.0,0.0,4
2023-05-09 21:22:48,ag2312P6300,ag2312P6300,724.5,0.0,0.0,0.0,1,732.5,738.0,1,724.5,729.0,0.0,0.0,0.0,0.0,4
2023-05-09 21:23:15,ag2312P6300,ag2312P6300,724.5,0.0,0.0,0.0,1,732.5,739.0,1,724.5,729.0,0.0,0.0,0.0,0.0,4
2023-05-09 21:23:27,ag2312P6300,ag2312P6300,724.5,0.0,0.0,0.0,1,733.5,739.0,1,724.5,729.0,0.0,0.0,0.0,0.0,4
2023-05-09 21:24:11,ag2312P6300,ag2312P6300,724.5,0.0,0.0,0.0,1,733.5,740.5,1,724.5,729.0,0.0,0.0,0.0,0.0,4
2023-05-09 21:24:20,ag2312P6300,ag2312P6300,724.5,0.0,0.0,0.0,1,734.5,740.5,1,724.5,729.0,0.0,0.0,0.0,0.0,4
2023-05-09 21:25:03,ag2312P6300,ag2312P6300,724.5,0.0,0.0,0.0,1,733.5,739.0,1,724.5,729.0,0.0,0.0,0.0,0.0,4
2023-05-09 21:25:15,ag2312P6300,ag2312P6300,724.5,0.0,0.0,0.0,1,732.5,739.0,1,724.5,729.0,0.0,0.0,0.0,0.0,4
2023-05-09 21:25:26,ag2312P6300,ag2312P6300,724.5,0.0,0.0,0.0,1,732.5,738.0,1,724.5,729.0,0.0,0.0,0.0,0.0,4
2023-05-09 21:26:02,ag2312P6300,ag2312P6300,724.5,0.0,0.0,0.0,1,731.0,737.0,1,724.5,729.0,0.0,0.0,0.0,0.0,4
2023-05-09 21:26:28,ag2312P6300,ag2312P6300,724.5,0.0,0.0,0.0,1,732.0,737.0,1,724.5,729.0,0.0,0.0,0.0,0.0,4
2023-05-09 21:26:29,ag2312P6300,ag2312P6300,724.5,0.0,0.0,0.0,1,732.0,738.0,1,724.5,729.0,0.0,0.0,0.0,0.0,4
2023-05-09 21:27:17,ag2312P6300,ag2312P6300,724.5,0.0,0.0,0.0,1,732.0,737.0,1,724.5,729.0,0.0,0.0,0.0,0.0,4
2023-05-09 21:27:35,ag2312P6300,ag2312P6300,724.5,0.0,0.0,0.0,1,732.0,738.0,1,724.5,729.0,0.0,0.0,0.0,0.0,4
2023-05-09 21:28:16,ag2312P6300,ag2312P6300,724.5,0.0,0.0,0.0,1,733.0,738.0,1,724.5,729.0,0.0,0.0,0.0,0.0,4
2023-05-09 21:28:18,ag2312P6300,ag2312P6300,724.5,0.0,0.0,0.0,1,733.0,739.5,1,724.5,729.0,0.0,0.0,0.0,0.0,4
2023-05-09 21:28:36,ag2312P6300,ag2312P6300,724.5,0.0,0.0,0.0,1,733.5,739.5,1,724.5,729.0,0.0,0.0,0.0,0.0,4
2023-05-09 21:28:54,ag2312P6300,ag2312P6300,724.5,0.0,0.0,0.0,1,734.5,739.5,1,724.5,729.0,0.0,0.0,0.0,0.0,4
2023-05-09 21:29:12,ag2312P6300,ag2312P6300,724.5,0.0,0.0,0.0,1,734.5,741.0,1,724.5,729.0,0.0,0.0,0.0,0.0,4
2023-05-09 21:30:02,ag2312P6300,ag2312P6300,724.5,0.0,0.0,0.0,1,735.5,754.5,1,724.5,729.0,0.0,0.0,0.0,0.0,4
2023-05-09 21:30:03,ag2312P6300,ag2312P6300,724.5,0.0,0.0,0.0,1,736.5,743.0,1,724.5,729.0,0.0,0.0,0.0,0.0,4
2023-05-09 21:30:11,ag2312P6300,ag2312P6300,724.5,0.0,0.0,0.0,1,737.0,743.0,1,724.5,729.0,0.0,0.0,0.0,0.0,4
2023-05-09 21:30:19,ag2312P6300,ag2312P6300,724.5,0.0,0.0,0.0,1,737.0,742.5,1,724.5,729.0,0.0,0.0,0.0,0.0,4
2023-05-09 21:30:20,ag2312P6300,ag2312P6300,724.5,0.0,0.0,0.0,1,717.0,742.5,1,724.5,729.0,0.0,0.0,0.0,0.0,4
2023-05-09 21:30:20,ag2312P6300,ag2312P6300,724.5,0.0,0.0,0.0,1,735.0,742.5,1,724.5,729.0,0.0,0.0,0.0,0.0,4
2023-05-09 21:30:26,ag2312P6300,ag2312P6300,724.5,0.0,0.0,0.0,1,735.0,741.5,1,724.5,729.0,0.0,0.0,0.0,0.0,4
2023-05-09 21:30:31,ag2312P6300,ag2312P6300,724.5,0.0,0.0,0.0,1,735.5,741.5,1,724.5,729.0,0.0,0.0,0.0,0.0,4
2023-05-09 21:30:48,ag2312P6300,ag2312P6300,724.5,0.0,0.0,0.0,1,736.5,742.5,1,724.5,729.0,0.0,0.0,0.0,0.0,4
2023-05-09 21:30:56,ag2312P6300,ag2312P6300,724.5,0.0,0.0,0.0,1,735.5,742.5,1,724.5,729.0,0.0,0.0,0.0,0.0,4
2023-05-09 21:31:05,ag2312P6300,ag2312P6300,724.5,0.0,0.0,0.0,1,735.5,741.5,1,724.5,729.0,0.0,0.0,0.0,0.0,4
2023-05-09 21:31:07,ag2312P6300,ag2312P6300,724.5,0.0,0.0,0.0,1,735.5,740.5,1,724.5,729.0,0.0,0.0,0.0,0.0,4
2023-05-09 21:31:11,ag2312P6300,ag2312P6300,724.5,0.0,0.0,0.0,1,734.0,740.5,1,724.5,729.0,0.0,0.0,0.0,0.0,4
2023-05-09 21:31:19,ag2312P6300,ag2312P6300,724.5,0.0,0.0,0.0,1,734.0,740.0,1,724.5,729.0,0.0,0.0,0.0,0.0,4
2023-05-09 21:31:48,ag2312P6300,ag2312P6300,724.5,0.0,0.0,0.0,1,734.0,739.0,1,724.5,729.0,0.0,0.0,0.0,0.0,4
2023-05-09 21:31:48,ag2312P6300,ag2312P6300,724.5,0.0,0.0,0.0,1,732.5,739.0,1,724.5,729.0,0.0,0.0,0.0,0.0,4
2023-05-09 21:32:16,ag2312P6300,ag2312P6300,724.5,0.0,0.0,0.0,1,732.5,738.0,1,724.5,729.0,0.0,0.0,0.0,0.0,4
2023-05-09 21:32:17,ag2312P6300,ag2312P6300,724.5,0.0,0.0,0.0,1,731.0,738.0,1,724.5,729.0,0.0,0.0,0.0,0.0,4
2023-05-09 21:32:22,ag2312P6300,ag2312P6300,724.5,0.0,0.0,0.0,1,731.5,738.0,1,724.5,729.0,0.0,0.0,0.0,0.0,4
2023-05-09 21:33:03,ag2312P6300,ag2312P6300,724.5,0.0,0.0,0.0,1,732.5,739.0,1,724.5,729.0,0.0,0.0,0.0,0.0,4
2023-05-09 21:33:06,ag2312P6300,ag2312P6300,724.5,0.0,0.0,0.0,1,732.5,738.0,1,724.5,729.0,0.0,0.0,0.0,0.0,4
2023-05-09 21:33:12,ag2312P6300,ag2312P6300,724.5,0.0,0.0,0.0,1,731.5,738.0,1,724.5,729.0,0.0,0.0,0.0,0.0,4
2023-05-09 21:34:03,ag2312P6300,ag2312P6300,724.5,0.0,0.0,0.0,1,732.5,738.0,1,724.5,729.0,0.0,0.0,0.0,0.0,4
2023-05-09 21:34:04,ag2312P6300,ag2312P6300,724.5,0.0,0.0,0.0,1,732.5,739.0,1,724.5,729.0,0.0,0.0,0.0,0.0,4
2023-05-09 21:34:11,ag2312P6300,ag2312P6300,724.5,0.0,0.0,0.0,1,733.0,739.0,1,724.5,729.0,0.0,0.0,0.0,0.0,4
2023-05-09 21:34:54,ag2312P6300,ag2312P6300,724.5,0.0,0.0,0.0,1,733.0,738.5,1,724.5,729.0,0.0,0.0,0.0,0.0,4
2023-05-09 21:35:01,ag2312P6300,ag2312P6300,724.5,0.0,0.0,0.0,1,731.0,738.5,1,724.5,729.0,0.0,0.0,0.0,0.0,4
2023-05-09 21:35:03,ag2312P6300,ag2312P6300,724.5,0.0,0.0,0.0,1,731.0,737.5,1,724.5,729.0,0.0,0.0,0.0,0.0,4
2023-05-09 21:35:17,ag2312P6300,ag2312P6300,724.5,0.0,0.0,0.0,1,731.0,736.5,1,724.5,729.0,0.0,0.0,0.0,0.0,4
2023-05-09 21:35:17,ag2312P6300,ag2312P6300,724.5,0.0,0.0,0.0,1,717.0,736.5,1,724.5,729.0,0.0,0.0,0.0,0.0,4
2023-05-09 21:35:18,ag2312P6300,ag2312P6300,724.5,0.0,0.0,0.0,1,729.5,736.5,1,724.5,729.0,0.0,0.0,0.0,0.0,4
2023-05-09 21:35:20,ag2312P6300,ag2312P6300,724.5,0.0,0.0,0.0,1,717.0,736.5,1,724.5,729.0,0.0,0.0,0.0,0.0,4
2023-05-09 21:35:20,ag2312P6300,ag2312P6300,724.5,0.0,0.0,0.0,1,728.5,735.0,1,724.5,729.0,0.0,0.0,0.0,0.0,4
2023-05-09 21:35:30,ag2312P6300,ag2312P6300,724.5,0.0,0.0,0.0,1,717.0,734.0,1,724.5,729.0,0.0,0.0,0.0,0.0,4
2023-05-09 21:35:32,ag2312P6300,ag2312P6300,724.5,0.0,0.0,0.0,1,727.0,734.0,1,724.5,729.0,0.0,0.0,0.0,0.0,4
2023-05-09 21:35:32,ag2312P6300,ag2312P6300,724.5,0.0,0.0,0.0,1,727.0,733.0,1,724.5,729.0,0.0,0.0,0.0,0.0,4
2023-05-09 21:36:01,ag2312P6300,ag2312P6300,724.5,0.0,0.0,0.0,1,727.5,734.0,1,724.5,729.0,0.0,0.0,0.0,0.0,4
2023-05-09 21:36:02,ag2312P6300,ag2312P6300,724.5,0.0,0.0,0.0,1,728.5,734.0,1,724.5,729.0,0.0,0.0,0.0,0.0,4
2023-05-09 21:36:22,ag2312P6300,ag2312P6300,724.5,0.0,0.0,0.0,1,727.5,734.0,1,724.5,729.0,0.0,0.0,0.0,0.0,4
2023-05-09 21:36:24,ag2312P6300,ag2312P6300,724.5,0.0,0.0,0.0,1,717.0,733.0,1,724.5,729.0,0.0,0.0,0.0,0.0,4
2023-05-09 21:36:25,ag2312P6300,ag2312P6300,724.5,0.0,0.0,0.0,1,725.0,733.0,1,724.5,729.0,0.0,0.0,0.0,0.0,4
2023-05-09 21:36:26,ag2312P6300,ag2312P6300,724.5,0.0,0.0,0.0,1,725.0,731.5,1,724.5,729.0,0.0,0.0,0.0,0.0,4
2023-05-09 21:36:28,ag2312P6300,ag2312P6300,724.5,0.0,0.0,0.0,1,726.5,731.5,1,724.5,729.0,0.0,0.0,0.0,0.0,4
2023-05-09 21:36:28,ag2312P6300,ag2312P6300,724.5,0.0,0.0,0.0,1,726.5,733.0,1,724.5,729.0,0.0,0.0,0.0,0.0,4
2023-05-09 21:36:35,ag2312P6300,ag2312P6300,724.5,0.0,0.0,0.0,1,727.5,754.5,1,724.5,729.0,0.0,0.0,0.0,0.0,4
2023-05-09 21:36:36,ag2312P6300,ag2312P6300,724.5,0.0,0.0,0.0,1,727.5,734.5,1,724.5,729.0,0.0,0.0,0.0,0.0,4
2023-05-09 21:36:52,ag2312P6300,ag2312P6300,724.5,0.0,0.0,0.0,1,728.5,734.5,1,724.5,729.0,0.0,0.0,0.0,0.0,4
2023-05-09 21:37:00,ag2312P6300,ag2312P6300,724.5,0.0,0.0,0.0,1,727.5,734.5,1,724.5,729.0,0.0,0.0,0.0,0.0,4
2023-05-09 21:37:10,ag2312P6300,ag2312P6300,724.5,0.0,0.0,0.0,1,728.5,734.5,1,724.5,729.0,0.0,0.0,0.0,0.0,4
2023-05-09 21:37:21,ag2312P6300,ag2312P6300,724.5,0.0,0.0,0.0,1,728.5,735.5,1,724.5,729.0,0.0,0.0,0.0,0.0,4
2023-05-09 21:37:21,ag2312P6300,ag2312P6300,724.5,0.0,0.0,0.0,1,729.5,735.5,1,724.5,729.0,0.0,0.0,0.0,0.0,4
2023-05-09 21:38:12,ag2312P6300,ag2312P6300,724.5,0.0,0.0,0.0,1,729.5,754.5,1,724.5,729.0,0.0,0.0,0.0,0.0,4
2023-05-09 21:38:14,ag2312P6300,ag2312P6300,724.5,0.0,0.0,0.0,1,731.0,737.5,1,724.5,729.0,0.0,0.0,0.0,0.0,4
2023-05-09 21:38:23,ag2312P6300,ag2312P6300,724.5,0.0,0.0,0.0,1,731.0,736.5,1,724.5,729.0,0.0,0.0,0.0,0.0,4
2023-05-09 21:38:24,ag2312P6300,ag2312P6300,724.5,0.0,0.0,0.0,1,729.5,736.5,1,724.5,729.0,0.0,0.0,0.0,0.0,4
2023-05-09 21:38:35,ag2312P6300,ag2312P6300,724.5,0.0,0.0,0.0,1,730.5,736.5,1,724.5,729.0,0.0,0.0,0.0,0.0,4
2023-05-09 21:38:40,ag2312P6300,ag2312P6300,724.5,0.0,0.0,0.0,1,731.5,736.5,1,724.5,729.0,0.0,0.0,0.0,0.0,4
2023-05-09 21:38:41,ag2312P6300,ag2312P6300,724.5,0.0,0.0,0.0,1,731.5,737.5,1,724.5,729.0,0.0,0.0,0.0,0.0,4
2023-05-09 21:39:18,ag2312P6300,ag2312P6300,724.5,0.0,0.0,0.0,1,731.5,736.5,1,724.5,729.0,0.0,0.0,0.0,0.0,4
2023-05-09 21:39:19,ag2312P6300,ag2312P6300,724.5,0.0,0.0,0.0,1,730.5,736.5,1,724.5,729.0,0.0,0.0,0.0,0.0,4
2023-05-09 21:39:56,ag2312P6300,ag2312P6300,724.5,0.0,0.0,0.0,1,731.0,736.5,1,724.5,729.0,0.0,0.0,0.0,0.0,4
2023-05-09 21:39:59,ag2312P6300,ag2312P6300,724.5,0.0,0.0,0.0,1,731.0,737.5,1,724.5,729.0,0.0,0.0,0.0,0.0,4
2023-05-09 21:40:17,ag2312P6300,ag2312P6300,724.5,0.0,0.0,0.0,1,731.0,736.5,1,724.5,729.0,0.0,0.0,0.0,0.0,4
2023-05-09 21:40:29,ag2312P6300,ag2312P6300,724.5,0.0,0.0,0.0,1,730.5,736.5,1,724.5,729.0,0.0,0.0,0.0,0.0,4
2023-05-09 21:40:47,ag2312P6300,ag2312P6300,724.5,0.0,0.0,0.0,1,717.0,736.0,1,724.5,729.0,0.0,0.0,0.0,0.0,4
2023-05-09 21:40:48,ag2312P6300,ag2312P6300,724.5,0.0,0.0,0.0,1,728.5,734.5,1,724.5,729.0,0.0,0.0,0.0,0.0,4
2023-05-09 21:41:11,ag2312P6300,ag2312P6300,724.5,0.0,0.0,0.0,1,717.0,733.5,1,724.5,729.0,0.0,0.0,0.0,0.0,4
2023-05-09 21:41:12,ag2312P6300,ag2312P6300,724.5,0.0,0.0,0.0,1,727.5,733.5,1,724.5,729.0,0.0,0.0,0.0,0.0,4
2023-05-09 21:41:16,ag2312P6300,ag2312P6300,724.5,0.0,0.0,0.0,1,726.0,732.5,1,724.5,729.0,0.0,0.0,0.0,0.0,4
2023-05-09 21:41:17,ag2312P6300,ag2312P6300,724.5,0.0,0.0,0.0,1,717.0,732.5,1,724.5,729.0,0.0,0.0,0.0,0.0,4
2023-05-09 21:41:20,ag2312P6300,ag2312P6300,724.5,0.0,0.0,0.0,1,723.5,732.5,1,724.5,729.0,0.0,0.0,0.0,0.0,4
2023-05-09 21:41:21,ag2312P6300,ag2312P6300,724.5,0.0,0.0,0.0,1,723.5,730.0,1,724.5,729.0,0.0,0.0,0.0,0.0,4
2023-05-09 21:41:31,ag2312P6300,ag2312P6300,724.5,0.0,0.0,0.0,1,724.5,730.0,1,724.5,729.0,0.0,0.0,0.0,0.0,4
2023-05-09 21:41:41,ag2312P6300,ag2312P6300,724.5,0.0,0.0,0.0,1,723.5,730.0,1,724.5,729.0,0.0,0.0,0.0,0.0,4
2023-05-09 21:41:48,ag2312P6300,ag2312P6300,724.5,0.0,0.0,0.0,1,724.0,730.0,1,724.5,729.0,0.0,0.0,0.0,0.0,4
2023-05-09 21:41:53,ag2312P6300,ag2312P6300,724.5,0.0,0.0,0.0,1,724.0,731.5,1,724.5,729.0,0.0,0.0,0.0,0.0,4
2023-05-09 21:41:55,ag2312P6300,ag2312P6300,724.5,0.0,0.0,0.0,1,724.0,730.5,1,724.5,729.0,0.0,0.0,0.0,0.0,4
2023-05-09 21:41:59,ag2312P6300,ag2312P6300,724.5,0.0,0.0,0.0,1,725.0,730.5,1,724.5,729.0,0.0,0.0,0.0,0.0,4
2023-05-09 21:42:58,ag2312P6300,ag2312P6300,724.5,0.0,0.0,0.0,1,724.0,730.5,1,724.5,729.0,0.0,0.0,0.0,0.0,4
2023-05-09 21:42:59,ag2312P6300,ag2312P6300,724.5,0.0,0.0,0.0,1,724.0,729.5,1,724.5,729.0,0.0,0.0,0.0,0.0,4
2023-05-09 21:43:04,ag2312P6300,ag2312P6300,724.5,0.0,0.0,0.0,1,722.5,729.5,1,724.5,729.0,0.0,0.0,0.0,0.0,4
2023-05-09 21:43:04,ag2312P6300,ag2312P6300,724.5,0.0,0.0,0.0,1,722.5,728.5,1,724.5,729.0,0.0,0.0,0.0,0.0,4
2023-05-09 21:43:08,ag2312P6300,ag2312P6300,724.5,0.0,0.0,0.0,1,723.0,728.5,1,724.5,729.0,0.0,0.0,0.0,0.0,4
2023-05-09 21:43:29,ag2312P6300,ag2312P6300,724.5,0.0,0.0,0.0,1,723.0,729.5,1,724.5,729.0,0.0,0.0,0.0,0.0,4
2023-05-09 21:43:45,ag2312P6300,ag2312P6300,724.5,0.0,0.0,0.0,1,724.0,729.5,1,724.5,729.0,0.0,0.0,0.0,0.0,4
2023-05-09 21:44:18,ag2312P6300,ag2312P6300,724.5,0.0,0.0,0.0,1,723.0,729.5,1,724.5,729.0,0.0,0.0,0.0,0.0,4
2023-05-09 21:44:21,ag2312P6300,ag2312P6300,724.5,0.0,0.0,0.0,1,723.0,728.5,1,724.5,729.0,0.0,0.0,0.0,0.0,4
2023-05-09 21:44:41,ag2312P6300,ag2312P6300,724.5,0.0,0.0,0.0,1,723.0,729.5,1,724.5,729.0,0.0,0.0,0.0,0.0,4
2023-05-09 21:44:46,ag2312P6300,ag2312P6300,724.5,0.0,0.0,0.0,1,724.0,729.5,1,724.5,729.0,0.0,0.0,0.0,0.0,4
2023-05-09 21:44:50,ag2312P6300,ag2312P6300,724.5,0.0,0.0,0.0,1,723.0,729.5,1,724.5,729.0,0.0,0.0,0.0,0.0,4
2023-05-09 21:45:27,ag2312P6300,ag2312P6300,724.5,0.0,0.0,0.0,1,723.0,729.0,1,724.5,729.0,0.0,0.0,0.0,0.0,4
2023-05-09 21:45:29,ag2312P6300,ag2312P6300,724.5,0.0,0.0,0.0,1,724.0,729.0,1,724.5,729.0,0.0,0.0,0.0,0.0,4
2023-05-09 21:45:41,ag2312P6300,ag2312P6300,724.5,0.0,0.0,0.0,1,724.0,729.0,1,724.5,729.0,0.0,0.0,0.0,0.0,4
2023-05-09 21:45:57,ag2312P6300,ag2312P6300,724.5,0.0,0.0,0.0,1,724.0,729.0,1,724.5,729.0,0.0,0.0,0.0,0.0,4
2023-05-09 21:46:09,ag2312P6300,ag2312P6300,724.5,0.0,0.0,0.0,1,723.0,729.0,2,724.5,729.0,0.0,0.0,0.0,0.0,4
2023-05-09 21:46:17,ag2312P6300,ag2312P6300,724.5,0.0,0.0,0.0,1,724.0,729.0,1,724.5,729.0,0.0,0.0,0.0,0.0,4
2023-05-09 21:46:47,ag2312P6300,ag2312P6300,724.5,0.0,0.0,0.0,1,724.0,729.0,1,724.5,729.0,0.0,0.0,0.0,0.0,4
2023-05-09 21:47:13,ag2312P6300,ag2312P6300,724.5,0.0,0.0,0.0,1,723.0,729.0,1,724.5,729.0,0.0,0.0,0.0,0.0,4
2023-05-09 21:47:24,ag2312P6300,ag2312P6300,724.5,0.0,0.0,0.0,1,724.0,729.0,1,724.5,729.0,0.0,0.0,0.0,0.0,4
2023-05-09 21:47:28,ag2312P6300,ag2312P6300,724.5,0.0,0.0,0.0,1,724.0,729.0,1,724.5,729.0,0.0,0.0,0.0,0.0,4
2023-05-09 21:47:31,ag2312P6300,ag2312P6300,724.5,0.0,0.0,0.0,1,725.0,729.0,1,724.5,729.0,0.0,0.0,0.0,0.0,4
2023-05-09 21:47:59,ag2312P6300,ag2312P6300,724.5,0.0,0.0,0.0,1,724.0,729.0,1,724.5,729.0,0.0,0.0,0.0,0.0,4
2023-05-09 21:48:16,ag2312P6300,ag2312P6300,724.5,0.0,0.0,0.0,1,723.0,729.0,2,724.5,729.0,0.0,0.0,0.0,0.0,4
2023-05-09 21:48:47,ag2312P6300,ag2312P6300,724.5,0.0,0.0,0.0,1,723.0,728.5,1,724.5,729.0,0.0,0.0,0.0,0.0,4
2023-05-09 21:48:57,ag2312P6300,ag2312P6300,724.5,0.0,0.0,0.0,1,722.0,728.5,1,724.5,729.0,0.0,0.0,0.0,0.0,4
2023-05-09 21:49:02,ag2312P6300,ag2312P6300,724.5,0.0,0.0,0.0,1,722.0,727.5,1,724.5,729.0,0.0,0.0,0.0,0.0,4
2023-05-09 21:49:11,ag2312P6300,ag2312P6300,724.5,0.0,0.0,0.0,1,722.0,728.5,1,724.5,729.0,0.0,0.0,0.0,0.0,4
2023-05-09 21:49:12,ag2312P6300,ag2312P6300,724.5,0.0,0.0,0.0,1,722.0,729.0,1,724.5,729.0,0.0,0.0,0.0,0.0,4
2023-05-09 21:49:13,ag2312P6300,ag2312P6300,724.5,0.0,0.0,0.0,1,723.5,729.0,1,724.5,729.0,0.0,0.0,0.0,0.0,4
2023-05-09 21:49:15,ag2312P6300,ag2312P6300,724.5,0.0,0.0,0.0,1,722.0,729.0,2,724.5,729.0,0.0,0.0,0.0,0.0,4
2023-05-09 21:49:45,ag2312P6300,ag2312P6300,724.5,0.0,0.0,0.0,1,722.0,728.5,1,724.5,729.0,0.0,0.0,0.0,0.0,4
2023-05-09 21:49:52,ag2312P6300,ag2312P6300,724.5,0.0,0.0,0.0,1,722.0,728.0,1,724.5,729.0,0.0,0.0,0.0,0.0,4
2023-05-09 21:50:00,ag2312P6300,ag2312P6300,724.5,0.0,0.0,0.0,1,722.0,727.0,1,724.5,729.0,0.0,0.0,0.0,0.0,4
2023-05-09 21:50:02,ag2312P6300,ag2312P6300,724.5,0.0,0.0,0.0,1,720.5,727.0,1,724.5,729.0,0.0,0.0,0.0,0.0,4
2023-05-09 21:50:07,ag2312P6300,ag2312P6300,724.5,0.0,0.0,0.0,1,720.5,726.5,1,724.5,729.0,0.0,0.0,0.0,0.0,4
2023-05-09 21:50:08,ag2312P6300,ag2312P6300,724.5,0.0,0.0,0.0,1,720.5,725.5,1,724.5,729.0,0.0,0.0,0.0,0.0,4
2023-05-09 21:50:09,ag2312P6300,ag2312P6300,724.5,0.0,0.0,0.0,1,717.0,725.5,1,724.5,729.0,0.0,0.0,0.0,0.0,4
2023-05-09 21:50:09,ag2312P6300,ag2312P6300,724.5,0.0,0.0,0.0,1,719.0,725.5,1,724.5,729.0,0.0,0.0,0.0,0.0,4
2023-05-09 21:50:10,ag2312P6300,ag2312P6300,724.5,0.0,0.0,0.0,1,720.0,725.5,1,724.5,729.0,0.0,0.0,0.0,0.0,4
2023-05-09 21:50:13,ag2312P6300,ag2312P6300,724.5,0.0,0.0,0.0,1,720.0,726.5,1,724.5,729.0,0.0,0.0,0.0,0.0,4
2023-05-09 21:50:19,ag2312P6300,ag2312P6300,724.5,0.0,0.0,0.0,1,721.0,726.5,1,724.5,729.0,0.0,0.0,0.0,0.0,4
2023-05-09 21:50:25,ag2312P6300,ag2312P6300,724.5,0.0,0.0,0.0,1,721.0,728.0,1,724.5,729.0,0.0,0.0,0.0,0.0,4
2023-05-09 21:50:35,ag2312P6300,ag2312P6300,724.5,0.0,0.0,0.0,1,721.0,727.0,1,724.5,729.0,0.0,0.0,0.0,0.0,4
2023-05-09 21:51:02,ag2312P6300,ag2312P6300,724.5,0.0,0.0,0.0,1,720.0,726.5,1,724.5,729.0,0.0,0.0,0.0,0.0,4
2023-05-09 21:52:01,ag2312P6300,ag2312P6300,724.5,0.0,0.0,0.0,1,717.0,725.5,1,724.5,729.0,0.0,0.0,0.0,0.0,4
2023-05-09 21:52:02,ag2312P6300,ag2312P6300,724.5,0.0,0.0,0.0,1,718.0,724.5,1,724.5,729.0,0.0,0.0,0.0,0.0,4
2023-05-09 21:52:03,ag2312P6300,ag2312P6300,724.5,0.0,0.0,0.0,1,718.0,724.5,1,724.5,729.0,0.0,0.0,0.0,0.0,4
2023-05-09 21:52:05,ag2312P6300,ag2312P6300,724.5,0.0,0.0,0.0,1,718.0,723.5,1,724.5,729.0,0.0,0.0,0.0,0.0,4
2023-05-09 21:52:31,ag2312P6300,ag2312P6300,724.5,0.0,0.0,0.0,1,605.5,723.5,1,724.5,729.0,0.0,0.0,0.0,0.0,4
2023-05-09 21:52:31,ag2312P6300,ag2312P6300,724.5,0.0,0.0,0.0,2,606.0,723.5,1,724.5,729.0,0.0,0.0,0.0,0.0,4
2023-05-09 21:52:32,ag2312P6300,ag2312P6300,724.5,0.0,0.0,0.0,1,653.5,723.5,1,724.5,729.0,0.0,0.0,0.0,0.0,4
2023-05-09 21:52:32,ag2312P6300,ag2312P6300,724.5,0.0,0.0,0.0,1,716.5,722.5,1,724.5,729.0,0.0,0.0,0.0,0.0,4
2023-05-09 21:52:51,ag2312P6300,ag2312P6300,724.5,0.0,0.0,0.0,1,716.5,723.5,1,724.5,729.0,0.0,0.0,0.0,0.0,4
2023-05-09 21:52:54,ag2312P6300,ag2312P6300,724.5,0.0,0.0,0.0,1,717.5,723.5,1,724.5,729.0,0.0,0.0,0.0,0.0,4
2023-05-09 21:53:16,ag2312P6300,ag2312P6300,724.5,0.0,0.0,0.0,1,718.5,723.5,1,724.5,729.0,0.0,0.0,0.0,0.0,4
2023-05-09 21:53:36,ag2312P6300,ag2312P6300,724.5,0.0,0.0,0.0,1,717.5,723.5,1,724.5,729.0,0.0,0.0,0.0,0.0,4
2023-05-09 21:53:39,ag2312P6300,ag2312P6300,724.5,0.0,0.0,0.0,1,717.5,722.5,1,724.5,729.0,0.0,0.0,0.0,0.0,4
2023-05-09 21:53:40,ag2312P6300,ag2312P6300,724.5,0.0,0.0,0.0,1,653.5,722.5,1,724.5,729.0,0.0,0.0,0.0,0.0,4
2023-05-09 21:53:40,ag2312P6300,ag2312P6300,724.5,0.0,0.0,0.0,1,716.0,722.5,1,724.5,729.0,0.0,0.0,0.0,0.0,4
2023-05-09 21:53:41,ag2312P6300,ag2312P6300,724.5,0.0,0.0,0.0,1,716.0,722.5,1,724.5,729.0,0.0,0.0,0.0,0.0,4
2023-05-09 21:53:46,ag2312P6300,ag2312P6300,724.5,0.0,0.0,0.0,1,716.5,722.5,1,724.5,729.0,0.0,0.0,0.0,0.0,4
2023-05-09 21:54:01,ag2312P6300,ag2312P6300,724.5,0.0,0.0,0.0,1,716.0,722.5,1,724.5,729.0,0.0,0.0,0.0,0.0,4
2023-05-09 21:54:01,ag2312P6300,ag2312P6300,724.5,0.0,0.0,0.0,1,714.5,720.5,1,724.5,729.0,0.0,0.0,0.0,0.0,4
2023-05-09 21:54:11,ag2312P6300,ag2312P6300,724.5,0.0,0.0,0.0,1,714.5,719.5,1,724.5,729.0,0.0,0.0,0.0,0.0,4
2023-05-09 21:54:13,ag2312P6300,ag2312P6300,724.5,0.0,0.0,0.0,1,713.0,719.5,1,724.5,729.0,0.0,0.0,0.0,0.0,4
2023-05-09 21:54:22,ag2312P6300,ag2312P6300,724.5,0.0,0.0,0.0,1,713.0,718.5,1,724.5,729.0,0.0,0.0,0.0,0.0,4
2023-05-09 21:54:33,ag2312P6300,ag2312P6300,724.5,0.0,0.0,0.0,1,701.5,718.5,1,724.5,729.0,0.0,0.0,0.0,0.0,4
2023-05-09 21:54:33,ag2312P6300,ag2312P6300,724.5,0.0,0.0,0.0,1,712.0,718.5,1,724.5,729.0,0.0,0.0,0.0,0.0,4
2023-05-09 21:54:36,ag2312P6300,ag2312P6300,724.5,0.0,0.0,0.0,1,713.0,718.5,1,724.5,729.0,0.0,0.0,0.0,0.0,4
2023-05-09 21:54:41,ag2312P6300,ag2312P6300,724.5,0.0,0.0,0.0,1,714.0,719.5,1,724.5,729.0,0.0,0.0,0.0,0.0,4
2023-05-09 21:54:53,ag2312P6300,ag2312P6300,724.5,0.0,0.0,0.0,1,714.0,721.0,1,724.5,729.0,0.0,0.0,0.0,0.0,4
2023-05-09 21:54:54,ag2312P6300,ag2312P6300,724.5,0.0,0.0,0.0,1,715.0,721.0,1,724.5,729.0,0.0,0.0,0.0,0.0,4
2023-05-09 21:55:24,ag2312P6300,ag2312P6300,724.5,0.0,0.0,0.0,1,715.0,729.0,1,724.5,729.0,0.0,0.0,0.0,0.0,4
2023-05-09 21:55:25,ag2312P6300,ag2312P6300,724.5,0.0,0.0,0.0,1,716.0,722.5,1,724.5,729.0,0.0,0.0,0.0,0.0,4
2023-05-09 21:55:42,ag2312P6300,ag2312P6300,724.5,0.0,0.0,0.0,1,716.0,721.5,1,724.5,729.0,0.0,0.0,0.0,0.0,4
2023-05-09 21:56:40,ag2312P6300,ag2312P6300,724.5,0.0,0.0,0.0,1,716.0,722.5,1,724.5,729.0,0.0,0.0,0.0,0.0,4
2023-05-09 21:56:41,ag2312P6300,ag2312P6300,724.5,0.0,0.0,0.0,1,717.0,722.5,1,724.5,729.0,0.0,0.0,0.0,0.0,4
2023-05-09 21:56:51,ag2312P6300,ag2312P6300,724.5,0.0,0.0,0.0,1,717.0,723.5,1,724.5,729.0,0.0,0.0,0.0,0.0,4
2023-05-09 21:56:55,ag2312P6300,ag2312P6300,724.5,0.0,0.0,0.0,1,717.0,722.5,1,724.5,729.0,0.0,0.0,0.0,0.0,4
2023-05-09 21:57:19,ag2312P6300,ag2312P6300,724.5,0.0,0.0,0.0,1,717.0,723.5,1,724.5,729.0,0.0,0.0,0.0,0.0,4
2023-05-09 21:57:34,ag2312P6300,ag2312P6300,724.5,0.0,0.0,0.0,1,718.0,723.5,1,724.5,729.0,0.0,0.0,0.0,0.0,4
2023-05-09 21:57:38,ag2312P6300,ag2312P6300,724.5,0.0,0.0,0.0,1,718.0,724.5,1,724.5,729.0,0.0,0.0,0.0,0.0,4
2023-05-09 21:57:52,ag2312P6300,ag2312P6300,724.5,0.0,0.0,0.0,1,718.0,723.5,1,724.5,729.0,0.0,0.0,0.0,0.0,4
2023-05-09 21:57:58,ag2312P6300,ag2312P6300,724.5,0.0,0.0,0.0,1,717.0,722.5,1,724.5,729.0,0.0,0.0,0.0,0.0,4
2023-05-09 21:58:00,ag2312P6300,ag2312P6300,724.5,0.0,0.0,0.0,1,701.5,722.5,1,724.5,729.0,0.0,0.0,0.0,0.0,4
2023-05-09 21:58:02,ag2312P6300,ag2312P6300,724.5,0.0,0.0,0.0,1,716.0,722.5,1,724.5,729.0,0.0,0.0,0.0,0.0,4
2023-05-09 21:58:08,ag2312P6300,ag2312P6300,724.5,0.0,0.0,0.0,1,717.0,722.5,1,724.5,729.0,0.0,0.0,0.0,0.0,4
2023-05-09 21:58:14,ag2312P6300,ag2312P6300,724.5,0.0,0.0,0.0,1,717.0,723.5,1,724.5,729.0,0.0,0.0,0.0,0.0,4
2023-05-09 21:58:15,ag2312P6300,ag2312P6300,724.5,0.0,0.0,0.0,1,718.0,723.5,1,724.5,729.0,0.0,0.0,0.0,0.0,4
2023-05-09 21:59:12,ag2312P6300,ag2312P6300,724.5,0.0,0.0,0.0,1,717.0,723.0,1,724.5,729.0,0.0,0.0,0.0,0.0,4
2023-05-09 21:59:30,ag2312P6300,ag2312P6300,724.5,0.0,0.0,0.0,1,718.0,723.0,1,724.5,729.0,0.0,0.0,0.0,0.0,4
2023-05-09 21:59:33,ag2312P6300,ag2312P6300,724.5,0.0,0.0,0.0,1,718.0,723.5,1,724.5,729.0,0.0,0.0,0.0,0.0,4
2023-05-09 21:59:45,ag2312P6300,ag2312P6300,724.5,0.0,0.0,0.0,1,717.0,723.5,1,724.5,729.0,0.0,0.0,0.0,0.0,4
2023-05-09 21:59:55,ag2312P6300,ag2312P6300,724.5,0.0,0.0,0.0,1,701.5,723.0,1,724.5,729.0,0.0,0.0,0.0,0.0,4
2023-05-09 21:59:56,ag2312P6300,ag2312P6300,724.5,0.0,0.0,0.0,1,715.5,723.0,1,724.5,729.0,0.0,0.0,0.0,0.0,4
2023-05-09 21:59:58,ag2312P6300,ag2312P6300,724.5,0.0,0.0,0.0,1,715.5,722.0,1,724.5,729.0,0.0,0.0,0.0,0.0,4
2023-05-09 22:00:06,ag2312P6300,ag2312P6300,724.5,0.0,0.0,0.0,1,716.5,722.0,1,724.5,729.0,0.0,0.0,0.0,0.0,4
2023-05-09 22:00:06,ag2312P6300,ag2312P6300,724.5,0.0,0.0,0.0,1,716.5,723.0,1,724.5,729.0,0.0,0.0,0.0,0.0,4
2023-05-09 22:00:10,ag2312P6300,ag2312P6300,724.5,0.0,0.0,0.0,1,717.5,723.0,1,724.5,729.0,0.0,0.0,0.0,0.0,4
2023-05-09 22:00:31,ag2312P6300,ag2312P6300,724.5,0.0,0.0,0.0,1,716.5,722.0,1,724.5,729.0,0.0,0.0,0.0,0.0,4
2023-05-09 22:01:01,ag2312P6300,ag2312P6300,724.5,0.0,0.0,0.0,1,716.5,723.0,1,724.5,729.0,0.0,0.0,0.0,0.0,4
2023-05-09 22:01:22,ag2312P6300,ag2312P6300,724.5,0.0,0.0,0.0,1,716.5,722.0,1,724.5,729.0,0.0,0.0,0.0,0.0,4
2023-05-09 22:01:28,ag2312P6300,ag2312P6300,724.5,0.0,0.0,0.0,1,715.0,722.0,1,724.5,729.0,0.0,0.0,0.0,0.0,4
2023-05-09 22:01:31,ag2312P6300,ag2312P6300,724.5,0.0,0.0,0.0,1,716.0,722.0,1,724.5,729.0,0.0,0.0,0.0,0.0,4
2023-05-09 22:01:54,ag2312P6300,ag2312P6300,724.5,0.0,0.0,0.0,1,715.0,722.0,1,724.5,729.0,0.0,0.0,0.0,0.0,4
2023-05-09 22:01:55,ag2312P6300,ag2312P6300,724.5,0.0,0.0,0.0,1,715.0,721.0,1,724.5,729.0,0.0,0.0,0.0,0.0,4
2023-05-09 22:02:21,ag2312P6300,ag2312P6300,724.5,0.0,0.0,0.0,1,716.0,721.0,1,724.5,729.0,0.0,0.0,0.0,0.0,4
2023-05-09 22:02:22,ag2312P6300,ag2312P6300,724.5,0.0,0.0,0.0,1,716.0,722.0,1,724.5,729.0,0.0,0.0,0.0,0.0,4
2023-05-09 22:02:24,ag2312P6300,ag2312P6300,724.5,0.0,0.0,0.0,1,717.0,722.0,1,724.5,729.0,0.0,0.0,0.0,0.0,4
2023-05-09 22:02:29,ag2312P6300,ag2312P6300,724.5,0.0,0.0,0.0,1,716.0,722.0,1,724.5,729.0,0.0,0.0,0.0,0.0,4
2023-05-09 22:02:34,ag2312P6300,ag2312P6300,724.5,0.0,0.0,0.0,1,716.5,723.5,1,724.5,729.0,0.0,0.0,0.0,0.0,4
2023-05-09 22:02:40,ag2312P6300,ag2312P6300,724.5,0.0,0.0,0.0,1,717.5,723.5,1,724.5,729.0,0.0,0.0,0.0,0.0,4
2023-05-09 22:03:03,ag2312P6300,ag2312P6300,724.5,0.0,0.0,0.0,1,717.5,722.5,1,724.5,729.0,0.0,0.0,0.0,0.0,4
2023-05-09 22:03:07,ag2312P6300,ag2312P6300,724.5,0.0,0.0,0.0,1,716.5,722.5,1,724.5,729.0,0.0,0.0,0.0,0.0,4
2023-05-09 22:03:12,ag2312P6300,ag2312P6300,724.5,0.0,0.0,0.0,1,701.5,721.5,1,724.5,729.0,0.0,0.0,0.0,0.0,4
2023-05-09 22:03:13,ag2312P6300,ag2312P6300,724.5,0.0,0.0,0.0,1,715.0,721.5,1,724.5,729.0,0.0,0.0,0.0,0.0,4
2023-05-09 22:03:20,ag2312P6300,ag2312P6300,724.5,0.0,0.0,0.0,1,716.0,721.5,1,724.5,729.0,0.0,0.0,0.0,0.0,4
2023-05-09 22:03:23,ag2312P6300,ag2312P6300,724.5,0.0,0.0,0.0,1,716.0,722.5,1,724.5,729.0,0.0,0.0,0.0,0.0,4
2023-05-09 22:03:26,ag2312P6300,ag2312P6300,724.5,0.0,0.0,0.0,1,717.0,722.5,1,724.5,729.0,0.0,0.0,0.0,0.0,4
2023-05-09 22:03:49,ag2312P6300,ag2312P6300,724.5,0.0,0.0,0.0,1,716.0,722.5,1,724.5,729.0,0.0,0.0,0.0,0.0,4
2023-05-09 22:04:15,ag2312P6300,ag2312P6300,724.5,0.0,0.0,0.0,1,716.0,721.5,1,724.5,729.0,0.0,0.0,0.0,0.0,4
2023-05-09 22:04:17,ag2312P6300,ag2312P6300,724.5,0.0,0.0,0.0,1,716.0,721.0,1,724.5,729.0,0.0,0.0,0.0,0.0,4
2023-05-09 22:04:17,ag2312P6300,ag2312P6300,724.5,0.0,0.0,0.0,1,714.5,721.0,1,724.5,729.0,0.0,0.0,0.0,0.0,4
2023-05-09 22:04:32,ag2312P6300,ag2312P6300,724.5,0.0,0.0,0.0,1,715.5,721.0,1,724.5,729.0,0.0,0.0,0.0,0.0,4
2023-05-09 22:04:50,ag2312P6300,ag2312P6300,724.5,0.0,0.0,0.0,1,716.0,729.0,1,724.5,729.0,0.0,0.0,0.0,0.0,4
2023-05-09 22:04:51,ag2312P6300,ag2312P6300,724.5,0.0,0.0,0.0,1,716.0,723.5,1,724.5,729.0,0.0,0.0,0.0,0.0,4
2023-05-09 22:04:53,ag2312P6300,ag2312P6300,724.5,0.0,0.0,0.0,1,717.0,723.5,1,724.5,729.0,0.0,0.0,0.0,0.0,4
2023-05-09 22:05:02,ag2312P6300,ag2312P6300,724.5,0.0,0.0,0.0,1,717.5,723.5,1,724.5,729.0,0.0,0.0,0.0,0.0,4
2023-05-09 22:05:13,ag2312P6300,ag2312P6300,724.5,0.0,0.0,0.0,1,718.0,723.5,1,724.5,729.0,0.0,0.0,0.0,0.0,4
2023-05-09 22:05:14,ag2312P6300,ag2312P6300,724.5,0.0,0.0,0.0,1,718.0,729.0,1,724.5,729.0,0.0,0.0,0.0,0.0,4
2023-05-09 22:05:15,ag2312P6300,ag2312P6300,724.5,0.0,0.0,0.0,1,719.0,724.5,1,724.5,729.0,0.0,0.0,0.0,0.0,4
2023-05-09 22:05:22,ag2312P6300,ag2312P6300,724.5,0.0,0.0,0.0,1,718.0,724.5,1,724.5,729.0,0.0,0.0,0.0,0.0,4
2023-05-09 22:05:31,ag2312P6300,ag2312P6300,724.5,0.0,0.0,0.0,1,718.0,723.5,1,724.5,729.0,0.0,0.0,0.0,0.0,4
2023-05-09 22:05:53,ag2312P6300,ag2312P6300,724.5,0.0,0.0,0.0,1,718.5,724.5,1,724.5,729.0,0.0,0.0,0.0,0.0,4
2023-05-09 22:05:56,ag2312P6300,ag2312P6300,724.5,0.0,0.0,0.0,1,719.5,724.5,1,724.5,729.0,0.0,0.0,0.0,0.0,4
2023-05-09 22:06:01,ag2312P6300,ag2312P6300,724.5,0.0,0.0,0.0,1,719.5,726.0,1,724.5,729.0,0.0,0.0,0.0,0.0,4
2023-05-09 22:06:03,ag2312P6300,ag2312P6300,724.5,0.0,0.0,0.0,1,719.5,729.0,1,724.5,729.0,0.0,0.0,0.0,0.0,4
2023-05-09 22:06:03,ag2312P6300,ag2312P6300,724.5,0.0,0.0,0.0,1,720.5,727.0,1,724.5,729.0,0.0,0.0,0.0,0.0,4
2023-05-09 22:06:04,ag2312P6300,ag2312P6300,724.5,0.0,0.0,0.0,1,720.5,726.0,1,724.5,729.0,0.0,0.0,0.0,0.0,4
2023-05-09 22:06:56,ag2312P6300,ag2312P6300,724.5,0.0,0.0,0.0,1,719.5,726.0,1,724.5,729.0,0.0,0.0,0.0,0.0,4
2023-05-09 22:07:00,ag2312P6300,ag2312P6300,724.5,0.0,0.0,0.0,1,701.5,725.0,1,724.5,729.0,0.0,0.0,0.0,0.0,4
2023-05-09 22:07:01,ag2312P6300,ag2312P6300,724.5,0.0,0.0,0.0,1,717.5,724.0,1,724.5,729.0,0.0,0.0,0.0,0.0,4
2023-05-09 22:07:26,ag2312P6300,ag2312P6300,724.5,0.0,0.0,0.0,1,718.5,724.0,1,724.5,729.0,0.0,0.0,0.0,0.0,4
2023-05-09 22:07:47,ag2312P6300,ag2312P6300,724.5,0.0,0.0,0.0,1,717.5,724.0,1,724.5,729.0,0.0,0.0,0.0,0.0,4
2023-05-09 22:08:05,ag2312P6300,ag2312P6300,724.5,0.0,0.0,0.0,1,717.5,723.0,1,724.5,729.0,0.0,0.0,0.0,0.0,4
2023-05-09 22:10:26,ag2312P6300,ag2312P6300,724.5,0.0,0.0,0.0,1,718.5,724.0,1,724.5,729.0,0.0,0.0,0.0,0.0,4
2023-05-09 22:10:27,ag2312P6300,ag2312P6300,724.5,0.0,0.0,0.0,1,718.5,729.0,1,724.5,729.0,0.0,0.0,0.0,0.0,4
2023-05-09 22:10:28,ag2312P6300,ag2312P6300,724.5,0.0,0.0,0.0,1,718.5,725.0,1,724.5,729.0,0.0,0.0,0.0,0.0,4
2023-05-09 22:10:45,ag2312P6300,ag2312P6300,724.5,0.0,0.0,0.0,1,718.5,724.0,1,724.5,729.0,0.0,0.0,0.0,0.0,4
2023-05-09 22:12:00,ag2312P6300,ag2312P6300,724.5,0.0,0.0,0.0,1,718.5,725.0,1,724.5,729.0,0.0,0.0,0.0,0.0,4
2023-05-09 22:12:03,ag2312P6300,ag2312P6300,724.5,0.0,0.0,0.0,1,719.5,725.0,1,724.5,729.0,0.0,0.0,0.0,0.0,4
2023-05-09 22:12:11,ag2312P6300,ag2312P6300,724.5,0.0,0.0,0.0,1,719.5,726.5,1,724.5,729.0,0.0,0.0,0.0,0.0,4
2023-05-09 22:12:12,ag2312P6300,ag2312P6300,724.5,0.0,0.0,0.0,1,719.5,725.5,1,724.5,729.0,0.0,0.0,0.0,0.0,4
2023-05-09 22:12:44,ag2312P6300,ag2312P6300,724.5,0.0,0.0,0.0,1,720.5,725.5,1,724.5,729.0,0.0,0.0,0.0,0.0,4
2023-05-09 22:12:46,ag2312P6300,ag2312P6300,724.5,0.0,0.0,0.0,1,720.5,726.5,1,724.5,729.0,0.0,0.0,0.0,0.0,4
2023-05-09 22:13:01,ag2312P6300,ag2312P6300,724.5,0.0,0.0,0.0,1,719.5,725.5,1,724.5,729.0,0.0,0.0,0.0,0.0,4
2023-05-09 22:13:30,ag2312P6300,ag2312P6300,724.5,0.0,0.0,0.0,1,718.5,724.5,1,724.5,729.0,0.0,0.0,0.0,0.0,4
2023-05-09 22:17:29,ag2312P6300,ag2312P6300,724.5,0.0,0.0,0.0,1,719.0,724.5,1,724.5,729.0,0.0,0.0,0.0,0.0,4
2023-05-09 22:17:32,ag2312P6300,ag2312P6300,724.5,0.0,0.0,0.0,1,719.0,725.5,1,724.5,729.0,0.0,0.0,0.0,0.0,4
2023-05-09 22:17:34,ag2312P6300,ag2312P6300,724.5,0.0,0.0,0.0,1,720.0,725.5,1,724.5,729.0,0.0,0.0,0.0,0.0,4
2023-05-09 22:18:00,ag2312P6300,ag2312P6300,724.5,0.0,0.0,0.0,1,720.0,729.0,1,724.5,729.0,0.0,0.0,0.0,0.0,4
2023-05-09 22:18:02,ag2312P6300,ag2312P6300,724.5,0.0,0.0,0.0,1,721.5,729.0,1,724.5,729.0,0.0,0.0,0.0,0.0,4
2023-05-09 22:18:02,ag2312P6300,ag2312P6300,724.5,0.0,0.0,0.0,1,721.5,728.0,1,724.5,729.0,0.0,0.0,0.0,0.0,4
2023-05-09 22:18:26,ag2312P6300,ag2312P6300,724.5,0.0,0.0,0.0,1,721.5,727.0,1,724.5,729.0,0.0,0.0,0.0,0.0,4
2023-05-09 22:19:03,ag2312P6300,ag2312P6300,724.5,0.0,0.0,0.0,1,721.5,728.0,1,724.5,729.0,0.0,0.0,0.0,0.0,4
2023-05-09 22:19:05,ag2312P6300,ag2312P6300,724.5,0.0,0.0,0.0,1,722.5,728.0,1,724.5,729.0,0.0,0.0,0.0,0.0,4
2023-05-09 22:19:11,ag2312P6300,ag2312P6300,724.5,0.0,0.0,0.0,1,722.5,729.0,1,724.5,729.0,0.0,0.0,0.0,0.0,4
2023-05-09 22:19:11,ag2312P6300,ag2312P6300,724.5,0.0,0.0,0.0,1,722.5,729.0,1,724.5,729.0,0.0,0.0,0.0,0.0,4
2023-05-09 22:19:15,ag2312P6300,ag2312P6300,724.5,0.0,0.0,0.0,1,722.5,729.0,2,724.5,729.0,0.0,0.0,0.0,0.0,4
2023-05-09 22:19:19,ag2312P6300,ag2312P6300,724.5,0.0,0.0,0.0,1,722.5,728.0,1,724.5,729.0,0.0,0.0,0.0,0.0,4
2023-05-09 22:21:10,ag2312P6300,ag2312P6300,724.5,0.0,0.0,0.0,1,722.5,729.0,2,724.5,729.0,0.0,0.0,0.0,0.0,4
2023-05-09 22:21:11,ag2312P6300,ag2312P6300,724.5,0.0,0.0,0.0,1,723.5,729.0,1,724.5,729.0,0.0,0.0,0.0,0.0,4
2023-05-09 22:21:11,ag2312P6300,ag2312P6300,724.5,0.0,0.0,0.0,1,723.5,729.0,1,724.5,729.0,0.0,0.0,0.0,0.0,4
2023-05-09 22:21:18,ag2312P6300,ag2312P6300,724.5,0.0,0.0,0.0,1,724.0,729.0,1,724.5,729.0,0.0,0.0,0.0,0.0,4
2023-05-09 22:21:20,ag2312P6300,ag2312P6300,724.5,0.0,0.0,0.0,1,725.0,729.0,1,724.5,729.0,0.0,0.0,0.0,0.0,4
2023-05-09 22:21:22,ag2312P6300,ag2312P6300,724.5,0.0,0.0,0.0,1,725.0,729.0,1,724.5,729.0,0.0,0.0,0.0,0.0,4
2023-05-09 22:21:36,ag2312P6300,ag2312P6300,724.5,0.0,0.0,0.0,1,725.0,729.0,1,724.5,729.0,0.0,0.0,0.0,0.0,4
2023-05-09 22:22:10,ag2312P6300,ag2312P6300,724.5,0.0,0.0,0.0,1,725.0,729.0,1,724.5,729.0,0.0,0.0,0.0,0.0,4
2023-05-09 22:22:10,ag2312P6300,ag2312P6300,724.5,0.0,0.0,0.0,1,725.0,729.0,1,724.5,729.0,0.0,0.0,0.0,0.0,4
2023-05-09 22:22:14,ag2312P6300,ag2312P6300,724.5,0.0,0.0,0.0,1,725.0,729.0,1,724.5,729.0,0.0,0.0,0.0,0.0,4
2023-05-09 22:23:42,ag2312P6300,ag2312P6300,724.5,0.0,0.0,0.0,1,725.5,729.0,1,724.5,729.0,0.0,0.0,0.0,0.0,4
2023-05-09 22:23:43,ag2312P6300,ag2312P6300,724.5,0.0,0.0,0.0,1,726.5,729.0,1,724.5,729.0,0.0,0.0,0.0,0.0,4
2023-05-09 22:23:56,ag2312P6300,ag2312P6300,724.5,0.0,0.0,0.0,1,725.5,729.0,1,724.5,729.0,0.0,0.0,0.0,0.0,4
2023-05-09 22:24:26,ag2312P6300,ag2312P6300,724.5,0.0,0.0,0.0,1,725.5,729.0,1,724.5,729.0,0.0,0.0,0.0,0.0,4
2023-05-09 22:25:01,ag2312P6300,ag2312P6300,724.5,0.0,0.0,0.0,1,725.5,729.0,1,724.5,729.0,0.0,0.0,0.0,0.0,4
2023-05-09 22:25:07,ag2312P6300,ag2312P6300,724.5,0.0,0.0,0.0,1,726.5,729.0,1,724.5,729.0,0.0,0.0,0.0,0.0,4
2023-05-09 22:25:35,ag2312P6300,ag2312P6300,724.5,0.0,0.0,0.0,1,725.5,729.0,1,724.5,729.0,0.0,0.0,0.0,0.0,4
2023-05-09 22:25:37,ag2312P6300,ag2312P6300,724.5,0.0,0.0,0.0,1,725.5,729.0,1,724.5,729.0,0.0,0.0,0.0,0.0,4
2023-05-09 22:26:08,ag2312P6300,ag2312P6300,724.5,0.0,0.0,0.0,1,701.5,729.0,1,724.5,729.0,0.0,0.0,0.0,0.0,4
2023-05-09 22:26:09,ag2312P6300,ag2312P6300,724.5,0.0,0.0,0.0,2,702.0,729.0,1,724.5,729.0,0.0,0.0,0.0,0.0,4
2023-05-09 22:26:09,ag2312P6300,ag2312P6300,724.5,0.0,0.0,0.0,1,724.5,729.0,1,724.5,729.0,0.0,0.0,0.0,0.0,4
2023-05-09 22:26:10,ag2312P6300,ag2312P6300,724.5,0.0,0.0,0.0,1,724.5,729.0,1,724.5,729.0,0.0,0.0,0.0,0.0,4
2023-05-09 22:26:21,ag2312P6300,ag2312P6300,724.5,0.0,0.0,0.0,1,725.0,729.0,1,724.5,729.0,0.0,0.0,0.0,0.0,4
2023-05-09 22:26:28,ag2312P6300,ag2312P6300,724.5,0.0,0.0,0.0,1,725.0,729.0,1,724.5,729.0,0.0,0.0,0.0,0.0,4
2023-05-09 22:26:28,ag2312P6300,ag2312P6300,724.5,0.0,0.0,0.0,1,724.5,729.0,1,724.5,729.0,0.0,0.0,0.0,0.0,4
2023-05-09 22:26:53,ag2312P6300,ag2312P6300,724.5,0.0,0.0,0.0,1,724.5,729.0,1,724.5,729.0,0.0,0.0,0.0,0.0,4
2023-05-09 22:26:54,ag2312P6300,ag2312P6300,724.5,0.0,0.0,0.0,1,723.5,729.0,1,724.5,729.0,0.0,0.0,0.0,0.0,4
2023-05-09 22:27:12,ag2312P6300,ag2312P6300,724.5,0.0,0.0,0.0,1,724.5,729.0,1,724.5,729.0,0.0,0.0,0.0,0.0,4
2023-05-09 22:27:46,ag2312P6300,ag2312P6300,724.5,0.0,0.0,0.0,1,723.5,729.0,1,724.5,729.0,0.0,0.0,0.0,0.0,4
2023-05-09 22:29:06,ag2312P6300,ag2312P6300,724.5,0.0,0.0,0.0,1,724.5,729.0,1,724.5,729.0,0.0,0.0,0.0,0.0,4
2023-05-09 22:29:06,ag2312P6300,ag2312P6300,724.5,0.0,0.0,0.0,1,724.5,729.0,1,724.5,729.0,0.0,0.0,0.0,0.0,4
2023-05-09 22:29:27,ag2312P6300,ag2312P6300,724.5,0.0,0.0,0.0,1,725.5,729.0,1,724.5,729.0,0.0,0.0,0.0,0.0,4
2023-05-09 22:29:39,ag2312P6300,ag2312P6300,724.5,0.0,0.0,0.0,1,725.5,729.0,1,724.5,729.0,0.0,0.0,0.0,0.0,4
2023-05-09 22:30:05,ag2312P6300,ag2312P6300,724.5,0.0,0.0,0.0,1,726.5,729.0,1,724.5,729.0,0.0,0.0,0.0,0.0,4
2023-05-09 22:31:51,ag2312P6300,ag2312P6300,724.5,0.0,0.0,0.0,1,725.5,729.0,1,724.5,729.0,0.0,0.0,0.0,0.0,4
2023-05-09 22:32:10,ag2312P6300,ag2312P6300,724.5,0.0,0.0,0.0,1,725.5,729.0,1,724.5,729.0,0.0,0.0,0.0,0.0,4
2023-05-09 22:32:14,ag2312P6300,ag2312P6300,724.5,0.0,0.0,0.0,1,726.5,729.0,1,724.5,729.0,0.0,0.0,0.0,0.0,4
2023-05-09 22:32:21,ag2312P6300,ag2312P6300,729.0,1.0,10935.0,0.0,1,726.5,743.0,1,724.5,729.0,729.0,729.0,1.0,10935.0,4
2023-05-09 22:32:22,ag2312P6300,ag2312P6300,729.0,0.0,0.0,0.0,1,726.5,733.0,1,724.5,729.0,729.0,729.0,1.0,10935.0,4
2023-05-09 22:32:25,ag2312P6300,ag2312P6300,729.0,0.0,0.0,0.0,1,727.5,733.0,1,724.5,729.0,729.0,729.0,1.0,10935.0,4
2023-05-09 22:33:17,ag2312P6300,ag2312P6300,729.0,0.0,0.0,0.0,1,726.5,733.0,1,724.5,729.0,729.0,729.0,1.0,10935.0,4
2023-05-09 22:33:18,ag2312P6300,ag2312P6300,729.0,0.0,0.0,0.0,1,726.5,732.0,1,724.5,729.0,729.0,729.0,1.0,10935.0,4
2023-05-09 22:33:28,ag2312P6300,ag2312P6300,729.0,0.0,0.0,0.0,1,725.0,732.0,1,724.5,729.0,729.0,729.0,1.0,10935.0,4
2023-05-09 22:34:05,ag2312P6300,ag2312P6300,729.0,0.0,0.0,0.0,1,726.0,732.0,1,724.5,729.0,729.0,729.0,1.0,10935.0,4
2023-05-09 22:34:29,ag2312P6300,ag2312P6300,729.0,0.0,0.0,0.0,1,725.0,731.0,1,724.5,729.0,729.0,729.0,1.0,10935.0,4
2023-05-09 22:34:47,ag2312P6300,ag2312P6300,729.0,0.0,0.0,0.0,1,723.5,730.0,1,724.5,729.0,729.0,729.0,1.0,10935.0,4
2023-05-09 22:35:27,ag2312P6300,ag2312P6300,729.0,0.0,0.0,0.0,1,724.5,730.0,1,724.5,729.0,729.0,729.0,1.0,10935.0,4
2023-05-09 22:36:29,ag2312P6300,ag2312P6300,729.0,0.0,0.0,0.0,1,723.5,730.0,1,724.5,729.0,729.0,729.0,1.0,10935.0,4
2023-05-09 22:36:33,ag2312P6300,ag2312P6300,729.0,0.0,0.0,0.0,1,723.5,729.0,1,724.5,729.0,729.0,729.0,1.0,10935.0,4
2023-05-09 22:38:06,ag2312P6300,ag2312P6300,729.0,0.0,0.0,0.0,1,722.0,729.0,1,724.5,729.0,729.0,729.0,1.0,10935.0,4
2023-05-09 22:38:08,ag2312P6300,ag2312P6300,729.0,0.0,0.0,0.0,1,722.5,729.0,1,724.5,729.0,729.0,729.0,1.0,10935.0,4
2023-05-09 22:39:16,ag2312P6300,ag2312P6300,729.0,0.0,0.0,0.0,1,723.0,729.0,1,724.5,729.0,729.0,729.0,1.0,10935.0,4
2023-05-09 22:40:29,ag2312P6300,ag2312P6300,729.0,0.0,0.0,0.0,1,724.0,729.0,1,724.5,729.0,729.0,729.0,1.0,10935.0,4
2023-05-09 22:40:30,ag2312P6300,ag2312P6300,729.0,0.0,0.0,0.0,1,724.0,730.0,1,724.5,729.0,729.0,729.0,1.0,10935.0,4
2023-05-09 22:40:59,ag2312P6300,ag2312P6300,729.0,0.0,0.0,0.0,1,724.5,743.0,1,724.5,729.0,729.0,729.0,1.0,10935.0,4
2023-05-09 22:41:00,ag2312P6300,ag2312P6300,729.0,0.0,0.0,0.0,1,725.5,732.0,1,724.5,729.0,729.0,729.0,1.0,10935.0,4
2023-05-09 22:41:21,ag2312P6300,ag2312P6300,729.0,0.0,0.0,0.0,1,725.5,731.0,1,724.5,729.0,729.0,729.0,1.0,10935.0,4
2023-05-09 22:41:35,ag2312P6300,ag2312P6300,729.0,0.0,0.0,0.0,1,724.5,731.0,1,724.5,729.0,729.0,729.0,1.0,10935.0,4
2023-05-09 22:42:40,ag2312P6300,ag2312P6300,729.0,0.0,0.0,0.0,1,725.0,731.0,1,724.5,729.0,729.0,729.0,1.0,10935.0,4
2023-05-09 22:42:54,ag2312P6300,ag2312P6300,729.0,0.0,0.0,0.0,1,725.5,731.0,1,724.5,729.0,729.0,729.0,1.0,10935.0,4
2023-05-09 22:42:55,ag2312P6300,ag2312P6300,729.0,0.0,0.0,0.0,1,725.5,732.0,1,724.5,729.0,729.0,729.0,1.0,10935.0,4
2023-05-09 22:43:48,ag2312P6300,ag2312P6300,729.0,0.0,0.0,0.0,1,726.0,733.5,1,724.5,729.0,729.0,729.0,1.0,10935.0,4
2023-05-09 22:44:07,ag2312P6300,ag2312P6300,729.0,0.0,0.0,0.0,1,726.0,732.5,1,724.5,729.0,729.0,729.0,1.0,10935.0,4
2023-05-09 22:44:39,ag2312P6300,ag2312P6300,729.0,0.0,0.0,0.0,1,726.0,732.0,1,724.5,729.0,729.0,729.0,1.0,10935.0,4
2023-05-09 22:44:57,ag2312P6300,ag2312P6300,729.0,0.0,0.0,0.0,1,725.5,732.0,1,724.5,729.0,729.0,729.0,1.0,10935.0,4
2023-05-09 22:44:58,ag2312P6300,ag2312P6300,729.0,0.0,0.0,0.0,1,725.5,731.0,1,724.5,729.0,729.0,729.0,1.0,10935.0,4
2023-05-09 22:46:30,ag2312P6300,ag2312P6300,729.0,0.0,0.0,0.0,1,724.0,731.0,1,724.5,729.0,729.0,729.0,1.0,10935.0,4
2023-05-09 22:46:31,ag2312P6300,ag2312P6300,729.0,0.0,0.0,0.0,1,724.0,730.0,1,724.5,729.0,729.0,729.0,1.0,10935.0,4
2023-05-09 22:47:03,ag2312P6300,ag2312P6300,729.0,0.0,0.0,0.0,1,724.0,731.0,1,724.5,729.0,729.0,729.0,1.0,10935.0,4
2023-05-09 22:47:21,ag2312P6300,ag2312P6300,729.0,0.0,0.0,0.0,1,724.0,730.5,1,724.5,729.0,729.0,729.0,1.0,10935.0,4
2023-05-09 22:47:28,ag2312P6300,ag2312P6300,729.0,0.0,0.0,0.0,1,724.0,730.0,1,724.5,729.0,729.0,729.0,1.0,10935.0,4
2023-05-09 22:48:19,ag2312P6300,ag2312P6300,729.0,0.0,0.0,0.0,1,724.0,729.0,1,724.5,729.0,729.0,729.0,1.0,10935.0,4
2023-05-09 22:48:20,ag2312P6300,ag2312P6300,729.0,0.0,0.0,0.0,1,723.0,729.0,1,724.5,729.0,729.0,729.0,1.0,10935.0,4
2023-05-09 22:48:30,ag2312P6300,ag2312P6300,729.0,0.0,0.0,0.0,1,724.0,729.0,1,724.5,729.0,729.0,729.0,1.0,10935.0,4
2023-05-09 22:48:58,ag2312P6300,ag2312P6300,729.0,0.0,0.0,0.0,1,724.0,730.0,1,724.5,729.0,729.0,729.0,1.0,10935.0,4
2023-05-09 22:49:13,ag2312P6300,ag2312P6300,729.0,0.0,0.0,0.0,1,724.0,743.0,1,724.5,729.0,729.0,729.0,1.0,10935.0,4
2023-05-09 22:49:14,ag2312P6300,ag2312P6300,729.0,0.0,0.0,0.0,1,724.0,731.5,1,724.5,729.0,729.0,729.0,1.0,10935.0,4
2023-05-09 22:49:34,ag2312P6300,ag2312P6300,729.0,0.0,0.0,0.0,1,724.0,730.5,1,724.5,729.0,729.0,729.0,1.0,10935.0,4
2023-05-09 22:50:29,ag2312P6300,ag2312P6300,729.0,0.0,0.0,0.0,1,725.0,730.5,1,724.5,729.0,729.0,729.0,1.0,10935.0,4
2023-05-09 22:51:21,ag2312P6300,ag2312P6300,729.0,0.0,0.0,0.0,1,724.0,730.5,1,724.5,729.0,729.0,729.0,1.0,10935.0,4
2023-05-09 22:51:32,ag2312P6300,ag2312P6300,729.0,0.0,0.0,0.0,1,725.0,730.5,1,724.5,729.0,729.0,729.0,1.0,10935.0,4
2023-05-09 22:51:41,ag2312P6300,ag2312P6300,729.0,0.0,0.0,0.0,1,725.0,731.5,1,724.5,729.0,729.0,729.0,1.0,10935.0,4
2023-05-09 22:51:42,ag2312P6300,ag2312P6300,729.0,0.0,0.0,0.0,1,726.0,731.5,1,724.5,729.0,729.0,729.0,1.0,10935.0,4
2023-05-09 22:51:49,ag2312P6300,ag2312P6300,729.0,0.0,0.0,0.0,1,725.0,731.5,1,724.5,729.0,729.0,729.0,1.0,10935.0,4
2023-05-09 22:52:21,ag2312P6300,ag2312P6300,729.0,0.0,0.0,0.0,1,725.0,730.5,1,724.5,729.0,729.0,729.0,1.0,10935.0,4
2023-05-09 22:53:10,ag2312P6300,ag2312P6300,729.0,0.0,0.0,0.0,1,725.0,731.5,1,724.5,729.0,729.0,729.0,1.0,10935.0,4
2023-05-09 22:53:58,ag2312P6300,ag2312P6300,729.0,0.0,0.0,0.0,1,726.0,731.5,1,724.5,729.0,729.0,729.0,1.0,10935.0,4
2023-05-09 22:55:01,ag2312P6300,ag2312P6300,729.0,0.0,0.0,0.0,1,726.0,733.0,1,724.5,729.0,729.0,729.0,1.0,10935.0,4
2023-05-09 22:55:03,ag2312P6300,ag2312P6300,729.0,0.0,0.0,0.0,1,727.0,733.0,1,724.5,729.0,729.0,729.0,1.0,10935.0,4
2023-05-09 22:55:37,ag2312P6300,ag2312P6300,729.0,0.0,0.0,0.0,1,727.0,734.5,1,724.5,729.0,729.0,729.0,1.0,10935.0,4
2023-05-09 22:55:46,ag2312P6300,ag2312P6300,729.0,0.0,0.0,0.0,1,728.0,734.5,1,724.5,729.0,729.0,729.0,1.0,10935.0,4
2023-05-09 22:57:21,ag2312P6300,ag2312P6300,729.0,0.0,0.0,0.0,1,728.0,734.0,1,724.5,729.0,729.0,729.0,1.0,10935.0,4
2023-05-09 22:58:05,ag2312P6300,ag2312P6300,729.0,0.0,0.0,0.0,1,728.0,733.0,1,724.5,729.0,729.0,729.0,1.0,10935.0,4
2023-05-09 22:58:11,ag2312P6300,ag2312P6300,729.0,0.0,0.0,0.0,1,727.0,733.0,1,724.5,729.0,729.0,729.0,1.0,10935.0,4
2023-05-09 22:58:52,ag2312P6300,ag2312P6300,729.0,0.0,0.0,0.0,1,727.5,734.0,1,724.5,729.0,729.0,729.0,1.0,10935.0,4
2023-05-09 23:00:06,ag2312P6300,ag2312P6300,729.0,0.0,0.0,0.0,1,728.5,734.0,1,724.5,729.0,729.0,729.0,1.0,10935.0,4
2023-05-09 23:00:09,ag2312P6300,ag2312P6300,729.0,0.0,0.0,0.0,1,728.5,735.5,1,724.5,729.0,729.0,729.0,1.0,10935.0,4
2023-05-09 23:00:10,ag2312P6300,ag2312P6300,729.0,0.0,0.0,0.0,1,729.5,735.5,1,724.5,729.0,729.0,729.0,1.0,10935.0,4
2023-05-09 23:00:12,ag2312P6300,ag2312P6300,729.0,0.0,0.0,0.0,1,729.5,743.0,1,724.5,729.0,729.0,729.0,1.0,10935.0,4
2023-05-09 23:00:13,ag2312P6300,ag2312P6300,729.0,0.0,0.0,0.0,1,730.5,736.5,1,724.5,729.0,729.0,729.0,1.0,10935.0,4
2023-05-09 23:00:17,ag2312P6300,ag2312P6300,729.0,0.0,0.0,0.0,1,729.5,735.5,1,724.5,729.0,729.0,729.0,1.0,10935.0,4
2023-05-09 23:01:27,ag2312P6300,ag2312P6300,729.0,0.0,0.0,0.0,1,730.5,736.5,1,724.5,729.0,729.0,729.0,1.0,10935.0,4
2023-05-09 23:02:00,ag2312P6300,ag2312P6300,729.0,0.0,0.0,0.0,1,730.5,743.0,1,724.5,729.0,729.0,729.0,1.0,10935.0,4
2023-05-09 23:02:01,ag2312P6300,ag2312P6300,729.0,0.0,0.0,0.0,1,731.5,738.0,1,724.5,729.0,729.0,729.0,1.0,10935.0,4
2023-05-09 23:02:06,ag2312P6300,ag2312P6300,729.0,0.0,0.0,0.0,1,731.5,737.0,1,724.5,729.0,729.0,729.0,1.0,10935.0,4
2023-05-09 23:02:43,ag2312P6300,ag2312P6300,729.0,0.0,0.0,0.0,1,731.5,738.0,1,724.5,729.0,729.0,729.0,1.0,10935.0,4
2023-05-09 23:02:53,ag2312P6300,ag2312P6300,729.0,0.0,0.0,0.0,1,732.5,738.0,1,724.5,729.0,729.0,729.0,1.0,10935.0,4
2023-05-09 23:04:40,ag2312P6300,ag2312P6300,729.0,0.0,0.0,0.0,1,732.5,739.5,1,724.5,729.0,729.0,729.0,1.0,10935.0,4
2023-05-09 23:05:19,ag2312P6300,ag2312P6300,729.0,0.0,0.0,0.0,1,732.5,739.0,1,724.5,729.0,729.0,729.0,1.0,10935.0,4
2023-05-09 23:06:05,ag2312P6300,ag2312P6300,729.0,0.0,0.0,0.0,1,733.5,739.5,1,724.5,729.0,729.0,729.0,1.0,10935.0,4
2023-05-09 23:06:06,ag2312P6300,ag2312P6300,729.0,0.0,0.0,0.0,1,733.5,743.0,1,724.5,729.0,729.0,729.0,1.0,10935.0,4
2023-05-09 23:06:06,ag2312P6300,ag2312P6300,729.0,0.0,0.0,0.0,1,733.5,740.0,1,724.5,729.0,729.0,729.0,1.0,10935.0,4
2023-05-09 23:06:34,ag2312P6300,ag2312P6300,729.0,0.0,0.0,0.0,1,733.5,739.0,1,724.5,729.0,729.0,729.0,1.0,10935.0,4
2023-05-09 23:07:26,ag2312P6300,ag2312P6300,729.0,0.0,0.0,0.0,1,732.5,739.0,1,724.5,729.0,729.0,729.0,1.0,10935.0,4
2023-05-09 23:07:57,ag2312P6300,ag2312P6300,729.0,0.0,0.0,0.0,1,732.5,738.0,1,724.5,729.0,729.0,729.0,1.0,10935.0,4
2023-05-09 23:08:01,ag2312P6300,ag2312P6300,729.0,0.0,0.0,0.0,1,731.0,738.0,1,724.5,729.0,729.0,729.0,1.0,10935.0,4
2023-05-09 23:09:25,ag2312P6300,ag2312P6300,729.0,0.0,0.0,0.0,1,732.0,738.0,1,724.5,729.0,729.0,729.0,1.0,10935.0,4
2023-05-09 23:09:44,ag2312P6300,ag2312P6300,729.0,0.0,0.0,0.0,1,732.5,738.0,1,724.5,729.0,729.0,729.0,1.0,10935.0,4
2023-05-09 23:09:45,ag2312P6300,ag2312P6300,729.0,0.0,0.0,0.0,1,732.5,739.0,1,724.5,729.0,729.0,729.0,1.0,10935.0,4
2023-05-09 23:09:45,ag2312P6300,ag2312P6300,729.0,0.0,0.0,0.0,1,733.5,739.0,1,724.5,729.0,729.0,729.0,1.0,10935.0,4
2023-05-09 23:11:11,ag2312P6300,ag2312P6300,729.0,0.0,0.0,0.0,1,732.5,739.0,1,724.5,729.0,729.0,729.0,1.0,10935.0,4
2023-05-09 23:11:52,ag2312P6300,ag2312P6300,729.0,0.0,0.0,0.0,1,732.5,738.0,1,724.5,729.0,729.0,729.0,1.0,10935.0,4
2023-05-09 23:12:08,ag2312P6300,ag2312P6300,729.0,0.0,0.0,0.0,1,732.5,739.0,1,724.5,729.0,729.0,729.0,1.0,10935.0,4
2023-05-09 23:13:37,ag2312P6300,ag2312P6300,729.0,0.0,0.0,0.0,1,733.5,739.0,1,724.5,729.0,729.0,729.0,1.0,10935.0,4
2023-05-09 23:13:42,ag2312P6300,ag2312P6300,729.0,0.0,0.0,0.0,1,733.5,740.5,1,724.5,729.0,729.0,729.0,1.0,10935.0,4
2023-05-09 23:15:00,ag2312P6300,ag2312P6300,729.0,0.0,0.0,0.0,1,734.5,740.5,1,724.5,729.0,729.0,729.0,1.0,10935.0,4
2023-05-09 23:18:01,ag2312P6300,ag2312P6300,729.0,0.0,0.0,0.0,1,734.5,742.0,1,724.5,729.0,729.0,729.0,1.0,10935.0,4
2023-05-09 23:18:02,ag2312P6300,ag2312P6300,729.0,0.0,0.0,0.0,1,734.5,741.0,1,724.5,729.0,729.0,729.0,1.0,10935.0,4
2023-05-09 23:18:54,ag2312P6300,ag2312P6300,729.0,0.0,0.0,0.0,1,735.0,741.0,1,724.5,729.0,729.0,729.0,1.0,10935.0,4
2023-05-09 23:19:01,ag2312P6300,ag2312P6300,729.0,0.0,0.0,0.0,1,735.0,742.0,1,724.5,729.0,729.0,729.0,1.0,10935.0,4
2023-05-09 23:19:58,ag2312P6300,ag2312P6300,729.0,0.0,0.0,0.0,1,735.0,741.0,1,724.5,729.0,729.0,729.0,1.0,10935.0,4
2023-05-09 23:20:21,ag2312P6300,ag2312P6300,729.0,0.0,0.0,0.0,1,734.5,741.0,1,724.5,729.0,729.0,729.0,1.0,10935.0,4
2023-05-09 23:20:25,ag2312P6300,ag2312P6300,729.0,0.0,0.0,0.0,1,734.5,740.0,1,724.5,729.0,729.0,729.0,1.0,10935.0,4
2023-05-09 23:20:42,ag2312P6300,ag2312P6300,729.0,0.0,0.0,0.0,1,733.0,740.0,1,724.5,729.0,729.0,729.0,1.0,10935.0,4
2023-05-09 23:21:44,ag2312P6300,ag2312P6300,729.0,0.0,0.0,0.0,1,733.0,739.0,1,724.5,729.0,729.0,729.0,1.0,10935.0,4
2023-05-09 23:22:15,ag2312P6300,ag2312P6300,729.0,0.0,0.0,0.0,1,731.5,739.0,1,724.5,729.0,729.0,729.0,1.0,10935.0,4
2023-05-09 23:22:29,ag2312P6300,ag2312P6300,729.0,0.0,0.0,0.0,1,732.5,739.0,1,724.5,729.0,729.0,729.0,1.0,10935.0,4
2023-05-09 23:25:54,ag2312P6300,ag2312P6300,729.0,0.0,0.0,0.0,1,701.5,757.0,1,724.5,729.0,729.0,729.0,1.0,10935.0,4
2023-05-09 23:25:55,ag2312P6300,ag2312P6300,729.0,0.0,0.0,0.0,2,702.0,757.0,1,724.5,729.0,729.0,729.0,1.0,10935.0,4
2023-05-09 23:26:28,ag2312P6300,ag2312P6300,729.0,0.0,0.0,0.0,2,702.0,0.0,0,724.5,729.0,729.0,729.0,1.0,10935.0,4
2023-05-09 23:26:30,ag2312P6300,ag2312P6300,729.0,0.0,0.0,0.0,2,702.0,1246.0,1,724.5,729.0,729.0,729.0,1.0,10935.0,4
2023-05-09 23:26:31,ag2312P6300,ag2312P6300,729.0,0.0,0.0,0.0,2,702.0,1245.5,3,724.5,729.0,729.0,729.0,1.0,10935.0,4
2023-05-09 23:26:31,ag2312P6300,ag2312P6300,729.0,0.0,0.0,0.0,2,702.0,1245.5,3,724.5,729.0,729.0,729.0,1.0,10935.0,4
2023-05-09 23:26:32,ag2312P6300,ag2312P6300,729.0,0.0,0.0,0.0,2,702.0,1244.0,1,724.5,729.0,729.0,729.0,1.0,10935.0,4
2023-05-09 23:26:32,ag2312P6300,ag2312P6300,729.0,0.0,0.0,0.0,2,702.0,1244.0,1,724.5,729.0,729.0,729.0,1.0,10935.0,4
2023-05-09 23:26:33,ag2312P6300,ag2312P6300,729.0,0.0,0.0,0.0,2,702.0,1243.5,2,724.5,729.0,729.0,729.0,1.0,10935.0,4
2023-05-09 23:26:33,ag2312P6300,ag2312P6300,729.0,0.0,0.0,0.0,2,702.0,1242.0,1,724.5,729.0,729.0,729.0,1.0,10935.0,4
2023-05-09 23:26:34,ag2312P6300,ag2312P6300,729.0,0.0,0.0,0.0,2,702.0,1242.0,1,724.5,729.0,729.0,729.0,1.0,10935.0,4
2023-05-09 23:26:34,ag2312P6300,ag2312P6300,729.0,0.0,0.0,0.0,2,702.0,1241.5,2,724.5,729.0,729.0,729.0,1.0,10935.0,4
2023-05-09 23:26:35,ag2312P6300,ag2312P6300,729.0,0.0,0.0,0.0,2,702.0,1240.0,1,724.5,729.0,729.0,729.0,1.0,10935.0,4
2023-05-09 23:26:35,ag2312P6300,ag2312P6300,729.0,0.0,0.0,0.0,2,702.0,1240.0,1,724.5,729.0,729.0,729.0,1.0,10935.0,4
2023-05-09 23:26:36,ag2312P6300,ag2312P6300,729.0,0.0,0.0,0.0,2,702.0,1239.5,2,724.5,729.0,729.0,729.0,1.0,10935.0,4
2023-05-09 23:26:36,ag2312P6300,ag2312P6300,729.0,0.0,0.0,0.0,2,702.0,1238.0,1,724.5,729.0,729.0,729.0,1.0,10935.0,4
2023-05-09 23:26:37,ag2312P6300,ag2312P6300,729.0,0.0,0.0,0.0,2,702.0,1238.0,1,724.5,729.0,729.0,729.0,1.0,10935.0,4
2023-05-09 23:26:37,ag2312P6300,ag2312P6300,729.0,0.0,0.0,0.0,2,702.0,1237.5,2,724.5,729.0,729.0,729.0,1.0,10935.0,4
2023-05-09 23:26:38,ag2312P6300,ag2312P6300,729.0,0.0,0.0,0.0,2,702.0,1237.5,2,724.5,729.0,729.0,729.0,1.0,10935.0,4
2023-05-09 23:26:39,ag2312P6300,ag2312P6300,729.0,0.0,0.0,0.0,2,702.0,1236.0,1,724.5,729.0,729.0,729.0,1.0,10935.0,4
2023-05-09 23:26:40,ag2312P6300,ag2312P6300,729.0,0.0,0.0,0.0,2,702.0,1236.0,1,724.5,729.0,729.0,729.0,1.0,10935.0,4
2023-05-09 23:26:40,ag2312P6300,ag2312P6300,729.0,0.0,0.0,0.0,2,702.0,1235.5,2,724.5,729.0,729.0,729.0,1.0,10935.0,4
2023-05-09 23:26:41,ag2312P6300,ag2312P6300,729.0,0.0,0.0,0.0,2,702.0,1235.5,2,724.5,729.0,729.0,729.0,1.0,10935.0,4
2023-05-09 23:26:41,ag2312P6300,ag2312P6300,729.0,0.0,0.0,0.0,2,702.0,1234.0,1,724.5,729.0,729.0,729.0,1.0,10935.0,4
2023-05-09 23:26:42,ag2312P6300,ag2312P6300,729.0,0.0,0.0,0.0,2,702.0,1234.0,1,724.5,729.0,729.0,729.0,1.0,10935.0,4
2023-05-09 23:26:42,ag2312P6300,ag2312P6300,729.0,0.0,0.0,0.0,2,702.0,1233.5,2,724.5,729.0,729.0,729.0,1.0,10935.0,4
2023-05-09 23:26:43,ag2312P6300,ag2312P6300,729.0,0.0,0.0,0.0,2,702.0,1232.0,1,724.5,729.0,729.0,729.0,1.0,10935.0,4
2023-05-09 23:26:43,ag2312P6300,ag2312P6300,729.0,0.0,0.0,0.0,2,702.0,1232.0,1,724.5,729.0,729.0,729.0,1.0,10935.0,4
2023-05-09 23:26:44,ag2312P6300,ag2312P6300,729.0,0.0,0.0,0.0,2,702.0,1231.5,2,724.5,729.0,729.0,729.0,1.0,10935.0,4
2023-05-09 23:26:44,ag2312P6300,ag2312P6300,729.0,0.0,0.0,0.0,2,702.0,1230.0,1,724.5,729.0,729.0,729.0,1.0,10935.0,4
2023-05-09 23:26:45,ag2312P6300,ag2312P6300,729.0,0.0,0.0,0.0,2,702.0,1230.0,1,724.5,729.0,729.0,729.0,1.0,10935.0,4
2023-05-09 23:26:45,ag2312P6300,ag2312P6300,729.0,0.0,0.0,0.0,2,702.0,1229.5,2,724.5,729.0,729.0,729.0,1.0,10935.0,4
2023-05-09 23:26:46,ag2312P6300,ag2312P6300,729.0,0.0,0.0,0.0,2,702.0,1228.0,1,724.5,729.0,729.0,729.0,1.0,10935.0,4
2023-05-09 23:26:46,ag2312P6300,ag2312P6300,729.0,0.0,0.0,0.0,2,702.0,1228.0,1,724.5,729.0,729.0,729.0,1.0,10935.0,4
2023-05-09 23:26:47,ag2312P6300,ag2312P6300,729.0,0.0,0.0,0.0,2,702.0,1227.5,2,724.5,729.0,729.0,729.0,1.0,10935.0,4
2023-05-09 23:26:47,ag2312P6300,ag2312P6300,729.0,0.0,0.0,0.0,2,702.0,1226.0,1,724.5,729.0,729.0,729.0,1.0,10935.0,4
2023-05-09 23:26:48,ag2312P6300,ag2312P6300,729.0,0.0,0.0,0.0,2,702.0,1226.0,1,724.5,729.0,729.0,729.0,1.0,10935.0,4
2023-05-09 23:26:48,ag2312P6300,ag2312P6300,729.0,0.0,0.0,0.0,2,702.0,1225.5,2,724.5,729.0,729.0,729.0,1.0,10935.0,4
2023-05-09 23:26:49,ag2312P6300,ag2312P6300,729.0,0.0,0.0,0.0,2,702.0,1224.0,1,724.5,729.0,729.0,729.0,1.0,10935.0,4
2023-05-09 23:26:49,ag2312P6300,ag2312P6300,729.0,0.0,0.0,0.0,2,702.0,1224.0,1,724.5,729.0,729.0,729.0,1.0,10935.0,4
2023-05-09 23:26:50,ag2312P6300,ag2312P6300,729.0,0.0,0.0,0.0,2,702.0,1223.5,2,724.5,729.0,729.0,729.0,1.0,10935.0,4
2023-05-09 23:26:50,ag2312P6300,ag2312P6300,729.0,0.0,0.0,0.0,2,702.0,1222.0,1,724.5,729.0,729.0,729.0,1.0,10935.0,4
2023-05-09 23:26:51,ag2312P6300,ag2312P6300,729.0,0.0,0.0,0.0,2,702.0,1222.0,1,724.5,729.0,729.0,729.0,1.0,10935.0,4
2023-05-09 23:26:51,ag2312P6300,ag2312P6300,729.0,0.0,0.0,0.0,2,702.0,1221.5,2,724.5,729.0,729.0,729.0,1.0,10935.0,4
2023-05-09 23:26:52,ag2312P6300,ag2312P6300,729.0,0.0,0.0,0.0,2,702.0,1220.0,1,724.5,729.0,729.0,729.0,1.0,10935.0,4
2023-05-09 23:26:52,ag2312P6300,ag2312P6300,729.0,0.0,0.0,0.0,2,702.0,1220.0,1,724.5,729.0,729.0,729.0,1.0,10935.0,4
2023-05-09 23:26:53,ag2312P6300,ag2312P6300,729.0,0.0,0.0,0.0,2,702.0,1219.5,2,724.5,729.0,729.0,729.0,1.0,10935.0,4
2023-05-09 23:26:53,ag2312P6300,ag2312P6300,729.0,0.0,0.0,0.0,2,702.0,1218.0,1,724.5,729.0,729.0,729.0,1.0,10935.0,4
2023-05-09 23:26:54,ag2312P6300,ag2312P6300,729.0,0.0,0.0,0.0,2,702.0,1218.0,1,724.5,729.0,729.0,729.0,1.0,10935.0,4
2023-05-09 23:26:54,ag2312P6300,ag2312P6300,729.0,0.0,0.0,0.0,2,702.0,1217.5,2,724.5,729.0,729.0,729.0,1.0,10935.0,4
2023-05-09 23:26:55,ag2312P6300,ag2312P6300,729.0,0.0,0.0,0.0,2,702.0,1216.0,1,724.5,729.0,729.0,729.0,1.0,10935.0,4
2023-05-09 23:26:55,ag2312P6300,ag2312P6300,729.0,0.0,0.0,0.0,2,702.0,1216.0,1,724.5,729.0,729.0,729.0,1.0,10935.0,4
2023-05-09 23:26:56,ag2312P6300,ag2312P6300,729.0,0.0,0.0,0.0,2,702.0,1215.5,2,724.5,729.0,729.0,729.0,1.0,10935.0,4
2023-05-09 23:26:56,ag2312P6300,ag2312P6300,729.0,0.0,0.0,0.0,2,702.0,1214.0,1,724.5,729.0,729.0,729.0,1.0,10935.0,4
2023-05-09 23:26:57,ag2312P6300,ag2312P6300,729.0,0.0,0.0,0.0,2,702.0,1214.0,1,724.5,729.0,729.0,729.0,1.0,10935.0,4
2023-05-09 23:26:57,ag2312P6300,ag2312P6300,729.0,0.0,0.0,0.0,2,702.0,1213.5,2,724.5,729.0,729.0,729.0,1.0,10935.0,4
2023-05-09 23:26:58,ag2312P6300,ag2312P6300,729.0,0.0,0.0,0.0,2,702.0,1212.0,1,724.5,729.0,729.0,729.0,1.0,10935.0,4
2023-05-09 23:26:58,ag2312P6300,ag2312P6300,729.0,0.0,0.0,0.0,2,702.0,1212.0,1,724.5,729.0,729.0,729.0,1.0,10935.0,4
2023-05-09 23:26:59,ag2312P6300,ag2312P6300,729.0,0.0,0.0,0.0,2,702.0,1211.5,2,724.5,729.0,729.0,729.0,1.0,10935.0,4
2023-05-09 23:26:59,ag2312P6300,ag2312P6300,729.0,0.0,0.0,0.0,2,702.0,1210.0,1,724.5,729.0,729.0,729.0,1.0,10935.0,4
2023-05-09 23:27:00,ag2312P6300,ag2312P6300,729.0,0.0,0.0,0.0,2,702.0,1210.0,1,724.5,729.0,729.0,729.0,1.0,10935.0,4
2023-05-09 23:27:00,ag2312P6300,ag2312P6300,729.0,0.0,0.0,0.0,2,702.0,1209.5,2,724.5,729.0,729.0,729.0,1.0,10935.0,4
2023-05-09 23:27:01,ag2312P6300,ag2312P6300,729.0,0.0,0.0,0.0,2,702.0,1208.0,1,724.5,729.0,729.0,729.0,1.0,10935.0,4
2023-05-09 23:27:01,ag2312P6300,ag2312P6300,729.0,0.0,0.0,0.0,2,702.0,1208.0,1,724.5,729.0,729.0,729.0,1.0,10935.0,4
2023-05-09 23:27:02,ag2312P6300,ag2312P6300,729.0,0.0,0.0,0.0,2,702.0,1207.5,3,724.5,729.0,729.0,729.0,1.0,10935.0,4
2023-05-09 23:27:02,ag2312P6300,ag2312P6300,729.0,0.0,0.0,0.0,2,702.0,1206.0,1,724.5,729.0,729.0,729.0,1.0,10935.0,4
2023-05-09 23:27:03,ag2312P6300,ag2312P6300,729.0,0.0,0.0,0.0,2,702.0,1206.0,1,724.5,729.0,729.0,729.0,1.0,10935.0,4
2023-05-09 23:27:03,ag2312P6300,ag2312P6300,729.0,0.0,0.0,0.0,2,702.0,1205.5,2,724.5,729.0,729.0,729.0,1.0,10935.0,4
2023-05-09 23:27:04,ag2312P6300,ag2312P6300,729.0,0.0,0.0,0.0,2,702.0,1204.0,1,724.5,729.0,729.0,729.0,1.0,10935.0,4
2023-05-09 23:27:04,ag2312P6300,ag2312P6300,729.0,0.0,0.0,0.0,2,702.0,1204.0,1,724.5,729.0,729.0,729.0,1.0,10935.0,4
2023-05-09 23:27:05,ag2312P6300,ag2312P6300,729.0,0.0,0.0,0.0,2,702.0,1203.5,2,724.5,729.0,729.0,729.0,1.0,10935.0,4
2023-05-09 23:27:05,ag2312P6300,ag2312P6300,729.0,0.0,0.0,0.0,2,702.0,1202.0,1,724.5,729.0,729.0,729.0,1.0,10935.0,4
2023-05-09 23:27:06,ag2312P6300,ag2312P6300,729.0,0.0,0.0,0.0,2,702.0,1202.0,1,724.5,729.0,729.0,729.0,1.0,10935.0,4
2023-05-09 23:27:06,ag2312P6300,ag2312P6300,729.0,0.0,0.0,0.0,2,702.0,1201.5,2,724.5,729.0,729.0,729.0,1.0,10935.0,4
2023-05-09 23:27:07,ag2312P6300,ag2312P6300,729.0,0.0,0.0,0.0,2,702.0,1200.0,1,724.5,729.0,729.0,729.0,1.0,10935.0,4
2023-05-09 23:27:07,ag2312P6300,ag2312P6300,729.0,0.0,0.0,0.0,2,702.0,1200.0,1,724.5,729.0,729.0,729.0,1.0,10935.0,4
2023-05-09 23:27:08,ag2312P6300,ag2312P6300,729.0,0.0,0.0,0.0,2,702.0,1199.5,2,724.5,729.0,729.0,729.0,1.0,10935.0,4
2023-05-09 23:27:08,ag2312P6300,ag2312P6300,729.0,0.0,0.0,0.0,2,702.0,1198.0,1,724.5,729.0,729.0,729.0,1.0,10935.0,4
2023-05-09 23:27:09,ag2312P6300,ag2312P6300,729.0,0.0,0.0,0.0,2,702.0,1198.0,1,724.5,729.0,729.0,729.0,1.0,10935.0,4
2023-05-09 23:27:09,ag2312P6300,ag2312P6300,729.0,0.0,0.0,0.0,2,702.0,1197.5,2,724.5,729.0,729.0,729.0,1.0,10935.0,4
2023-05-09 23:27:10,ag2312P6300,ag2312P6300,729.0,0.0,0.0,0.0,2,702.0,1196.0,1,724.5,729.0,729.0,729.0,1.0,10935.0,4
2023-05-09 23:27:10,ag2312P6300,ag2312P6300,729.0,0.0,0.0,0.0,2,702.0,1196.0,1,724.5,729.0,729.0,729.0,1.0,10935.0,4
2023-05-09 23:27:11,ag2312P6300,ag2312P6300,729.0,0.0,0.0,0.0,2,702.0,1195.5,2,724.5,729.0,729.0,729.0,1.0,10935.0,4
2023-05-09 23:27:11,ag2312P6300,ag2312P6300,729.0,0.0,0.0,0.0,2,702.0,1194.0,1,724.5,729.0,729.0,729.0,1.0,10935.0,4
2023-05-09 23:27:12,ag2312P6300,ag2312P6300,729.0,0.0,0.0,0.0,2,702.0,1194.0,1,724.5,729.0,729.0,729.0,1.0,10935.0,4
2023-05-09 23:27:12,ag2312P6300,ag2312P6300,729.0,0.0,0.0,0.0,2,702.0,1193.5,2,724.5,729.0,729.0,729.0,1.0,10935.0,4
2023-05-09 23:27:13,ag2312P6300,ag2312P6300,729.0,0.0,0.0,0.0,2,702.0,1192.0,1,724.5,729.0,729.0,729.0,1.0,10935.0,4
2023-05-09 23:27:13,ag2312P6300,ag2312P6300,729.0,0.0,0.0,0.0,2,702.0,1192.0,1,724.5,729.0,729.0,729.0,1.0,10935.0,4
2023-05-09 23:27:14,ag2312P6300,ag2312P6300,729.0,0.0,0.0,0.0,2,702.0,1191.5,2,724.5,729.0,729.0,729.0,1.0,10935.0,4
2023-05-09 23:27:14,ag2312P6300,ag2312P6300,729.0,0.0,0.0,0.0,2,702.0,1190.0,1,724.5,729.0,729.0,729.0,1.0,10935.0,4
2023-05-09 23:27:15,ag2312P6300,ag2312P6300,729.0,0.0,0.0,0.0,2,702.0,1190.0,1,724.5,729.0,729.0,729.0,1.0,10935.0,4
2023-05-09 23:27:15,ag2312P6300,ag2312P6300,729.0,0.0,0.0,0.0,2,702.0,1189.5,2,724.5,729.0,729.0,729.0,1.0,10935.0,4
2023-05-09 23:27:16,ag2312P6300,ag2312P6300,729.0,0.0,0.0,0.0,2,702.0,1188.0,1,724.5,729.0,729.0,729.0,1.0,10935.0,4
2023-05-09 23:27:16,ag2312P6300,ag2312P6300,729.0,0.0,0.0,0.0,2,702.0,1188.0,1,724.5,729.0,729.0,729.0,1.0,10935.0,4
2023-05-09 23:27:17,ag2312P6300,ag2312P6300,729.0,0.0,0.0,0.0,2,702.0,1187.5,2,724.5,729.0,729.0,729.0,1.0,10935.0,4
2023-05-09 23:27:17,ag2312P6300,ag2312P6300,729.0,0.0,0.0,0.0,2,702.0,1186.0,1,724.5,729.0,729.0,729.0,1.0,10935.0,4
2023-05-09 23:27:18,ag2312P6300,ag2312P6300,729.0,0.0,0.0,0.0,2,702.0,1186.0,1,724.5,729.0,729.0,729.0,1.0,10935.0,4
2023-05-09 23:27:18,ag2312P6300,ag2312P6300,729.0,0.0,0.0,0.0,2,702.0,1185.5,2,724.5,729.0,729.0,729.0,1.0,10935.0,4
2023-05-09 23:27:19,ag2312P6300,ag2312P6300,729.0,0.0,0.0,0.0,2,702.0,1184.0,1,724.5,729.0,729.0,729.0,1.0,10935.0,4
2023-05-09 23:27:19,ag2312P6300,ag2312P6300,729.0,0.0,0.0,0.0,2,702.0,1184.0,1,724.5,729.0,729.0,729.0,1.0,10935.0,4
2023-05-09 23:27:20,ag2312P6300,ag2312P6300,729.0,0.0,0.0,0.0,2,702.0,1183.5,2,724.5,729.0,729.0,729.0,1.0,10935.0,4
2023-05-09 23:27:20,ag2312P6300,ag2312P6300,729.0,0.0,0.0,0.0,2,702.0,1182.0,1,724.5,729.0,729.0,729.0,1.0,10935.0,4
2023-05-09 23:27:21,ag2312P6300,ag2312P6300,729.0,0.0,0.0,0.0,2,702.0,1182.0,1,724.5,729.0,729.0,729.0,1.0,10935.0,4
2023-05-09 23:27:21,ag2312P6300,ag2312P6300,729.0,0.0,0.0,0.0,2,702.0,1181.5,2,724.5,729.0,729.0,729.0,1.0,10935.0,4
2023-05-09 23:27:22,ag2312P6300,ag2312P6300,729.0,0.0,0.0,0.0,2,702.0,1180.0,1,724.5,729.0,729.0,729.0,1.0,10935.0,4
2023-05-09 23:27:23,ag2312P6300,ag2312P6300,729.0,0.0,0.0,0.0,2,702.0,1180.0,1,724.5,729.0,729.0,729.0,1.0,10935.0,4
2023-05-09 23:27:23,ag2312P6300,ag2312P6300,729.0,0.0,0.0,0.0,2,702.0,1179.5,2,724.5,729.0,729.0,729.0,1.0,10935.0,4
2023-05-09 23:27:24,ag2312P6300,ag2312P6300,729.0,0.0,0.0,0.0,2,702.0,1178.0,1,724.5,729.0,729.0,729.0,1.0,10935.0,4
2023-05-09 23:27:24,ag2312P6300,ag2312P6300,729.0,0.0,0.0,0.0,2,702.0,1178.0,1,724.5,729.0,729.0,729.0,1.0,10935.0,4
2023-05-09 23:27:25,ag2312P6300,ag2312P6300,729.0,0.0,0.0,0.0,2,702.0,1177.5,2,724.5,729.0,729.0,729.0,1.0,10935.0,4
2023-05-09 23:27:25,ag2312P6300,ag2312P6300,729.0,0.0,0.0,0.0,2,702.0,1176.0,1,724.5,729.0,729.0,729.0,1.0,10935.0,4
2023-05-09 23:27:26,ag2312P6300,ag2312P6300,729.0,0.0,0.0,0.0,2,702.0,1176.0,1,724.5,729.0,729.0,729.0,1.0,10935.0,4
2023-05-09 23:27:26,ag2312P6300,ag2312P6300,729.0,0.0,0.0,0.0,2,702.0,1175.5,2,724.5,729.0,729.0,729.0,1.0,10935.0,4
2023-05-09 23:27:27,ag2312P6300,ag2312P6300,729.0,0.0,0.0,0.0,2,702.0,1174.0,1,724.5,729.0,729.0,729.0,1.0,10935.0,4
2023-05-09 23:27:27,ag2312P6300,ag2312P6300,729.0,0.0,0.0,0.0,2,702.0,1174.0,1,724.5,729.0,729.0,729.0,1.0,10935.0,4
2023-05-09 23:27:28,ag2312P6300,ag2312P6300,729.0,0.0,0.0,0.0,2,702.0,1173.5,2,724.5,729.0,729.0,729.0,1.0,10935.0,4
2023-05-09 23:27:28,ag2312P6300,ag2312P6300,729.0,0.0,0.0,0.0,2,702.0,1172.0,1,724.5,729.0,729.0,729.0,1.0,10935.0,4
2023-05-09 23:27:29,ag2312P6300,ag2312P6300,729.0,0.0,0.0,0.0,2,702.0,1172.0,1,724.5,729.0,729.0,729.0,1.0,10935.0,4
2023-05-09 23:27:29,ag2312P6300,ag2312P6300,729.0,0.0,0.0,0.0,2,702.0,1171.5,2,724.5,729.0,729.0,729.0,1.0,10935.0,4
2023-05-09 23:27:30,ag2312P6300,ag2312P6300,729.0,0.0,0.0,0.0,2,702.0,1170.0,1,724.5,729.0,729.0,729.0,1.0,10935.0,4
2023-05-09 23:27:30,ag2312P6300,ag2312P6300,729.0,0.0,0.0,0.0,2,702.0,1170.0,1,724.5,729.0,729.0,729.0,1.0,10935.0,4
2023-05-09 23:27:31,ag2312P6300,ag2312P6300,729.0,0.0,0.0,0.0,2,702.0,1169.5,2,724.5,729.0,729.0,729.0,1.0,10935.0,4
2023-05-09 23:27:31,ag2312P6300,ag2312P6300,729.0,0.0,0.0,0.0,2,702.0,1168.0,1,724.5,729.0,729.0,729.0,1.0,10935.0,4
2023-05-09 23:27:32,ag2312P6300,ag2312P6300,729.0,0.0,0.0,0.0,2,702.0,1168.0,1,724.5,729.0,729.0,729.0,1.0,10935.0,4
2023-05-09 23:27:32,ag2312P6300,ag2312P6300,729.0,0.0,0.0,0.0,2,702.0,1167.5,2,724.5,729.0,729.0,729.0,1.0,10935.0,4
2023-05-09 23:27:33,ag2312P6300,ag2312P6300,729.0,0.0,0.0,0.0,2,702.0,1166.0,1,724.5,729.0,729.0,729.0,1.0,10935.0,4
2023-05-09 23:27:33,ag2312P6300,ag2312P6300,729.0,0.0,0.0,0.0,2,702.0,1166.0,1,724.5,729.0,729.0,729.0,1.0,10935.0,4
2023-05-09 23:27:34,ag2312P6300,ag2312P6300,729.0,0.0,0.0,0.0,2,702.0,1165.5,2,724.5,729.0,729.0,729.0,1.0,10935.0,4
2023-05-09 23:27:34,ag2312P6300,ag2312P6300,729.0,0.0,0.0,0.0,2,702.0,1164.0,1,724.5,729.0,729.0,729.0,1.0,10935.0,4
2023-05-09 23:27:35,ag2312P6300,ag2312P6300,729.0,0.0,0.0,0.0,2,702.0,1164.0,1,724.5,729.0,729.0,729.0,1.0,10935.0,4
2023-05-09 23:27:35,ag2312P6300,ag2312P6300,729.0,0.0,0.0,0.0,2,702.0,1163.5,2,724.5,729.0,729.0,729.0,1.0,10935.0,4
2023-05-09 23:27:36,ag2312P6300,ag2312P6300,729.0,0.0,0.0,0.0,2,702.0,1162.0,1,724.5,729.0,729.0,729.0,1.0,10935.0,4
2023-05-09 23:27:36,ag2312P6300,ag2312P6300,729.0,0.0,0.0,0.0,2,702.0,1162.0,1,724.5,729.0,729.0,729.0,1.0,10935.0,4
2023-05-09 23:27:37,ag2312P6300,ag2312P6300,729.0,0.0,0.0,0.0,2,702.0,1161.5,2,724.5,729.0,729.0,729.0,1.0,10935.0,4
2023-05-09 23:27:37,ag2312P6300,ag2312P6300,729.0,0.0,0.0,0.0,2,702.0,1160.0,1,724.5,729.0,729.0,729.0,1.0,10935.0,4
2023-05-09 23:27:38,ag2312P6300,ag2312P6300,729.0,0.0,0.0,0.0,2,702.0,1160.0,1,724.5,729.0,729.0,729.0,1.0,10935.0,4
2023-05-09 23:27:38,ag2312P6300,ag2312P6300,729.0,0.0,0.0,0.0,2,702.0,1159.5,2,724.5,729.0,729.0,729.0,1.0,10935.0,4
2023-05-09 23:27:39,ag2312P6300,ag2312P6300,729.0,0.0,0.0,0.0,2,702.0,1158.0,1,724.5,729.0,729.0,729.0,1.0,10935.0,4
2023-05-09 23:27:39,ag2312P6300,ag2312P6300,729.0,0.0,0.0,0.0,2,702.0,1158.0,1,724.5,729.0,729.0,729.0,1.0,10935.0,4
2023-05-09 23:27:40,ag2312P6300,ag2312P6300,729.0,0.0,0.0,0.0,2,702.0,1157.5,2,724.5,729.0,729.0,729.0,1.0,10935.0,4
2023-05-09 23:27:40,ag2312P6300,ag2312P6300,729.0,0.0,0.0,0.0,2,702.0,1156.0,1,724.5,729.0,729.0,729.0,1.0,10935.0,4
2023-05-09 23:27:41,ag2312P6300,ag2312P6300,729.0,0.0,0.0,0.0,2,702.0,1156.0,1,724.5,729.0,729.0,729.0,1.0,10935.0,4
2023-05-09 23:27:41,ag2312P6300,ag2312P6300,729.0,0.0,0.0,0.0,2,702.0,1155.5,2,724.5,729.0,729.0,729.0,1.0,10935.0,4
2023-05-09 23:27:42,ag2312P6300,ag2312P6300,729.0,0.0,0.0,0.0,2,702.0,1154.0,1,724.5,729.0,729.0,729.0,1.0,10935.0,4
2023-05-09 23:27:42,ag2312P6300,ag2312P6300,729.0,0.0,0.0,0.0,2,702.0,1154.0,1,724.5,729.0,729.0,729.0,1.0,10935.0,4
2023-05-09 23:27:43,ag2312P6300,ag2312P6300,729.0,0.0,0.0,0.0,2,702.0,1153.5,2,724.5,729.0,729.0,729.0,1.0,10935.0,4
2023-05-09 23:27:43,ag2312P6300,ag2312P6300,729.0,0.0,0.0,0.0,2,702.0,1152.0,1,724.5,729.0,729.0,729.0,1.0,10935.0,4
2023-05-09 23:27:44,ag2312P6300,ag2312P6300,729.0,0.0,0.0,0.0,2,702.0,1152.0,1,724.5,729.0,729.0,729.0,1.0,10935.0,4
2023-05-09 23:27:44,ag2312P6300,ag2312P6300,729.0,0.0,0.0,0.0,2,702.0,1151.5,2,724.5,729.0,729.0,729.0,1.0,10935.0,4
2023-05-09 23:27:45,ag2312P6300,ag2312P6300,729.0,0.0,0.0,0.0,2,702.0,1150.0,1,724.5,729.0,729.0,729.0,1.0,10935.0,4
2023-05-09 23:27:45,ag2312P6300,ag2312P6300,729.0,0.0,0.0,0.0,2,702.0,1150.0,1,724.5,729.0,729.0,729.0,1.0,10935.0,4
2023-05-09 23:27:46,ag2312P6300,ag2312P6300,729.0,0.0,0.0,0.0,2,702.0,1149.5,2,724.5,729.0,729.0,729.0,1.0,10935.0,4
2023-05-09 23:27:46,ag2312P6300,ag2312P6300,729.0,0.0,0.0,0.0,2,702.0,1148.0,1,724.5,729.0,729.0,729.0,1.0,10935.0,4
2023-05-09 23:27:47,ag2312P6300,ag2312P6300,729.0,0.0,0.0,0.0,2,702.0,1148.0,1,724.5,729.0,729.0,729.0,1.0,10935.0,4
2023-05-09 23:27:47,ag2312P6300,ag2312P6300,729.0,0.0,0.0,0.0,2,702.0,1147.5,2,724.5,729.0,729.0,729.0,1.0,10935.0,4
2023-05-09 23:27:48,ag2312P6300,ag2312P6300,729.0,0.0,0.0,0.0,2,702.0,1146.0,1,724.5,729.0,729.0,729.0,1.0,10935.0,4
2023-05-09 23:27:48,ag2312P6300,ag2312P6300,729.0,0.0,0.0,0.0,2,702.0,1146.0,1,724.5,729.0,729.0,729.0,1.0,10935.0,4
2023-05-09 23:27:49,ag2312P6300,ag2312P6300,729.0,0.0,0.0,0.0,2,702.0,1145.5,2,724.5,729.0,729.0,729.0,1.0,10935.0,4
2023-05-09 23:27:49,ag2312P6300,ag2312P6300,729.0,0.0,0.0,0.0,2,702.0,1144.0,1,724.5,729.0,729.0,729.0,1.0,10935.0,4
2023-05-09 23:27:50,ag2312P6300,ag2312P6300,729.0,0.0,0.0,0.0,2,702.0,1144.0,1,724.5,729.0,729.0,729.0,1.0,10935.0,4
2023-05-09 23:27:50,ag2312P6300,ag2312P6300,729.0,0.0,0.0,0.0,2,702.0,1143.5,2,724.5,729.0,729.0,729.0,1.0,10935.0,4
2023-05-09 23:27:51,ag2312P6300,ag2312P6300,729.0,0.0,0.0,0.0,2,702.0,1142.0,1,724.5,729.0,729.0,729.0,1.0,10935.0,4
2023-05-09 23:27:51,ag2312P6300,ag2312P6300,729.0,0.0,0.0,0.0,2,702.0,1142.0,1,724.5,729.0,729.0,729.0,1.0,10935.0,4
2023-05-09 23:27:52,ag2312P6300,ag2312P6300,729.0,0.0,0.0,0.0,2,702.0,1141.5,2,724.5,729.0,729.0,729.0,1.0,10935.0,4
2023-05-09 23:27:52,ag2312P6300,ag2312P6300,729.0,0.0,0.0,0.0,2,702.0,1140.0,1,724.5,729.0,729.0,729.0,1.0,10935.0,4
2023-05-09 23:27:53,ag2312P6300,ag2312P6300,729.0,0.0,0.0,0.0,2,702.0,1140.0,1,724.5,729.0,729.0,729.0,1.0,10935.0,4
2023-05-09 23:27:53,ag2312P6300,ag2312P6300,729.0,0.0,0.0,0.0,2,702.0,1139.5,2,724.5,729.0,729.0,729.0,1.0,10935.0,4
2023-05-09 23:27:54,ag2312P6300,ag2312P6300,729.0,0.0,0.0,0.0,2,702.0,1138.0,1,724.5,729.0,729.0,729.0,1.0,10935.0,4
2023-05-09 23:27:54,ag2312P6300,ag2312P6300,729.0,0.0,0.0,0.0,2,702.0,1138.0,1,724.5,729.0,729.0,729.0,1.0,10935.0,4
2023-05-09 23:27:55,ag2312P6300,ag2312P6300,729.0,0.0,0.0,0.0,2,702.0,1137.5,2,724.5,729.0,729.0,729.0,1.0,10935.0,4
2023-05-09 23:27:55,ag2312P6300,ag2312P6300,729.0,0.0,0.0,0.0,2,702.0,1136.0,1,724.5,729.0,729.0,729.0,1.0,10935.0,4
2023-05-09 23:27:56,ag2312P6300,ag2312P6300,729.0,0.0,0.0,0.0,2,702.0,1136.0,1,724.5,729.0,729.0,729.0,1.0,10935.0,4
2023-05-09 23:27:56,ag2312P6300,ag2312P6300,729.0,0.0,0.0,0.0,2,702.0,1135.5,2,724.5,729.0,729.0,729.0,1.0,10935.0,4
2023-05-09 23:27:57,ag2312P6300,ag2312P6300,729.0,0.0,0.0,0.0,2,702.0,1134.0,1,724.5,729.0,729.0,729.0,1.0,10935.0,4
2023-05-09 23:27:57,ag2312P6300,ag2312P6300,729.0,0.0,0.0,0.0,2,702.0,1134.0,1,724.5,729.0,729.0,729.0,1.0,10935.0,4
2023-05-09 23:27:58,ag2312P6300,ag2312P6300,729.0,0.0,0.0,0.0,2,702.0,1133.5,2,724.5,729.0,729.0,729.0,1.0,10935.0,4
2023-05-09 23:27:58,ag2312P6300,ag2312P6300,729.0,0.0,0.0,0.0,2,702.0,1132.0,1,724.5,729.0,729.0,729.0,1.0,10935.0,4
2023-05-09 23:27:59,ag2312P6300,ag2312P6300,729.0,0.0,0.0,0.0,2,702.0,1132.0,1,724.5,729.0,729.0,729.0,1.0,10935.0,4
2023-05-09 23:27:59,ag2312P6300,ag2312P6300,729.0,0.0,0.0,0.0,2,702.0,1131.5,2,724.5,729.0,729.0,729.0,1.0,10935.0,4
2023-05-09 23:28:00,ag2312P6300,ag2312P6300,729.0,0.0,0.0,0.0,2,702.0,1130.0,1,724.5,729.0,729.0,729.0,1.0,10935.0,4
2023-05-09 23:28:00,ag2312P6300,ag2312P6300,729.0,0.0,0.0,0.0,2,702.0,1130.0,1,724.5,729.0,729.0,729.0,1.0,10935.0,4
2023-05-09 23:28:01,ag2312P6300,ag2312P6300,729.0,0.0,0.0,0.0,2,702.0,1129.5,2,724.5,729.0,729.0,729.0,1.0,10935.0,4
2023-05-09 23:28:01,ag2312P6300,ag2312P6300,729.0,0.0,0.0,0.0,2,702.0,1128.0,1,724.5,729.0,729.0,729.0,1.0,10935.0,4
2023-05-09 23:28:02,ag2312P6300,ag2312P6300,729.0,0.0,0.0,0.0,2,702.0,1128.0,1,724.5,729.0,729.0,729.0,1.0,10935.0,4
2023-05-09 23:28:02,ag2312P6300,ag2312P6300,729.0,0.0,0.0,0.0,2,702.0,1127.5,2,724.5,729.0,729.0,729.0,1.0,10935.0,4
2023-05-09 23:28:03,ag2312P6300,ag2312P6300,729.0,0.0,0.0,0.0,2,702.0,1126.0,1,724.5,729.0,729.0,729.0,1.0,10935.0,4
2023-05-09 23:28:03,ag2312P6300,ag2312P6300,729.0,0.0,0.0,0.0,2,702.0,1126.0,1,724.5,729.0,729.0,729.0,1.0,10935.0,4
2023-05-09 23:28:04,ag2312P6300,ag2312P6300,729.0,0.0,0.0,0.0,2,702.0,1125.5,2,724.5,729.0,729.0,729.0,1.0,10935.0,4
2023-05-09 23:28:04,ag2312P6300,ag2312P6300,729.0,0.0,0.0,0.0,2,702.0,1124.0,1,724.5,729.0,729.0,729.0,1.0,10935.0,4
2023-05-09 23:28:05,ag2312P6300,ag2312P6300,729.0,0.0,0.0,0.0,2,702.0,1124.0,1,724.5,729.0,729.0,729.0,1.0,10935.0,4
2023-05-09 23:28:05,ag2312P6300,ag2312P6300,729.0,0.0,0.0,0.0,2,702.0,1123.5,2,724.5,729.0,729.0,729.0,1.0,10935.0,4
2023-05-09 23:28:06,ag2312P6300,ag2312P6300,729.0,0.0,0.0,0.0,2,702.0,1122.0,1,724.5,729.0,729.0,729.0,1.0,10935.0,4
2023-05-09 23:28:06,ag2312P6300,ag2312P6300,729.0,0.0,0.0,0.0,2,702.0,1122.0,1,724.5,729.0,729.0,729.0,1.0,10935.0,4
2023-05-09 23:28:07,ag2312P6300,ag2312P6300,729.0,0.0,0.0,0.0,2,702.0,1121.5,2,724.5,729.0,729.0,729.0,1.0,10935.0,4
2023-05-09 23:28:07,ag2312P6300,ag2312P6300,729.0,0.0,0.0,0.0,2,702.0,1120.0,1,724.5,729.0,729.0,729.0,1.0,10935.0,4
2023-05-09 23:28:08,ag2312P6300,ag2312P6300,729.0,0.0,0.0,0.0,2,702.0,1120.0,1,724.5,729.0,729.0,729.0,1.0,10935.0,4
2023-05-09 23:28:08,ag2312P6300,ag2312P6300,729.0,0.0,0.0,0.0,2,702.0,1119.5,2,724.5,729.0,729.0,729.0,1.0,10935.0,4
2023-05-09 23:28:09,ag2312P6300,ag2312P6300,729.0,0.0,0.0,0.0,2,702.0,1118.0,1,724.5,729.0,729.0,729.0,1.0,10935.0,4
2023-05-09 23:28:09,ag2312P6300,ag2312P6300,729.0,0.0,0.0,0.0,2,702.0,1118.0,1,724.5,729.0,729.0,729.0,1.0,10935.0,4
2023-05-09 23:28:10,ag2312P6300,ag2312P6300,729.0,0.0,0.0,0.0,2,702.0,1117.5,2,724.5,729.0,729.0,729.0,1.0,10935.0,4
2023-05-09 23:28:10,ag2312P6300,ag2312P6300,729.0,0.0,0.0,0.0,2,702.0,1116.0,1,724.5,729.0,729.0,729.0,1.0,10935.0,4
2023-05-09 23:28:11,ag2312P6300,ag2312P6300,729.0,0.0,0.0,0.0,2,702.0,1116.0,1,724.5,729.0,729.0,729.0,1.0,10935.0,4
2023-05-09 23:28:11,ag2312P6300,ag2312P6300,729.0,0.0,0.0,0.0,2,702.0,1115.5,2,724.5,729.0,729.0,729.0,1.0,10935.0,4
2023-05-09 23:28:12,ag2312P6300,ag2312P6300,729.0,0.0,0.0,0.0,2,702.0,1114.0,1,724.5,729.0,729.0,729.0,1.0,10935.0,4
2023-05-09 23:28:12,ag2312P6300,ag2312P6300,729.0,0.0,0.0,0.0,2,702.0,1114.0,1,724.5,729.0,729.0,729.0,1.0,10935.0,4
2023-05-09 23:28:13,ag2312P6300,ag2312P6300,729.0,0.0,0.0,0.0,2,702.0,1113.5,2,724.5,729.0,729.0,729.0,1.0,10935.0,4
2023-05-09 23:28:13,ag2312P6300,ag2312P6300,729.0,0.0,0.0,0.0,2,702.0,1112.0,1,724.5,729.0,729.0,729.0,1.0,10935.0,4
2023-05-09 23:28:14,ag2312P6300,ag2312P6300,729.0,0.0,0.0,0.0,2,702.0,1112.0,1,724.5,729.0,729.0,729.0,1.0,10935.0,4
2023-05-09 23:28:14,ag2312P6300,ag2312P6300,729.0,0.0,0.0,0.0,2,702.0,1111.5,2,724.5,729.0,729.0,729.0,1.0,10935.0,4
2023-05-09 23:28:15,ag2312P6300,ag2312P6300,729.0,0.0,0.0,0.0,2,702.0,1110.0,1,724.5,729.0,729.0,729.0,1.0,10935.0,4
2023-05-09 23:28:15,ag2312P6300,ag2312P6300,729.0,0.0,0.0,0.0,2,702.0,1110.0,1,724.5,729.0,729.0,729.0,1.0,10935.0,4
2023-05-09 23:28:16,ag2312P6300,ag2312P6300,729.0,0.0,0.0,0.0,2,702.0,1109.5,3,724.5,729.0,729.0,729.0,1.0,10935.0,4
2023-05-09 23:28:16,ag2312P6300,ag2312P6300,729.0,0.0,0.0,0.0,2,702.0,1108.0,1,724.5,729.0,729.0,729.0,1.0,10935.0,4
2023-05-09 23:28:17,ag2312P6300,ag2312P6300,729.0,0.0,0.0,0.0,2,702.0,1108.0,1,724.5,729.0,729.0,729.0,1.0,10935.0,4
2023-05-09 23:28:17,ag2312P6300,ag2312P6300,729.0,0.0,0.0,0.0,2,702.0,1107.5,2,724.5,729.0,729.0,729.0,1.0,10935.0,4
2023-05-09 23:28:18,ag2312P6300,ag2312P6300,729.0,0.0,0.0,0.0,2,702.0,1106.0,1,724.5,729.0,729.0,729.0,1.0,10935.0,4
2023-05-09 23:28:18,ag2312P6300,ag2312P6300,729.0,0.0,0.0,0.0,2,702.0,1106.0,1,724.5,729.0,729.0,729.0,1.0,10935.0,4
2023-05-09 23:28:19,ag2312P6300,ag2312P6300,729.0,0.0,0.0,0.0,2,702.0,1105.5,2,724.5,729.0,729.0,729.0,1.0,10935.0,4
2023-05-09 23:28:19,ag2312P6300,ag2312P6300,729.0,0.0,0.0,0.0,2,702.0,1104.0,1,724.5,729.0,729.0,729.0,1.0,10935.0,4
2023-05-09 23:28:20,ag2312P6300,ag2312P6300,729.0,0.0,0.0,0.0,2,702.0,1104.0,1,724.5,729.0,729.0,729.0,1.0,10935.0,4
2023-05-09 23:28:20,ag2312P6300,ag2312P6300,729.0,0.0,0.0,0.0,2,702.0,1103.5,2,724.5,729.0,729.0,729.0,1.0,10935.0,4
2023-05-09 23:28:21,ag2312P6300,ag2312P6300,729.0,0.0,0.0,0.0,2,702.0,1102.0,1,724.5,729.0,729.0,729.0,1.0,10935.0,4
2023-05-09 23:28:21,ag2312P6300,ag2312P6300,729.0,0.0,0.0,0.0,2,702.0,1102.0,1,724.5,729.0,729.0,729.0,1.0,10935.0,4
2023-05-09 23:28:22,ag2312P6300,ag2312P6300,729.0,0.0,0.0,0.0,2,702.0,1101.5,2,724.5,729.0,729.0,729.0,1.0,10935.0,4
2023-05-09 23:28:22,ag2312P6300,ag2312P6300,729.0,0.0,0.0,0.0,2,702.0,1100.0,1,724.5,729.0,729.0,729.0,1.0,10935.0,4
2023-05-09 23:28:23,ag2312P6300,ag2312P6300,729.0,0.0,0.0,0.0,2,702.0,1100.0,1,724.5,729.0,729.0,729.0,1.0,10935.0,4
2023-05-09 23:28:23,ag2312P6300,ag2312P6300,729.0,0.0,0.0,0.0,2,702.0,1099.5,2,724.5,729.0,729.0,729.0,1.0,10935.0,4
2023-05-09 23:28:24,ag2312P6300,ag2312P6300,729.0,0.0,0.0,0.0,2,702.0,1098.0,1,724.5,729.0,729.0,729.0,1.0,10935.0,4
2023-05-09 23:28:24,ag2312P6300,ag2312P6300,729.0,0.0,0.0,0.0,2,702.0,1098.0,1,724.5,729.0,729.0,729.0,1.0,10935.0,4
2023-05-09 23:28:25,ag2312P6300,ag2312P6300,729.0,0.0,0.0,0.0,2,702.0,1097.5,2,724.5,729.0,729.0,729.0,1.0,10935.0,4
2023-05-09 23:28:25,ag2312P6300,ag2312P6300,729.0,0.0,0.0,0.0,2,702.0,1096.0,1,724.5,729.0,729.0,729.0,1.0,10935.0,4
2023-05-09 23:28:26,ag2312P6300,ag2312P6300,729.0,0.0,0.0,0.0,2,702.0,1096.0,1,724.5,729.0,729.0,729.0,1.0,10935.0,4
2023-05-09 23:28:26,ag2312P6300,ag2312P6300,729.0,0.0,0.0,0.0,2,702.0,1095.5,2,724.5,729.0,729.0,729.0,1.0,10935.0,4
2023-05-09 23:28:27,ag2312P6300,ag2312P6300,729.0,0.0,0.0,0.0,2,702.0,1094.0,1,724.5,729.0,729.0,729.0,1.0,10935.0,4
2023-05-09 23:28:27,ag2312P6300,ag2312P6300,729.0,0.0,0.0,0.0,2,702.0,1094.0,1,724.5,729.0,729.0,729.0,1.0,10935.0,4
2023-05-09 23:28:28,ag2312P6300,ag2312P6300,729.0,0.0,0.0,0.0,2,702.0,1093.5,2,724.5,729.0,729.0,729.0,1.0,10935.0,4
2023-05-09 23:28:28,ag2312P6300,ag2312P6300,729.0,0.0,0.0,0.0,2,702.0,1092.0,1,724.5,729.0,729.0,729.0,1.0,10935.0,4
2023-05-09 23:28:29,ag2312P6300,ag2312P6300,729.0,0.0,0.0,0.0,2,702.0,1092.0,1,724.5,729.0,729.0,729.0,1.0,10935.0,4
2023-05-09 23:28:29,ag2312P6300,ag2312P6300,729.0,0.0,0.0,0.0,2,702.0,1091.5,2,724.5,729.0,729.0,729.0,1.0,10935.0,4
2023-05-09 23:28:30,ag2312P6300,ag2312P6300,729.0,0.0,0.0,0.0,2,702.0,1090.0,1,724.5,729.0,729.0,729.0,1.0,10935.0,4
2023-05-09 23:28:30,ag2312P6300,ag2312P6300,729.0,0.0,0.0,0.0,2,702.0,1090.0,1,724.5,729.0,729.0,729.0,1.0,10935.0,4
2023-05-09 23:28:31,ag2312P6300,ag2312P6300,729.0,0.0,0.0,0.0,2,702.0,1089.5,2,724.5,729.0,729.0,729.0,1.0,10935.0,4
2023-05-09 23:28:31,ag2312P6300,ag2312P6300,729.0,0.0,0.0,0.0,2,702.0,1088.0,1,724.5,729.0,729.0,729.0,1.0,10935.0,4
2023-05-09 23:28:32,ag2312P6300,ag2312P6300,729.0,0.0,0.0,0.0,2,702.0,1088.0,1,724.5,729.0,729.0,729.0,1.0,10935.0,4
2023-05-09 23:28:32,ag2312P6300,ag2312P6300,729.0,0.0,0.0,0.0,2,702.0,1087.5,2,724.5,729.0,729.0,729.0,1.0,10935.0,4
2023-05-09 23:28:33,ag2312P6300,ag2312P6300,729.0,0.0,0.0,0.0,2,702.0,1086.0,1,724.5,729.0,729.0,729.0,1.0,10935.0,4
2023-05-09 23:28:33,ag2312P6300,ag2312P6300,729.0,0.0,0.0,0.0,2,702.0,1086.0,1,724.5,729.0,729.0,729.0,1.0,10935.0,4
2023-05-09 23:28:34,ag2312P6300,ag2312P6300,729.0,0.0,0.0,0.0,2,702.0,1085.5,2,724.5,729.0,729.0,729.0,1.0,10935.0,4
2023-05-09 23:28:34,ag2312P6300,ag2312P6300,729.0,0.0,0.0,0.0,2,702.0,1084.0,1,724.5,729.0,729.0,729.0,1.0,10935.0,4
2023-05-09 23:28:35,ag2312P6300,ag2312P6300,729.0,0.0,0.0,0.0,2,702.0,1084.0,1,724.5,729.0,729.0,729.0,1.0,10935.0,4
2023-05-09 23:28:35,ag2312P6300,ag2312P6300,729.0,0.0,0.0,0.0,2,702.0,1083.5,2,724.5,729.0,729.0,729.0,1.0,10935.0,4
2023-05-09 23:28:36,ag2312P6300,ag2312P6300,729.0,0.0,0.0,0.0,2,702.0,1082.0,1,724.5,729.0,729.0,729.0,1.0,10935.0,4
2023-05-09 23:28:36,ag2312P6300,ag2312P6300,729.0,0.0,0.0,0.0,2,702.0,1082.0,1,724.5,729.0,729.0,729.0,1.0,10935.0,4
2023-05-09 23:28:37,ag2312P6300,ag2312P6300,729.0,0.0,0.0,0.0,2,702.0,1081.5,2,724.5,729.0,729.0,729.0,1.0,10935.0,4
2023-05-09 23:28:37,ag2312P6300,ag2312P6300,729.0,0.0,0.0,0.0,2,702.0,1080.0,1,724.5,729.0,729.0,729.0,1.0,10935.0,4
2023-05-09 23:28:38,ag2312P6300,ag2312P6300,729.0,0.0,0.0,0.0,2,702.0,1080.0,1,724.5,729.0,729.0,729.0,1.0,10935.0,4
2023-05-09 23:28:38,ag2312P6300,ag2312P6300,729.0,0.0,0.0,0.0,2,702.0,1079.5,2,724.5,729.0,729.0,729.0,1.0,10935.0,4
2023-05-09 23:28:39,ag2312P6300,ag2312P6300,729.0,0.0,0.0,0.0,2,702.0,1078.0,1,724.5,729.0,729.0,729.0,1.0,10935.0,4
2023-05-09 23:28:39,ag2312P6300,ag2312P6300,729.0,0.0,0.0,0.0,2,702.0,1078.0,1,724.5,729.0,729.0,729.0,1.0,10935.0,4
2023-05-09 23:28:40,ag2312P6300,ag2312P6300,729.0,0.0,0.0,0.0,2,702.0,1077.5,2,724.5,729.0,729.0,729.0,1.0,10935.0,4
2023-05-09 23:28:40,ag2312P6300,ag2312P6300,729.0,0.0,0.0,0.0,2,702.0,1076.0,1,724.5,729.0,729.0,729.0,1.0,10935.0,4
2023-05-09 23:28:41,ag2312P6300,ag2312P6300,729.0,0.0,0.0,0.0,2,702.0,1076.0,1,724.5,729.0,729.0,729.0,1.0,10935.0,4
2023-05-09 23:28:41,ag2312P6300,ag2312P6300,729.0,0.0,0.0,0.0,2,702.0,1075.5,2,724.5,729.0,729.0,729.0,1.0,10935.0,4
2023-05-09 23:28:42,ag2312P6300,ag2312P6300,729.0,0.0,0.0,0.0,2,702.0,1074.0,1,724.5,729.0,729.0,729.0,1.0,10935.0,4
2023-05-09 23:28:42,ag2312P6300,ag2312P6300,729.0,0.0,0.0,0.0,2,702.0,1074.0,1,724.5,729.0,729.0,729.0,1.0,10935.0,4
2023-05-09 23:28:43,ag2312P6300,ag2312P6300,729.0,0.0,0.0,0.0,2,702.0,1073.5,2,724.5,729.0,729.0,729.0,1.0,10935.0,4
2023-05-09 23:28:43,ag2312P6300,ag2312P6300,729.0,0.0,0.0,0.0,2,702.0,1072.0,1,724.5,729.0,729.0,729.0,1.0,10935.0,4
2023-05-09 23:28:44,ag2312P6300,ag2312P6300,729.0,0.0,0.0,0.0,2,702.0,1072.0,1,724.5,729.0,729.0,729.0,1.0,10935.0,4
2023-05-09 23:28:44,ag2312P6300,ag2312P6300,729.0,0.0,0.0,0.0,2,702.0,1071.5,2,724.5,729.0,729.0,729.0,1.0,10935.0,4
2023-05-09 23:28:45,ag2312P6300,ag2312P6300,729.0,0.0,0.0,0.0,2,702.0,1070.0,1,724.5,729.0,729.0,729.0,1.0,10935.0,4
2023-05-09 23:28:45,ag2312P6300,ag2312P6300,729.0,0.0,0.0,0.0,2,702.0,1070.0,1,724.5,729.0,729.0,729.0,1.0,10935.0,4
2023-05-09 23:28:46,ag2312P6300,ag2312P6300,729.0,0.0,0.0,0.0,2,702.0,1069.5,2,724.5,729.0,729.0,729.0,1.0,10935.0,4
2023-05-09 23:28:46,ag2312P6300,ag2312P6300,729.0,0.0,0.0,0.0,2,702.0,1068.0,1,724.5,729.0,729.0,729.0,1.0,10935.0,4
2023-05-09 23:28:47,ag2312P6300,ag2312P6300,729.0,0.0,0.0,0.0,2,702.0,1068.0,1,724.5,729.0,729.0,729.0,1.0,10935.0,4
2023-05-09 23:28:47,ag2312P6300,ag2312P6300,729.0,0.0,0.0,0.0,2,702.0,1067.5,2,724.5,729.0,729.0,729.0,1.0,10935.0,4
2023-05-09 23:28:48,ag2312P6300,ag2312P6300,729.0,0.0,0.0,0.0,2,702.0,1066.0,1,724.5,729.0,729.0,729.0,1.0,10935.0,4
2023-05-09 23:28:48,ag2312P6300,ag2312P6300,729.0,0.0,0.0,0.0,2,702.0,1066.0,1,724.5,729.0,729.0,729.0,1.0,10935.0,4
2023-05-09 23:28:49,ag2312P6300,ag2312P6300,729.0,0.0,0.0,0.0,2,702.0,1065.5,2,724.5,729.0,729.0,729.0,1.0,10935.0,4
2023-05-09 23:28:49,ag2312P6300,ag2312P6300,729.0,0.0,0.0,0.0,2,702.0,1064.0,1,724.5,729.0,729.0,729.0,1.0,10935.0,4
2023-05-09 23:28:50,ag2312P6300,ag2312P6300,729.0,0.0,0.0,0.0,2,702.0,1064.0,1,724.5,729.0,729.0,729.0,1.0,10935.0,4
2023-05-09 23:28:50,ag2312P6300,ag2312P6300,729.0,0.0,0.0,0.0,2,702.0,1063.5,2,724.5,729.0,729.0,729.0,1.0,10935.0,4
2023-05-09 23:28:51,ag2312P6300,ag2312P6300,729.0,0.0,0.0,0.0,2,702.0,1062.0,1,724.5,729.0,729.0,729.0,1.0,10935.0,4
2023-05-09 23:28:51,ag2312P6300,ag2312P6300,729.0,0.0,0.0,0.0,2,702.0,1062.0,1,724.5,729.0,729.0,729.0,1.0,10935.0,4
2023-05-09 23:28:52,ag2312P6300,ag2312P6300,729.0,0.0,0.0,0.0,2,702.0,1061.5,2,724.5,729.0,729.0,729.0,1.0,10935.0,4
2023-05-09 23:28:52,ag2312P6300,ag2312P6300,729.0,0.0,0.0,0.0,2,702.0,1060.0,1,724.5,729.0,729.0,729.0,1.0,10935.0,4
2023-05-09 23:28:53,ag2312P6300,ag2312P6300,729.0,0.0,0.0,0.0,2,702.0,1060.0,1,724.5,729.0,729.0,729.0,1.0,10935.0,4
2023-05-09 23:28:53,ag2312P6300,ag2312P6300,729.0,0.0,0.0,0.0,2,702.0,1059.5,2,724.5,729.0,729.0,729.0,1.0,10935.0,4
2023-05-09 23:28:54,ag2312P6300,ag2312P6300,729.0,0.0,0.0,0.0,2,702.0,1058.0,1,724.5,729.0,729.0,729.0,1.0,10935.0,4
2023-05-09 23:28:54,ag2312P6300,ag2312P6300,729.0,0.0,0.0,0.0,2,702.0,1058.0,1,724.5,729.0,729.0,729.0,1.0,10935.0,4
2023-05-09 23:28:55,ag2312P6300,ag2312P6300,729.0,0.0,0.0,0.0,2,702.0,1057.5,2,724.5,729.0,729.0,729.0,1.0,10935.0,4
2023-05-09 23:28:55,ag2312P6300,ag2312P6300,729.0,0.0,0.0,0.0,2,702.0,1056.0,1,724.5,729.0,729.0,729.0,1.0,10935.0,4
2023-05-09 23:28:56,ag2312P6300,ag2312P6300,729.0,0.0,0.0,0.0,2,702.0,1056.0,1,724.5,729.0,729.0,729.0,1.0,10935.0,4
2023-05-09 23:28:56,ag2312P6300,ag2312P6300,729.0,0.0,0.0,0.0,2,702.0,1055.5,2,724.5,729.0,729.0,729.0,1.0,10935.0,4
2023-05-09 23:28:57,ag2312P6300,ag2312P6300,729.0,0.0,0.0,0.0,2,702.0,1054.0,1,724.5,729.0,729.0,729.0,1.0,10935.0,4
2023-05-09 23:28:57,ag2312P6300,ag2312P6300,729.0,0.0,0.0,0.0,2,702.0,1054.0,1,724.5,729.0,729.0,729.0,1.0,10935.0,4
2023-05-09 23:28:58,ag2312P6300,ag2312P6300,729.0,0.0,0.0,0.0,2,702.0,1053.5,2,724.5,729.0,729.0,729.0,1.0,10935.0,4
2023-05-09 23:28:58,ag2312P6300,ag2312P6300,729.0,0.0,0.0,0.0,2,702.0,1052.0,1,724.5,729.0,729.0,729.0,1.0,10935.0,4
2023-05-09 23:28:59,ag2312P6300,ag2312P6300,729.0,0.0,0.0,0.0,2,702.0,1052.0,1,724.5,729.0,729.0,729.0,1.0,10935.0,4
2023-05-09 23:28:59,ag2312P6300,ag2312P6300,729.0,0.0,0.0,0.0,2,702.0,1051.5,2,724.5,729.0,729.0,729.0,1.0,10935.0,4
2023-05-09 23:29:00,ag2312P6300,ag2312P6300,729.0,0.0,0.0,0.0,2,702.0,1050.0,1,724.5,729.0,729.0,729.0,1.0,10935.0,4
2023-05-09 23:29:00,ag2312P6300,ag2312P6300,729.0,0.0,0.0,0.0,2,702.0,1050.0,1,724.5,729.0,729.0,729.0,1.0,10935.0,4
2023-05-09 23:29:01,ag2312P6300,ag2312P6300,729.0,0.0,0.0,0.0,2,702.0,1049.5,2,724.5,729.0,729.0,729.0,1.0,10935.0,4
2023-05-09 23:29:01,ag2312P6300,ag2312P6300,729.0,0.0,0.0,0.0,2,702.0,1048.0,1,724.5,729.0,729.0,729.0,1.0,10935.0,4
2023-05-09 23:29:02,ag2312P6300,ag2312P6300,729.0,0.0,0.0,0.0,2,702.0,1048.0,1,724.5,729.0,729.0,729.0,1.0,10935.0,4
2023-05-09 23:29:02,ag2312P6300,ag2312P6300,729.0,0.0,0.0,0.0,2,702.0,1047.5,2,724.5,729.0,729.0,729.0,1.0,10935.0,4
2023-05-09 23:29:03,ag2312P6300,ag2312P6300,729.0,0.0,0.0,0.0,2,702.0,1046.0,1,724.5,729.0,729.0,729.0,1.0,10935.0,4
2023-05-09 23:29:03,ag2312P6300,ag2312P6300,729.0,0.0,0.0,0.0,2,702.0,1046.0,1,724.5,729.0,729.0,729.0,1.0,10935.0,4
2023-05-09 23:29:04,ag2312P6300,ag2312P6300,729.0,0.0,0.0,0.0,2,702.0,1045.5,2,724.5,729.0,729.0,729.0,1.0,10935.0,4
2023-05-09 23:29:04,ag2312P6300,ag2312P6300,729.0,0.0,0.0,0.0,2,702.0,1044.0,1,724.5,729.0,729.0,729.0,1.0,10935.0,4
2023-05-09 23:29:05,ag2312P6300,ag2312P6300,729.0,0.0,0.0,0.0,2,702.0,1044.0,1,724.5,729.0,729.0,729.0,1.0,10935.0,4
2023-05-09 23:29:05,ag2312P6300,ag2312P6300,729.0,0.0,0.0,0.0,2,702.0,1043.5,2,724.5,729.0,729.0,729.0,1.0,10935.0,4
2023-05-09 23:29:06,ag2312P6300,ag2312P6300,729.0,0.0,0.0,0.0,2,702.0,1042.0,1,724.5,729.0,729.0,729.0,1.0,10935.0,4
2023-05-09 23:29:06,ag2312P6300,ag2312P6300,729.0,0.0,0.0,0.0,2,702.0,1042.0,1,724.5,729.0,729.0,729.0,1.0,10935.0,4
2023-05-09 23:29:07,ag2312P6300,ag2312P6300,729.0,0.0,0.0,0.0,2,702.0,1041.5,3,724.5,729.0,729.0,729.0,1.0,10935.0,4
2023-05-09 23:29:07,ag2312P6300,ag2312P6300,729.0,0.0,0.0,0.0,2,702.0,1040.0,1,724.5,729.0,729.0,729.0,1.0,10935.0,4
2023-05-09 23:29:08,ag2312P6300,ag2312P6300,729.0,0.0,0.0,0.0,2,702.0,1040.0,1,724.5,729.0,729.0,729.0,1.0,10935.0,4
2023-05-09 23:29:08,ag2312P6300,ag2312P6300,729.0,0.0,0.0,0.0,2,702.0,1039.5,2,724.5,729.0,729.0,729.0,1.0,10935.0,4
2023-05-09 23:29:09,ag2312P6300,ag2312P6300,729.0,0.0,0.0,0.0,2,702.0,1038.0,1,724.5,729.0,729.0,729.0,1.0,10935.0,4
2023-05-09 23:29:09,ag2312P6300,ag2312P6300,729.0,0.0,0.0,0.0,2,702.0,1038.0,1,724.5,729.0,729.0,729.0,1.0,10935.0,4
2023-05-09 23:29:10,ag2312P6300,ag2312P6300,729.0,0.0,0.0,0.0,2,702.0,1037.5,2,724.5,729.0,729.0,729.0,1.0,10935.0,4
2023-05-09 23:29:10,ag2312P6300,ag2312P6300,729.0,0.0,0.0,0.0,2,702.0,1036.0,1,724.5,729.0,729.0,729.0,1.0,10935.0,4
2023-05-09 23:29:11,ag2312P6300,ag2312P6300,729.0,0.0,0.0,0.0,2,702.0,1036.0,1,724.5,729.0,729.0,729.0,1.0,10935.0,4
2023-05-09 23:29:11,ag2312P6300,ag2312P6300,729.0,0.0,0.0,0.0,2,702.0,1035.5,2,724.5,729.0,729.0,729.0,1.0,10935.0,4
2023-05-09 23:29:12,ag2312P6300,ag2312P6300,729.0,0.0,0.0,0.0,2,702.0,1034.0,1,724.5,729.0,729.0,729.0,1.0,10935.0,4
2023-05-09 23:29:12,ag2312P6300,ag2312P6300,729.0,0.0,0.0,0.0,2,702.0,1034.0,1,724.5,729.0,729.0,729.0,1.0,10935.0,4
2023-05-09 23:29:13,ag2312P6300,ag2312P6300,729.0,0.0,0.0,0.0,2,702.0,1033.5,2,724.5,729.0,729.0,729.0,1.0,10935.0,4
2023-05-09 23:29:13,ag2312P6300,ag2312P6300,729.0,0.0,0.0,0.0,2,702.0,1032.0,1,724.5,729.0,729.0,729.0,1.0,10935.0,4
2023-05-09 23:29:14,ag2312P6300,ag2312P6300,729.0,0.0,0.0,0.0,2,702.0,1032.0,1,724.5,729.0,729.0,729.0,1.0,10935.0,4
2023-05-09 23:29:14,ag2312P6300,ag2312P6300,729.0,0.0,0.0,0.0,2,702.0,1031.5,2,724.5,729.0,729.0,729.0,1.0,10935.0,4
2023-05-09 23:29:15,ag2312P6300,ag2312P6300,729.0,0.0,0.0,0.0,2,702.0,1030.0,1,724.5,729.0,729.0,729.0,1.0,10935.0,4
2023-05-09 23:29:15,ag2312P6300,ag2312P6300,729.0,0.0,0.0,0.0,2,702.0,1030.0,1,724.5,729.0,729.0,729.0,1.0,10935.0,4
2023-05-09 23:29:16,ag2312P6300,ag2312P6300,729.0,0.0,0.0,0.0,2,702.0,1029.5,2,724.5,729.0,729.0,729.0,1.0,10935.0,4
2023-05-09 23:29:16,ag2312P6300,ag2312P6300,729.0,0.0,0.0,0.0,2,702.0,1028.0,1,724.5,729.0,729.0,729.0,1.0,10935.0,4
2023-05-09 23:29:17,ag2312P6300,ag2312P6300,729.0,0.0,0.0,0.0,2,702.0,1028.0,1,724.5,729.0,729.0,729.0,1.0,10935.0,4
2023-05-09 23:29:17,ag2312P6300,ag2312P6300,729.0,0.0,0.0,0.0,2,702.0,1027.5,2,724.5,729.0,729.0,729.0,1.0,10935.0,4
2023-05-09 23:29:18,ag2312P6300,ag2312P6300,729.0,0.0,0.0,0.0,2,702.0,1026.0,1,724.5,729.0,729.0,729.0,1.0,10935.0,4
2023-05-09 23:29:18,ag2312P6300,ag2312P6300,729.0,0.0,0.0,0.0,2,702.0,1026.0,1,724.5,729.0,729.0,729.0,1.0,10935.0,4
2023-05-09 23:29:19,ag2312P6300,ag2312P6300,729.0,0.0,0.0,0.0,2,702.0,1025.5,2,724.5,729.0,729.0,729.0,1.0,10935.0,4
2023-05-09 23:29:19,ag2312P6300,ag2312P6300,729.0,0.0,0.0,0.0,2,702.0,1024.0,1,724.5,729.0,729.0,729.0,1.0,10935.0,4
