time,symbol_id,symbol_name,last,trade_volume,trade_amount,open_interest_change,bv1,bp1,ap1,av1,yesterday_close,today_open,today_high,today_low,volume,amount,open_interest
2023-05-09 20:59:00,ag2312P5400,ag2312P5400,235.5,0.0,0.0,0.0,1,1.5,0.0,0,235.5,0.0,0.0,0.0,0.0,0.0,23
2023-05-09 21:00:00,ag2312P5400,ag2312P5400,235.5,0.0,0.0,0.0,1,1.5,338.0,2,235.5,0.0,0.0,0.0,0.0,0.0,23
2023-05-09 21:00:01,ag2312P5400,ag2312P5400,235.5,0.0,0.0,0.0,2,109.0,338.0,2,235.5,0.0,0.0,0.0,0.0,0.0,23
2023-05-09 21:00:08,ag2312P5400,ag2312P5400,235.5,0.0,0.0,0.0,2,109.5,337.5,2,235.5,0.0,0.0,0.0,0.0,0.0,23
2023-05-09 21:00:08,ag2312P5400,ag2312P5400,235.5,0.0,0.0,0.0,2,138.0,309.0,2,235.5,0.0,0.0,0.0,0.0,0.0,23
2023-05-09 21:00:09,ag2312P5400,ag2312P5400,235.5,0.0,0.0,0.0,2,138.0,309.0,2,235.5,0.0,0.0,0.0,0.0,0.0,23
2023-05-09 21:00:09,ag2312P5400,ag2312P5400,235.5,0.0,0.0,0.0,2,138.5,308.5,2,235.5,0.0,0.0,0.0,0.0,0.0,23
2023-05-09 21:00:10,ag2312P5400,ag2312P5400,235.5,0.0,0.0,0.0,2,167.0,280.0,2,235.5,0.0,0.0,0.0,0.0,0.0,23
2023-05-09 21:00:11,ag2312P5400,ag2312P5400,235.5,0.0,0.0,0.0,2,167.0,280.0,2,235.5,0.0,0.0,0.0,0.0,0.0,23
2023-05-09 21:00:11,ag2312P5400,ag2312P5400,235.5,0.0,0.0,0.0,2,167.5,279.5,2,235.5,0.0,0.0,0.0,0.0,0.0,23
2023-05-09 21:00:12,ag2312P5400,ag2312P5400,235.5,0.0,0.0,0.0,2,196.0,251.0,2,235.5,0.0,0.0,0.0,0.0,0.0,23
2023-05-09 21:00:13,ag2312P5400,ag2312P5400,235.5,0.0,0.0,0.0,2,196.0,251.0,2,235.5,0.0,0.0,0.0,0.0,0.0,23
2023-05-09 21:00:13,ag2312P5400,ag2312P5400,235.5,0.0,0.0,0.0,2,196.5,251.0,2,235.5,0.0,0.0,0.0,0.0,0.0,23
2023-05-09 21:00:50,ag2312P5400,ag2312P5400,235.5,0.0,0.0,0.0,2,196.5,253.0,1,235.5,0.0,0.0,0.0,0.0,0.0,23
2023-05-09 21:01:09,ag2312P5400,ag2312P5400,235.5,0.0,0.0,0.0,2,196.5,230.5,1,235.5,0.0,0.0,0.0,0.0,0.0,23
2023-05-09 21:01:10,ag2312P5400,ag2312P5400,235.5,0.0,0.0,0.0,1,221.5,230.5,1,235.5,0.0,0.0,0.0,0.0,0.0,23
2023-05-09 21:01:11,ag2312P5400,ag2312P5400,235.5,0.0,0.0,0.0,1,221.5,230.5,1,235.5,0.0,0.0,0.0,0.0,0.0,23
2023-05-09 21:01:39,ag2312P5400,ag2312P5400,235.5,0.0,0.0,0.0,1,221.5,230.5,1,235.5,0.0,0.0,0.0,0.0,0.0,23
2023-05-09 21:03:12,ag2312P5400,ag2312P5400,235.5,0.0,0.0,0.0,1,223.0,230.5,1,235.5,0.0,0.0,0.0,0.0,0.0,23
2023-05-09 21:05:37,ag2312P5400,ag2312P5400,235.5,0.0,0.0,0.0,1,223.0,230.5,1,235.5,0.0,0.0,0.0,0.0,0.0,23
2023-05-09 21:05:38,ag2312P5400,ag2312P5400,235.5,0.0,0.0,0.0,1,224.5,230.5,1,235.5,0.0,0.0,0.0,0.0,0.0,23
2023-05-09 21:05:40,ag2312P5400,ag2312P5400,235.5,0.0,0.0,0.0,1,224.5,232.0,1,235.5,0.0,0.0,0.0,0.0,0.0,23
2023-05-09 21:06:09,ag2312P5400,ag2312P5400,235.5,0.0,0.0,0.0,1,224.5,253.0,1,235.5,0.0,0.0,0.0,0.0,0.0,23
2023-05-09 21:06:10,ag2312P5400,ag2312P5400,235.5,0.0,0.0,0.0,1,224.5,233.0,1,235.5,0.0,0.0,0.0,0.0,0.0,23
2023-05-09 21:06:15,ag2312P5400,ag2312P5400,235.5,0.0,0.0,0.0,1,226.0,233.0,1,235.5,0.0,0.0,0.0,0.0,0.0,23
2023-05-09 21:07:32,ag2312P5400,ag2312P5400,235.5,0.0,0.0,0.0,1,226.0,234.5,1,235.5,0.0,0.0,0.0,0.0,0.0,23
2023-05-09 21:07:35,ag2312P5400,ag2312P5400,235.5,0.0,0.0,0.0,1,227.5,234.5,1,235.5,0.0,0.0,0.0,0.0,0.0,23
2023-05-09 21:08:07,ag2312P5400,ag2312P5400,235.5,0.0,0.0,0.0,1,226.0,233.5,1,235.5,0.0,0.0,0.0,0.0,0.0,23
2023-05-09 21:08:17,ag2312P5400,ag2312P5400,235.5,0.0,0.0,0.0,1,226.0,233.5,1,235.5,0.0,0.0,0.0,0.0,0.0,23
2023-05-09 21:08:40,ag2312P5400,ag2312P5400,235.5,0.0,0.0,0.0,1,226.0,232.5,1,235.5,0.0,0.0,0.0,0.0,0.0,23
2023-05-09 21:09:33,ag2312P5400,ag2312P5400,235.5,0.0,0.0,0.0,1,224.5,232.5,1,235.5,0.0,0.0,0.0,0.0,0.0,23
2023-05-09 21:09:35,ag2312P5400,ag2312P5400,235.5,0.0,0.0,0.0,1,224.5,231.0,1,235.5,0.0,0.0,0.0,0.0,0.0,23
2023-05-09 21:11:23,ag2312P5400,ag2312P5400,235.5,0.0,0.0,0.0,1,224.5,230.0,1,235.5,0.0,0.0,0.0,0.0,0.0,23
2023-05-09 21:11:44,ag2312P5400,ag2312P5400,235.5,0.0,0.0,0.0,1,223.0,230.0,1,235.5,0.0,0.0,0.0,0.0,0.0,23
2023-05-09 21:12:01,ag2312P5400,ag2312P5400,235.5,0.0,0.0,0.0,1,223.0,229.0,1,235.5,0.0,0.0,0.0,0.0,0.0,23
2023-05-09 21:12:28,ag2312P5400,ag2312P5400,235.5,0.0,0.0,0.0,1,223.0,229.0,1,235.5,0.0,0.0,0.0,0.0,0.0,23
2023-05-09 21:14:38,ag2312P5400,ag2312P5400,235.5,0.0,0.0,0.0,1,223.0,229.0,1,235.5,0.0,0.0,0.0,0.0,0.0,23
2023-05-09 21:14:46,ag2312P5400,ag2312P5400,235.5,0.0,0.0,0.0,1,223.0,230.0,1,235.5,0.0,0.0,0.0,0.0,0.0,23
2023-05-09 21:15:15,ag2312P5400,ag2312P5400,235.5,0.0,0.0,0.0,1,223.0,229.0,1,235.5,0.0,0.0,0.0,0.0,0.0,23
2023-05-09 21:15:52,ag2312P5400,ag2312P5400,235.5,0.0,0.0,0.0,1,223.0,229.0,1,235.5,0.0,0.0,0.0,0.0,0.0,23
2023-05-09 21:17:07,ag2312P5400,ag2312P5400,235.5,0.0,0.0,0.0,1,223.0,228.0,1,235.5,0.0,0.0,0.0,0.0,0.0,23
2023-05-09 21:17:08,ag2312P5400,ag2312P5400,235.5,0.0,0.0,0.0,1,195.0,228.0,1,235.5,0.0,0.0,0.0,0.0,0.0,23
2023-05-09 21:17:08,ag2312P5400,ag2312P5400,235.5,0.0,0.0,0.0,2,195.5,228.0,1,235.5,0.0,0.0,0.0,0.0,0.0,23
2023-05-09 21:17:09,ag2312P5400,ag2312P5400,235.5,0.0,0.0,0.0,1,221.5,228.0,1,235.5,0.0,0.0,0.0,0.0,0.0,23
2023-05-09 21:17:10,ag2312P5400,ag2312P5400,235.5,0.0,0.0,0.0,1,221.5,228.0,1,235.5,0.0,0.0,0.0,0.0,0.0,23
2023-05-09 21:18:19,ag2312P5400,ag2312P5400,235.5,0.0,0.0,0.0,1,221.5,227.0,1,235.5,0.0,0.0,0.0,0.0,0.0,23
2023-05-09 21:20:23,ag2312P5400,ag2312P5400,235.5,0.0,0.0,0.0,1,220.0,227.0,1,235.5,0.0,0.0,0.0,0.0,0.0,23
2023-05-09 21:21:01,ag2312P5400,ag2312P5400,235.5,0.0,0.0,0.0,1,220.0,226.0,1,235.5,0.0,0.0,0.0,0.0,0.0,23
2023-05-09 21:29:12,ag2312P5400,ag2312P5400,235.5,0.0,0.0,0.0,1,220.0,227.0,1,235.5,0.0,0.0,0.0,0.0,0.0,23
2023-05-09 21:30:02,ag2312P5400,ag2312P5400,235.5,0.0,0.0,0.0,1,221.0,227.0,1,235.5,0.0,0.0,0.0,0.0,0.0,23
2023-05-09 21:30:02,ag2312P5400,ag2312P5400,235.5,0.0,0.0,0.0,1,221.0,253.0,1,235.5,0.0,0.0,0.0,0.0,0.0,23
2023-05-09 21:30:03,ag2312P5400,ag2312P5400,235.5,0.0,0.0,0.0,1,221.0,252.5,2,235.5,0.0,0.0,0.0,0.0,0.0,23
2023-05-09 21:30:04,ag2312P5400,ag2312P5400,235.5,0.0,0.0,0.0,1,221.0,228.5,1,235.5,0.0,0.0,0.0,0.0,0.0,23
2023-05-09 21:30:05,ag2312P5400,ag2312P5400,235.5,0.0,0.0,0.0,1,221.0,228.5,1,235.5,0.0,0.0,0.0,0.0,0.0,23
2023-05-09 21:30:10,ag2312P5400,ag2312P5400,235.5,0.0,0.0,0.0,1,222.0,228.5,1,235.5,0.0,0.0,0.0,0.0,0.0,23
2023-05-09 21:30:21,ag2312P5400,ag2312P5400,235.5,0.0,0.0,0.0,1,222.0,227.5,1,235.5,0.0,0.0,0.0,0.0,0.0,23
2023-05-09 21:31:06,ag2312P5400,ag2312P5400,235.5,0.0,0.0,0.0,1,221.0,227.5,1,235.5,0.0,0.0,0.0,0.0,0.0,23
2023-05-09 21:31:19,ag2312P5400,ag2312P5400,235.5,0.0,0.0,0.0,1,221.0,226.5,1,235.5,0.0,0.0,0.0,0.0,0.0,23
2023-05-09 21:31:52,ag2312P5400,ag2312P5400,235.5,0.0,0.0,0.0,1,219.5,226.5,1,235.5,0.0,0.0,0.0,0.0,0.0,23
2023-05-09 21:32:17,ag2312P5400,ag2312P5400,235.5,0.0,0.0,0.0,1,219.5,225.5,1,235.5,0.0,0.0,0.0,0.0,0.0,23
2023-05-09 21:33:04,ag2312P5400,ag2312P5400,235.5,0.0,0.0,0.0,1,219.5,226.5,1,235.5,0.0,0.0,0.0,0.0,0.0,23
2023-05-09 21:33:12,ag2312P5400,ag2312P5400,235.5,0.0,0.0,0.0,1,219.5,225.5,1,235.5,0.0,0.0,0.0,0.0,0.0,23
2023-05-09 21:34:11,ag2312P5400,ag2312P5400,235.5,0.0,0.0,0.0,1,219.5,226.5,1,235.5,0.0,0.0,0.0,0.0,0.0,23
2023-05-09 21:35:05,ag2312P5400,ag2312P5400,235.5,0.0,0.0,0.0,1,219.5,225.5,1,235.5,0.0,0.0,0.0,0.0,0.0,23
2023-05-09 21:35:19,ag2312P5400,ag2312P5400,235.5,0.0,0.0,0.0,1,218.0,224.5,1,235.5,0.0,0.0,0.0,0.0,0.0,23
2023-05-09 21:35:33,ag2312P5400,ag2312P5400,235.5,0.0,0.0,0.0,1,218.0,223.5,1,235.5,0.0,0.0,0.0,0.0,0.0,23
2023-05-09 21:36:25,ag2312P5400,ag2312P5400,235.5,0.0,0.0,0.0,1,195.0,223.5,1,235.5,0.0,0.0,0.0,0.0,0.0,23
2023-05-09 21:36:26,ag2312P5400,ag2312P5400,235.5,0.0,0.0,0.0,2,195.5,223.5,1,235.5,0.0,0.0,0.0,0.0,0.0,23
2023-05-09 21:36:26,ag2312P5400,ag2312P5400,235.5,0.0,0.0,0.0,1,216.5,223.5,1,235.5,0.0,0.0,0.0,0.0,0.0,23
2023-05-09 21:36:27,ag2312P5400,ag2312P5400,235.5,0.0,0.0,0.0,1,216.5,223.5,1,235.5,0.0,0.0,0.0,0.0,0.0,23
2023-05-09 21:36:35,ag2312P5400,ag2312P5400,235.5,0.0,0.0,0.0,1,217.5,223.5,1,235.5,0.0,0.0,0.0,0.0,0.0,23
2023-05-09 21:36:55,ag2312P5400,ag2312P5400,235.5,0.0,0.0,0.0,1,217.5,224.5,1,235.5,0.0,0.0,0.0,0.0,0.0,23
2023-05-09 21:38:12,ag2312P5400,ag2312P5400,235.5,0.0,0.0,0.0,1,218.5,253.0,1,235.5,0.0,0.0,0.0,0.0,0.0,23
2023-05-09 21:38:12,ag2312P5400,ag2312P5400,235.5,0.0,0.0,0.0,1,218.5,252.5,2,235.5,0.0,0.0,0.0,0.0,0.0,23
2023-05-09 21:38:13,ag2312P5400,ag2312P5400,235.5,0.0,0.0,0.0,1,218.5,226.0,1,235.5,0.0,0.0,0.0,0.0,0.0,23
2023-05-09 21:38:13,ag2312P5400,ag2312P5400,235.5,0.0,0.0,0.0,1,218.5,226.0,1,235.5,0.0,0.0,0.0,0.0,0.0,23
2023-05-09 21:38:23,ag2312P5400,ag2312P5400,235.5,0.0,0.0,0.0,1,218.5,225.0,1,235.5,0.0,0.0,0.0,0.0,0.0,23
2023-05-09 21:40:48,ag2312P5400,ag2312P5400,235.5,0.0,0.0,0.0,1,218.5,224.0,1,235.5,0.0,0.0,0.0,0.0,0.0,23
2023-05-09 21:41:11,ag2312P5400,ag2312P5400,235.5,0.0,0.0,0.0,1,217.5,224.0,1,235.5,0.0,0.0,0.0,0.0,0.0,23
2023-05-09 21:41:17,ag2312P5400,ag2312P5400,235.5,0.0,0.0,0.0,1,217.5,223.0,1,235.5,0.0,0.0,0.0,0.0,0.0,23
2023-05-09 21:41:17,ag2312P5400,ag2312P5400,235.5,0.0,0.0,0.0,1,195.0,223.0,1,235.5,0.0,0.0,0.0,0.0,0.0,23
2023-05-09 21:41:18,ag2312P5400,ag2312P5400,235.5,0.0,0.0,0.0,2,195.5,223.0,1,235.5,0.0,0.0,0.0,0.0,0.0,23
2023-05-09 21:41:20,ag2312P5400,ag2312P5400,235.5,0.0,0.0,0.0,1,215.5,222.0,1,235.5,0.0,0.0,0.0,0.0,0.0,23
2023-05-09 21:41:20,ag2312P5400,ag2312P5400,235.5,0.0,0.0,0.0,1,215.5,222.0,1,235.5,0.0,0.0,0.0,0.0,0.0,23
2023-05-09 21:48:47,ag2312P5400,ag2312P5400,235.5,0.0,0.0,0.0,1,215.5,221.0,1,235.5,0.0,0.0,0.0,0.0,0.0,23
2023-05-09 21:50:03,ag2312P5400,ag2312P5400,235.5,0.0,0.0,0.0,1,214.0,221.0,1,235.5,0.0,0.0,0.0,0.0,0.0,23
2023-05-09 21:50:08,ag2312P5400,ag2312P5400,235.5,0.0,0.0,0.0,1,214.0,220.0,1,235.5,0.0,0.0,0.0,0.0,0.0,23
2023-05-09 21:50:25,ag2312P5400,ag2312P5400,235.5,0.0,0.0,0.0,1,214.0,221.0,1,235.5,0.0,0.0,0.0,0.0,0.0,23
2023-05-09 21:52:01,ag2312P5400,ag2312P5400,235.5,0.0,0.0,0.0,1,214.0,220.0,1,235.5,0.0,0.0,0.0,0.0,0.0,23
2023-05-09 21:52:31,ag2312P5400,ag2312P5400,235.5,0.0,0.0,0.0,1,212.5,219.0,1,235.5,0.0,0.0,0.0,0.0,0.0,23
2023-05-09 21:53:23,ag2312P5400,ag2312P5400,235.5,0.0,0.0,0.0,1,213.5,219.0,1,235.5,0.0,0.0,0.0,0.0,0.0,23
2023-05-09 21:54:01,ag2312P5400,ag2312P5400,235.5,0.0,0.0,0.0,1,212.5,219.0,1,235.5,0.0,0.0,0.0,0.0,0.0,23
2023-05-09 21:54:04,ag2312P5400,ag2312P5400,235.5,0.0,0.0,0.0,1,212.5,218.0,1,235.5,0.0,0.0,0.0,0.0,0.0,23
2023-05-09 21:54:21,ag2312P5400,ag2312P5400,235.5,0.0,0.0,0.0,1,211.0,218.0,1,235.5,0.0,0.0,0.0,0.0,0.0,23
2023-05-09 21:54:42,ag2312P5400,ag2312P5400,235.5,0.0,0.0,0.0,1,212.0,218.0,1,235.5,0.0,0.0,0.0,0.0,0.0,23
2023-05-09 21:55:24,ag2312P5400,ag2312P5400,235.5,0.0,0.0,0.0,1,212.0,219.0,1,235.5,0.0,0.0,0.0,0.0,0.0,23
2023-05-09 21:59:58,ag2312P5400,ag2312P5400,235.5,0.0,0.0,0.0,1,212.0,218.0,1,235.5,0.0,0.0,0.0,0.0,0.0,23
2023-05-09 22:05:53,ag2312P5400,ag2312P5400,235.5,0.0,0.0,0.0,1,212.0,219.0,1,235.5,0.0,0.0,0.0,0.0,0.0,23
2023-05-09 22:05:58,ag2312P5400,ag2312P5400,235.5,0.0,0.0,0.0,1,213.0,219.0,1,235.5,0.0,0.0,0.0,0.0,0.0,23
2023-05-09 22:06:03,ag2312P5400,ag2312P5400,235.5,0.0,0.0,0.0,1,213.0,241.0,1,235.5,0.0,0.0,0.0,0.0,0.0,23
2023-05-09 22:06:03,ag2312P5400,ag2312P5400,235.5,0.0,0.0,0.0,1,213.0,220.0,1,235.5,0.0,0.0,0.0,0.0,0.0,23
2023-05-09 22:07:00,ag2312P5400,ag2312P5400,235.5,0.0,0.0,0.0,1,213.0,219.0,1,235.5,0.0,0.0,0.0,0.0,0.0,23
2023-05-09 22:09:09,ag2312P5400,ag2312P5400,235.5,0.0,0.0,0.0,1,213.0,218.0,1,235.5,0.0,0.0,0.0,0.0,0.0,23
2023-05-09 22:12:00,ag2312P5400,ag2312P5400,235.5,0.0,0.0,0.0,1,213.0,219.0,1,235.5,0.0,0.0,0.0,0.0,0.0,23
2023-05-09 22:18:00,ag2312P5400,ag2312P5400,235.5,0.0,0.0,0.0,1,213.0,241.0,1,235.5,0.0,0.0,0.0,0.0,0.0,23
2023-05-09 22:18:01,ag2312P5400,ag2312P5400,235.5,0.0,0.0,0.0,1,214.0,220.5,1,235.5,0.0,0.0,0.0,0.0,0.0,23
2023-05-09 22:21:17,ag2312P5400,ag2312P5400,235.5,0.0,0.0,0.0,1,215.0,220.5,1,235.5,0.0,0.0,0.0,0.0,0.0,23
2023-05-09 22:21:18,ag2312P5400,ag2312P5400,235.5,0.0,0.0,0.0,1,215.0,222.0,1,235.5,0.0,0.0,0.0,0.0,0.0,23
2023-05-09 22:23:35,ag2312P5400,ag2312P5400,235.5,0.0,0.0,0.0,1,215.0,222.0,1,235.5,0.0,0.0,0.0,0.0,0.0,23
2023-05-09 22:23:43,ag2312P5400,ag2312P5400,235.5,0.0,0.0,0.0,1,216.0,222.0,1,235.5,0.0,0.0,0.0,0.0,0.0,23
2023-05-09 22:26:58,ag2312P5400,ag2312P5400,235.5,0.0,0.0,0.0,1,216.0,221.0,1,235.5,0.0,0.0,0.0,0.0,0.0,23
2023-05-09 22:26:58,ag2312P5400,ag2312P5400,235.5,0.0,0.0,0.0,1,215.0,221.0,1,235.5,0.0,0.0,0.0,0.0,0.0,23
2023-05-09 22:29:30,ag2312P5400,ag2312P5400,235.5,0.0,0.0,0.0,1,215.0,222.0,1,235.5,0.0,0.0,0.0,0.0,0.0,23
2023-05-09 22:29:55,ag2312P5400,ag2312P5400,235.5,0.0,0.0,0.0,1,216.0,222.0,1,235.5,0.0,0.0,0.0,0.0,0.0,23
2023-05-09 22:32:22,ag2312P5400,ag2312P5400,235.5,0.0,0.0,0.0,1,216.0,223.5,1,235.5,0.0,0.0,0.0,0.0,0.0,23
2023-05-09 22:32:26,ag2312P5400,ag2312P5400,235.5,0.0,0.0,0.0,1,217.0,223.5,1,235.5,0.0,0.0,0.0,0.0,0.0,23
2023-05-09 22:33:27,ag2312P5400,ag2312P5400,235.5,0.0,0.0,0.0,1,217.0,222.5,1,235.5,0.0,0.0,0.0,0.0,0.0,23
2023-05-09 22:34:40,ag2312P5400,ag2312P5400,235.5,0.0,0.0,0.0,1,216.0,222.5,1,235.5,0.0,0.0,0.0,0.0,0.0,23
2023-05-09 22:34:48,ag2312P5400,ag2312P5400,235.5,0.0,0.0,0.0,1,216.0,221.5,1,235.5,0.0,0.0,0.0,0.0,0.0,23
2023-05-09 22:40:59,ag2312P5400,ag2312P5400,235.5,0.0,0.0,0.0,1,216.0,222.5,1,235.5,0.0,0.0,0.0,0.0,0.0,23
2023-05-09 22:41:26,ag2312P5400,ag2312P5400,235.5,0.0,0.0,0.0,1,216.0,222.5,1,235.5,0.0,0.0,0.0,0.0,0.0,23
2023-05-09 22:46:38,ag2312P5400,ag2312P5400,235.5,0.0,0.0,0.0,1,216.0,221.5,1,235.5,0.0,0.0,0.0,0.0,0.0,23
2023-05-09 22:48:52,ag2312P5400,ag2312P5400,235.5,0.0,0.0,0.0,1,216.0,221.5,1,235.5,0.0,0.0,0.0,0.0,0.0,23
2023-05-09 22:49:22,ag2312P5400,ag2312P5400,235.5,0.0,0.0,0.0,1,216.0,221.5,1,235.5,0.0,0.0,0.0,0.0,0.0,23
2023-05-09 22:50:29,ag2312P5400,ag2312P5400,235.5,0.0,0.0,0.0,1,216.0,221.5,1,235.5,0.0,0.0,0.0,0.0,0.0,23
2023-05-09 22:51:44,ag2312P5400,ag2312P5400,235.5,0.0,0.0,0.0,1,216.0,222.5,1,235.5,0.0,0.0,0.0,0.0,0.0,23
2023-05-09 23:00:02,ag2312P5400,ag2312P5400,235.5,0.0,0.0,0.0,1,217.0,222.5,1,235.5,0.0,0.0,0.0,0.0,0.0,23
2023-05-09 23:00:06,ag2312P5400,ag2312P5400,235.5,0.0,0.0,0.0,1,217.0,241.0,1,235.5,0.0,0.0,0.0,0.0,0.0,23
2023-05-09 23:00:07,ag2312P5400,ag2312P5400,235.5,0.0,0.0,0.0,1,217.0,224.0,1,235.5,0.0,0.0,0.0,0.0,0.0,23
2023-05-09 23:01:27,ag2312P5400,ag2312P5400,235.5,0.0,0.0,0.0,1,218.0,224.0,1,235.5,0.0,0.0,0.0,0.0,0.0,23
2023-05-09 23:02:00,ag2312P5400,ag2312P5400,235.5,0.0,0.0,0.0,1,218.0,225.5,1,235.5,0.0,0.0,0.0,0.0,0.0,23
2023-05-09 23:02:46,ag2312P5400,ag2312P5400,235.5,0.0,0.0,0.0,1,219.0,225.5,1,235.5,0.0,0.0,0.0,0.0,0.0,23
2023-05-09 23:04:56,ag2312P5400,ag2312P5400,235.5,0.0,0.0,0.0,1,220.0,225.5,1,235.5,0.0,0.0,0.0,0.0,0.0,23
2023-05-09 23:06:05,ag2312P5400,ag2312P5400,235.5,0.0,0.0,0.0,1,220.0,227.0,1,235.5,0.0,0.0,0.0,0.0,0.0,23
2023-05-09 23:07:57,ag2312P5400,ag2312P5400,235.5,0.0,0.0,0.0,1,220.0,226.0,1,235.5,0.0,0.0,0.0,0.0,0.0,23
2023-05-09 23:14:50,ag2312P5400,ag2312P5400,235.5,0.0,0.0,0.0,1,220.0,227.0,1,235.5,0.0,0.0,0.0,0.0,0.0,23
2023-05-09 23:18:54,ag2312P5400,ag2312P5400,235.5,0.0,0.0,0.0,1,221.0,227.0,1,235.5,0.0,0.0,0.0,0.0,0.0,23
2023-05-09 23:21:48,ag2312P5400,ag2312P5400,235.5,0.0,0.0,0.0,1,221.0,226.0,1,235.5,0.0,0.0,0.0,0.0,0.0,23
2023-05-09 23:22:15,ag2312P5400,ag2312P5400,235.5,0.0,0.0,0.0,1,220.0,226.0,1,235.5,0.0,0.0,0.0,0.0,0.0,23
2023-05-09 23:25:54,ag2312P5400,ag2312P5400,235.5,0.0,0.0,0.0,1,119.0,241.0,1,235.5,0.0,0.0,0.0,0.0,0.0,23
2023-05-09 23:25:55,ag2312P5400,ag2312P5400,235.5,0.0,0.0,0.0,2,119.5,241.0,1,235.5,0.0,0.0,0.0,0.0,0.0,23
2023-05-09 23:25:55,ag2312P5400,ag2312P5400,235.5,0.0,0.0,0.0,2,127.5,241.0,1,235.5,0.0,0.0,0.0,0.0,0.0,23
2023-05-09 23:25:56,ag2312P5400,ag2312P5400,235.5,0.0,0.0,0.0,2,127.5,241.0,1,235.5,0.0,0.0,0.0,0.0,0.0,23
2023-05-09 23:25:56,ag2312P5400,ag2312P5400,235.5,0.0,0.0,0.0,1,175.0,241.0,1,235.5,0.0,0.0,0.0,0.0,0.0,23
2023-05-09 23:25:57,ag2312P5400,ag2312P5400,235.5,0.0,0.0,0.0,1,175.0,241.0,1,235.5,0.0,0.0,0.0,0.0,0.0,23
2023-05-09 23:25:57,ag2312P5400,ag2312P5400,235.5,0.0,0.0,0.0,2,175.5,241.0,1,235.5,0.0,0.0,0.0,0.0,0.0,23
2023-05-09 23:25:58,ag2312P5400,ag2312P5400,235.5,0.0,0.0,0.0,1,197.0,241.0,1,235.5,0.0,0.0,0.0,0.0,0.0,23
2023-05-09 23:25:58,ag2312P5400,ag2312P5400,235.5,0.0,0.0,0.0,1,197.0,241.0,1,235.5,0.0,0.0,0.0,0.0,0.0,23
2023-05-09 23:25:59,ag2312P5400,ag2312P5400,235.5,0.0,0.0,0.0,2,197.5,241.0,1,235.5,0.0,0.0,0.0,0.0,0.0,23
2023-05-09 23:26:28,ag2312P5400,ag2312P5400,235.5,0.0,0.0,0.0,2,197.5,0.0,0,235.5,0.0,0.0,0.0,0.0,0.0,23
2023-05-09 23:26:30,ag2312P5400,ag2312P5400,235.5,0.0,0.0,0.0,2,197.5,757.0,1,235.5,0.0,0.0,0.0,0.0,0.0,23
2023-05-09 23:26:31,ag2312P5400,ag2312P5400,235.5,0.0,0.0,0.0,2,197.5,756.5,2,235.5,0.0,0.0,0.0,0.0,0.0,23
2023-05-09 23:26:31,ag2312P5400,ag2312P5400,235.5,0.0,0.0,0.0,2,197.5,755.0,1,235.5,0.0,0.0,0.0,0.0,0.0,23
2023-05-09 23:26:32,ag2312P5400,ag2312P5400,235.5,0.0,0.0,0.0,2,197.5,755.0,1,235.5,0.0,0.0,0.0,0.0,0.0,23
2023-05-09 23:26:32,ag2312P5400,ag2312P5400,235.5,0.0,0.0,0.0,2,197.5,754.5,2,235.5,0.0,0.0,0.0,0.0,0.0,23
2023-05-09 23:26:33,ag2312P5400,ag2312P5400,235.5,0.0,0.0,0.0,2,197.5,754.5,2,235.5,0.0,0.0,0.0,0.0,0.0,23
2023-05-09 23:26:33,ag2312P5400,ag2312P5400,235.5,0.0,0.0,0.0,2,197.5,753.0,1,235.5,0.0,0.0,0.0,0.0,0.0,23
2023-05-09 23:26:34,ag2312P5400,ag2312P5400,235.5,0.0,0.0,0.0,2,197.5,753.0,1,235.5,0.0,0.0,0.0,0.0,0.0,23
2023-05-09 23:26:34,ag2312P5400,ag2312P5400,235.5,0.0,0.0,0.0,2,197.5,752.5,2,235.5,0.0,0.0,0.0,0.0,0.0,23
2023-05-09 23:26:35,ag2312P5400,ag2312P5400,235.5,0.0,0.0,0.0,2,197.5,751.0,1,235.5,0.0,0.0,0.0,0.0,0.0,23
2023-05-09 23:26:35,ag2312P5400,ag2312P5400,235.5,0.0,0.0,0.0,2,197.5,751.0,1,235.5,0.0,0.0,0.0,0.0,0.0,23
2023-05-09 23:26:36,ag2312P5400,ag2312P5400,235.5,0.0,0.0,0.0,2,197.5,750.5,2,235.5,0.0,0.0,0.0,0.0,0.0,23
2023-05-09 23:26:36,ag2312P5400,ag2312P5400,235.5,0.0,0.0,0.0,2,197.5,749.0,1,235.5,0.0,0.0,0.0,0.0,0.0,23
2023-05-09 23:26:37,ag2312P5400,ag2312P5400,235.5,0.0,0.0,0.0,2,197.5,749.0,1,235.5,0.0,0.0,0.0,0.0,0.0,23
2023-05-09 23:26:37,ag2312P5400,ag2312P5400,235.5,0.0,0.0,0.0,2,197.5,748.5,2,235.5,0.0,0.0,0.0,0.0,0.0,23
2023-05-09 23:26:38,ag2312P5400,ag2312P5400,235.5,0.0,0.0,0.0,2,197.5,747.0,1,235.5,0.0,0.0,0.0,0.0,0.0,23
2023-05-09 23:26:38,ag2312P5400,ag2312P5400,235.5,0.0,0.0,0.0,2,197.5,747.0,1,235.5,0.0,0.0,0.0,0.0,0.0,23
2023-05-09 23:26:39,ag2312P5400,ag2312P5400,235.5,0.0,0.0,0.0,2,197.5,746.5,2,235.5,0.0,0.0,0.0,0.0,0.0,23
2023-05-09 23:26:39,ag2312P5400,ag2312P5400,235.5,0.0,0.0,0.0,2,197.5,745.0,1,235.5,0.0,0.0,0.0,0.0,0.0,23
2023-05-09 23:26:40,ag2312P5400,ag2312P5400,235.5,0.0,0.0,0.0,2,197.5,745.0,1,235.5,0.0,0.0,0.0,0.0,0.0,23
2023-05-09 23:26:40,ag2312P5400,ag2312P5400,235.5,0.0,0.0,0.0,2,197.5,744.5,2,235.5,0.0,0.0,0.0,0.0,0.0,23
2023-05-09 23:26:41,ag2312P5400,ag2312P5400,235.5,0.0,0.0,0.0,2,197.5,743.0,1,235.5,0.0,0.0,0.0,0.0,0.0,23
2023-05-09 23:26:41,ag2312P5400,ag2312P5400,235.5,0.0,0.0,0.0,2,197.5,743.0,1,235.5,0.0,0.0,0.0,0.0,0.0,23
2023-05-09 23:26:42,ag2312P5400,ag2312P5400,235.5,0.0,0.0,0.0,2,197.5,742.5,2,235.5,0.0,0.0,0.0,0.0,0.0,23
2023-05-09 23:26:42,ag2312P5400,ag2312P5400,235.5,0.0,0.0,0.0,2,197.5,741.0,1,235.5,0.0,0.0,0.0,0.0,0.0,23
2023-05-09 23:26:43,ag2312P5400,ag2312P5400,235.5,0.0,0.0,0.0,2,197.5,741.0,1,235.5,0.0,0.0,0.0,0.0,0.0,23
2023-05-09 23:26:43,ag2312P5400,ag2312P5400,235.5,0.0,0.0,0.0,2,197.5,740.5,2,235.5,0.0,0.0,0.0,0.0,0.0,23
2023-05-09 23:26:44,ag2312P5400,ag2312P5400,235.5,0.0,0.0,0.0,2,197.5,740.5,2,235.5,0.0,0.0,0.0,0.0,0.0,23
2023-05-09 23:26:44,ag2312P5400,ag2312P5400,235.5,0.0,0.0,0.0,2,197.5,739.0,1,235.5,0.0,0.0,0.0,0.0,0.0,23
2023-05-09 23:26:45,ag2312P5400,ag2312P5400,235.5,0.0,0.0,0.0,2,197.5,739.0,1,235.5,0.0,0.0,0.0,0.0,0.0,23
2023-05-09 23:26:45,ag2312P5400,ag2312P5400,235.5,0.0,0.0,0.0,2,197.5,738.5,2,235.5,0.0,0.0,0.0,0.0,0.0,23
2023-05-09 23:26:46,ag2312P5400,ag2312P5400,235.5,0.0,0.0,0.0,2,197.5,737.0,1,235.5,0.0,0.0,0.0,0.0,0.0,23
2023-05-09 23:26:46,ag2312P5400,ag2312P5400,235.5,0.0,0.0,0.0,2,197.5,737.0,1,235.5,0.0,0.0,0.0,0.0,0.0,23
2023-05-09 23:26:47,ag2312P5400,ag2312P5400,235.5,0.0,0.0,0.0,2,197.5,736.5,2,235.5,0.0,0.0,0.0,0.0,0.0,23
2023-05-09 23:26:47,ag2312P5400,ag2312P5400,235.5,0.0,0.0,0.0,2,197.5,735.0,1,235.5,0.0,0.0,0.0,0.0,0.0,23
2023-05-09 23:26:48,ag2312P5400,ag2312P5400,235.5,0.0,0.0,0.0,2,197.5,735.0,1,235.5,0.0,0.0,0.0,0.0,0.0,23
2023-05-09 23:26:48,ag2312P5400,ag2312P5400,235.5,0.0,0.0,0.0,2,197.5,734.5,2,235.5,0.0,0.0,0.0,0.0,0.0,23
2023-05-09 23:26:49,ag2312P5400,ag2312P5400,235.5,0.0,0.0,0.0,2,197.5,733.0,1,235.5,0.0,0.0,0.0,0.0,0.0,23
2023-05-09 23:26:49,ag2312P5400,ag2312P5400,235.5,0.0,0.0,0.0,2,197.5,733.0,1,235.5,0.0,0.0,0.0,0.0,0.0,23
2023-05-09 23:26:50,ag2312P5400,ag2312P5400,235.5,0.0,0.0,0.0,2,197.5,732.5,2,235.5,0.0,0.0,0.0,0.0,0.0,23
2023-05-09 23:26:50,ag2312P5400,ag2312P5400,235.5,0.0,0.0,0.0,2,197.5,731.0,1,235.5,0.0,0.0,0.0,0.0,0.0,23
2023-05-09 23:26:51,ag2312P5400,ag2312P5400,235.5,0.0,0.0,0.0,2,197.5,731.0,1,235.5,0.0,0.0,0.0,0.0,0.0,23
2023-05-09 23:26:51,ag2312P5400,ag2312P5400,235.5,0.0,0.0,0.0,2,197.5,730.5,2,235.5,0.0,0.0,0.0,0.0,0.0,23
2023-05-09 23:26:52,ag2312P5400,ag2312P5400,235.5,0.0,0.0,0.0,2,197.5,729.0,1,235.5,0.0,0.0,0.0,0.0,0.0,23
2023-05-09 23:26:52,ag2312P5400,ag2312P5400,235.5,0.0,0.0,0.0,2,197.5,729.0,1,235.5,0.0,0.0,0.0,0.0,0.0,23
2023-05-09 23:26:53,ag2312P5400,ag2312P5400,235.5,0.0,0.0,0.0,2,197.5,728.5,2,235.5,0.0,0.0,0.0,0.0,0.0,23
2023-05-09 23:26:53,ag2312P5400,ag2312P5400,235.5,0.0,0.0,0.0,2,197.5,727.0,1,235.5,0.0,0.0,0.0,0.0,0.0,23
2023-05-09 23:26:54,ag2312P5400,ag2312P5400,235.5,0.0,0.0,0.0,2,197.5,727.0,1,235.5,0.0,0.0,0.0,0.0,0.0,23
2023-05-09 23:26:54,ag2312P5400,ag2312P5400,235.5,0.0,0.0,0.0,2,197.5,726.5,2,235.5,0.0,0.0,0.0,0.0,0.0,23
2023-05-09 23:26:55,ag2312P5400,ag2312P5400,235.5,0.0,0.0,0.0,2,197.5,725.0,1,235.5,0.0,0.0,0.0,0.0,0.0,23
2023-05-09 23:26:55,ag2312P5400,ag2312P5400,235.5,0.0,0.0,0.0,2,197.5,725.0,1,235.5,0.0,0.0,0.0,0.0,0.0,23
2023-05-09 23:26:56,ag2312P5400,ag2312P5400,235.5,0.0,0.0,0.0,2,197.5,724.5,2,235.5,0.0,0.0,0.0,0.0,0.0,23
2023-05-09 23:26:56,ag2312P5400,ag2312P5400,235.5,0.0,0.0,0.0,2,197.5,723.0,1,235.5,0.0,0.0,0.0,0.0,0.0,23
2023-05-09 23:26:57,ag2312P5400,ag2312P5400,235.5,0.0,0.0,0.0,2,197.5,723.0,1,235.5,0.0,0.0,0.0,0.0,0.0,23
2023-05-09 23:26:57,ag2312P5400,ag2312P5400,235.5,0.0,0.0,0.0,2,197.5,722.5,2,235.5,0.0,0.0,0.0,0.0,0.0,23
2023-05-09 23:26:58,ag2312P5400,ag2312P5400,235.5,0.0,0.0,0.0,2,197.5,721.0,1,235.5,0.0,0.0,0.0,0.0,0.0,23
2023-05-09 23:26:58,ag2312P5400,ag2312P5400,235.5,0.0,0.0,0.0,2,197.5,721.0,1,235.5,0.0,0.0,0.0,0.0,0.0,23
2023-05-09 23:26:59,ag2312P5400,ag2312P5400,235.5,0.0,0.0,0.0,2,197.5,720.5,2,235.5,0.0,0.0,0.0,0.0,0.0,23
2023-05-09 23:26:59,ag2312P5400,ag2312P5400,235.5,0.0,0.0,0.0,2,197.5,719.0,1,235.5,0.0,0.0,0.0,0.0,0.0,23
2023-05-09 23:27:00,ag2312P5400,ag2312P5400,235.5,0.0,0.0,0.0,2,197.5,719.0,1,235.5,0.0,0.0,0.0,0.0,0.0,23
2023-05-09 23:27:00,ag2312P5400,ag2312P5400,235.5,0.0,0.0,0.0,2,197.5,718.5,2,235.5,0.0,0.0,0.0,0.0,0.0,23
2023-05-09 23:27:01,ag2312P5400,ag2312P5400,235.5,0.0,0.0,0.0,2,197.5,717.0,1,235.5,0.0,0.0,0.0,0.0,0.0,23
2023-05-09 23:27:01,ag2312P5400,ag2312P5400,235.5,0.0,0.0,0.0,2,197.5,717.0,1,235.5,0.0,0.0,0.0,0.0,0.0,23
2023-05-09 23:27:02,ag2312P5400,ag2312P5400,235.5,0.0,0.0,0.0,2,197.5,716.5,2,235.5,0.0,0.0,0.0,0.0,0.0,23
2023-05-09 23:27:02,ag2312P5400,ag2312P5400,235.5,0.0,0.0,0.0,2,197.5,715.0,1,235.5,0.0,0.0,0.0,0.0,0.0,23
2023-05-09 23:27:03,ag2312P5400,ag2312P5400,235.5,0.0,0.0,0.0,2,197.5,715.0,1,235.5,0.0,0.0,0.0,0.0,0.0,23
2023-05-09 23:27:03,ag2312P5400,ag2312P5400,235.5,0.0,0.0,0.0,2,197.5,714.5,2,235.5,0.0,0.0,0.0,0.0,0.0,23
2023-05-09 23:27:04,ag2312P5400,ag2312P5400,235.5,0.0,0.0,0.0,2,197.5,713.0,1,235.5,0.0,0.0,0.0,0.0,0.0,23
2023-05-09 23:27:04,ag2312P5400,ag2312P5400,235.5,0.0,0.0,0.0,2,197.5,713.0,1,235.5,0.0,0.0,0.0,0.0,0.0,23
2023-05-09 23:27:05,ag2312P5400,ag2312P5400,235.5,0.0,0.0,0.0,2,197.5,712.5,2,235.5,0.0,0.0,0.0,0.0,0.0,23
2023-05-09 23:27:05,ag2312P5400,ag2312P5400,235.5,0.0,0.0,0.0,2,197.5,711.0,1,235.5,0.0,0.0,0.0,0.0,0.0,23
2023-05-09 23:27:06,ag2312P5400,ag2312P5400,235.5,0.0,0.0,0.0,2,197.5,711.0,1,235.5,0.0,0.0,0.0,0.0,0.0,23
2023-05-09 23:27:06,ag2312P5400,ag2312P5400,235.5,0.0,0.0,0.0,2,197.5,710.5,2,235.5,0.0,0.0,0.0,0.0,0.0,23
2023-05-09 23:27:07,ag2312P5400,ag2312P5400,235.5,0.0,0.0,0.0,2,197.5,709.0,1,235.5,0.0,0.0,0.0,0.0,0.0,23
2023-05-09 23:27:07,ag2312P5400,ag2312P5400,235.5,0.0,0.0,0.0,2,197.5,709.0,1,235.5,0.0,0.0,0.0,0.0,0.0,23
2023-05-09 23:27:08,ag2312P5400,ag2312P5400,235.5,0.0,0.0,0.0,2,197.5,708.5,2,235.5,0.0,0.0,0.0,0.0,0.0,23
2023-05-09 23:27:08,ag2312P5400,ag2312P5400,235.5,0.0,0.0,0.0,2,197.5,707.0,1,235.5,0.0,0.0,0.0,0.0,0.0,23
2023-05-09 23:27:09,ag2312P5400,ag2312P5400,235.5,0.0,0.0,0.0,2,197.5,707.0,1,235.5,0.0,0.0,0.0,0.0,0.0,23
2023-05-09 23:27:09,ag2312P5400,ag2312P5400,235.5,0.0,0.0,0.0,2,197.5,706.5,2,235.5,0.0,0.0,0.0,0.0,0.0,23
2023-05-09 23:27:10,ag2312P5400,ag2312P5400,235.5,0.0,0.0,0.0,2,197.5,705.0,1,235.5,0.0,0.0,0.0,0.0,0.0,23
2023-05-09 23:27:10,ag2312P5400,ag2312P5400,235.5,0.0,0.0,0.0,2,197.5,705.0,1,235.5,0.0,0.0,0.0,0.0,0.0,23
2023-05-09 23:27:11,ag2312P5400,ag2312P5400,235.5,0.0,0.0,0.0,2,197.5,704.5,2,235.5,0.0,0.0,0.0,0.0,0.0,23
2023-05-09 23:27:11,ag2312P5400,ag2312P5400,235.5,0.0,0.0,0.0,2,197.5,703.0,1,235.5,0.0,0.0,0.0,0.0,0.0,23
2023-05-09 23:27:12,ag2312P5400,ag2312P5400,235.5,0.0,0.0,0.0,2,197.5,703.0,1,235.5,0.0,0.0,0.0,0.0,0.0,23
2023-05-09 23:27:12,ag2312P5400,ag2312P5400,235.5,0.0,0.0,0.0,2,197.5,702.5,2,235.5,0.0,0.0,0.0,0.0,0.0,23
2023-05-09 23:27:13,ag2312P5400,ag2312P5400,235.5,0.0,0.0,0.0,2,197.5,701.0,1,235.5,0.0,0.0,0.0,0.0,0.0,23
2023-05-09 23:27:13,ag2312P5400,ag2312P5400,235.5,0.0,0.0,0.0,2,197.5,701.0,1,235.5,0.0,0.0,0.0,0.0,0.0,23
2023-05-09 23:27:14,ag2312P5400,ag2312P5400,235.5,0.0,0.0,0.0,2,197.5,700.5,2,235.5,0.0,0.0,0.0,0.0,0.0,23
2023-05-09 23:27:14,ag2312P5400,ag2312P5400,235.5,0.0,0.0,0.0,2,197.5,699.0,1,235.5,0.0,0.0,0.0,0.0,0.0,23
2023-05-09 23:27:15,ag2312P5400,ag2312P5400,235.5,0.0,0.0,0.0,2,197.5,699.0,1,235.5,0.0,0.0,0.0,0.0,0.0,23
2023-05-09 23:27:15,ag2312P5400,ag2312P5400,235.5,0.0,0.0,0.0,2,197.5,698.5,2,235.5,0.0,0.0,0.0,0.0,0.0,23
2023-05-09 23:27:16,ag2312P5400,ag2312P5400,235.5,0.0,0.0,0.0,2,197.5,697.0,1,235.5,0.0,0.0,0.0,0.0,0.0,23
2023-05-09 23:27:16,ag2312P5400,ag2312P5400,235.5,0.0,0.0,0.0,2,197.5,697.0,1,235.5,0.0,0.0,0.0,0.0,0.0,23
2023-05-09 23:27:17,ag2312P5400,ag2312P5400,235.5,0.0,0.0,0.0,2,197.5,696.5,2,235.5,0.0,0.0,0.0,0.0,0.0,23
2023-05-09 23:27:17,ag2312P5400,ag2312P5400,235.5,0.0,0.0,0.0,2,197.5,695.0,1,235.5,0.0,0.0,0.0,0.0,0.0,23
2023-05-09 23:27:18,ag2312P5400,ag2312P5400,235.5,0.0,0.0,0.0,2,197.5,695.0,1,235.5,0.0,0.0,0.0,0.0,0.0,23
2023-05-09 23:27:18,ag2312P5400,ag2312P5400,235.5,0.0,0.0,0.0,2,197.5,694.5,2,235.5,0.0,0.0,0.0,0.0,0.0,23
2023-05-09 23:27:19,ag2312P5400,ag2312P5400,235.5,0.0,0.0,0.0,2,197.5,693.0,1,235.5,0.0,0.0,0.0,0.0,0.0,23
2023-05-09 23:27:19,ag2312P5400,ag2312P5400,235.5,0.0,0.0,0.0,2,197.5,693.0,1,235.5,0.0,0.0,0.0,0.0,0.0,23
2023-05-09 23:27:20,ag2312P5400,ag2312P5400,235.5,0.0,0.0,0.0,2,197.5,692.5,2,235.5,0.0,0.0,0.0,0.0,0.0,23
2023-05-09 23:27:20,ag2312P5400,ag2312P5400,235.5,0.0,0.0,0.0,2,197.5,691.0,1,235.5,0.0,0.0,0.0,0.0,0.0,23
2023-05-09 23:27:21,ag2312P5400,ag2312P5400,235.5,0.0,0.0,0.0,2,197.5,691.0,1,235.5,0.0,0.0,0.0,0.0,0.0,23
2023-05-09 23:27:21,ag2312P5400,ag2312P5400,235.5,0.0,0.0,0.0,2,197.5,690.5,2,235.5,0.0,0.0,0.0,0.0,0.0,23
2023-05-09 23:27:22,ag2312P5400,ag2312P5400,235.5,0.0,0.0,0.0,2,197.5,689.0,1,235.5,0.0,0.0,0.0,0.0,0.0,23
2023-05-09 23:27:23,ag2312P5400,ag2312P5400,235.5,0.0,0.0,0.0,2,197.5,689.0,1,235.5,0.0,0.0,0.0,0.0,0.0,23
2023-05-09 23:27:23,ag2312P5400,ag2312P5400,235.5,0.0,0.0,0.0,2,197.5,688.5,2,235.5,0.0,0.0,0.0,0.0,0.0,23
2023-05-09 23:27:24,ag2312P5400,ag2312P5400,235.5,0.0,0.0,0.0,2,197.5,687.0,1,235.5,0.0,0.0,0.0,0.0,0.0,23
2023-05-09 23:27:24,ag2312P5400,ag2312P5400,235.5,0.0,0.0,0.0,2,197.5,687.0,1,235.5,0.0,0.0,0.0,0.0,0.0,23
2023-05-09 23:27:25,ag2312P5400,ag2312P5400,235.5,0.0,0.0,0.0,2,197.5,686.5,2,235.5,0.0,0.0,0.0,0.0,0.0,23
2023-05-09 23:27:25,ag2312P5400,ag2312P5400,235.5,0.0,0.0,0.0,2,197.5,685.0,1,235.5,0.0,0.0,0.0,0.0,0.0,23
2023-05-09 23:27:26,ag2312P5400,ag2312P5400,235.5,0.0,0.0,0.0,2,197.5,685.0,1,235.5,0.0,0.0,0.0,0.0,0.0,23
2023-05-09 23:27:26,ag2312P5400,ag2312P5400,235.5,0.0,0.0,0.0,2,197.5,684.5,2,235.5,0.0,0.0,0.0,0.0,0.0,23
2023-05-09 23:27:27,ag2312P5400,ag2312P5400,235.5,0.0,0.0,0.0,2,197.5,683.0,1,235.5,0.0,0.0,0.0,0.0,0.0,23
2023-05-09 23:27:27,ag2312P5400,ag2312P5400,235.5,0.0,0.0,0.0,2,197.5,683.0,1,235.5,0.0,0.0,0.0,0.0,0.0,23
2023-05-09 23:27:28,ag2312P5400,ag2312P5400,235.5,0.0,0.0,0.0,2,197.5,682.5,2,235.5,0.0,0.0,0.0,0.0,0.0,23
2023-05-09 23:27:28,ag2312P5400,ag2312P5400,235.5,0.0,0.0,0.0,2,197.5,681.0,1,235.5,0.0,0.0,0.0,0.0,0.0,23
2023-05-09 23:27:29,ag2312P5400,ag2312P5400,235.5,0.0,0.0,0.0,2,197.5,681.0,1,235.5,0.0,0.0,0.0,0.0,0.0,23
2023-05-09 23:27:29,ag2312P5400,ag2312P5400,235.5,0.0,0.0,0.0,2,197.5,680.5,2,235.5,0.0,0.0,0.0,0.0,0.0,23
2023-05-09 23:27:30,ag2312P5400,ag2312P5400,235.5,0.0,0.0,0.0,2,197.5,679.0,1,235.5,0.0,0.0,0.0,0.0,0.0,23
2023-05-09 23:27:30,ag2312P5400,ag2312P5400,235.5,0.0,0.0,0.0,2,197.5,679.0,1,235.5,0.0,0.0,0.0,0.0,0.0,23
2023-05-09 23:27:31,ag2312P5400,ag2312P5400,235.5,0.0,0.0,0.0,2,197.5,678.5,2,235.5,0.0,0.0,0.0,0.0,0.0,23
2023-05-09 23:27:31,ag2312P5400,ag2312P5400,235.5,0.0,0.0,0.0,2,197.5,677.0,1,235.5,0.0,0.0,0.0,0.0,0.0,23
2023-05-09 23:27:32,ag2312P5400,ag2312P5400,235.5,0.0,0.0,0.0,2,197.5,677.0,1,235.5,0.0,0.0,0.0,0.0,0.0,23
2023-05-09 23:27:32,ag2312P5400,ag2312P5400,235.5,0.0,0.0,0.0,2,197.5,676.5,2,235.5,0.0,0.0,0.0,0.0,0.0,23
2023-05-09 23:27:33,ag2312P5400,ag2312P5400,235.5,0.0,0.0,0.0,2,197.5,675.0,1,235.5,0.0,0.0,0.0,0.0,0.0,23
2023-05-09 23:27:33,ag2312P5400,ag2312P5400,235.5,0.0,0.0,0.0,2,197.5,675.0,1,235.5,0.0,0.0,0.0,0.0,0.0,23
2023-05-09 23:27:34,ag2312P5400,ag2312P5400,235.5,0.0,0.0,0.0,2,197.5,674.5,2,235.5,0.0,0.0,0.0,0.0,0.0,23
2023-05-09 23:27:34,ag2312P5400,ag2312P5400,235.5,0.0,0.0,0.0,2,197.5,673.0,1,235.5,0.0,0.0,0.0,0.0,0.0,23
2023-05-09 23:27:35,ag2312P5400,ag2312P5400,235.5,0.0,0.0,0.0,2,197.5,673.0,1,235.5,0.0,0.0,0.0,0.0,0.0,23
2023-05-09 23:27:35,ag2312P5400,ag2312P5400,235.5,0.0,0.0,0.0,2,197.5,672.5,2,235.5,0.0,0.0,0.0,0.0,0.0,23
2023-05-09 23:27:36,ag2312P5400,ag2312P5400,235.5,0.0,0.0,0.0,2,197.5,671.0,1,235.5,0.0,0.0,0.0,0.0,0.0,23
2023-05-09 23:27:36,ag2312P5400,ag2312P5400,235.5,0.0,0.0,0.0,2,197.5,671.0,1,235.5,0.0,0.0,0.0,0.0,0.0,23
2023-05-09 23:27:37,ag2312P5400,ag2312P5400,235.5,0.0,0.0,0.0,2,197.5,670.5,2,235.5,0.0,0.0,0.0,0.0,0.0,23
2023-05-09 23:27:37,ag2312P5400,ag2312P5400,235.5,0.0,0.0,0.0,2,197.5,669.0,1,235.5,0.0,0.0,0.0,0.0,0.0,23
2023-05-09 23:27:38,ag2312P5400,ag2312P5400,235.5,0.0,0.0,0.0,2,197.5,669.0,1,235.5,0.0,0.0,0.0,0.0,0.0,23
2023-05-09 23:27:38,ag2312P5400,ag2312P5400,235.5,0.0,0.0,0.0,2,197.5,668.5,2,235.5,0.0,0.0,0.0,0.0,0.0,23
2023-05-09 23:27:39,ag2312P5400,ag2312P5400,235.5,0.0,0.0,0.0,2,197.5,667.0,1,235.5,0.0,0.0,0.0,0.0,0.0,23
2023-05-09 23:27:39,ag2312P5400,ag2312P5400,235.5,0.0,0.0,0.0,2,197.5,667.0,1,235.5,0.0,0.0,0.0,0.0,0.0,23
2023-05-09 23:27:40,ag2312P5400,ag2312P5400,235.5,0.0,0.0,0.0,2,197.5,666.5,2,235.5,0.0,0.0,0.0,0.0,0.0,23
2023-05-09 23:27:40,ag2312P5400,ag2312P5400,235.5,0.0,0.0,0.0,2,197.5,665.0,1,235.5,0.0,0.0,0.0,0.0,0.0,23
2023-05-09 23:27:41,ag2312P5400,ag2312P5400,235.5,0.0,0.0,0.0,2,197.5,665.0,1,235.5,0.0,0.0,0.0,0.0,0.0,23
2023-05-09 23:27:41,ag2312P5400,ag2312P5400,235.5,0.0,0.0,0.0,2,197.5,664.5,2,235.5,0.0,0.0,0.0,0.0,0.0,23
2023-05-09 23:27:42,ag2312P5400,ag2312P5400,235.5,0.0,0.0,0.0,2,197.5,663.0,1,235.5,0.0,0.0,0.0,0.0,0.0,23
2023-05-09 23:27:42,ag2312P5400,ag2312P5400,235.5,0.0,0.0,0.0,2,197.5,663.0,1,235.5,0.0,0.0,0.0,0.0,0.0,23
2023-05-09 23:27:43,ag2312P5400,ag2312P5400,235.5,0.0,0.0,0.0,2,197.5,662.5,2,235.5,0.0,0.0,0.0,0.0,0.0,23
2023-05-09 23:27:43,ag2312P5400,ag2312P5400,235.5,0.0,0.0,0.0,2,197.5,661.0,1,235.5,0.0,0.0,0.0,0.0,0.0,23
2023-05-09 23:27:44,ag2312P5400,ag2312P5400,235.5,0.0,0.0,0.0,2,197.5,661.0,1,235.5,0.0,0.0,0.0,0.0,0.0,23
2023-05-09 23:27:44,ag2312P5400,ag2312P5400,235.5,0.0,0.0,0.0,2,197.5,660.5,2,235.5,0.0,0.0,0.0,0.0,0.0,23
2023-05-09 23:27:45,ag2312P5400,ag2312P5400,235.5,0.0,0.0,0.0,2,197.5,659.0,1,235.5,0.0,0.0,0.0,0.0,0.0,23
2023-05-09 23:27:45,ag2312P5400,ag2312P5400,235.5,0.0,0.0,0.0,2,197.5,659.0,1,235.5,0.0,0.0,0.0,0.0,0.0,23
2023-05-09 23:27:46,ag2312P5400,ag2312P5400,235.5,0.0,0.0,0.0,2,197.5,658.5,2,235.5,0.0,0.0,0.0,0.0,0.0,23
2023-05-09 23:27:46,ag2312P5400,ag2312P5400,235.5,0.0,0.0,0.0,2,197.5,657.0,1,235.5,0.0,0.0,0.0,0.0,0.0,23
2023-05-09 23:27:47,ag2312P5400,ag2312P5400,235.5,0.0,0.0,0.0,2,197.5,657.0,1,235.5,0.0,0.0,0.0,0.0,0.0,23
2023-05-09 23:27:47,ag2312P5400,ag2312P5400,235.5,0.0,0.0,0.0,2,197.5,656.5,2,235.5,0.0,0.0,0.0,0.0,0.0,23
2023-05-09 23:27:48,ag2312P5400,ag2312P5400,235.5,0.0,0.0,0.0,2,197.5,655.0,1,235.5,0.0,0.0,0.0,0.0,0.0,23
2023-05-09 23:27:48,ag2312P5400,ag2312P5400,235.5,0.0,0.0,0.0,2,197.5,655.0,1,235.5,0.0,0.0,0.0,0.0,0.0,23
2023-05-09 23:27:49,ag2312P5400,ag2312P5400,235.5,0.0,0.0,0.0,2,197.5,654.5,2,235.5,0.0,0.0,0.0,0.0,0.0,23
2023-05-09 23:27:49,ag2312P5400,ag2312P5400,235.5,0.0,0.0,0.0,2,197.5,653.0,1,235.5,0.0,0.0,0.0,0.0,0.0,23
2023-05-09 23:27:50,ag2312P5400,ag2312P5400,235.5,0.0,0.0,0.0,2,197.5,653.0,1,235.5,0.0,0.0,0.0,0.0,0.0,23
2023-05-09 23:27:50,ag2312P5400,ag2312P5400,235.5,0.0,0.0,0.0,2,197.5,652.5,2,235.5,0.0,0.0,0.0,0.0,0.0,23
2023-05-09 23:27:51,ag2312P5400,ag2312P5400,235.5,0.0,0.0,0.0,2,197.5,651.0,1,235.5,0.0,0.0,0.0,0.0,0.0,23
2023-05-09 23:27:51,ag2312P5400,ag2312P5400,235.5,0.0,0.0,0.0,2,197.5,651.0,1,235.5,0.0,0.0,0.0,0.0,0.0,23
2023-05-09 23:27:52,ag2312P5400,ag2312P5400,235.5,0.0,0.0,0.0,2,197.5,650.5,2,235.5,0.0,0.0,0.0,0.0,0.0,23
2023-05-09 23:27:52,ag2312P5400,ag2312P5400,235.5,0.0,0.0,0.0,2,197.5,649.0,1,235.5,0.0,0.0,0.0,0.0,0.0,23
2023-05-09 23:27:53,ag2312P5400,ag2312P5400,235.5,0.0,0.0,0.0,2,197.5,649.0,1,235.5,0.0,0.0,0.0,0.0,0.0,23
2023-05-09 23:27:53,ag2312P5400,ag2312P5400,235.5,0.0,0.0,0.0,2,197.5,648.5,2,235.5,0.0,0.0,0.0,0.0,0.0,23
2023-05-09 23:27:54,ag2312P5400,ag2312P5400,235.5,0.0,0.0,0.0,2,197.5,647.0,1,235.5,0.0,0.0,0.0,0.0,0.0,23
2023-05-09 23:27:54,ag2312P5400,ag2312P5400,235.5,0.0,0.0,0.0,2,197.5,647.0,1,235.5,0.0,0.0,0.0,0.0,0.0,23
2023-05-09 23:27:55,ag2312P5400,ag2312P5400,235.5,0.0,0.0,0.0,2,197.5,646.5,2,235.5,0.0,0.0,0.0,0.0,0.0,23
2023-05-09 23:27:55,ag2312P5400,ag2312P5400,235.5,0.0,0.0,0.0,2,197.5,645.0,1,235.5,0.0,0.0,0.0,0.0,0.0,23
2023-05-09 23:27:56,ag2312P5400,ag2312P5400,235.5,0.0,0.0,0.0,2,197.5,645.0,1,235.5,0.0,0.0,0.0,0.0,0.0,23
2023-05-09 23:27:56,ag2312P5400,ag2312P5400,235.5,0.0,0.0,0.0,2,197.5,644.5,2,235.5,0.0,0.0,0.0,0.0,0.0,23
2023-05-09 23:27:57,ag2312P5400,ag2312P5400,235.5,0.0,0.0,0.0,2,197.5,643.0,1,235.5,0.0,0.0,0.0,0.0,0.0,23
2023-05-09 23:27:57,ag2312P5400,ag2312P5400,235.5,0.0,0.0,0.0,2,197.5,643.0,1,235.5,0.0,0.0,0.0,0.0,0.0,23
2023-05-09 23:27:58,ag2312P5400,ag2312P5400,235.5,0.0,0.0,0.0,2,197.5,642.5,2,235.5,0.0,0.0,0.0,0.0,0.0,23
2023-05-09 23:27:58,ag2312P5400,ag2312P5400,235.5,0.0,0.0,0.0,2,197.5,641.0,1,235.5,0.0,0.0,0.0,0.0,0.0,23
2023-05-09 23:27:59,ag2312P5400,ag2312P5400,235.5,0.0,0.0,0.0,2,197.5,641.0,1,235.5,0.0,0.0,0.0,0.0,0.0,23
2023-05-09 23:27:59,ag2312P5400,ag2312P5400,235.5,0.0,0.0,0.0,2,197.5,640.5,2,235.5,0.0,0.0,0.0,0.0,0.0,23
2023-05-09 23:28:00,ag2312P5400,ag2312P5400,235.5,0.0,0.0,0.0,2,197.5,639.0,1,235.5,0.0,0.0,0.0,0.0,0.0,23
2023-05-09 23:28:00,ag2312P5400,ag2312P5400,235.5,0.0,0.0,0.0,2,197.5,639.0,1,235.5,0.0,0.0,0.0,0.0,0.0,23
2023-05-09 23:28:01,ag2312P5400,ag2312P5400,235.5,0.0,0.0,0.0,2,197.5,638.5,2,235.5,0.0,0.0,0.0,0.0,0.0,23
2023-05-09 23:28:01,ag2312P5400,ag2312P5400,235.5,0.0,0.0,0.0,2,197.5,637.0,1,235.5,0.0,0.0,0.0,0.0,0.0,23
2023-05-09 23:28:02,ag2312P5400,ag2312P5400,235.5,0.0,0.0,0.0,2,197.5,637.0,1,235.5,0.0,0.0,0.0,0.0,0.0,23
2023-05-09 23:28:02,ag2312P5400,ag2312P5400,235.5,0.0,0.0,0.0,2,197.5,636.5,2,235.5,0.0,0.0,0.0,0.0,0.0,23
2023-05-09 23:28:03,ag2312P5400,ag2312P5400,235.5,0.0,0.0,0.0,2,197.5,635.0,1,235.5,0.0,0.0,0.0,0.0,0.0,23
2023-05-09 23:28:03,ag2312P5400,ag2312P5400,235.5,0.0,0.0,0.0,2,197.5,635.0,1,235.5,0.0,0.0,0.0,0.0,0.0,23
2023-05-09 23:28:04,ag2312P5400,ag2312P5400,235.5,0.0,0.0,0.0,2,197.5,634.5,2,235.5,0.0,0.0,0.0,0.0,0.0,23
2023-05-09 23:28:04,ag2312P5400,ag2312P5400,235.5,0.0,0.0,0.0,2,197.5,633.0,1,235.5,0.0,0.0,0.0,0.0,0.0,23
2023-05-09 23:28:05,ag2312P5400,ag2312P5400,235.5,0.0,0.0,0.0,2,197.5,633.0,1,235.5,0.0,0.0,0.0,0.0,0.0,23
2023-05-09 23:28:05,ag2312P5400,ag2312P5400,235.5,0.0,0.0,0.0,2,197.5,632.5,2,235.5,0.0,0.0,0.0,0.0,0.0,23
2023-05-09 23:28:06,ag2312P5400,ag2312P5400,235.5,0.0,0.0,0.0,2,197.5,631.0,1,235.5,0.0,0.0,0.0,0.0,0.0,23
2023-05-09 23:28:06,ag2312P5400,ag2312P5400,235.5,0.0,0.0,0.0,2,197.5,631.0,1,235.5,0.0,0.0,0.0,0.0,0.0,23
2023-05-09 23:28:07,ag2312P5400,ag2312P5400,235.5,0.0,0.0,0.0,2,197.5,630.5,2,235.5,0.0,0.0,0.0,0.0,0.0,23
2023-05-09 23:28:07,ag2312P5400,ag2312P5400,235.5,0.0,0.0,0.0,2,197.5,629.0,1,235.5,0.0,0.0,0.0,0.0,0.0,23
2023-05-09 23:28:08,ag2312P5400,ag2312P5400,235.5,0.0,0.0,0.0,2,197.5,629.0,1,235.5,0.0,0.0,0.0,0.0,0.0,23
2023-05-09 23:28:08,ag2312P5400,ag2312P5400,235.5,0.0,0.0,0.0,2,197.5,628.5,2,235.5,0.0,0.0,0.0,0.0,0.0,23
2023-05-09 23:28:09,ag2312P5400,ag2312P5400,235.5,0.0,0.0,0.0,2,197.5,627.0,1,235.5,0.0,0.0,0.0,0.0,0.0,23
2023-05-09 23:28:09,ag2312P5400,ag2312P5400,235.5,0.0,0.0,0.0,2,197.5,627.0,1,235.5,0.0,0.0,0.0,0.0,0.0,23
2023-05-09 23:28:10,ag2312P5400,ag2312P5400,235.5,0.0,0.0,0.0,2,197.5,626.5,2,235.5,0.0,0.0,0.0,0.0,0.0,23
2023-05-09 23:28:10,ag2312P5400,ag2312P5400,235.5,0.0,0.0,0.0,2,197.5,625.0,1,235.5,0.0,0.0,0.0,0.0,0.0,23
2023-05-09 23:28:11,ag2312P5400,ag2312P5400,235.5,0.0,0.0,0.0,2,197.5,625.0,1,235.5,0.0,0.0,0.0,0.0,0.0,23
2023-05-09 23:28:11,ag2312P5400,ag2312P5400,235.5,0.0,0.0,0.0,2,197.5,624.5,2,235.5,0.0,0.0,0.0,0.0,0.0,23
2023-05-09 23:28:12,ag2312P5400,ag2312P5400,235.5,0.0,0.0,0.0,2,197.5,623.0,1,235.5,0.0,0.0,0.0,0.0,0.0,23
2023-05-09 23:28:12,ag2312P5400,ag2312P5400,235.5,0.0,0.0,0.0,2,197.5,623.0,1,235.5,0.0,0.0,0.0,0.0,0.0,23
2023-05-09 23:28:13,ag2312P5400,ag2312P5400,235.5,0.0,0.0,0.0,2,197.5,622.5,2,235.5,0.0,0.0,0.0,0.0,0.0,23
2023-05-09 23:28:13,ag2312P5400,ag2312P5400,235.5,0.0,0.0,0.0,2,197.5,621.0,1,235.5,0.0,0.0,0.0,0.0,0.0,23
2023-05-09 23:28:14,ag2312P5400,ag2312P5400,235.5,0.0,0.0,0.0,2,197.5,621.0,1,235.5,0.0,0.0,0.0,0.0,0.0,23
2023-05-09 23:28:14,ag2312P5400,ag2312P5400,235.5,0.0,0.0,0.0,2,197.5,620.5,2,235.5,0.0,0.0,0.0,0.0,0.0,23
2023-05-09 23:28:15,ag2312P5400,ag2312P5400,235.5,0.0,0.0,0.0,2,197.5,619.0,1,235.5,0.0,0.0,0.0,0.0,0.0,23
2023-05-09 23:28:15,ag2312P5400,ag2312P5400,235.5,0.0,0.0,0.0,2,197.5,619.0,1,235.5,0.0,0.0,0.0,0.0,0.0,23
2023-05-09 23:28:16,ag2312P5400,ag2312P5400,235.5,0.0,0.0,0.0,2,197.5,618.5,2,235.5,0.0,0.0,0.0,0.0,0.0,23
2023-05-09 23:28:16,ag2312P5400,ag2312P5400,235.5,0.0,0.0,0.0,2,197.5,617.0,1,235.5,0.0,0.0,0.0,0.0,0.0,23
2023-05-09 23:28:17,ag2312P5400,ag2312P5400,235.5,0.0,0.0,0.0,2,197.5,617.0,1,235.5,0.0,0.0,0.0,0.0,0.0,23
2023-05-09 23:28:17,ag2312P5400,ag2312P5400,235.5,0.0,0.0,0.0,2,197.5,616.5,2,235.5,0.0,0.0,0.0,0.0,0.0,23
2023-05-09 23:28:18,ag2312P5400,ag2312P5400,235.5,0.0,0.0,0.0,2,197.5,615.0,1,235.5,0.0,0.0,0.0,0.0,0.0,23
2023-05-09 23:28:18,ag2312P5400,ag2312P5400,235.5,0.0,0.0,0.0,2,197.5,615.0,1,235.5,0.0,0.0,0.0,0.0,0.0,23
2023-05-09 23:28:19,ag2312P5400,ag2312P5400,235.5,0.0,0.0,0.0,2,197.5,614.5,2,235.5,0.0,0.0,0.0,0.0,0.0,23
2023-05-09 23:28:19,ag2312P5400,ag2312P5400,235.5,0.0,0.0,0.0,2,197.5,613.0,1,235.5,0.0,0.0,0.0,0.0,0.0,23
2023-05-09 23:28:20,ag2312P5400,ag2312P5400,235.5,0.0,0.0,0.0,2,197.5,613.0,1,235.5,0.0,0.0,0.0,0.0,0.0,23
2023-05-09 23:28:20,ag2312P5400,ag2312P5400,235.5,0.0,0.0,0.0,2,197.5,612.5,2,235.5,0.0,0.0,0.0,0.0,0.0,23
2023-05-09 23:28:21,ag2312P5400,ag2312P5400,235.5,0.0,0.0,0.0,2,197.5,611.0,1,235.5,0.0,0.0,0.0,0.0,0.0,23
2023-05-09 23:28:21,ag2312P5400,ag2312P5400,235.5,0.0,0.0,0.0,2,197.5,611.0,1,235.5,0.0,0.0,0.0,0.0,0.0,23
2023-05-09 23:28:22,ag2312P5400,ag2312P5400,235.5,0.0,0.0,0.0,2,197.5,610.5,2,235.5,0.0,0.0,0.0,0.0,0.0,23
2023-05-09 23:28:22,ag2312P5400,ag2312P5400,235.5,0.0,0.0,0.0,2,197.5,609.0,1,235.5,0.0,0.0,0.0,0.0,0.0,23
2023-05-09 23:28:23,ag2312P5400,ag2312P5400,235.5,0.0,0.0,0.0,2,197.5,609.0,1,235.5,0.0,0.0,0.0,0.0,0.0,23
2023-05-09 23:28:23,ag2312P5400,ag2312P5400,235.5,0.0,0.0,0.0,2,197.5,608.5,2,235.5,0.0,0.0,0.0,0.0,0.0,23
2023-05-09 23:28:24,ag2312P5400,ag2312P5400,235.5,0.0,0.0,0.0,2,197.5,607.0,1,235.5,0.0,0.0,0.0,0.0,0.0,23
2023-05-09 23:28:24,ag2312P5400,ag2312P5400,235.5,0.0,0.0,0.0,2,197.5,607.0,1,235.5,0.0,0.0,0.0,0.0,0.0,23
2023-05-09 23:28:25,ag2312P5400,ag2312P5400,235.5,0.0,0.0,0.0,2,197.5,606.5,2,235.5,0.0,0.0,0.0,0.0,0.0,23
2023-05-09 23:28:25,ag2312P5400,ag2312P5400,235.5,0.0,0.0,0.0,2,197.5,605.0,1,235.5,0.0,0.0,0.0,0.0,0.0,23
2023-05-09 23:28:26,ag2312P5400,ag2312P5400,235.5,0.0,0.0,0.0,2,197.5,605.0,1,235.5,0.0,0.0,0.0,0.0,0.0,23
2023-05-09 23:28:26,ag2312P5400,ag2312P5400,235.5,0.0,0.0,0.0,2,197.5,604.5,2,235.5,0.0,0.0,0.0,0.0,0.0,23
2023-05-09 23:28:27,ag2312P5400,ag2312P5400,235.5,0.0,0.0,0.0,2,197.5,603.0,1,235.5,0.0,0.0,0.0,0.0,0.0,23
2023-05-09 23:28:27,ag2312P5400,ag2312P5400,235.5,0.0,0.0,0.0,2,197.5,603.0,1,235.5,0.0,0.0,0.0,0.0,0.0,23
2023-05-09 23:28:28,ag2312P5400,ag2312P5400,235.5,0.0,0.0,0.0,2,197.5,602.5,2,235.5,0.0,0.0,0.0,0.0,0.0,23
2023-05-09 23:28:28,ag2312P5400,ag2312P5400,235.5,0.0,0.0,0.0,2,197.5,601.0,1,235.5,0.0,0.0,0.0,0.0,0.0,23
2023-05-09 23:28:29,ag2312P5400,ag2312P5400,235.5,0.0,0.0,0.0,2,197.5,601.0,1,235.5,0.0,0.0,0.0,0.0,0.0,23
2023-05-09 23:28:29,ag2312P5400,ag2312P5400,235.5,0.0,0.0,0.0,2,197.5,600.5,2,235.5,0.0,0.0,0.0,0.0,0.0,23
2023-05-09 23:28:30,ag2312P5400,ag2312P5400,235.5,0.0,0.0,0.0,2,197.5,599.0,1,235.5,0.0,0.0,0.0,0.0,0.0,23
2023-05-09 23:28:30,ag2312P5400,ag2312P5400,235.5,0.0,0.0,0.0,2,197.5,599.0,1,235.5,0.0,0.0,0.0,0.0,0.0,23
2023-05-09 23:28:31,ag2312P5400,ag2312P5400,235.5,0.0,0.0,0.0,2,197.5,598.5,2,235.5,0.0,0.0,0.0,0.0,0.0,23
2023-05-09 23:28:31,ag2312P5400,ag2312P5400,235.5,0.0,0.0,0.0,2,197.5,597.0,1,235.5,0.0,0.0,0.0,0.0,0.0,23
2023-05-09 23:28:32,ag2312P5400,ag2312P5400,235.5,0.0,0.0,0.0,2,197.5,597.0,1,235.5,0.0,0.0,0.0,0.0,0.0,23
2023-05-09 23:28:32,ag2312P5400,ag2312P5400,235.5,0.0,0.0,0.0,2,197.5,596.5,2,235.5,0.0,0.0,0.0,0.0,0.0,23
2023-05-09 23:28:33,ag2312P5400,ag2312P5400,235.5,0.0,0.0,0.0,2,197.5,595.0,1,235.5,0.0,0.0,0.0,0.0,0.0,23
2023-05-09 23:28:33,ag2312P5400,ag2312P5400,235.5,0.0,0.0,0.0,2,197.5,595.0,1,235.5,0.0,0.0,0.0,0.0,0.0,23
2023-05-09 23:28:34,ag2312P5400,ag2312P5400,235.5,0.0,0.0,0.0,2,197.5,594.5,2,235.5,0.0,0.0,0.0,0.0,0.0,23
2023-05-09 23:28:34,ag2312P5400,ag2312P5400,235.5,0.0,0.0,0.0,2,197.5,593.0,1,235.5,0.0,0.0,0.0,0.0,0.0,23
2023-05-09 23:28:35,ag2312P5400,ag2312P5400,235.5,0.0,0.0,0.0,2,197.5,593.0,1,235.5,0.0,0.0,0.0,0.0,0.0,23
2023-05-09 23:28:35,ag2312P5400,ag2312P5400,235.5,0.0,0.0,0.0,2,197.5,592.5,2,235.5,0.0,0.0,0.0,0.0,0.0,23
2023-05-09 23:28:36,ag2312P5400,ag2312P5400,235.5,0.0,0.0,0.0,2,197.5,591.0,1,235.5,0.0,0.0,0.0,0.0,0.0,23
2023-05-09 23:28:36,ag2312P5400,ag2312P5400,235.5,0.0,0.0,0.0,2,197.5,591.0,1,235.5,0.0,0.0,0.0,0.0,0.0,23
2023-05-09 23:28:37,ag2312P5400,ag2312P5400,235.5,0.0,0.0,0.0,2,197.5,590.5,2,235.5,0.0,0.0,0.0,0.0,0.0,23
2023-05-09 23:28:37,ag2312P5400,ag2312P5400,235.5,0.0,0.0,0.0,2,197.5,589.0,1,235.5,0.0,0.0,0.0,0.0,0.0,23
2023-05-09 23:28:38,ag2312P5400,ag2312P5400,235.5,0.0,0.0,0.0,2,197.5,589.0,1,235.5,0.0,0.0,0.0,0.0,0.0,23
2023-05-09 23:28:38,ag2312P5400,ag2312P5400,235.5,0.0,0.0,0.0,2,197.5,588.5,2,235.5,0.0,0.0,0.0,0.0,0.0,23
2023-05-09 23:28:39,ag2312P5400,ag2312P5400,235.5,0.0,0.0,0.0,2,197.5,587.0,1,235.5,0.0,0.0,0.0,0.0,0.0,23
2023-05-09 23:28:39,ag2312P5400,ag2312P5400,235.5,0.0,0.0,0.0,2,197.5,587.0,1,235.5,0.0,0.0,0.0,0.0,0.0,23
2023-05-09 23:28:40,ag2312P5400,ag2312P5400,235.5,0.0,0.0,0.0,2,197.5,586.5,2,235.5,0.0,0.0,0.0,0.0,0.0,23
2023-05-09 23:28:40,ag2312P5400,ag2312P5400,235.5,0.0,0.0,0.0,2,197.5,585.0,1,235.5,0.0,0.0,0.0,0.0,0.0,23
2023-05-09 23:28:41,ag2312P5400,ag2312P5400,235.5,0.0,0.0,0.0,2,197.5,585.0,1,235.5,0.0,0.0,0.0,0.0,0.0,23
2023-05-09 23:28:41,ag2312P5400,ag2312P5400,235.5,0.0,0.0,0.0,2,197.5,584.5,2,235.5,0.0,0.0,0.0,0.0,0.0,23
2023-05-09 23:28:42,ag2312P5400,ag2312P5400,235.5,0.0,0.0,0.0,2,197.5,583.0,1,235.5,0.0,0.0,0.0,0.0,0.0,23
2023-05-09 23:28:42,ag2312P5400,ag2312P5400,235.5,0.0,0.0,0.0,2,197.5,583.0,1,235.5,0.0,0.0,0.0,0.0,0.0,23
2023-05-09 23:28:43,ag2312P5400,ag2312P5400,235.5,0.0,0.0,0.0,2,197.5,582.5,2,235.5,0.0,0.0,0.0,0.0,0.0,23
2023-05-09 23:28:43,ag2312P5400,ag2312P5400,235.5,0.0,0.0,0.0,2,197.5,581.0,1,235.5,0.0,0.0,0.0,0.0,0.0,23
2023-05-09 23:28:44,ag2312P5400,ag2312P5400,235.5,0.0,0.0,0.0,2,197.5,581.0,1,235.5,0.0,0.0,0.0,0.0,0.0,23
2023-05-09 23:28:44,ag2312P5400,ag2312P5400,235.5,0.0,0.0,0.0,2,197.5,580.5,2,235.5,0.0,0.0,0.0,0.0,0.0,23
2023-05-09 23:28:45,ag2312P5400,ag2312P5400,235.5,0.0,0.0,0.0,2,197.5,579.0,1,235.5,0.0,0.0,0.0,0.0,0.0,23
2023-05-09 23:28:45,ag2312P5400,ag2312P5400,235.5,0.0,0.0,0.0,2,197.5,579.0,1,235.5,0.0,0.0,0.0,0.0,0.0,23
2023-05-09 23:28:46,ag2312P5400,ag2312P5400,235.5,0.0,0.0,0.0,2,197.5,578.5,2,235.5,0.0,0.0,0.0,0.0,0.0,23
2023-05-09 23:28:46,ag2312P5400,ag2312P5400,235.5,0.0,0.0,0.0,2,197.5,577.0,1,235.5,0.0,0.0,0.0,0.0,0.0,23
2023-05-09 23:28:47,ag2312P5400,ag2312P5400,235.5,0.0,0.0,0.0,2,197.5,577.0,1,235.5,0.0,0.0,0.0,0.0,0.0,23
2023-05-09 23:28:47,ag2312P5400,ag2312P5400,235.5,0.0,0.0,0.0,2,197.5,576.5,2,235.5,0.0,0.0,0.0,0.0,0.0,23
2023-05-09 23:28:48,ag2312P5400,ag2312P5400,235.5,0.0,0.0,0.0,2,197.5,575.0,1,235.5,0.0,0.0,0.0,0.0,0.0,23
2023-05-09 23:28:48,ag2312P5400,ag2312P5400,235.5,0.0,0.0,0.0,2,197.5,575.0,1,235.5,0.0,0.0,0.0,0.0,0.0,23
2023-05-09 23:28:49,ag2312P5400,ag2312P5400,235.5,0.0,0.0,0.0,2,197.5,574.5,2,235.5,0.0,0.0,0.0,0.0,0.0,23
2023-05-09 23:28:49,ag2312P5400,ag2312P5400,235.5,0.0,0.0,0.0,2,197.5,573.0,1,235.5,0.0,0.0,0.0,0.0,0.0,23
2023-05-09 23:28:50,ag2312P5400,ag2312P5400,235.5,0.0,0.0,0.0,2,197.5,573.0,1,235.5,0.0,0.0,0.0,0.0,0.0,23
2023-05-09 23:28:50,ag2312P5400,ag2312P5400,235.5,0.0,0.0,0.0,2,197.5,572.5,2,235.5,0.0,0.0,0.0,0.0,0.0,23
2023-05-09 23:28:51,ag2312P5400,ag2312P5400,235.5,0.0,0.0,0.0,2,197.5,571.0,1,235.5,0.0,0.0,0.0,0.0,0.0,23
2023-05-09 23:28:51,ag2312P5400,ag2312P5400,235.5,0.0,0.0,0.0,2,197.5,571.0,1,235.5,0.0,0.0,0.0,0.0,0.0,23
2023-05-09 23:28:52,ag2312P5400,ag2312P5400,235.5,0.0,0.0,0.0,2,197.5,570.5,2,235.5,0.0,0.0,0.0,0.0,0.0,23
2023-05-09 23:28:52,ag2312P5400,ag2312P5400,235.5,0.0,0.0,0.0,2,197.5,569.0,1,235.5,0.0,0.0,0.0,0.0,0.0,23
2023-05-09 23:28:53,ag2312P5400,ag2312P5400,235.5,0.0,0.0,0.0,2,197.5,569.0,1,235.5,0.0,0.0,0.0,0.0,0.0,23
2023-05-09 23:28:53,ag2312P5400,ag2312P5400,235.5,0.0,0.0,0.0,2,197.5,568.5,2,235.5,0.0,0.0,0.0,0.0,0.0,23
2023-05-09 23:28:54,ag2312P5400,ag2312P5400,235.5,0.0,0.0,0.0,2,197.5,567.0,1,235.5,0.0,0.0,0.0,0.0,0.0,23
2023-05-09 23:28:54,ag2312P5400,ag2312P5400,235.5,0.0,0.0,0.0,2,197.5,567.0,1,235.5,0.0,0.0,0.0,0.0,0.0,23
2023-05-09 23:28:55,ag2312P5400,ag2312P5400,235.5,0.0,0.0,0.0,2,197.5,566.5,2,235.5,0.0,0.0,0.0,0.0,0.0,23
2023-05-09 23:28:55,ag2312P5400,ag2312P5400,235.5,0.0,0.0,0.0,2,197.5,565.0,1,235.5,0.0,0.0,0.0,0.0,0.0,23
2023-05-09 23:28:56,ag2312P5400,ag2312P5400,235.5,0.0,0.0,0.0,2,197.5,565.0,1,235.5,0.0,0.0,0.0,0.0,0.0,23
2023-05-09 23:28:56,ag2312P5400,ag2312P5400,235.5,0.0,0.0,0.0,2,197.5,564.5,2,235.5,0.0,0.0,0.0,0.0,0.0,23
2023-05-09 23:28:57,ag2312P5400,ag2312P5400,235.5,0.0,0.0,0.0,2,197.5,563.0,1,235.5,0.0,0.0,0.0,0.0,0.0,23
2023-05-09 23:28:57,ag2312P5400,ag2312P5400,235.5,0.0,0.0,0.0,2,197.5,563.0,1,235.5,0.0,0.0,0.0,0.0,0.0,23
2023-05-09 23:28:58,ag2312P5400,ag2312P5400,235.5,0.0,0.0,0.0,2,197.5,562.5,2,235.5,0.0,0.0,0.0,0.0,0.0,23
2023-05-09 23:28:58,ag2312P5400,ag2312P5400,235.5,0.0,0.0,0.0,2,197.5,561.0,1,235.5,0.0,0.0,0.0,0.0,0.0,23
2023-05-09 23:28:59,ag2312P5400,ag2312P5400,235.5,0.0,0.0,0.0,2,197.5,561.0,1,235.5,0.0,0.0,0.0,0.0,0.0,23
2023-05-09 23:28:59,ag2312P5400,ag2312P5400,235.5,0.0,0.0,0.0,2,197.5,560.5,2,235.5,0.0,0.0,0.0,0.0,0.0,23
2023-05-09 23:29:00,ag2312P5400,ag2312P5400,235.5,0.0,0.0,0.0,2,197.5,559.0,1,235.5,0.0,0.0,0.0,0.0,0.0,23
2023-05-09 23:29:00,ag2312P5400,ag2312P5400,235.5,0.0,0.0,0.0,2,197.5,559.0,1,235.5,0.0,0.0,0.0,0.0,0.0,23
2023-05-09 23:29:01,ag2312P5400,ag2312P5400,235.5,0.0,0.0,0.0,2,197.5,558.5,2,235.5,0.0,0.0,0.0,0.0,0.0,23
2023-05-09 23:29:01,ag2312P5400,ag2312P5400,235.5,0.0,0.0,0.0,2,197.5,557.0,1,235.5,0.0,0.0,0.0,0.0,0.0,23
2023-05-09 23:29:02,ag2312P5400,ag2312P5400,235.5,0.0,0.0,0.0,2,197.5,557.0,1,235.5,0.0,0.0,0.0,0.0,0.0,23
2023-05-09 23:29:02,ag2312P5400,ag2312P5400,235.5,0.0,0.0,0.0,2,197.5,556.5,2,235.5,0.0,0.0,0.0,0.0,0.0,23
2023-05-09 23:29:03,ag2312P5400,ag2312P5400,235.5,0.0,0.0,0.0,2,197.5,555.0,1,235.5,0.0,0.0,0.0,0.0,0.0,23
2023-05-09 23:29:03,ag2312P5400,ag2312P5400,235.5,0.0,0.0,0.0,2,197.5,555.0,1,235.5,0.0,0.0,0.0,0.0,0.0,23
2023-05-09 23:29:04,ag2312P5400,ag2312P5400,235.5,0.0,0.0,0.0,2,197.5,554.5,2,235.5,0.0,0.0,0.0,0.0,0.0,23
2023-05-09 23:29:04,ag2312P5400,ag2312P5400,235.5,0.0,0.0,0.0,2,197.5,553.0,1,235.5,0.0,0.0,0.0,0.0,0.0,23
2023-05-09 23:29:05,ag2312P5400,ag2312P5400,235.5,0.0,0.0,0.0,2,197.5,553.0,1,235.5,0.0,0.0,0.0,0.0,0.0,23
2023-05-09 23:29:05,ag2312P5400,ag2312P5400,235.5,0.0,0.0,0.0,2,197.5,552.5,2,235.5,0.0,0.0,0.0,0.0,0.0,23
2023-05-09 23:29:06,ag2312P5400,ag2312P5400,235.5,0.0,0.0,0.0,2,197.5,551.0,1,235.5,0.0,0.0,0.0,0.0,0.0,23
2023-05-09 23:29:06,ag2312P5400,ag2312P5400,235.5,0.0,0.0,0.0,2,197.5,551.0,1,235.5,0.0,0.0,0.0,0.0,0.0,23
2023-05-09 23:29:07,ag2312P5400,ag2312P5400,235.5,0.0,0.0,0.0,2,197.5,550.5,2,235.5,0.0,0.0,0.0,0.0,0.0,23
2023-05-09 23:29:07,ag2312P5400,ag2312P5400,235.5,0.0,0.0,0.0,2,197.5,549.0,1,235.5,0.0,0.0,0.0,0.0,0.0,23
2023-05-09 23:29:08,ag2312P5400,ag2312P5400,235.5,0.0,0.0,0.0,2,197.5,549.0,1,235.5,0.0,0.0,0.0,0.0,0.0,23
2023-05-09 23:29:08,ag2312P5400,ag2312P5400,235.5,0.0,0.0,0.0,2,197.5,548.5,2,235.5,0.0,0.0,0.0,0.0,0.0,23
2023-05-09 23:29:09,ag2312P5400,ag2312P5400,235.5,0.0,0.0,0.0,2,197.5,547.0,1,235.5,0.0,0.0,0.0,0.0,0.0,23
2023-05-09 23:29:09,ag2312P5400,ag2312P5400,235.5,0.0,0.0,0.0,2,197.5,547.0,1,235.5,0.0,0.0,0.0,0.0,0.0,23
2023-05-09 23:29:10,ag2312P5400,ag2312P5400,235.5,0.0,0.0,0.0,2,197.5,546.5,2,235.5,0.0,0.0,0.0,0.0,0.0,23
2023-05-09 23:29:10,ag2312P5400,ag2312P5400,235.5,0.0,0.0,0.0,2,197.5,545.0,1,235.5,0.0,0.0,0.0,0.0,0.0,23
2023-05-09 23:29:11,ag2312P5400,ag2312P5400,235.5,0.0,0.0,0.0,2,197.5,545.0,1,235.5,0.0,0.0,0.0,0.0,0.0,23
2023-05-09 23:29:11,ag2312P5400,ag2312P5400,235.5,0.0,0.0,0.0,2,197.5,544.5,2,235.5,0.0,0.0,0.0,0.0,0.0,23
2023-05-09 23:29:12,ag2312P5400,ag2312P5400,235.5,0.0,0.0,0.0,2,197.5,543.0,1,235.5,0.0,0.0,0.0,0.0,0.0,23
2023-05-09 23:29:12,ag2312P5400,ag2312P5400,235.5,0.0,0.0,0.0,2,197.5,543.0,1,235.5,0.0,0.0,0.0,0.0,0.0,23
2023-05-09 23:29:13,ag2312P5400,ag2312P5400,235.5,0.0,0.0,0.0,2,197.5,542.5,2,235.5,0.0,0.0,0.0,0.0,0.0,23
2023-05-09 23:29:13,ag2312P5400,ag2312P5400,235.5,0.0,0.0,0.0,2,197.5,541.0,1,235.5,0.0,0.0,0.0,0.0,0.0,23
2023-05-09 23:29:14,ag2312P5400,ag2312P5400,235.5,0.0,0.0,0.0,2,197.5,541.0,1,235.5,0.0,0.0,0.0,0.0,0.0,23
2023-05-09 23:29:14,ag2312P5400,ag2312P5400,235.5,0.0,0.0,0.0,2,197.5,540.5,2,235.5,0.0,0.0,0.0,0.0,0.0,23
2023-05-09 23:29:15,ag2312P5400,ag2312P5400,235.5,0.0,0.0,0.0,2,197.5,539.0,1,235.5,0.0,0.0,0.0,0.0,0.0,23
2023-05-09 23:29:15,ag2312P5400,ag2312P5400,235.5,0.0,0.0,0.0,2,197.5,539.0,1,235.5,0.0,0.0,0.0,0.0,0.0,23
2023-05-09 23:29:16,ag2312P5400,ag2312P5400,235.5,0.0,0.0,0.0,2,197.5,538.5,2,235.5,0.0,0.0,0.0,0.0,0.0,23
2023-05-09 23:29:16,ag2312P5400,ag2312P5400,235.5,0.0,0.0,0.0,2,197.5,537.0,1,235.5,0.0,0.0,0.0,0.0,0.0,23
2023-05-09 23:29:17,ag2312P5400,ag2312P5400,235.5,0.0,0.0,0.0,2,197.5,537.0,1,235.5,0.0,0.0,0.0,0.0,0.0,23
2023-05-09 23:29:17,ag2312P5400,ag2312P5400,235.5,0.0,0.0,0.0,2,197.5,536.5,2,235.5,0.0,0.0,0.0,0.0,0.0,23
2023-05-09 23:29:18,ag2312P5400,ag2312P5400,235.5,0.0,0.0,0.0,2,197.5,535.0,1,235.5,0.0,0.0,0.0,0.0,0.0,23
2023-05-09 23:29:18,ag2312P5400,ag2312P5400,235.5,0.0,0.0,0.0,2,197.5,535.0,1,235.5,0.0,0.0,0.0,0.0,0.0,23
2023-05-09 23:29:19,ag2312P5400,ag2312P5400,235.5,0.0,0.0,0.0,2,197.5,534.5,2,235.5,0.0,0.0,0.0,0.0,0.0,23
2023-05-09 23:29:19,ag2312P5400,ag2312P5400,235.5,0.0,0.0,0.0,2,197.5,533.0,1,235.5,0.0,0.0,0.0,0.0,0.0,23
2023-05-09 23:29:20,ag2312P5400,ag2312P5400,235.5,0.0,0.0,0.0,2,197.5,533.0,1,235.5,0.0,0.0,0.0,0.0,0.0,23
2023-05-09 23:29:20,ag2312P5400,ag2312P5400,235.5,0.0,0.0,0.0,2,197.5,532.5,2,235.5,0.0,0.0,0.0,0.0,0.0,23
2023-05-09 23:29:21,ag2312P5400,ag2312P5400,235.5,0.0,0.0,0.0,2,197.5,531.0,1,235.5,0.0,0.0,0.0,0.0,0.0,23
2023-05-09 23:29:21,ag2312P5400,ag2312P5400,235.5,0.0,0.0,0.0,2,197.5,531.0,1,235.5,0.0,0.0,0.0,0.0,0.0,23
2023-05-09 23:29:22,ag2312P5400,ag2312P5400,235.5,0.0,0.0,0.0,2,197.5,530.5,2,235.5,0.0,0.0,0.0,0.0,0.0,23
2023-05-09 23:29:22,ag2312P5400,ag2312P5400,235.5,0.0,0.0,0.0,2,197.5,529.0,1,235.5,0.0,0.0,0.0,0.0,0.0,23
2023-05-09 23:29:23,ag2312P5400,ag2312P5400,235.5,0.0,0.0,0.0,2,197.5,529.0,1,235.5,0.0,0.0,0.0,0.0,0.0,23
2023-05-09 23:29:23,ag2312P5400,ag2312P5400,235.5,0.0,0.0,0.0,2,197.5,528.5,2,235.5,0.0,0.0,0.0,0.0,0.0,23
2023-05-09 23:29:24,ag2312P5400,ag2312P5400,235.5,0.0,0.0,0.0,2,197.5,527.0,1,235.5,0.0,0.0,0.0,0.0,0.0,23
2023-05-09 23:29:24,ag2312P5400,ag2312P5400,235.5,0.0,0.0,0.0,2,197.5,527.0,1,235.5,0.0,0.0,0.0,0.0,0.0,23
2023-05-09 23:29:25,ag2312P5400,ag2312P5400,235.5,0.0,0.0,0.0,2,197.5,526.5,2,235.5,0.0,0.0,0.0,0.0,0.0,23
2023-05-09 23:29:25,ag2312P5400,ag2312P5400,235.5,0.0,0.0,0.0,2,197.5,525.0,1,235.5,0.0,0.0,0.0,0.0,0.0,23
2023-05-09 23:29:26,ag2312P5400,ag2312P5400,235.5,0.0,0.0,0.0,2,197.5,525.0,1,235.5,0.0,0.0,0.0,0.0,0.0,23
2023-05-09 23:29:26,ag2312P5400,ag2312P5400,235.5,0.0,0.0,0.0,2,197.5,524.5,2,235.5,0.0,0.0,0.0,0.0,0.0,23
2023-05-09 23:29:27,ag2312P5400,ag2312P5400,235.5,0.0,0.0,0.0,2,197.5,523.0,1,235.5,0.0,0.0,0.0,0.0,0.0,23
2023-05-09 23:29:27,ag2312P5400,ag2312P5400,235.5,0.0,0.0,0.0,2,197.5,523.0,1,235.5,0.0,0.0,0.0,0.0,0.0,23
2023-05-09 23:29:28,ag2312P5400,ag2312P5400,235.5,0.0,0.0,0.0,2,197.5,522.5,2,235.5,0.0,0.0,0.0,0.0,0.0,23
2023-05-09 23:29:28,ag2312P5400,ag2312P5400,235.5,0.0,0.0,0.0,2,197.5,521.0,1,235.5,0.0,0.0,0.0,0.0,0.0,23
2023-05-09 23:29:29,ag2312P5400,ag2312P5400,235.5,0.0,0.0,0.0,2,197.5,521.0,1,235.5,0.0,0.0,0.0,0.0,0.0,23
2023-05-09 23:29:29,ag2312P5400,ag2312P5400,235.5,0.0,0.0,0.0,2,197.5,520.5,2,235.5,0.0,0.0,0.0,0.0,0.0,23
2023-05-09 23:29:30,ag2312P5400,ag2312P5400,235.5,0.0,0.0,0.0,2,197.5,519.0,1,235.5,0.0,0.0,0.0,0.0,0.0,23
2023-05-09 23:29:30,ag2312P5400,ag2312P5400,235.5,0.0,0.0,0.0,2,197.5,519.0,1,235.5,0.0,0.0,0.0,0.0,0.0,23
2023-05-09 23:29:31,ag2312P5400,ag2312P5400,235.5,0.0,0.0,0.0,2,197.5,518.5,2,235.5,0.0,0.0,0.0,0.0,0.0,23
2023-05-09 23:29:31,ag2312P5400,ag2312P5400,235.5,0.0,0.0,0.0,1,218.5,226.5,1,235.5,0.0,0.0,0.0,0.0,0.0,23
2023-05-09 23:29:32,ag2312P5400,ag2312P5400,235.5,0.0,0.0,0.0,1,218.5,226.5,1,235.5,0.0,0.0,0.0,0.0,0.0,23
2023-05-09 23:29:40,ag2312P5400,ag2312P5400,235.5,0.0,0.0,0.0,1,218.5,226.5,1,235.5,0.0,0.0,0.0,0.0,0.0,23
2023-05-09 23:40:54,ag2312P5400,ag2312P5400,235.5,0.0,0.0,0.0,1,196.0,338.5,1,235.5,0.0,0.0,0.0,0.0,0.0,23
2023-05-09 23:40:55,ag2312P5400,ag2312P5400,235.5,0.0,0.0,0.0,2,196.5,338.0,2,235.5,0.0,0.0,0.0,0.0,0.0,23
2023-05-09 23:41:01,ag2312P5400,ag2312P5400,235.5,0.0,0.0,0.0,2,196.5,290.5,1,235.5,0.0,0.0,0.0,0.0,0.0,23
2023-05-09 23:41:01,ag2312P5400,ag2312P5400,235.5,0.0,0.0,0.0,2,196.5,290.5,1,235.5,0.0,0.0,0.0,0.0,0.0,23
2023-05-09 23:41:02,ag2312P5400,ag2312P5400,235.5,0.0,0.0,0.0,2,196.5,290.0,2,235.5,0.0,0.0,0.0,0.0,0.0,23
2023-05-09 23:41:03,ag2312P5400,ag2312P5400,235.5,0.0,0.0,0.0,2,196.5,245.0,1,235.5,0.0,0.0,0.0,0.0,0.0,23
2023-05-09 23:41:03,ag2312P5400,ag2312P5400,235.5,0.0,0.0,0.0,2,196.5,245.0,1,235.5,0.0,0.0,0.0,0.0,0.0,23
2023-05-09 23:41:28,ag2312P5400,ag2312P5400,235.5,0.0,0.0,0.0,2,196.5,0.0,0,235.5,0.0,0.0,0.0,0.0,0.0,23
2023-05-09 23:41:30,ag2312P5400,ag2312P5400,235.5,0.0,0.0,0.0,2,196.5,757.0,1,235.5,0.0,0.0,0.0,0.0,0.0,23
2023-05-09 23:41:31,ag2312P5400,ag2312P5400,235.5,0.0,0.0,0.0,2,196.5,756.5,2,235.5,0.0,0.0,0.0,0.0,0.0,23
2023-05-09 23:41:31,ag2312P5400,ag2312P5400,235.5,0.0,0.0,0.0,2,196.5,755.0,1,235.5,0.0,0.0,0.0,0.0,0.0,23
2023-05-09 23:41:32,ag2312P5400,ag2312P5400,235.5,0.0,0.0,0.0,2,196.5,755.0,1,235.5,0.0,0.0,0.0,0.0,0.0,23
2023-05-09 23:41:32,ag2312P5400,ag2312P5400,235.5,0.0,0.0,0.0,2,196.5,754.5,2,235.5,0.0,0.0,0.0,0.0,0.0,23
2023-05-09 23:41:33,ag2312P5400,ag2312P5400,235.5,0.0,0.0,0.0,2,196.5,753.0,1,235.5,0.0,0.0,0.0,0.0,0.0,23
2023-05-09 23:41:33,ag2312P5400,ag2312P5400,235.5,0.0,0.0,0.0,2,196.5,753.0,1,235.5,0.0,0.0,0.0,0.0,0.0,23
2023-05-09 23:41:34,ag2312P5400,ag2312P5400,235.5,0.0,0.0,0.0,2,196.5,752.5,2,235.5,0.0,0.0,0.0,0.0,0.0,23
2023-05-09 23:41:34,ag2312P5400,ag2312P5400,235.5,0.0,0.0,0.0,2,196.5,752.5,2,235.5,0.0,0.0,0.0,0.0,0.0,23
2023-05-09 23:41:35,ag2312P5400,ag2312P5400,235.5,0.0,0.0,0.0,2,196.5,751.0,1,235.5,0.0,0.0,0.0,0.0,0.0,23
2023-05-09 23:41:35,ag2312P5400,ag2312P5400,235.5,0.0,0.0,0.0,2,196.5,751.0,1,235.5,0.0,0.0,0.0,0.0,0.0,23
2023-05-09 23:41:36,ag2312P5400,ag2312P5400,235.5,0.0,0.0,0.0,2,196.5,750.5,2,235.5,0.0,0.0,0.0,0.0,0.0,23
2023-05-09 23:41:36,ag2312P5400,ag2312P5400,235.5,0.0,0.0,0.0,2,196.5,749.0,1,235.5,0.0,0.0,0.0,0.0,0.0,23
2023-05-09 23:41:37,ag2312P5400,ag2312P5400,235.5,0.0,0.0,0.0,2,196.5,749.0,1,235.5,0.0,0.0,0.0,0.0,0.0,23
2023-05-09 23:41:37,ag2312P5400,ag2312P5400,235.5,0.0,0.0,0.0,2,196.5,748.5,2,235.5,0.0,0.0,0.0,0.0,0.0,23
2023-05-09 23:41:38,ag2312P5400,ag2312P5400,235.5,0.0,0.0,0.0,2,196.5,747.0,1,235.5,0.0,0.0,0.0,0.0,0.0,23
2023-05-09 23:41:38,ag2312P5400,ag2312P5400,235.5,0.0,0.0,0.0,2,196.5,747.0,1,235.5,0.0,0.0,0.0,0.0,0.0,23
2023-05-09 23:41:39,ag2312P5400,ag2312P5400,235.5,0.0,0.0,0.0,2,196.5,746.5,2,235.5,0.0,0.0,0.0,0.0,0.0,23
2023-05-09 23:41:39,ag2312P5400,ag2312P5400,235.5,0.0,0.0,0.0,2,196.5,746.5,2,235.5,0.0,0.0,0.0,0.0,0.0,23
2023-05-09 23:41:40,ag2312P5400,ag2312P5400,235.5,0.0,0.0,0.0,2,196.5,745.0,1,235.5,0.0,0.0,0.0,0.0,0.0,23
2023-05-09 23:41:40,ag2312P5400,ag2312P5400,235.5,0.0,0.0,0.0,2,196.5,745.0,1,235.5,0.0,0.0,0.0,0.0,0.0,23
2023-05-09 23:41:41,ag2312P5400,ag2312P5400,235.5,0.0,0.0,0.0,2,196.5,744.5,2,235.5,0.0,0.0,0.0,0.0,0.0,23
2023-05-09 23:41:41,ag2312P5400,ag2312P5400,235.5,0.0,0.0,0.0,2,196.5,743.0,1,235.5,0.0,0.0,0.0,0.0,0.0,23
2023-05-09 23:41:42,ag2312P5400,ag2312P5400,235.5,0.0,0.0,0.0,2,196.5,743.0,1,235.5,0.0,0.0,0.0,0.0,0.0,23
2023-05-09 23:41:42,ag2312P5400,ag2312P5400,235.5,0.0,0.0,0.0,2,196.5,742.5,2,235.5,0.0,0.0,0.0,0.0,0.0,23
2023-05-09 23:41:43,ag2312P5400,ag2312P5400,235.5,0.0,0.0,0.0,2,196.5,741.0,1,235.5,0.0,0.0,0.0,0.0,0.0,23
2023-05-09 23:41:43,ag2312P5400,ag2312P5400,235.5,0.0,0.0,0.0,2,196.5,741.0,1,235.5,0.0,0.0,0.0,0.0,0.0,23
2023-05-09 23:41:44,ag2312P5400,ag2312P5400,235.5,0.0,0.0,0.0,2,196.5,740.5,2,235.5,0.0,0.0,0.0,0.0,0.0,23
2023-05-09 23:41:44,ag2312P5400,ag2312P5400,235.5,0.0,0.0,0.0,2,196.5,739.0,1,235.5,0.0,0.0,0.0,0.0,0.0,23
2023-05-09 23:41:45,ag2312P5400,ag2312P5400,235.5,0.0,0.0,0.0,2,196.5,739.0,1,235.5,0.0,0.0,0.0,0.0,0.0,23
2023-05-09 23:41:45,ag2312P5400,ag2312P5400,235.5,0.0,0.0,0.0,2,196.5,738.5,2,235.5,0.0,0.0,0.0,0.0,0.0,23
2023-05-09 23:41:46,ag2312P5400,ag2312P5400,235.5,0.0,0.0,0.0,2,196.5,737.0,1,235.5,0.0,0.0,0.0,0.0,0.0,23
2023-05-09 23:41:46,ag2312P5400,ag2312P5400,235.5,0.0,0.0,0.0,2,196.5,737.0,1,235.5,0.0,0.0,0.0,0.0,0.0,23
2023-05-09 23:41:47,ag2312P5400,ag2312P5400,235.5,0.0,0.0,0.0,2,196.5,736.5,2,235.5,0.0,0.0,0.0,0.0,0.0,23
2023-05-09 23:41:47,ag2312P5400,ag2312P5400,235.5,0.0,0.0,0.0,2,196.5,735.0,1,235.5,0.0,0.0,0.0,0.0,0.0,23
2023-05-09 23:41:48,ag2312P5400,ag2312P5400,235.5,0.0,0.0,0.0,2,196.5,735.0,1,235.5,0.0,0.0,0.0,0.0,0.0,23
2023-05-09 23:41:48,ag2312P5400,ag2312P5400,235.5,0.0,0.0,0.0,2,196.5,734.5,2,235.5,0.0,0.0,0.0,0.0,0.0,23
2023-05-09 23:41:49,ag2312P5400,ag2312P5400,235.5,0.0,0.0,0.0,2,196.5,733.0,1,235.5,0.0,0.0,0.0,0.0,0.0,23
2023-05-09 23:41:49,ag2312P5400,ag2312P5400,235.5,0.0,0.0,0.0,2,196.5,733.0,1,235.5,0.0,0.0,0.0,0.0,0.0,23
2023-05-09 23:41:50,ag2312P5400,ag2312P5400,235.5,0.0,0.0,0.0,2,196.5,732.5,2,235.5,0.0,0.0,0.0,0.0,0.0,23
2023-05-09 23:41:50,ag2312P5400,ag2312P5400,235.5,0.0,0.0,0.0,2,196.5,731.0,1,235.5,0.0,0.0,0.0,0.0,0.0,23
2023-05-09 23:41:51,ag2312P5400,ag2312P5400,235.5,0.0,0.0,0.0,2,196.5,731.0,1,235.5,0.0,0.0,0.0,0.0,0.0,23
2023-05-09 23:41:51,ag2312P5400,ag2312P5400,235.5,0.0,0.0,0.0,2,196.5,730.5,2,235.5,0.0,0.0,0.0,0.0,0.0,23
2023-05-09 23:41:52,ag2312P5400,ag2312P5400,235.5,0.0,0.0,0.0,2,196.5,729.0,1,235.5,0.0,0.0,0.0,0.0,0.0,23
2023-05-09 23:41:52,ag2312P5400,ag2312P5400,235.5,0.0,0.0,0.0,2,196.5,729.0,1,235.5,0.0,0.0,0.0,0.0,0.0,23
2023-05-09 23:41:53,ag2312P5400,ag2312P5400,235.5,0.0,0.0,0.0,2,196.5,728.5,2,235.5,0.0,0.0,0.0,0.0,0.0,23
2023-05-09 23:41:53,ag2312P5400,ag2312P5400,235.5,0.0,0.0,0.0,2,196.5,727.0,1,235.5,0.0,0.0,0.0,0.0,0.0,23
2023-05-09 23:41:54,ag2312P5400,ag2312P5400,235.5,0.0,0.0,0.0,2,196.5,727.0,1,235.5,0.0,0.0,0.0,0.0,0.0,23
2023-05-09 23:41:54,ag2312P5400,ag2312P5400,235.5,0.0,0.0,0.0,2,196.5,726.5,2,235.5,0.0,0.0,0.0,0.0,0.0,23
2023-05-09 23:41:55,ag2312P5400,ag2312P5400,235.5,0.0,0.0,0.0,2,196.5,725.0,1,235.5,0.0,0.0,0.0,0.0,0.0,23
2023-05-09 23:41:55,ag2312P5400,ag2312P5400,235.5,0.0,0.0,0.0,2,196.5,725.0,1,235.5,0.0,0.0,0.0,0.0,0.0,23
2023-05-09 23:41:56,ag2312P5400,ag2312P5400,235.5,0.0,0.0,0.0,2,196.5,724.5,2,235.5,0.0,0.0,0.0,0.0,0.0,23
2023-05-09 23:41:56,ag2312P5400,ag2312P5400,235.5,0.0,0.0,0.0,2,196.5,723.0,1,235.5,0.0,0.0,0.0,0.0,0.0,23
2023-05-09 23:41:57,ag2312P5400,ag2312P5400,235.5,0.0,0.0,0.0,2,196.5,723.0,1,235.5,0.0,0.0,0.0,0.0,0.0,23
2023-05-09 23:41:57,ag2312P5400,ag2312P5400,235.5,0.0,0.0,0.0,2,196.5,722.5,2,235.5,0.0,0.0,0.0,0.0,0.0,23
2023-05-09 23:41:58,ag2312P5400,ag2312P5400,235.5,0.0,0.0,0.0,2,196.5,721.0,1,235.5,0.0,0.0,0.0,0.0,0.0,23
2023-05-09 23:41:58,ag2312P5400,ag2312P5400,235.5,0.0,0.0,0.0,2,196.5,721.0,1,235.5,0.0,0.0,0.0,0.0,0.0,23
2023-05-09 23:41:59,ag2312P5400,ag2312P5400,235.5,0.0,0.0,0.0,2,196.5,720.5,2,235.5,0.0,0.0,0.0,0.0,0.0,23
2023-05-09 23:41:59,ag2312P5400,ag2312P5400,235.5,0.0,0.0,0.0,2,196.5,719.0,1,235.5,0.0,0.0,0.0,0.0,0.0,23
2023-05-09 23:42:00,ag2312P5400,ag2312P5400,235.5,0.0,0.0,0.0,2,196.5,719.0,1,235.5,0.0,0.0,0.0,0.0,0.0,23
2023-05-09 23:42:00,ag2312P5400,ag2312P5400,235.5,0.0,0.0,0.0,2,196.5,718.5,2,235.5,0.0,0.0,0.0,0.0,0.0,23
2023-05-09 23:42:01,ag2312P5400,ag2312P5400,235.5,0.0,0.0,0.0,2,196.5,717.0,1,235.5,0.0,0.0,0.0,0.0,0.0,23
2023-05-09 23:42:01,ag2312P5400,ag2312P5400,235.5,0.0,0.0,0.0,2,196.5,717.0,1,235.5,0.0,0.0,0.0,0.0,0.0,23
2023-05-09 23:42:02,ag2312P5400,ag2312P5400,235.5,0.0,0.0,0.0,2,196.5,716.5,2,235.5,0.0,0.0,0.0,0.0,0.0,23
2023-05-09 23:42:02,ag2312P5400,ag2312P5400,235.5,0.0,0.0,0.0,2,196.5,715.0,1,235.5,0.0,0.0,0.0,0.0,0.0,23
2023-05-09 23:42:03,ag2312P5400,ag2312P5400,235.5,0.0,0.0,0.0,2,196.5,715.0,1,235.5,0.0,0.0,0.0,0.0,0.0,23
2023-05-09 23:42:03,ag2312P5400,ag2312P5400,235.5,0.0,0.0,0.0,2,196.5,714.5,2,235.5,0.0,0.0,0.0,0.0,0.0,23
2023-05-09 23:42:04,ag2312P5400,ag2312P5400,235.5,0.0,0.0,0.0,2,196.5,713.0,1,235.5,0.0,0.0,0.0,0.0,0.0,23
2023-05-09 23:42:04,ag2312P5400,ag2312P5400,235.5,0.0,0.0,0.0,2,196.5,713.0,1,235.5,0.0,0.0,0.0,0.0,0.0,23
2023-05-09 23:42:05,ag2312P5400,ag2312P5400,235.5,0.0,0.0,0.0,2,196.5,712.5,2,235.5,0.0,0.0,0.0,0.0,0.0,23
2023-05-09 23:42:05,ag2312P5400,ag2312P5400,235.5,0.0,0.0,0.0,2,196.5,711.0,1,235.5,0.0,0.0,0.0,0.0,0.0,23
2023-05-09 23:42:06,ag2312P5400,ag2312P5400,235.5,0.0,0.0,0.0,2,196.5,711.0,1,235.5,0.0,0.0,0.0,0.0,0.0,23
2023-05-09 23:42:06,ag2312P5400,ag2312P5400,235.5,0.0,0.0,0.0,2,196.5,710.5,2,235.5,0.0,0.0,0.0,0.0,0.0,23
2023-05-09 23:42:07,ag2312P5400,ag2312P5400,235.5,0.0,0.0,0.0,2,196.5,709.0,1,235.5,0.0,0.0,0.0,0.0,0.0,23
2023-05-09 23:42:07,ag2312P5400,ag2312P5400,235.5,0.0,0.0,0.0,2,196.5,709.0,1,235.5,0.0,0.0,0.0,0.0,0.0,23
2023-05-09 23:42:08,ag2312P5400,ag2312P5400,235.5,0.0,0.0,0.0,2,196.5,708.5,2,235.5,0.0,0.0,0.0,0.0,0.0,23
2023-05-09 23:42:08,ag2312P5400,ag2312P5400,235.5,0.0,0.0,0.0,2,196.5,707.0,1,235.5,0.0,0.0,0.0,0.0,0.0,23
2023-05-09 23:42:09,ag2312P5400,ag2312P5400,235.5,0.0,0.0,0.0,2,196.5,707.0,1,235.5,0.0,0.0,0.0,0.0,0.0,23
2023-05-09 23:42:09,ag2312P5400,ag2312P5400,235.5,0.0,0.0,0.0,2,196.5,706.5,2,235.5,0.0,0.0,0.0,0.0,0.0,23
2023-05-09 23:42:10,ag2312P5400,ag2312P5400,235.5,0.0,0.0,0.0,2,196.5,705.0,1,235.5,0.0,0.0,0.0,0.0,0.0,23
2023-05-09 23:42:10,ag2312P5400,ag2312P5400,235.5,0.0,0.0,0.0,2,196.5,705.0,1,235.5,0.0,0.0,0.0,0.0,0.0,23
2023-05-09 23:42:11,ag2312P5400,ag2312P5400,235.5,0.0,0.0,0.0,2,196.5,704.5,2,235.5,0.0,0.0,0.0,0.0,0.0,23
2023-05-09 23:42:11,ag2312P5400,ag2312P5400,235.5,0.0,0.0,0.0,2,196.5,703.0,1,235.5,0.0,0.0,0.0,0.0,0.0,23
2023-05-09 23:42:12,ag2312P5400,ag2312P5400,235.5,0.0,0.0,0.0,2,196.5,703.0,1,235.5,0.0,0.0,0.0,0.0,0.0,23
2023-05-09 23:42:12,ag2312P5400,ag2312P5400,235.5,0.0,0.0,0.0,2,196.5,702.5,2,235.5,0.0,0.0,0.0,0.0,0.0,23
2023-05-09 23:42:13,ag2312P5400,ag2312P5400,235.5,0.0,0.0,0.0,2,196.5,701.0,1,235.5,0.0,0.0,0.0,0.0,0.0,23
2023-05-09 23:42:13,ag2312P5400,ag2312P5400,235.5,0.0,0.0,0.0,2,196.5,700.5,2,235.5,0.0,0.0,0.0,0.0,0.0,23
2023-05-09 23:42:14,ag2312P5400,ag2312P5400,235.5,0.0,0.0,0.0,2,196.5,699.0,1,235.5,0.0,0.0,0.0,0.0,0.0,23
2023-05-09 23:42:14,ag2312P5400,ag2312P5400,235.5,0.0,0.0,0.0,2,196.5,699.0,1,235.5,0.0,0.0,0.0,0.0,0.0,23
2023-05-09 23:42:15,ag2312P5400,ag2312P5400,235.5,0.0,0.0,0.0,2,196.5,698.5,2,235.5,0.0,0.0,0.0,0.0,0.0,23
2023-05-09 23:42:15,ag2312P5400,ag2312P5400,235.5,0.0,0.0,0.0,2,196.5,697.0,1,235.5,0.0,0.0,0.0,0.0,0.0,23
2023-05-09 23:42:16,ag2312P5400,ag2312P5400,235.5,0.0,0.0,0.0,2,196.5,697.0,1,235.5,0.0,0.0,0.0,0.0,0.0,23
2023-05-09 23:42:16,ag2312P5400,ag2312P5400,235.5,0.0,0.0,0.0,2,196.5,696.5,2,235.5,0.0,0.0,0.0,0.0,0.0,23
2023-05-09 23:42:17,ag2312P5400,ag2312P5400,235.5,0.0,0.0,0.0,2,196.5,695.0,1,235.5,0.0,0.0,0.0,0.0,0.0,23
2023-05-09 23:42:17,ag2312P5400,ag2312P5400,235.5,0.0,0.0,0.0,2,196.5,695.0,1,235.5,0.0,0.0,0.0,0.0,0.0,23
2023-05-09 23:42:18,ag2312P5400,ag2312P5400,235.5,0.0,0.0,0.0,2,196.5,694.5,2,235.5,0.0,0.0,0.0,0.0,0.0,23
2023-05-09 23:42:18,ag2312P5400,ag2312P5400,235.5,0.0,0.0,0.0,2,196.5,693.0,1,235.5,0.0,0.0,0.0,0.0,0.0,23
2023-05-09 23:42:19,ag2312P5400,ag2312P5400,235.5,0.0,0.0,0.0,2,196.5,693.0,1,235.5,0.0,0.0,0.0,0.0,0.0,23
2023-05-09 23:42:19,ag2312P5400,ag2312P5400,235.5,0.0,0.0,0.0,2,196.5,692.5,2,235.5,0.0,0.0,0.0,0.0,0.0,23
2023-05-09 23:42:20,ag2312P5400,ag2312P5400,235.5,0.0,0.0,0.0,2,196.5,691.0,1,235.5,0.0,0.0,0.0,0.0,0.0,23
2023-05-09 23:42:20,ag2312P5400,ag2312P5400,235.5,0.0,0.0,0.0,2,196.5,691.0,1,235.5,0.0,0.0,0.0,0.0,0.0,23
2023-05-09 23:42:21,ag2312P5400,ag2312P5400,235.5,0.0,0.0,0.0,2,196.5,690.5,2,235.5,0.0,0.0,0.0,0.0,0.0,23
2023-05-09 23:42:21,ag2312P5400,ag2312P5400,235.5,0.0,0.0,0.0,2,196.5,689.0,1,235.5,0.0,0.0,0.0,0.0,0.0,23
2023-05-09 23:42:22,ag2312P5400,ag2312P5400,235.5,0.0,0.0,0.0,2,196.5,689.0,1,235.5,0.0,0.0,0.0,0.0,0.0,23
2023-05-09 23:42:22,ag2312P5400,ag2312P5400,235.5,0.0,0.0,0.0,2,196.5,688.5,2,235.5,0.0,0.0,0.0,0.0,0.0,23
2023-05-09 23:42:23,ag2312P5400,ag2312P5400,235.5,0.0,0.0,0.0,2,196.5,687.0,1,235.5,0.0,0.0,0.0,0.0,0.0,23
2023-05-09 23:42:23,ag2312P5400,ag2312P5400,235.5,0.0,0.0,0.0,2,196.5,687.0,1,235.5,0.0,0.0,0.0,0.0,0.0,23
2023-05-09 23:42:24,ag2312P5400,ag2312P5400,235.5,0.0,0.0,0.0,2,196.5,686.5,2,235.5,0.0,0.0,0.0,0.0,0.0,23
2023-05-09 23:42:24,ag2312P5400,ag2312P5400,235.5,0.0,0.0,0.0,2,196.5,685.0,1,235.5,0.0,0.0,0.0,0.0,0.0,23
2023-05-09 23:42:25,ag2312P5400,ag2312P5400,235.5,0.0,0.0,0.0,2,196.5,685.0,1,235.5,0.0,0.0,0.0,0.0,0.0,23
2023-05-09 23:42:25,ag2312P5400,ag2312P5400,235.5,0.0,0.0,0.0,2,196.5,684.5,2,235.5,0.0,0.0,0.0,0.0,0.0,23
2023-05-09 23:42:26,ag2312P5400,ag2312P5400,235.5,0.0,0.0,0.0,2,196.5,683.0,1,235.5,0.0,0.0,0.0,0.0,0.0,23
2023-05-09 23:42:26,ag2312P5400,ag2312P5400,235.5,0.0,0.0,0.0,2,196.5,683.0,1,235.5,0.0,0.0,0.0,0.0,0.0,23
2023-05-09 23:42:27,ag2312P5400,ag2312P5400,235.5,0.0,0.0,0.0,2,196.5,682.5,2,235.5,0.0,0.0,0.0,0.0,0.0,23
2023-05-09 23:42:27,ag2312P5400,ag2312P5400,235.5,0.0,0.0,0.0,2,196.5,681.0,1,235.5,0.0,0.0,0.0,0.0,0.0,23
2023-05-09 23:42:28,ag2312P5400,ag2312P5400,235.5,0.0,0.0,0.0,2,196.5,681.0,1,235.5,0.0,0.0,0.0,0.0,0.0,23
2023-05-09 23:42:28,ag2312P5400,ag2312P5400,235.5,0.0,0.0,0.0,2,196.5,680.5,2,235.5,0.0,0.0,0.0,0.0,0.0,23
2023-05-09 23:42:29,ag2312P5400,ag2312P5400,235.5,0.0,0.0,0.0,2,196.5,679.0,1,235.5,0.0,0.0,0.0,0.0,0.0,23
2023-05-09 23:42:29,ag2312P5400,ag2312P5400,235.5,0.0,0.0,0.0,2,196.5,679.0,1,235.5,0.0,0.0,0.0,0.0,0.0,23
2023-05-09 23:42:30,ag2312P5400,ag2312P5400,235.5,0.0,0.0,0.0,2,196.5,678.5,2,235.5,0.0,0.0,0.0,0.0,0.0,23
2023-05-09 23:42:30,ag2312P5400,ag2312P5400,235.5,0.0,0.0,0.0,2,196.5,677.0,1,235.5,0.0,0.0,0.0,0.0,0.0,23
2023-05-09 23:42:31,ag2312P5400,ag2312P5400,235.5,0.0,0.0,0.0,2,196.5,677.0,1,235.5,0.0,0.0,0.0,0.0,0.0,23
2023-05-09 23:42:31,ag2312P5400,ag2312P5400,235.5,0.0,0.0,0.0,2,196.5,676.5,2,235.5,0.0,0.0,0.0,0.0,0.0,23
2023-05-09 23:42:32,ag2312P5400,ag2312P5400,235.5,0.0,0.0,0.0,2,196.5,675.0,1,235.5,0.0,0.0,0.0,0.0,0.0,23
2023-05-09 23:42:32,ag2312P5400,ag2312P5400,235.5,0.0,0.0,0.0,2,196.5,675.0,1,235.5,0.0,0.0,0.0,0.0,0.0,23
2023-05-09 23:42:33,ag2312P5400,ag2312P5400,235.5,0.0,0.0,0.0,2,196.5,674.5,2,235.5,0.0,0.0,0.0,0.0,0.0,23
2023-05-09 23:42:33,ag2312P5400,ag2312P5400,235.5,0.0,0.0,0.0,2,196.5,673.0,1,235.5,0.0,0.0,0.0,0.0,0.0,23
2023-05-09 23:42:34,ag2312P5400,ag2312P5400,235.5,0.0,0.0,0.0,2,196.5,673.0,1,235.5,0.0,0.0,0.0,0.0,0.0,23
2023-05-09 23:42:34,ag2312P5400,ag2312P5400,235.5,0.0,0.0,0.0,2,196.5,672.5,2,235.5,0.0,0.0,0.0,0.0,0.0,23
2023-05-09 23:42:35,ag2312P5400,ag2312P5400,235.5,0.0,0.0,0.0,2,196.5,671.0,1,235.5,0.0,0.0,0.0,0.0,0.0,23
2023-05-09 23:42:35,ag2312P5400,ag2312P5400,235.5,0.0,0.0,0.0,2,196.5,671.0,1,235.5,0.0,0.0,0.0,0.0,0.0,23
2023-05-09 23:42:36,ag2312P5400,ag2312P5400,235.5,0.0,0.0,0.0,2,196.5,670.5,2,235.5,0.0,0.0,0.0,0.0,0.0,23
2023-05-09 23:42:36,ag2312P5400,ag2312P5400,235.5,0.0,0.0,0.0,2,196.5,669.0,1,235.5,0.0,0.0,0.0,0.0,0.0,23
2023-05-09 23:42:37,ag2312P5400,ag2312P5400,235.5,0.0,0.0,0.0,2,196.5,669.0,1,235.5,0.0,0.0,0.0,0.0,0.0,23
2023-05-09 23:42:37,ag2312P5400,ag2312P5400,235.5,0.0,0.0,0.0,2,196.5,668.5,2,235.5,0.0,0.0,0.0,0.0,0.0,23
2023-05-09 23:42:38,ag2312P5400,ag2312P5400,235.5,0.0,0.0,0.0,2,196.5,667.0,1,235.5,0.0,0.0,0.0,0.0,0.0,23
2023-05-09 23:42:38,ag2312P5400,ag2312P5400,235.5,0.0,0.0,0.0,2,196.5,667.0,1,235.5,0.0,0.0,0.0,0.0,0.0,23
2023-05-09 23:42:39,ag2312P5400,ag2312P5400,235.5,0.0,0.0,0.0,2,196.5,666.5,2,235.5,0.0,0.0,0.0,0.0,0.0,23
2023-05-09 23:42:39,ag2312P5400,ag2312P5400,235.5,0.0,0.0,0.0,2,196.5,665.0,1,235.5,0.0,0.0,0.0,0.0,0.0,23
2023-05-09 23:42:40,ag2312P5400,ag2312P5400,235.5,0.0,0.0,0.0,2,196.5,665.0,1,235.5,0.0,0.0,0.0,0.0,0.0,23
2023-05-09 23:42:40,ag2312P5400,ag2312P5400,235.5,0.0,0.0,0.0,2,196.5,664.5,2,235.5,0.0,0.0,0.0,0.0,0.0,23
2023-05-09 23:42:41,ag2312P5400,ag2312P5400,235.5,0.0,0.0,0.0,2,196.5,663.0,1,235.5,0.0,0.0,0.0,0.0,0.0,23
2023-05-09 23:42:41,ag2312P5400,ag2312P5400,235.5,0.0,0.0,0.0,2,196.5,663.0,1,235.5,0.0,0.0,0.0,0.0,0.0,23
2023-05-09 23:42:42,ag2312P5400,ag2312P5400,235.5,0.0,0.0,0.0,2,196.5,662.5,2,235.5,0.0,0.0,0.0,0.0,0.0,23
2023-05-09 23:42:42,ag2312P5400,ag2312P5400,235.5,0.0,0.0,0.0,2,196.5,661.0,1,235.5,0.0,0.0,0.0,0.0,0.0,23
2023-05-09 23:42:43,ag2312P5400,ag2312P5400,235.5,0.0,0.0,0.0,2,196.5,661.0,1,235.5,0.0,0.0,0.0,0.0,0.0,23
2023-05-09 23:42:43,ag2312P5400,ag2312P5400,235.5,0.0,0.0,0.0,2,196.5,660.5,2,235.5,0.0,0.0,0.0,0.0,0.0,23
2023-05-09 23:42:44,ag2312P5400,ag2312P5400,235.5,0.0,0.0,0.0,2,196.5,659.0,1,235.5,0.0,0.0,0.0,0.0,0.0,23
2023-05-09 23:42:44,ag2312P5400,ag2312P5400,235.5,0.0,0.0,0.0,2,196.5,659.0,1,235.5,0.0,0.0,0.0,0.0,0.0,23
2023-05-09 23:42:45,ag2312P5400,ag2312P5400,235.5,0.0,0.0,0.0,2,196.5,658.5,2,235.5,0.0,0.0,0.0,0.0,0.0,23
2023-05-09 23:42:45,ag2312P5400,ag2312P5400,235.5,0.0,0.0,0.0,2,196.5,657.0,1,235.5,0.0,0.0,0.0,0.0,0.0,23
2023-05-09 23:42:46,ag2312P5400,ag2312P5400,235.5,0.0,0.0,0.0,2,196.5,657.0,1,235.5,0.0,0.0,0.0,0.0,0.0,23
2023-05-09 23:42:46,ag2312P5400,ag2312P5400,235.5,0.0,0.0,0.0,2,196.5,656.5,2,235.5,0.0,0.0,0.0,0.0,0.0,23
2023-05-09 23:42:47,ag2312P5400,ag2312P5400,235.5,0.0,0.0,0.0,2,196.5,655.0,1,235.5,0.0,0.0,0.0,0.0,0.0,23
2023-05-09 23:42:47,ag2312P5400,ag2312P5400,235.5,0.0,0.0,0.0,2,196.5,655.0,1,235.5,0.0,0.0,0.0,0.0,0.0,23
2023-05-09 23:42:48,ag2312P5400,ag2312P5400,235.5,0.0,0.0,0.0,2,196.5,654.5,2,235.5,0.0,0.0,0.0,0.0,0.0,23
2023-05-09 23:42:48,ag2312P5400,ag2312P5400,235.5,0.0,0.0,0.0,2,196.5,653.0,1,235.5,0.0,0.0,0.0,0.0,0.0,23
2023-05-09 23:42:49,ag2312P5400,ag2312P5400,235.5,0.0,0.0,0.0,2,196.5,653.0,1,235.5,0.0,0.0,0.0,0.0,0.0,23
2023-05-09 23:42:49,ag2312P5400,ag2312P5400,235.5,0.0,0.0,0.0,2,196.5,652.5,2,235.5,0.0,0.0,0.0,0.0,0.0,23
2023-05-09 23:42:50,ag2312P5400,ag2312P5400,235.5,0.0,0.0,0.0,2,196.5,651.0,1,235.5,0.0,0.0,0.0,0.0,0.0,23
2023-05-09 23:42:50,ag2312P5400,ag2312P5400,235.5,0.0,0.0,0.0,2,196.5,651.0,1,235.5,0.0,0.0,0.0,0.0,0.0,23
2023-05-09 23:42:51,ag2312P5400,ag2312P5400,235.5,0.0,0.0,0.0,2,196.5,650.5,2,235.5,0.0,0.0,0.0,0.0,0.0,23
2023-05-09 23:42:51,ag2312P5400,ag2312P5400,235.5,0.0,0.0,0.0,2,196.5,649.0,1,235.5,0.0,0.0,0.0,0.0,0.0,23
2023-05-09 23:42:52,ag2312P5400,ag2312P5400,235.5,0.0,0.0,0.0,2,196.5,649.0,1,235.5,0.0,0.0,0.0,0.0,0.0,23
2023-05-09 23:42:52,ag2312P5400,ag2312P5400,235.5,0.0,0.0,0.0,2,196.5,648.5,2,235.5,0.0,0.0,0.0,0.0,0.0,23
2023-05-09 23:42:53,ag2312P5400,ag2312P5400,235.5,0.0,0.0,0.0,2,196.5,647.0,1,235.5,0.0,0.0,0.0,0.0,0.0,23
2023-05-09 23:42:53,ag2312P5400,ag2312P5400,235.5,0.0,0.0,0.0,2,196.5,647.0,1,235.5,0.0,0.0,0.0,0.0,0.0,23
2023-05-09 23:42:54,ag2312P5400,ag2312P5400,235.5,0.0,0.0,0.0,2,196.5,646.5,2,235.5,0.0,0.0,0.0,0.0,0.0,23
2023-05-09 23:42:54,ag2312P5400,ag2312P5400,235.5,0.0,0.0,0.0,2,196.5,645.0,1,235.5,0.0,0.0,0.0,0.0,0.0,23
2023-05-09 23:42:55,ag2312P5400,ag2312P5400,235.5,0.0,0.0,0.0,2,196.5,645.0,1,235.5,0.0,0.0,0.0,0.0,0.0,23
2023-05-09 23:42:55,ag2312P5400,ag2312P5400,235.5,0.0,0.0,0.0,2,196.5,644.5,2,235.5,0.0,0.0,0.0,0.0,0.0,23
2023-05-09 23:42:56,ag2312P5400,ag2312P5400,235.5,0.0,0.0,0.0,2,196.5,643.0,1,235.5,0.0,0.0,0.0,0.0,0.0,23
2023-05-09 23:42:56,ag2312P5400,ag2312P5400,235.5,0.0,0.0,0.0,2,196.5,643.0,1,235.5,0.0,0.0,0.0,0.0,0.0,23
2023-05-09 23:42:57,ag2312P5400,ag2312P5400,235.5,0.0,0.0,0.0,2,196.5,642.5,2,235.5,0.0,0.0,0.0,0.0,0.0,23
2023-05-09 23:42:57,ag2312P5400,ag2312P5400,235.5,0.0,0.0,0.0,2,196.5,641.0,1,235.5,0.0,0.0,0.0,0.0,0.0,23
2023-05-09 23:42:58,ag2312P5400,ag2312P5400,235.5,0.0,0.0,0.0,2,196.5,641.0,1,235.5,0.0,0.0,0.0,0.0,0.0,23
2023-05-09 23:42:58,ag2312P5400,ag2312P5400,235.5,0.0,0.0,0.0,2,196.5,640.5,2,235.5,0.0,0.0,0.0,0.0,0.0,23
2023-05-09 23:42:59,ag2312P5400,ag2312P5400,235.5,0.0,0.0,0.0,2,196.5,639.0,1,235.5,0.0,0.0,0.0,0.0,0.0,23
2023-05-09 23:42:59,ag2312P5400,ag2312P5400,235.5,0.0,0.0,0.0,2,196.5,639.0,1,235.5,0.0,0.0,0.0,0.0,0.0,23
2023-05-09 23:43:00,ag2312P5400,ag2312P5400,235.5,0.0,0.0,0.0,2,196.5,638.5,2,235.5,0.0,0.0,0.0,0.0,0.0,23
2023-05-09 23:43:00,ag2312P5400,ag2312P5400,235.5,0.0,0.0,0.0,2,196.5,637.0,1,235.5,0.0,0.0,0.0,0.0,0.0,23
2023-05-09 23:43:01,ag2312P5400,ag2312P5400,235.5,0.0,0.0,0.0,2,196.5,637.0,1,235.5,0.0,0.0,0.0,0.0,0.0,23
2023-05-09 23:43:01,ag2312P5400,ag2312P5400,235.5,0.0,0.0,0.0,2,196.5,636.5,2,235.5,0.0,0.0,0.0,0.0,0.0,23
2023-05-09 23:43:02,ag2312P5400,ag2312P5400,235.5,0.0,0.0,0.0,2,196.5,635.0,1,235.5,0.0,0.0,0.0,0.0,0.0,23
2023-05-09 23:43:02,ag2312P5400,ag2312P5400,235.5,0.0,0.0,0.0,2,196.5,635.0,1,235.5,0.0,0.0,0.0,0.0,0.0,23
2023-05-09 23:43:03,ag2312P5400,ag2312P5400,235.5,0.0,0.0,0.0,2,196.5,634.5,2,235.5,0.0,0.0,0.0,0.0,0.0,23
2023-05-09 23:43:03,ag2312P5400,ag2312P5400,235.5,0.0,0.0,0.0,2,196.5,633.0,1,235.5,0.0,0.0,0.0,0.0,0.0,23
2023-05-09 23:43:04,ag2312P5400,ag2312P5400,235.5,0.0,0.0,0.0,2,196.5,633.0,1,235.5,0.0,0.0,0.0,0.0,0.0,23
2023-05-09 23:43:04,ag2312P5400,ag2312P5400,235.5,0.0,0.0,0.0,2,196.5,632.5,2,235.5,0.0,0.0,0.0,0.0,0.0,23
2023-05-09 23:43:05,ag2312P5400,ag2312P5400,235.5,0.0,0.0,0.0,2,196.5,631.0,1,235.5,0.0,0.0,0.0,0.0,0.0,23
2023-05-09 23:43:05,ag2312P5400,ag2312P5400,235.5,0.0,0.0,0.0,2,196.5,631.0,1,235.5,0.0,0.0,0.0,0.0,0.0,23
2023-05-09 23:43:06,ag2312P5400,ag2312P5400,235.5,0.0,0.0,0.0,2,196.5,630.5,2,235.5,0.0,0.0,0.0,0.0,0.0,23
2023-05-09 23:43:06,ag2312P5400,ag2312P5400,235.5,0.0,0.0,0.0,2,196.5,629.0,1,235.5,0.0,0.0,0.0,0.0,0.0,23
2023-05-09 23:43:07,ag2312P5400,ag2312P5400,235.5,0.0,0.0,0.0,2,196.5,629.0,1,235.5,0.0,0.0,0.0,0.0,0.0,23
2023-05-09 23:43:07,ag2312P5400,ag2312P5400,235.5,0.0,0.0,0.0,2,196.5,628.5,2,235.5,0.0,0.0,0.0,0.0,0.0,23
2023-05-09 23:43:08,ag2312P5400,ag2312P5400,235.5,0.0,0.0,0.0,2,196.5,627.0,1,235.5,0.0,0.0,0.0,0.0,0.0,23
2023-05-09 23:43:08,ag2312P5400,ag2312P5400,235.5,0.0,0.0,0.0,2,196.5,627.0,1,235.5,0.0,0.0,0.0,0.0,0.0,23
2023-05-09 23:43:09,ag2312P5400,ag2312P5400,235.5,0.0,0.0,0.0,2,196.5,626.5,2,235.5,0.0,0.0,0.0,0.0,0.0,23
2023-05-09 23:43:09,ag2312P5400,ag2312P5400,235.5,0.0,0.0,0.0,2,196.5,625.0,1,235.5,0.0,0.0,0.0,0.0,0.0,23
2023-05-09 23:43:10,ag2312P5400,ag2312P5400,235.5,0.0,0.0,0.0,2,196.5,625.0,1,235.5,0.0,0.0,0.0,0.0,0.0,23
2023-05-09 23:43:10,ag2312P5400,ag2312P5400,235.5,0.0,0.0,0.0,2,196.5,624.5,2,235.5,0.0,0.0,0.0,0.0,0.0,23
2023-05-09 23:43:11,ag2312P5400,ag2312P5400,235.5,0.0,0.0,0.0,2,196.5,623.0,1,235.5,0.0,0.0,0.0,0.0,0.0,23
2023-05-09 23:43:11,ag2312P5400,ag2312P5400,235.5,0.0,0.0,0.0,2,196.5,623.0,1,235.5,0.0,0.0,0.0,0.0,0.0,23
2023-05-09 23:43:12,ag2312P5400,ag2312P5400,235.5,0.0,0.0,0.0,2,196.5,622.5,2,235.5,0.0,0.0,0.0,0.0,0.0,23
2023-05-09 23:43:12,ag2312P5400,ag2312P5400,235.5,0.0,0.0,0.0,2,196.5,621.0,1,235.5,0.0,0.0,0.0,0.0,0.0,23
2023-05-09 23:43:13,ag2312P5400,ag2312P5400,235.5,0.0,0.0,0.0,2,196.5,621.0,1,235.5,0.0,0.0,0.0,0.0,0.0,23
2023-05-09 23:43:13,ag2312P5400,ag2312P5400,235.5,0.0,0.0,0.0,2,196.5,620.5,2,235.5,0.0,0.0,0.0,0.0,0.0,23
2023-05-09 23:43:14,ag2312P5400,ag2312P5400,235.5,0.0,0.0,0.0,2,196.5,619.0,1,235.5,0.0,0.0,0.0,0.0,0.0,23
2023-05-09 23:43:14,ag2312P5400,ag2312P5400,235.5,0.0,0.0,0.0,2,196.5,619.0,1,235.5,0.0,0.0,0.0,0.0,0.0,23
2023-05-09 23:43:15,ag2312P5400,ag2312P5400,235.5,0.0,0.0,0.0,2,196.5,618.5,2,235.5,0.0,0.0,0.0,0.0,0.0,23
2023-05-09 23:43:15,ag2312P5400,ag2312P5400,235.5,0.0,0.0,0.0,2,196.5,617.0,1,235.5,0.0,0.0,0.0,0.0,0.0,23
2023-05-09 23:43:16,ag2312P5400,ag2312P5400,235.5,0.0,0.0,0.0,2,196.5,617.0,1,235.5,0.0,0.0,0.0,0.0,0.0,23
2023-05-09 23:43:16,ag2312P5400,ag2312P5400,235.5,0.0,0.0,0.0,2,196.5,616.5,2,235.5,0.0,0.0,0.0,0.0,0.0,23
2023-05-09 23:43:17,ag2312P5400,ag2312P5400,235.5,0.0,0.0,0.0,2,196.5,615.0,1,235.5,0.0,0.0,0.0,0.0,0.0,23
2023-05-09 23:43:17,ag2312P5400,ag2312P5400,235.5,0.0,0.0,0.0,2,196.5,615.0,1,235.5,0.0,0.0,0.0,0.0,0.0,23
2023-05-09 23:43:18,ag2312P5400,ag2312P5400,235.5,0.0,0.0,0.0,2,196.5,614.5,2,235.5,0.0,0.0,0.0,0.0,0.0,23
2023-05-09 23:43:18,ag2312P5400,ag2312P5400,235.5,0.0,0.0,0.0,2,196.5,613.0,1,235.5,0.0,0.0,0.0,0.0,0.0,23
2023-05-09 23:43:19,ag2312P5400,ag2312P5400,235.5,0.0,0.0,0.0,2,196.5,613.0,1,235.5,0.0,0.0,0.0,0.0,0.0,23
2023-05-09 23:43:19,ag2312P5400,ag2312P5400,235.5,0.0,0.0,0.0,2,196.5,612.5,2,235.5,0.0,0.0,0.0,0.0,0.0,23
2023-05-09 23:43:20,ag2312P5400,ag2312P5400,235.5,0.0,0.0,0.0,2,196.5,611.0,1,235.5,0.0,0.0,0.0,0.0,0.0,23
2023-05-09 23:43:20,ag2312P5400,ag2312P5400,235.5,0.0,0.0,0.0,2,196.5,611.0,1,235.5,0.0,0.0,0.0,0.0,0.0,23
2023-05-09 23:43:21,ag2312P5400,ag2312P5400,235.5,0.0,0.0,0.0,2,196.5,610.5,2,235.5,0.0,0.0,0.0,0.0,0.0,23
2023-05-09 23:43:21,ag2312P5400,ag2312P5400,235.5,0.0,0.0,0.0,2,196.5,609.0,1,235.5,0.0,0.0,0.0,0.0,0.0,23
2023-05-09 23:43:22,ag2312P5400,ag2312P5400,235.5,0.0,0.0,0.0,2,196.5,609.0,1,235.5,0.0,0.0,0.0,0.0,0.0,23
2023-05-09 23:43:22,ag2312P5400,ag2312P5400,235.5,0.0,0.0,0.0,2,196.5,608.5,2,235.5,0.0,0.0,0.0,0.0,0.0,23
2023-05-09 23:43:23,ag2312P5400,ag2312P5400,235.5,0.0,0.0,0.0,2,196.5,607.0,1,235.5,0.0,0.0,0.0,0.0,0.0,23
2023-05-09 23:43:23,ag2312P5400,ag2312P5400,235.5,0.0,0.0,0.0,2,196.5,607.0,1,235.5,0.0,0.0,0.0,0.0,0.0,23
2023-05-09 23:43:24,ag2312P5400,ag2312P5400,235.5,0.0,0.0,0.0,2,196.5,606.5,2,235.5,0.0,0.0,0.0,0.0,0.0,23
2023-05-09 23:43:24,ag2312P5400,ag2312P5400,235.5,0.0,0.0,0.0,2,196.5,605.0,1,235.5,0.0,0.0,0.0,0.0,0.0,23
2023-05-09 23:43:25,ag2312P5400,ag2312P5400,235.5,0.0,0.0,0.0,2,196.5,605.0,1,235.5,0.0,0.0,0.0,0.0,0.0,23
2023-05-09 23:43:25,ag2312P5400,ag2312P5400,235.5,0.0,0.0,0.0,2,196.5,604.5,2,235.5,0.0,0.0,0.0,0.0,0.0,23
2023-05-09 23:43:26,ag2312P5400,ag2312P5400,235.5,0.0,0.0,0.0,2,196.5,603.0,1,235.5,0.0,0.0,0.0,0.0,0.0,23
2023-05-09 23:43:26,ag2312P5400,ag2312P5400,235.5,0.0,0.0,0.0,2,196.5,603.0,1,235.5,0.0,0.0,0.0,0.0,0.0,23
2023-05-09 23:43:27,ag2312P5400,ag2312P5400,235.5,0.0,0.0,0.0,2,196.5,602.5,2,235.5,0.0,0.0,0.0,0.0,0.0,23
2023-05-09 23:43:27,ag2312P5400,ag2312P5400,235.5,0.0,0.0,0.0,2,196.5,601.0,1,235.5,0.0,0.0,0.0,0.0,0.0,23
2023-05-09 23:43:28,ag2312P5400,ag2312P5400,235.5,0.0,0.0,0.0,2,196.5,601.0,1,235.5,0.0,0.0,0.0,0.0,0.0,23
2023-05-09 23:43:28,ag2312P5400,ag2312P5400,235.5,0.0,0.0,0.0,2,196.5,600.5,2,235.5,0.0,0.0,0.0,0.0,0.0,23
2023-05-09 23:43:29,ag2312P5400,ag2312P5400,235.5,0.0,0.0,0.0,2,196.5,599.0,1,235.5,0.0,0.0,0.0,0.0,0.0,23
2023-05-09 23:43:29,ag2312P5400,ag2312P5400,235.5,0.0,0.0,0.0,2,196.5,599.0,1,235.5,0.0,0.0,0.0,0.0,0.0,23
2023-05-09 23:43:30,ag2312P5400,ag2312P5400,235.5,0.0,0.0,0.0,2,196.5,598.5,2,235.5,0.0,0.0,0.0,0.0,0.0,23
2023-05-09 23:43:30,ag2312P5400,ag2312P5400,235.5,0.0,0.0,0.0,2,196.5,597.0,1,235.5,0.0,0.0,0.0,0.0,0.0,23
2023-05-09 23:43:31,ag2312P5400,ag2312P5400,235.5,0.0,0.0,0.0,2,196.5,597.0,1,235.5,0.0,0.0,0.0,0.0,0.0,23
2023-05-09 23:43:31,ag2312P5400,ag2312P5400,235.5,0.0,0.0,0.0,2,196.5,596.5,2,235.5,0.0,0.0,0.0,0.0,0.0,23
2023-05-09 23:43:32,ag2312P5400,ag2312P5400,235.5,0.0,0.0,0.0,2,196.5,595.0,1,235.5,0.0,0.0,0.0,0.0,0.0,23
2023-05-09 23:43:32,ag2312P5400,ag2312P5400,235.5,0.0,0.0,0.0,2,196.5,595.0,1,235.5,0.0,0.0,0.0,0.0,0.0,23
2023-05-09 23:43:33,ag2312P5400,ag2312P5400,235.5,0.0,0.0,0.0,2,196.5,594.5,2,235.5,0.0,0.0,0.0,0.0,0.0,23
2023-05-09 23:43:33,ag2312P5400,ag2312P5400,235.5,0.0,0.0,0.0,2,196.5,593.0,1,235.5,0.0,0.0,0.0,0.0,0.0,23
2023-05-09 23:43:34,ag2312P5400,ag2312P5400,235.5,0.0,0.0,0.0,2,196.5,593.0,1,235.5,0.0,0.0,0.0,0.0,0.0,23
2023-05-09 23:43:34,ag2312P5400,ag2312P5400,235.5,0.0,0.0,0.0,2,196.5,592.5,2,235.5,0.0,0.0,0.0,0.0,0.0,23
2023-05-09 23:43:35,ag2312P5400,ag2312P5400,235.5,0.0,0.0,0.0,2,196.5,591.0,1,235.5,0.0,0.0,0.0,0.0,0.0,23
2023-05-09 23:43:35,ag2312P5400,ag2312P5400,235.5,0.0,0.0,0.0,2,196.5,591.0,1,235.5,0.0,0.0,0.0,0.0,0.0,23
2023-05-09 23:43:36,ag2312P5400,ag2312P5400,235.5,0.0,0.0,0.0,2,196.5,590.5,2,235.5,0.0,0.0,0.0,0.0,0.0,23
2023-05-09 23:43:36,ag2312P5400,ag2312P5400,235.5,0.0,0.0,0.0,2,196.5,589.0,1,235.5,0.0,0.0,0.0,0.0,0.0,23
2023-05-09 23:43:37,ag2312P5400,ag2312P5400,235.5,0.0,0.0,0.0,2,196.5,589.0,1,235.5,0.0,0.0,0.0,0.0,0.0,23
2023-05-09 23:43:37,ag2312P5400,ag2312P5400,235.5,0.0,0.0,0.0,2,196.5,588.5,2,235.5,0.0,0.0,0.0,0.0,0.0,23
2023-05-09 23:43:38,ag2312P5400,ag2312P5400,235.5,0.0,0.0,0.0,2,196.5,587.0,1,235.5,0.0,0.0,0.0,0.0,0.0,23
2023-05-09 23:43:38,ag2312P5400,ag2312P5400,235.5,0.0,0.0,0.0,2,196.5,587.0,1,235.5,0.0,0.0,0.0,0.0,0.0,23
2023-05-09 23:43:39,ag2312P5400,ag2312P5400,235.5,0.0,0.0,0.0,2,196.5,586.5,2,235.5,0.0,0.0,0.0,0.0,0.0,23
2023-05-09 23:43:39,ag2312P5400,ag2312P5400,235.5,0.0,0.0,0.0,2,196.5,585.0,1,235.5,0.0,0.0,0.0,0.0,0.0,23
2023-05-09 23:43:40,ag2312P5400,ag2312P5400,235.5,0.0,0.0,0.0,2,196.5,585.0,1,235.5,0.0,0.0,0.0,0.0,0.0,23
2023-05-09 23:43:40,ag2312P5400,ag2312P5400,235.5,0.0,0.0,0.0,2,196.5,584.5,2,235.5,0.0,0.0,0.0,0.0,0.0,23
2023-05-09 23:43:41,ag2312P5400,ag2312P5400,235.5,0.0,0.0,0.0,2,196.5,583.0,1,235.5,0.0,0.0,0.0,0.0,0.0,23
2023-05-09 23:43:41,ag2312P5400,ag2312P5400,235.5,0.0,0.0,0.0,2,196.5,583.0,1,235.5,0.0,0.0,0.0,0.0,0.0,23
2023-05-09 23:43:42,ag2312P5400,ag2312P5400,235.5,0.0,0.0,0.0,2,196.5,582.5,2,235.5,0.0,0.0,0.0,0.0,0.0,23
2023-05-09 23:43:42,ag2312P5400,ag2312P5400,235.5,0.0,0.0,0.0,2,196.5,581.0,1,235.5,0.0,0.0,0.0,0.0,0.0,23
2023-05-09 23:43:43,ag2312P5400,ag2312P5400,235.5,0.0,0.0,0.0,2,196.5,581.0,1,235.5,0.0,0.0,0.0,0.0,0.0,23
2023-05-09 23:43:43,ag2312P5400,ag2312P5400,235.5,0.0,0.0,0.0,2,196.5,580.5,2,235.5,0.0,0.0,0.0,0.0,0.0,23
2023-05-09 23:43:44,ag2312P5400,ag2312P5400,235.5,0.0,0.0,0.0,2,196.5,579.0,1,235.5,0.0,0.0,0.0,0.0,0.0,23
2023-05-09 23:43:44,ag2312P5400,ag2312P5400,235.5,0.0,0.0,0.0,2,196.5,579.0,1,235.5,0.0,0.0,0.0,0.0,0.0,23
2023-05-09 23:43:45,ag2312P5400,ag2312P5400,235.5,0.0,0.0,0.0,2,196.5,578.5,2,235.5,0.0,0.0,0.0,0.0,0.0,23
2023-05-09 23:43:45,ag2312P5400,ag2312P5400,235.5,0.0,0.0,0.0,2,196.5,577.0,1,235.5,0.0,0.0,0.0,0.0,0.0,23
2023-05-09 23:43:46,ag2312P5400,ag2312P5400,235.5,0.0,0.0,0.0,2,196.5,577.0,1,235.5,0.0,0.0,0.0,0.0,0.0,23
2023-05-09 23:43:46,ag2312P5400,ag2312P5400,235.5,0.0,0.0,0.0,2,196.5,576.5,2,235.5,0.0,0.0,0.0,0.0,0.0,23
2023-05-09 23:43:47,ag2312P5400,ag2312P5400,235.5,0.0,0.0,0.0,2,196.5,575.0,1,235.5,0.0,0.0,0.0,0.0,0.0,23
2023-05-09 23:43:47,ag2312P5400,ag2312P5400,235.5,0.0,0.0,0.0,2,196.5,575.0,1,235.5,0.0,0.0,0.0,0.0,0.0,23
2023-05-09 23:43:48,ag2312P5400,ag2312P5400,235.5,0.0,0.0,0.0,2,196.5,574.5,2,235.5,0.0,0.0,0.0,0.0,0.0,23
2023-05-09 23:43:48,ag2312P5400,ag2312P5400,235.5,0.0,0.0,0.0,2,196.5,573.0,1,235.5,0.0,0.0,0.0,0.0,0.0,23
2023-05-09 23:43:49,ag2312P5400,ag2312P5400,235.5,0.0,0.0,0.0,2,196.5,573.0,1,235.5,0.0,0.0,0.0,0.0,0.0,23
2023-05-09 23:43:49,ag2312P5400,ag2312P5400,235.5,0.0,0.0,0.0,2,196.5,572.5,2,235.5,0.0,0.0,0.0,0.0,0.0,23
2023-05-09 23:43:50,ag2312P5400,ag2312P5400,235.5,0.0,0.0,0.0,2,196.5,571.0,1,235.5,0.0,0.0,0.0,0.0,0.0,23
2023-05-09 23:43:50,ag2312P5400,ag2312P5400,235.5,0.0,0.0,0.0,2,196.5,571.0,1,235.5,0.0,0.0,0.0,0.0,0.0,23
2023-05-09 23:43:51,ag2312P5400,ag2312P5400,235.5,0.0,0.0,0.0,2,196.5,570.5,2,235.5,0.0,0.0,0.0,0.0,0.0,23
2023-05-09 23:43:51,ag2312P5400,ag2312P5400,235.5,0.0,0.0,0.0,2,196.5,569.0,1,235.5,0.0,0.0,0.0,0.0,0.0,23
2023-05-09 23:43:52,ag2312P5400,ag2312P5400,235.5,0.0,0.0,0.0,2,196.5,569.0,1,235.5,0.0,0.0,0.0,0.0,0.0,23
2023-05-09 23:43:52,ag2312P5400,ag2312P5400,235.5,0.0,0.0,0.0,2,196.5,568.5,2,235.5,0.0,0.0,0.0,0.0,0.0,23
2023-05-09 23:43:53,ag2312P5400,ag2312P5400,235.5,0.0,0.0,0.0,2,196.5,567.0,1,235.5,0.0,0.0,0.0,0.0,0.0,23
2023-05-09 23:43:53,ag2312P5400,ag2312P5400,235.5,0.0,0.0,0.0,2,196.5,567.0,1,235.5,0.0,0.0,0.0,0.0,0.0,23
2023-05-09 23:43:54,ag2312P5400,ag2312P5400,235.5,0.0,0.0,0.0,2,196.5,566.5,2,235.5,0.0,0.0,0.0,0.0,0.0,23
2023-05-09 23:43:54,ag2312P5400,ag2312P5400,235.5,0.0,0.0,0.0,2,196.5,565.0,1,235.5,0.0,0.0,0.0,0.0,0.0,23
2023-05-09 23:43:55,ag2312P5400,ag2312P5400,235.5,0.0,0.0,0.0,2,196.5,565.0,1,235.5,0.0,0.0,0.0,0.0,0.0,23
2023-05-09 23:43:55,ag2312P5400,ag2312P5400,235.5,0.0,0.0,0.0,2,196.5,564.5,2,235.5,0.0,0.0,0.0,0.0,0.0,23
2023-05-09 23:43:56,ag2312P5400,ag2312P5400,235.5,0.0,0.0,0.0,2,196.5,563.0,1,235.5,0.0,0.0,0.0,0.0,0.0,23
2023-05-09 23:43:56,ag2312P5400,ag2312P5400,235.5,0.0,0.0,0.0,2,196.5,563.0,1,235.5,0.0,0.0,0.0,0.0,0.0,23
2023-05-09 23:43:57,ag2312P5400,ag2312P5400,235.5,0.0,0.0,0.0,2,196.5,562.5,2,235.5,0.0,0.0,0.0,0.0,0.0,23
2023-05-09 23:43:57,ag2312P5400,ag2312P5400,235.5,0.0,0.0,0.0,2,196.5,561.0,1,235.5,0.0,0.0,0.0,0.0,0.0,23
2023-05-09 23:43:58,ag2312P5400,ag2312P5400,235.5,0.0,0.0,0.0,2,196.5,561.0,1,235.5,0.0,0.0,0.0,0.0,0.0,23
2023-05-09 23:43:58,ag2312P5400,ag2312P5400,235.5,0.0,0.0,0.0,2,196.5,560.5,2,235.5,0.0,0.0,0.0,0.0,0.0,23
2023-05-09 23:43:59,ag2312P5400,ag2312P5400,235.5,0.0,0.0,0.0,2,196.5,559.0,1,235.5,0.0,0.0,0.0,0.0,0.0,23
2023-05-09 23:43:59,ag2312P5400,ag2312P5400,235.5,0.0,0.0,0.0,2,196.5,559.0,1,235.5,0.0,0.0,0.0,0.0,0.0,23
2023-05-09 23:44:00,ag2312P5400,ag2312P5400,235.5,0.0,0.0,0.0,2,196.5,558.5,2,235.5,0.0,0.0,0.0,0.0,0.0,23
2023-05-09 23:44:00,ag2312P5400,ag2312P5400,235.5,0.0,0.0,0.0,2,196.5,557.0,1,235.5,0.0,0.0,0.0,0.0,0.0,23
2023-05-09 23:44:01,ag2312P5400,ag2312P5400,235.5,0.0,0.0,0.0,2,196.5,557.0,1,235.5,0.0,0.0,0.0,0.0,0.0,23
2023-05-09 23:44:01,ag2312P5400,ag2312P5400,235.5,0.0,0.0,0.0,2,196.5,556.5,2,235.5,0.0,0.0,0.0,0.0,0.0,23
2023-05-09 23:44:02,ag2312P5400,ag2312P5400,235.5,0.0,0.0,0.0,2,196.5,555.0,1,235.5,0.0,0.0,0.0,0.0,0.0,23
2023-05-09 23:44:02,ag2312P5400,ag2312P5400,235.5,0.0,0.0,0.0,2,196.5,555.0,1,235.5,0.0,0.0,0.0,0.0,0.0,23
2023-05-09 23:44:03,ag2312P5400,ag2312P5400,235.5,0.0,0.0,0.0,2,196.5,554.5,2,235.5,0.0,0.0,0.0,0.0,0.0,23
2023-05-09 23:44:03,ag2312P5400,ag2312P5400,235.5,0.0,0.0,0.0,2,196.5,553.0,1,235.5,0.0,0.0,0.0,0.0,0.0,23
2023-05-09 23:44:04,ag2312P5400,ag2312P5400,235.5,0.0,0.0,0.0,2,196.5,553.0,1,235.5,0.0,0.0,0.0,0.0,0.0,23
2023-05-09 23:44:04,ag2312P5400,ag2312P5400,235.5,0.0,0.0,0.0,2,196.5,552.5,2,235.5,0.0,0.0,0.0,0.0,0.0,23
2023-05-09 23:44:05,ag2312P5400,ag2312P5400,235.5,0.0,0.0,0.0,2,196.5,551.0,1,235.5,0.0,0.0,0.0,0.0,0.0,23
2023-05-09 23:44:05,ag2312P5400,ag2312P5400,235.5,0.0,0.0,0.0,2,196.5,551.0,1,235.5,0.0,0.0,0.0,0.0,0.0,23
2023-05-09 23:44:06,ag2312P5400,ag2312P5400,235.5,0.0,0.0,0.0,2,196.5,550.5,2,235.5,0.0,0.0,0.0,0.0,0.0,23
2023-05-09 23:44:06,ag2312P5400,ag2312P5400,235.5,0.0,0.0,0.0,2,196.5,549.0,1,235.5,0.0,0.0,0.0,0.0,0.0,23
2023-05-09 23:44:07,ag2312P5400,ag2312P5400,235.5,0.0,0.0,0.0,2,196.5,549.0,1,235.5,0.0,0.0,0.0,0.0,0.0,23
2023-05-09 23:44:07,ag2312P5400,ag2312P5400,235.5,0.0,0.0,0.0,2,196.5,548.5,2,235.5,0.0,0.0,0.0,0.0,0.0,23
2023-05-09 23:44:08,ag2312P5400,ag2312P5400,235.5,0.0,0.0,0.0,2,196.5,547.0,1,235.5,0.0,0.0,0.0,0.0,0.0,23
2023-05-09 23:44:08,ag2312P5400,ag2312P5400,235.5,0.0,0.0,0.0,2,196.5,547.0,1,235.5,0.0,0.0,0.0,0.0,0.0,23
2023-05-09 23:44:09,ag2312P5400,ag2312P5400,235.5,0.0,0.0,0.0,2,196.5,546.5,2,235.5,0.0,0.0,0.0,0.0,0.0,23
2023-05-09 23:44:09,ag2312P5400,ag2312P5400,235.5,0.0,0.0,0.0,2,196.5,545.0,1,235.5,0.0,0.0,0.0,0.0,0.0,23
2023-05-09 23:44:10,ag2312P5400,ag2312P5400,235.5,0.0,0.0,0.0,2,196.5,545.0,1,235.5,0.0,0.0,0.0,0.0,0.0,23
2023-05-09 23:44:10,ag2312P5400,ag2312P5400,235.5,0.0,0.0,0.0,2,196.5,544.5,2,235.5,0.0,0.0,0.0,0.0,0.0,23
2023-05-09 23:44:11,ag2312P5400,ag2312P5400,235.5,0.0,0.0,0.0,2,196.5,543.0,1,235.5,0.0,0.0,0.0,0.0,0.0,23
2023-05-09 23:44:11,ag2312P5400,ag2312P5400,235.5,0.0,0.0,0.0,2,196.5,543.0,1,235.5,0.0,0.0,0.0,0.0,0.0,23
2023-05-09 23:44:12,ag2312P5400,ag2312P5400,235.5,0.0,0.0,0.0,2,196.5,542.5,2,235.5,0.0,0.0,0.0,0.0,0.0,23
2023-05-09 23:44:12,ag2312P5400,ag2312P5400,235.5,0.0,0.0,0.0,2,196.5,541.0,1,235.5,0.0,0.0,0.0,0.0,0.0,23
2023-05-09 23:44:13,ag2312P5400,ag2312P5400,235.5,0.0,0.0,0.0,2,196.5,541.0,1,235.5,0.0,0.0,0.0,0.0,0.0,23
2023-05-09 23:44:13,ag2312P5400,ag2312P5400,235.5,0.0,0.0,0.0,2,196.5,540.5,2,235.5,0.0,0.0,0.0,0.0,0.0,23
2023-05-09 23:44:14,ag2312P5400,ag2312P5400,235.5,0.0,0.0,0.0,2,196.5,539.0,1,235.5,0.0,0.0,0.0,0.0,0.0,23
2023-05-09 23:44:14,ag2312P5400,ag2312P5400,235.5,0.0,0.0,0.0,2,196.5,539.0,1,235.5,0.0,0.0,0.0,0.0,0.0,23
2023-05-09 23:44:15,ag2312P5400,ag2312P5400,235.5,0.0,0.0,0.0,2,196.5,538.5,2,235.5,0.0,0.0,0.0,0.0,0.0,23
2023-05-09 23:44:15,ag2312P5400,ag2312P5400,235.5,0.0,0.0,0.0,2,196.5,537.0,1,235.5,0.0,0.0,0.0,0.0,0.0,23
2023-05-09 23:44:16,ag2312P5400,ag2312P5400,235.5,0.0,0.0,0.0,2,196.5,537.0,1,235.5,0.0,0.0,0.0,0.0,0.0,23
2023-05-09 23:44:16,ag2312P5400,ag2312P5400,235.5,0.0,0.0,0.0,2,196.5,536.5,2,235.5,0.0,0.0,0.0,0.0,0.0,23
2023-05-09 23:44:17,ag2312P5400,ag2312P5400,235.5,0.0,0.0,0.0,2,196.5,535.0,1,235.5,0.0,0.0,0.0,0.0,0.0,23
2023-05-09 23:44:17,ag2312P5400,ag2312P5400,235.5,0.0,0.0,0.0,2,196.5,535.0,1,235.5,0.0,0.0,0.0,0.0,0.0,23
2023-05-09 23:44:18,ag2312P5400,ag2312P5400,235.5,0.0,0.0,0.0,2,196.5,534.5,2,235.5,0.0,0.0,0.0,0.0,0.0,23
2023-05-09 23:44:18,ag2312P5400,ag2312P5400,235.5,0.0,0.0,0.0,2,196.5,533.0,1,235.5,0.0,0.0,0.0,0.0,0.0,23
2023-05-09 23:44:19,ag2312P5400,ag2312P5400,235.5,0.0,0.0,0.0,2,196.5,533.0,1,235.5,0.0,0.0,0.0,0.0,0.0,23
2023-05-09 23:44:19,ag2312P5400,ag2312P5400,235.5,0.0,0.0,0.0,2,196.5,532.5,2,235.5,0.0,0.0,0.0,0.0,0.0,23
2023-05-09 23:44:20,ag2312P5400,ag2312P5400,235.5,0.0,0.0,0.0,2,196.5,531.0,1,235.5,0.0,0.0,0.0,0.0,0.0,23
2023-05-09 23:44:20,ag2312P5400,ag2312P5400,235.5,0.0,0.0,0.0,2,196.5,531.0,1,235.5,0.0,0.0,0.0,0.0,0.0,23
2023-05-09 23:44:21,ag2312P5400,ag2312P5400,235.5,0.0,0.0,0.0,2,196.5,530.5,2,235.5,0.0,0.0,0.0,0.0,0.0,23
2023-05-09 23:44:21,ag2312P5400,ag2312P5400,235.5,0.0,0.0,0.0,2,196.5,529.0,1,235.5,0.0,0.0,0.0,0.0,0.0,23
2023-05-09 23:44:22,ag2312P5400,ag2312P5400,235.5,0.0,0.0,0.0,2,196.5,529.0,1,235.5,0.0,0.0,0.0,0.0,0.0,23
2023-05-09 23:44:22,ag2312P5400,ag2312P5400,235.5,0.0,0.0,0.0,2,196.5,528.5,2,235.5,0.0,0.0,0.0,0.0,0.0,23
2023-05-09 23:44:23,ag2312P5400,ag2312P5400,235.5,0.0,0.0,0.0,2,196.5,527.0,1,235.5,0.0,0.0,0.0,0.0,0.0,23
2023-05-09 23:44:23,ag2312P5400,ag2312P5400,235.5,0.0,0.0,0.0,2,196.5,527.0,1,235.5,0.0,0.0,0.0,0.0,0.0,23
2023-05-09 23:44:24,ag2312P5400,ag2312P5400,235.5,0.0,0.0,0.0,2,196.5,526.5,2,235.5,0.0,0.0,0.0,0.0,0.0,23
2023-05-09 23:44:24,ag2312P5400,ag2312P5400,235.5,0.0,0.0,0.0,2,196.5,525.0,1,235.5,0.0,0.0,0.0,0.0,0.0,23
2023-05-09 23:44:25,ag2312P5400,ag2312P5400,235.5,0.0,0.0,0.0,2,196.5,525.0,1,235.5,0.0,0.0,0.0,0.0,0.0,23
2023-05-09 23:44:25,ag2312P5400,ag2312P5400,235.5,0.0,0.0,0.0,2,196.5,524.5,2,235.5,0.0,0.0,0.0,0.0,0.0,23
2023-05-09 23:44:26,ag2312P5400,ag2312P5400,235.5,0.0,0.0,0.0,2,196.5,523.0,1,235.5,0.0,0.0,0.0,0.0,0.0,23
2023-05-09 23:44:26,ag2312P5400,ag2312P5400,235.5,0.0,0.0,0.0,2,196.5,523.0,1,235.5,0.0,0.0,0.0,0.0,0.0,23
2023-05-09 23:44:27,ag2312P5400,ag2312P5400,235.5,0.0,0.0,0.0,2,196.5,522.5,2,235.5,0.0,0.0,0.0,0.0,0.0,23
2023-05-09 23:44:27,ag2312P5400,ag2312P5400,235.5,0.0,0.0,0.0,2,196.5,521.0,1,235.5,0.0,0.0,0.0,0.0,0.0,23
2023-05-09 23:44:28,ag2312P5400,ag2312P5400,235.5,0.0,0.0,0.0,2,196.5,521.0,1,235.5,0.0,0.0,0.0,0.0,0.0,23
2023-05-09 23:44:28,ag2312P5400,ag2312P5400,235.5,0.0,0.0,0.0,2,196.5,520.5,2,235.5,0.0,0.0,0.0,0.0,0.0,23
2023-05-09 23:44:29,ag2312P5400,ag2312P5400,235.5,0.0,0.0,0.0,2,196.5,519.0,1,235.5,0.0,0.0,0.0,0.0,0.0,23
2023-05-09 23:44:29,ag2312P5400,ag2312P5400,235.5,0.0,0.0,0.0,2,196.5,519.0,1,235.5,0.0,0.0,0.0,0.0,0.0,23
2023-05-09 23:44:30,ag2312P5400,ag2312P5400,235.5,0.0,0.0,0.0,2,196.5,518.5,2,235.5,0.0,0.0,0.0,0.0,0.0,23
2023-05-09 23:44:30,ag2312P5400,ag2312P5400,235.5,0.0,0.0,0.0,2,196.5,517.0,1,235.5,0.0,0.0,0.0,0.0,0.0,23
2023-05-09 23:44:31,ag2312P5400,ag2312P5400,235.5,0.0,0.0,0.0,2,196.5,517.0,1,235.5,0.0,0.0,0.0,0.0,0.0,23
2023-05-09 23:44:31,ag2312P5400,ag2312P5400,235.5,0.0,0.0,0.0,2,196.5,516.5,2,235.5,0.0,0.0,0.0,0.0,0.0,23
2023-05-09 23:44:32,ag2312P5400,ag2312P5400,235.5,0.0,0.0,0.0,2,196.5,515.0,1,235.5,0.0,0.0,0.0,0.0,0.0,23
2023-05-09 23:44:32,ag2312P5400,ag2312P5400,235.5,0.0,0.0,0.0,2,196.5,515.0,1,235.5,0.0,0.0,0.0,0.0,0.0,23
2023-05-09 23:44:33,ag2312P5400,ag2312P5400,235.5,0.0,0.0,0.0,2,196.5,514.5,2,235.5,0.0,0.0,0.0,0.0,0.0,23
2023-05-09 23:44:33,ag2312P5400,ag2312P5400,235.5,0.0,0.0,0.0,2,196.5,513.0,1,235.5,0.0,0.0,0.0,0.0,0.0,23
2023-05-09 23:44:34,ag2312P5400,ag2312P5400,235.5,0.0,0.0,0.0,2,196.5,513.0,1,235.5,0.0,0.0,0.0,0.0,0.0,23
2023-05-09 23:44:34,ag2312P5400,ag2312P5400,235.5,0.0,0.0,0.0,2,196.5,512.5,2,235.5,0.0,0.0,0.0,0.0,0.0,23
2023-05-09 23:44:35,ag2312P5400,ag2312P5400,235.5,0.0,0.0,0.0,2,196.5,511.0,1,235.5,0.0,0.0,0.0,0.0,0.0,23
2023-05-09 23:44:35,ag2312P5400,ag2312P5400,235.5,0.0,0.0,0.0,2,196.5,511.0,1,235.5,0.0,0.0,0.0,0.0,0.0,23
2023-05-09 23:44:36,ag2312P5400,ag2312P5400,235.5,0.0,0.0,0.0,2,196.5,510.5,2,235.5,0.0,0.0,0.0,0.0,0.0,23
2023-05-09 23:44:36,ag2312P5400,ag2312P5400,235.5,0.0,0.0,0.0,2,196.5,509.0,1,235.5,0.0,0.0,0.0,0.0,0.0,23
2023-05-09 23:44:37,ag2312P5400,ag2312P5400,235.5,0.0,0.0,0.0,2,196.5,509.0,1,235.5,0.0,0.0,0.0,0.0,0.0,23
2023-05-09 23:44:37,ag2312P5400,ag2312P5400,235.5,0.0,0.0,0.0,2,196.5,508.5,2,235.5,0.0,0.0,0.0,0.0,0.0,23
2023-05-09 23:44:38,ag2312P5400,ag2312P5400,235.5,0.0,0.0,0.0,2,196.5,507.0,1,235.5,0.0,0.0,0.0,0.0,0.0,23
2023-05-09 23:44:38,ag2312P5400,ag2312P5400,235.5,0.0,0.0,0.0,2,196.5,507.0,1,235.5,0.0,0.0,0.0,0.0,0.0,23
2023-05-09 23:44:39,ag2312P5400,ag2312P5400,235.5,0.0,0.0,0.0,2,196.5,506.5,2,235.5,0.0,0.0,0.0,0.0,0.0,23
2023-05-09 23:44:39,ag2312P5400,ag2312P5400,235.5,0.0,0.0,0.0,2,196.5,505.0,1,235.5,0.0,0.0,0.0,0.0,0.0,23
2023-05-09 23:44:40,ag2312P5400,ag2312P5400,235.5,0.0,0.0,0.0,2,196.5,505.0,1,235.5,0.0,0.0,0.0,0.0,0.0,23
2023-05-09 23:44:40,ag2312P5400,ag2312P5400,235.5,0.0,0.0,0.0,2,196.5,504.5,2,235.5,0.0,0.0,0.0,0.0,0.0,23
2023-05-09 23:44:41,ag2312P5400,ag2312P5400,235.5,0.0,0.0,0.0,2,196.5,503.0,1,235.5,0.0,0.0,0.0,0.0,0.0,23
2023-05-09 23:44:41,ag2312P5400,ag2312P5400,235.5,0.0,0.0,0.0,2,196.5,503.0,1,235.5,0.0,0.0,0.0,0.0,0.0,23
2023-05-09 23:44:42,ag2312P5400,ag2312P5400,235.5,0.0,0.0,0.0,2,196.5,502.5,2,235.5,0.0,0.0,0.0,0.0,0.0,23
2023-05-09 23:44:42,ag2312P5400,ag2312P5400,235.5,0.0,0.0,0.0,2,196.5,501.0,1,235.5,0.0,0.0,0.0,0.0,0.0,23
2023-05-09 23:44:43,ag2312P5400,ag2312P5400,235.5,0.0,0.0,0.0,2,196.5,501.0,1,235.5,0.0,0.0,0.0,0.0,0.0,23
2023-05-09 23:44:43,ag2312P5400,ag2312P5400,235.5,0.0,0.0,0.0,2,196.5,500.5,2,235.5,0.0,0.0,0.0,0.0,0.0,23
2023-05-09 23:44:44,ag2312P5400,ag2312P5400,235.5,0.0,0.0,0.0,2,196.5,499.0,1,235.5,0.0,0.0,0.0,0.0,0.0,23
2023-05-09 23:44:44,ag2312P5400,ag2312P5400,235.5,0.0,0.0,0.0,2,196.5,499.0,1,235.5,0.0,0.0,0.0,0.0,0.0,23
2023-05-09 23:44:45,ag2312P5400,ag2312P5400,235.5,0.0,0.0,0.0,2,196.5,498.5,2,235.5,0.0,0.0,0.0,0.0,0.0,23
2023-05-09 23:44:45,ag2312P5400,ag2312P5400,235.5,0.0,0.0,0.0,2,196.5,497.0,1,235.5,0.0,0.0,0.0,0.0,0.0,23
2023-05-09 23:44:46,ag2312P5400,ag2312P5400,235.5,0.0,0.0,0.0,2,196.5,497.0,1,235.5,0.0,0.0,0.0,0.0,0.0,23
2023-05-09 23:44:46,ag2312P5400,ag2312P5400,235.5,0.0,0.0,0.0,2,196.5,496.5,2,235.5,0.0,0.0,0.0,0.0,0.0,23
2023-05-09 23:44:47,ag2312P5400,ag2312P5400,235.5,0.0,0.0,0.0,2,196.5,495.0,1,235.5,0.0,0.0,0.0,0.0,0.0,23
2023-05-09 23:44:47,ag2312P5400,ag2312P5400,235.5,0.0,0.0,0.0,2,196.5,495.0,1,235.5,0.0,0.0,0.0,0.0,0.0,23
2023-05-09 23:44:48,ag2312P5400,ag2312P5400,235.5,0.0,0.0,0.0,2,196.5,494.5,2,235.5,0.0,0.0,0.0,0.0,0.0,23
2023-05-09 23:44:48,ag2312P5400,ag2312P5400,235.5,0.0,0.0,0.0,2,196.5,493.0,1,235.5,0.0,0.0,0.0,0.0,0.0,23
2023-05-09 23:44:49,ag2312P5400,ag2312P5400,235.5,0.0,0.0,0.0,2,196.5,493.0,1,235.5,0.0,0.0,0.0,0.0,0.0,23
2023-05-09 23:44:49,ag2312P5400,ag2312P5400,235.5,0.0,0.0,0.0,2,196.5,492.5,2,235.5,0.0,0.0,0.0,0.0,0.0,23
2023-05-09 23:44:50,ag2312P5400,ag2312P5400,235.5,0.0,0.0,0.0,2,196.5,491.0,1,235.5,0.0,0.0,0.0,0.0,0.0,23
2023-05-09 23:44:50,ag2312P5400,ag2312P5400,235.5,0.0,0.0,0.0,2,196.5,491.0,1,235.5,0.0,0.0,0.0,0.0,0.0,23
2023-05-09 23:44:51,ag2312P5400,ag2312P5400,235.5,0.0,0.0,0.0,2,196.5,490.5,2,235.5,0.0,0.0,0.0,0.0,0.0,23
2023-05-09 23:44:51,ag2312P5400,ag2312P5400,235.5,0.0,0.0,0.0,2,196.5,489.0,1,235.5,0.0,0.0,0.0,0.0,0.0,23
2023-05-09 23:44:52,ag2312P5400,ag2312P5400,235.5,0.0,0.0,0.0,2,196.5,489.0,1,235.5,0.0,0.0,0.0,0.0,0.0,23
2023-05-09 23:44:52,ag2312P5400,ag2312P5400,235.5,0.0,0.0,0.0,2,196.5,488.5,2,235.5,0.0,0.0,0.0,0.0,0.0,23
2023-05-09 23:44:53,ag2312P5400,ag2312P5400,235.5,0.0,0.0,0.0,2,196.5,487.0,1,235.5,0.0,0.0,0.0,0.0,0.0,23
2023-05-09 23:44:53,ag2312P5400,ag2312P5400,235.5,0.0,0.0,0.0,2,196.5,487.0,1,235.5,0.0,0.0,0.0,0.0,0.0,23
2023-05-09 23:44:54,ag2312P5400,ag2312P5400,235.5,0.0,0.0,0.0,2,196.5,486.5,2,235.5,0.0,0.0,0.0,0.0,0.0,23
2023-05-09 23:44:54,ag2312P5400,ag2312P5400,235.5,0.0,0.0,0.0,2,196.5,485.0,1,235.5,0.0,0.0,0.0,0.0,0.0,23
2023-05-09 23:44:55,ag2312P5400,ag2312P5400,235.5,0.0,0.0,0.0,2,196.5,485.0,1,235.5,0.0,0.0,0.0,0.0,0.0,23
2023-05-09 23:44:55,ag2312P5400,ag2312P5400,235.5,0.0,0.0,0.0,2,196.5,484.5,2,235.5,0.0,0.0,0.0,0.0,0.0,23
