time,symbol_id,symbol_name,last,trade_volume,trade_amount,open_interest_change,bv1,bp1,ap1,av1,yesterday_close,today_open,today_high,today_low,volume,amount,open_interest
2023-05-09 21:01:39,ag2312P6400,ag2312P6400,796.5,0.0,0.0,0.0,1,333.5,0.0,0,796.5,795.5,0.0,0.0,0.0,0.0,2
2023-05-09 21:01:39,ag2312P6400,ag2312P6400,796.5,0.0,0.0,0.0,2,334.0,0.0,0,796.5,795.5,0.0,0.0,0.0,0.0,2
2023-05-09 21:01:45,ag2312P6400,ag2312P6400,796.5,0.0,0.0,0.0,1,335.5,1318.0,1,796.5,795.5,0.0,0.0,0.0,0.0,2
2023-05-09 21:01:45,ag2312P6400,ag2312P6400,796.5,0.0,0.0,0.0,1,335.5,1317.5,2,796.5,795.5,0.0,0.0,0.0,0.0,2
2023-05-09 21:01:46,ag2312P6400,ag2312P6400,796.5,0.0,0.0,0.0,2,336.0,1316.0,1,796.5,795.5,0.0,0.0,0.0,0.0,2
2023-05-09 21:01:46,ag2312P6400,ag2312P6400,796.5,0.0,0.0,0.0,2,336.0,1316.0,1,796.5,795.5,0.0,0.0,0.0,0.0,2
2023-05-09 21:01:47,ag2312P6400,ag2312P6400,796.5,0.0,0.0,0.0,2,336.0,1315.5,2,796.5,795.5,0.0,0.0,0.0,0.0,2
2023-05-09 21:01:47,ag2312P6400,ag2312P6400,796.5,0.0,0.0,0.0,2,336.0,1315.5,2,796.5,795.5,0.0,0.0,0.0,0.0,2
2023-05-09 21:01:54,ag2312P6400,ag2312P6400,796.5,0.0,0.0,0.0,1,337.5,1315.5,2,796.5,795.5,0.0,0.0,0.0,0.0,2
2023-05-09 21:01:55,ag2312P6400,ag2312P6400,796.5,0.0,0.0,0.0,1,337.5,1314.0,1,796.5,795.5,0.0,0.0,0.0,0.0,2
2023-05-09 21:01:55,ag2312P6400,ag2312P6400,796.5,0.0,0.0,0.0,2,338.0,1314.0,1,796.5,795.5,0.0,0.0,0.0,0.0,2
2023-05-09 21:01:56,ag2312P6400,ag2312P6400,796.5,0.0,0.0,0.0,2,338.0,1313.5,2,796.5,795.5,0.0,0.0,0.0,0.0,2
2023-05-09 21:01:57,ag2312P6400,ag2312P6400,796.5,0.0,0.0,0.0,2,338.0,1313.5,2,796.5,795.5,0.0,0.0,0.0,0.0,2
2023-05-09 21:02:00,ag2312P6400,ag2312P6400,796.5,0.0,0.0,0.0,1,339.5,1312.0,1,796.5,795.5,0.0,0.0,0.0,0.0,2
2023-05-09 21:02:00,ag2312P6400,ag2312P6400,796.5,0.0,0.0,0.0,1,339.5,1312.0,1,796.5,795.5,0.0,0.0,0.0,0.0,2
2023-05-09 21:02:01,ag2312P6400,ag2312P6400,796.5,0.0,0.0,0.0,2,340.0,1311.5,2,796.5,795.5,0.0,0.0,0.0,0.0,2
2023-05-09 21:02:01,ag2312P6400,ag2312P6400,796.5,0.0,0.0,0.0,2,340.0,1311.5,2,796.5,795.5,0.0,0.0,0.0,0.0,2
2023-05-09 21:02:08,ag2312P6400,ag2312P6400,796.5,0.0,0.0,0.0,1,341.5,1311.5,2,796.5,795.5,0.0,0.0,0.0,0.0,2
2023-05-09 21:02:09,ag2312P6400,ag2312P6400,796.5,0.0,0.0,0.0,1,341.5,1311.5,2,796.5,795.5,0.0,0.0,0.0,0.0,2
2023-05-09 21:02:09,ag2312P6400,ag2312P6400,796.5,0.0,0.0,0.0,2,342.0,1311.5,2,796.5,795.5,0.0,0.0,0.0,0.0,2
2023-05-09 21:02:10,ag2312P6400,ag2312P6400,796.5,0.0,0.0,0.0,2,342.0,1311.5,2,796.5,795.5,0.0,0.0,0.0,0.0,2
2023-05-09 21:02:10,ag2312P6400,ag2312P6400,796.5,0.0,0.0,0.0,1,343.5,1310.0,1,796.5,795.5,0.0,0.0,0.0,0.0,2
2023-05-09 21:02:11,ag2312P6400,ag2312P6400,796.5,0.0,0.0,0.0,1,343.5,1310.0,1,796.5,795.5,0.0,0.0,0.0,0.0,2
2023-05-09 21:02:11,ag2312P6400,ag2312P6400,796.5,0.0,0.0,0.0,2,344.0,1309.5,2,796.5,795.5,0.0,0.0,0.0,0.0,2
2023-05-09 21:02:12,ag2312P6400,ag2312P6400,796.5,0.0,0.0,0.0,2,344.0,1309.5,2,796.5,795.5,0.0,0.0,0.0,0.0,2
2023-05-09 21:02:28,ag2312P6400,ag2312P6400,796.5,0.0,0.0,0.0,1,345.5,1308.0,1,796.5,795.5,0.0,0.0,0.0,0.0,2
2023-05-09 21:02:29,ag2312P6400,ag2312P6400,796.5,0.0,0.0,0.0,1,345.5,1308.0,1,796.5,795.5,0.0,0.0,0.0,0.0,2
2023-05-09 21:02:29,ag2312P6400,ag2312P6400,796.5,0.0,0.0,0.0,2,346.0,1307.5,2,796.5,795.5,0.0,0.0,0.0,0.0,2
2023-05-09 21:02:30,ag2312P6400,ag2312P6400,796.5,0.0,0.0,0.0,2,346.0,1307.5,2,796.5,795.5,0.0,0.0,0.0,0.0,2
2023-05-09 21:02:37,ag2312P6400,ag2312P6400,796.5,0.0,0.0,0.0,1,347.5,1306.0,1,796.5,795.5,0.0,0.0,0.0,0.0,2
2023-05-09 21:02:38,ag2312P6400,ag2312P6400,796.5,0.0,0.0,0.0,1,347.5,1306.0,1,796.5,795.5,0.0,0.0,0.0,0.0,2
2023-05-09 21:02:38,ag2312P6400,ag2312P6400,796.5,0.0,0.0,0.0,2,348.0,1305.5,2,796.5,795.5,0.0,0.0,0.0,0.0,2
2023-05-09 21:02:39,ag2312P6400,ag2312P6400,796.5,0.0,0.0,0.0,2,348.0,1305.5,2,796.5,795.5,0.0,0.0,0.0,0.0,2
2023-05-09 21:02:53,ag2312P6400,ag2312P6400,796.5,0.0,0.0,0.0,1,349.5,1304.0,1,796.5,795.5,0.0,0.0,0.0,0.0,2
2023-05-09 21:02:53,ag2312P6400,ag2312P6400,796.5,0.0,0.0,0.0,1,349.5,1304.0,1,796.5,795.5,0.0,0.0,0.0,0.0,2
2023-05-09 21:02:54,ag2312P6400,ag2312P6400,796.5,0.0,0.0,0.0,2,350.0,1303.5,2,796.5,795.5,0.0,0.0,0.0,0.0,2
2023-05-09 21:02:54,ag2312P6400,ag2312P6400,796.5,0.0,0.0,0.0,2,350.0,1303.5,2,796.5,795.5,0.0,0.0,0.0,0.0,2
2023-05-09 21:02:55,ag2312P6400,ag2312P6400,796.5,0.0,0.0,0.0,1,351.5,1302.0,1,796.5,795.5,0.0,0.0,0.0,0.0,2
2023-05-09 21:02:55,ag2312P6400,ag2312P6400,796.5,0.0,0.0,0.0,1,351.5,1302.0,1,796.5,795.5,0.0,0.0,0.0,0.0,2
2023-05-09 21:02:56,ag2312P6400,ag2312P6400,796.5,0.0,0.0,0.0,2,352.0,1301.5,2,796.5,795.5,0.0,0.0,0.0,0.0,2
2023-05-09 21:02:56,ag2312P6400,ag2312P6400,796.5,0.0,0.0,0.0,2,352.0,1301.5,2,796.5,795.5,0.0,0.0,0.0,0.0,2
2023-05-09 21:03:09,ag2312P6400,ag2312P6400,796.5,0.0,0.0,0.0,1,353.5,1300.0,1,796.5,795.5,0.0,0.0,0.0,0.0,2
2023-05-09 21:03:09,ag2312P6400,ag2312P6400,796.5,0.0,0.0,0.0,1,353.5,1300.0,1,796.5,795.5,0.0,0.0,0.0,0.0,2
2023-05-09 21:03:10,ag2312P6400,ag2312P6400,796.5,0.0,0.0,0.0,2,354.0,1299.5,2,796.5,795.5,0.0,0.0,0.0,0.0,2
2023-05-09 21:03:10,ag2312P6400,ag2312P6400,796.5,0.0,0.0,0.0,2,354.0,1299.5,2,796.5,795.5,0.0,0.0,0.0,0.0,2
2023-05-09 21:03:16,ag2312P6400,ag2312P6400,796.5,0.0,0.0,0.0,1,355.5,1298.0,1,796.5,795.5,0.0,0.0,0.0,0.0,2
2023-05-09 21:03:16,ag2312P6400,ag2312P6400,796.5,0.0,0.0,0.0,1,355.5,1298.0,1,796.5,795.5,0.0,0.0,0.0,0.0,2
2023-05-09 21:03:17,ag2312P6400,ag2312P6400,796.5,0.0,0.0,0.0,2,356.0,1297.5,2,796.5,795.5,0.0,0.0,0.0,0.0,2
2023-05-09 21:03:17,ag2312P6400,ag2312P6400,796.5,0.0,0.0,0.0,2,356.0,1297.5,2,796.5,795.5,0.0,0.0,0.0,0.0,2
2023-05-09 21:03:19,ag2312P6400,ag2312P6400,796.5,0.0,0.0,0.0,1,357.5,1296.0,1,796.5,795.5,0.0,0.0,0.0,0.0,2
2023-05-09 21:03:19,ag2312P6400,ag2312P6400,796.5,0.0,0.0,0.0,1,357.5,1296.0,1,796.5,795.5,0.0,0.0,0.0,0.0,2
2023-05-09 21:03:20,ag2312P6400,ag2312P6400,796.5,0.0,0.0,0.0,2,358.0,1295.5,2,796.5,795.5,0.0,0.0,0.0,0.0,2
2023-05-09 21:03:20,ag2312P6400,ag2312P6400,796.5,0.0,0.0,0.0,2,358.0,1295.5,2,796.5,795.5,0.0,0.0,0.0,0.0,2
2023-05-09 21:03:27,ag2312P6400,ag2312P6400,796.5,0.0,0.0,0.0,1,359.5,1294.0,1,796.5,795.5,0.0,0.0,0.0,0.0,2
2023-05-09 21:03:28,ag2312P6400,ag2312P6400,796.5,0.0,0.0,0.0,1,359.5,1294.0,1,796.5,795.5,0.0,0.0,0.0,0.0,2
2023-05-09 21:03:28,ag2312P6400,ag2312P6400,796.5,0.0,0.0,0.0,2,360.0,1293.5,2,796.5,795.5,0.0,0.0,0.0,0.0,2
2023-05-09 21:03:29,ag2312P6400,ag2312P6400,796.5,0.0,0.0,0.0,1,361.5,1292.0,1,796.5,795.5,0.0,0.0,0.0,0.0,2
2023-05-09 21:03:29,ag2312P6400,ag2312P6400,796.5,0.0,0.0,0.0,1,361.5,1292.0,1,796.5,795.5,0.0,0.0,0.0,0.0,2
2023-05-09 21:03:30,ag2312P6400,ag2312P6400,796.5,0.0,0.0,0.0,2,362.0,1291.5,2,796.5,795.5,0.0,0.0,0.0,0.0,2
2023-05-09 21:03:30,ag2312P6400,ag2312P6400,796.5,0.0,0.0,0.0,2,362.0,1291.5,2,796.5,795.5,0.0,0.0,0.0,0.0,2
2023-05-09 21:03:43,ag2312P6400,ag2312P6400,796.5,0.0,0.0,0.0,1,363.5,1290.0,1,796.5,795.5,0.0,0.0,0.0,0.0,2
2023-05-09 21:03:43,ag2312P6400,ag2312P6400,796.5,0.0,0.0,0.0,1,363.5,1290.0,1,796.5,795.5,0.0,0.0,0.0,0.0,2
2023-05-09 21:03:44,ag2312P6400,ag2312P6400,796.5,0.0,0.0,0.0,2,364.0,1289.5,2,796.5,795.5,0.0,0.0,0.0,0.0,2
2023-05-09 21:03:44,ag2312P6400,ag2312P6400,796.5,0.0,0.0,0.0,2,364.0,1289.5,2,796.5,795.5,0.0,0.0,0.0,0.0,2
2023-05-09 21:03:47,ag2312P6400,ag2312P6400,796.5,0.0,0.0,0.0,1,365.5,1288.0,1,796.5,795.5,0.0,0.0,0.0,0.0,2
2023-05-09 21:03:47,ag2312P6400,ag2312P6400,796.5,0.0,0.0,0.0,1,365.5,1288.0,1,796.5,795.5,0.0,0.0,0.0,0.0,2
2023-05-09 21:03:48,ag2312P6400,ag2312P6400,796.5,0.0,0.0,0.0,2,366.0,1287.5,2,796.5,795.5,0.0,0.0,0.0,0.0,2
2023-05-09 21:03:48,ag2312P6400,ag2312P6400,796.5,0.0,0.0,0.0,2,366.0,1287.5,2,796.5,795.5,0.0,0.0,0.0,0.0,2
2023-05-09 21:03:51,ag2312P6400,ag2312P6400,796.5,0.0,0.0,0.0,1,367.5,1286.0,1,796.5,795.5,0.0,0.0,0.0,0.0,2
2023-05-09 21:03:51,ag2312P6400,ag2312P6400,796.5,0.0,0.0,0.0,1,367.5,1286.0,1,796.5,795.5,0.0,0.0,0.0,0.0,2
2023-05-09 21:03:52,ag2312P6400,ag2312P6400,796.5,0.0,0.0,0.0,2,368.0,1285.5,2,796.5,795.5,0.0,0.0,0.0,0.0,2
2023-05-09 21:03:52,ag2312P6400,ag2312P6400,796.5,0.0,0.0,0.0,2,368.0,1285.5,2,796.5,795.5,0.0,0.0,0.0,0.0,2
2023-05-09 21:03:53,ag2312P6400,ag2312P6400,796.5,0.0,0.0,0.0,1,369.5,1284.0,1,796.5,795.5,0.0,0.0,0.0,0.0,2
2023-05-09 21:03:53,ag2312P6400,ag2312P6400,796.5,0.0,0.0,0.0,1,369.5,1284.0,1,796.5,795.5,0.0,0.0,0.0,0.0,2
2023-05-09 21:03:54,ag2312P6400,ag2312P6400,796.5,0.0,0.0,0.0,2,370.0,1283.5,2,796.5,795.5,0.0,0.0,0.0,0.0,2
2023-05-09 21:03:54,ag2312P6400,ag2312P6400,796.5,0.0,0.0,0.0,2,370.0,1283.5,2,796.5,795.5,0.0,0.0,0.0,0.0,2
2023-05-09 21:04:02,ag2312P6400,ag2312P6400,796.5,0.0,0.0,0.0,1,371.5,1282.0,1,796.5,795.5,0.0,0.0,0.0,0.0,2
2023-05-09 21:04:03,ag2312P6400,ag2312P6400,796.5,0.0,0.0,0.0,1,371.5,1282.0,1,796.5,795.5,0.0,0.0,0.0,0.0,2
2023-05-09 21:04:03,ag2312P6400,ag2312P6400,796.5,0.0,0.0,0.0,2,372.0,1281.5,2,796.5,795.5,0.0,0.0,0.0,0.0,2
2023-05-09 21:04:04,ag2312P6400,ag2312P6400,796.5,0.0,0.0,0.0,1,373.5,1280.0,1,796.5,795.5,0.0,0.0,0.0,0.0,2
2023-05-09 21:04:04,ag2312P6400,ag2312P6400,796.5,0.0,0.0,0.0,1,373.5,1280.0,1,796.5,795.5,0.0,0.0,0.0,0.0,2
2023-05-09 21:04:05,ag2312P6400,ag2312P6400,796.5,0.0,0.0,0.0,2,374.0,1279.5,2,796.5,795.5,0.0,0.0,0.0,0.0,2
2023-05-09 21:04:05,ag2312P6400,ag2312P6400,796.5,0.0,0.0,0.0,2,374.0,1279.5,2,796.5,795.5,0.0,0.0,0.0,0.0,2
2023-05-09 21:04:15,ag2312P6400,ag2312P6400,796.5,0.0,0.0,0.0,1,375.5,1278.0,1,796.5,795.5,0.0,0.0,0.0,0.0,2
2023-05-09 21:04:16,ag2312P6400,ag2312P6400,796.5,0.0,0.0,0.0,1,375.5,1278.0,1,796.5,795.5,0.0,0.0,0.0,0.0,2
2023-05-09 21:04:16,ag2312P6400,ag2312P6400,796.5,0.0,0.0,0.0,2,376.0,1277.5,2,796.5,795.5,0.0,0.0,0.0,0.0,2
2023-05-09 21:04:17,ag2312P6400,ag2312P6400,796.5,0.0,0.0,0.0,2,376.0,1277.5,2,796.5,795.5,0.0,0.0,0.0,0.0,2
2023-05-09 21:04:17,ag2312P6400,ag2312P6400,796.5,0.0,0.0,0.0,1,377.5,1276.0,1,796.5,795.5,0.0,0.0,0.0,0.0,2
2023-05-09 21:04:18,ag2312P6400,ag2312P6400,796.5,0.0,0.0,0.0,1,377.5,1276.0,1,796.5,795.5,0.0,0.0,0.0,0.0,2
2023-05-09 21:04:18,ag2312P6400,ag2312P6400,796.5,0.0,0.0,0.0,2,378.0,1275.5,2,796.5,795.5,0.0,0.0,0.0,0.0,2
2023-05-09 21:04:19,ag2312P6400,ag2312P6400,796.5,0.0,0.0,0.0,2,378.0,1275.5,2,796.5,795.5,0.0,0.0,0.0,0.0,2
2023-05-09 21:04:23,ag2312P6400,ag2312P6400,796.5,0.0,0.0,0.0,1,379.5,1274.0,1,796.5,795.5,0.0,0.0,0.0,0.0,2
2023-05-09 21:04:23,ag2312P6400,ag2312P6400,796.5,0.0,0.0,0.0,1,379.5,1274.0,1,796.5,795.5,0.0,0.0,0.0,0.0,2
2023-05-09 21:04:24,ag2312P6400,ag2312P6400,796.5,0.0,0.0,0.0,2,380.0,1273.5,2,796.5,795.5,0.0,0.0,0.0,0.0,2
2023-05-09 21:04:24,ag2312P6400,ag2312P6400,796.5,0.0,0.0,0.0,2,380.0,1273.5,2,796.5,795.5,0.0,0.0,0.0,0.0,2
2023-05-09 21:04:25,ag2312P6400,ag2312P6400,796.5,0.0,0.0,0.0,1,381.5,1272.0,1,796.5,795.5,0.0,0.0,0.0,0.0,2
2023-05-09 21:04:25,ag2312P6400,ag2312P6400,796.5,0.0,0.0,0.0,1,381.5,1272.0,1,796.5,795.5,0.0,0.0,0.0,0.0,2
2023-05-09 21:04:26,ag2312P6400,ag2312P6400,796.5,0.0,0.0,0.0,2,382.0,1271.5,2,796.5,795.5,0.0,0.0,0.0,0.0,2
2023-05-09 21:04:26,ag2312P6400,ag2312P6400,796.5,0.0,0.0,0.0,2,382.0,1271.5,2,796.5,795.5,0.0,0.0,0.0,0.0,2
2023-05-09 21:04:27,ag2312P6400,ag2312P6400,796.5,0.0,0.0,0.0,1,383.5,1270.0,1,796.5,795.5,0.0,0.0,0.0,0.0,2
2023-05-09 21:04:27,ag2312P6400,ag2312P6400,796.5,0.0,0.0,0.0,1,383.5,1270.0,1,796.5,795.5,0.0,0.0,0.0,0.0,2
2023-05-09 21:04:28,ag2312P6400,ag2312P6400,796.5,0.0,0.0,0.0,2,384.0,1269.5,2,796.5,795.5,0.0,0.0,0.0,0.0,2
2023-05-09 21:04:28,ag2312P6400,ag2312P6400,796.5,0.0,0.0,0.0,2,384.0,1269.5,2,796.5,795.5,0.0,0.0,0.0,0.0,2
2023-05-09 21:04:29,ag2312P6400,ag2312P6400,796.5,0.0,0.0,0.0,1,385.5,1268.0,1,796.5,795.5,0.0,0.0,0.0,0.0,2
2023-05-09 21:04:29,ag2312P6400,ag2312P6400,796.5,0.0,0.0,0.0,1,385.5,1268.0,1,796.5,795.5,0.0,0.0,0.0,0.0,2
2023-05-09 21:04:30,ag2312P6400,ag2312P6400,796.5,0.0,0.0,0.0,2,386.0,1267.5,2,796.5,795.5,0.0,0.0,0.0,0.0,2
2023-05-09 21:04:31,ag2312P6400,ag2312P6400,796.5,0.0,0.0,0.0,2,386.0,1267.5,2,796.5,795.5,0.0,0.0,0.0,0.0,2
2023-05-09 21:04:31,ag2312P6400,ag2312P6400,796.5,0.0,0.0,0.0,1,387.5,1266.0,1,796.5,795.5,0.0,0.0,0.0,0.0,2
2023-05-09 21:04:32,ag2312P6400,ag2312P6400,796.5,0.0,0.0,0.0,1,387.5,1266.0,1,796.5,795.5,0.0,0.0,0.0,0.0,2
2023-05-09 21:04:32,ag2312P6400,ag2312P6400,796.5,0.0,0.0,0.0,2,388.0,1265.5,2,796.5,795.5,0.0,0.0,0.0,0.0,2
2023-05-09 21:04:33,ag2312P6400,ag2312P6400,796.5,0.0,0.0,0.0,2,388.0,1265.5,2,796.5,795.5,0.0,0.0,0.0,0.0,2
2023-05-09 21:04:39,ag2312P6400,ag2312P6400,796.5,0.0,0.0,0.0,1,389.5,1264.0,1,796.5,795.5,0.0,0.0,0.0,0.0,2
2023-05-09 21:04:40,ag2312P6400,ag2312P6400,796.5,0.0,0.0,0.0,1,389.5,1264.0,1,796.5,795.5,0.0,0.0,0.0,0.0,2
2023-05-09 21:04:40,ag2312P6400,ag2312P6400,796.5,0.0,0.0,0.0,2,390.0,1263.5,2,796.5,795.5,0.0,0.0,0.0,0.0,2
2023-05-09 21:04:41,ag2312P6400,ag2312P6400,796.5,0.0,0.0,0.0,1,391.5,1262.0,1,796.5,795.5,0.0,0.0,0.0,0.0,2
2023-05-09 21:04:41,ag2312P6400,ag2312P6400,796.5,0.0,0.0,0.0,1,391.5,1262.0,1,796.5,795.5,0.0,0.0,0.0,0.0,2
2023-05-09 21:04:42,ag2312P6400,ag2312P6400,796.5,0.0,0.0,0.0,2,392.0,1261.5,2,796.5,795.5,0.0,0.0,0.0,0.0,2
2023-05-09 21:04:42,ag2312P6400,ag2312P6400,796.5,0.0,0.0,0.0,2,392.0,1261.5,2,796.5,795.5,0.0,0.0,0.0,0.0,2
2023-05-09 21:04:52,ag2312P6400,ag2312P6400,796.5,0.0,0.0,0.0,1,393.5,1260.0,1,796.5,795.5,0.0,0.0,0.0,0.0,2
2023-05-09 21:04:52,ag2312P6400,ag2312P6400,796.5,0.0,0.0,0.0,1,393.5,1260.0,1,796.5,795.5,0.0,0.0,0.0,0.0,2
2023-05-09 21:04:53,ag2312P6400,ag2312P6400,796.5,0.0,0.0,0.0,2,394.0,1259.5,2,796.5,795.5,0.0,0.0,0.0,0.0,2
2023-05-09 21:04:53,ag2312P6400,ag2312P6400,796.5,0.0,0.0,0.0,1,395.5,1258.0,1,796.5,795.5,0.0,0.0,0.0,0.0,2
2023-05-09 21:04:54,ag2312P6400,ag2312P6400,796.5,0.0,0.0,0.0,1,395.5,1258.0,1,796.5,795.5,0.0,0.0,0.0,0.0,2
2023-05-09 21:04:54,ag2312P6400,ag2312P6400,796.5,0.0,0.0,0.0,2,396.0,1257.5,2,796.5,795.5,0.0,0.0,0.0,0.0,2
2023-05-09 21:04:55,ag2312P6400,ag2312P6400,796.5,0.0,0.0,0.0,1,397.5,1256.0,1,796.5,795.5,0.0,0.0,0.0,0.0,2
2023-05-09 21:04:55,ag2312P6400,ag2312P6400,796.5,0.0,0.0,0.0,1,397.5,1256.0,1,796.5,795.5,0.0,0.0,0.0,0.0,2
2023-05-09 21:04:56,ag2312P6400,ag2312P6400,796.5,0.0,0.0,0.0,2,398.0,1255.5,2,796.5,795.5,0.0,0.0,0.0,0.0,2
2023-05-09 21:04:56,ag2312P6400,ag2312P6400,796.5,0.0,0.0,0.0,2,398.0,1255.5,2,796.5,795.5,0.0,0.0,0.0,0.0,2
2023-05-09 21:04:57,ag2312P6400,ag2312P6400,796.5,0.0,0.0,0.0,1,399.5,1254.0,1,796.5,795.5,0.0,0.0,0.0,0.0,2
2023-05-09 21:04:57,ag2312P6400,ag2312P6400,796.5,0.0,0.0,0.0,1,399.5,1254.0,1,796.5,795.5,0.0,0.0,0.0,0.0,2
2023-05-09 21:04:58,ag2312P6400,ag2312P6400,796.5,0.0,0.0,0.0,2,400.0,1253.5,2,796.5,795.5,0.0,0.0,0.0,0.0,2
2023-05-09 21:04:58,ag2312P6400,ag2312P6400,796.5,0.0,0.0,0.0,1,401.5,1252.0,1,796.5,795.5,0.0,0.0,0.0,0.0,2
2023-05-09 21:04:59,ag2312P6400,ag2312P6400,796.5,0.0,0.0,0.0,1,401.5,1252.0,1,796.5,795.5,0.0,0.0,0.0,0.0,2
2023-05-09 21:04:59,ag2312P6400,ag2312P6400,796.5,0.0,0.0,0.0,2,402.0,1251.5,2,796.5,795.5,0.0,0.0,0.0,0.0,2
2023-05-09 21:05:00,ag2312P6400,ag2312P6400,796.5,0.0,0.0,0.0,2,402.0,1251.5,2,796.5,795.5,0.0,0.0,0.0,0.0,2
2023-05-09 21:05:00,ag2312P6400,ag2312P6400,796.5,0.0,0.0,0.0,1,403.5,1251.5,2,796.5,795.5,0.0,0.0,0.0,0.0,2
2023-05-09 21:05:01,ag2312P6400,ag2312P6400,796.5,0.0,0.0,0.0,1,403.5,1251.5,2,796.5,795.5,0.0,0.0,0.0,0.0,2
2023-05-09 21:05:01,ag2312P6400,ag2312P6400,796.5,0.0,0.0,0.0,2,404.0,1251.5,2,796.5,795.5,0.0,0.0,0.0,0.0,2
2023-05-09 21:05:02,ag2312P6400,ag2312P6400,796.5,0.0,0.0,0.0,2,404.0,1251.5,2,796.5,795.5,0.0,0.0,0.0,0.0,2
2023-05-09 21:05:06,ag2312P6400,ag2312P6400,796.5,0.0,0.0,0.0,2,404.0,1250.0,1,796.5,795.5,0.0,0.0,0.0,0.0,2
2023-05-09 21:05:07,ag2312P6400,ag2312P6400,796.5,0.0,0.0,0.0,1,405.5,1250.0,1,796.5,795.5,0.0,0.0,0.0,0.0,2
2023-05-09 21:05:07,ag2312P6400,ag2312P6400,796.5,0.0,0.0,0.0,1,405.5,1249.5,2,796.5,795.5,0.0,0.0,0.0,0.0,2
2023-05-09 21:05:08,ag2312P6400,ag2312P6400,796.5,0.0,0.0,0.0,2,406.0,1249.5,2,796.5,795.5,0.0,0.0,0.0,0.0,2
2023-05-09 21:05:08,ag2312P6400,ag2312P6400,796.5,0.0,0.0,0.0,2,406.0,1249.5,2,796.5,795.5,0.0,0.0,0.0,0.0,2
2023-05-09 21:05:09,ag2312P6400,ag2312P6400,796.5,0.0,0.0,0.0,1,407.5,1248.0,1,796.5,795.5,0.0,0.0,0.0,0.0,2
2023-05-09 21:05:09,ag2312P6400,ag2312P6400,796.5,0.0,0.0,0.0,1,407.5,1248.0,1,796.5,795.5,0.0,0.0,0.0,0.0,2
2023-05-09 21:05:10,ag2312P6400,ag2312P6400,796.5,0.0,0.0,0.0,2,408.0,1247.5,2,796.5,795.5,0.0,0.0,0.0,0.0,2
2023-05-09 21:05:10,ag2312P6400,ag2312P6400,796.5,0.0,0.0,0.0,2,408.0,1247.5,2,796.5,795.5,0.0,0.0,0.0,0.0,2
2023-05-09 21:05:12,ag2312P6400,ag2312P6400,796.5,0.0,0.0,0.0,1,409.5,1247.5,2,796.5,795.5,0.0,0.0,0.0,0.0,2
2023-05-09 21:05:12,ag2312P6400,ag2312P6400,796.5,0.0,0.0,0.0,1,409.5,1246.0,1,796.5,795.5,0.0,0.0,0.0,0.0,2
2023-05-09 21:05:13,ag2312P6400,ag2312P6400,796.5,0.0,0.0,0.0,2,410.0,1246.0,1,796.5,795.5,0.0,0.0,0.0,0.0,2
2023-05-09 21:05:13,ag2312P6400,ag2312P6400,796.5,0.0,0.0,0.0,1,411.5,1245.5,2,796.5,795.5,0.0,0.0,0.0,0.0,2
2023-05-09 21:05:14,ag2312P6400,ag2312P6400,796.5,0.0,0.0,0.0,1,411.5,1245.5,2,796.5,795.5,0.0,0.0,0.0,0.0,2
2023-05-09 21:05:14,ag2312P6400,ag2312P6400,796.5,0.0,0.0,0.0,2,412.0,1244.0,1,796.5,795.5,0.0,0.0,0.0,0.0,2
2023-05-09 21:05:15,ag2312P6400,ag2312P6400,796.5,0.0,0.0,0.0,2,412.0,1244.0,1,796.5,795.5,0.0,0.0,0.0,0.0,2
2023-05-09 21:05:15,ag2312P6400,ag2312P6400,796.5,0.0,0.0,0.0,2,412.0,1243.5,2,796.5,795.5,0.0,0.0,0.0,0.0,2
2023-05-09 21:05:16,ag2312P6400,ag2312P6400,796.5,0.0,0.0,0.0,2,412.0,1243.5,2,796.5,795.5,0.0,0.0,0.0,0.0,2
2023-05-09 21:05:16,ag2312P6400,ag2312P6400,796.5,0.0,0.0,0.0,1,413.5,1242.0,1,796.5,795.5,0.0,0.0,0.0,0.0,2
2023-05-09 21:05:17,ag2312P6400,ag2312P6400,796.5,0.0,0.0,0.0,1,413.5,1242.0,1,796.5,795.5,0.0,0.0,0.0,0.0,2
2023-05-09 21:05:17,ag2312P6400,ag2312P6400,796.5,0.0,0.0,0.0,2,414.0,1241.5,2,796.5,795.5,0.0,0.0,0.0,0.0,2
2023-05-09 21:05:18,ag2312P6400,ag2312P6400,796.5,0.0,0.0,0.0,2,414.0,1241.5,2,796.5,795.5,0.0,0.0,0.0,0.0,2
2023-05-09 21:05:28,ag2312P6400,ag2312P6400,796.5,0.0,0.0,0.0,1,415.5,1241.5,2,796.5,795.5,0.0,0.0,0.0,0.0,2
2023-05-09 21:05:28,ag2312P6400,ag2312P6400,796.5,0.0,0.0,0.0,1,415.5,1241.5,2,796.5,795.5,0.0,0.0,0.0,0.0,2
2023-05-09 21:05:29,ag2312P6400,ag2312P6400,796.5,0.0,0.0,0.0,2,416.0,1240.0,1,796.5,795.5,0.0,0.0,0.0,0.0,2
2023-05-09 21:05:29,ag2312P6400,ag2312P6400,796.5,0.0,0.0,0.0,2,416.0,1240.0,1,796.5,795.5,0.0,0.0,0.0,0.0,2
2023-05-09 21:05:30,ag2312P6400,ag2312P6400,796.5,0.0,0.0,0.0,2,416.0,1239.5,2,796.5,795.5,0.0,0.0,0.0,0.0,2
2023-05-09 21:05:30,ag2312P6400,ag2312P6400,796.5,0.0,0.0,0.0,2,416.0,1239.5,2,796.5,795.5,0.0,0.0,0.0,0.0,2
2023-05-09 21:05:42,ag2312P6400,ag2312P6400,796.5,0.0,0.0,0.0,1,417.5,1239.5,2,796.5,795.5,0.0,0.0,0.0,0.0,2
2023-05-09 21:05:43,ag2312P6400,ag2312P6400,796.5,0.0,0.0,0.0,1,417.5,1239.5,2,796.5,795.5,0.0,0.0,0.0,0.0,2
2023-05-09 21:05:43,ag2312P6400,ag2312P6400,796.5,0.0,0.0,0.0,2,418.0,1239.5,2,796.5,795.5,0.0,0.0,0.0,0.0,2
2023-05-09 21:05:44,ag2312P6400,ag2312P6400,796.5,0.0,0.0,0.0,1,419.5,1238.0,1,796.5,795.5,0.0,0.0,0.0,0.0,2
2023-05-09 21:05:44,ag2312P6400,ag2312P6400,796.5,0.0,0.0,0.0,1,419.5,1238.0,1,796.5,795.5,0.0,0.0,0.0,0.0,2
2023-05-09 21:05:45,ag2312P6400,ag2312P6400,796.5,0.0,0.0,0.0,2,420.0,1237.5,2,796.5,795.5,0.0,0.0,0.0,0.0,2
2023-05-09 21:05:45,ag2312P6400,ag2312P6400,796.5,0.0,0.0,0.0,2,420.0,1237.5,2,796.5,795.5,0.0,0.0,0.0,0.0,2
2023-05-09 21:05:46,ag2312P6400,ag2312P6400,796.5,0.0,0.0,0.0,1,421.5,1236.0,1,796.5,795.5,0.0,0.0,0.0,0.0,2
2023-05-09 21:05:46,ag2312P6400,ag2312P6400,796.5,0.0,0.0,0.0,1,421.5,1236.0,1,796.5,795.5,0.0,0.0,0.0,0.0,2
2023-05-09 21:05:47,ag2312P6400,ag2312P6400,796.5,0.0,0.0,0.0,2,422.0,1235.5,2,796.5,795.5,0.0,0.0,0.0,0.0,2
2023-05-09 21:05:47,ag2312P6400,ag2312P6400,796.5,0.0,0.0,0.0,2,422.0,1235.5,2,796.5,795.5,0.0,0.0,0.0,0.0,2
2023-05-09 21:05:56,ag2312P6400,ag2312P6400,796.5,0.0,0.0,0.0,1,423.5,1235.5,2,796.5,795.5,0.0,0.0,0.0,0.0,2
2023-05-09 21:05:57,ag2312P6400,ag2312P6400,796.5,0.0,0.0,0.0,1,423.5,1234.0,1,796.5,795.5,0.0,0.0,0.0,0.0,2
2023-05-09 21:05:57,ag2312P6400,ag2312P6400,796.5,0.0,0.0,0.0,2,424.0,1234.0,1,796.5,795.5,0.0,0.0,0.0,0.0,2
2023-05-09 21:05:58,ag2312P6400,ag2312P6400,796.5,0.0,0.0,0.0,1,425.5,1233.5,2,796.5,795.5,0.0,0.0,0.0,0.0,2
2023-05-09 21:05:58,ag2312P6400,ag2312P6400,796.5,0.0,0.0,0.0,1,425.5,1233.5,2,796.5,795.5,0.0,0.0,0.0,0.0,2
2023-05-09 21:05:59,ag2312P6400,ag2312P6400,796.5,0.0,0.0,0.0,2,426.0,1233.5,2,796.5,795.5,0.0,0.0,0.0,0.0,2
2023-05-09 21:05:59,ag2312P6400,ag2312P6400,796.5,0.0,0.0,0.0,1,427.5,1232.0,1,796.5,795.5,0.0,0.0,0.0,0.0,2
2023-05-09 21:06:00,ag2312P6400,ag2312P6400,796.5,0.0,0.0,0.0,1,427.5,1232.0,1,796.5,795.5,0.0,0.0,0.0,0.0,2
2023-05-09 21:06:00,ag2312P6400,ag2312P6400,796.5,0.0,0.0,0.0,2,428.0,1231.5,2,796.5,795.5,0.0,0.0,0.0,0.0,2
2023-05-09 21:06:01,ag2312P6400,ag2312P6400,796.5,0.0,0.0,0.0,2,428.0,1231.5,2,796.5,795.5,0.0,0.0,0.0,0.0,2
2023-05-09 21:06:01,ag2312P6400,ag2312P6400,796.5,0.0,0.0,0.0,1,429.5,1230.0,1,796.5,795.5,0.0,0.0,0.0,0.0,2
2023-05-09 21:06:02,ag2312P6400,ag2312P6400,796.5,0.0,0.0,0.0,1,429.5,1230.0,1,796.5,795.5,0.0,0.0,0.0,0.0,2
2023-05-09 21:06:02,ag2312P6400,ag2312P6400,796.5,0.0,0.0,0.0,2,430.0,1229.5,2,796.5,795.5,0.0,0.0,0.0,0.0,2
2023-05-09 21:06:03,ag2312P6400,ag2312P6400,796.5,0.0,0.0,0.0,1,431.5,1228.0,1,796.5,795.5,0.0,0.0,0.0,0.0,2
2023-05-09 21:06:03,ag2312P6400,ag2312P6400,796.5,0.0,0.0,0.0,1,431.5,1228.0,1,796.5,795.5,0.0,0.0,0.0,0.0,2
2023-05-09 21:06:04,ag2312P6400,ag2312P6400,796.5,0.0,0.0,0.0,2,432.0,1227.5,2,796.5,795.5,0.0,0.0,0.0,0.0,2
2023-05-09 21:06:04,ag2312P6400,ag2312P6400,796.5,0.0,0.0,0.0,2,432.0,1227.5,2,796.5,795.5,0.0,0.0,0.0,0.0,2
2023-05-09 21:06:13,ag2312P6400,ag2312P6400,796.5,0.0,0.0,0.0,1,433.5,1226.0,1,796.5,795.5,0.0,0.0,0.0,0.0,2
2023-05-09 21:06:13,ag2312P6400,ag2312P6400,796.5,0.0,0.0,0.0,1,433.5,1226.0,1,796.5,795.5,0.0,0.0,0.0,0.0,2
2023-05-09 21:06:14,ag2312P6400,ag2312P6400,796.5,0.0,0.0,0.0,2,434.0,1225.5,2,796.5,795.5,0.0,0.0,0.0,0.0,2
2023-05-09 21:06:14,ag2312P6400,ag2312P6400,796.5,0.0,0.0,0.0,2,434.0,1225.5,2,796.5,795.5,0.0,0.0,0.0,0.0,2
2023-05-09 21:06:17,ag2312P6400,ag2312P6400,796.5,0.0,0.0,0.0,1,435.5,1224.0,1,796.5,795.5,0.0,0.0,0.0,0.0,2
2023-05-09 21:06:17,ag2312P6400,ag2312P6400,796.5,0.0,0.0,0.0,1,435.5,1224.0,1,796.5,795.5,0.0,0.0,0.0,0.0,2
2023-05-09 21:06:18,ag2312P6400,ag2312P6400,796.5,0.0,0.0,0.0,2,436.0,1223.5,2,796.5,795.5,0.0,0.0,0.0,0.0,2
2023-05-09 21:06:18,ag2312P6400,ag2312P6400,796.5,0.0,0.0,0.0,2,436.0,1223.5,2,796.5,795.5,0.0,0.0,0.0,0.0,2
2023-05-09 21:06:31,ag2312P6400,ag2312P6400,796.5,0.0,0.0,0.0,1,437.5,1222.0,1,796.5,795.5,0.0,0.0,0.0,0.0,2
2023-05-09 21:06:31,ag2312P6400,ag2312P6400,796.5,0.0,0.0,0.0,1,437.5,1222.0,1,796.5,795.5,0.0,0.0,0.0,0.0,2
2023-05-09 21:06:32,ag2312P6400,ag2312P6400,796.5,0.0,0.0,0.0,2,438.0,1221.5,2,796.5,795.5,0.0,0.0,0.0,0.0,2
2023-05-09 21:06:32,ag2312P6400,ag2312P6400,796.5,0.0,0.0,0.0,2,438.0,1221.5,2,796.5,795.5,0.0,0.0,0.0,0.0,2
2023-05-09 21:06:33,ag2312P6400,ag2312P6400,796.5,0.0,0.0,0.0,1,439.5,1220.0,1,796.5,795.5,0.0,0.0,0.0,0.0,2
2023-05-09 21:06:33,ag2312P6400,ag2312P6400,796.5,0.0,0.0,0.0,1,439.5,1220.0,1,796.5,795.5,0.0,0.0,0.0,0.0,2
2023-05-09 21:06:34,ag2312P6400,ag2312P6400,796.5,0.0,0.0,0.0,2,440.0,1219.5,2,796.5,795.5,0.0,0.0,0.0,0.0,2
2023-05-09 21:06:34,ag2312P6400,ag2312P6400,796.5,0.0,0.0,0.0,2,440.0,1219.5,2,796.5,795.5,0.0,0.0,0.0,0.0,2
2023-05-09 21:06:35,ag2312P6400,ag2312P6400,796.5,0.0,0.0,0.0,1,441.5,1218.0,1,796.5,795.5,0.0,0.0,0.0,0.0,2
2023-05-09 21:06:35,ag2312P6400,ag2312P6400,796.5,0.0,0.0,0.0,1,441.5,1218.0,1,796.5,795.5,0.0,0.0,0.0,0.0,2
2023-05-09 21:06:36,ag2312P6400,ag2312P6400,796.5,0.0,0.0,0.0,2,442.0,1217.5,2,796.5,795.5,0.0,0.0,0.0,0.0,2
2023-05-09 21:06:36,ag2312P6400,ag2312P6400,796.5,0.0,0.0,0.0,1,443.5,1216.0,1,796.5,795.5,0.0,0.0,0.0,0.0,2
2023-05-09 21:06:37,ag2312P6400,ag2312P6400,796.5,0.0,0.0,0.0,1,443.5,1216.0,1,796.5,795.5,0.0,0.0,0.0,0.0,2
2023-05-09 21:06:37,ag2312P6400,ag2312P6400,796.5,0.0,0.0,0.0,2,444.0,1215.5,2,796.5,795.5,0.0,0.0,0.0,0.0,2
2023-05-09 21:06:38,ag2312P6400,ag2312P6400,796.5,0.0,0.0,0.0,2,444.0,1215.5,2,796.5,795.5,0.0,0.0,0.0,0.0,2
2023-05-09 21:06:38,ag2312P6400,ag2312P6400,796.5,0.0,0.0,0.0,1,445.5,1214.0,1,796.5,795.5,0.0,0.0,0.0,0.0,2
2023-05-09 21:06:39,ag2312P6400,ag2312P6400,796.5,0.0,0.0,0.0,1,445.5,1214.0,1,796.5,795.5,0.0,0.0,0.0,0.0,2
2023-05-09 21:06:39,ag2312P6400,ag2312P6400,796.5,0.0,0.0,0.0,2,446.0,1213.5,2,796.5,795.5,0.0,0.0,0.0,0.0,2
2023-05-09 21:06:40,ag2312P6400,ag2312P6400,796.5,0.0,0.0,0.0,2,446.0,1213.5,2,796.5,795.5,0.0,0.0,0.0,0.0,2
2023-05-09 21:06:58,ag2312P6400,ag2312P6400,796.5,0.0,0.0,0.0,1,447.5,1212.0,1,796.5,795.5,0.0,0.0,0.0,0.0,2
2023-05-09 21:06:58,ag2312P6400,ag2312P6400,796.5,0.0,0.0,0.0,1,447.5,1212.0,1,796.5,795.5,0.0,0.0,0.0,0.0,2
2023-05-09 21:06:59,ag2312P6400,ag2312P6400,796.5,0.0,0.0,0.0,2,448.0,1211.5,2,796.5,795.5,0.0,0.0,0.0,0.0,2
2023-05-09 21:06:59,ag2312P6400,ag2312P6400,796.5,0.0,0.0,0.0,1,449.5,1210.0,1,796.5,795.5,0.0,0.0,0.0,0.0,2
2023-05-09 21:07:00,ag2312P6400,ag2312P6400,796.5,0.0,0.0,0.0,1,449.5,1210.0,1,796.5,795.5,0.0,0.0,0.0,0.0,2
2023-05-09 21:07:00,ag2312P6400,ag2312P6400,796.5,0.0,0.0,0.0,2,450.0,1209.5,2,796.5,795.5,0.0,0.0,0.0,0.0,2
2023-05-09 21:07:01,ag2312P6400,ag2312P6400,796.5,0.0,0.0,0.0,2,450.0,1209.5,2,796.5,795.5,0.0,0.0,0.0,0.0,2
2023-05-09 21:07:20,ag2312P6400,ag2312P6400,796.5,0.0,0.0,0.0,1,451.5,1208.0,1,796.5,795.5,0.0,0.0,0.0,0.0,2
2023-05-09 21:07:21,ag2312P6400,ag2312P6400,796.5,0.0,0.0,0.0,1,451.5,1208.0,1,796.5,795.5,0.0,0.0,0.0,0.0,2
2023-05-09 21:07:21,ag2312P6400,ag2312P6400,796.5,0.0,0.0,0.0,2,452.0,1207.5,2,796.5,795.5,0.0,0.0,0.0,0.0,2
2023-05-09 21:07:22,ag2312P6400,ag2312P6400,796.5,0.0,0.0,0.0,2,452.0,1207.5,2,796.5,795.5,0.0,0.0,0.0,0.0,2
2023-05-09 21:07:24,ag2312P6400,ag2312P6400,796.5,0.0,0.0,0.0,1,453.5,1206.0,1,796.5,795.5,0.0,0.0,0.0,0.0,2
2023-05-09 21:07:25,ag2312P6400,ag2312P6400,796.5,0.0,0.0,0.0,1,453.5,1206.0,1,796.5,795.5,0.0,0.0,0.0,0.0,2
2023-05-09 21:07:25,ag2312P6400,ag2312P6400,796.5,0.0,0.0,0.0,2,454.0,1205.5,2,796.5,795.5,0.0,0.0,0.0,0.0,2
2023-05-09 21:07:26,ag2312P6400,ag2312P6400,796.5,0.0,0.0,0.0,1,455.5,1204.0,1,796.5,795.5,0.0,0.0,0.0,0.0,2
2023-05-09 21:07:26,ag2312P6400,ag2312P6400,796.5,0.0,0.0,0.0,1,455.5,1204.0,1,796.5,795.5,0.0,0.0,0.0,0.0,2
2023-05-09 21:07:27,ag2312P6400,ag2312P6400,796.5,0.0,0.0,0.0,2,456.0,1203.5,2,796.5,795.5,0.0,0.0,0.0,0.0,2
2023-05-09 21:07:27,ag2312P6400,ag2312P6400,796.5,0.0,0.0,0.0,2,456.0,1203.5,2,796.5,795.5,0.0,0.0,0.0,0.0,2
2023-05-09 21:07:29,ag2312P6400,ag2312P6400,796.5,0.0,0.0,0.0,1,457.5,1202.0,1,796.5,795.5,0.0,0.0,0.0,0.0,2
2023-05-09 21:07:29,ag2312P6400,ag2312P6400,796.5,0.0,0.0,0.0,1,457.5,1202.0,1,796.5,795.5,0.0,0.0,0.0,0.0,2
2023-05-09 21:07:30,ag2312P6400,ag2312P6400,796.5,0.0,0.0,0.0,2,458.0,1201.5,2,796.5,795.5,0.0,0.0,0.0,0.0,2
2023-05-09 21:07:30,ag2312P6400,ag2312P6400,796.5,0.0,0.0,0.0,2,458.0,1201.5,2,796.5,795.5,0.0,0.0,0.0,0.0,2
2023-05-09 21:07:31,ag2312P6400,ag2312P6400,796.5,0.0,0.0,0.0,2,458.0,1200.0,1,796.5,795.5,0.0,0.0,0.0,0.0,2
2023-05-09 21:07:31,ag2312P6400,ag2312P6400,796.5,0.0,0.0,0.0,2,458.0,1200.0,1,796.5,795.5,0.0,0.0,0.0,0.0,2
2023-05-09 21:07:32,ag2312P6400,ag2312P6400,796.5,0.0,0.0,0.0,2,458.0,1199.5,2,796.5,795.5,0.0,0.0,0.0,0.0,2
2023-05-09 21:07:32,ag2312P6400,ag2312P6400,796.5,0.0,0.0,0.0,1,459.5,1198.0,1,796.5,795.5,0.0,0.0,0.0,0.0,2
2023-05-09 21:07:33,ag2312P6400,ag2312P6400,796.5,0.0,0.0,0.0,1,459.5,1198.0,1,796.5,795.5,0.0,0.0,0.0,0.0,2
2023-05-09 21:07:33,ag2312P6400,ag2312P6400,796.5,0.0,0.0,0.0,2,460.0,1197.5,2,796.5,795.5,0.0,0.0,0.0,0.0,2
2023-05-09 21:07:34,ag2312P6400,ag2312P6400,796.5,0.0,0.0,0.0,2,460.0,1197.5,2,796.5,795.5,0.0,0.0,0.0,0.0,2
2023-05-09 21:07:34,ag2312P6400,ag2312P6400,796.5,0.0,0.0,0.0,1,461.5,1196.0,1,796.5,795.5,0.0,0.0,0.0,0.0,2
2023-05-09 21:07:35,ag2312P6400,ag2312P6400,796.5,0.0,0.0,0.0,1,461.5,1196.0,1,796.5,795.5,0.0,0.0,0.0,0.0,2
2023-05-09 21:07:35,ag2312P6400,ag2312P6400,796.5,0.0,0.0,0.0,2,462.0,1195.5,2,796.5,795.5,0.0,0.0,0.0,0.0,2
2023-05-09 21:07:36,ag2312P6400,ag2312P6400,796.5,0.0,0.0,0.0,2,462.0,1195.5,2,796.5,795.5,0.0,0.0,0.0,0.0,2
2023-05-09 21:07:37,ag2312P6400,ag2312P6400,796.5,0.0,0.0,0.0,1,463.5,1194.0,1,796.5,795.5,0.0,0.0,0.0,0.0,2
2023-05-09 21:07:38,ag2312P6400,ag2312P6400,796.5,0.0,0.0,0.0,1,463.5,1194.0,1,796.5,795.5,0.0,0.0,0.0,0.0,2
2023-05-09 21:07:38,ag2312P6400,ag2312P6400,796.5,0.0,0.0,0.0,2,464.0,1193.5,2,796.5,795.5,0.0,0.0,0.0,0.0,2
2023-05-09 21:07:39,ag2312P6400,ag2312P6400,796.5,0.0,0.0,0.0,2,464.0,1193.5,2,796.5,795.5,0.0,0.0,0.0,0.0,2
2023-05-09 21:07:40,ag2312P6400,ag2312P6400,796.5,0.0,0.0,0.0,1,465.5,1192.0,1,796.5,795.5,0.0,0.0,0.0,0.0,2
2023-05-09 21:07:40,ag2312P6400,ag2312P6400,796.5,0.0,0.0,0.0,1,465.5,1192.0,1,796.5,795.5,0.0,0.0,0.0,0.0,2
2023-05-09 21:07:41,ag2312P6400,ag2312P6400,796.5,0.0,0.0,0.0,2,466.0,1191.5,2,796.5,795.5,0.0,0.0,0.0,0.0,2
2023-05-09 21:07:41,ag2312P6400,ag2312P6400,796.5,0.0,0.0,0.0,2,466.0,1191.5,2,796.5,795.5,0.0,0.0,0.0,0.0,2
2023-05-09 21:07:42,ag2312P6400,ag2312P6400,796.5,0.0,0.0,0.0,1,467.5,1190.0,1,796.5,795.5,0.0,0.0,0.0,0.0,2
2023-05-09 21:07:42,ag2312P6400,ag2312P6400,796.5,0.0,0.0,0.0,1,467.5,1190.0,1,796.5,795.5,0.0,0.0,0.0,0.0,2
2023-05-09 21:07:43,ag2312P6400,ag2312P6400,796.5,0.0,0.0,0.0,2,468.0,1189.5,2,796.5,795.5,0.0,0.0,0.0,0.0,2
2023-05-09 21:07:43,ag2312P6400,ag2312P6400,796.5,0.0,0.0,0.0,2,468.0,1189.5,2,796.5,795.5,0.0,0.0,0.0,0.0,2
2023-05-09 21:07:44,ag2312P6400,ag2312P6400,796.5,0.0,0.0,0.0,1,469.5,1188.0,1,796.5,795.5,0.0,0.0,0.0,0.0,2
2023-05-09 21:07:44,ag2312P6400,ag2312P6400,796.5,0.0,0.0,0.0,1,469.5,1188.0,1,796.5,795.5,0.0,0.0,0.0,0.0,2
2023-05-09 21:07:45,ag2312P6400,ag2312P6400,796.5,0.0,0.0,0.0,2,470.0,1187.5,2,796.5,795.5,0.0,0.0,0.0,0.0,2
2023-05-09 21:07:45,ag2312P6400,ag2312P6400,796.5,0.0,0.0,0.0,2,470.0,1187.5,2,796.5,795.5,0.0,0.0,0.0,0.0,2
2023-05-09 21:07:54,ag2312P6400,ag2312P6400,796.5,0.0,0.0,0.0,1,471.5,1186.0,1,796.5,795.5,0.0,0.0,0.0,0.0,2
2023-05-09 21:07:55,ag2312P6400,ag2312P6400,796.5,0.0,0.0,0.0,1,471.5,1186.0,1,796.5,795.5,0.0,0.0,0.0,0.0,2
2023-05-09 21:07:55,ag2312P6400,ag2312P6400,796.5,0.0,0.0,0.0,2,472.0,1185.5,2,796.5,795.5,0.0,0.0,0.0,0.0,2
2023-05-09 21:07:56,ag2312P6400,ag2312P6400,796.5,0.0,0.0,0.0,1,473.5,1184.0,1,796.5,795.5,0.0,0.0,0.0,0.0,2
2023-05-09 21:07:56,ag2312P6400,ag2312P6400,796.5,0.0,0.0,0.0,1,473.5,1184.0,1,796.5,795.5,0.0,0.0,0.0,0.0,2
2023-05-09 21:07:57,ag2312P6400,ag2312P6400,796.5,0.0,0.0,0.0,2,474.0,1183.5,2,796.5,795.5,0.0,0.0,0.0,0.0,2
2023-05-09 21:07:58,ag2312P6400,ag2312P6400,796.5,0.0,0.0,0.0,2,474.0,1183.5,2,796.5,795.5,0.0,0.0,0.0,0.0,2
2023-05-09 21:07:58,ag2312P6400,ag2312P6400,796.5,0.0,0.0,0.0,1,475.5,1183.5,2,796.5,795.5,0.0,0.0,0.0,0.0,2
2023-05-09 21:07:59,ag2312P6400,ag2312P6400,796.5,0.0,0.0,0.0,1,475.5,1183.5,2,796.5,795.5,0.0,0.0,0.0,0.0,2
2023-05-09 21:07:59,ag2312P6400,ag2312P6400,796.5,0.0,0.0,0.0,2,476.0,1182.0,1,796.5,795.5,0.0,0.0,0.0,0.0,2
2023-05-09 21:08:00,ag2312P6400,ag2312P6400,796.5,0.0,0.0,0.0,2,476.0,1182.0,1,796.5,795.5,0.0,0.0,0.0,0.0,2
2023-05-09 21:08:00,ag2312P6400,ag2312P6400,796.5,0.0,0.0,0.0,1,477.5,1181.5,2,796.5,795.5,0.0,0.0,0.0,0.0,2
2023-05-09 21:08:01,ag2312P6400,ag2312P6400,796.5,0.0,0.0,0.0,1,477.5,1181.5,2,796.5,795.5,0.0,0.0,0.0,0.0,2
2023-05-09 21:08:01,ag2312P6400,ag2312P6400,796.5,0.0,0.0,0.0,2,478.0,1181.5,2,796.5,795.5,0.0,0.0,0.0,0.0,2
2023-05-09 21:08:02,ag2312P6400,ag2312P6400,796.5,0.0,0.0,0.0,2,478.0,1181.5,2,796.5,795.5,0.0,0.0,0.0,0.0,2
2023-05-09 21:08:17,ag2312P6400,ag2312P6400,796.5,0.0,0.0,0.0,1,479.5,1180.0,1,796.5,795.5,0.0,0.0,0.0,0.0,2
2023-05-09 21:08:18,ag2312P6400,ag2312P6400,796.5,0.0,0.0,0.0,1,479.5,1180.0,1,796.5,795.5,0.0,0.0,0.0,0.0,2
2023-05-09 21:08:18,ag2312P6400,ag2312P6400,796.5,0.0,0.0,0.0,2,480.0,1179.5,2,796.5,795.5,0.0,0.0,0.0,0.0,2
2023-05-09 21:08:19,ag2312P6400,ag2312P6400,796.5,0.0,0.0,0.0,2,480.0,1179.5,2,796.5,795.5,0.0,0.0,0.0,0.0,2
2023-05-09 21:08:20,ag2312P6400,ag2312P6400,796.5,0.0,0.0,0.0,1,481.5,1178.0,1,796.5,795.5,0.0,0.0,0.0,0.0,2
2023-05-09 21:08:21,ag2312P6400,ag2312P6400,796.5,0.0,0.0,0.0,1,481.5,1178.0,1,796.5,795.5,0.0,0.0,0.0,0.0,2
2023-05-09 21:08:21,ag2312P6400,ag2312P6400,796.5,0.0,0.0,0.0,2,482.0,1177.5,2,796.5,795.5,0.0,0.0,0.0,0.0,2
2023-05-09 21:08:22,ag2312P6400,ag2312P6400,796.5,0.0,0.0,0.0,2,482.0,1177.5,2,796.5,795.5,0.0,0.0,0.0,0.0,2
2023-05-09 21:08:41,ag2312P6400,ag2312P6400,796.5,0.0,0.0,0.0,1,483.5,1177.5,2,796.5,795.5,0.0,0.0,0.0,0.0,2
2023-05-09 21:08:41,ag2312P6400,ag2312P6400,796.5,0.0,0.0,0.0,1,483.5,1176.0,1,796.5,795.5,0.0,0.0,0.0,0.0,2
2023-05-09 21:08:42,ag2312P6400,ag2312P6400,796.5,0.0,0.0,0.0,2,484.0,1176.0,1,796.5,795.5,0.0,0.0,0.0,0.0,2
2023-05-09 21:08:42,ag2312P6400,ag2312P6400,796.5,0.0,0.0,0.0,1,485.5,1175.5,2,796.5,795.5,0.0,0.0,0.0,0.0,2
2023-05-09 21:08:43,ag2312P6400,ag2312P6400,796.5,0.0,0.0,0.0,1,485.5,1175.5,2,796.5,795.5,0.0,0.0,0.0,0.0,2
2023-05-09 21:08:43,ag2312P6400,ag2312P6400,796.5,0.0,0.0,0.0,2,486.0,1174.0,1,796.5,795.5,0.0,0.0,0.0,0.0,2
2023-05-09 21:08:44,ag2312P6400,ag2312P6400,796.5,0.0,0.0,0.0,2,486.0,1174.0,1,796.5,795.5,0.0,0.0,0.0,0.0,2
2023-05-09 21:08:44,ag2312P6400,ag2312P6400,796.5,0.0,0.0,0.0,2,486.0,1173.5,2,796.5,795.5,0.0,0.0,0.0,0.0,2
2023-05-09 21:08:45,ag2312P6400,ag2312P6400,796.5,0.0,0.0,0.0,2,486.0,1173.5,2,796.5,795.5,0.0,0.0,0.0,0.0,2
2023-05-09 21:08:46,ag2312P6400,ag2312P6400,796.5,0.0,0.0,0.0,1,487.5,1172.0,1,796.5,795.5,0.0,0.0,0.0,0.0,2
2023-05-09 21:08:46,ag2312P6400,ag2312P6400,796.5,0.0,0.0,0.0,1,487.5,1172.0,1,796.5,795.5,0.0,0.0,0.0,0.0,2
2023-05-09 21:08:47,ag2312P6400,ag2312P6400,796.5,0.0,0.0,0.0,2,488.0,1171.5,2,796.5,795.5,0.0,0.0,0.0,0.0,2
2023-05-09 21:08:47,ag2312P6400,ag2312P6400,796.5,0.0,0.0,0.0,2,488.0,1171.5,2,796.5,795.5,0.0,0.0,0.0,0.0,2
2023-05-09 21:08:48,ag2312P6400,ag2312P6400,796.5,0.0,0.0,0.0,1,489.5,1170.0,1,796.5,795.5,0.0,0.0,0.0,0.0,2
2023-05-09 21:08:48,ag2312P6400,ag2312P6400,796.5,0.0,0.0,0.0,1,489.5,1170.0,1,796.5,795.5,0.0,0.0,0.0,0.0,2
2023-05-09 21:08:49,ag2312P6400,ag2312P6400,796.5,0.0,0.0,0.0,2,490.0,1169.5,2,796.5,795.5,0.0,0.0,0.0,0.0,2
2023-05-09 21:08:50,ag2312P6400,ag2312P6400,796.5,0.0,0.0,0.0,2,490.0,1169.5,2,796.5,795.5,0.0,0.0,0.0,0.0,2
2023-05-09 21:08:50,ag2312P6400,ag2312P6400,796.5,0.0,0.0,0.0,1,491.5,1168.0,1,796.5,795.5,0.0,0.0,0.0,0.0,2
2023-05-09 21:08:51,ag2312P6400,ag2312P6400,796.5,0.0,0.0,0.0,1,491.5,1168.0,1,796.5,795.5,0.0,0.0,0.0,0.0,2
2023-05-09 21:08:51,ag2312P6400,ag2312P6400,796.5,0.0,0.0,0.0,2,492.0,1167.5,2,796.5,795.5,0.0,0.0,0.0,0.0,2
2023-05-09 21:08:52,ag2312P6400,ag2312P6400,796.5,0.0,0.0,0.0,2,492.0,1167.5,2,796.5,795.5,0.0,0.0,0.0,0.0,2
2023-05-09 21:08:52,ag2312P6400,ag2312P6400,796.5,0.0,0.0,0.0,1,493.5,1166.0,1,796.5,795.5,0.0,0.0,0.0,0.0,2
2023-05-09 21:08:53,ag2312P6400,ag2312P6400,796.5,0.0,0.0,0.0,1,493.5,1166.0,1,796.5,795.5,0.0,0.0,0.0,0.0,2
2023-05-09 21:08:53,ag2312P6400,ag2312P6400,796.5,0.0,0.0,0.0,2,494.0,1165.5,2,796.5,795.5,0.0,0.0,0.0,0.0,2
2023-05-09 21:08:54,ag2312P6400,ag2312P6400,796.5,0.0,0.0,0.0,2,494.0,1165.5,2,796.5,795.5,0.0,0.0,0.0,0.0,2
2023-05-09 21:08:55,ag2312P6400,ag2312P6400,796.5,0.0,0.0,0.0,1,495.5,1164.0,1,796.5,795.5,0.0,0.0,0.0,0.0,2
2023-05-09 21:08:56,ag2312P6400,ag2312P6400,796.5,0.0,0.0,0.0,1,495.5,1164.0,1,796.5,795.5,0.0,0.0,0.0,0.0,2
2023-05-09 21:08:56,ag2312P6400,ag2312P6400,796.5,0.0,0.0,0.0,2,496.0,1163.5,2,796.5,795.5,0.0,0.0,0.0,0.0,2
2023-05-09 21:08:57,ag2312P6400,ag2312P6400,796.5,0.0,0.0,0.0,2,496.0,1163.5,2,796.5,795.5,0.0,0.0,0.0,0.0,2
2023-05-09 21:09:17,ag2312P6400,ag2312P6400,796.5,0.0,0.0,0.0,2,496.0,1162.0,1,796.5,795.5,0.0,0.0,0.0,0.0,2
2023-05-09 21:09:18,ag2312P6400,ag2312P6400,796.5,0.0,0.0,0.0,2,496.0,1162.0,1,796.5,795.5,0.0,0.0,0.0,0.0,2
2023-05-09 21:09:18,ag2312P6400,ag2312P6400,796.5,0.0,0.0,0.0,2,496.0,1161.5,2,796.5,795.5,0.0,0.0,0.0,0.0,2
2023-05-09 21:09:19,ag2312P6400,ag2312P6400,796.5,0.0,0.0,0.0,2,496.0,1161.5,2,796.5,795.5,0.0,0.0,0.0,0.0,2
2023-05-09 21:09:25,ag2312P6400,ag2312P6400,796.5,0.0,0.0,0.0,1,497.5,1160.0,1,796.5,795.5,0.0,0.0,0.0,0.0,2
2023-05-09 21:09:25,ag2312P6400,ag2312P6400,796.5,0.0,0.0,0.0,1,497.5,1160.0,1,796.5,795.5,0.0,0.0,0.0,0.0,2
2023-05-09 21:09:26,ag2312P6400,ag2312P6400,796.5,0.0,0.0,0.0,2,498.0,1159.5,2,796.5,795.5,0.0,0.0,0.0,0.0,2
2023-05-09 21:09:26,ag2312P6400,ag2312P6400,796.5,0.0,0.0,0.0,2,498.0,1159.5,2,796.5,795.5,0.0,0.0,0.0,0.0,2
2023-05-09 21:09:27,ag2312P6400,ag2312P6400,796.5,0.0,0.0,0.0,1,499.5,1158.0,1,796.5,795.5,0.0,0.0,0.0,0.0,2
2023-05-09 21:09:27,ag2312P6400,ag2312P6400,796.5,0.0,0.0,0.0,1,499.5,1158.0,1,796.5,795.5,0.0,0.0,0.0,0.0,2
2023-05-09 21:09:28,ag2312P6400,ag2312P6400,796.5,0.0,0.0,0.0,2,500.0,1157.5,2,796.5,795.5,0.0,0.0,0.0,0.0,2
2023-05-09 21:09:28,ag2312P6400,ag2312P6400,796.5,0.0,0.0,0.0,2,500.0,1157.5,2,796.5,795.5,0.0,0.0,0.0,0.0,2
2023-05-09 21:09:29,ag2312P6400,ag2312P6400,796.5,0.0,0.0,0.0,1,501.5,1156.0,1,796.5,795.5,0.0,0.0,0.0,0.0,2
2023-05-09 21:09:29,ag2312P6400,ag2312P6400,796.5,0.0,0.0,0.0,1,501.5,1156.0,1,796.5,795.5,0.0,0.0,0.0,0.0,2
2023-05-09 21:09:30,ag2312P6400,ag2312P6400,796.5,0.0,0.0,0.0,2,502.0,1155.5,2,796.5,795.5,0.0,0.0,0.0,0.0,2
2023-05-09 21:09:31,ag2312P6400,ag2312P6400,796.5,0.0,0.0,0.0,2,502.0,1155.5,2,796.5,795.5,0.0,0.0,0.0,0.0,2
2023-05-09 21:09:42,ag2312P6400,ag2312P6400,796.5,0.0,0.0,0.0,1,503.5,1154.0,1,796.5,795.5,0.0,0.0,0.0,0.0,2
2023-05-09 21:09:42,ag2312P6400,ag2312P6400,796.5,0.0,0.0,0.0,1,503.5,1154.0,1,796.5,795.5,0.0,0.0,0.0,0.0,2
2023-05-09 21:09:43,ag2312P6400,ag2312P6400,796.5,0.0,0.0,0.0,2,504.0,1153.5,2,796.5,795.5,0.0,0.0,0.0,0.0,2
2023-05-09 21:09:43,ag2312P6400,ag2312P6400,796.5,0.0,0.0,0.0,2,504.0,1153.5,2,796.5,795.5,0.0,0.0,0.0,0.0,2
2023-05-09 21:09:44,ag2312P6400,ag2312P6400,796.5,0.0,0.0,0.0,1,505.5,1152.0,1,796.5,795.5,0.0,0.0,0.0,0.0,2
2023-05-09 21:09:44,ag2312P6400,ag2312P6400,796.5,0.0,0.0,0.0,1,505.5,1152.0,1,796.5,795.5,0.0,0.0,0.0,0.0,2
2023-05-09 21:09:45,ag2312P6400,ag2312P6400,796.5,0.0,0.0,0.0,2,506.0,1151.5,2,796.5,795.5,0.0,0.0,0.0,0.0,2
2023-05-09 21:09:45,ag2312P6400,ag2312P6400,796.5,0.0,0.0,0.0,2,506.0,1151.5,2,796.5,795.5,0.0,0.0,0.0,0.0,2
2023-05-09 21:09:46,ag2312P6400,ag2312P6400,796.5,0.0,0.0,0.0,1,507.5,1150.0,1,796.5,795.5,0.0,0.0,0.0,0.0,2
2023-05-09 21:09:46,ag2312P6400,ag2312P6400,796.5,0.0,0.0,0.0,1,507.5,1150.0,1,796.5,795.5,0.0,0.0,0.0,0.0,2
2023-05-09 21:09:47,ag2312P6400,ag2312P6400,796.5,0.0,0.0,0.0,2,508.0,1149.5,2,796.5,795.5,0.0,0.0,0.0,0.0,2
2023-05-09 21:09:47,ag2312P6400,ag2312P6400,796.5,0.0,0.0,0.0,1,509.5,1149.5,2,796.5,795.5,0.0,0.0,0.0,0.0,2
2023-05-09 21:09:48,ag2312P6400,ag2312P6400,796.5,0.0,0.0,0.0,1,509.5,1149.5,2,796.5,795.5,0.0,0.0,0.0,0.0,2
2023-05-09 21:09:48,ag2312P6400,ag2312P6400,796.5,0.0,0.0,0.0,2,510.0,1149.5,2,796.5,795.5,0.0,0.0,0.0,0.0,2
2023-05-09 21:09:49,ag2312P6400,ag2312P6400,796.5,0.0,0.0,0.0,2,510.0,1149.5,2,796.5,795.5,0.0,0.0,0.0,0.0,2
2023-05-09 21:09:49,ag2312P6400,ag2312P6400,796.5,0.0,0.0,0.0,1,511.5,1148.0,1,796.5,795.5,0.0,0.0,0.0,0.0,2
2023-05-09 21:09:50,ag2312P6400,ag2312P6400,796.5,0.0,0.0,0.0,1,511.5,1148.0,1,796.5,795.5,0.0,0.0,0.0,0.0,2
2023-05-09 21:09:50,ag2312P6400,ag2312P6400,796.5,0.0,0.0,0.0,2,512.0,1147.5,2,796.5,795.5,0.0,0.0,0.0,0.0,2
2023-05-09 21:09:51,ag2312P6400,ag2312P6400,796.5,0.0,0.0,0.0,2,512.0,1147.5,2,796.5,795.5,0.0,0.0,0.0,0.0,2
2023-05-09 21:09:51,ag2312P6400,ag2312P6400,796.5,0.0,0.0,0.0,1,513.5,1146.0,1,796.5,795.5,0.0,0.0,0.0,0.0,2
2023-05-09 21:09:52,ag2312P6400,ag2312P6400,796.5,0.0,0.0,0.0,1,513.5,1146.0,1,796.5,795.5,0.0,0.0,0.0,0.0,2
2023-05-09 21:09:52,ag2312P6400,ag2312P6400,796.5,0.0,0.0,0.0,2,514.0,1145.5,2,796.5,795.5,0.0,0.0,0.0,0.0,2
2023-05-09 21:09:53,ag2312P6400,ag2312P6400,796.5,0.0,0.0,0.0,2,514.0,1145.5,2,796.5,795.5,0.0,0.0,0.0,0.0,2
2023-05-09 21:10:20,ag2312P6400,ag2312P6400,796.5,0.0,0.0,0.0,1,515.5,1144.0,1,796.5,795.5,0.0,0.0,0.0,0.0,2
2023-05-09 21:10:21,ag2312P6400,ag2312P6400,796.5,0.0,0.0,0.0,1,515.5,1144.0,1,796.5,795.5,0.0,0.0,0.0,0.0,2
2023-05-09 21:10:21,ag2312P6400,ag2312P6400,796.5,0.0,0.0,0.0,2,516.0,1143.5,2,796.5,795.5,0.0,0.0,0.0,0.0,2
2023-05-09 21:10:22,ag2312P6400,ag2312P6400,796.5,0.0,0.0,0.0,2,516.0,1143.5,2,796.5,795.5,0.0,0.0,0.0,0.0,2
2023-05-09 21:10:22,ag2312P6400,ag2312P6400,796.5,0.0,0.0,0.0,2,516.0,1143.5,2,796.5,795.5,0.0,0.0,0.0,0.0,2
2023-05-09 21:10:23,ag2312P6400,ag2312P6400,796.5,0.0,0.0,0.0,1,517.5,1142.0,1,796.5,795.5,0.0,0.0,0.0,0.0,2
2023-05-09 21:10:23,ag2312P6400,ag2312P6400,796.5,0.0,0.0,0.0,1,517.5,1142.0,1,796.5,795.5,0.0,0.0,0.0,0.0,2
2023-05-09 21:10:24,ag2312P6400,ag2312P6400,796.5,0.0,0.0,0.0,2,518.0,1141.5,2,796.5,795.5,0.0,0.0,0.0,0.0,2
2023-05-09 21:10:24,ag2312P6400,ag2312P6400,796.5,0.0,0.0,0.0,2,518.0,1141.5,2,796.5,795.5,0.0,0.0,0.0,0.0,2
2023-05-09 21:10:25,ag2312P6400,ag2312P6400,796.5,0.0,0.0,0.0,1,519.5,1140.0,1,796.5,795.5,0.0,0.0,0.0,0.0,2
2023-05-09 21:10:25,ag2312P6400,ag2312P6400,796.5,0.0,0.0,0.0,1,519.5,1140.0,1,796.5,795.5,0.0,0.0,0.0,0.0,2
2023-05-09 21:10:26,ag2312P6400,ag2312P6400,796.5,0.0,0.0,0.0,2,520.0,1139.5,2,796.5,795.5,0.0,0.0,0.0,0.0,2
2023-05-09 21:10:26,ag2312P6400,ag2312P6400,796.5,0.0,0.0,0.0,2,520.0,1139.5,2,796.5,795.5,0.0,0.0,0.0,0.0,2
2023-05-09 21:10:30,ag2312P6400,ag2312P6400,796.5,0.0,0.0,0.0,1,521.5,1138.0,1,796.5,795.5,0.0,0.0,0.0,0.0,2
2023-05-09 21:10:31,ag2312P6400,ag2312P6400,796.5,0.0,0.0,0.0,1,521.5,1138.0,1,796.5,795.5,0.0,0.0,0.0,0.0,2
2023-05-09 21:10:31,ag2312P6400,ag2312P6400,796.5,0.0,0.0,0.0,2,522.0,1137.5,2,796.5,795.5,0.0,0.0,0.0,0.0,2
2023-05-09 21:10:32,ag2312P6400,ag2312P6400,796.5,0.0,0.0,0.0,2,522.0,1137.5,2,796.5,795.5,0.0,0.0,0.0,0.0,2
2023-05-09 21:10:32,ag2312P6400,ag2312P6400,796.5,0.0,0.0,0.0,1,523.5,1136.0,1,796.5,795.5,0.0,0.0,0.0,0.0,2
2023-05-09 21:10:33,ag2312P6400,ag2312P6400,796.5,0.0,0.0,0.0,1,523.5,1136.0,1,796.5,795.5,0.0,0.0,0.0,0.0,2
2023-05-09 21:10:33,ag2312P6400,ag2312P6400,796.5,0.0,0.0,0.0,2,524.0,1135.5,2,796.5,795.5,0.0,0.0,0.0,0.0,2
2023-05-09 21:10:34,ag2312P6400,ag2312P6400,796.5,0.0,0.0,0.0,2,524.0,1135.5,2,796.5,795.5,0.0,0.0,0.0,0.0,2
2023-05-09 21:10:36,ag2312P6400,ag2312P6400,796.5,0.0,0.0,0.0,1,525.5,1134.0,1,796.5,795.5,0.0,0.0,0.0,0.0,2
2023-05-09 21:10:36,ag2312P6400,ag2312P6400,796.5,0.0,0.0,0.0,1,525.5,1134.0,1,796.5,795.5,0.0,0.0,0.0,0.0,2
2023-05-09 21:10:37,ag2312P6400,ag2312P6400,796.5,0.0,0.0,0.0,2,526.0,1133.5,2,796.5,795.5,0.0,0.0,0.0,0.0,2
2023-05-09 21:10:37,ag2312P6400,ag2312P6400,796.5,0.0,0.0,0.0,2,526.0,1133.5,2,796.5,795.5,0.0,0.0,0.0,0.0,2
2023-05-09 21:10:41,ag2312P6400,ag2312P6400,796.5,0.0,0.0,0.0,1,527.5,1132.0,1,796.5,795.5,0.0,0.0,0.0,0.0,2
2023-05-09 21:10:42,ag2312P6400,ag2312P6400,796.5,0.0,0.0,0.0,1,527.5,1132.0,1,796.5,795.5,0.0,0.0,0.0,0.0,2
2023-05-09 21:10:42,ag2312P6400,ag2312P6400,796.5,0.0,0.0,0.0,2,528.0,1131.5,2,796.5,795.5,0.0,0.0,0.0,0.0,2
2023-05-09 21:10:43,ag2312P6400,ag2312P6400,796.5,0.0,0.0,0.0,2,528.0,1131.5,2,796.5,795.5,0.0,0.0,0.0,0.0,2
2023-05-09 21:10:46,ag2312P6400,ag2312P6400,796.5,0.0,0.0,0.0,1,529.5,1130.0,1,796.5,795.5,0.0,0.0,0.0,0.0,2
2023-05-09 21:10:46,ag2312P6400,ag2312P6400,796.5,0.0,0.0,0.0,1,529.5,1130.0,1,796.5,795.5,0.0,0.0,0.0,0.0,2
2023-05-09 21:10:47,ag2312P6400,ag2312P6400,796.5,0.0,0.0,0.0,2,530.0,1129.5,2,796.5,795.5,0.0,0.0,0.0,0.0,2
2023-05-09 21:10:47,ag2312P6400,ag2312P6400,796.5,0.0,0.0,0.0,2,530.0,1129.5,2,796.5,795.5,0.0,0.0,0.0,0.0,2
2023-05-09 21:10:51,ag2312P6400,ag2312P6400,796.5,0.0,0.0,0.0,1,531.5,1128.0,1,796.5,795.5,0.0,0.0,0.0,0.0,2
2023-05-09 21:10:51,ag2312P6400,ag2312P6400,796.5,0.0,0.0,0.0,1,531.5,1128.0,1,796.5,795.5,0.0,0.0,0.0,0.0,2
2023-05-09 21:10:52,ag2312P6400,ag2312P6400,796.5,0.0,0.0,0.0,2,532.0,1127.5,2,796.5,795.5,0.0,0.0,0.0,0.0,2
2023-05-09 21:10:53,ag2312P6400,ag2312P6400,796.5,0.0,0.0,0.0,2,532.0,1127.5,2,796.5,795.5,0.0,0.0,0.0,0.0,2
2023-05-09 21:11:06,ag2312P6400,ag2312P6400,796.5,0.0,0.0,0.0,1,533.5,1126.0,1,796.5,795.5,0.0,0.0,0.0,0.0,2
2023-05-09 21:11:07,ag2312P6400,ag2312P6400,796.5,0.0,0.0,0.0,1,533.5,1126.0,1,796.5,795.5,0.0,0.0,0.0,0.0,2
2023-05-09 21:11:07,ag2312P6400,ag2312P6400,796.5,0.0,0.0,0.0,2,534.0,1125.5,2,796.5,795.5,0.0,0.0,0.0,0.0,2
2023-05-09 21:11:08,ag2312P6400,ag2312P6400,796.5,0.0,0.0,0.0,2,534.0,1125.5,2,796.5,795.5,0.0,0.0,0.0,0.0,2
2023-05-09 21:11:10,ag2312P6400,ag2312P6400,796.5,0.0,0.0,0.0,1,535.5,1124.0,1,796.5,795.5,0.0,0.0,0.0,0.0,2
2023-05-09 21:11:10,ag2312P6400,ag2312P6400,796.5,0.0,0.0,0.0,1,535.5,1124.0,1,796.5,795.5,0.0,0.0,0.0,0.0,2
2023-05-09 21:11:11,ag2312P6400,ag2312P6400,796.5,0.0,0.0,0.0,2,536.0,1123.5,2,796.5,795.5,0.0,0.0,0.0,0.0,2
2023-05-09 21:11:11,ag2312P6400,ag2312P6400,796.5,0.0,0.0,0.0,2,536.0,1123.5,2,796.5,795.5,0.0,0.0,0.0,0.0,2
2023-05-09 21:11:52,ag2312P6400,ag2312P6400,796.5,0.0,0.0,0.0,2,536.0,1122.0,1,796.5,795.5,0.0,0.0,0.0,0.0,2
2023-05-09 21:11:53,ag2312P6400,ag2312P6400,796.5,0.0,0.0,0.0,2,536.0,1122.0,1,796.5,795.5,0.0,0.0,0.0,0.0,2
2023-05-09 21:11:53,ag2312P6400,ag2312P6400,796.5,0.0,0.0,0.0,2,536.0,1121.5,2,796.5,795.5,0.0,0.0,0.0,0.0,2
2023-05-09 21:11:54,ag2312P6400,ag2312P6400,796.5,0.0,0.0,0.0,2,536.0,1121.5,2,796.5,795.5,0.0,0.0,0.0,0.0,2
2023-05-09 21:12:00,ag2312P6400,ag2312P6400,796.5,0.0,0.0,0.0,1,537.5,1120.0,1,796.5,795.5,0.0,0.0,0.0,0.0,2
2023-05-09 21:12:00,ag2312P6400,ag2312P6400,796.5,0.0,0.0,0.0,1,537.5,1120.0,1,796.5,795.5,0.0,0.0,0.0,0.0,2
2023-05-09 21:12:01,ag2312P6400,ag2312P6400,796.5,0.0,0.0,0.0,2,538.0,1119.5,2,796.5,795.5,0.0,0.0,0.0,0.0,2
2023-05-09 21:12:01,ag2312P6400,ag2312P6400,796.5,0.0,0.0,0.0,2,538.0,1119.5,2,796.5,795.5,0.0,0.0,0.0,0.0,2
2023-05-09 21:12:11,ag2312P6400,ag2312P6400,796.5,0.0,0.0,0.0,1,539.5,1118.0,1,796.5,795.5,0.0,0.0,0.0,0.0,2
2023-05-09 21:12:12,ag2312P6400,ag2312P6400,796.5,0.0,0.0,0.0,1,539.5,1118.0,1,796.5,795.5,0.0,0.0,0.0,0.0,2
2023-05-09 21:12:12,ag2312P6400,ag2312P6400,796.5,0.0,0.0,0.0,2,540.0,1117.5,2,796.5,795.5,0.0,0.0,0.0,0.0,2
2023-05-09 21:12:13,ag2312P6400,ag2312P6400,796.5,0.0,0.0,0.0,2,540.0,1117.5,2,796.5,795.5,0.0,0.0,0.0,0.0,2
2023-05-09 21:12:14,ag2312P6400,ag2312P6400,796.5,0.0,0.0,0.0,1,541.5,1117.5,2,796.5,795.5,0.0,0.0,0.0,0.0,2
2023-05-09 21:12:14,ag2312P6400,ag2312P6400,796.5,0.0,0.0,0.0,1,541.5,1117.5,2,796.5,795.5,0.0,0.0,0.0,0.0,2
2023-05-09 21:12:15,ag2312P6400,ag2312P6400,796.5,0.0,0.0,0.0,2,542.0,1117.5,2,796.5,795.5,0.0,0.0,0.0,0.0,2
2023-05-09 21:12:15,ag2312P6400,ag2312P6400,796.5,0.0,0.0,0.0,2,542.0,1117.5,2,796.5,795.5,0.0,0.0,0.0,0.0,2
2023-05-09 21:12:24,ag2312P6400,ag2312P6400,796.5,0.0,0.0,0.0,1,543.5,1116.0,1,796.5,795.5,0.0,0.0,0.0,0.0,2
2023-05-09 21:12:25,ag2312P6400,ag2312P6400,796.5,0.0,0.0,0.0,1,543.5,1116.0,1,796.5,795.5,0.0,0.0,0.0,0.0,2
2023-05-09 21:12:25,ag2312P6400,ag2312P6400,796.5,0.0,0.0,0.0,2,544.0,1115.5,2,796.5,795.5,0.0,0.0,0.0,0.0,2
2023-05-09 21:12:26,ag2312P6400,ag2312P6400,796.5,0.0,0.0,0.0,2,544.0,1115.5,2,796.5,795.5,0.0,0.0,0.0,0.0,2
2023-05-09 21:12:27,ag2312P6400,ag2312P6400,796.5,0.0,0.0,0.0,1,545.5,1114.0,1,796.5,795.5,0.0,0.0,0.0,0.0,2
2023-05-09 21:12:28,ag2312P6400,ag2312P6400,796.5,0.0,0.0,0.0,1,545.5,1114.0,1,796.5,795.5,0.0,0.0,0.0,0.0,2
2023-05-09 21:12:28,ag2312P6400,ag2312P6400,796.5,0.0,0.0,0.0,2,546.0,1113.5,2,796.5,795.5,0.0,0.0,0.0,0.0,2
2023-05-09 21:12:29,ag2312P6400,ag2312P6400,796.5,0.0,0.0,0.0,2,546.0,1113.5,2,796.5,795.5,0.0,0.0,0.0,0.0,2
2023-05-09 21:12:35,ag2312P6400,ag2312P6400,796.5,0.0,0.0,0.0,1,547.5,1113.5,2,796.5,795.5,0.0,0.0,0.0,0.0,2
2023-05-09 21:12:36,ag2312P6400,ag2312P6400,796.5,0.0,0.0,0.0,1,547.5,1112.0,1,796.5,795.5,0.0,0.0,0.0,0.0,2
2023-05-09 21:12:36,ag2312P6400,ag2312P6400,796.5,0.0,0.0,0.0,2,548.0,1112.0,1,796.5,795.5,0.0,0.0,0.0,0.0,2
2023-05-09 21:12:37,ag2312P6400,ag2312P6400,796.5,0.0,0.0,0.0,2,548.0,1111.5,2,796.5,795.5,0.0,0.0,0.0,0.0,2
2023-05-09 21:12:37,ag2312P6400,ag2312P6400,796.5,0.0,0.0,0.0,2,548.0,1111.5,2,796.5,795.5,0.0,0.0,0.0,0.0,2
2023-05-09 21:12:50,ag2312P6400,ag2312P6400,796.5,0.0,0.0,0.0,1,549.5,1111.5,2,796.5,795.5,0.0,0.0,0.0,0.0,2
2023-05-09 21:12:51,ag2312P6400,ag2312P6400,796.5,0.0,0.0,0.0,1,549.5,1111.5,2,796.5,795.5,0.0,0.0,0.0,0.0,2
2023-05-09 21:12:51,ag2312P6400,ag2312P6400,796.5,0.0,0.0,0.0,2,550.0,1111.5,2,796.5,795.5,0.0,0.0,0.0,0.0,2
2023-05-09 21:12:52,ag2312P6400,ag2312P6400,796.5,0.0,0.0,0.0,2,550.0,1111.5,2,796.5,795.5,0.0,0.0,0.0,0.0,2
2023-05-09 21:13:26,ag2312P6400,ag2312P6400,796.5,0.0,0.0,0.0,1,551.5,1111.5,2,796.5,795.5,0.0,0.0,0.0,0.0,2
2023-05-09 21:13:27,ag2312P6400,ag2312P6400,796.5,0.0,0.0,0.0,1,551.5,1111.5,2,796.5,795.5,0.0,0.0,0.0,0.0,2
2023-05-09 21:13:27,ag2312P6400,ag2312P6400,796.5,0.0,0.0,0.0,2,552.0,1111.5,2,796.5,795.5,0.0,0.0,0.0,0.0,2
2023-05-09 21:13:28,ag2312P6400,ag2312P6400,796.5,0.0,0.0,0.0,2,552.0,1110.0,1,796.5,795.5,0.0,0.0,0.0,0.0,2
2023-05-09 21:13:28,ag2312P6400,ag2312P6400,796.5,0.0,0.0,0.0,2,552.0,1110.0,1,796.5,795.5,0.0,0.0,0.0,0.0,2
2023-05-09 21:13:29,ag2312P6400,ag2312P6400,796.5,0.0,0.0,0.0,2,552.0,1109.5,2,796.5,795.5,0.0,0.0,0.0,0.0,2
2023-05-09 21:13:29,ag2312P6400,ag2312P6400,796.5,0.0,0.0,0.0,1,553.5,1109.5,2,796.5,795.5,0.0,0.0,0.0,0.0,2
2023-05-09 21:13:30,ag2312P6400,ag2312P6400,796.5,0.0,0.0,0.0,1,553.5,1109.5,2,796.5,795.5,0.0,0.0,0.0,0.0,2
2023-05-09 21:13:30,ag2312P6400,ag2312P6400,796.5,0.0,0.0,0.0,2,554.0,1109.5,2,796.5,795.5,0.0,0.0,0.0,0.0,2
2023-05-09 21:13:31,ag2312P6400,ag2312P6400,796.5,0.0,0.0,0.0,2,554.0,1109.5,2,796.5,795.5,0.0,0.0,0.0,0.0,2
2023-05-09 21:13:42,ag2312P6400,ag2312P6400,796.5,0.0,0.0,0.0,2,554.0,1108.0,1,796.5,795.5,0.0,0.0,0.0,0.0,2
2023-05-09 21:13:42,ag2312P6400,ag2312P6400,796.5,0.0,0.0,0.0,2,554.0,1108.0,1,796.5,795.5,0.0,0.0,0.0,0.0,2
2023-05-09 21:13:43,ag2312P6400,ag2312P6400,796.5,0.0,0.0,0.0,2,554.0,1107.5,2,796.5,795.5,0.0,0.0,0.0,0.0,2
2023-05-09 21:13:43,ag2312P6400,ag2312P6400,796.5,0.0,0.0,0.0,2,554.0,1107.5,2,796.5,795.5,0.0,0.0,0.0,0.0,2
2023-05-09 21:13:53,ag2312P6400,ag2312P6400,796.5,0.0,0.0,0.0,1,555.5,1107.5,2,796.5,795.5,0.0,0.0,0.0,0.0,2
2023-05-09 21:13:54,ag2312P6400,ag2312P6400,796.5,0.0,0.0,0.0,1,555.5,1106.0,1,796.5,795.5,0.0,0.0,0.0,0.0,2
2023-05-09 21:13:54,ag2312P6400,ag2312P6400,796.5,0.0,0.0,0.0,2,556.0,1106.0,1,796.5,795.5,0.0,0.0,0.0,0.0,2
2023-05-09 21:13:55,ag2312P6400,ag2312P6400,796.5,0.0,0.0,0.0,2,556.0,1105.5,2,796.5,795.5,0.0,0.0,0.0,0.0,2
2023-05-09 21:13:55,ag2312P6400,ag2312P6400,796.5,0.0,0.0,0.0,2,556.0,1105.5,2,796.5,795.5,0.0,0.0,0.0,0.0,2
2023-05-09 21:13:56,ag2312P6400,ag2312P6400,796.5,0.0,0.0,0.0,2,556.0,1104.0,1,796.5,795.5,0.0,0.0,0.0,0.0,2
2023-05-09 21:13:56,ag2312P6400,ag2312P6400,796.5,0.0,0.0,0.0,1,557.5,1104.0,1,796.5,795.5,0.0,0.0,0.0,0.0,2
2023-05-09 21:13:57,ag2312P6400,ag2312P6400,796.5,0.0,0.0,0.0,1,557.5,1103.5,2,796.5,795.5,0.0,0.0,0.0,0.0,2
2023-05-09 21:13:57,ag2312P6400,ag2312P6400,796.5,0.0,0.0,0.0,2,558.0,1103.5,2,796.5,795.5,0.0,0.0,0.0,0.0,2
2023-05-09 21:13:58,ag2312P6400,ag2312P6400,796.5,0.0,0.0,0.0,2,558.0,1103.5,2,796.5,795.5,0.0,0.0,0.0,0.0,2
2023-05-09 21:13:59,ag2312P6400,ag2312P6400,796.5,0.0,0.0,0.0,2,558.0,1102.0,1,796.5,795.5,0.0,0.0,0.0,0.0,2
2023-05-09 21:14:00,ag2312P6400,ag2312P6400,796.5,0.0,0.0,0.0,1,559.5,1102.0,1,796.5,795.5,0.0,0.0,0.0,0.0,2
2023-05-09 21:14:00,ag2312P6400,ag2312P6400,796.5,0.0,0.0,0.0,1,559.5,1101.5,2,796.5,795.5,0.0,0.0,0.0,0.0,2
2023-05-09 21:14:01,ag2312P6400,ag2312P6400,796.5,0.0,0.0,0.0,2,560.0,1101.5,2,796.5,795.5,0.0,0.0,0.0,0.0,2
2023-05-09 21:14:01,ag2312P6400,ag2312P6400,796.5,0.0,0.0,0.0,2,560.0,1101.5,2,796.5,795.5,0.0,0.0,0.0,0.0,2
2023-05-09 21:14:02,ag2312P6400,ag2312P6400,796.5,0.0,0.0,0.0,1,561.5,1101.5,2,796.5,795.5,0.0,0.0,0.0,0.0,2
2023-05-09 21:14:02,ag2312P6400,ag2312P6400,796.5,0.0,0.0,0.0,1,561.5,1101.5,2,796.5,795.5,0.0,0.0,0.0,0.0,2
2023-05-09 21:14:03,ag2312P6400,ag2312P6400,796.5,0.0,0.0,0.0,2,562.0,1100.0,1,796.5,795.5,0.0,0.0,0.0,0.0,2
2023-05-09 21:14:03,ag2312P6400,ag2312P6400,796.5,0.0,0.0,0.0,2,562.0,1100.0,1,796.5,795.5,0.0,0.0,0.0,0.0,2
2023-05-09 21:14:04,ag2312P6400,ag2312P6400,796.5,0.0,0.0,0.0,2,562.0,1099.5,2,796.5,795.5,0.0,0.0,0.0,0.0,2
2023-05-09 21:14:04,ag2312P6400,ag2312P6400,796.5,0.0,0.0,0.0,2,562.0,1099.5,2,796.5,795.5,0.0,0.0,0.0,0.0,2
2023-05-09 21:14:08,ag2312P6400,ag2312P6400,796.5,0.0,0.0,0.0,2,562.0,1098.0,1,796.5,795.5,0.0,0.0,0.0,0.0,2
2023-05-09 21:14:09,ag2312P6400,ag2312P6400,796.5,0.0,0.0,0.0,2,562.0,1098.0,1,796.5,795.5,0.0,0.0,0.0,0.0,2
2023-05-09 21:14:09,ag2312P6400,ag2312P6400,796.5,0.0,0.0,0.0,2,562.0,1097.5,2,796.5,795.5,0.0,0.0,0.0,0.0,2
2023-05-09 21:14:10,ag2312P6400,ag2312P6400,796.5,0.0,0.0,0.0,2,562.0,1097.5,2,796.5,795.5,0.0,0.0,0.0,0.0,2
2023-05-09 21:14:38,ag2312P6400,ag2312P6400,796.5,0.0,0.0,0.0,2,562.0,1096.0,1,796.5,795.5,0.0,0.0,0.0,0.0,2
2023-05-09 21:14:39,ag2312P6400,ag2312P6400,796.5,0.0,0.0,0.0,2,562.0,1096.0,1,796.5,795.5,0.0,0.0,0.0,0.0,2
2023-05-09 21:14:39,ag2312P6400,ag2312P6400,796.5,0.0,0.0,0.0,2,562.0,1095.5,2,796.5,795.5,0.0,0.0,0.0,0.0,2
2023-05-09 21:14:40,ag2312P6400,ag2312P6400,796.5,0.0,0.0,0.0,2,562.0,1095.5,2,796.5,795.5,0.0,0.0,0.0,0.0,2
2023-05-09 21:14:55,ag2312P6400,ag2312P6400,796.5,0.0,0.0,0.0,2,562.0,1094.0,1,796.5,795.5,0.0,0.0,0.0,0.0,2
2023-05-09 21:14:56,ag2312P6400,ag2312P6400,796.5,0.0,0.0,0.0,2,562.0,1094.0,1,796.5,795.5,0.0,0.0,0.0,0.0,2
2023-05-09 21:14:56,ag2312P6400,ag2312P6400,796.5,0.0,0.0,0.0,2,562.0,1093.5,2,796.5,795.5,0.0,0.0,0.0,0.0,2
2023-05-09 21:14:57,ag2312P6400,ag2312P6400,796.5,0.0,0.0,0.0,2,562.0,1092.0,1,796.5,795.5,0.0,0.0,0.0,0.0,2
2023-05-09 21:14:58,ag2312P6400,ag2312P6400,796.5,0.0,0.0,0.0,2,562.0,1092.0,1,796.5,795.5,0.0,0.0,0.0,0.0,2
2023-05-09 21:14:58,ag2312P6400,ag2312P6400,796.5,0.0,0.0,0.0,2,562.0,1091.5,2,796.5,795.5,0.0,0.0,0.0,0.0,2
2023-05-09 21:14:59,ag2312P6400,ag2312P6400,796.5,0.0,0.0,0.0,2,562.0,1091.5,2,796.5,795.5,0.0,0.0,0.0,0.0,2
2023-05-09 21:15:00,ag2312P6400,ag2312P6400,796.5,0.0,0.0,0.0,1,563.5,1091.5,2,796.5,795.5,0.0,0.0,0.0,0.0,2
2023-05-09 21:15:01,ag2312P6400,ag2312P6400,796.5,0.0,0.0,0.0,1,563.5,1091.5,2,796.5,795.5,0.0,0.0,0.0,0.0,2
2023-05-09 21:15:01,ag2312P6400,ag2312P6400,796.5,0.0,0.0,0.0,2,564.0,1091.5,2,796.5,795.5,0.0,0.0,0.0,0.0,2
2023-05-09 21:15:02,ag2312P6400,ag2312P6400,796.5,0.0,0.0,0.0,1,565.5,1091.5,2,796.5,795.5,0.0,0.0,0.0,0.0,2
2023-05-09 21:15:03,ag2312P6400,ag2312P6400,796.5,0.0,0.0,0.0,1,565.5,1091.5,2,796.5,795.5,0.0,0.0,0.0,0.0,2
2023-05-09 21:15:03,ag2312P6400,ag2312P6400,796.5,0.0,0.0,0.0,2,566.0,1090.0,1,796.5,795.5,0.0,0.0,0.0,0.0,2
2023-05-09 21:15:04,ag2312P6400,ag2312P6400,796.5,0.0,0.0,0.0,2,566.0,1090.0,1,796.5,795.5,0.0,0.0,0.0,0.0,2
2023-05-09 21:15:04,ag2312P6400,ag2312P6400,796.5,0.0,0.0,0.0,2,566.0,1089.5,2,796.5,795.5,0.0,0.0,0.0,0.0,2
2023-05-09 21:15:05,ag2312P6400,ag2312P6400,796.5,0.0,0.0,0.0,2,566.0,1089.5,2,796.5,795.5,0.0,0.0,0.0,0.0,2
2023-05-09 21:15:06,ag2312P6400,ag2312P6400,796.5,0.0,0.0,0.0,2,566.0,1088.0,1,796.5,795.5,0.0,0.0,0.0,0.0,2
2023-05-09 21:15:07,ag2312P6400,ag2312P6400,796.5,0.0,0.0,0.0,1,567.5,1088.0,1,796.5,795.5,0.0,0.0,0.0,0.0,2
2023-05-09 21:15:07,ag2312P6400,ag2312P6400,796.5,0.0,0.0,0.0,1,567.5,1087.5,2,796.5,795.5,0.0,0.0,0.0,0.0,2
2023-05-09 21:15:08,ag2312P6400,ag2312P6400,796.5,0.0,0.0,0.0,2,568.0,1087.5,2,796.5,795.5,0.0,0.0,0.0,0.0,2
2023-05-09 21:15:09,ag2312P6400,ag2312P6400,796.5,0.0,0.0,0.0,2,568.0,1087.5,2,796.5,795.5,0.0,0.0,0.0,0.0,2
2023-05-09 21:15:09,ag2312P6400,ag2312P6400,796.5,0.0,0.0,0.0,1,569.5,1086.0,1,796.5,795.5,0.0,0.0,0.0,0.0,2
2023-05-09 21:15:10,ag2312P6400,ag2312P6400,796.5,0.0,0.0,0.0,1,569.5,1086.0,1,796.5,795.5,0.0,0.0,0.0,0.0,2
2023-05-09 21:15:10,ag2312P6400,ag2312P6400,796.5,0.0,0.0,0.0,2,570.0,1085.5,2,796.5,795.5,0.0,0.0,0.0,0.0,2
2023-05-09 21:15:11,ag2312P6400,ag2312P6400,796.5,0.0,0.0,0.0,1,571.5,1085.5,2,796.5,795.5,0.0,0.0,0.0,0.0,2
2023-05-09 21:15:12,ag2312P6400,ag2312P6400,796.5,0.0,0.0,0.0,1,571.5,1084.0,1,796.5,795.5,0.0,0.0,0.0,0.0,2
2023-05-09 21:15:12,ag2312P6400,ag2312P6400,796.5,0.0,0.0,0.0,2,572.0,1084.0,1,796.5,795.5,0.0,0.0,0.0,0.0,2
2023-05-09 21:15:13,ag2312P6400,ag2312P6400,796.5,0.0,0.0,0.0,2,572.0,1083.5,2,796.5,795.5,0.0,0.0,0.0,0.0,2
2023-05-09 21:15:13,ag2312P6400,ag2312P6400,796.5,0.0,0.0,0.0,2,572.0,1083.5,2,796.5,795.5,0.0,0.0,0.0,0.0,2
2023-05-09 21:15:23,ag2312P6400,ag2312P6400,796.5,0.0,0.0,0.0,1,573.5,1083.5,2,796.5,795.5,0.0,0.0,0.0,0.0,2
2023-05-09 21:15:23,ag2312P6400,ag2312P6400,796.5,0.0,0.0,0.0,1,573.5,1083.5,2,796.5,795.5,0.0,0.0,0.0,0.0,2
2023-05-09 21:15:24,ag2312P6400,ag2312P6400,796.5,0.0,0.0,0.0,2,574.0,1082.0,1,796.5,795.5,0.0,0.0,0.0,0.0,2
2023-05-09 21:15:24,ag2312P6400,ag2312P6400,796.5,0.0,0.0,0.0,2,574.0,1082.0,1,796.5,795.5,0.0,0.0,0.0,0.0,2
2023-05-09 21:15:25,ag2312P6400,ag2312P6400,796.5,0.0,0.0,0.0,1,575.5,1081.5,2,796.5,795.5,0.0,0.0,0.0,0.0,2
2023-05-09 21:15:25,ag2312P6400,ag2312P6400,796.5,0.0,0.0,0.0,1,575.5,1081.5,2,796.5,795.5,0.0,0.0,0.0,0.0,2
2023-05-09 21:15:26,ag2312P6400,ag2312P6400,796.5,0.0,0.0,0.0,2,576.0,1081.5,2,796.5,795.5,0.0,0.0,0.0,0.0,2
2023-05-09 21:15:26,ag2312P6400,ag2312P6400,796.5,0.0,0.0,0.0,2,576.0,1081.5,2,796.5,795.5,0.0,0.0,0.0,0.0,2
2023-05-09 21:15:34,ag2312P6400,ag2312P6400,796.5,0.0,0.0,0.0,1,577.5,1081.5,2,796.5,795.5,0.0,0.0,0.0,0.0,2
2023-05-09 21:15:35,ag2312P6400,ag2312P6400,796.5,0.0,0.0,0.0,2,578.0,1081.5,2,796.5,795.5,0.0,0.0,0.0,0.0,2
2023-05-09 21:15:36,ag2312P6400,ag2312P6400,796.5,0.0,0.0,0.0,2,578.0,1081.5,2,796.5,795.5,0.0,0.0,0.0,0.0,2
2023-05-09 21:15:37,ag2312P6400,ag2312P6400,796.5,0.0,0.0,0.0,2,578.0,1080.0,1,796.5,795.5,0.0,0.0,0.0,0.0,2
2023-05-09 21:15:37,ag2312P6400,ag2312P6400,796.5,0.0,0.0,0.0,2,578.0,1080.0,1,796.5,795.5,0.0,0.0,0.0,0.0,2
2023-05-09 21:15:38,ag2312P6400,ag2312P6400,796.5,0.0,0.0,0.0,2,578.0,1079.5,2,796.5,795.5,0.0,0.0,0.0,0.0,2
2023-05-09 21:15:38,ag2312P6400,ag2312P6400,796.5,0.0,0.0,0.0,2,578.0,1079.5,2,796.5,795.5,0.0,0.0,0.0,0.0,2
2023-05-09 21:15:39,ag2312P6400,ag2312P6400,796.5,0.0,0.0,0.0,1,579.5,1078.0,1,796.5,795.5,0.0,0.0,0.0,0.0,2
2023-05-09 21:15:39,ag2312P6400,ag2312P6400,796.5,0.0,0.0,0.0,1,579.5,1078.0,1,796.5,795.5,0.0,0.0,0.0,0.0,2
2023-05-09 21:15:40,ag2312P6400,ag2312P6400,796.5,0.0,0.0,0.0,2,580.0,1077.5,2,796.5,795.5,0.0,0.0,0.0,0.0,2
2023-05-09 21:15:41,ag2312P6400,ag2312P6400,796.5,0.0,0.0,0.0,2,580.0,1077.5,2,796.5,795.5,0.0,0.0,0.0,0.0,2
2023-05-09 21:15:56,ag2312P6400,ag2312P6400,796.5,0.0,0.0,0.0,2,580.0,1076.0,1,796.5,795.5,0.0,0.0,0.0,0.0,2
2023-05-09 21:15:56,ag2312P6400,ag2312P6400,796.5,0.0,0.0,0.0,2,580.0,1076.0,1,796.5,795.5,0.0,0.0,0.0,0.0,2
2023-05-09 21:15:57,ag2312P6400,ag2312P6400,796.5,0.0,0.0,0.0,2,580.0,1075.5,2,796.5,795.5,0.0,0.0,0.0,0.0,2
2023-05-09 21:15:58,ag2312P6400,ag2312P6400,796.5,0.0,0.0,0.0,2,580.0,1074.0,1,796.5,795.5,0.0,0.0,0.0,0.0,2
2023-05-09 21:15:58,ag2312P6400,ag2312P6400,796.5,0.0,0.0,0.0,2,580.0,1074.0,1,796.5,795.5,0.0,0.0,0.0,0.0,2
2023-05-09 21:15:59,ag2312P6400,ag2312P6400,796.5,0.0,0.0,0.0,1,581.5,1073.5,2,796.5,795.5,0.0,0.0,0.0,0.0,2
2023-05-09 21:15:59,ag2312P6400,ag2312P6400,796.5,0.0,0.0,0.0,1,581.5,1073.5,2,796.5,795.5,0.0,0.0,0.0,0.0,2
2023-05-09 21:16:00,ag2312P6400,ag2312P6400,796.5,0.0,0.0,0.0,2,582.0,1073.5,2,796.5,795.5,0.0,0.0,0.0,0.0,2
2023-05-09 21:16:00,ag2312P6400,ag2312P6400,796.5,0.0,0.0,0.0,1,583.5,1073.5,2,796.5,795.5,0.0,0.0,0.0,0.0,2
2023-05-09 21:16:01,ag2312P6400,ag2312P6400,796.5,0.0,0.0,0.0,1,583.5,1072.0,1,796.5,795.5,0.0,0.0,0.0,0.0,2
2023-05-09 21:16:01,ag2312P6400,ag2312P6400,796.5,0.0,0.0,0.0,2,584.0,1072.0,1,796.5,795.5,0.0,0.0,0.0,0.0,2
2023-05-09 21:16:02,ag2312P6400,ag2312P6400,796.5,0.0,0.0,0.0,2,584.0,1071.5,2,796.5,795.5,0.0,0.0,0.0,0.0,2
2023-05-09 21:16:02,ag2312P6400,ag2312P6400,796.5,0.0,0.0,0.0,2,584.0,1071.5,2,796.5,795.5,0.0,0.0,0.0,0.0,2
2023-05-09 21:16:03,ag2312P6400,ag2312P6400,796.5,0.0,0.0,0.0,1,585.5,1070.0,1,796.5,795.5,0.0,0.0,0.0,0.0,2
2023-05-09 21:16:04,ag2312P6400,ag2312P6400,796.5,0.0,0.0,0.0,1,585.5,1070.0,1,796.5,795.5,0.0,0.0,0.0,0.0,2
2023-05-09 21:16:04,ag2312P6400,ag2312P6400,796.5,0.0,0.0,0.0,2,586.0,1069.5,2,796.5,795.5,0.0,0.0,0.0,0.0,2
2023-05-09 21:16:05,ag2312P6400,ag2312P6400,796.5,0.0,0.0,0.0,2,586.0,1069.5,2,796.5,795.5,0.0,0.0,0.0,0.0,2
2023-05-09 21:16:10,ag2312P6400,ag2312P6400,796.5,0.0,0.0,0.0,2,586.0,1068.0,1,796.5,795.5,0.0,0.0,0.0,0.0,2
2023-05-09 21:16:11,ag2312P6400,ag2312P6400,796.5,0.0,0.0,0.0,2,586.0,1068.0,1,796.5,795.5,0.0,0.0,0.0,0.0,2
2023-05-09 21:16:11,ag2312P6400,ag2312P6400,796.5,0.0,0.0,0.0,2,586.0,1067.5,2,796.5,795.5,0.0,0.0,0.0,0.0,2
2023-05-09 21:16:12,ag2312P6400,ag2312P6400,796.5,0.0,0.0,0.0,2,586.0,1067.5,2,796.5,795.5,0.0,0.0,0.0,0.0,2
2023-05-09 21:16:15,ag2312P6400,ag2312P6400,796.5,0.0,0.0,0.0,1,587.5,1067.5,2,796.5,795.5,0.0,0.0,0.0,0.0,2
2023-05-09 21:16:16,ag2312P6400,ag2312P6400,796.5,0.0,0.0,0.0,1,587.5,1066.0,1,796.5,795.5,0.0,0.0,0.0,0.0,2
2023-05-09 21:16:16,ag2312P6400,ag2312P6400,796.5,0.0,0.0,0.0,2,588.0,1066.0,1,796.5,795.5,0.0,0.0,0.0,0.0,2
2023-05-09 21:16:17,ag2312P6400,ag2312P6400,796.5,0.0,0.0,0.0,2,588.0,1065.5,2,796.5,795.5,0.0,0.0,0.0,0.0,2
2023-05-09 21:16:17,ag2312P6400,ag2312P6400,796.5,0.0,0.0,0.0,2,588.0,1064.0,1,796.5,795.5,0.0,0.0,0.0,0.0,2
2023-05-09 21:16:18,ag2312P6400,ag2312P6400,796.5,0.0,0.0,0.0,1,589.5,1064.0,1,796.5,795.5,0.0,0.0,0.0,0.0,2
2023-05-09 21:16:18,ag2312P6400,ag2312P6400,796.5,0.0,0.0,0.0,1,589.5,1063.5,2,796.5,795.5,0.0,0.0,0.0,0.0,2
2023-05-09 21:16:19,ag2312P6400,ag2312P6400,796.5,0.0,0.0,0.0,2,590.0,1063.5,2,796.5,795.5,0.0,0.0,0.0,0.0,2
2023-05-09 21:16:19,ag2312P6400,ag2312P6400,796.5,0.0,0.0,0.0,2,590.0,1063.5,2,796.5,795.5,0.0,0.0,0.0,0.0,2
2023-05-09 21:16:20,ag2312P6400,ag2312P6400,796.5,0.0,0.0,0.0,2,590.0,1063.5,2,796.5,795.5,0.0,0.0,0.0,0.0,2
2023-05-09 21:16:20,ag2312P6400,ag2312P6400,796.5,0.0,0.0,0.0,1,591.5,1063.5,2,796.5,795.5,0.0,0.0,0.0,0.0,2
2023-05-09 21:16:21,ag2312P6400,ag2312P6400,796.5,0.0,0.0,0.0,1,591.5,1063.5,2,796.5,795.5,0.0,0.0,0.0,0.0,2
2023-05-09 21:16:21,ag2312P6400,ag2312P6400,796.5,0.0,0.0,0.0,2,592.0,1063.5,2,796.5,795.5,0.0,0.0,0.0,0.0,2
2023-05-09 21:16:22,ag2312P6400,ag2312P6400,796.5,0.0,0.0,0.0,1,593.5,1062.0,1,796.5,795.5,0.0,0.0,0.0,0.0,2
2023-05-09 21:16:22,ag2312P6400,ag2312P6400,796.5,0.0,0.0,0.0,1,593.5,1062.0,1,796.5,795.5,0.0,0.0,0.0,0.0,2
2023-05-09 21:16:23,ag2312P6400,ag2312P6400,796.5,0.0,0.0,0.0,2,594.0,1061.5,2,796.5,795.5,0.0,0.0,0.0,0.0,2
2023-05-09 21:16:24,ag2312P6400,ag2312P6400,796.5,0.0,0.0,0.0,2,594.0,1061.5,2,796.5,795.5,0.0,0.0,0.0,0.0,2
2023-05-09 21:16:34,ag2312P6400,ag2312P6400,796.5,0.0,0.0,0.0,1,595.5,1061.5,2,796.5,795.5,0.0,0.0,0.0,0.0,2
2023-05-09 21:16:34,ag2312P6400,ag2312P6400,796.5,0.0,0.0,0.0,1,595.5,1061.5,2,796.5,795.5,0.0,0.0,0.0,0.0,2
2023-05-09 21:16:35,ag2312P6400,ag2312P6400,796.5,0.0,0.0,0.0,2,596.0,1060.0,1,796.5,795.5,0.0,0.0,0.0,0.0,2
2023-05-09 21:16:35,ag2312P6400,ag2312P6400,796.5,0.0,0.0,0.0,2,596.0,1060.0,1,796.5,795.5,0.0,0.0,0.0,0.0,2
2023-05-09 21:16:36,ag2312P6400,ag2312P6400,796.5,0.0,0.0,0.0,2,596.0,1059.5,2,796.5,795.5,0.0,0.0,0.0,0.0,2
2023-05-09 21:16:36,ag2312P6400,ag2312P6400,796.5,0.0,0.0,0.0,1,597.5,1058.0,1,796.5,795.5,0.0,0.0,0.0,0.0,2
2023-05-09 21:16:37,ag2312P6400,ag2312P6400,796.5,0.0,0.0,0.0,2,598.0,1057.5,2,796.5,795.5,0.0,0.0,0.0,0.0,2
2023-05-09 21:16:38,ag2312P6400,ag2312P6400,796.5,0.0,0.0,0.0,1,599.5,1057.5,2,796.5,795.5,0.0,0.0,0.0,0.0,2
2023-05-09 21:16:38,ag2312P6400,ag2312P6400,796.5,0.0,0.0,0.0,1,599.5,1057.5,2,796.5,795.5,0.0,0.0,0.0,0.0,2
2023-05-09 21:16:39,ag2312P6400,ag2312P6400,796.5,0.0,0.0,0.0,2,600.0,1057.5,2,796.5,795.5,0.0,0.0,0.0,0.0,2
2023-05-09 21:16:39,ag2312P6400,ag2312P6400,796.5,0.0,0.0,0.0,2,600.0,1057.5,2,796.5,795.5,0.0,0.0,0.0,0.0,2
2023-05-09 21:16:44,ag2312P6400,ag2312P6400,796.5,0.0,0.0,0.0,1,601.5,1057.5,2,796.5,795.5,0.0,0.0,0.0,0.0,2
2023-05-09 21:16:45,ag2312P6400,ag2312P6400,796.5,0.0,0.0,0.0,1,601.5,1057.5,2,796.5,795.5,0.0,0.0,0.0,0.0,2
2023-05-09 21:16:45,ag2312P6400,ag2312P6400,796.5,0.0,0.0,0.0,2,602.0,1057.5,2,796.5,795.5,0.0,0.0,0.0,0.0,2
2023-05-09 21:16:46,ag2312P6400,ag2312P6400,796.5,0.0,0.0,0.0,2,602.0,1056.0,1,796.5,795.5,0.0,0.0,0.0,0.0,2
2023-05-09 21:16:46,ag2312P6400,ag2312P6400,796.5,0.0,0.0,0.0,1,603.5,1056.0,1,796.5,795.5,0.0,0.0,0.0,0.0,2
2023-05-09 21:16:47,ag2312P6400,ag2312P6400,796.5,0.0,0.0,0.0,1,603.5,1055.5,2,796.5,795.5,0.0,0.0,0.0,0.0,2
2023-05-09 21:16:47,ag2312P6400,ag2312P6400,796.5,0.0,0.0,0.0,2,604.0,1055.5,2,796.5,795.5,0.0,0.0,0.0,0.0,2
2023-05-09 21:16:48,ag2312P6400,ag2312P6400,796.5,0.0,0.0,0.0,1,605.5,1055.5,2,796.5,795.5,0.0,0.0,0.0,0.0,2
2023-05-09 21:16:48,ag2312P6400,ag2312P6400,796.5,0.0,0.0,0.0,1,605.5,1055.5,2,796.5,795.5,0.0,0.0,0.0,0.0,2
2023-05-09 21:16:49,ag2312P6400,ag2312P6400,796.5,0.0,0.0,0.0,2,606.0,1055.5,2,796.5,795.5,0.0,0.0,0.0,0.0,2
2023-05-09 21:16:49,ag2312P6400,ag2312P6400,796.5,0.0,0.0,0.0,1,607.5,1055.5,2,796.5,795.5,0.0,0.0,0.0,0.0,2
2023-05-09 21:16:50,ag2312P6400,ag2312P6400,796.5,0.0,0.0,0.0,1,607.5,1055.5,2,796.5,795.5,0.0,0.0,0.0,0.0,2
2023-05-09 21:16:50,ag2312P6400,ag2312P6400,796.5,0.0,0.0,0.0,2,608.0,1055.5,2,796.5,795.5,0.0,0.0,0.0,0.0,2
2023-05-09 21:16:51,ag2312P6400,ag2312P6400,796.5,0.0,0.0,0.0,1,609.5,1055.5,2,796.5,795.5,0.0,0.0,0.0,0.0,2
2023-05-09 21:16:51,ag2312P6400,ag2312P6400,796.5,0.0,0.0,0.0,1,609.5,1055.5,2,796.5,795.5,0.0,0.0,0.0,0.0,2
2023-05-09 21:16:52,ag2312P6400,ag2312P6400,796.5,0.0,0.0,0.0,2,610.0,1055.5,2,796.5,795.5,0.0,0.0,0.0,0.0,2
2023-05-09 21:16:52,ag2312P6400,ag2312P6400,796.5,0.0,0.0,0.0,2,610.0,1055.5,2,796.5,795.5,0.0,0.0,0.0,0.0,2
2023-05-09 21:16:55,ag2312P6400,ag2312P6400,796.5,0.0,0.0,0.0,1,611.5,1054.0,1,796.5,795.5,0.0,0.0,0.0,0.0,2
2023-05-09 21:16:56,ag2312P6400,ag2312P6400,796.5,0.0,0.0,0.0,1,611.5,1054.0,1,796.5,795.5,0.0,0.0,0.0,0.0,2
2023-05-09 21:16:56,ag2312P6400,ag2312P6400,796.5,0.0,0.0,0.0,2,612.0,1053.5,2,796.5,795.5,0.0,0.0,0.0,0.0,2
2023-05-09 21:16:57,ag2312P6400,ag2312P6400,796.5,0.0,0.0,0.0,2,612.0,1053.5,2,796.5,795.5,0.0,0.0,0.0,0.0,2
2023-05-09 21:16:57,ag2312P6400,ag2312P6400,796.5,0.0,0.0,0.0,2,612.0,1053.5,2,796.5,795.5,0.0,0.0,0.0,0.0,2
2023-05-09 21:17:00,ag2312P6400,ag2312P6400,796.5,0.0,0.0,0.0,1,613.5,1053.5,2,796.5,795.5,0.0,0.0,0.0,0.0,2
2023-05-09 21:17:01,ag2312P6400,ag2312P6400,796.5,0.0,0.0,0.0,1,613.5,1053.5,2,796.5,795.5,0.0,0.0,0.0,0.0,2
2023-05-09 21:17:01,ag2312P6400,ag2312P6400,796.5,0.0,0.0,0.0,2,614.0,1053.5,2,796.5,795.5,0.0,0.0,0.0,0.0,2
2023-05-09 21:17:02,ag2312P6400,ag2312P6400,796.5,0.0,0.0,0.0,2,614.0,1053.5,2,796.5,795.5,0.0,0.0,0.0,0.0,2
2023-05-09 21:17:10,ag2312P6400,ag2312P6400,796.5,0.0,0.0,0.0,1,615.5,1052.0,1,796.5,795.5,0.0,0.0,0.0,0.0,2
2023-05-09 21:17:11,ag2312P6400,ag2312P6400,796.5,0.0,0.0,0.0,1,615.5,1052.0,1,796.5,795.5,0.0,0.0,0.0,0.0,2
2023-05-09 21:17:11,ag2312P6400,ag2312P6400,796.5,0.0,0.0,0.0,2,616.0,1051.5,2,796.5,795.5,0.0,0.0,0.0,0.0,2
2023-05-09 21:17:12,ag2312P6400,ag2312P6400,796.5,0.0,0.0,0.0,1,617.5,1051.5,2,796.5,795.5,0.0,0.0,0.0,0.0,2
2023-05-09 21:17:12,ag2312P6400,ag2312P6400,796.5,0.0,0.0,0.0,1,617.5,1050.0,1,796.5,795.5,0.0,0.0,0.0,0.0,2
2023-05-09 21:17:13,ag2312P6400,ag2312P6400,796.5,0.0,0.0,0.0,2,618.0,1050.0,1,796.5,795.5,0.0,0.0,0.0,0.0,2
2023-05-09 21:17:13,ag2312P6400,ag2312P6400,796.5,0.0,0.0,0.0,2,618.0,1049.5,2,796.5,795.5,0.0,0.0,0.0,0.0,2
2023-05-09 21:17:14,ag2312P6400,ag2312P6400,796.5,0.0,0.0,0.0,2,618.0,1049.5,2,796.5,795.5,0.0,0.0,0.0,0.0,2
2023-05-09 21:17:14,ag2312P6400,ag2312P6400,796.5,0.0,0.0,0.0,1,619.5,1048.0,1,796.5,795.5,0.0,0.0,0.0,0.0,2
2023-05-09 21:17:15,ag2312P6400,ag2312P6400,796.5,0.0,0.0,0.0,1,619.5,1048.0,1,796.5,795.5,0.0,0.0,0.0,0.0,2
2023-05-09 21:17:15,ag2312P6400,ag2312P6400,796.5,0.0,0.0,0.0,2,620.0,1047.5,2,796.5,795.5,0.0,0.0,0.0,0.0,2
2023-05-09 21:17:16,ag2312P6400,ag2312P6400,796.5,0.0,0.0,0.0,2,620.0,1047.5,2,796.5,795.5,0.0,0.0,0.0,0.0,2
2023-05-09 21:17:19,ag2312P6400,ag2312P6400,796.5,0.0,0.0,0.0,2,620.0,1046.0,1,796.5,795.5,0.0,0.0,0.0,0.0,2
2023-05-09 21:17:19,ag2312P6400,ag2312P6400,796.5,0.0,0.0,0.0,2,620.0,1046.0,1,796.5,795.5,0.0,0.0,0.0,0.0,2
2023-05-09 21:17:20,ag2312P6400,ag2312P6400,796.5,0.0,0.0,0.0,1,621.5,1045.5,2,796.5,795.5,0.0,0.0,0.0,0.0,2
2023-05-09 21:17:20,ag2312P6400,ag2312P6400,796.5,0.0,0.0,0.0,1,621.5,1045.5,2,796.5,795.5,0.0,0.0,0.0,0.0,2
2023-05-09 21:17:21,ag2312P6400,ag2312P6400,796.5,0.0,0.0,0.0,2,622.0,1045.5,2,796.5,795.5,0.0,0.0,0.0,0.0,2
2023-05-09 21:17:22,ag2312P6400,ag2312P6400,796.5,0.0,0.0,0.0,2,622.0,1045.5,2,796.5,795.5,0.0,0.0,0.0,0.0,2
2023-05-09 21:17:24,ag2312P6400,ag2312P6400,796.5,0.0,0.0,0.0,1,623.5,1045.5,2,796.5,795.5,0.0,0.0,0.0,0.0,2
2023-05-09 21:17:24,ag2312P6400,ag2312P6400,796.5,0.0,0.0,0.0,1,623.5,1045.5,2,796.5,795.5,0.0,0.0,0.0,0.0,2
2023-05-09 21:17:25,ag2312P6400,ag2312P6400,796.5,0.0,0.0,0.0,2,624.0,1045.5,2,796.5,795.5,0.0,0.0,0.0,0.0,2
2023-05-09 21:17:26,ag2312P6400,ag2312P6400,796.5,0.0,0.0,0.0,1,625.5,1045.5,2,796.5,795.5,0.0,0.0,0.0,0.0,2
2023-05-09 21:17:26,ag2312P6400,ag2312P6400,796.5,0.0,0.0,0.0,1,625.5,1045.5,2,796.5,795.5,0.0,0.0,0.0,0.0,2
2023-05-09 21:17:27,ag2312P6400,ag2312P6400,796.5,0.0,0.0,0.0,2,626.0,1045.5,2,796.5,795.5,0.0,0.0,0.0,0.0,2
2023-05-09 21:17:27,ag2312P6400,ag2312P6400,796.5,0.0,0.0,0.0,2,626.0,1045.5,2,796.5,795.5,0.0,0.0,0.0,0.0,2
2023-05-09 21:17:29,ag2312P6400,ag2312P6400,796.5,0.0,0.0,0.0,2,626.0,1044.0,1,796.5,795.5,0.0,0.0,0.0,0.0,2
2023-05-09 21:17:30,ag2312P6400,ag2312P6400,796.5,0.0,0.0,0.0,2,626.0,1044.0,1,796.5,795.5,0.0,0.0,0.0,0.0,2
2023-05-09 21:17:30,ag2312P6400,ag2312P6400,796.5,0.0,0.0,0.0,2,626.0,1043.5,2,796.5,795.5,0.0,0.0,0.0,0.0,2
2023-05-09 21:17:31,ag2312P6400,ag2312P6400,796.5,0.0,0.0,0.0,2,626.0,1043.5,2,796.5,795.5,0.0,0.0,0.0,0.0,2
2023-05-09 21:17:32,ag2312P6400,ag2312P6400,796.5,0.0,0.0,0.0,1,627.5,1043.5,2,796.5,795.5,0.0,0.0,0.0,0.0,2
2023-05-09 21:17:33,ag2312P6400,ag2312P6400,796.5,0.0,0.0,0.0,1,627.5,1042.0,1,796.5,795.5,0.0,0.0,0.0,0.0,2
2023-05-09 21:17:33,ag2312P6400,ag2312P6400,796.5,0.0,0.0,0.0,2,628.0,1042.0,1,796.5,795.5,0.0,0.0,0.0,0.0,2
2023-05-09 21:17:34,ag2312P6400,ag2312P6400,796.5,0.0,0.0,0.0,2,628.0,1041.5,2,796.5,795.5,0.0,0.0,0.0,0.0,2
2023-05-09 21:17:34,ag2312P6400,ag2312P6400,796.5,0.0,0.0,0.0,2,628.0,1040.0,1,796.5,795.5,0.0,0.0,0.0,0.0,2
2023-05-09 21:17:35,ag2312P6400,ag2312P6400,796.5,0.0,0.0,0.0,2,628.0,1040.0,1,796.5,795.5,0.0,0.0,0.0,0.0,2
2023-05-09 21:17:35,ag2312P6400,ag2312P6400,796.5,0.0,0.0,0.0,1,629.5,1039.5,2,796.5,795.5,0.0,0.0,0.0,0.0,2
2023-05-09 21:17:36,ag2312P6400,ag2312P6400,796.5,0.0,0.0,0.0,1,629.5,1039.5,2,796.5,795.5,0.0,0.0,0.0,0.0,2
2023-05-09 21:17:36,ag2312P6400,ag2312P6400,796.5,0.0,0.0,0.0,2,630.0,1039.5,2,796.5,795.5,0.0,0.0,0.0,0.0,2
2023-05-09 21:17:37,ag2312P6400,ag2312P6400,796.5,0.0,0.0,0.0,2,630.0,1039.5,2,796.5,795.5,0.0,0.0,0.0,0.0,2
2023-05-09 21:17:38,ag2312P6400,ag2312P6400,796.5,0.0,0.0,0.0,2,630.0,1038.0,1,796.5,795.5,0.0,0.0,0.0,0.0,2
2023-05-09 21:17:39,ag2312P6400,ag2312P6400,796.5,0.0,0.0,0.0,2,630.0,1038.0,1,796.5,795.5,0.0,0.0,0.0,0.0,2
2023-05-09 21:17:39,ag2312P6400,ag2312P6400,796.5,0.0,0.0,0.0,2,630.0,1037.5,2,796.5,795.5,0.0,0.0,0.0,0.0,2
2023-05-09 21:17:40,ag2312P6400,ag2312P6400,796.5,0.0,0.0,0.0,2,630.0,1037.5,2,796.5,795.5,0.0,0.0,0.0,0.0,2
2023-05-09 21:17:41,ag2312P6400,ag2312P6400,796.5,0.0,0.0,0.0,1,631.5,1037.5,2,796.5,795.5,0.0,0.0,0.0,0.0,2
2023-05-09 21:17:41,ag2312P6400,ag2312P6400,796.5,0.0,0.0,0.0,1,631.5,1036.0,1,796.5,795.5,0.0,0.0,0.0,0.0,2
2023-05-09 21:17:42,ag2312P6400,ag2312P6400,796.5,0.0,0.0,0.0,2,632.0,1036.0,1,796.5,795.5,0.0,0.0,0.0,0.0,2
2023-05-09 21:17:42,ag2312P6400,ag2312P6400,796.5,0.0,0.0,0.0,2,632.0,1035.5,2,796.5,795.5,0.0,0.0,0.0,0.0,2
2023-05-09 21:17:43,ag2312P6400,ag2312P6400,796.5,0.0,0.0,0.0,2,632.0,1035.5,2,796.5,795.5,0.0,0.0,0.0,0.0,2
2023-05-09 21:17:43,ag2312P6400,ag2312P6400,796.5,0.0,0.0,0.0,1,633.5,1034.0,1,796.5,795.5,0.0,0.0,0.0,0.0,2
2023-05-09 21:17:44,ag2312P6400,ag2312P6400,796.5,0.0,0.0,0.0,1,633.5,1034.0,1,796.5,795.5,0.0,0.0,0.0,0.0,2
2023-05-09 21:17:44,ag2312P6400,ag2312P6400,796.5,0.0,0.0,0.0,2,634.0,1033.5,2,796.5,795.5,0.0,0.0,0.0,0.0,2
2023-05-09 21:17:45,ag2312P6400,ag2312P6400,796.5,0.0,0.0,0.0,1,635.5,1033.5,2,796.5,795.5,0.0,0.0,0.0,0.0,2
2023-05-09 21:17:46,ag2312P6400,ag2312P6400,796.5,0.0,0.0,0.0,1,635.5,1032.0,1,796.5,795.5,0.0,0.0,0.0,0.0,2
2023-05-09 21:17:46,ag2312P6400,ag2312P6400,796.5,0.0,0.0,0.0,2,636.0,1032.0,1,796.5,795.5,0.0,0.0,0.0,0.0,2
2023-05-09 21:17:47,ag2312P6400,ag2312P6400,796.5,0.0,0.0,0.0,2,636.0,1031.5,2,796.5,795.5,0.0,0.0,0.0,0.0,2
2023-05-09 21:17:47,ag2312P6400,ag2312P6400,796.5,0.0,0.0,0.0,2,636.0,1031.5,2,796.5,795.5,0.0,0.0,0.0,0.0,2
2023-05-09 21:17:52,ag2312P6400,ag2312P6400,796.5,0.0,0.0,0.0,2,636.0,1030.0,1,796.5,795.5,0.0,0.0,0.0,0.0,2
2023-05-09 21:17:52,ag2312P6400,ag2312P6400,796.5,0.0,0.0,0.0,2,636.0,1030.0,1,796.5,795.5,0.0,0.0,0.0,0.0,2
2023-05-09 21:17:53,ag2312P6400,ag2312P6400,796.5,0.0,0.0,0.0,2,636.0,1029.5,2,796.5,795.5,0.0,0.0,0.0,0.0,2
2023-05-09 21:17:53,ag2312P6400,ag2312P6400,796.5,0.0,0.0,0.0,2,636.0,1029.5,2,796.5,795.5,0.0,0.0,0.0,0.0,2
2023-05-09 21:18:01,ag2312P6400,ag2312P6400,796.5,0.0,0.0,0.0,2,636.0,1028.0,1,796.5,795.5,0.0,0.0,0.0,0.0,2
2023-05-09 21:18:02,ag2312P6400,ag2312P6400,796.5,0.0,0.0,0.0,2,636.0,1028.0,1,796.5,795.5,0.0,0.0,0.0,0.0,2
2023-05-09 21:18:02,ag2312P6400,ag2312P6400,796.5,0.0,0.0,0.0,2,636.0,1027.5,2,796.5,795.5,0.0,0.0,0.0,0.0,2
2023-05-09 21:18:03,ag2312P6400,ag2312P6400,796.5,0.0,0.0,0.0,2,636.0,1027.5,2,796.5,795.5,0.0,0.0,0.0,0.0,2
2023-05-09 21:18:08,ag2312P6400,ag2312P6400,796.5,0.0,0.0,0.0,1,637.5,1027.5,2,796.5,795.5,0.0,0.0,0.0,0.0,2
2023-05-09 21:18:09,ag2312P6400,ag2312P6400,796.5,0.0,0.0,0.0,1,637.5,1027.5,2,796.5,795.5,0.0,0.0,0.0,0.0,2
2023-05-09 21:18:09,ag2312P6400,ag2312P6400,796.5,0.0,0.0,0.0,2,638.0,1026.0,1,796.5,795.5,0.0,0.0,0.0,0.0,2
2023-05-09 21:18:10,ag2312P6400,ag2312P6400,796.5,0.0,0.0,0.0,2,638.0,1026.0,1,796.5,795.5,0.0,0.0,0.0,0.0,2
2023-05-09 21:18:10,ag2312P6400,ag2312P6400,796.5,0.0,0.0,0.0,2,638.0,1025.5,2,796.5,795.5,0.0,0.0,0.0,0.0,2
2023-05-09 21:18:11,ag2312P6400,ag2312P6400,796.5,0.0,0.0,0.0,1,639.5,1025.5,2,796.5,795.5,0.0,0.0,0.0,0.0,2
2023-05-09 21:18:12,ag2312P6400,ag2312P6400,796.5,0.0,0.0,0.0,1,639.5,1024.0,1,796.5,795.5,0.0,0.0,0.0,0.0,2
2023-05-09 21:18:12,ag2312P6400,ag2312P6400,796.5,0.0,0.0,0.0,2,640.0,1024.0,1,796.5,795.5,0.0,0.0,0.0,0.0,2
2023-05-09 21:18:13,ag2312P6400,ag2312P6400,796.5,0.0,0.0,0.0,1,641.5,1023.5,2,796.5,795.5,0.0,0.0,0.0,0.0,2
2023-05-09 21:18:13,ag2312P6400,ag2312P6400,796.5,0.0,0.0,0.0,1,641.5,1023.5,2,796.5,795.5,0.0,0.0,0.0,0.0,2
2023-05-09 21:18:14,ag2312P6400,ag2312P6400,796.5,0.0,0.0,0.0,2,642.0,1022.0,1,796.5,795.5,0.0,0.0,0.0,0.0,2
2023-05-09 21:18:14,ag2312P6400,ag2312P6400,796.5,0.0,0.0,0.0,2,642.0,1022.0,1,796.5,795.5,0.0,0.0,0.0,0.0,2
2023-05-09 21:18:15,ag2312P6400,ag2312P6400,796.5,0.0,0.0,0.0,2,642.0,1021.5,2,796.5,795.5,0.0,0.0,0.0,0.0,2
2023-05-09 21:18:16,ag2312P6400,ag2312P6400,796.5,0.0,0.0,0.0,2,642.0,1021.5,2,796.5,795.5,0.0,0.0,0.0,0.0,2
2023-05-09 21:18:23,ag2312P6400,ag2312P6400,796.5,0.0,0.0,0.0,1,643.5,1021.5,2,796.5,795.5,0.0,0.0,0.0,0.0,2
2023-05-09 21:18:23,ag2312P6400,ag2312P6400,796.5,0.0,0.0,0.0,1,643.5,1020.0,1,796.5,795.5,0.0,0.0,0.0,0.0,2
2023-05-09 21:18:24,ag2312P6400,ag2312P6400,796.5,0.0,0.0,0.0,2,644.0,1020.0,1,796.5,795.5,0.0,0.0,0.0,0.0,2
2023-05-09 21:18:24,ag2312P6400,ag2312P6400,796.5,0.0,0.0,0.0,2,644.0,1019.5,2,796.5,795.5,0.0,0.0,0.0,0.0,2
2023-05-09 21:18:25,ag2312P6400,ag2312P6400,796.5,0.0,0.0,0.0,2,644.0,1019.5,2,796.5,795.5,0.0,0.0,0.0,0.0,2
2023-05-09 21:18:32,ag2312P6400,ag2312P6400,796.5,0.0,0.0,0.0,2,644.0,1018.0,1,796.5,795.5,0.0,0.0,0.0,0.0,2
2023-05-09 21:18:32,ag2312P6400,ag2312P6400,796.5,0.0,0.0,0.0,2,644.0,1018.0,1,796.5,795.5,0.0,0.0,0.0,0.0,2
2023-05-09 21:18:33,ag2312P6400,ag2312P6400,796.5,0.0,0.0,0.0,2,644.0,1017.5,2,796.5,795.5,0.0,0.0,0.0,0.0,2
2023-05-09 21:18:33,ag2312P6400,ag2312P6400,796.5,0.0,0.0,0.0,2,644.0,1017.5,2,796.5,795.5,0.0,0.0,0.0,0.0,2
2023-05-09 21:18:44,ag2312P6400,ag2312P6400,796.5,0.0,0.0,0.0,2,644.0,1016.0,1,796.5,795.5,0.0,0.0,0.0,0.0,2
2023-05-09 21:18:45,ag2312P6400,ag2312P6400,796.5,0.0,0.0,0.0,2,644.0,1016.0,1,796.5,795.5,0.0,0.0,0.0,0.0,2
2023-05-09 21:18:45,ag2312P6400,ag2312P6400,796.5,0.0,0.0,0.0,1,645.5,1015.5,2,796.5,795.5,0.0,0.0,0.0,0.0,2
2023-05-09 21:18:46,ag2312P6400,ag2312P6400,796.5,0.0,0.0,0.0,1,645.5,1014.0,1,796.5,795.5,0.0,0.0,0.0,0.0,2
2023-05-09 21:18:46,ag2312P6400,ag2312P6400,796.5,0.0,0.0,0.0,2,646.0,1014.0,1,796.5,795.5,0.0,0.0,0.0,0.0,2
2023-05-09 21:18:47,ag2312P6400,ag2312P6400,796.5,0.0,0.0,0.0,1,647.5,1013.5,2,796.5,795.5,0.0,0.0,0.0,0.0,2
2023-05-09 21:18:47,ag2312P6400,ag2312P6400,796.5,0.0,0.0,0.0,1,647.5,1013.5,2,796.5,795.5,0.0,0.0,0.0,0.0,2
2023-05-09 21:18:48,ag2312P6400,ag2312P6400,796.5,0.0,0.0,0.0,2,648.0,1013.5,2,796.5,795.5,0.0,0.0,0.0,0.0,2
2023-05-09 21:18:49,ag2312P6400,ag2312P6400,796.5,0.0,0.0,0.0,2,648.0,1013.5,2,796.5,795.5,0.0,0.0,0.0,0.0,2
2023-05-09 21:18:50,ag2312P6400,ag2312P6400,796.5,0.0,0.0,0.0,2,648.0,1012.0,1,796.5,795.5,0.0,0.0,0.0,0.0,2
2023-05-09 21:18:50,ag2312P6400,ag2312P6400,796.5,0.0,0.0,0.0,2,648.0,1012.0,1,796.5,795.5,0.0,0.0,0.0,0.0,2
2023-05-09 21:18:51,ag2312P6400,ag2312P6400,796.5,0.0,0.0,0.0,2,648.0,1011.5,2,796.5,795.5,0.0,0.0,0.0,0.0,2
2023-05-09 21:18:51,ag2312P6400,ag2312P6400,796.5,0.0,0.0,0.0,2,648.0,1011.5,2,796.5,795.5,0.0,0.0,0.0,0.0,2
2023-05-09 21:19:10,ag2312P6400,ag2312P6400,796.5,0.0,0.0,0.0,2,648.0,1010.0,1,796.5,795.5,0.0,0.0,0.0,0.0,2
2023-05-09 21:19:11,ag2312P6400,ag2312P6400,796.5,0.0,0.0,0.0,2,648.0,1010.0,1,796.5,795.5,0.0,0.0,0.0,0.0,2
2023-05-09 21:19:11,ag2312P6400,ag2312P6400,796.5,0.0,0.0,0.0,2,648.0,1009.5,2,796.5,795.5,0.0,0.0,0.0,0.0,2
2023-05-09 21:19:12,ag2312P6400,ag2312P6400,796.5,0.0,0.0,0.0,2,648.0,1009.5,2,796.5,795.5,0.0,0.0,0.0,0.0,2
2023-05-09 21:19:24,ag2312P6400,ag2312P6400,796.5,0.0,0.0,0.0,2,648.0,1008.0,1,796.5,795.5,0.0,0.0,0.0,0.0,2
2023-05-09 21:19:24,ag2312P6400,ag2312P6400,796.5,0.0,0.0,0.0,1,649.5,1007.5,2,796.5,795.5,0.0,0.0,0.0,0.0,2
2023-05-09 21:19:25,ag2312P6400,ag2312P6400,796.5,0.0,0.0,0.0,1,649.5,1007.5,2,796.5,795.5,0.0,0.0,0.0,0.0,2
2023-05-09 21:19:25,ag2312P6400,ag2312P6400,796.5,0.0,0.0,0.0,2,650.0,1007.5,2,796.5,795.5,0.0,0.0,0.0,0.0,2
2023-05-09 21:19:26,ag2312P6400,ag2312P6400,796.5,0.0,0.0,0.0,2,650.0,1007.5,2,796.5,795.5,0.0,0.0,0.0,0.0,2
2023-05-09 21:19:29,ag2312P6400,ag2312P6400,796.5,0.0,0.0,0.0,1,651.5,1007.5,2,796.5,795.5,0.0,0.0,0.0,0.0,2
2023-05-09 21:19:30,ag2312P6400,ag2312P6400,796.5,0.0,0.0,0.0,1,651.5,1007.5,2,796.5,795.5,0.0,0.0,0.0,0.0,2
2023-05-09 21:19:30,ag2312P6400,ag2312P6400,796.5,0.0,0.0,0.0,2,652.0,1006.0,1,796.5,795.5,0.0,0.0,0.0,0.0,2
2023-05-09 21:19:31,ag2312P6400,ag2312P6400,796.5,0.0,0.0,0.0,2,652.0,1006.0,1,796.5,795.5,0.0,0.0,0.0,0.0,2
2023-05-09 21:19:31,ag2312P6400,ag2312P6400,796.5,0.0,0.0,0.0,2,652.0,1005.5,2,796.5,795.5,0.0,0.0,0.0,0.0,2
2023-05-09 21:19:32,ag2312P6400,ag2312P6400,796.5,0.0,0.0,0.0,2,652.0,1005.5,2,796.5,795.5,0.0,0.0,0.0,0.0,2
2023-05-09 21:19:44,ag2312P6400,ag2312P6400,796.5,0.0,0.0,0.0,1,653.5,1005.5,2,796.5,795.5,0.0,0.0,0.0,0.0,2
2023-05-09 21:19:44,ag2312P6400,ag2312P6400,796.5,0.0,0.0,0.0,1,653.5,1005.5,2,796.5,795.5,0.0,0.0,0.0,0.0,2
2023-05-09 21:19:45,ag2312P6400,ag2312P6400,796.5,0.0,0.0,0.0,2,654.0,1004.0,1,796.5,795.5,0.0,0.0,0.0,0.0,2
2023-05-09 21:19:45,ag2312P6400,ag2312P6400,796.5,0.0,0.0,0.0,2,654.0,1004.0,1,796.5,795.5,0.0,0.0,0.0,0.0,2
2023-05-09 21:19:46,ag2312P6400,ag2312P6400,796.5,0.0,0.0,0.0,1,655.5,1003.5,2,796.5,795.5,0.0,0.0,0.0,0.0,2
2023-05-09 21:19:46,ag2312P6400,ag2312P6400,796.5,0.0,0.0,0.0,1,655.5,1002.0,1,796.5,795.5,0.0,0.0,0.0,0.0,2
2023-05-09 21:19:47,ag2312P6400,ag2312P6400,796.5,0.0,0.0,0.0,2,656.0,1002.0,1,796.5,795.5,0.0,0.0,0.0,0.0,2
2023-05-09 21:19:47,ag2312P6400,ag2312P6400,796.5,0.0,0.0,0.0,1,657.5,1001.5,2,796.5,795.5,0.0,0.0,0.0,0.0,2
2023-05-09 21:19:48,ag2312P6400,ag2312P6400,796.5,0.0,0.0,0.0,1,657.5,1001.5,2,796.5,795.5,0.0,0.0,0.0,0.0,2
2023-05-09 21:19:48,ag2312P6400,ag2312P6400,796.5,0.0,0.0,0.0,2,658.0,1001.5,2,796.5,795.5,0.0,0.0,0.0,0.0,2
2023-05-09 21:19:49,ag2312P6400,ag2312P6400,796.5,0.0,0.0,0.0,2,658.0,1001.5,2,796.5,795.5,0.0,0.0,0.0,0.0,2
2023-05-09 21:19:49,ag2312P6400,ag2312P6400,796.5,0.0,0.0,0.0,1,659.5,1000.0,1,796.5,795.5,0.0,0.0,0.0,0.0,2
2023-05-09 21:19:50,ag2312P6400,ag2312P6400,796.5,0.0,0.0,0.0,1,659.5,1000.0,1,796.5,795.5,0.0,0.0,0.0,0.0,2
2023-05-09 21:19:50,ag2312P6400,ag2312P6400,796.5,0.0,0.0,0.0,2,660.0,999.5,2,796.5,795.5,0.0,0.0,0.0,0.0,2
2023-05-09 21:19:51,ag2312P6400,ag2312P6400,796.5,0.0,0.0,0.0,2,660.0,999.5,2,796.5,795.5,0.0,0.0,0.0,0.0,2
2023-05-09 21:19:53,ag2312P6400,ag2312P6400,796.5,0.0,0.0,0.0,1,661.5,998.0,1,796.5,795.5,0.0,0.0,0.0,0.0,2
2023-05-09 21:19:54,ag2312P6400,ag2312P6400,796.5,0.0,0.0,0.0,1,661.5,998.0,1,796.5,795.5,0.0,0.0,0.0,0.0,2
2023-05-09 21:19:54,ag2312P6400,ag2312P6400,796.5,0.0,0.0,0.0,2,662.0,997.5,2,796.5,795.5,0.0,0.0,0.0,0.0,2
2023-05-09 21:19:55,ag2312P6400,ag2312P6400,796.5,0.0,0.0,0.0,2,662.0,997.5,2,796.5,795.5,0.0,0.0,0.0,0.0,2
2023-05-09 21:19:55,ag2312P6400,ag2312P6400,796.5,0.0,0.0,0.0,1,663.5,997.5,2,796.5,795.5,0.0,0.0,0.0,0.0,2
2023-05-09 21:19:56,ag2312P6400,ag2312P6400,796.5,0.0,0.0,0.0,1,663.5,997.5,2,796.5,795.5,0.0,0.0,0.0,0.0,2
2023-05-09 21:19:56,ag2312P6400,ag2312P6400,796.5,0.0,0.0,0.0,2,664.0,997.5,2,796.5,795.5,0.0,0.0,0.0,0.0,2
2023-05-09 21:19:57,ag2312P6400,ag2312P6400,796.5,0.0,0.0,0.0,2,664.0,997.5,2,796.5,795.5,0.0,0.0,0.0,0.0,2
2023-05-09 21:19:57,ag2312P6400,ag2312P6400,796.5,0.0,0.0,0.0,1,665.5,996.0,1,796.5,795.5,0.0,0.0,0.0,0.0,2
2023-05-09 21:19:58,ag2312P6400,ag2312P6400,796.5,0.0,0.0,0.0,1,665.5,996.0,1,796.5,795.5,0.0,0.0,0.0,0.0,2
2023-05-09 21:19:58,ag2312P6400,ag2312P6400,796.5,0.0,0.0,0.0,2,666.0,995.5,2,796.5,795.5,0.0,0.0,0.0,0.0,2
2023-05-09 21:19:59,ag2312P6400,ag2312P6400,796.5,0.0,0.0,0.0,2,666.0,995.5,2,796.5,795.5,0.0,0.0,0.0,0.0,2
2023-05-09 21:20:13,ag2312P6400,ag2312P6400,796.5,0.0,0.0,0.0,1,667.5,994.0,1,796.5,795.5,0.0,0.0,0.0,0.0,2
2023-05-09 21:20:13,ag2312P6400,ag2312P6400,796.5,0.0,0.0,0.0,1,667.5,994.0,1,796.5,795.5,0.0,0.0,0.0,0.0,2
2023-05-09 21:20:14,ag2312P6400,ag2312P6400,796.5,0.0,0.0,0.0,2,668.0,993.5,2,796.5,795.5,0.0,0.0,0.0,0.0,2
2023-05-09 21:20:14,ag2312P6400,ag2312P6400,796.5,0.0,0.0,0.0,2,668.0,993.5,2,796.5,795.5,0.0,0.0,0.0,0.0,2
2023-05-09 21:20:15,ag2312P6400,ag2312P6400,796.5,0.0,0.0,0.0,2,668.0,992.0,1,796.5,795.5,0.0,0.0,0.0,0.0,2
2023-05-09 21:20:15,ag2312P6400,ag2312P6400,796.5,0.0,0.0,0.0,2,668.0,992.0,1,796.5,795.5,0.0,0.0,0.0,0.0,2
2023-05-09 21:20:16,ag2312P6400,ag2312P6400,796.5,0.0,0.0,0.0,2,668.0,991.5,2,796.5,795.5,0.0,0.0,0.0,0.0,2
2023-05-09 21:20:16,ag2312P6400,ag2312P6400,796.5,0.0,0.0,0.0,2,668.0,990.0,1,796.5,795.5,0.0,0.0,0.0,0.0,2
2023-05-09 21:20:17,ag2312P6400,ag2312P6400,796.5,0.0,0.0,0.0,2,668.0,990.0,1,796.5,795.5,0.0,0.0,0.0,0.0,2
2023-05-09 21:20:17,ag2312P6400,ag2312P6400,796.5,0.0,0.0,0.0,2,668.0,989.5,2,796.5,795.5,0.0,0.0,0.0,0.0,2
2023-05-09 21:20:18,ag2312P6400,ag2312P6400,796.5,0.0,0.0,0.0,2,668.0,989.5,2,796.5,795.5,0.0,0.0,0.0,0.0,2
2023-05-09 21:20:21,ag2312P6400,ag2312P6400,796.5,0.0,0.0,0.0,1,669.5,988.0,1,796.5,795.5,0.0,0.0,0.0,0.0,2
2023-05-09 21:20:21,ag2312P6400,ag2312P6400,796.5,0.0,0.0,0.0,1,669.5,988.0,1,796.5,795.5,0.0,0.0,0.0,0.0,2
2023-05-09 21:20:22,ag2312P6400,ag2312P6400,796.5,0.0,0.0,0.0,2,670.0,987.5,2,796.5,795.5,0.0,0.0,0.0,0.0,2
2023-05-09 21:20:22,ag2312P6400,ag2312P6400,796.5,0.0,0.0,0.0,2,670.0,986.0,1,796.5,795.5,0.0,0.0,0.0,0.0,2
2023-05-09 21:20:23,ag2312P6400,ag2312P6400,796.5,0.0,0.0,0.0,2,670.0,986.0,1,796.5,795.5,0.0,0.0,0.0,0.0,2
2023-05-09 21:20:23,ag2312P6400,ag2312P6400,796.5,0.0,0.0,0.0,2,670.0,985.5,2,796.5,795.5,0.0,0.0,0.0,0.0,2
2023-05-09 21:20:24,ag2312P6400,ag2312P6400,796.5,0.0,0.0,0.0,2,670.0,985.5,2,796.5,795.5,0.0,0.0,0.0,0.0,2
2023-05-09 21:20:24,ag2312P6400,ag2312P6400,796.5,0.0,0.0,0.0,2,670.0,984.0,1,796.5,795.5,0.0,0.0,0.0,0.0,2
2023-05-09 21:20:25,ag2312P6400,ag2312P6400,796.5,0.0,0.0,0.0,2,670.0,984.0,1,796.5,795.5,0.0,0.0,0.0,0.0,2
2023-05-09 21:20:25,ag2312P6400,ag2312P6400,796.5,0.0,0.0,0.0,2,670.0,983.5,2,796.5,795.5,0.0,0.0,0.0,0.0,2
2023-05-09 21:20:26,ag2312P6400,ag2312P6400,796.5,0.0,0.0,0.0,1,671.5,982.0,1,796.5,795.5,0.0,0.0,0.0,0.0,2
2023-05-09 21:20:26,ag2312P6400,ag2312P6400,796.5,0.0,0.0,0.0,1,671.5,982.0,1,796.5,795.5,0.0,0.0,0.0,0.0,2
2023-05-09 21:20:27,ag2312P6400,ag2312P6400,796.5,0.0,0.0,0.0,2,672.0,981.5,2,796.5,795.5,0.0,0.0,0.0,0.0,2
2023-05-09 21:20:27,ag2312P6400,ag2312P6400,796.5,0.0,0.0,0.0,2,672.0,981.5,2,796.5,795.5,0.0,0.0,0.0,0.0,2
2023-05-09 21:20:28,ag2312P6400,ag2312P6400,796.5,0.0,0.0,0.0,1,673.5,980.0,1,796.5,795.5,0.0,0.0,0.0,0.0,2
2023-05-09 21:20:28,ag2312P6400,ag2312P6400,796.5,0.0,0.0,0.0,1,673.5,980.0,1,796.5,795.5,0.0,0.0,0.0,0.0,2
2023-05-09 21:20:29,ag2312P6400,ag2312P6400,796.5,0.0,0.0,0.0,2,674.0,979.5,2,796.5,795.5,0.0,0.0,0.0,0.0,2
2023-05-09 21:20:29,ag2312P6400,ag2312P6400,796.5,0.0,0.0,0.0,2,674.0,979.5,2,796.5,795.5,0.0,0.0,0.0,0.0,2
2023-05-09 21:20:30,ag2312P6400,ag2312P6400,796.5,0.0,0.0,0.0,1,675.5,979.5,2,796.5,795.5,0.0,0.0,0.0,0.0,2
2023-05-09 21:20:30,ag2312P6400,ag2312P6400,796.5,0.0,0.0,0.0,1,675.5,979.5,2,796.5,795.5,0.0,0.0,0.0,0.0,2
2023-05-09 21:20:31,ag2312P6400,ag2312P6400,796.5,0.0,0.0,0.0,2,676.0,979.5,2,796.5,795.5,0.0,0.0,0.0,0.0,2
2023-05-09 21:20:31,ag2312P6400,ag2312P6400,796.5,0.0,0.0,0.0,1,677.5,979.5,2,796.5,795.5,0.0,0.0,0.0,0.0,2
2023-05-09 21:20:32,ag2312P6400,ag2312P6400,796.5,0.0,0.0,0.0,1,677.5,979.5,2,796.5,795.5,0.0,0.0,0.0,0.0,2
2023-05-09 21:20:32,ag2312P6400,ag2312P6400,796.5,0.0,0.0,0.0,2,678.0,979.5,2,796.5,795.5,0.0,0.0,0.0,0.0,2
2023-05-09 21:20:33,ag2312P6400,ag2312P6400,796.5,0.0,0.0,0.0,2,678.0,979.5,2,796.5,795.5,0.0,0.0,0.0,0.0,2
2023-05-09 21:20:43,ag2312P6400,ag2312P6400,796.5,0.0,0.0,0.0,1,679.5,978.0,1,796.5,795.5,0.0,0.0,0.0,0.0,2
2023-05-09 21:20:43,ag2312P6400,ag2312P6400,796.5,0.0,0.0,0.0,1,679.5,978.0,1,796.5,795.5,0.0,0.0,0.0,0.0,2
2023-05-09 21:20:44,ag2312P6400,ag2312P6400,796.5,0.0,0.0,0.0,2,680.0,977.5,2,796.5,795.5,0.0,0.0,0.0,0.0,2
2023-05-09 21:20:44,ag2312P6400,ag2312P6400,796.5,0.0,0.0,0.0,2,680.0,976.0,1,796.5,795.5,0.0,0.0,0.0,0.0,2
2023-05-09 21:20:45,ag2312P6400,ag2312P6400,796.5,0.0,0.0,0.0,1,681.5,976.0,1,796.5,795.5,0.0,0.0,0.0,0.0,2
2023-05-09 21:20:45,ag2312P6400,ag2312P6400,796.5,0.0,0.0,0.0,1,681.5,975.5,2,796.5,795.5,0.0,0.0,0.0,0.0,2
2023-05-09 21:20:46,ag2312P6400,ag2312P6400,796.5,0.0,0.0,0.0,2,682.0,975.5,2,796.5,795.5,0.0,0.0,0.0,0.0,2
2023-05-09 21:20:46,ag2312P6400,ag2312P6400,796.5,0.0,0.0,0.0,2,682.0,974.0,1,796.5,795.5,0.0,0.0,0.0,0.0,2
2023-05-09 21:20:47,ag2312P6400,ag2312P6400,796.5,0.0,0.0,0.0,2,682.0,974.0,1,796.5,795.5,0.0,0.0,0.0,0.0,2
2023-05-09 21:20:47,ag2312P6400,ag2312P6400,796.5,0.0,0.0,0.0,2,682.0,973.5,2,796.5,795.5,0.0,0.0,0.0,0.0,2
2023-05-09 21:20:48,ag2312P6400,ag2312P6400,796.5,0.0,0.0,0.0,2,682.0,972.0,1,796.5,795.5,0.0,0.0,0.0,0.0,2
2023-05-09 21:20:48,ag2312P6400,ag2312P6400,796.5,0.0,0.0,0.0,2,682.0,972.0,1,796.5,795.5,0.0,0.0,0.0,0.0,2
2023-05-09 21:20:49,ag2312P6400,ag2312P6400,796.5,0.0,0.0,0.0,2,682.0,971.5,2,796.5,795.5,0.0,0.0,0.0,0.0,2
2023-05-09 21:20:49,ag2312P6400,ag2312P6400,796.5,0.0,0.0,0.0,2,682.0,971.5,2,796.5,795.5,0.0,0.0,0.0,0.0,2
2023-05-09 21:20:50,ag2312P6400,ag2312P6400,796.5,0.0,0.0,0.0,2,682.0,970.0,1,796.5,795.5,0.0,0.0,0.0,0.0,2
2023-05-09 21:20:50,ag2312P6400,ag2312P6400,796.5,0.0,0.0,0.0,2,682.0,970.0,1,796.5,795.5,0.0,0.0,0.0,0.0,2
2023-05-09 21:20:51,ag2312P6400,ag2312P6400,796.5,0.0,0.0,0.0,2,682.0,969.5,2,796.5,795.5,0.0,0.0,0.0,0.0,2
2023-05-09 21:20:51,ag2312P6400,ag2312P6400,796.5,0.0,0.0,0.0,2,682.0,969.5,2,796.5,795.5,0.0,0.0,0.0,0.0,2
2023-05-09 21:20:54,ag2312P6400,ag2312P6400,796.5,0.0,0.0,0.0,2,682.0,968.0,1,796.5,795.5,0.0,0.0,0.0,0.0,2
2023-05-09 21:20:54,ag2312P6400,ag2312P6400,796.5,0.0,0.0,0.0,2,682.0,968.0,1,796.5,795.5,0.0,0.0,0.0,0.0,2
2023-05-09 21:20:55,ag2312P6400,ag2312P6400,796.5,0.0,0.0,0.0,2,682.0,967.5,2,796.5,795.5,0.0,0.0,0.0,0.0,2
2023-05-09 21:20:55,ag2312P6400,ag2312P6400,796.5,0.0,0.0,0.0,2,682.0,967.5,2,796.5,795.5,0.0,0.0,0.0,0.0,2
2023-05-09 21:22:12,ag2312P6400,ag2312P6400,796.5,0.0,0.0,0.0,2,682.0,966.0,1,796.5,795.5,0.0,0.0,0.0,0.0,2
2023-05-09 21:22:12,ag2312P6400,ag2312P6400,796.5,0.0,0.0,0.0,2,682.0,966.0,1,796.5,795.5,0.0,0.0,0.0,0.0,2
2023-05-09 21:22:13,ag2312P6400,ag2312P6400,796.5,0.0,0.0,0.0,2,682.0,965.5,2,796.5,795.5,0.0,0.0,0.0,0.0,2
2023-05-09 21:22:13,ag2312P6400,ag2312P6400,796.5,0.0,0.0,0.0,2,682.0,964.0,1,796.5,795.5,0.0,0.0,0.0,0.0,2
2023-05-09 21:22:14,ag2312P6400,ag2312P6400,796.5,0.0,0.0,0.0,2,682.0,964.0,1,796.5,795.5,0.0,0.0,0.0,0.0,2
2023-05-09 21:22:14,ag2312P6400,ag2312P6400,796.5,0.0,0.0,0.0,2,682.0,963.5,2,796.5,795.5,0.0,0.0,0.0,0.0,2
2023-05-09 21:22:15,ag2312P6400,ag2312P6400,796.5,0.0,0.0,0.0,2,682.0,963.5,2,796.5,795.5,0.0,0.0,0.0,0.0,2
2023-05-09 21:42:12,ag2312P6400,ag2312P6400,796.5,0.0,0.0,0.0,2,682.0,962.0,1,796.5,795.5,0.0,0.0,0.0,0.0,2
2023-05-09 21:42:12,ag2312P6400,ag2312P6400,796.5,0.0,0.0,0.0,2,682.0,962.0,1,796.5,795.5,0.0,0.0,0.0,0.0,2
2023-05-09 21:42:13,ag2312P6400,ag2312P6400,796.5,0.0,0.0,0.0,2,682.0,961.5,2,796.5,795.5,0.0,0.0,0.0,0.0,2
2023-05-09 21:42:13,ag2312P6400,ag2312P6400,796.5,0.0,0.0,0.0,2,682.0,960.0,1,796.5,795.5,0.0,0.0,0.0,0.0,2
2023-05-09 21:42:14,ag2312P6400,ag2312P6400,796.5,0.0,0.0,0.0,2,682.0,960.0,1,796.5,795.5,0.0,0.0,0.0,0.0,2
2023-05-09 21:42:14,ag2312P6400,ag2312P6400,796.5,0.0,0.0,0.0,2,682.0,959.5,2,796.5,795.5,0.0,0.0,0.0,0.0,2
2023-05-09 21:42:15,ag2312P6400,ag2312P6400,796.5,0.0,0.0,0.0,2,682.0,959.5,2,796.5,795.5,0.0,0.0,0.0,0.0,2
2023-05-09 21:52:12,ag2312P6400,ag2312P6400,796.5,0.0,0.0,0.0,2,682.0,958.0,1,796.5,795.5,0.0,0.0,0.0,0.0,2
2023-05-09 21:52:12,ag2312P6400,ag2312P6400,796.5,0.0,0.0,0.0,2,682.0,958.0,1,796.5,795.5,0.0,0.0,0.0,0.0,2
2023-05-09 21:52:13,ag2312P6400,ag2312P6400,796.5,0.0,0.0,0.0,2,682.0,957.5,2,796.5,795.5,0.0,0.0,0.0,0.0,2
2023-05-09 21:52:13,ag2312P6400,ag2312P6400,796.5,0.0,0.0,0.0,2,682.0,956.0,1,796.5,795.5,0.0,0.0,0.0,0.0,2
2023-05-09 21:52:14,ag2312P6400,ag2312P6400,796.5,0.0,0.0,0.0,2,682.0,956.0,1,796.5,795.5,0.0,0.0,0.0,0.0,2
2023-05-09 21:52:14,ag2312P6400,ag2312P6400,796.5,0.0,0.0,0.0,2,682.0,955.5,2,796.5,795.5,0.0,0.0,0.0,0.0,2
2023-05-09 21:52:15,ag2312P6400,ag2312P6400,796.5,0.0,0.0,0.0,2,682.0,954.0,1,796.5,795.5,0.0,0.0,0.0,0.0,2
2023-05-09 21:52:15,ag2312P6400,ag2312P6400,796.5,0.0,0.0,0.0,2,682.0,954.0,1,796.5,795.5,0.0,0.0,0.0,0.0,2
2023-05-09 21:52:16,ag2312P6400,ag2312P6400,796.5,0.0,0.0,0.0,2,682.0,953.5,2,796.5,795.5,0.0,0.0,0.0,0.0,2
2023-05-09 21:52:16,ag2312P6400,ag2312P6400,796.5,0.0,0.0,0.0,2,682.0,952.0,1,796.5,795.5,0.0,0.0,0.0,0.0,2
2023-05-09 21:52:17,ag2312P6400,ag2312P6400,796.5,0.0,0.0,0.0,2,682.0,952.0,1,796.5,795.5,0.0,0.0,0.0,0.0,2
2023-05-09 21:52:17,ag2312P6400,ag2312P6400,796.5,0.0,0.0,0.0,2,682.0,951.5,2,796.5,795.5,0.0,0.0,0.0,0.0,2
2023-05-09 21:52:18,ag2312P6400,ag2312P6400,796.5,0.0,0.0,0.0,2,682.0,951.5,2,796.5,795.5,0.0,0.0,0.0,0.0,2
2023-05-09 22:02:12,ag2312P6400,ag2312P6400,796.5,0.0,0.0,0.0,2,682.0,950.0,1,796.5,795.5,0.0,0.0,0.0,0.0,2
2023-05-09 22:02:12,ag2312P6400,ag2312P6400,796.5,0.0,0.0,0.0,2,682.0,950.0,1,796.5,795.5,0.0,0.0,0.0,0.0,2
2023-05-09 22:02:13,ag2312P6400,ag2312P6400,796.5,0.0,0.0,0.0,2,682.0,949.5,2,796.5,795.5,0.0,0.0,0.0,0.0,2
2023-05-09 22:02:13,ag2312P6400,ag2312P6400,796.5,0.0,0.0,0.0,2,682.0,948.0,1,796.5,795.5,0.0,0.0,0.0,0.0,2
2023-05-09 22:02:14,ag2312P6400,ag2312P6400,796.5,0.0,0.0,0.0,2,682.0,948.0,1,796.5,795.5,0.0,0.0,0.0,0.0,2
2023-05-09 22:02:14,ag2312P6400,ag2312P6400,796.5,0.0,0.0,0.0,2,682.0,947.5,2,796.5,795.5,0.0,0.0,0.0,0.0,2
2023-05-09 22:02:15,ag2312P6400,ag2312P6400,796.5,0.0,0.0,0.0,2,682.0,947.5,2,796.5,795.5,0.0,0.0,0.0,0.0,2
2023-05-09 22:57:03,ag2312P6400,ag2312P6400,796.5,0.0,0.0,0.0,1,333.5,0.0,0,796.5,795.5,0.0,0.0,0.0,0.0,2
2023-05-09 22:57:05,ag2312P6400,ag2312P6400,796.5,0.0,0.0,0.0,1,335.0,1318.0,1,796.5,795.5,0.0,0.0,0.0,0.0,2
2023-05-09 23:00:33,ag2312P6400,ag2312P6400,796.5,0.0,0.0,0.0,2,335.5,1317.5,2,796.5,795.5,0.0,0.0,0.0,0.0,2
2023-05-09 23:00:34,ag2312P6400,ag2312P6400,796.5,0.0,0.0,0.0,1,337.0,1317.5,2,796.5,795.5,0.0,0.0,0.0,0.0,2
2023-05-09 23:00:35,ag2312P6400,ag2312P6400,796.5,0.0,0.0,0.0,1,337.0,1317.5,2,796.5,795.5,0.0,0.0,0.0,0.0,2
2023-05-09 23:00:35,ag2312P6400,ag2312P6400,796.5,0.0,0.0,0.0,2,337.5,1317.5,2,796.5,795.5,0.0,0.0,0.0,0.0,2
2023-05-09 23:00:37,ag2312P6400,ag2312P6400,796.5,0.0,0.0,0.0,2,337.5,1317.5,2,796.5,795.5,0.0,0.0,0.0,0.0,2
2023-05-09 23:01:01,ag2312P6400,ag2312P6400,796.5,0.0,0.0,0.0,1,339.0,1316.0,1,796.5,795.5,0.0,0.0,0.0,0.0,2
2023-05-09 23:01:01,ag2312P6400,ag2312P6400,796.5,0.0,0.0,0.0,1,339.0,1316.0,1,796.5,795.5,0.0,0.0,0.0,0.0,2
2023-05-09 23:01:02,ag2312P6400,ag2312P6400,796.5,0.0,0.0,0.0,2,339.5,1315.5,2,796.5,795.5,0.0,0.0,0.0,0.0,2
2023-05-09 23:01:03,ag2312P6400,ag2312P6400,796.5,0.0,0.0,0.0,2,339.5,1314.0,1,796.5,795.5,0.0,0.0,0.0,0.0,2
2023-05-09 23:01:03,ag2312P6400,ag2312P6400,796.5,0.0,0.0,0.0,2,339.5,1314.0,1,796.5,795.5,0.0,0.0,0.0,0.0,2
2023-05-09 23:01:04,ag2312P6400,ag2312P6400,796.5,0.0,0.0,0.0,1,341.0,1313.5,2,796.5,795.5,0.0,0.0,0.0,0.0,2
2023-05-09 23:01:04,ag2312P6400,ag2312P6400,796.5,0.0,0.0,0.0,1,341.0,1313.5,2,796.5,795.5,0.0,0.0,0.0,0.0,2
2023-05-09 23:01:05,ag2312P6400,ag2312P6400,796.5,0.0,0.0,0.0,2,341.5,1313.5,2,796.5,795.5,0.0,0.0,0.0,0.0,2
2023-05-09 23:01:06,ag2312P6400,ag2312P6400,796.5,0.0,0.0,0.0,1,343.0,1313.5,2,796.5,795.5,0.0,0.0,0.0,0.0,2
2023-05-09 23:01:06,ag2312P6400,ag2312P6400,796.5,0.0,0.0,0.0,1,343.0,1313.5,2,796.5,795.5,0.0,0.0,0.0,0.0,2
2023-05-09 23:01:07,ag2312P6400,ag2312P6400,796.5,0.0,0.0,0.0,2,343.5,1312.0,1,796.5,795.5,0.0,0.0,0.0,0.0,2
2023-05-09 23:01:07,ag2312P6400,ag2312P6400,796.5,0.0,0.0,0.0,2,343.5,1312.0,1,796.5,795.5,0.0,0.0,0.0,0.0,2
2023-05-09 23:01:08,ag2312P6400,ag2312P6400,796.5,0.0,0.0,0.0,1,345.0,1311.5,2,796.5,795.5,0.0,0.0,0.0,0.0,2
2023-05-09 23:01:08,ag2312P6400,ag2312P6400,796.5,0.0,0.0,0.0,1,345.0,1311.5,2,796.5,795.5,0.0,0.0,0.0,0.0,2
2023-05-09 23:01:09,ag2312P6400,ag2312P6400,796.5,0.0,0.0,0.0,2,345.5,1311.5,2,796.5,795.5,0.0,0.0,0.0,0.0,2
2023-05-09 23:01:09,ag2312P6400,ag2312P6400,796.5,0.0,0.0,0.0,2,345.5,1311.5,2,796.5,795.5,0.0,0.0,0.0,0.0,2
2023-05-09 23:01:10,ag2312P6400,ag2312P6400,796.5,0.0,0.0,0.0,2,345.5,1311.5,2,796.5,795.5,0.0,0.0,0.0,0.0,2
2023-05-09 23:01:11,ag2312P6400,ag2312P6400,796.5,0.0,0.0,0.0,1,347.0,1311.5,2,796.5,795.5,0.0,0.0,0.0,0.0,2
2023-05-09 23:01:11,ag2312P6400,ag2312P6400,796.5,0.0,0.0,0.0,1,347.0,1311.5,2,796.5,795.5,0.0,0.0,0.0,0.0,2
2023-05-09 23:01:12,ag2312P6400,ag2312P6400,796.5,0.0,0.0,0.0,2,347.5,1311.5,2,796.5,795.5,0.0,0.0,0.0,0.0,2
2023-05-09 23:01:13,ag2312P6400,ag2312P6400,796.5,0.0,0.0,0.0,2,347.5,1311.5,2,796.5,795.5,0.0,0.0,0.0,0.0,2
2023-05-09 23:01:14,ag2312P6400,ag2312P6400,796.5,0.0,0.0,0.0,1,349.0,1311.5,2,796.5,795.5,0.0,0.0,0.0,0.0,2
2023-05-09 23:01:14,ag2312P6400,ag2312P6400,796.5,0.0,0.0,0.0,1,349.0,1311.5,2,796.5,795.5,0.0,0.0,0.0,0.0,2
2023-05-09 23:01:15,ag2312P6400,ag2312P6400,796.5,0.0,0.0,0.0,2,349.5,1311.5,2,796.5,795.5,0.0,0.0,0.0,0.0,2
2023-05-09 23:01:15,ag2312P6400,ag2312P6400,796.5,0.0,0.0,0.0,2,349.5,1310.0,1,796.5,795.5,0.0,0.0,0.0,0.0,2
2023-05-09 23:01:16,ag2312P6400,ag2312P6400,796.5,0.0,0.0,0.0,1,351.0,1310.0,1,796.5,795.5,0.0,0.0,0.0,0.0,2
2023-05-09 23:01:16,ag2312P6400,ag2312P6400,796.5,0.0,0.0,0.0,1,351.0,1309.5,2,796.5,795.5,0.0,0.0,0.0,0.0,2
2023-05-09 23:01:17,ag2312P6400,ag2312P6400,796.5,0.0,0.0,0.0,2,351.5,1309.5,2,796.5,795.5,0.0,0.0,0.0,0.0,2
2023-05-09 23:01:17,ag2312P6400,ag2312P6400,796.5,0.0,0.0,0.0,2,351.5,1309.5,2,796.5,795.5,0.0,0.0,0.0,0.0,2
2023-05-09 23:01:18,ag2312P6400,ag2312P6400,796.5,0.0,0.0,0.0,2,351.5,1309.5,2,796.5,795.5,0.0,0.0,0.0,0.0,2
2023-05-09 23:01:20,ag2312P6400,ag2312P6400,796.5,0.0,0.0,0.0,1,353.0,1308.0,1,796.5,795.5,0.0,0.0,0.0,0.0,2
2023-05-09 23:01:21,ag2312P6400,ag2312P6400,796.5,0.0,0.0,0.0,1,353.0,1308.0,1,796.5,795.5,0.0,0.0,0.0,0.0,2
2023-05-09 23:01:21,ag2312P6400,ag2312P6400,796.5,0.0,0.0,0.0,2,353.5,1307.5,2,796.5,795.5,0.0,0.0,0.0,0.0,2
2023-05-09 23:01:23,ag2312P6400,ag2312P6400,796.5,0.0,0.0,0.0,2,353.5,1307.5,2,796.5,795.5,0.0,0.0,0.0,0.0,2
2023-05-09 23:01:24,ag2312P6400,ag2312P6400,796.5,0.0,0.0,0.0,1,355.0,1306.0,1,796.5,795.5,0.0,0.0,0.0,0.0,2
2023-05-09 23:01:25,ag2312P6400,ag2312P6400,796.5,0.0,0.0,0.0,1,355.0,1306.0,1,796.5,795.5,0.0,0.0,0.0,0.0,2
2023-05-09 23:01:25,ag2312P6400,ag2312P6400,796.5,0.0,0.0,0.0,2,355.5,1305.5,2,796.5,795.5,0.0,0.0,0.0,0.0,2
2023-05-09 23:01:27,ag2312P6400,ag2312P6400,796.5,0.0,0.0,0.0,2,355.5,1305.5,2,796.5,795.5,0.0,0.0,0.0,0.0,2
2023-05-09 23:01:28,ag2312P6400,ag2312P6400,796.5,0.0,0.0,0.0,2,355.5,1304.0,1,796.5,795.5,0.0,0.0,0.0,0.0,2
2023-05-09 23:01:28,ag2312P6400,ag2312P6400,796.5,0.0,0.0,0.0,2,355.5,1304.0,1,796.5,795.5,0.0,0.0,0.0,0.0,2
2023-05-09 23:01:29,ag2312P6400,ag2312P6400,796.5,0.0,0.0,0.0,1,357.0,1303.5,2,796.5,795.5,0.0,0.0,0.0,0.0,2
2023-05-09 23:01:29,ag2312P6400,ag2312P6400,796.5,0.0,0.0,0.0,2,357.5,1303.5,2,796.5,795.5,0.0,0.0,0.0,0.0,2
2023-05-09 23:01:30,ag2312P6400,ag2312P6400,796.5,0.0,0.0,0.0,2,357.5,1303.5,2,796.5,795.5,0.0,0.0,0.0,0.0,2
2023-05-09 23:01:31,ag2312P6400,ag2312P6400,796.5,0.0,0.0,0.0,2,357.5,1303.5,2,796.5,795.5,0.0,0.0,0.0,0.0,2
2023-05-09 23:01:32,ag2312P6400,ag2312P6400,796.5,0.0,0.0,0.0,1,359.0,1303.5,2,796.5,795.5,0.0,0.0,0.0,0.0,2
2023-05-09 23:01:33,ag2312P6400,ag2312P6400,796.5,0.0,0.0,0.0,1,359.0,1303.5,2,796.5,795.5,0.0,0.0,0.0,0.0,2
2023-05-09 23:01:33,ag2312P6400,ag2312P6400,796.5,0.0,0.0,0.0,2,359.5,1302.0,1,796.5,795.5,0.0,0.0,0.0,0.0,2
2023-05-09 23:01:34,ag2312P6400,ag2312P6400,796.5,0.0,0.0,0.0,2,359.5,1302.0,1,796.5,795.5,0.0,0.0,0.0,0.0,2
2023-05-09 23:01:34,ag2312P6400,ag2312P6400,796.5,0.0,0.0,0.0,2,359.5,1301.5,2,796.5,795.5,0.0,0.0,0.0,0.0,2
2023-05-09 23:01:35,ag2312P6400,ag2312P6400,796.5,0.0,0.0,0.0,2,359.5,1301.5,2,796.5,795.5,0.0,0.0,0.0,0.0,2
2023-05-09 23:01:36,ag2312P6400,ag2312P6400,796.5,0.0,0.0,0.0,2,359.5,1300.0,1,796.5,795.5,0.0,0.0,0.0,0.0,2
2023-05-09 23:01:37,ag2312P6400,ag2312P6400,796.5,0.0,0.0,0.0,2,359.5,1300.0,1,796.5,795.5,0.0,0.0,0.0,0.0,2
2023-05-09 23:01:37,ag2312P6400,ag2312P6400,796.5,0.0,0.0,0.0,2,359.5,1299.5,2,796.5,795.5,0.0,0.0,0.0,0.0,2
2023-05-09 23:01:38,ag2312P6400,ag2312P6400,796.5,0.0,0.0,0.0,2,359.5,1298.0,1,796.5,795.5,0.0,0.0,0.0,0.0,2
2023-05-09 23:01:39,ag2312P6400,ag2312P6400,796.5,0.0,0.0,0.0,2,359.5,1298.0,1,796.5,795.5,0.0,0.0,0.0,0.0,2
2023-05-09 23:01:39,ag2312P6400,ag2312P6400,796.5,0.0,0.0,0.0,2,359.5,1297.5,2,796.5,795.5,0.0,0.0,0.0,0.0,2
2023-05-09 23:01:40,ag2312P6400,ag2312P6400,796.5,0.0,0.0,0.0,1,361.0,1297.5,2,796.5,795.5,0.0,0.0,0.0,0.0,2
2023-05-09 23:01:41,ag2312P6400,ag2312P6400,796.5,0.0,0.0,0.0,1,361.0,1297.5,2,796.5,795.5,0.0,0.0,0.0,0.0,2
2023-05-09 23:01:41,ag2312P6400,ag2312P6400,796.5,0.0,0.0,0.0,2,361.5,1296.0,1,796.5,795.5,0.0,0.0,0.0,0.0,2
2023-05-09 23:01:42,ag2312P6400,ag2312P6400,796.5,0.0,0.0,0.0,2,361.5,1296.0,1,796.5,795.5,0.0,0.0,0.0,0.0,2
2023-05-09 23:01:42,ag2312P6400,ag2312P6400,796.5,0.0,0.0,0.0,2,361.5,1295.5,2,796.5,795.5,0.0,0.0,0.0,0.0,2
2023-05-09 23:01:43,ag2312P6400,ag2312P6400,796.5,0.0,0.0,0.0,1,363.0,1295.5,2,796.5,795.5,0.0,0.0,0.0,0.0,2
2023-05-09 23:01:43,ag2312P6400,ag2312P6400,796.5,0.0,0.0,0.0,1,363.0,1295.5,2,796.5,795.5,0.0,0.0,0.0,0.0,2
2023-05-09 23:01:44,ag2312P6400,ag2312P6400,796.5,0.0,0.0,0.0,2,363.5,1295.5,2,796.5,795.5,0.0,0.0,0.0,0.0,2
2023-05-09 23:01:45,ag2312P6400,ag2312P6400,796.5,0.0,0.0,0.0,2,363.5,1294.0,1,796.5,795.5,0.0,0.0,0.0,0.0,2
2023-05-09 23:01:45,ag2312P6400,ag2312P6400,796.5,0.0,0.0,0.0,2,363.5,1294.0,1,796.5,795.5,0.0,0.0,0.0,0.0,2
2023-05-09 23:01:46,ag2312P6400,ag2312P6400,796.5,0.0,0.0,0.0,2,363.5,1293.5,2,796.5,795.5,0.0,0.0,0.0,0.0,2
2023-05-09 23:01:47,ag2312P6400,ag2312P6400,796.5,0.0,0.0,0.0,1,365.0,1293.5,2,796.5,795.5,0.0,0.0,0.0,0.0,2
2023-05-09 23:01:47,ag2312P6400,ag2312P6400,796.5,0.0,0.0,0.0,1,365.0,1293.5,2,796.5,795.5,0.0,0.0,0.0,0.0,2
