time,symbol_id,symbol_name,last,trade_volume,trade_amount,open_interest_change,bv1,bp1,ap1,av1,yesterday_close,today_open,today_high,today_low,volume,amount,open_interest
2023-05-09 20:59:00,ag2312C5000,ag2312C5000,921.5,0.0,0.0,0.0,1,520.0,0.0,0,921.5,0.0,0.0,0.0,0.0,0.0,18
2023-05-09 21:00:08,ag2312C5000,ag2312C5000,921.5,0.0,0.0,0.0,2,520.5,0.0,0,921.5,0.0,0.0,0.0,0.0,0.0,18
2023-05-09 21:00:14,ag2312C5000,ag2312C5000,921.5,0.0,0.0,0.0,2,520.5,0.0,0,921.5,0.0,0.0,0.0,0.0,0.0,18
2023-05-09 21:02:18,ag2312C5000,ag2312C5000,921.5,0.0,0.0,0.0,1,522.0,1443.0,1,921.5,0.0,0.0,0.0,0.0,0.0,18
2023-05-09 21:02:19,ag2312C5000,ag2312C5000,921.5,0.0,0.0,0.0,1,522.0,1442.5,2,921.5,0.0,0.0,0.0,0.0,0.0,18
2023-05-09 21:02:19,ag2312C5000,ag2312C5000,921.5,0.0,0.0,0.0,2,522.5,1442.5,2,921.5,0.0,0.0,0.0,0.0,0.0,18
2023-05-09 21:02:20,ag2312C5000,ag2312C5000,921.5,0.0,0.0,0.0,2,522.5,1442.5,2,921.5,0.0,0.0,0.0,0.0,0.0,18
2023-05-09 21:02:31,ag2312C5000,ag2312C5000,921.5,0.0,0.0,0.0,2,522.5,1441.0,1,921.5,0.0,0.0,0.0,0.0,0.0,18
2023-05-09 21:02:32,ag2312C5000,ag2312C5000,921.5,0.0,0.0,0.0,1,524.0,1441.0,1,921.5,0.0,0.0,0.0,0.0,0.0,18
2023-05-09 21:02:32,ag2312C5000,ag2312C5000,921.5,0.0,0.0,0.0,1,524.0,1440.5,2,921.5,0.0,0.0,0.0,0.0,0.0,18
2023-05-09 21:02:33,ag2312C5000,ag2312C5000,921.5,0.0,0.0,0.0,2,524.5,1440.5,2,921.5,0.0,0.0,0.0,0.0,0.0,18
2023-05-09 21:02:33,ag2312C5000,ag2312C5000,921.5,0.0,0.0,0.0,2,524.5,1440.5,2,921.5,0.0,0.0,0.0,0.0,0.0,18
2023-05-09 21:02:46,ag2312C5000,ag2312C5000,921.5,0.0,0.0,0.0,2,524.5,1439.0,1,921.5,0.0,0.0,0.0,0.0,0.0,18
2023-05-09 21:02:46,ag2312C5000,ag2312C5000,921.5,0.0,0.0,0.0,1,526.0,1439.0,1,921.5,0.0,0.0,0.0,0.0,0.0,18
2023-05-09 21:02:47,ag2312C5000,ag2312C5000,921.5,0.0,0.0,0.0,1,526.0,1438.5,2,921.5,0.0,0.0,0.0,0.0,0.0,18
2023-05-09 21:02:47,ag2312C5000,ag2312C5000,921.5,0.0,0.0,0.0,2,526.5,1438.5,2,921.5,0.0,0.0,0.0,0.0,0.0,18
2023-05-09 21:02:48,ag2312C5000,ag2312C5000,921.5,0.0,0.0,0.0,1,528.0,1438.5,2,921.5,0.0,0.0,0.0,0.0,0.0,18
2023-05-09 21:02:48,ag2312C5000,ag2312C5000,921.5,0.0,0.0,0.0,1,528.0,1438.5,2,921.5,0.0,0.0,0.0,0.0,0.0,18
2023-05-09 21:02:49,ag2312C5000,ag2312C5000,921.5,0.0,0.0,0.0,2,528.5,1438.5,2,921.5,0.0,0.0,0.0,0.0,0.0,18
2023-05-09 21:02:49,ag2312C5000,ag2312C5000,921.5,0.0,0.0,0.0,1,530.0,1437.0,1,921.5,0.0,0.0,0.0,0.0,0.0,18
2023-05-09 21:02:50,ag2312C5000,ag2312C5000,921.5,0.0,0.0,0.0,1,530.0,1437.0,1,921.5,0.0,0.0,0.0,0.0,0.0,18
2023-05-09 21:02:50,ag2312C5000,ag2312C5000,921.5,0.0,0.0,0.0,2,530.5,1436.5,2,921.5,0.0,0.0,0.0,0.0,0.0,18
2023-05-09 21:02:51,ag2312C5000,ag2312C5000,921.5,0.0,0.0,0.0,2,530.5,1436.5,2,921.5,0.0,0.0,0.0,0.0,0.0,18
2023-05-09 21:02:51,ag2312C5000,ag2312C5000,921.5,0.0,0.0,0.0,1,532.0,1435.0,1,921.5,0.0,0.0,0.0,0.0,0.0,18
2023-05-09 21:02:52,ag2312C5000,ag2312C5000,921.5,0.0,0.0,0.0,1,532.0,1435.0,1,921.5,0.0,0.0,0.0,0.0,0.0,18
2023-05-09 21:02:52,ag2312C5000,ag2312C5000,921.5,0.0,0.0,0.0,2,532.5,1434.5,2,921.5,0.0,0.0,0.0,0.0,0.0,18
2023-05-09 21:02:53,ag2312C5000,ag2312C5000,921.5,0.0,0.0,0.0,2,532.5,1434.5,2,921.5,0.0,0.0,0.0,0.0,0.0,18
2023-05-09 21:03:05,ag2312C5000,ag2312C5000,921.5,0.0,0.0,0.0,1,534.0,1434.5,2,921.5,0.0,0.0,0.0,0.0,0.0,18
2023-05-09 21:03:05,ag2312C5000,ag2312C5000,921.5,0.0,0.0,0.0,1,534.0,1433.0,1,921.5,0.0,0.0,0.0,0.0,0.0,18
2023-05-09 21:03:06,ag2312C5000,ag2312C5000,921.5,0.0,0.0,0.0,2,534.5,1433.0,1,921.5,0.0,0.0,0.0,0.0,0.0,18
2023-05-09 21:03:06,ag2312C5000,ag2312C5000,921.5,0.0,0.0,0.0,2,534.5,1432.5,2,921.5,0.0,0.0,0.0,0.0,0.0,18
2023-05-09 21:03:07,ag2312C5000,ag2312C5000,921.5,0.0,0.0,0.0,2,534.5,1432.5,2,921.5,0.0,0.0,0.0,0.0,0.0,18
2023-05-09 21:03:12,ag2312C5000,ag2312C5000,921.5,0.0,0.0,0.0,1,536.0,1431.0,1,921.5,0.0,0.0,0.0,0.0,0.0,18
2023-05-09 21:03:13,ag2312C5000,ag2312C5000,921.5,0.0,0.0,0.0,1,536.0,1431.0,1,921.5,0.0,0.0,0.0,0.0,0.0,18
2023-05-09 21:03:13,ag2312C5000,ag2312C5000,921.5,0.0,0.0,0.0,2,536.5,1430.5,2,921.5,0.0,0.0,0.0,0.0,0.0,18
2023-05-09 21:03:14,ag2312C5000,ag2312C5000,921.5,0.0,0.0,0.0,2,536.5,1430.5,2,921.5,0.0,0.0,0.0,0.0,0.0,18
2023-05-09 21:03:23,ag2312C5000,ag2312C5000,921.5,0.0,0.0,0.0,1,538.0,1429.0,1,921.5,0.0,0.0,0.0,0.0,0.0,18
2023-05-09 21:03:24,ag2312C5000,ag2312C5000,921.5,0.0,0.0,0.0,1,538.0,1429.0,1,921.5,0.0,0.0,0.0,0.0,0.0,18
2023-05-09 21:03:24,ag2312C5000,ag2312C5000,921.5,0.0,0.0,0.0,2,538.5,1428.5,2,921.5,0.0,0.0,0.0,0.0,0.0,18
2023-05-09 21:03:25,ag2312C5000,ag2312C5000,921.5,0.0,0.0,0.0,1,540.0,1427.0,1,921.5,0.0,0.0,0.0,0.0,0.0,18
2023-05-09 21:03:25,ag2312C5000,ag2312C5000,921.5,0.0,0.0,0.0,1,540.0,1427.0,1,921.5,0.0,0.0,0.0,0.0,0.0,18
2023-05-09 21:03:26,ag2312C5000,ag2312C5000,921.5,0.0,0.0,0.0,2,540.5,1426.5,2,921.5,0.0,0.0,0.0,0.0,0.0,18
2023-05-09 21:03:26,ag2312C5000,ag2312C5000,921.5,0.0,0.0,0.0,2,540.5,1426.5,2,921.5,0.0,0.0,0.0,0.0,0.0,18
2023-05-09 21:03:31,ag2312C5000,ag2312C5000,921.5,0.0,0.0,0.0,1,542.0,1425.0,1,921.5,0.0,0.0,0.0,0.0,0.0,18
2023-05-09 21:03:32,ag2312C5000,ag2312C5000,921.5,0.0,0.0,0.0,1,542.0,1425.0,1,921.5,0.0,0.0,0.0,0.0,0.0,18
2023-05-09 21:03:32,ag2312C5000,ag2312C5000,921.5,0.0,0.0,0.0,2,542.5,1424.5,2,921.5,0.0,0.0,0.0,0.0,0.0,18
2023-05-09 21:03:33,ag2312C5000,ag2312C5000,921.5,0.0,0.0,0.0,2,542.5,1424.5,2,921.5,0.0,0.0,0.0,0.0,0.0,18
2023-05-09 21:03:35,ag2312C5000,ag2312C5000,921.5,0.0,0.0,0.0,1,544.0,1423.0,1,921.5,0.0,0.0,0.0,0.0,0.0,18
2023-05-09 21:03:36,ag2312C5000,ag2312C5000,921.5,0.0,0.0,0.0,1,544.0,1423.0,1,921.5,0.0,0.0,0.0,0.0,0.0,18
2023-05-09 21:03:36,ag2312C5000,ag2312C5000,921.5,0.0,0.0,0.0,2,544.5,1422.5,2,921.5,0.0,0.0,0.0,0.0,0.0,18
2023-05-09 21:03:37,ag2312C5000,ag2312C5000,921.5,0.0,0.0,0.0,1,546.0,1421.0,1,921.5,0.0,0.0,0.0,0.0,0.0,18
2023-05-09 21:03:37,ag2312C5000,ag2312C5000,921.5,0.0,0.0,0.0,1,546.0,1421.0,1,921.5,0.0,0.0,0.0,0.0,0.0,18
2023-05-09 21:03:38,ag2312C5000,ag2312C5000,921.5,0.0,0.0,0.0,2,546.5,1420.5,2,921.5,0.0,0.0,0.0,0.0,0.0,18
2023-05-09 21:03:38,ag2312C5000,ag2312C5000,921.5,0.0,0.0,0.0,2,546.5,1420.5,2,921.5,0.0,0.0,0.0,0.0,0.0,18
2023-05-09 21:03:40,ag2312C5000,ag2312C5000,921.5,0.0,0.0,0.0,1,548.0,1419.0,1,921.5,0.0,0.0,0.0,0.0,0.0,18
2023-05-09 21:03:40,ag2312C5000,ag2312C5000,921.5,0.0,0.0,0.0,1,548.0,1419.0,1,921.5,0.0,0.0,0.0,0.0,0.0,18
2023-05-09 21:03:41,ag2312C5000,ag2312C5000,921.5,0.0,0.0,0.0,2,548.5,1418.5,2,921.5,0.0,0.0,0.0,0.0,0.0,18
2023-05-09 21:03:41,ag2312C5000,ag2312C5000,921.5,0.0,0.0,0.0,2,548.5,1418.5,2,921.5,0.0,0.0,0.0,0.0,0.0,18
2023-05-09 21:03:46,ag2312C5000,ag2312C5000,921.5,0.0,0.0,0.0,1,550.0,1417.0,1,921.5,0.0,0.0,0.0,0.0,0.0,18
2023-05-09 21:03:47,ag2312C5000,ag2312C5000,921.5,0.0,0.0,0.0,1,550.0,1417.0,1,921.5,0.0,0.0,0.0,0.0,0.0,18
2023-05-09 21:03:47,ag2312C5000,ag2312C5000,921.5,0.0,0.0,0.0,2,550.5,1416.5,2,921.5,0.0,0.0,0.0,0.0,0.0,18
2023-05-09 21:03:48,ag2312C5000,ag2312C5000,921.5,0.0,0.0,0.0,2,550.5,1416.5,2,921.5,0.0,0.0,0.0,0.0,0.0,18
2023-05-09 21:03:50,ag2312C5000,ag2312C5000,921.5,0.0,0.0,0.0,1,552.0,1415.0,1,921.5,0.0,0.0,0.0,0.0,0.0,18
2023-05-09 21:03:50,ag2312C5000,ag2312C5000,921.5,0.0,0.0,0.0,1,552.0,1415.0,1,921.5,0.0,0.0,0.0,0.0,0.0,18
2023-05-09 21:03:51,ag2312C5000,ag2312C5000,921.5,0.0,0.0,0.0,2,552.5,1414.5,2,921.5,0.0,0.0,0.0,0.0,0.0,18
2023-05-09 21:03:51,ag2312C5000,ag2312C5000,921.5,0.0,0.0,0.0,2,552.5,1414.5,2,921.5,0.0,0.0,0.0,0.0,0.0,18
2023-05-09 21:03:52,ag2312C5000,ag2312C5000,921.5,0.0,0.0,0.0,1,554.0,1413.0,1,921.5,0.0,0.0,0.0,0.0,0.0,18
2023-05-09 21:03:52,ag2312C5000,ag2312C5000,921.5,0.0,0.0,0.0,1,554.0,1413.0,1,921.5,0.0,0.0,0.0,0.0,0.0,18
2023-05-09 21:03:53,ag2312C5000,ag2312C5000,921.5,0.0,0.0,0.0,2,554.5,1412.5,2,921.5,0.0,0.0,0.0,0.0,0.0,18
2023-05-09 21:03:53,ag2312C5000,ag2312C5000,921.5,0.0,0.0,0.0,2,554.5,1412.5,2,921.5,0.0,0.0,0.0,0.0,0.0,18
2023-05-09 21:04:02,ag2312C5000,ag2312C5000,921.5,0.0,0.0,0.0,1,556.0,1412.5,2,921.5,0.0,0.0,0.0,0.0,0.0,18
2023-05-09 21:04:02,ag2312C5000,ag2312C5000,921.5,0.0,0.0,0.0,1,556.0,1411.0,1,921.5,0.0,0.0,0.0,0.0,0.0,18
2023-05-09 21:04:03,ag2312C5000,ag2312C5000,921.5,0.0,0.0,0.0,2,556.5,1411.0,1,921.5,0.0,0.0,0.0,0.0,0.0,18
2023-05-09 21:04:03,ag2312C5000,ag2312C5000,921.5,0.0,0.0,0.0,2,556.5,1410.5,2,921.5,0.0,0.0,0.0,0.0,0.0,18
2023-05-09 21:04:04,ag2312C5000,ag2312C5000,921.5,0.0,0.0,0.0,2,556.5,1410.5,2,921.5,0.0,0.0,0.0,0.0,0.0,18
2023-05-09 21:04:04,ag2312C5000,ag2312C5000,921.5,0.0,0.0,0.0,1,558.0,1409.0,1,921.5,0.0,0.0,0.0,0.0,0.0,18
2023-05-09 21:04:05,ag2312C5000,ag2312C5000,921.5,0.0,0.0,0.0,1,558.0,1409.0,1,921.5,0.0,0.0,0.0,0.0,0.0,18
2023-05-09 21:04:05,ag2312C5000,ag2312C5000,921.5,0.0,0.0,0.0,2,558.5,1408.5,2,921.5,0.0,0.0,0.0,0.0,0.0,18
2023-05-09 21:04:06,ag2312C5000,ag2312C5000,921.5,0.0,0.0,0.0,2,558.5,1408.5,2,921.5,0.0,0.0,0.0,0.0,0.0,18
2023-05-09 21:04:08,ag2312C5000,ag2312C5000,921.5,0.0,0.0,0.0,1,560.0,1407.0,1,921.5,0.0,0.0,0.0,0.0,0.0,18
2023-05-09 21:04:09,ag2312C5000,ag2312C5000,921.5,0.0,0.0,0.0,1,560.0,1407.0,1,921.5,0.0,0.0,0.0,0.0,0.0,18
2023-05-09 21:04:09,ag2312C5000,ag2312C5000,921.5,0.0,0.0,0.0,2,560.5,1406.5,2,921.5,0.0,0.0,0.0,0.0,0.0,18
2023-05-09 21:04:10,ag2312C5000,ag2312C5000,921.5,0.0,0.0,0.0,1,562.0,1405.0,1,921.5,0.0,0.0,0.0,0.0,0.0,18
2023-05-09 21:04:10,ag2312C5000,ag2312C5000,921.5,0.0,0.0,0.0,1,562.0,1405.0,1,921.5,0.0,0.0,0.0,0.0,0.0,18
2023-05-09 21:04:11,ag2312C5000,ag2312C5000,921.5,0.0,0.0,0.0,2,562.5,1404.5,2,921.5,0.0,0.0,0.0,0.0,0.0,18
2023-05-09 21:04:11,ag2312C5000,ag2312C5000,921.5,0.0,0.0,0.0,2,562.5,1404.5,2,921.5,0.0,0.0,0.0,0.0,0.0,18
2023-05-09 21:04:12,ag2312C5000,ag2312C5000,921.5,0.0,0.0,0.0,1,564.0,1403.0,1,921.5,0.0,0.0,0.0,0.0,0.0,18
2023-05-09 21:04:12,ag2312C5000,ag2312C5000,921.5,0.0,0.0,0.0,1,564.0,1403.0,1,921.5,0.0,0.0,0.0,0.0,0.0,18
2023-05-09 21:04:13,ag2312C5000,ag2312C5000,921.5,0.0,0.0,0.0,2,564.5,1402.5,2,921.5,0.0,0.0,0.0,0.0,0.0,18
2023-05-09 21:04:13,ag2312C5000,ag2312C5000,921.5,0.0,0.0,0.0,2,564.5,1402.5,2,921.5,0.0,0.0,0.0,0.0,0.0,18
2023-05-09 21:04:14,ag2312C5000,ag2312C5000,921.5,0.0,0.0,0.0,1,566.0,1401.0,1,921.5,0.0,0.0,0.0,0.0,0.0,18
2023-05-09 21:04:14,ag2312C5000,ag2312C5000,921.5,0.0,0.0,0.0,1,566.0,1401.0,1,921.5,0.0,0.0,0.0,0.0,0.0,18
2023-05-09 21:04:15,ag2312C5000,ag2312C5000,921.5,0.0,0.0,0.0,2,566.5,1400.5,2,921.5,0.0,0.0,0.0,0.0,0.0,18
2023-05-09 21:04:16,ag2312C5000,ag2312C5000,921.5,0.0,0.0,0.0,2,566.5,1400.5,2,921.5,0.0,0.0,0.0,0.0,0.0,18
2023-05-09 21:04:16,ag2312C5000,ag2312C5000,921.5,0.0,0.0,0.0,1,568.0,1399.0,1,921.5,0.0,0.0,0.0,0.0,0.0,18
2023-05-09 21:04:17,ag2312C5000,ag2312C5000,921.5,0.0,0.0,0.0,1,568.0,1399.0,1,921.5,0.0,0.0,0.0,0.0,0.0,18
2023-05-09 21:04:17,ag2312C5000,ag2312C5000,921.5,0.0,0.0,0.0,2,568.5,1398.5,2,921.5,0.0,0.0,0.0,0.0,0.0,18
2023-05-09 21:04:18,ag2312C5000,ag2312C5000,921.5,0.0,0.0,0.0,2,568.5,1398.5,2,921.5,0.0,0.0,0.0,0.0,0.0,18
2023-05-09 21:04:22,ag2312C5000,ag2312C5000,921.5,0.0,0.0,0.0,1,570.0,1397.0,1,921.5,0.0,0.0,0.0,0.0,0.0,18
2023-05-09 21:04:22,ag2312C5000,ag2312C5000,921.5,0.0,0.0,0.0,1,570.0,1397.0,1,921.5,0.0,0.0,0.0,0.0,0.0,18
2023-05-09 21:04:23,ag2312C5000,ag2312C5000,921.5,0.0,0.0,0.0,2,570.5,1396.5,2,921.5,0.0,0.0,0.0,0.0,0.0,18
2023-05-09 21:04:23,ag2312C5000,ag2312C5000,921.5,0.0,0.0,0.0,1,572.0,1395.0,1,921.5,0.0,0.0,0.0,0.0,0.0,18
2023-05-09 21:04:24,ag2312C5000,ag2312C5000,921.5,0.0,0.0,0.0,1,572.0,1395.0,1,921.5,0.0,0.0,0.0,0.0,0.0,18
2023-05-09 21:04:24,ag2312C5000,ag2312C5000,921.5,0.0,0.0,0.0,2,572.5,1394.5,2,921.5,0.0,0.0,0.0,0.0,0.0,18
2023-05-09 21:04:25,ag2312C5000,ag2312C5000,921.5,0.0,0.0,0.0,1,574.0,1393.0,1,921.5,0.0,0.0,0.0,0.0,0.0,18
2023-05-09 21:04:25,ag2312C5000,ag2312C5000,921.5,0.0,0.0,0.0,1,574.0,1393.0,1,921.5,0.0,0.0,0.0,0.0,0.0,18
2023-05-09 21:04:26,ag2312C5000,ag2312C5000,921.5,0.0,0.0,0.0,2,574.5,1392.5,2,921.5,0.0,0.0,0.0,0.0,0.0,18
2023-05-09 21:04:26,ag2312C5000,ag2312C5000,921.5,0.0,0.0,0.0,2,574.5,1392.5,2,921.5,0.0,0.0,0.0,0.0,0.0,18
2023-05-09 21:04:27,ag2312C5000,ag2312C5000,921.5,0.0,0.0,0.0,1,576.0,1391.0,1,921.5,0.0,0.0,0.0,0.0,0.0,18
2023-05-09 21:04:27,ag2312C5000,ag2312C5000,921.5,0.0,0.0,0.0,1,576.0,1391.0,1,921.5,0.0,0.0,0.0,0.0,0.0,18
2023-05-09 21:04:28,ag2312C5000,ag2312C5000,921.5,0.0,0.0,0.0,2,576.5,1390.5,2,921.5,0.0,0.0,0.0,0.0,0.0,18
2023-05-09 21:04:28,ag2312C5000,ag2312C5000,921.5,0.0,0.0,0.0,2,576.5,1390.5,2,921.5,0.0,0.0,0.0,0.0,0.0,18
2023-05-09 21:04:29,ag2312C5000,ag2312C5000,921.5,0.0,0.0,0.0,1,578.0,1389.0,1,921.5,0.0,0.0,0.0,0.0,0.0,18
2023-05-09 21:04:29,ag2312C5000,ag2312C5000,921.5,0.0,0.0,0.0,1,578.0,1389.0,1,921.5,0.0,0.0,0.0,0.0,0.0,18
2023-05-09 21:04:30,ag2312C5000,ag2312C5000,921.5,0.0,0.0,0.0,2,578.5,1388.5,2,921.5,0.0,0.0,0.0,0.0,0.0,18
2023-05-09 21:04:30,ag2312C5000,ag2312C5000,921.5,0.0,0.0,0.0,2,578.5,1388.5,2,921.5,0.0,0.0,0.0,0.0,0.0,18
2023-05-09 21:04:37,ag2312C5000,ag2312C5000,921.5,0.0,0.0,0.0,1,580.0,1387.0,1,921.5,0.0,0.0,0.0,0.0,0.0,18
2023-05-09 21:04:38,ag2312C5000,ag2312C5000,921.5,0.0,0.0,0.0,1,580.0,1387.0,1,921.5,0.0,0.0,0.0,0.0,0.0,18
2023-05-09 21:04:38,ag2312C5000,ag2312C5000,921.5,0.0,0.0,0.0,2,580.5,1386.5,2,921.5,0.0,0.0,0.0,0.0,0.0,18
2023-05-09 21:04:39,ag2312C5000,ag2312C5000,921.5,0.0,0.0,0.0,2,580.5,1386.5,2,921.5,0.0,0.0,0.0,0.0,0.0,18
2023-05-09 21:04:42,ag2312C5000,ag2312C5000,921.5,0.0,0.0,0.0,1,582.0,1385.0,1,921.5,0.0,0.0,0.0,0.0,0.0,18
2023-05-09 21:04:43,ag2312C5000,ag2312C5000,921.5,0.0,0.0,0.0,1,582.0,1385.0,1,921.5,0.0,0.0,0.0,0.0,0.0,18
2023-05-09 21:04:43,ag2312C5000,ag2312C5000,921.5,0.0,0.0,0.0,2,582.5,1384.5,2,921.5,0.0,0.0,0.0,0.0,0.0,18
2023-05-09 21:04:44,ag2312C5000,ag2312C5000,921.5,0.0,0.0,0.0,2,582.5,1384.5,2,921.5,0.0,0.0,0.0,0.0,0.0,18
2023-05-09 21:04:45,ag2312C5000,ag2312C5000,921.5,0.0,0.0,0.0,1,584.0,1383.0,1,921.5,0.0,0.0,0.0,0.0,0.0,18
2023-05-09 21:04:46,ag2312C5000,ag2312C5000,921.5,0.0,0.0,0.0,1,584.0,1383.0,1,921.5,0.0,0.0,0.0,0.0,0.0,18
2023-05-09 21:04:46,ag2312C5000,ag2312C5000,921.5,0.0,0.0,0.0,2,584.5,1382.5,2,921.5,0.0,0.0,0.0,0.0,0.0,18
2023-05-09 21:04:47,ag2312C5000,ag2312C5000,921.5,0.0,0.0,0.0,2,584.5,1382.5,2,921.5,0.0,0.0,0.0,0.0,0.0,18
2023-05-09 21:04:49,ag2312C5000,ag2312C5000,921.5,0.0,0.0,0.0,1,586.0,1381.0,1,921.5,0.0,0.0,0.0,0.0,0.0,18
2023-05-09 21:04:49,ag2312C5000,ag2312C5000,921.5,0.0,0.0,0.0,1,586.0,1381.0,1,921.5,0.0,0.0,0.0,0.0,0.0,18
2023-05-09 21:04:50,ag2312C5000,ag2312C5000,921.5,0.0,0.0,0.0,2,586.5,1380.5,2,921.5,0.0,0.0,0.0,0.0,0.0,18
2023-05-09 21:04:50,ag2312C5000,ag2312C5000,921.5,0.0,0.0,0.0,1,588.0,1379.0,1,921.5,0.0,0.0,0.0,0.0,0.0,18
2023-05-09 21:04:51,ag2312C5000,ag2312C5000,921.5,0.0,0.0,0.0,1,588.0,1379.0,1,921.5,0.0,0.0,0.0,0.0,0.0,18
2023-05-09 21:04:51,ag2312C5000,ag2312C5000,921.5,0.0,0.0,0.0,2,588.5,1378.5,2,921.5,0.0,0.0,0.0,0.0,0.0,18
2023-05-09 21:04:52,ag2312C5000,ag2312C5000,921.5,0.0,0.0,0.0,2,588.5,1378.5,2,921.5,0.0,0.0,0.0,0.0,0.0,18
2023-05-09 21:04:52,ag2312C5000,ag2312C5000,921.5,0.0,0.0,0.0,1,590.0,1377.0,1,921.5,0.0,0.0,0.0,0.0,0.0,18
2023-05-09 21:04:53,ag2312C5000,ag2312C5000,921.5,0.0,0.0,0.0,1,590.0,1377.0,1,921.5,0.0,0.0,0.0,0.0,0.0,18
2023-05-09 21:04:53,ag2312C5000,ag2312C5000,921.5,0.0,0.0,0.0,2,590.5,1376.5,2,921.5,0.0,0.0,0.0,0.0,0.0,18
2023-05-09 21:04:54,ag2312C5000,ag2312C5000,921.5,0.0,0.0,0.0,1,592.0,1376.5,2,921.5,0.0,0.0,0.0,0.0,0.0,18
2023-05-09 21:04:54,ag2312C5000,ag2312C5000,921.5,0.0,0.0,0.0,1,592.0,1376.5,2,921.5,0.0,0.0,0.0,0.0,0.0,18
2023-05-09 21:04:55,ag2312C5000,ag2312C5000,921.5,0.0,0.0,0.0,2,592.5,1375.0,1,921.5,0.0,0.0,0.0,0.0,0.0,18
2023-05-09 21:04:55,ag2312C5000,ag2312C5000,921.5,0.0,0.0,0.0,2,592.5,1375.0,1,921.5,0.0,0.0,0.0,0.0,0.0,18
2023-05-09 21:04:56,ag2312C5000,ag2312C5000,921.5,0.0,0.0,0.0,1,594.0,1374.5,2,921.5,0.0,0.0,0.0,0.0,0.0,18
2023-05-09 21:04:56,ag2312C5000,ag2312C5000,921.5,0.0,0.0,0.0,1,594.0,1374.5,2,921.5,0.0,0.0,0.0,0.0,0.0,18
2023-05-09 21:04:57,ag2312C5000,ag2312C5000,921.5,0.0,0.0,0.0,2,594.5,1374.5,2,921.5,0.0,0.0,0.0,0.0,0.0,18
2023-05-09 21:04:57,ag2312C5000,ag2312C5000,921.5,0.0,0.0,0.0,2,594.5,1374.5,2,921.5,0.0,0.0,0.0,0.0,0.0,18
2023-05-09 21:05:04,ag2312C5000,ag2312C5000,921.5,0.0,0.0,0.0,2,594.5,1373.0,1,921.5,0.0,0.0,0.0,0.0,0.0,18
2023-05-09 21:05:05,ag2312C5000,ag2312C5000,921.5,0.0,0.0,0.0,1,596.0,1373.0,1,921.5,0.0,0.0,0.0,0.0,0.0,18
2023-05-09 21:05:05,ag2312C5000,ag2312C5000,921.5,0.0,0.0,0.0,1,596.0,1372.5,2,921.5,0.0,0.0,0.0,0.0,0.0,18
2023-05-09 21:05:06,ag2312C5000,ag2312C5000,921.5,0.0,0.0,0.0,2,596.5,1371.0,1,921.5,0.0,0.0,0.0,0.0,0.0,18
2023-05-09 21:05:06,ag2312C5000,ag2312C5000,921.5,0.0,0.0,0.0,2,596.5,1371.0,1,921.5,0.0,0.0,0.0,0.0,0.0,18
2023-05-09 21:05:07,ag2312C5000,ag2312C5000,921.5,0.0,0.0,0.0,1,598.0,1370.5,2,921.5,0.0,0.0,0.0,0.0,0.0,18
2023-05-09 21:05:07,ag2312C5000,ag2312C5000,921.5,0.0,0.0,0.0,1,598.0,1370.5,2,921.5,0.0,0.0,0.0,0.0,0.0,18
2023-05-09 21:05:08,ag2312C5000,ag2312C5000,921.5,0.0,0.0,0.0,2,598.5,1370.5,2,921.5,0.0,0.0,0.0,0.0,0.0,18
2023-05-09 21:05:08,ag2312C5000,ag2312C5000,921.5,0.0,0.0,0.0,2,598.5,1370.5,2,921.5,0.0,0.0,0.0,0.0,0.0,18
2023-05-09 21:05:09,ag2312C5000,ag2312C5000,921.5,0.0,0.0,0.0,1,600.0,1369.0,1,921.5,0.0,0.0,0.0,0.0,0.0,18
2023-05-09 21:05:09,ag2312C5000,ag2312C5000,921.5,0.0,0.0,0.0,1,600.0,1369.0,1,921.5,0.0,0.0,0.0,0.0,0.0,18
2023-05-09 21:05:10,ag2312C5000,ag2312C5000,921.5,0.0,0.0,0.0,2,600.5,1368.5,2,921.5,0.0,0.0,0.0,0.0,0.0,18
2023-05-09 21:05:10,ag2312C5000,ag2312C5000,921.5,0.0,0.0,0.0,2,600.5,1368.5,2,921.5,0.0,0.0,0.0,0.0,0.0,18
2023-05-09 21:05:12,ag2312C5000,ag2312C5000,921.5,0.0,0.0,0.0,1,602.0,1367.0,1,921.5,0.0,0.0,0.0,0.0,0.0,18
2023-05-09 21:05:12,ag2312C5000,ag2312C5000,921.5,0.0,0.0,0.0,1,602.0,1367.0,1,921.5,0.0,0.0,0.0,0.0,0.0,18
2023-05-09 21:05:13,ag2312C5000,ag2312C5000,921.5,0.0,0.0,0.0,2,602.5,1366.5,2,921.5,0.0,0.0,0.0,0.0,0.0,18
2023-05-09 21:05:13,ag2312C5000,ag2312C5000,921.5,0.0,0.0,0.0,1,604.0,1365.0,1,921.5,0.0,0.0,0.0,0.0,0.0,18
2023-05-09 21:05:14,ag2312C5000,ag2312C5000,921.5,0.0,0.0,0.0,1,604.0,1365.0,1,921.5,0.0,0.0,0.0,0.0,0.0,18
2023-05-09 21:05:14,ag2312C5000,ag2312C5000,921.5,0.0,0.0,0.0,2,604.5,1364.5,2,921.5,0.0,0.0,0.0,0.0,0.0,18
2023-05-09 21:05:15,ag2312C5000,ag2312C5000,921.5,0.0,0.0,0.0,2,604.5,1364.5,2,921.5,0.0,0.0,0.0,0.0,0.0,18
2023-05-09 21:05:15,ag2312C5000,ag2312C5000,921.5,0.0,0.0,0.0,1,606.0,1363.0,1,921.5,0.0,0.0,0.0,0.0,0.0,18
2023-05-09 21:05:16,ag2312C5000,ag2312C5000,921.5,0.0,0.0,0.0,1,606.0,1363.0,1,921.5,0.0,0.0,0.0,0.0,0.0,18
2023-05-09 21:05:16,ag2312C5000,ag2312C5000,921.5,0.0,0.0,0.0,2,606.5,1362.5,2,921.5,0.0,0.0,0.0,0.0,0.0,18
2023-05-09 21:05:17,ag2312C5000,ag2312C5000,921.5,0.0,0.0,0.0,2,606.5,1362.5,2,921.5,0.0,0.0,0.0,0.0,0.0,18
2023-05-09 21:05:23,ag2312C5000,ag2312C5000,921.5,0.0,0.0,0.0,1,608.0,1361.0,1,921.5,0.0,0.0,0.0,0.0,0.0,18
2023-05-09 21:05:24,ag2312C5000,ag2312C5000,921.5,0.0,0.0,0.0,1,608.0,1361.0,1,921.5,0.0,0.0,0.0,0.0,0.0,18
2023-05-09 21:05:24,ag2312C5000,ag2312C5000,921.5,0.0,0.0,0.0,2,608.5,1360.5,2,921.5,0.0,0.0,0.0,0.0,0.0,18
2023-05-09 21:05:25,ag2312C5000,ag2312C5000,921.5,0.0,0.0,0.0,2,608.5,1360.5,2,921.5,0.0,0.0,0.0,0.0,0.0,18
2023-05-09 21:05:25,ag2312C5000,ag2312C5000,921.5,0.0,0.0,0.0,1,610.0,1359.0,1,921.5,0.0,0.0,0.0,0.0,0.0,18
2023-05-09 21:05:26,ag2312C5000,ag2312C5000,921.5,0.0,0.0,0.0,1,610.0,1359.0,1,921.5,0.0,0.0,0.0,0.0,0.0,18
2023-05-09 21:05:26,ag2312C5000,ag2312C5000,921.5,0.0,0.0,0.0,2,610.5,1358.5,2,921.5,0.0,0.0,0.0,0.0,0.0,18
2023-05-09 21:05:27,ag2312C5000,ag2312C5000,921.5,0.0,0.0,0.0,2,610.5,1358.5,2,921.5,0.0,0.0,0.0,0.0,0.0,18
2023-05-09 21:05:27,ag2312C5000,ag2312C5000,921.5,0.0,0.0,0.0,1,612.0,1358.5,2,921.5,0.0,0.0,0.0,0.0,0.0,18
2023-05-09 21:05:28,ag2312C5000,ag2312C5000,921.5,0.0,0.0,0.0,1,612.0,1358.5,2,921.5,0.0,0.0,0.0,0.0,0.0,18
2023-05-09 21:05:28,ag2312C5000,ag2312C5000,921.5,0.0,0.0,0.0,2,612.5,1358.5,2,921.5,0.0,0.0,0.0,0.0,0.0,18
2023-05-09 21:05:29,ag2312C5000,ag2312C5000,921.5,0.0,0.0,0.0,1,614.0,1357.0,1,921.5,0.0,0.0,0.0,0.0,0.0,18
2023-05-09 21:05:29,ag2312C5000,ag2312C5000,921.5,0.0,0.0,0.0,1,614.0,1357.0,1,921.5,0.0,0.0,0.0,0.0,0.0,18
2023-05-09 21:05:30,ag2312C5000,ag2312C5000,921.5,0.0,0.0,0.0,2,614.5,1356.5,2,921.5,0.0,0.0,0.0,0.0,0.0,18
2023-05-09 21:05:30,ag2312C5000,ag2312C5000,921.5,0.0,0.0,0.0,1,616.0,1355.0,1,921.5,0.0,0.0,0.0,0.0,0.0,18
2023-05-09 21:05:31,ag2312C5000,ag2312C5000,921.5,0.0,0.0,0.0,1,616.0,1355.0,1,921.5,0.0,0.0,0.0,0.0,0.0,18
2023-05-09 21:05:31,ag2312C5000,ag2312C5000,921.5,0.0,0.0,0.0,2,616.5,1354.5,2,921.5,0.0,0.0,0.0,0.0,0.0,18
2023-05-09 21:05:32,ag2312C5000,ag2312C5000,921.5,0.0,0.0,0.0,2,616.5,1354.5,2,921.5,0.0,0.0,0.0,0.0,0.0,18
2023-05-09 21:05:34,ag2312C5000,ag2312C5000,921.5,0.0,0.0,0.0,1,618.0,1353.0,1,921.5,0.0,0.0,0.0,0.0,0.0,18
2023-05-09 21:05:35,ag2312C5000,ag2312C5000,921.5,0.0,0.0,0.0,1,618.0,1353.0,1,921.5,0.0,0.0,0.0,0.0,0.0,18
2023-05-09 21:05:35,ag2312C5000,ag2312C5000,921.5,0.0,0.0,0.0,2,618.5,1352.5,2,921.5,0.0,0.0,0.0,0.0,0.0,18
2023-05-09 21:05:36,ag2312C5000,ag2312C5000,921.5,0.0,0.0,0.0,2,618.5,1352.5,2,921.5,0.0,0.0,0.0,0.0,0.0,18
2023-05-09 21:05:36,ag2312C5000,ag2312C5000,921.5,0.0,0.0,0.0,1,620.0,1351.0,1,921.5,0.0,0.0,0.0,0.0,0.0,18
2023-05-09 21:05:37,ag2312C5000,ag2312C5000,921.5,0.0,0.0,0.0,1,620.0,1351.0,1,921.5,0.0,0.0,0.0,0.0,0.0,18
2023-05-09 21:05:37,ag2312C5000,ag2312C5000,921.5,0.0,0.0,0.0,2,620.5,1350.5,2,921.5,0.0,0.0,0.0,0.0,0.0,18
2023-05-09 21:05:38,ag2312C5000,ag2312C5000,921.5,0.0,0.0,0.0,2,620.5,1350.5,2,921.5,0.0,0.0,0.0,0.0,0.0,18
2023-05-09 21:05:38,ag2312C5000,ag2312C5000,921.5,0.0,0.0,0.0,1,622.0,1349.0,1,921.5,0.0,0.0,0.0,0.0,0.0,18
2023-05-09 21:05:39,ag2312C5000,ag2312C5000,921.5,0.0,0.0,0.0,1,622.0,1349.0,1,921.5,0.0,0.0,0.0,0.0,0.0,18
2023-05-09 21:05:39,ag2312C5000,ag2312C5000,921.5,0.0,0.0,0.0,2,622.5,1348.5,2,921.5,0.0,0.0,0.0,0.0,0.0,18
2023-05-09 21:05:40,ag2312C5000,ag2312C5000,921.5,0.0,0.0,0.0,2,622.5,1348.5,2,921.5,0.0,0.0,0.0,0.0,0.0,18
2023-05-09 21:05:44,ag2312C5000,ag2312C5000,921.5,0.0,0.0,0.0,1,624.0,1348.5,2,921.5,0.0,0.0,0.0,0.0,0.0,18
2023-05-09 21:05:45,ag2312C5000,ag2312C5000,921.5,0.0,0.0,0.0,1,624.0,1348.5,2,921.5,0.0,0.0,0.0,0.0,0.0,18
2023-05-09 21:05:45,ag2312C5000,ag2312C5000,921.5,0.0,0.0,0.0,2,624.5,1348.5,2,921.5,0.0,0.0,0.0,0.0,0.0,18
2023-05-09 21:05:46,ag2312C5000,ag2312C5000,921.5,0.0,0.0,0.0,2,624.5,1347.0,1,921.5,0.0,0.0,0.0,0.0,0.0,18
2023-05-09 21:05:46,ag2312C5000,ag2312C5000,921.5,0.0,0.0,0.0,2,624.5,1347.0,1,921.5,0.0,0.0,0.0,0.0,0.0,18
2023-05-09 21:05:47,ag2312C5000,ag2312C5000,921.5,0.0,0.0,0.0,2,624.5,1346.5,2,921.5,0.0,0.0,0.0,0.0,0.0,18
2023-05-09 21:05:47,ag2312C5000,ag2312C5000,921.5,0.0,0.0,0.0,1,626.0,1345.0,1,921.5,0.0,0.0,0.0,0.0,0.0,18
2023-05-09 21:05:48,ag2312C5000,ag2312C5000,921.5,0.0,0.0,0.0,1,626.0,1345.0,1,921.5,0.0,0.0,0.0,0.0,0.0,18
2023-05-09 21:05:48,ag2312C5000,ag2312C5000,921.5,0.0,0.0,0.0,2,626.5,1344.5,2,921.5,0.0,0.0,0.0,0.0,0.0,18
2023-05-09 21:05:49,ag2312C5000,ag2312C5000,921.5,0.0,0.0,0.0,2,626.5,1344.5,2,921.5,0.0,0.0,0.0,0.0,0.0,18
2023-05-09 21:05:49,ag2312C5000,ag2312C5000,921.5,0.0,0.0,0.0,1,628.0,1343.0,1,921.5,0.0,0.0,0.0,0.0,0.0,18
2023-05-09 21:05:50,ag2312C5000,ag2312C5000,921.5,0.0,0.0,0.0,1,628.0,1343.0,1,921.5,0.0,0.0,0.0,0.0,0.0,18
2023-05-09 21:05:50,ag2312C5000,ag2312C5000,921.5,0.0,0.0,0.0,2,628.5,1342.5,2,921.5,0.0,0.0,0.0,0.0,0.0,18
2023-05-09 21:05:51,ag2312C5000,ag2312C5000,921.5,0.0,0.0,0.0,2,628.5,1342.5,2,921.5,0.0,0.0,0.0,0.0,0.0,18
2023-05-09 21:05:51,ag2312C5000,ag2312C5000,921.5,0.0,0.0,0.0,1,630.0,1341.0,1,921.5,0.0,0.0,0.0,0.0,0.0,18
2023-05-09 21:05:52,ag2312C5000,ag2312C5000,921.5,0.0,0.0,0.0,1,630.0,1341.0,1,921.5,0.0,0.0,0.0,0.0,0.0,18
2023-05-09 21:05:52,ag2312C5000,ag2312C5000,921.5,0.0,0.0,0.0,2,630.5,1340.5,2,921.5,0.0,0.0,0.0,0.0,0.0,18
2023-05-09 21:05:53,ag2312C5000,ag2312C5000,921.5,0.0,0.0,0.0,1,632.0,1339.0,1,921.5,0.0,0.0,0.0,0.0,0.0,18
2023-05-09 21:05:53,ag2312C5000,ag2312C5000,921.5,0.0,0.0,0.0,1,632.0,1339.0,1,921.5,0.0,0.0,0.0,0.0,0.0,18
2023-05-09 21:05:54,ag2312C5000,ag2312C5000,921.5,0.0,0.0,0.0,2,632.5,1338.5,2,921.5,0.0,0.0,0.0,0.0,0.0,18
2023-05-09 21:05:54,ag2312C5000,ag2312C5000,921.5,0.0,0.0,0.0,2,632.5,1338.5,2,921.5,0.0,0.0,0.0,0.0,0.0,18
2023-05-09 21:05:55,ag2312C5000,ag2312C5000,921.5,0.0,0.0,0.0,1,634.0,1337.0,1,921.5,0.0,0.0,0.0,0.0,0.0,18
2023-05-09 21:05:55,ag2312C5000,ag2312C5000,921.5,0.0,0.0,0.0,1,634.0,1337.0,1,921.5,0.0,0.0,0.0,0.0,0.0,18
2023-05-09 21:05:56,ag2312C5000,ag2312C5000,921.5,0.0,0.0,0.0,2,634.5,1336.5,2,921.5,0.0,0.0,0.0,0.0,0.0,18
2023-05-09 21:05:56,ag2312C5000,ag2312C5000,921.5,0.0,0.0,0.0,2,634.5,1336.5,2,921.5,0.0,0.0,0.0,0.0,0.0,18
2023-05-09 21:05:57,ag2312C5000,ag2312C5000,921.5,0.0,0.0,0.0,1,636.0,1335.0,1,921.5,0.0,0.0,0.0,0.0,0.0,18
2023-05-09 21:05:57,ag2312C5000,ag2312C5000,921.5,0.0,0.0,0.0,1,636.0,1335.0,1,921.5,0.0,0.0,0.0,0.0,0.0,18
2023-05-09 21:05:58,ag2312C5000,ag2312C5000,921.5,0.0,0.0,0.0,2,636.5,1334.5,2,921.5,0.0,0.0,0.0,0.0,0.0,18
2023-05-09 21:05:58,ag2312C5000,ag2312C5000,921.5,0.0,0.0,0.0,2,636.5,1334.5,2,921.5,0.0,0.0,0.0,0.0,0.0,18
2023-05-09 21:06:08,ag2312C5000,ag2312C5000,921.5,0.0,0.0,0.0,1,638.0,1334.5,2,921.5,0.0,0.0,0.0,0.0,0.0,18
2023-05-09 21:06:09,ag2312C5000,ag2312C5000,921.5,0.0,0.0,0.0,1,638.0,1333.0,1,921.5,0.0,0.0,0.0,0.0,0.0,18
2023-05-09 21:06:09,ag2312C5000,ag2312C5000,921.5,0.0,0.0,0.0,2,638.5,1333.0,1,921.5,0.0,0.0,0.0,0.0,0.0,18
2023-05-09 21:06:10,ag2312C5000,ag2312C5000,921.5,0.0,0.0,0.0,1,640.0,1332.5,2,921.5,0.0,0.0,0.0,0.0,0.0,18
2023-05-09 21:06:10,ag2312C5000,ag2312C5000,921.5,0.0,0.0,0.0,1,640.0,1332.5,2,921.5,0.0,0.0,0.0,0.0,0.0,18
2023-05-09 21:06:11,ag2312C5000,ag2312C5000,921.5,0.0,0.0,0.0,2,640.5,1332.5,2,921.5,0.0,0.0,0.0,0.0,0.0,18
2023-05-09 21:06:11,ag2312C5000,ag2312C5000,921.5,0.0,0.0,0.0,1,642.0,1331.0,1,921.5,0.0,0.0,0.0,0.0,0.0,18
2023-05-09 21:06:12,ag2312C5000,ag2312C5000,921.5,0.0,0.0,0.0,1,642.0,1331.0,1,921.5,0.0,0.0,0.0,0.0,0.0,18
2023-05-09 21:06:12,ag2312C5000,ag2312C5000,921.5,0.0,0.0,0.0,2,642.5,1330.5,2,921.5,0.0,0.0,0.0,0.0,0.0,18
2023-05-09 21:06:13,ag2312C5000,ag2312C5000,921.5,0.0,0.0,0.0,2,642.5,1330.5,2,921.5,0.0,0.0,0.0,0.0,0.0,18
2023-05-09 21:06:19,ag2312C5000,ag2312C5000,921.5,0.0,0.0,0.0,1,644.0,1330.5,2,921.5,0.0,0.0,0.0,0.0,0.0,18
2023-05-09 21:06:19,ag2312C5000,ag2312C5000,921.5,0.0,0.0,0.0,1,644.0,1330.5,2,921.5,0.0,0.0,0.0,0.0,0.0,18
2023-05-09 21:06:20,ag2312C5000,ag2312C5000,921.5,0.0,0.0,0.0,2,644.5,1330.5,2,921.5,0.0,0.0,0.0,0.0,0.0,18
2023-05-09 21:06:20,ag2312C5000,ag2312C5000,921.5,0.0,0.0,0.0,1,646.0,1329.0,1,921.5,0.0,0.0,0.0,0.0,0.0,18
2023-05-09 21:06:21,ag2312C5000,ag2312C5000,921.5,0.0,0.0,0.0,1,646.0,1329.0,1,921.5,0.0,0.0,0.0,0.0,0.0,18
2023-05-09 21:06:21,ag2312C5000,ag2312C5000,921.5,0.0,0.0,0.0,2,646.5,1328.5,2,921.5,0.0,0.0,0.0,0.0,0.0,18
2023-05-09 21:06:22,ag2312C5000,ag2312C5000,921.5,0.0,0.0,0.0,2,646.5,1328.5,2,921.5,0.0,0.0,0.0,0.0,0.0,18
2023-05-09 21:06:22,ag2312C5000,ag2312C5000,921.5,0.0,0.0,0.0,1,648.0,1327.0,1,921.5,0.0,0.0,0.0,0.0,0.0,18
2023-05-09 21:06:23,ag2312C5000,ag2312C5000,921.5,0.0,0.0,0.0,1,648.0,1327.0,1,921.5,0.0,0.0,0.0,0.0,0.0,18
2023-05-09 21:06:23,ag2312C5000,ag2312C5000,921.5,0.0,0.0,0.0,2,648.5,1326.5,2,921.5,0.0,0.0,0.0,0.0,0.0,18
2023-05-09 21:06:24,ag2312C5000,ag2312C5000,921.5,0.0,0.0,0.0,1,650.0,1325.0,1,921.5,0.0,0.0,0.0,0.0,0.0,18
2023-05-09 21:06:24,ag2312C5000,ag2312C5000,921.5,0.0,0.0,0.0,1,650.0,1325.0,1,921.5,0.0,0.0,0.0,0.0,0.0,18
2023-05-09 21:06:25,ag2312C5000,ag2312C5000,921.5,0.0,0.0,0.0,2,650.5,1324.5,2,921.5,0.0,0.0,0.0,0.0,0.0,18
2023-05-09 21:06:26,ag2312C5000,ag2312C5000,921.5,0.0,0.0,0.0,2,650.5,1324.5,2,921.5,0.0,0.0,0.0,0.0,0.0,18
2023-05-09 21:06:26,ag2312C5000,ag2312C5000,921.5,0.0,0.0,0.0,1,652.0,1323.0,1,921.5,0.0,0.0,0.0,0.0,0.0,18
2023-05-09 21:06:27,ag2312C5000,ag2312C5000,921.5,0.0,0.0,0.0,1,652.0,1323.0,1,921.5,0.0,0.0,0.0,0.0,0.0,18
2023-05-09 21:06:27,ag2312C5000,ag2312C5000,921.5,0.0,0.0,0.0,2,652.5,1322.5,2,921.5,0.0,0.0,0.0,0.0,0.0,18
2023-05-09 21:06:28,ag2312C5000,ag2312C5000,921.5,0.0,0.0,0.0,2,652.5,1322.5,2,921.5,0.0,0.0,0.0,0.0,0.0,18
2023-05-09 21:06:29,ag2312C5000,ag2312C5000,921.5,0.0,0.0,0.0,1,654.0,1321.0,1,921.5,0.0,0.0,0.0,0.0,0.0,18
2023-05-09 21:06:30,ag2312C5000,ag2312C5000,921.5,0.0,0.0,0.0,1,654.0,1321.0,1,921.5,0.0,0.0,0.0,0.0,0.0,18
2023-05-09 21:06:30,ag2312C5000,ag2312C5000,921.5,0.0,0.0,0.0,2,654.5,1320.5,2,921.5,0.0,0.0,0.0,0.0,0.0,18
2023-05-09 21:06:31,ag2312C5000,ag2312C5000,921.5,0.0,0.0,0.0,2,654.5,1320.5,2,921.5,0.0,0.0,0.0,0.0,0.0,18
2023-05-09 21:06:41,ag2312C5000,ag2312C5000,921.5,0.0,0.0,0.0,1,656.0,1319.0,1,921.5,0.0,0.0,0.0,0.0,0.0,18
2023-05-09 21:06:41,ag2312C5000,ag2312C5000,921.5,0.0,0.0,0.0,1,656.0,1319.0,1,921.5,0.0,0.0,0.0,0.0,0.0,18
2023-05-09 21:06:42,ag2312C5000,ag2312C5000,921.5,0.0,0.0,0.0,2,656.5,1318.5,2,921.5,0.0,0.0,0.0,0.0,0.0,18
2023-05-09 21:06:42,ag2312C5000,ag2312C5000,921.5,0.0,0.0,0.0,2,656.5,1318.5,2,921.5,0.0,0.0,0.0,0.0,0.0,18
2023-05-09 21:06:43,ag2312C5000,ag2312C5000,921.5,0.0,0.0,0.0,1,658.0,1317.0,1,921.5,0.0,0.0,0.0,0.0,0.0,18
2023-05-09 21:06:43,ag2312C5000,ag2312C5000,921.5,0.0,0.0,0.0,1,658.0,1317.0,1,921.5,0.0,0.0,0.0,0.0,0.0,18
2023-05-09 21:06:44,ag2312C5000,ag2312C5000,921.5,0.0,0.0,0.0,2,658.5,1316.5,2,921.5,0.0,0.0,0.0,0.0,0.0,18
2023-05-09 21:06:44,ag2312C5000,ag2312C5000,921.5,0.0,0.0,0.0,2,658.5,1316.5,2,921.5,0.0,0.0,0.0,0.0,0.0,18
2023-05-09 21:07:04,ag2312C5000,ag2312C5000,921.5,0.0,0.0,0.0,1,660.0,1315.0,1,921.5,0.0,0.0,0.0,0.0,0.0,18
2023-05-09 21:07:05,ag2312C5000,ag2312C5000,921.5,0.0,0.0,0.0,1,660.0,1315.0,1,921.5,0.0,0.0,0.0,0.0,0.0,18
2023-05-09 21:07:05,ag2312C5000,ag2312C5000,921.5,0.0,0.0,0.0,2,660.5,1314.5,2,921.5,0.0,0.0,0.0,0.0,0.0,18
2023-05-09 21:07:06,ag2312C5000,ag2312C5000,921.5,0.0,0.0,0.0,1,662.0,1314.5,2,921.5,0.0,0.0,0.0,0.0,0.0,18
2023-05-09 21:07:06,ag2312C5000,ag2312C5000,921.5,0.0,0.0,0.0,1,662.0,1314.5,2,921.5,0.0,0.0,0.0,0.0,0.0,18
2023-05-09 21:07:07,ag2312C5000,ag2312C5000,921.5,0.0,0.0,0.0,2,662.5,1314.5,2,921.5,0.0,0.0,0.0,0.0,0.0,18
2023-05-09 21:07:08,ag2312C5000,ag2312C5000,921.5,0.0,0.0,0.0,2,662.5,1313.0,1,921.5,0.0,0.0,0.0,0.0,0.0,18
2023-05-09 21:07:08,ag2312C5000,ag2312C5000,921.5,0.0,0.0,0.0,1,664.0,1313.0,1,921.5,0.0,0.0,0.0,0.0,0.0,18
2023-05-09 21:07:09,ag2312C5000,ag2312C5000,921.5,0.0,0.0,0.0,1,664.0,1312.5,2,921.5,0.0,0.0,0.0,0.0,0.0,18
2023-05-09 21:07:09,ag2312C5000,ag2312C5000,921.5,0.0,0.0,0.0,2,664.5,1311.0,1,921.5,0.0,0.0,0.0,0.0,0.0,18
2023-05-09 21:07:10,ag2312C5000,ag2312C5000,921.5,0.0,0.0,0.0,2,664.5,1311.0,1,921.5,0.0,0.0,0.0,0.0,0.0,18
2023-05-09 21:07:10,ag2312C5000,ag2312C5000,921.5,0.0,0.0,0.0,1,666.0,1310.5,2,921.5,0.0,0.0,0.0,0.0,0.0,18
2023-05-09 21:07:11,ag2312C5000,ag2312C5000,921.5,0.0,0.0,0.0,1,666.0,1310.5,2,921.5,0.0,0.0,0.0,0.0,0.0,18
2023-05-09 21:07:11,ag2312C5000,ag2312C5000,921.5,0.0,0.0,0.0,2,666.5,1310.5,2,921.5,0.0,0.0,0.0,0.0,0.0,18
2023-05-09 21:07:12,ag2312C5000,ag2312C5000,921.5,0.0,0.0,0.0,2,666.5,1310.5,2,921.5,0.0,0.0,0.0,0.0,0.0,18
2023-05-09 21:07:31,ag2312C5000,ag2312C5000,921.5,0.0,0.0,0.0,1,668.0,1309.0,1,921.5,0.0,0.0,0.0,0.0,0.0,18
2023-05-09 21:07:32,ag2312C5000,ag2312C5000,921.5,0.0,0.0,0.0,1,668.0,1309.0,1,921.5,0.0,0.0,0.0,0.0,0.0,18
2023-05-09 21:07:32,ag2312C5000,ag2312C5000,921.5,0.0,0.0,0.0,2,668.5,1308.5,2,921.5,0.0,0.0,0.0,0.0,0.0,18
2023-05-09 21:07:33,ag2312C5000,ag2312C5000,921.5,0.0,0.0,0.0,2,668.5,1308.5,2,921.5,0.0,0.0,0.0,0.0,0.0,18
2023-05-09 21:07:33,ag2312C5000,ag2312C5000,921.5,0.0,0.0,0.0,2,668.5,1307.0,1,921.5,0.0,0.0,0.0,0.0,0.0,18
2023-05-09 21:07:34,ag2312C5000,ag2312C5000,921.5,0.0,0.0,0.0,2,668.5,1307.0,1,921.5,0.0,0.0,0.0,0.0,0.0,18
2023-05-09 21:07:34,ag2312C5000,ag2312C5000,921.5,0.0,0.0,0.0,1,670.0,1306.5,2,921.5,0.0,0.0,0.0,0.0,0.0,18
2023-05-09 21:07:35,ag2312C5000,ag2312C5000,921.5,0.0,0.0,0.0,1,670.0,1306.5,2,921.5,0.0,0.0,0.0,0.0,0.0,18
2023-05-09 21:07:35,ag2312C5000,ag2312C5000,921.5,0.0,0.0,0.0,2,670.5,1305.0,1,921.5,0.0,0.0,0.0,0.0,0.0,18
2023-05-09 21:07:36,ag2312C5000,ag2312C5000,921.5,0.0,0.0,0.0,2,670.5,1305.0,1,921.5,0.0,0.0,0.0,0.0,0.0,18
2023-05-09 21:07:36,ag2312C5000,ag2312C5000,921.5,0.0,0.0,0.0,2,670.5,1304.5,2,921.5,0.0,0.0,0.0,0.0,0.0,18
2023-05-09 21:07:37,ag2312C5000,ag2312C5000,921.5,0.0,0.0,0.0,2,670.5,1304.5,2,921.5,0.0,0.0,0.0,0.0,0.0,18
2023-05-09 21:08:02,ag2312C5000,ag2312C5000,921.5,0.0,0.0,0.0,1,672.0,1303.0,1,921.5,0.0,0.0,0.0,0.0,0.0,18
2023-05-09 21:08:02,ag2312C5000,ag2312C5000,921.5,0.0,0.0,0.0,1,672.0,1303.0,1,921.5,0.0,0.0,0.0,0.0,0.0,18
2023-05-09 21:08:03,ag2312C5000,ag2312C5000,921.5,0.0,0.0,0.0,2,672.5,1302.5,2,921.5,0.0,0.0,0.0,0.0,0.0,18
2023-05-09 21:08:03,ag2312C5000,ag2312C5000,921.5,0.0,0.0,0.0,2,672.5,1302.5,2,921.5,0.0,0.0,0.0,0.0,0.0,18
2023-05-09 21:08:04,ag2312C5000,ag2312C5000,921.5,0.0,0.0,0.0,1,674.0,1301.0,1,921.5,0.0,0.0,0.0,0.0,0.0,18
2023-05-09 21:08:04,ag2312C5000,ag2312C5000,921.5,0.0,0.0,0.0,1,674.0,1301.0,1,921.5,0.0,0.0,0.0,0.0,0.0,18
2023-05-09 21:08:05,ag2312C5000,ag2312C5000,921.5,0.0,0.0,0.0,2,674.5,1300.5,2,921.5,0.0,0.0,0.0,0.0,0.0,18
2023-05-09 21:08:05,ag2312C5000,ag2312C5000,921.5,0.0,0.0,0.0,2,674.5,1300.5,2,921.5,0.0,0.0,0.0,0.0,0.0,18
2023-05-09 21:08:06,ag2312C5000,ag2312C5000,921.5,0.0,0.0,0.0,1,676.0,1299.0,1,921.5,0.0,0.0,0.0,0.0,0.0,18
2023-05-09 21:08:06,ag2312C5000,ag2312C5000,921.5,0.0,0.0,0.0,1,676.0,1299.0,1,921.5,0.0,0.0,0.0,0.0,0.0,18
2023-05-09 21:08:07,ag2312C5000,ag2312C5000,921.5,0.0,0.0,0.0,2,676.5,1298.5,2,921.5,0.0,0.0,0.0,0.0,0.0,18
2023-05-09 21:08:08,ag2312C5000,ag2312C5000,921.5,0.0,0.0,0.0,2,676.5,1298.5,2,921.5,0.0,0.0,0.0,0.0,0.0,18
2023-05-09 21:08:08,ag2312C5000,ag2312C5000,921.5,0.0,0.0,0.0,1,678.0,1297.0,1,921.5,0.0,0.0,0.0,0.0,0.0,18
2023-05-09 21:08:09,ag2312C5000,ag2312C5000,921.5,0.0,0.0,0.0,1,678.0,1297.0,1,921.5,0.0,0.0,0.0,0.0,0.0,18
2023-05-09 21:08:09,ag2312C5000,ag2312C5000,921.5,0.0,0.0,0.0,2,678.5,1296.5,2,921.5,0.0,0.0,0.0,0.0,0.0,18
2023-05-09 21:08:10,ag2312C5000,ag2312C5000,921.5,0.0,0.0,0.0,2,678.5,1296.5,2,921.5,0.0,0.0,0.0,0.0,0.0,18
2023-05-09 21:08:10,ag2312C5000,ag2312C5000,921.5,0.0,0.0,0.0,1,680.0,1295.0,1,921.5,0.0,0.0,0.0,0.0,0.0,18
2023-05-09 21:08:11,ag2312C5000,ag2312C5000,921.5,0.0,0.0,0.0,1,680.0,1295.0,1,921.5,0.0,0.0,0.0,0.0,0.0,18
2023-05-09 21:08:11,ag2312C5000,ag2312C5000,921.5,0.0,0.0,0.0,2,680.5,1294.5,2,921.5,0.0,0.0,0.0,0.0,0.0,18
2023-05-09 21:08:12,ag2312C5000,ag2312C5000,921.5,0.0,0.0,0.0,2,680.5,1294.5,2,921.5,0.0,0.0,0.0,0.0,0.0,18
2023-05-09 21:08:30,ag2312C5000,ag2312C5000,921.5,0.0,0.0,0.0,2,680.5,1293.0,1,921.5,0.0,0.0,0.0,0.0,0.0,18
2023-05-09 21:08:30,ag2312C5000,ag2312C5000,921.5,0.0,0.0,0.0,1,682.0,1293.0,1,921.5,0.0,0.0,0.0,0.0,0.0,18
2023-05-09 21:08:31,ag2312C5000,ag2312C5000,921.5,0.0,0.0,0.0,1,682.0,1292.5,2,921.5,0.0,0.0,0.0,0.0,0.0,18
2023-05-09 21:08:31,ag2312C5000,ag2312C5000,921.5,0.0,0.0,0.0,2,682.5,1291.0,1,921.5,0.0,0.0,0.0,0.0,0.0,18
2023-05-09 21:08:32,ag2312C5000,ag2312C5000,921.5,0.0,0.0,0.0,2,682.5,1291.0,1,921.5,0.0,0.0,0.0,0.0,0.0,18
2023-05-09 21:08:32,ag2312C5000,ag2312C5000,921.5,0.0,0.0,0.0,2,682.5,1290.5,2,921.5,0.0,0.0,0.0,0.0,0.0,18
2023-05-09 21:08:33,ag2312C5000,ag2312C5000,921.5,0.0,0.0,0.0,2,682.5,1290.5,2,921.5,0.0,0.0,0.0,0.0,0.0,18
2023-05-09 21:08:34,ag2312C5000,ag2312C5000,921.5,0.0,0.0,0.0,1,684.0,1289.0,1,921.5,0.0,0.0,0.0,0.0,0.0,18
2023-05-09 21:08:34,ag2312C5000,ag2312C5000,921.5,0.0,0.0,0.0,1,684.0,1289.0,1,921.5,0.0,0.0,0.0,0.0,0.0,18
2023-05-09 21:08:35,ag2312C5000,ag2312C5000,921.5,0.0,0.0,0.0,2,684.5,1288.5,2,921.5,0.0,0.0,0.0,0.0,0.0,18
2023-05-09 21:08:35,ag2312C5000,ag2312C5000,921.5,0.0,0.0,0.0,2,684.5,1288.5,2,921.5,0.0,0.0,0.0,0.0,0.0,18
2023-05-09 21:08:36,ag2312C5000,ag2312C5000,921.5,0.0,0.0,0.0,1,686.0,1287.0,1,921.5,0.0,0.0,0.0,0.0,0.0,18
2023-05-09 21:08:36,ag2312C5000,ag2312C5000,921.5,0.0,0.0,0.0,1,686.0,1287.0,1,921.5,0.0,0.0,0.0,0.0,0.0,18
2023-05-09 21:08:37,ag2312C5000,ag2312C5000,921.5,0.0,0.0,0.0,2,686.5,1286.5,2,921.5,0.0,0.0,0.0,0.0,0.0,18
2023-05-09 21:08:38,ag2312C5000,ag2312C5000,921.5,0.0,0.0,0.0,2,686.5,1286.5,2,921.5,0.0,0.0,0.0,0.0,0.0,18
2023-05-09 21:09:00,ag2312C5000,ag2312C5000,921.5,0.0,0.0,0.0,1,688.0,1286.5,2,921.5,0.0,0.0,0.0,0.0,0.0,18
2023-05-09 21:09:01,ag2312C5000,ag2312C5000,921.5,0.0,0.0,0.0,1,688.0,1285.0,1,921.5,0.0,0.0,0.0,0.0,0.0,18
2023-05-09 21:09:01,ag2312C5000,ag2312C5000,921.5,0.0,0.0,0.0,2,688.5,1285.0,1,921.5,0.0,0.0,0.0,0.0,0.0,18
2023-05-09 21:09:02,ag2312C5000,ag2312C5000,921.5,0.0,0.0,0.0,1,690.0,1284.5,2,921.5,0.0,0.0,0.0,0.0,0.0,18
2023-05-09 21:09:02,ag2312C5000,ag2312C5000,921.5,0.0,0.0,0.0,1,690.0,1284.5,2,921.5,0.0,0.0,0.0,0.0,0.0,18
2023-05-09 21:09:03,ag2312C5000,ag2312C5000,921.5,0.0,0.0,0.0,2,690.5,1284.5,2,921.5,0.0,0.0,0.0,0.0,0.0,18
2023-05-09 21:09:04,ag2312C5000,ag2312C5000,921.5,0.0,0.0,0.0,2,690.5,1284.5,2,921.5,0.0,0.0,0.0,0.0,0.0,18
2023-05-09 21:09:04,ag2312C5000,ag2312C5000,921.5,0.0,0.0,0.0,1,692.0,1283.0,1,921.5,0.0,0.0,0.0,0.0,0.0,18
2023-05-09 21:09:05,ag2312C5000,ag2312C5000,921.5,0.0,0.0,0.0,1,692.0,1283.0,1,921.5,0.0,0.0,0.0,0.0,0.0,18
2023-05-09 21:09:05,ag2312C5000,ag2312C5000,921.5,0.0,0.0,0.0,2,692.5,1282.5,2,921.5,0.0,0.0,0.0,0.0,0.0,18
2023-05-09 21:09:06,ag2312C5000,ag2312C5000,921.5,0.0,0.0,0.0,2,692.5,1282.5,2,921.5,0.0,0.0,0.0,0.0,0.0,18
2023-05-09 21:09:06,ag2312C5000,ag2312C5000,921.5,0.0,0.0,0.0,1,694.0,1281.0,1,921.5,0.0,0.0,0.0,0.0,0.0,18
2023-05-09 21:09:07,ag2312C5000,ag2312C5000,921.5,0.0,0.0,0.0,1,694.0,1281.0,1,921.5,0.0,0.0,0.0,0.0,0.0,18
2023-05-09 21:09:07,ag2312C5000,ag2312C5000,921.5,0.0,0.0,0.0,2,694.5,1280.5,2,921.5,0.0,0.0,0.0,0.0,0.0,18
2023-05-09 21:09:08,ag2312C5000,ag2312C5000,921.5,0.0,0.0,0.0,2,694.5,1280.5,2,921.5,0.0,0.0,0.0,0.0,0.0,18
2023-05-09 21:09:08,ag2312C5000,ag2312C5000,921.5,0.0,0.0,0.0,1,696.0,1279.0,1,921.5,0.0,0.0,0.0,0.0,0.0,18
2023-05-09 21:09:09,ag2312C5000,ag2312C5000,921.5,0.0,0.0,0.0,1,696.0,1279.0,1,921.5,0.0,0.0,0.0,0.0,0.0,18
2023-05-09 21:09:09,ag2312C5000,ag2312C5000,921.5,0.0,0.0,0.0,2,696.5,1278.5,2,921.5,0.0,0.0,0.0,0.0,0.0,18
2023-05-09 21:09:10,ag2312C5000,ag2312C5000,921.5,0.0,0.0,0.0,2,696.5,1278.5,2,921.5,0.0,0.0,0.0,0.0,0.0,18
2023-05-09 21:09:11,ag2312C5000,ag2312C5000,921.5,0.0,0.0,0.0,1,698.0,1277.0,1,921.5,0.0,0.0,0.0,0.0,0.0,18
2023-05-09 21:09:12,ag2312C5000,ag2312C5000,921.5,0.0,0.0,0.0,1,698.0,1277.0,1,921.5,0.0,0.0,0.0,0.0,0.0,18
2023-05-09 21:09:12,ag2312C5000,ag2312C5000,921.5,0.0,0.0,0.0,2,698.5,1276.5,2,921.5,0.0,0.0,0.0,0.0,0.0,18
2023-05-09 21:09:13,ag2312C5000,ag2312C5000,921.5,0.0,0.0,0.0,2,698.5,1276.5,2,921.5,0.0,0.0,0.0,0.0,0.0,18
2023-05-09 21:09:14,ag2312C5000,ag2312C5000,921.5,0.0,0.0,0.0,1,700.0,1276.5,2,921.5,0.0,0.0,0.0,0.0,0.0,18
2023-05-09 21:09:14,ag2312C5000,ag2312C5000,921.5,0.0,0.0,0.0,1,700.0,1276.5,2,921.5,0.0,0.0,0.0,0.0,0.0,18
2023-05-09 21:09:15,ag2312C5000,ag2312C5000,921.5,0.0,0.0,0.0,2,700.5,1275.0,1,921.5,0.0,0.0,0.0,0.0,0.0,18
2023-05-09 21:09:15,ag2312C5000,ag2312C5000,921.5,0.0,0.0,0.0,2,700.5,1275.0,1,921.5,0.0,0.0,0.0,0.0,0.0,18
2023-05-09 21:09:16,ag2312C5000,ag2312C5000,921.5,0.0,0.0,0.0,2,700.5,1274.5,2,921.5,0.0,0.0,0.0,0.0,0.0,18
2023-05-09 21:09:16,ag2312C5000,ag2312C5000,921.5,0.0,0.0,0.0,2,700.5,1274.5,2,921.5,0.0,0.0,0.0,0.0,0.0,18
2023-05-09 21:09:38,ag2312C5000,ag2312C5000,921.5,0.0,0.0,0.0,1,702.0,1273.0,1,921.5,0.0,0.0,0.0,0.0,0.0,18
2023-05-09 21:09:39,ag2312C5000,ag2312C5000,921.5,0.0,0.0,0.0,1,702.0,1273.0,1,921.5,0.0,0.0,0.0,0.0,0.0,18
2023-05-09 21:09:39,ag2312C5000,ag2312C5000,921.5,0.0,0.0,0.0,2,702.5,1272.5,2,921.5,0.0,0.0,0.0,0.0,0.0,18
2023-05-09 21:09:40,ag2312C5000,ag2312C5000,921.5,0.0,0.0,0.0,2,702.5,1272.5,2,921.5,0.0,0.0,0.0,0.0,0.0,18
2023-05-09 21:09:40,ag2312C5000,ag2312C5000,921.5,0.0,0.0,0.0,1,704.0,1271.0,1,921.5,0.0,0.0,0.0,0.0,0.0,18
2023-05-09 21:09:41,ag2312C5000,ag2312C5000,921.5,0.0,0.0,0.0,1,704.0,1271.0,1,921.5,0.0,0.0,0.0,0.0,0.0,18
2023-05-09 21:09:41,ag2312C5000,ag2312C5000,921.5,0.0,0.0,0.0,2,704.5,1270.5,2,921.5,0.0,0.0,0.0,0.0,0.0,18
2023-05-09 21:09:42,ag2312C5000,ag2312C5000,921.5,0.0,0.0,0.0,2,704.5,1270.5,2,921.5,0.0,0.0,0.0,0.0,0.0,18
2023-05-09 21:10:05,ag2312C5000,ag2312C5000,921.5,0.0,0.0,0.0,1,706.0,1269.0,1,921.5,0.0,0.0,0.0,0.0,0.0,18
2023-05-09 21:10:05,ag2312C5000,ag2312C5000,921.5,0.0,0.0,0.0,1,706.0,1269.0,1,921.5,0.0,0.0,0.0,0.0,0.0,18
2023-05-09 21:10:06,ag2312C5000,ag2312C5000,921.5,0.0,0.0,0.0,2,706.5,1268.5,2,921.5,0.0,0.0,0.0,0.0,0.0,18
2023-05-09 21:10:06,ag2312C5000,ag2312C5000,921.5,0.0,0.0,0.0,2,706.5,1268.5,2,921.5,0.0,0.0,0.0,0.0,0.0,18
2023-05-09 21:10:08,ag2312C5000,ag2312C5000,921.5,0.0,0.0,0.0,1,708.0,1267.0,1,921.5,0.0,0.0,0.0,0.0,0.0,18
2023-05-09 21:10:08,ag2312C5000,ag2312C5000,921.5,0.0,0.0,0.0,1,708.0,1267.0,1,921.5,0.0,0.0,0.0,0.0,0.0,18
2023-05-09 21:10:09,ag2312C5000,ag2312C5000,921.5,0.0,0.0,0.0,2,708.5,1266.5,2,921.5,0.0,0.0,0.0,0.0,0.0,18
2023-05-09 21:10:09,ag2312C5000,ag2312C5000,921.5,0.0,0.0,0.0,2,708.5,1266.5,2,921.5,0.0,0.0,0.0,0.0,0.0,18
2023-05-09 21:10:10,ag2312C5000,ag2312C5000,921.5,0.0,0.0,0.0,1,710.0,1265.0,1,921.5,0.0,0.0,0.0,0.0,0.0,18
2023-05-09 21:10:10,ag2312C5000,ag2312C5000,921.5,0.0,0.0,0.0,1,710.0,1265.0,1,921.5,0.0,0.0,0.0,0.0,0.0,18
2023-05-09 21:10:11,ag2312C5000,ag2312C5000,921.5,0.0,0.0,0.0,2,710.5,1264.5,2,921.5,0.0,0.0,0.0,0.0,0.0,18
2023-05-09 21:10:11,ag2312C5000,ag2312C5000,921.5,0.0,0.0,0.0,2,710.5,1264.5,2,921.5,0.0,0.0,0.0,0.0,0.0,18
2023-05-09 21:10:36,ag2312C5000,ag2312C5000,921.5,0.0,0.0,0.0,1,712.0,1264.5,2,921.5,0.0,0.0,0.0,0.0,0.0,18
2023-05-09 21:10:36,ag2312C5000,ag2312C5000,921.5,0.0,0.0,0.0,1,712.0,1264.5,2,921.5,0.0,0.0,0.0,0.0,0.0,18
2023-05-09 21:10:37,ag2312C5000,ag2312C5000,921.5,0.0,0.0,0.0,2,712.5,1264.5,2,921.5,0.0,0.0,0.0,0.0,0.0,18
2023-05-09 21:10:37,ag2312C5000,ag2312C5000,921.5,0.0,0.0,0.0,2,712.5,1264.5,2,921.5,0.0,0.0,0.0,0.0,0.0,18
2023-05-09 21:10:40,ag2312C5000,ag2312C5000,921.5,0.0,0.0,0.0,2,712.5,1264.5,2,921.5,0.0,0.0,0.0,0.0,0.0,18
2023-05-09 21:10:51,ag2312C5000,ag2312C5000,921.5,0.0,0.0,0.0,1,714.0,1263.0,1,921.5,0.0,0.0,0.0,0.0,0.0,18
2023-05-09 21:10:52,ag2312C5000,ag2312C5000,921.5,0.0,0.0,0.0,1,714.0,1263.0,1,921.5,0.0,0.0,0.0,0.0,0.0,18
2023-05-09 21:10:52,ag2312C5000,ag2312C5000,921.5,0.0,0.0,0.0,2,714.5,1262.5,2,921.5,0.0,0.0,0.0,0.0,0.0,18
2023-05-09 21:10:53,ag2312C5000,ag2312C5000,921.5,0.0,0.0,0.0,2,714.5,1262.5,2,921.5,0.0,0.0,0.0,0.0,0.0,18
2023-05-09 21:10:57,ag2312C5000,ag2312C5000,921.5,0.0,0.0,0.0,1,716.0,1261.0,1,921.5,0.0,0.0,0.0,0.0,0.0,18
2023-05-09 21:10:57,ag2312C5000,ag2312C5000,921.5,0.0,0.0,0.0,1,716.0,1261.0,1,921.5,0.0,0.0,0.0,0.0,0.0,18
2023-05-09 21:10:58,ag2312C5000,ag2312C5000,921.5,0.0,0.0,0.0,2,716.5,1260.5,2,921.5,0.0,0.0,0.0,0.0,0.0,18
2023-05-09 21:10:58,ag2312C5000,ag2312C5000,921.5,0.0,0.0,0.0,1,718.0,1259.0,1,921.5,0.0,0.0,0.0,0.0,0.0,18
2023-05-09 21:10:59,ag2312C5000,ag2312C5000,921.5,0.0,0.0,0.0,1,718.0,1259.0,1,921.5,0.0,0.0,0.0,0.0,0.0,18
2023-05-09 21:10:59,ag2312C5000,ag2312C5000,921.5,0.0,0.0,0.0,2,718.5,1258.5,2,921.5,0.0,0.0,0.0,0.0,0.0,18
2023-05-09 21:11:00,ag2312C5000,ag2312C5000,921.5,0.0,0.0,0.0,2,718.5,1258.5,2,921.5,0.0,0.0,0.0,0.0,0.0,18
2023-05-09 21:11:00,ag2312C5000,ag2312C5000,921.5,0.0,0.0,0.0,2,718.5,1257.0,1,921.5,0.0,0.0,0.0,0.0,0.0,18
2023-05-09 21:11:01,ag2312C5000,ag2312C5000,921.5,0.0,0.0,0.0,2,718.5,1257.0,1,921.5,0.0,0.0,0.0,0.0,0.0,18
2023-05-09 21:11:01,ag2312C5000,ag2312C5000,921.5,0.0,0.0,0.0,2,718.5,1256.5,2,921.5,0.0,0.0,0.0,0.0,0.0,18
2023-05-09 21:11:02,ag2312C5000,ag2312C5000,921.5,0.0,0.0,0.0,2,718.5,1256.5,2,921.5,0.0,0.0,0.0,0.0,0.0,18
2023-05-09 21:11:23,ag2312C5000,ag2312C5000,921.5,0.0,0.0,0.0,1,720.0,1256.5,2,921.5,0.0,0.0,0.0,0.0,0.0,18
2023-05-09 21:11:23,ag2312C5000,ag2312C5000,921.5,0.0,0.0,0.0,1,720.0,1256.5,2,921.5,0.0,0.0,0.0,0.0,0.0,18
2023-05-09 21:11:24,ag2312C5000,ag2312C5000,921.5,0.0,0.0,0.0,2,720.5,1256.5,2,921.5,0.0,0.0,0.0,0.0,0.0,18
2023-05-09 21:11:25,ag2312C5000,ag2312C5000,921.5,0.0,0.0,0.0,2,720.5,1256.5,2,921.5,0.0,0.0,0.0,0.0,0.0,18
2023-05-09 21:11:40,ag2312C5000,ag2312C5000,921.5,0.0,0.0,0.0,1,722.0,1255.0,1,921.5,0.0,0.0,0.0,0.0,0.0,18
2023-05-09 21:11:41,ag2312C5000,ag2312C5000,921.5,0.0,0.0,0.0,1,722.0,1255.0,1,921.5,0.0,0.0,0.0,0.0,0.0,18
2023-05-09 21:11:41,ag2312C5000,ag2312C5000,921.5,0.0,0.0,0.0,2,722.5,1254.5,2,921.5,0.0,0.0,0.0,0.0,0.0,18
2023-05-09 21:11:42,ag2312C5000,ag2312C5000,921.5,0.0,0.0,0.0,2,722.5,1254.5,2,921.5,0.0,0.0,0.0,0.0,0.0,18
2023-05-09 21:12:02,ag2312C5000,ag2312C5000,921.5,0.0,0.0,0.0,1,724.0,1253.0,1,921.5,0.0,0.0,0.0,0.0,0.0,18
2023-05-09 21:12:03,ag2312C5000,ag2312C5000,921.5,0.0,0.0,0.0,2,724.5,1252.5,2,921.5,0.0,0.0,0.0,0.0,0.0,18
2023-05-09 21:12:04,ag2312C5000,ag2312C5000,921.5,0.0,0.0,0.0,2,724.5,1252.5,2,921.5,0.0,0.0,0.0,0.0,0.0,18
2023-05-09 21:12:04,ag2312C5000,ag2312C5000,921.5,0.0,0.0,0.0,1,726.0,1251.0,1,921.5,0.0,0.0,0.0,0.0,0.0,18
2023-05-09 21:12:05,ag2312C5000,ag2312C5000,921.5,0.0,0.0,0.0,1,726.0,1251.0,1,921.5,0.0,0.0,0.0,0.0,0.0,18
2023-05-09 21:12:05,ag2312C5000,ag2312C5000,921.5,0.0,0.0,0.0,2,726.5,1250.5,2,921.5,0.0,0.0,0.0,0.0,0.0,18
2023-05-09 21:12:06,ag2312C5000,ag2312C5000,921.5,0.0,0.0,0.0,2,726.5,1250.5,2,921.5,0.0,0.0,0.0,0.0,0.0,18
2023-05-09 21:12:20,ag2312C5000,ag2312C5000,921.5,0.0,0.0,0.0,2,726.5,1249.0,1,921.5,0.0,0.0,0.0,0.0,0.0,18
2023-05-09 21:12:20,ag2312C5000,ag2312C5000,921.5,0.0,0.0,0.0,2,726.5,1249.0,1,921.5,0.0,0.0,0.0,0.0,0.0,18
2023-05-09 21:12:21,ag2312C5000,ag2312C5000,921.5,0.0,0.0,0.0,1,728.0,1248.5,2,921.5,0.0,0.0,0.0,0.0,0.0,18
2023-05-09 21:12:21,ag2312C5000,ag2312C5000,921.5,0.0,0.0,0.0,1,728.0,1248.5,2,921.5,0.0,0.0,0.0,0.0,0.0,18
2023-05-09 21:12:22,ag2312C5000,ag2312C5000,921.5,0.0,0.0,0.0,2,728.5,1248.5,2,921.5,0.0,0.0,0.0,0.0,0.0,18
2023-05-09 21:12:22,ag2312C5000,ag2312C5000,921.5,0.0,0.0,0.0,2,728.5,1248.5,2,921.5,0.0,0.0,0.0,0.0,0.0,18
2023-05-09 21:12:23,ag2312C5000,ag2312C5000,921.5,0.0,0.0,0.0,1,730.0,1247.0,1,921.5,0.0,0.0,0.0,0.0,0.0,18
2023-05-09 21:12:23,ag2312C5000,ag2312C5000,921.5,0.0,0.0,0.0,1,730.0,1247.0,1,921.5,0.0,0.0,0.0,0.0,0.0,18
2023-05-09 21:12:24,ag2312C5000,ag2312C5000,921.5,0.0,0.0,0.0,2,730.5,1246.5,2,921.5,0.0,0.0,0.0,0.0,0.0,18
2023-05-09 21:12:24,ag2312C5000,ag2312C5000,921.5,0.0,0.0,0.0,2,730.5,1246.5,2,921.5,0.0,0.0,0.0,0.0,0.0,18
2023-05-09 21:12:26,ag2312C5000,ag2312C5000,921.5,0.0,0.0,0.0,1,732.0,1245.0,1,921.5,0.0,0.0,0.0,0.0,0.0,18
2023-05-09 21:12:26,ag2312C5000,ag2312C5000,921.5,0.0,0.0,0.0,1,732.0,1245.0,1,921.5,0.0,0.0,0.0,0.0,0.0,18
2023-05-09 21:12:27,ag2312C5000,ag2312C5000,921.5,0.0,0.0,0.0,2,732.5,1244.5,2,921.5,0.0,0.0,0.0,0.0,0.0,18
2023-05-09 21:12:28,ag2312C5000,ag2312C5000,921.5,0.0,0.0,0.0,2,732.5,1244.5,2,921.5,0.0,0.0,0.0,0.0,0.0,18
2023-05-09 21:12:28,ag2312C5000,ag2312C5000,921.5,0.0,0.0,0.0,2,732.5,1243.0,1,921.5,0.0,0.0,0.0,0.0,0.0,18
2023-05-09 21:12:29,ag2312C5000,ag2312C5000,921.5,0.0,0.0,0.0,2,732.5,1243.0,1,921.5,0.0,0.0,0.0,0.0,0.0,18
2023-05-09 21:12:29,ag2312C5000,ag2312C5000,921.5,0.0,0.0,0.0,2,732.5,1242.5,2,921.5,0.0,0.0,0.0,0.0,0.0,18
2023-05-09 21:12:30,ag2312C5000,ag2312C5000,921.5,0.0,0.0,0.0,2,732.5,1242.5,2,921.5,0.0,0.0,0.0,0.0,0.0,18
2023-05-09 21:12:30,ag2312C5000,ag2312C5000,921.5,0.0,0.0,0.0,2,732.5,1241.0,1,921.5,0.0,0.0,0.0,0.0,0.0,18
2023-05-09 21:12:31,ag2312C5000,ag2312C5000,921.5,0.0,0.0,0.0,1,734.0,1241.0,1,921.5,0.0,0.0,0.0,0.0,0.0,18
2023-05-09 21:12:31,ag2312C5000,ag2312C5000,921.5,0.0,0.0,0.0,1,734.0,1240.5,2,921.5,0.0,0.0,0.0,0.0,0.0,18
2023-05-09 21:12:32,ag2312C5000,ag2312C5000,921.5,0.0,0.0,0.0,2,734.5,1239.0,1,921.5,0.0,0.0,0.0,0.0,0.0,18
2023-05-09 21:12:32,ag2312C5000,ag2312C5000,921.5,0.0,0.0,0.0,2,734.5,1239.0,1,921.5,0.0,0.0,0.0,0.0,0.0,18
2023-05-09 21:12:33,ag2312C5000,ag2312C5000,921.5,0.0,0.0,0.0,2,734.5,1238.5,2,921.5,0.0,0.0,0.0,0.0,0.0,18
2023-05-09 21:12:33,ag2312C5000,ag2312C5000,921.5,0.0,0.0,0.0,1,736.0,1237.0,1,921.5,0.0,0.0,0.0,0.0,0.0,18
2023-05-09 21:12:34,ag2312C5000,ag2312C5000,921.5,0.0,0.0,0.0,1,736.0,1237.0,1,921.5,0.0,0.0,0.0,0.0,0.0,18
2023-05-09 21:12:34,ag2312C5000,ag2312C5000,921.5,0.0,0.0,0.0,2,736.5,1236.5,2,921.5,0.0,0.0,0.0,0.0,0.0,18
2023-05-09 21:12:35,ag2312C5000,ag2312C5000,921.5,0.0,0.0,0.0,2,736.5,1236.5,2,921.5,0.0,0.0,0.0,0.0,0.0,18
2023-05-09 21:12:44,ag2312C5000,ag2312C5000,921.5,0.0,0.0,0.0,1,738.0,1235.0,1,921.5,0.0,0.0,0.0,0.0,0.0,18
2023-05-09 21:12:44,ag2312C5000,ag2312C5000,921.5,0.0,0.0,0.0,1,738.0,1235.0,1,921.5,0.0,0.0,0.0,0.0,0.0,18
2023-05-09 21:12:45,ag2312C5000,ag2312C5000,921.5,0.0,0.0,0.0,2,738.5,1234.5,2,921.5,0.0,0.0,0.0,0.0,0.0,18
2023-05-09 21:12:45,ag2312C5000,ag2312C5000,921.5,0.0,0.0,0.0,2,738.5,1234.5,2,921.5,0.0,0.0,0.0,0.0,0.0,18
2023-05-09 21:12:51,ag2312C5000,ag2312C5000,921.5,0.0,0.0,0.0,2,738.5,1233.0,1,921.5,0.0,0.0,0.0,0.0,0.0,18
2023-05-09 21:12:51,ag2312C5000,ag2312C5000,921.5,0.0,0.0,0.0,1,740.0,1233.0,1,921.5,0.0,0.0,0.0,0.0,0.0,18
2023-05-09 21:12:52,ag2312C5000,ag2312C5000,921.5,0.0,0.0,0.0,1,740.0,1232.5,2,921.5,0.0,0.0,0.0,0.0,0.0,18
2023-05-09 21:12:52,ag2312C5000,ag2312C5000,921.5,0.0,0.0,0.0,2,740.5,1232.5,2,921.5,0.0,0.0,0.0,0.0,0.0,18
2023-05-09 21:12:53,ag2312C5000,ag2312C5000,921.5,0.0,0.0,0.0,2,740.5,1231.0,1,921.5,0.0,0.0,0.0,0.0,0.0,18
2023-05-09 21:12:53,ag2312C5000,ag2312C5000,921.5,0.0,0.0,0.0,2,740.5,1231.0,1,921.5,0.0,0.0,0.0,0.0,0.0,18
2023-05-09 21:12:54,ag2312C5000,ag2312C5000,921.5,0.0,0.0,0.0,2,740.5,1230.5,2,921.5,0.0,0.0,0.0,0.0,0.0,18
2023-05-09 21:12:54,ag2312C5000,ag2312C5000,921.5,0.0,0.0,0.0,2,740.5,1230.5,2,921.5,0.0,0.0,0.0,0.0,0.0,18
2023-05-09 21:12:55,ag2312C5000,ag2312C5000,921.5,0.0,0.0,0.0,1,742.0,1229.0,1,921.5,0.0,0.0,0.0,0.0,0.0,18
2023-05-09 21:12:55,ag2312C5000,ag2312C5000,921.5,0.0,0.0,0.0,1,742.0,1229.0,1,921.5,0.0,0.0,0.0,0.0,0.0,18
2023-05-09 21:12:56,ag2312C5000,ag2312C5000,921.5,0.0,0.0,0.0,2,742.5,1228.5,2,921.5,0.0,0.0,0.0,0.0,0.0,18
2023-05-09 21:12:56,ag2312C5000,ag2312C5000,921.5,0.0,0.0,0.0,2,742.5,1227.0,1,921.5,0.0,0.0,0.0,0.0,0.0,18
2023-05-09 21:12:57,ag2312C5000,ag2312C5000,921.5,0.0,0.0,0.0,1,744.0,1227.0,1,921.5,0.0,0.0,0.0,0.0,0.0,18
2023-05-09 21:12:57,ag2312C5000,ag2312C5000,921.5,0.0,0.0,0.0,1,744.0,1226.5,2,921.5,0.0,0.0,0.0,0.0,0.0,18
2023-05-09 21:12:58,ag2312C5000,ag2312C5000,921.5,0.0,0.0,0.0,2,744.5,1225.0,1,921.5,0.0,0.0,0.0,0.0,0.0,18
2023-05-09 21:12:58,ag2312C5000,ag2312C5000,921.5,0.0,0.0,0.0,2,744.5,1225.0,1,921.5,0.0,0.0,0.0,0.0,0.0,18
2023-05-09 21:12:59,ag2312C5000,ag2312C5000,921.5,0.0,0.0,0.0,1,746.0,1224.5,2,921.5,0.0,0.0,0.0,0.0,0.0,18
2023-05-09 21:12:59,ag2312C5000,ag2312C5000,921.5,0.0,0.0,0.0,1,746.0,1224.5,2,921.5,0.0,0.0,0.0,0.0,0.0,18
2023-05-09 21:13:00,ag2312C5000,ag2312C5000,921.5,0.0,0.0,0.0,2,746.5,1223.0,1,921.5,0.0,0.0,0.0,0.0,0.0,18
2023-05-09 21:13:00,ag2312C5000,ag2312C5000,921.5,0.0,0.0,0.0,2,746.5,1223.0,1,921.5,0.0,0.0,0.0,0.0,0.0,18
2023-05-09 21:13:01,ag2312C5000,ag2312C5000,921.5,0.0,0.0,0.0,2,746.5,1222.5,2,921.5,0.0,0.0,0.0,0.0,0.0,18
2023-05-09 21:13:01,ag2312C5000,ag2312C5000,921.5,0.0,0.0,0.0,2,746.5,1222.5,2,921.5,0.0,0.0,0.0,0.0,0.0,18
2023-05-09 21:13:10,ag2312C5000,ag2312C5000,921.5,0.0,0.0,0.0,1,748.0,1221.0,1,921.5,0.0,0.0,0.0,0.0,0.0,18
2023-05-09 21:13:11,ag2312C5000,ag2312C5000,921.5,0.0,0.0,0.0,1,748.0,1221.0,1,921.5,0.0,0.0,0.0,0.0,0.0,18
2023-05-09 21:13:11,ag2312C5000,ag2312C5000,921.5,0.0,0.0,0.0,2,748.5,1220.5,2,921.5,0.0,0.0,0.0,0.0,0.0,18
2023-05-09 21:13:12,ag2312C5000,ag2312C5000,921.5,0.0,0.0,0.0,2,748.5,1220.5,2,921.5,0.0,0.0,0.0,0.0,0.0,18
2023-05-09 21:13:22,ag2312C5000,ag2312C5000,921.5,0.0,0.0,0.0,2,748.5,1220.5,2,921.5,0.0,0.0,0.0,0.0,0.0,18
2023-05-09 21:13:27,ag2312C5000,ag2312C5000,921.5,0.0,0.0,0.0,1,750.0,1219.0,1,921.5,0.0,0.0,0.0,0.0,0.0,18
2023-05-09 21:13:28,ag2312C5000,ag2312C5000,921.5,0.0,0.0,0.0,1,750.0,1219.0,1,921.5,0.0,0.0,0.0,0.0,0.0,18
2023-05-09 21:13:28,ag2312C5000,ag2312C5000,921.5,0.0,0.0,0.0,2,750.5,1218.5,2,921.5,0.0,0.0,0.0,0.0,0.0,18
2023-05-09 21:13:29,ag2312C5000,ag2312C5000,921.5,0.0,0.0,0.0,2,750.5,1218.5,2,921.5,0.0,0.0,0.0,0.0,0.0,18
2023-05-09 21:13:29,ag2312C5000,ag2312C5000,921.5,0.0,0.0,0.0,1,752.0,1217.0,1,921.5,0.0,0.0,0.0,0.0,0.0,18
2023-05-09 21:13:30,ag2312C5000,ag2312C5000,921.5,0.0,0.0,0.0,1,752.0,1217.0,1,921.5,0.0,0.0,0.0,0.0,0.0,18
2023-05-09 21:13:30,ag2312C5000,ag2312C5000,921.5,0.0,0.0,0.0,2,752.5,1216.5,2,921.5,0.0,0.0,0.0,0.0,0.0,18
2023-05-09 21:13:31,ag2312C5000,ag2312C5000,921.5,0.0,0.0,0.0,2,752.5,1216.5,2,921.5,0.0,0.0,0.0,0.0,0.0,18
2023-05-09 21:13:50,ag2312C5000,ag2312C5000,921.5,0.0,0.0,0.0,1,754.0,1215.0,1,921.5,0.0,0.0,0.0,0.0,0.0,18
2023-05-09 21:13:51,ag2312C5000,ag2312C5000,921.5,0.0,0.0,0.0,1,754.0,1215.0,1,921.5,0.0,0.0,0.0,0.0,0.0,18
2023-05-09 21:13:51,ag2312C5000,ag2312C5000,921.5,0.0,0.0,0.0,2,754.5,1214.5,2,921.5,0.0,0.0,0.0,0.0,0.0,18
2023-05-09 21:13:52,ag2312C5000,ag2312C5000,921.5,0.0,0.0,0.0,2,754.5,1214.5,2,921.5,0.0,0.0,0.0,0.0,0.0,18
2023-05-09 21:14:04,ag2312C5000,ag2312C5000,921.5,0.0,0.0,0.0,1,756.0,1213.0,1,921.5,0.0,0.0,0.0,0.0,0.0,18
2023-05-09 21:14:04,ag2312C5000,ag2312C5000,921.5,0.0,0.0,0.0,1,756.0,1213.0,1,921.5,0.0,0.0,0.0,0.0,0.0,18
2023-05-09 21:14:05,ag2312C5000,ag2312C5000,921.5,0.0,0.0,0.0,2,756.5,1212.5,2,921.5,0.0,0.0,0.0,0.0,0.0,18
2023-05-09 21:14:05,ag2312C5000,ag2312C5000,921.5,0.0,0.0,0.0,2,756.5,1212.5,2,921.5,0.0,0.0,0.0,0.0,0.0,18
2023-05-09 21:14:10,ag2312C5000,ag2312C5000,921.5,0.0,0.0,0.0,1,758.0,1211.0,1,921.5,0.0,0.0,0.0,0.0,0.0,18
2023-05-09 21:14:11,ag2312C5000,ag2312C5000,921.5,0.0,0.0,0.0,1,758.0,1211.0,1,921.5,0.0,0.0,0.0,0.0,0.0,18
2023-05-09 21:14:11,ag2312C5000,ag2312C5000,921.5,0.0,0.0,0.0,2,758.5,1210.5,2,921.5,0.0,0.0,0.0,0.0,0.0,18
2023-05-09 21:14:12,ag2312C5000,ag2312C5000,921.5,0.0,0.0,0.0,2,758.5,1210.5,2,921.5,0.0,0.0,0.0,0.0,0.0,18
2023-05-09 21:14:13,ag2312C5000,ag2312C5000,921.5,0.0,0.0,0.0,1,760.0,1209.0,1,921.5,0.0,0.0,0.0,0.0,0.0,18
2023-05-09 21:14:13,ag2312C5000,ag2312C5000,921.5,0.0,0.0,0.0,1,760.0,1209.0,1,921.5,0.0,0.0,0.0,0.0,0.0,18
2023-05-09 21:14:14,ag2312C5000,ag2312C5000,921.5,0.0,0.0,0.0,2,760.5,1208.5,2,921.5,0.0,0.0,0.0,0.0,0.0,18
2023-05-09 21:14:14,ag2312C5000,ag2312C5000,921.5,0.0,0.0,0.0,2,760.5,1208.5,2,921.5,0.0,0.0,0.0,0.0,0.0,18
2023-05-09 21:14:37,ag2312C5000,ag2312C5000,921.5,0.0,0.0,0.0,2,760.5,1207.0,1,921.5,0.0,0.0,0.0,0.0,0.0,18
2023-05-09 21:14:38,ag2312C5000,ag2312C5000,921.5,0.0,0.0,0.0,2,760.5,1207.0,1,921.5,0.0,0.0,0.0,0.0,0.0,18
2023-05-09 21:14:38,ag2312C5000,ag2312C5000,921.5,0.0,0.0,0.0,2,760.5,1206.5,2,921.5,0.0,0.0,0.0,0.0,0.0,18
2023-05-09 21:14:39,ag2312C5000,ag2312C5000,921.5,0.0,0.0,0.0,1,762.0,1206.5,2,921.5,0.0,0.0,0.0,0.0,0.0,18
2023-05-09 21:14:39,ag2312C5000,ag2312C5000,921.5,0.0,0.0,0.0,1,762.0,1206.5,2,921.5,0.0,0.0,0.0,0.0,0.0,18
2023-05-09 21:14:40,ag2312C5000,ag2312C5000,921.5,0.0,0.0,0.0,2,762.5,1206.5,2,921.5,0.0,0.0,0.0,0.0,0.0,18
2023-05-09 21:14:40,ag2312C5000,ag2312C5000,921.5,0.0,0.0,0.0,2,762.5,1206.5,2,921.5,0.0,0.0,0.0,0.0,0.0,18
2023-05-09 21:14:43,ag2312C5000,ag2312C5000,921.5,0.0,0.0,0.0,1,764.0,1205.0,1,921.5,0.0,0.0,0.0,0.0,0.0,18
2023-05-09 21:14:44,ag2312C5000,ag2312C5000,921.5,0.0,0.0,0.0,1,764.0,1205.0,1,921.5,0.0,0.0,0.0,0.0,0.0,18
2023-05-09 21:14:44,ag2312C5000,ag2312C5000,921.5,0.0,0.0,0.0,2,764.5,1204.5,2,921.5,0.0,0.0,0.0,0.0,0.0,18
2023-05-09 21:14:45,ag2312C5000,ag2312C5000,921.5,0.0,0.0,0.0,2,764.5,1204.5,2,921.5,0.0,0.0,0.0,0.0,0.0,18
2023-05-09 21:14:52,ag2312C5000,ag2312C5000,921.5,0.0,0.0,0.0,1,766.0,1203.0,1,921.5,0.0,0.0,0.0,0.0,0.0,18
2023-05-09 21:14:52,ag2312C5000,ag2312C5000,921.5,0.0,0.0,0.0,1,766.0,1203.0,1,921.5,0.0,0.0,0.0,0.0,0.0,18
2023-05-09 21:14:53,ag2312C5000,ag2312C5000,921.5,0.0,0.0,0.0,2,766.5,1202.5,2,921.5,0.0,0.0,0.0,0.0,0.0,18
2023-05-09 21:14:53,ag2312C5000,ag2312C5000,921.5,0.0,0.0,0.0,2,766.5,1202.5,2,921.5,0.0,0.0,0.0,0.0,0.0,18
2023-05-09 21:14:55,ag2312C5000,ag2312C5000,921.5,0.0,0.0,0.0,1,768.0,1202.5,2,921.5,0.0,0.0,0.0,0.0,0.0,18
2023-05-09 21:14:56,ag2312C5000,ag2312C5000,921.5,0.0,0.0,0.0,1,768.0,1202.5,2,921.5,0.0,0.0,0.0,0.0,0.0,18
2023-05-09 21:14:56,ag2312C5000,ag2312C5000,921.5,0.0,0.0,0.0,2,768.5,1202.5,2,921.5,0.0,0.0,0.0,0.0,0.0,18
2023-05-09 21:14:57,ag2312C5000,ag2312C5000,921.5,0.0,0.0,0.0,2,768.5,1202.5,2,921.5,0.0,0.0,0.0,0.0,0.0,18
2023-05-09 21:15:04,ag2312C5000,ag2312C5000,921.5,0.0,0.0,0.0,2,768.5,1201.0,1,921.5,0.0,0.0,0.0,0.0,0.0,18
2023-05-09 21:15:05,ag2312C5000,ag2312C5000,921.5,0.0,0.0,0.0,2,768.5,1201.0,1,921.5,0.0,0.0,0.0,0.0,0.0,18
2023-05-09 21:15:05,ag2312C5000,ag2312C5000,921.5,0.0,0.0,0.0,1,770.0,1200.5,2,921.5,0.0,0.0,0.0,0.0,0.0,18
2023-05-09 21:15:06,ag2312C5000,ag2312C5000,921.5,0.0,0.0,0.0,1,770.0,1200.5,2,921.5,0.0,0.0,0.0,0.0,0.0,18
2023-05-09 21:15:06,ag2312C5000,ag2312C5000,921.5,0.0,0.0,0.0,2,770.5,1200.5,2,921.5,0.0,0.0,0.0,0.0,0.0,18
2023-05-09 21:15:07,ag2312C5000,ag2312C5000,921.5,0.0,0.0,0.0,2,770.5,1199.0,1,921.5,0.0,0.0,0.0,0.0,0.0,18
2023-05-09 21:15:07,ag2312C5000,ag2312C5000,921.5,0.0,0.0,0.0,2,770.5,1199.0,1,921.5,0.0,0.0,0.0,0.0,0.0,18
2023-05-09 21:15:08,ag2312C5000,ag2312C5000,921.5,0.0,0.0,0.0,2,770.5,1198.5,2,921.5,0.0,0.0,0.0,0.0,0.0,18
2023-05-09 21:15:09,ag2312C5000,ag2312C5000,921.5,0.0,0.0,0.0,1,772.0,1197.0,1,921.5,0.0,0.0,0.0,0.0,0.0,18
2023-05-09 21:15:10,ag2312C5000,ag2312C5000,921.5,0.0,0.0,0.0,1,772.0,1197.0,1,921.5,0.0,0.0,0.0,0.0,0.0,18
2023-05-09 21:15:10,ag2312C5000,ag2312C5000,921.5,0.0,0.0,0.0,2,772.5,1196.5,2,921.5,0.0,0.0,0.0,0.0,0.0,18
2023-05-09 21:15:11,ag2312C5000,ag2312C5000,921.5,0.0,0.0,0.0,2,772.5,1196.5,2,921.5,0.0,0.0,0.0,0.0,0.0,18
2023-05-09 21:15:14,ag2312C5000,ag2312C5000,921.5,0.0,0.0,0.0,1,774.0,1196.5,2,921.5,0.0,0.0,0.0,0.0,0.0,18
2023-05-09 21:15:15,ag2312C5000,ag2312C5000,921.5,0.0,0.0,0.0,1,774.0,1196.5,2,921.5,0.0,0.0,0.0,0.0,0.0,18
2023-05-09 21:15:15,ag2312C5000,ag2312C5000,921.5,0.0,0.0,0.0,2,774.5,1196.5,2,921.5,0.0,0.0,0.0,0.0,0.0,18
2023-05-09 21:15:16,ag2312C5000,ag2312C5000,921.5,0.0,0.0,0.0,2,774.5,1196.5,2,921.5,0.0,0.0,0.0,0.0,0.0,18
2023-05-09 21:15:26,ag2312C5000,ag2312C5000,921.5,0.0,0.0,0.0,2,774.5,1195.0,1,921.5,0.0,0.0,0.0,0.0,0.0,18
2023-05-09 21:15:26,ag2312C5000,ag2312C5000,921.5,0.0,0.0,0.0,2,774.5,1195.0,1,921.5,0.0,0.0,0.0,0.0,0.0,18
2023-05-09 21:15:27,ag2312C5000,ag2312C5000,921.5,0.0,0.0,0.0,2,774.5,1194.5,2,921.5,0.0,0.0,0.0,0.0,0.0,18
2023-05-09 21:15:28,ag2312C5000,ag2312C5000,921.5,0.0,0.0,0.0,1,776.0,1193.0,1,921.5,0.0,0.0,0.0,0.0,0.0,18
2023-05-09 21:15:28,ag2312C5000,ag2312C5000,921.5,0.0,0.0,0.0,1,776.0,1193.0,1,921.5,0.0,0.0,0.0,0.0,0.0,18
2023-05-09 21:15:29,ag2312C5000,ag2312C5000,921.5,0.0,0.0,0.0,2,776.5,1192.5,2,921.5,0.0,0.0,0.0,0.0,0.0,18
2023-05-09 21:15:29,ag2312C5000,ag2312C5000,921.5,0.0,0.0,0.0,2,776.5,1192.5,2,921.5,0.0,0.0,0.0,0.0,0.0,18
2023-05-09 21:15:30,ag2312C5000,ag2312C5000,921.5,0.0,0.0,0.0,1,778.0,1191.0,1,921.5,0.0,0.0,0.0,0.0,0.0,18
2023-05-09 21:15:30,ag2312C5000,ag2312C5000,921.5,0.0,0.0,0.0,1,778.0,1191.0,1,921.5,0.0,0.0,0.0,0.0,0.0,18
2023-05-09 21:15:31,ag2312C5000,ag2312C5000,921.5,0.0,0.0,0.0,2,778.5,1190.5,2,921.5,0.0,0.0,0.0,0.0,0.0,18
2023-05-09 21:15:31,ag2312C5000,ag2312C5000,921.5,0.0,0.0,0.0,2,778.5,1190.5,2,921.5,0.0,0.0,0.0,0.0,0.0,18
2023-05-09 21:15:47,ag2312C5000,ag2312C5000,921.5,0.0,0.0,0.0,2,778.5,1189.0,1,921.5,0.0,0.0,0.0,0.0,0.0,18
2023-05-09 21:15:48,ag2312C5000,ag2312C5000,921.5,0.0,0.0,0.0,2,778.5,1189.0,1,921.5,0.0,0.0,0.0,0.0,0.0,18
2023-05-09 21:15:48,ag2312C5000,ag2312C5000,921.5,0.0,0.0,0.0,2,778.5,1188.5,2,921.5,0.0,0.0,0.0,0.0,0.0,18
2023-05-09 21:15:49,ag2312C5000,ag2312C5000,921.5,0.0,0.0,0.0,1,780.0,1188.5,2,921.5,0.0,0.0,0.0,0.0,0.0,18
2023-05-09 21:15:49,ag2312C5000,ag2312C5000,921.5,0.0,0.0,0.0,1,780.0,1188.5,2,921.5,0.0,0.0,0.0,0.0,0.0,18
2023-05-09 21:15:50,ag2312C5000,ag2312C5000,921.5,0.0,0.0,0.0,2,780.5,1188.5,2,921.5,0.0,0.0,0.0,0.0,0.0,18
2023-05-09 21:15:50,ag2312C5000,ag2312C5000,921.5,0.0,0.0,0.0,2,780.5,1188.5,2,921.5,0.0,0.0,0.0,0.0,0.0,18
2023-05-09 21:15:56,ag2312C5000,ag2312C5000,921.5,0.0,0.0,0.0,2,780.5,1187.0,1,921.5,0.0,0.0,0.0,0.0,0.0,18
2023-05-09 21:15:56,ag2312C5000,ag2312C5000,921.5,0.0,0.0,0.0,2,780.5,1187.0,1,921.5,0.0,0.0,0.0,0.0,0.0,18
2023-05-09 21:15:57,ag2312C5000,ag2312C5000,921.5,0.0,0.0,0.0,1,782.0,1186.5,2,921.5,0.0,0.0,0.0,0.0,0.0,18
2023-05-09 21:15:57,ag2312C5000,ag2312C5000,921.5,0.0,0.0,0.0,1,782.0,1186.5,2,921.5,0.0,0.0,0.0,0.0,0.0,18
2023-05-09 21:15:58,ag2312C5000,ag2312C5000,921.5,0.0,0.0,0.0,2,782.5,1185.0,1,921.5,0.0,0.0,0.0,0.0,0.0,18
2023-05-09 21:15:58,ag2312C5000,ag2312C5000,921.5,0.0,0.0,0.0,2,782.5,1185.0,1,921.5,0.0,0.0,0.0,0.0,0.0,18
2023-05-09 21:15:59,ag2312C5000,ag2312C5000,921.5,0.0,0.0,0.0,2,782.5,1184.5,2,921.5,0.0,0.0,0.0,0.0,0.0,18
2023-05-09 21:15:59,ag2312C5000,ag2312C5000,921.5,0.0,0.0,0.0,2,782.5,1184.5,2,921.5,0.0,0.0,0.0,0.0,0.0,18
2023-05-09 21:16:27,ag2312C5000,ag2312C5000,921.5,0.0,0.0,0.0,1,784.0,1184.5,2,921.5,0.0,0.0,0.0,0.0,0.0,18
2023-05-09 21:16:28,ag2312C5000,ag2312C5000,921.5,0.0,0.0,0.0,1,784.0,1184.5,2,921.5,0.0,0.0,0.0,0.0,0.0,18
2023-05-09 21:16:28,ag2312C5000,ag2312C5000,921.5,0.0,0.0,0.0,2,784.5,1184.5,2,921.5,0.0,0.0,0.0,0.0,0.0,18
2023-05-09 21:16:29,ag2312C5000,ag2312C5000,921.5,0.0,0.0,0.0,2,784.5,1184.5,2,921.5,0.0,0.0,0.0,0.0,0.0,18
2023-05-09 21:16:53,ag2312C5000,ag2312C5000,921.5,0.0,0.0,0.0,2,784.5,1183.0,1,921.5,0.0,0.0,0.0,0.0,0.0,18
2023-05-09 21:16:54,ag2312C5000,ag2312C5000,921.5,0.0,0.0,0.0,2,784.5,1183.0,1,921.5,0.0,0.0,0.0,0.0,0.0,18
2023-05-09 21:16:54,ag2312C5000,ag2312C5000,921.5,0.0,0.0,0.0,2,784.5,1182.5,2,921.5,0.0,0.0,0.0,0.0,0.0,18
2023-05-09 21:16:55,ag2312C5000,ag2312C5000,921.5,0.0,0.0,0.0,2,784.5,1182.5,2,921.5,0.0,0.0,0.0,0.0,0.0,18
2023-05-09 21:16:57,ag2312C5000,ag2312C5000,921.5,0.0,0.0,0.0,2,784.5,1181.0,1,921.5,0.0,0.0,0.0,0.0,0.0,18
2023-05-09 21:16:58,ag2312C5000,ag2312C5000,921.5,0.0,0.0,0.0,2,784.5,1181.0,1,921.5,0.0,0.0,0.0,0.0,0.0,18
2023-05-09 21:16:58,ag2312C5000,ag2312C5000,921.5,0.0,0.0,0.0,2,784.5,1180.5,2,921.5,0.0,0.0,0.0,0.0,0.0,18
2023-05-09 21:16:59,ag2312C5000,ag2312C5000,921.5,0.0,0.0,0.0,2,784.5,1180.5,2,921.5,0.0,0.0,0.0,0.0,0.0,18
2023-05-09 21:17:00,ag2312C5000,ag2312C5000,921.5,0.0,0.0,0.0,2,784.5,1179.0,1,921.5,0.0,0.0,0.0,0.0,0.0,18
2023-05-09 21:17:00,ag2312C5000,ag2312C5000,921.5,0.0,0.0,0.0,2,784.5,1179.0,1,921.5,0.0,0.0,0.0,0.0,0.0,18
2023-05-09 21:17:01,ag2312C5000,ag2312C5000,921.5,0.0,0.0,0.0,2,784.5,1178.5,2,921.5,0.0,0.0,0.0,0.0,0.0,18
2023-05-09 21:17:01,ag2312C5000,ag2312C5000,921.5,0.0,0.0,0.0,2,784.5,1178.5,2,921.5,0.0,0.0,0.0,0.0,0.0,18
2023-05-09 21:17:02,ag2312C5000,ag2312C5000,921.5,0.0,0.0,0.0,2,784.5,1177.0,1,921.5,0.0,0.0,0.0,0.0,0.0,18
2023-05-09 21:17:03,ag2312C5000,ag2312C5000,921.5,0.0,0.0,0.0,2,784.5,1177.0,1,921.5,0.0,0.0,0.0,0.0,0.0,18
2023-05-09 21:17:03,ag2312C5000,ag2312C5000,921.5,0.0,0.0,0.0,2,784.5,1176.5,2,921.5,0.0,0.0,0.0,0.0,0.0,18
2023-05-09 21:17:04,ag2312C5000,ag2312C5000,921.5,0.0,0.0,0.0,2,784.5,1176.5,2,921.5,0.0,0.0,0.0,0.0,0.0,18
2023-05-09 21:17:58,ag2312C5000,ag2312C5000,921.5,0.0,0.0,0.0,2,784.5,1175.0,1,921.5,0.0,0.0,0.0,0.0,0.0,18
2023-05-09 21:17:58,ag2312C5000,ag2312C5000,921.5,0.0,0.0,0.0,1,786.0,1175.0,1,921.5,0.0,0.0,0.0,0.0,0.0,18
2023-05-09 21:17:59,ag2312C5000,ag2312C5000,921.5,0.0,0.0,0.0,1,786.0,1174.5,2,921.5,0.0,0.0,0.0,0.0,0.0,18
2023-05-09 21:17:59,ag2312C5000,ag2312C5000,921.5,0.0,0.0,0.0,2,786.5,1173.0,1,921.5,0.0,0.0,0.0,0.0,0.0,18
2023-05-09 21:18:00,ag2312C5000,ag2312C5000,921.5,0.0,0.0,0.0,2,786.5,1173.0,1,921.5,0.0,0.0,0.0,0.0,0.0,18
2023-05-09 21:18:00,ag2312C5000,ag2312C5000,921.5,0.0,0.0,0.0,2,786.5,1172.5,2,921.5,0.0,0.0,0.0,0.0,0.0,18
2023-05-09 21:18:01,ag2312C5000,ag2312C5000,921.5,0.0,0.0,0.0,1,788.0,1171.0,1,921.5,0.0,0.0,0.0,0.0,0.0,18
2023-05-09 21:18:02,ag2312C5000,ag2312C5000,921.5,0.0,0.0,0.0,1,788.0,1171.0,1,921.5,0.0,0.0,0.0,0.0,0.0,18
2023-05-09 21:18:02,ag2312C5000,ag2312C5000,921.5,0.0,0.0,0.0,2,788.5,1170.5,2,921.5,0.0,0.0,0.0,0.0,0.0,18
2023-05-09 21:18:03,ag2312C5000,ag2312C5000,921.5,0.0,0.0,0.0,1,790.0,1170.5,2,921.5,0.0,0.0,0.0,0.0,0.0,18
2023-05-09 21:18:03,ag2312C5000,ag2312C5000,921.5,0.0,0.0,0.0,1,790.0,1170.5,2,921.5,0.0,0.0,0.0,0.0,0.0,18
2023-05-09 21:18:04,ag2312C5000,ag2312C5000,921.5,0.0,0.0,0.0,2,790.5,1170.5,2,921.5,0.0,0.0,0.0,0.0,0.0,18
2023-05-09 21:18:04,ag2312C5000,ag2312C5000,921.5,0.0,0.0,0.0,2,790.5,1170.5,2,921.5,0.0,0.0,0.0,0.0,0.0,18
2023-05-09 21:18:05,ag2312C5000,ag2312C5000,921.5,0.0,0.0,0.0,2,790.5,1169.0,1,921.5,0.0,0.0,0.0,0.0,0.0,18
2023-05-09 21:18:05,ag2312C5000,ag2312C5000,921.5,0.0,0.0,0.0,2,790.5,1169.0,1,921.5,0.0,0.0,0.0,0.0,0.0,18
2023-05-09 21:18:06,ag2312C5000,ag2312C5000,921.5,0.0,0.0,0.0,2,790.5,1168.5,2,921.5,0.0,0.0,0.0,0.0,0.0,18
2023-05-09 21:18:06,ag2312C5000,ag2312C5000,921.5,0.0,0.0,0.0,2,790.5,1168.5,2,921.5,0.0,0.0,0.0,0.0,0.0,18
2023-05-09 21:18:15,ag2312C5000,ag2312C5000,921.5,0.0,0.0,0.0,2,790.5,1167.0,1,921.5,0.0,0.0,0.0,0.0,0.0,18
2023-05-09 21:18:16,ag2312C5000,ag2312C5000,921.5,0.0,0.0,0.0,2,790.5,1167.0,1,921.5,0.0,0.0,0.0,0.0,0.0,18
2023-05-09 21:18:16,ag2312C5000,ag2312C5000,921.5,0.0,0.0,0.0,2,790.5,1166.5,2,921.5,0.0,0.0,0.0,0.0,0.0,18
2023-05-09 21:18:17,ag2312C5000,ag2312C5000,921.5,0.0,0.0,0.0,2,790.5,1166.5,2,921.5,0.0,0.0,0.0,0.0,0.0,18
2023-05-09 21:18:39,ag2312C5000,ag2312C5000,921.5,0.0,0.0,0.0,2,790.5,1165.0,1,921.5,0.0,0.0,0.0,0.0,0.0,18
2023-05-09 21:18:40,ag2312C5000,ag2312C5000,921.5,0.0,0.0,0.0,2,790.5,1165.0,1,921.5,0.0,0.0,0.0,0.0,0.0,18
2023-05-09 21:18:40,ag2312C5000,ag2312C5000,921.5,0.0,0.0,0.0,2,790.5,1164.5,2,921.5,0.0,0.0,0.0,0.0,0.0,18
2023-05-09 21:18:41,ag2312C5000,ag2312C5000,921.5,0.0,0.0,0.0,2,790.5,1164.5,2,921.5,0.0,0.0,0.0,0.0,0.0,18
2023-05-09 21:18:44,ag2312C5000,ag2312C5000,921.5,0.0,0.0,0.0,2,790.5,1163.0,1,921.5,0.0,0.0,0.0,0.0,0.0,18
2023-05-09 21:18:45,ag2312C5000,ag2312C5000,921.5,0.0,0.0,0.0,2,790.5,1163.0,1,921.5,0.0,0.0,0.0,0.0,0.0,18
2023-05-09 21:18:45,ag2312C5000,ag2312C5000,921.5,0.0,0.0,0.0,2,790.5,1162.5,2,921.5,0.0,0.0,0.0,0.0,0.0,18
2023-05-09 21:18:46,ag2312C5000,ag2312C5000,921.5,0.0,0.0,0.0,2,790.5,1161.0,1,921.5,0.0,0.0,0.0,0.0,0.0,18
2023-05-09 21:18:46,ag2312C5000,ag2312C5000,921.5,0.0,0.0,0.0,2,790.5,1161.0,1,921.5,0.0,0.0,0.0,0.0,0.0,18
2023-05-09 21:18:47,ag2312C5000,ag2312C5000,921.5,0.0,0.0,0.0,2,790.5,1160.5,2,921.5,0.0,0.0,0.0,0.0,0.0,18
2023-05-09 21:18:48,ag2312C5000,ag2312C5000,921.5,0.0,0.0,0.0,2,790.5,1160.5,2,921.5,0.0,0.0,0.0,0.0,0.0,18
2023-05-09 21:19:05,ag2312C5000,ag2312C5000,921.5,0.0,0.0,0.0,2,790.5,1159.0,1,921.5,0.0,0.0,0.0,0.0,0.0,18
2023-05-09 21:19:06,ag2312C5000,ag2312C5000,921.5,0.0,0.0,0.0,2,790.5,1159.0,1,921.5,0.0,0.0,0.0,0.0,0.0,18
2023-05-09 21:19:06,ag2312C5000,ag2312C5000,921.5,0.0,0.0,0.0,2,790.5,1158.5,2,921.5,0.0,0.0,0.0,0.0,0.0,18
2023-05-09 21:19:07,ag2312C5000,ag2312C5000,921.5,0.0,0.0,0.0,2,790.5,1158.5,2,921.5,0.0,0.0,0.0,0.0,0.0,18
2023-05-09 21:19:08,ag2312C5000,ag2312C5000,921.5,0.0,0.0,0.0,2,790.5,1157.0,1,921.5,0.0,0.0,0.0,0.0,0.0,18
2023-05-09 21:19:09,ag2312C5000,ag2312C5000,921.5,0.0,0.0,0.0,2,790.5,1157.0,1,921.5,0.0,0.0,0.0,0.0,0.0,18
2023-05-09 21:19:09,ag2312C5000,ag2312C5000,921.5,0.0,0.0,0.0,2,790.5,1156.5,2,921.5,0.0,0.0,0.0,0.0,0.0,18
2023-05-09 21:19:10,ag2312C5000,ag2312C5000,921.5,0.0,0.0,0.0,2,790.5,1155.0,1,921.5,0.0,0.0,0.0,0.0,0.0,18
2023-05-09 21:19:10,ag2312C5000,ag2312C5000,921.5,0.0,0.0,0.0,2,790.5,1155.0,1,921.5,0.0,0.0,0.0,0.0,0.0,18
2023-05-09 21:19:11,ag2312C5000,ag2312C5000,921.5,0.0,0.0,0.0,2,790.5,1154.5,2,921.5,0.0,0.0,0.0,0.0,0.0,18
2023-05-09 21:19:12,ag2312C5000,ag2312C5000,921.5,0.0,0.0,0.0,2,790.5,1154.5,2,921.5,0.0,0.0,0.0,0.0,0.0,18
2023-05-09 21:19:12,ag2312C5000,ag2312C5000,921.5,0.0,0.0,0.0,2,790.5,1153.0,1,921.5,0.0,0.0,0.0,0.0,0.0,18
2023-05-09 21:19:13,ag2312C5000,ag2312C5000,921.5,0.0,0.0,0.0,2,790.5,1153.0,1,921.5,0.0,0.0,0.0,0.0,0.0,18
2023-05-09 21:19:13,ag2312C5000,ag2312C5000,921.5,0.0,0.0,0.0,2,790.5,1152.5,2,921.5,0.0,0.0,0.0,0.0,0.0,18
2023-05-09 21:19:14,ag2312C5000,ag2312C5000,921.5,0.0,0.0,0.0,2,790.5,1152.5,2,921.5,0.0,0.0,0.0,0.0,0.0,18
2023-05-09 21:19:17,ag2312C5000,ag2312C5000,921.5,0.0,0.0,0.0,2,790.5,1151.0,1,921.5,0.0,0.0,0.0,0.0,0.0,18
2023-05-09 21:19:18,ag2312C5000,ag2312C5000,921.5,0.0,0.0,0.0,2,790.5,1151.0,1,921.5,0.0,0.0,0.0,0.0,0.0,18
2023-05-09 21:19:18,ag2312C5000,ag2312C5000,921.5,0.0,0.0,0.0,2,790.5,1150.5,2,921.5,0.0,0.0,0.0,0.0,0.0,18
2023-05-09 21:19:19,ag2312C5000,ag2312C5000,921.5,0.0,0.0,0.0,2,790.5,1150.5,2,921.5,0.0,0.0,0.0,0.0,0.0,18
2023-05-09 21:19:23,ag2312C5000,ag2312C5000,921.5,0.0,0.0,0.0,2,790.5,1149.0,1,921.5,0.0,0.0,0.0,0.0,0.0,18
2023-05-09 21:19:23,ag2312C5000,ag2312C5000,921.5,0.0,0.0,0.0,2,790.5,1149.0,1,921.5,0.0,0.0,0.0,0.0,0.0,18
2023-05-09 21:19:24,ag2312C5000,ag2312C5000,921.5,0.0,0.0,0.0,2,790.5,1148.5,2,921.5,0.0,0.0,0.0,0.0,0.0,18
2023-05-09 21:19:24,ag2312C5000,ag2312C5000,921.5,0.0,0.0,0.0,2,790.5,1148.5,2,921.5,0.0,0.0,0.0,0.0,0.0,18
2023-05-09 21:19:27,ag2312C5000,ag2312C5000,921.5,0.0,0.0,0.0,2,790.5,1147.0,1,921.5,0.0,0.0,0.0,0.0,0.0,18
2023-05-09 21:19:28,ag2312C5000,ag2312C5000,921.5,0.0,0.0,0.0,2,790.5,1147.0,1,921.5,0.0,0.0,0.0,0.0,0.0,18
2023-05-09 21:19:28,ag2312C5000,ag2312C5000,921.5,0.0,0.0,0.0,2,790.5,1146.5,2,921.5,0.0,0.0,0.0,0.0,0.0,18
2023-05-09 21:19:29,ag2312C5000,ag2312C5000,921.5,0.0,0.0,0.0,2,790.5,1146.5,2,921.5,0.0,0.0,0.0,0.0,0.0,18
2023-05-09 21:20:05,ag2312C5000,ag2312C5000,921.5,0.0,0.0,0.0,2,790.5,1145.0,1,921.5,0.0,0.0,0.0,0.0,0.0,18
2023-05-09 21:20:06,ag2312C5000,ag2312C5000,921.5,0.0,0.0,0.0,2,790.5,1145.0,1,921.5,0.0,0.0,0.0,0.0,0.0,18
2023-05-09 21:20:06,ag2312C5000,ag2312C5000,921.5,0.0,0.0,0.0,2,790.5,1144.5,2,921.5,0.0,0.0,0.0,0.0,0.0,18
2023-05-09 21:20:07,ag2312C5000,ag2312C5000,921.5,0.0,0.0,0.0,2,790.5,1144.5,2,921.5,0.0,0.0,0.0,0.0,0.0,18
2023-05-09 21:20:16,ag2312C5000,ag2312C5000,921.5,0.0,0.0,0.0,2,790.5,1143.0,1,921.5,0.0,0.0,0.0,0.0,0.0,18
2023-05-09 21:20:16,ag2312C5000,ag2312C5000,921.5,0.0,0.0,0.0,2,790.5,1143.0,1,921.5,0.0,0.0,0.0,0.0,0.0,18
2023-05-09 21:20:17,ag2312C5000,ag2312C5000,921.5,0.0,0.0,0.0,2,790.5,1142.5,2,921.5,0.0,0.0,0.0,0.0,0.0,18
2023-05-09 21:20:17,ag2312C5000,ag2312C5000,921.5,0.0,0.0,0.0,2,790.5,1142.5,2,921.5,0.0,0.0,0.0,0.0,0.0,18
2023-05-09 21:20:18,ag2312C5000,ag2312C5000,921.5,0.0,0.0,0.0,2,790.5,1141.0,1,921.5,0.0,0.0,0.0,0.0,0.0,18
2023-05-09 21:20:18,ag2312C5000,ag2312C5000,921.5,0.0,0.0,0.0,2,790.5,1141.0,1,921.5,0.0,0.0,0.0,0.0,0.0,18
2023-05-09 21:20:19,ag2312C5000,ag2312C5000,921.5,0.0,0.0,0.0,2,790.5,1140.5,2,921.5,0.0,0.0,0.0,0.0,0.0,18
2023-05-09 21:20:19,ag2312C5000,ag2312C5000,921.5,0.0,0.0,0.0,2,790.5,1140.5,2,921.5,0.0,0.0,0.0,0.0,0.0,18
2023-05-09 21:20:28,ag2312C5000,ag2312C5000,921.5,0.0,0.0,0.0,2,790.5,1139.0,1,921.5,0.0,0.0,0.0,0.0,0.0,18
2023-05-09 21:20:29,ag2312C5000,ag2312C5000,921.5,0.0,0.0,0.0,2,790.5,1139.0,1,921.5,0.0,0.0,0.0,0.0,0.0,18
2023-05-09 21:20:29,ag2312C5000,ag2312C5000,921.5,0.0,0.0,0.0,2,790.5,1138.5,2,921.5,0.0,0.0,0.0,0.0,0.0,18
2023-05-09 21:20:30,ag2312C5000,ag2312C5000,921.5,0.0,0.0,0.0,2,790.5,1137.0,1,921.5,0.0,0.0,0.0,0.0,0.0,18
2023-05-09 21:20:30,ag2312C5000,ag2312C5000,921.5,0.0,0.0,0.0,2,790.5,1137.0,1,921.5,0.0,0.0,0.0,0.0,0.0,18
2023-05-09 21:20:31,ag2312C5000,ag2312C5000,921.5,0.0,0.0,0.0,2,790.5,1136.5,2,921.5,0.0,0.0,0.0,0.0,0.0,18
2023-05-09 21:20:31,ag2312C5000,ag2312C5000,921.5,0.0,0.0,0.0,2,790.5,1136.5,2,921.5,0.0,0.0,0.0,0.0,0.0,18
2023-05-09 21:20:34,ag2312C5000,ag2312C5000,921.5,0.0,0.0,0.0,2,790.5,1135.0,1,921.5,0.0,0.0,0.0,0.0,0.0,18
2023-05-09 21:20:34,ag2312C5000,ag2312C5000,921.5,0.0,0.0,0.0,2,790.5,1135.0,1,921.5,0.0,0.0,0.0,0.0,0.0,18
2023-05-09 21:20:35,ag2312C5000,ag2312C5000,921.5,0.0,0.0,0.0,2,790.5,1134.5,2,921.5,0.0,0.0,0.0,0.0,0.0,18
2023-05-09 21:20:35,ag2312C5000,ag2312C5000,921.5,0.0,0.0,0.0,2,790.5,1133.0,1,921.5,0.0,0.0,0.0,0.0,0.0,18
2023-05-09 21:20:36,ag2312C5000,ag2312C5000,921.5,0.0,0.0,0.0,2,790.5,1133.0,1,921.5,0.0,0.0,0.0,0.0,0.0,18
2023-05-09 21:20:36,ag2312C5000,ag2312C5000,921.5,0.0,0.0,0.0,2,790.5,1132.5,2,921.5,0.0,0.0,0.0,0.0,0.0,18
2023-05-09 21:20:37,ag2312C5000,ag2312C5000,921.5,0.0,0.0,0.0,2,790.5,1132.5,2,921.5,0.0,0.0,0.0,0.0,0.0,18
2023-05-09 21:20:37,ag2312C5000,ag2312C5000,921.5,0.0,0.0,0.0,2,790.5,1131.0,1,921.5,0.0,0.0,0.0,0.0,0.0,18
2023-05-09 21:20:38,ag2312C5000,ag2312C5000,921.5,0.0,0.0,0.0,2,790.5,1131.0,1,921.5,0.0,0.0,0.0,0.0,0.0,18
2023-05-09 21:20:38,ag2312C5000,ag2312C5000,921.5,0.0,0.0,0.0,2,790.5,1130.5,2,921.5,0.0,0.0,0.0,0.0,0.0,18
2023-05-09 21:20:39,ag2312C5000,ag2312C5000,921.5,0.0,0.0,0.0,2,790.5,1130.5,2,921.5,0.0,0.0,0.0,0.0,0.0,18
2023-05-09 21:20:41,ag2312C5000,ag2312C5000,921.5,0.0,0.0,0.0,2,790.5,1129.0,1,921.5,0.0,0.0,0.0,0.0,0.0,18
2023-05-09 21:20:42,ag2312C5000,ag2312C5000,921.5,0.0,0.0,0.0,2,790.5,1129.0,1,921.5,0.0,0.0,0.0,0.0,0.0,18
2023-05-09 21:20:42,ag2312C5000,ag2312C5000,921.5,0.0,0.0,0.0,2,790.5,1128.5,2,921.5,0.0,0.0,0.0,0.0,0.0,18
2023-05-09 21:20:43,ag2312C5000,ag2312C5000,921.5,0.0,0.0,0.0,2,790.5,1128.5,2,921.5,0.0,0.0,0.0,0.0,0.0,18
2023-05-09 21:20:43,ag2312C5000,ag2312C5000,921.5,0.0,0.0,0.0,2,790.5,1127.0,1,921.5,0.0,0.0,0.0,0.0,0.0,18
2023-05-09 21:20:44,ag2312C5000,ag2312C5000,921.5,0.0,0.0,0.0,2,790.5,1127.0,1,921.5,0.0,0.0,0.0,0.0,0.0,18
2023-05-09 21:20:44,ag2312C5000,ag2312C5000,921.5,0.0,0.0,0.0,2,790.5,1126.5,2,921.5,0.0,0.0,0.0,0.0,0.0,18
2023-05-09 21:20:45,ag2312C5000,ag2312C5000,921.5,0.0,0.0,0.0,2,790.5,1125.0,1,921.5,0.0,0.0,0.0,0.0,0.0,18
2023-05-09 21:20:45,ag2312C5000,ag2312C5000,921.5,0.0,0.0,0.0,2,790.5,1125.0,1,921.5,0.0,0.0,0.0,0.0,0.0,18
2023-05-09 21:20:46,ag2312C5000,ag2312C5000,921.5,0.0,0.0,0.0,2,790.5,1124.5,2,921.5,0.0,0.0,0.0,0.0,0.0,18
2023-05-09 21:20:46,ag2312C5000,ag2312C5000,921.5,0.0,0.0,0.0,2,790.5,1124.5,2,921.5,0.0,0.0,0.0,0.0,0.0,18
2023-05-09 21:20:47,ag2312C5000,ag2312C5000,921.5,0.0,0.0,0.0,2,790.5,1123.0,1,921.5,0.0,0.0,0.0,0.0,0.0,18
2023-05-09 21:20:47,ag2312C5000,ag2312C5000,921.5,0.0,0.0,0.0,2,790.5,1123.0,1,921.5,0.0,0.0,0.0,0.0,0.0,18
2023-05-09 21:20:48,ag2312C5000,ag2312C5000,921.5,0.0,0.0,0.0,2,790.5,1122.5,2,921.5,0.0,0.0,0.0,0.0,0.0,18
2023-05-09 21:20:48,ag2312C5000,ag2312C5000,921.5,0.0,0.0,0.0,2,790.5,1122.5,2,921.5,0.0,0.0,0.0,0.0,0.0,18
2023-05-09 21:20:50,ag2312C5000,ag2312C5000,921.5,0.0,0.0,0.0,2,790.5,1121.0,1,921.5,0.0,0.0,0.0,0.0,0.0,18
2023-05-09 21:20:50,ag2312C5000,ag2312C5000,921.5,0.0,0.0,0.0,2,790.5,1121.0,1,921.5,0.0,0.0,0.0,0.0,0.0,18
2023-05-09 21:20:51,ag2312C5000,ag2312C5000,921.5,0.0,0.0,0.0,2,790.5,1120.5,2,921.5,0.0,0.0,0.0,0.0,0.0,18
2023-05-09 21:20:51,ag2312C5000,ag2312C5000,921.5,0.0,0.0,0.0,2,790.5,1120.5,2,921.5,0.0,0.0,0.0,0.0,0.0,18
2023-05-09 21:20:55,ag2312C5000,ag2312C5000,921.5,0.0,0.0,0.0,2,790.5,1119.0,1,921.5,0.0,0.0,0.0,0.0,0.0,18
2023-05-09 21:20:55,ag2312C5000,ag2312C5000,921.5,0.0,0.0,0.0,2,790.5,1119.0,1,921.5,0.0,0.0,0.0,0.0,0.0,18
2023-05-09 21:20:56,ag2312C5000,ag2312C5000,921.5,0.0,0.0,0.0,2,790.5,1118.5,2,921.5,0.0,0.0,0.0,0.0,0.0,18
2023-05-09 21:20:56,ag2312C5000,ag2312C5000,921.5,0.0,0.0,0.0,2,790.5,1117.0,1,921.5,0.0,0.0,0.0,0.0,0.0,18
2023-05-09 21:20:57,ag2312C5000,ag2312C5000,921.5,0.0,0.0,0.0,2,790.5,1117.0,1,921.5,0.0,0.0,0.0,0.0,0.0,18
2023-05-09 21:20:57,ag2312C5000,ag2312C5000,921.5,0.0,0.0,0.0,2,790.5,1116.5,2,921.5,0.0,0.0,0.0,0.0,0.0,18
2023-05-09 21:20:58,ag2312C5000,ag2312C5000,921.5,0.0,0.0,0.0,2,790.5,1116.5,2,921.5,0.0,0.0,0.0,0.0,0.0,18
2023-05-09 21:20:58,ag2312C5000,ag2312C5000,921.5,0.0,0.0,0.0,2,790.5,1115.0,1,921.5,0.0,0.0,0.0,0.0,0.0,18
2023-05-09 21:20:59,ag2312C5000,ag2312C5000,921.5,0.0,0.0,0.0,2,790.5,1115.0,1,921.5,0.0,0.0,0.0,0.0,0.0,18
2023-05-09 21:20:59,ag2312C5000,ag2312C5000,921.5,0.0,0.0,0.0,2,790.5,1114.5,2,921.5,0.0,0.0,0.0,0.0,0.0,18
2023-05-09 21:21:00,ag2312C5000,ag2312C5000,921.5,0.0,0.0,0.0,2,790.5,1114.5,2,921.5,0.0,0.0,0.0,0.0,0.0,18
2023-05-09 21:21:00,ag2312C5000,ag2312C5000,921.5,0.0,0.0,0.0,2,790.5,1113.0,1,921.5,0.0,0.0,0.0,0.0,0.0,18
2023-05-09 21:21:01,ag2312C5000,ag2312C5000,921.5,0.0,0.0,0.0,2,790.5,1113.0,1,921.5,0.0,0.0,0.0,0.0,0.0,18
2023-05-09 21:21:01,ag2312C5000,ag2312C5000,921.5,0.0,0.0,0.0,2,790.5,1112.5,2,921.5,0.0,0.0,0.0,0.0,0.0,18
2023-05-09 21:21:02,ag2312C5000,ag2312C5000,921.5,0.0,0.0,0.0,2,790.5,1112.5,2,921.5,0.0,0.0,0.0,0.0,0.0,18
2023-05-09 21:21:04,ag2312C5000,ag2312C5000,921.5,0.0,0.0,0.0,2,790.5,1111.0,1,921.5,0.0,0.0,0.0,0.0,0.0,18
2023-05-09 21:21:05,ag2312C5000,ag2312C5000,921.5,0.0,0.0,0.0,2,790.5,1111.0,1,921.5,0.0,0.0,0.0,0.0,0.0,18
2023-05-09 21:21:05,ag2312C5000,ag2312C5000,921.5,0.0,0.0,0.0,2,790.5,1110.5,2,921.5,0.0,0.0,0.0,0.0,0.0,18
2023-05-09 21:21:06,ag2312C5000,ag2312C5000,921.5,0.0,0.0,0.0,2,790.5,1110.5,2,921.5,0.0,0.0,0.0,0.0,0.0,18
2023-05-09 21:21:06,ag2312C5000,ag2312C5000,921.5,0.0,0.0,0.0,1,792.0,1109.0,1,921.5,0.0,0.0,0.0,0.0,0.0,18
2023-05-09 21:21:07,ag2312C5000,ag2312C5000,921.5,0.0,0.0,0.0,1,792.0,1109.0,1,921.5,0.0,0.0,0.0,0.0,0.0,18
2023-05-09 21:21:07,ag2312C5000,ag2312C5000,921.5,0.0,0.0,0.0,2,792.5,1108.5,2,921.5,0.0,0.0,0.0,0.0,0.0,18
2023-05-09 21:21:08,ag2312C5000,ag2312C5000,921.5,0.0,0.0,0.0,2,792.5,1108.5,2,921.5,0.0,0.0,0.0,0.0,0.0,18
2023-05-09 21:21:12,ag2312C5000,ag2312C5000,921.5,0.0,0.0,0.0,1,794.0,1107.0,1,921.5,0.0,0.0,0.0,0.0,0.0,18
2023-05-09 21:21:13,ag2312C5000,ag2312C5000,921.5,0.0,0.0,0.0,1,794.0,1107.0,1,921.5,0.0,0.0,0.0,0.0,0.0,18
2023-05-09 21:21:13,ag2312C5000,ag2312C5000,921.5,0.0,0.0,0.0,2,794.5,1106.5,2,921.5,0.0,0.0,0.0,0.0,0.0,18
2023-05-09 21:21:14,ag2312C5000,ag2312C5000,921.5,0.0,0.0,0.0,2,794.5,1106.5,2,921.5,0.0,0.0,0.0,0.0,0.0,18
2023-05-09 21:21:14,ag2312C5000,ag2312C5000,921.5,0.0,0.0,0.0,1,796.0,1105.0,1,921.5,0.0,0.0,0.0,0.0,0.0,18
2023-05-09 21:21:15,ag2312C5000,ag2312C5000,921.5,0.0,0.0,0.0,1,796.0,1105.0,1,921.5,0.0,0.0,0.0,0.0,0.0,18
2023-05-09 21:21:15,ag2312C5000,ag2312C5000,921.5,0.0,0.0,0.0,2,796.5,1104.5,2,921.5,0.0,0.0,0.0,0.0,0.0,18
2023-05-09 21:21:16,ag2312C5000,ag2312C5000,921.5,0.0,0.0,0.0,2,796.5,1104.5,2,921.5,0.0,0.0,0.0,0.0,0.0,18
2023-05-09 21:21:18,ag2312C5000,ag2312C5000,921.5,0.0,0.0,0.0,2,796.5,1103.0,1,921.5,0.0,0.0,0.0,0.0,0.0,18
2023-05-09 21:21:19,ag2312C5000,ag2312C5000,921.5,0.0,0.0,0.0,2,796.5,1103.0,1,921.5,0.0,0.0,0.0,0.0,0.0,18
2023-05-09 21:21:19,ag2312C5000,ag2312C5000,921.5,0.0,0.0,0.0,2,796.5,1102.5,2,921.5,0.0,0.0,0.0,0.0,0.0,18
2023-05-09 21:21:20,ag2312C5000,ag2312C5000,921.5,0.0,0.0,0.0,2,796.5,1101.0,1,921.5,0.0,0.0,0.0,0.0,0.0,18
2023-05-09 21:21:20,ag2312C5000,ag2312C5000,921.5,0.0,0.0,0.0,2,796.5,1101.0,1,921.5,0.0,0.0,0.0,0.0,0.0,18
2023-05-09 21:21:21,ag2312C5000,ag2312C5000,921.5,0.0,0.0,0.0,2,796.5,1100.5,2,921.5,0.0,0.0,0.0,0.0,0.0,18
2023-05-09 21:21:21,ag2312C5000,ag2312C5000,921.5,0.0,0.0,0.0,2,796.5,1099.0,1,921.5,0.0,0.0,0.0,0.0,0.0,18
2023-05-09 21:21:22,ag2312C5000,ag2312C5000,921.5,0.0,0.0,0.0,2,796.5,1099.0,1,921.5,0.0,0.0,0.0,0.0,0.0,18
2023-05-09 21:21:22,ag2312C5000,ag2312C5000,921.5,0.0,0.0,0.0,2,796.5,1098.5,2,921.5,0.0,0.0,0.0,0.0,0.0,18
2023-05-09 21:21:23,ag2312C5000,ag2312C5000,921.5,0.0,0.0,0.0,2,796.5,1098.5,2,921.5,0.0,0.0,0.0,0.0,0.0,18
2023-05-09 21:21:23,ag2312C5000,ag2312C5000,921.5,0.0,0.0,0.0,2,796.5,1097.0,1,921.5,0.0,0.0,0.0,0.0,0.0,18
2023-05-09 21:21:24,ag2312C5000,ag2312C5000,921.5,0.0,0.0,0.0,2,796.5,1097.0,1,921.5,0.0,0.0,0.0,0.0,0.0,18
2023-05-09 21:21:24,ag2312C5000,ag2312C5000,921.5,0.0,0.0,0.0,2,796.5,1096.5,2,921.5,0.0,0.0,0.0,0.0,0.0,18
2023-05-09 21:21:25,ag2312C5000,ag2312C5000,921.5,0.0,0.0,0.0,2,796.5,1095.0,1,921.5,0.0,0.0,0.0,0.0,0.0,18
2023-05-09 21:21:25,ag2312C5000,ag2312C5000,921.5,0.0,0.0,0.0,2,796.5,1095.0,1,921.5,0.0,0.0,0.0,0.0,0.0,18
2023-05-09 21:21:26,ag2312C5000,ag2312C5000,921.5,0.0,0.0,0.0,2,796.5,1094.5,2,921.5,0.0,0.0,0.0,0.0,0.0,18
2023-05-09 21:21:26,ag2312C5000,ag2312C5000,921.5,0.0,0.0,0.0,2,796.5,1093.0,1,921.5,0.0,0.0,0.0,0.0,0.0,18
2023-05-09 21:21:27,ag2312C5000,ag2312C5000,921.5,0.0,0.0,0.0,2,796.5,1093.0,1,921.5,0.0,0.0,0.0,0.0,0.0,18
2023-05-09 21:21:27,ag2312C5000,ag2312C5000,921.5,0.0,0.0,0.0,2,796.5,1092.5,2,921.5,0.0,0.0,0.0,0.0,0.0,18
2023-05-09 21:21:28,ag2312C5000,ag2312C5000,921.5,0.0,0.0,0.0,2,796.5,1091.0,1,921.5,0.0,0.0,0.0,0.0,0.0,18
2023-05-09 21:21:28,ag2312C5000,ag2312C5000,921.5,0.0,0.0,0.0,2,796.5,1091.0,1,921.5,0.0,0.0,0.0,0.0,0.0,18
2023-05-09 21:21:29,ag2312C5000,ag2312C5000,921.5,0.0,0.0,0.0,2,796.5,1090.5,2,921.5,0.0,0.0,0.0,0.0,0.0,18
2023-05-09 21:21:29,ag2312C5000,ag2312C5000,921.5,0.0,0.0,0.0,2,796.5,1089.0,1,921.5,0.0,0.0,0.0,0.0,0.0,18
2023-05-09 21:21:30,ag2312C5000,ag2312C5000,921.5,0.0,0.0,0.0,2,796.5,1089.0,1,921.5,0.0,0.0,0.0,0.0,0.0,18
2023-05-09 21:21:30,ag2312C5000,ag2312C5000,921.5,0.0,0.0,0.0,2,796.5,1088.5,2,921.5,0.0,0.0,0.0,0.0,0.0,18
2023-05-09 21:21:31,ag2312C5000,ag2312C5000,921.5,0.0,0.0,0.0,2,796.5,1087.0,1,921.5,0.0,0.0,0.0,0.0,0.0,18
2023-05-09 21:21:31,ag2312C5000,ag2312C5000,921.5,0.0,0.0,0.0,2,796.5,1087.0,1,921.5,0.0,0.0,0.0,0.0,0.0,18
2023-05-09 21:21:32,ag2312C5000,ag2312C5000,921.5,0.0,0.0,0.0,2,796.5,1086.5,2,921.5,0.0,0.0,0.0,0.0,0.0,18
2023-05-09 21:21:32,ag2312C5000,ag2312C5000,921.5,0.0,0.0,0.0,2,796.5,1085.0,1,921.5,0.0,0.0,0.0,0.0,0.0,18
2023-05-09 21:21:33,ag2312C5000,ag2312C5000,921.5,0.0,0.0,0.0,2,796.5,1085.0,1,921.5,0.0,0.0,0.0,0.0,0.0,18
2023-05-09 21:21:33,ag2312C5000,ag2312C5000,921.5,0.0,0.0,0.0,2,796.5,1084.5,2,921.5,0.0,0.0,0.0,0.0,0.0,18
2023-05-09 21:21:34,ag2312C5000,ag2312C5000,921.5,0.0,0.0,0.0,2,796.5,1083.0,1,921.5,0.0,0.0,0.0,0.0,0.0,18
2023-05-09 21:21:34,ag2312C5000,ag2312C5000,921.5,0.0,0.0,0.0,2,796.5,1083.0,1,921.5,0.0,0.0,0.0,0.0,0.0,18
2023-05-09 21:21:35,ag2312C5000,ag2312C5000,921.5,0.0,0.0,0.0,2,796.5,1082.5,2,921.5,0.0,0.0,0.0,0.0,0.0,18
2023-05-09 21:21:35,ag2312C5000,ag2312C5000,921.5,0.0,0.0,0.0,2,796.5,1081.0,1,921.5,0.0,0.0,0.0,0.0,0.0,18
2023-05-09 21:21:36,ag2312C5000,ag2312C5000,921.5,0.0,0.0,0.0,2,796.5,1081.0,1,921.5,0.0,0.0,0.0,0.0,0.0,18
2023-05-09 21:21:36,ag2312C5000,ag2312C5000,921.5,0.0,0.0,0.0,2,796.5,1080.5,2,921.5,0.0,0.0,0.0,0.0,0.0,18
2023-05-09 21:21:37,ag2312C5000,ag2312C5000,921.5,0.0,0.0,0.0,2,796.5,1079.0,1,921.5,0.0,0.0,0.0,0.0,0.0,18
2023-05-09 21:21:37,ag2312C5000,ag2312C5000,921.5,0.0,0.0,0.0,2,796.5,1079.0,1,921.5,0.0,0.0,0.0,0.0,0.0,18
2023-05-09 21:21:38,ag2312C5000,ag2312C5000,921.5,0.0,0.0,0.0,2,796.5,1078.5,2,921.5,0.0,0.0,0.0,0.0,0.0,18
2023-05-09 21:21:38,ag2312C5000,ag2312C5000,921.5,0.0,0.0,0.0,2,796.5,1077.0,1,921.5,0.0,0.0,0.0,0.0,0.0,18
2023-05-09 21:21:39,ag2312C5000,ag2312C5000,921.5,0.0,0.0,0.0,2,796.5,1077.0,1,921.5,0.0,0.0,0.0,0.0,0.0,18
2023-05-09 21:21:39,ag2312C5000,ag2312C5000,921.5,0.0,0.0,0.0,2,796.5,1076.5,2,921.5,0.0,0.0,0.0,0.0,0.0,18
2023-05-09 21:21:40,ag2312C5000,ag2312C5000,921.5,0.0,0.0,0.0,2,796.5,1075.0,1,921.5,0.0,0.0,0.0,0.0,0.0,18
2023-05-09 21:21:40,ag2312C5000,ag2312C5000,921.5,0.0,0.0,0.0,2,796.5,1075.0,1,921.5,0.0,0.0,0.0,0.0,0.0,18
2023-05-09 21:21:41,ag2312C5000,ag2312C5000,921.5,0.0,0.0,0.0,2,796.5,1074.5,2,921.5,0.0,0.0,0.0,0.0,0.0,18
2023-05-09 21:21:41,ag2312C5000,ag2312C5000,921.5,0.0,0.0,0.0,2,796.5,1073.0,1,921.5,0.0,0.0,0.0,0.0,0.0,18
2023-05-09 21:21:42,ag2312C5000,ag2312C5000,921.5,0.0,0.0,0.0,2,796.5,1073.0,1,921.5,0.0,0.0,0.0,0.0,0.0,18
2023-05-09 21:21:42,ag2312C5000,ag2312C5000,921.5,0.0,0.0,0.0,2,796.5,1072.5,2,921.5,0.0,0.0,0.0,0.0,0.0,18
2023-05-09 21:21:43,ag2312C5000,ag2312C5000,921.5,0.0,0.0,0.0,2,796.5,1071.0,1,921.5,0.0,0.0,0.0,0.0,0.0,18
2023-05-09 21:21:43,ag2312C5000,ag2312C5000,921.5,0.0,0.0,0.0,2,796.5,1071.0,1,921.5,0.0,0.0,0.0,0.0,0.0,18
2023-05-09 21:21:44,ag2312C5000,ag2312C5000,921.5,0.0,0.0,0.0,2,796.5,1070.5,2,921.5,0.0,0.0,0.0,0.0,0.0,18
2023-05-09 21:21:44,ag2312C5000,ag2312C5000,921.5,0.0,0.0,0.0,2,796.5,1069.0,1,921.5,0.0,0.0,0.0,0.0,0.0,18
2023-05-09 21:21:45,ag2312C5000,ag2312C5000,921.5,0.0,0.0,0.0,2,796.5,1069.0,1,921.5,0.0,0.0,0.0,0.0,0.0,18
2023-05-09 21:21:45,ag2312C5000,ag2312C5000,921.5,0.0,0.0,0.0,2,796.5,1068.5,2,921.5,0.0,0.0,0.0,0.0,0.0,18
2023-05-09 21:21:46,ag2312C5000,ag2312C5000,921.5,0.0,0.0,0.0,2,796.5,1067.0,1,921.5,0.0,0.0,0.0,0.0,0.0,18
2023-05-09 21:21:46,ag2312C5000,ag2312C5000,921.5,0.0,0.0,0.0,2,796.5,1067.0,1,921.5,0.0,0.0,0.0,0.0,0.0,18
2023-05-09 21:21:47,ag2312C5000,ag2312C5000,921.5,0.0,0.0,0.0,2,796.5,1066.5,2,921.5,0.0,0.0,0.0,0.0,0.0,18
2023-05-09 21:21:47,ag2312C5000,ag2312C5000,921.5,0.0,0.0,0.0,2,796.5,1065.0,1,921.5,0.0,0.0,0.0,0.0,0.0,18
2023-05-09 21:21:48,ag2312C5000,ag2312C5000,921.5,0.0,0.0,0.0,2,796.5,1065.0,1,921.5,0.0,0.0,0.0,0.0,0.0,18
2023-05-09 21:21:48,ag2312C5000,ag2312C5000,921.5,0.0,0.0,0.0,2,796.5,1064.5,2,921.5,0.0,0.0,0.0,0.0,0.0,18
2023-05-09 21:21:49,ag2312C5000,ag2312C5000,921.5,0.0,0.0,0.0,2,796.5,1063.0,1,921.5,0.0,0.0,0.0,0.0,0.0,18
2023-05-09 21:21:49,ag2312C5000,ag2312C5000,921.5,0.0,0.0,0.0,2,796.5,1063.0,1,921.5,0.0,0.0,0.0,0.0,0.0,18
2023-05-09 21:21:50,ag2312C5000,ag2312C5000,921.5,0.0,0.0,0.0,2,796.5,1062.5,2,921.5,0.0,0.0,0.0,0.0,0.0,18
2023-05-09 21:21:50,ag2312C5000,ag2312C5000,921.5,0.0,0.0,0.0,2,796.5,1061.0,1,921.5,0.0,0.0,0.0,0.0,0.0,18
2023-05-09 21:21:51,ag2312C5000,ag2312C5000,921.5,0.0,0.0,0.0,2,796.5,1061.0,1,921.5,0.0,0.0,0.0,0.0,0.0,18
2023-05-09 21:21:51,ag2312C5000,ag2312C5000,921.5,0.0,0.0,0.0,2,796.5,1060.5,2,921.5,0.0,0.0,0.0,0.0,0.0,18
2023-05-09 21:21:52,ag2312C5000,ag2312C5000,921.5,0.0,0.0,0.0,2,796.5,1059.0,1,921.5,0.0,0.0,0.0,0.0,0.0,18
2023-05-09 21:21:52,ag2312C5000,ag2312C5000,921.5,0.0,0.0,0.0,2,796.5,1059.0,1,921.5,0.0,0.0,0.0,0.0,0.0,18
2023-05-09 21:21:53,ag2312C5000,ag2312C5000,921.5,0.0,0.0,0.0,2,796.5,1058.5,2,921.5,0.0,0.0,0.0,0.0,0.0,18
2023-05-09 21:21:53,ag2312C5000,ag2312C5000,921.5,0.0,0.0,0.0,2,796.5,1057.0,1,921.5,0.0,0.0,0.0,0.0,0.0,18
2023-05-09 21:21:54,ag2312C5000,ag2312C5000,921.5,0.0,0.0,0.0,2,796.5,1057.0,1,921.5,0.0,0.0,0.0,0.0,0.0,18
2023-05-09 21:21:54,ag2312C5000,ag2312C5000,921.5,0.0,0.0,0.0,2,796.5,1056.5,2,921.5,0.0,0.0,0.0,0.0,0.0,18
2023-05-09 21:21:55,ag2312C5000,ag2312C5000,921.5,0.0,0.0,0.0,2,796.5,1055.0,1,921.5,0.0,0.0,0.0,0.0,0.0,18
2023-05-09 21:21:55,ag2312C5000,ag2312C5000,921.5,0.0,0.0,0.0,2,796.5,1055.0,1,921.5,0.0,0.0,0.0,0.0,0.0,18
2023-05-09 21:21:56,ag2312C5000,ag2312C5000,921.5,0.0,0.0,0.0,2,796.5,1054.5,2,921.5,0.0,0.0,0.0,0.0,0.0,18
2023-05-09 21:21:56,ag2312C5000,ag2312C5000,921.5,0.0,0.0,0.0,2,796.5,1053.0,1,921.5,0.0,0.0,0.0,0.0,0.0,18
2023-05-09 21:21:57,ag2312C5000,ag2312C5000,921.5,0.0,0.0,0.0,2,796.5,1053.0,1,921.5,0.0,0.0,0.0,0.0,0.0,18
2023-05-09 21:21:57,ag2312C5000,ag2312C5000,921.5,0.0,0.0,0.0,2,796.5,1052.5,2,921.5,0.0,0.0,0.0,0.0,0.0,18
2023-05-09 21:21:58,ag2312C5000,ag2312C5000,921.5,0.0,0.0,0.0,2,796.5,1051.0,1,921.5,0.0,0.0,0.0,0.0,0.0,18
2023-05-09 21:21:58,ag2312C5000,ag2312C5000,921.5,0.0,0.0,0.0,2,796.5,1051.0,1,921.5,0.0,0.0,0.0,0.0,0.0,18
2023-05-09 21:21:59,ag2312C5000,ag2312C5000,921.5,0.0,0.0,0.0,2,796.5,1050.5,2,921.5,0.0,0.0,0.0,0.0,0.0,18
2023-05-09 21:21:59,ag2312C5000,ag2312C5000,921.5,0.0,0.0,0.0,2,796.5,1049.0,1,921.5,0.0,0.0,0.0,0.0,0.0,18
2023-05-09 21:22:00,ag2312C5000,ag2312C5000,921.5,0.0,0.0,0.0,2,796.5,1049.0,1,921.5,0.0,0.0,0.0,0.0,0.0,18
2023-05-09 21:22:00,ag2312C5000,ag2312C5000,921.5,0.0,0.0,0.0,2,796.5,1048.5,2,921.5,0.0,0.0,0.0,0.0,0.0,18
2023-05-09 21:22:01,ag2312C5000,ag2312C5000,921.5,0.0,0.0,0.0,2,796.5,1047.0,1,921.5,0.0,0.0,0.0,0.0,0.0,18
2023-05-09 21:22:01,ag2312C5000,ag2312C5000,921.5,0.0,0.0,0.0,2,796.5,1047.0,1,921.5,0.0,0.0,0.0,0.0,0.0,18
2023-05-09 21:22:02,ag2312C5000,ag2312C5000,921.5,0.0,0.0,0.0,2,796.5,1046.5,2,921.5,0.0,0.0,0.0,0.0,0.0,18
2023-05-09 21:22:02,ag2312C5000,ag2312C5000,921.5,0.0,0.0,0.0,2,796.5,1045.0,1,921.5,0.0,0.0,0.0,0.0,0.0,18
2023-05-09 21:22:03,ag2312C5000,ag2312C5000,921.5,0.0,0.0,0.0,2,796.5,1045.0,1,921.5,0.0,0.0,0.0,0.0,0.0,18
2023-05-09 21:22:03,ag2312C5000,ag2312C5000,921.5,0.0,0.0,0.0,2,796.5,1044.5,2,921.5,0.0,0.0,0.0,0.0,0.0,18
2023-05-09 21:22:04,ag2312C5000,ag2312C5000,921.5,0.0,0.0,0.0,2,796.5,1043.0,1,921.5,0.0,0.0,0.0,0.0,0.0,18
2023-05-09 21:22:04,ag2312C5000,ag2312C5000,921.5,0.0,0.0,0.0,2,796.5,1043.0,1,921.5,0.0,0.0,0.0,0.0,0.0,18
2023-05-09 21:22:05,ag2312C5000,ag2312C5000,921.5,0.0,0.0,0.0,2,796.5,1042.5,2,921.5,0.0,0.0,0.0,0.0,0.0,18
2023-05-09 21:22:05,ag2312C5000,ag2312C5000,921.5,0.0,0.0,0.0,2,796.5,1041.0,1,921.5,0.0,0.0,0.0,0.0,0.0,18
2023-05-09 21:22:06,ag2312C5000,ag2312C5000,921.5,0.0,0.0,0.0,2,796.5,1041.0,1,921.5,0.0,0.0,0.0,0.0,0.0,18
2023-05-09 21:22:06,ag2312C5000,ag2312C5000,921.5,0.0,0.0,0.0,2,796.5,1040.5,2,921.5,0.0,0.0,0.0,0.0,0.0,18
2023-05-09 21:22:07,ag2312C5000,ag2312C5000,921.5,0.0,0.0,0.0,2,796.5,1039.0,1,921.5,0.0,0.0,0.0,0.0,0.0,18
2023-05-09 21:22:07,ag2312C5000,ag2312C5000,921.5,0.0,0.0,0.0,2,796.5,1039.0,1,921.5,0.0,0.0,0.0,0.0,0.0,18
2023-05-09 21:22:08,ag2312C5000,ag2312C5000,921.5,0.0,0.0,0.0,2,796.5,1038.5,2,921.5,0.0,0.0,0.0,0.0,0.0,18
2023-05-09 21:22:08,ag2312C5000,ag2312C5000,921.5,0.0,0.0,0.0,2,796.5,1037.0,1,921.5,0.0,0.0,0.0,0.0,0.0,18
2023-05-09 21:22:09,ag2312C5000,ag2312C5000,921.5,0.0,0.0,0.0,2,796.5,1037.0,1,921.5,0.0,0.0,0.0,0.0,0.0,18
2023-05-09 21:22:09,ag2312C5000,ag2312C5000,921.5,0.0,0.0,0.0,2,796.5,1036.5,2,921.5,0.0,0.0,0.0,0.0,0.0,18
2023-05-09 21:22:10,ag2312C5000,ag2312C5000,921.5,0.0,0.0,0.0,2,796.5,1035.0,1,921.5,0.0,0.0,0.0,0.0,0.0,18
2023-05-09 21:22:10,ag2312C5000,ag2312C5000,921.5,0.0,0.0,0.0,2,796.5,1035.0,1,921.5,0.0,0.0,0.0,0.0,0.0,18
2023-05-09 21:22:11,ag2312C5000,ag2312C5000,921.5,0.0,0.0,0.0,2,796.5,1034.5,2,921.5,0.0,0.0,0.0,0.0,0.0,18
2023-05-09 21:22:11,ag2312C5000,ag2312C5000,921.5,0.0,0.0,0.0,2,796.5,1033.0,1,921.5,0.0,0.0,0.0,0.0,0.0,18
2023-05-09 21:22:12,ag2312C5000,ag2312C5000,921.5,0.0,0.0,0.0,2,796.5,1033.0,1,921.5,0.0,0.0,0.0,0.0,0.0,18
2023-05-09 21:22:12,ag2312C5000,ag2312C5000,921.5,0.0,0.0,0.0,2,796.5,1032.5,2,921.5,0.0,0.0,0.0,0.0,0.0,18
2023-05-09 21:22:13,ag2312C5000,ag2312C5000,921.5,0.0,0.0,0.0,2,796.5,1031.0,1,921.5,0.0,0.0,0.0,0.0,0.0,18
2023-05-09 21:22:13,ag2312C5000,ag2312C5000,921.5,0.0,0.0,0.0,2,796.5,1031.0,1,921.5,0.0,0.0,0.0,0.0,0.0,18
2023-05-09 21:22:14,ag2312C5000,ag2312C5000,921.5,0.0,0.0,0.0,2,796.5,1030.5,2,921.5,0.0,0.0,0.0,0.0,0.0,18
2023-05-09 21:22:14,ag2312C5000,ag2312C5000,921.5,0.0,0.0,0.0,2,796.5,1029.0,1,921.5,0.0,0.0,0.0,0.0,0.0,18
2023-05-09 21:22:15,ag2312C5000,ag2312C5000,921.5,0.0,0.0,0.0,2,796.5,1029.0,1,921.5,0.0,0.0,0.0,0.0,0.0,18
2023-05-09 21:22:15,ag2312C5000,ag2312C5000,921.5,0.0,0.0,0.0,2,796.5,1028.5,2,921.5,0.0,0.0,0.0,0.0,0.0,18
2023-05-09 21:22:16,ag2312C5000,ag2312C5000,921.5,0.0,0.0,0.0,2,796.5,1027.0,1,921.5,0.0,0.0,0.0,0.0,0.0,18
2023-05-09 21:22:16,ag2312C5000,ag2312C5000,921.5,0.0,0.0,0.0,2,796.5,1027.0,1,921.5,0.0,0.0,0.0,0.0,0.0,18
2023-05-09 21:22:17,ag2312C5000,ag2312C5000,921.5,0.0,0.0,0.0,2,796.5,1026.5,2,921.5,0.0,0.0,0.0,0.0,0.0,18
2023-05-09 21:22:17,ag2312C5000,ag2312C5000,921.5,0.0,0.0,0.0,2,796.5,1025.0,1,921.5,0.0,0.0,0.0,0.0,0.0,18
2023-05-09 21:22:18,ag2312C5000,ag2312C5000,921.5,0.0,0.0,0.0,2,796.5,1025.0,1,921.5,0.0,0.0,0.0,0.0,0.0,18
2023-05-09 21:22:18,ag2312C5000,ag2312C5000,921.5,0.0,0.0,0.0,2,796.5,1024.5,2,921.5,0.0,0.0,0.0,0.0,0.0,18
2023-05-09 21:22:19,ag2312C5000,ag2312C5000,921.5,0.0,0.0,0.0,2,796.5,1023.0,1,921.5,0.0,0.0,0.0,0.0,0.0,18
2023-05-09 21:22:19,ag2312C5000,ag2312C5000,921.5,0.0,0.0,0.0,2,796.5,1023.0,1,921.5,0.0,0.0,0.0,0.0,0.0,18
2023-05-09 21:22:20,ag2312C5000,ag2312C5000,921.5,0.0,0.0,0.0,2,796.5,1022.5,2,921.5,0.0,0.0,0.0,0.0,0.0,18
2023-05-09 21:22:20,ag2312C5000,ag2312C5000,921.5,0.0,0.0,0.0,2,796.5,1021.0,1,921.5,0.0,0.0,0.0,0.0,0.0,18
2023-05-09 21:22:21,ag2312C5000,ag2312C5000,921.5,0.0,0.0,0.0,2,796.5,1021.0,1,921.5,0.0,0.0,0.0,0.0,0.0,18
2023-05-09 21:22:21,ag2312C5000,ag2312C5000,921.5,0.0,0.0,0.0,2,796.5,1020.5,2,921.5,0.0,0.0,0.0,0.0,0.0,18
2023-05-09 21:22:22,ag2312C5000,ag2312C5000,921.5,0.0,0.0,0.0,2,796.5,1019.0,1,921.5,0.0,0.0,0.0,0.0,0.0,18
2023-05-09 21:22:22,ag2312C5000,ag2312C5000,921.5,0.0,0.0,0.0,2,796.5,1019.0,1,921.5,0.0,0.0,0.0,0.0,0.0,18
2023-05-09 21:22:23,ag2312C5000,ag2312C5000,921.5,0.0,0.0,0.0,2,796.5,1018.5,2,921.5,0.0,0.0,0.0,0.0,0.0,18
2023-05-09 21:22:23,ag2312C5000,ag2312C5000,921.5,0.0,0.0,0.0,2,796.5,1017.0,1,921.5,0.0,0.0,0.0,0.0,0.0,18
2023-05-09 21:22:24,ag2312C5000,ag2312C5000,921.5,0.0,0.0,0.0,2,796.5,1017.0,1,921.5,0.0,0.0,0.0,0.0,0.0,18
2023-05-09 21:22:24,ag2312C5000,ag2312C5000,921.5,0.0,0.0,0.0,2,796.5,1016.5,2,921.5,0.0,0.0,0.0,0.0,0.0,18
2023-05-09 21:22:25,ag2312C5000,ag2312C5000,921.5,0.0,0.0,0.0,2,796.5,1015.0,1,921.5,0.0,0.0,0.0,0.0,0.0,18
2023-05-09 21:22:25,ag2312C5000,ag2312C5000,921.5,0.0,0.0,0.0,2,796.5,1015.0,1,921.5,0.0,0.0,0.0,0.0,0.0,18
2023-05-09 21:22:26,ag2312C5000,ag2312C5000,921.5,0.0,0.0,0.0,2,796.5,1014.5,2,921.5,0.0,0.0,0.0,0.0,0.0,18
2023-05-09 21:22:26,ag2312C5000,ag2312C5000,921.5,0.0,0.0,0.0,2,796.5,1013.0,1,921.5,0.0,0.0,0.0,0.0,0.0,18
2023-05-09 21:22:27,ag2312C5000,ag2312C5000,921.5,0.0,0.0,0.0,2,796.5,1013.0,1,921.5,0.0,0.0,0.0,0.0,0.0,18
2023-05-09 21:22:27,ag2312C5000,ag2312C5000,921.5,0.0,0.0,0.0,2,796.5,1012.5,2,921.5,0.0,0.0,0.0,0.0,0.0,18
2023-05-09 21:22:28,ag2312C5000,ag2312C5000,921.5,0.0,0.0,0.0,2,796.5,1012.5,2,921.5,0.0,0.0,0.0,0.0,0.0,18
2023-05-09 21:43:23,ag2312C5000,ag2312C5000,921.5,0.0,0.0,0.0,1,798.0,1012.5,2,921.5,0.0,0.0,0.0,0.0,0.0,18
2023-05-09 21:43:24,ag2312C5000,ag2312C5000,921.5,0.0,0.0,0.0,1,798.0,1012.5,2,921.5,0.0,0.0,0.0,0.0,0.0,18
2023-05-09 21:43:24,ag2312C5000,ag2312C5000,921.5,0.0,0.0,0.0,2,798.5,1012.5,2,921.5,0.0,0.0,0.0,0.0,0.0,18
2023-05-09 21:43:25,ag2312C5000,ag2312C5000,921.5,0.0,0.0,0.0,1,800.0,1012.5,2,921.5,0.0,0.0,0.0,0.0,0.0,18
2023-05-09 21:43:25,ag2312C5000,ag2312C5000,921.5,0.0,0.0,0.0,1,800.0,1012.5,2,921.5,0.0,0.0,0.0,0.0,0.0,18
2023-05-09 21:43:26,ag2312C5000,ag2312C5000,921.5,0.0,0.0,0.0,2,800.5,1012.5,2,921.5,0.0,0.0,0.0,0.0,0.0,18
2023-05-09 21:43:26,ag2312C5000,ag2312C5000,921.5,0.0,0.0,0.0,1,802.0,1012.5,2,921.5,0.0,0.0,0.0,0.0,0.0,18
2023-05-09 21:43:27,ag2312C5000,ag2312C5000,921.5,0.0,0.0,0.0,1,802.0,1012.5,2,921.5,0.0,0.0,0.0,0.0,0.0,18
2023-05-09 21:43:27,ag2312C5000,ag2312C5000,921.5,0.0,0.0,0.0,2,802.5,1012.5,2,921.5,0.0,0.0,0.0,0.0,0.0,18
2023-05-09 21:43:28,ag2312C5000,ag2312C5000,921.5,0.0,0.0,0.0,1,804.0,1012.5,2,921.5,0.0,0.0,0.0,0.0,0.0,18
2023-05-09 21:43:28,ag2312C5000,ag2312C5000,921.5,0.0,0.0,0.0,1,804.0,1012.5,2,921.5,0.0,0.0,0.0,0.0,0.0,18
2023-05-09 21:43:29,ag2312C5000,ag2312C5000,921.5,0.0,0.0,0.0,2,804.5,1012.5,2,921.5,0.0,0.0,0.0,0.0,0.0,18
2023-05-09 21:43:29,ag2312C5000,ag2312C5000,921.5,0.0,0.0,0.0,1,806.0,1012.5,2,921.5,0.0,0.0,0.0,0.0,0.0,18
2023-05-09 21:43:30,ag2312C5000,ag2312C5000,921.5,0.0,0.0,0.0,1,806.0,1012.5,2,921.5,0.0,0.0,0.0,0.0,0.0,18
2023-05-09 21:43:30,ag2312C5000,ag2312C5000,921.5,0.0,0.0,0.0,2,806.5,1012.5,2,921.5,0.0,0.0,0.0,0.0,0.0,18
2023-05-09 21:43:31,ag2312C5000,ag2312C5000,921.5,0.0,0.0,0.0,2,806.5,1012.5,2,921.5,0.0,0.0,0.0,0.0,0.0,18
2023-05-09 21:53:23,ag2312C5000,ag2312C5000,921.5,0.0,0.0,0.0,1,808.0,1012.5,2,921.5,0.0,0.0,0.0,0.0,0.0,18
2023-05-09 21:53:24,ag2312C5000,ag2312C5000,921.5,0.0,0.0,0.0,1,808.0,1012.5,2,921.5,0.0,0.0,0.0,0.0,0.0,18
2023-05-09 21:53:24,ag2312C5000,ag2312C5000,921.5,0.0,0.0,0.0,2,808.5,1012.5,2,921.5,0.0,0.0,0.0,0.0,0.0,18
2023-05-09 21:53:25,ag2312C5000,ag2312C5000,921.5,0.0,0.0,0.0,1,810.0,1012.5,2,921.5,0.0,0.0,0.0,0.0,0.0,18
2023-05-09 21:53:25,ag2312C5000,ag2312C5000,921.5,0.0,0.0,0.0,1,810.0,1012.5,2,921.5,0.0,0.0,0.0,0.0,0.0,18
2023-05-09 21:53:26,ag2312C5000,ag2312C5000,921.5,0.0,0.0,0.0,2,810.5,1012.5,2,921.5,0.0,0.0,0.0,0.0,0.0,18
2023-05-09 21:53:26,ag2312C5000,ag2312C5000,921.5,0.0,0.0,0.0,1,812.0,1012.5,2,921.5,0.0,0.0,0.0,0.0,0.0,18
2023-05-09 21:53:27,ag2312C5000,ag2312C5000,921.5,0.0,0.0,0.0,1,812.0,1012.5,2,921.5,0.0,0.0,0.0,0.0,0.0,18
2023-05-09 21:53:27,ag2312C5000,ag2312C5000,921.5,0.0,0.0,0.0,2,812.5,1012.5,2,921.5,0.0,0.0,0.0,0.0,0.0,18
2023-05-09 21:53:28,ag2312C5000,ag2312C5000,921.5,0.0,0.0,0.0,2,812.5,1012.5,2,921.5,0.0,0.0,0.0,0.0,0.0,18
2023-05-09 22:03:23,ag2312C5000,ag2312C5000,921.5,0.0,0.0,0.0,1,814.0,1012.5,2,921.5,0.0,0.0,0.0,0.0,0.0,18
2023-05-09 22:03:24,ag2312C5000,ag2312C5000,921.5,0.0,0.0,0.0,1,814.0,1012.5,2,921.5,0.0,0.0,0.0,0.0,0.0,18
2023-05-09 22:03:24,ag2312C5000,ag2312C5000,921.5,0.0,0.0,0.0,2,814.5,1012.5,2,921.5,0.0,0.0,0.0,0.0,0.0,18
2023-05-09 22:03:25,ag2312C5000,ag2312C5000,921.5,0.0,0.0,0.0,1,816.0,1012.5,2,921.5,0.0,0.0,0.0,0.0,0.0,18
2023-05-09 22:03:25,ag2312C5000,ag2312C5000,921.5,0.0,0.0,0.0,2,816.5,1012.5,2,921.5,0.0,0.0,0.0,0.0,0.0,18
2023-05-09 22:03:26,ag2312C5000,ag2312C5000,921.5,0.0,0.0,0.0,1,818.0,1012.5,2,921.5,0.0,0.0,0.0,0.0,0.0,18
2023-05-09 22:03:26,ag2312C5000,ag2312C5000,921.5,0.0,0.0,0.0,1,818.0,1012.5,2,921.5,0.0,0.0,0.0,0.0,0.0,18
2023-05-09 22:03:27,ag2312C5000,ag2312C5000,921.5,0.0,0.0,0.0,2,818.5,1012.5,2,921.5,0.0,0.0,0.0,0.0,0.0,18
2023-05-09 22:03:27,ag2312C5000,ag2312C5000,921.5,0.0,0.0,0.0,2,818.5,1012.5,2,921.5,0.0,0.0,0.0,0.0,0.0,18
2023-05-09 22:57:03,ag2312C5000,ag2312C5000,921.5,0.0,0.0,0.0,1,520.0,0.0,0,921.5,0.0,0.0,0.0,0.0,0.0,18
2023-05-09 22:57:05,ag2312C5000,ag2312C5000,921.5,0.0,0.0,0.0,1,521.5,1443.0,1,921.5,0.0,0.0,0.0,0.0,0.0,18
2023-05-09 23:00:33,ag2312C5000,ag2312C5000,921.5,0.0,0.0,0.0,2,522.0,1442.5,2,921.5,0.0,0.0,0.0,0.0,0.0,18
2023-05-09 23:00:34,ag2312C5000,ag2312C5000,921.5,0.0,0.0,0.0,1,523.5,1441.0,1,921.5,0.0,0.0,0.0,0.0,0.0,18
2023-05-09 23:00:35,ag2312C5000,ag2312C5000,921.5,0.0,0.0,0.0,1,523.5,1441.0,1,921.5,0.0,0.0,0.0,0.0,0.0,18
2023-05-09 23:00:35,ag2312C5000,ag2312C5000,921.5,0.0,0.0,0.0,2,524.0,1440.5,2,921.5,0.0,0.0,0.0,0.0,0.0,18
2023-05-09 23:00:36,ag2312C5000,ag2312C5000,921.5,0.0,0.0,0.0,1,525.5,1439.0,1,921.5,0.0,0.0,0.0,0.0,0.0,18
2023-05-09 23:00:37,ag2312C5000,ag2312C5000,921.5,0.0,0.0,0.0,1,525.5,1439.0,1,921.5,0.0,0.0,0.0,0.0,0.0,18
2023-05-09 23:00:37,ag2312C5000,ag2312C5000,921.5,0.0,0.0,0.0,2,526.0,1438.5,2,921.5,0.0,0.0,0.0,0.0,0.0,18
2023-05-09 23:00:38,ag2312C5000,ag2312C5000,921.5,0.0,0.0,0.0,2,526.0,1438.5,2,921.5,0.0,0.0,0.0,0.0,0.0,18
2023-05-09 23:00:39,ag2312C5000,ag2312C5000,921.5,0.0,0.0,0.0,2,526.0,1438.5,2,921.5,0.0,0.0,0.0,0.0,0.0,18
2023-05-09 23:00:46,ag2312C5000,ag2312C5000,921.5,0.0,0.0,0.0,1,527.5,1438.5,2,921.5,0.0,0.0,0.0,0.0,0.0,18
2023-05-09 23:00:47,ag2312C5000,ag2312C5000,921.5,0.0,0.0,0.0,1,527.5,1438.5,2,921.5,0.0,0.0,0.0,0.0,0.0,18
2023-05-09 23:00:47,ag2312C5000,ag2312C5000,921.5,0.0,0.0,0.0,2,528.0,1438.5,2,921.5,0.0,0.0,0.0,0.0,0.0,18
2023-05-09 23:00:49,ag2312C5000,ag2312C5000,921.5,0.0,0.0,0.0,2,528.0,1438.5,2,921.5,0.0,0.0,0.0,0.0,0.0,18
2023-05-09 23:00:52,ag2312C5000,ag2312C5000,921.5,0.0,0.0,0.0,1,529.5,1437.0,1,921.5,0.0,0.0,0.0,0.0,0.0,18
2023-05-09 23:00:52,ag2312C5000,ag2312C5000,921.5,0.0,0.0,0.0,1,529.5,1437.0,1,921.5,0.0,0.0,0.0,0.0,0.0,18
2023-05-09 23:00:53,ag2312C5000,ag2312C5000,921.5,0.0,0.0,0.0,2,530.0,1436.5,2,921.5,0.0,0.0,0.0,0.0,0.0,18
2023-05-09 23:00:54,ag2312C5000,ag2312C5000,921.5,0.0,0.0,0.0,2,530.0,1435.0,1,921.5,0.0,0.0,0.0,0.0,0.0,18
2023-05-09 23:00:54,ag2312C5000,ag2312C5000,921.5,0.0,0.0,0.0,2,530.0,1435.0,1,921.5,0.0,0.0,0.0,0.0,0.0,18
2023-05-09 23:00:55,ag2312C5000,ag2312C5000,921.5,0.0,0.0,0.0,2,530.0,1434.5,2,921.5,0.0,0.0,0.0,0.0,0.0,18
2023-05-09 23:00:56,ag2312C5000,ag2312C5000,921.5,0.0,0.0,0.0,1,531.5,1433.0,1,921.5,0.0,0.0,0.0,0.0,0.0,18
2023-05-09 23:00:56,ag2312C5000,ag2312C5000,921.5,0.0,0.0,0.0,1,531.5,1433.0,1,921.5,0.0,0.0,0.0,0.0,0.0,18
2023-05-09 23:00:57,ag2312C5000,ag2312C5000,921.5,0.0,0.0,0.0,2,532.0,1432.5,2,921.5,0.0,0.0,0.0,0.0,0.0,18
2023-05-09 23:00:58,ag2312C5000,ag2312C5000,921.5,0.0,0.0,0.0,1,533.5,1432.5,2,921.5,0.0,0.0,0.0,0.0,0.0,18
2023-05-09 23:00:58,ag2312C5000,ag2312C5000,921.5,0.0,0.0,0.0,1,533.5,1432.5,2,921.5,0.0,0.0,0.0,0.0,0.0,18
2023-05-09 23:00:59,ag2312C5000,ag2312C5000,921.5,0.0,0.0,0.0,2,534.0,1432.5,2,921.5,0.0,0.0,0.0,0.0,0.0,18
2023-05-09 23:01:00,ag2312C5000,ag2312C5000,921.5,0.0,0.0,0.0,2,534.0,1432.5,2,921.5,0.0,0.0,0.0,0.0,0.0,18
2023-05-09 23:01:01,ag2312C5000,ag2312C5000,921.5,0.0,0.0,0.0,2,534.0,1431.0,1,921.5,0.0,0.0,0.0,0.0,0.0,18
2023-05-09 23:01:01,ag2312C5000,ag2312C5000,921.5,0.0,0.0,0.0,2,534.0,1431.0,1,921.5,0.0,0.0,0.0,0.0,0.0,18
2023-05-09 23:01:02,ag2312C5000,ag2312C5000,921.5,0.0,0.0,0.0,1,535.5,1430.5,2,921.5,0.0,0.0,0.0,0.0,0.0,18
