time,symbol_id,symbol_name,last,trade_volume,trade_amount,open_interest_change,bv1,bp1,ap1,av1,yesterday_close,today_open,today_high,today_low,volume,amount,open_interest
2023-05-09 21:00:27,ag2312C5200,ag2312C5200,776.0,0.0,0.0,0.0,1,333.5,0.0,0,776.0,0.0,0.0,0.0,0.0,0.0,29
2023-05-09 21:00:28,ag2312C5200,ag2312C5200,776.0,0.0,0.0,0.0,2,334.0,0.0,0,776.0,0.0,0.0,0.0,0.0,0.0,29
2023-05-09 21:02:16,ag2312C5200,ag2312C5200,776.0,0.0,0.0,0.0,1,335.5,1297.5,1,776.0,0.0,0.0,0.0,0.0,0.0,29
2023-05-09 21:02:16,ag2312C5200,ag2312C5200,776.0,0.0,0.0,0.0,1,335.5,1297.0,2,776.0,0.0,0.0,0.0,0.0,0.0,29
2023-05-09 21:02:17,ag2312C5200,ag2312C5200,776.0,0.0,0.0,0.0,2,336.0,1297.0,2,776.0,0.0,0.0,0.0,0.0,0.0,29
2023-05-09 21:02:17,ag2312C5200,ag2312C5200,776.0,0.0,0.0,0.0,2,336.0,1297.0,2,776.0,0.0,0.0,0.0,0.0,0.0,29
2023-05-09 21:02:18,ag2312C5200,ag2312C5200,776.0,0.0,0.0,0.0,1,337.5,1295.5,1,776.0,0.0,0.0,0.0,0.0,0.0,29
2023-05-09 21:02:18,ag2312C5200,ag2312C5200,776.0,0.0,0.0,0.0,1,337.5,1295.5,1,776.0,0.0,0.0,0.0,0.0,0.0,29
2023-05-09 21:02:19,ag2312C5200,ag2312C5200,776.0,0.0,0.0,0.0,2,338.0,1295.0,2,776.0,0.0,0.0,0.0,0.0,0.0,29
2023-05-09 21:02:19,ag2312C5200,ag2312C5200,776.0,0.0,0.0,0.0,2,338.0,1295.0,2,776.0,0.0,0.0,0.0,0.0,0.0,29
2023-05-09 21:02:32,ag2312C5200,ag2312C5200,776.0,0.0,0.0,0.0,1,339.5,1293.5,1,776.0,0.0,0.0,0.0,0.0,0.0,29
2023-05-09 21:02:32,ag2312C5200,ag2312C5200,776.0,0.0,0.0,0.0,1,339.5,1293.5,1,776.0,0.0,0.0,0.0,0.0,0.0,29
2023-05-09 21:02:33,ag2312C5200,ag2312C5200,776.0,0.0,0.0,0.0,2,340.0,1293.0,2,776.0,0.0,0.0,0.0,0.0,0.0,29
2023-05-09 21:02:33,ag2312C5200,ag2312C5200,776.0,0.0,0.0,0.0,2,340.0,1293.0,2,776.0,0.0,0.0,0.0,0.0,0.0,29
2023-05-09 21:02:46,ag2312C5200,ag2312C5200,776.0,0.0,0.0,0.0,1,341.5,1291.5,1,776.0,0.0,0.0,0.0,0.0,0.0,29
2023-05-09 21:02:47,ag2312C5200,ag2312C5200,776.0,0.0,0.0,0.0,1,341.5,1291.5,1,776.0,0.0,0.0,0.0,0.0,0.0,29
2023-05-09 21:02:47,ag2312C5200,ag2312C5200,776.0,0.0,0.0,0.0,2,342.0,1291.0,2,776.0,0.0,0.0,0.0,0.0,0.0,29
2023-05-09 21:02:48,ag2312C5200,ag2312C5200,776.0,0.0,0.0,0.0,2,342.0,1291.0,2,776.0,0.0,0.0,0.0,0.0,0.0,29
2023-05-09 21:03:01,ag2312C5200,ag2312C5200,776.0,0.0,0.0,0.0,1,343.5,1289.5,1,776.0,0.0,0.0,0.0,0.0,0.0,29
2023-05-09 21:03:01,ag2312C5200,ag2312C5200,776.0,0.0,0.0,0.0,1,343.5,1289.5,1,776.0,0.0,0.0,0.0,0.0,0.0,29
2023-05-09 21:03:02,ag2312C5200,ag2312C5200,776.0,0.0,0.0,0.0,2,344.0,1289.0,2,776.0,0.0,0.0,0.0,0.0,0.0,29
2023-05-09 21:03:02,ag2312C5200,ag2312C5200,776.0,0.0,0.0,0.0,2,344.0,1289.0,2,776.0,0.0,0.0,0.0,0.0,0.0,29
2023-05-09 21:03:12,ag2312C5200,ag2312C5200,776.0,0.0,0.0,0.0,1,345.5,1287.5,1,776.0,0.0,0.0,0.0,0.0,0.0,29
2023-05-09 21:03:12,ag2312C5200,ag2312C5200,776.0,0.0,0.0,0.0,1,345.5,1287.5,1,776.0,0.0,0.0,0.0,0.0,0.0,29
2023-05-09 21:03:13,ag2312C5200,ag2312C5200,776.0,0.0,0.0,0.0,2,346.0,1287.0,2,776.0,0.0,0.0,0.0,0.0,0.0,29
2023-05-09 21:03:14,ag2312C5200,ag2312C5200,776.0,0.0,0.0,0.0,2,346.0,1287.0,2,776.0,0.0,0.0,0.0,0.0,0.0,29
2023-05-09 21:03:15,ag2312C5200,ag2312C5200,776.0,0.0,0.0,0.0,1,347.5,1287.0,2,776.0,0.0,0.0,0.0,0.0,0.0,29
2023-05-09 21:03:16,ag2312C5200,ag2312C5200,776.0,0.0,0.0,0.0,1,347.5,1287.0,2,776.0,0.0,0.0,0.0,0.0,0.0,29
2023-05-09 21:03:16,ag2312C5200,ag2312C5200,776.0,0.0,0.0,0.0,2,348.0,1287.0,2,776.0,0.0,0.0,0.0,0.0,0.0,29
2023-05-09 21:03:17,ag2312C5200,ag2312C5200,776.0,0.0,0.0,0.0,2,348.0,1287.0,2,776.0,0.0,0.0,0.0,0.0,0.0,29
2023-05-09 21:03:20,ag2312C5200,ag2312C5200,776.0,0.0,0.0,0.0,1,349.5,1285.5,1,776.0,0.0,0.0,0.0,0.0,0.0,29
2023-05-09 21:03:21,ag2312C5200,ag2312C5200,776.0,0.0,0.0,0.0,1,349.5,1285.5,1,776.0,0.0,0.0,0.0,0.0,0.0,29
2023-05-09 21:03:21,ag2312C5200,ag2312C5200,776.0,0.0,0.0,0.0,2,350.0,1285.0,2,776.0,0.0,0.0,0.0,0.0,0.0,29
2023-05-09 21:03:22,ag2312C5200,ag2312C5200,776.0,0.0,0.0,0.0,2,350.0,1285.0,2,776.0,0.0,0.0,0.0,0.0,0.0,29
2023-05-09 21:03:22,ag2312C5200,ag2312C5200,776.0,0.0,0.0,0.0,1,351.5,1285.0,2,776.0,0.0,0.0,0.0,0.0,0.0,29
2023-05-09 21:03:23,ag2312C5200,ag2312C5200,776.0,0.0,0.0,0.0,1,351.5,1285.0,2,776.0,0.0,0.0,0.0,0.0,0.0,29
2023-05-09 21:03:23,ag2312C5200,ag2312C5200,776.0,0.0,0.0,0.0,2,352.0,1285.0,2,776.0,0.0,0.0,0.0,0.0,0.0,29
2023-05-09 21:03:24,ag2312C5200,ag2312C5200,776.0,0.0,0.0,0.0,2,352.0,1285.0,2,776.0,0.0,0.0,0.0,0.0,0.0,29
2023-05-09 21:03:28,ag2312C5200,ag2312C5200,776.0,0.0,0.0,0.0,1,353.5,1283.5,1,776.0,0.0,0.0,0.0,0.0,0.0,29
2023-05-09 21:03:28,ag2312C5200,ag2312C5200,776.0,0.0,0.0,0.0,1,353.5,1283.5,1,776.0,0.0,0.0,0.0,0.0,0.0,29
2023-05-09 21:03:29,ag2312C5200,ag2312C5200,776.0,0.0,0.0,0.0,2,354.0,1283.0,2,776.0,0.0,0.0,0.0,0.0,0.0,29
2023-05-09 21:03:29,ag2312C5200,ag2312C5200,776.0,0.0,0.0,0.0,2,354.0,1283.0,2,776.0,0.0,0.0,0.0,0.0,0.0,29
2023-05-09 21:03:30,ag2312C5200,ag2312C5200,776.0,0.0,0.0,0.0,1,355.5,1281.5,1,776.0,0.0,0.0,0.0,0.0,0.0,29
2023-05-09 21:03:30,ag2312C5200,ag2312C5200,776.0,0.0,0.0,0.0,1,355.5,1281.5,1,776.0,0.0,0.0,0.0,0.0,0.0,29
2023-05-09 21:03:31,ag2312C5200,ag2312C5200,776.0,0.0,0.0,0.0,2,356.0,1281.0,2,776.0,0.0,0.0,0.0,0.0,0.0,29
2023-05-09 21:03:31,ag2312C5200,ag2312C5200,776.0,0.0,0.0,0.0,2,356.0,1281.0,2,776.0,0.0,0.0,0.0,0.0,0.0,29
2023-05-09 21:03:43,ag2312C5200,ag2312C5200,776.0,0.0,0.0,0.0,1,357.5,1279.5,1,776.0,0.0,0.0,0.0,0.0,0.0,29
2023-05-09 21:03:43,ag2312C5200,ag2312C5200,776.0,0.0,0.0,0.0,1,357.5,1279.5,1,776.0,0.0,0.0,0.0,0.0,0.0,29
2023-05-09 21:03:44,ag2312C5200,ag2312C5200,776.0,0.0,0.0,0.0,2,358.0,1279.0,2,776.0,0.0,0.0,0.0,0.0,0.0,29
2023-05-09 21:03:44,ag2312C5200,ag2312C5200,776.0,0.0,0.0,0.0,2,358.0,1279.0,2,776.0,0.0,0.0,0.0,0.0,0.0,29
2023-05-09 21:03:47,ag2312C5200,ag2312C5200,776.0,0.0,0.0,0.0,1,359.5,1277.5,1,776.0,0.0,0.0,0.0,0.0,0.0,29
2023-05-09 21:03:47,ag2312C5200,ag2312C5200,776.0,0.0,0.0,0.0,1,359.5,1277.5,1,776.0,0.0,0.0,0.0,0.0,0.0,29
2023-05-09 21:03:48,ag2312C5200,ag2312C5200,776.0,0.0,0.0,0.0,2,360.0,1277.0,2,776.0,0.0,0.0,0.0,0.0,0.0,29
2023-05-09 21:03:48,ag2312C5200,ag2312C5200,776.0,0.0,0.0,0.0,2,360.0,1277.0,2,776.0,0.0,0.0,0.0,0.0,0.0,29
2023-05-09 21:03:50,ag2312C5200,ag2312C5200,776.0,0.0,0.0,0.0,1,361.5,1275.5,1,776.0,0.0,0.0,0.0,0.0,0.0,29
2023-05-09 21:03:50,ag2312C5200,ag2312C5200,776.0,0.0,0.0,0.0,1,361.5,1275.5,1,776.0,0.0,0.0,0.0,0.0,0.0,29
2023-05-09 21:03:51,ag2312C5200,ag2312C5200,776.0,0.0,0.0,0.0,2,362.0,1275.0,2,776.0,0.0,0.0,0.0,0.0,0.0,29
2023-05-09 21:03:51,ag2312C5200,ag2312C5200,776.0,0.0,0.0,0.0,2,362.0,1275.0,2,776.0,0.0,0.0,0.0,0.0,0.0,29
2023-05-09 21:03:52,ag2312C5200,ag2312C5200,776.0,0.0,0.0,0.0,1,363.5,1273.5,1,776.0,0.0,0.0,0.0,0.0,0.0,29
2023-05-09 21:03:52,ag2312C5200,ag2312C5200,776.0,0.0,0.0,0.0,1,363.5,1273.5,1,776.0,0.0,0.0,0.0,0.0,0.0,29
2023-05-09 21:03:53,ag2312C5200,ag2312C5200,776.0,0.0,0.0,0.0,2,364.0,1273.0,2,776.0,0.0,0.0,0.0,0.0,0.0,29
2023-05-09 21:03:53,ag2312C5200,ag2312C5200,776.0,0.0,0.0,0.0,2,364.0,1273.0,2,776.0,0.0,0.0,0.0,0.0,0.0,29
2023-05-09 21:03:54,ag2312C5200,ag2312C5200,776.0,0.0,0.0,0.0,1,365.5,1271.5,1,776.0,0.0,0.0,0.0,0.0,0.0,29
2023-05-09 21:03:54,ag2312C5200,ag2312C5200,776.0,0.0,0.0,0.0,1,365.5,1271.5,1,776.0,0.0,0.0,0.0,0.0,0.0,29
2023-05-09 21:03:55,ag2312C5200,ag2312C5200,776.0,0.0,0.0,0.0,2,366.0,1271.0,2,776.0,0.0,0.0,0.0,0.0,0.0,29
2023-05-09 21:03:55,ag2312C5200,ag2312C5200,776.0,0.0,0.0,0.0,1,367.5,1269.5,1,776.0,0.0,0.0,0.0,0.0,0.0,29
2023-05-09 21:03:56,ag2312C5200,ag2312C5200,776.0,0.0,0.0,0.0,1,367.5,1269.5,1,776.0,0.0,0.0,0.0,0.0,0.0,29
2023-05-09 21:03:56,ag2312C5200,ag2312C5200,776.0,0.0,0.0,0.0,2,368.0,1269.0,2,776.0,0.0,0.0,0.0,0.0,0.0,29
2023-05-09 21:03:57,ag2312C5200,ag2312C5200,776.0,0.0,0.0,0.0,2,368.0,1269.0,2,776.0,0.0,0.0,0.0,0.0,0.0,29
2023-05-09 21:03:57,ag2312C5200,ag2312C5200,776.0,0.0,0.0,0.0,1,369.5,1267.5,1,776.0,0.0,0.0,0.0,0.0,0.0,29
2023-05-09 21:03:58,ag2312C5200,ag2312C5200,776.0,0.0,0.0,0.0,1,369.5,1267.5,1,776.0,0.0,0.0,0.0,0.0,0.0,29
2023-05-09 21:03:58,ag2312C5200,ag2312C5200,776.0,0.0,0.0,0.0,2,370.0,1267.0,2,776.0,0.0,0.0,0.0,0.0,0.0,29
2023-05-09 21:03:59,ag2312C5200,ag2312C5200,776.0,0.0,0.0,0.0,2,370.0,1267.0,2,776.0,0.0,0.0,0.0,0.0,0.0,29
2023-05-09 21:03:59,ag2312C5200,ag2312C5200,776.0,0.0,0.0,0.0,1,371.5,1265.5,1,776.0,0.0,0.0,0.0,0.0,0.0,29
2023-05-09 21:04:00,ag2312C5200,ag2312C5200,776.0,0.0,0.0,0.0,1,371.5,1265.5,1,776.0,0.0,0.0,0.0,0.0,0.0,29
2023-05-09 21:04:00,ag2312C5200,ag2312C5200,776.0,0.0,0.0,0.0,2,372.0,1265.0,2,776.0,0.0,0.0,0.0,0.0,0.0,29
2023-05-09 21:04:01,ag2312C5200,ag2312C5200,776.0,0.0,0.0,0.0,2,372.0,1265.0,2,776.0,0.0,0.0,0.0,0.0,0.0,29
2023-05-09 21:04:10,ag2312C5200,ag2312C5200,776.0,0.0,0.0,0.0,1,373.5,1263.5,1,776.0,0.0,0.0,0.0,0.0,0.0,29
2023-05-09 21:04:10,ag2312C5200,ag2312C5200,776.0,0.0,0.0,0.0,1,373.5,1263.5,1,776.0,0.0,0.0,0.0,0.0,0.0,29
2023-05-09 21:04:11,ag2312C5200,ag2312C5200,776.0,0.0,0.0,0.0,2,374.0,1263.0,2,776.0,0.0,0.0,0.0,0.0,0.0,29
2023-05-09 21:04:11,ag2312C5200,ag2312C5200,776.0,0.0,0.0,0.0,2,374.0,1263.0,2,776.0,0.0,0.0,0.0,0.0,0.0,29
2023-05-09 21:04:12,ag2312C5200,ag2312C5200,776.0,0.0,0.0,0.0,1,375.5,1261.5,1,776.0,0.0,0.0,0.0,0.0,0.0,29
2023-05-09 21:04:12,ag2312C5200,ag2312C5200,776.0,0.0,0.0,0.0,1,375.5,1261.5,1,776.0,0.0,0.0,0.0,0.0,0.0,29
2023-05-09 21:04:13,ag2312C5200,ag2312C5200,776.0,0.0,0.0,0.0,2,376.0,1261.0,2,776.0,0.0,0.0,0.0,0.0,0.0,29
2023-05-09 21:04:13,ag2312C5200,ag2312C5200,776.0,0.0,0.0,0.0,2,376.0,1261.0,2,776.0,0.0,0.0,0.0,0.0,0.0,29
2023-05-09 21:04:14,ag2312C5200,ag2312C5200,776.0,0.0,0.0,0.0,1,377.5,1261.0,2,776.0,0.0,0.0,0.0,0.0,0.0,29
2023-05-09 21:04:14,ag2312C5200,ag2312C5200,776.0,0.0,0.0,0.0,1,377.5,1261.0,2,776.0,0.0,0.0,0.0,0.0,0.0,29
2023-05-09 21:04:15,ag2312C5200,ag2312C5200,776.0,0.0,0.0,0.0,2,378.0,1261.0,2,776.0,0.0,0.0,0.0,0.0,0.0,29
2023-05-09 21:04:16,ag2312C5200,ag2312C5200,776.0,0.0,0.0,0.0,2,378.0,1261.0,2,776.0,0.0,0.0,0.0,0.0,0.0,29
2023-05-09 21:04:16,ag2312C5200,ag2312C5200,776.0,0.0,0.0,0.0,1,379.5,1259.5,1,776.0,0.0,0.0,0.0,0.0,0.0,29
2023-05-09 21:04:17,ag2312C5200,ag2312C5200,776.0,0.0,0.0,0.0,1,379.5,1259.5,1,776.0,0.0,0.0,0.0,0.0,0.0,29
2023-05-09 21:04:17,ag2312C5200,ag2312C5200,776.0,0.0,0.0,0.0,2,380.0,1259.0,2,776.0,0.0,0.0,0.0,0.0,0.0,29
2023-05-09 21:04:18,ag2312C5200,ag2312C5200,776.0,0.0,0.0,0.0,2,380.0,1259.0,2,776.0,0.0,0.0,0.0,0.0,0.0,29
2023-05-09 21:04:23,ag2312C5200,ag2312C5200,776.0,0.0,0.0,0.0,1,381.5,1257.5,1,776.0,0.0,0.0,0.0,0.0,0.0,29
2023-05-09 21:04:23,ag2312C5200,ag2312C5200,776.0,0.0,0.0,0.0,1,381.5,1257.5,1,776.0,0.0,0.0,0.0,0.0,0.0,29
2023-05-09 21:04:24,ag2312C5200,ag2312C5200,776.0,0.0,0.0,0.0,2,382.0,1257.0,2,776.0,0.0,0.0,0.0,0.0,0.0,29
2023-05-09 21:04:24,ag2312C5200,ag2312C5200,776.0,0.0,0.0,0.0,2,382.0,1257.0,2,776.0,0.0,0.0,0.0,0.0,0.0,29
2023-05-09 21:04:25,ag2312C5200,ag2312C5200,776.0,0.0,0.0,0.0,1,383.5,1255.5,1,776.0,0.0,0.0,0.0,0.0,0.0,29
2023-05-09 21:04:25,ag2312C5200,ag2312C5200,776.0,0.0,0.0,0.0,1,383.5,1255.5,1,776.0,0.0,0.0,0.0,0.0,0.0,29
2023-05-09 21:04:26,ag2312C5200,ag2312C5200,776.0,0.0,0.0,0.0,2,384.0,1255.0,2,776.0,0.0,0.0,0.0,0.0,0.0,29
2023-05-09 21:04:26,ag2312C5200,ag2312C5200,776.0,0.0,0.0,0.0,2,384.0,1255.0,2,776.0,0.0,0.0,0.0,0.0,0.0,29
2023-05-09 21:04:27,ag2312C5200,ag2312C5200,776.0,0.0,0.0,0.0,1,385.5,1253.5,1,776.0,0.0,0.0,0.0,0.0,0.0,29
2023-05-09 21:04:27,ag2312C5200,ag2312C5200,776.0,0.0,0.0,0.0,1,385.5,1253.5,1,776.0,0.0,0.0,0.0,0.0,0.0,29
2023-05-09 21:04:28,ag2312C5200,ag2312C5200,776.0,0.0,0.0,0.0,2,386.0,1253.0,2,776.0,0.0,0.0,0.0,0.0,0.0,29
2023-05-09 21:04:28,ag2312C5200,ag2312C5200,776.0,0.0,0.0,0.0,2,386.0,1253.0,2,776.0,0.0,0.0,0.0,0.0,0.0,29
2023-05-09 21:04:29,ag2312C5200,ag2312C5200,776.0,0.0,0.0,0.0,1,387.5,1251.5,1,776.0,0.0,0.0,0.0,0.0,0.0,29
2023-05-09 21:04:29,ag2312C5200,ag2312C5200,776.0,0.0,0.0,0.0,1,387.5,1251.5,1,776.0,0.0,0.0,0.0,0.0,0.0,29
2023-05-09 21:04:30,ag2312C5200,ag2312C5200,776.0,0.0,0.0,0.0,2,388.0,1251.0,2,776.0,0.0,0.0,0.0,0.0,0.0,29
2023-05-09 21:04:30,ag2312C5200,ag2312C5200,776.0,0.0,0.0,0.0,2,388.0,1251.0,2,776.0,0.0,0.0,0.0,0.0,0.0,29
2023-05-09 21:04:31,ag2312C5200,ag2312C5200,776.0,0.0,0.0,0.0,2,388.0,1251.0,2,776.0,0.0,0.0,0.0,0.0,0.0,29
2023-05-09 21:04:31,ag2312C5200,ag2312C5200,776.0,0.0,0.0,0.0,1,389.5,1249.5,1,776.0,0.0,0.0,0.0,0.0,0.0,29
2023-05-09 21:04:32,ag2312C5200,ag2312C5200,776.0,0.0,0.0,0.0,1,389.5,1249.5,1,776.0,0.0,0.0,0.0,0.0,0.0,29
2023-05-09 21:04:32,ag2312C5200,ag2312C5200,776.0,0.0,0.0,0.0,2,390.0,1249.0,2,776.0,0.0,0.0,0.0,0.0,0.0,29
2023-05-09 21:04:33,ag2312C5200,ag2312C5200,776.0,0.0,0.0,0.0,2,390.0,1249.0,2,776.0,0.0,0.0,0.0,0.0,0.0,29
2023-05-09 21:04:39,ag2312C5200,ag2312C5200,776.0,0.0,0.0,0.0,1,391.5,1247.5,1,776.0,0.0,0.0,0.0,0.0,0.0,29
2023-05-09 21:04:40,ag2312C5200,ag2312C5200,776.0,0.0,0.0,0.0,1,391.5,1247.5,1,776.0,0.0,0.0,0.0,0.0,0.0,29
2023-05-09 21:04:40,ag2312C5200,ag2312C5200,776.0,0.0,0.0,0.0,2,392.0,1247.0,2,776.0,0.0,0.0,0.0,0.0,0.0,29
2023-05-09 21:04:41,ag2312C5200,ag2312C5200,776.0,0.0,0.0,0.0,1,393.5,1245.5,1,776.0,0.0,0.0,0.0,0.0,0.0,29
2023-05-09 21:04:41,ag2312C5200,ag2312C5200,776.0,0.0,0.0,0.0,1,393.5,1245.5,1,776.0,0.0,0.0,0.0,0.0,0.0,29
2023-05-09 21:04:42,ag2312C5200,ag2312C5200,776.0,0.0,0.0,0.0,2,394.0,1245.0,2,776.0,0.0,0.0,0.0,0.0,0.0,29
2023-05-09 21:04:42,ag2312C5200,ag2312C5200,776.0,0.0,0.0,0.0,2,394.0,1245.0,2,776.0,0.0,0.0,0.0,0.0,0.0,29
2023-05-09 21:04:51,ag2312C5200,ag2312C5200,776.0,0.0,0.0,0.0,1,395.5,1245.0,2,776.0,0.0,0.0,0.0,0.0,0.0,29
2023-05-09 21:04:52,ag2312C5200,ag2312C5200,776.0,0.0,0.0,0.0,1,395.5,1243.5,1,776.0,0.0,0.0,0.0,0.0,0.0,29
2023-05-09 21:04:52,ag2312C5200,ag2312C5200,776.0,0.0,0.0,0.0,2,396.0,1243.5,1,776.0,0.0,0.0,0.0,0.0,0.0,29
2023-05-09 21:04:53,ag2312C5200,ag2312C5200,776.0,0.0,0.0,0.0,1,397.5,1243.0,2,776.0,0.0,0.0,0.0,0.0,0.0,29
2023-05-09 21:04:53,ag2312C5200,ag2312C5200,776.0,0.0,0.0,0.0,1,397.5,1243.0,2,776.0,0.0,0.0,0.0,0.0,0.0,29
2023-05-09 21:04:54,ag2312C5200,ag2312C5200,776.0,0.0,0.0,0.0,2,398.0,1243.0,2,776.0,0.0,0.0,0.0,0.0,0.0,29
2023-05-09 21:04:54,ag2312C5200,ag2312C5200,776.0,0.0,0.0,0.0,2,398.0,1243.0,2,776.0,0.0,0.0,0.0,0.0,0.0,29
2023-05-09 21:04:55,ag2312C5200,ag2312C5200,776.0,0.0,0.0,0.0,1,399.5,1241.5,1,776.0,0.0,0.0,0.0,0.0,0.0,29
2023-05-09 21:04:55,ag2312C5200,ag2312C5200,776.0,0.0,0.0,0.0,1,399.5,1241.5,1,776.0,0.0,0.0,0.0,0.0,0.0,29
2023-05-09 21:04:56,ag2312C5200,ag2312C5200,776.0,0.0,0.0,0.0,2,400.0,1241.0,2,776.0,0.0,0.0,0.0,0.0,0.0,29
2023-05-09 21:04:56,ag2312C5200,ag2312C5200,776.0,0.0,0.0,0.0,2,400.0,1241.0,2,776.0,0.0,0.0,0.0,0.0,0.0,29
2023-05-09 21:05:04,ag2312C5200,ag2312C5200,776.0,0.0,0.0,0.0,1,401.5,1239.5,1,776.0,0.0,0.0,0.0,0.0,0.0,29
2023-05-09 21:05:05,ag2312C5200,ag2312C5200,776.0,0.0,0.0,0.0,1,401.5,1239.5,1,776.0,0.0,0.0,0.0,0.0,0.0,29
2023-05-09 21:05:05,ag2312C5200,ag2312C5200,776.0,0.0,0.0,0.0,2,402.0,1239.0,2,776.0,0.0,0.0,0.0,0.0,0.0,29
2023-05-09 21:05:06,ag2312C5200,ag2312C5200,776.0,0.0,0.0,0.0,1,403.5,1237.5,1,776.0,0.0,0.0,0.0,0.0,0.0,29
2023-05-09 21:05:06,ag2312C5200,ag2312C5200,776.0,0.0,0.0,0.0,1,403.5,1237.5,1,776.0,0.0,0.0,0.0,0.0,0.0,29
2023-05-09 21:05:07,ag2312C5200,ag2312C5200,776.0,0.0,0.0,0.0,2,404.0,1237.0,2,776.0,0.0,0.0,0.0,0.0,0.0,29
2023-05-09 21:05:07,ag2312C5200,ag2312C5200,776.0,0.0,0.0,0.0,2,404.0,1237.0,2,776.0,0.0,0.0,0.0,0.0,0.0,29
2023-05-09 21:05:18,ag2312C5200,ag2312C5200,776.0,0.0,0.0,0.0,1,405.5,1235.5,1,776.0,0.0,0.0,0.0,0.0,0.0,29
2023-05-09 21:05:18,ag2312C5200,ag2312C5200,776.0,0.0,0.0,0.0,1,405.5,1235.5,1,776.0,0.0,0.0,0.0,0.0,0.0,29
2023-05-09 21:05:19,ag2312C5200,ag2312C5200,776.0,0.0,0.0,0.0,2,406.0,1235.0,2,776.0,0.0,0.0,0.0,0.0,0.0,29
2023-05-09 21:05:19,ag2312C5200,ag2312C5200,776.0,0.0,0.0,0.0,2,406.0,1235.0,2,776.0,0.0,0.0,0.0,0.0,0.0,29
2023-05-09 21:05:22,ag2312C5200,ag2312C5200,776.0,0.0,0.0,0.0,1,407.5,1233.5,1,776.0,0.0,0.0,0.0,0.0,0.0,29
2023-05-09 21:05:22,ag2312C5200,ag2312C5200,776.0,0.0,0.0,0.0,1,407.5,1233.5,1,776.0,0.0,0.0,0.0,0.0,0.0,29
2023-05-09 21:05:23,ag2312C5200,ag2312C5200,776.0,0.0,0.0,0.0,2,408.0,1233.0,2,776.0,0.0,0.0,0.0,0.0,0.0,29
2023-05-09 21:05:23,ag2312C5200,ag2312C5200,776.0,0.0,0.0,0.0,2,408.0,1233.0,2,776.0,0.0,0.0,0.0,0.0,0.0,29
2023-05-09 21:05:31,ag2312C5200,ag2312C5200,776.0,0.0,0.0,0.0,1,409.5,1231.5,1,776.0,0.0,0.0,0.0,0.0,0.0,29
2023-05-09 21:05:32,ag2312C5200,ag2312C5200,776.0,0.0,0.0,0.0,1,409.5,1231.5,1,776.0,0.0,0.0,0.0,0.0,0.0,29
2023-05-09 21:05:32,ag2312C5200,ag2312C5200,776.0,0.0,0.0,0.0,2,410.0,1231.0,2,776.0,0.0,0.0,0.0,0.0,0.0,29
2023-05-09 21:05:33,ag2312C5200,ag2312C5200,776.0,0.0,0.0,0.0,2,410.0,1231.0,2,776.0,0.0,0.0,0.0,0.0,0.0,29
2023-05-09 21:05:36,ag2312C5200,ag2312C5200,776.0,0.0,0.0,0.0,1,411.5,1229.5,1,776.0,0.0,0.0,0.0,0.0,0.0,29
2023-05-09 21:05:37,ag2312C5200,ag2312C5200,776.0,0.0,0.0,0.0,1,411.5,1229.5,1,776.0,0.0,0.0,0.0,0.0,0.0,29
2023-05-09 21:05:37,ag2312C5200,ag2312C5200,776.0,0.0,0.0,0.0,2,412.0,1229.0,2,776.0,0.0,0.0,0.0,0.0,0.0,29
2023-05-09 21:05:38,ag2312C5200,ag2312C5200,776.0,0.0,0.0,0.0,2,412.0,1229.0,2,776.0,0.0,0.0,0.0,0.0,0.0,29
2023-05-09 21:05:38,ag2312C5200,ag2312C5200,776.0,0.0,0.0,0.0,1,413.5,1227.5,1,776.0,0.0,0.0,0.0,0.0,0.0,29
2023-05-09 21:05:39,ag2312C5200,ag2312C5200,776.0,0.0,0.0,0.0,1,413.5,1227.5,1,776.0,0.0,0.0,0.0,0.0,0.0,29
2023-05-09 21:05:39,ag2312C5200,ag2312C5200,776.0,0.0,0.0,0.0,2,414.0,1227.0,2,776.0,0.0,0.0,0.0,0.0,0.0,29
2023-05-09 21:05:40,ag2312C5200,ag2312C5200,776.0,0.0,0.0,0.0,2,414.0,1227.0,2,776.0,0.0,0.0,0.0,0.0,0.0,29
2023-05-09 21:05:45,ag2312C5200,ag2312C5200,776.0,0.0,0.0,0.0,1,415.5,1225.5,1,776.0,0.0,0.0,0.0,0.0,0.0,29
2023-05-09 21:05:46,ag2312C5200,ag2312C5200,776.0,0.0,0.0,0.0,1,415.5,1225.5,1,776.0,0.0,0.0,0.0,0.0,0.0,29
2023-05-09 21:05:46,ag2312C5200,ag2312C5200,776.0,0.0,0.0,0.0,2,416.0,1225.0,2,776.0,0.0,0.0,0.0,0.0,0.0,29
2023-05-09 21:05:47,ag2312C5200,ag2312C5200,776.0,0.0,0.0,0.0,2,416.0,1225.0,2,776.0,0.0,0.0,0.0,0.0,0.0,29
2023-05-09 21:05:47,ag2312C5200,ag2312C5200,776.0,0.0,0.0,0.0,1,417.5,1223.5,1,776.0,0.0,0.0,0.0,0.0,0.0,29
2023-05-09 21:05:48,ag2312C5200,ag2312C5200,776.0,0.0,0.0,0.0,1,417.5,1223.5,1,776.0,0.0,0.0,0.0,0.0,0.0,29
2023-05-09 21:05:48,ag2312C5200,ag2312C5200,776.0,0.0,0.0,0.0,2,418.0,1223.0,2,776.0,0.0,0.0,0.0,0.0,0.0,29
2023-05-09 21:05:49,ag2312C5200,ag2312C5200,776.0,0.0,0.0,0.0,2,418.0,1223.0,2,776.0,0.0,0.0,0.0,0.0,0.0,29
2023-05-09 21:05:49,ag2312C5200,ag2312C5200,776.0,0.0,0.0,0.0,1,419.5,1221.5,1,776.0,0.0,0.0,0.0,0.0,0.0,29
2023-05-09 21:05:50,ag2312C5200,ag2312C5200,776.0,0.0,0.0,0.0,1,419.5,1221.5,1,776.0,0.0,0.0,0.0,0.0,0.0,29
2023-05-09 21:05:50,ag2312C5200,ag2312C5200,776.0,0.0,0.0,0.0,2,420.0,1221.0,2,776.0,0.0,0.0,0.0,0.0,0.0,29
2023-05-09 21:05:51,ag2312C5200,ag2312C5200,776.0,0.0,0.0,0.0,2,420.0,1221.0,2,776.0,0.0,0.0,0.0,0.0,0.0,29
2023-05-09 21:05:51,ag2312C5200,ag2312C5200,776.0,0.0,0.0,0.0,1,421.5,1219.5,1,776.0,0.0,0.0,0.0,0.0,0.0,29
2023-05-09 21:05:52,ag2312C5200,ag2312C5200,776.0,0.0,0.0,0.0,1,421.5,1219.5,1,776.0,0.0,0.0,0.0,0.0,0.0,29
2023-05-09 21:05:52,ag2312C5200,ag2312C5200,776.0,0.0,0.0,0.0,2,422.0,1219.0,2,776.0,0.0,0.0,0.0,0.0,0.0,29
2023-05-09 21:05:53,ag2312C5200,ag2312C5200,776.0,0.0,0.0,0.0,1,423.5,1217.5,1,776.0,0.0,0.0,0.0,0.0,0.0,29
2023-05-09 21:05:53,ag2312C5200,ag2312C5200,776.0,0.0,0.0,0.0,1,423.5,1217.5,1,776.0,0.0,0.0,0.0,0.0,0.0,29
2023-05-09 21:05:54,ag2312C5200,ag2312C5200,776.0,0.0,0.0,0.0,2,424.0,1217.0,2,776.0,0.0,0.0,0.0,0.0,0.0,29
2023-05-09 21:05:54,ag2312C5200,ag2312C5200,776.0,0.0,0.0,0.0,2,424.0,1217.0,2,776.0,0.0,0.0,0.0,0.0,0.0,29
2023-05-09 21:05:55,ag2312C5200,ag2312C5200,776.0,0.0,0.0,0.0,1,425.5,1215.5,1,776.0,0.0,0.0,0.0,0.0,0.0,29
2023-05-09 21:05:55,ag2312C5200,ag2312C5200,776.0,0.0,0.0,0.0,1,425.5,1215.5,1,776.0,0.0,0.0,0.0,0.0,0.0,29
2023-05-09 21:05:56,ag2312C5200,ag2312C5200,776.0,0.0,0.0,0.0,2,426.0,1215.0,2,776.0,0.0,0.0,0.0,0.0,0.0,29
2023-05-09 21:05:56,ag2312C5200,ag2312C5200,776.0,0.0,0.0,0.0,2,426.0,1215.0,2,776.0,0.0,0.0,0.0,0.0,0.0,29
2023-05-09 21:05:57,ag2312C5200,ag2312C5200,776.0,0.0,0.0,0.0,1,427.5,1213.5,1,776.0,0.0,0.0,0.0,0.0,0.0,29
2023-05-09 21:05:57,ag2312C5200,ag2312C5200,776.0,0.0,0.0,0.0,1,427.5,1213.5,1,776.0,0.0,0.0,0.0,0.0,0.0,29
2023-05-09 21:05:58,ag2312C5200,ag2312C5200,776.0,0.0,0.0,0.0,2,428.0,1213.0,2,776.0,0.0,0.0,0.0,0.0,0.0,29
2023-05-09 21:05:58,ag2312C5200,ag2312C5200,776.0,0.0,0.0,0.0,2,428.0,1213.0,2,776.0,0.0,0.0,0.0,0.0,0.0,29
2023-05-09 21:06:09,ag2312C5200,ag2312C5200,776.0,0.0,0.0,0.0,1,429.5,1213.0,2,776.0,0.0,0.0,0.0,0.0,0.0,29
2023-05-09 21:06:10,ag2312C5200,ag2312C5200,776.0,0.0,0.0,0.0,1,429.5,1211.5,1,776.0,0.0,0.0,0.0,0.0,0.0,29
2023-05-09 21:06:10,ag2312C5200,ag2312C5200,776.0,0.0,0.0,0.0,2,430.0,1211.5,1,776.0,0.0,0.0,0.0,0.0,0.0,29
2023-05-09 21:06:11,ag2312C5200,ag2312C5200,776.0,0.0,0.0,0.0,2,430.0,1211.0,2,776.0,0.0,0.0,0.0,0.0,0.0,29
2023-05-09 21:06:11,ag2312C5200,ag2312C5200,776.0,0.0,0.0,0.0,1,431.5,1209.5,1,776.0,0.0,0.0,0.0,0.0,0.0,29
2023-05-09 21:06:12,ag2312C5200,ag2312C5200,776.0,0.0,0.0,0.0,1,431.5,1209.5,1,776.0,0.0,0.0,0.0,0.0,0.0,29
2023-05-09 21:06:12,ag2312C5200,ag2312C5200,776.0,0.0,0.0,0.0,2,432.0,1209.0,2,776.0,0.0,0.0,0.0,0.0,0.0,29
2023-05-09 21:06:13,ag2312C5200,ag2312C5200,776.0,0.0,0.0,0.0,2,432.0,1209.0,2,776.0,0.0,0.0,0.0,0.0,0.0,29
2023-05-09 21:06:25,ag2312C5200,ag2312C5200,776.0,0.0,0.0,0.0,1,433.5,1207.5,1,776.0,0.0,0.0,0.0,0.0,0.0,29
2023-05-09 21:06:26,ag2312C5200,ag2312C5200,776.0,0.0,0.0,0.0,1,433.5,1207.5,1,776.0,0.0,0.0,0.0,0.0,0.0,29
2023-05-09 21:06:26,ag2312C5200,ag2312C5200,776.0,0.0,0.0,0.0,2,434.0,1207.0,2,776.0,0.0,0.0,0.0,0.0,0.0,29
2023-05-09 21:06:27,ag2312C5200,ag2312C5200,776.0,0.0,0.0,0.0,2,434.0,1207.0,2,776.0,0.0,0.0,0.0,0.0,0.0,29
2023-05-09 21:06:27,ag2312C5200,ag2312C5200,776.0,0.0,0.0,0.0,1,435.5,1205.5,1,776.0,0.0,0.0,0.0,0.0,0.0,29
2023-05-09 21:06:28,ag2312C5200,ag2312C5200,776.0,0.0,0.0,0.0,1,435.5,1205.5,1,776.0,0.0,0.0,0.0,0.0,0.0,29
2023-05-09 21:06:28,ag2312C5200,ag2312C5200,776.0,0.0,0.0,0.0,2,436.0,1205.0,2,776.0,0.0,0.0,0.0,0.0,0.0,29
2023-05-09 21:06:29,ag2312C5200,ag2312C5200,776.0,0.0,0.0,0.0,2,436.0,1205.0,2,776.0,0.0,0.0,0.0,0.0,0.0,29
2023-05-09 21:06:29,ag2312C5200,ag2312C5200,776.0,0.0,0.0,0.0,1,437.5,1203.5,1,776.0,0.0,0.0,0.0,0.0,0.0,29
2023-05-09 21:06:30,ag2312C5200,ag2312C5200,776.0,0.0,0.0,0.0,1,437.5,1203.5,1,776.0,0.0,0.0,0.0,0.0,0.0,29
2023-05-09 21:06:30,ag2312C5200,ag2312C5200,776.0,0.0,0.0,0.0,2,438.0,1203.0,2,776.0,0.0,0.0,0.0,0.0,0.0,29
2023-05-09 21:06:31,ag2312C5200,ag2312C5200,776.0,0.0,0.0,0.0,2,438.0,1203.0,2,776.0,0.0,0.0,0.0,0.0,0.0,29
2023-05-09 21:06:41,ag2312C5200,ag2312C5200,776.0,0.0,0.0,0.0,1,439.5,1201.5,1,776.0,0.0,0.0,0.0,0.0,0.0,29
2023-05-09 21:06:41,ag2312C5200,ag2312C5200,776.0,0.0,0.0,0.0,1,439.5,1201.5,1,776.0,0.0,0.0,0.0,0.0,0.0,29
2023-05-09 21:06:42,ag2312C5200,ag2312C5200,776.0,0.0,0.0,0.0,2,440.0,1201.0,2,776.0,0.0,0.0,0.0,0.0,0.0,29
2023-05-09 21:06:42,ag2312C5200,ag2312C5200,776.0,0.0,0.0,0.0,2,440.0,1201.0,2,776.0,0.0,0.0,0.0,0.0,0.0,29
2023-05-09 21:06:43,ag2312C5200,ag2312C5200,776.0,0.0,0.0,0.0,1,441.5,1199.5,1,776.0,0.0,0.0,0.0,0.0,0.0,29
2023-05-09 21:06:43,ag2312C5200,ag2312C5200,776.0,0.0,0.0,0.0,1,441.5,1199.5,1,776.0,0.0,0.0,0.0,0.0,0.0,29
2023-05-09 21:06:44,ag2312C5200,ag2312C5200,776.0,0.0,0.0,0.0,2,442.0,1199.0,2,776.0,0.0,0.0,0.0,0.0,0.0,29
2023-05-09 21:06:44,ag2312C5200,ag2312C5200,776.0,0.0,0.0,0.0,2,442.0,1199.0,2,776.0,0.0,0.0,0.0,0.0,0.0,29
2023-05-09 21:07:06,ag2312C5200,ag2312C5200,776.0,0.0,0.0,0.0,1,443.5,1197.5,1,776.0,0.0,0.0,0.0,0.0,0.0,29
2023-05-09 21:07:07,ag2312C5200,ag2312C5200,776.0,0.0,0.0,0.0,1,443.5,1197.5,1,776.0,0.0,0.0,0.0,0.0,0.0,29
2023-05-09 21:07:07,ag2312C5200,ag2312C5200,776.0,0.0,0.0,0.0,2,444.0,1197.0,2,776.0,0.0,0.0,0.0,0.0,0.0,29
2023-05-09 21:07:08,ag2312C5200,ag2312C5200,776.0,0.0,0.0,0.0,2,444.0,1197.0,2,776.0,0.0,0.0,0.0,0.0,0.0,29
2023-05-09 21:07:08,ag2312C5200,ag2312C5200,776.0,0.0,0.0,0.0,1,445.5,1195.5,1,776.0,0.0,0.0,0.0,0.0,0.0,29
2023-05-09 21:07:09,ag2312C5200,ag2312C5200,776.0,0.0,0.0,0.0,1,445.5,1195.5,1,776.0,0.0,0.0,0.0,0.0,0.0,29
2023-05-09 21:07:09,ag2312C5200,ag2312C5200,776.0,0.0,0.0,0.0,2,446.0,1195.0,2,776.0,0.0,0.0,0.0,0.0,0.0,29
2023-05-09 21:07:10,ag2312C5200,ag2312C5200,776.0,0.0,0.0,0.0,2,446.0,1195.0,2,776.0,0.0,0.0,0.0,0.0,0.0,29
2023-05-09 21:07:10,ag2312C5200,ag2312C5200,776.0,0.0,0.0,0.0,1,447.5,1193.5,1,776.0,0.0,0.0,0.0,0.0,0.0,29
2023-05-09 21:07:11,ag2312C5200,ag2312C5200,776.0,0.0,0.0,0.0,1,447.5,1193.5,1,776.0,0.0,0.0,0.0,0.0,0.0,29
2023-05-09 21:07:11,ag2312C5200,ag2312C5200,776.0,0.0,0.0,0.0,2,448.0,1193.0,2,776.0,0.0,0.0,0.0,0.0,0.0,29
2023-05-09 21:07:12,ag2312C5200,ag2312C5200,776.0,0.0,0.0,0.0,2,448.0,1193.0,2,776.0,0.0,0.0,0.0,0.0,0.0,29
2023-05-09 21:07:13,ag2312C5200,ag2312C5200,776.0,0.0,0.0,0.0,1,449.5,1193.0,2,776.0,0.0,0.0,0.0,0.0,0.0,29
2023-05-09 21:07:14,ag2312C5200,ag2312C5200,776.0,0.0,0.0,0.0,1,449.5,1191.5,1,776.0,0.0,0.0,0.0,0.0,0.0,29
2023-05-09 21:07:14,ag2312C5200,ag2312C5200,776.0,0.0,0.0,0.0,2,450.0,1191.5,1,776.0,0.0,0.0,0.0,0.0,0.0,29
2023-05-09 21:07:15,ag2312C5200,ag2312C5200,776.0,0.0,0.0,0.0,1,451.5,1191.0,2,776.0,0.0,0.0,0.0,0.0,0.0,29
2023-05-09 21:07:15,ag2312C5200,ag2312C5200,776.0,0.0,0.0,0.0,1,451.5,1191.0,2,776.0,0.0,0.0,0.0,0.0,0.0,29
2023-05-09 21:07:16,ag2312C5200,ag2312C5200,776.0,0.0,0.0,0.0,2,452.0,1189.5,1,776.0,0.0,0.0,0.0,0.0,0.0,29
2023-05-09 21:07:16,ag2312C5200,ag2312C5200,776.0,0.0,0.0,0.0,2,452.0,1189.5,1,776.0,0.0,0.0,0.0,0.0,0.0,29
2023-05-09 21:07:17,ag2312C5200,ag2312C5200,776.0,0.0,0.0,0.0,2,452.0,1189.0,2,776.0,0.0,0.0,0.0,0.0,0.0,29
2023-05-09 21:07:17,ag2312C5200,ag2312C5200,776.0,0.0,0.0,0.0,2,452.0,1189.0,2,776.0,0.0,0.0,0.0,0.0,0.0,29
2023-05-09 21:07:18,ag2312C5200,ag2312C5200,776.0,0.0,0.0,0.0,1,453.5,1187.5,1,776.0,0.0,0.0,0.0,0.0,0.0,29
2023-05-09 21:07:18,ag2312C5200,ag2312C5200,776.0,0.0,0.0,0.0,1,453.5,1187.5,1,776.0,0.0,0.0,0.0,0.0,0.0,29
2023-05-09 21:07:19,ag2312C5200,ag2312C5200,776.0,0.0,0.0,0.0,2,454.0,1187.0,2,776.0,0.0,0.0,0.0,0.0,0.0,29
2023-05-09 21:07:19,ag2312C5200,ag2312C5200,776.0,0.0,0.0,0.0,2,454.0,1187.0,2,776.0,0.0,0.0,0.0,0.0,0.0,29
2023-05-09 21:07:37,ag2312C5200,ag2312C5200,776.0,0.0,0.0,0.0,1,455.5,1185.5,1,776.0,0.0,0.0,0.0,0.0,0.0,29
2023-05-09 21:07:37,ag2312C5200,ag2312C5200,776.0,0.0,0.0,0.0,1,455.5,1185.5,1,776.0,0.0,0.0,0.0,0.0,0.0,29
2023-05-09 21:07:38,ag2312C5200,ag2312C5200,776.0,0.0,0.0,0.0,2,456.0,1185.0,2,776.0,0.0,0.0,0.0,0.0,0.0,29
2023-05-09 21:07:38,ag2312C5200,ag2312C5200,776.0,0.0,0.0,0.0,2,456.0,1185.0,2,776.0,0.0,0.0,0.0,0.0,0.0,29
2023-05-09 21:07:39,ag2312C5200,ag2312C5200,776.0,0.0,0.0,0.0,1,457.5,1183.5,1,776.0,0.0,0.0,0.0,0.0,0.0,29
2023-05-09 21:07:39,ag2312C5200,ag2312C5200,776.0,0.0,0.0,0.0,1,457.5,1183.5,1,776.0,0.0,0.0,0.0,0.0,0.0,29
2023-05-09 21:07:40,ag2312C5200,ag2312C5200,776.0,0.0,0.0,0.0,2,458.0,1183.0,2,776.0,0.0,0.0,0.0,0.0,0.0,29
2023-05-09 21:07:40,ag2312C5200,ag2312C5200,776.0,0.0,0.0,0.0,2,458.0,1183.0,2,776.0,0.0,0.0,0.0,0.0,0.0,29
2023-05-09 21:07:41,ag2312C5200,ag2312C5200,776.0,0.0,0.0,0.0,1,459.5,1181.5,1,776.0,0.0,0.0,0.0,0.0,0.0,29
2023-05-09 21:07:41,ag2312C5200,ag2312C5200,776.0,0.0,0.0,0.0,1,459.5,1181.5,1,776.0,0.0,0.0,0.0,0.0,0.0,29
2023-05-09 21:07:42,ag2312C5200,ag2312C5200,776.0,0.0,0.0,0.0,2,460.0,1181.0,2,776.0,0.0,0.0,0.0,0.0,0.0,29
2023-05-09 21:07:42,ag2312C5200,ag2312C5200,776.0,0.0,0.0,0.0,2,460.0,1181.0,2,776.0,0.0,0.0,0.0,0.0,0.0,29
2023-05-09 21:07:45,ag2312C5200,ag2312C5200,776.0,0.0,0.0,0.0,1,461.5,1179.5,1,776.0,0.0,0.0,0.0,0.0,0.0,29
2023-05-09 21:07:45,ag2312C5200,ag2312C5200,776.0,0.0,0.0,0.0,1,461.5,1179.5,1,776.0,0.0,0.0,0.0,0.0,0.0,29
2023-05-09 21:07:46,ag2312C5200,ag2312C5200,776.0,0.0,0.0,0.0,2,462.0,1179.0,2,776.0,0.0,0.0,0.0,0.0,0.0,29
2023-05-09 21:07:47,ag2312C5200,ag2312C5200,776.0,0.0,0.0,0.0,2,462.0,1179.0,2,776.0,0.0,0.0,0.0,0.0,0.0,29
2023-05-09 21:07:47,ag2312C5200,ag2312C5200,776.0,0.0,0.0,0.0,1,463.5,1177.5,1,776.0,0.0,0.0,0.0,0.0,0.0,29
2023-05-09 21:07:48,ag2312C5200,ag2312C5200,776.0,0.0,0.0,0.0,1,463.5,1177.5,1,776.0,0.0,0.0,0.0,0.0,0.0,29
2023-05-09 21:07:48,ag2312C5200,ag2312C5200,776.0,0.0,0.0,0.0,2,464.0,1177.0,2,776.0,0.0,0.0,0.0,0.0,0.0,29
2023-05-09 21:07:49,ag2312C5200,ag2312C5200,776.0,0.0,0.0,0.0,2,464.0,1177.0,2,776.0,0.0,0.0,0.0,0.0,0.0,29
2023-05-09 21:07:49,ag2312C5200,ag2312C5200,776.0,0.0,0.0,0.0,1,465.5,1175.5,1,776.0,0.0,0.0,0.0,0.0,0.0,29
2023-05-09 21:07:50,ag2312C5200,ag2312C5200,776.0,0.0,0.0,0.0,1,465.5,1175.5,1,776.0,0.0,0.0,0.0,0.0,0.0,29
2023-05-09 21:07:50,ag2312C5200,ag2312C5200,776.0,0.0,0.0,0.0,2,466.0,1175.0,2,776.0,0.0,0.0,0.0,0.0,0.0,29
2023-05-09 21:07:51,ag2312C5200,ag2312C5200,776.0,0.0,0.0,0.0,1,467.5,1173.5,1,776.0,0.0,0.0,0.0,0.0,0.0,29
2023-05-09 21:07:51,ag2312C5200,ag2312C5200,776.0,0.0,0.0,0.0,1,467.5,1173.5,1,776.0,0.0,0.0,0.0,0.0,0.0,29
2023-05-09 21:07:52,ag2312C5200,ag2312C5200,776.0,0.0,0.0,0.0,2,468.0,1173.0,2,776.0,0.0,0.0,0.0,0.0,0.0,29
2023-05-09 21:07:52,ag2312C5200,ag2312C5200,776.0,0.0,0.0,0.0,2,468.0,1173.0,2,776.0,0.0,0.0,0.0,0.0,0.0,29
2023-05-09 21:07:53,ag2312C5200,ag2312C5200,776.0,0.0,0.0,0.0,1,469.5,1171.5,1,776.0,0.0,0.0,0.0,0.0,0.0,29
2023-05-09 21:07:53,ag2312C5200,ag2312C5200,776.0,0.0,0.0,0.0,1,469.5,1171.5,1,776.0,0.0,0.0,0.0,0.0,0.0,29
2023-05-09 21:07:54,ag2312C5200,ag2312C5200,776.0,0.0,0.0,0.0,2,470.0,1171.0,2,776.0,0.0,0.0,0.0,0.0,0.0,29
2023-05-09 21:07:54,ag2312C5200,ag2312C5200,776.0,0.0,0.0,0.0,2,470.0,1171.0,2,776.0,0.0,0.0,0.0,0.0,0.0,29
2023-05-09 21:07:56,ag2312C5200,ag2312C5200,776.0,0.0,0.0,0.0,1,471.5,1169.5,1,776.0,0.0,0.0,0.0,0.0,0.0,29
2023-05-09 21:07:56,ag2312C5200,ag2312C5200,776.0,0.0,0.0,0.0,1,471.5,1169.5,1,776.0,0.0,0.0,0.0,0.0,0.0,29
2023-05-09 21:07:57,ag2312C5200,ag2312C5200,776.0,0.0,0.0,0.0,2,472.0,1169.0,2,776.0,0.0,0.0,0.0,0.0,0.0,29
2023-05-09 21:07:58,ag2312C5200,ag2312C5200,776.0,0.0,0.0,0.0,2,472.0,1169.0,2,776.0,0.0,0.0,0.0,0.0,0.0,29
2023-05-09 21:07:58,ag2312C5200,ag2312C5200,776.0,0.0,0.0,0.0,1,473.5,1167.5,1,776.0,0.0,0.0,0.0,0.0,0.0,29
2023-05-09 21:07:59,ag2312C5200,ag2312C5200,776.0,0.0,0.0,0.0,1,473.5,1167.5,1,776.0,0.0,0.0,0.0,0.0,0.0,29
2023-05-09 21:07:59,ag2312C5200,ag2312C5200,776.0,0.0,0.0,0.0,2,474.0,1167.0,2,776.0,0.0,0.0,0.0,0.0,0.0,29
2023-05-09 21:08:00,ag2312C5200,ag2312C5200,776.0,0.0,0.0,0.0,2,474.0,1167.0,2,776.0,0.0,0.0,0.0,0.0,0.0,29
2023-05-09 21:08:00,ag2312C5200,ag2312C5200,776.0,0.0,0.0,0.0,1,475.5,1165.5,1,776.0,0.0,0.0,0.0,0.0,0.0,29
2023-05-09 21:08:01,ag2312C5200,ag2312C5200,776.0,0.0,0.0,0.0,1,475.5,1165.5,1,776.0,0.0,0.0,0.0,0.0,0.0,29
2023-05-09 21:08:01,ag2312C5200,ag2312C5200,776.0,0.0,0.0,0.0,2,476.0,1165.0,2,776.0,0.0,0.0,0.0,0.0,0.0,29
2023-05-09 21:08:02,ag2312C5200,ag2312C5200,776.0,0.0,0.0,0.0,2,476.0,1165.0,2,776.0,0.0,0.0,0.0,0.0,0.0,29
2023-05-09 21:08:03,ag2312C5200,ag2312C5200,776.0,0.0,0.0,0.0,1,477.5,1163.5,1,776.0,0.0,0.0,0.0,0.0,0.0,29
2023-05-09 21:08:03,ag2312C5200,ag2312C5200,776.0,0.0,0.0,0.0,1,477.5,1163.5,1,776.0,0.0,0.0,0.0,0.0,0.0,29
2023-05-09 21:08:04,ag2312C5200,ag2312C5200,776.0,0.0,0.0,0.0,2,478.0,1163.0,2,776.0,0.0,0.0,0.0,0.0,0.0,29
2023-05-09 21:08:04,ag2312C5200,ag2312C5200,776.0,0.0,0.0,0.0,2,478.0,1163.0,2,776.0,0.0,0.0,0.0,0.0,0.0,29
2023-05-09 21:08:05,ag2312C5200,ag2312C5200,776.0,0.0,0.0,0.0,1,479.5,1161.5,1,776.0,0.0,0.0,0.0,0.0,0.0,29
2023-05-09 21:08:05,ag2312C5200,ag2312C5200,776.0,0.0,0.0,0.0,1,479.5,1161.5,1,776.0,0.0,0.0,0.0,0.0,0.0,29
2023-05-09 21:08:06,ag2312C5200,ag2312C5200,776.0,0.0,0.0,0.0,2,480.0,1161.0,2,776.0,0.0,0.0,0.0,0.0,0.0,29
2023-05-09 21:08:07,ag2312C5200,ag2312C5200,776.0,0.0,0.0,0.0,2,480.0,1161.0,2,776.0,0.0,0.0,0.0,0.0,0.0,29
2023-05-09 21:08:22,ag2312C5200,ag2312C5200,776.0,0.0,0.0,0.0,1,481.5,1159.5,1,776.0,0.0,0.0,0.0,0.0,0.0,29
2023-05-09 21:08:23,ag2312C5200,ag2312C5200,776.0,0.0,0.0,0.0,1,481.5,1159.5,1,776.0,0.0,0.0,0.0,0.0,0.0,29
2023-05-09 21:08:23,ag2312C5200,ag2312C5200,776.0,0.0,0.0,0.0,2,482.0,1159.0,2,776.0,0.0,0.0,0.0,0.0,0.0,29
2023-05-09 21:08:24,ag2312C5200,ag2312C5200,776.0,0.0,0.0,0.0,1,483.5,1157.5,1,776.0,0.0,0.0,0.0,0.0,0.0,29
2023-05-09 21:08:24,ag2312C5200,ag2312C5200,776.0,0.0,0.0,0.0,1,483.5,1157.5,1,776.0,0.0,0.0,0.0,0.0,0.0,29
2023-05-09 21:08:25,ag2312C5200,ag2312C5200,776.0,0.0,0.0,0.0,2,484.0,1157.0,2,776.0,0.0,0.0,0.0,0.0,0.0,29
2023-05-09 21:08:26,ag2312C5200,ag2312C5200,776.0,0.0,0.0,0.0,2,484.0,1157.0,2,776.0,0.0,0.0,0.0,0.0,0.0,29
2023-05-09 21:08:35,ag2312C5200,ag2312C5200,776.0,0.0,0.0,0.0,1,485.5,1157.0,2,776.0,0.0,0.0,0.0,0.0,0.0,29
2023-05-09 21:08:36,ag2312C5200,ag2312C5200,776.0,0.0,0.0,0.0,1,485.5,1155.5,1,776.0,0.0,0.0,0.0,0.0,0.0,29
2023-05-09 21:08:36,ag2312C5200,ag2312C5200,776.0,0.0,0.0,0.0,2,486.0,1155.5,1,776.0,0.0,0.0,0.0,0.0,0.0,29
2023-05-09 21:08:37,ag2312C5200,ag2312C5200,776.0,0.0,0.0,0.0,1,487.5,1155.0,2,776.0,0.0,0.0,0.0,0.0,0.0,29
2023-05-09 21:08:37,ag2312C5200,ag2312C5200,776.0,0.0,0.0,0.0,1,487.5,1155.0,2,776.0,0.0,0.0,0.0,0.0,0.0,29
2023-05-09 21:08:38,ag2312C5200,ag2312C5200,776.0,0.0,0.0,0.0,2,488.0,1155.0,2,776.0,0.0,0.0,0.0,0.0,0.0,29
2023-05-09 21:08:39,ag2312C5200,ag2312C5200,776.0,0.0,0.0,0.0,2,488.0,1155.0,2,776.0,0.0,0.0,0.0,0.0,0.0,29
2023-05-09 21:08:39,ag2312C5200,ag2312C5200,776.0,0.0,0.0,0.0,1,489.5,1153.5,1,776.0,0.0,0.0,0.0,0.0,0.0,29
2023-05-09 21:08:40,ag2312C5200,ag2312C5200,776.0,0.0,0.0,0.0,1,489.5,1153.5,1,776.0,0.0,0.0,0.0,0.0,0.0,29
2023-05-09 21:08:40,ag2312C5200,ag2312C5200,776.0,0.0,0.0,0.0,2,490.0,1153.0,2,776.0,0.0,0.0,0.0,0.0,0.0,29
2023-05-09 21:08:41,ag2312C5200,ag2312C5200,776.0,0.0,0.0,0.0,2,490.0,1153.0,2,776.0,0.0,0.0,0.0,0.0,0.0,29
2023-05-09 21:08:41,ag2312C5200,ag2312C5200,776.0,0.0,0.0,0.0,1,491.5,1151.5,1,776.0,0.0,0.0,0.0,0.0,0.0,29
2023-05-09 21:08:42,ag2312C5200,ag2312C5200,776.0,0.0,0.0,0.0,1,491.5,1151.5,1,776.0,0.0,0.0,0.0,0.0,0.0,29
2023-05-09 21:08:42,ag2312C5200,ag2312C5200,776.0,0.0,0.0,0.0,2,492.0,1151.0,2,776.0,0.0,0.0,0.0,0.0,0.0,29
2023-05-09 21:08:43,ag2312C5200,ag2312C5200,776.0,0.0,0.0,0.0,2,492.0,1151.0,2,776.0,0.0,0.0,0.0,0.0,0.0,29
2023-05-09 21:09:01,ag2312C5200,ag2312C5200,776.0,0.0,0.0,0.0,1,493.5,1149.5,1,776.0,0.0,0.0,0.0,0.0,0.0,29
2023-05-09 21:09:02,ag2312C5200,ag2312C5200,776.0,0.0,0.0,0.0,1,493.5,1149.5,1,776.0,0.0,0.0,0.0,0.0,0.0,29
2023-05-09 21:09:02,ag2312C5200,ag2312C5200,776.0,0.0,0.0,0.0,2,494.0,1149.0,2,776.0,0.0,0.0,0.0,0.0,0.0,29
2023-05-09 21:09:03,ag2312C5200,ag2312C5200,776.0,0.0,0.0,0.0,1,495.5,1147.5,1,776.0,0.0,0.0,0.0,0.0,0.0,29
2023-05-09 21:09:03,ag2312C5200,ag2312C5200,776.0,0.0,0.0,0.0,1,495.5,1147.5,1,776.0,0.0,0.0,0.0,0.0,0.0,29
2023-05-09 21:09:04,ag2312C5200,ag2312C5200,776.0,0.0,0.0,0.0,2,496.0,1147.0,2,776.0,0.0,0.0,0.0,0.0,0.0,29
2023-05-09 21:09:04,ag2312C5200,ag2312C5200,776.0,0.0,0.0,0.0,1,497.5,1145.5,1,776.0,0.0,0.0,0.0,0.0,0.0,29
2023-05-09 21:09:05,ag2312C5200,ag2312C5200,776.0,0.0,0.0,0.0,1,497.5,1145.5,1,776.0,0.0,0.0,0.0,0.0,0.0,29
2023-05-09 21:09:05,ag2312C5200,ag2312C5200,776.0,0.0,0.0,0.0,2,498.0,1145.0,2,776.0,0.0,0.0,0.0,0.0,0.0,29
2023-05-09 21:09:06,ag2312C5200,ag2312C5200,776.0,0.0,0.0,0.0,2,498.0,1145.0,2,776.0,0.0,0.0,0.0,0.0,0.0,29
2023-05-09 21:09:08,ag2312C5200,ag2312C5200,776.0,0.0,0.0,0.0,1,499.5,1143.5,1,776.0,0.0,0.0,0.0,0.0,0.0,29
2023-05-09 21:09:09,ag2312C5200,ag2312C5200,776.0,0.0,0.0,0.0,1,499.5,1143.5,1,776.0,0.0,0.0,0.0,0.0,0.0,29
2023-05-09 21:09:09,ag2312C5200,ag2312C5200,776.0,0.0,0.0,0.0,2,500.0,1143.0,2,776.0,0.0,0.0,0.0,0.0,0.0,29
2023-05-09 21:09:10,ag2312C5200,ag2312C5200,776.0,0.0,0.0,0.0,2,500.0,1143.0,2,776.0,0.0,0.0,0.0,0.0,0.0,29
2023-05-09 21:09:11,ag2312C5200,ag2312C5200,776.0,0.0,0.0,0.0,1,501.5,1141.5,1,776.0,0.0,0.0,0.0,0.0,0.0,29
2023-05-09 21:09:12,ag2312C5200,ag2312C5200,776.0,0.0,0.0,0.0,1,501.5,1141.5,1,776.0,0.0,0.0,0.0,0.0,0.0,29
2023-05-09 21:09:12,ag2312C5200,ag2312C5200,776.0,0.0,0.0,0.0,2,502.0,1141.0,2,776.0,0.0,0.0,0.0,0.0,0.0,29
2023-05-09 21:09:13,ag2312C5200,ag2312C5200,776.0,0.0,0.0,0.0,1,503.5,1139.5,1,776.0,0.0,0.0,0.0,0.0,0.0,29
2023-05-09 21:09:14,ag2312C5200,ag2312C5200,776.0,0.0,0.0,0.0,1,503.5,1139.5,1,776.0,0.0,0.0,0.0,0.0,0.0,29
2023-05-09 21:09:14,ag2312C5200,ag2312C5200,776.0,0.0,0.0,0.0,2,504.0,1139.0,2,776.0,0.0,0.0,0.0,0.0,0.0,29
2023-05-09 21:09:15,ag2312C5200,ag2312C5200,776.0,0.0,0.0,0.0,1,505.5,1137.5,1,776.0,0.0,0.0,0.0,0.0,0.0,29
2023-05-09 21:09:15,ag2312C5200,ag2312C5200,776.0,0.0,0.0,0.0,1,505.5,1137.5,1,776.0,0.0,0.0,0.0,0.0,0.0,29
2023-05-09 21:09:16,ag2312C5200,ag2312C5200,776.0,0.0,0.0,0.0,2,506.0,1137.0,2,776.0,0.0,0.0,0.0,0.0,0.0,29
2023-05-09 21:09:16,ag2312C5200,ag2312C5200,776.0,0.0,0.0,0.0,2,506.0,1137.0,2,776.0,0.0,0.0,0.0,0.0,0.0,29
2023-05-09 21:09:17,ag2312C5200,ag2312C5200,776.0,0.0,0.0,0.0,2,506.0,1135.5,1,776.0,0.0,0.0,0.0,0.0,0.0,29
2023-05-09 21:09:17,ag2312C5200,ag2312C5200,776.0,0.0,0.0,0.0,2,506.0,1135.5,1,776.0,0.0,0.0,0.0,0.0,0.0,29
2023-05-09 21:09:18,ag2312C5200,ag2312C5200,776.0,0.0,0.0,0.0,2,506.0,1135.0,2,776.0,0.0,0.0,0.0,0.0,0.0,29
2023-05-09 21:09:19,ag2312C5200,ag2312C5200,776.0,0.0,0.0,0.0,2,506.0,1135.0,2,776.0,0.0,0.0,0.0,0.0,0.0,29
2023-05-09 21:09:23,ag2312C5200,ag2312C5200,776.0,0.0,0.0,0.0,1,507.5,1133.5,1,776.0,0.0,0.0,0.0,0.0,0.0,29
2023-05-09 21:09:23,ag2312C5200,ag2312C5200,776.0,0.0,0.0,0.0,1,507.5,1133.5,1,776.0,0.0,0.0,0.0,0.0,0.0,29
2023-05-09 21:09:24,ag2312C5200,ag2312C5200,776.0,0.0,0.0,0.0,2,508.0,1133.0,2,776.0,0.0,0.0,0.0,0.0,0.0,29
2023-05-09 21:09:24,ag2312C5200,ag2312C5200,776.0,0.0,0.0,0.0,2,508.0,1133.0,2,776.0,0.0,0.0,0.0,0.0,0.0,29
2023-05-09 21:09:44,ag2312C5200,ag2312C5200,776.0,0.0,0.0,0.0,1,509.5,1133.0,2,776.0,0.0,0.0,0.0,0.0,0.0,29
2023-05-09 21:09:44,ag2312C5200,ag2312C5200,776.0,0.0,0.0,0.0,1,509.5,1131.5,1,776.0,0.0,0.0,0.0,0.0,0.0,29
2023-05-09 21:09:45,ag2312C5200,ag2312C5200,776.0,0.0,0.0,0.0,2,510.0,1131.5,1,776.0,0.0,0.0,0.0,0.0,0.0,29
2023-05-09 21:09:45,ag2312C5200,ag2312C5200,776.0,0.0,0.0,0.0,2,510.0,1131.0,2,776.0,0.0,0.0,0.0,0.0,0.0,29
2023-05-09 21:09:46,ag2312C5200,ag2312C5200,776.0,0.0,0.0,0.0,1,511.5,1129.5,1,776.0,0.0,0.0,0.0,0.0,0.0,29
2023-05-09 21:09:46,ag2312C5200,ag2312C5200,776.0,0.0,0.0,0.0,1,511.5,1129.5,1,776.0,0.0,0.0,0.0,0.0,0.0,29
2023-05-09 21:09:47,ag2312C5200,ag2312C5200,776.0,0.0,0.0,0.0,2,512.0,1129.0,2,776.0,0.0,0.0,0.0,0.0,0.0,29
2023-05-09 21:09:47,ag2312C5200,ag2312C5200,776.0,0.0,0.0,0.0,2,512.0,1129.0,2,776.0,0.0,0.0,0.0,0.0,0.0,29
2023-05-09 21:09:53,ag2312C5200,ag2312C5200,776.0,0.0,0.0,0.0,1,513.5,1127.5,1,776.0,0.0,0.0,0.0,0.0,0.0,29
2023-05-09 21:09:54,ag2312C5200,ag2312C5200,776.0,0.0,0.0,0.0,1,513.5,1127.5,1,776.0,0.0,0.0,0.0,0.0,0.0,29
2023-05-09 21:09:54,ag2312C5200,ag2312C5200,776.0,0.0,0.0,0.0,2,514.0,1127.0,2,776.0,0.0,0.0,0.0,0.0,0.0,29
2023-05-09 21:09:55,ag2312C5200,ag2312C5200,776.0,0.0,0.0,0.0,2,514.0,1127.0,2,776.0,0.0,0.0,0.0,0.0,0.0,29
2023-05-09 21:10:09,ag2312C5200,ag2312C5200,776.0,0.0,0.0,0.0,1,515.5,1125.5,1,776.0,0.0,0.0,0.0,0.0,0.0,29
2023-05-09 21:10:10,ag2312C5200,ag2312C5200,776.0,0.0,0.0,0.0,1,515.5,1125.5,1,776.0,0.0,0.0,0.0,0.0,0.0,29
2023-05-09 21:10:10,ag2312C5200,ag2312C5200,776.0,0.0,0.0,0.0,2,516.0,1125.0,2,776.0,0.0,0.0,0.0,0.0,0.0,29
2023-05-09 21:10:11,ag2312C5200,ag2312C5200,776.0,0.0,0.0,0.0,2,516.0,1125.0,2,776.0,0.0,0.0,0.0,0.0,0.0,29
2023-05-09 21:10:18,ag2312C5200,ag2312C5200,776.0,0.0,0.0,0.0,1,517.5,1123.5,1,776.0,0.0,0.0,0.0,0.0,0.0,29
2023-05-09 21:10:18,ag2312C5200,ag2312C5200,776.0,0.0,0.0,0.0,1,517.5,1123.5,1,776.0,0.0,0.0,0.0,0.0,0.0,29
2023-05-09 21:10:19,ag2312C5200,ag2312C5200,776.0,0.0,0.0,0.0,2,518.0,1123.0,2,776.0,0.0,0.0,0.0,0.0,0.0,29
2023-05-09 21:10:19,ag2312C5200,ag2312C5200,776.0,0.0,0.0,0.0,2,518.0,1123.0,2,776.0,0.0,0.0,0.0,0.0,0.0,29
2023-05-09 21:10:20,ag2312C5200,ag2312C5200,776.0,0.0,0.0,0.0,1,519.5,1121.5,1,776.0,0.0,0.0,0.0,0.0,0.0,29
2023-05-09 21:10:20,ag2312C5200,ag2312C5200,776.0,0.0,0.0,0.0,1,519.5,1121.5,1,776.0,0.0,0.0,0.0,0.0,0.0,29
2023-05-09 21:10:21,ag2312C5200,ag2312C5200,776.0,0.0,0.0,0.0,2,520.0,1121.0,2,776.0,0.0,0.0,0.0,0.0,0.0,29
2023-05-09 21:10:21,ag2312C5200,ag2312C5200,776.0,0.0,0.0,0.0,2,520.0,1121.0,2,776.0,0.0,0.0,0.0,0.0,0.0,29
2023-05-09 21:10:26,ag2312C5200,ag2312C5200,776.0,0.0,0.0,0.0,1,521.5,1119.5,1,776.0,0.0,0.0,0.0,0.0,0.0,29
2023-05-09 21:10:27,ag2312C5200,ag2312C5200,776.0,0.0,0.0,0.0,1,521.5,1119.5,1,776.0,0.0,0.0,0.0,0.0,0.0,29
2023-05-09 21:10:27,ag2312C5200,ag2312C5200,776.0,0.0,0.0,0.0,2,522.0,1119.0,2,776.0,0.0,0.0,0.0,0.0,0.0,29
2023-05-09 21:10:28,ag2312C5200,ag2312C5200,776.0,0.0,0.0,0.0,1,523.5,1117.5,1,776.0,0.0,0.0,0.0,0.0,0.0,29
2023-05-09 21:10:28,ag2312C5200,ag2312C5200,776.0,0.0,0.0,0.0,1,523.5,1117.5,1,776.0,0.0,0.0,0.0,0.0,0.0,29
2023-05-09 21:10:29,ag2312C5200,ag2312C5200,776.0,0.0,0.0,0.0,2,524.0,1117.0,2,776.0,0.0,0.0,0.0,0.0,0.0,29
2023-05-09 21:10:29,ag2312C5200,ag2312C5200,776.0,0.0,0.0,0.0,1,525.5,1117.0,2,776.0,0.0,0.0,0.0,0.0,0.0,29
2023-05-09 21:10:30,ag2312C5200,ag2312C5200,776.0,0.0,0.0,0.0,1,525.5,1117.0,2,776.0,0.0,0.0,0.0,0.0,0.0,29
2023-05-09 21:10:30,ag2312C5200,ag2312C5200,776.0,0.0,0.0,0.0,2,526.0,1117.0,2,776.0,0.0,0.0,0.0,0.0,0.0,29
2023-05-09 21:10:31,ag2312C5200,ag2312C5200,776.0,0.0,0.0,0.0,2,526.0,1117.0,2,776.0,0.0,0.0,0.0,0.0,0.0,29
2023-05-09 21:10:40,ag2312C5200,ag2312C5200,776.0,0.0,0.0,0.0,1,527.5,1115.5,1,776.0,0.0,0.0,0.0,0.0,0.0,29
2023-05-09 21:10:40,ag2312C5200,ag2312C5200,776.0,0.0,0.0,0.0,1,527.5,1115.5,1,776.0,0.0,0.0,0.0,0.0,0.0,29
2023-05-09 21:10:41,ag2312C5200,ag2312C5200,776.0,0.0,0.0,0.0,2,528.0,1115.0,2,776.0,0.0,0.0,0.0,0.0,0.0,29
2023-05-09 21:10:42,ag2312C5200,ag2312C5200,776.0,0.0,0.0,0.0,2,528.0,1115.0,2,776.0,0.0,0.0,0.0,0.0,0.0,29
2023-05-09 21:10:55,ag2312C5200,ag2312C5200,776.0,0.0,0.0,0.0,1,529.5,1113.5,1,776.0,0.0,0.0,0.0,0.0,0.0,29
2023-05-09 21:10:56,ag2312C5200,ag2312C5200,776.0,0.0,0.0,0.0,1,529.5,1113.5,1,776.0,0.0,0.0,0.0,0.0,0.0,29
2023-05-09 21:10:56,ag2312C5200,ag2312C5200,776.0,0.0,0.0,0.0,2,530.0,1113.0,2,776.0,0.0,0.0,0.0,0.0,0.0,29
2023-05-09 21:10:57,ag2312C5200,ag2312C5200,776.0,0.0,0.0,0.0,2,530.0,1113.0,2,776.0,0.0,0.0,0.0,0.0,0.0,29
2023-05-09 21:11:03,ag2312C5200,ag2312C5200,776.0,0.0,0.0,0.0,1,531.5,1111.5,1,776.0,0.0,0.0,0.0,0.0,0.0,29
2023-05-09 21:11:03,ag2312C5200,ag2312C5200,776.0,0.0,0.0,0.0,1,531.5,1111.5,1,776.0,0.0,0.0,0.0,0.0,0.0,29
2023-05-09 21:11:04,ag2312C5200,ag2312C5200,776.0,0.0,0.0,0.0,2,532.0,1111.0,2,776.0,0.0,0.0,0.0,0.0,0.0,29
2023-05-09 21:11:04,ag2312C5200,ag2312C5200,776.0,0.0,0.0,0.0,2,532.0,1111.0,2,776.0,0.0,0.0,0.0,0.0,0.0,29
2023-05-09 21:11:06,ag2312C5200,ag2312C5200,776.0,0.0,0.0,0.0,1,533.5,1109.5,1,776.0,0.0,0.0,0.0,0.0,0.0,29
2023-05-09 21:11:07,ag2312C5200,ag2312C5200,776.0,0.0,0.0,0.0,1,533.5,1109.5,1,776.0,0.0,0.0,0.0,0.0,0.0,29
2023-05-09 21:11:07,ag2312C5200,ag2312C5200,776.0,0.0,0.0,0.0,2,534.0,1109.0,2,776.0,0.0,0.0,0.0,0.0,0.0,29
2023-05-09 21:11:08,ag2312C5200,ag2312C5200,776.0,0.0,0.0,0.0,2,534.0,1109.0,2,776.0,0.0,0.0,0.0,0.0,0.0,29
2023-05-09 21:11:18,ag2312C5200,ag2312C5200,776.0,0.0,0.0,0.0,1,535.5,1107.5,1,776.0,0.0,0.0,0.0,0.0,0.0,29
2023-05-09 21:11:19,ag2312C5200,ag2312C5200,776.0,0.0,0.0,0.0,1,535.5,1107.5,1,776.0,0.0,0.0,0.0,0.0,0.0,29
2023-05-09 21:11:19,ag2312C5200,ag2312C5200,776.0,0.0,0.0,0.0,2,536.0,1107.0,2,776.0,0.0,0.0,0.0,0.0,0.0,29
2023-05-09 21:11:20,ag2312C5200,ag2312C5200,776.0,0.0,0.0,0.0,2,536.0,1107.0,2,776.0,0.0,0.0,0.0,0.0,0.0,29
2023-05-09 21:11:20,ag2312C5200,ag2312C5200,776.0,0.0,0.0,0.0,1,537.5,1105.5,1,776.0,0.0,0.0,0.0,0.0,0.0,29
2023-05-09 21:11:21,ag2312C5200,ag2312C5200,776.0,0.0,0.0,0.0,1,537.5,1105.5,1,776.0,0.0,0.0,0.0,0.0,0.0,29
2023-05-09 21:11:21,ag2312C5200,ag2312C5200,776.0,0.0,0.0,0.0,2,538.0,1105.0,2,776.0,0.0,0.0,0.0,0.0,0.0,29
2023-05-09 21:11:22,ag2312C5200,ag2312C5200,776.0,0.0,0.0,0.0,2,538.0,1105.0,2,776.0,0.0,0.0,0.0,0.0,0.0,29
2023-05-09 21:11:33,ag2312C5200,ag2312C5200,776.0,0.0,0.0,0.0,1,539.5,1105.0,2,776.0,0.0,0.0,0.0,0.0,0.0,29
2023-05-09 21:11:33,ag2312C5200,ag2312C5200,776.0,0.0,0.0,0.0,1,539.5,1105.0,2,776.0,0.0,0.0,0.0,0.0,0.0,29
2023-05-09 21:11:34,ag2312C5200,ag2312C5200,776.0,0.0,0.0,0.0,2,540.0,1105.0,2,776.0,0.0,0.0,0.0,0.0,0.0,29
2023-05-09 21:11:34,ag2312C5200,ag2312C5200,776.0,0.0,0.0,0.0,2,540.0,1105.0,2,776.0,0.0,0.0,0.0,0.0,0.0,29
2023-05-09 21:12:01,ag2312C5200,ag2312C5200,776.0,0.0,0.0,0.0,1,541.5,1105.0,2,776.0,0.0,0.0,0.0,0.0,0.0,29
2023-05-09 21:12:01,ag2312C5200,ag2312C5200,776.0,0.0,0.0,0.0,1,541.5,1103.5,1,776.0,0.0,0.0,0.0,0.0,0.0,29
2023-05-09 21:12:02,ag2312C5200,ag2312C5200,776.0,0.0,0.0,0.0,2,542.0,1103.0,2,776.0,0.0,0.0,0.0,0.0,0.0,29
2023-05-09 21:12:03,ag2312C5200,ag2312C5200,776.0,0.0,0.0,0.0,2,542.0,1103.0,2,776.0,0.0,0.0,0.0,0.0,0.0,29
2023-05-09 21:12:16,ag2312C5200,ag2312C5200,776.0,0.0,0.0,0.0,1,543.5,1101.5,1,776.0,0.0,0.0,0.0,0.0,0.0,29
2023-05-09 21:12:17,ag2312C5200,ag2312C5200,776.0,0.0,0.0,0.0,1,543.5,1101.5,1,776.0,0.0,0.0,0.0,0.0,0.0,29
2023-05-09 21:12:17,ag2312C5200,ag2312C5200,776.0,0.0,0.0,0.0,2,544.0,1101.0,2,776.0,0.0,0.0,0.0,0.0,0.0,29
2023-05-09 21:12:18,ag2312C5200,ag2312C5200,776.0,0.0,0.0,0.0,2,544.0,1101.0,2,776.0,0.0,0.0,0.0,0.0,0.0,29
2023-05-09 21:12:29,ag2312C5200,ag2312C5200,776.0,0.0,0.0,0.0,1,545.5,1101.0,2,776.0,0.0,0.0,0.0,0.0,0.0,29
2023-05-09 21:12:30,ag2312C5200,ag2312C5200,776.0,0.0,0.0,0.0,1,545.5,1101.0,2,776.0,0.0,0.0,0.0,0.0,0.0,29
2023-05-09 21:12:30,ag2312C5200,ag2312C5200,776.0,0.0,0.0,0.0,2,546.0,1099.5,1,776.0,0.0,0.0,0.0,0.0,0.0,29
2023-05-09 21:12:31,ag2312C5200,ag2312C5200,776.0,0.0,0.0,0.0,1,547.5,1099.5,1,776.0,0.0,0.0,0.0,0.0,0.0,29
2023-05-09 21:12:31,ag2312C5200,ag2312C5200,776.0,0.0,0.0,0.0,1,547.5,1099.0,2,776.0,0.0,0.0,0.0,0.0,0.0,29
2023-05-09 21:12:32,ag2312C5200,ag2312C5200,776.0,0.0,0.0,0.0,2,548.0,1099.0,2,776.0,0.0,0.0,0.0,0.0,0.0,29
2023-05-09 21:12:32,ag2312C5200,ag2312C5200,776.0,0.0,0.0,0.0,2,548.0,1099.0,2,776.0,0.0,0.0,0.0,0.0,0.0,29
2023-05-09 21:12:38,ag2312C5200,ag2312C5200,776.0,0.0,0.0,0.0,1,549.5,1099.0,2,776.0,0.0,0.0,0.0,0.0,0.0,29
2023-05-09 21:12:39,ag2312C5200,ag2312C5200,776.0,0.0,0.0,0.0,1,549.5,1099.0,2,776.0,0.0,0.0,0.0,0.0,0.0,29
2023-05-09 21:12:39,ag2312C5200,ag2312C5200,776.0,0.0,0.0,0.0,2,550.0,1099.0,2,776.0,0.0,0.0,0.0,0.0,0.0,29
2023-05-09 21:12:40,ag2312C5200,ag2312C5200,776.0,0.0,0.0,0.0,2,550.0,1099.0,2,776.0,0.0,0.0,0.0,0.0,0.0,29
2023-05-09 21:12:45,ag2312C5200,ag2312C5200,776.0,0.0,0.0,0.0,1,551.5,1097.5,1,776.0,0.0,0.0,0.0,0.0,0.0,29
2023-05-09 21:12:45,ag2312C5200,ag2312C5200,776.0,0.0,0.0,0.0,1,551.5,1097.5,1,776.0,0.0,0.0,0.0,0.0,0.0,29
2023-05-09 21:12:46,ag2312C5200,ag2312C5200,776.0,0.0,0.0,0.0,2,552.0,1097.0,2,776.0,0.0,0.0,0.0,0.0,0.0,29
2023-05-09 21:12:47,ag2312C5200,ag2312C5200,776.0,0.0,0.0,0.0,1,553.5,1095.5,1,776.0,0.0,0.0,0.0,0.0,0.0,29
2023-05-09 21:12:47,ag2312C5200,ag2312C5200,776.0,0.0,0.0,0.0,1,553.5,1095.5,1,776.0,0.0,0.0,0.0,0.0,0.0,29
2023-05-09 21:12:48,ag2312C5200,ag2312C5200,776.0,0.0,0.0,0.0,2,554.0,1095.0,2,776.0,0.0,0.0,0.0,0.0,0.0,29
2023-05-09 21:12:48,ag2312C5200,ag2312C5200,776.0,0.0,0.0,0.0,2,554.0,1095.0,2,776.0,0.0,0.0,0.0,0.0,0.0,29
2023-05-09 21:13:00,ag2312C5200,ag2312C5200,776.0,0.0,0.0,0.0,1,555.5,1095.0,2,776.0,0.0,0.0,0.0,0.0,0.0,29
2023-05-09 21:13:01,ag2312C5200,ag2312C5200,776.0,0.0,0.0,0.0,1,555.5,1095.0,2,776.0,0.0,0.0,0.0,0.0,0.0,29
2023-05-09 21:13:01,ag2312C5200,ag2312C5200,776.0,0.0,0.0,0.0,2,556.0,1095.0,2,776.0,0.0,0.0,0.0,0.0,0.0,29
2023-05-09 21:13:02,ag2312C5200,ag2312C5200,776.0,0.0,0.0,0.0,2,556.0,1095.0,2,776.0,0.0,0.0,0.0,0.0,0.0,29
2023-05-09 21:13:09,ag2312C5200,ag2312C5200,776.0,0.0,0.0,0.0,1,557.5,1093.5,1,776.0,0.0,0.0,0.0,0.0,0.0,29
2023-05-09 21:13:10,ag2312C5200,ag2312C5200,776.0,0.0,0.0,0.0,1,557.5,1093.5,1,776.0,0.0,0.0,0.0,0.0,0.0,29
2023-05-09 21:13:10,ag2312C5200,ag2312C5200,776.0,0.0,0.0,0.0,2,558.0,1093.0,2,776.0,0.0,0.0,0.0,0.0,0.0,29
2023-05-09 21:13:11,ag2312C5200,ag2312C5200,776.0,0.0,0.0,0.0,2,558.0,1093.0,2,776.0,0.0,0.0,0.0,0.0,0.0,29
2023-05-09 21:13:15,ag2312C5200,ag2312C5200,776.0,0.0,0.0,0.0,2,558.0,1091.5,1,776.0,0.0,0.0,0.0,0.0,0.0,29
2023-05-09 21:13:15,ag2312C5200,ag2312C5200,776.0,0.0,0.0,0.0,2,558.0,1091.5,1,776.0,0.0,0.0,0.0,0.0,0.0,29
2023-05-09 21:13:16,ag2312C5200,ag2312C5200,776.0,0.0,0.0,0.0,2,558.0,1091.0,2,776.0,0.0,0.0,0.0,0.0,0.0,29
2023-05-09 21:13:16,ag2312C5200,ag2312C5200,776.0,0.0,0.0,0.0,1,559.5,1089.5,1,776.0,0.0,0.0,0.0,0.0,0.0,29
2023-05-09 21:13:17,ag2312C5200,ag2312C5200,776.0,0.0,0.0,0.0,1,559.5,1089.5,1,776.0,0.0,0.0,0.0,0.0,0.0,29
2023-05-09 21:13:17,ag2312C5200,ag2312C5200,776.0,0.0,0.0,0.0,2,560.0,1089.0,2,776.0,0.0,0.0,0.0,0.0,0.0,29
2023-05-09 21:13:18,ag2312C5200,ag2312C5200,776.0,0.0,0.0,0.0,2,560.0,1089.0,2,776.0,0.0,0.0,0.0,0.0,0.0,29
2023-05-09 21:13:18,ag2312C5200,ag2312C5200,776.0,0.0,0.0,0.0,1,561.5,1087.5,1,776.0,0.0,0.0,0.0,0.0,0.0,29
2023-05-09 21:13:19,ag2312C5200,ag2312C5200,776.0,0.0,0.0,0.0,1,561.5,1087.5,1,776.0,0.0,0.0,0.0,0.0,0.0,29
2023-05-09 21:13:19,ag2312C5200,ag2312C5200,776.0,0.0,0.0,0.0,2,562.0,1087.0,2,776.0,0.0,0.0,0.0,0.0,0.0,29
2023-05-09 21:13:20,ag2312C5200,ag2312C5200,776.0,0.0,0.0,0.0,2,562.0,1087.0,2,776.0,0.0,0.0,0.0,0.0,0.0,29
2023-05-09 21:13:40,ag2312C5200,ag2312C5200,776.0,0.0,0.0,0.0,1,563.5,1085.5,1,776.0,0.0,0.0,0.0,0.0,0.0,29
2023-05-09 21:13:40,ag2312C5200,ag2312C5200,776.0,0.0,0.0,0.0,1,563.5,1085.5,1,776.0,0.0,0.0,0.0,0.0,0.0,29
2023-05-09 21:13:41,ag2312C5200,ag2312C5200,776.0,0.0,0.0,0.0,2,564.0,1085.0,2,776.0,0.0,0.0,0.0,0.0,0.0,29
2023-05-09 21:13:41,ag2312C5200,ag2312C5200,776.0,0.0,0.0,0.0,2,564.0,1085.0,2,776.0,0.0,0.0,0.0,0.0,0.0,29
2023-05-09 21:13:46,ag2312C5200,ag2312C5200,776.0,0.0,0.0,0.0,2,564.0,1083.5,1,776.0,0.0,0.0,0.0,0.0,0.0,29
2023-05-09 21:13:47,ag2312C5200,ag2312C5200,776.0,0.0,0.0,0.0,2,564.0,1083.5,1,776.0,0.0,0.0,0.0,0.0,0.0,29
2023-05-09 21:13:47,ag2312C5200,ag2312C5200,776.0,0.0,0.0,0.0,2,564.0,1083.0,2,776.0,0.0,0.0,0.0,0.0,0.0,29
2023-05-09 21:13:48,ag2312C5200,ag2312C5200,776.0,0.0,0.0,0.0,1,565.5,1081.5,1,776.0,0.0,0.0,0.0,0.0,0.0,29
2023-05-09 21:13:48,ag2312C5200,ag2312C5200,776.0,0.0,0.0,0.0,1,565.5,1081.5,1,776.0,0.0,0.0,0.0,0.0,0.0,29
2023-05-09 21:13:49,ag2312C5200,ag2312C5200,776.0,0.0,0.0,0.0,2,566.0,1081.0,2,776.0,0.0,0.0,0.0,0.0,0.0,29
2023-05-09 21:13:50,ag2312C5200,ag2312C5200,776.0,0.0,0.0,0.0,2,566.0,1081.0,2,776.0,0.0,0.0,0.0,0.0,0.0,29
2023-05-09 21:13:51,ag2312C5200,ag2312C5200,776.0,0.0,0.0,0.0,1,567.5,1079.5,1,776.0,0.0,0.0,0.0,0.0,0.0,29
2023-05-09 21:13:51,ag2312C5200,ag2312C5200,776.0,0.0,0.0,0.0,1,567.5,1079.5,1,776.0,0.0,0.0,0.0,0.0,0.0,29
2023-05-09 21:13:52,ag2312C5200,ag2312C5200,776.0,0.0,0.0,0.0,2,568.0,1079.0,2,776.0,0.0,0.0,0.0,0.0,0.0,29
2023-05-09 21:13:52,ag2312C5200,ag2312C5200,776.0,0.0,0.0,0.0,2,568.0,1079.0,2,776.0,0.0,0.0,0.0,0.0,0.0,29
2023-05-09 21:14:06,ag2312C5200,ag2312C5200,776.0,0.0,0.0,0.0,1,569.5,1079.0,2,776.0,0.0,0.0,0.0,0.0,0.0,29
2023-05-09 21:14:07,ag2312C5200,ag2312C5200,776.0,0.0,0.0,0.0,1,569.5,1079.0,2,776.0,0.0,0.0,0.0,0.0,0.0,29
2023-05-09 21:14:07,ag2312C5200,ag2312C5200,776.0,0.0,0.0,0.0,2,570.0,1079.0,2,776.0,0.0,0.0,0.0,0.0,0.0,29
2023-05-09 21:14:08,ag2312C5200,ag2312C5200,776.0,0.0,0.0,0.0,1,571.5,1077.5,1,776.0,0.0,0.0,0.0,0.0,0.0,29
2023-05-09 21:14:09,ag2312C5200,ag2312C5200,776.0,0.0,0.0,0.0,1,571.5,1077.5,1,776.0,0.0,0.0,0.0,0.0,0.0,29
2023-05-09 21:14:09,ag2312C5200,ag2312C5200,776.0,0.0,0.0,0.0,2,572.0,1077.0,2,776.0,0.0,0.0,0.0,0.0,0.0,29
2023-05-09 21:14:10,ag2312C5200,ag2312C5200,776.0,0.0,0.0,0.0,2,572.0,1077.0,2,776.0,0.0,0.0,0.0,0.0,0.0,29
2023-05-09 21:14:21,ag2312C5200,ag2312C5200,776.0,0.0,0.0,0.0,1,573.5,1075.5,1,776.0,0.0,0.0,0.0,0.0,0.0,29
2023-05-09 21:14:21,ag2312C5200,ag2312C5200,776.0,0.0,0.0,0.0,1,573.5,1075.5,1,776.0,0.0,0.0,0.0,0.0,0.0,29
2023-05-09 21:14:22,ag2312C5200,ag2312C5200,776.0,0.0,0.0,0.0,2,574.0,1075.0,2,776.0,0.0,0.0,0.0,0.0,0.0,29
2023-05-09 21:14:22,ag2312C5200,ag2312C5200,776.0,0.0,0.0,0.0,2,574.0,1075.0,2,776.0,0.0,0.0,0.0,0.0,0.0,29
2023-05-09 21:14:23,ag2312C5200,ag2312C5200,776.0,0.0,0.0,0.0,2,574.0,1073.5,1,776.0,0.0,0.0,0.0,0.0,0.0,29
2023-05-09 21:14:24,ag2312C5200,ag2312C5200,776.0,0.0,0.0,0.0,2,574.0,1073.5,1,776.0,0.0,0.0,0.0,0.0,0.0,29
2023-05-09 21:14:24,ag2312C5200,ag2312C5200,776.0,0.0,0.0,0.0,1,575.5,1073.0,2,776.0,0.0,0.0,0.0,0.0,0.0,29
2023-05-09 21:14:25,ag2312C5200,ag2312C5200,776.0,0.0,0.0,0.0,1,575.5,1073.0,2,776.0,0.0,0.0,0.0,0.0,0.0,29
2023-05-09 21:14:25,ag2312C5200,ag2312C5200,776.0,0.0,0.0,0.0,2,576.0,1073.0,2,776.0,0.0,0.0,0.0,0.0,0.0,29
2023-05-09 21:14:26,ag2312C5200,ag2312C5200,776.0,0.0,0.0,0.0,2,576.0,1073.0,2,776.0,0.0,0.0,0.0,0.0,0.0,29
2023-05-09 21:14:26,ag2312C5200,ag2312C5200,776.0,0.0,0.0,0.0,1,577.5,1073.0,2,776.0,0.0,0.0,0.0,0.0,0.0,29
2023-05-09 21:14:27,ag2312C5200,ag2312C5200,776.0,0.0,0.0,0.0,1,577.5,1073.0,2,776.0,0.0,0.0,0.0,0.0,0.0,29
2023-05-09 21:14:27,ag2312C5200,ag2312C5200,776.0,0.0,0.0,0.0,2,578.0,1073.0,2,776.0,0.0,0.0,0.0,0.0,0.0,29
2023-05-09 21:14:28,ag2312C5200,ag2312C5200,776.0,0.0,0.0,0.0,2,578.0,1073.0,2,776.0,0.0,0.0,0.0,0.0,0.0,29
2023-05-09 21:14:34,ag2312C5200,ag2312C5200,776.0,0.0,0.0,0.0,1,579.5,1071.5,1,776.0,0.0,0.0,0.0,0.0,0.0,29
2023-05-09 21:14:34,ag2312C5200,ag2312C5200,776.0,0.0,0.0,0.0,1,579.5,1071.5,1,776.0,0.0,0.0,0.0,0.0,0.0,29
2023-05-09 21:14:35,ag2312C5200,ag2312C5200,776.0,0.0,0.0,0.0,2,580.0,1071.0,2,776.0,0.0,0.0,0.0,0.0,0.0,29
2023-05-09 21:14:36,ag2312C5200,ag2312C5200,776.0,0.0,0.0,0.0,2,580.0,1071.0,2,776.0,0.0,0.0,0.0,0.0,0.0,29
2023-05-09 21:14:48,ag2312C5200,ag2312C5200,776.0,0.0,0.0,0.0,1,581.5,1071.0,2,776.0,0.0,0.0,0.0,0.0,0.0,29
2023-05-09 21:14:48,ag2312C5200,ag2312C5200,776.0,0.0,0.0,0.0,1,581.5,1071.0,2,776.0,0.0,0.0,0.0,0.0,0.0,29
2023-05-09 21:14:49,ag2312C5200,ag2312C5200,776.0,0.0,0.0,0.0,2,582.0,1069.5,1,776.0,0.0,0.0,0.0,0.0,0.0,29
2023-05-09 21:14:49,ag2312C5200,ag2312C5200,776.0,0.0,0.0,0.0,2,582.0,1069.5,1,776.0,0.0,0.0,0.0,0.0,0.0,29
2023-05-09 21:14:50,ag2312C5200,ag2312C5200,776.0,0.0,0.0,0.0,1,583.5,1069.0,2,776.0,0.0,0.0,0.0,0.0,0.0,29
2023-05-09 21:14:50,ag2312C5200,ag2312C5200,776.0,0.0,0.0,0.0,1,583.5,1069.0,2,776.0,0.0,0.0,0.0,0.0,0.0,29
2023-05-09 21:14:51,ag2312C5200,ag2312C5200,776.0,0.0,0.0,0.0,2,584.0,1069.0,2,776.0,0.0,0.0,0.0,0.0,0.0,29
2023-05-09 21:14:51,ag2312C5200,ag2312C5200,776.0,0.0,0.0,0.0,2,584.0,1067.5,1,776.0,0.0,0.0,0.0,0.0,0.0,29
2023-05-09 21:14:52,ag2312C5200,ag2312C5200,776.0,0.0,0.0,0.0,2,584.0,1067.5,1,776.0,0.0,0.0,0.0,0.0,0.0,29
2023-05-09 21:14:52,ag2312C5200,ag2312C5200,776.0,0.0,0.0,0.0,2,584.0,1067.0,2,776.0,0.0,0.0,0.0,0.0,0.0,29
2023-05-09 21:14:53,ag2312C5200,ag2312C5200,776.0,0.0,0.0,0.0,2,584.0,1067.0,2,776.0,0.0,0.0,0.0,0.0,0.0,29
2023-05-09 21:14:54,ag2312C5200,ag2312C5200,776.0,0.0,0.0,0.0,1,585.5,1067.0,2,776.0,0.0,0.0,0.0,0.0,0.0,29
2023-05-09 21:14:55,ag2312C5200,ag2312C5200,776.0,0.0,0.0,0.0,1,585.5,1067.0,2,776.0,0.0,0.0,0.0,0.0,0.0,29
2023-05-09 21:14:55,ag2312C5200,ag2312C5200,776.0,0.0,0.0,0.0,2,586.0,1067.0,2,776.0,0.0,0.0,0.0,0.0,0.0,29
2023-05-09 21:14:56,ag2312C5200,ag2312C5200,776.0,0.0,0.0,0.0,2,586.0,1067.0,2,776.0,0.0,0.0,0.0,0.0,0.0,29
2023-05-09 21:15:00,ag2312C5200,ag2312C5200,776.0,0.0,0.0,0.0,1,587.5,1067.0,2,776.0,0.0,0.0,0.0,0.0,0.0,29
2023-05-09 21:15:01,ag2312C5200,ag2312C5200,776.0,0.0,0.0,0.0,1,587.5,1067.0,2,776.0,0.0,0.0,0.0,0.0,0.0,29
2023-05-09 21:15:01,ag2312C5200,ag2312C5200,776.0,0.0,0.0,0.0,2,588.0,1065.5,1,776.0,0.0,0.0,0.0,0.0,0.0,29
2023-05-09 21:15:02,ag2312C5200,ag2312C5200,776.0,0.0,0.0,0.0,2,588.0,1065.5,1,776.0,0.0,0.0,0.0,0.0,0.0,29
2023-05-09 21:15:02,ag2312C5200,ag2312C5200,776.0,0.0,0.0,0.0,2,588.0,1065.0,2,776.0,0.0,0.0,0.0,0.0,0.0,29
2023-05-09 21:15:03,ag2312C5200,ag2312C5200,776.0,0.0,0.0,0.0,1,589.5,1063.5,1,776.0,0.0,0.0,0.0,0.0,0.0,29
2023-05-09 21:15:04,ag2312C5200,ag2312C5200,776.0,0.0,0.0,0.0,1,589.5,1063.5,1,776.0,0.0,0.0,0.0,0.0,0.0,29
2023-05-09 21:15:04,ag2312C5200,ag2312C5200,776.0,0.0,0.0,0.0,2,590.0,1063.0,2,776.0,0.0,0.0,0.0,0.0,0.0,29
2023-05-09 21:15:05,ag2312C5200,ag2312C5200,776.0,0.0,0.0,0.0,1,591.5,1061.5,1,776.0,0.0,0.0,0.0,0.0,0.0,29
2023-05-09 21:15:06,ag2312C5200,ag2312C5200,776.0,0.0,0.0,0.0,1,591.5,1061.5,1,776.0,0.0,0.0,0.0,0.0,0.0,29
2023-05-09 21:15:06,ag2312C5200,ag2312C5200,776.0,0.0,0.0,0.0,2,592.0,1061.0,2,776.0,0.0,0.0,0.0,0.0,0.0,29
2023-05-09 21:15:07,ag2312C5200,ag2312C5200,776.0,0.0,0.0,0.0,1,593.5,1059.5,1,776.0,0.0,0.0,0.0,0.0,0.0,29
2023-05-09 21:15:07,ag2312C5200,ag2312C5200,776.0,0.0,0.0,0.0,1,593.5,1059.5,1,776.0,0.0,0.0,0.0,0.0,0.0,29
2023-05-09 21:15:08,ag2312C5200,ag2312C5200,776.0,0.0,0.0,0.0,2,594.0,1059.0,2,776.0,0.0,0.0,0.0,0.0,0.0,29
2023-05-09 21:15:09,ag2312C5200,ag2312C5200,776.0,0.0,0.0,0.0,1,595.5,1057.5,1,776.0,0.0,0.0,0.0,0.0,0.0,29
2023-05-09 21:15:10,ag2312C5200,ag2312C5200,776.0,0.0,0.0,0.0,1,595.5,1057.5,1,776.0,0.0,0.0,0.0,0.0,0.0,29
2023-05-09 21:15:10,ag2312C5200,ag2312C5200,776.0,0.0,0.0,0.0,2,596.0,1057.0,2,776.0,0.0,0.0,0.0,0.0,0.0,29
2023-05-09 21:15:11,ag2312C5200,ag2312C5200,776.0,0.0,0.0,0.0,1,597.5,1057.0,2,776.0,0.0,0.0,0.0,0.0,0.0,29
2023-05-09 21:15:12,ag2312C5200,ag2312C5200,776.0,0.0,0.0,0.0,1,597.5,1057.0,2,776.0,0.0,0.0,0.0,0.0,0.0,29
2023-05-09 21:15:12,ag2312C5200,ag2312C5200,776.0,0.0,0.0,0.0,2,598.0,1055.5,1,776.0,0.0,0.0,0.0,0.0,0.0,29
2023-05-09 21:15:13,ag2312C5200,ag2312C5200,776.0,0.0,0.0,0.0,2,598.0,1055.5,1,776.0,0.0,0.0,0.0,0.0,0.0,29
2023-05-09 21:15:13,ag2312C5200,ag2312C5200,776.0,0.0,0.0,0.0,2,598.0,1055.0,2,776.0,0.0,0.0,0.0,0.0,0.0,29
2023-05-09 21:15:14,ag2312C5200,ag2312C5200,776.0,0.0,0.0,0.0,2,598.0,1055.0,2,776.0,0.0,0.0,0.0,0.0,0.0,29
2023-05-09 21:15:33,ag2312C5200,ag2312C5200,776.0,0.0,0.0,0.0,1,599.5,1053.5,1,776.0,0.0,0.0,0.0,0.0,0.0,29
2023-05-09 21:15:33,ag2312C5200,ag2312C5200,776.0,0.0,0.0,0.0,1,599.5,1053.5,1,776.0,0.0,0.0,0.0,0.0,0.0,29
2023-05-09 21:15:34,ag2312C5200,ag2312C5200,776.0,0.0,0.0,0.0,2,600.0,1053.0,2,776.0,0.0,0.0,0.0,0.0,0.0,29
2023-05-09 21:15:35,ag2312C5200,ag2312C5200,776.0,0.0,0.0,0.0,2,600.0,1053.0,2,776.0,0.0,0.0,0.0,0.0,0.0,29
2023-05-09 21:15:40,ag2312C5200,ag2312C5200,776.0,0.0,0.0,0.0,2,600.0,1051.5,1,776.0,0.0,0.0,0.0,0.0,0.0,29
2023-05-09 21:15:40,ag2312C5200,ag2312C5200,776.0,0.0,0.0,0.0,2,600.0,1051.5,1,776.0,0.0,0.0,0.0,0.0,0.0,29
2023-05-09 21:15:41,ag2312C5200,ag2312C5200,776.0,0.0,0.0,0.0,1,601.5,1051.0,2,776.0,0.0,0.0,0.0,0.0,0.0,29
2023-05-09 21:15:41,ag2312C5200,ag2312C5200,776.0,0.0,0.0,0.0,1,601.5,1051.0,2,776.0,0.0,0.0,0.0,0.0,0.0,29
2023-05-09 21:15:42,ag2312C5200,ag2312C5200,776.0,0.0,0.0,0.0,2,602.0,1051.0,2,776.0,0.0,0.0,0.0,0.0,0.0,29
2023-05-09 21:15:42,ag2312C5200,ag2312C5200,776.0,0.0,0.0,0.0,2,602.0,1051.0,2,776.0,0.0,0.0,0.0,0.0,0.0,29
2023-05-09 21:15:49,ag2312C5200,ag2312C5200,776.0,0.0,0.0,0.0,1,603.5,1049.5,1,776.0,0.0,0.0,0.0,0.0,0.0,29
2023-05-09 21:15:49,ag2312C5200,ag2312C5200,776.0,0.0,0.0,0.0,1,603.5,1049.5,1,776.0,0.0,0.0,0.0,0.0,0.0,29
2023-05-09 21:15:50,ag2312C5200,ag2312C5200,776.0,0.0,0.0,0.0,2,604.0,1049.0,2,776.0,0.0,0.0,0.0,0.0,0.0,29
2023-05-09 21:15:50,ag2312C5200,ag2312C5200,776.0,0.0,0.0,0.0,2,604.0,1049.0,2,776.0,0.0,0.0,0.0,0.0,0.0,29
2023-05-09 21:16:03,ag2312C5200,ag2312C5200,776.0,0.0,0.0,0.0,2,604.0,1047.5,1,776.0,0.0,0.0,0.0,0.0,0.0,29
2023-05-09 21:16:04,ag2312C5200,ag2312C5200,776.0,0.0,0.0,0.0,2,604.0,1047.5,1,776.0,0.0,0.0,0.0,0.0,0.0,29
2023-05-09 21:16:04,ag2312C5200,ag2312C5200,776.0,0.0,0.0,0.0,1,605.5,1047.0,2,776.0,0.0,0.0,0.0,0.0,0.0,29
2023-05-09 21:16:05,ag2312C5200,ag2312C5200,776.0,0.0,0.0,0.0,1,605.5,1047.0,2,776.0,0.0,0.0,0.0,0.0,0.0,29
2023-05-09 21:16:05,ag2312C5200,ag2312C5200,776.0,0.0,0.0,0.0,2,606.0,1047.0,2,776.0,0.0,0.0,0.0,0.0,0.0,29
2023-05-09 21:16:06,ag2312C5200,ag2312C5200,776.0,0.0,0.0,0.0,2,606.0,1047.0,2,776.0,0.0,0.0,0.0,0.0,0.0,29
2023-05-09 21:16:07,ag2312C5200,ag2312C5200,776.0,0.0,0.0,0.0,2,606.0,1045.5,1,776.0,0.0,0.0,0.0,0.0,0.0,29
2023-05-09 21:16:08,ag2312C5200,ag2312C5200,776.0,0.0,0.0,0.0,2,606.0,1045.5,1,776.0,0.0,0.0,0.0,0.0,0.0,29
2023-05-09 21:16:08,ag2312C5200,ag2312C5200,776.0,0.0,0.0,0.0,2,606.0,1045.0,2,776.0,0.0,0.0,0.0,0.0,0.0,29
2023-05-09 21:16:09,ag2312C5200,ag2312C5200,776.0,0.0,0.0,0.0,2,606.0,1045.0,2,776.0,0.0,0.0,0.0,0.0,0.0,29
2023-05-09 21:16:14,ag2312C5200,ag2312C5200,776.0,0.0,0.0,0.0,1,607.5,1045.0,2,776.0,0.0,0.0,0.0,0.0,0.0,29
2023-05-09 21:16:15,ag2312C5200,ag2312C5200,776.0,0.0,0.0,0.0,1,607.5,1043.5,1,776.0,0.0,0.0,0.0,0.0,0.0,29
2023-05-09 21:16:15,ag2312C5200,ag2312C5200,776.0,0.0,0.0,0.0,2,608.0,1043.5,1,776.0,0.0,0.0,0.0,0.0,0.0,29
2023-05-09 21:16:16,ag2312C5200,ag2312C5200,776.0,0.0,0.0,0.0,1,609.5,1043.0,2,776.0,0.0,0.0,0.0,0.0,0.0,29
2023-05-09 21:16:16,ag2312C5200,ag2312C5200,776.0,0.0,0.0,0.0,1,609.5,1043.0,2,776.0,0.0,0.0,0.0,0.0,0.0,29
2023-05-09 21:16:17,ag2312C5200,ag2312C5200,776.0,0.0,0.0,0.0,2,610.0,1043.0,2,776.0,0.0,0.0,0.0,0.0,0.0,29
2023-05-09 21:16:17,ag2312C5200,ag2312C5200,776.0,0.0,0.0,0.0,2,610.0,1043.0,2,776.0,0.0,0.0,0.0,0.0,0.0,29
2023-05-09 21:16:18,ag2312C5200,ag2312C5200,776.0,0.0,0.0,0.0,1,611.5,1041.5,1,776.0,0.0,0.0,0.0,0.0,0.0,29
2023-05-09 21:16:18,ag2312C5200,ag2312C5200,776.0,0.0,0.0,0.0,1,611.5,1041.5,1,776.0,0.0,0.0,0.0,0.0,0.0,29
2023-05-09 21:16:19,ag2312C5200,ag2312C5200,776.0,0.0,0.0,0.0,2,612.0,1041.0,2,776.0,0.0,0.0,0.0,0.0,0.0,29
2023-05-09 21:16:20,ag2312C5200,ag2312C5200,776.0,0.0,0.0,0.0,1,613.5,1041.0,2,776.0,0.0,0.0,0.0,0.0,0.0,29
2023-05-09 21:16:20,ag2312C5200,ag2312C5200,776.0,0.0,0.0,0.0,1,613.5,1041.0,2,776.0,0.0,0.0,0.0,0.0,0.0,29
2023-05-09 21:16:21,ag2312C5200,ag2312C5200,776.0,0.0,0.0,0.0,2,614.0,1041.0,2,776.0,0.0,0.0,0.0,0.0,0.0,29
2023-05-09 21:16:21,ag2312C5200,ag2312C5200,776.0,0.0,0.0,0.0,2,614.0,1041.0,2,776.0,0.0,0.0,0.0,0.0,0.0,29
2023-05-09 21:16:22,ag2312C5200,ag2312C5200,776.0,0.0,0.0,0.0,2,614.0,1039.5,1,776.0,0.0,0.0,0.0,0.0,0.0,29
2023-05-09 21:16:22,ag2312C5200,ag2312C5200,776.0,0.0,0.0,0.0,2,614.0,1039.5,1,776.0,0.0,0.0,0.0,0.0,0.0,29
2023-05-09 21:16:23,ag2312C5200,ag2312C5200,776.0,0.0,0.0,0.0,2,614.0,1039.0,2,776.0,0.0,0.0,0.0,0.0,0.0,29
2023-05-09 21:16:24,ag2312C5200,ag2312C5200,776.0,0.0,0.0,0.0,1,615.5,1037.5,1,776.0,0.0,0.0,0.0,0.0,0.0,29
2023-05-09 21:16:24,ag2312C5200,ag2312C5200,776.0,0.0,0.0,0.0,1,615.5,1037.5,1,776.0,0.0,0.0,0.0,0.0,0.0,29
2023-05-09 21:16:25,ag2312C5200,ag2312C5200,776.0,0.0,0.0,0.0,2,616.0,1037.0,2,776.0,0.0,0.0,0.0,0.0,0.0,29
2023-05-09 21:16:25,ag2312C5200,ag2312C5200,776.0,0.0,0.0,0.0,2,616.0,1037.0,2,776.0,0.0,0.0,0.0,0.0,0.0,29
2023-05-09 21:16:26,ag2312C5200,ag2312C5200,776.0,0.0,0.0,0.0,1,617.5,1035.5,1,776.0,0.0,0.0,0.0,0.0,0.0,29
2023-05-09 21:16:26,ag2312C5200,ag2312C5200,776.0,0.0,0.0,0.0,1,617.5,1035.5,1,776.0,0.0,0.0,0.0,0.0,0.0,29
2023-05-09 21:16:27,ag2312C5200,ag2312C5200,776.0,0.0,0.0,0.0,2,618.0,1035.0,2,776.0,0.0,0.0,0.0,0.0,0.0,29
2023-05-09 21:16:28,ag2312C5200,ag2312C5200,776.0,0.0,0.0,0.0,1,619.5,1035.0,2,776.0,0.0,0.0,0.0,0.0,0.0,29
2023-05-09 21:16:28,ag2312C5200,ag2312C5200,776.0,0.0,0.0,0.0,1,619.5,1035.0,2,776.0,0.0,0.0,0.0,0.0,0.0,29
2023-05-09 21:16:29,ag2312C5200,ag2312C5200,776.0,0.0,0.0,0.0,2,620.0,1035.0,2,776.0,0.0,0.0,0.0,0.0,0.0,29
2023-05-09 21:16:29,ag2312C5200,ag2312C5200,776.0,0.0,0.0,0.0,2,620.0,1035.0,2,776.0,0.0,0.0,0.0,0.0,0.0,29
2023-05-09 21:16:30,ag2312C5200,ag2312C5200,776.0,0.0,0.0,0.0,2,620.0,1033.5,1,776.0,0.0,0.0,0.0,0.0,0.0,29
2023-05-09 21:16:30,ag2312C5200,ag2312C5200,776.0,0.0,0.0,0.0,2,620.0,1033.5,1,776.0,0.0,0.0,0.0,0.0,0.0,29
2023-05-09 21:16:31,ag2312C5200,ag2312C5200,776.0,0.0,0.0,0.0,2,620.0,1033.0,2,776.0,0.0,0.0,0.0,0.0,0.0,29
2023-05-09 21:16:32,ag2312C5200,ag2312C5200,776.0,0.0,0.0,0.0,2,620.0,1033.0,2,776.0,0.0,0.0,0.0,0.0,0.0,29
2023-05-09 21:16:33,ag2312C5200,ag2312C5200,776.0,0.0,0.0,0.0,2,620.0,1031.5,1,776.0,0.0,0.0,0.0,0.0,0.0,29
2023-05-09 21:16:33,ag2312C5200,ag2312C5200,776.0,0.0,0.0,0.0,2,620.0,1031.5,1,776.0,0.0,0.0,0.0,0.0,0.0,29
2023-05-09 21:16:34,ag2312C5200,ag2312C5200,776.0,0.0,0.0,0.0,2,620.0,1031.0,2,776.0,0.0,0.0,0.0,0.0,0.0,29
2023-05-09 21:16:35,ag2312C5200,ag2312C5200,776.0,0.0,0.0,0.0,2,620.0,1031.0,2,776.0,0.0,0.0,0.0,0.0,0.0,29
2023-05-09 21:16:39,ag2312C5200,ag2312C5200,776.0,0.0,0.0,0.0,2,620.0,1029.5,1,776.0,0.0,0.0,0.0,0.0,0.0,29
2023-05-09 21:16:39,ag2312C5200,ag2312C5200,776.0,0.0,0.0,0.0,2,620.0,1029.5,1,776.0,0.0,0.0,0.0,0.0,0.0,29
2023-05-09 21:16:40,ag2312C5200,ag2312C5200,776.0,0.0,0.0,0.0,2,620.0,1029.0,2,776.0,0.0,0.0,0.0,0.0,0.0,29
2023-05-09 21:16:40,ag2312C5200,ag2312C5200,776.0,0.0,0.0,0.0,2,620.0,1027.5,1,776.0,0.0,0.0,0.0,0.0,0.0,29
2023-05-09 21:16:41,ag2312C5200,ag2312C5200,776.0,0.0,0.0,0.0,2,620.0,1027.5,1,776.0,0.0,0.0,0.0,0.0,0.0,29
2023-05-09 21:16:41,ag2312C5200,ag2312C5200,776.0,0.0,0.0,0.0,2,620.0,1027.0,2,776.0,0.0,0.0,0.0,0.0,0.0,29
2023-05-09 21:16:42,ag2312C5200,ag2312C5200,776.0,0.0,0.0,0.0,2,620.0,1027.0,2,776.0,0.0,0.0,0.0,0.0,0.0,29
2023-05-09 21:16:43,ag2312C5200,ag2312C5200,776.0,0.0,0.0,0.0,2,620.0,1025.5,1,776.0,0.0,0.0,0.0,0.0,0.0,29
2023-05-09 21:16:44,ag2312C5200,ag2312C5200,776.0,0.0,0.0,0.0,2,620.0,1025.5,1,776.0,0.0,0.0,0.0,0.0,0.0,29
2023-05-09 21:16:44,ag2312C5200,ag2312C5200,776.0,0.0,0.0,0.0,2,620.0,1025.0,2,776.0,0.0,0.0,0.0,0.0,0.0,29
2023-05-09 21:16:45,ag2312C5200,ag2312C5200,776.0,0.0,0.0,0.0,2,620.0,1025.0,2,776.0,0.0,0.0,0.0,0.0,0.0,29
2023-05-09 21:16:53,ag2312C5200,ag2312C5200,776.0,0.0,0.0,0.0,2,620.0,1023.5,1,776.0,0.0,0.0,0.0,0.0,0.0,29
2023-05-09 21:16:53,ag2312C5200,ag2312C5200,776.0,0.0,0.0,0.0,2,620.0,1023.5,1,776.0,0.0,0.0,0.0,0.0,0.0,29
2023-05-09 21:16:54,ag2312C5200,ag2312C5200,776.0,0.0,0.0,0.0,2,620.0,1023.0,2,776.0,0.0,0.0,0.0,0.0,0.0,29
2023-05-09 21:16:54,ag2312C5200,ag2312C5200,776.0,0.0,0.0,0.0,2,620.0,1023.0,2,776.0,0.0,0.0,0.0,0.0,0.0,29
2023-05-09 21:17:13,ag2312C5200,ag2312C5200,776.0,0.0,0.0,0.0,2,620.0,1021.5,1,776.0,0.0,0.0,0.0,0.0,0.0,29
2023-05-09 21:17:13,ag2312C5200,ag2312C5200,776.0,0.0,0.0,0.0,2,620.0,1021.5,1,776.0,0.0,0.0,0.0,0.0,0.0,29
2023-05-09 21:17:14,ag2312C5200,ag2312C5200,776.0,0.0,0.0,0.0,2,620.0,1021.0,2,776.0,0.0,0.0,0.0,0.0,0.0,29
2023-05-09 21:17:14,ag2312C5200,ag2312C5200,776.0,0.0,0.0,0.0,1,621.5,1021.0,2,776.0,0.0,0.0,0.0,0.0,0.0,29
2023-05-09 21:17:15,ag2312C5200,ag2312C5200,776.0,0.0,0.0,0.0,1,621.5,1021.0,2,776.0,0.0,0.0,0.0,0.0,0.0,29
2023-05-09 21:17:15,ag2312C5200,ag2312C5200,776.0,0.0,0.0,0.0,2,622.0,1019.5,1,776.0,0.0,0.0,0.0,0.0,0.0,29
2023-05-09 21:17:16,ag2312C5200,ag2312C5200,776.0,0.0,0.0,0.0,2,622.0,1019.5,1,776.0,0.0,0.0,0.0,0.0,0.0,29
2023-05-09 21:17:16,ag2312C5200,ag2312C5200,776.0,0.0,0.0,0.0,2,622.0,1019.0,2,776.0,0.0,0.0,0.0,0.0,0.0,29
2023-05-09 21:17:17,ag2312C5200,ag2312C5200,776.0,0.0,0.0,0.0,2,622.0,1019.0,2,776.0,0.0,0.0,0.0,0.0,0.0,29
2023-05-09 21:17:19,ag2312C5200,ag2312C5200,776.0,0.0,0.0,0.0,1,623.5,1019.0,2,776.0,0.0,0.0,0.0,0.0,0.0,29
2023-05-09 21:17:19,ag2312C5200,ag2312C5200,776.0,0.0,0.0,0.0,1,623.5,1019.0,2,776.0,0.0,0.0,0.0,0.0,0.0,29
2023-05-09 21:17:20,ag2312C5200,ag2312C5200,776.0,0.0,0.0,0.0,2,624.0,1019.0,2,776.0,0.0,0.0,0.0,0.0,0.0,29
2023-05-09 21:17:20,ag2312C5200,ag2312C5200,776.0,0.0,0.0,0.0,2,624.0,1019.0,2,776.0,0.0,0.0,0.0,0.0,0.0,29
2023-05-09 21:17:33,ag2312C5200,ag2312C5200,776.0,0.0,0.0,0.0,2,624.0,1017.5,1,776.0,0.0,0.0,0.0,0.0,0.0,29
2023-05-09 21:17:34,ag2312C5200,ag2312C5200,776.0,0.0,0.0,0.0,2,624.0,1017.5,1,776.0,0.0,0.0,0.0,0.0,0.0,29
2023-05-09 21:17:34,ag2312C5200,ag2312C5200,776.0,0.0,0.0,0.0,2,624.0,1017.0,2,776.0,0.0,0.0,0.0,0.0,0.0,29
2023-05-09 21:17:35,ag2312C5200,ag2312C5200,776.0,0.0,0.0,0.0,2,624.0,1017.0,2,776.0,0.0,0.0,0.0,0.0,0.0,29
2023-05-09 21:17:42,ag2312C5200,ag2312C5200,776.0,0.0,0.0,0.0,2,624.0,1015.5,1,776.0,0.0,0.0,0.0,0.0,0.0,29
2023-05-09 21:17:43,ag2312C5200,ag2312C5200,776.0,0.0,0.0,0.0,2,624.0,1015.5,1,776.0,0.0,0.0,0.0,0.0,0.0,29
2023-05-09 21:17:43,ag2312C5200,ag2312C5200,776.0,0.0,0.0,0.0,2,624.0,1015.0,2,776.0,0.0,0.0,0.0,0.0,0.0,29
2023-05-09 21:17:44,ag2312C5200,ag2312C5200,776.0,0.0,0.0,0.0,1,625.5,1013.5,1,776.0,0.0,0.0,0.0,0.0,0.0,29
2023-05-09 21:17:44,ag2312C5200,ag2312C5200,776.0,0.0,0.0,0.0,1,625.5,1013.5,1,776.0,0.0,0.0,0.0,0.0,0.0,29
2023-05-09 21:17:45,ag2312C5200,ag2312C5200,776.0,0.0,0.0,0.0,2,626.0,1013.0,2,776.0,0.0,0.0,0.0,0.0,0.0,29
2023-05-09 21:17:46,ag2312C5200,ag2312C5200,776.0,0.0,0.0,0.0,2,626.0,1013.0,2,776.0,0.0,0.0,0.0,0.0,0.0,29
2023-05-09 21:17:52,ag2312C5200,ag2312C5200,776.0,0.0,0.0,0.0,2,626.0,1011.5,1,776.0,0.0,0.0,0.0,0.0,0.0,29
2023-05-09 21:17:52,ag2312C5200,ag2312C5200,776.0,0.0,0.0,0.0,2,626.0,1011.5,1,776.0,0.0,0.0,0.0,0.0,0.0,29
2023-05-09 21:17:53,ag2312C5200,ag2312C5200,776.0,0.0,0.0,0.0,2,626.0,1011.0,2,776.0,0.0,0.0,0.0,0.0,0.0,29
2023-05-09 21:17:53,ag2312C5200,ag2312C5200,776.0,0.0,0.0,0.0,2,626.0,1011.0,2,776.0,0.0,0.0,0.0,0.0,0.0,29
2023-05-09 21:18:03,ag2312C5200,ag2312C5200,776.0,0.0,0.0,0.0,2,626.0,1009.5,1,776.0,0.0,0.0,0.0,0.0,0.0,29
2023-05-09 21:18:04,ag2312C5200,ag2312C5200,776.0,0.0,0.0,0.0,2,626.0,1009.5,1,776.0,0.0,0.0,0.0,0.0,0.0,29
2023-05-09 21:18:04,ag2312C5200,ag2312C5200,776.0,0.0,0.0,0.0,2,626.0,1009.0,2,776.0,0.0,0.0,0.0,0.0,0.0,29
2023-05-09 21:18:05,ag2312C5200,ag2312C5200,776.0,0.0,0.0,0.0,2,626.0,1007.5,1,776.0,0.0,0.0,0.0,0.0,0.0,29
2023-05-09 21:18:05,ag2312C5200,ag2312C5200,776.0,0.0,0.0,0.0,2,626.0,1007.5,1,776.0,0.0,0.0,0.0,0.0,0.0,29
2023-05-09 21:18:06,ag2312C5200,ag2312C5200,776.0,0.0,0.0,0.0,2,626.0,1007.0,2,776.0,0.0,0.0,0.0,0.0,0.0,29
2023-05-09 21:18:06,ag2312C5200,ag2312C5200,776.0,0.0,0.0,0.0,2,626.0,1007.0,2,776.0,0.0,0.0,0.0,0.0,0.0,29
2023-05-09 21:18:12,ag2312C5200,ag2312C5200,776.0,0.0,0.0,0.0,2,626.0,1005.5,1,776.0,0.0,0.0,0.0,0.0,0.0,29
2023-05-09 21:18:13,ag2312C5200,ag2312C5200,776.0,0.0,0.0,0.0,2,626.0,1005.5,1,776.0,0.0,0.0,0.0,0.0,0.0,29
2023-05-09 21:18:13,ag2312C5200,ag2312C5200,776.0,0.0,0.0,0.0,2,626.0,1005.0,2,776.0,0.0,0.0,0.0,0.0,0.0,29
2023-05-09 21:18:14,ag2312C5200,ag2312C5200,776.0,0.0,0.0,0.0,2,626.0,1005.0,2,776.0,0.0,0.0,0.0,0.0,0.0,29
2023-05-09 21:18:19,ag2312C5200,ag2312C5200,776.0,0.0,0.0,0.0,2,626.0,1003.5,1,776.0,0.0,0.0,0.0,0.0,0.0,29
2023-05-09 21:18:19,ag2312C5200,ag2312C5200,776.0,0.0,0.0,0.0,2,626.0,1003.5,1,776.0,0.0,0.0,0.0,0.0,0.0,29
2023-05-09 21:18:20,ag2312C5200,ag2312C5200,776.0,0.0,0.0,0.0,2,626.0,1003.0,2,776.0,0.0,0.0,0.0,0.0,0.0,29
2023-05-09 21:18:20,ag2312C5200,ag2312C5200,776.0,0.0,0.0,0.0,2,626.0,1003.0,2,776.0,0.0,0.0,0.0,0.0,0.0,29
2023-05-09 21:18:24,ag2312C5200,ag2312C5200,776.0,0.0,0.0,0.0,2,626.0,1001.5,1,776.0,0.0,0.0,0.0,0.0,0.0,29
2023-05-09 21:18:24,ag2312C5200,ag2312C5200,776.0,0.0,0.0,0.0,2,626.0,1001.5,1,776.0,0.0,0.0,0.0,0.0,0.0,29
2023-05-09 21:18:25,ag2312C5200,ag2312C5200,776.0,0.0,0.0,0.0,2,626.0,1001.0,2,776.0,0.0,0.0,0.0,0.0,0.0,29
2023-05-09 21:18:26,ag2312C5200,ag2312C5200,776.0,0.0,0.0,0.0,2,626.0,1001.0,2,776.0,0.0,0.0,0.0,0.0,0.0,29
2023-05-09 21:18:26,ag2312C5200,ag2312C5200,776.0,0.0,0.0,0.0,2,626.0,999.5,1,776.0,0.0,0.0,0.0,0.0,0.0,29
2023-05-09 21:18:27,ag2312C5200,ag2312C5200,776.0,0.0,0.0,0.0,2,626.0,999.5,1,776.0,0.0,0.0,0.0,0.0,0.0,29
2023-05-09 21:18:27,ag2312C5200,ag2312C5200,776.0,0.0,0.0,0.0,2,626.0,999.0,2,776.0,0.0,0.0,0.0,0.0,0.0,29
2023-05-09 21:18:28,ag2312C5200,ag2312C5200,776.0,0.0,0.0,0.0,2,626.0,997.5,1,776.0,0.0,0.0,0.0,0.0,0.0,29
2023-05-09 21:18:29,ag2312C5200,ag2312C5200,776.0,0.0,0.0,0.0,2,626.0,997.5,1,776.0,0.0,0.0,0.0,0.0,0.0,29
2023-05-09 21:18:29,ag2312C5200,ag2312C5200,776.0,0.0,0.0,0.0,2,626.0,997.0,2,776.0,0.0,0.0,0.0,0.0,0.0,29
2023-05-09 21:18:30,ag2312C5200,ag2312C5200,776.0,0.0,0.0,0.0,2,626.0,997.0,2,776.0,0.0,0.0,0.0,0.0,0.0,29
2023-05-09 21:18:39,ag2312C5200,ag2312C5200,776.0,0.0,0.0,0.0,2,626.0,995.5,1,776.0,0.0,0.0,0.0,0.0,0.0,29
2023-05-09 21:18:40,ag2312C5200,ag2312C5200,776.0,0.0,0.0,0.0,2,626.0,995.5,1,776.0,0.0,0.0,0.0,0.0,0.0,29
2023-05-09 21:18:40,ag2312C5200,ag2312C5200,776.0,0.0,0.0,0.0,2,626.0,995.0,2,776.0,0.0,0.0,0.0,0.0,0.0,29
2023-05-09 21:18:41,ag2312C5200,ag2312C5200,776.0,0.0,0.0,0.0,2,626.0,995.0,2,776.0,0.0,0.0,0.0,0.0,0.0,29
2023-05-09 21:19:04,ag2312C5200,ag2312C5200,776.0,0.0,0.0,0.0,2,626.0,993.5,1,776.0,0.0,0.0,0.0,0.0,0.0,29
2023-05-09 21:19:04,ag2312C5200,ag2312C5200,776.0,0.0,0.0,0.0,2,626.0,993.5,1,776.0,0.0,0.0,0.0,0.0,0.0,29
2023-05-09 21:19:05,ag2312C5200,ag2312C5200,776.0,0.0,0.0,0.0,2,626.0,993.0,2,776.0,0.0,0.0,0.0,0.0,0.0,29
2023-05-09 21:19:05,ag2312C5200,ag2312C5200,776.0,0.0,0.0,0.0,2,626.0,993.0,2,776.0,0.0,0.0,0.0,0.0,0.0,29
2023-05-09 21:19:07,ag2312C5200,ag2312C5200,776.0,0.0,0.0,0.0,2,626.0,991.5,1,776.0,0.0,0.0,0.0,0.0,0.0,29
2023-05-09 21:19:07,ag2312C5200,ag2312C5200,776.0,0.0,0.0,0.0,2,626.0,991.5,1,776.0,0.0,0.0,0.0,0.0,0.0,29
2023-05-09 21:19:08,ag2312C5200,ag2312C5200,776.0,0.0,0.0,0.0,2,626.0,991.0,2,776.0,0.0,0.0,0.0,0.0,0.0,29
2023-05-09 21:19:08,ag2312C5200,ag2312C5200,776.0,0.0,0.0,0.0,2,626.0,991.0,2,776.0,0.0,0.0,0.0,0.0,0.0,29
2023-05-09 21:19:11,ag2312C5200,ag2312C5200,776.0,0.0,0.0,0.0,2,626.0,989.5,1,776.0,0.0,0.0,0.0,0.0,0.0,29
2023-05-09 21:19:12,ag2312C5200,ag2312C5200,776.0,0.0,0.0,0.0,2,626.0,989.5,1,776.0,0.0,0.0,0.0,0.0,0.0,29
2023-05-09 21:19:12,ag2312C5200,ag2312C5200,776.0,0.0,0.0,0.0,2,626.0,989.0,2,776.0,0.0,0.0,0.0,0.0,0.0,29
2023-05-09 21:19:13,ag2312C5200,ag2312C5200,776.0,0.0,0.0,0.0,2,626.0,989.0,2,776.0,0.0,0.0,0.0,0.0,0.0,29
2023-05-09 21:19:16,ag2312C5200,ag2312C5200,776.0,0.0,0.0,0.0,2,626.0,987.5,1,776.0,0.0,0.0,0.0,0.0,0.0,29
2023-05-09 21:19:17,ag2312C5200,ag2312C5200,776.0,0.0,0.0,0.0,2,626.0,987.5,1,776.0,0.0,0.0,0.0,0.0,0.0,29
2023-05-09 21:19:17,ag2312C5200,ag2312C5200,776.0,0.0,0.0,0.0,2,626.0,987.0,2,776.0,0.0,0.0,0.0,0.0,0.0,29
2023-05-09 21:19:18,ag2312C5200,ag2312C5200,776.0,0.0,0.0,0.0,2,626.0,985.5,1,776.0,0.0,0.0,0.0,0.0,0.0,29
2023-05-09 21:19:18,ag2312C5200,ag2312C5200,776.0,0.0,0.0,0.0,2,626.0,985.5,1,776.0,0.0,0.0,0.0,0.0,0.0,29
2023-05-09 21:19:19,ag2312C5200,ag2312C5200,776.0,0.0,0.0,0.0,2,626.0,985.0,2,776.0,0.0,0.0,0.0,0.0,0.0,29
2023-05-09 21:19:19,ag2312C5200,ag2312C5200,776.0,0.0,0.0,0.0,2,626.0,985.0,2,776.0,0.0,0.0,0.0,0.0,0.0,29
2023-05-09 21:19:36,ag2312C5200,ag2312C5200,776.0,0.0,0.0,0.0,2,626.0,983.5,1,776.0,0.0,0.0,0.0,0.0,0.0,29
2023-05-09 21:19:37,ag2312C5200,ag2312C5200,776.0,0.0,0.0,0.0,2,626.0,983.5,1,776.0,0.0,0.0,0.0,0.0,0.0,29
2023-05-09 21:19:37,ag2312C5200,ag2312C5200,776.0,0.0,0.0,0.0,2,626.0,983.0,2,776.0,0.0,0.0,0.0,0.0,0.0,29
2023-05-09 21:19:38,ag2312C5200,ag2312C5200,776.0,0.0,0.0,0.0,2,626.0,983.0,2,776.0,0.0,0.0,0.0,0.0,0.0,29
2023-05-09 21:19:43,ag2312C5200,ag2312C5200,776.0,0.0,0.0,0.0,2,626.0,981.5,1,776.0,0.0,0.0,0.0,0.0,0.0,29
2023-05-09 21:19:43,ag2312C5200,ag2312C5200,776.0,0.0,0.0,0.0,2,626.0,981.5,1,776.0,0.0,0.0,0.0,0.0,0.0,29
2023-05-09 21:19:44,ag2312C5200,ag2312C5200,776.0,0.0,0.0,0.0,2,626.0,981.0,2,776.0,0.0,0.0,0.0,0.0,0.0,29
2023-05-09 21:19:44,ag2312C5200,ag2312C5200,776.0,0.0,0.0,0.0,2,626.0,981.0,2,776.0,0.0,0.0,0.0,0.0,0.0,29
2023-05-09 21:19:47,ag2312C5200,ag2312C5200,776.0,0.0,0.0,0.0,2,626.0,979.5,1,776.0,0.0,0.0,0.0,0.0,0.0,29
2023-05-09 21:19:47,ag2312C5200,ag2312C5200,776.0,0.0,0.0,0.0,2,626.0,979.5,1,776.0,0.0,0.0,0.0,0.0,0.0,29
2023-05-09 21:19:48,ag2312C5200,ag2312C5200,776.0,0.0,0.0,0.0,2,626.0,979.0,2,776.0,0.0,0.0,0.0,0.0,0.0,29
2023-05-09 21:19:48,ag2312C5200,ag2312C5200,776.0,0.0,0.0,0.0,2,626.0,979.0,2,776.0,0.0,0.0,0.0,0.0,0.0,29
2023-05-09 21:20:13,ag2312C5200,ag2312C5200,776.0,0.0,0.0,0.0,2,626.0,977.5,1,776.0,0.0,0.0,0.0,0.0,0.0,29
2023-05-09 21:20:13,ag2312C5200,ag2312C5200,776.0,0.0,0.0,0.0,2,626.0,977.5,1,776.0,0.0,0.0,0.0,0.0,0.0,29
2023-05-09 21:20:14,ag2312C5200,ag2312C5200,776.0,0.0,0.0,0.0,2,626.0,977.0,2,776.0,0.0,0.0,0.0,0.0,0.0,29
2023-05-09 21:20:14,ag2312C5200,ag2312C5200,776.0,0.0,0.0,0.0,2,626.0,977.0,2,776.0,0.0,0.0,0.0,0.0,0.0,29
2023-05-09 21:20:16,ag2312C5200,ag2312C5200,776.0,0.0,0.0,0.0,2,626.0,975.5,1,776.0,0.0,0.0,0.0,0.0,0.0,29
2023-05-09 21:20:16,ag2312C5200,ag2312C5200,776.0,0.0,0.0,0.0,2,626.0,975.5,1,776.0,0.0,0.0,0.0,0.0,0.0,29
2023-05-09 21:20:17,ag2312C5200,ag2312C5200,776.0,0.0,0.0,0.0,2,626.0,975.0,2,776.0,0.0,0.0,0.0,0.0,0.0,29
2023-05-09 21:20:17,ag2312C5200,ag2312C5200,776.0,0.0,0.0,0.0,2,626.0,975.0,2,776.0,0.0,0.0,0.0,0.0,0.0,29
2023-05-09 21:20:19,ag2312C5200,ag2312C5200,776.0,0.0,0.0,0.0,2,626.0,973.5,1,776.0,0.0,0.0,0.0,0.0,0.0,29
2023-05-09 21:20:19,ag2312C5200,ag2312C5200,776.0,0.0,0.0,0.0,2,626.0,973.5,1,776.0,0.0,0.0,0.0,0.0,0.0,29
2023-05-09 21:20:20,ag2312C5200,ag2312C5200,776.0,0.0,0.0,0.0,2,626.0,973.0,2,776.0,0.0,0.0,0.0,0.0,0.0,29
2023-05-09 21:20:20,ag2312C5200,ag2312C5200,776.0,0.0,0.0,0.0,2,626.0,973.0,2,776.0,0.0,0.0,0.0,0.0,0.0,29
2023-05-09 21:20:26,ag2312C5200,ag2312C5200,776.0,0.0,0.0,0.0,2,626.0,971.5,1,776.0,0.0,0.0,0.0,0.0,0.0,29
2023-05-09 21:20:27,ag2312C5200,ag2312C5200,776.0,0.0,0.0,0.0,2,626.0,971.5,1,776.0,0.0,0.0,0.0,0.0,0.0,29
2023-05-09 21:20:27,ag2312C5200,ag2312C5200,776.0,0.0,0.0,0.0,2,626.0,971.0,2,776.0,0.0,0.0,0.0,0.0,0.0,29
2023-05-09 21:20:28,ag2312C5200,ag2312C5200,776.0,0.0,0.0,0.0,2,626.0,969.5,1,776.0,0.0,0.0,0.0,0.0,0.0,29
2023-05-09 21:20:28,ag2312C5200,ag2312C5200,776.0,0.0,0.0,0.0,2,626.0,969.5,1,776.0,0.0,0.0,0.0,0.0,0.0,29
2023-05-09 21:20:29,ag2312C5200,ag2312C5200,776.0,0.0,0.0,0.0,2,626.0,969.0,2,776.0,0.0,0.0,0.0,0.0,0.0,29
2023-05-09 21:20:29,ag2312C5200,ag2312C5200,776.0,0.0,0.0,0.0,2,626.0,969.0,2,776.0,0.0,0.0,0.0,0.0,0.0,29
2023-05-09 21:20:30,ag2312C5200,ag2312C5200,776.0,0.0,0.0,0.0,2,626.0,967.5,1,776.0,0.0,0.0,0.0,0.0,0.0,29
2023-05-09 21:20:30,ag2312C5200,ag2312C5200,776.0,0.0,0.0,0.0,2,626.0,967.5,1,776.0,0.0,0.0,0.0,0.0,0.0,29
2023-05-09 21:20:31,ag2312C5200,ag2312C5200,776.0,0.0,0.0,0.0,2,626.0,967.0,2,776.0,0.0,0.0,0.0,0.0,0.0,29
2023-05-09 21:20:31,ag2312C5200,ag2312C5200,776.0,0.0,0.0,0.0,2,626.0,967.0,2,776.0,0.0,0.0,0.0,0.0,0.0,29
2023-05-09 21:20:32,ag2312C5200,ag2312C5200,776.0,0.0,0.0,0.0,2,626.0,965.5,1,776.0,0.0,0.0,0.0,0.0,0.0,29
2023-05-09 21:20:32,ag2312C5200,ag2312C5200,776.0,0.0,0.0,0.0,2,626.0,965.5,1,776.0,0.0,0.0,0.0,0.0,0.0,29
2023-05-09 21:20:33,ag2312C5200,ag2312C5200,776.0,0.0,0.0,0.0,2,626.0,965.0,2,776.0,0.0,0.0,0.0,0.0,0.0,29
2023-05-09 21:20:33,ag2312C5200,ag2312C5200,776.0,0.0,0.0,0.0,2,626.0,965.0,2,776.0,0.0,0.0,0.0,0.0,0.0,29
2023-05-09 21:20:34,ag2312C5200,ag2312C5200,776.0,0.0,0.0,0.0,2,626.0,963.5,1,776.0,0.0,0.0,0.0,0.0,0.0,29
2023-05-09 21:20:34,ag2312C5200,ag2312C5200,776.0,0.0,0.0,0.0,2,626.0,963.5,1,776.0,0.0,0.0,0.0,0.0,0.0,29
2023-05-09 21:20:35,ag2312C5200,ag2312C5200,776.0,0.0,0.0,0.0,2,626.0,963.0,2,776.0,0.0,0.0,0.0,0.0,0.0,29
2023-05-09 21:20:35,ag2312C5200,ag2312C5200,776.0,0.0,0.0,0.0,2,626.0,963.0,2,776.0,0.0,0.0,0.0,0.0,0.0,29
2023-05-09 21:20:41,ag2312C5200,ag2312C5200,776.0,0.0,0.0,0.0,2,626.0,961.5,1,776.0,0.0,0.0,0.0,0.0,0.0,29
2023-05-09 21:20:41,ag2312C5200,ag2312C5200,776.0,0.0,0.0,0.0,2,626.0,961.5,1,776.0,0.0,0.0,0.0,0.0,0.0,29
2023-05-09 21:20:42,ag2312C5200,ag2312C5200,776.0,0.0,0.0,0.0,2,626.0,961.0,2,776.0,0.0,0.0,0.0,0.0,0.0,29
2023-05-09 21:20:42,ag2312C5200,ag2312C5200,776.0,0.0,0.0,0.0,2,626.0,961.0,2,776.0,0.0,0.0,0.0,0.0,0.0,29
2023-05-09 21:20:48,ag2312C5200,ag2312C5200,776.0,0.0,0.0,0.0,2,626.0,959.5,1,776.0,0.0,0.0,0.0,0.0,0.0,29
2023-05-09 21:20:49,ag2312C5200,ag2312C5200,776.0,0.0,0.0,0.0,2,626.0,959.5,1,776.0,0.0,0.0,0.0,0.0,0.0,29
2023-05-09 21:20:49,ag2312C5200,ag2312C5200,776.0,0.0,0.0,0.0,2,626.0,959.0,2,776.0,0.0,0.0,0.0,0.0,0.0,29
2023-05-09 21:20:50,ag2312C5200,ag2312C5200,776.0,0.0,0.0,0.0,2,626.0,957.5,1,776.0,0.0,0.0,0.0,0.0,0.0,29
2023-05-09 21:20:50,ag2312C5200,ag2312C5200,776.0,0.0,0.0,0.0,2,626.0,957.5,1,776.0,0.0,0.0,0.0,0.0,0.0,29
2023-05-09 21:20:51,ag2312C5200,ag2312C5200,776.0,0.0,0.0,0.0,2,626.0,957.0,2,776.0,0.0,0.0,0.0,0.0,0.0,29
2023-05-09 21:20:51,ag2312C5200,ag2312C5200,776.0,0.0,0.0,0.0,2,626.0,957.0,2,776.0,0.0,0.0,0.0,0.0,0.0,29
2023-05-09 21:20:52,ag2312C5200,ag2312C5200,776.0,0.0,0.0,0.0,2,626.0,955.5,1,776.0,0.0,0.0,0.0,0.0,0.0,29
2023-05-09 21:20:52,ag2312C5200,ag2312C5200,776.0,0.0,0.0,0.0,2,626.0,955.5,1,776.0,0.0,0.0,0.0,0.0,0.0,29
2023-05-09 21:20:53,ag2312C5200,ag2312C5200,776.0,0.0,0.0,0.0,2,626.0,955.0,2,776.0,0.0,0.0,0.0,0.0,0.0,29
2023-05-09 21:20:53,ag2312C5200,ag2312C5200,776.0,0.0,0.0,0.0,2,626.0,955.0,2,776.0,0.0,0.0,0.0,0.0,0.0,29
2023-05-09 21:20:55,ag2312C5200,ag2312C5200,776.0,0.0,0.0,0.0,2,626.0,953.5,1,776.0,0.0,0.0,0.0,0.0,0.0,29
2023-05-09 21:20:55,ag2312C5200,ag2312C5200,776.0,0.0,0.0,0.0,2,626.0,953.5,1,776.0,0.0,0.0,0.0,0.0,0.0,29
2023-05-09 21:20:56,ag2312C5200,ag2312C5200,776.0,0.0,0.0,0.0,2,626.0,953.0,2,776.0,0.0,0.0,0.0,0.0,0.0,29
2023-05-09 21:20:56,ag2312C5200,ag2312C5200,776.0,0.0,0.0,0.0,2,626.0,951.5,1,776.0,0.0,0.0,0.0,0.0,0.0,29
2023-05-09 21:20:57,ag2312C5200,ag2312C5200,776.0,0.0,0.0,0.0,2,626.0,951.5,1,776.0,0.0,0.0,0.0,0.0,0.0,29
2023-05-09 21:20:57,ag2312C5200,ag2312C5200,776.0,0.0,0.0,0.0,2,626.0,951.0,2,776.0,0.0,0.0,0.0,0.0,0.0,29
2023-05-09 21:20:58,ag2312C5200,ag2312C5200,776.0,0.0,0.0,0.0,2,626.0,951.0,2,776.0,0.0,0.0,0.0,0.0,0.0,29
2023-05-09 21:20:59,ag2312C5200,ag2312C5200,776.0,0.0,0.0,0.0,2,626.0,949.5,1,776.0,0.0,0.0,0.0,0.0,0.0,29
2023-05-09 21:21:00,ag2312C5200,ag2312C5200,776.0,0.0,0.0,0.0,2,626.0,949.5,1,776.0,0.0,0.0,0.0,0.0,0.0,29
2023-05-09 21:21:00,ag2312C5200,ag2312C5200,776.0,0.0,0.0,0.0,2,626.0,949.0,2,776.0,0.0,0.0,0.0,0.0,0.0,29
2023-05-09 21:21:01,ag2312C5200,ag2312C5200,776.0,0.0,0.0,0.0,2,626.0,949.0,2,776.0,0.0,0.0,0.0,0.0,0.0,29
2023-05-09 21:21:01,ag2312C5200,ag2312C5200,776.0,0.0,0.0,0.0,2,626.0,947.5,1,776.0,0.0,0.0,0.0,0.0,0.0,29
2023-05-09 21:21:02,ag2312C5200,ag2312C5200,776.0,0.0,0.0,0.0,2,626.0,947.5,1,776.0,0.0,0.0,0.0,0.0,0.0,29
2023-05-09 21:21:02,ag2312C5200,ag2312C5200,776.0,0.0,0.0,0.0,2,626.0,947.0,2,776.0,0.0,0.0,0.0,0.0,0.0,29
2023-05-09 21:21:03,ag2312C5200,ag2312C5200,776.0,0.0,0.0,0.0,2,626.0,947.0,2,776.0,0.0,0.0,0.0,0.0,0.0,29
2023-05-09 21:21:04,ag2312C5200,ag2312C5200,776.0,0.0,0.0,0.0,2,626.0,945.5,1,776.0,0.0,0.0,0.0,0.0,0.0,29
2023-05-09 21:21:05,ag2312C5200,ag2312C5200,776.0,0.0,0.0,0.0,2,626.0,945.5,1,776.0,0.0,0.0,0.0,0.0,0.0,29
2023-05-09 21:21:05,ag2312C5200,ag2312C5200,776.0,0.0,0.0,0.0,2,626.0,945.0,2,776.0,0.0,0.0,0.0,0.0,0.0,29
2023-05-09 21:21:06,ag2312C5200,ag2312C5200,776.0,0.0,0.0,0.0,2,626.0,945.0,2,776.0,0.0,0.0,0.0,0.0,0.0,29
2023-05-09 21:21:10,ag2312C5200,ag2312C5200,776.0,0.0,0.0,0.0,1,627.5,943.5,1,776.0,0.0,0.0,0.0,0.0,0.0,29
2023-05-09 21:21:11,ag2312C5200,ag2312C5200,776.0,0.0,0.0,0.0,1,627.5,943.5,1,776.0,0.0,0.0,0.0,0.0,0.0,29
2023-05-09 21:21:11,ag2312C5200,ag2312C5200,776.0,0.0,0.0,0.0,2,628.0,943.0,2,776.0,0.0,0.0,0.0,0.0,0.0,29
2023-05-09 21:21:12,ag2312C5200,ag2312C5200,776.0,0.0,0.0,0.0,2,628.0,943.0,2,776.0,0.0,0.0,0.0,0.0,0.0,29
2023-05-09 21:21:12,ag2312C5200,ag2312C5200,776.0,0.0,0.0,0.0,1,629.5,941.5,1,776.0,0.0,0.0,0.0,0.0,0.0,29
2023-05-09 21:21:13,ag2312C5200,ag2312C5200,776.0,0.0,0.0,0.0,1,629.5,941.5,1,776.0,0.0,0.0,0.0,0.0,0.0,29
2023-05-09 21:21:13,ag2312C5200,ag2312C5200,776.0,0.0,0.0,0.0,2,630.0,941.0,2,776.0,0.0,0.0,0.0,0.0,0.0,29
2023-05-09 21:21:14,ag2312C5200,ag2312C5200,776.0,0.0,0.0,0.0,2,630.0,941.0,2,776.0,0.0,0.0,0.0,0.0,0.0,29
2023-05-09 21:21:15,ag2312C5200,ag2312C5200,776.0,0.0,0.0,0.0,1,631.5,939.5,1,776.0,0.0,0.0,0.0,0.0,0.0,29
2023-05-09 21:21:16,ag2312C5200,ag2312C5200,776.0,0.0,0.0,0.0,1,631.5,939.5,1,776.0,0.0,0.0,0.0,0.0,0.0,29
2023-05-09 21:21:16,ag2312C5200,ag2312C5200,776.0,0.0,0.0,0.0,2,632.0,939.0,2,776.0,0.0,0.0,0.0,0.0,0.0,29
2023-05-09 21:21:17,ag2312C5200,ag2312C5200,776.0,0.0,0.0,0.0,2,632.0,937.5,1,776.0,0.0,0.0,0.0,0.0,0.0,29
2023-05-09 21:21:17,ag2312C5200,ag2312C5200,776.0,0.0,0.0,0.0,2,632.0,937.5,1,776.0,0.0,0.0,0.0,0.0,0.0,29
2023-05-09 21:21:18,ag2312C5200,ag2312C5200,776.0,0.0,0.0,0.0,2,632.0,937.0,2,776.0,0.0,0.0,0.0,0.0,0.0,29
2023-05-09 21:21:18,ag2312C5200,ag2312C5200,776.0,0.0,0.0,0.0,2,632.0,937.0,2,776.0,0.0,0.0,0.0,0.0,0.0,29
2023-05-09 21:21:19,ag2312C5200,ag2312C5200,776.0,0.0,0.0,0.0,2,632.0,935.5,1,776.0,0.0,0.0,0.0,0.0,0.0,29
2023-05-09 21:21:19,ag2312C5200,ag2312C5200,776.0,0.0,0.0,0.0,2,632.0,935.5,1,776.0,0.0,0.0,0.0,0.0,0.0,29
2023-05-09 21:21:20,ag2312C5200,ag2312C5200,776.0,0.0,0.0,0.0,2,632.0,935.0,2,776.0,0.0,0.0,0.0,0.0,0.0,29
2023-05-09 21:21:20,ag2312C5200,ag2312C5200,776.0,0.0,0.0,0.0,2,632.0,935.0,2,776.0,0.0,0.0,0.0,0.0,0.0,29
2023-05-09 21:21:21,ag2312C5200,ag2312C5200,776.0,0.0,0.0,0.0,2,632.0,933.5,1,776.0,0.0,0.0,0.0,0.0,0.0,29
2023-05-09 21:21:21,ag2312C5200,ag2312C5200,776.0,0.0,0.0,0.0,2,632.0,933.5,1,776.0,0.0,0.0,0.0,0.0,0.0,29
2023-05-09 21:21:22,ag2312C5200,ag2312C5200,776.0,0.0,0.0,0.0,2,632.0,933.0,2,776.0,0.0,0.0,0.0,0.0,0.0,29
2023-05-09 21:21:22,ag2312C5200,ag2312C5200,776.0,0.0,0.0,0.0,2,632.0,931.5,1,776.0,0.0,0.0,0.0,0.0,0.0,29
2023-05-09 21:21:23,ag2312C5200,ag2312C5200,776.0,0.0,0.0,0.0,2,632.0,931.5,1,776.0,0.0,0.0,0.0,0.0,0.0,29
2023-05-09 21:21:23,ag2312C5200,ag2312C5200,776.0,0.0,0.0,0.0,2,632.0,931.0,2,776.0,0.0,0.0,0.0,0.0,0.0,29
2023-05-09 21:21:24,ag2312C5200,ag2312C5200,776.0,0.0,0.0,0.0,2,632.0,931.0,2,776.0,0.0,0.0,0.0,0.0,0.0,29
2023-05-09 21:21:24,ag2312C5200,ag2312C5200,776.0,0.0,0.0,0.0,2,632.0,929.5,1,776.0,0.0,0.0,0.0,0.0,0.0,29
2023-05-09 21:21:25,ag2312C5200,ag2312C5200,776.0,0.0,0.0,0.0,2,632.0,929.5,1,776.0,0.0,0.0,0.0,0.0,0.0,29
2023-05-09 21:21:25,ag2312C5200,ag2312C5200,776.0,0.0,0.0,0.0,2,632.0,929.0,2,776.0,0.0,0.0,0.0,0.0,0.0,29
2023-05-09 21:21:26,ag2312C5200,ag2312C5200,776.0,0.0,0.0,0.0,2,632.0,927.5,1,776.0,0.0,0.0,0.0,0.0,0.0,29
2023-05-09 21:21:26,ag2312C5200,ag2312C5200,776.0,0.0,0.0,0.0,2,632.0,927.5,1,776.0,0.0,0.0,0.0,0.0,0.0,29
2023-05-09 21:21:27,ag2312C5200,ag2312C5200,776.0,0.0,0.0,0.0,2,632.0,927.0,2,776.0,0.0,0.0,0.0,0.0,0.0,29
2023-05-09 21:21:27,ag2312C5200,ag2312C5200,776.0,0.0,0.0,0.0,2,632.0,927.0,2,776.0,0.0,0.0,0.0,0.0,0.0,29
2023-05-09 21:21:28,ag2312C5200,ag2312C5200,776.0,0.0,0.0,0.0,2,632.0,925.5,1,776.0,0.0,0.0,0.0,0.0,0.0,29
2023-05-09 21:21:28,ag2312C5200,ag2312C5200,776.0,0.0,0.0,0.0,2,632.0,925.5,1,776.0,0.0,0.0,0.0,0.0,0.0,29
2023-05-09 21:21:29,ag2312C5200,ag2312C5200,776.0,0.0,0.0,0.0,2,632.0,925.0,2,776.0,0.0,0.0,0.0,0.0,0.0,29
2023-05-09 21:21:29,ag2312C5200,ag2312C5200,776.0,0.0,0.0,0.0,2,632.0,923.5,1,776.0,0.0,0.0,0.0,0.0,0.0,29
2023-05-09 21:21:30,ag2312C5200,ag2312C5200,776.0,0.0,0.0,0.0,2,632.0,923.5,1,776.0,0.0,0.0,0.0,0.0,0.0,29
2023-05-09 21:21:30,ag2312C5200,ag2312C5200,776.0,0.0,0.0,0.0,2,632.0,923.0,2,776.0,0.0,0.0,0.0,0.0,0.0,29
2023-05-09 21:21:31,ag2312C5200,ag2312C5200,776.0,0.0,0.0,0.0,2,632.0,921.5,1,776.0,0.0,0.0,0.0,0.0,0.0,29
2023-05-09 21:21:31,ag2312C5200,ag2312C5200,776.0,0.0,0.0,0.0,2,632.0,921.5,1,776.0,0.0,0.0,0.0,0.0,0.0,29
2023-05-09 21:21:32,ag2312C5200,ag2312C5200,776.0,0.0,0.0,0.0,2,632.0,921.0,2,776.0,0.0,0.0,0.0,0.0,0.0,29
2023-05-09 21:21:32,ag2312C5200,ag2312C5200,776.0,0.0,0.0,0.0,2,632.0,919.5,1,776.0,0.0,0.0,0.0,0.0,0.0,29
2023-05-09 21:21:33,ag2312C5200,ag2312C5200,776.0,0.0,0.0,0.0,2,632.0,919.5,1,776.0,0.0,0.0,0.0,0.0,0.0,29
2023-05-09 21:21:33,ag2312C5200,ag2312C5200,776.0,0.0,0.0,0.0,2,632.0,919.0,2,776.0,0.0,0.0,0.0,0.0,0.0,29
2023-05-09 21:21:34,ag2312C5200,ag2312C5200,776.0,0.0,0.0,0.0,2,632.0,917.5,1,776.0,0.0,0.0,0.0,0.0,0.0,29
2023-05-09 21:21:34,ag2312C5200,ag2312C5200,776.0,0.0,0.0,0.0,2,632.0,917.5,1,776.0,0.0,0.0,0.0,0.0,0.0,29
2023-05-09 21:21:35,ag2312C5200,ag2312C5200,776.0,0.0,0.0,0.0,2,632.0,917.0,2,776.0,0.0,0.0,0.0,0.0,0.0,29
2023-05-09 21:21:35,ag2312C5200,ag2312C5200,776.0,0.0,0.0,0.0,2,632.0,915.5,1,776.0,0.0,0.0,0.0,0.0,0.0,29
2023-05-09 21:21:36,ag2312C5200,ag2312C5200,776.0,0.0,0.0,0.0,2,632.0,915.5,1,776.0,0.0,0.0,0.0,0.0,0.0,29
2023-05-09 21:21:36,ag2312C5200,ag2312C5200,776.0,0.0,0.0,0.0,2,632.0,915.0,2,776.0,0.0,0.0,0.0,0.0,0.0,29
2023-05-09 21:21:37,ag2312C5200,ag2312C5200,776.0,0.0,0.0,0.0,2,632.0,913.5,1,776.0,0.0,0.0,0.0,0.0,0.0,29
2023-05-09 21:21:37,ag2312C5200,ag2312C5200,776.0,0.0,0.0,0.0,2,632.0,913.5,1,776.0,0.0,0.0,0.0,0.0,0.0,29
2023-05-09 21:21:38,ag2312C5200,ag2312C5200,776.0,0.0,0.0,0.0,2,632.0,913.0,2,776.0,0.0,0.0,0.0,0.0,0.0,29
2023-05-09 21:21:38,ag2312C5200,ag2312C5200,776.0,0.0,0.0,0.0,2,632.0,913.0,2,776.0,0.0,0.0,0.0,0.0,0.0,29
2023-05-09 21:21:39,ag2312C5200,ag2312C5200,776.0,0.0,0.0,0.0,2,632.0,911.5,1,776.0,0.0,0.0,0.0,0.0,0.0,29
2023-05-09 21:21:40,ag2312C5200,ag2312C5200,776.0,0.0,0.0,0.0,2,632.0,911.5,1,776.0,0.0,0.0,0.0,0.0,0.0,29
2023-05-09 21:21:40,ag2312C5200,ag2312C5200,776.0,0.0,0.0,0.0,2,632.0,911.0,2,776.0,0.0,0.0,0.0,0.0,0.0,29
2023-05-09 21:21:41,ag2312C5200,ag2312C5200,776.0,0.0,0.0,0.0,2,632.0,909.5,1,776.0,0.0,0.0,0.0,0.0,0.0,29
2023-05-09 21:21:41,ag2312C5200,ag2312C5200,776.0,0.0,0.0,0.0,2,632.0,909.5,1,776.0,0.0,0.0,0.0,0.0,0.0,29
2023-05-09 21:21:42,ag2312C5200,ag2312C5200,776.0,0.0,0.0,0.0,2,632.0,909.0,2,776.0,0.0,0.0,0.0,0.0,0.0,29
2023-05-09 21:21:42,ag2312C5200,ag2312C5200,776.0,0.0,0.0,0.0,2,632.0,907.5,1,776.0,0.0,0.0,0.0,0.0,0.0,29
2023-05-09 21:21:43,ag2312C5200,ag2312C5200,776.0,0.0,0.0,0.0,2,632.0,907.5,1,776.0,0.0,0.0,0.0,0.0,0.0,29
2023-05-09 21:21:43,ag2312C5200,ag2312C5200,776.0,0.0,0.0,0.0,2,632.0,907.0,2,776.0,0.0,0.0,0.0,0.0,0.0,29
2023-05-09 21:21:44,ag2312C5200,ag2312C5200,776.0,0.0,0.0,0.0,2,632.0,905.5,1,776.0,0.0,0.0,0.0,0.0,0.0,29
2023-05-09 21:21:44,ag2312C5200,ag2312C5200,776.0,0.0,0.0,0.0,2,632.0,905.5,1,776.0,0.0,0.0,0.0,0.0,0.0,29
2023-05-09 21:21:45,ag2312C5200,ag2312C5200,776.0,0.0,0.0,0.0,2,632.0,905.0,2,776.0,0.0,0.0,0.0,0.0,0.0,29
2023-05-09 21:21:45,ag2312C5200,ag2312C5200,776.0,0.0,0.0,0.0,2,632.0,903.5,1,776.0,0.0,0.0,0.0,0.0,0.0,29
2023-05-09 21:21:46,ag2312C5200,ag2312C5200,776.0,0.0,0.0,0.0,2,632.0,903.5,1,776.0,0.0,0.0,0.0,0.0,0.0,29
2023-05-09 21:21:46,ag2312C5200,ag2312C5200,776.0,0.0,0.0,0.0,2,632.0,903.0,2,776.0,0.0,0.0,0.0,0.0,0.0,29
2023-05-09 21:21:47,ag2312C5200,ag2312C5200,776.0,0.0,0.0,0.0,2,632.0,901.5,1,776.0,0.0,0.0,0.0,0.0,0.0,29
2023-05-09 21:21:47,ag2312C5200,ag2312C5200,776.0,0.0,0.0,0.0,2,632.0,901.5,1,776.0,0.0,0.0,0.0,0.0,0.0,29
2023-05-09 21:21:48,ag2312C5200,ag2312C5200,776.0,0.0,0.0,0.0,2,632.0,901.0,2,776.0,0.0,0.0,0.0,0.0,0.0,29
2023-05-09 21:21:48,ag2312C5200,ag2312C5200,776.0,0.0,0.0,0.0,2,632.0,899.5,1,776.0,0.0,0.0,0.0,0.0,0.0,29
2023-05-09 21:21:49,ag2312C5200,ag2312C5200,776.0,0.0,0.0,0.0,2,632.0,899.5,1,776.0,0.0,0.0,0.0,0.0,0.0,29
2023-05-09 21:21:49,ag2312C5200,ag2312C5200,776.0,0.0,0.0,0.0,2,632.0,899.0,2,776.0,0.0,0.0,0.0,0.0,0.0,29
2023-05-09 21:21:50,ag2312C5200,ag2312C5200,776.0,0.0,0.0,0.0,2,632.0,897.5,1,776.0,0.0,0.0,0.0,0.0,0.0,29
2023-05-09 21:21:50,ag2312C5200,ag2312C5200,776.0,0.0,0.0,0.0,2,632.0,897.5,1,776.0,0.0,0.0,0.0,0.0,0.0,29
2023-05-09 21:21:51,ag2312C5200,ag2312C5200,776.0,0.0,0.0,0.0,2,632.0,897.0,2,776.0,0.0,0.0,0.0,0.0,0.0,29
2023-05-09 21:21:51,ag2312C5200,ag2312C5200,776.0,0.0,0.0,0.0,2,632.0,895.5,1,776.0,0.0,0.0,0.0,0.0,0.0,29
2023-05-09 21:21:52,ag2312C5200,ag2312C5200,776.0,0.0,0.0,0.0,2,632.0,895.5,1,776.0,0.0,0.0,0.0,0.0,0.0,29
2023-05-09 21:21:52,ag2312C5200,ag2312C5200,776.0,0.0,0.0,0.0,2,632.0,895.0,2,776.0,0.0,0.0,0.0,0.0,0.0,29
2023-05-09 21:21:53,ag2312C5200,ag2312C5200,776.0,0.0,0.0,0.0,2,632.0,893.5,1,776.0,0.0,0.0,0.0,0.0,0.0,29
2023-05-09 21:21:53,ag2312C5200,ag2312C5200,776.0,0.0,0.0,0.0,2,632.0,893.5,1,776.0,0.0,0.0,0.0,0.0,0.0,29
2023-05-09 21:21:54,ag2312C5200,ag2312C5200,776.0,0.0,0.0,0.0,2,632.0,893.0,2,776.0,0.0,0.0,0.0,0.0,0.0,29
2023-05-09 21:21:54,ag2312C5200,ag2312C5200,776.0,0.0,0.0,0.0,2,632.0,891.5,1,776.0,0.0,0.0,0.0,0.0,0.0,29
2023-05-09 21:21:55,ag2312C5200,ag2312C5200,776.0,0.0,0.0,0.0,2,632.0,891.5,1,776.0,0.0,0.0,0.0,0.0,0.0,29
2023-05-09 21:21:55,ag2312C5200,ag2312C5200,776.0,0.0,0.0,0.0,2,632.0,891.0,2,776.0,0.0,0.0,0.0,0.0,0.0,29
2023-05-09 21:21:56,ag2312C5200,ag2312C5200,776.0,0.0,0.0,0.0,2,632.0,889.5,1,776.0,0.0,0.0,0.0,0.0,0.0,29
2023-05-09 21:21:56,ag2312C5200,ag2312C5200,776.0,0.0,0.0,0.0,2,632.0,889.5,1,776.0,0.0,0.0,0.0,0.0,0.0,29
2023-05-09 21:21:57,ag2312C5200,ag2312C5200,776.0,0.0,0.0,0.0,2,632.0,889.0,2,776.0,0.0,0.0,0.0,0.0,0.0,29
2023-05-09 21:21:57,ag2312C5200,ag2312C5200,776.0,0.0,0.0,0.0,2,632.0,887.5,1,776.0,0.0,0.0,0.0,0.0,0.0,29
2023-05-09 21:21:58,ag2312C5200,ag2312C5200,776.0,0.0,0.0,0.0,2,632.0,887.5,1,776.0,0.0,0.0,0.0,0.0,0.0,29
2023-05-09 21:21:58,ag2312C5200,ag2312C5200,776.0,0.0,0.0,0.0,2,632.0,887.0,2,776.0,0.0,0.0,0.0,0.0,0.0,29
2023-05-09 21:21:59,ag2312C5200,ag2312C5200,776.0,0.0,0.0,0.0,2,632.0,885.5,1,776.0,0.0,0.0,0.0,0.0,0.0,29
2023-05-09 21:21:59,ag2312C5200,ag2312C5200,776.0,0.0,0.0,0.0,2,632.0,885.5,1,776.0,0.0,0.0,0.0,0.0,0.0,29
2023-05-09 21:22:00,ag2312C5200,ag2312C5200,776.0,0.0,0.0,0.0,2,632.0,885.0,2,776.0,0.0,0.0,0.0,0.0,0.0,29
2023-05-09 21:22:00,ag2312C5200,ag2312C5200,776.0,0.0,0.0,0.0,2,632.0,883.5,1,776.0,0.0,0.0,0.0,0.0,0.0,29
2023-05-09 21:22:01,ag2312C5200,ag2312C5200,776.0,0.0,0.0,0.0,2,632.0,883.5,1,776.0,0.0,0.0,0.0,0.0,0.0,29
2023-05-09 21:22:01,ag2312C5200,ag2312C5200,776.0,0.0,0.0,0.0,2,632.0,883.0,2,776.0,0.0,0.0,0.0,0.0,0.0,29
2023-05-09 21:22:02,ag2312C5200,ag2312C5200,776.0,0.0,0.0,0.0,2,632.0,881.5,1,776.0,0.0,0.0,0.0,0.0,0.0,29
2023-05-09 21:22:02,ag2312C5200,ag2312C5200,776.0,0.0,0.0,0.0,2,632.0,881.5,1,776.0,0.0,0.0,0.0,0.0,0.0,29
2023-05-09 21:22:03,ag2312C5200,ag2312C5200,776.0,0.0,0.0,0.0,2,632.0,881.0,2,776.0,0.0,0.0,0.0,0.0,0.0,29
2023-05-09 21:22:03,ag2312C5200,ag2312C5200,776.0,0.0,0.0,0.0,2,632.0,879.5,1,776.0,0.0,0.0,0.0,0.0,0.0,29
2023-05-09 21:22:04,ag2312C5200,ag2312C5200,776.0,0.0,0.0,0.0,2,632.0,879.5,1,776.0,0.0,0.0,0.0,0.0,0.0,29
2023-05-09 21:22:04,ag2312C5200,ag2312C5200,776.0,0.0,0.0,0.0,2,632.0,879.0,2,776.0,0.0,0.0,0.0,0.0,0.0,29
2023-05-09 21:22:05,ag2312C5200,ag2312C5200,776.0,0.0,0.0,0.0,2,632.0,877.5,1,776.0,0.0,0.0,0.0,0.0,0.0,29
2023-05-09 21:22:05,ag2312C5200,ag2312C5200,776.0,0.0,0.0,0.0,2,632.0,877.5,1,776.0,0.0,0.0,0.0,0.0,0.0,29
2023-05-09 21:22:06,ag2312C5200,ag2312C5200,776.0,0.0,0.0,0.0,2,632.0,877.0,2,776.0,0.0,0.0,0.0,0.0,0.0,29
2023-05-09 21:22:06,ag2312C5200,ag2312C5200,776.0,0.0,0.0,0.0,2,632.0,875.5,1,776.0,0.0,0.0,0.0,0.0,0.0,29
2023-05-09 21:22:07,ag2312C5200,ag2312C5200,776.0,0.0,0.0,0.0,2,632.0,875.5,1,776.0,0.0,0.0,0.0,0.0,0.0,29
2023-05-09 21:22:07,ag2312C5200,ag2312C5200,776.0,0.0,0.0,0.0,2,632.0,875.0,2,776.0,0.0,0.0,0.0,0.0,0.0,29
2023-05-09 21:22:08,ag2312C5200,ag2312C5200,776.0,0.0,0.0,0.0,2,632.0,875.0,2,776.0,0.0,0.0,0.0,0.0,0.0,29
2023-05-09 21:43:20,ag2312C5200,ag2312C5200,776.0,0.0,0.0,0.0,1,633.5,875.0,2,776.0,0.0,0.0,0.0,0.0,0.0,29
2023-05-09 21:43:21,ag2312C5200,ag2312C5200,776.0,0.0,0.0,0.0,1,633.5,875.0,2,776.0,0.0,0.0,0.0,0.0,0.0,29
2023-05-09 21:43:21,ag2312C5200,ag2312C5200,776.0,0.0,0.0,0.0,2,634.0,875.0,2,776.0,0.0,0.0,0.0,0.0,0.0,29
2023-05-09 21:43:22,ag2312C5200,ag2312C5200,776.0,0.0,0.0,0.0,1,635.5,875.0,2,776.0,0.0,0.0,0.0,0.0,0.0,29
2023-05-09 21:43:22,ag2312C5200,ag2312C5200,776.0,0.0,0.0,0.0,1,635.5,875.0,2,776.0,0.0,0.0,0.0,0.0,0.0,29
2023-05-09 21:43:23,ag2312C5200,ag2312C5200,776.0,0.0,0.0,0.0,2,636.0,875.0,2,776.0,0.0,0.0,0.0,0.0,0.0,29
2023-05-09 21:43:23,ag2312C5200,ag2312C5200,776.0,0.0,0.0,0.0,1,637.5,875.0,2,776.0,0.0,0.0,0.0,0.0,0.0,29
2023-05-09 21:43:24,ag2312C5200,ag2312C5200,776.0,0.0,0.0,0.0,1,637.5,875.0,2,776.0,0.0,0.0,0.0,0.0,0.0,29
2023-05-09 21:43:24,ag2312C5200,ag2312C5200,776.0,0.0,0.0,0.0,2,638.0,875.0,2,776.0,0.0,0.0,0.0,0.0,0.0,29
2023-05-09 21:43:25,ag2312C5200,ag2312C5200,776.0,0.0,0.0,0.0,1,639.5,875.0,2,776.0,0.0,0.0,0.0,0.0,0.0,29
2023-05-09 21:43:25,ag2312C5200,ag2312C5200,776.0,0.0,0.0,0.0,1,639.5,875.0,2,776.0,0.0,0.0,0.0,0.0,0.0,29
2023-05-09 21:43:26,ag2312C5200,ag2312C5200,776.0,0.0,0.0,0.0,2,640.0,875.0,2,776.0,0.0,0.0,0.0,0.0,0.0,29
2023-05-09 21:43:26,ag2312C5200,ag2312C5200,776.0,0.0,0.0,0.0,2,640.0,875.0,2,776.0,0.0,0.0,0.0,0.0,0.0,29
2023-05-09 21:53:20,ag2312C5200,ag2312C5200,776.0,0.0,0.0,0.0,1,641.5,875.0,2,776.0,0.0,0.0,0.0,0.0,0.0,29
2023-05-09 21:53:21,ag2312C5200,ag2312C5200,776.0,0.0,0.0,0.0,1,641.5,875.0,2,776.0,0.0,0.0,0.0,0.0,0.0,29
2023-05-09 21:53:21,ag2312C5200,ag2312C5200,776.0,0.0,0.0,0.0,2,642.0,875.0,2,776.0,0.0,0.0,0.0,0.0,0.0,29
2023-05-09 21:53:22,ag2312C5200,ag2312C5200,776.0,0.0,0.0,0.0,1,643.5,875.0,2,776.0,0.0,0.0,0.0,0.0,0.0,29
2023-05-09 21:53:22,ag2312C5200,ag2312C5200,776.0,0.0,0.0,0.0,1,643.5,875.0,2,776.0,0.0,0.0,0.0,0.0,0.0,29
2023-05-09 21:53:23,ag2312C5200,ag2312C5200,776.0,0.0,0.0,0.0,2,644.0,875.0,2,776.0,0.0,0.0,0.0,0.0,0.0,29
2023-05-09 21:53:23,ag2312C5200,ag2312C5200,776.0,0.0,0.0,0.0,1,645.5,875.0,2,776.0,0.0,0.0,0.0,0.0,0.0,29
2023-05-09 21:53:24,ag2312C5200,ag2312C5200,776.0,0.0,0.0,0.0,1,645.5,875.0,2,776.0,0.0,0.0,0.0,0.0,0.0,29
2023-05-09 21:53:24,ag2312C5200,ag2312C5200,776.0,0.0,0.0,0.0,2,646.0,875.0,2,776.0,0.0,0.0,0.0,0.0,0.0,29
2023-05-09 21:53:25,ag2312C5200,ag2312C5200,776.0,0.0,0.0,0.0,2,646.0,875.0,2,776.0,0.0,0.0,0.0,0.0,0.0,29
2023-05-09 22:03:20,ag2312C5200,ag2312C5200,776.0,0.0,0.0,0.0,1,647.5,875.0,2,776.0,0.0,0.0,0.0,0.0,0.0,29
2023-05-09 22:03:21,ag2312C5200,ag2312C5200,776.0,0.0,0.0,0.0,1,647.5,875.0,2,776.0,0.0,0.0,0.0,0.0,0.0,29
2023-05-09 22:03:21,ag2312C5200,ag2312C5200,776.0,0.0,0.0,0.0,2,648.0,875.0,2,776.0,0.0,0.0,0.0,0.0,0.0,29
2023-05-09 22:03:22,ag2312C5200,ag2312C5200,776.0,0.0,0.0,0.0,1,649.5,875.0,2,776.0,0.0,0.0,0.0,0.0,0.0,29
2023-05-09 22:03:22,ag2312C5200,ag2312C5200,776.0,0.0,0.0,0.0,1,649.5,875.0,2,776.0,0.0,0.0,0.0,0.0,0.0,29
2023-05-09 22:03:23,ag2312C5200,ag2312C5200,776.0,0.0,0.0,0.0,2,650.0,875.0,2,776.0,0.0,0.0,0.0,0.0,0.0,29
2023-05-09 22:03:23,ag2312C5200,ag2312C5200,776.0,0.0,0.0,0.0,1,651.5,875.0,2,776.0,0.0,0.0,0.0,0.0,0.0,29
2023-05-09 22:03:24,ag2312C5200,ag2312C5200,776.0,0.0,0.0,0.0,1,651.5,875.0,2,776.0,0.0,0.0,0.0,0.0,0.0,29
2023-05-09 22:03:24,ag2312C5200,ag2312C5200,776.0,0.0,0.0,0.0,2,652.0,875.0,2,776.0,0.0,0.0,0.0,0.0,0.0,29
2023-05-09 22:03:25,ag2312C5200,ag2312C5200,776.0,0.0,0.0,0.0,2,652.0,875.0,2,776.0,0.0,0.0,0.0,0.0,0.0,29
2023-05-09 22:57:03,ag2312C5200,ag2312C5200,776.0,0.0,0.0,0.0,1,333.5,0.0,0,776.0,0.0,0.0,0.0,0.0,0.0,29
2023-05-09 22:57:05,ag2312C5200,ag2312C5200,776.0,0.0,0.0,0.0,1,335.0,1297.5,1,776.0,0.0,0.0,0.0,0.0,0.0,29
2023-05-09 23:00:33,ag2312C5200,ag2312C5200,776.0,0.0,0.0,0.0,2,335.5,1297.0,2,776.0,0.0,0.0,0.0,0.0,0.0,29
2023-05-09 23:00:34,ag2312C5200,ag2312C5200,776.0,0.0,0.0,0.0,1,337.0,1295.5,1,776.0,0.0,0.0,0.0,0.0,0.0,29
2023-05-09 23:00:35,ag2312C5200,ag2312C5200,776.0,0.0,0.0,0.0,1,337.0,1295.5,1,776.0,0.0,0.0,0.0,0.0,0.0,29
2023-05-09 23:00:35,ag2312C5200,ag2312C5200,776.0,0.0,0.0,0.0,2,337.5,1295.0,2,776.0,0.0,0.0,0.0,0.0,0.0,29
2023-05-09 23:00:36,ag2312C5200,ag2312C5200,776.0,0.0,0.0,0.0,1,339.0,1293.5,1,776.0,0.0,0.0,0.0,0.0,0.0,29
2023-05-09 23:00:37,ag2312C5200,ag2312C5200,776.0,0.0,0.0,0.0,1,339.0,1293.5,1,776.0,0.0,0.0,0.0,0.0,0.0,29
2023-05-09 23:00:37,ag2312C5200,ag2312C5200,776.0,0.0,0.0,0.0,2,339.5,1293.0,2,776.0,0.0,0.0,0.0,0.0,0.0,29
2023-05-09 23:00:39,ag2312C5200,ag2312C5200,776.0,0.0,0.0,0.0,2,339.5,1293.0,2,776.0,0.0,0.0,0.0,0.0,0.0,29
2023-05-09 23:00:41,ag2312C5200,ag2312C5200,776.0,0.0,0.0,0.0,2,339.5,1291.5,1,776.0,0.0,0.0,0.0,0.0,0.0,29
2023-05-09 23:00:42,ag2312C5200,ag2312C5200,776.0,0.0,0.0,0.0,2,339.5,1291.5,1,776.0,0.0,0.0,0.0,0.0,0.0,29
2023-05-09 23:00:42,ag2312C5200,ag2312C5200,776.0,0.0,0.0,0.0,2,339.5,1291.0,2,776.0,0.0,0.0,0.0,0.0,0.0,29
2023-05-09 23:00:43,ag2312C5200,ag2312C5200,776.0,0.0,0.0,0.0,1,341.0,1291.0,2,776.0,0.0,0.0,0.0,0.0,0.0,29
2023-05-09 23:00:44,ag2312C5200,ag2312C5200,776.0,0.0,0.0,0.0,1,341.0,1289.5,1,776.0,0.0,0.0,0.0,0.0,0.0,29
2023-05-09 23:00:44,ag2312C5200,ag2312C5200,776.0,0.0,0.0,0.0,2,341.5,1289.5,1,776.0,0.0,0.0,0.0,0.0,0.0,29
2023-05-09 23:00:45,ag2312C5200,ag2312C5200,776.0,0.0,0.0,0.0,2,341.5,1289.0,2,776.0,0.0,0.0,0.0,0.0,0.0,29
2023-05-09 23:00:46,ag2312C5200,ag2312C5200,776.0,0.0,0.0,0.0,1,343.0,1289.0,2,776.0,0.0,0.0,0.0,0.0,0.0,29
2023-05-09 23:00:46,ag2312C5200,ag2312C5200,776.0,0.0,0.0,0.0,1,343.0,1289.0,2,776.0,0.0,0.0,0.0,0.0,0.0,29
2023-05-09 23:00:47,ag2312C5200,ag2312C5200,776.0,0.0,0.0,0.0,2,343.5,1289.0,2,776.0,0.0,0.0,0.0,0.0,0.0,29
2023-05-09 23:00:47,ag2312C5200,ag2312C5200,776.0,0.0,0.0,0.0,2,343.5,1287.5,1,776.0,0.0,0.0,0.0,0.0,0.0,29
2023-05-09 23:00:48,ag2312C5200,ag2312C5200,776.0,0.0,0.0,0.0,2,343.5,1287.5,1,776.0,0.0,0.0,0.0,0.0,0.0,29
