time,symbol_id,symbol_name,last,trade_volume,trade_amount,open_interest_change,bv1,bp1,ap1,av1,yesterday_close,today_open,today_high,today_low,volume,amount,open_interest
2023-05-09 21:02:18,ag2312C4850,ag2312C4850,1039.5,0.0,0.0,0.0,1,517.5,1561.0,1,1039.5,0.0,0.0,0.0,0.0,0.0,9
2023-05-09 21:02:19,ag2312C4850,ag2312C4850,1039.5,0.0,0.0,0.0,2,518.0,1560.5,2,1039.5,0.0,0.0,0.0,0.0,0.0,9
2023-05-09 21:02:19,ag2312C4850,ag2312C4850,1039.5,0.0,0.0,0.0,2,518.0,1560.5,2,1039.5,0.0,0.0,0.0,0.0,0.0,9
2023-05-09 21:02:28,ag2312C4850,ag2312C4850,1039.5,0.0,0.0,0.0,1,519.5,1559.0,1,1039.5,0.0,0.0,0.0,0.0,0.0,9
2023-05-09 21:02:29,ag2312C4850,ag2312C4850,1039.5,0.0,0.0,0.0,1,519.5,1559.0,1,1039.5,0.0,0.0,0.0,0.0,0.0,9
2023-05-09 21:02:29,ag2312C4850,ag2312C4850,1039.5,0.0,0.0,0.0,2,520.0,1558.5,2,1039.5,0.0,0.0,0.0,0.0,0.0,9
2023-05-09 21:02:30,ag2312C4850,ag2312C4850,1039.5,0.0,0.0,0.0,2,520.0,1558.5,2,1039.5,0.0,0.0,0.0,0.0,0.0,9
2023-05-09 21:02:34,ag2312C4850,ag2312C4850,1039.5,0.0,0.0,0.0,1,521.5,1557.0,1,1039.5,0.0,0.0,0.0,0.0,0.0,9
2023-05-09 21:02:34,ag2312C4850,ag2312C4850,1039.5,0.0,0.0,0.0,1,521.5,1557.0,1,1039.5,0.0,0.0,0.0,0.0,0.0,9
2023-05-09 21:02:35,ag2312C4850,ag2312C4850,1039.5,0.0,0.0,0.0,2,522.0,1556.5,2,1039.5,0.0,0.0,0.0,0.0,0.0,9
2023-05-09 21:02:35,ag2312C4850,ag2312C4850,1039.5,0.0,0.0,0.0,2,522.0,1556.5,2,1039.5,0.0,0.0,0.0,0.0,0.0,9
2023-05-09 21:02:46,ag2312C4850,ag2312C4850,1039.5,0.0,0.0,0.0,1,523.5,1555.0,1,1039.5,0.0,0.0,0.0,0.0,0.0,9
2023-05-09 21:02:47,ag2312C4850,ag2312C4850,1039.5,0.0,0.0,0.0,1,523.5,1555.0,1,1039.5,0.0,0.0,0.0,0.0,0.0,9
2023-05-09 21:02:47,ag2312C4850,ag2312C4850,1039.5,0.0,0.0,0.0,2,524.0,1554.5,2,1039.5,0.0,0.0,0.0,0.0,0.0,9
2023-05-09 21:02:48,ag2312C4850,ag2312C4850,1039.5,0.0,0.0,0.0,2,524.0,1554.5,2,1039.5,0.0,0.0,0.0,0.0,0.0,9
2023-05-09 21:03:00,ag2312C4850,ag2312C4850,1039.5,0.0,0.0,0.0,1,525.5,1553.0,1,1039.5,0.0,0.0,0.0,0.0,0.0,9
2023-05-09 21:03:00,ag2312C4850,ag2312C4850,1039.5,0.0,0.0,0.0,1,525.5,1553.0,1,1039.5,0.0,0.0,0.0,0.0,0.0,9
2023-05-09 21:03:01,ag2312C4850,ag2312C4850,1039.5,0.0,0.0,0.0,2,526.0,1552.5,2,1039.5,0.0,0.0,0.0,0.0,0.0,9
2023-05-09 21:03:01,ag2312C4850,ag2312C4850,1039.5,0.0,0.0,0.0,2,526.0,1552.5,2,1039.5,0.0,0.0,0.0,0.0,0.0,9
2023-05-09 21:03:11,ag2312C4850,ag2312C4850,1039.5,0.0,0.0,0.0,1,527.5,1552.5,2,1039.5,0.0,0.0,0.0,0.0,0.0,9
2023-05-09 21:03:11,ag2312C4850,ag2312C4850,1039.5,0.0,0.0,0.0,1,527.5,1552.5,2,1039.5,0.0,0.0,0.0,0.0,0.0,9
2023-05-09 21:03:12,ag2312C4850,ag2312C4850,1039.5,0.0,0.0,0.0,2,528.0,1552.5,2,1039.5,0.0,0.0,0.0,0.0,0.0,9
2023-05-09 21:03:13,ag2312C4850,ag2312C4850,1039.5,0.0,0.0,0.0,2,528.0,1552.5,2,1039.5,0.0,0.0,0.0,0.0,0.0,9
2023-05-09 21:03:18,ag2312C4850,ag2312C4850,1039.5,0.0,0.0,0.0,2,528.0,1551.0,1,1039.5,0.0,0.0,0.0,0.0,0.0,9
2023-05-09 21:03:19,ag2312C4850,ag2312C4850,1039.5,0.0,0.0,0.0,2,528.0,1551.0,1,1039.5,0.0,0.0,0.0,0.0,0.0,9
2023-05-09 21:03:19,ag2312C4850,ag2312C4850,1039.5,0.0,0.0,0.0,1,529.5,1550.5,2,1039.5,0.0,0.0,0.0,0.0,0.0,9
2023-05-09 21:03:20,ag2312C4850,ag2312C4850,1039.5,0.0,0.0,0.0,1,529.5,1550.5,2,1039.5,0.0,0.0,0.0,0.0,0.0,9
2023-05-09 21:03:20,ag2312C4850,ag2312C4850,1039.5,0.0,0.0,0.0,2,530.0,1550.5,2,1039.5,0.0,0.0,0.0,0.0,0.0,9
2023-05-09 21:03:21,ag2312C4850,ag2312C4850,1039.5,0.0,0.0,0.0,2,530.0,1550.5,2,1039.5,0.0,0.0,0.0,0.0,0.0,9
2023-05-09 21:03:21,ag2312C4850,ag2312C4850,1039.5,0.0,0.0,0.0,1,531.5,1550.5,2,1039.5,0.0,0.0,0.0,0.0,0.0,9
2023-05-09 21:03:22,ag2312C4850,ag2312C4850,1039.5,0.0,0.0,0.0,1,531.5,1550.5,2,1039.5,0.0,0.0,0.0,0.0,0.0,9
2023-05-09 21:03:22,ag2312C4850,ag2312C4850,1039.5,0.0,0.0,0.0,2,532.0,1549.0,1,1039.5,0.0,0.0,0.0,0.0,0.0,9
2023-05-09 21:03:23,ag2312C4850,ag2312C4850,1039.5,0.0,0.0,0.0,2,532.0,1549.0,1,1039.5,0.0,0.0,0.0,0.0,0.0,9
2023-05-09 21:03:23,ag2312C4850,ag2312C4850,1039.5,0.0,0.0,0.0,2,532.0,1548.5,2,1039.5,0.0,0.0,0.0,0.0,0.0,9
2023-05-09 21:03:24,ag2312C4850,ag2312C4850,1039.5,0.0,0.0,0.0,2,532.0,1548.5,2,1039.5,0.0,0.0,0.0,0.0,0.0,9
2023-05-09 21:03:28,ag2312C4850,ag2312C4850,1039.5,0.0,0.0,0.0,1,533.5,1547.0,1,1039.5,0.0,0.0,0.0,0.0,0.0,9
2023-05-09 21:03:28,ag2312C4850,ag2312C4850,1039.5,0.0,0.0,0.0,1,533.5,1547.0,1,1039.5,0.0,0.0,0.0,0.0,0.0,9
2023-05-09 21:03:29,ag2312C4850,ag2312C4850,1039.5,0.0,0.0,0.0,2,534.0,1546.5,2,1039.5,0.0,0.0,0.0,0.0,0.0,9
2023-05-09 21:03:29,ag2312C4850,ag2312C4850,1039.5,0.0,0.0,0.0,2,534.0,1546.5,2,1039.5,0.0,0.0,0.0,0.0,0.0,9
2023-05-09 21:03:30,ag2312C4850,ag2312C4850,1039.5,0.0,0.0,0.0,1,535.5,1545.0,1,1039.5,0.0,0.0,0.0,0.0,0.0,9
2023-05-09 21:03:30,ag2312C4850,ag2312C4850,1039.5,0.0,0.0,0.0,1,535.5,1545.0,1,1039.5,0.0,0.0,0.0,0.0,0.0,9
2023-05-09 21:03:31,ag2312C4850,ag2312C4850,1039.5,0.0,0.0,0.0,2,536.0,1544.5,2,1039.5,0.0,0.0,0.0,0.0,0.0,9
2023-05-09 21:03:31,ag2312C4850,ag2312C4850,1039.5,0.0,0.0,0.0,1,537.5,1543.0,1,1039.5,0.0,0.0,0.0,0.0,0.0,9
2023-05-09 21:03:32,ag2312C4850,ag2312C4850,1039.5,0.0,0.0,0.0,1,537.5,1543.0,1,1039.5,0.0,0.0,0.0,0.0,0.0,9
2023-05-09 21:03:32,ag2312C4850,ag2312C4850,1039.5,0.0,0.0,0.0,2,538.0,1542.5,2,1039.5,0.0,0.0,0.0,0.0,0.0,9
2023-05-09 21:03:33,ag2312C4850,ag2312C4850,1039.5,0.0,0.0,0.0,2,538.0,1542.5,2,1039.5,0.0,0.0,0.0,0.0,0.0,9
2023-05-09 21:03:33,ag2312C4850,ag2312C4850,1039.5,0.0,0.0,0.0,1,539.5,1541.0,1,1039.5,0.0,0.0,0.0,0.0,0.0,9
2023-05-09 21:03:34,ag2312C4850,ag2312C4850,1039.5,0.0,0.0,0.0,1,539.5,1541.0,1,1039.5,0.0,0.0,0.0,0.0,0.0,9
2023-05-09 21:03:34,ag2312C4850,ag2312C4850,1039.5,0.0,0.0,0.0,2,540.0,1540.5,2,1039.5,0.0,0.0,0.0,0.0,0.0,9
2023-05-09 21:03:35,ag2312C4850,ag2312C4850,1039.5,0.0,0.0,0.0,2,540.0,1540.5,2,1039.5,0.0,0.0,0.0,0.0,0.0,9
2023-05-09 21:03:41,ag2312C4850,ag2312C4850,1039.5,0.0,0.0,0.0,1,541.5,1539.0,1,1039.5,0.0,0.0,0.0,0.0,0.0,9
2023-05-09 21:03:42,ag2312C4850,ag2312C4850,1039.5,0.0,0.0,0.0,1,541.5,1539.0,1,1039.5,0.0,0.0,0.0,0.0,0.0,9
2023-05-09 21:03:42,ag2312C4850,ag2312C4850,1039.5,0.0,0.0,0.0,2,542.0,1538.5,2,1039.5,0.0,0.0,0.0,0.0,0.0,9
2023-05-09 21:03:43,ag2312C4850,ag2312C4850,1039.5,0.0,0.0,0.0,2,542.0,1538.5,2,1039.5,0.0,0.0,0.0,0.0,0.0,9
2023-05-09 21:03:52,ag2312C4850,ag2312C4850,1039.5,0.0,0.0,0.0,1,543.5,1537.0,1,1039.5,0.0,0.0,0.0,0.0,0.0,9
2023-05-09 21:03:53,ag2312C4850,ag2312C4850,1039.5,0.0,0.0,0.0,1,543.5,1537.0,1,1039.5,0.0,0.0,0.0,0.0,0.0,9
2023-05-09 21:03:53,ag2312C4850,ag2312C4850,1039.5,0.0,0.0,0.0,2,544.0,1536.5,2,1039.5,0.0,0.0,0.0,0.0,0.0,9
2023-05-09 21:03:54,ag2312C4850,ag2312C4850,1039.5,0.0,0.0,0.0,2,544.0,1536.5,2,1039.5,0.0,0.0,0.0,0.0,0.0,9
2023-05-09 21:04:02,ag2312C4850,ag2312C4850,1039.5,0.0,0.0,0.0,1,545.5,1535.0,1,1039.5,0.0,0.0,0.0,0.0,0.0,9
2023-05-09 21:04:03,ag2312C4850,ag2312C4850,1039.5,0.0,0.0,0.0,1,545.5,1535.0,1,1039.5,0.0,0.0,0.0,0.0,0.0,9
2023-05-09 21:04:03,ag2312C4850,ag2312C4850,1039.5,0.0,0.0,0.0,2,546.0,1534.5,2,1039.5,0.0,0.0,0.0,0.0,0.0,9
2023-05-09 21:04:04,ag2312C4850,ag2312C4850,1039.5,0.0,0.0,0.0,2,546.0,1534.5,2,1039.5,0.0,0.0,0.0,0.0,0.0,9
2023-05-09 21:04:04,ag2312C4850,ag2312C4850,1039.5,0.0,0.0,0.0,1,547.5,1533.0,1,1039.5,0.0,0.0,0.0,0.0,0.0,9
2023-05-09 21:04:05,ag2312C4850,ag2312C4850,1039.5,0.0,0.0,0.0,1,547.5,1533.0,1,1039.5,0.0,0.0,0.0,0.0,0.0,9
2023-05-09 21:04:05,ag2312C4850,ag2312C4850,1039.5,0.0,0.0,0.0,2,548.0,1532.5,2,1039.5,0.0,0.0,0.0,0.0,0.0,9
2023-05-09 21:04:06,ag2312C4850,ag2312C4850,1039.5,0.0,0.0,0.0,2,548.0,1532.5,2,1039.5,0.0,0.0,0.0,0.0,0.0,9
2023-05-09 21:04:08,ag2312C4850,ag2312C4850,1039.5,0.0,0.0,0.0,1,549.5,1531.0,1,1039.5,0.0,0.0,0.0,0.0,0.0,9
2023-05-09 21:04:09,ag2312C4850,ag2312C4850,1039.5,0.0,0.0,0.0,1,549.5,1531.0,1,1039.5,0.0,0.0,0.0,0.0,0.0,9
2023-05-09 21:04:09,ag2312C4850,ag2312C4850,1039.5,0.0,0.0,0.0,2,550.0,1530.5,2,1039.5,0.0,0.0,0.0,0.0,0.0,9
2023-05-09 21:04:10,ag2312C4850,ag2312C4850,1039.5,0.0,0.0,0.0,1,551.5,1529.0,1,1039.5,0.0,0.0,0.0,0.0,0.0,9
2023-05-09 21:04:10,ag2312C4850,ag2312C4850,1039.5,0.0,0.0,0.0,1,551.5,1529.0,1,1039.5,0.0,0.0,0.0,0.0,0.0,9
2023-05-09 21:04:11,ag2312C4850,ag2312C4850,1039.5,0.0,0.0,0.0,2,552.0,1528.5,2,1039.5,0.0,0.0,0.0,0.0,0.0,9
2023-05-09 21:04:11,ag2312C4850,ag2312C4850,1039.5,0.0,0.0,0.0,2,552.0,1528.5,2,1039.5,0.0,0.0,0.0,0.0,0.0,9
2023-05-09 21:04:12,ag2312C4850,ag2312C4850,1039.5,0.0,0.0,0.0,1,553.5,1527.0,1,1039.5,0.0,0.0,0.0,0.0,0.0,9
2023-05-09 21:04:12,ag2312C4850,ag2312C4850,1039.5,0.0,0.0,0.0,1,553.5,1527.0,1,1039.5,0.0,0.0,0.0,0.0,0.0,9
2023-05-09 21:04:13,ag2312C4850,ag2312C4850,1039.5,0.0,0.0,0.0,2,554.0,1526.5,2,1039.5,0.0,0.0,0.0,0.0,0.0,9
2023-05-09 21:04:13,ag2312C4850,ag2312C4850,1039.5,0.0,0.0,0.0,2,554.0,1526.5,2,1039.5,0.0,0.0,0.0,0.0,0.0,9
2023-05-09 21:04:14,ag2312C4850,ag2312C4850,1039.5,0.0,0.0,0.0,1,555.5,1525.0,1,1039.5,0.0,0.0,0.0,0.0,0.0,9
2023-05-09 21:04:14,ag2312C4850,ag2312C4850,1039.5,0.0,0.0,0.0,1,555.5,1525.0,1,1039.5,0.0,0.0,0.0,0.0,0.0,9
2023-05-09 21:04:15,ag2312C4850,ag2312C4850,1039.5,0.0,0.0,0.0,2,556.0,1524.5,2,1039.5,0.0,0.0,0.0,0.0,0.0,9
2023-05-09 21:04:16,ag2312C4850,ag2312C4850,1039.5,0.0,0.0,0.0,2,556.0,1524.5,2,1039.5,0.0,0.0,0.0,0.0,0.0,9
2023-05-09 21:04:16,ag2312C4850,ag2312C4850,1039.5,0.0,0.0,0.0,1,557.5,1523.0,1,1039.5,0.0,0.0,0.0,0.0,0.0,9
2023-05-09 21:04:17,ag2312C4850,ag2312C4850,1039.5,0.0,0.0,0.0,1,557.5,1523.0,1,1039.5,0.0,0.0,0.0,0.0,0.0,9
2023-05-09 21:04:17,ag2312C4850,ag2312C4850,1039.5,0.0,0.0,0.0,2,558.0,1522.5,2,1039.5,0.0,0.0,0.0,0.0,0.0,9
2023-05-09 21:04:18,ag2312C4850,ag2312C4850,1039.5,0.0,0.0,0.0,2,558.0,1522.5,2,1039.5,0.0,0.0,0.0,0.0,0.0,9
2023-05-09 21:04:21,ag2312C4850,ag2312C4850,1039.5,0.0,0.0,0.0,1,559.5,1521.0,1,1039.5,0.0,0.0,0.0,0.0,0.0,9
2023-05-09 21:04:22,ag2312C4850,ag2312C4850,1039.5,0.0,0.0,0.0,1,559.5,1521.0,1,1039.5,0.0,0.0,0.0,0.0,0.0,9
2023-05-09 21:04:22,ag2312C4850,ag2312C4850,1039.5,0.0,0.0,0.0,2,560.0,1520.5,2,1039.5,0.0,0.0,0.0,0.0,0.0,9
2023-05-09 21:04:23,ag2312C4850,ag2312C4850,1039.5,0.0,0.0,0.0,2,560.0,1520.5,2,1039.5,0.0,0.0,0.0,0.0,0.0,9
2023-05-09 21:04:23,ag2312C4850,ag2312C4850,1039.5,0.0,0.0,0.0,1,561.5,1519.0,1,1039.5,0.0,0.0,0.0,0.0,0.0,9
2023-05-09 21:04:24,ag2312C4850,ag2312C4850,1039.5,0.0,0.0,0.0,1,561.5,1519.0,1,1039.5,0.0,0.0,0.0,0.0,0.0,9
2023-05-09 21:04:24,ag2312C4850,ag2312C4850,1039.5,0.0,0.0,0.0,2,562.0,1518.5,2,1039.5,0.0,0.0,0.0,0.0,0.0,9
2023-05-09 21:04:25,ag2312C4850,ag2312C4850,1039.5,0.0,0.0,0.0,1,563.5,1517.0,1,1039.5,0.0,0.0,0.0,0.0,0.0,9
2023-05-09 21:04:25,ag2312C4850,ag2312C4850,1039.5,0.0,0.0,0.0,1,563.5,1517.0,1,1039.5,0.0,0.0,0.0,0.0,0.0,9
2023-05-09 21:04:26,ag2312C4850,ag2312C4850,1039.5,0.0,0.0,0.0,2,564.0,1516.5,2,1039.5,0.0,0.0,0.0,0.0,0.0,9
2023-05-09 21:04:26,ag2312C4850,ag2312C4850,1039.5,0.0,0.0,0.0,2,564.0,1516.5,2,1039.5,0.0,0.0,0.0,0.0,0.0,9
2023-05-09 21:04:27,ag2312C4850,ag2312C4850,1039.5,0.0,0.0,0.0,1,565.5,1515.0,1,1039.5,0.0,0.0,0.0,0.0,0.0,9
2023-05-09 21:04:27,ag2312C4850,ag2312C4850,1039.5,0.0,0.0,0.0,1,565.5,1515.0,1,1039.5,0.0,0.0,0.0,0.0,0.0,9
2023-05-09 21:04:28,ag2312C4850,ag2312C4850,1039.5,0.0,0.0,0.0,2,566.0,1514.5,2,1039.5,0.0,0.0,0.0,0.0,0.0,9
2023-05-09 21:04:28,ag2312C4850,ag2312C4850,1039.5,0.0,0.0,0.0,2,566.0,1514.5,2,1039.5,0.0,0.0,0.0,0.0,0.0,9
2023-05-09 21:04:29,ag2312C4850,ag2312C4850,1039.5,0.0,0.0,0.0,1,567.5,1513.0,1,1039.5,0.0,0.0,0.0,0.0,0.0,9
2023-05-09 21:04:29,ag2312C4850,ag2312C4850,1039.5,0.0,0.0,0.0,1,567.5,1513.0,1,1039.5,0.0,0.0,0.0,0.0,0.0,9
2023-05-09 21:04:30,ag2312C4850,ag2312C4850,1039.5,0.0,0.0,0.0,2,568.0,1512.5,2,1039.5,0.0,0.0,0.0,0.0,0.0,9
2023-05-09 21:04:30,ag2312C4850,ag2312C4850,1039.5,0.0,0.0,0.0,2,568.0,1512.5,2,1039.5,0.0,0.0,0.0,0.0,0.0,9
2023-05-09 21:04:37,ag2312C4850,ag2312C4850,1039.5,0.0,0.0,0.0,1,569.5,1511.0,1,1039.5,0.0,0.0,0.0,0.0,0.0,9
2023-05-09 21:04:38,ag2312C4850,ag2312C4850,1039.5,0.0,0.0,0.0,1,569.5,1511.0,1,1039.5,0.0,0.0,0.0,0.0,0.0,9
2023-05-09 21:04:38,ag2312C4850,ag2312C4850,1039.5,0.0,0.0,0.0,2,570.0,1510.5,2,1039.5,0.0,0.0,0.0,0.0,0.0,9
2023-05-09 21:04:39,ag2312C4850,ag2312C4850,1039.5,0.0,0.0,0.0,2,570.0,1510.5,2,1039.5,0.0,0.0,0.0,0.0,0.0,9
2023-05-09 21:04:41,ag2312C4850,ag2312C4850,1039.5,0.0,0.0,0.0,1,571.5,1510.5,2,1039.5,0.0,0.0,0.0,0.0,0.0,9
2023-05-09 21:04:41,ag2312C4850,ag2312C4850,1039.5,0.0,0.0,0.0,1,571.5,1509.0,1,1039.5,0.0,0.0,0.0,0.0,0.0,9
2023-05-09 21:04:42,ag2312C4850,ag2312C4850,1039.5,0.0,0.0,0.0,2,572.0,1509.0,1,1039.5,0.0,0.0,0.0,0.0,0.0,9
2023-05-09 21:04:42,ag2312C4850,ag2312C4850,1039.5,0.0,0.0,0.0,2,572.0,1508.5,2,1039.5,0.0,0.0,0.0,0.0,0.0,9
2023-05-09 21:04:43,ag2312C4850,ag2312C4850,1039.5,0.0,0.0,0.0,2,572.0,1508.5,2,1039.5,0.0,0.0,0.0,0.0,0.0,9
2023-05-09 21:04:43,ag2312C4850,ag2312C4850,1039.5,0.0,0.0,0.0,1,573.5,1507.0,1,1039.5,0.0,0.0,0.0,0.0,0.0,9
2023-05-09 21:04:44,ag2312C4850,ag2312C4850,1039.5,0.0,0.0,0.0,1,573.5,1507.0,1,1039.5,0.0,0.0,0.0,0.0,0.0,9
2023-05-09 21:04:44,ag2312C4850,ag2312C4850,1039.5,0.0,0.0,0.0,2,574.0,1506.5,2,1039.5,0.0,0.0,0.0,0.0,0.0,9
2023-05-09 21:04:45,ag2312C4850,ag2312C4850,1039.5,0.0,0.0,0.0,2,574.0,1506.5,2,1039.5,0.0,0.0,0.0,0.0,0.0,9
2023-05-09 21:04:52,ag2312C4850,ag2312C4850,1039.5,0.0,0.0,0.0,1,575.5,1505.0,1,1039.5,0.0,0.0,0.0,0.0,0.0,9
2023-05-09 21:04:52,ag2312C4850,ag2312C4850,1039.5,0.0,0.0,0.0,1,575.5,1505.0,1,1039.5,0.0,0.0,0.0,0.0,0.0,9
2023-05-09 21:04:53,ag2312C4850,ag2312C4850,1039.5,0.0,0.0,0.0,2,576.0,1504.5,2,1039.5,0.0,0.0,0.0,0.0,0.0,9
2023-05-09 21:04:53,ag2312C4850,ag2312C4850,1039.5,0.0,0.0,0.0,2,576.0,1504.5,2,1039.5,0.0,0.0,0.0,0.0,0.0,9
2023-05-09 21:04:54,ag2312C4850,ag2312C4850,1039.5,0.0,0.0,0.0,1,577.5,1503.0,1,1039.5,0.0,0.0,0.0,0.0,0.0,9
2023-05-09 21:04:54,ag2312C4850,ag2312C4850,1039.5,0.0,0.0,0.0,1,577.5,1503.0,1,1039.5,0.0,0.0,0.0,0.0,0.0,9
2023-05-09 21:04:55,ag2312C4850,ag2312C4850,1039.5,0.0,0.0,0.0,2,578.0,1502.5,2,1039.5,0.0,0.0,0.0,0.0,0.0,9
2023-05-09 21:04:55,ag2312C4850,ag2312C4850,1039.5,0.0,0.0,0.0,2,578.0,1502.5,2,1039.5,0.0,0.0,0.0,0.0,0.0,9
2023-05-09 21:04:56,ag2312C4850,ag2312C4850,1039.5,0.0,0.0,0.0,1,579.5,1501.0,1,1039.5,0.0,0.0,0.0,0.0,0.0,9
2023-05-09 21:04:56,ag2312C4850,ag2312C4850,1039.5,0.0,0.0,0.0,1,579.5,1501.0,1,1039.5,0.0,0.0,0.0,0.0,0.0,9
2023-05-09 21:04:57,ag2312C4850,ag2312C4850,1039.5,0.0,0.0,0.0,2,580.0,1500.5,2,1039.5,0.0,0.0,0.0,0.0,0.0,9
2023-05-09 21:04:57,ag2312C4850,ag2312C4850,1039.5,0.0,0.0,0.0,2,580.0,1500.5,2,1039.5,0.0,0.0,0.0,0.0,0.0,9
2023-05-09 21:05:05,ag2312C4850,ag2312C4850,1039.5,0.0,0.0,0.0,1,581.5,1499.0,1,1039.5,0.0,0.0,0.0,0.0,0.0,9
2023-05-09 21:05:06,ag2312C4850,ag2312C4850,1039.5,0.0,0.0,0.0,1,581.5,1499.0,1,1039.5,0.0,0.0,0.0,0.0,0.0,9
2023-05-09 21:05:06,ag2312C4850,ag2312C4850,1039.5,0.0,0.0,0.0,2,582.0,1498.5,2,1039.5,0.0,0.0,0.0,0.0,0.0,9
2023-05-09 21:05:07,ag2312C4850,ag2312C4850,1039.5,0.0,0.0,0.0,2,582.0,1498.5,2,1039.5,0.0,0.0,0.0,0.0,0.0,9
2023-05-09 21:05:13,ag2312C4850,ag2312C4850,1039.5,0.0,0.0,0.0,1,583.5,1497.0,1,1039.5,0.0,0.0,0.0,0.0,0.0,9
2023-05-09 21:05:14,ag2312C4850,ag2312C4850,1039.5,0.0,0.0,0.0,1,583.5,1497.0,1,1039.5,0.0,0.0,0.0,0.0,0.0,9
2023-05-09 21:05:14,ag2312C4850,ag2312C4850,1039.5,0.0,0.0,0.0,2,584.0,1496.5,2,1039.5,0.0,0.0,0.0,0.0,0.0,9
2023-05-09 21:05:15,ag2312C4850,ag2312C4850,1039.5,0.0,0.0,0.0,2,584.0,1496.5,2,1039.5,0.0,0.0,0.0,0.0,0.0,9
2023-05-09 21:05:15,ag2312C4850,ag2312C4850,1039.5,0.0,0.0,0.0,1,585.5,1495.0,1,1039.5,0.0,0.0,0.0,0.0,0.0,9
2023-05-09 21:05:16,ag2312C4850,ag2312C4850,1039.5,0.0,0.0,0.0,1,585.5,1495.0,1,1039.5,0.0,0.0,0.0,0.0,0.0,9
2023-05-09 21:05:16,ag2312C4850,ag2312C4850,1039.5,0.0,0.0,0.0,2,586.0,1494.5,2,1039.5,0.0,0.0,0.0,0.0,0.0,9
2023-05-09 21:05:17,ag2312C4850,ag2312C4850,1039.5,0.0,0.0,0.0,1,587.5,1494.5,2,1039.5,0.0,0.0,0.0,0.0,0.0,9
2023-05-09 21:05:17,ag2312C4850,ag2312C4850,1039.5,0.0,0.0,0.0,1,587.5,1494.5,2,1039.5,0.0,0.0,0.0,0.0,0.0,9
2023-05-09 21:05:18,ag2312C4850,ag2312C4850,1039.5,0.0,0.0,0.0,2,588.0,1494.5,2,1039.5,0.0,0.0,0.0,0.0,0.0,9
2023-05-09 21:05:18,ag2312C4850,ag2312C4850,1039.5,0.0,0.0,0.0,2,588.0,1494.5,2,1039.5,0.0,0.0,0.0,0.0,0.0,9
2023-05-09 21:05:19,ag2312C4850,ag2312C4850,1039.5,0.0,0.0,0.0,1,589.5,1493.0,1,1039.5,0.0,0.0,0.0,0.0,0.0,9
2023-05-09 21:05:19,ag2312C4850,ag2312C4850,1039.5,0.0,0.0,0.0,1,589.5,1493.0,1,1039.5,0.0,0.0,0.0,0.0,0.0,9
2023-05-09 21:05:20,ag2312C4850,ag2312C4850,1039.5,0.0,0.0,0.0,2,590.0,1492.5,2,1039.5,0.0,0.0,0.0,0.0,0.0,9
2023-05-09 21:05:20,ag2312C4850,ag2312C4850,1039.5,0.0,0.0,0.0,2,590.0,1492.5,2,1039.5,0.0,0.0,0.0,0.0,0.0,9
2023-05-09 21:05:22,ag2312C4850,ag2312C4850,1039.5,0.0,0.0,0.0,1,591.5,1491.0,1,1039.5,0.0,0.0,0.0,0.0,0.0,9
2023-05-09 21:05:22,ag2312C4850,ag2312C4850,1039.5,0.0,0.0,0.0,1,591.5,1491.0,1,1039.5,0.0,0.0,0.0,0.0,0.0,9
2023-05-09 21:05:23,ag2312C4850,ag2312C4850,1039.5,0.0,0.0,0.0,2,592.0,1490.5,2,1039.5,0.0,0.0,0.0,0.0,0.0,9
2023-05-09 21:05:23,ag2312C4850,ag2312C4850,1039.5,0.0,0.0,0.0,2,592.0,1490.5,2,1039.5,0.0,0.0,0.0,0.0,0.0,9
2023-05-09 21:05:30,ag2312C4850,ag2312C4850,1039.5,0.0,0.0,0.0,1,593.5,1490.5,2,1039.5,0.0,0.0,0.0,0.0,0.0,9
2023-05-09 21:05:31,ag2312C4850,ag2312C4850,1039.5,0.0,0.0,0.0,1,593.5,1490.5,2,1039.5,0.0,0.0,0.0,0.0,0.0,9
2023-05-09 21:05:31,ag2312C4850,ag2312C4850,1039.5,0.0,0.0,0.0,2,594.0,1489.0,1,1039.5,0.0,0.0,0.0,0.0,0.0,9
2023-05-09 21:05:32,ag2312C4850,ag2312C4850,1039.5,0.0,0.0,0.0,2,594.0,1489.0,1,1039.5,0.0,0.0,0.0,0.0,0.0,9
2023-05-09 21:05:32,ag2312C4850,ag2312C4850,1039.5,0.0,0.0,0.0,2,594.0,1488.5,2,1039.5,0.0,0.0,0.0,0.0,0.0,9
2023-05-09 21:05:33,ag2312C4850,ag2312C4850,1039.5,0.0,0.0,0.0,2,594.0,1488.5,2,1039.5,0.0,0.0,0.0,0.0,0.0,9
2023-05-09 21:05:36,ag2312C4850,ag2312C4850,1039.5,0.0,0.0,0.0,1,595.5,1487.0,1,1039.5,0.0,0.0,0.0,0.0,0.0,9
2023-05-09 21:05:37,ag2312C4850,ag2312C4850,1039.5,0.0,0.0,0.0,1,595.5,1487.0,1,1039.5,0.0,0.0,0.0,0.0,0.0,9
2023-05-09 21:05:37,ag2312C4850,ag2312C4850,1039.5,0.0,0.0,0.0,2,596.0,1486.5,2,1039.5,0.0,0.0,0.0,0.0,0.0,9
2023-05-09 21:05:38,ag2312C4850,ag2312C4850,1039.5,0.0,0.0,0.0,2,596.0,1486.5,2,1039.5,0.0,0.0,0.0,0.0,0.0,9
2023-05-09 21:05:38,ag2312C4850,ag2312C4850,1039.5,0.0,0.0,0.0,1,597.5,1485.0,1,1039.5,0.0,0.0,0.0,0.0,0.0,9
2023-05-09 21:05:39,ag2312C4850,ag2312C4850,1039.5,0.0,0.0,0.0,1,597.5,1485.0,1,1039.5,0.0,0.0,0.0,0.0,0.0,9
2023-05-09 21:05:39,ag2312C4850,ag2312C4850,1039.5,0.0,0.0,0.0,2,598.0,1484.5,2,1039.5,0.0,0.0,0.0,0.0,0.0,9
2023-05-09 21:05:40,ag2312C4850,ag2312C4850,1039.5,0.0,0.0,0.0,1,599.5,1483.0,1,1039.5,0.0,0.0,0.0,0.0,0.0,9
2023-05-09 21:05:40,ag2312C4850,ag2312C4850,1039.5,0.0,0.0,0.0,1,599.5,1483.0,1,1039.5,0.0,0.0,0.0,0.0,0.0,9
2023-05-09 21:05:41,ag2312C4850,ag2312C4850,1039.5,0.0,0.0,0.0,2,600.0,1482.5,2,1039.5,0.0,0.0,0.0,0.0,0.0,9
2023-05-09 21:05:41,ag2312C4850,ag2312C4850,1039.5,0.0,0.0,0.0,2,600.0,1482.5,2,1039.5,0.0,0.0,0.0,0.0,0.0,9
2023-05-09 21:05:42,ag2312C4850,ag2312C4850,1039.5,0.0,0.0,0.0,1,601.5,1481.0,1,1039.5,0.0,0.0,0.0,0.0,0.0,9
2023-05-09 21:05:42,ag2312C4850,ag2312C4850,1039.5,0.0,0.0,0.0,1,601.5,1481.0,1,1039.5,0.0,0.0,0.0,0.0,0.0,9
2023-05-09 21:05:43,ag2312C4850,ag2312C4850,1039.5,0.0,0.0,0.0,2,602.0,1480.5,2,1039.5,0.0,0.0,0.0,0.0,0.0,9
2023-05-09 21:05:43,ag2312C4850,ag2312C4850,1039.5,0.0,0.0,0.0,2,602.0,1480.5,2,1039.5,0.0,0.0,0.0,0.0,0.0,9
2023-05-09 21:05:44,ag2312C4850,ag2312C4850,1039.5,0.0,0.0,0.0,1,603.5,1479.0,1,1039.5,0.0,0.0,0.0,0.0,0.0,9
2023-05-09 21:05:44,ag2312C4850,ag2312C4850,1039.5,0.0,0.0,0.0,1,603.5,1479.0,1,1039.5,0.0,0.0,0.0,0.0,0.0,9
2023-05-09 21:05:45,ag2312C4850,ag2312C4850,1039.5,0.0,0.0,0.0,2,604.0,1478.5,2,1039.5,0.0,0.0,0.0,0.0,0.0,9
2023-05-09 21:05:45,ag2312C4850,ag2312C4850,1039.5,0.0,0.0,0.0,1,605.5,1477.0,1,1039.5,0.0,0.0,0.0,0.0,0.0,9
2023-05-09 21:05:46,ag2312C4850,ag2312C4850,1039.5,0.0,0.0,0.0,1,605.5,1477.0,1,1039.5,0.0,0.0,0.0,0.0,0.0,9
2023-05-09 21:05:46,ag2312C4850,ag2312C4850,1039.5,0.0,0.0,0.0,2,606.0,1476.5,2,1039.5,0.0,0.0,0.0,0.0,0.0,9
2023-05-09 21:05:47,ag2312C4850,ag2312C4850,1039.5,0.0,0.0,0.0,2,606.0,1476.5,2,1039.5,0.0,0.0,0.0,0.0,0.0,9
2023-05-09 21:05:47,ag2312C4850,ag2312C4850,1039.5,0.0,0.0,0.0,1,607.5,1475.0,1,1039.5,0.0,0.0,0.0,0.0,0.0,9
2023-05-09 21:05:48,ag2312C4850,ag2312C4850,1039.5,0.0,0.0,0.0,1,607.5,1475.0,1,1039.5,0.0,0.0,0.0,0.0,0.0,9
2023-05-09 21:05:48,ag2312C4850,ag2312C4850,1039.5,0.0,0.0,0.0,2,608.0,1474.5,2,1039.5,0.0,0.0,0.0,0.0,0.0,9
2023-05-09 21:05:49,ag2312C4850,ag2312C4850,1039.5,0.0,0.0,0.0,2,608.0,1474.5,2,1039.5,0.0,0.0,0.0,0.0,0.0,9
2023-05-09 21:05:49,ag2312C4850,ag2312C4850,1039.5,0.0,0.0,0.0,1,609.5,1473.0,1,1039.5,0.0,0.0,0.0,0.0,0.0,9
2023-05-09 21:05:50,ag2312C4850,ag2312C4850,1039.5,0.0,0.0,0.0,1,609.5,1473.0,1,1039.5,0.0,0.0,0.0,0.0,0.0,9
2023-05-09 21:05:50,ag2312C4850,ag2312C4850,1039.5,0.0,0.0,0.0,2,610.0,1472.5,2,1039.5,0.0,0.0,0.0,0.0,0.0,9
2023-05-09 21:05:51,ag2312C4850,ag2312C4850,1039.5,0.0,0.0,0.0,2,610.0,1472.5,2,1039.5,0.0,0.0,0.0,0.0,0.0,9
2023-05-09 21:05:59,ag2312C4850,ag2312C4850,1039.5,0.0,0.0,0.0,1,611.5,1471.0,1,1039.5,0.0,0.0,0.0,0.0,0.0,9
2023-05-09 21:06:00,ag2312C4850,ag2312C4850,1039.5,0.0,0.0,0.0,1,611.5,1471.0,1,1039.5,0.0,0.0,0.0,0.0,0.0,9
2023-05-09 21:06:00,ag2312C4850,ag2312C4850,1039.5,0.0,0.0,0.0,2,612.0,1470.5,2,1039.5,0.0,0.0,0.0,0.0,0.0,9
2023-05-09 21:06:01,ag2312C4850,ag2312C4850,1039.5,0.0,0.0,0.0,2,612.0,1470.5,2,1039.5,0.0,0.0,0.0,0.0,0.0,9
2023-05-09 21:06:01,ag2312C4850,ag2312C4850,1039.5,0.0,0.0,0.0,1,613.5,1469.0,1,1039.5,0.0,0.0,0.0,0.0,0.0,9
2023-05-09 21:06:02,ag2312C4850,ag2312C4850,1039.5,0.0,0.0,0.0,1,613.5,1469.0,1,1039.5,0.0,0.0,0.0,0.0,0.0,9
2023-05-09 21:06:02,ag2312C4850,ag2312C4850,1039.5,0.0,0.0,0.0,2,614.0,1468.5,2,1039.5,0.0,0.0,0.0,0.0,0.0,9
2023-05-09 21:06:03,ag2312C4850,ag2312C4850,1039.5,0.0,0.0,0.0,1,615.5,1467.0,1,1039.5,0.0,0.0,0.0,0.0,0.0,9
2023-05-09 21:06:03,ag2312C4850,ag2312C4850,1039.5,0.0,0.0,0.0,1,615.5,1467.0,1,1039.5,0.0,0.0,0.0,0.0,0.0,9
2023-05-09 21:06:04,ag2312C4850,ag2312C4850,1039.5,0.0,0.0,0.0,2,616.0,1466.5,2,1039.5,0.0,0.0,0.0,0.0,0.0,9
2023-05-09 21:06:04,ag2312C4850,ag2312C4850,1039.5,0.0,0.0,0.0,2,616.0,1466.5,2,1039.5,0.0,0.0,0.0,0.0,0.0,9
2023-05-09 21:06:13,ag2312C4850,ag2312C4850,1039.5,0.0,0.0,0.0,1,617.5,1465.0,1,1039.5,0.0,0.0,0.0,0.0,0.0,9
2023-05-09 21:06:13,ag2312C4850,ag2312C4850,1039.5,0.0,0.0,0.0,1,617.5,1465.0,1,1039.5,0.0,0.0,0.0,0.0,0.0,9
2023-05-09 21:06:14,ag2312C4850,ag2312C4850,1039.5,0.0,0.0,0.0,2,618.0,1464.5,2,1039.5,0.0,0.0,0.0,0.0,0.0,9
2023-05-09 21:06:14,ag2312C4850,ag2312C4850,1039.5,0.0,0.0,0.0,2,618.0,1464.5,2,1039.5,0.0,0.0,0.0,0.0,0.0,9
2023-05-09 21:06:15,ag2312C4850,ag2312C4850,1039.5,0.0,0.0,0.0,1,619.5,1464.5,2,1039.5,0.0,0.0,0.0,0.0,0.0,9
2023-05-09 21:06:15,ag2312C4850,ag2312C4850,1039.5,0.0,0.0,0.0,1,619.5,1464.5,2,1039.5,0.0,0.0,0.0,0.0,0.0,9
2023-05-09 21:06:16,ag2312C4850,ag2312C4850,1039.5,0.0,0.0,0.0,2,620.0,1463.0,1,1039.5,0.0,0.0,0.0,0.0,0.0,9
2023-05-09 21:06:16,ag2312C4850,ag2312C4850,1039.5,0.0,0.0,0.0,1,621.5,1463.0,1,1039.5,0.0,0.0,0.0,0.0,0.0,9
2023-05-09 21:06:17,ag2312C4850,ag2312C4850,1039.5,0.0,0.0,0.0,1,621.5,1462.5,2,1039.5,0.0,0.0,0.0,0.0,0.0,9
2023-05-09 21:06:17,ag2312C4850,ag2312C4850,1039.5,0.0,0.0,0.0,2,622.0,1462.5,2,1039.5,0.0,0.0,0.0,0.0,0.0,9
2023-05-09 21:06:18,ag2312C4850,ag2312C4850,1039.5,0.0,0.0,0.0,2,622.0,1462.5,2,1039.5,0.0,0.0,0.0,0.0,0.0,9
2023-05-09 21:06:22,ag2312C4850,ag2312C4850,1039.5,0.0,0.0,0.0,1,623.5,1461.0,1,1039.5,0.0,0.0,0.0,0.0,0.0,9
2023-05-09 21:06:23,ag2312C4850,ag2312C4850,1039.5,0.0,0.0,0.0,1,623.5,1461.0,1,1039.5,0.0,0.0,0.0,0.0,0.0,9
2023-05-09 21:06:23,ag2312C4850,ag2312C4850,1039.5,0.0,0.0,0.0,2,624.0,1460.5,2,1039.5,0.0,0.0,0.0,0.0,0.0,9
2023-05-09 21:06:24,ag2312C4850,ag2312C4850,1039.5,0.0,0.0,0.0,1,625.5,1459.0,1,1039.5,0.0,0.0,0.0,0.0,0.0,9
2023-05-09 21:06:24,ag2312C4850,ag2312C4850,1039.5,0.0,0.0,0.0,1,625.5,1459.0,1,1039.5,0.0,0.0,0.0,0.0,0.0,9
2023-05-09 21:06:25,ag2312C4850,ag2312C4850,1039.5,0.0,0.0,0.0,2,626.0,1458.5,2,1039.5,0.0,0.0,0.0,0.0,0.0,9
2023-05-09 21:06:26,ag2312C4850,ag2312C4850,1039.5,0.0,0.0,0.0,2,626.0,1458.5,2,1039.5,0.0,0.0,0.0,0.0,0.0,9
2023-05-09 21:06:26,ag2312C4850,ag2312C4850,1039.5,0.0,0.0,0.0,1,627.5,1457.0,1,1039.5,0.0,0.0,0.0,0.0,0.0,9
2023-05-09 21:06:27,ag2312C4850,ag2312C4850,1039.5,0.0,0.0,0.0,1,627.5,1457.0,1,1039.5,0.0,0.0,0.0,0.0,0.0,9
2023-05-09 21:06:27,ag2312C4850,ag2312C4850,1039.5,0.0,0.0,0.0,2,628.0,1456.5,2,1039.5,0.0,0.0,0.0,0.0,0.0,9
2023-05-09 21:06:28,ag2312C4850,ag2312C4850,1039.5,0.0,0.0,0.0,2,628.0,1456.5,2,1039.5,0.0,0.0,0.0,0.0,0.0,9
2023-05-09 21:06:28,ag2312C4850,ag2312C4850,1039.5,0.0,0.0,0.0,1,629.5,1455.0,1,1039.5,0.0,0.0,0.0,0.0,0.0,9
2023-05-09 21:06:29,ag2312C4850,ag2312C4850,1039.5,0.0,0.0,0.0,1,629.5,1455.0,1,1039.5,0.0,0.0,0.0,0.0,0.0,9
2023-05-09 21:06:29,ag2312C4850,ag2312C4850,1039.5,0.0,0.0,0.0,2,630.0,1454.5,2,1039.5,0.0,0.0,0.0,0.0,0.0,9
2023-05-09 21:06:30,ag2312C4850,ag2312C4850,1039.5,0.0,0.0,0.0,2,630.0,1454.5,2,1039.5,0.0,0.0,0.0,0.0,0.0,9
2023-05-09 21:06:48,ag2312C4850,ag2312C4850,1039.5,0.0,0.0,0.0,1,631.5,1453.0,1,1039.5,0.0,0.0,0.0,0.0,0.0,9
2023-05-09 21:06:48,ag2312C4850,ag2312C4850,1039.5,0.0,0.0,0.0,1,631.5,1453.0,1,1039.5,0.0,0.0,0.0,0.0,0.0,9
2023-05-09 21:06:49,ag2312C4850,ag2312C4850,1039.5,0.0,0.0,0.0,2,632.0,1452.5,2,1039.5,0.0,0.0,0.0,0.0,0.0,9
2023-05-09 21:06:49,ag2312C4850,ag2312C4850,1039.5,0.0,0.0,0.0,2,632.0,1452.5,2,1039.5,0.0,0.0,0.0,0.0,0.0,9
2023-05-09 21:07:13,ag2312C4850,ag2312C4850,1039.5,0.0,0.0,0.0,1,633.5,1451.0,1,1039.5,0.0,0.0,0.0,0.0,0.0,9
2023-05-09 21:07:13,ag2312C4850,ag2312C4850,1039.5,0.0,0.0,0.0,1,633.5,1451.0,1,1039.5,0.0,0.0,0.0,0.0,0.0,9
2023-05-09 21:07:14,ag2312C4850,ag2312C4850,1039.5,0.0,0.0,0.0,2,634.0,1450.5,2,1039.5,0.0,0.0,0.0,0.0,0.0,9
2023-05-09 21:07:14,ag2312C4850,ag2312C4850,1039.5,0.0,0.0,0.0,2,634.0,1450.5,2,1039.5,0.0,0.0,0.0,0.0,0.0,9
2023-05-09 21:07:15,ag2312C4850,ag2312C4850,1039.5,0.0,0.0,0.0,1,635.5,1449.0,1,1039.5,0.0,0.0,0.0,0.0,0.0,9
2023-05-09 21:07:15,ag2312C4850,ag2312C4850,1039.5,0.0,0.0,0.0,1,635.5,1449.0,1,1039.5,0.0,0.0,0.0,0.0,0.0,9
2023-05-09 21:07:16,ag2312C4850,ag2312C4850,1039.5,0.0,0.0,0.0,2,636.0,1448.5,2,1039.5,0.0,0.0,0.0,0.0,0.0,9
2023-05-09 21:07:16,ag2312C4850,ag2312C4850,1039.5,0.0,0.0,0.0,2,636.0,1448.5,2,1039.5,0.0,0.0,0.0,0.0,0.0,9
2023-05-09 21:07:19,ag2312C4850,ag2312C4850,1039.5,0.0,0.0,0.0,1,637.5,1447.0,1,1039.5,0.0,0.0,0.0,0.0,0.0,9
2023-05-09 21:07:19,ag2312C4850,ag2312C4850,1039.5,0.0,0.0,0.0,1,637.5,1447.0,1,1039.5,0.0,0.0,0.0,0.0,0.0,9
2023-05-09 21:07:20,ag2312C4850,ag2312C4850,1039.5,0.0,0.0,0.0,2,638.0,1446.5,2,1039.5,0.0,0.0,0.0,0.0,0.0,9
2023-05-09 21:07:21,ag2312C4850,ag2312C4850,1039.5,0.0,0.0,0.0,2,638.0,1446.5,2,1039.5,0.0,0.0,0.0,0.0,0.0,9
2023-05-09 21:07:21,ag2312C4850,ag2312C4850,1039.5,0.0,0.0,0.0,1,639.5,1445.0,1,1039.5,0.0,0.0,0.0,0.0,0.0,9
2023-05-09 21:07:22,ag2312C4850,ag2312C4850,1039.5,0.0,0.0,0.0,1,639.5,1445.0,1,1039.5,0.0,0.0,0.0,0.0,0.0,9
2023-05-09 21:07:22,ag2312C4850,ag2312C4850,1039.5,0.0,0.0,0.0,2,640.0,1444.5,2,1039.5,0.0,0.0,0.0,0.0,0.0,9
2023-05-09 21:07:23,ag2312C4850,ag2312C4850,1039.5,0.0,0.0,0.0,2,640.0,1444.5,2,1039.5,0.0,0.0,0.0,0.0,0.0,9
2023-05-09 21:07:23,ag2312C4850,ag2312C4850,1039.5,0.0,0.0,0.0,1,641.5,1443.0,1,1039.5,0.0,0.0,0.0,0.0,0.0,9
2023-05-09 21:07:24,ag2312C4850,ag2312C4850,1039.5,0.0,0.0,0.0,1,641.5,1443.0,1,1039.5,0.0,0.0,0.0,0.0,0.0,9
2023-05-09 21:07:24,ag2312C4850,ag2312C4850,1039.5,0.0,0.0,0.0,2,642.0,1442.5,2,1039.5,0.0,0.0,0.0,0.0,0.0,9
2023-05-09 21:07:25,ag2312C4850,ag2312C4850,1039.5,0.0,0.0,0.0,2,642.0,1442.5,2,1039.5,0.0,0.0,0.0,0.0,0.0,9
2023-05-09 21:07:47,ag2312C4850,ag2312C4850,1039.5,0.0,0.0,0.0,1,643.5,1442.5,2,1039.5,0.0,0.0,0.0,0.0,0.0,9
2023-05-09 21:07:48,ag2312C4850,ag2312C4850,1039.5,0.0,0.0,0.0,1,643.5,1442.5,2,1039.5,0.0,0.0,0.0,0.0,0.0,9
2023-05-09 21:07:48,ag2312C4850,ag2312C4850,1039.5,0.0,0.0,0.0,2,644.0,1441.0,1,1039.5,0.0,0.0,0.0,0.0,0.0,9
2023-05-09 21:07:49,ag2312C4850,ag2312C4850,1039.5,0.0,0.0,0.0,2,644.0,1441.0,1,1039.5,0.0,0.0,0.0,0.0,0.0,9
2023-05-09 21:07:49,ag2312C4850,ag2312C4850,1039.5,0.0,0.0,0.0,1,645.5,1440.5,2,1039.5,0.0,0.0,0.0,0.0,0.0,9
2023-05-09 21:07:50,ag2312C4850,ag2312C4850,1039.5,0.0,0.0,0.0,1,645.5,1440.5,2,1039.5,0.0,0.0,0.0,0.0,0.0,9
2023-05-09 21:07:50,ag2312C4850,ag2312C4850,1039.5,0.0,0.0,0.0,2,646.0,1439.0,1,1039.5,0.0,0.0,0.0,0.0,0.0,9
2023-05-09 21:07:51,ag2312C4850,ag2312C4850,1039.5,0.0,0.0,0.0,1,647.5,1439.0,1,1039.5,0.0,0.0,0.0,0.0,0.0,9
2023-05-09 21:07:51,ag2312C4850,ag2312C4850,1039.5,0.0,0.0,0.0,1,647.5,1438.5,2,1039.5,0.0,0.0,0.0,0.0,0.0,9
2023-05-09 21:07:52,ag2312C4850,ag2312C4850,1039.5,0.0,0.0,0.0,2,648.0,1438.5,2,1039.5,0.0,0.0,0.0,0.0,0.0,9
2023-05-09 21:07:52,ag2312C4850,ag2312C4850,1039.5,0.0,0.0,0.0,2,648.0,1438.5,2,1039.5,0.0,0.0,0.0,0.0,0.0,9
2023-05-09 21:07:53,ag2312C4850,ag2312C4850,1039.5,0.0,0.0,0.0,1,649.5,1437.0,1,1039.5,0.0,0.0,0.0,0.0,0.0,9
2023-05-09 21:07:53,ag2312C4850,ag2312C4850,1039.5,0.0,0.0,0.0,1,649.5,1437.0,1,1039.5,0.0,0.0,0.0,0.0,0.0,9
2023-05-09 21:07:54,ag2312C4850,ag2312C4850,1039.5,0.0,0.0,0.0,2,650.0,1436.5,2,1039.5,0.0,0.0,0.0,0.0,0.0,9
2023-05-09 21:07:54,ag2312C4850,ag2312C4850,1039.5,0.0,0.0,0.0,2,650.0,1436.5,2,1039.5,0.0,0.0,0.0,0.0,0.0,9
2023-05-09 21:07:55,ag2312C4850,ag2312C4850,1039.5,0.0,0.0,0.0,1,651.5,1435.0,1,1039.5,0.0,0.0,0.0,0.0,0.0,9
2023-05-09 21:07:55,ag2312C4850,ag2312C4850,1039.5,0.0,0.0,0.0,1,651.5,1435.0,1,1039.5,0.0,0.0,0.0,0.0,0.0,9
2023-05-09 21:07:56,ag2312C4850,ag2312C4850,1039.5,0.0,0.0,0.0,2,652.0,1434.5,2,1039.5,0.0,0.0,0.0,0.0,0.0,9
2023-05-09 21:07:56,ag2312C4850,ag2312C4850,1039.5,0.0,0.0,0.0,2,652.0,1434.5,2,1039.5,0.0,0.0,0.0,0.0,0.0,9
2023-05-09 21:08:12,ag2312C4850,ag2312C4850,1039.5,0.0,0.0,0.0,1,653.5,1434.5,2,1039.5,0.0,0.0,0.0,0.0,0.0,9
2023-05-09 21:08:12,ag2312C4850,ag2312C4850,1039.5,0.0,0.0,0.0,1,653.5,1434.5,2,1039.5,0.0,0.0,0.0,0.0,0.0,9
2023-05-09 21:08:13,ag2312C4850,ag2312C4850,1039.5,0.0,0.0,0.0,2,654.0,1434.5,2,1039.5,0.0,0.0,0.0,0.0,0.0,9
2023-05-09 21:08:13,ag2312C4850,ag2312C4850,1039.5,0.0,0.0,0.0,2,654.0,1434.5,2,1039.5,0.0,0.0,0.0,0.0,0.0,9
2023-05-09 21:08:14,ag2312C4850,ag2312C4850,1039.5,0.0,0.0,0.0,1,655.5,1433.0,1,1039.5,0.0,0.0,0.0,0.0,0.0,9
2023-05-09 21:08:14,ag2312C4850,ag2312C4850,1039.5,0.0,0.0,0.0,1,655.5,1433.0,1,1039.5,0.0,0.0,0.0,0.0,0.0,9
2023-05-09 21:08:15,ag2312C4850,ag2312C4850,1039.5,0.0,0.0,0.0,2,656.0,1432.5,2,1039.5,0.0,0.0,0.0,0.0,0.0,9
2023-05-09 21:08:15,ag2312C4850,ag2312C4850,1039.5,0.0,0.0,0.0,2,656.0,1432.5,2,1039.5,0.0,0.0,0.0,0.0,0.0,9
2023-05-09 21:08:16,ag2312C4850,ag2312C4850,1039.5,0.0,0.0,0.0,1,657.5,1431.0,1,1039.5,0.0,0.0,0.0,0.0,0.0,9
2023-05-09 21:08:16,ag2312C4850,ag2312C4850,1039.5,0.0,0.0,0.0,1,657.5,1431.0,1,1039.5,0.0,0.0,0.0,0.0,0.0,9
2023-05-09 21:08:17,ag2312C4850,ag2312C4850,1039.5,0.0,0.0,0.0,2,658.0,1430.5,2,1039.5,0.0,0.0,0.0,0.0,0.0,9
2023-05-09 21:08:18,ag2312C4850,ag2312C4850,1039.5,0.0,0.0,0.0,2,658.0,1430.5,2,1039.5,0.0,0.0,0.0,0.0,0.0,9
2023-05-09 21:08:18,ag2312C4850,ag2312C4850,1039.5,0.0,0.0,0.0,1,659.5,1429.0,1,1039.5,0.0,0.0,0.0,0.0,0.0,9
2023-05-09 21:08:19,ag2312C4850,ag2312C4850,1039.5,0.0,0.0,0.0,1,659.5,1429.0,1,1039.5,0.0,0.0,0.0,0.0,0.0,9
2023-05-09 21:08:19,ag2312C4850,ag2312C4850,1039.5,0.0,0.0,0.0,2,660.0,1428.5,2,1039.5,0.0,0.0,0.0,0.0,0.0,9
2023-05-09 21:08:20,ag2312C4850,ag2312C4850,1039.5,0.0,0.0,0.0,2,660.0,1428.5,2,1039.5,0.0,0.0,0.0,0.0,0.0,9
2023-05-09 21:08:37,ag2312C4850,ag2312C4850,1039.5,0.0,0.0,0.0,1,661.5,1427.0,1,1039.5,0.0,0.0,0.0,0.0,0.0,9
2023-05-09 21:08:38,ag2312C4850,ag2312C4850,1039.5,0.0,0.0,0.0,1,661.5,1427.0,1,1039.5,0.0,0.0,0.0,0.0,0.0,9
2023-05-09 21:08:38,ag2312C4850,ag2312C4850,1039.5,0.0,0.0,0.0,2,662.0,1426.5,2,1039.5,0.0,0.0,0.0,0.0,0.0,9
2023-05-09 21:08:39,ag2312C4850,ag2312C4850,1039.5,0.0,0.0,0.0,2,662.0,1426.5,2,1039.5,0.0,0.0,0.0,0.0,0.0,9
2023-05-09 21:08:39,ag2312C4850,ag2312C4850,1039.5,0.0,0.0,0.0,1,663.5,1425.0,1,1039.5,0.0,0.0,0.0,0.0,0.0,9
2023-05-09 21:08:40,ag2312C4850,ag2312C4850,1039.5,0.0,0.0,0.0,1,663.5,1425.0,1,1039.5,0.0,0.0,0.0,0.0,0.0,9
2023-05-09 21:08:40,ag2312C4850,ag2312C4850,1039.5,0.0,0.0,0.0,2,664.0,1424.5,2,1039.5,0.0,0.0,0.0,0.0,0.0,9
2023-05-09 21:08:41,ag2312C4850,ag2312C4850,1039.5,0.0,0.0,0.0,2,664.0,1424.5,2,1039.5,0.0,0.0,0.0,0.0,0.0,9
2023-05-09 21:08:41,ag2312C4850,ag2312C4850,1039.5,0.0,0.0,0.0,1,665.5,1423.0,1,1039.5,0.0,0.0,0.0,0.0,0.0,9
2023-05-09 21:08:42,ag2312C4850,ag2312C4850,1039.5,0.0,0.0,0.0,1,665.5,1423.0,1,1039.5,0.0,0.0,0.0,0.0,0.0,9
2023-05-09 21:08:42,ag2312C4850,ag2312C4850,1039.5,0.0,0.0,0.0,2,666.0,1422.5,2,1039.5,0.0,0.0,0.0,0.0,0.0,9
2023-05-09 21:08:43,ag2312C4850,ag2312C4850,1039.5,0.0,0.0,0.0,2,666.0,1422.5,2,1039.5,0.0,0.0,0.0,0.0,0.0,9
2023-05-09 21:09:02,ag2312C4850,ag2312C4850,1039.5,0.0,0.0,0.0,1,667.5,1422.5,2,1039.5,0.0,0.0,0.0,0.0,0.0,9
2023-05-09 21:09:03,ag2312C4850,ag2312C4850,1039.5,0.0,0.0,0.0,1,667.5,1422.5,2,1039.5,0.0,0.0,0.0,0.0,0.0,9
2023-05-09 21:09:03,ag2312C4850,ag2312C4850,1039.5,0.0,0.0,0.0,2,668.0,1422.5,2,1039.5,0.0,0.0,0.0,0.0,0.0,9
2023-05-09 21:09:04,ag2312C4850,ag2312C4850,1039.5,0.0,0.0,0.0,2,668.0,1422.5,2,1039.5,0.0,0.0,0.0,0.0,0.0,9
2023-05-09 21:09:04,ag2312C4850,ag2312C4850,1039.5,0.0,0.0,0.0,1,669.5,1421.0,1,1039.5,0.0,0.0,0.0,0.0,0.0,9
2023-05-09 21:09:05,ag2312C4850,ag2312C4850,1039.5,0.0,0.0,0.0,1,669.5,1421.0,1,1039.5,0.0,0.0,0.0,0.0,0.0,9
2023-05-09 21:09:05,ag2312C4850,ag2312C4850,1039.5,0.0,0.0,0.0,2,670.0,1420.5,2,1039.5,0.0,0.0,0.0,0.0,0.0,9
2023-05-09 21:09:06,ag2312C4850,ag2312C4850,1039.5,0.0,0.0,0.0,2,670.0,1420.5,2,1039.5,0.0,0.0,0.0,0.0,0.0,9
2023-05-09 21:09:06,ag2312C4850,ag2312C4850,1039.5,0.0,0.0,0.0,1,671.5,1419.0,1,1039.5,0.0,0.0,0.0,0.0,0.0,9
2023-05-09 21:09:07,ag2312C4850,ag2312C4850,1039.5,0.0,0.0,0.0,1,671.5,1419.0,1,1039.5,0.0,0.0,0.0,0.0,0.0,9
2023-05-09 21:09:07,ag2312C4850,ag2312C4850,1039.5,0.0,0.0,0.0,2,672.0,1418.5,2,1039.5,0.0,0.0,0.0,0.0,0.0,9
2023-05-09 21:09:08,ag2312C4850,ag2312C4850,1039.5,0.0,0.0,0.0,2,672.0,1418.5,2,1039.5,0.0,0.0,0.0,0.0,0.0,9
2023-05-09 21:09:08,ag2312C4850,ag2312C4850,1039.5,0.0,0.0,0.0,1,673.5,1417.0,1,1039.5,0.0,0.0,0.0,0.0,0.0,9
2023-05-09 21:09:09,ag2312C4850,ag2312C4850,1039.5,0.0,0.0,0.0,1,673.5,1417.0,1,1039.5,0.0,0.0,0.0,0.0,0.0,9
2023-05-09 21:09:09,ag2312C4850,ag2312C4850,1039.5,0.0,0.0,0.0,2,674.0,1416.5,2,1039.5,0.0,0.0,0.0,0.0,0.0,9
2023-05-09 21:09:10,ag2312C4850,ag2312C4850,1039.5,0.0,0.0,0.0,2,674.0,1416.5,2,1039.5,0.0,0.0,0.0,0.0,0.0,9
2023-05-09 21:09:10,ag2312C4850,ag2312C4850,1039.5,0.0,0.0,0.0,1,675.5,1415.0,1,1039.5,0.0,0.0,0.0,0.0,0.0,9
2023-05-09 21:09:11,ag2312C4850,ag2312C4850,1039.5,0.0,0.0,0.0,1,675.5,1415.0,1,1039.5,0.0,0.0,0.0,0.0,0.0,9
2023-05-09 21:09:11,ag2312C4850,ag2312C4850,1039.5,0.0,0.0,0.0,2,676.0,1414.5,2,1039.5,0.0,0.0,0.0,0.0,0.0,9
2023-05-09 21:09:12,ag2312C4850,ag2312C4850,1039.5,0.0,0.0,0.0,2,676.0,1414.5,2,1039.5,0.0,0.0,0.0,0.0,0.0,9
2023-05-09 21:09:29,ag2312C4850,ag2312C4850,1039.5,0.0,0.0,0.0,1,677.5,1413.0,1,1039.5,0.0,0.0,0.0,0.0,0.0,9
2023-05-09 21:09:30,ag2312C4850,ag2312C4850,1039.5,0.0,0.0,0.0,1,677.5,1413.0,1,1039.5,0.0,0.0,0.0,0.0,0.0,9
2023-05-09 21:09:30,ag2312C4850,ag2312C4850,1039.5,0.0,0.0,0.0,2,678.0,1412.5,2,1039.5,0.0,0.0,0.0,0.0,0.0,9
2023-05-09 21:09:31,ag2312C4850,ag2312C4850,1039.5,0.0,0.0,0.0,2,678.0,1412.5,2,1039.5,0.0,0.0,0.0,0.0,0.0,9
2023-05-09 21:09:43,ag2312C4850,ag2312C4850,1039.5,0.0,0.0,0.0,1,679.5,1411.0,1,1039.5,0.0,0.0,0.0,0.0,0.0,9
2023-05-09 21:09:43,ag2312C4850,ag2312C4850,1039.5,0.0,0.0,0.0,1,679.5,1411.0,1,1039.5,0.0,0.0,0.0,0.0,0.0,9
2023-05-09 21:09:44,ag2312C4850,ag2312C4850,1039.5,0.0,0.0,0.0,2,680.0,1410.5,2,1039.5,0.0,0.0,0.0,0.0,0.0,9
2023-05-09 21:09:44,ag2312C4850,ag2312C4850,1039.5,0.0,0.0,0.0,2,680.0,1410.5,2,1039.5,0.0,0.0,0.0,0.0,0.0,9
2023-05-09 21:09:45,ag2312C4850,ag2312C4850,1039.5,0.0,0.0,0.0,1,681.5,1409.0,1,1039.5,0.0,0.0,0.0,0.0,0.0,9
2023-05-09 21:09:45,ag2312C4850,ag2312C4850,1039.5,0.0,0.0,0.0,1,681.5,1409.0,1,1039.5,0.0,0.0,0.0,0.0,0.0,9
2023-05-09 21:09:46,ag2312C4850,ag2312C4850,1039.5,0.0,0.0,0.0,2,682.0,1408.5,2,1039.5,0.0,0.0,0.0,0.0,0.0,9
2023-05-09 21:09:46,ag2312C4850,ag2312C4850,1039.5,0.0,0.0,0.0,2,682.0,1408.5,2,1039.5,0.0,0.0,0.0,0.0,0.0,9
2023-05-09 21:09:47,ag2312C4850,ag2312C4850,1039.5,0.0,0.0,0.0,1,683.5,1407.0,1,1039.5,0.0,0.0,0.0,0.0,0.0,9
2023-05-09 21:09:47,ag2312C4850,ag2312C4850,1039.5,0.0,0.0,0.0,1,683.5,1407.0,1,1039.5,0.0,0.0,0.0,0.0,0.0,9
2023-05-09 21:09:48,ag2312C4850,ag2312C4850,1039.5,0.0,0.0,0.0,2,684.0,1406.5,2,1039.5,0.0,0.0,0.0,0.0,0.0,9
2023-05-09 21:09:49,ag2312C4850,ag2312C4850,1039.5,0.0,0.0,0.0,2,684.0,1406.5,2,1039.5,0.0,0.0,0.0,0.0,0.0,9
2023-05-09 21:09:49,ag2312C4850,ag2312C4850,1039.5,0.0,0.0,0.0,1,685.5,1405.0,1,1039.5,0.0,0.0,0.0,0.0,0.0,9
2023-05-09 21:09:50,ag2312C4850,ag2312C4850,1039.5,0.0,0.0,0.0,1,685.5,1405.0,1,1039.5,0.0,0.0,0.0,0.0,0.0,9
2023-05-09 21:09:50,ag2312C4850,ag2312C4850,1039.5,0.0,0.0,0.0,2,686.0,1404.5,2,1039.5,0.0,0.0,0.0,0.0,0.0,9
2023-05-09 21:09:51,ag2312C4850,ag2312C4850,1039.5,0.0,0.0,0.0,2,686.0,1404.5,2,1039.5,0.0,0.0,0.0,0.0,0.0,9
2023-05-09 21:09:51,ag2312C4850,ag2312C4850,1039.5,0.0,0.0,0.0,2,686.0,1403.0,1,1039.5,0.0,0.0,0.0,0.0,0.0,9
2023-05-09 21:09:52,ag2312C4850,ag2312C4850,1039.5,0.0,0.0,0.0,2,686.0,1403.0,1,1039.5,0.0,0.0,0.0,0.0,0.0,9
2023-05-09 21:09:52,ag2312C4850,ag2312C4850,1039.5,0.0,0.0,0.0,2,686.0,1402.5,2,1039.5,0.0,0.0,0.0,0.0,0.0,9
2023-05-09 21:09:53,ag2312C4850,ag2312C4850,1039.5,0.0,0.0,0.0,2,686.0,1402.5,2,1039.5,0.0,0.0,0.0,0.0,0.0,9
2023-05-09 21:10:14,ag2312C4850,ag2312C4850,1039.5,0.0,0.0,0.0,1,687.5,1401.0,1,1039.5,0.0,0.0,0.0,0.0,0.0,9
2023-05-09 21:10:15,ag2312C4850,ag2312C4850,1039.5,0.0,0.0,0.0,1,687.5,1401.0,1,1039.5,0.0,0.0,0.0,0.0,0.0,9
2023-05-09 21:10:15,ag2312C4850,ag2312C4850,1039.5,0.0,0.0,0.0,2,688.0,1400.5,2,1039.5,0.0,0.0,0.0,0.0,0.0,9
2023-05-09 21:10:16,ag2312C4850,ag2312C4850,1039.5,0.0,0.0,0.0,1,689.5,1399.0,1,1039.5,0.0,0.0,0.0,0.0,0.0,9
2023-05-09 21:10:17,ag2312C4850,ag2312C4850,1039.5,0.0,0.0,0.0,1,689.5,1399.0,1,1039.5,0.0,0.0,0.0,0.0,0.0,9
2023-05-09 21:10:17,ag2312C4850,ag2312C4850,1039.5,0.0,0.0,0.0,2,690.0,1398.5,2,1039.5,0.0,0.0,0.0,0.0,0.0,9
2023-05-09 21:10:18,ag2312C4850,ag2312C4850,1039.5,0.0,0.0,0.0,1,691.5,1397.0,1,1039.5,0.0,0.0,0.0,0.0,0.0,9
2023-05-09 21:10:18,ag2312C4850,ag2312C4850,1039.5,0.0,0.0,0.0,1,691.5,1397.0,1,1039.5,0.0,0.0,0.0,0.0,0.0,9
2023-05-09 21:10:19,ag2312C4850,ag2312C4850,1039.5,0.0,0.0,0.0,2,692.0,1396.5,2,1039.5,0.0,0.0,0.0,0.0,0.0,9
2023-05-09 21:10:19,ag2312C4850,ag2312C4850,1039.5,0.0,0.0,0.0,2,692.0,1396.5,2,1039.5,0.0,0.0,0.0,0.0,0.0,9
2023-05-09 21:10:20,ag2312C4850,ag2312C4850,1039.5,0.0,0.0,0.0,1,693.5,1395.0,1,1039.5,0.0,0.0,0.0,0.0,0.0,9
2023-05-09 21:10:20,ag2312C4850,ag2312C4850,1039.5,0.0,0.0,0.0,1,693.5,1395.0,1,1039.5,0.0,0.0,0.0,0.0,0.0,9
2023-05-09 21:10:21,ag2312C4850,ag2312C4850,1039.5,0.0,0.0,0.0,2,694.0,1394.5,2,1039.5,0.0,0.0,0.0,0.0,0.0,9
2023-05-09 21:10:21,ag2312C4850,ag2312C4850,1039.5,0.0,0.0,0.0,2,694.0,1394.5,2,1039.5,0.0,0.0,0.0,0.0,0.0,9
2023-05-09 21:10:24,ag2312C4850,ag2312C4850,1039.5,0.0,0.0,0.0,1,695.5,1393.0,1,1039.5,0.0,0.0,0.0,0.0,0.0,9
2023-05-09 21:10:25,ag2312C4850,ag2312C4850,1039.5,0.0,0.0,0.0,1,695.5,1393.0,1,1039.5,0.0,0.0,0.0,0.0,0.0,9
2023-05-09 21:10:25,ag2312C4850,ag2312C4850,1039.5,0.0,0.0,0.0,2,696.0,1392.5,2,1039.5,0.0,0.0,0.0,0.0,0.0,9
2023-05-09 21:10:26,ag2312C4850,ag2312C4850,1039.5,0.0,0.0,0.0,2,696.0,1391.0,1,1039.5,0.0,0.0,0.0,0.0,0.0,9
2023-05-09 21:10:26,ag2312C4850,ag2312C4850,1039.5,0.0,0.0,0.0,2,696.0,1391.0,1,1039.5,0.0,0.0,0.0,0.0,0.0,9
2023-05-09 21:10:27,ag2312C4850,ag2312C4850,1039.5,0.0,0.0,0.0,1,697.5,1390.5,2,1039.5,0.0,0.0,0.0,0.0,0.0,9
2023-05-09 21:10:27,ag2312C4850,ag2312C4850,1039.5,0.0,0.0,0.0,1,697.5,1390.5,2,1039.5,0.0,0.0,0.0,0.0,0.0,9
2023-05-09 21:10:28,ag2312C4850,ag2312C4850,1039.5,0.0,0.0,0.0,2,698.0,1389.0,1,1039.5,0.0,0.0,0.0,0.0,0.0,9
2023-05-09 21:10:28,ag2312C4850,ag2312C4850,1039.5,0.0,0.0,0.0,2,698.0,1389.0,1,1039.5,0.0,0.0,0.0,0.0,0.0,9
2023-05-09 21:10:29,ag2312C4850,ag2312C4850,1039.5,0.0,0.0,0.0,2,698.0,1388.5,2,1039.5,0.0,0.0,0.0,0.0,0.0,9
2023-05-09 21:10:29,ag2312C4850,ag2312C4850,1039.5,0.0,0.0,0.0,1,699.5,1387.0,1,1039.5,0.0,0.0,0.0,0.0,0.0,9
2023-05-09 21:10:30,ag2312C4850,ag2312C4850,1039.5,0.0,0.0,0.0,1,699.5,1387.0,1,1039.5,0.0,0.0,0.0,0.0,0.0,9
2023-05-09 21:10:30,ag2312C4850,ag2312C4850,1039.5,0.0,0.0,0.0,2,700.0,1386.5,2,1039.5,0.0,0.0,0.0,0.0,0.0,9
2023-05-09 21:10:31,ag2312C4850,ag2312C4850,1039.5,0.0,0.0,0.0,2,700.0,1386.5,2,1039.5,0.0,0.0,0.0,0.0,0.0,9
2023-05-09 21:10:36,ag2312C4850,ag2312C4850,1039.5,0.0,0.0,0.0,1,701.5,1385.0,1,1039.5,0.0,0.0,0.0,0.0,0.0,9
2023-05-09 21:10:36,ag2312C4850,ag2312C4850,1039.5,0.0,0.0,0.0,1,701.5,1385.0,1,1039.5,0.0,0.0,0.0,0.0,0.0,9
2023-05-09 21:10:37,ag2312C4850,ag2312C4850,1039.5,0.0,0.0,0.0,2,702.0,1384.5,2,1039.5,0.0,0.0,0.0,0.0,0.0,9
2023-05-09 21:10:37,ag2312C4850,ag2312C4850,1039.5,0.0,0.0,0.0,2,702.0,1384.5,2,1039.5,0.0,0.0,0.0,0.0,0.0,9
2023-05-09 21:10:42,ag2312C4850,ag2312C4850,1039.5,0.0,0.0,0.0,1,703.5,1383.0,1,1039.5,0.0,0.0,0.0,0.0,0.0,9
2023-05-09 21:10:43,ag2312C4850,ag2312C4850,1039.5,0.0,0.0,0.0,1,703.5,1383.0,1,1039.5,0.0,0.0,0.0,0.0,0.0,9
2023-05-09 21:10:43,ag2312C4850,ag2312C4850,1039.5,0.0,0.0,0.0,2,704.0,1382.5,2,1039.5,0.0,0.0,0.0,0.0,0.0,9
2023-05-09 21:10:44,ag2312C4850,ag2312C4850,1039.5,0.0,0.0,0.0,2,704.0,1382.5,2,1039.5,0.0,0.0,0.0,0.0,0.0,9
2023-05-09 21:10:57,ag2312C4850,ag2312C4850,1039.5,0.0,0.0,0.0,1,705.5,1382.5,2,1039.5,0.0,0.0,0.0,0.0,0.0,9
2023-05-09 21:10:57,ag2312C4850,ag2312C4850,1039.5,0.0,0.0,0.0,1,705.5,1382.5,2,1039.5,0.0,0.0,0.0,0.0,0.0,9
2023-05-09 21:10:58,ag2312C4850,ag2312C4850,1039.5,0.0,0.0,0.0,2,706.0,1382.5,2,1039.5,0.0,0.0,0.0,0.0,0.0,9
2023-05-09 21:10:58,ag2312C4850,ag2312C4850,1039.5,0.0,0.0,0.0,1,707.5,1381.0,1,1039.5,0.0,0.0,0.0,0.0,0.0,9
2023-05-09 21:10:59,ag2312C4850,ag2312C4850,1039.5,0.0,0.0,0.0,1,707.5,1381.0,1,1039.5,0.0,0.0,0.0,0.0,0.0,9
2023-05-09 21:10:59,ag2312C4850,ag2312C4850,1039.5,0.0,0.0,0.0,2,708.0,1380.5,2,1039.5,0.0,0.0,0.0,0.0,0.0,9
2023-05-09 21:11:00,ag2312C4850,ag2312C4850,1039.5,0.0,0.0,0.0,2,708.0,1380.5,2,1039.5,0.0,0.0,0.0,0.0,0.0,9
2023-05-09 21:11:02,ag2312C4850,ag2312C4850,1039.5,0.0,0.0,0.0,2,708.0,1379.0,1,1039.5,0.0,0.0,0.0,0.0,0.0,9
2023-05-09 21:11:03,ag2312C4850,ag2312C4850,1039.5,0.0,0.0,0.0,2,708.0,1379.0,1,1039.5,0.0,0.0,0.0,0.0,0.0,9
2023-05-09 21:11:03,ag2312C4850,ag2312C4850,1039.5,0.0,0.0,0.0,2,708.0,1378.5,2,1039.5,0.0,0.0,0.0,0.0,0.0,9
2023-05-09 21:11:04,ag2312C4850,ag2312C4850,1039.5,0.0,0.0,0.0,2,708.0,1378.5,2,1039.5,0.0,0.0,0.0,0.0,0.0,9
2023-05-09 21:11:05,ag2312C4850,ag2312C4850,1039.5,0.0,0.0,0.0,1,709.5,1377.0,1,1039.5,0.0,0.0,0.0,0.0,0.0,9
2023-05-09 21:11:05,ag2312C4850,ag2312C4850,1039.5,0.0,0.0,0.0,1,709.5,1377.0,1,1039.5,0.0,0.0,0.0,0.0,0.0,9
2023-05-09 21:11:06,ag2312C4850,ag2312C4850,1039.5,0.0,0.0,0.0,2,710.0,1376.5,2,1039.5,0.0,0.0,0.0,0.0,0.0,9
2023-05-09 21:11:07,ag2312C4850,ag2312C4850,1039.5,0.0,0.0,0.0,1,711.5,1375.0,1,1039.5,0.0,0.0,0.0,0.0,0.0,9
2023-05-09 21:11:07,ag2312C4850,ag2312C4850,1039.5,0.0,0.0,0.0,1,711.5,1375.0,1,1039.5,0.0,0.0,0.0,0.0,0.0,9
2023-05-09 21:11:08,ag2312C4850,ag2312C4850,1039.5,0.0,0.0,0.0,2,712.0,1374.5,2,1039.5,0.0,0.0,0.0,0.0,0.0,9
2023-05-09 21:11:09,ag2312C4850,ag2312C4850,1039.5,0.0,0.0,0.0,2,712.0,1374.5,2,1039.5,0.0,0.0,0.0,0.0,0.0,9
2023-05-09 21:11:13,ag2312C4850,ag2312C4850,1039.5,0.0,0.0,0.0,1,713.5,1373.0,1,1039.5,0.0,0.0,0.0,0.0,0.0,9
2023-05-09 21:11:14,ag2312C4850,ag2312C4850,1039.5,0.0,0.0,0.0,1,713.5,1373.0,1,1039.5,0.0,0.0,0.0,0.0,0.0,9
2023-05-09 21:11:14,ag2312C4850,ag2312C4850,1039.5,0.0,0.0,0.0,2,714.0,1372.5,2,1039.5,0.0,0.0,0.0,0.0,0.0,9
2023-05-09 21:11:15,ag2312C4850,ag2312C4850,1039.5,0.0,0.0,0.0,2,714.0,1372.5,2,1039.5,0.0,0.0,0.0,0.0,0.0,9
2023-05-09 21:11:16,ag2312C4850,ag2312C4850,1039.5,0.0,0.0,0.0,1,715.5,1371.0,1,1039.5,0.0,0.0,0.0,0.0,0.0,9
2023-05-09 21:11:16,ag2312C4850,ag2312C4850,1039.5,0.0,0.0,0.0,1,715.5,1371.0,1,1039.5,0.0,0.0,0.0,0.0,0.0,9
2023-05-09 21:11:17,ag2312C4850,ag2312C4850,1039.5,0.0,0.0,0.0,2,716.0,1370.5,2,1039.5,0.0,0.0,0.0,0.0,0.0,9
2023-05-09 21:11:17,ag2312C4850,ag2312C4850,1039.5,0.0,0.0,0.0,2,716.0,1370.5,2,1039.5,0.0,0.0,0.0,0.0,0.0,9
2023-05-09 21:11:27,ag2312C4850,ag2312C4850,1039.5,0.0,0.0,0.0,1,717.5,1369.0,1,1039.5,0.0,0.0,0.0,0.0,0.0,9
2023-05-09 21:11:28,ag2312C4850,ag2312C4850,1039.5,0.0,0.0,0.0,1,717.5,1369.0,1,1039.5,0.0,0.0,0.0,0.0,0.0,9
2023-05-09 21:11:28,ag2312C4850,ag2312C4850,1039.5,0.0,0.0,0.0,2,718.0,1368.5,2,1039.5,0.0,0.0,0.0,0.0,0.0,9
2023-05-09 21:11:29,ag2312C4850,ag2312C4850,1039.5,0.0,0.0,0.0,2,718.0,1368.5,2,1039.5,0.0,0.0,0.0,0.0,0.0,9
2023-05-09 21:11:29,ag2312C4850,ag2312C4850,1039.5,0.0,0.0,0.0,1,719.5,1367.0,1,1039.5,0.0,0.0,0.0,0.0,0.0,9
2023-05-09 21:11:30,ag2312C4850,ag2312C4850,1039.5,0.0,0.0,0.0,1,719.5,1367.0,1,1039.5,0.0,0.0,0.0,0.0,0.0,9
2023-05-09 21:11:30,ag2312C4850,ag2312C4850,1039.5,0.0,0.0,0.0,2,720.0,1366.5,2,1039.5,0.0,0.0,0.0,0.0,0.0,9
2023-05-09 21:11:31,ag2312C4850,ag2312C4850,1039.5,0.0,0.0,0.0,2,720.0,1366.5,2,1039.5,0.0,0.0,0.0,0.0,0.0,9
2023-05-09 21:11:44,ag2312C4850,ag2312C4850,1039.5,0.0,0.0,0.0,1,721.5,1365.0,1,1039.5,0.0,0.0,0.0,0.0,0.0,9
2023-05-09 21:11:44,ag2312C4850,ag2312C4850,1039.5,0.0,0.0,0.0,1,721.5,1365.0,1,1039.5,0.0,0.0,0.0,0.0,0.0,9
2023-05-09 21:11:45,ag2312C4850,ag2312C4850,1039.5,0.0,0.0,0.0,2,722.0,1364.5,2,1039.5,0.0,0.0,0.0,0.0,0.0,9
2023-05-09 21:11:45,ag2312C4850,ag2312C4850,1039.5,0.0,0.0,0.0,2,722.0,1364.5,2,1039.5,0.0,0.0,0.0,0.0,0.0,9
2023-05-09 21:11:46,ag2312C4850,ag2312C4850,1039.5,0.0,0.0,0.0,1,723.5,1364.5,2,1039.5,0.0,0.0,0.0,0.0,0.0,9
2023-05-09 21:11:46,ag2312C4850,ag2312C4850,1039.5,0.0,0.0,0.0,1,723.5,1364.5,2,1039.5,0.0,0.0,0.0,0.0,0.0,9
2023-05-09 21:11:47,ag2312C4850,ag2312C4850,1039.5,0.0,0.0,0.0,2,724.0,1363.0,1,1039.5,0.0,0.0,0.0,0.0,0.0,9
2023-05-09 21:11:47,ag2312C4850,ag2312C4850,1039.5,0.0,0.0,0.0,2,724.0,1363.0,1,1039.5,0.0,0.0,0.0,0.0,0.0,9
2023-05-09 21:11:48,ag2312C4850,ag2312C4850,1039.5,0.0,0.0,0.0,2,724.0,1362.5,2,1039.5,0.0,0.0,0.0,0.0,0.0,9
2023-05-09 21:11:49,ag2312C4850,ag2312C4850,1039.5,0.0,0.0,0.0,2,724.0,1362.5,2,1039.5,0.0,0.0,0.0,0.0,0.0,9
2023-05-09 21:11:53,ag2312C4850,ag2312C4850,1039.5,0.0,0.0,0.0,2,724.0,1361.0,1,1039.5,0.0,0.0,0.0,0.0,0.0,9
2023-05-09 21:11:53,ag2312C4850,ag2312C4850,1039.5,0.0,0.0,0.0,2,724.0,1361.0,1,1039.5,0.0,0.0,0.0,0.0,0.0,9
2023-05-09 21:11:54,ag2312C4850,ag2312C4850,1039.5,0.0,0.0,0.0,1,725.5,1360.5,2,1039.5,0.0,0.0,0.0,0.0,0.0,9
2023-05-09 21:11:54,ag2312C4850,ag2312C4850,1039.5,0.0,0.0,0.0,1,725.5,1360.5,2,1039.5,0.0,0.0,0.0,0.0,0.0,9
2023-05-09 21:11:55,ag2312C4850,ag2312C4850,1039.5,0.0,0.0,0.0,2,726.0,1360.5,2,1039.5,0.0,0.0,0.0,0.0,0.0,9
2023-05-09 21:11:55,ag2312C4850,ag2312C4850,1039.5,0.0,0.0,0.0,2,726.0,1360.5,2,1039.5,0.0,0.0,0.0,0.0,0.0,9
2023-05-09 21:11:56,ag2312C4850,ag2312C4850,1039.5,0.0,0.0,0.0,1,727.5,1360.5,2,1039.5,0.0,0.0,0.0,0.0,0.0,9
2023-05-09 21:11:56,ag2312C4850,ag2312C4850,1039.5,0.0,0.0,0.0,1,727.5,1360.5,2,1039.5,0.0,0.0,0.0,0.0,0.0,9
2023-05-09 21:11:57,ag2312C4850,ag2312C4850,1039.5,0.0,0.0,0.0,2,728.0,1360.5,2,1039.5,0.0,0.0,0.0,0.0,0.0,9
2023-05-09 21:11:57,ag2312C4850,ag2312C4850,1039.5,0.0,0.0,0.0,2,728.0,1360.5,2,1039.5,0.0,0.0,0.0,0.0,0.0,9
2023-05-09 21:11:58,ag2312C4850,ag2312C4850,1039.5,0.0,0.0,0.0,1,729.5,1360.5,2,1039.5,0.0,0.0,0.0,0.0,0.0,9
2023-05-09 21:11:59,ag2312C4850,ag2312C4850,1039.5,0.0,0.0,0.0,1,729.5,1360.5,2,1039.5,0.0,0.0,0.0,0.0,0.0,9
2023-05-09 21:11:59,ag2312C4850,ag2312C4850,1039.5,0.0,0.0,0.0,2,730.0,1359.0,1,1039.5,0.0,0.0,0.0,0.0,0.0,9
2023-05-09 21:12:00,ag2312C4850,ag2312C4850,1039.5,0.0,0.0,0.0,2,730.0,1359.0,1,1039.5,0.0,0.0,0.0,0.0,0.0,9
2023-05-09 21:12:00,ag2312C4850,ag2312C4850,1039.5,0.0,0.0,0.0,2,730.0,1358.5,2,1039.5,0.0,0.0,0.0,0.0,0.0,9
2023-05-09 21:12:01,ag2312C4850,ag2312C4850,1039.5,0.0,0.0,0.0,2,730.0,1358.5,2,1039.5,0.0,0.0,0.0,0.0,0.0,9
2023-05-09 21:12:05,ag2312C4850,ag2312C4850,1039.5,0.0,0.0,0.0,1,731.5,1357.0,1,1039.5,0.0,0.0,0.0,0.0,0.0,9
2023-05-09 21:12:05,ag2312C4850,ag2312C4850,1039.5,0.0,0.0,0.0,1,731.5,1357.0,1,1039.5,0.0,0.0,0.0,0.0,0.0,9
2023-05-09 21:12:06,ag2312C4850,ag2312C4850,1039.5,0.0,0.0,0.0,2,732.0,1356.5,2,1039.5,0.0,0.0,0.0,0.0,0.0,9
2023-05-09 21:12:06,ag2312C4850,ag2312C4850,1039.5,0.0,0.0,0.0,1,733.5,1355.0,1,1039.5,0.0,0.0,0.0,0.0,0.0,9
2023-05-09 21:12:07,ag2312C4850,ag2312C4850,1039.5,0.0,0.0,0.0,2,734.0,1354.5,2,1039.5,0.0,0.0,0.0,0.0,0.0,9
2023-05-09 21:12:07,ag2312C4850,ag2312C4850,1039.5,0.0,0.0,0.0,2,734.0,1354.5,2,1039.5,0.0,0.0,0.0,0.0,0.0,9
2023-05-09 21:12:17,ag2312C4850,ag2312C4850,1039.5,0.0,0.0,0.0,1,735.5,1353.0,1,1039.5,0.0,0.0,0.0,0.0,0.0,9
2023-05-09 21:12:17,ag2312C4850,ag2312C4850,1039.5,0.0,0.0,0.0,1,735.5,1353.0,1,1039.5,0.0,0.0,0.0,0.0,0.0,9
2023-05-09 21:12:18,ag2312C4850,ag2312C4850,1039.5,0.0,0.0,0.0,2,736.0,1352.5,2,1039.5,0.0,0.0,0.0,0.0,0.0,9
2023-05-09 21:12:18,ag2312C4850,ag2312C4850,1039.5,0.0,0.0,0.0,2,736.0,1352.5,2,1039.5,0.0,0.0,0.0,0.0,0.0,9
2023-05-09 21:12:24,ag2312C4850,ag2312C4850,1039.5,0.0,0.0,0.0,2,736.0,1351.0,1,1039.5,0.0,0.0,0.0,0.0,0.0,9
2023-05-09 21:12:25,ag2312C4850,ag2312C4850,1039.5,0.0,0.0,0.0,2,736.0,1351.0,1,1039.5,0.0,0.0,0.0,0.0,0.0,9
2023-05-09 21:12:25,ag2312C4850,ag2312C4850,1039.5,0.0,0.0,0.0,2,736.0,1350.5,2,1039.5,0.0,0.0,0.0,0.0,0.0,9
2023-05-09 21:12:26,ag2312C4850,ag2312C4850,1039.5,0.0,0.0,0.0,2,736.0,1350.5,2,1039.5,0.0,0.0,0.0,0.0,0.0,9
2023-05-09 21:13:06,ag2312C4850,ag2312C4850,1039.5,0.0,0.0,0.0,1,737.5,1350.5,2,1039.5,0.0,0.0,0.0,0.0,0.0,9
2023-05-09 21:13:06,ag2312C4850,ag2312C4850,1039.5,0.0,0.0,0.0,1,737.5,1350.5,2,1039.5,0.0,0.0,0.0,0.0,0.0,9
2023-05-09 21:13:07,ag2312C4850,ag2312C4850,1039.5,0.0,0.0,0.0,2,738.0,1350.5,2,1039.5,0.0,0.0,0.0,0.0,0.0,9
2023-05-09 21:13:07,ag2312C4850,ag2312C4850,1039.5,0.0,0.0,0.0,2,738.0,1350.5,2,1039.5,0.0,0.0,0.0,0.0,0.0,9
2023-05-09 21:13:12,ag2312C4850,ag2312C4850,1039.5,0.0,0.0,0.0,1,739.5,1349.0,1,1039.5,0.0,0.0,0.0,0.0,0.0,9
2023-05-09 21:13:12,ag2312C4850,ag2312C4850,1039.5,0.0,0.0,0.0,1,739.5,1349.0,1,1039.5,0.0,0.0,0.0,0.0,0.0,9
2023-05-09 21:13:13,ag2312C4850,ag2312C4850,1039.5,0.0,0.0,0.0,2,740.0,1348.5,2,1039.5,0.0,0.0,0.0,0.0,0.0,9
2023-05-09 21:13:14,ag2312C4850,ag2312C4850,1039.5,0.0,0.0,0.0,2,740.0,1348.5,2,1039.5,0.0,0.0,0.0,0.0,0.0,9
2023-05-09 21:13:23,ag2312C4850,ag2312C4850,1039.5,0.0,0.0,0.0,1,741.5,1348.5,2,1039.5,0.0,0.0,0.0,0.0,0.0,9
2023-05-09 21:13:23,ag2312C4850,ag2312C4850,1039.5,0.0,0.0,0.0,1,741.5,1348.5,2,1039.5,0.0,0.0,0.0,0.0,0.0,9
2023-05-09 21:13:24,ag2312C4850,ag2312C4850,1039.5,0.0,0.0,0.0,2,742.0,1347.0,1,1039.5,0.0,0.0,0.0,0.0,0.0,9
2023-05-09 21:13:24,ag2312C4850,ag2312C4850,1039.5,0.0,0.0,0.0,2,742.0,1347.0,1,1039.5,0.0,0.0,0.0,0.0,0.0,9
2023-05-09 21:13:25,ag2312C4850,ag2312C4850,1039.5,0.0,0.0,0.0,2,742.0,1346.5,2,1039.5,0.0,0.0,0.0,0.0,0.0,9
2023-05-09 21:13:26,ag2312C4850,ag2312C4850,1039.5,0.0,0.0,0.0,2,742.0,1346.5,2,1039.5,0.0,0.0,0.0,0.0,0.0,9
2023-05-09 21:13:27,ag2312C4850,ag2312C4850,1039.5,0.0,0.0,0.0,1,743.5,1345.0,1,1039.5,0.0,0.0,0.0,0.0,0.0,9
2023-05-09 21:13:27,ag2312C4850,ag2312C4850,1039.5,0.0,0.0,0.0,1,743.5,1345.0,1,1039.5,0.0,0.0,0.0,0.0,0.0,9
2023-05-09 21:13:28,ag2312C4850,ag2312C4850,1039.5,0.0,0.0,0.0,2,744.0,1344.5,2,1039.5,0.0,0.0,0.0,0.0,0.0,9
2023-05-09 21:13:28,ag2312C4850,ag2312C4850,1039.5,0.0,0.0,0.0,2,744.0,1344.5,2,1039.5,0.0,0.0,0.0,0.0,0.0,9
2023-05-09 21:13:31,ag2312C4850,ag2312C4850,1039.5,0.0,0.0,0.0,1,745.5,1343.0,1,1039.5,0.0,0.0,0.0,0.0,0.0,9
2023-05-09 21:13:32,ag2312C4850,ag2312C4850,1039.5,0.0,0.0,0.0,1,745.5,1343.0,1,1039.5,0.0,0.0,0.0,0.0,0.0,9
2023-05-09 21:13:32,ag2312C4850,ag2312C4850,1039.5,0.0,0.0,0.0,2,746.0,1342.5,2,1039.5,0.0,0.0,0.0,0.0,0.0,9
2023-05-09 21:13:33,ag2312C4850,ag2312C4850,1039.5,0.0,0.0,0.0,2,746.0,1342.5,2,1039.5,0.0,0.0,0.0,0.0,0.0,9
2023-05-09 21:13:36,ag2312C4850,ag2312C4850,1039.5,0.0,0.0,0.0,1,747.5,1342.5,2,1039.5,0.0,0.0,0.0,0.0,0.0,9
2023-05-09 21:13:36,ag2312C4850,ag2312C4850,1039.5,0.0,0.0,0.0,1,747.5,1342.5,2,1039.5,0.0,0.0,0.0,0.0,0.0,9
2023-05-09 21:13:37,ag2312C4850,ag2312C4850,1039.5,0.0,0.0,0.0,2,748.0,1342.5,2,1039.5,0.0,0.0,0.0,0.0,0.0,9
2023-05-09 21:13:38,ag2312C4850,ag2312C4850,1039.5,0.0,0.0,0.0,1,749.5,1341.0,1,1039.5,0.0,0.0,0.0,0.0,0.0,9
2023-05-09 21:13:38,ag2312C4850,ag2312C4850,1039.5,0.0,0.0,0.0,1,749.5,1341.0,1,1039.5,0.0,0.0,0.0,0.0,0.0,9
2023-05-09 21:13:39,ag2312C4850,ag2312C4850,1039.5,0.0,0.0,0.0,2,750.0,1340.5,2,1039.5,0.0,0.0,0.0,0.0,0.0,9
2023-05-09 21:13:39,ag2312C4850,ag2312C4850,1039.5,0.0,0.0,0.0,1,751.5,1339.0,1,1039.5,0.0,0.0,0.0,0.0,0.0,9
2023-05-09 21:13:40,ag2312C4850,ag2312C4850,1039.5,0.0,0.0,0.0,1,751.5,1339.0,1,1039.5,0.0,0.0,0.0,0.0,0.0,9
2023-05-09 21:13:40,ag2312C4850,ag2312C4850,1039.5,0.0,0.0,0.0,2,752.0,1338.5,2,1039.5,0.0,0.0,0.0,0.0,0.0,9
2023-05-09 21:13:41,ag2312C4850,ag2312C4850,1039.5,0.0,0.0,0.0,2,752.0,1338.5,2,1039.5,0.0,0.0,0.0,0.0,0.0,9
2023-05-09 21:13:46,ag2312C4850,ag2312C4850,1039.5,0.0,0.0,0.0,1,753.5,1337.0,1,1039.5,0.0,0.0,0.0,0.0,0.0,9
2023-05-09 21:13:46,ag2312C4850,ag2312C4850,1039.5,0.0,0.0,0.0,1,753.5,1337.0,1,1039.5,0.0,0.0,0.0,0.0,0.0,9
2023-05-09 21:13:47,ag2312C4850,ag2312C4850,1039.5,0.0,0.0,0.0,2,754.0,1336.5,2,1039.5,0.0,0.0,0.0,0.0,0.0,9
2023-05-09 21:13:47,ag2312C4850,ag2312C4850,1039.5,0.0,0.0,0.0,2,754.0,1336.5,2,1039.5,0.0,0.0,0.0,0.0,0.0,9
2023-05-09 21:13:48,ag2312C4850,ag2312C4850,1039.5,0.0,0.0,0.0,1,755.5,1335.0,1,1039.5,0.0,0.0,0.0,0.0,0.0,9
2023-05-09 21:13:48,ag2312C4850,ag2312C4850,1039.5,0.0,0.0,0.0,1,755.5,1335.0,1,1039.5,0.0,0.0,0.0,0.0,0.0,9
2023-05-09 21:13:49,ag2312C4850,ag2312C4850,1039.5,0.0,0.0,0.0,2,756.0,1334.5,2,1039.5,0.0,0.0,0.0,0.0,0.0,9
2023-05-09 21:13:50,ag2312C4850,ag2312C4850,1039.5,0.0,0.0,0.0,2,756.0,1334.5,2,1039.5,0.0,0.0,0.0,0.0,0.0,9
2023-05-09 21:13:55,ag2312C4850,ag2312C4850,1039.5,0.0,0.0,0.0,1,757.5,1334.5,2,1039.5,0.0,0.0,0.0,0.0,0.0,9
2023-05-09 21:13:55,ag2312C4850,ag2312C4850,1039.5,0.0,0.0,0.0,1,757.5,1334.5,2,1039.5,0.0,0.0,0.0,0.0,0.0,9
2023-05-09 21:13:56,ag2312C4850,ag2312C4850,1039.5,0.0,0.0,0.0,2,758.0,1334.5,2,1039.5,0.0,0.0,0.0,0.0,0.0,9
2023-05-09 21:13:56,ag2312C4850,ag2312C4850,1039.5,0.0,0.0,0.0,1,759.5,1333.0,1,1039.5,0.0,0.0,0.0,0.0,0.0,9
2023-05-09 21:13:57,ag2312C4850,ag2312C4850,1039.5,0.0,0.0,0.0,1,759.5,1333.0,1,1039.5,0.0,0.0,0.0,0.0,0.0,9
2023-05-09 21:13:57,ag2312C4850,ag2312C4850,1039.5,0.0,0.0,0.0,2,760.0,1332.5,2,1039.5,0.0,0.0,0.0,0.0,0.0,9
2023-05-09 21:13:58,ag2312C4850,ag2312C4850,1039.5,0.0,0.0,0.0,2,760.0,1332.5,2,1039.5,0.0,0.0,0.0,0.0,0.0,9
2023-05-09 21:14:28,ag2312C4850,ag2312C4850,1039.5,0.0,0.0,0.0,2,760.0,1331.0,1,1039.5,0.0,0.0,0.0,0.0,0.0,9
2023-05-09 21:14:28,ag2312C4850,ag2312C4850,1039.5,0.0,0.0,0.0,2,760.0,1331.0,1,1039.5,0.0,0.0,0.0,0.0,0.0,9
2023-05-09 21:14:29,ag2312C4850,ag2312C4850,1039.5,0.0,0.0,0.0,2,760.0,1330.5,2,1039.5,0.0,0.0,0.0,0.0,0.0,9
2023-05-09 21:14:29,ag2312C4850,ag2312C4850,1039.5,0.0,0.0,0.0,2,760.0,1330.5,2,1039.5,0.0,0.0,0.0,0.0,0.0,9
2023-05-09 21:14:32,ag2312C4850,ag2312C4850,1039.5,0.0,0.0,0.0,1,761.5,1330.5,2,1039.5,0.0,0.0,0.0,0.0,0.0,9
2023-05-09 21:14:32,ag2312C4850,ag2312C4850,1039.5,0.0,0.0,0.0,1,761.5,1330.5,2,1039.5,0.0,0.0,0.0,0.0,0.0,9
2023-05-09 21:14:33,ag2312C4850,ag2312C4850,1039.5,0.0,0.0,0.0,2,762.0,1330.5,2,1039.5,0.0,0.0,0.0,0.0,0.0,9
2023-05-09 21:14:33,ag2312C4850,ag2312C4850,1039.5,0.0,0.0,0.0,2,762.0,1329.0,1,1039.5,0.0,0.0,0.0,0.0,0.0,9
2023-05-09 21:14:34,ag2312C4850,ag2312C4850,1039.5,0.0,0.0,0.0,2,762.0,1329.0,1,1039.5,0.0,0.0,0.0,0.0,0.0,9
2023-05-09 21:14:34,ag2312C4850,ag2312C4850,1039.5,0.0,0.0,0.0,2,762.0,1328.5,2,1039.5,0.0,0.0,0.0,0.0,0.0,9
2023-05-09 21:14:35,ag2312C4850,ag2312C4850,1039.5,0.0,0.0,0.0,2,762.0,1328.5,2,1039.5,0.0,0.0,0.0,0.0,0.0,9
2023-05-09 21:14:36,ag2312C4850,ag2312C4850,1039.5,0.0,0.0,0.0,1,763.5,1328.5,2,1039.5,0.0,0.0,0.0,0.0,0.0,9
2023-05-09 21:14:36,ag2312C4850,ag2312C4850,1039.5,0.0,0.0,0.0,1,763.5,1328.5,2,1039.5,0.0,0.0,0.0,0.0,0.0,9
2023-05-09 21:14:37,ag2312C4850,ag2312C4850,1039.5,0.0,0.0,0.0,2,764.0,1328.5,2,1039.5,0.0,0.0,0.0,0.0,0.0,9
2023-05-09 21:14:38,ag2312C4850,ag2312C4850,1039.5,0.0,0.0,0.0,2,764.0,1328.5,2,1039.5,0.0,0.0,0.0,0.0,0.0,9
2023-05-09 21:14:38,ag2312C4850,ag2312C4850,1039.5,0.0,0.0,0.0,2,764.0,1327.0,1,1039.5,0.0,0.0,0.0,0.0,0.0,9
2023-05-09 21:14:39,ag2312C4850,ag2312C4850,1039.5,0.0,0.0,0.0,2,764.0,1327.0,1,1039.5,0.0,0.0,0.0,0.0,0.0,9
2023-05-09 21:14:39,ag2312C4850,ag2312C4850,1039.5,0.0,0.0,0.0,2,764.0,1326.5,2,1039.5,0.0,0.0,0.0,0.0,0.0,9
2023-05-09 21:14:40,ag2312C4850,ag2312C4850,1039.5,0.0,0.0,0.0,2,764.0,1326.5,2,1039.5,0.0,0.0,0.0,0.0,0.0,9
2023-05-09 21:14:46,ag2312C4850,ag2312C4850,1039.5,0.0,0.0,0.0,1,765.5,1325.0,1,1039.5,0.0,0.0,0.0,0.0,0.0,9
2023-05-09 21:14:46,ag2312C4850,ag2312C4850,1039.5,0.0,0.0,0.0,1,765.5,1325.0,1,1039.5,0.0,0.0,0.0,0.0,0.0,9
2023-05-09 21:14:47,ag2312C4850,ag2312C4850,1039.5,0.0,0.0,0.0,2,766.0,1324.5,2,1039.5,0.0,0.0,0.0,0.0,0.0,9
2023-05-09 21:14:47,ag2312C4850,ag2312C4850,1039.5,0.0,0.0,0.0,2,766.0,1324.5,2,1039.5,0.0,0.0,0.0,0.0,0.0,9
2023-05-09 21:14:48,ag2312C4850,ag2312C4850,1039.5,0.0,0.0,0.0,1,767.5,1323.0,1,1039.5,0.0,0.0,0.0,0.0,0.0,9
2023-05-09 21:14:48,ag2312C4850,ag2312C4850,1039.5,0.0,0.0,0.0,1,767.5,1323.0,1,1039.5,0.0,0.0,0.0,0.0,0.0,9
2023-05-09 21:14:49,ag2312C4850,ag2312C4850,1039.5,0.0,0.0,0.0,2,768.0,1322.5,2,1039.5,0.0,0.0,0.0,0.0,0.0,9
2023-05-09 21:14:49,ag2312C4850,ag2312C4850,1039.5,0.0,0.0,0.0,2,768.0,1322.5,2,1039.5,0.0,0.0,0.0,0.0,0.0,9
2023-05-09 21:14:50,ag2312C4850,ag2312C4850,1039.5,0.0,0.0,0.0,2,768.0,1322.5,2,1039.5,0.0,0.0,0.0,0.0,0.0,9
2023-05-09 21:14:53,ag2312C4850,ag2312C4850,1039.5,0.0,0.0,0.0,2,768.0,1321.0,1,1039.5,0.0,0.0,0.0,0.0,0.0,9
2023-05-09 21:14:54,ag2312C4850,ag2312C4850,1039.5,0.0,0.0,0.0,2,768.0,1321.0,1,1039.5,0.0,0.0,0.0,0.0,0.0,9
2023-05-09 21:14:54,ag2312C4850,ag2312C4850,1039.5,0.0,0.0,0.0,2,768.0,1320.5,2,1039.5,0.0,0.0,0.0,0.0,0.0,9
2023-05-09 21:14:55,ag2312C4850,ag2312C4850,1039.5,0.0,0.0,0.0,2,768.0,1320.5,2,1039.5,0.0,0.0,0.0,0.0,0.0,9
2023-05-09 21:15:17,ag2312C4850,ag2312C4850,1039.5,0.0,0.0,0.0,1,769.5,1320.5,2,1039.5,0.0,0.0,0.0,0.0,0.0,9
2023-05-09 21:15:17,ag2312C4850,ag2312C4850,1039.5,0.0,0.0,0.0,1,769.5,1320.5,2,1039.5,0.0,0.0,0.0,0.0,0.0,9
2023-05-09 21:15:18,ag2312C4850,ag2312C4850,1039.5,0.0,0.0,0.0,2,770.0,1320.5,2,1039.5,0.0,0.0,0.0,0.0,0.0,9
2023-05-09 21:15:19,ag2312C4850,ag2312C4850,1039.5,0.0,0.0,0.0,2,770.0,1320.5,2,1039.5,0.0,0.0,0.0,0.0,0.0,9
2023-05-09 21:15:22,ag2312C4850,ag2312C4850,1039.5,0.0,0.0,0.0,1,771.5,1320.5,2,1039.5,0.0,0.0,0.0,0.0,0.0,9
2023-05-09 21:15:23,ag2312C4850,ag2312C4850,1039.5,0.0,0.0,0.0,1,771.5,1319.0,1,1039.5,0.0,0.0,0.0,0.0,0.0,9
2023-05-09 21:15:23,ag2312C4850,ag2312C4850,1039.5,0.0,0.0,0.0,2,772.0,1319.0,1,1039.5,0.0,0.0,0.0,0.0,0.0,9
2023-05-09 21:15:24,ag2312C4850,ag2312C4850,1039.5,0.0,0.0,0.0,2,772.0,1318.5,2,1039.5,0.0,0.0,0.0,0.0,0.0,9
2023-05-09 21:15:24,ag2312C4850,ag2312C4850,1039.5,0.0,0.0,0.0,2,772.0,1318.5,2,1039.5,0.0,0.0,0.0,0.0,0.0,9
2023-05-09 21:15:25,ag2312C4850,ag2312C4850,1039.5,0.0,0.0,0.0,1,773.5,1317.0,1,1039.5,0.0,0.0,0.0,0.0,0.0,9
2023-05-09 21:15:25,ag2312C4850,ag2312C4850,1039.5,0.0,0.0,0.0,1,773.5,1317.0,1,1039.5,0.0,0.0,0.0,0.0,0.0,9
2023-05-09 21:15:26,ag2312C4850,ag2312C4850,1039.5,0.0,0.0,0.0,2,774.0,1316.5,2,1039.5,0.0,0.0,0.0,0.0,0.0,9
2023-05-09 21:15:26,ag2312C4850,ag2312C4850,1039.5,0.0,0.0,0.0,2,774.0,1316.5,2,1039.5,0.0,0.0,0.0,0.0,0.0,9
2023-05-09 21:15:27,ag2312C4850,ag2312C4850,1039.5,0.0,0.0,0.0,1,775.5,1315.0,1,1039.5,0.0,0.0,0.0,0.0,0.0,9
2023-05-09 21:15:27,ag2312C4850,ag2312C4850,1039.5,0.0,0.0,0.0,1,775.5,1315.0,1,1039.5,0.0,0.0,0.0,0.0,0.0,9
2023-05-09 21:15:28,ag2312C4850,ag2312C4850,1039.5,0.0,0.0,0.0,2,776.0,1314.5,2,1039.5,0.0,0.0,0.0,0.0,0.0,9
2023-05-09 21:15:28,ag2312C4850,ag2312C4850,1039.5,0.0,0.0,0.0,2,776.0,1314.5,2,1039.5,0.0,0.0,0.0,0.0,0.0,9
2023-05-09 21:15:34,ag2312C4850,ag2312C4850,1039.5,0.0,0.0,0.0,1,777.5,1313.0,1,1039.5,0.0,0.0,0.0,0.0,0.0,9
2023-05-09 21:15:35,ag2312C4850,ag2312C4850,1039.5,0.0,0.0,0.0,2,778.0,1312.5,2,1039.5,0.0,0.0,0.0,0.0,0.0,9
2023-05-09 21:15:36,ag2312C4850,ag2312C4850,1039.5,0.0,0.0,0.0,2,778.0,1312.5,2,1039.5,0.0,0.0,0.0,0.0,0.0,9
2023-05-09 21:15:42,ag2312C4850,ag2312C4850,1039.5,0.0,0.0,0.0,1,779.5,1312.5,2,1039.5,0.0,0.0,0.0,0.0,0.0,9
2023-05-09 21:15:42,ag2312C4850,ag2312C4850,1039.5,0.0,0.0,0.0,1,779.5,1312.5,2,1039.5,0.0,0.0,0.0,0.0,0.0,9
2023-05-09 21:15:43,ag2312C4850,ag2312C4850,1039.5,0.0,0.0,0.0,2,780.0,1311.0,1,1039.5,0.0,0.0,0.0,0.0,0.0,9
2023-05-09 21:15:43,ag2312C4850,ag2312C4850,1039.5,0.0,0.0,0.0,2,780.0,1311.0,1,1039.5,0.0,0.0,0.0,0.0,0.0,9
2023-05-09 21:15:44,ag2312C4850,ag2312C4850,1039.5,0.0,0.0,0.0,2,780.0,1310.5,2,1039.5,0.0,0.0,0.0,0.0,0.0,9
2023-05-09 21:15:45,ag2312C4850,ag2312C4850,1039.5,0.0,0.0,0.0,2,780.0,1310.5,2,1039.5,0.0,0.0,0.0,0.0,0.0,9
2023-05-09 21:16:04,ag2312C4850,ag2312C4850,1039.5,0.0,0.0,0.0,2,780.0,1309.0,1,1039.5,0.0,0.0,0.0,0.0,0.0,9
2023-05-09 21:16:04,ag2312C4850,ag2312C4850,1039.5,0.0,0.0,0.0,2,780.0,1309.0,1,1039.5,0.0,0.0,0.0,0.0,0.0,9
2023-05-09 21:16:05,ag2312C4850,ag2312C4850,1039.5,0.0,0.0,0.0,1,781.5,1308.5,2,1039.5,0.0,0.0,0.0,0.0,0.0,9
2023-05-09 21:16:05,ag2312C4850,ag2312C4850,1039.5,0.0,0.0,0.0,1,781.5,1308.5,2,1039.5,0.0,0.0,0.0,0.0,0.0,9
2023-05-09 21:16:06,ag2312C4850,ag2312C4850,1039.5,0.0,0.0,0.0,2,782.0,1308.5,2,1039.5,0.0,0.0,0.0,0.0,0.0,9
2023-05-09 21:16:06,ag2312C4850,ag2312C4850,1039.5,0.0,0.0,0.0,2,782.0,1308.5,2,1039.5,0.0,0.0,0.0,0.0,0.0,9
2023-05-09 21:16:30,ag2312C4850,ag2312C4850,1039.5,0.0,0.0,0.0,1,783.5,1308.5,2,1039.5,0.0,0.0,0.0,0.0,0.0,9
2023-05-09 21:16:31,ag2312C4850,ag2312C4850,1039.5,0.0,0.0,0.0,1,783.5,1308.5,2,1039.5,0.0,0.0,0.0,0.0,0.0,9
2023-05-09 21:16:31,ag2312C4850,ag2312C4850,1039.5,0.0,0.0,0.0,2,784.0,1308.5,2,1039.5,0.0,0.0,0.0,0.0,0.0,9
2023-05-09 21:16:32,ag2312C4850,ag2312C4850,1039.5,0.0,0.0,0.0,2,784.0,1307.0,1,1039.5,0.0,0.0,0.0,0.0,0.0,9
2023-05-09 21:16:32,ag2312C4850,ag2312C4850,1039.5,0.0,0.0,0.0,2,784.0,1307.0,1,1039.5,0.0,0.0,0.0,0.0,0.0,9
2023-05-09 21:16:33,ag2312C4850,ag2312C4850,1039.5,0.0,0.0,0.0,2,784.0,1306.5,2,1039.5,0.0,0.0,0.0,0.0,0.0,9
2023-05-09 21:16:34,ag2312C4850,ag2312C4850,1039.5,0.0,0.0,0.0,2,784.0,1306.5,2,1039.5,0.0,0.0,0.0,0.0,0.0,9
2023-05-09 21:16:45,ag2312C4850,ag2312C4850,1039.5,0.0,0.0,0.0,2,784.0,1305.0,1,1039.5,0.0,0.0,0.0,0.0,0.0,9
2023-05-09 21:16:45,ag2312C4850,ag2312C4850,1039.5,0.0,0.0,0.0,2,784.0,1305.0,1,1039.5,0.0,0.0,0.0,0.0,0.0,9
2023-05-09 21:16:46,ag2312C4850,ag2312C4850,1039.5,0.0,0.0,0.0,2,784.0,1304.5,2,1039.5,0.0,0.0,0.0,0.0,0.0,9
2023-05-09 21:16:46,ag2312C4850,ag2312C4850,1039.5,0.0,0.0,0.0,1,785.5,1303.0,1,1039.5,0.0,0.0,0.0,0.0,0.0,9
2023-05-09 21:16:47,ag2312C4850,ag2312C4850,1039.5,0.0,0.0,0.0,1,785.5,1303.0,1,1039.5,0.0,0.0,0.0,0.0,0.0,9
2023-05-09 21:16:47,ag2312C4850,ag2312C4850,1039.5,0.0,0.0,0.0,2,786.0,1302.5,2,1039.5,0.0,0.0,0.0,0.0,0.0,9
2023-05-09 21:16:48,ag2312C4850,ag2312C4850,1039.5,0.0,0.0,0.0,1,787.5,1301.0,1,1039.5,0.0,0.0,0.0,0.0,0.0,9
2023-05-09 21:16:48,ag2312C4850,ag2312C4850,1039.5,0.0,0.0,0.0,1,787.5,1301.0,1,1039.5,0.0,0.0,0.0,0.0,0.0,9
2023-05-09 21:16:49,ag2312C4850,ag2312C4850,1039.5,0.0,0.0,0.0,2,788.0,1300.5,2,1039.5,0.0,0.0,0.0,0.0,0.0,9
2023-05-09 21:16:49,ag2312C4850,ag2312C4850,1039.5,0.0,0.0,0.0,2,788.0,1300.5,2,1039.5,0.0,0.0,0.0,0.0,0.0,9
2023-05-09 21:16:50,ag2312C4850,ag2312C4850,1039.5,0.0,0.0,0.0,1,789.5,1300.5,2,1039.5,0.0,0.0,0.0,0.0,0.0,9
2023-05-09 21:16:51,ag2312C4850,ag2312C4850,1039.5,0.0,0.0,0.0,1,789.5,1300.5,2,1039.5,0.0,0.0,0.0,0.0,0.0,9
2023-05-09 21:16:51,ag2312C4850,ag2312C4850,1039.5,0.0,0.0,0.0,2,790.0,1300.5,2,1039.5,0.0,0.0,0.0,0.0,0.0,9
2023-05-09 21:16:52,ag2312C4850,ag2312C4850,1039.5,0.0,0.0,0.0,1,791.5,1300.5,2,1039.5,0.0,0.0,0.0,0.0,0.0,9
2023-05-09 21:16:52,ag2312C4850,ag2312C4850,1039.5,0.0,0.0,0.0,1,791.5,1300.5,2,1039.5,0.0,0.0,0.0,0.0,0.0,9
2023-05-09 21:16:53,ag2312C4850,ag2312C4850,1039.5,0.0,0.0,0.0,2,792.0,1300.5,2,1039.5,0.0,0.0,0.0,0.0,0.0,9
2023-05-09 21:16:53,ag2312C4850,ag2312C4850,1039.5,0.0,0.0,0.0,2,792.0,1300.5,2,1039.5,0.0,0.0,0.0,0.0,0.0,9
2023-05-09 21:16:55,ag2312C4850,ag2312C4850,1039.5,0.0,0.0,0.0,1,793.5,1299.0,1,1039.5,0.0,0.0,0.0,0.0,0.0,9
2023-05-09 21:16:56,ag2312C4850,ag2312C4850,1039.5,0.0,0.0,0.0,1,793.5,1299.0,1,1039.5,0.0,0.0,0.0,0.0,0.0,9
2023-05-09 21:16:56,ag2312C4850,ag2312C4850,1039.5,0.0,0.0,0.0,2,794.0,1298.5,2,1039.5,0.0,0.0,0.0,0.0,0.0,9
2023-05-09 21:16:57,ag2312C4850,ag2312C4850,1039.5,0.0,0.0,0.0,2,794.0,1298.5,2,1039.5,0.0,0.0,0.0,0.0,0.0,9
2023-05-09 21:16:57,ag2312C4850,ag2312C4850,1039.5,0.0,0.0,0.0,1,795.5,1298.5,2,1039.5,0.0,0.0,0.0,0.0,0.0,9
2023-05-09 21:16:58,ag2312C4850,ag2312C4850,1039.5,0.0,0.0,0.0,1,795.5,1298.5,2,1039.5,0.0,0.0,0.0,0.0,0.0,9
2023-05-09 21:16:58,ag2312C4850,ag2312C4850,1039.5,0.0,0.0,0.0,2,796.0,1298.5,2,1039.5,0.0,0.0,0.0,0.0,0.0,9
2023-05-09 21:16:59,ag2312C4850,ag2312C4850,1039.5,0.0,0.0,0.0,2,796.0,1298.5,2,1039.5,0.0,0.0,0.0,0.0,0.0,9
2023-05-09 21:17:00,ag2312C4850,ag2312C4850,1039.5,0.0,0.0,0.0,1,797.5,1297.0,1,1039.5,0.0,0.0,0.0,0.0,0.0,9
2023-05-09 21:17:00,ag2312C4850,ag2312C4850,1039.5,0.0,0.0,0.0,1,797.5,1297.0,1,1039.5,0.0,0.0,0.0,0.0,0.0,9
2023-05-09 21:17:01,ag2312C4850,ag2312C4850,1039.5,0.0,0.0,0.0,2,798.0,1296.5,2,1039.5,0.0,0.0,0.0,0.0,0.0,9
2023-05-09 21:17:01,ag2312C4850,ag2312C4850,1039.5,0.0,0.0,0.0,2,798.0,1296.5,2,1039.5,0.0,0.0,0.0,0.0,0.0,9
2023-05-09 21:17:16,ag2312C4850,ag2312C4850,1039.5,0.0,0.0,0.0,2,798.0,1295.0,1,1039.5,0.0,0.0,0.0,0.0,0.0,9
2023-05-09 21:17:16,ag2312C4850,ag2312C4850,1039.5,0.0,0.0,0.0,2,798.0,1295.0,1,1039.5,0.0,0.0,0.0,0.0,0.0,9
2023-05-09 21:17:17,ag2312C4850,ag2312C4850,1039.5,0.0,0.0,0.0,2,798.0,1294.5,2,1039.5,0.0,0.0,0.0,0.0,0.0,9
2023-05-09 21:17:17,ag2312C4850,ag2312C4850,1039.5,0.0,0.0,0.0,2,798.0,1293.0,1,1039.5,0.0,0.0,0.0,0.0,0.0,9
2023-05-09 21:17:18,ag2312C4850,ag2312C4850,1039.5,0.0,0.0,0.0,2,798.0,1293.0,1,1039.5,0.0,0.0,0.0,0.0,0.0,9
2023-05-09 21:17:18,ag2312C4850,ag2312C4850,1039.5,0.0,0.0,0.0,2,798.0,1292.5,2,1039.5,0.0,0.0,0.0,0.0,0.0,9
2023-05-09 21:17:19,ag2312C4850,ag2312C4850,1039.5,0.0,0.0,0.0,2,798.0,1292.5,2,1039.5,0.0,0.0,0.0,0.0,0.0,9
2023-05-09 21:17:28,ag2312C4850,ag2312C4850,1039.5,0.0,0.0,0.0,1,799.5,1291.0,1,1039.5,0.0,0.0,0.0,0.0,0.0,9
2023-05-09 21:17:28,ag2312C4850,ag2312C4850,1039.5,0.0,0.0,0.0,1,799.5,1291.0,1,1039.5,0.0,0.0,0.0,0.0,0.0,9
2023-05-09 21:17:29,ag2312C4850,ag2312C4850,1039.5,0.0,0.0,0.0,2,800.0,1290.5,2,1039.5,0.0,0.0,0.0,0.0,0.0,9
2023-05-09 21:17:29,ag2312C4850,ag2312C4850,1039.5,0.0,0.0,0.0,2,800.0,1290.5,2,1039.5,0.0,0.0,0.0,0.0,0.0,9
2023-05-09 21:17:30,ag2312C4850,ag2312C4850,1039.5,0.0,0.0,0.0,1,801.5,1290.5,2,1039.5,0.0,0.0,0.0,0.0,0.0,9
2023-05-09 21:17:30,ag2312C4850,ag2312C4850,1039.5,0.0,0.0,0.0,1,801.5,1290.5,2,1039.5,0.0,0.0,0.0,0.0,0.0,9
2023-05-09 21:17:31,ag2312C4850,ag2312C4850,1039.5,0.0,0.0,0.0,2,802.0,1290.5,2,1039.5,0.0,0.0,0.0,0.0,0.0,9
2023-05-09 21:17:31,ag2312C4850,ag2312C4850,1039.5,0.0,0.0,0.0,2,802.0,1290.5,2,1039.5,0.0,0.0,0.0,0.0,0.0,9
2023-05-09 21:17:42,ag2312C4850,ag2312C4850,1039.5,0.0,0.0,0.0,1,803.5,1290.5,2,1039.5,0.0,0.0,0.0,0.0,0.0,9
2023-05-09 21:17:43,ag2312C4850,ag2312C4850,1039.5,0.0,0.0,0.0,1,803.5,1290.5,2,1039.5,0.0,0.0,0.0,0.0,0.0,9
2023-05-09 21:17:43,ag2312C4850,ag2312C4850,1039.5,0.0,0.0,0.0,2,804.0,1290.5,2,1039.5,0.0,0.0,0.0,0.0,0.0,9
2023-05-09 21:17:44,ag2312C4850,ag2312C4850,1039.5,0.0,0.0,0.0,1,805.5,1289.0,1,1039.5,0.0,0.0,0.0,0.0,0.0,9
2023-05-09 21:17:44,ag2312C4850,ag2312C4850,1039.5,0.0,0.0,0.0,1,805.5,1289.0,1,1039.5,0.0,0.0,0.0,0.0,0.0,9
2023-05-09 21:17:45,ag2312C4850,ag2312C4850,1039.5,0.0,0.0,0.0,2,806.0,1288.5,2,1039.5,0.0,0.0,0.0,0.0,0.0,9
2023-05-09 21:17:46,ag2312C4850,ag2312C4850,1039.5,0.0,0.0,0.0,2,806.0,1288.5,2,1039.5,0.0,0.0,0.0,0.0,0.0,9
2023-05-09 21:17:52,ag2312C4850,ag2312C4850,1039.5,0.0,0.0,0.0,2,806.0,1287.0,1,1039.5,0.0,0.0,0.0,0.0,0.0,9
2023-05-09 21:17:52,ag2312C4850,ag2312C4850,1039.5,0.0,0.0,0.0,2,806.0,1287.0,1,1039.5,0.0,0.0,0.0,0.0,0.0,9
2023-05-09 21:17:53,ag2312C4850,ag2312C4850,1039.5,0.0,0.0,0.0,2,806.0,1286.5,2,1039.5,0.0,0.0,0.0,0.0,0.0,9
2023-05-09 21:17:53,ag2312C4850,ag2312C4850,1039.5,0.0,0.0,0.0,2,806.0,1286.5,2,1039.5,0.0,0.0,0.0,0.0,0.0,9
2023-05-09 21:18:06,ag2312C4850,ag2312C4850,1039.5,0.0,0.0,0.0,1,807.5,1286.5,2,1039.5,0.0,0.0,0.0,0.0,0.0,9
2023-05-09 21:18:07,ag2312C4850,ag2312C4850,1039.5,0.0,0.0,0.0,1,807.5,1286.5,2,1039.5,0.0,0.0,0.0,0.0,0.0,9
2023-05-09 21:18:07,ag2312C4850,ag2312C4850,1039.5,0.0,0.0,0.0,2,808.0,1285.0,1,1039.5,0.0,0.0,0.0,0.0,0.0,9
2023-05-09 21:18:08,ag2312C4850,ag2312C4850,1039.5,0.0,0.0,0.0,1,809.5,1285.0,1,1039.5,0.0,0.0,0.0,0.0,0.0,9
2023-05-09 21:18:08,ag2312C4850,ag2312C4850,1039.5,0.0,0.0,0.0,1,809.5,1284.5,2,1039.5,0.0,0.0,0.0,0.0,0.0,9
2023-05-09 21:18:09,ag2312C4850,ag2312C4850,1039.5,0.0,0.0,0.0,2,810.0,1284.5,2,1039.5,0.0,0.0,0.0,0.0,0.0,9
2023-05-09 21:18:09,ag2312C4850,ag2312C4850,1039.5,0.0,0.0,0.0,2,810.0,1284.5,2,1039.5,0.0,0.0,0.0,0.0,0.0,9
2023-05-09 21:18:10,ag2312C4850,ag2312C4850,1039.5,0.0,0.0,0.0,1,811.5,1283.0,1,1039.5,0.0,0.0,0.0,0.0,0.0,9
2023-05-09 21:18:10,ag2312C4850,ag2312C4850,1039.5,0.0,0.0,0.0,1,811.5,1283.0,1,1039.5,0.0,0.0,0.0,0.0,0.0,9
2023-05-09 21:18:11,ag2312C4850,ag2312C4850,1039.5,0.0,0.0,0.0,2,812.0,1282.5,2,1039.5,0.0,0.0,0.0,0.0,0.0,9
2023-05-09 21:18:11,ag2312C4850,ag2312C4850,1039.5,0.0,0.0,0.0,2,812.0,1282.5,2,1039.5,0.0,0.0,0.0,0.0,0.0,9
2023-05-09 21:18:12,ag2312C4850,ag2312C4850,1039.5,0.0,0.0,0.0,1,813.5,1281.0,1,1039.5,0.0,0.0,0.0,0.0,0.0,9
2023-05-09 21:18:12,ag2312C4850,ag2312C4850,1039.5,0.0,0.0,0.0,1,813.5,1281.0,1,1039.5,0.0,0.0,0.0,0.0,0.0,9
2023-05-09 21:18:13,ag2312C4850,ag2312C4850,1039.5,0.0,0.0,0.0,2,814.0,1280.5,2,1039.5,0.0,0.0,0.0,0.0,0.0,9
2023-05-09 21:18:13,ag2312C4850,ag2312C4850,1039.5,0.0,0.0,0.0,2,814.0,1280.5,2,1039.5,0.0,0.0,0.0,0.0,0.0,9
2023-05-09 21:18:21,ag2312C4850,ag2312C4850,1039.5,0.0,0.0,0.0,1,815.5,1279.0,1,1039.5,0.0,0.0,0.0,0.0,0.0,9
2023-05-09 21:18:21,ag2312C4850,ag2312C4850,1039.5,0.0,0.0,0.0,1,815.5,1279.0,1,1039.5,0.0,0.0,0.0,0.0,0.0,9
2023-05-09 21:18:22,ag2312C4850,ag2312C4850,1039.5,0.0,0.0,0.0,2,816.0,1278.5,2,1039.5,0.0,0.0,0.0,0.0,0.0,9
2023-05-09 21:18:22,ag2312C4850,ag2312C4850,1039.5,0.0,0.0,0.0,2,816.0,1278.5,2,1039.5,0.0,0.0,0.0,0.0,0.0,9
2023-05-09 21:18:27,ag2312C4850,ag2312C4850,1039.5,0.0,0.0,0.0,1,817.5,1278.5,2,1039.5,0.0,0.0,0.0,0.0,0.0,9
2023-05-09 21:18:27,ag2312C4850,ag2312C4850,1039.5,0.0,0.0,0.0,1,817.5,1277.0,1,1039.5,0.0,0.0,0.0,0.0,0.0,9
2023-05-09 21:18:28,ag2312C4850,ag2312C4850,1039.5,0.0,0.0,0.0,2,818.0,1277.0,1,1039.5,0.0,0.0,0.0,0.0,0.0,9
2023-05-09 21:18:28,ag2312C4850,ag2312C4850,1039.5,0.0,0.0,0.0,1,819.5,1276.5,2,1039.5,0.0,0.0,0.0,0.0,0.0,9
2023-05-09 21:18:29,ag2312C4850,ag2312C4850,1039.5,0.0,0.0,0.0,1,819.5,1276.5,2,1039.5,0.0,0.0,0.0,0.0,0.0,9
2023-05-09 21:18:29,ag2312C4850,ag2312C4850,1039.5,0.0,0.0,0.0,2,820.0,1276.5,2,1039.5,0.0,0.0,0.0,0.0,0.0,9
2023-05-09 21:18:30,ag2312C4850,ag2312C4850,1039.5,0.0,0.0,0.0,2,820.0,1276.5,2,1039.5,0.0,0.0,0.0,0.0,0.0,9
2023-05-09 21:18:31,ag2312C4850,ag2312C4850,1039.5,0.0,0.0,0.0,2,820.0,1275.0,1,1039.5,0.0,0.0,0.0,0.0,0.0,9
2023-05-09 21:18:32,ag2312C4850,ag2312C4850,1039.5,0.0,0.0,0.0,2,820.0,1275.0,1,1039.5,0.0,0.0,0.0,0.0,0.0,9
2023-05-09 21:18:32,ag2312C4850,ag2312C4850,1039.5,0.0,0.0,0.0,2,820.0,1274.5,2,1039.5,0.0,0.0,0.0,0.0,0.0,9
2023-05-09 21:18:33,ag2312C4850,ag2312C4850,1039.5,0.0,0.0,0.0,2,820.0,1274.5,2,1039.5,0.0,0.0,0.0,0.0,0.0,9
2023-05-09 21:18:33,ag2312C4850,ag2312C4850,1039.5,0.0,0.0,0.0,1,821.5,1274.5,2,1039.5,0.0,0.0,0.0,0.0,0.0,9
2023-05-09 21:18:34,ag2312C4850,ag2312C4850,1039.5,0.0,0.0,0.0,1,821.5,1274.5,2,1039.5,0.0,0.0,0.0,0.0,0.0,9
2023-05-09 21:18:34,ag2312C4850,ag2312C4850,1039.5,0.0,0.0,0.0,2,822.0,1273.0,1,1039.5,0.0,0.0,0.0,0.0,0.0,9
2023-05-09 21:18:35,ag2312C4850,ag2312C4850,1039.5,0.0,0.0,0.0,2,822.0,1273.0,1,1039.5,0.0,0.0,0.0,0.0,0.0,9
2023-05-09 21:18:35,ag2312C4850,ag2312C4850,1039.5,0.0,0.0,0.0,2,822.0,1272.5,2,1039.5,0.0,0.0,0.0,0.0,0.0,9
2023-05-09 21:18:36,ag2312C4850,ag2312C4850,1039.5,0.0,0.0,0.0,2,822.0,1272.5,2,1039.5,0.0,0.0,0.0,0.0,0.0,9
2023-05-09 21:19:11,ag2312C4850,ag2312C4850,1039.5,0.0,0.0,0.0,1,823.5,1272.5,2,1039.5,0.0,0.0,0.0,0.0,0.0,9
2023-05-09 21:19:12,ag2312C4850,ag2312C4850,1039.5,0.0,0.0,0.0,1,823.5,1272.5,2,1039.5,0.0,0.0,0.0,0.0,0.0,9
2023-05-09 21:19:12,ag2312C4850,ag2312C4850,1039.5,0.0,0.0,0.0,2,824.0,1272.5,2,1039.5,0.0,0.0,0.0,0.0,0.0,9
2023-05-09 21:19:13,ag2312C4850,ag2312C4850,1039.5,0.0,0.0,0.0,2,824.0,1272.5,2,1039.5,0.0,0.0,0.0,0.0,0.0,9
2023-05-09 21:19:17,ag2312C4850,ag2312C4850,1039.5,0.0,0.0,0.0,1,825.5,1272.5,2,1039.5,0.0,0.0,0.0,0.0,0.0,9
2023-05-09 21:19:18,ag2312C4850,ag2312C4850,1039.5,0.0,0.0,0.0,1,825.5,1272.5,2,1039.5,0.0,0.0,0.0,0.0,0.0,9
2023-05-09 21:19:18,ag2312C4850,ag2312C4850,1039.5,0.0,0.0,0.0,2,826.0,1271.0,1,1039.5,0.0,0.0,0.0,0.0,0.0,9
2023-05-09 21:19:19,ag2312C4850,ag2312C4850,1039.5,0.0,0.0,0.0,2,826.0,1271.0,1,1039.5,0.0,0.0,0.0,0.0,0.0,9
2023-05-09 21:19:19,ag2312C4850,ag2312C4850,1039.5,0.0,0.0,0.0,2,826.0,1270.5,2,1039.5,0.0,0.0,0.0,0.0,0.0,9
2023-05-09 21:19:20,ag2312C4850,ag2312C4850,1039.5,0.0,0.0,0.0,2,826.0,1270.5,2,1039.5,0.0,0.0,0.0,0.0,0.0,9
2023-05-09 21:19:20,ag2312C4850,ag2312C4850,1039.5,0.0,0.0,0.0,1,827.5,1270.5,2,1039.5,0.0,0.0,0.0,0.0,0.0,9
2023-05-09 21:19:21,ag2312C4850,ag2312C4850,1039.5,0.0,0.0,0.0,1,827.5,1270.5,2,1039.5,0.0,0.0,0.0,0.0,0.0,9
2023-05-09 21:19:21,ag2312C4850,ag2312C4850,1039.5,0.0,0.0,0.0,2,828.0,1269.0,1,1039.5,0.0,0.0,0.0,0.0,0.0,9
2023-05-09 21:19:22,ag2312C4850,ag2312C4850,1039.5,0.0,0.0,0.0,1,829.5,1269.0,1,1039.5,0.0,0.0,0.0,0.0,0.0,9
2023-05-09 21:19:22,ag2312C4850,ag2312C4850,1039.5,0.0,0.0,0.0,1,829.5,1268.5,2,1039.5,0.0,0.0,0.0,0.0,0.0,9
2023-05-09 21:19:23,ag2312C4850,ag2312C4850,1039.5,0.0,0.0,0.0,2,830.0,1268.5,2,1039.5,0.0,0.0,0.0,0.0,0.0,9
2023-05-09 21:19:23,ag2312C4850,ag2312C4850,1039.5,0.0,0.0,0.0,1,831.5,1268.5,2,1039.5,0.0,0.0,0.0,0.0,0.0,9
2023-05-09 21:19:24,ag2312C4850,ag2312C4850,1039.5,0.0,0.0,0.0,1,831.5,1268.5,2,1039.5,0.0,0.0,0.0,0.0,0.0,9
2023-05-09 21:19:24,ag2312C4850,ag2312C4850,1039.5,0.0,0.0,0.0,2,832.0,1268.5,2,1039.5,0.0,0.0,0.0,0.0,0.0,9
2023-05-09 21:19:25,ag2312C4850,ag2312C4850,1039.5,0.0,0.0,0.0,2,832.0,1268.5,2,1039.5,0.0,0.0,0.0,0.0,0.0,9
2023-05-09 21:19:26,ag2312C4850,ag2312C4850,1039.5,0.0,0.0,0.0,2,832.0,1267.0,1,1039.5,0.0,0.0,0.0,0.0,0.0,9
2023-05-09 21:19:26,ag2312C4850,ag2312C4850,1039.5,0.0,0.0,0.0,1,833.5,1267.0,1,1039.5,0.0,0.0,0.0,0.0,0.0,9
2023-05-09 21:19:27,ag2312C4850,ag2312C4850,1039.5,0.0,0.0,0.0,1,833.5,1266.5,2,1039.5,0.0,0.0,0.0,0.0,0.0,9
2023-05-09 21:19:27,ag2312C4850,ag2312C4850,1039.5,0.0,0.0,0.0,2,834.0,1266.5,2,1039.5,0.0,0.0,0.0,0.0,0.0,9
2023-05-09 21:19:28,ag2312C4850,ag2312C4850,1039.5,0.0,0.0,0.0,2,834.0,1266.5,2,1039.5,0.0,0.0,0.0,0.0,0.0,9
2023-05-09 21:19:29,ag2312C4850,ag2312C4850,1039.5,0.0,0.0,0.0,2,834.0,1265.0,1,1039.5,0.0,0.0,0.0,0.0,0.0,9
2023-05-09 21:19:30,ag2312C4850,ag2312C4850,1039.5,0.0,0.0,0.0,2,834.0,1265.0,1,1039.5,0.0,0.0,0.0,0.0,0.0,9
2023-05-09 21:19:30,ag2312C4850,ag2312C4850,1039.5,0.0,0.0,0.0,2,834.0,1264.5,2,1039.5,0.0,0.0,0.0,0.0,0.0,9
2023-05-09 21:19:31,ag2312C4850,ag2312C4850,1039.5,0.0,0.0,0.0,2,834.0,1264.5,2,1039.5,0.0,0.0,0.0,0.0,0.0,9
2023-05-09 21:19:31,ag2312C4850,ag2312C4850,1039.5,0.0,0.0,0.0,1,835.5,1263.0,1,1039.5,0.0,0.0,0.0,0.0,0.0,9
2023-05-09 21:19:32,ag2312C4850,ag2312C4850,1039.5,0.0,0.0,0.0,1,835.5,1263.0,1,1039.5,0.0,0.0,0.0,0.0,0.0,9
2023-05-09 21:19:32,ag2312C4850,ag2312C4850,1039.5,0.0,0.0,0.0,2,836.0,1262.5,2,1039.5,0.0,0.0,0.0,0.0,0.0,9
2023-05-09 21:19:33,ag2312C4850,ag2312C4850,1039.5,0.0,0.0,0.0,1,837.5,1261.0,1,1039.5,0.0,0.0,0.0,0.0,0.0,9
2023-05-09 21:19:33,ag2312C4850,ag2312C4850,1039.5,0.0,0.0,0.0,1,837.5,1261.0,1,1039.5,0.0,0.0,0.0,0.0,0.0,9
2023-05-09 21:19:34,ag2312C4850,ag2312C4850,1039.5,0.0,0.0,0.0,2,838.0,1260.5,2,1039.5,0.0,0.0,0.0,0.0,0.0,9
2023-05-09 21:19:34,ag2312C4850,ag2312C4850,1039.5,0.0,0.0,0.0,2,838.0,1260.5,2,1039.5,0.0,0.0,0.0,0.0,0.0,9
2023-05-09 21:19:35,ag2312C4850,ag2312C4850,1039.5,0.0,0.0,0.0,1,839.5,1259.0,1,1039.5,0.0,0.0,0.0,0.0,0.0,9
2023-05-09 21:19:35,ag2312C4850,ag2312C4850,1039.5,0.0,0.0,0.0,1,839.5,1259.0,1,1039.5,0.0,0.0,0.0,0.0,0.0,9
2023-05-09 21:19:36,ag2312C4850,ag2312C4850,1039.5,0.0,0.0,0.0,2,840.0,1258.5,2,1039.5,0.0,0.0,0.0,0.0,0.0,9
2023-05-09 21:19:36,ag2312C4850,ag2312C4850,1039.5,0.0,0.0,0.0,2,840.0,1258.5,2,1039.5,0.0,0.0,0.0,0.0,0.0,9
2023-05-09 21:19:37,ag2312C4850,ag2312C4850,1039.5,0.0,0.0,0.0,1,841.5,1258.5,2,1039.5,0.0,0.0,0.0,0.0,0.0,9
2023-05-09 21:19:37,ag2312C4850,ag2312C4850,1039.5,0.0,0.0,0.0,1,841.5,1258.5,2,1039.5,0.0,0.0,0.0,0.0,0.0,9
2023-05-09 21:19:38,ag2312C4850,ag2312C4850,1039.5,0.0,0.0,0.0,2,842.0,1258.5,2,1039.5,0.0,0.0,0.0,0.0,0.0,9
2023-05-09 21:19:39,ag2312C4850,ag2312C4850,1039.5,0.0,0.0,0.0,2,842.0,1258.5,2,1039.5,0.0,0.0,0.0,0.0,0.0,9
2023-05-09 21:19:43,ag2312C4850,ag2312C4850,1039.5,0.0,0.0,0.0,1,843.5,1257.0,1,1039.5,0.0,0.0,0.0,0.0,0.0,9
2023-05-09 21:19:43,ag2312C4850,ag2312C4850,1039.5,0.0,0.0,0.0,1,843.5,1257.0,1,1039.5,0.0,0.0,0.0,0.0,0.0,9
2023-05-09 21:19:44,ag2312C4850,ag2312C4850,1039.5,0.0,0.0,0.0,2,844.0,1256.5,2,1039.5,0.0,0.0,0.0,0.0,0.0,9
2023-05-09 21:19:44,ag2312C4850,ag2312C4850,1039.5,0.0,0.0,0.0,2,844.0,1256.5,2,1039.5,0.0,0.0,0.0,0.0,0.0,9
2023-05-09 21:19:52,ag2312C4850,ag2312C4850,1039.5,0.0,0.0,0.0,1,845.5,1256.5,2,1039.5,0.0,0.0,0.0,0.0,0.0,9
2023-05-09 21:19:52,ag2312C4850,ag2312C4850,1039.5,0.0,0.0,0.0,1,845.5,1256.5,2,1039.5,0.0,0.0,0.0,0.0,0.0,9
2023-05-09 21:19:53,ag2312C4850,ag2312C4850,1039.5,0.0,0.0,0.0,2,846.0,1256.5,2,1039.5,0.0,0.0,0.0,0.0,0.0,9
2023-05-09 21:19:53,ag2312C4850,ag2312C4850,1039.5,0.0,0.0,0.0,2,846.0,1256.5,2,1039.5,0.0,0.0,0.0,0.0,0.0,9
2023-05-09 21:20:03,ag2312C4850,ag2312C4850,1039.5,0.0,0.0,0.0,1,847.5,1255.0,1,1039.5,0.0,0.0,0.0,0.0,0.0,9
2023-05-09 21:20:04,ag2312C4850,ag2312C4850,1039.5,0.0,0.0,0.0,1,847.5,1255.0,1,1039.5,0.0,0.0,0.0,0.0,0.0,9
2023-05-09 21:20:04,ag2312C4850,ag2312C4850,1039.5,0.0,0.0,0.0,2,848.0,1254.5,2,1039.5,0.0,0.0,0.0,0.0,0.0,9
2023-05-09 21:20:05,ag2312C4850,ag2312C4850,1039.5,0.0,0.0,0.0,2,848.0,1254.5,2,1039.5,0.0,0.0,0.0,0.0,0.0,9
2023-05-09 21:20:23,ag2312C4850,ag2312C4850,1039.5,0.0,0.0,0.0,1,849.5,1254.5,2,1039.5,0.0,0.0,0.0,0.0,0.0,9
2023-05-09 21:20:23,ag2312C4850,ag2312C4850,1039.5,0.0,0.0,0.0,1,849.5,1254.5,2,1039.5,0.0,0.0,0.0,0.0,0.0,9
2023-05-09 21:20:24,ag2312C4850,ag2312C4850,1039.5,0.0,0.0,0.0,2,850.0,1253.0,1,1039.5,0.0,0.0,0.0,0.0,0.0,9
2023-05-09 21:20:24,ag2312C4850,ag2312C4850,1039.5,0.0,0.0,0.0,2,850.0,1253.0,1,1039.5,0.0,0.0,0.0,0.0,0.0,9
2023-05-09 21:20:25,ag2312C4850,ag2312C4850,1039.5,0.0,0.0,0.0,2,850.0,1252.5,2,1039.5,0.0,0.0,0.0,0.0,0.0,9
2023-05-09 21:20:25,ag2312C4850,ag2312C4850,1039.5,0.0,0.0,0.0,2,850.0,1252.5,2,1039.5,0.0,0.0,0.0,0.0,0.0,9
2023-05-09 21:20:26,ag2312C4850,ag2312C4850,1039.5,0.0,0.0,0.0,2,850.0,1251.0,1,1039.5,0.0,0.0,0.0,0.0,0.0,9
2023-05-09 21:20:26,ag2312C4850,ag2312C4850,1039.5,0.0,0.0,0.0,2,850.0,1251.0,1,1039.5,0.0,0.0,0.0,0.0,0.0,9
2023-05-09 21:20:27,ag2312C4850,ag2312C4850,1039.5,0.0,0.0,0.0,2,850.0,1250.5,2,1039.5,0.0,0.0,0.0,0.0,0.0,9
2023-05-09 21:20:27,ag2312C4850,ag2312C4850,1039.5,0.0,0.0,0.0,2,850.0,1250.5,2,1039.5,0.0,0.0,0.0,0.0,0.0,9
2023-05-09 21:20:29,ag2312C4850,ag2312C4850,1039.5,0.0,0.0,0.0,2,850.0,1249.0,1,1039.5,0.0,0.0,0.0,0.0,0.0,9
2023-05-09 21:20:29,ag2312C4850,ag2312C4850,1039.5,0.0,0.0,0.0,2,850.0,1249.0,1,1039.5,0.0,0.0,0.0,0.0,0.0,9
2023-05-09 21:20:30,ag2312C4850,ag2312C4850,1039.5,0.0,0.0,0.0,2,850.0,1248.5,2,1039.5,0.0,0.0,0.0,0.0,0.0,9
2023-05-09 21:20:30,ag2312C4850,ag2312C4850,1039.5,0.0,0.0,0.0,2,850.0,1248.5,2,1039.5,0.0,0.0,0.0,0.0,0.0,9
2023-05-09 21:20:31,ag2312C4850,ag2312C4850,1039.5,0.0,0.0,0.0,2,850.0,1247.0,1,1039.5,0.0,0.0,0.0,0.0,0.0,9
2023-05-09 21:20:31,ag2312C4850,ag2312C4850,1039.5,0.0,0.0,0.0,2,850.0,1247.0,1,1039.5,0.0,0.0,0.0,0.0,0.0,9
2023-05-09 21:20:32,ag2312C4850,ag2312C4850,1039.5,0.0,0.0,0.0,2,850.0,1246.5,2,1039.5,0.0,0.0,0.0,0.0,0.0,9
2023-05-09 21:20:33,ag2312C4850,ag2312C4850,1039.5,0.0,0.0,0.0,2,850.0,1246.5,2,1039.5,0.0,0.0,0.0,0.0,0.0,9
2023-05-09 21:20:42,ag2312C4850,ag2312C4850,1039.5,0.0,0.0,0.0,2,850.0,1245.0,1,1039.5,0.0,0.0,0.0,0.0,0.0,9
2023-05-09 21:20:42,ag2312C4850,ag2312C4850,1039.5,0.0,0.0,0.0,2,850.0,1245.0,1,1039.5,0.0,0.0,0.0,0.0,0.0,9
2023-05-09 21:20:43,ag2312C4850,ag2312C4850,1039.5,0.0,0.0,0.0,2,850.0,1244.5,2,1039.5,0.0,0.0,0.0,0.0,0.0,9
2023-05-09 21:20:43,ag2312C4850,ag2312C4850,1039.5,0.0,0.0,0.0,2,850.0,1243.0,1,1039.5,0.0,0.0,0.0,0.0,0.0,9
2023-05-09 21:20:44,ag2312C4850,ag2312C4850,1039.5,0.0,0.0,0.0,2,850.0,1243.0,1,1039.5,0.0,0.0,0.0,0.0,0.0,9
2023-05-09 21:20:44,ag2312C4850,ag2312C4850,1039.5,0.0,0.0,0.0,2,850.0,1242.5,2,1039.5,0.0,0.0,0.0,0.0,0.0,9
2023-05-09 21:20:45,ag2312C4850,ag2312C4850,1039.5,0.0,0.0,0.0,2,850.0,1241.0,1,1039.5,0.0,0.0,0.0,0.0,0.0,9
2023-05-09 21:20:45,ag2312C4850,ag2312C4850,1039.5,0.0,0.0,0.0,2,850.0,1241.0,1,1039.5,0.0,0.0,0.0,0.0,0.0,9
2023-05-09 21:20:46,ag2312C4850,ag2312C4850,1039.5,0.0,0.0,0.0,2,850.0,1240.5,2,1039.5,0.0,0.0,0.0,0.0,0.0,9
2023-05-09 21:20:46,ag2312C4850,ag2312C4850,1039.5,0.0,0.0,0.0,2,850.0,1240.5,2,1039.5,0.0,0.0,0.0,0.0,0.0,9
2023-05-09 21:20:47,ag2312C4850,ag2312C4850,1039.5,0.0,0.0,0.0,2,850.0,1239.0,1,1039.5,0.0,0.0,0.0,0.0,0.0,9
2023-05-09 21:20:47,ag2312C4850,ag2312C4850,1039.5,0.0,0.0,0.0,2,850.0,1239.0,1,1039.5,0.0,0.0,0.0,0.0,0.0,9
2023-05-09 21:20:48,ag2312C4850,ag2312C4850,1039.5,0.0,0.0,0.0,2,850.0,1238.5,2,1039.5,0.0,0.0,0.0,0.0,0.0,9
2023-05-09 21:20:48,ag2312C4850,ag2312C4850,1039.5,0.0,0.0,0.0,2,850.0,1237.0,1,1039.5,0.0,0.0,0.0,0.0,0.0,9
2023-05-09 21:20:49,ag2312C4850,ag2312C4850,1039.5,0.0,0.0,0.0,2,850.0,1237.0,1,1039.5,0.0,0.0,0.0,0.0,0.0,9
2023-05-09 21:20:49,ag2312C4850,ag2312C4850,1039.5,0.0,0.0,0.0,2,850.0,1236.5,2,1039.5,0.0,0.0,0.0,0.0,0.0,9
2023-05-09 21:20:50,ag2312C4850,ag2312C4850,1039.5,0.0,0.0,0.0,2,850.0,1236.5,2,1039.5,0.0,0.0,0.0,0.0,0.0,9
2023-05-09 21:20:53,ag2312C4850,ag2312C4850,1039.5,0.0,0.0,0.0,2,850.0,1235.0,1,1039.5,0.0,0.0,0.0,0.0,0.0,9
2023-05-09 21:20:54,ag2312C4850,ag2312C4850,1039.5,0.0,0.0,0.0,2,850.0,1235.0,1,1039.5,0.0,0.0,0.0,0.0,0.0,9
2023-05-09 21:20:54,ag2312C4850,ag2312C4850,1039.5,0.0,0.0,0.0,2,850.0,1234.5,2,1039.5,0.0,0.0,0.0,0.0,0.0,9
2023-05-09 21:20:55,ag2312C4850,ag2312C4850,1039.5,0.0,0.0,0.0,2,850.0,1234.5,2,1039.5,0.0,0.0,0.0,0.0,0.0,9
2023-05-09 21:20:55,ag2312C4850,ag2312C4850,1039.5,0.0,0.0,0.0,2,850.0,1233.0,1,1039.5,0.0,0.0,0.0,0.0,0.0,9
2023-05-09 21:20:56,ag2312C4850,ag2312C4850,1039.5,0.0,0.0,0.0,2,850.0,1233.0,1,1039.5,0.0,0.0,0.0,0.0,0.0,9
2023-05-09 21:20:56,ag2312C4850,ag2312C4850,1039.5,0.0,0.0,0.0,2,850.0,1232.5,2,1039.5,0.0,0.0,0.0,0.0,0.0,9
2023-05-09 21:20:57,ag2312C4850,ag2312C4850,1039.5,0.0,0.0,0.0,2,850.0,1232.5,2,1039.5,0.0,0.0,0.0,0.0,0.0,9
2023-05-09 21:20:57,ag2312C4850,ag2312C4850,1039.5,0.0,0.0,0.0,2,850.0,1231.0,1,1039.5,0.0,0.0,0.0,0.0,0.0,9
2023-05-09 21:20:58,ag2312C4850,ag2312C4850,1039.5,0.0,0.0,0.0,2,850.0,1231.0,1,1039.5,0.0,0.0,0.0,0.0,0.0,9
2023-05-09 21:20:58,ag2312C4850,ag2312C4850,1039.5,0.0,0.0,0.0,2,850.0,1230.5,2,1039.5,0.0,0.0,0.0,0.0,0.0,9
2023-05-09 21:20:59,ag2312C4850,ag2312C4850,1039.5,0.0,0.0,0.0,2,850.0,1230.5,2,1039.5,0.0,0.0,0.0,0.0,0.0,9
2023-05-09 21:20:59,ag2312C4850,ag2312C4850,1039.5,0.0,0.0,0.0,2,850.0,1229.0,1,1039.5,0.0,0.0,0.0,0.0,0.0,9
2023-05-09 21:21:00,ag2312C4850,ag2312C4850,1039.5,0.0,0.0,0.0,2,850.0,1229.0,1,1039.5,0.0,0.0,0.0,0.0,0.0,9
2023-05-09 21:21:00,ag2312C4850,ag2312C4850,1039.5,0.0,0.0,0.0,2,850.0,1228.5,2,1039.5,0.0,0.0,0.0,0.0,0.0,9
2023-05-09 21:21:01,ag2312C4850,ag2312C4850,1039.5,0.0,0.0,0.0,2,850.0,1228.5,2,1039.5,0.0,0.0,0.0,0.0,0.0,9
2023-05-09 21:21:01,ag2312C4850,ag2312C4850,1039.5,0.0,0.0,0.0,2,850.0,1227.0,1,1039.5,0.0,0.0,0.0,0.0,0.0,9
2023-05-09 21:21:02,ag2312C4850,ag2312C4850,1039.5,0.0,0.0,0.0,2,850.0,1227.0,1,1039.5,0.0,0.0,0.0,0.0,0.0,9
2023-05-09 21:21:02,ag2312C4850,ag2312C4850,1039.5,0.0,0.0,0.0,2,850.0,1226.5,2,1039.5,0.0,0.0,0.0,0.0,0.0,9
2023-05-09 21:21:03,ag2312C4850,ag2312C4850,1039.5,0.0,0.0,0.0,2,850.0,1226.5,2,1039.5,0.0,0.0,0.0,0.0,0.0,9
2023-05-09 21:21:04,ag2312C4850,ag2312C4850,1039.5,0.0,0.0,0.0,2,850.0,1225.0,1,1039.5,0.0,0.0,0.0,0.0,0.0,9
2023-05-09 21:21:05,ag2312C4850,ag2312C4850,1039.5,0.0,0.0,0.0,2,850.0,1225.0,1,1039.5,0.0,0.0,0.0,0.0,0.0,9
2023-05-09 21:21:05,ag2312C4850,ag2312C4850,1039.5,0.0,0.0,0.0,2,850.0,1224.5,2,1039.5,0.0,0.0,0.0,0.0,0.0,9
2023-05-09 21:21:06,ag2312C4850,ag2312C4850,1039.5,0.0,0.0,0.0,2,850.0,1224.5,2,1039.5,0.0,0.0,0.0,0.0,0.0,9
2023-05-09 21:21:06,ag2312C4850,ag2312C4850,1039.5,0.0,0.0,0.0,1,851.5,1223.0,1,1039.5,0.0,0.0,0.0,0.0,0.0,9
2023-05-09 21:21:07,ag2312C4850,ag2312C4850,1039.5,0.0,0.0,0.0,1,851.5,1223.0,1,1039.5,0.0,0.0,0.0,0.0,0.0,9
2023-05-09 21:21:07,ag2312C4850,ag2312C4850,1039.5,0.0,0.0,0.0,2,852.0,1222.5,2,1039.5,0.0,0.0,0.0,0.0,0.0,9
2023-05-09 21:21:08,ag2312C4850,ag2312C4850,1039.5,0.0,0.0,0.0,2,852.0,1222.5,2,1039.5,0.0,0.0,0.0,0.0,0.0,9
2023-05-09 21:21:10,ag2312C4850,ag2312C4850,1039.5,0.0,0.0,0.0,1,853.5,1222.5,2,1039.5,0.0,0.0,0.0,0.0,0.0,9
2023-05-09 21:21:11,ag2312C4850,ag2312C4850,1039.5,0.0,0.0,0.0,1,853.5,1221.0,1,1039.5,0.0,0.0,0.0,0.0,0.0,9
2023-05-09 21:21:11,ag2312C4850,ag2312C4850,1039.5,0.0,0.0,0.0,2,854.0,1221.0,1,1039.5,0.0,0.0,0.0,0.0,0.0,9
2023-05-09 21:21:12,ag2312C4850,ag2312C4850,1039.5,0.0,0.0,0.0,1,855.5,1220.5,2,1039.5,0.0,0.0,0.0,0.0,0.0,9
2023-05-09 21:21:12,ag2312C4850,ag2312C4850,1039.5,0.0,0.0,0.0,1,855.5,1219.0,1,1039.5,0.0,0.0,0.0,0.0,0.0,9
2023-05-09 21:21:13,ag2312C4850,ag2312C4850,1039.5,0.0,0.0,0.0,2,856.0,1219.0,1,1039.5,0.0,0.0,0.0,0.0,0.0,9
2023-05-09 21:21:13,ag2312C4850,ag2312C4850,1039.5,0.0,0.0,0.0,2,856.0,1218.5,2,1039.5,0.0,0.0,0.0,0.0,0.0,9
2023-05-09 21:21:14,ag2312C4850,ag2312C4850,1039.5,0.0,0.0,0.0,2,856.0,1218.5,2,1039.5,0.0,0.0,0.0,0.0,0.0,9
2023-05-09 21:21:14,ag2312C4850,ag2312C4850,1039.5,0.0,0.0,0.0,2,856.0,1217.0,1,1039.5,0.0,0.0,0.0,0.0,0.0,9
2023-05-09 21:21:15,ag2312C4850,ag2312C4850,1039.5,0.0,0.0,0.0,2,856.0,1217.0,1,1039.5,0.0,0.0,0.0,0.0,0.0,9
2023-05-09 21:21:15,ag2312C4850,ag2312C4850,1039.5,0.0,0.0,0.0,2,856.0,1216.5,2,1039.5,0.0,0.0,0.0,0.0,0.0,9
2023-05-09 21:21:16,ag2312C4850,ag2312C4850,1039.5,0.0,0.0,0.0,2,856.0,1216.5,2,1039.5,0.0,0.0,0.0,0.0,0.0,9
2023-05-09 21:43:28,ag2312C4850,ag2312C4850,1039.5,0.0,0.0,0.0,1,857.5,1216.5,2,1039.5,0.0,0.0,0.0,0.0,0.0,9
2023-05-09 21:43:28,ag2312C4850,ag2312C4850,1039.5,0.0,0.0,0.0,1,857.5,1216.5,2,1039.5,0.0,0.0,0.0,0.0,0.0,9
2023-05-09 21:43:29,ag2312C4850,ag2312C4850,1039.5,0.0,0.0,0.0,2,858.0,1216.5,2,1039.5,0.0,0.0,0.0,0.0,0.0,9
2023-05-09 21:43:29,ag2312C4850,ag2312C4850,1039.5,0.0,0.0,0.0,1,859.5,1216.5,2,1039.5,0.0,0.0,0.0,0.0,0.0,9
2023-05-09 21:43:30,ag2312C4850,ag2312C4850,1039.5,0.0,0.0,0.0,1,859.5,1216.5,2,1039.5,0.0,0.0,0.0,0.0,0.0,9
2023-05-09 21:43:30,ag2312C4850,ag2312C4850,1039.5,0.0,0.0,0.0,2,860.0,1216.5,2,1039.5,0.0,0.0,0.0,0.0,0.0,9
2023-05-09 21:43:31,ag2312C4850,ag2312C4850,1039.5,0.0,0.0,0.0,1,861.5,1216.5,2,1039.5,0.0,0.0,0.0,0.0,0.0,9
2023-05-09 21:43:31,ag2312C4850,ag2312C4850,1039.5,0.0,0.0,0.0,1,861.5,1216.5,2,1039.5,0.0,0.0,0.0,0.0,0.0,9
2023-05-09 21:43:32,ag2312C4850,ag2312C4850,1039.5,0.0,0.0,0.0,2,862.0,1216.5,2,1039.5,0.0,0.0,0.0,0.0,0.0,9
2023-05-09 21:43:32,ag2312C4850,ag2312C4850,1039.5,0.0,0.0,0.0,1,863.5,1216.5,2,1039.5,0.0,0.0,0.0,0.0,0.0,9
2023-05-09 21:43:33,ag2312C4850,ag2312C4850,1039.5,0.0,0.0,0.0,1,863.5,1216.5,2,1039.5,0.0,0.0,0.0,0.0,0.0,9
2023-05-09 21:43:33,ag2312C4850,ag2312C4850,1039.5,0.0,0.0,0.0,2,864.0,1216.5,2,1039.5,0.0,0.0,0.0,0.0,0.0,9
2023-05-09 21:43:34,ag2312C4850,ag2312C4850,1039.5,0.0,0.0,0.0,1,865.5,1216.5,2,1039.5,0.0,0.0,0.0,0.0,0.0,9
2023-05-09 21:43:34,ag2312C4850,ag2312C4850,1039.5,0.0,0.0,0.0,1,865.5,1216.5,2,1039.5,0.0,0.0,0.0,0.0,0.0,9
2023-05-09 21:43:35,ag2312C4850,ag2312C4850,1039.5,0.0,0.0,0.0,2,866.0,1216.5,2,1039.5,0.0,0.0,0.0,0.0,0.0,9
2023-05-09 21:43:35,ag2312C4850,ag2312C4850,1039.5,0.0,0.0,0.0,2,866.0,1216.5,2,1039.5,0.0,0.0,0.0,0.0,0.0,9
2023-05-09 21:53:28,ag2312C4850,ag2312C4850,1039.5,0.0,0.0,0.0,1,867.5,1216.5,2,1039.5,0.0,0.0,0.0,0.0,0.0,9
2023-05-09 21:53:28,ag2312C4850,ag2312C4850,1039.5,0.0,0.0,0.0,1,867.5,1216.5,2,1039.5,0.0,0.0,0.0,0.0,0.0,9
2023-05-09 21:53:29,ag2312C4850,ag2312C4850,1039.5,0.0,0.0,0.0,2,868.0,1216.5,2,1039.5,0.0,0.0,0.0,0.0,0.0,9
2023-05-09 21:53:29,ag2312C4850,ag2312C4850,1039.5,0.0,0.0,0.0,1,869.5,1216.5,2,1039.5,0.0,0.0,0.0,0.0,0.0,9
2023-05-09 21:53:30,ag2312C4850,ag2312C4850,1039.5,0.0,0.0,0.0,1,869.5,1216.5,2,1039.5,0.0,0.0,0.0,0.0,0.0,9
2023-05-09 21:53:30,ag2312C4850,ag2312C4850,1039.5,0.0,0.0,0.0,2,870.0,1216.5,2,1039.5,0.0,0.0,0.0,0.0,0.0,9
2023-05-09 21:53:31,ag2312C4850,ag2312C4850,1039.5,0.0,0.0,0.0,1,871.5,1216.5,2,1039.5,0.0,0.0,0.0,0.0,0.0,9
2023-05-09 21:53:31,ag2312C4850,ag2312C4850,1039.5,0.0,0.0,0.0,1,871.5,1216.5,2,1039.5,0.0,0.0,0.0,0.0,0.0,9
2023-05-09 21:53:32,ag2312C4850,ag2312C4850,1039.5,0.0,0.0,0.0,2,872.0,1216.5,2,1039.5,0.0,0.0,0.0,0.0,0.0,9
2023-05-09 21:53:32,ag2312C4850,ag2312C4850,1039.5,0.0,0.0,0.0,2,872.0,1216.5,2,1039.5,0.0,0.0,0.0,0.0,0.0,9
2023-05-09 22:03:28,ag2312C4850,ag2312C4850,1039.5,0.0,0.0,0.0,1,873.5,1216.5,2,1039.5,0.0,0.0,0.0,0.0,0.0,9
2023-05-09 22:03:28,ag2312C4850,ag2312C4850,1039.5,0.0,0.0,0.0,1,873.5,1216.5,2,1039.5,0.0,0.0,0.0,0.0,0.0,9
2023-05-09 22:03:29,ag2312C4850,ag2312C4850,1039.5,0.0,0.0,0.0,2,874.0,1216.5,2,1039.5,0.0,0.0,0.0,0.0,0.0,9
2023-05-09 22:03:29,ag2312C4850,ag2312C4850,1039.5,0.0,0.0,0.0,1,875.5,1216.5,2,1039.5,0.0,0.0,0.0,0.0,0.0,9
2023-05-09 22:03:30,ag2312C4850,ag2312C4850,1039.5,0.0,0.0,0.0,1,875.5,1216.5,2,1039.5,0.0,0.0,0.0,0.0,0.0,9
2023-05-09 22:03:30,ag2312C4850,ag2312C4850,1039.5,0.0,0.0,0.0,2,876.0,1216.5,2,1039.5,0.0,0.0,0.0,0.0,0.0,9
2023-05-09 22:03:31,ag2312C4850,ag2312C4850,1039.5,0.0,0.0,0.0,2,876.0,1216.5,2,1039.5,0.0,0.0,0.0,0.0,0.0,9
2023-05-09 22:57:03,ag2312C4850,ag2312C4850,1039.5,0.0,0.0,0.0,1,870.5,0.0,0,1039.5,0.0,0.0,0.0,0.0,0.0,9
2023-05-09 22:57:05,ag2312C4850,ag2312C4850,1039.5,0.0,0.0,0.0,1,870.5,1561.0,1,1039.5,0.0,0.0,0.0,0.0,0.0,9
2023-05-09 23:00:33,ag2312C4850,ag2312C4850,1039.5,0.0,0.0,0.0,2,871.0,1560.5,2,1039.5,0.0,0.0,0.0,0.0,0.0,9
2023-05-09 23:00:34,ag2312C4850,ag2312C4850,1039.5,0.0,0.0,0.0,2,871.0,1559.0,1,1039.5,0.0,0.0,0.0,0.0,0.0,9
2023-05-09 23:00:35,ag2312C4850,ag2312C4850,1039.5,0.0,0.0,0.0,2,871.0,1559.0,1,1039.5,0.0,0.0,0.0,0.0,0.0,9
2023-05-09 23:00:35,ag2312C4850,ag2312C4850,1039.5,0.0,0.0,0.0,2,871.0,1558.5,2,1039.5,0.0,0.0,0.0,0.0,0.0,9
2023-05-09 23:00:36,ag2312C4850,ag2312C4850,1039.5,0.0,0.0,0.0,2,871.0,1557.0,1,1039.5,0.0,0.0,0.0,0.0,0.0,9
2023-05-09 23:00:37,ag2312C4850,ag2312C4850,1039.5,0.0,0.0,0.0,2,871.0,1557.0,1,1039.5,0.0,0.0,0.0,0.0,0.0,9
2023-05-09 23:00:37,ag2312C4850,ag2312C4850,1039.5,0.0,0.0,0.0,2,871.0,1556.5,2,1039.5,0.0,0.0,0.0,0.0,0.0,9
2023-05-09 23:00:38,ag2312C4850,ag2312C4850,1039.5,0.0,0.0,0.0,2,871.0,1555.0,1,1039.5,0.0,0.0,0.0,0.0,0.0,9
2023-05-09 23:00:39,ag2312C4850,ag2312C4850,1039.5,0.0,0.0,0.0,2,871.0,1555.0,1,1039.5,0.0,0.0,0.0,0.0,0.0,9
2023-05-09 23:00:39,ag2312C4850,ag2312C4850,1039.5,0.0,0.0,0.0,2,871.0,1554.5,2,1039.5,0.0,0.0,0.0,0.0,0.0,9
2023-05-09 23:00:41,ag2312C4850,ag2312C4850,1039.5,0.0,0.0,0.0,2,871.0,1554.5,2,1039.5,0.0,0.0,0.0,0.0,0.0,9
2023-05-09 23:00:42,ag2312C4850,ag2312C4850,1039.5,0.0,0.0,0.0,2,871.0,1553.0,1,1039.5,0.0,0.0,0.0,0.0,0.0,9
2023-05-09 23:00:43,ag2312C4850,ag2312C4850,1039.5,0.0,0.0,0.0,2,871.0,1553.0,1,1039.5,0.0,0.0,0.0,0.0,0.0,9
2023-05-09 23:00:43,ag2312C4850,ag2312C4850,1039.5,0.0,0.0,0.0,2,871.0,1552.5,2,1039.5,0.0,0.0,0.0,0.0,0.0,9
2023-05-09 23:00:45,ag2312C4850,ag2312C4850,1039.5,0.0,0.0,0.0,2,871.0,1552.5,2,1039.5,0.0,0.0,0.0,0.0,0.0,9
2023-05-09 23:01:04,ag2312C4850,ag2312C4850,1039.5,0.0,0.0,0.0,2,871.0,1551.0,1,1039.5,0.0,0.0,0.0,0.0,0.0,9
2023-05-09 23:01:04,ag2312C4850,ag2312C4850,1039.5,0.0,0.0,0.0,2,871.0,1551.0,1,1039.5,0.0,0.0,0.0,0.0,0.0,9
2023-05-09 23:01:05,ag2312C4850,ag2312C4850,1039.5,0.0,0.0,0.0,2,871.0,1550.5,2,1039.5,0.0,0.0,0.0,0.0,0.0,9
2023-05-09 23:01:06,ag2312C4850,ag2312C4850,1039.5,0.0,0.0,0.0,2,871.0,1549.0,1,1039.5,0.0,0.0,0.0,0.0,0.0,9
2023-05-09 23:01:06,ag2312C4850,ag2312C4850,1039.5,0.0,0.0,0.0,2,871.0,1549.0,1,1039.5,0.0,0.0,0.0,0.0,0.0,9
2023-05-09 23:01:07,ag2312C4850,ag2312C4850,1039.5,0.0,0.0,0.0,2,871.0,1548.5,2,1039.5,0.0,0.0,0.0,0.0,0.0,9
2023-05-09 23:01:08,ag2312C4850,ag2312C4850,1039.5,0.0,0.0,0.0,2,871.0,1547.0,1,1039.5,0.0,0.0,0.0,0.0,0.0,9
2023-05-09 23:01:08,ag2312C4850,ag2312C4850,1039.5,0.0,0.0,0.0,2,871.0,1547.0,1,1039.5,0.0,0.0,0.0,0.0,0.0,9
2023-05-09 23:01:09,ag2312C4850,ag2312C4850,1039.5,0.0,0.0,0.0,2,871.0,1546.5,2,1039.5,0.0,0.0,0.0,0.0,0.0,9
2023-05-09 23:01:10,ag2312C4850,ag2312C4850,1039.5,0.0,0.0,0.0,2,871.0,1546.5,2,1039.5,0.0,0.0,0.0,0.0,0.0,9
2023-05-09 23:01:16,ag2312C4850,ag2312C4850,1039.5,0.0,0.0,0.0,2,871.0,1545.0,1,1039.5,0.0,0.0,0.0,0.0,0.0,9
2023-05-09 23:01:16,ag2312C4850,ag2312C4850,1039.5,0.0,0.0,0.0,2,871.0,1545.0,1,1039.5,0.0,0.0,0.0,0.0,0.0,9
2023-05-09 23:01:17,ag2312C4850,ag2312C4850,1039.5,0.0,0.0,0.0,2,871.0,1544.5,2,1039.5,0.0,0.0,0.0,0.0,0.0,9
2023-05-09 23:01:18,ag2312C4850,ag2312C4850,1039.5,0.0,0.0,0.0,2,871.0,1543.0,1,1039.5,0.0,0.0,0.0,0.0,0.0,9
2023-05-09 23:01:19,ag2312C4850,ag2312C4850,1039.5,0.0,0.0,0.0,2,871.0,1543.0,1,1039.5,0.0,0.0,0.0,0.0,0.0,9
2023-05-09 23:01:19,ag2312C4850,ag2312C4850,1039.5,0.0,0.0,0.0,2,871.0,1542.5,2,1039.5,0.0,0.0,0.0,0.0,0.0,9
2023-05-09 23:01:20,ag2312C4850,ag2312C4850,1039.5,0.0,0.0,0.0,2,871.0,1542.5,2,1039.5,0.0,0.0,0.0,0.0,0.0,9
2023-05-09 23:01:21,ag2312C4850,ag2312C4850,1039.5,0.0,0.0,0.0,2,871.0,1541.0,1,1039.5,0.0,0.0,0.0,0.0,0.0,9
2023-05-09 23:01:22,ag2312C4850,ag2312C4850,1039.5,0.0,0.0,0.0,2,871.0,1541.0,1,1039.5,0.0,0.0,0.0,0.0,0.0,9
2023-05-09 23:01:22,ag2312C4850,ag2312C4850,1039.5,0.0,0.0,0.0,2,871.0,1540.5,2,1039.5,0.0,0.0,0.0,0.0,0.0,9
2023-05-09 23:01:24,ag2312C4850,ag2312C4850,1039.5,0.0,0.0,0.0,2,871.0,1539.0,1,1039.5,0.0,0.0,0.0,0.0,0.0,9
2023-05-09 23:01:24,ag2312C4850,ag2312C4850,1039.5,0.0,0.0,0.0,2,871.0,1539.0,1,1039.5,0.0,0.0,0.0,0.0,0.0,9
2023-05-09 23:01:25,ag2312C4850,ag2312C4850,1039.5,0.0,0.0,0.0,2,871.0,1538.5,2,1039.5,0.0,0.0,0.0,0.0,0.0,9
2023-05-09 23:01:26,ag2312C4850,ag2312C4850,1039.5,0.0,0.0,0.0,2,871.0,1538.5,2,1039.5,0.0,0.0,0.0,0.0,0.0,9
2023-05-09 23:01:33,ag2312C4850,ag2312C4850,1039.5,0.0,0.0,0.0,2,871.0,1537.0,1,1039.5,0.0,0.0,0.0,0.0,0.0,9
2023-05-09 23:01:34,ag2312C4850,ag2312C4850,1039.5,0.0,0.0,0.0,2,871.0,1537.0,1,1039.5,0.0,0.0,0.0,0.0,0.0,9
2023-05-09 23:01:34,ag2312C4850,ag2312C4850,1039.5,0.0,0.0,0.0,2,871.0,1536.5,2,1039.5,0.0,0.0,0.0,0.0,0.0,9
2023-05-09 23:01:35,ag2312C4850,ag2312C4850,1039.5,0.0,0.0,0.0,2,871.0,1536.5,2,1039.5,0.0,0.0,0.0,0.0,0.0,9
2023-05-09 23:01:37,ag2312C4850,ag2312C4850,1039.5,0.0,0.0,0.0,2,871.0,1535.0,1,1039.5,0.0,0.0,0.0,0.0,0.0,9
2023-05-09 23:01:37,ag2312C4850,ag2312C4850,1039.5,0.0,0.0,0.0,2,871.0,1535.0,1,1039.5,0.0,0.0,0.0,0.0,0.0,9
2023-05-09 23:01:38,ag2312C4850,ag2312C4850,1039.5,0.0,0.0,0.0,2,871.0,1534.5,2,1039.5,0.0,0.0,0.0,0.0,0.0,9
2023-05-09 23:01:39,ag2312C4850,ag2312C4850,1039.5,0.0,0.0,0.0,2,871.0,1534.5,2,1039.5,0.0,0.0,0.0,0.0,0.0,9
2023-05-09 23:01:47,ag2312C4850,ag2312C4850,1039.5,0.0,0.0,0.0,2,871.0,1533.0,1,1039.5,0.0,0.0,0.0,0.0,0.0,9
2023-05-09 23:01:47,ag2312C4850,ag2312C4850,1039.5,0.0,0.0,0.0,2,871.0,1533.0,1,1039.5,0.0,0.0,0.0,0.0,0.0,9
2023-05-09 23:01:48,ag2312C4850,ag2312C4850,1039.5,0.0,0.0,0.0,2,871.0,1532.5,2,1039.5,0.0,0.0,0.0,0.0,0.0,9
2023-05-09 23:01:49,ag2312C4850,ag2312C4850,1039.5,0.0,0.0,0.0,2,871.0,1532.5,2,1039.5,0.0,0.0,0.0,0.0,0.0,9
2023-05-09 23:01:50,ag2312C4850,ag2312C4850,1039.5,0.0,0.0,0.0,2,871.0,1531.0,1,1039.5,0.0,0.0,0.0,0.0,0.0,9
2023-05-09 23:01:51,ag2312C4850,ag2312C4850,1039.5,0.0,0.0,0.0,2,871.0,1531.0,1,1039.5,0.0,0.0,0.0,0.0,0.0,9
2023-05-09 23:01:51,ag2312C4850,ag2312C4850,1039.5,0.0,0.0,0.0,2,871.0,1530.5,2,1039.5,0.0,0.0,0.0,0.0,0.0,9
2023-05-09 23:01:53,ag2312C4850,ag2312C4850,1039.5,0.0,0.0,0.0,2,871.0,1530.5,2,1039.5,0.0,0.0,0.0,0.0,0.0,9
2023-05-09 23:02:29,ag2312C4850,ag2312C4850,1039.5,0.0,0.0,0.0,2,871.0,1529.0,1,1039.5,0.0,0.0,0.0,0.0,0.0,9
2023-05-09 23:02:29,ag2312C4850,ag2312C4850,1039.5,0.0,0.0,0.0,2,871.0,1529.0,1,1039.5,0.0,0.0,0.0,0.0,0.0,9
2023-05-09 23:02:30,ag2312C4850,ag2312C4850,1039.5,0.0,0.0,0.0,2,871.0,1528.5,2,1039.5,0.0,0.0,0.0,0.0,0.0,9
2023-05-09 23:02:31,ag2312C4850,ag2312C4850,1039.5,0.0,0.0,0.0,2,871.0,1527.0,1,1039.5,0.0,0.0,0.0,0.0,0.0,9
2023-05-09 23:02:32,ag2312C4850,ag2312C4850,1039.5,0.0,0.0,0.0,2,871.0,1527.0,1,1039.5,0.0,0.0,0.0,0.0,0.0,9
2023-05-09 23:02:32,ag2312C4850,ag2312C4850,1039.5,0.0,0.0,0.0,2,871.0,1526.5,2,1039.5,0.0,0.0,0.0,0.0,0.0,9
2023-05-09 23:02:34,ag2312C4850,ag2312C4850,1039.5,0.0,0.0,0.0,2,871.0,1526.5,2,1039.5,0.0,0.0,0.0,0.0,0.0,9
2023-05-09 23:02:36,ag2312C4850,ag2312C4850,1039.5,0.0,0.0,0.0,2,871.0,1525.0,1,1039.5,0.0,0.0,0.0,0.0,0.0,9
2023-05-09 23:02:37,ag2312C4850,ag2312C4850,1039.5,0.0,0.0,0.0,2,871.0,1525.0,1,1039.5,0.0,0.0,0.0,0.0,0.0,9
2023-05-09 23:02:37,ag2312C4850,ag2312C4850,1039.5,0.0,0.0,0.0,2,871.0,1524.5,2,1039.5,0.0,0.0,0.0,0.0,0.0,9
2023-05-09 23:02:39,ag2312C4850,ag2312C4850,1039.5,0.0,0.0,0.0,2,871.0,1524.5,2,1039.5,0.0,0.0,0.0,0.0,0.0,9
2023-05-09 23:02:52,ag2312C4850,ag2312C4850,1039.5,0.0,0.0,0.0,2,871.0,1523.0,1,1039.5,0.0,0.0,0.0,0.0,0.0,9
2023-05-09 23:02:53,ag2312C4850,ag2312C4850,1039.5,0.0,0.0,0.0,2,871.0,1523.0,1,1039.5,0.0,0.0,0.0,0.0,0.0,9
2023-05-09 23:02:53,ag2312C4850,ag2312C4850,1039.5,0.0,0.0,0.0,2,871.0,1522.5,2,1039.5,0.0,0.0,0.0,0.0,0.0,9
2023-05-09 23:02:55,ag2312C4850,ag2312C4850,1039.5,0.0,0.0,0.0,2,871.0,1522.5,2,1039.5,0.0,0.0,0.0,0.0,0.0,9
2023-05-09 23:02:56,ag2312C4850,ag2312C4850,1039.5,0.0,0.0,0.0,2,871.0,1521.0,1,1039.5,0.0,0.0,0.0,0.0,0.0,9
2023-05-09 23:02:56,ag2312C4850,ag2312C4850,1039.5,0.0,0.0,0.0,2,871.0,1521.0,1,1039.5,0.0,0.0,0.0,0.0,0.0,9
2023-05-09 23:02:57,ag2312C4850,ag2312C4850,1039.5,0.0,0.0,0.0,2,871.0,1520.5,2,1039.5,0.0,0.0,0.0,0.0,0.0,9
2023-05-09 23:02:59,ag2312C4850,ag2312C4850,1039.5,0.0,0.0,0.0,2,871.0,1520.5,2,1039.5,0.0,0.0,0.0,0.0,0.0,9
2023-05-09 23:03:11,ag2312C4850,ag2312C4850,1039.5,0.0,0.0,0.0,2,871.0,1519.0,1,1039.5,0.0,0.0,0.0,0.0,0.0,9
2023-05-09 23:03:11,ag2312C4850,ag2312C4850,1039.5,0.0,0.0,0.0,2,871.0,1519.0,1,1039.5,0.0,0.0,0.0,0.0,0.0,9
2023-05-09 23:03:12,ag2312C4850,ag2312C4850,1039.5,0.0,0.0,0.0,2,871.0,1518.5,2,1039.5,0.0,0.0,0.0,0.0,0.0,9
2023-05-09 23:03:13,ag2312C4850,ag2312C4850,1039.5,0.0,0.0,0.0,2,871.0,1518.5,2,1039.5,0.0,0.0,0.0,0.0,0.0,9
2023-05-09 23:03:15,ag2312C4850,ag2312C4850,1039.5,0.0,0.0,0.0,2,871.0,1517.0,1,1039.5,0.0,0.0,0.0,0.0,0.0,9
2023-05-09 23:03:15,ag2312C4850,ag2312C4850,1039.5,0.0,0.0,0.0,2,871.0,1517.0,1,1039.5,0.0,0.0,0.0,0.0,0.0,9
2023-05-09 23:03:16,ag2312C4850,ag2312C4850,1039.5,0.0,0.0,0.0,2,871.0,1516.5,2,1039.5,0.0,0.0,0.0,0.0,0.0,9
2023-05-09 23:03:18,ag2312C4850,ag2312C4850,1039.5,0.0,0.0,0.0,2,871.0,1515.0,1,1039.5,0.0,0.0,0.0,0.0,0.0,9
2023-05-09 23:03:18,ag2312C4850,ag2312C4850,1039.5,0.0,0.0,0.0,2,871.0,1515.0,1,1039.5,0.0,0.0,0.0,0.0,0.0,9
2023-05-09 23:03:19,ag2312C4850,ag2312C4850,1039.5,0.0,0.0,0.0,2,871.0,1514.5,2,1039.5,0.0,0.0,0.0,0.0,0.0,9
2023-05-09 23:03:21,ag2312C4850,ag2312C4850,1039.5,0.0,0.0,0.0,2,871.0,1514.5,2,1039.5,0.0,0.0,0.0,0.0,0.0,9
2023-05-09 23:03:27,ag2312C4850,ag2312C4850,1039.5,0.0,0.0,0.0,2,871.0,1513.0,1,1039.5,0.0,0.0,0.0,0.0,0.0,9
2023-05-09 23:03:27,ag2312C4850,ag2312C4850,1039.5,0.0,0.0,0.0,2,871.0,1513.0,1,1039.5,0.0,0.0,0.0,0.0,0.0,9
2023-05-09 23:03:28,ag2312C4850,ag2312C4850,1039.5,0.0,0.0,0.0,2,871.0,1512.5,2,1039.5,0.0,0.0,0.0,0.0,0.0,9
2023-05-09 23:03:29,ag2312C4850,ag2312C4850,1039.5,0.0,0.0,0.0,2,871.0,1512.5,2,1039.5,0.0,0.0,0.0,0.0,0.0,9
2023-05-09 23:03:30,ag2312C4850,ag2312C4850,1039.5,0.0,0.0,0.0,2,871.0,1511.0,1,1039.5,0.0,0.0,0.0,0.0,0.0,9
