time,symbol_id,symbol_name,last,trade_volume,trade_amount,open_interest_change,bv1,bp1,ap1,av1,yesterday_close,today_open,today_high,today_low,volume,amount,open_interest
2023-05-09 20:59:00,ag2312P4550,ag2312P4550,37.0,0.0,0.0,0.0,1,1.5,0.0,0,37.0,0.0,0.0,0.0,0.0,0.0,30
2023-05-09 21:00:02,ag2312P4550,ag2312P4550,37.0,0.0,0.0,0.0,2,30.0,155.5,2,37.0,0.0,0.0,0.0,0.0,0.0,30
2023-05-09 21:00:08,ag2312P4550,ag2312P4550,37.0,0.0,0.0,0.0,2,30.5,155.0,2,37.0,0.0,0.0,0.0,0.0,0.0,30
2023-05-09 21:00:10,ag2312P4550,ag2312P4550,37.0,0.0,0.0,0.0,2,30.5,126.5,2,37.0,0.0,0.0,0.0,0.0,0.0,30
2023-05-09 21:00:11,ag2312P4550,ag2312P4550,37.0,0.0,0.0,0.0,2,30.5,126.5,2,37.0,0.0,0.0,0.0,0.0,0.0,30
2023-05-09 21:00:11,ag2312P4550,ag2312P4550,37.0,0.0,0.0,0.0,2,30.5,126.0,2,37.0,0.0,0.0,0.0,0.0,0.0,30
2023-05-09 21:00:12,ag2312P4550,ag2312P4550,37.0,0.0,0.0,0.0,2,30.5,97.5,2,37.0,0.0,0.0,0.0,0.0,0.0,30
2023-05-09 21:00:13,ag2312P4550,ag2312P4550,37.0,0.0,0.0,0.0,2,30.5,97.5,2,37.0,0.0,0.0,0.0,0.0,0.0,30
2023-05-09 21:00:13,ag2312P4550,ag2312P4550,37.0,0.0,0.0,0.0,2,30.5,97.0,2,37.0,0.0,0.0,0.0,0.0,0.0,30
2023-05-09 21:00:15,ag2312P4550,ag2312P4550,37.0,0.0,0.0,0.0,2,30.5,68.5,2,37.0,0.0,0.0,0.0,0.0,0.0,30
2023-05-09 21:00:15,ag2312P4550,ag2312P4550,37.0,0.0,0.0,0.0,2,30.5,68.5,2,37.0,0.0,0.0,0.0,0.0,0.0,30
2023-05-09 21:00:16,ag2312P4550,ag2312P4550,37.0,0.0,0.0,0.0,2,30.5,68.0,2,37.0,0.0,0.0,0.0,0.0,0.0,30
2023-05-09 21:00:16,ag2312P4550,ag2312P4550,37.0,0.0,0.0,0.0,2,30.5,53.0,2,37.0,0.0,0.0,0.0,0.0,0.0,30
2023-05-09 21:00:17,ag2312P4550,ag2312P4550,37.0,0.0,0.0,0.0,2,30.5,53.0,2,37.0,0.0,0.0,0.0,0.0,0.0,30
2023-05-09 21:00:17,ag2312P4550,ag2312P4550,37.0,0.0,0.0,0.0,2,30.5,52.5,2,37.0,0.0,0.0,0.0,0.0,0.0,30
2023-05-09 21:00:50,ag2312P4550,ag2312P4550,37.0,0.0,0.0,0.0,2,30.5,52.5,2,37.0,0.0,0.0,0.0,0.0,0.0,30
2023-05-09 21:00:51,ag2312P4550,ag2312P4550,37.0,0.0,0.0,0.0,3,30.5,52.5,2,37.0,0.0,0.0,0.0,0.0,0.0,30
2023-05-09 21:01:12,ag2312P4550,ag2312P4550,37.0,0.0,0.0,0.0,3,30.5,42.5,1,37.0,0.0,0.0,0.0,0.0,0.0,30
2023-05-09 21:01:12,ag2312P4550,ag2312P4550,37.0,0.0,0.0,0.0,3,30.5,42.5,1,37.0,0.0,0.0,0.0,0.0,0.0,30
2023-05-09 21:01:14,ag2312P4550,ag2312P4550,37.0,0.0,0.0,0.0,1,38.5,42.5,1,37.0,0.0,0.0,0.0,0.0,0.0,30
2023-05-09 21:01:14,ag2312P4550,ag2312P4550,37.0,0.0,0.0,0.0,1,38.5,42.5,1,37.0,0.0,0.0,0.0,0.0,0.0,30
2023-05-09 21:02:09,ag2312P4550,ag2312P4550,37.0,0.0,0.0,0.0,1,39.0,42.5,1,37.0,0.0,0.0,0.0,0.0,0.0,30
2023-05-09 21:02:25,ag2312P4550,ag2312P4550,37.0,0.0,0.0,0.0,1,39.0,42.0,1,37.0,0.0,0.0,0.0,0.0,0.0,30
2023-05-09 21:05:07,ag2312P4550,ag2312P4550,37.0,0.0,0.0,0.0,1,39.5,42.0,1,37.0,0.0,0.0,0.0,0.0,0.0,30
2023-05-09 21:05:36,ag2312P4550,ag2312P4550,37.0,0.0,0.0,0.0,1,39.5,42.0,1,37.0,0.0,0.0,0.0,0.0,0.0,30
2023-05-09 21:06:09,ag2312P4550,ag2312P4550,37.0,0.0,0.0,0.0,1,39.5,42.5,1,37.0,0.0,0.0,0.0,0.0,0.0,30
2023-05-09 21:06:10,ag2312P4550,ag2312P4550,37.0,0.0,0.0,0.0,1,40.0,42.5,1,37.0,0.0,0.0,0.0,0.0,0.0,30
2023-05-09 21:08:16,ag2312P4550,ag2312P4550,37.0,0.0,0.0,0.0,1,40.0,42.5,1,37.0,0.0,0.0,0.0,0.0,0.0,30
2023-05-09 21:10:35,ag2312P4550,ag2312P4550,37.0,0.0,0.0,0.0,1,40.0,42.0,1,37.0,0.0,0.0,0.0,0.0,0.0,30
2023-05-09 21:11:21,ag2312P4550,ag2312P4550,37.0,0.0,0.0,0.0,1,39.5,42.0,1,37.0,0.0,0.0,0.0,0.0,0.0,30
2023-05-09 21:12:28,ag2312P4550,ag2312P4550,37.0,0.0,0.0,0.0,1,39.5,42.0,1,37.0,0.0,0.0,0.0,0.0,0.0,30
2023-05-09 21:14:37,ag2312P4550,ag2312P4550,37.0,0.0,0.0,0.0,1,39.5,42.0,1,37.0,0.0,0.0,0.0,0.0,0.0,30
2023-05-09 21:15:52,ag2312P4550,ag2312P4550,37.0,0.0,0.0,0.0,1,39.5,42.0,1,37.0,0.0,0.0,0.0,0.0,0.0,30
2023-05-09 21:17:13,ag2312P4550,ag2312P4550,37.0,0.0,0.0,0.0,1,39.5,41.5,1,37.0,0.0,0.0,0.0,0.0,0.0,30
2023-05-09 21:18:34,ag2312P4550,ag2312P4550,37.0,0.0,0.0,0.0,1,30.5,41.5,1,37.0,0.0,0.0,0.0,0.0,0.0,30
2023-05-09 21:18:34,ag2312P4550,ag2312P4550,37.0,0.0,0.0,0.0,2,31.0,41.5,1,37.0,0.0,0.0,0.0,0.0,0.0,30
2023-05-09 21:18:35,ag2312P4550,ag2312P4550,37.0,0.0,0.0,0.0,1,34.5,41.5,1,37.0,0.0,0.0,0.0,0.0,0.0,30
2023-05-09 21:18:35,ag2312P4550,ag2312P4550,37.0,0.0,0.0,0.0,1,39.0,41.5,1,37.0,0.0,0.0,0.0,0.0,0.0,30
2023-05-09 21:20:02,ag2312P4550,ag2312P4550,37.0,0.0,0.0,0.0,1,39.5,41.5,1,37.0,0.0,0.0,0.0,0.0,0.0,30
2023-05-09 21:21:06,ag2312P4550,ag2312P4550,37.0,0.0,0.0,0.0,1,39.0,41.5,1,37.0,0.0,0.0,0.0,0.0,0.0,30
2023-05-09 21:30:12,ag2312P4550,ag2312P4550,37.0,0.0,0.0,0.0,1,39.5,41.5,1,37.0,0.0,0.0,0.0,0.0,0.0,30
2023-05-09 21:31:05,ag2312P4550,ag2312P4550,37.0,0.0,0.0,0.0,1,39.0,41.5,1,37.0,0.0,0.0,0.0,0.0,0.0,30
2023-05-09 21:31:58,ag2312P4550,ag2312P4550,37.0,0.0,0.0,0.0,1,39.0,41.0,1,37.0,0.0,0.0,0.0,0.0,0.0,30
2023-05-09 21:35:31,ag2312P4550,ag2312P4550,37.0,0.0,0.0,0.0,1,34.5,41.0,1,37.0,0.0,0.0,0.0,0.0,0.0,30
2023-05-09 21:35:32,ag2312P4550,ag2312P4550,37.0,0.0,0.0,0.0,1,38.5,41.0,1,37.0,0.0,0.0,0.0,0.0,0.0,30
2023-05-09 21:38:15,ag2312P4550,ag2312P4550,37.0,0.0,0.0,0.0,1,39.0,41.0,1,37.0,0.0,0.0,0.0,0.0,0.0,30
2023-05-09 21:40:47,ag2312P4550,ag2312P4550,37.0,0.0,0.0,0.0,1,38.5,41.0,1,37.0,0.0,0.0,0.0,0.0,0.0,30
2023-05-09 21:41:20,ag2312P4550,ag2312P4550,37.0,0.0,0.0,0.0,1,38.5,40.5,1,37.0,0.0,0.0,0.0,0.0,0.0,30
2023-05-09 21:43:14,ag2312P4550,ag2312P4550,37.0,0.0,0.0,0.0,1,38.0,40.5,1,37.0,0.0,0.0,0.0,0.0,0.0,30
2023-05-09 21:54:21,ag2312P4550,ag2312P4550,37.0,0.0,0.0,0.0,1,38.0,40.0,1,37.0,0.0,0.0,0.0,0.0,0.0,30
2023-05-09 21:59:45,ag2312P4550,ag2312P4550,37.0,0.0,0.0,0.0,1,37.5,40.0,1,37.0,0.0,0.0,0.0,0.0,0.0,30
2023-05-09 22:01:44,ag2312P4550,ag2312P4550,37.0,0.0,0.0,0.0,1,37.5,39.5,1,37.0,0.0,0.0,0.0,0.0,0.0,30
2023-05-09 22:20:42,ag2312P4550,ag2312P4550,37.0,0.0,0.0,0.0,1,37.5,40.0,1,37.0,0.0,0.0,0.0,0.0,0.0,30
2023-05-09 22:21:08,ag2312P4550,ag2312P4550,37.0,0.0,0.0,0.0,1,38.0,40.0,1,37.0,0.0,0.0,0.0,0.0,0.0,30
2023-05-09 22:32:22,ag2312P4550,ag2312P4550,37.0,0.0,0.0,0.0,1,38.0,40.5,1,37.0,0.0,0.0,0.0,0.0,0.0,30
2023-05-09 22:48:52,ag2312P4550,ag2312P4550,37.0,0.0,0.0,0.0,1,38.0,40.5,1,37.0,0.0,0.0,0.0,0.0,0.0,30
2023-05-09 22:49:22,ag2312P4550,ag2312P4550,37.0,0.0,0.0,0.0,1,38.0,40.5,1,37.0,0.0,0.0,0.0,0.0,0.0,30
2023-05-09 22:50:30,ag2312P4550,ag2312P4550,37.0,0.0,0.0,0.0,1,38.0,40.5,1,37.0,0.0,0.0,0.0,0.0,0.0,30
2023-05-09 22:54:05,ag2312P4550,ag2312P4550,37.0,0.0,0.0,0.0,1,38.0,40.0,1,37.0,0.0,0.0,0.0,0.0,0.0,30
2023-05-09 23:00:12,ag2312P4550,ag2312P4550,37.0,0.0,0.0,0.0,1,38.0,40.5,1,37.0,0.0,0.0,0.0,0.0,0.0,30
2023-05-09 23:01:27,ag2312P4550,ag2312P4550,37.0,0.0,0.0,0.0,1,38.5,40.5,1,37.0,0.0,0.0,0.0,0.0,0.0,30
2023-05-09 23:04:55,ag2312P4550,ag2312P4550,37.0,0.0,0.0,0.0,1,38.5,53.0,1,37.0,0.0,0.0,0.0,0.0,0.0,30
2023-05-09 23:04:56,ag2312P4550,ag2312P4550,37.0,0.0,0.0,0.0,1,38.5,52.5,2,37.0,0.0,0.0,0.0,0.0,0.0,30
2023-05-09 23:04:56,ag2312P4550,ag2312P4550,37.0,0.0,0.0,0.0,1,38.5,52.5,3,37.0,0.0,0.0,0.0,0.0,0.0,30
2023-05-09 23:04:57,ag2312P4550,ag2312P4550,37.0,0.0,0.0,0.0,1,38.5,41.0,1,37.0,0.0,0.0,0.0,0.0,0.0,30
2023-05-09 23:04:57,ag2312P4550,ag2312P4550,37.0,0.0,0.0,0.0,1,38.5,41.0,1,37.0,0.0,0.0,0.0,0.0,0.0,30
2023-05-09 23:04:58,ag2312P4550,ag2312P4550,37.0,0.0,0.0,0.0,1,38.5,41.0,1,37.0,0.0,0.0,0.0,0.0,0.0,30
2023-05-09 23:05:44,ag2312P4550,ag2312P4550,37.0,0.0,0.0,0.0,1,39.0,41.0,1,37.0,0.0,0.0,0.0,0.0,0.0,30
2023-05-09 23:25:54,ag2312P4550,ag2312P4550,37.0,0.0,0.0,0.0,1,34.5,53.0,1,37.0,0.0,0.0,0.0,0.0,0.0,30
2023-05-09 23:25:55,ag2312P4550,ag2312P4550,37.0,0.0,0.0,0.0,1,34.5,52.5,2,37.0,0.0,0.0,0.0,0.0,0.0,30
2023-05-09 23:26:28,ag2312P4550,ag2312P4550,37.0,0.0,0.0,0.0,1,3.5,52.5,2,37.0,0.0,0.0,0.0,0.0,0.0,30
2023-05-09 23:26:29,ag2312P4550,ag2312P4550,37.0,0.0,0.0,0.0,1,5.0,52.5,2,37.0,0.0,0.0,0.0,0.0,0.0,30
2023-05-09 23:26:29,ag2312P4550,ag2312P4550,37.0,0.0,0.0,0.0,1,5.0,52.5,2,37.0,0.0,0.0,0.0,0.0,0.0,30
2023-05-09 23:26:30,ag2312P4550,ag2312P4550,37.0,0.0,0.0,0.0,2,5.5,52.5,2,37.0,0.0,0.0,0.0,0.0,0.0,30
2023-05-09 23:26:30,ag2312P4550,ag2312P4550,37.0,0.0,0.0,0.0,2,5.5,52.5,2,37.0,0.0,0.0,0.0,0.0,0.0,30
2023-05-09 23:26:32,ag2312P4550,ag2312P4550,37.0,0.0,0.0,0.0,2,13.5,52.5,2,37.0,0.0,0.0,0.0,0.0,0.0,30
2023-05-09 23:26:33,ag2312P4550,ag2312P4550,37.0,0.0,0.0,0.0,2,13.5,52.5,2,37.0,0.0,0.0,0.0,0.0,0.0,30
2023-05-09 23:26:33,ag2312P4550,ag2312P4550,37.0,0.0,0.0,0.0,2,14.0,52.5,2,37.0,0.0,0.0,0.0,0.0,0.0,30
2023-05-09 23:26:42,ag2312P4550,ag2312P4550,37.0,0.0,0.0,0.0,2,14.0,52.5,2,37.0,0.0,0.0,0.0,0.0,0.0,30
2023-05-09 23:27:21,ag2312P4550,ag2312P4550,37.0,0.0,0.0,0.0,2,22.0,52.5,2,37.0,0.0,0.0,0.0,0.0,0.0,30
2023-05-09 23:27:22,ag2312P4550,ag2312P4550,37.0,0.0,0.0,0.0,2,22.0,52.5,2,37.0,0.0,0.0,0.0,0.0,0.0,30
2023-05-09 23:27:22,ag2312P4550,ag2312P4550,37.0,0.0,0.0,0.0,2,22.5,52.5,2,37.0,0.0,0.0,0.0,0.0,0.0,30
2023-05-09 23:27:23,ag2312P4550,ag2312P4550,37.0,0.0,0.0,0.0,2,22.5,52.5,2,37.0,0.0,0.0,0.0,0.0,0.0,30
2023-05-09 23:27:23,ag2312P4550,ag2312P4550,37.0,0.0,0.0,0.0,2,23.0,52.5,2,37.0,0.0,0.0,0.0,0.0,0.0,30
2023-05-09 23:27:24,ag2312P4550,ag2312P4550,37.0,0.0,0.0,0.0,2,23.0,52.5,2,37.0,0.0,0.0,0.0,0.0,0.0,30
2023-05-09 23:27:24,ag2312P4550,ag2312P4550,37.0,0.0,0.0,0.0,2,23.5,52.5,2,37.0,0.0,0.0,0.0,0.0,0.0,30
2023-05-09 23:27:25,ag2312P4550,ag2312P4550,37.0,0.0,0.0,0.0,2,23.5,52.5,2,37.0,0.0,0.0,0.0,0.0,0.0,30
2023-05-09 23:27:25,ag2312P4550,ag2312P4550,37.0,0.0,0.0,0.0,2,24.0,52.5,2,37.0,0.0,0.0,0.0,0.0,0.0,30
2023-05-09 23:27:26,ag2312P4550,ag2312P4550,37.0,0.0,0.0,0.0,2,24.0,52.5,2,37.0,0.0,0.0,0.0,0.0,0.0,30
2023-05-09 23:27:26,ag2312P4550,ag2312P4550,37.0,0.0,0.0,0.0,2,24.5,52.5,2,37.0,0.0,0.0,0.0,0.0,0.0,30
2023-05-09 23:27:27,ag2312P4550,ag2312P4550,37.0,0.0,0.0,0.0,2,24.5,52.5,2,37.0,0.0,0.0,0.0,0.0,0.0,30
2023-05-09 23:27:27,ag2312P4550,ag2312P4550,37.0,0.0,0.0,0.0,2,25.0,52.5,2,37.0,0.0,0.0,0.0,0.0,0.0,30
2023-05-09 23:27:28,ag2312P4550,ag2312P4550,37.0,0.0,0.0,0.0,2,25.0,52.5,2,37.0,0.0,0.0,0.0,0.0,0.0,30
2023-05-09 23:27:28,ag2312P4550,ag2312P4550,37.0,0.0,0.0,0.0,2,25.5,52.5,2,37.0,0.0,0.0,0.0,0.0,0.0,30
2023-05-09 23:27:29,ag2312P4550,ag2312P4550,37.0,0.0,0.0,0.0,2,25.5,52.5,2,37.0,0.0,0.0,0.0,0.0,0.0,30
2023-05-09 23:27:29,ag2312P4550,ag2312P4550,37.0,0.0,0.0,0.0,2,26.0,52.5,2,37.0,0.0,0.0,0.0,0.0,0.0,30
2023-05-09 23:27:30,ag2312P4550,ag2312P4550,37.0,0.0,0.0,0.0,2,26.0,52.5,2,37.0,0.0,0.0,0.0,0.0,0.0,30
2023-05-09 23:27:30,ag2312P4550,ag2312P4550,37.0,0.0,0.0,0.0,2,26.5,52.5,2,37.0,0.0,0.0,0.0,0.0,0.0,30
2023-05-09 23:27:31,ag2312P4550,ag2312P4550,37.0,0.0,0.0,0.0,2,27.0,52.5,2,37.0,0.0,0.0,0.0,0.0,0.0,30
2023-05-09 23:27:31,ag2312P4550,ag2312P4550,37.0,0.0,0.0,0.0,2,27.0,52.5,2,37.0,0.0,0.0,0.0,0.0,0.0,30
2023-05-09 23:27:32,ag2312P4550,ag2312P4550,37.0,0.0,0.0,0.0,2,27.5,52.5,2,37.0,0.0,0.0,0.0,0.0,0.0,30
2023-05-09 23:27:32,ag2312P4550,ag2312P4550,37.0,0.0,0.0,0.0,2,27.5,52.5,2,37.0,0.0,0.0,0.0,0.0,0.0,30
2023-05-09 23:29:34,ag2312P4550,ag2312P4550,37.0,0.0,0.0,0.0,1,38.0,41.5,1,37.0,0.0,0.0,0.0,0.0,0.0,30
2023-05-09 23:29:34,ag2312P4550,ag2312P4550,37.0,0.0,0.0,0.0,1,38.0,41.5,1,37.0,0.0,0.0,0.0,0.0,0.0,30
2023-05-09 23:29:35,ag2312P4550,ag2312P4550,37.0,0.0,0.0,0.0,1,38.0,41.5,1,37.0,0.0,0.0,0.0,0.0,0.0,30
2023-05-09 23:29:40,ag2312P4550,ag2312P4550,37.0,0.0,0.0,0.0,1,38.0,41.5,1,37.0,0.0,0.0,0.0,0.0,0.0,30
2023-05-09 23:31:39,ag2312P4550,ag2312P4550,37.0,0.0,0.0,0.0,1,38.0,41.0,1,37.0,0.0,0.0,0.0,0.0,0.0,30
2023-05-09 23:40:54,ag2312P4550,ag2312P4550,37.0,0.0,0.0,0.0,1,32.0,155.0,1,37.0,0.0,0.0,0.0,0.0,0.0,30
2023-05-09 23:40:55,ag2312P4550,ag2312P4550,37.0,0.0,0.0,0.0,1,32.0,153.5,1,37.0,0.0,0.0,0.0,0.0,0.0,30
2023-05-09 23:40:55,ag2312P4550,ag2312P4550,37.0,0.0,0.0,0.0,1,32.0,153.5,1,37.0,0.0,0.0,0.0,0.0,0.0,30
2023-05-09 23:40:56,ag2312P4550,ag2312P4550,37.0,0.0,0.0,0.0,1,32.0,153.0,2,37.0,0.0,0.0,0.0,0.0,0.0,30
2023-05-09 23:40:56,ag2312P4550,ag2312P4550,37.0,0.0,0.0,0.0,1,32.0,151.5,1,37.0,0.0,0.0,0.0,0.0,0.0,30
2023-05-09 23:40:57,ag2312P4550,ag2312P4550,37.0,0.0,0.0,0.0,1,32.0,151.5,1,37.0,0.0,0.0,0.0,0.0,0.0,30
2023-05-09 23:40:57,ag2312P4550,ag2312P4550,37.0,0.0,0.0,0.0,1,32.0,151.0,2,37.0,0.0,0.0,0.0,0.0,0.0,30
2023-05-09 23:40:58,ag2312P4550,ag2312P4550,37.0,0.0,0.0,0.0,1,32.0,146.0,1,37.0,0.0,0.0,0.0,0.0,0.0,30
2023-05-09 23:40:58,ag2312P4550,ag2312P4550,37.0,0.0,0.0,0.0,1,32.0,144.5,1,37.0,0.0,0.0,0.0,0.0,0.0,30
2023-05-09 23:40:59,ag2312P4550,ag2312P4550,37.0,0.0,0.0,0.0,1,32.0,144.0,2,37.0,0.0,0.0,0.0,0.0,0.0,30
2023-05-09 23:40:59,ag2312P4550,ag2312P4550,37.0,0.0,0.0,0.0,1,32.0,142.5,1,37.0,0.0,0.0,0.0,0.0,0.0,30
2023-05-09 23:41:00,ag2312P4550,ag2312P4550,37.0,0.0,0.0,0.0,1,32.0,142.5,1,37.0,0.0,0.0,0.0,0.0,0.0,30
2023-05-09 23:41:00,ag2312P4550,ag2312P4550,37.0,0.0,0.0,0.0,1,32.0,142.0,2,37.0,0.0,0.0,0.0,0.0,0.0,30
2023-05-09 23:41:01,ag2312P4550,ag2312P4550,37.0,0.0,0.0,0.0,1,32.0,140.5,1,37.0,0.0,0.0,0.0,0.0,0.0,30
2023-05-09 23:41:01,ag2312P4550,ag2312P4550,37.0,0.0,0.0,0.0,1,32.0,140.5,1,37.0,0.0,0.0,0.0,0.0,0.0,30
2023-05-09 23:41:02,ag2312P4550,ag2312P4550,37.0,0.0,0.0,0.0,1,32.0,140.0,2,37.0,0.0,0.0,0.0,0.0,0.0,30
2023-05-09 23:41:02,ag2312P4550,ag2312P4550,37.0,0.0,0.0,0.0,1,32.0,135.0,1,37.0,0.0,0.0,0.0,0.0,0.0,30
2023-05-09 23:41:03,ag2312P4550,ag2312P4550,37.0,0.0,0.0,0.0,1,32.0,133.5,1,37.0,0.0,0.0,0.0,0.0,0.0,30
2023-05-09 23:41:03,ag2312P4550,ag2312P4550,37.0,0.0,0.0,0.0,1,32.0,133.0,2,37.0,0.0,0.0,0.0,0.0,0.0,30
2023-05-09 23:41:04,ag2312P4550,ag2312P4550,37.0,0.0,0.0,0.0,1,32.0,131.5,1,37.0,0.0,0.0,0.0,0.0,0.0,30
2023-05-09 23:41:04,ag2312P4550,ag2312P4550,37.0,0.0,0.0,0.0,1,32.0,85.5,1,37.0,0.0,0.0,0.0,0.0,0.0,30
2023-05-09 23:41:05,ag2312P4550,ag2312P4550,37.0,0.0,0.0,0.0,1,32.0,85.0,2,37.0,0.0,0.0,0.0,0.0,0.0,30
2023-05-09 23:41:05,ag2312P4550,ag2312P4550,37.0,0.0,0.0,0.0,1,32.0,50.0,1,37.0,0.0,0.0,0.0,0.0,0.0,30
2023-05-09 23:41:06,ag2312P4550,ag2312P4550,37.0,0.0,0.0,0.0,1,32.0,50.0,1,37.0,0.0,0.0,0.0,0.0,0.0,30
2023-05-09 23:41:06,ag2312P4550,ag2312P4550,37.0,0.0,0.0,0.0,1,32.0,50.0,3,37.0,0.0,0.0,0.0,0.0,0.0,30
2023-05-09 23:41:07,ag2312P4550,ag2312P4550,37.0,0.0,0.0,0.0,1,32.0,50.0,3,37.0,0.0,0.0,0.0,0.0,0.0,30
2023-05-09 23:41:28,ag2312P4550,ag2312P4550,37.0,0.0,0.0,0.0,1,3.5,50.0,2,37.0,0.0,0.0,0.0,0.0,0.0,30
2023-05-09 23:41:29,ag2312P4550,ag2312P4550,37.0,0.0,0.0,0.0,1,5.0,50.0,2,37.0,0.0,0.0,0.0,0.0,0.0,30
2023-05-09 23:41:29,ag2312P4550,ag2312P4550,37.0,0.0,0.0,0.0,1,5.0,50.0,2,37.0,0.0,0.0,0.0,0.0,0.0,30
2023-05-09 23:41:30,ag2312P4550,ag2312P4550,37.0,0.0,0.0,0.0,2,13.0,50.0,2,37.0,0.0,0.0,0.0,0.0,0.0,30
2023-05-09 23:41:30,ag2312P4550,ag2312P4550,37.0,0.0,0.0,0.0,2,13.0,50.0,2,37.0,0.0,0.0,0.0,0.0,0.0,30
2023-05-09 23:41:31,ag2312P4550,ag2312P4550,37.0,0.0,0.0,0.0,2,13.5,50.0,2,37.0,0.0,0.0,0.0,0.0,0.0,30
2023-05-09 23:41:33,ag2312P4550,ag2312P4550,37.0,0.0,0.0,0.0,2,13.5,50.0,2,37.0,0.0,0.0,0.0,0.0,0.0,30
2023-05-09 23:41:33,ag2312P4550,ag2312P4550,37.0,0.0,0.0,0.0,2,21.5,50.0,2,37.0,0.0,0.0,0.0,0.0,0.0,30
2023-05-09 23:41:34,ag2312P4550,ag2312P4550,37.0,0.0,0.0,0.0,2,21.5,50.0,2,37.0,0.0,0.0,0.0,0.0,0.0,30
2023-05-09 23:41:34,ag2312P4550,ag2312P4550,37.0,0.0,0.0,0.0,2,22.0,50.0,2,37.0,0.0,0.0,0.0,0.0,0.0,30
2023-05-09 23:41:35,ag2312P4550,ag2312P4550,37.0,0.0,0.0,0.0,2,22.0,50.0,2,37.0,0.0,0.0,0.0,0.0,0.0,30
2023-05-09 23:41:37,ag2312P4550,ag2312P4550,37.0,0.0,0.0,0.0,2,22.5,50.0,2,37.0,0.0,0.0,0.0,0.0,0.0,30
2023-05-09 23:41:38,ag2312P4550,ag2312P4550,37.0,0.0,0.0,0.0,2,22.5,50.0,2,37.0,0.0,0.0,0.0,0.0,0.0,30
2023-05-09 23:41:38,ag2312P4550,ag2312P4550,37.0,0.0,0.0,0.0,2,23.0,50.0,2,37.0,0.0,0.0,0.0,0.0,0.0,30
2023-05-09 23:41:40,ag2312P4550,ag2312P4550,37.0,0.0,0.0,0.0,2,23.5,50.0,2,37.0,0.0,0.0,0.0,0.0,0.0,30
2023-05-09 23:41:40,ag2312P4550,ag2312P4550,37.0,0.0,0.0,0.0,2,23.5,50.0,2,37.0,0.0,0.0,0.0,0.0,0.0,30
2023-05-09 23:41:41,ag2312P4550,ag2312P4550,37.0,0.0,0.0,0.0,2,24.0,50.0,2,37.0,0.0,0.0,0.0,0.0,0.0,30
2023-05-09 23:41:42,ag2312P4550,ag2312P4550,37.0,0.0,0.0,0.0,2,24.0,50.0,2,37.0,0.0,0.0,0.0,0.0,0.0,30
2023-05-09 23:41:42,ag2312P4550,ag2312P4550,37.0,0.0,0.0,0.0,2,24.5,50.0,2,37.0,0.0,0.0,0.0,0.0,0.0,30
2023-05-09 23:41:43,ag2312P4550,ag2312P4550,37.0,0.0,0.0,0.0,2,24.5,50.0,2,37.0,0.0,0.0,0.0,0.0,0.0,30
2023-05-09 23:41:43,ag2312P4550,ag2312P4550,37.0,0.0,0.0,0.0,2,25.0,50.0,2,37.0,0.0,0.0,0.0,0.0,0.0,30
2023-05-09 23:41:44,ag2312P4550,ag2312P4550,37.0,0.0,0.0,0.0,2,25.5,50.0,2,37.0,0.0,0.0,0.0,0.0,0.0,30
2023-05-09 23:41:45,ag2312P4550,ag2312P4550,37.0,0.0,0.0,0.0,2,25.5,50.0,2,37.0,0.0,0.0,0.0,0.0,0.0,30
2023-05-09 23:41:45,ag2312P4550,ag2312P4550,37.0,0.0,0.0,0.0,2,26.0,50.0,2,37.0,0.0,0.0,0.0,0.0,0.0,30
2023-05-09 23:41:46,ag2312P4550,ag2312P4550,37.0,0.0,0.0,0.0,2,26.5,50.0,2,37.0,0.0,0.0,0.0,0.0,0.0,30
2023-05-09 23:41:46,ag2312P4550,ag2312P4550,37.0,0.0,0.0,0.0,2,26.5,50.0,2,37.0,0.0,0.0,0.0,0.0,0.0,30
2023-05-09 23:41:47,ag2312P4550,ag2312P4550,37.0,0.0,0.0,0.0,2,27.0,50.0,2,37.0,0.0,0.0,0.0,0.0,0.0,30
2023-05-09 23:41:47,ag2312P4550,ag2312P4550,37.0,0.0,0.0,0.0,2,27.5,50.0,2,37.0,0.0,0.0,0.0,0.0,0.0,30
2023-05-09 23:41:48,ag2312P4550,ag2312P4550,37.0,0.0,0.0,0.0,2,27.5,50.0,2,37.0,0.0,0.0,0.0,0.0,0.0,30
2023-05-09 23:41:48,ag2312P4550,ag2312P4550,37.0,0.0,0.0,0.0,2,28.0,50.0,2,37.0,0.0,0.0,0.0,0.0,0.0,30
2023-05-09 23:41:49,ag2312P4550,ag2312P4550,37.0,0.0,0.0,0.0,2,28.0,50.0,2,37.0,0.0,0.0,0.0,0.0,0.0,30
2023-05-10 00:55:03,ag2312P4550,ag2312P4550,37.0,0.0,0.0,0.0,1,3.5,0.0,0,37.0,0.0,0.0,0.0,0.0,0.0,30
2023-05-10 00:55:05,ag2312P4550,ag2312P4550,37.0,0.0,0.0,0.0,2,11.5,0.0,0,37.0,0.0,0.0,0.0,0.0,0.0,30
2023-05-10 00:55:06,ag2312P4550,ag2312P4550,37.0,0.0,0.0,0.0,2,11.5,561.0,1,37.0,0.0,0.0,0.0,0.0,0.0,30
2023-05-10 00:57:07,ag2312P4550,ag2312P4550,37.0,0.0,0.0,0.0,1,3.5,561.0,1,37.0,0.0,0.0,0.0,0.0,0.0,30
2023-05-10 00:57:08,ag2312P4550,ag2312P4550,37.0,0.0,0.0,0.0,1,5.0,560.5,2,37.0,0.0,0.0,0.0,0.0,0.0,30
2023-05-10 00:57:08,ag2312P4550,ag2312P4550,37.0,0.0,0.0,0.0,1,5.0,559.0,1,37.0,0.0,0.0,0.0,0.0,0.0,30
2023-05-10 00:57:09,ag2312P4550,ag2312P4550,37.0,0.0,0.0,0.0,2,5.5,559.0,1,37.0,0.0,0.0,0.0,0.0,0.0,30
2023-05-10 00:57:09,ag2312P4550,ag2312P4550,37.0,0.0,0.0,0.0,2,5.5,558.5,2,37.0,0.0,0.0,0.0,0.0,0.0,30
2023-05-10 00:57:10,ag2312P4550,ag2312P4550,37.0,0.0,0.0,0.0,2,5.5,557.0,1,37.0,0.0,0.0,0.0,0.0,0.0,30
2023-05-10 00:57:10,ag2312P4550,ag2312P4550,37.0,0.0,0.0,0.0,2,5.5,557.0,1,37.0,0.0,0.0,0.0,0.0,0.0,30
2023-05-10 00:57:11,ag2312P4550,ag2312P4550,37.0,0.0,0.0,0.0,2,5.5,556.5,2,37.0,0.0,0.0,0.0,0.0,0.0,30
2023-05-10 00:57:11,ag2312P4550,ag2312P4550,37.0,0.0,0.0,0.0,2,5.5,555.0,1,37.0,0.0,0.0,0.0,0.0,0.0,30
2023-05-10 00:57:12,ag2312P4550,ag2312P4550,37.0,0.0,0.0,0.0,2,5.5,555.0,1,37.0,0.0,0.0,0.0,0.0,0.0,30
2023-05-10 00:57:12,ag2312P4550,ag2312P4550,37.0,0.0,0.0,0.0,2,5.5,554.5,2,37.0,0.0,0.0,0.0,0.0,0.0,30
2023-05-10 00:57:13,ag2312P4550,ag2312P4550,37.0,0.0,0.0,0.0,2,5.5,553.0,1,37.0,0.0,0.0,0.0,0.0,0.0,30
2023-05-10 00:57:13,ag2312P4550,ag2312P4550,37.0,0.0,0.0,0.0,2,5.5,553.0,1,37.0,0.0,0.0,0.0,0.0,0.0,30
2023-05-10 00:57:14,ag2312P4550,ag2312P4550,37.0,0.0,0.0,0.0,2,5.5,552.5,2,37.0,0.0,0.0,0.0,0.0,0.0,30
2023-05-10 00:57:14,ag2312P4550,ag2312P4550,37.0,0.0,0.0,0.0,2,5.5,551.0,1,37.0,0.0,0.0,0.0,0.0,0.0,30
2023-05-10 00:57:15,ag2312P4550,ag2312P4550,37.0,0.0,0.0,0.0,2,5.5,551.0,1,37.0,0.0,0.0,0.0,0.0,0.0,30
2023-05-10 00:57:15,ag2312P4550,ag2312P4550,37.0,0.0,0.0,0.0,2,5.5,550.5,2,37.0,0.0,0.0,0.0,0.0,0.0,30
2023-05-10 00:57:16,ag2312P4550,ag2312P4550,37.0,0.0,0.0,0.0,2,5.5,549.0,1,37.0,0.0,0.0,0.0,0.0,0.0,30
2023-05-10 00:57:16,ag2312P4550,ag2312P4550,37.0,0.0,0.0,0.0,2,5.5,549.0,1,37.0,0.0,0.0,0.0,0.0,0.0,30
2023-05-10 00:57:17,ag2312P4550,ag2312P4550,37.0,0.0,0.0,0.0,2,5.5,548.5,2,37.0,0.0,0.0,0.0,0.0,0.0,30
2023-05-10 00:57:17,ag2312P4550,ag2312P4550,37.0,0.0,0.0,0.0,2,5.5,547.0,1,37.0,0.0,0.0,0.0,0.0,0.0,30
2023-05-10 00:57:18,ag2312P4550,ag2312P4550,37.0,0.0,0.0,0.0,2,5.5,547.0,1,37.0,0.0,0.0,0.0,0.0,0.0,30
2023-05-10 00:57:18,ag2312P4550,ag2312P4550,37.0,0.0,0.0,0.0,2,5.5,546.5,2,37.0,0.0,0.0,0.0,0.0,0.0,30
2023-05-10 00:57:19,ag2312P4550,ag2312P4550,37.0,0.0,0.0,0.0,2,5.5,545.0,1,37.0,0.0,0.0,0.0,0.0,0.0,30
2023-05-10 00:57:19,ag2312P4550,ag2312P4550,37.0,0.0,0.0,0.0,2,5.5,545.0,1,37.0,0.0,0.0,0.0,0.0,0.0,30
2023-05-10 00:57:20,ag2312P4550,ag2312P4550,37.0,0.0,0.0,0.0,2,5.5,544.5,2,37.0,0.0,0.0,0.0,0.0,0.0,30
2023-05-10 00:57:20,ag2312P4550,ag2312P4550,37.0,0.0,0.0,0.0,2,5.5,543.0,1,37.0,0.0,0.0,0.0,0.0,0.0,30
2023-05-10 00:57:21,ag2312P4550,ag2312P4550,37.0,0.0,0.0,0.0,2,5.5,543.0,1,37.0,0.0,0.0,0.0,0.0,0.0,30
2023-05-10 00:57:21,ag2312P4550,ag2312P4550,37.0,0.0,0.0,0.0,2,5.5,542.5,2,37.0,0.0,0.0,0.0,0.0,0.0,30
2023-05-10 00:57:22,ag2312P4550,ag2312P4550,37.0,0.0,0.0,0.0,2,5.5,541.0,1,37.0,0.0,0.0,0.0,0.0,0.0,30
2023-05-10 00:57:22,ag2312P4550,ag2312P4550,37.0,0.0,0.0,0.0,2,5.5,541.0,1,37.0,0.0,0.0,0.0,0.0,0.0,30
2023-05-10 00:57:23,ag2312P4550,ag2312P4550,37.0,0.0,0.0,0.0,2,5.5,540.5,2,37.0,0.0,0.0,0.0,0.0,0.0,30
2023-05-10 00:57:23,ag2312P4550,ag2312P4550,37.0,0.0,0.0,0.0,2,5.5,539.0,1,37.0,0.0,0.0,0.0,0.0,0.0,30
2023-05-10 00:57:24,ag2312P4550,ag2312P4550,37.0,0.0,0.0,0.0,2,5.5,539.0,1,37.0,0.0,0.0,0.0,0.0,0.0,30
2023-05-10 00:57:24,ag2312P4550,ag2312P4550,37.0,0.0,0.0,0.0,2,5.5,538.5,2,37.0,0.0,0.0,0.0,0.0,0.0,30
2023-05-10 00:57:25,ag2312P4550,ag2312P4550,37.0,0.0,0.0,0.0,2,5.5,537.0,1,37.0,0.0,0.0,0.0,0.0,0.0,30
2023-05-10 00:57:25,ag2312P4550,ag2312P4550,37.0,0.0,0.0,0.0,2,5.5,537.0,1,37.0,0.0,0.0,0.0,0.0,0.0,30
2023-05-10 00:57:26,ag2312P4550,ag2312P4550,37.0,0.0,0.0,0.0,2,5.5,533.0,1,37.0,0.0,0.0,0.0,0.0,0.0,30
2023-05-10 00:57:26,ag2312P4550,ag2312P4550,37.0,0.0,0.0,0.0,2,5.5,531.5,1,37.0,0.0,0.0,0.0,0.0,0.0,30
2023-05-10 00:57:27,ag2312P4550,ag2312P4550,37.0,0.0,0.0,0.0,2,5.5,531.0,2,37.0,0.0,0.0,0.0,0.0,0.0,30
2023-05-10 00:57:27,ag2312P4550,ag2312P4550,37.0,0.0,0.0,0.0,2,5.5,529.5,1,37.0,0.0,0.0,0.0,0.0,0.0,30
2023-05-10 00:57:28,ag2312P4550,ag2312P4550,37.0,0.0,0.0,0.0,2,5.5,529.5,1,37.0,0.0,0.0,0.0,0.0,0.0,30
2023-05-10 00:57:28,ag2312P4550,ag2312P4550,37.0,0.0,0.0,0.0,2,5.5,529.0,2,37.0,0.0,0.0,0.0,0.0,0.0,30
2023-05-10 00:57:29,ag2312P4550,ag2312P4550,37.0,0.0,0.0,0.0,2,5.5,527.5,1,37.0,0.0,0.0,0.0,0.0,0.0,30
2023-05-10 00:57:29,ag2312P4550,ag2312P4550,37.0,0.0,0.0,0.0,2,5.5,527.5,1,37.0,0.0,0.0,0.0,0.0,0.0,30
2023-05-10 00:57:30,ag2312P4550,ag2312P4550,37.0,0.0,0.0,0.0,2,5.5,527.0,2,37.0,0.0,0.0,0.0,0.0,0.0,30
2023-05-10 00:57:30,ag2312P4550,ag2312P4550,37.0,0.0,0.0,0.0,2,5.5,525.5,1,37.0,0.0,0.0,0.0,0.0,0.0,30
2023-05-10 00:57:31,ag2312P4550,ag2312P4550,37.0,0.0,0.0,0.0,2,5.5,525.5,1,37.0,0.0,0.0,0.0,0.0,0.0,30
2023-05-10 00:57:31,ag2312P4550,ag2312P4550,37.0,0.0,0.0,0.0,2,5.5,525.0,2,37.0,0.0,0.0,0.0,0.0,0.0,30
2023-05-10 00:57:32,ag2312P4550,ag2312P4550,37.0,0.0,0.0,0.0,2,5.5,523.5,1,37.0,0.0,0.0,0.0,0.0,0.0,30
2023-05-10 00:57:32,ag2312P4550,ag2312P4550,37.0,0.0,0.0,0.0,2,5.5,523.5,1,37.0,0.0,0.0,0.0,0.0,0.0,30
2023-05-10 00:57:33,ag2312P4550,ag2312P4550,37.0,0.0,0.0,0.0,2,5.5,523.0,2,37.0,0.0,0.0,0.0,0.0,0.0,30
2023-05-10 00:57:33,ag2312P4550,ag2312P4550,37.0,0.0,0.0,0.0,2,5.5,521.5,1,37.0,0.0,0.0,0.0,0.0,0.0,30
2023-05-10 00:57:34,ag2312P4550,ag2312P4550,37.0,0.0,0.0,0.0,2,5.5,521.5,1,37.0,0.0,0.0,0.0,0.0,0.0,30
2023-05-10 00:57:34,ag2312P4550,ag2312P4550,37.0,0.0,0.0,0.0,2,5.5,521.0,2,37.0,0.0,0.0,0.0,0.0,0.0,30
2023-05-10 00:57:35,ag2312P4550,ag2312P4550,37.0,0.0,0.0,0.0,2,5.5,519.5,1,37.0,0.0,0.0,0.0,0.0,0.0,30
2023-05-10 00:57:35,ag2312P4550,ag2312P4550,37.0,0.0,0.0,0.0,2,5.5,519.5,1,37.0,0.0,0.0,0.0,0.0,0.0,30
2023-05-10 00:57:36,ag2312P4550,ag2312P4550,37.0,0.0,0.0,0.0,2,5.5,519.0,2,37.0,0.0,0.0,0.0,0.0,0.0,30
2023-05-10 00:57:36,ag2312P4550,ag2312P4550,37.0,0.0,0.0,0.0,2,5.5,517.5,1,37.0,0.0,0.0,0.0,0.0,0.0,30
2023-05-10 00:57:37,ag2312P4550,ag2312P4550,37.0,0.0,0.0,0.0,2,5.5,517.5,1,37.0,0.0,0.0,0.0,0.0,0.0,30
2023-05-10 00:57:37,ag2312P4550,ag2312P4550,37.0,0.0,0.0,0.0,2,5.5,517.0,2,37.0,0.0,0.0,0.0,0.0,0.0,30
2023-05-10 00:57:38,ag2312P4550,ag2312P4550,37.0,0.0,0.0,0.0,2,5.5,515.5,1,37.0,0.0,0.0,0.0,0.0,0.0,30
2023-05-10 00:57:38,ag2312P4550,ag2312P4550,37.0,0.0,0.0,0.0,2,5.5,515.5,1,37.0,0.0,0.0,0.0,0.0,0.0,30
2023-05-10 00:57:39,ag2312P4550,ag2312P4550,37.0,0.0,0.0,0.0,2,5.5,515.0,2,37.0,0.0,0.0,0.0,0.0,0.0,30
2023-05-10 00:57:39,ag2312P4550,ag2312P4550,37.0,0.0,0.0,0.0,2,5.5,513.5,1,37.0,0.0,0.0,0.0,0.0,0.0,30
2023-05-10 00:57:40,ag2312P4550,ag2312P4550,37.0,0.0,0.0,0.0,2,5.5,513.5,1,37.0,0.0,0.0,0.0,0.0,0.0,30
2023-05-10 00:57:40,ag2312P4550,ag2312P4550,37.0,0.0,0.0,0.0,2,5.5,513.0,2,37.0,0.0,0.0,0.0,0.0,0.0,30
2023-05-10 00:57:41,ag2312P4550,ag2312P4550,37.0,0.0,0.0,0.0,2,5.5,511.5,1,37.0,0.0,0.0,0.0,0.0,0.0,30
2023-05-10 00:57:41,ag2312P4550,ag2312P4550,37.0,0.0,0.0,0.0,2,5.5,511.5,1,37.0,0.0,0.0,0.0,0.0,0.0,30
2023-05-10 00:57:42,ag2312P4550,ag2312P4550,37.0,0.0,0.0,0.0,2,5.5,511.0,2,37.0,0.0,0.0,0.0,0.0,0.0,30
2023-05-10 00:57:42,ag2312P4550,ag2312P4550,37.0,0.0,0.0,0.0,2,5.5,509.5,1,37.0,0.0,0.0,0.0,0.0,0.0,30
2023-05-10 00:57:43,ag2312P4550,ag2312P4550,37.0,0.0,0.0,0.0,2,5.5,509.5,1,37.0,0.0,0.0,0.0,0.0,0.0,30
2023-05-10 00:57:43,ag2312P4550,ag2312P4550,37.0,0.0,0.0,0.0,2,5.5,509.0,2,37.0,0.0,0.0,0.0,0.0,0.0,30
2023-05-10 00:57:44,ag2312P4550,ag2312P4550,37.0,0.0,0.0,0.0,2,5.5,507.5,1,37.0,0.0,0.0,0.0,0.0,0.0,30
2023-05-10 00:57:45,ag2312P4550,ag2312P4550,37.0,0.0,0.0,0.0,2,5.5,507.5,1,37.0,0.0,0.0,0.0,0.0,0.0,30
2023-05-10 00:57:46,ag2312P4550,ag2312P4550,37.0,0.0,0.0,0.0,2,5.5,507.0,2,37.0,0.0,0.0,0.0,0.0,0.0,30
2023-05-10 00:57:46,ag2312P4550,ag2312P4550,37.0,0.0,0.0,0.0,2,5.5,505.5,1,37.0,0.0,0.0,0.0,0.0,0.0,30
2023-05-10 00:57:47,ag2312P4550,ag2312P4550,37.0,0.0,0.0,0.0,2,5.5,505.5,1,37.0,0.0,0.0,0.0,0.0,0.0,30
2023-05-10 00:57:47,ag2312P4550,ag2312P4550,37.0,0.0,0.0,0.0,2,5.5,505.0,2,37.0,0.0,0.0,0.0,0.0,0.0,30
2023-05-10 00:57:48,ag2312P4550,ag2312P4550,37.0,0.0,0.0,0.0,2,5.5,503.5,1,37.0,0.0,0.0,0.0,0.0,0.0,30
2023-05-10 00:57:48,ag2312P4550,ag2312P4550,37.0,0.0,0.0,0.0,2,5.5,503.5,1,37.0,0.0,0.0,0.0,0.0,0.0,30
2023-05-10 00:57:49,ag2312P4550,ag2312P4550,37.0,0.0,0.0,0.0,2,5.5,503.0,2,37.0,0.0,0.0,0.0,0.0,0.0,30
2023-05-10 00:57:49,ag2312P4550,ag2312P4550,37.0,0.0,0.0,0.0,2,5.5,501.5,1,37.0,0.0,0.0,0.0,0.0,0.0,30
2023-05-10 00:57:50,ag2312P4550,ag2312P4550,37.0,0.0,0.0,0.0,2,5.5,501.5,1,37.0,0.0,0.0,0.0,0.0,0.0,30
2023-05-10 00:57:50,ag2312P4550,ag2312P4550,37.0,0.0,0.0,0.0,2,5.5,501.0,2,37.0,0.0,0.0,0.0,0.0,0.0,30
2023-05-10 00:57:51,ag2312P4550,ag2312P4550,37.0,0.0,0.0,0.0,2,5.5,499.5,1,37.0,0.0,0.0,0.0,0.0,0.0,30
2023-05-10 00:57:51,ag2312P4550,ag2312P4550,37.0,0.0,0.0,0.0,2,5.5,499.5,1,37.0,0.0,0.0,0.0,0.0,0.0,30
2023-05-10 00:57:52,ag2312P4550,ag2312P4550,37.0,0.0,0.0,0.0,2,5.5,499.0,2,37.0,0.0,0.0,0.0,0.0,0.0,30
2023-05-10 00:57:52,ag2312P4550,ag2312P4550,37.0,0.0,0.0,0.0,2,5.5,497.5,1,37.0,0.0,0.0,0.0,0.0,0.0,30
2023-05-10 00:57:53,ag2312P4550,ag2312P4550,37.0,0.0,0.0,0.0,2,5.5,497.5,1,37.0,0.0,0.0,0.0,0.0,0.0,30
2023-05-10 00:57:53,ag2312P4550,ag2312P4550,37.0,0.0,0.0,0.0,2,5.5,497.0,2,37.0,0.0,0.0,0.0,0.0,0.0,30
2023-05-10 00:57:54,ag2312P4550,ag2312P4550,37.0,0.0,0.0,0.0,2,5.5,495.5,1,37.0,0.0,0.0,0.0,0.0,0.0,30
2023-05-10 00:57:54,ag2312P4550,ag2312P4550,37.0,0.0,0.0,0.0,2,5.5,495.5,1,37.0,0.0,0.0,0.0,0.0,0.0,30
2023-05-10 00:57:55,ag2312P4550,ag2312P4550,37.0,0.0,0.0,0.0,2,5.5,495.0,2,37.0,0.0,0.0,0.0,0.0,0.0,30
2023-05-10 00:57:55,ag2312P4550,ag2312P4550,37.0,0.0,0.0,0.0,2,5.5,493.5,1,37.0,0.0,0.0,0.0,0.0,0.0,30
2023-05-10 00:57:56,ag2312P4550,ag2312P4550,37.0,0.0,0.0,0.0,2,5.5,493.5,1,37.0,0.0,0.0,0.0,0.0,0.0,30
2023-05-10 00:57:56,ag2312P4550,ag2312P4550,37.0,0.0,0.0,0.0,2,5.5,493.0,2,37.0,0.0,0.0,0.0,0.0,0.0,30
2023-05-10 00:57:57,ag2312P4550,ag2312P4550,37.0,0.0,0.0,0.0,2,5.5,491.5,1,37.0,0.0,0.0,0.0,0.0,0.0,30
2023-05-10 00:57:57,ag2312P4550,ag2312P4550,37.0,0.0,0.0,0.0,2,5.5,491.5,1,37.0,0.0,0.0,0.0,0.0,0.0,30
2023-05-10 00:57:58,ag2312P4550,ag2312P4550,37.0,0.0,0.0,0.0,2,5.5,491.0,2,37.0,0.0,0.0,0.0,0.0,0.0,30
2023-05-10 00:57:58,ag2312P4550,ag2312P4550,37.0,0.0,0.0,0.0,2,5.5,489.5,1,37.0,0.0,0.0,0.0,0.0,0.0,30
2023-05-10 00:57:59,ag2312P4550,ag2312P4550,37.0,0.0,0.0,0.0,2,5.5,489.5,1,37.0,0.0,0.0,0.0,0.0,0.0,30
2023-05-10 00:57:59,ag2312P4550,ag2312P4550,37.0,0.0,0.0,0.0,2,5.5,489.0,2,37.0,0.0,0.0,0.0,0.0,0.0,30
2023-05-10 00:58:00,ag2312P4550,ag2312P4550,37.0,0.0,0.0,0.0,2,5.5,487.5,1,37.0,0.0,0.0,0.0,0.0,0.0,30
2023-05-10 00:58:00,ag2312P4550,ag2312P4550,37.0,0.0,0.0,0.0,2,5.5,487.5,1,37.0,0.0,0.0,0.0,0.0,0.0,30
2023-05-10 00:58:01,ag2312P4550,ag2312P4550,37.0,0.0,0.0,0.0,2,5.5,487.0,2,37.0,0.0,0.0,0.0,0.0,0.0,30
2023-05-10 00:58:01,ag2312P4550,ag2312P4550,37.0,0.0,0.0,0.0,2,5.5,485.5,1,37.0,0.0,0.0,0.0,0.0,0.0,30
2023-05-10 00:58:02,ag2312P4550,ag2312P4550,37.0,0.0,0.0,0.0,2,5.5,485.5,1,37.0,0.0,0.0,0.0,0.0,0.0,30
2023-05-10 00:58:02,ag2312P4550,ag2312P4550,37.0,0.0,0.0,0.0,2,5.5,485.0,2,37.0,0.0,0.0,0.0,0.0,0.0,30
2023-05-10 00:58:03,ag2312P4550,ag2312P4550,37.0,0.0,0.0,0.0,2,5.5,483.5,1,37.0,0.0,0.0,0.0,0.0,0.0,30
2023-05-10 00:58:03,ag2312P4550,ag2312P4550,37.0,0.0,0.0,0.0,2,5.5,483.5,1,37.0,0.0,0.0,0.0,0.0,0.0,30
2023-05-10 00:58:04,ag2312P4550,ag2312P4550,37.0,0.0,0.0,0.0,2,5.5,483.0,2,37.0,0.0,0.0,0.0,0.0,0.0,30
2023-05-10 00:58:04,ag2312P4550,ag2312P4550,37.0,0.0,0.0,0.0,2,5.5,481.5,1,37.0,0.0,0.0,0.0,0.0,0.0,30
2023-05-10 00:58:05,ag2312P4550,ag2312P4550,37.0,0.0,0.0,0.0,2,5.5,481.5,1,37.0,0.0,0.0,0.0,0.0,0.0,30
2023-05-10 00:58:06,ag2312P4550,ag2312P4550,37.0,0.0,0.0,0.0,2,5.5,481.0,2,37.0,0.0,0.0,0.0,0.0,0.0,30
2023-05-10 00:58:06,ag2312P4550,ag2312P4550,37.0,0.0,0.0,0.0,2,5.5,479.5,1,37.0,0.0,0.0,0.0,0.0,0.0,30
2023-05-10 00:58:07,ag2312P4550,ag2312P4550,37.0,0.0,0.0,0.0,2,5.5,479.5,1,37.0,0.0,0.0,0.0,0.0,0.0,30
2023-05-10 00:58:07,ag2312P4550,ag2312P4550,37.0,0.0,0.0,0.0,2,5.5,479.0,2,37.0,0.0,0.0,0.0,0.0,0.0,30
2023-05-10 00:58:08,ag2312P4550,ag2312P4550,37.0,0.0,0.0,0.0,2,5.5,477.5,1,37.0,0.0,0.0,0.0,0.0,0.0,30
2023-05-10 00:58:08,ag2312P4550,ag2312P4550,37.0,0.0,0.0,0.0,2,5.5,477.5,1,37.0,0.0,0.0,0.0,0.0,0.0,30
2023-05-10 00:58:09,ag2312P4550,ag2312P4550,37.0,0.0,0.0,0.0,2,5.5,477.0,2,37.0,0.0,0.0,0.0,0.0,0.0,30
2023-05-10 00:58:09,ag2312P4550,ag2312P4550,37.0,0.0,0.0,0.0,2,5.5,475.5,1,37.0,0.0,0.0,0.0,0.0,0.0,30
2023-05-10 00:58:10,ag2312P4550,ag2312P4550,37.0,0.0,0.0,0.0,2,5.5,475.5,1,37.0,0.0,0.0,0.0,0.0,0.0,30
2023-05-10 00:58:10,ag2312P4550,ag2312P4550,37.0,0.0,0.0,0.0,2,5.5,475.0,2,37.0,0.0,0.0,0.0,0.0,0.0,30
2023-05-10 00:58:11,ag2312P4550,ag2312P4550,37.0,0.0,0.0,0.0,2,5.5,473.5,1,37.0,0.0,0.0,0.0,0.0,0.0,30
2023-05-10 00:58:11,ag2312P4550,ag2312P4550,37.0,0.0,0.0,0.0,2,5.5,473.5,1,37.0,0.0,0.0,0.0,0.0,0.0,30
2023-05-10 00:58:12,ag2312P4550,ag2312P4550,37.0,0.0,0.0,0.0,2,5.5,473.0,2,37.0,0.0,0.0,0.0,0.0,0.0,30
2023-05-10 00:58:12,ag2312P4550,ag2312P4550,37.0,0.0,0.0,0.0,2,5.5,471.5,1,37.0,0.0,0.0,0.0,0.0,0.0,30
2023-05-10 00:58:13,ag2312P4550,ag2312P4550,37.0,0.0,0.0,0.0,2,5.5,471.5,1,37.0,0.0,0.0,0.0,0.0,0.0,30
2023-05-10 00:58:14,ag2312P4550,ag2312P4550,37.0,0.0,0.0,0.0,2,5.5,471.0,2,37.0,0.0,0.0,0.0,0.0,0.0,30
2023-05-10 00:58:14,ag2312P4550,ag2312P4550,37.0,0.0,0.0,0.0,2,5.5,469.5,1,37.0,0.0,0.0,0.0,0.0,0.0,30
2023-05-10 00:58:15,ag2312P4550,ag2312P4550,37.0,0.0,0.0,0.0,2,5.5,469.5,1,37.0,0.0,0.0,0.0,0.0,0.0,30
2023-05-10 00:58:15,ag2312P4550,ag2312P4550,37.0,0.0,0.0,0.0,2,5.5,469.0,2,37.0,0.0,0.0,0.0,0.0,0.0,30
2023-05-10 00:58:16,ag2312P4550,ag2312P4550,37.0,0.0,0.0,0.0,2,5.5,467.5,1,37.0,0.0,0.0,0.0,0.0,0.0,30
2023-05-10 00:58:16,ag2312P4550,ag2312P4550,37.0,0.0,0.0,0.0,2,5.5,467.5,1,37.0,0.0,0.0,0.0,0.0,0.0,30
2023-05-10 00:58:17,ag2312P4550,ag2312P4550,37.0,0.0,0.0,0.0,2,5.5,467.0,2,37.0,0.0,0.0,0.0,0.0,0.0,30
2023-05-10 00:58:17,ag2312P4550,ag2312P4550,37.0,0.0,0.0,0.0,2,5.5,465.5,1,37.0,0.0,0.0,0.0,0.0,0.0,30
2023-05-10 00:58:18,ag2312P4550,ag2312P4550,37.0,0.0,0.0,0.0,2,5.5,465.5,1,37.0,0.0,0.0,0.0,0.0,0.0,30
2023-05-10 00:58:18,ag2312P4550,ag2312P4550,37.0,0.0,0.0,0.0,2,5.5,465.0,2,37.0,0.0,0.0,0.0,0.0,0.0,30
2023-05-10 00:58:19,ag2312P4550,ag2312P4550,37.0,0.0,0.0,0.0,2,5.5,463.5,1,37.0,0.0,0.0,0.0,0.0,0.0,30
2023-05-10 00:58:19,ag2312P4550,ag2312P4550,37.0,0.0,0.0,0.0,2,5.5,463.5,1,37.0,0.0,0.0,0.0,0.0,0.0,30
2023-05-10 00:58:20,ag2312P4550,ag2312P4550,37.0,0.0,0.0,0.0,2,5.5,463.0,2,37.0,0.0,0.0,0.0,0.0,0.0,30
2023-05-10 00:58:20,ag2312P4550,ag2312P4550,37.0,0.0,0.0,0.0,2,5.5,461.5,1,37.0,0.0,0.0,0.0,0.0,0.0,30
2023-05-10 00:58:21,ag2312P4550,ag2312P4550,37.0,0.0,0.0,0.0,2,5.5,461.5,1,37.0,0.0,0.0,0.0,0.0,0.0,30
2023-05-10 00:58:21,ag2312P4550,ag2312P4550,37.0,0.0,0.0,0.0,2,5.5,461.0,2,37.0,0.0,0.0,0.0,0.0,0.0,30
2023-05-10 00:58:22,ag2312P4550,ag2312P4550,37.0,0.0,0.0,0.0,2,5.5,459.5,1,37.0,0.0,0.0,0.0,0.0,0.0,30
2023-05-10 00:58:22,ag2312P4550,ag2312P4550,37.0,0.0,0.0,0.0,2,5.5,459.5,1,37.0,0.0,0.0,0.0,0.0,0.0,30
2023-05-10 00:58:23,ag2312P4550,ag2312P4550,37.0,0.0,0.0,0.0,2,5.5,459.0,2,37.0,0.0,0.0,0.0,0.0,0.0,30
2023-05-10 00:58:23,ag2312P4550,ag2312P4550,37.0,0.0,0.0,0.0,2,5.5,457.5,1,37.0,0.0,0.0,0.0,0.0,0.0,30
2023-05-10 00:58:24,ag2312P4550,ag2312P4550,37.0,0.0,0.0,0.0,2,5.5,457.5,1,37.0,0.0,0.0,0.0,0.0,0.0,30
2023-05-10 00:58:24,ag2312P4550,ag2312P4550,37.0,0.0,0.0,0.0,2,5.5,457.0,2,37.0,0.0,0.0,0.0,0.0,0.0,30
2023-05-10 00:58:25,ag2312P4550,ag2312P4550,37.0,0.0,0.0,0.0,2,5.5,455.5,1,37.0,0.0,0.0,0.0,0.0,0.0,30
2023-05-10 00:58:25,ag2312P4550,ag2312P4550,37.0,0.0,0.0,0.0,2,5.5,455.5,1,37.0,0.0,0.0,0.0,0.0,0.0,30
2023-05-10 00:58:26,ag2312P4550,ag2312P4550,37.0,0.0,0.0,0.0,2,5.5,455.0,2,37.0,0.0,0.0,0.0,0.0,0.0,30
2023-05-10 00:58:26,ag2312P4550,ag2312P4550,37.0,0.0,0.0,0.0,2,5.5,453.5,1,37.0,0.0,0.0,0.0,0.0,0.0,30
2023-05-10 00:58:27,ag2312P4550,ag2312P4550,37.0,0.0,0.0,0.0,2,5.5,453.5,1,37.0,0.0,0.0,0.0,0.0,0.0,30
2023-05-10 00:58:27,ag2312P4550,ag2312P4550,37.0,0.0,0.0,0.0,2,5.5,453.0,2,37.0,0.0,0.0,0.0,0.0,0.0,30
2023-05-10 00:58:28,ag2312P4550,ag2312P4550,37.0,0.0,0.0,0.0,2,5.5,451.5,1,37.0,0.0,0.0,0.0,0.0,0.0,30
2023-05-10 00:58:28,ag2312P4550,ag2312P4550,37.0,0.0,0.0,0.0,2,5.5,451.5,1,37.0,0.0,0.0,0.0,0.0,0.0,30
2023-05-10 00:58:29,ag2312P4550,ag2312P4550,37.0,0.0,0.0,0.0,2,5.5,451.0,2,37.0,0.0,0.0,0.0,0.0,0.0,30
2023-05-10 00:58:29,ag2312P4550,ag2312P4550,37.0,0.0,0.0,0.0,2,5.5,449.5,1,37.0,0.0,0.0,0.0,0.0,0.0,30
2023-05-10 00:58:30,ag2312P4550,ag2312P4550,37.0,0.0,0.0,0.0,2,5.5,449.5,1,37.0,0.0,0.0,0.0,0.0,0.0,30
2023-05-10 00:58:30,ag2312P4550,ag2312P4550,37.0,0.0,0.0,0.0,2,5.5,449.0,2,37.0,0.0,0.0,0.0,0.0,0.0,30
2023-05-10 00:58:31,ag2312P4550,ag2312P4550,37.0,0.0,0.0,0.0,2,5.5,447.5,1,37.0,0.0,0.0,0.0,0.0,0.0,30
2023-05-10 00:58:31,ag2312P4550,ag2312P4550,37.0,0.0,0.0,0.0,2,5.5,447.5,1,37.0,0.0,0.0,0.0,0.0,0.0,30
2023-05-10 00:58:32,ag2312P4550,ag2312P4550,37.0,0.0,0.0,0.0,2,5.5,447.0,2,37.0,0.0,0.0,0.0,0.0,0.0,30
2023-05-10 00:58:32,ag2312P4550,ag2312P4550,37.0,0.0,0.0,0.0,2,5.5,445.5,1,37.0,0.0,0.0,0.0,0.0,0.0,30
2023-05-10 00:58:33,ag2312P4550,ag2312P4550,37.0,0.0,0.0,0.0,2,5.5,445.5,1,37.0,0.0,0.0,0.0,0.0,0.0,30
2023-05-10 00:58:33,ag2312P4550,ag2312P4550,37.0,0.0,0.0,0.0,2,5.5,445.0,2,37.0,0.0,0.0,0.0,0.0,0.0,30
2023-05-10 00:58:34,ag2312P4550,ag2312P4550,37.0,0.0,0.0,0.0,2,5.5,443.5,1,37.0,0.0,0.0,0.0,0.0,0.0,30
2023-05-10 00:58:34,ag2312P4550,ag2312P4550,37.0,0.0,0.0,0.0,2,5.5,443.5,1,37.0,0.0,0.0,0.0,0.0,0.0,30
2023-05-10 00:58:35,ag2312P4550,ag2312P4550,37.0,0.0,0.0,0.0,2,5.5,443.0,2,37.0,0.0,0.0,0.0,0.0,0.0,30
2023-05-10 00:58:35,ag2312P4550,ag2312P4550,37.0,0.0,0.0,0.0,2,5.5,441.5,1,37.0,0.0,0.0,0.0,0.0,0.0,30
2023-05-10 00:58:36,ag2312P4550,ag2312P4550,37.0,0.0,0.0,0.0,2,5.5,441.5,1,37.0,0.0,0.0,0.0,0.0,0.0,30
2023-05-10 00:58:36,ag2312P4550,ag2312P4550,37.0,0.0,0.0,0.0,2,5.5,441.0,2,37.0,0.0,0.0,0.0,0.0,0.0,30
2023-05-10 00:58:37,ag2312P4550,ag2312P4550,37.0,0.0,0.0,0.0,2,5.5,439.5,1,37.0,0.0,0.0,0.0,0.0,0.0,30
2023-05-10 00:58:38,ag2312P4550,ag2312P4550,37.0,0.0,0.0,0.0,2,5.5,439.5,1,37.0,0.0,0.0,0.0,0.0,0.0,30
2023-05-10 00:58:38,ag2312P4550,ag2312P4550,37.0,0.0,0.0,0.0,2,5.5,439.0,2,37.0,0.0,0.0,0.0,0.0,0.0,30
2023-05-10 00:58:39,ag2312P4550,ag2312P4550,37.0,0.0,0.0,0.0,2,5.5,437.5,1,37.0,0.0,0.0,0.0,0.0,0.0,30
2023-05-10 00:58:39,ag2312P4550,ag2312P4550,37.0,0.0,0.0,0.0,2,5.5,437.5,1,37.0,0.0,0.0,0.0,0.0,0.0,30
2023-05-10 00:58:40,ag2312P4550,ag2312P4550,37.0,0.0,0.0,0.0,2,5.5,437.0,2,37.0,0.0,0.0,0.0,0.0,0.0,30
2023-05-10 00:58:40,ag2312P4550,ag2312P4550,37.0,0.0,0.0,0.0,2,5.5,435.5,1,37.0,0.0,0.0,0.0,0.0,0.0,30
2023-05-10 00:58:41,ag2312P4550,ag2312P4550,37.0,0.0,0.0,0.0,2,5.5,435.5,1,37.0,0.0,0.0,0.0,0.0,0.0,30
2023-05-10 00:58:41,ag2312P4550,ag2312P4550,37.0,0.0,0.0,0.0,2,5.5,435.0,2,37.0,0.0,0.0,0.0,0.0,0.0,30
2023-05-10 00:58:42,ag2312P4550,ag2312P4550,37.0,0.0,0.0,0.0,2,5.5,433.5,1,37.0,0.0,0.0,0.0,0.0,0.0,30
2023-05-10 00:58:42,ag2312P4550,ag2312P4550,37.0,0.0,0.0,0.0,2,5.5,433.5,1,37.0,0.0,0.0,0.0,0.0,0.0,30
2023-05-10 00:58:43,ag2312P4550,ag2312P4550,37.0,0.0,0.0,0.0,2,5.5,433.0,2,37.0,0.0,0.0,0.0,0.0,0.0,30
2023-05-10 00:58:43,ag2312P4550,ag2312P4550,37.0,0.0,0.0,0.0,2,5.5,431.5,1,37.0,0.0,0.0,0.0,0.0,0.0,30
2023-05-10 00:58:44,ag2312P4550,ag2312P4550,37.0,0.0,0.0,0.0,2,5.5,431.5,1,37.0,0.0,0.0,0.0,0.0,0.0,30
2023-05-10 00:58:44,ag2312P4550,ag2312P4550,37.0,0.0,0.0,0.0,2,5.5,431.0,2,37.0,0.0,0.0,0.0,0.0,0.0,30
2023-05-10 00:58:45,ag2312P4550,ag2312P4550,37.0,0.0,0.0,0.0,2,5.5,429.5,1,37.0,0.0,0.0,0.0,0.0,0.0,30
2023-05-10 00:58:45,ag2312P4550,ag2312P4550,37.0,0.0,0.0,0.0,2,5.5,429.5,1,37.0,0.0,0.0,0.0,0.0,0.0,30
2023-05-10 00:58:46,ag2312P4550,ag2312P4550,37.0,0.0,0.0,0.0,2,5.5,429.0,2,37.0,0.0,0.0,0.0,0.0,0.0,30
2023-05-10 00:58:46,ag2312P4550,ag2312P4550,37.0,0.0,0.0,0.0,2,5.5,427.5,1,37.0,0.0,0.0,0.0,0.0,0.0,30
2023-05-10 00:58:47,ag2312P4550,ag2312P4550,37.0,0.0,0.0,0.0,2,5.5,427.5,1,37.0,0.0,0.0,0.0,0.0,0.0,30
2023-05-10 00:58:47,ag2312P4550,ag2312P4550,37.0,0.0,0.0,0.0,2,5.5,427.5,1,37.0,0.0,0.0,0.0,0.0,0.0,30
2023-05-10 00:58:48,ag2312P4550,ag2312P4550,37.0,0.0,0.0,0.0,2,5.5,427.0,2,37.0,0.0,0.0,0.0,0.0,0.0,30
2023-05-10 00:58:48,ag2312P4550,ag2312P4550,37.0,0.0,0.0,0.0,2,5.5,425.5,1,37.0,0.0,0.0,0.0,0.0,0.0,30
2023-05-10 00:58:49,ag2312P4550,ag2312P4550,37.0,0.0,0.0,0.0,2,5.5,425.5,1,37.0,0.0,0.0,0.0,0.0,0.0,30
2023-05-10 00:58:49,ag2312P4550,ag2312P4550,37.0,0.0,0.0,0.0,2,5.5,425.0,2,37.0,0.0,0.0,0.0,0.0,0.0,30
2023-05-10 00:58:50,ag2312P4550,ag2312P4550,37.0,0.0,0.0,0.0,2,5.5,423.5,1,37.0,0.0,0.0,0.0,0.0,0.0,30
2023-05-10 00:58:50,ag2312P4550,ag2312P4550,37.0,0.0,0.0,0.0,2,5.5,423.5,1,37.0,0.0,0.0,0.0,0.0,0.0,30
2023-05-10 00:58:51,ag2312P4550,ag2312P4550,37.0,0.0,0.0,0.0,2,5.5,423.0,2,37.0,0.0,0.0,0.0,0.0,0.0,30
2023-05-10 00:58:51,ag2312P4550,ag2312P4550,37.0,0.0,0.0,0.0,2,5.5,421.5,1,37.0,0.0,0.0,0.0,0.0,0.0,30
2023-05-10 00:58:52,ag2312P4550,ag2312P4550,37.0,0.0,0.0,0.0,2,5.5,421.5,1,37.0,0.0,0.0,0.0,0.0,0.0,30
2023-05-10 00:58:52,ag2312P4550,ag2312P4550,37.0,0.0,0.0,0.0,2,5.5,421.0,2,37.0,0.0,0.0,0.0,0.0,0.0,30
2023-05-10 00:58:53,ag2312P4550,ag2312P4550,37.0,0.0,0.0,0.0,2,5.5,419.5,1,37.0,0.0,0.0,0.0,0.0,0.0,30
2023-05-10 00:58:53,ag2312P4550,ag2312P4550,37.0,0.0,0.0,0.0,2,5.5,419.5,1,37.0,0.0,0.0,0.0,0.0,0.0,30
2023-05-10 00:58:54,ag2312P4550,ag2312P4550,37.0,0.0,0.0,0.0,2,5.5,419.0,2,37.0,0.0,0.0,0.0,0.0,0.0,30
2023-05-10 00:58:54,ag2312P4550,ag2312P4550,37.0,0.0,0.0,0.0,2,5.5,417.5,1,37.0,0.0,0.0,0.0,0.0,0.0,30
2023-05-10 00:58:55,ag2312P4550,ag2312P4550,37.0,0.0,0.0,0.0,2,5.5,417.5,1,37.0,0.0,0.0,0.0,0.0,0.0,30
2023-05-10 00:58:55,ag2312P4550,ag2312P4550,37.0,0.0,0.0,0.0,2,5.5,417.0,2,37.0,0.0,0.0,0.0,0.0,0.0,30
2023-05-10 00:58:56,ag2312P4550,ag2312P4550,37.0,0.0,0.0,0.0,2,5.5,415.5,1,37.0,0.0,0.0,0.0,0.0,0.0,30
2023-05-10 00:58:56,ag2312P4550,ag2312P4550,37.0,0.0,0.0,0.0,2,5.5,415.5,1,37.0,0.0,0.0,0.0,0.0,0.0,30
2023-05-10 00:58:57,ag2312P4550,ag2312P4550,37.0,0.0,0.0,0.0,2,5.5,415.0,2,37.0,0.0,0.0,0.0,0.0,0.0,30
2023-05-10 00:58:57,ag2312P4550,ag2312P4550,37.0,0.0,0.0,0.0,2,5.5,413.5,1,37.0,0.0,0.0,0.0,0.0,0.0,30
2023-05-10 00:58:58,ag2312P4550,ag2312P4550,37.0,0.0,0.0,0.0,2,5.5,413.5,1,37.0,0.0,0.0,0.0,0.0,0.0,30
2023-05-10 00:58:58,ag2312P4550,ag2312P4550,37.0,0.0,0.0,0.0,2,5.5,413.0,2,37.0,0.0,0.0,0.0,0.0,0.0,30
2023-05-10 00:58:59,ag2312P4550,ag2312P4550,37.0,0.0,0.0,0.0,2,5.5,411.5,1,37.0,0.0,0.0,0.0,0.0,0.0,30
2023-05-10 00:58:59,ag2312P4550,ag2312P4550,37.0,0.0,0.0,0.0,2,5.5,411.5,1,37.0,0.0,0.0,0.0,0.0,0.0,30
2023-05-10 00:59:00,ag2312P4550,ag2312P4550,37.0,0.0,0.0,0.0,2,5.5,411.0,2,37.0,0.0,0.0,0.0,0.0,0.0,30
2023-05-10 00:59:00,ag2312P4550,ag2312P4550,37.0,0.0,0.0,0.0,2,5.5,409.5,1,37.0,0.0,0.0,0.0,0.0,0.0,30
2023-05-10 00:59:01,ag2312P4550,ag2312P4550,37.0,0.0,0.0,0.0,2,5.5,409.5,1,37.0,0.0,0.0,0.0,0.0,0.0,30
2023-05-10 00:59:01,ag2312P4550,ag2312P4550,37.0,0.0,0.0,0.0,2,5.5,409.0,2,37.0,0.0,0.0,0.0,0.0,0.0,30
2023-05-10 00:59:02,ag2312P4550,ag2312P4550,37.0,0.0,0.0,0.0,2,5.5,407.5,1,37.0,0.0,0.0,0.0,0.0,0.0,30
2023-05-10 00:59:02,ag2312P4550,ag2312P4550,37.0,0.0,0.0,0.0,2,5.5,407.5,1,37.0,0.0,0.0,0.0,0.0,0.0,30
2023-05-10 00:59:03,ag2312P4550,ag2312P4550,37.0,0.0,0.0,0.0,2,5.5,407.0,2,37.0,0.0,0.0,0.0,0.0,0.0,30
2023-05-10 00:59:03,ag2312P4550,ag2312P4550,37.0,0.0,0.0,0.0,2,5.5,405.5,1,37.0,0.0,0.0,0.0,0.0,0.0,30
2023-05-10 00:59:04,ag2312P4550,ag2312P4550,37.0,0.0,0.0,0.0,2,5.5,405.5,1,37.0,0.0,0.0,0.0,0.0,0.0,30
2023-05-10 00:59:04,ag2312P4550,ag2312P4550,37.0,0.0,0.0,0.0,2,5.5,405.0,2,37.0,0.0,0.0,0.0,0.0,0.0,30
2023-05-10 00:59:05,ag2312P4550,ag2312P4550,37.0,0.0,0.0,0.0,2,5.5,403.5,1,37.0,0.0,0.0,0.0,0.0,0.0,30
2023-05-10 00:59:05,ag2312P4550,ag2312P4550,37.0,0.0,0.0,0.0,2,5.5,403.5,1,37.0,0.0,0.0,0.0,0.0,0.0,30
2023-05-10 00:59:06,ag2312P4550,ag2312P4550,37.0,0.0,0.0,0.0,2,5.5,403.0,2,37.0,0.0,0.0,0.0,0.0,0.0,30
2023-05-10 00:59:06,ag2312P4550,ag2312P4550,37.0,0.0,0.0,0.0,2,5.5,401.5,1,37.0,0.0,0.0,0.0,0.0,0.0,30
2023-05-10 00:59:07,ag2312P4550,ag2312P4550,37.0,0.0,0.0,0.0,2,5.5,401.5,1,37.0,0.0,0.0,0.0,0.0,0.0,30
2023-05-10 00:59:07,ag2312P4550,ag2312P4550,37.0,0.0,0.0,0.0,2,5.5,401.0,2,37.0,0.0,0.0,0.0,0.0,0.0,30
2023-05-10 00:59:08,ag2312P4550,ag2312P4550,37.0,0.0,0.0,0.0,2,5.5,399.5,1,37.0,0.0,0.0,0.0,0.0,0.0,30
2023-05-10 00:59:08,ag2312P4550,ag2312P4550,37.0,0.0,0.0,0.0,2,5.5,399.5,1,37.0,0.0,0.0,0.0,0.0,0.0,30
2023-05-10 00:59:09,ag2312P4550,ag2312P4550,37.0,0.0,0.0,0.0,2,5.5,399.0,2,37.0,0.0,0.0,0.0,0.0,0.0,30
2023-05-10 00:59:09,ag2312P4550,ag2312P4550,37.0,0.0,0.0,0.0,2,5.5,397.5,1,37.0,0.0,0.0,0.0,0.0,0.0,30
2023-05-10 00:59:10,ag2312P4550,ag2312P4550,37.0,0.0,0.0,0.0,2,5.5,397.5,1,37.0,0.0,0.0,0.0,0.0,0.0,30
2023-05-10 00:59:10,ag2312P4550,ag2312P4550,37.0,0.0,0.0,0.0,2,5.5,397.0,2,37.0,0.0,0.0,0.0,0.0,0.0,30
2023-05-10 00:59:11,ag2312P4550,ag2312P4550,37.0,0.0,0.0,0.0,2,5.5,395.5,1,37.0,0.0,0.0,0.0,0.0,0.0,30
2023-05-10 00:59:11,ag2312P4550,ag2312P4550,37.0,0.0,0.0,0.0,2,5.5,395.5,1,37.0,0.0,0.0,0.0,0.0,0.0,30
2023-05-10 00:59:12,ag2312P4550,ag2312P4550,37.0,0.0,0.0,0.0,2,5.5,395.0,2,37.0,0.0,0.0,0.0,0.0,0.0,30
2023-05-10 00:59:12,ag2312P4550,ag2312P4550,37.0,0.0,0.0,0.0,2,5.5,393.5,1,37.0,0.0,0.0,0.0,0.0,0.0,30
2023-05-10 00:59:13,ag2312P4550,ag2312P4550,37.0,0.0,0.0,0.0,2,5.5,393.5,1,37.0,0.0,0.0,0.0,0.0,0.0,30
2023-05-10 00:59:13,ag2312P4550,ag2312P4550,37.0,0.0,0.0,0.0,2,5.5,393.0,2,37.0,0.0,0.0,0.0,0.0,0.0,30
2023-05-10 00:59:14,ag2312P4550,ag2312P4550,37.0,0.0,0.0,0.0,2,5.5,391.5,1,37.0,0.0,0.0,0.0,0.0,0.0,30
2023-05-10 00:59:14,ag2312P4550,ag2312P4550,37.0,0.0,0.0,0.0,2,5.5,391.5,1,37.0,0.0,0.0,0.0,0.0,0.0,30
2023-05-10 00:59:15,ag2312P4550,ag2312P4550,37.0,0.0,0.0,0.0,2,5.5,391.0,2,37.0,0.0,0.0,0.0,0.0,0.0,30
2023-05-10 00:59:15,ag2312P4550,ag2312P4550,37.0,0.0,0.0,0.0,2,5.5,389.5,1,37.0,0.0,0.0,0.0,0.0,0.0,30
2023-05-10 00:59:16,ag2312P4550,ag2312P4550,37.0,0.0,0.0,0.0,2,5.5,389.5,1,37.0,0.0,0.0,0.0,0.0,0.0,30
2023-05-10 00:59:16,ag2312P4550,ag2312P4550,37.0,0.0,0.0,0.0,2,5.5,389.0,2,37.0,0.0,0.0,0.0,0.0,0.0,30
2023-05-10 00:59:17,ag2312P4550,ag2312P4550,37.0,0.0,0.0,0.0,2,5.5,387.5,1,37.0,0.0,0.0,0.0,0.0,0.0,30
2023-05-10 00:59:17,ag2312P4550,ag2312P4550,37.0,0.0,0.0,0.0,2,5.5,387.5,1,37.0,0.0,0.0,0.0,0.0,0.0,30
2023-05-10 00:59:18,ag2312P4550,ag2312P4550,37.0,0.0,0.0,0.0,2,5.5,387.0,2,37.0,0.0,0.0,0.0,0.0,0.0,30
2023-05-10 00:59:18,ag2312P4550,ag2312P4550,37.0,0.0,0.0,0.0,2,5.5,385.5,1,37.0,0.0,0.0,0.0,0.0,0.0,30
2023-05-10 00:59:19,ag2312P4550,ag2312P4550,37.0,0.0,0.0,0.0,2,5.5,385.5,1,37.0,0.0,0.0,0.0,0.0,0.0,30
2023-05-10 00:59:19,ag2312P4550,ag2312P4550,37.0,0.0,0.0,0.0,2,5.5,385.0,2,37.0,0.0,0.0,0.0,0.0,0.0,30
2023-05-10 00:59:20,ag2312P4550,ag2312P4550,37.0,0.0,0.0,0.0,2,5.5,383.5,1,37.0,0.0,0.0,0.0,0.0,0.0,30
2023-05-10 00:59:20,ag2312P4550,ag2312P4550,37.0,0.0,0.0,0.0,2,5.5,383.5,1,37.0,0.0,0.0,0.0,0.0,0.0,30
2023-05-10 00:59:21,ag2312P4550,ag2312P4550,37.0,0.0,0.0,0.0,2,5.5,383.0,2,37.0,0.0,0.0,0.0,0.0,0.0,30
2023-05-10 00:59:21,ag2312P4550,ag2312P4550,37.0,0.0,0.0,0.0,2,5.5,381.5,1,37.0,0.0,0.0,0.0,0.0,0.0,30
2023-05-10 00:59:22,ag2312P4550,ag2312P4550,37.0,0.0,0.0,0.0,2,5.5,381.5,1,37.0,0.0,0.0,0.0,0.0,0.0,30
2023-05-10 00:59:22,ag2312P4550,ag2312P4550,37.0,0.0,0.0,0.0,2,5.5,381.0,2,37.0,0.0,0.0,0.0,0.0,0.0,30
2023-05-10 00:59:23,ag2312P4550,ag2312P4550,37.0,0.0,0.0,0.0,2,5.5,379.5,1,37.0,0.0,0.0,0.0,0.0,0.0,30
2023-05-10 00:59:23,ag2312P4550,ag2312P4550,37.0,0.0,0.0,0.0,2,5.5,379.5,1,37.0,0.0,0.0,0.0,0.0,0.0,30
2023-05-10 00:59:24,ag2312P4550,ag2312P4550,37.0,0.0,0.0,0.0,2,5.5,379.0,2,37.0,0.0,0.0,0.0,0.0,0.0,30
2023-05-10 00:59:24,ag2312P4550,ag2312P4550,37.0,0.0,0.0,0.0,2,5.5,377.5,1,37.0,0.0,0.0,0.0,0.0,0.0,30
2023-05-10 00:59:25,ag2312P4550,ag2312P4550,37.0,0.0,0.0,0.0,2,5.5,377.5,1,37.0,0.0,0.0,0.0,0.0,0.0,30
2023-05-10 00:59:25,ag2312P4550,ag2312P4550,37.0,0.0,0.0,0.0,2,5.5,377.0,2,37.0,0.0,0.0,0.0,0.0,0.0,30
2023-05-10 00:59:26,ag2312P4550,ag2312P4550,37.0,0.0,0.0,0.0,2,5.5,375.5,1,37.0,0.0,0.0,0.0,0.0,0.0,30
2023-05-10 00:59:26,ag2312P4550,ag2312P4550,37.0,0.0,0.0,0.0,2,5.5,375.5,1,37.0,0.0,0.0,0.0,0.0,0.0,30
2023-05-10 00:59:27,ag2312P4550,ag2312P4550,37.0,0.0,0.0,0.0,2,5.5,375.0,2,37.0,0.0,0.0,0.0,0.0,0.0,30
2023-05-10 00:59:27,ag2312P4550,ag2312P4550,37.0,0.0,0.0,0.0,2,5.5,373.5,1,37.0,0.0,0.0,0.0,0.0,0.0,30
2023-05-10 00:59:28,ag2312P4550,ag2312P4550,37.0,0.0,0.0,0.0,2,5.5,373.5,1,37.0,0.0,0.0,0.0,0.0,0.0,30
2023-05-10 00:59:28,ag2312P4550,ag2312P4550,37.0,0.0,0.0,0.0,2,5.5,373.0,2,37.0,0.0,0.0,0.0,0.0,0.0,30
2023-05-10 00:59:29,ag2312P4550,ag2312P4550,37.0,0.0,0.0,0.0,2,5.5,371.5,1,37.0,0.0,0.0,0.0,0.0,0.0,30
2023-05-10 00:59:29,ag2312P4550,ag2312P4550,37.0,0.0,0.0,0.0,2,5.5,371.5,1,37.0,0.0,0.0,0.0,0.0,0.0,30
2023-05-10 00:59:30,ag2312P4550,ag2312P4550,37.0,0.0,0.0,0.0,2,5.5,371.0,2,37.0,0.0,0.0,0.0,0.0,0.0,30
2023-05-10 00:59:30,ag2312P4550,ag2312P4550,37.0,0.0,0.0,0.0,2,5.5,369.5,1,37.0,0.0,0.0,0.0,0.0,0.0,30
2023-05-10 00:59:31,ag2312P4550,ag2312P4550,37.0,0.0,0.0,0.0,2,5.5,369.5,1,37.0,0.0,0.0,0.0,0.0,0.0,30
2023-05-10 00:59:31,ag2312P4550,ag2312P4550,37.0,0.0,0.0,0.0,2,5.5,369.0,2,37.0,0.0,0.0,0.0,0.0,0.0,30
2023-05-10 00:59:32,ag2312P4550,ag2312P4550,37.0,0.0,0.0,0.0,2,5.5,367.5,1,37.0,0.0,0.0,0.0,0.0,0.0,30
2023-05-10 00:59:32,ag2312P4550,ag2312P4550,37.0,0.0,0.0,0.0,2,5.5,367.5,1,37.0,0.0,0.0,0.0,0.0,0.0,30
2023-05-10 00:59:33,ag2312P4550,ag2312P4550,37.0,0.0,0.0,0.0,2,5.5,367.0,2,37.0,0.0,0.0,0.0,0.0,0.0,30
2023-05-10 00:59:33,ag2312P4550,ag2312P4550,37.0,0.0,0.0,0.0,2,5.5,365.5,1,37.0,0.0,0.0,0.0,0.0,0.0,30
2023-05-10 00:59:34,ag2312P4550,ag2312P4550,37.0,0.0,0.0,0.0,2,5.5,365.5,1,37.0,0.0,0.0,0.0,0.0,0.0,30
2023-05-10 00:59:34,ag2312P4550,ag2312P4550,37.0,0.0,0.0,0.0,2,5.5,365.0,2,37.0,0.0,0.0,0.0,0.0,0.0,30
2023-05-10 00:59:35,ag2312P4550,ag2312P4550,37.0,0.0,0.0,0.0,2,5.5,363.5,1,37.0,0.0,0.0,0.0,0.0,0.0,30
2023-05-10 00:59:35,ag2312P4550,ag2312P4550,37.0,0.0,0.0,0.0,2,5.5,363.5,1,37.0,0.0,0.0,0.0,0.0,0.0,30
2023-05-10 00:59:36,ag2312P4550,ag2312P4550,37.0,0.0,0.0,0.0,2,5.5,363.0,2,37.0,0.0,0.0,0.0,0.0,0.0,30
2023-05-10 00:59:36,ag2312P4550,ag2312P4550,37.0,0.0,0.0,0.0,2,5.5,361.5,1,37.0,0.0,0.0,0.0,0.0,0.0,30
2023-05-10 00:59:37,ag2312P4550,ag2312P4550,37.0,0.0,0.0,0.0,2,5.5,361.5,1,37.0,0.0,0.0,0.0,0.0,0.0,30
2023-05-10 00:59:37,ag2312P4550,ag2312P4550,37.0,0.0,0.0,0.0,2,5.5,361.0,2,37.0,0.0,0.0,0.0,0.0,0.0,30
2023-05-10 00:59:38,ag2312P4550,ag2312P4550,37.0,0.0,0.0,0.0,2,5.5,359.5,1,37.0,0.0,0.0,0.0,0.0,0.0,30
2023-05-10 00:59:38,ag2312P4550,ag2312P4550,37.0,0.0,0.0,0.0,2,5.5,359.5,1,37.0,0.0,0.0,0.0,0.0,0.0,30
2023-05-10 00:59:39,ag2312P4550,ag2312P4550,37.0,0.0,0.0,0.0,2,5.5,359.0,2,37.0,0.0,0.0,0.0,0.0,0.0,30
2023-05-10 00:59:39,ag2312P4550,ag2312P4550,37.0,0.0,0.0,0.0,2,5.5,357.5,1,37.0,0.0,0.0,0.0,0.0,0.0,30
2023-05-10 00:59:40,ag2312P4550,ag2312P4550,37.0,0.0,0.0,0.0,2,5.5,357.5,1,37.0,0.0,0.0,0.0,0.0,0.0,30
2023-05-10 00:59:40,ag2312P4550,ag2312P4550,37.0,0.0,0.0,0.0,2,5.5,357.0,2,37.0,0.0,0.0,0.0,0.0,0.0,30
2023-05-10 00:59:41,ag2312P4550,ag2312P4550,37.0,0.0,0.0,0.0,2,5.5,355.5,1,37.0,0.0,0.0,0.0,0.0,0.0,30
2023-05-10 00:59:41,ag2312P4550,ag2312P4550,37.0,0.0,0.0,0.0,2,5.5,355.5,1,37.0,0.0,0.0,0.0,0.0,0.0,30
2023-05-10 00:59:42,ag2312P4550,ag2312P4550,37.0,0.0,0.0,0.0,2,5.5,355.0,2,37.0,0.0,0.0,0.0,0.0,0.0,30
2023-05-10 00:59:42,ag2312P4550,ag2312P4550,37.0,0.0,0.0,0.0,2,5.5,353.5,1,37.0,0.0,0.0,0.0,0.0,0.0,30
2023-05-10 00:59:43,ag2312P4550,ag2312P4550,37.0,0.0,0.0,0.0,2,5.5,353.5,1,37.0,0.0,0.0,0.0,0.0,0.0,30
2023-05-10 00:59:43,ag2312P4550,ag2312P4550,37.0,0.0,0.0,0.0,2,5.5,353.0,2,37.0,0.0,0.0,0.0,0.0,0.0,30
2023-05-10 00:59:44,ag2312P4550,ag2312P4550,37.0,0.0,0.0,0.0,2,5.5,351.5,1,37.0,0.0,0.0,0.0,0.0,0.0,30
2023-05-10 00:59:44,ag2312P4550,ag2312P4550,37.0,0.0,0.0,0.0,2,5.5,351.5,1,37.0,0.0,0.0,0.0,0.0,0.0,30
2023-05-10 00:59:45,ag2312P4550,ag2312P4550,37.0,0.0,0.0,0.0,2,5.5,351.0,2,37.0,0.0,0.0,0.0,0.0,0.0,30
2023-05-10 00:59:45,ag2312P4550,ag2312P4550,37.0,0.0,0.0,0.0,2,5.5,349.5,1,37.0,0.0,0.0,0.0,0.0,0.0,30
2023-05-10 00:59:46,ag2312P4550,ag2312P4550,37.0,0.0,0.0,0.0,2,5.5,349.5,1,37.0,0.0,0.0,0.0,0.0,0.0,30
2023-05-10 00:59:46,ag2312P4550,ag2312P4550,37.0,0.0,0.0,0.0,2,5.5,349.0,2,37.0,0.0,0.0,0.0,0.0,0.0,30
2023-05-10 00:59:47,ag2312P4550,ag2312P4550,37.0,0.0,0.0,0.0,2,5.5,347.5,1,37.0,0.0,0.0,0.0,0.0,0.0,30
2023-05-10 00:59:47,ag2312P4550,ag2312P4550,37.0,0.0,0.0,0.0,2,5.5,347.5,1,37.0,0.0,0.0,0.0,0.0,0.0,30
2023-05-10 00:59:48,ag2312P4550,ag2312P4550,37.0,0.0,0.0,0.0,2,5.5,347.0,2,37.0,0.0,0.0,0.0,0.0,0.0,30
2023-05-10 00:59:48,ag2312P4550,ag2312P4550,37.0,0.0,0.0,0.0,2,5.5,345.5,1,37.0,0.0,0.0,0.0,0.0,0.0,30
2023-05-10 00:59:49,ag2312P4550,ag2312P4550,37.0,0.0,0.0,0.0,2,5.5,345.5,1,37.0,0.0,0.0,0.0,0.0,0.0,30
2023-05-10 00:59:49,ag2312P4550,ag2312P4550,37.0,0.0,0.0,0.0,2,5.5,345.0,2,37.0,0.0,0.0,0.0,0.0,0.0,30
2023-05-10 00:59:50,ag2312P4550,ag2312P4550,37.0,0.0,0.0,0.0,2,5.5,343.5,1,37.0,0.0,0.0,0.0,0.0,0.0,30
2023-05-10 00:59:50,ag2312P4550,ag2312P4550,37.0,0.0,0.0,0.0,2,5.5,343.5,1,37.0,0.0,0.0,0.0,0.0,0.0,30
2023-05-10 00:59:51,ag2312P4550,ag2312P4550,37.0,0.0,0.0,0.0,2,5.5,343.0,2,37.0,0.0,0.0,0.0,0.0,0.0,30
2023-05-10 00:59:51,ag2312P4550,ag2312P4550,37.0,0.0,0.0,0.0,2,5.5,341.5,1,37.0,0.0,0.0,0.0,0.0,0.0,30
2023-05-10 00:59:52,ag2312P4550,ag2312P4550,37.0,0.0,0.0,0.0,2,5.5,341.5,1,37.0,0.0,0.0,0.0,0.0,0.0,30
2023-05-10 00:59:52,ag2312P4550,ag2312P4550,37.0,0.0,0.0,0.0,2,5.5,341.0,2,37.0,0.0,0.0,0.0,0.0,0.0,30
2023-05-10 00:59:53,ag2312P4550,ag2312P4550,37.0,0.0,0.0,0.0,2,5.5,339.5,1,37.0,0.0,0.0,0.0,0.0,0.0,30
2023-05-10 00:59:53,ag2312P4550,ag2312P4550,37.0,0.0,0.0,0.0,2,5.5,339.5,1,37.0,0.0,0.0,0.0,0.0,0.0,30
2023-05-10 00:59:54,ag2312P4550,ag2312P4550,37.0,0.0,0.0,0.0,2,5.5,339.0,2,37.0,0.0,0.0,0.0,0.0,0.0,30
2023-05-10 00:59:54,ag2312P4550,ag2312P4550,37.0,0.0,0.0,0.0,2,5.5,337.5,1,37.0,0.0,0.0,0.0,0.0,0.0,30
2023-05-10 00:59:55,ag2312P4550,ag2312P4550,37.0,0.0,0.0,0.0,2,5.5,337.5,1,37.0,0.0,0.0,0.0,0.0,0.0,30
2023-05-10 00:59:55,ag2312P4550,ag2312P4550,37.0,0.0,0.0,0.0,2,5.5,337.0,2,37.0,0.0,0.0,0.0,0.0,0.0,30
2023-05-10 00:59:56,ag2312P4550,ag2312P4550,37.0,0.0,0.0,0.0,2,5.5,335.5,1,37.0,0.0,0.0,0.0,0.0,0.0,30
2023-05-10 00:59:56,ag2312P4550,ag2312P4550,37.0,0.0,0.0,0.0,2,5.5,335.5,1,37.0,0.0,0.0,0.0,0.0,0.0,30
2023-05-10 00:59:57,ag2312P4550,ag2312P4550,37.0,0.0,0.0,0.0,2,5.5,335.0,2,37.0,0.0,0.0,0.0,0.0,0.0,30
2023-05-10 00:59:57,ag2312P4550,ag2312P4550,37.0,0.0,0.0,0.0,2,5.5,333.5,1,37.0,0.0,0.0,0.0,0.0,0.0,30
2023-05-10 00:59:58,ag2312P4550,ag2312P4550,37.0,0.0,0.0,0.0,2,5.5,333.5,1,37.0,0.0,0.0,0.0,0.0,0.0,30
2023-05-10 00:59:58,ag2312P4550,ag2312P4550,37.0,0.0,0.0,0.0,2,5.5,333.0,2,37.0,0.0,0.0,0.0,0.0,0.0,30
2023-05-10 00:59:59,ag2312P4550,ag2312P4550,37.0,0.0,0.0,0.0,2,5.5,331.5,1,37.0,0.0,0.0,0.0,0.0,0.0,30
2023-05-10 00:59:59,ag2312P4550,ag2312P4550,37.0,0.0,0.0,0.0,2,5.5,331.5,1,37.0,0.0,0.0,0.0,0.0,0.0,30
2023-05-10 01:00:00,ag2312P4550,ag2312P4550,37.0,0.0,0.0,0.0,2,5.5,331.0,2,37.0,0.0,0.0,0.0,0.0,0.0,30
2023-05-10 01:00:00,ag2312P4550,ag2312P4550,37.0,0.0,0.0,0.0,2,5.5,329.5,1,37.0,0.0,0.0,0.0,0.0,0.0,30
2023-05-10 01:00:01,ag2312P4550,ag2312P4550,37.0,0.0,0.0,0.0,2,5.5,329.5,1,37.0,0.0,0.0,0.0,0.0,0.0,30
2023-05-10 01:00:01,ag2312P4550,ag2312P4550,37.0,0.0,0.0,0.0,2,5.5,329.0,2,37.0,0.0,0.0,0.0,0.0,0.0,30
2023-05-10 01:00:02,ag2312P4550,ag2312P4550,37.0,0.0,0.0,0.0,2,5.5,327.5,1,37.0,0.0,0.0,0.0,0.0,0.0,30
2023-05-10 01:00:02,ag2312P4550,ag2312P4550,37.0,0.0,0.0,0.0,2,5.5,327.5,1,37.0,0.0,0.0,0.0,0.0,0.0,30
2023-05-10 01:00:03,ag2312P4550,ag2312P4550,37.0,0.0,0.0,0.0,2,5.5,327.0,2,37.0,0.0,0.0,0.0,0.0,0.0,30
2023-05-10 01:00:03,ag2312P4550,ag2312P4550,37.0,0.0,0.0,0.0,2,5.5,325.5,1,37.0,0.0,0.0,0.0,0.0,0.0,30
2023-05-10 01:00:04,ag2312P4550,ag2312P4550,37.0,0.0,0.0,0.0,2,5.5,325.5,1,37.0,0.0,0.0,0.0,0.0,0.0,30
2023-05-10 01:00:04,ag2312P4550,ag2312P4550,37.0,0.0,0.0,0.0,2,5.5,325.0,2,37.0,0.0,0.0,0.0,0.0,0.0,30
2023-05-10 01:00:05,ag2312P4550,ag2312P4550,37.0,0.0,0.0,0.0,2,5.5,323.5,1,37.0,0.0,0.0,0.0,0.0,0.0,30
2023-05-10 01:00:05,ag2312P4550,ag2312P4550,37.0,0.0,0.0,0.0,2,5.5,323.5,1,37.0,0.0,0.0,0.0,0.0,0.0,30
2023-05-10 01:00:06,ag2312P4550,ag2312P4550,37.0,0.0,0.0,0.0,2,5.5,323.0,2,37.0,0.0,0.0,0.0,0.0,0.0,30
2023-05-10 01:00:06,ag2312P4550,ag2312P4550,37.0,0.0,0.0,0.0,2,5.5,321.5,1,37.0,0.0,0.0,0.0,0.0,0.0,30
2023-05-10 01:00:07,ag2312P4550,ag2312P4550,37.0,0.0,0.0,0.0,2,5.5,321.5,1,37.0,0.0,0.0,0.0,0.0,0.0,30
2023-05-10 01:00:07,ag2312P4550,ag2312P4550,37.0,0.0,0.0,0.0,2,5.5,321.0,2,37.0,0.0,0.0,0.0,0.0,0.0,30
2023-05-10 01:00:08,ag2312P4550,ag2312P4550,37.0,0.0,0.0,0.0,2,5.5,319.5,1,37.0,0.0,0.0,0.0,0.0,0.0,30
2023-05-10 01:00:08,ag2312P4550,ag2312P4550,37.0,0.0,0.0,0.0,2,5.5,319.5,1,37.0,0.0,0.0,0.0,0.0,0.0,30
2023-05-10 01:00:09,ag2312P4550,ag2312P4550,37.0,0.0,0.0,0.0,2,5.5,319.0,2,37.0,0.0,0.0,0.0,0.0,0.0,30
2023-05-10 01:00:09,ag2312P4550,ag2312P4550,37.0,0.0,0.0,0.0,2,5.5,317.5,1,37.0,0.0,0.0,0.0,0.0,0.0,30
2023-05-10 01:00:10,ag2312P4550,ag2312P4550,37.0,0.0,0.0,0.0,2,5.5,317.5,1,37.0,0.0,0.0,0.0,0.0,0.0,30
2023-05-10 01:00:10,ag2312P4550,ag2312P4550,37.0,0.0,0.0,0.0,2,5.5,317.0,2,37.0,0.0,0.0,0.0,0.0,0.0,30
2023-05-10 01:00:11,ag2312P4550,ag2312P4550,37.0,0.0,0.0,0.0,2,5.5,315.5,1,37.0,0.0,0.0,0.0,0.0,0.0,30
2023-05-10 01:00:11,ag2312P4550,ag2312P4550,37.0,0.0,0.0,0.0,2,5.5,315.5,1,37.0,0.0,0.0,0.0,0.0,0.0,30
2023-05-10 01:00:12,ag2312P4550,ag2312P4550,37.0,0.0,0.0,0.0,2,5.5,315.0,2,37.0,0.0,0.0,0.0,0.0,0.0,30
2023-05-10 01:00:12,ag2312P4550,ag2312P4550,37.0,0.0,0.0,0.0,2,5.5,313.5,1,37.0,0.0,0.0,0.0,0.0,0.0,30
2023-05-10 01:00:13,ag2312P4550,ag2312P4550,37.0,0.0,0.0,0.0,2,5.5,313.5,1,37.0,0.0,0.0,0.0,0.0,0.0,30
2023-05-10 01:00:13,ag2312P4550,ag2312P4550,37.0,0.0,0.0,0.0,2,5.5,313.0,2,37.0,0.0,0.0,0.0,0.0,0.0,30
2023-05-10 01:00:14,ag2312P4550,ag2312P4550,37.0,0.0,0.0,0.0,2,5.5,311.5,1,37.0,0.0,0.0,0.0,0.0,0.0,30
2023-05-10 01:00:14,ag2312P4550,ag2312P4550,37.0,0.0,0.0,0.0,2,5.5,311.5,1,37.0,0.0,0.0,0.0,0.0,0.0,30
2023-05-10 01:00:15,ag2312P4550,ag2312P4550,37.0,0.0,0.0,0.0,2,5.5,311.0,2,37.0,0.0,0.0,0.0,0.0,0.0,30
2023-05-10 01:00:15,ag2312P4550,ag2312P4550,37.0,0.0,0.0,0.0,2,5.5,309.5,1,37.0,0.0,0.0,0.0,0.0,0.0,30
2023-05-10 01:00:16,ag2312P4550,ag2312P4550,37.0,0.0,0.0,0.0,2,5.5,309.5,1,37.0,0.0,0.0,0.0,0.0,0.0,30
2023-05-10 01:00:16,ag2312P4550,ag2312P4550,37.0,0.0,0.0,0.0,2,5.5,309.0,2,37.0,0.0,0.0,0.0,0.0,0.0,30
2023-05-10 01:00:17,ag2312P4550,ag2312P4550,37.0,0.0,0.0,0.0,2,5.5,307.5,1,37.0,0.0,0.0,0.0,0.0,0.0,30
2023-05-10 01:00:17,ag2312P4550,ag2312P4550,37.0,0.0,0.0,0.0,2,5.5,307.5,1,37.0,0.0,0.0,0.0,0.0,0.0,30
2023-05-10 01:00:18,ag2312P4550,ag2312P4550,37.0,0.0,0.0,0.0,2,5.5,307.0,2,37.0,0.0,0.0,0.0,0.0,0.0,30
2023-05-10 01:00:18,ag2312P4550,ag2312P4550,37.0,0.0,0.0,0.0,2,5.5,305.5,1,37.0,0.0,0.0,0.0,0.0,0.0,30
2023-05-10 01:00:19,ag2312P4550,ag2312P4550,37.0,0.0,0.0,0.0,2,5.5,305.5,1,37.0,0.0,0.0,0.0,0.0,0.0,30
2023-05-10 01:00:19,ag2312P4550,ag2312P4550,37.0,0.0,0.0,0.0,2,5.5,305.0,2,37.0,0.0,0.0,0.0,0.0,0.0,30
2023-05-10 01:00:20,ag2312P4550,ag2312P4550,37.0,0.0,0.0,0.0,2,5.5,303.5,1,37.0,0.0,0.0,0.0,0.0,0.0,30
2023-05-10 01:00:20,ag2312P4550,ag2312P4550,37.0,0.0,0.0,0.0,2,5.5,303.5,1,37.0,0.0,0.0,0.0,0.0,0.0,30
2023-05-10 01:00:21,ag2312P4550,ag2312P4550,37.0,0.0,0.0,0.0,2,5.5,303.0,2,37.0,0.0,0.0,0.0,0.0,0.0,30
2023-05-10 01:00:21,ag2312P4550,ag2312P4550,37.0,0.0,0.0,0.0,2,5.5,301.5,1,37.0,0.0,0.0,0.0,0.0,0.0,30
2023-05-10 01:00:22,ag2312P4550,ag2312P4550,37.0,0.0,0.0,0.0,2,5.5,301.5,1,37.0,0.0,0.0,0.0,0.0,0.0,30
2023-05-10 01:00:22,ag2312P4550,ag2312P4550,37.0,0.0,0.0,0.0,2,5.5,301.0,2,37.0,0.0,0.0,0.0,0.0,0.0,30
2023-05-10 01:00:23,ag2312P4550,ag2312P4550,37.0,0.0,0.0,0.0,2,5.5,299.5,1,37.0,0.0,0.0,0.0,0.0,0.0,30
2023-05-10 01:00:23,ag2312P4550,ag2312P4550,37.0,0.0,0.0,0.0,2,5.5,299.5,1,37.0,0.0,0.0,0.0,0.0,0.0,30
2023-05-10 01:00:24,ag2312P4550,ag2312P4550,37.0,0.0,0.0,0.0,2,5.5,299.0,2,37.0,0.0,0.0,0.0,0.0,0.0,30
2023-05-10 01:00:24,ag2312P4550,ag2312P4550,37.0,0.0,0.0,0.0,2,5.5,297.5,1,37.0,0.0,0.0,0.0,0.0,0.0,30
2023-05-10 01:00:25,ag2312P4550,ag2312P4550,37.0,0.0,0.0,0.0,2,5.5,297.5,1,37.0,0.0,0.0,0.0,0.0,0.0,30
2023-05-10 01:00:25,ag2312P4550,ag2312P4550,37.0,0.0,0.0,0.0,2,5.5,297.0,2,37.0,0.0,0.0,0.0,0.0,0.0,30
2023-05-10 01:00:26,ag2312P4550,ag2312P4550,37.0,0.0,0.0,0.0,2,5.5,295.5,1,37.0,0.0,0.0,0.0,0.0,0.0,30
2023-05-10 01:00:26,ag2312P4550,ag2312P4550,37.0,0.0,0.0,0.0,2,5.5,295.5,1,37.0,0.0,0.0,0.0,0.0,0.0,30
2023-05-10 01:00:27,ag2312P4550,ag2312P4550,37.0,0.0,0.0,0.0,2,5.5,295.0,2,37.0,0.0,0.0,0.0,0.0,0.0,30
2023-05-10 01:00:27,ag2312P4550,ag2312P4550,37.0,0.0,0.0,0.0,2,5.5,293.5,1,37.0,0.0,0.0,0.0,0.0,0.0,30
2023-05-10 01:00:28,ag2312P4550,ag2312P4550,37.0,0.0,0.0,0.0,2,5.5,293.5,1,37.0,0.0,0.0,0.0,0.0,0.0,30
2023-05-10 01:00:28,ag2312P4550,ag2312P4550,37.0,0.0,0.0,0.0,2,5.5,293.0,2,37.0,0.0,0.0,0.0,0.0,0.0,30
2023-05-10 01:00:29,ag2312P4550,ag2312P4550,37.0,0.0,0.0,0.0,2,5.5,291.5,1,37.0,0.0,0.0,0.0,0.0,0.0,30
2023-05-10 01:00:29,ag2312P4550,ag2312P4550,37.0,0.0,0.0,0.0,2,5.5,291.5,1,37.0,0.0,0.0,0.0,0.0,0.0,30
2023-05-10 01:00:30,ag2312P4550,ag2312P4550,37.0,0.0,0.0,0.0,2,5.5,291.0,2,37.0,0.0,0.0,0.0,0.0,0.0,30
2023-05-10 01:00:30,ag2312P4550,ag2312P4550,37.0,0.0,0.0,0.0,2,5.5,289.5,1,37.0,0.0,0.0,0.0,0.0,0.0,30
2023-05-10 01:00:31,ag2312P4550,ag2312P4550,37.0,0.0,0.0,0.0,2,5.5,289.5,1,37.0,0.0,0.0,0.0,0.0,0.0,30
2023-05-10 01:00:31,ag2312P4550,ag2312P4550,37.0,0.0,0.0,0.0,2,5.5,289.0,2,37.0,0.0,0.0,0.0,0.0,0.0,30
2023-05-10 01:00:32,ag2312P4550,ag2312P4550,37.0,0.0,0.0,0.0,2,5.5,287.5,1,37.0,0.0,0.0,0.0,0.0,0.0,30
2023-05-10 01:00:32,ag2312P4550,ag2312P4550,37.0,0.0,0.0,0.0,2,5.5,287.5,1,37.0,0.0,0.0,0.0,0.0,0.0,30
2023-05-10 01:00:33,ag2312P4550,ag2312P4550,37.0,0.0,0.0,0.0,2,5.5,287.0,2,37.0,0.0,0.0,0.0,0.0,0.0,30
2023-05-10 01:00:33,ag2312P4550,ag2312P4550,37.0,0.0,0.0,0.0,2,5.5,285.5,1,37.0,0.0,0.0,0.0,0.0,0.0,30
2023-05-10 01:00:34,ag2312P4550,ag2312P4550,37.0,0.0,0.0,0.0,2,5.5,285.5,1,37.0,0.0,0.0,0.0,0.0,0.0,30
2023-05-10 01:00:34,ag2312P4550,ag2312P4550,37.0,0.0,0.0,0.0,2,5.5,285.0,2,37.0,0.0,0.0,0.0,0.0,0.0,30
2023-05-10 01:00:35,ag2312P4550,ag2312P4550,37.0,0.0,0.0,0.0,2,5.5,283.5,1,37.0,0.0,0.0,0.0,0.0,0.0,30
2023-05-10 01:00:35,ag2312P4550,ag2312P4550,37.0,0.0,0.0,0.0,2,5.5,283.5,1,37.0,0.0,0.0,0.0,0.0,0.0,30
2023-05-10 01:00:36,ag2312P4550,ag2312P4550,37.0,0.0,0.0,0.0,2,5.5,283.0,2,37.0,0.0,0.0,0.0,0.0,0.0,30
2023-05-10 01:00:36,ag2312P4550,ag2312P4550,37.0,0.0,0.0,0.0,2,5.5,281.5,1,37.0,0.0,0.0,0.0,0.0,0.0,30
2023-05-10 01:00:37,ag2312P4550,ag2312P4550,37.0,0.0,0.0,0.0,2,5.5,281.5,1,37.0,0.0,0.0,0.0,0.0,0.0,30
2023-05-10 01:00:37,ag2312P4550,ag2312P4550,37.0,0.0,0.0,0.0,2,5.5,281.0,2,37.0,0.0,0.0,0.0,0.0,0.0,30
2023-05-10 01:00:38,ag2312P4550,ag2312P4550,37.0,0.0,0.0,0.0,2,5.5,279.5,1,37.0,0.0,0.0,0.0,0.0,0.0,30
2023-05-10 01:00:38,ag2312P4550,ag2312P4550,37.0,0.0,0.0,0.0,2,5.5,279.5,1,37.0,0.0,0.0,0.0,0.0,0.0,30
2023-05-10 01:00:39,ag2312P4550,ag2312P4550,37.0,0.0,0.0,0.0,2,5.5,279.0,2,37.0,0.0,0.0,0.0,0.0,0.0,30
2023-05-10 01:00:39,ag2312P4550,ag2312P4550,37.0,0.0,0.0,0.0,2,5.5,277.5,1,37.0,0.0,0.0,0.0,0.0,0.0,30
2023-05-10 01:00:40,ag2312P4550,ag2312P4550,37.0,0.0,0.0,0.0,2,5.5,277.5,1,37.0,0.0,0.0,0.0,0.0,0.0,30
2023-05-10 01:00:40,ag2312P4550,ag2312P4550,37.0,0.0,0.0,0.0,2,5.5,277.0,2,37.0,0.0,0.0,0.0,0.0,0.0,30
2023-05-10 01:00:41,ag2312P4550,ag2312P4550,37.0,0.0,0.0,0.0,2,5.5,275.5,1,37.0,0.0,0.0,0.0,0.0,0.0,30
2023-05-10 01:00:41,ag2312P4550,ag2312P4550,37.0,0.0,0.0,0.0,2,5.5,275.5,1,37.0,0.0,0.0,0.0,0.0,0.0,30
2023-05-10 01:00:42,ag2312P4550,ag2312P4550,37.0,0.0,0.0,0.0,2,5.5,275.0,2,37.0,0.0,0.0,0.0,0.0,0.0,30
2023-05-10 01:00:42,ag2312P4550,ag2312P4550,37.0,0.0,0.0,0.0,2,5.5,273.5,1,37.0,0.0,0.0,0.0,0.0,0.0,30
2023-05-10 01:00:43,ag2312P4550,ag2312P4550,37.0,0.0,0.0,0.0,2,5.5,273.5,1,37.0,0.0,0.0,0.0,0.0,0.0,30
2023-05-10 01:00:43,ag2312P4550,ag2312P4550,37.0,0.0,0.0,0.0,2,5.5,273.0,2,37.0,0.0,0.0,0.0,0.0,0.0,30
2023-05-10 01:00:44,ag2312P4550,ag2312P4550,37.0,0.0,0.0,0.0,2,5.5,271.5,1,37.0,0.0,0.0,0.0,0.0,0.0,30
2023-05-10 01:00:44,ag2312P4550,ag2312P4550,37.0,0.0,0.0,0.0,2,5.5,271.5,1,37.0,0.0,0.0,0.0,0.0,0.0,30
2023-05-10 01:00:45,ag2312P4550,ag2312P4550,37.0,0.0,0.0,0.0,2,5.5,271.0,2,37.0,0.0,0.0,0.0,0.0,0.0,30
2023-05-10 01:00:45,ag2312P4550,ag2312P4550,37.0,0.0,0.0,0.0,2,5.5,269.5,1,37.0,0.0,0.0,0.0,0.0,0.0,30
2023-05-10 01:00:46,ag2312P4550,ag2312P4550,37.0,0.0,0.0,0.0,2,5.5,269.5,1,37.0,0.0,0.0,0.0,0.0,0.0,30
2023-05-10 01:00:46,ag2312P4550,ag2312P4550,37.0,0.0,0.0,0.0,2,5.5,269.0,2,37.0,0.0,0.0,0.0,0.0,0.0,30
2023-05-10 01:00:47,ag2312P4550,ag2312P4550,37.0,0.0,0.0,0.0,2,5.5,267.5,1,37.0,0.0,0.0,0.0,0.0,0.0,30
2023-05-10 01:00:47,ag2312P4550,ag2312P4550,37.0,0.0,0.0,0.0,2,5.5,267.5,1,37.0,0.0,0.0,0.0,0.0,0.0,30
2023-05-10 01:00:48,ag2312P4550,ag2312P4550,37.0,0.0,0.0,0.0,2,5.5,267.0,2,37.0,0.0,0.0,0.0,0.0,0.0,30
2023-05-10 01:00:48,ag2312P4550,ag2312P4550,37.0,0.0,0.0,0.0,2,5.5,265.5,1,37.0,0.0,0.0,0.0,0.0,0.0,30
2023-05-10 01:00:49,ag2312P4550,ag2312P4550,37.0,0.0,0.0,0.0,2,5.5,265.5,1,37.0,0.0,0.0,0.0,0.0,0.0,30
2023-05-10 01:00:49,ag2312P4550,ag2312P4550,37.0,0.0,0.0,0.0,2,5.5,265.0,2,37.0,0.0,0.0,0.0,0.0,0.0,30
2023-05-10 01:00:50,ag2312P4550,ag2312P4550,37.0,0.0,0.0,0.0,2,5.5,263.5,1,37.0,0.0,0.0,0.0,0.0,0.0,30
2023-05-10 01:00:50,ag2312P4550,ag2312P4550,37.0,0.0,0.0,0.0,2,5.5,263.5,1,37.0,0.0,0.0,0.0,0.0,0.0,30
2023-05-10 01:00:51,ag2312P4550,ag2312P4550,37.0,0.0,0.0,0.0,2,5.5,263.0,2,37.0,0.0,0.0,0.0,0.0,0.0,30
2023-05-10 01:00:51,ag2312P4550,ag2312P4550,37.0,0.0,0.0,0.0,2,5.5,261.5,1,37.0,0.0,0.0,0.0,0.0,0.0,30
2023-05-10 01:00:52,ag2312P4550,ag2312P4550,37.0,0.0,0.0,0.0,2,5.5,261.5,1,37.0,0.0,0.0,0.0,0.0,0.0,30
2023-05-10 01:00:52,ag2312P4550,ag2312P4550,37.0,0.0,0.0,0.0,2,5.5,261.0,2,37.0,0.0,0.0,0.0,0.0,0.0,30
2023-05-10 01:00:53,ag2312P4550,ag2312P4550,37.0,0.0,0.0,0.0,2,5.5,259.5,1,37.0,0.0,0.0,0.0,0.0,0.0,30
2023-05-10 01:00:53,ag2312P4550,ag2312P4550,37.0,0.0,0.0,0.0,2,5.5,259.5,1,37.0,0.0,0.0,0.0,0.0,0.0,30
2023-05-10 01:00:54,ag2312P4550,ag2312P4550,37.0,0.0,0.0,0.0,2,5.5,259.0,2,37.0,0.0,0.0,0.0,0.0,0.0,30
2023-05-10 01:00:54,ag2312P4550,ag2312P4550,37.0,0.0,0.0,0.0,2,5.5,257.5,1,37.0,0.0,0.0,0.0,0.0,0.0,30
2023-05-10 01:00:55,ag2312P4550,ag2312P4550,37.0,0.0,0.0,0.0,2,5.5,257.5,1,37.0,0.0,0.0,0.0,0.0,0.0,30
2023-05-10 01:00:55,ag2312P4550,ag2312P4550,37.0,0.0,0.0,0.0,2,5.5,257.0,2,37.0,0.0,0.0,0.0,0.0,0.0,30
2023-05-10 01:00:56,ag2312P4550,ag2312P4550,37.0,0.0,0.0,0.0,2,5.5,255.5,1,37.0,0.0,0.0,0.0,0.0,0.0,30
2023-05-10 01:00:56,ag2312P4550,ag2312P4550,37.0,0.0,0.0,0.0,2,5.5,255.5,1,37.0,0.0,0.0,0.0,0.0,0.0,30
2023-05-10 01:00:57,ag2312P4550,ag2312P4550,37.0,0.0,0.0,0.0,2,5.5,255.0,2,37.0,0.0,0.0,0.0,0.0,0.0,30
2023-05-10 01:00:57,ag2312P4550,ag2312P4550,37.0,0.0,0.0,0.0,2,5.5,253.5,1,37.0,0.0,0.0,0.0,0.0,0.0,30
2023-05-10 01:00:58,ag2312P4550,ag2312P4550,37.0,0.0,0.0,0.0,2,5.5,253.5,1,37.0,0.0,0.0,0.0,0.0,0.0,30
2023-05-10 01:00:58,ag2312P4550,ag2312P4550,37.0,0.0,0.0,0.0,2,5.5,253.0,2,37.0,0.0,0.0,0.0,0.0,0.0,30
2023-05-10 01:00:59,ag2312P4550,ag2312P4550,37.0,0.0,0.0,0.0,2,5.5,251.5,1,37.0,0.0,0.0,0.0,0.0,0.0,30
2023-05-10 01:00:59,ag2312P4550,ag2312P4550,37.0,0.0,0.0,0.0,2,5.5,251.5,1,37.0,0.0,0.0,0.0,0.0,0.0,30
2023-05-10 01:01:00,ag2312P4550,ag2312P4550,37.0,0.0,0.0,0.0,2,5.5,251.0,2,37.0,0.0,0.0,0.0,0.0,0.0,30
2023-05-10 01:01:00,ag2312P4550,ag2312P4550,37.0,0.0,0.0,0.0,2,5.5,249.5,1,37.0,0.0,0.0,0.0,0.0,0.0,30
2023-05-10 01:01:01,ag2312P4550,ag2312P4550,37.0,0.0,0.0,0.0,2,5.5,249.5,1,37.0,0.0,0.0,0.0,0.0,0.0,30
2023-05-10 01:01:01,ag2312P4550,ag2312P4550,37.0,0.0,0.0,0.0,2,5.5,249.0,2,37.0,0.0,0.0,0.0,0.0,0.0,30
2023-05-10 01:01:02,ag2312P4550,ag2312P4550,37.0,0.0,0.0,0.0,2,5.5,247.5,1,37.0,0.0,0.0,0.0,0.0,0.0,30
2023-05-10 01:01:02,ag2312P4550,ag2312P4550,37.0,0.0,0.0,0.0,2,5.5,247.5,1,37.0,0.0,0.0,0.0,0.0,0.0,30
2023-05-10 01:01:03,ag2312P4550,ag2312P4550,37.0,0.0,0.0,0.0,2,5.5,247.0,2,37.0,0.0,0.0,0.0,0.0,0.0,30
2023-05-10 01:01:03,ag2312P4550,ag2312P4550,37.0,0.0,0.0,0.0,2,5.5,245.5,1,37.0,0.0,0.0,0.0,0.0,0.0,30
2023-05-10 01:01:04,ag2312P4550,ag2312P4550,37.0,0.0,0.0,0.0,2,5.5,245.5,1,37.0,0.0,0.0,0.0,0.0,0.0,30
2023-05-10 01:01:04,ag2312P4550,ag2312P4550,37.0,0.0,0.0,0.0,2,5.5,245.0,2,37.0,0.0,0.0,0.0,0.0,0.0,30
2023-05-10 01:01:05,ag2312P4550,ag2312P4550,37.0,0.0,0.0,0.0,2,5.5,243.5,1,37.0,0.0,0.0,0.0,0.0,0.0,30
2023-05-10 01:01:05,ag2312P4550,ag2312P4550,37.0,0.0,0.0,0.0,2,5.5,243.5,1,37.0,0.0,0.0,0.0,0.0,0.0,30
2023-05-10 01:01:06,ag2312P4550,ag2312P4550,37.0,0.0,0.0,0.0,2,5.5,243.0,2,37.0,0.0,0.0,0.0,0.0,0.0,30
2023-05-10 01:01:06,ag2312P4550,ag2312P4550,37.0,0.0,0.0,0.0,2,5.5,241.5,1,37.0,0.0,0.0,0.0,0.0,0.0,30
2023-05-10 01:01:07,ag2312P4550,ag2312P4550,37.0,0.0,0.0,0.0,2,5.5,241.5,1,37.0,0.0,0.0,0.0,0.0,0.0,30
2023-05-10 01:01:07,ag2312P4550,ag2312P4550,37.0,0.0,0.0,0.0,2,5.5,241.0,2,37.0,0.0,0.0,0.0,0.0,0.0,30
2023-05-10 01:01:08,ag2312P4550,ag2312P4550,37.0,0.0,0.0,0.0,2,5.5,239.5,1,37.0,0.0,0.0,0.0,0.0,0.0,30
2023-05-10 01:01:08,ag2312P4550,ag2312P4550,37.0,0.0,0.0,0.0,2,5.5,239.5,1,37.0,0.0,0.0,0.0,0.0,0.0,30
2023-05-10 01:01:09,ag2312P4550,ag2312P4550,37.0,0.0,0.0,0.0,2,5.5,239.0,2,37.0,0.0,0.0,0.0,0.0,0.0,30
2023-05-10 01:01:09,ag2312P4550,ag2312P4550,37.0,0.0,0.0,0.0,2,5.5,237.5,1,37.0,0.0,0.0,0.0,0.0,0.0,30
2023-05-10 01:01:10,ag2312P4550,ag2312P4550,37.0,0.0,0.0,0.0,2,5.5,237.5,1,37.0,0.0,0.0,0.0,0.0,0.0,30
2023-05-10 01:01:10,ag2312P4550,ag2312P4550,37.0,0.0,0.0,0.0,2,5.5,237.0,2,37.0,0.0,0.0,0.0,0.0,0.0,30
2023-05-10 01:01:11,ag2312P4550,ag2312P4550,37.0,0.0,0.0,0.0,2,5.5,235.5,1,37.0,0.0,0.0,0.0,0.0,0.0,30
2023-05-10 01:01:11,ag2312P4550,ag2312P4550,37.0,0.0,0.0,0.0,2,5.5,235.5,1,37.0,0.0,0.0,0.0,0.0,0.0,30
2023-05-10 01:01:12,ag2312P4550,ag2312P4550,37.0,0.0,0.0,0.0,2,5.5,235.0,2,37.0,0.0,0.0,0.0,0.0,0.0,30
2023-05-10 01:01:12,ag2312P4550,ag2312P4550,37.0,0.0,0.0,0.0,2,5.5,233.5,1,37.0,0.0,0.0,0.0,0.0,0.0,30
2023-05-10 01:01:13,ag2312P4550,ag2312P4550,37.0,0.0,0.0,0.0,2,5.5,233.5,1,37.0,0.0,0.0,0.0,0.0,0.0,30
2023-05-10 01:01:13,ag2312P4550,ag2312P4550,37.0,0.0,0.0,0.0,2,5.5,233.0,2,37.0,0.0,0.0,0.0,0.0,0.0,30
2023-05-10 01:01:14,ag2312P4550,ag2312P4550,37.0,0.0,0.0,0.0,2,5.5,231.5,1,37.0,0.0,0.0,0.0,0.0,0.0,30
2023-05-10 01:01:14,ag2312P4550,ag2312P4550,37.0,0.0,0.0,0.0,2,5.5,231.5,1,37.0,0.0,0.0,0.0,0.0,0.0,30
2023-05-10 01:01:15,ag2312P4550,ag2312P4550,37.0,0.0,0.0,0.0,2,5.5,231.0,2,37.0,0.0,0.0,0.0,0.0,0.0,30
2023-05-10 01:01:15,ag2312P4550,ag2312P4550,37.0,0.0,0.0,0.0,2,5.5,229.5,1,37.0,0.0,0.0,0.0,0.0,0.0,30
2023-05-10 01:01:16,ag2312P4550,ag2312P4550,37.0,0.0,0.0,0.0,2,5.5,229.5,1,37.0,0.0,0.0,0.0,0.0,0.0,30
2023-05-10 01:01:16,ag2312P4550,ag2312P4550,37.0,0.0,0.0,0.0,2,5.5,229.0,2,37.0,0.0,0.0,0.0,0.0,0.0,30
2023-05-10 01:01:17,ag2312P4550,ag2312P4550,37.0,0.0,0.0,0.0,2,5.5,227.5,1,37.0,0.0,0.0,0.0,0.0,0.0,30
2023-05-10 01:01:17,ag2312P4550,ag2312P4550,37.0,0.0,0.0,0.0,2,5.5,227.5,1,37.0,0.0,0.0,0.0,0.0,0.0,30
2023-05-10 01:01:18,ag2312P4550,ag2312P4550,37.0,0.0,0.0,0.0,2,5.5,227.0,2,37.0,0.0,0.0,0.0,0.0,0.0,30
2023-05-10 01:01:18,ag2312P4550,ag2312P4550,37.0,0.0,0.0,0.0,2,5.5,225.5,1,37.0,0.0,0.0,0.0,0.0,0.0,30
2023-05-10 01:01:19,ag2312P4550,ag2312P4550,37.0,0.0,0.0,0.0,2,5.5,225.5,1,37.0,0.0,0.0,0.0,0.0,0.0,30
2023-05-10 01:01:19,ag2312P4550,ag2312P4550,37.0,0.0,0.0,0.0,2,5.5,225.0,2,37.0,0.0,0.0,0.0,0.0,0.0,30
2023-05-10 01:01:20,ag2312P4550,ag2312P4550,37.0,0.0,0.0,0.0,2,5.5,223.5,1,37.0,0.0,0.0,0.0,0.0,0.0,30
2023-05-10 01:01:20,ag2312P4550,ag2312P4550,37.0,0.0,0.0,0.0,2,5.5,223.5,1,37.0,0.0,0.0,0.0,0.0,0.0,30
2023-05-10 01:01:21,ag2312P4550,ag2312P4550,37.0,0.0,0.0,0.0,2,5.5,223.0,2,37.0,0.0,0.0,0.0,0.0,0.0,30
2023-05-10 01:01:21,ag2312P4550,ag2312P4550,37.0,0.0,0.0,0.0,2,5.5,221.5,1,37.0,0.0,0.0,0.0,0.0,0.0,30
2023-05-10 01:01:22,ag2312P4550,ag2312P4550,37.0,0.0,0.0,0.0,2,5.5,221.5,1,37.0,0.0,0.0,0.0,0.0,0.0,30
2023-05-10 01:01:22,ag2312P4550,ag2312P4550,37.0,0.0,0.0,0.0,2,5.5,221.0,2,37.0,0.0,0.0,0.0,0.0,0.0,30
2023-05-10 01:01:23,ag2312P4550,ag2312P4550,37.0,0.0,0.0,0.0,2,5.5,219.5,1,37.0,0.0,0.0,0.0,0.0,0.0,30
2023-05-10 01:01:23,ag2312P4550,ag2312P4550,37.0,0.0,0.0,0.0,2,5.5,219.5,1,37.0,0.0,0.0,0.0,0.0,0.0,30
2023-05-10 01:01:24,ag2312P4550,ag2312P4550,37.0,0.0,0.0,0.0,2,5.5,219.0,2,37.0,0.0,0.0,0.0,0.0,0.0,30
2023-05-10 01:01:24,ag2312P4550,ag2312P4550,37.0,0.0,0.0,0.0,2,5.5,217.5,1,37.0,0.0,0.0,0.0,0.0,0.0,30
2023-05-10 01:01:25,ag2312P4550,ag2312P4550,37.0,0.0,0.0,0.0,2,5.5,217.5,1,37.0,0.0,0.0,0.0,0.0,0.0,30
2023-05-10 01:01:25,ag2312P4550,ag2312P4550,37.0,0.0,0.0,0.0,2,5.5,217.0,2,37.0,0.0,0.0,0.0,0.0,0.0,30
2023-05-10 01:01:26,ag2312P4550,ag2312P4550,37.0,0.0,0.0,0.0,2,5.5,215.5,1,37.0,0.0,0.0,0.0,0.0,0.0,30
2023-05-10 01:01:26,ag2312P4550,ag2312P4550,37.0,0.0,0.0,0.0,2,5.5,215.5,1,37.0,0.0,0.0,0.0,0.0,0.0,30
2023-05-10 01:01:27,ag2312P4550,ag2312P4550,37.0,0.0,0.0,0.0,2,5.5,215.0,2,37.0,0.0,0.0,0.0,0.0,0.0,30
2023-05-10 01:01:27,ag2312P4550,ag2312P4550,37.0,0.0,0.0,0.0,2,5.5,213.5,1,37.0,0.0,0.0,0.0,0.0,0.0,30
2023-05-10 01:01:28,ag2312P4550,ag2312P4550,37.0,0.0,0.0,0.0,2,5.5,213.5,1,37.0,0.0,0.0,0.0,0.0,0.0,30
2023-05-10 01:01:28,ag2312P4550,ag2312P4550,37.0,0.0,0.0,0.0,2,5.5,213.0,2,37.0,0.0,0.0,0.0,0.0,0.0,30
2023-05-10 01:01:29,ag2312P4550,ag2312P4550,37.0,0.0,0.0,0.0,2,5.5,211.5,1,37.0,0.0,0.0,0.0,0.0,0.0,30
2023-05-10 01:01:30,ag2312P4550,ag2312P4550,37.0,0.0,0.0,0.0,2,5.5,211.5,1,37.0,0.0,0.0,0.0,0.0,0.0,30
2023-05-10 01:01:30,ag2312P4550,ag2312P4550,37.0,0.0,0.0,0.0,2,5.5,211.0,2,37.0,0.0,0.0,0.0,0.0,0.0,30
2023-05-10 01:01:31,ag2312P4550,ag2312P4550,37.0,0.0,0.0,0.0,2,5.5,209.5,1,37.0,0.0,0.0,0.0,0.0,0.0,30
2023-05-10 01:01:31,ag2312P4550,ag2312P4550,37.0,0.0,0.0,0.0,2,5.5,209.5,1,37.0,0.0,0.0,0.0,0.0,0.0,30
2023-05-10 01:01:32,ag2312P4550,ag2312P4550,37.0,0.0,0.0,0.0,2,5.5,209.0,2,37.0,0.0,0.0,0.0,0.0,0.0,30
2023-05-10 01:01:32,ag2312P4550,ag2312P4550,37.0,0.0,0.0,0.0,2,5.5,207.5,1,37.0,0.0,0.0,0.0,0.0,0.0,30
2023-05-10 01:01:33,ag2312P4550,ag2312P4550,37.0,0.0,0.0,0.0,2,5.5,207.5,1,37.0,0.0,0.0,0.0,0.0,0.0,30
2023-05-10 01:01:33,ag2312P4550,ag2312P4550,37.0,0.0,0.0,0.0,2,5.5,207.0,2,37.0,0.0,0.0,0.0,0.0,0.0,30
2023-05-10 01:01:34,ag2312P4550,ag2312P4550,37.0,0.0,0.0,0.0,2,5.5,205.5,1,37.0,0.0,0.0,0.0,0.0,0.0,30
2023-05-10 01:01:35,ag2312P4550,ag2312P4550,37.0,0.0,0.0,0.0,2,5.5,205.5,1,37.0,0.0,0.0,0.0,0.0,0.0,30
2023-05-10 01:01:36,ag2312P4550,ag2312P4550,37.0,0.0,0.0,0.0,2,5.5,205.0,2,37.0,0.0,0.0,0.0,0.0,0.0,30
2023-05-10 01:01:36,ag2312P4550,ag2312P4550,37.0,0.0,0.0,0.0,2,5.5,203.5,1,37.0,0.0,0.0,0.0,0.0,0.0,30
2023-05-10 01:01:37,ag2312P4550,ag2312P4550,37.0,0.0,0.0,0.0,2,5.5,203.5,1,37.0,0.0,0.0,0.0,0.0,0.0,30
2023-05-10 01:01:37,ag2312P4550,ag2312P4550,37.0,0.0,0.0,0.0,2,5.5,203.0,2,37.0,0.0,0.0,0.0,0.0,0.0,30
2023-05-10 01:01:38,ag2312P4550,ag2312P4550,37.0,0.0,0.0,0.0,2,5.5,201.5,1,37.0,0.0,0.0,0.0,0.0,0.0,30
2023-05-10 01:01:38,ag2312P4550,ag2312P4550,37.0,0.0,0.0,0.0,2,5.5,201.5,1,37.0,0.0,0.0,0.0,0.0,0.0,30
2023-05-10 01:01:39,ag2312P4550,ag2312P4550,37.0,0.0,0.0,0.0,2,5.5,201.0,2,37.0,0.0,0.0,0.0,0.0,0.0,30
2023-05-10 01:01:39,ag2312P4550,ag2312P4550,37.0,0.0,0.0,0.0,2,5.5,199.5,1,37.0,0.0,0.0,0.0,0.0,0.0,30
2023-05-10 01:01:40,ag2312P4550,ag2312P4550,37.0,0.0,0.0,0.0,2,5.5,199.5,1,37.0,0.0,0.0,0.0,0.0,0.0,30
2023-05-10 01:01:40,ag2312P4550,ag2312P4550,37.0,0.0,0.0,0.0,2,5.5,199.0,2,37.0,0.0,0.0,0.0,0.0,0.0,30
2023-05-10 01:01:41,ag2312P4550,ag2312P4550,37.0,0.0,0.0,0.0,2,5.5,197.5,1,37.0,0.0,0.0,0.0,0.0,0.0,30
2023-05-10 01:01:41,ag2312P4550,ag2312P4550,37.0,0.0,0.0,0.0,2,5.5,197.5,1,37.0,0.0,0.0,0.0,0.0,0.0,30
2023-05-10 01:01:42,ag2312P4550,ag2312P4550,37.0,0.0,0.0,0.0,2,5.5,197.0,2,37.0,0.0,0.0,0.0,0.0,0.0,30
2023-05-10 01:01:42,ag2312P4550,ag2312P4550,37.0,0.0,0.0,0.0,2,5.5,195.5,1,37.0,0.0,0.0,0.0,0.0,0.0,30
2023-05-10 01:01:43,ag2312P4550,ag2312P4550,37.0,0.0,0.0,0.0,2,5.5,195.5,1,37.0,0.0,0.0,0.0,0.0,0.0,30
2023-05-10 01:01:43,ag2312P4550,ag2312P4550,37.0,0.0,0.0,0.0,2,5.5,195.0,2,37.0,0.0,0.0,0.0,0.0,0.0,30
2023-05-10 01:01:44,ag2312P4550,ag2312P4550,37.0,0.0,0.0,0.0,2,5.5,193.5,1,37.0,0.0,0.0,0.0,0.0,0.0,30
2023-05-10 01:01:44,ag2312P4550,ag2312P4550,37.0,0.0,0.0,0.0,2,5.5,193.5,1,37.0,0.0,0.0,0.0,0.0,0.0,30
2023-05-10 01:01:45,ag2312P4550,ag2312P4550,37.0,0.0,0.0,0.0,2,5.5,193.0,2,37.0,0.0,0.0,0.0,0.0,0.0,30
2023-05-10 01:01:45,ag2312P4550,ag2312P4550,37.0,0.0,0.0,0.0,2,5.5,191.5,1,37.0,0.0,0.0,0.0,0.0,0.0,30
2023-05-10 01:01:46,ag2312P4550,ag2312P4550,37.0,0.0,0.0,0.0,2,5.5,191.5,1,37.0,0.0,0.0,0.0,0.0,0.0,30
2023-05-10 01:01:46,ag2312P4550,ag2312P4550,37.0,0.0,0.0,0.0,2,5.5,191.0,2,37.0,0.0,0.0,0.0,0.0,0.0,30
2023-05-10 01:01:47,ag2312P4550,ag2312P4550,37.0,0.0,0.0,0.0,2,5.5,189.5,1,37.0,0.0,0.0,0.0,0.0,0.0,30
2023-05-10 01:01:47,ag2312P4550,ag2312P4550,37.0,0.0,0.0,0.0,2,5.5,189.5,1,37.0,0.0,0.0,0.0,0.0,0.0,30
2023-05-10 01:01:48,ag2312P4550,ag2312P4550,37.0,0.0,0.0,0.0,2,5.5,189.0,2,37.0,0.0,0.0,0.0,0.0,0.0,30
2023-05-10 01:01:48,ag2312P4550,ag2312P4550,37.0,0.0,0.0,0.0,2,5.5,187.5,1,37.0,0.0,0.0,0.0,0.0,0.0,30
2023-05-10 01:01:49,ag2312P4550,ag2312P4550,37.0,0.0,0.0,0.0,2,5.5,187.5,1,37.0,0.0,0.0,0.0,0.0,0.0,30
2023-05-10 01:01:49,ag2312P4550,ag2312P4550,37.0,0.0,0.0,0.0,2,5.5,187.0,2,37.0,0.0,0.0,0.0,0.0,0.0,30
2023-05-10 01:01:50,ag2312P4550,ag2312P4550,37.0,0.0,0.0,0.0,2,5.5,185.5,1,37.0,0.0,0.0,0.0,0.0,0.0,30
2023-05-10 01:01:50,ag2312P4550,ag2312P4550,37.0,0.0,0.0,0.0,2,5.5,185.5,1,37.0,0.0,0.0,0.0,0.0,0.0,30
2023-05-10 01:01:51,ag2312P4550,ag2312P4550,37.0,0.0,0.0,0.0,2,5.5,185.0,2,37.0,0.0,0.0,0.0,0.0,0.0,30
2023-05-10 01:01:51,ag2312P4550,ag2312P4550,37.0,0.0,0.0,0.0,2,5.5,183.5,1,37.0,0.0,0.0,0.0,0.0,0.0,30
2023-05-10 01:01:52,ag2312P4550,ag2312P4550,37.0,0.0,0.0,0.0,2,5.5,183.5,1,37.0,0.0,0.0,0.0,0.0,0.0,30
2023-05-10 01:01:52,ag2312P4550,ag2312P4550,37.0,0.0,0.0,0.0,2,5.5,183.0,2,37.0,0.0,0.0,0.0,0.0,0.0,30
2023-05-10 01:01:53,ag2312P4550,ag2312P4550,37.0,0.0,0.0,0.0,2,5.5,181.5,1,37.0,0.0,0.0,0.0,0.0,0.0,30
2023-05-10 01:01:53,ag2312P4550,ag2312P4550,37.0,0.0,0.0,0.0,2,5.5,181.5,1,37.0,0.0,0.0,0.0,0.0,0.0,30
2023-05-10 01:01:54,ag2312P4550,ag2312P4550,37.0,0.0,0.0,0.0,2,5.5,181.0,2,37.0,0.0,0.0,0.0,0.0,0.0,30
2023-05-10 01:01:54,ag2312P4550,ag2312P4550,37.0,0.0,0.0,0.0,2,5.5,179.5,1,37.0,0.0,0.0,0.0,0.0,0.0,30
2023-05-10 01:01:55,ag2312P4550,ag2312P4550,37.0,0.0,0.0,0.0,2,5.5,179.5,1,37.0,0.0,0.0,0.0,0.0,0.0,30
2023-05-10 01:01:55,ag2312P4550,ag2312P4550,37.0,0.0,0.0,0.0,2,5.5,179.0,2,37.0,0.0,0.0,0.0,0.0,0.0,30
2023-05-10 01:01:56,ag2312P4550,ag2312P4550,37.0,0.0,0.0,0.0,2,5.5,177.5,1,37.0,0.0,0.0,0.0,0.0,0.0,30
2023-05-10 01:01:56,ag2312P4550,ag2312P4550,37.0,0.0,0.0,0.0,2,5.5,177.5,1,37.0,0.0,0.0,0.0,0.0,0.0,30
2023-05-10 01:01:57,ag2312P4550,ag2312P4550,37.0,0.0,0.0,0.0,2,5.5,177.0,2,37.0,0.0,0.0,0.0,0.0,0.0,30
2023-05-10 01:01:57,ag2312P4550,ag2312P4550,37.0,0.0,0.0,0.0,2,5.5,175.5,1,37.0,0.0,0.0,0.0,0.0,0.0,30
2023-05-10 01:01:58,ag2312P4550,ag2312P4550,37.0,0.0,0.0,0.0,2,5.5,175.5,1,37.0,0.0,0.0,0.0,0.0,0.0,30
2023-05-10 01:01:58,ag2312P4550,ag2312P4550,37.0,0.0,0.0,0.0,2,5.5,175.0,2,37.0,0.0,0.0,0.0,0.0,0.0,30
2023-05-10 01:01:59,ag2312P4550,ag2312P4550,37.0,0.0,0.0,0.0,2,5.5,173.5,1,37.0,0.0,0.0,0.0,0.0,0.0,30
2023-05-10 01:01:59,ag2312P4550,ag2312P4550,37.0,0.0,0.0,0.0,2,5.5,173.5,1,37.0,0.0,0.0,0.0,0.0,0.0,30
2023-05-10 01:02:00,ag2312P4550,ag2312P4550,37.0,0.0,0.0,0.0,2,5.5,173.0,2,37.0,0.0,0.0,0.0,0.0,0.0,30
2023-05-10 01:02:00,ag2312P4550,ag2312P4550,37.0,0.0,0.0,0.0,2,5.5,171.5,1,37.0,0.0,0.0,0.0,0.0,0.0,30
2023-05-10 01:02:01,ag2312P4550,ag2312P4550,37.0,0.0,0.0,0.0,2,5.5,171.5,1,37.0,0.0,0.0,0.0,0.0,0.0,30
2023-05-10 01:02:01,ag2312P4550,ag2312P4550,37.0,0.0,0.0,0.0,2,5.5,171.0,2,37.0,0.0,0.0,0.0,0.0,0.0,30
2023-05-10 01:02:02,ag2312P4550,ag2312P4550,37.0,0.0,0.0,0.0,2,5.5,169.5,1,37.0,0.0,0.0,0.0,0.0,0.0,30
2023-05-10 01:02:02,ag2312P4550,ag2312P4550,37.0,0.0,0.0,0.0,2,5.5,169.5,1,37.0,0.0,0.0,0.0,0.0,0.0,30
2023-05-10 01:02:03,ag2312P4550,ag2312P4550,37.0,0.0,0.0,0.0,2,5.5,169.0,2,37.0,0.0,0.0,0.0,0.0,0.0,30
2023-05-10 01:02:03,ag2312P4550,ag2312P4550,37.0,0.0,0.0,0.0,2,5.5,167.5,1,37.0,0.0,0.0,0.0,0.0,0.0,30
2023-05-10 01:02:04,ag2312P4550,ag2312P4550,37.0,0.0,0.0,0.0,2,5.5,167.5,1,37.0,0.0,0.0,0.0,0.0,0.0,30
2023-05-10 01:02:04,ag2312P4550,ag2312P4550,37.0,0.0,0.0,0.0,2,5.5,167.0,2,37.0,0.0,0.0,0.0,0.0,0.0,30
2023-05-10 01:02:05,ag2312P4550,ag2312P4550,37.0,0.0,0.0,0.0,2,5.5,165.5,1,37.0,0.0,0.0,0.0,0.0,0.0,30
2023-05-10 01:02:05,ag2312P4550,ag2312P4550,37.0,0.0,0.0,0.0,2,5.5,165.5,1,37.0,0.0,0.0,0.0,0.0,0.0,30
2023-05-10 01:02:06,ag2312P4550,ag2312P4550,37.0,0.0,0.0,0.0,2,5.5,165.0,2,37.0,0.0,0.0,0.0,0.0,0.0,30
2023-05-10 01:02:06,ag2312P4550,ag2312P4550,37.0,0.0,0.0,0.0,2,5.5,163.5,1,37.0,0.0,0.0,0.0,0.0,0.0,30
2023-05-10 01:02:07,ag2312P4550,ag2312P4550,37.0,0.0,0.0,0.0,2,5.5,163.5,1,37.0,0.0,0.0,0.0,0.0,0.0,30
2023-05-10 01:02:07,ag2312P4550,ag2312P4550,37.0,0.0,0.0,0.0,2,5.5,163.0,2,37.0,0.0,0.0,0.0,0.0,0.0,30
2023-05-10 01:02:08,ag2312P4550,ag2312P4550,37.0,0.0,0.0,0.0,2,5.5,161.5,1,37.0,0.0,0.0,0.0,0.0,0.0,30
2023-05-10 01:02:08,ag2312P4550,ag2312P4550,37.0,0.0,0.0,0.0,2,5.5,161.5,1,37.0,0.0,0.0,0.0,0.0,0.0,30
2023-05-10 01:02:09,ag2312P4550,ag2312P4550,37.0,0.0,0.0,0.0,2,5.5,161.0,2,37.0,0.0,0.0,0.0,0.0,0.0,30
2023-05-10 01:02:09,ag2312P4550,ag2312P4550,37.0,0.0,0.0,0.0,2,5.5,159.5,1,37.0,0.0,0.0,0.0,0.0,0.0,30
2023-05-10 01:02:10,ag2312P4550,ag2312P4550,37.0,0.0,0.0,0.0,2,5.5,159.5,1,37.0,0.0,0.0,0.0,0.0,0.0,30
2023-05-10 01:02:10,ag2312P4550,ag2312P4550,37.0,0.0,0.0,0.0,2,5.5,159.0,2,37.0,0.0,0.0,0.0,0.0,0.0,30
2023-05-10 01:02:11,ag2312P4550,ag2312P4550,37.0,0.0,0.0,0.0,2,5.5,157.5,1,37.0,0.0,0.0,0.0,0.0,0.0,30
2023-05-10 01:02:11,ag2312P4550,ag2312P4550,37.0,0.0,0.0,0.0,2,5.5,157.5,1,37.0,0.0,0.0,0.0,0.0,0.0,30
2023-05-10 01:02:12,ag2312P4550,ag2312P4550,37.0,0.0,0.0,0.0,2,5.5,157.0,2,37.0,0.0,0.0,0.0,0.0,0.0,30
2023-05-10 01:02:12,ag2312P4550,ag2312P4550,37.0,0.0,0.0,0.0,2,5.5,155.5,1,37.0,0.0,0.0,0.0,0.0,0.0,30
2023-05-10 01:02:13,ag2312P4550,ag2312P4550,37.0,0.0,0.0,0.0,2,5.5,155.5,1,37.0,0.0,0.0,0.0,0.0,0.0,30
2023-05-10 01:02:13,ag2312P4550,ag2312P4550,37.0,0.0,0.0,0.0,2,5.5,155.0,2,37.0,0.0,0.0,0.0,0.0,0.0,30
2023-05-10 01:02:14,ag2312P4550,ag2312P4550,37.0,0.0,0.0,0.0,2,5.5,153.5,1,37.0,0.0,0.0,0.0,0.0,0.0,30
2023-05-10 01:02:14,ag2312P4550,ag2312P4550,37.0,0.0,0.0,0.0,2,5.5,153.5,1,37.0,0.0,0.0,0.0,0.0,0.0,30
2023-05-10 01:02:15,ag2312P4550,ag2312P4550,37.0,0.0,0.0,0.0,2,5.5,153.0,2,37.0,0.0,0.0,0.0,0.0,0.0,30
2023-05-10 01:02:15,ag2312P4550,ag2312P4550,37.0,0.0,0.0,0.0,2,5.5,151.5,1,37.0,0.0,0.0,0.0,0.0,0.0,30
2023-05-10 01:02:16,ag2312P4550,ag2312P4550,37.0,0.0,0.0,0.0,2,5.5,151.5,1,37.0,0.0,0.0,0.0,0.0,0.0,30
2023-05-10 01:02:16,ag2312P4550,ag2312P4550,37.0,0.0,0.0,0.0,2,5.5,151.0,2,37.0,0.0,0.0,0.0,0.0,0.0,30
2023-05-10 01:02:17,ag2312P4550,ag2312P4550,37.0,0.0,0.0,0.0,2,5.5,149.5,1,37.0,0.0,0.0,0.0,0.0,0.0,30
2023-05-10 01:02:17,ag2312P4550,ag2312P4550,37.0,0.0,0.0,0.0,2,5.5,149.5,1,37.0,0.0,0.0,0.0,0.0,0.0,30
2023-05-10 01:02:18,ag2312P4550,ag2312P4550,37.0,0.0,0.0,0.0,2,5.5,149.0,2,37.0,0.0,0.0,0.0,0.0,0.0,30
2023-05-10 01:02:18,ag2312P4550,ag2312P4550,37.0,0.0,0.0,0.0,2,5.5,147.5,1,37.0,0.0,0.0,0.0,0.0,0.0,30
2023-05-10 01:02:19,ag2312P4550,ag2312P4550,37.0,0.0,0.0,0.0,2,5.5,147.5,1,37.0,0.0,0.0,0.0,0.0,0.0,30
2023-05-10 01:02:19,ag2312P4550,ag2312P4550,37.0,0.0,0.0,0.0,2,5.5,147.0,2,37.0,0.0,0.0,0.0,0.0,0.0,30
2023-05-10 01:02:20,ag2312P4550,ag2312P4550,37.0,0.0,0.0,0.0,2,5.5,145.5,1,37.0,0.0,0.0,0.0,0.0,0.0,30
2023-05-10 01:02:20,ag2312P4550,ag2312P4550,37.0,0.0,0.0,0.0,2,5.5,145.5,1,37.0,0.0,0.0,0.0,0.0,0.0,30
2023-05-10 01:02:21,ag2312P4550,ag2312P4550,37.0,0.0,0.0,0.0,2,5.5,145.0,2,37.0,0.0,0.0,0.0,0.0,0.0,30
2023-05-10 01:02:21,ag2312P4550,ag2312P4550,37.0,0.0,0.0,0.0,2,5.5,143.5,1,37.0,0.0,0.0,0.0,0.0,0.0,30
2023-05-10 01:02:22,ag2312P4550,ag2312P4550,37.0,0.0,0.0,0.0,2,5.5,143.5,1,37.0,0.0,0.0,0.0,0.0,0.0,30
2023-05-10 01:02:22,ag2312P4550,ag2312P4550,37.0,0.0,0.0,0.0,2,5.5,143.0,2,37.0,0.0,0.0,0.0,0.0,0.0,30
2023-05-10 01:02:23,ag2312P4550,ag2312P4550,37.0,0.0,0.0,0.0,2,5.5,141.5,1,37.0,0.0,0.0,0.0,0.0,0.0,30
2023-05-10 01:02:23,ag2312P4550,ag2312P4550,37.0,0.0,0.0,0.0,2,5.5,141.5,1,37.0,0.0,0.0,0.0,0.0,0.0,30
2023-05-10 01:02:24,ag2312P4550,ag2312P4550,37.0,0.0,0.0,0.0,2,5.5,141.0,2,37.0,0.0,0.0,0.0,0.0,0.0,30
2023-05-10 01:02:24,ag2312P4550,ag2312P4550,37.0,0.0,0.0,0.0,2,5.5,139.5,1,37.0,0.0,0.0,0.0,0.0,0.0,30
2023-05-10 01:02:25,ag2312P4550,ag2312P4550,37.0,0.0,0.0,0.0,2,5.5,139.5,1,37.0,0.0,0.0,0.0,0.0,0.0,30
2023-05-10 01:02:25,ag2312P4550,ag2312P4550,37.0,0.0,0.0,0.0,2,5.5,139.0,2,37.0,0.0,0.0,0.0,0.0,0.0,30
2023-05-10 01:02:26,ag2312P4550,ag2312P4550,37.0,0.0,0.0,0.0,2,5.5,137.5,1,37.0,0.0,0.0,0.0,0.0,0.0,30
2023-05-10 01:02:26,ag2312P4550,ag2312P4550,37.0,0.0,0.0,0.0,2,5.5,137.5,1,37.0,0.0,0.0,0.0,0.0,0.0,30
2023-05-10 01:02:27,ag2312P4550,ag2312P4550,37.0,0.0,0.0,0.0,2,5.5,137.0,2,37.0,0.0,0.0,0.0,0.0,0.0,30
2023-05-10 01:02:27,ag2312P4550,ag2312P4550,37.0,0.0,0.0,0.0,2,5.5,135.5,1,37.0,0.0,0.0,0.0,0.0,0.0,30
2023-05-10 01:02:28,ag2312P4550,ag2312P4550,37.0,0.0,0.0,0.0,2,5.5,135.5,1,37.0,0.0,0.0,0.0,0.0,0.0,30
2023-05-10 01:02:28,ag2312P4550,ag2312P4550,37.0,0.0,0.0,0.0,2,5.5,135.0,2,37.0,0.0,0.0,0.0,0.0,0.0,30
2023-05-10 01:02:29,ag2312P4550,ag2312P4550,37.0,0.0,0.0,0.0,2,5.5,133.5,1,37.0,0.0,0.0,0.0,0.0,0.0,30
2023-05-10 01:02:29,ag2312P4550,ag2312P4550,37.0,0.0,0.0,0.0,2,5.5,133.5,1,37.0,0.0,0.0,0.0,0.0,0.0,30
2023-05-10 01:02:30,ag2312P4550,ag2312P4550,37.0,0.0,0.0,0.0,2,5.5,133.0,2,37.0,0.0,0.0,0.0,0.0,0.0,30
2023-05-10 01:02:30,ag2312P4550,ag2312P4550,37.0,0.0,0.0,0.0,2,5.5,131.5,1,37.0,0.0,0.0,0.0,0.0,0.0,30
2023-05-10 01:02:31,ag2312P4550,ag2312P4550,37.0,0.0,0.0,0.0,2,5.5,131.5,1,37.0,0.0,0.0,0.0,0.0,0.0,30
2023-05-10 01:02:31,ag2312P4550,ag2312P4550,37.0,0.0,0.0,0.0,2,5.5,131.0,2,37.0,0.0,0.0,0.0,0.0,0.0,30
2023-05-10 01:02:32,ag2312P4550,ag2312P4550,37.0,0.0,0.0,0.0,2,5.5,129.5,1,37.0,0.0,0.0,0.0,0.0,0.0,30
2023-05-10 01:02:32,ag2312P4550,ag2312P4550,37.0,0.0,0.0,0.0,2,5.5,129.5,1,37.0,0.0,0.0,0.0,0.0,0.0,30
2023-05-10 01:02:33,ag2312P4550,ag2312P4550,37.0,0.0,0.0,0.0,2,5.5,129.0,2,37.0,0.0,0.0,0.0,0.0,0.0,30
2023-05-10 01:02:33,ag2312P4550,ag2312P4550,37.0,0.0,0.0,0.0,2,5.5,127.5,1,37.0,0.0,0.0,0.0,0.0,0.0,30
2023-05-10 01:02:34,ag2312P4550,ag2312P4550,37.0,0.0,0.0,0.0,2,5.5,127.5,1,37.0,0.0,0.0,0.0,0.0,0.0,30
2023-05-10 01:02:34,ag2312P4550,ag2312P4550,37.0,0.0,0.0,0.0,2,5.5,127.0,2,37.0,0.0,0.0,0.0,0.0,0.0,30
2023-05-10 01:02:35,ag2312P4550,ag2312P4550,37.0,0.0,0.0,0.0,2,5.5,125.5,1,37.0,0.0,0.0,0.0,0.0,0.0,30
2023-05-10 01:02:35,ag2312P4550,ag2312P4550,37.0,0.0,0.0,0.0,2,5.5,125.5,1,37.0,0.0,0.0,0.0,0.0,0.0,30
2023-05-10 01:02:36,ag2312P4550,ag2312P4550,37.0,0.0,0.0,0.0,2,5.5,125.0,2,37.0,0.0,0.0,0.0,0.0,0.0,30
2023-05-10 01:02:36,ag2312P4550,ag2312P4550,37.0,0.0,0.0,0.0,2,5.5,123.5,1,37.0,0.0,0.0,0.0,0.0,0.0,30
2023-05-10 01:02:37,ag2312P4550,ag2312P4550,37.0,0.0,0.0,0.0,2,5.5,123.5,1,37.0,0.0,0.0,0.0,0.0,0.0,30
2023-05-10 01:02:37,ag2312P4550,ag2312P4550,37.0,0.0,0.0,0.0,2,5.5,123.0,2,37.0,0.0,0.0,0.0,0.0,0.0,30
2023-05-10 01:02:38,ag2312P4550,ag2312P4550,37.0,0.0,0.0,0.0,2,5.5,121.5,1,37.0,0.0,0.0,0.0,0.0,0.0,30
2023-05-10 01:02:38,ag2312P4550,ag2312P4550,37.0,0.0,0.0,0.0,2,5.5,121.5,1,37.0,0.0,0.0,0.0,0.0,0.0,30
2023-05-10 01:02:39,ag2312P4550,ag2312P4550,37.0,0.0,0.0,0.0,2,5.5,121.0,2,37.0,0.0,0.0,0.0,0.0,0.0,30
2023-05-10 01:02:39,ag2312P4550,ag2312P4550,37.0,0.0,0.0,0.0,2,5.5,119.5,1,37.0,0.0,0.0,0.0,0.0,0.0,30
2023-05-10 01:02:40,ag2312P4550,ag2312P4550,37.0,0.0,0.0,0.0,2,5.5,119.5,1,37.0,0.0,0.0,0.0,0.0,0.0,30
2023-05-10 01:02:40,ag2312P4550,ag2312P4550,37.0,0.0,0.0,0.0,2,5.5,119.0,2,37.0,0.0,0.0,0.0,0.0,0.0,30
2023-05-10 01:02:41,ag2312P4550,ag2312P4550,37.0,0.0,0.0,0.0,2,5.5,117.5,1,37.0,0.0,0.0,0.0,0.0,0.0,30
2023-05-10 01:02:41,ag2312P4550,ag2312P4550,37.0,0.0,0.0,0.0,2,5.5,117.5,1,37.0,0.0,0.0,0.0,0.0,0.0,30
2023-05-10 01:02:42,ag2312P4550,ag2312P4550,37.0,0.0,0.0,0.0,2,5.5,117.0,2,37.0,0.0,0.0,0.0,0.0,0.0,30
2023-05-10 01:02:42,ag2312P4550,ag2312P4550,37.0,0.0,0.0,0.0,2,5.5,115.5,1,37.0,0.0,0.0,0.0,0.0,0.0,30
2023-05-10 01:02:43,ag2312P4550,ag2312P4550,37.0,0.0,0.0,0.0,2,5.5,115.5,1,37.0,0.0,0.0,0.0,0.0,0.0,30
2023-05-10 01:02:43,ag2312P4550,ag2312P4550,37.0,0.0,0.0,0.0,2,5.5,115.0,2,37.0,0.0,0.0,0.0,0.0,0.0,30
2023-05-10 01:02:44,ag2312P4550,ag2312P4550,37.0,0.0,0.0,0.0,2,5.5,113.5,1,37.0,0.0,0.0,0.0,0.0,0.0,30
2023-05-10 01:02:44,ag2312P4550,ag2312P4550,37.0,0.0,0.0,0.0,2,5.5,113.5,1,37.0,0.0,0.0,0.0,0.0,0.0,30
2023-05-10 01:02:45,ag2312P4550,ag2312P4550,37.0,0.0,0.0,0.0,2,5.5,113.0,2,37.0,0.0,0.0,0.0,0.0,0.0,30
2023-05-10 01:02:45,ag2312P4550,ag2312P4550,37.0,0.0,0.0,0.0,2,5.5,111.5,1,37.0,0.0,0.0,0.0,0.0,0.0,30
2023-05-10 01:02:46,ag2312P4550,ag2312P4550,37.0,0.0,0.0,0.0,2,5.5,111.5,1,37.0,0.0,0.0,0.0,0.0,0.0,30
2023-05-10 01:02:46,ag2312P4550,ag2312P4550,37.0,0.0,0.0,0.0,2,5.5,111.0,2,37.0,0.0,0.0,0.0,0.0,0.0,30
2023-05-10 01:02:47,ag2312P4550,ag2312P4550,37.0,0.0,0.0,0.0,2,5.5,109.5,1,37.0,0.0,0.0,0.0,0.0,0.0,30
2023-05-10 01:02:47,ag2312P4550,ag2312P4550,37.0,0.0,0.0,0.0,2,5.5,109.5,1,37.0,0.0,0.0,0.0,0.0,0.0,30
2023-05-10 01:02:48,ag2312P4550,ag2312P4550,37.0,0.0,0.0,0.0,2,5.5,109.0,2,37.0,0.0,0.0,0.0,0.0,0.0,30
2023-05-10 01:02:48,ag2312P4550,ag2312P4550,37.0,0.0,0.0,0.0,2,5.5,107.5,1,37.0,0.0,0.0,0.0,0.0,0.0,30
2023-05-10 01:02:49,ag2312P4550,ag2312P4550,37.0,0.0,0.0,0.0,2,5.5,107.5,1,37.0,0.0,0.0,0.0,0.0,0.0,30
2023-05-10 01:02:49,ag2312P4550,ag2312P4550,37.0,0.0,0.0,0.0,2,5.5,107.0,2,37.0,0.0,0.0,0.0,0.0,0.0,30
2023-05-10 01:02:50,ag2312P4550,ag2312P4550,37.0,0.0,0.0,0.0,2,5.5,105.5,1,37.0,0.0,0.0,0.0,0.0,0.0,30
2023-05-10 01:02:50,ag2312P4550,ag2312P4550,37.0,0.0,0.0,0.0,2,5.5,105.5,1,37.0,0.0,0.0,0.0,0.0,0.0,30
2023-05-10 01:02:51,ag2312P4550,ag2312P4550,37.0,0.0,0.0,0.0,2,5.5,105.0,2,37.0,0.0,0.0,0.0,0.0,0.0,30
2023-05-10 01:02:51,ag2312P4550,ag2312P4550,37.0,0.0,0.0,0.0,2,5.5,103.5,1,37.0,0.0,0.0,0.0,0.0,0.0,30
2023-05-10 01:02:52,ag2312P4550,ag2312P4550,37.0,0.0,0.0,0.0,2,5.5,103.5,1,37.0,0.0,0.0,0.0,0.0,0.0,30
2023-05-10 01:02:52,ag2312P4550,ag2312P4550,37.0,0.0,0.0,0.0,2,5.5,103.0,2,37.0,0.0,0.0,0.0,0.0,0.0,30
2023-05-10 01:02:53,ag2312P4550,ag2312P4550,37.0,0.0,0.0,0.0,2,5.5,103.0,2,37.0,0.0,0.0,0.0,0.0,0.0,30
2023-05-10 01:03:11,ag2312P4550,ag2312P4550,37.0,0.0,0.0,0.0,2,13.5,103.0,2,37.0,0.0,0.0,0.0,0.0,0.0,30
2023-05-10 01:03:11,ag2312P4550,ag2312P4550,37.0,0.0,0.0,0.0,2,13.5,103.0,2,37.0,0.0,0.0,0.0,0.0,0.0,30
2023-05-10 01:03:12,ag2312P4550,ag2312P4550,37.0,0.0,0.0,0.0,2,14.0,103.0,2,37.0,0.0,0.0,0.0,0.0,0.0,30
2023-05-10 01:03:13,ag2312P4550,ag2312P4550,37.0,0.0,0.0,0.0,2,22.0,103.0,2,37.0,0.0,0.0,0.0,0.0,0.0,30
2023-05-10 01:03:13,ag2312P4550,ag2312P4550,37.0,0.0,0.0,0.0,2,22.0,103.0,2,37.0,0.0,0.0,0.0,0.0,0.0,30
2023-05-10 01:03:14,ag2312P4550,ag2312P4550,37.0,0.0,0.0,0.0,2,22.5,97.5,1,37.0,0.0,0.0,0.0,0.0,0.0,30
2023-05-10 01:03:14,ag2312P4550,ag2312P4550,37.0,0.0,0.0,0.0,2,23.0,97.5,1,37.0,0.0,0.0,0.0,0.0,0.0,30
2023-05-10 01:03:15,ag2312P4550,ag2312P4550,37.0,0.0,0.0,0.0,2,23.0,97.0,2,37.0,0.0,0.0,0.0,0.0,0.0,30
2023-05-10 01:03:15,ag2312P4550,ag2312P4550,37.0,0.0,0.0,0.0,2,23.5,97.0,2,37.0,0.0,0.0,0.0,0.0,0.0,30
2023-05-10 01:03:16,ag2312P4550,ag2312P4550,37.0,0.0,0.0,0.0,2,24.0,97.0,2,37.0,0.0,0.0,0.0,0.0,0.0,30
2023-05-10 01:03:16,ag2312P4550,ag2312P4550,37.0,0.0,0.0,0.0,2,24.0,97.0,2,37.0,0.0,0.0,0.0,0.0,0.0,30
2023-05-10 01:03:17,ag2312P4550,ag2312P4550,37.0,0.0,0.0,0.0,2,24.5,97.0,2,37.0,0.0,0.0,0.0,0.0,0.0,30
2023-05-10 01:03:17,ag2312P4550,ag2312P4550,37.0,0.0,0.0,0.0,2,24.5,97.0,2,37.0,0.0,0.0,0.0,0.0,0.0,30
2023-05-10 01:03:18,ag2312P4550,ag2312P4550,37.0,0.0,0.0,0.0,2,25.0,97.0,2,37.0,0.0,0.0,0.0,0.0,0.0,30
2023-05-10 01:03:18,ag2312P4550,ag2312P4550,37.0,0.0,0.0,0.0,2,25.0,97.0,2,37.0,0.0,0.0,0.0,0.0,0.0,30
2023-05-10 01:03:19,ag2312P4550,ag2312P4550,37.0,0.0,0.0,0.0,2,25.5,97.0,2,37.0,0.0,0.0,0.0,0.0,0.0,30
2023-05-10 01:03:19,ag2312P4550,ag2312P4550,37.0,0.0,0.0,0.0,2,26.0,97.0,2,37.0,0.0,0.0,0.0,0.0,0.0,30
2023-05-10 01:03:20,ag2312P4550,ag2312P4550,37.0,0.0,0.0,0.0,2,26.0,97.0,2,37.0,0.0,0.0,0.0,0.0,0.0,30
2023-05-10 01:03:20,ag2312P4550,ag2312P4550,37.0,0.0,0.0,0.0,2,26.5,97.0,2,37.0,0.0,0.0,0.0,0.0,0.0,30
2023-05-10 01:03:21,ag2312P4550,ag2312P4550,37.0,0.0,0.0,0.0,2,26.5,97.0,2,37.0,0.0,0.0,0.0,0.0,0.0,30
2023-05-10 01:03:21,ag2312P4550,ag2312P4550,37.0,0.0,0.0,0.0,2,27.0,97.0,2,37.0,0.0,0.0,0.0,0.0,0.0,30
2023-05-10 01:03:22,ag2312P4550,ag2312P4550,37.0,0.0,0.0,0.0,2,27.0,97.0,2,37.0,0.0,0.0,0.0,0.0,0.0,30
2023-05-10 01:03:22,ag2312P4550,ag2312P4550,37.0,0.0,0.0,0.0,2,27.5,97.0,2,37.0,0.0,0.0,0.0,0.0,0.0,30
2023-05-10 01:03:23,ag2312P4550,ag2312P4550,37.0,0.0,0.0,0.0,2,27.5,91.5,1,37.0,0.0,0.0,0.0,0.0,0.0,30
2023-05-10 01:03:23,ag2312P4550,ag2312P4550,37.0,0.0,0.0,0.0,2,27.5,91.5,1,37.0,0.0,0.0,0.0,0.0,0.0,30
2023-05-10 01:03:24,ag2312P4550,ag2312P4550,37.0,0.0,0.0,0.0,2,27.5,91.0,2,37.0,0.0,0.0,0.0,0.0,0.0,30
2023-05-10 01:03:29,ag2312P4550,ag2312P4550,37.0,0.0,0.0,0.0,2,27.5,91.0,2,37.0,0.0,0.0,0.0,0.0,0.0,30
2023-05-10 01:03:31,ag2312P4550,ag2312P4550,37.0,0.0,0.0,0.0,2,27.5,85.5,1,37.0,0.0,0.0,0.0,0.0,0.0,30
2023-05-10 01:03:32,ag2312P4550,ag2312P4550,37.0,0.0,0.0,0.0,2,27.5,85.5,1,37.0,0.0,0.0,0.0,0.0,0.0,30
2023-05-10 01:03:32,ag2312P4550,ag2312P4550,37.0,0.0,0.0,0.0,2,27.5,85.0,2,37.0,0.0,0.0,0.0,0.0,0.0,30
2023-05-10 01:03:37,ag2312P4550,ag2312P4550,37.0,0.0,0.0,0.0,2,27.5,85.0,2,37.0,0.0,0.0,0.0,0.0,0.0,30
2023-05-10 01:03:38,ag2312P4550,ag2312P4550,37.0,0.0,0.0,0.0,2,27.5,79.5,1,37.0,0.0,0.0,0.0,0.0,0.0,30
2023-05-10 01:03:38,ag2312P4550,ag2312P4550,37.0,0.0,0.0,0.0,2,27.5,79.5,1,37.0,0.0,0.0,0.0,0.0,0.0,30
2023-05-10 01:03:39,ag2312P4550,ag2312P4550,37.0,0.0,0.0,0.0,2,27.5,79.0,2,37.0,0.0,0.0,0.0,0.0,0.0,30
2023-05-10 01:03:47,ag2312P4550,ag2312P4550,37.0,0.0,0.0,0.0,2,27.5,79.0,2,37.0,0.0,0.0,0.0,0.0,0.0,30
2023-05-10 01:03:50,ag2312P4550,ag2312P4550,37.0,0.0,0.0,0.0,2,27.5,73.5,1,37.0,0.0,0.0,0.0,0.0,0.0,30
2023-05-10 01:03:50,ag2312P4550,ag2312P4550,37.0,0.0,0.0,0.0,2,27.5,73.5,1,37.0,0.0,0.0,0.0,0.0,0.0,30
2023-05-10 01:03:51,ag2312P4550,ag2312P4550,37.0,0.0,0.0,0.0,2,27.5,73.0,2,37.0,0.0,0.0,0.0,0.0,0.0,30
2023-05-10 01:03:57,ag2312P4550,ag2312P4550,37.0,0.0,0.0,0.0,2,27.5,73.0,2,37.0,0.0,0.0,0.0,0.0,0.0,30
2023-05-10 01:03:58,ag2312P4550,ag2312P4550,37.0,0.0,0.0,0.0,2,27.5,70.0,1,37.0,0.0,0.0,0.0,0.0,0.0,30
2023-05-10 01:03:59,ag2312P4550,ag2312P4550,37.0,0.0,0.0,0.0,2,27.5,70.0,1,37.0,0.0,0.0,0.0,0.0,0.0,30
2023-05-10 01:03:59,ag2312P4550,ag2312P4550,37.0,0.0,0.0,0.0,2,27.5,69.5,2,37.0,0.0,0.0,0.0,0.0,0.0,30
2023-05-10 01:04:04,ag2312P4550,ag2312P4550,37.0,0.0,0.0,0.0,2,27.5,69.5,2,37.0,0.0,0.0,0.0,0.0,0.0,30
2023-05-10 01:04:05,ag2312P4550,ag2312P4550,37.0,0.0,0.0,0.0,2,27.5,66.5,1,37.0,0.0,0.0,0.0,0.0,0.0,30
2023-05-10 01:04:06,ag2312P4550,ag2312P4550,37.0,0.0,0.0,0.0,2,27.5,66.5,1,37.0,0.0,0.0,0.0,0.0,0.0,30
2023-05-10 01:04:06,ag2312P4550,ag2312P4550,37.0,0.0,0.0,0.0,2,27.5,66.0,2,37.0,0.0,0.0,0.0,0.0,0.0,30
2023-05-10 01:04:09,ag2312P4550,ag2312P4550,37.0,0.0,0.0,0.0,2,27.5,66.0,2,37.0,0.0,0.0,0.0,0.0,0.0,30
2023-05-10 01:04:10,ag2312P4550,ag2312P4550,37.0,0.0,0.0,0.0,2,27.5,65.5,1,37.0,0.0,0.0,0.0,0.0,0.0,30
2023-05-10 01:04:11,ag2312P4550,ag2312P4550,37.0,0.0,0.0,0.0,2,27.5,65.5,1,37.0,0.0,0.0,0.0,0.0,0.0,30
2023-05-10 01:04:11,ag2312P4550,ag2312P4550,37.0,0.0,0.0,0.0,2,27.5,65.0,2,37.0,0.0,0.0,0.0,0.0,0.0,30
2023-05-10 01:04:16,ag2312P4550,ag2312P4550,37.0,0.0,0.0,0.0,2,27.5,65.0,2,37.0,0.0,0.0,0.0,0.0,0.0,30
2023-05-10 01:04:17,ag2312P4550,ag2312P4550,37.0,0.0,0.0,0.0,2,27.5,64.5,1,37.0,0.0,0.0,0.0,0.0,0.0,30
2023-05-10 01:04:17,ag2312P4550,ag2312P4550,37.0,0.0,0.0,0.0,2,27.5,64.5,1,37.0,0.0,0.0,0.0,0.0,0.0,30
2023-05-10 01:04:18,ag2312P4550,ag2312P4550,37.0,0.0,0.0,0.0,2,27.5,64.0,2,37.0,0.0,0.0,0.0,0.0,0.0,30
2023-05-10 01:04:21,ag2312P4550,ag2312P4550,37.0,0.0,0.0,0.0,2,27.5,64.0,2,37.0,0.0,0.0,0.0,0.0,0.0,30
2023-05-10 01:04:22,ag2312P4550,ag2312P4550,37.0,0.0,0.0,0.0,2,27.5,63.5,1,37.0,0.0,0.0,0.0,0.0,0.0,30
2023-05-10 01:04:23,ag2312P4550,ag2312P4550,37.0,0.0,0.0,0.0,2,27.5,63.5,1,37.0,0.0,0.0,0.0,0.0,0.0,30
2023-05-10 01:04:23,ag2312P4550,ag2312P4550,37.0,0.0,0.0,0.0,2,27.5,63.0,2,37.0,0.0,0.0,0.0,0.0,0.0,30
2023-05-10 01:04:26,ag2312P4550,ag2312P4550,37.0,0.0,0.0,0.0,2,27.5,63.0,2,37.0,0.0,0.0,0.0,0.0,0.0,30
2023-05-10 01:09:27,ag2312P4550,ag2312P4550,37.0,0.0,0.0,0.0,2,28.0,63.0,2,37.0,0.0,0.0,0.0,0.0,0.0,30
2023-05-10 01:09:28,ag2312P4550,ag2312P4550,37.0,0.0,0.0,0.0,2,28.0,63.0,2,37.0,0.0,0.0,0.0,0.0,0.0,30
2023-05-10 01:09:28,ag2312P4550,ag2312P4550,37.0,0.0,0.0,0.0,2,28.5,63.0,2,37.0,0.0,0.0,0.0,0.0,0.0,30
2023-05-10 01:09:29,ag2312P4550,ag2312P4550,37.0,0.0,0.0,0.0,2,29.0,63.0,2,37.0,0.0,0.0,0.0,0.0,0.0,30
2023-05-10 01:09:29,ag2312P4550,ag2312P4550,37.0,0.0,0.0,0.0,2,29.0,63.0,2,37.0,0.0,0.0,0.0,0.0,0.0,30
2023-05-10 01:09:30,ag2312P4550,ag2312P4550,37.0,0.0,0.0,0.0,4,29.0,63.0,2,37.0,0.0,0.0,0.0,0.0,0.0,30
2023-05-10 01:09:49,ag2312P4550,ag2312P4550,37.0,0.0,0.0,0.0,2,29.0,63.0,2,37.0,0.0,0.0,0.0,0.0,0.0,30
2023-05-10 01:33:04,ag2312P4550,ag2312P4550,37.0,0.0,0.0,0.0,1,3.5,0.0,0,37.0,0.0,0.0,0.0,0.0,0.0,30
2023-05-10 01:33:05,ag2312P4550,ag2312P4550,37.0,0.0,0.0,0.0,2,11.5,561.0,1,37.0,0.0,0.0,0.0,0.0,0.0,30
2023-05-10 01:33:07,ag2312P4550,ag2312P4550,37.0,0.0,0.0,0.0,2,11.5,561.0,1,37.0,0.0,0.0,0.0,0.0,0.0,30
2023-05-10 01:33:18,ag2312P4550,ag2312P4550,37.0,0.0,0.0,0.0,2,11.5,555.5,1,37.0,0.0,0.0,0.0,0.0,0.0,30
2023-05-10 01:33:19,ag2312P4550,ag2312P4550,37.0,0.0,0.0,0.0,2,11.5,554.0,1,37.0,0.0,0.0,0.0,0.0,0.0,30
2023-05-10 01:33:32,ag2312P4550,ag2312P4550,37.0,0.0,0.0,0.0,2,11.5,554.0,1,37.0,0.0,0.0,0.0,0.0,0.0,30
2023-05-10 01:33:36,ag2312P4550,ag2312P4550,37.0,0.0,0.0,0.0,2,11.5,548.5,1,37.0,0.0,0.0,0.0,0.0,0.0,30
2023-05-10 01:33:37,ag2312P4550,ag2312P4550,37.0,0.0,0.0,0.0,2,11.5,547.0,1,37.0,0.0,0.0,0.0,0.0,0.0,30
2023-05-10 01:34:04,ag2312P4550,ag2312P4550,37.0,0.0,0.0,0.0,2,11.5,547.0,1,37.0,0.0,0.0,0.0,0.0,0.0,30
2023-05-10 01:34:09,ag2312P4550,ag2312P4550,37.0,0.0,0.0,0.0,2,11.5,541.5,1,37.0,0.0,0.0,0.0,0.0,0.0,30
2023-05-10 01:34:10,ag2312P4550,ag2312P4550,37.0,0.0,0.0,0.0,2,11.5,540.0,1,37.0,0.0,0.0,0.0,0.0,0.0,30
2023-05-10 01:34:38,ag2312P4550,ag2312P4550,37.0,0.0,0.0,0.0,2,11.5,540.0,1,37.0,0.0,0.0,0.0,0.0,0.0,30
2023-05-10 01:34:40,ag2312P4550,ag2312P4550,37.0,0.0,0.0,0.0,2,11.5,534.5,1,37.0,0.0,0.0,0.0,0.0,0.0,30
2023-05-10 01:34:41,ag2312P4550,ag2312P4550,37.0,0.0,0.0,0.0,2,11.5,533.0,1,37.0,0.0,0.0,0.0,0.0,0.0,30
2023-05-10 01:34:44,ag2312P4550,ag2312P4550,37.0,0.0,0.0,0.0,2,11.5,533.0,1,37.0,0.0,0.0,0.0,0.0,0.0,30
2023-05-10 01:34:46,ag2312P4550,ag2312P4550,37.0,0.0,0.0,0.0,2,11.5,527.5,1,37.0,0.0,0.0,0.0,0.0,0.0,30
2023-05-10 01:34:47,ag2312P4550,ag2312P4550,37.0,0.0,0.0,0.0,2,11.5,526.0,1,37.0,0.0,0.0,0.0,0.0,0.0,30
2023-05-10 01:34:51,ag2312P4550,ag2312P4550,37.0,0.0,0.0,0.0,2,11.5,526.0,1,37.0,0.0,0.0,0.0,0.0,0.0,30
2023-05-10 01:34:53,ag2312P4550,ag2312P4550,37.0,0.0,0.0,0.0,2,11.5,520.5,1,37.0,0.0,0.0,0.0,0.0,0.0,30
2023-05-10 01:34:54,ag2312P4550,ag2312P4550,37.0,0.0,0.0,0.0,2,11.5,519.0,1,37.0,0.0,0.0,0.0,0.0,0.0,30
2023-05-10 01:34:58,ag2312P4550,ag2312P4550,37.0,0.0,0.0,0.0,2,11.5,519.0,1,37.0,0.0,0.0,0.0,0.0,0.0,30
2023-05-10 01:35:01,ag2312P4550,ag2312P4550,37.0,0.0,0.0,0.0,2,11.5,513.5,1,37.0,0.0,0.0,0.0,0.0,0.0,30
2023-05-10 01:35:01,ag2312P4550,ag2312P4550,37.0,0.0,0.0,0.0,2,11.5,512.0,1,37.0,0.0,0.0,0.0,0.0,0.0,30
2023-05-10 01:35:05,ag2312P4550,ag2312P4550,37.0,0.0,0.0,0.0,2,11.5,512.0,1,37.0,0.0,0.0,0.0,0.0,0.0,30
2023-05-10 01:35:08,ag2312P4550,ag2312P4550,37.0,0.0,0.0,0.0,2,11.5,506.5,1,37.0,0.0,0.0,0.0,0.0,0.0,30
2023-05-10 01:35:09,ag2312P4550,ag2312P4550,37.0,0.0,0.0,0.0,2,11.5,505.0,1,37.0,0.0,0.0,0.0,0.0,0.0,30
2023-05-10 01:35:14,ag2312P4550,ag2312P4550,37.0,0.0,0.0,0.0,2,11.5,505.0,1,37.0,0.0,0.0,0.0,0.0,0.0,30
2023-05-10 01:35:17,ag2312P4550,ag2312P4550,37.0,0.0,0.0,0.0,2,11.5,499.5,1,37.0,0.0,0.0,0.0,0.0,0.0,30
2023-05-10 01:35:17,ag2312P4550,ag2312P4550,37.0,0.0,0.0,0.0,2,11.5,498.0,1,37.0,0.0,0.0,0.0,0.0,0.0,30
2023-05-10 01:35:22,ag2312P4550,ag2312P4550,37.0,0.0,0.0,0.0,2,11.5,498.0,1,37.0,0.0,0.0,0.0,0.0,0.0,30
2023-05-10 01:35:24,ag2312P4550,ag2312P4550,37.0,0.0,0.0,0.0,2,11.5,492.5,1,37.0,0.0,0.0,0.0,0.0,0.0,30
2023-05-10 01:35:25,ag2312P4550,ag2312P4550,37.0,0.0,0.0,0.0,2,11.5,491.0,1,37.0,0.0,0.0,0.0,0.0,0.0,30
2023-05-10 01:35:34,ag2312P4550,ag2312P4550,37.0,0.0,0.0,0.0,2,11.5,491.0,1,37.0,0.0,0.0,0.0,0.0,0.0,30
2023-05-10 01:35:36,ag2312P4550,ag2312P4550,37.0,0.0,0.0,0.0,2,11.5,485.5,1,37.0,0.0,0.0,0.0,0.0,0.0,30
2023-05-10 01:35:36,ag2312P4550,ag2312P4550,37.0,0.0,0.0,0.0,2,11.5,484.0,1,37.0,0.0,0.0,0.0,0.0,0.0,30
2023-05-10 01:35:44,ag2312P4550,ag2312P4550,37.0,0.0,0.0,0.0,2,11.5,484.0,1,37.0,0.0,0.0,0.0,0.0,0.0,30
2023-05-10 01:35:46,ag2312P4550,ag2312P4550,37.0,0.0,0.0,0.0,2,11.5,478.5,1,37.0,0.0,0.0,0.0,0.0,0.0,30
2023-05-10 01:35:46,ag2312P4550,ag2312P4550,37.0,0.0,0.0,0.0,2,11.5,477.0,1,37.0,0.0,0.0,0.0,0.0,0.0,30
2023-05-10 01:35:50,ag2312P4550,ag2312P4550,37.0,0.0,0.0,0.0,2,11.5,477.0,1,37.0,0.0,0.0,0.0,0.0,0.0,30
2023-05-10 01:35:52,ag2312P4550,ag2312P4550,37.0,0.0,0.0,0.0,2,11.5,471.5,1,37.0,0.0,0.0,0.0,0.0,0.0,30
2023-05-10 01:35:52,ag2312P4550,ag2312P4550,37.0,0.0,0.0,0.0,2,11.5,470.0,1,37.0,0.0,0.0,0.0,0.0,0.0,30
2023-05-10 01:35:57,ag2312P4550,ag2312P4550,37.0,0.0,0.0,0.0,2,11.5,470.0,1,37.0,0.0,0.0,0.0,0.0,0.0,30
2023-05-10 01:35:58,ag2312P4550,ag2312P4550,37.0,0.0,0.0,0.0,2,11.5,464.5,1,37.0,0.0,0.0,0.0,0.0,0.0,30
2023-05-10 01:35:58,ag2312P4550,ag2312P4550,37.0,0.0,0.0,0.0,2,11.5,463.0,1,37.0,0.0,0.0,0.0,0.0,0.0,30
2023-05-10 01:36:04,ag2312P4550,ag2312P4550,37.0,0.0,0.0,0.0,2,11.5,463.0,1,37.0,0.0,0.0,0.0,0.0,0.0,30
2023-05-10 01:36:14,ag2312P4550,ag2312P4550,37.0,0.0,0.0,0.0,2,11.5,457.5,1,37.0,0.0,0.0,0.0,0.0,0.0,30
2023-05-10 01:36:14,ag2312P4550,ag2312P4550,37.0,0.0,0.0,0.0,2,11.5,456.0,1,37.0,0.0,0.0,0.0,0.0,0.0,30
2023-05-10 01:36:29,ag2312P4550,ag2312P4550,37.0,0.0,0.0,0.0,2,11.5,456.0,1,37.0,0.0,0.0,0.0,0.0,0.0,30
2023-05-10 01:36:32,ag2312P4550,ag2312P4550,37.0,0.0,0.0,0.0,2,11.5,450.5,1,37.0,0.0,0.0,0.0,0.0,0.0,30
2023-05-10 01:36:33,ag2312P4550,ag2312P4550,37.0,0.0,0.0,0.0,2,11.5,449.0,1,37.0,0.0,0.0,0.0,0.0,0.0,30
2023-05-10 01:37:10,ag2312P4550,ag2312P4550,37.0,0.0,0.0,0.0,2,11.5,449.0,1,37.0,0.0,0.0,0.0,0.0,0.0,30
