time,symbol_id,symbol_name,last,trade_volume,trade_amount,open_interest_change,bv1,bp1,ap1,av1,yesterday_close,today_open,today_high,today_low,volume,amount,open_interest
2023-05-09 20:59:00,ag2312P5800,ag2312P5800,407.0,0.0,0.0,0.0,2,56.0,0.0,0,407.0,420.0,0.0,0.0,0.0,0.0,28
2023-05-09 21:00:01,ag2312P5800,ag2312P5800,407.0,0.0,0.0,0.0,2,294.0,525.0,2,407.0,420.0,0.0,0.0,0.0,0.0,28
2023-05-09 21:00:08,ag2312P5800,ag2312P5800,407.0,0.0,0.0,0.0,2,294.5,524.5,2,407.0,420.0,0.0,0.0,0.0,0.0,28
2023-05-09 21:00:08,ag2312P5800,ag2312P5800,407.0,0.0,0.0,0.0,2,323.0,496.0,2,407.0,420.0,0.0,0.0,0.0,0.0,28
2023-05-09 21:00:09,ag2312P5800,ag2312P5800,407.0,0.0,0.0,0.0,2,323.0,496.0,2,407.0,420.0,0.0,0.0,0.0,0.0,28
2023-05-09 21:00:09,ag2312P5800,ag2312P5800,407.0,0.0,0.0,0.0,2,323.5,495.5,2,407.0,420.0,0.0,0.0,0.0,0.0,28
2023-05-09 21:00:10,ag2312P5800,ag2312P5800,407.0,0.0,0.0,0.0,2,352.0,467.0,2,407.0,420.0,0.0,0.0,0.0,0.0,28
2023-05-09 21:00:11,ag2312P5800,ag2312P5800,407.0,0.0,0.0,0.0,2,352.0,467.0,2,407.0,420.0,0.0,0.0,0.0,0.0,28
2023-05-09 21:00:11,ag2312P5800,ag2312P5800,407.0,0.0,0.0,0.0,2,352.5,466.5,2,407.0,420.0,0.0,0.0,0.0,0.0,28
2023-05-09 21:00:12,ag2312P5800,ag2312P5800,407.0,0.0,0.0,0.0,2,381.0,438.0,2,407.0,420.0,0.0,0.0,0.0,0.0,28
2023-05-09 21:00:13,ag2312P5800,ag2312P5800,407.0,0.0,0.0,0.0,2,381.0,438.0,2,407.0,420.0,0.0,0.0,0.0,0.0,28
2023-05-09 21:00:13,ag2312P5800,ag2312P5800,407.0,0.0,0.0,0.0,2,381.5,438.0,2,407.0,420.0,0.0,0.0,0.0,0.0,28
2023-05-09 21:00:14,ag2312P5800,ag2312P5800,407.0,0.0,0.0,0.0,2,401.5,438.0,2,407.0,420.0,0.0,0.0,0.0,0.0,28
2023-05-09 21:00:14,ag2312P5800,ag2312P5800,407.0,0.0,0.0,0.0,2,401.5,438.0,2,407.0,420.0,0.0,0.0,0.0,0.0,28
2023-05-09 21:00:20,ag2312P5800,ag2312P5800,407.0,0.0,0.0,0.0,2,298.0,438.0,2,407.0,420.0,0.0,0.0,0.0,0.0,28
2023-05-09 21:00:20,ag2312P5800,ag2312P5800,407.0,0.0,0.0,0.0,2,298.5,438.0,2,407.0,420.0,0.0,0.0,0.0,0.0,28
2023-05-09 21:00:21,ag2312P5800,ag2312P5800,407.0,0.0,0.0,0.0,2,327.0,438.0,2,407.0,420.0,0.0,0.0,0.0,0.0,28
2023-05-09 21:00:21,ag2312P5800,ag2312P5800,407.0,0.0,0.0,0.0,2,327.0,438.0,2,407.0,420.0,0.0,0.0,0.0,0.0,28
2023-05-09 21:00:22,ag2312P5800,ag2312P5800,407.0,0.0,0.0,0.0,2,327.5,438.0,2,407.0,420.0,0.0,0.0,0.0,0.0,28
2023-05-09 21:00:22,ag2312P5800,ag2312P5800,407.0,0.0,0.0,0.0,2,356.0,438.0,2,407.0,420.0,0.0,0.0,0.0,0.0,28
2023-05-09 21:00:23,ag2312P5800,ag2312P5800,407.0,0.0,0.0,0.0,2,356.0,438.0,2,407.0,420.0,0.0,0.0,0.0,0.0,28
2023-05-09 21:00:23,ag2312P5800,ag2312P5800,407.0,0.0,0.0,0.0,2,356.5,438.0,2,407.0,420.0,0.0,0.0,0.0,0.0,28
2023-05-09 21:00:24,ag2312P5800,ag2312P5800,407.0,0.0,0.0,0.0,2,385.0,438.0,2,407.0,420.0,0.0,0.0,0.0,0.0,28
2023-05-09 21:00:24,ag2312P5800,ag2312P5800,407.0,0.0,0.0,0.0,2,385.0,438.0,2,407.0,420.0,0.0,0.0,0.0,0.0,28
2023-05-09 21:00:25,ag2312P5800,ag2312P5800,407.0,0.0,0.0,0.0,2,385.5,438.0,2,407.0,420.0,0.0,0.0,0.0,0.0,28
2023-05-09 21:00:25,ag2312P5800,ag2312P5800,407.0,0.0,0.0,0.0,2,397.0,438.0,2,407.0,420.0,0.0,0.0,0.0,0.0,28
2023-05-09 21:00:26,ag2312P5800,ag2312P5800,407.0,0.0,0.0,0.0,2,397.0,438.0,2,407.0,420.0,0.0,0.0,0.0,0.0,28
2023-05-09 21:00:40,ag2312P5800,ag2312P5800,407.0,0.0,0.0,0.0,2,299.5,438.0,2,407.0,420.0,0.0,0.0,0.0,0.0,28
2023-05-09 21:00:40,ag2312P5800,ag2312P5800,407.0,0.0,0.0,0.0,2,300.0,438.0,2,407.0,420.0,0.0,0.0,0.0,0.0,28
2023-05-09 21:00:41,ag2312P5800,ag2312P5800,407.0,0.0,0.0,0.0,2,328.5,438.0,2,407.0,420.0,0.0,0.0,0.0,0.0,28
2023-05-09 21:00:41,ag2312P5800,ag2312P5800,407.0,0.0,0.0,0.0,2,328.5,438.0,2,407.0,420.0,0.0,0.0,0.0,0.0,28
2023-05-09 21:00:42,ag2312P5800,ag2312P5800,407.0,0.0,0.0,0.0,2,329.0,438.0,2,407.0,420.0,0.0,0.0,0.0,0.0,28
2023-05-09 21:00:42,ag2312P5800,ag2312P5800,407.0,0.0,0.0,0.0,2,357.5,438.0,2,407.0,420.0,0.0,0.0,0.0,0.0,28
2023-05-09 21:00:43,ag2312P5800,ag2312P5800,407.0,0.0,0.0,0.0,2,357.5,438.0,2,407.0,420.0,0.0,0.0,0.0,0.0,28
2023-05-09 21:00:43,ag2312P5800,ag2312P5800,407.0,0.0,0.0,0.0,2,358.0,438.0,2,407.0,420.0,0.0,0.0,0.0,0.0,28
2023-05-09 21:00:44,ag2312P5800,ag2312P5800,407.0,0.0,0.0,0.0,2,386.5,438.0,2,407.0,420.0,0.0,0.0,0.0,0.0,28
2023-05-09 21:00:44,ag2312P5800,ag2312P5800,407.0,0.0,0.0,0.0,2,386.5,438.0,2,407.0,420.0,0.0,0.0,0.0,0.0,28
2023-05-09 21:00:45,ag2312P5800,ag2312P5800,407.0,0.0,0.0,0.0,2,387.0,438.0,2,407.0,420.0,0.0,0.0,0.0,0.0,28
2023-05-09 21:00:50,ag2312P5800,ag2312P5800,407.0,0.0,0.0,0.0,1,397.5,0.0,0,407.0,420.0,0.0,0.0,0.0,0.0,28
2023-05-09 21:00:51,ag2312P5800,ag2312P5800,407.0,0.0,0.0,0.0,1,397.5,0.0,0,407.0,420.0,0.0,0.0,0.0,0.0,28
2023-05-09 21:00:53,ag2312P5800,ag2312P5800,407.0,0.0,0.0,0.0,1,397.5,529.0,1,407.0,420.0,0.0,0.0,0.0,0.0,28
2023-05-09 21:00:53,ag2312P5800,ag2312P5800,407.0,0.0,0.0,0.0,1,397.5,528.5,2,407.0,420.0,0.0,0.0,0.0,0.0,28
2023-05-09 21:00:54,ag2312P5800,ag2312P5800,407.0,0.0,0.0,0.0,1,397.5,500.0,1,407.0,420.0,0.0,0.0,0.0,0.0,28
2023-05-09 21:00:54,ag2312P5800,ag2312P5800,407.0,0.0,0.0,0.0,1,397.5,500.0,1,407.0,420.0,0.0,0.0,0.0,0.0,28
2023-05-09 21:00:55,ag2312P5800,ag2312P5800,407.0,0.0,0.0,0.0,1,397.5,499.5,2,407.0,420.0,0.0,0.0,0.0,0.0,28
2023-05-09 21:00:55,ag2312P5800,ag2312P5800,407.0,0.0,0.0,0.0,1,397.5,471.0,1,407.0,420.0,0.0,0.0,0.0,0.0,28
2023-05-09 21:00:56,ag2312P5800,ag2312P5800,407.0,0.0,0.0,0.0,1,397.5,471.0,1,407.0,420.0,0.0,0.0,0.0,0.0,28
2023-05-09 21:00:56,ag2312P5800,ag2312P5800,407.0,0.0,0.0,0.0,1,298.0,470.5,2,407.0,420.0,0.0,0.0,0.0,0.0,28
2023-05-09 21:00:57,ag2312P5800,ag2312P5800,407.0,0.0,0.0,0.0,2,298.5,442.0,1,407.0,420.0,0.0,0.0,0.0,0.0,28
2023-05-09 21:00:57,ag2312P5800,ag2312P5800,407.0,0.0,0.0,0.0,1,327.0,442.0,1,407.0,420.0,0.0,0.0,0.0,0.0,28
2023-05-09 21:00:58,ag2312P5800,ag2312P5800,407.0,0.0,0.0,0.0,1,327.0,442.0,1,407.0,420.0,0.0,0.0,0.0,0.0,28
2023-05-09 21:00:58,ag2312P5800,ag2312P5800,407.0,0.0,0.0,0.0,2,327.5,442.0,1,407.0,420.0,0.0,0.0,0.0,0.0,28
2023-05-09 21:00:59,ag2312P5800,ag2312P5800,407.0,0.0,0.0,0.0,1,356.0,442.0,1,407.0,420.0,0.0,0.0,0.0,0.0,28
2023-05-09 21:00:59,ag2312P5800,ag2312P5800,407.0,0.0,0.0,0.0,1,356.0,442.0,1,407.0,420.0,0.0,0.0,0.0,0.0,28
2023-05-09 21:01:00,ag2312P5800,ag2312P5800,407.0,0.0,0.0,0.0,2,356.5,442.0,1,407.0,420.0,0.0,0.0,0.0,0.0,28
2023-05-09 21:01:00,ag2312P5800,ag2312P5800,407.0,0.0,0.0,0.0,1,385.0,442.0,1,407.0,420.0,0.0,0.0,0.0,0.0,28
2023-05-09 21:01:01,ag2312P5800,ag2312P5800,407.0,0.0,0.0,0.0,1,385.0,442.0,1,407.0,420.0,0.0,0.0,0.0,0.0,28
2023-05-09 21:01:01,ag2312P5800,ag2312P5800,407.0,0.0,0.0,0.0,2,385.5,442.0,1,407.0,420.0,0.0,0.0,0.0,0.0,28
2023-05-09 21:01:02,ag2312P5800,ag2312P5800,407.0,0.0,0.0,0.0,1,397.5,442.0,1,407.0,420.0,0.0,0.0,0.0,0.0,28
2023-05-09 21:01:02,ag2312P5800,ag2312P5800,407.0,0.0,0.0,0.0,1,397.5,442.0,1,407.0,420.0,0.0,0.0,0.0,0.0,28
2023-05-09 21:01:09,ag2312P5800,ag2312P5800,407.0,0.0,0.0,0.0,1,412.0,418.5,1,407.0,420.0,0.0,0.0,0.0,0.0,28
2023-05-09 21:01:31,ag2312P5800,ag2312P5800,407.0,0.0,0.0,0.0,1,412.0,417.5,1,407.0,420.0,0.0,0.0,0.0,0.0,28
2023-05-09 21:01:39,ag2312P5800,ag2312P5800,407.0,0.0,0.0,0.0,1,412.0,417.5,1,407.0,420.0,0.0,0.0,0.0,0.0,28
2023-05-09 21:01:42,ag2312P5800,ag2312P5800,407.0,0.0,0.0,0.0,1,412.0,418.5,1,407.0,420.0,0.0,0.0,0.0,0.0,28
2023-05-09 21:01:53,ag2312P5800,ag2312P5800,407.0,0.0,0.0,0.0,1,412.5,418.5,1,407.0,420.0,0.0,0.0,0.0,0.0,28
2023-05-09 21:02:25,ag2312P5800,ag2312P5800,407.0,0.0,0.0,0.0,1,412.5,417.5,1,407.0,420.0,0.0,0.0,0.0,0.0,28
2023-05-09 21:02:53,ag2312P5800,ag2312P5800,407.0,0.0,0.0,0.0,1,413.0,417.5,1,407.0,420.0,0.0,0.0,0.0,0.0,28
2023-05-09 21:02:53,ag2312P5800,ag2312P5800,407.0,0.0,0.0,0.0,1,413.0,418.5,1,407.0,420.0,0.0,0.0,0.0,0.0,28
2023-05-09 21:03:05,ag2312P5800,ag2312P5800,407.0,0.0,0.0,0.0,1,413.5,418.5,1,407.0,420.0,0.0,0.0,0.0,0.0,28
2023-05-09 21:03:12,ag2312P5800,ag2312P5800,407.0,0.0,0.0,0.0,1,414.0,442.0,1,407.0,420.0,0.0,0.0,0.0,0.0,28
2023-05-09 21:03:13,ag2312P5800,ag2312P5800,407.0,0.0,0.0,0.0,1,415.0,442.0,1,407.0,420.0,0.0,0.0,0.0,0.0,28
2023-05-09 21:03:14,ag2312P5800,ag2312P5800,407.0,0.0,0.0,0.0,1,415.0,419.5,1,407.0,420.0,0.0,0.0,0.0,0.0,28
2023-05-09 21:03:15,ag2312P5800,ag2312P5800,407.0,0.0,0.0,0.0,1,414.0,419.5,1,407.0,420.0,0.0,0.0,0.0,0.0,28
2023-05-09 21:03:31,ag2312P5800,ag2312P5800,407.0,0.0,0.0,0.0,1,414.0,419.0,1,407.0,420.0,0.0,0.0,0.0,0.0,28
2023-05-09 21:03:46,ag2312P5800,ag2312P5800,407.0,0.0,0.0,0.0,1,412.5,419.0,1,407.0,420.0,0.0,0.0,0.0,0.0,28
2023-05-09 21:03:48,ag2312P5800,ag2312P5800,407.0,0.0,0.0,0.0,1,412.5,418.0,1,407.0,420.0,0.0,0.0,0.0,0.0,28
2023-05-09 21:03:58,ag2312P5800,ag2312P5800,407.0,0.0,0.0,0.0,1,413.0,418.0,1,407.0,420.0,0.0,0.0,0.0,0.0,28
2023-05-09 21:04:51,ag2312P5800,ag2312P5800,407.0,0.0,0.0,0.0,1,413.5,418.0,1,407.0,420.0,0.0,0.0,0.0,0.0,28
2023-05-09 21:04:53,ag2312P5800,ag2312P5800,407.0,0.0,0.0,0.0,1,413.5,419.0,1,407.0,420.0,0.0,0.0,0.0,0.0,28
2023-05-09 21:05:08,ag2312P5800,ag2312P5800,407.0,0.0,0.0,0.0,1,414.0,419.0,1,407.0,420.0,0.0,0.0,0.0,0.0,28
2023-05-09 21:05:09,ag2312P5800,ag2312P5800,407.0,0.0,0.0,0.0,1,414.5,419.0,1,407.0,420.0,0.0,0.0,0.0,0.0,28
2023-05-09 21:05:19,ag2312P5800,ag2312P5800,407.0,0.0,0.0,0.0,1,415.0,419.0,1,407.0,420.0,0.0,0.0,0.0,0.0,28
2023-05-09 21:05:21,ag2312P5800,ag2312P5800,407.0,0.0,0.0,0.0,1,415.0,420.5,1,407.0,420.0,0.0,0.0,0.0,0.0,28
2023-05-09 21:05:26,ag2312P5800,ag2312P5800,407.0,0.0,0.0,0.0,1,415.5,420.5,1,407.0,420.0,0.0,0.0,0.0,0.0,28
2023-05-09 21:05:40,ag2312P5800,ag2312P5800,407.0,0.0,0.0,0.0,1,416.0,420.5,1,407.0,420.0,0.0,0.0,0.0,0.0,28
2023-05-09 21:05:44,ag2312P5800,ag2312P5800,407.0,0.0,0.0,0.0,1,416.5,420.5,1,407.0,420.0,0.0,0.0,0.0,0.0,28
2023-05-09 21:05:44,ag2312P5800,ag2312P5800,407.0,0.0,0.0,0.0,1,416.5,421.5,1,407.0,420.0,0.0,0.0,0.0,0.0,28
2023-05-09 21:05:50,ag2312P5800,ag2312P5800,407.0,0.0,0.0,0.0,1,416.5,421.0,1,407.0,420.0,0.0,0.0,0.0,0.0,28
2023-05-09 21:05:56,ag2312P5800,ag2312P5800,407.0,0.0,0.0,0.0,1,416.0,421.0,1,407.0,420.0,0.0,0.0,0.0,0.0,28
2023-05-09 21:05:57,ag2312P5800,ag2312P5800,407.0,0.0,0.0,0.0,1,416.0,420.5,1,407.0,420.0,0.0,0.0,0.0,0.0,28
2023-05-09 21:06:03,ag2312P5800,ag2312P5800,407.0,0.0,0.0,0.0,1,417.0,420.5,1,407.0,420.0,0.0,0.0,0.0,0.0,28
2023-05-09 21:06:03,ag2312P5800,ag2312P5800,407.0,0.0,0.0,0.0,1,417.0,420.5,1,407.0,420.0,0.0,0.0,0.0,0.0,28
2023-05-09 21:06:04,ag2312P5800,ag2312P5800,407.0,0.0,0.0,0.0,1,417.0,421.0,1,407.0,420.0,0.0,0.0,0.0,0.0,28
2023-05-09 21:06:05,ag2312P5800,ag2312P5800,407.0,0.0,0.0,0.0,2,417.0,421.0,1,407.0,420.0,0.0,0.0,0.0,0.0,28
2023-05-09 21:06:06,ag2312P5800,ag2312P5800,407.0,0.0,0.0,0.0,2,417.0,422.0,1,407.0,420.0,0.0,0.0,0.0,0.0,28
2023-05-09 21:06:07,ag2312P5800,ag2312P5800,407.0,0.0,0.0,0.0,1,418.0,422.0,1,407.0,420.0,0.0,0.0,0.0,0.0,28
2023-05-09 21:06:08,ag2312P5800,ag2312P5800,407.0,0.0,0.0,0.0,1,418.0,422.0,1,407.0,420.0,0.0,0.0,0.0,0.0,28
2023-05-09 21:06:09,ag2312P5800,ag2312P5800,407.0,0.0,0.0,0.0,1,418.0,442.0,1,407.0,420.0,0.0,0.0,0.0,0.0,28
2023-05-09 21:06:10,ag2312P5800,ag2312P5800,407.0,0.0,0.0,0.0,1,420.0,423.0,1,407.0,420.0,0.0,0.0,0.0,0.0,28
2023-05-09 21:06:11,ag2312P5800,ag2312P5800,407.0,0.0,0.0,0.0,1,420.0,422.5,1,407.0,420.0,0.0,0.0,0.0,0.0,28
2023-05-09 21:06:15,ag2312P5800,ag2312P5800,407.0,0.0,0.0,0.0,1,420.0,422.5,1,407.0,420.0,0.0,0.0,0.0,0.0,28
2023-05-09 21:06:17,ag2312P5800,ag2312P5800,407.0,0.0,0.0,0.0,1,420.0,422.5,1,407.0,420.0,0.0,0.0,0.0,0.0,28
2023-05-09 21:06:19,ag2312P5800,ag2312P5800,407.0,0.0,0.0,0.0,1,420.0,423.0,1,407.0,420.0,0.0,0.0,0.0,0.0,28
2023-05-09 21:06:19,ag2312P5800,ag2312P5800,407.0,0.0,0.0,0.0,1,420.0,423.0,1,407.0,420.0,0.0,0.0,0.0,0.0,28
2023-05-09 21:06:22,ag2312P5800,ag2312P5800,407.0,0.0,0.0,0.0,1,420.0,423.0,1,407.0,420.0,0.0,0.0,0.0,0.0,28
2023-05-09 21:06:23,ag2312P5800,ag2312P5800,407.0,0.0,0.0,0.0,1,420.0,424.5,1,407.0,420.0,0.0,0.0,0.0,0.0,28
2023-05-09 21:06:36,ag2312P5800,ag2312P5800,407.0,0.0,0.0,0.0,1,420.0,424.0,1,407.0,420.0,0.0,0.0,0.0,0.0,28
2023-05-09 21:06:37,ag2312P5800,ag2312P5800,407.0,0.0,0.0,0.0,1,420.0,423.5,1,407.0,420.0,0.0,0.0,0.0,0.0,28
2023-05-09 21:06:39,ag2312P5800,ag2312P5800,407.0,0.0,0.0,0.0,1,420.0,423.5,1,407.0,420.0,0.0,0.0,0.0,0.0,28
2023-05-09 21:06:47,ag2312P5800,ag2312P5800,407.0,0.0,0.0,0.0,1,420.0,423.5,1,407.0,420.0,0.0,0.0,0.0,0.0,28
2023-05-09 21:06:53,ag2312P5800,ag2312P5800,407.0,0.0,0.0,0.0,1,420.0,423.0,1,407.0,420.0,0.0,0.0,0.0,0.0,28
2023-05-09 21:06:55,ag2312P5800,ag2312P5800,407.0,0.0,0.0,0.0,1,420.0,422.5,1,407.0,420.0,0.0,0.0,0.0,0.0,28
2023-05-09 21:07:00,ag2312P5800,ag2312P5800,407.0,0.0,0.0,0.0,1,420.0,422.5,1,407.0,420.0,0.0,0.0,0.0,0.0,28
2023-05-09 21:07:00,ag2312P5800,ag2312P5800,407.0,0.0,0.0,0.0,1,420.0,423.0,1,407.0,420.0,0.0,0.0,0.0,0.0,28
2023-05-09 21:07:03,ag2312P5800,ag2312P5800,407.0,0.0,0.0,0.0,1,420.0,424.0,1,407.0,420.0,0.0,0.0,0.0,0.0,28
2023-05-09 21:07:33,ag2312P5800,ag2312P5800,407.0,0.0,0.0,0.0,2,420.0,425.0,1,407.0,420.0,0.0,0.0,0.0,0.0,28
2023-05-09 21:07:59,ag2312P5800,ag2312P5800,407.0,0.0,0.0,0.0,2,420.0,424.5,1,407.0,420.0,0.0,0.0,0.0,0.0,28
2023-05-09 21:08:00,ag2312P5800,ag2312P5800,407.0,0.0,0.0,0.0,1,420.0,424.0,1,407.0,420.0,0.0,0.0,0.0,0.0,28
2023-05-09 21:08:07,ag2312P5800,ag2312P5800,407.0,0.0,0.0,0.0,1,420.0,423.5,1,407.0,420.0,0.0,0.0,0.0,0.0,28
2023-05-09 21:08:15,ag2312P5800,ag2312P5800,407.0,0.0,0.0,0.0,1,420.0,423.0,1,407.0,420.0,0.0,0.0,0.0,0.0,28
2023-05-09 21:08:16,ag2312P5800,ag2312P5800,407.0,0.0,0.0,0.0,1,420.0,423.0,1,407.0,420.0,0.0,0.0,0.0,0.0,28
2023-05-09 21:08:18,ag2312P5800,ag2312P5800,407.0,0.0,0.0,0.0,1,420.0,422.5,1,407.0,420.0,0.0,0.0,0.0,0.0,28
2023-05-09 21:08:21,ag2312P5800,ag2312P5800,407.0,0.0,0.0,0.0,1,420.0,422.5,1,407.0,420.0,0.0,0.0,0.0,0.0,28
2023-05-09 21:08:39,ag2312P5800,ag2312P5800,407.0,0.0,0.0,0.0,1,420.0,422.5,1,407.0,420.0,0.0,0.0,0.0,0.0,28
2023-05-09 21:08:40,ag2312P5800,ag2312P5800,407.0,0.0,0.0,0.0,1,420.0,421.5,1,407.0,420.0,0.0,0.0,0.0,0.0,28
2023-05-09 21:08:46,ag2312P5800,ag2312P5800,420.0,1.0,6300.0,0.0,1,406.0,421.5,1,407.0,420.0,420.0,420.0,1.0,6300.0,28
2023-05-09 21:08:47,ag2312P5800,ag2312P5800,420.0,0.0,0.0,0.0,1,417.0,421.5,1,407.0,420.0,420.0,420.0,1.0,6300.0,28
2023-05-09 21:08:54,ag2312P5800,ag2312P5800,420.0,0.0,0.0,0.0,1,417.0,421.5,1,407.0,420.0,420.0,420.0,1.0,6300.0,28
2023-05-09 21:08:58,ag2312P5800,ag2312P5800,420.0,0.0,0.0,0.0,1,416.0,421.0,1,407.0,420.0,420.0,420.0,1.0,6300.0,28
2023-05-09 21:09:33,ag2312P5800,ag2312P5800,420.0,0.0,0.0,0.0,1,416.0,420.5,1,407.0,420.0,420.0,420.0,1.0,6300.0,28
2023-05-09 21:09:34,ag2312P5800,ag2312P5800,420.0,0.0,0.0,0.0,1,415.0,420.0,1,407.0,420.0,420.0,420.0,1.0,6300.0,28
2023-05-09 21:09:40,ag2312P5800,ag2312P5800,420.0,0.0,0.0,0.0,1,415.5,420.0,1,407.0,420.0,420.0,420.0,1.0,6300.0,28
2023-05-09 21:10:06,ag2312P5800,ag2312P5800,420.0,0.0,0.0,0.0,1,415.5,420.0,1,407.0,420.0,420.0,420.0,1.0,6300.0,28
2023-05-09 21:10:12,ag2312P5800,ag2312P5800,420.0,0.0,0.0,0.0,1,415.0,419.5,1,407.0,420.0,420.0,420.0,1.0,6300.0,28
2023-05-09 21:10:58,ag2312P5800,ag2312P5800,420.0,0.0,0.0,0.0,1,415.0,419.0,1,407.0,420.0,420.0,420.0,1.0,6300.0,28
2023-05-09 21:11:16,ag2312P5800,ag2312P5800,420.0,0.0,0.0,0.0,1,414.0,419.0,1,407.0,420.0,420.0,420.0,1.0,6300.0,28
2023-05-09 21:11:18,ag2312P5800,ag2312P5800,420.0,0.0,0.0,0.0,1,414.5,419.0,1,407.0,420.0,420.0,420.0,1.0,6300.0,28
2023-05-09 21:11:21,ag2312P5800,ag2312P5800,420.0,0.0,0.0,0.0,1,414.0,418.5,1,407.0,420.0,420.0,420.0,1.0,6300.0,28
2023-05-09 21:11:22,ag2312P5800,ag2312P5800,420.0,0.0,0.0,0.0,1,414.0,418.0,1,407.0,420.0,420.0,420.0,1.0,6300.0,28
2023-05-09 21:11:44,ag2312P5800,ag2312P5800,420.0,0.0,0.0,0.0,1,413.0,418.0,1,407.0,420.0,420.0,420.0,1.0,6300.0,28
2023-05-09 21:11:46,ag2312P5800,ag2312P5800,420.0,0.0,0.0,0.0,1,413.0,417.5,1,407.0,420.0,420.0,420.0,1.0,6300.0,28
2023-05-09 21:11:47,ag2312P5800,ag2312P5800,420.0,0.0,0.0,0.0,1,406.0,417.5,1,407.0,420.0,420.0,420.0,1.0,6300.0,28
2023-05-09 21:11:47,ag2312P5800,ag2312P5800,420.0,0.0,0.0,0.0,1,412.0,417.0,1,407.0,420.0,420.0,420.0,1.0,6300.0,28
2023-05-09 21:11:48,ag2312P5800,ag2312P5800,420.0,0.0,0.0,0.0,1,412.5,417.0,1,407.0,420.0,420.0,420.0,1.0,6300.0,28
2023-05-09 21:12:18,ag2312P5800,ag2312P5800,420.0,0.0,0.0,0.0,1,413.0,417.0,1,407.0,420.0,420.0,420.0,1.0,6300.0,28
2023-05-09 21:13:20,ag2312P5800,ag2312P5800,420.0,0.0,0.0,0.0,1,412.5,417.0,1,407.0,420.0,420.0,420.0,1.0,6300.0,28
2023-05-09 21:13:28,ag2312P5800,ag2312P5800,420.0,0.0,0.0,0.0,1,412.5,416.5,1,407.0,420.0,420.0,420.0,1.0,6300.0,28
2023-05-09 21:13:45,ag2312P5800,ag2312P5800,420.0,0.0,0.0,0.0,1,413.0,417.0,1,407.0,420.0,420.0,420.0,1.0,6300.0,28
2023-05-09 21:13:56,ag2312P5800,ag2312P5800,420.0,0.0,0.0,0.0,1,412.5,417.0,1,407.0,420.0,420.0,420.0,1.0,6300.0,28
2023-05-09 21:14:07,ag2312P5800,ag2312P5800,420.0,0.0,0.0,0.0,1,413.0,417.0,1,407.0,420.0,420.0,420.0,1.0,6300.0,28
2023-05-09 21:14:24,ag2312P5800,ag2312P5800,420.0,0.0,0.0,0.0,1,413.5,418.0,1,407.0,420.0,420.0,420.0,1.0,6300.0,28
2023-05-09 21:14:35,ag2312P5800,ag2312P5800,420.0,0.0,0.0,0.0,1,413.5,417.5,1,407.0,420.0,420.0,420.0,1.0,6300.0,28
2023-05-09 21:14:36,ag2312P5800,ag2312P5800,420.0,0.0,0.0,0.0,1,413.0,417.5,1,407.0,420.0,420.0,420.0,1.0,6300.0,28
2023-05-09 21:14:45,ag2312P5800,ag2312P5800,420.0,0.0,0.0,0.0,1,413.5,417.5,1,407.0,420.0,420.0,420.0,1.0,6300.0,28
2023-05-09 21:14:46,ag2312P5800,ag2312P5800,420.0,0.0,0.0,0.0,1,413.5,418.0,1,407.0,420.0,420.0,420.0,1.0,6300.0,28
2023-05-09 21:14:46,ag2312P5800,ag2312P5800,420.0,0.0,0.0,0.0,1,414.0,418.0,1,407.0,420.0,420.0,420.0,1.0,6300.0,28
2023-05-09 21:15:01,ag2312P5800,ag2312P5800,420.0,0.0,0.0,0.0,1,413.5,418.0,1,407.0,420.0,420.0,420.0,1.0,6300.0,28
2023-05-09 21:15:01,ag2312P5800,ag2312P5800,420.0,0.0,0.0,0.0,1,406.0,417.5,1,407.0,420.0,420.0,420.0,1.0,6300.0,28
2023-05-09 21:15:02,ag2312P5800,ag2312P5800,420.0,0.0,0.0,0.0,1,412.5,417.5,1,407.0,420.0,420.0,420.0,1.0,6300.0,28
2023-05-09 21:15:07,ag2312P5800,ag2312P5800,420.0,0.0,0.0,0.0,1,413.0,417.5,1,407.0,420.0,420.0,420.0,1.0,6300.0,28
2023-05-09 21:15:14,ag2312P5800,ag2312P5800,420.0,0.0,0.0,0.0,1,413.0,417.0,1,407.0,420.0,420.0,420.0,1.0,6300.0,28
2023-05-09 21:15:15,ag2312P5800,ag2312P5800,420.0,0.0,0.0,0.0,1,412.5,416.5,1,407.0,420.0,420.0,420.0,1.0,6300.0,28
2023-05-09 21:15:16,ag2312P5800,ag2312P5800,420.0,0.0,0.0,0.0,1,411.5,415.5,1,407.0,420.0,420.0,420.0,1.0,6300.0,28
2023-05-09 21:15:23,ag2312P5800,ag2312P5800,420.0,0.0,0.0,0.0,1,412.0,415.5,1,407.0,420.0,420.0,420.0,1.0,6300.0,28
2023-05-09 21:15:23,ag2312P5800,ag2312P5800,420.0,0.0,0.0,0.0,1,412.0,416.5,1,407.0,420.0,420.0,420.0,1.0,6300.0,28
2023-05-09 21:15:24,ag2312P5800,ag2312P5800,420.0,0.0,0.0,0.0,1,412.5,416.5,1,407.0,420.0,420.0,420.0,1.0,6300.0,28
2023-05-09 21:15:31,ag2312P5800,ag2312P5800,420.0,0.0,0.0,0.0,1,412.5,416.0,1,407.0,420.0,420.0,420.0,1.0,6300.0,28
2023-05-09 21:15:39,ag2312P5800,ag2312P5800,420.0,0.0,0.0,0.0,1,413.0,416.5,1,407.0,420.0,420.0,420.0,1.0,6300.0,28
2023-05-09 21:15:50,ag2312P5800,ag2312P5800,420.0,0.0,0.0,0.0,1,412.5,416.5,1,407.0,420.0,420.0,420.0,1.0,6300.0,28
2023-05-09 21:15:53,ag2312P5800,ag2312P5800,420.0,0.0,0.0,0.0,1,413.0,416.5,1,407.0,420.0,420.0,420.0,1.0,6300.0,28
2023-05-09 21:15:59,ag2312P5800,ag2312P5800,420.0,0.0,0.0,0.0,1,413.0,417.5,1,407.0,420.0,420.0,420.0,1.0,6300.0,28
2023-05-09 21:16:00,ag2312P5800,ag2312P5800,420.0,0.0,0.0,0.0,1,413.5,417.5,1,407.0,420.0,420.0,420.0,1.0,6300.0,28
2023-05-09 21:16:14,ag2312P5800,ag2312P5800,420.0,0.0,0.0,0.0,1,413.5,417.0,1,407.0,420.0,420.0,420.0,1.0,6300.0,28
2023-05-09 21:16:18,ag2312P5800,ag2312P5800,420.0,0.0,0.0,0.0,1,413.0,417.0,1,407.0,420.0,420.0,420.0,1.0,6300.0,28
2023-05-09 21:16:18,ag2312P5800,ag2312P5800,420.0,0.0,0.0,0.0,1,413.0,416.5,1,407.0,420.0,420.0,420.0,1.0,6300.0,28
2023-05-09 21:16:20,ag2312P5800,ag2312P5800,420.0,0.0,0.0,0.0,1,412.0,416.5,1,407.0,420.0,420.0,420.0,1.0,6300.0,28
2023-05-09 21:16:34,ag2312P5800,ag2312P5800,420.0,0.0,0.0,0.0,1,412.5,416.5,1,407.0,420.0,420.0,420.0,1.0,6300.0,28
2023-05-09 21:16:47,ag2312P5800,ag2312P5800,420.0,0.0,0.0,0.0,1,412.5,416.0,1,407.0,420.0,420.0,420.0,1.0,6300.0,28
2023-05-09 21:16:59,ag2312P5800,ag2312P5800,420.0,0.0,0.0,0.0,1,412.0,416.0,1,407.0,420.0,420.0,420.0,1.0,6300.0,28
2023-05-09 21:17:07,ag2312P5800,ag2312P5800,420.0,0.0,0.0,0.0,1,412.0,415.5,1,407.0,420.0,420.0,420.0,1.0,6300.0,28
2023-05-09 21:17:08,ag2312P5800,ag2312P5800,420.0,0.0,0.0,0.0,1,406.0,415.5,1,407.0,420.0,420.0,420.0,1.0,6300.0,28
2023-05-09 21:17:08,ag2312P5800,ag2312P5800,420.0,0.0,0.0,0.0,1,410.5,415.0,1,407.0,420.0,420.0,420.0,1.0,6300.0,28
2023-05-09 21:17:10,ag2312P5800,ag2312P5800,420.0,0.0,0.0,0.0,1,410.5,414.0,1,407.0,420.0,420.0,420.0,1.0,6300.0,28
2023-05-09 21:17:11,ag2312P5800,ag2312P5800,420.0,0.0,0.0,0.0,1,406.0,414.0,1,407.0,420.0,420.0,420.0,1.0,6300.0,28
2023-05-09 21:17:12,ag2312P5800,ag2312P5800,420.0,0.0,0.0,0.0,1,409.5,414.0,1,407.0,420.0,420.0,420.0,1.0,6300.0,28
2023-05-09 21:17:14,ag2312P5800,ag2312P5800,420.0,0.0,0.0,0.0,1,410.0,414.0,1,407.0,420.0,420.0,420.0,1.0,6300.0,28
2023-05-09 21:17:20,ag2312P5800,ag2312P5800,420.0,0.0,0.0,0.0,1,410.5,415.0,1,407.0,420.0,420.0,420.0,1.0,6300.0,28
2023-05-09 21:17:21,ag2312P5800,ag2312P5800,420.0,0.0,0.0,0.0,1,411.0,415.0,1,407.0,420.0,420.0,420.0,1.0,6300.0,28
2023-05-09 21:17:24,ag2312P5800,ag2312P5800,420.0,0.0,0.0,0.0,1,411.5,415.0,1,407.0,420.0,420.0,420.0,1.0,6300.0,28
2023-05-09 21:17:30,ag2312P5800,ag2312P5800,420.0,0.0,0.0,0.0,1,411.0,415.0,1,407.0,420.0,420.0,420.0,1.0,6300.0,28
2023-05-09 21:17:49,ag2312P5800,ag2312P5800,420.0,0.0,0.0,0.0,1,411.5,415.0,1,407.0,420.0,420.0,420.0,1.0,6300.0,28
2023-05-09 21:17:59,ag2312P5800,ag2312P5800,420.0,0.0,0.0,0.0,1,411.0,415.0,1,407.0,420.0,420.0,420.0,1.0,6300.0,28
2023-05-09 21:18:00,ag2312P5800,ag2312P5800,420.0,0.0,0.0,0.0,1,411.0,414.5,1,407.0,420.0,420.0,420.0,1.0,6300.0,28
2023-05-09 21:18:06,ag2312P5800,ag2312P5800,420.0,0.0,0.0,0.0,1,410.0,414.5,1,407.0,420.0,420.0,420.0,1.0,6300.0,28
2023-05-09 21:18:11,ag2312P5800,ag2312P5800,420.0,0.0,0.0,0.0,1,410.0,414.0,1,407.0,420.0,420.0,420.0,1.0,6300.0,28
2023-05-09 21:18:22,ag2312P5800,ag2312P5800,420.0,0.0,0.0,0.0,1,410.5,414.0,1,407.0,420.0,420.0,420.0,1.0,6300.0,28
2023-05-09 21:18:28,ag2312P5800,ag2312P5800,420.0,0.0,0.0,0.0,1,410.0,414.0,1,407.0,420.0,420.0,420.0,1.0,6300.0,28
2023-05-09 21:18:33,ag2312P5800,ag2312P5800,420.0,0.0,0.0,0.0,1,406.0,413.5,1,407.0,420.0,420.0,420.0,1.0,6300.0,28
2023-05-09 21:18:34,ag2312P5800,ag2312P5800,420.0,0.0,0.0,0.0,1,408.5,413.5,1,407.0,420.0,420.0,420.0,1.0,6300.0,28
2023-05-09 21:18:35,ag2312P5800,ag2312P5800,420.0,0.0,0.0,0.0,1,409.0,413.5,1,407.0,420.0,420.0,420.0,1.0,6300.0,28
2023-05-09 21:18:53,ag2312P5800,ag2312P5800,420.0,0.0,0.0,0.0,1,409.5,413.5,1,407.0,420.0,420.0,420.0,1.0,6300.0,28
2023-05-09 21:19:21,ag2312P5800,ag2312P5800,420.0,0.0,0.0,0.0,1,410.0,413.5,1,407.0,420.0,420.0,420.0,1.0,6300.0,28
2023-05-09 21:20:00,ag2312P5800,ag2312P5800,420.0,0.0,0.0,0.0,1,410.5,414.0,1,407.0,420.0,420.0,420.0,1.0,6300.0,28
2023-05-09 21:20:09,ag2312P5800,ag2312P5800,420.0,0.0,0.0,0.0,1,410.0,414.0,1,407.0,420.0,420.0,420.0,1.0,6300.0,28
2023-05-09 21:20:17,ag2312P5800,ag2312P5800,420.0,0.0,0.0,0.0,1,406.0,413.5,1,407.0,420.0,420.0,420.0,1.0,6300.0,28
2023-05-09 21:20:17,ag2312P5800,ag2312P5800,420.0,0.0,0.0,0.0,1,409.0,413.5,1,407.0,420.0,420.0,420.0,1.0,6300.0,28
2023-05-09 21:20:21,ag2312P5800,ag2312P5800,420.0,0.0,0.0,0.0,1,409.0,413.0,1,407.0,420.0,420.0,420.0,1.0,6300.0,28
2023-05-09 21:20:59,ag2312P5800,ag2312P5800,420.0,0.0,0.0,0.0,1,408.0,412.5,1,407.0,420.0,420.0,420.0,1.0,6300.0,28
2023-05-09 21:21:16,ag2312P5800,ag2312P5800,420.0,0.0,0.0,0.0,1,408.0,411.5,1,407.0,420.0,420.0,420.0,1.0,6300.0,28
2023-05-09 21:21:16,ag2312P5800,ag2312P5800,420.0,0.0,0.0,0.0,1,406.0,411.5,1,407.0,420.0,420.0,420.0,1.0,6300.0,28
2023-05-09 21:21:17,ag2312P5800,ag2312P5800,420.0,0.0,0.0,0.0,1,407.0,411.5,1,407.0,420.0,420.0,420.0,1.0,6300.0,28
2023-05-09 21:21:20,ag2312P5800,ag2312P5800,420.0,0.0,0.0,0.0,1,407.5,411.5,1,407.0,420.0,420.0,420.0,1.0,6300.0,28
2023-05-09 21:21:23,ag2312P5800,ag2312P5800,420.0,0.0,0.0,0.0,1,408.0,412.5,1,407.0,420.0,420.0,420.0,1.0,6300.0,28
2023-05-09 21:21:58,ag2312P5800,ag2312P5800,420.0,0.0,0.0,0.0,1,408.5,412.5,1,407.0,420.0,420.0,420.0,1.0,6300.0,28
2023-05-09 21:22:00,ag2312P5800,ag2312P5800,420.0,0.0,0.0,0.0,1,408.5,432.0,1,407.0,420.0,420.0,420.0,1.0,6300.0,28
2023-05-09 21:22:01,ag2312P5800,ag2312P5800,420.0,0.0,0.0,0.0,1,409.5,413.5,1,407.0,420.0,420.0,420.0,1.0,6300.0,28
2023-05-09 21:22:18,ag2312P5800,ag2312P5800,420.0,0.0,0.0,0.0,1,408.5,413.5,1,407.0,420.0,420.0,420.0,1.0,6300.0,28
2023-05-09 21:22:22,ag2312P5800,ag2312P5800,420.0,0.0,0.0,0.0,1,409.0,413.5,1,407.0,420.0,420.0,420.0,1.0,6300.0,28
2023-05-09 21:22:23,ag2312P5800,ag2312P5800,420.0,0.0,0.0,0.0,1,409.0,413.0,1,407.0,420.0,420.0,420.0,1.0,6300.0,28
2023-05-09 21:22:28,ag2312P5800,ag2312P5800,420.0,0.0,0.0,0.0,1,408.5,412.5,1,407.0,420.0,420.0,420.0,1.0,6300.0,28
2023-05-09 21:22:33,ag2312P5800,ag2312P5800,420.0,0.0,0.0,0.0,1,408.5,412.0,1,407.0,420.0,420.0,420.0,1.0,6300.0,28
2023-05-09 21:22:35,ag2312P5800,ag2312P5800,420.0,0.0,0.0,0.0,1,407.5,412.0,1,407.0,420.0,420.0,420.0,1.0,6300.0,28
2023-05-09 21:22:40,ag2312P5800,ag2312P5800,420.0,0.0,0.0,0.0,1,408.0,412.0,1,407.0,420.0,420.0,420.0,1.0,6300.0,28
2023-05-09 21:22:52,ag2312P5800,ag2312P5800,420.0,0.0,0.0,0.0,1,408.5,412.0,1,407.0,420.0,420.0,420.0,1.0,6300.0,28
2023-05-09 21:23:10,ag2312P5800,ag2312P5800,420.0,0.0,0.0,0.0,1,408.0,412.0,1,407.0,420.0,420.0,420.0,1.0,6300.0,28
2023-05-09 21:23:15,ag2312P5800,ag2312P5800,420.0,0.0,0.0,0.0,1,408.5,412.0,1,407.0,420.0,420.0,420.0,1.0,6300.0,28
2023-05-09 21:23:15,ag2312P5800,ag2312P5800,420.0,0.0,0.0,0.0,1,409.0,412.5,1,407.0,420.0,420.0,420.0,1.0,6300.0,28
2023-05-09 21:24:10,ag2312P5800,ag2312P5800,420.0,0.0,0.0,0.0,1,409.5,413.5,1,407.0,420.0,420.0,420.0,1.0,6300.0,28
2023-05-09 21:25:03,ag2312P5800,ag2312P5800,420.0,0.0,0.0,0.0,1,409.0,413.0,1,407.0,420.0,420.0,420.0,1.0,6300.0,28
2023-05-09 21:25:14,ag2312P5800,ag2312P5800,420.0,0.0,0.0,0.0,1,409.0,412.5,1,407.0,420.0,420.0,420.0,1.0,6300.0,28
2023-05-09 21:25:15,ag2312P5800,ag2312P5800,420.0,0.0,0.0,0.0,1,408.0,412.5,1,407.0,420.0,420.0,420.0,1.0,6300.0,28
2023-05-09 21:25:28,ag2312P5800,ag2312P5800,420.0,0.0,0.0,0.0,1,408.0,412.0,1,407.0,420.0,420.0,420.0,1.0,6300.0,28
2023-05-09 21:26:02,ag2312P5800,ag2312P5800,420.0,0.0,0.0,0.0,1,406.0,411.5,1,407.0,420.0,420.0,420.0,1.0,6300.0,28
2023-05-09 21:26:03,ag2312P5800,ag2312P5800,420.0,0.0,0.0,0.0,1,407.0,411.5,1,407.0,420.0,420.0,420.0,1.0,6300.0,28
2023-05-09 21:26:22,ag2312P5800,ag2312P5800,420.0,0.0,0.0,0.0,1,407.5,411.5,1,407.0,420.0,420.0,420.0,1.0,6300.0,28
2023-05-09 21:26:28,ag2312P5800,ag2312P5800,420.0,0.0,0.0,0.0,1,408.0,411.5,1,407.0,420.0,420.0,420.0,1.0,6300.0,28
2023-05-09 21:26:41,ag2312P5800,ag2312P5800,420.0,0.0,0.0,0.0,1,408.5,412.0,1,407.0,420.0,420.0,420.0,1.0,6300.0,28
2023-05-09 21:26:53,ag2312P5800,ag2312P5800,420.0,0.0,0.0,0.0,1,408.0,412.0,1,407.0,420.0,420.0,420.0,1.0,6300.0,28
2023-05-09 21:27:17,ag2312P5800,ag2312P5800,420.0,0.0,0.0,0.0,1,408.0,411.5,1,407.0,420.0,420.0,420.0,1.0,6300.0,28
2023-05-09 21:28:10,ag2312P5800,ag2312P5800,420.0,0.0,0.0,0.0,1,408.0,412.0,1,407.0,420.0,420.0,420.0,1.0,6300.0,28
2023-05-09 21:28:13,ag2312P5800,ag2312P5800,420.0,0.0,0.0,0.0,1,408.5,412.0,1,407.0,420.0,420.0,420.0,1.0,6300.0,28
2023-05-09 21:28:18,ag2312P5800,ag2312P5800,420.0,0.0,0.0,0.0,1,408.5,413.0,1,407.0,420.0,420.0,420.0,1.0,6300.0,28
2023-05-09 21:28:22,ag2312P5800,ag2312P5800,420.0,0.0,0.0,0.0,1,409.0,413.0,1,407.0,420.0,420.0,420.0,1.0,6300.0,28
2023-05-09 21:28:54,ag2312P5800,ag2312P5800,420.0,0.0,0.0,0.0,1,409.5,413.0,1,407.0,420.0,420.0,420.0,1.0,6300.0,28
2023-05-09 21:29:12,ag2312P5800,ag2312P5800,420.0,0.0,0.0,0.0,1,409.5,414.0,1,407.0,420.0,420.0,420.0,1.0,6300.0,28
2023-05-09 21:29:19,ag2312P5800,ag2312P5800,420.0,0.0,0.0,0.0,1,410.0,414.0,1,407.0,420.0,420.0,420.0,1.0,6300.0,28
2023-05-09 21:30:02,ag2312P5800,ag2312P5800,420.0,0.0,0.0,0.0,1,410.5,432.0,1,407.0,420.0,420.0,420.0,1.0,6300.0,28
2023-05-09 21:30:03,ag2312P5800,ag2312P5800,420.0,0.0,0.0,0.0,1,410.5,415.5,1,407.0,420.0,420.0,420.0,1.0,6300.0,28
2023-05-09 21:30:04,ag2312P5800,ag2312P5800,420.0,0.0,0.0,0.0,1,411.0,415.5,1,407.0,420.0,420.0,420.0,1.0,6300.0,28
2023-05-09 21:30:10,ag2312P5800,ag2312P5800,420.0,0.0,0.0,0.0,1,411.5,415.5,1,407.0,420.0,420.0,420.0,1.0,6300.0,28
2023-05-09 21:30:11,ag2312P5800,ag2312P5800,420.0,0.0,0.0,0.0,1,412.0,415.5,1,407.0,420.0,420.0,420.0,1.0,6300.0,28
2023-05-09 21:30:17,ag2312P5800,ag2312P5800,420.0,0.0,0.0,0.0,1,411.5,415.5,1,407.0,420.0,420.0,420.0,1.0,6300.0,28
2023-05-09 21:30:19,ag2312P5800,ag2312P5800,420.0,0.0,0.0,0.0,1,410.5,415.0,1,407.0,420.0,420.0,420.0,1.0,6300.0,28
2023-05-09 21:30:26,ag2312P5800,ag2312P5800,420.0,0.0,0.0,0.0,1,410.5,414.5,1,407.0,420.0,420.0,420.0,1.0,6300.0,28
2023-05-09 21:30:48,ag2312P5800,ag2312P5800,420.0,0.0,0.0,0.0,1,411.0,414.5,1,407.0,420.0,420.0,420.0,1.0,6300.0,28
2023-05-09 21:30:56,ag2312P5800,ag2312P5800,420.0,0.0,0.0,0.0,1,410.5,414.5,1,407.0,420.0,420.0,420.0,1.0,6300.0,28
2023-05-09 21:31:05,ag2312P5800,ag2312P5800,420.0,0.0,0.0,0.0,1,406.0,414.0,1,407.0,420.0,420.0,420.0,1.0,6300.0,28
2023-05-09 21:31:06,ag2312P5800,ag2312P5800,420.0,0.0,0.0,0.0,1,409.5,414.0,1,407.0,420.0,420.0,420.0,1.0,6300.0,28
2023-05-09 21:31:12,ag2312P5800,ag2312P5800,420.0,0.0,0.0,0.0,1,409.5,413.5,1,407.0,420.0,420.0,420.0,1.0,6300.0,28
2023-05-09 21:31:20,ag2312P5800,ag2312P5800,420.0,0.0,0.0,0.0,1,408.5,413.5,1,407.0,420.0,420.0,420.0,1.0,6300.0,28
2023-05-09 21:31:22,ag2312P5800,ag2312P5800,420.0,0.0,0.0,0.0,1,408.5,413.0,1,407.0,420.0,420.0,420.0,1.0,6300.0,28
2023-05-09 21:31:26,ag2312P5800,ag2312P5800,420.0,0.0,0.0,0.0,1,409.0,413.0,1,407.0,420.0,420.0,420.0,1.0,6300.0,28
2023-05-09 21:31:27,ag2312P5800,ag2312P5800,420.0,0.0,0.0,0.0,1,409.5,413.0,1,407.0,420.0,420.0,420.0,1.0,6300.0,28
2023-05-09 21:31:27,ag2312P5800,ag2312P5800,420.0,0.0,0.0,0.0,1,409.5,413.5,1,407.0,420.0,420.0,420.0,1.0,6300.0,28
2023-05-09 21:31:37,ag2312P5800,ag2312P5800,420.0,0.0,0.0,0.0,1,409.5,413.0,1,407.0,420.0,420.0,420.0,1.0,6300.0,28
2023-05-09 21:31:38,ag2312P5800,ag2312P5800,420.0,0.0,0.0,0.0,1,409.0,413.0,1,407.0,420.0,420.0,420.0,1.0,6300.0,28
2023-05-09 21:31:51,ag2312P5800,ag2312P5800,420.0,0.0,0.0,0.0,1,408.0,412.5,1,407.0,420.0,420.0,420.0,1.0,6300.0,28
2023-05-09 21:32:16,ag2312P5800,ag2312P5800,420.0,0.0,0.0,0.0,1,408.0,411.5,1,407.0,420.0,420.0,420.0,1.0,6300.0,28
2023-05-09 21:32:51,ag2312P5800,ag2312P5800,420.0,0.0,0.0,0.0,1,407.0,411.5,1,407.0,420.0,420.0,420.0,1.0,6300.0,28
2023-05-09 21:33:00,ag2312P5800,ag2312P5800,420.0,0.0,0.0,0.0,1,407.5,411.5,1,407.0,420.0,420.0,420.0,1.0,6300.0,28
2023-05-09 21:33:03,ag2312P5800,ag2312P5800,420.0,0.0,0.0,0.0,1,408.5,412.5,1,407.0,420.0,420.0,420.0,1.0,6300.0,28
2023-05-09 21:33:06,ag2312P5800,ag2312P5800,420.0,0.0,0.0,0.0,1,408.0,412.5,1,407.0,420.0,420.0,420.0,1.0,6300.0,28
2023-05-09 21:33:07,ag2312P5800,ag2312P5800,420.0,0.0,0.0,0.0,1,408.0,412.0,1,407.0,420.0,420.0,420.0,1.0,6300.0,28
2023-05-09 21:33:12,ag2312P5800,ag2312P5800,420.0,0.0,0.0,0.0,1,406.0,411.5,1,407.0,420.0,420.0,420.0,1.0,6300.0,28
2023-05-09 21:33:13,ag2312P5800,ag2312P5800,420.0,0.0,0.0,0.0,1,407.5,411.5,1,407.0,420.0,420.0,420.0,1.0,6300.0,28
2023-05-09 21:33:15,ag2312P5800,ag2312P5800,420.0,0.0,0.0,0.0,1,408.0,411.5,1,407.0,420.0,420.0,420.0,1.0,6300.0,28
2023-05-09 21:34:03,ag2312P5800,ag2312P5800,420.0,0.0,0.0,0.0,1,408.5,412.0,1,407.0,420.0,420.0,420.0,1.0,6300.0,28
2023-05-09 21:34:11,ag2312P5800,ag2312P5800,420.0,0.0,0.0,0.0,1,408.5,413.0,1,407.0,420.0,420.0,420.0,1.0,6300.0,28
2023-05-09 21:34:29,ag2312P5800,ag2312P5800,420.0,0.0,0.0,0.0,1,409.0,413.0,1,407.0,420.0,420.0,420.0,1.0,6300.0,28
2023-05-09 21:34:43,ag2312P5800,ag2312P5800,420.0,0.0,0.0,0.0,1,408.5,412.5,1,407.0,420.0,420.0,420.0,1.0,6300.0,28
2023-05-09 21:34:55,ag2312P5800,ag2312P5800,420.0,0.0,0.0,0.0,1,408.5,412.0,1,407.0,420.0,420.0,420.0,1.0,6300.0,28
2023-05-09 21:35:01,ag2312P5800,ag2312P5800,420.0,0.0,0.0,0.0,1,407.5,412.0,1,407.0,420.0,420.0,420.0,1.0,6300.0,28
2023-05-09 21:35:06,ag2312P5800,ag2312P5800,420.0,0.0,0.0,0.0,1,407.5,411.5,1,407.0,420.0,420.0,420.0,1.0,6300.0,28
2023-05-09 21:35:17,ag2312P5800,ag2312P5800,420.0,0.0,0.0,0.0,1,406.5,411.0,1,407.0,420.0,420.0,420.0,1.0,6300.0,28
2023-05-09 21:35:17,ag2312P5800,ag2312P5800,420.0,0.0,0.0,0.0,1,406.5,411.0,1,407.0,420.0,420.0,420.0,1.0,6300.0,28
2023-05-09 21:35:18,ag2312P5800,ag2312P5800,420.0,0.0,0.0,0.0,1,406.5,410.5,1,407.0,420.0,420.0,420.0,1.0,6300.0,28
2023-05-09 21:35:19,ag2312P5800,ag2312P5800,420.0,0.0,0.0,0.0,1,400.0,410.5,1,407.0,420.0,420.0,420.0,1.0,6300.0,28
2023-05-09 21:35:19,ag2312P5800,ag2312P5800,420.0,0.0,0.0,0.0,1,405.5,409.5,1,407.0,420.0,420.0,420.0,1.0,6300.0,28
2023-05-09 21:35:30,ag2312P5800,ag2312P5800,420.0,0.0,0.0,0.0,1,404.5,409.5,1,407.0,420.0,420.0,420.0,1.0,6300.0,28
2023-05-09 21:35:31,ag2312P5800,ag2312P5800,420.0,0.0,0.0,0.0,1,404.5,408.5,1,407.0,420.0,420.0,420.0,1.0,6300.0,28
2023-05-09 21:35:33,ag2312P5800,ag2312P5800,420.0,0.0,0.0,0.0,1,403.5,408.5,1,407.0,420.0,420.0,420.0,1.0,6300.0,28
2023-05-09 21:35:33,ag2312P5800,ag2312P5800,420.0,0.0,0.0,0.0,1,404.0,408.5,1,407.0,420.0,420.0,420.0,1.0,6300.0,28
2023-05-09 21:35:52,ag2312P5800,ag2312P5800,420.0,0.0,0.0,0.0,1,404.5,408.5,1,407.0,420.0,420.0,420.0,1.0,6300.0,28
2023-05-09 21:36:01,ag2312P5800,ag2312P5800,420.0,0.0,0.0,0.0,1,405.0,408.5,1,407.0,420.0,420.0,420.0,1.0,6300.0,28
2023-05-09 21:36:17,ag2312P5800,ag2312P5800,420.0,0.0,0.0,0.0,1,405.0,409.5,1,407.0,420.0,420.0,420.0,1.0,6300.0,28
2023-05-09 21:36:21,ag2312P5800,ag2312P5800,420.0,0.0,0.0,0.0,1,405.0,409.0,1,407.0,420.0,420.0,420.0,1.0,6300.0,28
2023-05-09 21:36:24,ag2312P5800,ag2312P5800,420.0,0.0,0.0,0.0,1,400.0,408.5,1,407.0,420.0,420.0,420.0,1.0,6300.0,28
2023-05-09 21:36:25,ag2312P5800,ag2312P5800,420.0,0.0,0.0,0.0,1,400.0,407.5,1,407.0,420.0,420.0,420.0,1.0,6300.0,28
2023-05-09 21:36:28,ag2312P5800,ag2312P5800,420.0,0.0,0.0,0.0,1,404.0,407.5,1,407.0,420.0,420.0,420.0,1.0,6300.0,28
2023-05-09 21:36:31,ag2312P5800,ag2312P5800,420.0,0.0,0.0,0.0,1,404.0,408.5,1,407.0,420.0,420.0,420.0,1.0,6300.0,28
2023-05-09 21:36:31,ag2312P5800,ag2312P5800,420.0,0.0,0.0,0.0,1,404.5,408.5,1,407.0,420.0,420.0,420.0,1.0,6300.0,28
2023-05-09 21:36:35,ag2312P5800,ag2312P5800,420.0,0.0,0.0,0.0,1,405.0,408.5,1,407.0,420.0,420.0,420.0,1.0,6300.0,28
2023-05-09 21:36:53,ag2312P5800,ag2312P5800,420.0,0.0,0.0,0.0,1,405.5,409.5,1,407.0,420.0,420.0,420.0,1.0,6300.0,28
2023-05-09 21:36:58,ag2312P5800,ag2312P5800,420.0,0.0,0.0,0.0,1,405.5,409.0,1,407.0,420.0,420.0,420.0,1.0,6300.0,28
2023-05-09 21:36:59,ag2312P5800,ag2312P5800,420.0,0.0,0.0,0.0,1,405.0,409.0,1,407.0,420.0,420.0,420.0,1.0,6300.0,28
2023-05-09 21:37:10,ag2312P5800,ag2312P5800,420.0,0.0,0.0,0.0,1,405.5,409.0,1,407.0,420.0,420.0,420.0,1.0,6300.0,28
2023-05-09 21:37:21,ag2312P5800,ag2312P5800,420.0,0.0,0.0,0.0,1,406.0,409.5,1,407.0,420.0,420.0,420.0,1.0,6300.0,28
2023-05-09 21:37:50,ag2312P5800,ag2312P5800,420.0,0.0,0.0,0.0,1,406.0,432.0,1,407.0,420.0,420.0,420.0,1.0,6300.0,28
2023-05-09 21:37:51,ag2312P5800,ag2312P5800,420.0,0.0,0.0,0.0,1,406.0,410.5,1,407.0,420.0,420.0,420.0,1.0,6300.0,28
2023-05-09 21:38:12,ag2312P5800,ag2312P5800,420.0,0.0,0.0,0.0,1,406.5,432.0,1,407.0,420.0,420.0,420.0,1.0,6300.0,28
2023-05-09 21:38:13,ag2312P5800,ag2312P5800,420.0,0.0,0.0,0.0,1,406.5,412.0,1,407.0,420.0,420.0,420.0,1.0,6300.0,28
2023-05-09 21:38:14,ag2312P5800,ag2312P5800,420.0,0.0,0.0,0.0,1,407.0,412.0,1,407.0,420.0,420.0,420.0,1.0,6300.0,28
2023-05-09 21:38:15,ag2312P5800,ag2312P5800,420.0,0.0,0.0,0.0,1,407.0,411.5,1,407.0,420.0,420.0,420.0,1.0,6300.0,28
2023-05-09 21:38:23,ag2312P5800,ag2312P5800,420.0,0.0,0.0,0.0,1,407.0,411.0,1,407.0,420.0,420.0,420.0,1.0,6300.0,28
2023-05-09 21:38:24,ag2312P5800,ag2312P5800,420.0,0.0,0.0,0.0,1,406.5,411.0,1,407.0,420.0,420.0,420.0,1.0,6300.0,28
2023-05-09 21:38:35,ag2312P5800,ag2312P5800,420.0,0.0,0.0,0.0,1,407.0,411.0,1,407.0,420.0,420.0,420.0,1.0,6300.0,28
2023-05-09 21:38:40,ag2312P5800,ag2312P5800,420.0,0.0,0.0,0.0,1,407.5,411.0,1,407.0,420.0,420.0,420.0,1.0,6300.0,28
2023-05-09 21:38:41,ag2312P5800,ag2312P5800,420.0,0.0,0.0,0.0,1,407.5,411.5,1,407.0,420.0,420.0,420.0,1.0,6300.0,28
2023-05-09 21:38:52,ag2312P5800,ag2312P5800,420.0,0.0,0.0,0.0,1,407.0,411.5,1,407.0,420.0,420.0,420.0,1.0,6300.0,28
2023-05-09 21:39:18,ag2312P5800,ag2312P5800,420.0,0.0,0.0,0.0,1,407.0,411.0,1,407.0,420.0,420.0,420.0,1.0,6300.0,28
2023-05-09 21:39:59,ag2312P5800,ag2312P5800,420.0,0.0,0.0,0.0,1,407.5,411.0,1,407.0,420.0,420.0,420.0,1.0,6300.0,28
2023-05-09 21:40:12,ag2312P5800,ag2312P5800,420.0,0.0,0.0,0.0,1,407.0,411.0,1,407.0,420.0,420.0,420.0,1.0,6300.0,28
2023-05-09 21:40:29,ag2312P5800,ag2312P5800,420.0,0.0,0.0,0.0,1,406.0,411.0,1,407.0,420.0,420.0,420.0,1.0,6300.0,28
2023-05-09 21:40:47,ag2312P5800,ag2312P5800,420.0,0.0,0.0,0.0,1,400.0,410.5,1,407.0,420.0,420.0,420.0,1.0,6300.0,28
2023-05-09 21:40:48,ag2312P5800,ag2312P5800,420.0,0.0,0.0,0.0,1,405.0,409.5,1,407.0,420.0,420.0,420.0,1.0,6300.0,28
2023-05-09 21:40:56,ag2312P5800,ag2312P5800,420.0,0.0,0.0,0.0,1,405.0,409.0,1,407.0,420.0,420.0,420.0,1.0,6300.0,28
2023-05-09 21:41:11,ag2312P5800,ag2312P5800,420.0,0.0,0.0,0.0,1,400.0,409.0,1,407.0,420.0,420.0,420.0,1.0,6300.0,28
2023-05-09 21:41:12,ag2312P5800,ag2312P5800,420.0,0.0,0.0,0.0,1,404.5,409.0,1,407.0,420.0,420.0,420.0,1.0,6300.0,28
2023-05-09 21:41:14,ag2312P5800,ag2312P5800,420.0,0.0,0.0,0.0,1,404.5,408.5,1,407.0,420.0,420.0,420.0,1.0,6300.0,28
2023-05-09 21:41:15,ag2312P5800,ag2312P5800,420.0,0.0,0.0,0.0,1,403.5,408.5,1,407.0,420.0,420.0,420.0,1.0,6300.0,28
2023-05-09 21:41:17,ag2312P5800,ag2312P5800,420.0,0.0,0.0,0.0,1,400.0,407.5,1,407.0,420.0,420.0,420.0,1.0,6300.0,28
2023-05-09 21:41:18,ag2312P5800,ag2312P5800,420.0,0.0,0.0,0.0,1,401.0,407.5,1,407.0,420.0,420.0,420.0,1.0,6300.0,28
2023-05-09 21:41:18,ag2312P5800,ag2312P5800,420.0,0.0,0.0,0.0,1,401.0,405.5,1,407.0,420.0,420.0,420.0,1.0,6300.0,28
2023-05-09 21:41:19,ag2312P5800,ag2312P5800,420.0,0.0,0.0,0.0,1,401.5,405.5,1,407.0,420.0,420.0,420.0,1.0,6300.0,28
2023-05-09 21:41:20,ag2312P5800,ag2312P5800,420.0,0.0,0.0,0.0,1,401.5,407.5,1,407.0,420.0,420.0,420.0,1.0,6300.0,28
2023-05-09 21:41:21,ag2312P5800,ag2312P5800,420.0,0.0,0.0,0.0,1,401.5,406.0,1,407.0,420.0,420.0,420.0,1.0,6300.0,28
2023-05-09 21:41:24,ag2312P5800,ag2312P5800,420.0,0.0,0.0,0.0,1,402.0,406.0,1,407.0,420.0,420.0,420.0,1.0,6300.0,28
2023-05-09 21:41:31,ag2312P5800,ag2312P5800,420.0,0.0,0.0,0.0,1,402.5,406.0,1,407.0,420.0,420.0,420.0,1.0,6300.0,28
2023-05-09 21:41:40,ag2312P5800,ag2312P5800,420.0,0.0,0.0,0.0,1,402.0,406.0,1,407.0,420.0,420.0,420.0,1.0,6300.0,28
2023-05-09 21:41:52,ag2312P5800,ag2312P5800,420.0,0.0,0.0,0.0,1,402.5,406.0,1,407.0,420.0,420.0,420.0,1.0,6300.0,28
2023-05-09 21:41:53,ag2312P5800,ag2312P5800,420.0,0.0,0.0,0.0,1,402.5,407.5,1,407.0,420.0,420.0,420.0,1.0,6300.0,28
2023-05-09 21:41:53,ag2312P5800,ag2312P5800,420.0,0.0,0.0,0.0,1,402.5,407.0,1,407.0,420.0,420.0,420.0,1.0,6300.0,28
2023-05-09 21:42:06,ag2312P5800,ag2312P5800,420.0,0.0,0.0,0.0,1,402.5,406.5,1,407.0,420.0,420.0,420.0,1.0,6300.0,28
2023-05-09 21:42:30,ag2312P5800,ag2312P5800,420.0,0.0,0.0,0.0,1,403.0,406.5,1,407.0,420.0,420.0,420.0,1.0,6300.0,28
2023-05-09 21:42:49,ag2312P5800,ag2312P5800,420.0,0.0,0.0,0.0,1,402.5,406.5,1,407.0,420.0,420.0,420.0,1.0,6300.0,28
2023-05-09 21:42:58,ag2312P5800,ag2312P5800,420.0,0.0,0.0,0.0,1,401.5,406.5,1,407.0,420.0,420.0,420.0,1.0,6300.0,28
2023-05-09 21:42:58,ag2312P5800,ag2312P5800,420.0,0.0,0.0,0.0,1,402.0,406.5,1,407.0,420.0,420.0,420.0,1.0,6300.0,28
2023-05-09 21:42:59,ag2312P5800,ag2312P5800,420.0,0.0,0.0,0.0,1,402.0,406.0,1,407.0,420.0,420.0,420.0,1.0,6300.0,28
2023-05-09 21:43:02,ag2312P5800,ag2312P5800,420.0,0.0,0.0,0.0,1,401.5,406.0,1,407.0,420.0,420.0,420.0,1.0,6300.0,28
2023-05-09 21:43:03,ag2312P5800,ag2312P5800,420.0,0.0,0.0,0.0,1,401.5,405.5,1,407.0,420.0,420.0,420.0,1.0,6300.0,28
2023-05-09 21:43:04,ag2312P5800,ag2312P5800,420.0,0.0,0.0,0.0,1,400.5,405.5,1,407.0,420.0,420.0,420.0,1.0,6300.0,28
2023-05-09 21:43:06,ag2312P5800,ag2312P5800,420.0,0.0,0.0,0.0,1,401.0,405.5,1,407.0,420.0,420.0,420.0,1.0,6300.0,28
2023-05-09 21:43:08,ag2312P5800,ag2312P5800,420.0,0.0,0.0,0.0,1,401.5,405.5,1,407.0,420.0,420.0,420.0,1.0,6300.0,28
2023-05-09 21:43:13,ag2312P5800,ag2312P5800,420.0,0.0,0.0,0.0,1,401.0,405.5,1,407.0,420.0,420.0,420.0,1.0,6300.0,28
2023-05-09 21:43:30,ag2312P5800,ag2312P5800,420.0,0.0,0.0,0.0,1,401.5,405.5,1,407.0,420.0,420.0,420.0,1.0,6300.0,28
2023-05-09 21:43:45,ag2312P5800,ag2312P5800,420.0,0.0,0.0,0.0,1,402.0,405.5,1,407.0,420.0,420.0,420.0,1.0,6300.0,28
2023-05-09 21:44:00,ag2312P5800,ag2312P5800,420.0,0.0,0.0,0.0,1,402.0,406.0,1,407.0,420.0,420.0,420.0,1.0,6300.0,28
2023-05-09 21:44:18,ag2312P5800,ag2312P5800,420.0,0.0,0.0,0.0,1,401.5,406.0,1,407.0,420.0,420.0,420.0,1.0,6300.0,28
2023-05-09 21:44:19,ag2312P5800,ag2312P5800,420.0,0.0,0.0,0.0,1,401.5,405.5,1,407.0,420.0,420.0,420.0,1.0,6300.0,28
2023-05-09 21:44:22,ag2312P5800,ag2312P5800,420.0,0.0,0.0,0.0,1,400.5,405.0,1,407.0,420.0,420.0,420.0,1.0,6300.0,28
2023-05-09 21:44:24,ag2312P5800,ag2312P5800,420.0,0.0,0.0,0.0,1,401.0,405.0,1,407.0,420.0,420.0,420.0,1.0,6300.0,28
2023-05-09 21:44:37,ag2312P5800,ag2312P5800,420.0,0.0,0.0,0.0,1,401.5,405.0,1,407.0,420.0,420.0,420.0,1.0,6300.0,28
2023-05-09 21:44:41,ag2312P5800,ag2312P5800,420.0,0.0,0.0,0.0,1,401.5,405.5,1,407.0,420.0,420.0,420.0,1.0,6300.0,28
2023-05-09 21:45:29,ag2312P5800,ag2312P5800,420.0,0.0,0.0,0.0,1,402.0,405.5,1,407.0,420.0,420.0,420.0,1.0,6300.0,28
2023-05-09 21:45:33,ag2312P5800,ag2312P5800,420.0,0.0,0.0,0.0,1,402.0,406.5,1,407.0,420.0,420.0,420.0,1.0,6300.0,28
2023-05-09 21:45:41,ag2312P5800,ag2312P5800,420.0,0.0,0.0,0.0,1,402.5,406.5,1,407.0,420.0,420.0,420.0,1.0,6300.0,28
2023-05-09 21:45:58,ag2312P5800,ag2312P5800,420.0,0.0,0.0,0.0,1,402.0,406.5,1,407.0,420.0,420.0,420.0,1.0,6300.0,28
2023-05-09 21:46:05,ag2312P5800,ag2312P5800,420.0,0.0,0.0,0.0,1,402.0,406.0,1,407.0,420.0,420.0,420.0,1.0,6300.0,28
2023-05-09 21:46:09,ag2312P5800,ag2312P5800,420.0,0.0,0.0,0.0,1,400.0,405.5,1,407.0,420.0,420.0,420.0,1.0,6300.0,28
2023-05-09 21:46:10,ag2312P5800,ag2312P5800,420.0,0.0,0.0,0.0,1,401.0,405.5,1,407.0,420.0,420.0,420.0,1.0,6300.0,28
2023-05-09 21:46:14,ag2312P5800,ag2312P5800,420.0,0.0,0.0,0.0,1,401.5,405.5,1,407.0,420.0,420.0,420.0,1.0,6300.0,28
2023-05-09 21:46:17,ag2312P5800,ag2312P5800,420.0,0.0,0.0,0.0,1,402.0,405.5,1,407.0,420.0,420.0,420.0,1.0,6300.0,28
2023-05-09 21:46:34,ag2312P5800,ag2312P5800,420.0,0.0,0.0,0.0,1,402.0,406.0,1,407.0,420.0,420.0,420.0,1.0,6300.0,28
2023-05-09 21:46:38,ag2312P5800,ag2312P5800,420.0,0.0,0.0,0.0,1,402.5,406.0,1,407.0,420.0,420.0,420.0,1.0,6300.0,28
2023-05-09 21:46:43,ag2312P5800,ag2312P5800,420.0,0.0,0.0,0.0,1,402.0,406.0,1,407.0,420.0,420.0,420.0,1.0,6300.0,28
2023-05-09 21:47:13,ag2312P5800,ag2312P5800,420.0,0.0,0.0,0.0,1,402.0,405.5,1,407.0,420.0,420.0,420.0,1.0,6300.0,28
2023-05-09 21:47:13,ag2312P5800,ag2312P5800,420.0,0.0,0.0,0.0,1,401.0,405.5,1,407.0,420.0,420.0,420.0,1.0,6300.0,28
2023-05-09 21:47:14,ag2312P5800,ag2312P5800,420.0,0.0,0.0,0.0,1,401.5,405.5,1,407.0,420.0,420.0,420.0,1.0,6300.0,28
2023-05-09 21:47:24,ag2312P5800,ag2312P5800,420.0,0.0,0.0,0.0,1,402.0,405.5,1,407.0,420.0,420.0,420.0,1.0,6300.0,28
2023-05-09 21:47:27,ag2312P5800,ag2312P5800,420.0,0.0,0.0,0.0,1,402.0,406.0,1,407.0,420.0,420.0,420.0,1.0,6300.0,28
2023-05-09 21:47:30,ag2312P5800,ag2312P5800,420.0,0.0,0.0,0.0,1,402.5,406.0,1,407.0,420.0,420.0,420.0,1.0,6300.0,28
2023-05-09 21:48:07,ag2312P5800,ag2312P5800,420.0,0.0,0.0,0.0,1,402.0,406.0,1,407.0,420.0,420.0,420.0,1.0,6300.0,28
2023-05-09 21:48:16,ag2312P5800,ag2312P5800,420.0,0.0,0.0,0.0,1,401.0,405.5,1,407.0,420.0,420.0,420.0,1.0,6300.0,28
2023-05-09 21:48:39,ag2312P5800,ag2312P5800,420.0,0.0,0.0,0.0,1,401.5,405.5,1,407.0,420.0,420.0,420.0,1.0,6300.0,28
2023-05-09 21:48:47,ag2312P5800,ag2312P5800,420.0,0.0,0.0,0.0,1,401.5,405.0,1,407.0,420.0,420.0,420.0,1.0,6300.0,28
2023-05-09 21:48:47,ag2312P5800,ag2312P5800,420.0,0.0,0.0,0.0,1,401.0,405.0,1,407.0,420.0,420.0,420.0,1.0,6300.0,28
2023-05-09 21:49:02,ag2312P5800,ag2312P5800,420.0,0.0,0.0,0.0,1,401.0,404.5,1,407.0,420.0,420.0,420.0,1.0,6300.0,28
2023-05-09 21:49:03,ag2312P5800,ag2312P5800,420.0,0.0,0.0,0.0,2,400.0,404.5,1,407.0,420.0,420.0,420.0,1.0,6300.0,28
2023-05-09 21:49:09,ag2312P5800,ag2312P5800,420.0,0.0,0.0,0.0,1,400.5,404.5,1,407.0,420.0,420.0,420.0,1.0,6300.0,28
2023-05-09 21:49:11,ag2312P5800,ag2312P5800,420.0,0.0,0.0,0.0,1,401.0,404.5,1,407.0,420.0,420.0,420.0,1.0,6300.0,28
2023-05-09 21:49:12,ag2312P5800,ag2312P5800,420.0,0.0,0.0,0.0,1,401.0,432.0,1,407.0,420.0,420.0,420.0,1.0,6300.0,28
2023-05-09 21:49:13,ag2312P5800,ag2312P5800,420.0,0.0,0.0,0.0,1,402.0,406.5,1,407.0,420.0,420.0,420.0,1.0,6300.0,28
2023-05-09 21:49:14,ag2312P5800,ag2312P5800,420.0,0.0,0.0,0.0,1,402.0,406.0,1,407.0,420.0,420.0,420.0,1.0,6300.0,28
2023-05-09 21:49:14,ag2312P5800,ag2312P5800,420.0,0.0,0.0,0.0,1,401.0,406.0,1,407.0,420.0,420.0,420.0,1.0,6300.0,28
2023-05-09 21:49:15,ag2312P5800,ag2312P5800,420.0,0.0,0.0,0.0,1,401.0,405.5,1,407.0,420.0,420.0,420.0,1.0,6300.0,28
2023-05-09 21:49:45,ag2312P5800,ag2312P5800,420.0,0.0,0.0,0.0,1,401.0,405.0,1,407.0,420.0,420.0,420.0,1.0,6300.0,28
2023-05-09 21:49:53,ag2312P5800,ag2312P5800,420.0,0.0,0.0,0.0,2,400.0,405.0,1,407.0,420.0,420.0,420.0,1.0,6300.0,28
2023-05-09 21:49:54,ag2312P5800,ag2312P5800,420.0,0.0,0.0,0.0,2,400.0,404.5,1,407.0,420.0,420.0,420.0,1.0,6300.0,28
2023-05-09 21:50:02,ag2312P5800,ag2312P5800,420.0,0.0,0.0,0.0,2,400.0,404.0,1,407.0,420.0,420.0,420.0,1.0,6300.0,28
2023-05-09 21:50:07,ag2312P5800,ag2312P5800,420.0,0.0,0.0,0.0,1,400.0,403.5,1,407.0,420.0,420.0,420.0,1.0,6300.0,28
2023-05-09 21:50:08,ag2312P5800,ag2312P5800,420.0,0.0,0.0,0.0,1,400.0,403.5,1,407.0,420.0,420.0,420.0,1.0,6300.0,28
2023-05-09 21:50:09,ag2312P5800,ag2312P5800,420.0,0.0,0.0,0.0,1,400.0,403.0,1,407.0,420.0,420.0,420.0,1.0,6300.0,28
2023-05-09 21:50:12,ag2312P5800,ag2312P5800,420.0,0.0,0.0,0.0,1,400.0,403.0,1,407.0,420.0,420.0,420.0,1.0,6300.0,28
2023-05-09 21:50:13,ag2312P5800,ag2312P5800,420.0,0.0,0.0,0.0,1,400.0,403.5,1,407.0,420.0,420.0,420.0,1.0,6300.0,28
2023-05-09 21:50:19,ag2312P5800,ag2312P5800,420.0,0.0,0.0,0.0,2,400.0,403.5,1,407.0,420.0,420.0,420.0,1.0,6300.0,28
2023-05-09 21:50:20,ag2312P5800,ag2312P5800,420.0,0.0,0.0,0.0,2,400.0,404.5,1,407.0,420.0,420.0,420.0,1.0,6300.0,28
2023-05-09 21:50:24,ag2312P5800,ag2312P5800,420.0,0.0,0.0,0.0,1,400.5,404.5,1,407.0,420.0,420.0,420.0,1.0,6300.0,28
2023-05-09 21:51:00,ag2312P5800,ag2312P5800,420.0,0.0,0.0,0.0,2,400.0,404.5,1,407.0,420.0,420.0,420.0,1.0,6300.0,28
2023-05-09 21:51:01,ag2312P5800,ag2312P5800,420.0,0.0,0.0,0.0,2,400.0,404.0,1,407.0,420.0,420.0,420.0,1.0,6300.0,28
2023-05-09 21:51:02,ag2312P5800,ag2312P5800,420.0,0.0,0.0,0.0,1,400.0,404.0,1,407.0,420.0,420.0,420.0,1.0,6300.0,28
2023-05-09 21:51:03,ag2312P5800,ag2312P5800,420.0,0.0,0.0,0.0,1,400.0,404.0,1,407.0,420.0,420.0,420.0,1.0,6300.0,28
2023-05-09 21:51:06,ag2312P5800,ag2312P5800,420.0,0.0,0.0,0.0,1,400.0,403.5,1,407.0,420.0,420.0,420.0,1.0,6300.0,28
2023-05-09 21:51:38,ag2312P5800,ag2312P5800,420.0,0.0,0.0,0.0,2,400.0,403.5,1,407.0,420.0,420.0,420.0,1.0,6300.0,28
2023-05-09 21:51:40,ag2312P5800,ag2312P5800,420.0,0.0,0.0,0.0,2,400.0,404.0,1,407.0,420.0,420.0,420.0,1.0,6300.0,28
2023-05-09 21:51:57,ag2312P5800,ag2312P5800,420.0,0.0,0.0,0.0,1,400.0,403.5,1,407.0,420.0,420.0,420.0,1.0,6300.0,28
2023-05-09 21:52:01,ag2312P5800,ag2312P5800,420.0,0.0,0.0,0.0,1,400.0,403.5,1,407.0,420.0,420.0,420.0,1.0,6300.0,28
2023-05-09 21:52:03,ag2312P5800,ag2312P5800,420.0,0.0,0.0,0.0,1,400.0,403.5,1,407.0,420.0,420.0,420.0,1.0,6300.0,28
2023-05-09 21:52:04,ag2312P5800,ag2312P5800,420.0,0.0,0.0,0.0,1,400.0,402.0,1,407.0,420.0,420.0,420.0,1.0,6300.0,28
2023-05-09 21:52:13,ag2312P5800,ag2312P5800,420.0,0.0,0.0,0.0,1,400.0,402.0,1,407.0,420.0,420.0,420.0,1.0,6300.0,28
2023-05-09 21:52:31,ag2312P5800,ag2312P5800,400.0,1.0,6000.0,0.0,1,390.0,401.5,1,407.0,420.0,420.0,400.0,2.0,12300.0,28
2023-05-09 21:52:32,ag2312P5800,ag2312P5800,400.0,0.0,0.0,0.0,1,397.0,401.5,1,407.0,420.0,420.0,400.0,2.0,12300.0,28
2023-05-09 21:52:34,ag2312P5800,ag2312P5800,400.0,0.0,0.0,0.0,1,397.0,401.0,1,407.0,420.0,420.0,400.0,2.0,12300.0,28
2023-05-09 21:52:36,ag2312P5800,ag2312P5800,400.0,0.0,0.0,0.0,1,397.5,401.0,1,407.0,420.0,420.0,400.0,2.0,12300.0,28
2023-05-09 21:52:37,ag2312P5800,ag2312P5800,400.0,0.0,0.0,0.0,1,397.5,401.5,1,407.0,420.0,420.0,400.0,2.0,12300.0,28
2023-05-09 21:52:50,ag2312P5800,ag2312P5800,400.0,0.0,0.0,0.0,1,397.5,401.5,1,407.0,420.0,420.0,400.0,2.0,12300.0,28
2023-05-09 21:52:51,ag2312P5800,ag2312P5800,400.0,0.0,0.0,0.0,1,397.5,401.5,1,407.0,420.0,420.0,400.0,2.0,12300.0,28
2023-05-09 21:53:00,ag2312P5800,ag2312P5800,400.0,0.0,0.0,0.0,1,398.0,402.5,1,407.0,420.0,420.0,400.0,2.0,12300.0,28
2023-05-09 21:53:23,ag2312P5800,ag2312P5800,400.0,0.0,0.0,0.0,1,398.5,402.5,1,407.0,420.0,420.0,400.0,2.0,12300.0,28
2023-05-09 21:53:36,ag2312P5800,ag2312P5800,400.0,0.0,0.0,0.0,1,398.0,402.5,1,407.0,420.0,420.0,400.0,2.0,12300.0,28
2023-05-09 21:53:39,ag2312P5800,ag2312P5800,400.0,0.0,0.0,0.0,1,397.0,402.5,1,407.0,420.0,420.0,400.0,2.0,12300.0,28
2023-05-09 21:53:41,ag2312P5800,ag2312P5800,400.0,0.0,0.0,0.0,1,397.0,401.5,1,407.0,420.0,420.0,400.0,2.0,12300.0,28
2023-05-09 21:53:47,ag2312P5800,ag2312P5800,400.0,0.0,0.0,0.0,1,397.5,401.5,1,407.0,420.0,420.0,400.0,2.0,12300.0,28
2023-05-09 21:54:01,ag2312P5800,ag2312P5800,400.0,0.0,0.0,0.0,1,390.0,401.5,1,407.0,420.0,420.0,400.0,2.0,12300.0,28
2023-05-09 21:54:01,ag2312P5800,ag2312P5800,400.0,0.0,0.0,0.0,1,395.5,401.5,1,407.0,420.0,420.0,400.0,2.0,12300.0,28
2023-05-09 21:54:03,ag2312P5800,ag2312P5800,400.0,0.0,0.0,0.0,1,395.5,400.5,1,407.0,420.0,420.0,400.0,2.0,12300.0,28
2023-05-09 21:54:11,ag2312P5800,ag2312P5800,400.0,0.0,0.0,0.0,1,395.5,399.5,1,407.0,420.0,420.0,400.0,2.0,12300.0,28
2023-05-09 21:54:13,ag2312P5800,ag2312P5800,400.0,0.0,0.0,0.0,1,394.5,399.5,1,407.0,420.0,420.0,400.0,2.0,12300.0,28
2023-05-09 21:54:14,ag2312P5800,ag2312P5800,400.0,0.0,0.0,0.0,1,395.0,399.5,1,407.0,420.0,420.0,400.0,2.0,12300.0,28
2023-05-09 21:54:22,ag2312P5800,ag2312P5800,400.0,0.0,0.0,0.0,1,394.5,399.5,1,407.0,420.0,420.0,400.0,2.0,12300.0,28
2023-05-09 21:54:32,ag2312P5800,ag2312P5800,400.0,0.0,0.0,0.0,1,394.5,399.0,1,407.0,420.0,420.0,400.0,2.0,12300.0,28
2023-05-09 21:54:41,ag2312P5800,ag2312P5800,400.0,0.0,0.0,0.0,1,395.0,399.5,1,407.0,420.0,420.0,400.0,2.0,12300.0,28
2023-05-09 21:54:42,ag2312P5800,ag2312P5800,400.0,0.0,0.0,0.0,1,395.5,399.5,1,407.0,420.0,420.0,400.0,2.0,12300.0,28
2023-05-09 21:54:53,ag2312P5800,ag2312P5800,400.0,0.0,0.0,0.0,1,395.5,401.0,1,407.0,420.0,420.0,400.0,2.0,12300.0,28
2023-05-09 21:54:54,ag2312P5800,ag2312P5800,400.0,0.0,0.0,0.0,1,396.0,401.0,1,407.0,420.0,420.0,400.0,2.0,12300.0,28
2023-05-09 21:55:24,ag2312P5800,ag2312P5800,400.0,0.0,0.0,0.0,1,396.5,401.0,1,407.0,420.0,420.0,400.0,2.0,12300.0,28
2023-05-09 21:55:25,ag2312P5800,ag2312P5800,400.0,0.0,0.0,0.0,1,397.0,401.0,1,407.0,420.0,420.0,400.0,2.0,12300.0,28
2023-05-09 21:55:25,ag2312P5800,ag2312P5800,400.0,0.0,0.0,0.0,1,397.0,416.0,1,407.0,420.0,420.0,400.0,2.0,12300.0,28
2023-05-09 21:55:26,ag2312P5800,ag2312P5800,400.0,0.0,0.0,0.0,1,397.0,402.0,1,407.0,420.0,420.0,400.0,2.0,12300.0,28
2023-05-09 21:55:42,ag2312P5800,ag2312P5800,400.0,0.0,0.0,0.0,1,397.0,401.5,1,407.0,420.0,420.0,400.0,2.0,12300.0,28
2023-05-09 21:56:05,ag2312P5800,ag2312P5800,400.0,0.0,0.0,0.0,1,396.5,401.5,1,407.0,420.0,420.0,400.0,2.0,12300.0,28
2023-05-09 21:56:06,ag2312P5800,ag2312P5800,400.0,0.0,0.0,0.0,1,396.5,401.0,1,407.0,420.0,420.0,400.0,2.0,12300.0,28
2023-05-09 21:56:40,ag2312P5800,ag2312P5800,400.0,0.0,0.0,0.0,1,397.0,401.0,1,407.0,420.0,420.0,400.0,2.0,12300.0,28
2023-05-09 21:56:41,ag2312P5800,ag2312P5800,400.0,0.0,0.0,0.0,1,397.0,401.5,1,407.0,420.0,420.0,400.0,2.0,12300.0,28
2023-05-09 21:56:49,ag2312P5800,ag2312P5800,400.0,0.0,0.0,0.0,1,397.5,401.5,1,407.0,420.0,420.0,400.0,2.0,12300.0,28
2023-05-09 21:56:55,ag2312P5800,ag2312P5800,400.0,0.0,0.0,0.0,1,397.0,401.5,1,407.0,420.0,420.0,400.0,2.0,12300.0,28
2023-05-09 21:57:19,ag2312P5800,ag2312P5800,400.0,0.0,0.0,0.0,1,397.5,401.5,1,407.0,420.0,420.0,400.0,2.0,12300.0,28
2023-05-09 21:57:29,ag2312P5800,ag2312P5800,400.0,0.0,0.0,0.0,1,397.5,402.5,1,407.0,420.0,420.0,400.0,2.0,12300.0,28
2023-05-09 21:57:38,ag2312P5800,ag2312P5800,400.0,0.0,0.0,0.0,1,398.0,402.5,1,407.0,420.0,420.0,400.0,2.0,12300.0,28
2023-05-09 21:57:53,ag2312P5800,ag2312P5800,400.0,0.0,0.0,0.0,1,397.5,402.5,1,407.0,420.0,420.0,400.0,2.0,12300.0,28
2023-05-09 21:57:58,ag2312P5800,ag2312P5800,400.0,0.0,0.0,0.0,1,396.5,401.5,1,407.0,420.0,420.0,400.0,2.0,12300.0,28
2023-05-09 21:58:08,ag2312P5800,ag2312P5800,400.0,0.0,0.0,0.0,1,397.0,401.5,1,407.0,420.0,420.0,400.0,2.0,12300.0,28
2023-05-09 21:58:13,ag2312P5800,ag2312P5800,400.0,0.0,0.0,0.0,1,397.5,401.5,1,407.0,420.0,420.0,400.0,2.0,12300.0,28
2023-05-09 21:59:33,ag2312P5800,ag2312P5800,400.0,0.0,0.0,0.0,1,397.5,402.5,1,407.0,420.0,420.0,400.0,2.0,12300.0,28
2023-05-09 21:59:55,ag2312P5800,ag2312P5800,400.0,0.0,0.0,0.0,1,390.0,402.0,1,407.0,420.0,420.0,400.0,2.0,12300.0,28
2023-05-09 21:59:56,ag2312P5800,ag2312P5800,400.0,0.0,0.0,0.0,1,396.0,401.0,1,407.0,420.0,420.0,400.0,2.0,12300.0,28
2023-05-09 22:00:05,ag2312P5800,ag2312P5800,400.0,0.0,0.0,0.0,1,396.5,401.0,1,407.0,420.0,420.0,400.0,2.0,12300.0,28
2023-05-09 22:00:06,ag2312P5800,ag2312P5800,400.0,0.0,0.0,0.0,1,397.0,401.0,1,407.0,420.0,420.0,400.0,2.0,12300.0,28
2023-05-09 22:00:11,ag2312P5800,ag2312P5800,400.0,0.0,0.0,0.0,1,397.0,402.0,1,407.0,420.0,420.0,400.0,2.0,12300.0,28
2023-05-09 22:00:16,ag2312P5800,ag2312P5800,400.0,0.0,0.0,0.0,1,397.5,402.0,1,407.0,420.0,420.0,400.0,2.0,12300.0,28
2023-05-09 22:00:31,ag2312P5800,ag2312P5800,400.0,0.0,0.0,0.0,1,390.0,401.5,1,407.0,420.0,420.0,400.0,2.0,12300.0,28
2023-05-09 22:00:32,ag2312P5800,ag2312P5800,400.0,0.0,0.0,0.0,1,396.0,401.5,1,407.0,420.0,420.0,400.0,2.0,12300.0,28
2023-05-09 22:00:33,ag2312P5800,ag2312P5800,400.0,0.0,0.0,0.0,1,396.5,401.5,1,407.0,420.0,420.0,400.0,2.0,12300.0,28
2023-05-09 22:00:56,ag2312P5800,ag2312P5800,400.0,0.0,0.0,0.0,1,397.0,401.5,1,407.0,420.0,420.0,400.0,2.0,12300.0,28
2023-05-09 22:01:22,ag2312P5800,ag2312P5800,400.0,0.0,0.0,0.0,1,396.5,401.5,1,407.0,420.0,420.0,400.0,2.0,12300.0,28
2023-05-09 22:01:28,ag2312P5800,ag2312P5800,400.0,0.0,0.0,0.0,1,395.5,401.0,1,407.0,420.0,420.0,400.0,2.0,12300.0,28
2023-05-09 22:01:31,ag2312P5800,ag2312P5800,400.0,0.0,0.0,0.0,1,396.0,401.0,1,407.0,420.0,420.0,400.0,2.0,12300.0,28
2023-05-09 22:01:56,ag2312P5800,ag2312P5800,400.0,0.0,0.0,0.0,1,395.5,400.5,1,407.0,420.0,420.0,400.0,2.0,12300.0,28
2023-05-09 22:02:15,ag2312P5800,ag2312P5800,400.0,0.0,0.0,0.0,1,396.0,400.5,1,407.0,420.0,420.0,400.0,2.0,12300.0,28
2023-05-09 22:02:22,ag2312P5800,ag2312P5800,400.0,0.0,0.0,0.0,1,396.5,400.5,1,407.0,420.0,420.0,400.0,2.0,12300.0,28
2023-05-09 22:02:34,ag2312P5800,ag2312P5800,400.0,0.0,0.0,0.0,1,397.0,401.0,1,407.0,420.0,420.0,400.0,2.0,12300.0,28
2023-05-09 22:03:10,ag2312P5800,ag2312P5800,400.0,0.0,0.0,0.0,1,396.5,401.0,1,407.0,420.0,420.0,400.0,2.0,12300.0,28
2023-05-09 22:03:12,ag2312P5800,ag2312P5800,400.0,0.0,0.0,0.0,1,390.0,401.0,1,407.0,420.0,420.0,400.0,2.0,12300.0,28
2023-05-09 22:03:13,ag2312P5800,ag2312P5800,400.0,0.0,0.0,0.0,1,395.5,401.0,1,407.0,420.0,420.0,400.0,2.0,12300.0,28
2023-05-09 22:03:20,ag2312P5800,ag2312P5800,400.0,0.0,0.0,0.0,1,396.0,401.0,1,407.0,420.0,420.0,400.0,2.0,12300.0,28
2023-05-09 22:03:23,ag2312P5800,ag2312P5800,400.0,0.0,0.0,0.0,1,396.5,401.0,1,407.0,420.0,420.0,400.0,2.0,12300.0,28
2023-05-09 22:03:28,ag2312P5800,ag2312P5800,400.0,0.0,0.0,0.0,1,397.0,401.0,1,407.0,420.0,420.0,400.0,2.0,12300.0,28
2023-05-09 22:03:41,ag2312P5800,ag2312P5800,400.0,0.0,0.0,0.0,1,396.5,401.0,1,407.0,420.0,420.0,400.0,2.0,12300.0,28
2023-05-09 22:04:15,ag2312P5800,ag2312P5800,400.0,0.0,0.0,0.0,1,395.5,401.0,1,407.0,420.0,420.0,400.0,2.0,12300.0,28
2023-05-09 22:04:16,ag2312P5800,ag2312P5800,400.0,0.0,0.0,0.0,1,395.5,400.0,1,407.0,420.0,420.0,400.0,2.0,12300.0,28
2023-05-09 22:04:47,ag2312P5800,ag2312P5800,400.0,0.0,0.0,0.0,1,396.0,400.0,1,407.0,420.0,420.0,400.0,2.0,12300.0,28
2023-05-09 22:04:50,ag2312P5800,ag2312P5800,400.0,0.0,0.0,0.0,1,396.5,401.0,1,407.0,420.0,420.0,400.0,2.0,12300.0,28
2023-05-09 22:04:51,ag2312P5800,ag2312P5800,400.0,0.0,0.0,0.0,1,397.0,401.0,1,407.0,420.0,420.0,400.0,2.0,12300.0,28
2023-05-09 22:04:55,ag2312P5800,ag2312P5800,400.0,0.0,0.0,0.0,1,397.0,402.5,1,407.0,420.0,420.0,400.0,2.0,12300.0,28
2023-05-09 22:05:02,ag2312P5800,ag2312P5800,400.0,0.0,0.0,0.0,1,397.5,402.5,1,407.0,420.0,420.0,400.0,2.0,12300.0,28
2023-05-09 22:05:14,ag2312P5800,ag2312P5800,400.0,0.0,0.0,0.0,1,398.0,402.5,1,407.0,420.0,420.0,400.0,2.0,12300.0,28
2023-05-09 22:05:34,ag2312P5800,ag2312P5800,400.0,0.0,0.0,0.0,1,397.5,402.5,1,407.0,420.0,420.0,400.0,2.0,12300.0,28
2023-05-09 22:05:52,ag2312P5800,ag2312P5800,400.0,0.0,0.0,0.0,1,398.0,402.5,1,407.0,420.0,420.0,400.0,2.0,12300.0,28
2023-05-09 22:05:55,ag2312P5800,ag2312P5800,400.0,0.0,0.0,0.0,1,398.5,402.5,1,407.0,420.0,420.0,400.0,2.0,12300.0,28
2023-05-09 22:06:01,ag2312P5800,ag2312P5800,400.0,0.0,0.0,0.0,1,398.5,403.5,1,407.0,420.0,420.0,400.0,2.0,12300.0,28
2023-05-09 22:06:02,ag2312P5800,ag2312P5800,400.0,0.0,0.0,0.0,1,399.0,403.5,1,407.0,420.0,420.0,400.0,2.0,12300.0,28
2023-05-09 22:06:56,ag2312P5800,ag2312P5800,400.0,0.0,0.0,0.0,1,398.5,403.5,1,407.0,420.0,420.0,400.0,2.0,12300.0,28
2023-05-09 22:07:00,ag2312P5800,ag2312P5800,400.0,0.0,0.0,0.0,1,390.0,403.0,1,407.0,420.0,420.0,400.0,2.0,12300.0,28
2023-05-09 22:07:01,ag2312P5800,ag2312P5800,400.0,0.0,0.0,0.0,1,397.0,403.0,1,407.0,420.0,420.0,400.0,2.0,12300.0,28
2023-05-09 22:07:02,ag2312P5800,ag2312P5800,400.0,0.0,0.0,0.0,1,397.0,402.5,1,407.0,420.0,420.0,400.0,2.0,12300.0,28
2023-05-09 22:07:08,ag2312P5800,ag2312P5800,400.0,0.0,0.0,0.0,1,397.5,402.5,1,407.0,420.0,420.0,400.0,2.0,12300.0,28
2023-05-09 22:08:05,ag2312P5800,ag2312P5800,400.0,0.0,0.0,0.0,1,397.5,402.0,1,407.0,420.0,420.0,400.0,2.0,12300.0,28
2023-05-09 22:09:09,ag2312P5800,ag2312P5800,400.0,0.0,0.0,0.0,1,397.0,401.5,1,407.0,420.0,420.0,400.0,2.0,12300.0,28
2023-05-09 22:09:43,ag2312P5800,ag2312P5800,400.0,0.0,0.0,0.0,1,397.5,401.5,1,407.0,420.0,420.0,400.0,2.0,12300.0,28
2023-05-09 22:10:26,ag2312P5800,ag2312P5800,400.0,0.0,0.0,0.0,1,397.5,402.0,1,407.0,420.0,420.0,400.0,2.0,12300.0,28
2023-05-09 22:10:27,ag2312P5800,ag2312P5800,400.0,0.0,0.0,0.0,1,398.0,402.0,1,407.0,420.0,420.0,400.0,2.0,12300.0,28
2023-05-09 22:12:00,ag2312P5800,ag2312P5800,400.0,0.0,0.0,0.0,1,398.0,403.5,1,407.0,420.0,420.0,400.0,2.0,12300.0,28
2023-05-09 22:12:03,ag2312P5800,ag2312P5800,400.0,0.0,0.0,0.0,1,398.5,403.5,1,407.0,420.0,420.0,400.0,2.0,12300.0,28
2023-05-09 22:12:14,ag2312P5800,ag2312P5800,400.0,0.0,0.0,0.0,1,398.5,403.0,1,407.0,420.0,420.0,400.0,2.0,12300.0,28
2023-05-09 22:12:44,ag2312P5800,ag2312P5800,400.0,0.0,0.0,0.0,1,399.0,403.0,1,407.0,420.0,420.0,400.0,2.0,12300.0,28
2023-05-09 22:12:46,ag2312P5800,ag2312P5800,400.0,0.0,0.0,0.0,1,399.0,403.5,1,407.0,420.0,420.0,400.0,2.0,12300.0,28
2023-05-09 22:13:06,ag2312P5800,ag2312P5800,400.0,0.0,0.0,0.0,1,398.5,403.5,1,407.0,420.0,420.0,400.0,2.0,12300.0,28
2023-05-09 22:13:07,ag2312P5800,ag2312P5800,400.0,0.0,0.0,0.0,1,398.5,402.5,1,407.0,420.0,420.0,400.0,2.0,12300.0,28
2023-05-09 22:13:28,ag2312P5800,ag2312P5800,400.0,0.0,0.0,0.0,1,397.5,402.5,1,407.0,420.0,420.0,400.0,2.0,12300.0,28
2023-05-09 22:13:41,ag2312P5800,ag2312P5800,400.0,0.0,0.0,0.0,1,398.0,402.5,1,407.0,420.0,420.0,400.0,2.0,12300.0,28
2023-05-09 22:15:32,ag2312P5800,ag2312P5800,400.0,0.0,0.0,0.0,1,397.5,402.5,1,407.0,420.0,420.0,400.0,2.0,12300.0,28
2023-05-09 22:17:23,ag2312P5800,ag2312P5800,400.0,0.0,0.0,0.0,1,398.0,402.5,1,407.0,420.0,420.0,400.0,2.0,12300.0,28
2023-05-09 22:17:32,ag2312P5800,ag2312P5800,400.0,0.0,0.0,0.0,1,398.5,402.5,1,407.0,420.0,420.0,400.0,2.0,12300.0,28
2023-05-09 22:18:00,ag2312P5800,ag2312P5800,400.0,0.0,0.0,0.0,1,399.0,416.0,1,407.0,420.0,420.0,400.0,2.0,12300.0,28
2023-05-09 22:18:02,ag2312P5800,ag2312P5800,400.0,0.0,0.0,0.0,1,400.0,405.0,1,407.0,420.0,420.0,400.0,2.0,12300.0,28
2023-05-09 22:18:37,ag2312P5800,ag2312P5800,400.0,0.0,0.0,0.0,1,400.0,404.5,1,407.0,420.0,420.0,400.0,2.0,12300.0,28
2023-05-09 22:19:05,ag2312P5800,ag2312P5800,400.0,0.0,0.0,0.0,1,400.5,404.5,1,407.0,420.0,420.0,400.0,2.0,12300.0,28
2023-05-09 22:19:10,ag2312P5800,ag2312P5800,400.0,0.0,0.0,0.0,1,401.0,405.0,1,407.0,420.0,420.0,400.0,2.0,12300.0,28
2023-05-09 22:19:16,ag2312P5800,ag2312P5800,400.0,0.0,0.0,0.0,1,400.5,405.0,1,407.0,420.0,420.0,400.0,2.0,12300.0,28
2023-05-09 22:21:08,ag2312P5800,ag2312P5800,400.0,0.0,0.0,0.0,1,401.0,405.0,1,407.0,420.0,420.0,400.0,2.0,12300.0,28
2023-05-09 22:21:11,ag2312P5800,ag2312P5800,400.0,0.0,0.0,0.0,1,401.5,416.0,1,407.0,420.0,420.0,400.0,2.0,12300.0,28
2023-05-09 22:21:11,ag2312P5800,ag2312P5800,400.0,0.0,0.0,0.0,1,401.5,406.5,1,407.0,420.0,420.0,400.0,2.0,12300.0,28
2023-05-09 22:21:18,ag2312P5800,ag2312P5800,400.0,0.0,0.0,0.0,1,402.0,406.5,1,407.0,420.0,420.0,400.0,2.0,12300.0,28
2023-05-09 22:21:20,ag2312P5800,ag2312P5800,400.0,0.0,0.0,0.0,1,402.5,406.5,1,407.0,420.0,420.0,400.0,2.0,12300.0,28
2023-05-09 22:21:34,ag2312P5800,ag2312P5800,400.0,0.0,0.0,0.0,1,402.0,406.5,1,407.0,420.0,420.0,400.0,2.0,12300.0,28
2023-05-09 22:22:10,ag2312P5800,ag2312P5800,400.0,0.0,0.0,0.0,1,402.5,416.0,1,407.0,420.0,420.0,400.0,2.0,12300.0,28
2023-05-09 22:22:11,ag2312P5800,ag2312P5800,400.0,0.0,0.0,0.0,1,402.5,408.0,1,407.0,420.0,420.0,400.0,2.0,12300.0,28
2023-05-09 22:22:13,ag2312P5800,ag2312P5800,400.0,0.0,0.0,0.0,1,402.5,407.5,1,407.0,420.0,420.0,400.0,2.0,12300.0,28
2023-05-09 22:22:35,ag2312P5800,ag2312P5800,400.0,0.0,0.0,0.0,1,402.5,407.0,1,407.0,420.0,420.0,400.0,2.0,12300.0,28
2023-05-09 22:23:42,ag2312P5800,ag2312P5800,400.0,0.0,0.0,0.0,1,403.0,407.0,1,407.0,420.0,420.0,400.0,2.0,12300.0,28
2023-05-09 22:23:43,ag2312P5800,ag2312P5800,400.0,0.0,0.0,0.0,1,403.0,407.5,1,407.0,420.0,420.0,400.0,2.0,12300.0,28
2023-05-09 22:24:25,ag2312P5800,ag2312P5800,400.0,0.0,0.0,0.0,1,402.5,407.5,1,407.0,420.0,420.0,400.0,2.0,12300.0,28
2023-05-09 22:24:36,ag2312P5800,ag2312P5800,400.0,0.0,0.0,0.0,1,402.5,407.0,1,407.0,420.0,420.0,400.0,2.0,12300.0,28
2023-05-09 22:25:01,ag2312P5800,ag2312P5800,400.0,0.0,0.0,0.0,1,403.0,407.0,1,407.0,420.0,420.0,400.0,2.0,12300.0,28
2023-05-09 22:25:07,ag2312P5800,ag2312P5800,400.0,0.0,0.0,0.0,1,403.5,407.5,1,407.0,420.0,420.0,400.0,2.0,12300.0,28
2023-05-09 22:25:35,ag2312P5800,ag2312P5800,400.0,0.0,0.0,0.0,1,403.0,407.5,1,407.0,420.0,420.0,400.0,2.0,12300.0,28
2023-05-09 22:25:35,ag2312P5800,ag2312P5800,400.0,0.0,0.0,0.0,1,402.0,407.5,1,407.0,420.0,420.0,400.0,2.0,12300.0,28
2023-05-09 22:25:41,ag2312P5800,ag2312P5800,400.0,0.0,0.0,0.0,1,402.5,407.5,1,407.0,420.0,420.0,400.0,2.0,12300.0,28
2023-05-09 22:26:08,ag2312P5800,ag2312P5800,400.0,0.0,0.0,0.0,1,402.0,407.0,1,407.0,420.0,420.0,400.0,2.0,12300.0,28
2023-05-09 22:26:20,ag2312P5800,ag2312P5800,400.0,0.0,0.0,0.0,1,402.5,407.0,1,407.0,420.0,420.0,400.0,2.0,12300.0,28
2023-05-09 22:26:28,ag2312P5800,ag2312P5800,400.0,0.0,0.0,0.0,1,402.0,406.5,1,407.0,420.0,420.0,400.0,2.0,12300.0,28
2023-05-09 22:26:53,ag2312P5800,ag2312P5800,400.0,0.0,0.0,0.0,1,401.0,406.5,1,407.0,420.0,420.0,400.0,2.0,12300.0,28
2023-05-09 22:26:58,ag2312P5800,ag2312P5800,400.0,0.0,0.0,0.0,1,401.0,406.0,1,407.0,420.0,420.0,400.0,2.0,12300.0,28
2023-05-09 22:27:10,ag2312P5800,ag2312P5800,400.0,0.0,0.0,0.0,1,401.5,406.0,1,407.0,420.0,420.0,400.0,2.0,12300.0,28
2023-05-09 22:27:13,ag2312P5800,ag2312P5800,400.0,0.0,0.0,0.0,1,402.0,406.0,1,407.0,420.0,420.0,400.0,2.0,12300.0,28
2023-05-09 22:27:46,ag2312P5800,ag2312P5800,400.0,0.0,0.0,0.0,1,401.5,406.0,1,407.0,420.0,420.0,400.0,2.0,12300.0,28
2023-05-09 22:29:06,ag2312P5800,ag2312P5800,400.0,0.0,0.0,0.0,1,402.0,406.0,1,407.0,420.0,420.0,400.0,2.0,12300.0,28
2023-05-09 22:29:06,ag2312P5800,ag2312P5800,400.0,0.0,0.0,0.0,1,402.0,406.5,1,407.0,420.0,420.0,400.0,2.0,12300.0,28
2023-05-09 22:29:07,ag2312P5800,ag2312P5800,400.0,0.0,0.0,0.0,1,402.5,406.5,1,407.0,420.0,420.0,400.0,2.0,12300.0,28
2023-05-09 22:29:48,ag2312P5800,ag2312P5800,400.0,0.0,0.0,0.0,1,402.5,408.0,1,407.0,420.0,420.0,400.0,2.0,12300.0,28
2023-05-09 22:29:55,ag2312P5800,ag2312P5800,400.0,0.0,0.0,0.0,1,403.0,408.0,1,407.0,420.0,420.0,400.0,2.0,12300.0,28
2023-05-09 22:30:06,ag2312P5800,ag2312P5800,400.0,0.0,0.0,0.0,1,403.5,408.0,1,407.0,420.0,420.0,400.0,2.0,12300.0,28
2023-05-09 22:31:51,ag2312P5800,ag2312P5800,400.0,0.0,0.0,0.0,1,403.0,407.0,1,407.0,420.0,420.0,400.0,2.0,12300.0,28
2023-05-09 22:32:11,ag2312P5800,ag2312P5800,400.0,0.0,0.0,0.0,1,403.0,408.0,1,407.0,420.0,420.0,400.0,2.0,12300.0,28
2023-05-09 22:32:14,ag2312P5800,ag2312P5800,400.0,0.0,0.0,0.0,1,403.5,408.0,1,407.0,420.0,420.0,400.0,2.0,12300.0,28
2023-05-09 22:32:21,ag2312P5800,ag2312P5800,400.0,0.0,0.0,0.0,1,404.0,408.0,1,407.0,420.0,420.0,400.0,2.0,12300.0,28
2023-05-09 22:32:26,ag2312P5800,ag2312P5800,400.0,0.0,0.0,0.0,1,404.5,409.0,1,407.0,420.0,420.0,400.0,2.0,12300.0,28
2023-05-09 22:33:11,ag2312P5800,ag2312P5800,400.0,0.0,0.0,0.0,1,404.0,409.0,1,407.0,420.0,420.0,400.0,2.0,12300.0,28
2023-05-09 22:33:16,ag2312P5800,ag2312P5800,400.0,0.0,0.0,0.0,1,404.0,408.5,1,407.0,420.0,420.0,400.0,2.0,12300.0,28
2023-05-09 22:33:17,ag2312P5800,ag2312P5800,400.0,0.0,0.0,0.0,1,403.0,408.5,1,407.0,420.0,420.0,400.0,2.0,12300.0,28
2023-05-09 22:33:27,ag2312P5800,ag2312P5800,400.0,0.0,0.0,0.0,1,403.0,408.0,1,407.0,420.0,420.0,400.0,2.0,12300.0,28
2023-05-09 22:34:29,ag2312P5800,ag2312P5800,400.0,0.0,0.0,0.0,1,403.0,407.5,1,407.0,420.0,420.0,400.0,2.0,12300.0,28
2023-05-09 22:34:40,ag2312P5800,ag2312P5800,400.0,0.0,0.0,0.0,1,402.0,407.5,1,407.0,420.0,420.0,400.0,2.0,12300.0,28
2023-05-09 22:34:47,ag2312P5800,ag2312P5800,400.0,0.0,0.0,0.0,1,402.0,407.0,1,407.0,420.0,420.0,400.0,2.0,12300.0,28
2023-05-09 22:34:48,ag2312P5800,ag2312P5800,400.0,0.0,0.0,0.0,1,402.0,406.5,1,407.0,420.0,420.0,400.0,2.0,12300.0,28
2023-05-09 22:34:59,ag2312P5800,ag2312P5800,400.0,0.0,0.0,0.0,1,401.0,406.5,1,407.0,420.0,420.0,400.0,2.0,12300.0,28
2023-05-09 22:35:02,ag2312P5800,ag2312P5800,400.0,0.0,0.0,0.0,1,401.5,406.5,1,407.0,420.0,420.0,400.0,2.0,12300.0,28
2023-05-09 22:35:09,ag2312P5800,ag2312P5800,400.0,0.0,0.0,0.0,1,402.0,406.5,1,407.0,420.0,420.0,400.0,2.0,12300.0,28
2023-05-09 22:36:01,ag2312P5800,ag2312P5800,400.0,0.0,0.0,0.0,1,402.5,406.5,1,407.0,420.0,420.0,400.0,2.0,12300.0,28
2023-05-09 22:36:29,ag2312P5800,ag2312P5800,400.0,0.0,0.0,0.0,1,402.0,406.5,1,407.0,420.0,420.0,400.0,2.0,12300.0,28
2023-05-09 22:36:36,ag2312P5800,ag2312P5800,400.0,0.0,0.0,0.0,1,401.0,406.5,1,407.0,420.0,420.0,400.0,2.0,12300.0,28
2023-05-09 22:36:51,ag2312P5800,ag2312P5800,400.0,0.0,0.0,0.0,1,401.5,406.5,1,407.0,420.0,420.0,400.0,2.0,12300.0,28
2023-05-09 22:38:05,ag2312P5800,ag2312P5800,400.0,0.0,0.0,0.0,1,401.5,406.0,1,407.0,420.0,420.0,400.0,2.0,12300.0,28
2023-05-09 22:40:29,ag2312P5800,ag2312P5800,400.0,0.0,0.0,0.0,1,402.0,406.0,1,407.0,420.0,420.0,400.0,2.0,12300.0,28
2023-05-09 22:40:33,ag2312P5800,ag2312P5800,400.0,0.0,0.0,0.0,1,402.0,406.5,1,407.0,420.0,420.0,400.0,2.0,12300.0,28
2023-05-09 22:40:59,ag2312P5800,ag2312P5800,400.0,0.0,0.0,0.0,1,402.5,416.0,1,407.0,420.0,420.0,400.0,2.0,12300.0,28
2023-05-09 22:41:00,ag2312P5800,ag2312P5800,400.0,0.0,0.0,0.0,1,403.0,416.0,1,407.0,420.0,420.0,400.0,2.0,12300.0,28
2023-05-09 22:41:01,ag2312P5800,ag2312P5800,400.0,0.0,0.0,0.0,1,403.0,408.0,1,407.0,420.0,420.0,400.0,2.0,12300.0,28
2023-05-09 22:41:35,ag2312P5800,ag2312P5800,400.0,0.0,0.0,0.0,1,403.0,407.5,1,407.0,420.0,420.0,400.0,2.0,12300.0,28
2023-05-09 22:42:14,ag2312P5800,ag2312P5800,400.0,0.0,0.0,0.0,1,402.5,407.5,1,407.0,420.0,420.0,400.0,2.0,12300.0,28
2023-05-09 22:42:40,ag2312P5800,ag2312P5800,400.0,0.0,0.0,0.0,1,403.0,407.5,1,407.0,420.0,420.0,400.0,2.0,12300.0,28
2023-05-09 22:42:54,ag2312P5800,ag2312P5800,400.0,0.0,0.0,0.0,1,403.5,407.5,1,407.0,420.0,420.0,400.0,2.0,12300.0,28
2023-05-09 22:43:48,ag2312P5800,ag2312P5800,400.0,0.0,0.0,0.0,1,403.5,408.0,1,407.0,420.0,420.0,400.0,2.0,12300.0,28
2023-05-09 22:43:49,ag2312P5800,ag2312P5800,400.0,0.0,0.0,0.0,1,404.0,408.0,1,407.0,420.0,420.0,400.0,2.0,12300.0,28
2023-05-09 22:44:32,ag2312P5800,ag2312P5800,400.0,0.0,0.0,0.0,1,403.5,408.0,1,407.0,420.0,420.0,400.0,2.0,12300.0,28
2023-05-09 22:44:57,ag2312P5800,ag2312P5800,400.0,0.0,0.0,0.0,1,402.5,408.0,1,407.0,420.0,420.0,400.0,2.0,12300.0,28
2023-05-09 22:44:58,ag2312P5800,ag2312P5800,400.0,0.0,0.0,0.0,1,402.5,407.0,1,407.0,420.0,420.0,400.0,2.0,12300.0,28
2023-05-09 22:46:33,ag2312P5800,ag2312P5800,400.0,0.0,0.0,0.0,1,401.5,407.0,1,407.0,420.0,420.0,400.0,2.0,12300.0,28
2023-05-09 22:46:40,ag2312P5800,ag2312P5800,400.0,0.0,0.0,0.0,1,402.0,407.0,1,407.0,420.0,420.0,400.0,2.0,12300.0,28
2023-05-09 22:47:03,ag2312P5800,ag2312P5800,400.0,0.0,0.0,0.0,1,402.5,407.0,1,407.0,420.0,420.0,400.0,2.0,12300.0,28
2023-05-09 22:47:28,ag2312P5800,ag2312P5800,400.0,0.0,0.0,0.0,1,402.0,406.5,1,407.0,420.0,420.0,400.0,2.0,12300.0,28
2023-05-09 22:47:29,ag2312P5800,ag2312P5800,400.0,0.0,0.0,0.0,1,390.0,406.5,1,407.0,420.0,420.0,400.0,2.0,12300.0,28
2023-05-09 22:47:30,ag2312P5800,ag2312P5800,400.0,0.0,0.0,0.0,1,401.0,406.5,1,407.0,420.0,420.0,400.0,2.0,12300.0,28
2023-05-09 22:47:32,ag2312P5800,ag2312P5800,400.0,0.0,0.0,0.0,1,401.5,406.5,1,407.0,420.0,420.0,400.0,2.0,12300.0,28
2023-05-09 22:48:30,ag2312P5800,ag2312P5800,400.0,0.0,0.0,0.0,1,402.0,406.5,1,407.0,420.0,420.0,400.0,2.0,12300.0,28
2023-05-09 22:49:13,ag2312P5800,ag2312P5800,400.0,0.0,0.0,0.0,1,402.5,406.5,1,407.0,420.0,420.0,400.0,2.0,12300.0,28
2023-05-09 22:50:05,ag2312P5800,ag2312P5800,400.0,0.0,0.0,0.0,1,402.0,406.5,1,407.0,420.0,420.0,400.0,2.0,12300.0,28
2023-05-09 22:50:18,ag2312P5800,ag2312P5800,400.0,0.0,0.0,0.0,1,402.5,406.5,1,407.0,420.0,420.0,400.0,2.0,12300.0,28
2023-05-09 22:51:21,ag2312P5800,ag2312P5800,400.0,0.0,0.0,0.0,1,402.0,406.5,1,407.0,420.0,420.0,400.0,2.0,12300.0,28
2023-05-09 22:51:26,ag2312P5800,ag2312P5800,400.0,0.0,0.0,0.0,1,402.5,406.5,1,407.0,420.0,420.0,400.0,2.0,12300.0,28
2023-05-09 22:51:41,ag2312P5800,ag2312P5800,400.0,0.0,0.0,0.0,1,403.0,407.0,1,407.0,420.0,420.0,400.0,2.0,12300.0,28
2023-05-09 22:52:02,ag2312P5800,ag2312P5800,400.0,0.0,0.0,0.0,1,403.0,408.0,1,407.0,420.0,420.0,400.0,2.0,12300.0,28
2023-05-09 22:52:17,ag2312P5800,ag2312P5800,400.0,0.0,0.0,0.0,1,403.0,407.5,1,407.0,420.0,420.0,400.0,2.0,12300.0,28
2023-05-09 22:52:21,ag2312P5800,ag2312P5800,400.0,0.0,0.0,0.0,1,402.5,407.5,1,407.0,420.0,420.0,400.0,2.0,12300.0,28
2023-05-09 22:52:43,ag2312P5800,ag2312P5800,400.0,0.0,0.0,0.0,1,402.5,407.0,1,407.0,420.0,420.0,400.0,2.0,12300.0,28
2023-05-09 22:53:10,ag2312P5800,ag2312P5800,400.0,0.0,0.0,0.0,1,403.0,407.0,1,407.0,420.0,420.0,400.0,2.0,12300.0,28
2023-05-09 22:53:58,ag2312P5800,ag2312P5800,400.0,0.0,0.0,0.0,1,403.0,407.5,1,407.0,420.0,420.0,400.0,2.0,12300.0,28
2023-05-09 22:55:01,ag2312P5800,ag2312P5800,400.0,0.0,0.0,0.0,1,403.5,407.5,1,407.0,420.0,420.0,400.0,2.0,12300.0,28
2023-05-09 22:55:04,ag2312P5800,ag2312P5800,400.0,0.0,0.0,0.0,1,403.5,409.0,1,407.0,420.0,420.0,400.0,2.0,12300.0,28
2023-05-09 22:55:05,ag2312P5800,ag2312P5800,400.0,0.0,0.0,0.0,1,404.0,409.0,1,407.0,420.0,420.0,400.0,2.0,12300.0,28
2023-05-09 22:55:39,ag2312P5800,ag2312P5800,400.0,0.0,0.0,0.0,1,404.5,409.0,1,407.0,420.0,420.0,400.0,2.0,12300.0,28
2023-05-09 22:57:04,ag2312P5800,ag2312P5800,400.0,0.0,0.0,0.0,1,405.0,409.0,1,407.0,420.0,420.0,400.0,2.0,12300.0,28
2023-05-09 22:57:13,ag2312P5800,ag2312P5800,400.0,0.0,0.0,0.0,1,404.5,409.0,1,407.0,420.0,420.0,400.0,2.0,12300.0,28
2023-05-09 22:57:47,ag2312P5800,ag2312P5800,400.0,0.0,0.0,0.0,1,403.5,409.0,1,407.0,420.0,420.0,400.0,2.0,12300.0,28
2023-05-09 22:57:50,ag2312P5800,ag2312P5800,400.0,0.0,0.0,0.0,1,404.0,409.0,1,407.0,420.0,420.0,400.0,2.0,12300.0,28
2023-05-09 22:58:52,ag2312P5800,ag2312P5800,400.0,0.0,0.0,0.0,1,404.5,409.0,1,407.0,420.0,420.0,400.0,2.0,12300.0,28
2023-05-09 23:00:06,ag2312P5800,ag2312P5800,400.0,0.0,0.0,0.0,1,405.0,409.0,1,407.0,420.0,420.0,400.0,2.0,12300.0,28
2023-05-09 23:00:09,ag2312P5800,ag2312P5800,400.0,0.0,0.0,0.0,1,405.5,410.5,1,407.0,420.0,420.0,400.0,2.0,12300.0,28
2023-05-09 23:00:11,ag2312P5800,ag2312P5800,400.0,0.0,0.0,0.0,1,406.0,410.5,1,407.0,420.0,420.0,400.0,2.0,12300.0,28
2023-05-09 23:01:27,ag2312P5800,ag2312P5800,400.0,0.0,0.0,0.0,1,406.5,410.5,1,407.0,420.0,420.0,400.0,2.0,12300.0,28
2023-05-09 23:02:00,ag2312P5800,ag2312P5800,400.0,0.0,0.0,0.0,1,407.0,411.5,1,407.0,420.0,420.0,400.0,2.0,12300.0,28
2023-05-09 23:02:30,ag2312P5800,ag2312P5800,400.0,0.0,0.0,0.0,1,407.5,411.5,1,407.0,420.0,420.0,400.0,2.0,12300.0,28
2023-05-09 23:02:44,ag2312P5800,ag2312P5800,400.0,0.0,0.0,0.0,1,407.5,412.5,1,407.0,420.0,420.0,400.0,2.0,12300.0,28
2023-05-09 23:02:49,ag2312P5800,ag2312P5800,400.0,0.0,0.0,0.0,1,408.0,412.5,1,407.0,420.0,420.0,400.0,2.0,12300.0,28
2023-05-09 23:02:54,ag2312P5800,ag2312P5800,400.0,0.0,0.0,0.0,1,408.5,412.5,1,407.0,420.0,420.0,400.0,2.0,12300.0,28
2023-05-09 23:04:01,ag2312P5800,ag2312P5800,400.0,0.0,0.0,0.0,1,408.0,412.5,1,407.0,420.0,420.0,400.0,2.0,12300.0,28
2023-05-09 23:04:49,ag2312P5800,ag2312P5800,400.0,0.0,0.0,0.0,1,408.5,412.5,1,407.0,420.0,420.0,400.0,2.0,12300.0,28
2023-05-09 23:04:55,ag2312P5800,ag2312P5800,400.0,0.0,0.0,0.0,1,408.5,416.0,1,407.0,420.0,420.0,400.0,2.0,12300.0,28
2023-05-09 23:04:56,ag2312P5800,ag2312P5800,400.0,0.0,0.0,0.0,1,409.0,414.0,1,407.0,420.0,420.0,400.0,2.0,12300.0,28
2023-05-09 23:05:00,ag2312P5800,ag2312P5800,400.0,0.0,0.0,0.0,1,409.0,413.5,1,407.0,420.0,420.0,400.0,2.0,12300.0,28
2023-05-09 23:05:21,ag2312P5800,ag2312P5800,400.0,0.0,0.0,0.0,1,408.5,413.0,1,407.0,420.0,420.0,400.0,2.0,12300.0,28
2023-05-09 23:06:05,ag2312P5800,ag2312P5800,400.0,0.0,0.0,0.0,1,409.0,413.5,1,407.0,420.0,420.0,400.0,2.0,12300.0,28
2023-05-09 23:07:26,ag2312P5800,ag2312P5800,400.0,0.0,0.0,0.0,1,408.5,413.5,1,407.0,420.0,420.0,400.0,2.0,12300.0,28
2023-05-09 23:07:57,ag2312P5800,ag2312P5800,400.0,0.0,0.0,0.0,1,408.5,413.0,1,407.0,420.0,420.0,400.0,2.0,12300.0,28
2023-05-09 23:07:58,ag2312P5800,ag2312P5800,400.0,0.0,0.0,0.0,1,390.0,413.0,1,407.0,420.0,420.0,400.0,2.0,12300.0,28
2023-05-09 23:07:59,ag2312P5800,ag2312P5800,400.0,0.0,0.0,0.0,1,407.5,413.0,1,407.0,420.0,420.0,400.0,2.0,12300.0,28
2023-05-09 23:08:15,ag2312P5800,ag2312P5800,400.0,0.0,0.0,0.0,1,407.5,412.5,1,407.0,420.0,420.0,400.0,2.0,12300.0,28
2023-05-09 23:09:03,ag2312P5800,ag2312P5800,400.0,0.0,0.0,0.0,1,408.0,412.5,1,407.0,420.0,420.0,400.0,2.0,12300.0,28
2023-05-09 23:09:44,ag2312P5800,ag2312P5800,400.0,0.0,0.0,0.0,1,408.5,412.5,1,407.0,420.0,420.0,400.0,2.0,12300.0,28
2023-05-09 23:09:45,ag2312P5800,ag2312P5800,400.0,0.0,0.0,0.0,1,408.5,413.0,1,407.0,420.0,420.0,400.0,2.0,12300.0,28
2023-05-09 23:09:45,ag2312P5800,ag2312P5800,400.0,0.0,0.0,0.0,1,409.0,413.0,1,407.0,420.0,420.0,400.0,2.0,12300.0,28
2023-05-09 23:11:11,ag2312P5800,ag2312P5800,400.0,0.0,0.0,0.0,1,408.5,413.0,1,407.0,420.0,420.0,400.0,2.0,12300.0,28
2023-05-09 23:11:46,ag2312P5800,ag2312P5800,400.0,0.0,0.0,0.0,1,407.5,413.0,1,407.0,420.0,420.0,400.0,2.0,12300.0,28
2023-05-09 23:12:04,ag2312P5800,ag2312P5800,400.0,0.0,0.0,0.0,1,408.0,413.0,1,407.0,420.0,420.0,400.0,2.0,12300.0,28
2023-05-09 23:12:07,ag2312P5800,ag2312P5800,400.0,0.0,0.0,0.0,1,408.5,413.0,1,407.0,420.0,420.0,400.0,2.0,12300.0,28
2023-05-09 23:13:37,ag2312P5800,ag2312P5800,400.0,0.0,0.0,0.0,1,409.0,413.0,1,407.0,420.0,420.0,400.0,2.0,12300.0,28
2023-05-09 23:13:42,ag2312P5800,ag2312P5800,400.0,0.0,0.0,0.0,1,409.0,414.5,1,407.0,420.0,420.0,400.0,2.0,12300.0,28
2023-05-09 23:13:59,ag2312P5800,ag2312P5800,400.0,0.0,0.0,0.0,1,409.5,414.5,1,407.0,420.0,420.0,400.0,2.0,12300.0,28
2023-05-09 23:15:02,ag2312P5800,ag2312P5800,400.0,0.0,0.0,0.0,1,410.0,414.5,1,407.0,420.0,420.0,400.0,2.0,12300.0,28
2023-05-09 23:16:49,ag2312P5800,ag2312P5800,400.0,0.0,0.0,0.0,1,409.5,414.5,1,407.0,420.0,420.0,400.0,2.0,12300.0,28
2023-05-09 23:17:58,ag2312P5800,ag2312P5800,400.0,0.0,0.0,0.0,1,410.0,414.5,1,407.0,420.0,420.0,400.0,2.0,12300.0,28
2023-05-09 23:19:01,ag2312P5800,ag2312P5800,400.0,0.0,0.0,0.0,1,410.5,414.5,1,407.0,420.0,420.0,400.0,2.0,12300.0,28
2023-05-09 23:19:03,ag2312P5800,ag2312P5800,400.0,0.0,0.0,0.0,1,410.5,415.5,1,407.0,420.0,420.0,400.0,2.0,12300.0,28
2023-05-09 23:19:58,ag2312P5800,ag2312P5800,400.0,0.0,0.0,0.0,1,410.5,415.0,1,407.0,420.0,420.0,400.0,2.0,12300.0,28
2023-05-09 23:20:12,ag2312P5800,ag2312P5800,400.0,0.0,0.0,0.0,1,410.0,415.0,1,407.0,420.0,420.0,400.0,2.0,12300.0,28
2023-05-09 23:20:20,ag2312P5800,ag2312P5800,400.0,0.0,0.0,0.0,1,410.0,414.5,1,407.0,420.0,420.0,400.0,2.0,12300.0,28
2023-05-09 23:20:25,ag2312P5800,ag2312P5800,400.0,0.0,0.0,0.0,1,409.0,414.5,1,407.0,420.0,420.0,400.0,2.0,12300.0,28
2023-05-09 23:20:42,ag2312P5800,ag2312P5800,400.0,0.0,0.0,0.0,1,409.0,414.0,1,407.0,420.0,420.0,400.0,2.0,12300.0,28
2023-05-09 23:21:45,ag2312P5800,ag2312P5800,400.0,0.0,0.0,0.0,1,409.0,413.5,1,407.0,420.0,420.0,400.0,2.0,12300.0,28
2023-05-09 23:22:14,ag2312P5800,ag2312P5800,400.0,0.0,0.0,0.0,1,408.0,413.5,1,407.0,420.0,420.0,400.0,2.0,12300.0,28
2023-05-09 23:22:20,ag2312P5800,ag2312P5800,400.0,0.0,0.0,0.0,1,408.0,413.0,1,407.0,420.0,420.0,400.0,2.0,12300.0,28
2023-05-09 23:22:35,ag2312P5800,ag2312P5800,400.0,0.0,0.0,0.0,1,408.5,413.0,1,407.0,420.0,420.0,400.0,2.0,12300.0,28
2023-05-09 23:25:54,ag2312P5800,ag2312P5800,400.0,0.0,0.0,0.0,1,390.0,420.0,1,407.0,420.0,420.0,400.0,2.0,12300.0,28
2023-05-09 23:26:28,ag2312P5800,ag2312P5800,400.0,0.0,0.0,0.0,1,380.0,420.0,1,407.0,420.0,420.0,400.0,2.0,12300.0,28
2023-05-09 23:26:29,ag2312P5800,ag2312P5800,400.0,0.0,0.0,0.0,2,380.5,420.0,1,407.0,420.0,420.0,400.0,2.0,12300.0,28
2023-05-09 23:29:31,ag2312P5800,ag2312P5800,400.0,0.0,0.0,0.0,1,394.5,420.0,1,407.0,420.0,420.0,400.0,2.0,12300.0,28
2023-05-09 23:29:32,ag2312P5800,ag2312P5800,400.0,0.0,0.0,0.0,1,394.5,420.0,1,407.0,420.0,420.0,400.0,2.0,12300.0,28
2023-05-09 23:29:33,ag2312P5800,ag2312P5800,400.0,0.0,0.0,0.0,1,407.0,413.0,1,407.0,420.0,420.0,400.0,2.0,12300.0,28
2023-05-09 23:32:34,ag2312P5800,ag2312P5800,400.0,0.0,0.0,0.0,1,407.5,413.0,1,407.0,420.0,420.0,400.0,2.0,12300.0,28
2023-05-09 23:40:54,ag2312P5800,ag2312P5800,400.0,0.0,0.0,0.0,1,394.5,420.0,1,407.0,420.0,420.0,400.0,2.0,12300.0,28
2023-05-09 23:41:28,ag2312P5800,ag2312P5800,400.0,0.0,0.0,0.0,1,380.0,420.0,1,407.0,420.0,420.0,400.0,2.0,12300.0,28
2023-05-09 23:41:29,ag2312P5800,ag2312P5800,400.0,0.0,0.0,0.0,2,380.5,420.0,1,407.0,420.0,420.0,400.0,2.0,12300.0,28
2023-05-10 00:12:11,ag2312P5800,ag2312P5800,400.0,0.0,0.0,0.0,1,380.0,420.0,1,407.0,420.0,420.0,400.0,2.0,12300.0,28
2023-05-10 00:12:11,ag2312P5800,ag2312P5800,400.0,0.0,0.0,0.0,3,380.0,420.0,1,407.0,420.0,420.0,400.0,2.0,12300.0,28
2023-05-10 00:12:35,ag2312P5800,ag2312P5800,400.0,0.0,0.0,0.0,1,380.0,420.0,1,407.0,420.0,420.0,400.0,2.0,12300.0,28
2023-05-10 00:38:09,ag2312P5800,ag2312P5800,400.0,0.0,0.0,0.0,3,380.0,420.0,1,407.0,420.0,420.0,400.0,2.0,12300.0,28
2023-05-10 00:38:12,ag2312P5800,ag2312P5800,400.0,0.0,0.0,0.0,1,380.0,420.0,1,407.0,420.0,420.0,400.0,2.0,12300.0,28
2023-05-10 00:44:56,ag2312P5800,ag2312P5800,400.0,0.0,0.0,0.0,2,380.5,420.0,1,407.0,420.0,420.0,400.0,2.0,12300.0,28
2023-05-10 00:46:37,ag2312P5800,ag2312P5800,400.0,0.0,0.0,0.0,1,380.0,420.0,1,407.0,420.0,420.0,400.0,2.0,12300.0,28
2023-05-10 00:46:38,ag2312P5800,ag2312P5800,400.0,0.0,0.0,0.0,3,380.0,420.0,1,407.0,420.0,420.0,400.0,2.0,12300.0,28
2023-05-10 00:55:03,ag2312P5800,ag2312P5800,400.0,0.0,0.0,0.0,1,380.0,420.0,1,407.0,420.0,420.0,400.0,2.0,12300.0,28
2023-05-10 02:29:48,ag2312P5800,ag2312P5800,400.0,0.0,0.0,0.0,1,380.0,420.0,1,407.0,420.0,420.0,400.0,2.0,12300.0,28
2023-05-10 09:00:00,ag2312P5800,ag2312P5800,400.0,0.0,0.0,0.0,1,380.0,420.0,1,407.0,420.0,420.0,400.0,2.0,12300.0,28
2023-05-10 09:00:01,ag2312P5800,ag2312P5800,400.0,0.0,0.0,0.0,1,380.0,418.0,1,407.0,420.0,420.0,400.0,2.0,12300.0,28
2023-05-10 09:00:02,ag2312P5800,ag2312P5800,400.0,0.0,0.0,0.0,1,382.5,418.0,1,407.0,420.0,420.0,400.0,2.0,12300.0,28
2023-05-10 09:00:40,ag2312P5800,ag2312P5800,400.0,0.0,0.0,0.0,1,382.5,418.0,1,407.0,420.0,420.0,400.0,2.0,12300.0,28
2023-05-10 09:01:23,ag2312P5800,ag2312P5800,400.0,0.0,0.0,0.0,1,395.0,400.5,1,407.0,420.0,420.0,400.0,2.0,12300.0,28
2023-05-10 09:02:03,ag2312P5800,ag2312P5800,400.0,0.0,0.0,0.0,1,395.0,399.5,1,407.0,420.0,420.0,400.0,2.0,12300.0,28
2023-05-10 09:02:04,ag2312P5800,ag2312P5800,400.0,0.0,0.0,0.0,1,394.0,399.5,1,407.0,420.0,420.0,400.0,2.0,12300.0,28
2023-05-10 09:02:05,ag2312P5800,ag2312P5800,400.0,0.0,0.0,0.0,1,394.5,399.5,1,407.0,420.0,420.0,400.0,2.0,12300.0,28
2023-05-10 09:02:13,ag2312P5800,ag2312P5800,400.0,0.0,0.0,0.0,1,395.0,399.5,1,407.0,420.0,420.0,400.0,2.0,12300.0,28
2023-05-10 09:02:14,ag2312P5800,ag2312P5800,400.0,0.0,0.0,0.0,1,395.5,399.5,1,407.0,420.0,420.0,400.0,2.0,12300.0,28
2023-05-10 09:02:22,ag2312P5800,ag2312P5800,400.0,0.0,0.0,0.0,1,395.0,399.5,1,407.0,420.0,420.0,400.0,2.0,12300.0,28
2023-05-10 09:02:57,ag2312P5800,ag2312P5800,400.0,0.0,0.0,0.0,1,394.0,399.5,1,407.0,420.0,420.0,400.0,2.0,12300.0,28
2023-05-10 09:03:03,ag2312P5800,ag2312P5800,400.0,0.0,0.0,0.0,1,394.0,399.0,1,407.0,420.0,420.0,400.0,2.0,12300.0,28
2023-05-10 09:03:12,ag2312P5800,ag2312P5800,400.0,0.0,0.0,0.0,1,394.5,399.0,1,407.0,420.0,420.0,400.0,2.0,12300.0,28
2023-05-10 09:04:08,ag2312P5800,ag2312P5800,400.0,0.0,0.0,0.0,1,395.0,399.0,1,407.0,420.0,420.0,400.0,2.0,12300.0,28
2023-05-10 09:04:13,ag2312P5800,ag2312P5800,400.0,0.0,0.0,0.0,1,395.0,399.5,1,407.0,420.0,420.0,400.0,2.0,12300.0,28
2023-05-10 09:04:37,ag2312P5800,ag2312P5800,400.0,0.0,0.0,0.0,1,395.5,399.5,1,407.0,420.0,420.0,400.0,2.0,12300.0,28
2023-05-10 09:05:16,ag2312P5800,ag2312P5800,400.0,0.0,0.0,0.0,1,396.0,399.5,1,407.0,420.0,420.0,400.0,2.0,12300.0,28
2023-05-10 09:05:17,ag2312P5800,ag2312P5800,400.0,0.0,0.0,0.0,1,396.5,418.0,1,407.0,420.0,420.0,400.0,2.0,12300.0,28
2023-05-10 09:05:19,ag2312P5800,ag2312P5800,400.0,0.0,0.0,0.0,1,396.5,401.0,1,407.0,420.0,420.0,400.0,2.0,12300.0,28
2023-05-10 09:05:20,ag2312P5800,ag2312P5800,400.0,0.0,0.0,0.0,1,397.0,401.0,1,407.0,420.0,420.0,400.0,2.0,12300.0,28
2023-05-10 09:05:24,ag2312P5800,ag2312P5800,400.0,0.0,0.0,0.0,1,397.0,400.5,1,407.0,420.0,420.0,400.0,2.0,12300.0,28
2023-05-10 09:05:39,ag2312P5800,ag2312P5800,400.0,0.0,0.0,0.0,1,396.5,400.5,1,407.0,420.0,420.0,400.0,2.0,12300.0,28
2023-05-10 09:06:00,ag2312P5800,ag2312P5800,400.0,0.0,0.0,0.0,1,396.5,400.0,1,407.0,420.0,420.0,400.0,2.0,12300.0,28
2023-05-10 09:06:00,ag2312P5800,ag2312P5800,400.0,0.0,0.0,0.0,1,395.5,400.0,1,407.0,420.0,420.0,400.0,2.0,12300.0,28
2023-05-10 09:06:49,ag2312P5800,ag2312P5800,400.0,0.0,0.0,0.0,1,396.0,400.0,1,407.0,420.0,420.0,400.0,2.0,12300.0,28
2023-05-10 09:07:30,ag2312P5800,ag2312P5800,400.0,0.0,0.0,0.0,1,396.5,400.0,1,407.0,420.0,420.0,400.0,2.0,12300.0,28
2023-05-10 09:07:41,ag2312P5800,ag2312P5800,400.0,0.0,0.0,0.0,1,397.0,400.0,1,407.0,420.0,420.0,400.0,2.0,12300.0,28
2023-05-10 09:07:43,ag2312P5800,ag2312P5800,400.0,0.0,0.0,0.0,1,397.0,400.5,1,407.0,420.0,420.0,400.0,2.0,12300.0,28
2023-05-10 09:07:53,ag2312P5800,ag2312P5800,400.0,0.0,0.0,0.0,1,396.5,400.5,1,407.0,420.0,420.0,400.0,2.0,12300.0,28
2023-05-10 09:08:29,ag2312P5800,ag2312P5800,400.0,0.0,0.0,0.0,1,397.0,400.5,1,407.0,420.0,420.0,400.0,2.0,12300.0,28
2023-05-10 09:08:55,ag2312P5800,ag2312P5800,400.0,0.0,0.0,0.0,1,396.5,400.5,1,407.0,420.0,420.0,400.0,2.0,12300.0,28
2023-05-10 09:09:49,ag2312P5800,ag2312P5800,400.0,0.0,0.0,0.0,1,397.0,400.5,1,407.0,420.0,420.0,400.0,2.0,12300.0,28
2023-05-10 09:12:16,ag2312P5800,ag2312P5800,400.0,0.0,0.0,0.0,1,397.5,400.5,1,407.0,420.0,420.0,400.0,2.0,12300.0,28
2023-05-10 09:12:16,ag2312P5800,ag2312P5800,400.0,0.0,0.0,0.0,1,397.5,418.0,1,407.0,420.0,420.0,400.0,2.0,12300.0,28
2023-05-10 09:12:17,ag2312P5800,ag2312P5800,400.0,0.0,0.0,0.0,1,397.5,401.5,1,407.0,420.0,420.0,400.0,2.0,12300.0,28
2023-05-10 09:12:27,ag2312P5800,ag2312P5800,400.0,0.0,0.0,0.0,1,397.0,401.5,1,407.0,420.0,420.0,400.0,2.0,12300.0,28
2023-05-10 09:12:52,ag2312P5800,ag2312P5800,400.0,0.0,0.0,0.0,1,397.5,401.5,1,407.0,420.0,420.0,400.0,2.0,12300.0,28
2023-05-10 09:13:01,ag2312P5800,ag2312P5800,400.0,0.0,0.0,0.0,1,398.0,401.5,1,407.0,420.0,420.0,400.0,2.0,12300.0,28
2023-05-10 09:14:13,ag2312P5800,ag2312P5800,400.0,0.0,0.0,0.0,1,397.5,401.5,1,407.0,420.0,420.0,400.0,2.0,12300.0,28
2023-05-10 09:15:19,ag2312P5800,ag2312P5800,400.0,0.0,0.0,0.0,1,398.0,401.5,1,407.0,420.0,420.0,400.0,2.0,12300.0,28
2023-05-10 09:16:30,ag2312P5800,ag2312P5800,400.0,0.0,0.0,0.0,1,398.5,401.5,1,407.0,420.0,420.0,400.0,2.0,12300.0,28
2023-05-10 09:16:31,ag2312P5800,ag2312P5800,400.0,0.0,0.0,0.0,1,398.5,402.5,1,407.0,420.0,420.0,400.0,2.0,12300.0,28
2023-05-10 09:17:15,ag2312P5800,ag2312P5800,400.0,0.0,0.0,0.0,1,398.0,402.5,1,407.0,420.0,420.0,400.0,2.0,12300.0,28
2023-05-10 09:17:16,ag2312P5800,ag2312P5800,400.0,0.0,0.0,0.0,1,398.0,402.0,1,407.0,420.0,420.0,400.0,2.0,12300.0,28
2023-05-10 09:17:43,ag2312P5800,ag2312P5800,400.0,0.0,0.0,0.0,1,397.5,401.5,1,407.0,420.0,420.0,400.0,2.0,12300.0,28
2023-05-10 09:19:01,ag2312P5800,ag2312P5800,400.0,0.0,0.0,0.0,1,396.5,401.0,1,407.0,420.0,420.0,400.0,2.0,12300.0,28
2023-05-10 09:19:09,ag2312P5800,ag2312P5800,400.0,0.0,0.0,0.0,1,396.5,400.5,1,407.0,420.0,420.0,400.0,2.0,12300.0,28
2023-05-10 09:21:47,ag2312P5800,ag2312P5800,400.0,0.0,0.0,0.0,1,397.0,400.5,1,407.0,420.0,420.0,400.0,2.0,12300.0,28
2023-05-10 09:22:59,ag2312P5800,ag2312P5800,400.0,0.0,0.0,0.0,1,397.5,400.5,1,407.0,420.0,420.0,400.0,2.0,12300.0,28
2023-05-10 09:23:05,ag2312P5800,ag2312P5800,400.0,0.0,0.0,0.0,1,397.5,401.0,1,407.0,420.0,420.0,400.0,2.0,12300.0,28
2023-05-10 09:23:14,ag2312P5800,ag2312P5800,400.0,0.0,0.0,0.0,1,398.0,418.0,1,407.0,420.0,420.0,400.0,2.0,12300.0,28
2023-05-10 09:23:15,ag2312P5800,ag2312P5800,400.0,0.0,0.0,0.0,1,398.0,402.5,1,407.0,420.0,420.0,400.0,2.0,12300.0,28
2023-05-10 09:23:24,ag2312P5800,ag2312P5800,400.0,0.0,0.0,0.0,1,398.0,402.0,1,407.0,420.0,420.0,400.0,2.0,12300.0,28
2023-05-10 09:23:24,ag2312P5800,ag2312P5800,400.0,0.0,0.0,0.0,1,398.0,401.5,1,407.0,420.0,420.0,400.0,2.0,12300.0,28
2023-05-10 09:23:25,ag2312P5800,ag2312P5800,400.0,0.0,0.0,0.0,1,397.5,401.5,1,407.0,420.0,420.0,400.0,2.0,12300.0,28
2023-05-10 09:24:41,ag2312P5800,ag2312P5800,400.0,0.0,0.0,0.0,1,396.5,401.5,1,407.0,420.0,420.0,400.0,2.0,12300.0,28
2023-05-10 09:24:41,ag2312P5800,ag2312P5800,400.0,0.0,0.0,0.0,1,396.5,401.0,1,407.0,420.0,420.0,400.0,2.0,12300.0,28
2023-05-10 09:25:56,ag2312P5800,ag2312P5800,400.0,0.0,0.0,0.0,1,396.5,400.5,1,407.0,420.0,420.0,400.0,2.0,12300.0,28
2023-05-10 09:26:25,ag2312P5800,ag2312P5800,400.0,0.0,0.0,0.0,1,395.5,400.5,1,407.0,420.0,420.0,400.0,2.0,12300.0,28
2023-05-10 09:26:34,ag2312P5800,ag2312P5800,400.0,0.0,0.0,0.0,1,396.0,400.5,1,407.0,420.0,420.0,400.0,2.0,12300.0,28
2023-05-10 09:26:34,ag2312P5800,ag2312P5800,400.0,0.0,0.0,0.0,1,396.5,400.5,1,407.0,420.0,420.0,400.0,2.0,12300.0,28
2023-05-10 09:26:41,ag2312P5800,ag2312P5800,400.0,0.0,0.0,0.0,1,397.0,400.5,1,407.0,420.0,420.0,400.0,2.0,12300.0,28
2023-05-10 09:27:11,ag2312P5800,ag2312P5800,400.0,0.0,0.0,0.0,1,397.5,400.5,1,407.0,420.0,420.0,400.0,2.0,12300.0,28
2023-05-10 09:27:11,ag2312P5800,ag2312P5800,400.0,0.0,0.0,0.0,1,397.5,401.0,1,407.0,420.0,420.0,400.0,2.0,12300.0,28
2023-05-10 09:27:12,ag2312P5800,ag2312P5800,400.0,0.0,0.0,0.0,1,397.5,418.0,1,407.0,420.0,420.0,400.0,2.0,12300.0,28
2023-05-10 09:27:12,ag2312P5800,ag2312P5800,400.0,0.0,0.0,0.0,1,397.5,402.0,1,407.0,420.0,420.0,400.0,2.0,12300.0,28
2023-05-10 09:27:13,ag2312P5800,ag2312P5800,400.0,0.0,0.0,0.0,1,398.0,402.0,1,407.0,420.0,420.0,400.0,2.0,12300.0,28
2023-05-10 09:27:38,ag2312P5800,ag2312P5800,400.0,0.0,0.0,0.0,1,398.5,402.0,1,407.0,420.0,420.0,400.0,2.0,12300.0,28
2023-05-10 09:27:56,ag2312P5800,ag2312P5800,400.0,0.0,0.0,0.0,1,398.0,402.0,1,407.0,420.0,420.0,400.0,2.0,12300.0,28
2023-05-10 09:29:07,ag2312P5800,ag2312P5800,400.0,0.0,0.0,0.0,1,398.5,402.0,1,407.0,420.0,420.0,400.0,2.0,12300.0,28
2023-05-10 09:29:08,ag2312P5800,ag2312P5800,400.0,0.0,0.0,0.0,1,399.0,402.0,1,407.0,420.0,420.0,400.0,2.0,12300.0,28
2023-05-10 09:29:32,ag2312P5800,ag2312P5800,400.0,0.0,0.0,0.0,1,398.5,402.0,1,407.0,420.0,420.0,400.0,2.0,12300.0,28
2023-05-10 09:30:16,ag2312P5800,ag2312P5800,400.0,0.0,0.0,0.0,1,397.5,402.0,1,407.0,420.0,420.0,400.0,2.0,12300.0,28
2023-05-10 09:30:33,ag2312P5800,ag2312P5800,400.0,0.0,0.0,0.0,1,398.0,402.0,1,407.0,420.0,420.0,400.0,2.0,12300.0,28
2023-05-10 09:30:35,ag2312P5800,ag2312P5800,400.0,0.0,0.0,0.0,1,398.5,402.0,1,407.0,420.0,420.0,400.0,2.0,12300.0,28
2023-05-10 09:31:07,ag2312P5800,ag2312P5800,400.0,0.0,0.0,0.0,1,398.5,403.0,1,407.0,420.0,420.0,400.0,2.0,12300.0,28
2023-05-10 09:31:07,ag2312P5800,ag2312P5800,400.0,0.0,0.0,0.0,1,399.0,403.0,1,407.0,420.0,420.0,400.0,2.0,12300.0,28
2023-05-10 09:31:11,ag2312P5800,ag2312P5800,400.0,0.0,0.0,0.0,1,398.5,403.0,1,407.0,420.0,420.0,400.0,2.0,12300.0,28
2023-05-10 09:31:11,ag2312P5800,ag2312P5800,400.0,0.0,0.0,0.0,1,398.5,402.5,1,407.0,420.0,420.0,400.0,2.0,12300.0,28
2023-05-10 09:32:01,ag2312P5800,ag2312P5800,400.0,0.0,0.0,0.0,1,398.0,402.5,1,407.0,420.0,420.0,400.0,2.0,12300.0,28
2023-05-10 09:32:11,ag2312P5800,ag2312P5800,400.0,0.0,0.0,0.0,1,398.0,402.0,1,407.0,420.0,420.0,400.0,2.0,12300.0,28
2023-05-10 09:33:27,ag2312P5800,ag2312P5800,400.0,0.0,0.0,0.0,1,398.0,401.5,1,407.0,420.0,420.0,400.0,2.0,12300.0,28
2023-05-10 09:33:28,ag2312P5800,ag2312P5800,400.0,0.0,0.0,0.0,1,397.0,401.5,1,407.0,420.0,420.0,400.0,2.0,12300.0,28
2023-05-10 09:33:43,ag2312P5800,ag2312P5800,400.0,0.0,0.0,0.0,1,397.5,401.5,1,407.0,420.0,420.0,400.0,2.0,12300.0,28
2023-05-10 09:34:00,ag2312P5800,ag2312P5800,400.0,0.0,0.0,0.0,1,398.0,401.5,1,407.0,420.0,420.0,400.0,2.0,12300.0,28
2023-05-10 09:34:07,ag2312P5800,ag2312P5800,400.0,0.0,0.0,0.0,1,398.5,401.5,1,407.0,420.0,420.0,400.0,2.0,12300.0,28
2023-05-10 09:34:09,ag2312P5800,ag2312P5800,400.0,0.0,0.0,0.0,1,398.5,402.0,1,407.0,420.0,420.0,400.0,2.0,12300.0,28
2023-05-10 09:35:40,ag2312P5800,ag2312P5800,400.0,0.0,0.0,0.0,1,398.0,402.0,1,407.0,420.0,420.0,400.0,2.0,12300.0,28
2023-05-10 09:36:16,ag2312P5800,ag2312P5800,400.0,0.0,0.0,0.0,1,397.0,402.0,1,407.0,420.0,420.0,400.0,2.0,12300.0,28
2023-05-10 09:36:18,ag2312P5800,ag2312P5800,400.0,0.0,0.0,0.0,1,397.5,402.0,1,407.0,420.0,420.0,400.0,2.0,12300.0,28
2023-05-10 09:36:28,ag2312P5800,ag2312P5800,400.0,0.0,0.0,0.0,1,398.0,402.0,1,407.0,420.0,420.0,400.0,2.0,12300.0,28
2023-05-10 09:37:06,ag2312P5800,ag2312P5800,400.0,0.0,0.0,0.0,1,398.5,402.0,1,407.0,420.0,420.0,400.0,2.0,12300.0,28
2023-05-10 09:38:07,ag2312P5800,ag2312P5800,400.0,0.0,0.0,0.0,1,398.0,402.0,1,407.0,420.0,420.0,400.0,2.0,12300.0,28
2023-05-10 09:38:09,ag2312P5800,ag2312P5800,400.0,0.0,0.0,0.0,1,397.0,402.0,1,407.0,420.0,420.0,400.0,2.0,12300.0,28
2023-05-10 09:38:10,ag2312P5800,ag2312P5800,400.0,0.0,0.0,0.0,1,397.5,402.0,1,407.0,420.0,420.0,400.0,2.0,12300.0,28
2023-05-10 09:38:34,ag2312P5800,ag2312P5800,400.0,0.0,0.0,0.0,1,397.5,401.5,1,407.0,420.0,420.0,400.0,2.0,12300.0,28
2023-05-10 09:39:37,ag2312P5800,ag2312P5800,400.0,0.0,0.0,0.0,1,397.0,401.5,1,407.0,420.0,420.0,400.0,2.0,12300.0,28
2023-05-10 09:40:27,ag2312P5800,ag2312P5800,400.0,0.0,0.0,0.0,1,397.5,401.5,1,407.0,420.0,420.0,400.0,2.0,12300.0,28
2023-05-10 09:40:59,ag2312P5800,ag2312P5800,400.0,0.0,0.0,0.0,1,397.5,401.0,1,407.0,420.0,420.0,400.0,2.0,12300.0,28
2023-05-10 09:41:00,ag2312P5800,ag2312P5800,400.0,0.0,0.0,0.0,1,397.0,401.0,1,407.0,420.0,420.0,400.0,2.0,12300.0,28
2023-05-10 09:41:12,ag2312P5800,ag2312P5800,400.0,0.0,0.0,0.0,1,397.5,401.0,1,407.0,420.0,420.0,400.0,2.0,12300.0,28
2023-05-10 09:42:07,ag2312P5800,ag2312P5800,400.0,0.0,0.0,0.0,1,398.0,401.5,1,407.0,420.0,420.0,400.0,2.0,12300.0,28
2023-05-10 09:43:56,ag2312P5800,ag2312P5800,400.0,0.0,0.0,0.0,1,398.5,402.5,1,407.0,420.0,420.0,400.0,2.0,12300.0,28
2023-05-10 09:44:09,ag2312P5800,ag2312P5800,400.0,0.0,0.0,0.0,1,398.0,402.5,1,407.0,420.0,420.0,400.0,2.0,12300.0,28
2023-05-10 09:44:15,ag2312P5800,ag2312P5800,400.0,0.0,0.0,0.0,1,398.0,402.0,1,407.0,420.0,420.0,400.0,2.0,12300.0,28
2023-05-10 09:44:21,ag2312P5800,ag2312P5800,400.0,0.0,0.0,0.0,1,397.0,402.0,1,407.0,420.0,420.0,400.0,2.0,12300.0,28
2023-05-10 09:44:26,ag2312P5800,ag2312P5800,400.0,0.0,0.0,0.0,1,397.5,402.0,1,407.0,420.0,420.0,400.0,2.0,12300.0,28
2023-05-10 09:44:31,ag2312P5800,ag2312P5800,400.0,0.0,0.0,0.0,1,398.0,402.0,1,407.0,420.0,420.0,400.0,2.0,12300.0,28
2023-05-10 09:45:12,ag2312P5800,ag2312P5800,400.0,0.0,0.0,0.0,1,398.5,402.0,1,407.0,420.0,420.0,400.0,2.0,12300.0,28
2023-05-10 09:45:45,ag2312P5800,ag2312P5800,400.0,0.0,0.0,0.0,1,398.5,402.5,1,407.0,420.0,420.0,400.0,2.0,12300.0,28
2023-05-10 09:46:01,ag2312P5800,ag2312P5800,400.0,0.0,0.0,0.0,1,398.0,402.0,1,407.0,420.0,420.0,400.0,2.0,12300.0,28
2023-05-10 09:47:12,ag2312P5800,ag2312P5800,400.0,0.0,0.0,0.0,1,398.0,401.5,1,407.0,420.0,420.0,400.0,2.0,12300.0,28
2023-05-10 09:47:12,ag2312P5800,ag2312P5800,400.0,0.0,0.0,0.0,1,397.0,401.5,1,407.0,420.0,420.0,400.0,2.0,12300.0,28
2023-05-10 09:47:38,ag2312P5800,ag2312P5800,400.0,0.0,0.0,0.0,1,397.0,401.0,1,407.0,420.0,420.0,400.0,2.0,12300.0,28
2023-05-10 09:50:53,ag2312P5800,ag2312P5800,400.0,0.0,0.0,0.0,1,396.0,401.0,1,407.0,420.0,420.0,400.0,2.0,12300.0,28
2023-05-10 09:50:55,ag2312P5800,ag2312P5800,400.0,0.0,0.0,0.0,1,396.0,400.5,1,407.0,420.0,420.0,400.0,2.0,12300.0,28
2023-05-10 09:50:56,ag2312P5800,ag2312P5800,400.0,0.0,0.0,0.0,1,396.5,400.5,1,407.0,420.0,420.0,400.0,2.0,12300.0,28
2023-05-10 09:51:05,ag2312P5800,ag2312P5800,400.0,0.0,0.0,0.0,1,396.0,400.0,1,407.0,420.0,420.0,400.0,2.0,12300.0,28
2023-05-10 09:52:54,ag2312P5800,ag2312P5800,400.0,0.0,0.0,0.0,1,396.5,400.0,1,407.0,420.0,420.0,400.0,2.0,12300.0,28
2023-05-10 09:53:05,ag2312P5800,ag2312P5800,400.0,0.0,0.0,0.0,1,397.0,400.5,1,407.0,420.0,420.0,400.0,2.0,12300.0,28
2023-05-10 09:55:04,ag2312P5800,ag2312P5800,400.0,0.0,0.0,0.0,1,397.0,401.5,1,407.0,420.0,420.0,400.0,2.0,12300.0,28
2023-05-10 09:55:16,ag2312P5800,ag2312P5800,400.0,0.0,0.0,0.0,1,397.5,401.5,1,407.0,420.0,420.0,400.0,2.0,12300.0,28
2023-05-10 09:55:29,ag2312P5800,ag2312P5800,400.0,0.0,0.0,0.0,1,397.0,401.5,1,407.0,420.0,420.0,400.0,2.0,12300.0,28
2023-05-10 09:56:16,ag2312P5800,ag2312P5800,400.0,0.0,0.0,0.0,1,397.0,401.0,1,407.0,420.0,420.0,400.0,2.0,12300.0,28
2023-05-10 09:56:59,ag2312P5800,ag2312P5800,400.0,0.0,0.0,0.0,1,397.5,401.0,1,407.0,420.0,420.0,400.0,2.0,12300.0,28
2023-05-10 09:57:20,ag2312P5800,ag2312P5800,400.0,0.0,0.0,0.0,1,397.0,401.0,1,407.0,420.0,420.0,400.0,2.0,12300.0,28
2023-05-10 09:58:47,ag2312P5800,ag2312P5800,400.0,0.0,0.0,0.0,1,396.5,401.0,1,407.0,420.0,420.0,400.0,2.0,12300.0,28
2023-05-10 09:59:48,ag2312P5800,ag2312P5800,400.0,0.0,0.0,0.0,1,396.5,400.5,1,407.0,420.0,420.0,400.0,2.0,12300.0,28
2023-05-10 10:00:37,ag2312P5800,ag2312P5800,400.0,0.0,0.0,0.0,1,396.0,400.5,1,407.0,420.0,420.0,400.0,2.0,12300.0,28
2023-05-10 10:01:41,ag2312P5800,ag2312P5800,400.0,0.0,0.0,0.0,1,396.5,400.5,1,407.0,420.0,420.0,400.0,2.0,12300.0,28
2023-05-10 10:02:37,ag2312P5800,ag2312P5800,400.0,0.0,0.0,0.0,1,397.0,400.5,1,407.0,420.0,420.0,400.0,2.0,12300.0,28
2023-05-10 10:03:17,ag2312P5800,ag2312P5800,400.0,0.0,0.0,0.0,1,396.5,400.5,1,407.0,420.0,420.0,400.0,2.0,12300.0,28
2023-05-10 10:03:35,ag2312P5800,ag2312P5800,400.0,0.0,0.0,0.0,1,397.0,400.5,1,407.0,420.0,420.0,400.0,2.0,12300.0,28
2023-05-10 10:04:02,ag2312P5800,ag2312P5800,400.0,0.0,0.0,0.0,1,397.5,400.5,1,407.0,420.0,420.0,400.0,2.0,12300.0,28
2023-05-10 10:04:06,ag2312P5800,ag2312P5800,400.0,0.0,0.0,0.0,1,397.5,401.0,1,407.0,420.0,420.0,400.0,2.0,12300.0,28
2023-05-10 10:04:07,ag2312P5800,ag2312P5800,400.0,0.0,0.0,0.0,1,398.0,401.0,1,407.0,420.0,420.0,400.0,2.0,12300.0,28
2023-05-10 10:04:11,ag2312P5800,ag2312P5800,400.0,0.0,0.0,0.0,1,398.0,402.0,1,407.0,420.0,420.0,400.0,2.0,12300.0,28
2023-05-10 10:04:59,ag2312P5800,ag2312P5800,400.0,0.0,0.0,0.0,1,398.5,402.0,1,407.0,420.0,420.0,400.0,2.0,12300.0,28
2023-05-10 10:05:15,ag2312P5800,ag2312P5800,400.0,0.0,0.0,0.0,1,399.0,402.0,1,407.0,420.0,420.0,400.0,2.0,12300.0,28
2023-05-10 10:05:16,ag2312P5800,ag2312P5800,400.0,0.0,0.0,0.0,1,399.0,403.0,1,407.0,420.0,420.0,400.0,2.0,12300.0,28
2023-05-10 10:06:16,ag2312P5800,ag2312P5800,400.0,0.0,0.0,0.0,1,399.5,403.0,1,407.0,420.0,420.0,400.0,2.0,12300.0,28
2023-05-10 10:06:27,ag2312P5800,ag2312P5800,400.0,0.0,0.0,0.0,1,399.5,404.0,1,407.0,420.0,420.0,400.0,2.0,12300.0,28
2023-05-10 10:06:34,ag2312P5800,ag2312P5800,400.0,0.0,0.0,0.0,1,399.5,403.5,1,407.0,420.0,420.0,400.0,2.0,12300.0,28
2023-05-10 10:06:39,ag2312P5800,ag2312P5800,400.0,0.0,0.0,0.0,1,399.0,403.5,1,407.0,420.0,420.0,400.0,2.0,12300.0,28
2023-05-10 10:06:44,ag2312P5800,ag2312P5800,400.0,0.0,0.0,0.0,1,399.0,403.0,1,407.0,420.0,420.0,400.0,2.0,12300.0,28
2023-05-10 10:06:53,ag2312P5800,ag2312P5800,400.0,0.0,0.0,0.0,1,399.0,402.5,1,407.0,420.0,420.0,400.0,2.0,12300.0,28
2023-05-10 10:06:54,ag2312P5800,ag2312P5800,400.0,0.0,0.0,0.0,1,382.5,402.5,1,407.0,420.0,420.0,400.0,2.0,12300.0,28
2023-05-10 10:06:55,ag2312P5800,ag2312P5800,400.0,0.0,0.0,0.0,1,398.0,402.5,1,407.0,420.0,420.0,400.0,2.0,12300.0,28
2023-05-10 10:06:57,ag2312P5800,ag2312P5800,400.0,0.0,0.0,0.0,1,398.5,402.5,1,407.0,420.0,420.0,400.0,2.0,12300.0,28
2023-05-10 10:07:03,ag2312P5800,ag2312P5800,400.0,0.0,0.0,0.0,1,399.0,402.5,1,407.0,420.0,420.0,400.0,2.0,12300.0,28
2023-05-10 10:07:22,ag2312P5800,ag2312P5800,400.0,0.0,0.0,0.0,1,399.5,403.0,1,407.0,420.0,420.0,400.0,2.0,12300.0,28
2023-05-10 10:07:30,ag2312P5800,ag2312P5800,400.0,0.0,0.0,0.0,1,400.0,404.0,1,407.0,420.0,420.0,400.0,2.0,12300.0,28
2023-05-10 10:07:53,ag2312P5800,ag2312P5800,400.0,0.0,0.0,0.0,1,399.5,403.5,1,407.0,420.0,420.0,400.0,2.0,12300.0,28
2023-05-10 10:08:03,ag2312P5800,ag2312P5800,400.0,0.0,0.0,0.0,1,399.5,403.0,1,407.0,420.0,420.0,400.0,2.0,12300.0,28
2023-05-10 10:08:03,ag2312P5800,ag2312P5800,400.0,0.0,0.0,0.0,1,398.5,403.0,1,407.0,420.0,420.0,400.0,2.0,12300.0,28
2023-05-10 10:08:09,ag2312P5800,ag2312P5800,400.0,0.0,0.0,0.0,1,399.0,403.0,1,407.0,420.0,420.0,400.0,2.0,12300.0,28
2023-05-10 10:08:18,ag2312P5800,ag2312P5800,400.0,0.0,0.0,0.0,1,399.5,403.0,1,407.0,420.0,420.0,400.0,2.0,12300.0,28
2023-05-10 10:08:19,ag2312P5800,ag2312P5800,400.0,0.0,0.0,0.0,1,399.5,403.5,1,407.0,420.0,420.0,400.0,2.0,12300.0,28
2023-05-10 10:09:24,ag2312P5800,ag2312P5800,400.0,0.0,0.0,0.0,1,399.0,403.0,1,407.0,420.0,420.0,400.0,2.0,12300.0,28
2023-05-10 10:10:41,ag2312P5800,ag2312P5800,400.0,0.0,0.0,0.0,1,399.0,402.5,1,407.0,420.0,420.0,400.0,2.0,12300.0,28
2023-05-10 10:10:55,ag2312P5800,ag2312P5800,400.0,0.0,0.0,0.0,1,398.0,402.5,1,407.0,420.0,420.0,400.0,2.0,12300.0,28
2023-05-10 10:11:11,ag2312P5800,ag2312P5800,400.0,0.0,0.0,0.0,1,398.5,402.5,1,407.0,420.0,420.0,400.0,2.0,12300.0,28
2023-05-10 10:12:01,ag2312P5800,ag2312P5800,400.0,0.0,0.0,0.0,1,399.0,402.5,1,407.0,420.0,420.0,400.0,2.0,12300.0,28
2023-05-10 10:13:11,ag2312P5800,ag2312P5800,400.0,0.0,0.0,0.0,1,399.5,402.5,1,407.0,420.0,420.0,400.0,2.0,12300.0,28
2023-05-10 10:13:58,ag2312P5800,ag2312P5800,400.0,0.0,0.0,0.0,1,399.0,402.5,1,407.0,420.0,420.0,400.0,2.0,12300.0,28
2023-05-10 10:14:26,ag2312P5800,ag2312P5800,400.0,0.0,0.0,0.0,1,399.5,402.5,1,407.0,420.0,420.0,400.0,2.0,12300.0,28
2023-05-10 10:14:27,ag2312P5800,ag2312P5800,400.0,0.0,0.0,0.0,1,399.5,403.0,1,407.0,420.0,420.0,400.0,2.0,12300.0,28
2023-05-10 10:14:29,ag2312P5800,ag2312P5800,400.0,0.0,0.0,0.0,1,382.5,418.0,1,407.0,420.0,420.0,400.0,2.0,12300.0,28
2023-05-10 10:14:29,ag2312P5800,ag2312P5800,400.0,0.0,0.0,0.0,3,382.5,418.0,1,407.0,420.0,420.0,400.0,2.0,12300.0,28
2023-05-10 10:14:30,ag2312P5800,ag2312P5800,400.0,0.0,0.0,0.0,1,392.5,418.0,1,407.0,420.0,420.0,400.0,2.0,12300.0,28
2023-05-10 10:14:30,ag2312P5800,ag2312P5800,400.0,0.0,0.0,0.0,1,392.5,416.5,1,407.0,420.0,420.0,400.0,2.0,12300.0,28
2023-05-10 10:30:01,ag2312P5800,ag2312P5800,400.0,0.0,0.0,0.0,1,392.5,403.0,1,407.0,420.0,420.0,400.0,2.0,12300.0,28
