time,symbol_id,symbol_name,last,trade_volume,trade_amount,open_interest_change,bv1,bp1,ap1,av1,yesterday_close,today_open,today_high,today_low,volume,amount,open_interest
2023-05-09 21:02:23,ag2312C4700,ag2312C4700,1164.5,0.0,0.0,0.0,1,642.5,1686.0,1,1164.5,0.0,0.0,0.0,0.0,0.0,5
2023-05-09 21:02:23,ag2312C4700,ag2312C4700,1164.5,0.0,0.0,0.0,2,643.0,1685.5,2,1164.5,0.0,0.0,0.0,0.0,0.0,5
2023-05-09 21:02:24,ag2312C4700,ag2312C4700,1164.5,0.0,0.0,0.0,2,643.0,1685.5,2,1164.5,0.0,0.0,0.0,0.0,0.0,5
2023-05-09 21:02:37,ag2312C4700,ag2312C4700,1164.5,0.0,0.0,0.0,1,644.5,1684.0,1,1164.5,0.0,0.0,0.0,0.0,0.0,5
2023-05-09 21:02:38,ag2312C4700,ag2312C4700,1164.5,0.0,0.0,0.0,1,644.5,1684.0,1,1164.5,0.0,0.0,0.0,0.0,0.0,5
2023-05-09 21:02:38,ag2312C4700,ag2312C4700,1164.5,0.0,0.0,0.0,2,645.0,1683.5,2,1164.5,0.0,0.0,0.0,0.0,0.0,5
2023-05-09 21:02:39,ag2312C4700,ag2312C4700,1164.5,0.0,0.0,0.0,2,645.0,1683.5,2,1164.5,0.0,0.0,0.0,0.0,0.0,5
2023-05-09 21:02:53,ag2312C4700,ag2312C4700,1164.5,0.0,0.0,0.0,1,646.5,1682.0,1,1164.5,0.0,0.0,0.0,0.0,0.0,5
2023-05-09 21:02:53,ag2312C4700,ag2312C4700,1164.5,0.0,0.0,0.0,1,646.5,1682.0,1,1164.5,0.0,0.0,0.0,0.0,0.0,5
2023-05-09 21:02:54,ag2312C4700,ag2312C4700,1164.5,0.0,0.0,0.0,2,647.0,1681.5,2,1164.5,0.0,0.0,0.0,0.0,0.0,5
2023-05-09 21:02:54,ag2312C4700,ag2312C4700,1164.5,0.0,0.0,0.0,2,647.0,1681.5,2,1164.5,0.0,0.0,0.0,0.0,0.0,5
2023-05-09 21:02:55,ag2312C4700,ag2312C4700,1164.5,0.0,0.0,0.0,1,648.5,1680.0,1,1164.5,0.0,0.0,0.0,0.0,0.0,5
2023-05-09 21:02:55,ag2312C4700,ag2312C4700,1164.5,0.0,0.0,0.0,1,648.5,1680.0,1,1164.5,0.0,0.0,0.0,0.0,0.0,5
2023-05-09 21:02:56,ag2312C4700,ag2312C4700,1164.5,0.0,0.0,0.0,2,649.0,1679.5,2,1164.5,0.0,0.0,0.0,0.0,0.0,5
2023-05-09 21:02:56,ag2312C4700,ag2312C4700,1164.5,0.0,0.0,0.0,2,649.0,1679.5,2,1164.5,0.0,0.0,0.0,0.0,0.0,5
2023-05-09 21:03:08,ag2312C4700,ag2312C4700,1164.5,0.0,0.0,0.0,1,650.5,1678.0,1,1164.5,0.0,0.0,0.0,0.0,0.0,5
2023-05-09 21:03:09,ag2312C4700,ag2312C4700,1164.5,0.0,0.0,0.0,1,650.5,1678.0,1,1164.5,0.0,0.0,0.0,0.0,0.0,5
2023-05-09 21:03:09,ag2312C4700,ag2312C4700,1164.5,0.0,0.0,0.0,2,651.0,1677.5,2,1164.5,0.0,0.0,0.0,0.0,0.0,5
2023-05-09 21:03:10,ag2312C4700,ag2312C4700,1164.5,0.0,0.0,0.0,2,651.0,1677.5,2,1164.5,0.0,0.0,0.0,0.0,0.0,5
2023-05-09 21:03:15,ag2312C4700,ag2312C4700,1164.5,0.0,0.0,0.0,1,652.5,1676.0,1,1164.5,0.0,0.0,0.0,0.0,0.0,5
2023-05-09 21:03:15,ag2312C4700,ag2312C4700,1164.5,0.0,0.0,0.0,1,652.5,1676.0,1,1164.5,0.0,0.0,0.0,0.0,0.0,5
2023-05-09 21:03:16,ag2312C4700,ag2312C4700,1164.5,0.0,0.0,0.0,2,653.0,1675.5,2,1164.5,0.0,0.0,0.0,0.0,0.0,5
2023-05-09 21:03:16,ag2312C4700,ag2312C4700,1164.5,0.0,0.0,0.0,2,653.0,1675.5,2,1164.5,0.0,0.0,0.0,0.0,0.0,5
2023-05-09 21:03:17,ag2312C4700,ag2312C4700,1164.5,0.0,0.0,0.0,1,654.5,1674.0,1,1164.5,0.0,0.0,0.0,0.0,0.0,5
2023-05-09 21:03:17,ag2312C4700,ag2312C4700,1164.5,0.0,0.0,0.0,1,654.5,1674.0,1,1164.5,0.0,0.0,0.0,0.0,0.0,5
2023-05-09 21:03:18,ag2312C4700,ag2312C4700,1164.5,0.0,0.0,0.0,2,655.0,1673.5,2,1164.5,0.0,0.0,0.0,0.0,0.0,5
2023-05-09 21:03:18,ag2312C4700,ag2312C4700,1164.5,0.0,0.0,0.0,2,655.0,1673.5,2,1164.5,0.0,0.0,0.0,0.0,0.0,5
2023-05-09 21:03:27,ag2312C4700,ag2312C4700,1164.5,0.0,0.0,0.0,1,656.5,1672.0,1,1164.5,0.0,0.0,0.0,0.0,0.0,5
2023-05-09 21:03:28,ag2312C4700,ag2312C4700,1164.5,0.0,0.0,0.0,1,656.5,1672.0,1,1164.5,0.0,0.0,0.0,0.0,0.0,5
2023-05-09 21:03:28,ag2312C4700,ag2312C4700,1164.5,0.0,0.0,0.0,2,657.0,1671.5,2,1164.5,0.0,0.0,0.0,0.0,0.0,5
2023-05-09 21:03:29,ag2312C4700,ag2312C4700,1164.5,0.0,0.0,0.0,1,658.5,1670.0,1,1164.5,0.0,0.0,0.0,0.0,0.0,5
2023-05-09 21:03:29,ag2312C4700,ag2312C4700,1164.5,0.0,0.0,0.0,1,658.5,1670.0,1,1164.5,0.0,0.0,0.0,0.0,0.0,5
2023-05-09 21:03:30,ag2312C4700,ag2312C4700,1164.5,0.0,0.0,0.0,2,659.0,1669.5,2,1164.5,0.0,0.0,0.0,0.0,0.0,5
2023-05-09 21:03:30,ag2312C4700,ag2312C4700,1164.5,0.0,0.0,0.0,2,659.0,1669.5,2,1164.5,0.0,0.0,0.0,0.0,0.0,5
2023-05-09 21:03:32,ag2312C4700,ag2312C4700,1164.5,0.0,0.0,0.0,1,660.5,1668.0,1,1164.5,0.0,0.0,0.0,0.0,0.0,5
2023-05-09 21:03:33,ag2312C4700,ag2312C4700,1164.5,0.0,0.0,0.0,1,660.5,1668.0,1,1164.5,0.0,0.0,0.0,0.0,0.0,5
2023-05-09 21:03:33,ag2312C4700,ag2312C4700,1164.5,0.0,0.0,0.0,2,661.0,1667.5,2,1164.5,0.0,0.0,0.0,0.0,0.0,5
2023-05-09 21:03:34,ag2312C4700,ag2312C4700,1164.5,0.0,0.0,0.0,2,661.0,1667.5,2,1164.5,0.0,0.0,0.0,0.0,0.0,5
2023-05-09 21:03:35,ag2312C4700,ag2312C4700,1164.5,0.0,0.0,0.0,1,662.5,1666.0,1,1164.5,0.0,0.0,0.0,0.0,0.0,5
2023-05-09 21:03:36,ag2312C4700,ag2312C4700,1164.5,0.0,0.0,0.0,1,662.5,1666.0,1,1164.5,0.0,0.0,0.0,0.0,0.0,5
2023-05-09 21:03:36,ag2312C4700,ag2312C4700,1164.5,0.0,0.0,0.0,2,663.0,1665.5,2,1164.5,0.0,0.0,0.0,0.0,0.0,5
2023-05-09 21:03:37,ag2312C4700,ag2312C4700,1164.5,0.0,0.0,0.0,1,664.5,1664.0,1,1164.5,0.0,0.0,0.0,0.0,0.0,5
2023-05-09 21:03:37,ag2312C4700,ag2312C4700,1164.5,0.0,0.0,0.0,1,664.5,1664.0,1,1164.5,0.0,0.0,0.0,0.0,0.0,5
2023-05-09 21:03:38,ag2312C4700,ag2312C4700,1164.5,0.0,0.0,0.0,2,665.0,1663.5,2,1164.5,0.0,0.0,0.0,0.0,0.0,5
2023-05-09 21:03:38,ag2312C4700,ag2312C4700,1164.5,0.0,0.0,0.0,2,665.0,1663.5,2,1164.5,0.0,0.0,0.0,0.0,0.0,5
2023-05-09 21:03:39,ag2312C4700,ag2312C4700,1164.5,0.0,0.0,0.0,1,666.5,1663.5,2,1164.5,0.0,0.0,0.0,0.0,0.0,5
2023-05-09 21:03:39,ag2312C4700,ag2312C4700,1164.5,0.0,0.0,0.0,1,666.5,1663.5,2,1164.5,0.0,0.0,0.0,0.0,0.0,5
2023-05-09 21:03:40,ag2312C4700,ag2312C4700,1164.5,0.0,0.0,0.0,2,667.0,1662.0,1,1164.5,0.0,0.0,0.0,0.0,0.0,5
2023-05-09 21:03:40,ag2312C4700,ag2312C4700,1164.5,0.0,0.0,0.0,2,667.0,1662.0,1,1164.5,0.0,0.0,0.0,0.0,0.0,5
2023-05-09 21:03:41,ag2312C4700,ag2312C4700,1164.5,0.0,0.0,0.0,2,667.0,1661.5,2,1164.5,0.0,0.0,0.0,0.0,0.0,5
2023-05-09 21:03:41,ag2312C4700,ag2312C4700,1164.5,0.0,0.0,0.0,2,667.0,1661.5,2,1164.5,0.0,0.0,0.0,0.0,0.0,5
2023-05-09 21:03:45,ag2312C4700,ag2312C4700,1164.5,0.0,0.0,0.0,1,668.5,1661.5,2,1164.5,0.0,0.0,0.0,0.0,0.0,5
2023-05-09 21:03:46,ag2312C4700,ag2312C4700,1164.5,0.0,0.0,0.0,1,668.5,1661.5,2,1164.5,0.0,0.0,0.0,0.0,0.0,5
2023-05-09 21:03:46,ag2312C4700,ag2312C4700,1164.5,0.0,0.0,0.0,2,669.0,1660.0,1,1164.5,0.0,0.0,0.0,0.0,0.0,5
2023-05-09 21:03:47,ag2312C4700,ag2312C4700,1164.5,0.0,0.0,0.0,2,669.0,1660.0,1,1164.5,0.0,0.0,0.0,0.0,0.0,5
2023-05-09 21:03:47,ag2312C4700,ag2312C4700,1164.5,0.0,0.0,0.0,2,669.0,1659.5,2,1164.5,0.0,0.0,0.0,0.0,0.0,5
2023-05-09 21:03:48,ag2312C4700,ag2312C4700,1164.5,0.0,0.0,0.0,2,669.0,1659.5,2,1164.5,0.0,0.0,0.0,0.0,0.0,5
2023-05-09 21:03:50,ag2312C4700,ag2312C4700,1164.5,0.0,0.0,0.0,1,670.5,1658.0,1,1164.5,0.0,0.0,0.0,0.0,0.0,5
2023-05-09 21:03:50,ag2312C4700,ag2312C4700,1164.5,0.0,0.0,0.0,1,670.5,1658.0,1,1164.5,0.0,0.0,0.0,0.0,0.0,5
2023-05-09 21:03:51,ag2312C4700,ag2312C4700,1164.5,0.0,0.0,0.0,2,671.0,1657.5,2,1164.5,0.0,0.0,0.0,0.0,0.0,5
2023-05-09 21:03:51,ag2312C4700,ag2312C4700,1164.5,0.0,0.0,0.0,2,671.0,1657.5,2,1164.5,0.0,0.0,0.0,0.0,0.0,5
2023-05-09 21:03:52,ag2312C4700,ag2312C4700,1164.5,0.0,0.0,0.0,1,672.5,1656.0,1,1164.5,0.0,0.0,0.0,0.0,0.0,5
2023-05-09 21:03:52,ag2312C4700,ag2312C4700,1164.5,0.0,0.0,0.0,1,672.5,1656.0,1,1164.5,0.0,0.0,0.0,0.0,0.0,5
2023-05-09 21:03:53,ag2312C4700,ag2312C4700,1164.5,0.0,0.0,0.0,2,673.0,1655.5,2,1164.5,0.0,0.0,0.0,0.0,0.0,5
2023-05-09 21:03:53,ag2312C4700,ag2312C4700,1164.5,0.0,0.0,0.0,2,673.0,1655.5,2,1164.5,0.0,0.0,0.0,0.0,0.0,5
2023-05-09 21:04:02,ag2312C4700,ag2312C4700,1164.5,0.0,0.0,0.0,1,674.5,1654.0,1,1164.5,0.0,0.0,0.0,0.0,0.0,5
2023-05-09 21:04:02,ag2312C4700,ag2312C4700,1164.5,0.0,0.0,0.0,1,674.5,1654.0,1,1164.5,0.0,0.0,0.0,0.0,0.0,5
2023-05-09 21:04:03,ag2312C4700,ag2312C4700,1164.5,0.0,0.0,0.0,2,675.0,1653.5,2,1164.5,0.0,0.0,0.0,0.0,0.0,5
2023-05-09 21:04:03,ag2312C4700,ag2312C4700,1164.5,0.0,0.0,0.0,1,676.5,1652.0,1,1164.5,0.0,0.0,0.0,0.0,0.0,5
2023-05-09 21:04:04,ag2312C4700,ag2312C4700,1164.5,0.0,0.0,0.0,1,676.5,1652.0,1,1164.5,0.0,0.0,0.0,0.0,0.0,5
2023-05-09 21:04:04,ag2312C4700,ag2312C4700,1164.5,0.0,0.0,0.0,2,677.0,1651.5,2,1164.5,0.0,0.0,0.0,0.0,0.0,5
2023-05-09 21:04:05,ag2312C4700,ag2312C4700,1164.5,0.0,0.0,0.0,2,677.0,1651.5,2,1164.5,0.0,0.0,0.0,0.0,0.0,5
2023-05-09 21:04:07,ag2312C4700,ag2312C4700,1164.5,0.0,0.0,0.0,1,678.5,1651.5,2,1164.5,0.0,0.0,0.0,0.0,0.0,5
2023-05-09 21:04:08,ag2312C4700,ag2312C4700,1164.5,0.0,0.0,0.0,1,678.5,1651.5,2,1164.5,0.0,0.0,0.0,0.0,0.0,5
2023-05-09 21:04:08,ag2312C4700,ag2312C4700,1164.5,0.0,0.0,0.0,2,679.0,1650.0,1,1164.5,0.0,0.0,0.0,0.0,0.0,5
2023-05-09 21:04:09,ag2312C4700,ag2312C4700,1164.5,0.0,0.0,0.0,2,679.0,1650.0,1,1164.5,0.0,0.0,0.0,0.0,0.0,5
2023-05-09 21:04:09,ag2312C4700,ag2312C4700,1164.5,0.0,0.0,0.0,2,679.0,1649.5,2,1164.5,0.0,0.0,0.0,0.0,0.0,5
2023-05-09 21:04:10,ag2312C4700,ag2312C4700,1164.5,0.0,0.0,0.0,1,680.5,1648.0,1,1164.5,0.0,0.0,0.0,0.0,0.0,5
2023-05-09 21:04:10,ag2312C4700,ag2312C4700,1164.5,0.0,0.0,0.0,1,680.5,1648.0,1,1164.5,0.0,0.0,0.0,0.0,0.0,5
2023-05-09 21:04:11,ag2312C4700,ag2312C4700,1164.5,0.0,0.0,0.0,2,681.0,1647.5,2,1164.5,0.0,0.0,0.0,0.0,0.0,5
2023-05-09 21:04:11,ag2312C4700,ag2312C4700,1164.5,0.0,0.0,0.0,2,681.0,1647.5,2,1164.5,0.0,0.0,0.0,0.0,0.0,5
2023-05-09 21:04:12,ag2312C4700,ag2312C4700,1164.5,0.0,0.0,0.0,1,682.5,1646.0,1,1164.5,0.0,0.0,0.0,0.0,0.0,5
2023-05-09 21:04:12,ag2312C4700,ag2312C4700,1164.5,0.0,0.0,0.0,1,682.5,1646.0,1,1164.5,0.0,0.0,0.0,0.0,0.0,5
2023-05-09 21:04:13,ag2312C4700,ag2312C4700,1164.5,0.0,0.0,0.0,2,683.0,1645.5,2,1164.5,0.0,0.0,0.0,0.0,0.0,5
2023-05-09 21:04:13,ag2312C4700,ag2312C4700,1164.5,0.0,0.0,0.0,2,683.0,1645.5,2,1164.5,0.0,0.0,0.0,0.0,0.0,5
2023-05-09 21:04:14,ag2312C4700,ag2312C4700,1164.5,0.0,0.0,0.0,1,684.5,1644.0,1,1164.5,0.0,0.0,0.0,0.0,0.0,5
2023-05-09 21:04:14,ag2312C4700,ag2312C4700,1164.5,0.0,0.0,0.0,1,684.5,1644.0,1,1164.5,0.0,0.0,0.0,0.0,0.0,5
2023-05-09 21:04:15,ag2312C4700,ag2312C4700,1164.5,0.0,0.0,0.0,2,685.0,1643.5,2,1164.5,0.0,0.0,0.0,0.0,0.0,5
2023-05-09 21:04:16,ag2312C4700,ag2312C4700,1164.5,0.0,0.0,0.0,2,685.0,1643.5,2,1164.5,0.0,0.0,0.0,0.0,0.0,5
2023-05-09 21:04:16,ag2312C4700,ag2312C4700,1164.5,0.0,0.0,0.0,1,686.5,1642.0,1,1164.5,0.0,0.0,0.0,0.0,0.0,5
2023-05-09 21:04:17,ag2312C4700,ag2312C4700,1164.5,0.0,0.0,0.0,1,686.5,1642.0,1,1164.5,0.0,0.0,0.0,0.0,0.0,5
2023-05-09 21:04:17,ag2312C4700,ag2312C4700,1164.5,0.0,0.0,0.0,2,687.0,1641.5,2,1164.5,0.0,0.0,0.0,0.0,0.0,5
2023-05-09 21:04:18,ag2312C4700,ag2312C4700,1164.5,0.0,0.0,0.0,2,687.0,1641.5,2,1164.5,0.0,0.0,0.0,0.0,0.0,5
2023-05-09 21:04:21,ag2312C4700,ag2312C4700,1164.5,0.0,0.0,0.0,1,688.5,1640.0,1,1164.5,0.0,0.0,0.0,0.0,0.0,5
2023-05-09 21:04:22,ag2312C4700,ag2312C4700,1164.5,0.0,0.0,0.0,1,688.5,1640.0,1,1164.5,0.0,0.0,0.0,0.0,0.0,5
2023-05-09 21:04:22,ag2312C4700,ag2312C4700,1164.5,0.0,0.0,0.0,2,689.0,1639.5,2,1164.5,0.0,0.0,0.0,0.0,0.0,5
2023-05-09 21:04:23,ag2312C4700,ag2312C4700,1164.5,0.0,0.0,0.0,2,689.0,1639.5,2,1164.5,0.0,0.0,0.0,0.0,0.0,5
2023-05-09 21:04:23,ag2312C4700,ag2312C4700,1164.5,0.0,0.0,0.0,1,690.5,1638.0,1,1164.5,0.0,0.0,0.0,0.0,0.0,5
2023-05-09 21:04:24,ag2312C4700,ag2312C4700,1164.5,0.0,0.0,0.0,1,690.5,1638.0,1,1164.5,0.0,0.0,0.0,0.0,0.0,5
2023-05-09 21:04:24,ag2312C4700,ag2312C4700,1164.5,0.0,0.0,0.0,2,691.0,1637.5,2,1164.5,0.0,0.0,0.0,0.0,0.0,5
2023-05-09 21:04:25,ag2312C4700,ag2312C4700,1164.5,0.0,0.0,0.0,1,692.5,1636.0,1,1164.5,0.0,0.0,0.0,0.0,0.0,5
2023-05-09 21:04:25,ag2312C4700,ag2312C4700,1164.5,0.0,0.0,0.0,1,692.5,1636.0,1,1164.5,0.0,0.0,0.0,0.0,0.0,5
2023-05-09 21:04:26,ag2312C4700,ag2312C4700,1164.5,0.0,0.0,0.0,2,693.0,1635.5,2,1164.5,0.0,0.0,0.0,0.0,0.0,5
2023-05-09 21:04:26,ag2312C4700,ag2312C4700,1164.5,0.0,0.0,0.0,2,693.0,1635.5,2,1164.5,0.0,0.0,0.0,0.0,0.0,5
2023-05-09 21:04:27,ag2312C4700,ag2312C4700,1164.5,0.0,0.0,0.0,1,694.5,1634.0,1,1164.5,0.0,0.0,0.0,0.0,0.0,5
2023-05-09 21:04:27,ag2312C4700,ag2312C4700,1164.5,0.0,0.0,0.0,1,694.5,1634.0,1,1164.5,0.0,0.0,0.0,0.0,0.0,5
2023-05-09 21:04:28,ag2312C4700,ag2312C4700,1164.5,0.0,0.0,0.0,2,695.0,1633.5,2,1164.5,0.0,0.0,0.0,0.0,0.0,5
2023-05-09 21:04:28,ag2312C4700,ag2312C4700,1164.5,0.0,0.0,0.0,2,695.0,1633.5,2,1164.5,0.0,0.0,0.0,0.0,0.0,5
2023-05-09 21:04:29,ag2312C4700,ag2312C4700,1164.5,0.0,0.0,0.0,1,696.5,1632.0,1,1164.5,0.0,0.0,0.0,0.0,0.0,5
2023-05-09 21:04:29,ag2312C4700,ag2312C4700,1164.5,0.0,0.0,0.0,1,696.5,1632.0,1,1164.5,0.0,0.0,0.0,0.0,0.0,5
2023-05-09 21:04:30,ag2312C4700,ag2312C4700,1164.5,0.0,0.0,0.0,2,697.0,1631.5,2,1164.5,0.0,0.0,0.0,0.0,0.0,5
2023-05-09 21:04:30,ag2312C4700,ag2312C4700,1164.5,0.0,0.0,0.0,2,697.0,1631.5,2,1164.5,0.0,0.0,0.0,0.0,0.0,5
2023-05-09 21:04:37,ag2312C4700,ag2312C4700,1164.5,0.0,0.0,0.0,1,698.5,1630.0,1,1164.5,0.0,0.0,0.0,0.0,0.0,5
2023-05-09 21:04:38,ag2312C4700,ag2312C4700,1164.5,0.0,0.0,0.0,1,698.5,1630.0,1,1164.5,0.0,0.0,0.0,0.0,0.0,5
2023-05-09 21:04:38,ag2312C4700,ag2312C4700,1164.5,0.0,0.0,0.0,2,699.0,1629.5,2,1164.5,0.0,0.0,0.0,0.0,0.0,5
2023-05-09 21:04:39,ag2312C4700,ag2312C4700,1164.5,0.0,0.0,0.0,2,699.0,1629.5,2,1164.5,0.0,0.0,0.0,0.0,0.0,5
2023-05-09 21:04:41,ag2312C4700,ag2312C4700,1164.5,0.0,0.0,0.0,1,700.5,1628.0,1,1164.5,0.0,0.0,0.0,0.0,0.0,5
2023-05-09 21:04:41,ag2312C4700,ag2312C4700,1164.5,0.0,0.0,0.0,1,700.5,1628.0,1,1164.5,0.0,0.0,0.0,0.0,0.0,5
2023-05-09 21:04:42,ag2312C4700,ag2312C4700,1164.5,0.0,0.0,0.0,2,701.0,1627.5,2,1164.5,0.0,0.0,0.0,0.0,0.0,5
2023-05-09 21:04:42,ag2312C4700,ag2312C4700,1164.5,0.0,0.0,0.0,2,701.0,1627.5,2,1164.5,0.0,0.0,0.0,0.0,0.0,5
2023-05-09 21:04:50,ag2312C4700,ag2312C4700,1164.5,0.0,0.0,0.0,1,702.5,1627.5,2,1164.5,0.0,0.0,0.0,0.0,0.0,5
2023-05-09 21:04:51,ag2312C4700,ag2312C4700,1164.5,0.0,0.0,0.0,1,702.5,1627.5,2,1164.5,0.0,0.0,0.0,0.0,0.0,5
2023-05-09 21:04:51,ag2312C4700,ag2312C4700,1164.5,0.0,0.0,0.0,2,703.0,1626.0,1,1164.5,0.0,0.0,0.0,0.0,0.0,5
2023-05-09 21:04:52,ag2312C4700,ag2312C4700,1164.5,0.0,0.0,0.0,2,703.0,1626.0,1,1164.5,0.0,0.0,0.0,0.0,0.0,5
2023-05-09 21:04:52,ag2312C4700,ag2312C4700,1164.5,0.0,0.0,0.0,2,703.0,1625.5,2,1164.5,0.0,0.0,0.0,0.0,0.0,5
2023-05-09 21:04:53,ag2312C4700,ag2312C4700,1164.5,0.0,0.0,0.0,1,704.5,1624.0,1,1164.5,0.0,0.0,0.0,0.0,0.0,5
2023-05-09 21:04:53,ag2312C4700,ag2312C4700,1164.5,0.0,0.0,0.0,1,704.5,1624.0,1,1164.5,0.0,0.0,0.0,0.0,0.0,5
2023-05-09 21:04:54,ag2312C4700,ag2312C4700,1164.5,0.0,0.0,0.0,2,705.0,1623.5,2,1164.5,0.0,0.0,0.0,0.0,0.0,5
2023-05-09 21:04:54,ag2312C4700,ag2312C4700,1164.5,0.0,0.0,0.0,2,705.0,1623.5,2,1164.5,0.0,0.0,0.0,0.0,0.0,5
2023-05-09 21:04:55,ag2312C4700,ag2312C4700,1164.5,0.0,0.0,0.0,1,706.5,1622.0,1,1164.5,0.0,0.0,0.0,0.0,0.0,5
2023-05-09 21:04:55,ag2312C4700,ag2312C4700,1164.5,0.0,0.0,0.0,1,706.5,1622.0,1,1164.5,0.0,0.0,0.0,0.0,0.0,5
2023-05-09 21:04:56,ag2312C4700,ag2312C4700,1164.5,0.0,0.0,0.0,2,707.0,1621.5,2,1164.5,0.0,0.0,0.0,0.0,0.0,5
2023-05-09 21:04:56,ag2312C4700,ag2312C4700,1164.5,0.0,0.0,0.0,2,707.0,1621.5,2,1164.5,0.0,0.0,0.0,0.0,0.0,5
2023-05-09 21:05:04,ag2312C4700,ag2312C4700,1164.5,0.0,0.0,0.0,1,708.5,1620.0,1,1164.5,0.0,0.0,0.0,0.0,0.0,5
2023-05-09 21:05:05,ag2312C4700,ag2312C4700,1164.5,0.0,0.0,0.0,1,708.5,1620.0,1,1164.5,0.0,0.0,0.0,0.0,0.0,5
2023-05-09 21:05:05,ag2312C4700,ag2312C4700,1164.5,0.0,0.0,0.0,2,709.0,1619.5,2,1164.5,0.0,0.0,0.0,0.0,0.0,5
2023-05-09 21:05:06,ag2312C4700,ag2312C4700,1164.5,0.0,0.0,0.0,1,710.5,1618.0,1,1164.5,0.0,0.0,0.0,0.0,0.0,5
2023-05-09 21:05:06,ag2312C4700,ag2312C4700,1164.5,0.0,0.0,0.0,1,710.5,1618.0,1,1164.5,0.0,0.0,0.0,0.0,0.0,5
2023-05-09 21:05:07,ag2312C4700,ag2312C4700,1164.5,0.0,0.0,0.0,2,711.0,1617.5,2,1164.5,0.0,0.0,0.0,0.0,0.0,5
2023-05-09 21:05:07,ag2312C4700,ag2312C4700,1164.5,0.0,0.0,0.0,2,711.0,1617.5,2,1164.5,0.0,0.0,0.0,0.0,0.0,5
2023-05-09 21:05:18,ag2312C4700,ag2312C4700,1164.5,0.0,0.0,0.0,1,712.5,1616.0,1,1164.5,0.0,0.0,0.0,0.0,0.0,5
2023-05-09 21:05:18,ag2312C4700,ag2312C4700,1164.5,0.0,0.0,0.0,1,712.5,1616.0,1,1164.5,0.0,0.0,0.0,0.0,0.0,5
2023-05-09 21:05:19,ag2312C4700,ag2312C4700,1164.5,0.0,0.0,0.0,2,713.0,1615.5,2,1164.5,0.0,0.0,0.0,0.0,0.0,5
2023-05-09 21:05:19,ag2312C4700,ag2312C4700,1164.5,0.0,0.0,0.0,2,713.0,1615.5,2,1164.5,0.0,0.0,0.0,0.0,0.0,5
2023-05-09 21:05:22,ag2312C4700,ag2312C4700,1164.5,0.0,0.0,0.0,1,714.5,1614.0,1,1164.5,0.0,0.0,0.0,0.0,0.0,5
2023-05-09 21:05:22,ag2312C4700,ag2312C4700,1164.5,0.0,0.0,0.0,1,714.5,1614.0,1,1164.5,0.0,0.0,0.0,0.0,0.0,5
2023-05-09 21:05:23,ag2312C4700,ag2312C4700,1164.5,0.0,0.0,0.0,2,715.0,1613.5,2,1164.5,0.0,0.0,0.0,0.0,0.0,5
2023-05-09 21:05:23,ag2312C4700,ag2312C4700,1164.5,0.0,0.0,0.0,2,715.0,1613.5,2,1164.5,0.0,0.0,0.0,0.0,0.0,5
2023-05-09 21:05:30,ag2312C4700,ag2312C4700,1164.5,0.0,0.0,0.0,1,716.5,1612.0,1,1164.5,0.0,0.0,0.0,0.0,0.0,5
2023-05-09 21:05:31,ag2312C4700,ag2312C4700,1164.5,0.0,0.0,0.0,1,716.5,1612.0,1,1164.5,0.0,0.0,0.0,0.0,0.0,5
2023-05-09 21:05:31,ag2312C4700,ag2312C4700,1164.5,0.0,0.0,0.0,2,717.0,1611.5,2,1164.5,0.0,0.0,0.0,0.0,0.0,5
2023-05-09 21:05:32,ag2312C4700,ag2312C4700,1164.5,0.0,0.0,0.0,1,718.5,1611.5,2,1164.5,0.0,0.0,0.0,0.0,0.0,5
2023-05-09 21:05:32,ag2312C4700,ag2312C4700,1164.5,0.0,0.0,0.0,1,718.5,1610.0,1,1164.5,0.0,0.0,0.0,0.0,0.0,5
2023-05-09 21:05:33,ag2312C4700,ag2312C4700,1164.5,0.0,0.0,0.0,2,719.0,1610.0,1,1164.5,0.0,0.0,0.0,0.0,0.0,5
2023-05-09 21:05:33,ag2312C4700,ag2312C4700,1164.5,0.0,0.0,0.0,2,719.0,1609.5,2,1164.5,0.0,0.0,0.0,0.0,0.0,5
2023-05-09 21:05:34,ag2312C4700,ag2312C4700,1164.5,0.0,0.0,0.0,2,719.0,1609.5,2,1164.5,0.0,0.0,0.0,0.0,0.0,5
2023-05-09 21:05:36,ag2312C4700,ag2312C4700,1164.5,0.0,0.0,0.0,1,720.5,1609.5,2,1164.5,0.0,0.0,0.0,0.0,0.0,5
2023-05-09 21:05:37,ag2312C4700,ag2312C4700,1164.5,0.0,0.0,0.0,1,720.5,1609.5,2,1164.5,0.0,0.0,0.0,0.0,0.0,5
2023-05-09 21:05:37,ag2312C4700,ag2312C4700,1164.5,0.0,0.0,0.0,2,721.0,1608.0,1,1164.5,0.0,0.0,0.0,0.0,0.0,5
2023-05-09 21:05:38,ag2312C4700,ag2312C4700,1164.5,0.0,0.0,0.0,2,721.0,1608.0,1,1164.5,0.0,0.0,0.0,0.0,0.0,5
2023-05-09 21:05:38,ag2312C4700,ag2312C4700,1164.5,0.0,0.0,0.0,1,722.5,1607.5,2,1164.5,0.0,0.0,0.0,0.0,0.0,5
2023-05-09 21:05:39,ag2312C4700,ag2312C4700,1164.5,0.0,0.0,0.0,1,722.5,1607.5,2,1164.5,0.0,0.0,0.0,0.0,0.0,5
2023-05-09 21:05:39,ag2312C4700,ag2312C4700,1164.5,0.0,0.0,0.0,2,723.0,1607.5,2,1164.5,0.0,0.0,0.0,0.0,0.0,5
2023-05-09 21:05:40,ag2312C4700,ag2312C4700,1164.5,0.0,0.0,0.0,1,724.5,1606.0,1,1164.5,0.0,0.0,0.0,0.0,0.0,5
2023-05-09 21:05:40,ag2312C4700,ag2312C4700,1164.5,0.0,0.0,0.0,1,724.5,1606.0,1,1164.5,0.0,0.0,0.0,0.0,0.0,5
2023-05-09 21:05:41,ag2312C4700,ag2312C4700,1164.5,0.0,0.0,0.0,2,725.0,1605.5,2,1164.5,0.0,0.0,0.0,0.0,0.0,5
2023-05-09 21:05:41,ag2312C4700,ag2312C4700,1164.5,0.0,0.0,0.0,2,725.0,1605.5,2,1164.5,0.0,0.0,0.0,0.0,0.0,5
2023-05-09 21:05:42,ag2312C4700,ag2312C4700,1164.5,0.0,0.0,0.0,1,726.5,1604.0,1,1164.5,0.0,0.0,0.0,0.0,0.0,5
2023-05-09 21:05:42,ag2312C4700,ag2312C4700,1164.5,0.0,0.0,0.0,1,726.5,1604.0,1,1164.5,0.0,0.0,0.0,0.0,0.0,5
2023-05-09 21:05:43,ag2312C4700,ag2312C4700,1164.5,0.0,0.0,0.0,2,727.0,1603.5,2,1164.5,0.0,0.0,0.0,0.0,0.0,5
2023-05-09 21:05:43,ag2312C4700,ag2312C4700,1164.5,0.0,0.0,0.0,2,727.0,1603.5,2,1164.5,0.0,0.0,0.0,0.0,0.0,5
2023-05-09 21:05:44,ag2312C4700,ag2312C4700,1164.5,0.0,0.0,0.0,1,728.5,1602.0,1,1164.5,0.0,0.0,0.0,0.0,0.0,5
2023-05-09 21:05:44,ag2312C4700,ag2312C4700,1164.5,0.0,0.0,0.0,1,728.5,1602.0,1,1164.5,0.0,0.0,0.0,0.0,0.0,5
2023-05-09 21:05:45,ag2312C4700,ag2312C4700,1164.5,0.0,0.0,0.0,2,729.0,1601.5,2,1164.5,0.0,0.0,0.0,0.0,0.0,5
2023-05-09 21:05:45,ag2312C4700,ag2312C4700,1164.5,0.0,0.0,0.0,1,730.5,1600.0,1,1164.5,0.0,0.0,0.0,0.0,0.0,5
2023-05-09 21:05:46,ag2312C4700,ag2312C4700,1164.5,0.0,0.0,0.0,1,730.5,1600.0,1,1164.5,0.0,0.0,0.0,0.0,0.0,5
2023-05-09 21:05:46,ag2312C4700,ag2312C4700,1164.5,0.0,0.0,0.0,2,731.0,1599.5,2,1164.5,0.0,0.0,0.0,0.0,0.0,5
2023-05-09 21:05:47,ag2312C4700,ag2312C4700,1164.5,0.0,0.0,0.0,2,731.0,1599.5,2,1164.5,0.0,0.0,0.0,0.0,0.0,5
2023-05-09 21:05:47,ag2312C4700,ag2312C4700,1164.5,0.0,0.0,0.0,1,732.5,1598.0,1,1164.5,0.0,0.0,0.0,0.0,0.0,5
2023-05-09 21:05:48,ag2312C4700,ag2312C4700,1164.5,0.0,0.0,0.0,1,732.5,1598.0,1,1164.5,0.0,0.0,0.0,0.0,0.0,5
2023-05-09 21:05:48,ag2312C4700,ag2312C4700,1164.5,0.0,0.0,0.0,2,733.0,1597.5,2,1164.5,0.0,0.0,0.0,0.0,0.0,5
2023-05-09 21:05:49,ag2312C4700,ag2312C4700,1164.5,0.0,0.0,0.0,2,733.0,1597.5,2,1164.5,0.0,0.0,0.0,0.0,0.0,5
2023-05-09 21:05:49,ag2312C4700,ag2312C4700,1164.5,0.0,0.0,0.0,1,734.5,1596.0,1,1164.5,0.0,0.0,0.0,0.0,0.0,5
2023-05-09 21:05:50,ag2312C4700,ag2312C4700,1164.5,0.0,0.0,0.0,1,734.5,1596.0,1,1164.5,0.0,0.0,0.0,0.0,0.0,5
2023-05-09 21:05:50,ag2312C4700,ag2312C4700,1164.5,0.0,0.0,0.0,2,735.0,1595.5,2,1164.5,0.0,0.0,0.0,0.0,0.0,5
2023-05-09 21:05:51,ag2312C4700,ag2312C4700,1164.5,0.0,0.0,0.0,2,735.0,1595.5,2,1164.5,0.0,0.0,0.0,0.0,0.0,5
2023-05-09 21:05:59,ag2312C4700,ag2312C4700,1164.5,0.0,0.0,0.0,1,736.5,1594.0,1,1164.5,0.0,0.0,0.0,0.0,0.0,5
2023-05-09 21:06:00,ag2312C4700,ag2312C4700,1164.5,0.0,0.0,0.0,1,736.5,1594.0,1,1164.5,0.0,0.0,0.0,0.0,0.0,5
2023-05-09 21:06:00,ag2312C4700,ag2312C4700,1164.5,0.0,0.0,0.0,2,737.0,1593.5,2,1164.5,0.0,0.0,0.0,0.0,0.0,5
2023-05-09 21:06:01,ag2312C4700,ag2312C4700,1164.5,0.0,0.0,0.0,2,737.0,1593.5,2,1164.5,0.0,0.0,0.0,0.0,0.0,5
2023-05-09 21:06:01,ag2312C4700,ag2312C4700,1164.5,0.0,0.0,0.0,1,738.5,1592.0,1,1164.5,0.0,0.0,0.0,0.0,0.0,5
2023-05-09 21:06:02,ag2312C4700,ag2312C4700,1164.5,0.0,0.0,0.0,1,738.5,1592.0,1,1164.5,0.0,0.0,0.0,0.0,0.0,5
2023-05-09 21:06:02,ag2312C4700,ag2312C4700,1164.5,0.0,0.0,0.0,2,739.0,1591.5,2,1164.5,0.0,0.0,0.0,0.0,0.0,5
2023-05-09 21:06:03,ag2312C4700,ag2312C4700,1164.5,0.0,0.0,0.0,1,740.5,1590.0,1,1164.5,0.0,0.0,0.0,0.0,0.0,5
2023-05-09 21:06:03,ag2312C4700,ag2312C4700,1164.5,0.0,0.0,0.0,1,740.5,1590.0,1,1164.5,0.0,0.0,0.0,0.0,0.0,5
2023-05-09 21:06:04,ag2312C4700,ag2312C4700,1164.5,0.0,0.0,0.0,2,741.0,1589.5,2,1164.5,0.0,0.0,0.0,0.0,0.0,5
2023-05-09 21:06:04,ag2312C4700,ag2312C4700,1164.5,0.0,0.0,0.0,2,741.0,1589.5,2,1164.5,0.0,0.0,0.0,0.0,0.0,5
2023-05-09 21:06:13,ag2312C4700,ag2312C4700,1164.5,0.0,0.0,0.0,1,742.5,1588.0,1,1164.5,0.0,0.0,0.0,0.0,0.0,5
2023-05-09 21:06:13,ag2312C4700,ag2312C4700,1164.5,0.0,0.0,0.0,1,742.5,1588.0,1,1164.5,0.0,0.0,0.0,0.0,0.0,5
2023-05-09 21:06:14,ag2312C4700,ag2312C4700,1164.5,0.0,0.0,0.0,2,743.0,1587.5,2,1164.5,0.0,0.0,0.0,0.0,0.0,5
2023-05-09 21:06:14,ag2312C4700,ag2312C4700,1164.5,0.0,0.0,0.0,2,743.0,1587.5,2,1164.5,0.0,0.0,0.0,0.0,0.0,5
2023-05-09 21:06:15,ag2312C4700,ag2312C4700,1164.5,0.0,0.0,0.0,1,744.5,1586.0,1,1164.5,0.0,0.0,0.0,0.0,0.0,5
2023-05-09 21:06:15,ag2312C4700,ag2312C4700,1164.5,0.0,0.0,0.0,1,744.5,1586.0,1,1164.5,0.0,0.0,0.0,0.0,0.0,5
2023-05-09 21:06:16,ag2312C4700,ag2312C4700,1164.5,0.0,0.0,0.0,2,745.0,1585.5,2,1164.5,0.0,0.0,0.0,0.0,0.0,5
2023-05-09 21:06:16,ag2312C4700,ag2312C4700,1164.5,0.0,0.0,0.0,1,746.5,1584.0,1,1164.5,0.0,0.0,0.0,0.0,0.0,5
2023-05-09 21:06:17,ag2312C4700,ag2312C4700,1164.5,0.0,0.0,0.0,1,746.5,1584.0,1,1164.5,0.0,0.0,0.0,0.0,0.0,5
2023-05-09 21:06:17,ag2312C4700,ag2312C4700,1164.5,0.0,0.0,0.0,2,747.0,1583.5,2,1164.5,0.0,0.0,0.0,0.0,0.0,5
2023-05-09 21:06:18,ag2312C4700,ag2312C4700,1164.5,0.0,0.0,0.0,2,747.0,1583.5,2,1164.5,0.0,0.0,0.0,0.0,0.0,5
2023-05-09 21:06:21,ag2312C4700,ag2312C4700,1164.5,0.0,0.0,0.0,1,748.5,1582.0,1,1164.5,0.0,0.0,0.0,0.0,0.0,5
2023-05-09 21:06:22,ag2312C4700,ag2312C4700,1164.5,0.0,0.0,0.0,1,748.5,1582.0,1,1164.5,0.0,0.0,0.0,0.0,0.0,5
2023-05-09 21:06:22,ag2312C4700,ag2312C4700,1164.5,0.0,0.0,0.0,2,749.0,1581.5,2,1164.5,0.0,0.0,0.0,0.0,0.0,5
2023-05-09 21:06:23,ag2312C4700,ag2312C4700,1164.5,0.0,0.0,0.0,2,749.0,1581.5,2,1164.5,0.0,0.0,0.0,0.0,0.0,5
2023-05-09 21:06:24,ag2312C4700,ag2312C4700,1164.5,0.0,0.0,0.0,1,750.5,1580.0,1,1164.5,0.0,0.0,0.0,0.0,0.0,5
2023-05-09 21:06:24,ag2312C4700,ag2312C4700,1164.5,0.0,0.0,0.0,1,750.5,1580.0,1,1164.5,0.0,0.0,0.0,0.0,0.0,5
2023-05-09 21:06:25,ag2312C4700,ag2312C4700,1164.5,0.0,0.0,0.0,2,751.0,1579.5,2,1164.5,0.0,0.0,0.0,0.0,0.0,5
2023-05-09 21:06:26,ag2312C4700,ag2312C4700,1164.5,0.0,0.0,0.0,1,752.5,1579.5,2,1164.5,0.0,0.0,0.0,0.0,0.0,5
2023-05-09 21:06:26,ag2312C4700,ag2312C4700,1164.5,0.0,0.0,0.0,1,752.5,1578.0,1,1164.5,0.0,0.0,0.0,0.0,0.0,5
2023-05-09 21:06:27,ag2312C4700,ag2312C4700,1164.5,0.0,0.0,0.0,2,753.0,1578.0,1,1164.5,0.0,0.0,0.0,0.0,0.0,5
2023-05-09 21:06:27,ag2312C4700,ag2312C4700,1164.5,0.0,0.0,0.0,1,754.5,1577.5,2,1164.5,0.0,0.0,0.0,0.0,0.0,5
2023-05-09 21:06:28,ag2312C4700,ag2312C4700,1164.5,0.0,0.0,0.0,1,754.5,1577.5,2,1164.5,0.0,0.0,0.0,0.0,0.0,5
2023-05-09 21:06:28,ag2312C4700,ag2312C4700,1164.5,0.0,0.0,0.0,2,755.0,1576.0,1,1164.5,0.0,0.0,0.0,0.0,0.0,5
2023-05-09 21:06:29,ag2312C4700,ag2312C4700,1164.5,0.0,0.0,0.0,2,755.0,1576.0,1,1164.5,0.0,0.0,0.0,0.0,0.0,5
2023-05-09 21:06:29,ag2312C4700,ag2312C4700,1164.5,0.0,0.0,0.0,1,756.5,1575.5,2,1164.5,0.0,0.0,0.0,0.0,0.0,5
2023-05-09 21:06:30,ag2312C4700,ag2312C4700,1164.5,0.0,0.0,0.0,1,756.5,1575.5,2,1164.5,0.0,0.0,0.0,0.0,0.0,5
2023-05-09 21:06:30,ag2312C4700,ag2312C4700,1164.5,0.0,0.0,0.0,2,757.0,1575.5,2,1164.5,0.0,0.0,0.0,0.0,0.0,5
2023-05-09 21:06:31,ag2312C4700,ag2312C4700,1164.5,0.0,0.0,0.0,2,757.0,1575.5,2,1164.5,0.0,0.0,0.0,0.0,0.0,5
2023-05-09 21:06:40,ag2312C4700,ag2312C4700,1164.5,0.0,0.0,0.0,1,758.5,1575.5,2,1164.5,0.0,0.0,0.0,0.0,0.0,5
2023-05-09 21:06:40,ag2312C4700,ag2312C4700,1164.5,0.0,0.0,0.0,1,758.5,1575.5,2,1164.5,0.0,0.0,0.0,0.0,0.0,5
2023-05-09 21:06:41,ag2312C4700,ag2312C4700,1164.5,0.0,0.0,0.0,2,759.0,1574.0,1,1164.5,0.0,0.0,0.0,0.0,0.0,5
2023-05-09 21:06:41,ag2312C4700,ag2312C4700,1164.5,0.0,0.0,0.0,2,759.0,1574.0,1,1164.5,0.0,0.0,0.0,0.0,0.0,5
2023-05-09 21:06:42,ag2312C4700,ag2312C4700,1164.5,0.0,0.0,0.0,2,759.0,1573.5,2,1164.5,0.0,0.0,0.0,0.0,0.0,5
2023-05-09 21:06:42,ag2312C4700,ag2312C4700,1164.5,0.0,0.0,0.0,2,759.0,1573.5,2,1164.5,0.0,0.0,0.0,0.0,0.0,5
2023-05-09 21:06:43,ag2312C4700,ag2312C4700,1164.5,0.0,0.0,0.0,1,760.5,1572.0,1,1164.5,0.0,0.0,0.0,0.0,0.0,5
2023-05-09 21:06:43,ag2312C4700,ag2312C4700,1164.5,0.0,0.0,0.0,1,760.5,1572.0,1,1164.5,0.0,0.0,0.0,0.0,0.0,5
2023-05-09 21:06:44,ag2312C4700,ag2312C4700,1164.5,0.0,0.0,0.0,2,761.0,1571.5,2,1164.5,0.0,0.0,0.0,0.0,0.0,5
2023-05-09 21:06:44,ag2312C4700,ag2312C4700,1164.5,0.0,0.0,0.0,2,761.0,1571.5,2,1164.5,0.0,0.0,0.0,0.0,0.0,5
2023-05-09 21:07:02,ag2312C4700,ag2312C4700,1164.5,0.0,0.0,0.0,1,762.5,1570.0,1,1164.5,0.0,0.0,0.0,0.0,0.0,5
2023-05-09 21:07:02,ag2312C4700,ag2312C4700,1164.5,0.0,0.0,0.0,1,762.5,1570.0,1,1164.5,0.0,0.0,0.0,0.0,0.0,5
2023-05-09 21:07:03,ag2312C4700,ag2312C4700,1164.5,0.0,0.0,0.0,2,763.0,1569.5,2,1164.5,0.0,0.0,0.0,0.0,0.0,5
2023-05-09 21:07:03,ag2312C4700,ag2312C4700,1164.5,0.0,0.0,0.0,2,763.0,1569.5,2,1164.5,0.0,0.0,0.0,0.0,0.0,5
2023-05-09 21:07:04,ag2312C4700,ag2312C4700,1164.5,0.0,0.0,0.0,1,764.5,1568.0,1,1164.5,0.0,0.0,0.0,0.0,0.0,5
2023-05-09 21:07:04,ag2312C4700,ag2312C4700,1164.5,0.0,0.0,0.0,1,764.5,1568.0,1,1164.5,0.0,0.0,0.0,0.0,0.0,5
2023-05-09 21:07:05,ag2312C4700,ag2312C4700,1164.5,0.0,0.0,0.0,2,765.0,1567.5,2,1164.5,0.0,0.0,0.0,0.0,0.0,5
2023-05-09 21:07:05,ag2312C4700,ag2312C4700,1164.5,0.0,0.0,0.0,2,765.0,1567.5,2,1164.5,0.0,0.0,0.0,0.0,0.0,5
2023-05-09 21:07:23,ag2312C4700,ag2312C4700,1164.5,0.0,0.0,0.0,1,766.5,1566.0,1,1164.5,0.0,0.0,0.0,0.0,0.0,5
2023-05-09 21:07:23,ag2312C4700,ag2312C4700,1164.5,0.0,0.0,0.0,1,766.5,1566.0,1,1164.5,0.0,0.0,0.0,0.0,0.0,5
2023-05-09 21:07:24,ag2312C4700,ag2312C4700,1164.5,0.0,0.0,0.0,2,767.0,1565.5,2,1164.5,0.0,0.0,0.0,0.0,0.0,5
2023-05-09 21:07:24,ag2312C4700,ag2312C4700,1164.5,0.0,0.0,0.0,2,767.0,1564.0,1,1164.5,0.0,0.0,0.0,0.0,0.0,5
2023-05-09 21:07:25,ag2312C4700,ag2312C4700,1164.5,0.0,0.0,0.0,2,767.0,1564.0,1,1164.5,0.0,0.0,0.0,0.0,0.0,5
2023-05-09 21:07:25,ag2312C4700,ag2312C4700,1164.5,0.0,0.0,0.0,2,767.0,1563.5,2,1164.5,0.0,0.0,0.0,0.0,0.0,5
2023-05-09 21:07:26,ag2312C4700,ag2312C4700,1164.5,0.0,0.0,0.0,1,768.5,1562.0,1,1164.5,0.0,0.0,0.0,0.0,0.0,5
2023-05-09 21:07:26,ag2312C4700,ag2312C4700,1164.5,0.0,0.0,0.0,1,768.5,1562.0,1,1164.5,0.0,0.0,0.0,0.0,0.0,5
2023-05-09 21:07:27,ag2312C4700,ag2312C4700,1164.5,0.0,0.0,0.0,2,769.0,1561.5,2,1164.5,0.0,0.0,0.0,0.0,0.0,5
2023-05-09 21:07:27,ag2312C4700,ag2312C4700,1164.5,0.0,0.0,0.0,2,769.0,1561.5,2,1164.5,0.0,0.0,0.0,0.0,0.0,5
2023-05-09 21:07:28,ag2312C4700,ag2312C4700,1164.5,0.0,0.0,0.0,1,770.5,1561.5,2,1164.5,0.0,0.0,0.0,0.0,0.0,5
2023-05-09 21:07:28,ag2312C4700,ag2312C4700,1164.5,0.0,0.0,0.0,1,770.5,1561.5,2,1164.5,0.0,0.0,0.0,0.0,0.0,5
2023-05-09 21:07:29,ag2312C4700,ag2312C4700,1164.5,0.0,0.0,0.0,2,771.0,1560.0,1,1164.5,0.0,0.0,0.0,0.0,0.0,5
2023-05-09 21:07:29,ag2312C4700,ag2312C4700,1164.5,0.0,0.0,0.0,2,771.0,1560.0,1,1164.5,0.0,0.0,0.0,0.0,0.0,5
2023-05-09 21:07:30,ag2312C4700,ag2312C4700,1164.5,0.0,0.0,0.0,1,772.5,1559.5,2,1164.5,0.0,0.0,0.0,0.0,0.0,5
2023-05-09 21:07:30,ag2312C4700,ag2312C4700,1164.5,0.0,0.0,0.0,1,772.5,1559.5,2,1164.5,0.0,0.0,0.0,0.0,0.0,5
2023-05-09 21:07:31,ag2312C4700,ag2312C4700,1164.5,0.0,0.0,0.0,2,773.0,1559.5,2,1164.5,0.0,0.0,0.0,0.0,0.0,5
2023-05-09 21:07:32,ag2312C4700,ag2312C4700,1164.5,0.0,0.0,0.0,2,773.0,1559.5,2,1164.5,0.0,0.0,0.0,0.0,0.0,5
2023-05-09 21:07:32,ag2312C4700,ag2312C4700,1164.5,0.0,0.0,0.0,1,774.5,1558.0,1,1164.5,0.0,0.0,0.0,0.0,0.0,5
2023-05-09 21:07:33,ag2312C4700,ag2312C4700,1164.5,0.0,0.0,0.0,1,774.5,1558.0,1,1164.5,0.0,0.0,0.0,0.0,0.0,5
2023-05-09 21:07:33,ag2312C4700,ag2312C4700,1164.5,0.0,0.0,0.0,2,775.0,1557.5,2,1164.5,0.0,0.0,0.0,0.0,0.0,5
2023-05-09 21:07:34,ag2312C4700,ag2312C4700,1164.5,0.0,0.0,0.0,2,775.0,1557.5,2,1164.5,0.0,0.0,0.0,0.0,0.0,5
2023-05-09 21:07:34,ag2312C4700,ag2312C4700,1164.5,0.0,0.0,0.0,1,776.5,1556.0,1,1164.5,0.0,0.0,0.0,0.0,0.0,5
2023-05-09 21:07:35,ag2312C4700,ag2312C4700,1164.5,0.0,0.0,0.0,1,776.5,1556.0,1,1164.5,0.0,0.0,0.0,0.0,0.0,5
2023-05-09 21:07:35,ag2312C4700,ag2312C4700,1164.5,0.0,0.0,0.0,2,777.0,1555.5,2,1164.5,0.0,0.0,0.0,0.0,0.0,5
2023-05-09 21:07:36,ag2312C4700,ag2312C4700,1164.5,0.0,0.0,0.0,2,777.0,1555.5,2,1164.5,0.0,0.0,0.0,0.0,0.0,5
2023-05-09 21:07:37,ag2312C4700,ag2312C4700,1164.5,0.0,0.0,0.0,1,778.5,1554.0,1,1164.5,0.0,0.0,0.0,0.0,0.0,5
2023-05-09 21:07:38,ag2312C4700,ag2312C4700,1164.5,0.0,0.0,0.0,1,778.5,1554.0,1,1164.5,0.0,0.0,0.0,0.0,0.0,5
2023-05-09 21:07:38,ag2312C4700,ag2312C4700,1164.5,0.0,0.0,0.0,2,779.0,1553.5,2,1164.5,0.0,0.0,0.0,0.0,0.0,5
2023-05-09 21:07:39,ag2312C4700,ag2312C4700,1164.5,0.0,0.0,0.0,1,780.5,1552.0,1,1164.5,0.0,0.0,0.0,0.0,0.0,5
2023-05-09 21:07:39,ag2312C4700,ag2312C4700,1164.5,0.0,0.0,0.0,1,780.5,1552.0,1,1164.5,0.0,0.0,0.0,0.0,0.0,5
2023-05-09 21:07:40,ag2312C4700,ag2312C4700,1164.5,0.0,0.0,0.0,2,781.0,1551.5,2,1164.5,0.0,0.0,0.0,0.0,0.0,5
2023-05-09 21:07:40,ag2312C4700,ag2312C4700,1164.5,0.0,0.0,0.0,2,781.0,1551.5,2,1164.5,0.0,0.0,0.0,0.0,0.0,5
2023-05-09 21:07:41,ag2312C4700,ag2312C4700,1164.5,0.0,0.0,0.0,1,782.5,1550.0,1,1164.5,0.0,0.0,0.0,0.0,0.0,5
2023-05-09 21:07:41,ag2312C4700,ag2312C4700,1164.5,0.0,0.0,0.0,1,782.5,1550.0,1,1164.5,0.0,0.0,0.0,0.0,0.0,5
2023-05-09 21:07:42,ag2312C4700,ag2312C4700,1164.5,0.0,0.0,0.0,2,783.0,1549.5,2,1164.5,0.0,0.0,0.0,0.0,0.0,5
2023-05-09 21:07:42,ag2312C4700,ag2312C4700,1164.5,0.0,0.0,0.0,2,783.0,1549.5,2,1164.5,0.0,0.0,0.0,0.0,0.0,5
2023-05-09 21:07:45,ag2312C4700,ag2312C4700,1164.5,0.0,0.0,0.0,1,784.5,1548.0,1,1164.5,0.0,0.0,0.0,0.0,0.0,5
2023-05-09 21:07:45,ag2312C4700,ag2312C4700,1164.5,0.0,0.0,0.0,1,784.5,1548.0,1,1164.5,0.0,0.0,0.0,0.0,0.0,5
2023-05-09 21:07:46,ag2312C4700,ag2312C4700,1164.5,0.0,0.0,0.0,2,785.0,1547.5,2,1164.5,0.0,0.0,0.0,0.0,0.0,5
2023-05-09 21:07:47,ag2312C4700,ag2312C4700,1164.5,0.0,0.0,0.0,2,785.0,1547.5,2,1164.5,0.0,0.0,0.0,0.0,0.0,5
2023-05-09 21:07:47,ag2312C4700,ag2312C4700,1164.5,0.0,0.0,0.0,1,786.5,1546.0,1,1164.5,0.0,0.0,0.0,0.0,0.0,5
2023-05-09 21:07:48,ag2312C4700,ag2312C4700,1164.5,0.0,0.0,0.0,1,786.5,1546.0,1,1164.5,0.0,0.0,0.0,0.0,0.0,5
2023-05-09 21:07:48,ag2312C4700,ag2312C4700,1164.5,0.0,0.0,0.0,2,787.0,1545.5,2,1164.5,0.0,0.0,0.0,0.0,0.0,5
2023-05-09 21:07:49,ag2312C4700,ag2312C4700,1164.5,0.0,0.0,0.0,2,787.0,1545.5,2,1164.5,0.0,0.0,0.0,0.0,0.0,5
2023-05-09 21:07:49,ag2312C4700,ag2312C4700,1164.5,0.0,0.0,0.0,1,788.5,1544.0,1,1164.5,0.0,0.0,0.0,0.0,0.0,5
2023-05-09 21:07:50,ag2312C4700,ag2312C4700,1164.5,0.0,0.0,0.0,1,788.5,1544.0,1,1164.5,0.0,0.0,0.0,0.0,0.0,5
2023-05-09 21:07:50,ag2312C4700,ag2312C4700,1164.5,0.0,0.0,0.0,2,789.0,1543.5,2,1164.5,0.0,0.0,0.0,0.0,0.0,5
2023-05-09 21:07:51,ag2312C4700,ag2312C4700,1164.5,0.0,0.0,0.0,1,790.5,1542.0,1,1164.5,0.0,0.0,0.0,0.0,0.0,5
2023-05-09 21:07:51,ag2312C4700,ag2312C4700,1164.5,0.0,0.0,0.0,1,790.5,1542.0,1,1164.5,0.0,0.0,0.0,0.0,0.0,5
2023-05-09 21:07:52,ag2312C4700,ag2312C4700,1164.5,0.0,0.0,0.0,2,791.0,1541.5,2,1164.5,0.0,0.0,0.0,0.0,0.0,5
2023-05-09 21:07:52,ag2312C4700,ag2312C4700,1164.5,0.0,0.0,0.0,2,791.0,1541.5,2,1164.5,0.0,0.0,0.0,0.0,0.0,5
2023-05-09 21:07:53,ag2312C4700,ag2312C4700,1164.5,0.0,0.0,0.0,1,792.5,1540.0,1,1164.5,0.0,0.0,0.0,0.0,0.0,5
2023-05-09 21:07:53,ag2312C4700,ag2312C4700,1164.5,0.0,0.0,0.0,1,792.5,1540.0,1,1164.5,0.0,0.0,0.0,0.0,0.0,5
2023-05-09 21:07:54,ag2312C4700,ag2312C4700,1164.5,0.0,0.0,0.0,2,793.0,1539.5,2,1164.5,0.0,0.0,0.0,0.0,0.0,5
2023-05-09 21:07:54,ag2312C4700,ag2312C4700,1164.5,0.0,0.0,0.0,2,793.0,1539.5,2,1164.5,0.0,0.0,0.0,0.0,0.0,5
2023-05-09 21:07:55,ag2312C4700,ag2312C4700,1164.5,0.0,0.0,0.0,1,794.5,1538.0,1,1164.5,0.0,0.0,0.0,0.0,0.0,5
2023-05-09 21:07:55,ag2312C4700,ag2312C4700,1164.5,0.0,0.0,0.0,1,794.5,1538.0,1,1164.5,0.0,0.0,0.0,0.0,0.0,5
2023-05-09 21:07:56,ag2312C4700,ag2312C4700,1164.5,0.0,0.0,0.0,2,795.0,1537.5,2,1164.5,0.0,0.0,0.0,0.0,0.0,5
2023-05-09 21:07:56,ag2312C4700,ag2312C4700,1164.5,0.0,0.0,0.0,2,795.0,1537.5,2,1164.5,0.0,0.0,0.0,0.0,0.0,5
2023-05-09 21:08:12,ag2312C4700,ag2312C4700,1164.5,0.0,0.0,0.0,1,796.5,1536.0,1,1164.5,0.0,0.0,0.0,0.0,0.0,5
2023-05-09 21:08:12,ag2312C4700,ag2312C4700,1164.5,0.0,0.0,0.0,1,796.5,1536.0,1,1164.5,0.0,0.0,0.0,0.0,0.0,5
2023-05-09 21:08:13,ag2312C4700,ag2312C4700,1164.5,0.0,0.0,0.0,2,797.0,1535.5,2,1164.5,0.0,0.0,0.0,0.0,0.0,5
2023-05-09 21:08:13,ag2312C4700,ag2312C4700,1164.5,0.0,0.0,0.0,2,797.0,1535.5,2,1164.5,0.0,0.0,0.0,0.0,0.0,5
2023-05-09 21:08:14,ag2312C4700,ag2312C4700,1164.5,0.0,0.0,0.0,1,798.5,1534.0,1,1164.5,0.0,0.0,0.0,0.0,0.0,5
2023-05-09 21:08:14,ag2312C4700,ag2312C4700,1164.5,0.0,0.0,0.0,1,798.5,1534.0,1,1164.5,0.0,0.0,0.0,0.0,0.0,5
2023-05-09 21:08:15,ag2312C4700,ag2312C4700,1164.5,0.0,0.0,0.0,2,799.0,1533.5,2,1164.5,0.0,0.0,0.0,0.0,0.0,5
2023-05-09 21:08:15,ag2312C4700,ag2312C4700,1164.5,0.0,0.0,0.0,2,799.0,1533.5,2,1164.5,0.0,0.0,0.0,0.0,0.0,5
2023-05-09 21:08:16,ag2312C4700,ag2312C4700,1164.5,0.0,0.0,0.0,1,800.5,1532.0,1,1164.5,0.0,0.0,0.0,0.0,0.0,5
2023-05-09 21:08:16,ag2312C4700,ag2312C4700,1164.5,0.0,0.0,0.0,1,800.5,1532.0,1,1164.5,0.0,0.0,0.0,0.0,0.0,5
2023-05-09 21:08:17,ag2312C4700,ag2312C4700,1164.5,0.0,0.0,0.0,2,801.0,1531.5,2,1164.5,0.0,0.0,0.0,0.0,0.0,5
2023-05-09 21:08:18,ag2312C4700,ag2312C4700,1164.5,0.0,0.0,0.0,2,801.0,1531.5,2,1164.5,0.0,0.0,0.0,0.0,0.0,5
2023-05-09 21:08:18,ag2312C4700,ag2312C4700,1164.5,0.0,0.0,0.0,1,802.5,1530.0,1,1164.5,0.0,0.0,0.0,0.0,0.0,5
2023-05-09 21:08:19,ag2312C4700,ag2312C4700,1164.5,0.0,0.0,0.0,1,802.5,1530.0,1,1164.5,0.0,0.0,0.0,0.0,0.0,5
2023-05-09 21:08:19,ag2312C4700,ag2312C4700,1164.5,0.0,0.0,0.0,2,803.0,1529.5,2,1164.5,0.0,0.0,0.0,0.0,0.0,5
2023-05-09 21:08:20,ag2312C4700,ag2312C4700,1164.5,0.0,0.0,0.0,2,803.0,1529.5,2,1164.5,0.0,0.0,0.0,0.0,0.0,5
2023-05-09 21:08:34,ag2312C4700,ag2312C4700,1164.5,0.0,0.0,0.0,1,804.5,1528.0,1,1164.5,0.0,0.0,0.0,0.0,0.0,5
2023-05-09 21:08:34,ag2312C4700,ag2312C4700,1164.5,0.0,0.0,0.0,1,804.5,1528.0,1,1164.5,0.0,0.0,0.0,0.0,0.0,5
2023-05-09 21:08:35,ag2312C4700,ag2312C4700,1164.5,0.0,0.0,0.0,2,805.0,1527.5,2,1164.5,0.0,0.0,0.0,0.0,0.0,5
2023-05-09 21:08:35,ag2312C4700,ag2312C4700,1164.5,0.0,0.0,0.0,2,805.0,1527.5,2,1164.5,0.0,0.0,0.0,0.0,0.0,5
2023-05-09 21:08:36,ag2312C4700,ag2312C4700,1164.5,0.0,0.0,0.0,1,806.5,1526.0,1,1164.5,0.0,0.0,0.0,0.0,0.0,5
2023-05-09 21:08:36,ag2312C4700,ag2312C4700,1164.5,0.0,0.0,0.0,1,806.5,1526.0,1,1164.5,0.0,0.0,0.0,0.0,0.0,5
2023-05-09 21:08:37,ag2312C4700,ag2312C4700,1164.5,0.0,0.0,0.0,2,807.0,1525.5,2,1164.5,0.0,0.0,0.0,0.0,0.0,5
2023-05-09 21:08:37,ag2312C4700,ag2312C4700,1164.5,0.0,0.0,0.0,2,807.0,1525.5,2,1164.5,0.0,0.0,0.0,0.0,0.0,5
2023-05-09 21:08:59,ag2312C4700,ag2312C4700,1164.5,0.0,0.0,0.0,1,808.5,1524.0,1,1164.5,0.0,0.0,0.0,0.0,0.0,5
2023-05-09 21:09:00,ag2312C4700,ag2312C4700,1164.5,0.0,0.0,0.0,1,808.5,1524.0,1,1164.5,0.0,0.0,0.0,0.0,0.0,5
2023-05-09 21:09:00,ag2312C4700,ag2312C4700,1164.5,0.0,0.0,0.0,2,809.0,1523.5,2,1164.5,0.0,0.0,0.0,0.0,0.0,5
2023-05-09 21:09:01,ag2312C4700,ag2312C4700,1164.5,0.0,0.0,0.0,1,810.5,1522.0,1,1164.5,0.0,0.0,0.0,0.0,0.0,5
2023-05-09 21:09:01,ag2312C4700,ag2312C4700,1164.5,0.0,0.0,0.0,1,810.5,1522.0,1,1164.5,0.0,0.0,0.0,0.0,0.0,5
2023-05-09 21:09:02,ag2312C4700,ag2312C4700,1164.5,0.0,0.0,0.0,2,811.0,1521.5,2,1164.5,0.0,0.0,0.0,0.0,0.0,5
2023-05-09 21:09:03,ag2312C4700,ag2312C4700,1164.5,0.0,0.0,0.0,2,811.0,1521.5,2,1164.5,0.0,0.0,0.0,0.0,0.0,5
2023-05-09 21:09:04,ag2312C4700,ag2312C4700,1164.5,0.0,0.0,0.0,2,811.0,1520.0,1,1164.5,0.0,0.0,0.0,0.0,0.0,5
2023-05-09 21:09:04,ag2312C4700,ag2312C4700,1164.5,0.0,0.0,0.0,1,812.5,1519.5,2,1164.5,0.0,0.0,0.0,0.0,0.0,5
2023-05-09 21:09:05,ag2312C4700,ag2312C4700,1164.5,0.0,0.0,0.0,1,812.5,1519.5,2,1164.5,0.0,0.0,0.0,0.0,0.0,5
2023-05-09 21:09:05,ag2312C4700,ag2312C4700,1164.5,0.0,0.0,0.0,2,813.0,1518.0,1,1164.5,0.0,0.0,0.0,0.0,0.0,5
2023-05-09 21:09:06,ag2312C4700,ag2312C4700,1164.5,0.0,0.0,0.0,2,813.0,1518.0,1,1164.5,0.0,0.0,0.0,0.0,0.0,5
2023-05-09 21:09:06,ag2312C4700,ag2312C4700,1164.5,0.0,0.0,0.0,1,814.5,1517.5,2,1164.5,0.0,0.0,0.0,0.0,0.0,5
2023-05-09 21:09:07,ag2312C4700,ag2312C4700,1164.5,0.0,0.0,0.0,1,814.5,1517.5,2,1164.5,0.0,0.0,0.0,0.0,0.0,5
2023-05-09 21:09:07,ag2312C4700,ag2312C4700,1164.5,0.0,0.0,0.0,2,815.0,1517.5,2,1164.5,0.0,0.0,0.0,0.0,0.0,5
2023-05-09 21:09:08,ag2312C4700,ag2312C4700,1164.5,0.0,0.0,0.0,2,815.0,1517.5,2,1164.5,0.0,0.0,0.0,0.0,0.0,5
2023-05-09 21:09:08,ag2312C4700,ag2312C4700,1164.5,0.0,0.0,0.0,1,816.5,1516.0,1,1164.5,0.0,0.0,0.0,0.0,0.0,5
2023-05-09 21:09:09,ag2312C4700,ag2312C4700,1164.5,0.0,0.0,0.0,1,816.5,1516.0,1,1164.5,0.0,0.0,0.0,0.0,0.0,5
2023-05-09 21:09:09,ag2312C4700,ag2312C4700,1164.5,0.0,0.0,0.0,2,817.0,1515.5,2,1164.5,0.0,0.0,0.0,0.0,0.0,5
2023-05-09 21:09:10,ag2312C4700,ag2312C4700,1164.5,0.0,0.0,0.0,2,817.0,1515.5,2,1164.5,0.0,0.0,0.0,0.0,0.0,5
2023-05-09 21:09:10,ag2312C4700,ag2312C4700,1164.5,0.0,0.0,0.0,1,818.5,1514.0,1,1164.5,0.0,0.0,0.0,0.0,0.0,5
2023-05-09 21:09:11,ag2312C4700,ag2312C4700,1164.5,0.0,0.0,0.0,1,818.5,1514.0,1,1164.5,0.0,0.0,0.0,0.0,0.0,5
2023-05-09 21:09:11,ag2312C4700,ag2312C4700,1164.5,0.0,0.0,0.0,2,819.0,1513.5,2,1164.5,0.0,0.0,0.0,0.0,0.0,5
2023-05-09 21:09:12,ag2312C4700,ag2312C4700,1164.5,0.0,0.0,0.0,2,819.0,1513.5,2,1164.5,0.0,0.0,0.0,0.0,0.0,5
2023-05-09 21:09:16,ag2312C4700,ag2312C4700,1164.5,0.0,0.0,0.0,2,819.0,1512.0,1,1164.5,0.0,0.0,0.0,0.0,0.0,5
2023-05-09 21:09:17,ag2312C4700,ag2312C4700,1164.5,0.0,0.0,0.0,2,819.0,1512.0,1,1164.5,0.0,0.0,0.0,0.0,0.0,5
2023-05-09 21:09:17,ag2312C4700,ag2312C4700,1164.5,0.0,0.0,0.0,2,819.0,1511.5,2,1164.5,0.0,0.0,0.0,0.0,0.0,5
2023-05-09 21:09:18,ag2312C4700,ag2312C4700,1164.5,0.0,0.0,0.0,2,819.0,1511.5,2,1164.5,0.0,0.0,0.0,0.0,0.0,5
2023-05-09 21:09:43,ag2312C4700,ag2312C4700,1164.5,0.0,0.0,0.0,1,820.5,1510.0,1,1164.5,0.0,0.0,0.0,0.0,0.0,5
2023-05-09 21:09:43,ag2312C4700,ag2312C4700,1164.5,0.0,0.0,0.0,1,820.5,1510.0,1,1164.5,0.0,0.0,0.0,0.0,0.0,5
2023-05-09 21:09:44,ag2312C4700,ag2312C4700,1164.5,0.0,0.0,0.0,2,821.0,1509.5,2,1164.5,0.0,0.0,0.0,0.0,0.0,5
2023-05-09 21:09:44,ag2312C4700,ag2312C4700,1164.5,0.0,0.0,0.0,2,821.0,1509.5,2,1164.5,0.0,0.0,0.0,0.0,0.0,5
2023-05-09 21:09:45,ag2312C4700,ag2312C4700,1164.5,0.0,0.0,0.0,1,822.5,1508.0,1,1164.5,0.0,0.0,0.0,0.0,0.0,5
2023-05-09 21:09:45,ag2312C4700,ag2312C4700,1164.5,0.0,0.0,0.0,1,822.5,1508.0,1,1164.5,0.0,0.0,0.0,0.0,0.0,5
2023-05-09 21:09:46,ag2312C4700,ag2312C4700,1164.5,0.0,0.0,0.0,2,823.0,1507.5,2,1164.5,0.0,0.0,0.0,0.0,0.0,5
2023-05-09 21:09:46,ag2312C4700,ag2312C4700,1164.5,0.0,0.0,0.0,2,823.0,1507.5,2,1164.5,0.0,0.0,0.0,0.0,0.0,5
2023-05-09 21:09:47,ag2312C4700,ag2312C4700,1164.5,0.0,0.0,0.0,1,824.5,1506.0,1,1164.5,0.0,0.0,0.0,0.0,0.0,5
2023-05-09 21:09:47,ag2312C4700,ag2312C4700,1164.5,0.0,0.0,0.0,1,824.5,1506.0,1,1164.5,0.0,0.0,0.0,0.0,0.0,5
2023-05-09 21:09:48,ag2312C4700,ag2312C4700,1164.5,0.0,0.0,0.0,2,825.0,1505.5,2,1164.5,0.0,0.0,0.0,0.0,0.0,5
2023-05-09 21:09:49,ag2312C4700,ag2312C4700,1164.5,0.0,0.0,0.0,2,825.0,1505.5,2,1164.5,0.0,0.0,0.0,0.0,0.0,5
2023-05-09 21:09:49,ag2312C4700,ag2312C4700,1164.5,0.0,0.0,0.0,1,826.5,1504.0,1,1164.5,0.0,0.0,0.0,0.0,0.0,5
2023-05-09 21:09:50,ag2312C4700,ag2312C4700,1164.5,0.0,0.0,0.0,1,826.5,1504.0,1,1164.5,0.0,0.0,0.0,0.0,0.0,5
2023-05-09 21:09:50,ag2312C4700,ag2312C4700,1164.5,0.0,0.0,0.0,2,827.0,1503.5,2,1164.5,0.0,0.0,0.0,0.0,0.0,5
2023-05-09 21:09:51,ag2312C4700,ag2312C4700,1164.5,0.0,0.0,0.0,2,827.0,1503.5,2,1164.5,0.0,0.0,0.0,0.0,0.0,5
2023-05-09 21:10:13,ag2312C4700,ag2312C4700,1164.5,0.0,0.0,0.0,1,828.5,1502.0,1,1164.5,0.0,0.0,0.0,0.0,0.0,5
2023-05-09 21:10:14,ag2312C4700,ag2312C4700,1164.5,0.0,0.0,0.0,1,828.5,1502.0,1,1164.5,0.0,0.0,0.0,0.0,0.0,5
2023-05-09 21:10:14,ag2312C4700,ag2312C4700,1164.5,0.0,0.0,0.0,2,829.0,1501.5,2,1164.5,0.0,0.0,0.0,0.0,0.0,5
2023-05-09 21:10:15,ag2312C4700,ag2312C4700,1164.5,0.0,0.0,0.0,2,829.0,1501.5,2,1164.5,0.0,0.0,0.0,0.0,0.0,5
2023-05-09 21:10:15,ag2312C4700,ag2312C4700,1164.5,0.0,0.0,0.0,1,830.5,1501.5,2,1164.5,0.0,0.0,0.0,0.0,0.0,5
2023-05-09 21:10:16,ag2312C4700,ag2312C4700,1164.5,0.0,0.0,0.0,1,830.5,1501.5,2,1164.5,0.0,0.0,0.0,0.0,0.0,5
2023-05-09 21:10:16,ag2312C4700,ag2312C4700,1164.5,0.0,0.0,0.0,2,831.0,1501.5,2,1164.5,0.0,0.0,0.0,0.0,0.0,5
2023-05-09 21:10:17,ag2312C4700,ag2312C4700,1164.5,0.0,0.0,0.0,2,831.0,1501.5,2,1164.5,0.0,0.0,0.0,0.0,0.0,5
2023-05-09 21:10:18,ag2312C4700,ag2312C4700,1164.5,0.0,0.0,0.0,1,832.5,1500.0,1,1164.5,0.0,0.0,0.0,0.0,0.0,5
2023-05-09 21:10:18,ag2312C4700,ag2312C4700,1164.5,0.0,0.0,0.0,1,832.5,1500.0,1,1164.5,0.0,0.0,0.0,0.0,0.0,5
2023-05-09 21:10:19,ag2312C4700,ag2312C4700,1164.5,0.0,0.0,0.0,2,833.0,1499.5,2,1164.5,0.0,0.0,0.0,0.0,0.0,5
2023-05-09 21:10:19,ag2312C4700,ag2312C4700,1164.5,0.0,0.0,0.0,2,833.0,1499.5,2,1164.5,0.0,0.0,0.0,0.0,0.0,5
2023-05-09 21:10:20,ag2312C4700,ag2312C4700,1164.5,0.0,0.0,0.0,1,834.5,1498.0,1,1164.5,0.0,0.0,0.0,0.0,0.0,5
2023-05-09 21:10:20,ag2312C4700,ag2312C4700,1164.5,0.0,0.0,0.0,1,834.5,1498.0,1,1164.5,0.0,0.0,0.0,0.0,0.0,5
2023-05-09 21:10:21,ag2312C4700,ag2312C4700,1164.5,0.0,0.0,0.0,2,835.0,1497.5,2,1164.5,0.0,0.0,0.0,0.0,0.0,5
2023-05-09 21:10:21,ag2312C4700,ag2312C4700,1164.5,0.0,0.0,0.0,1,836.5,1497.5,2,1164.5,0.0,0.0,0.0,0.0,0.0,5
2023-05-09 21:10:22,ag2312C4700,ag2312C4700,1164.5,0.0,0.0,0.0,1,836.5,1497.5,2,1164.5,0.0,0.0,0.0,0.0,0.0,5
2023-05-09 21:10:22,ag2312C4700,ag2312C4700,1164.5,0.0,0.0,0.0,2,837.0,1497.5,2,1164.5,0.0,0.0,0.0,0.0,0.0,5
2023-05-09 21:10:23,ag2312C4700,ag2312C4700,1164.5,0.0,0.0,0.0,1,838.5,1496.0,1,1164.5,0.0,0.0,0.0,0.0,0.0,5
2023-05-09 21:10:23,ag2312C4700,ag2312C4700,1164.5,0.0,0.0,0.0,1,838.5,1496.0,1,1164.5,0.0,0.0,0.0,0.0,0.0,5
2023-05-09 21:10:24,ag2312C4700,ag2312C4700,1164.5,0.0,0.0,0.0,2,839.0,1495.5,2,1164.5,0.0,0.0,0.0,0.0,0.0,5
2023-05-09 21:10:24,ag2312C4700,ag2312C4700,1164.5,0.0,0.0,0.0,2,839.0,1495.5,2,1164.5,0.0,0.0,0.0,0.0,0.0,5
2023-05-09 21:10:25,ag2312C4700,ag2312C4700,1164.5,0.0,0.0,0.0,1,840.5,1495.5,2,1164.5,0.0,0.0,0.0,0.0,0.0,5
2023-05-09 21:10:25,ag2312C4700,ag2312C4700,1164.5,0.0,0.0,0.0,1,840.5,1495.5,2,1164.5,0.0,0.0,0.0,0.0,0.0,5
2023-05-09 21:10:26,ag2312C4700,ag2312C4700,1164.5,0.0,0.0,0.0,2,841.0,1495.5,2,1164.5,0.0,0.0,0.0,0.0,0.0,5
2023-05-09 21:10:26,ag2312C4700,ag2312C4700,1164.5,0.0,0.0,0.0,2,841.0,1495.5,2,1164.5,0.0,0.0,0.0,0.0,0.0,5
2023-05-09 21:10:27,ag2312C4700,ag2312C4700,1164.5,0.0,0.0,0.0,1,842.5,1494.0,1,1164.5,0.0,0.0,0.0,0.0,0.0,5
2023-05-09 21:10:27,ag2312C4700,ag2312C4700,1164.5,0.0,0.0,0.0,1,842.5,1494.0,1,1164.5,0.0,0.0,0.0,0.0,0.0,5
2023-05-09 21:10:28,ag2312C4700,ag2312C4700,1164.5,0.0,0.0,0.0,2,843.0,1493.5,2,1164.5,0.0,0.0,0.0,0.0,0.0,5
2023-05-09 21:10:28,ag2312C4700,ag2312C4700,1164.5,0.0,0.0,0.0,2,843.0,1493.5,2,1164.5,0.0,0.0,0.0,0.0,0.0,5
2023-05-09 21:10:30,ag2312C4700,ag2312C4700,1164.5,0.0,0.0,0.0,1,844.5,1492.0,1,1164.5,0.0,0.0,0.0,0.0,0.0,5
2023-05-09 21:10:30,ag2312C4700,ag2312C4700,1164.5,0.0,0.0,0.0,1,844.5,1492.0,1,1164.5,0.0,0.0,0.0,0.0,0.0,5
2023-05-09 21:10:31,ag2312C4700,ag2312C4700,1164.5,0.0,0.0,0.0,2,845.0,1491.5,2,1164.5,0.0,0.0,0.0,0.0,0.0,5
2023-05-09 21:10:31,ag2312C4700,ag2312C4700,1164.5,0.0,0.0,0.0,2,845.0,1491.5,2,1164.5,0.0,0.0,0.0,0.0,0.0,5
2023-05-09 21:10:52,ag2312C4700,ag2312C4700,1164.5,0.0,0.0,0.0,1,846.5,1490.0,1,1164.5,0.0,0.0,0.0,0.0,0.0,5
2023-05-09 21:10:53,ag2312C4700,ag2312C4700,1164.5,0.0,0.0,0.0,1,846.5,1490.0,1,1164.5,0.0,0.0,0.0,0.0,0.0,5
2023-05-09 21:10:53,ag2312C4700,ag2312C4700,1164.5,0.0,0.0,0.0,2,847.0,1489.5,2,1164.5,0.0,0.0,0.0,0.0,0.0,5
2023-05-09 21:10:54,ag2312C4700,ag2312C4700,1164.5,0.0,0.0,0.0,2,847.0,1489.5,2,1164.5,0.0,0.0,0.0,0.0,0.0,5
2023-05-09 21:10:55,ag2312C4700,ag2312C4700,1164.5,0.0,0.0,0.0,1,848.5,1488.0,1,1164.5,0.0,0.0,0.0,0.0,0.0,5
2023-05-09 21:10:56,ag2312C4700,ag2312C4700,1164.5,0.0,0.0,0.0,1,848.5,1488.0,1,1164.5,0.0,0.0,0.0,0.0,0.0,5
2023-05-09 21:10:56,ag2312C4700,ag2312C4700,1164.5,0.0,0.0,0.0,2,849.0,1487.5,2,1164.5,0.0,0.0,0.0,0.0,0.0,5
2023-05-09 21:10:57,ag2312C4700,ag2312C4700,1164.5,0.0,0.0,0.0,2,849.0,1487.5,2,1164.5,0.0,0.0,0.0,0.0,0.0,5
2023-05-09 21:11:03,ag2312C4700,ag2312C4700,1164.5,0.0,0.0,0.0,1,850.5,1486.0,1,1164.5,0.0,0.0,0.0,0.0,0.0,5
2023-05-09 21:11:03,ag2312C4700,ag2312C4700,1164.5,0.0,0.0,0.0,1,850.5,1486.0,1,1164.5,0.0,0.0,0.0,0.0,0.0,5
2023-05-09 21:11:04,ag2312C4700,ag2312C4700,1164.5,0.0,0.0,0.0,2,851.0,1485.5,2,1164.5,0.0,0.0,0.0,0.0,0.0,5
2023-05-09 21:11:04,ag2312C4700,ag2312C4700,1164.5,0.0,0.0,0.0,2,851.0,1485.5,2,1164.5,0.0,0.0,0.0,0.0,0.0,5
2023-05-09 21:11:05,ag2312C4700,ag2312C4700,1164.5,0.0,0.0,0.0,1,852.5,1484.0,1,1164.5,0.0,0.0,0.0,0.0,0.0,5
2023-05-09 21:11:05,ag2312C4700,ag2312C4700,1164.5,0.0,0.0,0.0,1,852.5,1484.0,1,1164.5,0.0,0.0,0.0,0.0,0.0,5
2023-05-09 21:11:06,ag2312C4700,ag2312C4700,1164.5,0.0,0.0,0.0,2,853.0,1483.5,2,1164.5,0.0,0.0,0.0,0.0,0.0,5
2023-05-09 21:11:07,ag2312C4700,ag2312C4700,1164.5,0.0,0.0,0.0,1,854.5,1482.0,1,1164.5,0.0,0.0,0.0,0.0,0.0,5
2023-05-09 21:11:07,ag2312C4700,ag2312C4700,1164.5,0.0,0.0,0.0,1,854.5,1482.0,1,1164.5,0.0,0.0,0.0,0.0,0.0,5
2023-05-09 21:11:08,ag2312C4700,ag2312C4700,1164.5,0.0,0.0,0.0,2,855.0,1481.5,2,1164.5,0.0,0.0,0.0,0.0,0.0,5
2023-05-09 21:11:09,ag2312C4700,ag2312C4700,1164.5,0.0,0.0,0.0,2,855.0,1481.5,2,1164.5,0.0,0.0,0.0,0.0,0.0,5
2023-05-09 21:11:13,ag2312C4700,ag2312C4700,1164.5,0.0,0.0,0.0,1,856.5,1480.0,1,1164.5,0.0,0.0,0.0,0.0,0.0,5
2023-05-09 21:11:14,ag2312C4700,ag2312C4700,1164.5,0.0,0.0,0.0,1,856.5,1480.0,1,1164.5,0.0,0.0,0.0,0.0,0.0,5
2023-05-09 21:11:14,ag2312C4700,ag2312C4700,1164.5,0.0,0.0,0.0,2,857.0,1479.5,2,1164.5,0.0,0.0,0.0,0.0,0.0,5
2023-05-09 21:11:15,ag2312C4700,ag2312C4700,1164.5,0.0,0.0,0.0,2,857.0,1479.5,2,1164.5,0.0,0.0,0.0,0.0,0.0,5
2023-05-09 21:11:16,ag2312C4700,ag2312C4700,1164.5,0.0,0.0,0.0,1,858.5,1478.0,1,1164.5,0.0,0.0,0.0,0.0,0.0,5
2023-05-09 21:11:16,ag2312C4700,ag2312C4700,1164.5,0.0,0.0,0.0,1,858.5,1478.0,1,1164.5,0.0,0.0,0.0,0.0,0.0,5
2023-05-09 21:11:17,ag2312C4700,ag2312C4700,1164.5,0.0,0.0,0.0,2,859.0,1477.5,2,1164.5,0.0,0.0,0.0,0.0,0.0,5
2023-05-09 21:11:17,ag2312C4700,ag2312C4700,1164.5,0.0,0.0,0.0,2,859.0,1477.5,2,1164.5,0.0,0.0,0.0,0.0,0.0,5
2023-05-09 21:11:27,ag2312C4700,ag2312C4700,1164.5,0.0,0.0,0.0,1,860.5,1476.0,1,1164.5,0.0,0.0,0.0,0.0,0.0,5
2023-05-09 21:11:28,ag2312C4700,ag2312C4700,1164.5,0.0,0.0,0.0,1,860.5,1476.0,1,1164.5,0.0,0.0,0.0,0.0,0.0,5
2023-05-09 21:11:28,ag2312C4700,ag2312C4700,1164.5,0.0,0.0,0.0,2,861.0,1475.5,2,1164.5,0.0,0.0,0.0,0.0,0.0,5
2023-05-09 21:11:29,ag2312C4700,ag2312C4700,1164.5,0.0,0.0,0.0,2,861.0,1474.0,1,1164.5,0.0,0.0,0.0,0.0,0.0,5
2023-05-09 21:11:29,ag2312C4700,ag2312C4700,1164.5,0.0,0.0,0.0,1,862.5,1474.0,1,1164.5,0.0,0.0,0.0,0.0,0.0,5
2023-05-09 21:11:30,ag2312C4700,ag2312C4700,1164.5,0.0,0.0,0.0,1,862.5,1473.5,2,1164.5,0.0,0.0,0.0,0.0,0.0,5
2023-05-09 21:11:30,ag2312C4700,ag2312C4700,1164.5,0.0,0.0,0.0,2,863.0,1472.0,1,1164.5,0.0,0.0,0.0,0.0,0.0,5
2023-05-09 21:11:31,ag2312C4700,ag2312C4700,1164.5,0.0,0.0,0.0,2,863.0,1472.0,1,1164.5,0.0,0.0,0.0,0.0,0.0,5
2023-05-09 21:11:31,ag2312C4700,ag2312C4700,1164.5,0.0,0.0,0.0,1,864.5,1471.5,2,1164.5,0.0,0.0,0.0,0.0,0.0,5
2023-05-09 21:11:32,ag2312C4700,ag2312C4700,1164.5,0.0,0.0,0.0,1,864.5,1471.5,2,1164.5,0.0,0.0,0.0,0.0,0.0,5
2023-05-09 21:11:32,ag2312C4700,ag2312C4700,1164.5,0.0,0.0,0.0,2,865.0,1471.5,2,1164.5,0.0,0.0,0.0,0.0,0.0,5
2023-05-09 21:11:33,ag2312C4700,ag2312C4700,1164.5,0.0,0.0,0.0,2,865.0,1471.5,2,1164.5,0.0,0.0,0.0,0.0,0.0,5
2023-05-09 21:12:02,ag2312C4700,ag2312C4700,1164.5,0.0,0.0,0.0,1,866.5,1470.0,1,1164.5,0.0,0.0,0.0,0.0,0.0,5
2023-05-09 21:12:03,ag2312C4700,ag2312C4700,1164.5,0.0,0.0,0.0,2,867.0,1469.5,2,1164.5,0.0,0.0,0.0,0.0,0.0,5
2023-05-09 21:12:04,ag2312C4700,ag2312C4700,1164.5,0.0,0.0,0.0,2,867.0,1469.5,2,1164.5,0.0,0.0,0.0,0.0,0.0,5
2023-05-09 21:12:04,ag2312C4700,ag2312C4700,1164.5,0.0,0.0,0.0,1,868.5,1468.0,1,1164.5,0.0,0.0,0.0,0.0,0.0,5
2023-05-09 21:12:05,ag2312C4700,ag2312C4700,1164.5,0.0,0.0,0.0,1,868.5,1468.0,1,1164.5,0.0,0.0,0.0,0.0,0.0,5
2023-05-09 21:12:05,ag2312C4700,ag2312C4700,1164.5,0.0,0.0,0.0,2,869.0,1467.5,2,1164.5,0.0,0.0,0.0,0.0,0.0,5
2023-05-09 21:12:06,ag2312C4700,ag2312C4700,1164.5,0.0,0.0,0.0,2,869.0,1467.5,2,1164.5,0.0,0.0,0.0,0.0,0.0,5
2023-05-09 21:12:22,ag2312C4700,ag2312C4700,1164.5,0.0,0.0,0.0,2,869.0,1466.0,1,1164.5,0.0,0.0,0.0,0.0,0.0,5
2023-05-09 21:12:22,ag2312C4700,ag2312C4700,1164.5,0.0,0.0,0.0,2,869.0,1466.0,1,1164.5,0.0,0.0,0.0,0.0,0.0,5
2023-05-09 21:12:23,ag2312C4700,ag2312C4700,1164.5,0.0,0.0,0.0,1,870.5,1465.5,2,1164.5,0.0,0.0,0.0,0.0,0.0,5
2023-05-09 21:12:23,ag2312C4700,ag2312C4700,1164.5,0.0,0.0,0.0,1,870.5,1465.5,2,1164.5,0.0,0.0,0.0,0.0,0.0,5
2023-05-09 21:12:24,ag2312C4700,ag2312C4700,1164.5,0.0,0.0,0.0,2,871.0,1465.5,2,1164.5,0.0,0.0,0.0,0.0,0.0,5
2023-05-09 21:12:24,ag2312C4700,ag2312C4700,1164.5,0.0,0.0,0.0,2,871.0,1465.5,2,1164.5,0.0,0.0,0.0,0.0,0.0,5
2023-05-09 21:12:26,ag2312C4700,ag2312C4700,1164.5,0.0,0.0,0.0,1,872.5,1464.0,1,1164.5,0.0,0.0,0.0,0.0,0.0,5
2023-05-09 21:12:26,ag2312C4700,ag2312C4700,1164.5,0.0,0.0,0.0,1,872.5,1464.0,1,1164.5,0.0,0.0,0.0,0.0,0.0,5
2023-05-09 21:12:27,ag2312C4700,ag2312C4700,1164.5,0.0,0.0,0.0,2,873.0,1463.5,2,1164.5,0.0,0.0,0.0,0.0,0.0,5
2023-05-09 21:12:28,ag2312C4700,ag2312C4700,1164.5,0.0,0.0,0.0,2,873.0,1463.5,2,1164.5,0.0,0.0,0.0,0.0,0.0,5
2023-05-09 21:13:06,ag2312C4700,ag2312C4700,1164.5,0.0,0.0,0.0,1,874.5,1463.5,2,1164.5,0.0,0.0,0.0,0.0,0.0,5
2023-05-09 21:13:06,ag2312C4700,ag2312C4700,1164.5,0.0,0.0,0.0,1,874.5,1463.5,2,1164.5,0.0,0.0,0.0,0.0,0.0,5
2023-05-09 21:13:07,ag2312C4700,ag2312C4700,1164.5,0.0,0.0,0.0,2,875.0,1463.5,2,1164.5,0.0,0.0,0.0,0.0,0.0,5
2023-05-09 21:13:07,ag2312C4700,ag2312C4700,1164.5,0.0,0.0,0.0,2,875.0,1463.5,2,1164.5,0.0,0.0,0.0,0.0,0.0,5
2023-05-09 21:13:08,ag2312C4700,ag2312C4700,1164.5,0.0,0.0,0.0,1,876.5,1463.5,2,1164.5,0.0,0.0,0.0,0.0,0.0,5
2023-05-09 21:13:08,ag2312C4700,ag2312C4700,1164.5,0.0,0.0,0.0,1,876.5,1463.5,2,1164.5,0.0,0.0,0.0,0.0,0.0,5
2023-05-09 21:13:09,ag2312C4700,ag2312C4700,1164.5,0.0,0.0,0.0,2,877.0,1462.0,1,1164.5,0.0,0.0,0.0,0.0,0.0,5
2023-05-09 21:13:09,ag2312C4700,ag2312C4700,1164.5,0.0,0.0,0.0,2,877.0,1462.0,1,1164.5,0.0,0.0,0.0,0.0,0.0,5
2023-05-09 21:13:10,ag2312C4700,ag2312C4700,1164.5,0.0,0.0,0.0,1,878.5,1461.5,2,1164.5,0.0,0.0,0.0,0.0,0.0,5
2023-05-09 21:13:10,ag2312C4700,ag2312C4700,1164.5,0.0,0.0,0.0,1,878.5,1461.5,2,1164.5,0.0,0.0,0.0,0.0,0.0,5
2023-05-09 21:13:11,ag2312C4700,ag2312C4700,1164.5,0.0,0.0,0.0,2,879.0,1461.5,2,1164.5,0.0,0.0,0.0,0.0,0.0,5
2023-05-09 21:13:12,ag2312C4700,ag2312C4700,1164.5,0.0,0.0,0.0,2,879.0,1461.5,2,1164.5,0.0,0.0,0.0,0.0,0.0,5
2023-05-09 21:13:16,ag2312C4700,ag2312C4700,1164.5,0.0,0.0,0.0,1,880.5,1461.5,2,1164.5,0.0,0.0,0.0,0.0,0.0,5
2023-05-09 21:13:16,ag2312C4700,ag2312C4700,1164.5,0.0,0.0,0.0,1,880.5,1460.0,1,1164.5,0.0,0.0,0.0,0.0,0.0,5
2023-05-09 21:13:17,ag2312C4700,ag2312C4700,1164.5,0.0,0.0,0.0,2,881.0,1460.0,1,1164.5,0.0,0.0,0.0,0.0,0.0,5
2023-05-09 21:13:17,ag2312C4700,ag2312C4700,1164.5,0.0,0.0,0.0,2,881.0,1459.5,2,1164.5,0.0,0.0,0.0,0.0,0.0,5
2023-05-09 21:13:18,ag2312C4700,ag2312C4700,1164.5,0.0,0.0,0.0,2,881.0,1459.5,2,1164.5,0.0,0.0,0.0,0.0,0.0,5
2023-05-09 21:13:20,ag2312C4700,ag2312C4700,1164.5,0.0,0.0,0.0,1,882.5,1458.0,1,1164.5,0.0,0.0,0.0,0.0,0.0,5
2023-05-09 21:13:21,ag2312C4700,ag2312C4700,1164.5,0.0,0.0,0.0,1,882.5,1458.0,1,1164.5,0.0,0.0,0.0,0.0,0.0,5
2023-05-09 21:13:21,ag2312C4700,ag2312C4700,1164.5,0.0,0.0,0.0,2,883.0,1457.5,2,1164.5,0.0,0.0,0.0,0.0,0.0,5
2023-05-09 21:13:22,ag2312C4700,ag2312C4700,1164.5,0.0,0.0,0.0,2,883.0,1457.5,2,1164.5,0.0,0.0,0.0,0.0,0.0,5
2023-05-09 21:13:29,ag2312C4700,ag2312C4700,1164.5,0.0,0.0,0.0,1,884.5,1456.0,1,1164.5,0.0,0.0,0.0,0.0,0.0,5
2023-05-09 21:13:30,ag2312C4700,ag2312C4700,1164.5,0.0,0.0,0.0,1,884.5,1456.0,1,1164.5,0.0,0.0,0.0,0.0,0.0,5
2023-05-09 21:13:30,ag2312C4700,ag2312C4700,1164.5,0.0,0.0,0.0,2,885.0,1455.5,2,1164.5,0.0,0.0,0.0,0.0,0.0,5
2023-05-09 21:13:31,ag2312C4700,ag2312C4700,1164.5,0.0,0.0,0.0,2,885.0,1455.5,2,1164.5,0.0,0.0,0.0,0.0,0.0,5
2023-05-09 21:13:32,ag2312C4700,ag2312C4700,1164.5,0.0,0.0,0.0,1,886.5,1454.0,1,1164.5,0.0,0.0,0.0,0.0,0.0,5
2023-05-09 21:13:33,ag2312C4700,ag2312C4700,1164.5,0.0,0.0,0.0,1,886.5,1454.0,1,1164.5,0.0,0.0,0.0,0.0,0.0,5
2023-05-09 21:13:33,ag2312C4700,ag2312C4700,1164.5,0.0,0.0,0.0,2,887.0,1453.5,2,1164.5,0.0,0.0,0.0,0.0,0.0,5
2023-05-09 21:13:34,ag2312C4700,ag2312C4700,1164.5,0.0,0.0,0.0,2,887.0,1453.5,2,1164.5,0.0,0.0,0.0,0.0,0.0,5
2023-05-09 21:13:36,ag2312C4700,ag2312C4700,1164.5,0.0,0.0,0.0,1,888.5,1452.0,1,1164.5,0.0,0.0,0.0,0.0,0.0,5
2023-05-09 21:13:36,ag2312C4700,ag2312C4700,1164.5,0.0,0.0,0.0,1,888.5,1452.0,1,1164.5,0.0,0.0,0.0,0.0,0.0,5
2023-05-09 21:13:37,ag2312C4700,ag2312C4700,1164.5,0.0,0.0,0.0,2,889.0,1451.5,2,1164.5,0.0,0.0,0.0,0.0,0.0,5
2023-05-09 21:13:38,ag2312C4700,ag2312C4700,1164.5,0.0,0.0,0.0,2,889.0,1450.0,1,1164.5,0.0,0.0,0.0,0.0,0.0,5
2023-05-09 21:13:38,ag2312C4700,ag2312C4700,1164.5,0.0,0.0,0.0,2,889.0,1450.0,1,1164.5,0.0,0.0,0.0,0.0,0.0,5
2023-05-09 21:13:39,ag2312C4700,ag2312C4700,1164.5,0.0,0.0,0.0,2,889.0,1449.5,2,1164.5,0.0,0.0,0.0,0.0,0.0,5
2023-05-09 21:13:39,ag2312C4700,ag2312C4700,1164.5,0.0,0.0,0.0,1,890.5,1448.0,1,1164.5,0.0,0.0,0.0,0.0,0.0,5
2023-05-09 21:13:40,ag2312C4700,ag2312C4700,1164.5,0.0,0.0,0.0,1,890.5,1448.0,1,1164.5,0.0,0.0,0.0,0.0,0.0,5
2023-05-09 21:13:40,ag2312C4700,ag2312C4700,1164.5,0.0,0.0,0.0,2,891.0,1447.5,2,1164.5,0.0,0.0,0.0,0.0,0.0,5
2023-05-09 21:13:41,ag2312C4700,ag2312C4700,1164.5,0.0,0.0,0.0,2,891.0,1447.5,2,1164.5,0.0,0.0,0.0,0.0,0.0,5
2023-05-09 21:13:45,ag2312C4700,ag2312C4700,1164.5,0.0,0.0,0.0,1,892.5,1447.5,2,1164.5,0.0,0.0,0.0,0.0,0.0,5
2023-05-09 21:13:46,ag2312C4700,ag2312C4700,1164.5,0.0,0.0,0.0,1,892.5,1446.0,1,1164.5,0.0,0.0,0.0,0.0,0.0,5
2023-05-09 21:13:46,ag2312C4700,ag2312C4700,1164.5,0.0,0.0,0.0,2,893.0,1446.0,1,1164.5,0.0,0.0,0.0,0.0,0.0,5
2023-05-09 21:13:47,ag2312C4700,ag2312C4700,1164.5,0.0,0.0,0.0,2,893.0,1445.5,2,1164.5,0.0,0.0,0.0,0.0,0.0,5
2023-05-09 21:13:47,ag2312C4700,ag2312C4700,1164.5,0.0,0.0,0.0,2,893.0,1445.5,2,1164.5,0.0,0.0,0.0,0.0,0.0,5
2023-05-09 21:13:48,ag2312C4700,ag2312C4700,1164.5,0.0,0.0,0.0,1,894.5,1444.0,1,1164.5,0.0,0.0,0.0,0.0,0.0,5
2023-05-09 21:13:48,ag2312C4700,ag2312C4700,1164.5,0.0,0.0,0.0,1,894.5,1444.0,1,1164.5,0.0,0.0,0.0,0.0,0.0,5
2023-05-09 21:13:49,ag2312C4700,ag2312C4700,1164.5,0.0,0.0,0.0,2,895.0,1443.5,2,1164.5,0.0,0.0,0.0,0.0,0.0,5
2023-05-09 21:13:50,ag2312C4700,ag2312C4700,1164.5,0.0,0.0,0.0,2,895.0,1443.5,2,1164.5,0.0,0.0,0.0,0.0,0.0,5
2023-05-09 21:13:55,ag2312C4700,ag2312C4700,1164.5,0.0,0.0,0.0,2,895.0,1442.0,1,1164.5,0.0,0.0,0.0,0.0,0.0,5
2023-05-09 21:13:55,ag2312C4700,ag2312C4700,1164.5,0.0,0.0,0.0,2,895.0,1442.0,1,1164.5,0.0,0.0,0.0,0.0,0.0,5
2023-05-09 21:13:56,ag2312C4700,ag2312C4700,1164.5,0.0,0.0,0.0,1,896.5,1441.5,2,1164.5,0.0,0.0,0.0,0.0,0.0,5
2023-05-09 21:13:56,ag2312C4700,ag2312C4700,1164.5,0.0,0.0,0.0,1,896.5,1440.0,1,1164.5,0.0,0.0,0.0,0.0,0.0,5
2023-05-09 21:13:57,ag2312C4700,ag2312C4700,1164.5,0.0,0.0,0.0,2,897.0,1440.0,1,1164.5,0.0,0.0,0.0,0.0,0.0,5
2023-05-09 21:13:57,ag2312C4700,ag2312C4700,1164.5,0.0,0.0,0.0,2,897.0,1439.5,2,1164.5,0.0,0.0,0.0,0.0,0.0,5
2023-05-09 21:13:58,ag2312C4700,ag2312C4700,1164.5,0.0,0.0,0.0,2,897.0,1439.5,2,1164.5,0.0,0.0,0.0,0.0,0.0,5
2023-05-09 21:14:23,ag2312C4700,ag2312C4700,1164.5,0.0,0.0,0.0,1,898.5,1438.0,1,1164.5,0.0,0.0,0.0,0.0,0.0,5
2023-05-09 21:14:23,ag2312C4700,ag2312C4700,1164.5,0.0,0.0,0.0,1,898.5,1438.0,1,1164.5,0.0,0.0,0.0,0.0,0.0,5
2023-05-09 21:14:24,ag2312C4700,ag2312C4700,1164.5,0.0,0.0,0.0,2,899.0,1437.5,2,1164.5,0.0,0.0,0.0,0.0,0.0,5
2023-05-09 21:14:24,ag2312C4700,ag2312C4700,1164.5,0.0,0.0,0.0,2,899.0,1437.5,2,1164.5,0.0,0.0,0.0,0.0,0.0,5
2023-05-09 21:14:25,ag2312C4700,ag2312C4700,1164.5,0.0,0.0,0.0,1,900.5,1437.5,2,1164.5,0.0,0.0,0.0,0.0,0.0,5
2023-05-09 21:14:25,ag2312C4700,ag2312C4700,1164.5,0.0,0.0,0.0,1,900.5,1437.5,2,1164.5,0.0,0.0,0.0,0.0,0.0,5
2023-05-09 21:14:26,ag2312C4700,ag2312C4700,1164.5,0.0,0.0,0.0,2,901.0,1437.5,2,1164.5,0.0,0.0,0.0,0.0,0.0,5
2023-05-09 21:14:26,ag2312C4700,ag2312C4700,1164.5,0.0,0.0,0.0,2,901.0,1436.0,1,1164.5,0.0,0.0,0.0,0.0,0.0,5
2023-05-09 21:14:27,ag2312C4700,ag2312C4700,1164.5,0.0,0.0,0.0,2,901.0,1436.0,1,1164.5,0.0,0.0,0.0,0.0,0.0,5
2023-05-09 21:14:27,ag2312C4700,ag2312C4700,1164.5,0.0,0.0,0.0,2,901.0,1435.5,2,1164.5,0.0,0.0,0.0,0.0,0.0,5
2023-05-09 21:14:28,ag2312C4700,ag2312C4700,1164.5,0.0,0.0,0.0,2,901.0,1435.5,2,1164.5,0.0,0.0,0.0,0.0,0.0,5
2023-05-09 21:14:34,ag2312C4700,ag2312C4700,1164.5,0.0,0.0,0.0,2,901.0,1434.0,1,1164.5,0.0,0.0,0.0,0.0,0.0,5
2023-05-09 21:14:34,ag2312C4700,ag2312C4700,1164.5,0.0,0.0,0.0,2,901.0,1434.0,1,1164.5,0.0,0.0,0.0,0.0,0.0,5
2023-05-09 21:14:35,ag2312C4700,ag2312C4700,1164.5,0.0,0.0,0.0,2,901.0,1433.5,2,1164.5,0.0,0.0,0.0,0.0,0.0,5
2023-05-09 21:14:36,ag2312C4700,ag2312C4700,1164.5,0.0,0.0,0.0,2,901.0,1433.5,2,1164.5,0.0,0.0,0.0,0.0,0.0,5
2023-05-09 21:14:47,ag2312C4700,ag2312C4700,1164.5,0.0,0.0,0.0,2,901.0,1432.0,1,1164.5,0.0,0.0,0.0,0.0,0.0,5
2023-05-09 21:14:47,ag2312C4700,ag2312C4700,1164.5,0.0,0.0,0.0,2,901.0,1432.0,1,1164.5,0.0,0.0,0.0,0.0,0.0,5
2023-05-09 21:14:48,ag2312C4700,ag2312C4700,1164.5,0.0,0.0,0.0,2,901.0,1431.5,2,1164.5,0.0,0.0,0.0,0.0,0.0,5
2023-05-09 21:14:49,ag2312C4700,ag2312C4700,1164.5,0.0,0.0,0.0,1,902.5,1430.0,1,1164.5,0.0,0.0,0.0,0.0,0.0,5
2023-05-09 21:14:49,ag2312C4700,ag2312C4700,1164.5,0.0,0.0,0.0,1,902.5,1430.0,1,1164.5,0.0,0.0,0.0,0.0,0.0,5
2023-05-09 21:14:50,ag2312C4700,ag2312C4700,1164.5,0.0,0.0,0.0,2,903.0,1429.5,2,1164.5,0.0,0.0,0.0,0.0,0.0,5
2023-05-09 21:14:50,ag2312C4700,ag2312C4700,1164.5,0.0,0.0,0.0,2,903.0,1429.5,2,1164.5,0.0,0.0,0.0,0.0,0.0,5
2023-05-09 21:14:52,ag2312C4700,ag2312C4700,1164.5,0.0,0.0,0.0,1,904.5,1429.5,2,1164.5,0.0,0.0,0.0,0.0,0.0,5
2023-05-09 21:14:53,ag2312C4700,ag2312C4700,1164.5,0.0,0.0,0.0,1,904.5,1429.5,2,1164.5,0.0,0.0,0.0,0.0,0.0,5
2023-05-09 21:14:53,ag2312C4700,ag2312C4700,1164.5,0.0,0.0,0.0,2,905.0,1429.5,2,1164.5,0.0,0.0,0.0,0.0,0.0,5
2023-05-09 21:14:54,ag2312C4700,ag2312C4700,1164.5,0.0,0.0,0.0,2,905.0,1429.5,2,1164.5,0.0,0.0,0.0,0.0,0.0,5
2023-05-09 21:14:54,ag2312C4700,ag2312C4700,1164.5,0.0,0.0,0.0,2,905.0,1428.0,1,1164.5,0.0,0.0,0.0,0.0,0.0,5
2023-05-09 21:14:55,ag2312C4700,ag2312C4700,1164.5,0.0,0.0,0.0,2,905.0,1428.0,1,1164.5,0.0,0.0,0.0,0.0,0.0,5
2023-05-09 21:14:55,ag2312C4700,ag2312C4700,1164.5,0.0,0.0,0.0,2,905.0,1427.5,2,1164.5,0.0,0.0,0.0,0.0,0.0,5
2023-05-09 21:14:56,ag2312C4700,ag2312C4700,1164.5,0.0,0.0,0.0,2,905.0,1427.5,2,1164.5,0.0,0.0,0.0,0.0,0.0,5
2023-05-09 21:14:57,ag2312C4700,ag2312C4700,1164.5,0.0,0.0,0.0,1,906.5,1427.5,2,1164.5,0.0,0.0,0.0,0.0,0.0,5
2023-05-09 21:14:58,ag2312C4700,ag2312C4700,1164.5,0.0,0.0,0.0,1,906.5,1427.5,2,1164.5,0.0,0.0,0.0,0.0,0.0,5
2023-05-09 21:14:58,ag2312C4700,ag2312C4700,1164.5,0.0,0.0,0.0,2,907.0,1427.5,2,1164.5,0.0,0.0,0.0,0.0,0.0,5
2023-05-09 21:14:59,ag2312C4700,ag2312C4700,1164.5,0.0,0.0,0.0,2,907.0,1427.5,2,1164.5,0.0,0.0,0.0,0.0,0.0,5
2023-05-09 21:15:04,ag2312C4700,ag2312C4700,1164.5,0.0,0.0,0.0,2,907.0,1426.0,1,1164.5,0.0,0.0,0.0,0.0,0.0,5
2023-05-09 21:15:05,ag2312C4700,ag2312C4700,1164.5,0.0,0.0,0.0,2,907.0,1426.0,1,1164.5,0.0,0.0,0.0,0.0,0.0,5
2023-05-09 21:15:05,ag2312C4700,ag2312C4700,1164.5,0.0,0.0,0.0,1,908.5,1425.5,2,1164.5,0.0,0.0,0.0,0.0,0.0,5
2023-05-09 21:15:06,ag2312C4700,ag2312C4700,1164.5,0.0,0.0,0.0,1,908.5,1425.5,2,1164.5,0.0,0.0,0.0,0.0,0.0,5
2023-05-09 21:15:06,ag2312C4700,ag2312C4700,1164.5,0.0,0.0,0.0,2,909.0,1425.5,2,1164.5,0.0,0.0,0.0,0.0,0.0,5
2023-05-09 21:15:07,ag2312C4700,ag2312C4700,1164.5,0.0,0.0,0.0,2,909.0,1425.5,2,1164.5,0.0,0.0,0.0,0.0,0.0,5
2023-05-09 21:15:31,ag2312C4700,ag2312C4700,1164.5,0.0,0.0,0.0,1,910.5,1425.5,2,1164.5,0.0,0.0,0.0,0.0,0.0,5
2023-05-09 21:15:32,ag2312C4700,ag2312C4700,1164.5,0.0,0.0,0.0,1,910.5,1425.5,2,1164.5,0.0,0.0,0.0,0.0,0.0,5
2023-05-09 21:15:32,ag2312C4700,ag2312C4700,1164.5,0.0,0.0,0.0,2,911.0,1425.5,2,1164.5,0.0,0.0,0.0,0.0,0.0,5
2023-05-09 21:15:33,ag2312C4700,ag2312C4700,1164.5,0.0,0.0,0.0,2,911.0,1425.5,2,1164.5,0.0,0.0,0.0,0.0,0.0,5
2023-05-09 21:15:35,ag2312C4700,ag2312C4700,1164.5,0.0,0.0,0.0,1,912.5,1425.5,2,1164.5,0.0,0.0,0.0,0.0,0.0,5
2023-05-09 21:15:35,ag2312C4700,ag2312C4700,1164.5,0.0,0.0,0.0,1,912.5,1425.5,2,1164.5,0.0,0.0,0.0,0.0,0.0,5
2023-05-09 21:15:36,ag2312C4700,ag2312C4700,1164.5,0.0,0.0,0.0,2,913.0,1425.5,2,1164.5,0.0,0.0,0.0,0.0,0.0,5
2023-05-09 21:15:36,ag2312C4700,ag2312C4700,1164.5,0.0,0.0,0.0,2,913.0,1425.5,2,1164.5,0.0,0.0,0.0,0.0,0.0,5
2023-05-09 21:15:38,ag2312C4700,ag2312C4700,1164.5,0.0,0.0,0.0,1,914.5,1425.5,2,1164.5,0.0,0.0,0.0,0.0,0.0,5
2023-05-09 21:15:39,ag2312C4700,ag2312C4700,1164.5,0.0,0.0,0.0,1,914.5,1424.0,1,1164.5,0.0,0.0,0.0,0.0,0.0,5
2023-05-09 21:15:39,ag2312C4700,ag2312C4700,1164.5,0.0,0.0,0.0,2,915.0,1424.0,1,1164.5,0.0,0.0,0.0,0.0,0.0,5
2023-05-09 21:15:40,ag2312C4700,ag2312C4700,1164.5,0.0,0.0,0.0,1,916.5,1423.5,2,1164.5,0.0,0.0,0.0,0.0,0.0,5
2023-05-09 21:15:40,ag2312C4700,ag2312C4700,1164.5,0.0,0.0,0.0,1,916.5,1423.5,2,1164.5,0.0,0.0,0.0,0.0,0.0,5
2023-05-09 21:15:41,ag2312C4700,ag2312C4700,1164.5,0.0,0.0,0.0,2,917.0,1422.0,1,1164.5,0.0,0.0,0.0,0.0,0.0,5
2023-05-09 21:15:41,ag2312C4700,ag2312C4700,1164.5,0.0,0.0,0.0,2,917.0,1422.0,1,1164.5,0.0,0.0,0.0,0.0,0.0,5
2023-05-09 21:15:42,ag2312C4700,ag2312C4700,1164.5,0.0,0.0,0.0,2,917.0,1421.5,2,1164.5,0.0,0.0,0.0,0.0,0.0,5
2023-05-09 21:15:42,ag2312C4700,ag2312C4700,1164.5,0.0,0.0,0.0,2,917.0,1421.5,2,1164.5,0.0,0.0,0.0,0.0,0.0,5
2023-05-09 21:15:43,ag2312C4700,ag2312C4700,1164.5,0.0,0.0,0.0,2,917.0,1420.0,1,1164.5,0.0,0.0,0.0,0.0,0.0,5
2023-05-09 21:15:43,ag2312C4700,ag2312C4700,1164.5,0.0,0.0,0.0,1,918.5,1420.0,1,1164.5,0.0,0.0,0.0,0.0,0.0,5
2023-05-09 21:15:44,ag2312C4700,ag2312C4700,1164.5,0.0,0.0,0.0,1,918.5,1419.5,2,1164.5,0.0,0.0,0.0,0.0,0.0,5
2023-05-09 21:15:44,ag2312C4700,ag2312C4700,1164.5,0.0,0.0,0.0,2,919.0,1419.5,2,1164.5,0.0,0.0,0.0,0.0,0.0,5
2023-05-09 21:15:45,ag2312C4700,ag2312C4700,1164.5,0.0,0.0,0.0,2,919.0,1419.5,2,1164.5,0.0,0.0,0.0,0.0,0.0,5
2023-05-09 21:15:45,ag2312C4700,ag2312C4700,1164.5,0.0,0.0,0.0,2,919.0,1418.0,1,1164.5,0.0,0.0,0.0,0.0,0.0,5
2023-05-09 21:15:46,ag2312C4700,ag2312C4700,1164.5,0.0,0.0,0.0,2,919.0,1418.0,1,1164.5,0.0,0.0,0.0,0.0,0.0,5
2023-05-09 21:15:46,ag2312C4700,ag2312C4700,1164.5,0.0,0.0,0.0,2,919.0,1417.5,2,1164.5,0.0,0.0,0.0,0.0,0.0,5
2023-05-09 21:15:47,ag2312C4700,ag2312C4700,1164.5,0.0,0.0,0.0,1,920.5,1417.5,2,1164.5,0.0,0.0,0.0,0.0,0.0,5
2023-05-09 21:15:47,ag2312C4700,ag2312C4700,1164.5,0.0,0.0,0.0,1,920.5,1416.0,1,1164.5,0.0,0.0,0.0,0.0,0.0,5
2023-05-09 21:15:48,ag2312C4700,ag2312C4700,1164.5,0.0,0.0,0.0,2,921.0,1416.0,1,1164.5,0.0,0.0,0.0,0.0,0.0,5
2023-05-09 21:15:48,ag2312C4700,ag2312C4700,1164.5,0.0,0.0,0.0,1,922.5,1415.5,2,1164.5,0.0,0.0,0.0,0.0,0.0,5
2023-05-09 21:15:49,ag2312C4700,ag2312C4700,1164.5,0.0,0.0,0.0,1,922.5,1415.5,2,1164.5,0.0,0.0,0.0,0.0,0.0,5
2023-05-09 21:15:49,ag2312C4700,ag2312C4700,1164.5,0.0,0.0,0.0,2,923.0,1414.0,1,1164.5,0.0,0.0,0.0,0.0,0.0,5
2023-05-09 21:15:50,ag2312C4700,ag2312C4700,1164.5,0.0,0.0,0.0,2,923.0,1414.0,1,1164.5,0.0,0.0,0.0,0.0,0.0,5
2023-05-09 21:15:50,ag2312C4700,ag2312C4700,1164.5,0.0,0.0,0.0,2,923.0,1413.5,2,1164.5,0.0,0.0,0.0,0.0,0.0,5
2023-05-09 21:15:51,ag2312C4700,ag2312C4700,1164.5,0.0,0.0,0.0,2,923.0,1413.5,2,1164.5,0.0,0.0,0.0,0.0,0.0,5
2023-05-09 21:15:51,ag2312C4700,ag2312C4700,1164.5,0.0,0.0,0.0,2,923.0,1412.0,1,1164.5,0.0,0.0,0.0,0.0,0.0,5
2023-05-09 21:15:52,ag2312C4700,ag2312C4700,1164.5,0.0,0.0,0.0,2,923.0,1412.0,1,1164.5,0.0,0.0,0.0,0.0,0.0,5
2023-05-09 21:15:52,ag2312C4700,ag2312C4700,1164.5,0.0,0.0,0.0,2,923.0,1411.5,2,1164.5,0.0,0.0,0.0,0.0,0.0,5
2023-05-09 21:15:53,ag2312C4700,ag2312C4700,1164.5,0.0,0.0,0.0,2,923.0,1411.5,2,1164.5,0.0,0.0,0.0,0.0,0.0,5
2023-05-09 21:15:59,ag2312C4700,ag2312C4700,1164.5,0.0,0.0,0.0,2,923.0,1410.0,1,1164.5,0.0,0.0,0.0,0.0,0.0,5
2023-05-09 21:15:59,ag2312C4700,ag2312C4700,1164.5,0.0,0.0,0.0,2,923.0,1410.0,1,1164.5,0.0,0.0,0.0,0.0,0.0,5
2023-05-09 21:16:00,ag2312C4700,ag2312C4700,1164.5,0.0,0.0,0.0,2,923.0,1409.5,2,1164.5,0.0,0.0,0.0,0.0,0.0,5
2023-05-09 21:16:00,ag2312C4700,ag2312C4700,1164.5,0.0,0.0,0.0,1,924.5,1408.0,1,1164.5,0.0,0.0,0.0,0.0,0.0,5
2023-05-09 21:16:01,ag2312C4700,ag2312C4700,1164.5,0.0,0.0,0.0,1,924.5,1408.0,1,1164.5,0.0,0.0,0.0,0.0,0.0,5
2023-05-09 21:16:01,ag2312C4700,ag2312C4700,1164.5,0.0,0.0,0.0,2,925.0,1407.5,2,1164.5,0.0,0.0,0.0,0.0,0.0,5
2023-05-09 21:16:02,ag2312C4700,ag2312C4700,1164.5,0.0,0.0,0.0,2,925.0,1407.5,2,1164.5,0.0,0.0,0.0,0.0,0.0,5
2023-05-09 21:16:28,ag2312C4700,ag2312C4700,1164.5,0.0,0.0,0.0,2,925.0,1406.0,1,1164.5,0.0,0.0,0.0,0.0,0.0,5
2023-05-09 21:16:28,ag2312C4700,ag2312C4700,1164.5,0.0,0.0,0.0,2,925.0,1406.0,1,1164.5,0.0,0.0,0.0,0.0,0.0,5
2023-05-09 21:16:29,ag2312C4700,ag2312C4700,1164.5,0.0,0.0,0.0,2,925.0,1405.5,2,1164.5,0.0,0.0,0.0,0.0,0.0,5
2023-05-09 21:16:29,ag2312C4700,ag2312C4700,1164.5,0.0,0.0,0.0,2,925.0,1404.0,1,1164.5,0.0,0.0,0.0,0.0,0.0,5
2023-05-09 21:16:30,ag2312C4700,ag2312C4700,1164.5,0.0,0.0,0.0,2,925.0,1404.0,1,1164.5,0.0,0.0,0.0,0.0,0.0,5
2023-05-09 21:16:30,ag2312C4700,ag2312C4700,1164.5,0.0,0.0,0.0,2,925.0,1403.5,2,1164.5,0.0,0.0,0.0,0.0,0.0,5
2023-05-09 21:16:31,ag2312C4700,ag2312C4700,1164.5,0.0,0.0,0.0,2,925.0,1403.5,2,1164.5,0.0,0.0,0.0,0.0,0.0,5
2023-05-09 21:16:31,ag2312C4700,ag2312C4700,1164.5,0.0,0.0,0.0,1,926.5,1403.5,2,1164.5,0.0,0.0,0.0,0.0,0.0,5
2023-05-09 21:16:32,ag2312C4700,ag2312C4700,1164.5,0.0,0.0,0.0,1,926.5,1403.5,2,1164.5,0.0,0.0,0.0,0.0,0.0,5
2023-05-09 21:16:32,ag2312C4700,ag2312C4700,1164.5,0.0,0.0,0.0,2,927.0,1403.5,2,1164.5,0.0,0.0,0.0,0.0,0.0,5
2023-05-09 21:16:33,ag2312C4700,ag2312C4700,1164.5,0.0,0.0,0.0,2,927.0,1403.5,2,1164.5,0.0,0.0,0.0,0.0,0.0,5
2023-05-09 21:16:56,ag2312C4700,ag2312C4700,1164.5,0.0,0.0,0.0,2,927.0,1402.0,1,1164.5,0.0,0.0,0.0,0.0,0.0,5
2023-05-09 21:16:57,ag2312C4700,ag2312C4700,1164.5,0.0,0.0,0.0,2,927.0,1402.0,1,1164.5,0.0,0.0,0.0,0.0,0.0,5
2023-05-09 21:16:57,ag2312C4700,ag2312C4700,1164.5,0.0,0.0,0.0,2,927.0,1401.5,2,1164.5,0.0,0.0,0.0,0.0,0.0,5
2023-05-09 21:16:58,ag2312C4700,ag2312C4700,1164.5,0.0,0.0,0.0,1,928.5,1401.5,2,1164.5,0.0,0.0,0.0,0.0,0.0,5
2023-05-09 21:16:58,ag2312C4700,ag2312C4700,1164.5,0.0,0.0,0.0,1,928.5,1401.5,2,1164.5,0.0,0.0,0.0,0.0,0.0,5
2023-05-09 21:16:59,ag2312C4700,ag2312C4700,1164.5,0.0,0.0,0.0,2,929.0,1401.5,2,1164.5,0.0,0.0,0.0,0.0,0.0,5
2023-05-09 21:16:59,ag2312C4700,ag2312C4700,1164.5,0.0,0.0,0.0,2,929.0,1401.5,2,1164.5,0.0,0.0,0.0,0.0,0.0,5
2023-05-09 21:17:00,ag2312C4700,ag2312C4700,1164.5,0.0,0.0,0.0,1,930.5,1400.0,1,1164.5,0.0,0.0,0.0,0.0,0.0,5
2023-05-09 21:17:00,ag2312C4700,ag2312C4700,1164.5,0.0,0.0,0.0,1,930.5,1400.0,1,1164.5,0.0,0.0,0.0,0.0,0.0,5
2023-05-09 21:17:01,ag2312C4700,ag2312C4700,1164.5,0.0,0.0,0.0,2,931.0,1399.5,2,1164.5,0.0,0.0,0.0,0.0,0.0,5
2023-05-09 21:17:01,ag2312C4700,ag2312C4700,1164.5,0.0,0.0,0.0,2,931.0,1399.5,2,1164.5,0.0,0.0,0.0,0.0,0.0,5
2023-05-09 21:17:03,ag2312C4700,ag2312C4700,1164.5,0.0,0.0,0.0,1,932.5,1398.0,1,1164.5,0.0,0.0,0.0,0.0,0.0,5
2023-05-09 21:17:04,ag2312C4700,ag2312C4700,1164.5,0.0,0.0,0.0,1,932.5,1398.0,1,1164.5,0.0,0.0,0.0,0.0,0.0,5
2023-05-09 21:17:04,ag2312C4700,ag2312C4700,1164.5,0.0,0.0,0.0,2,933.0,1397.5,2,1164.5,0.0,0.0,0.0,0.0,0.0,5
2023-05-09 21:17:05,ag2312C4700,ag2312C4700,1164.5,0.0,0.0,0.0,2,933.0,1397.5,2,1164.5,0.0,0.0,0.0,0.0,0.0,5
2023-05-09 21:17:12,ag2312C4700,ag2312C4700,1164.5,0.0,0.0,0.0,1,934.5,1397.5,2,1164.5,0.0,0.0,0.0,0.0,0.0,5
2023-05-09 21:17:12,ag2312C4700,ag2312C4700,1164.5,0.0,0.0,0.0,1,934.5,1397.5,2,1164.5,0.0,0.0,0.0,0.0,0.0,5
2023-05-09 21:17:13,ag2312C4700,ag2312C4700,1164.5,0.0,0.0,0.0,2,935.0,1397.5,2,1164.5,0.0,0.0,0.0,0.0,0.0,5
2023-05-09 21:17:13,ag2312C4700,ag2312C4700,1164.5,0.0,0.0,0.0,2,935.0,1396.0,1,1164.5,0.0,0.0,0.0,0.0,0.0,5
2023-05-09 21:17:14,ag2312C4700,ag2312C4700,1164.5,0.0,0.0,0.0,2,935.0,1396.0,1,1164.5,0.0,0.0,0.0,0.0,0.0,5
2023-05-09 21:17:14,ag2312C4700,ag2312C4700,1164.5,0.0,0.0,0.0,2,935.0,1395.5,2,1164.5,0.0,0.0,0.0,0.0,0.0,5
2023-05-09 21:17:15,ag2312C4700,ag2312C4700,1164.5,0.0,0.0,0.0,2,935.0,1395.5,2,1164.5,0.0,0.0,0.0,0.0,0.0,5
2023-05-09 21:17:15,ag2312C4700,ag2312C4700,1164.5,0.0,0.0,0.0,2,935.0,1394.0,1,1164.5,0.0,0.0,0.0,0.0,0.0,5
2023-05-09 21:17:16,ag2312C4700,ag2312C4700,1164.5,0.0,0.0,0.0,2,935.0,1394.0,1,1164.5,0.0,0.0,0.0,0.0,0.0,5
2023-05-09 21:17:16,ag2312C4700,ag2312C4700,1164.5,0.0,0.0,0.0,2,935.0,1393.5,2,1164.5,0.0,0.0,0.0,0.0,0.0,5
2023-05-09 21:17:17,ag2312C4700,ag2312C4700,1164.5,0.0,0.0,0.0,2,935.0,1393.5,2,1164.5,0.0,0.0,0.0,0.0,0.0,5
2023-05-09 21:17:20,ag2312C4700,ag2312C4700,1164.5,0.0,0.0,0.0,2,935.0,1392.0,1,1164.5,0.0,0.0,0.0,0.0,0.0,5
2023-05-09 21:17:20,ag2312C4700,ag2312C4700,1164.5,0.0,0.0,0.0,2,935.0,1392.0,1,1164.5,0.0,0.0,0.0,0.0,0.0,5
2023-05-09 21:17:21,ag2312C4700,ag2312C4700,1164.5,0.0,0.0,0.0,2,935.0,1391.5,2,1164.5,0.0,0.0,0.0,0.0,0.0,5
2023-05-09 21:17:21,ag2312C4700,ag2312C4700,1164.5,0.0,0.0,0.0,1,936.5,1390.0,1,1164.5,0.0,0.0,0.0,0.0,0.0,5
2023-05-09 21:17:22,ag2312C4700,ag2312C4700,1164.5,0.0,0.0,0.0,1,936.5,1390.0,1,1164.5,0.0,0.0,0.0,0.0,0.0,5
2023-05-09 21:17:22,ag2312C4700,ag2312C4700,1164.5,0.0,0.0,0.0,2,937.0,1389.5,2,1164.5,0.0,0.0,0.0,0.0,0.0,5
2023-05-09 21:17:23,ag2312C4700,ag2312C4700,1164.5,0.0,0.0,0.0,2,937.0,1389.5,2,1164.5,0.0,0.0,0.0,0.0,0.0,5
2023-05-09 21:17:24,ag2312C4700,ag2312C4700,1164.5,0.0,0.0,0.0,1,938.5,1388.0,1,1164.5,0.0,0.0,0.0,0.0,0.0,5
2023-05-09 21:17:24,ag2312C4700,ag2312C4700,1164.5,0.0,0.0,0.0,1,938.5,1388.0,1,1164.5,0.0,0.0,0.0,0.0,0.0,5
2023-05-09 21:17:25,ag2312C4700,ag2312C4700,1164.5,0.0,0.0,0.0,2,939.0,1387.5,2,1164.5,0.0,0.0,0.0,0.0,0.0,5
2023-05-09 21:17:26,ag2312C4700,ag2312C4700,1164.5,0.0,0.0,0.0,2,939.0,1387.5,2,1164.5,0.0,0.0,0.0,0.0,0.0,5
2023-05-09 21:17:28,ag2312C4700,ag2312C4700,1164.5,0.0,0.0,0.0,1,940.5,1386.0,1,1164.5,0.0,0.0,0.0,0.0,0.0,5
2023-05-09 21:17:28,ag2312C4700,ag2312C4700,1164.5,0.0,0.0,0.0,1,940.5,1386.0,1,1164.5,0.0,0.0,0.0,0.0,0.0,5
2023-05-09 21:17:29,ag2312C4700,ag2312C4700,1164.5,0.0,0.0,0.0,2,941.0,1385.5,2,1164.5,0.0,0.0,0.0,0.0,0.0,5
2023-05-09 21:17:29,ag2312C4700,ag2312C4700,1164.5,0.0,0.0,0.0,2,941.0,1385.5,2,1164.5,0.0,0.0,0.0,0.0,0.0,5
2023-05-09 21:17:30,ag2312C4700,ag2312C4700,1164.5,0.0,0.0,0.0,1,942.5,1385.5,2,1164.5,0.0,0.0,0.0,0.0,0.0,5
2023-05-09 21:17:30,ag2312C4700,ag2312C4700,1164.5,0.0,0.0,0.0,1,942.5,1385.5,2,1164.5,0.0,0.0,0.0,0.0,0.0,5
2023-05-09 21:17:31,ag2312C4700,ag2312C4700,1164.5,0.0,0.0,0.0,2,943.0,1385.5,2,1164.5,0.0,0.0,0.0,0.0,0.0,5
2023-05-09 21:17:31,ag2312C4700,ag2312C4700,1164.5,0.0,0.0,0.0,2,943.0,1385.5,2,1164.5,0.0,0.0,0.0,0.0,0.0,5
2023-05-09 21:17:32,ag2312C4700,ag2312C4700,1164.5,0.0,0.0,0.0,1,944.5,1385.5,2,1164.5,0.0,0.0,0.0,0.0,0.0,5
2023-05-09 21:17:32,ag2312C4700,ag2312C4700,1164.5,0.0,0.0,0.0,1,944.5,1385.5,2,1164.5,0.0,0.0,0.0,0.0,0.0,5
2023-05-09 21:17:33,ag2312C4700,ag2312C4700,1164.5,0.0,0.0,0.0,2,945.0,1384.0,1,1164.5,0.0,0.0,0.0,0.0,0.0,5
2023-05-09 21:17:33,ag2312C4700,ag2312C4700,1164.5,0.0,0.0,0.0,2,945.0,1384.0,1,1164.5,0.0,0.0,0.0,0.0,0.0,5
2023-05-09 21:17:34,ag2312C4700,ag2312C4700,1164.5,0.0,0.0,0.0,1,946.5,1383.5,2,1164.5,0.0,0.0,0.0,0.0,0.0,5
2023-05-09 21:17:34,ag2312C4700,ag2312C4700,1164.5,0.0,0.0,0.0,1,946.5,1383.5,2,1164.5,0.0,0.0,0.0,0.0,0.0,5
2023-05-09 21:17:35,ag2312C4700,ag2312C4700,1164.5,0.0,0.0,0.0,2,947.0,1383.5,2,1164.5,0.0,0.0,0.0,0.0,0.0,5
2023-05-09 21:17:35,ag2312C4700,ag2312C4700,1164.5,0.0,0.0,0.0,2,947.0,1383.5,2,1164.5,0.0,0.0,0.0,0.0,0.0,5
2023-05-09 21:17:46,ag2312C4700,ag2312C4700,1164.5,0.0,0.0,0.0,1,948.5,1382.0,1,1164.5,0.0,0.0,0.0,0.0,0.0,5
2023-05-09 21:17:47,ag2312C4700,ag2312C4700,1164.5,0.0,0.0,0.0,1,948.5,1382.0,1,1164.5,0.0,0.0,0.0,0.0,0.0,5
2023-05-09 21:17:47,ag2312C4700,ag2312C4700,1164.5,0.0,0.0,0.0,2,949.0,1381.5,2,1164.5,0.0,0.0,0.0,0.0,0.0,5
2023-05-09 21:17:48,ag2312C4700,ag2312C4700,1164.5,0.0,0.0,0.0,2,949.0,1380.0,1,1164.5,0.0,0.0,0.0,0.0,0.0,5
2023-05-09 21:17:48,ag2312C4700,ag2312C4700,1164.5,0.0,0.0,0.0,2,949.0,1380.0,1,1164.5,0.0,0.0,0.0,0.0,0.0,5
2023-05-09 21:17:49,ag2312C4700,ag2312C4700,1164.5,0.0,0.0,0.0,2,949.0,1379.5,2,1164.5,0.0,0.0,0.0,0.0,0.0,5
2023-05-09 21:17:49,ag2312C4700,ag2312C4700,1164.5,0.0,0.0,0.0,2,949.0,1379.5,2,1164.5,0.0,0.0,0.0,0.0,0.0,5
2023-05-09 21:18:10,ag2312C4700,ag2312C4700,1164.5,0.0,0.0,0.0,2,949.0,1378.0,1,1164.5,0.0,0.0,0.0,0.0,0.0,5
2023-05-09 21:18:11,ag2312C4700,ag2312C4700,1164.5,0.0,0.0,0.0,2,949.0,1378.0,1,1164.5,0.0,0.0,0.0,0.0,0.0,5
2023-05-09 21:18:11,ag2312C4700,ag2312C4700,1164.5,0.0,0.0,0.0,2,949.0,1377.5,2,1164.5,0.0,0.0,0.0,0.0,0.0,5
2023-05-09 21:18:12,ag2312C4700,ag2312C4700,1164.5,0.0,0.0,0.0,1,950.5,1376.0,1,1164.5,0.0,0.0,0.0,0.0,0.0,5
2023-05-09 21:18:12,ag2312C4700,ag2312C4700,1164.5,0.0,0.0,0.0,1,950.5,1376.0,1,1164.5,0.0,0.0,0.0,0.0,0.0,5
2023-05-09 21:18:13,ag2312C4700,ag2312C4700,1164.5,0.0,0.0,0.0,2,951.0,1375.5,2,1164.5,0.0,0.0,0.0,0.0,0.0,5
2023-05-09 21:18:13,ag2312C4700,ag2312C4700,1164.5,0.0,0.0,0.0,1,952.5,1375.5,2,1164.5,0.0,0.0,0.0,0.0,0.0,5
2023-05-09 21:18:14,ag2312C4700,ag2312C4700,1164.5,0.0,0.0,0.0,1,952.5,1374.0,1,1164.5,0.0,0.0,0.0,0.0,0.0,5
2023-05-09 21:18:14,ag2312C4700,ag2312C4700,1164.5,0.0,0.0,0.0,2,953.0,1374.0,1,1164.5,0.0,0.0,0.0,0.0,0.0,5
2023-05-09 21:18:15,ag2312C4700,ag2312C4700,1164.5,0.0,0.0,0.0,2,953.0,1373.5,2,1164.5,0.0,0.0,0.0,0.0,0.0,5
2023-05-09 21:18:16,ag2312C4700,ag2312C4700,1164.5,0.0,0.0,0.0,2,953.0,1373.5,2,1164.5,0.0,0.0,0.0,0.0,0.0,5
2023-05-09 21:18:24,ag2312C4700,ag2312C4700,1164.5,0.0,0.0,0.0,2,953.0,1372.0,1,1164.5,0.0,0.0,0.0,0.0,0.0,5
2023-05-09 21:18:24,ag2312C4700,ag2312C4700,1164.5,0.0,0.0,0.0,2,953.0,1372.0,1,1164.5,0.0,0.0,0.0,0.0,0.0,5
2023-05-09 21:18:25,ag2312C4700,ag2312C4700,1164.5,0.0,0.0,0.0,2,953.0,1371.5,2,1164.5,0.0,0.0,0.0,0.0,0.0,5
2023-05-09 21:18:26,ag2312C4700,ag2312C4700,1164.5,0.0,0.0,0.0,2,953.0,1371.5,2,1164.5,0.0,0.0,0.0,0.0,0.0,5
2023-05-09 21:18:26,ag2312C4700,ag2312C4700,1164.5,0.0,0.0,0.0,1,954.5,1370.0,1,1164.5,0.0,0.0,0.0,0.0,0.0,5
2023-05-09 21:18:27,ag2312C4700,ag2312C4700,1164.5,0.0,0.0,0.0,1,954.5,1370.0,1,1164.5,0.0,0.0,0.0,0.0,0.0,5
2023-05-09 21:18:27,ag2312C4700,ag2312C4700,1164.5,0.0,0.0,0.0,2,955.0,1369.5,2,1164.5,0.0,0.0,0.0,0.0,0.0,5
2023-05-09 21:18:28,ag2312C4700,ag2312C4700,1164.5,0.0,0.0,0.0,1,956.5,1369.5,2,1164.5,0.0,0.0,0.0,0.0,0.0,5
2023-05-09 21:18:29,ag2312C4700,ag2312C4700,1164.5,0.0,0.0,0.0,1,956.5,1368.0,1,1164.5,0.0,0.0,0.0,0.0,0.0,5
2023-05-09 21:18:29,ag2312C4700,ag2312C4700,1164.5,0.0,0.0,0.0,2,957.0,1368.0,1,1164.5,0.0,0.0,0.0,0.0,0.0,5
2023-05-09 21:18:30,ag2312C4700,ag2312C4700,1164.5,0.0,0.0,0.0,2,957.0,1367.5,2,1164.5,0.0,0.0,0.0,0.0,0.0,5
2023-05-09 21:18:30,ag2312C4700,ag2312C4700,1164.5,0.0,0.0,0.0,2,957.0,1366.0,1,1164.5,0.0,0.0,0.0,0.0,0.0,5
2023-05-09 21:18:31,ag2312C4700,ag2312C4700,1164.5,0.0,0.0,0.0,2,957.0,1366.0,1,1164.5,0.0,0.0,0.0,0.0,0.0,5
2023-05-09 21:18:31,ag2312C4700,ag2312C4700,1164.5,0.0,0.0,0.0,2,957.0,1365.5,2,1164.5,0.0,0.0,0.0,0.0,0.0,5
2023-05-09 21:18:32,ag2312C4700,ag2312C4700,1164.5,0.0,0.0,0.0,2,957.0,1365.5,2,1164.5,0.0,0.0,0.0,0.0,0.0,5
2023-05-09 21:18:32,ag2312C4700,ag2312C4700,1164.5,0.0,0.0,0.0,1,958.5,1365.5,2,1164.5,0.0,0.0,0.0,0.0,0.0,5
2023-05-09 21:18:33,ag2312C4700,ag2312C4700,1164.5,0.0,0.0,0.0,1,958.5,1365.5,2,1164.5,0.0,0.0,0.0,0.0,0.0,5
2023-05-09 21:18:33,ag2312C4700,ag2312C4700,1164.5,0.0,0.0,0.0,2,959.0,1365.5,2,1164.5,0.0,0.0,0.0,0.0,0.0,5
2023-05-09 21:18:34,ag2312C4700,ag2312C4700,1164.5,0.0,0.0,0.0,2,959.0,1365.5,2,1164.5,0.0,0.0,0.0,0.0,0.0,5
2023-05-09 21:18:46,ag2312C4700,ag2312C4700,1164.5,0.0,0.0,0.0,2,959.0,1364.0,1,1164.5,0.0,0.0,0.0,0.0,0.0,5
2023-05-09 21:18:47,ag2312C4700,ag2312C4700,1164.5,0.0,0.0,0.0,2,959.0,1364.0,1,1164.5,0.0,0.0,0.0,0.0,0.0,5
2023-05-09 21:18:47,ag2312C4700,ag2312C4700,1164.5,0.0,0.0,0.0,2,959.0,1363.5,2,1164.5,0.0,0.0,0.0,0.0,0.0,5
2023-05-09 21:18:48,ag2312C4700,ag2312C4700,1164.5,0.0,0.0,0.0,2,959.0,1363.5,2,1164.5,0.0,0.0,0.0,0.0,0.0,5
2023-05-09 21:18:54,ag2312C4700,ag2312C4700,1164.5,0.0,0.0,0.0,2,959.0,1362.0,1,1164.5,0.0,0.0,0.0,0.0,0.0,5
2023-05-09 21:18:54,ag2312C4700,ag2312C4700,1164.5,0.0,0.0,0.0,1,960.5,1362.0,1,1164.5,0.0,0.0,0.0,0.0,0.0,5
2023-05-09 21:18:55,ag2312C4700,ag2312C4700,1164.5,0.0,0.0,0.0,1,960.5,1361.5,2,1164.5,0.0,0.0,0.0,0.0,0.0,5
2023-05-09 21:18:55,ag2312C4700,ag2312C4700,1164.5,0.0,0.0,0.0,2,961.0,1361.5,2,1164.5,0.0,0.0,0.0,0.0,0.0,5
2023-05-09 21:18:56,ag2312C4700,ag2312C4700,1164.5,0.0,0.0,0.0,2,961.0,1361.5,2,1164.5,0.0,0.0,0.0,0.0,0.0,5
2023-05-09 21:18:56,ag2312C4700,ag2312C4700,1164.5,0.0,0.0,0.0,1,962.5,1361.5,2,1164.5,0.0,0.0,0.0,0.0,0.0,5
2023-05-09 21:18:57,ag2312C4700,ag2312C4700,1164.5,0.0,0.0,0.0,1,962.5,1360.0,1,1164.5,0.0,0.0,0.0,0.0,0.0,5
2023-05-09 21:18:57,ag2312C4700,ag2312C4700,1164.5,0.0,0.0,0.0,2,963.0,1360.0,1,1164.5,0.0,0.0,0.0,0.0,0.0,5
2023-05-09 21:18:58,ag2312C4700,ag2312C4700,1164.5,0.0,0.0,0.0,2,963.0,1359.5,2,1164.5,0.0,0.0,0.0,0.0,0.0,5
2023-05-09 21:18:58,ag2312C4700,ag2312C4700,1164.5,0.0,0.0,0.0,1,964.5,1359.5,2,1164.5,0.0,0.0,0.0,0.0,0.0,5
2023-05-09 21:18:59,ag2312C4700,ag2312C4700,1164.5,0.0,0.0,0.0,1,964.5,1359.5,2,1164.5,0.0,0.0,0.0,0.0,0.0,5
2023-05-09 21:18:59,ag2312C4700,ag2312C4700,1164.5,0.0,0.0,0.0,2,965.0,1359.5,2,1164.5,0.0,0.0,0.0,0.0,0.0,5
2023-05-09 21:19:00,ag2312C4700,ag2312C4700,1164.5,0.0,0.0,0.0,2,965.0,1359.5,2,1164.5,0.0,0.0,0.0,0.0,0.0,5
2023-05-09 21:19:07,ag2312C4700,ag2312C4700,1164.5,0.0,0.0,0.0,1,966.5,1359.5,2,1164.5,0.0,0.0,0.0,0.0,0.0,5
2023-05-09 21:19:07,ag2312C4700,ag2312C4700,1164.5,0.0,0.0,0.0,1,966.5,1358.0,1,1164.5,0.0,0.0,0.0,0.0,0.0,5
2023-05-09 21:19:08,ag2312C4700,ag2312C4700,1164.5,0.0,0.0,0.0,2,967.0,1357.5,2,1164.5,0.0,0.0,0.0,0.0,0.0,5
2023-05-09 21:19:08,ag2312C4700,ag2312C4700,1164.5,0.0,0.0,0.0,2,967.0,1357.5,2,1164.5,0.0,0.0,0.0,0.0,0.0,5
2023-05-09 21:19:10,ag2312C4700,ag2312C4700,1164.5,0.0,0.0,0.0,1,968.5,1356.0,1,1164.5,0.0,0.0,0.0,0.0,0.0,5
2023-05-09 21:19:11,ag2312C4700,ag2312C4700,1164.5,0.0,0.0,0.0,1,968.5,1356.0,1,1164.5,0.0,0.0,0.0,0.0,0.0,5
2023-05-09 21:19:11,ag2312C4700,ag2312C4700,1164.5,0.0,0.0,0.0,2,969.0,1355.5,2,1164.5,0.0,0.0,0.0,0.0,0.0,5
2023-05-09 21:19:12,ag2312C4700,ag2312C4700,1164.5,0.0,0.0,0.0,1,970.5,1354.0,1,1164.5,0.0,0.0,0.0,0.0,0.0,5
2023-05-09 21:19:12,ag2312C4700,ag2312C4700,1164.5,0.0,0.0,0.0,1,970.5,1354.0,1,1164.5,0.0,0.0,0.0,0.0,0.0,5
2023-05-09 21:19:13,ag2312C4700,ag2312C4700,1164.5,0.0,0.0,0.0,2,971.0,1353.5,2,1164.5,0.0,0.0,0.0,0.0,0.0,5
2023-05-09 21:19:13,ag2312C4700,ag2312C4700,1164.5,0.0,0.0,0.0,2,971.0,1353.5,2,1164.5,0.0,0.0,0.0,0.0,0.0,5
2023-05-09 21:19:14,ag2312C4700,ag2312C4700,1164.5,0.0,0.0,0.0,1,972.5,1353.5,2,1164.5,0.0,0.0,0.0,0.0,0.0,5
2023-05-09 21:19:14,ag2312C4700,ag2312C4700,1164.5,0.0,0.0,0.0,1,972.5,1353.5,2,1164.5,0.0,0.0,0.0,0.0,0.0,5
2023-05-09 21:19:15,ag2312C4700,ag2312C4700,1164.5,0.0,0.0,0.0,2,973.0,1352.0,1,1164.5,0.0,0.0,0.0,0.0,0.0,5
2023-05-09 21:19:15,ag2312C4700,ag2312C4700,1164.5,0.0,0.0,0.0,1,974.5,1352.0,1,1164.5,0.0,0.0,0.0,0.0,0.0,5
2023-05-09 21:19:16,ag2312C4700,ag2312C4700,1164.5,0.0,0.0,0.0,1,974.5,1351.5,2,1164.5,0.0,0.0,0.0,0.0,0.0,5
2023-05-09 21:19:16,ag2312C4700,ag2312C4700,1164.5,0.0,0.0,0.0,2,975.0,1351.5,2,1164.5,0.0,0.0,0.0,0.0,0.0,5
2023-05-09 21:19:17,ag2312C4700,ag2312C4700,1164.5,0.0,0.0,0.0,2,975.0,1351.5,2,1164.5,0.0,0.0,0.0,0.0,0.0,5
2023-05-09 21:19:23,ag2312C4700,ag2312C4700,1164.5,0.0,0.0,0.0,1,976.5,1350.0,1,1164.5,0.0,0.0,0.0,0.0,0.0,5
2023-05-09 21:19:23,ag2312C4700,ag2312C4700,1164.5,0.0,0.0,0.0,1,976.5,1350.0,1,1164.5,0.0,0.0,0.0,0.0,0.0,5
2023-05-09 21:19:24,ag2312C4700,ag2312C4700,1164.5,0.0,0.0,0.0,2,977.0,1349.5,2,1164.5,0.0,0.0,0.0,0.0,0.0,5
2023-05-09 21:19:24,ag2312C4700,ag2312C4700,1164.5,0.0,0.0,0.0,2,977.0,1348.0,1,1164.5,0.0,0.0,0.0,0.0,0.0,5
2023-05-09 21:19:25,ag2312C4700,ag2312C4700,1164.5,0.0,0.0,0.0,2,977.0,1348.0,1,1164.5,0.0,0.0,0.0,0.0,0.0,5
2023-05-09 21:19:25,ag2312C4700,ag2312C4700,1164.5,0.0,0.0,0.0,2,977.0,1347.5,2,1164.5,0.0,0.0,0.0,0.0,0.0,5
2023-05-09 21:19:26,ag2312C4700,ag2312C4700,1164.5,0.0,0.0,0.0,2,977.0,1347.5,2,1164.5,0.0,0.0,0.0,0.0,0.0,5
2023-05-09 21:19:31,ag2312C4700,ag2312C4700,1164.5,0.0,0.0,0.0,2,977.0,1346.0,1,1164.5,0.0,0.0,0.0,0.0,0.0,5
2023-05-09 21:19:32,ag2312C4700,ag2312C4700,1164.5,0.0,0.0,0.0,2,977.0,1346.0,1,1164.5,0.0,0.0,0.0,0.0,0.0,5
2023-05-09 21:19:32,ag2312C4700,ag2312C4700,1164.5,0.0,0.0,0.0,2,977.0,1345.5,2,1164.5,0.0,0.0,0.0,0.0,0.0,5
2023-05-09 21:19:33,ag2312C4700,ag2312C4700,1164.5,0.0,0.0,0.0,2,977.0,1344.0,1,1164.5,0.0,0.0,0.0,0.0,0.0,5
2023-05-09 21:19:33,ag2312C4700,ag2312C4700,1164.5,0.0,0.0,0.0,2,977.0,1344.0,1,1164.5,0.0,0.0,0.0,0.0,0.0,5
2023-05-09 21:19:34,ag2312C4700,ag2312C4700,1164.5,0.0,0.0,0.0,2,977.0,1343.5,2,1164.5,0.0,0.0,0.0,0.0,0.0,5
2023-05-09 21:19:34,ag2312C4700,ag2312C4700,1164.5,0.0,0.0,0.0,2,977.0,1343.5,2,1164.5,0.0,0.0,0.0,0.0,0.0,5
2023-05-09 21:19:35,ag2312C4700,ag2312C4700,1164.5,0.0,0.0,0.0,2,977.0,1342.0,1,1164.5,0.0,0.0,0.0,0.0,0.0,5
2023-05-09 21:19:35,ag2312C4700,ag2312C4700,1164.5,0.0,0.0,0.0,2,977.0,1342.0,1,1164.5,0.0,0.0,0.0,0.0,0.0,5
2023-05-09 21:19:36,ag2312C4700,ag2312C4700,1164.5,0.0,0.0,0.0,2,977.0,1341.5,2,1164.5,0.0,0.0,0.0,0.0,0.0,5
2023-05-09 21:19:36,ag2312C4700,ag2312C4700,1164.5,0.0,0.0,0.0,2,977.0,1341.5,2,1164.5,0.0,0.0,0.0,0.0,0.0,5
2023-05-09 21:23:32,ag2312C4700,ag2312C4700,1164.5,0.0,0.0,0.0,1,978.5,1341.5,2,1164.5,0.0,0.0,0.0,0.0,0.0,5
2023-05-09 21:23:33,ag2312C4700,ag2312C4700,1164.5,0.0,0.0,0.0,1,978.5,1341.5,2,1164.5,0.0,0.0,0.0,0.0,0.0,5
2023-05-09 21:23:33,ag2312C4700,ag2312C4700,1164.5,0.0,0.0,0.0,2,979.0,1341.5,2,1164.5,0.0,0.0,0.0,0.0,0.0,5
2023-05-09 21:23:34,ag2312C4700,ag2312C4700,1164.5,0.0,0.0,0.0,1,980.5,1341.5,2,1164.5,0.0,0.0,0.0,0.0,0.0,5
2023-05-09 21:23:34,ag2312C4700,ag2312C4700,1164.5,0.0,0.0,0.0,1,980.5,1341.5,2,1164.5,0.0,0.0,0.0,0.0,0.0,5
2023-05-09 21:23:35,ag2312C4700,ag2312C4700,1164.5,0.0,0.0,0.0,2,981.0,1341.5,2,1164.5,0.0,0.0,0.0,0.0,0.0,5
2023-05-09 21:23:35,ag2312C4700,ag2312C4700,1164.5,0.0,0.0,0.0,1,982.5,1341.5,2,1164.5,0.0,0.0,0.0,0.0,0.0,5
2023-05-09 21:23:36,ag2312C4700,ag2312C4700,1164.5,0.0,0.0,0.0,1,982.5,1341.5,2,1164.5,0.0,0.0,0.0,0.0,0.0,5
2023-05-09 21:23:36,ag2312C4700,ag2312C4700,1164.5,0.0,0.0,0.0,2,983.0,1341.5,2,1164.5,0.0,0.0,0.0,0.0,0.0,5
2023-05-09 21:23:37,ag2312C4700,ag2312C4700,1164.5,0.0,0.0,0.0,1,984.5,1341.5,2,1164.5,0.0,0.0,0.0,0.0,0.0,5
2023-05-09 21:23:37,ag2312C4700,ag2312C4700,1164.5,0.0,0.0,0.0,1,984.5,1341.5,2,1164.5,0.0,0.0,0.0,0.0,0.0,5
2023-05-09 21:23:38,ag2312C4700,ag2312C4700,1164.5,0.0,0.0,0.0,2,985.0,1341.5,2,1164.5,0.0,0.0,0.0,0.0,0.0,5
2023-05-09 21:23:38,ag2312C4700,ag2312C4700,1164.5,0.0,0.0,0.0,2,985.0,1341.5,2,1164.5,0.0,0.0,0.0,0.0,0.0,5
2023-05-09 21:43:32,ag2312C4700,ag2312C4700,1164.5,0.0,0.0,0.0,1,986.5,1341.5,2,1164.5,0.0,0.0,0.0,0.0,0.0,5
2023-05-09 21:43:33,ag2312C4700,ag2312C4700,1164.5,0.0,0.0,0.0,1,986.5,1341.5,2,1164.5,0.0,0.0,0.0,0.0,0.0,5
2023-05-09 21:43:33,ag2312C4700,ag2312C4700,1164.5,0.0,0.0,0.0,2,987.0,1341.5,2,1164.5,0.0,0.0,0.0,0.0,0.0,5
2023-05-09 21:43:34,ag2312C4700,ag2312C4700,1164.5,0.0,0.0,0.0,1,988.5,1341.5,2,1164.5,0.0,0.0,0.0,0.0,0.0,5
2023-05-09 21:43:34,ag2312C4700,ag2312C4700,1164.5,0.0,0.0,0.0,1,988.5,1341.5,2,1164.5,0.0,0.0,0.0,0.0,0.0,5
2023-05-09 21:43:35,ag2312C4700,ag2312C4700,1164.5,0.0,0.0,0.0,2,989.0,1341.5,2,1164.5,0.0,0.0,0.0,0.0,0.0,5
2023-05-09 21:43:35,ag2312C4700,ag2312C4700,1164.5,0.0,0.0,0.0,1,990.5,1341.5,2,1164.5,0.0,0.0,0.0,0.0,0.0,5
2023-05-09 21:43:36,ag2312C4700,ag2312C4700,1164.5,0.0,0.0,0.0,1,990.5,1341.5,2,1164.5,0.0,0.0,0.0,0.0,0.0,5
2023-05-09 21:43:36,ag2312C4700,ag2312C4700,1164.5,0.0,0.0,0.0,2,991.0,1341.5,2,1164.5,0.0,0.0,0.0,0.0,0.0,5
2023-05-09 21:43:37,ag2312C4700,ag2312C4700,1164.5,0.0,0.0,0.0,1,992.5,1341.5,2,1164.5,0.0,0.0,0.0,0.0,0.0,5
2023-05-09 21:43:37,ag2312C4700,ag2312C4700,1164.5,0.0,0.0,0.0,1,992.5,1341.5,2,1164.5,0.0,0.0,0.0,0.0,0.0,5
2023-05-09 21:43:38,ag2312C4700,ag2312C4700,1164.5,0.0,0.0,0.0,2,993.0,1341.5,2,1164.5,0.0,0.0,0.0,0.0,0.0,5
2023-05-09 21:43:38,ag2312C4700,ag2312C4700,1164.5,0.0,0.0,0.0,1,994.5,1341.5,2,1164.5,0.0,0.0,0.0,0.0,0.0,5
2023-05-09 21:43:39,ag2312C4700,ag2312C4700,1164.5,0.0,0.0,0.0,1,994.5,1341.5,2,1164.5,0.0,0.0,0.0,0.0,0.0,5
2023-05-09 21:43:39,ag2312C4700,ag2312C4700,1164.5,0.0,0.0,0.0,2,995.0,1341.5,2,1164.5,0.0,0.0,0.0,0.0,0.0,5
2023-05-09 21:43:40,ag2312C4700,ag2312C4700,1164.5,0.0,0.0,0.0,2,995.0,1341.5,2,1164.5,0.0,0.0,0.0,0.0,0.0,5
2023-05-09 21:53:32,ag2312C4700,ag2312C4700,1164.5,0.0,0.0,0.0,1,996.5,1341.5,2,1164.5,0.0,0.0,0.0,0.0,0.0,5
2023-05-09 21:53:33,ag2312C4700,ag2312C4700,1164.5,0.0,0.0,0.0,1,996.5,1341.5,2,1164.5,0.0,0.0,0.0,0.0,0.0,5
2023-05-09 21:53:33,ag2312C4700,ag2312C4700,1164.5,0.0,0.0,0.0,2,997.0,1341.5,2,1164.5,0.0,0.0,0.0,0.0,0.0,5
2023-05-09 21:53:34,ag2312C4700,ag2312C4700,1164.5,0.0,0.0,0.0,1,998.5,1341.5,2,1164.5,0.0,0.0,0.0,0.0,0.0,5
2023-05-09 21:53:34,ag2312C4700,ag2312C4700,1164.5,0.0,0.0,0.0,1,998.5,1341.5,2,1164.5,0.0,0.0,0.0,0.0,0.0,5
2023-05-09 21:53:35,ag2312C4700,ag2312C4700,1164.5,0.0,0.0,0.0,2,999.0,1341.5,2,1164.5,0.0,0.0,0.0,0.0,0.0,5
2023-05-09 21:53:35,ag2312C4700,ag2312C4700,1164.5,0.0,0.0,0.0,1,1000.5,1341.5,2,1164.5,0.0,0.0,0.0,0.0,0.0,5
2023-05-09 21:53:36,ag2312C4700,ag2312C4700,1164.5,0.0,0.0,0.0,1,1000.5,1341.5,2,1164.5,0.0,0.0,0.0,0.0,0.0,5
2023-05-09 21:53:36,ag2312C4700,ag2312C4700,1164.5,0.0,0.0,0.0,2,1001.0,1341.5,2,1164.5,0.0,0.0,0.0,0.0,0.0,5
2023-05-09 21:53:37,ag2312C4700,ag2312C4700,1164.5,0.0,0.0,0.0,2,1001.0,1341.5,2,1164.5,0.0,0.0,0.0,0.0,0.0,5
2023-05-09 22:03:32,ag2312C4700,ag2312C4700,1164.5,0.0,0.0,0.0,1,1002.5,1341.5,2,1164.5,0.0,0.0,0.0,0.0,0.0,5
2023-05-09 22:03:33,ag2312C4700,ag2312C4700,1164.5,0.0,0.0,0.0,1,1002.5,1341.5,2,1164.5,0.0,0.0,0.0,0.0,0.0,5
2023-05-09 22:03:33,ag2312C4700,ag2312C4700,1164.5,0.0,0.0,0.0,2,1003.0,1341.5,2,1164.5,0.0,0.0,0.0,0.0,0.0,5
2023-05-09 22:03:34,ag2312C4700,ag2312C4700,1164.5,0.0,0.0,0.0,1,1004.5,1341.5,2,1164.5,0.0,0.0,0.0,0.0,0.0,5
2023-05-09 22:03:34,ag2312C4700,ag2312C4700,1164.5,0.0,0.0,0.0,1,1004.5,1341.5,2,1164.5,0.0,0.0,0.0,0.0,0.0,5
2023-05-09 22:03:35,ag2312C4700,ag2312C4700,1164.5,0.0,0.0,0.0,2,1005.0,1341.5,2,1164.5,0.0,0.0,0.0,0.0,0.0,5
2023-05-09 22:03:35,ag2312C4700,ag2312C4700,1164.5,0.0,0.0,0.0,2,1005.0,1341.5,2,1164.5,0.0,0.0,0.0,0.0,0.0,5
2023-05-09 22:57:03,ag2312C4700,ag2312C4700,1164.5,0.0,0.0,0.0,0,0.0,0.0,0,1164.5,0.0,0.0,0.0,0.0,0.0,5
2023-05-09 22:57:05,ag2312C4700,ag2312C4700,1164.5,0.0,0.0,0.0,1,642.5,1686.0,1,1164.5,0.0,0.0,0.0,0.0,0.0,5
2023-05-09 23:00:33,ag2312C4700,ag2312C4700,1164.5,0.0,0.0,0.0,2,643.0,1685.5,2,1164.5,0.0,0.0,0.0,0.0,0.0,5
2023-05-09 23:00:34,ag2312C4700,ag2312C4700,1164.5,0.0,0.0,0.0,1,644.5,1684.0,1,1164.5,0.0,0.0,0.0,0.0,0.0,5
2023-05-09 23:00:35,ag2312C4700,ag2312C4700,1164.5,0.0,0.0,0.0,1,644.5,1684.0,1,1164.5,0.0,0.0,0.0,0.0,0.0,5
2023-05-09 23:00:35,ag2312C4700,ag2312C4700,1164.5,0.0,0.0,0.0,2,645.0,1683.5,2,1164.5,0.0,0.0,0.0,0.0,0.0,5
2023-05-09 23:00:36,ag2312C4700,ag2312C4700,1164.5,0.0,0.0,0.0,1,646.5,1682.0,1,1164.5,0.0,0.0,0.0,0.0,0.0,5
2023-05-09 23:00:37,ag2312C4700,ag2312C4700,1164.5,0.0,0.0,0.0,1,646.5,1682.0,1,1164.5,0.0,0.0,0.0,0.0,0.0,5
2023-05-09 23:00:37,ag2312C4700,ag2312C4700,1164.5,0.0,0.0,0.0,2,647.0,1681.5,2,1164.5,0.0,0.0,0.0,0.0,0.0,5
2023-05-09 23:00:38,ag2312C4700,ag2312C4700,1164.5,0.0,0.0,0.0,1,648.5,1680.0,1,1164.5,0.0,0.0,0.0,0.0,0.0,5
2023-05-09 23:00:39,ag2312C4700,ag2312C4700,1164.5,0.0,0.0,0.0,1,648.5,1680.0,1,1164.5,0.0,0.0,0.0,0.0,0.0,5
2023-05-09 23:00:39,ag2312C4700,ag2312C4700,1164.5,0.0,0.0,0.0,2,649.0,1679.5,2,1164.5,0.0,0.0,0.0,0.0,0.0,5
2023-05-09 23:00:41,ag2312C4700,ag2312C4700,1164.5,0.0,0.0,0.0,2,649.0,1679.5,2,1164.5,0.0,0.0,0.0,0.0,0.0,5
2023-05-09 23:00:43,ag2312C4700,ag2312C4700,1164.5,0.0,0.0,0.0,2,649.0,1678.0,1,1164.5,0.0,0.0,0.0,0.0,0.0,5
2023-05-09 23:00:44,ag2312C4700,ag2312C4700,1164.5,0.0,0.0,0.0,2,649.0,1678.0,1,1164.5,0.0,0.0,0.0,0.0,0.0,5
2023-05-09 23:00:44,ag2312C4700,ag2312C4700,1164.5,0.0,0.0,0.0,2,649.0,1677.5,2,1164.5,0.0,0.0,0.0,0.0,0.0,5
2023-05-09 23:00:46,ag2312C4700,ag2312C4700,1164.5,0.0,0.0,0.0,2,649.0,1676.0,1,1164.5,0.0,0.0,0.0,0.0,0.0,5
2023-05-09 23:00:46,ag2312C4700,ag2312C4700,1164.5,0.0,0.0,0.0,2,649.0,1676.0,1,1164.5,0.0,0.0,0.0,0.0,0.0,5
2023-05-09 23:00:47,ag2312C4700,ag2312C4700,1164.5,0.0,0.0,0.0,2,649.0,1675.5,2,1164.5,0.0,0.0,0.0,0.0,0.0,5
2023-05-09 23:00:47,ag2312C4700,ag2312C4700,1164.5,0.0,0.0,0.0,1,650.5,1675.5,2,1164.5,0.0,0.0,0.0,0.0,0.0,5
2023-05-09 23:00:48,ag2312C4700,ag2312C4700,1164.5,0.0,0.0,0.0,1,650.5,1674.0,1,1164.5,0.0,0.0,0.0,0.0,0.0,5
2023-05-09 23:00:48,ag2312C4700,ag2312C4700,1164.5,0.0,0.0,0.0,2,651.0,1674.0,1,1164.5,0.0,0.0,0.0,0.0,0.0,5
2023-05-09 23:00:49,ag2312C4700,ag2312C4700,1164.5,0.0,0.0,0.0,2,651.0,1673.5,2,1164.5,0.0,0.0,0.0,0.0,0.0,5
2023-05-09 23:00:49,ag2312C4700,ag2312C4700,1164.5,0.0,0.0,0.0,1,652.5,1673.5,2,1164.5,0.0,0.0,0.0,0.0,0.0,5
2023-05-09 23:00:50,ag2312C4700,ag2312C4700,1164.5,0.0,0.0,0.0,1,652.5,1673.5,2,1164.5,0.0,0.0,0.0,0.0,0.0,5
2023-05-09 23:00:50,ag2312C4700,ag2312C4700,1164.5,0.0,0.0,0.0,2,653.0,1673.5,2,1164.5,0.0,0.0,0.0,0.0,0.0,5
2023-05-09 23:00:51,ag2312C4700,ag2312C4700,1164.5,0.0,0.0,0.0,2,653.0,1672.0,1,1164.5,0.0,0.0,0.0,0.0,0.0,5
2023-05-09 23:00:51,ag2312C4700,ag2312C4700,1164.5,0.0,0.0,0.0,2,653.0,1672.0,1,1164.5,0.0,0.0,0.0,0.0,0.0,5
2023-05-09 23:00:52,ag2312C4700,ag2312C4700,1164.5,0.0,0.0,0.0,1,654.5,1671.5,2,1164.5,0.0,0.0,0.0,0.0,0.0,5
2023-05-09 23:00:52,ag2312C4700,ag2312C4700,1164.5,0.0,0.0,0.0,1,654.5,1671.5,2,1164.5,0.0,0.0,0.0,0.0,0.0,5
2023-05-09 23:00:53,ag2312C4700,ag2312C4700,1164.5,0.0,0.0,0.0,2,655.0,1671.5,2,1164.5,0.0,0.0,0.0,0.0,0.0,5
2023-05-09 23:00:53,ag2312C4700,ag2312C4700,1164.5,0.0,0.0,0.0,2,655.0,1670.0,1,1164.5,0.0,0.0,0.0,0.0,0.0,5
2023-05-09 23:00:54,ag2312C4700,ag2312C4700,1164.5,0.0,0.0,0.0,2,655.0,1670.0,1,1164.5,0.0,0.0,0.0,0.0,0.0,5
2023-05-09 23:00:54,ag2312C4700,ag2312C4700,1164.5,0.0,0.0,0.0,1,656.5,1669.5,2,1164.5,0.0,0.0,0.0,0.0,0.0,5
2023-05-09 23:00:55,ag2312C4700,ag2312C4700,1164.5,0.0,0.0,0.0,1,656.5,1669.5,2,1164.5,0.0,0.0,0.0,0.0,0.0,5
2023-05-09 23:00:55,ag2312C4700,ag2312C4700,1164.5,0.0,0.0,0.0,2,657.0,1668.0,1,1164.5,0.0,0.0,0.0,0.0,0.0,5
2023-05-09 23:00:56,ag2312C4700,ag2312C4700,1164.5,0.0,0.0,0.0,2,657.0,1668.0,1,1164.5,0.0,0.0,0.0,0.0,0.0,5
2023-05-09 23:00:56,ag2312C4700,ag2312C4700,1164.5,0.0,0.0,0.0,2,657.0,1667.5,2,1164.5,0.0,0.0,0.0,0.0,0.0,5
2023-05-09 23:00:57,ag2312C4700,ag2312C4700,1164.5,0.0,0.0,0.0,1,658.5,1667.5,2,1164.5,0.0,0.0,0.0,0.0,0.0,5
2023-05-09 23:00:57,ag2312C4700,ag2312C4700,1164.5,0.0,0.0,0.0,1,658.5,1667.5,2,1164.5,0.0,0.0,0.0,0.0,0.0,5
2023-05-09 23:00:58,ag2312C4700,ag2312C4700,1164.5,0.0,0.0,0.0,2,659.0,1667.5,2,1164.5,0.0,0.0,0.0,0.0,0.0,5
2023-05-09 23:00:59,ag2312C4700,ag2312C4700,1164.5,0.0,0.0,0.0,2,659.0,1667.5,2,1164.5,0.0,0.0,0.0,0.0,0.0,5
2023-05-09 23:01:07,ag2312C4700,ag2312C4700,1164.5,0.0,0.0,0.0,2,659.0,1666.0,1,1164.5,0.0,0.0,0.0,0.0,0.0,5
2023-05-09 23:01:08,ag2312C4700,ag2312C4700,1164.5,0.0,0.0,0.0,2,659.0,1666.0,1,1164.5,0.0,0.0,0.0,0.0,0.0,5
2023-05-09 23:01:08,ag2312C4700,ag2312C4700,1164.5,0.0,0.0,0.0,1,660.5,1665.5,2,1164.5,0.0,0.0,0.0,0.0,0.0,5
2023-05-09 23:01:09,ag2312C4700,ag2312C4700,1164.5,0.0,0.0,0.0,1,660.5,1665.5,2,1164.5,0.0,0.0,0.0,0.0,0.0,5
2023-05-09 23:01:09,ag2312C4700,ag2312C4700,1164.5,0.0,0.0,0.0,2,661.0,1665.5,2,1164.5,0.0,0.0,0.0,0.0,0.0,5
2023-05-09 23:01:10,ag2312C4700,ag2312C4700,1164.5,0.0,0.0,0.0,2,661.0,1664.0,1,1164.5,0.0,0.0,0.0,0.0,0.0,5
2023-05-09 23:01:10,ag2312C4700,ag2312C4700,1164.5,0.0,0.0,0.0,2,661.0,1664.0,1,1164.5,0.0,0.0,0.0,0.0,0.0,5
2023-05-09 23:01:11,ag2312C4700,ag2312C4700,1164.5,0.0,0.0,0.0,1,662.5,1663.5,2,1164.5,0.0,0.0,0.0,0.0,0.0,5
2023-05-09 23:01:11,ag2312C4700,ag2312C4700,1164.5,0.0,0.0,0.0,1,662.5,1663.5,2,1164.5,0.0,0.0,0.0,0.0,0.0,5
2023-05-09 23:01:12,ag2312C4700,ag2312C4700,1164.5,0.0,0.0,0.0,2,663.0,1663.5,2,1164.5,0.0,0.0,0.0,0.0,0.0,5
2023-05-09 23:01:13,ag2312C4700,ag2312C4700,1164.5,0.0,0.0,0.0,2,663.0,1662.0,1,1164.5,0.0,0.0,0.0,0.0,0.0,5
2023-05-09 23:01:13,ag2312C4700,ag2312C4700,1164.5,0.0,0.0,0.0,2,663.0,1662.0,1,1164.5,0.0,0.0,0.0,0.0,0.0,5
2023-05-09 23:01:14,ag2312C4700,ag2312C4700,1164.5,0.0,0.0,0.0,1,664.5,1661.5,2,1164.5,0.0,0.0,0.0,0.0,0.0,5
2023-05-09 23:01:14,ag2312C4700,ag2312C4700,1164.5,0.0,0.0,0.0,1,664.5,1661.5,2,1164.5,0.0,0.0,0.0,0.0,0.0,5
2023-05-09 23:01:15,ag2312C4700,ag2312C4700,1164.5,0.0,0.0,0.0,2,665.0,1661.5,2,1164.5,0.0,0.0,0.0,0.0,0.0,5
2023-05-09 23:01:15,ag2312C4700,ag2312C4700,1164.5,0.0,0.0,0.0,2,665.0,1660.0,1,1164.5,0.0,0.0,0.0,0.0,0.0,5
2023-05-09 23:01:16,ag2312C4700,ag2312C4700,1164.5,0.0,0.0,0.0,2,665.0,1660.0,1,1164.5,0.0,0.0,0.0,0.0,0.0,5
2023-05-09 23:01:16,ag2312C4700,ag2312C4700,1164.5,0.0,0.0,0.0,2,665.0,1659.5,2,1164.5,0.0,0.0,0.0,0.0,0.0,5
2023-05-09 23:01:17,ag2312C4700,ag2312C4700,1164.5,0.0,0.0,0.0,1,666.5,1659.5,2,1164.5,0.0,0.0,0.0,0.0,0.0,5
2023-05-09 23:01:17,ag2312C4700,ag2312C4700,1164.5,0.0,0.0,0.0,1,666.5,1659.5,2,1164.5,0.0,0.0,0.0,0.0,0.0,5
2023-05-09 23:01:18,ag2312C4700,ag2312C4700,1164.5,0.0,0.0,0.0,2,667.0,1659.5,2,1164.5,0.0,0.0,0.0,0.0,0.0,5
2023-05-09 23:01:19,ag2312C4700,ag2312C4700,1164.5,0.0,0.0,0.0,2,667.0,1658.0,1,1164.5,0.0,0.0,0.0,0.0,0.0,5
2023-05-09 23:01:19,ag2312C4700,ag2312C4700,1164.5,0.0,0.0,0.0,2,667.0,1658.0,1,1164.5,0.0,0.0,0.0,0.0,0.0,5
2023-05-09 23:01:20,ag2312C4700,ag2312C4700,1164.5,0.0,0.0,0.0,1,668.5,1657.5,2,1164.5,0.0,0.0,0.0,0.0,0.0,5
2023-05-09 23:01:20,ag2312C4700,ag2312C4700,1164.5,0.0,0.0,0.0,1,668.5,1657.5,2,1164.5,0.0,0.0,0.0,0.0,0.0,5
2023-05-09 23:01:21,ag2312C4700,ag2312C4700,1164.5,0.0,0.0,0.0,2,669.0,1657.5,2,1164.5,0.0,0.0,0.0,0.0,0.0,5
2023-05-09 23:01:22,ag2312C4700,ag2312C4700,1164.5,0.0,0.0,0.0,1,670.5,1657.5,2,1164.5,0.0,0.0,0.0,0.0,0.0,5
2023-05-09 23:01:23,ag2312C4700,ag2312C4700,1164.5,0.0,0.0,0.0,1,670.5,1657.5,2,1164.5,0.0,0.0,0.0,0.0,0.0,5
2023-05-09 23:01:23,ag2312C4700,ag2312C4700,1164.5,0.0,0.0,0.0,2,671.0,1657.5,2,1164.5,0.0,0.0,0.0,0.0,0.0,5
2023-05-09 23:01:25,ag2312C4700,ag2312C4700,1164.5,0.0,0.0,0.0,2,671.0,1657.5,2,1164.5,0.0,0.0,0.0,0.0,0.0,5
2023-05-09 23:01:26,ag2312C4700,ag2312C4700,1164.5,0.0,0.0,0.0,2,671.0,1656.0,1,1164.5,0.0,0.0,0.0,0.0,0.0,5
2023-05-09 23:01:26,ag2312C4700,ag2312C4700,1164.5,0.0,0.0,0.0,2,671.0,1656.0,1,1164.5,0.0,0.0,0.0,0.0,0.0,5
2023-05-09 23:01:27,ag2312C4700,ag2312C4700,1164.5,0.0,0.0,0.0,2,671.0,1655.5,2,1164.5,0.0,0.0,0.0,0.0,0.0,5
2023-05-09 23:01:28,ag2312C4700,ag2312C4700,1164.5,0.0,0.0,0.0,2,671.0,1654.0,1,1164.5,0.0,0.0,0.0,0.0,0.0,5
2023-05-09 23:01:28,ag2312C4700,ag2312C4700,1164.5,0.0,0.0,0.0,2,671.0,1654.0,1,1164.5,0.0,0.0,0.0,0.0,0.0,5
2023-05-09 23:01:29,ag2312C4700,ag2312C4700,1164.5,0.0,0.0,0.0,1,672.5,1653.5,2,1164.5,0.0,0.0,0.0,0.0,0.0,5
2023-05-09 23:01:29,ag2312C4700,ag2312C4700,1164.5,0.0,0.0,0.0,2,673.0,1653.5,2,1164.5,0.0,0.0,0.0,0.0,0.0,5
2023-05-09 23:01:30,ag2312C4700,ag2312C4700,1164.5,0.0,0.0,0.0,2,673.0,1653.5,2,1164.5,0.0,0.0,0.0,0.0,0.0,5
2023-05-09 23:01:31,ag2312C4700,ag2312C4700,1164.5,0.0,0.0,0.0,2,673.0,1653.5,2,1164.5,0.0,0.0,0.0,0.0,0.0,5
2023-05-09 23:01:31,ag2312C4700,ag2312C4700,1164.5,0.0,0.0,0.0,2,673.0,1652.0,1,1164.5,0.0,0.0,0.0,0.0,0.0,5
2023-05-09 23:01:32,ag2312C4700,ag2312C4700,1164.5,0.0,0.0,0.0,2,673.0,1652.0,1,1164.5,0.0,0.0,0.0,0.0,0.0,5
2023-05-09 23:01:32,ag2312C4700,ag2312C4700,1164.5,0.0,0.0,0.0,1,674.5,1651.5,2,1164.5,0.0,0.0,0.0,0.0,0.0,5
2023-05-09 23:01:33,ag2312C4700,ag2312C4700,1164.5,0.0,0.0,0.0,1,674.5,1651.5,2,1164.5,0.0,0.0,0.0,0.0,0.0,5
2023-05-09 23:01:33,ag2312C4700,ag2312C4700,1164.5,0.0,0.0,0.0,2,675.0,1651.5,2,1164.5,0.0,0.0,0.0,0.0,0.0,5
2023-05-09 23:01:34,ag2312C4700,ag2312C4700,1164.5,0.0,0.0,0.0,1,676.5,1651.5,2,1164.5,0.0,0.0,0.0,0.0,0.0,5
2023-05-09 23:01:35,ag2312C4700,ag2312C4700,1164.5,0.0,0.0,0.0,1,676.5,1651.5,2,1164.5,0.0,0.0,0.0,0.0,0.0,5
2023-05-09 23:01:35,ag2312C4700,ag2312C4700,1164.5,0.0,0.0,0.0,2,677.0,1651.5,2,1164.5,0.0,0.0,0.0,0.0,0.0,5
2023-05-09 23:01:37,ag2312C4700,ag2312C4700,1164.5,0.0,0.0,0.0,2,677.0,1650.0,1,1164.5,0.0,0.0,0.0,0.0,0.0,5
2023-05-09 23:01:37,ag2312C4700,ag2312C4700,1164.5,0.0,0.0,0.0,2,677.0,1650.0,1,1164.5,0.0,0.0,0.0,0.0,0.0,5
2023-05-09 23:01:38,ag2312C4700,ag2312C4700,1164.5,0.0,0.0,0.0,1,678.5,1649.5,2,1164.5,0.0,0.0,0.0,0.0,0.0,5
2023-05-09 23:01:38,ag2312C4700,ag2312C4700,1164.5,0.0,0.0,0.0,1,678.5,1649.5,2,1164.5,0.0,0.0,0.0,0.0,0.0,5
2023-05-09 23:01:39,ag2312C4700,ag2312C4700,1164.5,0.0,0.0,0.0,2,679.0,1649.5,2,1164.5,0.0,0.0,0.0,0.0,0.0,5
2023-05-09 23:01:40,ag2312C4700,ag2312C4700,1164.5,0.0,0.0,0.0,2,679.0,1649.5,2,1164.5,0.0,0.0,0.0,0.0,0.0,5
2023-05-09 23:01:41,ag2312C4700,ag2312C4700,1164.5,0.0,0.0,0.0,1,680.5,1649.5,2,1164.5,0.0,0.0,0.0,0.0,0.0,5
2023-05-09 23:01:41,ag2312C4700,ag2312C4700,1164.5,0.0,0.0,0.0,1,680.5,1649.5,2,1164.5,0.0,0.0,0.0,0.0,0.0,5
2023-05-09 23:01:42,ag2312C4700,ag2312C4700,1164.5,0.0,0.0,0.0,2,681.0,1649.5,2,1164.5,0.0,0.0,0.0,0.0,0.0,5
2023-05-09 23:01:43,ag2312C4700,ag2312C4700,1164.5,0.0,0.0,0.0,1,682.5,1648.0,1,1164.5,0.0,0.0,0.0,0.0,0.0,5
2023-05-09 23:01:43,ag2312C4700,ag2312C4700,1164.5,0.0,0.0,0.0,1,682.5,1648.0,1,1164.5,0.0,0.0,0.0,0.0,0.0,5
2023-05-09 23:01:44,ag2312C4700,ag2312C4700,1164.5,0.0,0.0,0.0,2,683.0,1647.5,2,1164.5,0.0,0.0,0.0,0.0,0.0,5
2023-05-09 23:01:45,ag2312C4700,ag2312C4700,1164.5,0.0,0.0,0.0,2,683.0,1647.5,2,1164.5,0.0,0.0,0.0,0.0,0.0,5
2023-05-09 23:02:07,ag2312C4700,ag2312C4700,1164.5,0.0,0.0,0.0,2,683.0,1646.0,1,1164.5,0.0,0.0,0.0,0.0,0.0,5
2023-05-09 23:02:07,ag2312C4700,ag2312C4700,1164.5,0.0,0.0,0.0,2,683.0,1646.0,1,1164.5,0.0,0.0,0.0,0.0,0.0,5
2023-05-09 23:02:08,ag2312C4700,ag2312C4700,1164.5,0.0,0.0,0.0,2,683.0,1645.5,2,1164.5,0.0,0.0,0.0,0.0,0.0,5
2023-05-09 23:02:10,ag2312C4700,ag2312C4700,1164.5,0.0,0.0,0.0,2,683.0,1644.0,1,1164.5,0.0,0.0,0.0,0.0,0.0,5
2023-05-09 23:02:10,ag2312C4700,ag2312C4700,1164.5,0.0,0.0,0.0,2,683.0,1644.0,1,1164.5,0.0,0.0,0.0,0.0,0.0,5
2023-05-09 23:02:11,ag2312C4700,ag2312C4700,1164.5,0.0,0.0,0.0,2,683.0,1643.5,2,1164.5,0.0,0.0,0.0,0.0,0.0,5
2023-05-09 23:02:13,ag2312C4700,ag2312C4700,1164.5,0.0,0.0,0.0,2,683.0,1642.0,1,1164.5,0.0,0.0,0.0,0.0,0.0,5
2023-05-09 23:02:13,ag2312C4700,ag2312C4700,1164.5,0.0,0.0,0.0,2,683.0,1642.0,1,1164.5,0.0,0.0,0.0,0.0,0.0,5
2023-05-09 23:02:14,ag2312C4700,ag2312C4700,1164.5,0.0,0.0,0.0,2,683.0,1641.5,2,1164.5,0.0,0.0,0.0,0.0,0.0,5
2023-05-09 23:02:15,ag2312C4700,ag2312C4700,1164.5,0.0,0.0,0.0,1,684.5,1641.5,2,1164.5,0.0,0.0,0.0,0.0,0.0,5
2023-05-09 23:02:15,ag2312C4700,ag2312C4700,1164.5,0.0,0.0,0.0,1,684.5,1641.5,2,1164.5,0.0,0.0,0.0,0.0,0.0,5
