time,symbol_id,symbol_name,last,trade_volume,trade_amount,open_interest_change,bv1,bp1,ap1,av1,yesterday_close,today_open,today_high,today_low,volume,amount,open_interest
2023-05-09 21:00:27,ag2312C5400,ag2312C5400,645.0,0.0,0.0,0.0,1,321.0,0.0,0,645.0,627.5,0.0,0.0,0.0,0.0,23
2023-05-09 21:00:28,ag2312C5400,ag2312C5400,645.0,0.0,0.0,0.0,2,321.5,0.0,0,645.0,627.5,0.0,0.0,0.0,0.0,23
2023-05-09 21:02:02,ag2312C5400,ag2312C5400,645.0,0.0,0.0,0.0,1,323.0,0.0,0,645.0,627.5,0.0,0.0,0.0,0.0,23
2023-05-09 21:02:02,ag2312C5400,ag2312C5400,645.0,0.0,0.0,0.0,1,323.0,0.0,0,645.0,627.5,0.0,0.0,0.0,0.0,23
2023-05-09 21:02:03,ag2312C5400,ag2312C5400,645.0,0.0,0.0,0.0,2,323.5,0.0,0,645.0,627.5,0.0,0.0,0.0,0.0,23
2023-05-09 21:02:03,ag2312C5400,ag2312C5400,645.0,0.0,0.0,0.0,2,323.5,0.0,0,645.0,627.5,0.0,0.0,0.0,0.0,23
2023-05-09 21:02:17,ag2312C5400,ag2312C5400,645.0,0.0,0.0,0.0,1,325.0,0.0,0,645.0,627.5,0.0,0.0,0.0,0.0,23
2023-05-09 21:02:18,ag2312C5400,ag2312C5400,645.0,0.0,0.0,0.0,1,325.0,1166.5,1,645.0,627.5,0.0,0.0,0.0,0.0,23
2023-05-09 21:02:18,ag2312C5400,ag2312C5400,645.0,0.0,0.0,0.0,2,325.5,1166.0,2,645.0,627.5,0.0,0.0,0.0,0.0,23
2023-05-09 21:02:19,ag2312C5400,ag2312C5400,645.0,0.0,0.0,0.0,2,325.5,1166.0,2,645.0,627.5,0.0,0.0,0.0,0.0,23
2023-05-09 21:02:32,ag2312C5400,ag2312C5400,645.0,0.0,0.0,0.0,1,327.0,1164.5,1,645.0,627.5,0.0,0.0,0.0,0.0,23
2023-05-09 21:02:32,ag2312C5400,ag2312C5400,645.0,0.0,0.0,0.0,1,327.0,1164.5,1,645.0,627.5,0.0,0.0,0.0,0.0,23
2023-05-09 21:02:33,ag2312C5400,ag2312C5400,645.0,0.0,0.0,0.0,2,327.5,1164.0,2,645.0,627.5,0.0,0.0,0.0,0.0,23
2023-05-09 21:02:33,ag2312C5400,ag2312C5400,645.0,0.0,0.0,0.0,2,327.5,1164.0,2,645.0,627.5,0.0,0.0,0.0,0.0,23
2023-05-09 21:02:46,ag2312C5400,ag2312C5400,645.0,0.0,0.0,0.0,1,329.0,1162.5,1,645.0,627.5,0.0,0.0,0.0,0.0,23
2023-05-09 21:02:47,ag2312C5400,ag2312C5400,645.0,0.0,0.0,0.0,1,329.0,1162.5,1,645.0,627.5,0.0,0.0,0.0,0.0,23
2023-05-09 21:02:47,ag2312C5400,ag2312C5400,645.0,0.0,0.0,0.0,2,329.5,1162.0,2,645.0,627.5,0.0,0.0,0.0,0.0,23
2023-05-09 21:02:48,ag2312C5400,ag2312C5400,645.0,0.0,0.0,0.0,2,329.5,1162.0,2,645.0,627.5,0.0,0.0,0.0,0.0,23
2023-05-09 21:03:02,ag2312C5400,ag2312C5400,645.0,0.0,0.0,0.0,1,331.0,1160.5,1,645.0,627.5,0.0,0.0,0.0,0.0,23
2023-05-09 21:03:02,ag2312C5400,ag2312C5400,645.0,0.0,0.0,0.0,1,331.0,1160.5,1,645.0,627.5,0.0,0.0,0.0,0.0,23
2023-05-09 21:03:03,ag2312C5400,ag2312C5400,645.0,0.0,0.0,0.0,2,331.5,1160.0,2,645.0,627.5,0.0,0.0,0.0,0.0,23
2023-05-09 21:03:03,ag2312C5400,ag2312C5400,645.0,0.0,0.0,0.0,2,331.5,1160.0,2,645.0,627.5,0.0,0.0,0.0,0.0,23
2023-05-09 21:03:05,ag2312C5400,ag2312C5400,645.0,0.0,0.0,0.0,1,333.0,1158.5,1,645.0,627.5,0.0,0.0,0.0,0.0,23
2023-05-09 21:03:06,ag2312C5400,ag2312C5400,645.0,0.0,0.0,0.0,1,333.0,1158.5,1,645.0,627.5,0.0,0.0,0.0,0.0,23
2023-05-09 21:03:06,ag2312C5400,ag2312C5400,645.0,0.0,0.0,0.0,2,333.5,1158.0,2,645.0,627.5,0.0,0.0,0.0,0.0,23
2023-05-09 21:03:07,ag2312C5400,ag2312C5400,645.0,0.0,0.0,0.0,2,333.5,1158.0,2,645.0,627.5,0.0,0.0,0.0,0.0,23
2023-05-09 21:03:12,ag2312C5400,ag2312C5400,645.0,0.0,0.0,0.0,1,335.0,1156.5,1,645.0,627.5,0.0,0.0,0.0,0.0,23
2023-05-09 21:03:13,ag2312C5400,ag2312C5400,645.0,0.0,0.0,0.0,1,335.0,1156.5,1,645.0,627.5,0.0,0.0,0.0,0.0,23
2023-05-09 21:03:13,ag2312C5400,ag2312C5400,645.0,0.0,0.0,0.0,2,335.5,1156.0,2,645.0,627.5,0.0,0.0,0.0,0.0,23
2023-05-09 21:03:14,ag2312C5400,ag2312C5400,645.0,0.0,0.0,0.0,2,335.5,1156.0,2,645.0,627.5,0.0,0.0,0.0,0.0,23
2023-05-09 21:03:14,ag2312C5400,ag2312C5400,645.0,0.0,0.0,0.0,1,337.0,1154.5,1,645.0,627.5,0.0,0.0,0.0,0.0,23
2023-05-09 21:03:15,ag2312C5400,ag2312C5400,645.0,0.0,0.0,0.0,1,337.0,1154.5,1,645.0,627.5,0.0,0.0,0.0,0.0,23
2023-05-09 21:03:15,ag2312C5400,ag2312C5400,645.0,0.0,0.0,0.0,2,337.5,1154.0,2,645.0,627.5,0.0,0.0,0.0,0.0,23
2023-05-09 21:03:16,ag2312C5400,ag2312C5400,645.0,0.0,0.0,0.0,2,337.5,1154.0,2,645.0,627.5,0.0,0.0,0.0,0.0,23
2023-05-09 21:03:25,ag2312C5400,ag2312C5400,645.0,0.0,0.0,0.0,1,339.0,1152.5,1,645.0,627.5,0.0,0.0,0.0,0.0,23
2023-05-09 21:03:26,ag2312C5400,ag2312C5400,645.0,0.0,0.0,0.0,1,339.0,1152.5,1,645.0,627.5,0.0,0.0,0.0,0.0,23
2023-05-09 21:03:26,ag2312C5400,ag2312C5400,645.0,0.0,0.0,0.0,2,339.5,1152.0,2,645.0,627.5,0.0,0.0,0.0,0.0,23
2023-05-09 21:03:27,ag2312C5400,ag2312C5400,645.0,0.0,0.0,0.0,2,339.5,1152.0,2,645.0,627.5,0.0,0.0,0.0,0.0,23
2023-05-09 21:03:38,ag2312C5400,ag2312C5400,645.0,0.0,0.0,0.0,1,341.0,1150.5,1,645.0,627.5,0.0,0.0,0.0,0.0,23
2023-05-09 21:03:38,ag2312C5400,ag2312C5400,645.0,0.0,0.0,0.0,1,341.0,1150.5,1,645.0,627.5,0.0,0.0,0.0,0.0,23
2023-05-09 21:03:39,ag2312C5400,ag2312C5400,645.0,0.0,0.0,0.0,2,341.5,1150.0,2,645.0,627.5,0.0,0.0,0.0,0.0,23
2023-05-09 21:03:39,ag2312C5400,ag2312C5400,645.0,0.0,0.0,0.0,2,341.5,1150.0,2,645.0,627.5,0.0,0.0,0.0,0.0,23
2023-05-09 21:03:40,ag2312C5400,ag2312C5400,645.0,0.0,0.0,0.0,1,343.0,1148.5,1,645.0,627.5,0.0,0.0,0.0,0.0,23
2023-05-09 21:03:40,ag2312C5400,ag2312C5400,645.0,0.0,0.0,0.0,1,343.0,1148.5,1,645.0,627.5,0.0,0.0,0.0,0.0,23
2023-05-09 21:03:41,ag2312C5400,ag2312C5400,645.0,0.0,0.0,0.0,2,343.5,1148.0,2,645.0,627.5,0.0,0.0,0.0,0.0,23
2023-05-09 21:03:41,ag2312C5400,ag2312C5400,645.0,0.0,0.0,0.0,2,343.5,1148.0,2,645.0,627.5,0.0,0.0,0.0,0.0,23
2023-05-09 21:03:46,ag2312C5400,ag2312C5400,645.0,0.0,0.0,0.0,1,345.0,1146.5,1,645.0,627.5,0.0,0.0,0.0,0.0,23
2023-05-09 21:03:47,ag2312C5400,ag2312C5400,645.0,0.0,0.0,0.0,1,345.0,1146.5,1,645.0,627.5,0.0,0.0,0.0,0.0,23
2023-05-09 21:03:47,ag2312C5400,ag2312C5400,645.0,0.0,0.0,0.0,2,345.5,1146.0,2,645.0,627.5,0.0,0.0,0.0,0.0,23
2023-05-09 21:03:48,ag2312C5400,ag2312C5400,645.0,0.0,0.0,0.0,2,345.5,1146.0,2,645.0,627.5,0.0,0.0,0.0,0.0,23
2023-05-09 21:03:50,ag2312C5400,ag2312C5400,645.0,0.0,0.0,0.0,1,347.0,1144.5,1,645.0,627.5,0.0,0.0,0.0,0.0,23
2023-05-09 21:03:50,ag2312C5400,ag2312C5400,645.0,0.0,0.0,0.0,1,347.0,1144.5,1,645.0,627.5,0.0,0.0,0.0,0.0,23
2023-05-09 21:03:51,ag2312C5400,ag2312C5400,645.0,0.0,0.0,0.0,2,347.5,1144.0,2,645.0,627.5,0.0,0.0,0.0,0.0,23
2023-05-09 21:03:51,ag2312C5400,ag2312C5400,645.0,0.0,0.0,0.0,2,347.5,1144.0,2,645.0,627.5,0.0,0.0,0.0,0.0,23
2023-05-09 21:03:52,ag2312C5400,ag2312C5400,645.0,0.0,0.0,0.0,1,349.0,1142.5,1,645.0,627.5,0.0,0.0,0.0,0.0,23
2023-05-09 21:03:52,ag2312C5400,ag2312C5400,645.0,0.0,0.0,0.0,1,349.0,1142.5,1,645.0,627.5,0.0,0.0,0.0,0.0,23
2023-05-09 21:03:53,ag2312C5400,ag2312C5400,645.0,0.0,0.0,0.0,2,349.5,1142.0,2,645.0,627.5,0.0,0.0,0.0,0.0,23
2023-05-09 21:03:53,ag2312C5400,ag2312C5400,645.0,0.0,0.0,0.0,2,349.5,1142.0,2,645.0,627.5,0.0,0.0,0.0,0.0,23
2023-05-09 21:03:54,ag2312C5400,ag2312C5400,645.0,0.0,0.0,0.0,1,351.0,1140.5,1,645.0,627.5,0.0,0.0,0.0,0.0,23
2023-05-09 21:03:54,ag2312C5400,ag2312C5400,645.0,0.0,0.0,0.0,1,351.0,1140.5,1,645.0,627.5,0.0,0.0,0.0,0.0,23
2023-05-09 21:03:55,ag2312C5400,ag2312C5400,645.0,0.0,0.0,0.0,2,351.5,1140.0,2,645.0,627.5,0.0,0.0,0.0,0.0,23
2023-05-09 21:03:55,ag2312C5400,ag2312C5400,645.0,0.0,0.0,0.0,1,353.0,1138.5,1,645.0,627.5,0.0,0.0,0.0,0.0,23
2023-05-09 21:03:56,ag2312C5400,ag2312C5400,645.0,0.0,0.0,0.0,1,353.0,1138.5,1,645.0,627.5,0.0,0.0,0.0,0.0,23
2023-05-09 21:03:56,ag2312C5400,ag2312C5400,645.0,0.0,0.0,0.0,2,353.5,1138.0,2,645.0,627.5,0.0,0.0,0.0,0.0,23
2023-05-09 21:03:57,ag2312C5400,ag2312C5400,645.0,0.0,0.0,0.0,2,353.5,1138.0,2,645.0,627.5,0.0,0.0,0.0,0.0,23
2023-05-09 21:03:57,ag2312C5400,ag2312C5400,645.0,0.0,0.0,0.0,1,355.0,1136.5,1,645.0,627.5,0.0,0.0,0.0,0.0,23
2023-05-09 21:03:58,ag2312C5400,ag2312C5400,645.0,0.0,0.0,0.0,1,355.0,1136.5,1,645.0,627.5,0.0,0.0,0.0,0.0,23
2023-05-09 21:03:58,ag2312C5400,ag2312C5400,645.0,0.0,0.0,0.0,2,355.5,1136.0,2,645.0,627.5,0.0,0.0,0.0,0.0,23
2023-05-09 21:03:59,ag2312C5400,ag2312C5400,645.0,0.0,0.0,0.0,2,355.5,1136.0,2,645.0,627.5,0.0,0.0,0.0,0.0,23
2023-05-09 21:03:59,ag2312C5400,ag2312C5400,645.0,0.0,0.0,0.0,1,357.0,1136.0,2,645.0,627.5,0.0,0.0,0.0,0.0,23
2023-05-09 21:04:00,ag2312C5400,ag2312C5400,645.0,0.0,0.0,0.0,1,357.0,1136.0,2,645.0,627.5,0.0,0.0,0.0,0.0,23
2023-05-09 21:04:00,ag2312C5400,ag2312C5400,645.0,0.0,0.0,0.0,2,357.5,1136.0,2,645.0,627.5,0.0,0.0,0.0,0.0,23
2023-05-09 21:04:01,ag2312C5400,ag2312C5400,645.0,0.0,0.0,0.0,2,357.5,1136.0,2,645.0,627.5,0.0,0.0,0.0,0.0,23
2023-05-09 21:04:04,ag2312C5400,ag2312C5400,645.0,0.0,0.0,0.0,2,357.5,1134.5,1,645.0,627.5,0.0,0.0,0.0,0.0,23
2023-05-09 21:04:05,ag2312C5400,ag2312C5400,645.0,0.0,0.0,0.0,2,357.5,1134.5,1,645.0,627.5,0.0,0.0,0.0,0.0,23
2023-05-09 21:04:05,ag2312C5400,ag2312C5400,645.0,0.0,0.0,0.0,2,357.5,1134.0,2,645.0,627.5,0.0,0.0,0.0,0.0,23
2023-05-09 21:04:06,ag2312C5400,ag2312C5400,645.0,0.0,0.0,0.0,2,357.5,1134.0,2,645.0,627.5,0.0,0.0,0.0,0.0,23
2023-05-09 21:04:08,ag2312C5400,ag2312C5400,645.0,0.0,0.0,0.0,1,359.0,1132.5,1,645.0,627.5,0.0,0.0,0.0,0.0,23
2023-05-09 21:04:09,ag2312C5400,ag2312C5400,645.0,0.0,0.0,0.0,1,359.0,1132.5,1,645.0,627.5,0.0,0.0,0.0,0.0,23
2023-05-09 21:04:09,ag2312C5400,ag2312C5400,645.0,0.0,0.0,0.0,2,359.5,1132.0,2,645.0,627.5,0.0,0.0,0.0,0.0,23
2023-05-09 21:04:10,ag2312C5400,ag2312C5400,645.0,0.0,0.0,0.0,1,361.0,1130.5,1,645.0,627.5,0.0,0.0,0.0,0.0,23
2023-05-09 21:04:10,ag2312C5400,ag2312C5400,645.0,0.0,0.0,0.0,1,361.0,1130.5,1,645.0,627.5,0.0,0.0,0.0,0.0,23
2023-05-09 21:04:11,ag2312C5400,ag2312C5400,645.0,0.0,0.0,0.0,2,361.5,1130.0,2,645.0,627.5,0.0,0.0,0.0,0.0,23
2023-05-09 21:04:11,ag2312C5400,ag2312C5400,645.0,0.0,0.0,0.0,2,361.5,1130.0,2,645.0,627.5,0.0,0.0,0.0,0.0,23
2023-05-09 21:04:13,ag2312C5400,ag2312C5400,645.0,0.0,0.0,0.0,1,363.0,1128.5,1,645.0,627.5,0.0,0.0,0.0,0.0,23
2023-05-09 21:04:13,ag2312C5400,ag2312C5400,645.0,0.0,0.0,0.0,1,363.0,1128.5,1,645.0,627.5,0.0,0.0,0.0,0.0,23
2023-05-09 21:04:14,ag2312C5400,ag2312C5400,645.0,0.0,0.0,0.0,2,363.5,1128.0,2,645.0,627.5,0.0,0.0,0.0,0.0,23
2023-05-09 21:04:14,ag2312C5400,ag2312C5400,645.0,0.0,0.0,0.0,2,363.5,1128.0,2,645.0,627.5,0.0,0.0,0.0,0.0,23
2023-05-09 21:04:20,ag2312C5400,ag2312C5400,645.0,0.0,0.0,0.0,1,365.0,1126.5,1,645.0,627.5,0.0,0.0,0.0,0.0,23
2023-05-09 21:04:21,ag2312C5400,ag2312C5400,645.0,0.0,0.0,0.0,1,365.0,1126.5,1,645.0,627.5,0.0,0.0,0.0,0.0,23
2023-05-09 21:04:21,ag2312C5400,ag2312C5400,645.0,0.0,0.0,0.0,2,365.5,1126.0,2,645.0,627.5,0.0,0.0,0.0,0.0,23
2023-05-09 21:04:22,ag2312C5400,ag2312C5400,645.0,0.0,0.0,0.0,2,365.5,1126.0,2,645.0,627.5,0.0,0.0,0.0,0.0,23
2023-05-09 21:04:24,ag2312C5400,ag2312C5400,645.0,0.0,0.0,0.0,1,367.0,1124.5,1,645.0,627.5,0.0,0.0,0.0,0.0,23
2023-05-09 21:04:25,ag2312C5400,ag2312C5400,645.0,0.0,0.0,0.0,1,367.0,1124.5,1,645.0,627.5,0.0,0.0,0.0,0.0,23
2023-05-09 21:04:25,ag2312C5400,ag2312C5400,645.0,0.0,0.0,0.0,2,367.5,1124.0,2,645.0,627.5,0.0,0.0,0.0,0.0,23
2023-05-09 21:04:26,ag2312C5400,ag2312C5400,645.0,0.0,0.0,0.0,2,367.5,1124.0,2,645.0,627.5,0.0,0.0,0.0,0.0,23
2023-05-09 21:04:37,ag2312C5400,ag2312C5400,645.0,0.0,0.0,0.0,1,369.0,1122.5,1,645.0,627.5,0.0,0.0,0.0,0.0,23
2023-05-09 21:04:38,ag2312C5400,ag2312C5400,645.0,0.0,0.0,0.0,1,369.0,1122.5,1,645.0,627.5,0.0,0.0,0.0,0.0,23
2023-05-09 21:04:38,ag2312C5400,ag2312C5400,645.0,0.0,0.0,0.0,2,369.5,1122.0,2,645.0,627.5,0.0,0.0,0.0,0.0,23
2023-05-09 21:04:39,ag2312C5400,ag2312C5400,645.0,0.0,0.0,0.0,2,369.5,1122.0,2,645.0,627.5,0.0,0.0,0.0,0.0,23
2023-05-09 21:04:42,ag2312C5400,ag2312C5400,645.0,0.0,0.0,0.0,1,371.0,1120.5,1,645.0,627.5,0.0,0.0,0.0,0.0,23
2023-05-09 21:04:43,ag2312C5400,ag2312C5400,645.0,0.0,0.0,0.0,1,371.0,1120.5,1,645.0,627.5,0.0,0.0,0.0,0.0,23
2023-05-09 21:04:43,ag2312C5400,ag2312C5400,645.0,0.0,0.0,0.0,2,371.5,1120.0,2,645.0,627.5,0.0,0.0,0.0,0.0,23
2023-05-09 21:04:44,ag2312C5400,ag2312C5400,645.0,0.0,0.0,0.0,2,371.5,1120.0,2,645.0,627.5,0.0,0.0,0.0,0.0,23
2023-05-09 21:04:45,ag2312C5400,ag2312C5400,645.0,0.0,0.0,0.0,1,373.0,1118.5,1,645.0,627.5,0.0,0.0,0.0,0.0,23
2023-05-09 21:04:46,ag2312C5400,ag2312C5400,645.0,0.0,0.0,0.0,1,373.0,1118.5,1,645.0,627.5,0.0,0.0,0.0,0.0,23
2023-05-09 21:04:46,ag2312C5400,ag2312C5400,645.0,0.0,0.0,0.0,2,373.5,1118.0,2,645.0,627.5,0.0,0.0,0.0,0.0,23
2023-05-09 21:04:47,ag2312C5400,ag2312C5400,645.0,0.0,0.0,0.0,2,373.5,1118.0,2,645.0,627.5,0.0,0.0,0.0,0.0,23
2023-05-09 21:04:48,ag2312C5400,ag2312C5400,645.0,0.0,0.0,0.0,2,373.5,1116.5,1,645.0,627.5,0.0,0.0,0.0,0.0,23
2023-05-09 21:04:48,ag2312C5400,ag2312C5400,645.0,0.0,0.0,0.0,2,373.5,1116.5,1,645.0,627.5,0.0,0.0,0.0,0.0,23
2023-05-09 21:04:49,ag2312C5400,ag2312C5400,645.0,0.0,0.0,0.0,1,375.0,1116.0,2,645.0,627.5,0.0,0.0,0.0,0.0,23
2023-05-09 21:04:49,ag2312C5400,ag2312C5400,645.0,0.0,0.0,0.0,1,375.0,1116.0,2,645.0,627.5,0.0,0.0,0.0,0.0,23
2023-05-09 21:04:50,ag2312C5400,ag2312C5400,645.0,0.0,0.0,0.0,2,375.5,1116.0,2,645.0,627.5,0.0,0.0,0.0,0.0,23
2023-05-09 21:04:50,ag2312C5400,ag2312C5400,645.0,0.0,0.0,0.0,1,377.0,1114.5,1,645.0,627.5,0.0,0.0,0.0,0.0,23
2023-05-09 21:04:51,ag2312C5400,ag2312C5400,645.0,0.0,0.0,0.0,1,377.0,1114.5,1,645.0,627.5,0.0,0.0,0.0,0.0,23
2023-05-09 21:04:51,ag2312C5400,ag2312C5400,645.0,0.0,0.0,0.0,2,377.5,1114.0,2,645.0,627.5,0.0,0.0,0.0,0.0,23
2023-05-09 21:04:52,ag2312C5400,ag2312C5400,645.0,0.0,0.0,0.0,2,377.5,1114.0,2,645.0,627.5,0.0,0.0,0.0,0.0,23
2023-05-09 21:04:52,ag2312C5400,ag2312C5400,645.0,0.0,0.0,0.0,1,379.0,1112.5,1,645.0,627.5,0.0,0.0,0.0,0.0,23
2023-05-09 21:04:53,ag2312C5400,ag2312C5400,645.0,0.0,0.0,0.0,1,379.0,1112.5,1,645.0,627.5,0.0,0.0,0.0,0.0,23
2023-05-09 21:04:53,ag2312C5400,ag2312C5400,645.0,0.0,0.0,0.0,2,379.5,1112.0,2,645.0,627.5,0.0,0.0,0.0,0.0,23
2023-05-09 21:04:54,ag2312C5400,ag2312C5400,645.0,0.0,0.0,0.0,2,379.5,1112.0,2,645.0,627.5,0.0,0.0,0.0,0.0,23
2023-05-09 21:05:03,ag2312C5400,ag2312C5400,645.0,0.0,0.0,0.0,1,381.0,1110.5,1,645.0,627.5,0.0,0.0,0.0,0.0,23
2023-05-09 21:05:04,ag2312C5400,ag2312C5400,645.0,0.0,0.0,0.0,1,381.0,1110.5,1,645.0,627.5,0.0,0.0,0.0,0.0,23
2023-05-09 21:05:04,ag2312C5400,ag2312C5400,645.0,0.0,0.0,0.0,2,381.5,1110.0,2,645.0,627.5,0.0,0.0,0.0,0.0,23
2023-05-09 21:05:05,ag2312C5400,ag2312C5400,645.0,0.0,0.0,0.0,1,383.0,1108.5,1,645.0,627.5,0.0,0.0,0.0,0.0,23
2023-05-09 21:05:05,ag2312C5400,ag2312C5400,645.0,0.0,0.0,0.0,1,383.0,1108.5,1,645.0,627.5,0.0,0.0,0.0,0.0,23
2023-05-09 21:05:06,ag2312C5400,ag2312C5400,645.0,0.0,0.0,0.0,2,383.5,1108.0,2,645.0,627.5,0.0,0.0,0.0,0.0,23
2023-05-09 21:05:06,ag2312C5400,ag2312C5400,645.0,0.0,0.0,0.0,2,383.5,1108.0,2,645.0,627.5,0.0,0.0,0.0,0.0,23
2023-05-09 21:05:07,ag2312C5400,ag2312C5400,645.0,0.0,0.0,0.0,1,385.0,1106.5,1,645.0,627.5,0.0,0.0,0.0,0.0,23
2023-05-09 21:05:07,ag2312C5400,ag2312C5400,645.0,0.0,0.0,0.0,1,385.0,1106.5,1,645.0,627.5,0.0,0.0,0.0,0.0,23
2023-05-09 21:05:08,ag2312C5400,ag2312C5400,645.0,0.0,0.0,0.0,2,385.5,1106.0,2,645.0,627.5,0.0,0.0,0.0,0.0,23
2023-05-09 21:05:08,ag2312C5400,ag2312C5400,645.0,0.0,0.0,0.0,2,385.5,1106.0,2,645.0,627.5,0.0,0.0,0.0,0.0,23
2023-05-09 21:05:09,ag2312C5400,ag2312C5400,645.0,0.0,0.0,0.0,1,387.0,1104.5,1,645.0,627.5,0.0,0.0,0.0,0.0,23
2023-05-09 21:05:09,ag2312C5400,ag2312C5400,645.0,0.0,0.0,0.0,1,387.0,1104.5,1,645.0,627.5,0.0,0.0,0.0,0.0,23
2023-05-09 21:05:10,ag2312C5400,ag2312C5400,645.0,0.0,0.0,0.0,2,387.5,1104.0,2,645.0,627.5,0.0,0.0,0.0,0.0,23
2023-05-09 21:05:10,ag2312C5400,ag2312C5400,645.0,0.0,0.0,0.0,2,387.5,1104.0,2,645.0,627.5,0.0,0.0,0.0,0.0,23
2023-05-09 21:05:12,ag2312C5400,ag2312C5400,645.0,0.0,0.0,0.0,1,389.0,1102.5,1,645.0,627.5,0.0,0.0,0.0,0.0,23
2023-05-09 21:05:12,ag2312C5400,ag2312C5400,645.0,0.0,0.0,0.0,1,389.0,1102.5,1,645.0,627.5,0.0,0.0,0.0,0.0,23
2023-05-09 21:05:13,ag2312C5400,ag2312C5400,645.0,0.0,0.0,0.0,2,389.5,1102.0,2,645.0,627.5,0.0,0.0,0.0,0.0,23
2023-05-09 21:05:13,ag2312C5400,ag2312C5400,645.0,0.0,0.0,0.0,1,391.0,1100.5,1,645.0,627.5,0.0,0.0,0.0,0.0,23
2023-05-09 21:05:14,ag2312C5400,ag2312C5400,645.0,0.0,0.0,0.0,1,391.0,1100.5,1,645.0,627.5,0.0,0.0,0.0,0.0,23
2023-05-09 21:05:14,ag2312C5400,ag2312C5400,645.0,0.0,0.0,0.0,2,391.5,1100.0,2,645.0,627.5,0.0,0.0,0.0,0.0,23
2023-05-09 21:05:15,ag2312C5400,ag2312C5400,645.0,0.0,0.0,0.0,2,391.5,1100.0,2,645.0,627.5,0.0,0.0,0.0,0.0,23
2023-05-09 21:05:16,ag2312C5400,ag2312C5400,645.0,0.0,0.0,0.0,1,393.0,1098.5,1,645.0,627.5,0.0,0.0,0.0,0.0,23
2023-05-09 21:05:17,ag2312C5400,ag2312C5400,645.0,0.0,0.0,0.0,1,393.0,1098.5,1,645.0,627.5,0.0,0.0,0.0,0.0,23
2023-05-09 21:05:17,ag2312C5400,ag2312C5400,645.0,0.0,0.0,0.0,2,393.5,1098.0,2,645.0,627.5,0.0,0.0,0.0,0.0,23
2023-05-09 21:05:18,ag2312C5400,ag2312C5400,645.0,0.0,0.0,0.0,2,393.5,1098.0,2,645.0,627.5,0.0,0.0,0.0,0.0,23
2023-05-09 21:05:28,ag2312C5400,ag2312C5400,645.0,0.0,0.0,0.0,1,395.0,1096.5,1,645.0,627.5,0.0,0.0,0.0,0.0,23
2023-05-09 21:05:28,ag2312C5400,ag2312C5400,645.0,0.0,0.0,0.0,1,395.0,1096.5,1,645.0,627.5,0.0,0.0,0.0,0.0,23
2023-05-09 21:05:29,ag2312C5400,ag2312C5400,645.0,0.0,0.0,0.0,2,395.5,1096.0,2,645.0,627.5,0.0,0.0,0.0,0.0,23
2023-05-09 21:05:29,ag2312C5400,ag2312C5400,645.0,0.0,0.0,0.0,2,395.5,1096.0,2,645.0,627.5,0.0,0.0,0.0,0.0,23
2023-05-09 21:05:33,ag2312C5400,ag2312C5400,645.0,0.0,0.0,0.0,1,397.0,1094.5,1,645.0,627.5,0.0,0.0,0.0,0.0,23
2023-05-09 21:05:33,ag2312C5400,ag2312C5400,645.0,0.0,0.0,0.0,1,397.0,1094.5,1,645.0,627.5,0.0,0.0,0.0,0.0,23
2023-05-09 21:05:34,ag2312C5400,ag2312C5400,645.0,0.0,0.0,0.0,2,397.5,1094.0,2,645.0,627.5,0.0,0.0,0.0,0.0,23
2023-05-09 21:05:34,ag2312C5400,ag2312C5400,645.0,0.0,0.0,0.0,2,397.5,1094.0,2,645.0,627.5,0.0,0.0,0.0,0.0,23
2023-05-09 21:05:38,ag2312C5400,ag2312C5400,645.0,0.0,0.0,0.0,1,399.0,1092.5,1,645.0,627.5,0.0,0.0,0.0,0.0,23
2023-05-09 21:05:38,ag2312C5400,ag2312C5400,645.0,0.0,0.0,0.0,1,399.0,1092.5,1,645.0,627.5,0.0,0.0,0.0,0.0,23
2023-05-09 21:05:39,ag2312C5400,ag2312C5400,645.0,0.0,0.0,0.0,2,399.5,1092.0,2,645.0,627.5,0.0,0.0,0.0,0.0,23
2023-05-09 21:05:39,ag2312C5400,ag2312C5400,645.0,0.0,0.0,0.0,2,399.5,1092.0,2,645.0,627.5,0.0,0.0,0.0,0.0,23
2023-05-09 21:05:46,ag2312C5400,ag2312C5400,645.0,0.0,0.0,0.0,1,401.0,1092.0,2,645.0,627.5,0.0,0.0,0.0,0.0,23
2023-05-09 21:05:47,ag2312C5400,ag2312C5400,645.0,0.0,0.0,0.0,1,401.0,1092.0,2,645.0,627.5,0.0,0.0,0.0,0.0,23
2023-05-09 21:05:47,ag2312C5400,ag2312C5400,645.0,0.0,0.0,0.0,2,401.5,1092.0,2,645.0,627.5,0.0,0.0,0.0,0.0,23
2023-05-09 21:05:48,ag2312C5400,ag2312C5400,645.0,0.0,0.0,0.0,2,401.5,1092.0,2,645.0,627.5,0.0,0.0,0.0,0.0,23
2023-05-09 21:05:48,ag2312C5400,ag2312C5400,645.0,0.0,0.0,0.0,2,401.5,1090.5,1,645.0,627.5,0.0,0.0,0.0,0.0,23
2023-05-09 21:05:49,ag2312C5400,ag2312C5400,645.0,0.0,0.0,0.0,2,401.5,1090.5,1,645.0,627.5,0.0,0.0,0.0,0.0,23
2023-05-09 21:05:49,ag2312C5400,ag2312C5400,645.0,0.0,0.0,0.0,1,403.0,1090.0,2,645.0,627.5,0.0,0.0,0.0,0.0,23
2023-05-09 21:05:50,ag2312C5400,ag2312C5400,645.0,0.0,0.0,0.0,1,403.0,1090.0,2,645.0,627.5,0.0,0.0,0.0,0.0,23
2023-05-09 21:05:50,ag2312C5400,ag2312C5400,645.0,0.0,0.0,0.0,2,403.5,1088.5,1,645.0,627.5,0.0,0.0,0.0,0.0,23
2023-05-09 21:05:51,ag2312C5400,ag2312C5400,645.0,0.0,0.0,0.0,2,403.5,1088.5,1,645.0,627.5,0.0,0.0,0.0,0.0,23
2023-05-09 21:05:51,ag2312C5400,ag2312C5400,645.0,0.0,0.0,0.0,1,405.0,1088.0,2,645.0,627.5,0.0,0.0,0.0,0.0,23
2023-05-09 21:05:52,ag2312C5400,ag2312C5400,645.0,0.0,0.0,0.0,1,405.0,1088.0,2,645.0,627.5,0.0,0.0,0.0,0.0,23
2023-05-09 21:05:52,ag2312C5400,ag2312C5400,645.0,0.0,0.0,0.0,2,405.5,1088.0,2,645.0,627.5,0.0,0.0,0.0,0.0,23
2023-05-09 21:05:53,ag2312C5400,ag2312C5400,645.0,0.0,0.0,0.0,2,405.5,1088.0,2,645.0,627.5,0.0,0.0,0.0,0.0,23
2023-05-09 21:06:02,ag2312C5400,ag2312C5400,645.0,0.0,0.0,0.0,1,407.0,1086.5,1,645.0,627.5,0.0,0.0,0.0,0.0,23
2023-05-09 21:06:02,ag2312C5400,ag2312C5400,645.0,0.0,0.0,0.0,1,407.0,1086.5,1,645.0,627.5,0.0,0.0,0.0,0.0,23
2023-05-09 21:06:03,ag2312C5400,ag2312C5400,645.0,0.0,0.0,0.0,2,407.5,1086.0,2,645.0,627.5,0.0,0.0,0.0,0.0,23
2023-05-09 21:06:03,ag2312C5400,ag2312C5400,645.0,0.0,0.0,0.0,2,407.5,1086.0,2,645.0,627.5,0.0,0.0,0.0,0.0,23
2023-05-09 21:06:05,ag2312C5400,ag2312C5400,645.0,0.0,0.0,0.0,1,409.0,1084.5,1,645.0,627.5,0.0,0.0,0.0,0.0,23
2023-05-09 21:06:05,ag2312C5400,ag2312C5400,645.0,0.0,0.0,0.0,1,409.0,1084.5,1,645.0,627.5,0.0,0.0,0.0,0.0,23
2023-05-09 21:06:06,ag2312C5400,ag2312C5400,645.0,0.0,0.0,0.0,2,409.5,1084.0,2,645.0,627.5,0.0,0.0,0.0,0.0,23
2023-05-09 21:06:06,ag2312C5400,ag2312C5400,645.0,0.0,0.0,0.0,2,409.5,1084.0,2,645.0,627.5,0.0,0.0,0.0,0.0,23
2023-05-09 21:06:07,ag2312C5400,ag2312C5400,645.0,0.0,0.0,0.0,1,411.0,1082.5,1,645.0,627.5,0.0,0.0,0.0,0.0,23
2023-05-09 21:06:07,ag2312C5400,ag2312C5400,645.0,0.0,0.0,0.0,1,411.0,1082.5,1,645.0,627.5,0.0,0.0,0.0,0.0,23
2023-05-09 21:06:08,ag2312C5400,ag2312C5400,645.0,0.0,0.0,0.0,2,411.5,1082.0,2,645.0,627.5,0.0,0.0,0.0,0.0,23
2023-05-09 21:06:08,ag2312C5400,ag2312C5400,645.0,0.0,0.0,0.0,2,411.5,1082.0,2,645.0,627.5,0.0,0.0,0.0,0.0,23
2023-05-09 21:06:09,ag2312C5400,ag2312C5400,645.0,0.0,0.0,0.0,1,413.0,1080.5,1,645.0,627.5,0.0,0.0,0.0,0.0,23
2023-05-09 21:06:09,ag2312C5400,ag2312C5400,645.0,0.0,0.0,0.0,1,413.0,1080.5,1,645.0,627.5,0.0,0.0,0.0,0.0,23
2023-05-09 21:06:10,ag2312C5400,ag2312C5400,645.0,0.0,0.0,0.0,2,413.5,1080.0,2,645.0,627.5,0.0,0.0,0.0,0.0,23
2023-05-09 21:06:10,ag2312C5400,ag2312C5400,645.0,0.0,0.0,0.0,2,413.5,1080.0,2,645.0,627.5,0.0,0.0,0.0,0.0,23
2023-05-09 21:06:15,ag2312C5400,ag2312C5400,645.0,0.0,0.0,0.0,1,415.0,1078.5,1,645.0,627.5,0.0,0.0,0.0,0.0,23
2023-05-09 21:06:16,ag2312C5400,ag2312C5400,645.0,0.0,0.0,0.0,1,415.0,1078.5,1,645.0,627.5,0.0,0.0,0.0,0.0,23
2023-05-09 21:06:16,ag2312C5400,ag2312C5400,645.0,0.0,0.0,0.0,2,415.5,1078.0,2,645.0,627.5,0.0,0.0,0.0,0.0,23
2023-05-09 21:06:17,ag2312C5400,ag2312C5400,645.0,0.0,0.0,0.0,1,417.0,1076.5,1,645.0,627.5,0.0,0.0,0.0,0.0,23
2023-05-09 21:06:17,ag2312C5400,ag2312C5400,645.0,0.0,0.0,0.0,1,417.0,1076.5,1,645.0,627.5,0.0,0.0,0.0,0.0,23
2023-05-09 21:06:18,ag2312C5400,ag2312C5400,645.0,0.0,0.0,0.0,2,417.5,1076.0,2,645.0,627.5,0.0,0.0,0.0,0.0,23
2023-05-09 21:06:18,ag2312C5400,ag2312C5400,645.0,0.0,0.0,0.0,2,417.5,1076.0,2,645.0,627.5,0.0,0.0,0.0,0.0,23
2023-05-09 21:06:31,ag2312C5400,ag2312C5400,645.0,0.0,0.0,0.0,1,419.0,1074.5,1,645.0,627.5,0.0,0.0,0.0,0.0,23
2023-05-09 21:06:31,ag2312C5400,ag2312C5400,645.0,0.0,0.0,0.0,1,419.0,1074.5,1,645.0,627.5,0.0,0.0,0.0,0.0,23
2023-05-09 21:06:32,ag2312C5400,ag2312C5400,645.0,0.0,0.0,0.0,2,419.5,1074.0,2,645.0,627.5,0.0,0.0,0.0,0.0,23
2023-05-09 21:06:32,ag2312C5400,ag2312C5400,645.0,0.0,0.0,0.0,2,419.5,1074.0,2,645.0,627.5,0.0,0.0,0.0,0.0,23
2023-05-09 21:06:33,ag2312C5400,ag2312C5400,645.0,0.0,0.0,0.0,1,421.0,1072.5,1,645.0,627.5,0.0,0.0,0.0,0.0,23
2023-05-09 21:06:33,ag2312C5400,ag2312C5400,645.0,0.0,0.0,0.0,1,421.0,1072.5,1,645.0,627.5,0.0,0.0,0.0,0.0,23
2023-05-09 21:06:34,ag2312C5400,ag2312C5400,645.0,0.0,0.0,0.0,2,421.5,1072.0,2,645.0,627.5,0.0,0.0,0.0,0.0,23
2023-05-09 21:06:34,ag2312C5400,ag2312C5400,645.0,0.0,0.0,0.0,1,423.0,1070.5,1,645.0,627.5,0.0,0.0,0.0,0.0,23
2023-05-09 21:06:35,ag2312C5400,ag2312C5400,645.0,0.0,0.0,0.0,1,423.0,1070.5,1,645.0,627.5,0.0,0.0,0.0,0.0,23
2023-05-09 21:06:35,ag2312C5400,ag2312C5400,645.0,0.0,0.0,0.0,2,423.5,1070.0,2,645.0,627.5,0.0,0.0,0.0,0.0,23
2023-05-09 21:06:36,ag2312C5400,ag2312C5400,645.0,0.0,0.0,0.0,2,423.5,1070.0,2,645.0,627.5,0.0,0.0,0.0,0.0,23
2023-05-09 21:06:36,ag2312C5400,ag2312C5400,645.0,0.0,0.0,0.0,1,425.0,1068.5,1,645.0,627.5,0.0,0.0,0.0,0.0,23
2023-05-09 21:06:37,ag2312C5400,ag2312C5400,645.0,0.0,0.0,0.0,1,425.0,1068.5,1,645.0,627.5,0.0,0.0,0.0,0.0,23
2023-05-09 21:06:37,ag2312C5400,ag2312C5400,645.0,0.0,0.0,0.0,2,425.5,1068.0,2,645.0,627.5,0.0,0.0,0.0,0.0,23
2023-05-09 21:06:38,ag2312C5400,ag2312C5400,645.0,0.0,0.0,0.0,2,425.5,1068.0,2,645.0,627.5,0.0,0.0,0.0,0.0,23
2023-05-09 21:06:38,ag2312C5400,ag2312C5400,645.0,0.0,0.0,0.0,1,427.0,1066.5,1,645.0,627.5,0.0,0.0,0.0,0.0,23
2023-05-09 21:06:39,ag2312C5400,ag2312C5400,645.0,0.0,0.0,0.0,1,427.0,1066.5,1,645.0,627.5,0.0,0.0,0.0,0.0,23
2023-05-09 21:06:39,ag2312C5400,ag2312C5400,645.0,0.0,0.0,0.0,2,427.5,1066.0,2,645.0,627.5,0.0,0.0,0.0,0.0,23
2023-05-09 21:06:40,ag2312C5400,ag2312C5400,645.0,0.0,0.0,0.0,2,427.5,1066.0,2,645.0,627.5,0.0,0.0,0.0,0.0,23
2023-05-09 21:06:56,ag2312C5400,ag2312C5400,645.0,0.0,0.0,0.0,1,429.0,1064.5,1,645.0,627.5,0.0,0.0,0.0,0.0,23
2023-05-09 21:06:57,ag2312C5400,ag2312C5400,645.0,0.0,0.0,0.0,1,429.0,1064.5,1,645.0,627.5,0.0,0.0,0.0,0.0,23
2023-05-09 21:06:57,ag2312C5400,ag2312C5400,645.0,0.0,0.0,0.0,2,429.5,1064.0,2,645.0,627.5,0.0,0.0,0.0,0.0,23
2023-05-09 21:06:58,ag2312C5400,ag2312C5400,645.0,0.0,0.0,0.0,2,429.5,1064.0,2,645.0,627.5,0.0,0.0,0.0,0.0,23
2023-05-09 21:06:58,ag2312C5400,ag2312C5400,645.0,0.0,0.0,0.0,1,431.0,1062.5,1,645.0,627.5,0.0,0.0,0.0,0.0,23
2023-05-09 21:06:59,ag2312C5400,ag2312C5400,645.0,0.0,0.0,0.0,1,431.0,1062.5,1,645.0,627.5,0.0,0.0,0.0,0.0,23
2023-05-09 21:06:59,ag2312C5400,ag2312C5400,645.0,0.0,0.0,0.0,2,431.5,1062.0,2,645.0,627.5,0.0,0.0,0.0,0.0,23
2023-05-09 21:07:00,ag2312C5400,ag2312C5400,645.0,0.0,0.0,0.0,2,431.5,1062.0,2,645.0,627.5,0.0,0.0,0.0,0.0,23
2023-05-09 21:07:00,ag2312C5400,ag2312C5400,645.0,0.0,0.0,0.0,1,433.0,1062.0,2,645.0,627.5,0.0,0.0,0.0,0.0,23
2023-05-09 21:07:01,ag2312C5400,ag2312C5400,645.0,0.0,0.0,0.0,1,433.0,1062.0,2,645.0,627.5,0.0,0.0,0.0,0.0,23
2023-05-09 21:07:01,ag2312C5400,ag2312C5400,645.0,0.0,0.0,0.0,2,433.5,1062.0,2,645.0,627.5,0.0,0.0,0.0,0.0,23
2023-05-09 21:07:02,ag2312C5400,ag2312C5400,645.0,0.0,0.0,0.0,2,433.5,1062.0,2,645.0,627.5,0.0,0.0,0.0,0.0,23
2023-05-09 21:07:03,ag2312C5400,ag2312C5400,645.0,0.0,0.0,0.0,1,435.0,1060.5,1,645.0,627.5,0.0,0.0,0.0,0.0,23
2023-05-09 21:07:03,ag2312C5400,ag2312C5400,645.0,0.0,0.0,0.0,1,435.0,1060.5,1,645.0,627.5,0.0,0.0,0.0,0.0,23
2023-05-09 21:07:04,ag2312C5400,ag2312C5400,645.0,0.0,0.0,0.0,2,435.5,1060.0,2,645.0,627.5,0.0,0.0,0.0,0.0,23
2023-05-09 21:07:04,ag2312C5400,ag2312C5400,645.0,0.0,0.0,0.0,2,435.5,1060.0,2,645.0,627.5,0.0,0.0,0.0,0.0,23
2023-05-09 21:07:06,ag2312C5400,ag2312C5400,645.0,0.0,0.0,0.0,1,437.0,1058.5,1,645.0,627.5,0.0,0.0,0.0,0.0,23
2023-05-09 21:07:06,ag2312C5400,ag2312C5400,645.0,0.0,0.0,0.0,1,437.0,1058.5,1,645.0,627.5,0.0,0.0,0.0,0.0,23
2023-05-09 21:07:07,ag2312C5400,ag2312C5400,645.0,0.0,0.0,0.0,2,437.5,1058.0,2,645.0,627.5,0.0,0.0,0.0,0.0,23
2023-05-09 21:07:08,ag2312C5400,ag2312C5400,645.0,0.0,0.0,0.0,2,437.5,1058.0,2,645.0,627.5,0.0,0.0,0.0,0.0,23
2023-05-09 21:07:08,ag2312C5400,ag2312C5400,645.0,0.0,0.0,0.0,1,439.0,1056.5,1,645.0,627.5,0.0,0.0,0.0,0.0,23
2023-05-09 21:07:09,ag2312C5400,ag2312C5400,645.0,0.0,0.0,0.0,1,439.0,1056.5,1,645.0,627.5,0.0,0.0,0.0,0.0,23
2023-05-09 21:07:09,ag2312C5400,ag2312C5400,645.0,0.0,0.0,0.0,2,439.5,1056.0,2,645.0,627.5,0.0,0.0,0.0,0.0,23
2023-05-09 21:07:10,ag2312C5400,ag2312C5400,645.0,0.0,0.0,0.0,2,439.5,1056.0,2,645.0,627.5,0.0,0.0,0.0,0.0,23
2023-05-09 21:07:12,ag2312C5400,ag2312C5400,645.0,0.0,0.0,0.0,1,441.0,1054.5,1,645.0,627.5,0.0,0.0,0.0,0.0,23
2023-05-09 21:07:13,ag2312C5400,ag2312C5400,645.0,0.0,0.0,0.0,1,441.0,1054.5,1,645.0,627.5,0.0,0.0,0.0,0.0,23
2023-05-09 21:07:13,ag2312C5400,ag2312C5400,645.0,0.0,0.0,0.0,2,441.5,1054.0,2,645.0,627.5,0.0,0.0,0.0,0.0,23
2023-05-09 21:07:14,ag2312C5400,ag2312C5400,645.0,0.0,0.0,0.0,1,443.0,1052.5,1,645.0,627.5,0.0,0.0,0.0,0.0,23
2023-05-09 21:07:14,ag2312C5400,ag2312C5400,645.0,0.0,0.0,0.0,1,443.0,1052.5,1,645.0,627.5,0.0,0.0,0.0,0.0,23
2023-05-09 21:07:15,ag2312C5400,ag2312C5400,645.0,0.0,0.0,0.0,2,443.5,1052.0,2,645.0,627.5,0.0,0.0,0.0,0.0,23
2023-05-09 21:07:15,ag2312C5400,ag2312C5400,645.0,0.0,0.0,0.0,2,443.5,1052.0,2,645.0,627.5,0.0,0.0,0.0,0.0,23
2023-05-09 21:07:18,ag2312C5400,ag2312C5400,645.0,0.0,0.0,0.0,1,445.0,1052.0,2,645.0,627.5,0.0,0.0,0.0,0.0,23
2023-05-09 21:07:18,ag2312C5400,ag2312C5400,645.0,0.0,0.0,0.0,1,445.0,1052.0,2,645.0,627.5,0.0,0.0,0.0,0.0,23
2023-05-09 21:07:19,ag2312C5400,ag2312C5400,645.0,0.0,0.0,0.0,2,445.5,1050.5,1,645.0,627.5,0.0,0.0,0.0,0.0,23
2023-05-09 21:07:19,ag2312C5400,ag2312C5400,645.0,0.0,0.0,0.0,2,445.5,1050.5,1,645.0,627.5,0.0,0.0,0.0,0.0,23
2023-05-09 21:07:20,ag2312C5400,ag2312C5400,645.0,0.0,0.0,0.0,2,445.5,1050.0,2,645.0,627.5,0.0,0.0,0.0,0.0,23
2023-05-09 21:07:21,ag2312C5400,ag2312C5400,645.0,0.0,0.0,0.0,2,445.5,1050.0,2,645.0,627.5,0.0,0.0,0.0,0.0,23
2023-05-09 21:07:23,ag2312C5400,ag2312C5400,645.0,0.0,0.0,0.0,1,447.0,1048.5,1,645.0,627.5,0.0,0.0,0.0,0.0,23
2023-05-09 21:07:24,ag2312C5400,ag2312C5400,645.0,0.0,0.0,0.0,1,447.0,1048.5,1,645.0,627.5,0.0,0.0,0.0,0.0,23
2023-05-09 21:07:24,ag2312C5400,ag2312C5400,645.0,0.0,0.0,0.0,2,447.5,1048.0,2,645.0,627.5,0.0,0.0,0.0,0.0,23
2023-05-09 21:07:25,ag2312C5400,ag2312C5400,645.0,0.0,0.0,0.0,2,447.5,1048.0,2,645.0,627.5,0.0,0.0,0.0,0.0,23
2023-05-09 21:07:50,ag2312C5400,ag2312C5400,645.0,0.0,0.0,0.0,1,449.0,1046.5,1,645.0,627.5,0.0,0.0,0.0,0.0,23
2023-05-09 21:07:50,ag2312C5400,ag2312C5400,645.0,0.0,0.0,0.0,1,449.0,1046.5,1,645.0,627.5,0.0,0.0,0.0,0.0,23
2023-05-09 21:07:51,ag2312C5400,ag2312C5400,645.0,0.0,0.0,0.0,2,449.5,1046.0,2,645.0,627.5,0.0,0.0,0.0,0.0,23
2023-05-09 21:07:51,ag2312C5400,ag2312C5400,645.0,0.0,0.0,0.0,2,449.5,1046.0,2,645.0,627.5,0.0,0.0,0.0,0.0,23
2023-05-09 21:08:11,ag2312C5400,ag2312C5400,645.0,0.0,0.0,0.0,1,451.0,1044.5,1,645.0,627.5,0.0,0.0,0.0,0.0,23
2023-05-09 21:08:11,ag2312C5400,ag2312C5400,645.0,0.0,0.0,0.0,1,451.0,1044.5,1,645.0,627.5,0.0,0.0,0.0,0.0,23
2023-05-09 21:08:12,ag2312C5400,ag2312C5400,645.0,0.0,0.0,0.0,2,451.5,1044.0,2,645.0,627.5,0.0,0.0,0.0,0.0,23
2023-05-09 21:08:12,ag2312C5400,ag2312C5400,645.0,0.0,0.0,0.0,2,451.5,1044.0,2,645.0,627.5,0.0,0.0,0.0,0.0,23
2023-05-09 21:08:29,ag2312C5400,ag2312C5400,645.0,0.0,0.0,0.0,2,451.5,1042.5,1,645.0,627.5,0.0,0.0,0.0,0.0,23
2023-05-09 21:08:29,ag2312C5400,ag2312C5400,645.0,0.0,0.0,0.0,2,451.5,1042.5,1,645.0,627.5,0.0,0.0,0.0,0.0,23
2023-05-09 21:08:30,ag2312C5400,ag2312C5400,645.0,0.0,0.0,0.0,2,451.5,1042.0,2,645.0,627.5,0.0,0.0,0.0,0.0,23
2023-05-09 21:08:30,ag2312C5400,ag2312C5400,645.0,0.0,0.0,0.0,1,453.0,1040.5,1,645.0,627.5,0.0,0.0,0.0,0.0,23
2023-05-09 21:08:31,ag2312C5400,ag2312C5400,645.0,0.0,0.0,0.0,1,453.0,1040.5,1,645.0,627.5,0.0,0.0,0.0,0.0,23
2023-05-09 21:08:31,ag2312C5400,ag2312C5400,645.0,0.0,0.0,0.0,2,453.5,1040.0,2,645.0,627.5,0.0,0.0,0.0,0.0,23
2023-05-09 21:08:32,ag2312C5400,ag2312C5400,645.0,0.0,0.0,0.0,2,453.5,1040.0,2,645.0,627.5,0.0,0.0,0.0,0.0,23
2023-05-09 21:08:49,ag2312C5400,ag2312C5400,645.0,0.0,0.0,0.0,1,455.0,1038.5,1,645.0,627.5,0.0,0.0,0.0,0.0,23
2023-05-09 21:08:50,ag2312C5400,ag2312C5400,645.0,0.0,0.0,0.0,1,455.0,1038.5,1,645.0,627.5,0.0,0.0,0.0,0.0,23
2023-05-09 21:08:50,ag2312C5400,ag2312C5400,645.0,0.0,0.0,0.0,2,455.5,1038.0,2,645.0,627.5,0.0,0.0,0.0,0.0,23
2023-05-09 21:08:51,ag2312C5400,ag2312C5400,645.0,0.0,0.0,0.0,2,455.5,1038.0,2,645.0,627.5,0.0,0.0,0.0,0.0,23
2023-05-09 21:08:51,ag2312C5400,ag2312C5400,645.0,0.0,0.0,0.0,1,457.0,1036.5,1,645.0,627.5,0.0,0.0,0.0,0.0,23
2023-05-09 21:08:52,ag2312C5400,ag2312C5400,645.0,0.0,0.0,0.0,1,457.0,1036.5,1,645.0,627.5,0.0,0.0,0.0,0.0,23
2023-05-09 21:08:52,ag2312C5400,ag2312C5400,645.0,0.0,0.0,0.0,2,457.5,1036.0,2,645.0,627.5,0.0,0.0,0.0,0.0,23
2023-05-09 21:08:53,ag2312C5400,ag2312C5400,645.0,0.0,0.0,0.0,2,457.5,1036.0,2,645.0,627.5,0.0,0.0,0.0,0.0,23
2023-05-09 21:09:09,ag2312C5400,ag2312C5400,645.0,0.0,0.0,0.0,1,459.0,1034.5,1,645.0,627.5,0.0,0.0,0.0,0.0,23
2023-05-09 21:09:09,ag2312C5400,ag2312C5400,645.0,0.0,0.0,0.0,1,459.0,1034.5,1,645.0,627.5,0.0,0.0,0.0,0.0,23
2023-05-09 21:09:10,ag2312C5400,ag2312C5400,645.0,0.0,0.0,0.0,2,459.5,1034.0,2,645.0,627.5,0.0,0.0,0.0,0.0,23
2023-05-09 21:09:10,ag2312C5400,ag2312C5400,645.0,0.0,0.0,0.0,2,459.5,1034.0,2,645.0,627.5,0.0,0.0,0.0,0.0,23
2023-05-09 21:09:23,ag2312C5400,ag2312C5400,645.0,0.0,0.0,0.0,1,461.0,1032.5,1,645.0,627.5,0.0,0.0,0.0,0.0,23
2023-05-09 21:09:23,ag2312C5400,ag2312C5400,645.0,0.0,0.0,0.0,1,461.0,1032.5,1,645.0,627.5,0.0,0.0,0.0,0.0,23
2023-05-09 21:09:24,ag2312C5400,ag2312C5400,645.0,0.0,0.0,0.0,2,461.5,1032.0,2,645.0,627.5,0.0,0.0,0.0,0.0,23
2023-05-09 21:09:24,ag2312C5400,ag2312C5400,645.0,0.0,0.0,0.0,2,461.5,1030.5,1,645.0,627.5,0.0,0.0,0.0,0.0,23
2023-05-09 21:09:25,ag2312C5400,ag2312C5400,645.0,0.0,0.0,0.0,2,461.5,1030.5,1,645.0,627.5,0.0,0.0,0.0,0.0,23
2023-05-09 21:09:25,ag2312C5400,ag2312C5400,645.0,0.0,0.0,0.0,2,461.5,1030.0,2,645.0,627.5,0.0,0.0,0.0,0.0,23
2023-05-09 21:09:26,ag2312C5400,ag2312C5400,645.0,0.0,0.0,0.0,2,461.5,1030.0,2,645.0,627.5,0.0,0.0,0.0,0.0,23
2023-05-09 21:09:27,ag2312C5400,ag2312C5400,645.0,0.0,0.0,0.0,1,463.0,1028.5,1,645.0,627.5,0.0,0.0,0.0,0.0,23
2023-05-09 21:09:27,ag2312C5400,ag2312C5400,645.0,0.0,0.0,0.0,1,463.0,1028.5,1,645.0,627.5,0.0,0.0,0.0,0.0,23
2023-05-09 21:09:28,ag2312C5400,ag2312C5400,645.0,0.0,0.0,0.0,2,463.5,1028.0,2,645.0,627.5,0.0,0.0,0.0,0.0,23
2023-05-09 21:09:28,ag2312C5400,ag2312C5400,645.0,0.0,0.0,0.0,2,463.5,1028.0,2,645.0,627.5,0.0,0.0,0.0,0.0,23
2023-05-09 21:09:29,ag2312C5400,ag2312C5400,645.0,0.0,0.0,0.0,1,465.0,1026.5,1,645.0,627.5,0.0,0.0,0.0,0.0,23
2023-05-09 21:09:29,ag2312C5400,ag2312C5400,645.0,0.0,0.0,0.0,1,465.0,1026.5,1,645.0,627.5,0.0,0.0,0.0,0.0,23
2023-05-09 21:09:30,ag2312C5400,ag2312C5400,645.0,0.0,0.0,0.0,2,465.5,1026.0,2,645.0,627.5,0.0,0.0,0.0,0.0,23
2023-05-09 21:09:31,ag2312C5400,ag2312C5400,645.0,0.0,0.0,0.0,2,465.5,1026.0,2,645.0,627.5,0.0,0.0,0.0,0.0,23
2023-05-09 21:09:42,ag2312C5400,ag2312C5400,645.0,0.0,0.0,0.0,1,467.0,1024.5,1,645.0,627.5,0.0,0.0,0.0,0.0,23
2023-05-09 21:09:42,ag2312C5400,ag2312C5400,645.0,0.0,0.0,0.0,1,467.0,1024.5,1,645.0,627.5,0.0,0.0,0.0,0.0,23
2023-05-09 21:09:43,ag2312C5400,ag2312C5400,645.0,0.0,0.0,0.0,2,467.5,1024.0,2,645.0,627.5,0.0,0.0,0.0,0.0,23
2023-05-09 21:09:43,ag2312C5400,ag2312C5400,645.0,0.0,0.0,0.0,2,467.5,1024.0,2,645.0,627.5,0.0,0.0,0.0,0.0,23
2023-05-09 21:09:44,ag2312C5400,ag2312C5400,645.0,0.0,0.0,0.0,1,469.0,1022.5,1,645.0,627.5,0.0,0.0,0.0,0.0,23
2023-05-09 21:09:44,ag2312C5400,ag2312C5400,645.0,0.0,0.0,0.0,1,469.0,1022.5,1,645.0,627.5,0.0,0.0,0.0,0.0,23
2023-05-09 21:09:45,ag2312C5400,ag2312C5400,645.0,0.0,0.0,0.0,2,469.5,1022.0,2,645.0,627.5,0.0,0.0,0.0,0.0,23
2023-05-09 21:09:45,ag2312C5400,ag2312C5400,645.0,0.0,0.0,0.0,2,469.5,1022.0,2,645.0,627.5,0.0,0.0,0.0,0.0,23
2023-05-09 21:09:46,ag2312C5400,ag2312C5400,645.0,0.0,0.0,0.0,1,471.0,1020.5,1,645.0,627.5,0.0,0.0,0.0,0.0,23
2023-05-09 21:09:46,ag2312C5400,ag2312C5400,645.0,0.0,0.0,0.0,1,471.0,1020.5,1,645.0,627.5,0.0,0.0,0.0,0.0,23
2023-05-09 21:09:47,ag2312C5400,ag2312C5400,645.0,0.0,0.0,0.0,2,471.5,1020.0,2,645.0,627.5,0.0,0.0,0.0,0.0,23
2023-05-09 21:09:47,ag2312C5400,ag2312C5400,645.0,0.0,0.0,0.0,2,471.5,1020.0,2,645.0,627.5,0.0,0.0,0.0,0.0,23
2023-05-09 21:09:52,ag2312C5400,ag2312C5400,645.0,0.0,0.0,0.0,2,471.5,1018.5,1,645.0,627.5,0.0,0.0,0.0,0.0,23
2023-05-09 21:09:53,ag2312C5400,ag2312C5400,645.0,0.0,0.0,0.0,2,471.5,1018.5,1,645.0,627.5,0.0,0.0,0.0,0.0,23
2023-05-09 21:09:53,ag2312C5400,ag2312C5400,645.0,0.0,0.0,0.0,2,471.5,1018.0,2,645.0,627.5,0.0,0.0,0.0,0.0,23
2023-05-09 21:09:54,ag2312C5400,ag2312C5400,645.0,0.0,0.0,0.0,2,471.5,1016.5,1,645.0,627.5,0.0,0.0,0.0,0.0,23
2023-05-09 21:09:55,ag2312C5400,ag2312C5400,645.0,0.0,0.0,0.0,2,471.5,1016.5,1,645.0,627.5,0.0,0.0,0.0,0.0,23
2023-05-09 21:09:55,ag2312C5400,ag2312C5400,645.0,0.0,0.0,0.0,2,471.5,1016.0,2,645.0,627.5,0.0,0.0,0.0,0.0,23
2023-05-09 21:09:56,ag2312C5400,ag2312C5400,645.0,0.0,0.0,0.0,2,471.5,1016.0,2,645.0,627.5,0.0,0.0,0.0,0.0,23
2023-05-09 21:10:18,ag2312C5400,ag2312C5400,645.0,0.0,0.0,0.0,2,471.5,1014.5,1,645.0,627.5,0.0,0.0,0.0,0.0,23
2023-05-09 21:10:18,ag2312C5400,ag2312C5400,645.0,0.0,0.0,0.0,2,471.5,1014.5,1,645.0,627.5,0.0,0.0,0.0,0.0,23
2023-05-09 21:10:19,ag2312C5400,ag2312C5400,645.0,0.0,0.0,0.0,2,471.5,1014.0,2,645.0,627.5,0.0,0.0,0.0,0.0,23
2023-05-09 21:10:19,ag2312C5400,ag2312C5400,645.0,0.0,0.0,0.0,2,471.5,1014.0,2,645.0,627.5,0.0,0.0,0.0,0.0,23
2023-05-09 21:10:29,ag2312C5400,ag2312C5400,645.0,0.0,0.0,0.0,2,471.5,1012.5,1,645.0,627.5,0.0,0.0,0.0,0.0,23
2023-05-09 21:10:30,ag2312C5400,ag2312C5400,645.0,0.0,0.0,0.0,2,471.5,1012.5,1,645.0,627.5,0.0,0.0,0.0,0.0,23
2023-05-09 21:10:30,ag2312C5400,ag2312C5400,645.0,0.0,0.0,0.0,2,471.5,1012.0,2,645.0,627.5,0.0,0.0,0.0,0.0,23
2023-05-09 21:10:31,ag2312C5400,ag2312C5400,645.0,0.0,0.0,0.0,2,471.5,1012.0,2,645.0,627.5,0.0,0.0,0.0,0.0,23
2023-05-09 21:10:40,ag2312C5400,ag2312C5400,645.0,0.0,0.0,0.0,2,471.5,1010.5,1,645.0,627.5,0.0,0.0,0.0,0.0,23
2023-05-09 21:10:40,ag2312C5400,ag2312C5400,645.0,0.0,0.0,0.0,2,471.5,1010.5,1,645.0,627.5,0.0,0.0,0.0,0.0,23
2023-05-09 21:10:41,ag2312C5400,ag2312C5400,645.0,0.0,0.0,0.0,2,471.5,1010.0,2,645.0,627.5,0.0,0.0,0.0,0.0,23
2023-05-09 21:10:42,ag2312C5400,ag2312C5400,645.0,0.0,0.0,0.0,2,471.5,1010.0,2,645.0,627.5,0.0,0.0,0.0,0.0,23
2023-05-09 21:10:51,ag2312C5400,ag2312C5400,645.0,0.0,0.0,0.0,2,471.5,1008.5,1,645.0,627.5,0.0,0.0,0.0,0.0,23
2023-05-09 21:10:52,ag2312C5400,ag2312C5400,645.0,0.0,0.0,0.0,2,471.5,1008.5,1,645.0,627.5,0.0,0.0,0.0,0.0,23
2023-05-09 21:10:52,ag2312C5400,ag2312C5400,645.0,0.0,0.0,0.0,2,471.5,1008.0,2,645.0,627.5,0.0,0.0,0.0,0.0,23
2023-05-09 21:10:53,ag2312C5400,ag2312C5400,645.0,0.0,0.0,0.0,2,471.5,1008.0,2,645.0,627.5,0.0,0.0,0.0,0.0,23
2023-05-09 21:11:06,ag2312C5400,ag2312C5400,645.0,0.0,0.0,0.0,2,471.5,1006.5,1,645.0,627.5,0.0,0.0,0.0,0.0,23
2023-05-09 21:11:07,ag2312C5400,ag2312C5400,645.0,0.0,0.0,0.0,2,471.5,1006.5,1,645.0,627.5,0.0,0.0,0.0,0.0,23
2023-05-09 21:11:07,ag2312C5400,ag2312C5400,645.0,0.0,0.0,0.0,2,471.5,1006.0,2,645.0,627.5,0.0,0.0,0.0,0.0,23
2023-05-09 21:11:08,ag2312C5400,ag2312C5400,645.0,0.0,0.0,0.0,2,471.5,1006.0,2,645.0,627.5,0.0,0.0,0.0,0.0,23
2023-05-09 21:11:10,ag2312C5400,ag2312C5400,645.0,0.0,0.0,0.0,2,471.5,1004.5,1,645.0,627.5,0.0,0.0,0.0,0.0,23
2023-05-09 21:11:10,ag2312C5400,ag2312C5400,645.0,0.0,0.0,0.0,2,471.5,1004.5,1,645.0,627.5,0.0,0.0,0.0,0.0,23
2023-05-09 21:11:11,ag2312C5400,ag2312C5400,645.0,0.0,0.0,0.0,2,471.5,1004.0,2,645.0,627.5,0.0,0.0,0.0,0.0,23
2023-05-09 21:11:11,ag2312C5400,ag2312C5400,645.0,0.0,0.0,0.0,2,471.5,1004.0,2,645.0,627.5,0.0,0.0,0.0,0.0,23
2023-05-09 21:11:17,ag2312C5400,ag2312C5400,645.0,0.0,0.0,0.0,2,471.5,1002.5,1,645.0,627.5,0.0,0.0,0.0,0.0,23
2023-05-09 21:11:18,ag2312C5400,ag2312C5400,645.0,0.0,0.0,0.0,2,471.5,1002.5,1,645.0,627.5,0.0,0.0,0.0,0.0,23
2023-05-09 21:11:18,ag2312C5400,ag2312C5400,645.0,0.0,0.0,0.0,2,471.5,1002.0,2,645.0,627.5,0.0,0.0,0.0,0.0,23
2023-05-09 21:11:19,ag2312C5400,ag2312C5400,645.0,0.0,0.0,0.0,2,471.5,1002.0,2,645.0,627.5,0.0,0.0,0.0,0.0,23
2023-05-09 21:11:42,ag2312C5400,ag2312C5400,645.0,0.0,0.0,0.0,2,471.5,1000.5,1,645.0,627.5,0.0,0.0,0.0,0.0,23
2023-05-09 21:11:43,ag2312C5400,ag2312C5400,645.0,0.0,0.0,0.0,2,471.5,1000.5,1,645.0,627.5,0.0,0.0,0.0,0.0,23
2023-05-09 21:11:43,ag2312C5400,ag2312C5400,645.0,0.0,0.0,0.0,2,471.5,1000.0,2,645.0,627.5,0.0,0.0,0.0,0.0,23
2023-05-09 21:11:44,ag2312C5400,ag2312C5400,645.0,0.0,0.0,0.0,2,471.5,1000.0,2,645.0,627.5,0.0,0.0,0.0,0.0,23
2023-05-09 21:11:48,ag2312C5400,ag2312C5400,645.0,0.0,0.0,0.0,1,473.0,998.5,1,645.0,627.5,0.0,0.0,0.0,0.0,23
2023-05-09 21:11:49,ag2312C5400,ag2312C5400,645.0,0.0,0.0,0.0,1,473.0,998.5,1,645.0,627.5,0.0,0.0,0.0,0.0,23
2023-05-09 21:11:49,ag2312C5400,ag2312C5400,645.0,0.0,0.0,0.0,2,473.5,998.0,2,645.0,627.5,0.0,0.0,0.0,0.0,23
2023-05-09 21:11:50,ag2312C5400,ag2312C5400,645.0,0.0,0.0,0.0,2,473.5,998.0,2,645.0,627.5,0.0,0.0,0.0,0.0,23
2023-05-09 21:11:57,ag2312C5400,ag2312C5400,645.0,0.0,0.0,0.0,1,475.0,996.5,1,645.0,627.5,0.0,0.0,0.0,0.0,23
2023-05-09 21:11:57,ag2312C5400,ag2312C5400,645.0,0.0,0.0,0.0,1,475.0,996.5,1,645.0,627.5,0.0,0.0,0.0,0.0,23
2023-05-09 21:11:58,ag2312C5400,ag2312C5400,645.0,0.0,0.0,0.0,2,475.5,996.0,2,645.0,627.5,0.0,0.0,0.0,0.0,23
2023-05-09 21:11:58,ag2312C5400,ag2312C5400,645.0,0.0,0.0,0.0,2,475.5,996.0,2,645.0,627.5,0.0,0.0,0.0,0.0,23
2023-05-09 21:11:59,ag2312C5400,ag2312C5400,645.0,0.0,0.0,0.0,2,475.5,994.5,1,645.0,627.5,0.0,0.0,0.0,0.0,23
2023-05-09 21:12:00,ag2312C5400,ag2312C5400,645.0,0.0,0.0,0.0,2,475.5,994.5,1,645.0,627.5,0.0,0.0,0.0,0.0,23
2023-05-09 21:12:00,ag2312C5400,ag2312C5400,645.0,0.0,0.0,0.0,2,475.5,994.0,2,645.0,627.5,0.0,0.0,0.0,0.0,23
2023-05-09 21:12:01,ag2312C5400,ag2312C5400,645.0,0.0,0.0,0.0,2,475.5,994.0,2,645.0,627.5,0.0,0.0,0.0,0.0,23
2023-05-09 21:12:05,ag2312C5400,ag2312C5400,645.0,0.0,0.0,0.0,2,475.5,992.5,1,645.0,627.5,0.0,0.0,0.0,0.0,23
2023-05-09 21:12:05,ag2312C5400,ag2312C5400,645.0,0.0,0.0,0.0,2,475.5,992.5,1,645.0,627.5,0.0,0.0,0.0,0.0,23
2023-05-09 21:12:06,ag2312C5400,ag2312C5400,645.0,0.0,0.0,0.0,2,475.5,992.0,2,645.0,627.5,0.0,0.0,0.0,0.0,23
2023-05-09 21:12:06,ag2312C5400,ag2312C5400,645.0,0.0,0.0,0.0,2,475.5,990.5,1,645.0,627.5,0.0,0.0,0.0,0.0,23
2023-05-09 21:12:07,ag2312C5400,ag2312C5400,645.0,0.0,0.0,0.0,2,475.5,990.0,2,645.0,627.5,0.0,0.0,0.0,0.0,23
2023-05-09 21:12:07,ag2312C5400,ag2312C5400,645.0,0.0,0.0,0.0,2,475.5,990.0,2,645.0,627.5,0.0,0.0,0.0,0.0,23
2023-05-09 21:12:21,ag2312C5400,ag2312C5400,645.0,0.0,0.0,0.0,2,475.5,988.5,1,645.0,627.5,0.0,0.0,0.0,0.0,23
2023-05-09 21:12:21,ag2312C5400,ag2312C5400,645.0,0.0,0.0,0.0,2,475.5,988.5,1,645.0,627.5,0.0,0.0,0.0,0.0,23
2023-05-09 21:12:22,ag2312C5400,ag2312C5400,645.0,0.0,0.0,0.0,2,475.5,988.0,2,645.0,627.5,0.0,0.0,0.0,0.0,23
2023-05-09 21:12:22,ag2312C5400,ag2312C5400,645.0,0.0,0.0,0.0,2,475.5,988.0,2,645.0,627.5,0.0,0.0,0.0,0.0,23
2023-05-09 21:12:23,ag2312C5400,ag2312C5400,645.0,0.0,0.0,0.0,2,475.5,986.5,1,645.0,627.5,0.0,0.0,0.0,0.0,23
2023-05-09 21:12:23,ag2312C5400,ag2312C5400,645.0,0.0,0.0,0.0,2,475.5,986.5,1,645.0,627.5,0.0,0.0,0.0,0.0,23
2023-05-09 21:12:24,ag2312C5400,ag2312C5400,645.0,0.0,0.0,0.0,2,475.5,986.0,2,645.0,627.5,0.0,0.0,0.0,0.0,23
2023-05-09 21:12:24,ag2312C5400,ag2312C5400,645.0,0.0,0.0,0.0,2,475.5,986.0,2,645.0,627.5,0.0,0.0,0.0,0.0,23
2023-05-09 21:12:26,ag2312C5400,ag2312C5400,645.0,0.0,0.0,0.0,2,475.5,984.5,1,645.0,627.5,0.0,0.0,0.0,0.0,23
2023-05-09 21:12:26,ag2312C5400,ag2312C5400,645.0,0.0,0.0,0.0,2,475.5,984.5,1,645.0,627.5,0.0,0.0,0.0,0.0,23
2023-05-09 21:12:27,ag2312C5400,ag2312C5400,645.0,0.0,0.0,0.0,2,475.5,984.0,2,645.0,627.5,0.0,0.0,0.0,0.0,23
2023-05-09 21:12:28,ag2312C5400,ag2312C5400,645.0,0.0,0.0,0.0,2,475.5,984.0,2,645.0,627.5,0.0,0.0,0.0,0.0,23
2023-05-09 21:13:11,ag2312C5400,ag2312C5400,645.0,0.0,0.0,0.0,2,475.5,982.5,1,645.0,627.5,0.0,0.0,0.0,0.0,23
2023-05-09 21:13:11,ag2312C5400,ag2312C5400,645.0,0.0,0.0,0.0,2,475.5,982.5,1,645.0,627.5,0.0,0.0,0.0,0.0,23
2023-05-09 21:13:12,ag2312C5400,ag2312C5400,645.0,0.0,0.0,0.0,2,475.5,982.0,2,645.0,627.5,0.0,0.0,0.0,0.0,23
2023-05-09 21:13:13,ag2312C5400,ag2312C5400,645.0,0.0,0.0,0.0,2,475.5,982.0,2,645.0,627.5,0.0,0.0,0.0,0.0,23
2023-05-09 21:13:17,ag2312C5400,ag2312C5400,645.0,0.0,0.0,0.0,2,475.5,980.5,1,645.0,627.5,0.0,0.0,0.0,0.0,23
2023-05-09 21:13:18,ag2312C5400,ag2312C5400,645.0,0.0,0.0,0.0,2,475.5,980.5,1,645.0,627.5,0.0,0.0,0.0,0.0,23
2023-05-09 21:13:18,ag2312C5400,ag2312C5400,645.0,0.0,0.0,0.0,2,475.5,980.0,2,645.0,627.5,0.0,0.0,0.0,0.0,23
2023-05-09 21:13:19,ag2312C5400,ag2312C5400,645.0,0.0,0.0,0.0,2,475.5,980.0,2,645.0,627.5,0.0,0.0,0.0,0.0,23
2023-05-09 21:13:19,ag2312C5400,ag2312C5400,645.0,0.0,0.0,0.0,2,475.5,978.5,1,645.0,627.5,0.0,0.0,0.0,0.0,23
2023-05-09 21:13:20,ag2312C5400,ag2312C5400,645.0,0.0,0.0,0.0,2,475.5,978.5,1,645.0,627.5,0.0,0.0,0.0,0.0,23
2023-05-09 21:13:20,ag2312C5400,ag2312C5400,645.0,0.0,0.0,0.0,2,475.5,978.0,2,645.0,627.5,0.0,0.0,0.0,0.0,23
2023-05-09 21:13:21,ag2312C5400,ag2312C5400,645.0,0.0,0.0,0.0,2,475.5,978.0,2,645.0,627.5,0.0,0.0,0.0,0.0,23
2023-05-09 21:13:35,ag2312C5400,ag2312C5400,645.0,0.0,0.0,0.0,2,475.5,976.5,1,645.0,627.5,0.0,0.0,0.0,0.0,23
2023-05-09 21:13:36,ag2312C5400,ag2312C5400,645.0,0.0,0.0,0.0,2,475.5,976.5,1,645.0,627.5,0.0,0.0,0.0,0.0,23
2023-05-09 21:13:36,ag2312C5400,ag2312C5400,645.0,0.0,0.0,0.0,2,475.5,976.0,2,645.0,627.5,0.0,0.0,0.0,0.0,23
2023-05-09 21:13:37,ag2312C5400,ag2312C5400,645.0,0.0,0.0,0.0,2,475.5,976.0,2,645.0,627.5,0.0,0.0,0.0,0.0,23
2023-05-09 21:13:38,ag2312C5400,ag2312C5400,645.0,0.0,0.0,0.0,2,475.5,974.5,1,645.0,627.5,0.0,0.0,0.0,0.0,23
2023-05-09 21:13:38,ag2312C5400,ag2312C5400,645.0,0.0,0.0,0.0,2,475.5,974.5,1,645.0,627.5,0.0,0.0,0.0,0.0,23
2023-05-09 21:13:39,ag2312C5400,ag2312C5400,645.0,0.0,0.0,0.0,2,475.5,974.0,2,645.0,627.5,0.0,0.0,0.0,0.0,23
2023-05-09 21:13:39,ag2312C5400,ag2312C5400,645.0,0.0,0.0,0.0,2,475.5,972.5,1,645.0,627.5,0.0,0.0,0.0,0.0,23
2023-05-09 21:13:40,ag2312C5400,ag2312C5400,645.0,0.0,0.0,0.0,2,475.5,972.5,1,645.0,627.5,0.0,0.0,0.0,0.0,23
2023-05-09 21:13:40,ag2312C5400,ag2312C5400,645.0,0.0,0.0,0.0,2,475.5,972.0,2,645.0,627.5,0.0,0.0,0.0,0.0,23
2023-05-09 21:13:41,ag2312C5400,ag2312C5400,645.0,0.0,0.0,0.0,2,475.5,972.0,2,645.0,627.5,0.0,0.0,0.0,0.0,23
2023-05-09 21:13:46,ag2312C5400,ag2312C5400,645.0,0.0,0.0,0.0,2,475.5,970.5,1,645.0,627.5,0.0,0.0,0.0,0.0,23
2023-05-09 21:13:46,ag2312C5400,ag2312C5400,645.0,0.0,0.0,0.0,2,475.5,970.5,1,645.0,627.5,0.0,0.0,0.0,0.0,23
2023-05-09 21:13:47,ag2312C5400,ag2312C5400,645.0,0.0,0.0,0.0,2,475.5,970.0,2,645.0,627.5,0.0,0.0,0.0,0.0,23
2023-05-09 21:13:47,ag2312C5400,ag2312C5400,645.0,0.0,0.0,0.0,2,475.5,970.0,2,645.0,627.5,0.0,0.0,0.0,0.0,23
2023-05-09 21:13:48,ag2312C5400,ag2312C5400,645.0,0.0,0.0,0.0,2,475.5,968.5,1,645.0,627.5,0.0,0.0,0.0,0.0,23
2023-05-09 21:13:48,ag2312C5400,ag2312C5400,645.0,0.0,0.0,0.0,2,475.5,968.5,1,645.0,627.5,0.0,0.0,0.0,0.0,23
2023-05-09 21:13:49,ag2312C5400,ag2312C5400,645.0,0.0,0.0,0.0,2,475.5,968.0,2,645.0,627.5,0.0,0.0,0.0,0.0,23
2023-05-09 21:13:50,ag2312C5400,ag2312C5400,645.0,0.0,0.0,0.0,2,475.5,966.5,1,645.0,627.5,0.0,0.0,0.0,0.0,23
2023-05-09 21:13:50,ag2312C5400,ag2312C5400,645.0,0.0,0.0,0.0,2,475.5,966.5,1,645.0,627.5,0.0,0.0,0.0,0.0,23
2023-05-09 21:13:51,ag2312C5400,ag2312C5400,645.0,0.0,0.0,0.0,2,475.5,966.0,2,645.0,627.5,0.0,0.0,0.0,0.0,23
2023-05-09 21:13:52,ag2312C5400,ag2312C5400,645.0,0.0,0.0,0.0,2,475.5,964.5,1,645.0,627.5,0.0,0.0,0.0,0.0,23
2023-05-09 21:13:52,ag2312C5400,ag2312C5400,645.0,0.0,0.0,0.0,2,475.5,964.5,1,645.0,627.5,0.0,0.0,0.0,0.0,23
2023-05-09 21:13:53,ag2312C5400,ag2312C5400,645.0,0.0,0.0,0.0,2,475.5,964.0,2,645.0,627.5,0.0,0.0,0.0,0.0,23
2023-05-09 21:13:53,ag2312C5400,ag2312C5400,645.0,0.0,0.0,0.0,2,475.5,962.5,1,645.0,627.5,0.0,0.0,0.0,0.0,23
2023-05-09 21:13:54,ag2312C5400,ag2312C5400,645.0,0.0,0.0,0.0,2,475.5,962.5,1,645.0,627.5,0.0,0.0,0.0,0.0,23
2023-05-09 21:13:54,ag2312C5400,ag2312C5400,645.0,0.0,0.0,0.0,2,475.5,962.0,2,645.0,627.5,0.0,0.0,0.0,0.0,23
2023-05-09 21:13:55,ag2312C5400,ag2312C5400,645.0,0.0,0.0,0.0,2,475.5,962.0,2,645.0,627.5,0.0,0.0,0.0,0.0,23
2023-05-09 21:14:06,ag2312C5400,ag2312C5400,645.0,0.0,0.0,0.0,2,475.5,960.5,1,645.0,627.5,0.0,0.0,0.0,0.0,23
2023-05-09 21:14:06,ag2312C5400,ag2312C5400,645.0,0.0,0.0,0.0,2,475.5,960.5,1,645.0,627.5,0.0,0.0,0.0,0.0,23
2023-05-09 21:14:07,ag2312C5400,ag2312C5400,645.0,0.0,0.0,0.0,2,475.5,960.0,2,645.0,627.5,0.0,0.0,0.0,0.0,23
2023-05-09 21:14:07,ag2312C5400,ag2312C5400,645.0,0.0,0.0,0.0,2,475.5,960.0,2,645.0,627.5,0.0,0.0,0.0,0.0,23
2023-05-09 21:14:08,ag2312C5400,ag2312C5400,645.0,0.0,0.0,0.0,2,475.5,958.5,1,645.0,627.5,0.0,0.0,0.0,0.0,23
2023-05-09 21:14:09,ag2312C5400,ag2312C5400,645.0,0.0,0.0,0.0,2,475.5,958.5,1,645.0,627.5,0.0,0.0,0.0,0.0,23
2023-05-09 21:14:09,ag2312C5400,ag2312C5400,645.0,0.0,0.0,0.0,2,475.5,958.0,2,645.0,627.5,0.0,0.0,0.0,0.0,23
2023-05-09 21:14:10,ag2312C5400,ag2312C5400,645.0,0.0,0.0,0.0,2,475.5,958.0,2,645.0,627.5,0.0,0.0,0.0,0.0,23
2023-05-09 21:14:45,ag2312C5400,ag2312C5400,645.0,0.0,0.0,0.0,2,475.5,956.5,1,645.0,627.5,0.0,0.0,0.0,0.0,23
2023-05-09 21:14:45,ag2312C5400,ag2312C5400,645.0,0.0,0.0,0.0,2,475.5,956.5,1,645.0,627.5,0.0,0.0,0.0,0.0,23
2023-05-09 21:14:46,ag2312C5400,ag2312C5400,645.0,0.0,0.0,0.0,2,475.5,956.0,2,645.0,627.5,0.0,0.0,0.0,0.0,23
2023-05-09 21:14:47,ag2312C5400,ag2312C5400,645.0,0.0,0.0,0.0,2,475.5,954.5,1,645.0,627.5,0.0,0.0,0.0,0.0,23
2023-05-09 21:14:47,ag2312C5400,ag2312C5400,645.0,0.0,0.0,0.0,2,475.5,954.5,1,645.0,627.5,0.0,0.0,0.0,0.0,23
2023-05-09 21:14:48,ag2312C5400,ag2312C5400,645.0,0.0,0.0,0.0,2,475.5,954.0,2,645.0,627.5,0.0,0.0,0.0,0.0,23
2023-05-09 21:14:49,ag2312C5400,ag2312C5400,645.0,0.0,0.0,0.0,2,475.5,952.5,1,645.0,627.5,0.0,0.0,0.0,0.0,23
2023-05-09 21:14:49,ag2312C5400,ag2312C5400,645.0,0.0,0.0,0.0,2,475.5,952.5,1,645.0,627.5,0.0,0.0,0.0,0.0,23
2023-05-09 21:14:50,ag2312C5400,ag2312C5400,645.0,0.0,0.0,0.0,2,475.5,952.0,2,645.0,627.5,0.0,0.0,0.0,0.0,23
2023-05-09 21:14:50,ag2312C5400,ag2312C5400,645.0,0.0,0.0,0.0,2,475.5,952.0,2,645.0,627.5,0.0,0.0,0.0,0.0,23
2023-05-09 21:15:14,ag2312C5400,ag2312C5400,645.0,0.0,0.0,0.0,2,475.5,950.5,1,645.0,627.5,0.0,0.0,0.0,0.0,23
2023-05-09 21:15:14,ag2312C5400,ag2312C5400,645.0,0.0,0.0,0.0,2,475.5,950.5,1,645.0,627.5,0.0,0.0,0.0,0.0,23
2023-05-09 21:15:15,ag2312C5400,ag2312C5400,645.0,0.0,0.0,0.0,2,475.5,950.0,2,645.0,627.5,0.0,0.0,0.0,0.0,23
2023-05-09 21:15:15,ag2312C5400,ag2312C5400,645.0,0.0,0.0,0.0,2,475.5,950.0,2,645.0,627.5,0.0,0.0,0.0,0.0,23
2023-05-09 21:16:13,ag2312C5400,ag2312C5400,645.0,0.0,0.0,0.0,2,475.5,948.5,1,645.0,627.5,0.0,0.0,0.0,0.0,23
2023-05-09 21:16:14,ag2312C5400,ag2312C5400,645.0,0.0,0.0,0.0,2,475.5,948.5,1,645.0,627.5,0.0,0.0,0.0,0.0,23
2023-05-09 21:16:14,ag2312C5400,ag2312C5400,645.0,0.0,0.0,0.0,2,475.5,948.0,2,645.0,627.5,0.0,0.0,0.0,0.0,23
2023-05-09 21:16:15,ag2312C5400,ag2312C5400,645.0,0.0,0.0,0.0,2,475.5,946.5,1,645.0,627.5,0.0,0.0,0.0,0.0,23
2023-05-09 21:16:15,ag2312C5400,ag2312C5400,645.0,0.0,0.0,0.0,2,475.5,946.5,1,645.0,627.5,0.0,0.0,0.0,0.0,23
2023-05-09 21:16:16,ag2312C5400,ag2312C5400,645.0,0.0,0.0,0.0,2,475.5,946.0,2,645.0,627.5,0.0,0.0,0.0,0.0,23
2023-05-09 21:16:16,ag2312C5400,ag2312C5400,645.0,0.0,0.0,0.0,2,475.5,944.5,1,645.0,627.5,0.0,0.0,0.0,0.0,23
2023-05-09 21:16:17,ag2312C5400,ag2312C5400,645.0,0.0,0.0,0.0,2,475.5,944.5,1,645.0,627.5,0.0,0.0,0.0,0.0,23
2023-05-09 21:16:17,ag2312C5400,ag2312C5400,645.0,0.0,0.0,0.0,2,475.5,944.0,2,645.0,627.5,0.0,0.0,0.0,0.0,23
2023-05-09 21:16:18,ag2312C5400,ag2312C5400,645.0,0.0,0.0,0.0,2,475.5,942.5,1,645.0,627.5,0.0,0.0,0.0,0.0,23
2023-05-09 21:16:18,ag2312C5400,ag2312C5400,645.0,0.0,0.0,0.0,2,475.5,942.5,1,645.0,627.5,0.0,0.0,0.0,0.0,23
2023-05-09 21:16:19,ag2312C5400,ag2312C5400,645.0,0.0,0.0,0.0,2,475.5,942.0,2,645.0,627.5,0.0,0.0,0.0,0.0,23
2023-05-09 21:16:20,ag2312C5400,ag2312C5400,645.0,0.0,0.0,0.0,2,475.5,942.0,2,645.0,627.5,0.0,0.0,0.0,0.0,23
2023-05-09 21:16:25,ag2312C5400,ag2312C5400,645.0,0.0,0.0,0.0,2,475.5,940.5,1,645.0,627.5,0.0,0.0,0.0,0.0,23
2023-05-09 21:16:26,ag2312C5400,ag2312C5400,645.0,0.0,0.0,0.0,2,475.5,940.5,1,645.0,627.5,0.0,0.0,0.0,0.0,23
2023-05-09 21:16:26,ag2312C5400,ag2312C5400,645.0,0.0,0.0,0.0,2,475.5,940.0,2,645.0,627.5,0.0,0.0,0.0,0.0,23
2023-05-09 21:16:27,ag2312C5400,ag2312C5400,645.0,0.0,0.0,0.0,2,475.5,940.0,2,645.0,627.5,0.0,0.0,0.0,0.0,23
2023-05-09 21:16:51,ag2312C5400,ag2312C5400,645.0,0.0,0.0,0.0,2,475.5,938.5,1,645.0,627.5,0.0,0.0,0.0,0.0,23
2023-05-09 21:16:52,ag2312C5400,ag2312C5400,645.0,0.0,0.0,0.0,2,475.5,938.5,1,645.0,627.5,0.0,0.0,0.0,0.0,23
2023-05-09 21:16:52,ag2312C5400,ag2312C5400,645.0,0.0,0.0,0.0,2,475.5,938.0,2,645.0,627.5,0.0,0.0,0.0,0.0,23
2023-05-09 21:16:53,ag2312C5400,ag2312C5400,645.0,0.0,0.0,0.0,2,475.5,938.0,2,645.0,627.5,0.0,0.0,0.0,0.0,23
2023-05-09 21:17:22,ag2312C5400,ag2312C5400,645.0,0.0,0.0,0.0,2,475.5,936.5,1,645.0,627.5,0.0,0.0,0.0,0.0,23
2023-05-09 21:17:22,ag2312C5400,ag2312C5400,645.0,0.0,0.0,0.0,2,475.5,936.5,1,645.0,627.5,0.0,0.0,0.0,0.0,23
2023-05-09 21:17:23,ag2312C5400,ag2312C5400,645.0,0.0,0.0,0.0,2,475.5,936.0,2,645.0,627.5,0.0,0.0,0.0,0.0,23
2023-05-09 21:17:24,ag2312C5400,ag2312C5400,645.0,0.0,0.0,0.0,2,475.5,936.0,2,645.0,627.5,0.0,0.0,0.0,0.0,23
2023-05-09 21:17:25,ag2312C5400,ag2312C5400,645.0,0.0,0.0,0.0,1,477.0,936.0,2,645.0,627.5,0.0,0.0,0.0,0.0,23
2023-05-09 21:17:25,ag2312C5400,ag2312C5400,645.0,0.0,0.0,0.0,1,477.0,936.0,2,645.0,627.5,0.0,0.0,0.0,0.0,23
2023-05-09 21:17:26,ag2312C5400,ag2312C5400,645.0,0.0,0.0,0.0,2,477.5,936.0,2,645.0,627.5,0.0,0.0,0.0,0.0,23
2023-05-09 21:17:27,ag2312C5400,ag2312C5400,645.0,0.0,0.0,0.0,2,477.5,936.0,2,645.0,627.5,0.0,0.0,0.0,0.0,23
2023-05-09 21:17:36,ag2312C5400,ag2312C5400,645.0,0.0,0.0,0.0,2,477.5,934.5,1,645.0,627.5,0.0,0.0,0.0,0.0,23
2023-05-09 21:17:37,ag2312C5400,ag2312C5400,645.0,0.0,0.0,0.0,2,477.5,934.5,1,645.0,627.5,0.0,0.0,0.0,0.0,23
2023-05-09 21:17:37,ag2312C5400,ag2312C5400,645.0,0.0,0.0,0.0,2,477.5,934.0,2,645.0,627.5,0.0,0.0,0.0,0.0,23
2023-05-09 21:17:38,ag2312C5400,ag2312C5400,645.0,0.0,0.0,0.0,2,477.5,934.0,2,645.0,627.5,0.0,0.0,0.0,0.0,23
2023-05-09 21:17:46,ag2312C5400,ag2312C5400,645.0,0.0,0.0,0.0,1,479.0,932.5,1,645.0,627.5,0.0,0.0,0.0,0.0,23
2023-05-09 21:17:47,ag2312C5400,ag2312C5400,645.0,0.0,0.0,0.0,1,479.0,932.5,1,645.0,627.5,0.0,0.0,0.0,0.0,23
2023-05-09 21:17:47,ag2312C5400,ag2312C5400,645.0,0.0,0.0,0.0,2,479.5,932.0,2,645.0,627.5,0.0,0.0,0.0,0.0,23
2023-05-09 21:17:48,ag2312C5400,ag2312C5400,645.0,0.0,0.0,0.0,2,479.5,932.0,2,645.0,627.5,0.0,0.0,0.0,0.0,23
2023-05-09 21:17:49,ag2312C5400,ag2312C5400,645.0,0.0,0.0,0.0,2,479.5,930.5,1,645.0,627.5,0.0,0.0,0.0,0.0,23
2023-05-09 21:17:49,ag2312C5400,ag2312C5400,645.0,0.0,0.0,0.0,2,479.5,930.5,1,645.0,627.5,0.0,0.0,0.0,0.0,23
2023-05-09 21:17:50,ag2312C5400,ag2312C5400,645.0,0.0,0.0,0.0,1,481.0,930.0,2,645.0,627.5,0.0,0.0,0.0,0.0,23
2023-05-09 21:17:50,ag2312C5400,ag2312C5400,645.0,0.0,0.0,0.0,1,481.0,930.0,2,645.0,627.5,0.0,0.0,0.0,0.0,23
2023-05-09 21:17:51,ag2312C5400,ag2312C5400,645.0,0.0,0.0,0.0,2,481.5,930.0,2,645.0,627.5,0.0,0.0,0.0,0.0,23
2023-05-09 21:17:51,ag2312C5400,ag2312C5400,645.0,0.0,0.0,0.0,2,481.5,930.0,2,645.0,627.5,0.0,0.0,0.0,0.0,23
2023-05-09 21:17:54,ag2312C5400,ag2312C5400,645.0,0.0,0.0,0.0,2,481.5,928.5,1,645.0,627.5,0.0,0.0,0.0,0.0,23
2023-05-09 21:17:55,ag2312C5400,ag2312C5400,645.0,0.0,0.0,0.0,2,481.5,928.5,1,645.0,627.5,0.0,0.0,0.0,0.0,23
2023-05-09 21:17:55,ag2312C5400,ag2312C5400,645.0,0.0,0.0,0.0,2,481.5,928.0,2,645.0,627.5,0.0,0.0,0.0,0.0,23
2023-05-09 21:17:56,ag2312C5400,ag2312C5400,645.0,0.0,0.0,0.0,2,481.5,928.0,2,645.0,627.5,0.0,0.0,0.0,0.0,23
2023-05-09 21:18:06,ag2312C5400,ag2312C5400,645.0,0.0,0.0,0.0,2,481.5,926.5,1,645.0,627.5,0.0,0.0,0.0,0.0,23
2023-05-09 21:18:07,ag2312C5400,ag2312C5400,645.0,0.0,0.0,0.0,2,481.5,926.5,1,645.0,627.5,0.0,0.0,0.0,0.0,23
2023-05-09 21:18:07,ag2312C5400,ag2312C5400,645.0,0.0,0.0,0.0,2,481.5,926.0,2,645.0,627.5,0.0,0.0,0.0,0.0,23
2023-05-09 21:18:08,ag2312C5400,ag2312C5400,645.0,0.0,0.0,0.0,2,481.5,926.0,2,645.0,627.5,0.0,0.0,0.0,0.0,23
2023-05-09 21:18:18,ag2312C5400,ag2312C5400,645.0,0.0,0.0,0.0,2,481.5,924.5,1,645.0,627.5,0.0,0.0,0.0,0.0,23
2023-05-09 21:18:19,ag2312C5400,ag2312C5400,645.0,0.0,0.0,0.0,2,481.5,924.5,1,645.0,627.5,0.0,0.0,0.0,0.0,23
2023-05-09 21:18:19,ag2312C5400,ag2312C5400,645.0,0.0,0.0,0.0,2,481.5,924.0,2,645.0,627.5,0.0,0.0,0.0,0.0,23
2023-05-09 21:18:20,ag2312C5400,ag2312C5400,645.0,0.0,0.0,0.0,2,481.5,924.0,2,645.0,627.5,0.0,0.0,0.0,0.0,23
2023-05-09 21:18:27,ag2312C5400,ag2312C5400,645.0,0.0,0.0,0.0,2,481.5,922.5,1,645.0,627.5,0.0,0.0,0.0,0.0,23
2023-05-09 21:18:27,ag2312C5400,ag2312C5400,645.0,0.0,0.0,0.0,2,481.5,922.5,1,645.0,627.5,0.0,0.0,0.0,0.0,23
2023-05-09 21:18:28,ag2312C5400,ag2312C5400,645.0,0.0,0.0,0.0,2,481.5,922.0,2,645.0,627.5,0.0,0.0,0.0,0.0,23
2023-05-09 21:18:28,ag2312C5400,ag2312C5400,645.0,0.0,0.0,0.0,2,481.5,920.5,1,645.0,627.5,0.0,0.0,0.0,0.0,23
2023-05-09 21:18:29,ag2312C5400,ag2312C5400,645.0,0.0,0.0,0.0,2,481.5,920.5,1,645.0,627.5,0.0,0.0,0.0,0.0,23
2023-05-09 21:18:29,ag2312C5400,ag2312C5400,645.0,0.0,0.0,0.0,2,481.5,920.0,2,645.0,627.5,0.0,0.0,0.0,0.0,23
2023-05-09 21:18:30,ag2312C5400,ag2312C5400,645.0,0.0,0.0,0.0,2,481.5,920.0,2,645.0,627.5,0.0,0.0,0.0,0.0,23
2023-05-09 21:18:30,ag2312C5400,ag2312C5400,645.0,0.0,0.0,0.0,2,481.5,918.5,1,645.0,627.5,0.0,0.0,0.0,0.0,23
2023-05-09 21:18:31,ag2312C5400,ag2312C5400,645.0,0.0,0.0,0.0,2,481.5,918.5,1,645.0,627.5,0.0,0.0,0.0,0.0,23
2023-05-09 21:18:31,ag2312C5400,ag2312C5400,645.0,0.0,0.0,0.0,2,481.5,918.0,2,645.0,627.5,0.0,0.0,0.0,0.0,23
2023-05-09 21:18:32,ag2312C5400,ag2312C5400,645.0,0.0,0.0,0.0,2,481.5,918.0,2,645.0,627.5,0.0,0.0,0.0,0.0,23
2023-05-09 21:18:44,ag2312C5400,ag2312C5400,645.0,0.0,0.0,0.0,2,481.5,916.5,1,645.0,627.5,0.0,0.0,0.0,0.0,23
2023-05-09 21:18:44,ag2312C5400,ag2312C5400,645.0,0.0,0.0,0.0,2,481.5,916.5,1,645.0,627.5,0.0,0.0,0.0,0.0,23
2023-05-09 21:18:45,ag2312C5400,ag2312C5400,645.0,0.0,0.0,0.0,2,481.5,916.0,2,645.0,627.5,0.0,0.0,0.0,0.0,23
2023-05-09 21:18:45,ag2312C5400,ag2312C5400,645.0,0.0,0.0,0.0,2,481.5,916.0,2,645.0,627.5,0.0,0.0,0.0,0.0,23
2023-05-09 21:18:46,ag2312C5400,ag2312C5400,645.0,0.0,0.0,0.0,2,481.5,914.5,1,645.0,627.5,0.0,0.0,0.0,0.0,23
2023-05-09 21:18:46,ag2312C5400,ag2312C5400,645.0,0.0,0.0,0.0,2,481.5,914.5,1,645.0,627.5,0.0,0.0,0.0,0.0,23
2023-05-09 21:18:47,ag2312C5400,ag2312C5400,645.0,0.0,0.0,0.0,2,481.5,914.0,2,645.0,627.5,0.0,0.0,0.0,0.0,23
2023-05-09 21:18:48,ag2312C5400,ag2312C5400,645.0,0.0,0.0,0.0,2,481.5,914.0,2,645.0,627.5,0.0,0.0,0.0,0.0,23
2023-05-09 21:18:52,ag2312C5400,ag2312C5400,645.0,0.0,0.0,0.0,2,481.5,912.5,1,645.0,627.5,0.0,0.0,0.0,0.0,23
2023-05-09 21:18:52,ag2312C5400,ag2312C5400,645.0,0.0,0.0,0.0,2,481.5,912.5,1,645.0,627.5,0.0,0.0,0.0,0.0,23
2023-05-09 21:18:53,ag2312C5400,ag2312C5400,645.0,0.0,0.0,0.0,2,481.5,912.0,2,645.0,627.5,0.0,0.0,0.0,0.0,23
2023-05-09 21:18:53,ag2312C5400,ag2312C5400,645.0,0.0,0.0,0.0,2,481.5,912.0,2,645.0,627.5,0.0,0.0,0.0,0.0,23
2023-05-09 21:19:13,ag2312C5400,ag2312C5400,645.0,0.0,0.0,0.0,2,481.5,910.5,1,645.0,627.5,0.0,0.0,0.0,0.0,23
2023-05-09 21:19:14,ag2312C5400,ag2312C5400,645.0,0.0,0.0,0.0,2,481.5,910.5,1,645.0,627.5,0.0,0.0,0.0,0.0,23
2023-05-09 21:19:14,ag2312C5400,ag2312C5400,645.0,0.0,0.0,0.0,2,481.5,910.0,2,645.0,627.5,0.0,0.0,0.0,0.0,23
2023-05-09 21:19:15,ag2312C5400,ag2312C5400,645.0,0.0,0.0,0.0,2,481.5,910.0,2,645.0,627.5,0.0,0.0,0.0,0.0,23
2023-05-09 21:19:16,ag2312C5400,ag2312C5400,645.0,0.0,0.0,0.0,2,481.5,908.5,1,645.0,627.5,0.0,0.0,0.0,0.0,23
2023-05-09 21:19:17,ag2312C5400,ag2312C5400,645.0,0.0,0.0,0.0,2,481.5,908.5,1,645.0,627.5,0.0,0.0,0.0,0.0,23
2023-05-09 21:19:17,ag2312C5400,ag2312C5400,645.0,0.0,0.0,0.0,2,481.5,908.0,2,645.0,627.5,0.0,0.0,0.0,0.0,23
2023-05-09 21:19:18,ag2312C5400,ag2312C5400,645.0,0.0,0.0,0.0,2,481.5,908.0,2,645.0,627.5,0.0,0.0,0.0,0.0,23
2023-05-09 21:19:21,ag2312C5400,ag2312C5400,645.0,0.0,0.0,0.0,2,481.5,906.5,1,645.0,627.5,0.0,0.0,0.0,0.0,23
2023-05-09 21:19:22,ag2312C5400,ag2312C5400,645.0,0.0,0.0,0.0,2,481.5,906.5,1,645.0,627.5,0.0,0.0,0.0,0.0,23
2023-05-09 21:19:22,ag2312C5400,ag2312C5400,645.0,0.0,0.0,0.0,2,481.5,906.0,2,645.0,627.5,0.0,0.0,0.0,0.0,23
2023-05-09 21:19:23,ag2312C5400,ag2312C5400,645.0,0.0,0.0,0.0,2,481.5,906.0,2,645.0,627.5,0.0,0.0,0.0,0.0,23
2023-05-09 21:19:23,ag2312C5400,ag2312C5400,645.0,0.0,0.0,0.0,2,481.5,904.5,1,645.0,627.5,0.0,0.0,0.0,0.0,23
2023-05-09 21:19:24,ag2312C5400,ag2312C5400,645.0,0.0,0.0,0.0,2,481.5,904.5,1,645.0,627.5,0.0,0.0,0.0,0.0,23
2023-05-09 21:19:24,ag2312C5400,ag2312C5400,645.0,0.0,0.0,0.0,2,481.5,904.0,2,645.0,627.5,0.0,0.0,0.0,0.0,23
2023-05-09 21:19:25,ag2312C5400,ag2312C5400,645.0,0.0,0.0,0.0,2,481.5,904.0,2,645.0,627.5,0.0,0.0,0.0,0.0,23
2023-05-09 21:19:32,ag2312C5400,ag2312C5400,645.0,0.0,0.0,0.0,2,481.5,902.5,1,645.0,627.5,0.0,0.0,0.0,0.0,23
2023-05-09 21:19:33,ag2312C5400,ag2312C5400,645.0,0.0,0.0,0.0,2,481.5,902.5,1,645.0,627.5,0.0,0.0,0.0,0.0,23
2023-05-09 21:19:33,ag2312C5400,ag2312C5400,645.0,0.0,0.0,0.0,2,481.5,902.0,2,645.0,627.5,0.0,0.0,0.0,0.0,23
2023-05-09 21:19:34,ag2312C5400,ag2312C5400,645.0,0.0,0.0,0.0,2,481.5,902.0,2,645.0,627.5,0.0,0.0,0.0,0.0,23
2023-05-09 21:19:46,ag2312C5400,ag2312C5400,645.0,0.0,0.0,0.0,2,481.5,900.5,1,645.0,627.5,0.0,0.0,0.0,0.0,23
2023-05-09 21:19:46,ag2312C5400,ag2312C5400,645.0,0.0,0.0,0.0,2,481.5,900.5,1,645.0,627.5,0.0,0.0,0.0,0.0,23
2023-05-09 21:19:47,ag2312C5400,ag2312C5400,645.0,0.0,0.0,0.0,2,481.5,900.0,2,645.0,627.5,0.0,0.0,0.0,0.0,23
2023-05-09 21:19:47,ag2312C5400,ag2312C5400,645.0,0.0,0.0,0.0,2,481.5,898.5,1,645.0,627.5,0.0,0.0,0.0,0.0,23
2023-05-09 21:19:48,ag2312C5400,ag2312C5400,645.0,0.0,0.0,0.0,2,481.5,898.5,1,645.0,627.5,0.0,0.0,0.0,0.0,23
2023-05-09 21:19:48,ag2312C5400,ag2312C5400,645.0,0.0,0.0,0.0,2,481.5,898.0,2,645.0,627.5,0.0,0.0,0.0,0.0,23
2023-05-09 21:19:49,ag2312C5400,ag2312C5400,645.0,0.0,0.0,0.0,2,481.5,898.0,2,645.0,627.5,0.0,0.0,0.0,0.0,23
2023-05-09 21:19:49,ag2312C5400,ag2312C5400,645.0,0.0,0.0,0.0,2,481.5,896.5,1,645.0,627.5,0.0,0.0,0.0,0.0,23
2023-05-09 21:19:50,ag2312C5400,ag2312C5400,645.0,0.0,0.0,0.0,2,481.5,896.5,1,645.0,627.5,0.0,0.0,0.0,0.0,23
2023-05-09 21:19:50,ag2312C5400,ag2312C5400,645.0,0.0,0.0,0.0,2,481.5,896.0,2,645.0,627.5,0.0,0.0,0.0,0.0,23
2023-05-09 21:19:51,ag2312C5400,ag2312C5400,645.0,0.0,0.0,0.0,2,481.5,896.0,2,645.0,627.5,0.0,0.0,0.0,0.0,23
2023-05-09 21:19:51,ag2312C5400,ag2312C5400,645.0,0.0,0.0,0.0,2,481.5,894.5,1,645.0,627.5,0.0,0.0,0.0,0.0,23
2023-05-09 21:19:52,ag2312C5400,ag2312C5400,645.0,0.0,0.0,0.0,2,481.5,894.5,1,645.0,627.5,0.0,0.0,0.0,0.0,23
2023-05-09 21:19:52,ag2312C5400,ag2312C5400,645.0,0.0,0.0,0.0,2,481.5,894.0,2,645.0,627.5,0.0,0.0,0.0,0.0,23
2023-05-09 21:19:53,ag2312C5400,ag2312C5400,645.0,0.0,0.0,0.0,2,481.5,892.5,1,645.0,627.5,0.0,0.0,0.0,0.0,23
2023-05-09 21:19:53,ag2312C5400,ag2312C5400,645.0,0.0,0.0,0.0,2,481.5,892.5,1,645.0,627.5,0.0,0.0,0.0,0.0,23
2023-05-09 21:19:54,ag2312C5400,ag2312C5400,645.0,0.0,0.0,0.0,2,481.5,892.0,2,645.0,627.5,0.0,0.0,0.0,0.0,23
2023-05-09 21:19:54,ag2312C5400,ag2312C5400,645.0,0.0,0.0,0.0,2,481.5,892.0,2,645.0,627.5,0.0,0.0,0.0,0.0,23
2023-05-09 21:20:07,ag2312C5400,ag2312C5400,645.0,0.0,0.0,0.0,2,481.5,890.5,1,645.0,627.5,0.0,0.0,0.0,0.0,23
2023-05-09 21:20:08,ag2312C5400,ag2312C5400,645.0,0.0,0.0,0.0,2,481.5,890.5,1,645.0,627.5,0.0,0.0,0.0,0.0,23
2023-05-09 21:20:08,ag2312C5400,ag2312C5400,645.0,0.0,0.0,0.0,2,481.5,890.0,2,645.0,627.5,0.0,0.0,0.0,0.0,23
2023-05-09 21:20:09,ag2312C5400,ag2312C5400,645.0,0.0,0.0,0.0,2,481.5,890.0,2,645.0,627.5,0.0,0.0,0.0,0.0,23
2023-05-09 21:20:11,ag2312C5400,ag2312C5400,645.0,0.0,0.0,0.0,2,481.5,888.5,1,645.0,627.5,0.0,0.0,0.0,0.0,23
2023-05-09 21:20:12,ag2312C5400,ag2312C5400,645.0,0.0,0.0,0.0,2,481.5,888.5,1,645.0,627.5,0.0,0.0,0.0,0.0,23
2023-05-09 21:20:12,ag2312C5400,ag2312C5400,645.0,0.0,0.0,0.0,2,481.5,888.0,2,645.0,627.5,0.0,0.0,0.0,0.0,23
2023-05-09 21:20:13,ag2312C5400,ag2312C5400,645.0,0.0,0.0,0.0,2,481.5,888.0,2,645.0,627.5,0.0,0.0,0.0,0.0,23
2023-05-09 21:20:16,ag2312C5400,ag2312C5400,645.0,0.0,0.0,0.0,2,481.5,886.5,1,645.0,627.5,0.0,0.0,0.0,0.0,23
2023-05-09 21:20:17,ag2312C5400,ag2312C5400,645.0,0.0,0.0,0.0,2,481.5,886.5,1,645.0,627.5,0.0,0.0,0.0,0.0,23
2023-05-09 21:20:17,ag2312C5400,ag2312C5400,645.0,0.0,0.0,0.0,2,481.5,886.0,2,645.0,627.5,0.0,0.0,0.0,0.0,23
2023-05-09 21:20:18,ag2312C5400,ag2312C5400,645.0,0.0,0.0,0.0,2,481.5,886.0,2,645.0,627.5,0.0,0.0,0.0,0.0,23
2023-05-09 21:20:21,ag2312C5400,ag2312C5400,645.0,0.0,0.0,0.0,2,481.5,884.5,1,645.0,627.5,0.0,0.0,0.0,0.0,23
2023-05-09 21:20:21,ag2312C5400,ag2312C5400,645.0,0.0,0.0,0.0,2,481.5,884.5,1,645.0,627.5,0.0,0.0,0.0,0.0,23
2023-05-09 21:20:22,ag2312C5400,ag2312C5400,645.0,0.0,0.0,0.0,2,481.5,884.0,2,645.0,627.5,0.0,0.0,0.0,0.0,23
2023-05-09 21:20:22,ag2312C5400,ag2312C5400,645.0,0.0,0.0,0.0,2,481.5,884.0,2,645.0,627.5,0.0,0.0,0.0,0.0,23
2023-05-09 21:20:28,ag2312C5400,ag2312C5400,645.0,0.0,0.0,0.0,2,481.5,882.5,1,645.0,627.5,0.0,0.0,0.0,0.0,23
2023-05-09 21:20:29,ag2312C5400,ag2312C5400,645.0,0.0,0.0,0.0,2,481.5,882.5,1,645.0,627.5,0.0,0.0,0.0,0.0,23
2023-05-09 21:20:29,ag2312C5400,ag2312C5400,645.0,0.0,0.0,0.0,2,481.5,882.0,2,645.0,627.5,0.0,0.0,0.0,0.0,23
2023-05-09 21:20:30,ag2312C5400,ag2312C5400,645.0,0.0,0.0,0.0,2,481.5,880.5,1,645.0,627.5,0.0,0.0,0.0,0.0,23
2023-05-09 21:20:30,ag2312C5400,ag2312C5400,645.0,0.0,0.0,0.0,2,481.5,880.5,1,645.0,627.5,0.0,0.0,0.0,0.0,23
2023-05-09 21:20:31,ag2312C5400,ag2312C5400,645.0,0.0,0.0,0.0,2,481.5,880.0,2,645.0,627.5,0.0,0.0,0.0,0.0,23
2023-05-09 21:20:31,ag2312C5400,ag2312C5400,645.0,0.0,0.0,0.0,2,481.5,880.0,2,645.0,627.5,0.0,0.0,0.0,0.0,23
2023-05-09 21:20:39,ag2312C5400,ag2312C5400,645.0,0.0,0.0,0.0,2,481.5,878.5,1,645.0,627.5,0.0,0.0,0.0,0.0,23
2023-05-09 21:20:39,ag2312C5400,ag2312C5400,645.0,0.0,0.0,0.0,2,481.5,878.5,1,645.0,627.5,0.0,0.0,0.0,0.0,23
2023-05-09 21:20:40,ag2312C5400,ag2312C5400,645.0,0.0,0.0,0.0,2,481.5,878.0,2,645.0,627.5,0.0,0.0,0.0,0.0,23
2023-05-09 21:20:40,ag2312C5400,ag2312C5400,645.0,0.0,0.0,0.0,2,481.5,878.0,2,645.0,627.5,0.0,0.0,0.0,0.0,23
2023-05-09 21:20:44,ag2312C5400,ag2312C5400,645.0,0.0,0.0,0.0,2,481.5,876.5,1,645.0,627.5,0.0,0.0,0.0,0.0,23
2023-05-09 21:20:44,ag2312C5400,ag2312C5400,645.0,0.0,0.0,0.0,2,481.5,876.5,1,645.0,627.5,0.0,0.0,0.0,0.0,23
2023-05-09 21:20:45,ag2312C5400,ag2312C5400,645.0,0.0,0.0,0.0,2,481.5,876.0,2,645.0,627.5,0.0,0.0,0.0,0.0,23
2023-05-09 21:20:45,ag2312C5400,ag2312C5400,645.0,0.0,0.0,0.0,2,481.5,876.0,2,645.0,627.5,0.0,0.0,0.0,0.0,23
2023-05-09 21:20:47,ag2312C5400,ag2312C5400,645.0,0.0,0.0,0.0,2,481.5,874.5,1,645.0,627.5,0.0,0.0,0.0,0.0,23
2023-05-09 21:20:47,ag2312C5400,ag2312C5400,645.0,0.0,0.0,0.0,2,481.5,874.5,1,645.0,627.5,0.0,0.0,0.0,0.0,23
2023-05-09 21:20:48,ag2312C5400,ag2312C5400,645.0,0.0,0.0,0.0,2,481.5,874.0,2,645.0,627.5,0.0,0.0,0.0,0.0,23
2023-05-09 21:20:48,ag2312C5400,ag2312C5400,645.0,0.0,0.0,0.0,2,481.5,874.0,2,645.0,627.5,0.0,0.0,0.0,0.0,23
2023-05-09 21:20:50,ag2312C5400,ag2312C5400,645.0,0.0,0.0,0.0,2,481.5,872.5,1,645.0,627.5,0.0,0.0,0.0,0.0,23
2023-05-09 21:20:50,ag2312C5400,ag2312C5400,645.0,0.0,0.0,0.0,2,481.5,872.5,1,645.0,627.5,0.0,0.0,0.0,0.0,23
2023-05-09 21:20:51,ag2312C5400,ag2312C5400,645.0,0.0,0.0,0.0,2,481.5,872.0,2,645.0,627.5,0.0,0.0,0.0,0.0,23
2023-05-09 21:20:51,ag2312C5400,ag2312C5400,645.0,0.0,0.0,0.0,2,481.5,872.0,2,645.0,627.5,0.0,0.0,0.0,0.0,23
2023-05-09 21:20:52,ag2312C5400,ag2312C5400,645.0,0.0,0.0,0.0,2,481.5,870.5,1,645.0,627.5,0.0,0.0,0.0,0.0,23
2023-05-09 21:20:52,ag2312C5400,ag2312C5400,645.0,0.0,0.0,0.0,2,481.5,870.5,1,645.0,627.5,0.0,0.0,0.0,0.0,23
2023-05-09 21:20:53,ag2312C5400,ag2312C5400,645.0,0.0,0.0,0.0,2,481.5,870.0,2,645.0,627.5,0.0,0.0,0.0,0.0,23
2023-05-09 21:20:53,ag2312C5400,ag2312C5400,645.0,0.0,0.0,0.0,2,481.5,870.0,2,645.0,627.5,0.0,0.0,0.0,0.0,23
2023-05-09 21:20:54,ag2312C5400,ag2312C5400,645.0,0.0,0.0,0.0,2,481.5,868.5,1,645.0,627.5,0.0,0.0,0.0,0.0,23
2023-05-09 21:20:54,ag2312C5400,ag2312C5400,645.0,0.0,0.0,0.0,2,481.5,868.5,1,645.0,627.5,0.0,0.0,0.0,0.0,23
2023-05-09 21:20:55,ag2312C5400,ag2312C5400,645.0,0.0,0.0,0.0,2,481.5,868.0,2,645.0,627.5,0.0,0.0,0.0,0.0,23
2023-05-09 21:20:55,ag2312C5400,ag2312C5400,645.0,0.0,0.0,0.0,2,481.5,866.5,1,645.0,627.5,0.0,0.0,0.0,0.0,23
2023-05-09 21:20:56,ag2312C5400,ag2312C5400,645.0,0.0,0.0,0.0,2,481.5,866.5,1,645.0,627.5,0.0,0.0,0.0,0.0,23
2023-05-09 21:20:56,ag2312C5400,ag2312C5400,645.0,0.0,0.0,0.0,2,481.5,866.0,2,645.0,627.5,0.0,0.0,0.0,0.0,23
2023-05-09 21:20:57,ag2312C5400,ag2312C5400,645.0,0.0,0.0,0.0,2,481.5,866.0,2,645.0,627.5,0.0,0.0,0.0,0.0,23
2023-05-09 21:20:57,ag2312C5400,ag2312C5400,645.0,0.0,0.0,0.0,2,481.5,864.5,1,645.0,627.5,0.0,0.0,0.0,0.0,23
2023-05-09 21:20:58,ag2312C5400,ag2312C5400,645.0,0.0,0.0,0.0,2,481.5,864.5,1,645.0,627.5,0.0,0.0,0.0,0.0,23
2023-05-09 21:20:58,ag2312C5400,ag2312C5400,645.0,0.0,0.0,0.0,2,481.5,864.0,2,645.0,627.5,0.0,0.0,0.0,0.0,23
2023-05-09 21:20:59,ag2312C5400,ag2312C5400,645.0,0.0,0.0,0.0,2,481.5,864.0,2,645.0,627.5,0.0,0.0,0.0,0.0,23
2023-05-09 21:20:59,ag2312C5400,ag2312C5400,645.0,0.0,0.0,0.0,2,481.5,862.5,1,645.0,627.5,0.0,0.0,0.0,0.0,23
2023-05-09 21:21:00,ag2312C5400,ag2312C5400,645.0,0.0,0.0,0.0,2,481.5,862.5,1,645.0,627.5,0.0,0.0,0.0,0.0,23
2023-05-09 21:21:00,ag2312C5400,ag2312C5400,645.0,0.0,0.0,0.0,2,481.5,862.0,2,645.0,627.5,0.0,0.0,0.0,0.0,23
2023-05-09 21:21:01,ag2312C5400,ag2312C5400,645.0,0.0,0.0,0.0,2,481.5,862.0,2,645.0,627.5,0.0,0.0,0.0,0.0,23
2023-05-09 21:21:01,ag2312C5400,ag2312C5400,645.0,0.0,0.0,0.0,2,481.5,860.5,1,645.0,627.5,0.0,0.0,0.0,0.0,23
2023-05-09 21:21:02,ag2312C5400,ag2312C5400,645.0,0.0,0.0,0.0,2,481.5,860.5,1,645.0,627.5,0.0,0.0,0.0,0.0,23
2023-05-09 21:21:02,ag2312C5400,ag2312C5400,645.0,0.0,0.0,0.0,2,481.5,860.0,2,645.0,627.5,0.0,0.0,0.0,0.0,23
2023-05-09 21:21:03,ag2312C5400,ag2312C5400,645.0,0.0,0.0,0.0,2,481.5,860.0,2,645.0,627.5,0.0,0.0,0.0,0.0,23
2023-05-09 21:21:06,ag2312C5400,ag2312C5400,645.0,0.0,0.0,0.0,2,481.5,858.5,1,645.0,627.5,0.0,0.0,0.0,0.0,23
2023-05-09 21:21:06,ag2312C5400,ag2312C5400,645.0,0.0,0.0,0.0,2,481.5,858.5,1,645.0,627.5,0.0,0.0,0.0,0.0,23
2023-05-09 21:21:07,ag2312C5400,ag2312C5400,645.0,0.0,0.0,0.0,1,483.0,858.0,2,645.0,627.5,0.0,0.0,0.0,0.0,23
2023-05-09 21:21:07,ag2312C5400,ag2312C5400,645.0,0.0,0.0,0.0,1,483.0,858.0,2,645.0,627.5,0.0,0.0,0.0,0.0,23
2023-05-09 21:21:08,ag2312C5400,ag2312C5400,645.0,0.0,0.0,0.0,2,483.5,858.0,2,645.0,627.5,0.0,0.0,0.0,0.0,23
2023-05-09 21:21:08,ag2312C5400,ag2312C5400,645.0,0.0,0.0,0.0,2,483.5,858.0,2,645.0,627.5,0.0,0.0,0.0,0.0,23
2023-05-09 21:21:11,ag2312C5400,ag2312C5400,645.0,0.0,0.0,0.0,1,485.0,856.5,1,645.0,627.5,0.0,0.0,0.0,0.0,23
2023-05-09 21:21:11,ag2312C5400,ag2312C5400,645.0,0.0,0.0,0.0,1,485.0,856.5,1,645.0,627.5,0.0,0.0,0.0,0.0,23
2023-05-09 21:21:12,ag2312C5400,ag2312C5400,645.0,0.0,0.0,0.0,2,485.5,856.0,2,645.0,627.5,0.0,0.0,0.0,0.0,23
2023-05-09 21:21:12,ag2312C5400,ag2312C5400,645.0,0.0,0.0,0.0,2,485.5,854.5,1,645.0,627.5,0.0,0.0,0.0,0.0,23
2023-05-09 21:21:13,ag2312C5400,ag2312C5400,645.0,0.0,0.0,0.0,2,485.5,854.5,1,645.0,627.5,0.0,0.0,0.0,0.0,23
2023-05-09 21:21:13,ag2312C5400,ag2312C5400,645.0,0.0,0.0,0.0,2,485.5,854.0,2,645.0,627.5,0.0,0.0,0.0,0.0,23
2023-05-09 21:21:14,ag2312C5400,ag2312C5400,645.0,0.0,0.0,0.0,2,485.5,854.0,2,645.0,627.5,0.0,0.0,0.0,0.0,23
2023-05-09 21:21:15,ag2312C5400,ag2312C5400,645.0,0.0,0.0,0.0,2,485.5,852.5,1,645.0,627.5,0.0,0.0,0.0,0.0,23
2023-05-09 21:21:16,ag2312C5400,ag2312C5400,645.0,0.0,0.0,0.0,2,485.5,852.5,1,645.0,627.5,0.0,0.0,0.0,0.0,23
2023-05-09 21:21:16,ag2312C5400,ag2312C5400,645.0,0.0,0.0,0.0,2,485.5,852.0,2,645.0,627.5,0.0,0.0,0.0,0.0,23
2023-05-09 21:21:17,ag2312C5400,ag2312C5400,645.0,0.0,0.0,0.0,2,485.5,850.5,1,645.0,627.5,0.0,0.0,0.0,0.0,23
2023-05-09 21:21:17,ag2312C5400,ag2312C5400,645.0,0.0,0.0,0.0,2,485.5,850.5,1,645.0,627.5,0.0,0.0,0.0,0.0,23
2023-05-09 21:21:18,ag2312C5400,ag2312C5400,645.0,0.0,0.0,0.0,2,485.5,850.0,2,645.0,627.5,0.0,0.0,0.0,0.0,23
2023-05-09 21:21:18,ag2312C5400,ag2312C5400,645.0,0.0,0.0,0.0,2,485.5,850.0,2,645.0,627.5,0.0,0.0,0.0,0.0,23
2023-05-09 21:21:19,ag2312C5400,ag2312C5400,645.0,0.0,0.0,0.0,2,485.5,848.5,1,645.0,627.5,0.0,0.0,0.0,0.0,23
2023-05-09 21:21:19,ag2312C5400,ag2312C5400,645.0,0.0,0.0,0.0,2,485.5,848.5,1,645.0,627.5,0.0,0.0,0.0,0.0,23
2023-05-09 21:21:20,ag2312C5400,ag2312C5400,645.0,0.0,0.0,0.0,2,485.5,848.0,2,645.0,627.5,0.0,0.0,0.0,0.0,23
2023-05-09 21:21:20,ag2312C5400,ag2312C5400,645.0,0.0,0.0,0.0,2,485.5,848.0,2,645.0,627.5,0.0,0.0,0.0,0.0,23
2023-05-09 21:21:21,ag2312C5400,ag2312C5400,645.0,0.0,0.0,0.0,2,485.5,846.5,1,645.0,627.5,0.0,0.0,0.0,0.0,23
2023-05-09 21:21:21,ag2312C5400,ag2312C5400,645.0,0.0,0.0,0.0,2,485.5,846.5,1,645.0,627.5,0.0,0.0,0.0,0.0,23
2023-05-09 21:21:22,ag2312C5400,ag2312C5400,645.0,0.0,0.0,0.0,2,485.5,846.0,2,645.0,627.5,0.0,0.0,0.0,0.0,23
2023-05-09 21:21:22,ag2312C5400,ag2312C5400,645.0,0.0,0.0,0.0,2,485.5,844.5,1,645.0,627.5,0.0,0.0,0.0,0.0,23
2023-05-09 21:21:23,ag2312C5400,ag2312C5400,645.0,0.0,0.0,0.0,2,485.5,844.5,1,645.0,627.5,0.0,0.0,0.0,0.0,23
2023-05-09 21:21:23,ag2312C5400,ag2312C5400,645.0,0.0,0.0,0.0,2,485.5,844.0,2,645.0,627.5,0.0,0.0,0.0,0.0,23
2023-05-09 21:21:24,ag2312C5400,ag2312C5400,645.0,0.0,0.0,0.0,2,485.5,844.0,2,645.0,627.5,0.0,0.0,0.0,0.0,23
2023-05-09 21:21:24,ag2312C5400,ag2312C5400,645.0,0.0,0.0,0.0,2,485.5,842.5,1,645.0,627.5,0.0,0.0,0.0,0.0,23
2023-05-09 21:21:25,ag2312C5400,ag2312C5400,645.0,0.0,0.0,0.0,2,485.5,842.5,1,645.0,627.5,0.0,0.0,0.0,0.0,23
2023-05-09 21:21:25,ag2312C5400,ag2312C5400,645.0,0.0,0.0,0.0,2,485.5,842.0,2,645.0,627.5,0.0,0.0,0.0,0.0,23
2023-05-09 21:21:26,ag2312C5400,ag2312C5400,645.0,0.0,0.0,0.0,2,485.5,840.5,1,645.0,627.5,0.0,0.0,0.0,0.0,23
2023-05-09 21:21:26,ag2312C5400,ag2312C5400,645.0,0.0,0.0,0.0,2,485.5,840.5,1,645.0,627.5,0.0,0.0,0.0,0.0,23
2023-05-09 21:21:27,ag2312C5400,ag2312C5400,645.0,0.0,0.0,0.0,2,485.5,840.0,2,645.0,627.5,0.0,0.0,0.0,0.0,23
2023-05-09 21:21:27,ag2312C5400,ag2312C5400,645.0,0.0,0.0,0.0,2,485.5,840.0,2,645.0,627.5,0.0,0.0,0.0,0.0,23
2023-05-09 21:21:28,ag2312C5400,ag2312C5400,645.0,0.0,0.0,0.0,2,485.5,838.5,1,645.0,627.5,0.0,0.0,0.0,0.0,23
2023-05-09 21:21:28,ag2312C5400,ag2312C5400,645.0,0.0,0.0,0.0,2,485.5,838.5,1,645.0,627.5,0.0,0.0,0.0,0.0,23
2023-05-09 21:21:29,ag2312C5400,ag2312C5400,645.0,0.0,0.0,0.0,2,485.5,838.0,2,645.0,627.5,0.0,0.0,0.0,0.0,23
2023-05-09 21:21:29,ag2312C5400,ag2312C5400,645.0,0.0,0.0,0.0,2,485.5,836.5,1,645.0,627.5,0.0,0.0,0.0,0.0,23
2023-05-09 21:21:30,ag2312C5400,ag2312C5400,645.0,0.0,0.0,0.0,2,485.5,836.5,1,645.0,627.5,0.0,0.0,0.0,0.0,23
2023-05-09 21:21:30,ag2312C5400,ag2312C5400,645.0,0.0,0.0,0.0,2,485.5,836.0,2,645.0,627.5,0.0,0.0,0.0,0.0,23
2023-05-09 21:21:31,ag2312C5400,ag2312C5400,645.0,0.0,0.0,0.0,2,485.5,834.5,1,645.0,627.5,0.0,0.0,0.0,0.0,23
2023-05-09 21:21:31,ag2312C5400,ag2312C5400,645.0,0.0,0.0,0.0,2,485.5,834.5,1,645.0,627.5,0.0,0.0,0.0,0.0,23
2023-05-09 21:21:32,ag2312C5400,ag2312C5400,645.0,0.0,0.0,0.0,2,485.5,834.0,2,645.0,627.5,0.0,0.0,0.0,0.0,23
2023-05-09 21:21:32,ag2312C5400,ag2312C5400,645.0,0.0,0.0,0.0,2,485.5,832.5,1,645.0,627.5,0.0,0.0,0.0,0.0,23
2023-05-09 21:21:33,ag2312C5400,ag2312C5400,645.0,0.0,0.0,0.0,2,485.5,832.5,1,645.0,627.5,0.0,0.0,0.0,0.0,23
2023-05-09 21:21:33,ag2312C5400,ag2312C5400,645.0,0.0,0.0,0.0,2,485.5,832.0,2,645.0,627.5,0.0,0.0,0.0,0.0,23
2023-05-09 21:21:34,ag2312C5400,ag2312C5400,645.0,0.0,0.0,0.0,2,485.5,830.5,1,645.0,627.5,0.0,0.0,0.0,0.0,23
2023-05-09 21:21:34,ag2312C5400,ag2312C5400,645.0,0.0,0.0,0.0,2,485.5,830.5,1,645.0,627.5,0.0,0.0,0.0,0.0,23
2023-05-09 21:21:35,ag2312C5400,ag2312C5400,645.0,0.0,0.0,0.0,2,485.5,830.0,2,645.0,627.5,0.0,0.0,0.0,0.0,23
2023-05-09 21:21:35,ag2312C5400,ag2312C5400,645.0,0.0,0.0,0.0,2,485.5,828.5,1,645.0,627.5,0.0,0.0,0.0,0.0,23
2023-05-09 21:21:36,ag2312C5400,ag2312C5400,645.0,0.0,0.0,0.0,2,485.5,828.5,1,645.0,627.5,0.0,0.0,0.0,0.0,23
2023-05-09 21:21:36,ag2312C5400,ag2312C5400,645.0,0.0,0.0,0.0,2,485.5,828.0,2,645.0,627.5,0.0,0.0,0.0,0.0,23
2023-05-09 21:21:37,ag2312C5400,ag2312C5400,645.0,0.0,0.0,0.0,2,485.5,828.0,2,645.0,627.5,0.0,0.0,0.0,0.0,23
2023-05-09 21:21:37,ag2312C5400,ag2312C5400,645.0,0.0,0.0,0.0,2,485.5,826.5,1,645.0,627.5,0.0,0.0,0.0,0.0,23
2023-05-09 21:21:38,ag2312C5400,ag2312C5400,645.0,0.0,0.0,0.0,2,485.5,826.5,1,645.0,627.5,0.0,0.0,0.0,0.0,23
2023-05-09 21:21:38,ag2312C5400,ag2312C5400,645.0,0.0,0.0,0.0,2,485.5,826.0,2,645.0,627.5,0.0,0.0,0.0,0.0,23
2023-05-09 21:21:39,ag2312C5400,ag2312C5400,645.0,0.0,0.0,0.0,2,485.5,826.0,2,645.0,627.5,0.0,0.0,0.0,0.0,23
2023-05-09 21:21:39,ag2312C5400,ag2312C5400,645.0,0.0,0.0,0.0,2,485.5,824.5,1,645.0,627.5,0.0,0.0,0.0,0.0,23
2023-05-09 21:21:40,ag2312C5400,ag2312C5400,645.0,0.0,0.0,0.0,2,485.5,824.5,1,645.0,627.5,0.0,0.0,0.0,0.0,23
2023-05-09 21:21:40,ag2312C5400,ag2312C5400,645.0,0.0,0.0,0.0,2,485.5,824.0,2,645.0,627.5,0.0,0.0,0.0,0.0,23
2023-05-09 21:21:41,ag2312C5400,ag2312C5400,645.0,0.0,0.0,0.0,2,485.5,822.5,1,645.0,627.5,0.0,0.0,0.0,0.0,23
2023-05-09 21:21:41,ag2312C5400,ag2312C5400,645.0,0.0,0.0,0.0,2,485.5,822.5,1,645.0,627.5,0.0,0.0,0.0,0.0,23
2023-05-09 21:21:42,ag2312C5400,ag2312C5400,645.0,0.0,0.0,0.0,2,485.5,822.0,2,645.0,627.5,0.0,0.0,0.0,0.0,23
2023-05-09 21:21:42,ag2312C5400,ag2312C5400,645.0,0.0,0.0,0.0,2,485.5,820.5,1,645.0,627.5,0.0,0.0,0.0,0.0,23
2023-05-09 21:21:43,ag2312C5400,ag2312C5400,645.0,0.0,0.0,0.0,2,485.5,820.5,1,645.0,627.5,0.0,0.0,0.0,0.0,23
2023-05-09 21:21:43,ag2312C5400,ag2312C5400,645.0,0.0,0.0,0.0,2,485.5,820.0,2,645.0,627.5,0.0,0.0,0.0,0.0,23
2023-05-09 21:21:44,ag2312C5400,ag2312C5400,645.0,0.0,0.0,0.0,2,485.5,818.5,1,645.0,627.5,0.0,0.0,0.0,0.0,23
2023-05-09 21:21:44,ag2312C5400,ag2312C5400,645.0,0.0,0.0,0.0,2,485.5,818.5,1,645.0,627.5,0.0,0.0,0.0,0.0,23
2023-05-09 21:21:45,ag2312C5400,ag2312C5400,645.0,0.0,0.0,0.0,2,485.5,818.0,2,645.0,627.5,0.0,0.0,0.0,0.0,23
2023-05-09 21:21:45,ag2312C5400,ag2312C5400,645.0,0.0,0.0,0.0,2,485.5,816.5,1,645.0,627.5,0.0,0.0,0.0,0.0,23
2023-05-09 21:21:46,ag2312C5400,ag2312C5400,645.0,0.0,0.0,0.0,2,485.5,816.5,1,645.0,627.5,0.0,0.0,0.0,0.0,23
2023-05-09 21:21:46,ag2312C5400,ag2312C5400,645.0,0.0,0.0,0.0,2,485.5,816.0,2,645.0,627.5,0.0,0.0,0.0,0.0,23
2023-05-09 21:21:47,ag2312C5400,ag2312C5400,645.0,0.0,0.0,0.0,2,485.5,814.5,1,645.0,627.5,0.0,0.0,0.0,0.0,23
2023-05-09 21:21:47,ag2312C5400,ag2312C5400,645.0,0.0,0.0,0.0,2,485.5,814.5,1,645.0,627.5,0.0,0.0,0.0,0.0,23
2023-05-09 21:21:48,ag2312C5400,ag2312C5400,645.0,0.0,0.0,0.0,2,485.5,814.0,2,645.0,627.5,0.0,0.0,0.0,0.0,23
2023-05-09 21:21:48,ag2312C5400,ag2312C5400,645.0,0.0,0.0,0.0,2,485.5,812.5,1,645.0,627.5,0.0,0.0,0.0,0.0,23
2023-05-09 21:21:49,ag2312C5400,ag2312C5400,645.0,0.0,0.0,0.0,2,485.5,812.5,1,645.0,627.5,0.0,0.0,0.0,0.0,23
2023-05-09 21:21:49,ag2312C5400,ag2312C5400,645.0,0.0,0.0,0.0,2,485.5,812.0,2,645.0,627.5,0.0,0.0,0.0,0.0,23
2023-05-09 21:21:50,ag2312C5400,ag2312C5400,645.0,0.0,0.0,0.0,2,485.5,810.5,1,645.0,627.5,0.0,0.0,0.0,0.0,23
2023-05-09 21:21:50,ag2312C5400,ag2312C5400,645.0,0.0,0.0,0.0,2,485.5,810.5,1,645.0,627.5,0.0,0.0,0.0,0.0,23
2023-05-09 21:21:51,ag2312C5400,ag2312C5400,645.0,0.0,0.0,0.0,2,485.5,810.0,2,645.0,627.5,0.0,0.0,0.0,0.0,23
2023-05-09 21:21:51,ag2312C5400,ag2312C5400,645.0,0.0,0.0,0.0,2,485.5,808.5,1,645.0,627.5,0.0,0.0,0.0,0.0,23
2023-05-09 21:21:52,ag2312C5400,ag2312C5400,645.0,0.0,0.0,0.0,2,485.5,808.5,1,645.0,627.5,0.0,0.0,0.0,0.0,23
2023-05-09 21:21:52,ag2312C5400,ag2312C5400,645.0,0.0,0.0,0.0,2,485.5,808.0,2,645.0,627.5,0.0,0.0,0.0,0.0,23
2023-05-09 21:21:53,ag2312C5400,ag2312C5400,645.0,0.0,0.0,0.0,2,485.5,806.5,1,645.0,627.5,0.0,0.0,0.0,0.0,23
2023-05-09 21:21:53,ag2312C5400,ag2312C5400,645.0,0.0,0.0,0.0,2,485.5,806.5,1,645.0,627.5,0.0,0.0,0.0,0.0,23
2023-05-09 21:21:54,ag2312C5400,ag2312C5400,645.0,0.0,0.0,0.0,2,485.5,806.0,2,645.0,627.5,0.0,0.0,0.0,0.0,23
2023-05-09 21:21:54,ag2312C5400,ag2312C5400,645.0,0.0,0.0,0.0,2,485.5,804.5,1,645.0,627.5,0.0,0.0,0.0,0.0,23
2023-05-09 21:21:55,ag2312C5400,ag2312C5400,645.0,0.0,0.0,0.0,2,485.5,804.5,1,645.0,627.5,0.0,0.0,0.0,0.0,23
2023-05-09 21:21:55,ag2312C5400,ag2312C5400,645.0,0.0,0.0,0.0,2,485.5,804.0,2,645.0,627.5,0.0,0.0,0.0,0.0,23
2023-05-09 21:21:56,ag2312C5400,ag2312C5400,645.0,0.0,0.0,0.0,2,485.5,802.5,1,645.0,627.5,0.0,0.0,0.0,0.0,23
2023-05-09 21:21:56,ag2312C5400,ag2312C5400,645.0,0.0,0.0,0.0,2,485.5,802.5,1,645.0,627.5,0.0,0.0,0.0,0.0,23
2023-05-09 21:21:57,ag2312C5400,ag2312C5400,645.0,0.0,0.0,0.0,2,485.5,802.0,2,645.0,627.5,0.0,0.0,0.0,0.0,23
2023-05-09 21:21:57,ag2312C5400,ag2312C5400,645.0,0.0,0.0,0.0,2,485.5,800.5,1,645.0,627.5,0.0,0.0,0.0,0.0,23
2023-05-09 21:21:58,ag2312C5400,ag2312C5400,645.0,0.0,0.0,0.0,2,485.5,800.5,1,645.0,627.5,0.0,0.0,0.0,0.0,23
2023-05-09 21:21:58,ag2312C5400,ag2312C5400,645.0,0.0,0.0,0.0,2,485.5,800.0,2,645.0,627.5,0.0,0.0,0.0,0.0,23
2023-05-09 21:21:59,ag2312C5400,ag2312C5400,645.0,0.0,0.0,0.0,2,485.5,798.5,1,645.0,627.5,0.0,0.0,0.0,0.0,23
2023-05-09 21:21:59,ag2312C5400,ag2312C5400,645.0,0.0,0.0,0.0,2,485.5,798.5,1,645.0,627.5,0.0,0.0,0.0,0.0,23
2023-05-09 21:22:00,ag2312C5400,ag2312C5400,645.0,0.0,0.0,0.0,2,485.5,798.0,2,645.0,627.5,0.0,0.0,0.0,0.0,23
2023-05-09 21:22:00,ag2312C5400,ag2312C5400,645.0,0.0,0.0,0.0,2,485.5,796.5,1,645.0,627.5,0.0,0.0,0.0,0.0,23
2023-05-09 21:22:01,ag2312C5400,ag2312C5400,645.0,0.0,0.0,0.0,2,485.5,796.5,1,645.0,627.5,0.0,0.0,0.0,0.0,23
2023-05-09 21:22:01,ag2312C5400,ag2312C5400,645.0,0.0,0.0,0.0,2,485.5,796.0,2,645.0,627.5,0.0,0.0,0.0,0.0,23
2023-05-09 21:22:02,ag2312C5400,ag2312C5400,645.0,0.0,0.0,0.0,2,485.5,794.5,1,645.0,627.5,0.0,0.0,0.0,0.0,23
2023-05-09 21:22:02,ag2312C5400,ag2312C5400,645.0,0.0,0.0,0.0,2,485.5,794.5,1,645.0,627.5,0.0,0.0,0.0,0.0,23
2023-05-09 21:22:03,ag2312C5400,ag2312C5400,645.0,0.0,0.0,0.0,2,485.5,794.0,2,645.0,627.5,0.0,0.0,0.0,0.0,23
2023-05-09 21:22:03,ag2312C5400,ag2312C5400,645.0,0.0,0.0,0.0,2,485.5,792.5,1,645.0,627.5,0.0,0.0,0.0,0.0,23
2023-05-09 21:22:04,ag2312C5400,ag2312C5400,645.0,0.0,0.0,0.0,2,485.5,792.5,1,645.0,627.5,0.0,0.0,0.0,0.0,23
2023-05-09 21:22:04,ag2312C5400,ag2312C5400,645.0,0.0,0.0,0.0,2,485.5,792.0,2,645.0,627.5,0.0,0.0,0.0,0.0,23
2023-05-09 21:22:05,ag2312C5400,ag2312C5400,645.0,0.0,0.0,0.0,2,485.5,790.5,1,645.0,627.5,0.0,0.0,0.0,0.0,23
2023-05-09 21:22:05,ag2312C5400,ag2312C5400,645.0,0.0,0.0,0.0,2,485.5,790.5,1,645.0,627.5,0.0,0.0,0.0,0.0,23
2023-05-09 21:22:06,ag2312C5400,ag2312C5400,645.0,0.0,0.0,0.0,2,485.5,790.0,2,645.0,627.5,0.0,0.0,0.0,0.0,23
2023-05-09 21:22:06,ag2312C5400,ag2312C5400,645.0,0.0,0.0,0.0,2,485.5,788.5,1,645.0,627.5,0.0,0.0,0.0,0.0,23
2023-05-09 21:22:07,ag2312C5400,ag2312C5400,645.0,0.0,0.0,0.0,2,485.5,788.5,1,645.0,627.5,0.0,0.0,0.0,0.0,23
2023-05-09 21:22:07,ag2312C5400,ag2312C5400,645.0,0.0,0.0,0.0,2,485.5,788.0,2,645.0,627.5,0.0,0.0,0.0,0.0,23
2023-05-09 21:22:08,ag2312C5400,ag2312C5400,645.0,0.0,0.0,0.0,2,485.5,786.5,1,645.0,627.5,0.0,0.0,0.0,0.0,23
2023-05-09 21:22:08,ag2312C5400,ag2312C5400,645.0,0.0,0.0,0.0,2,485.5,786.5,1,645.0,627.5,0.0,0.0,0.0,0.0,23
2023-05-09 21:22:09,ag2312C5400,ag2312C5400,645.0,0.0,0.0,0.0,2,485.5,786.0,2,645.0,627.5,0.0,0.0,0.0,0.0,23
2023-05-09 21:22:09,ag2312C5400,ag2312C5400,645.0,0.0,0.0,0.0,2,485.5,784.5,1,645.0,627.5,0.0,0.0,0.0,0.0,23
2023-05-09 21:22:10,ag2312C5400,ag2312C5400,645.0,0.0,0.0,0.0,2,485.5,784.5,1,645.0,627.5,0.0,0.0,0.0,0.0,23
2023-05-09 21:22:10,ag2312C5400,ag2312C5400,645.0,0.0,0.0,0.0,2,485.5,784.0,2,645.0,627.5,0.0,0.0,0.0,0.0,23
2023-05-09 21:22:11,ag2312C5400,ag2312C5400,645.0,0.0,0.0,0.0,2,485.5,782.5,1,645.0,627.5,0.0,0.0,0.0,0.0,23
2023-05-09 21:22:11,ag2312C5400,ag2312C5400,645.0,0.0,0.0,0.0,2,485.5,782.5,1,645.0,627.5,0.0,0.0,0.0,0.0,23
2023-05-09 21:22:12,ag2312C5400,ag2312C5400,645.0,0.0,0.0,0.0,2,485.5,782.0,2,645.0,627.5,0.0,0.0,0.0,0.0,23
2023-05-09 21:22:12,ag2312C5400,ag2312C5400,645.0,0.0,0.0,0.0,2,485.5,780.5,1,645.0,627.5,0.0,0.0,0.0,0.0,23
2023-05-09 21:22:13,ag2312C5400,ag2312C5400,645.0,0.0,0.0,0.0,2,485.5,780.5,1,645.0,627.5,0.0,0.0,0.0,0.0,23
2023-05-09 21:22:13,ag2312C5400,ag2312C5400,645.0,0.0,0.0,0.0,2,485.5,780.0,2,645.0,627.5,0.0,0.0,0.0,0.0,23
2023-05-09 21:22:14,ag2312C5400,ag2312C5400,645.0,0.0,0.0,0.0,2,485.5,778.5,1,645.0,627.5,0.0,0.0,0.0,0.0,23
2023-05-09 21:22:14,ag2312C5400,ag2312C5400,645.0,0.0,0.0,0.0,2,485.5,778.5,1,645.0,627.5,0.0,0.0,0.0,0.0,23
2023-05-09 21:22:15,ag2312C5400,ag2312C5400,645.0,0.0,0.0,0.0,2,485.5,778.0,2,645.0,627.5,0.0,0.0,0.0,0.0,23
2023-05-09 21:22:15,ag2312C5400,ag2312C5400,645.0,0.0,0.0,0.0,2,485.5,776.5,1,645.0,627.5,0.0,0.0,0.0,0.0,23
2023-05-09 21:22:16,ag2312C5400,ag2312C5400,645.0,0.0,0.0,0.0,2,485.5,776.5,1,645.0,627.5,0.0,0.0,0.0,0.0,23
2023-05-09 21:22:16,ag2312C5400,ag2312C5400,645.0,0.0,0.0,0.0,2,485.5,776.0,2,645.0,627.5,0.0,0.0,0.0,0.0,23
2023-05-09 21:22:17,ag2312C5400,ag2312C5400,645.0,0.0,0.0,0.0,2,485.5,774.5,1,645.0,627.5,0.0,0.0,0.0,0.0,23
2023-05-09 21:22:17,ag2312C5400,ag2312C5400,645.0,0.0,0.0,0.0,2,485.5,774.5,1,645.0,627.5,0.0,0.0,0.0,0.0,23
2023-05-09 21:22:18,ag2312C5400,ag2312C5400,645.0,0.0,0.0,0.0,2,485.5,774.0,2,645.0,627.5,0.0,0.0,0.0,0.0,23
2023-05-09 21:22:18,ag2312C5400,ag2312C5400,645.0,0.0,0.0,0.0,2,485.5,772.5,1,645.0,627.5,0.0,0.0,0.0,0.0,23
2023-05-09 21:22:19,ag2312C5400,ag2312C5400,645.0,0.0,0.0,0.0,2,485.5,772.5,1,645.0,627.5,0.0,0.0,0.0,0.0,23
2023-05-09 21:22:19,ag2312C5400,ag2312C5400,645.0,0.0,0.0,0.0,2,485.5,772.0,2,645.0,627.5,0.0,0.0,0.0,0.0,23
2023-05-09 21:22:20,ag2312C5400,ag2312C5400,645.0,0.0,0.0,0.0,2,485.5,770.5,1,645.0,627.5,0.0,0.0,0.0,0.0,23
2023-05-09 21:22:20,ag2312C5400,ag2312C5400,645.0,0.0,0.0,0.0,2,485.5,770.5,1,645.0,627.5,0.0,0.0,0.0,0.0,23
2023-05-09 21:22:21,ag2312C5400,ag2312C5400,645.0,0.0,0.0,0.0,2,485.5,770.0,2,645.0,627.5,0.0,0.0,0.0,0.0,23
2023-05-09 21:22:21,ag2312C5400,ag2312C5400,645.0,0.0,0.0,0.0,2,485.5,768.5,1,645.0,627.5,0.0,0.0,0.0,0.0,23
2023-05-09 21:22:22,ag2312C5400,ag2312C5400,645.0,0.0,0.0,0.0,2,485.5,768.5,1,645.0,627.5,0.0,0.0,0.0,0.0,23
2023-05-09 21:22:22,ag2312C5400,ag2312C5400,645.0,0.0,0.0,0.0,2,485.5,768.0,2,645.0,627.5,0.0,0.0,0.0,0.0,23
2023-05-09 21:22:23,ag2312C5400,ag2312C5400,645.0,0.0,0.0,0.0,2,485.5,766.5,1,645.0,627.5,0.0,0.0,0.0,0.0,23
2023-05-09 21:22:23,ag2312C5400,ag2312C5400,645.0,0.0,0.0,0.0,2,485.5,766.5,1,645.0,627.5,0.0,0.0,0.0,0.0,23
2023-05-09 21:22:24,ag2312C5400,ag2312C5400,645.0,0.0,0.0,0.0,2,485.5,766.0,2,645.0,627.5,0.0,0.0,0.0,0.0,23
2023-05-09 21:22:24,ag2312C5400,ag2312C5400,645.0,0.0,0.0,0.0,2,485.5,764.5,1,645.0,627.5,0.0,0.0,0.0,0.0,23
2023-05-09 21:22:25,ag2312C5400,ag2312C5400,645.0,0.0,0.0,0.0,2,485.5,764.5,1,645.0,627.5,0.0,0.0,0.0,0.0,23
2023-05-09 21:22:25,ag2312C5400,ag2312C5400,645.0,0.0,0.0,0.0,2,485.5,764.0,2,645.0,627.5,0.0,0.0,0.0,0.0,23
2023-05-09 21:22:26,ag2312C5400,ag2312C5400,645.0,0.0,0.0,0.0,2,485.5,762.5,1,645.0,627.5,0.0,0.0,0.0,0.0,23
2023-05-09 21:22:26,ag2312C5400,ag2312C5400,645.0,0.0,0.0,0.0,2,485.5,762.5,1,645.0,627.5,0.0,0.0,0.0,0.0,23
2023-05-09 21:22:27,ag2312C5400,ag2312C5400,645.0,0.0,0.0,0.0,2,485.5,762.0,2,645.0,627.5,0.0,0.0,0.0,0.0,23
2023-05-09 21:22:27,ag2312C5400,ag2312C5400,645.0,0.0,0.0,0.0,2,485.5,760.5,1,645.0,627.5,0.0,0.0,0.0,0.0,23
2023-05-09 21:22:28,ag2312C5400,ag2312C5400,645.0,0.0,0.0,0.0,2,485.5,760.0,2,645.0,627.5,0.0,0.0,0.0,0.0,23
2023-05-09 21:22:28,ag2312C5400,ag2312C5400,645.0,0.0,0.0,0.0,2,485.5,758.5,1,645.0,627.5,0.0,0.0,0.0,0.0,23
2023-05-09 21:22:29,ag2312C5400,ag2312C5400,645.0,0.0,0.0,0.0,2,485.5,758.5,1,645.0,627.5,0.0,0.0,0.0,0.0,23
2023-05-09 21:22:29,ag2312C5400,ag2312C5400,645.0,0.0,0.0,0.0,2,485.5,758.0,2,645.0,627.5,0.0,0.0,0.0,0.0,23
2023-05-09 21:22:30,ag2312C5400,ag2312C5400,645.0,0.0,0.0,0.0,2,485.5,756.5,1,645.0,627.5,0.0,0.0,0.0,0.0,23
2023-05-09 21:22:30,ag2312C5400,ag2312C5400,645.0,0.0,0.0,0.0,2,485.5,756.5,1,645.0,627.5,0.0,0.0,0.0,0.0,23
2023-05-09 21:22:31,ag2312C5400,ag2312C5400,645.0,0.0,0.0,0.0,2,485.5,756.0,2,645.0,627.5,0.0,0.0,0.0,0.0,23
2023-05-09 21:22:31,ag2312C5400,ag2312C5400,645.0,0.0,0.0,0.0,2,485.5,754.5,1,645.0,627.5,0.0,0.0,0.0,0.0,23
2023-05-09 21:22:32,ag2312C5400,ag2312C5400,645.0,0.0,0.0,0.0,2,485.5,754.5,1,645.0,627.5,0.0,0.0,0.0,0.0,23
2023-05-09 21:22:32,ag2312C5400,ag2312C5400,645.0,0.0,0.0,0.0,2,485.5,754.0,2,645.0,627.5,0.0,0.0,0.0,0.0,23
2023-05-09 21:22:33,ag2312C5400,ag2312C5400,645.0,0.0,0.0,0.0,2,485.5,754.0,2,645.0,627.5,0.0,0.0,0.0,0.0,23
2023-05-09 21:43:17,ag2312C5400,ag2312C5400,645.0,0.0,0.0,0.0,1,487.0,754.0,2,645.0,627.5,0.0,0.0,0.0,0.0,23
2023-05-09 21:43:18,ag2312C5400,ag2312C5400,645.0,0.0,0.0,0.0,1,487.0,754.0,2,645.0,627.5,0.0,0.0,0.0,0.0,23
2023-05-09 21:43:18,ag2312C5400,ag2312C5400,645.0,0.0,0.0,0.0,2,487.5,754.0,2,645.0,627.5,0.0,0.0,0.0,0.0,23
2023-05-09 21:43:19,ag2312C5400,ag2312C5400,645.0,0.0,0.0,0.0,1,489.0,754.0,2,645.0,627.5,0.0,0.0,0.0,0.0,23
2023-05-09 21:43:19,ag2312C5400,ag2312C5400,645.0,0.0,0.0,0.0,1,489.0,754.0,2,645.0,627.5,0.0,0.0,0.0,0.0,23
2023-05-09 21:43:20,ag2312C5400,ag2312C5400,645.0,0.0,0.0,0.0,2,489.5,754.0,2,645.0,627.5,0.0,0.0,0.0,0.0,23
2023-05-09 21:43:20,ag2312C5400,ag2312C5400,645.0,0.0,0.0,0.0,1,491.0,754.0,2,645.0,627.5,0.0,0.0,0.0,0.0,23
2023-05-09 21:43:21,ag2312C5400,ag2312C5400,645.0,0.0,0.0,0.0,1,491.0,754.0,2,645.0,627.5,0.0,0.0,0.0,0.0,23
2023-05-09 21:43:21,ag2312C5400,ag2312C5400,645.0,0.0,0.0,0.0,2,491.5,754.0,2,645.0,627.5,0.0,0.0,0.0,0.0,23
2023-05-09 21:43:22,ag2312C5400,ag2312C5400,645.0,0.0,0.0,0.0,1,493.0,754.0,2,645.0,627.5,0.0,0.0,0.0,0.0,23
2023-05-09 21:43:22,ag2312C5400,ag2312C5400,645.0,0.0,0.0,0.0,1,493.0,754.0,2,645.0,627.5,0.0,0.0,0.0,0.0,23
2023-05-09 21:43:23,ag2312C5400,ag2312C5400,645.0,0.0,0.0,0.0,2,493.5,754.0,2,645.0,627.5,0.0,0.0,0.0,0.0,23
2023-05-09 21:43:23,ag2312C5400,ag2312C5400,645.0,0.0,0.0,0.0,1,495.0,754.0,2,645.0,627.5,0.0,0.0,0.0,0.0,23
2023-05-09 21:43:24,ag2312C5400,ag2312C5400,645.0,0.0,0.0,0.0,1,495.0,754.0,2,645.0,627.5,0.0,0.0,0.0,0.0,23
2023-05-09 21:43:24,ag2312C5400,ag2312C5400,645.0,0.0,0.0,0.0,2,495.5,754.0,2,645.0,627.5,0.0,0.0,0.0,0.0,23
2023-05-09 21:43:25,ag2312C5400,ag2312C5400,645.0,0.0,0.0,0.0,2,495.5,754.0,2,645.0,627.5,0.0,0.0,0.0,0.0,23
2023-05-09 21:53:17,ag2312C5400,ag2312C5400,645.0,0.0,0.0,0.0,1,497.0,754.0,2,645.0,627.5,0.0,0.0,0.0,0.0,23
2023-05-09 21:53:18,ag2312C5400,ag2312C5400,645.0,0.0,0.0,0.0,1,497.0,754.0,2,645.0,627.5,0.0,0.0,0.0,0.0,23
2023-05-09 21:53:18,ag2312C5400,ag2312C5400,645.0,0.0,0.0,0.0,2,497.5,754.0,2,645.0,627.5,0.0,0.0,0.0,0.0,23
2023-05-09 21:53:19,ag2312C5400,ag2312C5400,645.0,0.0,0.0,0.0,1,499.0,754.0,2,645.0,627.5,0.0,0.0,0.0,0.0,23
2023-05-09 21:53:19,ag2312C5400,ag2312C5400,645.0,0.0,0.0,0.0,1,499.0,754.0,2,645.0,627.5,0.0,0.0,0.0,0.0,23
2023-05-09 21:53:20,ag2312C5400,ag2312C5400,645.0,0.0,0.0,0.0,2,499.5,754.0,2,645.0,627.5,0.0,0.0,0.0,0.0,23
2023-05-09 21:53:20,ag2312C5400,ag2312C5400,645.0,0.0,0.0,0.0,2,499.5,754.0,2,645.0,627.5,0.0,0.0,0.0,0.0,23
2023-05-09 22:03:17,ag2312C5400,ag2312C5400,645.0,0.0,0.0,0.0,1,501.0,754.0,2,645.0,627.5,0.0,0.0,0.0,0.0,23
2023-05-09 22:03:18,ag2312C5400,ag2312C5400,645.0,0.0,0.0,0.0,1,501.0,754.0,2,645.0,627.5,0.0,0.0,0.0,0.0,23
2023-05-09 22:03:18,ag2312C5400,ag2312C5400,645.0,0.0,0.0,0.0,2,501.5,754.0,2,645.0,627.5,0.0,0.0,0.0,0.0,23
2023-05-09 22:03:19,ag2312C5400,ag2312C5400,645.0,0.0,0.0,0.0,1,503.0,754.0,2,645.0,627.5,0.0,0.0,0.0,0.0,23
2023-05-09 22:03:19,ag2312C5400,ag2312C5400,645.0,0.0,0.0,0.0,1,503.0,754.0,2,645.0,627.5,0.0,0.0,0.0,0.0,23
2023-05-09 22:03:20,ag2312C5400,ag2312C5400,645.0,0.0,0.0,0.0,2,503.5,754.0,2,645.0,627.5,0.0,0.0,0.0,0.0,23
2023-05-09 22:03:20,ag2312C5400,ag2312C5400,645.0,0.0,0.0,0.0,2,503.5,754.0,2,645.0,627.5,0.0,0.0,0.0,0.0,23
2023-05-09 22:57:03,ag2312C5400,ag2312C5400,645.0,0.0,0.0,0.0,1,321.0,0.0,0,645.0,627.5,0.0,0.0,0.0,0.0,23
2023-05-09 22:57:05,ag2312C5400,ag2312C5400,645.0,0.0,0.0,0.0,1,322.5,1166.5,1,645.0,627.5,0.0,0.0,0.0,0.0,23
2023-05-09 23:00:33,ag2312C5400,ag2312C5400,645.0,0.0,0.0,0.0,2,323.0,1166.0,2,645.0,627.5,0.0,0.0,0.0,0.0,23
2023-05-09 23:00:34,ag2312C5400,ag2312C5400,645.0,0.0,0.0,0.0,1,324.5,1164.5,1,645.0,627.5,0.0,0.0,0.0,0.0,23
2023-05-09 23:00:35,ag2312C5400,ag2312C5400,645.0,0.0,0.0,0.0,1,324.5,1164.5,1,645.0,627.5,0.0,0.0,0.0,0.0,23
2023-05-09 23:00:35,ag2312C5400,ag2312C5400,645.0,0.0,0.0,0.0,2,325.0,1164.0,2,645.0,627.5,0.0,0.0,0.0,0.0,23
2023-05-09 23:00:37,ag2312C5400,ag2312C5400,645.0,0.0,0.0,0.0,2,325.0,1164.0,2,645.0,627.5,0.0,0.0,0.0,0.0,23
2023-05-09 23:01:00,ag2312C5400,ag2312C5400,645.0,0.0,0.0,0.0,2,325.0,1162.5,1,645.0,627.5,0.0,0.0,0.0,0.0,23
2023-05-09 23:01:01,ag2312C5400,ag2312C5400,645.0,0.0,0.0,0.0,2,325.0,1162.5,1,645.0,627.5,0.0,0.0,0.0,0.0,23
2023-05-09 23:01:01,ag2312C5400,ag2312C5400,645.0,0.0,0.0,0.0,2,325.0,1162.0,2,645.0,627.5,0.0,0.0,0.0,0.0,23
2023-05-09 23:01:02,ag2312C5400,ag2312C5400,645.0,0.0,0.0,0.0,1,326.5,1162.0,2,645.0,627.5,0.0,0.0,0.0,0.0,23
2023-05-09 23:01:02,ag2312C5400,ag2312C5400,645.0,0.0,0.0,0.0,1,326.5,1160.5,1,645.0,627.5,0.0,0.0,0.0,0.0,23
2023-05-09 23:01:03,ag2312C5400,ag2312C5400,645.0,0.0,0.0,0.0,2,327.0,1160.5,1,645.0,627.5,0.0,0.0,0.0,0.0,23
2023-05-09 23:01:03,ag2312C5400,ag2312C5400,645.0,0.0,0.0,0.0,2,327.0,1160.0,2,645.0,627.5,0.0,0.0,0.0,0.0,23
2023-05-09 23:01:04,ag2312C5400,ag2312C5400,645.0,0.0,0.0,0.0,1,328.5,1160.0,2,645.0,627.5,0.0,0.0,0.0,0.0,23
2023-05-09 23:01:04,ag2312C5400,ag2312C5400,645.0,0.0,0.0,0.0,1,328.5,1158.5,1,645.0,627.5,0.0,0.0,0.0,0.0,23
2023-05-09 23:01:05,ag2312C5400,ag2312C5400,645.0,0.0,0.0,0.0,2,329.0,1158.5,1,645.0,627.5,0.0,0.0,0.0,0.0,23
2023-05-09 23:01:05,ag2312C5400,ag2312C5400,645.0,0.0,0.0,0.0,2,329.0,1158.0,2,645.0,627.5,0.0,0.0,0.0,0.0,23
2023-05-09 23:01:06,ag2312C5400,ag2312C5400,645.0,0.0,0.0,0.0,1,330.5,1158.0,2,645.0,627.5,0.0,0.0,0.0,0.0,23
2023-05-09 23:01:06,ag2312C5400,ag2312C5400,645.0,0.0,0.0,0.0,1,330.5,1158.0,2,645.0,627.5,0.0,0.0,0.0,0.0,23
2023-05-09 23:01:07,ag2312C5400,ag2312C5400,645.0,0.0,0.0,0.0,2,331.0,1158.0,2,645.0,627.5,0.0,0.0,0.0,0.0,23
2023-05-09 23:01:08,ag2312C5400,ag2312C5400,645.0,0.0,0.0,0.0,1,332.5,1158.0,2,645.0,627.5,0.0,0.0,0.0,0.0,23
2023-05-09 23:01:08,ag2312C5400,ag2312C5400,645.0,0.0,0.0,0.0,1,332.5,1158.0,2,645.0,627.5,0.0,0.0,0.0,0.0,23
2023-05-09 23:01:09,ag2312C5400,ag2312C5400,645.0,0.0,0.0,0.0,2,333.0,1156.5,1,645.0,627.5,0.0,0.0,0.0,0.0,23
2023-05-09 23:01:09,ag2312C5400,ag2312C5400,645.0,0.0,0.0,0.0,2,333.0,1156.5,1,645.0,627.5,0.0,0.0,0.0,0.0,23
2023-05-09 23:01:10,ag2312C5400,ag2312C5400,645.0,0.0,0.0,0.0,1,334.5,1156.0,2,645.0,627.5,0.0,0.0,0.0,0.0,23
2023-05-09 23:01:10,ag2312C5400,ag2312C5400,645.0,0.0,0.0,0.0,1,334.5,1156.0,2,645.0,627.5,0.0,0.0,0.0,0.0,23
2023-05-09 23:01:11,ag2312C5400,ag2312C5400,645.0,0.0,0.0,0.0,2,335.0,1156.0,2,645.0,627.5,0.0,0.0,0.0,0.0,23
2023-05-09 23:01:12,ag2312C5400,ag2312C5400,645.0,0.0,0.0,0.0,2,335.0,1154.5,1,645.0,627.5,0.0,0.0,0.0,0.0,23
2023-05-09 23:01:12,ag2312C5400,ag2312C5400,645.0,0.0,0.0,0.0,2,335.0,1154.5,1,645.0,627.5,0.0,0.0,0.0,0.0,23
2023-05-09 23:01:13,ag2312C5400,ag2312C5400,645.0,0.0,0.0,0.0,2,335.0,1154.0,2,645.0,627.5,0.0,0.0,0.0,0.0,23
2023-05-09 23:01:14,ag2312C5400,ag2312C5400,645.0,0.0,0.0,0.0,2,335.0,1154.0,2,645.0,627.5,0.0,0.0,0.0,0.0,23
2023-05-09 23:01:15,ag2312C5400,ag2312C5400,645.0,0.0,0.0,0.0,2,335.0,1152.5,1,645.0,627.5,0.0,0.0,0.0,0.0,23
2023-05-09 23:01:15,ag2312C5400,ag2312C5400,645.0,0.0,0.0,0.0,2,335.0,1152.5,1,645.0,627.5,0.0,0.0,0.0,0.0,23
2023-05-09 23:01:16,ag2312C5400,ag2312C5400,645.0,0.0,0.0,0.0,2,335.0,1152.0,2,645.0,627.5,0.0,0.0,0.0,0.0,23
2023-05-09 23:01:17,ag2312C5400,ag2312C5400,645.0,0.0,0.0,0.0,2,335.0,1150.5,1,645.0,627.5,0.0,0.0,0.0,0.0,23
2023-05-09 23:01:17,ag2312C5400,ag2312C5400,645.0,0.0,0.0,0.0,2,335.0,1150.5,1,645.0,627.5,0.0,0.0,0.0,0.0,23
2023-05-09 23:01:18,ag2312C5400,ag2312C5400,645.0,0.0,0.0,0.0,2,335.0,1150.0,2,645.0,627.5,0.0,0.0,0.0,0.0,23
2023-05-09 23:01:19,ag2312C5400,ag2312C5400,645.0,0.0,0.0,0.0,2,335.0,1150.0,2,645.0,627.5,0.0,0.0,0.0,0.0,23
2023-05-09 23:01:23,ag2312C5400,ag2312C5400,645.0,0.0,0.0,0.0,2,335.0,1148.5,1,645.0,627.5,0.0,0.0,0.0,0.0,23
2023-05-09 23:01:23,ag2312C5400,ag2312C5400,645.0,0.0,0.0,0.0,2,335.0,1148.5,1,645.0,627.5,0.0,0.0,0.0,0.0,23
2023-05-09 23:01:24,ag2312C5400,ag2312C5400,645.0,0.0,0.0,0.0,2,335.0,1148.0,2,645.0,627.5,0.0,0.0,0.0,0.0,23
2023-05-09 23:01:24,ag2312C5400,ag2312C5400,645.0,0.0,0.0,0.0,1,336.5,1148.0,2,645.0,627.5,0.0,0.0,0.0,0.0,23
2023-05-09 23:01:25,ag2312C5400,ag2312C5400,645.0,0.0,0.0,0.0,1,336.5,1146.5,1,645.0,627.5,0.0,0.0,0.0,0.0,23
2023-05-09 23:01:25,ag2312C5400,ag2312C5400,645.0,0.0,0.0,0.0,2,337.0,1146.5,1,645.0,627.5,0.0,0.0,0.0,0.0,23
2023-05-09 23:01:26,ag2312C5400,ag2312C5400,645.0,0.0,0.0,0.0,2,337.0,1146.0,2,645.0,627.5,0.0,0.0,0.0,0.0,23
2023-05-09 23:01:27,ag2312C5400,ag2312C5400,645.0,0.0,0.0,0.0,2,337.0,1146.0,2,645.0,627.5,0.0,0.0,0.0,0.0,23
2023-05-09 23:01:27,ag2312C5400,ag2312C5400,645.0,0.0,0.0,0.0,1,338.5,1146.0,2,645.0,627.5,0.0,0.0,0.0,0.0,23
2023-05-09 23:01:28,ag2312C5400,ag2312C5400,645.0,0.0,0.0,0.0,1,338.5,1146.0,2,645.0,627.5,0.0,0.0,0.0,0.0,23
2023-05-09 23:01:28,ag2312C5400,ag2312C5400,645.0,0.0,0.0,0.0,2,339.0,1146.0,2,645.0,627.5,0.0,0.0,0.0,0.0,23
2023-05-09 23:01:29,ag2312C5400,ag2312C5400,645.0,0.0,0.0,0.0,2,339.0,1144.5,1,645.0,627.5,0.0,0.0,0.0,0.0,23
2023-05-09 23:01:30,ag2312C5400,ag2312C5400,645.0,0.0,0.0,0.0,2,339.0,1144.0,2,645.0,627.5,0.0,0.0,0.0,0.0,23
2023-05-09 23:01:31,ag2312C5400,ag2312C5400,645.0,0.0,0.0,0.0,2,339.0,1144.0,2,645.0,627.5,0.0,0.0,0.0,0.0,23
2023-05-09 23:01:55,ag2312C5400,ag2312C5400,645.0,0.0,0.0,0.0,2,339.0,1142.5,1,645.0,627.5,0.0,0.0,0.0,0.0,23
2023-05-09 23:01:56,ag2312C5400,ag2312C5400,645.0,0.0,0.0,0.0,2,339.0,1142.5,1,645.0,627.5,0.0,0.0,0.0,0.0,23
2023-05-09 23:01:56,ag2312C5400,ag2312C5400,645.0,0.0,0.0,0.0,2,339.0,1142.0,2,645.0,627.5,0.0,0.0,0.0,0.0,23
2023-05-09 23:01:58,ag2312C5400,ag2312C5400,645.0,0.0,0.0,0.0,1,340.5,1142.0,2,645.0,627.5,0.0,0.0,0.0,0.0,23
2023-05-09 23:01:58,ag2312C5400,ag2312C5400,645.0,0.0,0.0,0.0,1,340.5,1142.0,2,645.0,627.5,0.0,0.0,0.0,0.0,23
2023-05-09 23:01:59,ag2312C5400,ag2312C5400,645.0,0.0,0.0,0.0,2,341.0,1142.0,2,645.0,627.5,0.0,0.0,0.0,0.0,23
2023-05-09 23:02:00,ag2312C5400,ag2312C5400,645.0,0.0,0.0,0.0,2,341.0,1142.0,2,645.0,627.5,0.0,0.0,0.0,0.0,23
2023-05-09 23:02:02,ag2312C5400,ag2312C5400,645.0,0.0,0.0,0.0,1,342.5,1142.0,2,645.0,627.5,0.0,0.0,0.0,0.0,23
2023-05-09 23:02:02,ag2312C5400,ag2312C5400,645.0,0.0,0.0,0.0,1,342.5,1142.0,2,645.0,627.5,0.0,0.0,0.0,0.0,23
2023-05-09 23:02:03,ag2312C5400,ag2312C5400,645.0,0.0,0.0,0.0,2,343.0,1142.0,2,645.0,627.5,0.0,0.0,0.0,0.0,23
2023-05-09 23:02:04,ag2312C5400,ag2312C5400,645.0,0.0,0.0,0.0,2,343.0,1140.5,1,645.0,627.5,0.0,0.0,0.0,0.0,23
2023-05-09 23:02:04,ag2312C5400,ag2312C5400,645.0,0.0,0.0,0.0,2,343.0,1140.5,1,645.0,627.5,0.0,0.0,0.0,0.0,23
2023-05-09 23:02:05,ag2312C5400,ag2312C5400,645.0,0.0,0.0,0.0,2,343.0,1140.0,2,645.0,627.5,0.0,0.0,0.0,0.0,23
2023-05-09 23:02:06,ag2312C5400,ag2312C5400,645.0,0.0,0.0,0.0,1,344.5,1140.0,2,645.0,627.5,0.0,0.0,0.0,0.0,23
2023-05-09 23:02:06,ag2312C5400,ag2312C5400,645.0,0.0,0.0,0.0,1,344.5,1140.0,2,645.0,627.5,0.0,0.0,0.0,0.0,23
2023-05-09 23:02:07,ag2312C5400,ag2312C5400,645.0,0.0,0.0,0.0,2,345.0,1138.5,1,645.0,627.5,0.0,0.0,0.0,0.0,23
2023-05-09 23:02:07,ag2312C5400,ag2312C5400,645.0,0.0,0.0,0.0,2,345.0,1138.5,1,645.0,627.5,0.0,0.0,0.0,0.0,23
2023-05-09 23:02:08,ag2312C5400,ag2312C5400,645.0,0.0,0.0,0.0,2,345.0,1138.0,2,645.0,627.5,0.0,0.0,0.0,0.0,23
2023-05-09 23:02:09,ag2312C5400,ag2312C5400,645.0,0.0,0.0,0.0,2,345.0,1138.0,2,645.0,627.5,0.0,0.0,0.0,0.0,23
2023-05-09 23:02:10,ag2312C5400,ag2312C5400,645.0,0.0,0.0,0.0,2,345.0,1138.0,2,645.0,627.5,0.0,0.0,0.0,0.0,23
2023-05-09 23:02:19,ag2312C5400,ag2312C5400,645.0,0.0,0.0,0.0,2,345.0,1136.5,1,645.0,627.5,0.0,0.0,0.0,0.0,23
2023-05-09 23:02:19,ag2312C5400,ag2312C5400,645.0,0.0,0.0,0.0,2,345.0,1136.5,1,645.0,627.5,0.0,0.0,0.0,0.0,23
2023-05-09 23:02:20,ag2312C5400,ag2312C5400,645.0,0.0,0.0,0.0,2,345.0,1136.0,2,645.0,627.5,0.0,0.0,0.0,0.0,23
2023-05-09 23:02:21,ag2312C5400,ag2312C5400,645.0,0.0,0.0,0.0,2,345.0,1136.0,2,645.0,627.5,0.0,0.0,0.0,0.0,23
2023-05-09 23:02:23,ag2312C5400,ag2312C5400,645.0,0.0,0.0,0.0,1,346.5,1136.0,2,645.0,627.5,0.0,0.0,0.0,0.0,23
2023-05-09 23:02:23,ag2312C5400,ag2312C5400,645.0,0.0,0.0,0.0,1,346.5,1136.0,2,645.0,627.5,0.0,0.0,0.0,0.0,23
2023-05-09 23:02:24,ag2312C5400,ag2312C5400,645.0,0.0,0.0,0.0,2,347.0,1136.0,2,645.0,627.5,0.0,0.0,0.0,0.0,23
2023-05-09 23:02:24,ag2312C5400,ag2312C5400,645.0,0.0,0.0,0.0,2,347.0,1134.5,1,645.0,627.5,0.0,0.0,0.0,0.0,23
2023-05-09 23:02:25,ag2312C5400,ag2312C5400,645.0,0.0,0.0,0.0,2,347.0,1134.5,1,645.0,627.5,0.0,0.0,0.0,0.0,23
2023-05-09 23:02:25,ag2312C5400,ag2312C5400,645.0,0.0,0.0,0.0,2,347.0,1134.0,2,645.0,627.5,0.0,0.0,0.0,0.0,23
2023-05-09 23:02:26,ag2312C5400,ag2312C5400,645.0,0.0,0.0,0.0,1,348.5,1134.0,2,645.0,627.5,0.0,0.0,0.0,0.0,23
2023-05-09 23:02:26,ag2312C5400,ag2312C5400,645.0,0.0,0.0,0.0,1,348.5,1134.0,2,645.0,627.5,0.0,0.0,0.0,0.0,23
2023-05-09 23:02:27,ag2312C5400,ag2312C5400,645.0,0.0,0.0,0.0,2,349.0,1134.0,2,645.0,627.5,0.0,0.0,0.0,0.0,23
2023-05-09 23:02:28,ag2312C5400,ag2312C5400,645.0,0.0,0.0,0.0,2,349.0,1132.5,1,645.0,627.5,0.0,0.0,0.0,0.0,23
2023-05-09 23:02:29,ag2312C5400,ag2312C5400,645.0,0.0,0.0,0.0,2,349.0,1132.5,1,645.0,627.5,0.0,0.0,0.0,0.0,23
2023-05-09 23:02:29,ag2312C5400,ag2312C5400,645.0,0.0,0.0,0.0,2,349.0,1132.0,2,645.0,627.5,0.0,0.0,0.0,0.0,23
2023-05-09 23:02:30,ag2312C5400,ag2312C5400,645.0,0.0,0.0,0.0,1,350.5,1132.0,2,645.0,627.5,0.0,0.0,0.0,0.0,23
2023-05-09 23:02:30,ag2312C5400,ag2312C5400,645.0,0.0,0.0,0.0,1,350.5,1132.0,2,645.0,627.5,0.0,0.0,0.0,0.0,23
2023-05-09 23:02:31,ag2312C5400,ag2312C5400,645.0,0.0,0.0,0.0,2,351.0,1130.5,1,645.0,627.5,0.0,0.0,0.0,0.0,23
2023-05-09 23:02:31,ag2312C5400,ag2312C5400,645.0,0.0,0.0,0.0,2,351.0,1130.5,1,645.0,627.5,0.0,0.0,0.0,0.0,23
2023-05-09 23:02:32,ag2312C5400,ag2312C5400,645.0,0.0,0.0,0.0,2,351.0,1130.0,2,645.0,627.5,0.0,0.0,0.0,0.0,23
