time,symbol_id,symbol_name,last,trade_volume,trade_amount,open_interest_change,bv1,bp1,ap1,av1,yesterday_close,today_open,today_high,today_low,volume,amount,open_interest
2023-05-09 20:59:00,rb2306,rb2306,3657.0,50.0,1828500.0,-50.0,1,3655.0,3669.0,5,3657.0,3657.0,3657.0,3657.0,50.0,1828500.0,36486
2023-05-09 21:00:00,rb2306,rb2306,3655.0,1.0,36550.0,-1.0,2,3652.0,3666.0,5,3657.0,3657.0,3657.0,3655.0,51.0,1865050.0,36485
2023-05-09 21:00:01,rb2306,rb2306,3652.0,2.0,73040.0,-2.0,1,3650.0,3654.0,1,3657.0,3657.0,3657.0,3652.0,53.0,1938090.0,36483
2023-05-09 21:00:01,rb2306,rb2306,3650.0,1.0,36500.0,0.0,5,3648.0,3653.0,2,3657.0,3657.0,3657.0,3650.0,54.0,1974590.0,36483
2023-05-09 21:00:02,rb2306,rb2306,3651.0,13.0,474090.0,-8.0,5,3642.0,3651.0,1,3657.0,3657.0,3657.0,3642.0,67.0,2448680.0,36475
2023-05-09 21:00:02,rb2306,rb2306,3651.0,0.0,0.0,0.0,1,3646.0,3651.0,1,3657.0,3657.0,3657.0,3642.0,67.0,2448680.0,36475
2023-05-09 21:00:03,rb2306,rb2306,3648.0,1.0,36480.0,0.0,5,3642.0,3645.0,1,3657.0,3657.0,3657.0,3642.0,68.0,2485160.0,36475
2023-05-09 21:00:03,rb2306,rb2306,3645.0,1.0,36450.0,0.0,1,3643.0,3651.0,1,3657.0,3657.0,3657.0,3642.0,69.0,2521610.0,36475
2023-05-09 21:00:04,rb2306,rb2306,3652.0,6.0,218830.0,-4.0,2,3652.0,3666.0,10,3657.0,3657.0,3657.0,3642.0,75.0,2740440.0,36471
2023-05-09 21:00:04,rb2306,rb2306,3652.0,2.0,73040.0,-2.0,1,3644.0,3651.0,1,3657.0,3657.0,3657.0,3642.0,77.0,2813480.0,36469
2023-05-09 21:00:05,rb2306,rb2306,3652.0,0.0,0.0,0.0,5,3642.0,3654.0,1,3657.0,3657.0,3657.0,3642.0,77.0,2813480.0,36469
2023-05-09 21:00:05,rb2306,rb2306,3652.0,0.0,0.0,0.0,1,3645.0,3652.0,1,3657.0,3657.0,3657.0,3642.0,77.0,2813480.0,36469
2023-05-09 21:00:06,rb2306,rb2306,3645.0,1.0,36450.0,-1.0,5,3642.0,3645.0,2,3657.0,3657.0,3657.0,3642.0,78.0,2849930.0,36468
2023-05-09 21:00:06,rb2306,rb2306,3645.0,2.0,72900.0,0.0,1,3643.0,3654.0,1,3657.0,3657.0,3657.0,3642.0,80.0,2922830.0,36468
2023-05-09 21:00:07,rb2306,rb2306,3645.0,0.0,0.0,0.0,1,3645.0,3652.0,2,3657.0,3657.0,3657.0,3642.0,80.0,2922830.0,36468
2023-05-09 21:00:07,rb2306,rb2306,3645.0,0.0,0.0,0.0,5,3642.0,3652.0,2,3657.0,3657.0,3657.0,3642.0,80.0,2922830.0,36468
2023-05-09 21:00:08,rb2306,rb2306,3645.0,0.0,0.0,0.0,1,3644.0,3651.0,2,3657.0,3657.0,3657.0,3642.0,80.0,2922830.0,36468
2023-05-09 21:00:08,rb2306,rb2306,3645.0,0.0,0.0,0.0,1,3644.0,3654.0,1,3657.0,3657.0,3657.0,3642.0,80.0,2922830.0,36468
2023-05-09 21:00:09,rb2306,rb2306,3645.0,0.0,0.0,0.0,1,3645.0,3652.0,2,3657.0,3657.0,3657.0,3642.0,80.0,2922830.0,36468
2023-05-09 21:00:09,rb2306,rb2306,3645.0,0.0,0.0,0.0,1,3645.0,3652.0,2,3657.0,3657.0,3657.0,3642.0,80.0,2922830.0,36468
2023-05-09 21:00:10,rb2306,rb2306,3645.0,0.0,0.0,0.0,1,3645.0,3651.0,2,3657.0,3657.0,3657.0,3642.0,80.0,2922830.0,36468
2023-05-09 21:00:12,rb2306,rb2306,3645.0,0.0,0.0,0.0,1,3647.0,3651.0,2,3657.0,3657.0,3657.0,3642.0,80.0,2922830.0,36468
2023-05-09 21:00:12,rb2306,rb2306,3645.0,0.0,0.0,0.0,5,3642.0,3651.0,2,3657.0,3657.0,3657.0,3642.0,80.0,2922830.0,36468
2023-05-09 21:00:13,rb2306,rb2306,3645.0,0.0,0.0,0.0,1,3645.0,3650.0,2,3657.0,3657.0,3657.0,3642.0,80.0,2922830.0,36468
2023-05-09 21:00:17,rb2306,rb2306,3645.0,0.0,0.0,0.0,1,3645.0,3654.0,1,3657.0,3657.0,3657.0,3642.0,80.0,2922830.0,36468
2023-05-09 21:00:18,rb2306,rb2306,3645.0,0.0,0.0,0.0,1,3646.0,3652.0,2,3657.0,3657.0,3657.0,3642.0,80.0,2922830.0,36468
2023-05-09 21:00:18,rb2306,rb2306,3645.0,0.0,0.0,0.0,1,3646.0,3651.0,2,3657.0,3657.0,3657.0,3642.0,80.0,2922830.0,36468
2023-05-09 21:00:19,rb2306,rb2306,3645.0,0.0,0.0,0.0,1,3646.0,3651.0,2,3657.0,3657.0,3657.0,3642.0,80.0,2922830.0,36468
2023-05-09 21:00:20,rb2306,rb2306,3645.0,0.0,0.0,0.0,1,3646.0,3651.0,2,3657.0,3657.0,3657.0,3642.0,80.0,2922830.0,36468
2023-05-09 21:00:22,rb2306,rb2306,3651.0,1.0,36510.0,0.0,1,3646.0,3651.0,1,3657.0,3657.0,3657.0,3642.0,81.0,2959340.0,36468
2023-05-09 21:00:22,rb2306,rb2306,3651.0,0.0,0.0,0.0,1,3648.0,3651.0,1,3657.0,3657.0,3657.0,3642.0,81.0,2959340.0,36468
2023-05-09 21:00:23,rb2306,rb2306,3651.0,0.0,0.0,0.0,1,3649.0,3654.0,1,3657.0,3657.0,3657.0,3642.0,81.0,2959340.0,36468
2023-05-09 21:00:23,rb2306,rb2306,3651.0,0.0,0.0,0.0,1,3649.0,3652.0,1,3657.0,3657.0,3657.0,3642.0,81.0,2959340.0,36468
2023-05-09 21:00:24,rb2306,rb2306,3651.0,0.0,0.0,0.0,1,3649.0,3652.0,2,3657.0,3657.0,3657.0,3642.0,81.0,2959340.0,36468
2023-05-09 21:00:25,rb2306,rb2306,3651.0,0.0,0.0,0.0,1,3649.0,3652.0,1,3657.0,3657.0,3657.0,3642.0,81.0,2959340.0,36468
2023-05-09 21:00:26,rb2306,rb2306,3651.0,0.0,0.0,0.0,5,3645.0,3652.0,1,3657.0,3657.0,3657.0,3642.0,81.0,2959340.0,36468
2023-05-09 21:00:26,rb2306,rb2306,3651.0,0.0,0.0,0.0,1,3648.0,3651.0,1,3657.0,3657.0,3657.0,3642.0,81.0,2959340.0,36468
2023-05-09 21:00:27,rb2306,rb2306,3651.0,0.0,0.0,0.0,1,3649.0,3654.0,1,3657.0,3657.0,3657.0,3642.0,81.0,2959340.0,36468
2023-05-09 21:00:27,rb2306,rb2306,3651.0,0.0,0.0,0.0,1,3649.0,3653.0,2,3657.0,3657.0,3657.0,3642.0,81.0,2959340.0,36468
2023-05-09 21:00:28,rb2306,rb2306,3651.0,0.0,0.0,0.0,1,3649.0,3652.0,1,3657.0,3657.0,3657.0,3642.0,81.0,2959340.0,36468
2023-05-09 21:00:29,rb2306,rb2306,3651.0,0.0,0.0,0.0,1,3649.0,3652.0,1,3657.0,3657.0,3657.0,3642.0,81.0,2959340.0,36468
2023-05-09 21:00:30,rb2306,rb2306,3651.0,0.0,0.0,0.0,6,3645.0,3652.0,1,3657.0,3657.0,3657.0,3642.0,81.0,2959340.0,36468
2023-05-09 21:00:31,rb2306,rb2306,3651.0,0.0,0.0,0.0,1,3647.0,3651.0,1,3657.0,3657.0,3657.0,3642.0,81.0,2959340.0,36468
2023-05-09 21:00:31,rb2306,rb2306,3651.0,0.0,0.0,0.0,1,3648.0,3651.0,1,3657.0,3657.0,3657.0,3642.0,81.0,2959340.0,36468
2023-05-09 21:00:33,rb2306,rb2306,3651.0,0.0,0.0,0.0,6,3645.0,3650.0,1,3657.0,3657.0,3657.0,3642.0,81.0,2959340.0,36468
2023-05-09 21:00:34,rb2306,rb2306,3651.0,0.0,0.0,0.0,1,3647.0,3650.0,1,3657.0,3657.0,3657.0,3642.0,81.0,2959340.0,36468
2023-05-09 21:00:35,rb2306,rb2306,3650.0,1.0,36500.0,0.0,1,3648.0,3653.0,1,3657.0,3657.0,3657.0,3642.0,82.0,2995840.0,36468
2023-05-09 21:00:35,rb2306,rb2306,3650.0,0.0,0.0,0.0,1,3648.0,3652.0,2,3657.0,3657.0,3657.0,3642.0,82.0,2995840.0,36468
2023-05-09 21:00:36,rb2306,rb2306,3650.0,0.0,0.0,0.0,1,3648.0,3651.0,2,3657.0,3657.0,3657.0,3642.0,82.0,2995840.0,36468
2023-05-09 21:00:36,rb2306,rb2306,3650.0,0.0,0.0,0.0,6,3645.0,3651.0,2,3657.0,3657.0,3657.0,3642.0,82.0,2995840.0,36468
2023-05-09 21:00:37,rb2306,rb2306,3650.0,0.0,0.0,0.0,2,3647.0,3650.0,2,3657.0,3657.0,3657.0,3642.0,82.0,2995840.0,36468
2023-05-09 21:00:37,rb2306,rb2306,3650.0,0.0,0.0,0.0,2,3647.0,3650.0,2,3657.0,3657.0,3657.0,3642.0,82.0,2995840.0,36468
2023-05-09 21:00:38,rb2306,rb2306,3650.0,0.0,0.0,0.0,6,3649.0,3650.0,2,3657.0,3657.0,3657.0,3642.0,82.0,2995840.0,36468
2023-05-09 21:00:39,rb2306,rb2306,3649.0,1.0,36490.0,0.0,5,3649.0,3651.0,6,3657.0,3657.0,3657.0,3642.0,83.0,3032330.0,36468
2023-05-09 21:00:39,rb2306,rb2306,3649.0,2.0,72980.0,-1.0,5,3649.0,3651.0,7,3657.0,3657.0,3657.0,3642.0,85.0,3105310.0,36467
2023-05-09 21:00:40,rb2306,rb2306,3649.0,0.0,0.0,0.0,6,3650.0,3651.0,1,3657.0,3657.0,3657.0,3642.0,85.0,3105310.0,36467
2023-05-09 21:00:40,rb2306,rb2306,3650.0,6.0,219000.0,0.0,5,3649.0,3652.0,6,3657.0,3657.0,3657.0,3642.0,91.0,3324310.0,36467
2023-05-09 21:00:41,rb2306,rb2306,3650.0,0.0,0.0,0.0,5,3649.0,3652.0,7,3657.0,3657.0,3657.0,3642.0,91.0,3324310.0,36467
2023-05-09 21:00:41,rb2306,rb2306,3650.0,0.0,0.0,0.0,5,3649.0,3652.0,6,3657.0,3657.0,3657.0,3642.0,91.0,3324310.0,36467
2023-05-09 21:00:42,rb2306,rb2306,3650.0,0.0,0.0,0.0,5,3649.0,3652.0,6,3657.0,3657.0,3657.0,3642.0,91.0,3324310.0,36467
2023-05-09 21:00:44,rb2306,rb2306,3650.0,0.0,0.0,0.0,6,3650.0,3652.0,6,3657.0,3657.0,3657.0,3642.0,91.0,3324310.0,36467
2023-05-09 21:00:47,rb2306,rb2306,3650.0,0.0,0.0,0.0,6,3650.0,3652.0,6,3657.0,3657.0,3657.0,3642.0,91.0,3324310.0,36467
2023-05-09 21:00:50,rb2306,rb2306,3650.0,1.0,36500.0,0.0,5,3650.0,3652.0,6,3657.0,3657.0,3657.0,3642.0,92.0,3360810.0,36467
2023-05-09 21:00:51,rb2306,rb2306,3650.0,0.0,0.0,0.0,5,3649.0,3651.0,6,3657.0,3657.0,3657.0,3642.0,92.0,3360810.0,36467
2023-05-09 21:00:54,rb2306,rb2306,3650.0,0.0,0.0,0.0,5,3649.0,3651.0,6,3657.0,3657.0,3657.0,3642.0,92.0,3360810.0,36467
2023-05-09 21:00:57,rb2306,rb2306,3650.0,0.0,0.0,0.0,5,3649.0,3651.0,6,3657.0,3657.0,3657.0,3642.0,92.0,3360810.0,36467
2023-05-09 21:00:57,rb2306,rb2306,3650.0,0.0,0.0,0.0,30,3649.0,3651.0,6,3657.0,3657.0,3657.0,3642.0,92.0,3360810.0,36467
2023-05-09 21:00:58,rb2306,rb2306,3650.0,0.0,0.0,0.0,5,3649.0,3651.0,31,3657.0,3657.0,3657.0,3642.0,92.0,3360810.0,36467
2023-05-09 21:00:58,rb2306,rb2306,3650.0,0.0,0.0,0.0,5,3649.0,3651.0,6,3657.0,3657.0,3657.0,3642.0,92.0,3360810.0,36467
2023-05-09 21:00:59,rb2306,rb2306,3650.0,0.0,0.0,0.0,5,3649.0,3651.0,6,3657.0,3657.0,3657.0,3642.0,92.0,3360810.0,36467
2023-05-09 21:01:01,rb2306,rb2306,3650.0,0.0,0.0,0.0,5,3649.0,3651.0,6,3657.0,3657.0,3657.0,3642.0,92.0,3360810.0,36467
2023-05-09 21:01:01,rb2306,rb2306,3650.0,0.0,0.0,0.0,5,3649.0,3651.0,6,3657.0,3657.0,3657.0,3642.0,92.0,3360810.0,36467
2023-05-09 21:01:02,rb2306,rb2306,3650.0,0.0,0.0,0.0,5,3649.0,3651.0,6,3657.0,3657.0,3657.0,3642.0,92.0,3360810.0,36467
2023-05-09 21:01:02,rb2306,rb2306,3650.0,0.0,0.0,0.0,26,3647.0,3651.0,7,3657.0,3657.0,3657.0,3642.0,92.0,3360810.0,36467
2023-05-09 21:01:03,rb2306,rb2306,3650.0,0.0,0.0,0.0,32,3647.0,3649.0,6,3657.0,3657.0,3657.0,3642.0,92.0,3360810.0,36467
2023-05-09 21:01:03,rb2306,rb2306,3650.0,0.0,0.0,0.0,6,3647.0,3649.0,6,3657.0,3657.0,3657.0,3642.0,92.0,3360810.0,36467
2023-05-09 21:01:05,rb2306,rb2306,3650.0,0.0,0.0,0.0,7,3647.0,3649.0,6,3657.0,3657.0,3657.0,3642.0,92.0,3360810.0,36467
2023-05-09 21:01:06,rb2306,rb2306,3650.0,0.0,0.0,0.0,6,3647.0,3649.0,6,3657.0,3657.0,3657.0,3642.0,92.0,3360810.0,36467
2023-05-09 21:01:06,rb2306,rb2306,3650.0,0.0,0.0,0.0,6,3647.0,3649.0,6,3657.0,3657.0,3657.0,3642.0,92.0,3360810.0,36467
2023-05-09 21:01:07,rb2306,rb2306,3650.0,0.0,0.0,0.0,6,3647.0,3649.0,6,3657.0,3657.0,3657.0,3642.0,92.0,3360810.0,36467
2023-05-09 21:01:09,rb2306,rb2306,3650.0,0.0,0.0,0.0,6,3647.0,3649.0,6,3657.0,3657.0,3657.0,3642.0,92.0,3360810.0,36467
2023-05-09 21:01:11,rb2306,rb2306,3650.0,0.0,0.0,0.0,6,3647.0,3649.0,6,3657.0,3657.0,3657.0,3642.0,92.0,3360810.0,36467
2023-05-09 21:01:11,rb2306,rb2306,3650.0,0.0,0.0,0.0,6,3647.0,3649.0,6,3657.0,3657.0,3657.0,3642.0,92.0,3360810.0,36467
2023-05-09 21:01:12,rb2306,rb2306,3650.0,0.0,0.0,0.0,6,3647.0,3649.0,6,3657.0,3657.0,3657.0,3642.0,92.0,3360810.0,36467
2023-05-09 21:01:14,rb2306,rb2306,3650.0,0.0,0.0,0.0,6,3647.0,3649.0,6,3657.0,3657.0,3657.0,3642.0,92.0,3360810.0,36467
2023-05-09 21:01:15,rb2306,rb2306,3650.0,0.0,0.0,0.0,6,3647.0,3649.0,9,3657.0,3657.0,3657.0,3642.0,92.0,3360810.0,36467
2023-05-09 21:01:15,rb2306,rb2306,3650.0,0.0,0.0,0.0,5,3648.0,3649.0,9,3657.0,3657.0,3657.0,3642.0,92.0,3360810.0,36467
2023-05-09 21:01:16,rb2306,rb2306,3648.0,5.0,182400.0,-5.0,31,3647.0,3649.0,9,3657.0,3657.0,3657.0,3642.0,97.0,3543210.0,36462
2023-05-09 21:01:16,rb2306,rb2306,3648.0,0.0,0.0,0.0,6,3647.0,3649.0,9,3657.0,3657.0,3657.0,3642.0,97.0,3543210.0,36462
2023-05-09 21:01:17,rb2306,rb2306,3648.0,0.0,0.0,0.0,7,3647.0,3649.0,9,3657.0,3657.0,3657.0,3642.0,97.0,3543210.0,36462
2023-05-09 21:01:17,rb2306,rb2306,3648.0,0.0,0.0,0.0,7,3647.0,3649.0,9,3657.0,3657.0,3657.0,3642.0,97.0,3543210.0,36462
2023-05-09 21:01:18,rb2306,rb2306,3648.0,0.0,0.0,0.0,7,3647.0,3649.0,9,3657.0,3657.0,3657.0,3642.0,97.0,3543210.0,36462
2023-05-09 21:01:18,rb2306,rb2306,3648.0,0.0,0.0,0.0,7,3647.0,3649.0,9,3657.0,3657.0,3657.0,3642.0,97.0,3543210.0,36462
2023-05-09 21:01:19,rb2306,rb2306,3648.0,0.0,0.0,0.0,7,3647.0,3648.0,5,3657.0,3657.0,3657.0,3642.0,97.0,3543210.0,36462
2023-05-09 21:01:19,rb2306,rb2306,3647.0,5.0,182350.0,5.0,2,3647.0,3649.0,9,3657.0,3657.0,3657.0,3642.0,102.0,3725560.0,36467
2023-05-09 21:01:20,rb2306,rb2306,3647.0,0.0,0.0,0.0,1,3647.0,3649.0,9,3657.0,3657.0,3657.0,3642.0,102.0,3725560.0,36467
2023-05-09 21:01:22,rb2306,rb2306,3647.0,0.0,0.0,0.0,1,3647.0,3649.0,9,3657.0,3657.0,3657.0,3642.0,102.0,3725560.0,36467
2023-05-09 21:01:23,rb2306,rb2306,3647.0,4.0,145880.0,4.0,26,3646.0,3647.0,6,3657.0,3657.0,3657.0,3642.0,106.0,3871440.0,36471
2023-05-09 21:01:23,rb2306,rb2306,3647.0,0.0,0.0,0.0,32,3646.0,3647.0,6,3657.0,3657.0,3657.0,3642.0,106.0,3871440.0,36471
2023-05-09 21:01:24,rb2306,rb2306,3647.0,0.0,0.0,0.0,7,3646.0,3647.0,6,3657.0,3657.0,3657.0,3642.0,106.0,3871440.0,36471
2023-05-09 21:01:24,rb2306,rb2306,3647.0,0.0,0.0,0.0,32,3646.0,3647.0,6,3657.0,3657.0,3657.0,3642.0,106.0,3871440.0,36471
2023-05-09 21:01:25,rb2306,rb2306,3647.0,0.0,0.0,0.0,7,3646.0,3647.0,6,3657.0,3657.0,3657.0,3642.0,106.0,3871440.0,36471
2023-05-09 21:01:26,rb2306,rb2306,3647.0,0.0,0.0,0.0,32,3646.0,3647.0,6,3657.0,3657.0,3657.0,3642.0,106.0,3871440.0,36471
2023-05-09 21:01:26,rb2306,rb2306,3647.0,0.0,0.0,0.0,6,3646.0,3647.0,6,3657.0,3657.0,3657.0,3642.0,106.0,3871440.0,36471
2023-05-09 21:01:27,rb2306,rb2306,3647.0,0.0,0.0,0.0,6,3646.0,3647.0,6,3657.0,3657.0,3657.0,3642.0,106.0,3871440.0,36471
2023-05-09 21:01:29,rb2306,rb2306,3646.0,6.0,218760.0,6.0,31,3645.0,3647.0,6,3657.0,3657.0,3657.0,3642.0,112.0,4090200.0,36477
2023-05-09 21:01:29,rb2306,rb2306,3646.0,0.0,0.0,0.0,38,3645.0,3647.0,6,3657.0,3657.0,3657.0,3642.0,112.0,4090200.0,36477
2023-05-09 21:01:30,rb2306,rb2306,3646.0,0.0,0.0,0.0,37,3645.0,3647.0,6,3657.0,3657.0,3657.0,3642.0,112.0,4090200.0,36477
2023-05-09 21:01:32,rb2306,rb2306,3646.0,0.0,0.0,0.0,6,3646.0,3647.0,6,3657.0,3657.0,3657.0,3642.0,112.0,4090200.0,36477
2023-05-09 21:01:32,rb2306,rb2306,3646.0,0.0,0.0,0.0,37,3645.0,3647.0,12,3657.0,3657.0,3657.0,3642.0,112.0,4090200.0,36477
2023-05-09 21:01:33,rb2306,rb2306,3646.0,0.0,0.0,0.0,12,3645.0,3646.0,1,3657.0,3657.0,3657.0,3642.0,112.0,4090200.0,36477
2023-05-09 21:01:34,rb2306,rb2306,3646.0,1.0,36460.0,0.0,12,3645.0,3646.0,1,3657.0,3657.0,3657.0,3642.0,113.0,4126660.0,36477
2023-05-09 21:01:34,rb2306,rb2306,3646.0,1.0,36460.0,1.0,37,3645.0,3647.0,12,3657.0,3657.0,3657.0,3642.0,114.0,4163120.0,36478
2023-05-09 21:01:36,rb2306,rb2306,3646.0,0.0,0.0,0.0,6,3645.0,3647.0,12,3657.0,3657.0,3657.0,3642.0,114.0,4163120.0,36478
2023-05-09 21:01:36,rb2306,rb2306,3646.0,0.0,0.0,0.0,6,3645.0,3647.0,12,3657.0,3657.0,3657.0,3642.0,114.0,4163120.0,36478
2023-05-09 21:01:38,rb2306,rb2306,3646.0,0.0,0.0,0.0,12,3645.0,3647.0,12,3657.0,3657.0,3657.0,3642.0,114.0,4163120.0,36478
2023-05-09 21:01:38,rb2306,rb2306,3646.0,0.0,0.0,0.0,40,3645.0,3647.0,12,3657.0,3657.0,3657.0,3642.0,114.0,4163120.0,36478
2023-05-09 21:01:39,rb2306,rb2306,3646.0,0.0,0.0,0.0,15,3645.0,3647.0,12,3657.0,3657.0,3657.0,3642.0,114.0,4163120.0,36478
2023-05-09 21:01:40,rb2306,rb2306,3646.0,0.0,0.0,0.0,40,3645.0,3647.0,12,3657.0,3657.0,3657.0,3642.0,114.0,4163120.0,36478
2023-05-09 21:01:41,rb2306,rb2306,3647.0,12.0,437640.0,6.0,41,3645.0,3648.0,6,3657.0,3657.0,3657.0,3642.0,126.0,4600760.0,36484
2023-05-09 21:01:43,rb2306,rb2306,3647.0,0.0,0.0,0.0,16,3645.0,3648.0,6,3657.0,3657.0,3657.0,3642.0,126.0,4600760.0,36484
2023-05-09 21:01:43,rb2306,rb2306,3647.0,0.0,0.0,0.0,41,3645.0,3648.0,6,3657.0,3657.0,3657.0,3642.0,126.0,4600760.0,36484
2023-05-09 21:01:44,rb2306,rb2306,3647.0,0.0,0.0,0.0,41,3645.0,3647.0,6,3657.0,3657.0,3657.0,3642.0,126.0,4600760.0,36484
2023-05-09 21:01:45,rb2306,rb2306,3647.0,0.0,0.0,0.0,16,3645.0,3647.0,6,3657.0,3657.0,3657.0,3642.0,126.0,4600760.0,36484
2023-05-09 21:01:46,rb2306,rb2306,3647.0,0.0,0.0,0.0,16,3645.0,3647.0,6,3657.0,3657.0,3657.0,3642.0,126.0,4600760.0,36484
2023-05-09 21:01:47,rb2306,rb2306,3647.0,0.0,0.0,0.0,6,3646.0,3647.0,6,3657.0,3657.0,3657.0,3642.0,126.0,4600760.0,36484
2023-05-09 21:01:47,rb2306,rb2306,3647.0,6.0,218820.0,-6.0,1,3647.0,3648.0,9,3657.0,3657.0,3657.0,3642.0,132.0,4819580.0,36478
2023-05-09 21:01:48,rb2306,rb2306,3647.0,1.0,36470.0,-1.0,6,3646.0,3648.0,9,3657.0,3657.0,3657.0,3642.0,133.0,4856050.0,36477
2023-05-09 21:01:48,rb2306,rb2306,3647.0,0.0,0.0,0.0,6,3646.0,3648.0,9,3657.0,3657.0,3657.0,3642.0,133.0,4856050.0,36477
2023-05-09 21:01:49,rb2306,rb2306,3647.0,0.0,0.0,0.0,41,3646.0,3648.0,9,3657.0,3657.0,3657.0,3642.0,133.0,4856050.0,36477
2023-05-09 21:01:52,rb2306,rb2306,3647.0,0.0,0.0,0.0,42,3646.0,3648.0,9,3657.0,3657.0,3657.0,3642.0,133.0,4856050.0,36477
2023-05-09 21:01:53,rb2306,rb2306,3647.0,0.0,0.0,0.0,6,3647.0,3648.0,9,3657.0,3657.0,3657.0,3642.0,133.0,4856050.0,36477
2023-05-09 21:01:54,rb2306,rb2306,3647.0,0.0,0.0,0.0,6,3647.0,3648.0,9,3657.0,3657.0,3657.0,3642.0,133.0,4856050.0,36477
2023-05-09 21:01:54,rb2306,rb2306,3647.0,0.0,0.0,0.0,6,3647.0,3648.0,3,3657.0,3657.0,3657.0,3642.0,133.0,4856050.0,36477
2023-05-09 21:01:56,rb2306,rb2306,3647.0,0.0,0.0,0.0,6,3647.0,3648.0,9,3657.0,3657.0,3657.0,3642.0,133.0,4856050.0,36477
2023-05-09 21:01:57,rb2306,rb2306,3647.0,1.0,36470.0,1.0,5,3647.0,3648.0,9,3657.0,3657.0,3657.0,3642.0,134.0,4892520.0,36478
2023-05-09 21:01:57,rb2306,rb2306,3647.0,0.0,0.0,0.0,5,3647.0,3648.0,9,3657.0,3657.0,3657.0,3642.0,134.0,4892520.0,36478
2023-05-09 21:01:58,rb2306,rb2306,3647.0,0.0,0.0,0.0,5,3647.0,3648.0,9,3657.0,3657.0,3657.0,3642.0,134.0,4892520.0,36478
2023-05-09 21:02:00,rb2306,rb2306,3647.0,0.0,0.0,0.0,5,3647.0,3648.0,9,3657.0,3657.0,3657.0,3642.0,134.0,4892520.0,36478
2023-05-09 21:02:02,rb2306,rb2306,3647.0,0.0,0.0,0.0,5,3647.0,3648.0,9,3657.0,3657.0,3657.0,3642.0,134.0,4892520.0,36478
2023-05-09 21:02:06,rb2306,rb2306,3647.0,0.0,0.0,0.0,5,3647.0,3648.0,9,3657.0,3657.0,3657.0,3642.0,134.0,4892520.0,36478
2023-05-09 21:02:06,rb2306,rb2306,3647.0,0.0,0.0,0.0,5,3647.0,3648.0,9,3657.0,3657.0,3657.0,3642.0,134.0,4892520.0,36478
2023-05-09 21:02:07,rb2306,rb2306,3648.0,5.0,182400.0,-2.0,5,3647.0,3648.0,4,3657.0,3657.0,3657.0,3642.0,139.0,5074920.0,36476
2023-05-09 21:02:07,rb2306,rb2306,3648.0,0.0,0.0,0.0,5,3647.0,3648.0,4,3657.0,3657.0,3657.0,3642.0,139.0,5074920.0,36476
2023-05-09 21:02:08,rb2306,rb2306,3648.0,2.0,72960.0,-2.0,5,3647.0,3648.0,2,3657.0,3657.0,3657.0,3642.0,141.0,5147880.0,36474
2023-05-09 21:02:08,rb2306,rb2306,3648.0,0.0,0.0,0.0,5,3647.0,3648.0,2,3657.0,3657.0,3657.0,3642.0,141.0,5147880.0,36474
2023-05-09 21:02:10,rb2306,rb2306,3648.0,0.0,0.0,0.0,5,3647.0,3649.0,9,3657.0,3657.0,3657.0,3642.0,141.0,5147880.0,36474
2023-05-09 21:02:11,rb2306,rb2306,3648.0,0.0,0.0,0.0,5,3647.0,3649.0,9,3657.0,3657.0,3657.0,3642.0,141.0,5147880.0,36474
2023-05-09 21:02:13,rb2306,rb2306,3648.0,0.0,0.0,0.0,6,3648.0,3649.0,9,3657.0,3657.0,3657.0,3642.0,141.0,5147880.0,36474
2023-05-09 21:02:13,rb2306,rb2306,3648.0,0.0,0.0,0.0,6,3648.0,3649.0,9,3657.0,3657.0,3657.0,3642.0,141.0,5147880.0,36474
2023-05-09 21:02:14,rb2306,rb2306,3648.0,0.0,0.0,0.0,6,3648.0,3649.0,9,3657.0,3657.0,3657.0,3642.0,141.0,5147880.0,36474
2023-05-09 21:02:14,rb2306,rb2306,3648.0,0.0,0.0,0.0,6,3648.0,3649.0,9,3657.0,3657.0,3657.0,3642.0,141.0,5147880.0,36474
2023-05-09 21:02:15,rb2306,rb2306,3648.0,0.0,0.0,0.0,6,3648.0,3649.0,9,3657.0,3657.0,3657.0,3642.0,141.0,5147880.0,36474
2023-05-09 21:02:19,rb2306,rb2306,3648.0,0.0,0.0,0.0,6,3648.0,3649.0,9,3657.0,3657.0,3657.0,3642.0,141.0,5147880.0,36474
2023-05-09 21:02:19,rb2306,rb2306,3648.0,0.0,0.0,0.0,6,3648.0,3649.0,9,3657.0,3657.0,3657.0,3642.0,141.0,5147880.0,36474
2023-05-09 21:02:20,rb2306,rb2306,3649.0,3.0,109470.0,-3.0,6,3648.0,3649.0,3,3657.0,3657.0,3657.0,3642.0,144.0,5257350.0,36471
2023-05-09 21:02:21,rb2306,rb2306,3649.0,0.0,0.0,0.0,6,3648.0,3649.0,3,3657.0,3657.0,3657.0,3642.0,144.0,5257350.0,36471
2023-05-09 21:02:22,rb2306,rb2306,3649.0,1.0,36490.0,1.0,6,3648.0,3649.0,2,3657.0,3657.0,3657.0,3642.0,145.0,5293840.0,36472
2023-05-09 21:02:23,rb2306,rb2306,3649.0,2.0,72980.0,2.0,6,3648.0,3650.0,3,3657.0,3657.0,3657.0,3642.0,147.0,5366820.0,36474
2023-05-09 21:02:23,rb2306,rb2306,3649.0,0.0,0.0,0.0,1,3649.0,3650.0,3,3657.0,3657.0,3657.0,3642.0,147.0,5366820.0,36474
2023-05-09 21:02:24,rb2306,rb2306,3650.0,1.0,36500.0,-1.0,8,3649.0,3650.0,2,3657.0,3657.0,3657.0,3642.0,148.0,5403320.0,36473
2023-05-09 21:02:24,rb2306,rb2306,3650.0,2.0,73000.0,-2.0,8,3649.0,3651.0,9,3657.0,3657.0,3657.0,3642.0,150.0,5476320.0,36471
2023-05-09 21:02:25,rb2306,rb2306,3650.0,0.0,0.0,0.0,7,3649.0,3651.0,9,3657.0,3657.0,3657.0,3642.0,150.0,5476320.0,36471
2023-05-09 21:02:26,rb2306,rb2306,3650.0,0.0,0.0,0.0,5,3650.0,3651.0,9,3657.0,3657.0,3657.0,3642.0,150.0,5476320.0,36471
2023-05-09 21:02:26,rb2306,rb2306,3651.0,7.0,255570.0,-3.0,6,3650.0,3651.0,1,3657.0,3657.0,3657.0,3642.0,157.0,5731890.0,36468
2023-05-09 21:02:27,rb2306,rb2306,3651.0,1.0,36510.0,0.0,8,3649.0,3652.0,25,3657.0,3657.0,3657.0,3642.0,158.0,5768400.0,36468
2023-05-09 21:02:27,rb2306,rb2306,3651.0,0.0,0.0,0.0,3,3651.0,3652.0,6,3657.0,3657.0,3657.0,3642.0,158.0,5768400.0,36468
2023-05-09 21:02:28,rb2306,rb2306,3652.0,1.0,36520.0,-1.0,4,3651.0,3652.0,5,3657.0,3657.0,3657.0,3642.0,159.0,5804920.0,36467
2023-05-09 21:02:28,rb2306,rb2306,3652.0,0.0,0.0,0.0,6,3651.0,3652.0,5,3657.0,3657.0,3657.0,3642.0,159.0,5804920.0,36467
2023-05-09 21:02:29,rb2306,rb2306,3652.0,0.0,0.0,0.0,6,3651.0,3652.0,5,3657.0,3657.0,3657.0,3642.0,159.0,5804920.0,36467
2023-05-09 21:02:31,rb2306,rb2306,3652.0,0.0,0.0,0.0,6,3651.0,3652.0,5,3657.0,3657.0,3657.0,3642.0,159.0,5804920.0,36467
2023-05-09 21:02:31,rb2306,rb2306,3652.0,0.0,0.0,0.0,6,3651.0,3652.0,5,3657.0,3657.0,3657.0,3642.0,159.0,5804920.0,36467
2023-05-09 21:02:32,rb2306,rb2306,3652.0,0.0,0.0,0.0,6,3651.0,3652.0,5,3657.0,3657.0,3657.0,3642.0,159.0,5804920.0,36467
2023-05-09 21:02:34,rb2306,rb2306,3651.0,6.0,219060.0,6.0,7,3650.0,3651.0,4,3657.0,3657.0,3657.0,3642.0,165.0,6023980.0,36473
2023-05-09 21:02:34,rb2306,rb2306,3651.0,0.0,0.0,0.0,6,3650.0,3651.0,4,3657.0,3657.0,3657.0,3642.0,165.0,6023980.0,36473
2023-05-09 21:02:35,rb2306,rb2306,3651.0,0.0,0.0,0.0,6,3650.0,3651.0,4,3657.0,3657.0,3657.0,3642.0,165.0,6023980.0,36473
2023-05-09 21:02:35,rb2306,rb2306,3651.0,0.0,0.0,0.0,6,3650.0,3651.0,4,3657.0,3657.0,3657.0,3642.0,165.0,6023980.0,36473
2023-05-09 21:02:36,rb2306,rb2306,3651.0,0.0,0.0,0.0,6,3650.0,3652.0,5,3657.0,3657.0,3657.0,3642.0,165.0,6023980.0,36473
2023-05-09 21:02:36,rb2306,rb2306,3651.0,0.0,0.0,0.0,6,3650.0,3652.0,5,3657.0,3657.0,3657.0,3642.0,165.0,6023980.0,36473
2023-05-09 21:02:37,rb2306,rb2306,3652.0,3.0,109560.0,0.0,6,3650.0,3652.0,2,3657.0,3657.0,3657.0,3642.0,168.0,6133540.0,36473
2023-05-09 21:02:38,rb2306,rb2306,3652.0,0.0,0.0,0.0,6,3650.0,3652.0,2,3657.0,3657.0,3657.0,3642.0,168.0,6133540.0,36473
2023-05-09 21:02:39,rb2306,rb2306,3652.0,0.0,0.0,0.0,6,3650.0,3652.0,2,3657.0,3657.0,3657.0,3642.0,168.0,6133540.0,36473
2023-05-09 21:02:40,rb2306,rb2306,3652.0,0.0,0.0,0.0,6,3651.0,3652.0,2,3657.0,3657.0,3657.0,3642.0,168.0,6133540.0,36473
2023-05-09 21:02:40,rb2306,rb2306,3652.0,0.0,0.0,0.0,6,3651.0,3652.0,2,3657.0,3657.0,3657.0,3642.0,168.0,6133540.0,36473
2023-05-09 21:02:41,rb2306,rb2306,3652.0,0.0,0.0,0.0,6,3651.0,3652.0,2,3657.0,3657.0,3657.0,3642.0,168.0,6133540.0,36473
2023-05-09 21:02:42,rb2306,rb2306,3652.0,0.0,0.0,0.0,6,3651.0,3652.0,2,3657.0,3657.0,3657.0,3642.0,168.0,6133540.0,36473
2023-05-09 21:02:42,rb2306,rb2306,3652.0,0.0,0.0,0.0,6,3650.0,3652.0,2,3657.0,3657.0,3657.0,3642.0,168.0,6133540.0,36473
2023-05-09 21:02:44,rb2306,rb2306,3652.0,0.0,0.0,0.0,7,3650.0,3652.0,2,3657.0,3657.0,3657.0,3642.0,168.0,6133540.0,36473
2023-05-09 21:02:46,rb2306,rb2306,3652.0,0.0,0.0,0.0,6,3651.0,3652.0,2,3657.0,3657.0,3657.0,3642.0,168.0,6133540.0,36473
2023-05-09 21:02:49,rb2306,rb2306,3651.0,4.0,146040.0,4.0,2,3651.0,3652.0,2,3657.0,3657.0,3657.0,3642.0,172.0,6279580.0,36477
2023-05-09 21:02:50,rb2306,rb2306,3651.0,0.0,0.0,0.0,2,3651.0,3653.0,6,3657.0,3657.0,3657.0,3642.0,172.0,6279580.0,36477
2023-05-09 21:02:51,rb2306,rb2306,3651.0,0.0,0.0,0.0,2,3651.0,3653.0,6,3657.0,3657.0,3657.0,3642.0,172.0,6279580.0,36477
2023-05-09 21:02:51,rb2306,rb2306,3651.0,0.0,0.0,0.0,2,3651.0,3653.0,6,3657.0,3657.0,3657.0,3642.0,172.0,6279580.0,36477
2023-05-09 21:02:52,rb2306,rb2306,3651.0,0.0,0.0,0.0,2,3651.0,3653.0,6,3657.0,3657.0,3657.0,3642.0,172.0,6279580.0,36477
2023-05-09 21:02:55,rb2306,rb2306,3651.0,0.0,0.0,0.0,2,3651.0,3653.0,6,3657.0,3657.0,3657.0,3642.0,172.0,6279580.0,36477
2023-05-09 21:02:56,rb2306,rb2306,3651.0,0.0,0.0,0.0,2,3651.0,3653.0,6,3657.0,3657.0,3657.0,3642.0,172.0,6279580.0,36477
2023-05-09 21:02:58,rb2306,rb2306,3651.0,0.0,0.0,0.0,2,3651.0,3653.0,6,3657.0,3657.0,3657.0,3642.0,172.0,6279580.0,36477
2023-05-09 21:02:59,rb2306,rb2306,3653.0,1.0,36530.0,0.0,2,3651.0,3653.0,5,3657.0,3657.0,3657.0,3642.0,173.0,6316110.0,36477
2023-05-09 21:03:00,rb2306,rb2306,3653.0,1.0,36530.0,0.0,2,3651.0,3653.0,4,3657.0,3657.0,3657.0,3642.0,174.0,6352640.0,36477
2023-05-09 21:03:01,rb2306,rb2306,3653.0,0.0,0.0,0.0,2,3651.0,3653.0,4,3657.0,3657.0,3657.0,3642.0,174.0,6352640.0,36477
2023-05-09 21:03:01,rb2306,rb2306,3653.0,0.0,0.0,0.0,2,3651.0,3653.0,5,3657.0,3657.0,3657.0,3642.0,174.0,6352640.0,36477
2023-05-09 21:03:03,rb2306,rb2306,3653.0,1.0,36530.0,0.0,2,3651.0,3653.0,4,3657.0,3657.0,3657.0,3642.0,175.0,6389170.0,36477
2023-05-09 21:03:03,rb2306,rb2306,3653.0,1.0,36530.0,-1.0,2,3651.0,3652.0,5,3657.0,3657.0,3657.0,3642.0,176.0,6425700.0,36476
2023-05-09 21:03:04,rb2306,rb2306,3653.0,1.0,36530.0,0.0,2,3651.0,3652.0,4,3657.0,3657.0,3657.0,3642.0,177.0,6462230.0,36476
2023-05-09 21:03:04,rb2306,rb2306,3653.0,0.0,0.0,0.0,2,3651.0,3652.0,5,3657.0,3657.0,3657.0,3642.0,177.0,6462230.0,36476
2023-05-09 21:03:06,rb2306,rb2306,3653.0,0.0,0.0,0.0,2,3651.0,3652.0,4,3657.0,3657.0,3657.0,3642.0,177.0,6462230.0,36476
2023-05-09 21:03:06,rb2306,rb2306,3650.0,5.0,182520.0,0.0,28,3650.0,3652.0,4,3657.0,3657.0,3657.0,3642.0,182.0,6644750.0,36476
2023-05-09 21:03:07,rb2306,rb2306,3650.0,0.0,0.0,0.0,25,3650.0,3652.0,4,3657.0,3657.0,3657.0,3642.0,182.0,6644750.0,36476
2023-05-09 21:03:07,rb2306,rb2306,3650.0,0.0,0.0,0.0,58,3649.0,3652.0,4,3657.0,3657.0,3657.0,3642.0,182.0,6644750.0,36476
2023-05-09 21:03:08,rb2306,rb2306,3650.0,0.0,0.0,0.0,34,3649.0,3651.0,6,3657.0,3657.0,3657.0,3642.0,182.0,6644750.0,36476
2023-05-09 21:03:08,rb2306,rb2306,3650.0,0.0,0.0,0.0,8,3649.0,3651.0,6,3657.0,3657.0,3657.0,3642.0,182.0,6644750.0,36476
2023-05-09 21:03:09,rb2306,rb2306,3650.0,0.0,0.0,0.0,8,3649.0,3651.0,6,3657.0,3657.0,3657.0,3642.0,182.0,6644750.0,36476
2023-05-09 21:03:11,rb2306,rb2306,3650.0,0.0,0.0,0.0,6,3650.0,3651.0,6,3657.0,3657.0,3657.0,3642.0,182.0,6644750.0,36476
2023-05-09 21:03:11,rb2306,rb2306,3650.0,0.0,0.0,0.0,6,3650.0,3652.0,4,3657.0,3657.0,3657.0,3642.0,182.0,6644750.0,36476
2023-05-09 21:03:12,rb2306,rb2306,3650.0,0.0,0.0,0.0,7,3650.0,3652.0,4,3657.0,3657.0,3657.0,3642.0,182.0,6644750.0,36476
2023-05-09 21:03:13,rb2306,rb2306,3650.0,0.0,0.0,0.0,7,3650.0,3652.0,4,3657.0,3657.0,3657.0,3642.0,182.0,6644750.0,36476
2023-05-09 21:03:14,rb2306,rb2306,3650.0,0.0,0.0,0.0,6,3650.0,3652.0,4,3657.0,3657.0,3657.0,3642.0,182.0,6644750.0,36476
2023-05-09 21:03:14,rb2306,rb2306,3650.0,0.0,0.0,0.0,6,3650.0,3652.0,4,3657.0,3657.0,3657.0,3642.0,182.0,6644750.0,36476
2023-05-09 21:03:15,rb2306,rb2306,3650.0,0.0,0.0,0.0,7,3650.0,3652.0,4,3657.0,3657.0,3657.0,3642.0,182.0,6644750.0,36476
2023-05-09 21:03:15,rb2306,rb2306,3650.0,0.0,0.0,0.0,7,3650.0,3653.0,3,3657.0,3657.0,3657.0,3642.0,182.0,6644750.0,36476
2023-05-09 21:03:16,rb2306,rb2306,3650.0,0.0,0.0,0.0,6,3651.0,3653.0,3,3657.0,3657.0,3657.0,3642.0,182.0,6644750.0,36476
2023-05-09 21:03:16,rb2306,rb2306,3650.0,0.0,0.0,0.0,6,3651.0,3653.0,3,3657.0,3657.0,3657.0,3642.0,182.0,6644750.0,36476
2023-05-09 21:03:17,rb2306,rb2306,3650.0,0.0,0.0,0.0,6,3651.0,3653.0,3,3657.0,3657.0,3657.0,3642.0,182.0,6644750.0,36476
2023-05-09 21:03:18,rb2306,rb2306,3650.0,0.0,0.0,0.0,6,3651.0,3653.0,3,3657.0,3657.0,3657.0,3642.0,182.0,6644750.0,36476
2023-05-09 21:03:19,rb2306,rb2306,3650.0,0.0,0.0,0.0,7,3651.0,3653.0,3,3657.0,3657.0,3657.0,3642.0,182.0,6644750.0,36476
2023-05-09 21:03:20,rb2306,rb2306,3650.0,0.0,0.0,0.0,7,3652.0,3653.0,3,3657.0,3657.0,3657.0,3642.0,182.0,6644750.0,36476
2023-05-09 21:03:20,rb2306,rb2306,3650.0,0.0,0.0,0.0,7,3652.0,3653.0,3,3657.0,3657.0,3657.0,3642.0,182.0,6644750.0,36476
2023-05-09 21:03:21,rb2306,rb2306,3650.0,0.0,0.0,0.0,7,3652.0,3655.0,51,3657.0,3657.0,3657.0,3642.0,182.0,6644750.0,36476
2023-05-09 21:03:21,rb2306,rb2306,3650.0,0.0,0.0,0.0,7,3652.0,3654.0,6,3657.0,3657.0,3657.0,3642.0,182.0,6644750.0,36476
2023-05-09 21:03:22,rb2306,rb2306,3650.0,0.0,0.0,0.0,7,3652.0,3654.0,6,3657.0,3657.0,3657.0,3642.0,182.0,6644750.0,36476
2023-05-09 21:03:23,rb2306,rb2306,3650.0,0.0,0.0,0.0,7,3652.0,3654.0,6,3657.0,3657.0,3657.0,3642.0,182.0,6644750.0,36476
2023-05-09 21:03:23,rb2306,rb2306,3650.0,0.0,0.0,0.0,7,3652.0,3654.0,6,3657.0,3657.0,3657.0,3642.0,182.0,6644750.0,36476
2023-05-09 21:03:24,rb2306,rb2306,3650.0,0.0,0.0,0.0,7,3652.0,3654.0,6,3657.0,3657.0,3657.0,3642.0,182.0,6644750.0,36476
2023-05-09 21:03:25,rb2306,rb2306,3650.0,0.0,0.0,0.0,7,3652.0,3653.0,6,3657.0,3657.0,3657.0,3642.0,182.0,6644750.0,36476
2023-05-09 21:03:26,rb2306,rb2306,3650.0,0.0,0.0,0.0,1,3652.0,3653.0,6,3657.0,3657.0,3657.0,3642.0,182.0,6644750.0,36476
2023-05-09 21:03:27,rb2306,rb2306,3650.0,0.0,0.0,0.0,1,3652.0,3653.0,6,3657.0,3657.0,3657.0,3642.0,182.0,6644750.0,36476
2023-05-09 21:03:27,rb2306,rb2306,3650.0,0.0,0.0,0.0,1,3652.0,3653.0,6,3657.0,3657.0,3657.0,3642.0,182.0,6644750.0,36476
2023-05-09 21:03:28,rb2306,rb2306,3650.0,0.0,0.0,0.0,1,3652.0,3653.0,6,3657.0,3657.0,3657.0,3642.0,182.0,6644750.0,36476
2023-05-09 21:03:34,rb2306,rb2306,3650.0,0.0,0.0,0.0,7,3652.0,3653.0,6,3657.0,3657.0,3657.0,3642.0,182.0,6644750.0,36476
2023-05-09 21:03:36,rb2306,rb2306,3652.0,2.0,73040.0,2.0,5,3652.0,3653.0,6,3657.0,3657.0,3657.0,3642.0,184.0,6717790.0,36478
2023-05-09 21:03:37,rb2306,rb2306,3652.0,0.0,0.0,0.0,10,3653.0,3655.0,51,3657.0,3657.0,3657.0,3642.0,184.0,6717790.0,36478
2023-05-09 21:03:37,rb2306,rb2306,3652.0,0.0,0.0,0.0,6,3654.0,3655.0,6,3657.0,3657.0,3657.0,3642.0,184.0,6717790.0,36478
2023-05-09 21:03:38,rb2306,rb2306,3655.0,6.0,219300.0,-6.0,7,3655.0,3656.0,6,3657.0,3657.0,3657.0,3642.0,190.0,6937090.0,36472
2023-05-09 21:03:38,rb2306,rb2306,3655.0,0.0,0.0,0.0,6,3654.0,3656.0,6,3657.0,3657.0,3657.0,3642.0,190.0,6937090.0,36472
2023-05-09 21:03:39,rb2306,rb2306,3656.0,6.0,219360.0,-6.0,3,3656.0,3657.0,51,3657.0,3657.0,3657.0,3642.0,196.0,7156450.0,36466
2023-05-09 21:03:39,rb2306,rb2306,3656.0,3.0,109680.0,-3.0,2,3655.0,3656.0,4,3657.0,3657.0,3657.0,3642.0,199.0,7266130.0,36463
2023-05-09 21:03:40,rb2306,rb2306,3656.0,1.0,36560.0,0.0,2,3655.0,3656.0,3,3657.0,3657.0,3657.0,3642.0,200.0,7302690.0,36463
2023-05-09 21:03:41,rb2306,rb2306,3655.0,2.0,73100.0,0.0,8,3654.0,3656.0,9,3657.0,3657.0,3657.0,3642.0,202.0,7375790.0,36463
2023-05-09 21:03:41,rb2306,rb2306,3655.0,0.0,0.0,0.0,8,3654.0,3656.0,10,3657.0,3657.0,3657.0,3642.0,202.0,7375790.0,36463
2023-05-09 21:03:42,rb2306,rb2306,3655.0,0.0,0.0,0.0,8,3654.0,3656.0,35,3657.0,3657.0,3657.0,3642.0,202.0,7375790.0,36463
2023-05-09 21:03:43,rb2306,rb2306,3655.0,0.0,0.0,0.0,8,3654.0,3656.0,35,3657.0,3657.0,3657.0,3642.0,202.0,7375790.0,36463
2023-05-09 21:03:43,rb2306,rb2306,3652.0,46.0,1680380.0,26.0,48,3652.0,3655.0,6,3657.0,3657.0,3657.0,3642.0,248.0,9056170.0,36489
2023-05-09 21:03:44,rb2306,rb2306,3652.0,41.0,1497320.0,31.0,31,3651.0,3652.0,15,3657.0,3657.0,3657.0,3642.0,289.0,10553490.0,36520
2023-05-09 21:03:44,rb2306,rb2306,3652.0,41.0,1497320.0,32.0,31,3651.0,3652.0,20,3657.0,3657.0,3657.0,3642.0,330.0,12050810.0,36552
2023-05-09 21:03:45,rb2306,rb2306,3652.0,24.0,876480.0,0.0,31,3651.0,3652.0,12,3657.0,3657.0,3657.0,3642.0,354.0,12927290.0,36552
2023-05-09 21:03:45,rb2306,rb2306,3652.0,16.0,584320.0,12.0,31,3651.0,3652.0,15,3657.0,3657.0,3657.0,3642.0,370.0,13511610.0,36564
2023-05-09 21:03:46,rb2306,rb2306,3652.0,8.0,292160.0,0.0,31,3651.0,3652.0,10,3657.0,3657.0,3657.0,3642.0,378.0,13803770.0,36564
2023-05-09 21:03:46,rb2306,rb2306,3652.0,24.0,876480.0,10.0,31,3651.0,3654.0,31,3657.0,3657.0,3657.0,3642.0,402.0,14680250.0,36574
2023-05-09 21:03:47,rb2306,rb2306,3652.0,0.0,0.0,0.0,32,3651.0,3654.0,6,3657.0,3657.0,3657.0,3642.0,402.0,14680250.0,36574
2023-05-09 21:03:47,rb2306,rb2306,3652.0,0.0,0.0,0.0,32,3651.0,3654.0,6,3657.0,3657.0,3657.0,3642.0,402.0,14680250.0,36574
2023-05-09 21:03:50,rb2306,rb2306,3652.0,0.0,0.0,0.0,33,3651.0,3654.0,6,3657.0,3657.0,3657.0,3642.0,402.0,14680250.0,36574
2023-05-09 21:03:51,rb2306,rb2306,3652.0,0.0,0.0,0.0,32,3651.0,3654.0,6,3657.0,3657.0,3657.0,3642.0,402.0,14680250.0,36574
2023-05-09 21:03:51,rb2306,rb2306,3652.0,0.0,0.0,0.0,6,3652.0,3654.0,6,3657.0,3657.0,3657.0,3642.0,402.0,14680250.0,36574
2023-05-09 21:03:52,rb2306,rb2306,3652.0,0.0,0.0,0.0,6,3652.0,3654.0,6,3657.0,3657.0,3657.0,3642.0,402.0,14680250.0,36574
2023-05-09 21:03:53,rb2306,rb2306,3652.0,0.0,0.0,0.0,8,3651.0,3654.0,6,3657.0,3657.0,3657.0,3642.0,402.0,14680250.0,36574
2023-05-09 21:03:53,rb2306,rb2306,3652.0,0.0,0.0,0.0,8,3651.0,3654.0,6,3657.0,3657.0,3657.0,3642.0,402.0,14680250.0,36574
2023-05-09 21:03:54,rb2306,rb2306,3652.0,0.0,0.0,0.0,4,3652.0,3654.0,6,3657.0,3657.0,3657.0,3642.0,402.0,14680250.0,36574
2023-05-09 21:03:54,rb2306,rb2306,3652.0,0.0,0.0,0.0,4,3653.0,3654.0,6,3657.0,3657.0,3657.0,3642.0,402.0,14680250.0,36574
2023-05-09 21:03:55,rb2306,rb2306,3654.0,5.0,182700.0,-5.0,1,3652.0,3654.0,1,3657.0,3657.0,3657.0,3642.0,407.0,14862950.0,36569
2023-05-09 21:03:55,rb2306,rb2306,3654.0,0.0,0.0,0.0,7,3652.0,3654.0,1,3657.0,3657.0,3657.0,3642.0,407.0,14862950.0,36569
2023-05-09 21:03:56,rb2306,rb2306,3654.0,1.0,36540.0,-1.0,6,3652.0,3655.0,82,3657.0,3657.0,3657.0,3642.0,408.0,14899490.0,36568
2023-05-09 21:03:56,rb2306,rb2306,3654.0,0.0,0.0,0.0,6,3652.0,3654.0,8,3657.0,3657.0,3657.0,3642.0,408.0,14899490.0,36568
2023-05-09 21:04:00,rb2306,rb2306,3652.0,2.0,73040.0,0.0,4,3652.0,3653.0,4,3657.0,3657.0,3657.0,3642.0,410.0,14972530.0,36568
2023-05-09 21:04:00,rb2306,rb2306,3652.0,4.0,146080.0,4.0,57,3651.0,3654.0,6,3657.0,3657.0,3657.0,3642.0,414.0,15118610.0,36572
2023-05-09 21:04:01,rb2306,rb2306,3652.0,0.0,0.0,0.0,8,3651.0,3654.0,6,3657.0,3657.0,3657.0,3642.0,414.0,15118610.0,36572
2023-05-09 21:04:01,rb2306,rb2306,3652.0,0.0,0.0,0.0,33,3651.0,3654.0,6,3657.0,3657.0,3657.0,3642.0,414.0,15118610.0,36572
2023-05-09 21:04:02,rb2306,rb2306,3652.0,0.0,0.0,0.0,8,3651.0,3654.0,6,3657.0,3657.0,3657.0,3642.0,414.0,15118610.0,36572
2023-05-09 21:04:02,rb2306,rb2306,3652.0,0.0,0.0,0.0,8,3651.0,3654.0,31,3657.0,3657.0,3657.0,3642.0,414.0,15118610.0,36572
2023-05-09 21:04:03,rb2306,rb2306,3652.0,0.0,0.0,0.0,8,3651.0,3654.0,6,3657.0,3657.0,3657.0,3642.0,414.0,15118610.0,36572
2023-05-09 21:04:04,rb2306,rb2306,3652.0,0.0,0.0,0.0,33,3651.0,3654.0,6,3657.0,3657.0,3657.0,3642.0,414.0,15118610.0,36572
2023-05-09 21:04:04,rb2306,rb2306,3652.0,0.0,0.0,0.0,8,3651.0,3654.0,6,3657.0,3657.0,3657.0,3642.0,414.0,15118610.0,36572
2023-05-09 21:04:05,rb2306,rb2306,3652.0,0.0,0.0,0.0,8,3651.0,3653.0,6,3657.0,3657.0,3657.0,3642.0,414.0,15118610.0,36572
2023-05-09 21:04:05,rb2306,rb2306,3652.0,0.0,0.0,0.0,8,3651.0,3653.0,6,3657.0,3657.0,3657.0,3642.0,414.0,15118610.0,36572
2023-05-09 21:04:06,rb2306,rb2306,3652.0,0.0,0.0,0.0,8,3651.0,3653.0,6,3657.0,3657.0,3657.0,3642.0,414.0,15118610.0,36572
2023-05-09 21:04:06,rb2306,rb2306,3652.0,0.0,0.0,0.0,7,3651.0,3653.0,6,3657.0,3657.0,3657.0,3642.0,414.0,15118610.0,36572
2023-05-09 21:04:11,rb2306,rb2306,3652.0,0.0,0.0,0.0,7,3651.0,3653.0,6,3657.0,3657.0,3657.0,3642.0,414.0,15118610.0,36572
2023-05-09 21:04:12,rb2306,rb2306,3652.0,0.0,0.0,0.0,7,3651.0,3653.0,6,3657.0,3657.0,3657.0,3642.0,414.0,15118610.0,36572
2023-05-09 21:04:13,rb2306,rb2306,3652.0,0.0,0.0,0.0,7,3651.0,3653.0,6,3657.0,3657.0,3657.0,3642.0,414.0,15118610.0,36572
2023-05-09 21:04:14,rb2306,rb2306,3652.0,0.0,0.0,0.0,7,3651.0,3653.0,6,3657.0,3657.0,3657.0,3642.0,414.0,15118610.0,36572
2023-05-09 21:04:16,rb2306,rb2306,3652.0,0.0,0.0,0.0,32,3651.0,3653.0,6,3657.0,3657.0,3657.0,3642.0,414.0,15118610.0,36572
2023-05-09 21:04:17,rb2306,rb2306,3652.0,0.0,0.0,0.0,7,3651.0,3653.0,6,3657.0,3657.0,3657.0,3642.0,414.0,15118610.0,36572
2023-05-09 21:04:19,rb2306,rb2306,3652.0,0.0,0.0,0.0,7,3651.0,3653.0,6,3657.0,3657.0,3657.0,3642.0,414.0,15118610.0,36572
2023-05-09 21:04:21,rb2306,rb2306,3652.0,0.0,0.0,0.0,7,3651.0,3653.0,6,3657.0,3657.0,3657.0,3642.0,414.0,15118610.0,36572
2023-05-09 21:04:22,rb2306,rb2306,3652.0,0.0,0.0,0.0,1,3652.0,3653.0,6,3657.0,3657.0,3657.0,3642.0,414.0,15118610.0,36572
2023-05-09 21:04:23,rb2306,rb2306,3652.0,0.0,0.0,0.0,7,3651.0,3653.0,6,3657.0,3657.0,3657.0,3642.0,414.0,15118610.0,36572
2023-05-09 21:04:25,rb2306,rb2306,3652.0,0.0,0.0,0.0,7,3651.0,3653.0,6,3657.0,3657.0,3657.0,3642.0,414.0,15118610.0,36572
2023-05-09 21:04:25,rb2306,rb2306,3652.0,0.0,0.0,0.0,7,3651.0,3653.0,6,3657.0,3657.0,3657.0,3642.0,414.0,15118610.0,36572
2023-05-09 21:04:27,rb2306,rb2306,3652.0,0.0,0.0,0.0,7,3651.0,3653.0,6,3657.0,3657.0,3657.0,3642.0,414.0,15118610.0,36572
2023-05-09 21:04:29,rb2306,rb2306,3652.0,0.0,0.0,0.0,1,3652.0,3653.0,6,3657.0,3657.0,3657.0,3642.0,414.0,15118610.0,36572
2023-05-09 21:04:29,rb2306,rb2306,3652.0,0.0,0.0,0.0,1,3652.0,3654.0,8,3657.0,3657.0,3657.0,3642.0,414.0,15118610.0,36572
2023-05-09 21:04:30,rb2306,rb2306,3652.0,0.0,0.0,0.0,7,3651.0,3653.0,25,3657.0,3657.0,3657.0,3642.0,414.0,15118610.0,36572
2023-05-09 21:04:33,rb2306,rb2306,3652.0,0.0,0.0,0.0,7,3651.0,3653.0,25,3657.0,3657.0,3657.0,3642.0,414.0,15118610.0,36572
2023-05-09 21:04:35,rb2306,rb2306,3652.0,0.0,0.0,0.0,7,3651.0,3653.0,25,3657.0,3657.0,3657.0,3642.0,414.0,15118610.0,36572
2023-05-09 21:04:36,rb2306,rb2306,3652.0,0.0,0.0,0.0,7,3651.0,3653.0,25,3657.0,3657.0,3657.0,3642.0,414.0,15118610.0,36572
2023-05-09 21:04:36,rb2306,rb2306,3652.0,0.0,0.0,0.0,7,3651.0,3653.0,25,3657.0,3657.0,3657.0,3642.0,414.0,15118610.0,36572
2023-05-09 21:04:37,rb2306,rb2306,3652.0,0.0,0.0,0.0,7,3651.0,3653.0,25,3657.0,3657.0,3657.0,3642.0,414.0,15118610.0,36572
2023-05-09 21:04:37,rb2306,rb2306,3652.0,0.0,0.0,0.0,7,3651.0,3653.0,25,3657.0,3657.0,3657.0,3642.0,414.0,15118610.0,36572
2023-05-09 21:04:38,rb2306,rb2306,3652.0,0.0,0.0,0.0,7,3651.0,3653.0,25,3657.0,3657.0,3657.0,3642.0,414.0,15118610.0,36572
2023-05-09 21:04:38,rb2306,rb2306,3652.0,0.0,0.0,0.0,7,3651.0,3652.0,25,3657.0,3657.0,3657.0,3642.0,414.0,15118610.0,36572
2023-05-09 21:04:39,rb2306,rb2306,3652.0,3.0,109560.0,0.0,7,3651.0,3652.0,23,3657.0,3657.0,3657.0,3642.0,417.0,15228170.0,36572
2023-05-09 21:04:45,rb2306,rb2306,3652.0,0.0,0.0,0.0,7,3651.0,3652.0,1,3657.0,3657.0,3657.0,3642.0,417.0,15228170.0,36572
2023-05-09 21:04:46,rb2306,rb2306,3652.0,1.0,36520.0,-1.0,7,3651.0,3653.0,25,3657.0,3657.0,3657.0,3642.0,418.0,15264690.0,36571
2023-05-09 21:04:47,rb2306,rb2306,3652.0,0.0,0.0,0.0,7,3651.0,3653.0,25,3657.0,3657.0,3657.0,3642.0,418.0,15264690.0,36571
2023-05-09 21:04:48,rb2306,rb2306,3652.0,0.0,0.0,0.0,7,3651.0,3653.0,25,3657.0,3657.0,3657.0,3642.0,418.0,15264690.0,36571
2023-05-09 21:04:49,rb2306,rb2306,3652.0,0.0,0.0,0.0,7,3651.0,3653.0,25,3657.0,3657.0,3657.0,3642.0,418.0,15264690.0,36571
2023-05-09 21:04:49,rb2306,rb2306,3652.0,0.0,0.0,0.0,6,3651.0,3653.0,25,3657.0,3657.0,3657.0,3642.0,418.0,15264690.0,36571
2023-05-09 21:04:50,rb2306,rb2306,3652.0,0.0,0.0,0.0,31,3651.0,3653.0,25,3657.0,3657.0,3657.0,3642.0,418.0,15264690.0,36571
2023-05-09 21:04:50,rb2306,rb2306,3652.0,0.0,0.0,0.0,6,3651.0,3653.0,25,3657.0,3657.0,3657.0,3642.0,418.0,15264690.0,36571
2023-05-09 21:04:51,rb2306,rb2306,3652.0,0.0,0.0,0.0,6,3651.0,3653.0,25,3657.0,3657.0,3657.0,3642.0,418.0,15264690.0,36571
2023-05-09 21:04:53,rb2306,rb2306,3653.0,12.0,438360.0,0.0,6,3651.0,3653.0,13,3657.0,3657.0,3657.0,3642.0,430.0,15703050.0,36571
2023-05-09 21:05:01,rb2306,rb2306,3653.0,0.0,0.0,0.0,6,3651.0,3653.0,13,3657.0,3657.0,3657.0,3642.0,430.0,15703050.0,36571
2023-05-09 21:05:02,rb2306,rb2306,3653.0,0.0,0.0,0.0,6,3651.0,3653.0,13,3657.0,3657.0,3657.0,3642.0,430.0,15703050.0,36571
2023-05-09 21:05:03,rb2306,rb2306,3653.0,0.0,0.0,0.0,6,3651.0,3653.0,14,3657.0,3657.0,3657.0,3642.0,430.0,15703050.0,36571
2023-05-09 21:05:03,rb2306,rb2306,3653.0,0.0,0.0,0.0,6,3651.0,3653.0,14,3657.0,3657.0,3657.0,3642.0,430.0,15703050.0,36571
2023-05-09 21:05:04,rb2306,rb2306,3653.0,0.0,0.0,0.0,6,3651.0,3653.0,15,3657.0,3657.0,3657.0,3642.0,430.0,15703050.0,36571
2023-05-09 21:05:05,rb2306,rb2306,3653.0,0.0,0.0,0.0,6,3651.0,3653.0,15,3657.0,3657.0,3657.0,3642.0,430.0,15703050.0,36571
2023-05-09 21:05:10,rb2306,rb2306,3653.0,0.0,0.0,0.0,6,3651.0,3653.0,14,3657.0,3657.0,3657.0,3642.0,430.0,15703050.0,36571
2023-05-09 21:05:11,rb2306,rb2306,3653.0,0.0,0.0,0.0,6,3651.0,3653.0,14,3657.0,3657.0,3657.0,3642.0,430.0,15703050.0,36571
2023-05-09 21:05:12,rb2306,rb2306,3653.0,0.0,0.0,0.0,6,3651.0,3653.0,14,3657.0,3657.0,3657.0,3642.0,430.0,15703050.0,36571
2023-05-09 21:05:13,rb2306,rb2306,3653.0,0.0,0.0,0.0,6,3651.0,3653.0,14,3657.0,3657.0,3657.0,3642.0,430.0,15703050.0,36571
2023-05-09 21:05:14,rb2306,rb2306,3653.0,0.0,0.0,0.0,6,3651.0,3653.0,14,3657.0,3657.0,3657.0,3642.0,430.0,15703050.0,36571
2023-05-09 21:05:14,rb2306,rb2306,3653.0,0.0,0.0,0.0,6,3651.0,3653.0,14,3657.0,3657.0,3657.0,3642.0,430.0,15703050.0,36571
2023-05-09 21:05:15,rb2306,rb2306,3653.0,0.0,0.0,0.0,6,3651.0,3653.0,14,3657.0,3657.0,3657.0,3642.0,430.0,15703050.0,36571
2023-05-09 21:05:16,rb2306,rb2306,3653.0,0.0,0.0,0.0,6,3651.0,3653.0,14,3657.0,3657.0,3657.0,3642.0,430.0,15703050.0,36571
2023-05-09 21:05:17,rb2306,rb2306,3653.0,0.0,0.0,0.0,6,3651.0,3653.0,14,3657.0,3657.0,3657.0,3642.0,430.0,15703050.0,36571
2023-05-09 21:05:18,rb2306,rb2306,3653.0,0.0,0.0,0.0,6,3651.0,3653.0,14,3657.0,3657.0,3657.0,3642.0,430.0,15703050.0,36571
2023-05-09 21:05:19,rb2306,rb2306,3653.0,0.0,0.0,0.0,6,3652.0,3653.0,14,3657.0,3657.0,3657.0,3642.0,430.0,15703050.0,36571
2023-05-09 21:05:19,rb2306,rb2306,3653.0,14.0,511420.0,1.0,6,3652.0,3654.0,7,3657.0,3657.0,3657.0,3642.0,444.0,16214470.0,36572
2023-05-09 21:05:20,rb2306,rb2306,3653.0,0.0,0.0,0.0,6,3652.0,3654.0,1,3657.0,3657.0,3657.0,3642.0,444.0,16214470.0,36572
2023-05-09 21:05:20,rb2306,rb2306,3653.0,0.0,0.0,0.0,6,3652.0,3654.0,1,3657.0,3657.0,3657.0,3642.0,444.0,16214470.0,36572
2023-05-09 21:05:22,rb2306,rb2306,3652.0,1.0,36520.0,1.0,5,3652.0,3654.0,1,3657.0,3657.0,3657.0,3642.0,445.0,16250990.0,36573
2023-05-09 21:05:22,rb2306,rb2306,3652.0,0.0,0.0,0.0,5,3652.0,3654.0,7,3657.0,3657.0,3657.0,3642.0,445.0,16250990.0,36573
2023-05-09 21:05:23,rb2306,rb2306,3652.0,0.0,0.0,0.0,5,3652.0,3654.0,7,3657.0,3657.0,3657.0,3642.0,445.0,16250990.0,36573
2023-05-09 21:05:23,rb2306,rb2306,3652.0,0.0,0.0,0.0,5,3652.0,3654.0,7,3657.0,3657.0,3657.0,3642.0,445.0,16250990.0,36573
2023-05-09 21:05:24,rb2306,rb2306,3652.0,0.0,0.0,0.0,6,3652.0,3654.0,7,3657.0,3657.0,3657.0,3642.0,445.0,16250990.0,36573
2023-05-09 21:05:24,rb2306,rb2306,3652.0,0.0,0.0,0.0,6,3653.0,3654.0,7,3657.0,3657.0,3657.0,3642.0,445.0,16250990.0,36573
2023-05-09 21:05:25,rb2306,rb2306,3652.0,0.0,0.0,0.0,6,3653.0,3654.0,1,3657.0,3657.0,3657.0,3642.0,445.0,16250990.0,36573
2023-05-09 21:05:26,rb2306,rb2306,3652.0,0.0,0.0,0.0,7,3653.0,3654.0,1,3657.0,3657.0,3657.0,3642.0,445.0,16250990.0,36573
2023-05-09 21:05:26,rb2306,rb2306,3654.0,1.0,36540.0,0.0,7,3653.0,3655.0,6,3657.0,3657.0,3657.0,3642.0,446.0,16287530.0,36573
2023-05-09 21:05:27,rb2306,rb2306,3654.0,0.0,0.0,0.0,9,3653.0,3655.0,6,3657.0,3657.0,3657.0,3642.0,446.0,16287530.0,36573
2023-05-09 21:05:28,rb2306,rb2306,3654.0,0.0,0.0,0.0,1,3654.0,3655.0,6,3657.0,3657.0,3657.0,3642.0,446.0,16287530.0,36573
2023-05-09 21:05:29,rb2306,rb2306,3654.0,0.0,0.0,0.0,1,3654.0,3655.0,6,3657.0,3657.0,3657.0,3642.0,446.0,16287530.0,36573
2023-05-09 21:05:29,rb2306,rb2306,3654.0,0.0,0.0,0.0,1,3654.0,3655.0,6,3657.0,3657.0,3657.0,3642.0,446.0,16287530.0,36573
2023-05-09 21:05:31,rb2306,rb2306,3654.0,0.0,0.0,0.0,1,3654.0,3655.0,6,3657.0,3657.0,3657.0,3642.0,446.0,16287530.0,36573
2023-05-09 21:05:31,rb2306,rb2306,3654.0,0.0,0.0,0.0,1,3654.0,3655.0,6,3657.0,3657.0,3657.0,3642.0,446.0,16287530.0,36573
2023-05-09 21:05:32,rb2306,rb2306,3654.0,0.0,0.0,0.0,1,3654.0,3655.0,6,3657.0,3657.0,3657.0,3642.0,446.0,16287530.0,36573
2023-05-09 21:05:32,rb2306,rb2306,3654.0,0.0,0.0,0.0,1,3654.0,3655.0,6,3657.0,3657.0,3657.0,3642.0,446.0,16287530.0,36573
2023-05-09 21:05:33,rb2306,rb2306,3654.0,1.0,36540.0,0.0,10,3653.0,3655.0,6,3657.0,3657.0,3657.0,3642.0,447.0,16324070.0,36573
2023-05-09 21:05:33,rb2306,rb2306,3654.0,0.0,0.0,0.0,10,3653.0,3655.0,6,3657.0,3657.0,3657.0,3642.0,447.0,16324070.0,36573
2023-05-09 21:05:34,rb2306,rb2306,3654.0,0.0,0.0,0.0,10,3653.0,3655.0,6,3657.0,3657.0,3657.0,3642.0,447.0,16324070.0,36573
2023-05-09 21:05:34,rb2306,rb2306,3655.0,4.0,146200.0,-4.0,11,3653.0,3655.0,2,3657.0,3657.0,3657.0,3642.0,451.0,16470270.0,36569
2023-05-09 21:05:35,rb2306,rb2306,3655.0,0.0,0.0,0.0,11,3653.0,3655.0,2,3657.0,3657.0,3657.0,3642.0,451.0,16470270.0,36569
2023-05-09 21:05:35,rb2306,rb2306,3655.0,0.0,0.0,0.0,11,3653.0,3655.0,2,3657.0,3657.0,3657.0,3642.0,451.0,16470270.0,36569
2023-05-09 21:05:36,rb2306,rb2306,3655.0,0.0,0.0,0.0,11,3653.0,3655.0,3,3657.0,3657.0,3657.0,3642.0,451.0,16470270.0,36569
2023-05-09 21:05:37,rb2306,rb2306,3655.0,0.0,0.0,0.0,9,3653.0,3655.0,3,3657.0,3657.0,3657.0,3642.0,451.0,16470270.0,36569
2023-05-09 21:05:38,rb2306,rb2306,3655.0,0.0,0.0,0.0,9,3653.0,3655.0,28,3657.0,3657.0,3657.0,3642.0,451.0,16470270.0,36569
2023-05-09 21:05:38,rb2306,rb2306,3655.0,0.0,0.0,0.0,8,3653.0,3654.0,2,3657.0,3657.0,3657.0,3642.0,451.0,16470270.0,36569
2023-05-09 21:05:40,rb2306,rb2306,3655.0,0.0,0.0,0.0,8,3653.0,3654.0,27,3657.0,3657.0,3657.0,3642.0,451.0,16470270.0,36569
2023-05-09 21:05:40,rb2306,rb2306,3655.0,0.0,0.0,0.0,8,3653.0,3654.0,33,3657.0,3657.0,3657.0,3642.0,451.0,16470270.0,36569
2023-05-09 21:05:41,rb2306,rb2306,3655.0,0.0,0.0,0.0,8,3653.0,3654.0,33,3657.0,3657.0,3657.0,3642.0,451.0,16470270.0,36569
2023-05-09 21:05:41,rb2306,rb2306,3655.0,0.0,0.0,0.0,9,3653.0,3654.0,8,3657.0,3657.0,3657.0,3642.0,451.0,16470270.0,36569
2023-05-09 21:05:42,rb2306,rb2306,3652.0,12.0,438330.0,-2.0,2,3652.0,3654.0,6,3657.0,3657.0,3657.0,3642.0,463.0,16908600.0,36567
2023-05-09 21:05:42,rb2306,rb2306,3652.0,0.0,0.0,0.0,3,3652.0,3654.0,6,3657.0,3657.0,3657.0,3642.0,463.0,16908600.0,36567
2023-05-09 21:05:43,rb2306,rb2306,3652.0,0.0,0.0,0.0,3,3652.0,3654.0,6,3657.0,3657.0,3657.0,3642.0,463.0,16908600.0,36567
2023-05-09 21:05:44,rb2306,rb2306,3652.0,0.0,0.0,0.0,3,3652.0,3654.0,6,3657.0,3657.0,3657.0,3642.0,463.0,16908600.0,36567
2023-05-09 21:05:45,rb2306,rb2306,3652.0,0.0,0.0,0.0,3,3652.0,3654.0,6,3657.0,3657.0,3657.0,3642.0,463.0,16908600.0,36567
2023-05-09 21:05:47,rb2306,rb2306,3652.0,0.0,0.0,0.0,3,3652.0,3654.0,6,3657.0,3657.0,3657.0,3642.0,463.0,16908600.0,36567
2023-05-09 21:05:47,rb2306,rb2306,3652.0,0.0,0.0,0.0,3,3652.0,3654.0,6,3657.0,3657.0,3657.0,3642.0,463.0,16908600.0,36567
2023-05-09 21:05:48,rb2306,rb2306,3652.0,0.0,0.0,0.0,4,3652.0,3654.0,6,3657.0,3657.0,3657.0,3642.0,463.0,16908600.0,36567
2023-05-09 21:05:49,rb2306,rb2306,3652.0,0.0,0.0,0.0,4,3652.0,3654.0,6,3657.0,3657.0,3657.0,3642.0,463.0,16908600.0,36567
2023-05-09 21:05:49,rb2306,rb2306,3652.0,0.0,0.0,0.0,4,3652.0,3654.0,6,3657.0,3657.0,3657.0,3642.0,463.0,16908600.0,36567
2023-05-09 21:05:51,rb2306,rb2306,3652.0,0.0,0.0,0.0,4,3652.0,3654.0,6,3657.0,3657.0,3657.0,3642.0,463.0,16908600.0,36567
2023-05-09 21:05:51,rb2306,rb2306,3652.0,0.0,0.0,0.0,4,3652.0,3654.0,6,3657.0,3657.0,3657.0,3642.0,463.0,16908600.0,36567
2023-05-09 21:05:52,rb2306,rb2306,3652.0,0.0,0.0,0.0,4,3652.0,3654.0,6,3657.0,3657.0,3657.0,3642.0,463.0,16908600.0,36567
2023-05-09 21:05:53,rb2306,rb2306,3652.0,0.0,0.0,0.0,4,3652.0,3654.0,6,3657.0,3657.0,3657.0,3642.0,463.0,16908600.0,36567
2023-05-09 21:05:55,rb2306,rb2306,3654.0,6.0,219240.0,-6.0,4,3652.0,3655.0,78,3657.0,3657.0,3657.0,3642.0,469.0,17127840.0,36561
2023-05-09 21:05:55,rb2306,rb2306,3654.0,0.0,0.0,0.0,4,3652.0,3655.0,3,3657.0,3657.0,3657.0,3642.0,469.0,17127840.0,36561
2023-05-09 21:05:56,rb2306,rb2306,3654.0,0.0,0.0,0.0,4,3652.0,3655.0,3,3657.0,3657.0,3657.0,3642.0,469.0,17127840.0,36561
2023-05-09 21:05:56,rb2306,rb2306,3654.0,0.0,0.0,0.0,4,3652.0,3655.0,3,3657.0,3657.0,3657.0,3642.0,469.0,17127840.0,36561
2023-05-09 21:05:57,rb2306,rb2306,3654.0,0.0,0.0,0.0,1,3653.0,3655.0,3,3657.0,3657.0,3657.0,3642.0,469.0,17127840.0,36561
2023-05-09 21:05:58,rb2306,rb2306,3654.0,0.0,0.0,0.0,1,3653.0,3655.0,28,3657.0,3657.0,3657.0,3642.0,469.0,17127840.0,36561
2023-05-09 21:05:59,rb2306,rb2306,3654.0,0.0,0.0,0.0,1,3653.0,3655.0,28,3657.0,3657.0,3657.0,3642.0,469.0,17127840.0,36561
2023-05-09 21:06:00,rb2306,rb2306,3654.0,0.0,0.0,0.0,1,3653.0,3655.0,3,3657.0,3657.0,3657.0,3642.0,469.0,17127840.0,36561
2023-05-09 21:06:00,rb2306,rb2306,3654.0,0.0,0.0,0.0,2,3653.0,3655.0,3,3657.0,3657.0,3657.0,3642.0,469.0,17127840.0,36561
2023-05-09 21:06:01,rb2306,rb2306,3654.0,0.0,0.0,0.0,2,3653.0,3655.0,3,3657.0,3657.0,3657.0,3642.0,469.0,17127840.0,36561
2023-05-09 21:06:01,rb2306,rb2306,3654.0,0.0,0.0,0.0,2,3653.0,3655.0,3,3657.0,3657.0,3657.0,3642.0,469.0,17127840.0,36561
2023-05-09 21:06:02,rb2306,rb2306,3654.0,0.0,0.0,0.0,2,3653.0,3655.0,28,3657.0,3657.0,3657.0,3642.0,469.0,17127840.0,36561
2023-05-09 21:06:03,rb2306,rb2306,3654.0,0.0,0.0,0.0,2,3653.0,3655.0,28,3657.0,3657.0,3657.0,3642.0,469.0,17127840.0,36561
2023-05-09 21:06:04,rb2306,rb2306,3654.0,0.0,0.0,0.0,2,3653.0,3655.0,3,3657.0,3657.0,3657.0,3642.0,469.0,17127840.0,36561
2023-05-09 21:06:05,rb2306,rb2306,3654.0,0.0,0.0,0.0,2,3653.0,3655.0,3,3657.0,3657.0,3657.0,3642.0,469.0,17127840.0,36561
2023-05-09 21:06:05,rb2306,rb2306,3654.0,0.0,0.0,0.0,2,3653.0,3655.0,3,3657.0,3657.0,3657.0,3642.0,469.0,17127840.0,36561
2023-05-09 21:06:06,rb2306,rb2306,3654.0,0.0,0.0,0.0,2,3653.0,3655.0,3,3657.0,3657.0,3657.0,3642.0,469.0,17127840.0,36561
2023-05-09 21:06:06,rb2306,rb2306,3654.0,0.0,0.0,0.0,2,3653.0,3655.0,3,3657.0,3657.0,3657.0,3642.0,469.0,17127840.0,36561
2023-05-09 21:06:07,rb2306,rb2306,3655.0,2.0,73100.0,-2.0,2,3653.0,3655.0,7,3657.0,3657.0,3657.0,3642.0,471.0,17200940.0,36559
2023-05-09 21:06:07,rb2306,rb2306,3655.0,99.0,3615650.0,-29.0,2,3653.0,3655.0,4,3657.0,3657.0,3657.0,3642.0,570.0,20816590.0,36530
2023-05-09 21:06:08,rb2306,rb2306,3655.0,0.0,0.0,0.0,9,3653.0,3655.0,4,3657.0,3657.0,3657.0,3642.0,570.0,20816590.0,36530
2023-05-09 21:06:08,rb2306,rb2306,3655.0,2.0,73100.0,-2.0,9,3653.0,3655.0,2,3657.0,3657.0,3657.0,3642.0,572.0,20889690.0,36528
2023-05-09 21:06:09,rb2306,rb2306,3655.0,1.0,36550.0,-1.0,2,3654.0,3655.0,26,3657.0,3657.0,3657.0,3642.0,573.0,20926240.0,36527
2023-05-09 21:06:09,rb2306,rb2306,3654.0,2.0,73080.0,-2.0,9,3653.0,3655.0,1,3657.0,3657.0,3657.0,3642.0,575.0,20999320.0,36525
2023-05-09 21:06:10,rb2306,rb2306,3655.0,1.0,36550.0,-1.0,9,3653.0,3656.0,60,3657.0,3657.0,3657.0,3642.0,576.0,21035870.0,36524
2023-05-09 21:06:10,rb2306,rb2306,3655.0,0.0,0.0,0.0,9,3653.0,3655.0,6,3657.0,3657.0,3657.0,3642.0,576.0,21035870.0,36524
2023-05-09 21:06:11,rb2306,rb2306,3655.0,0.0,0.0,0.0,9,3653.0,3655.0,6,3657.0,3657.0,3657.0,3642.0,576.0,21035870.0,36524
2023-05-09 21:06:12,rb2306,rb2306,3655.0,0.0,0.0,0.0,2,3654.0,3655.0,31,3657.0,3657.0,3657.0,3642.0,576.0,21035870.0,36524
2023-05-09 21:06:12,rb2306,rb2306,3655.0,0.0,0.0,0.0,2,3654.0,3655.0,6,3657.0,3657.0,3657.0,3642.0,576.0,21035870.0,36524
2023-05-09 21:06:13,rb2306,rb2306,3654.0,2.0,73080.0,0.0,9,3653.0,3655.0,6,3657.0,3657.0,3657.0,3642.0,578.0,21108950.0,36524
2023-05-09 21:06:14,rb2306,rb2306,3654.0,0.0,0.0,0.0,9,3653.0,3655.0,6,3657.0,3657.0,3657.0,3642.0,578.0,21108950.0,36524
2023-05-09 21:06:14,rb2306,rb2306,3654.0,0.0,0.0,0.0,9,3653.0,3655.0,6,3657.0,3657.0,3657.0,3642.0,578.0,21108950.0,36524
2023-05-09 21:06:15,rb2306,rb2306,3654.0,0.0,0.0,0.0,9,3653.0,3655.0,6,3657.0,3657.0,3657.0,3642.0,578.0,21108950.0,36524
2023-05-09 21:06:15,rb2306,rb2306,3654.0,0.0,0.0,0.0,9,3653.0,3654.0,2,3657.0,3657.0,3657.0,3642.0,578.0,21108950.0,36524
2023-05-09 21:06:16,rb2306,rb2306,3654.0,0.0,0.0,0.0,9,3653.0,3654.0,27,3657.0,3657.0,3657.0,3642.0,578.0,21108950.0,36524
2023-05-09 21:06:16,rb2306,rb2306,3654.0,0.0,0.0,0.0,9,3653.0,3654.0,27,3657.0,3657.0,3657.0,3642.0,578.0,21108950.0,36524
2023-05-09 21:06:17,rb2306,rb2306,3654.0,0.0,0.0,0.0,9,3653.0,3654.0,27,3657.0,3657.0,3657.0,3642.0,578.0,21108950.0,36524
2023-05-09 21:06:17,rb2306,rb2306,3654.0,0.0,0.0,0.0,9,3653.0,3654.0,27,3657.0,3657.0,3657.0,3642.0,578.0,21108950.0,36524
2023-05-09 21:06:18,rb2306,rb2306,3654.0,0.0,0.0,0.0,9,3653.0,3654.0,27,3657.0,3657.0,3657.0,3642.0,578.0,21108950.0,36524
2023-05-09 21:06:19,rb2306,rb2306,3654.0,0.0,0.0,0.0,9,3653.0,3654.0,27,3657.0,3657.0,3657.0,3642.0,578.0,21108950.0,36524
2023-05-09 21:06:19,rb2306,rb2306,3654.0,0.0,0.0,0.0,9,3653.0,3654.0,27,3657.0,3657.0,3657.0,3642.0,578.0,21108950.0,36524
2023-05-09 21:06:21,rb2306,rb2306,3654.0,0.0,0.0,0.0,9,3653.0,3654.0,27,3657.0,3657.0,3657.0,3642.0,578.0,21108950.0,36524
2023-05-09 21:06:21,rb2306,rb2306,3654.0,0.0,0.0,0.0,9,3653.0,3654.0,27,3657.0,3657.0,3657.0,3642.0,578.0,21108950.0,36524
2023-05-09 21:06:22,rb2306,rb2306,3654.0,0.0,0.0,0.0,9,3653.0,3654.0,27,3657.0,3657.0,3657.0,3642.0,578.0,21108950.0,36524
2023-05-09 21:06:23,rb2306,rb2306,3654.0,0.0,0.0,0.0,9,3653.0,3654.0,27,3657.0,3657.0,3657.0,3642.0,578.0,21108950.0,36524
2023-05-09 21:06:24,rb2306,rb2306,3654.0,0.0,0.0,0.0,9,3653.0,3654.0,27,3657.0,3657.0,3657.0,3642.0,578.0,21108950.0,36524
2023-05-09 21:06:27,rb2306,rb2306,3653.0,8.0,292240.0,-2.0,82,3651.0,3654.0,33,3657.0,3657.0,3657.0,3642.0,586.0,21401190.0,36522
2023-05-09 21:06:28,rb2306,rb2306,3653.0,0.0,0.0,0.0,1,3652.0,3654.0,33,3657.0,3657.0,3657.0,3642.0,586.0,21401190.0,36522
2023-05-09 21:06:28,rb2306,rb2306,3653.0,0.0,0.0,0.0,1,3652.0,3654.0,33,3657.0,3657.0,3657.0,3642.0,586.0,21401190.0,36522
2023-05-09 21:06:29,rb2306,rb2306,3653.0,0.0,0.0,0.0,1,3652.0,3654.0,33,3657.0,3657.0,3657.0,3642.0,586.0,21401190.0,36522
2023-05-09 21:06:29,rb2306,rb2306,3653.0,0.0,0.0,0.0,7,3652.0,3654.0,33,3657.0,3657.0,3657.0,3642.0,586.0,21401190.0,36522
2023-05-09 21:06:30,rb2306,rb2306,3653.0,0.0,0.0,0.0,7,3652.0,3654.0,34,3657.0,3657.0,3657.0,3642.0,586.0,21401190.0,36522
2023-05-09 21:06:31,rb2306,rb2306,3653.0,0.0,0.0,0.0,7,3652.0,3654.0,9,3657.0,3657.0,3657.0,3642.0,586.0,21401190.0,36522
2023-05-09 21:06:31,rb2306,rb2306,3653.0,0.0,0.0,0.0,7,3652.0,3654.0,33,3657.0,3657.0,3657.0,3642.0,586.0,21401190.0,36522
2023-05-09 21:06:33,rb2306,rb2306,3653.0,0.0,0.0,0.0,7,3652.0,3654.0,33,3657.0,3657.0,3657.0,3642.0,586.0,21401190.0,36522
2023-05-09 21:06:34,rb2306,rb2306,3653.0,0.0,0.0,0.0,7,3652.0,3654.0,33,3657.0,3657.0,3657.0,3642.0,586.0,21401190.0,36522
2023-05-09 21:06:35,rb2306,rb2306,3653.0,0.0,0.0,0.0,6,3653.0,3654.0,33,3657.0,3657.0,3657.0,3642.0,586.0,21401190.0,36522
2023-05-09 21:06:35,rb2306,rb2306,3653.0,0.0,0.0,0.0,6,3653.0,3654.0,33,3657.0,3657.0,3657.0,3642.0,586.0,21401190.0,36522
2023-05-09 21:06:36,rb2306,rb2306,3653.0,0.0,0.0,0.0,6,3653.0,3654.0,33,3657.0,3657.0,3657.0,3642.0,586.0,21401190.0,36522
2023-05-09 21:06:37,rb2306,rb2306,3653.0,0.0,0.0,0.0,6,3653.0,3654.0,33,3657.0,3657.0,3657.0,3642.0,586.0,21401190.0,36522
2023-05-09 21:06:37,rb2306,rb2306,3653.0,0.0,0.0,0.0,6,3653.0,3654.0,33,3657.0,3657.0,3657.0,3642.0,586.0,21401190.0,36522
2023-05-09 21:06:38,rb2306,rb2306,3653.0,0.0,0.0,0.0,6,3653.0,3654.0,8,3657.0,3657.0,3657.0,3642.0,586.0,21401190.0,36522
2023-05-09 21:06:39,rb2306,rb2306,3654.0,8.0,292320.0,-8.0,5,3654.0,3655.0,50,3657.0,3657.0,3657.0,3642.0,594.0,21693510.0,36514
2023-05-09 21:06:39,rb2306,rb2306,3655.0,3.0,109650.0,0.0,1,3654.0,3656.0,4,3657.0,3657.0,3657.0,3642.0,597.0,21803160.0,36514
2023-05-09 21:06:40,rb2306,rb2306,3656.0,1.0,36560.0,0.0,1,3654.0,3656.0,2,3657.0,3657.0,3657.0,3642.0,598.0,21839720.0,36514
2023-05-09 21:06:40,rb2306,rb2306,3656.0,0.0,0.0,0.0,1,3654.0,3656.0,2,3657.0,3657.0,3657.0,3642.0,598.0,21839720.0,36514
2023-05-09 21:06:41,rb2306,rb2306,3656.0,0.0,0.0,0.0,1,3654.0,3656.0,2,3657.0,3657.0,3657.0,3642.0,598.0,21839720.0,36514
2023-05-09 21:06:41,rb2306,rb2306,3656.0,0.0,0.0,0.0,1,3654.0,3656.0,2,3657.0,3657.0,3657.0,3642.0,598.0,21839720.0,36514
2023-05-09 21:06:42,rb2306,rb2306,3656.0,0.0,0.0,0.0,1,3654.0,3656.0,27,3657.0,3657.0,3657.0,3642.0,598.0,21839720.0,36514
2023-05-09 21:06:42,rb2306,rb2306,3656.0,0.0,0.0,0.0,1,3654.0,3656.0,25,3657.0,3657.0,3657.0,3642.0,598.0,21839720.0,36514
2023-05-09 21:06:43,rb2306,rb2306,3656.0,0.0,0.0,0.0,1,3654.0,3657.0,132,3657.0,3657.0,3657.0,3642.0,598.0,21839720.0,36514
2023-05-09 21:06:43,rb2306,rb2306,3656.0,0.0,0.0,0.0,1,3654.0,3657.0,32,3657.0,3657.0,3657.0,3642.0,598.0,21839720.0,36514
2023-05-09 21:06:44,rb2306,rb2306,3656.0,0.0,0.0,0.0,1,3654.0,3657.0,32,3657.0,3657.0,3657.0,3642.0,598.0,21839720.0,36514
2023-05-09 21:06:46,rb2306,rb2306,3656.0,0.0,0.0,0.0,1,3654.0,3657.0,32,3657.0,3657.0,3657.0,3642.0,598.0,21839720.0,36514
2023-05-09 21:06:46,rb2306,rb2306,3656.0,0.0,0.0,0.0,1,3654.0,3657.0,32,3657.0,3657.0,3657.0,3642.0,598.0,21839720.0,36514
2023-05-09 21:06:47,rb2306,rb2306,3656.0,0.0,0.0,0.0,6,3655.0,3657.0,32,3657.0,3657.0,3657.0,3642.0,598.0,21839720.0,36514
2023-05-09 21:06:48,rb2306,rb2306,3657.0,1.0,36570.0,-1.0,8,3655.0,3657.0,5,3657.0,3657.0,3657.0,3642.0,599.0,21876290.0,36513
2023-05-09 21:06:48,rb2306,rb2306,3657.0,1.0,36570.0,-1.0,8,3655.0,3657.0,29,3657.0,3657.0,3657.0,3642.0,600.0,21912860.0,36512
2023-05-09 21:06:49,rb2306,rb2306,3657.0,0.0,0.0,0.0,8,3655.0,3657.0,29,3657.0,3657.0,3657.0,3642.0,600.0,21912860.0,36512
2023-05-09 21:06:50,rb2306,rb2306,3657.0,1.0,36570.0,0.0,8,3655.0,3657.0,3,3657.0,3657.0,3657.0,3642.0,601.0,21949430.0,36512
2023-05-09 21:06:50,rb2306,rb2306,3657.0,1.0,36570.0,-1.0,8,3655.0,3657.0,27,3657.0,3657.0,3657.0,3642.0,602.0,21986000.0,36511
2023-05-09 21:06:51,rb2306,rb2306,3657.0,0.0,0.0,0.0,8,3655.0,3657.0,2,3657.0,3657.0,3657.0,3642.0,602.0,21986000.0,36511
2023-05-09 21:06:51,rb2306,rb2306,3657.0,0.0,0.0,0.0,8,3655.0,3657.0,27,3657.0,3657.0,3657.0,3642.0,602.0,21986000.0,36511
2023-05-09 21:06:52,rb2306,rb2306,3657.0,0.0,0.0,0.0,8,3655.0,3657.0,25,3657.0,3657.0,3657.0,3642.0,602.0,21986000.0,36511
2023-05-09 21:06:52,rb2306,rb2306,3657.0,0.0,0.0,0.0,8,3655.0,3658.0,57,3657.0,3657.0,3657.0,3642.0,602.0,21986000.0,36511
2023-05-09 21:06:53,rb2306,rb2306,3657.0,0.0,0.0,0.0,8,3655.0,3658.0,32,3657.0,3657.0,3657.0,3642.0,602.0,21986000.0,36511
2023-05-09 21:06:54,rb2306,rb2306,3657.0,0.0,0.0,0.0,8,3655.0,3657.0,2,3657.0,3657.0,3657.0,3642.0,602.0,21986000.0,36511
2023-05-09 21:06:54,rb2306,rb2306,3657.0,0.0,0.0,0.0,8,3655.0,3657.0,2,3657.0,3657.0,3657.0,3642.0,602.0,21986000.0,36511
2023-05-09 21:06:55,rb2306,rb2306,3657.0,0.0,0.0,0.0,8,3655.0,3657.0,2,3657.0,3657.0,3657.0,3642.0,602.0,21986000.0,36511
2023-05-09 21:06:56,rb2306,rb2306,3654.0,97.0,3544640.0,-7.0,57,3653.0,3655.0,24,3657.0,3657.0,3657.0,3642.0,699.0,25530640.0,36504
2023-05-09 21:06:56,rb2306,rb2306,3655.0,3.0,109650.0,0.0,33,3653.0,3655.0,21,3657.0,3657.0,3657.0,3642.0,702.0,25640290.0,36504
2023-05-09 21:06:57,rb2306,rb2306,3655.0,0.0,0.0,0.0,6,3654.0,3655.0,21,3657.0,3657.0,3657.0,3642.0,702.0,25640290.0,36504
2023-05-09 21:06:57,rb2306,rb2306,3655.0,0.0,0.0,0.0,6,3654.0,3655.0,21,3657.0,3657.0,3657.0,3642.0,702.0,25640290.0,36504
2023-05-09 21:06:58,rb2306,rb2306,3655.0,0.0,0.0,0.0,6,3654.0,3655.0,21,3657.0,3657.0,3657.0,3642.0,702.0,25640290.0,36504
2023-05-09 21:06:59,rb2306,rb2306,3655.0,6.0,219300.0,-6.0,6,3654.0,3655.0,15,3657.0,3657.0,3657.0,3642.0,708.0,25859590.0,36498
2023-05-09 21:06:59,rb2306,rb2306,3655.0,1.0,36550.0,-1.0,6,3654.0,3655.0,14,3657.0,3657.0,3657.0,3642.0,709.0,25896140.0,36497
2023-05-09 21:07:00,rb2306,rb2306,3655.0,2.0,73100.0,0.0,6,3654.0,3655.0,12,3657.0,3657.0,3657.0,3642.0,711.0,25969240.0,36497
2023-05-09 21:07:01,rb2306,rb2306,3655.0,0.0,0.0,0.0,6,3654.0,3655.0,12,3657.0,3657.0,3657.0,3642.0,711.0,25969240.0,36497
2023-05-09 21:07:02,rb2306,rb2306,3654.0,6.0,219240.0,5.0,8,3653.0,3655.0,37,3657.0,3657.0,3657.0,3642.0,717.0,26188480.0,36502
2023-05-09 21:07:02,rb2306,rb2306,3654.0,0.0,0.0,0.0,7,3653.0,3655.0,37,3657.0,3657.0,3657.0,3642.0,717.0,26188480.0,36502
2023-05-09 21:07:03,rb2306,rb2306,3654.0,0.0,0.0,0.0,6,3653.0,3655.0,37,3657.0,3657.0,3657.0,3642.0,717.0,26188480.0,36502
2023-05-09 21:07:05,rb2306,rb2306,3654.0,0.0,0.0,0.0,6,3653.0,3654.0,5,3657.0,3657.0,3657.0,3642.0,717.0,26188480.0,36502
2023-05-09 21:07:05,rb2306,rb2306,3653.0,5.0,182650.0,5.0,1,3653.0,3655.0,37,3657.0,3657.0,3657.0,3642.0,722.0,26371130.0,36507
2023-05-09 21:07:06,rb2306,rb2306,3653.0,0.0,0.0,0.0,1,3653.0,3655.0,43,3657.0,3657.0,3657.0,3642.0,722.0,26371130.0,36507
2023-05-09 21:07:06,rb2306,rb2306,3653.0,0.0,0.0,0.0,1,3653.0,3655.0,43,3657.0,3657.0,3657.0,3642.0,722.0,26371130.0,36507
2023-05-09 21:07:07,rb2306,rb2306,3653.0,0.0,0.0,0.0,2,3653.0,3654.0,6,3657.0,3657.0,3657.0,3642.0,722.0,26371130.0,36507
2023-05-09 21:07:07,rb2306,rb2306,3653.0,0.0,0.0,0.0,2,3653.0,3654.0,6,3657.0,3657.0,3657.0,3642.0,722.0,26371130.0,36507
2023-05-09 21:07:08,rb2306,rb2306,3653.0,0.0,0.0,0.0,2,3653.0,3654.0,6,3657.0,3657.0,3657.0,3642.0,722.0,26371130.0,36507
2023-05-09 21:07:08,rb2306,rb2306,3653.0,0.0,0.0,0.0,1,3653.0,3654.0,6,3657.0,3657.0,3657.0,3642.0,722.0,26371130.0,36507
2023-05-09 21:07:09,rb2306,rb2306,3653.0,0.0,0.0,0.0,7,3652.0,3654.0,6,3657.0,3657.0,3657.0,3642.0,722.0,26371130.0,36507
2023-05-09 21:07:10,rb2306,rb2306,3653.0,0.0,0.0,0.0,7,3652.0,3654.0,31,3657.0,3657.0,3657.0,3642.0,722.0,26371130.0,36507
2023-05-09 21:07:10,rb2306,rb2306,3653.0,0.0,0.0,0.0,7,3652.0,3654.0,31,3657.0,3657.0,3657.0,3642.0,722.0,26371130.0,36507
2023-05-09 21:07:11,rb2306,rb2306,3653.0,0.0,0.0,0.0,7,3652.0,3653.0,6,3657.0,3657.0,3657.0,3642.0,722.0,26371130.0,36507
2023-05-09 21:07:11,rb2306,rb2306,3652.0,7.0,255640.0,-1.0,6,3651.0,3653.0,31,3657.0,3657.0,3657.0,3642.0,729.0,26626770.0,36506
2023-05-09 21:07:12,rb2306,rb2306,3652.0,0.0,0.0,0.0,7,3651.0,3653.0,31,3657.0,3657.0,3657.0,3642.0,729.0,26626770.0,36506
2023-05-09 21:07:14,rb2306,rb2306,3652.0,0.0,0.0,0.0,7,3651.0,3653.0,6,3657.0,3657.0,3657.0,3642.0,729.0,26626770.0,36506
2023-05-09 21:07:14,rb2306,rb2306,3652.0,0.0,0.0,0.0,7,3651.0,3653.0,6,3657.0,3657.0,3657.0,3642.0,729.0,26626770.0,36506
2023-05-09 21:07:15,rb2306,rb2306,3652.0,0.0,0.0,0.0,7,3651.0,3653.0,31,3657.0,3657.0,3657.0,3642.0,729.0,26626770.0,36506
2023-05-09 21:07:15,rb2306,rb2306,3652.0,0.0,0.0,0.0,7,3651.0,3653.0,56,3657.0,3657.0,3657.0,3642.0,729.0,26626770.0,36506
2023-05-09 21:07:16,rb2306,rb2306,3652.0,0.0,0.0,0.0,7,3651.0,3653.0,31,3657.0,3657.0,3657.0,3642.0,729.0,26626770.0,36506
2023-05-09 21:07:16,rb2306,rb2306,3652.0,0.0,0.0,0.0,7,3651.0,3653.0,31,3657.0,3657.0,3657.0,3642.0,729.0,26626770.0,36506
2023-05-09 21:07:17,rb2306,rb2306,3652.0,0.0,0.0,0.0,7,3651.0,3653.0,31,3657.0,3657.0,3657.0,3642.0,729.0,26626770.0,36506
2023-05-09 21:07:17,rb2306,rb2306,3652.0,0.0,0.0,0.0,7,3651.0,3653.0,6,3657.0,3657.0,3657.0,3642.0,729.0,26626770.0,36506
2023-05-09 21:07:18,rb2306,rb2306,3652.0,0.0,0.0,0.0,1,3652.0,3653.0,6,3657.0,3657.0,3657.0,3642.0,729.0,26626770.0,36506
2023-05-09 21:07:18,rb2306,rb2306,3652.0,0.0,0.0,0.0,7,3651.0,3653.0,6,3657.0,3657.0,3657.0,3642.0,729.0,26626770.0,36506
2023-05-09 21:07:19,rb2306,rb2306,3652.0,0.0,0.0,0.0,7,3651.0,3653.0,6,3657.0,3657.0,3657.0,3642.0,729.0,26626770.0,36506
2023-05-09 21:07:20,rb2306,rb2306,3652.0,0.0,0.0,0.0,7,3651.0,3653.0,6,3657.0,3657.0,3657.0,3642.0,729.0,26626770.0,36506
2023-05-09 21:07:20,rb2306,rb2306,3653.0,1.0,36530.0,-1.0,6,3651.0,3653.0,5,3657.0,3657.0,3657.0,3642.0,730.0,26663300.0,36505
2023-05-09 21:07:21,rb2306,rb2306,3653.0,5.0,182650.0,-5.0,7,3651.0,3654.0,57,3657.0,3657.0,3657.0,3642.0,735.0,26845950.0,36500
2023-05-09 21:07:21,rb2306,rb2306,3653.0,0.0,0.0,0.0,6,3652.0,3654.0,57,3657.0,3657.0,3657.0,3642.0,735.0,26845950.0,36500
2023-05-09 21:07:22,rb2306,rb2306,3653.0,0.0,0.0,0.0,6,3652.0,3654.0,57,3657.0,3657.0,3657.0,3642.0,735.0,26845950.0,36500
2023-05-09 21:07:22,rb2306,rb2306,3653.0,0.0,0.0,0.0,7,3652.0,3654.0,57,3657.0,3657.0,3657.0,3642.0,735.0,26845950.0,36500
2023-05-09 21:07:23,rb2306,rb2306,3653.0,0.0,0.0,0.0,7,3652.0,3654.0,32,3657.0,3657.0,3657.0,3642.0,735.0,26845950.0,36500
2023-05-09 21:07:23,rb2306,rb2306,3653.0,0.0,0.0,0.0,7,3652.0,3654.0,32,3657.0,3657.0,3657.0,3642.0,735.0,26845950.0,36500
2023-05-09 21:07:24,rb2306,rb2306,3653.0,0.0,0.0,0.0,7,3652.0,3654.0,32,3657.0,3657.0,3657.0,3642.0,735.0,26845950.0,36500
2023-05-09 21:07:24,rb2306,rb2306,3653.0,0.0,0.0,0.0,7,3652.0,3654.0,32,3657.0,3657.0,3657.0,3642.0,735.0,26845950.0,36500
2023-05-09 21:07:25,rb2306,rb2306,3653.0,0.0,0.0,0.0,7,3652.0,3654.0,32,3657.0,3657.0,3657.0,3642.0,735.0,26845950.0,36500
2023-05-09 21:07:25,rb2306,rb2306,3653.0,0.0,0.0,0.0,7,3652.0,3654.0,6,3657.0,3657.0,3657.0,3642.0,735.0,26845950.0,36500
2023-05-09 21:07:26,rb2306,rb2306,3653.0,0.0,0.0,0.0,7,3652.0,3654.0,31,3657.0,3657.0,3657.0,3642.0,735.0,26845950.0,36500
2023-05-09 21:07:26,rb2306,rb2306,3653.0,0.0,0.0,0.0,7,3652.0,3654.0,31,3657.0,3657.0,3657.0,3642.0,735.0,26845950.0,36500
2023-05-09 21:07:27,rb2306,rb2306,3653.0,0.0,0.0,0.0,6,3653.0,3654.0,56,3657.0,3657.0,3657.0,3642.0,735.0,26845950.0,36500
2023-05-09 21:07:27,rb2306,rb2306,3653.0,6.0,219180.0,0.0,7,3652.0,3654.0,31,3657.0,3657.0,3657.0,3642.0,741.0,27065130.0,36500
2023-05-09 21:07:28,rb2306,rb2306,3653.0,0.0,0.0,0.0,7,3652.0,3654.0,31,3657.0,3657.0,3657.0,3642.0,741.0,27065130.0,36500
2023-05-09 21:07:28,rb2306,rb2306,3653.0,0.0,0.0,0.0,7,3652.0,3654.0,32,3657.0,3657.0,3657.0,3642.0,741.0,27065130.0,36500
2023-05-09 21:07:29,rb2306,rb2306,3653.0,0.0,0.0,0.0,7,3652.0,3653.0,6,3657.0,3657.0,3657.0,3642.0,741.0,27065130.0,36500
2023-05-09 21:07:29,rb2306,rb2306,3653.0,0.0,0.0,0.0,7,3652.0,3653.0,31,3657.0,3657.0,3657.0,3642.0,741.0,27065130.0,36500
2023-05-09 21:07:30,rb2306,rb2306,3652.0,7.0,255640.0,-1.0,2,3652.0,3653.0,31,3657.0,3657.0,3657.0,3642.0,748.0,27320770.0,36499
2023-05-09 21:07:30,rb2306,rb2306,3652.0,0.0,0.0,0.0,2,3652.0,3653.0,31,3657.0,3657.0,3657.0,3642.0,748.0,27320770.0,36499
2023-05-09 21:07:31,rb2306,rb2306,3652.0,2.0,73040.0,0.0,6,3651.0,3653.0,31,3657.0,3657.0,3657.0,3642.0,750.0,27393810.0,36499
2023-05-09 21:07:31,rb2306,rb2306,3652.0,0.0,0.0,0.0,7,3651.0,3653.0,31,3657.0,3657.0,3657.0,3642.0,750.0,27393810.0,36499
2023-05-09 21:07:32,rb2306,rb2306,3652.0,0.0,0.0,0.0,7,3651.0,3653.0,6,3657.0,3657.0,3657.0,3642.0,750.0,27393810.0,36499
2023-05-09 21:07:32,rb2306,rb2306,3652.0,0.0,0.0,0.0,7,3651.0,3653.0,6,3657.0,3657.0,3657.0,3642.0,750.0,27393810.0,36499
2023-05-09 21:07:33,rb2306,rb2306,3652.0,0.0,0.0,0.0,1,3652.0,3653.0,6,3657.0,3657.0,3657.0,3642.0,750.0,27393810.0,36499
2023-05-09 21:07:33,rb2306,rb2306,3652.0,0.0,0.0,0.0,1,3652.0,3653.0,6,3657.0,3657.0,3657.0,3642.0,750.0,27393810.0,36499
2023-05-09 21:07:34,rb2306,rb2306,3652.0,0.0,0.0,0.0,1,3652.0,3653.0,6,3657.0,3657.0,3657.0,3642.0,750.0,27393810.0,36499
2023-05-09 21:07:34,rb2306,rb2306,3650.0,12.0,438080.0,-1.0,46,3650.0,3653.0,6,3657.0,3657.0,3657.0,3642.0,762.0,27831890.0,36498
2023-05-09 21:07:35,rb2306,rb2306,3650.0,0.0,0.0,0.0,1,3652.0,3653.0,6,3657.0,3657.0,3657.0,3642.0,762.0,27831890.0,36498
2023-05-09 21:07:35,rb2306,rb2306,3652.0,1.0,36520.0,-1.0,1,3651.0,3653.0,31,3657.0,3657.0,3657.0,3642.0,763.0,27868410.0,36497
2023-05-09 21:07:36,rb2306,rb2306,3652.0,0.0,0.0,0.0,2,3651.0,3653.0,31,3657.0,3657.0,3657.0,3642.0,763.0,27868410.0,36497
2023-05-09 21:07:36,rb2306,rb2306,3652.0,0.0,0.0,0.0,1,3651.0,3653.0,31,3657.0,3657.0,3657.0,3642.0,763.0,27868410.0,36497
2023-05-09 21:07:37,rb2306,rb2306,3652.0,0.0,0.0,0.0,2,3651.0,3653.0,31,3657.0,3657.0,3657.0,3642.0,763.0,27868410.0,36497
2023-05-09 21:07:38,rb2306,rb2306,3652.0,0.0,0.0,0.0,2,3651.0,3652.0,1,3657.0,3657.0,3657.0,3642.0,763.0,27868410.0,36497
2023-05-09 21:07:38,rb2306,rb2306,3652.0,1.0,36520.0,-1.0,1,3651.0,3653.0,31,3657.0,3657.0,3657.0,3642.0,764.0,27904930.0,36496
2023-05-09 21:07:39,rb2306,rb2306,3652.0,0.0,0.0,0.0,1,3652.0,3653.0,6,3657.0,3657.0,3657.0,3642.0,764.0,27904930.0,36496
2023-05-09 21:07:39,rb2306,rb2306,3652.0,1.0,36520.0,-1.0,1,3651.0,3653.0,6,3657.0,3657.0,3657.0,3642.0,765.0,27941450.0,36495
2023-05-09 21:07:40,rb2306,rb2306,3652.0,0.0,0.0,0.0,2,3651.0,3652.0,1,3657.0,3657.0,3657.0,3642.0,765.0,27941450.0,36495
2023-05-09 21:07:40,rb2306,rb2306,3651.0,2.0,73030.0,-2.0,1,3651.0,3653.0,6,3657.0,3657.0,3657.0,3642.0,767.0,28014480.0,36493
2023-05-09 21:07:41,rb2306,rb2306,3651.0,0.0,0.0,0.0,1,3651.0,3653.0,31,3657.0,3657.0,3657.0,3642.0,767.0,28014480.0,36493
2023-05-09 21:07:41,rb2306,rb2306,3651.0,0.0,0.0,0.0,1,3651.0,3652.0,6,3657.0,3657.0,3657.0,3642.0,767.0,28014480.0,36493
2023-05-09 21:07:42,rb2306,rb2306,3651.0,0.0,0.0,0.0,1,3651.0,3652.0,6,3657.0,3657.0,3657.0,3642.0,767.0,28014480.0,36493
2023-05-09 21:07:42,rb2306,rb2306,3651.0,0.0,0.0,0.0,1,3651.0,3652.0,6,3657.0,3657.0,3657.0,3642.0,767.0,28014480.0,36493
2023-05-09 21:07:43,rb2306,rb2306,3651.0,0.0,0.0,0.0,1,3651.0,3652.0,6,3657.0,3657.0,3657.0,3642.0,767.0,28014480.0,36493
2023-05-09 21:07:43,rb2306,rb2306,3651.0,1.0,36510.0,-1.0,6,3650.0,3652.0,6,3657.0,3657.0,3657.0,3642.0,768.0,28050990.0,36492
2023-05-09 21:07:44,rb2306,rb2306,3651.0,0.0,0.0,0.0,1,3651.0,3652.0,6,3657.0,3657.0,3657.0,3642.0,768.0,28050990.0,36492
2023-05-09 21:07:44,rb2306,rb2306,3651.0,0.0,0.0,0.0,1,3651.0,3652.0,6,3657.0,3657.0,3657.0,3642.0,768.0,28050990.0,36492
2023-05-09 21:07:45,rb2306,rb2306,3651.0,0.0,0.0,0.0,1,3651.0,3652.0,6,3657.0,3657.0,3657.0,3642.0,768.0,28050990.0,36492
2023-05-09 21:07:46,rb2306,rb2306,3651.0,6.0,219060.0,-1.0,6,3650.0,3652.0,6,3657.0,3657.0,3657.0,3642.0,774.0,28270050.0,36491
2023-05-09 21:07:47,rb2306,rb2306,3651.0,0.0,0.0,0.0,7,3650.0,3652.0,6,3657.0,3657.0,3657.0,3642.0,774.0,28270050.0,36491
2023-05-09 21:07:47,rb2306,rb2306,3651.0,0.0,0.0,0.0,7,3650.0,3652.0,31,3657.0,3657.0,3657.0,3642.0,774.0,28270050.0,36491
2023-05-09 21:07:48,rb2306,rb2306,3651.0,0.0,0.0,0.0,7,3650.0,3652.0,31,3657.0,3657.0,3657.0,3642.0,774.0,28270050.0,36491
2023-05-09 21:07:49,rb2306,rb2306,3651.0,0.0,0.0,0.0,1,3650.0,3652.0,6,3657.0,3657.0,3657.0,3642.0,774.0,28270050.0,36491
2023-05-09 21:07:49,rb2306,rb2306,3651.0,0.0,0.0,0.0,1,3650.0,3651.0,6,3657.0,3657.0,3657.0,3642.0,774.0,28270050.0,36491
2023-05-09 21:07:50,rb2306,rb2306,3651.0,0.0,0.0,0.0,1,3650.0,3651.0,6,3657.0,3657.0,3657.0,3642.0,774.0,28270050.0,36491
2023-05-09 21:07:50,rb2306,rb2306,3651.0,0.0,0.0,0.0,1,3650.0,3651.0,6,3657.0,3657.0,3657.0,3642.0,774.0,28270050.0,36491
2023-05-09 21:07:51,rb2306,rb2306,3651.0,0.0,0.0,0.0,1,3650.0,3651.0,6,3657.0,3657.0,3657.0,3642.0,774.0,28270050.0,36491
2023-05-09 21:07:51,rb2306,rb2306,3650.0,1.0,36500.0,-1.0,7,3649.0,3650.0,1,3657.0,3657.0,3657.0,3642.0,775.0,28306550.0,36490
2023-05-09 21:07:52,rb2306,rb2306,3650.0,1.0,36500.0,-1.0,7,3649.0,3651.0,6,3657.0,3657.0,3657.0,3642.0,776.0,28343050.0,36489
2023-05-09 21:07:52,rb2306,rb2306,3650.0,0.0,0.0,0.0,2,3649.0,3651.0,57,3657.0,3657.0,3657.0,3642.0,776.0,28343050.0,36489
2023-05-09 21:07:53,rb2306,rb2306,3650.0,0.0,0.0,0.0,8,3649.0,3651.0,51,3657.0,3657.0,3657.0,3642.0,776.0,28343050.0,36489
2023-05-09 21:07:53,rb2306,rb2306,3650.0,0.0,0.0,0.0,6,3650.0,3651.0,1,3657.0,3657.0,3657.0,3642.0,776.0,28343050.0,36489
2023-05-09 21:07:54,rb2306,rb2306,3651.0,1.0,36510.0,-1.0,6,3650.0,3652.0,56,3657.0,3657.0,3657.0,3642.0,777.0,28379560.0,36488
2023-05-09 21:07:54,rb2306,rb2306,3651.0,0.0,0.0,0.0,7,3650.0,3652.0,6,3657.0,3657.0,3657.0,3642.0,777.0,28379560.0,36488
2023-05-09 21:07:55,rb2306,rb2306,3651.0,0.0,0.0,0.0,7,3651.0,3652.0,6,3657.0,3657.0,3657.0,3642.0,777.0,28379560.0,36488
2023-05-09 21:07:55,rb2306,rb2306,3652.0,4.0,146080.0,-4.0,7,3651.0,3652.0,2,3657.0,3657.0,3657.0,3642.0,781.0,28525640.0,36484
2023-05-09 21:07:56,rb2306,rb2306,3652.0,0.0,0.0,0.0,6,3651.0,3652.0,2,3657.0,3657.0,3657.0,3642.0,781.0,28525640.0,36484
2023-05-09 21:07:57,rb2306,rb2306,3652.0,0.0,0.0,0.0,7,3651.0,3652.0,2,3657.0,3657.0,3657.0,3642.0,781.0,28525640.0,36484
2023-05-09 21:07:58,rb2306,rb2306,3652.0,0.0,0.0,0.0,7,3651.0,3652.0,2,3657.0,3657.0,3657.0,3642.0,781.0,28525640.0,36484
2023-05-09 21:07:58,rb2306,rb2306,3652.0,0.0,0.0,0.0,7,3651.0,3653.0,50,3657.0,3657.0,3657.0,3642.0,781.0,28525640.0,36484
2023-05-09 21:07:59,rb2306,rb2306,3652.0,0.0,0.0,0.0,7,3651.0,3654.0,108,3657.0,3657.0,3657.0,3642.0,781.0,28525640.0,36484
2023-05-09 21:07:59,rb2306,rb2306,3652.0,0.0,0.0,0.0,7,3651.0,3654.0,57,3657.0,3657.0,3657.0,3642.0,781.0,28525640.0,36484
2023-05-09 21:08:00,rb2306,rb2306,3652.0,0.0,0.0,0.0,7,3651.0,3654.0,57,3657.0,3657.0,3657.0,3642.0,781.0,28525640.0,36484
2023-05-09 21:08:00,rb2306,rb2306,3652.0,0.0,0.0,0.0,7,3651.0,3654.0,32,3657.0,3657.0,3657.0,3642.0,781.0,28525640.0,36484
2023-05-09 21:08:01,rb2306,rb2306,3652.0,0.0,0.0,0.0,7,3651.0,3654.0,32,3657.0,3657.0,3657.0,3642.0,781.0,28525640.0,36484
2023-05-09 21:08:01,rb2306,rb2306,3652.0,0.0,0.0,0.0,7,3651.0,3654.0,57,3657.0,3657.0,3657.0,3642.0,781.0,28525640.0,36484
2023-05-09 21:08:02,rb2306,rb2306,3652.0,0.0,0.0,0.0,7,3651.0,3654.0,57,3657.0,3657.0,3657.0,3642.0,781.0,28525640.0,36484
2023-05-09 21:08:02,rb2306,rb2306,3652.0,0.0,0.0,0.0,7,3651.0,3654.0,57,3657.0,3657.0,3657.0,3642.0,781.0,28525640.0,36484
2023-05-09 21:08:04,rb2306,rb2306,3652.0,0.0,0.0,0.0,7,3651.0,3654.0,57,3657.0,3657.0,3657.0,3642.0,781.0,28525640.0,36484
2023-05-09 21:08:04,rb2306,rb2306,3652.0,0.0,0.0,0.0,7,3651.0,3654.0,32,3657.0,3657.0,3657.0,3642.0,781.0,28525640.0,36484
2023-05-09 21:08:05,rb2306,rb2306,3652.0,0.0,0.0,0.0,1,3652.0,3654.0,32,3657.0,3657.0,3657.0,3642.0,781.0,28525640.0,36484
2023-05-09 21:08:06,rb2306,rb2306,3652.0,0.0,0.0,0.0,1,3652.0,3654.0,31,3657.0,3657.0,3657.0,3642.0,781.0,28525640.0,36484
2023-05-09 21:08:06,rb2306,rb2306,3652.0,0.0,0.0,0.0,7,3652.0,3653.0,3,3657.0,3657.0,3657.0,3642.0,781.0,28525640.0,36484
2023-05-09 21:08:07,rb2306,rb2306,3652.0,0.0,0.0,0.0,7,3652.0,3653.0,3,3657.0,3657.0,3657.0,3642.0,781.0,28525640.0,36484
2023-05-09 21:08:08,rb2306,rb2306,3652.0,0.0,0.0,0.0,7,3652.0,3653.0,3,3657.0,3657.0,3657.0,3642.0,781.0,28525640.0,36484
2023-05-09 21:08:09,rb2306,rb2306,3652.0,0.0,0.0,0.0,7,3652.0,3653.0,3,3657.0,3657.0,3657.0,3642.0,781.0,28525640.0,36484
2023-05-09 21:08:09,rb2306,rb2306,3652.0,0.0,0.0,0.0,7,3652.0,3653.0,3,3657.0,3657.0,3657.0,3642.0,781.0,28525640.0,36484
2023-05-09 21:08:10,rb2306,rb2306,3652.0,0.0,0.0,0.0,7,3652.0,3653.0,3,3657.0,3657.0,3657.0,3642.0,781.0,28525640.0,36484
2023-05-09 21:08:11,rb2306,rb2306,3652.0,0.0,0.0,0.0,7,3652.0,3653.0,3,3657.0,3657.0,3657.0,3642.0,781.0,28525640.0,36484
2023-05-09 21:08:12,rb2306,rb2306,3652.0,1.0,36520.0,-1.0,6,3652.0,3653.0,3,3657.0,3657.0,3657.0,3642.0,782.0,28562160.0,36483
2023-05-09 21:08:12,rb2306,rb2306,3652.0,0.0,0.0,0.0,7,3652.0,3653.0,3,3657.0,3657.0,3657.0,3642.0,782.0,28562160.0,36483
2023-05-09 21:08:14,rb2306,rb2306,3652.0,0.0,0.0,0.0,7,3652.0,3653.0,3,3657.0,3657.0,3657.0,3642.0,782.0,28562160.0,36483
2023-05-09 21:08:14,rb2306,rb2306,3652.0,0.0,0.0,0.0,7,3652.0,3653.0,3,3657.0,3657.0,3657.0,3642.0,782.0,28562160.0,36483
2023-05-09 21:08:15,rb2306,rb2306,3652.0,0.0,0.0,0.0,7,3652.0,3653.0,3,3657.0,3657.0,3657.0,3642.0,782.0,28562160.0,36483
2023-05-09 21:08:16,rb2306,rb2306,3653.0,3.0,109590.0,-3.0,5,3653.0,3654.0,6,3657.0,3657.0,3657.0,3642.0,785.0,28671750.0,36480
2023-05-09 21:08:16,rb2306,rb2306,3653.0,0.0,0.0,0.0,7,3652.0,3654.0,6,3657.0,3657.0,3657.0,3642.0,785.0,28671750.0,36480
2023-05-09 21:08:17,rb2306,rb2306,3653.0,0.0,0.0,0.0,7,3652.0,3654.0,6,3657.0,3657.0,3657.0,3642.0,785.0,28671750.0,36480
2023-05-09 21:08:17,rb2306,rb2306,3653.0,0.0,0.0,0.0,7,3652.0,3655.0,69,3657.0,3657.0,3657.0,3642.0,785.0,28671750.0,36480
2023-05-09 21:08:18,rb2306,rb2306,3655.0,15.0,548250.0,0.0,6,3653.0,3655.0,53,3657.0,3657.0,3657.0,3642.0,800.0,29220000.0,36480
2023-05-09 21:08:19,rb2306,rb2306,3655.0,0.0,0.0,0.0,6,3653.0,3655.0,53,3657.0,3657.0,3657.0,3642.0,800.0,29220000.0,36480
2023-05-09 21:08:19,rb2306,rb2306,3655.0,0.0,0.0,0.0,6,3653.0,3655.0,28,3657.0,3657.0,3657.0,3642.0,800.0,29220000.0,36480
2023-05-09 21:08:20,rb2306,rb2306,3655.0,0.0,0.0,0.0,6,3653.0,3655.0,28,3657.0,3657.0,3657.0,3642.0,800.0,29220000.0,36480
2023-05-09 21:08:21,rb2306,rb2306,3655.0,0.0,0.0,0.0,6,3653.0,3655.0,28,3657.0,3657.0,3657.0,3642.0,800.0,29220000.0,36480
2023-05-09 21:08:22,rb2306,rb2306,3655.0,0.0,0.0,0.0,6,3653.0,3655.0,28,3657.0,3657.0,3657.0,3642.0,800.0,29220000.0,36480
2023-05-09 21:08:22,rb2306,rb2306,3655.0,0.0,0.0,0.0,6,3653.0,3655.0,28,3657.0,3657.0,3657.0,3642.0,800.0,29220000.0,36480
2023-05-09 21:08:24,rb2306,rb2306,3655.0,2.0,73100.0,-2.0,6,3653.0,3655.0,26,3657.0,3657.0,3657.0,3642.0,802.0,29293100.0,36478
2023-05-09 21:08:26,rb2306,rb2306,3655.0,0.0,0.0,0.0,6,3653.0,3655.0,26,3657.0,3657.0,3657.0,3642.0,802.0,29293100.0,36478
2023-05-09 21:08:26,rb2306,rb2306,3655.0,0.0,0.0,0.0,6,3653.0,3655.0,1,3657.0,3657.0,3657.0,3642.0,802.0,29293100.0,36478
2023-05-09 21:08:27,rb2306,rb2306,3655.0,1.0,36550.0,0.0,6,3653.0,3656.0,51,3657.0,3657.0,3657.0,3642.0,803.0,29329650.0,36478
2023-05-09 21:08:27,rb2306,rb2306,3655.0,0.0,0.0,0.0,7,3653.0,3656.0,51,3657.0,3657.0,3657.0,3642.0,803.0,29329650.0,36478
2023-05-09 21:08:28,rb2306,rb2306,3655.0,0.0,0.0,0.0,6,3654.0,3656.0,50,3657.0,3657.0,3657.0,3642.0,803.0,29329650.0,36478
2023-05-09 21:08:28,rb2306,rb2306,3655.0,0.0,0.0,0.0,6,3654.0,3656.0,50,3657.0,3657.0,3657.0,3642.0,803.0,29329650.0,36478
2023-05-09 21:08:29,rb2306,rb2306,3655.0,0.0,0.0,0.0,6,3654.0,3656.0,25,3657.0,3657.0,3657.0,3642.0,803.0,29329650.0,36478
2023-05-09 21:08:29,rb2306,rb2306,3655.0,0.0,0.0,0.0,6,3654.0,3657.0,83,3657.0,3657.0,3657.0,3642.0,803.0,29329650.0,36478
2023-05-09 21:08:30,rb2306,rb2306,3655.0,0.0,0.0,0.0,6,3654.0,3657.0,33,3657.0,3657.0,3657.0,3642.0,803.0,29329650.0,36478
2023-05-09 21:08:31,rb2306,rb2306,3657.0,2.0,73140.0,0.0,6,3654.0,3657.0,31,3657.0,3657.0,3657.0,3642.0,805.0,29402790.0,36478
2023-05-09 21:08:31,rb2306,rb2306,3657.0,0.0,0.0,0.0,6,3655.0,3657.0,31,3657.0,3657.0,3657.0,3642.0,805.0,29402790.0,36478
2023-05-09 21:08:32,rb2306,rb2306,3657.0,0.0,0.0,0.0,6,3655.0,3656.0,6,3657.0,3657.0,3657.0,3642.0,805.0,29402790.0,36478
2023-05-09 21:08:32,rb2306,rb2306,3656.0,1.0,36560.0,-1.0,8,3654.0,3656.0,30,3657.0,3657.0,3657.0,3642.0,806.0,29439350.0,36477
2023-05-09 21:08:33,rb2306,rb2306,3656.0,0.0,0.0,0.0,8,3654.0,3656.0,30,3657.0,3657.0,3657.0,3642.0,806.0,29439350.0,36477
2023-05-09 21:08:33,rb2306,rb2306,3656.0,0.0,0.0,0.0,8,3654.0,3656.0,30,3657.0,3657.0,3657.0,3642.0,806.0,29439350.0,36477
2023-05-09 21:08:34,rb2306,rb2306,3656.0,0.0,0.0,0.0,8,3654.0,3656.0,30,3657.0,3657.0,3657.0,3642.0,806.0,29439350.0,36477
2023-05-09 21:08:35,rb2306,rb2306,3656.0,0.0,0.0,0.0,11,3654.0,3656.0,30,3657.0,3657.0,3657.0,3642.0,806.0,29439350.0,36477
2023-05-09 21:08:36,rb2306,rb2306,3656.0,0.0,0.0,0.0,11,3654.0,3656.0,30,3657.0,3657.0,3657.0,3642.0,806.0,29439350.0,36477
2023-05-09 21:08:37,rb2306,rb2306,3656.0,0.0,0.0,0.0,11,3654.0,3656.0,30,3657.0,3657.0,3657.0,3642.0,806.0,29439350.0,36477
2023-05-09 21:08:37,rb2306,rb2306,3656.0,0.0,0.0,0.0,11,3654.0,3656.0,25,3657.0,3657.0,3657.0,3642.0,806.0,29439350.0,36477
2023-05-09 21:08:38,rb2306,rb2306,3656.0,0.0,0.0,0.0,11,3654.0,3657.0,81,3657.0,3657.0,3657.0,3642.0,806.0,29439350.0,36477
2023-05-09 21:08:38,rb2306,rb2306,3656.0,0.0,0.0,0.0,11,3654.0,3657.0,31,3657.0,3657.0,3657.0,3642.0,806.0,29439350.0,36477
2023-05-09 21:08:39,rb2306,rb2306,3656.0,0.0,0.0,0.0,11,3654.0,3657.0,31,3657.0,3657.0,3657.0,3642.0,806.0,29439350.0,36477
2023-05-09 21:08:40,rb2306,rb2306,3656.0,0.0,0.0,0.0,11,3654.0,3657.0,31,3657.0,3657.0,3657.0,3642.0,806.0,29439350.0,36477
2023-05-09 21:08:40,rb2306,rb2306,3656.0,0.0,0.0,0.0,11,3654.0,3657.0,31,3657.0,3657.0,3657.0,3642.0,806.0,29439350.0,36477
2023-05-09 21:08:42,rb2306,rb2306,3656.0,0.0,0.0,0.0,11,3654.0,3657.0,31,3657.0,3657.0,3657.0,3642.0,806.0,29439350.0,36477
2023-05-09 21:08:43,rb2306,rb2306,3656.0,0.0,0.0,0.0,11,3654.0,3657.0,31,3657.0,3657.0,3657.0,3642.0,806.0,29439350.0,36477
2023-05-09 21:08:44,rb2306,rb2306,3656.0,0.0,0.0,0.0,11,3654.0,3657.0,56,3657.0,3657.0,3657.0,3642.0,806.0,29439350.0,36477
2023-05-09 21:08:45,rb2306,rb2306,3656.0,0.0,0.0,0.0,11,3654.0,3657.0,56,3657.0,3657.0,3657.0,3642.0,806.0,29439350.0,36477
2023-05-09 21:08:46,rb2306,rb2306,3656.0,0.0,0.0,0.0,11,3654.0,3657.0,31,3657.0,3657.0,3657.0,3642.0,806.0,29439350.0,36477
2023-05-09 21:08:46,rb2306,rb2306,3656.0,0.0,0.0,0.0,11,3654.0,3657.0,31,3657.0,3657.0,3657.0,3642.0,806.0,29439350.0,36477
2023-05-09 21:08:47,rb2306,rb2306,3656.0,0.0,0.0,0.0,11,3654.0,3657.0,56,3657.0,3657.0,3657.0,3642.0,806.0,29439350.0,36477
2023-05-09 21:08:48,rb2306,rb2306,3656.0,0.0,0.0,0.0,11,3654.0,3657.0,31,3657.0,3657.0,3657.0,3642.0,806.0,29439350.0,36477
2023-05-09 21:08:49,rb2306,rb2306,3656.0,0.0,0.0,0.0,1,3655.0,3657.0,31,3657.0,3657.0,3657.0,3642.0,806.0,29439350.0,36477
2023-05-09 21:08:50,rb2306,rb2306,3656.0,0.0,0.0,0.0,1,3655.0,3657.0,31,3657.0,3657.0,3657.0,3642.0,806.0,29439350.0,36477
2023-05-09 21:08:50,rb2306,rb2306,3656.0,0.0,0.0,0.0,1,3655.0,3657.0,6,3657.0,3657.0,3657.0,3642.0,806.0,29439350.0,36477
2023-05-09 21:08:52,rb2306,rb2306,3656.0,0.0,0.0,0.0,1,3655.0,3657.0,6,3657.0,3657.0,3657.0,3642.0,806.0,29439350.0,36477
2023-05-09 21:08:53,rb2306,rb2306,3656.0,0.0,0.0,0.0,1,3655.0,3657.0,5,3657.0,3657.0,3657.0,3642.0,806.0,29439350.0,36477
2023-05-09 21:08:53,rb2306,rb2306,3656.0,0.0,0.0,0.0,1,3655.0,3657.0,25,3657.0,3657.0,3657.0,3642.0,806.0,29439350.0,36477
2023-05-09 21:08:54,rb2306,rb2306,3656.0,0.0,0.0,0.0,2,3655.0,3658.0,76,3657.0,3657.0,3657.0,3642.0,806.0,29439350.0,36477
2023-05-09 21:08:54,rb2306,rb2306,3656.0,0.0,0.0,0.0,2,3655.0,3658.0,32,3657.0,3657.0,3657.0,3642.0,806.0,29439350.0,36477
2023-05-09 21:08:55,rb2306,rb2306,3656.0,0.0,0.0,0.0,2,3655.0,3658.0,57,3657.0,3657.0,3657.0,3642.0,806.0,29439350.0,36477
2023-05-09 21:08:56,rb2306,rb2306,3656.0,0.0,0.0,0.0,2,3655.0,3658.0,32,3657.0,3657.0,3657.0,3642.0,806.0,29439350.0,36477
2023-05-09 21:08:56,rb2306,rb2306,3656.0,0.0,0.0,0.0,2,3655.0,3658.0,32,3657.0,3657.0,3657.0,3642.0,806.0,29439350.0,36477
2023-05-09 21:08:57,rb2306,rb2306,3656.0,0.0,0.0,0.0,2,3655.0,3658.0,32,3657.0,3657.0,3657.0,3642.0,806.0,29439350.0,36477
2023-05-09 21:08:59,rb2306,rb2306,3656.0,0.0,0.0,0.0,8,3655.0,3658.0,32,3657.0,3657.0,3657.0,3642.0,806.0,29439350.0,36477
2023-05-09 21:08:59,rb2306,rb2306,3656.0,0.0,0.0,0.0,8,3655.0,3658.0,32,3657.0,3657.0,3657.0,3642.0,806.0,29439350.0,36477
2023-05-09 21:09:01,rb2306,rb2306,3656.0,0.0,0.0,0.0,8,3655.0,3658.0,33,3657.0,3657.0,3657.0,3642.0,806.0,29439350.0,36477
2023-05-09 21:09:02,rb2306,rb2306,3656.0,0.0,0.0,0.0,8,3655.0,3658.0,33,3657.0,3657.0,3657.0,3642.0,806.0,29439350.0,36477
2023-05-09 21:09:02,rb2306,rb2306,3656.0,0.0,0.0,0.0,8,3655.0,3658.0,33,3657.0,3657.0,3657.0,3642.0,806.0,29439350.0,36477
2023-05-09 21:09:04,rb2306,rb2306,3656.0,0.0,0.0,0.0,8,3655.0,3657.0,1,3657.0,3657.0,3657.0,3642.0,806.0,29439350.0,36477
2023-05-09 21:09:05,rb2306,rb2306,3657.0,1.0,36570.0,-1.0,8,3655.0,3657.0,31,3657.0,3657.0,3657.0,3642.0,807.0,29475920.0,36476
2023-05-09 21:09:05,rb2306,rb2306,3657.0,0.0,0.0,0.0,8,3655.0,3657.0,31,3657.0,3657.0,3657.0,3642.0,807.0,29475920.0,36476
2023-05-09 21:09:07,rb2306,rb2306,3657.0,0.0,0.0,0.0,8,3655.0,3657.0,31,3657.0,3657.0,3657.0,3642.0,807.0,29475920.0,36476
2023-05-09 21:09:08,rb2306,rb2306,3657.0,0.0,0.0,0.0,8,3655.0,3657.0,31,3657.0,3657.0,3657.0,3642.0,807.0,29475920.0,36476
2023-05-09 21:09:08,rb2306,rb2306,3657.0,0.0,0.0,0.0,8,3655.0,3657.0,31,3657.0,3657.0,3657.0,3642.0,807.0,29475920.0,36476
2023-05-09 21:09:09,rb2306,rb2306,3657.0,0.0,0.0,0.0,8,3655.0,3657.0,25,3657.0,3657.0,3657.0,3642.0,807.0,29475920.0,36476
2023-05-09 21:09:09,rb2306,rb2306,3657.0,0.0,0.0,0.0,8,3655.0,3658.0,83,3657.0,3657.0,3657.0,3642.0,807.0,29475920.0,36476
2023-05-09 21:09:10,rb2306,rb2306,3657.0,0.0,0.0,0.0,8,3655.0,3658.0,33,3657.0,3657.0,3657.0,3642.0,807.0,29475920.0,36476
2023-05-09 21:09:11,rb2306,rb2306,3657.0,0.0,0.0,0.0,8,3655.0,3658.0,33,3657.0,3657.0,3657.0,3642.0,807.0,29475920.0,36476
2023-05-09 21:09:11,rb2306,rb2306,3657.0,0.0,0.0,0.0,8,3655.0,3658.0,33,3657.0,3657.0,3657.0,3642.0,807.0,29475920.0,36476
2023-05-09 21:09:12,rb2306,rb2306,3657.0,0.0,0.0,0.0,2,3656.0,3658.0,7,3657.0,3657.0,3657.0,3642.0,807.0,29475920.0,36476
2023-05-09 21:09:12,rb2306,rb2306,3657.0,0.0,0.0,0.0,2,3656.0,3658.0,7,3657.0,3657.0,3657.0,3642.0,807.0,29475920.0,36476
2023-05-09 21:09:13,rb2306,rb2306,3657.0,0.0,0.0,0.0,9,3655.0,3658.0,32,3657.0,3657.0,3657.0,3642.0,807.0,29475920.0,36476
2023-05-09 21:09:13,rb2306,rb2306,3657.0,0.0,0.0,0.0,10,3655.0,3658.0,32,3657.0,3657.0,3657.0,3642.0,807.0,29475920.0,36476
2023-05-09 21:09:14,rb2306,rb2306,3657.0,0.0,0.0,0.0,10,3655.0,3658.0,32,3657.0,3657.0,3657.0,3642.0,807.0,29475920.0,36476
2023-05-09 21:09:15,rb2306,rb2306,3657.0,0.0,0.0,0.0,10,3655.0,3658.0,32,3657.0,3657.0,3657.0,3642.0,807.0,29475920.0,36476
2023-05-09 21:09:15,rb2306,rb2306,3657.0,0.0,0.0,0.0,2,3656.0,3658.0,7,3657.0,3657.0,3657.0,3642.0,807.0,29475920.0,36476
2023-05-09 21:09:16,rb2306,rb2306,3657.0,0.0,0.0,0.0,2,3656.0,3658.0,7,3657.0,3657.0,3657.0,3642.0,807.0,29475920.0,36476
2023-05-09 21:09:16,rb2306,rb2306,3657.0,0.0,0.0,0.0,1,3657.0,3658.0,7,3657.0,3657.0,3657.0,3642.0,807.0,29475920.0,36476
2023-05-09 21:09:17,rb2306,rb2306,3658.0,2.0,73160.0,-2.0,1,3657.0,3658.0,5,3657.0,3657.0,3658.0,3642.0,809.0,29549080.0,36474
2023-05-09 21:09:17,rb2306,rb2306,3658.0,0.0,0.0,0.0,1,3657.0,3658.0,5,3657.0,3657.0,3658.0,3642.0,809.0,29549080.0,36474
2023-05-09 21:09:18,rb2306,rb2306,3658.0,0.0,0.0,0.0,1,3657.0,3658.0,30,3657.0,3657.0,3658.0,3642.0,809.0,29549080.0,36474
2023-05-09 21:09:18,rb2306,rb2306,3658.0,0.0,0.0,0.0,1,3657.0,3658.0,5,3657.0,3657.0,3658.0,3642.0,809.0,29549080.0,36474
2023-05-09 21:09:19,rb2306,rb2306,3658.0,0.0,0.0,0.0,1,3657.0,3658.0,5,3657.0,3657.0,3658.0,3642.0,809.0,29549080.0,36474
2023-05-09 21:09:19,rb2306,rb2306,3658.0,0.0,0.0,0.0,1,3657.0,3658.0,5,3657.0,3657.0,3658.0,3642.0,809.0,29549080.0,36474
2023-05-09 21:09:20,rb2306,rb2306,3658.0,0.0,0.0,0.0,1,3657.0,3658.0,30,3657.0,3657.0,3658.0,3642.0,809.0,29549080.0,36474
2023-05-09 21:09:21,rb2306,rb2306,3658.0,0.0,0.0,0.0,1,3657.0,3658.0,30,3657.0,3657.0,3658.0,3642.0,809.0,29549080.0,36474
2023-05-09 21:09:23,rb2306,rb2306,3658.0,0.0,0.0,0.0,1,3657.0,3658.0,30,3657.0,3657.0,3658.0,3642.0,809.0,29549080.0,36474
2023-05-09 21:09:23,rb2306,rb2306,3658.0,0.0,0.0,0.0,2,3657.0,3658.0,5,3657.0,3657.0,3658.0,3642.0,809.0,29549080.0,36474
2023-05-09 21:09:24,rb2306,rb2306,3658.0,2.0,73160.0,-2.0,1,3657.0,3658.0,3,3657.0,3657.0,3658.0,3642.0,811.0,29622240.0,36472
2023-05-09 21:09:24,rb2306,rb2306,3658.0,0.0,0.0,0.0,1,3657.0,3658.0,28,3657.0,3657.0,3658.0,3642.0,811.0,29622240.0,36472
2023-05-09 21:09:25,rb2306,rb2306,3658.0,0.0,0.0,0.0,1,3657.0,3658.0,3,3657.0,3657.0,3658.0,3642.0,811.0,29622240.0,36472
2023-05-09 21:09:25,rb2306,rb2306,3658.0,0.0,0.0,0.0,1,3657.0,3658.0,28,3657.0,3657.0,3658.0,3642.0,811.0,29622240.0,36472
2023-05-09 21:09:26,rb2306,rb2306,3658.0,0.0,0.0,0.0,1,3657.0,3658.0,3,3657.0,3657.0,3658.0,3642.0,811.0,29622240.0,36472
2023-05-09 21:09:26,rb2306,rb2306,3658.0,0.0,0.0,0.0,1,3657.0,3658.0,3,3657.0,3657.0,3658.0,3642.0,811.0,29622240.0,36472
2023-05-09 21:09:27,rb2306,rb2306,3658.0,0.0,0.0,0.0,1,3657.0,3658.0,3,3657.0,3657.0,3658.0,3642.0,811.0,29622240.0,36472
2023-05-09 21:09:27,rb2306,rb2306,3658.0,0.0,0.0,0.0,1,3657.0,3658.0,1,3657.0,3657.0,3658.0,3642.0,811.0,29622240.0,36472
2023-05-09 21:09:28,rb2306,rb2306,3658.0,1.0,36580.0,1.0,1,3657.0,3659.0,33,3657.0,3657.0,3658.0,3642.0,812.0,29658820.0,36473
2023-05-09 21:09:28,rb2306,rb2306,3658.0,0.0,0.0,0.0,1,3657.0,3659.0,33,3657.0,3657.0,3658.0,3642.0,812.0,29658820.0,36473
2023-05-09 21:09:31,rb2306,rb2306,3658.0,0.0,0.0,0.0,1,3657.0,3659.0,33,3657.0,3657.0,3658.0,3642.0,812.0,29658820.0,36473
2023-05-09 21:09:31,rb2306,rb2306,3658.0,0.0,0.0,0.0,1,3657.0,3659.0,33,3657.0,3657.0,3658.0,3642.0,812.0,29658820.0,36473
2023-05-09 21:09:32,rb2306,rb2306,3658.0,0.0,0.0,0.0,1,3657.0,3658.0,6,3657.0,3657.0,3658.0,3642.0,812.0,29658820.0,36473
2023-05-09 21:09:32,rb2306,rb2306,3658.0,0.0,0.0,0.0,1,3657.0,3658.0,31,3657.0,3657.0,3658.0,3642.0,812.0,29658820.0,36473
2023-05-09 21:09:33,rb2306,rb2306,3658.0,0.0,0.0,0.0,1,3657.0,3658.0,31,3657.0,3657.0,3658.0,3642.0,812.0,29658820.0,36473
2023-05-09 21:09:34,rb2306,rb2306,3658.0,0.0,0.0,0.0,1,3657.0,3658.0,26,3657.0,3657.0,3658.0,3642.0,812.0,29658820.0,36473
2023-05-09 21:09:34,rb2306,rb2306,3658.0,0.0,0.0,0.0,1,3657.0,3658.0,26,3657.0,3657.0,3658.0,3642.0,812.0,29658820.0,36473
2023-05-09 21:09:35,rb2306,rb2306,3657.0,1.0,36570.0,1.0,31,3656.0,3657.0,19,3657.0,3657.0,3658.0,3642.0,813.0,29695390.0,36474
2023-05-09 21:09:35,rb2306,rb2306,3657.0,19.0,694830.0,0.0,5,3657.0,3658.0,20,3657.0,3657.0,3658.0,3642.0,832.0,30390220.0,36474
2023-05-09 21:09:36,rb2306,rb2306,3657.0,0.0,0.0,0.0,5,3657.0,3658.0,20,3657.0,3657.0,3658.0,3642.0,832.0,30390220.0,36474
2023-05-09 21:09:36,rb2306,rb2306,3657.0,0.0,0.0,0.0,5,3657.0,3658.0,20,3657.0,3657.0,3658.0,3642.0,832.0,30390220.0,36474
2023-05-09 21:09:37,rb2306,rb2306,3657.0,0.0,0.0,0.0,7,3656.0,3658.0,20,3657.0,3657.0,3658.0,3642.0,832.0,30390220.0,36474
2023-05-09 21:09:37,rb2306,rb2306,3657.0,0.0,0.0,0.0,7,3656.0,3658.0,20,3657.0,3657.0,3658.0,3642.0,832.0,30390220.0,36474
2023-05-09 21:09:38,rb2306,rb2306,3657.0,0.0,0.0,0.0,7,3656.0,3657.0,20,3657.0,3657.0,3658.0,3642.0,832.0,30390220.0,36474
2023-05-09 21:09:38,rb2306,rb2306,3657.0,4.0,146280.0,4.0,7,3656.0,3657.0,16,3657.0,3657.0,3658.0,3642.0,836.0,30536500.0,36478
2023-05-09 21:09:39,rb2306,rb2306,3657.0,0.0,0.0,0.0,7,3656.0,3657.0,16,3657.0,3657.0,3658.0,3642.0,836.0,30536500.0,36478
2023-05-09 21:09:39,rb2306,rb2306,3657.0,0.0,0.0,0.0,7,3656.0,3657.0,16,3657.0,3657.0,3658.0,3642.0,836.0,30536500.0,36478
2023-05-09 21:09:41,rb2306,rb2306,3657.0,0.0,0.0,0.0,7,3656.0,3657.0,16,3657.0,3657.0,3658.0,3642.0,836.0,30536500.0,36478
2023-05-09 21:09:44,rb2306,rb2306,3657.0,0.0,0.0,0.0,7,3656.0,3657.0,16,3657.0,3657.0,3658.0,3642.0,836.0,30536500.0,36478
2023-05-09 21:09:44,rb2306,rb2306,3657.0,0.0,0.0,0.0,7,3656.0,3657.0,16,3657.0,3657.0,3658.0,3642.0,836.0,30536500.0,36478
2023-05-09 21:09:45,rb2306,rb2306,3657.0,0.0,0.0,0.0,7,3656.0,3657.0,16,3657.0,3657.0,3658.0,3642.0,836.0,30536500.0,36478
2023-05-09 21:09:46,rb2306,rb2306,3657.0,0.0,0.0,0.0,7,3656.0,3657.0,16,3657.0,3657.0,3658.0,3642.0,836.0,30536500.0,36478
2023-05-09 21:09:48,rb2306,rb2306,3657.0,0.0,0.0,0.0,7,3656.0,3657.0,16,3657.0,3657.0,3658.0,3642.0,836.0,30536500.0,36478
2023-05-09 21:09:48,rb2306,rb2306,3657.0,0.0,0.0,0.0,7,3656.0,3657.0,16,3657.0,3657.0,3658.0,3642.0,836.0,30536500.0,36478
2023-05-09 21:09:49,rb2306,rb2306,3657.0,0.0,0.0,0.0,7,3656.0,3657.0,16,3657.0,3657.0,3658.0,3642.0,836.0,30536500.0,36478
2023-05-09 21:09:49,rb2306,rb2306,3657.0,0.0,0.0,0.0,7,3656.0,3657.0,36,3657.0,3657.0,3658.0,3642.0,836.0,30536500.0,36478
2023-05-09 21:09:50,rb2306,rb2306,3657.0,0.0,0.0,0.0,7,3656.0,3657.0,36,3657.0,3657.0,3658.0,3642.0,836.0,30536500.0,36478
2023-05-09 21:09:51,rb2306,rb2306,3657.0,0.0,0.0,0.0,7,3656.0,3657.0,36,3657.0,3657.0,3658.0,3642.0,836.0,30536500.0,36478
2023-05-09 21:09:52,rb2306,rb2306,3657.0,0.0,0.0,0.0,7,3656.0,3657.0,36,3657.0,3657.0,3658.0,3642.0,836.0,30536500.0,36478
2023-05-09 21:09:52,rb2306,rb2306,3657.0,0.0,0.0,0.0,7,3656.0,3657.0,36,3657.0,3657.0,3658.0,3642.0,836.0,30536500.0,36478
2023-05-09 21:09:53,rb2306,rb2306,3657.0,0.0,0.0,0.0,7,3656.0,3657.0,36,3657.0,3657.0,3658.0,3642.0,836.0,30536500.0,36478
2023-05-09 21:09:54,rb2306,rb2306,3657.0,0.0,0.0,0.0,7,3656.0,3657.0,36,3657.0,3657.0,3658.0,3642.0,836.0,30536500.0,36478
2023-05-09 21:09:55,rb2306,rb2306,3657.0,0.0,0.0,0.0,7,3656.0,3657.0,36,3657.0,3657.0,3658.0,3642.0,836.0,30536500.0,36478
2023-05-09 21:09:55,rb2306,rb2306,3657.0,0.0,0.0,0.0,7,3656.0,3657.0,36,3657.0,3657.0,3658.0,3642.0,836.0,30536500.0,36478
2023-05-09 21:09:56,rb2306,rb2306,3657.0,0.0,0.0,0.0,7,3656.0,3657.0,36,3657.0,3657.0,3658.0,3642.0,836.0,30536500.0,36478
2023-05-09 21:09:56,rb2306,rb2306,3657.0,0.0,0.0,0.0,7,3656.0,3657.0,36,3657.0,3657.0,3658.0,3642.0,836.0,30536500.0,36478
2023-05-09 21:09:57,rb2306,rb2306,3657.0,0.0,0.0,0.0,7,3656.0,3657.0,36,3657.0,3657.0,3658.0,3642.0,836.0,30536500.0,36478
2023-05-09 21:09:57,rb2306,rb2306,3657.0,0.0,0.0,0.0,7,3656.0,3657.0,36,3657.0,3657.0,3658.0,3642.0,836.0,30536500.0,36478
2023-05-09 21:09:58,rb2306,rb2306,3657.0,0.0,0.0,0.0,7,3656.0,3657.0,36,3657.0,3657.0,3658.0,3642.0,836.0,30536500.0,36478
2023-05-09 21:09:58,rb2306,rb2306,3657.0,2.0,73140.0,2.0,7,3656.0,3657.0,34,3657.0,3657.0,3658.0,3642.0,838.0,30609640.0,36480
2023-05-09 21:10:01,rb2306,rb2306,3657.0,0.0,0.0,0.0,9,3656.0,3657.0,34,3657.0,3657.0,3658.0,3642.0,838.0,30609640.0,36480
2023-05-09 21:10:01,rb2306,rb2306,3657.0,0.0,0.0,0.0,3,3656.0,3657.0,34,3657.0,3657.0,3658.0,3642.0,838.0,30609640.0,36480
2023-05-09 21:10:02,rb2306,rb2306,3657.0,0.0,0.0,0.0,3,3656.0,3657.0,34,3657.0,3657.0,3658.0,3642.0,838.0,30609640.0,36480
2023-05-09 21:10:02,rb2306,rb2306,3657.0,0.0,0.0,0.0,3,3656.0,3657.0,59,3657.0,3657.0,3658.0,3642.0,838.0,30609640.0,36480
2023-05-09 21:10:03,rb2306,rb2306,3657.0,0.0,0.0,0.0,3,3656.0,3657.0,34,3657.0,3657.0,3658.0,3642.0,838.0,30609640.0,36480
2023-05-09 21:10:04,rb2306,rb2306,3657.0,0.0,0.0,0.0,3,3656.0,3657.0,34,3657.0,3657.0,3658.0,3642.0,838.0,30609640.0,36480
2023-05-09 21:10:05,rb2306,rb2306,3657.0,0.0,0.0,0.0,3,3656.0,3657.0,34,3657.0,3657.0,3658.0,3642.0,838.0,30609640.0,36480
2023-05-09 21:10:05,rb2306,rb2306,3657.0,1.0,36570.0,1.0,3,3656.0,3657.0,33,3657.0,3657.0,3658.0,3642.0,839.0,30646210.0,36481
2023-05-09 21:10:06,rb2306,rb2306,3657.0,0.0,0.0,0.0,3,3656.0,3657.0,33,3657.0,3657.0,3658.0,3642.0,839.0,30646210.0,36481
2023-05-09 21:10:08,rb2306,rb2306,3657.0,0.0,0.0,0.0,3,3656.0,3657.0,33,3657.0,3657.0,3658.0,3642.0,839.0,30646210.0,36481
2023-05-09 21:10:08,rb2306,rb2306,3657.0,0.0,0.0,0.0,3,3656.0,3657.0,33,3657.0,3657.0,3658.0,3642.0,839.0,30646210.0,36481
2023-05-09 21:10:09,rb2306,rb2306,3656.0,1.0,36560.0,-1.0,2,3656.0,3657.0,33,3657.0,3657.0,3658.0,3642.0,840.0,30682770.0,36480
2023-05-09 21:10:09,rb2306,rb2306,3656.0,0.0,0.0,0.0,3,3656.0,3657.0,33,3657.0,3657.0,3658.0,3642.0,840.0,30682770.0,36480
2023-05-09 21:10:10,rb2306,rb2306,3656.0,0.0,0.0,0.0,3,3656.0,3657.0,33,3657.0,3657.0,3658.0,3642.0,840.0,30682770.0,36480
2023-05-09 21:10:10,rb2306,rb2306,3656.0,0.0,0.0,0.0,3,3656.0,3657.0,33,3657.0,3657.0,3658.0,3642.0,840.0,30682770.0,36480
2023-05-09 21:10:11,rb2306,rb2306,3656.0,0.0,0.0,0.0,3,3656.0,3657.0,33,3657.0,3657.0,3658.0,3642.0,840.0,30682770.0,36480
2023-05-09 21:10:12,rb2306,rb2306,3656.0,0.0,0.0,0.0,3,3656.0,3657.0,33,3657.0,3657.0,3658.0,3642.0,840.0,30682770.0,36480
2023-05-09 21:10:12,rb2306,rb2306,3656.0,0.0,0.0,0.0,3,3656.0,3657.0,33,3657.0,3657.0,3658.0,3642.0,840.0,30682770.0,36480
2023-05-09 21:10:13,rb2306,rb2306,3656.0,0.0,0.0,0.0,3,3656.0,3657.0,33,3657.0,3657.0,3658.0,3642.0,840.0,30682770.0,36480
2023-05-09 21:10:13,rb2306,rb2306,3656.0,0.0,0.0,0.0,3,3656.0,3657.0,33,3657.0,3657.0,3658.0,3642.0,840.0,30682770.0,36480
2023-05-09 21:10:14,rb2306,rb2306,3656.0,0.0,0.0,0.0,3,3656.0,3657.0,33,3657.0,3657.0,3658.0,3642.0,840.0,30682770.0,36480
2023-05-09 21:10:15,rb2306,rb2306,3656.0,0.0,0.0,0.0,3,3656.0,3657.0,33,3657.0,3657.0,3658.0,3642.0,840.0,30682770.0,36480
2023-05-09 21:10:15,rb2306,rb2306,3656.0,3.0,109680.0,2.0,7,3655.0,3657.0,33,3657.0,3657.0,3658.0,3642.0,843.0,30792450.0,36482
2023-05-09 21:10:16,rb2306,rb2306,3656.0,0.0,0.0,0.0,1,3656.0,3657.0,33,3657.0,3657.0,3658.0,3642.0,843.0,30792450.0,36482
2023-05-09 21:10:17,rb2306,rb2306,3656.0,0.0,0.0,0.0,1,3656.0,3657.0,33,3657.0,3657.0,3658.0,3642.0,843.0,30792450.0,36482
2023-05-09 21:10:17,rb2306,rb2306,3656.0,0.0,0.0,0.0,1,3656.0,3657.0,33,3657.0,3657.0,3658.0,3642.0,843.0,30792450.0,36482
2023-05-09 21:10:18,rb2306,rb2306,3656.0,0.0,0.0,0.0,1,3656.0,3657.0,33,3657.0,3657.0,3658.0,3642.0,843.0,30792450.0,36482
2023-05-09 21:10:18,rb2306,rb2306,3656.0,0.0,0.0,0.0,1,3656.0,3657.0,33,3657.0,3657.0,3658.0,3642.0,843.0,30792450.0,36482
2023-05-09 21:10:19,rb2306,rb2306,3656.0,0.0,0.0,0.0,1,3656.0,3657.0,33,3657.0,3657.0,3658.0,3642.0,843.0,30792450.0,36482
2023-05-09 21:10:19,rb2306,rb2306,3656.0,0.0,0.0,0.0,1,3656.0,3657.0,33,3657.0,3657.0,3658.0,3642.0,843.0,30792450.0,36482
2023-05-09 21:10:20,rb2306,rb2306,3656.0,0.0,0.0,0.0,1,3656.0,3657.0,33,3657.0,3657.0,3658.0,3642.0,843.0,30792450.0,36482
2023-05-09 21:10:20,rb2306,rb2306,3656.0,0.0,0.0,0.0,1,3656.0,3657.0,33,3657.0,3657.0,3658.0,3642.0,843.0,30792450.0,36482
2023-05-09 21:10:23,rb2306,rb2306,3656.0,0.0,0.0,0.0,1,3656.0,3657.0,33,3657.0,3657.0,3658.0,3642.0,843.0,30792450.0,36482
2023-05-09 21:10:24,rb2306,rb2306,3656.0,0.0,0.0,0.0,1,3656.0,3657.0,33,3657.0,3657.0,3658.0,3642.0,843.0,30792450.0,36482
2023-05-09 21:10:24,rb2306,rb2306,3656.0,0.0,0.0,0.0,1,3656.0,3657.0,33,3657.0,3657.0,3658.0,3642.0,843.0,30792450.0,36482
2023-05-09 21:10:25,rb2306,rb2306,3656.0,0.0,0.0,0.0,1,3656.0,3657.0,33,3657.0,3657.0,3658.0,3642.0,843.0,30792450.0,36482
2023-05-09 21:10:26,rb2306,rb2306,3656.0,0.0,0.0,0.0,1,3656.0,3657.0,33,3657.0,3657.0,3658.0,3642.0,843.0,30792450.0,36482
2023-05-09 21:10:29,rb2306,rb2306,3656.0,0.0,0.0,0.0,1,3656.0,3657.0,33,3657.0,3657.0,3658.0,3642.0,843.0,30792450.0,36482
2023-05-09 21:10:29,rb2306,rb2306,3656.0,0.0,0.0,0.0,1,3656.0,3657.0,33,3657.0,3657.0,3658.0,3642.0,843.0,30792450.0,36482
2023-05-09 21:10:31,rb2306,rb2306,3656.0,0.0,0.0,0.0,7,3656.0,3657.0,33,3657.0,3657.0,3658.0,3642.0,843.0,30792450.0,36482
2023-05-09 21:10:31,rb2306,rb2306,3657.0,1.0,36570.0,1.0,7,3656.0,3657.0,32,3657.0,3657.0,3658.0,3642.0,844.0,30829020.0,36483
2023-05-09 21:10:32,rb2306,rb2306,3657.0,0.0,0.0,0.0,7,3656.0,3657.0,32,3657.0,3657.0,3658.0,3642.0,844.0,30829020.0,36483
2023-05-09 21:10:33,rb2306,rb2306,3657.0,0.0,0.0,0.0,7,3656.0,3657.0,32,3657.0,3657.0,3658.0,3642.0,844.0,30829020.0,36483
2023-05-09 21:10:34,rb2306,rb2306,3657.0,0.0,0.0,0.0,7,3656.0,3657.0,32,3657.0,3657.0,3658.0,3642.0,844.0,30829020.0,36483
2023-05-09 21:10:35,rb2306,rb2306,3657.0,0.0,0.0,0.0,7,3656.0,3657.0,32,3657.0,3657.0,3658.0,3642.0,844.0,30829020.0,36483
2023-05-09 21:10:35,rb2306,rb2306,3657.0,0.0,0.0,0.0,7,3656.0,3657.0,32,3657.0,3657.0,3658.0,3642.0,844.0,30829020.0,36483
2023-05-09 21:10:37,rb2306,rb2306,3657.0,1.0,36570.0,0.0,6,3656.0,3657.0,31,3657.0,3657.0,3658.0,3642.0,845.0,30865590.0,36483
2023-05-09 21:10:37,rb2306,rb2306,3657.0,1.0,36570.0,0.0,6,3656.0,3657.0,30,3657.0,3657.0,3658.0,3642.0,846.0,30902160.0,36483
2023-05-09 21:10:38,rb2306,rb2306,3657.0,0.0,0.0,0.0,6,3656.0,3657.0,30,3657.0,3657.0,3658.0,3642.0,846.0,30902160.0,36483
2023-05-09 21:10:38,rb2306,rb2306,3657.0,0.0,0.0,0.0,6,3656.0,3657.0,30,3657.0,3657.0,3658.0,3642.0,846.0,30902160.0,36483
2023-05-09 21:10:39,rb2306,rb2306,3657.0,0.0,0.0,0.0,6,3656.0,3657.0,30,3657.0,3657.0,3658.0,3642.0,846.0,30902160.0,36483
2023-05-09 21:10:39,rb2306,rb2306,3656.0,1.0,36560.0,1.0,5,3656.0,3657.0,30,3657.0,3657.0,3658.0,3642.0,847.0,30938720.0,36484
2023-05-09 21:10:40,rb2306,rb2306,3656.0,5.0,182800.0,0.0,7,3655.0,3656.0,20,3657.0,3657.0,3658.0,3642.0,852.0,31121520.0,36484
2023-05-09 21:10:40,rb2306,rb2306,3656.0,8.0,292480.0,-2.0,7,3655.0,3656.0,12,3657.0,3657.0,3658.0,3642.0,860.0,31414000.0,36482
2023-05-09 21:10:41,rb2306,rb2306,3656.0,6.0,219360.0,0.0,7,3655.0,3656.0,6,3657.0,3657.0,3658.0,3642.0,866.0,31633360.0,36482
2023-05-09 21:10:41,rb2306,rb2306,3656.0,0.0,0.0,0.0,7,3655.0,3656.0,6,3657.0,3657.0,3658.0,3642.0,866.0,31633360.0,36482
2023-05-09 21:10:42,rb2306,rb2306,3656.0,4.0,146240.0,0.0,7,3655.0,3656.0,2,3657.0,3657.0,3658.0,3642.0,870.0,31779600.0,36482
2023-05-09 21:10:42,rb2306,rb2306,3656.0,2.0,73120.0,0.0,7,3655.0,3657.0,61,3657.0,3657.0,3658.0,3642.0,872.0,31852720.0,36482
2023-05-09 21:10:43,rb2306,rb2306,3656.0,0.0,0.0,0.0,7,3655.0,3657.0,61,3657.0,3657.0,3658.0,3642.0,872.0,31852720.0,36482
2023-05-09 21:10:43,rb2306,rb2306,3656.0,0.0,0.0,0.0,7,3655.0,3657.0,36,3657.0,3657.0,3658.0,3642.0,872.0,31852720.0,36482
2023-05-09 21:10:44,rb2306,rb2306,3656.0,0.0,0.0,0.0,7,3655.0,3657.0,36,3657.0,3657.0,3658.0,3642.0,872.0,31852720.0,36482
2023-05-09 21:10:45,rb2306,rb2306,3656.0,0.0,0.0,0.0,7,3655.0,3657.0,36,3657.0,3657.0,3658.0,3642.0,872.0,31852720.0,36482
