time,symbol_id,symbol_name,last,trade_volume,trade_amount,open_interest_change,bv1,bp1,ap1,av1,yesterday_close,today_open,today_high,today_low,volume,amount,open_interest
2023-05-09 19:10:58,MA312P2300,MA312P2300,101.0,0.0,0.0,-3.0,0,0.0,0.0,0,101.0,108.0,0.0,0.0,0.0,0.0,63
2023-05-09 20:59:00,MA312P2300,MA312P2300,101.0,0.0,0.0,0.0,19,30.0,0.0,0,101.0,108.0,0.0,0.0,0.0,0.0,63
2023-05-09 21:01:20,MA312P2300,MA312P2300,101.0,0.0,0.0,0.0,1,30.5,0.0,0,101.0,108.0,0.0,0.0,0.0,0.0,63
2023-05-09 21:01:41,MA312P2300,MA312P2300,101.0,0.0,0.0,0.0,1,31.0,0.0,0,101.0,108.0,0.0,0.0,0.0,0.0,63
2023-05-09 21:02:48,MA312P2300,MA312P2300,101.0,0.0,0.0,0.0,1,31.5,0.0,0,101.0,108.0,0.0,0.0,0.0,0.0,63
2023-05-09 21:26:12,MA312P2300,MA312P2300,101.0,0.0,0.0,0.0,3,99.5,111.0,3,101.0,108.0,0.0,0.0,0.0,0.0,63
2023-05-09 21:26:13,MA312P2300,MA312P2300,101.0,0.0,0.0,0.0,6,99.5,111.0,6,101.0,108.0,0.0,0.0,0.0,0.0,63
2023-05-09 21:26:14,MA312P2300,MA312P2300,101.0,0.0,0.0,0.0,3,107.5,108.0,3,101.0,108.0,0.0,0.0,0.0,0.0,63
2023-05-09 21:26:16,MA312P2300,MA312P2300,108.0,3.0,324.0,3.0,3,107.5,111.0,6,101.0,108.0,108.0,108.0,3.0,324.0,66
2023-05-09 21:26:16,MA312P2300,MA312P2300,108.0,0.0,0.0,0.0,3,108.0,110.5,3,101.0,108.0,108.0,108.0,3.0,324.0,66
2023-05-09 21:26:18,MA312P2300,MA312P2300,108.0,0.0,0.0,0.0,6,108.0,110.5,6,101.0,108.0,108.0,108.0,3.0,324.0,66
2023-05-09 21:26:19,MA312P2300,MA312P2300,108.0,0.0,0.0,0.0,1,110.0,110.5,6,101.0,108.0,108.0,108.0,3.0,324.0,66
2023-05-09 21:26:19,MA312P2300,MA312P2300,108.0,0.0,0.0,0.0,7,110.0,110.5,6,101.0,108.0,108.0,108.0,3.0,324.0,66
2023-05-09 21:26:20,MA312P2300,MA312P2300,108.0,0.0,0.0,0.0,10,110.0,110.5,9,101.0,108.0,108.0,108.0,3.0,324.0,66
2023-05-09 21:26:21,MA312P2300,MA312P2300,110.0,6.0,661.5,-3.0,3,110.0,110.5,3,101.0,108.0,110.0,108.0,9.0,985.5,63
2023-05-09 21:26:23,MA312P2300,MA312P2300,110.0,3.0,328.5,3.0,3,109.5,110.5,3,101.0,108.0,110.0,108.0,12.0,1314.0,66
2023-05-09 21:26:23,MA312P2300,MA312P2300,110.0,0.0,0.0,0.0,3,108.5,110.5,3,101.0,108.0,110.0,108.0,12.0,1314.0,66
2023-05-09 21:26:24,MA312P2300,MA312P2300,110.0,0.0,0.0,0.0,3,108.0,110.5,3,101.0,108.0,110.0,108.0,12.0,1314.0,66
2023-05-09 21:26:24,MA312P2300,MA312P2300,110.0,0.0,0.0,0.0,9,108.0,110.5,6,101.0,108.0,110.0,108.0,12.0,1314.0,66
2023-05-09 21:26:26,MA312P2300,MA312P2300,110.0,0.0,0.0,0.0,3,109.5,110.5,9,101.0,108.0,110.0,108.0,12.0,1314.0,66
2023-05-09 21:26:27,MA312P2300,MA312P2300,109.5,1.0,109.5,1.0,2,109.5,110.0,1,101.0,108.0,110.0,108.0,13.0,1423.5,67
2023-05-09 21:26:39,MA312P2300,MA312P2300,109.5,0.0,0.0,0.0,3,109.0,110.0,1,101.0,108.0,110.0,108.0,13.0,1423.5,67
2023-05-09 21:26:39,MA312P2300,MA312P2300,109.5,0.0,0.0,0.0,3,104.0,110.0,1,101.0,108.0,110.0,108.0,13.0,1423.5,67
2023-05-09 21:26:42,MA312P2300,MA312P2300,109.5,0.0,0.0,0.0,1,31.0,110.0,1,101.0,108.0,110.0,108.0,13.0,1423.5,67
2023-05-09 21:26:42,MA312P2300,MA312P2300,109.5,0.0,0.0,0.0,1,39.0,110.0,1,101.0,108.0,110.0,108.0,13.0,1423.5,67
2023-05-09 21:26:42,MA312P2300,MA312P2300,109.5,0.0,0.0,0.0,6,40.0,110.0,1,101.0,108.0,110.0,108.0,13.0,1423.5,67
2023-05-09 21:26:43,MA312P2300,MA312P2300,109.5,0.0,0.0,0.0,1,48.0,110.0,1,101.0,108.0,110.0,108.0,13.0,1423.5,67
2023-05-09 21:26:43,MA312P2300,MA312P2300,109.5,0.0,0.0,0.0,6,49.0,110.0,1,101.0,108.0,110.0,108.0,13.0,1423.5,67
2023-05-09 21:26:44,MA312P2300,MA312P2300,109.5,0.0,0.0,0.0,1,57.0,110.0,1,101.0,108.0,110.0,108.0,13.0,1423.5,67
2023-05-09 21:26:44,MA312P2300,MA312P2300,109.5,0.0,0.0,0.0,6,58.0,110.0,1,101.0,108.0,110.0,108.0,13.0,1423.5,67
2023-05-09 21:26:45,MA312P2300,MA312P2300,109.5,0.0,0.0,0.0,1,66.0,110.0,1,101.0,108.0,110.0,108.0,13.0,1423.5,67
2023-05-09 21:26:45,MA312P2300,MA312P2300,109.5,0.0,0.0,0.0,1,66.5,110.0,1,101.0,108.0,110.0,108.0,13.0,1423.5,67
2023-05-09 21:26:46,MA312P2300,MA312P2300,109.5,0.0,0.0,0.0,1,74.5,0.0,0,101.0,108.0,110.0,108.0,13.0,1423.5,67
2023-05-09 21:27:17,MA312P2300,MA312P2300,109.5,0.0,0.0,0.0,3,99.5,111.0,3,101.0,108.0,110.0,108.0,13.0,1423.5,67
2023-05-09 21:27:18,MA312P2300,MA312P2300,109.5,0.0,0.0,0.0,6,99.5,111.0,6,101.0,108.0,110.0,108.0,13.0,1423.5,67
2023-05-09 21:27:19,MA312P2300,MA312P2300,109.5,0.0,0.0,0.0,3,107.5,108.0,3,101.0,108.0,110.0,108.0,13.0,1423.5,67
2023-05-09 21:27:21,MA312P2300,MA312P2300,108.0,3.0,320.5,0.0,1,108.0,111.0,6,101.0,108.0,110.0,108.0,16.0,1744.0,67
2023-05-09 21:27:22,MA312P2300,MA312P2300,108.0,0.0,0.0,0.0,3,108.5,110.5,3,101.0,108.0,110.0,108.0,16.0,1744.0,67
2023-05-09 21:27:24,MA312P2300,MA312P2300,108.0,0.0,0.0,0.0,3,108.5,110.5,6,101.0,108.0,110.0,108.0,16.0,1744.0,67
2023-05-09 21:27:27,MA312P2300,MA312P2300,108.0,0.0,0.0,0.0,1,110.0,110.5,3,101.0,108.0,110.0,108.0,16.0,1744.0,67
2023-05-09 21:27:27,MA312P2300,MA312P2300,108.0,0.0,0.0,0.0,4,110.0,110.5,6,101.0,108.0,110.0,108.0,16.0,1744.0,67
2023-05-09 21:27:30,MA312P2300,MA312P2300,110.0,3.0,336.5,3.0,3,109.5,110.0,3,101.0,108.0,110.0,108.0,19.0,2080.5,70
2023-05-09 21:27:30,MA312P2300,MA312P2300,110.0,0.0,0.0,0.0,3,109.5,110.0,6,101.0,108.0,110.0,108.0,19.0,2080.5,70
2023-05-09 21:27:33,MA312P2300,MA312P2300,110.0,0.0,0.0,0.0,6,109.5,110.0,12,101.0,108.0,110.0,108.0,19.0,2080.5,70
2023-05-09 21:27:33,MA312P2300,MA312P2300,110.0,0.0,0.0,0.0,9,109.5,110.0,12,101.0,108.0,110.0,108.0,19.0,2080.5,70
2023-05-09 21:27:34,MA312P2300,MA312P2300,109.0,12.0,1314.0,3.0,3,109.0,110.0,9,101.0,108.0,110.0,108.0,31.0,3394.5,73
2023-05-09 21:27:34,MA312P2300,MA312P2300,109.0,0.0,0.0,0.0,3,109.0,109.5,3,101.0,108.0,110.0,108.0,31.0,3394.5,73
2023-05-09 21:27:44,MA312P2300,MA312P2300,109.0,0.0,0.0,0.0,3,103.5,109.5,3,101.0,108.0,110.0,108.0,31.0,3394.5,73
2023-05-09 21:27:47,MA312P2300,MA312P2300,109.0,0.0,0.0,0.0,3,103.5,110.0,3,101.0,108.0,110.0,108.0,31.0,3394.5,73
2023-05-09 21:27:48,MA312P2300,MA312P2300,109.0,0.0,0.0,0.0,1,66.5,110.0,3,101.0,108.0,110.0,108.0,31.0,3394.5,73
2023-05-09 21:27:48,MA312P2300,MA312P2300,109.0,0.0,0.0,0.0,1,70.5,110.0,3,101.0,108.0,110.0,108.0,31.0,3394.5,73
2023-05-09 21:27:48,MA312P2300,MA312P2300,109.0,0.0,0.0,0.0,1,71.0,110.0,3,101.0,108.0,110.0,108.0,31.0,3394.5,73
2023-05-09 21:27:49,MA312P2300,MA312P2300,109.0,0.0,0.0,0.0,1,71.5,110.0,3,101.0,108.0,110.0,108.0,31.0,3394.5,73
2023-05-09 21:27:49,MA312P2300,MA312P2300,109.0,0.0,0.0,0.0,1,72.0,110.0,3,101.0,108.0,110.0,108.0,31.0,3394.5,73
2023-05-09 21:27:50,MA312P2300,MA312P2300,109.0,0.0,0.0,0.0,1,72.5,110.0,3,101.0,108.0,110.0,108.0,31.0,3394.5,73
2023-05-09 21:27:50,MA312P2300,MA312P2300,109.0,0.0,0.0,0.0,1,73.0,110.0,3,101.0,108.0,110.0,108.0,31.0,3394.5,73
2023-05-09 21:27:51,MA312P2300,MA312P2300,109.0,0.0,0.0,0.0,1,81.0,110.0,3,101.0,108.0,110.0,108.0,31.0,3394.5,73
2023-05-09 21:28:18,MA312P2300,MA312P2300,109.0,0.0,0.0,0.0,3,99.5,110.0,3,101.0,108.0,110.0,108.0,31.0,3394.5,73
2023-05-09 21:28:19,MA312P2300,MA312P2300,109.0,0.0,0.0,0.0,6,99.5,110.0,6,101.0,108.0,110.0,108.0,31.0,3394.5,73
2023-05-09 21:28:20,MA312P2300,MA312P2300,109.0,0.0,0.0,0.0,3,107.5,108.0,3,101.0,108.0,110.0,108.0,31.0,3394.5,73
2023-05-09 21:28:22,MA312P2300,MA312P2300,109.0,0.0,0.0,0.0,6,107.5,108.0,6,101.0,108.0,110.0,108.0,31.0,3394.5,73
2023-05-09 21:28:23,MA312P2300,MA312P2300,109.0,0.0,0.0,0.0,9,107.5,108.0,9,101.0,108.0,110.0,108.0,31.0,3394.5,73
2023-05-09 21:28:25,MA312P2300,MA312P2300,109.0,0.0,0.0,0.0,9,107.5,108.0,12,101.0,108.0,110.0,108.0,31.0,3394.5,73
2023-05-09 21:28:26,MA312P2300,MA312P2300,108.0,12.0,1292.5,0.0,3,108.0,110.0,6,101.0,108.0,110.0,108.0,43.0,4687.0,73
2023-05-09 21:28:30,MA312P2300,MA312P2300,108.0,0.0,0.0,0.0,6,108.0,110.0,9,101.0,108.0,110.0,108.0,43.0,4687.0,73
2023-05-09 21:28:30,MA312P2300,MA312P2300,108.0,0.0,0.0,0.0,9,108.0,110.0,9,101.0,108.0,110.0,108.0,43.0,4687.0,73
2023-05-09 21:28:31,MA312P2300,MA312P2300,108.0,0.0,0.0,0.0,9,108.0,108.5,1,101.0,108.0,110.0,108.0,43.0,4687.0,73
2023-05-09 21:28:34,MA312P2300,MA312P2300,108.0,0.0,0.0,0.0,9,108.0,110.0,6,101.0,108.0,110.0,108.0,43.0,4687.0,73
2023-05-09 21:28:40,MA312P2300,MA312P2300,108.0,0.0,0.0,0.0,6,108.0,110.0,6,101.0,108.0,110.0,108.0,43.0,4687.0,73
2023-05-09 21:28:42,MA312P2300,MA312P2300,108.0,0.0,0.0,0.0,3,108.0,110.0,3,101.0,108.0,110.0,108.0,43.0,4687.0,73
2023-05-09 21:28:46,MA312P2300,MA312P2300,108.0,0.0,0.0,0.0,1,109.5,110.0,3,101.0,108.0,110.0,108.0,43.0,4687.0,73
2023-05-09 21:28:48,MA312P2300,MA312P2300,109.5,1.0,109.0,0.0,3,108.0,109.5,2,101.0,108.0,110.0,108.0,44.0,4796.0,73
2023-05-09 21:28:49,MA312P2300,MA312P2300,109.5,0.0,0.0,0.0,3,108.0,110.0,3,101.0,108.0,110.0,108.0,44.0,4796.0,73
2023-05-09 21:29:03,MA312P2300,MA312P2300,108.0,3.0,327.0,0.0,1,73.0,110.0,3,101.0,108.0,110.0,108.0,47.0,5123.0,73
2023-05-09 21:29:29,MA312P2300,MA312P2300,108.0,0.0,0.0,0.0,3,99.5,110.0,3,101.0,108.0,110.0,108.0,47.0,5123.0,73
2023-05-09 21:29:30,MA312P2300,MA312P2300,108.0,0.0,0.0,0.0,3,99.5,108.0,1,101.0,108.0,110.0,108.0,47.0,5123.0,73
2023-05-09 21:29:30,MA312P2300,MA312P2300,108.0,0.0,0.0,0.0,6,99.5,108.0,1,101.0,108.0,110.0,108.0,47.0,5123.0,73
2023-05-09 21:29:31,MA312P2300,MA312P2300,108.0,0.0,0.0,0.0,3,107.5,108.0,4,101.0,108.0,110.0,108.0,47.0,5123.0,73
2023-05-09 21:29:34,MA312P2300,MA312P2300,108.0,0.0,0.0,0.0,6,107.5,108.0,7,101.0,108.0,110.0,108.0,47.0,5123.0,73
2023-05-09 21:29:34,MA312P2300,MA312P2300,108.0,0.0,0.0,0.0,9,107.5,108.0,10,101.0,108.0,110.0,108.0,47.0,5123.0,73
2023-05-09 21:29:35,MA312P2300,MA312P2300,108.0,0.0,0.0,0.0,9,107.5,108.0,9,101.0,108.0,110.0,108.0,47.0,5123.0,73
2023-05-09 21:29:37,MA312P2300,MA312P2300,108.0,9.0,981.0,2.0,2,108.0,110.0,3,101.0,108.0,110.0,108.0,56.0,6104.0,75
2023-05-09 21:29:40,MA312P2300,MA312P2300,108.0,0.0,0.0,0.0,3,109.5,110.0,3,101.0,108.0,110.0,108.0,56.0,6104.0,75
2023-05-09 21:29:41,MA312P2300,MA312P2300,108.0,0.0,0.0,0.0,9,109.5,110.0,6,101.0,108.0,110.0,108.0,56.0,6104.0,75
2023-05-09 21:29:44,MA312P2300,MA312P2300,108.0,8.0,872.0,-5.0,3,107.5,108.0,1,101.0,108.0,110.0,108.0,64.0,6976.0,70
2023-05-09 21:29:44,MA312P2300,MA312P2300,108.0,0.0,0.0,0.0,6,107.5,108.0,1,101.0,108.0,110.0,108.0,64.0,6976.0,70
2023-05-09 21:29:47,MA312P2300,MA312P2300,108.0,1.0,109.0,0.0,6,107.5,108.5,3,101.0,108.0,110.0,108.0,65.0,7085.0,70
2023-05-09 21:29:47,MA312P2300,MA312P2300,108.0,0.0,0.0,0.0,6,107.5,108.5,6,101.0,108.0,110.0,108.0,65.0,7085.0,70
2023-05-09 21:29:48,MA312P2300,MA312P2300,108.0,0.0,0.0,0.0,3,107.0,108.5,3,101.0,108.0,110.0,108.0,65.0,7085.0,70
2023-05-09 21:29:48,MA312P2300,MA312P2300,108.0,0.0,0.0,0.0,3,108.0,108.5,3,101.0,108.0,110.0,108.0,65.0,7085.0,70
2023-05-09 21:29:57,MA312P2300,MA312P2300,108.0,0.0,0.0,0.0,3,108.0,109.0,3,101.0,108.0,110.0,108.0,65.0,7085.0,70
2023-05-09 21:29:58,MA312P2300,MA312P2300,108.0,0.0,0.0,0.0,3,102.0,110.0,3,101.0,108.0,110.0,108.0,65.0,7085.0,70
2023-05-09 21:29:59,MA312P2300,MA312P2300,108.0,0.0,0.0,0.0,1,73.0,110.0,3,101.0,108.0,110.0,108.0,65.0,7085.0,70
2023-05-09 21:30:41,MA312P2300,MA312P2300,108.0,0.0,0.0,0.0,3,100.0,110.0,3,101.0,108.0,110.0,108.0,65.0,7085.0,70
2023-05-09 21:30:43,MA312P2300,MA312P2300,108.0,1.0,109.0,-1.0,2,108.5,109.0,3,101.0,108.0,110.0,108.0,66.0,7194.0,69
2023-05-09 21:30:46,MA312P2300,MA312P2300,108.0,0.0,0.0,0.0,5,108.5,109.0,6,101.0,108.0,110.0,108.0,66.0,7194.0,69
2023-05-09 21:30:48,MA312P2300,MA312P2300,108.0,0.0,0.0,0.0,5,108.5,109.0,9,101.0,108.0,110.0,108.0,66.0,7194.0,69
2023-05-09 21:30:48,MA312P2300,MA312P2300,108.0,0.0,0.0,0.0,8,108.5,109.0,9,101.0,108.0,110.0,108.0,66.0,7194.0,69
2023-05-09 21:30:48,MA312P2300,MA312P2300,108.0,0.0,0.0,0.0,5,108.5,109.0,9,101.0,108.0,110.0,108.0,66.0,7194.0,69
2023-05-09 21:30:48,MA312P2300,MA312P2300,108.0,0.0,0.0,0.0,8,108.5,109.0,9,101.0,108.0,110.0,108.0,66.0,7194.0,69
2023-05-09 21:30:49,MA312P2300,MA312P2300,108.0,0.0,0.0,0.0,11,108.5,109.0,12,101.0,108.0,110.0,108.0,66.0,7194.0,69
2023-05-09 21:30:51,MA312P2300,MA312P2300,108.0,0.0,0.0,0.0,14,108.5,109.0,12,101.0,108.0,110.0,108.0,66.0,7194.0,69
2023-05-09 21:30:53,MA312P2300,MA312P2300,108.0,0.0,0.0,0.0,17,108.5,109.0,15,101.0,108.0,110.0,108.0,66.0,7194.0,69
2023-05-09 21:30:55,MA312P2300,MA312P2300,108.0,0.0,0.0,0.0,15,108.5,109.0,12,101.0,108.0,110.0,108.0,66.0,7194.0,69
2023-05-09 21:30:56,MA312P2300,MA312P2300,108.0,0.0,0.0,0.0,18,108.5,109.0,12,101.0,108.0,110.0,108.0,66.0,7194.0,69
2023-05-09 21:30:58,MA312P2300,MA312P2300,108.0,0.0,0.0,0.0,15,108.5,109.0,6,101.0,108.0,110.0,108.0,66.0,7194.0,69
2023-05-09 21:31:00,MA312P2300,MA312P2300,108.0,0.0,0.0,0.0,12,108.5,109.0,3,101.0,108.0,110.0,108.0,66.0,7194.0,69
2023-05-09 21:31:00,MA312P2300,MA312P2300,108.0,0.0,0.0,0.0,9,108.5,109.0,3,101.0,108.0,110.0,108.0,66.0,7194.0,69
2023-05-09 21:31:03,MA312P2300,MA312P2300,108.0,0.0,0.0,0.0,6,108.5,109.0,3,101.0,108.0,110.0,108.0,66.0,7194.0,69
2023-05-09 21:31:05,MA312P2300,MA312P2300,108.0,0.0,0.0,0.0,3,108.5,109.5,6,101.0,108.0,110.0,108.0,66.0,7194.0,69
2023-05-09 21:31:08,MA312P2300,MA312P2300,108.0,0.0,0.0,0.0,3,103.0,110.0,3,101.0,108.0,110.0,108.0,66.0,7194.0,69
2023-05-09 21:31:11,MA312P2300,MA312P2300,108.0,0.0,0.0,0.0,1,73.0,110.0,3,101.0,108.0,110.0,108.0,66.0,7194.0,69
2023-05-09 21:31:11,MA312P2300,MA312P2300,108.0,0.0,0.0,0.0,1,81.0,110.0,3,101.0,108.0,110.0,108.0,66.0,7194.0,69
2023-05-09 21:32:01,MA312P2300,MA312P2300,108.0,0.0,0.0,0.0,3,100.0,110.0,3,101.0,108.0,110.0,108.0,66.0,7194.0,69
2023-05-09 21:32:03,MA312P2300,MA312P2300,108.0,0.0,0.0,0.0,3,108.5,109.0,3,101.0,108.0,110.0,108.0,66.0,7194.0,69
2023-05-09 21:32:06,MA312P2300,MA312P2300,109.0,3.0,327.0,3.0,3,108.5,110.0,3,101.0,108.0,110.0,108.0,69.0,7521.0,72
2023-05-09 21:32:06,MA312P2300,MA312P2300,109.0,0.0,0.0,0.0,6,108.5,109.5,3,101.0,108.0,110.0,108.0,69.0,7521.0,72
2023-05-09 21:32:08,MA312P2300,MA312P2300,109.0,0.0,0.0,0.0,9,108.5,109.5,3,101.0,108.0,110.0,108.0,69.0,7521.0,72
2023-05-09 21:32:10,MA312P2300,MA312P2300,109.5,1.0,109.0,1.0,9,108.5,109.5,2,101.0,108.0,110.0,108.0,70.0,7630.0,73
2023-05-09 21:32:11,MA312P2300,MA312P2300,109.5,0.0,0.0,0.0,12,108.5,109.5,2,101.0,108.0,110.0,108.0,70.0,7630.0,73
2023-05-09 21:32:13,MA312P2300,MA312P2300,109.5,0.0,0.0,0.0,1,109.0,109.5,3,101.0,108.0,110.0,108.0,70.0,7630.0,73
2023-05-09 21:32:16,MA312P2300,MA312P2300,109.5,0.0,0.0,0.0,4,109.0,109.5,6,101.0,108.0,110.0,108.0,70.0,7630.0,73
2023-05-09 21:32:16,MA312P2300,MA312P2300,109.5,0.0,0.0,0.0,4,109.0,109.5,9,101.0,108.0,110.0,108.0,70.0,7630.0,73
2023-05-09 21:32:18,MA312P2300,MA312P2300,109.5,0.0,0.0,0.0,4,109.0,109.5,12,101.0,108.0,110.0,108.0,70.0,7630.0,73
2023-05-09 21:32:19,MA312P2300,MA312P2300,109.0,3.0,327.0,0.0,18,108.5,109.5,12,101.0,108.0,110.0,108.0,73.0,7957.0,73
2023-05-09 21:32:19,MA312P2300,MA312P2300,109.0,0.0,0.0,0.0,15,108.5,109.5,9,101.0,108.0,110.0,108.0,73.0,7957.0,73
2023-05-09 21:32:19,MA312P2300,MA312P2300,109.0,0.0,0.0,0.0,3,109.0,109.5,9,101.0,108.0,110.0,108.0,73.0,7957.0,73
2023-05-09 21:32:20,MA312P2300,MA312P2300,109.0,0.0,0.0,0.0,15,108.5,109.5,9,101.0,108.0,110.0,108.0,73.0,7957.0,73
2023-05-09 21:32:20,MA312P2300,MA312P2300,109.0,0.0,0.0,0.0,12,108.5,109.5,9,101.0,108.0,110.0,108.0,73.0,7957.0,73
2023-05-09 21:32:23,MA312P2300,MA312P2300,109.0,0.0,0.0,0.0,9,108.5,109.5,9,101.0,108.0,110.0,108.0,73.0,7957.0,73
2023-05-09 21:32:25,MA312P2300,MA312P2300,109.0,0.0,0.0,0.0,6,108.5,109.5,6,101.0,108.0,110.0,108.0,73.0,7957.0,73
2023-05-09 21:32:27,MA312P2300,MA312P2300,109.0,0.0,0.0,0.0,1,109.0,109.5,6,101.0,108.0,110.0,108.0,73.0,7957.0,73
2023-05-09 21:32:29,MA312P2300,MA312P2300,109.0,0.0,0.0,0.0,1,109.0,109.5,3,101.0,108.0,110.0,108.0,73.0,7957.0,73
2023-05-09 21:32:29,MA312P2300,MA312P2300,109.0,0.0,0.0,0.0,3,103.0,109.5,3,101.0,108.0,110.0,108.0,73.0,7957.0,73
2023-05-09 21:32:30,MA312P2300,MA312P2300,109.0,0.0,0.0,0.0,3,103.0,110.0,3,101.0,108.0,110.0,108.0,73.0,7957.0,73
2023-05-09 21:32:31,MA312P2300,MA312P2300,109.0,0.0,0.0,0.0,1,73.0,110.0,3,101.0,108.0,110.0,108.0,73.0,7957.0,73
2023-05-09 21:32:31,MA312P2300,MA312P2300,109.0,0.0,0.0,0.0,1,81.0,110.0,3,101.0,108.0,110.0,108.0,73.0,7957.0,73
2023-05-09 21:33:54,MA312P2300,MA312P2300,109.0,0.0,0.0,0.0,3,99.5,110.0,3,101.0,108.0,110.0,108.0,73.0,7957.0,73
2023-05-09 21:33:55,MA312P2300,MA312P2300,109.0,0.0,0.0,0.0,6,99.5,110.0,6,101.0,108.0,110.0,108.0,73.0,7957.0,73
2023-05-09 21:33:57,MA312P2300,MA312P2300,109.0,0.0,0.0,0.0,3,107.0,107.5,3,101.0,108.0,110.0,108.0,73.0,7957.0,73
2023-05-09 21:34:00,MA312P2300,MA312P2300,109.0,0.0,0.0,0.0,6,107.0,107.5,6,101.0,108.0,110.0,108.0,73.0,7957.0,73
2023-05-09 21:34:00,MA312P2300,MA312P2300,109.0,0.0,0.0,0.0,9,107.0,107.5,9,101.0,108.0,110.0,108.0,73.0,7957.0,73
2023-05-09 21:34:03,MA312P2300,MA312P2300,107.5,9.0,940.0,6.0,3,107.5,110.0,6,101.0,108.0,110.0,107.5,82.0,8897.0,79
2023-05-09 21:34:07,MA312P2300,MA312P2300,107.5,0.0,0.0,0.0,6,107.5,110.0,9,101.0,108.0,110.0,107.5,82.0,8897.0,79
2023-05-09 21:34:07,MA312P2300,MA312P2300,107.5,0.0,0.0,0.0,9,107.5,110.0,9,101.0,108.0,110.0,107.5,82.0,8897.0,79
2023-05-09 21:34:07,MA312P2300,MA312P2300,107.5,0.0,0.0,0.0,9,107.5,110.0,6,101.0,108.0,110.0,107.5,82.0,8897.0,79
2023-05-09 21:34:09,MA312P2300,MA312P2300,107.5,0.0,0.0,0.0,3,109.0,110.0,9,101.0,108.0,110.0,107.5,82.0,8897.0,79
2023-05-09 21:34:11,MA312P2300,MA312P2300,107.5,0.0,0.0,0.0,3,109.0,110.0,12,101.0,108.0,110.0,107.5,82.0,8897.0,79
2023-05-09 21:34:16,MA312P2300,MA312P2300,107.5,0.0,0.0,0.0,1,109.5,110.0,12,101.0,108.0,110.0,107.5,82.0,8897.0,79
2023-05-09 21:34:19,MA312P2300,MA312P2300,107.5,0.0,0.0,0.0,1,109.5,110.0,9,101.0,108.0,110.0,107.5,82.0,8897.0,79
2023-05-09 21:34:20,MA312P2300,MA312P2300,109.0,3.0,325.5,0.0,3,107.5,109.5,3,101.0,108.0,110.0,107.5,85.0,9222.5,79
2023-05-09 21:34:23,MA312P2300,MA312P2300,109.0,0.0,0.0,0.0,1,109.0,109.5,3,101.0,108.0,110.0,107.5,85.0,9222.5,79
2023-05-09 21:34:26,MA312P2300,MA312P2300,109.0,0.0,0.0,0.0,3,107.5,109.5,3,101.0,108.0,110.0,107.5,85.0,9222.5,79
2023-05-09 21:36:04,MA312P2300,MA312P2300,107.5,3.0,325.5,-3.0,1,73.0,109.5,3,101.0,108.0,110.0,107.5,88.0,9548.0,76
2023-05-09 21:36:04,MA312P2300,MA312P2300,107.5,0.0,0.0,0.0,1,81.0,109.5,3,101.0,108.0,110.0,107.5,88.0,9548.0,76
2023-05-09 21:36:08,MA312P2300,MA312P2300,107.5,0.0,0.0,0.0,3,99.0,109.5,3,101.0,108.0,110.0,107.5,88.0,9548.0,76
2023-05-09 21:36:09,MA312P2300,MA312P2300,107.5,0.0,0.0,0.0,6,99.0,109.5,6,101.0,108.0,110.0,107.5,88.0,9548.0,76
2023-05-09 21:36:10,MA312P2300,MA312P2300,107.5,0.0,0.0,0.0,3,107.0,107.5,3,101.0,108.0,110.0,107.5,88.0,9548.0,76
2023-05-09 21:36:13,MA312P2300,MA312P2300,107.5,0.0,0.0,0.0,6,107.0,107.5,6,101.0,108.0,110.0,107.5,88.0,9548.0,76
2023-05-09 21:36:14,MA312P2300,MA312P2300,107.5,0.0,0.0,0.0,9,107.0,107.5,9,101.0,108.0,110.0,107.5,88.0,9548.0,76
2023-05-09 21:36:17,MA312P2300,MA312P2300,107.5,9.0,976.5,9.0,3,107.5,109.5,6,101.0,108.0,110.0,107.5,97.0,10524.5,85
2023-05-09 21:36:18,MA312P2300,MA312P2300,107.5,0.0,0.0,0.0,1,109.0,109.5,6,101.0,108.0,110.0,107.5,97.0,10524.5,85
2023-05-09 21:36:20,MA312P2300,MA312P2300,107.5,0.0,0.0,0.0,4,109.0,109.5,9,101.0,108.0,110.0,107.5,97.0,10524.5,85
2023-05-09 21:36:21,MA312P2300,MA312P2300,107.5,0.0,0.0,0.0,4,109.0,109.5,6,101.0,108.0,110.0,107.5,97.0,10524.5,85
2023-05-09 21:36:22,MA312P2300,MA312P2300,107.5,0.0,0.0,0.0,4,109.0,109.5,9,101.0,108.0,110.0,107.5,97.0,10524.5,85
2023-05-09 21:36:25,MA312P2300,MA312P2300,107.5,0.0,0.0,0.0,4,109.0,109.5,12,101.0,108.0,110.0,107.5,97.0,10524.5,85
2023-05-09 21:36:26,MA312P2300,MA312P2300,108.5,6.0,651.0,0.0,6,108.5,109.5,9,101.0,108.0,110.0,107.5,103.0,11175.5,85
2023-05-09 21:36:30,MA312P2300,MA312P2300,108.5,0.0,0.0,0.0,1,109.0,109.5,9,101.0,108.0,110.0,107.5,103.0,11175.5,85
2023-05-09 21:36:33,MA312P2300,MA312P2300,108.5,6.0,651.0,-3.0,6,107.5,108.5,3,101.0,108.0,110.0,107.5,109.0,11826.5,82
2023-05-09 21:36:35,MA312P2300,MA312P2300,108.5,0.0,0.0,0.0,3,107.5,108.5,3,101.0,108.0,110.0,107.5,109.0,11826.5,82
2023-05-09 21:36:38,MA312P2300,MA312P2300,108.5,0.0,0.0,0.0,1,108.0,108.5,3,101.0,108.0,110.0,107.5,109.0,11826.5,82
2023-05-09 21:36:42,MA312P2300,MA312P2300,107.5,3.0,325.5,-3.0,1,73.0,108.5,3,101.0,108.0,110.0,107.5,112.0,12152.0,79
2023-05-09 21:36:42,MA312P2300,MA312P2300,107.5,0.0,0.0,0.0,1,81.0,108.5,3,101.0,108.0,110.0,107.5,112.0,12152.0,79
2023-05-09 21:37:26,MA312P2300,MA312P2300,107.5,0.0,0.0,0.0,3,98.5,108.5,3,101.0,108.0,110.0,107.5,112.0,12152.0,79
2023-05-09 21:37:27,MA312P2300,MA312P2300,107.5,0.0,0.0,0.0,6,98.5,108.5,6,101.0,108.0,110.0,107.5,112.0,12152.0,79
2023-05-09 21:37:28,MA312P2300,MA312P2300,107.5,0.0,0.0,0.0,3,106.5,107.0,3,101.0,108.0,110.0,107.5,112.0,12152.0,79
2023-05-09 21:37:31,MA312P2300,MA312P2300,107.5,0.0,0.0,0.0,6,106.5,107.0,6,101.0,108.0,110.0,107.5,112.0,12152.0,79
2023-05-09 21:37:32,MA312P2300,MA312P2300,107.5,0.0,0.0,0.0,9,106.5,107.0,9,101.0,108.0,110.0,107.5,112.0,12152.0,79
2023-05-09 21:37:33,MA312P2300,MA312P2300,107.5,0.0,0.0,0.0,12,106.5,107.0,9,101.0,108.0,110.0,107.5,112.0,12152.0,79
2023-05-09 21:37:33,MA312P2300,MA312P2300,107.5,0.0,0.0,0.0,15,106.5,107.0,9,101.0,108.0,110.0,107.5,112.0,12152.0,79
2023-05-09 21:37:33,MA312P2300,MA312P2300,107.5,0.0,0.0,0.0,12,106.5,107.0,9,101.0,108.0,110.0,107.5,112.0,12152.0,79
2023-05-09 21:37:33,MA312P2300,MA312P2300,107.5,0.0,0.0,0.0,15,106.5,107.0,9,101.0,108.0,110.0,107.5,112.0,12152.0,79
2023-05-09 21:37:35,MA312P2300,MA312P2300,107.0,9.0,976.5,9.0,3,107.0,108.0,3,101.0,108.0,110.0,107.0,121.0,13128.5,88
2023-05-09 21:37:37,MA312P2300,MA312P2300,108.0,3.0,325.5,3.0,3,107.0,109.0,3,101.0,108.0,110.0,107.0,124.0,13454.0,91
2023-05-09 21:37:38,MA312P2300,MA312P2300,108.0,0.0,0.0,0.0,9,107.0,109.0,6,101.0,108.0,110.0,107.0,124.0,13454.0,91
2023-05-09 21:37:42,MA312P2300,MA312P2300,108.0,0.0,0.0,0.0,1,108.5,109.0,6,101.0,108.0,110.0,107.0,124.0,13454.0,91
2023-05-09 21:37:47,MA312P2300,MA312P2300,108.0,3.0,325.5,0.0,6,107.0,109.0,6,101.0,108.0,110.0,107.0,127.0,13779.5,91
2023-05-09 21:37:50,MA312P2300,MA312P2300,108.0,0.0,0.0,0.0,3,107.0,109.0,3,101.0,108.0,110.0,107.0,127.0,13779.5,91
2023-05-09 21:37:53,MA312P2300,MA312P2300,108.0,0.0,0.0,0.0,1,108.5,109.0,3,101.0,108.0,110.0,107.0,127.0,13779.5,91
2023-05-09 21:37:55,MA312P2300,MA312P2300,108.0,0.0,0.0,0.0,3,107.0,109.0,3,101.0,108.0,110.0,107.0,127.0,13779.5,91
2023-05-09 21:38:22,MA312P2300,MA312P2300,107.0,3.0,325.5,-3.0,1,73.0,109.0,3,101.0,108.0,110.0,107.0,130.0,14105.0,88
2023-05-09 21:38:22,MA312P2300,MA312P2300,107.0,0.0,0.0,0.0,1,81.0,109.0,3,101.0,108.0,110.0,107.0,130.0,14105.0,88
2023-05-09 21:38:30,MA312P2300,MA312P2300,107.0,0.0,0.0,0.0,3,99.0,109.0,3,101.0,108.0,110.0,107.0,130.0,14105.0,88
2023-05-09 21:38:31,MA312P2300,MA312P2300,107.0,0.0,0.0,0.0,4,108.5,109.0,3,101.0,108.0,110.0,107.0,130.0,14105.0,88
2023-05-09 21:38:32,MA312P2300,MA312P2300,107.0,3.0,325.5,3.0,1,108.5,109.0,3,101.0,108.0,110.0,107.0,133.0,14430.5,91
2023-05-09 21:38:35,MA312P2300,MA312P2300,107.0,0.0,0.0,0.0,4,108.5,109.0,6,101.0,108.0,110.0,107.0,133.0,14430.5,91
2023-05-09 21:38:37,MA312P2300,MA312P2300,107.0,0.0,0.0,0.0,4,108.5,109.0,9,101.0,108.0,110.0,107.0,133.0,14430.5,91
2023-05-09 21:38:41,MA312P2300,MA312P2300,108.5,3.0,325.5,0.0,6,107.5,108.5,3,101.0,108.0,110.0,107.0,136.0,14756.0,91
2023-05-09 21:38:41,MA312P2300,MA312P2300,108.5,0.0,0.0,0.0,3,107.5,108.5,3,101.0,108.0,110.0,107.0,136.0,14756.0,91
2023-05-09 21:38:42,MA312P2300,MA312P2300,108.5,0.0,0.0,0.0,9,107.5,108.5,6,101.0,108.0,110.0,107.0,136.0,14756.0,91
2023-05-09 21:38:42,MA312P2300,MA312P2300,108.5,0.0,0.0,0.0,12,107.5,108.5,6,101.0,108.0,110.0,107.0,136.0,14756.0,91
2023-05-09 21:38:45,MA312P2300,MA312P2300,108.5,0.0,0.0,0.0,1,108.0,108.5,6,101.0,108.0,110.0,107.0,136.0,14756.0,91
2023-05-09 21:38:45,MA312P2300,MA312P2300,108.5,0.0,0.0,0.0,4,108.0,108.5,6,101.0,108.0,110.0,107.0,136.0,14756.0,91
2023-05-09 21:38:49,MA312P2300,MA312P2300,107.5,7.0,759.5,0.0,3,107.0,108.5,3,101.0,108.0,110.0,107.0,143.0,15515.5,91
2023-05-09 21:38:49,MA312P2300,MA312P2300,107.0,3.0,325.5,0.0,3,103.5,107.0,3,101.0,108.0,110.0,107.0,146.0,15841.0,91
2023-05-09 21:38:53,MA312P2300,MA312P2300,107.0,0.0,0.0,0.0,3,102.5,107.0,3,101.0,108.0,110.0,107.0,146.0,15841.0,91
2023-05-09 21:39:00,MA312P2300,MA312P2300,107.0,0.0,0.0,0.0,1,73.0,107.0,3,101.0,108.0,110.0,107.0,146.0,15841.0,91
2023-05-09 21:39:00,MA312P2300,MA312P2300,107.0,0.0,0.0,0.0,1,81.0,107.0,3,101.0,108.0,110.0,107.0,146.0,15841.0,91
2023-05-09 21:39:38,MA312P2300,MA312P2300,107.0,0.0,0.0,0.0,3,99.0,107.0,3,101.0,108.0,110.0,107.0,146.0,15841.0,91
2023-05-09 21:39:39,MA312P2300,MA312P2300,107.0,0.0,0.0,0.0,6,99.0,107.0,3,101.0,108.0,110.0,107.0,146.0,15841.0,91
2023-05-09 21:39:40,MA312P2300,MA312P2300,107.0,3.0,325.5,-3.0,6,99.0,107.5,3,101.0,108.0,110.0,107.0,149.0,16166.5,88
2023-05-09 21:39:44,MA312P2300,MA312P2300,107.0,0.0,0.0,0.0,3,100.5,106.5,3,101.0,108.0,110.0,107.0,149.0,16166.5,88
2023-05-09 21:39:45,MA312P2300,MA312P2300,107.0,0.0,0.0,0.0,6,100.5,106.5,3,101.0,108.0,110.0,107.0,149.0,16166.5,88
2023-05-09 21:39:46,MA312P2300,MA312P2300,107.0,0.0,0.0,0.0,9,100.5,106.5,3,101.0,108.0,110.0,107.0,149.0,16166.5,88
2023-05-09 21:39:49,MA312P2300,MA312P2300,107.0,0.0,0.0,0.0,3,103.5,106.5,3,101.0,108.0,110.0,107.0,149.0,16166.5,88
2023-05-09 21:39:49,MA312P2300,MA312P2300,107.0,0.0,0.0,0.0,3,104.0,107.0,3,101.0,108.0,110.0,107.0,149.0,16166.5,88
2023-05-09 21:39:50,MA312P2300,MA312P2300,107.0,0.0,0.0,0.0,6,104.0,107.0,6,101.0,108.0,110.0,107.0,149.0,16166.5,88
2023-05-09 21:39:51,MA312P2300,MA312P2300,107.0,0.0,0.0,0.0,3,104.0,106.0,1,101.0,108.0,110.0,107.0,149.0,16166.5,88
2023-05-09 21:39:51,MA312P2300,MA312P2300,107.0,0.0,0.0,0.0,3,104.5,106.0,4,101.0,108.0,110.0,107.0,149.0,16166.5,88
2023-05-09 21:39:54,MA312P2300,MA312P2300,106.0,3.0,249.5,3.0,3,106.0,106.5,3,101.0,108.0,110.0,106.0,152.0,16416.0,91
2023-05-09 21:39:54,MA312P2300,MA312P2300,106.0,3.0,324.0,-3.0,3,104.5,106.5,3,101.0,108.0,110.0,106.0,155.0,16740.0,88
2023-05-09 21:39:56,MA312P2300,MA312P2300,108.5,9.0,972.0,3.0,3,104.5,109.0,6,101.0,108.0,110.0,106.0,164.0,17712.0,91
2023-05-09 21:39:59,MA312P2300,MA312P2300,108.5,0.0,0.0,0.0,1,108.5,109.0,3,101.0,108.0,110.0,106.0,164.0,17712.0,91
2023-05-09 21:40:03,MA312P2300,MA312P2300,108.5,0.0,0.0,0.0,3,104.5,109.0,3,101.0,108.0,110.0,106.0,164.0,17712.0,91
2023-05-09 21:40:05,MA312P2300,MA312P2300,108.5,0.0,0.0,0.0,3,101.0,109.0,3,101.0,108.0,110.0,106.0,164.0,17712.0,91
2023-05-09 21:40:08,MA312P2300,MA312P2300,108.5,0.0,0.0,0.0,1,73.0,109.0,3,101.0,108.0,110.0,106.0,164.0,17712.0,91
2023-05-09 21:40:09,MA312P2300,MA312P2300,108.5,0.0,0.0,0.0,1,81.0,109.0,3,101.0,108.0,110.0,106.0,164.0,17712.0,91
2023-05-09 21:40:43,MA312P2300,MA312P2300,108.5,0.0,0.0,0.0,3,99.0,109.0,3,101.0,108.0,110.0,106.0,164.0,17712.0,91
2023-05-09 21:40:44,MA312P2300,MA312P2300,108.5,0.0,0.0,0.0,6,99.0,109.0,6,101.0,108.0,110.0,106.0,164.0,17712.0,91
2023-05-09 21:40:45,MA312P2300,MA312P2300,108.5,0.0,0.0,0.0,3,107.0,107.5,3,101.0,108.0,110.0,106.0,164.0,17712.0,91
2023-05-09 21:40:48,MA312P2300,MA312P2300,108.5,0.0,0.0,0.0,6,107.0,107.5,6,101.0,108.0,110.0,106.0,164.0,17712.0,91
2023-05-09 21:40:48,MA312P2300,MA312P2300,107.5,6.0,648.0,6.0,3,107.5,108.0,3,101.0,108.0,110.0,106.0,170.0,18360.0,97
2023-05-09 21:40:52,MA312P2300,MA312P2300,108.0,3.0,324.0,3.0,3,107.5,109.0,6,101.0,108.0,110.0,106.0,173.0,18684.0,100
2023-05-09 21:40:53,MA312P2300,MA312P2300,108.0,0.0,0.0,0.0,1,108.5,109.0,6,101.0,108.0,110.0,106.0,173.0,18684.0,100
2023-05-09 21:40:55,MA312P2300,MA312P2300,108.0,0.0,0.0,0.0,4,108.5,109.0,9,101.0,108.0,110.0,106.0,173.0,18684.0,100
2023-05-09 21:40:56,MA312P2300,MA312P2300,108.0,0.0,0.0,0.0,4,108.5,109.0,6,101.0,108.0,110.0,106.0,173.0,18684.0,100
2023-05-09 21:41:01,MA312P2300,MA312P2300,108.0,6.0,648.0,-3.0,6,107.5,109.0,6,101.0,108.0,110.0,106.0,179.0,19332.0,97
2023-05-09 21:41:03,MA312P2300,MA312P2300,108.0,0.0,0.0,0.0,1,108.5,109.0,6,101.0,108.0,110.0,106.0,179.0,19332.0,97
2023-05-09 21:41:08,MA312P2300,MA312P2300,107.5,6.0,648.0,-3.0,3,104.0,109.0,3,101.0,108.0,110.0,106.0,185.0,19980.0,94
2023-05-09 21:41:08,MA312P2300,MA312P2300,107.5,0.0,0.0,0.0,3,102.5,109.0,3,101.0,108.0,110.0,106.0,185.0,19980.0,94
2023-05-09 21:41:13,MA312P2300,MA312P2300,107.5,0.0,0.0,0.0,1,73.0,109.0,3,101.0,108.0,110.0,106.0,185.0,19980.0,94
2023-05-09 21:41:13,MA312P2300,MA312P2300,107.5,0.0,0.0,0.0,1,81.0,109.0,3,101.0,108.0,110.0,106.0,185.0,19980.0,94
2023-05-09 21:41:38,MA312P2300,MA312P2300,107.5,0.0,0.0,0.0,1,81.0,109.5,3,101.0,108.0,110.0,106.0,185.0,19980.0,94
2023-05-09 21:41:39,MA312P2300,MA312P2300,107.5,0.0,0.0,0.0,1,81.0,110.0,3,101.0,108.0,110.0,106.0,185.0,19980.0,94
2023-05-09 21:41:49,MA312P2300,MA312P2300,107.5,0.0,0.0,0.0,3,100.0,110.0,3,101.0,108.0,110.0,106.0,185.0,19980.0,94
2023-05-09 21:41:51,MA312P2300,MA312P2300,107.5,0.0,0.0,0.0,6,100.0,110.0,6,101.0,108.0,110.0,106.0,185.0,19980.0,94
2023-05-09 21:41:52,MA312P2300,MA312P2300,107.5,0.0,0.0,0.0,3,107.5,108.0,3,101.0,108.0,110.0,106.0,185.0,19980.0,94
2023-05-09 21:41:54,MA312P2300,MA312P2300,107.5,0.0,0.0,0.0,6,107.5,108.0,6,101.0,108.0,110.0,106.0,185.0,19980.0,94
2023-05-09 21:41:54,MA312P2300,MA312P2300,107.5,0.0,0.0,0.0,9,107.5,108.0,6,101.0,108.0,110.0,106.0,185.0,19980.0,94
2023-05-09 21:42:01,MA312P2300,MA312P2300,107.5,0.0,0.0,0.0,12,107.5,108.0,9,101.0,108.0,110.0,106.0,185.0,19980.0,94
2023-05-09 21:42:04,MA312P2300,MA312P2300,107.5,0.0,0.0,0.0,9,107.5,108.0,6,101.0,108.0,110.0,106.0,185.0,19980.0,94
2023-05-09 21:42:04,MA312P2300,MA312P2300,107.0,12.0,1296.0,0.0,6,104.0,107.5,3,101.0,108.0,110.0,106.0,197.0,21276.0,94
2023-05-09 21:42:06,MA312P2300,MA312P2300,107.0,0.0,0.0,0.0,9,104.0,107.5,3,101.0,108.0,110.0,106.0,197.0,21276.0,94
2023-05-09 21:42:08,MA312P2300,MA312P2300,107.0,0.0,0.0,0.0,6,104.0,107.5,3,101.0,108.0,110.0,106.0,197.0,21276.0,94
2023-05-09 21:42:10,MA312P2300,MA312P2300,107.0,0.0,0.0,0.0,6,104.0,105.5,1,101.0,108.0,110.0,106.0,197.0,21276.0,94
2023-05-09 21:42:12,MA312P2300,MA312P2300,107.0,0.0,0.0,0.0,3,104.0,105.5,1,101.0,108.0,110.0,106.0,197.0,21276.0,94
2023-05-09 21:42:13,MA312P2300,MA312P2300,107.0,0.0,0.0,0.0,3,104.0,107.5,3,101.0,108.0,110.0,106.0,197.0,21276.0,94
2023-05-09 21:42:17,MA312P2300,MA312P2300,107.0,0.0,0.0,0.0,3,100.0,107.5,3,101.0,108.0,110.0,106.0,197.0,21276.0,94
2023-05-09 21:42:19,MA312P2300,MA312P2300,107.0,0.0,0.0,0.0,1,73.0,107.5,3,101.0,108.0,110.0,106.0,197.0,21276.0,94
2023-05-09 21:42:20,MA312P2300,MA312P2300,107.0,0.0,0.0,0.0,1,81.0,107.5,3,101.0,108.0,110.0,106.0,197.0,21276.0,94
2023-05-09 21:43:28,MA312P2300,MA312P2300,107.0,0.0,0.0,0.0,3,98.5,107.5,3,101.0,108.0,110.0,106.0,197.0,21276.0,94
2023-05-09 21:43:29,MA312P2300,MA312P2300,107.0,0.0,0.0,0.0,6,98.5,107.5,3,101.0,108.0,110.0,106.0,197.0,21276.0,94
2023-05-09 21:43:30,MA312P2300,MA312P2300,107.0,0.0,0.0,0.0,3,106.5,107.0,3,101.0,108.0,110.0,106.0,197.0,21276.0,94
2023-05-09 21:43:32,MA312P2300,MA312P2300,107.0,0.0,0.0,0.0,6,106.5,107.0,6,101.0,108.0,110.0,106.0,197.0,21276.0,94
2023-05-09 21:43:32,MA312P2300,MA312P2300,107.0,0.0,0.0,0.0,9,106.5,107.0,6,101.0,108.0,110.0,106.0,197.0,21276.0,94
2023-05-09 21:43:35,MA312P2300,MA312P2300,107.0,0.0,0.0,0.0,12,106.5,107.0,6,101.0,108.0,110.0,106.0,197.0,21276.0,94
2023-05-09 21:43:37,MA312P2300,MA312P2300,107.0,6.0,648.0,6.0,3,107.0,107.5,9,101.0,108.0,110.0,106.0,203.0,21924.0,100
2023-05-09 21:43:41,MA312P2300,MA312P2300,107.0,0.0,0.0,0.0,6,107.0,107.5,12,101.0,108.0,110.0,106.0,203.0,21924.0,100
2023-05-09 21:43:41,MA312P2300,MA312P2300,107.0,0.0,0.0,0.0,9,107.0,107.5,9,101.0,108.0,110.0,106.0,203.0,21924.0,100
2023-05-09 21:43:43,MA312P2300,MA312P2300,107.0,0.0,0.0,0.0,12,107.0,107.5,9,101.0,108.0,110.0,106.0,203.0,21924.0,100
2023-05-09 21:43:45,MA312P2300,MA312P2300,107.0,0.0,0.0,0.0,12,107.0,107.5,6,101.0,108.0,110.0,106.0,203.0,21924.0,100
2023-05-09 21:43:52,MA312P2300,MA312P2300,107.0,0.0,0.0,0.0,9,107.0,107.5,3,101.0,108.0,110.0,106.0,203.0,21924.0,100
2023-05-09 21:43:53,MA312P2300,MA312P2300,107.0,0.0,0.0,0.0,6,107.0,107.5,3,101.0,108.0,110.0,106.0,203.0,21924.0,100
2023-05-09 21:43:54,MA312P2300,MA312P2300,107.0,0.0,0.0,0.0,3,107.0,107.5,3,101.0,108.0,110.0,106.0,203.0,21924.0,100
2023-05-09 21:44:51,MA312P2300,MA312P2300,107.5,3.0,324.0,0.0,3,107.0,110.0,3,101.0,108.0,110.0,106.0,206.0,22248.0,100
2023-05-09 21:44:56,MA312P2300,MA312P2300,107.0,3.0,324.0,-3.0,1,73.0,110.0,3,101.0,108.0,110.0,106.0,209.0,22572.0,97
2023-05-09 21:44:56,MA312P2300,MA312P2300,107.0,0.0,0.0,0.0,1,81.0,110.0,3,101.0,108.0,110.0,106.0,209.0,22572.0,97
2023-05-09 21:45:07,MA312P2300,MA312P2300,107.0,0.0,0.0,0.0,3,98.5,110.0,6,101.0,108.0,110.0,106.0,209.0,22572.0,97
2023-05-09 21:45:08,MA312P2300,MA312P2300,107.0,0.0,0.0,0.0,4,109.5,110.0,9,101.0,108.0,110.0,106.0,209.0,22572.0,97
2023-05-09 21:45:09,MA312P2300,MA312P2300,107.0,3.0,324.0,3.0,1,109.5,110.0,9,101.0,108.0,110.0,106.0,212.0,22896.0,100
2023-05-09 21:45:11,MA312P2300,MA312P2300,107.0,0.0,0.0,0.0,4,109.5,110.0,12,101.0,108.0,110.0,106.0,212.0,22896.0,100
2023-05-09 21:45:16,MA312P2300,MA312P2300,109.5,3.0,324.0,0.0,3,106.5,109.5,3,101.0,108.0,110.0,106.0,215.0,23220.0,100
2023-05-09 21:45:18,MA312P2300,MA312P2300,109.5,0.0,0.0,0.0,1,109.0,109.5,3,101.0,108.0,110.0,106.0,215.0,23220.0,100
2023-05-09 21:45:18,MA312P2300,MA312P2300,109.5,0.0,0.0,0.0,4,109.0,109.5,6,101.0,108.0,110.0,106.0,215.0,23220.0,100
2023-05-09 21:45:21,MA312P2300,MA312P2300,109.5,0.0,0.0,0.0,3,109.0,109.5,6,101.0,108.0,110.0,106.0,215.0,23220.0,100
2023-05-09 21:45:21,MA312P2300,MA312P2300,109.0,3.0,324.0,0.0,6,103.5,107.5,3,101.0,108.0,110.0,106.0,218.0,23544.0,100
2023-05-09 21:45:21,MA312P2300,MA312P2300,109.0,0.0,0.0,0.0,3,107.0,107.5,3,101.0,108.0,110.0,106.0,218.0,23544.0,100
2023-05-09 21:45:22,MA312P2300,MA312P2300,109.0,0.0,0.0,0.0,6,107.0,107.5,3,101.0,108.0,110.0,106.0,218.0,23544.0,100
2023-05-09 21:45:24,MA312P2300,MA312P2300,109.0,0.0,0.0,0.0,9,107.0,107.5,3,101.0,108.0,110.0,106.0,218.0,23544.0,100
2023-05-09 21:45:34,MA312P2300,MA312P2300,109.0,0.0,0.0,0.0,6,107.0,107.5,3,101.0,108.0,110.0,106.0,218.0,23544.0,100
2023-05-09 21:45:34,MA312P2300,MA312P2300,109.0,0.0,0.0,0.0,3,101.5,107.5,3,101.0,108.0,110.0,106.0,218.0,23544.0,100
2023-05-09 21:45:36,MA312P2300,MA312P2300,109.0,0.0,0.0,0.0,1,73.0,107.5,3,101.0,108.0,110.0,106.0,218.0,23544.0,100
2023-05-09 21:45:37,MA312P2300,MA312P2300,109.0,0.0,0.0,0.0,1,81.0,107.5,3,101.0,108.0,110.0,106.0,218.0,23544.0,100
2023-05-09 21:46:14,MA312P2300,MA312P2300,109.0,0.0,0.0,0.0,3,98.5,107.5,3,101.0,108.0,110.0,106.0,218.0,23544.0,100
2023-05-09 21:46:15,MA312P2300,MA312P2300,109.0,0.0,0.0,0.0,6,98.5,107.5,3,101.0,108.0,110.0,106.0,218.0,23544.0,100
2023-05-09 21:46:17,MA312P2300,MA312P2300,109.0,0.0,0.0,0.0,3,106.5,107.0,3,101.0,108.0,110.0,106.0,218.0,23544.0,100
2023-05-09 21:46:19,MA312P2300,MA312P2300,109.0,0.0,0.0,0.0,6,106.5,107.0,6,101.0,108.0,110.0,106.0,218.0,23544.0,100
2023-05-09 21:46:19,MA312P2300,MA312P2300,109.0,0.0,0.0,0.0,9,106.5,107.0,6,101.0,108.0,110.0,106.0,218.0,23544.0,100
2023-05-09 21:46:21,MA312P2300,MA312P2300,109.0,0.0,0.0,0.0,12,106.5,107.0,6,101.0,108.0,110.0,106.0,218.0,23544.0,100
2023-05-09 21:46:24,MA312P2300,MA312P2300,107.0,6.0,648.0,6.0,3,107.0,107.5,6,101.0,108.0,110.0,106.0,224.0,24192.0,106
2023-05-09 21:46:26,MA312P2300,MA312P2300,107.0,0.0,0.0,0.0,6,107.0,107.5,9,101.0,108.0,110.0,106.0,224.0,24192.0,106
2023-05-09 21:46:26,MA312P2300,MA312P2300,107.0,0.0,0.0,0.0,9,107.0,107.5,6,101.0,108.0,110.0,106.0,224.0,24192.0,106
2023-05-09 21:46:30,MA312P2300,MA312P2300,107.0,0.0,0.0,0.0,12,107.0,107.5,6,101.0,108.0,110.0,106.0,224.0,24192.0,106
2023-05-09 21:46:38,MA312P2300,MA312P2300,107.0,0.0,0.0,0.0,9,107.0,107.5,3,101.0,108.0,110.0,106.0,224.0,24192.0,106
2023-05-09 21:46:38,MA312P2300,MA312P2300,107.0,0.0,0.0,0.0,6,107.0,107.5,3,101.0,108.0,110.0,106.0,224.0,24192.0,106
2023-05-09 21:46:42,MA312P2300,MA312P2300,107.0,0.0,0.0,0.0,3,107.0,107.5,3,101.0,108.0,110.0,106.0,224.0,24192.0,106
2023-05-09 21:47:29,MA312P2300,MA312P2300,107.5,3.0,324.0,0.0,3,107.0,109.5,3,101.0,108.0,110.0,106.0,227.0,24516.0,106
2023-05-09 21:47:33,MA312P2300,MA312P2300,107.0,3.0,324.0,-3.0,1,73.0,109.5,3,101.0,108.0,110.0,106.0,230.0,24840.0,103
2023-05-09 21:47:33,MA312P2300,MA312P2300,107.0,0.0,0.0,0.0,1,81.0,109.5,3,101.0,108.0,110.0,106.0,230.0,24840.0,103
2023-05-09 21:47:39,MA312P2300,MA312P2300,107.0,0.0,0.0,0.0,3,98.5,109.5,3,101.0,108.0,110.0,106.0,230.0,24840.0,103
2023-05-09 21:47:39,MA312P2300,MA312P2300,107.0,0.0,0.0,0.0,4,109.0,109.5,3,101.0,108.0,110.0,106.0,230.0,24840.0,103
2023-05-09 21:47:40,MA312P2300,MA312P2300,107.0,0.0,0.0,0.0,4,109.0,109.5,6,101.0,108.0,110.0,106.0,230.0,24840.0,103
2023-05-09 21:47:41,MA312P2300,MA312P2300,107.0,3.0,324.0,3.0,1,109.0,109.5,6,101.0,108.0,110.0,106.0,233.0,25164.0,106
2023-05-09 21:47:44,MA312P2300,MA312P2300,107.0,0.0,0.0,0.0,4,109.0,109.5,9,101.0,108.0,110.0,106.0,233.0,25164.0,106
2023-05-09 21:47:50,MA312P2300,MA312P2300,109.0,3.0,324.0,0.0,6,106.5,109.0,3,101.0,108.0,110.0,106.0,236.0,25488.0,106
2023-05-09 21:47:51,MA312P2300,MA312P2300,109.0,0.0,0.0,0.0,9,106.5,109.0,6,101.0,108.0,110.0,106.0,236.0,25488.0,106
2023-05-09 21:47:52,MA312P2300,MA312P2300,109.0,0.0,0.0,0.0,1,108.5,109.0,6,101.0,108.0,110.0,106.0,236.0,25488.0,106
2023-05-09 21:47:54,MA312P2300,MA312P2300,109.0,0.0,0.0,0.0,4,108.5,109.0,9,101.0,108.0,110.0,106.0,236.0,25488.0,106
2023-05-09 21:47:56,MA312P2300,MA312P2300,109.0,0.0,0.0,0.0,4,108.5,109.0,12,101.0,108.0,110.0,106.0,236.0,25488.0,106
2023-05-09 21:47:57,MA312P2300,MA312P2300,107.5,9.0,972.0,-3.0,3,106.5,108.5,3,101.0,108.0,110.0,106.0,245.0,26460.0,103
2023-05-09 21:48:03,MA312P2300,MA312P2300,107.5,0.0,0.0,0.0,3,103.0,108.5,3,101.0,108.0,110.0,106.0,245.0,26460.0,103
2023-05-09 21:48:09,MA312P2300,MA312P2300,107.5,0.0,0.0,0.0,1,73.0,108.5,3,101.0,108.0,110.0,106.0,245.0,26460.0,103
2023-05-09 21:48:10,MA312P2300,MA312P2300,107.5,0.0,0.0,0.0,1,81.0,108.5,3,101.0,108.0,110.0,106.0,245.0,26460.0,103
2023-05-09 21:48:21,MA312P2300,MA312P2300,107.5,0.0,0.0,0.0,1,81.0,109.0,3,101.0,108.0,110.0,106.0,245.0,26460.0,103
2023-05-09 21:48:42,MA312P2300,MA312P2300,107.5,0.0,0.0,0.0,3,98.0,109.0,3,101.0,108.0,110.0,106.0,245.0,26460.0,103
2023-05-09 21:48:43,MA312P2300,MA312P2300,107.5,0.0,0.0,0.0,6,98.0,109.0,6,101.0,108.0,110.0,106.0,245.0,26460.0,103
2023-05-09 21:48:44,MA312P2300,MA312P2300,107.5,0.0,0.0,0.0,3,106.0,106.5,3,101.0,108.0,110.0,106.0,245.0,26460.0,103
2023-05-09 21:48:47,MA312P2300,MA312P2300,107.5,0.0,0.0,0.0,6,106.0,106.5,6,101.0,108.0,110.0,106.0,245.0,26460.0,103
2023-05-09 21:48:48,MA312P2300,MA312P2300,107.5,0.0,0.0,0.0,9,106.0,106.5,9,101.0,108.0,110.0,106.0,245.0,26460.0,103
2023-05-09 21:48:50,MA312P2300,MA312P2300,106.5,9.0,972.0,6.0,3,106.5,109.0,6,101.0,108.0,110.0,106.0,254.0,27432.0,109
2023-05-09 21:48:55,MA312P2300,MA312P2300,106.5,0.0,0.0,0.0,6,106.5,109.0,9,101.0,108.0,110.0,106.0,254.0,27432.0,109
2023-05-09 21:48:55,MA312P2300,MA312P2300,106.5,0.0,0.0,0.0,1,108.5,109.0,6,101.0,108.0,110.0,106.0,254.0,27432.0,109
2023-05-09 21:48:57,MA312P2300,MA312P2300,106.5,0.0,0.0,0.0,1,108.5,109.0,9,101.0,108.0,110.0,106.0,254.0,27432.0,109
2023-05-09 21:48:59,MA312P2300,MA312P2300,108.5,1.0,108.0,0.0,3,108.0,108.5,8,101.0,108.0,110.0,106.0,255.0,27540.0,109
2023-05-09 21:49:02,MA312P2300,MA312P2300,108.5,0.0,0.0,0.0,3,108.0,108.5,3,101.0,108.0,110.0,106.0,255.0,27540.0,109
2023-05-09 21:49:03,MA312P2300,MA312P2300,107.5,6.0,648.0,0.0,6,106.5,108.5,3,101.0,108.0,110.0,106.0,261.0,28188.0,109
2023-05-09 21:49:06,MA312P2300,MA312P2300,107.5,0.0,0.0,0.0,1,108.0,108.5,3,101.0,108.0,110.0,106.0,261.0,28188.0,109
2023-05-09 21:49:07,MA312P2300,MA312P2300,108.0,1.0,108.0,0.0,3,106.5,108.0,5,101.0,108.0,110.0,106.0,262.0,28296.0,109
2023-05-09 21:49:09,MA312P2300,MA312P2300,108.0,0.0,0.0,0.0,3,106.5,108.5,3,101.0,108.0,110.0,106.0,262.0,28296.0,109
2023-05-09 21:49:11,MA312P2300,MA312P2300,108.0,0.0,0.0,0.0,3,106.5,109.0,3,101.0,108.0,110.0,106.0,262.0,28296.0,109
2023-05-09 21:49:43,MA312P2300,MA312P2300,106.5,3.0,324.0,-3.0,1,73.0,109.0,3,101.0,108.0,110.0,106.0,265.0,28620.0,106
2023-05-09 21:49:44,MA312P2300,MA312P2300,106.5,0.0,0.0,0.0,1,81.0,109.0,3,101.0,108.0,110.0,106.0,265.0,28620.0,106
2023-05-09 21:49:55,MA312P2300,MA312P2300,106.5,0.0,0.0,0.0,3,98.0,109.0,3,101.0,108.0,110.0,106.0,265.0,28620.0,106
2023-05-09 21:49:56,MA312P2300,MA312P2300,106.5,0.0,0.0,0.0,6,98.0,109.0,6,101.0,108.0,110.0,106.0,265.0,28620.0,106
2023-05-09 21:49:56,MA312P2300,MA312P2300,106.5,0.0,0.0,0.0,4,108.5,109.0,6,101.0,108.0,110.0,106.0,265.0,28620.0,106
2023-05-09 21:49:57,MA312P2300,MA312P2300,107.5,3.0,324.0,3.0,1,108.5,109.0,6,101.0,108.0,110.0,106.0,268.0,28944.0,109
2023-05-09 21:50:00,MA312P2300,MA312P2300,107.5,0.0,0.0,0.0,4,108.5,109.0,9,101.0,108.0,110.0,106.0,268.0,28944.0,109
2023-05-09 21:50:02,MA312P2300,MA312P2300,107.5,0.0,0.0,0.0,4,108.5,109.0,12,101.0,108.0,110.0,106.0,268.0,28944.0,109
2023-05-09 21:50:02,MA312P2300,MA312P2300,108.5,1.0,108.0,0.0,3,108.5,109.0,12,101.0,108.0,110.0,106.0,269.0,29052.0,109
2023-05-09 21:50:04,MA312P2300,MA312P2300,108.5,3.0,324.0,0.0,3,107.5,108.5,3,101.0,108.0,110.0,106.0,272.0,29376.0,109
2023-05-09 21:50:04,MA312P2300,MA312P2300,108.5,0.0,0.0,0.0,1,108.0,108.5,3,101.0,108.0,110.0,106.0,272.0,29376.0,109
2023-05-09 21:50:07,MA312P2300,MA312P2300,108.5,0.0,0.0,0.0,4,108.0,108.5,6,101.0,108.0,110.0,106.0,272.0,29376.0,109
2023-05-09 21:50:08,MA312P2300,MA312P2300,107.5,6.0,648.0,0.0,3,104.5,108.5,3,101.0,108.0,110.0,106.0,278.0,30024.0,109
2023-05-09 21:50:09,MA312P2300,MA312P2300,107.5,0.0,0.0,0.0,6,102.5,108.5,3,101.0,108.0,110.0,106.0,278.0,30024.0,109
2023-05-09 21:50:10,MA312P2300,MA312P2300,107.5,0.0,0.0,0.0,9,102.5,108.5,3,101.0,108.0,110.0,106.0,278.0,30024.0,109
2023-05-09 21:50:12,MA312P2300,MA312P2300,107.5,0.0,0.0,0.0,9,102.5,105.0,1,101.0,108.0,110.0,106.0,278.0,30024.0,109
2023-05-09 21:50:15,MA312P2300,MA312P2300,105.5,4.0,432.0,0.0,3,105.5,108.5,3,101.0,108.0,110.0,105.0,282.0,30456.0,109
2023-05-09 21:50:18,MA312P2300,MA312P2300,105.5,0.0,0.0,0.0,3,102.5,108.5,3,101.0,108.0,110.0,105.0,282.0,30456.0,109
2023-05-09 21:50:23,MA312P2300,MA312P2300,105.5,0.0,0.0,0.0,3,108.0,108.5,3,101.0,108.0,110.0,105.0,282.0,30456.0,109
2023-05-09 21:50:25,MA312P2300,MA312P2300,105.5,0.0,0.0,0.0,3,102.5,108.5,3,101.0,108.0,110.0,105.0,282.0,30456.0,109
2023-05-09 21:50:26,MA312P2300,MA312P2300,105.5,0.0,0.0,0.0,1,73.0,108.5,3,101.0,108.0,110.0,105.0,282.0,30456.0,109
2023-05-09 21:50:34,MA312P2300,MA312P2300,105.5,0.0,0.0,0.0,1,81.0,108.5,3,101.0,108.0,110.0,105.0,282.0,30456.0,109
2023-05-09 21:51:04,MA312P2300,MA312P2300,105.5,0.0,0.0,0.0,1,73.0,108.5,3,101.0,108.0,110.0,105.0,282.0,30456.0,109
2023-05-09 21:51:27,MA312P2300,MA312P2300,105.5,0.0,0.0,0.0,1,105.0,108.5,3,101.0,108.0,110.0,105.0,282.0,30456.0,109
2023-05-09 22:34:11,MA312P2300,MA312P2300,108.5,3.0,324.0,-3.0,1,105.0,109.0,3,101.0,108.0,110.0,105.0,285.0,30780.0,106
2023-05-09 22:34:15,MA312P2300,MA312P2300,108.5,0.0,0.0,0.0,3,108.0,109.0,3,101.0,108.0,110.0,105.0,285.0,30780.0,106
2023-05-09 22:34:18,MA312P2300,MA312P2300,108.5,0.0,0.0,0.0,1,105.0,109.0,3,101.0,108.0,110.0,105.0,285.0,30780.0,106
2023-05-09 22:34:23,MA312P2300,MA312P2300,108.5,0.0,0.0,0.0,5,108.5,109.0,3,101.0,108.0,110.0,105.0,285.0,30780.0,106
2023-05-09 22:34:25,MA312P2300,MA312P2300,109.0,3.0,324.0,-3.0,2,109.0,109.5,3,101.0,108.0,110.0,105.0,288.0,31104.0,103
2023-05-09 22:34:30,MA312P2300,MA312P2300,109.0,0.0,0.0,0.0,1,105.0,109.5,3,101.0,108.0,110.0,105.0,288.0,31104.0,103
2023-05-09 22:50:36,MA312P2300,MA312P2300,109.0,0.0,0.0,0.0,1,73.0,109.5,3,101.0,108.0,110.0,105.0,288.0,31104.0,103
2023-05-09 22:51:50,MA312P2300,MA312P2300,109.0,0.0,0.0,0.0,1,73.5,109.5,3,101.0,108.0,110.0,105.0,288.0,31104.0,103
2023-05-09 22:55:50,MA312P2300,MA312P2300,109.0,0.0,0.0,0.0,3,99.5,109.5,3,101.0,108.0,110.0,105.0,288.0,31104.0,103
2023-05-09 22:55:50,MA312P2300,MA312P2300,109.0,0.0,0.0,0.0,3,102.5,109.5,3,101.0,108.0,110.0,105.0,288.0,31104.0,103
2023-05-09 22:55:51,MA312P2300,MA312P2300,109.0,0.0,0.0,0.0,6,102.5,109.5,6,101.0,108.0,110.0,105.0,288.0,31104.0,103
2023-05-09 22:55:51,MA312P2300,MA312P2300,109.0,0.0,0.0,0.0,3,102.5,109.5,3,101.0,108.0,110.0,105.0,288.0,31104.0,103
2023-05-09 22:55:52,MA312P2300,MA312P2300,109.0,0.0,0.0,0.0,3,106.0,109.0,3,101.0,108.0,110.0,105.0,288.0,31104.0,103
2023-05-09 22:55:55,MA312P2300,MA312P2300,109.0,0.0,0.0,0.0,3,106.5,108.5,3,101.0,108.0,110.0,105.0,288.0,31104.0,103
2023-05-09 22:56:02,MA312P2300,MA312P2300,109.0,0.0,0.0,0.0,6,106.5,108.5,6,101.0,108.0,110.0,105.0,288.0,31104.0,103
2023-05-09 22:56:02,MA312P2300,MA312P2300,109.0,0.0,0.0,0.0,6,106.5,108.5,9,101.0,108.0,110.0,105.0,288.0,31104.0,103
2023-05-09 22:56:05,MA312P2300,MA312P2300,109.0,0.0,0.0,0.0,6,106.5,107.0,1,101.0,108.0,110.0,105.0,288.0,31104.0,103
2023-05-09 22:56:05,MA312P2300,MA312P2300,109.0,0.0,0.0,0.0,6,106.5,107.0,4,101.0,108.0,110.0,105.0,288.0,31104.0,103
2023-05-09 22:56:07,MA312P2300,MA312P2300,109.0,0.0,0.0,0.0,9,106.5,107.0,4,101.0,108.0,110.0,105.0,288.0,31104.0,103
2023-05-09 22:56:08,MA312P2300,MA312P2300,107.0,3.0,324.0,3.0,3,107.0,107.5,3,101.0,108.0,110.0,105.0,291.0,31428.0,106
2023-05-09 22:56:08,MA312P2300,MA312P2300,107.0,0.0,0.0,0.0,3,107.0,108.0,3,101.0,108.0,110.0,105.0,291.0,31428.0,106
2023-05-09 22:56:12,MA312P2300,MA312P2300,107.0,0.0,0.0,0.0,1,107.5,108.0,3,101.0,108.0,110.0,105.0,291.0,31428.0,106
2023-05-09 22:56:17,MA312P2300,MA312P2300,107.0,0.0,0.0,0.0,3,107.0,108.0,3,101.0,108.0,110.0,105.0,291.0,31428.0,106
2023-05-09 22:56:17,MA312P2300,MA312P2300,107.0,0.0,0.0,0.0,3,107.0,109.5,3,101.0,108.0,110.0,105.0,291.0,31428.0,106
2023-05-09 22:56:27,MA312P2300,MA312P2300,107.0,3.0,324.0,-3.0,1,73.0,109.5,3,101.0,108.0,110.0,105.0,294.0,31752.0,103
2023-05-09 22:56:27,MA312P2300,MA312P2300,107.0,0.0,0.0,0.0,1,81.0,109.5,3,101.0,108.0,110.0,105.0,294.0,31752.0,103
2023-05-09 22:57:03,MA312P2300,MA312P2300,107.0,0.0,0.0,0.0,3,103.0,109.5,3,101.0,108.0,110.0,105.0,294.0,31752.0,103
2023-05-09 22:57:04,MA312P2300,MA312P2300,107.0,0.0,0.0,0.0,6,103.0,109.5,3,101.0,108.0,110.0,105.0,294.0,31752.0,103
2023-05-09 22:57:05,MA312P2300,MA312P2300,107.0,0.0,0.0,0.0,3,106.0,109.0,3,101.0,108.0,110.0,105.0,294.0,31752.0,103
2023-05-09 22:57:07,MA312P2300,MA312P2300,107.0,0.0,0.0,0.0,3,106.5,108.5,3,101.0,108.0,110.0,105.0,294.0,31752.0,103
2023-05-09 22:57:15,MA312P2300,MA312P2300,107.0,0.0,0.0,0.0,6,106.5,108.5,6,101.0,108.0,110.0,105.0,294.0,31752.0,103
2023-05-09 22:57:15,MA312P2300,MA312P2300,107.0,0.0,0.0,0.0,6,106.5,108.5,9,101.0,108.0,110.0,105.0,294.0,31752.0,103
2023-05-09 22:57:19,MA312P2300,MA312P2300,107.0,0.0,0.0,0.0,3,106.5,108.5,6,101.0,108.0,110.0,105.0,294.0,31752.0,103
2023-05-09 22:57:20,MA312P2300,MA312P2300,107.0,0.0,0.0,0.0,6,106.5,108.5,9,101.0,108.0,110.0,105.0,294.0,31752.0,103
2023-05-09 22:57:25,MA312P2300,MA312P2300,107.0,0.0,0.0,0.0,6,106.5,108.5,6,101.0,108.0,110.0,105.0,294.0,31752.0,103
2023-05-09 22:57:27,MA312P2300,MA312P2300,107.0,0.0,0.0,0.0,3,106.5,108.5,3,101.0,108.0,110.0,105.0,294.0,31752.0,103
2023-05-09 22:57:30,MA312P2300,MA312P2300,107.0,0.0,0.0,0.0,3,101.5,109.5,3,101.0,108.0,110.0,105.0,294.0,31752.0,103
2023-05-09 22:57:33,MA312P2300,MA312P2300,107.0,0.0,0.0,0.0,1,73.0,109.5,3,101.0,108.0,110.0,105.0,294.0,31752.0,103
2023-05-09 22:57:45,MA312P2300,MA312P2300,107.0,0.0,0.0,0.0,19,30.0,109.5,3,101.0,108.0,110.0,105.0,294.0,31752.0,103
2023-05-09 22:57:45,MA312P2300,MA312P2300,107.0,0.0,0.0,0.0,6,31.0,109.5,3,101.0,108.0,110.0,105.0,294.0,31752.0,103
2023-05-09 22:59:53,MA312P2300,MA312P2300,107.0,0.0,0.0,0.0,19,30.0,109.5,3,101.0,108.0,110.0,105.0,294.0,31752.0,103
2023-05-10 09:00:22,MA312P2300,MA312P2300,107.0,0.0,0.0,0.0,1,30.5,109.5,3,101.0,108.0,110.0,105.0,294.0,31752.0,103
2023-05-10 09:00:24,MA312P2300,MA312P2300,107.0,0.0,0.0,0.0,6,31.5,109.5,3,101.0,108.0,110.0,105.0,294.0,31752.0,103
2023-05-10 09:01:32,MA312P2300,MA312P2300,107.0,0.0,0.0,0.0,1,39.5,109.5,3,101.0,108.0,110.0,105.0,294.0,31752.0,103
2023-05-10 09:01:33,MA312P2300,MA312P2300,107.0,0.0,0.0,0.0,6,40.5,109.5,3,101.0,108.0,110.0,105.0,294.0,31752.0,103
2023-05-10 09:02:25,MA312P2300,MA312P2300,107.0,0.0,0.0,0.0,1,48.5,109.5,3,101.0,108.0,110.0,105.0,294.0,31752.0,103
2023-05-10 09:02:28,MA312P2300,MA312P2300,107.0,0.0,0.0,0.0,6,49.5,109.5,3,101.0,108.0,110.0,105.0,294.0,31752.0,103
2023-05-10 09:02:33,MA312P2300,MA312P2300,107.0,0.0,0.0,0.0,1,57.5,109.5,3,101.0,108.0,110.0,105.0,294.0,31752.0,103
2023-05-10 09:02:34,MA312P2300,MA312P2300,107.0,0.0,0.0,0.0,6,58.5,109.5,3,101.0,108.0,110.0,105.0,294.0,31752.0,103
2023-05-10 09:02:37,MA312P2300,MA312P2300,107.0,0.0,0.0,0.0,1,66.5,109.5,3,101.0,108.0,110.0,105.0,294.0,31752.0,103
2023-05-10 09:06:09,MA312P2300,MA312P2300,107.0,0.0,0.0,0.0,3,98.0,109.5,6,101.0,108.0,110.0,105.0,294.0,31752.0,103
2023-05-10 09:06:10,MA312P2300,MA312P2300,107.0,0.0,0.0,0.0,6,98.0,109.5,9,101.0,108.0,110.0,105.0,294.0,31752.0,103
2023-05-10 09:06:11,MA312P2300,MA312P2300,107.0,0.0,0.0,0.0,3,104.5,107.5,3,101.0,108.0,110.0,105.0,294.0,31752.0,103
2023-05-10 09:06:14,MA312P2300,MA312P2300,107.0,0.0,0.0,0.0,3,105.0,107.0,3,101.0,108.0,110.0,105.0,294.0,31752.0,103
2023-05-10 09:06:14,MA312P2300,MA312P2300,107.0,0.0,0.0,0.0,6,105.0,107.0,6,101.0,108.0,110.0,105.0,294.0,31752.0,103
2023-05-10 09:06:17,MA312P2300,MA312P2300,107.0,0.0,0.0,0.0,3,105.0,105.5,4,101.0,108.0,110.0,105.0,294.0,31752.0,103
2023-05-10 09:06:17,MA312P2300,MA312P2300,107.0,0.0,0.0,0.0,6,105.0,105.5,7,101.0,108.0,110.0,105.0,294.0,31752.0,103
2023-05-10 09:06:18,MA312P2300,MA312P2300,105.0,6.0,648.0,0.0,6,104.5,105.5,1,101.0,108.0,110.0,105.0,300.0,32400.0,103
2023-05-10 09:06:18,MA312P2300,MA312P2300,105.0,0.0,0.0,0.0,9,104.5,105.5,1,101.0,108.0,110.0,105.0,300.0,32400.0,103
2023-05-10 09:06:20,MA312P2300,MA312P2300,105.0,0.0,0.0,0.0,12,104.5,105.5,4,101.0,108.0,110.0,105.0,300.0,32400.0,103
2023-05-10 09:06:23,MA312P2300,MA312P2300,105.0,0.0,0.0,0.0,9,104.5,105.5,4,101.0,108.0,110.0,105.0,300.0,32400.0,103
2023-05-10 09:06:23,MA312P2300,MA312P2300,106.0,6.0,648.0,0.0,3,104.5,109.5,3,101.0,108.0,110.0,105.0,306.0,33048.0,103
2023-05-10 09:06:27,MA312P2300,MA312P2300,106.0,0.0,0.0,0.0,1,109.0,109.5,3,101.0,108.0,110.0,105.0,306.0,33048.0,103
2023-05-10 09:06:32,MA312P2300,MA312P2300,106.0,0.0,0.0,0.0,3,104.0,109.5,3,101.0,108.0,110.0,105.0,306.0,33048.0,103
2023-05-10 09:06:36,MA312P2300,MA312P2300,106.0,0.0,0.0,0.0,3,101.0,109.5,3,101.0,108.0,110.0,105.0,306.0,33048.0,103
2023-05-10 09:06:38,MA312P2300,MA312P2300,106.0,0.0,0.0,0.0,1,30.5,109.5,3,101.0,108.0,110.0,105.0,306.0,33048.0,103
2023-05-10 09:06:39,MA312P2300,MA312P2300,106.0,0.0,0.0,0.0,1,38.5,109.5,3,101.0,108.0,110.0,105.0,306.0,33048.0,103
2023-05-10 09:06:40,MA312P2300,MA312P2300,106.0,0.0,0.0,0.0,6,39.5,109.5,3,101.0,108.0,110.0,105.0,306.0,33048.0,103
2023-05-10 09:06:40,MA312P2300,MA312P2300,106.0,0.0,0.0,0.0,1,47.5,109.5,3,101.0,108.0,110.0,105.0,306.0,33048.0,103
2023-05-10 09:06:41,MA312P2300,MA312P2300,106.0,0.0,0.0,0.0,6,48.5,109.5,3,101.0,108.0,110.0,105.0,306.0,33048.0,103
2023-05-10 09:06:41,MA312P2300,MA312P2300,106.0,0.0,0.0,0.0,1,56.5,109.5,3,101.0,108.0,110.0,105.0,306.0,33048.0,103
2023-05-10 09:07:19,MA312P2300,MA312P2300,106.0,0.0,0.0,0.0,3,98.5,109.5,3,101.0,108.0,110.0,105.0,306.0,33048.0,103
2023-05-10 09:07:20,MA312P2300,MA312P2300,106.0,0.0,0.0,0.0,6,98.5,109.5,6,101.0,108.0,110.0,105.0,306.0,33048.0,103
2023-05-10 09:07:21,MA312P2300,MA312P2300,106.0,0.0,0.0,0.0,3,104.5,107.5,3,101.0,108.0,110.0,105.0,306.0,33048.0,103
2023-05-10 09:07:24,MA312P2300,MA312P2300,106.0,0.0,0.0,0.0,3,104.5,105.5,1,101.0,108.0,110.0,105.0,306.0,33048.0,103
2023-05-10 09:07:24,MA312P2300,MA312P2300,106.0,0.0,0.0,0.0,6,104.5,105.0,3,101.0,108.0,110.0,105.0,306.0,33048.0,103
2023-05-10 09:07:26,MA312P2300,MA312P2300,105.0,3.0,169.5,3.0,3,105.0,107.5,3,101.0,108.0,110.0,105.0,309.0,33217.5,106
2023-05-10 09:07:32,MA312P2300,MA312P2300,105.0,0.0,0.0,0.0,1,107.0,107.5,3,101.0,108.0,110.0,105.0,309.0,33217.5,106
2023-05-10 09:07:32,MA312P2300,MA312P2300,105.0,0.0,0.0,0.0,4,107.0,107.5,9,101.0,108.0,110.0,105.0,309.0,33217.5,106
2023-05-10 09:07:34,MA312P2300,MA312P2300,105.0,0.0,0.0,0.0,4,107.0,107.5,3,101.0,108.0,110.0,105.0,309.0,33217.5,106
2023-05-10 09:07:34,MA312P2300,MA312P2300,105.0,3.0,322.5,3.0,1,107.0,107.5,3,101.0,108.0,110.0,105.0,312.0,33540.0,109
2023-05-10 09:07:35,MA312P2300,MA312P2300,106.5,2.0,215.0,0.0,3,106.5,108.0,3,101.0,108.0,110.0,105.0,314.0,33755.0,109
2023-05-10 09:07:38,MA312P2300,MA312P2300,106.5,0.0,0.0,0.0,1,107.5,108.0,3,101.0,108.0,110.0,105.0,314.0,33755.0,109
2023-05-10 09:07:42,MA312P2300,MA312P2300,106.5,3.0,322.5,0.0,3,105.0,109.5,3,101.0,108.0,110.0,105.0,317.0,34077.5,109
2023-05-10 09:08:38,MA312P2300,MA312P2300,105.0,3.0,322.5,-3.0,1,30.5,109.5,3,101.0,108.0,110.0,105.0,320.0,34400.0,106
2023-05-10 09:08:38,MA312P2300,MA312P2300,105.0,0.0,0.0,0.0,1,38.5,109.5,3,101.0,108.0,110.0,105.0,320.0,34400.0,106
2023-05-10 09:08:39,MA312P2300,MA312P2300,105.0,0.0,0.0,0.0,6,39.5,109.5,3,101.0,108.0,110.0,105.0,320.0,34400.0,106
2023-05-10 09:08:40,MA312P2300,MA312P2300,105.0,0.0,0.0,0.0,1,47.5,109.5,3,101.0,108.0,110.0,105.0,320.0,34400.0,106
2023-05-10 09:08:40,MA312P2300,MA312P2300,105.0,0.0,0.0,0.0,6,48.5,109.5,3,101.0,108.0,110.0,105.0,320.0,34400.0,106
2023-05-10 09:08:41,MA312P2300,MA312P2300,105.0,0.0,0.0,0.0,1,56.5,109.5,3,101.0,108.0,110.0,105.0,320.0,34400.0,106
2023-05-10 09:08:41,MA312P2300,MA312P2300,105.0,0.0,0.0,0.0,6,57.5,109.5,3,101.0,108.0,110.0,105.0,320.0,34400.0,106
2023-05-10 09:08:42,MA312P2300,MA312P2300,105.0,0.0,0.0,0.0,1,65.5,109.5,3,101.0,108.0,110.0,105.0,320.0,34400.0,106
2023-05-10 09:08:42,MA312P2300,MA312P2300,105.0,0.0,0.0,0.0,1,66.0,109.5,3,101.0,108.0,110.0,105.0,320.0,34400.0,106
2023-05-10 09:08:43,MA312P2300,MA312P2300,105.0,0.0,0.0,0.0,1,74.0,109.5,3,101.0,108.0,110.0,105.0,320.0,34400.0,106
2023-05-10 09:09:59,MA312P2300,MA312P2300,105.0,0.0,0.0,0.0,3,97.0,108.5,3,101.0,108.0,110.0,105.0,320.0,34400.0,106
2023-05-10 09:10:00,MA312P2300,MA312P2300,105.0,0.0,0.0,0.0,6,97.0,108.5,6,101.0,108.0,110.0,105.0,320.0,34400.0,106
2023-05-10 09:10:01,MA312P2300,MA312P2300,105.0,0.0,0.0,0.0,3,103.5,106.5,3,101.0,108.0,110.0,105.0,320.0,34400.0,106
2023-05-10 09:10:04,MA312P2300,MA312P2300,105.0,0.0,0.0,0.0,3,104.0,106.0,3,101.0,108.0,110.0,105.0,320.0,34400.0,106
2023-05-10 09:10:12,MA312P2300,MA312P2300,105.0,0.0,0.0,0.0,6,104.0,106.0,6,101.0,108.0,110.0,105.0,320.0,34400.0,106
2023-05-10 09:10:12,MA312P2300,MA312P2300,105.0,0.0,0.0,0.0,9,104.0,106.0,9,101.0,108.0,110.0,105.0,320.0,34400.0,106
2023-05-10 09:10:14,MA312P2300,MA312P2300,104.0,9.0,967.5,3.0,3,103.5,108.0,3,101.0,108.0,110.0,104.0,329.0,35367.5,109
2023-05-10 09:10:14,MA312P2300,MA312P2300,104.0,0.0,0.0,0.0,6,103.5,106.5,3,101.0,108.0,110.0,104.0,329.0,35367.5,109
2023-05-10 09:10:16,MA312P2300,MA312P2300,104.0,0.0,0.0,0.0,9,103.5,106.5,6,101.0,108.0,110.0,104.0,329.0,35367.5,109
2023-05-10 09:10:19,MA312P2300,MA312P2300,104.0,0.0,0.0,0.0,6,103.5,106.5,6,101.0,108.0,110.0,104.0,329.0,35367.5,109
2023-05-10 09:10:26,MA312P2300,MA312P2300,104.0,0.0,0.0,0.0,3,103.5,106.5,3,101.0,108.0,110.0,104.0,329.0,35367.5,109
2023-05-10 09:10:27,MA312P2300,MA312P2300,104.0,0.0,0.0,0.0,3,99.5,109.5,3,101.0,108.0,110.0,104.0,329.0,35367.5,109
2023-05-10 09:10:29,MA312P2300,MA312P2300,104.0,0.0,0.0,0.0,1,66.0,109.5,3,101.0,108.0,110.0,104.0,329.0,35367.5,109
2023-05-10 09:10:30,MA312P2300,MA312P2300,104.0,0.0,0.0,0.0,1,74.0,109.5,3,101.0,108.0,110.0,104.0,329.0,35367.5,109
2023-05-10 09:13:55,MA312P2300,MA312P2300,104.0,0.0,0.0,0.0,3,98.5,109.5,3,101.0,108.0,110.0,104.0,329.0,35367.5,109
2023-05-10 09:13:56,MA312P2300,MA312P2300,104.0,0.0,0.0,0.0,6,98.5,109.5,6,101.0,108.0,110.0,104.0,329.0,35367.5,109
2023-05-10 09:13:57,MA312P2300,MA312P2300,104.0,0.0,0.0,0.0,3,104.5,107.5,3,101.0,108.0,110.0,104.0,329.0,35367.5,109
2023-05-10 09:14:00,MA312P2300,MA312P2300,104.0,0.0,0.0,0.0,3,105.0,107.0,3,101.0,108.0,110.0,104.0,329.0,35367.5,109
2023-05-10 09:14:02,MA312P2300,MA312P2300,104.0,0.0,0.0,0.0,6,105.0,107.0,6,101.0,108.0,110.0,104.0,329.0,35367.5,109
2023-05-10 09:14:06,MA312P2300,MA312P2300,104.0,0.0,0.0,0.0,9,105.0,107.0,9,101.0,108.0,110.0,104.0,329.0,35367.5,109
2023-05-10 09:14:08,MA312P2300,MA312P2300,104.0,0.0,0.0,0.0,12,105.0,107.0,12,101.0,108.0,110.0,104.0,329.0,35367.5,109
2023-05-10 09:14:12,MA312P2300,MA312P2300,104.0,0.0,0.0,0.0,9,105.0,107.0,9,101.0,108.0,110.0,104.0,329.0,35367.5,109
2023-05-10 09:14:13,MA312P2300,MA312P2300,104.0,0.0,0.0,0.0,3,105.0,107.0,3,101.0,108.0,110.0,104.0,329.0,35367.5,109
2023-05-10 09:14:20,MA312P2300,MA312P2300,104.0,0.0,0.0,0.0,3,104.5,107.5,3,101.0,108.0,110.0,104.0,329.0,35367.5,109
2023-05-10 09:14:22,MA312P2300,MA312P2300,104.0,0.0,0.0,0.0,3,100.5,109.5,3,101.0,108.0,110.0,104.0,329.0,35367.5,109
2023-05-10 09:14:25,MA312P2300,MA312P2300,104.0,0.0,0.0,0.0,1,66.0,109.5,3,101.0,108.0,110.0,104.0,329.0,35367.5,109
2023-05-10 09:14:26,MA312P2300,MA312P2300,104.0,0.0,0.0,0.0,1,74.0,109.5,3,101.0,108.0,110.0,104.0,329.0,35367.5,109
2023-05-10 09:17:14,MA312P2300,MA312P2300,104.0,0.0,0.0,0.0,1,74.0,104.0,2,101.0,108.0,110.0,104.0,329.0,35367.5,109
2023-05-10 09:17:15,MA312P2300,MA312P2300,104.0,2.0,215.0,0.0,1,74.0,109.5,3,101.0,108.0,110.0,104.0,331.0,35582.5,109
2023-05-10 09:24:10,MA312P2300,MA312P2300,104.0,0.0,0.0,0.0,1,66.0,109.5,3,101.0,108.0,110.0,104.0,331.0,35582.5,109
2023-05-10 09:24:10,MA312P2300,MA312P2300,104.0,0.0,0.0,0.0,1,66.5,109.5,3,101.0,108.0,110.0,104.0,331.0,35582.5,109
2023-05-10 09:30:09,MA312P2300,MA312P2300,104.0,0.0,0.0,0.0,3,98.5,109.5,3,101.0,108.0,110.0,104.0,331.0,35582.5,109
2023-05-10 09:30:10,MA312P2300,MA312P2300,104.0,0.0,0.0,0.0,6,98.5,109.5,6,101.0,108.0,110.0,104.0,331.0,35582.5,109
2023-05-10 09:30:11,MA312P2300,MA312P2300,104.0,0.0,0.0,0.0,3,105.0,108.0,3,101.0,108.0,110.0,104.0,331.0,35582.5,109
2023-05-10 09:30:14,MA312P2300,MA312P2300,104.0,0.0,0.0,0.0,3,105.5,107.5,3,101.0,108.0,110.0,104.0,331.0,35582.5,109
2023-05-10 09:30:16,MA312P2300,MA312P2300,104.0,0.0,0.0,0.0,3,105.5,107.5,6,101.0,108.0,110.0,104.0,331.0,35582.5,109
2023-05-10 09:30:17,MA312P2300,MA312P2300,104.0,0.0,0.0,0.0,6,105.5,107.5,6,101.0,108.0,110.0,104.0,331.0,35582.5,109
2023-05-10 09:30:20,MA312P2300,MA312P2300,104.0,0.0,0.0,0.0,9,105.5,107.5,9,101.0,108.0,110.0,104.0,331.0,35582.5,109
2023-05-10 09:30:21,MA312P2300,MA312P2300,104.0,0.0,0.0,0.0,12,105.5,107.5,12,101.0,108.0,110.0,104.0,331.0,35582.5,109
2023-05-10 09:30:26,MA312P2300,MA312P2300,104.0,0.0,0.0,0.0,9,105.5,107.5,9,101.0,108.0,110.0,104.0,331.0,35582.5,109
2023-05-10 09:30:27,MA312P2300,MA312P2300,104.0,0.0,0.0,0.0,9,105.5,107.5,6,101.0,108.0,110.0,104.0,331.0,35582.5,109
2023-05-10 09:30:27,MA312P2300,MA312P2300,104.0,0.0,0.0,0.0,9,105.5,107.5,3,101.0,108.0,110.0,104.0,331.0,35582.5,109
2023-05-10 09:30:29,MA312P2300,MA312P2300,104.0,0.0,0.0,0.0,6,105.5,107.5,3,101.0,108.0,110.0,104.0,331.0,35582.5,109
2023-05-10 09:30:29,MA312P2300,MA312P2300,104.0,0.0,0.0,0.0,3,105.5,107.5,3,101.0,108.0,110.0,104.0,331.0,35582.5,109
2023-05-10 09:30:33,MA312P2300,MA312P2300,104.0,0.0,0.0,0.0,3,105.0,108.0,3,101.0,108.0,110.0,104.0,331.0,35582.5,109
2023-05-10 09:30:36,MA312P2300,MA312P2300,104.0,0.0,0.0,0.0,3,100.5,109.5,3,101.0,108.0,110.0,104.0,331.0,35582.5,109
2023-05-10 09:30:39,MA312P2300,MA312P2300,104.0,0.0,0.0,0.0,1,66.0,109.5,3,101.0,108.0,110.0,104.0,331.0,35582.5,109
2023-05-10 09:30:39,MA312P2300,MA312P2300,104.0,0.0,0.0,0.0,1,74.0,109.5,3,101.0,108.0,110.0,104.0,331.0,35582.5,109
2023-05-10 09:54:18,MA312P2300,MA312P2300,109.5,3.0,322.5,0.0,1,74.0,110.0,3,101.0,108.0,110.0,104.0,334.0,35905.0,109
2023-05-10 09:54:19,MA312P2300,MA312P2300,109.5,0.0,0.0,0.0,1,74.5,110.0,3,101.0,108.0,110.0,104.0,334.0,35905.0,109
2023-05-10 09:54:20,MA312P2300,MA312P2300,109.5,0.0,0.0,0.0,1,75.0,110.0,3,101.0,108.0,110.0,104.0,334.0,35905.0,109
2023-05-10 09:54:20,MA312P2300,MA312P2300,109.5,0.0,0.0,0.0,1,75.5,110.0,3,101.0,108.0,110.0,104.0,334.0,35905.0,109
2023-05-10 09:54:21,MA312P2300,MA312P2300,109.5,0.0,0.0,0.0,1,76.0,110.0,3,101.0,108.0,110.0,104.0,334.0,35905.0,109
2023-05-10 09:54:21,MA312P2300,MA312P2300,109.5,0.0,0.0,0.0,1,76.5,110.0,3,101.0,108.0,110.0,104.0,334.0,35905.0,109
2023-05-10 09:54:22,MA312P2300,MA312P2300,109.5,0.0,0.0,0.0,1,77.0,110.0,3,101.0,108.0,110.0,104.0,334.0,35905.0,109
2023-05-10 09:57:59,MA312P2300,MA312P2300,110.0,3.0,322.5,0.0,1,77.0,0.0,0,101.0,108.0,110.0,104.0,337.0,36227.5,109
2023-05-10 09:57:59,MA312P2300,MA312P2300,110.0,0.0,0.0,0.0,1,77.5,0.0,0,101.0,108.0,110.0,104.0,337.0,36227.5,109
2023-05-10 09:58:00,MA312P2300,MA312P2300,110.0,0.0,0.0,0.0,1,78.0,0.0,0,101.0,108.0,110.0,104.0,337.0,36227.5,109
2023-05-10 10:12:06,MA312P2300,MA312P2300,110.0,0.0,0.0,0.0,1,77.5,0.0,0,101.0,108.0,110.0,104.0,337.0,36227.5,109
2023-05-10 10:14:30,MA312P2300,MA312P2300,110.0,0.0,0.0,0.0,19,30.0,0.0,0,101.0,108.0,110.0,104.0,337.0,36227.5,109
2023-05-10 10:14:30,MA312P2300,MA312P2300,110.0,0.0,0.0,0.0,6,31.0,0.0,0,101.0,108.0,110.0,104.0,337.0,36227.5,109
2023-05-10 10:14:49,MA312P2300,MA312P2300,110.0,0.0,0.0,0.0,3,104.0,116.0,3,101.0,108.0,110.0,104.0,337.0,36227.5,109
2023-05-10 10:14:51,MA312P2300,MA312P2300,110.0,0.0,0.0,0.0,3,110.0,113.0,3,101.0,108.0,110.0,104.0,337.0,36227.5,109
2023-05-10 10:14:55,MA312P2300,MA312P2300,110.0,0.0,0.0,0.0,6,110.0,113.0,6,101.0,108.0,110.0,104.0,337.0,36227.5,109
2023-05-10 10:30:00,MA312P2300,MA312P2300,110.0,0.0,0.0,0.0,3,110.0,113.0,3,101.0,108.0,110.0,104.0,337.0,36227.5,109
2023-05-10 10:30:03,MA312P2300,MA312P2300,110.0,0.0,0.0,0.0,6,110.0,113.0,3,101.0,108.0,110.0,104.0,337.0,36227.5,109
2023-05-10 10:30:14,MA312P2300,MA312P2300,110.0,0.0,0.0,0.0,3,110.0,113.0,3,101.0,108.0,110.0,104.0,337.0,36227.5,109
2023-05-10 10:38:35,MA312P2300,MA312P2300,113.0,3.0,322.5,3.0,3,110.0,117.5,3,101.0,108.0,113.0,104.0,340.0,36550.0,112
2023-05-10 11:29:31,MA312P2300,MA312P2300,113.0,0.0,0.0,0.0,3,110.0,0.0,0,101.0,108.0,113.0,104.0,340.0,36550.0,112
2023-05-10 13:30:00,MA312P2300,MA312P2300,113.0,0.0,0.0,0.0,19,30.0,0.0,0,101.0,108.0,113.0,104.0,340.0,36550.0,112
2023-05-10 13:30:11,MA312P2300,MA312P2300,113.0,0.0,0.0,0.0,1,30.5,0.0,0,101.0,108.0,113.0,104.0,340.0,36550.0,112
2023-05-10 13:30:13,MA312P2300,MA312P2300,113.0,0.0,0.0,0.0,6,31.5,0.0,0,101.0,108.0,113.0,104.0,340.0,36550.0,112
2023-05-10 13:31:35,MA312P2300,MA312P2300,113.0,0.0,0.0,0.0,1,39.5,0.0,0,101.0,108.0,113.0,104.0,340.0,36550.0,112
2023-05-10 13:31:35,MA312P2300,MA312P2300,113.0,0.0,0.0,0.0,6,40.5,0.0,0,101.0,108.0,113.0,104.0,340.0,36550.0,112
2023-05-10 13:33:32,MA312P2300,MA312P2300,113.0,0.0,0.0,0.0,1,48.5,0.0,0,101.0,108.0,113.0,104.0,340.0,36550.0,112
2023-05-10 13:33:33,MA312P2300,MA312P2300,113.0,0.0,0.0,0.0,6,49.5,0.0,0,101.0,108.0,113.0,104.0,340.0,36550.0,112
2023-05-10 13:33:35,MA312P2300,MA312P2300,113.0,0.0,0.0,0.0,1,57.5,0.0,0,101.0,108.0,113.0,104.0,340.0,36550.0,112
2023-05-10 13:54:55,MA312P2300,MA312P2300,113.0,0.0,0.0,0.0,3,106.0,118.5,3,101.0,108.0,113.0,104.0,340.0,36550.0,112
2023-05-10 13:54:56,MA312P2300,MA312P2300,113.0,0.0,0.0,0.0,6,106.0,118.5,6,101.0,108.0,113.0,104.0,340.0,36550.0,112
2023-05-10 13:54:57,MA312P2300,MA312P2300,113.0,0.0,0.0,0.0,3,111.5,114.5,3,101.0,108.0,113.0,104.0,340.0,36550.0,112
2023-05-10 13:55:01,MA312P2300,MA312P2300,113.0,0.0,0.0,0.0,6,111.5,114.5,6,101.0,108.0,113.0,104.0,340.0,36550.0,112
2023-05-10 13:55:02,MA312P2300,MA312P2300,113.0,0.0,0.0,0.0,6,111.5,113.5,1,101.0,108.0,113.0,104.0,340.0,36550.0,112
2023-05-10 13:55:02,MA312P2300,MA312P2300,113.0,0.0,0.0,0.0,6,111.5,113.5,4,101.0,108.0,113.0,104.0,340.0,36550.0,112
2023-05-10 13:55:05,MA312P2300,MA312P2300,113.0,0.0,0.0,0.0,9,111.5,113.0,4,101.0,108.0,113.0,104.0,340.0,36550.0,112
2023-05-10 13:55:07,MA312P2300,MA312P2300,113.0,0.0,0.0,0.0,12,111.5,113.0,6,101.0,108.0,113.0,104.0,340.0,36550.0,112
2023-05-10 13:55:07,MA312P2300,MA312P2300,113.5,9.0,1142.0,6.0,6,111.5,114.5,3,101.0,108.0,113.5,104.0,349.0,37692.0,118
2023-05-10 13:55:09,MA312P2300,MA312P2300,113.5,0.0,0.0,0.0,3,111.5,119.0,3,101.0,108.0,113.5,104.0,349.0,37692.0,118
2023-05-10 13:55:09,MA312P2300,MA312P2300,113.5,0.0,0.0,0.0,3,111.5,120.0,3,101.0,108.0,113.5,104.0,349.0,37692.0,118
2023-05-10 13:55:11,MA312P2300,MA312P2300,113.5,0.0,0.0,0.0,1,114.0,120.0,3,101.0,108.0,113.5,104.0,349.0,37692.0,118
2023-05-10 13:55:16,MA312P2300,MA312P2300,113.5,0.0,0.0,0.0,3,111.5,120.0,3,101.0,108.0,113.5,104.0,349.0,37692.0,118
2023-05-10 13:55:17,MA312P2300,MA312P2300,113.5,0.0,0.0,0.0,3,111.5,120.5,3,101.0,108.0,113.5,104.0,349.0,37692.0,118
2023-05-10 13:55:18,MA312P2300,MA312P2300,113.5,0.0,0.0,0.0,6,111.0,120.5,3,101.0,108.0,113.5,104.0,349.0,37692.0,118
2023-05-10 13:55:21,MA312P2300,MA312P2300,113.5,0.0,0.0,0.0,3,111.0,120.5,3,101.0,108.0,113.5,104.0,349.0,37692.0,118
2023-05-10 13:55:22,MA312P2300,MA312P2300,113.5,0.0,0.0,0.0,3,110.5,123.5,3,101.0,108.0,113.5,104.0,349.0,37692.0,118
2023-05-10 13:55:25,MA312P2300,MA312P2300,113.5,0.0,0.0,0.0,1,30.5,0.0,0,101.0,108.0,113.5,104.0,349.0,37692.0,118
2023-05-10 13:55:26,MA312P2300,MA312P2300,113.5,0.0,0.0,0.0,1,38.5,0.0,0,101.0,108.0,113.5,104.0,349.0,37692.0,118
2023-05-10 13:55:27,MA312P2300,MA312P2300,113.5,0.0,0.0,0.0,6,39.5,0.0,0,101.0,108.0,113.5,104.0,349.0,37692.0,118
2023-05-10 13:55:27,MA312P2300,MA312P2300,113.5,0.0,0.0,0.0,1,47.5,0.0,0,101.0,108.0,113.5,104.0,349.0,37692.0,118
2023-05-10 13:55:27,MA312P2300,MA312P2300,113.5,0.0,0.0,0.0,6,39.5,0.0,0,101.0,108.0,113.5,104.0,349.0,37692.0,118
2023-05-10 13:55:28,MA312P2300,MA312P2300,113.5,0.0,0.0,0.0,6,48.5,0.0,0,101.0,108.0,113.5,104.0,349.0,37692.0,118
2023-05-10 13:55:29,MA312P2300,MA312P2300,113.5,0.0,0.0,0.0,1,56.5,0.0,0,101.0,108.0,113.5,104.0,349.0,37692.0,118
2023-05-10 13:55:29,MA312P2300,MA312P2300,113.5,0.0,0.0,0.0,6,57.5,0.0,0,101.0,108.0,113.5,104.0,349.0,37692.0,118
2023-05-10 13:55:30,MA312P2300,MA312P2300,113.5,0.0,0.0,0.0,1,65.5,0.0,0,101.0,108.0,113.5,104.0,349.0,37692.0,118
2023-05-10 13:55:52,MA312P2300,MA312P2300,113.5,0.0,0.0,0.0,1,66.0,0.0,0,101.0,108.0,113.5,104.0,349.0,37692.0,118
2023-05-10 13:55:53,MA312P2300,MA312P2300,113.5,0.0,0.0,0.0,1,74.0,0.0,0,101.0,108.0,113.5,104.0,349.0,37692.0,118
2023-05-10 13:55:53,MA312P2300,MA312P2300,113.5,0.0,0.0,0.0,1,74.5,0.0,0,101.0,108.0,113.5,104.0,349.0,37692.0,118
2023-05-10 13:55:54,MA312P2300,MA312P2300,113.5,0.0,0.0,0.0,1,75.0,0.0,0,101.0,108.0,113.5,104.0,349.0,37692.0,118
2023-05-10 13:56:00,MA312P2300,MA312P2300,113.5,0.0,0.0,0.0,3,105.5,118.0,3,101.0,108.0,113.5,104.0,349.0,37692.0,118
2023-05-10 13:56:01,MA312P2300,MA312P2300,113.5,0.0,0.0,0.0,4,115.0,118.0,6,101.0,108.0,113.5,104.0,349.0,37692.0,118
2023-05-10 13:56:02,MA312P2300,MA312P2300,114.0,3.0,324.0,3.0,1,115.0,118.0,6,101.0,108.0,114.0,104.0,352.0,38016.0,121
2023-05-10 13:56:04,MA312P2300,MA312P2300,114.0,0.0,0.0,0.0,1,116.0,118.0,6,101.0,108.0,114.0,104.0,352.0,38016.0,121
2023-05-10 13:56:10,MA312P2300,MA312P2300,114.0,0.0,0.0,0.0,1,116.0,118.0,9,101.0,108.0,114.0,104.0,352.0,38016.0,121
2023-05-10 13:56:12,MA312P2300,MA312P2300,114.0,0.0,0.0,0.0,1,116.0,118.0,6,101.0,108.0,114.0,104.0,352.0,38016.0,121
2023-05-10 13:56:12,MA312P2300,MA312P2300,114.0,0.0,0.0,0.0,4,116.0,118.0,9,101.0,108.0,114.0,104.0,352.0,38016.0,121
2023-05-10 13:56:12,MA312P2300,MA312P2300,114.0,0.0,0.0,0.0,1,116.0,118.0,6,101.0,108.0,114.0,104.0,352.0,38016.0,121
2023-05-10 13:56:13,MA312P2300,MA312P2300,114.0,0.0,0.0,0.0,4,116.0,118.0,6,101.0,108.0,114.0,104.0,352.0,38016.0,121
2023-05-10 13:56:13,MA312P2300,MA312P2300,114.0,0.0,0.0,0.0,4,116.0,118.0,3,101.0,108.0,114.0,104.0,352.0,38016.0,121
2023-05-10 13:56:14,MA312P2300,MA312P2300,114.0,0.0,0.0,0.0,3,116.0,118.0,3,101.0,108.0,114.0,104.0,352.0,38016.0,121
2023-05-10 13:56:17,MA312P2300,MA312P2300,115.5,9.0,972.0,0.0,6,113.0,114.0,3,101.0,108.0,115.5,104.0,361.0,38988.0,121
2023-05-10 13:56:19,MA312P2300,MA312P2300,115.5,0.0,0.0,0.0,3,113.0,114.0,3,101.0,108.0,115.5,104.0,361.0,38988.0,121
2023-05-10 13:56:27,MA312P2300,MA312P2300,115.5,0.0,0.0,0.0,3,107.5,114.0,3,101.0,108.0,115.5,104.0,361.0,38988.0,121
2023-05-10 13:56:30,MA312P2300,MA312P2300,115.5,0.0,0.0,0.0,1,74.5,114.0,3,101.0,108.0,115.5,104.0,361.0,38988.0,121
2023-05-10 13:56:30,MA312P2300,MA312P2300,115.5,0.0,0.0,0.0,1,75.0,114.0,3,101.0,108.0,115.5,104.0,361.0,38988.0,121
2023-05-10 13:56:32,MA312P2300,MA312P2300,115.5,0.0,0.0,0.0,1,75.5,114.0,3,101.0,108.0,115.5,104.0,361.0,38988.0,121
2023-05-10 13:56:33,MA312P2300,MA312P2300,115.5,0.0,0.0,0.0,1,76.0,114.0,3,101.0,108.0,115.5,104.0,361.0,38988.0,121
2023-05-10 13:56:33,MA312P2300,MA312P2300,115.5,0.0,0.0,0.0,1,76.5,114.0,3,101.0,108.0,115.5,104.0,361.0,38988.0,121
2023-05-10 13:56:34,MA312P2300,MA312P2300,115.5,0.0,0.0,0.0,1,77.0,114.0,3,101.0,108.0,115.5,104.0,361.0,38988.0,121
2023-05-10 13:56:41,MA312P2300,MA312P2300,115.5,0.0,0.0,0.0,1,77.5,114.0,3,101.0,108.0,115.5,104.0,361.0,38988.0,121
2023-05-10 13:56:42,MA312P2300,MA312P2300,115.5,0.0,0.0,0.0,1,78.0,114.0,3,101.0,108.0,115.5,104.0,361.0,38988.0,121
2023-05-10 13:56:51,MA312P2300,MA312P2300,115.5,0.0,0.0,0.0,1,78.5,114.0,3,101.0,108.0,115.5,104.0,361.0,38988.0,121
2023-05-10 13:56:52,MA312P2300,MA312P2300,115.5,0.0,0.0,0.0,1,79.0,114.0,3,101.0,108.0,115.5,104.0,361.0,38988.0,121
2023-05-10 14:00:39,MA312P2300,MA312P2300,115.5,0.0,0.0,0.0,3,105.5,114.0,3,101.0,108.0,115.5,104.0,361.0,38988.0,121
2023-05-10 14:00:40,MA312P2300,MA312P2300,115.5,0.0,0.0,0.0,6,105.5,114.0,3,101.0,108.0,115.5,104.0,361.0,38988.0,121
2023-05-10 14:00:41,MA312P2300,MA312P2300,115.5,0.0,0.0,0.0,3,111.0,114.0,6,101.0,108.0,115.5,104.0,361.0,38988.0,121
2023-05-10 14:00:45,MA312P2300,MA312P2300,115.5,0.0,0.0,0.0,3,111.0,114.0,3,101.0,108.0,115.5,104.0,361.0,38988.0,121
2023-05-10 14:00:52,MA312P2300,MA312P2300,115.5,0.0,0.0,0.0,9,111.0,114.0,9,101.0,108.0,115.5,104.0,361.0,38988.0,121
2023-05-10 14:00:53,MA312P2300,MA312P2300,115.5,0.0,0.0,0.0,3,111.0,114.0,3,101.0,108.0,115.5,104.0,361.0,38988.0,121
2023-05-10 14:00:56,MA312P2300,MA312P2300,115.5,0.0,0.0,0.0,9,111.0,114.0,9,101.0,108.0,115.5,104.0,361.0,38988.0,121
2023-05-10 14:01:01,MA312P2300,MA312P2300,115.5,0.0,0.0,0.0,6,111.0,114.0,6,101.0,108.0,115.5,104.0,361.0,38988.0,121
2023-05-10 14:01:04,MA312P2300,MA312P2300,115.5,0.0,0.0,0.0,3,111.0,114.0,3,101.0,108.0,115.5,104.0,361.0,38988.0,121
2023-05-10 14:01:06,MA312P2300,MA312P2300,115.5,0.0,0.0,0.0,3,106.5,118.5,3,101.0,108.0,115.5,104.0,361.0,38988.0,121
2023-05-10 14:01:09,MA312P2300,MA312P2300,115.5,0.0,0.0,0.0,1,78.5,0.0,0,101.0,108.0,115.5,104.0,361.0,38988.0,121
2023-05-10 14:01:09,MA312P2300,MA312P2300,115.5,0.0,0.0,0.0,1,82.5,0.0,0,101.0,108.0,115.5,104.0,361.0,38988.0,121
2023-05-10 14:03:37,MA312P2300,MA312P2300,115.5,0.0,0.0,0.0,3,105.5,118.0,3,101.0,108.0,115.5,104.0,361.0,38988.0,121
2023-05-10 14:03:38,MA312P2300,MA312P2300,115.5,0.0,0.0,0.0,6,105.5,118.0,6,101.0,108.0,115.5,104.0,361.0,38988.0,121
2023-05-10 14:03:39,MA312P2300,MA312P2300,115.5,0.0,0.0,0.0,3,111.0,114.0,3,101.0,108.0,115.5,104.0,361.0,38988.0,121
2023-05-10 14:03:43,MA312P2300,MA312P2300,115.5,0.0,0.0,0.0,6,111.0,114.0,6,101.0,108.0,115.5,104.0,361.0,38988.0,121
2023-05-10 14:03:47,MA312P2300,MA312P2300,115.5,0.0,0.0,0.0,9,111.0,114.0,9,101.0,108.0,115.5,104.0,361.0,38988.0,121
2023-05-10 14:03:49,MA312P2300,MA312P2300,115.5,0.0,0.0,0.0,12,111.0,114.0,9,101.0,108.0,115.5,104.0,361.0,38988.0,121
2023-05-10 14:03:49,MA312P2300,MA312P2300,115.5,0.0,0.0,0.0,15,111.0,114.0,12,101.0,108.0,115.5,104.0,361.0,38988.0,121
2023-05-10 14:03:51,MA312P2300,MA312P2300,115.5,0.0,0.0,0.0,12,111.0,114.0,9,101.0,108.0,115.5,104.0,361.0,38988.0,121
2023-05-10 14:03:54,MA312P2300,MA312P2300,115.5,0.0,0.0,0.0,15,111.0,114.0,9,101.0,108.0,115.5,104.0,361.0,38988.0,121
2023-05-10 14:03:54,MA312P2300,MA312P2300,115.5,0.0,0.0,0.0,18,111.0,114.0,9,101.0,108.0,115.5,104.0,361.0,38988.0,121
2023-05-10 14:03:59,MA312P2300,MA312P2300,115.5,0.0,0.0,0.0,15,111.0,114.0,6,101.0,108.0,115.5,104.0,361.0,38988.0,121
2023-05-10 14:04:00,MA312P2300,MA312P2300,115.5,0.0,0.0,0.0,12,111.0,114.0,6,101.0,108.0,115.5,104.0,361.0,38988.0,121
2023-05-10 14:04:01,MA312P2300,MA312P2300,115.5,0.0,0.0,0.0,6,111.0,114.5,6,101.0,108.0,115.5,104.0,361.0,38988.0,121
2023-05-10 14:04:04,MA312P2300,MA312P2300,115.5,0.0,0.0,0.0,6,111.0,114.5,3,101.0,108.0,115.5,104.0,361.0,38988.0,121
2023-05-10 14:04:05,MA312P2300,MA312P2300,115.5,0.0,0.0,0.0,3,111.0,115.0,3,101.0,108.0,115.5,104.0,361.0,38988.0,121
2023-05-10 14:04:06,MA312P2300,MA312P2300,115.5,0.0,0.0,0.0,3,106.5,118.5,3,101.0,108.0,115.5,104.0,361.0,38988.0,121
2023-05-10 14:04:07,MA312P2300,MA312P2300,115.5,0.0,0.0,0.0,19,30.0,0.0,0,101.0,108.0,115.5,104.0,361.0,38988.0,121
2023-05-10 14:04:07,MA312P2300,MA312P2300,115.5,0.0,0.0,0.0,6,31.0,0.0,0,101.0,108.0,115.5,104.0,361.0,38988.0,121
2023-05-10 14:04:08,MA312P2300,MA312P2300,115.5,0.0,0.0,0.0,1,39.0,0.0,0,101.0,108.0,115.5,104.0,361.0,38988.0,121
2023-05-10 14:04:09,MA312P2300,MA312P2300,115.5,0.0,0.0,0.0,6,40.0,0.0,0,101.0,108.0,115.5,104.0,361.0,38988.0,121
2023-05-10 14:04:11,MA312P2300,MA312P2300,115.5,0.0,0.0,0.0,1,48.0,0.0,0,101.0,108.0,115.5,104.0,361.0,38988.0,121
2023-05-10 14:04:11,MA312P2300,MA312P2300,115.5,0.0,0.0,0.0,6,49.0,0.0,0,101.0,108.0,115.5,104.0,361.0,38988.0,121
2023-05-10 14:04:13,MA312P2300,MA312P2300,115.5,0.0,0.0,0.0,1,57.0,0.0,0,101.0,108.0,115.5,104.0,361.0,38988.0,121
2023-05-10 14:04:14,MA312P2300,MA312P2300,115.5,0.0,0.0,0.0,6,58.0,0.0,0,101.0,108.0,115.5,104.0,361.0,38988.0,121
2023-05-10 14:04:15,MA312P2300,MA312P2300,115.5,0.0,0.0,0.0,1,66.0,0.0,0,101.0,108.0,115.5,104.0,361.0,38988.0,121
2023-05-10 14:05:47,MA312P2300,MA312P2300,115.5,0.0,0.0,0.0,3,106.0,118.5,3,101.0,108.0,115.5,104.0,361.0,38988.0,121
2023-05-10 14:05:48,MA312P2300,MA312P2300,115.5,0.0,0.0,0.0,6,106.0,118.5,6,101.0,108.0,115.5,104.0,361.0,38988.0,121
2023-05-10 14:05:49,MA312P2300,MA312P2300,115.5,0.0,0.0,0.0,3,112.5,115.5,3,101.0,108.0,115.5,104.0,361.0,38988.0,121
2023-05-10 14:05:53,MA312P2300,MA312P2300,115.5,0.0,0.0,0.0,6,112.5,115.5,6,101.0,108.0,115.5,104.0,361.0,38988.0,121
2023-05-10 14:05:57,MA312P2300,MA312P2300,115.5,0.0,0.0,0.0,9,112.5,115.5,9,101.0,108.0,115.5,104.0,361.0,38988.0,121
2023-05-10 14:05:59,MA312P2300,MA312P2300,115.5,0.0,0.0,0.0,12,112.5,115.5,12,101.0,108.0,115.5,104.0,361.0,38988.0,121
2023-05-10 14:06:01,MA312P2300,MA312P2300,115.5,0.0,0.0,0.0,9,112.5,115.5,9,101.0,108.0,115.5,104.0,361.0,38988.0,121
2023-05-10 14:06:03,MA312P2300,MA312P2300,115.5,0.0,0.0,0.0,12,112.5,115.5,9,101.0,108.0,115.5,104.0,361.0,38988.0,121
2023-05-10 14:06:04,MA312P2300,MA312P2300,115.5,0.0,0.0,0.0,15,112.5,115.5,9,101.0,108.0,115.5,104.0,361.0,38988.0,121
2023-05-10 14:06:09,MA312P2300,MA312P2300,115.5,0.0,0.0,0.0,12,112.5,115.5,6,101.0,108.0,115.5,104.0,361.0,38988.0,121
2023-05-10 14:06:11,MA312P2300,MA312P2300,115.5,0.0,0.0,0.0,6,112.5,116.0,6,101.0,108.0,115.5,104.0,361.0,38988.0,121
2023-05-10 14:06:14,MA312P2300,MA312P2300,115.5,0.0,0.0,0.0,6,112.5,116.0,3,101.0,108.0,115.5,104.0,361.0,38988.0,121
2023-05-10 14:06:14,MA312P2300,MA312P2300,115.5,0.0,0.0,0.0,3,108.0,120.0,3,101.0,108.0,115.5,104.0,361.0,38988.0,121
2023-05-10 14:06:17,MA312P2300,MA312P2300,115.5,0.0,0.0,0.0,19,30.0,0.0,0,101.0,108.0,115.5,104.0,361.0,38988.0,121
2023-05-10 14:06:17,MA312P2300,MA312P2300,115.5,0.0,0.0,0.0,6,31.0,0.0,0,101.0,108.0,115.5,104.0,361.0,38988.0,121
2023-05-10 14:06:19,MA312P2300,MA312P2300,115.5,0.0,0.0,0.0,1,31.5,0.0,0,101.0,108.0,115.5,104.0,361.0,38988.0,121
2023-05-10 14:06:19,MA312P2300,MA312P2300,115.5,0.0,0.0,0.0,6,32.5,0.0,0,101.0,108.0,115.5,104.0,361.0,38988.0,121
2023-05-10 14:06:20,MA312P2300,MA312P2300,115.5,0.0,0.0,0.0,1,40.5,0.0,0,101.0,108.0,115.5,104.0,361.0,38988.0,121
2023-05-10 14:06:21,MA312P2300,MA312P2300,115.5,0.0,0.0,0.0,6,41.5,0.0,0,101.0,108.0,115.5,104.0,361.0,38988.0,121
2023-05-10 14:06:21,MA312P2300,MA312P2300,115.5,0.0,0.0,0.0,1,49.5,0.0,0,101.0,108.0,115.5,104.0,361.0,38988.0,121
2023-05-10 14:06:22,MA312P2300,MA312P2300,115.5,0.0,0.0,0.0,6,50.5,0.0,0,101.0,108.0,115.5,104.0,361.0,38988.0,121
2023-05-10 14:06:22,MA312P2300,MA312P2300,115.5,0.0,0.0,0.0,1,58.5,0.0,0,101.0,108.0,115.5,104.0,361.0,38988.0,121
2023-05-10 14:06:23,MA312P2300,MA312P2300,115.5,0.0,0.0,0.0,6,59.5,0.0,0,101.0,108.0,115.5,104.0,361.0,38988.0,121
2023-05-10 14:06:23,MA312P2300,MA312P2300,115.5,0.0,0.0,0.0,1,67.5,0.0,0,101.0,108.0,115.5,104.0,361.0,38988.0,121
2023-05-10 14:07:57,MA312P2300,MA312P2300,115.5,0.0,0.0,0.0,3,106.5,119.0,3,101.0,108.0,115.5,104.0,361.0,38988.0,121
2023-05-10 14:07:59,MA312P2300,MA312P2300,115.5,0.0,0.0,0.0,6,106.5,119.0,6,101.0,108.0,115.5,104.0,361.0,38988.0,121
2023-05-10 14:08:00,MA312P2300,MA312P2300,115.5,0.0,0.0,0.0,3,112.5,115.5,3,101.0,108.0,115.5,104.0,361.0,38988.0,121
2023-05-10 14:08:04,MA312P2300,MA312P2300,115.5,0.0,0.0,0.0,6,112.5,115.5,6,101.0,108.0,115.5,104.0,361.0,38988.0,121
2023-05-10 14:08:05,MA312P2300,MA312P2300,115.5,0.0,0.0,0.0,6,112.5,114.0,1,101.0,108.0,115.5,104.0,361.0,38988.0,121
2023-05-10 14:08:06,MA312P2300,MA312P2300,115.5,0.0,0.0,0.0,6,112.5,114.0,4,101.0,108.0,115.5,104.0,361.0,38988.0,121
2023-05-10 14:08:08,MA312P2300,MA312P2300,114.0,3.0,324.0,3.0,6,112.5,114.5,3,101.0,108.0,115.5,104.0,364.0,39312.0,124
2023-05-10 14:08:09,MA312P2300,MA312P2300,114.0,0.0,0.0,0.0,3,112.5,115.5,6,101.0,108.0,115.5,104.0,364.0,39312.0,124
2023-05-10 14:08:09,MA312P2300,MA312P2300,114.0,0.0,0.0,0.0,3,113.0,115.5,3,101.0,108.0,115.5,104.0,364.0,39312.0,124
2023-05-10 14:08:10,MA312P2300,MA312P2300,114.0,0.0,0.0,0.0,9,113.0,115.5,9,101.0,108.0,115.5,104.0,364.0,39312.0,124
2023-05-10 14:08:12,MA312P2300,MA312P2300,114.0,0.0,0.0,0.0,9,113.0,113.5,1,101.0,108.0,115.5,104.0,364.0,39312.0,124
2023-05-10 14:08:15,MA312P2300,MA312P2300,114.0,3.0,324.0,0.0,9,113.0,114.5,3,101.0,108.0,115.5,104.0,367.0,39636.0,124
2023-05-10 14:08:15,MA312P2300,MA312P2300,114.0,0.0,0.0,0.0,12,113.0,114.5,3,101.0,108.0,115.5,104.0,367.0,39636.0,124
2023-05-10 14:08:20,MA312P2300,MA312P2300,114.0,0.0,0.0,0.0,9,113.0,114.5,3,101.0,108.0,115.5,104.0,367.0,39636.0,124
2023-05-10 14:08:22,MA312P2300,MA312P2300,114.0,0.0,0.0,0.0,6,113.0,114.5,3,101.0,108.0,115.5,104.0,367.0,39636.0,124
2023-05-10 14:08:25,MA312P2300,MA312P2300,114.0,0.0,0.0,0.0,3,113.0,114.5,3,101.0,108.0,115.5,104.0,367.0,39636.0,124
2023-05-10 14:08:28,MA312P2300,MA312P2300,114.0,0.0,0.0,0.0,19,30.0,0.0,0,101.0,108.0,115.5,104.0,367.0,39636.0,124
2023-05-10 14:08:28,MA312P2300,MA312P2300,114.0,0.0,0.0,0.0,1,38.0,0.0,0,101.0,108.0,115.5,104.0,367.0,39636.0,124
2023-05-10 14:08:29,MA312P2300,MA312P2300,114.0,0.0,0.0,0.0,6,39.0,0.0,0,101.0,108.0,115.5,104.0,367.0,39636.0,124
2023-05-10 14:08:29,MA312P2300,MA312P2300,114.0,0.0,0.0,0.0,1,47.0,0.0,0,101.0,108.0,115.5,104.0,367.0,39636.0,124
2023-05-10 14:08:30,MA312P2300,MA312P2300,114.0,0.0,0.0,0.0,6,48.0,0.0,0,101.0,108.0,115.5,104.0,367.0,39636.0,124
2023-05-10 14:08:30,MA312P2300,MA312P2300,114.0,0.0,0.0,0.0,1,56.0,0.0,0,101.0,108.0,115.5,104.0,367.0,39636.0,124
2023-05-10 14:08:31,MA312P2300,MA312P2300,114.0,0.0,0.0,0.0,6,57.0,0.0,0,101.0,108.0,115.5,104.0,367.0,39636.0,124
2023-05-10 14:08:31,MA312P2300,MA312P2300,114.0,0.0,0.0,0.0,1,65.0,0.0,0,101.0,108.0,115.5,104.0,367.0,39636.0,124
2023-05-10 14:10:00,MA312P2300,MA312P2300,114.0,0.0,0.0,0.0,3,106.5,119.0,3,101.0,108.0,115.5,104.0,367.0,39636.0,124
2023-05-10 14:10:01,MA312P2300,MA312P2300,114.0,0.0,0.0,0.0,6,106.5,119.0,6,101.0,108.0,115.5,104.0,367.0,39636.0,124
2023-05-10 14:10:02,MA312P2300,MA312P2300,114.0,0.0,0.0,0.0,3,113.0,116.0,3,101.0,108.0,115.5,104.0,367.0,39636.0,124
2023-05-10 14:10:05,MA312P2300,MA312P2300,114.0,0.0,0.0,0.0,4,115.5,116.0,3,101.0,108.0,115.5,104.0,367.0,39636.0,124
2023-05-10 14:10:12,MA312P2300,MA312P2300,114.0,0.0,0.0,0.0,10,115.5,116.0,9,101.0,108.0,115.5,104.0,367.0,39636.0,124
2023-05-10 14:10:13,MA312P2300,MA312P2300,114.0,0.0,0.0,0.0,13,115.5,116.0,9,101.0,108.0,115.5,104.0,367.0,39636.0,124
2023-05-10 14:10:14,MA312P2300,MA312P2300,115.5,9.0,1160.0,0.0,3,114.0,117.0,3,101.0,108.0,115.5,104.0,376.0,40796.0,124
2023-05-10 14:10:17,MA312P2300,MA312P2300,115.5,0.0,0.0,0.0,6,114.0,117.0,6,101.0,108.0,115.5,104.0,376.0,40796.0,124
2023-05-10 14:10:19,MA312P2300,MA312P2300,115.5,0.0,0.0,0.0,3,114.0,117.0,6,101.0,108.0,115.5,104.0,376.0,40796.0,124
2023-05-10 14:10:25,MA312P2300,MA312P2300,115.5,0.0,0.0,0.0,3,114.0,117.0,3,101.0,108.0,115.5,104.0,376.0,40796.0,124
2023-05-10 14:10:27,MA312P2300,MA312P2300,115.5,0.0,0.0,0.0,3,109.0,122.0,3,101.0,108.0,115.5,104.0,376.0,40796.0,124
2023-05-10 14:10:30,MA312P2300,MA312P2300,115.5,0.0,0.0,0.0,19,30.0,0.0,0,101.0,108.0,115.5,104.0,376.0,40796.0,124
2023-05-10 14:10:30,MA312P2300,MA312P2300,115.5,0.0,0.0,0.0,1,38.0,0.0,0,101.0,108.0,115.5,104.0,376.0,40796.0,124
2023-05-10 14:10:31,MA312P2300,MA312P2300,115.5,0.0,0.0,0.0,6,39.0,0.0,0,101.0,108.0,115.5,104.0,376.0,40796.0,124
2023-05-10 14:10:32,MA312P2300,MA312P2300,115.5,0.0,0.0,0.0,1,47.0,0.0,0,101.0,108.0,115.5,104.0,376.0,40796.0,124
2023-05-10 14:10:32,MA312P2300,MA312P2300,115.5,0.0,0.0,0.0,6,48.0,0.0,0,101.0,108.0,115.5,104.0,376.0,40796.0,124
2023-05-10 14:10:33,MA312P2300,MA312P2300,115.5,0.0,0.0,0.0,1,56.0,0.0,0,101.0,108.0,115.5,104.0,376.0,40796.0,124
2023-05-10 14:10:33,MA312P2300,MA312P2300,115.5,0.0,0.0,0.0,6,57.0,0.0,0,101.0,108.0,115.5,104.0,376.0,40796.0,124
2023-05-10 14:10:34,MA312P2300,MA312P2300,115.5,0.0,0.0,0.0,1,65.0,0.0,0,101.0,108.0,115.5,104.0,376.0,40796.0,124
2023-05-10 14:10:34,MA312P2300,MA312P2300,115.5,0.0,0.0,0.0,6,66.0,0.0,0,101.0,108.0,115.5,104.0,376.0,40796.0,124
2023-05-10 14:10:35,MA312P2300,MA312P2300,115.5,0.0,0.0,0.0,1,74.0,0.0,0,101.0,108.0,115.5,104.0,376.0,40796.0,124
2023-05-10 14:12:34,MA312P2300,MA312P2300,115.5,0.0,0.0,0.0,3,106.5,119.0,3,101.0,108.0,115.5,104.0,376.0,40796.0,124
2023-05-10 14:12:35,MA312P2300,MA312P2300,115.5,0.0,0.0,0.0,6,106.5,119.0,6,101.0,108.0,115.5,104.0,376.0,40796.0,124
2023-05-10 14:12:36,MA312P2300,MA312P2300,115.5,0.0,0.0,0.0,3,113.0,116.0,3,101.0,108.0,115.5,104.0,376.0,40796.0,124
2023-05-10 14:12:40,MA312P2300,MA312P2300,115.5,0.0,0.0,0.0,3,113.0,113.5,1,101.0,108.0,115.5,104.0,376.0,40796.0,124
2023-05-10 14:12:43,MA312P2300,MA312P2300,115.5,0.0,0.0,0.0,3,113.0,116.0,3,101.0,108.0,115.5,104.0,376.0,40796.0,124
2023-05-10 14:12:43,MA312P2300,MA312P2300,115.5,0.0,0.0,0.0,6,113.0,116.0,6,101.0,108.0,115.5,104.0,376.0,40796.0,124
2023-05-10 14:12:44,MA312P2300,MA312P2300,115.5,0.0,0.0,0.0,9,113.0,116.0,9,101.0,108.0,115.5,104.0,376.0,40796.0,124
2023-05-10 14:12:46,MA312P2300,MA312P2300,115.5,0.0,0.0,0.0,15,113.0,116.0,12,101.0,108.0,115.5,104.0,376.0,40796.0,124
2023-05-10 14:12:47,MA312P2300,MA312P2300,115.5,0.0,0.0,0.0,15,113.0,114.0,1,101.0,108.0,115.5,104.0,376.0,40796.0,124
2023-05-10 14:12:48,MA312P2300,MA312P2300,115.5,0.0,0.0,0.0,12,113.0,114.0,1,101.0,108.0,115.5,104.0,376.0,40796.0,124
2023-05-10 14:12:50,MA312P2300,MA312P2300,114.5,3.0,325.5,0.0,9,113.0,116.0,6,101.0,108.0,115.5,104.0,379.0,41121.5,124
2023-05-10 14:12:50,MA312P2300,MA312P2300,113.0,3.0,325.5,3.0,9,113.0,114.5,3,101.0,108.0,115.5,104.0,382.0,41447.0,127
2023-05-10 14:12:54,MA312P2300,MA312P2300,114.5,3.0,325.5,0.0,9,113.0,116.0,3,101.0,108.0,115.5,104.0,385.0,41772.5,127
2023-05-10 14:12:57,MA312P2300,MA312P2300,114.5,0.0,0.0,0.0,6,113.0,116.0,3,101.0,108.0,115.5,104.0,385.0,41772.5,127
2023-05-10 14:12:58,MA312P2300,MA312P2300,114.5,0.0,0.0,0.0,3,113.0,120.0,3,101.0,108.0,115.5,104.0,385.0,41772.5,127
2023-05-10 14:13:04,MA312P2300,MA312P2300,114.5,0.0,0.0,0.0,3,113.0,0.0,0,101.0,108.0,115.5,104.0,385.0,41772.5,127
2023-05-10 14:13:05,MA312P2300,MA312P2300,114.5,0.0,0.0,0.0,19,30.0,0.0,0,101.0,108.0,115.5,104.0,385.0,41772.5,127
2023-05-10 14:13:06,MA312P2300,MA312P2300,114.5,0.0,0.0,0.0,1,38.0,0.0,0,101.0,108.0,115.5,104.0,385.0,41772.5,127
2023-05-10 14:13:06,MA312P2300,MA312P2300,114.5,0.0,0.0,0.0,6,39.0,0.0,0,101.0,108.0,115.5,104.0,385.0,41772.5,127
2023-05-10 14:13:07,MA312P2300,MA312P2300,114.5,0.0,0.0,0.0,1,47.0,0.0,0,101.0,108.0,115.5,104.0,385.0,41772.5,127
2023-05-10 14:13:08,MA312P2300,MA312P2300,114.5,0.0,0.0,0.0,6,48.0,0.0,0,101.0,108.0,115.5,104.0,385.0,41772.5,127
2023-05-10 14:13:08,MA312P2300,MA312P2300,114.5,0.0,0.0,0.0,1,56.0,0.0,0,101.0,108.0,115.5,104.0,385.0,41772.5,127
2023-05-10 14:13:08,MA312P2300,MA312P2300,114.5,0.0,0.0,0.0,6,57.0,0.0,0,101.0,108.0,115.5,104.0,385.0,41772.5,127
2023-05-10 14:13:09,MA312P2300,MA312P2300,114.5,0.0,0.0,0.0,1,65.0,0.0,0,101.0,108.0,115.5,104.0,385.0,41772.5,127
2023-05-10 14:13:42,MA312P2300,MA312P2300,114.5,0.0,0.0,0.0,3,106.5,119.0,3,101.0,108.0,115.5,104.0,385.0,41772.5,127
2023-05-10 14:13:43,MA312P2300,MA312P2300,114.5,0.0,0.0,0.0,6,106.5,119.0,6,101.0,108.0,115.5,104.0,385.0,41772.5,127
2023-05-10 14:13:44,MA312P2300,MA312P2300,114.5,0.0,0.0,0.0,3,113.0,116.0,3,101.0,108.0,115.5,104.0,385.0,41772.5,127
2023-05-10 14:13:48,MA312P2300,MA312P2300,116.0,3.0,325.5,3.0,1,117.5,118.0,3,101.0,108.0,116.0,104.0,388.0,42098.0,130
2023-05-10 14:13:48,MA312P2300,MA312P2300,116.0,0.0,0.0,0.0,1,117.5,119.0,6,101.0,108.0,116.0,104.0,388.0,42098.0,130
2023-05-10 14:13:50,MA312P2300,MA312P2300,116.0,0.0,0.0,0.0,1,118.0,119.0,6,101.0,108.0,116.0,104.0,388.0,42098.0,130
2023-05-10 14:13:52,MA312P2300,MA312P2300,116.0,0.0,0.0,0.0,1,118.0,119.0,9,101.0,108.0,116.0,104.0,388.0,42098.0,130
2023-05-10 14:13:54,MA312P2300,MA312P2300,116.0,0.0,0.0,0.0,1,118.0,119.0,6,101.0,108.0,116.0,104.0,388.0,42098.0,130
2023-05-10 14:13:54,MA312P2300,MA312P2300,116.0,0.0,0.0,0.0,4,118.0,119.0,12,101.0,108.0,116.0,104.0,388.0,42098.0,130
2023-05-10 14:13:55,MA312P2300,MA312P2300,116.0,0.0,0.0,0.0,4,118.0,119.0,9,101.0,108.0,116.0,104.0,388.0,42098.0,130
2023-05-10 14:13:57,MA312P2300,MA312P2300,116.0,9.0,976.5,-3.0,3,114.0,122.0,3,101.0,108.0,117.5,104.0,397.0,43074.5,127
2023-05-10 14:13:58,MA312P2300,MA312P2300,114.0,3.0,325.5,3.0,3,114.0,122.0,3,101.0,108.0,117.5,104.0,400.0,43400.0,130
2023-05-10 14:14:02,MA312P2300,MA312P2300,114.0,0.0,0.0,0.0,1,118.0,122.0,3,101.0,108.0,117.5,104.0,400.0,43400.0,130
2023-05-10 14:14:05,MA312P2300,MA312P2300,114.0,0.0,0.0,0.0,1,118.0,122.5,3,101.0,108.0,117.5,104.0,400.0,43400.0,130
2023-05-10 14:14:06,MA312P2300,MA312P2300,114.0,0.0,0.0,0.0,3,114.0,122.5,3,101.0,108.0,117.5,104.0,400.0,43400.0,130
2023-05-10 14:14:09,MA312P2300,MA312P2300,114.0,0.0,0.0,0.0,3,111.5,124.5,3,101.0,108.0,117.5,104.0,400.0,43400.0,130
2023-05-10 14:14:12,MA312P2300,MA312P2300,114.0,0.0,0.0,0.0,19,30.0,0.0,0,101.0,108.0,117.5,104.0,400.0,43400.0,130
2023-05-10 14:14:13,MA312P2300,MA312P2300,114.0,0.0,0.0,0.0,1,38.0,0.0,0,101.0,108.0,117.5,104.0,400.0,43400.0,130
2023-05-10 14:14:13,MA312P2300,MA312P2300,114.0,0.0,0.0,0.0,6,39.0,0.0,0,101.0,108.0,117.5,104.0,400.0,43400.0,130
2023-05-10 14:14:14,MA312P2300,MA312P2300,114.0,0.0,0.0,0.0,1,47.0,0.0,0,101.0,108.0,117.5,104.0,400.0,43400.0,130
2023-05-10 14:14:14,MA312P2300,MA312P2300,114.0,0.0,0.0,0.0,6,48.0,0.0,0,101.0,108.0,117.5,104.0,400.0,43400.0,130
2023-05-10 14:14:15,MA312P2300,MA312P2300,114.0,0.0,0.0,0.0,1,56.0,0.0,0,101.0,108.0,117.5,104.0,400.0,43400.0,130
2023-05-10 14:14:15,MA312P2300,MA312P2300,114.0,0.0,0.0,0.0,6,57.0,0.0,0,101.0,108.0,117.5,104.0,400.0,43400.0,130
2023-05-10 14:14:16,MA312P2300,MA312P2300,114.0,0.0,0.0,0.0,1,65.0,0.0,0,101.0,108.0,117.5,104.0,400.0,43400.0,130
2023-05-10 14:14:16,MA312P2300,MA312P2300,114.0,0.0,0.0,0.0,6,66.0,0.0,0,101.0,108.0,117.5,104.0,400.0,43400.0,130
2023-05-10 14:14:17,MA312P2300,MA312P2300,114.0,0.0,0.0,0.0,1,74.0,0.0,0,101.0,108.0,117.5,104.0,400.0,43400.0,130
2023-05-10 14:14:57,MA312P2300,MA312P2300,114.0,0.0,0.0,0.0,3,107.0,119.5,3,101.0,108.0,117.5,104.0,400.0,43400.0,130
2023-05-10 14:14:58,MA312P2300,MA312P2300,114.0,0.0,0.0,0.0,6,107.0,119.5,6,101.0,108.0,117.5,104.0,400.0,43400.0,130
2023-05-10 14:14:59,MA312P2300,MA312P2300,114.0,0.0,0.0,0.0,3,113.5,116.5,3,101.0,108.0,117.5,104.0,400.0,43400.0,130
2023-05-10 14:15:01,MA312P2300,MA312P2300,116.5,3.0,527.0,3.0,1,117.5,119.5,6,101.0,108.0,117.5,104.0,403.0,43927.0,133
2023-05-10 14:15:04,MA312P2300,MA312P2300,116.5,0.0,0.0,0.0,1,118.0,119.5,6,101.0,108.0,117.5,104.0,403.0,43927.0,133
2023-05-10 14:15:07,MA312P2300,MA312P2300,116.5,0.0,0.0,0.0,1,118.0,119.5,9,101.0,108.0,117.5,104.0,403.0,43927.0,133
2023-05-10 14:15:09,MA312P2300,MA312P2300,116.5,0.0,0.0,0.0,4,118.0,119.5,9,101.0,108.0,117.5,104.0,403.0,43927.0,133
2023-05-10 14:15:10,MA312P2300,MA312P2300,116.5,0.0,0.0,0.0,4,118.0,119.5,6,101.0,108.0,117.5,104.0,403.0,43927.0,133
2023-05-10 14:15:10,MA312P2300,MA312P2300,116.5,0.0,0.0,0.0,4,118.0,119.5,3,101.0,108.0,117.5,104.0,403.0,43927.0,133
2023-05-10 14:15:12,MA312P2300,MA312P2300,118.0,3.0,327.0,3.0,1,118.5,119.5,3,101.0,108.0,118.0,104.0,406.0,44254.0,136
2023-05-10 14:15:12,MA312P2300,MA312P2300,118.5,3.0,327.0,3.0,1,118.5,119.5,3,101.0,108.0,118.5,104.0,409.0,44581.0,139
2023-05-10 14:15:14,MA312P2300,MA312P2300,117.5,8.0,872.0,0.0,3,114.5,116.5,1,101.0,108.0,118.5,104.0,417.0,45453.0,139
2023-05-10 14:15:16,MA312P2300,MA312P2300,117.5,0.0,0.0,0.0,3,113.0,116.5,1,101.0,108.0,118.5,104.0,417.0,45453.0,139
2023-05-10 14:15:19,MA312P2300,MA312P2300,117.5,0.0,0.0,0.0,3,110.0,116.5,1,101.0,108.0,118.5,104.0,417.0,45453.0,139
2023-05-10 14:15:22,MA312P2300,MA312P2300,117.5,0.0,0.0,0.0,3,109.0,116.5,1,101.0,108.0,118.5,104.0,417.0,45453.0,139
2023-05-10 14:15:27,MA312P2300,MA312P2300,117.5,0.0,0.0,0.0,19,30.0,116.5,1,101.0,108.0,118.5,104.0,417.0,45453.0,139
2023-05-10 14:15:27,MA312P2300,MA312P2300,117.5,0.0,0.0,0.0,1,38.0,116.5,1,101.0,108.0,118.5,104.0,417.0,45453.0,139
2023-05-10 14:15:28,MA312P2300,MA312P2300,117.5,0.0,0.0,0.0,6,39.0,116.5,1,101.0,108.0,118.5,104.0,417.0,45453.0,139
2023-05-10 14:15:28,MA312P2300,MA312P2300,117.5,0.0,0.0,0.0,1,47.0,116.5,1,101.0,108.0,118.5,104.0,417.0,45453.0,139
2023-05-10 14:15:28,MA312P2300,MA312P2300,117.5,0.0,0.0,0.0,6,48.0,116.5,1,101.0,108.0,118.5,104.0,417.0,45453.0,139
2023-05-10 14:15:29,MA312P2300,MA312P2300,117.5,0.0,0.0,0.0,1,56.0,116.5,1,101.0,108.0,118.5,104.0,417.0,45453.0,139
2023-05-10 14:15:29,MA312P2300,MA312P2300,117.5,0.0,0.0,0.0,6,57.0,116.5,1,101.0,108.0,118.5,104.0,417.0,45453.0,139
2023-05-10 14:15:30,MA312P2300,MA312P2300,117.5,0.0,0.0,0.0,1,65.0,116.5,1,101.0,108.0,118.5,104.0,417.0,45453.0,139
2023-05-10 14:15:30,MA312P2300,MA312P2300,117.5,0.0,0.0,0.0,6,66.0,116.5,1,101.0,108.0,118.5,104.0,417.0,45453.0,139
2023-05-10 14:15:31,MA312P2300,MA312P2300,117.5,0.0,0.0,0.0,1,74.0,116.5,1,101.0,108.0,118.5,104.0,417.0,45453.0,139
2023-05-10 14:18:24,MA312P2300,MA312P2300,117.5,0.0,0.0,0.0,3,106.0,116.5,1,101.0,108.0,118.5,104.0,417.0,45453.0,139
2023-05-10 14:18:25,MA312P2300,MA312P2300,117.5,0.0,0.0,0.0,6,106.0,116.5,4,101.0,108.0,118.5,104.0,417.0,45453.0,139
2023-05-10 14:18:26,MA312P2300,MA312P2300,117.5,0.0,0.0,0.0,3,112.0,115.0,3,101.0,108.0,118.5,104.0,417.0,45453.0,139
2023-05-10 14:18:31,MA312P2300,MA312P2300,117.5,0.0,0.0,0.0,6,112.0,115.0,6,101.0,108.0,118.5,104.0,417.0,45453.0,139
2023-05-10 14:18:35,MA312P2300,MA312P2300,117.5,0.0,0.0,0.0,9,112.0,115.0,9,101.0,108.0,118.5,104.0,417.0,45453.0,139
2023-05-10 14:18:35,MA312P2300,MA312P2300,117.5,0.0,0.0,0.0,3,112.5,115.0,9,101.0,108.0,118.5,104.0,417.0,45453.0,139
2023-05-10 14:18:36,MA312P2300,MA312P2300,117.5,0.0,0.0,0.0,9,112.5,115.0,12,101.0,108.0,118.5,104.0,417.0,45453.0,139
2023-05-10 14:18:38,MA312P2300,MA312P2300,117.5,0.0,0.0,0.0,9,112.5,115.0,9,101.0,108.0,118.5,104.0,417.0,45453.0,139
2023-05-10 14:18:42,MA312P2300,MA312P2300,117.5,0.0,0.0,0.0,9,112.5,115.0,3,101.0,108.0,118.5,104.0,417.0,45453.0,139
2023-05-10 14:18:46,MA312P2300,MA312P2300,117.5,0.0,0.0,0.0,3,112.5,115.0,3,101.0,108.0,118.5,104.0,417.0,45453.0,139
2023-05-10 14:18:48,MA312P2300,MA312P2300,117.5,0.0,0.0,0.0,3,111.5,116.5,1,101.0,108.0,118.5,104.0,417.0,45453.0,139
2023-05-10 14:18:51,MA312P2300,MA312P2300,117.5,0.0,0.0,0.0,3,107.5,116.5,1,101.0,108.0,118.5,104.0,417.0,45453.0,139
2023-05-10 14:18:54,MA312P2300,MA312P2300,117.5,0.0,0.0,0.0,19,30.0,116.5,1,101.0,108.0,118.5,104.0,417.0,45453.0,139
2023-05-10 14:18:55,MA312P2300,MA312P2300,117.5,0.0,0.0,0.0,1,38.0,116.5,1,101.0,108.0,118.5,104.0,417.0,45453.0,139
2023-05-10 14:18:55,MA312P2300,MA312P2300,117.5,0.0,0.0,0.0,6,39.0,116.5,1,101.0,108.0,118.5,104.0,417.0,45453.0,139
2023-05-10 14:18:56,MA312P2300,MA312P2300,117.5,0.0,0.0,0.0,1,47.0,116.5,1,101.0,108.0,118.5,104.0,417.0,45453.0,139
2023-05-10 14:18:56,MA312P2300,MA312P2300,117.5,0.0,0.0,0.0,6,48.0,116.5,1,101.0,108.0,118.5,104.0,417.0,45453.0,139
2023-05-10 14:18:57,MA312P2300,MA312P2300,117.5,0.0,0.0,0.0,1,56.0,116.5,1,101.0,108.0,118.5,104.0,417.0,45453.0,139
2023-05-10 14:18:57,MA312P2300,MA312P2300,117.5,0.0,0.0,0.0,6,57.0,116.5,1,101.0,108.0,118.5,104.0,417.0,45453.0,139
2023-05-10 14:18:58,MA312P2300,MA312P2300,117.5,0.0,0.0,0.0,1,65.0,116.5,1,101.0,108.0,118.5,104.0,417.0,45453.0,139
2023-05-10 14:21:35,MA312P2300,MA312P2300,117.5,0.0,0.0,0.0,1,65.0,0.0,0,101.0,108.0,118.5,104.0,417.0,45453.0,139
2023-05-10 14:33:48,MA312P2300,MA312P2300,117.5,0.0,0.0,0.0,3,107.5,120.0,3,101.0,108.0,118.5,104.0,417.0,45453.0,139
2023-05-10 14:33:49,MA312P2300,MA312P2300,117.5,0.0,0.0,0.0,6,107.5,120.0,6,101.0,108.0,118.5,104.0,417.0,45453.0,139
2023-05-10 14:33:50,MA312P2300,MA312P2300,117.5,0.0,0.0,0.0,3,114.5,117.5,3,101.0,108.0,118.5,104.0,417.0,45453.0,139
2023-05-10 14:33:54,MA312P2300,MA312P2300,117.5,0.0,0.0,0.0,6,114.5,117.5,6,101.0,108.0,118.5,104.0,417.0,45453.0,139
2023-05-10 14:33:58,MA312P2300,MA312P2300,117.5,0.0,0.0,0.0,9,114.5,117.5,9,101.0,108.0,118.5,104.0,417.0,45453.0,139
2023-05-10 14:34:02,MA312P2300,MA312P2300,117.5,0.0,0.0,0.0,6,114.5,117.5,6,101.0,108.0,118.5,104.0,417.0,45453.0,139
2023-05-10 14:34:02,MA312P2300,MA312P2300,117.5,0.0,0.0,0.0,3,114.5,117.5,3,101.0,108.0,118.5,104.0,417.0,45453.0,139
2023-05-10 14:34:03,MA312P2300,MA312P2300,117.5,0.0,0.0,0.0,9,114.5,117.5,9,101.0,108.0,118.5,104.0,417.0,45453.0,139
2023-05-10 14:34:05,MA312P2300,MA312P2300,117.5,0.0,0.0,0.0,12,114.5,117.5,12,101.0,108.0,118.5,104.0,417.0,45453.0,139
2023-05-10 14:34:10,MA312P2300,MA312P2300,117.5,0.0,0.0,0.0,9,114.5,117.5,9,101.0,108.0,118.5,104.0,417.0,45453.0,139
2023-05-10 14:34:12,MA312P2300,MA312P2300,117.5,0.0,0.0,0.0,6,114.5,117.5,6,101.0,108.0,118.5,104.0,417.0,45453.0,139
2023-05-10 14:34:15,MA312P2300,MA312P2300,117.5,0.0,0.0,0.0,3,113.0,122.5,3,101.0,108.0,118.5,104.0,417.0,45453.0,139
2023-05-10 14:34:16,MA312P2300,MA312P2300,117.5,0.0,0.0,0.0,3,109.5,122.5,3,101.0,108.0,118.5,104.0,417.0,45453.0,139
2023-05-10 14:34:18,MA312P2300,MA312P2300,117.5,0.0,0.0,0.0,19,30.0,0.0,0,101.0,108.0,118.5,104.0,417.0,45453.0,139
2023-05-10 14:34:18,MA312P2300,MA312P2300,117.5,0.0,0.0,0.0,6,31.0,0.0,0,101.0,108.0,118.5,104.0,417.0,45453.0,139
2023-05-10 14:34:19,MA312P2300,MA312P2300,117.5,0.0,0.0,0.0,1,39.0,0.0,0,101.0,108.0,118.5,104.0,417.0,45453.0,139
2023-05-10 14:34:19,MA312P2300,MA312P2300,117.5,0.0,0.0,0.0,6,40.0,0.0,0,101.0,108.0,118.5,104.0,417.0,45453.0,139
2023-05-10 14:34:20,MA312P2300,MA312P2300,117.5,0.0,0.0,0.0,1,48.0,0.0,0,101.0,108.0,118.5,104.0,417.0,45453.0,139
2023-05-10 14:34:20,MA312P2300,MA312P2300,117.5,0.0,0.0,0.0,6,49.0,0.0,0,101.0,108.0,118.5,104.0,417.0,45453.0,139
2023-05-10 14:34:21,MA312P2300,MA312P2300,117.5,0.0,0.0,0.0,1,57.0,0.0,0,101.0,108.0,118.5,104.0,417.0,45453.0,139
2023-05-10 14:34:21,MA312P2300,MA312P2300,117.5,0.0,0.0,0.0,6,58.0,0.0,0,101.0,108.0,118.5,104.0,417.0,45453.0,139
2023-05-10 14:34:22,MA312P2300,MA312P2300,117.5,0.0,0.0,0.0,1,66.0,0.0,0,101.0,108.0,118.5,104.0,417.0,45453.0,139
2023-05-10 14:34:22,MA312P2300,MA312P2300,117.5,0.0,0.0,0.0,6,67.0,0.0,0,101.0,108.0,118.5,104.0,417.0,45453.0,139
2023-05-10 14:34:23,MA312P2300,MA312P2300,117.5,0.0,0.0,0.0,1,75.0,0.0,0,101.0,108.0,118.5,104.0,417.0,45453.0,139
2023-05-10 14:42:24,MA312P2300,MA312P2300,117.5,0.0,0.0,0.0,3,108.0,120.5,3,101.0,108.0,118.5,104.0,417.0,45453.0,139
2023-05-10 14:42:25,MA312P2300,MA312P2300,117.5,0.0,0.0,0.0,6,108.0,120.5,6,101.0,108.0,118.5,104.0,417.0,45453.0,139
2023-05-10 14:42:26,MA312P2300,MA312P2300,117.5,0.0,0.0,0.0,3,114.5,117.5,3,101.0,108.0,118.5,104.0,417.0,45453.0,139
2023-05-10 14:42:30,MA312P2300,MA312P2300,114.5,3.0,327.0,-3.0,3,112.5,117.5,3,101.0,108.0,118.5,104.0,420.0,45780.0,136
2023-05-10 14:42:30,MA312P2300,MA312P2300,114.5,0.0,0.0,0.0,6,112.5,117.5,6,101.0,108.0,118.5,104.0,420.0,45780.0,136
2023-05-10 14:42:34,MA312P2300,MA312P2300,114.5,0.0,0.0,0.0,9,112.5,117.5,9,101.0,108.0,118.5,104.0,420.0,45780.0,136
2023-05-10 14:42:35,MA312P2300,MA312P2300,114.5,0.0,0.0,0.0,3,113.5,117.5,9,101.0,108.0,118.5,104.0,420.0,45780.0,136
2023-05-10 14:42:38,MA312P2300,MA312P2300,114.5,0.0,0.0,0.0,3,113.5,117.5,6,101.0,108.0,118.5,104.0,420.0,45780.0,136
2023-05-10 14:42:38,MA312P2300,MA312P2300,114.5,0.0,0.0,0.0,3,113.5,117.5,3,101.0,108.0,118.5,104.0,420.0,45780.0,136
2023-05-10 14:42:39,MA312P2300,MA312P2300,114.5,0.0,0.0,0.0,9,113.5,117.5,9,101.0,108.0,118.5,104.0,420.0,45780.0,136
2023-05-10 14:42:41,MA312P2300,MA312P2300,114.5,0.0,0.0,0.0,12,113.5,117.5,12,101.0,108.0,118.5,104.0,420.0,45780.0,136
2023-05-10 14:42:46,MA312P2300,MA312P2300,114.5,0.0,0.0,0.0,9,113.5,117.5,12,101.0,108.0,118.5,104.0,420.0,45780.0,136
2023-05-10 14:42:47,MA312P2300,MA312P2300,114.5,0.0,0.0,0.0,6,113.5,117.5,9,101.0,108.0,118.5,104.0,420.0,45780.0,136
2023-05-10 14:42:48,MA312P2300,MA312P2300,114.5,0.0,0.0,0.0,6,113.5,117.5,6,101.0,108.0,118.5,104.0,420.0,45780.0,136
2023-05-10 14:42:50,MA312P2300,MA312P2300,114.5,0.0,0.0,0.0,6,113.5,115.0,3,101.0,108.0,118.5,104.0,420.0,45780.0,136
2023-05-10 14:42:51,MA312P2300,MA312P2300,114.5,0.0,0.0,0.0,3,113.5,115.0,3,101.0,108.0,118.5,104.0,420.0,45780.0,136
2023-05-10 14:42:52,MA312P2300,MA312P2300,114.5,0.0,0.0,0.0,3,109.0,115.0,3,101.0,108.0,118.5,104.0,420.0,45780.0,136
2023-05-10 14:42:54,MA312P2300,MA312P2300,114.5,0.0,0.0,0.0,19,30.0,115.0,3,101.0,108.0,118.5,104.0,420.0,45780.0,136
2023-05-10 14:42:54,MA312P2300,MA312P2300,114.5,0.0,0.0,0.0,1,38.0,0.0,0,101.0,108.0,118.5,104.0,420.0,45780.0,136
2023-05-10 14:42:55,MA312P2300,MA312P2300,114.5,0.0,0.0,0.0,6,39.0,0.0,0,101.0,108.0,118.5,104.0,420.0,45780.0,136
2023-05-10 14:42:56,MA312P2300,MA312P2300,114.5,0.0,0.0,0.0,1,47.0,0.0,0,101.0,108.0,118.5,104.0,420.0,45780.0,136
2023-05-10 14:42:56,MA312P2300,MA312P2300,114.5,0.0,0.0,0.0,6,48.0,0.0,0,101.0,108.0,118.5,104.0,420.0,45780.0,136
2023-05-10 14:42:57,MA312P2300,MA312P2300,114.5,0.0,0.0,0.0,1,56.0,0.0,0,101.0,108.0,118.5,104.0,420.0,45780.0,136
2023-05-10 14:42:57,MA312P2300,MA312P2300,114.5,0.0,0.0,0.0,6,57.0,0.0,0,101.0,108.0,118.5,104.0,420.0,45780.0,136
2023-05-10 14:42:58,MA312P2300,MA312P2300,114.5,0.0,0.0,0.0,1,65.0,0.0,0,101.0,108.0,118.5,104.0,420.0,45780.0,136
2023-05-10 14:44:12,MA312P2300,MA312P2300,114.5,0.0,0.0,0.0,3,107.0,119.5,3,101.0,108.0,118.5,104.0,420.0,45780.0,136
2023-05-10 14:44:13,MA312P2300,MA312P2300,114.5,0.0,0.0,0.0,6,107.0,119.5,6,101.0,108.0,118.5,104.0,420.0,45780.0,136
2023-05-10 14:44:14,MA312P2300,MA312P2300,114.5,0.0,0.0,0.0,3,113.5,116.5,3,101.0,108.0,118.5,104.0,420.0,45780.0,136
2023-05-10 14:44:17,MA312P2300,MA312P2300,113.5,3.0,327.0,-3.0,6,107.0,116.5,3,101.0,108.0,118.5,104.0,423.0,46107.0,133
2023-05-10 14:44:18,MA312P2300,MA312P2300,113.5,0.0,0.0,0.0,9,107.0,116.5,6,101.0,108.0,118.5,104.0,423.0,46107.0,133
2023-05-10 14:44:19,MA312P2300,MA312P2300,113.5,0.0,0.0,0.0,3,108.0,116.5,6,101.0,108.0,118.5,104.0,423.0,46107.0,133
2023-05-10 14:44:20,MA312P2300,MA312P2300,113.5,0.0,0.0,0.0,3,111.5,116.5,6,101.0,108.0,118.5,104.0,423.0,46107.0,133
2023-05-10 14:44:20,MA312P2300,MA312P2300,113.5,0.0,0.0,0.0,6,111.5,116.5,6,101.0,108.0,118.5,104.0,423.0,46107.0,133
2023-05-10 14:44:22,MA312P2300,MA312P2300,113.5,0.0,0.0,0.0,9,111.5,116.5,9,101.0,108.0,118.5,104.0,423.0,46107.0,133
2023-05-10 14:44:23,MA312P2300,MA312P2300,113.5,0.0,0.0,0.0,6,113.0,116.5,9,101.0,108.0,118.5,104.0,423.0,46107.0,133
2023-05-10 14:44:23,MA312P2300,MA312P2300,113.5,0.0,0.0,0.0,9,113.0,116.5,9,101.0,108.0,118.5,104.0,423.0,46107.0,133
2023-05-10 14:44:26,MA312P2300,MA312P2300,113.5,0.0,0.0,0.0,9,113.0,116.5,6,101.0,108.0,118.5,104.0,423.0,46107.0,133
2023-05-10 14:44:27,MA312P2300,MA312P2300,113.5,0.0,0.0,0.0,12,113.0,116.5,6,101.0,108.0,118.5,104.0,423.0,46107.0,133
