time,symbol_id,symbol_name,last,trade_volume,trade_amount,open_interest_change,bv1,bp1,ap1,av1,yesterday_close,today_open,today_high,today_low,volume,amount,open_interest
2023-05-09 19:10:58,MA312P2375,MA312P2375,128.5,0.0,0.0,0.0,0,0.0,0.0,0,128.5,152.5,0.0,0.0,0.0,0.0,71
2023-05-09 20:59:00,MA312P2375,MA312P2375,128.5,0.0,0.0,0.0,18,36.0,0.0,0,128.5,152.5,0.0,0.0,0.0,0.0,71
2023-05-09 21:00:21,MA312P2375,MA312P2375,128.5,0.0,0.0,0.0,1,42.5,0.0,0,128.5,152.5,0.0,0.0,0.0,0.0,71
2023-05-09 21:01:18,MA312P2375,MA312P2375,128.5,0.0,0.0,0.0,1,100.0,0.0,0,128.5,152.5,0.0,0.0,0.0,0.0,71
2023-05-09 21:26:14,MA312P2375,MA312P2375,128.5,0.0,0.0,0.0,1,100.5,0.0,0,128.5,152.5,0.0,0.0,0.0,0.0,71
2023-05-09 21:26:42,MA312P2375,MA312P2375,128.5,0.0,0.0,0.0,1,100.0,0.0,0,128.5,152.5,0.0,0.0,0.0,0.0,71
2023-05-09 21:27:20,MA312P2375,MA312P2375,128.5,0.0,0.0,0.0,1,100.5,0.0,0,128.5,152.5,0.0,0.0,0.0,0.0,71
2023-05-09 21:27:48,MA312P2375,MA312P2375,128.5,0.0,0.0,0.0,1,100.0,0.0,0,128.5,152.5,0.0,0.0,0.0,0.0,71
2023-05-09 21:28:20,MA312P2375,MA312P2375,128.5,0.0,0.0,0.0,1,100.5,0.0,0,128.5,152.5,0.0,0.0,0.0,0.0,71
2023-05-09 21:29:04,MA312P2375,MA312P2375,128.5,0.0,0.0,0.0,1,100.0,0.0,0,128.5,152.5,0.0,0.0,0.0,0.0,71
2023-05-09 21:29:32,MA312P2375,MA312P2375,128.5,0.0,0.0,0.0,1,100.5,0.0,0,128.5,152.5,0.0,0.0,0.0,0.0,71
2023-05-09 21:30:00,MA312P2375,MA312P2375,128.5,0.0,0.0,0.0,1,100.0,0.0,0,128.5,152.5,0.0,0.0,0.0,0.0,71
2023-05-09 21:30:43,MA312P2375,MA312P2375,128.5,0.0,0.0,0.0,1,104.0,0.0,0,128.5,152.5,0.0,0.0,0.0,0.0,71
2023-05-09 21:31:08,MA312P2375,MA312P2375,128.5,0.0,0.0,0.0,1,100.0,0.0,0,128.5,152.5,0.0,0.0,0.0,0.0,71
2023-05-09 21:31:09,MA312P2375,MA312P2375,128.5,0.0,0.0,0.0,1,100.5,0.0,0,128.5,152.5,0.0,0.0,0.0,0.0,71
2023-05-09 21:31:11,MA312P2375,MA312P2375,128.5,0.0,0.0,0.0,1,100.0,0.0,0,128.5,152.5,0.0,0.0,0.0,0.0,71
2023-05-09 21:32:04,MA312P2375,MA312P2375,128.5,0.0,0.0,0.0,1,104.0,0.0,0,128.5,152.5,0.0,0.0,0.0,0.0,71
2023-05-09 21:32:30,MA312P2375,MA312P2375,128.5,0.0,0.0,0.0,1,100.0,0.0,0,128.5,152.5,0.0,0.0,0.0,0.0,71
2023-05-09 21:32:30,MA312P2375,MA312P2375,128.5,0.0,0.0,0.0,1,100.5,0.0,0,128.5,152.5,0.0,0.0,0.0,0.0,71
2023-05-09 21:32:31,MA312P2375,MA312P2375,128.5,0.0,0.0,0.0,1,100.0,0.0,0,128.5,152.5,0.0,0.0,0.0,0.0,71
2023-05-09 21:33:57,MA312P2375,MA312P2375,128.5,0.0,0.0,0.0,1,100.5,0.0,0,128.5,152.5,0.0,0.0,0.0,0.0,71
2023-05-09 21:36:04,MA312P2375,MA312P2375,128.5,0.0,0.0,0.0,1,100.0,0.0,0,128.5,152.5,0.0,0.0,0.0,0.0,71
2023-05-09 21:36:11,MA312P2375,MA312P2375,128.5,0.0,0.0,0.0,1,100.5,0.0,0,128.5,152.5,0.0,0.0,0.0,0.0,71
2023-05-09 21:36:42,MA312P2375,MA312P2375,128.5,0.0,0.0,0.0,1,100.0,0.0,0,128.5,152.5,0.0,0.0,0.0,0.0,71
2023-05-09 21:37:28,MA312P2375,MA312P2375,128.5,0.0,0.0,0.0,1,100.5,0.0,0,128.5,152.5,0.0,0.0,0.0,0.0,71
2023-05-09 21:38:22,MA312P2375,MA312P2375,128.5,0.0,0.0,0.0,1,100.0,0.0,0,128.5,152.5,0.0,0.0,0.0,0.0,71
2023-05-09 21:38:31,MA312P2375,MA312P2375,128.5,0.0,0.0,0.0,1,104.0,0.0,0,128.5,152.5,0.0,0.0,0.0,0.0,71
2023-05-09 21:38:50,MA312P2375,MA312P2375,128.5,0.0,0.0,0.0,1,100.0,0.0,0,128.5,152.5,0.0,0.0,0.0,0.0,71
2023-05-09 21:38:50,MA312P2375,MA312P2375,128.5,0.0,0.0,0.0,1,100.5,0.0,0,128.5,152.5,0.0,0.0,0.0,0.0,71
2023-05-09 21:39:00,MA312P2375,MA312P2375,128.5,0.0,0.0,0.0,1,100.0,0.0,0,128.5,152.5,0.0,0.0,0.0,0.0,71
2023-05-09 21:39:49,MA312P2375,MA312P2375,128.5,0.0,0.0,0.0,1,100.5,0.0,0,128.5,152.5,0.0,0.0,0.0,0.0,71
2023-05-09 21:40:06,MA312P2375,MA312P2375,128.5,0.0,0.0,0.0,1,100.0,0.0,0,128.5,152.5,0.0,0.0,0.0,0.0,71
2023-05-09 21:40:46,MA312P2375,MA312P2375,128.5,0.0,0.0,0.0,1,100.5,0.0,0,128.5,152.5,0.0,0.0,0.0,0.0,71
2023-05-09 21:41:13,MA312P2375,MA312P2375,128.5,0.0,0.0,0.0,1,100.0,0.0,0,128.5,152.5,0.0,0.0,0.0,0.0,71
2023-05-09 21:41:52,MA312P2375,MA312P2375,128.5,0.0,0.0,0.0,1,100.5,0.0,0,128.5,152.5,0.0,0.0,0.0,0.0,71
2023-05-09 21:42:17,MA312P2375,MA312P2375,128.5,0.0,0.0,0.0,1,100.0,0.0,0,128.5,152.5,0.0,0.0,0.0,0.0,71
2023-05-09 21:42:43,MA312P2375,MA312P2375,128.5,0.0,0.0,0.0,1,104.0,0.0,0,128.5,152.5,0.0,0.0,0.0,0.0,71
2023-05-09 21:43:17,MA312P2375,MA312P2375,128.5,0.0,0.0,0.0,1,100.0,0.0,0,128.5,152.5,0.0,0.0,0.0,0.0,71
2023-05-09 21:43:30,MA312P2375,MA312P2375,128.5,0.0,0.0,0.0,1,100.5,0.0,0,128.5,152.5,0.0,0.0,0.0,0.0,71
2023-05-09 21:44:56,MA312P2375,MA312P2375,128.5,0.0,0.0,0.0,1,100.0,0.0,0,128.5,152.5,0.0,0.0,0.0,0.0,71
2023-05-09 21:45:08,MA312P2375,MA312P2375,128.5,0.0,0.0,0.0,1,104.0,0.0,0,128.5,152.5,0.0,0.0,0.0,0.0,71
2023-05-09 21:45:21,MA312P2375,MA312P2375,128.5,0.0,0.0,0.0,1,100.0,0.0,0,128.5,152.5,0.0,0.0,0.0,0.0,71
2023-05-09 21:45:22,MA312P2375,MA312P2375,128.5,0.0,0.0,0.0,1,100.5,0.0,0,128.5,152.5,0.0,0.0,0.0,0.0,71
2023-05-09 21:48:14,MA312P2375,MA312P2375,128.5,0.0,0.0,0.0,1,100.0,0.0,0,128.5,152.5,0.0,0.0,0.0,0.0,71
2023-05-09 21:48:17,MA312P2375,MA312P2375,128.5,0.0,0.0,0.0,1,104.0,0.0,0,128.5,152.5,0.0,0.0,0.0,0.0,71
2023-05-09 22:50:37,MA312P2375,MA312P2375,128.5,0.0,0.0,0.0,1,100.0,0.0,0,128.5,152.5,0.0,0.0,0.0,0.0,71
2023-05-09 22:53:39,MA312P2375,MA312P2375,128.5,0.0,0.0,0.0,1,108.0,0.0,0,128.5,152.5,0.0,0.0,0.0,0.0,71
2023-05-09 22:53:41,MA312P2375,MA312P2375,128.5,0.0,0.0,0.0,1,100.0,0.0,0,128.5,152.5,0.0,0.0,0.0,0.0,71
2023-05-09 22:55:51,MA312P2375,MA312P2375,128.5,0.0,0.0,0.0,1,100.5,0.0,0,128.5,152.5,0.0,0.0,0.0,0.0,71
2023-05-09 22:56:27,MA312P2375,MA312P2375,128.5,0.0,0.0,0.0,1,100.0,0.0,0,128.5,152.5,0.0,0.0,0.0,0.0,71
2023-05-09 22:56:34,MA312P2375,MA312P2375,128.5,0.0,0.0,0.0,1,104.0,0.0,0,128.5,152.5,0.0,0.0,0.0,0.0,71
2023-05-09 22:57:09,MA312P2375,MA312P2375,128.5,0.0,0.0,0.0,1,100.0,0.0,0,128.5,152.5,0.0,0.0,0.0,0.0,71
2023-05-10 09:03:40,MA312P2375,MA312P2375,128.5,0.0,0.0,0.0,1,108.0,0.0,0,128.5,152.5,0.0,0.0,0.0,0.0,71
2023-05-10 09:04:10,MA312P2375,MA312P2375,128.5,0.0,0.0,0.0,1,100.0,0.0,0,128.5,152.5,0.0,0.0,0.0,0.0,71
2023-05-10 09:05:51,MA312P2375,MA312P2375,128.5,0.0,0.0,0.0,1,104.0,0.0,0,128.5,152.5,0.0,0.0,0.0,0.0,71
2023-05-10 09:06:21,MA312P2375,MA312P2375,128.5,0.0,0.0,0.0,1,100.0,0.0,0,128.5,152.5,0.0,0.0,0.0,0.0,71
2023-05-10 09:06:21,MA312P2375,MA312P2375,128.5,0.0,0.0,0.0,1,100.5,0.0,0,128.5,152.5,0.0,0.0,0.0,0.0,71
2023-05-10 09:06:36,MA312P2375,MA312P2375,128.5,0.0,0.0,0.0,1,100.0,0.0,0,128.5,152.5,0.0,0.0,0.0,0.0,71
2023-05-10 09:06:53,MA312P2375,MA312P2375,128.5,0.0,0.0,0.0,1,104.0,0.0,0,128.5,152.5,0.0,0.0,0.0,0.0,71
2023-05-10 09:07:23,MA312P2375,MA312P2375,128.5,0.0,0.0,0.0,1,100.0,0.0,0,128.5,152.5,0.0,0.0,0.0,0.0,71
2023-05-10 09:07:23,MA312P2375,MA312P2375,128.5,0.0,0.0,0.0,1,100.5,0.0,0,128.5,152.5,0.0,0.0,0.0,0.0,71
2023-05-10 09:08:38,MA312P2375,MA312P2375,128.5,0.0,0.0,0.0,1,100.0,0.0,0,128.5,152.5,0.0,0.0,0.0,0.0,71
2023-05-10 09:09:23,MA312P2375,MA312P2375,128.5,0.0,0.0,0.0,1,104.0,0.0,0,128.5,152.5,0.0,0.0,0.0,0.0,71
2023-05-10 09:21:55,MA312P2375,MA312P2375,128.5,0.0,0.0,0.0,1,100.0,0.0,0,128.5,152.5,0.0,0.0,0.0,0.0,71
2023-05-10 09:30:12,MA312P2375,MA312P2375,128.5,0.0,0.0,0.0,1,100.5,0.0,0,128.5,152.5,0.0,0.0,0.0,0.0,71
2023-05-10 09:30:36,MA312P2375,MA312P2375,128.5,0.0,0.0,0.0,1,100.0,0.0,0,128.5,152.5,0.0,0.0,0.0,0.0,71
2023-05-10 09:33:45,MA312P2375,MA312P2375,128.5,0.0,0.0,0.0,1,104.0,0.0,0,128.5,152.5,0.0,0.0,0.0,0.0,71
2023-05-10 09:34:15,MA312P2375,MA312P2375,128.5,0.0,0.0,0.0,1,100.0,0.0,0,128.5,152.5,0.0,0.0,0.0,0.0,71
2023-05-10 09:55:45,MA312P2375,MA312P2375,128.5,0.0,0.0,0.0,1,100.5,0.0,0,128.5,152.5,0.0,0.0,0.0,0.0,71
2023-05-10 09:55:50,MA312P2375,MA312P2375,128.5,0.0,0.0,0.0,1,100.0,0.0,0,128.5,152.5,0.0,0.0,0.0,0.0,71
2023-05-10 10:14:53,MA312P2375,MA312P2375,128.5,0.0,0.0,0.0,3,139.0,155.5,3,128.5,152.5,0.0,0.0,0.0,0.0,71
2023-05-10 10:14:55,MA312P2375,MA312P2375,128.5,0.0,0.0,0.0,3,149.5,152.5,3,128.5,152.5,0.0,0.0,0.0,0.0,71
2023-05-10 10:14:59,MA312P2375,MA312P2375,128.5,0.0,0.0,0.0,6,149.5,152.5,6,128.5,152.5,0.0,0.0,0.0,0.0,71
2023-05-10 10:30:18,MA312P2375,MA312P2375,128.5,0.0,0.0,0.0,3,149.5,152.5,3,128.5,152.5,0.0,0.0,0.0,0.0,71
2023-05-10 10:38:35,MA312P2375,MA312P2375,152.5,3.0,457.5,0.0,3,149.5,0.0,0,128.5,152.5,152.5,152.5,3.0,457.5,71
2023-05-10 13:30:00,MA312P2375,MA312P2375,152.5,0.0,0.0,0.0,1,100.0,0.0,0,128.5,152.5,152.5,152.5,3.0,457.5,71
2023-05-10 13:41:05,MA312P2375,MA312P2375,152.5,0.0,0.0,0.0,1,108.0,0.0,0,128.5,152.5,152.5,152.5,3.0,457.5,71
2023-05-10 13:41:22,MA312P2375,MA312P2375,152.5,0.0,0.0,0.0,3,142.5,159.5,3,128.5,152.5,152.5,152.5,3.0,457.5,71
2023-05-10 13:41:23,MA312P2375,MA312P2375,152.5,0.0,0.0,0.0,6,142.5,159.5,6,128.5,152.5,152.5,152.5,3.0,457.5,71
2023-05-10 13:41:24,MA312P2375,MA312P2375,152.5,0.0,0.0,0.0,3,152.5,155.5,3,128.5,152.5,152.5,152.5,3.0,457.5,71
2023-05-10 13:41:29,MA312P2375,MA312P2375,152.5,0.0,0.0,0.0,6,152.5,155.5,6,128.5,152.5,152.5,152.5,3.0,457.5,71
2023-05-10 13:41:32,MA312P2375,MA312P2375,152.5,0.0,0.0,0.0,6,154.0,155.0,6,128.5,152.5,152.5,152.5,3.0,457.5,71
2023-05-10 13:41:33,MA312P2375,MA312P2375,152.5,0.0,0.0,0.0,9,154.0,155.0,9,128.5,152.5,152.5,152.5,3.0,457.5,71
2023-05-10 13:41:35,MA312P2375,MA312P2375,152.5,0.0,0.0,0.0,12,154.0,155.0,12,128.5,152.5,152.5,152.5,3.0,457.5,71
2023-05-10 13:41:39,MA312P2375,MA312P2375,152.5,0.0,0.0,0.0,15,154.0,155.0,12,128.5,152.5,152.5,152.5,3.0,457.5,71
2023-05-10 13:41:41,MA312P2375,MA312P2375,152.5,0.0,0.0,0.0,12,154.0,155.0,9,128.5,152.5,152.5,152.5,3.0,457.5,71
2023-05-10 13:41:45,MA312P2375,MA312P2375,152.5,0.0,0.0,0.0,9,154.0,155.0,6,128.5,152.5,152.5,152.5,3.0,457.5,71
2023-05-10 13:41:47,MA312P2375,MA312P2375,152.5,0.0,0.0,0.0,6,154.0,155.0,3,128.5,152.5,152.5,152.5,3.0,457.5,71
2023-05-10 13:41:47,MA312P2375,MA312P2375,152.5,0.0,0.0,0.0,3,154.0,155.5,6,128.5,152.5,152.5,152.5,3.0,457.5,71
2023-05-10 13:41:49,MA312P2375,MA312P2375,152.5,0.0,0.0,0.0,3,154.0,155.5,3,128.5,152.5,152.5,152.5,3.0,457.5,71
2023-05-10 13:41:50,MA312P2375,MA312P2375,152.5,0.0,0.0,0.0,3,146.0,163.0,3,128.5,152.5,152.5,152.5,3.0,457.5,71
2023-05-10 13:41:52,MA312P2375,MA312P2375,152.5,0.0,0.0,0.0,1,100.0,0.0,0,128.5,152.5,152.5,152.5,3.0,457.5,71
2023-05-10 13:50:55,MA312P2375,MA312P2375,152.5,0.0,0.0,0.0,3,141.5,158.0,3,128.5,152.5,152.5,152.5,3.0,457.5,71
2023-05-10 13:50:56,MA312P2375,MA312P2375,152.5,0.0,0.0,0.0,6,141.5,158.0,6,128.5,152.5,152.5,152.5,3.0,457.5,71
2023-05-10 13:50:57,MA312P2375,MA312P2375,152.5,0.0,0.0,0.0,3,151.5,154.5,3,128.5,152.5,152.5,152.5,3.0,457.5,71
2023-05-10 13:51:01,MA312P2375,MA312P2375,152.5,0.0,0.0,0.0,6,151.5,154.5,6,128.5,152.5,152.5,152.5,3.0,457.5,71
2023-05-10 13:51:02,MA312P2375,MA312P2375,152.5,0.0,0.0,0.0,9,151.5,154.5,9,128.5,152.5,152.5,152.5,3.0,457.5,71
2023-05-10 13:51:03,MA312P2375,MA312P2375,152.5,0.0,0.0,0.0,9,151.5,153.5,4,128.5,152.5,152.5,152.5,3.0,457.5,71
2023-05-10 13:51:05,MA312P2375,MA312P2375,152.5,0.0,0.0,0.0,6,153.0,153.5,4,128.5,152.5,152.5,152.5,3.0,457.5,71
2023-05-10 13:51:07,MA312P2375,MA312P2375,152.5,0.0,0.0,0.0,9,153.0,153.5,7,128.5,152.5,152.5,152.5,3.0,457.5,71
2023-05-10 13:51:08,MA312P2375,MA312P2375,154.0,9.0,1384.5,6.0,3,152.5,154.0,3,128.5,152.5,154.0,152.5,12.0,1842.0,77
2023-05-10 13:51:08,MA312P2375,MA312P2375,154.0,0.0,0.0,0.0,3,153.5,154.0,3,128.5,152.5,154.0,152.5,12.0,1842.0,77
2023-05-10 13:51:10,MA312P2375,MA312P2375,154.0,0.0,0.0,0.0,3,153.5,154.0,6,128.5,152.5,154.0,152.5,12.0,1842.0,77
2023-05-10 13:51:17,MA312P2375,MA312P2375,154.0,0.0,0.0,0.0,3,153.5,154.0,3,128.5,152.5,154.0,152.5,12.0,1842.0,77
2023-05-10 13:51:23,MA312P2375,MA312P2375,154.0,0.0,0.0,0.0,3,153.5,162.0,3,128.5,152.5,154.0,152.5,12.0,1842.0,77
2023-05-10 13:51:25,MA312P2375,MA312P2375,154.0,0.0,0.0,0.0,3,153.5,0.0,0,128.5,152.5,154.0,152.5,12.0,1842.0,77
2023-05-10 13:51:55,MA312P2375,MA312P2375,154.0,0.0,0.0,0.0,3,153.5,158.0,3,128.5,152.5,154.0,152.5,12.0,1842.0,77
2023-05-10 13:51:56,MA312P2375,MA312P2375,154.0,0.0,0.0,0.0,6,153.5,158.0,6,128.5,152.5,154.0,152.5,12.0,1842.0,77
2023-05-10 13:51:57,MA312P2375,MA312P2375,154.0,0.0,0.0,0.0,6,153.5,154.5,3,128.5,152.5,154.0,152.5,12.0,1842.0,77
2023-05-10 13:51:59,MA312P2375,MA312P2375,154.5,3.0,460.5,0.0,1,156.0,158.0,6,128.5,152.5,154.5,152.5,15.0,2302.5,77
2023-05-10 13:52:05,MA312P2375,MA312P2375,154.5,0.0,0.0,0.0,1,156.0,158.0,9,128.5,152.5,154.5,152.5,15.0,2302.5,77
2023-05-10 13:52:06,MA312P2375,MA312P2375,156.5,1.0,161.5,1.0,2,156.0,156.5,2,128.5,152.5,156.5,152.5,16.0,2464.0,78
2023-05-10 13:52:07,MA312P2375,MA312P2375,156.5,0.0,0.0,0.0,5,156.0,156.5,5,128.5,152.5,156.5,152.5,16.0,2464.0,78
2023-05-10 13:52:09,MA312P2375,MA312P2375,155.5,10.0,1553.0,-1.0,3,153.5,154.5,3,128.5,152.5,156.5,152.5,26.0,4017.0,77
2023-05-10 13:52:11,MA312P2375,MA312P2375,155.5,0.0,0.0,0.0,3,153.5,154.0,3,128.5,152.5,156.5,152.5,26.0,4017.0,77
2023-05-10 13:52:12,MA312P2375,MA312P2375,155.5,0.0,0.0,0.0,6,153.5,154.0,3,128.5,152.5,156.5,152.5,26.0,4017.0,77
2023-05-10 13:52:22,MA312P2375,MA312P2375,155.5,0.0,0.0,0.0,6,153.5,154.5,3,128.5,152.5,156.5,152.5,26.0,4017.0,77
2023-05-10 13:52:23,MA312P2375,MA312P2375,155.5,0.0,0.0,0.0,3,153.5,154.5,3,128.5,152.5,156.5,152.5,26.0,4017.0,77
2023-05-10 13:54:37,MA312P2375,MA312P2375,155.5,0.0,0.0,0.0,3,153.5,156.0,3,128.5,152.5,156.5,152.5,26.0,4017.0,77
2023-05-10 13:54:56,MA312P2375,MA312P2375,155.5,0.0,0.0,0.0,3,153.5,154.5,3,128.5,152.5,156.5,152.5,26.0,4017.0,77
2023-05-10 13:54:58,MA312P2375,MA312P2375,155.5,0.0,0.0,0.0,3,153.5,156.0,3,128.5,152.5,156.5,152.5,26.0,4017.0,77
2023-05-10 13:54:59,MA312P2375,MA312P2375,153.5,3.0,463.5,-3.0,1,100.0,156.0,3,128.5,152.5,156.5,152.5,29.0,4480.5,74
2023-05-10 13:54:59,MA312P2375,MA312P2375,153.5,0.0,0.0,0.0,1,108.0,156.0,3,128.5,152.5,156.5,152.5,29.0,4480.5,74
2023-05-10 13:55:00,MA312P2375,MA312P2375,153.5,0.0,0.0,0.0,1,108.5,156.0,3,128.5,152.5,156.5,152.5,29.0,4480.5,74
2023-05-10 13:55:01,MA312P2375,MA312P2375,153.5,0.0,0.0,0.0,1,116.5,156.0,3,128.5,152.5,156.5,152.5,29.0,4480.5,74
2023-05-10 13:55:22,MA312P2375,MA312P2375,153.5,0.0,0.0,0.0,1,108.5,156.0,3,128.5,152.5,156.5,152.5,29.0,4480.5,74
2023-05-10 13:55:23,MA312P2375,MA312P2375,153.5,0.0,0.0,0.0,1,109.0,156.0,3,128.5,152.5,156.5,152.5,29.0,4480.5,74
2023-05-10 13:55:23,MA312P2375,MA312P2375,153.5,0.0,0.0,0.0,1,109.5,156.0,3,128.5,152.5,156.5,152.5,29.0,4480.5,74
2023-05-10 13:55:42,MA312P2375,MA312P2375,153.5,0.0,0.0,0.0,1,117.5,156.0,3,128.5,152.5,156.5,152.5,29.0,4480.5,74
2023-05-10 13:56:12,MA312P2375,MA312P2375,153.5,0.0,0.0,0.0,1,109.5,156.0,3,128.5,152.5,156.5,152.5,29.0,4480.5,74
2023-05-10 13:56:12,MA312P2375,MA312P2375,153.5,0.0,0.0,0.0,1,110.0,156.0,3,128.5,152.5,156.5,152.5,29.0,4480.5,74
2023-05-10 13:56:28,MA312P2375,MA312P2375,153.5,0.0,0.0,0.0,1,109.5,156.0,3,128.5,152.5,156.5,152.5,29.0,4480.5,74
2023-05-10 13:57:26,MA312P2375,MA312P2375,153.5,0.0,0.0,0.0,1,110.0,156.0,3,128.5,152.5,156.5,152.5,29.0,4480.5,74
2023-05-10 13:57:56,MA312P2375,MA312P2375,153.5,0.0,0.0,0.0,1,109.5,156.0,3,128.5,152.5,156.5,152.5,29.0,4480.5,74
2023-05-10 13:58:29,MA312P2375,MA312P2375,153.5,0.0,0.0,0.0,1,110.0,156.0,3,128.5,152.5,156.5,152.5,29.0,4480.5,74
2023-05-10 13:58:59,MA312P2375,MA312P2375,153.5,0.0,0.0,0.0,1,109.5,156.0,3,128.5,152.5,156.5,152.5,29.0,4480.5,74
2023-05-10 14:00:51,MA312P2375,MA312P2375,153.5,0.0,0.0,0.0,3,140.5,156.0,3,128.5,152.5,156.5,152.5,29.0,4480.5,74
2023-05-10 14:00:52,MA312P2375,MA312P2375,153.5,0.0,0.0,0.0,6,140.5,156.0,6,128.5,152.5,156.5,152.5,29.0,4480.5,74
2023-05-10 14:00:53,MA312P2375,MA312P2375,153.5,0.0,0.0,0.0,3,150.5,153.5,3,128.5,152.5,156.5,152.5,29.0,4480.5,74
2023-05-10 14:00:58,MA312P2375,MA312P2375,153.5,0.0,0.0,0.0,6,150.5,153.5,6,128.5,152.5,156.5,152.5,29.0,4480.5,74
2023-05-10 14:01:01,MA312P2375,MA312P2375,153.5,0.0,0.0,0.0,3,152.0,153.0,3,128.5,152.5,156.5,152.5,29.0,4480.5,74
2023-05-10 14:01:05,MA312P2375,MA312P2375,153.5,0.0,0.0,0.0,6,152.0,153.0,6,128.5,152.5,156.5,152.5,29.0,4480.5,74
2023-05-10 14:01:06,MA312P2375,MA312P2375,153.5,0.0,0.0,0.0,6,152.0,152.5,3,128.5,152.5,156.5,152.5,29.0,4480.5,74
2023-05-10 14:01:10,MA312P2375,MA312P2375,152.5,3.0,447.5,3.0,6,152.0,153.0,6,128.5,152.5,156.5,152.5,32.0,4928.0,77
2023-05-10 14:01:13,MA312P2375,MA312P2375,152.5,0.0,0.0,0.0,3,152.0,153.0,3,128.5,152.5,156.5,152.5,32.0,4928.0,77
2023-05-10 14:01:17,MA312P2375,MA312P2375,152.5,0.0,0.0,0.0,6,151.5,153.5,3,128.5,152.5,156.5,152.5,32.0,4928.0,77
2023-05-10 14:01:18,MA312P2375,MA312P2375,152.5,0.0,0.0,0.0,3,151.5,156.0,3,128.5,152.5,156.5,152.5,32.0,4928.0,77
2023-05-10 14:01:21,MA312P2375,MA312P2375,152.5,0.0,0.0,0.0,1,109.5,156.0,3,128.5,152.5,156.5,152.5,32.0,4928.0,77
2023-05-10 14:02:01,MA312P2375,MA312P2375,152.5,0.0,0.0,0.0,3,141.0,156.0,3,128.5,152.5,156.5,152.5,32.0,4928.0,77
2023-05-10 14:02:02,MA312P2375,MA312P2375,152.5,0.0,0.0,0.0,6,141.0,156.0,6,128.5,152.5,156.5,152.5,32.0,4928.0,77
2023-05-10 14:02:03,MA312P2375,MA312P2375,152.5,0.0,0.0,0.0,3,151.0,154.0,3,128.5,152.5,156.5,152.5,32.0,4928.0,77
2023-05-10 14:02:04,MA312P2375,MA312P2375,154.0,3.0,462.0,0.0,1,155.0,156.0,6,128.5,152.5,156.5,152.5,35.0,5390.0,77
2023-05-10 14:02:09,MA312P2375,MA312P2375,154.0,0.0,0.0,0.0,1,155.5,156.0,6,128.5,152.5,156.5,152.5,35.0,5390.0,77
2023-05-10 14:02:12,MA312P2375,MA312P2375,154.0,0.0,0.0,0.0,1,155.5,156.0,9,128.5,152.5,156.5,152.5,35.0,5390.0,77
2023-05-10 14:02:12,MA312P2375,MA312P2375,154.0,0.0,0.0,0.0,1,155.5,156.0,12,128.5,152.5,156.5,152.5,35.0,5390.0,77
2023-05-10 14:02:14,MA312P2375,MA312P2375,154.0,0.0,0.0,0.0,4,155.5,156.0,15,128.5,152.5,156.5,152.5,35.0,5390.0,77
2023-05-10 14:02:14,MA312P2375,MA312P2375,154.0,0.0,0.0,0.0,4,155.5,156.0,12,128.5,152.5,156.5,152.5,35.0,5390.0,77
2023-05-10 14:02:16,MA312P2375,MA312P2375,155.0,9.0,1408.0,-3.0,3,155.0,156.0,3,128.5,152.5,156.5,152.5,44.0,6798.0,74
2023-05-10 14:02:16,MA312P2375,MA312P2375,155.0,0.0,0.0,0.0,3,155.0,155.5,3,128.5,152.5,156.5,152.5,44.0,6798.0,74
2023-05-10 14:02:18,MA312P2375,MA312P2375,155.0,0.0,0.0,0.0,3,155.0,155.5,6,128.5,152.5,156.5,152.5,44.0,6798.0,74
2023-05-10 14:02:20,MA312P2375,MA312P2375,155.0,3.0,463.5,3.0,3,154.5,155.0,3,128.5,152.5,156.5,152.5,47.0,7261.5,77
2023-05-10 14:02:22,MA312P2375,MA312P2375,154.5,3.0,463.5,3.0,3,152.5,155.0,3,128.5,152.5,156.5,152.5,50.0,7725.0,80
2023-05-10 14:02:29,MA312P2375,MA312P2375,154.5,0.0,0.0,0.0,3,146.5,155.0,3,128.5,152.5,156.5,152.5,50.0,7725.0,80
2023-05-10 14:02:31,MA312P2375,MA312P2375,154.5,0.0,0.0,0.0,1,109.5,155.0,3,128.5,152.5,156.5,152.5,50.0,7725.0,80
2023-05-10 14:03:08,MA312P2375,MA312P2375,154.5,0.0,0.0,0.0,3,141.0,155.0,3,128.5,152.5,156.5,152.5,50.0,7725.0,80
2023-05-10 14:03:09,MA312P2375,MA312P2375,154.5,0.0,0.0,0.0,6,141.0,155.0,3,128.5,152.5,156.5,152.5,50.0,7725.0,80
2023-05-10 14:03:09,MA312P2375,MA312P2375,154.5,0.0,0.0,0.0,6,141.0,153.0,1,128.5,152.5,156.5,152.5,50.0,7725.0,80
2023-05-10 14:03:10,MA312P2375,MA312P2375,154.5,0.0,0.0,0.0,3,151.0,153.0,1,128.5,152.5,156.5,152.5,50.0,7725.0,80
2023-05-10 14:03:14,MA312P2375,MA312P2375,154.5,0.0,0.0,0.0,3,151.0,152.5,1,128.5,152.5,156.5,152.5,50.0,7725.0,80
2023-05-10 14:03:19,MA312P2375,MA312P2375,154.5,0.0,0.0,0.0,6,151.0,152.5,4,128.5,152.5,156.5,152.5,50.0,7725.0,80
2023-05-10 14:03:22,MA312P2375,MA312P2375,154.5,0.0,0.0,0.0,3,151.0,152.5,4,128.5,152.5,156.5,152.5,50.0,7725.0,80
2023-05-10 14:03:23,MA312P2375,MA312P2375,154.5,0.0,0.0,0.0,6,151.0,152.5,6,128.5,152.5,156.5,152.5,50.0,7725.0,80
2023-05-10 14:03:25,MA312P2375,MA312P2375,154.5,0.0,0.0,0.0,9,151.0,152.5,6,128.5,152.5,156.5,152.5,50.0,7725.0,80
2023-05-10 14:03:25,MA312P2375,MA312P2375,153.0,9.0,1361.0,-3.0,3,151.0,153.0,3,128.5,152.5,156.5,152.5,59.0,9086.0,77
2023-05-10 14:03:35,MA312P2375,MA312P2375,153.0,0.0,0.0,0.0,3,151.0,153.5,3,128.5,152.5,156.5,152.5,59.0,9086.0,77
2023-05-10 14:03:35,MA312P2375,MA312P2375,153.0,0.0,0.0,0.0,3,143.5,155.5,3,128.5,152.5,156.5,152.5,59.0,9086.0,77
2023-05-10 14:03:37,MA312P2375,MA312P2375,153.0,0.0,0.0,0.0,1,109.5,155.5,3,128.5,152.5,156.5,152.5,59.0,9086.0,77
2023-05-10 14:03:38,MA312P2375,MA312P2375,153.0,0.0,0.0,0.0,1,117.5,155.5,3,128.5,152.5,156.5,152.5,59.0,9086.0,77
2023-05-10 14:05:17,MA312P2375,MA312P2375,153.0,0.0,0.0,0.0,3,142.0,155.5,3,128.5,152.5,156.5,152.5,59.0,9086.0,77
2023-05-10 14:05:18,MA312P2375,MA312P2375,153.0,0.0,0.0,0.0,6,142.0,155.5,3,128.5,152.5,156.5,152.5,59.0,9086.0,77
2023-05-10 14:05:19,MA312P2375,MA312P2375,153.0,0.0,0.0,0.0,3,152.5,155.5,6,128.5,152.5,156.5,152.5,59.0,9086.0,77
2023-05-10 14:05:20,MA312P2375,MA312P2375,153.0,0.0,0.0,0.0,3,152.5,153.0,1,128.5,152.5,156.5,152.5,59.0,9086.0,77
2023-05-10 14:05:23,MA312P2375,MA312P2375,153.0,0.0,0.0,0.0,6,152.5,153.0,4,128.5,152.5,156.5,152.5,59.0,9086.0,77
2023-05-10 14:05:24,MA312P2375,MA312P2375,153.0,3.0,462.0,3.0,3,152.5,155.5,6,128.5,152.5,156.5,152.5,62.0,9548.0,80
2023-05-10 14:05:27,MA312P2375,MA312P2375,153.0,0.0,0.0,0.0,3,152.5,155.5,9,128.5,152.5,156.5,152.5,62.0,9548.0,80
2023-05-10 14:05:28,MA312P2375,MA312P2375,153.0,0.0,0.0,0.0,1,155.0,155.5,9,128.5,152.5,156.5,152.5,62.0,9548.0,80
2023-05-10 14:05:29,MA312P2375,MA312P2375,153.0,0.0,0.0,0.0,4,155.0,155.5,12,128.5,152.5,156.5,152.5,62.0,9548.0,80
2023-05-10 14:05:31,MA312P2375,MA312P2375,155.0,3.0,462.0,0.0,3,154.5,155.5,12,128.5,152.5,156.5,152.5,65.0,10010.0,80
2023-05-10 14:05:31,MA312P2375,MA312P2375,154.5,3.0,462.0,0.0,3,152.0,155.5,3,128.5,152.5,156.5,152.5,68.0,10472.0,80
2023-05-10 14:05:33,MA312P2375,MA312P2375,154.5,0.0,0.0,0.0,6,152.0,155.5,6,128.5,152.5,156.5,152.5,68.0,10472.0,80
2023-05-10 14:05:34,MA312P2375,MA312P2375,154.5,0.0,0.0,0.0,9,152.0,155.5,9,128.5,152.5,156.5,152.5,68.0,10472.0,80
2023-05-10 14:05:37,MA312P2375,MA312P2375,154.5,0.0,0.0,0.0,6,152.0,155.5,9,128.5,152.5,156.5,152.5,68.0,10472.0,80
2023-05-10 14:05:44,MA312P2375,MA312P2375,154.5,0.0,0.0,0.0,3,152.0,155.5,6,128.5,152.5,156.5,152.5,68.0,10472.0,80
2023-05-10 14:05:45,MA312P2375,MA312P2375,154.5,0.0,0.0,0.0,3,145.5,155.5,3,128.5,152.5,156.5,152.5,68.0,10472.0,80
2023-05-10 14:05:47,MA312P2375,MA312P2375,154.5,0.0,0.0,0.0,1,100.0,155.5,3,128.5,152.5,156.5,152.5,68.0,10472.0,80
2023-05-10 14:05:48,MA312P2375,MA312P2375,154.5,0.0,0.0,0.0,1,108.0,155.5,3,128.5,152.5,156.5,152.5,68.0,10472.0,80
2023-05-10 14:07:14,MA312P2375,MA312P2375,154.5,0.0,0.0,0.0,3,142.0,155.5,3,128.5,152.5,156.5,152.5,68.0,10472.0,80
2023-05-10 14:07:16,MA312P2375,MA312P2375,154.5,0.0,0.0,0.0,3,152.5,155.5,6,128.5,152.5,156.5,152.5,68.0,10472.0,80
2023-05-10 14:07:20,MA312P2375,MA312P2375,154.5,0.0,0.0,0.0,6,152.5,155.5,9,128.5,152.5,156.5,152.5,68.0,10472.0,80
2023-05-10 14:07:21,MA312P2375,MA312P2375,154.5,0.0,0.0,0.0,9,152.5,155.5,12,128.5,152.5,156.5,152.5,68.0,10472.0,80
2023-05-10 14:07:24,MA312P2375,MA312P2375,154.5,0.0,0.0,0.0,12,152.5,155.5,15,128.5,152.5,156.5,152.5,68.0,10472.0,80
2023-05-10 14:07:27,MA312P2375,MA312P2375,154.5,0.0,0.0,0.0,15,152.5,155.5,18,128.5,152.5,156.5,152.5,68.0,10472.0,80
2023-05-10 14:07:28,MA312P2375,MA312P2375,154.5,0.0,0.0,0.0,12,152.5,155.5,15,128.5,152.5,156.5,152.5,68.0,10472.0,80
2023-05-10 14:07:29,MA312P2375,MA312P2375,154.5,0.0,0.0,0.0,15,152.5,155.5,18,128.5,152.5,156.5,152.5,68.0,10472.0,80
2023-05-10 14:07:32,MA312P2375,MA312P2375,154.5,0.0,0.0,0.0,12,152.5,155.5,15,128.5,152.5,156.5,152.5,68.0,10472.0,80
2023-05-10 14:07:36,MA312P2375,MA312P2375,154.5,0.0,0.0,0.0,9,152.5,155.5,12,128.5,152.5,156.5,152.5,68.0,10472.0,80
2023-05-10 14:07:38,MA312P2375,MA312P2375,154.5,0.0,0.0,0.0,9,152.5,153.0,4,128.5,152.5,156.5,152.5,68.0,10472.0,80
2023-05-10 14:07:38,MA312P2375,MA312P2375,154.5,0.0,0.0,0.0,3,152.5,153.0,1,128.5,152.5,156.5,152.5,68.0,10472.0,80
2023-05-10 14:07:39,MA312P2375,MA312P2375,154.5,0.0,0.0,0.0,3,152.5,155.5,6,128.5,152.5,156.5,152.5,68.0,10472.0,80
2023-05-10 14:07:42,MA312P2375,MA312P2375,154.5,0.0,0.0,0.0,1,151.0,155.5,3,128.5,152.5,156.5,152.5,68.0,10472.0,80
2023-05-10 14:10:34,MA312P2375,MA312P2375,154.5,0.0,0.0,0.0,1,100.0,155.5,3,128.5,152.5,156.5,152.5,68.0,10472.0,80
2023-05-10 14:10:35,MA312P2375,MA312P2375,154.5,0.0,0.0,0.0,1,108.0,155.5,3,128.5,152.5,156.5,152.5,68.0,10472.0,80
2023-05-10 14:10:49,MA312P2375,MA312P2375,154.5,0.0,0.0,0.0,3,141.5,155.5,3,128.5,152.5,156.5,152.5,68.0,10472.0,80
2023-05-10 14:10:50,MA312P2375,MA312P2375,154.5,0.0,0.0,0.0,1,151.0,155.5,6,128.5,152.5,156.5,152.5,68.0,10472.0,80
2023-05-10 14:10:51,MA312P2375,MA312P2375,154.5,0.0,0.0,0.0,3,151.5,154.5,3,128.5,152.5,156.5,152.5,68.0,10472.0,80
2023-05-10 14:10:55,MA312P2375,MA312P2375,154.5,0.0,0.0,0.0,6,151.5,154.5,6,128.5,152.5,156.5,152.5,68.0,10472.0,80
2023-05-10 14:10:56,MA312P2375,MA312P2375,154.5,0.0,0.0,0.0,9,151.5,154.5,6,128.5,152.5,156.5,152.5,68.0,10472.0,80
2023-05-10 14:10:59,MA312P2375,MA312P2375,154.5,0.0,0.0,0.0,12,151.5,154.5,9,128.5,152.5,156.5,152.5,68.0,10472.0,80
2023-05-10 14:11:02,MA312P2375,MA312P2375,154.5,0.0,0.0,0.0,15,151.5,154.5,12,128.5,152.5,156.5,152.5,68.0,10472.0,80
2023-05-10 14:11:03,MA312P2375,MA312P2375,154.5,0.0,0.0,0.0,12,151.5,154.5,9,128.5,152.5,156.5,152.5,68.0,10472.0,80
2023-05-10 14:11:07,MA312P2375,MA312P2375,154.5,0.0,0.0,0.0,9,151.5,154.5,9,128.5,152.5,156.5,152.5,68.0,10472.0,80
2023-05-10 14:11:11,MA312P2375,MA312P2375,154.5,0.0,0.0,0.0,6,151.5,154.5,6,128.5,152.5,156.5,152.5,68.0,10472.0,80
2023-05-10 14:11:14,MA312P2375,MA312P2375,154.5,0.0,0.0,0.0,4,151.0,155.0,3,128.5,152.5,156.5,152.5,68.0,10472.0,80
2023-05-10 14:11:16,MA312P2375,MA312P2375,154.5,0.0,0.0,0.0,1,151.0,155.5,3,128.5,152.5,156.5,152.5,68.0,10472.0,80
2023-05-10 14:11:21,MA312P2375,MA312P2375,154.5,0.0,0.0,0.0,1,100.0,155.5,3,128.5,152.5,156.5,152.5,68.0,10472.0,80
2023-05-10 14:11:21,MA312P2375,MA312P2375,154.5,0.0,0.0,0.0,1,108.0,155.5,3,128.5,152.5,156.5,152.5,68.0,10472.0,80
2023-05-10 14:15:45,MA312P2375,MA312P2375,154.5,0.0,0.0,0.0,3,142.0,155.5,3,128.5,152.5,156.5,152.5,68.0,10472.0,80
2023-05-10 14:15:47,MA312P2375,MA312P2375,154.5,0.0,0.0,0.0,3,152.5,155.5,6,128.5,152.5,156.5,152.5,68.0,10472.0,80
2023-05-10 14:15:51,MA312P2375,MA312P2375,154.5,0.0,0.0,0.0,6,152.5,155.5,9,128.5,152.5,156.5,152.5,68.0,10472.0,80
2023-05-10 14:15:52,MA312P2375,MA312P2375,154.5,0.0,0.0,0.0,9,152.5,155.5,12,128.5,152.5,156.5,152.5,68.0,10472.0,80
2023-05-10 14:15:55,MA312P2375,MA312P2375,154.5,0.0,0.0,0.0,12,152.5,155.5,15,128.5,152.5,156.5,152.5,68.0,10472.0,80
2023-05-10 14:15:57,MA312P2375,MA312P2375,154.5,0.0,0.0,0.0,15,152.5,155.5,18,128.5,152.5,156.5,152.5,68.0,10472.0,80
2023-05-10 14:15:59,MA312P2375,MA312P2375,154.5,0.0,0.0,0.0,12,152.5,155.5,15,128.5,152.5,156.5,152.5,68.0,10472.0,80
2023-05-10 14:16:00,MA312P2375,MA312P2375,152.5,3.0,462.0,0.0,12,152.5,155.5,15,128.5,152.5,156.5,152.5,71.0,10934.0,80
2023-05-10 14:16:02,MA312P2375,MA312P2375,152.5,0.0,0.0,0.0,9,152.5,155.5,12,128.5,152.5,156.5,152.5,71.0,10934.0,80
2023-05-10 14:16:07,MA312P2375,MA312P2375,152.5,0.0,0.0,0.0,6,152.5,155.5,9,128.5,152.5,156.5,152.5,71.0,10934.0,80
2023-05-10 14:16:09,MA312P2375,MA312P2375,152.5,0.0,0.0,0.0,3,152.5,155.5,6,128.5,152.5,156.5,152.5,71.0,10934.0,80
2023-05-10 14:16:12,MA312P2375,MA312P2375,152.5,0.0,0.0,0.0,3,145.5,155.5,3,128.5,152.5,156.5,152.5,71.0,10934.0,80
2023-05-10 14:16:15,MA312P2375,MA312P2375,152.5,0.0,0.0,0.0,1,100.0,155.5,3,128.5,152.5,156.5,152.5,71.0,10934.0,80
2023-05-10 14:16:16,MA312P2375,MA312P2375,152.5,0.0,0.0,0.0,1,108.0,155.5,3,128.5,152.5,156.5,152.5,71.0,10934.0,80
2023-05-10 14:17:46,MA312P2375,MA312P2375,152.5,0.0,0.0,0.0,1,100.0,155.5,3,128.5,152.5,156.5,152.5,71.0,10934.0,80
2023-05-10 14:17:53,MA312P2375,MA312P2375,152.5,0.0,0.0,0.0,1,108.0,155.5,3,128.5,152.5,156.5,152.5,71.0,10934.0,80
2023-05-10 14:18:23,MA312P2375,MA312P2375,152.5,0.0,0.0,0.0,1,100.0,155.5,3,128.5,152.5,156.5,152.5,71.0,10934.0,80
2023-05-10 14:18:25,MA312P2375,MA312P2375,152.5,0.0,0.0,0.0,1,100.5,155.5,3,128.5,152.5,156.5,152.5,71.0,10934.0,80
2023-05-10 14:19:26,MA312P2375,MA312P2375,152.5,0.0,0.0,0.0,1,100.0,155.5,3,128.5,152.5,156.5,152.5,71.0,10934.0,80
2023-05-10 14:19:40,MA312P2375,MA312P2375,152.5,0.0,0.0,0.0,3,143.0,155.5,3,128.5,152.5,156.5,152.5,71.0,10934.0,80
2023-05-10 14:19:41,MA312P2375,MA312P2375,152.5,0.0,0.0,0.0,6,143.0,155.5,3,128.5,152.5,156.5,152.5,71.0,10934.0,80
2023-05-10 14:19:42,MA312P2375,MA312P2375,152.5,0.0,0.0,0.0,3,153.5,155.5,3,128.5,152.5,156.5,152.5,71.0,10934.0,80
2023-05-10 14:19:51,MA312P2375,MA312P2375,152.5,0.0,0.0,0.0,6,153.5,155.5,6,128.5,152.5,156.5,152.5,71.0,10934.0,80
2023-05-10 14:19:54,MA312P2375,MA312P2375,152.5,0.0,0.0,0.0,3,153.5,155.5,6,128.5,152.5,156.5,152.5,71.0,10934.0,80
2023-05-10 14:19:55,MA312P2375,MA312P2375,152.5,0.0,0.0,0.0,3,153.5,155.5,9,128.5,152.5,156.5,152.5,71.0,10934.0,80
2023-05-10 14:19:57,MA312P2375,MA312P2375,152.5,0.0,0.0,0.0,3,153.5,155.5,12,128.5,152.5,156.5,152.5,71.0,10934.0,80
2023-05-10 14:20:03,MA312P2375,MA312P2375,152.5,0.0,0.0,0.0,6,153.0,155.5,9,128.5,152.5,156.5,152.5,71.0,10934.0,80
2023-05-10 14:20:07,MA312P2375,MA312P2375,152.5,0.0,0.0,0.0,3,151.5,155.5,6,128.5,152.5,156.5,152.5,71.0,10934.0,80
2023-05-10 14:20:07,MA312P2375,MA312P2375,152.5,0.0,0.0,0.0,3,146.0,155.5,3,128.5,152.5,156.5,152.5,71.0,10934.0,80
2023-05-10 14:20:09,MA312P2375,MA312P2375,152.5,0.0,0.0,0.0,1,100.0,155.5,3,128.5,152.5,156.5,152.5,71.0,10934.0,80
2023-05-10 14:20:10,MA312P2375,MA312P2375,152.5,0.0,0.0,0.0,1,108.0,155.5,3,128.5,152.5,156.5,152.5,71.0,10934.0,80
2023-05-10 14:20:26,MA312P2375,MA312P2375,152.5,0.0,0.0,0.0,1,100.0,155.5,3,128.5,152.5,156.5,152.5,71.0,10934.0,80
2023-05-10 14:20:59,MA312P2375,MA312P2375,152.5,0.0,0.0,0.0,1,108.0,155.5,3,128.5,152.5,156.5,152.5,71.0,10934.0,80
2023-05-10 14:21:44,MA312P2375,MA312P2375,152.5,0.0,0.0,0.0,1,100.0,155.5,3,128.5,152.5,156.5,152.5,71.0,10934.0,80
2023-05-10 14:22:02,MA312P2375,MA312P2375,152.5,0.0,0.0,0.0,1,108.0,155.5,3,128.5,152.5,156.5,152.5,71.0,10934.0,80
2023-05-10 14:22:31,MA312P2375,MA312P2375,152.5,0.0,0.0,0.0,1,100.0,155.5,3,128.5,152.5,156.5,152.5,71.0,10934.0,80
2023-05-10 14:22:57,MA312P2375,MA312P2375,152.5,0.0,0.0,0.0,1,100.0,0.0,0,128.5,152.5,156.5,152.5,71.0,10934.0,80
2023-05-10 14:23:03,MA312P2375,MA312P2375,152.5,0.0,0.0,0.0,1,108.0,0.0,0,128.5,152.5,156.5,152.5,71.0,10934.0,80
2023-05-10 14:23:33,MA312P2375,MA312P2375,152.5,0.0,0.0,0.0,1,100.0,0.0,0,128.5,152.5,156.5,152.5,71.0,10934.0,80
2023-05-10 14:24:27,MA312P2375,MA312P2375,152.5,0.0,0.0,0.0,1,108.0,0.0,0,128.5,152.5,156.5,152.5,71.0,10934.0,80
2023-05-10 14:24:57,MA312P2375,MA312P2375,152.5,0.0,0.0,0.0,1,100.0,0.0,0,128.5,152.5,156.5,152.5,71.0,10934.0,80
2023-05-10 14:25:37,MA312P2375,MA312P2375,152.5,0.0,0.0,0.0,1,108.0,0.0,0,128.5,152.5,156.5,152.5,71.0,10934.0,80
2023-05-10 14:26:07,MA312P2375,MA312P2375,152.5,0.0,0.0,0.0,1,100.0,0.0,0,128.5,152.5,156.5,152.5,71.0,10934.0,80
2023-05-10 14:26:39,MA312P2375,MA312P2375,152.5,0.0,0.0,0.0,1,108.0,0.0,0,128.5,152.5,156.5,152.5,71.0,10934.0,80
2023-05-10 14:27:10,MA312P2375,MA312P2375,152.5,0.0,0.0,0.0,1,100.0,0.0,0,128.5,152.5,156.5,152.5,71.0,10934.0,80
2023-05-10 14:27:52,MA312P2375,MA312P2375,152.5,0.0,0.0,0.0,1,108.0,0.0,0,128.5,152.5,156.5,152.5,71.0,10934.0,80
2023-05-10 14:28:22,MA312P2375,MA312P2375,152.5,0.0,0.0,0.0,1,100.0,0.0,0,128.5,152.5,156.5,152.5,71.0,10934.0,80
2023-05-10 14:29:01,MA312P2375,MA312P2375,152.5,0.0,0.0,0.0,1,108.0,0.0,0,128.5,152.5,156.5,152.5,71.0,10934.0,80
2023-05-10 14:29:31,MA312P2375,MA312P2375,152.5,0.0,0.0,0.0,1,100.0,0.0,0,128.5,152.5,156.5,152.5,71.0,10934.0,80
2023-05-10 14:30:11,MA312P2375,MA312P2375,152.5,0.0,0.0,0.0,1,108.0,0.0,0,128.5,152.5,156.5,152.5,71.0,10934.0,80
2023-05-10 14:31:09,MA312P2375,MA312P2375,152.5,0.0,0.0,0.0,1,100.0,0.0,0,128.5,152.5,156.5,152.5,71.0,10934.0,80
2023-05-10 14:31:11,MA312P2375,MA312P2375,152.5,0.0,0.0,0.0,1,108.0,0.0,0,128.5,152.5,156.5,152.5,71.0,10934.0,80
2023-05-10 14:31:26,MA312P2375,MA312P2375,152.5,0.0,0.0,0.0,1,100.0,0.0,0,128.5,152.5,156.5,152.5,71.0,10934.0,80
2023-05-10 14:32:13,MA312P2375,MA312P2375,152.5,0.0,0.0,0.0,1,108.0,0.0,0,128.5,152.5,156.5,152.5,71.0,10934.0,80
2023-05-10 14:32:43,MA312P2375,MA312P2375,152.5,0.0,0.0,0.0,1,100.0,0.0,0,128.5,152.5,156.5,152.5,71.0,10934.0,80
2023-05-10 14:33:16,MA312P2375,MA312P2375,152.5,0.0,0.0,0.0,1,108.0,0.0,0,128.5,152.5,156.5,152.5,71.0,10934.0,80
2023-05-10 14:33:46,MA312P2375,MA312P2375,152.5,0.0,0.0,0.0,1,100.0,0.0,0,128.5,152.5,156.5,152.5,71.0,10934.0,80
2023-05-10 14:33:48,MA312P2375,MA312P2375,152.5,0.0,0.0,0.0,1,100.5,0.0,0,128.5,152.5,156.5,152.5,71.0,10934.0,80
2023-05-10 14:34:28,MA312P2375,MA312P2375,152.5,0.0,0.0,0.0,1,100.0,0.0,0,128.5,152.5,156.5,152.5,71.0,10934.0,80
2023-05-10 14:40:38,MA312P2375,MA312P2375,152.5,0.0,0.0,0.0,1,108.0,0.0,0,128.5,152.5,156.5,152.5,71.0,10934.0,80
2023-05-10 14:41:07,MA312P2375,MA312P2375,152.5,0.0,0.0,0.0,1,100.0,0.0,0,128.5,152.5,156.5,152.5,71.0,10934.0,80
2023-05-10 14:41:34,MA312P2375,MA312P2375,152.5,0.0,0.0,0.0,1,108.0,0.0,0,128.5,152.5,156.5,152.5,71.0,10934.0,80
2023-05-10 14:42:04,MA312P2375,MA312P2375,152.5,0.0,0.0,0.0,1,100.0,0.0,0,128.5,152.5,156.5,152.5,71.0,10934.0,80
2023-05-10 14:42:25,MA312P2375,MA312P2375,152.5,0.0,0.0,0.0,1,104.0,0.0,0,128.5,152.5,156.5,152.5,71.0,10934.0,80
2023-05-10 14:42:54,MA312P2375,MA312P2375,152.5,0.0,0.0,0.0,1,100.0,0.0,0,128.5,152.5,156.5,152.5,71.0,10934.0,80
2023-05-10 14:44:13,MA312P2375,MA312P2375,152.5,0.0,0.0,0.0,1,100.5,0.0,0,128.5,152.5,156.5,152.5,71.0,10934.0,80
2023-05-10 14:44:43,MA312P2375,MA312P2375,152.5,0.0,0.0,0.0,1,100.0,0.0,0,128.5,152.5,156.5,152.5,71.0,10934.0,80
2023-05-10 14:49:05,MA312P2375,MA312P2375,152.5,0.0,0.0,0.0,3,141.0,157.5,3,128.5,152.5,156.5,152.5,71.0,10934.0,80
2023-05-10 14:49:06,MA312P2375,MA312P2375,152.5,0.0,0.0,0.0,6,141.0,157.5,6,128.5,152.5,156.5,152.5,71.0,10934.0,80
2023-05-10 14:49:07,MA312P2375,MA312P2375,152.5,0.0,0.0,0.0,3,152.0,155.0,3,128.5,152.5,156.5,152.5,71.0,10934.0,80
2023-05-10 14:49:11,MA312P2375,MA312P2375,152.5,0.0,0.0,0.0,6,152.0,155.0,6,128.5,152.5,156.5,152.5,71.0,10934.0,80
2023-05-10 14:49:12,MA312P2375,MA312P2375,152.5,0.0,0.0,0.0,9,152.0,155.0,9,128.5,152.5,156.5,152.5,71.0,10934.0,80
2023-05-10 14:49:15,MA312P2375,MA312P2375,152.5,0.0,0.0,0.0,12,152.0,155.0,12,128.5,152.5,156.5,152.5,71.0,10934.0,80
2023-05-10 14:49:19,MA312P2375,MA312P2375,152.5,0.0,0.0,0.0,9,152.0,155.0,9,128.5,152.5,156.5,152.5,71.0,10934.0,80
2023-05-10 14:49:20,MA312P2375,MA312P2375,152.5,0.0,0.0,0.0,9,152.0,155.0,12,128.5,152.5,156.5,152.5,71.0,10934.0,80
2023-05-10 14:49:20,MA312P2375,MA312P2375,152.5,0.0,0.0,0.0,12,152.0,155.0,15,128.5,152.5,156.5,152.5,71.0,10934.0,80
2023-05-10 14:49:22,MA312P2375,MA312P2375,152.5,0.0,0.0,0.0,9,152.0,155.0,12,128.5,152.5,156.5,152.5,71.0,10934.0,80
2023-05-10 14:49:27,MA312P2375,MA312P2375,152.5,0.0,0.0,0.0,6,152.0,155.0,9,128.5,152.5,156.5,152.5,71.0,10934.0,80
2023-05-10 14:49:29,MA312P2375,MA312P2375,152.5,0.0,0.0,0.0,3,152.0,155.0,6,128.5,152.5,156.5,152.5,71.0,10934.0,80
2023-05-10 14:49:31,MA312P2375,MA312P2375,152.5,0.0,0.0,0.0,3,152.0,155.0,3,128.5,152.5,156.5,152.5,71.0,10934.0,80
2023-05-10 14:49:32,MA312P2375,MA312P2375,152.5,0.0,0.0,0.0,3,145.0,162.0,3,128.5,152.5,156.5,152.5,71.0,10934.0,80
2023-05-10 14:49:35,MA312P2375,MA312P2375,152.5,0.0,0.0,0.0,1,100.0,0.0,0,128.5,152.5,156.5,152.5,71.0,10934.0,80
2023-05-10 14:49:35,MA312P2375,MA312P2375,152.5,0.0,0.0,0.0,1,100.0,0.0,0,128.5,152.5,156.5,152.5,71.0,10934.0,80
