time,symbol_id,symbol_name,last,trade_volume,trade_amount,open_interest_change,bv1,bp1,ap1,av1,yesterday_close,today_open,today_high,today_low,volume,amount,open_interest
2023-05-09 19:10:58,MA312C2400,MA312C2400,126.0,0.0,0.0,0.0,0,0.0,0.0,0,126.0,0.0,0.0,0.0,0.0,0.0,17
2023-05-09 20:59:00,MA312C2400,MA312C2400,126.0,0.0,0.0,0.0,1,0.5,0.0,0,126.0,0.0,0.0,0.0,0.0,0.0,17
2023-05-09 21:00:15,MA312C2400,MA312C2400,126.0,0.0,0.0,0.0,2,18.5,0.0,0,126.0,0.0,0.0,0.0,0.0,0.0,17
2023-05-09 21:00:15,MA312C2400,MA312C2400,126.0,0.0,0.0,0.0,10,19.0,0.0,0,126.0,0.0,0.0,0.0,0.0,0.0,17
2023-05-09 21:00:15,MA312C2400,MA312C2400,126.0,0.0,0.0,0.0,2,18.5,0.0,0,126.0,0.0,0.0,0.0,0.0,0.0,17
2023-05-09 21:00:15,MA312C2400,MA312C2400,126.0,0.0,0.0,0.0,10,19.0,0.0,0,126.0,0.0,0.0,0.0,0.0,0.0,17
2023-05-09 21:01:17,MA312C2400,MA312C2400,126.0,0.0,0.0,0.0,1,19.5,0.0,0,126.0,0.0,0.0,0.0,0.0,0.0,17
2023-05-09 21:01:18,MA312C2400,MA312C2400,126.0,0.0,0.0,0.0,10,20.0,0.0,0,126.0,0.0,0.0,0.0,0.0,0.0,17
2023-05-09 21:01:20,MA312C2400,MA312C2400,126.0,0.0,0.0,0.0,1,20.5,0.0,0,126.0,0.0,0.0,0.0,0.0,0.0,17
2023-05-09 21:01:20,MA312C2400,MA312C2400,126.0,0.0,0.0,0.0,10,21.0,0.0,0,126.0,0.0,0.0,0.0,0.0,0.0,17
2023-05-09 21:01:22,MA312C2400,MA312C2400,126.0,0.0,0.0,0.0,1,21.5,0.0,0,126.0,0.0,0.0,0.0,0.0,0.0,17
2023-05-09 21:01:22,MA312C2400,MA312C2400,126.0,0.0,0.0,0.0,10,22.0,0.0,0,126.0,0.0,0.0,0.0,0.0,0.0,17
2023-05-09 21:01:24,MA312C2400,MA312C2400,126.0,0.0,0.0,0.0,1,22.5,0.0,0,126.0,0.0,0.0,0.0,0.0,0.0,17
2023-05-09 21:01:24,MA312C2400,MA312C2400,126.0,0.0,0.0,0.0,10,23.0,0.0,0,126.0,0.0,0.0,0.0,0.0,0.0,17
2023-05-09 21:01:27,MA312C2400,MA312C2400,126.0,0.0,0.0,0.0,1,23.5,0.0,0,126.0,0.0,0.0,0.0,0.0,0.0,17
2023-05-09 21:01:27,MA312C2400,MA312C2400,126.0,0.0,0.0,0.0,10,24.0,0.0,0,126.0,0.0,0.0,0.0,0.0,0.0,17
2023-05-09 21:01:30,MA312C2400,MA312C2400,126.0,0.0,0.0,0.0,1,24.5,0.0,0,126.0,0.0,0.0,0.0,0.0,0.0,17
2023-05-09 21:01:30,MA312C2400,MA312C2400,126.0,0.0,0.0,0.0,10,25.0,0.0,0,126.0,0.0,0.0,0.0,0.0,0.0,17
2023-05-09 21:01:34,MA312C2400,MA312C2400,126.0,0.0,0.0,0.0,1,25.5,0.0,0,126.0,0.0,0.0,0.0,0.0,0.0,17
2023-05-09 21:01:34,MA312C2400,MA312C2400,126.0,0.0,0.0,0.0,10,26.0,0.0,0,126.0,0.0,0.0,0.0,0.0,0.0,17
2023-05-09 21:01:36,MA312C2400,MA312C2400,126.0,0.0,0.0,0.0,1,26.5,0.0,0,126.0,0.0,0.0,0.0,0.0,0.0,17
2023-05-09 21:01:36,MA312C2400,MA312C2400,126.0,0.0,0.0,0.0,10,27.0,0.0,0,126.0,0.0,0.0,0.0,0.0,0.0,17
2023-05-09 21:01:38,MA312C2400,MA312C2400,126.0,0.0,0.0,0.0,1,27.5,0.0,0,126.0,0.0,0.0,0.0,0.0,0.0,17
2023-05-09 21:01:38,MA312C2400,MA312C2400,126.0,0.0,0.0,0.0,10,28.0,0.0,0,126.0,0.0,0.0,0.0,0.0,0.0,17
2023-05-09 21:01:41,MA312C2400,MA312C2400,126.0,0.0,0.0,0.0,1,28.5,0.0,0,126.0,0.0,0.0,0.0,0.0,0.0,17
2023-05-09 21:01:41,MA312C2400,MA312C2400,126.0,0.0,0.0,0.0,10,29.0,0.0,0,126.0,0.0,0.0,0.0,0.0,0.0,17
2023-05-09 21:02:05,MA312C2400,MA312C2400,126.0,0.0,0.0,0.0,1,29.5,0.0,0,126.0,0.0,0.0,0.0,0.0,0.0,17
2023-05-09 21:02:05,MA312C2400,MA312C2400,126.0,0.0,0.0,0.0,10,30.0,0.0,0,126.0,0.0,0.0,0.0,0.0,0.0,17
2023-05-09 21:02:08,MA312C2400,MA312C2400,126.0,0.0,0.0,0.0,1,30.5,0.0,0,126.0,0.0,0.0,0.0,0.0,0.0,17
2023-05-09 21:02:09,MA312C2400,MA312C2400,126.0,0.0,0.0,0.0,10,31.0,0.0,0,126.0,0.0,0.0,0.0,0.0,0.0,17
2023-05-09 21:02:10,MA312C2400,MA312C2400,126.0,0.0,0.0,0.0,1,31.5,0.0,0,126.0,0.0,0.0,0.0,0.0,0.0,17
2023-05-09 21:02:10,MA312C2400,MA312C2400,126.0,0.0,0.0,0.0,10,32.0,0.0,0,126.0,0.0,0.0,0.0,0.0,0.0,17
2023-05-09 21:02:11,MA312C2400,MA312C2400,126.0,0.0,0.0,0.0,1,32.5,0.0,0,126.0,0.0,0.0,0.0,0.0,0.0,17
2023-05-09 21:02:11,MA312C2400,MA312C2400,126.0,0.0,0.0,0.0,10,33.0,0.0,0,126.0,0.0,0.0,0.0,0.0,0.0,17
2023-05-09 21:02:14,MA312C2400,MA312C2400,126.0,0.0,0.0,0.0,1,33.5,0.0,0,126.0,0.0,0.0,0.0,0.0,0.0,17
2023-05-09 21:02:14,MA312C2400,MA312C2400,126.0,0.0,0.0,0.0,10,34.0,0.0,0,126.0,0.0,0.0,0.0,0.0,0.0,17
2023-05-09 21:02:15,MA312C2400,MA312C2400,126.0,0.0,0.0,0.0,1,34.5,0.0,0,126.0,0.0,0.0,0.0,0.0,0.0,17
2023-05-09 21:02:16,MA312C2400,MA312C2400,126.0,0.0,0.0,0.0,10,35.0,0.0,0,126.0,0.0,0.0,0.0,0.0,0.0,17
2023-05-09 21:02:17,MA312C2400,MA312C2400,126.0,0.0,0.0,0.0,1,35.5,0.0,0,126.0,0.0,0.0,0.0,0.0,0.0,17
2023-05-09 21:02:17,MA312C2400,MA312C2400,126.0,0.0,0.0,0.0,10,36.0,0.0,0,126.0,0.0,0.0,0.0,0.0,0.0,17
2023-05-09 21:02:18,MA312C2400,MA312C2400,126.0,0.0,0.0,0.0,1,36.5,0.0,0,126.0,0.0,0.0,0.0,0.0,0.0,17
2023-05-09 21:02:19,MA312C2400,MA312C2400,126.0,0.0,0.0,0.0,10,37.0,0.0,0,126.0,0.0,0.0,0.0,0.0,0.0,17
2023-05-09 21:02:20,MA312C2400,MA312C2400,126.0,0.0,0.0,0.0,1,37.5,0.0,0,126.0,0.0,0.0,0.0,0.0,0.0,17
2023-05-09 21:02:20,MA312C2400,MA312C2400,126.0,0.0,0.0,0.0,10,38.0,0.0,0,126.0,0.0,0.0,0.0,0.0,0.0,17
2023-05-09 21:02:21,MA312C2400,MA312C2400,126.0,0.0,0.0,0.0,1,38.5,0.0,0,126.0,0.0,0.0,0.0,0.0,0.0,17
2023-05-09 21:02:22,MA312C2400,MA312C2400,126.0,0.0,0.0,0.0,10,39.0,0.0,0,126.0,0.0,0.0,0.0,0.0,0.0,17
2023-05-09 21:02:23,MA312C2400,MA312C2400,126.0,0.0,0.0,0.0,1,39.5,0.0,0,126.0,0.0,0.0,0.0,0.0,0.0,17
2023-05-09 21:02:23,MA312C2400,MA312C2400,126.0,0.0,0.0,0.0,10,40.0,0.0,0,126.0,0.0,0.0,0.0,0.0,0.0,17
2023-05-09 21:02:24,MA312C2400,MA312C2400,126.0,0.0,0.0,0.0,1,40.5,0.0,0,126.0,0.0,0.0,0.0,0.0,0.0,17
2023-05-09 21:02:25,MA312C2400,MA312C2400,126.0,0.0,0.0,0.0,10,41.0,0.0,0,126.0,0.0,0.0,0.0,0.0,0.0,17
2023-05-09 21:02:26,MA312C2400,MA312C2400,126.0,0.0,0.0,0.0,1,41.5,0.0,0,126.0,0.0,0.0,0.0,0.0,0.0,17
2023-05-09 21:02:26,MA312C2400,MA312C2400,126.0,0.0,0.0,0.0,10,42.0,0.0,0,126.0,0.0,0.0,0.0,0.0,0.0,17
2023-05-09 21:02:27,MA312C2400,MA312C2400,126.0,0.0,0.0,0.0,1,42.5,0.0,0,126.0,0.0,0.0,0.0,0.0,0.0,17
2023-05-09 21:02:27,MA312C2400,MA312C2400,126.0,0.0,0.0,0.0,10,43.0,0.0,0,126.0,0.0,0.0,0.0,0.0,0.0,17
2023-05-09 21:02:28,MA312C2400,MA312C2400,126.0,0.0,0.0,0.0,1,43.5,0.0,0,126.0,0.0,0.0,0.0,0.0,0.0,17
2023-05-09 21:02:29,MA312C2400,MA312C2400,126.0,0.0,0.0,0.0,10,44.0,0.0,0,126.0,0.0,0.0,0.0,0.0,0.0,17
2023-05-09 21:02:30,MA312C2400,MA312C2400,126.0,0.0,0.0,0.0,1,44.5,0.0,0,126.0,0.0,0.0,0.0,0.0,0.0,17
2023-05-09 21:02:30,MA312C2400,MA312C2400,126.0,0.0,0.0,0.0,10,45.0,0.0,0,126.0,0.0,0.0,0.0,0.0,0.0,17
2023-05-09 21:02:32,MA312C2400,MA312C2400,126.0,0.0,0.0,0.0,1,45.5,0.0,0,126.0,0.0,0.0,0.0,0.0,0.0,17
2023-05-09 21:02:32,MA312C2400,MA312C2400,126.0,0.0,0.0,0.0,10,46.0,0.0,0,126.0,0.0,0.0,0.0,0.0,0.0,17
2023-05-09 21:02:33,MA312C2400,MA312C2400,126.0,0.0,0.0,0.0,1,46.5,0.0,0,126.0,0.0,0.0,0.0,0.0,0.0,17
2023-05-09 21:02:33,MA312C2400,MA312C2400,126.0,0.0,0.0,0.0,10,47.0,0.0,0,126.0,0.0,0.0,0.0,0.0,0.0,17
2023-05-09 21:02:35,MA312C2400,MA312C2400,126.0,0.0,0.0,0.0,1,47.5,0.0,0,126.0,0.0,0.0,0.0,0.0,0.0,17
2023-05-09 21:02:35,MA312C2400,MA312C2400,126.0,0.0,0.0,0.0,10,48.0,0.0,0,126.0,0.0,0.0,0.0,0.0,0.0,17
2023-05-09 21:02:36,MA312C2400,MA312C2400,126.0,0.0,0.0,0.0,1,48.5,0.0,0,126.0,0.0,0.0,0.0,0.0,0.0,17
2023-05-09 21:02:36,MA312C2400,MA312C2400,126.0,0.0,0.0,0.0,10,49.0,0.0,0,126.0,0.0,0.0,0.0,0.0,0.0,17
2023-05-09 21:02:37,MA312C2400,MA312C2400,126.0,0.0,0.0,0.0,1,49.5,0.0,0,126.0,0.0,0.0,0.0,0.0,0.0,17
2023-05-09 21:02:38,MA312C2400,MA312C2400,126.0,0.0,0.0,0.0,10,50.0,0.0,0,126.0,0.0,0.0,0.0,0.0,0.0,17
2023-05-09 21:02:39,MA312C2400,MA312C2400,126.0,0.0,0.0,0.0,1,50.5,0.0,0,126.0,0.0,0.0,0.0,0.0,0.0,17
2023-05-09 21:02:39,MA312C2400,MA312C2400,126.0,0.0,0.0,0.0,10,51.0,0.0,0,126.0,0.0,0.0,0.0,0.0,0.0,17
2023-05-09 21:02:40,MA312C2400,MA312C2400,126.0,0.0,0.0,0.0,1,51.5,0.0,0,126.0,0.0,0.0,0.0,0.0,0.0,17
2023-05-09 21:02:40,MA312C2400,MA312C2400,126.0,0.0,0.0,0.0,10,52.0,0.0,0,126.0,0.0,0.0,0.0,0.0,0.0,17
2023-05-09 21:02:42,MA312C2400,MA312C2400,126.0,0.0,0.0,0.0,1,52.5,0.0,0,126.0,0.0,0.0,0.0,0.0,0.0,17
2023-05-09 21:02:42,MA312C2400,MA312C2400,126.0,0.0,0.0,0.0,10,53.0,0.0,0,126.0,0.0,0.0,0.0,0.0,0.0,17
2023-05-09 21:02:44,MA312C2400,MA312C2400,126.0,0.0,0.0,0.0,1,53.5,0.0,0,126.0,0.0,0.0,0.0,0.0,0.0,17
2023-05-09 21:02:44,MA312C2400,MA312C2400,126.0,0.0,0.0,0.0,10,54.0,0.0,0,126.0,0.0,0.0,0.0,0.0,0.0,17
2023-05-09 21:02:45,MA312C2400,MA312C2400,126.0,0.0,0.0,0.0,1,54.5,0.0,0,126.0,0.0,0.0,0.0,0.0,0.0,17
2023-05-09 21:02:46,MA312C2400,MA312C2400,126.0,0.0,0.0,0.0,10,55.0,0.0,0,126.0,0.0,0.0,0.0,0.0,0.0,17
2023-05-09 21:02:47,MA312C2400,MA312C2400,126.0,0.0,0.0,0.0,1,55.5,0.0,0,126.0,0.0,0.0,0.0,0.0,0.0,17
2023-05-09 21:02:47,MA312C2400,MA312C2400,126.0,0.0,0.0,0.0,10,56.0,0.0,0,126.0,0.0,0.0,0.0,0.0,0.0,17
2023-05-09 21:02:48,MA312C2400,MA312C2400,126.0,0.0,0.0,0.0,1,56.5,0.0,0,126.0,0.0,0.0,0.0,0.0,0.0,17
2023-05-09 21:02:48,MA312C2400,MA312C2400,126.0,0.0,0.0,0.0,10,57.0,0.0,0,126.0,0.0,0.0,0.0,0.0,0.0,17
2023-05-09 21:02:49,MA312C2400,MA312C2400,126.0,0.0,0.0,0.0,1,57.5,0.0,0,126.0,0.0,0.0,0.0,0.0,0.0,17
2023-05-09 21:02:49,MA312C2400,MA312C2400,126.0,0.0,0.0,0.0,10,58.0,0.0,0,126.0,0.0,0.0,0.0,0.0,0.0,17
2023-05-09 21:02:50,MA312C2400,MA312C2400,126.0,0.0,0.0,0.0,1,58.5,0.0,0,126.0,0.0,0.0,0.0,0.0,0.0,17
2023-05-09 21:02:50,MA312C2400,MA312C2400,126.0,0.0,0.0,0.0,10,59.0,0.0,0,126.0,0.0,0.0,0.0,0.0,0.0,17
2023-05-09 21:02:51,MA312C2400,MA312C2400,126.0,0.0,0.0,0.0,1,59.5,0.0,0,126.0,0.0,0.0,0.0,0.0,0.0,17
2023-05-09 21:02:51,MA312C2400,MA312C2400,126.0,0.0,0.0,0.0,10,60.0,0.0,0,126.0,0.0,0.0,0.0,0.0,0.0,17
2023-05-09 21:02:51,MA312C2400,MA312C2400,126.0,0.0,0.0,0.0,1,59.5,0.0,0,126.0,0.0,0.0,0.0,0.0,0.0,17
2023-05-09 21:02:51,MA312C2400,MA312C2400,126.0,0.0,0.0,0.0,10,60.0,0.0,0,126.0,0.0,0.0,0.0,0.0,0.0,17
2023-05-09 22:13:16,MA312C2400,MA312C2400,126.0,0.0,0.0,0.0,3,102.0,114.0,3,126.0,0.0,0.0,0.0,0.0,0.0,17
2023-05-09 22:13:17,MA312C2400,MA312C2400,126.0,0.0,0.0,0.0,6,102.0,114.0,6,126.0,0.0,0.0,0.0,0.0,0.0,17
2023-05-09 22:13:18,MA312C2400,MA312C2400,126.0,0.0,0.0,0.0,3,110.0,113.0,3,126.0,0.0,0.0,0.0,0.0,0.0,17
2023-05-09 22:13:20,MA312C2400,MA312C2400,126.0,0.0,0.0,0.0,3,110.5,112.5,3,126.0,0.0,0.0,0.0,0.0,0.0,17
2023-05-09 22:13:22,MA312C2400,MA312C2400,126.0,0.0,0.0,0.0,6,110.5,112.5,6,126.0,0.0,0.0,0.0,0.0,0.0,17
2023-05-09 22:13:23,MA312C2400,MA312C2400,126.0,0.0,0.0,0.0,9,110.5,112.5,6,126.0,0.0,0.0,0.0,0.0,0.0,17
2023-05-09 22:13:26,MA312C2400,MA312C2400,126.0,0.0,0.0,0.0,12,110.5,112.5,9,126.0,0.0,0.0,0.0,0.0,0.0,17
2023-05-09 22:13:27,MA312C2400,MA312C2400,126.0,0.0,0.0,0.0,15,110.5,112.5,12,126.0,0.0,0.0,0.0,0.0,0.0,17
2023-05-09 22:13:31,MA312C2400,MA312C2400,126.0,0.0,0.0,0.0,15,110.5,111.5,6,126.0,0.0,0.0,0.0,0.0,0.0,17
2023-05-09 22:13:31,MA312C2400,MA312C2400,126.0,0.0,0.0,0.0,21,110.5,111.0,6,126.0,0.0,0.0,0.0,0.0,0.0,17
2023-05-09 22:13:31,MA312C2400,MA312C2400,126.0,0.0,0.0,0.0,21,110.5,111.0,9,126.0,0.0,0.0,0.0,0.0,0.0,17
2023-05-09 22:13:32,MA312C2400,MA312C2400,126.0,0.0,0.0,0.0,21,110.5,111.0,12,126.0,0.0,0.0,0.0,0.0,0.0,17
2023-05-09 22:13:33,MA312C2400,MA312C2400,126.0,0.0,0.0,0.0,18,110.5,111.0,12,126.0,0.0,0.0,0.0,0.0,0.0,17
2023-05-09 22:13:38,MA312C2400,MA312C2400,126.0,0.0,0.0,0.0,15,110.5,111.0,9,126.0,0.0,0.0,0.0,0.0,0.0,17
2023-05-09 22:13:39,MA312C2400,MA312C2400,126.0,0.0,0.0,0.0,12,110.5,111.0,9,126.0,0.0,0.0,0.0,0.0,0.0,17
2023-05-09 22:13:39,MA312C2400,MA312C2400,126.0,0.0,0.0,0.0,9,110.5,111.0,6,126.0,0.0,0.0,0.0,0.0,0.0,17
2023-05-09 22:13:43,MA312C2400,MA312C2400,126.0,0.0,0.0,0.0,6,110.5,111.0,6,126.0,0.0,0.0,0.0,0.0,0.0,17
2023-05-09 22:13:43,MA312C2400,MA312C2400,126.0,0.0,0.0,0.0,3,110.5,111.0,3,126.0,0.0,0.0,0.0,0.0,0.0,17
2023-05-09 22:13:44,MA312C2400,MA312C2400,126.0,0.0,0.0,0.0,3,104.5,117.0,3,126.0,0.0,0.0,0.0,0.0,0.0,17
2023-05-09 22:13:45,MA312C2400,MA312C2400,126.0,0.0,0.0,0.0,1,28.5,0.0,0,126.0,0.0,0.0,0.0,0.0,0.0,17
2023-05-09 22:13:45,MA312C2400,MA312C2400,126.0,0.0,0.0,0.0,10,29.0,0.0,0,126.0,0.0,0.0,0.0,0.0,0.0,17
2023-05-09 22:13:46,MA312C2400,MA312C2400,126.0,0.0,0.0,0.0,2,29.5,0.0,0,126.0,0.0,0.0,0.0,0.0,0.0,17
2023-05-09 22:13:46,MA312C2400,MA312C2400,126.0,0.0,0.0,0.0,10,30.0,0.0,0,126.0,0.0,0.0,0.0,0.0,0.0,17
2023-05-09 22:13:48,MA312C2400,MA312C2400,126.0,0.0,0.0,0.0,1,30.5,0.0,0,126.0,0.0,0.0,0.0,0.0,0.0,17
2023-05-09 22:13:48,MA312C2400,MA312C2400,126.0,0.0,0.0,0.0,10,31.0,0.0,0,126.0,0.0,0.0,0.0,0.0,0.0,17
2023-05-09 22:13:49,MA312C2400,MA312C2400,126.0,0.0,0.0,0.0,1,31.5,0.0,0,126.0,0.0,0.0,0.0,0.0,0.0,17
2023-05-09 22:13:49,MA312C2400,MA312C2400,126.0,0.0,0.0,0.0,10,32.0,0.0,0,126.0,0.0,0.0,0.0,0.0,0.0,17
2023-05-09 22:13:51,MA312C2400,MA312C2400,126.0,0.0,0.0,0.0,1,32.5,0.0,0,126.0,0.0,0.0,0.0,0.0,0.0,17
2023-05-09 22:13:51,MA312C2400,MA312C2400,126.0,0.0,0.0,0.0,10,33.0,0.0,0,126.0,0.0,0.0,0.0,0.0,0.0,17
2023-05-09 22:13:52,MA312C2400,MA312C2400,126.0,0.0,0.0,0.0,1,33.5,0.0,0,126.0,0.0,0.0,0.0,0.0,0.0,17
2023-05-09 22:13:52,MA312C2400,MA312C2400,126.0,0.0,0.0,0.0,10,34.0,0.0,0,126.0,0.0,0.0,0.0,0.0,0.0,17
2023-05-09 22:13:53,MA312C2400,MA312C2400,126.0,0.0,0.0,0.0,1,34.5,0.0,0,126.0,0.0,0.0,0.0,0.0,0.0,17
2023-05-09 22:13:54,MA312C2400,MA312C2400,126.0,0.0,0.0,0.0,10,35.0,0.0,0,126.0,0.0,0.0,0.0,0.0,0.0,17
2023-05-09 22:13:55,MA312C2400,MA312C2400,126.0,0.0,0.0,0.0,1,35.5,0.0,0,126.0,0.0,0.0,0.0,0.0,0.0,17
2023-05-09 22:13:55,MA312C2400,MA312C2400,126.0,0.0,0.0,0.0,10,36.0,0.0,0,126.0,0.0,0.0,0.0,0.0,0.0,17
2023-05-09 22:13:56,MA312C2400,MA312C2400,126.0,0.0,0.0,0.0,1,36.5,0.0,0,126.0,0.0,0.0,0.0,0.0,0.0,17
2023-05-09 22:13:57,MA312C2400,MA312C2400,126.0,0.0,0.0,0.0,10,37.0,0.0,0,126.0,0.0,0.0,0.0,0.0,0.0,17
2023-05-09 22:13:58,MA312C2400,MA312C2400,126.0,0.0,0.0,0.0,1,37.5,0.0,0,126.0,0.0,0.0,0.0,0.0,0.0,17
2023-05-09 22:13:58,MA312C2400,MA312C2400,126.0,0.0,0.0,0.0,10,38.0,0.0,0,126.0,0.0,0.0,0.0,0.0,0.0,17
2023-05-09 22:13:59,MA312C2400,MA312C2400,126.0,0.0,0.0,0.0,1,38.5,0.0,0,126.0,0.0,0.0,0.0,0.0,0.0,17
2023-05-09 22:13:59,MA312C2400,MA312C2400,126.0,0.0,0.0,0.0,10,39.0,0.0,0,126.0,0.0,0.0,0.0,0.0,0.0,17
2023-05-09 22:14:00,MA312C2400,MA312C2400,126.0,0.0,0.0,0.0,1,39.5,0.0,0,126.0,0.0,0.0,0.0,0.0,0.0,17
2023-05-09 22:14:01,MA312C2400,MA312C2400,126.0,0.0,0.0,0.0,10,40.0,0.0,0,126.0,0.0,0.0,0.0,0.0,0.0,17
2023-05-09 22:14:02,MA312C2400,MA312C2400,126.0,0.0,0.0,0.0,1,40.5,0.0,0,126.0,0.0,0.0,0.0,0.0,0.0,17
2023-05-09 22:14:02,MA312C2400,MA312C2400,126.0,0.0,0.0,0.0,10,41.0,0.0,0,126.0,0.0,0.0,0.0,0.0,0.0,17
2023-05-09 22:14:03,MA312C2400,MA312C2400,126.0,0.0,0.0,0.0,1,41.5,0.0,0,126.0,0.0,0.0,0.0,0.0,0.0,17
2023-05-09 22:14:04,MA312C2400,MA312C2400,126.0,0.0,0.0,0.0,10,42.0,0.0,0,126.0,0.0,0.0,0.0,0.0,0.0,17
2023-05-09 22:14:05,MA312C2400,MA312C2400,126.0,0.0,0.0,0.0,1,42.5,0.0,0,126.0,0.0,0.0,0.0,0.0,0.0,17
2023-05-09 22:14:05,MA312C2400,MA312C2400,126.0,0.0,0.0,0.0,10,43.0,0.0,0,126.0,0.0,0.0,0.0,0.0,0.0,17
2023-05-09 22:14:06,MA312C2400,MA312C2400,126.0,0.0,0.0,0.0,1,43.5,0.0,0,126.0,0.0,0.0,0.0,0.0,0.0,17
2023-05-09 22:14:06,MA312C2400,MA312C2400,126.0,0.0,0.0,0.0,10,44.0,0.0,0,126.0,0.0,0.0,0.0,0.0,0.0,17
2023-05-09 22:14:07,MA312C2400,MA312C2400,126.0,0.0,0.0,0.0,1,44.5,0.0,0,126.0,0.0,0.0,0.0,0.0,0.0,17
2023-05-09 22:14:08,MA312C2400,MA312C2400,126.0,0.0,0.0,0.0,10,45.0,0.0,0,126.0,0.0,0.0,0.0,0.0,0.0,17
2023-05-09 22:14:09,MA312C2400,MA312C2400,126.0,0.0,0.0,0.0,1,45.5,0.0,0,126.0,0.0,0.0,0.0,0.0,0.0,17
2023-05-09 22:14:09,MA312C2400,MA312C2400,126.0,0.0,0.0,0.0,10,46.0,0.0,0,126.0,0.0,0.0,0.0,0.0,0.0,17
2023-05-09 22:14:10,MA312C2400,MA312C2400,126.0,0.0,0.0,0.0,1,46.5,0.0,0,126.0,0.0,0.0,0.0,0.0,0.0,17
2023-05-09 22:14:11,MA312C2400,MA312C2400,126.0,0.0,0.0,0.0,10,47.0,0.0,0,126.0,0.0,0.0,0.0,0.0,0.0,17
2023-05-09 22:14:12,MA312C2400,MA312C2400,126.0,0.0,0.0,0.0,1,47.5,0.0,0,126.0,0.0,0.0,0.0,0.0,0.0,17
2023-05-09 22:14:12,MA312C2400,MA312C2400,126.0,0.0,0.0,0.0,10,48.0,0.0,0,126.0,0.0,0.0,0.0,0.0,0.0,17
2023-05-09 22:14:13,MA312C2400,MA312C2400,126.0,0.0,0.0,0.0,1,48.5,0.0,0,126.0,0.0,0.0,0.0,0.0,0.0,17
2023-05-09 22:14:13,MA312C2400,MA312C2400,126.0,0.0,0.0,0.0,10,49.0,0.0,0,126.0,0.0,0.0,0.0,0.0,0.0,17
2023-05-09 22:14:15,MA312C2400,MA312C2400,126.0,0.0,0.0,0.0,1,49.5,0.0,0,126.0,0.0,0.0,0.0,0.0,0.0,17
2023-05-09 22:14:15,MA312C2400,MA312C2400,126.0,0.0,0.0,0.0,10,50.0,0.0,0,126.0,0.0,0.0,0.0,0.0,0.0,17
2023-05-09 22:14:16,MA312C2400,MA312C2400,126.0,0.0,0.0,0.0,1,50.5,0.0,0,126.0,0.0,0.0,0.0,0.0,0.0,17
2023-05-09 22:14:16,MA312C2400,MA312C2400,126.0,0.0,0.0,0.0,10,51.0,0.0,0,126.0,0.0,0.0,0.0,0.0,0.0,17
2023-05-09 22:14:17,MA312C2400,MA312C2400,126.0,0.0,0.0,0.0,1,51.5,0.0,0,126.0,0.0,0.0,0.0,0.0,0.0,17
2023-05-09 22:14:18,MA312C2400,MA312C2400,126.0,0.0,0.0,0.0,10,52.0,0.0,0,126.0,0.0,0.0,0.0,0.0,0.0,17
2023-05-09 22:14:19,MA312C2400,MA312C2400,126.0,0.0,0.0,0.0,1,52.5,0.0,0,126.0,0.0,0.0,0.0,0.0,0.0,17
2023-05-09 22:14:19,MA312C2400,MA312C2400,126.0,0.0,0.0,0.0,10,53.0,0.0,0,126.0,0.0,0.0,0.0,0.0,0.0,17
2023-05-09 22:14:20,MA312C2400,MA312C2400,126.0,0.0,0.0,0.0,1,53.5,0.0,0,126.0,0.0,0.0,0.0,0.0,0.0,17
2023-05-09 22:14:20,MA312C2400,MA312C2400,126.0,0.0,0.0,0.0,10,54.0,0.0,0,126.0,0.0,0.0,0.0,0.0,0.0,17
2023-05-09 22:14:22,MA312C2400,MA312C2400,126.0,0.0,0.0,0.0,1,54.5,0.0,0,126.0,0.0,0.0,0.0,0.0,0.0,17
2023-05-09 22:14:22,MA312C2400,MA312C2400,126.0,0.0,0.0,0.0,10,55.0,0.0,0,126.0,0.0,0.0,0.0,0.0,0.0,17
2023-05-09 22:14:23,MA312C2400,MA312C2400,126.0,0.0,0.0,0.0,1,55.5,0.0,0,126.0,0.0,0.0,0.0,0.0,0.0,17
2023-05-09 22:14:23,MA312C2400,MA312C2400,126.0,0.0,0.0,0.0,10,56.0,0.0,0,126.0,0.0,0.0,0.0,0.0,0.0,17
2023-05-09 22:14:24,MA312C2400,MA312C2400,126.0,0.0,0.0,0.0,1,56.5,0.0,0,126.0,0.0,0.0,0.0,0.0,0.0,17
2023-05-09 22:14:24,MA312C2400,MA312C2400,126.0,0.0,0.0,0.0,10,57.0,0.0,0,126.0,0.0,0.0,0.0,0.0,0.0,17
2023-05-09 22:14:25,MA312C2400,MA312C2400,126.0,0.0,0.0,0.0,1,57.5,0.0,0,126.0,0.0,0.0,0.0,0.0,0.0,17
2023-05-09 22:14:26,MA312C2400,MA312C2400,126.0,0.0,0.0,0.0,10,58.0,0.0,0,126.0,0.0,0.0,0.0,0.0,0.0,17
2023-05-09 22:14:26,MA312C2400,MA312C2400,126.0,0.0,0.0,0.0,1,58.5,0.0,0,126.0,0.0,0.0,0.0,0.0,0.0,17
2023-05-09 22:14:27,MA312C2400,MA312C2400,126.0,0.0,0.0,0.0,10,59.0,0.0,0,126.0,0.0,0.0,0.0,0.0,0.0,17
2023-05-09 22:57:35,MA312C2400,MA312C2400,126.0,0.0,0.0,0.0,1,29.5,0.0,0,126.0,0.0,0.0,0.0,0.0,0.0,17
2023-05-10 09:01:25,MA312C2400,MA312C2400,126.0,0.0,0.0,0.0,1,30.0,0.0,0,126.0,0.0,0.0,0.0,0.0,0.0,17
2023-05-10 09:01:25,MA312C2400,MA312C2400,126.0,0.0,0.0,0.0,10,30.5,0.0,0,126.0,0.0,0.0,0.0,0.0,0.0,17
2023-05-10 09:01:26,MA312C2400,MA312C2400,126.0,0.0,0.0,0.0,11,30.5,0.0,0,126.0,0.0,0.0,0.0,0.0,0.0,17
2023-05-10 09:02:04,MA312C2400,MA312C2400,126.0,0.0,0.0,0.0,1,31.0,0.0,0,126.0,0.0,0.0,0.0,0.0,0.0,17
2023-05-10 09:02:05,MA312C2400,MA312C2400,126.0,0.0,0.0,0.0,10,31.5,0.0,0,126.0,0.0,0.0,0.0,0.0,0.0,17
2023-05-10 09:02:07,MA312C2400,MA312C2400,126.0,0.0,0.0,0.0,1,32.0,0.0,0,126.0,0.0,0.0,0.0,0.0,0.0,17
2023-05-10 09:02:07,MA312C2400,MA312C2400,126.0,0.0,0.0,0.0,10,32.5,0.0,0,126.0,0.0,0.0,0.0,0.0,0.0,17
2023-05-10 09:02:11,MA312C2400,MA312C2400,126.0,0.0,0.0,0.0,1,33.0,0.0,0,126.0,0.0,0.0,0.0,0.0,0.0,17
2023-05-10 09:02:11,MA312C2400,MA312C2400,126.0,0.0,0.0,0.0,10,33.5,0.0,0,126.0,0.0,0.0,0.0,0.0,0.0,17
2023-05-10 09:02:13,MA312C2400,MA312C2400,126.0,0.0,0.0,0.0,1,34.0,0.0,0,126.0,0.0,0.0,0.0,0.0,0.0,17
2023-05-10 09:02:13,MA312C2400,MA312C2400,126.0,0.0,0.0,0.0,10,34.5,0.0,0,126.0,0.0,0.0,0.0,0.0,0.0,17
2023-05-10 09:02:15,MA312C2400,MA312C2400,126.0,0.0,0.0,0.0,1,35.0,0.0,0,126.0,0.0,0.0,0.0,0.0,0.0,17
2023-05-10 09:02:15,MA312C2400,MA312C2400,126.0,0.0,0.0,0.0,10,35.5,0.0,0,126.0,0.0,0.0,0.0,0.0,0.0,17
2023-05-10 09:02:16,MA312C2400,MA312C2400,126.0,0.0,0.0,0.0,1,36.0,0.0,0,126.0,0.0,0.0,0.0,0.0,0.0,17
2023-05-10 09:02:17,MA312C2400,MA312C2400,126.0,0.0,0.0,0.0,10,36.5,0.0,0,126.0,0.0,0.0,0.0,0.0,0.0,17
2023-05-10 09:02:19,MA312C2400,MA312C2400,126.0,0.0,0.0,0.0,1,37.0,0.0,0,126.0,0.0,0.0,0.0,0.0,0.0,17
2023-05-10 09:02:19,MA312C2400,MA312C2400,126.0,0.0,0.0,0.0,10,37.5,0.0,0,126.0,0.0,0.0,0.0,0.0,0.0,17
2023-05-10 09:02:20,MA312C2400,MA312C2400,126.0,0.0,0.0,0.0,1,38.0,0.0,0,126.0,0.0,0.0,0.0,0.0,0.0,17
2023-05-10 09:02:20,MA312C2400,MA312C2400,126.0,0.0,0.0,0.0,10,38.5,0.0,0,126.0,0.0,0.0,0.0,0.0,0.0,17
2023-05-10 09:02:22,MA312C2400,MA312C2400,126.0,0.0,0.0,0.0,1,39.0,0.0,0,126.0,0.0,0.0,0.0,0.0,0.0,17
2023-05-10 09:02:22,MA312C2400,MA312C2400,126.0,0.0,0.0,0.0,10,39.5,0.0,0,126.0,0.0,0.0,0.0,0.0,0.0,17
2023-05-10 09:02:23,MA312C2400,MA312C2400,126.0,0.0,0.0,0.0,1,40.0,0.0,0,126.0,0.0,0.0,0.0,0.0,0.0,17
2023-05-10 09:02:24,MA312C2400,MA312C2400,126.0,0.0,0.0,0.0,10,40.5,0.0,0,126.0,0.0,0.0,0.0,0.0,0.0,17
2023-05-10 09:02:25,MA312C2400,MA312C2400,126.0,0.0,0.0,0.0,1,41.0,0.0,0,126.0,0.0,0.0,0.0,0.0,0.0,17
2023-05-10 09:02:25,MA312C2400,MA312C2400,126.0,0.0,0.0,0.0,10,41.5,0.0,0,126.0,0.0,0.0,0.0,0.0,0.0,17
2023-05-10 09:02:27,MA312C2400,MA312C2400,126.0,0.0,0.0,0.0,1,42.0,0.0,0,126.0,0.0,0.0,0.0,0.0,0.0,17
2023-05-10 09:02:27,MA312C2400,MA312C2400,126.0,0.0,0.0,0.0,10,42.5,0.0,0,126.0,0.0,0.0,0.0,0.0,0.0,17
2023-05-10 09:02:28,MA312C2400,MA312C2400,126.0,0.0,0.0,0.0,1,43.0,0.0,0,126.0,0.0,0.0,0.0,0.0,0.0,17
2023-05-10 09:02:28,MA312C2400,MA312C2400,126.0,0.0,0.0,0.0,10,43.5,0.0,0,126.0,0.0,0.0,0.0,0.0,0.0,17
2023-05-10 09:02:29,MA312C2400,MA312C2400,126.0,0.0,0.0,0.0,1,44.0,0.0,0,126.0,0.0,0.0,0.0,0.0,0.0,17
2023-05-10 09:02:30,MA312C2400,MA312C2400,126.0,0.0,0.0,0.0,10,44.5,0.0,0,126.0,0.0,0.0,0.0,0.0,0.0,17
2023-05-10 09:02:31,MA312C2400,MA312C2400,126.0,0.0,0.0,0.0,1,45.0,0.0,0,126.0,0.0,0.0,0.0,0.0,0.0,17
2023-05-10 09:02:31,MA312C2400,MA312C2400,126.0,0.0,0.0,0.0,10,45.5,0.0,0,126.0,0.0,0.0,0.0,0.0,0.0,17
2023-05-10 09:02:32,MA312C2400,MA312C2400,126.0,0.0,0.0,0.0,1,46.0,0.0,0,126.0,0.0,0.0,0.0,0.0,0.0,17
2023-05-10 09:02:33,MA312C2400,MA312C2400,126.0,0.0,0.0,0.0,10,46.5,0.0,0,126.0,0.0,0.0,0.0,0.0,0.0,17
2023-05-10 09:02:34,MA312C2400,MA312C2400,126.0,0.0,0.0,0.0,1,47.0,0.0,0,126.0,0.0,0.0,0.0,0.0,0.0,17
2023-05-10 09:02:34,MA312C2400,MA312C2400,126.0,0.0,0.0,0.0,10,47.5,0.0,0,126.0,0.0,0.0,0.0,0.0,0.0,17
2023-05-10 09:02:36,MA312C2400,MA312C2400,126.0,0.0,0.0,0.0,1,48.0,0.0,0,126.0,0.0,0.0,0.0,0.0,0.0,17
2023-05-10 09:02:36,MA312C2400,MA312C2400,126.0,0.0,0.0,0.0,10,48.5,0.0,0,126.0,0.0,0.0,0.0,0.0,0.0,17
2023-05-10 09:02:37,MA312C2400,MA312C2400,126.0,0.0,0.0,0.0,1,49.0,0.0,0,126.0,0.0,0.0,0.0,0.0,0.0,17
2023-05-10 09:02:37,MA312C2400,MA312C2400,126.0,0.0,0.0,0.0,10,49.5,0.0,0,126.0,0.0,0.0,0.0,0.0,0.0,17
2023-05-10 09:02:38,MA312C2400,MA312C2400,126.0,0.0,0.0,0.0,1,50.0,0.0,0,126.0,0.0,0.0,0.0,0.0,0.0,17
2023-05-10 09:02:38,MA312C2400,MA312C2400,126.0,0.0,0.0,0.0,10,50.5,0.0,0,126.0,0.0,0.0,0.0,0.0,0.0,17
2023-05-10 09:02:40,MA312C2400,MA312C2400,126.0,0.0,0.0,0.0,1,51.0,0.0,0,126.0,0.0,0.0,0.0,0.0,0.0,17
2023-05-10 09:02:40,MA312C2400,MA312C2400,126.0,0.0,0.0,0.0,10,51.5,0.0,0,126.0,0.0,0.0,0.0,0.0,0.0,17
2023-05-10 09:02:42,MA312C2400,MA312C2400,126.0,0.0,0.0,0.0,1,52.0,0.0,0,126.0,0.0,0.0,0.0,0.0,0.0,17
2023-05-10 09:02:42,MA312C2400,MA312C2400,126.0,0.0,0.0,0.0,10,52.5,0.0,0,126.0,0.0,0.0,0.0,0.0,0.0,17
2023-05-10 09:02:43,MA312C2400,MA312C2400,126.0,0.0,0.0,0.0,1,53.0,0.0,0,126.0,0.0,0.0,0.0,0.0,0.0,17
2023-05-10 09:02:44,MA312C2400,MA312C2400,126.0,0.0,0.0,0.0,10,53.5,0.0,0,126.0,0.0,0.0,0.0,0.0,0.0,17
2023-05-10 09:02:45,MA312C2400,MA312C2400,126.0,0.0,0.0,0.0,1,54.0,0.0,0,126.0,0.0,0.0,0.0,0.0,0.0,17
2023-05-10 09:02:45,MA312C2400,MA312C2400,126.0,0.0,0.0,0.0,10,54.5,0.0,0,126.0,0.0,0.0,0.0,0.0,0.0,17
2023-05-10 09:02:46,MA312C2400,MA312C2400,126.0,0.0,0.0,0.0,1,55.0,0.0,0,126.0,0.0,0.0,0.0,0.0,0.0,17
2023-05-10 09:02:47,MA312C2400,MA312C2400,126.0,0.0,0.0,0.0,10,55.5,0.0,0,126.0,0.0,0.0,0.0,0.0,0.0,17
2023-05-10 09:02:48,MA312C2400,MA312C2400,126.0,0.0,0.0,0.0,1,56.0,0.0,0,126.0,0.0,0.0,0.0,0.0,0.0,17
2023-05-10 09:02:48,MA312C2400,MA312C2400,126.0,0.0,0.0,0.0,10,56.5,0.0,0,126.0,0.0,0.0,0.0,0.0,0.0,17
2023-05-10 09:02:49,MA312C2400,MA312C2400,126.0,0.0,0.0,0.0,1,57.0,0.0,0,126.0,0.0,0.0,0.0,0.0,0.0,17
2023-05-10 09:02:49,MA312C2400,MA312C2400,126.0,0.0,0.0,0.0,10,57.5,0.0,0,126.0,0.0,0.0,0.0,0.0,0.0,17
2023-05-10 09:02:50,MA312C2400,MA312C2400,126.0,0.0,0.0,0.0,1,58.0,0.0,0,126.0,0.0,0.0,0.0,0.0,0.0,17
2023-05-10 09:02:50,MA312C2400,MA312C2400,126.0,0.0,0.0,0.0,10,58.5,0.0,0,126.0,0.0,0.0,0.0,0.0,0.0,17
2023-05-10 09:02:50,MA312C2400,MA312C2400,126.0,0.0,0.0,0.0,1,58.0,0.0,0,126.0,0.0,0.0,0.0,0.0,0.0,17
2023-05-10 09:02:50,MA312C2400,MA312C2400,126.0,0.0,0.0,0.0,10,58.5,0.0,0,126.0,0.0,0.0,0.0,0.0,0.0,17
2023-05-10 09:10:42,MA312C2400,MA312C2400,126.0,0.0,0.0,0.0,1,59.0,0.0,0,126.0,0.0,0.0,0.0,0.0,0.0,17
2023-05-10 09:10:42,MA312C2400,MA312C2400,126.0,0.0,0.0,0.0,10,59.5,0.0,0,126.0,0.0,0.0,0.0,0.0,0.0,17
2023-05-10 09:18:22,MA312C2400,MA312C2400,126.0,0.0,0.0,0.0,1,60.0,0.0,0,126.0,0.0,0.0,0.0,0.0,0.0,17
2023-05-10 09:18:23,MA312C2400,MA312C2400,126.0,0.0,0.0,0.0,10,60.5,0.0,0,126.0,0.0,0.0,0.0,0.0,0.0,17
2023-05-10 10:14:33,MA312C2400,MA312C2400,126.0,0.0,0.0,0.0,1,30.5,0.0,0,126.0,0.0,0.0,0.0,0.0,0.0,17
2023-05-10 10:30:16,MA312C2400,MA312C2400,126.0,0.0,0.0,0.0,10,31.0,0.0,0,126.0,0.0,0.0,0.0,0.0,0.0,17
2023-05-10 10:30:26,MA312C2400,MA312C2400,126.0,0.0,0.0,0.0,1,31.5,0.0,0,126.0,0.0,0.0,0.0,0.0,0.0,17
2023-05-10 10:30:27,MA312C2400,MA312C2400,126.0,0.0,0.0,0.0,10,32.0,0.0,0,126.0,0.0,0.0,0.0,0.0,0.0,17
2023-05-10 10:30:33,MA312C2400,MA312C2400,126.0,0.0,0.0,0.0,1,32.5,0.0,0,126.0,0.0,0.0,0.0,0.0,0.0,17
2023-05-10 10:30:33,MA312C2400,MA312C2400,126.0,0.0,0.0,0.0,10,33.0,0.0,0,126.0,0.0,0.0,0.0,0.0,0.0,17
2023-05-10 10:30:38,MA312C2400,MA312C2400,126.0,0.0,0.0,0.0,1,33.5,0.0,0,126.0,0.0,0.0,0.0,0.0,0.0,17
2023-05-10 10:30:39,MA312C2400,MA312C2400,126.0,0.0,0.0,0.0,10,34.0,0.0,0,126.0,0.0,0.0,0.0,0.0,0.0,17
2023-05-10 10:30:41,MA312C2400,MA312C2400,126.0,0.0,0.0,0.0,1,34.5,0.0,0,126.0,0.0,0.0,0.0,0.0,0.0,17
2023-05-10 10:30:41,MA312C2400,MA312C2400,126.0,0.0,0.0,0.0,10,35.0,0.0,0,126.0,0.0,0.0,0.0,0.0,0.0,17
2023-05-10 10:30:43,MA312C2400,MA312C2400,126.0,0.0,0.0,0.0,1,35.5,0.0,0,126.0,0.0,0.0,0.0,0.0,0.0,17
2023-05-10 10:30:44,MA312C2400,MA312C2400,126.0,0.0,0.0,0.0,10,36.0,0.0,0,126.0,0.0,0.0,0.0,0.0,0.0,17
2023-05-10 10:30:46,MA312C2400,MA312C2400,126.0,0.0,0.0,0.0,1,36.5,0.0,0,126.0,0.0,0.0,0.0,0.0,0.0,17
2023-05-10 10:30:47,MA312C2400,MA312C2400,126.0,0.0,0.0,0.0,10,37.0,0.0,0,126.0,0.0,0.0,0.0,0.0,0.0,17
2023-05-10 10:30:50,MA312C2400,MA312C2400,126.0,0.0,0.0,0.0,1,37.5,0.0,0,126.0,0.0,0.0,0.0,0.0,0.0,17
2023-05-10 10:30:50,MA312C2400,MA312C2400,126.0,0.0,0.0,0.0,10,38.0,0.0,0,126.0,0.0,0.0,0.0,0.0,0.0,17
2023-05-10 10:30:53,MA312C2400,MA312C2400,126.0,0.0,0.0,0.0,10,39.0,0.0,0,126.0,0.0,0.0,0.0,0.0,0.0,17
2023-05-10 10:30:55,MA312C2400,MA312C2400,126.0,0.0,0.0,0.0,1,39.5,0.0,0,126.0,0.0,0.0,0.0,0.0,0.0,17
2023-05-10 10:30:55,MA312C2400,MA312C2400,126.0,0.0,0.0,0.0,10,40.0,0.0,0,126.0,0.0,0.0,0.0,0.0,0.0,17
2023-05-10 10:30:58,MA312C2400,MA312C2400,126.0,0.0,0.0,0.0,1,40.5,0.0,0,126.0,0.0,0.0,0.0,0.0,0.0,17
2023-05-10 10:30:58,MA312C2400,MA312C2400,126.0,0.0,0.0,0.0,10,41.0,0.0,0,126.0,0.0,0.0,0.0,0.0,0.0,17
2023-05-10 10:31:01,MA312C2400,MA312C2400,126.0,0.0,0.0,0.0,1,41.5,0.0,0,126.0,0.0,0.0,0.0,0.0,0.0,17
2023-05-10 10:31:01,MA312C2400,MA312C2400,126.0,0.0,0.0,0.0,10,42.0,0.0,0,126.0,0.0,0.0,0.0,0.0,0.0,17
2023-05-10 10:31:05,MA312C2400,MA312C2400,126.0,0.0,0.0,0.0,1,42.5,0.0,0,126.0,0.0,0.0,0.0,0.0,0.0,17
2023-05-10 10:31:05,MA312C2400,MA312C2400,126.0,0.0,0.0,0.0,10,43.0,0.0,0,126.0,0.0,0.0,0.0,0.0,0.0,17
2023-05-10 10:31:06,MA312C2400,MA312C2400,126.0,0.0,0.0,0.0,1,43.5,0.0,0,126.0,0.0,0.0,0.0,0.0,0.0,17
2023-05-10 10:31:07,MA312C2400,MA312C2400,126.0,0.0,0.0,0.0,10,44.0,0.0,0,126.0,0.0,0.0,0.0,0.0,0.0,17
2023-05-10 10:31:09,MA312C2400,MA312C2400,126.0,0.0,0.0,0.0,1,44.5,0.0,0,126.0,0.0,0.0,0.0,0.0,0.0,17
2023-05-10 10:31:10,MA312C2400,MA312C2400,126.0,0.0,0.0,0.0,10,45.0,0.0,0,126.0,0.0,0.0,0.0,0.0,0.0,17
2023-05-10 10:31:11,MA312C2400,MA312C2400,126.0,0.0,0.0,0.0,1,45.5,0.0,0,126.0,0.0,0.0,0.0,0.0,0.0,17
2023-05-10 10:31:12,MA312C2400,MA312C2400,126.0,0.0,0.0,0.0,10,46.0,0.0,0,126.0,0.0,0.0,0.0,0.0,0.0,17
2023-05-10 10:31:14,MA312C2400,MA312C2400,126.0,0.0,0.0,0.0,1,46.5,0.0,0,126.0,0.0,0.0,0.0,0.0,0.0,17
2023-05-10 10:31:15,MA312C2400,MA312C2400,126.0,0.0,0.0,0.0,10,47.0,0.0,0,126.0,0.0,0.0,0.0,0.0,0.0,17
2023-05-10 10:31:17,MA312C2400,MA312C2400,126.0,0.0,0.0,0.0,1,47.5,0.0,0,126.0,0.0,0.0,0.0,0.0,0.0,17
2023-05-10 10:31:17,MA312C2400,MA312C2400,126.0,0.0,0.0,0.0,10,48.0,0.0,0,126.0,0.0,0.0,0.0,0.0,0.0,17
2023-05-10 10:31:20,MA312C2400,MA312C2400,126.0,0.0,0.0,0.0,1,48.5,0.0,0,126.0,0.0,0.0,0.0,0.0,0.0,17
2023-05-10 10:31:20,MA312C2400,MA312C2400,126.0,0.0,0.0,0.0,10,49.0,0.0,0,126.0,0.0,0.0,0.0,0.0,0.0,17
2023-05-10 10:31:24,MA312C2400,MA312C2400,126.0,0.0,0.0,0.0,1,49.5,0.0,0,126.0,0.0,0.0,0.0,0.0,0.0,17
2023-05-10 10:31:24,MA312C2400,MA312C2400,126.0,0.0,0.0,0.0,10,50.0,0.0,0,126.0,0.0,0.0,0.0,0.0,0.0,17
2023-05-10 10:31:27,MA312C2400,MA312C2400,126.0,0.0,0.0,0.0,1,50.5,0.0,0,126.0,0.0,0.0,0.0,0.0,0.0,17
2023-05-10 10:31:27,MA312C2400,MA312C2400,126.0,0.0,0.0,0.0,10,51.0,0.0,0,126.0,0.0,0.0,0.0,0.0,0.0,17
2023-05-10 10:31:28,MA312C2400,MA312C2400,126.0,0.0,0.0,0.0,1,51.5,0.0,0,126.0,0.0,0.0,0.0,0.0,0.0,17
2023-05-10 10:31:29,MA312C2400,MA312C2400,126.0,0.0,0.0,0.0,10,52.0,0.0,0,126.0,0.0,0.0,0.0,0.0,0.0,17
2023-05-10 10:31:30,MA312C2400,MA312C2400,126.0,0.0,0.0,0.0,1,52.5,0.0,0,126.0,0.0,0.0,0.0,0.0,0.0,17
2023-05-10 10:31:31,MA312C2400,MA312C2400,126.0,0.0,0.0,0.0,10,53.0,0.0,0,126.0,0.0,0.0,0.0,0.0,0.0,17
2023-05-10 10:31:32,MA312C2400,MA312C2400,126.0,0.0,0.0,0.0,1,53.5,0.0,0,126.0,0.0,0.0,0.0,0.0,0.0,17
2023-05-10 10:31:32,MA312C2400,MA312C2400,126.0,0.0,0.0,0.0,10,54.0,0.0,0,126.0,0.0,0.0,0.0,0.0,0.0,17
2023-05-10 10:31:34,MA312C2400,MA312C2400,126.0,0.0,0.0,0.0,1,54.5,0.0,0,126.0,0.0,0.0,0.0,0.0,0.0,17
2023-05-10 10:31:34,MA312C2400,MA312C2400,126.0,0.0,0.0,0.0,10,55.0,0.0,0,126.0,0.0,0.0,0.0,0.0,0.0,17
2023-05-10 10:31:35,MA312C2400,MA312C2400,126.0,0.0,0.0,0.0,1,55.5,0.0,0,126.0,0.0,0.0,0.0,0.0,0.0,17
2023-05-10 10:31:36,MA312C2400,MA312C2400,126.0,0.0,0.0,0.0,10,56.0,0.0,0,126.0,0.0,0.0,0.0,0.0,0.0,17
2023-05-10 10:31:37,MA312C2400,MA312C2400,126.0,0.0,0.0,0.0,1,56.5,0.0,0,126.0,0.0,0.0,0.0,0.0,0.0,17
2023-05-10 10:31:38,MA312C2400,MA312C2400,126.0,0.0,0.0,0.0,10,57.0,0.0,0,126.0,0.0,0.0,0.0,0.0,0.0,17
2023-05-10 10:45:17,MA312C2400,MA312C2400,126.0,0.0,0.0,0.0,1,63.5,0.0,0,126.0,0.0,0.0,0.0,0.0,0.0,17
2023-05-10 10:45:17,MA312C2400,MA312C2400,126.0,0.0,0.0,0.0,10,64.0,0.0,0,126.0,0.0,0.0,0.0,0.0,0.0,17
2023-05-10 10:45:19,MA312C2400,MA312C2400,126.0,0.0,0.0,0.0,1,70.5,0.0,0,126.0,0.0,0.0,0.0,0.0,0.0,17
2023-05-10 10:45:19,MA312C2400,MA312C2400,126.0,0.0,0.0,0.0,10,71.0,0.0,0,126.0,0.0,0.0,0.0,0.0,0.0,17
2023-05-10 10:45:20,MA312C2400,MA312C2400,126.0,0.0,0.0,0.0,1,77.5,0.0,0,126.0,0.0,0.0,0.0,0.0,0.0,17
2023-05-10 10:45:20,MA312C2400,MA312C2400,126.0,0.0,0.0,0.0,10,78.0,0.0,0,126.0,0.0,0.0,0.0,0.0,0.0,17
2023-05-10 10:45:21,MA312C2400,MA312C2400,126.0,0.0,0.0,0.0,1,81.5,0.0,0,126.0,0.0,0.0,0.0,0.0,0.0,17
2023-05-10 10:45:22,MA312C2400,MA312C2400,126.0,0.0,0.0,0.0,10,82.0,0.0,0,126.0,0.0,0.0,0.0,0.0,0.0,17
2023-05-10 10:45:23,MA312C2400,MA312C2400,126.0,0.0,0.0,0.0,1,85.5,0.0,0,126.0,0.0,0.0,0.0,0.0,0.0,17
2023-05-10 10:45:30,MA312C2400,MA312C2400,126.0,0.0,0.0,0.0,3,96.0,107.5,3,126.0,0.0,0.0,0.0,0.0,0.0,17
2023-05-10 10:45:31,MA312C2400,MA312C2400,126.0,0.0,0.0,0.0,6,96.0,107.5,6,126.0,0.0,0.0,0.0,0.0,0.0,17
2023-05-10 10:45:32,MA312C2400,MA312C2400,126.0,0.0,0.0,0.0,3,100.5,103.5,3,126.0,0.0,0.0,0.0,0.0,0.0,17
2023-05-10 10:45:36,MA312C2400,MA312C2400,126.0,0.0,0.0,0.0,6,100.5,103.5,6,126.0,0.0,0.0,0.0,0.0,0.0,17
2023-05-10 10:45:40,MA312C2400,MA312C2400,126.0,0.0,0.0,0.0,9,100.5,103.5,9,126.0,0.0,0.0,0.0,0.0,0.0,17
2023-05-10 10:45:42,MA312C2400,MA312C2400,126.0,0.0,0.0,0.0,12,100.5,103.5,12,126.0,0.0,0.0,0.0,0.0,0.0,17
2023-05-10 10:45:44,MA312C2400,MA312C2400,126.0,0.0,0.0,0.0,9,100.5,103.5,9,126.0,0.0,0.0,0.0,0.0,0.0,17
2023-05-10 10:45:45,MA312C2400,MA312C2400,126.0,0.0,0.0,0.0,6,102.5,103.5,15,126.0,0.0,0.0,0.0,0.0,0.0,17
2023-05-10 10:45:45,MA312C2400,MA312C2400,126.0,0.0,0.0,0.0,9,102.5,103.5,15,126.0,0.0,0.0,0.0,0.0,0.0,17
2023-05-10 10:45:47,MA312C2400,MA312C2400,126.0,0.0,0.0,0.0,12,102.5,103.5,15,126.0,0.0,0.0,0.0,0.0,0.0,17
2023-05-10 10:45:52,MA312C2400,MA312C2400,126.0,0.0,0.0,0.0,9,102.5,103.5,12,126.0,0.0,0.0,0.0,0.0,0.0,17
2023-05-10 10:45:54,MA312C2400,MA312C2400,126.0,0.0,0.0,0.0,6,102.5,103.5,6,126.0,0.0,0.0,0.0,0.0,0.0,17
2023-05-10 10:45:56,MA312C2400,MA312C2400,126.0,0.0,0.0,0.0,6,102.5,103.5,3,126.0,0.0,0.0,0.0,0.0,0.0,17
2023-05-10 10:45:56,MA312C2400,MA312C2400,126.0,0.0,0.0,0.0,3,102.5,104.0,6,126.0,0.0,0.0,0.0,0.0,0.0,17
2023-05-10 10:45:57,MA312C2400,MA312C2400,126.0,0.0,0.0,0.0,3,102.5,104.0,3,126.0,0.0,0.0,0.0,0.0,0.0,17
2023-05-10 10:45:58,MA312C2400,MA312C2400,126.0,0.0,0.0,0.0,3,97.5,108.5,3,126.0,0.0,0.0,0.0,0.0,0.0,17
2023-05-10 10:46:00,MA312C2400,MA312C2400,126.0,0.0,0.0,0.0,10,31.0,0.0,0,126.0,0.0,0.0,0.0,0.0,0.0,17
2023-05-10 10:46:01,MA312C2400,MA312C2400,126.0,0.0,0.0,0.0,1,37.5,0.0,0,126.0,0.0,0.0,0.0,0.0,0.0,17
2023-05-10 10:46:01,MA312C2400,MA312C2400,126.0,0.0,0.0,0.0,10,38.0,0.0,0,126.0,0.0,0.0,0.0,0.0,0.0,17
2023-05-10 10:46:02,MA312C2400,MA312C2400,126.0,0.0,0.0,0.0,1,41.5,0.0,0,126.0,0.0,0.0,0.0,0.0,0.0,17
2023-05-10 10:46:02,MA312C2400,MA312C2400,126.0,0.0,0.0,0.0,10,42.0,0.0,0,126.0,0.0,0.0,0.0,0.0,0.0,17
2023-05-10 10:46:03,MA312C2400,MA312C2400,126.0,0.0,0.0,0.0,1,45.5,0.0,0,126.0,0.0,0.0,0.0,0.0,0.0,17
2023-05-10 10:46:04,MA312C2400,MA312C2400,126.0,0.0,0.0,0.0,10,46.0,0.0,0,126.0,0.0,0.0,0.0,0.0,0.0,17
2023-05-10 10:46:04,MA312C2400,MA312C2400,126.0,0.0,0.0,0.0,1,46.5,0.0,0,126.0,0.0,0.0,0.0,0.0,0.0,17
2023-05-10 10:46:05,MA312C2400,MA312C2400,126.0,0.0,0.0,0.0,10,47.0,0.0,0,126.0,0.0,0.0,0.0,0.0,0.0,17
2023-05-10 10:46:05,MA312C2400,MA312C2400,126.0,0.0,0.0,0.0,1,47.5,0.0,0,126.0,0.0,0.0,0.0,0.0,0.0,17
2023-05-10 10:46:06,MA312C2400,MA312C2400,126.0,0.0,0.0,0.0,10,48.0,0.0,0,126.0,0.0,0.0,0.0,0.0,0.0,17
2023-05-10 10:46:06,MA312C2400,MA312C2400,126.0,0.0,0.0,0.0,1,48.5,0.0,0,126.0,0.0,0.0,0.0,0.0,0.0,17
2023-05-10 10:46:07,MA312C2400,MA312C2400,126.0,0.0,0.0,0.0,10,49.0,0.0,0,126.0,0.0,0.0,0.0,0.0,0.0,17
2023-05-10 10:46:07,MA312C2400,MA312C2400,126.0,0.0,0.0,0.0,1,49.5,0.0,0,126.0,0.0,0.0,0.0,0.0,0.0,17
2023-05-10 10:46:08,MA312C2400,MA312C2400,126.0,0.0,0.0,0.0,10,50.0,0.0,0,126.0,0.0,0.0,0.0,0.0,0.0,17
2023-05-10 10:46:08,MA312C2400,MA312C2400,126.0,0.0,0.0,0.0,1,50.5,0.0,0,126.0,0.0,0.0,0.0,0.0,0.0,17
2023-05-10 10:46:08,MA312C2400,MA312C2400,126.0,0.0,0.0,0.0,10,51.0,0.0,0,126.0,0.0,0.0,0.0,0.0,0.0,17
2023-05-10 10:47:11,MA312C2400,MA312C2400,126.0,0.0,0.0,0.0,1,57.5,0.0,0,126.0,0.0,0.0,0.0,0.0,0.0,17
2023-05-10 10:47:11,MA312C2400,MA312C2400,126.0,0.0,0.0,0.0,10,58.0,0.0,0,126.0,0.0,0.0,0.0,0.0,0.0,17
2023-05-10 10:47:12,MA312C2400,MA312C2400,126.0,0.0,0.0,0.0,1,64.5,0.0,0,126.0,0.0,0.0,0.0,0.0,0.0,17
2023-05-10 10:47:12,MA312C2400,MA312C2400,126.0,0.0,0.0,0.0,10,65.0,0.0,0,126.0,0.0,0.0,0.0,0.0,0.0,17
2023-05-10 10:47:13,MA312C2400,MA312C2400,126.0,0.0,0.0,0.0,1,71.5,0.0,0,126.0,0.0,0.0,0.0,0.0,0.0,17
2023-05-10 10:47:13,MA312C2400,MA312C2400,126.0,0.0,0.0,0.0,10,72.0,0.0,0,126.0,0.0,0.0,0.0,0.0,0.0,17
2023-05-10 10:47:14,MA312C2400,MA312C2400,126.0,0.0,0.0,0.0,1,78.5,0.0,0,126.0,0.0,0.0,0.0,0.0,0.0,17
2023-05-10 10:47:14,MA312C2400,MA312C2400,126.0,0.0,0.0,0.0,10,79.0,0.0,0,126.0,0.0,0.0,0.0,0.0,0.0,17
2023-05-10 10:47:15,MA312C2400,MA312C2400,126.0,0.0,0.0,0.0,1,82.5,0.0,0,126.0,0.0,0.0,0.0,0.0,0.0,17
2023-05-10 10:47:15,MA312C2400,MA312C2400,126.0,0.0,0.0,0.0,10,83.0,0.0,0,126.0,0.0,0.0,0.0,0.0,0.0,17
2023-05-10 10:47:16,MA312C2400,MA312C2400,126.0,0.0,0.0,0.0,1,83.5,0.0,0,126.0,0.0,0.0,0.0,0.0,0.0,17
2023-05-10 10:47:16,MA312C2400,MA312C2400,126.0,0.0,0.0,0.0,11,83.5,0.0,0,126.0,0.0,0.0,0.0,0.0,0.0,17
2023-05-10 10:47:41,MA312C2400,MA312C2400,126.0,0.0,0.0,0.0,10,83.5,0.0,0,126.0,0.0,0.0,0.0,0.0,0.0,17
2023-05-10 10:48:22,MA312C2400,MA312C2400,126.0,0.0,0.0,0.0,10,31.0,0.0,0,126.0,0.0,0.0,0.0,0.0,0.0,17
2023-05-10 10:48:22,MA312C2400,MA312C2400,126.0,0.0,0.0,0.0,1,37.5,0.0,0,126.0,0.0,0.0,0.0,0.0,0.0,17
2023-05-10 10:48:23,MA312C2400,MA312C2400,126.0,0.0,0.0,0.0,10,38.0,0.0,0,126.0,0.0,0.0,0.0,0.0,0.0,17
2023-05-10 10:48:23,MA312C2400,MA312C2400,126.0,0.0,0.0,0.0,1,41.5,0.0,0,126.0,0.0,0.0,0.0,0.0,0.0,17
2023-05-10 10:48:24,MA312C2400,MA312C2400,126.0,0.0,0.0,0.0,10,42.0,0.0,0,126.0,0.0,0.0,0.0,0.0,0.0,17
2023-05-10 10:48:25,MA312C2400,MA312C2400,126.0,0.0,0.0,0.0,1,42.5,0.0,0,126.0,0.0,0.0,0.0,0.0,0.0,17
2023-05-10 10:48:25,MA312C2400,MA312C2400,126.0,0.0,0.0,0.0,10,43.0,0.0,0,126.0,0.0,0.0,0.0,0.0,0.0,17
2023-05-10 10:48:26,MA312C2400,MA312C2400,126.0,0.0,0.0,0.0,1,43.5,0.0,0,126.0,0.0,0.0,0.0,0.0,0.0,17
2023-05-10 10:48:26,MA312C2400,MA312C2400,126.0,0.0,0.0,0.0,10,44.0,0.0,0,126.0,0.0,0.0,0.0,0.0,0.0,17
2023-05-10 10:48:27,MA312C2400,MA312C2400,126.0,0.0,0.0,0.0,1,44.5,0.0,0,126.0,0.0,0.0,0.0,0.0,0.0,17
2023-05-10 10:48:27,MA312C2400,MA312C2400,126.0,0.0,0.0,0.0,10,45.0,0.0,0,126.0,0.0,0.0,0.0,0.0,0.0,17
2023-05-10 10:48:28,MA312C2400,MA312C2400,126.0,0.0,0.0,0.0,1,45.5,0.0,0,126.0,0.0,0.0,0.0,0.0,0.0,17
2023-05-10 10:48:28,MA312C2400,MA312C2400,126.0,0.0,0.0,0.0,10,46.0,0.0,0,126.0,0.0,0.0,0.0,0.0,0.0,17
2023-05-10 11:01:14,MA312C2400,MA312C2400,126.0,0.0,0.0,0.0,1,52.5,0.0,0,126.0,0.0,0.0,0.0,0.0,0.0,17
2023-05-10 11:01:14,MA312C2400,MA312C2400,126.0,0.0,0.0,0.0,10,53.0,0.0,0,126.0,0.0,0.0,0.0,0.0,0.0,17
2023-05-10 11:01:15,MA312C2400,MA312C2400,126.0,0.0,0.0,0.0,1,59.5,0.0,0,126.0,0.0,0.0,0.0,0.0,0.0,17
2023-05-10 11:01:15,MA312C2400,MA312C2400,126.0,0.0,0.0,0.0,10,60.0,0.0,0,126.0,0.0,0.0,0.0,0.0,0.0,17
2023-05-10 11:01:16,MA312C2400,MA312C2400,126.0,0.0,0.0,0.0,1,66.5,0.0,0,126.0,0.0,0.0,0.0,0.0,0.0,17
2023-05-10 11:01:16,MA312C2400,MA312C2400,126.0,0.0,0.0,0.0,10,67.0,0.0,0,126.0,0.0,0.0,0.0,0.0,0.0,17
2023-05-10 11:01:17,MA312C2400,MA312C2400,126.0,0.0,0.0,0.0,1,73.5,0.0,0,126.0,0.0,0.0,0.0,0.0,0.0,17
2023-05-10 11:01:17,MA312C2400,MA312C2400,126.0,0.0,0.0,0.0,10,74.0,0.0,0,126.0,0.0,0.0,0.0,0.0,0.0,17
2023-05-10 11:01:18,MA312C2400,MA312C2400,126.0,0.0,0.0,0.0,1,80.5,0.0,0,126.0,0.0,0.0,0.0,0.0,0.0,17
2023-05-10 11:01:18,MA312C2400,MA312C2400,126.0,0.0,0.0,0.0,10,81.0,0.0,0,126.0,0.0,0.0,0.0,0.0,0.0,17
2023-05-10 11:01:19,MA312C2400,MA312C2400,126.0,0.0,0.0,0.0,1,81.5,0.0,0,126.0,0.0,0.0,0.0,0.0,0.0,17
2023-05-10 11:01:19,MA312C2400,MA312C2400,126.0,0.0,0.0,0.0,10,82.0,0.0,0,126.0,0.0,0.0,0.0,0.0,0.0,17
2023-05-10 11:01:20,MA312C2400,MA312C2400,126.0,0.0,0.0,0.0,1,82.5,0.0,0,126.0,0.0,0.0,0.0,0.0,0.0,17
2023-05-10 11:01:44,MA312C2400,MA312C2400,126.0,0.0,0.0,0.0,1,30.5,0.0,0,126.0,0.0,0.0,0.0,0.0,0.0,17
2023-05-10 11:01:44,MA312C2400,MA312C2400,126.0,0.0,0.0,0.0,1,37.0,0.0,0,126.0,0.0,0.0,0.0,0.0,0.0,17
2023-05-10 11:01:45,MA312C2400,MA312C2400,126.0,0.0,0.0,0.0,10,37.5,0.0,0,126.0,0.0,0.0,0.0,0.0,0.0,17
2023-05-10 11:01:46,MA312C2400,MA312C2400,126.0,0.0,0.0,0.0,1,41.0,0.0,0,126.0,0.0,0.0,0.0,0.0,0.0,17
2023-05-10 11:01:46,MA312C2400,MA312C2400,126.0,0.0,0.0,0.0,10,41.5,0.0,0,126.0,0.0,0.0,0.0,0.0,0.0,17
2023-05-10 11:01:47,MA312C2400,MA312C2400,126.0,0.0,0.0,0.0,1,42.0,0.0,0,126.0,0.0,0.0,0.0,0.0,0.0,17
2023-05-10 11:01:47,MA312C2400,MA312C2400,126.0,0.0,0.0,0.0,10,42.5,0.0,0,126.0,0.0,0.0,0.0,0.0,0.0,17
2023-05-10 11:01:48,MA312C2400,MA312C2400,126.0,0.0,0.0,0.0,1,43.0,0.0,0,126.0,0.0,0.0,0.0,0.0,0.0,17
2023-05-10 11:01:48,MA312C2400,MA312C2400,126.0,0.0,0.0,0.0,10,43.5,0.0,0,126.0,0.0,0.0,0.0,0.0,0.0,17
2023-05-10 11:01:49,MA312C2400,MA312C2400,126.0,0.0,0.0,0.0,1,44.0,0.0,0,126.0,0.0,0.0,0.0,0.0,0.0,17
2023-05-10 11:01:49,MA312C2400,MA312C2400,126.0,0.0,0.0,0.0,10,44.5,0.0,0,126.0,0.0,0.0,0.0,0.0,0.0,17
2023-05-10 11:01:50,MA312C2400,MA312C2400,126.0,0.0,0.0,0.0,1,45.0,0.0,0,126.0,0.0,0.0,0.0,0.0,0.0,17
2023-05-10 11:01:50,MA312C2400,MA312C2400,126.0,0.0,0.0,0.0,10,45.5,0.0,0,126.0,0.0,0.0,0.0,0.0,0.0,17
2023-05-10 11:29:33,MA312C2400,MA312C2400,126.0,0.0,0.0,0.0,1,19.0,0.0,0,126.0,0.0,0.0,0.0,0.0,0.0,17
2023-05-10 13:30:00,MA312C2400,MA312C2400,126.0,0.0,0.0,0.0,10,19.5,0.0,0,126.0,0.0,0.0,0.0,0.0,0.0,17
2023-05-10 13:31:28,MA312C2400,MA312C2400,126.0,0.0,0.0,0.0,1,20.0,0.0,0,126.0,0.0,0.0,0.0,0.0,0.0,17
2023-05-10 13:31:28,MA312C2400,MA312C2400,126.0,0.0,0.0,0.0,10,20.5,0.0,0,126.0,0.0,0.0,0.0,0.0,0.0,17
2023-05-10 13:31:49,MA312C2400,MA312C2400,126.0,0.0,0.0,0.0,1,21.0,0.0,0,126.0,0.0,0.0,0.0,0.0,0.0,17
2023-05-10 13:31:49,MA312C2400,MA312C2400,126.0,0.0,0.0,0.0,10,21.5,0.0,0,126.0,0.0,0.0,0.0,0.0,0.0,17
2023-05-10 13:31:52,MA312C2400,MA312C2400,126.0,0.0,0.0,0.0,1,22.0,0.0,0,126.0,0.0,0.0,0.0,0.0,0.0,17
2023-05-10 13:31:52,MA312C2400,MA312C2400,126.0,0.0,0.0,0.0,10,22.5,0.0,0,126.0,0.0,0.0,0.0,0.0,0.0,17
2023-05-10 13:31:54,MA312C2400,MA312C2400,126.0,0.0,0.0,0.0,1,23.0,0.0,0,126.0,0.0,0.0,0.0,0.0,0.0,17
2023-05-10 13:31:55,MA312C2400,MA312C2400,126.0,0.0,0.0,0.0,10,23.5,0.0,0,126.0,0.0,0.0,0.0,0.0,0.0,17
2023-05-10 13:31:57,MA312C2400,MA312C2400,126.0,0.0,0.0,0.0,1,24.0,0.0,0,126.0,0.0,0.0,0.0,0.0,0.0,17
2023-05-10 13:31:57,MA312C2400,MA312C2400,126.0,0.0,0.0,0.0,10,24.5,0.0,0,126.0,0.0,0.0,0.0,0.0,0.0,17
2023-05-10 13:31:59,MA312C2400,MA312C2400,126.0,0.0,0.0,0.0,1,25.0,0.0,0,126.0,0.0,0.0,0.0,0.0,0.0,17
2023-05-10 13:32:00,MA312C2400,MA312C2400,126.0,0.0,0.0,0.0,10,25.5,0.0,0,126.0,0.0,0.0,0.0,0.0,0.0,17
2023-05-10 13:32:02,MA312C2400,MA312C2400,126.0,0.0,0.0,0.0,1,26.0,0.0,0,126.0,0.0,0.0,0.0,0.0,0.0,17
2023-05-10 13:32:03,MA312C2400,MA312C2400,126.0,0.0,0.0,0.0,10,26.5,0.0,0,126.0,0.0,0.0,0.0,0.0,0.0,17
2023-05-10 13:32:05,MA312C2400,MA312C2400,126.0,0.0,0.0,0.0,1,27.0,0.0,0,126.0,0.0,0.0,0.0,0.0,0.0,17
2023-05-10 13:32:06,MA312C2400,MA312C2400,126.0,0.0,0.0,0.0,10,27.5,0.0,0,126.0,0.0,0.0,0.0,0.0,0.0,17
2023-05-10 13:32:09,MA312C2400,MA312C2400,126.0,0.0,0.0,0.0,1,28.0,0.0,0,126.0,0.0,0.0,0.0,0.0,0.0,17
2023-05-10 13:32:10,MA312C2400,MA312C2400,126.0,0.0,0.0,0.0,10,28.5,0.0,0,126.0,0.0,0.0,0.0,0.0,0.0,17
2023-05-10 13:32:12,MA312C2400,MA312C2400,126.0,0.0,0.0,0.0,1,29.0,0.0,0,126.0,0.0,0.0,0.0,0.0,0.0,17
2023-05-10 13:32:12,MA312C2400,MA312C2400,126.0,0.0,0.0,0.0,10,29.5,0.0,0,126.0,0.0,0.0,0.0,0.0,0.0,17
2023-05-10 13:32:15,MA312C2400,MA312C2400,126.0,0.0,0.0,0.0,1,30.0,0.0,0,126.0,0.0,0.0,0.0,0.0,0.0,17
2023-05-10 13:32:15,MA312C2400,MA312C2400,126.0,0.0,0.0,0.0,10,30.5,0.0,0,126.0,0.0,0.0,0.0,0.0,0.0,17
2023-05-10 13:32:17,MA312C2400,MA312C2400,126.0,0.0,0.0,0.0,1,31.0,0.0,0,126.0,0.0,0.0,0.0,0.0,0.0,17
2023-05-10 13:32:17,MA312C2400,MA312C2400,126.0,0.0,0.0,0.0,10,31.5,0.0,0,126.0,0.0,0.0,0.0,0.0,0.0,17
2023-05-10 13:32:19,MA312C2400,MA312C2400,126.0,0.0,0.0,0.0,1,32.0,0.0,0,126.0,0.0,0.0,0.0,0.0,0.0,17
2023-05-10 13:32:19,MA312C2400,MA312C2400,126.0,0.0,0.0,0.0,10,32.5,0.0,0,126.0,0.0,0.0,0.0,0.0,0.0,17
2023-05-10 13:32:21,MA312C2400,MA312C2400,126.0,0.0,0.0,0.0,1,33.0,0.0,0,126.0,0.0,0.0,0.0,0.0,0.0,17
2023-05-10 13:32:21,MA312C2400,MA312C2400,126.0,0.0,0.0,0.0,10,33.5,0.0,0,126.0,0.0,0.0,0.0,0.0,0.0,17
2023-05-10 13:32:25,MA312C2400,MA312C2400,126.0,0.0,0.0,0.0,1,34.0,0.0,0,126.0,0.0,0.0,0.0,0.0,0.0,17
2023-05-10 13:32:25,MA312C2400,MA312C2400,126.0,0.0,0.0,0.0,10,34.5,0.0,0,126.0,0.0,0.0,0.0,0.0,0.0,17
2023-05-10 13:32:27,MA312C2400,MA312C2400,126.0,0.0,0.0,0.0,1,35.0,0.0,0,126.0,0.0,0.0,0.0,0.0,0.0,17
2023-05-10 13:32:28,MA312C2400,MA312C2400,126.0,0.0,0.0,0.0,10,35.5,0.0,0,126.0,0.0,0.0,0.0,0.0,0.0,17
2023-05-10 13:32:30,MA312C2400,MA312C2400,126.0,0.0,0.0,0.0,1,36.0,0.0,0,126.0,0.0,0.0,0.0,0.0,0.0,17
2023-05-10 13:32:30,MA312C2400,MA312C2400,126.0,0.0,0.0,0.0,10,36.5,0.0,0,126.0,0.0,0.0,0.0,0.0,0.0,17
2023-05-10 13:32:33,MA312C2400,MA312C2400,126.0,0.0,0.0,0.0,1,37.0,0.0,0,126.0,0.0,0.0,0.0,0.0,0.0,17
2023-05-10 13:32:34,MA312C2400,MA312C2400,126.0,0.0,0.0,0.0,10,37.5,0.0,0,126.0,0.0,0.0,0.0,0.0,0.0,17
2023-05-10 13:32:35,MA312C2400,MA312C2400,126.0,0.0,0.0,0.0,1,38.0,0.0,0,126.0,0.0,0.0,0.0,0.0,0.0,17
2023-05-10 13:32:36,MA312C2400,MA312C2400,126.0,0.0,0.0,0.0,10,38.5,0.0,0,126.0,0.0,0.0,0.0,0.0,0.0,17
2023-05-10 13:32:37,MA312C2400,MA312C2400,126.0,0.0,0.0,0.0,1,39.0,0.0,0,126.0,0.0,0.0,0.0,0.0,0.0,17
2023-05-10 13:32:38,MA312C2400,MA312C2400,126.0,0.0,0.0,0.0,10,39.5,0.0,0,126.0,0.0,0.0,0.0,0.0,0.0,17
2023-05-10 13:32:41,MA312C2400,MA312C2400,126.0,0.0,0.0,0.0,1,40.0,0.0,0,126.0,0.0,0.0,0.0,0.0,0.0,17
2023-05-10 13:32:41,MA312C2400,MA312C2400,126.0,0.0,0.0,0.0,10,40.5,0.0,0,126.0,0.0,0.0,0.0,0.0,0.0,17
2023-05-10 13:32:48,MA312C2400,MA312C2400,126.0,0.0,0.0,0.0,1,41.0,0.0,0,126.0,0.0,0.0,0.0,0.0,0.0,17
2023-05-10 13:32:49,MA312C2400,MA312C2400,126.0,0.0,0.0,0.0,10,41.5,0.0,0,126.0,0.0,0.0,0.0,0.0,0.0,17
2023-05-10 13:32:50,MA312C2400,MA312C2400,126.0,0.0,0.0,0.0,1,42.0,0.0,0,126.0,0.0,0.0,0.0,0.0,0.0,17
2023-05-10 13:32:51,MA312C2400,MA312C2400,126.0,0.0,0.0,0.0,10,42.5,0.0,0,126.0,0.0,0.0,0.0,0.0,0.0,17
2023-05-10 13:32:53,MA312C2400,MA312C2400,126.0,0.0,0.0,0.0,1,43.0,0.0,0,126.0,0.0,0.0,0.0,0.0,0.0,17
2023-05-10 13:32:54,MA312C2400,MA312C2400,126.0,0.0,0.0,0.0,10,43.5,0.0,0,126.0,0.0,0.0,0.0,0.0,0.0,17
2023-05-10 13:32:56,MA312C2400,MA312C2400,126.0,0.0,0.0,0.0,1,44.0,0.0,0,126.0,0.0,0.0,0.0,0.0,0.0,17
2023-05-10 13:32:57,MA312C2400,MA312C2400,126.0,0.0,0.0,0.0,10,44.5,0.0,0,126.0,0.0,0.0,0.0,0.0,0.0,17
2023-05-10 13:32:58,MA312C2400,MA312C2400,126.0,0.0,0.0,0.0,1,45.0,0.0,0,126.0,0.0,0.0,0.0,0.0,0.0,17
2023-05-10 13:32:59,MA312C2400,MA312C2400,126.0,0.0,0.0,0.0,10,45.5,0.0,0,126.0,0.0,0.0,0.0,0.0,0.0,17
2023-05-10 13:33:01,MA312C2400,MA312C2400,126.0,0.0,0.0,0.0,1,46.0,0.0,0,126.0,0.0,0.0,0.0,0.0,0.0,17
2023-05-10 13:33:01,MA312C2400,MA312C2400,126.0,0.0,0.0,0.0,10,46.5,0.0,0,126.0,0.0,0.0,0.0,0.0,0.0,17
2023-05-10 13:33:03,MA312C2400,MA312C2400,126.0,0.0,0.0,0.0,1,47.0,0.0,0,126.0,0.0,0.0,0.0,0.0,0.0,17
2023-05-10 13:33:04,MA312C2400,MA312C2400,126.0,0.0,0.0,0.0,10,47.5,0.0,0,126.0,0.0,0.0,0.0,0.0,0.0,17
2023-05-10 13:33:06,MA312C2400,MA312C2400,126.0,0.0,0.0,0.0,1,48.0,0.0,0,126.0,0.0,0.0,0.0,0.0,0.0,17
2023-05-10 13:33:07,MA312C2400,MA312C2400,126.0,0.0,0.0,0.0,10,48.5,0.0,0,126.0,0.0,0.0,0.0,0.0,0.0,17
2023-05-10 13:33:10,MA312C2400,MA312C2400,126.0,0.0,0.0,0.0,1,49.0,0.0,0,126.0,0.0,0.0,0.0,0.0,0.0,17
2023-05-10 13:33:10,MA312C2400,MA312C2400,126.0,0.0,0.0,0.0,10,49.5,0.0,0,126.0,0.0,0.0,0.0,0.0,0.0,17
2023-05-10 13:33:13,MA312C2400,MA312C2400,126.0,0.0,0.0,0.0,1,50.0,0.0,0,126.0,0.0,0.0,0.0,0.0,0.0,17
2023-05-10 13:33:14,MA312C2400,MA312C2400,126.0,0.0,0.0,0.0,10,50.5,0.0,0,126.0,0.0,0.0,0.0,0.0,0.0,17
2023-05-10 13:33:15,MA312C2400,MA312C2400,126.0,0.0,0.0,0.0,1,51.0,0.0,0,126.0,0.0,0.0,0.0,0.0,0.0,17
2023-05-10 13:33:15,MA312C2400,MA312C2400,126.0,0.0,0.0,0.0,10,51.5,0.0,0,126.0,0.0,0.0,0.0,0.0,0.0,17
2023-05-10 13:33:17,MA312C2400,MA312C2400,126.0,0.0,0.0,0.0,1,52.0,0.0,0,126.0,0.0,0.0,0.0,0.0,0.0,17
2023-05-10 13:33:18,MA312C2400,MA312C2400,126.0,0.0,0.0,0.0,10,52.5,0.0,0,126.0,0.0,0.0,0.0,0.0,0.0,17
2023-05-10 13:33:20,MA312C2400,MA312C2400,126.0,0.0,0.0,0.0,1,53.0,0.0,0,126.0,0.0,0.0,0.0,0.0,0.0,17
2023-05-10 13:33:20,MA312C2400,MA312C2400,126.0,0.0,0.0,0.0,10,53.5,0.0,0,126.0,0.0,0.0,0.0,0.0,0.0,17
2023-05-10 13:33:22,MA312C2400,MA312C2400,126.0,0.0,0.0,0.0,1,54.0,0.0,0,126.0,0.0,0.0,0.0,0.0,0.0,17
2023-05-10 13:33:22,MA312C2400,MA312C2400,126.0,0.0,0.0,0.0,10,54.5,0.0,0,126.0,0.0,0.0,0.0,0.0,0.0,17
2023-05-10 13:33:30,MA312C2400,MA312C2400,126.0,0.0,0.0,0.0,1,55.0,0.0,0,126.0,0.0,0.0,0.0,0.0,0.0,17
2023-05-10 13:33:30,MA312C2400,MA312C2400,126.0,0.0,0.0,0.0,10,55.5,0.0,0,126.0,0.0,0.0,0.0,0.0,0.0,17
2023-05-10 13:45:33,MA312C2400,MA312C2400,126.0,0.0,0.0,0.0,1,56.0,0.0,0,126.0,0.0,0.0,0.0,0.0,0.0,17
2023-05-10 13:45:34,MA312C2400,MA312C2400,126.0,0.0,0.0,0.0,10,56.5,0.0,0,126.0,0.0,0.0,0.0,0.0,0.0,17
2023-05-10 13:56:37,MA312C2400,MA312C2400,126.0,0.0,0.0,0.0,1,63.0,0.0,0,126.0,0.0,0.0,0.0,0.0,0.0,17
2023-05-10 13:56:37,MA312C2400,MA312C2400,126.0,0.0,0.0,0.0,10,63.5,0.0,0,126.0,0.0,0.0,0.0,0.0,0.0,17
2023-05-10 13:56:38,MA312C2400,MA312C2400,126.0,0.0,0.0,0.0,1,67.0,0.0,0,126.0,0.0,0.0,0.0,0.0,0.0,17
2023-05-10 13:56:39,MA312C2400,MA312C2400,126.0,0.0,0.0,0.0,10,67.5,0.0,0,126.0,0.0,0.0,0.0,0.0,0.0,17
2023-05-10 13:56:39,MA312C2400,MA312C2400,126.0,0.0,0.0,0.0,1,68.0,0.0,0,126.0,0.0,0.0,0.0,0.0,0.0,17
2023-05-10 13:56:40,MA312C2400,MA312C2400,126.0,0.0,0.0,0.0,10,68.5,0.0,0,126.0,0.0,0.0,0.0,0.0,0.0,17
2023-05-10 13:56:40,MA312C2400,MA312C2400,126.0,0.0,0.0,0.0,1,69.0,0.0,0,126.0,0.0,0.0,0.0,0.0,0.0,17
2023-05-10 13:56:41,MA312C2400,MA312C2400,126.0,0.0,0.0,0.0,10,69.5,0.0,0,126.0,0.0,0.0,0.0,0.0,0.0,17
2023-05-10 13:56:42,MA312C2400,MA312C2400,126.0,0.0,0.0,0.0,1,70.0,0.0,0,126.0,0.0,0.0,0.0,0.0,0.0,17
2023-05-10 13:56:42,MA312C2400,MA312C2400,126.0,0.0,0.0,0.0,10,70.5,0.0,0,126.0,0.0,0.0,0.0,0.0,0.0,17
2023-05-10 13:56:43,MA312C2400,MA312C2400,126.0,0.0,0.0,0.0,1,71.0,0.0,0,126.0,0.0,0.0,0.0,0.0,0.0,17
2023-05-10 13:56:43,MA312C2400,MA312C2400,126.0,0.0,0.0,0.0,10,71.5,0.0,0,126.0,0.0,0.0,0.0,0.0,0.0,17
2023-05-10 13:56:44,MA312C2400,MA312C2400,126.0,0.0,0.0,0.0,1,72.0,0.0,0,126.0,0.0,0.0,0.0,0.0,0.0,17
2023-05-10 13:56:44,MA312C2400,MA312C2400,126.0,0.0,0.0,0.0,10,72.5,0.0,0,126.0,0.0,0.0,0.0,0.0,0.0,17
2023-05-10 13:56:47,MA312C2400,MA312C2400,126.0,0.0,0.0,0.0,1,73.0,0.0,0,126.0,0.0,0.0,0.0,0.0,0.0,17
2023-05-10 13:56:48,MA312C2400,MA312C2400,126.0,0.0,0.0,0.0,10,73.5,0.0,0,126.0,0.0,0.0,0.0,0.0,0.0,17
2023-05-10 13:56:51,MA312C2400,MA312C2400,126.0,0.0,0.0,0.0,1,74.0,0.0,0,126.0,0.0,0.0,0.0,0.0,0.0,17
2023-05-10 13:56:52,MA312C2400,MA312C2400,126.0,0.0,0.0,0.0,10,74.5,0.0,0,126.0,0.0,0.0,0.0,0.0,0.0,17
2023-05-10 14:03:37,MA312C2400,MA312C2400,126.0,0.0,0.0,0.0,3,95.0,106.0,3,126.0,0.0,0.0,0.0,0.0,0.0,17
2023-05-10 14:03:38,MA312C2400,MA312C2400,126.0,0.0,0.0,0.0,6,95.0,106.0,6,126.0,0.0,0.0,0.0,0.0,0.0,17
2023-05-10 14:03:39,MA312C2400,MA312C2400,126.0,0.0,0.0,0.0,3,99.0,102.0,3,126.0,0.0,0.0,0.0,0.0,0.0,17
2023-05-10 14:03:43,MA312C2400,MA312C2400,126.0,0.0,0.0,0.0,6,99.0,102.0,6,126.0,0.0,0.0,0.0,0.0,0.0,17
2023-05-10 14:03:44,MA312C2400,MA312C2400,126.0,0.0,0.0,0.0,9,99.0,102.0,9,126.0,0.0,0.0,0.0,0.0,0.0,17
2023-05-10 14:03:47,MA312C2400,MA312C2400,126.0,0.0,0.0,0.0,12,99.0,102.0,12,126.0,0.0,0.0,0.0,0.0,0.0,17
2023-05-10 14:03:49,MA312C2400,MA312C2400,126.0,0.0,0.0,0.0,3,100.0,102.0,12,126.0,0.0,0.0,0.0,0.0,0.0,17
2023-05-10 14:03:49,MA312C2400,MA312C2400,126.0,0.0,0.0,0.0,12,100.0,102.0,15,126.0,0.0,0.0,0.0,0.0,0.0,17
2023-05-10 14:03:51,MA312C2400,MA312C2400,126.0,0.0,0.0,0.0,12,100.0,102.0,12,126.0,0.0,0.0,0.0,0.0,0.0,17
2023-05-10 14:03:52,MA312C2400,MA312C2400,126.0,0.0,0.0,0.0,6,101.0,102.0,15,126.0,0.0,0.0,0.0,0.0,0.0,17
2023-05-10 14:03:52,MA312C2400,MA312C2400,126.0,0.0,0.0,0.0,12,101.0,102.0,18,126.0,0.0,0.0,0.0,0.0,0.0,17
2023-05-10 14:03:55,MA312C2400,MA312C2400,126.0,0.0,0.0,0.0,12,101.0,102.0,15,126.0,0.0,0.0,0.0,0.0,0.0,17
2023-05-10 14:03:59,MA312C2400,MA312C2400,126.0,0.0,0.0,0.0,9,101.0,102.0,12,126.0,0.0,0.0,0.0,0.0,0.0,17
2023-05-10 14:04:01,MA312C2400,MA312C2400,126.0,0.0,0.0,0.0,6,101.0,102.0,6,126.0,0.0,0.0,0.0,0.0,0.0,17
2023-05-10 14:04:04,MA312C2400,MA312C2400,126.0,0.0,0.0,0.0,3,101.0,102.0,3,126.0,0.0,0.0,0.0,0.0,0.0,17
2023-05-10 14:04:04,MA312C2400,MA312C2400,126.0,0.0,0.0,0.0,3,97.0,107.0,3,126.0,0.0,0.0,0.0,0.0,0.0,17
2023-05-10 14:04:05,MA312C2400,MA312C2400,126.0,0.0,0.0,0.0,3,96.0,107.0,3,126.0,0.0,0.0,0.0,0.0,0.0,17
2023-05-10 14:04:07,MA312C2400,MA312C2400,126.0,0.0,0.0,0.0,1,19.0,0.0,0,126.0,0.0,0.0,0.0,0.0,0.0,17
2023-05-10 14:04:07,MA312C2400,MA312C2400,126.0,0.0,0.0,0.0,10,19.5,0.0,0,126.0,0.0,0.0,0.0,0.0,0.0,17
2023-05-10 14:04:08,MA312C2400,MA312C2400,126.0,0.0,0.0,0.0,1,20.0,0.0,0,126.0,0.0,0.0,0.0,0.0,0.0,17
2023-05-10 14:04:08,MA312C2400,MA312C2400,126.0,0.0,0.0,0.0,10,20.5,0.0,0,126.0,0.0,0.0,0.0,0.0,0.0,17
2023-05-10 14:04:09,MA312C2400,MA312C2400,126.0,0.0,0.0,0.0,1,21.0,0.0,0,126.0,0.0,0.0,0.0,0.0,0.0,17
2023-05-10 14:04:10,MA312C2400,MA312C2400,126.0,0.0,0.0,0.0,10,21.5,0.0,0,126.0,0.0,0.0,0.0,0.0,0.0,17
2023-05-10 14:04:10,MA312C2400,MA312C2400,126.0,0.0,0.0,0.0,1,22.0,0.0,0,126.0,0.0,0.0,0.0,0.0,0.0,17
2023-05-10 14:04:11,MA312C2400,MA312C2400,126.0,0.0,0.0,0.0,10,22.5,0.0,0,126.0,0.0,0.0,0.0,0.0,0.0,17
2023-05-10 14:04:11,MA312C2400,MA312C2400,126.0,0.0,0.0,0.0,1,23.0,0.0,0,126.0,0.0,0.0,0.0,0.0,0.0,17
2023-05-10 14:04:12,MA312C2400,MA312C2400,126.0,0.0,0.0,0.0,10,23.5,0.0,0,126.0,0.0,0.0,0.0,0.0,0.0,17
2023-05-10 14:04:13,MA312C2400,MA312C2400,126.0,0.0,0.0,0.0,1,24.0,0.0,0,126.0,0.0,0.0,0.0,0.0,0.0,17
2023-05-10 14:04:13,MA312C2400,MA312C2400,126.0,0.0,0.0,0.0,10,24.5,0.0,0,126.0,0.0,0.0,0.0,0.0,0.0,17
2023-05-10 14:04:14,MA312C2400,MA312C2400,126.0,0.0,0.0,0.0,1,25.0,0.0,0,126.0,0.0,0.0,0.0,0.0,0.0,17
2023-05-10 14:04:14,MA312C2400,MA312C2400,126.0,0.0,0.0,0.0,10,25.5,0.0,0,126.0,0.0,0.0,0.0,0.0,0.0,17
2023-05-10 14:04:15,MA312C2400,MA312C2400,126.0,0.0,0.0,0.0,1,26.0,0.0,0,126.0,0.0,0.0,0.0,0.0,0.0,17
2023-05-10 14:04:16,MA312C2400,MA312C2400,126.0,0.0,0.0,0.0,10,26.5,0.0,0,126.0,0.0,0.0,0.0,0.0,0.0,17
2023-05-10 14:04:16,MA312C2400,MA312C2400,126.0,0.0,0.0,0.0,1,27.0,0.0,0,126.0,0.0,0.0,0.0,0.0,0.0,17
2023-05-10 14:04:17,MA312C2400,MA312C2400,126.0,0.0,0.0,0.0,10,27.5,0.0,0,126.0,0.0,0.0,0.0,0.0,0.0,17
2023-05-10 14:04:18,MA312C2400,MA312C2400,126.0,0.0,0.0,0.0,1,28.0,0.0,0,126.0,0.0,0.0,0.0,0.0,0.0,17
2023-05-10 14:04:18,MA312C2400,MA312C2400,126.0,0.0,0.0,0.0,10,28.5,0.0,0,126.0,0.0,0.0,0.0,0.0,0.0,17
2023-05-10 14:04:18,MA312C2400,MA312C2400,126.0,0.0,0.0,0.0,1,29.0,0.0,0,126.0,0.0,0.0,0.0,0.0,0.0,17
2023-05-10 14:04:19,MA312C2400,MA312C2400,126.0,0.0,0.0,0.0,10,29.5,0.0,0,126.0,0.0,0.0,0.0,0.0,0.0,17
2023-05-10 14:04:20,MA312C2400,MA312C2400,126.0,0.0,0.0,0.0,1,30.0,0.0,0,126.0,0.0,0.0,0.0,0.0,0.0,17
2023-05-10 14:04:20,MA312C2400,MA312C2400,126.0,0.0,0.0,0.0,10,30.5,0.0,0,126.0,0.0,0.0,0.0,0.0,0.0,17
2023-05-10 14:04:21,MA312C2400,MA312C2400,126.0,0.0,0.0,0.0,1,31.0,0.0,0,126.0,0.0,0.0,0.0,0.0,0.0,17
2023-05-10 14:04:21,MA312C2400,MA312C2400,126.0,0.0,0.0,0.0,10,31.5,0.0,0,126.0,0.0,0.0,0.0,0.0,0.0,17
2023-05-10 14:04:22,MA312C2400,MA312C2400,126.0,0.0,0.0,0.0,1,32.0,0.0,0,126.0,0.0,0.0,0.0,0.0,0.0,17
2023-05-10 14:04:23,MA312C2400,MA312C2400,126.0,0.0,0.0,0.0,10,32.5,0.0,0,126.0,0.0,0.0,0.0,0.0,0.0,17
2023-05-10 14:04:23,MA312C2400,MA312C2400,126.0,0.0,0.0,0.0,1,33.0,0.0,0,126.0,0.0,0.0,0.0,0.0,0.0,17
2023-05-10 14:04:24,MA312C2400,MA312C2400,126.0,0.0,0.0,0.0,10,33.5,0.0,0,126.0,0.0,0.0,0.0,0.0,0.0,17
2023-05-10 14:04:25,MA312C2400,MA312C2400,126.0,0.0,0.0,0.0,1,34.0,0.0,0,126.0,0.0,0.0,0.0,0.0,0.0,17
2023-05-10 14:04:25,MA312C2400,MA312C2400,126.0,0.0,0.0,0.0,10,34.5,0.0,0,126.0,0.0,0.0,0.0,0.0,0.0,17
2023-05-10 14:04:26,MA312C2400,MA312C2400,126.0,0.0,0.0,0.0,1,35.0,0.0,0,126.0,0.0,0.0,0.0,0.0,0.0,17
2023-05-10 14:04:26,MA312C2400,MA312C2400,126.0,0.0,0.0,0.0,10,35.5,0.0,0,126.0,0.0,0.0,0.0,0.0,0.0,17
2023-05-10 14:04:27,MA312C2400,MA312C2400,126.0,0.0,0.0,0.0,1,36.0,0.0,0,126.0,0.0,0.0,0.0,0.0,0.0,17
2023-05-10 14:04:27,MA312C2400,MA312C2400,126.0,0.0,0.0,0.0,10,36.5,0.0,0,126.0,0.0,0.0,0.0,0.0,0.0,17
2023-05-10 14:04:28,MA312C2400,MA312C2400,126.0,0.0,0.0,0.0,1,37.0,0.0,0,126.0,0.0,0.0,0.0,0.0,0.0,17
2023-05-10 14:04:29,MA312C2400,MA312C2400,126.0,0.0,0.0,0.0,10,37.5,0.0,0,126.0,0.0,0.0,0.0,0.0,0.0,17
2023-05-10 14:04:29,MA312C2400,MA312C2400,126.0,0.0,0.0,0.0,1,38.0,0.0,0,126.0,0.0,0.0,0.0,0.0,0.0,17
2023-05-10 14:04:30,MA312C2400,MA312C2400,126.0,0.0,0.0,0.0,10,38.5,0.0,0,126.0,0.0,0.0,0.0,0.0,0.0,17
2023-05-10 14:04:31,MA312C2400,MA312C2400,126.0,0.0,0.0,0.0,1,39.0,0.0,0,126.0,0.0,0.0,0.0,0.0,0.0,17
2023-05-10 14:04:31,MA312C2400,MA312C2400,126.0,0.0,0.0,0.0,10,39.5,0.0,0,126.0,0.0,0.0,0.0,0.0,0.0,17
2023-05-10 14:04:32,MA312C2400,MA312C2400,126.0,0.0,0.0,0.0,1,40.0,0.0,0,126.0,0.0,0.0,0.0,0.0,0.0,17
2023-05-10 14:04:32,MA312C2400,MA312C2400,126.0,0.0,0.0,0.0,10,40.5,0.0,0,126.0,0.0,0.0,0.0,0.0,0.0,17
2023-05-10 14:04:33,MA312C2400,MA312C2400,126.0,0.0,0.0,0.0,1,41.0,0.0,0,126.0,0.0,0.0,0.0,0.0,0.0,17
2023-05-10 14:04:34,MA312C2400,MA312C2400,126.0,0.0,0.0,0.0,10,41.5,0.0,0,126.0,0.0,0.0,0.0,0.0,0.0,17
2023-05-10 14:04:35,MA312C2400,MA312C2400,126.0,0.0,0.0,0.0,1,42.0,0.0,0,126.0,0.0,0.0,0.0,0.0,0.0,17
2023-05-10 14:04:35,MA312C2400,MA312C2400,126.0,0.0,0.0,0.0,10,42.5,0.0,0,126.0,0.0,0.0,0.0,0.0,0.0,17
2023-05-10 14:04:36,MA312C2400,MA312C2400,126.0,0.0,0.0,0.0,1,43.0,0.0,0,126.0,0.0,0.0,0.0,0.0,0.0,17
2023-05-10 14:04:36,MA312C2400,MA312C2400,126.0,0.0,0.0,0.0,10,43.5,0.0,0,126.0,0.0,0.0,0.0,0.0,0.0,17
2023-05-10 14:04:37,MA312C2400,MA312C2400,126.0,0.0,0.0,0.0,1,44.0,0.0,0,126.0,0.0,0.0,0.0,0.0,0.0,17
2023-05-10 14:04:38,MA312C2400,MA312C2400,126.0,0.0,0.0,0.0,10,44.5,0.0,0,126.0,0.0,0.0,0.0,0.0,0.0,17
2023-05-10 14:04:38,MA312C2400,MA312C2400,126.0,0.0,0.0,0.0,1,45.0,0.0,0,126.0,0.0,0.0,0.0,0.0,0.0,17
2023-05-10 14:04:39,MA312C2400,MA312C2400,126.0,0.0,0.0,0.0,10,45.5,0.0,0,126.0,0.0,0.0,0.0,0.0,0.0,17
2023-05-10 14:04:40,MA312C2400,MA312C2400,126.0,0.0,0.0,0.0,1,46.0,0.0,0,126.0,0.0,0.0,0.0,0.0,0.0,17
2023-05-10 14:04:40,MA312C2400,MA312C2400,126.0,0.0,0.0,0.0,10,46.5,0.0,0,126.0,0.0,0.0,0.0,0.0,0.0,17
2023-05-10 14:04:41,MA312C2400,MA312C2400,126.0,0.0,0.0,0.0,1,47.0,0.0,0,126.0,0.0,0.0,0.0,0.0,0.0,17
2023-05-10 14:04:42,MA312C2400,MA312C2400,126.0,0.0,0.0,0.0,10,47.5,0.0,0,126.0,0.0,0.0,0.0,0.0,0.0,17
2023-05-10 14:04:42,MA312C2400,MA312C2400,126.0,0.0,0.0,0.0,1,48.0,0.0,0,126.0,0.0,0.0,0.0,0.0,0.0,17
2023-05-10 14:04:43,MA312C2400,MA312C2400,126.0,0.0,0.0,0.0,10,48.5,0.0,0,126.0,0.0,0.0,0.0,0.0,0.0,17
2023-05-10 14:04:44,MA312C2400,MA312C2400,126.0,0.0,0.0,0.0,1,49.0,0.0,0,126.0,0.0,0.0,0.0,0.0,0.0,17
2023-05-10 14:04:44,MA312C2400,MA312C2400,126.0,0.0,0.0,0.0,10,49.5,0.0,0,126.0,0.0,0.0,0.0,0.0,0.0,17
2023-05-10 14:04:45,MA312C2400,MA312C2400,126.0,0.0,0.0,0.0,1,50.0,0.0,0,126.0,0.0,0.0,0.0,0.0,0.0,17
2023-05-10 14:04:45,MA312C2400,MA312C2400,126.0,0.0,0.0,0.0,10,50.5,0.0,0,126.0,0.0,0.0,0.0,0.0,0.0,17
2023-05-10 14:04:46,MA312C2400,MA312C2400,126.0,0.0,0.0,0.0,1,51.0,0.0,0,126.0,0.0,0.0,0.0,0.0,0.0,17
2023-05-10 14:04:46,MA312C2400,MA312C2400,126.0,0.0,0.0,0.0,10,51.5,0.0,0,126.0,0.0,0.0,0.0,0.0,0.0,17
2023-05-10 14:04:47,MA312C2400,MA312C2400,126.0,0.0,0.0,0.0,1,52.0,0.0,0,126.0,0.0,0.0,0.0,0.0,0.0,17
2023-05-10 14:04:48,MA312C2400,MA312C2400,126.0,0.0,0.0,0.0,10,52.5,0.0,0,126.0,0.0,0.0,0.0,0.0,0.0,17
2023-05-10 14:04:48,MA312C2400,MA312C2400,126.0,0.0,0.0,0.0,1,53.0,0.0,0,126.0,0.0,0.0,0.0,0.0,0.0,17
2023-05-10 14:04:49,MA312C2400,MA312C2400,126.0,0.0,0.0,0.0,10,53.5,0.0,0,126.0,0.0,0.0,0.0,0.0,0.0,17
2023-05-10 14:04:49,MA312C2400,MA312C2400,126.0,0.0,0.0,0.0,1,54.0,0.0,0,126.0,0.0,0.0,0.0,0.0,0.0,17
2023-05-10 14:04:50,MA312C2400,MA312C2400,126.0,0.0,0.0,0.0,10,54.5,0.0,0,126.0,0.0,0.0,0.0,0.0,0.0,17
2023-05-10 14:04:50,MA312C2400,MA312C2400,126.0,0.0,0.0,0.0,1,55.0,0.0,0,126.0,0.0,0.0,0.0,0.0,0.0,17
2023-05-10 14:04:51,MA312C2400,MA312C2400,126.0,0.0,0.0,0.0,10,55.5,0.0,0,126.0,0.0,0.0,0.0,0.0,0.0,17
2023-05-10 14:04:51,MA312C2400,MA312C2400,126.0,0.0,0.0,0.0,1,56.0,0.0,0,126.0,0.0,0.0,0.0,0.0,0.0,17
2023-05-10 14:04:52,MA312C2400,MA312C2400,126.0,0.0,0.0,0.0,10,56.5,0.0,0,126.0,0.0,0.0,0.0,0.0,0.0,17
2023-05-10 14:05:47,MA312C2400,MA312C2400,126.0,0.0,0.0,0.0,3,94.0,105.0,3,126.0,0.0,0.0,0.0,0.0,0.0,17
2023-05-10 14:05:48,MA312C2400,MA312C2400,126.0,0.0,0.0,0.0,6,94.0,105.0,6,126.0,0.0,0.0,0.0,0.0,0.0,17
2023-05-10 14:05:49,MA312C2400,MA312C2400,126.0,0.0,0.0,0.0,3,98.5,101.5,3,126.0,0.0,0.0,0.0,0.0,0.0,17
2023-05-10 14:05:53,MA312C2400,MA312C2400,126.0,0.0,0.0,0.0,6,98.5,101.5,6,126.0,0.0,0.0,0.0,0.0,0.0,17
2023-05-10 14:05:54,MA312C2400,MA312C2400,126.0,0.0,0.0,0.0,9,98.5,101.5,9,126.0,0.0,0.0,0.0,0.0,0.0,17
2023-05-10 14:05:57,MA312C2400,MA312C2400,126.0,0.0,0.0,0.0,12,98.5,101.5,12,126.0,0.0,0.0,0.0,0.0,0.0,17
2023-05-10 14:05:59,MA312C2400,MA312C2400,126.0,0.0,0.0,0.0,3,99.0,101.5,12,126.0,0.0,0.0,0.0,0.0,0.0,17
2023-05-10 14:05:59,MA312C2400,MA312C2400,126.0,0.0,0.0,0.0,3,99.0,101.5,15,126.0,0.0,0.0,0.0,0.0,0.0,17
2023-05-10 14:06:01,MA312C2400,MA312C2400,126.0,0.0,0.0,0.0,3,99.0,101.5,12,126.0,0.0,0.0,0.0,0.0,0.0,17
2023-05-10 14:06:02,MA312C2400,MA312C2400,126.0,0.0,0.0,0.0,6,100.0,101.0,6,126.0,0.0,0.0,0.0,0.0,0.0,17
2023-05-10 14:06:02,MA312C2400,MA312C2400,126.0,0.0,0.0,0.0,12,100.0,101.0,12,126.0,0.0,0.0,0.0,0.0,0.0,17
2023-05-10 14:06:09,MA312C2400,MA312C2400,126.0,0.0,0.0,0.0,9,100.0,101.0,9,126.0,0.0,0.0,0.0,0.0,0.0,17
2023-05-10 14:06:11,MA312C2400,MA312C2400,126.0,0.0,0.0,0.0,6,100.0,101.0,6,126.0,0.0,0.0,0.0,0.0,0.0,17
2023-05-10 14:06:14,MA312C2400,MA312C2400,126.0,0.0,0.0,0.0,3,100.0,101.0,3,126.0,0.0,0.0,0.0,0.0,0.0,17
2023-05-10 14:06:14,MA312C2400,MA312C2400,126.0,0.0,0.0,0.0,3,95.0,106.0,3,126.0,0.0,0.0,0.0,0.0,0.0,17
2023-05-10 14:06:17,MA312C2400,MA312C2400,126.0,0.0,0.0,0.0,1,19.0,0.0,0,126.0,0.0,0.0,0.0,0.0,0.0,17
2023-05-10 14:06:17,MA312C2400,MA312C2400,126.0,0.0,0.0,0.0,10,19.5,0.0,0,126.0,0.0,0.0,0.0,0.0,0.0,17
2023-05-10 14:06:18,MA312C2400,MA312C2400,126.0,0.0,0.0,0.0,11,19.5,0.0,0,126.0,0.0,0.0,0.0,0.0,0.0,17
2023-05-10 14:33:06,MA312C2400,MA312C2400,126.0,0.0,0.0,0.0,1,20.0,0.0,0,126.0,0.0,0.0,0.0,0.0,0.0,17
2023-05-10 14:33:06,MA312C2400,MA312C2400,126.0,0.0,0.0,0.0,10,20.5,0.0,0,126.0,0.0,0.0,0.0,0.0,0.0,17
2023-05-10 14:33:08,MA312C2400,MA312C2400,126.0,0.0,0.0,0.0,1,27.0,0.0,0,126.0,0.0,0.0,0.0,0.0,0.0,17
2023-05-10 14:33:08,MA312C2400,MA312C2400,126.0,0.0,0.0,0.0,10,27.5,0.0,0,126.0,0.0,0.0,0.0,0.0,0.0,17
2023-05-10 14:33:10,MA312C2400,MA312C2400,126.0,0.0,0.0,0.0,1,34.0,0.0,0,126.0,0.0,0.0,0.0,0.0,0.0,17
2023-05-10 14:33:10,MA312C2400,MA312C2400,126.0,0.0,0.0,0.0,10,34.5,0.0,0,126.0,0.0,0.0,0.0,0.0,0.0,17
2023-05-10 14:33:11,MA312C2400,MA312C2400,126.0,0.0,0.0,0.0,1,38.0,0.0,0,126.0,0.0,0.0,0.0,0.0,0.0,17
2023-05-10 14:33:12,MA312C2400,MA312C2400,126.0,0.0,0.0,0.0,10,38.5,0.0,0,126.0,0.0,0.0,0.0,0.0,0.0,17
2023-05-10 14:33:13,MA312C2400,MA312C2400,126.0,0.0,0.0,0.0,1,42.0,0.0,0,126.0,0.0,0.0,0.0,0.0,0.0,17
2023-05-10 14:33:13,MA312C2400,MA312C2400,126.0,0.0,0.0,0.0,10,42.5,0.0,0,126.0,0.0,0.0,0.0,0.0,0.0,17
2023-05-10 14:33:14,MA312C2400,MA312C2400,126.0,0.0,0.0,0.0,1,43.0,0.0,0,126.0,0.0,0.0,0.0,0.0,0.0,17
2023-05-10 14:33:14,MA312C2400,MA312C2400,126.0,0.0,0.0,0.0,10,43.5,0.0,0,126.0,0.0,0.0,0.0,0.0,0.0,17
2023-05-10 14:33:15,MA312C2400,MA312C2400,126.0,0.0,0.0,0.0,1,44.0,0.0,0,126.0,0.0,0.0,0.0,0.0,0.0,17
2023-05-10 14:33:16,MA312C2400,MA312C2400,126.0,0.0,0.0,0.0,10,44.5,0.0,0,126.0,0.0,0.0,0.0,0.0,0.0,17
2023-05-10 14:33:17,MA312C2400,MA312C2400,126.0,0.0,0.0,0.0,1,45.0,0.0,0,126.0,0.0,0.0,0.0,0.0,0.0,17
2023-05-10 14:33:17,MA312C2400,MA312C2400,126.0,0.0,0.0,0.0,10,45.5,0.0,0,126.0,0.0,0.0,0.0,0.0,0.0,17
2023-05-10 14:33:18,MA312C2400,MA312C2400,126.0,0.0,0.0,0.0,1,46.0,0.0,0,126.0,0.0,0.0,0.0,0.0,0.0,17
2023-05-10 14:33:18,MA312C2400,MA312C2400,126.0,0.0,0.0,0.0,10,46.5,0.0,0,126.0,0.0,0.0,0.0,0.0,0.0,17
2023-05-10 14:33:19,MA312C2400,MA312C2400,126.0,0.0,0.0,0.0,1,47.0,0.0,0,126.0,0.0,0.0,0.0,0.0,0.0,17
2023-05-10 14:33:20,MA312C2400,MA312C2400,126.0,0.0,0.0,0.0,10,47.5,0.0,0,126.0,0.0,0.0,0.0,0.0,0.0,17
2023-05-10 14:33:21,MA312C2400,MA312C2400,126.0,0.0,0.0,0.0,1,48.0,0.0,0,126.0,0.0,0.0,0.0,0.0,0.0,17
2023-05-10 14:33:21,MA312C2400,MA312C2400,126.0,0.0,0.0,0.0,10,48.5,0.0,0,126.0,0.0,0.0,0.0,0.0,0.0,17
2023-05-10 14:33:22,MA312C2400,MA312C2400,126.0,0.0,0.0,0.0,1,49.0,0.0,0,126.0,0.0,0.0,0.0,0.0,0.0,17
2023-05-10 14:33:22,MA312C2400,MA312C2400,126.0,0.0,0.0,0.0,10,49.5,0.0,0,126.0,0.0,0.0,0.0,0.0,0.0,17
2023-05-10 14:33:23,MA312C2400,MA312C2400,126.0,0.0,0.0,0.0,1,50.0,0.0,0,126.0,0.0,0.0,0.0,0.0,0.0,17
2023-05-10 14:33:24,MA312C2400,MA312C2400,126.0,0.0,0.0,0.0,10,50.5,0.0,0,126.0,0.0,0.0,0.0,0.0,0.0,17
2023-05-10 14:33:25,MA312C2400,MA312C2400,126.0,0.0,0.0,0.0,1,51.0,0.0,0,126.0,0.0,0.0,0.0,0.0,0.0,17
2023-05-10 14:33:25,MA312C2400,MA312C2400,126.0,0.0,0.0,0.0,10,51.5,0.0,0,126.0,0.0,0.0,0.0,0.0,0.0,17
2023-05-10 14:33:26,MA312C2400,MA312C2400,126.0,0.0,0.0,0.0,1,52.0,0.0,0,126.0,0.0,0.0,0.0,0.0,0.0,17
2023-05-10 14:33:26,MA312C2400,MA312C2400,126.0,0.0,0.0,0.0,10,52.5,0.0,0,126.0,0.0,0.0,0.0,0.0,0.0,17
2023-05-10 14:33:27,MA312C2400,MA312C2400,126.0,0.0,0.0,0.0,1,53.0,0.0,0,126.0,0.0,0.0,0.0,0.0,0.0,17
2023-05-10 14:33:28,MA312C2400,MA312C2400,126.0,0.0,0.0,0.0,10,53.5,0.0,0,126.0,0.0,0.0,0.0,0.0,0.0,17
2023-05-10 14:33:29,MA312C2400,MA312C2400,126.0,0.0,0.0,0.0,1,54.0,0.0,0,126.0,0.0,0.0,0.0,0.0,0.0,17
2023-05-10 14:33:29,MA312C2400,MA312C2400,126.0,0.0,0.0,0.0,10,54.5,0.0,0,126.0,0.0,0.0,0.0,0.0,0.0,17
2023-05-10 14:33:30,MA312C2400,MA312C2400,126.0,0.0,0.0,0.0,1,55.0,0.0,0,126.0,0.0,0.0,0.0,0.0,0.0,17
2023-05-10 14:33:30,MA312C2400,MA312C2400,126.0,0.0,0.0,0.0,10,55.5,0.0,0,126.0,0.0,0.0,0.0,0.0,0.0,17
2023-05-10 14:33:58,MA312C2400,MA312C2400,126.0,0.0,0.0,0.0,1,62.0,0.0,0,126.0,0.0,0.0,0.0,0.0,0.0,17
2023-05-10 14:33:58,MA312C2400,MA312C2400,126.0,0.0,0.0,0.0,10,62.5,0.0,0,126.0,0.0,0.0,0.0,0.0,0.0,17
2023-05-10 14:33:59,MA312C2400,MA312C2400,126.0,0.0,0.0,0.0,1,69.0,0.0,0,126.0,0.0,0.0,0.0,0.0,0.0,17
2023-05-10 14:33:59,MA312C2400,MA312C2400,126.0,0.0,0.0,0.0,10,69.5,0.0,0,126.0,0.0,0.0,0.0,0.0,0.0,17
2023-05-10 14:34:00,MA312C2400,MA312C2400,126.0,0.0,0.0,0.0,1,76.0,0.0,0,126.0,0.0,0.0,0.0,0.0,0.0,17
2023-05-10 14:34:01,MA312C2400,MA312C2400,126.0,0.0,0.0,0.0,10,76.5,0.0,0,126.0,0.0,0.0,0.0,0.0,0.0,17
2023-05-10 14:34:02,MA312C2400,MA312C2400,126.0,0.0,0.0,0.0,1,80.0,0.0,0,126.0,0.0,0.0,0.0,0.0,0.0,17
2023-05-10 14:34:03,MA312C2400,MA312C2400,126.0,0.0,0.0,0.0,10,80.5,0.0,0,126.0,0.0,0.0,0.0,0.0,0.0,17
2023-05-10 14:34:04,MA312C2400,MA312C2400,126.0,0.0,0.0,0.0,1,84.0,0.0,0,126.0,0.0,0.0,0.0,0.0,0.0,17
2023-05-10 14:34:28,MA312C2400,MA312C2400,126.0,0.0,0.0,0.0,1,20.0,0.0,0,126.0,0.0,0.0,0.0,0.0,0.0,17
2023-05-10 14:34:28,MA312C2400,MA312C2400,126.0,0.0,0.0,0.0,11,20.5,0.0,0,126.0,0.0,0.0,0.0,0.0,0.0,17
2023-05-10 14:49:05,MA312C2400,MA312C2400,126.0,0.0,0.0,0.0,3,94.5,105.5,3,126.0,0.0,0.0,0.0,0.0,0.0,17
2023-05-10 14:49:06,MA312C2400,MA312C2400,126.0,0.0,0.0,0.0,6,94.5,105.5,6,126.0,0.0,0.0,0.0,0.0,0.0,17
2023-05-10 14:49:07,MA312C2400,MA312C2400,126.0,0.0,0.0,0.0,3,100.0,103.0,3,126.0,0.0,0.0,0.0,0.0,0.0,17
2023-05-10 14:49:11,MA312C2400,MA312C2400,126.0,0.0,0.0,0.0,6,100.0,103.0,6,126.0,0.0,0.0,0.0,0.0,0.0,17
2023-05-10 14:49:15,MA312C2400,MA312C2400,126.0,0.0,0.0,0.0,9,100.0,103.0,9,126.0,0.0,0.0,0.0,0.0,0.0,17
2023-05-10 14:49:16,MA312C2400,MA312C2400,126.0,0.0,0.0,0.0,3,100.5,103.0,9,126.0,0.0,0.0,0.0,0.0,0.0,17
2023-05-10 14:49:19,MA312C2400,MA312C2400,126.0,0.0,0.0,0.0,3,100.5,103.0,6,126.0,0.0,0.0,0.0,0.0,0.0,17
2023-05-10 14:49:19,MA312C2400,MA312C2400,126.0,0.0,0.0,0.0,3,100.5,103.0,3,126.0,0.0,0.0,0.0,0.0,0.0,17
2023-05-10 14:49:20,MA312C2400,MA312C2400,126.0,0.0,0.0,0.0,6,101.0,102.0,6,126.0,0.0,0.0,0.0,0.0,0.0,17
2023-05-10 14:49:20,MA312C2400,MA312C2400,126.0,0.0,0.0,0.0,12,101.0,102.0,12,126.0,0.0,0.0,0.0,0.0,0.0,17
2023-05-10 14:49:22,MA312C2400,MA312C2400,126.0,0.0,0.0,0.0,15,101.0,102.0,12,126.0,0.0,0.0,0.0,0.0,0.0,17
2023-05-10 14:49:27,MA312C2400,MA312C2400,126.0,0.0,0.0,0.0,12,101.0,102.0,9,126.0,0.0,0.0,0.0,0.0,0.0,17
2023-05-10 14:49:29,MA312C2400,MA312C2400,126.0,0.0,0.0,0.0,9,101.0,102.0,6,126.0,0.0,0.0,0.0,0.0,0.0,17
2023-05-10 14:49:32,MA312C2400,MA312C2400,126.0,0.0,0.0,0.0,6,101.0,102.0,3,126.0,0.0,0.0,0.0,0.0,0.0,17
2023-05-10 14:49:32,MA312C2400,MA312C2400,126.0,0.0,0.0,0.0,3,96.0,107.0,3,126.0,0.0,0.0,0.0,0.0,0.0,17
2023-05-10 14:49:35,MA312C2400,MA312C2400,126.0,0.0,0.0,0.0,1,20.0,0.0,0,126.0,0.0,0.0,0.0,0.0,0.0,17
2023-05-10 14:49:35,MA312C2400,MA312C2400,126.0,0.0,0.0,0.0,10,20.5,0.0,0,126.0,0.0,0.0,0.0,0.0,0.0,17
2023-05-10 14:49:36,MA312C2400,MA312C2400,126.0,0.0,0.0,0.0,1,26.5,0.0,0,126.0,0.0,0.0,0.0,0.0,0.0,17
2023-05-10 14:49:36,MA312C2400,MA312C2400,126.0,0.0,0.0,0.0,10,27.0,0.0,0,126.0,0.0,0.0,0.0,0.0,0.0,17
2023-05-10 14:49:37,MA312C2400,MA312C2400,126.0,0.0,0.0,0.0,1,33.5,0.0,0,126.0,0.0,0.0,0.0,0.0,0.0,17
2023-05-10 14:49:37,MA312C2400,MA312C2400,126.0,0.0,0.0,0.0,10,34.0,0.0,0,126.0,0.0,0.0,0.0,0.0,0.0,17
2023-05-10 14:49:38,MA312C2400,MA312C2400,126.0,0.0,0.0,0.0,1,40.5,0.0,0,126.0,0.0,0.0,0.0,0.0,0.0,17
2023-05-10 14:49:39,MA312C2400,MA312C2400,126.0,0.0,0.0,0.0,10,41.0,0.0,0,126.0,0.0,0.0,0.0,0.0,0.0,17
2023-05-10 14:49:40,MA312C2400,MA312C2400,126.0,0.0,0.0,0.0,1,47.5,0.0,0,126.0,0.0,0.0,0.0,0.0,0.0,17
2023-05-10 14:49:40,MA312C2400,MA312C2400,126.0,0.0,0.0,0.0,10,48.0,0.0,0,126.0,0.0,0.0,0.0,0.0,0.0,17
2023-05-10 14:49:41,MA312C2400,MA312C2400,126.0,0.0,0.0,0.0,1,51.5,0.0,0,126.0,0.0,0.0,0.0,0.0,0.0,17
2023-05-10 14:49:41,MA312C2400,MA312C2400,126.0,0.0,0.0,0.0,10,52.0,0.0,0,126.0,0.0,0.0,0.0,0.0,0.0,17
2023-05-10 14:49:43,MA312C2400,MA312C2400,126.0,0.0,0.0,0.0,1,52.5,0.0,0,126.0,0.0,0.0,0.0,0.0,0.0,17
2023-05-10 14:49:43,MA312C2400,MA312C2400,126.0,0.0,0.0,0.0,10,53.0,0.0,0,126.0,0.0,0.0,0.0,0.0,0.0,17
2023-05-10 14:49:44,MA312C2400,MA312C2400,126.0,0.0,0.0,0.0,1,53.5,0.0,0,126.0,0.0,0.0,0.0,0.0,0.0,17
2023-05-10 14:49:44,MA312C2400,MA312C2400,126.0,0.0,0.0,0.0,10,54.0,0.0,0,126.0,0.0,0.0,0.0,0.0,0.0,17
2023-05-10 14:49:45,MA312C2400,MA312C2400,126.0,0.0,0.0,0.0,1,54.5,0.0,0,126.0,0.0,0.0,0.0,0.0,0.0,17
2023-05-10 14:49:46,MA312C2400,MA312C2400,126.0,0.0,0.0,0.0,10,55.0,0.0,0,126.0,0.0,0.0,0.0,0.0,0.0,17
2023-05-10 14:49:47,MA312C2400,MA312C2400,126.0,0.0,0.0,0.0,1,55.5,0.0,0,126.0,0.0,0.0,0.0,0.0,0.0,17
2023-05-10 14:49:47,MA312C2400,MA312C2400,126.0,0.0,0.0,0.0,10,56.0,0.0,0,126.0,0.0,0.0,0.0,0.0,0.0,17
2023-05-10 14:49:48,MA312C2400,MA312C2400,126.0,0.0,0.0,0.0,1,56.5,0.0,0,126.0,0.0,0.0,0.0,0.0,0.0,17
2023-05-10 14:49:48,MA312C2400,MA312C2400,126.0,0.0,0.0,0.0,10,57.0,0.0,0,126.0,0.0,0.0,0.0,0.0,0.0,17
2023-05-10 14:56:15,MA312C2400,MA312C2400,126.0,0.0,0.0,0.0,1,63.5,0.0,0,126.0,0.0,0.0,0.0,0.0,0.0,17
2023-05-10 14:56:16,MA312C2400,MA312C2400,126.0,0.0,0.0,0.0,10,64.0,0.0,0,126.0,0.0,0.0,0.0,0.0,0.0,17
2023-05-10 14:56:17,MA312C2400,MA312C2400,126.0,0.0,0.0,0.0,1,70.5,0.0,0,126.0,0.0,0.0,0.0,0.0,0.0,17
2023-05-10 14:56:17,MA312C2400,MA312C2400,126.0,0.0,0.0,0.0,10,71.0,0.0,0,126.0,0.0,0.0,0.0,0.0,0.0,17
2023-05-10 14:56:18,MA312C2400,MA312C2400,126.0,0.0,0.0,0.0,1,77.5,0.0,0,126.0,0.0,0.0,0.0,0.0,0.0,17
2023-05-10 14:56:18,MA312C2400,MA312C2400,126.0,0.0,0.0,0.0,10,78.0,0.0,0,126.0,0.0,0.0,0.0,0.0,0.0,17
2023-05-10 14:56:19,MA312C2400,MA312C2400,126.0,0.0,0.0,0.0,1,81.5,0.0,0,126.0,0.0,0.0,0.0,0.0,0.0,17
2023-05-10 14:56:20,MA312C2400,MA312C2400,126.0,0.0,0.0,0.0,10,82.0,0.0,0,126.0,0.0,0.0,0.0,0.0,0.0,17
2023-05-10 14:56:20,MA312C2400,MA312C2400,126.0,0.0,0.0,0.0,1,85.5,0.0,0,126.0,0.0,0.0,0.0,0.0,0.0,17
2023-05-10 14:56:45,MA312C2400,MA312C2400,126.0,0.0,0.0,0.0,10,20.5,0.0,0,126.0,0.0,0.0,0.0,0.0,0.0,17
2023-05-10 14:56:45,MA312C2400,MA312C2400,126.0,0.0,0.0,0.0,1,27.0,0.0,0,126.0,0.0,0.0,0.0,0.0,0.0,17
2023-05-10 14:56:46,MA312C2400,MA312C2400,126.0,0.0,0.0,0.0,10,27.5,0.0,0,126.0,0.0,0.0,0.0,0.0,0.0,17
2023-05-10 14:56:47,MA312C2400,MA312C2400,126.0,0.0,0.0,0.0,1,34.0,0.0,0,126.0,0.0,0.0,0.0,0.0,0.0,17
2023-05-10 14:56:47,MA312C2400,MA312C2400,126.0,0.0,0.0,0.0,10,34.5,0.0,0,126.0,0.0,0.0,0.0,0.0,0.0,17
2023-05-10 14:56:48,MA312C2400,MA312C2400,126.0,0.0,0.0,0.0,1,41.0,0.0,0,126.0,0.0,0.0,0.0,0.0,0.0,17
2023-05-10 14:56:48,MA312C2400,MA312C2400,126.0,0.0,0.0,0.0,10,41.5,0.0,0,126.0,0.0,0.0,0.0,0.0,0.0,17
2023-05-10 14:56:49,MA312C2400,MA312C2400,126.0,0.0,0.0,0.0,1,48.0,0.0,0,126.0,0.0,0.0,0.0,0.0,0.0,17
2023-05-10 14:56:49,MA312C2400,MA312C2400,126.0,0.0,0.0,0.0,10,48.5,0.0,0,126.0,0.0,0.0,0.0,0.0,0.0,17
2023-05-10 14:56:50,MA312C2400,MA312C2400,126.0,0.0,0.0,0.0,1,55.0,0.0,0,126.0,0.0,0.0,0.0,0.0,0.0,17
2023-05-10 14:56:50,MA312C2400,MA312C2400,126.0,0.0,0.0,0.0,10,55.5,0.0,0,126.0,0.0,0.0,0.0,0.0,0.0,17
2023-05-10 14:56:51,MA312C2400,MA312C2400,126.0,0.0,0.0,0.0,1,62.0,0.0,0,126.0,0.0,0.0,0.0,0.0,0.0,17
2023-05-10 14:56:51,MA312C2400,MA312C2400,126.0,0.0,0.0,0.0,10,62.5,0.0,0,126.0,0.0,0.0,0.0,0.0,0.0,17
2023-05-10 14:56:52,MA312C2400,MA312C2400,126.0,0.0,0.0,0.0,1,66.0,0.0,0,126.0,0.0,0.0,0.0,0.0,0.0,17
2023-05-10 14:56:52,MA312C2400,MA312C2400,126.0,0.0,0.0,0.0,10,66.5,0.0,0,126.0,0.0,0.0,0.0,0.0,0.0,17
2023-05-10 14:56:53,MA312C2400,MA312C2400,126.0,0.0,0.0,0.0,1,70.0,0.0,0,126.0,0.0,0.0,0.0,0.0,0.0,17
2023-05-10 14:56:53,MA312C2400,MA312C2400,126.0,0.0,0.0,0.0,10,70.5,0.0,0,126.0,0.0,0.0,0.0,0.0,0.0,17
2023-05-10 14:56:54,MA312C2400,MA312C2400,126.0,0.0,0.0,0.0,1,71.0,0.0,0,126.0,0.0,0.0,0.0,0.0,0.0,17
2023-05-10 14:56:54,MA312C2400,MA312C2400,126.0,0.0,0.0,0.0,10,71.5,0.0,0,126.0,0.0,0.0,0.0,0.0,0.0,17
2023-05-10 14:56:55,MA312C2400,MA312C2400,126.0,0.0,0.0,0.0,1,72.0,0.0,0,126.0,0.0,0.0,0.0,0.0,0.0,17
2023-05-10 14:56:55,MA312C2400,MA312C2400,126.0,0.0,0.0,0.0,10,72.5,0.0,0,126.0,0.0,0.0,0.0,0.0,0.0,17
2023-05-10 14:56:56,MA312C2400,MA312C2400,126.0,0.0,0.0,0.0,1,73.0,0.0,0,126.0,0.0,0.0,0.0,0.0,0.0,17
2023-05-10 14:56:56,MA312C2400,MA312C2400,126.0,0.0,0.0,0.0,10,73.5,0.0,0,126.0,0.0,0.0,0.0,0.0,0.0,17
2023-05-10 14:56:57,MA312C2400,MA312C2400,126.0,0.0,0.0,0.0,1,74.0,0.0,0,126.0,0.0,0.0,0.0,0.0,0.0,17
2023-05-10 14:56:57,MA312C2400,MA312C2400,126.0,0.0,0.0,0.0,10,74.5,0.0,0,126.0,0.0,0.0,0.0,0.0,0.0,17
2023-05-10 14:56:58,MA312C2400,MA312C2400,126.0,0.0,0.0,0.0,1,75.0,0.0,0,126.0,0.0,0.0,0.0,0.0,0.0,17
2023-05-10 14:56:58,MA312C2400,MA312C2400,126.0,0.0,0.0,0.0,10,75.5,0.0,0,126.0,0.0,0.0,0.0,0.0,0.0,17
2023-05-10 14:56:58,MA312C2400,MA312C2400,126.0,0.0,0.0,0.0,1,75.0,0.0,0,126.0,0.0,0.0,0.0,0.0,0.0,17
2023-05-10 14:56:58,MA312C2400,MA312C2400,126.0,0.0,0.0,0.0,10,75.5,0.0,0,126.0,0.0,0.0,0.0,0.0,0.0,17
2023-05-10 14:59:03,MA312C2400,MA312C2400,126.0,0.0,0.0,0.0,1,20.0,0.0,0,126.0,0.0,0.0,0.0,0.0,0.0,17
2023-05-10 14:59:04,MA312C2400,MA312C2400,126.0,0.0,0.0,0.0,1,26.5,0.0,0,126.0,0.0,0.0,0.0,0.0,0.0,17
