time,symbol_id,symbol_name,last,trade_volume,trade_amount,open_interest_change,bv1,bp1,ap1,av1,yesterday_close,today_open,today_high,today_low,volume,amount,open_interest
2023-05-09 19:10:58,MA312C2600,MA312C2600,62.0,0.0,0.0,0.0,0,0.0,0.0,0,62.0,46.0,0.0,0.0,0.0,0.0,76
2023-05-09 20:59:00,MA312C2600,MA312C2600,62.0,0.0,0.0,0.0,19,18.0,200.0,1,62.0,46.0,0.0,0.0,0.0,0.0,76
2023-05-09 22:13:16,MA312C2600,MA312C2600,62.0,0.0,0.0,0.0,3,47.5,54.0,3,62.0,46.0,0.0,0.0,0.0,0.0,76
2023-05-09 22:13:17,MA312C2600,MA312C2600,62.0,0.0,0.0,0.0,6,47.5,54.0,6,62.0,46.0,0.0,0.0,0.0,0.0,76
2023-05-09 22:13:18,MA312C2600,MA312C2600,62.0,0.0,0.0,0.0,3,49.0,52.0,3,62.0,46.0,0.0,0.0,0.0,0.0,76
2023-05-09 22:13:20,MA312C2600,MA312C2600,62.0,0.0,0.0,0.0,3,49.5,51.5,3,62.0,46.0,0.0,0.0,0.0,0.0,76
2023-05-09 22:13:22,MA312C2600,MA312C2600,62.0,0.0,0.0,0.0,6,49.5,51.5,6,62.0,46.0,0.0,0.0,0.0,0.0,76
2023-05-09 22:13:23,MA312C2600,MA312C2600,62.0,0.0,0.0,0.0,9,49.5,51.5,9,62.0,46.0,0.0,0.0,0.0,0.0,76
2023-05-09 22:13:26,MA312C2600,MA312C2600,62.0,0.0,0.0,0.0,12,49.5,51.5,12,62.0,46.0,0.0,0.0,0.0,0.0,76
2023-05-09 22:13:27,MA312C2600,MA312C2600,62.0,0.0,0.0,0.0,15,49.5,51.5,15,62.0,46.0,0.0,0.0,0.0,0.0,76
2023-05-09 22:13:31,MA312C2600,MA312C2600,62.0,0.0,0.0,0.0,15,49.5,50.5,6,62.0,46.0,0.0,0.0,0.0,0.0,76
2023-05-09 22:13:31,MA312C2600,MA312C2600,62.0,0.0,0.0,0.0,21,49.5,50.0,6,62.0,46.0,0.0,0.0,0.0,0.0,76
2023-05-09 22:13:31,MA312C2600,MA312C2600,62.0,0.0,0.0,0.0,21,49.5,50.0,9,62.0,46.0,0.0,0.0,0.0,0.0,76
2023-05-09 22:13:32,MA312C2600,MA312C2600,62.0,0.0,0.0,0.0,21,49.5,50.0,12,62.0,46.0,0.0,0.0,0.0,0.0,76
2023-05-09 22:13:33,MA312C2600,MA312C2600,62.0,0.0,0.0,0.0,18,49.5,50.0,12,62.0,46.0,0.0,0.0,0.0,0.0,76
2023-05-09 22:13:38,MA312C2600,MA312C2600,62.0,0.0,0.0,0.0,15,49.5,50.0,9,62.0,46.0,0.0,0.0,0.0,0.0,76
2023-05-09 22:13:39,MA312C2600,MA312C2600,62.0,0.0,0.0,0.0,12,49.5,50.0,9,62.0,46.0,0.0,0.0,0.0,0.0,76
2023-05-09 22:13:39,MA312C2600,MA312C2600,62.0,0.0,0.0,0.0,9,49.5,50.0,6,62.0,46.0,0.0,0.0,0.0,0.0,76
2023-05-09 22:13:43,MA312C2600,MA312C2600,62.0,0.0,0.0,0.0,6,49.5,50.0,6,62.0,46.0,0.0,0.0,0.0,0.0,76
2023-05-09 22:13:43,MA312C2600,MA312C2600,62.0,0.0,0.0,0.0,3,49.5,50.0,3,62.0,46.0,0.0,0.0,0.0,0.0,76
2023-05-09 22:13:44,MA312C2600,MA312C2600,62.0,0.0,0.0,0.0,3,46.5,53.0,3,62.0,46.0,0.0,0.0,0.0,0.0,76
2023-05-09 22:13:45,MA312C2600,MA312C2600,62.0,0.0,0.0,0.0,19,18.0,200.0,1,62.0,46.0,0.0,0.0,0.0,0.0,76
2023-05-10 14:03:37,MA312C2600,MA312C2600,62.0,0.0,0.0,0.0,3,44.0,50.0,3,62.0,46.0,0.0,0.0,0.0,0.0,76
2023-05-10 14:03:38,MA312C2600,MA312C2600,62.0,0.0,0.0,0.0,6,44.0,50.0,6,62.0,46.0,0.0,0.0,0.0,0.0,76
2023-05-10 14:03:39,MA312C2600,MA312C2600,62.0,0.0,0.0,0.0,9,44.0,47.0,3,62.0,46.0,0.0,0.0,0.0,0.0,76
2023-05-10 14:03:43,MA312C2600,MA312C2600,62.0,0.0,0.0,0.0,12,44.0,47.0,6,62.0,46.0,0.0,0.0,0.0,0.0,76
2023-05-10 14:03:44,MA312C2600,MA312C2600,62.0,0.0,0.0,0.0,15,44.0,47.0,9,62.0,46.0,0.0,0.0,0.0,0.0,76
2023-05-10 14:03:47,MA312C2600,MA312C2600,62.0,0.0,0.0,0.0,18,44.0,47.0,12,62.0,46.0,0.0,0.0,0.0,0.0,76
2023-05-10 14:03:49,MA312C2600,MA312C2600,62.0,0.0,0.0,0.0,3,45.0,47.0,12,62.0,46.0,0.0,0.0,0.0,0.0,76
2023-05-10 14:03:49,MA312C2600,MA312C2600,62.0,0.0,0.0,0.0,12,45.0,47.0,15,62.0,46.0,0.0,0.0,0.0,0.0,76
2023-05-10 14:03:51,MA312C2600,MA312C2600,62.0,0.0,0.0,0.0,12,45.0,47.0,12,62.0,46.0,0.0,0.0,0.0,0.0,76
2023-05-10 14:03:52,MA312C2600,MA312C2600,62.0,0.0,0.0,0.0,12,45.0,45.5,6,62.0,46.0,0.0,0.0,0.0,0.0,76
2023-05-10 14:03:52,MA312C2600,MA312C2600,62.0,0.0,0.0,0.0,15,45.0,45.5,9,62.0,46.0,0.0,0.0,0.0,0.0,76
2023-05-10 14:03:53,MA312C2600,MA312C2600,62.0,0.0,0.0,0.0,18,45.0,45.5,9,62.0,46.0,0.0,0.0,0.0,0.0,76
2023-05-10 14:03:59,MA312C2600,MA312C2600,62.0,0.0,0.0,0.0,15,45.0,45.5,6,62.0,46.0,0.0,0.0,0.0,0.0,76
2023-05-10 14:04:00,MA312C2600,MA312C2600,62.0,0.0,0.0,0.0,12,45.0,45.5,6,62.0,46.0,0.0,0.0,0.0,0.0,76
2023-05-10 14:04:01,MA312C2600,MA312C2600,62.0,0.0,0.0,0.0,6,45.0,45.5,3,62.0,46.0,0.0,0.0,0.0,0.0,76
2023-05-10 14:04:04,MA312C2600,MA312C2600,62.0,0.0,0.0,0.0,3,45.0,46.0,3,62.0,46.0,0.0,0.0,0.0,0.0,76
2023-05-10 14:04:05,MA312C2600,MA312C2600,62.0,0.0,0.0,0.0,3,42.5,48.0,3,62.0,46.0,0.0,0.0,0.0,0.0,76
2023-05-10 14:04:07,MA312C2600,MA312C2600,62.0,0.0,0.0,0.0,19,18.0,200.0,1,62.0,46.0,0.0,0.0,0.0,0.0,76
2023-05-10 14:05:47,MA312C2600,MA312C2600,62.0,0.0,0.0,0.0,3,43.5,49.5,3,62.0,46.0,0.0,0.0,0.0,0.0,76
2023-05-10 14:05:48,MA312C2600,MA312C2600,62.0,0.0,0.0,0.0,6,43.5,49.5,6,62.0,46.0,0.0,0.0,0.0,0.0,76
2023-05-10 14:05:49,MA312C2600,MA312C2600,62.0,0.0,0.0,0.0,9,43.5,46.5,3,62.0,46.0,0.0,0.0,0.0,0.0,76
2023-05-10 14:05:53,MA312C2600,MA312C2600,62.0,0.0,0.0,0.0,12,43.5,46.5,6,62.0,46.0,0.0,0.0,0.0,0.0,76
2023-05-10 14:05:54,MA312C2600,MA312C2600,62.0,0.0,0.0,0.0,15,43.5,46.5,9,62.0,46.0,0.0,0.0,0.0,0.0,76
2023-05-10 14:05:57,MA312C2600,MA312C2600,62.0,0.0,0.0,0.0,18,43.5,46.5,12,62.0,46.0,0.0,0.0,0.0,0.0,76
2023-05-10 14:05:58,MA312C2600,MA312C2600,62.0,0.0,0.0,0.0,21,43.5,46.5,12,62.0,46.0,0.0,0.0,0.0,0.0,76
2023-05-10 14:05:59,MA312C2600,MA312C2600,62.0,0.0,0.0,0.0,3,44.5,46.5,12,62.0,46.0,0.0,0.0,0.0,0.0,76
2023-05-10 14:05:59,MA312C2600,MA312C2600,62.0,0.0,0.0,0.0,9,44.5,46.5,15,62.0,46.0,0.0,0.0,0.0,0.0,76
2023-05-10 14:06:01,MA312C2600,MA312C2600,62.0,0.0,0.0,0.0,9,44.5,46.5,12,62.0,46.0,0.0,0.0,0.0,0.0,76
2023-05-10 14:06:02,MA312C2600,MA312C2600,62.0,0.0,0.0,0.0,9,44.5,45.0,6,62.0,46.0,0.0,0.0,0.0,0.0,76
2023-05-10 14:06:02,MA312C2600,MA312C2600,62.0,0.0,0.0,0.0,12,44.5,45.0,9,62.0,46.0,0.0,0.0,0.0,0.0,76
2023-05-10 14:06:03,MA312C2600,MA312C2600,62.0,0.0,0.0,0.0,15,44.5,45.0,9,62.0,46.0,0.0,0.0,0.0,0.0,76
2023-05-10 14:06:09,MA312C2600,MA312C2600,62.0,0.0,0.0,0.0,12,44.5,45.0,6,62.0,46.0,0.0,0.0,0.0,0.0,76
2023-05-10 14:06:10,MA312C2600,MA312C2600,62.0,0.0,0.0,0.0,9,44.5,45.0,6,62.0,46.0,0.0,0.0,0.0,0.0,76
2023-05-10 14:06:11,MA312C2600,MA312C2600,62.0,0.0,0.0,0.0,6,44.5,45.0,3,62.0,46.0,0.0,0.0,0.0,0.0,76
2023-05-10 14:06:14,MA312C2600,MA312C2600,62.0,0.0,0.0,0.0,3,44.5,45.5,3,62.0,46.0,0.0,0.0,0.0,0.0,76
2023-05-10 14:06:15,MA312C2600,MA312C2600,62.0,0.0,0.0,0.0,3,42.0,47.5,3,62.0,46.0,0.0,0.0,0.0,0.0,76
2023-05-10 14:06:17,MA312C2600,MA312C2600,62.0,0.0,0.0,0.0,19,18.0,200.0,1,62.0,46.0,0.0,0.0,0.0,0.0,76
2023-05-10 14:49:05,MA312C2600,MA312C2600,62.0,0.0,0.0,0.0,3,43.5,49.5,3,62.0,46.0,0.0,0.0,0.0,0.0,76
2023-05-10 14:49:06,MA312C2600,MA312C2600,62.0,0.0,0.0,0.0,6,43.5,49.5,6,62.0,46.0,0.0,0.0,0.0,0.0,76
2023-05-10 14:49:07,MA312C2600,MA312C2600,62.0,0.0,0.0,0.0,3,44.5,47.5,3,62.0,46.0,0.0,0.0,0.0,0.0,76
2023-05-10 14:49:11,MA312C2600,MA312C2600,62.0,0.0,0.0,0.0,6,44.5,47.5,6,62.0,46.0,0.0,0.0,0.0,0.0,76
2023-05-10 14:49:12,MA312C2600,MA312C2600,62.0,0.0,0.0,0.0,9,44.5,47.5,9,62.0,46.0,0.0,0.0,0.0,0.0,76
2023-05-10 14:49:15,MA312C2600,MA312C2600,62.0,0.0,0.0,0.0,12,44.5,47.5,12,62.0,46.0,0.0,0.0,0.0,0.0,76
2023-05-10 14:49:16,MA312C2600,MA312C2600,62.0,0.0,0.0,0.0,12,44.5,47.5,15,62.0,46.0,0.0,0.0,0.0,0.0,76
2023-05-10 14:49:16,MA312C2600,MA312C2600,62.0,0.0,0.0,0.0,6,46.0,47.5,15,62.0,46.0,0.0,0.0,0.0,0.0,76
2023-05-10 14:49:16,MA312C2600,MA312C2600,62.0,0.0,0.0,0.0,9,46.0,47.5,15,62.0,46.0,0.0,0.0,0.0,0.0,76
2023-05-10 14:49:19,MA312C2600,MA312C2600,62.0,0.0,0.0,0.0,9,46.0,47.5,12,62.0,46.0,0.0,0.0,0.0,0.0,76
2023-05-10 14:49:20,MA312C2600,MA312C2600,46.0,3.0,138.0,3.0,6,46.0,46.5,6,62.0,46.0,46.0,46.0,3.0,138.0,79
2023-05-10 14:49:20,MA312C2600,MA312C2600,46.0,0.0,0.0,0.0,9,46.0,46.5,12,62.0,46.0,46.0,46.0,3.0,138.0,79
2023-05-10 14:49:27,MA312C2600,MA312C2600,46.0,0.0,0.0,0.0,6,46.0,46.5,9,62.0,46.0,46.0,46.0,3.0,138.0,79
2023-05-10 14:49:29,MA312C2600,MA312C2600,46.0,0.0,0.0,0.0,3,46.0,46.5,6,62.0,46.0,46.0,46.0,3.0,138.0,79
2023-05-10 14:49:32,MA312C2600,MA312C2600,46.0,0.0,0.0,0.0,3,46.0,46.5,3,62.0,46.0,46.0,46.0,3.0,138.0,79
2023-05-10 14:49:32,MA312C2600,MA312C2600,46.0,0.0,0.0,0.0,3,43.5,49.0,3,62.0,46.0,46.0,46.0,3.0,138.0,79
2023-05-10 14:49:35,MA312C2600,MA312C2600,46.0,0.0,0.0,0.0,19,18.0,200.0,1,62.0,46.0,46.0,46.0,3.0,138.0,79
2023-05-10 14:58:19,MA312C2600,MA312C2600,46.0,0.0,0.0,0.0,1,7.0,200.0,1,62.0,46.0,46.0,46.0,3.0,138.0,79
2023-05-10 14:58:19,MA312C2600,MA312C2600,46.0,0.0,0.0,0.0,1,7.5,200.0,1,62.0,46.0,46.0,46.0,3.0,138.0,79
2023-05-10 14:58:48,MA312C2600,MA312C2600,46.0,0.0,0.0,0.0,1,7.5,199.5,1,62.0,46.0,46.0,46.0,3.0,138.0,79
2023-05-10 14:58:48,MA312C2600,MA312C2600,46.0,0.0,0.0,0.0,1,7.5,199.5,1,62.0,46.0,46.0,46.0,3.0,138.0,79
