time,symbol_id,symbol_name,last,trade_volume,trade_amount,open_interest_change,bv1,bp1,ap1,av1,yesterday_close,today_open,today_high,today_low,volume,amount,open_interest
2023-05-09 19:10:58,MA311P2275,甲醇2311沽2275,90.0,0.0,0.0,-3.0,0,0.0,0.0,0,90.0,103.5,0.0,0.0,0.0,0.0,113
2023-05-09 20:59:00,MA311P2275,甲醇2311沽2275,90.0,0.0,0.0,0.0,19,26.0,0.0,0,90.0,103.5,0.0,0.0,0.0,0.0,113
2023-05-09 21:01:26,MA311P2275,甲醇2311沽2275,90.0,0.0,0.0,0.0,2,26.5,0.0,0,90.0,103.5,0.0,0.0,0.0,0.0,113
2023-05-09 21:01:26,MA311P2275,甲醇2311沽2275,90.0,0.0,0.0,0.0,6,27.5,0.0,0,90.0,103.5,0.0,0.0,0.0,0.0,113
2023-05-09 21:01:40,MA311P2275,甲醇2311沽2275,90.0,0.0,0.0,0.0,1,28.0,0.0,0,90.0,103.5,0.0,0.0,0.0,0.0,113
2023-05-09 21:01:40,MA311P2275,甲醇2311沽2275,90.0,0.0,0.0,0.0,6,29.0,0.0,0,90.0,103.5,0.0,0.0,0.0,0.0,113
2023-05-09 21:01:44,MA311P2275,甲醇2311沽2275,90.0,0.0,0.0,0.0,2,29.5,0.0,0,90.0,103.5,0.0,0.0,0.0,0.0,113
2023-05-09 21:01:44,MA311P2275,甲醇2311沽2275,90.0,0.0,0.0,0.0,6,30.5,0.0,0,90.0,103.5,0.0,0.0,0.0,0.0,113
2023-05-09 21:01:45,MA311P2275,甲醇2311沽2275,90.0,0.0,0.0,0.0,2,31.0,0.0,0,90.0,103.5,0.0,0.0,0.0,0.0,113
2023-05-09 21:01:45,MA311P2275,甲醇2311沽2275,90.0,0.0,0.0,0.0,6,32.0,0.0,0,90.0,103.5,0.0,0.0,0.0,0.0,113
2023-05-09 21:01:47,MA311P2275,甲醇2311沽2275,90.0,0.0,0.0,0.0,2,32.5,0.0,0,90.0,103.5,0.0,0.0,0.0,0.0,113
2023-05-09 21:01:47,MA311P2275,甲醇2311沽2275,90.0,0.0,0.0,0.0,6,33.5,0.0,0,90.0,103.5,0.0,0.0,0.0,0.0,113
2023-05-09 21:01:49,MA311P2275,甲醇2311沽2275,90.0,0.0,0.0,0.0,2,34.0,0.0,0,90.0,103.5,0.0,0.0,0.0,0.0,113
2023-05-09 21:01:50,MA311P2275,甲醇2311沽2275,90.0,0.0,0.0,0.0,6,35.0,0.0,0,90.0,103.5,0.0,0.0,0.0,0.0,113
2023-05-09 21:01:51,MA311P2275,甲醇2311沽2275,90.0,0.0,0.0,0.0,2,35.5,0.0,0,90.0,103.5,0.0,0.0,0.0,0.0,113
2023-05-09 21:01:51,MA311P2275,甲醇2311沽2275,90.0,0.0,0.0,0.0,6,36.5,0.0,0,90.0,103.5,0.0,0.0,0.0,0.0,113
2023-05-09 21:01:52,MA311P2275,甲醇2311沽2275,90.0,0.0,0.0,0.0,2,37.0,0.0,0,90.0,103.5,0.0,0.0,0.0,0.0,113
2023-05-09 21:01:52,MA311P2275,甲醇2311沽2275,90.0,0.0,0.0,0.0,6,38.0,0.0,0,90.0,103.5,0.0,0.0,0.0,0.0,113
2023-05-09 21:01:53,MA311P2275,甲醇2311沽2275,90.0,0.0,0.0,0.0,2,38.5,0.0,0,90.0,103.5,0.0,0.0,0.0,0.0,113
2023-05-09 21:01:54,MA311P2275,甲醇2311沽2275,90.0,0.0,0.0,0.0,6,39.5,0.0,0,90.0,103.5,0.0,0.0,0.0,0.0,113
2023-05-09 21:01:55,MA311P2275,甲醇2311沽2275,90.0,0.0,0.0,0.0,2,40.0,0.0,0,90.0,103.5,0.0,0.0,0.0,0.0,113
2023-05-09 21:01:56,MA311P2275,甲醇2311沽2275,90.0,0.0,0.0,0.0,6,41.0,0.0,0,90.0,103.5,0.0,0.0,0.0,0.0,113
2023-05-09 21:14:34,MA311P2275,甲醇2311沽2275,90.0,0.0,0.0,0.0,2,45.0,0.0,0,90.0,103.5,0.0,0.0,0.0,0.0,113
2023-05-09 21:14:34,MA311P2275,甲醇2311沽2275,90.0,0.0,0.0,0.0,6,46.0,0.0,0,90.0,103.5,0.0,0.0,0.0,0.0,113
2023-05-09 21:14:35,MA311P2275,甲醇2311沽2275,90.0,0.0,0.0,0.0,2,46.5,0.0,0,90.0,103.5,0.0,0.0,0.0,0.0,113
2023-05-09 21:15:17,MA311P2275,甲醇2311沽2275,90.0,0.0,0.0,0.0,1,28.0,0.0,0,90.0,103.5,0.0,0.0,0.0,0.0,113
2023-05-09 21:15:18,MA311P2275,甲醇2311沽2275,90.0,0.0,0.0,0.0,6,29.0,0.0,0,90.0,103.5,0.0,0.0,0.0,0.0,113
2023-05-09 21:15:18,MA311P2275,甲醇2311沽2275,90.0,0.0,0.0,0.0,2,29.5,0.0,0,90.0,103.5,0.0,0.0,0.0,0.0,113
2023-05-09 21:15:19,MA311P2275,甲醇2311沽2275,90.0,0.0,0.0,0.0,6,30.5,0.0,0,90.0,103.5,0.0,0.0,0.0,0.0,113
2023-05-09 21:15:19,MA311P2275,甲醇2311沽2275,90.0,0.0,0.0,0.0,2,31.0,0.0,0,90.0,103.5,0.0,0.0,0.0,0.0,113
2023-05-09 21:15:20,MA311P2275,甲醇2311沽2275,90.0,0.0,0.0,0.0,6,32.0,0.0,0,90.0,103.5,0.0,0.0,0.0,0.0,113
2023-05-09 21:15:20,MA311P2275,甲醇2311沽2275,90.0,0.0,0.0,0.0,2,32.5,0.0,0,90.0,103.5,0.0,0.0,0.0,0.0,113
2023-05-09 21:15:21,MA311P2275,甲醇2311沽2275,90.0,0.0,0.0,0.0,6,33.5,0.0,0,90.0,103.5,0.0,0.0,0.0,0.0,113
2023-05-09 21:15:21,MA311P2275,甲醇2311沽2275,90.0,0.0,0.0,0.0,2,34.0,0.0,0,90.0,103.5,0.0,0.0,0.0,0.0,113
2023-05-09 21:15:22,MA311P2275,甲醇2311沽2275,90.0,0.0,0.0,0.0,6,35.0,0.0,0,90.0,103.5,0.0,0.0,0.0,0.0,113
2023-05-09 21:15:23,MA311P2275,甲醇2311沽2275,90.0,0.0,0.0,0.0,2,35.5,0.0,0,90.0,103.5,0.0,0.0,0.0,0.0,113
2023-05-09 21:15:23,MA311P2275,甲醇2311沽2275,90.0,0.0,0.0,0.0,6,36.5,0.0,0,90.0,103.5,0.0,0.0,0.0,0.0,113
2023-05-09 21:15:24,MA311P2275,甲醇2311沽2275,90.0,0.0,0.0,0.0,2,37.0,0.0,0,90.0,103.5,0.0,0.0,0.0,0.0,113
2023-05-09 21:15:24,MA311P2275,甲醇2311沽2275,90.0,0.0,0.0,0.0,6,38.0,0.0,0,90.0,103.5,0.0,0.0,0.0,0.0,113
2023-05-09 21:15:25,MA311P2275,甲醇2311沽2275,90.0,0.0,0.0,0.0,2,38.5,0.0,0,90.0,103.5,0.0,0.0,0.0,0.0,113
2023-05-09 21:15:25,MA311P2275,甲醇2311沽2275,90.0,0.0,0.0,0.0,6,39.5,0.0,0,90.0,103.5,0.0,0.0,0.0,0.0,113
2023-05-09 21:15:26,MA311P2275,甲醇2311沽2275,90.0,0.0,0.0,0.0,2,40.0,0.0,0,90.0,103.5,0.0,0.0,0.0,0.0,113
2023-05-09 21:15:26,MA311P2275,甲醇2311沽2275,90.0,0.0,0.0,0.0,6,41.0,0.0,0,90.0,103.5,0.0,0.0,0.0,0.0,113
2023-05-09 21:32:12,MA311P2275,甲醇2311沽2275,90.0,0.0,0.0,0.0,1,41.5,0.0,0,90.0,103.5,0.0,0.0,0.0,0.0,113
2023-05-09 21:32:13,MA311P2275,甲醇2311沽2275,90.0,0.0,0.0,0.0,6,42.5,0.0,0,90.0,103.5,0.0,0.0,0.0,0.0,113
2023-05-09 22:00:07,MA311P2275,甲醇2311沽2275,90.0,0.0,0.0,0.0,2,43.0,0.0,0,90.0,103.5,0.0,0.0,0.0,0.0,113
2023-05-09 22:00:08,MA311P2275,甲醇2311沽2275,90.0,0.0,0.0,0.0,6,44.0,0.0,0,90.0,103.5,0.0,0.0,0.0,0.0,113
2023-05-09 22:00:08,MA311P2275,甲醇2311沽2275,90.0,0.0,0.0,0.0,2,44.5,0.0,0,90.0,103.5,0.0,0.0,0.0,0.0,113
2023-05-09 22:00:09,MA311P2275,甲醇2311沽2275,90.0,0.0,0.0,0.0,6,45.5,0.0,0,90.0,103.5,0.0,0.0,0.0,0.0,113
2023-05-09 22:00:09,MA311P2275,甲醇2311沽2275,90.0,0.0,0.0,0.0,2,46.0,0.0,0,90.0,103.5,0.0,0.0,0.0,0.0,113
2023-05-09 22:02:53,MA311P2275,甲醇2311沽2275,90.0,0.0,0.0,0.0,1,41.5,0.0,0,90.0,103.5,0.0,0.0,0.0,0.0,113
2023-05-09 22:02:53,MA311P2275,甲醇2311沽2275,90.0,0.0,0.0,0.0,6,42.5,0.0,0,90.0,103.5,0.0,0.0,0.0,0.0,113
2023-05-09 22:03:31,MA311P2275,甲醇2311沽2275,90.0,0.0,0.0,0.0,2,43.0,0.0,0,90.0,103.5,0.0,0.0,0.0,0.0,113
2023-05-09 22:03:31,MA311P2275,甲醇2311沽2275,90.0,0.0,0.0,0.0,6,44.0,0.0,0,90.0,103.5,0.0,0.0,0.0,0.0,113
2023-05-09 22:03:32,MA311P2275,甲醇2311沽2275,90.0,0.0,0.0,0.0,2,44.5,0.0,0,90.0,103.5,0.0,0.0,0.0,0.0,113
2023-05-09 22:03:32,MA311P2275,甲醇2311沽2275,90.0,0.0,0.0,0.0,6,45.5,0.0,0,90.0,103.5,0.0,0.0,0.0,0.0,113
2023-05-09 22:03:33,MA311P2275,甲醇2311沽2275,90.0,0.0,0.0,0.0,2,46.0,0.0,0,90.0,103.5,0.0,0.0,0.0,0.0,113
2023-05-09 22:04:01,MA311P2275,甲醇2311沽2275,90.0,0.0,0.0,0.0,1,41.5,0.0,0,90.0,103.5,0.0,0.0,0.0,0.0,113
2023-05-09 22:04:01,MA311P2275,甲醇2311沽2275,90.0,0.0,0.0,0.0,6,42.5,0.0,0,90.0,103.5,0.0,0.0,0.0,0.0,113
2023-05-09 22:04:34,MA311P2275,甲醇2311沽2275,90.0,0.0,0.0,0.0,2,43.0,0.0,0,90.0,103.5,0.0,0.0,0.0,0.0,113
2023-05-09 22:04:34,MA311P2275,甲醇2311沽2275,90.0,0.0,0.0,0.0,6,44.0,0.0,0,90.0,103.5,0.0,0.0,0.0,0.0,113
2023-05-09 22:04:35,MA311P2275,甲醇2311沽2275,90.0,0.0,0.0,0.0,2,44.5,0.0,0,90.0,103.5,0.0,0.0,0.0,0.0,113
2023-05-09 22:04:35,MA311P2275,甲醇2311沽2275,90.0,0.0,0.0,0.0,6,45.5,0.0,0,90.0,103.5,0.0,0.0,0.0,0.0,113
2023-05-09 22:04:36,MA311P2275,甲醇2311沽2275,90.0,0.0,0.0,0.0,2,46.0,0.0,0,90.0,103.5,0.0,0.0,0.0,0.0,113
2023-05-09 22:06:37,MA311P2275,甲醇2311沽2275,90.0,0.0,0.0,0.0,1,41.5,0.0,0,90.0,103.5,0.0,0.0,0.0,0.0,113
2023-05-09 22:06:37,MA311P2275,甲醇2311沽2275,90.0,0.0,0.0,0.0,6,42.5,0.0,0,90.0,103.5,0.0,0.0,0.0,0.0,113
2023-05-09 22:06:47,MA311P2275,甲醇2311沽2275,90.0,0.0,0.0,0.0,2,43.0,0.0,0,90.0,103.5,0.0,0.0,0.0,0.0,113
2023-05-09 22:06:48,MA311P2275,甲醇2311沽2275,90.0,0.0,0.0,0.0,6,44.0,0.0,0,90.0,103.5,0.0,0.0,0.0,0.0,113
2023-05-09 22:06:49,MA311P2275,甲醇2311沽2275,90.0,0.0,0.0,0.0,2,44.5,0.0,0,90.0,103.5,0.0,0.0,0.0,0.0,113
2023-05-09 22:06:49,MA311P2275,甲醇2311沽2275,90.0,0.0,0.0,0.0,6,45.5,0.0,0,90.0,103.5,0.0,0.0,0.0,0.0,113
2023-05-09 22:06:50,MA311P2275,甲醇2311沽2275,90.0,0.0,0.0,0.0,2,46.0,0.0,0,90.0,103.5,0.0,0.0,0.0,0.0,113
2023-05-09 22:11:51,MA311P2275,甲醇2311沽2275,90.0,0.0,0.0,0.0,3,98.0,109.5,3,90.0,103.5,0.0,0.0,0.0,0.0,113
2023-05-09 22:11:52,MA311P2275,甲醇2311沽2275,90.0,0.0,0.0,0.0,6,98.0,109.5,6,90.0,103.5,0.0,0.0,0.0,0.0,113
2023-05-09 22:11:53,MA311P2275,甲醇2311沽2275,90.0,0.0,0.0,0.0,3,99.5,102.5,3,90.0,103.5,0.0,0.0,0.0,0.0,113
2023-05-09 22:11:56,MA311P2275,甲醇2311沽2275,90.0,0.0,0.0,0.0,3,100.0,102.0,3,90.0,103.5,0.0,0.0,0.0,0.0,113
2023-05-09 22:11:57,MA311P2275,甲醇2311沽2275,90.0,0.0,0.0,0.0,6,100.0,102.0,6,90.0,103.5,0.0,0.0,0.0,0.0,113
2023-05-09 22:12:01,MA311P2275,甲醇2311沽2275,90.0,0.0,0.0,0.0,9,100.0,102.0,9,90.0,103.5,0.0,0.0,0.0,0.0,113
2023-05-09 22:12:05,MA311P2275,甲醇2311沽2275,90.0,0.0,0.0,0.0,12,100.0,102.0,12,90.0,103.5,0.0,0.0,0.0,0.0,113
2023-05-09 22:12:06,MA311P2275,甲醇2311沽2275,90.0,0.0,0.0,0.0,6,101.0,102.0,9,90.0,103.5,0.0,0.0,0.0,0.0,113
2023-05-09 22:12:06,MA311P2275,甲醇2311沽2275,90.0,0.0,0.0,0.0,15,101.0,101.5,6,90.0,103.5,0.0,0.0,0.0,0.0,113
2023-05-09 22:12:07,MA311P2275,甲醇2311沽2275,90.0,0.0,0.0,0.0,15,101.0,101.5,12,90.0,103.5,0.0,0.0,0.0,0.0,113
2023-05-09 22:12:08,MA311P2275,甲醇2311沽2275,90.0,0.0,0.0,0.0,18,101.0,101.5,12,90.0,103.5,0.0,0.0,0.0,0.0,113
2023-05-09 22:12:13,MA311P2275,甲醇2311沽2275,90.0,0.0,0.0,0.0,15,101.0,101.5,9,90.0,103.5,0.0,0.0,0.0,0.0,113
2023-05-09 22:12:15,MA311P2275,甲醇2311沽2275,90.0,0.0,0.0,0.0,12,101.0,101.5,6,90.0,103.5,0.0,0.0,0.0,0.0,113
2023-05-09 22:12:18,MA311P2275,甲醇2311沽2275,90.0,0.0,0.0,0.0,6,101.0,101.5,3,90.0,103.5,0.0,0.0,0.0,0.0,113
2023-05-09 22:12:18,MA311P2275,甲醇2311沽2275,90.0,0.0,0.0,0.0,3,101.0,101.5,3,90.0,103.5,0.0,0.0,0.0,0.0,113
2023-05-09 22:12:19,MA311P2275,甲醇2311沽2275,90.0,0.0,0.0,0.0,3,96.0,106.5,3,90.0,103.5,0.0,0.0,0.0,0.0,113
2023-05-09 22:12:21,MA311P2275,甲醇2311沽2275,90.0,0.0,0.0,0.0,1,41.5,0.0,0,90.0,103.5,0.0,0.0,0.0,0.0,113
2023-05-09 22:12:21,MA311P2275,甲醇2311沽2275,90.0,0.0,0.0,0.0,6,42.5,0.0,0,90.0,103.5,0.0,0.0,0.0,0.0,113
2023-05-09 22:12:23,MA311P2275,甲醇2311沽2275,90.0,0.0,0.0,0.0,2,43.0,0.0,0,90.0,103.5,0.0,0.0,0.0,0.0,113
2023-05-09 22:12:23,MA311P2275,甲醇2311沽2275,90.0,0.0,0.0,0.0,6,44.0,0.0,0,90.0,103.5,0.0,0.0,0.0,0.0,113
2023-05-09 22:12:24,MA311P2275,甲醇2311沽2275,90.0,0.0,0.0,0.0,2,52.0,0.0,0,90.0,103.5,0.0,0.0,0.0,0.0,113
2023-05-09 22:35:45,MA311P2275,甲醇2311沽2275,90.0,0.0,0.0,0.0,3,101.0,113.0,3,90.0,103.5,0.0,0.0,0.0,0.0,113
2023-05-09 22:35:46,MA311P2275,甲醇2311沽2275,90.0,0.0,0.0,0.0,6,101.0,113.0,6,90.0,103.5,0.0,0.0,0.0,0.0,113
2023-05-09 22:35:47,MA311P2275,甲醇2311沽2275,90.0,0.0,0.0,0.0,3,102.5,105.5,3,90.0,103.5,0.0,0.0,0.0,0.0,113
2023-05-09 22:35:51,MA311P2275,甲醇2311沽2275,90.0,0.0,0.0,0.0,3,103.0,105.0,3,90.0,103.5,0.0,0.0,0.0,0.0,113
2023-05-09 22:35:51,MA311P2275,甲醇2311沽2275,90.0,0.0,0.0,0.0,6,103.0,105.0,6,90.0,103.5,0.0,0.0,0.0,0.0,113
2023-05-09 22:35:52,MA311P2275,甲醇2311沽2275,90.0,0.0,0.0,0.0,9,103.0,105.0,9,90.0,103.5,0.0,0.0,0.0,0.0,113
2023-05-09 22:35:55,MA311P2275,甲醇2311沽2275,90.0,0.0,0.0,0.0,12,103.0,105.0,12,90.0,103.5,0.0,0.0,0.0,0.0,113
2023-05-09 22:35:59,MA311P2275,甲醇2311沽2275,90.0,0.0,0.0,0.0,15,103.0,105.0,15,90.0,103.5,0.0,0.0,0.0,0.0,113
2023-05-09 22:36:00,MA311P2275,甲醇2311沽2275,103.5,3.0,310.5,3.0,18,103.0,103.5,3,90.0,103.5,103.5,103.5,3.0,310.5,116
2023-05-09 22:36:01,MA311P2275,甲醇2311沽2275,103.5,0.0,0.0,0.0,21,103.0,103.5,9,90.0,103.5,103.5,103.5,3.0,310.5,116
2023-05-09 22:36:01,MA311P2275,甲醇2311沽2275,103.5,0.0,0.0,0.0,21,103.0,103.5,12,90.0,103.5,103.5,103.5,3.0,310.5,116
2023-05-09 22:36:02,MA311P2275,甲醇2311沽2275,103.5,0.0,0.0,0.0,18,103.0,103.5,12,90.0,103.5,103.5,103.5,3.0,310.5,116
2023-05-09 22:36:07,MA311P2275,甲醇2311沽2275,103.5,0.0,0.0,0.0,15,103.0,103.5,9,90.0,103.5,103.5,103.5,3.0,310.5,116
2023-05-09 22:36:09,MA311P2275,甲醇2311沽2275,103.5,0.0,0.0,0.0,12,103.0,103.5,6,90.0,103.5,103.5,103.5,3.0,310.5,116
2023-05-09 22:36:11,MA311P2275,甲醇2311沽2275,103.5,0.0,0.0,0.0,9,103.0,103.5,6,90.0,103.5,103.5,103.5,3.0,310.5,116
2023-05-09 22:36:12,MA311P2275,甲醇2311沽2275,103.5,0.0,0.0,0.0,6,103.0,103.5,3,90.0,103.5,103.5,103.5,3.0,310.5,116
2023-05-09 22:36:12,MA311P2275,甲醇2311沽2275,103.5,0.0,0.0,0.0,3,103.0,109.0,3,90.0,103.5,103.5,103.5,3.0,310.5,116
2023-05-09 22:36:15,MA311P2275,甲醇2311沽2275,103.5,0.0,0.0,0.0,3,103.0,0.0,0,90.0,103.5,103.5,103.5,3.0,310.5,116
2023-05-09 22:36:32,MA311P2275,甲醇2311沽2275,103.5,0.0,0.0,0.0,1,41.5,0.0,0,90.0,103.5,103.5,103.5,3.0,310.5,116
2023-05-09 22:36:33,MA311P2275,甲醇2311沽2275,103.5,0.0,0.0,0.0,2,49.5,0.0,0,90.0,103.5,103.5,103.5,3.0,310.5,116
2023-05-09 22:36:33,MA311P2275,甲醇2311沽2275,103.5,0.0,0.0,0.0,6,50.5,0.0,0,90.0,103.5,103.5,103.5,3.0,310.5,116
2023-05-09 22:36:34,MA311P2275,甲醇2311沽2275,103.5,0.0,0.0,0.0,2,58.5,0.0,0,90.0,103.5,103.5,103.5,3.0,310.5,116
2023-05-09 22:36:45,MA311P2275,甲醇2311沽2275,103.5,0.0,0.0,0.0,1,59.0,0.0,0,90.0,103.5,103.5,103.5,3.0,310.5,116
2023-05-09 22:36:46,MA311P2275,甲醇2311沽2275,103.5,0.0,0.0,0.0,2,63.0,0.0,0,90.0,103.5,103.5,103.5,3.0,310.5,116
2023-05-09 22:36:56,MA311P2275,甲醇2311沽2275,103.5,0.0,0.0,0.0,1,63.5,0.0,0,90.0,103.5,103.5,103.5,3.0,310.5,116
2023-05-09 22:36:57,MA311P2275,甲醇2311沽2275,103.5,0.0,0.0,0.0,2,64.0,0.0,0,90.0,103.5,103.5,103.5,3.0,310.5,116
2023-05-09 22:42:19,MA311P2275,甲醇2311沽2275,103.5,0.0,0.0,0.0,3,96.0,107.0,3,90.0,103.5,103.5,103.5,3.0,310.5,116
2023-05-09 22:42:20,MA311P2275,甲醇2311沽2275,103.5,0.0,0.0,0.0,6,96.0,107.0,6,90.0,103.5,103.5,103.5,3.0,310.5,116
2023-05-09 22:42:21,MA311P2275,甲醇2311沽2275,103.5,0.0,0.0,0.0,3,102.5,105.5,3,90.0,103.5,103.5,103.5,3.0,310.5,116
2023-05-09 22:42:25,MA311P2275,甲醇2311沽2275,103.5,0.0,0.0,0.0,3,103.0,105.0,3,90.0,103.5,103.5,103.5,3.0,310.5,116
2023-05-09 22:42:25,MA311P2275,甲醇2311沽2275,103.5,0.0,0.0,0.0,3,103.0,103.5,4,90.0,103.5,103.5,103.5,3.0,310.5,116
2023-05-09 22:42:26,MA311P2275,甲醇2311沽2275,103.5,0.0,0.0,0.0,6,103.0,103.5,7,90.0,103.5,103.5,103.5,3.0,310.5,116
2023-05-09 22:42:26,MA311P2275,甲醇2311沽2275,103.5,0.0,0.0,0.0,9,103.0,103.5,10,90.0,103.5,103.5,103.5,3.0,310.5,116
2023-05-09 22:42:28,MA311P2275,甲醇2311沽2275,103.5,9.0,931.5,9.0,3,103.5,105.5,3,90.0,103.5,103.5,103.5,12.0,1242.0,125
2023-05-09 22:42:30,MA311P2275,甲醇2311沽2275,103.5,0.0,0.0,0.0,1,105.0,105.5,3,90.0,103.5,103.5,103.5,12.0,1242.0,125
2023-05-09 22:42:33,MA311P2275,甲醇2311沽2275,103.5,0.0,0.0,0.0,1,105.0,106.0,3,90.0,103.5,103.5,103.5,12.0,1242.0,125
2023-05-09 22:42:33,MA311P2275,甲醇2311沽2275,103.5,0.0,0.0,0.0,4,105.0,106.0,3,90.0,103.5,103.5,103.5,12.0,1242.0,125
2023-05-09 22:42:34,MA311P2275,甲醇2311沽2275,103.5,0.0,0.0,0.0,4,105.0,105.5,3,90.0,103.5,103.5,103.5,12.0,1242.0,125
2023-05-09 22:42:34,MA311P2275,甲醇2311沽2275,103.5,0.0,0.0,0.0,4,105.0,106.0,9,90.0,103.5,103.5,103.5,12.0,1242.0,125
2023-05-09 22:42:35,MA311P2275,甲醇2311沽2275,103.5,0.0,0.0,0.0,4,105.0,105.5,3,90.0,103.5,103.5,103.5,12.0,1242.0,125
2023-05-09 22:42:35,MA311P2275,甲醇2311沽2275,103.5,0.0,0.0,0.0,4,105.0,106.0,9,90.0,103.5,103.5,103.5,12.0,1242.0,125
2023-05-09 22:42:36,MA311P2275,甲醇2311沽2275,103.5,0.0,0.0,0.0,4,105.0,105.5,6,90.0,103.5,103.5,103.5,12.0,1242.0,125
2023-05-09 22:42:36,MA311P2275,甲醇2311沽2275,103.5,0.0,0.0,0.0,4,105.0,105.5,9,90.0,103.5,103.5,103.5,12.0,1242.0,125
2023-05-09 22:42:37,MA311P2275,甲醇2311沽2275,104.5,9.0,942.0,-3.0,3,104.5,105.5,6,90.0,103.5,105.0,103.5,21.0,2184.0,122
2023-05-09 22:42:37,MA311P2275,甲醇2311沽2275,104.5,0.0,0.0,0.0,6,103.5,105.0,3,90.0,103.5,105.0,103.5,21.0,2184.0,122
2023-05-09 22:42:38,MA311P2275,甲醇2311沽2275,104.5,0.0,0.0,0.0,3,103.5,105.0,3,90.0,103.5,105.0,103.5,21.0,2184.0,122
2023-05-09 22:43:25,MA311P2275,甲醇2311沽2275,103.5,3.0,312.0,-3.0,1,63.5,105.0,3,90.0,103.5,105.0,103.5,24.0,2496.0,119
2023-05-09 22:43:26,MA311P2275,甲醇2311沽2275,103.5,0.0,0.0,0.0,2,71.5,105.0,3,90.0,103.5,105.0,103.5,24.0,2496.0,119
2023-05-09 22:43:26,MA311P2275,甲醇2311沽2275,103.5,0.0,0.0,0.0,1,72.0,105.0,3,90.0,103.5,105.0,103.5,24.0,2496.0,119
2023-05-09 22:43:27,MA311P2275,甲醇2311沽2275,103.5,0.0,0.0,0.0,2,80.0,0.0,0,90.0,103.5,105.0,103.5,24.0,2496.0,119
2023-05-09 22:43:31,MA311P2275,甲醇2311沽2275,103.5,0.0,0.0,0.0,1,72.0,0.0,0,90.0,103.5,105.0,103.5,24.0,2496.0,119
2023-05-09 22:43:32,MA311P2275,甲醇2311沽2275,103.5,0.0,0.0,0.0,2,76.0,0.0,0,90.0,103.5,105.0,103.5,24.0,2496.0,119
2023-05-09 22:43:34,MA311P2275,甲醇2311沽2275,103.5,0.0,0.0,0.0,3,95.5,106.5,3,90.0,103.5,105.0,103.5,24.0,2496.0,119
2023-05-09 22:43:35,MA311P2275,甲醇2311沽2275,103.5,0.0,0.0,0.0,6,95.5,106.5,6,90.0,103.5,105.0,103.5,24.0,2496.0,119
2023-05-09 22:43:36,MA311P2275,甲醇2311沽2275,103.5,0.0,0.0,0.0,3,102.5,105.5,3,90.0,103.5,105.0,103.5,24.0,2496.0,119
2023-05-09 22:43:38,MA311P2275,甲醇2311沽2275,103.5,0.0,0.0,0.0,1,105.0,105.5,3,90.0,103.5,105.0,103.5,24.0,2496.0,119
2023-05-09 22:43:39,MA311P2275,甲醇2311沽2275,103.5,0.0,0.0,0.0,4,105.0,105.5,6,90.0,103.5,105.0,103.5,24.0,2496.0,119
2023-05-09 22:43:41,MA311P2275,甲醇2311沽2275,105.0,3.0,312.0,-3.0,3,103.0,105.0,3,90.0,103.5,105.0,103.5,27.0,2808.0,116
2023-05-09 22:43:48,MA311P2275,甲醇2311沽2275,105.0,0.0,0.0,0.0,6,103.0,105.0,6,90.0,103.5,105.0,103.5,27.0,2808.0,116
2023-05-09 22:43:48,MA311P2275,甲醇2311沽2275,105.0,0.0,0.0,0.0,9,103.0,105.0,9,90.0,103.5,105.0,103.5,27.0,2808.0,116
2023-05-09 22:43:49,MA311P2275,甲醇2311沽2275,105.0,0.0,0.0,0.0,9,103.0,103.5,3,90.0,103.5,105.0,103.5,27.0,2808.0,116
2023-05-09 22:43:49,MA311P2275,甲醇2311沽2275,105.0,0.0,0.0,0.0,9,103.0,104.0,3,90.0,103.5,105.0,103.5,27.0,2808.0,116
2023-05-09 22:43:50,MA311P2275,甲醇2311沽2275,105.0,0.0,0.0,0.0,12,103.0,103.5,3,90.0,103.5,105.0,103.5,27.0,2808.0,116
2023-05-09 22:43:50,MA311P2275,甲醇2311沽2275,105.0,0.0,0.0,0.0,12,103.0,104.0,3,90.0,103.5,105.0,103.5,27.0,2808.0,116
2023-05-09 22:43:51,MA311P2275,甲醇2311沽2275,105.0,0.0,0.0,0.0,15,103.0,103.5,3,90.0,103.5,105.0,103.5,27.0,2808.0,116
2023-05-09 22:43:51,MA311P2275,甲醇2311沽2275,105.0,0.0,0.0,0.0,15,103.0,104.0,12,90.0,103.5,105.0,103.5,27.0,2808.0,116
2023-05-09 22:43:52,MA311P2275,甲醇2311沽2275,105.0,0.0,0.0,0.0,15,103.0,103.5,3,90.0,103.5,105.0,103.5,27.0,2808.0,116
2023-05-09 22:43:52,MA311P2275,甲醇2311沽2275,105.0,0.0,0.0,0.0,15,103.0,104.0,12,90.0,103.5,105.0,103.5,27.0,2808.0,116
2023-05-09 22:43:53,MA311P2275,甲醇2311沽2275,105.0,0.0,0.0,0.0,15,103.0,103.5,3,90.0,103.5,105.0,103.5,27.0,2808.0,116
2023-05-09 22:43:53,MA311P2275,甲醇2311沽2275,105.0,0.0,0.0,0.0,12,103.0,104.0,12,90.0,103.5,105.0,103.5,27.0,2808.0,116
2023-05-09 22:43:56,MA311P2275,甲醇2311沽2275,105.0,0.0,0.0,0.0,9,103.0,104.0,9,90.0,103.5,105.0,103.5,27.0,2808.0,116
2023-05-09 22:44:00,MA311P2275,甲醇2311沽2275,105.0,0.0,0.0,0.0,6,103.0,104.0,9,90.0,103.5,105.0,103.5,27.0,2808.0,116
2023-05-09 22:44:01,MA311P2275,甲醇2311沽2275,105.0,0.0,0.0,0.0,6,103.0,104.0,6,90.0,103.5,105.0,103.5,27.0,2808.0,116
2023-05-09 22:44:02,MA311P2275,甲醇2311沽2275,105.0,0.0,0.0,0.0,3,103.0,104.0,3,90.0,103.5,105.0,103.5,27.0,2808.0,116
2023-05-09 22:44:03,MA311P2275,甲醇2311沽2275,105.0,0.0,0.0,0.0,3,97.5,105.0,3,90.0,103.5,105.0,103.5,27.0,2808.0,116
2023-05-09 22:44:04,MA311P2275,甲醇2311沽2275,105.0,0.0,0.0,0.0,1,72.0,105.0,3,90.0,103.5,105.0,103.5,27.0,2808.0,116
2023-05-09 22:44:05,MA311P2275,甲醇2311沽2275,105.0,0.0,0.0,0.0,2,76.0,105.0,3,90.0,103.5,105.0,103.5,27.0,2808.0,116
2023-05-09 22:44:49,MA311P2275,甲醇2311沽2275,105.0,0.0,0.0,0.0,3,95.0,105.0,3,90.0,103.5,105.0,103.5,27.0,2808.0,116
2023-05-09 22:44:50,MA311P2275,甲醇2311沽2275,105.0,0.0,0.0,0.0,6,95.0,105.0,6,90.0,103.5,105.0,103.5,27.0,2808.0,116
2023-05-09 22:44:51,MA311P2275,甲醇2311沽2275,105.0,0.0,0.0,0.0,3,101.5,104.5,3,90.0,103.5,105.0,103.5,27.0,2808.0,116
2023-05-09 22:44:52,MA311P2275,甲醇2311沽2275,105.0,0.0,0.0,0.0,3,101.5,103.5,1,90.0,103.5,105.0,103.5,27.0,2808.0,116
2023-05-09 22:44:54,MA311P2275,甲醇2311沽2275,105.0,0.0,0.0,0.0,3,102.0,103.5,4,90.0,103.5,105.0,103.5,27.0,2808.0,116
2023-05-09 22:44:56,MA311P2275,甲醇2311沽2275,103.5,3.0,312.0,3.0,3,103.5,104.5,3,90.0,103.5,105.0,103.5,30.0,3120.0,119
2023-05-09 22:45:01,MA311P2275,甲醇2311沽2275,103.5,0.0,0.0,0.0,1,104.0,104.5,3,90.0,103.5,105.0,103.5,30.0,3120.0,119
2023-05-09 22:45:03,MA311P2275,甲醇2311沽2275,103.5,0.0,0.0,0.0,4,104.0,104.5,6,90.0,103.5,105.0,103.5,30.0,3120.0,119
2023-05-09 22:45:03,MA311P2275,甲醇2311沽2275,103.5,0.0,0.0,0.0,4,104.0,104.5,9,90.0,103.5,105.0,103.5,30.0,3120.0,119
2023-05-09 22:45:04,MA311P2275,甲醇2311沽2275,104.0,6.0,624.0,0.0,12,103.5,104.5,6,90.0,103.5,105.0,103.5,36.0,3744.0,119
2023-05-09 22:45:04,MA311P2275,甲醇2311沽2275,104.0,0.0,0.0,0.0,9,103.5,105.0,12,90.0,103.5,105.0,103.5,36.0,3744.0,119
2023-05-09 22:45:05,MA311P2275,甲醇2311沽2275,104.0,0.0,0.0,0.0,6,103.5,104.0,3,90.0,103.5,105.0,103.5,36.0,3744.0,119
2023-05-09 22:45:05,MA311P2275,甲醇2311沽2275,104.0,0.0,0.0,0.0,6,103.5,105.0,12,90.0,103.5,105.0,103.5,36.0,3744.0,119
2023-05-09 22:45:06,MA311P2275,甲醇2311沽2275,104.0,0.0,0.0,0.0,6,103.5,104.0,3,90.0,103.5,105.0,103.5,36.0,3744.0,119
2023-05-09 22:45:07,MA311P2275,甲醇2311沽2275,104.0,0.0,0.0,0.0,6,103.5,105.0,15,90.0,103.5,105.0,103.5,36.0,3744.0,119
2023-05-09 22:45:07,MA311P2275,甲醇2311沽2275,104.0,0.0,0.0,0.0,9,103.5,105.0,15,90.0,103.5,105.0,103.5,36.0,3744.0,119
2023-05-09 22:45:08,MA311P2275,甲醇2311沽2275,104.0,0.0,0.0,0.0,9,103.5,104.0,3,90.0,103.5,105.0,103.5,36.0,3744.0,119
2023-05-09 22:45:08,MA311P2275,甲醇2311沽2275,104.0,0.0,0.0,0.0,9,103.5,105.0,15,90.0,103.5,105.0,103.5,36.0,3744.0,119
2023-05-09 22:45:11,MA311P2275,甲醇2311沽2275,104.0,0.0,0.0,0.0,6,103.5,105.0,12,90.0,103.5,105.0,103.5,36.0,3744.0,119
2023-05-09 22:45:15,MA311P2275,甲醇2311沽2275,104.0,0.0,0.0,0.0,6,103.5,105.0,9,90.0,103.5,105.0,103.5,36.0,3744.0,119
2023-05-09 22:45:16,MA311P2275,甲醇2311沽2275,104.0,0.0,0.0,0.0,3,103.5,105.0,6,90.0,103.5,105.0,103.5,36.0,3744.0,119
2023-05-09 22:45:16,MA311P2275,甲醇2311沽2275,104.0,0.0,0.0,0.0,3,103.5,105.0,3,90.0,103.5,105.0,103.5,36.0,3744.0,119
2023-05-10 09:00:01,MA311P2275,甲醇2311沽2275,103.5,3.0,312.0,-3.0,19,26.0,105.0,3,90.0,103.5,105.0,103.5,39.0,4056.0,116
2023-05-10 09:00:06,MA311P2275,甲醇2311沽2275,103.5,0.0,0.0,0.0,1,26.5,105.0,3,90.0,103.5,105.0,103.5,39.0,4056.0,116
2023-05-10 09:01:23,MA311P2275,甲醇2311沽2275,103.5,0.0,0.0,0.0,2,34.5,105.0,3,90.0,103.5,105.0,103.5,39.0,4056.0,116
2023-05-10 09:01:24,MA311P2275,甲醇2311沽2275,103.5,0.0,0.0,0.0,6,35.5,105.0,3,90.0,103.5,105.0,103.5,39.0,4056.0,116
2023-05-10 09:01:33,MA311P2275,甲醇2311沽2275,103.5,0.0,0.0,0.0,2,43.5,105.0,3,90.0,103.5,105.0,103.5,39.0,4056.0,116
2023-05-10 09:01:33,MA311P2275,甲醇2311沽2275,103.5,0.0,0.0,0.0,6,44.5,105.0,3,90.0,103.5,105.0,103.5,39.0,4056.0,116
2023-05-10 09:01:34,MA311P2275,甲醇2311沽2275,103.5,0.0,0.0,0.0,2,52.5,105.0,3,90.0,103.5,105.0,103.5,39.0,4056.0,116
2023-05-10 09:01:34,MA311P2275,甲醇2311沽2275,103.5,0.0,0.0,0.0,6,53.5,105.0,3,90.0,103.5,105.0,103.5,39.0,4056.0,116
2023-05-10 09:01:35,MA311P2275,甲醇2311沽2275,103.5,0.0,0.0,0.0,2,61.5,105.0,3,90.0,103.5,105.0,103.5,39.0,4056.0,116
2023-05-10 09:12:22,MA311P2275,甲醇2311沽2275,103.5,0.0,0.0,0.0,3,99.5,105.0,3,90.0,103.5,105.0,103.5,39.0,4056.0,116
2023-05-10 09:12:24,MA311P2275,甲醇2311沽2275,103.5,0.0,0.0,0.0,3,101.5,104.5,3,90.0,103.5,105.0,103.5,39.0,4056.0,116
2023-05-10 09:12:26,MA311P2275,甲醇2311沽2275,103.5,0.0,0.0,0.0,3,102.0,104.0,3,90.0,103.5,105.0,103.5,39.0,4056.0,116
2023-05-10 09:12:28,MA311P2275,甲醇2311沽2275,103.5,0.0,0.0,0.0,6,102.0,104.0,6,90.0,103.5,105.0,103.5,39.0,4056.0,116
2023-05-10 09:12:29,MA311P2275,甲醇2311沽2275,102.5,1.0,104.0,1.0,3,102.0,102.5,3,90.0,103.5,105.0,102.5,40.0,4160.0,117
2023-05-10 09:12:29,MA311P2275,甲醇2311沽2275,102.5,3.0,312.0,3.0,6,102.0,102.5,3,90.0,103.5,105.0,102.5,43.0,4472.0,120
2023-05-10 09:12:32,MA311P2275,甲醇2311沽2275,102.5,0.0,0.0,0.0,9,102.0,102.5,3,90.0,103.5,105.0,102.5,43.0,4472.0,120
2023-05-10 09:12:33,MA311P2275,甲醇2311沽2275,102.5,1.0,104.0,0.0,9,102.0,102.5,2,90.0,103.5,105.0,102.5,44.0,4576.0,120
2023-05-10 09:12:36,MA311P2275,甲醇2311沽2275,102.5,0.0,0.0,0.0,12,102.0,102.5,5,90.0,103.5,105.0,102.5,44.0,4576.0,120
2023-05-10 09:12:36,MA311P2275,甲醇2311沽2275,103.0,8.0,806.0,5.0,2,102.5,103.5,3,90.0,103.5,105.0,102.5,52.0,5382.0,125
2023-05-10 09:12:37,MA311P2275,甲醇2311沽2275,103.0,0.0,0.0,0.0,5,102.5,103.0,9,90.0,103.5,105.0,102.5,52.0,5382.0,125
2023-05-10 09:12:44,MA311P2275,甲醇2311沽2275,103.0,0.0,0.0,0.0,5,102.5,103.0,6,90.0,103.5,105.0,102.5,52.0,5382.0,125
2023-05-10 09:12:48,MA311P2275,甲醇2311沽2275,103.0,0.0,0.0,0.0,2,102.5,103.0,3,90.0,103.5,105.0,102.5,52.0,5382.0,125
2023-05-10 09:12:49,MA311P2275,甲醇2311沽2275,103.0,0.0,0.0,0.0,2,102.5,105.0,3,90.0,103.5,105.0,102.5,52.0,5382.0,125
2023-05-10 09:13:10,MA311P2275,甲醇2311沽2275,102.5,2.0,207.0,-2.0,1,26.5,105.0,3,90.0,103.5,105.0,102.5,54.0,5589.0,123
2023-05-10 09:13:10,MA311P2275,甲醇2311沽2275,102.5,0.0,0.0,0.0,2,34.5,105.0,3,90.0,103.5,105.0,102.5,54.0,5589.0,123
2023-05-10 09:13:11,MA311P2275,甲醇2311沽2275,102.5,0.0,0.0,0.0,6,35.5,105.0,3,90.0,103.5,105.0,102.5,54.0,5589.0,123
2023-05-10 09:13:11,MA311P2275,甲醇2311沽2275,102.5,0.0,0.0,0.0,2,43.5,105.0,3,90.0,103.5,105.0,102.5,54.0,5589.0,123
2023-05-10 09:13:12,MA311P2275,甲醇2311沽2275,102.5,0.0,0.0,0.0,6,44.5,105.0,3,90.0,103.5,105.0,102.5,54.0,5589.0,123
2023-05-10 09:13:12,MA311P2275,甲醇2311沽2275,102.5,0.0,0.0,0.0,2,52.5,105.0,3,90.0,103.5,105.0,102.5,54.0,5589.0,123
2023-05-10 09:13:13,MA311P2275,甲醇2311沽2275,102.5,0.0,0.0,0.0,6,53.5,105.0,3,90.0,103.5,105.0,102.5,54.0,5589.0,123
2023-05-10 09:13:13,MA311P2275,甲醇2311沽2275,102.5,0.0,0.0,0.0,2,61.5,105.0,3,90.0,103.5,105.0,102.5,54.0,5589.0,123
2023-05-10 09:13:14,MA311P2275,甲醇2311沽2275,102.5,0.0,0.0,0.0,1,62.0,105.0,3,90.0,103.5,105.0,102.5,54.0,5589.0,123
2023-05-10 09:13:14,MA311P2275,甲醇2311沽2275,102.5,0.0,0.0,0.0,2,70.0,105.0,3,90.0,103.5,105.0,102.5,54.0,5589.0,123
2023-05-10 09:13:15,MA311P2275,甲醇2311沽2275,102.5,0.0,0.0,0.0,1,70.5,105.0,3,90.0,103.5,105.0,102.5,54.0,5589.0,123
2023-05-10 09:13:15,MA311P2275,甲醇2311沽2275,102.5,0.0,0.0,0.0,2,78.5,105.0,3,90.0,103.5,105.0,102.5,54.0,5589.0,123
2023-05-10 09:13:37,MA311P2275,甲醇2311沽2275,102.5,0.0,0.0,0.0,3,94.5,105.0,3,90.0,103.5,105.0,102.5,54.0,5589.0,123
2023-05-10 09:13:38,MA311P2275,甲醇2311沽2275,102.5,0.0,0.0,0.0,6,94.5,105.0,6,90.0,103.5,105.0,102.5,54.0,5589.0,123
2023-05-10 09:13:39,MA311P2275,甲醇2311沽2275,102.5,0.0,0.0,0.0,4,103.5,105.0,6,90.0,103.5,105.0,102.5,54.0,5589.0,123
2023-05-10 09:13:39,MA311P2275,甲醇2311沽2275,102.5,0.0,0.0,0.0,4,103.5,104.0,3,90.0,103.5,105.0,102.5,54.0,5589.0,123
2023-05-10 09:13:42,MA311P2275,甲醇2311沽2275,102.5,0.0,0.0,0.0,7,103.5,104.0,6,90.0,103.5,105.0,102.5,54.0,5589.0,123
2023-05-10 09:13:43,MA311P2275,甲醇2311沽2275,102.5,0.0,0.0,0.0,10,103.5,104.0,9,90.0,103.5,105.0,102.5,54.0,5589.0,123
2023-05-10 09:13:44,MA311P2275,甲醇2311沽2275,102.5,0.0,0.0,0.0,6,103.5,104.0,12,90.0,103.5,105.0,102.5,54.0,5589.0,123
2023-05-10 09:13:45,MA311P2275,甲醇2311沽2275,103.5,6.0,621.0,-3.0,6,101.5,104.0,9,90.0,103.5,105.0,102.5,60.0,6210.0,120
2023-05-10 09:13:48,MA311P2275,甲醇2311沽2275,103.5,0.0,0.0,0.0,9,101.5,104.0,12,90.0,103.5,105.0,102.5,60.0,6210.0,120
2023-05-10 09:13:51,MA311P2275,甲醇2311沽2275,103.5,0.0,0.0,0.0,1,103.5,104.0,9,90.0,103.5,105.0,102.5,60.0,6210.0,120
2023-05-10 09:13:52,MA311P2275,甲醇2311沽2275,103.5,0.0,0.0,0.0,4,103.5,104.0,15,90.0,103.5,105.0,102.5,60.0,6210.0,120
2023-05-10 09:13:55,MA311P2275,甲醇2311沽2275,103.5,0.0,0.0,0.0,4,103.5,104.0,12,90.0,103.5,105.0,102.5,60.0,6210.0,120
2023-05-10 09:13:55,MA311P2275,甲醇2311沽2275,103.0,9.0,931.5,6.0,3,103.0,104.0,9,90.0,103.5,105.0,102.5,69.0,7141.5,126
2023-05-10 09:13:55,MA311P2275,甲醇2311沽2275,103.0,3.0,310.5,0.0,3,101.5,103.0,3,90.0,103.5,105.0,102.5,72.0,7452.0,126
2023-05-10 09:13:57,MA311P2275,甲醇2311沽2275,103.0,0.0,0.0,0.0,3,101.0,103.0,3,90.0,103.5,105.0,102.5,72.0,7452.0,126
2023-05-10 09:14:00,MA311P2275,甲醇2311沽2275,103.0,0.0,0.0,0.0,3,98.0,103.0,3,90.0,103.5,105.0,102.5,72.0,7452.0,126
2023-05-10 09:14:01,MA311P2275,甲醇2311沽2275,103.0,0.0,0.0,0.0,3,98.0,101.5,1,90.0,103.5,105.0,102.5,72.0,7452.0,126
2023-05-10 09:14:02,MA311P2275,甲醇2311沽2275,101.5,1.0,103.5,1.0,3,98.0,103.5,3,90.0,103.5,105.0,101.5,73.0,7555.5,127
2023-05-10 09:14:07,MA311P2275,甲醇2311沽2275,101.5,0.0,0.0,0.0,1,70.5,103.5,3,90.0,103.5,105.0,101.5,73.0,7555.5,127
2023-05-10 09:14:08,MA311P2275,甲醇2311沽2275,101.5,0.0,0.0,0.0,2,78.5,103.5,3,90.0,103.5,105.0,101.5,73.0,7555.5,127
2023-05-10 09:14:42,MA311P2275,甲醇2311沽2275,101.5,0.0,0.0,0.0,3,95.0,103.5,3,90.0,103.5,105.0,101.5,73.0,7555.5,127
2023-05-10 09:14:45,MA311P2275,甲醇2311沽2275,101.5,0.0,0.0,0.0,3,101.5,102.5,1,90.0,103.5,105.0,101.5,73.0,7555.5,127
2023-05-10 09:14:45,MA311P2275,甲醇2311沽2275,102.5,1.0,103.5,1.0,3,101.5,103.5,3,90.0,103.5,105.0,101.5,74.0,7659.0,128
2023-05-10 09:14:47,MA311P2275,甲醇2311沽2275,102.5,0.0,0.0,0.0,3,102.0,103.5,6,90.0,103.5,105.0,101.5,74.0,7659.0,128
2023-05-10 09:14:49,MA311P2275,甲醇2311沽2275,102.5,0.0,0.0,0.0,3,101.5,103.0,1,90.0,103.5,105.0,101.5,74.0,7659.0,128
2023-05-10 09:14:50,MA311P2275,甲醇2311沽2275,102.5,0.0,0.0,0.0,9,101.5,102.5,6,90.0,103.5,105.0,101.5,74.0,7659.0,128
2023-05-10 09:14:50,MA311P2275,甲醇2311沽2275,102.5,9.0,931.5,3.0,6,101.5,103.0,1,90.0,103.5,105.0,101.5,83.0,8590.5,131
2023-05-10 09:14:53,MA311P2275,甲醇2311沽2275,102.5,0.0,0.0,0.0,9,101.5,103.0,1,90.0,103.5,105.0,101.5,83.0,8590.5,131
2023-05-10 09:14:55,MA311P2275,甲醇2311沽2275,102.5,0.0,0.0,0.0,9,101.5,102.5,1,90.0,103.5,105.0,101.5,83.0,8590.5,131
2023-05-10 09:14:57,MA311P2275,甲醇2311沽2275,102.5,0.0,0.0,0.0,6,101.5,102.5,4,90.0,103.5,105.0,101.5,83.0,8590.5,131
2023-05-10 09:14:57,MA311P2275,甲醇2311沽2275,102.5,0.0,0.0,0.0,9,101.5,102.5,4,90.0,103.5,105.0,101.5,83.0,8590.5,131
2023-05-10 09:14:58,MA311P2275,甲醇2311沽2275,102.5,0.0,0.0,0.0,9,101.5,102.0,3,90.0,103.5,105.0,101.5,83.0,8590.5,131
2023-05-10 09:14:58,MA311P2275,甲醇2311沽2275,102.5,0.0,0.0,0.0,9,101.5,102.5,4,90.0,103.5,105.0,101.5,83.0,8590.5,131
2023-05-10 09:14:59,MA311P2275,甲醇2311沽2275,102.5,0.0,0.0,0.0,9,101.5,102.0,3,90.0,103.5,105.0,101.5,83.0,8590.5,131
2023-05-10 09:14:59,MA311P2275,甲醇2311沽2275,102.5,0.0,0.0,0.0,9,101.5,102.5,4,90.0,103.5,105.0,101.5,83.0,8590.5,131
2023-05-10 09:15:00,MA311P2275,甲醇2311沽2275,102.5,0.0,0.0,0.0,9,101.5,102.0,3,90.0,103.5,105.0,101.5,83.0,8590.5,131
2023-05-10 09:15:00,MA311P2275,甲醇2311沽2275,102.5,0.0,0.0,0.0,9,101.5,102.5,4,90.0,103.5,105.0,101.5,83.0,8590.5,131
2023-05-10 09:15:01,MA311P2275,甲醇2311沽2275,102.5,0.0,0.0,0.0,9,101.5,102.0,3,90.0,103.5,105.0,101.5,83.0,8590.5,131
2023-05-10 09:15:01,MA311P2275,甲醇2311沽2275,103.0,9.0,931.5,-6.0,3,101.5,103.5,3,90.0,103.5,105.0,101.5,92.0,9522.0,125
2023-05-10 09:15:02,MA311P2275,甲醇2311沽2275,103.0,0.0,0.0,0.0,6,101.0,102.0,3,90.0,103.5,105.0,101.5,92.0,9522.0,125
2023-05-10 09:15:02,MA311P2275,甲醇2311沽2275,103.0,0.0,0.0,0.0,3,101.0,103.5,3,90.0,103.5,105.0,101.5,92.0,9522.0,125
2023-05-10 09:15:05,MA311P2275,甲醇2311沽2275,103.0,0.0,0.0,0.0,3,97.5,103.5,3,90.0,103.5,105.0,101.5,92.0,9522.0,125
2023-05-10 09:15:08,MA311P2275,甲醇2311沽2275,103.0,0.0,0.0,0.0,3,96.5,103.5,3,90.0,103.5,105.0,101.5,92.0,9522.0,125
2023-05-10 09:15:12,MA311P2275,甲醇2311沽2275,103.0,0.0,0.0,0.0,1,70.5,103.5,3,90.0,103.5,105.0,101.5,92.0,9522.0,125
2023-05-10 09:15:13,MA311P2275,甲醇2311沽2275,103.0,0.0,0.0,0.0,2,78.5,103.5,3,90.0,103.5,105.0,101.5,92.0,9522.0,125
2023-05-10 09:15:49,MA311P2275,甲醇2311沽2275,103.0,0.0,0.0,0.0,3,95.0,103.5,3,90.0,103.5,105.0,101.5,92.0,9522.0,125
2023-05-10 09:15:50,MA311P2275,甲醇2311沽2275,103.0,0.0,0.0,0.0,6,95.0,103.5,6,90.0,103.5,105.0,101.5,92.0,9522.0,125
2023-05-10 09:15:50,MA311P2275,甲醇2311沽2275,103.0,0.0,0.0,0.0,3,95.0,103.5,3,90.0,103.5,105.0,101.5,92.0,9522.0,125
2023-05-10 09:15:51,MA311P2275,甲醇2311沽2275,103.0,0.0,0.0,0.0,3,101.5,103.5,3,90.0,103.5,105.0,101.5,92.0,9522.0,125
2023-05-10 09:15:51,MA311P2275,甲醇2311沽2275,103.0,0.0,0.0,0.0,3,101.5,103.0,1,90.0,103.5,105.0,101.5,92.0,9522.0,125
2023-05-10 09:15:54,MA311P2275,甲醇2311沽2275,103.0,0.0,0.0,0.0,6,101.5,102.5,3,90.0,103.5,105.0,101.5,92.0,9522.0,125
2023-05-10 09:15:55,MA311P2275,甲醇2311沽2275,102.5,3.0,310.5,3.0,3,102.5,103.0,1,90.0,103.5,105.0,101.5,95.0,9832.5,128
2023-05-10 09:16:03,MA311P2275,甲醇2311沽2275,102.5,0.0,0.0,0.0,9,102.5,103.0,4,90.0,103.5,105.0,101.5,95.0,9832.5,128
2023-05-10 09:16:04,MA311P2275,甲醇2311沽2275,102.5,0.0,0.0,0.0,9,102.5,103.0,3,90.0,103.5,105.0,101.5,95.0,9832.5,128
2023-05-10 09:16:04,MA311P2275,甲醇2311沽2275,102.5,0.0,0.0,0.0,12,102.5,103.0,9,90.0,103.5,105.0,101.5,95.0,9832.5,128
2023-05-10 09:16:06,MA311P2275,甲醇2311沽2275,102.5,0.0,0.0,0.0,15,102.5,103.0,9,90.0,103.5,105.0,101.5,95.0,9832.5,128
2023-05-10 09:16:11,MA311P2275,甲醇2311沽2275,103.5,11.0,1138.5,0.0,9,102.5,103.5,9,90.0,103.5,105.0,101.5,106.0,10971.0,128
2023-05-10 09:16:11,MA311P2275,甲醇2311沽2275,103.5,0.0,0.0,0.0,6,102.5,103.5,6,90.0,103.5,105.0,101.5,106.0,10971.0,128
2023-05-10 09:16:16,MA311P2275,甲醇2311沽2275,103.5,0.0,0.0,0.0,6,102.5,103.5,3,90.0,103.5,105.0,101.5,106.0,10971.0,128
2023-05-10 09:16:16,MA311P2275,甲醇2311沽2275,103.5,0.0,0.0,0.0,3,102.5,105.0,3,90.0,103.5,105.0,101.5,106.0,10971.0,128
2023-05-10 09:17:33,MA311P2275,甲醇2311沽2275,102.5,3.0,256.0,-3.0,1,70.5,105.0,3,90.0,103.5,105.0,101.5,109.0,11227.0,125
2023-05-10 09:17:33,MA311P2275,甲醇2311沽2275,102.5,0.0,0.0,0.0,2,78.5,105.0,3,90.0,103.5,105.0,101.5,109.0,11227.0,125
2023-05-10 09:18:04,MA311P2275,甲醇2311沽2275,102.5,0.0,0.0,0.0,3,96.5,105.0,3,90.0,103.5,105.0,101.5,109.0,11227.0,125
2023-05-10 09:18:05,MA311P2275,甲醇2311沽2275,102.5,0.0,0.0,0.0,6,96.5,105.0,6,90.0,103.5,105.0,101.5,109.0,11227.0,125
2023-05-10 09:18:06,MA311P2275,甲醇2311沽2275,102.5,0.0,0.0,0.0,3,98.0,101.0,3,90.0,103.5,105.0,101.5,109.0,11227.0,125
2023-05-10 09:18:09,MA311P2275,甲醇2311沽2275,102.5,0.0,0.0,0.0,3,98.5,100.5,3,90.0,103.5,105.0,101.5,109.0,11227.0,125
2023-05-10 09:18:18,MA311P2275,甲醇2311沽2275,102.5,0.0,0.0,0.0,9,98.5,100.5,9,90.0,103.5,105.0,101.5,109.0,11227.0,125
2023-05-10 09:18:19,MA311P2275,甲醇2311沽2275,99.0,3.0,309.0,3.0,6,98.5,99.5,6,90.0,103.5,105.0,99.0,112.0,11536.0,128
2023-05-10 09:18:19,MA311P2275,甲醇2311沽2275,99.0,0.0,0.0,0.0,15,98.5,99.0,3,90.0,103.5,105.0,99.0,112.0,11536.0,128
2023-05-10 09:18:21,MA311P2275,甲醇2311沽2275,99.0,0.0,0.0,0.0,18,98.5,99.0,3,90.0,103.5,105.0,99.0,112.0,11536.0,128
2023-05-10 09:18:26,MA311P2275,甲醇2311沽2275,99.0,0.0,0.0,0.0,15,98.5,99.0,3,90.0,103.5,105.0,99.0,112.0,11536.0,128
2023-05-10 09:18:30,MA311P2275,甲醇2311沽2275,99.0,0.0,0.0,0.0,12,98.5,99.0,3,90.0,103.5,105.0,99.0,112.0,11536.0,128
2023-05-10 09:18:30,MA311P2275,甲醇2311沽2275,99.0,0.0,0.0,0.0,9,98.5,99.0,3,90.0,103.5,105.0,99.0,112.0,11536.0,128
2023-05-10 09:18:31,MA311P2275,甲醇2311沽2275,99.0,0.0,0.0,0.0,6,98.5,99.5,3,90.0,103.5,105.0,99.0,112.0,11536.0,128
2023-05-10 09:18:31,MA311P2275,甲醇2311沽2275,99.0,0.0,0.0,0.0,3,98.5,104.0,3,90.0,103.5,105.0,99.0,112.0,11536.0,128
2023-05-10 09:18:34,MA311P2275,甲醇2311沽2275,99.0,0.0,0.0,0.0,3,98.5,105.0,3,90.0,103.5,105.0,99.0,112.0,11536.0,128
2023-05-10 09:32:15,MA311P2275,甲醇2311沽2275,105.0,3.0,309.0,3.0,3,98.5,0.0,0,90.0,103.5,105.0,99.0,115.0,11845.0,131
2023-05-10 09:45:19,MA311P2275,甲醇2311沽2275,105.0,0.0,0.0,0.0,3,98.5,107.0,3,90.0,103.5,105.0,99.0,115.0,11845.0,131
2023-05-10 09:45:20,MA311P2275,甲醇2311沽2275,105.0,0.0,0.0,0.0,6,98.5,107.0,6,90.0,103.5,105.0,99.0,115.0,11845.0,131
2023-05-10 09:45:21,MA311P2275,甲醇2311沽2275,105.0,0.0,0.0,0.0,3,102.0,105.0,3,90.0,103.5,105.0,99.0,115.0,11845.0,131
2023-05-10 09:45:24,MA311P2275,甲醇2311沽2275,105.0,0.0,0.0,0.0,3,102.5,104.5,3,90.0,103.5,105.0,99.0,115.0,11845.0,131
2023-05-10 09:45:26,MA311P2275,甲醇2311沽2275,105.0,0.0,0.0,0.0,6,102.0,103.0,1,90.0,103.5,105.0,99.0,115.0,11845.0,131
2023-05-10 09:45:27,MA311P2275,甲醇2311沽2275,103.0,2.0,206.0,2.0,9,102.0,102.5,1,90.0,103.5,105.0,99.0,117.0,12051.0,133
2023-05-10 09:45:27,MA311P2275,甲醇2311沽2275,103.0,2.0,206.0,1.0,6,102.0,105.0,3,90.0,103.5,105.0,99.0,119.0,12257.0,134
2023-05-10 09:45:29,MA311P2275,甲醇2311沽2275,103.0,0.0,0.0,0.0,9,102.0,105.0,3,90.0,103.5,105.0,99.0,119.0,12257.0,134
2023-05-10 09:45:31,MA311P2275,甲醇2311沽2275,103.0,0.0,0.0,0.0,12,102.0,103.5,1,90.0,103.5,105.0,99.0,119.0,12257.0,134
2023-05-10 09:45:33,MA311P2275,甲醇2311沽2275,103.0,0.0,0.0,0.0,15,102.0,103.5,4,90.0,103.5,105.0,99.0,119.0,12257.0,134
2023-05-10 09:45:33,MA311P2275,甲醇2311沽2275,103.0,0.0,0.0,0.0,12,102.0,103.5,4,90.0,103.5,105.0,99.0,119.0,12257.0,134
2023-05-10 09:45:34,MA311P2275,甲醇2311沽2275,103.0,0.0,0.0,0.0,3,103.0,103.5,4,90.0,103.5,105.0,99.0,119.0,12257.0,134
2023-05-10 09:45:35,MA311P2275,甲醇2311沽2275,103.0,0.0,0.0,0.0,3,103.0,103.5,10,90.0,103.5,105.0,99.0,119.0,12257.0,134
2023-05-10 09:45:36,MA311P2275,甲醇2311沽2275,103.0,0.0,0.0,0.0,9,103.0,103.5,10,90.0,103.5,105.0,99.0,119.0,12257.0,134
2023-05-10 09:45:41,MA311P2275,甲醇2311沽2275,103.0,0.0,0.0,0.0,6,103.0,103.5,7,90.0,103.5,105.0,99.0,119.0,12257.0,134
2023-05-10 09:45:45,MA311P2275,甲醇2311沽2275,103.0,0.0,0.0,0.0,6,103.0,103.5,4,90.0,103.5,105.0,99.0,119.0,12257.0,134
2023-05-10 09:45:46,MA311P2275,甲醇2311沽2275,103.0,0.0,0.0,0.0,3,103.0,103.5,4,90.0,103.5,105.0,99.0,119.0,12257.0,134
2023-05-10 09:45:46,MA311P2275,甲醇2311沽2275,103.0,0.0,0.0,0.0,3,103.0,103.5,1,90.0,103.5,105.0,99.0,119.0,12257.0,134
2023-05-10 09:45:47,MA311P2275,甲醇2311沽2275,103.0,0.0,0.0,0.0,3,98.5,103.5,1,90.0,103.5,105.0,99.0,119.0,12257.0,134
2023-05-10 09:46:25,MA311P2275,甲醇2311沽2275,103.5,1.0,103.0,0.0,3,98.5,0.0,0,90.0,103.5,105.0,99.0,120.0,12360.0,134
2023-05-10 09:47:41,MA311P2275,甲醇2311沽2275,103.5,0.0,0.0,0.0,3,98.5,107.0,3,90.0,103.5,105.0,99.0,120.0,12360.0,134
2023-05-10 09:47:42,MA311P2275,甲醇2311沽2275,103.5,0.0,0.0,0.0,3,98.5,103.5,1,90.0,103.5,105.0,99.0,120.0,12360.0,134
2023-05-10 09:47:42,MA311P2275,甲醇2311沽2275,103.5,0.0,0.0,0.0,6,98.5,103.5,1,90.0,103.5,105.0,99.0,120.0,12360.0,134
2023-05-10 09:47:43,MA311P2275,甲醇2311沽2275,103.5,0.0,0.0,0.0,3,102.0,103.5,1,90.0,103.5,105.0,99.0,120.0,12360.0,134
2023-05-10 09:47:46,MA311P2275,甲醇2311沽2275,103.5,0.0,0.0,0.0,6,102.0,103.0,4,90.0,103.5,105.0,99.0,120.0,12360.0,134
2023-05-10 09:47:48,MA311P2275,甲醇2311沽2275,103.5,0.0,0.0,0.0,9,102.0,103.0,4,90.0,103.5,105.0,99.0,120.0,12360.0,134
2023-05-10 09:47:49,MA311P2275,甲醇2311沽2275,103.5,0.0,0.0,0.0,9,102.0,103.0,3,90.0,103.5,105.0,99.0,120.0,12360.0,134
2023-05-10 09:47:49,MA311P2275,甲醇2311沽2275,103.0,1.0,103.0,0.0,9,102.0,103.0,2,90.0,103.5,105.0,99.0,121.0,12463.0,134
2023-05-10 09:47:51,MA311P2275,甲醇2311沽2275,103.0,0.0,0.0,0.0,12,102.0,103.0,2,90.0,103.5,105.0,99.0,121.0,12463.0,134
2023-05-10 09:47:53,MA311P2275,甲醇2311沽2275,103.0,2.0,206.0,2.0,2,103.0,103.5,3,90.0,103.5,105.0,99.0,123.0,12669.0,136
2023-05-10 09:47:55,MA311P2275,甲醇2311沽2275,103.0,0.0,0.0,0.0,5,103.0,103.5,12,90.0,103.5,105.0,99.0,123.0,12669.0,136
2023-05-10 09:47:56,MA311P2275,甲醇2311沽2275,103.5,12.0,1236.0,9.0,5,103.0,104.0,3,90.0,103.5,105.0,99.0,135.0,13905.0,145
2023-05-10 09:47:56,MA311P2275,甲醇2311沽2275,103.5,0.0,0.0,0.0,3,103.5,104.0,3,90.0,103.5,105.0,99.0,135.0,13905.0,145
2023-05-10 09:47:59,MA311P2275,甲醇2311沽2275,103.5,0.0,0.0,0.0,4,103.5,104.0,3,90.0,103.5,105.0,99.0,135.0,13905.0,145
2023-05-10 09:48:02,MA311P2275,甲醇2311沽2275,103.0,8.0,824.0,-5.0,3,102.5,104.0,3,90.0,103.5,105.0,99.0,143.0,14729.0,140
2023-05-10 09:48:08,MA311P2275,甲醇2311沽2275,103.0,0.0,0.0,0.0,3,98.5,105.0,3,90.0,103.5,105.0,99.0,143.0,14729.0,140
2023-05-10 09:48:13,MA311P2275,甲醇2311沽2275,103.0,0.0,0.0,0.0,3,98.5,0.0,0,90.0,103.5,105.0,99.0,143.0,14729.0,140
2023-05-10 09:49:09,MA311P2275,甲醇2311沽2275,103.0,0.0,0.0,0.0,3,98.5,107.5,3,90.0,103.5,105.0,99.0,143.0,14729.0,140
2023-05-10 09:49:10,MA311P2275,甲醇2311沽2275,103.0,0.0,0.0,0.0,6,98.5,107.5,6,90.0,103.5,105.0,99.0,143.0,14729.0,140
2023-05-10 09:49:11,MA311P2275,甲醇2311沽2275,103.0,0.0,0.0,0.0,3,103.0,106.0,3,90.0,103.5,105.0,99.0,143.0,14729.0,140
2023-05-10 09:49:15,MA311P2275,甲醇2311沽2275,103.0,0.0,0.0,0.0,3,103.5,105.5,3,90.0,103.5,105.0,99.0,143.0,14729.0,140
2023-05-10 09:49:18,MA311P2275,甲醇2311沽2275,103.0,0.0,0.0,0.0,1,105.0,106.0,3,90.0,103.5,105.0,99.0,143.0,14729.0,140
2023-05-10 09:49:19,MA311P2275,甲醇2311沽2275,103.0,0.0,0.0,0.0,4,105.0,105.5,3,90.0,103.5,105.0,99.0,143.0,14729.0,140
2023-05-10 09:49:21,MA311P2275,甲醇2311沽2275,105.0,3.0,309.0,-3.0,3,104.0,105.0,2,90.0,103.5,105.0,99.0,146.0,15038.0,137
2023-05-10 09:49:21,MA311P2275,甲醇2311沽2275,105.0,0.0,0.0,0.0,12,103.0,105.0,2,90.0,103.5,105.0,99.0,146.0,15038.0,137
2023-05-10 09:49:23,MA311P2275,甲醇2311沽2275,105.0,0.0,0.0,0.0,3,103.5,104.5,3,90.0,103.5,105.0,99.0,146.0,15038.0,137
2023-05-10 09:49:24,MA311P2275,甲醇2311沽2275,105.0,0.0,0.0,0.0,3,104.0,104.5,3,90.0,103.5,105.0,99.0,146.0,15038.0,137
2023-05-10 09:49:26,MA311P2275,甲醇2311沽2275,105.0,0.0,0.0,0.0,6,104.0,104.5,3,90.0,103.5,105.0,99.0,146.0,15038.0,137
2023-05-10 09:49:26,MA311P2275,甲醇2311沽2275,105.0,0.0,0.0,0.0,9,104.0,105.0,11,90.0,103.5,105.0,99.0,146.0,15038.0,137
2023-05-10 09:49:27,MA311P2275,甲醇2311沽2275,105.0,0.0,0.0,0.0,9,104.0,104.5,3,90.0,103.5,105.0,99.0,146.0,15038.0,137
2023-05-10 09:49:27,MA311P2275,甲醇2311沽2275,105.0,0.0,0.0,0.0,9,104.0,105.0,11,90.0,103.5,105.0,99.0,146.0,15038.0,137
2023-05-10 09:49:28,MA311P2275,甲醇2311沽2275,105.0,0.0,0.0,0.0,9,104.0,104.5,3,90.0,103.5,105.0,99.0,146.0,15038.0,137
2023-05-10 09:49:28,MA311P2275,甲醇2311沽2275,105.0,0.0,0.0,0.0,9,104.0,105.0,11,90.0,103.5,105.0,99.0,146.0,15038.0,137
2023-05-10 09:49:31,MA311P2275,甲醇2311沽2275,105.0,0.0,0.0,0.0,6,104.0,105.0,8,90.0,103.5,105.0,99.0,146.0,15038.0,137
2023-05-10 09:49:35,MA311P2275,甲醇2311沽2275,105.0,0.0,0.0,0.0,6,104.0,105.0,5,90.0,103.5,105.0,99.0,146.0,15038.0,137
2023-05-10 09:49:35,MA311P2275,甲醇2311沽2275,105.0,0.0,0.0,0.0,3,104.0,105.0,5,90.0,103.5,105.0,99.0,146.0,15038.0,137
2023-05-10 09:49:37,MA311P2275,甲醇2311沽2275,105.0,0.0,0.0,0.0,6,98.5,105.0,2,90.0,103.5,105.0,99.0,146.0,15038.0,137
2023-05-10 09:49:39,MA311P2275,甲醇2311沽2275,105.0,0.0,0.0,0.0,3,98.5,105.0,2,90.0,103.5,105.0,99.0,146.0,15038.0,137
2023-05-10 09:49:43,MA311P2275,甲醇2311沽2275,105.0,2.0,280.0,2.0,3,98.5,0.0,0,90.0,103.5,105.0,99.0,148.0,15318.0,139
2023-05-10 09:56:12,MA311P2275,甲醇2311沽2275,105.0,0.0,0.0,0.0,6,98.5,110.0,3,90.0,103.5,105.0,99.0,148.0,15318.0,139
2023-05-10 09:56:13,MA311P2275,甲醇2311沽2275,105.0,0.0,0.0,0.0,9,98.5,110.0,6,90.0,103.5,105.0,99.0,148.0,15318.0,139
2023-05-10 09:56:14,MA311P2275,甲醇2311沽2275,105.0,0.0,0.0,0.0,3,105.0,108.0,3,90.0,103.5,105.0,99.0,148.0,15318.0,139
2023-05-10 09:56:17,MA311P2275,甲醇2311沽2275,105.0,0.0,0.0,0.0,3,105.5,107.5,3,90.0,103.5,105.0,99.0,148.0,15318.0,139
2023-05-10 09:56:26,MA311P2275,甲醇2311沽2275,105.0,0.0,0.0,0.0,9,105.5,107.5,9,90.0,103.5,105.0,99.0,148.0,15318.0,139
2023-05-10 09:56:27,MA311P2275,甲醇2311沽2275,105.0,0.0,0.0,0.0,3,107.0,107.5,6,90.0,103.5,105.0,99.0,148.0,15318.0,139
2023-05-10 09:56:28,MA311P2275,甲醇2311沽2275,105.0,0.0,0.0,0.0,9,107.0,107.5,12,90.0,103.5,105.0,99.0,148.0,15318.0,139
2023-05-10 09:56:29,MA311P2275,甲醇2311沽2275,105.0,0.0,0.0,0.0,9,107.0,107.5,15,90.0,103.5,105.0,99.0,148.0,15318.0,139
2023-05-10 09:56:35,MA311P2275,甲醇2311沽2275,105.0,0.0,0.0,0.0,6,107.0,107.5,12,90.0,103.5,105.0,99.0,148.0,15318.0,139
2023-05-10 09:56:38,MA311P2275,甲醇2311沽2275,105.0,0.0,0.0,0.0,3,107.0,107.5,9,90.0,103.5,105.0,99.0,148.0,15318.0,139
2023-05-10 09:56:39,MA311P2275,甲醇2311沽2275,105.0,0.0,0.0,0.0,6,106.5,107.5,6,90.0,103.5,105.0,99.0,148.0,15318.0,139
2023-05-10 09:56:40,MA311P2275,甲醇2311沽2275,105.0,0.0,0.0,0.0,3,101.5,113.0,3,90.0,103.5,105.0,99.0,148.0,15318.0,139
2023-05-10 09:56:42,MA311P2275,甲醇2311沽2275,105.0,0.0,0.0,0.0,3,98.5,0.0,0,90.0,103.5,105.0,99.0,148.0,15318.0,139
2023-05-10 10:14:41,MA311P2275,甲醇2311沽2275,105.0,0.0,0.0,0.0,3,100.0,111.5,3,90.0,103.5,105.0,99.0,148.0,15318.0,139
2023-05-10 10:14:43,MA311P2275,甲醇2311沽2275,105.0,0.0,0.0,0.0,3,106.5,109.5,3,90.0,103.5,105.0,99.0,148.0,15318.0,139
2023-05-10 10:14:45,MA311P2275,甲醇2311沽2275,105.0,0.0,0.0,0.0,3,107.0,109.0,3,90.0,103.5,105.0,99.0,148.0,15318.0,139
2023-05-10 10:14:46,MA311P2275,甲醇2311沽2275,105.0,0.0,0.0,0.0,6,107.0,109.0,6,90.0,103.5,105.0,99.0,148.0,15318.0,139
2023-05-10 10:14:53,MA311P2275,甲醇2311沽2275,105.0,0.0,0.0,0.0,3,107.0,109.0,3,90.0,103.5,105.0,99.0,148.0,15318.0,139
2023-05-10 10:14:53,MA311P2275,甲醇2311沽2275,105.0,0.0,0.0,0.0,6,106.5,109.5,6,90.0,103.5,105.0,99.0,148.0,15318.0,139
2023-05-10 10:14:55,MA311P2275,甲醇2311沽2275,105.0,0.0,0.0,0.0,3,106.5,109.5,3,90.0,103.5,105.0,99.0,148.0,15318.0,139
2023-05-10 10:14:55,MA311P2275,甲醇2311沽2275,105.0,0.0,0.0,0.0,6,106.5,109.5,6,90.0,103.5,105.0,99.0,148.0,15318.0,139
2023-05-10 10:14:55,MA311P2275,甲醇2311沽2275,105.0,0.0,0.0,0.0,3,106.5,109.5,3,90.0,103.5,105.0,99.0,148.0,15318.0,139
2023-05-10 10:14:55,MA311P2275,甲醇2311沽2275,105.0,0.0,0.0,0.0,6,106.5,109.5,6,90.0,103.5,105.0,99.0,148.0,15318.0,139
2023-05-10 10:30:00,MA311P2275,甲醇2311沽2275,105.0,0.0,0.0,0.0,3,106.5,109.5,3,90.0,103.5,105.0,99.0,148.0,15318.0,139
2023-05-10 10:30:06,MA311P2275,甲醇2311沽2275,105.0,0.0,0.0,0.0,3,105.0,114.0,6,90.0,103.5,105.0,99.0,148.0,15318.0,139
2023-05-10 11:28:27,MA311P2275,甲醇2311沽2275,105.0,0.0,0.0,0.0,3,105.0,114.0,3,90.0,103.5,105.0,99.0,148.0,15318.0,139
2023-05-10 11:29:31,MA311P2275,甲醇2311沽2275,105.0,0.0,0.0,0.0,19,26.0,0.0,0,90.0,103.5,105.0,99.0,148.0,15318.0,139
2023-05-10 11:29:32,MA311P2275,甲醇2311沽2275,105.0,0.0,0.0,0.0,6,27.0,0.0,0,90.0,103.5,105.0,99.0,148.0,15318.0,139
2023-05-10 11:29:54,MA311P2275,甲醇2311沽2275,105.0,0.0,0.0,0.0,19,26.0,0.0,0,90.0,103.5,105.0,99.0,148.0,15318.0,139
2023-05-10 13:30:08,MA311P2275,甲醇2311沽2275,105.0,0.0,0.0,0.0,1,26.5,0.0,0,90.0,103.5,105.0,99.0,148.0,15318.0,139
2023-05-10 13:30:12,MA311P2275,甲醇2311沽2275,105.0,0.0,0.0,0.0,6,27.5,0.0,0,90.0,103.5,105.0,99.0,148.0,15318.0,139
2023-05-10 13:31:20,MA311P2275,甲醇2311沽2275,105.0,0.0,0.0,0.0,2,28.0,0.0,0,90.0,103.5,105.0,99.0,148.0,15318.0,139
2023-05-10 13:31:20,MA311P2275,甲醇2311沽2275,105.0,0.0,0.0,0.0,6,29.0,0.0,0,90.0,103.5,105.0,99.0,148.0,15318.0,139
2023-05-10 13:31:23,MA311P2275,甲醇2311沽2275,105.0,0.0,0.0,0.0,2,37.0,0.0,0,90.0,103.5,105.0,99.0,148.0,15318.0,139
2023-05-10 13:31:23,MA311P2275,甲醇2311沽2275,105.0,0.0,0.0,0.0,6,38.0,0.0,0,90.0,103.5,105.0,99.0,148.0,15318.0,139
2023-05-10 13:31:28,MA311P2275,甲醇2311沽2275,105.0,0.0,0.0,0.0,2,46.0,0.0,0,90.0,103.5,105.0,99.0,148.0,15318.0,139
2023-05-10 13:31:28,MA311P2275,甲醇2311沽2275,105.0,0.0,0.0,0.0,6,47.0,0.0,0,90.0,103.5,105.0,99.0,148.0,15318.0,139
2023-05-10 13:31:30,MA311P2275,甲醇2311沽2275,105.0,0.0,0.0,0.0,2,55.0,0.0,0,90.0,103.5,105.0,99.0,148.0,15318.0,139
2023-05-10 13:31:30,MA311P2275,甲醇2311沽2275,105.0,0.0,0.0,0.0,6,56.0,0.0,0,90.0,103.5,105.0,99.0,148.0,15318.0,139
2023-05-10 13:31:31,MA311P2275,甲醇2311沽2275,105.0,0.0,0.0,0.0,2,64.0,0.0,0,90.0,103.5,105.0,99.0,148.0,15318.0,139
2023-05-10 13:34:16,MA311P2275,甲醇2311沽2275,105.0,0.0,0.0,0.0,3,104.0,116.0,3,90.0,103.5,105.0,99.0,148.0,15318.0,139
2023-05-10 13:34:17,MA311P2275,甲醇2311沽2275,105.0,0.0,0.0,0.0,6,104.0,116.0,6,90.0,103.5,105.0,99.0,148.0,15318.0,139
2023-05-10 13:34:18,MA311P2275,甲醇2311沽2275,105.0,0.0,0.0,0.0,3,110.5,113.5,3,90.0,103.5,105.0,99.0,148.0,15318.0,139
2023-05-10 13:34:22,MA311P2275,甲醇2311沽2275,105.0,0.0,0.0,0.0,6,110.5,113.5,6,90.0,103.5,105.0,99.0,148.0,15318.0,139
2023-05-10 13:34:23,MA311P2275,甲醇2311沽2275,105.0,0.0,0.0,0.0,9,110.5,111.5,1,90.0,103.5,105.0,99.0,148.0,15318.0,139
2023-05-10 13:34:23,MA311P2275,甲醇2311沽2275,105.0,0.0,0.0,0.0,12,110.5,111.5,4,90.0,103.5,105.0,99.0,148.0,15318.0,139
2023-05-10 13:34:26,MA311P2275,甲醇2311沽2275,105.0,0.0,0.0,0.0,15,110.5,111.5,4,90.0,103.5,105.0,99.0,148.0,15318.0,139
2023-05-10 13:34:30,MA311P2275,甲醇2311沽2275,105.0,0.0,0.0,0.0,15,110.5,111.0,4,90.0,103.5,105.0,99.0,148.0,15318.0,139
2023-05-10 13:34:30,MA311P2275,甲醇2311沽2275,105.0,0.0,0.0,0.0,18,110.5,111.0,4,90.0,103.5,105.0,99.0,148.0,15318.0,139
2023-05-10 13:34:31,MA311P2275,甲醇2311沽2275,105.0,0.0,0.0,0.0,21,110.5,111.0,4,90.0,103.5,105.0,99.0,148.0,15318.0,139
2023-05-10 13:34:32,MA311P2275,甲醇2311沽2275,111.0,3.0,310.5,3.0,18,110.5,111.5,15,90.0,103.5,111.0,99.0,151.0,15628.5,142
2023-05-10 13:34:32,MA311P2275,甲醇2311沽2275,111.0,0.0,0.0,0.0,15,110.5,111.5,12,90.0,103.5,111.0,99.0,151.0,15628.5,142
2023-05-10 13:34:32,MA311P2275,甲醇2311沽2275,111.0,0.0,0.0,0.0,15,110.5,111.0,3,90.0,103.5,111.0,99.0,151.0,15628.5,142
2023-05-10 13:34:33,MA311P2275,甲醇2311沽2275,111.0,0.0,0.0,0.0,15,110.5,111.5,12,90.0,103.5,111.0,99.0,151.0,15628.5,142
2023-05-10 13:34:34,MA311P2275,甲醇2311沽2275,111.0,0.0,0.0,0.0,12,110.5,111.0,3,90.0,103.5,111.0,99.0,151.0,15628.5,142
2023-05-10 13:34:34,MA311P2275,甲醇2311沽2275,111.0,0.0,0.0,0.0,12,110.5,111.5,12,90.0,103.5,111.0,99.0,151.0,15628.5,142
2023-05-10 13:34:34,MA311P2275,甲醇2311沽2275,111.0,0.0,0.0,0.0,12,110.5,111.0,3,90.0,103.5,111.0,99.0,151.0,15628.5,142
2023-05-10 13:34:35,MA311P2275,甲醇2311沽2275,111.0,0.0,0.0,0.0,12,110.5,111.5,12,90.0,103.5,111.0,99.0,151.0,15628.5,142
2023-05-10 13:34:35,MA311P2275,甲醇2311沽2275,111.0,0.0,0.0,0.0,9,110.5,111.5,12,90.0,103.5,111.0,99.0,151.0,15628.5,142
2023-05-10 13:34:38,MA311P2275,甲醇2311沽2275,111.0,0.0,0.0,0.0,6,110.5,111.5,9,90.0,103.5,111.0,99.0,151.0,15628.5,142
2023-05-10 13:34:39,MA311P2275,甲醇2311沽2275,111.5,9.0,1011.5,6.0,3,113.0,117.0,3,90.0,103.5,111.5,99.0,160.0,16640.0,148
2023-05-10 13:34:42,MA311P2275,甲醇2311沽2275,113.0,3.0,312.0,-3.0,3,110.5,117.0,3,90.0,103.5,113.0,99.0,163.0,16952.0,145
2023-05-10 13:34:46,MA311P2275,甲醇2311沽2275,113.0,0.0,0.0,0.0,3,110.5,0.0,0,90.0,103.5,113.0,99.0,163.0,16952.0,145
2023-05-10 13:34:50,MA311P2275,甲醇2311沽2275,113.0,0.0,0.0,0.0,1,26.5,0.0,0,90.0,103.5,113.0,99.0,163.0,16952.0,145
2023-05-10 13:34:51,MA311P2275,甲醇2311沽2275,113.0,0.0,0.0,0.0,2,34.5,0.0,0,90.0,103.5,113.0,99.0,163.0,16952.0,145
2023-05-10 13:34:52,MA311P2275,甲醇2311沽2275,113.0,0.0,0.0,0.0,6,35.5,0.0,0,90.0,103.5,113.0,99.0,163.0,16952.0,145
2023-05-10 13:34:52,MA311P2275,甲醇2311沽2275,113.0,0.0,0.0,0.0,2,43.5,0.0,0,90.0,103.5,113.0,99.0,163.0,16952.0,145
2023-05-10 13:34:53,MA311P2275,甲醇2311沽2275,113.0,0.0,0.0,0.0,6,44.5,0.0,0,90.0,103.5,113.0,99.0,163.0,16952.0,145
2023-05-10 13:34:53,MA311P2275,甲醇2311沽2275,113.0,0.0,0.0,0.0,2,52.5,0.0,0,90.0,103.5,113.0,99.0,163.0,16952.0,145
2023-05-10 13:34:53,MA311P2275,甲醇2311沽2275,113.0,0.0,0.0,0.0,6,44.5,0.0,0,90.0,103.5,113.0,99.0,163.0,16952.0,145
2023-05-10 13:34:54,MA311P2275,甲醇2311沽2275,113.0,0.0,0.0,0.0,6,53.5,0.0,0,90.0,103.5,113.0,99.0,163.0,16952.0,145
2023-05-10 13:34:54,MA311P2275,甲醇2311沽2275,113.0,0.0,0.0,0.0,2,61.5,0.0,0,90.0,103.5,113.0,99.0,163.0,16952.0,145
2023-05-10 13:34:55,MA311P2275,甲醇2311沽2275,113.0,0.0,0.0,0.0,6,62.5,0.0,0,90.0,103.5,113.0,99.0,163.0,16952.0,145
2023-05-10 13:34:55,MA311P2275,甲醇2311沽2275,113.0,0.0,0.0,0.0,2,70.5,0.0,0,90.0,103.5,113.0,99.0,163.0,16952.0,145
2023-05-10 13:35:21,MA311P2275,甲醇2311沽2275,113.0,0.0,0.0,0.0,3,104.5,116.5,3,90.0,103.5,113.0,99.0,163.0,16952.0,145
2023-05-10 13:35:22,MA311P2275,甲醇2311沽2275,113.0,0.0,0.0,0.0,6,104.5,116.5,6,90.0,103.5,113.0,99.0,163.0,16952.0,145
2023-05-10 13:35:23,MA311P2275,甲醇2311沽2275,113.0,0.0,0.0,0.0,3,110.5,113.5,3,90.0,103.5,113.0,99.0,163.0,16952.0,145
2023-05-10 13:35:27,MA311P2275,甲醇2311沽2275,113.0,0.0,0.0,0.0,1,113.0,113.5,3,90.0,103.5,113.0,99.0,163.0,16952.0,145
2023-05-10 13:35:34,MA311P2275,甲醇2311沽2275,113.0,0.0,0.0,0.0,4,113.0,113.5,6,90.0,103.5,113.0,99.0,163.0,16952.0,145
2023-05-10 13:35:35,MA311P2275,甲醇2311沽2275,113.0,0.0,0.0,0.0,4,113.0,113.5,9,90.0,103.5,113.0,99.0,163.0,16952.0,145
2023-05-10 13:35:36,MA311P2275,甲醇2311沽2275,113.0,0.0,0.0,0.0,4,113.0,113.5,12,90.0,103.5,113.0,99.0,163.0,16952.0,145
2023-05-10 13:35:37,MA311P2275,甲醇2311沽2275,113.0,0.0,0.0,0.0,3,113.0,113.5,12,90.0,103.5,113.0,99.0,163.0,16952.0,145
2023-05-10 13:35:38,MA311P2275,甲醇2311沽2275,112.5,12.0,1335.5,-3.0,6,112.5,113.5,3,90.0,103.5,113.0,99.0,175.0,18287.5,142
2023-05-10 13:35:41,MA311P2275,甲醇2311沽2275,112.5,0.0,0.0,0.0,1,113.0,113.5,3,90.0,103.5,113.0,99.0,175.0,18287.5,142
2023-05-10 13:35:47,MA311P2275,甲醇2311沽2275,112.5,0.0,0.0,0.0,1,113.0,119.0,3,90.0,103.5,113.0,99.0,175.0,18287.5,142
2023-05-10 13:35:51,MA311P2275,甲醇2311沽2275,112.5,0.0,0.0,0.0,1,113.0,0.0,0,90.0,103.5,113.0,99.0,175.0,18287.5,142
2023-05-10 13:35:52,MA311P2275,甲醇2311沽2275,112.5,0.0,0.0,0.0,1,44.0,0.0,0,90.0,103.5,113.0,99.0,175.0,18287.5,142
2023-05-10 13:35:52,MA311P2275,甲醇2311沽2275,112.5,0.0,0.0,0.0,2,52.0,0.0,0,90.0,103.5,113.0,99.0,175.0,18287.5,142
2023-05-10 13:35:53,MA311P2275,甲醇2311沽2275,112.5,0.0,0.0,0.0,6,53.0,0.0,0,90.0,103.5,113.0,99.0,175.0,18287.5,142
2023-05-10 13:35:53,MA311P2275,甲醇2311沽2275,112.5,0.0,0.0,0.0,2,61.0,0.0,0,90.0,103.5,113.0,99.0,175.0,18287.5,142
2023-05-10 13:35:54,MA311P2275,甲醇2311沽2275,112.5,0.0,0.0,0.0,6,62.0,0.0,0,90.0,103.5,113.0,99.0,175.0,18287.5,142
2023-05-10 13:35:55,MA311P2275,甲醇2311沽2275,112.5,0.0,0.0,0.0,2,70.0,0.0,0,90.0,103.5,113.0,99.0,175.0,18287.5,142
2023-05-10 13:40:21,MA311P2275,甲醇2311沽2275,112.5,0.0,0.0,0.0,3,103.0,115.0,3,90.0,103.5,113.0,99.0,175.0,18287.5,142
2023-05-10 13:40:22,MA311P2275,甲醇2311沽2275,112.5,0.0,0.0,0.0,6,103.0,115.0,6,90.0,103.5,113.0,99.0,175.0,18287.5,142
2023-05-10 13:40:23,MA311P2275,甲醇2311沽2275,112.5,0.0,0.0,0.0,3,109.0,112.0,3,90.0,103.5,113.0,99.0,175.0,18287.5,142
2023-05-10 13:40:28,MA311P2275,甲醇2311沽2275,112.5,0.0,0.0,0.0,6,109.0,112.0,3,90.0,103.5,113.0,99.0,175.0,18287.5,142
2023-05-10 13:40:31,MA311P2275,甲醇2311沽2275,112.5,0.0,0.0,0.0,9,109.0,112.0,3,90.0,103.5,113.0,99.0,175.0,18287.5,142
2023-05-10 13:40:33,MA311P2275,甲醇2311沽2275,112.5,0.0,0.0,0.0,12,109.0,112.0,3,90.0,103.5,113.0,99.0,175.0,18287.5,142
2023-05-10 13:40:35,MA311P2275,甲醇2311沽2275,112.5,0.0,0.0,0.0,9,109.0,112.5,3,90.0,103.5,113.0,99.0,175.0,18287.5,142
2023-05-10 13:40:35,MA311P2275,甲醇2311沽2275,112.5,0.0,0.0,0.0,12,109.0,112.5,3,90.0,103.5,113.0,99.0,175.0,18287.5,142
2023-05-10 13:40:36,MA311P2275,甲醇2311沽2275,112.5,0.0,0.0,0.0,15,109.0,110.0,3,90.0,103.5,113.0,99.0,175.0,18287.5,142
2023-05-10 13:40:36,MA311P2275,甲醇2311沽2275,111.0,6.0,717.5,0.0,9,109.0,112.5,3,90.0,103.5,113.0,99.0,181.0,19005.0,142
2023-05-10 13:40:38,MA311P2275,甲醇2311沽2275,111.0,0.0,0.0,0.0,6,109.0,112.5,3,90.0,103.5,113.0,99.0,181.0,19005.0,142
2023-05-10 13:40:44,MA311P2275,甲醇2311沽2275,111.0,0.0,0.0,0.0,3,109.0,112.5,3,90.0,103.5,113.0,99.0,181.0,19005.0,142
2023-05-10 13:40:47,MA311P2275,甲醇2311沽2275,111.0,0.0,0.0,0.0,3,108.5,113.0,3,90.0,103.5,113.0,99.0,181.0,19005.0,142
2023-05-10 13:40:48,MA311P2275,甲醇2311沽2275,111.0,0.0,0.0,0.0,3,104.5,117.0,3,90.0,103.5,113.0,99.0,181.0,19005.0,142
2023-05-10 13:40:51,MA311P2275,甲醇2311沽2275,111.0,0.0,0.0,0.0,1,44.0,0.0,0,90.0,103.5,113.0,99.0,181.0,19005.0,142
2023-05-10 13:40:51,MA311P2275,甲醇2311沽2275,111.0,0.0,0.0,0.0,2,52.0,0.0,0,90.0,103.5,113.0,99.0,181.0,19005.0,142
2023-05-10 13:40:52,MA311P2275,甲醇2311沽2275,111.0,0.0,0.0,0.0,6,53.0,0.0,0,90.0,103.5,113.0,99.0,181.0,19005.0,142
2023-05-10 13:40:52,MA311P2275,甲醇2311沽2275,111.0,0.0,0.0,0.0,2,61.0,0.0,0,90.0,103.5,113.0,99.0,181.0,19005.0,142
2023-05-10 13:48:02,MA311P2275,甲醇2311沽2275,111.0,0.0,0.0,0.0,3,101.0,113.0,3,90.0,103.5,113.0,99.0,181.0,19005.0,142
2023-05-10 13:48:03,MA311P2275,甲醇2311沽2275,111.0,0.0,0.0,0.0,6,101.0,113.0,6,90.0,103.5,113.0,99.0,181.0,19005.0,142
2023-05-10 13:48:04,MA311P2275,甲醇2311沽2275,111.0,0.0,0.0,0.0,3,107.5,110.5,3,90.0,103.5,113.0,99.0,181.0,19005.0,142
2023-05-10 13:48:13,MA311P2275,甲醇2311沽2275,111.0,0.0,0.0,0.0,9,107.5,110.5,3,90.0,103.5,113.0,99.0,181.0,19005.0,142
2023-05-10 13:48:16,MA311P2275,甲醇2311沽2275,111.0,0.0,0.0,0.0,9,107.5,110.5,6,90.0,103.5,113.0,99.0,181.0,19005.0,142
2023-05-10 13:48:16,MA311P2275,甲醇2311沽2275,111.0,0.0,0.0,0.0,12,107.5,108.5,3,90.0,103.5,113.0,99.0,181.0,19005.0,142
2023-05-10 13:48:17,MA311P2275,甲醇2311沽2275,108.5,3.0,315.0,3.0,6,108.0,109.0,3,90.0,103.5,113.0,99.0,184.0,19320.0,145
2023-05-10 13:48:17,MA311P2275,甲醇2311沽2275,108.5,0.0,0.0,0.0,9,108.0,109.0,3,90.0,103.5,113.0,99.0,184.0,19320.0,145
2023-05-10 13:48:19,MA311P2275,甲醇2311沽2275,108.5,0.0,0.0,0.0,12,108.0,109.0,3,90.0,103.5,113.0,99.0,184.0,19320.0,145
2023-05-10 13:48:24,MA311P2275,甲醇2311沽2275,108.5,0.0,0.0,0.0,9,108.0,109.0,3,90.0,103.5,113.0,99.0,184.0,19320.0,145
2023-05-10 13:48:28,MA311P2275,甲醇2311沽2275,108.5,0.0,0.0,0.0,6,108.0,109.5,3,90.0,103.5,113.0,99.0,184.0,19320.0,145
2023-05-10 13:48:29,MA311P2275,甲醇2311沽2275,108.5,0.0,0.0,0.0,6,108.0,110.5,3,90.0,103.5,113.0,99.0,184.0,19320.0,145
2023-05-10 13:48:29,MA311P2275,甲醇2311沽2275,108.5,0.0,0.0,0.0,3,108.0,114.5,3,90.0,103.5,113.0,99.0,184.0,19320.0,145
2023-05-10 13:48:32,MA311P2275,甲醇2311沽2275,108.5,0.0,0.0,0.0,3,108.0,0.0,0,90.0,103.5,113.0,99.0,184.0,19320.0,145
2023-05-10 13:53:16,MA311P2275,甲醇2311沽2275,108.5,0.0,0.0,0.0,3,108.0,114.5,3,90.0,103.5,113.0,99.0,184.0,19320.0,145
2023-05-10 13:53:18,MA311P2275,甲醇2311沽2275,108.5,0.0,0.0,0.0,6,108.0,114.5,6,90.0,103.5,113.0,99.0,184.0,19320.0,145
2023-05-10 13:53:19,MA311P2275,甲醇2311沽2275,108.5,0.0,0.0,0.0,3,109.0,112.0,3,90.0,103.5,113.0,99.0,184.0,19320.0,145
2023-05-10 13:53:23,MA311P2275,甲醇2311沽2275,108.5,0.0,0.0,0.0,6,109.0,112.0,6,90.0,103.5,113.0,99.0,184.0,19320.0,145
2023-05-10 13:53:26,MA311P2275,甲醇2311沽2275,108.5,0.0,0.0,0.0,9,109.0,112.0,9,90.0,103.5,113.0,99.0,184.0,19320.0,145
2023-05-10 13:53:30,MA311P2275,甲醇2311沽2275,108.5,0.0,0.0,0.0,12,109.0,112.0,12,90.0,103.5,113.0,99.0,184.0,19320.0,145
2023-05-10 13:53:31,MA311P2275,甲醇2311沽2275,108.5,0.0,0.0,0.0,9,109.0,112.0,9,90.0,103.5,113.0,99.0,184.0,19320.0,145
2023-05-10 13:53:32,MA311P2275,甲醇2311沽2275,108.5,0.0,0.0,0.0,12,109.0,109.5,3,90.0,103.5,113.0,99.0,184.0,19320.0,145
2023-05-10 13:53:33,MA311P2275,甲醇2311沽2275,108.5,0.0,0.0,0.0,12,109.0,110.5,3,90.0,103.5,113.0,99.0,184.0,19320.0,145
2023-05-10 13:53:33,MA311P2275,甲醇2311沽2275,108.5,0.0,0.0,0.0,12,109.0,109.5,3,90.0,103.5,113.0,99.0,184.0,19320.0,145
2023-05-10 13:53:34,MA311P2275,甲醇2311沽2275,108.5,0.0,0.0,0.0,12,109.0,110.5,3,90.0,103.5,113.0,99.0,184.0,19320.0,145
2023-05-10 13:53:34,MA311P2275,甲醇2311沽2275,108.5,0.0,0.0,0.0,9,109.0,109.5,3,90.0,103.5,113.0,99.0,184.0,19320.0,145
2023-05-10 13:53:35,MA311P2275,甲醇2311沽2275,108.5,0.0,0.0,0.0,9,109.0,110.5,3,90.0,103.5,113.0,99.0,184.0,19320.0,145
2023-05-10 13:53:35,MA311P2275,甲醇2311沽2275,108.5,0.0,0.0,0.0,9,109.0,109.5,3,90.0,103.5,113.0,99.0,184.0,19320.0,145
2023-05-10 13:53:36,MA311P2275,甲醇2311沽2275,108.5,0.0,0.0,0.0,9,109.0,110.5,3,90.0,103.5,113.0,99.0,184.0,19320.0,145
2023-05-10 13:53:36,MA311P2275,甲醇2311沽2275,108.5,0.0,0.0,0.0,9,109.0,109.5,3,90.0,103.5,113.0,99.0,184.0,19320.0,145
2023-05-10 13:53:37,MA311P2275,甲醇2311沽2275,108.5,0.0,0.0,0.0,9,109.0,110.5,3,90.0,103.5,113.0,99.0,184.0,19320.0,145
2023-05-10 13:53:37,MA311P2275,甲醇2311沽2275,108.5,0.0,0.0,0.0,9,109.0,111.5,3,90.0,103.5,113.0,99.0,184.0,19320.0,145
2023-05-10 13:53:37,MA311P2275,甲醇2311沽2275,108.5,0.0,0.0,0.0,9,109.0,112.0,9,90.0,103.5,113.0,99.0,184.0,19320.0,145
2023-05-10 13:53:38,MA311P2275,甲醇2311沽2275,108.5,0.0,0.0,0.0,6,109.0,112.0,6,90.0,103.5,113.0,99.0,184.0,19320.0,145
2023-05-10 13:53:42,MA311P2275,甲醇2311沽2275,108.5,0.0,0.0,0.0,3,109.0,112.0,3,90.0,103.5,113.0,99.0,184.0,19320.0,145
2023-05-10 13:53:44,MA311P2275,甲醇2311沽2275,108.5,0.0,0.0,0.0,3,108.0,115.0,3,90.0,103.5,113.0,99.0,184.0,19320.0,145
2023-05-10 13:53:46,MA311P2275,甲醇2311沽2275,108.5,0.0,0.0,0.0,3,108.0,0.0,0,90.0,103.5,113.0,99.0,184.0,19320.0,145
2023-05-10 13:56:27,MA311P2275,甲醇2311沽2275,108.5,0.0,0.0,0.0,3,108.0,113.5,3,90.0,103.5,113.0,99.0,184.0,19320.0,145
2023-05-10 13:56:29,MA311P2275,甲醇2311沽2275,108.5,0.0,0.0,0.0,6,108.0,113.5,6,90.0,103.5,113.0,99.0,184.0,19320.0,145
2023-05-10 13:56:30,MA311P2275,甲醇2311沽2275,108.5,0.0,0.0,0.0,9,108.0,111.0,3,90.0,103.5,113.0,99.0,184.0,19320.0,145
2023-05-10 13:56:38,MA311P2275,甲醇2311沽2275,108.5,0.0,0.0,0.0,12,108.0,111.0,3,90.0,103.5,113.0,99.0,184.0,19320.0,145
2023-05-10 13:56:41,MA311P2275,甲醇2311沽2275,108.5,0.0,0.0,0.0,9,108.0,111.0,3,90.0,103.5,113.0,99.0,184.0,19320.0,145
2023-05-10 13:56:42,MA311P2275,甲醇2311沽2275,108.5,0.0,0.0,0.0,3,108.0,112.0,3,90.0,103.5,113.0,99.0,184.0,19320.0,145
2023-05-10 13:56:42,MA311P2275,甲醇2311沽2275,108.5,0.0,0.0,0.0,9,108.0,112.0,3,90.0,103.5,113.0,99.0,184.0,19320.0,145
2023-05-10 13:56:42,MA311P2275,甲醇2311沽2275,108.5,0.0,0.0,0.0,9,108.0,108.5,3,90.0,103.5,113.0,99.0,184.0,19320.0,145
2023-05-10 13:56:43,MA311P2275,甲醇2311沽2275,108.5,0.0,0.0,0.0,9,108.0,109.5,3,90.0,103.5,113.0,99.0,184.0,19320.0,145
2023-05-10 13:56:43,MA311P2275,甲醇2311沽2275,108.5,0.0,0.0,0.0,9,108.0,108.5,3,90.0,103.5,113.0,99.0,184.0,19320.0,145
2023-05-10 13:56:44,MA311P2275,甲醇2311沽2275,108.5,0.0,0.0,0.0,9,108.0,109.5,3,90.0,103.5,113.0,99.0,184.0,19320.0,145
2023-05-10 13:56:44,MA311P2275,甲醇2311沽2275,108.5,0.0,0.0,0.0,12,108.0,108.5,3,90.0,103.5,113.0,99.0,184.0,19320.0,145
2023-05-10 13:56:45,MA311P2275,甲醇2311沽2275,108.5,0.0,0.0,0.0,15,108.0,109.0,3,90.0,103.5,113.0,99.0,184.0,19320.0,145
2023-05-10 13:56:45,MA311P2275,甲醇2311沽2275,108.5,0.0,0.0,0.0,15,108.0,108.5,3,90.0,103.5,113.0,99.0,184.0,19320.0,145
2023-05-10 13:56:46,MA311P2275,甲醇2311沽2275,108.5,0.0,0.0,0.0,15,108.0,109.0,3,90.0,103.5,113.0,99.0,184.0,19320.0,145
2023-05-10 13:56:46,MA311P2275,甲醇2311沽2275,108.5,0.0,0.0,0.0,15,108.0,108.5,3,90.0,103.5,113.0,99.0,184.0,19320.0,145
2023-05-10 13:56:47,MA311P2275,甲醇2311沽2275,108.5,0.0,0.0,0.0,15,108.0,109.0,3,90.0,103.5,113.0,99.0,184.0,19320.0,145
2023-05-10 13:56:50,MA311P2275,甲醇2311沽2275,108.5,0.0,0.0,0.0,12,108.0,109.0,3,90.0,103.5,113.0,99.0,184.0,19320.0,145
2023-05-10 13:56:55,MA311P2275,甲醇2311沽2275,108.5,0.0,0.0,0.0,9,108.0,109.0,3,90.0,103.5,113.0,99.0,184.0,19320.0,145
2023-05-10 13:56:55,MA311P2275,甲醇2311沽2275,108.5,0.0,0.0,0.0,6,108.0,109.0,3,90.0,103.5,113.0,99.0,184.0,19320.0,145
2023-05-10 13:56:58,MA311P2275,甲醇2311沽2275,108.5,0.0,0.0,0.0,3,108.0,0.0,0,90.0,103.5,113.0,99.0,184.0,19320.0,145
2023-05-10 14:05:17,MA311P2275,甲醇2311沽2275,108.5,0.0,0.0,0.0,3,108.0,115.0,3,90.0,103.5,113.0,99.0,184.0,19320.0,145
2023-05-10 14:05:18,MA311P2275,甲醇2311沽2275,108.5,0.0,0.0,0.0,6,108.0,115.0,6,90.0,103.5,113.0,99.0,184.0,19320.0,145
2023-05-10 14:05:19,MA311P2275,甲醇2311沽2275,108.5,0.0,0.0,0.0,3,109.5,112.5,3,90.0,103.5,113.0,99.0,184.0,19320.0,145
2023-05-10 14:05:23,MA311P2275,甲醇2311沽2275,108.5,0.0,0.0,0.0,6,109.5,112.5,6,90.0,103.5,113.0,99.0,184.0,19320.0,145
2023-05-10 14:05:24,MA311P2275,甲醇2311沽2275,108.5,0.0,0.0,0.0,9,109.5,112.5,6,90.0,103.5,113.0,99.0,184.0,19320.0,145
2023-05-10 14:05:27,MA311P2275,甲醇2311沽2275,108.5,0.0,0.0,0.0,12,109.5,112.5,9,90.0,103.5,113.0,99.0,184.0,19320.0,145
2023-05-10 14:05:31,MA311P2275,甲醇2311沽2275,108.5,0.0,0.0,0.0,15,109.5,112.5,12,90.0,103.5,113.0,99.0,184.0,19320.0,145
2023-05-10 14:05:31,MA311P2275,甲醇2311沽2275,108.5,0.0,0.0,0.0,12,109.5,112.5,9,90.0,103.5,113.0,99.0,184.0,19320.0,145
2023-05-10 14:05:32,MA311P2275,甲醇2311沽2275,110.0,3.0,315.0,3.0,12,109.5,110.0,3,90.0,103.5,113.0,99.0,187.0,19635.0,148
2023-05-10 14:05:32,MA311P2275,甲醇2311沽2275,110.0,3.0,315.0,3.0,9,109.5,110.5,3,90.0,103.5,113.0,99.0,190.0,19950.0,151
2023-05-10 14:05:33,MA311P2275,甲醇2311沽2275,110.0,0.0,0.0,0.0,15,109.5,110.5,9,90.0,103.5,113.0,99.0,190.0,19950.0,151
2023-05-10 14:05:34,MA311P2275,甲醇2311沽2275,110.0,0.0,0.0,0.0,18,109.5,110.5,9,90.0,103.5,113.0,99.0,190.0,19950.0,151
2023-05-10 14:05:36,MA311P2275,甲醇2311沽2275,110.0,0.0,0.0,0.0,15,109.5,110.5,9,90.0,103.5,113.0,99.0,190.0,19950.0,151
2023-05-10 14:05:40,MA311P2275,甲醇2311沽2275,110.0,0.0,0.0,0.0,12,109.5,110.5,6,90.0,103.5,113.0,99.0,190.0,19950.0,151
2023-05-10 14:05:43,MA311P2275,甲醇2311沽2275,110.0,0.0,0.0,0.0,9,109.5,110.5,6,90.0,103.5,113.0,99.0,190.0,19950.0,151
2023-05-10 14:05:44,MA311P2275,甲醇2311沽2275,110.0,0.0,0.0,0.0,6,109.5,111.0,3,90.0,103.5,113.0,99.0,190.0,19950.0,151
2023-05-10 14:05:45,MA311P2275,甲醇2311沽2275,110.0,0.0,0.0,0.0,3,109.5,116.0,3,90.0,103.5,113.0,99.0,190.0,19950.0,151
2023-05-10 14:05:47,MA311P2275,甲醇2311沽2275,110.0,0.0,0.0,0.0,3,109.5,0.0,0,90.0,103.5,113.0,99.0,190.0,19950.0,151
2023-05-10 14:22:57,MA311P2275,甲醇2311沽2275,110.0,0.0,0.0,0.0,1,44.0,0.0,0,90.0,103.5,113.0,99.0,190.0,19950.0,151
2023-05-10 14:22:57,MA311P2275,甲醇2311沽2275,110.0,0.0,0.0,0.0,6,45.0,0.0,0,90.0,103.5,113.0,99.0,190.0,19950.0,151
2023-05-10 14:22:58,MA311P2275,甲醇2311沽2275,110.0,0.0,0.0,0.0,2,53.0,0.0,0,90.0,103.5,113.0,99.0,190.0,19950.0,151
2023-05-10 14:22:58,MA311P2275,甲醇2311沽2275,110.0,0.0,0.0,0.0,6,54.0,0.0,0,90.0,103.5,113.0,99.0,190.0,19950.0,151
2023-05-10 14:22:59,MA311P2275,甲醇2311沽2275,110.0,0.0,0.0,0.0,2,62.0,0.0,0,90.0,103.5,113.0,99.0,190.0,19950.0,151
2023-05-10 14:23:18,MA311P2275,甲醇2311沽2275,110.0,0.0,0.0,0.0,3,102.5,114.5,3,90.0,103.5,113.0,99.0,190.0,19950.0,151
2023-05-10 14:23:20,MA311P2275,甲醇2311沽2275,110.0,0.0,0.0,0.0,6,102.5,114.5,6,90.0,103.5,113.0,99.0,190.0,19950.0,151
2023-05-10 14:23:21,MA311P2275,甲醇2311沽2275,110.0,0.0,0.0,0.0,3,109.5,112.5,3,90.0,103.5,113.0,99.0,190.0,19950.0,151
2023-05-10 14:23:25,MA311P2275,甲醇2311沽2275,110.0,0.0,0.0,0.0,6,109.5,112.5,6,90.0,103.5,113.0,99.0,190.0,19950.0,151
2023-05-10 14:23:26,MA311P2275,甲醇2311沽2275,110.0,0.0,0.0,0.0,9,109.5,112.5,6,90.0,103.5,113.0,99.0,190.0,19950.0,151
2023-05-10 14:23:29,MA311P2275,甲醇2311沽2275,110.0,0.0,0.0,0.0,12,109.5,112.5,9,90.0,103.5,113.0,99.0,190.0,19950.0,151
2023-05-10 14:23:33,MA311P2275,甲醇2311沽2275,110.0,0.0,0.0,0.0,9,109.5,112.5,3,90.0,103.5,113.0,99.0,190.0,19950.0,151
2023-05-10 14:23:33,MA311P2275,甲醇2311沽2275,110.0,0.0,0.0,0.0,15,109.5,112.5,12,90.0,103.5,113.0,99.0,190.0,19950.0,151
2023-05-10 14:23:35,MA311P2275,甲醇2311沽2275,110.0,0.0,0.0,0.0,18,109.5,112.5,15,90.0,103.5,113.0,99.0,190.0,19950.0,151
2023-05-10 14:23:38,MA311P2275,甲醇2311沽2275,110.0,0.0,0.0,0.0,15,109.5,112.5,15,90.0,103.5,113.0,99.0,190.0,19950.0,151
2023-05-10 14:23:41,MA311P2275,甲醇2311沽2275,110.0,0.0,0.0,0.0,12,109.5,112.5,12,90.0,103.5,113.0,99.0,190.0,19950.0,151
2023-05-10 14:23:43,MA311P2275,甲醇2311沽2275,110.0,0.0,0.0,0.0,9,109.5,112.5,9,90.0,103.5,113.0,99.0,190.0,19950.0,151
2023-05-10 14:23:45,MA311P2275,甲醇2311沽2275,110.0,0.0,0.0,0.0,6,109.5,112.5,6,90.0,103.5,113.0,99.0,190.0,19950.0,151
2023-05-10 14:23:46,MA311P2275,甲醇2311沽2275,110.0,0.0,0.0,0.0,3,109.5,112.5,3,90.0,103.5,113.0,99.0,190.0,19950.0,151
2023-05-10 14:23:46,MA311P2275,甲醇2311沽2275,110.0,0.0,0.0,0.0,3,105.0,117.0,3,90.0,103.5,113.0,99.0,190.0,19950.0,151
2023-05-10 14:23:48,MA311P2275,甲醇2311沽2275,110.0,0.0,0.0,0.0,1,44.0,0.0,0,90.0,103.5,113.0,99.0,190.0,19950.0,151
2023-05-10 14:23:49,MA311P2275,甲醇2311沽2275,110.0,0.0,0.0,0.0,2,52.0,0.0,0,90.0,103.5,113.0,99.0,190.0,19950.0,151
2023-05-10 14:23:49,MA311P2275,甲醇2311沽2275,110.0,0.0,0.0,0.0,6,53.0,0.0,0,90.0,103.5,113.0,99.0,190.0,19950.0,151
2023-05-10 14:23:50,MA311P2275,甲醇2311沽2275,110.0,0.0,0.0,0.0,2,61.0,0.0,0,90.0,103.5,113.0,99.0,190.0,19950.0,151
2023-05-10 14:23:50,MA311P2275,甲醇2311沽2275,110.0,0.0,0.0,0.0,6,62.0,0.0,0,90.0,103.5,113.0,99.0,190.0,19950.0,151
2023-05-10 14:23:51,MA311P2275,甲醇2311沽2275,110.0,0.0,0.0,0.0,2,70.0,0.0,0,90.0,103.5,113.0,99.0,190.0,19950.0,151
2023-05-10 14:28:52,MA311P2275,甲醇2311沽2275,110.0,0.0,0.0,0.0,3,103.5,115.5,3,90.0,103.5,113.0,99.0,190.0,19950.0,151
2023-05-10 14:28:53,MA311P2275,甲醇2311沽2275,110.0,0.0,0.0,0.0,6,103.5,115.5,6,90.0,103.5,113.0,99.0,190.0,19950.0,151
2023-05-10 14:28:54,MA311P2275,甲醇2311沽2275,110.0,0.0,0.0,0.0,3,110.5,113.5,3,90.0,103.5,113.0,99.0,190.0,19950.0,151
2023-05-10 14:28:59,MA311P2275,甲醇2311沽2275,110.0,0.0,0.0,0.0,6,110.5,113.5,6,90.0,103.5,113.0,99.0,190.0,19950.0,151
2023-05-10 14:29:03,MA311P2275,甲醇2311沽2275,110.0,0.0,0.0,0.0,9,110.5,113.5,9,90.0,103.5,113.0,99.0,190.0,19950.0,151
2023-05-10 14:29:04,MA311P2275,甲醇2311沽2275,110.0,0.0,0.0,0.0,12,110.5,113.5,9,90.0,103.5,113.0,99.0,190.0,19950.0,151
2023-05-10 14:29:06,MA311P2275,甲醇2311沽2275,110.0,0.0,0.0,0.0,9,110.5,113.5,6,90.0,103.5,113.0,99.0,190.0,19950.0,151
2023-05-10 14:29:07,MA311P2275,甲醇2311沽2275,110.0,0.0,0.0,0.0,9,110.5,113.5,3,90.0,103.5,113.0,99.0,190.0,19950.0,151
2023-05-10 14:29:07,MA311P2275,甲醇2311沽2275,110.0,0.0,0.0,0.0,15,110.5,113.5,12,90.0,103.5,113.0,99.0,190.0,19950.0,151
2023-05-10 14:29:15,MA311P2275,甲醇2311沽2275,110.0,0.0,0.0,0.0,9,110.5,113.5,9,90.0,103.5,113.0,99.0,190.0,19950.0,151
2023-05-10 14:29:17,MA311P2275,甲醇2311沽2275,110.0,0.0,0.0,0.0,6,110.5,113.5,6,90.0,103.5,113.0,99.0,190.0,19950.0,151
2023-05-10 14:29:19,MA311P2275,甲醇2311沽2275,110.0,0.0,0.0,0.0,3,110.5,113.5,3,90.0,103.5,113.0,99.0,190.0,19950.0,151
2023-05-10 14:29:19,MA311P2275,甲醇2311沽2275,110.0,0.0,0.0,0.0,3,106.0,118.0,3,90.0,103.5,113.0,99.0,190.0,19950.0,151
2023-05-10 14:29:22,MA311P2275,甲醇2311沽2275,110.0,0.0,0.0,0.0,1,44.0,0.0,0,90.0,103.5,113.0,99.0,190.0,19950.0,151
2023-05-10 14:29:23,MA311P2275,甲醇2311沽2275,110.0,0.0,0.0,0.0,2,52.0,0.0,0,90.0,103.5,113.0,99.0,190.0,19950.0,151
2023-05-10 14:29:23,MA311P2275,甲醇2311沽2275,110.0,0.0,0.0,0.0,6,53.0,0.0,0,90.0,103.5,113.0,99.0,190.0,19950.0,151
2023-05-10 14:29:24,MA311P2275,甲醇2311沽2275,110.0,0.0,0.0,0.0,2,61.0,0.0,0,90.0,103.5,113.0,99.0,190.0,19950.0,151
2023-05-10 14:29:24,MA311P2275,甲醇2311沽2275,110.0,0.0,0.0,0.0,6,62.0,0.0,0,90.0,103.5,113.0,99.0,190.0,19950.0,151
2023-05-10 14:29:25,MA311P2275,甲醇2311沽2275,110.0,0.0,0.0,0.0,2,70.0,0.0,0,90.0,103.5,113.0,99.0,190.0,19950.0,151
2023-05-10 14:32:37,MA311P2275,甲醇2311沽2275,110.0,0.0,0.0,0.0,3,103.0,115.0,3,90.0,103.5,113.0,99.0,190.0,19950.0,151
2023-05-10 14:32:38,MA311P2275,甲醇2311沽2275,110.0,0.0,0.0,0.0,6,103.0,115.0,6,90.0,103.5,113.0,99.0,190.0,19950.0,151
2023-05-10 14:32:39,MA311P2275,甲醇2311沽2275,110.0,0.0,0.0,0.0,3,110.0,113.0,3,90.0,103.5,113.0,99.0,190.0,19950.0,151
2023-05-10 14:32:43,MA311P2275,甲醇2311沽2275,110.0,0.0,0.0,0.0,6,110.0,113.0,6,90.0,103.5,113.0,99.0,190.0,19950.0,151
2023-05-10 14:32:44,MA311P2275,甲醇2311沽2275,110.0,0.0,0.0,0.0,9,110.0,113.0,9,90.0,103.5,113.0,99.0,190.0,19950.0,151
2023-05-10 14:32:47,MA311P2275,甲醇2311沽2275,110.0,0.0,0.0,0.0,12,110.0,113.0,12,90.0,103.5,113.0,99.0,190.0,19950.0,151
2023-05-10 14:32:49,MA311P2275,甲醇2311沽2275,110.0,0.0,0.0,0.0,15,110.0,113.0,12,90.0,103.5,113.0,99.0,190.0,19950.0,151
2023-05-10 14:32:51,MA311P2275,甲醇2311沽2275,110.0,0.0,0.0,0.0,12,110.0,113.0,9,90.0,103.5,113.0,99.0,190.0,19950.0,151
2023-05-10 14:32:52,MA311P2275,甲醇2311沽2275,110.0,0.0,0.0,0.0,15,110.0,113.0,12,90.0,103.5,113.0,99.0,190.0,19950.0,151
2023-05-10 14:32:52,MA311P2275,甲醇2311沽2275,110.0,0.0,0.0,0.0,18,110.0,113.0,15,90.0,103.5,113.0,99.0,190.0,19950.0,151
2023-05-10 14:32:55,MA311P2275,甲醇2311沽2275,110.0,0.0,0.0,0.0,15,110.0,113.0,12,90.0,103.5,113.0,99.0,190.0,19950.0,151
2023-05-10 14:32:59,MA311P2275,甲醇2311沽2275,110.0,0.0,0.0,0.0,12,110.0,113.0,9,90.0,103.5,113.0,99.0,190.0,19950.0,151
2023-05-10 14:33:00,MA311P2275,甲醇2311沽2275,110.0,0.0,0.0,0.0,9,110.0,113.0,9,90.0,103.5,113.0,99.0,190.0,19950.0,151
2023-05-10 14:33:01,MA311P2275,甲醇2311沽2275,110.0,0.0,0.0,0.0,6,110.0,113.0,6,90.0,103.5,113.0,99.0,190.0,19950.0,151
2023-05-10 14:33:04,MA311P2275,甲醇2311沽2275,110.0,0.0,0.0,0.0,3,110.0,113.0,3,90.0,103.5,113.0,99.0,190.0,19950.0,151
2023-05-10 14:33:05,MA311P2275,甲醇2311沽2275,110.0,0.0,0.0,0.0,3,105.5,117.5,3,90.0,103.5,113.0,99.0,190.0,19950.0,151
2023-05-10 14:33:07,MA311P2275,甲醇2311沽2275,110.0,0.0,0.0,0.0,1,44.0,0.0,0,90.0,103.5,113.0,99.0,190.0,19950.0,151
2023-05-10 14:33:08,MA311P2275,甲醇2311沽2275,110.0,0.0,0.0,0.0,6,45.0,0.0,0,90.0,103.5,113.0,99.0,190.0,19950.0,151
2023-05-10 14:33:09,MA311P2275,甲醇2311沽2275,110.0,0.0,0.0,0.0,2,52.0,0.0,0,90.0,103.5,113.0,99.0,190.0,19950.0,151
2023-05-10 14:33:10,MA311P2275,甲醇2311沽2275,110.0,0.0,0.0,0.0,6,53.0,0.0,0,90.0,103.5,113.0,99.0,190.0,19950.0,151
2023-05-10 14:33:11,MA311P2275,甲醇2311沽2275,110.0,0.0,0.0,0.0,2,61.0,0.0,0,90.0,103.5,113.0,99.0,190.0,19950.0,151
2023-05-10 14:33:11,MA311P2275,甲醇2311沽2275,110.0,0.0,0.0,0.0,6,62.0,0.0,0,90.0,103.5,113.0,99.0,190.0,19950.0,151
2023-05-10 14:33:12,MA311P2275,甲醇2311沽2275,110.0,0.0,0.0,0.0,2,66.0,0.0,0,90.0,103.5,113.0,99.0,190.0,19950.0,151
2023-05-10 14:39:24,MA311P2275,甲醇2311沽2275,110.0,0.0,0.0,0.0,3,104.0,116.0,3,90.0,103.5,113.0,99.0,190.0,19950.0,151
2023-05-10 14:39:26,MA311P2275,甲醇2311沽2275,110.0,0.0,0.0,0.0,6,104.0,116.0,6,90.0,103.5,113.0,99.0,190.0,19950.0,151
2023-05-10 14:39:27,MA311P2275,甲醇2311沽2275,110.0,0.0,0.0,0.0,3,111.5,114.5,3,90.0,103.5,113.0,99.0,190.0,19950.0,151
2023-05-10 14:39:31,MA311P2275,甲醇2311沽2275,110.0,0.0,0.0,0.0,6,111.5,114.5,6,90.0,103.5,113.0,99.0,190.0,19950.0,151
2023-05-10 14:39:35,MA311P2275,甲醇2311沽2275,110.0,0.0,0.0,0.0,9,111.5,114.5,9,90.0,103.5,113.0,99.0,190.0,19950.0,151
2023-05-10 14:39:38,MA311P2275,甲醇2311沽2275,114.5,6.0,728.0,0.0,6,111.5,114.5,3,90.0,103.5,114.5,99.0,196.0,20678.0,151
2023-05-10 14:39:38,MA311P2275,甲醇2311沽2275,114.5,0.0,0.0,0.0,3,111.5,115.5,3,90.0,103.5,114.5,99.0,196.0,20678.0,151
2023-05-10 14:39:39,MA311P2275,甲醇2311沽2275,114.5,0.0,0.0,0.0,9,111.0,116.5,3,90.0,103.5,114.5,99.0,196.0,20678.0,151
2023-05-10 14:39:39,MA311P2275,甲醇2311沽2275,114.5,0.0,0.0,0.0,9,111.0,117.0,3,90.0,103.5,114.5,99.0,196.0,20678.0,151
2023-05-10 14:39:39,MA311P2275,甲醇2311沽2275,114.5,0.0,0.0,0.0,9,111.0,116.5,3,90.0,103.5,114.5,99.0,196.0,20678.0,151
2023-05-10 14:39:39,MA311P2275,甲醇2311沽2275,114.5,0.0,0.0,0.0,9,111.0,117.0,3,90.0,103.5,114.5,99.0,196.0,20678.0,151
2023-05-10 14:39:40,MA311P2275,甲醇2311沽2275,114.5,0.0,0.0,0.0,15,111.0,117.0,9,90.0,103.5,114.5,99.0,196.0,20678.0,151
2023-05-10 14:39:41,MA311P2275,甲醇2311沽2275,114.5,0.0,0.0,0.0,18,111.0,117.0,12,90.0,103.5,114.5,99.0,196.0,20678.0,151
2023-05-10 14:39:44,MA311P2275,甲醇2311沽2275,114.5,0.0,0.0,0.0,15,111.0,117.0,12,90.0,103.5,114.5,99.0,196.0,20678.0,151
2023-05-10 14:39:47,MA311P2275,甲醇2311沽2275,114.5,0.0,0.0,0.0,9,111.0,117.0,9,90.0,103.5,114.5,99.0,196.0,20678.0,151
2023-05-10 14:39:51,MA311P2275,甲醇2311沽2275,114.5,0.0,0.0,0.0,6,111.0,117.0,6,90.0,103.5,114.5,99.0,196.0,20678.0,151
2023-05-10 14:39:52,MA311P2275,甲醇2311沽2275,114.5,0.0,0.0,0.0,3,108.0,120.0,3,90.0,103.5,114.5,99.0,196.0,20678.0,151
2023-05-10 14:39:55,MA311P2275,甲醇2311沽2275,114.5,0.0,0.0,0.0,1,44.0,0.0,0,90.0,103.5,114.5,99.0,196.0,20678.0,151
2023-05-10 14:39:55,MA311P2275,甲醇2311沽2275,114.5,0.0,0.0,0.0,2,52.0,0.0,0,90.0,103.5,114.5,99.0,196.0,20678.0,151
2023-05-10 14:39:55,MA311P2275,甲醇2311沽2275,114.5,0.0,0.0,0.0,6,53.0,0.0,0,90.0,103.5,114.5,99.0,196.0,20678.0,151
2023-05-10 14:39:56,MA311P2275,甲醇2311沽2275,114.5,0.0,0.0,0.0,2,61.0,0.0,0,90.0,103.5,114.5,99.0,196.0,20678.0,151
2023-05-10 14:39:56,MA311P2275,甲醇2311沽2275,114.5,0.0,0.0,0.0,6,62.0,0.0,0,90.0,103.5,114.5,99.0,196.0,20678.0,151
2023-05-10 14:39:57,MA311P2275,甲醇2311沽2275,114.5,0.0,0.0,0.0,2,70.0,0.0,0,90.0,103.5,114.5,99.0,196.0,20678.0,151
2023-05-10 14:40:16,MA311P2275,甲醇2311沽2275,114.5,0.0,0.0,0.0,1,70.5,0.0,0,90.0,103.5,114.5,99.0,196.0,20678.0,151
2023-05-10 14:40:17,MA311P2275,甲醇2311沽2275,114.5,0.0,0.0,0.0,2,78.5,0.0,0,90.0,103.5,114.5,99.0,196.0,20678.0,151
2023-05-10 14:40:17,MA311P2275,甲醇2311沽2275,114.5,0.0,0.0,0.0,1,70.5,0.0,0,90.0,103.5,114.5,99.0,196.0,20678.0,151
2023-05-10 14:40:51,MA311P2275,甲醇2311沽2275,114.5,0.0,0.0,0.0,2,74.5,0.0,0,90.0,103.5,114.5,99.0,196.0,20678.0,151
2023-05-10 14:41:35,MA311P2275,甲醇2311沽2275,114.5,0.0,0.0,0.0,1,70.5,0.0,0,90.0,103.5,114.5,99.0,196.0,20678.0,151
2023-05-10 14:41:37,MA311P2275,甲醇2311沽2275,114.5,0.0,0.0,0.0,2,78.5,0.0,0,90.0,103.5,114.5,99.0,196.0,20678.0,151
2023-05-10 14:41:40,MA311P2275,甲醇2311沽2275,114.5,0.0,0.0,0.0,1,70.5,0.0,0,90.0,103.5,114.5,99.0,196.0,20678.0,151
2023-05-10 14:42:10,MA311P2275,甲醇2311沽2275,114.5,0.0,0.0,0.0,2,74.5,0.0,0,90.0,103.5,114.5,99.0,196.0,20678.0,151
2023-05-10 14:42:40,MA311P2275,甲醇2311沽2275,114.5,0.0,0.0,0.0,1,70.5,0.0,0,90.0,103.5,114.5,99.0,196.0,20678.0,151
2023-05-10 14:43:14,MA311P2275,甲醇2311沽2275,114.5,0.0,0.0,0.0,2,74.5,0.0,0,90.0,103.5,114.5,99.0,196.0,20678.0,151
2023-05-10 14:43:44,MA311P2275,甲醇2311沽2275,114.5,0.0,0.0,0.0,1,70.5,0.0,0,90.0,103.5,114.5,99.0,196.0,20678.0,151
2023-05-10 14:44:18,MA311P2275,甲醇2311沽2275,114.5,0.0,0.0,0.0,2,74.5,0.0,0,90.0,103.5,114.5,99.0,196.0,20678.0,151
2023-05-10 14:44:48,MA311P2275,甲醇2311沽2275,114.5,0.0,0.0,0.0,1,70.5,0.0,0,90.0,103.5,114.5,99.0,196.0,20678.0,151
2023-05-10 14:45:31,MA311P2275,甲醇2311沽2275,114.5,0.0,0.0,0.0,2,74.5,0.0,0,90.0,103.5,114.5,99.0,196.0,20678.0,151
2023-05-10 14:46:01,MA311P2275,甲醇2311沽2275,114.5,0.0,0.0,0.0,1,70.5,0.0,0,90.0,103.5,114.5,99.0,196.0,20678.0,151
2023-05-10 14:46:57,MA311P2275,甲醇2311沽2275,114.5,0.0,0.0,0.0,2,74.5,0.0,0,90.0,103.5,114.5,99.0,196.0,20678.0,151
2023-05-10 14:47:27,MA311P2275,甲醇2311沽2275,114.5,0.0,0.0,0.0,1,70.5,0.0,0,90.0,103.5,114.5,99.0,196.0,20678.0,151
2023-05-10 14:48:12,MA311P2275,甲醇2311沽2275,114.5,0.0,0.0,0.0,2,74.5,0.0,0,90.0,103.5,114.5,99.0,196.0,20678.0,151
2023-05-10 14:48:41,MA311P2275,甲醇2311沽2275,114.5,0.0,0.0,0.0,1,70.5,0.0,0,90.0,103.5,114.5,99.0,196.0,20678.0,151
2023-05-10 14:48:55,MA311P2275,甲醇2311沽2275,114.5,0.0,0.0,0.0,3,101.0,113.0,3,90.0,103.5,114.5,99.0,196.0,20678.0,151
2023-05-10 14:48:56,MA311P2275,甲醇2311沽2275,114.5,0.0,0.0,0.0,6,101.0,113.0,6,90.0,103.5,114.5,99.0,196.0,20678.0,151
2023-05-10 14:48:57,MA311P2275,甲醇2311沽2275,114.5,0.0,0.0,0.0,3,109.0,112.0,3,90.0,103.5,114.5,99.0,196.0,20678.0,151
2023-05-10 14:49:01,MA311P2275,甲醇2311沽2275,114.5,0.0,0.0,0.0,6,109.0,112.0,6,90.0,103.5,114.5,99.0,196.0,20678.0,151
2023-05-10 14:49:05,MA311P2275,甲醇2311沽2275,114.5,0.0,0.0,0.0,9,109.0,112.0,9,90.0,103.5,114.5,99.0,196.0,20678.0,151
2023-05-10 14:49:06,MA311P2275,甲醇2311沽2275,114.5,0.0,0.0,0.0,12,109.0,112.0,9,90.0,103.5,114.5,99.0,196.0,20678.0,151
2023-05-10 14:49:09,MA311P2275,甲醇2311沽2275,114.5,0.0,0.0,0.0,9,109.0,112.0,6,90.0,103.5,114.5,99.0,196.0,20678.0,151
2023-05-10 14:49:09,MA311P2275,甲醇2311沽2275,114.5,0.0,0.0,0.0,9,109.0,112.0,3,90.0,103.5,114.5,99.0,196.0,20678.0,151
2023-05-10 14:49:10,MA311P2275,甲醇2311沽2275,114.5,0.0,0.0,0.0,12,109.0,112.0,9,90.0,103.5,114.5,99.0,196.0,20678.0,151
2023-05-10 14:49:11,MA311P2275,甲醇2311沽2275,114.5,0.0,0.0,0.0,15,109.0,112.0,12,90.0,103.5,114.5,99.0,196.0,20678.0,151
2023-05-10 14:49:12,MA311P2275,甲醇2311沽2275,114.5,0.0,0.0,0.0,18,109.0,112.0,15,90.0,103.5,114.5,99.0,196.0,20678.0,151
2023-05-10 14:49:17,MA311P2275,甲醇2311沽2275,114.5,0.0,0.0,0.0,12,109.0,112.0,12,90.0,103.5,114.5,99.0,196.0,20678.0,151
2023-05-10 14:49:19,MA311P2275,甲醇2311沽2275,114.5,0.0,0.0,0.0,9,109.0,112.0,9,90.0,103.5,114.5,99.0,196.0,20678.0,151
2023-05-10 14:49:22,MA311P2275,甲醇2311沽2275,114.5,0.0,0.0,0.0,3,109.0,112.0,3,90.0,103.5,114.5,99.0,196.0,20678.0,151
2023-05-10 14:49:23,MA311P2275,甲醇2311沽2275,114.5,0.0,0.0,0.0,3,104.5,116.5,3,90.0,103.5,114.5,99.0,196.0,20678.0,151
2023-05-10 14:49:25,MA311P2275,甲醇2311沽2275,114.5,0.0,0.0,0.0,1,70.5,0.0,0,90.0,103.5,114.5,99.0,196.0,20678.0,151
2023-05-10 14:49:27,MA311P2275,甲醇2311沽2275,114.5,0.0,0.0,0.0,2,78.5,0.0,0,90.0,103.5,114.5,99.0,196.0,20678.0,151
2023-05-10 14:49:44,MA311P2275,甲醇2311沽2275,114.5,0.0,0.0,0.0,1,70.5,0.0,0,90.0,103.5,114.5,99.0,196.0,20678.0,151
2023-05-10 14:50:14,MA311P2275,甲醇2311沽2275,114.5,0.0,0.0,0.0,2,74.5,0.0,0,90.0,103.5,114.5,99.0,196.0,20678.0,151
2023-05-10 14:50:57,MA311P2275,甲醇2311沽2275,114.5,0.0,0.0,0.0,1,70.5,0.0,0,90.0,103.5,114.5,99.0,196.0,20678.0,151
2023-05-10 14:51:29,MA311P2275,甲醇2311沽2275,114.5,0.0,0.0,0.0,2,74.5,0.0,0,90.0,103.5,114.5,99.0,196.0,20678.0,151
2023-05-10 14:51:59,MA311P2275,甲醇2311沽2275,114.5,0.0,0.0,0.0,1,70.5,0.0,0,90.0,103.5,114.5,99.0,196.0,20678.0,151
2023-05-10 14:52:37,MA311P2275,甲醇2311沽2275,114.5,0.0,0.0,0.0,2,74.5,0.0,0,90.0,103.5,114.5,99.0,196.0,20678.0,151
2023-05-10 14:53:07,MA311P2275,甲醇2311沽2275,114.5,0.0,0.0,0.0,1,70.5,0.0,0,90.0,103.5,114.5,99.0,196.0,20678.0,151
2023-05-10 14:53:46,MA311P2275,甲醇2311沽2275,114.5,0.0,0.0,0.0,2,74.5,0.0,0,90.0,103.5,114.5,99.0,196.0,20678.0,151
2023-05-10 14:54:16,MA311P2275,甲醇2311沽2275,114.5,0.0,0.0,0.0,1,70.5,0.0,0,90.0,103.5,114.5,99.0,196.0,20678.0,151
2023-05-10 14:54:46,MA311P2275,甲醇2311沽2275,114.5,0.0,0.0,0.0,2,74.5,0.0,0,90.0,103.5,114.5,99.0,196.0,20678.0,151
2023-05-10 14:55:17,MA311P2275,甲醇2311沽2275,114.5,0.0,0.0,0.0,1,70.5,0.0,0,90.0,103.5,114.5,99.0,196.0,20678.0,151
2023-05-10 14:55:40,MA311P2275,甲醇2311沽2275,114.5,0.0,0.0,0.0,2,78.5,0.0,0,90.0,103.5,114.5,99.0,196.0,20678.0,151
2023-05-10 14:59:02,MA311P2275,甲醇2311沽2275,114.5,0.0,0.0,0.0,1,70.5,0.0,0,90.0,103.5,114.5,99.0,196.0,20678.0,151
2023-05-10 14:59:40,MA311P2275,甲醇2311沽2275,114.5,0.0,0.0,0.0,1,15.5,0.0,0,90.0,103.5,114.5,99.0,196.0,20678.0,151
2023-05-10 14:59:41,MA311P2275,甲醇2311沽2275,114.5,0.0,0.0,0.0,6,16.5,0.0,0,90.0,103.5,114.5,99.0,196.0,20678.0,151
2023-05-10 14:59:49,MA311P2275,甲醇2311沽2275,114.5,0.0,0.0,0.0,2,24.5,0.0,0,90.0,103.5,114.5,99.0,196.0,20678.0,151
2023-05-10 14:59:50,MA311P2275,甲醇2311沽2275,114.5,0.0,0.0,0.0,6,25.5,0.0,0,90.0,103.5,114.5,99.0,196.0,20678.0,151
2023-05-10 14:59:57,MA311P2275,甲醇2311沽2275,114.5,0.0,0.0,0.0,2,24.5,0.0,0,90.0,103.5,114.5,99.0,196.0,20678.0,151
2023-05-10 14:59:57,MA311P2275,甲醇2311沽2275,114.5,0.0,0.0,0.0,2,24.5,0.0,0,90.0,103.5,114.5,99.0,196.0,20678.0,151
