time,symbol_id,symbol_name,last,trade_volume,trade_amount,open_interest_change,bv1,bp1,ap1,av1,yesterday_close,today_open,today_high,today_low,volume,amount,open_interest
2023-05-09 19:10:58,MA312P2350,MA312P2350,113.0,0.0,0.0,0.0,0,0.0,0.0,0,113.0,129.5,0.0,0.0,0.0,0.0,24
2023-05-09 20:59:00,MA312P2350,MA312P2350,113.0,0.0,0.0,0.0,19,33.0,0.0,0,113.0,129.5,0.0,0.0,0.0,0.0,24
2023-05-09 21:00:21,MA312P2350,MA312P2350,113.0,0.0,0.0,0.0,1,34.5,0.0,0,113.0,129.5,0.0,0.0,0.0,0.0,24
2023-05-09 21:01:19,MA312P2350,MA312P2350,113.0,0.0,0.0,0.0,1,35.0,0.0,0,113.0,129.5,0.0,0.0,0.0,0.0,24
2023-05-09 21:01:41,MA312P2350,MA312P2350,113.0,0.0,0.0,0.0,1,35.5,0.0,0,113.0,129.5,0.0,0.0,0.0,0.0,24
2023-05-09 21:02:32,MA312P2350,MA312P2350,113.0,0.0,0.0,0.0,1,36.0,0.0,0,113.0,129.5,0.0,0.0,0.0,0.0,24
2023-05-09 21:31:41,MA312P2350,MA312P2350,113.0,0.0,0.0,0.0,1,36.5,0.0,0,113.0,129.5,0.0,0.0,0.0,0.0,24
2023-05-09 21:31:42,MA312P2350,MA312P2350,113.0,0.0,0.0,0.0,1,44.5,0.0,0,113.0,129.5,0.0,0.0,0.0,0.0,24
2023-05-09 21:56:52,MA312P2350,MA312P2350,113.0,0.0,0.0,0.0,3,119.5,133.5,3,113.0,129.5,0.0,0.0,0.0,0.0,24
2023-05-09 21:56:53,MA312P2350,MA312P2350,113.0,0.0,0.0,0.0,6,119.5,133.5,6,113.0,129.5,0.0,0.0,0.0,0.0,24
2023-05-09 21:56:54,MA312P2350,MA312P2350,113.0,0.0,0.0,0.0,3,129.0,132.0,3,113.0,129.5,0.0,0.0,0.0,0.0,24
2023-05-09 21:56:56,MA312P2350,MA312P2350,113.0,0.0,0.0,0.0,6,129.0,132.0,3,113.0,129.5,0.0,0.0,0.0,0.0,24
2023-05-09 21:56:58,MA312P2350,MA312P2350,113.0,0.0,0.0,0.0,9,129.0,132.0,6,113.0,129.5,0.0,0.0,0.0,0.0,24
2023-05-09 21:56:59,MA312P2350,MA312P2350,113.0,0.0,0.0,0.0,12,129.0,132.0,9,113.0,129.5,0.0,0.0,0.0,0.0,24
2023-05-09 21:57:02,MA312P2350,MA312P2350,113.0,0.0,0.0,0.0,9,129.0,129.5,4,113.0,129.5,0.0,0.0,0.0,0.0,24
2023-05-09 21:57:02,MA312P2350,MA312P2350,113.0,0.0,0.0,0.0,15,129.0,129.5,4,113.0,129.5,0.0,0.0,0.0,0.0,24
2023-05-09 21:57:03,MA312P2350,MA312P2350,129.5,3.0,388.5,3.0,12,129.0,130.0,6,113.0,129.5,129.5,129.5,3.0,388.5,27
2023-05-09 21:57:04,MA312P2350,MA312P2350,129.5,0.0,0.0,0.0,18,129.0,130.0,9,113.0,129.5,129.5,129.5,3.0,388.5,27
2023-05-09 21:57:06,MA312P2350,MA312P2350,129.5,0.0,0.0,0.0,15,129.0,130.0,9,113.0,129.5,129.5,129.5,3.0,388.5,27
2023-05-09 21:57:06,MA312P2350,MA312P2350,129.5,0.0,0.0,0.0,3,129.5,130.0,9,113.0,129.5,129.5,129.5,3.0,388.5,27
2023-05-09 21:57:07,MA312P2350,MA312P2350,129.5,0.0,0.0,0.0,6,129.5,130.0,9,113.0,129.5,129.5,129.5,3.0,388.5,27
2023-05-09 21:57:07,MA312P2350,MA312P2350,129.5,0.0,0.0,0.0,6,129.5,130.0,12,113.0,129.5,129.5,129.5,3.0,388.5,27
2023-05-09 21:57:14,MA312P2350,MA312P2350,129.5,0.0,0.0,0.0,6,129.5,130.0,9,113.0,129.5,129.5,129.5,3.0,388.5,27
2023-05-09 21:57:16,MA312P2350,MA312P2350,129.5,0.0,0.0,0.0,6,129.5,130.0,6,113.0,129.5,129.5,129.5,3.0,388.5,27
2023-05-09 21:57:18,MA312P2350,MA312P2350,130.0,3.0,391.5,0.0,3,129.5,130.5,3,113.0,129.5,130.0,129.5,6.0,780.0,27
2023-05-09 21:57:19,MA312P2350,MA312P2350,130.0,0.0,0.0,0.0,3,129.5,137.0,3,113.0,129.5,130.0,129.5,6.0,780.0,27
2023-05-09 21:57:22,MA312P2350,MA312P2350,130.0,0.0,0.0,0.0,3,129.5,0.0,0,113.0,129.5,130.0,129.5,6.0,780.0,27
2023-05-09 21:58:02,MA312P2350,MA312P2350,130.0,0.0,0.0,0.0,3,129.5,133.0,3,113.0,129.5,130.0,129.5,6.0,780.0,27
2023-05-09 21:58:03,MA312P2350,MA312P2350,130.0,0.0,0.0,0.0,6,129.5,133.0,6,113.0,129.5,130.0,129.5,6.0,780.0,27
2023-05-09 21:58:04,MA312P2350,MA312P2350,131.0,1.0,130.0,1.0,6,129.5,131.0,2,113.0,129.5,131.0,129.5,7.0,910.0,28
2023-05-09 21:58:06,MA312P2350,MA312P2350,131.0,0.0,0.0,0.0,9,129.5,131.0,2,113.0,129.5,131.0,129.5,7.0,910.0,28
2023-05-09 21:58:07,MA312P2350,MA312P2350,131.0,0.0,0.0,0.0,4,130.5,131.0,2,113.0,129.5,131.0,129.5,7.0,910.0,28
2023-05-09 21:58:13,MA312P2350,MA312P2350,129.5,12.0,1560.0,-1.0,3,129.0,130.5,3,113.0,129.5,131.0,129.5,19.0,2470.0,27
2023-05-09 21:58:13,MA312P2350,MA312P2350,129.5,0.0,0.0,0.0,6,129.0,130.5,3,113.0,129.5,131.0,129.5,19.0,2470.0,27
2023-05-09 21:58:14,MA312P2350,MA312P2350,129.5,0.0,0.0,0.0,9,129.0,130.5,6,113.0,129.5,131.0,129.5,19.0,2470.0,27
2023-05-09 21:58:16,MA312P2350,MA312P2350,129.5,0.0,0.0,0.0,3,129.5,130.5,9,113.0,129.5,131.0,129.5,19.0,2470.0,27
2023-05-09 21:58:17,MA312P2350,MA312P2350,129.5,0.0,0.0,0.0,6,129.5,130.5,12,113.0,129.5,131.0,129.5,19.0,2470.0,27
2023-05-09 21:58:26,MA312P2350,MA312P2350,129.5,0.0,0.0,0.0,6,129.5,130.5,9,113.0,129.5,131.0,129.5,19.0,2470.0,27
2023-05-09 21:58:28,MA312P2350,MA312P2350,129.5,0.0,0.0,0.0,3,129.5,130.5,6,113.0,129.5,131.0,129.5,19.0,2470.0,27
2023-05-09 21:58:29,MA312P2350,MA312P2350,129.5,0.0,0.0,0.0,3,123.0,130.5,3,113.0,129.5,131.0,129.5,19.0,2470.0,27
2023-05-09 21:58:32,MA312P2350,MA312P2350,129.5,0.0,0.0,0.0,1,36.5,130.5,3,113.0,129.5,131.0,129.5,19.0,2470.0,27
2023-05-09 21:58:32,MA312P2350,MA312P2350,129.5,0.0,0.0,0.0,1,44.5,130.5,3,113.0,129.5,131.0,129.5,19.0,2470.0,27
2023-05-09 21:58:33,MA312P2350,MA312P2350,129.5,0.0,0.0,0.0,1,45.0,130.5,3,113.0,129.5,131.0,129.5,19.0,2470.0,27
2023-05-09 21:58:33,MA312P2350,MA312P2350,129.5,0.0,0.0,0.0,1,53.0,130.5,3,113.0,129.5,131.0,129.5,19.0,2470.0,27
2023-05-09 21:58:34,MA312P2350,MA312P2350,129.5,0.0,0.0,0.0,1,53.5,130.5,3,113.0,129.5,131.0,129.5,19.0,2470.0,27
2023-05-09 21:58:34,MA312P2350,MA312P2350,129.5,0.0,0.0,0.0,1,61.5,130.5,3,113.0,129.5,131.0,129.5,19.0,2470.0,27
2023-05-09 21:58:35,MA312P2350,MA312P2350,129.5,0.0,0.0,0.0,1,62.0,130.5,3,113.0,129.5,131.0,129.5,19.0,2470.0,27
2023-05-09 21:58:36,MA312P2350,MA312P2350,129.5,0.0,0.0,0.0,1,70.0,130.5,3,113.0,129.5,131.0,129.5,19.0,2470.0,27
2023-05-09 21:58:36,MA312P2350,MA312P2350,129.5,0.0,0.0,0.0,1,70.5,130.5,3,113.0,129.5,131.0,129.5,19.0,2470.0,27
2023-05-09 21:58:37,MA312P2350,MA312P2350,129.5,0.0,0.0,0.0,1,78.5,130.5,3,113.0,129.5,131.0,129.5,19.0,2470.0,27
2023-05-09 21:58:37,MA312P2350,MA312P2350,129.5,0.0,0.0,0.0,1,79.0,130.5,3,113.0,129.5,131.0,129.5,19.0,2470.0,27
2023-05-09 21:58:38,MA312P2350,MA312P2350,129.5,0.0,0.0,0.0,1,87.0,130.5,3,113.0,129.5,131.0,129.5,19.0,2470.0,27
2023-05-09 21:58:38,MA312P2350,MA312P2350,129.5,0.0,0.0,0.0,1,87.5,130.5,3,113.0,129.5,131.0,129.5,19.0,2470.0,27
2023-05-09 21:58:39,MA312P2350,MA312P2350,129.5,0.0,0.0,0.0,1,95.5,130.5,3,113.0,129.5,131.0,129.5,19.0,2470.0,27
2023-05-09 21:59:05,MA312P2350,MA312P2350,129.5,0.0,0.0,0.0,3,118.0,130.5,3,113.0,129.5,131.0,129.5,19.0,2470.0,27
2023-05-09 21:59:06,MA312P2350,MA312P2350,129.5,0.0,0.0,0.0,6,118.0,130.5,6,113.0,129.5,131.0,129.5,19.0,2470.0,27
2023-05-09 21:59:06,MA312P2350,MA312P2350,129.5,0.0,0.0,0.0,6,118.0,129.0,1,113.0,129.5,131.0,129.5,19.0,2470.0,27
2023-05-09 21:59:07,MA312P2350,MA312P2350,129.5,0.0,0.0,0.0,3,127.5,129.0,1,113.0,129.5,131.0,129.5,19.0,2470.0,27
2023-05-09 21:59:09,MA312P2350,MA312P2350,129.5,0.0,0.0,0.0,3,127.5,130.5,9,113.0,129.5,131.0,129.5,19.0,2470.0,27
2023-05-09 21:59:10,MA312P2350,MA312P2350,129.5,0.0,0.0,0.0,6,127.5,130.5,9,113.0,129.5,131.0,129.5,19.0,2470.0,27
2023-05-09 21:59:14,MA312P2350,MA312P2350,129.5,0.0,0.0,0.0,3,127.5,128.5,1,113.0,129.5,131.0,129.5,19.0,2470.0,27
2023-05-09 21:59:14,MA312P2350,MA312P2350,129.5,0.0,0.0,0.0,6,127.5,128.5,1,113.0,129.5,131.0,129.5,19.0,2470.0,27
2023-05-09 21:59:15,MA312P2350,MA312P2350,129.5,0.0,0.0,0.0,9,127.5,128.5,1,113.0,129.5,131.0,129.5,19.0,2470.0,27
2023-05-09 21:59:17,MA312P2350,MA312P2350,129.0,5.0,638.0,-2.0,3,129.0,130.5,9,113.0,129.5,131.0,129.0,24.0,3108.0,25
2023-05-09 21:59:17,MA312P2350,MA312P2350,130.5,6.0,777.0,0.0,3,127.5,130.5,6,113.0,129.5,131.0,129.0,30.0,3885.0,25
2023-05-09 21:59:18,MA312P2350,MA312P2350,130.5,0.0,0.0,0.0,3,127.5,130.5,3,113.0,129.5,131.0,129.0,30.0,3885.0,25
2023-05-09 21:59:19,MA312P2350,MA312P2350,130.5,0.0,0.0,0.0,3,127.0,134.5,3,113.0,129.5,131.0,129.0,30.0,3885.0,25
2023-05-09 21:59:19,MA312P2350,MA312P2350,130.5,0.0,0.0,0.0,3,128.5,129.5,3,113.0,129.5,131.0,129.0,30.0,3885.0,25
2023-05-09 21:59:20,MA312P2350,MA312P2350,130.5,0.0,0.0,0.0,6,128.5,129.5,3,113.0,129.5,131.0,129.0,30.0,3885.0,25
2023-05-09 21:59:22,MA312P2350,MA312P2350,130.5,0.0,0.0,0.0,9,128.5,129.5,3,113.0,129.5,131.0,129.0,30.0,3885.0,25
2023-05-09 21:59:26,MA312P2350,MA312P2350,130.5,0.0,0.0,0.0,9,128.5,129.0,1,113.0,129.5,131.0,129.0,30.0,3885.0,25
2023-05-09 21:59:31,MA312P2350,MA312P2350,130.5,0.0,0.0,0.0,9,128.5,129.5,3,113.0,129.5,131.0,129.0,30.0,3885.0,25
2023-05-09 21:59:31,MA312P2350,MA312P2350,130.5,0.0,0.0,0.0,6,128.5,129.5,3,113.0,129.5,131.0,129.0,30.0,3885.0,25
2023-05-09 21:59:32,MA312P2350,MA312P2350,130.5,0.0,0.0,0.0,3,128.5,130.5,3,113.0,129.5,131.0,129.0,30.0,3885.0,25
2023-05-09 21:59:32,MA312P2350,MA312P2350,130.5,0.0,0.0,0.0,3,122.0,136.0,3,113.0,129.5,131.0,129.0,30.0,3885.0,25
2023-05-09 21:59:35,MA312P2350,MA312P2350,130.5,0.0,0.0,0.0,1,87.5,0.0,0,113.0,129.5,131.0,129.0,30.0,3885.0,25
2023-05-09 21:59:36,MA312P2350,MA312P2350,130.5,0.0,0.0,0.0,1,95.5,0.0,0,113.0,129.5,131.0,129.0,30.0,3885.0,25
2023-05-09 22:50:37,MA312P2350,MA312P2350,130.5,0.0,0.0,0.0,1,87.5,0.0,0,113.0,129.5,131.0,129.0,30.0,3885.0,25
2023-05-09 22:53:39,MA312P2350,MA312P2350,130.5,0.0,0.0,0.0,1,95.5,0.0,0,113.0,129.5,131.0,129.0,30.0,3885.0,25
2023-05-09 22:53:41,MA312P2350,MA312P2350,130.5,0.0,0.0,0.0,1,87.5,0.0,0,113.0,129.5,131.0,129.0,30.0,3885.0,25
2023-05-09 22:54:44,MA312P2350,MA312P2350,130.5,0.0,0.0,0.0,1,88.0,0.0,0,113.0,129.5,131.0,129.0,30.0,3885.0,25
2023-05-09 22:57:09,MA312P2350,MA312P2350,130.5,0.0,0.0,0.0,1,87.5,0.0,0,113.0,129.5,131.0,129.0,30.0,3885.0,25
2023-05-09 22:57:45,MA312P2350,MA312P2350,130.5,0.0,0.0,0.0,1,62.0,0.0,0,113.0,129.5,131.0,129.0,30.0,3885.0,25
2023-05-10 09:00:01,MA312P2350,MA312P2350,130.5,0.0,0.0,0.0,1,45.0,0.0,0,113.0,129.5,131.0,129.0,30.0,3885.0,25
2023-05-10 09:01:32,MA312P2350,MA312P2350,130.5,0.0,0.0,0.0,1,53.0,0.0,0,113.0,129.5,131.0,129.0,30.0,3885.0,25
2023-05-10 09:01:32,MA312P2350,MA312P2350,130.5,0.0,0.0,0.0,6,54.0,0.0,0,113.0,129.5,131.0,129.0,30.0,3885.0,25
2023-05-10 09:02:21,MA312P2350,MA312P2350,130.5,0.0,0.0,0.0,1,62.0,0.0,0,113.0,129.5,131.0,129.0,30.0,3885.0,25
2023-05-10 09:02:22,MA312P2350,MA312P2350,130.5,0.0,0.0,0.0,6,63.0,0.0,0,113.0,129.5,131.0,129.0,30.0,3885.0,25
2023-05-10 09:02:25,MA312P2350,MA312P2350,130.5,0.0,0.0,0.0,1,71.0,0.0,0,113.0,129.5,131.0,129.0,30.0,3885.0,25
2023-05-10 09:02:28,MA312P2350,MA312P2350,130.5,0.0,0.0,0.0,6,72.0,0.0,0,113.0,129.5,131.0,129.0,30.0,3885.0,25
2023-05-10 09:02:32,MA312P2350,MA312P2350,130.5,0.0,0.0,0.0,1,80.0,0.0,0,113.0,129.5,131.0,129.0,30.0,3885.0,25
2023-05-10 09:03:39,MA312P2350,MA312P2350,130.5,0.0,0.0,0.0,3,118.5,132.5,3,113.0,129.5,131.0,129.0,30.0,3885.0,25
2023-05-10 09:03:40,MA312P2350,MA312P2350,130.5,0.0,0.0,0.0,6,118.5,132.5,6,113.0,129.5,131.0,129.0,30.0,3885.0,25
2023-05-10 09:03:41,MA312P2350,MA312P2350,130.5,0.0,0.0,0.0,3,127.5,130.5,3,113.0,129.5,131.0,129.0,30.0,3885.0,25
2023-05-10 09:03:43,MA312P2350,MA312P2350,130.5,0.0,0.0,0.0,6,127.5,130.5,3,113.0,129.5,131.0,129.0,30.0,3885.0,25
2023-05-10 09:03:45,MA312P2350,MA312P2350,130.5,0.0,0.0,0.0,9,127.5,130.5,6,113.0,129.5,131.0,129.0,30.0,3885.0,25
2023-05-10 09:03:46,MA312P2350,MA312P2350,130.5,0.0,0.0,0.0,12,127.5,130.5,6,113.0,129.5,131.0,129.0,30.0,3885.0,25
2023-05-10 09:03:49,MA312P2350,MA312P2350,130.5,0.0,0.0,0.0,15,127.5,130.5,9,113.0,129.5,131.0,129.0,30.0,3885.0,25
2023-05-10 09:03:51,MA312P2350,MA312P2350,130.5,0.0,0.0,0.0,18,127.5,130.5,12,113.0,129.5,131.0,129.0,30.0,3885.0,25
2023-05-10 09:03:53,MA312P2350,MA312P2350,130.5,0.0,0.0,0.0,15,127.5,130.5,9,113.0,129.5,131.0,129.0,30.0,3885.0,25
2023-05-10 09:03:54,MA312P2350,MA312P2350,130.5,0.0,0.0,0.0,9,129.5,130.5,15,113.0,129.5,131.0,129.0,30.0,3885.0,25
2023-05-10 09:03:54,MA312P2350,MA312P2350,130.5,0.0,0.0,0.0,12,129.5,130.5,15,113.0,129.5,131.0,129.0,30.0,3885.0,25
2023-05-10 09:04:01,MA312P2350,MA312P2350,130.5,0.0,0.0,0.0,12,129.5,130.5,12,113.0,129.5,131.0,129.0,30.0,3885.0,25
2023-05-10 09:04:03,MA312P2350,MA312P2350,130.5,0.0,0.0,0.0,9,129.5,130.5,6,113.0,129.5,131.0,129.0,30.0,3885.0,25
2023-05-10 09:04:05,MA312P2350,MA312P2350,130.5,0.0,0.0,0.0,6,129.5,130.5,3,113.0,129.5,131.0,129.0,30.0,3885.0,25
2023-05-10 09:04:05,MA312P2350,MA312P2350,130.5,0.0,0.0,0.0,3,129.0,131.0,3,113.0,129.5,131.0,129.0,30.0,3885.0,25
2023-05-10 09:04:06,MA312P2350,MA312P2350,130.5,0.0,0.0,0.0,3,123.0,137.0,3,113.0,129.5,131.0,129.0,30.0,3885.0,25
2023-05-10 09:04:09,MA312P2350,MA312P2350,130.5,0.0,0.0,0.0,1,53.5,0.0,0,113.0,129.5,131.0,129.0,30.0,3885.0,25
2023-05-10 09:04:10,MA312P2350,MA312P2350,130.5,0.0,0.0,0.0,1,61.5,0.0,0,113.0,129.5,131.0,129.0,30.0,3885.0,25
2023-05-10 09:04:10,MA312P2350,MA312P2350,130.5,0.0,0.0,0.0,6,62.5,0.0,0,113.0,129.5,131.0,129.0,30.0,3885.0,25
2023-05-10 09:04:12,MA312P2350,MA312P2350,130.5,0.0,0.0,0.0,1,70.5,0.0,0,113.0,129.5,131.0,129.0,30.0,3885.0,25
2023-05-10 09:04:13,MA312P2350,MA312P2350,130.5,0.0,0.0,0.0,6,71.5,0.0,0,113.0,129.5,131.0,129.0,30.0,3885.0,25
2023-05-10 09:04:13,MA312P2350,MA312P2350,130.5,0.0,0.0,0.0,1,79.5,0.0,0,113.0,129.5,131.0,129.0,30.0,3885.0,25
2023-05-10 09:04:14,MA312P2350,MA312P2350,130.5,0.0,0.0,0.0,6,80.5,0.0,0,113.0,129.5,131.0,129.0,30.0,3885.0,25
2023-05-10 09:04:15,MA312P2350,MA312P2350,130.5,0.0,0.0,0.0,1,88.5,0.0,0,113.0,129.5,131.0,129.0,30.0,3885.0,25
2023-05-10 09:10:09,MA312P2350,MA312P2350,130.5,0.0,0.0,0.0,3,119.0,133.0,3,113.0,129.5,131.0,129.0,30.0,3885.0,25
2023-05-10 09:10:11,MA312P2350,MA312P2350,130.5,0.0,0.0,0.0,6,119.0,133.0,6,113.0,129.5,131.0,129.0,30.0,3885.0,25
2023-05-10 09:10:12,MA312P2350,MA312P2350,130.5,0.0,0.0,0.0,3,128.0,131.0,3,113.0,129.5,131.0,129.0,30.0,3885.0,25
2023-05-10 09:10:14,MA312P2350,MA312P2350,130.5,0.0,0.0,0.0,6,128.0,131.0,3,113.0,129.5,131.0,129.0,30.0,3885.0,25
2023-05-10 09:10:16,MA312P2350,MA312P2350,130.5,0.0,0.0,0.0,9,128.0,131.0,6,113.0,129.5,131.0,129.0,30.0,3885.0,25
2023-05-10 09:10:16,MA312P2350,MA312P2350,130.5,0.0,0.0,0.0,9,128.0,129.0,1,113.0,129.5,131.0,129.0,30.0,3885.0,25
2023-05-10 09:10:17,MA312P2350,MA312P2350,130.5,0.0,0.0,0.0,12,128.0,129.0,4,113.0,129.5,131.0,129.0,30.0,3885.0,25
2023-05-10 09:10:20,MA312P2350,MA312P2350,130.5,0.0,0.0,0.0,15,128.0,129.0,4,113.0,129.5,131.0,129.0,30.0,3885.0,25
2023-05-10 09:10:21,MA312P2350,MA312P2350,129.0,3.0,388.5,3.0,9,128.0,129.5,3,113.0,129.5,131.0,129.0,33.0,4273.5,28
2023-05-10 09:10:21,MA312P2350,MA312P2350,129.0,0.0,0.0,0.0,12,128.0,129.5,3,113.0,129.5,131.0,129.0,33.0,4273.5,28
2023-05-10 09:10:22,MA312P2350,MA312P2350,129.0,0.0,0.0,0.0,15,128.0,129.5,6,113.0,129.5,131.0,129.0,33.0,4273.5,28
2023-05-10 09:10:24,MA312P2350,MA312P2350,129.0,0.0,0.0,0.0,12,128.0,129.5,6,113.0,129.5,131.0,129.0,33.0,4273.5,28
2023-05-10 09:10:24,MA312P2350,MA312P2350,129.0,0.0,0.0,0.0,12,128.0,129.5,9,113.0,129.5,131.0,129.0,33.0,4273.5,28
2023-05-10 09:10:25,MA312P2350,MA312P2350,129.0,0.0,0.0,0.0,7,129.0,129.5,9,113.0,129.5,131.0,129.0,33.0,4273.5,28
2023-05-10 09:10:25,MA312P2350,MA312P2350,129.0,0.0,0.0,0.0,7,129.0,129.5,12,113.0,129.5,131.0,129.0,33.0,4273.5,28
2023-05-10 09:10:27,MA312P2350,MA312P2350,129.0,6.0,777.0,0.0,3,128.5,129.5,9,113.0,129.5,131.0,129.0,39.0,5050.5,28
2023-05-10 09:10:34,MA312P2350,MA312P2350,129.0,0.0,0.0,0.0,3,128.5,129.5,6,113.0,129.5,131.0,129.0,39.0,5050.5,28
2023-05-10 09:10:35,MA312P2350,MA312P2350,129.0,0.0,0.0,0.0,3,128.5,129.5,3,113.0,129.5,131.0,129.0,39.0,5050.5,28
2023-05-10 09:10:38,MA312P2350,MA312P2350,129.0,0.0,0.0,0.0,3,122.0,136.0,3,113.0,129.5,131.0,129.0,39.0,5050.5,28
2023-05-10 09:10:39,MA312P2350,MA312P2350,129.0,0.0,0.0,0.0,1,53.5,0.0,0,113.0,129.5,131.0,129.0,39.0,5050.5,28
2023-05-10 09:10:40,MA312P2350,MA312P2350,129.0,0.0,0.0,0.0,1,61.5,0.0,0,113.0,129.5,131.0,129.0,39.0,5050.5,28
2023-05-10 09:10:40,MA312P2350,MA312P2350,129.0,0.0,0.0,0.0,6,62.5,0.0,0,113.0,129.5,131.0,129.0,39.0,5050.5,28
2023-05-10 09:10:41,MA312P2350,MA312P2350,129.0,0.0,0.0,0.0,1,70.5,0.0,0,113.0,129.5,131.0,129.0,39.0,5050.5,28
2023-05-10 09:10:42,MA312P2350,MA312P2350,129.0,0.0,0.0,0.0,6,71.5,0.0,0,113.0,129.5,131.0,129.0,39.0,5050.5,28
2023-05-10 09:10:42,MA312P2350,MA312P2350,129.0,0.0,0.0,0.0,1,79.5,0.0,0,113.0,129.5,131.0,129.0,39.0,5050.5,28
2023-05-10 09:13:28,MA312P2350,MA312P2350,129.0,0.0,0.0,0.0,3,120.5,134.5,3,113.0,129.5,131.0,129.0,39.0,5050.5,28
2023-05-10 09:13:29,MA312P2350,MA312P2350,129.0,0.0,0.0,0.0,6,120.5,134.5,6,113.0,129.5,131.0,129.0,39.0,5050.5,28
2023-05-10 09:13:30,MA312P2350,MA312P2350,129.0,0.0,0.0,0.0,3,129.0,132.0,3,113.0,129.5,131.0,129.0,39.0,5050.5,28
2023-05-10 09:13:32,MA312P2350,MA312P2350,129.0,0.0,0.0,0.0,6,129.0,132.0,3,113.0,129.5,131.0,129.0,39.0,5050.5,28
2023-05-10 09:13:38,MA312P2350,MA312P2350,129.0,0.0,0.0,0.0,9,129.0,132.0,3,113.0,129.5,131.0,129.0,39.0,5050.5,28
2023-05-10 09:13:40,MA312P2350,MA312P2350,129.0,0.0,0.0,0.0,12,129.0,132.0,6,113.0,129.5,131.0,129.0,39.0,5050.5,28
2023-05-10 09:13:42,MA312P2350,MA312P2350,129.0,0.0,0.0,0.0,9,129.0,132.0,3,113.0,129.5,131.0,129.0,39.0,5050.5,28
2023-05-10 09:13:43,MA312P2350,MA312P2350,129.0,0.0,0.0,0.0,3,131.5,132.0,6,113.0,129.5,131.0,129.0,39.0,5050.5,28
2023-05-10 09:13:43,MA312P2350,MA312P2350,129.0,0.0,0.0,0.0,3,131.5,132.0,9,113.0,129.5,131.0,129.0,39.0,5050.5,28
2023-05-10 09:13:44,MA312P2350,MA312P2350,129.0,0.0,0.0,0.0,3,131.5,132.0,12,113.0,129.5,131.0,129.0,39.0,5050.5,28
2023-05-10 09:13:45,MA312P2350,MA312P2350,129.0,0.0,0.0,0.0,3,131.5,132.0,15,113.0,129.5,131.0,129.0,39.0,5050.5,28
2023-05-10 09:13:50,MA312P2350,MA312P2350,129.0,0.0,0.0,0.0,3,131.5,132.0,12,113.0,129.5,131.0,129.0,39.0,5050.5,28
2023-05-10 09:13:52,MA312P2350,MA312P2350,129.0,0.0,0.0,0.0,3,131.5,132.0,9,113.0,129.5,131.0,129.0,39.0,5050.5,28
2023-05-10 09:13:55,MA312P2350,MA312P2350,129.0,0.0,0.0,0.0,3,131.0,132.0,6,113.0,129.5,131.0,129.0,39.0,5050.5,28
2023-05-10 09:13:55,MA312P2350,MA312P2350,129.0,0.0,0.0,0.0,3,131.0,132.0,3,113.0,129.5,131.0,129.0,39.0,5050.5,28
2023-05-10 09:13:56,MA312P2350,MA312P2350,129.0,0.0,0.0,0.0,3,124.5,139.0,3,113.0,129.5,131.0,129.0,39.0,5050.5,28
2023-05-10 09:13:57,MA312P2350,MA312P2350,129.0,0.0,0.0,0.0,1,53.5,0.0,0,113.0,129.5,131.0,129.0,39.0,5050.5,28
2023-05-10 09:13:58,MA312P2350,MA312P2350,129.0,0.0,0.0,0.0,1,61.5,0.0,0,113.0,129.5,131.0,129.0,39.0,5050.5,28
2023-05-10 09:13:59,MA312P2350,MA312P2350,129.0,0.0,0.0,0.0,6,62.5,0.0,0,113.0,129.5,131.0,129.0,39.0,5050.5,28
2023-05-10 09:13:59,MA312P2350,MA312P2350,129.0,0.0,0.0,0.0,1,70.5,0.0,0,113.0,129.5,131.0,129.0,39.0,5050.5,28
2023-05-10 09:14:00,MA312P2350,MA312P2350,129.0,0.0,0.0,0.0,6,71.5,0.0,0,113.0,129.5,131.0,129.0,39.0,5050.5,28
2023-05-10 09:14:00,MA312P2350,MA312P2350,129.0,0.0,0.0,0.0,1,79.5,0.0,0,113.0,129.5,131.0,129.0,39.0,5050.5,28
2023-05-10 09:14:01,MA312P2350,MA312P2350,129.0,0.0,0.0,0.0,6,80.5,0.0,0,113.0,129.5,131.0,129.0,39.0,5050.5,28
2023-05-10 09:14:01,MA312P2350,MA312P2350,129.0,0.0,0.0,0.0,1,88.5,0.0,0,113.0,129.5,131.0,129.0,39.0,5050.5,28
2023-05-10 09:21:55,MA312P2350,MA312P2350,129.0,0.0,0.0,0.0,1,53.5,0.0,0,113.0,129.5,131.0,129.0,39.0,5050.5,28
2023-05-10 09:21:56,MA312P2350,MA312P2350,129.0,0.0,0.0,0.0,1,61.5,0.0,0,113.0,129.5,131.0,129.0,39.0,5050.5,28
2023-05-10 09:21:56,MA312P2350,MA312P2350,129.0,0.0,0.0,0.0,6,62.5,0.0,0,113.0,129.5,131.0,129.0,39.0,5050.5,28
2023-05-10 09:21:57,MA312P2350,MA312P2350,129.0,0.0,0.0,0.0,1,70.5,0.0,0,113.0,129.5,131.0,129.0,39.0,5050.5,28
2023-05-10 09:21:57,MA312P2350,MA312P2350,129.0,0.0,0.0,0.0,6,71.5,0.0,0,113.0,129.5,131.0,129.0,39.0,5050.5,28
2023-05-10 09:21:58,MA312P2350,MA312P2350,129.0,0.0,0.0,0.0,1,75.5,0.0,0,113.0,129.5,131.0,129.0,39.0,5050.5,28
2023-05-10 09:21:58,MA312P2350,MA312P2350,129.0,0.0,0.0,0.0,6,76.5,0.0,0,113.0,129.5,131.0,129.0,39.0,5050.5,28
2023-05-10 09:21:59,MA312P2350,MA312P2350,129.0,0.0,0.0,0.0,1,80.5,0.0,0,113.0,129.5,131.0,129.0,39.0,5050.5,28
2023-05-10 09:21:59,MA312P2350,MA312P2350,129.0,0.0,0.0,0.0,6,81.5,0.0,0,113.0,129.5,131.0,129.0,39.0,5050.5,28
2023-05-10 09:22:00,MA312P2350,MA312P2350,129.0,0.0,0.0,0.0,1,82.0,0.0,0,113.0,129.5,131.0,129.0,39.0,5050.5,28
2023-05-10 09:30:40,MA312P2350,MA312P2350,129.0,0.0,0.0,0.0,1,86.0,0.0,0,113.0,129.5,131.0,129.0,39.0,5050.5,28
2023-05-10 09:30:40,MA312P2350,MA312P2350,129.0,0.0,0.0,0.0,1,53.5,0.0,0,113.0,129.5,131.0,129.0,39.0,5050.5,28
2023-05-10 09:30:40,MA312P2350,MA312P2350,129.0,0.0,0.0,0.0,1,61.5,0.0,0,113.0,129.5,131.0,129.0,39.0,5050.5,28
2023-05-10 09:30:41,MA312P2350,MA312P2350,129.0,0.0,0.0,0.0,6,62.5,0.0,0,113.0,129.5,131.0,129.0,39.0,5050.5,28
2023-05-10 09:30:42,MA312P2350,MA312P2350,129.0,0.0,0.0,0.0,1,70.5,0.0,0,113.0,129.5,131.0,129.0,39.0,5050.5,28
2023-05-10 09:30:42,MA312P2350,MA312P2350,129.0,0.0,0.0,0.0,6,71.5,0.0,0,113.0,129.5,131.0,129.0,39.0,5050.5,28
2023-05-10 09:30:43,MA312P2350,MA312P2350,129.0,0.0,0.0,0.0,1,75.5,0.0,0,113.0,129.5,131.0,129.0,39.0,5050.5,28
2023-05-10 09:30:43,MA312P2350,MA312P2350,129.0,0.0,0.0,0.0,6,76.5,0.0,0,113.0,129.5,131.0,129.0,39.0,5050.5,28
2023-05-10 09:30:44,MA312P2350,MA312P2350,129.0,0.0,0.0,0.0,1,77.0,0.0,0,113.0,129.5,131.0,129.0,39.0,5050.5,28
2023-05-10 09:30:44,MA312P2350,MA312P2350,129.0,0.0,0.0,0.0,6,78.0,0.0,0,113.0,129.5,131.0,129.0,39.0,5050.5,28
2023-05-10 09:30:45,MA312P2350,MA312P2350,129.0,0.0,0.0,0.0,1,78.5,0.0,0,113.0,129.5,131.0,129.0,39.0,5050.5,28
2023-05-10 09:30:45,MA312P2350,MA312P2350,129.0,0.0,0.0,0.0,6,79.5,0.0,0,113.0,129.5,131.0,129.0,39.0,5050.5,28
2023-05-10 09:30:46,MA312P2350,MA312P2350,129.0,0.0,0.0,0.0,1,80.0,0.0,0,113.0,129.5,131.0,129.0,39.0,5050.5,28
2023-05-10 09:30:46,MA312P2350,MA312P2350,129.0,0.0,0.0,0.0,6,81.0,0.0,0,113.0,129.5,131.0,129.0,39.0,5050.5,28
2023-05-10 09:30:47,MA312P2350,MA312P2350,129.0,0.0,0.0,0.0,1,81.5,0.0,0,113.0,129.5,131.0,129.0,39.0,5050.5,28
2023-05-10 09:30:47,MA312P2350,MA312P2350,129.0,0.0,0.0,0.0,6,82.5,0.0,0,113.0,129.5,131.0,129.0,39.0,5050.5,28
2023-05-10 09:33:45,MA312P2350,MA312P2350,129.0,0.0,0.0,0.0,1,90.5,0.0,0,113.0,129.5,131.0,129.0,39.0,5050.5,28
2023-05-10 09:34:15,MA312P2350,MA312P2350,129.0,0.0,0.0,0.0,1,53.5,0.0,0,113.0,129.5,131.0,129.0,39.0,5050.5,28
2023-05-10 09:34:16,MA312P2350,MA312P2350,129.0,0.0,0.0,0.0,1,61.5,0.0,0,113.0,129.5,131.0,129.0,39.0,5050.5,28
2023-05-10 09:34:16,MA312P2350,MA312P2350,129.0,0.0,0.0,0.0,6,62.5,0.0,0,113.0,129.5,131.0,129.0,39.0,5050.5,28
2023-05-10 09:34:17,MA312P2350,MA312P2350,129.0,0.0,0.0,0.0,1,70.5,0.0,0,113.0,129.5,131.0,129.0,39.0,5050.5,28
2023-05-10 09:34:17,MA312P2350,MA312P2350,129.0,0.0,0.0,0.0,6,71.5,0.0,0,113.0,129.5,131.0,129.0,39.0,5050.5,28
2023-05-10 09:34:18,MA312P2350,MA312P2350,129.0,0.0,0.0,0.0,1,75.5,0.0,0,113.0,129.5,131.0,129.0,39.0,5050.5,28
2023-05-10 09:34:18,MA312P2350,MA312P2350,129.0,0.0,0.0,0.0,6,76.5,0.0,0,113.0,129.5,131.0,129.0,39.0,5050.5,28
2023-05-10 09:34:19,MA312P2350,MA312P2350,129.0,0.0,0.0,0.0,1,77.0,0.0,0,113.0,129.5,131.0,129.0,39.0,5050.5,28
2023-05-10 09:34:19,MA312P2350,MA312P2350,129.0,0.0,0.0,0.0,6,78.0,0.0,0,113.0,129.5,131.0,129.0,39.0,5050.5,28
2023-05-10 09:34:20,MA312P2350,MA312P2350,129.0,0.0,0.0,0.0,1,78.5,0.0,0,113.0,129.5,131.0,129.0,39.0,5050.5,28
2023-05-10 09:34:20,MA312P2350,MA312P2350,129.0,0.0,0.0,0.0,6,79.5,0.0,0,113.0,129.5,131.0,129.0,39.0,5050.5,28
2023-05-10 09:34:21,MA312P2350,MA312P2350,129.0,0.0,0.0,0.0,1,80.0,0.0,0,113.0,129.5,131.0,129.0,39.0,5050.5,28
2023-05-10 09:34:21,MA312P2350,MA312P2350,129.0,0.0,0.0,0.0,6,81.0,0.0,0,113.0,129.5,131.0,129.0,39.0,5050.5,28
2023-05-10 09:34:22,MA312P2350,MA312P2350,129.0,0.0,0.0,0.0,1,81.5,0.0,0,113.0,129.5,131.0,129.0,39.0,5050.5,28
2023-05-10 09:34:22,MA312P2350,MA312P2350,129.0,0.0,0.0,0.0,6,82.5,0.0,0,113.0,129.5,131.0,129.0,39.0,5050.5,28
2023-05-10 09:55:37,MA312P2350,MA312P2350,129.0,0.0,0.0,0.0,1,86.5,0.0,0,113.0,129.5,131.0,129.0,39.0,5050.5,28
2023-05-10 09:56:07,MA312P2350,MA312P2350,129.0,0.0,0.0,0.0,1,53.5,0.0,0,113.0,129.5,131.0,129.0,39.0,5050.5,28
2023-05-10 09:56:07,MA312P2350,MA312P2350,129.0,0.0,0.0,0.0,1,61.5,0.0,0,113.0,129.5,131.0,129.0,39.0,5050.5,28
2023-05-10 09:56:08,MA312P2350,MA312P2350,129.0,0.0,0.0,0.0,6,62.5,0.0,0,113.0,129.5,131.0,129.0,39.0,5050.5,28
2023-05-10 09:56:08,MA312P2350,MA312P2350,129.0,0.0,0.0,0.0,1,70.5,0.0,0,113.0,129.5,131.0,129.0,39.0,5050.5,28
2023-05-10 09:56:08,MA312P2350,MA312P2350,129.0,0.0,0.0,0.0,6,71.5,0.0,0,113.0,129.5,131.0,129.0,39.0,5050.5,28
2023-05-10 09:56:09,MA312P2350,MA312P2350,129.0,0.0,0.0,0.0,1,75.5,0.0,0,113.0,129.5,131.0,129.0,39.0,5050.5,28
2023-05-10 09:56:09,MA312P2350,MA312P2350,129.0,0.0,0.0,0.0,6,76.5,0.0,0,113.0,129.5,131.0,129.0,39.0,5050.5,28
2023-05-10 09:56:10,MA312P2350,MA312P2350,129.0,0.0,0.0,0.0,1,77.0,0.0,0,113.0,129.5,131.0,129.0,39.0,5050.5,28
2023-05-10 09:56:10,MA312P2350,MA312P2350,129.0,0.0,0.0,0.0,6,78.0,0.0,0,113.0,129.5,131.0,129.0,39.0,5050.5,28
2023-05-10 09:56:11,MA312P2350,MA312P2350,129.0,0.0,0.0,0.0,1,78.5,0.0,0,113.0,129.5,131.0,129.0,39.0,5050.5,28
2023-05-10 09:56:11,MA312P2350,MA312P2350,129.0,0.0,0.0,0.0,6,79.5,0.0,0,113.0,129.5,131.0,129.0,39.0,5050.5,28
2023-05-10 09:56:12,MA312P2350,MA312P2350,129.0,0.0,0.0,0.0,1,80.0,0.0,0,113.0,129.5,131.0,129.0,39.0,5050.5,28
2023-05-10 09:56:12,MA312P2350,MA312P2350,129.0,0.0,0.0,0.0,6,81.0,0.0,0,113.0,129.5,131.0,129.0,39.0,5050.5,28
2023-05-10 09:56:13,MA312P2350,MA312P2350,129.0,0.0,0.0,0.0,1,81.5,0.0,0,113.0,129.5,131.0,129.0,39.0,5050.5,28
2023-05-10 09:56:13,MA312P2350,MA312P2350,129.0,0.0,0.0,0.0,6,82.5,0.0,0,113.0,129.5,131.0,129.0,39.0,5050.5,28
2023-05-10 09:58:47,MA312P2350,MA312P2350,129.0,0.0,0.0,0.0,1,86.5,0.0,0,113.0,129.5,131.0,129.0,39.0,5050.5,28
2023-05-10 09:59:17,MA312P2350,MA312P2350,129.0,0.0,0.0,0.0,1,53.5,0.0,0,113.0,129.5,131.0,129.0,39.0,5050.5,28
2023-05-10 09:59:18,MA312P2350,MA312P2350,129.0,0.0,0.0,0.0,1,61.5,0.0,0,113.0,129.5,131.0,129.0,39.0,5050.5,28
2023-05-10 09:59:18,MA312P2350,MA312P2350,129.0,0.0,0.0,0.0,6,62.5,0.0,0,113.0,129.5,131.0,129.0,39.0,5050.5,28
2023-05-10 09:59:19,MA312P2350,MA312P2350,129.0,0.0,0.0,0.0,1,70.5,0.0,0,113.0,129.5,131.0,129.0,39.0,5050.5,28
2023-05-10 09:59:19,MA312P2350,MA312P2350,129.0,0.0,0.0,0.0,6,71.5,0.0,0,113.0,129.5,131.0,129.0,39.0,5050.5,28
2023-05-10 09:59:20,MA312P2350,MA312P2350,129.0,0.0,0.0,0.0,1,75.5,0.0,0,113.0,129.5,131.0,129.0,39.0,5050.5,28
2023-05-10 09:59:20,MA312P2350,MA312P2350,129.0,0.0,0.0,0.0,6,76.5,0.0,0,113.0,129.5,131.0,129.0,39.0,5050.5,28
2023-05-10 09:59:21,MA312P2350,MA312P2350,129.0,0.0,0.0,0.0,1,77.0,0.0,0,113.0,129.5,131.0,129.0,39.0,5050.5,28
2023-05-10 09:59:21,MA312P2350,MA312P2350,129.0,0.0,0.0,0.0,6,78.0,0.0,0,113.0,129.5,131.0,129.0,39.0,5050.5,28
2023-05-10 09:59:22,MA312P2350,MA312P2350,129.0,0.0,0.0,0.0,1,78.5,0.0,0,113.0,129.5,131.0,129.0,39.0,5050.5,28
2023-05-10 09:59:22,MA312P2350,MA312P2350,129.0,0.0,0.0,0.0,6,79.5,0.0,0,113.0,129.5,131.0,129.0,39.0,5050.5,28
2023-05-10 09:59:23,MA312P2350,MA312P2350,129.0,0.0,0.0,0.0,1,80.0,0.0,0,113.0,129.5,131.0,129.0,39.0,5050.5,28
2023-05-10 09:59:23,MA312P2350,MA312P2350,129.0,0.0,0.0,0.0,6,81.0,0.0,0,113.0,129.5,131.0,129.0,39.0,5050.5,28
2023-05-10 09:59:24,MA312P2350,MA312P2350,129.0,0.0,0.0,0.0,1,81.5,0.0,0,113.0,129.5,131.0,129.0,39.0,5050.5,28
2023-05-10 09:59:24,MA312P2350,MA312P2350,129.0,0.0,0.0,0.0,6,82.5,0.0,0,113.0,129.5,131.0,129.0,39.0,5050.5,28
2023-05-10 10:01:20,MA312P2350,MA312P2350,129.0,0.0,0.0,0.0,1,86.5,0.0,0,113.0,129.5,131.0,129.0,39.0,5050.5,28
2023-05-10 10:01:50,MA312P2350,MA312P2350,129.0,0.0,0.0,0.0,1,53.5,0.0,0,113.0,129.5,131.0,129.0,39.0,5050.5,28
2023-05-10 10:01:51,MA312P2350,MA312P2350,129.0,0.0,0.0,0.0,1,61.5,0.0,0,113.0,129.5,131.0,129.0,39.0,5050.5,28
2023-05-10 10:01:51,MA312P2350,MA312P2350,129.0,0.0,0.0,0.0,6,62.5,0.0,0,113.0,129.5,131.0,129.0,39.0,5050.5,28
2023-05-10 10:01:52,MA312P2350,MA312P2350,129.0,0.0,0.0,0.0,1,70.5,0.0,0,113.0,129.5,131.0,129.0,39.0,5050.5,28
2023-05-10 10:01:52,MA312P2350,MA312P2350,129.0,0.0,0.0,0.0,6,71.5,0.0,0,113.0,129.5,131.0,129.0,39.0,5050.5,28
2023-05-10 10:01:53,MA312P2350,MA312P2350,129.0,0.0,0.0,0.0,1,75.5,0.0,0,113.0,129.5,131.0,129.0,39.0,5050.5,28
2023-05-10 10:01:53,MA312P2350,MA312P2350,129.0,0.0,0.0,0.0,6,76.5,0.0,0,113.0,129.5,131.0,129.0,39.0,5050.5,28
2023-05-10 10:01:54,MA312P2350,MA312P2350,129.0,0.0,0.0,0.0,1,77.0,0.0,0,113.0,129.5,131.0,129.0,39.0,5050.5,28
2023-05-10 10:01:55,MA312P2350,MA312P2350,129.0,0.0,0.0,0.0,6,78.0,0.0,0,113.0,129.5,131.0,129.0,39.0,5050.5,28
2023-05-10 10:01:55,MA312P2350,MA312P2350,129.0,0.0,0.0,0.0,1,78.5,0.0,0,113.0,129.5,131.0,129.0,39.0,5050.5,28
2023-05-10 10:01:56,MA312P2350,MA312P2350,129.0,0.0,0.0,0.0,6,79.5,0.0,0,113.0,129.5,131.0,129.0,39.0,5050.5,28
2023-05-10 10:01:56,MA312P2350,MA312P2350,129.0,0.0,0.0,0.0,1,80.0,0.0,0,113.0,129.5,131.0,129.0,39.0,5050.5,28
2023-05-10 10:01:57,MA312P2350,MA312P2350,129.0,0.0,0.0,0.0,6,81.0,0.0,0,113.0,129.5,131.0,129.0,39.0,5050.5,28
2023-05-10 10:01:57,MA312P2350,MA312P2350,129.0,0.0,0.0,0.0,1,81.5,0.0,0,113.0,129.5,131.0,129.0,39.0,5050.5,28
2023-05-10 10:01:58,MA312P2350,MA312P2350,129.0,0.0,0.0,0.0,6,82.5,0.0,0,113.0,129.5,131.0,129.0,39.0,5050.5,28
2023-05-10 10:02:48,MA312P2350,MA312P2350,129.0,0.0,0.0,0.0,1,86.5,0.0,0,113.0,129.5,131.0,129.0,39.0,5050.5,28
2023-05-10 10:03:18,MA312P2350,MA312P2350,129.0,0.0,0.0,0.0,1,53.5,0.0,0,113.0,129.5,131.0,129.0,39.0,5050.5,28
2023-05-10 10:03:18,MA312P2350,MA312P2350,129.0,0.0,0.0,0.0,1,61.5,0.0,0,113.0,129.5,131.0,129.0,39.0,5050.5,28
2023-05-10 10:03:19,MA312P2350,MA312P2350,129.0,0.0,0.0,0.0,6,62.5,0.0,0,113.0,129.5,131.0,129.0,39.0,5050.5,28
2023-05-10 10:03:20,MA312P2350,MA312P2350,129.0,0.0,0.0,0.0,1,70.5,0.0,0,113.0,129.5,131.0,129.0,39.0,5050.5,28
2023-05-10 10:03:20,MA312P2350,MA312P2350,129.0,0.0,0.0,0.0,6,71.5,0.0,0,113.0,129.5,131.0,129.0,39.0,5050.5,28
2023-05-10 10:03:21,MA312P2350,MA312P2350,129.0,0.0,0.0,0.0,1,75.5,0.0,0,113.0,129.5,131.0,129.0,39.0,5050.5,28
2023-05-10 10:03:21,MA312P2350,MA312P2350,129.0,0.0,0.0,0.0,6,76.5,0.0,0,113.0,129.5,131.0,129.0,39.0,5050.5,28
2023-05-10 10:03:22,MA312P2350,MA312P2350,129.0,0.0,0.0,0.0,1,77.0,0.0,0,113.0,129.5,131.0,129.0,39.0,5050.5,28
2023-05-10 10:03:22,MA312P2350,MA312P2350,129.0,0.0,0.0,0.0,6,78.0,0.0,0,113.0,129.5,131.0,129.0,39.0,5050.5,28
2023-05-10 10:03:23,MA312P2350,MA312P2350,129.0,0.0,0.0,0.0,1,78.5,0.0,0,113.0,129.5,131.0,129.0,39.0,5050.5,28
2023-05-10 10:03:23,MA312P2350,MA312P2350,129.0,0.0,0.0,0.0,6,79.5,0.0,0,113.0,129.5,131.0,129.0,39.0,5050.5,28
2023-05-10 10:03:24,MA312P2350,MA312P2350,129.0,0.0,0.0,0.0,1,80.0,0.0,0,113.0,129.5,131.0,129.0,39.0,5050.5,28
2023-05-10 10:03:24,MA312P2350,MA312P2350,129.0,0.0,0.0,0.0,6,81.0,0.0,0,113.0,129.5,131.0,129.0,39.0,5050.5,28
2023-05-10 10:03:25,MA312P2350,MA312P2350,129.0,0.0,0.0,0.0,1,81.5,0.0,0,113.0,129.5,131.0,129.0,39.0,5050.5,28
2023-05-10 10:03:25,MA312P2350,MA312P2350,129.0,0.0,0.0,0.0,6,82.5,0.0,0,113.0,129.5,131.0,129.0,39.0,5050.5,28
2023-05-10 10:04:47,MA312P2350,MA312P2350,129.0,0.0,0.0,0.0,1,86.5,0.0,0,113.0,129.5,131.0,129.0,39.0,5050.5,28
2023-05-10 10:12:06,MA312P2350,MA312P2350,129.0,0.0,0.0,0.0,1,53.5,0.0,0,113.0,129.5,131.0,129.0,39.0,5050.5,28
2023-05-10 10:12:07,MA312P2350,MA312P2350,129.0,0.0,0.0,0.0,6,54.5,0.0,0,113.0,129.5,131.0,129.0,39.0,5050.5,28
2023-05-10 10:14:52,MA312P2350,MA312P2350,129.0,0.0,0.0,0.0,3,126.5,141.5,3,113.0,129.5,131.0,129.0,39.0,5050.5,28
2023-05-10 10:14:54,MA312P2350,MA312P2350,129.0,0.0,0.0,0.0,3,135.5,138.5,3,113.0,129.5,131.0,129.0,39.0,5050.5,28
2023-05-10 10:14:58,MA312P2350,MA312P2350,129.0,0.0,0.0,0.0,6,135.5,138.5,6,113.0,129.5,131.0,129.0,39.0,5050.5,28
2023-05-10 10:30:17,MA312P2350,MA312P2350,129.0,0.0,0.0,0.0,3,135.5,138.5,3,113.0,129.5,131.0,129.0,39.0,5050.5,28
2023-05-10 10:38:35,MA312P2350,MA312P2350,138.5,3.0,409.5,3.0,3,135.5,0.0,0,113.0,129.5,138.5,129.0,42.0,5460.0,31
2023-05-10 13:30:00,MA312P2350,MA312P2350,138.5,0.0,0.0,0.0,1,33.5,0.0,0,113.0,129.5,138.5,129.0,42.0,5460.0,31
2023-05-10 13:30:11,MA312P2350,MA312P2350,138.5,0.0,0.0,0.0,1,34.0,0.0,0,113.0,129.5,138.5,129.0,42.0,5460.0,31
2023-05-10 13:30:13,MA312P2350,MA312P2350,138.5,0.0,0.0,0.0,6,35.0,0.0,0,113.0,129.5,138.5,129.0,42.0,5460.0,31
2023-05-10 13:31:34,MA312P2350,MA312P2350,138.5,0.0,0.0,0.0,1,43.0,0.0,0,113.0,129.5,138.5,129.0,42.0,5460.0,31
2023-05-10 13:31:35,MA312P2350,MA312P2350,138.5,0.0,0.0,0.0,6,44.0,0.0,0,113.0,129.5,138.5,129.0,42.0,5460.0,31
2023-05-10 13:33:31,MA312P2350,MA312P2350,138.5,0.0,0.0,0.0,1,52.0,0.0,0,113.0,129.5,138.5,129.0,42.0,5460.0,31
2023-05-10 13:33:31,MA312P2350,MA312P2350,138.5,0.0,0.0,0.0,6,53.0,0.0,0,113.0,129.5,138.5,129.0,42.0,5460.0,31
2023-05-10 13:33:33,MA312P2350,MA312P2350,138.5,0.0,0.0,0.0,1,61.0,0.0,0,113.0,129.5,138.5,129.0,42.0,5460.0,31
2023-05-10 13:33:34,MA312P2350,MA312P2350,138.5,0.0,0.0,0.0,6,62.0,0.0,0,113.0,129.5,138.5,129.0,42.0,5460.0,31
2023-05-10 13:33:35,MA312P2350,MA312P2350,138.5,0.0,0.0,0.0,1,70.0,0.0,0,113.0,129.5,138.5,129.0,42.0,5460.0,31
2023-05-10 13:33:36,MA312P2350,MA312P2350,138.5,0.0,0.0,0.0,6,71.0,0.0,0,113.0,129.5,138.5,129.0,42.0,5460.0,31
2023-05-10 13:33:36,MA312P2350,MA312P2350,138.5,0.0,0.0,0.0,1,75.0,0.0,0,113.0,129.5,138.5,129.0,42.0,5460.0,31
2023-05-10 13:33:37,MA312P2350,MA312P2350,138.5,0.0,0.0,0.0,6,76.0,0.0,0,113.0,129.5,138.5,129.0,42.0,5460.0,31
2023-05-10 13:33:37,MA312P2350,MA312P2350,138.5,0.0,0.0,0.0,1,76.5,0.0,0,113.0,129.5,138.5,129.0,42.0,5460.0,31
2023-05-10 13:33:38,MA312P2350,MA312P2350,138.5,0.0,0.0,0.0,6,77.5,0.0,0,113.0,129.5,138.5,129.0,42.0,5460.0,31
2023-05-10 13:33:38,MA312P2350,MA312P2350,138.5,0.0,0.0,0.0,1,78.0,0.0,0,113.0,129.5,138.5,129.0,42.0,5460.0,31
2023-05-10 13:33:39,MA312P2350,MA312P2350,138.5,0.0,0.0,0.0,6,79.0,0.0,0,113.0,129.5,138.5,129.0,42.0,5460.0,31
2023-05-10 13:33:39,MA312P2350,MA312P2350,138.5,0.0,0.0,0.0,1,79.5,0.0,0,113.0,129.5,138.5,129.0,42.0,5460.0,31
2023-05-10 13:33:40,MA312P2350,MA312P2350,138.5,0.0,0.0,0.0,6,80.5,0.0,0,113.0,129.5,138.5,129.0,42.0,5460.0,31
2023-05-10 13:36:46,MA312P2350,MA312P2350,138.5,0.0,0.0,0.0,1,81.0,0.0,0,113.0,129.5,138.5,129.0,42.0,5460.0,31
2023-05-10 13:36:47,MA312P2350,MA312P2350,138.5,0.0,0.0,0.0,6,82.0,0.0,0,113.0,129.5,138.5,129.0,42.0,5460.0,31
2023-05-10 13:36:47,MA312P2350,MA312P2350,138.5,0.0,0.0,0.0,1,82.5,0.0,0,113.0,129.5,138.5,129.0,42.0,5460.0,31
2023-05-10 13:36:48,MA312P2350,MA312P2350,138.5,0.0,0.0,0.0,6,83.5,0.0,0,113.0,129.5,138.5,129.0,42.0,5460.0,31
2023-05-10 13:36:48,MA312P2350,MA312P2350,138.5,0.0,0.0,0.0,1,84.0,0.0,0,113.0,129.5,138.5,129.0,42.0,5460.0,31
2023-05-10 13:36:49,MA312P2350,MA312P2350,138.5,0.0,0.0,0.0,6,85.0,0.0,0,113.0,129.5,138.5,129.0,42.0,5460.0,31
2023-05-10 13:36:49,MA312P2350,MA312P2350,138.5,0.0,0.0,0.0,1,85.5,0.0,0,113.0,129.5,138.5,129.0,42.0,5460.0,31
2023-05-10 13:37:16,MA312P2350,MA312P2350,138.5,0.0,0.0,0.0,1,34.0,0.0,0,113.0,129.5,138.5,129.0,42.0,5460.0,31
2023-05-10 13:37:16,MA312P2350,MA312P2350,138.5,0.0,0.0,0.0,1,42.0,0.0,0,113.0,129.5,138.5,129.0,42.0,5460.0,31
2023-05-10 13:37:17,MA312P2350,MA312P2350,138.5,0.0,0.0,0.0,6,43.0,0.0,0,113.0,129.5,138.5,129.0,42.0,5460.0,31
2023-05-10 13:37:17,MA312P2350,MA312P2350,138.5,0.0,0.0,0.0,1,51.0,0.0,0,113.0,129.5,138.5,129.0,42.0,5460.0,31
2023-05-10 13:37:18,MA312P2350,MA312P2350,138.5,0.0,0.0,0.0,6,52.0,0.0,0,113.0,129.5,138.5,129.0,42.0,5460.0,31
2023-05-10 13:37:19,MA312P2350,MA312P2350,138.5,0.0,0.0,0.0,1,60.0,0.0,0,113.0,129.5,138.5,129.0,42.0,5460.0,31
2023-05-10 13:37:19,MA312P2350,MA312P2350,138.5,0.0,0.0,0.0,6,61.0,0.0,0,113.0,129.5,138.5,129.0,42.0,5460.0,31
2023-05-10 13:37:20,MA312P2350,MA312P2350,138.5,0.0,0.0,0.0,1,69.0,0.0,0,113.0,129.5,138.5,129.0,42.0,5460.0,31
2023-05-10 13:37:20,MA312P2350,MA312P2350,138.5,0.0,0.0,0.0,6,70.0,0.0,0,113.0,129.5,138.5,129.0,42.0,5460.0,31
2023-05-10 13:37:21,MA312P2350,MA312P2350,138.5,0.0,0.0,0.0,1,74.0,0.0,0,113.0,129.5,138.5,129.0,42.0,5460.0,31
2023-05-10 13:37:22,MA312P2350,MA312P2350,138.5,0.0,0.0,0.0,6,75.0,0.0,0,113.0,129.5,138.5,129.0,42.0,5460.0,31
2023-05-10 13:37:22,MA312P2350,MA312P2350,138.5,0.0,0.0,0.0,1,75.5,0.0,0,113.0,129.5,138.5,129.0,42.0,5460.0,31
2023-05-10 13:37:23,MA312P2350,MA312P2350,138.5,0.0,0.0,0.0,6,76.5,0.0,0,113.0,129.5,138.5,129.0,42.0,5460.0,31
2023-05-10 13:37:23,MA312P2350,MA312P2350,138.5,0.0,0.0,0.0,1,77.0,0.0,0,113.0,129.5,138.5,129.0,42.0,5460.0,31
2023-05-10 13:37:24,MA312P2350,MA312P2350,138.5,0.0,0.0,0.0,6,78.0,0.0,0,113.0,129.5,138.5,129.0,42.0,5460.0,31
2023-05-10 13:37:24,MA312P2350,MA312P2350,138.5,0.0,0.0,0.0,1,78.5,0.0,0,113.0,129.5,138.5,129.0,42.0,5460.0,31
2023-05-10 13:37:25,MA312P2350,MA312P2350,138.5,0.0,0.0,0.0,6,79.5,0.0,0,113.0,129.5,138.5,129.0,42.0,5460.0,31
2023-05-10 13:37:25,MA312P2350,MA312P2350,138.5,0.0,0.0,0.0,1,80.0,0.0,0,113.0,129.5,138.5,129.0,42.0,5460.0,31
2023-05-10 13:37:26,MA312P2350,MA312P2350,138.5,0.0,0.0,0.0,6,81.0,0.0,0,113.0,129.5,138.5,129.0,42.0,5460.0,31
2023-05-10 13:41:05,MA312P2350,MA312P2350,138.5,0.0,0.0,0.0,1,89.0,0.0,0,113.0,129.5,138.5,129.0,42.0,5460.0,31
2023-05-10 13:41:34,MA312P2350,MA312P2350,138.5,0.0,0.0,0.0,1,34.0,0.0,0,113.0,129.5,138.5,129.0,42.0,5460.0,31
2023-05-10 13:41:35,MA312P2350,MA312P2350,138.5,0.0,0.0,0.0,1,42.0,0.0,0,113.0,129.5,138.5,129.0,42.0,5460.0,31
2023-05-10 13:41:35,MA312P2350,MA312P2350,138.5,0.0,0.0,0.0,6,43.0,0.0,0,113.0,129.5,138.5,129.0,42.0,5460.0,31
2023-05-10 13:41:36,MA312P2350,MA312P2350,138.5,0.0,0.0,0.0,1,51.0,0.0,0,113.0,129.5,138.5,129.0,42.0,5460.0,31
2023-05-10 13:41:37,MA312P2350,MA312P2350,138.5,0.0,0.0,0.0,6,52.0,0.0,0,113.0,129.5,138.5,129.0,42.0,5460.0,31
2023-05-10 13:41:38,MA312P2350,MA312P2350,138.5,0.0,0.0,0.0,1,60.0,0.0,0,113.0,129.5,138.5,129.0,42.0,5460.0,31
2023-05-10 13:41:38,MA312P2350,MA312P2350,138.5,0.0,0.0,0.0,6,61.0,0.0,0,113.0,129.5,138.5,129.0,42.0,5460.0,31
2023-05-10 13:41:39,MA312P2350,MA312P2350,138.5,0.0,0.0,0.0,1,69.0,0.0,0,113.0,129.5,138.5,129.0,42.0,5460.0,31
2023-05-10 13:41:40,MA312P2350,MA312P2350,138.5,0.0,0.0,0.0,6,70.0,0.0,0,113.0,129.5,138.5,129.0,42.0,5460.0,31
2023-05-10 13:41:41,MA312P2350,MA312P2350,138.5,0.0,0.0,0.0,1,74.0,0.0,0,113.0,129.5,138.5,129.0,42.0,5460.0,31
2023-05-10 13:41:41,MA312P2350,MA312P2350,138.5,0.0,0.0,0.0,6,75.0,0.0,0,113.0,129.5,138.5,129.0,42.0,5460.0,31
2023-05-10 13:41:42,MA312P2350,MA312P2350,138.5,0.0,0.0,0.0,1,75.5,0.0,0,113.0,129.5,138.5,129.0,42.0,5460.0,31
2023-05-10 13:41:42,MA312P2350,MA312P2350,138.5,0.0,0.0,0.0,6,76.5,0.0,0,113.0,129.5,138.5,129.0,42.0,5460.0,31
2023-05-10 13:41:43,MA312P2350,MA312P2350,138.5,0.0,0.0,0.0,1,77.0,0.0,0,113.0,129.5,138.5,129.0,42.0,5460.0,31
2023-05-10 13:41:43,MA312P2350,MA312P2350,138.5,0.0,0.0,0.0,6,78.0,0.0,0,113.0,129.5,138.5,129.0,42.0,5460.0,31
2023-05-10 13:41:44,MA312P2350,MA312P2350,138.5,0.0,0.0,0.0,1,78.5,0.0,0,113.0,129.5,138.5,129.0,42.0,5460.0,31
2023-05-10 13:41:45,MA312P2350,MA312P2350,138.5,0.0,0.0,0.0,6,79.5,0.0,0,113.0,129.5,138.5,129.0,42.0,5460.0,31
2023-05-10 13:41:45,MA312P2350,MA312P2350,138.5,0.0,0.0,0.0,1,80.0,0.0,0,113.0,129.5,138.5,129.0,42.0,5460.0,31
2023-05-10 13:41:46,MA312P2350,MA312P2350,138.5,0.0,0.0,0.0,6,81.0,0.0,0,113.0,129.5,138.5,129.0,42.0,5460.0,31
2023-05-10 13:49:14,MA312P2350,MA312P2350,138.5,0.0,0.0,0.0,1,81.5,0.0,0,113.0,129.5,138.5,129.0,42.0,5460.0,31
2023-05-10 13:49:14,MA312P2350,MA312P2350,138.5,0.0,0.0,0.0,6,82.5,0.0,0,113.0,129.5,138.5,129.0,42.0,5460.0,31
2023-05-10 13:49:15,MA312P2350,MA312P2350,138.5,0.0,0.0,0.0,1,83.0,0.0,0,113.0,129.5,138.5,129.0,42.0,5460.0,31
2023-05-10 13:49:15,MA312P2350,MA312P2350,138.5,0.0,0.0,0.0,6,84.0,0.0,0,113.0,129.5,138.5,129.0,42.0,5460.0,31
2023-05-10 13:49:16,MA312P2350,MA312P2350,138.5,0.0,0.0,0.0,1,84.5,0.0,0,113.0,129.5,138.5,129.0,42.0,5460.0,31
2023-05-10 13:49:44,MA312P2350,MA312P2350,138.5,0.0,0.0,0.0,1,34.0,0.0,0,113.0,129.5,138.5,129.0,42.0,5460.0,31
2023-05-10 13:49:44,MA312P2350,MA312P2350,138.5,0.0,0.0,0.0,1,42.0,0.0,0,113.0,129.5,138.5,129.0,42.0,5460.0,31
2023-05-10 13:49:45,MA312P2350,MA312P2350,138.5,0.0,0.0,0.0,6,43.0,0.0,0,113.0,129.5,138.5,129.0,42.0,5460.0,31
2023-05-10 13:49:46,MA312P2350,MA312P2350,138.5,0.0,0.0,0.0,1,51.0,0.0,0,113.0,129.5,138.5,129.0,42.0,5460.0,31
2023-05-10 13:49:46,MA312P2350,MA312P2350,138.5,0.0,0.0,0.0,6,52.0,0.0,0,113.0,129.5,138.5,129.0,42.0,5460.0,31
2023-05-10 13:49:47,MA312P2350,MA312P2350,138.5,0.0,0.0,0.0,1,60.0,0.0,0,113.0,129.5,138.5,129.0,42.0,5460.0,31
2023-05-10 13:49:48,MA312P2350,MA312P2350,138.5,0.0,0.0,0.0,6,61.0,0.0,0,113.0,129.5,138.5,129.0,42.0,5460.0,31
2023-05-10 13:49:49,MA312P2350,MA312P2350,138.5,0.0,0.0,0.0,1,69.0,0.0,0,113.0,129.5,138.5,129.0,42.0,5460.0,31
2023-05-10 13:49:49,MA312P2350,MA312P2350,138.5,0.0,0.0,0.0,6,70.0,0.0,0,113.0,129.5,138.5,129.0,42.0,5460.0,31
2023-05-10 13:49:50,MA312P2350,MA312P2350,138.5,0.0,0.0,0.0,1,74.0,0.0,0,113.0,129.5,138.5,129.0,42.0,5460.0,31
2023-05-10 13:49:50,MA312P2350,MA312P2350,138.5,0.0,0.0,0.0,6,75.0,0.0,0,113.0,129.5,138.5,129.0,42.0,5460.0,31
2023-05-10 13:49:51,MA312P2350,MA312P2350,138.5,0.0,0.0,0.0,1,75.5,0.0,0,113.0,129.5,138.5,129.0,42.0,5460.0,31
2023-05-10 13:49:51,MA312P2350,MA312P2350,138.5,0.0,0.0,0.0,6,76.5,0.0,0,113.0,129.5,138.5,129.0,42.0,5460.0,31
2023-05-10 13:49:52,MA312P2350,MA312P2350,138.5,0.0,0.0,0.0,1,77.0,0.0,0,113.0,129.5,138.5,129.0,42.0,5460.0,31
2023-05-10 13:49:52,MA312P2350,MA312P2350,138.5,0.0,0.0,0.0,6,78.0,0.0,0,113.0,129.5,138.5,129.0,42.0,5460.0,31
2023-05-10 13:49:53,MA312P2350,MA312P2350,138.5,0.0,0.0,0.0,1,78.5,0.0,0,113.0,129.5,138.5,129.0,42.0,5460.0,31
2023-05-10 13:49:53,MA312P2350,MA312P2350,138.5,0.0,0.0,0.0,6,79.5,0.0,0,113.0,129.5,138.5,129.0,42.0,5460.0,31
2023-05-10 13:49:54,MA312P2350,MA312P2350,138.5,0.0,0.0,0.0,1,80.0,0.0,0,113.0,129.5,138.5,129.0,42.0,5460.0,31
2023-05-10 13:49:54,MA312P2350,MA312P2350,138.5,0.0,0.0,0.0,6,81.0,0.0,0,113.0,129.5,138.5,129.0,42.0,5460.0,31
2023-05-10 13:50:19,MA312P2350,MA312P2350,138.5,0.0,0.0,0.0,1,81.5,0.0,0,113.0,129.5,138.5,129.0,42.0,5460.0,31
2023-05-10 13:50:19,MA312P2350,MA312P2350,138.5,0.0,0.0,0.0,6,82.5,0.0,0,113.0,129.5,138.5,129.0,42.0,5460.0,31
2023-05-10 13:50:20,MA312P2350,MA312P2350,138.5,0.0,0.0,0.0,1,83.0,0.0,0,113.0,129.5,138.5,129.0,42.0,5460.0,31
2023-05-10 13:50:20,MA312P2350,MA312P2350,138.5,0.0,0.0,0.0,6,84.0,0.0,0,113.0,129.5,138.5,129.0,42.0,5460.0,31
2023-05-10 13:50:21,MA312P2350,MA312P2350,138.5,0.0,0.0,0.0,1,84.5,0.0,0,113.0,129.5,138.5,129.0,42.0,5460.0,31
2023-05-10 13:50:49,MA312P2350,MA312P2350,138.5,0.0,0.0,0.0,1,34.0,0.0,0,113.0,129.5,138.5,129.0,42.0,5460.0,31
2023-05-10 13:50:49,MA312P2350,MA312P2350,138.5,0.0,0.0,0.0,1,42.0,0.0,0,113.0,129.5,138.5,129.0,42.0,5460.0,31
2023-05-10 13:50:49,MA312P2350,MA312P2350,138.5,0.0,0.0,0.0,6,43.0,0.0,0,113.0,129.5,138.5,129.0,42.0,5460.0,31
2023-05-10 13:50:50,MA312P2350,MA312P2350,138.5,0.0,0.0,0.0,1,51.0,0.0,0,113.0,129.5,138.5,129.0,42.0,5460.0,31
2023-05-10 13:50:50,MA312P2350,MA312P2350,138.5,0.0,0.0,0.0,6,52.0,0.0,0,113.0,129.5,138.5,129.0,42.0,5460.0,31
2023-05-10 13:50:51,MA312P2350,MA312P2350,138.5,0.0,0.0,0.0,1,60.0,0.0,0,113.0,129.5,138.5,129.0,42.0,5460.0,31
2023-05-10 13:50:51,MA312P2350,MA312P2350,138.5,0.0,0.0,0.0,6,61.0,0.0,0,113.0,129.5,138.5,129.0,42.0,5460.0,31
2023-05-10 13:50:52,MA312P2350,MA312P2350,138.5,0.0,0.0,0.0,1,69.0,0.0,0,113.0,129.5,138.5,129.0,42.0,5460.0,31
2023-05-10 13:50:52,MA312P2350,MA312P2350,138.5,0.0,0.0,0.0,6,70.0,0.0,0,113.0,129.5,138.5,129.0,42.0,5460.0,31
2023-05-10 13:50:53,MA312P2350,MA312P2350,138.5,0.0,0.0,0.0,1,74.0,0.0,0,113.0,129.5,138.5,129.0,42.0,5460.0,31
2023-05-10 13:50:53,MA312P2350,MA312P2350,138.5,0.0,0.0,0.0,6,75.0,0.0,0,113.0,129.5,138.5,129.0,42.0,5460.0,31
2023-05-10 13:50:54,MA312P2350,MA312P2350,138.5,0.0,0.0,0.0,1,75.5,0.0,0,113.0,129.5,138.5,129.0,42.0,5460.0,31
2023-05-10 13:50:54,MA312P2350,MA312P2350,138.5,0.0,0.0,0.0,6,76.5,0.0,0,113.0,129.5,138.5,129.0,42.0,5460.0,31
2023-05-10 13:50:55,MA312P2350,MA312P2350,138.5,0.0,0.0,0.0,1,77.0,0.0,0,113.0,129.5,138.5,129.0,42.0,5460.0,31
2023-05-10 13:50:55,MA312P2350,MA312P2350,138.5,0.0,0.0,0.0,6,78.0,0.0,0,113.0,129.5,138.5,129.0,42.0,5460.0,31
2023-05-10 13:50:56,MA312P2350,MA312P2350,138.5,0.0,0.0,0.0,1,78.5,0.0,0,113.0,129.5,138.5,129.0,42.0,5460.0,31
2023-05-10 13:50:56,MA312P2350,MA312P2350,138.5,0.0,0.0,0.0,6,79.5,0.0,0,113.0,129.5,138.5,129.0,42.0,5460.0,31
2023-05-10 13:50:57,MA312P2350,MA312P2350,138.5,0.0,0.0,0.0,1,80.0,0.0,0,113.0,129.5,138.5,129.0,42.0,5460.0,31
2023-05-10 13:50:57,MA312P2350,MA312P2350,138.5,0.0,0.0,0.0,6,81.0,0.0,0,113.0,129.5,138.5,129.0,42.0,5460.0,31
2023-05-10 13:52:00,MA312P2350,MA312P2350,138.5,0.0,0.0,0.0,1,81.5,0.0,0,113.0,129.5,138.5,129.0,42.0,5460.0,31
2023-05-10 13:52:00,MA312P2350,MA312P2350,138.5,0.0,0.0,0.0,6,82.5,0.0,0,113.0,129.5,138.5,129.0,42.0,5460.0,31
2023-05-10 13:52:01,MA312P2350,MA312P2350,138.5,0.0,0.0,0.0,1,83.0,0.0,0,113.0,129.5,138.5,129.0,42.0,5460.0,31
2023-05-10 13:52:01,MA312P2350,MA312P2350,138.5,0.0,0.0,0.0,6,84.0,0.0,0,113.0,129.5,138.5,129.0,42.0,5460.0,31
2023-05-10 13:52:02,MA312P2350,MA312P2350,138.5,0.0,0.0,0.0,1,84.5,0.0,0,113.0,129.5,138.5,129.0,42.0,5460.0,31
2023-05-10 13:52:27,MA312P2350,MA312P2350,138.5,0.0,0.0,0.0,3,129.0,144.0,3,113.0,129.5,138.5,129.0,42.0,5460.0,31
2023-05-10 13:52:28,MA312P2350,MA312P2350,138.5,0.0,0.0,0.0,6,129.0,144.0,6,113.0,129.5,138.5,129.0,42.0,5460.0,31
2023-05-10 13:52:29,MA312P2350,MA312P2350,138.5,0.0,0.0,0.0,3,137.5,140.5,3,113.0,129.5,138.5,129.0,42.0,5460.0,31
2023-05-10 13:52:33,MA312P2350,MA312P2350,138.5,0.0,0.0,0.0,3,137.5,139.0,1,113.0,129.5,138.5,129.0,42.0,5460.0,31
2023-05-10 13:52:33,MA312P2350,MA312P2350,138.5,0.0,0.0,0.0,6,137.5,139.0,4,113.0,129.5,138.5,129.0,42.0,5460.0,31
2023-05-10 13:52:34,MA312P2350,MA312P2350,138.5,0.0,0.0,0.0,9,137.5,139.0,4,113.0,129.5,138.5,129.0,42.0,5460.0,31
2023-05-10 13:52:37,MA312P2350,MA312P2350,138.5,0.0,0.0,0.0,9,137.5,138.5,4,113.0,129.5,138.5,129.0,42.0,5460.0,31
2023-05-10 13:52:37,MA312P2350,MA312P2350,138.5,0.0,0.0,0.0,12,137.5,138.5,4,113.0,129.5,138.5,129.0,42.0,5460.0,31
2023-05-10 13:52:39,MA312P2350,MA312P2350,138.5,4.0,566.0,4.0,9,137.5,139.0,4,113.0,129.5,138.5,129.0,46.0,6026.0,35
2023-05-10 13:52:39,MA312P2350,MA312P2350,139.0,6.0,838.0,1.0,6,137.5,140.5,6,113.0,129.5,139.0,129.0,52.0,6864.0,36
2023-05-10 13:52:41,MA312P2350,MA312P2350,139.0,0.0,0.0,0.0,3,137.5,140.5,3,113.0,129.5,139.0,129.0,52.0,6864.0,36
2023-05-10 13:52:41,MA312P2350,MA312P2350,139.0,0.0,0.0,0.0,3,140.0,140.5,3,113.0,129.5,139.0,129.0,52.0,6864.0,36
2023-05-10 13:52:43,MA312P2350,MA312P2350,139.0,0.0,0.0,0.0,3,140.0,140.5,6,113.0,129.5,139.0,129.0,52.0,6864.0,36
2023-05-10 13:52:43,MA312P2350,MA312P2350,139.0,0.0,0.0,0.0,6,139.5,140.5,6,113.0,129.5,139.0,129.0,52.0,6864.0,36
2023-05-10 13:52:44,MA312P2350,MA312P2350,139.0,0.0,0.0,0.0,3,140.0,140.5,6,113.0,129.5,139.0,129.0,52.0,6864.0,36
2023-05-10 13:52:45,MA312P2350,MA312P2350,139.0,0.0,0.0,0.0,6,139.5,140.5,3,113.0,129.5,139.0,129.0,52.0,6864.0,36
2023-05-10 13:52:45,MA312P2350,MA312P2350,139.0,0.0,0.0,0.0,3,140.0,140.5,3,113.0,129.5,139.0,129.0,52.0,6864.0,36
2023-05-10 13:52:47,MA312P2350,MA312P2350,140.0,1.0,132.0,1.0,2,140.0,140.5,4,113.0,129.5,140.0,129.0,53.0,6996.0,37
2023-05-10 13:52:47,MA312P2350,MA312P2350,140.0,0.0,0.0,0.0,6,139.5,140.5,4,113.0,129.5,140.0,129.0,53.0,6996.0,37
2023-05-10 13:52:54,MA312P2350,MA312P2350,140.0,0.0,0.0,0.0,3,139.5,140.5,4,113.0,129.5,140.0,129.0,53.0,6996.0,37
2023-05-10 13:52:56,MA312P2350,MA312P2350,140.0,0.0,0.0,0.0,3,132.5,140.5,1,113.0,129.5,140.0,129.0,53.0,6996.0,37
2023-05-10 13:52:57,MA312P2350,MA312P2350,140.0,0.0,0.0,0.0,1,34.0,140.5,1,113.0,129.5,140.0,129.0,53.0,6996.0,37
2023-05-10 13:52:58,MA312P2350,MA312P2350,140.0,0.0,0.0,0.0,1,42.0,140.5,1,113.0,129.5,140.0,129.0,53.0,6996.0,37
2023-05-10 13:52:58,MA312P2350,MA312P2350,140.0,0.0,0.0,0.0,6,43.0,140.5,1,113.0,129.5,140.0,129.0,53.0,6996.0,37
2023-05-10 13:52:59,MA312P2350,MA312P2350,140.0,0.0,0.0,0.0,1,51.0,140.5,1,113.0,129.5,140.0,129.0,53.0,6996.0,37
2023-05-10 13:52:59,MA312P2350,MA312P2350,140.0,0.0,0.0,0.0,6,52.0,140.5,1,113.0,129.5,140.0,129.0,53.0,6996.0,37
2023-05-10 13:53:00,MA312P2350,MA312P2350,140.0,0.0,0.0,0.0,1,60.0,140.5,1,113.0,129.5,140.0,129.0,53.0,6996.0,37
2023-05-10 13:53:00,MA312P2350,MA312P2350,140.0,0.0,0.0,0.0,6,61.0,140.5,1,113.0,129.5,140.0,129.0,53.0,6996.0,37
2023-05-10 13:53:01,MA312P2350,MA312P2350,140.0,0.0,0.0,0.0,1,69.0,140.5,1,113.0,129.5,140.0,129.0,53.0,6996.0,37
2023-05-10 13:53:01,MA312P2350,MA312P2350,140.0,0.0,0.0,0.0,6,70.0,140.5,1,113.0,129.5,140.0,129.0,53.0,6996.0,37
2023-05-10 13:53:02,MA312P2350,MA312P2350,140.0,0.0,0.0,0.0,1,74.0,140.5,1,113.0,129.5,140.0,129.0,53.0,6996.0,37
2023-05-10 13:53:02,MA312P2350,MA312P2350,140.0,0.0,0.0,0.0,6,75.0,140.5,1,113.0,129.5,140.0,129.0,53.0,6996.0,37
2023-05-10 13:53:03,MA312P2350,MA312P2350,140.0,0.0,0.0,0.0,1,75.5,140.5,1,113.0,129.5,140.0,129.0,53.0,6996.0,37
2023-05-10 13:53:03,MA312P2350,MA312P2350,140.0,0.0,0.0,0.0,6,76.5,140.5,1,113.0,129.5,140.0,129.0,53.0,6996.0,37
2023-05-10 13:53:04,MA312P2350,MA312P2350,140.0,0.0,0.0,0.0,1,77.0,140.5,1,113.0,129.5,140.0,129.0,53.0,6996.0,37
2023-05-10 13:53:04,MA312P2350,MA312P2350,140.0,0.0,0.0,0.0,6,78.0,140.5,1,113.0,129.5,140.0,129.0,53.0,6996.0,37
2023-05-10 13:53:05,MA312P2350,MA312P2350,140.0,0.0,0.0,0.0,1,78.5,140.5,1,113.0,129.5,140.0,129.0,53.0,6996.0,37
2023-05-10 13:53:05,MA312P2350,MA312P2350,140.0,0.0,0.0,0.0,6,79.5,140.5,1,113.0,129.5,140.0,129.0,53.0,6996.0,37
2023-05-10 13:53:06,MA312P2350,MA312P2350,140.0,0.0,0.0,0.0,1,80.0,140.5,1,113.0,129.5,140.0,129.0,53.0,6996.0,37
2023-05-10 13:53:10,MA312P2350,MA312P2350,140.0,0.0,0.0,0.0,1,80.5,140.5,1,113.0,129.5,140.0,129.0,53.0,6996.0,37
2023-05-10 13:53:11,MA312P2350,MA312P2350,140.0,0.0,0.0,0.0,1,88.5,140.5,1,113.0,129.5,140.0,129.0,53.0,6996.0,37
2023-05-10 13:53:11,MA312P2350,MA312P2350,140.0,0.0,0.0,0.0,1,89.0,140.5,1,113.0,129.5,140.0,129.0,53.0,6996.0,37
2023-05-10 13:53:12,MA312P2350,MA312P2350,140.0,0.0,0.0,0.0,1,97.0,140.5,1,113.0,129.5,140.0,129.0,53.0,6996.0,37
2023-05-10 13:53:12,MA312P2350,MA312P2350,140.0,0.0,0.0,0.0,1,97.5,140.5,1,113.0,129.5,140.0,129.0,53.0,6996.0,37
2023-05-10 13:53:13,MA312P2350,MA312P2350,140.0,0.0,0.0,0.0,1,105.5,140.5,1,113.0,129.5,140.0,129.0,53.0,6996.0,37
2023-05-10 13:53:43,MA312P2350,MA312P2350,140.0,0.0,0.0,0.0,3,129.0,140.5,1,113.0,129.5,140.0,129.0,53.0,6996.0,37
2023-05-10 13:53:44,MA312P2350,MA312P2350,140.0,0.0,0.0,0.0,6,129.0,139.5,1,113.0,129.5,140.0,129.0,53.0,6996.0,37
2023-05-10 13:53:46,MA312P2350,MA312P2350,140.0,0.0,0.0,0.0,3,137.5,139.5,1,113.0,129.5,140.0,129.0,53.0,6996.0,37
2023-05-10 13:53:50,MA312P2350,MA312P2350,140.0,0.0,0.0,0.0,3,137.5,139.0,1,113.0,129.5,140.0,129.0,53.0,6996.0,37
2023-05-10 13:53:55,MA312P2350,MA312P2350,140.0,0.0,0.0,0.0,6,137.5,139.0,4,113.0,129.5,140.0,129.0,53.0,6996.0,37
2023-05-10 13:53:56,MA312P2350,MA312P2350,139.5,6.0,821.5,0.0,3,137.5,140.5,4,113.0,129.5,140.0,129.0,59.0,7817.5,37
2023-05-10 13:53:58,MA312P2350,MA312P2350,139.5,0.0,0.0,0.0,3,137.0,140.5,1,113.0,129.5,140.0,129.0,59.0,7817.5,37
2023-05-10 13:53:59,MA312P2350,MA312P2350,139.5,0.0,0.0,0.0,3,140.0,140.5,1,113.0,129.5,140.0,129.0,59.0,7817.5,37
2023-05-10 13:53:59,MA312P2350,MA312P2350,139.5,0.0,0.0,0.0,3,140.0,140.5,4,113.0,129.5,140.0,129.0,59.0,7817.5,37
2023-05-10 13:54:00,MA312P2350,MA312P2350,139.5,0.0,0.0,0.0,3,139.5,140.5,4,113.0,129.5,140.0,129.0,59.0,7817.5,37
2023-05-10 13:54:00,MA312P2350,MA312P2350,139.5,0.0,0.0,0.0,3,140.0,140.5,7,113.0,129.5,140.0,129.0,59.0,7817.5,37
2023-05-10 13:54:01,MA312P2350,MA312P2350,139.5,0.0,0.0,0.0,3,139.5,140.5,7,113.0,129.5,140.0,129.0,59.0,7817.5,37
2023-05-10 13:54:01,MA312P2350,MA312P2350,139.5,0.0,0.0,0.0,3,140.0,140.5,7,113.0,129.5,140.0,129.0,59.0,7817.5,37
2023-05-10 13:54:02,MA312P2350,MA312P2350,139.5,0.0,0.0,0.0,3,139.5,140.5,7,113.0,129.5,140.0,129.0,59.0,7817.5,37
2023-05-10 13:54:02,MA312P2350,MA312P2350,139.5,0.0,0.0,0.0,3,140.0,140.5,7,113.0,129.5,140.0,129.0,59.0,7817.5,37
2023-05-10 13:54:03,MA312P2350,MA312P2350,139.5,0.0,0.0,0.0,3,139.5,140.5,7,113.0,129.5,140.0,129.0,59.0,7817.5,37
2023-05-10 13:54:10,MA312P2350,MA312P2350,139.5,0.0,0.0,0.0,3,139.0,140.5,4,113.0,129.5,140.0,129.0,59.0,7817.5,37
2023-05-10 13:54:11,MA312P2350,MA312P2350,139.5,0.0,0.0,0.0,3,132.5,140.5,1,113.0,129.5,140.0,129.0,59.0,7817.5,37
2023-05-10 13:54:13,MA312P2350,MA312P2350,139.5,0.0,0.0,0.0,1,97.5,140.5,1,113.0,129.5,140.0,129.0,59.0,7817.5,37
2023-05-10 13:54:13,MA312P2350,MA312P2350,139.5,0.0,0.0,0.0,1,105.5,140.5,1,113.0,129.5,140.0,129.0,59.0,7817.5,37
2023-05-10 13:55:26,MA312P2350,MA312P2350,139.5,0.0,0.0,0.0,1,97.5,140.5,1,113.0,129.5,140.0,129.0,59.0,7817.5,37
2023-05-10 13:55:41,MA312P2350,MA312P2350,139.5,0.0,0.0,0.0,3,129.0,140.5,1,113.0,129.5,140.0,129.0,59.0,7817.5,37
2023-05-10 13:55:42,MA312P2350,MA312P2350,139.5,0.0,0.0,0.0,6,129.0,140.5,1,113.0,129.5,140.0,129.0,59.0,7817.5,37
2023-05-10 13:55:43,MA312P2350,MA312P2350,139.5,0.0,0.0,0.0,3,137.0,140.0,3,113.0,129.5,140.0,129.0,59.0,7817.5,37
2023-05-10 13:55:53,MA312P2350,MA312P2350,139.5,0.0,0.0,0.0,6,137.0,140.0,6,113.0,129.5,140.0,129.0,59.0,7817.5,37
2023-05-10 13:55:55,MA312P2350,MA312P2350,139.5,0.0,0.0,0.0,3,137.0,140.0,3,113.0,129.5,140.0,129.0,59.0,7817.5,37
2023-05-10 13:55:56,MA312P2350,MA312P2350,139.5,0.0,0.0,0.0,3,139.5,140.0,3,113.0,129.5,140.0,129.0,59.0,7817.5,37
2023-05-10 13:55:57,MA312P2350,MA312P2350,139.5,0.0,0.0,0.0,3,139.5,140.0,6,113.0,129.5,140.0,129.0,59.0,7817.5,37
2023-05-10 13:55:58,MA312P2350,MA312P2350,139.5,0.0,0.0,0.0,6,139.0,140.0,6,113.0,129.5,140.0,129.0,59.0,7817.5,37
2023-05-10 13:55:58,MA312P2350,MA312P2350,139.5,0.0,0.0,0.0,3,139.5,140.0,9,113.0,129.5,140.0,129.0,59.0,7817.5,37
2023-05-10 13:55:58,MA312P2350,MA312P2350,139.5,0.0,0.0,0.0,9,139.0,140.0,9,113.0,129.5,140.0,129.0,59.0,7817.5,37
2023-05-10 13:55:59,MA312P2350,MA312P2350,139.5,0.0,0.0,0.0,3,139.5,140.0,9,113.0,129.5,140.0,129.0,59.0,7817.5,37
2023-05-10 13:55:59,MA312P2350,MA312P2350,139.5,0.0,0.0,0.0,9,139.0,140.0,9,113.0,129.5,140.0,129.0,59.0,7817.5,37
2023-05-10 13:56:00,MA312P2350,MA312P2350,139.5,0.0,0.0,0.0,3,139.5,140.0,9,113.0,129.5,140.0,129.0,59.0,7817.5,37
2023-05-10 13:56:00,MA312P2350,MA312P2350,139.5,0.0,0.0,0.0,9,139.0,140.0,9,113.0,129.5,140.0,129.0,59.0,7817.5,37
2023-05-10 13:56:01,MA312P2350,MA312P2350,139.5,0.0,0.0,0.0,3,139.5,140.0,9,113.0,129.5,140.0,129.0,59.0,7817.5,37
2023-05-10 13:56:01,MA312P2350,MA312P2350,139.5,0.0,0.0,0.0,9,139.0,140.0,9,113.0,129.5,140.0,129.0,59.0,7817.5,37
2023-05-10 13:56:04,MA312P2350,MA312P2350,139.5,0.0,0.0,0.0,6,139.0,140.0,9,113.0,129.5,140.0,129.0,59.0,7817.5,37
2023-05-10 13:56:05,MA312P2350,MA312P2350,139.5,0.0,0.0,0.0,6,139.0,140.0,6,113.0,129.5,140.0,129.0,59.0,7817.5,37
2023-05-10 13:56:09,MA312P2350,MA312P2350,139.5,0.0,0.0,0.0,3,132.0,140.5,1,113.0,129.5,140.0,129.0,59.0,7817.5,37
2023-05-10 13:56:11,MA312P2350,MA312P2350,139.5,0.0,0.0,0.0,1,97.5,140.5,1,113.0,129.5,140.0,129.0,59.0,7817.5,37
2023-05-10 13:56:12,MA312P2350,MA312P2350,139.5,0.0,0.0,0.0,1,105.5,140.5,1,113.0,129.5,140.0,129.0,59.0,7817.5,37
2023-05-10 13:56:30,MA312P2350,MA312P2350,139.5,0.0,0.0,0.0,1,97.5,140.5,1,113.0,129.5,140.0,129.0,59.0,7817.5,37
2023-05-10 13:56:55,MA312P2350,MA312P2350,139.5,0.0,0.0,0.0,1,98.0,140.5,1,113.0,129.5,140.0,129.0,59.0,7817.5,37
2023-05-10 13:57:22,MA312P2350,MA312P2350,139.5,0.0,0.0,0.0,1,97.5,140.5,1,113.0,129.5,140.0,129.0,59.0,7817.5,37
2023-05-10 13:57:26,MA312P2350,MA312P2350,139.5,0.0,0.0,0.0,1,105.5,140.5,1,113.0,129.5,140.0,129.0,59.0,7817.5,37
2023-05-10 13:57:56,MA312P2350,MA312P2350,139.5,0.0,0.0,0.0,1,97.5,140.5,1,113.0,129.5,140.0,129.0,59.0,7817.5,37
2023-05-10 13:57:59,MA312P2350,MA312P2350,139.5,0.0,0.0,0.0,1,98.0,140.5,1,113.0,129.5,140.0,129.0,59.0,7817.5,37
2023-05-10 13:58:25,MA312P2350,MA312P2350,139.5,0.0,0.0,0.0,1,97.5,140.5,1,113.0,129.5,140.0,129.0,59.0,7817.5,37
2023-05-10 13:58:29,MA312P2350,MA312P2350,139.5,0.0,0.0,0.0,1,105.5,140.5,1,113.0,129.5,140.0,129.0,59.0,7817.5,37
2023-05-10 13:58:59,MA312P2350,MA312P2350,139.5,0.0,0.0,0.0,1,97.5,140.5,1,113.0,129.5,140.0,129.0,59.0,7817.5,37
2023-05-10 14:00:40,MA312P2350,MA312P2350,139.5,0.0,0.0,0.0,1,101.5,140.5,1,113.0,129.5,140.0,129.0,59.0,7817.5,37
2023-05-10 14:01:09,MA312P2350,MA312P2350,139.5,0.0,0.0,0.0,1,97.5,140.5,1,113.0,129.5,140.0,129.0,59.0,7817.5,37
2023-05-10 14:03:37,MA312P2350,MA312P2350,139.5,0.0,0.0,0.0,3,128.5,140.5,1,113.0,129.5,140.0,129.0,59.0,7817.5,37
2023-05-10 14:03:38,MA312P2350,MA312P2350,139.5,0.0,0.0,0.0,6,128.5,140.5,1,113.0,129.5,140.0,129.0,59.0,7817.5,37
2023-05-10 14:03:39,MA312P2350,MA312P2350,139.5,0.0,0.0,0.0,3,137.0,140.0,3,113.0,129.5,140.0,129.0,59.0,7817.5,37
2023-05-10 14:03:43,MA312P2350,MA312P2350,139.5,0.0,0.0,0.0,6,137.0,140.0,6,113.0,129.5,140.0,129.0,59.0,7817.5,37
2023-05-10 14:03:47,MA312P2350,MA312P2350,139.5,0.0,0.0,0.0,9,137.0,140.0,9,113.0,129.5,140.0,129.0,59.0,7817.5,37
2023-05-10 14:03:49,MA312P2350,MA312P2350,139.5,0.0,0.0,0.0,12,137.0,140.0,12,113.0,129.5,140.0,129.0,59.0,7817.5,37
2023-05-10 14:03:51,MA312P2350,MA312P2350,139.5,0.0,0.0,0.0,9,137.0,140.0,9,113.0,129.5,140.0,129.0,59.0,7817.5,37
2023-05-10 14:03:52,MA312P2350,MA312P2350,139.5,0.0,0.0,0.0,6,139.5,140.0,9,113.0,129.5,140.0,129.0,59.0,7817.5,37
2023-05-10 14:03:52,MA312P2350,MA312P2350,139.5,0.0,0.0,0.0,6,139.5,140.0,12,113.0,129.5,140.0,129.0,59.0,7817.5,37
2023-05-10 14:03:53,MA312P2350,MA312P2350,139.5,0.0,0.0,0.0,6,139.5,140.0,15,113.0,129.5,140.0,129.0,59.0,7817.5,37
2023-05-10 14:03:59,MA312P2350,MA312P2350,139.5,0.0,0.0,0.0,6,139.5,140.0,12,113.0,129.5,140.0,129.0,59.0,7817.5,37
2023-05-10 14:04:01,MA312P2350,MA312P2350,139.5,0.0,0.0,0.0,3,139.5,140.0,6,113.0,129.5,140.0,129.0,59.0,7817.5,37
2023-05-10 14:04:04,MA312P2350,MA312P2350,139.5,0.0,0.0,0.0,6,139.0,140.0,3,113.0,129.5,140.0,129.0,59.0,7817.5,37
2023-05-10 14:04:05,MA312P2350,MA312P2350,139.5,0.0,0.0,0.0,3,132.0,140.5,1,113.0,129.5,140.0,129.0,59.0,7817.5,37
2023-05-10 14:04:07,MA312P2350,MA312P2350,139.5,0.0,0.0,0.0,1,33.5,140.5,1,113.0,129.5,140.0,129.0,59.0,7817.5,37
2023-05-10 14:04:07,MA312P2350,MA312P2350,139.5,0.0,0.0,0.0,6,34.5,140.5,1,113.0,129.5,140.0,129.0,59.0,7817.5,37
2023-05-10 14:04:08,MA312P2350,MA312P2350,139.5,0.0,0.0,0.0,1,42.5,140.5,1,113.0,129.5,140.0,129.0,59.0,7817.5,37
2023-05-10 14:04:09,MA312P2350,MA312P2350,139.5,0.0,0.0,0.0,6,43.5,140.5,1,113.0,129.5,140.0,129.0,59.0,7817.5,37
2023-05-10 14:04:10,MA312P2350,MA312P2350,139.5,0.0,0.0,0.0,1,51.5,140.5,1,113.0,129.5,140.0,129.0,59.0,7817.5,37
2023-05-10 14:04:11,MA312P2350,MA312P2350,139.5,0.0,0.0,0.0,6,52.5,140.5,1,113.0,129.5,140.0,129.0,59.0,7817.5,37
2023-05-10 14:04:12,MA312P2350,MA312P2350,139.5,0.0,0.0,0.0,1,60.5,140.5,1,113.0,129.5,140.0,129.0,59.0,7817.5,37
2023-05-10 14:04:13,MA312P2350,MA312P2350,139.5,0.0,0.0,0.0,6,61.5,140.5,1,113.0,129.5,140.0,129.0,59.0,7817.5,37
2023-05-10 14:04:15,MA312P2350,MA312P2350,139.5,0.0,0.0,0.0,1,69.5,140.5,1,113.0,129.5,140.0,129.0,59.0,7817.5,37
2023-05-10 14:04:15,MA312P2350,MA312P2350,139.5,0.0,0.0,0.0,6,70.5,140.5,1,113.0,129.5,140.0,129.0,59.0,7817.5,37
2023-05-10 14:04:17,MA312P2350,MA312P2350,139.5,0.0,0.0,0.0,1,78.5,140.5,1,113.0,129.5,140.0,129.0,59.0,7817.5,37
2023-05-10 14:04:17,MA312P2350,MA312P2350,139.5,0.0,0.0,0.0,6,79.5,140.5,1,113.0,129.5,140.0,129.0,59.0,7817.5,37
2023-05-10 14:04:19,MA312P2350,MA312P2350,139.5,0.0,0.0,0.0,1,87.5,140.5,1,113.0,129.5,140.0,129.0,59.0,7817.5,37
2023-05-10 14:05:47,MA312P2350,MA312P2350,139.5,0.0,0.0,0.0,3,129.5,140.5,1,113.0,129.5,140.0,129.0,59.0,7817.5,37
2023-05-10 14:05:48,MA312P2350,MA312P2350,139.5,0.0,0.0,0.0,6,129.5,140.5,1,113.0,129.5,140.0,129.0,59.0,7817.5,37
2023-05-10 14:05:49,MA312P2350,MA312P2350,139.5,0.0,0.0,0.0,3,138.5,140.5,1,113.0,129.5,140.0,129.0,59.0,7817.5,37
2023-05-10 14:05:53,MA312P2350,MA312P2350,139.5,0.0,0.0,0.0,6,138.5,140.5,4,113.0,129.5,140.0,129.0,59.0,7817.5,37
2023-05-10 14:05:54,MA312P2350,MA312P2350,139.5,0.0,0.0,0.0,9,138.5,140.5,7,113.0,129.5,140.0,129.0,59.0,7817.5,37
2023-05-10 14:05:56,MA312P2350,MA312P2350,139.5,0.0,0.0,0.0,9,138.5,139.5,4,113.0,129.5,140.0,129.0,59.0,7817.5,37
2023-05-10 14:05:57,MA312P2350,MA312P2350,139.5,0.0,0.0,0.0,12,138.5,139.5,4,113.0,129.5,140.0,129.0,59.0,7817.5,37
2023-05-10 14:06:00,MA312P2350,MA312P2350,139.5,6.0,860.0,6.0,12,138.5,140.0,3,113.0,129.5,140.0,129.0,65.0,8677.5,43
2023-05-10 14:06:00,MA312P2350,MA312P2350,139.5,3.0,400.5,0.0,12,138.5,140.0,3,113.0,129.5,140.0,129.0,68.0,9078.0,43
2023-05-10 14:06:01,MA312P2350,MA312P2350,139.5,0.0,0.0,0.0,9,138.5,140.0,3,113.0,129.5,140.0,129.0,68.0,9078.0,43
2023-05-10 14:06:02,MA312P2350,MA312P2350,139.5,0.0,0.0,0.0,3,139.5,140.0,3,113.0,129.5,140.0,129.0,68.0,9078.0,43
2023-05-10 14:06:05,MA312P2350,MA312P2350,140.0,3.0,436.0,3.0,3,139.5,140.5,7,113.0,129.5,140.0,129.0,71.0,9514.0,46
2023-05-10 14:06:14,MA312P2350,MA312P2350,140.0,0.0,0.0,0.0,3,139.5,140.5,4,113.0,129.5,140.0,129.0,71.0,9514.0,46
2023-05-10 14:06:14,MA312P2350,MA312P2350,140.0,0.0,0.0,0.0,3,132.5,140.5,1,113.0,129.5,140.0,129.0,71.0,9514.0,46
2023-05-10 14:06:17,MA312P2350,MA312P2350,140.0,0.0,0.0,0.0,1,33.5,140.5,1,113.0,129.5,140.0,129.0,71.0,9514.0,46
2023-05-10 14:06:17,MA312P2350,MA312P2350,140.0,0.0,0.0,0.0,6,34.5,140.5,1,113.0,129.5,140.0,129.0,71.0,9514.0,46
2023-05-10 14:06:19,MA312P2350,MA312P2350,140.5,1.0,134.0,0.0,1,42.5,0.0,0,113.0,129.5,140.5,129.0,72.0,9648.0,46
2023-05-10 14:06:19,MA312P2350,MA312P2350,140.5,0.0,0.0,0.0,6,43.5,0.0,0,113.0,129.5,140.5,129.0,72.0,9648.0,46
2023-05-10 14:06:20,MA312P2350,MA312P2350,140.5,0.0,0.0,0.0,1,44.0,0.0,0,113.0,129.5,140.5,129.0,72.0,9648.0,46
2023-05-10 14:06:20,MA312P2350,MA312P2350,140.5,0.0,0.0,0.0,1,52.0,0.0,0,113.0,129.5,140.5,129.0,72.0,9648.0,46
2023-05-10 14:06:21,MA312P2350,MA312P2350,140.5,0.0,0.0,0.0,6,53.0,0.0,0,113.0,129.5,140.5,129.0,72.0,9648.0,46
2023-05-10 14:06:21,MA312P2350,MA312P2350,140.5,0.0,0.0,0.0,1,61.0,0.0,0,113.0,129.5,140.5,129.0,72.0,9648.0,46
2023-05-10 14:06:22,MA312P2350,MA312P2350,140.5,0.0,0.0,0.0,6,62.0,0.0,0,113.0,129.5,140.5,129.0,72.0,9648.0,46
2023-05-10 14:06:22,MA312P2350,MA312P2350,140.5,0.0,0.0,0.0,1,70.0,0.0,0,113.0,129.5,140.5,129.0,72.0,9648.0,46
2023-05-10 14:06:23,MA312P2350,MA312P2350,140.5,0.0,0.0,0.0,6,71.0,0.0,0,113.0,129.5,140.5,129.0,72.0,9648.0,46
2023-05-10 14:06:23,MA312P2350,MA312P2350,140.5,0.0,0.0,0.0,1,79.0,0.0,0,113.0,129.5,140.5,129.0,72.0,9648.0,46
2023-05-10 14:06:24,MA312P2350,MA312P2350,140.5,0.0,0.0,0.0,6,80.0,0.0,0,113.0,129.5,140.5,129.0,72.0,9648.0,46
2023-05-10 14:06:24,MA312P2350,MA312P2350,140.5,0.0,0.0,0.0,1,88.0,0.0,0,113.0,129.5,140.5,129.0,72.0,9648.0,46
2023-05-10 14:06:25,MA312P2350,MA312P2350,140.5,0.0,0.0,0.0,6,89.0,0.0,0,113.0,129.5,140.5,129.0,72.0,9648.0,46
2023-05-10 14:06:25,MA312P2350,MA312P2350,140.5,0.0,0.0,0.0,1,97.0,0.0,0,113.0,129.5,140.5,129.0,72.0,9648.0,46
2023-05-10 14:06:54,MA312P2350,MA312P2350,140.5,0.0,0.0,0.0,3,129.5,144.5,3,113.0,129.5,140.5,129.0,72.0,9648.0,46
2023-05-10 14:06:55,MA312P2350,MA312P2350,140.5,0.0,0.0,0.0,6,129.5,144.5,6,113.0,129.5,140.5,129.0,72.0,9648.0,46
2023-05-10 14:06:56,MA312P2350,MA312P2350,140.5,0.0,0.0,0.0,3,138.5,141.5,3,113.0,129.5,140.5,129.0,72.0,9648.0,46
2023-05-10 14:06:59,MA312P2350,MA312P2350,141.5,3.0,439.5,3.0,1,143.0,143.5,3,113.0,129.5,141.5,129.0,75.0,10087.5,49
2023-05-10 14:06:59,MA312P2350,MA312P2350,141.5,0.0,0.0,0.0,1,143.0,144.5,6,113.0,129.5,141.5,129.0,75.0,10087.5,49
2023-05-10 14:07:00,MA312P2350,MA312P2350,141.5,0.0,0.0,0.0,4,143.0,144.5,9,113.0,129.5,141.5,129.0,75.0,10087.5,49
2023-05-10 14:07:03,MA312P2350,MA312P2350,141.5,0.0,0.0,0.0,4,144.0,144.5,9,113.0,129.5,141.5,129.0,75.0,10087.5,49
2023-05-10 14:07:04,MA312P2350,MA312P2350,141.5,0.0,0.0,0.0,4,144.0,144.5,12,113.0,129.5,141.5,129.0,75.0,10087.5,49
2023-05-10 14:07:05,MA312P2350,MA312P2350,144.0,3.0,403.5,-3.0,3,143.5,144.5,9,113.0,129.5,144.0,129.0,78.0,10491.0,46
2023-05-10 14:07:06,MA312P2350,MA312P2350,144.0,0.0,0.0,0.0,6,143.5,144.5,9,113.0,129.5,144.0,129.0,78.0,10491.0,46
2023-05-10 14:07:06,MA312P2350,MA312P2350,144.0,0.0,0.0,0.0,9,143.5,144.5,12,113.0,129.5,144.0,129.0,78.0,10491.0,46
2023-05-10 14:07:07,MA312P2350,MA312P2350,144.0,0.0,0.0,0.0,9,143.5,144.5,9,113.0,129.5,144.0,129.0,78.0,10491.0,46
2023-05-10 14:07:07,MA312P2350,MA312P2350,143.5,9.0,1297.5,-3.0,3,140.0,142.0,3,113.0,129.5,144.0,129.0,87.0,11788.5,43
2023-05-10 14:07:09,MA312P2350,MA312P2350,143.5,0.0,0.0,0.0,3,141.0,142.0,6,113.0,129.5,144.0,129.0,87.0,11788.5,43
2023-05-10 14:07:11,MA312P2350,MA312P2350,143.5,0.0,0.0,0.0,3,141.0,142.0,9,113.0,129.5,144.0,129.0,87.0,11788.5,43
2023-05-10 14:07:13,MA312P2350,MA312P2350,143.5,0.0,0.0,0.0,1,141.5,142.0,9,113.0,129.5,144.0,129.0,87.0,11788.5,43
2023-05-10 14:07:16,MA312P2350,MA312P2350,141.0,1.0,135.5,0.0,2,141.0,141.5,1,113.0,129.5,144.0,129.0,88.0,11924.0,43
2023-05-10 14:07:21,MA312P2350,MA312P2350,141.0,0.0,0.0,0.0,3,140.5,141.5,1,113.0,129.5,144.0,129.0,88.0,11924.0,43
2023-05-10 14:07:21,MA312P2350,MA312P2350,141.0,0.0,0.0,0.0,3,134.0,141.5,1,113.0,129.5,144.0,129.0,88.0,11924.0,43
2023-05-10 14:07:24,MA312P2350,MA312P2350,141.0,0.0,0.0,0.0,1,62.5,141.5,1,113.0,129.5,144.0,129.0,88.0,11924.0,43
2023-05-10 14:07:24,MA312P2350,MA312P2350,141.0,0.0,0.0,0.0,1,70.5,141.5,1,113.0,129.5,144.0,129.0,88.0,11924.0,43
2023-05-10 14:07:25,MA312P2350,MA312P2350,141.0,0.0,0.0,0.0,6,71.5,141.5,1,113.0,129.5,144.0,129.0,88.0,11924.0,43
2023-05-10 14:07:25,MA312P2350,MA312P2350,141.0,0.0,0.0,0.0,1,79.5,141.5,1,113.0,129.5,144.0,129.0,88.0,11924.0,43
2023-05-10 14:07:26,MA312P2350,MA312P2350,141.0,0.0,0.0,0.0,6,80.5,141.5,1,113.0,129.5,144.0,129.0,88.0,11924.0,43
2023-05-10 14:07:26,MA312P2350,MA312P2350,141.0,0.0,0.0,0.0,1,88.5,141.5,1,113.0,129.5,144.0,129.0,88.0,11924.0,43
2023-05-10 14:09:24,MA312P2350,MA312P2350,141.0,0.0,0.0,0.0,3,129.5,141.5,1,113.0,129.5,144.0,129.0,88.0,11924.0,43
2023-05-10 14:09:25,MA312P2350,MA312P2350,141.0,0.0,0.0,0.0,6,129.5,141.5,4,113.0,129.5,144.0,129.0,88.0,11924.0,43
2023-05-10 14:09:25,MA312P2350,MA312P2350,141.0,0.0,0.0,0.0,3,129.5,141.5,1,113.0,129.5,144.0,129.0,88.0,11924.0,43
2023-05-10 14:09:26,MA312P2350,MA312P2350,141.0,0.0,0.0,0.0,3,139.0,141.5,1,113.0,129.5,144.0,129.0,88.0,11924.0,43
2023-05-10 14:09:26,MA312P2350,MA312P2350,141.0,0.0,0.0,0.0,3,139.0,140.5,1,113.0,129.5,144.0,129.0,88.0,11924.0,43
2023-05-10 14:09:34,MA312P2350,MA312P2350,141.0,0.0,0.0,0.0,3,139.0,141.5,1,113.0,129.5,144.0,129.0,88.0,11924.0,43
2023-05-10 14:09:36,MA312P2350,MA312P2350,141.0,0.0,0.0,0.0,9,139.0,141.5,7,113.0,129.5,144.0,129.0,88.0,11924.0,43
2023-05-10 14:09:38,MA312P2350,MA312P2350,141.0,0.0,0.0,0.0,6,139.0,141.5,7,113.0,129.5,144.0,129.0,88.0,11924.0,43
2023-05-10 14:09:39,MA312P2350,MA312P2350,141.0,3.0,452.0,3.0,6,139.0,141.5,10,113.0,129.5,144.0,129.0,91.0,12376.0,46
2023-05-10 14:09:40,MA312P2350,MA312P2350,141.0,0.0,0.0,0.0,9,139.0,141.5,13,113.0,129.5,144.0,129.0,91.0,12376.0,46
2023-05-10 14:09:44,MA312P2350,MA312P2350,141.0,0.0,0.0,0.0,9,139.0,141.0,1,113.0,129.5,144.0,129.0,91.0,12376.0,46
2023-05-10 14:09:47,MA312P2350,MA312P2350,141.0,0.0,0.0,0.0,6,139.0,141.0,1,113.0,129.5,144.0,129.0,91.0,12376.0,46
2023-05-10 14:09:48,MA312P2350,MA312P2350,141.5,1.0,136.0,-1.0,6,139.0,141.5,9,113.0,129.5,144.0,129.0,92.0,12512.0,45
2023-05-10 14:09:48,MA312P2350,MA312P2350,141.5,0.0,0.0,0.0,3,139.0,141.5,6,113.0,129.5,144.0,129.0,92.0,12512.0,45
2023-05-10 14:09:50,MA312P2350,MA312P2350,141.5,6.0,816.0,0.0,3,139.0,142.0,3,113.0,129.5,144.0,129.0,98.0,13328.0,45
2023-05-10 14:10:01,MA312P2350,MA312P2350,141.5,0.0,0.0,0.0,1,81.0,142.0,3,113.0,129.5,144.0,129.0,98.0,13328.0,45
2023-05-10 14:10:01,MA312P2350,MA312P2350,141.5,0.0,0.0,0.0,1,89.0,142.0,3,113.0,129.5,144.0,129.0,98.0,13328.0,45
2023-05-10 14:10:23,MA312P2350,MA312P2350,142.0,3.0,458.5,0.0,1,89.0,0.0,0,113.0,129.5,144.0,129.0,101.0,13786.5,45
2023-05-10 14:10:23,MA312P2350,MA312P2350,142.0,0.0,0.0,0.0,1,89.5,0.0,0,113.0,129.5,144.0,129.0,101.0,13786.5,45
2023-05-10 14:10:24,MA312P2350,MA312P2350,142.0,0.0,0.0,0.0,1,97.5,0.0,0,113.0,129.5,144.0,129.0,101.0,13786.5,45
2023-05-10 14:10:24,MA312P2350,MA312P2350,142.0,0.0,0.0,0.0,1,98.0,0.0,0,113.0,129.5,144.0,129.0,101.0,13786.5,45
2023-05-10 14:10:25,MA312P2350,MA312P2350,142.0,0.0,0.0,0.0,1,106.0,0.0,0,113.0,129.5,144.0,129.0,101.0,13786.5,45
2023-05-10 14:10:29,MA312P2350,MA312P2350,142.0,0.0,0.0,0.0,3,129.0,144.0,3,113.0,129.5,144.0,129.0,101.0,13786.5,45
2023-05-10 14:10:30,MA312P2350,MA312P2350,142.0,0.0,0.0,0.0,6,129.0,144.0,6,113.0,129.5,144.0,129.0,101.0,13786.5,45
2023-05-10 14:10:32,MA312P2350,MA312P2350,142.0,0.0,0.0,0.0,3,138.0,141.0,3,113.0,129.5,144.0,129.0,101.0,13786.5,45
2023-05-10 14:10:33,MA312P2350,MA312P2350,142.0,3.0,409.5,3.0,1,143.5,144.0,6,113.0,129.5,144.0,129.0,104.0,14196.0,48
2023-05-10 14:10:37,MA312P2350,MA312P2350,143.5,1.0,136.5,0.0,3,140.5,144.0,9,113.0,129.5,144.0,129.0,105.0,14332.5,48
2023-05-10 14:10:40,MA312P2350,MA312P2350,143.5,0.0,0.0,0.0,3,140.5,144.0,12,113.0,129.5,144.0,129.0,105.0,14332.5,48
2023-05-10 14:10:41,MA312P2350,MA312P2350,143.5,0.0,0.0,0.0,1,143.0,144.0,12,113.0,129.5,144.0,129.0,105.0,14332.5,48
2023-05-10 14:10:41,MA312P2350,MA312P2350,143.5,0.0,0.0,0.0,1,143.0,144.0,9,113.0,129.5,144.0,129.0,105.0,14332.5,48
2023-05-10 14:10:42,MA312P2350,MA312P2350,143.5,0.0,0.0,0.0,4,143.0,144.0,12,113.0,129.5,144.0,129.0,105.0,14332.5,48
2023-05-10 14:10:42,MA312P2350,MA312P2350,143.5,0.0,0.0,0.0,4,143.0,144.0,9,113.0,129.5,144.0,129.0,105.0,14332.5,48
2023-05-10 14:10:45,MA312P2350,MA312P2350,143.5,0.0,0.0,0.0,7,143.0,143.5,3,113.0,129.5,144.0,129.0,105.0,14332.5,48
2023-05-10 14:10:45,MA312P2350,MA312P2350,142.5,12.0,1696.5,0.0,3,140.5,141.5,3,113.0,129.5,144.0,129.0,117.0,16029.0,48
2023-05-10 14:10:46,MA312P2350,MA312P2350,142.5,0.0,0.0,0.0,3,140.5,141.0,3,113.0,129.5,144.0,129.0,117.0,16029.0,48
2023-05-10 14:10:48,MA312P2350,MA312P2350,142.5,0.0,0.0,0.0,3,140.0,141.0,3,113.0,129.5,144.0,129.0,117.0,16029.0,48
2023-05-10 14:10:58,MA312P2350,MA312P2350,142.5,0.0,0.0,0.0,3,133.0,141.5,3,113.0,129.5,144.0,129.0,117.0,16029.0,48
2023-05-10 14:10:59,MA312P2350,MA312P2350,142.5,0.0,0.0,0.0,1,98.0,141.5,3,113.0,129.5,144.0,129.0,117.0,16029.0,48
2023-05-10 14:11:00,MA312P2350,MA312P2350,142.5,0.0,0.0,0.0,1,106.0,141.5,3,113.0,129.5,144.0,129.0,117.0,16029.0,48
2023-05-10 14:11:43,MA312P2350,MA312P2350,141.5,3.0,471.0,0.0,1,106.0,0.0,0,113.0,129.5,144.0,129.0,120.0,16500.0,48
2023-05-10 14:11:48,MA312P2350,MA312P2350,141.5,0.0,0.0,0.0,3,129.5,145.0,3,113.0,129.5,144.0,129.0,120.0,16500.0,48
2023-05-10 14:11:49,MA312P2350,MA312P2350,141.5,0.0,0.0,0.0,6,129.5,145.0,6,113.0,129.5,144.0,129.0,120.0,16500.0,48
2023-05-10 14:11:50,MA312P2350,MA312P2350,141.5,0.0,0.0,0.0,3,138.5,141.5,3,113.0,129.5,144.0,129.0,120.0,16500.0,48
2023-05-10 14:11:52,MA312P2350,MA312P2350,141.5,3.0,412.5,3.0,3,138.5,145.0,6,113.0,129.5,144.0,129.0,123.0,16912.5,51
2023-05-10 14:11:57,MA312P2350,MA312P2350,141.5,0.0,0.0,0.0,1,144.0,145.0,6,113.0,129.5,144.0,129.0,123.0,16912.5,51
2023-05-10 14:11:58,MA312P2350,MA312P2350,141.5,0.0,0.0,0.0,1,144.0,145.0,9,113.0,129.5,144.0,129.0,123.0,16912.5,51
2023-05-10 14:12:00,MA312P2350,MA312P2350,141.5,0.0,0.0,0.0,4,144.0,145.0,9,113.0,129.5,144.0,129.0,123.0,16912.5,51
2023-05-10 14:12:01,MA312P2350,MA312P2350,141.5,0.0,0.0,0.0,4,144.0,145.0,6,113.0,129.5,144.0,129.0,123.0,16912.5,51
2023-05-10 14:12:02,MA312P2350,MA312P2350,141.5,0.0,0.0,0.0,3,144.0,145.0,6,113.0,129.5,144.0,129.0,123.0,16912.5,51
2023-05-10 14:12:02,MA312P2350,MA312P2350,143.5,6.0,825.0,-3.0,3,138.0,142.0,3,113.0,129.5,144.0,129.0,129.0,17737.5,48
2023-05-10 14:12:03,MA312P2350,MA312P2350,143.5,3.0,478.5,0.0,3,138.0,144.0,3,113.0,129.5,144.0,129.0,132.0,18216.0,48
2023-05-10 14:12:04,MA312P2350,MA312P2350,143.5,0.0,0.0,0.0,6,138.0,144.0,3,113.0,129.5,144.0,129.0,132.0,18216.0,48
2023-05-10 14:12:05,MA312P2350,MA312P2350,143.5,0.0,0.0,0.0,9,138.0,144.0,6,113.0,129.5,144.0,129.0,132.0,18216.0,48
2023-05-10 14:12:05,MA312P2350,MA312P2350,143.5,0.0,0.0,0.0,9,138.0,144.0,9,113.0,129.5,144.0,129.0,132.0,18216.0,48
2023-05-10 14:12:06,MA312P2350,MA312P2350,143.5,0.0,0.0,0.0,1,143.5,144.0,9,113.0,129.5,144.0,129.0,132.0,18216.0,48
2023-05-10 14:12:06,MA312P2350,MA312P2350,143.5,3.0,414.0,1.0,1,143.5,144.0,9,113.0,129.5,144.0,129.0,135.0,18630.0,49
2023-05-10 14:12:08,MA312P2350,MA312P2350,143.5,1.0,138.0,-1.0,3,138.0,144.0,9,113.0,129.5,144.0,129.0,136.0,18768.0,48
2023-05-10 14:12:15,MA312P2350,MA312P2350,143.5,0.0,0.0,0.0,1,142.0,144.0,9,113.0,129.5,144.0,129.0,136.0,18768.0,48
2023-05-10 14:12:16,MA312P2350,MA312P2350,143.5,0.0,0.0,0.0,1,142.0,144.0,6,113.0,129.5,144.0,129.0,136.0,18768.0,48
2023-05-10 14:12:17,MA312P2350,MA312P2350,143.5,0.0,0.0,0.0,3,136.0,144.0,6,113.0,129.5,144.0,129.0,136.0,18768.0,48
2023-05-10 14:12:18,MA312P2350,MA312P2350,143.5,0.0,0.0,0.0,1,98.0,144.0,6,113.0,129.5,144.0,129.0,136.0,18768.0,48
2023-05-10 14:12:18,MA312P2350,MA312P2350,143.5,0.0,0.0,0.0,1,106.0,144.0,6,113.0,129.5,144.0,129.0,136.0,18768.0,48
2023-05-10 14:12:19,MA312P2350,MA312P2350,143.5,0.0,0.0,0.0,1,106.0,144.0,3,113.0,129.5,144.0,129.0,136.0,18768.0,48
2023-05-10 14:13:06,MA312P2350,MA312P2350,143.5,0.0,0.0,0.0,3,129.5,144.0,3,113.0,129.5,144.0,129.0,136.0,18768.0,48
2023-05-10 14:13:07,MA312P2350,MA312P2350,143.5,0.0,0.0,0.0,6,129.5,144.0,6,113.0,129.5,144.0,129.0,136.0,18768.0,48
2023-05-10 14:13:08,MA312P2350,MA312P2350,143.5,0.0,0.0,0.0,3,139.0,142.0,3,113.0,129.5,144.0,129.0,136.0,18768.0,48
2023-05-10 14:13:10,MA312P2350,MA312P2350,142.0,3.0,414.0,3.0,3,139.0,144.0,6,113.0,129.5,144.0,129.0,139.0,19182.0,51
2023-05-10 14:13:13,MA312P2350,MA312P2350,142.0,0.0,0.0,0.0,1,143.5,144.0,6,113.0,129.5,144.0,129.0,139.0,19182.0,51
2023-05-10 14:13:16,MA312P2350,MA312P2350,142.0,0.0,0.0,0.0,1,143.5,144.0,9,113.0,129.5,144.0,129.0,139.0,19182.0,51
2023-05-10 14:13:18,MA312P2350,MA312P2350,142.0,0.0,0.0,0.0,4,143.5,144.0,12,113.0,129.5,144.0,129.0,139.0,19182.0,51
2023-05-10 14:13:19,MA312P2350,MA312P2350,142.0,0.0,0.0,0.0,4,143.5,144.0,9,113.0,129.5,144.0,129.0,139.0,19182.0,51
2023-05-10 14:13:20,MA312P2350,MA312P2350,143.0,6.0,900.5,0.0,3,139.0,144.0,3,113.0,129.5,144.0,129.0,145.0,20082.5,51
2023-05-10 14:13:20,MA312P2350,MA312P2350,143.0,0.0,0.0,0.0,3,138.5,144.0,3,113.0,129.5,144.0,129.0,145.0,20082.5,51
2023-05-10 14:13:20,MA312P2350,MA312P2350,143.0,0.0,0.0,0.0,3,141.5,142.5,3,113.0,129.5,144.0,129.0,145.0,20082.5,51
2023-05-10 14:13:20,MA312P2350,MA312P2350,143.0,0.0,0.0,0.0,3,138.5,144.0,3,113.0,129.5,144.0,129.0,145.0,20082.5,51
2023-05-10 14:13:20,MA312P2350,MA312P2350,143.0,0.0,0.0,0.0,3,141.5,142.5,3,113.0,129.5,144.0,129.0,145.0,20082.5,51
2023-05-10 14:13:21,MA312P2350,MA312P2350,141.5,3.0,415.5,3.0,3,141.5,142.0,3,113.0,129.5,144.0,129.0,148.0,20498.0,54
2023-05-10 14:13:22,MA312P2350,MA312P2350,141.5,3.0,415.5,0.0,3,141.0,142.0,3,113.0,129.5,144.0,129.0,151.0,20913.5,54
2023-05-10 14:13:23,MA312P2350,MA312P2350,141.5,0.0,0.0,0.0,3,141.0,142.0,6,113.0,129.5,144.0,129.0,151.0,20913.5,54
2023-05-10 14:13:26,MA312P2350,MA312P2350,141.5,0.0,0.0,0.0,1,141.5,142.0,6,113.0,129.5,144.0,129.0,151.0,20913.5,54
2023-05-10 14:13:29,MA312P2350,MA312P2350,141.0,1.0,138.5,0.0,3,140.0,141.0,1,113.0,129.5,144.0,129.0,152.0,21052.0,54
2023-05-10 14:13:33,MA312P2350,MA312P2350,141.0,0.0,0.0,0.0,3,134.0,141.0,1,113.0,129.5,144.0,129.0,152.0,21052.0,54
2023-05-10 14:13:36,MA312P2350,MA312P2350,141.0,0.0,0.0,0.0,1,98.0,141.0,1,113.0,129.5,144.0,129.0,152.0,21052.0,54
2023-05-10 14:13:36,MA312P2350,MA312P2350,141.0,0.0,0.0,0.0,1,106.0,141.0,1,113.0,129.5,144.0,129.0,152.0,21052.0,54
2023-05-10 14:17:45,MA312P2350,MA312P2350,141.0,0.0,0.0,0.0,1,98.0,141.0,1,113.0,129.5,144.0,129.0,152.0,21052.0,54
2023-05-10 14:17:53,MA312P2350,MA312P2350,141.0,0.0,0.0,0.0,1,106.0,141.0,1,113.0,129.5,144.0,129.0,152.0,21052.0,54
2023-05-10 14:18:23,MA312P2350,MA312P2350,141.0,0.0,0.0,0.0,1,98.0,141.0,1,113.0,129.5,144.0,129.0,152.0,21052.0,54
2023-05-10 14:18:25,MA312P2350,MA312P2350,141.0,0.0,0.0,0.0,1,102.0,141.0,1,113.0,129.5,144.0,129.0,152.0,21052.0,54
2023-05-10 14:18:55,MA312P2350,MA312P2350,141.0,0.0,0.0,0.0,1,98.0,141.0,1,113.0,129.5,144.0,129.0,152.0,21052.0,54
2023-05-10 14:18:55,MA312P2350,MA312P2350,141.0,0.0,0.0,0.0,1,98.5,141.0,1,113.0,129.5,144.0,129.0,152.0,21052.0,54
2023-05-10 14:19:26,MA312P2350,MA312P2350,141.0,0.0,0.0,0.0,1,98.0,141.0,1,113.0,129.5,144.0,129.0,152.0,21052.0,54
2023-05-10 14:19:57,MA312P2350,MA312P2350,141.0,0.0,0.0,0.0,1,106.0,141.0,1,113.0,129.5,144.0,129.0,152.0,21052.0,54
2023-05-10 14:20:26,MA312P2350,MA312P2350,141.0,0.0,0.0,0.0,1,98.0,141.0,1,113.0,129.5,144.0,129.0,152.0,21052.0,54
2023-05-10 14:20:59,MA312P2350,MA312P2350,141.0,0.0,0.0,0.0,1,106.0,141.0,1,113.0,129.5,144.0,129.0,152.0,21052.0,54
2023-05-10 14:21:44,MA312P2350,MA312P2350,141.0,0.0,0.0,0.0,1,98.0,141.0,1,113.0,129.5,144.0,129.0,152.0,21052.0,54
2023-05-10 14:21:58,MA312P2350,MA312P2350,141.0,0.0,0.0,0.0,1,98.5,141.0,1,113.0,129.5,144.0,129.0,152.0,21052.0,54
2023-05-10 14:22:31,MA312P2350,MA312P2350,141.0,0.0,0.0,0.0,1,98.0,141.0,1,113.0,129.5,144.0,129.0,152.0,21052.0,54
2023-05-10 14:23:03,MA312P2350,MA312P2350,141.0,0.0,0.0,0.0,1,106.0,141.0,1,113.0,129.5,144.0,129.0,152.0,21052.0,54
2023-05-10 14:23:33,MA312P2350,MA312P2350,141.0,0.0,0.0,0.0,1,98.0,141.0,1,113.0,129.5,144.0,129.0,152.0,21052.0,54
2023-05-10 14:24:27,MA312P2350,MA312P2350,141.0,0.0,0.0,0.0,1,106.0,141.0,1,113.0,129.5,144.0,129.0,152.0,21052.0,54
2023-05-10 14:24:57,MA312P2350,MA312P2350,141.0,0.0,0.0,0.0,1,98.0,141.0,1,113.0,129.5,144.0,129.0,152.0,21052.0,54
2023-05-10 14:25:37,MA312P2350,MA312P2350,141.0,0.0,0.0,0.0,1,106.0,141.0,1,113.0,129.5,144.0,129.0,152.0,21052.0,54
2023-05-10 14:26:07,MA312P2350,MA312P2350,141.0,0.0,0.0,0.0,1,98.0,141.0,1,113.0,129.5,144.0,129.0,152.0,21052.0,54
2023-05-10 14:26:39,MA312P2350,MA312P2350,141.0,0.0,0.0,0.0,1,106.0,141.0,1,113.0,129.5,144.0,129.0,152.0,21052.0,54
2023-05-10 14:27:10,MA312P2350,MA312P2350,141.0,0.0,0.0,0.0,1,98.0,141.0,1,113.0,129.5,144.0,129.0,152.0,21052.0,54
2023-05-10 14:27:52,MA312P2350,MA312P2350,141.0,0.0,0.0,0.0,1,106.0,141.0,1,113.0,129.5,144.0,129.0,152.0,21052.0,54
2023-05-10 14:28:22,MA312P2350,MA312P2350,141.0,0.0,0.0,0.0,1,98.0,141.0,1,113.0,129.5,144.0,129.0,152.0,21052.0,54
2023-05-10 14:29:01,MA312P2350,MA312P2350,141.0,0.0,0.0,0.0,1,106.0,141.0,1,113.0,129.5,144.0,129.0,152.0,21052.0,54
2023-05-10 14:29:31,MA312P2350,MA312P2350,141.0,0.0,0.0,0.0,1,98.0,141.0,1,113.0,129.5,144.0,129.0,152.0,21052.0,54
2023-05-10 14:30:07,MA312P2350,MA312P2350,141.0,1.0,138.5,0.0,1,98.0,0.0,0,113.0,129.5,144.0,129.0,153.0,21190.5,54
2023-05-10 14:30:11,MA312P2350,MA312P2350,141.0,0.0,0.0,0.0,1,106.0,0.0,0,113.0,129.5,144.0,129.0,153.0,21190.5,54
2023-05-10 14:30:39,MA312P2350,MA312P2350,141.0,0.0,0.0,0.0,3,131.0,146.5,3,113.0,129.5,144.0,129.0,153.0,21190.5,54
2023-05-10 14:30:40,MA312P2350,MA312P2350,141.0,0.0,0.0,0.0,6,131.0,146.5,6,113.0,129.5,144.0,129.0,153.0,21190.5,54
2023-05-10 14:30:41,MA312P2350,MA312P2350,141.0,0.0,0.0,0.0,3,140.0,143.0,3,113.0,129.5,144.0,129.0,153.0,21190.5,54
2023-05-10 14:30:45,MA312P2350,MA312P2350,141.0,0.0,0.0,0.0,1,142.5,143.0,3,113.0,129.5,144.0,129.0,153.0,21190.5,54
2023-05-10 14:30:53,MA312P2350,MA312P2350,141.0,0.0,0.0,0.0,1,142.5,143.5,3,113.0,129.5,144.0,129.0,153.0,21190.5,54
2023-05-10 14:30:54,MA312P2350,MA312P2350,142.0,3.0,415.5,0.0,3,142.5,143.5,3,113.0,129.5,144.0,129.0,156.0,21606.0,54
2023-05-10 14:30:55,MA312P2350,MA312P2350,142.5,1.0,138.5,0.0,2,142.5,143.5,3,113.0,129.5,144.0,129.0,157.0,21744.5,54
2023-05-10 14:30:58,MA312P2350,MA312P2350,142.5,1.0,138.5,0.0,1,142.5,143.5,3,113.0,129.5,144.0,129.0,158.0,21883.0,54
2023-05-10 14:31:06,MA312P2350,MA312P2350,142.5,0.0,0.0,0.0,3,135.0,151.0,3,113.0,129.5,144.0,129.0,158.0,21883.0,54
2023-05-10 14:31:09,MA312P2350,MA312P2350,142.5,0.0,0.0,0.0,1,98.0,0.0,0,113.0,129.5,144.0,129.0,158.0,21883.0,54
2023-05-10 14:31:11,MA312P2350,MA312P2350,142.5,0.0,0.0,0.0,1,106.0,0.0,0,113.0,129.5,144.0,129.0,158.0,21883.0,54
2023-05-10 14:31:26,MA312P2350,MA312P2350,142.5,0.0,0.0,0.0,1,98.0,0.0,0,113.0,129.5,144.0,129.0,158.0,21883.0,54
2023-05-10 14:32:13,MA312P2350,MA312P2350,142.5,0.0,0.0,0.0,1,106.0,0.0,0,113.0,129.5,144.0,129.0,158.0,21883.0,54
2023-05-10 14:32:43,MA312P2350,MA312P2350,142.5,0.0,0.0,0.0,1,98.0,0.0,0,113.0,129.5,144.0,129.0,158.0,21883.0,54
2023-05-10 14:33:17,MA312P2350,MA312P2350,142.5,0.0,0.0,0.0,1,106.0,0.0,0,113.0,129.5,144.0,129.0,158.0,21883.0,54
2023-05-10 14:33:46,MA312P2350,MA312P2350,142.5,0.0,0.0,0.0,1,98.0,0.0,0,113.0,129.5,144.0,129.0,158.0,21883.0,54
2023-05-10 14:33:49,MA312P2350,MA312P2350,142.5,0.0,0.0,0.0,1,102.0,0.0,0,113.0,129.5,144.0,129.0,158.0,21883.0,54
2023-05-10 14:33:57,MA312P2350,MA312P2350,142.5,0.0,0.0,0.0,3,130.5,146.0,3,113.0,129.5,144.0,129.0,158.0,21883.0,54
2023-05-10 14:33:58,MA312P2350,MA312P2350,142.5,0.0,0.0,0.0,6,130.5,146.0,6,113.0,129.5,144.0,129.0,158.0,21883.0,54
2023-05-10 14:33:59,MA312P2350,MA312P2350,142.5,0.0,0.0,0.0,3,140.5,143.5,3,113.0,129.5,144.0,129.0,158.0,21883.0,54
2023-05-10 14:34:03,MA312P2350,MA312P2350,142.5,0.0,0.0,0.0,6,140.5,143.5,6,113.0,129.5,144.0,129.0,158.0,21883.0,54
2023-05-10 14:34:04,MA312P2350,MA312P2350,142.5,0.0,0.0,0.0,9,140.5,143.5,9,113.0,129.5,144.0,129.0,158.0,21883.0,54
2023-05-10 14:34:07,MA312P2350,MA312P2350,142.5,0.0,0.0,0.0,12,140.5,143.5,12,113.0,129.5,144.0,129.0,158.0,21883.0,54
2023-05-10 14:34:11,MA312P2350,MA312P2350,142.5,0.0,0.0,0.0,9,140.5,143.5,9,113.0,129.5,144.0,129.0,158.0,21883.0,54
2023-05-10 14:34:12,MA312P2350,MA312P2350,142.5,0.0,0.0,0.0,12,140.5,143.5,12,113.0,129.5,144.0,129.0,158.0,21883.0,54
2023-05-10 14:34:15,MA312P2350,MA312P2350,142.5,0.0,0.0,0.0,12,140.5,141.5,6,113.0,129.5,144.0,129.0,158.0,21883.0,54
2023-05-10 14:34:15,MA312P2350,MA312P2350,142.5,0.0,0.0,0.0,9,140.5,141.5,6,113.0,129.5,144.0,129.0,158.0,21883.0,54
2023-05-10 14:34:19,MA312P2350,MA312P2350,142.5,0.0,0.0,0.0,6,140.5,141.5,6,113.0,129.5,144.0,129.0,158.0,21883.0,54
2023-05-10 14:34:21,MA312P2350,MA312P2350,142.5,0.0,0.0,0.0,3,140.5,141.5,3,113.0,129.5,144.0,129.0,158.0,21883.0,54
2023-05-10 14:34:24,MA312P2350,MA312P2350,142.5,0.0,0.0,0.0,3,139.0,141.5,3,113.0,129.5,144.0,129.0,158.0,21883.0,54
2023-05-10 14:34:27,MA312P2350,MA312P2350,142.5,0.0,0.0,0.0,3,133.5,148.5,3,113.0,129.5,144.0,129.0,158.0,21883.0,54
2023-05-10 14:34:27,MA312P2350,MA312P2350,142.5,0.0,0.0,0.0,1,98.0,0.0,0,113.0,129.5,144.0,129.0,158.0,21883.0,54
2023-05-10 14:40:37,MA312P2350,MA312P2350,142.5,0.0,0.0,0.0,3,131.0,146.5,3,113.0,129.5,144.0,129.0,158.0,21883.0,54
2023-05-10 14:40:38,MA312P2350,MA312P2350,142.5,0.0,0.0,0.0,6,131.0,146.5,6,113.0,129.5,144.0,129.0,158.0,21883.0,54
2023-05-10 14:40:39,MA312P2350,MA312P2350,142.5,0.0,0.0,0.0,3,140.5,143.5,3,113.0,129.5,144.0,129.0,158.0,21883.0,54
2023-05-10 14:40:42,MA312P2350,MA312P2350,140.5,2.0,277.0,-2.0,1,140.5,143.5,3,113.0,129.5,144.0,129.0,160.0,22160.0,52
2023-05-10 14:40:43,MA312P2350,MA312P2350,140.5,0.0,0.0,0.0,4,140.5,143.5,6,113.0,129.5,144.0,129.0,160.0,22160.0,52
2023-05-10 14:40:44,MA312P2350,MA312P2350,140.5,0.0,0.0,0.0,7,140.5,143.5,9,113.0,129.5,144.0,129.0,160.0,22160.0,52
2023-05-10 14:40:47,MA312P2350,MA312P2350,140.5,0.0,0.0,0.0,10,140.5,143.5,12,113.0,129.5,144.0,129.0,160.0,22160.0,52
2023-05-10 14:40:51,MA312P2350,MA312P2350,140.5,0.0,0.0,0.0,9,140.5,143.5,9,113.0,129.5,144.0,129.0,160.0,22160.0,52
2023-05-10 14:40:53,MA312P2350,MA312P2350,140.5,0.0,0.0,0.0,12,140.5,143.5,12,113.0,129.5,144.0,129.0,160.0,22160.0,52
2023-05-10 14:40:53,MA312P2350,MA312P2350,140.5,0.0,0.0,0.0,12,140.5,142.0,6,113.0,129.5,144.0,129.0,160.0,22160.0,52
2023-05-10 14:40:55,MA312P2350,MA312P2350,140.5,0.0,0.0,0.0,9,140.5,142.0,6,113.0,129.5,144.0,129.0,160.0,22160.0,52
2023-05-10 14:40:59,MA312P2350,MA312P2350,140.5,0.0,0.0,0.0,6,140.5,142.0,6,113.0,129.5,144.0,129.0,160.0,22160.0,52
2023-05-10 14:41:01,MA312P2350,MA312P2350,140.5,0.0,0.0,0.0,3,140.5,142.0,3,113.0,129.5,144.0,129.0,160.0,22160.0,52
2023-05-10 14:41:05,MA312P2350,MA312P2350,140.5,0.0,0.0,0.0,3,139.5,142.0,3,113.0,129.5,144.0,129.0,160.0,22160.0,52
2023-05-10 14:41:05,MA312P2350,MA312P2350,140.5,0.0,0.0,0.0,3,133.5,149.0,3,113.0,129.5,144.0,129.0,160.0,22160.0,52
2023-05-10 14:41:07,MA312P2350,MA312P2350,140.5,0.0,0.0,0.0,1,98.0,0.0,0,113.0,129.5,144.0,129.0,160.0,22160.0,52
2023-05-10 14:41:34,MA312P2350,MA312P2350,140.5,0.0,0.0,0.0,1,106.0,0.0,0,113.0,129.5,144.0,129.0,160.0,22160.0,52
2023-05-10 14:42:04,MA312P2350,MA312P2350,140.5,0.0,0.0,0.0,1,98.0,0.0,0,113.0,129.5,144.0,129.0,160.0,22160.0,52
2023-05-10 14:42:25,MA312P2350,MA312P2350,140.5,0.0,0.0,0.0,1,102.0,0.0,0,113.0,129.5,144.0,129.0,160.0,22160.0,52
2023-05-10 14:42:55,MA312P2350,MA312P2350,140.5,0.0,0.0,0.0,1,98.0,0.0,0,113.0,129.5,144.0,129.0,160.0,22160.0,52
2023-05-10 14:44:13,MA312P2350,MA312P2350,140.5,0.0,0.0,0.0,1,102.0,0.0,0,113.0,129.5,144.0,129.0,160.0,22160.0,52
2023-05-10 14:44:43,MA312P2350,MA312P2350,140.5,0.0,0.0,0.0,1,98.0,0.0,0,113.0,129.5,144.0,129.0,160.0,22160.0,52
2023-05-10 14:49:05,MA312P2350,MA312P2350,140.5,0.0,0.0,0.0,3,128.5,143.5,3,113.0,129.5,144.0,129.0,160.0,22160.0,52
2023-05-10 14:49:06,MA312P2350,MA312P2350,140.5,0.0,0.0,0.0,6,128.5,143.5,6,113.0,129.5,144.0,129.0,160.0,22160.0,52
2023-05-10 14:49:07,MA312P2350,MA312P2350,140.5,0.0,0.0,0.0,3,138.0,141.0,3,113.0,129.5,144.0,129.0,160.0,22160.0,52
2023-05-10 14:49:11,MA312P2350,MA312P2350,140.5,0.0,0.0,0.0,6,138.0,141.0,6,113.0,129.5,144.0,129.0,160.0,22160.0,52
2023-05-10 14:49:15,MA312P2350,MA312P2350,140.5,0.0,0.0,0.0,9,138.0,141.0,9,113.0,129.5,144.0,129.0,160.0,22160.0,52
2023-05-10 14:49:19,MA312P2350,MA312P2350,140.5,0.0,0.0,0.0,6,138.0,141.0,6,113.0,129.5,144.0,129.0,160.0,22160.0,52
2023-05-10 14:49:20,MA312P2350,MA312P2350,140.5,0.0,0.0,0.0,6,138.0,138.5,3,113.0,129.5,144.0,129.0,160.0,22160.0,52
2023-05-10 14:49:20,MA312P2350,MA312P2350,140.5,0.0,0.0,0.0,6,138.0,138.5,9,113.0,129.5,144.0,129.0,160.0,22160.0,52
2023-05-10 14:49:22,MA312P2350,MA312P2350,140.5,0.0,0.0,0.0,9,138.0,138.5,9,113.0,129.5,144.0,129.0,160.0,22160.0,52
2023-05-10 14:49:29,MA312P2350,MA312P2350,140.5,0.0,0.0,0.0,6,138.0,138.5,6,113.0,129.5,144.0,129.0,160.0,22160.0,52
2023-05-10 14:49:31,MA312P2350,MA312P2350,140.5,0.0,0.0,0.0,6,138.0,138.5,3,113.0,129.5,144.0,129.0,160.0,22160.0,52
2023-05-10 14:49:32,MA312P2350,MA312P2350,140.5,0.0,0.0,0.0,3,130.5,146.0,3,113.0,129.5,144.0,129.0,160.0,22160.0,52
2023-05-10 14:49:35,MA312P2350,MA312P2350,140.5,0.0,0.0,0.0,1,98.0,0.0,0,113.0,129.5,144.0,129.0,160.0,22160.0,52
2023-05-10 14:59:40,MA312P2350,MA312P2350,140.5,0.0,0.0,0.0,1,33.5,0.0,0,113.0,129.5,144.0,129.0,160.0,22160.0,52
2023-05-10 14:59:41,MA312P2350,MA312P2350,140.5,0.0,0.0,0.0,6,34.5,0.0,0,113.0,129.5,144.0,129.0,160.0,22160.0,52
2023-05-10 14:59:45,MA312P2350,MA312P2350,140.5,0.0,0.0,0.0,1,42.5,0.0,0,113.0,129.5,144.0,129.0,160.0,22160.0,52
2023-05-10 14:59:46,MA312P2350,MA312P2350,140.5,0.0,0.0,0.0,6,43.5,0.0,0,113.0,129.5,144.0,129.0,160.0,22160.0,52
2023-05-10 14:59:53,MA312P2350,MA312P2350,140.5,0.0,0.0,0.0,1,44.0,0.0,0,113.0,129.5,144.0,129.0,160.0,22160.0,52
2023-05-10 14:59:53,MA312P2350,MA312P2350,140.5,0.0,0.0,0.0,6,45.0,0.0,0,113.0,129.5,144.0,129.0,160.0,22160.0,52
2023-05-10 14:59:57,MA312P2350,MA312P2350,140.5,0.0,0.0,0.0,1,44.0,0.0,0,113.0,129.5,144.0,129.0,160.0,22160.0,52
2023-05-10 14:59:57,MA312P2350,MA312P2350,140.5,0.0,0.0,0.0,1,44.0,0.0,0,113.0,129.5,144.0,129.0,160.0,22160.0,52
