time,symbol_id,symbol_name,last,trade_volume,trade_amount,open_interest_change,bv1,bp1,ap1,av1,yesterday_close,today_open,today_high,today_low,volume,amount,open_interest
2023-05-09 19:10:58,MA312P2225,MA312P2225,70.5,0.0,0.0,0.0,0,0.0,0.0,0,70.5,75.5,0.0,0.0,0.0,0.0,19
2023-05-09 20:59:00,MA312P2225,MA312P2225,70.5,0.0,0.0,0.0,19,21.0,0.0,0,70.5,75.5,0.0,0.0,0.0,0.0,19
2023-05-09 21:15:01,MA312P2225,MA312P2225,70.5,0.0,0.0,0.0,1,29.0,0.0,0,70.5,75.5,0.0,0.0,0.0,0.0,19
2023-05-09 21:15:31,MA312P2225,MA312P2225,70.5,0.0,0.0,0.0,19,21.0,0.0,0,70.5,75.5,0.0,0.0,0.0,0.0,19
2023-05-09 21:16:05,MA312P2225,MA312P2225,70.5,0.0,0.0,0.0,1,29.0,0.0,0,70.5,75.5,0.0,0.0,0.0,0.0,19
2023-05-09 21:16:21,MA312P2225,MA312P2225,70.5,0.0,0.0,0.0,3,70.5,78.5,3,70.5,75.5,0.0,0.0,0.0,0.0,19
2023-05-09 21:16:22,MA312P2225,MA312P2225,70.5,0.0,0.0,0.0,6,70.5,78.5,6,70.5,75.5,0.0,0.0,0.0,0.0,19
2023-05-09 21:16:23,MA312P2225,MA312P2225,70.5,0.0,0.0,0.0,3,75.0,75.5,3,70.5,75.5,0.0,0.0,0.0,0.0,19
2023-05-09 21:16:26,MA312P2225,MA312P2225,75.5,3.0,226.5,3.0,6,75.0,75.5,3,70.5,75.5,75.5,75.5,3.0,226.5,22
2023-05-09 21:16:28,MA312P2225,MA312P2225,75.5,0.0,0.0,0.0,9,75.0,75.5,6,70.5,75.5,75.5,75.5,3.0,226.5,22
2023-05-09 21:16:28,MA312P2225,MA312P2225,75.5,6.0,453.0,3.0,6,75.0,75.5,3,70.5,75.5,75.5,75.5,9.0,679.5,25
2023-05-09 21:16:30,MA312P2225,MA312P2225,75.5,3.0,226.5,3.0,6,75.0,78.5,6,70.5,75.5,75.5,75.5,12.0,906.0,28
2023-05-09 21:16:32,MA312P2225,MA312P2225,75.5,0.0,0.0,0.0,9,75.0,78.5,9,70.5,75.5,75.5,75.5,12.0,906.0,28
2023-05-09 21:16:33,MA312P2225,MA312P2225,75.5,0.0,0.0,0.0,9,75.0,78.5,3,70.5,75.5,75.5,75.5,12.0,906.0,28
2023-05-09 21:16:34,MA312P2225,MA312P2225,75.5,0.0,0.0,0.0,1,77.5,78.5,9,70.5,75.5,75.5,75.5,12.0,906.0,28
2023-05-09 21:16:34,MA312P2225,MA312P2225,75.5,0.0,0.0,0.0,1,77.5,78.5,6,70.5,75.5,75.5,75.5,12.0,906.0,28
2023-05-09 21:16:35,MA312P2225,MA312P2225,75.5,0.0,0.0,0.0,1,77.5,78.5,3,70.5,75.5,75.5,75.5,12.0,906.0,28
2023-05-09 21:16:36,MA312P2225,MA312P2225,75.5,0.0,0.0,0.0,1,77.5,78.0,3,70.5,75.5,75.5,75.5,12.0,906.0,28
2023-05-09 21:16:37,MA312P2225,MA312P2225,77.0,6.0,462.0,0.0,6,75.0,77.5,3,70.5,75.5,77.0,75.5,18.0,1368.0,28
2023-05-09 21:16:38,MA312P2225,MA312P2225,77.0,0.0,0.0,0.0,6,75.0,77.5,6,70.5,75.5,77.0,75.5,18.0,1368.0,28
2023-05-09 21:16:41,MA312P2225,MA312P2225,77.0,0.0,0.0,0.0,1,77.0,77.5,6,70.5,75.5,77.0,75.5,18.0,1368.0,28
2023-05-09 21:16:43,MA312P2225,MA312P2225,77.0,0.0,0.0,0.0,3,75.0,77.5,6,70.5,75.5,77.0,75.5,18.0,1368.0,28
2023-05-09 21:16:46,MA312P2225,MA312P2225,77.0,0.0,0.0,0.0,3,73.0,77.5,6,70.5,75.5,77.0,75.5,18.0,1368.0,28
2023-05-09 21:16:49,MA312P2225,MA312P2225,77.0,0.0,0.0,0.0,3,72.0,77.5,3,70.5,75.5,77.0,75.5,18.0,1368.0,28
2023-05-09 21:16:51,MA312P2225,MA312P2225,77.0,0.0,0.0,0.0,19,21.0,77.5,3,70.5,75.5,77.0,75.5,18.0,1368.0,28
2023-05-09 21:16:52,MA312P2225,MA312P2225,77.0,0.0,0.0,0.0,1,21.5,77.5,3,70.5,75.5,77.0,75.5,18.0,1368.0,28
2023-05-09 21:17:07,MA312P2225,MA312P2225,77.0,0.0,0.0,0.0,1,29.5,77.5,3,70.5,75.5,77.0,75.5,18.0,1368.0,28
2023-05-09 21:17:07,MA312P2225,MA312P2225,77.0,0.0,0.0,0.0,1,30.0,77.5,3,70.5,75.5,77.0,75.5,18.0,1368.0,28
2023-05-09 21:17:08,MA312P2225,MA312P2225,77.0,0.0,0.0,0.0,1,38.0,77.5,3,70.5,75.5,77.0,75.5,18.0,1368.0,28
2023-05-09 21:17:08,MA312P2225,MA312P2225,77.0,0.0,0.0,0.0,1,38.5,77.5,3,70.5,75.5,77.0,75.5,18.0,1368.0,28
2023-05-09 21:17:09,MA312P2225,MA312P2225,77.0,0.0,0.0,0.0,1,46.5,77.5,3,70.5,75.5,77.0,75.5,18.0,1368.0,28
2023-05-09 21:17:32,MA312P2225,MA312P2225,77.0,0.0,0.0,0.0,3,70.5,77.5,3,70.5,75.5,77.0,75.5,18.0,1368.0,28
2023-05-09 21:17:33,MA312P2225,MA312P2225,77.0,0.0,0.0,0.0,6,70.5,77.5,6,70.5,75.5,77.0,75.5,18.0,1368.0,28
2023-05-09 21:17:34,MA312P2225,MA312P2225,77.0,0.0,0.0,0.0,1,77.0,77.5,6,70.5,75.5,77.0,75.5,18.0,1368.0,28
2023-05-09 21:17:35,MA312P2225,MA312P2225,77.0,1.0,76.0,1.0,3,75.0,75.5,2,70.5,75.5,77.0,75.5,19.0,1444.0,29
2023-05-09 21:17:37,MA312P2225,MA312P2225,77.0,0.0,0.0,0.0,6,75.0,75.5,5,70.5,75.5,77.0,75.5,19.0,1444.0,29
2023-05-09 21:17:38,MA312P2225,MA312P2225,75.5,5.0,380.0,5.0,3,75.5,77.5,6,70.5,75.5,77.0,75.5,24.0,1824.0,34
2023-05-09 21:17:41,MA312P2225,MA312P2225,75.5,0.0,0.0,0.0,1,77.0,77.5,6,70.5,75.5,77.0,75.5,24.0,1824.0,34
2023-05-09 21:17:43,MA312P2225,MA312P2225,75.5,0.0,0.0,0.0,1,77.0,77.5,9,70.5,75.5,77.0,75.5,24.0,1824.0,34
2023-05-09 21:17:45,MA312P2225,MA312P2225,75.5,9.0,684.0,-3.0,6,75.0,77.5,6,70.5,75.5,77.0,75.5,33.0,2508.0,31
2023-05-09 21:17:46,MA312P2225,MA312P2225,75.5,0.0,0.0,0.0,6,75.0,77.5,3,70.5,75.5,77.0,75.5,33.0,2508.0,31
2023-05-09 21:17:47,MA312P2225,MA312P2225,75.5,0.0,0.0,0.0,3,75.0,77.5,3,70.5,75.5,77.0,75.5,33.0,2508.0,31
2023-05-09 21:17:48,MA312P2225,MA312P2225,75.5,0.0,0.0,0.0,3,75.5,76.5,3,70.5,75.5,77.0,75.5,33.0,2508.0,31
2023-05-09 21:17:48,MA312P2225,MA312P2225,76.5,1.0,76.0,0.0,1,76.0,76.5,5,70.5,75.5,77.0,75.5,34.0,2584.0,31
2023-05-09 21:17:48,MA312P2225,MA312P2225,76.5,0.0,0.0,0.0,4,76.0,76.5,5,70.5,75.5,77.0,75.5,34.0,2584.0,31
2023-05-09 21:17:49,MA312P2225,MA312P2225,76.5,0.0,0.0,0.0,4,76.0,76.5,8,70.5,75.5,77.0,75.5,34.0,2584.0,31
2023-05-09 21:17:52,MA312P2225,MA312P2225,76.0,4.0,304.0,-3.0,3,75.5,76.5,8,70.5,75.5,77.0,75.5,38.0,2888.0,28
2023-05-09 21:17:58,MA312P2225,MA312P2225,75.5,3.0,228.0,3.0,3,75.0,76.5,6,70.5,75.5,77.0,75.5,41.0,3116.0,31
2023-05-09 21:17:58,MA312P2225,MA312P2225,75.5,0.0,0.0,0.0,3,75.0,76.0,3,70.5,75.5,77.0,75.5,41.0,3116.0,31
2023-05-09 21:18:00,MA312P2225,MA312P2225,75.5,0.0,0.0,0.0,3,72.0,76.0,3,70.5,75.5,77.0,75.5,41.0,3116.0,31
2023-05-09 21:18:03,MA312P2225,MA312P2225,75.5,0.0,0.0,0.0,1,38.5,76.0,3,70.5,75.5,77.0,75.5,41.0,3116.0,31
2023-05-09 21:18:27,MA312P2225,MA312P2225,75.5,0.0,0.0,0.0,1,38.5,0.0,0,70.5,75.5,77.0,75.5,41.0,3116.0,31
2023-05-09 21:18:36,MA312P2225,MA312P2225,75.5,0.0,0.0,0.0,3,70.5,78.5,3,70.5,75.5,77.0,75.5,41.0,3116.0,31
2023-05-09 21:18:37,MA312P2225,MA312P2225,75.5,0.0,0.0,0.0,6,70.5,78.5,6,70.5,75.5,77.0,75.5,41.0,3116.0,31
2023-05-09 21:18:38,MA312P2225,MA312P2225,75.5,0.0,0.0,0.0,3,75.0,75.5,3,70.5,75.5,77.0,75.5,41.0,3116.0,31
2023-05-09 21:18:40,MA312P2225,MA312P2225,75.5,3.0,228.0,3.0,3,75.0,78.5,6,70.5,75.5,77.0,75.5,44.0,3344.0,34
2023-05-09 21:18:41,MA312P2225,MA312P2225,75.5,0.0,0.0,0.0,3,75.5,78.0,3,70.5,75.5,77.0,75.5,44.0,3344.0,34
2023-05-09 21:18:43,MA312P2225,MA312P2225,78.0,1.0,76.0,1.0,3,75.5,78.0,2,70.5,75.5,78.0,75.5,45.0,3420.0,35
2023-05-09 21:18:46,MA312P2225,MA312P2225,78.0,0.0,0.0,0.0,1,77.5,78.0,2,70.5,75.5,78.0,75.5,45.0,3420.0,35
2023-05-09 21:18:46,MA312P2225,MA312P2225,78.0,0.0,0.0,0.0,1,77.5,78.5,6,70.5,75.5,78.0,75.5,45.0,3420.0,35
2023-05-09 21:18:48,MA312P2225,MA312P2225,78.0,0.0,0.0,0.0,4,77.5,78.5,6,70.5,75.5,78.0,75.5,45.0,3420.0,35
2023-05-09 21:18:49,MA312P2225,MA312P2225,77.5,4.0,304.0,0.0,6,75.0,76.0,3,70.5,75.5,78.0,75.5,49.0,3724.0,35
2023-05-09 21:18:50,MA312P2225,MA312P2225,77.5,0.0,0.0,0.0,3,75.0,76.0,3,70.5,75.5,78.0,75.5,49.0,3724.0,35
2023-05-09 21:18:51,MA312P2225,MA312P2225,77.5,0.0,0.0,0.0,6,75.0,76.0,9,70.5,75.5,78.0,75.5,49.0,3724.0,35
2023-05-09 21:18:52,MA312P2225,MA312P2225,77.5,0.0,0.0,0.0,9,75.0,76.0,9,70.5,75.5,78.0,75.5,49.0,3724.0,35
2023-05-09 21:18:52,MA312P2225,MA312P2225,77.5,0.0,0.0,0.0,1,75.5,76.0,9,70.5,75.5,78.0,75.5,49.0,3724.0,35
2023-05-09 21:18:56,MA312P2225,MA312P2225,77.5,0.0,0.0,0.0,6,75.0,76.0,9,70.5,75.5,78.0,75.5,49.0,3724.0,35
2023-05-09 21:18:56,MA312P2225,MA312P2225,77.5,0.0,0.0,0.0,6,75.0,76.0,12,70.5,75.5,78.0,75.5,49.0,3724.0,35
2023-05-09 21:19:03,MA312P2225,MA312P2225,77.5,0.0,0.0,0.0,3,75.0,76.0,9,70.5,75.5,78.0,75.5,49.0,3724.0,35
2023-05-09 21:19:03,MA312P2225,MA312P2225,77.5,0.0,0.0,0.0,3,73.5,76.0,6,70.5,75.5,78.0,75.5,49.0,3724.0,35
2023-05-09 21:19:06,MA312P2225,MA312P2225,77.5,0.0,0.0,0.0,1,38.5,76.0,3,70.5,75.5,78.0,75.5,49.0,3724.0,35
2023-05-09 21:19:47,MA312P2225,MA312P2225,77.5,0.0,0.0,0.0,3,71.0,76.0,3,70.5,75.5,78.0,75.5,49.0,3724.0,35
2023-05-09 21:19:48,MA312P2225,MA312P2225,77.5,0.0,0.0,0.0,6,71.0,76.0,3,70.5,75.5,78.0,75.5,49.0,3724.0,35
2023-05-09 21:19:49,MA312P2225,MA312P2225,76.0,3.0,228.0,-3.0,6,71.0,76.5,6,70.5,75.5,78.0,75.5,52.0,3952.0,32
2023-05-09 21:19:49,MA312P2225,MA312P2225,76.0,0.0,0.0,0.0,3,71.0,76.5,3,70.5,75.5,78.0,75.5,52.0,3952.0,32
2023-05-09 21:19:52,MA312P2225,MA312P2225,76.0,0.0,0.0,0.0,3,72.0,76.0,3,70.5,75.5,78.0,75.5,52.0,3952.0,32
2023-05-09 21:19:53,MA312P2225,MA312P2225,76.0,1.0,76.0,1.0,3,72.0,76.0,2,70.5,75.5,78.0,75.5,53.0,4028.0,33
2023-05-09 21:19:54,MA312P2225,MA312P2225,76.0,0.0,0.0,0.0,3,74.0,76.5,3,70.5,75.5,78.0,75.5,53.0,4028.0,33
2023-05-09 21:19:58,MA312P2225,MA312P2225,76.0,0.0,0.0,0.0,1,75.5,76.5,3,70.5,75.5,78.0,75.5,53.0,4028.0,33
2023-05-09 21:19:59,MA312P2225,MA312P2225,76.0,0.0,0.0,0.0,4,75.5,76.5,9,70.5,75.5,78.0,75.5,53.0,4028.0,33
2023-05-09 21:20:00,MA312P2225,MA312P2225,76.0,0.0,0.0,0.0,1,76.0,76.5,9,70.5,75.5,78.0,75.5,53.0,4028.0,33
2023-05-09 21:20:01,MA312P2225,MA312P2225,76.0,0.0,0.0,0.0,1,76.0,76.5,6,70.5,75.5,78.0,75.5,53.0,4028.0,33
2023-05-09 21:20:01,MA312P2225,MA312P2225,76.0,0.0,0.0,0.0,1,76.0,76.5,3,70.5,75.5,78.0,75.5,53.0,4028.0,33
2023-05-09 21:20:03,MA312P2225,MA312P2225,76.0,0.0,0.0,0.0,9,75.5,76.5,9,70.5,75.5,78.0,75.5,53.0,4028.0,33
2023-05-09 21:20:03,MA312P2225,MA312P2225,75.5,9.0,684.0,0.0,6,74.0,76.5,3,70.5,75.5,78.0,75.5,62.0,4712.0,33
2023-05-09 21:20:04,MA312P2225,MA312P2225,75.5,0.0,0.0,0.0,9,74.0,76.5,6,70.5,75.5,78.0,75.5,62.0,4712.0,33
2023-05-09 21:20:05,MA312P2225,MA312P2225,75.5,0.0,0.0,0.0,6,74.0,76.5,6,70.5,75.5,78.0,75.5,62.0,4712.0,33
2023-05-09 21:20:09,MA312P2225,MA312P2225,75.5,0.0,0.0,0.0,3,74.0,76.5,6,70.5,75.5,78.0,75.5,62.0,4712.0,33
2023-05-09 21:20:14,MA312P2225,MA312P2225,75.5,0.0,0.0,0.0,3,74.0,76.5,3,70.5,75.5,78.0,75.5,62.0,4712.0,33
2023-05-09 21:20:14,MA312P2225,MA312P2225,75.5,0.0,0.0,0.0,3,71.5,79.0,3,70.5,75.5,78.0,75.5,62.0,4712.0,33
2023-05-09 21:20:17,MA312P2225,MA312P2225,75.5,0.0,0.0,0.0,1,38.5,0.0,0,70.5,75.5,78.0,75.5,62.0,4712.0,33
2023-05-09 21:21:04,MA312P2225,MA312P2225,75.5,0.0,0.0,0.0,3,71.0,79.5,3,70.5,75.5,78.0,75.5,62.0,4712.0,33
2023-05-09 21:21:05,MA312P2225,MA312P2225,75.5,0.0,0.0,0.0,6,71.0,75.0,1,70.5,75.5,78.0,75.5,62.0,4712.0,33
2023-05-09 21:21:06,MA312P2225,MA312P2225,75.5,1.0,76.0,0.0,2,77.0,77.5,3,70.5,75.5,78.0,75.5,63.0,4788.0,33
2023-05-09 21:21:08,MA312P2225,MA312P2225,77.0,2.0,152.0,-2.0,6,71.0,77.5,3,70.5,75.5,78.0,75.5,65.0,4940.0,31
2023-05-09 21:21:09,MA312P2225,MA312P2225,77.0,0.0,0.0,0.0,3,72.0,76.5,3,70.5,75.5,78.0,75.5,65.0,4940.0,31
2023-05-09 21:21:11,MA312P2225,MA312P2225,77.0,0.0,0.0,0.0,6,74.0,74.5,4,70.5,75.5,78.0,75.5,65.0,4940.0,31
2023-05-09 21:21:14,MA312P2225,MA312P2225,74.5,3.0,228.0,0.0,3,74.5,77.5,6,70.5,75.5,78.0,74.5,68.0,5168.0,31
2023-05-09 21:21:14,MA312P2225,MA312P2225,74.5,0.0,0.0,0.0,3,74.5,77.5,3,70.5,75.5,78.0,74.5,68.0,5168.0,31
2023-05-09 21:21:16,MA312P2225,MA312P2225,74.5,0.0,0.0,0.0,6,74.5,77.5,3,70.5,75.5,78.0,74.5,68.0,5168.0,31
2023-05-09 21:21:16,MA312P2225,MA312P2225,74.5,0.0,0.0,0.0,12,74.5,77.5,9,70.5,75.5,78.0,74.5,68.0,5168.0,31
2023-05-09 21:21:18,MA312P2225,MA312P2225,74.5,0.0,0.0,0.0,12,74.5,77.5,6,70.5,75.5,78.0,74.5,68.0,5168.0,31
2023-05-09 21:21:18,MA312P2225,MA312P2225,74.5,0.0,0.0,0.0,12,74.5,75.0,1,70.5,75.5,78.0,74.5,68.0,5168.0,31
2023-05-09 21:21:19,MA312P2225,MA312P2225,74.5,0.0,0.0,0.0,15,74.5,75.0,4,70.5,75.5,78.0,74.5,68.0,5168.0,31
2023-05-09 21:21:19,MA312P2225,MA312P2225,74.5,0.0,0.0,0.0,18,74.5,75.0,4,70.5,75.5,78.0,74.5,68.0,5168.0,31
2023-05-09 21:21:21,MA312P2225,MA312P2225,75.0,1.0,76.0,0.0,18,74.5,75.0,2,70.5,75.5,78.0,74.5,69.0,5244.0,31
2023-05-09 21:21:21,MA312P2225,MA312P2225,75.5,8.0,608.0,5.0,15,74.5,77.5,3,70.5,75.5,78.0,74.5,77.0,5852.0,36
2023-05-09 21:21:25,MA312P2225,MA312P2225,75.5,0.0,0.0,0.0,1,77.0,77.5,3,70.5,75.5,78.0,74.5,77.0,5852.0,36
2023-05-09 21:21:27,MA312P2225,MA312P2225,77.0,1.0,76.0,0.0,12,74.5,77.0,1,70.5,75.5,78.0,74.5,78.0,5928.0,36
2023-05-09 21:21:29,MA312P2225,MA312P2225,77.0,0.0,0.0,0.0,9,74.5,80.0,3,70.5,75.5,78.0,74.5,78.0,5928.0,36
2023-05-09 21:21:30,MA312P2225,MA312P2225,77.0,0.0,0.0,0.0,6,74.5,80.0,3,70.5,75.5,78.0,74.5,78.0,5928.0,36
2023-05-09 21:21:32,MA312P2225,MA312P2225,77.0,0.0,0.0,0.0,3,74.5,80.0,3,70.5,75.5,78.0,74.5,78.0,5928.0,36
2023-05-09 21:21:34,MA312P2225,MA312P2225,77.0,0.0,0.0,0.0,3,74.5,0.0,0,70.5,75.5,78.0,74.5,78.0,5928.0,36
2023-05-09 21:22:28,MA312P2225,MA312P2225,77.0,0.0,0.0,0.0,3,74.5,80.0,3,70.5,75.5,78.0,74.5,78.0,5928.0,36
2023-05-09 21:22:29,MA312P2225,MA312P2225,77.0,0.0,0.0,0.0,6,74.5,80.0,6,70.5,75.5,78.0,74.5,78.0,5928.0,36
2023-05-09 21:22:29,MA312P2225,MA312P2225,77.0,0.0,0.0,0.0,1,77.0,80.0,6,70.5,75.5,78.0,74.5,78.0,5928.0,36
2023-05-09 21:22:30,MA312P2225,MA312P2225,77.0,0.0,0.0,0.0,4,77.0,77.5,3,70.5,75.5,78.0,74.5,78.0,5928.0,36
2023-05-09 21:22:31,MA312P2225,MA312P2225,77.0,3.0,228.0,-3.0,6,74.5,77.5,3,70.5,75.5,78.0,74.5,81.0,6156.0,33
2023-05-09 21:22:33,MA312P2225,MA312P2225,77.0,0.0,0.0,0.0,3,75.0,77.0,3,70.5,75.5,78.0,74.5,81.0,6156.0,33
2023-05-09 21:22:35,MA312P2225,MA312P2225,77.0,0.0,0.0,0.0,1,76.5,77.5,3,70.5,75.5,78.0,74.5,81.0,6156.0,33
2023-05-09 21:22:36,MA312P2225,MA312P2225,77.0,0.0,0.0,0.0,4,76.5,77.0,3,70.5,75.5,78.0,74.5,81.0,6156.0,33
2023-05-09 21:22:38,MA312P2225,MA312P2225,77.0,0.0,0.0,0.0,3,76.5,77.0,3,70.5,75.5,78.0,74.5,81.0,6156.0,33
2023-05-09 21:22:38,MA312P2225,MA312P2225,76.0,6.0,456.0,-3.0,9,74.5,76.5,3,70.5,75.5,78.0,74.5,87.0,6612.0,30
2023-05-09 21:22:39,MA312P2225,MA312P2225,76.0,0.0,0.0,0.0,12,74.5,76.5,6,70.5,75.5,78.0,74.5,87.0,6612.0,30
2023-05-09 21:22:39,MA312P2225,MA312P2225,76.0,0.0,0.0,0.0,3,75.0,76.5,6,70.5,75.5,78.0,74.5,87.0,6612.0,30
2023-05-09 21:22:41,MA312P2225,MA312P2225,76.0,0.0,0.0,0.0,1,76.0,76.5,6,70.5,75.5,78.0,74.5,87.0,6612.0,30
2023-05-09 21:22:42,MA312P2225,MA312P2225,76.0,0.0,0.0,0.0,4,76.0,76.5,9,70.5,75.5,78.0,74.5,87.0,6612.0,30
2023-05-09 21:22:43,MA312P2225,MA312P2225,76.0,0.0,0.0,0.0,7,76.0,76.5,12,70.5,75.5,78.0,74.5,87.0,6612.0,30
2023-05-09 21:22:44,MA312P2225,MA312P2225,76.0,4.0,304.0,0.0,6,75.0,76.0,1,70.5,75.5,78.0,74.5,91.0,6916.0,30
2023-05-09 21:22:50,MA312P2225,MA312P2225,76.0,0.0,0.0,0.0,3,75.0,76.0,1,70.5,75.5,78.0,74.5,91.0,6916.0,30
2023-05-09 21:22:55,MA312P2225,MA312P2225,76.0,0.0,0.0,0.0,3,74.5,76.0,1,70.5,75.5,78.0,74.5,91.0,6916.0,30
2023-05-09 22:34:12,MA312P2225,MA312P2225,76.0,1.0,76.0,-1.0,5,76.0,76.5,3,70.5,75.5,78.0,74.5,92.0,6992.0,29
2023-05-09 22:34:13,MA312P2225,MA312P2225,76.5,3.0,228.0,3.0,5,76.0,0.0,0,70.5,75.5,78.0,74.5,95.0,7220.0,32
2023-05-09 22:34:18,MA312P2225,MA312P2225,76.5,0.0,0.0,0.0,3,76.0,0.0,0,70.5,75.5,78.0,74.5,95.0,7220.0,32
2023-05-09 22:34:18,MA312P2225,MA312P2225,76.5,0.0,0.0,0.0,3,74.5,0.0,0,70.5,75.5,78.0,74.5,95.0,7220.0,32
2023-05-09 22:39:06,MA312P2225,MA312P2225,76.5,0.0,0.0,0.0,3,74.5,79.5,3,70.5,75.5,78.0,74.5,95.0,7220.0,32
2023-05-09 22:39:07,MA312P2225,MA312P2225,76.5,0.0,0.0,0.0,6,74.5,79.5,6,70.5,75.5,78.0,74.5,95.0,7220.0,32
2023-05-09 22:39:08,MA312P2225,MA312P2225,76.5,0.0,0.0,0.0,6,74.5,77.0,3,70.5,75.5,78.0,74.5,95.0,7220.0,32
2023-05-09 22:39:12,MA312P2225,MA312P2225,76.5,0.0,0.0,0.0,3,75.0,77.0,6,70.5,75.5,78.0,74.5,95.0,7220.0,32
2023-05-09 22:39:16,MA312P2225,MA312P2225,76.5,0.0,0.0,0.0,3,75.0,77.0,9,70.5,75.5,78.0,74.5,95.0,7220.0,32
2023-05-09 22:39:18,MA312P2225,MA312P2225,76.5,0.0,0.0,0.0,6,75.0,77.0,12,70.5,75.5,78.0,74.5,95.0,7220.0,32
2023-05-09 22:39:20,MA312P2225,MA312P2225,76.5,0.0,0.0,0.0,6,75.0,77.0,9,70.5,75.5,78.0,74.5,95.0,7220.0,32
2023-05-09 22:39:21,MA312P2225,MA312P2225,76.5,0.0,0.0,0.0,9,75.0,77.0,12,70.5,75.5,78.0,74.5,95.0,7220.0,32
2023-05-09 22:39:21,MA312P2225,MA312P2225,76.5,0.0,0.0,0.0,9,75.0,76.0,3,70.5,75.5,78.0,74.5,95.0,7220.0,32
2023-05-09 22:39:22,MA312P2225,MA312P2225,76.5,0.0,0.0,0.0,12,75.0,75.5,3,70.5,75.5,78.0,74.5,95.0,7220.0,32
2023-05-09 22:39:22,MA312P2225,MA312P2225,76.5,0.0,0.0,0.0,15,75.0,75.5,9,70.5,75.5,78.0,74.5,95.0,7220.0,32
2023-05-09 22:39:23,MA312P2225,MA312P2225,76.5,0.0,0.0,0.0,18,75.0,75.5,9,70.5,75.5,78.0,74.5,95.0,7220.0,32
2023-05-09 22:39:28,MA312P2225,MA312P2225,76.5,0.0,0.0,0.0,18,75.0,75.5,6,70.5,75.5,78.0,74.5,95.0,7220.0,32
2023-05-09 22:39:30,MA312P2225,MA312P2225,76.5,0.0,0.0,0.0,15,75.0,75.5,6,70.5,75.5,78.0,74.5,95.0,7220.0,32
2023-05-09 22:39:33,MA312P2225,MA312P2225,76.5,0.0,0.0,0.0,9,75.0,75.5,3,70.5,75.5,78.0,74.5,95.0,7220.0,32
2023-05-09 22:39:33,MA312P2225,MA312P2225,76.5,0.0,0.0,0.0,3,75.0,75.5,3,70.5,75.5,78.0,74.5,95.0,7220.0,32
2023-05-09 22:39:34,MA312P2225,MA312P2225,76.5,0.0,0.0,0.0,3,74.5,79.0,3,70.5,75.5,78.0,74.5,95.0,7220.0,32
2023-05-09 22:39:36,MA312P2225,MA312P2225,76.5,0.0,0.0,0.0,3,74.5,0.0,0,70.5,75.5,78.0,74.5,95.0,7220.0,32
2023-05-09 22:51:45,MA312P2225,MA312P2225,76.5,0.0,0.0,0.0,3,74.5,80.0,3,70.5,75.5,78.0,74.5,95.0,7220.0,32
2023-05-09 22:51:46,MA312P2225,MA312P2225,76.5,0.0,0.0,0.0,6,74.5,80.0,6,70.5,75.5,78.0,74.5,95.0,7220.0,32
2023-05-09 22:51:47,MA312P2225,MA312P2225,76.5,0.0,0.0,0.0,9,74.5,77.5,3,70.5,75.5,78.0,74.5,95.0,7220.0,32
2023-05-09 22:51:49,MA312P2225,MA312P2225,76.5,0.0,0.0,0.0,3,75.5,77.5,6,70.5,75.5,78.0,74.5,95.0,7220.0,32
2023-05-09 22:51:50,MA312P2225,MA312P2225,75.5,1.0,76.0,0.0,2,75.5,77.5,6,70.5,75.5,78.0,74.5,96.0,7296.0,32
2023-05-09 22:51:52,MA312P2225,MA312P2225,75.5,0.0,0.0,0.0,6,75.0,76.0,1,70.5,75.5,78.0,74.5,96.0,7296.0,32
2023-05-09 22:51:56,MA312P2225,MA312P2225,75.5,0.0,0.0,0.0,9,75.0,76.5,3,70.5,75.5,78.0,74.5,96.0,7296.0,32
2023-05-09 22:51:58,MA312P2225,MA312P2225,75.5,0.0,0.0,0.0,12,75.0,76.5,6,70.5,75.5,78.0,74.5,96.0,7296.0,32
2023-05-09 22:51:58,MA312P2225,MA312P2225,75.5,0.0,0.0,0.0,12,75.0,76.5,9,70.5,75.5,78.0,74.5,96.0,7296.0,32
2023-05-09 22:52:00,MA312P2225,MA312P2225,75.5,0.0,0.0,0.0,3,75.5,76.5,15,70.5,75.5,78.0,74.5,96.0,7296.0,32
2023-05-09 22:52:01,MA312P2225,MA312P2225,75.5,1.0,76.0,1.0,5,75.5,76.0,1,70.5,75.5,78.0,74.5,97.0,7372.0,33
2023-05-09 22:52:02,MA312P2225,MA312P2225,75.5,0.0,0.0,0.0,5,75.5,76.0,4,70.5,75.5,78.0,74.5,97.0,7372.0,33
2023-05-09 22:52:05,MA312P2225,MA312P2225,76.0,4.0,304.0,-1.0,5,75.5,76.5,15,70.5,75.5,78.0,74.5,101.0,7676.0,32
2023-05-09 22:52:07,MA312P2225,MA312P2225,76.0,0.0,0.0,0.0,5,75.5,76.5,12,70.5,75.5,78.0,74.5,101.0,7676.0,32
2023-05-09 22:52:07,MA312P2225,MA312P2225,76.0,0.0,0.0,0.0,5,75.5,76.5,9,70.5,75.5,78.0,74.5,101.0,7676.0,32
2023-05-09 22:52:10,MA312P2225,MA312P2225,76.0,0.0,0.0,0.0,5,75.5,76.5,6,70.5,75.5,78.0,74.5,101.0,7676.0,32
2023-05-09 22:52:12,MA312P2225,MA312P2225,76.0,0.0,0.0,0.0,5,75.5,76.5,3,70.5,75.5,78.0,74.5,101.0,7676.0,32
2023-05-09 22:52:12,MA312P2225,MA312P2225,76.0,0.0,0.0,0.0,3,75.5,80.0,3,70.5,75.5,78.0,74.5,101.0,7676.0,32
2023-05-09 22:52:15,MA312P2225,MA312P2225,76.0,0.0,0.0,0.0,3,75.5,0.0,0,70.5,75.5,78.0,74.5,101.0,7676.0,32
2023-05-09 22:52:19,MA312P2225,MA312P2225,76.0,0.0,0.0,0.0,3,74.5,0.0,0,70.5,75.5,78.0,74.5,101.0,7676.0,32
2023-05-09 22:52:52,MA312P2225,MA312P2225,76.0,0.0,0.0,0.0,3,74.5,80.0,3,70.5,75.5,78.0,74.5,101.0,7676.0,32
2023-05-09 22:52:53,MA312P2225,MA312P2225,76.0,0.0,0.0,0.0,3,74.5,76.0,1,70.5,75.5,78.0,74.5,101.0,7676.0,32
2023-05-09 22:52:53,MA312P2225,MA312P2225,76.0,0.0,0.0,0.0,6,74.5,76.0,1,70.5,75.5,78.0,74.5,101.0,7676.0,32
2023-05-09 22:52:54,MA312P2225,MA312P2225,76.0,0.0,0.0,0.0,9,74.5,76.0,1,70.5,75.5,78.0,74.5,101.0,7676.0,32
2023-05-09 22:52:57,MA312P2225,MA312P2225,76.0,0.0,0.0,0.0,12,74.5,75.5,3,70.5,75.5,78.0,74.5,101.0,7676.0,32
2023-05-09 22:52:59,MA312P2225,MA312P2225,76.0,0.0,0.0,0.0,15,74.5,75.5,3,70.5,75.5,78.0,74.5,101.0,7676.0,32
2023-05-09 22:53:00,MA312P2225,MA312P2225,76.0,0.0,0.0,0.0,3,75.0,76.0,4,70.5,75.5,78.0,74.5,101.0,7676.0,32
2023-05-09 22:53:01,MA312P2225,MA312P2225,75.5,3.0,228.0,3.0,3,75.5,76.0,3,70.5,75.5,78.0,74.5,104.0,7904.0,35
2023-05-09 22:53:03,MA312P2225,MA312P2225,76.0,3.0,228.0,3.0,3,75.5,77.0,3,70.5,75.5,78.0,74.5,107.0,8132.0,38
2023-05-09 22:53:04,MA312P2225,MA312P2225,76.0,0.0,0.0,0.0,3,75.5,77.5,3,70.5,75.5,78.0,74.5,107.0,8132.0,38
2023-05-09 22:53:04,MA312P2225,MA312P2225,76.0,0.0,0.0,0.0,6,75.5,77.5,9,70.5,75.5,78.0,74.5,107.0,8132.0,38
2023-05-09 22:53:06,MA312P2225,MA312P2225,76.0,0.0,0.0,0.0,6,75.5,77.5,3,70.5,75.5,78.0,74.5,107.0,8132.0,38
2023-05-09 22:53:07,MA312P2225,MA312P2225,76.5,1.0,76.0,0.0,1,76.0,76.5,2,70.5,75.5,78.0,74.5,108.0,8208.0,38
2023-05-09 22:53:07,MA312P2225,MA312P2225,76.5,0.0,0.0,0.0,4,76.0,76.5,2,70.5,75.5,78.0,74.5,108.0,8208.0,38
2023-05-09 22:53:08,MA312P2225,MA312P2225,76.5,0.0,0.0,0.0,4,76.0,77.0,3,70.5,75.5,78.0,74.5,108.0,8208.0,38
2023-05-09 22:53:11,MA312P2225,MA312P2225,76.5,0.0,0.0,0.0,1,76.5,77.0,3,70.5,75.5,78.0,74.5,108.0,8208.0,38
2023-05-09 22:53:11,MA312P2225,MA312P2225,76.5,0.0,0.0,0.0,4,76.5,77.5,9,70.5,75.5,78.0,74.5,108.0,8208.0,38
2023-05-09 22:53:14,MA312P2225,MA312P2225,76.0,4.0,304.0,0.0,6,75.5,77.5,6,70.5,75.5,78.0,74.5,112.0,8512.0,38
2023-05-09 22:53:16,MA312P2225,MA312P2225,76.0,0.0,0.0,0.0,3,75.5,77.5,3,70.5,75.5,78.0,74.5,112.0,8512.0,38
2023-05-09 22:53:17,MA312P2225,MA312P2225,76.0,0.0,0.0,0.0,1,77.0,77.5,3,70.5,75.5,78.0,74.5,112.0,8512.0,38
2023-05-09 22:53:20,MA312P2225,MA312P2225,76.0,0.0,0.0,0.0,3,75.5,77.5,3,70.5,75.5,78.0,74.5,112.0,8512.0,38
2023-05-09 22:53:24,MA312P2225,MA312P2225,75.5,3.0,228.0,-3.0,3,74.5,77.5,3,70.5,75.5,78.0,74.5,115.0,8740.0,35
2023-05-09 22:53:25,MA312P2225,MA312P2225,75.5,0.0,0.0,0.0,3,74.5,0.0,0,70.5,75.5,78.0,74.5,115.0,8740.0,35
2023-05-09 22:54:19,MA312P2225,MA312P2225,75.5,0.0,0.0,0.0,3,74.5,75.5,1,70.5,75.5,78.0,74.5,115.0,8740.0,35
2023-05-09 22:54:19,MA312P2225,MA312P2225,75.5,0.0,0.0,0.0,6,74.5,75.5,1,70.5,75.5,78.0,74.5,115.0,8740.0,35
2023-05-09 22:54:21,MA312P2225,MA312P2225,75.5,0.0,0.0,0.0,9,74.5,75.5,1,70.5,75.5,78.0,74.5,115.0,8740.0,35
2023-05-09 22:54:23,MA312P2225,MA312P2225,75.5,0.0,0.0,0.0,12,74.5,75.0,3,70.5,75.5,78.0,74.5,115.0,8740.0,35
2023-05-09 22:54:24,MA312P2225,MA312P2225,75.0,3.0,228.0,3.0,3,75.0,77.5,3,70.5,75.5,78.0,74.5,118.0,8968.0,38
2023-05-09 22:54:25,MA312P2225,MA312P2225,75.0,0.0,0.0,0.0,6,75.0,77.5,6,70.5,75.5,78.0,74.5,118.0,8968.0,38
2023-05-09 22:54:27,MA312P2225,MA312P2225,75.0,0.0,0.0,0.0,1,77.0,77.5,6,70.5,75.5,78.0,74.5,118.0,8968.0,38
2023-05-09 22:54:28,MA312P2225,MA312P2225,75.0,0.0,0.0,0.0,1,77.0,77.5,9,70.5,75.5,78.0,74.5,118.0,8968.0,38
2023-05-09 22:54:31,MA312P2225,MA312P2225,75.0,0.0,0.0,0.0,4,77.0,77.5,12,70.5,75.5,78.0,74.5,118.0,8968.0,38
2023-05-09 22:54:32,MA312P2225,MA312P2225,76.0,6.0,456.0,0.0,9,75.0,77.5,6,70.5,75.5,78.0,74.5,124.0,9424.0,38
2023-05-09 22:54:33,MA312P2225,MA312P2225,76.0,0.0,0.0,0.0,9,75.0,77.5,3,70.5,75.5,78.0,74.5,124.0,9424.0,38
2023-05-09 22:54:33,MA312P2225,MA312P2225,76.0,0.0,0.0,0.0,12,75.0,77.5,6,70.5,75.5,78.0,74.5,124.0,9424.0,38
2023-05-09 22:54:34,MA312P2225,MA312P2225,76.0,0.0,0.0,0.0,3,75.5,76.5,3,70.5,75.5,78.0,74.5,124.0,9424.0,38
2023-05-09 22:54:34,MA312P2225,MA312P2225,76.0,0.0,0.0,0.0,3,75.5,76.5,6,70.5,75.5,78.0,74.5,124.0,9424.0,38
2023-05-09 22:54:46,MA312P2225,MA312P2225,76.0,0.0,0.0,0.0,3,75.0,80.0,3,70.5,75.5,78.0,74.5,124.0,9424.0,38
2023-05-09 22:54:48,MA312P2225,MA312P2225,76.0,0.0,0.0,0.0,3,75.0,0.0,0,70.5,75.5,78.0,74.5,124.0,9424.0,38
2023-05-09 22:55:22,MA312P2225,MA312P2225,76.0,0.0,0.0,0.0,3,75.0,75.5,1,70.5,75.5,78.0,74.5,124.0,9424.0,38
2023-05-09 22:55:27,MA312P2225,MA312P2225,76.0,0.0,0.0,0.0,3,75.0,0.0,0,70.5,75.5,78.0,74.5,124.0,9424.0,38
2023-05-09 22:55:31,MA312P2225,MA312P2225,76.0,0.0,0.0,0.0,3,75.0,80.0,3,70.5,75.5,78.0,74.5,124.0,9424.0,38
2023-05-09 22:55:32,MA312P2225,MA312P2225,76.0,0.0,0.0,0.0,6,75.0,80.0,6,70.5,75.5,78.0,74.5,124.0,9424.0,38
2023-05-09 22:55:33,MA312P2225,MA312P2225,76.0,0.0,0.0,0.0,6,75.0,75.5,1,70.5,75.5,78.0,74.5,124.0,9424.0,38
2023-05-09 22:55:36,MA312P2225,MA312P2225,76.0,0.0,0.0,0.0,9,75.0,75.5,4,70.5,75.5,78.0,74.5,124.0,9424.0,38
2023-05-09 22:55:38,MA312P2225,MA312P2225,75.5,3.0,228.0,3.0,3,75.5,77.5,3,70.5,75.5,78.0,74.5,127.0,9652.0,41
2023-05-09 22:55:38,MA312P2225,MA312P2225,75.5,0.0,0.0,0.0,6,75.5,77.5,6,70.5,75.5,78.0,74.5,127.0,9652.0,41
2023-05-09 22:55:41,MA312P2225,MA312P2225,75.5,0.0,0.0,0.0,1,77.0,77.5,6,70.5,75.5,78.0,74.5,127.0,9652.0,41
2023-05-09 22:55:41,MA312P2225,MA312P2225,75.5,0.0,0.0,0.0,1,77.0,77.5,9,70.5,75.5,78.0,74.5,127.0,9652.0,41
2023-05-09 22:55:43,MA312P2225,MA312P2225,75.5,0.0,0.0,0.0,4,77.0,77.5,12,70.5,75.5,78.0,74.5,127.0,9652.0,41
2023-05-09 22:55:45,MA312P2225,MA312P2225,76.0,6.0,456.0,0.0,6,75.5,77.5,6,70.5,75.5,78.0,74.5,133.0,10108.0,41
2023-05-09 22:55:45,MA312P2225,MA312P2225,76.0,0.0,0.0,0.0,6,75.5,77.5,3,70.5,75.5,78.0,74.5,133.0,10108.0,41
2023-05-09 22:55:45,MA312P2225,MA312P2225,76.0,0.0,0.0,0.0,6,75.5,76.0,3,70.5,75.5,78.0,74.5,133.0,10108.0,41
2023-05-09 22:55:46,MA312P2225,MA312P2225,76.0,0.0,0.0,0.0,9,75.5,77.5,6,70.5,75.5,78.0,74.5,133.0,10108.0,41
2023-05-09 22:55:46,MA312P2225,MA312P2225,76.0,0.0,0.0,0.0,9,75.5,76.0,3,70.5,75.5,78.0,74.5,133.0,10108.0,41
2023-05-09 22:55:47,MA312P2225,MA312P2225,76.0,0.0,0.0,0.0,9,75.5,77.5,6,70.5,75.5,78.0,74.5,133.0,10108.0,41
2023-05-09 22:55:47,MA312P2225,MA312P2225,76.0,0.0,0.0,0.0,9,75.5,76.0,3,70.5,75.5,78.0,74.5,133.0,10108.0,41
2023-05-09 22:55:48,MA312P2225,MA312P2225,76.0,0.0,0.0,0.0,9,75.5,77.5,6,70.5,75.5,78.0,74.5,133.0,10108.0,41
2023-05-09 22:55:49,MA312P2225,MA312P2225,76.0,0.0,0.0,0.0,6,75.5,76.0,3,70.5,75.5,78.0,74.5,133.0,10108.0,41
2023-05-09 22:55:49,MA312P2225,MA312P2225,76.0,0.0,0.0,0.0,6,75.5,77.5,3,70.5,75.5,78.0,74.5,133.0,10108.0,41
2023-05-09 22:55:49,MA312P2225,MA312P2225,76.0,0.0,0.0,0.0,6,75.5,76.0,3,70.5,75.5,78.0,74.5,133.0,10108.0,41
2023-05-09 22:55:50,MA312P2225,MA312P2225,76.0,0.0,0.0,0.0,6,75.5,77.5,3,70.5,75.5,78.0,74.5,133.0,10108.0,41
2023-05-09 22:55:58,MA312P2225,MA312P2225,76.0,0.0,0.0,0.0,3,75.5,80.0,3,70.5,75.5,78.0,74.5,133.0,10108.0,41
2023-05-09 22:56:01,MA312P2225,MA312P2225,76.0,0.0,0.0,0.0,3,75.5,0.0,0,70.5,75.5,78.0,74.5,133.0,10108.0,41
2023-05-10 09:02:07,MA312P2225,MA312P2225,76.0,0.0,0.0,0.0,3,75.5,78.0,3,70.5,75.5,78.0,74.5,133.0,10108.0,41
2023-05-10 09:02:09,MA312P2225,MA312P2225,75.5,3.0,228.0,-3.0,3,75.0,78.0,3,70.5,75.5,78.0,74.5,136.0,10336.0,38
2023-05-10 09:02:11,MA312P2225,MA312P2225,75.5,0.0,0.0,0.0,3,75.5,77.5,3,70.5,75.5,78.0,74.5,136.0,10336.0,38
2023-05-10 09:02:13,MA312P2225,MA312P2225,75.5,0.0,0.0,0.0,6,75.5,77.5,6,70.5,75.5,78.0,74.5,136.0,10336.0,38
2023-05-10 09:02:14,MA312P2225,MA312P2225,75.5,0.0,0.0,0.0,9,75.5,77.5,9,70.5,75.5,78.0,74.5,136.0,10336.0,38
2023-05-10 09:02:17,MA312P2225,MA312P2225,75.5,0.0,0.0,0.0,12,75.5,77.5,12,70.5,75.5,78.0,74.5,136.0,10336.0,38
2023-05-10 09:02:19,MA312P2225,MA312P2225,75.5,0.0,0.0,0.0,15,75.5,77.5,15,70.5,75.5,78.0,74.5,136.0,10336.0,38
2023-05-10 09:02:21,MA312P2225,MA312P2225,75.5,0.0,0.0,0.0,18,75.5,76.0,3,70.5,75.5,78.0,74.5,136.0,10336.0,38
2023-05-10 09:02:22,MA312P2225,MA312P2225,75.5,0.0,0.0,0.0,21,75.5,76.0,15,70.5,75.5,78.0,74.5,136.0,10336.0,38
2023-05-10 09:02:22,MA312P2225,MA312P2225,75.5,0.0,0.0,0.0,24,75.5,76.0,15,70.5,75.5,78.0,74.5,136.0,10336.0,38
2023-05-10 09:02:26,MA312P2225,MA312P2225,75.5,0.0,0.0,0.0,21,75.5,76.0,15,70.5,75.5,78.0,74.5,136.0,10336.0,38
2023-05-10 09:02:29,MA312P2225,MA312P2225,75.5,0.0,0.0,0.0,18,75.5,76.0,12,70.5,75.5,78.0,74.5,136.0,10336.0,38
2023-05-10 09:02:31,MA312P2225,MA312P2225,75.5,0.0,0.0,0.0,12,75.5,76.0,9,70.5,75.5,78.0,74.5,136.0,10336.0,38
2023-05-10 09:02:33,MA312P2225,MA312P2225,75.5,0.0,0.0,0.0,9,75.5,76.0,6,70.5,75.5,78.0,74.5,136.0,10336.0,38
2023-05-10 09:02:34,MA312P2225,MA312P2225,75.5,0.0,0.0,0.0,3,75.5,76.5,3,70.5,75.5,78.0,74.5,136.0,10336.0,38
2023-05-10 09:02:34,MA312P2225,MA312P2225,75.5,0.0,0.0,0.0,3,75.0,80.0,3,70.5,75.5,78.0,74.5,136.0,10336.0,38
2023-05-10 09:02:37,MA312P2225,MA312P2225,75.5,0.0,0.0,0.0,3,75.0,0.0,0,70.5,75.5,78.0,74.5,136.0,10336.0,38
2023-05-10 09:08:58,MA312P2225,MA312P2225,75.5,0.0,0.0,0.0,3,75.0,77.5,3,70.5,75.5,78.0,74.5,136.0,10336.0,38
2023-05-10 09:08:59,MA312P2225,MA312P2225,75.5,0.0,0.0,0.0,6,75.0,77.5,6,70.5,75.5,78.0,74.5,136.0,10336.0,38
2023-05-10 09:09:01,MA312P2225,MA312P2225,75.0,3.0,228.0,0.0,3,75.0,77.5,6,70.5,75.5,78.0,74.5,139.0,10564.0,38
2023-05-10 09:09:03,MA312P2225,MA312P2225,75.0,0.0,0.0,0.0,3,75.5,77.0,3,70.5,75.5,78.0,74.5,139.0,10564.0,38
2023-05-10 09:09:05,MA312P2225,MA312P2225,75.0,0.0,0.0,0.0,6,75.5,77.0,6,70.5,75.5,78.0,74.5,139.0,10564.0,38
2023-05-10 09:09:09,MA312P2225,MA312P2225,75.0,0.0,0.0,0.0,9,75.5,77.0,9,70.5,75.5,78.0,74.5,139.0,10564.0,38
2023-05-10 09:09:11,MA312P2225,MA312P2225,75.0,0.0,0.0,0.0,12,75.5,77.0,12,70.5,75.5,78.0,74.5,139.0,10564.0,38
2023-05-10 09:09:13,MA312P2225,MA312P2225,75.0,0.0,0.0,0.0,12,75.5,76.0,3,70.5,75.5,78.0,74.5,139.0,10564.0,38
2023-05-10 09:09:14,MA312P2225,MA312P2225,75.0,0.0,0.0,0.0,18,75.5,76.0,15,70.5,75.5,78.0,74.5,139.0,10564.0,38
2023-05-10 09:09:15,MA312P2225,MA312P2225,75.0,0.0,0.0,0.0,21,75.5,76.0,15,70.5,75.5,78.0,74.5,139.0,10564.0,38
2023-05-10 09:09:21,MA312P2225,MA312P2225,75.0,0.0,0.0,0.0,18,75.5,76.0,12,70.5,75.5,78.0,74.5,139.0,10564.0,38
2023-05-10 09:09:23,MA312P2225,MA312P2225,75.0,0.0,0.0,0.0,15,75.5,76.0,9,70.5,75.5,78.0,74.5,139.0,10564.0,38
2023-05-10 09:09:23,MA312P2225,MA312P2225,75.0,0.0,0.0,0.0,12,75.5,76.0,9,70.5,75.5,78.0,74.5,139.0,10564.0,38
2023-05-10 09:09:24,MA312P2225,MA312P2225,75.0,0.0,0.0,0.0,12,75.5,76.0,6,70.5,75.5,78.0,74.5,139.0,10564.0,38
2023-05-10 09:09:26,MA312P2225,MA312P2225,75.0,0.0,0.0,0.0,6,75.5,76.5,6,70.5,75.5,78.0,74.5,139.0,10564.0,38
2023-05-10 09:09:26,MA312P2225,MA312P2225,75.0,0.0,0.0,0.0,3,74.5,80.0,3,70.5,75.5,78.0,74.5,139.0,10564.0,38
2023-05-10 09:09:28,MA312P2225,MA312P2225,75.0,0.0,0.0,0.0,3,74.5,0.0,0,70.5,75.5,78.0,74.5,139.0,10564.0,38
2023-05-10 09:10:50,MA312P2225,MA312P2225,75.0,0.0,0.0,0.0,3,74.5,78.5,3,70.5,75.5,78.0,74.5,139.0,10564.0,38
2023-05-10 09:10:51,MA312P2225,MA312P2225,75.0,0.0,0.0,0.0,6,74.5,78.5,6,70.5,75.5,78.0,74.5,139.0,10564.0,38
2023-05-10 09:10:52,MA312P2225,MA312P2225,75.0,0.0,0.0,0.0,6,74.5,76.0,3,70.5,75.5,78.0,74.5,139.0,10564.0,38
2023-05-10 09:10:55,MA312P2225,MA312P2225,75.0,0.0,0.0,0.0,9,74.5,75.5,3,70.5,75.5,78.0,74.5,139.0,10564.0,38
2023-05-10 09:10:56,MA312P2225,MA312P2225,75.0,0.0,0.0,0.0,12,74.5,75.5,6,70.5,75.5,78.0,74.5,139.0,10564.0,38
2023-05-10 09:10:57,MA312P2225,MA312P2225,75.0,0.0,0.0,0.0,9,74.5,75.0,6,70.5,75.5,78.0,74.5,139.0,10564.0,38
2023-05-10 09:10:57,MA312P2225,MA312P2225,75.0,0.0,0.0,0.0,12,74.5,75.0,9,70.5,75.5,78.0,74.5,139.0,10564.0,38
2023-05-10 09:11:02,MA312P2225,MA312P2225,75.0,0.0,0.0,0.0,15,74.5,75.0,12,70.5,75.5,78.0,74.5,139.0,10564.0,38
2023-05-10 09:11:03,MA312P2225,MA312P2225,75.0,0.0,0.0,0.0,12,74.5,75.0,12,70.5,75.5,78.0,74.5,139.0,10564.0,38
2023-05-10 09:11:05,MA312P2225,MA312P2225,75.0,0.0,0.0,0.0,18,74.5,75.0,15,70.5,75.5,78.0,74.5,139.0,10564.0,38
2023-05-10 09:11:07,MA312P2225,MA312P2225,75.0,0.0,0.0,0.0,21,74.5,75.0,15,70.5,75.5,78.0,74.5,139.0,10564.0,38
2023-05-10 09:11:08,MA312P2225,MA312P2225,75.0,0.0,0.0,0.0,21,74.5,75.0,12,70.5,75.5,78.0,74.5,139.0,10564.0,38
2023-05-10 09:11:09,MA312P2225,MA312P2225,75.0,0.0,0.0,0.0,18,74.5,75.0,9,70.5,75.5,78.0,74.5,139.0,10564.0,38
2023-05-10 09:11:14,MA312P2225,MA312P2225,75.0,0.0,0.0,0.0,15,74.5,75.0,6,70.5,75.5,78.0,74.5,139.0,10564.0,38
2023-05-10 09:11:14,MA312P2225,MA312P2225,75.0,0.0,0.0,0.0,12,74.5,75.0,3,70.5,75.5,78.0,74.5,139.0,10564.0,38
2023-05-10 09:11:14,MA312P2225,MA312P2225,75.0,0.0,0.0,0.0,15,74.5,75.0,6,70.5,75.5,78.0,74.5,139.0,10564.0,38
2023-05-10 09:11:14,MA312P2225,MA312P2225,75.0,0.0,0.0,0.0,12,74.5,75.0,3,70.5,75.5,78.0,74.5,139.0,10564.0,38
2023-05-10 09:11:17,MA312P2225,MA312P2225,75.0,0.0,0.0,0.0,6,74.5,76.0,3,70.5,75.5,78.0,74.5,139.0,10564.0,38
2023-05-10 09:11:17,MA312P2225,MA312P2225,75.0,0.0,0.0,0.0,3,74.5,78.5,3,70.5,75.5,78.0,74.5,139.0,10564.0,38
2023-05-10 09:11:20,MA312P2225,MA312P2225,75.0,0.0,0.0,0.0,3,74.5,0.0,0,70.5,75.5,78.0,74.5,139.0,10564.0,38
2023-05-10 09:13:45,MA312P2225,MA312P2225,75.0,0.0,0.0,0.0,3,74.5,79.0,3,70.5,75.5,78.0,74.5,139.0,10564.0,38
2023-05-10 09:13:46,MA312P2225,MA312P2225,75.0,0.0,0.0,0.0,6,74.5,79.0,6,70.5,75.5,78.0,74.5,139.0,10564.0,38
2023-05-10 09:13:47,MA312P2225,MA312P2225,75.0,0.0,0.0,0.0,6,74.5,76.5,3,70.5,75.5,78.0,74.5,139.0,10564.0,38
2023-05-10 09:13:50,MA312P2225,MA312P2225,75.0,0.0,0.0,0.0,3,75.0,76.5,6,70.5,75.5,78.0,74.5,139.0,10564.0,38
2023-05-10 09:13:51,MA312P2225,MA312P2225,75.0,0.0,0.0,0.0,6,75.0,76.5,9,70.5,75.5,78.0,74.5,139.0,10564.0,38
2023-05-10 09:13:55,MA312P2225,MA312P2225,75.0,0.0,0.0,0.0,9,75.0,76.5,12,70.5,75.5,78.0,74.5,139.0,10564.0,38
2023-05-10 09:13:57,MA312P2225,MA312P2225,75.0,0.0,0.0,0.0,12,75.0,76.5,15,70.5,75.5,78.0,74.5,139.0,10564.0,38
2023-05-10 09:13:59,MA312P2225,MA312P2225,75.0,0.0,0.0,0.0,12,75.0,76.5,12,70.5,75.5,78.0,74.5,139.0,10564.0,38
2023-05-10 09:14:00,MA312P2225,MA312P2225,75.0,0.0,0.0,0.0,9,75.0,75.5,6,70.5,75.5,78.0,74.5,139.0,10564.0,38
2023-05-10 09:14:00,MA312P2225,MA312P2225,75.0,0.0,0.0,0.0,15,75.0,75.5,15,70.5,75.5,78.0,74.5,139.0,10564.0,38
2023-05-10 09:14:01,MA312P2225,MA312P2225,75.0,0.0,0.0,0.0,15,75.0,75.5,18,70.5,75.5,78.0,74.5,139.0,10564.0,38
2023-05-10 09:14:02,MA312P2225,MA312P2225,75.0,0.0,0.0,0.0,18,75.0,75.5,18,70.5,75.5,78.0,74.5,139.0,10564.0,38
2023-05-10 09:14:07,MA312P2225,MA312P2225,75.0,0.0,0.0,0.0,15,75.0,75.5,15,70.5,75.5,78.0,74.5,139.0,10564.0,38
2023-05-10 09:14:09,MA312P2225,MA312P2225,75.0,0.0,0.0,0.0,9,75.0,75.5,12,70.5,75.5,78.0,74.5,139.0,10564.0,38
2023-05-10 09:14:12,MA312P2225,MA312P2225,75.0,0.0,0.0,0.0,6,75.0,75.5,6,70.5,75.5,78.0,74.5,139.0,10564.0,38
2023-05-10 09:14:12,MA312P2225,MA312P2225,75.0,0.0,0.0,0.0,3,74.5,79.0,3,70.5,75.5,78.0,74.5,139.0,10564.0,38
2023-05-10 09:14:15,MA312P2225,MA312P2225,75.0,0.0,0.0,0.0,3,74.5,0.0,0,70.5,75.5,78.0,74.5,139.0,10564.0,38
2023-05-10 09:22:50,MA312P2225,MA312P2225,74.5,3.0,228.0,0.0,19,21.0,0.0,0,70.5,75.5,78.0,74.5,142.0,10792.0,38
2023-05-10 09:22:51,MA312P2225,MA312P2225,74.5,0.0,0.0,0.0,1,29.0,0.0,0,70.5,75.5,78.0,74.5,142.0,10792.0,38
2023-05-10 09:22:51,MA312P2225,MA312P2225,74.5,0.0,0.0,0.0,1,29.5,0.0,0,70.5,75.5,78.0,74.5,142.0,10792.0,38
2023-05-10 09:22:52,MA312P2225,MA312P2225,74.5,0.0,0.0,0.0,1,37.5,0.0,0,70.5,75.5,78.0,74.5,142.0,10792.0,38
2023-05-10 09:22:52,MA312P2225,MA312P2225,74.5,0.0,0.0,0.0,1,38.0,0.0,0,70.5,75.5,78.0,74.5,142.0,10792.0,38
2023-05-10 09:22:53,MA312P2225,MA312P2225,74.5,0.0,0.0,0.0,1,46.0,0.0,0,70.5,75.5,78.0,74.5,142.0,10792.0,38
2023-05-10 09:22:53,MA312P2225,MA312P2225,74.5,0.0,0.0,0.0,1,46.5,0.0,0,70.5,75.5,78.0,74.5,142.0,10792.0,38
2023-05-10 09:22:54,MA312P2225,MA312P2225,74.5,0.0,0.0,0.0,1,54.5,0.0,0,70.5,75.5,78.0,74.5,142.0,10792.0,38
2023-05-10 09:22:55,MA312P2225,MA312P2225,74.5,0.0,0.0,0.0,3,69.5,77.5,3,70.5,75.5,78.0,74.5,142.0,10792.0,38
2023-05-10 09:22:56,MA312P2225,MA312P2225,74.5,0.0,0.0,0.0,6,69.5,77.5,6,70.5,75.5,78.0,74.5,142.0,10792.0,38
2023-05-10 09:22:57,MA312P2225,MA312P2225,74.5,0.0,0.0,0.0,3,71.5,74.5,3,70.5,75.5,78.0,74.5,142.0,10792.0,38
2023-05-10 09:22:59,MA312P2225,MA312P2225,74.5,0.0,0.0,0.0,3,71.5,72.5,1,70.5,75.5,78.0,74.5,142.0,10792.0,38
2023-05-10 09:23:00,MA312P2225,MA312P2225,74.5,0.0,0.0,0.0,6,71.5,72.0,3,70.5,75.5,78.0,74.5,142.0,10792.0,38
2023-05-10 09:23:02,MA312P2225,MA312P2225,72.0,6.0,456.0,0.0,3,71.5,74.5,3,70.5,75.5,78.0,72.0,148.0,11248.0,38
2023-05-10 09:23:02,MA312P2225,MA312P2225,72.0,0.0,0.0,0.0,6,71.5,72.0,3,70.5,75.5,78.0,72.0,148.0,11248.0,38
2023-05-10 09:23:02,MA312P2225,MA312P2225,72.0,0.0,0.0,0.0,9,71.5,72.0,3,70.5,75.5,78.0,72.0,148.0,11248.0,38
2023-05-10 09:23:05,MA312P2225,MA312P2225,72.0,0.0,0.0,0.0,12,71.5,72.0,3,70.5,75.5,78.0,72.0,148.0,11248.0,38
2023-05-10 09:23:07,MA312P2225,MA312P2225,72.0,0.0,0.0,0.0,15,71.5,72.0,3,70.5,75.5,78.0,72.0,148.0,11248.0,38
2023-05-10 09:23:07,MA312P2225,MA312P2225,72.0,0.0,0.0,0.0,18,71.5,72.0,9,70.5,75.5,78.0,72.0,148.0,11248.0,38
2023-05-10 09:23:09,MA312P2225,MA312P2225,72.0,0.0,0.0,0.0,15,71.5,72.0,9,70.5,75.5,78.0,72.0,148.0,11248.0,38
2023-05-10 09:23:09,MA312P2225,MA312P2225,72.0,0.0,0.0,0.0,18,71.5,72.0,9,70.5,75.5,78.0,72.0,148.0,11248.0,38
2023-05-10 09:23:10,MA312P2225,MA312P2225,72.0,0.0,0.0,0.0,21,71.5,72.0,12,70.5,75.5,78.0,72.0,148.0,11248.0,38
2023-05-10 09:23:13,MA312P2225,MA312P2225,72.0,0.0,0.0,0.0,15,71.5,72.0,9,70.5,75.5,78.0,72.0,148.0,11248.0,38
2023-05-10 09:23:16,MA312P2225,MA312P2225,72.5,12.0,832.0,3.0,3,72.0,75.5,3,70.5,75.5,78.0,72.0,160.0,12080.0,41
2023-05-10 09:23:25,MA312P2225,MA312P2225,72.5,0.0,0.0,0.0,3,72.0,0.0,0,70.5,75.5,78.0,72.0,160.0,12080.0,41
2023-05-10 09:24:36,MA312P2225,MA312P2225,72.5,0.0,0.0,0.0,3,72.5,0.0,0,70.5,75.5,78.0,72.0,160.0,12080.0,41
2023-05-10 09:27:15,MA312P2225,MA312P2225,72.5,0.0,0.0,0.0,3,72.5,78.0,3,70.5,75.5,78.0,72.0,160.0,12080.0,41
2023-05-10 09:27:16,MA312P2225,MA312P2225,72.5,0.0,0.0,0.0,6,72.5,78.0,6,70.5,75.5,78.0,72.0,160.0,12080.0,41
2023-05-10 09:27:17,MA312P2225,MA312P2225,72.5,0.0,0.0,0.0,9,72.5,75.5,3,70.5,75.5,78.0,72.0,160.0,12080.0,41
2023-05-10 09:27:19,MA312P2225,MA312P2225,72.5,0.0,0.0,0.0,3,73.0,75.0,3,70.5,75.5,78.0,72.0,160.0,12080.0,41
2023-05-10 09:27:26,MA312P2225,MA312P2225,72.5,0.0,0.0,0.0,6,73.0,75.0,3,70.5,75.5,78.0,72.0,160.0,12080.0,41
2023-05-10 09:27:26,MA312P2225,MA312P2225,72.5,0.0,0.0,0.0,9,73.0,75.0,3,70.5,75.5,78.0,72.0,160.0,12080.0,41
2023-05-10 09:27:27,MA312P2225,MA312P2225,72.5,0.0,0.0,0.0,12,73.0,75.0,9,70.5,75.5,78.0,72.0,160.0,12080.0,41
2023-05-10 09:27:30,MA312P2225,MA312P2225,72.5,0.0,0.0,0.0,6,73.5,74.5,3,70.5,75.5,78.0,72.0,160.0,12080.0,41
2023-05-10 09:27:30,MA312P2225,MA312P2225,72.5,0.0,0.0,0.0,12,73.5,74.0,3,70.5,75.5,78.0,72.0,160.0,12080.0,41
2023-05-10 09:27:32,MA312P2225,MA312P2225,72.5,0.0,0.0,0.0,15,73.5,74.0,3,70.5,75.5,78.0,72.0,160.0,12080.0,41
2023-05-10 09:27:37,MA312P2225,MA312P2225,72.5,0.0,0.0,0.0,12,73.5,74.0,3,70.5,75.5,78.0,72.0,160.0,12080.0,41
2023-05-10 09:27:41,MA312P2225,MA312P2225,72.5,0.0,0.0,0.0,9,73.5,74.0,3,70.5,75.5,78.0,72.0,160.0,12080.0,41
2023-05-10 09:27:42,MA312P2225,MA312P2225,72.5,0.0,0.0,0.0,3,72.5,77.5,3,70.5,75.5,78.0,72.0,160.0,12080.0,41
2023-05-10 09:27:45,MA312P2225,MA312P2225,72.5,0.0,0.0,0.0,3,72.5,0.0,0,70.5,75.5,78.0,72.0,160.0,12080.0,41
2023-05-10 09:31:41,MA312P2225,MA312P2225,72.5,0.0,0.0,0.0,3,72.5,80.0,3,70.5,75.5,78.0,72.0,160.0,12080.0,41
2023-05-10 09:31:42,MA312P2225,MA312P2225,72.5,0.0,0.0,0.0,6,72.5,80.0,6,70.5,75.5,78.0,72.0,160.0,12080.0,41
2023-05-10 09:31:43,MA312P2225,MA312P2225,72.5,0.0,0.0,0.0,3,74.5,77.5,3,70.5,75.5,78.0,72.0,160.0,12080.0,41
2023-05-10 09:31:44,MA312P2225,MA312P2225,72.5,0.0,0.0,0.0,3,75.0,77.5,3,70.5,75.5,78.0,72.0,160.0,12080.0,41
2023-05-10 09:31:46,MA312P2225,MA312P2225,72.5,0.0,0.0,0.0,3,75.5,77.5,6,70.5,75.5,78.0,72.0,160.0,12080.0,41
2023-05-10 09:31:48,MA312P2225,MA312P2225,72.5,0.0,0.0,0.0,3,75.5,77.5,9,70.5,75.5,78.0,72.0,160.0,12080.0,41
2023-05-10 09:31:52,MA312P2225,MA312P2225,72.5,0.0,0.0,0.0,3,75.5,77.5,12,70.5,75.5,78.0,72.0,160.0,12080.0,41
2023-05-10 09:31:54,MA312P2225,MA312P2225,72.5,0.0,0.0,0.0,6,75.5,77.5,15,70.5,75.5,78.0,72.0,160.0,12080.0,41
2023-05-10 09:31:54,MA312P2225,MA312P2225,72.5,0.0,0.0,0.0,9,75.5,77.5,15,70.5,75.5,78.0,72.0,160.0,12080.0,41
2023-05-10 09:31:55,MA312P2225,MA312P2225,72.5,0.0,0.0,0.0,9,75.5,77.5,12,70.5,75.5,78.0,72.0,160.0,12080.0,41
2023-05-10 09:31:56,MA312P2225,MA312P2225,72.5,0.0,0.0,0.0,12,75.5,76.0,3,70.5,75.5,78.0,72.0,160.0,12080.0,41
2023-05-10 09:31:57,MA312P2225,MA312P2225,72.5,0.0,0.0,0.0,15,75.5,76.0,6,70.5,75.5,78.0,72.0,160.0,12080.0,41
2023-05-10 09:31:57,MA312P2225,MA312P2225,72.5,0.0,0.0,0.0,15,75.5,76.0,9,70.5,75.5,78.0,72.0,160.0,12080.0,41
2023-05-10 09:32:04,MA312P2225,MA312P2225,72.5,0.0,0.0,0.0,12,75.5,76.0,6,70.5,75.5,78.0,72.0,160.0,12080.0,41
2023-05-10 09:32:06,MA312P2225,MA312P2225,72.5,0.0,0.0,0.0,9,75.5,76.0,6,70.5,75.5,78.0,72.0,160.0,12080.0,41
2023-05-10 09:32:07,MA312P2225,MA312P2225,72.5,0.0,0.0,0.0,9,75.5,76.0,3,70.5,75.5,78.0,72.0,160.0,12080.0,41
2023-05-10 09:32:08,MA312P2225,MA312P2225,72.5,0.0,0.0,0.0,3,75.5,76.5,3,70.5,75.5,78.0,72.0,160.0,12080.0,41
2023-05-10 09:32:08,MA312P2225,MA312P2225,72.5,0.0,0.0,0.0,3,72.5,80.0,3,70.5,75.5,78.0,72.0,160.0,12080.0,41
2023-05-10 09:32:11,MA312P2225,MA312P2225,72.5,0.0,0.0,0.0,3,72.5,0.0,0,70.5,75.5,78.0,72.0,160.0,12080.0,41
2023-05-10 09:39:51,MA312P2225,MA312P2225,72.5,0.0,0.0,0.0,3,72.5,80.0,3,70.5,75.5,78.0,72.0,160.0,12080.0,41
2023-05-10 09:39:52,MA312P2225,MA312P2225,72.5,0.0,0.0,0.0,6,72.5,80.0,6,70.5,75.5,78.0,72.0,160.0,12080.0,41
2023-05-10 09:39:53,MA312P2225,MA312P2225,72.5,0.0,0.0,0.0,3,74.5,77.5,3,70.5,75.5,78.0,72.0,160.0,12080.0,41
2023-05-10 09:39:56,MA312P2225,MA312P2225,72.5,0.0,0.0,0.0,3,75.0,77.0,3,70.5,75.5,78.0,72.0,160.0,12080.0,41
2023-05-10 09:40:03,MA312P2225,MA312P2225,72.5,0.0,0.0,0.0,9,75.0,77.0,3,70.5,75.5,78.0,72.0,160.0,12080.0,41
2023-05-10 09:40:04,MA312P2225,MA312P2225,72.5,0.0,0.0,0.0,12,75.0,77.0,9,70.5,75.5,78.0,72.0,160.0,12080.0,41
2023-05-10 09:40:06,MA312P2225,MA312P2225,72.5,0.0,0.0,0.0,18,75.0,77.0,12,70.5,75.5,78.0,72.0,160.0,12080.0,41
2023-05-10 09:40:07,MA312P2225,MA312P2225,72.5,0.0,0.0,0.0,18,75.0,76.0,3,70.5,75.5,78.0,72.0,160.0,12080.0,41
2023-05-10 09:40:07,MA312P2225,MA312P2225,72.5,0.0,0.0,0.0,21,75.0,75.5,3,70.5,75.5,78.0,72.0,160.0,12080.0,41
2023-05-10 09:40:08,MA312P2225,MA312P2225,72.5,0.0,0.0,0.0,24,75.0,75.5,9,70.5,75.5,78.0,72.0,160.0,12080.0,41
2023-05-10 09:40:11,MA312P2225,MA312P2225,75.5,9.0,679.5,6.0,3,75.5,76.0,3,70.5,75.5,78.0,72.0,169.0,12759.5,47
2023-05-10 09:40:11,MA312P2225,MA312P2225,75.5,0.0,0.0,0.0,3,75.5,77.0,6,70.5,75.5,78.0,72.0,169.0,12759.5,47
2023-05-10 09:40:16,MA312P2225,MA312P2225,75.5,0.0,0.0,0.0,3,75.5,77.0,3,70.5,75.5,78.0,72.0,169.0,12759.5,47
2023-05-10 09:40:18,MA312P2225,MA312P2225,75.5,0.0,0.0,0.0,3,75.5,79.0,3,70.5,75.5,78.0,72.0,169.0,12759.5,47
2023-05-10 09:40:21,MA312P2225,MA312P2225,75.5,0.0,0.0,0.0,3,75.5,0.0,0,70.5,75.5,78.0,72.0,169.0,12759.5,47
2023-05-10 09:52:30,MA312P2225,MA312P2225,75.5,0.0,0.0,0.0,3,75.5,82.0,3,70.5,75.5,78.0,72.0,169.0,12759.5,47
2023-05-10 09:52:31,MA312P2225,MA312P2225,75.5,0.0,0.0,0.0,6,75.5,82.0,6,70.5,75.5,78.0,72.0,169.0,12759.5,47
2023-05-10 09:52:32,MA312P2225,MA312P2225,75.5,0.0,0.0,0.0,3,76.0,79.0,3,70.5,75.5,78.0,72.0,169.0,12759.5,47
2023-05-10 09:52:35,MA312P2225,MA312P2225,75.5,0.0,0.0,0.0,6,76.0,79.0,3,70.5,75.5,78.0,72.0,169.0,12759.5,47
2023-05-10 09:52:35,MA312P2225,MA312P2225,75.5,0.0,0.0,0.0,3,76.5,78.5,3,70.5,75.5,78.0,72.0,169.0,12759.5,47
2023-05-10 09:52:37,MA312P2225,MA312P2225,75.5,0.0,0.0,0.0,6,76.5,78.5,6,70.5,75.5,78.0,72.0,169.0,12759.5,47
2023-05-10 09:52:40,MA312P2225,MA312P2225,75.5,0.0,0.0,0.0,9,76.5,78.5,9,70.5,75.5,78.0,72.0,169.0,12759.5,47
2023-05-10 09:52:41,MA312P2225,MA312P2225,75.5,0.0,0.0,0.0,12,76.5,78.5,9,70.5,75.5,78.0,72.0,169.0,12759.5,47
2023-05-10 09:52:42,MA312P2225,MA312P2225,75.5,0.0,0.0,0.0,15,76.5,78.5,12,70.5,75.5,78.0,72.0,169.0,12759.5,47
2023-05-10 09:52:45,MA312P2225,MA312P2225,75.5,0.0,0.0,0.0,3,77.0,78.0,3,70.5,75.5,78.0,72.0,169.0,12759.5,47
2023-05-10 09:52:45,MA312P2225,MA312P2225,75.5,0.0,0.0,0.0,9,77.0,77.5,3,70.5,75.5,78.0,72.0,169.0,12759.5,47
2023-05-10 09:52:45,MA312P2225,MA312P2225,75.5,0.0,0.0,0.0,3,77.0,78.0,3,70.5,75.5,78.0,72.0,169.0,12759.5,47
2023-05-10 09:52:45,MA312P2225,MA312P2225,75.5,0.0,0.0,0.0,9,77.0,77.5,3,70.5,75.5,78.0,72.0,169.0,12759.5,47
2023-05-10 09:52:52,MA312P2225,MA312P2225,75.5,0.0,0.0,0.0,6,77.0,77.5,3,70.5,75.5,78.0,72.0,169.0,12759.5,47
2023-05-10 09:52:57,MA312P2225,MA312P2225,75.5,0.0,0.0,0.0,3,75.5,81.5,3,70.5,75.5,78.0,72.0,169.0,12759.5,47
2023-05-10 09:53:00,MA312P2225,MA312P2225,75.5,0.0,0.0,0.0,3,75.5,0.0,0,70.5,75.5,78.0,72.0,169.0,12759.5,47
2023-05-10 09:58:25,MA312P2225,MA312P2225,75.5,0.0,0.0,0.0,3,75.5,82.5,3,70.5,75.5,78.0,72.0,169.0,12759.5,47
2023-05-10 09:58:26,MA312P2225,MA312P2225,75.5,0.0,0.0,0.0,6,75.5,82.5,6,70.5,75.5,78.0,72.0,169.0,12759.5,47
2023-05-10 09:58:27,MA312P2225,MA312P2225,75.5,0.0,0.0,0.0,6,77.0,80.0,3,70.5,75.5,78.0,72.0,169.0,12759.5,47
2023-05-10 09:58:29,MA312P2225,MA312P2225,75.5,0.0,0.0,0.0,3,77.5,79.5,3,70.5,75.5,78.0,72.0,169.0,12759.5,47
2023-05-10 09:58:36,MA312P2225,MA312P2225,75.5,0.0,0.0,0.0,9,77.5,79.5,9,70.5,75.5,78.0,72.0,169.0,12759.5,47
2023-05-10 09:58:39,MA312P2225,MA312P2225,75.5,0.0,0.0,0.0,12,77.5,78.5,3,70.5,75.5,78.0,72.0,169.0,12759.5,47
2023-05-10 09:58:40,MA312P2225,MA312P2225,75.5,0.0,0.0,0.0,18,77.5,78.0,3,70.5,75.5,78.0,72.0,169.0,12759.5,47
2023-05-10 09:58:42,MA312P2225,MA312P2225,75.5,0.0,0.0,0.0,21,77.5,78.0,6,70.5,75.5,78.0,72.0,169.0,12759.5,47
2023-05-10 09:58:42,MA312P2225,MA312P2225,75.5,0.0,0.0,0.0,21,77.5,78.0,9,70.5,75.5,78.0,72.0,169.0,12759.5,47
2023-05-10 09:58:42,MA312P2225,MA312P2225,75.5,0.0,0.0,0.0,21,77.5,78.0,6,70.5,75.5,78.0,72.0,169.0,12759.5,47
2023-05-10 09:58:42,MA312P2225,MA312P2225,75.5,0.0,0.0,0.0,21,77.5,78.0,9,70.5,75.5,78.0,72.0,169.0,12759.5,47
2023-05-10 09:58:47,MA312P2225,MA312P2225,75.5,0.0,0.0,0.0,18,77.5,78.0,6,70.5,75.5,78.0,72.0,169.0,12759.5,47
2023-05-10 09:58:48,MA312P2225,MA312P2225,75.5,0.0,0.0,0.0,15,77.5,78.0,6,70.5,75.5,78.0,72.0,169.0,12759.5,47
2023-05-10 09:58:51,MA312P2225,MA312P2225,75.5,0.0,0.0,0.0,12,77.5,78.0,6,70.5,75.5,78.0,72.0,169.0,12759.5,47
2023-05-10 09:58:51,MA312P2225,MA312P2225,75.5,0.0,0.0,0.0,9,77.5,78.0,3,70.5,75.5,78.0,72.0,169.0,12759.5,47
2023-05-10 09:58:52,MA312P2225,MA312P2225,75.5,0.0,0.0,0.0,3,77.5,78.0,3,70.5,75.5,78.0,72.0,169.0,12759.5,47
2023-05-10 09:58:52,MA312P2225,MA312P2225,75.5,0.0,0.0,0.0,3,75.5,82.0,3,70.5,75.5,78.0,72.0,169.0,12759.5,47
2023-05-10 09:58:52,MA312P2225,MA312P2225,75.5,0.0,0.0,0.0,3,77.5,78.0,3,70.5,75.5,78.0,72.0,169.0,12759.5,47
2023-05-10 09:58:52,MA312P2225,MA312P2225,75.5,0.0,0.0,0.0,3,75.5,82.0,3,70.5,75.5,78.0,72.0,169.0,12759.5,47
2023-05-10 09:58:54,MA312P2225,MA312P2225,75.5,0.0,0.0,0.0,3,75.5,0.0,0,70.5,75.5,78.0,72.0,169.0,12759.5,47
2023-05-10 10:14:53,MA312P2225,MA312P2225,75.5,0.0,0.0,0.0,19,21.0,0.0,0,70.5,75.5,78.0,72.0,169.0,12759.5,47
2023-05-10 10:14:53,MA312P2225,MA312P2225,75.5,0.0,0.0,0.0,6,22.0,0.0,0,70.5,75.5,78.0,72.0,169.0,12759.5,47
2023-05-10 10:14:53,MA312P2225,MA312P2225,75.5,0.0,0.0,0.0,19,21.0,0.0,0,70.5,75.5,78.0,72.0,169.0,12759.5,47
2023-05-10 10:14:53,MA312P2225,MA312P2225,75.5,0.0,0.0,0.0,6,22.0,0.0,0,70.5,75.5,78.0,72.0,169.0,12759.5,47
2023-05-10 10:14:58,MA312P2225,MA312P2225,75.5,0.0,0.0,0.0,3,77.5,80.5,3,70.5,75.5,78.0,72.0,169.0,12759.5,47
2023-05-10 10:30:10,MA312P2225,MA312P2225,75.5,0.0,0.0,0.0,3,77.5,80.5,6,70.5,75.5,78.0,72.0,169.0,12759.5,47
2023-05-10 10:30:22,MA312P2225,MA312P2225,75.5,0.0,0.0,0.0,3,77.5,80.5,3,70.5,75.5,78.0,72.0,169.0,12759.5,47
2023-05-10 10:38:35,MA312P2225,MA312P2225,80.5,3.0,226.5,0.0,3,77.5,0.0,0,70.5,75.5,80.5,72.0,172.0,12986.0,47
2023-05-10 10:45:55,MA312P2225,MA312P2225,80.5,0.0,0.0,0.0,3,77.5,84.0,3,70.5,75.5,80.5,72.0,172.0,12986.0,47
2023-05-10 10:45:56,MA312P2225,MA312P2225,80.5,0.0,0.0,0.0,6,77.5,84.0,6,70.5,75.5,80.5,72.0,172.0,12986.0,47
2023-05-10 10:45:57,MA312P2225,MA312P2225,80.5,0.0,0.0,0.0,3,77.5,80.0,3,70.5,75.5,80.5,72.0,172.0,12986.0,47
2023-05-10 10:46:00,MA312P2225,MA312P2225,80.5,0.0,0.0,0.0,3,77.5,78.5,1,70.5,75.5,80.5,72.0,172.0,12986.0,47
2023-05-10 10:46:00,MA312P2225,MA312P2225,78.5,1.0,75.5,1.0,3,77.5,80.0,3,70.5,75.5,80.5,72.0,173.0,13061.5,48
2023-05-10 10:46:01,MA312P2225,MA312P2225,78.5,0.0,0.0,0.0,6,77.5,80.0,6,70.5,75.5,80.5,72.0,173.0,13061.5,48
2023-05-10 10:46:02,MA312P2225,MA312P2225,78.5,0.0,0.0,0.0,9,77.5,80.0,9,70.5,75.5,80.5,72.0,173.0,13061.5,48
2023-05-10 10:46:05,MA312P2225,MA312P2225,78.5,0.0,0.0,0.0,12,77.5,80.0,12,70.5,75.5,80.5,72.0,173.0,13061.5,48
2023-05-10 10:46:06,MA312P2225,MA312P2225,78.5,0.0,0.0,0.0,12,77.5,79.0,1,70.5,75.5,80.5,72.0,173.0,13061.5,48
2023-05-10 10:46:06,MA312P2225,MA312P2225,79.0,1.0,75.5,0.0,3,78.0,79.0,3,70.5,75.5,80.5,72.0,174.0,13137.0,48
2023-05-10 10:46:07,MA312P2225,MA312P2225,79.0,3.0,226.5,3.0,3,78.0,80.0,6,70.5,75.5,80.5,72.0,177.0,13363.5,51
2023-05-10 10:46:07,MA312P2225,MA312P2225,80.0,6.0,544.5,3.0,6,78.0,80.0,3,70.5,75.5,80.5,72.0,183.0,13908.0,54
2023-05-10 10:46:10,MA312P2225,MA312P2225,80.0,0.0,0.0,0.0,9,78.0,80.0,6,70.5,75.5,80.5,72.0,183.0,13908.0,54
2023-05-10 10:46:10,MA312P2225,MA312P2225,80.0,0.0,0.0,0.0,3,79.0,80.0,9,70.5,75.5,80.5,72.0,183.0,13908.0,54
2023-05-10 10:46:11,MA312P2225,MA312P2225,80.0,0.0,0.0,0.0,3,79.0,79.5,1,70.5,75.5,80.5,72.0,183.0,13908.0,54
2023-05-10 10:46:14,MA312P2225,MA312P2225,80.0,0.0,0.0,0.0,3,79.0,80.0,6,70.5,75.5,80.5,72.0,183.0,13908.0,54
2023-05-10 10:46:21,MA312P2225,MA312P2225,80.0,0.0,0.0,0.0,3,79.0,80.0,3,70.5,75.5,80.5,72.0,183.0,13908.0,54
2023-05-10 10:46:22,MA312P2225,MA312P2225,80.0,0.0,0.0,0.0,3,75.0,83.5,3,70.5,75.5,80.5,72.0,183.0,13908.0,54
2023-05-10 10:46:25,MA312P2225,MA312P2225,80.0,0.0,0.0,0.0,19,21.0,0.0,0,70.5,75.5,80.5,72.0,183.0,13908.0,54
2023-05-10 10:46:25,MA312P2225,MA312P2225,80.0,0.0,0.0,0.0,1,29.0,0.0,0,70.5,75.5,80.5,72.0,183.0,13908.0,54
2023-05-10 10:46:26,MA312P2225,MA312P2225,80.0,0.0,0.0,0.0,6,30.0,0.0,0,70.5,75.5,80.5,72.0,183.0,13908.0,54
2023-05-10 10:46:26,MA312P2225,MA312P2225,80.0,0.0,0.0,0.0,1,38.0,0.0,0,70.5,75.5,80.5,72.0,183.0,13908.0,54
2023-05-10 10:47:10,MA312P2225,MA312P2225,80.0,0.0,0.0,0.0,3,76.0,85.0,3,70.5,75.5,80.5,72.0,183.0,13908.0,54
2023-05-10 10:47:11,MA312P2225,MA312P2225,80.0,0.0,0.0,0.0,6,76.0,85.0,6,70.5,75.5,80.5,72.0,183.0,13908.0,54
2023-05-10 10:47:12,MA312P2225,MA312P2225,80.0,0.0,0.0,0.0,3,78.0,81.0,3,70.5,75.5,80.5,72.0,183.0,13908.0,54
2023-05-10 10:47:14,MA312P2225,MA312P2225,80.0,0.0,0.0,0.0,3,78.0,79.5,1,70.5,75.5,80.5,72.0,183.0,13908.0,54
2023-05-10 10:47:15,MA312P2225,MA312P2225,80.0,0.0,0.0,0.0,3,78.5,79.5,1,70.5,75.5,80.5,72.0,183.0,13908.0,54
2023-05-10 10:47:23,MA312P2225,MA312P2225,80.0,0.0,0.0,0.0,3,78.5,79.0,1,70.5,75.5,80.5,72.0,183.0,13908.0,54
2023-05-10 10:47:24,MA312P2225,MA312P2225,80.0,0.0,0.0,0.0,9,78.5,79.0,4,70.5,75.5,80.5,72.0,183.0,13908.0,54
2023-05-10 10:47:26,MA312P2225,MA312P2225,80.0,0.0,0.0,0.0,12,78.5,79.0,4,70.5,75.5,80.5,72.0,183.0,13908.0,54
2023-05-10 10:47:26,MA312P2225,MA312P2225,79.5,7.0,532.0,2.0,6,78.5,79.5,9,70.5,75.5,80.5,72.0,190.0,14440.0,56
2023-05-10 10:47:26,MA312P2225,MA312P2225,79.5,0.0,0.0,0.0,3,78.5,79.5,6,70.5,75.5,80.5,72.0,190.0,14440.0,56
2023-05-10 10:47:27,MA312P2225,MA312P2225,79.5,0.0,0.0,0.0,6,79.0,79.5,6,70.5,75.5,80.5,72.0,190.0,14440.0,56
2023-05-10 10:47:30,MA312P2225,MA312P2225,79.5,4.0,304.0,-1.0,6,79.0,79.5,2,70.5,75.5,80.5,72.0,194.0,14744.0,55
2023-05-10 10:47:33,MA312P2225,MA312P2225,79.5,2.0,152.0,0.0,6,79.0,80.0,6,70.5,75.5,80.5,72.0,196.0,14896.0,55
2023-05-10 10:47:38,MA312P2225,MA312P2225,79.5,0.0,0.0,0.0,3,79.0,80.0,3,70.5,75.5,80.5,72.0,196.0,14896.0,55
2023-05-10 10:47:38,MA312P2225,MA312P2225,79.5,0.0,0.0,0.0,3,78.5,83.5,3,70.5,75.5,80.5,72.0,196.0,14896.0,55
2023-05-10 10:47:38,MA312P2225,MA312P2225,79.5,0.0,0.0,0.0,3,79.0,80.0,3,70.5,75.5,80.5,72.0,196.0,14896.0,55
2023-05-10 10:47:38,MA312P2225,MA312P2225,79.5,0.0,0.0,0.0,3,78.5,83.5,3,70.5,75.5,80.5,72.0,196.0,14896.0,55
2023-05-10 10:47:40,MA312P2225,MA312P2225,79.5,0.0,0.0,0.0,3,78.5,0.0,0,70.5,75.5,80.5,72.0,196.0,14896.0,55
2023-05-10 10:47:45,MA312P2225,MA312P2225,79.5,0.0,0.0,0.0,19,21.0,0.0,0,70.5,75.5,80.5,72.0,196.0,14896.0,55
2023-05-10 10:47:45,MA312P2225,MA312P2225,79.5,0.0,0.0,0.0,1,29.0,0.0,0,70.5,75.5,80.5,72.0,196.0,14896.0,55
2023-05-10 10:47:46,MA312P2225,MA312P2225,79.5,0.0,0.0,0.0,6,30.0,0.0,0,70.5,75.5,80.5,72.0,196.0,14896.0,55
2023-05-10 10:47:46,MA312P2225,MA312P2225,79.5,0.0,0.0,0.0,1,38.0,0.0,0,70.5,75.5,80.5,72.0,196.0,14896.0,55
2023-05-10 10:48:12,MA312P2225,MA312P2225,79.5,0.0,0.0,0.0,1,38.5,0.0,0,70.5,75.5,80.5,72.0,196.0,14896.0,55
2023-05-10 10:48:14,MA312P2225,MA312P2225,79.5,0.0,0.0,0.0,1,46.5,0.0,0,70.5,75.5,80.5,72.0,196.0,14896.0,55
2023-05-10 10:48:25,MA312P2225,MA312P2225,79.5,0.0,0.0,0.0,3,76.0,85.0,3,70.5,75.5,80.5,72.0,196.0,14896.0,55
2023-05-10 10:48:26,MA312P2225,MA312P2225,79.5,0.0,0.0,0.0,6,76.0,85.0,6,70.5,75.5,80.5,72.0,196.0,14896.0,55
2023-05-10 10:48:27,MA312P2225,MA312P2225,79.5,0.0,0.0,0.0,3,78.0,81.0,3,70.5,75.5,80.5,72.0,196.0,14896.0,55
2023-05-10 10:48:30,MA312P2225,MA312P2225,79.5,0.0,0.0,0.0,1,80.5,81.0,3,70.5,75.5,80.5,72.0,196.0,14896.0,55
2023-05-10 10:48:38,MA312P2225,MA312P2225,79.5,0.0,0.0,0.0,4,80.5,81.0,9,70.5,75.5,80.5,72.0,196.0,14896.0,55
2023-05-10 10:48:39,MA312P2225,MA312P2225,80.5,2.0,152.0,0.0,1,80.5,81.0,9,70.5,75.5,80.5,72.0,198.0,15048.0,55
2023-05-10 10:48:39,MA312P2225,MA312P2225,80.5,0.0,0.0,0.0,1,80.5,81.0,6,70.5,75.5,80.5,72.0,198.0,15048.0,55
2023-05-10 10:48:39,MA312P2225,MA312P2225,80.5,0.0,0.0,0.0,1,80.5,81.0,3,70.5,75.5,80.5,72.0,198.0,15048.0,55
2023-05-10 10:48:40,MA312P2225,MA312P2225,80.5,0.0,0.0,0.0,4,80.5,81.0,9,70.5,75.5,80.5,72.0,198.0,15048.0,55
2023-05-10 10:48:40,MA312P2225,MA312P2225,80.5,0.0,0.0,0.0,4,80.5,81.0,12,70.5,75.5,80.5,72.0,198.0,15048.0,55
2023-05-10 10:48:42,MA312P2225,MA312P2225,80.5,0.0,0.0,0.0,4,80.5,81.0,15,70.5,75.5,80.5,72.0,198.0,15048.0,55
2023-05-10 10:48:48,MA312P2225,MA312P2225,80.5,0.0,0.0,0.0,4,80.5,81.0,12,70.5,75.5,80.5,72.0,198.0,15048.0,55
2023-05-10 10:48:50,MA312P2225,MA312P2225,80.5,0.0,0.0,0.0,3,80.5,81.0,9,70.5,75.5,80.5,72.0,198.0,15048.0,55
2023-05-10 10:48:51,MA312P2225,MA312P2225,80.5,0.0,0.0,0.0,9,80.0,81.0,6,70.5,75.5,80.5,72.0,198.0,15048.0,55
2023-05-10 10:48:52,MA312P2225,MA312P2225,80.5,0.0,0.0,0.0,3,80.0,81.0,3,70.5,75.5,80.5,72.0,198.0,15048.0,55
2023-05-10 10:48:53,MA312P2225,MA312P2225,80.5,0.0,0.0,0.0,3,76.5,85.0,3,70.5,75.5,80.5,72.0,198.0,15048.0,55
2023-05-10 10:48:55,MA312P2225,MA312P2225,80.5,0.0,0.0,0.0,1,38.5,0.0,0,70.5,75.5,80.5,72.0,198.0,15048.0,55
2023-05-10 10:48:56,MA312P2225,MA312P2225,80.5,0.0,0.0,0.0,1,46.5,0.0,0,70.5,75.5,80.5,72.0,198.0,15048.0,55
2023-05-10 10:57:01,MA312P2225,MA312P2225,80.5,0.0,0.0,0.0,3,76.5,85.5,3,70.5,75.5,80.5,72.0,198.0,15048.0,55
2023-05-10 10:57:02,MA312P2225,MA312P2225,80.5,0.0,0.0,0.0,6,76.5,85.5,6,70.5,75.5,80.5,72.0,198.0,15048.0,55
2023-05-10 10:57:03,MA312P2225,MA312P2225,80.5,0.0,0.0,0.0,3,79.0,82.0,3,70.5,75.5,80.5,72.0,198.0,15048.0,55
2023-05-10 10:57:05,MA312P2225,MA312P2225,79.0,2.0,152.0,-2.0,1,79.0,82.0,3,70.5,75.5,80.5,72.0,200.0,15200.0,53
2023-05-10 10:57:12,MA312P2225,MA312P2225,79.0,0.0,0.0,0.0,3,80.0,82.0,6,70.5,75.5,80.5,72.0,200.0,15200.0,53
2023-05-10 10:57:13,MA312P2225,MA312P2225,79.0,0.0,0.0,0.0,9,80.0,82.0,12,70.5,75.5,80.5,72.0,200.0,15200.0,53
2023-05-10 10:57:15,MA312P2225,MA312P2225,79.0,0.0,0.0,0.0,9,80.0,82.0,9,70.5,75.5,80.5,72.0,200.0,15200.0,53
2023-05-10 10:57:16,MA312P2225,MA312P2225,79.0,0.0,0.0,0.0,15,80.0,81.0,3,70.5,75.5,80.5,72.0,200.0,15200.0,53
2023-05-10 10:57:23,MA312P2225,MA312P2225,79.0,0.0,0.0,0.0,9,80.0,81.0,3,70.5,75.5,80.5,72.0,200.0,15200.0,53
2023-05-10 10:57:25,MA312P2225,MA312P2225,79.0,0.0,0.0,0.0,6,80.0,81.0,3,70.5,75.5,80.5,72.0,200.0,15200.0,53
2023-05-10 10:57:27,MA312P2225,MA312P2225,79.0,0.0,0.0,0.0,6,79.5,81.5,3,70.5,75.5,80.5,72.0,200.0,15200.0,53
2023-05-10 10:57:28,MA312P2225,MA312P2225,79.0,0.0,0.0,0.0,3,76.0,85.0,3,70.5,75.5,80.5,72.0,200.0,15200.0,53
2023-05-10 10:57:31,MA312P2225,MA312P2225,79.0,0.0,0.0,0.0,1,38.5,0.0,0,70.5,75.5,80.5,72.0,200.0,15200.0,53
2023-05-10 10:57:31,MA312P2225,MA312P2225,79.0,0.0,0.0,0.0,1,46.5,0.0,0,70.5,75.5,80.5,72.0,200.0,15200.0,53
2023-05-10 10:57:36,MA312P2225,MA312P2225,79.0,0.0,0.0,0.0,1,47.0,0.0,0,70.5,75.5,80.5,72.0,200.0,15200.0,53
2023-05-10 10:57:37,MA312P2225,MA312P2225,79.0,0.0,0.0,0.0,1,55.0,0.0,0,70.5,75.5,80.5,72.0,200.0,15200.0,53
2023-05-10 11:19:25,MA312P2225,MA312P2225,79.0,0.0,0.0,0.0,3,76.0,85.0,3,70.5,75.5,80.5,72.0,200.0,15200.0,53
2023-05-10 11:19:27,MA312P2225,MA312P2225,79.0,0.0,0.0,0.0,6,76.0,85.0,6,70.5,75.5,80.5,72.0,200.0,15200.0,53
2023-05-10 11:19:28,MA312P2225,MA312P2225,79.0,0.0,0.0,0.0,3,78.5,81.5,3,70.5,75.5,80.5,72.0,200.0,15200.0,53
2023-05-10 11:19:32,MA312P2225,MA312P2225,79.0,0.0,0.0,0.0,3,79.0,81.5,6,70.5,75.5,80.5,72.0,200.0,15200.0,53
2023-05-10 11:19:36,MA312P2225,MA312P2225,79.0,0.0,0.0,0.0,3,79.0,81.5,9,70.5,75.5,80.5,72.0,200.0,15200.0,53
2023-05-10 11:19:37,MA312P2225,MA312P2225,79.0,0.0,0.0,0.0,3,79.5,81.5,9,70.5,75.5,80.5,72.0,200.0,15200.0,53
2023-05-10 11:19:38,MA312P2225,MA312P2225,79.0,0.0,0.0,0.0,3,79.5,81.5,12,70.5,75.5,80.5,72.0,200.0,15200.0,53
2023-05-10 11:19:40,MA312P2225,MA312P2225,79.0,0.0,0.0,0.0,3,79.5,81.5,9,70.5,75.5,80.5,72.0,200.0,15200.0,53
2023-05-10 11:19:41,MA312P2225,MA312P2225,79.0,0.0,0.0,0.0,9,79.5,80.5,3,70.5,75.5,80.5,72.0,200.0,15200.0,53
2023-05-10 11:19:42,MA312P2225,MA312P2225,79.0,0.0,0.0,0.0,12,79.5,80.5,9,70.5,75.5,80.5,72.0,200.0,15200.0,53
2023-05-10 11:19:48,MA312P2225,MA312P2225,79.0,0.0,0.0,0.0,9,79.5,80.5,6,70.5,75.5,80.5,72.0,200.0,15200.0,53
2023-05-10 11:19:48,MA312P2225,MA312P2225,79.0,0.0,0.0,0.0,6,79.5,80.5,6,70.5,75.5,80.5,72.0,200.0,15200.0,53
2023-05-10 11:19:53,MA312P2225,MA312P2225,79.0,0.0,0.0,0.0,3,79.5,80.5,3,70.5,75.5,80.5,72.0,200.0,15200.0,53
2023-05-10 11:19:54,MA312P2225,MA312P2225,79.0,0.0,0.0,0.0,3,75.5,84.5,3,70.5,75.5,80.5,72.0,200.0,15200.0,53
2023-05-10 11:19:55,MA312P2225,MA312P2225,79.0,0.0,0.0,0.0,1,47.0,0.0,0,70.5,75.5,80.5,72.0,200.0,15200.0,53
2023-05-10 11:19:56,MA312P2225,MA312P2225,79.0,0.0,0.0,0.0,1,55.0,0.0,0,70.5,75.5,80.5,72.0,200.0,15200.0,53
2023-05-10 11:27:06,MA312P2225,MA312P2225,79.0,0.0,0.0,0.0,1,47.0,0.0,0,70.5,75.5,80.5,72.0,200.0,15200.0,53
2023-05-10 11:28:18,MA312P2225,MA312P2225,79.0,0.0,0.0,0.0,19,21.0,0.0,0,70.5,75.5,80.5,72.0,200.0,15200.0,53
2023-05-10 11:28:18,MA312P2225,MA312P2225,79.0,0.0,0.0,0.0,6,22.0,0.0,0,70.5,75.5,80.5,72.0,200.0,15200.0,53
2023-05-10 11:29:54,MA312P2225,MA312P2225,79.0,0.0,0.0,0.0,19,21.0,0.0,0,70.5,75.5,80.5,72.0,200.0,15200.0,53
2023-05-10 13:30:11,MA312P2225,MA312P2225,79.0,0.0,0.0,0.0,1,21.5,0.0,0,70.5,75.5,80.5,72.0,200.0,15200.0,53
2023-05-10 13:30:13,MA312P2225,MA312P2225,79.0,0.0,0.0,0.0,6,22.5,0.0,0,70.5,75.5,80.5,72.0,200.0,15200.0,53
2023-05-10 13:31:35,MA312P2225,MA312P2225,79.0,0.0,0.0,0.0,1,30.5,0.0,0,70.5,75.5,80.5,72.0,200.0,15200.0,53
2023-05-10 13:40:44,MA312P2225,MA312P2225,79.0,0.0,0.0,0.0,3,78.0,87.0,3,70.5,75.5,80.5,72.0,200.0,15200.0,53
2023-05-10 13:40:45,MA312P2225,MA312P2225,79.0,0.0,0.0,0.0,6,78.0,87.0,6,70.5,75.5,80.5,72.0,200.0,15200.0,53
2023-05-10 13:40:46,MA312P2225,MA312P2225,79.0,0.0,0.0,0.0,3,79.5,82.5,3,70.5,75.5,80.5,72.0,200.0,15200.0,53
2023-05-10 13:40:50,MA312P2225,MA312P2225,79.0,0.0,0.0,0.0,6,79.5,82.5,6,70.5,75.5,80.5,72.0,200.0,15200.0,53
2023-05-10 13:40:51,MA312P2225,MA312P2225,79.0,0.0,0.0,0.0,9,79.5,82.5,6,70.5,75.5,80.5,72.0,200.0,15200.0,53
2023-05-10 13:40:52,MA312P2225,MA312P2225,79.0,0.0,0.0,0.0,12,79.5,82.5,6,70.5,75.5,80.5,72.0,200.0,15200.0,53
2023-05-10 13:40:54,MA312P2225,MA312P2225,79.0,0.0,0.0,0.0,15,79.5,82.5,9,70.5,75.5,80.5,72.0,200.0,15200.0,53
2023-05-10 13:40:56,MA312P2225,MA312P2225,79.0,0.0,0.0,0.0,3,80.5,82.5,9,70.5,75.5,80.5,72.0,200.0,15200.0,53
2023-05-10 13:40:56,MA312P2225,MA312P2225,79.0,0.0,0.0,0.0,12,80.5,82.5,12,70.5,75.5,80.5,72.0,200.0,15200.0,53
2023-05-10 13:40:58,MA312P2225,MA312P2225,79.0,0.0,0.0,0.0,12,80.5,82.5,9,70.5,75.5,80.5,72.0,200.0,15200.0,53
2023-05-10 13:40:59,MA312P2225,MA312P2225,79.0,0.0,0.0,0.0,6,81.0,82.0,6,70.5,75.5,80.5,72.0,200.0,15200.0,53
2023-05-10 13:40:59,MA312P2225,MA312P2225,79.0,0.0,0.0,0.0,12,81.0,82.0,12,70.5,75.5,80.5,72.0,200.0,15200.0,53
2023-05-10 13:41:01,MA312P2225,MA312P2225,79.0,0.0,0.0,0.0,15,81.0,82.0,15,70.5,75.5,80.5,72.0,200.0,15200.0,53
2023-05-10 13:41:06,MA312P2225,MA312P2225,79.0,0.0,0.0,0.0,12,81.0,82.0,12,70.5,75.5,80.5,72.0,200.0,15200.0,53
2023-05-10 13:41:08,MA312P2225,MA312P2225,79.0,0.0,0.0,0.0,9,81.0,82.0,9,70.5,75.5,80.5,72.0,200.0,15200.0,53
2023-05-10 13:41:11,MA312P2225,MA312P2225,79.0,0.0,0.0,0.0,6,81.0,82.0,6,70.5,75.5,80.5,72.0,200.0,15200.0,53
2023-05-10 13:41:11,MA312P2225,MA312P2225,79.0,0.0,0.0,0.0,3,81.0,82.0,3,70.5,75.5,80.5,72.0,200.0,15200.0,53
2023-05-10 13:41:12,MA312P2225,MA312P2225,79.0,0.0,0.0,0.0,3,77.0,86.0,3,70.5,75.5,80.5,72.0,200.0,15200.0,53
2023-05-10 13:41:14,MA312P2225,MA312P2225,79.0,0.0,0.0,0.0,1,21.5,0.0,0,70.5,75.5,80.5,72.0,200.0,15200.0,53
2023-05-10 13:41:15,MA312P2225,MA312P2225,79.0,0.0,0.0,0.0,1,29.5,0.0,0,70.5,75.5,80.5,72.0,200.0,15200.0,53
2023-05-10 13:41:16,MA312P2225,MA312P2225,79.0,0.0,0.0,0.0,6,30.5,0.0,0,70.5,75.5,80.5,72.0,200.0,15200.0,53
2023-05-10 13:41:16,MA312P2225,MA312P2225,79.0,0.0,0.0,0.0,1,38.5,0.0,0,70.5,75.5,80.5,72.0,200.0,15200.0,53
2023-05-10 13:48:45,MA312P2225,MA312P2225,79.0,0.0,0.0,0.0,3,76.5,85.5,3,70.5,75.5,80.5,72.0,200.0,15200.0,53
2023-05-10 13:48:46,MA312P2225,MA312P2225,79.0,0.0,0.0,0.0,6,76.5,85.5,6,70.5,75.5,80.5,72.0,200.0,15200.0,53
2023-05-10 13:48:47,MA312P2225,MA312P2225,79.0,0.0,0.0,0.0,3,78.0,81.0,3,70.5,75.5,80.5,72.0,200.0,15200.0,53
2023-05-10 13:48:51,MA312P2225,MA312P2225,79.0,0.0,0.0,0.0,6,78.0,81.0,6,70.5,75.5,80.5,72.0,200.0,15200.0,53
2023-05-10 13:48:52,MA312P2225,MA312P2225,79.0,0.0,0.0,0.0,9,78.0,81.0,6,70.5,75.5,80.5,72.0,200.0,15200.0,53
2023-05-10 13:48:55,MA312P2225,MA312P2225,79.0,0.0,0.0,0.0,12,78.0,81.0,9,70.5,75.5,80.5,72.0,200.0,15200.0,53
2023-05-10 13:48:57,MA312P2225,MA312P2225,79.0,0.0,0.0,0.0,6,79.5,81.0,9,70.5,75.5,80.5,72.0,200.0,15200.0,53
2023-05-10 13:48:57,MA312P2225,MA312P2225,79.0,0.0,0.0,0.0,12,79.5,81.0,12,70.5,75.5,80.5,72.0,200.0,15200.0,53
2023-05-10 13:48:59,MA312P2225,MA312P2225,79.0,0.0,0.0,0.0,12,79.5,81.0,9,70.5,75.5,80.5,72.0,200.0,15200.0,53
2023-05-10 13:49:00,MA312P2225,MA312P2225,79.0,0.0,0.0,0.0,18,79.5,80.5,6,70.5,75.5,80.5,72.0,200.0,15200.0,53
2023-05-10 13:49:00,MA312P2225,MA312P2225,79.0,0.0,0.0,0.0,18,79.5,80.5,9,70.5,75.5,80.5,72.0,200.0,15200.0,53
2023-05-10 13:49:02,MA312P2225,MA312P2225,79.0,0.0,0.0,0.0,21,79.5,80.5,9,70.5,75.5,80.5,72.0,200.0,15200.0,53
2023-05-10 13:49:03,MA312P2225,MA312P2225,79.0,0.0,0.0,0.0,21,79.5,80.0,4,70.5,75.5,80.5,72.0,200.0,15200.0,53
2023-05-10 13:49:05,MA312P2225,MA312P2225,79.0,0.0,0.0,0.0,21,79.5,80.0,3,70.5,75.5,80.5,72.0,200.0,15200.0,53
2023-05-10 13:49:07,MA312P2225,MA312P2225,80.0,3.0,228.0,3.0,18,79.5,80.5,6,70.5,75.5,80.5,72.0,203.0,15428.0,56
2023-05-10 13:49:07,MA312P2225,MA312P2225,80.0,0.0,0.0,0.0,15,79.5,80.5,3,70.5,75.5,80.5,72.0,203.0,15428.0,56
2023-05-10 13:49:08,MA312P2225,MA312P2225,80.0,0.0,0.0,0.0,12,79.5,80.5,3,70.5,75.5,80.5,72.0,203.0,15428.0,56
2023-05-10 13:49:09,MA312P2225,MA312P2225,80.0,0.0,0.0,0.0,9,79.5,80.5,3,70.5,75.5,80.5,72.0,203.0,15428.0,56
2023-05-10 13:49:11,MA312P2225,MA312P2225,80.0,0.0,0.0,0.0,6,79.5,80.5,3,70.5,75.5,80.5,72.0,203.0,15428.0,56
2023-05-10 13:49:12,MA312P2225,MA312P2225,80.0,0.0,0.0,0.0,3,79.5,81.0,6,70.5,75.5,80.5,72.0,203.0,15428.0,56
2023-05-10 13:49:12,MA312P2225,MA312P2225,80.0,0.0,0.0,0.0,3,79.5,81.0,3,70.5,75.5,80.5,72.0,203.0,15428.0,56
2023-05-10 13:49:13,MA312P2225,MA312P2225,80.0,0.0,0.0,0.0,3,75.5,84.5,3,70.5,75.5,80.5,72.0,203.0,15428.0,56
2023-05-10 13:49:15,MA312P2225,MA312P2225,80.0,0.0,0.0,0.0,1,21.5,0.0,0,70.5,75.5,80.5,72.0,203.0,15428.0,56
2023-05-10 13:49:16,MA312P2225,MA312P2225,80.0,0.0,0.0,0.0,1,29.5,0.0,0,70.5,75.5,80.5,72.0,203.0,15428.0,56
2023-05-10 13:49:16,MA312P2225,MA312P2225,80.0,0.0,0.0,0.0,6,30.5,0.0,0,70.5,75.5,80.5,72.0,203.0,15428.0,56
2023-05-10 13:49:17,MA312P2225,MA312P2225,80.0,0.0,0.0,0.0,1,38.5,0.0,0,70.5,75.5,80.5,72.0,203.0,15428.0,56
2023-05-10 13:49:17,MA312P2225,MA312P2225,80.0,0.0,0.0,0.0,1,39.0,0.0,0,70.5,75.5,80.5,72.0,203.0,15428.0,56
2023-05-10 13:49:18,MA312P2225,MA312P2225,80.0,0.0,0.0,0.0,1,47.0,0.0,0,70.5,75.5,80.5,72.0,203.0,15428.0,56
2023-05-10 13:49:36,MA312P2225,MA312P2225,80.0,0.0,0.0,0.0,1,47.5,0.0,0,70.5,75.5,80.5,72.0,203.0,15428.0,56
2023-05-10 13:49:37,MA312P2225,MA312P2225,80.0,0.0,0.0,0.0,1,55.5,0.0,0,70.5,75.5,80.5,72.0,203.0,15428.0,56
2023-05-10 13:49:55,MA312P2225,MA312P2225,80.0,0.0,0.0,0.0,3,76.5,85.5,3,70.5,75.5,80.5,72.0,203.0,15428.0,56
2023-05-10 13:49:56,MA312P2225,MA312P2225,80.0,0.0,0.0,0.0,6,76.5,85.5,6,70.5,75.5,80.5,72.0,203.0,15428.0,56
2023-05-10 13:49:57,MA312P2225,MA312P2225,80.0,0.0,0.0,0.0,3,78.5,81.5,3,70.5,75.5,80.5,72.0,203.0,15428.0,56
2023-05-10 13:49:58,MA312P2225,MA312P2225,80.0,0.0,0.0,0.0,3,79.0,81.5,3,70.5,75.5,80.5,72.0,203.0,15428.0,56
2023-05-10 13:50:02,MA312P2225,MA312P2225,80.0,0.0,0.0,0.0,1,81.0,81.5,3,70.5,75.5,80.5,72.0,203.0,15428.0,56
2023-05-10 13:50:07,MA312P2225,MA312P2225,80.0,0.0,0.0,0.0,4,81.0,81.5,9,70.5,75.5,80.5,72.0,203.0,15428.0,56
2023-05-10 13:50:09,MA312P2225,MA312P2225,80.5,6.0,560.5,0.0,3,80.0,85.5,6,70.5,75.5,81.0,72.0,209.0,15988.5,56
2023-05-10 13:50:10,MA312P2225,MA312P2225,80.5,0.0,0.0,0.0,9,80.0,81.0,3,70.5,75.5,81.0,72.0,209.0,15988.5,56
2023-05-10 13:50:12,MA312P2225,MA312P2225,80.5,0.0,0.0,0.0,12,80.0,81.0,6,70.5,75.5,81.0,72.0,209.0,15988.5,56
2023-05-10 13:50:17,MA312P2225,MA312P2225,80.5,0.0,0.0,0.0,9,80.0,81.0,6,70.5,75.5,81.0,72.0,209.0,15988.5,56
2023-05-10 13:50:21,MA312P2225,MA312P2225,80.5,0.0,0.0,0.0,6,80.0,81.0,6,70.5,75.5,81.0,72.0,209.0,15988.5,56
2023-05-10 13:50:22,MA312P2225,MA312P2225,80.5,0.0,0.0,0.0,3,76.0,85.0,3,70.5,75.5,81.0,72.0,209.0,15988.5,56
2023-05-10 13:50:25,MA312P2225,MA312P2225,80.5,0.0,0.0,0.0,1,47.5,0.0,0,70.5,75.5,81.0,72.0,209.0,15988.5,56
2023-05-10 13:50:25,MA312P2225,MA312P2225,80.5,0.0,0.0,0.0,1,55.5,0.0,0,70.5,75.5,81.0,72.0,209.0,15988.5,56
2023-05-10 13:51:55,MA312P2225,MA312P2225,80.5,0.0,0.0,0.0,3,76.5,85.5,3,70.5,75.5,81.0,72.0,209.0,15988.5,56
2023-05-10 13:51:56,MA312P2225,MA312P2225,80.5,0.0,0.0,0.0,6,76.5,85.5,6,70.5,75.5,81.0,72.0,209.0,15988.5,56
2023-05-10 13:51:57,MA312P2225,MA312P2225,80.5,0.0,0.0,0.0,3,78.5,81.5,3,70.5,75.5,81.0,72.0,209.0,15988.5,56
2023-05-10 13:52:06,MA312P2225,MA312P2225,80.5,0.0,0.0,0.0,3,80.0,81.5,3,70.5,75.5,81.0,72.0,209.0,15988.5,56
2023-05-10 13:52:08,MA312P2225,MA312P2225,80.5,0.0,0.0,0.0,9,80.0,81.5,9,70.5,75.5,81.0,72.0,209.0,15988.5,56
2023-05-10 13:52:09,MA312P2225,MA312P2225,80.5,0.0,0.0,0.0,9,80.0,81.5,3,70.5,75.5,81.0,72.0,209.0,15988.5,56
2023-05-10 13:52:09,MA312P2225,MA312P2225,80.5,0.0,0.0,0.0,12,80.0,81.0,3,70.5,75.5,81.0,72.0,209.0,15988.5,56
2023-05-10 13:52:11,MA312P2225,MA312P2225,80.5,0.0,0.0,0.0,15,80.0,81.0,6,70.5,75.5,81.0,72.0,209.0,15988.5,56
2023-05-10 13:52:11,MA312P2225,MA312P2225,80.5,0.0,0.0,0.0,15,80.0,81.0,9,70.5,75.5,81.0,72.0,209.0,15988.5,56
2023-05-10 13:52:12,MA312P2225,MA312P2225,80.5,0.0,0.0,0.0,18,80.0,81.0,12,70.5,75.5,81.0,72.0,209.0,15988.5,56
2023-05-10 13:52:17,MA312P2225,MA312P2225,80.5,0.0,0.0,0.0,12,80.0,81.0,9,70.5,75.5,81.0,72.0,209.0,15988.5,56
2023-05-10 13:52:19,MA312P2225,MA312P2225,80.5,0.0,0.0,0.0,9,80.0,81.0,9,70.5,75.5,81.0,72.0,209.0,15988.5,56
2023-05-10 13:52:22,MA312P2225,MA312P2225,80.5,0.0,0.0,0.0,3,80.0,81.0,3,70.5,75.5,81.0,72.0,209.0,15988.5,56
2023-05-10 13:52:22,MA312P2225,MA312P2225,80.5,0.0,0.0,0.0,3,76.0,85.0,3,70.5,75.5,81.0,72.0,209.0,15988.5,56
2023-05-10 13:52:25,MA312P2225,MA312P2225,80.5,0.0,0.0,0.0,1,47.5,0.0,0,70.5,75.5,81.0,72.0,209.0,15988.5,56
2023-05-10 13:52:25,MA312P2225,MA312P2225,80.5,0.0,0.0,0.0,1,55.5,0.0,0,70.5,75.5,81.0,72.0,209.0,15988.5,56
2023-05-10 14:03:37,MA312P2225,MA312P2225,80.5,0.0,0.0,0.0,3,76.0,85.0,3,70.5,75.5,81.0,72.0,209.0,15988.5,56
2023-05-10 14:03:38,MA312P2225,MA312P2225,80.5,0.0,0.0,0.0,6,76.0,85.0,6,70.5,75.5,81.0,72.0,209.0,15988.5,56
2023-05-10 14:03:39,MA312P2225,MA312P2225,80.5,0.0,0.0,0.0,3,78.5,81.5,3,70.5,75.5,81.0,72.0,209.0,15988.5,56
2023-05-10 14:03:41,MA312P2225,MA312P2225,80.5,0.0,0.0,0.0,3,79.0,81.5,3,70.5,75.5,81.0,72.0,209.0,15988.5,56
2023-05-10 14:03:43,MA312P2225,MA312P2225,80.5,0.0,0.0,0.0,6,79.0,81.5,6,70.5,75.5,81.0,72.0,209.0,15988.5,56
2023-05-10 14:03:44,MA312P2225,MA312P2225,80.5,0.0,0.0,0.0,9,79.0,81.5,9,70.5,75.5,81.0,72.0,209.0,15988.5,56
2023-05-10 14:03:47,MA312P2225,MA312P2225,80.5,0.0,0.0,0.0,12,79.0,81.5,12,70.5,75.5,81.0,72.0,209.0,15988.5,56
2023-05-10 14:03:49,MA312P2225,MA312P2225,80.5,0.0,0.0,0.0,3,79.5,81.5,12,70.5,75.5,81.0,72.0,209.0,15988.5,56
2023-05-10 14:03:49,MA312P2225,MA312P2225,80.5,0.0,0.0,0.0,9,79.5,81.5,15,70.5,75.5,81.0,72.0,209.0,15988.5,56
2023-05-10 14:03:51,MA312P2225,MA312P2225,80.5,0.0,0.0,0.0,9,79.5,81.5,12,70.5,75.5,81.0,72.0,209.0,15988.5,56
2023-05-10 14:03:52,MA312P2225,MA312P2225,80.5,3.0,229.5,0.0,3,80.0,80.5,3,70.5,75.5,81.0,72.0,212.0,16218.0,56
2023-05-10 14:03:52,MA312P2225,MA312P2225,80.5,2.0,153.0,2.0,9,80.0,81.0,6,70.5,75.5,81.0,72.0,214.0,16371.0,58
2023-05-10 14:03:53,MA312P2225,MA312P2225,80.5,0.0,0.0,0.0,12,80.0,81.0,12,70.5,75.5,81.0,72.0,214.0,16371.0,58
2023-05-10 14:03:59,MA312P2225,MA312P2225,80.5,0.0,0.0,0.0,9,80.0,81.0,9,70.5,75.5,81.0,72.0,214.0,16371.0,58
2023-05-10 14:04:01,MA312P2225,MA312P2225,80.5,0.0,0.0,0.0,6,80.0,81.0,6,70.5,75.5,81.0,72.0,214.0,16371.0,58
2023-05-10 14:04:04,MA312P2225,MA312P2225,80.5,0.0,0.0,0.0,6,80.0,81.0,3,70.5,75.5,81.0,72.0,214.0,16371.0,58
2023-05-10 14:04:05,MA312P2225,MA312P2225,80.5,0.0,0.0,0.0,3,80.0,85.0,3,70.5,75.5,81.0,72.0,214.0,16371.0,58
2023-05-10 14:04:07,MA312P2225,MA312P2225,80.5,0.0,0.0,0.0,3,80.0,0.0,0,70.5,75.5,81.0,72.0,214.0,16371.0,58
2023-05-10 14:05:47,MA312P2225,MA312P2225,80.5,0.0,0.0,0.0,3,80.0,85.5,3,70.5,75.5,81.0,72.0,214.0,16371.0,58
2023-05-10 14:05:48,MA312P2225,MA312P2225,80.5,0.0,0.0,0.0,6,80.0,85.5,6,70.5,75.5,81.0,72.0,214.0,16371.0,58
2023-05-10 14:05:49,MA312P2225,MA312P2225,80.5,0.0,0.0,0.0,6,80.0,82.5,3,70.5,75.5,81.0,72.0,214.0,16371.0,58
2023-05-10 14:05:53,MA312P2225,MA312P2225,80.5,0.0,0.0,0.0,9,80.0,82.5,6,70.5,75.5,81.0,72.0,214.0,16371.0,58
2023-05-10 14:05:54,MA312P2225,MA312P2225,80.5,0.0,0.0,0.0,12,80.0,82.5,9,70.5,75.5,81.0,72.0,214.0,16371.0,58
2023-05-10 14:05:57,MA312P2225,MA312P2225,80.5,0.0,0.0,0.0,15,80.0,82.5,12,70.5,75.5,81.0,72.0,214.0,16371.0,58
2023-05-10 14:05:59,MA312P2225,MA312P2225,80.5,0.0,0.0,0.0,3,80.5,82.5,12,70.5,75.5,81.0,72.0,214.0,16371.0,58
2023-05-10 14:05:59,MA312P2225,MA312P2225,80.5,0.0,0.0,0.0,3,80.5,82.5,15,70.5,75.5,81.0,72.0,214.0,16371.0,58
2023-05-10 14:06:01,MA312P2225,MA312P2225,80.5,0.0,0.0,0.0,3,80.5,82.5,12,70.5,75.5,81.0,72.0,214.0,16371.0,58
2023-05-10 14:06:03,MA312P2225,MA312P2225,80.5,0.0,0.0,0.0,6,80.5,82.5,15,70.5,75.5,81.0,72.0,214.0,16371.0,58
2023-05-10 14:06:03,MA312P2225,MA312P2225,80.5,0.0,0.0,0.0,9,80.5,82.5,15,70.5,75.5,81.0,72.0,214.0,16371.0,58
2023-05-10 14:06:04,MA312P2225,MA312P2225,80.5,0.0,0.0,0.0,9,80.5,82.5,12,70.5,75.5,81.0,72.0,214.0,16371.0,58
2023-05-10 14:06:09,MA312P2225,MA312P2225,80.5,0.0,0.0,0.0,6,80.5,82.5,9,70.5,75.5,81.0,72.0,214.0,16371.0,58
2023-05-10 14:06:10,MA312P2225,MA312P2225,80.5,0.0,0.0,0.0,3,80.5,82.5,9,70.5,75.5,81.0,72.0,214.0,16371.0,58
2023-05-10 14:06:11,MA312P2225,MA312P2225,80.5,0.0,0.0,0.0,3,80.5,82.5,3,70.5,75.5,81.0,72.0,214.0,16371.0,58
2023-05-10 14:06:14,MA312P2225,MA312P2225,80.5,0.0,0.0,0.0,3,80.0,86.0,3,70.5,75.5,81.0,72.0,214.0,16371.0,58
2023-05-10 14:06:17,MA312P2225,MA312P2225,80.5,0.0,0.0,0.0,3,80.0,0.0,0,70.5,75.5,81.0,72.0,214.0,16371.0,58
2023-05-10 14:15:20,MA312P2225,MA312P2225,80.5,0.0,0.0,0.0,3,80.0,85.5,3,70.5,75.5,81.0,72.0,214.0,16371.0,58
2023-05-10 14:15:21,MA312P2225,MA312P2225,80.5,0.0,0.0,0.0,6,80.0,85.5,6,70.5,75.5,81.0,72.0,214.0,16371.0,58
2023-05-10 14:15:22,MA312P2225,MA312P2225,80.5,0.0,0.0,0.0,6,80.0,81.5,3,70.5,75.5,81.0,72.0,214.0,16371.0,58
2023-05-10 14:15:26,MA312P2225,MA312P2225,80.5,0.0,0.0,0.0,9,80.0,81.5,6,70.5,75.5,81.0,72.0,214.0,16371.0,58
2023-05-10 14:15:30,MA312P2225,MA312P2225,80.5,0.0,0.0,0.0,12,80.0,81.5,9,70.5,75.5,81.0,72.0,214.0,16371.0,58
2023-05-10 14:15:32,MA312P2225,MA312P2225,80.5,0.0,0.0,0.0,6,81.0,81.5,12,70.5,75.5,81.0,72.0,214.0,16371.0,58
2023-05-10 14:15:32,MA312P2225,MA312P2225,80.5,0.0,0.0,0.0,12,81.0,81.5,15,70.5,75.5,81.0,72.0,214.0,16371.0,58
2023-05-10 14:15:34,MA312P2225,MA312P2225,80.5,0.0,0.0,0.0,12,81.0,81.5,12,70.5,75.5,81.0,72.0,214.0,16371.0,58
2023-05-10 14:15:37,MA312P2225,MA312P2225,80.5,0.0,0.0,0.0,15,81.0,81.5,12,70.5,75.5,81.0,72.0,214.0,16371.0,58
2023-05-10 14:15:43,MA312P2225,MA312P2225,80.5,0.0,0.0,0.0,12,81.0,81.5,9,70.5,75.5,81.0,72.0,214.0,16371.0,58
2023-05-10 14:15:43,MA312P2225,MA312P2225,80.5,0.0,0.0,0.0,9,81.0,81.5,9,70.5,75.5,81.0,72.0,214.0,16371.0,58
2023-05-10 14:15:44,MA312P2225,MA312P2225,80.5,0.0,0.0,0.0,6,81.0,81.5,3,70.5,75.5,81.0,72.0,214.0,16371.0,58
2023-05-10 14:15:44,MA312P2225,MA312P2225,80.5,0.0,0.0,0.0,3,81.0,82.0,3,70.5,75.5,81.0,72.0,214.0,16371.0,58
2023-05-10 14:15:47,MA312P2225,MA312P2225,80.5,0.0,0.0,0.0,3,81.0,82.5,3,70.5,75.5,81.0,72.0,214.0,16371.0,58
2023-05-10 14:15:47,MA312P2225,MA312P2225,80.5,0.0,0.0,0.0,3,80.0,85.5,3,70.5,75.5,81.0,72.0,214.0,16371.0,58
2023-05-10 14:15:50,MA312P2225,MA312P2225,80.5,0.0,0.0,0.0,3,80.0,0.0,0,70.5,75.5,81.0,72.0,214.0,16371.0,58
2023-05-10 14:22:57,MA312P2225,MA312P2225,80.5,0.0,0.0,0.0,19,21.0,0.0,0,70.5,75.5,81.0,72.0,214.0,16371.0,58
2023-05-10 14:22:57,MA312P2225,MA312P2225,80.5,0.0,0.0,0.0,6,22.0,0.0,0,70.5,75.5,81.0,72.0,214.0,16371.0,58
2023-05-10 14:33:06,MA312P2225,MA312P2225,80.5,0.0,0.0,0.0,1,22.5,0.0,0,70.5,75.5,81.0,72.0,214.0,16371.0,58
2023-05-10 14:33:07,MA312P2225,MA312P2225,80.5,0.0,0.0,0.0,6,23.5,0.0,0,70.5,75.5,81.0,72.0,214.0,16371.0,58
2023-05-10 14:33:48,MA312P2225,MA312P2225,80.5,0.0,0.0,0.0,3,78.0,87.0,3,70.5,75.5,81.0,72.0,214.0,16371.0,58
2023-05-10 14:33:49,MA312P2225,MA312P2225,80.5,0.0,0.0,0.0,6,78.0,87.0,6,70.5,75.5,81.0,72.0,214.0,16371.0,58
2023-05-10 14:33:50,MA312P2225,MA312P2225,80.5,0.0,0.0,0.0,3,81.0,84.0,3,70.5,75.5,81.0,72.0,214.0,16371.0,58
2023-05-10 14:33:54,MA312P2225,MA312P2225,80.5,0.0,0.0,0.0,6,81.0,84.0,6,70.5,75.5,81.0,72.0,214.0,16371.0,58
2023-05-10 14:33:55,MA312P2225,MA312P2225,80.5,0.0,0.0,0.0,9,81.0,84.0,6,70.5,75.5,81.0,72.0,214.0,16371.0,58
2023-05-10 14:33:58,MA312P2225,MA312P2225,80.5,0.0,0.0,0.0,12,81.0,84.0,9,70.5,75.5,81.0,72.0,214.0,16371.0,58
2023-05-10 14:34:00,MA312P2225,MA312P2225,80.5,0.0,0.0,0.0,3,82.0,84.0,9,70.5,75.5,81.0,72.0,214.0,16371.0,58
2023-05-10 14:34:00,MA312P2225,MA312P2225,80.5,0.0,0.0,0.0,9,82.0,84.0,9,70.5,75.5,81.0,72.0,214.0,16371.0,58
2023-05-10 14:34:02,MA312P2225,MA312P2225,80.5,0.0,0.0,0.0,9,82.0,84.0,6,70.5,75.5,81.0,72.0,214.0,16371.0,58
2023-05-10 14:34:02,MA312P2225,MA312P2225,80.5,0.0,0.0,0.0,9,82.0,84.5,6,70.5,75.5,81.0,72.0,214.0,16371.0,58
2023-05-10 14:34:02,MA312P2225,MA312P2225,80.5,0.0,0.0,0.0,9,82.0,84.5,3,70.5,75.5,81.0,72.0,214.0,16371.0,58
2023-05-10 14:34:03,MA312P2225,MA312P2225,80.5,0.0,0.0,0.0,15,82.0,84.5,12,70.5,75.5,81.0,72.0,214.0,16371.0,58
2023-05-10 14:34:10,MA312P2225,MA312P2225,80.5,0.0,0.0,0.0,12,82.0,84.5,9,70.5,75.5,81.0,72.0,214.0,16371.0,58
2023-05-10 14:34:11,MA312P2225,MA312P2225,80.5,0.0,0.0,0.0,9,82.0,84.5,9,70.5,75.5,81.0,72.0,214.0,16371.0,58
2023-05-10 14:34:12,MA312P2225,MA312P2225,80.5,0.0,0.0,0.0,6,82.0,84.5,6,70.5,75.5,81.0,72.0,214.0,16371.0,58
2023-05-10 14:34:15,MA312P2225,MA312P2225,80.5,0.0,0.0,0.0,3,82.0,84.5,3,70.5,75.5,81.0,72.0,214.0,16371.0,58
2023-05-10 14:34:16,MA312P2225,MA312P2225,80.5,0.0,0.0,0.0,3,79.0,87.5,3,70.5,75.5,81.0,72.0,214.0,16371.0,58
2023-05-10 14:34:18,MA312P2225,MA312P2225,80.5,0.0,0.0,0.0,1,22.5,0.0,0,70.5,75.5,81.0,72.0,214.0,16371.0,58
2023-05-10 14:34:18,MA312P2225,MA312P2225,80.5,0.0,0.0,0.0,6,23.5,0.0,0,70.5,75.5,81.0,72.0,214.0,16371.0,58
2023-05-10 14:35:30,MA312P2225,MA312P2225,80.5,0.0,0.0,0.0,1,31.5,0.0,0,70.5,75.5,81.0,72.0,214.0,16371.0,58
2023-05-10 14:35:31,MA312P2225,MA312P2225,80.5,0.0,0.0,0.0,6,32.5,0.0,0,70.5,75.5,81.0,72.0,214.0,16371.0,58
2023-05-10 14:35:31,MA312P2225,MA312P2225,80.5,0.0,0.0,0.0,1,40.5,0.0,0,70.5,75.5,81.0,72.0,214.0,16371.0,58
2023-05-10 14:36:00,MA312P2225,MA312P2225,80.5,0.0,0.0,0.0,1,22.5,0.0,0,70.5,75.5,81.0,72.0,214.0,16371.0,58
2023-05-10 14:36:01,MA312P2225,MA312P2225,80.5,0.0,0.0,0.0,6,23.5,0.0,0,70.5,75.5,81.0,72.0,214.0,16371.0,58
2023-05-10 14:49:05,MA312P2225,MA312P2225,80.5,0.0,0.0,0.0,3,76.0,85.0,3,70.5,75.5,81.0,72.0,214.0,16371.0,58
2023-05-10 14:49:06,MA312P2225,MA312P2225,80.5,0.0,0.0,0.0,6,76.0,85.0,6,70.5,75.5,81.0,72.0,214.0,16371.0,58
2023-05-10 14:49:07,MA312P2225,MA312P2225,80.5,0.0,0.0,0.0,3,79.0,82.0,3,70.5,75.5,81.0,72.0,214.0,16371.0,58
2023-05-10 14:49:11,MA312P2225,MA312P2225,80.5,0.0,0.0,0.0,6,79.0,82.0,6,70.5,75.5,81.0,72.0,214.0,16371.0,58
2023-05-10 14:49:12,MA312P2225,MA312P2225,80.5,0.0,0.0,0.0,9,79.0,82.0,6,70.5,75.5,81.0,72.0,214.0,16371.0,58
2023-05-10 14:49:15,MA312P2225,MA312P2225,80.5,0.0,0.0,0.0,12,79.0,82.0,9,70.5,75.5,81.0,72.0,214.0,16371.0,58
2023-05-10 14:49:16,MA312P2225,MA312P2225,80.5,0.0,0.0,0.0,6,80.0,82.0,9,70.5,75.5,81.0,72.0,214.0,16371.0,58
2023-05-10 14:49:16,MA312P2225,MA312P2225,80.5,0.0,0.0,0.0,9,80.0,82.0,9,70.5,75.5,81.0,72.0,214.0,16371.0,58
2023-05-10 14:49:19,MA312P2225,MA312P2225,80.5,0.0,0.0,0.0,9,80.0,82.0,6,70.5,75.5,81.0,72.0,214.0,16371.0,58
2023-05-10 14:49:19,MA312P2225,MA312P2225,80.5,0.0,0.0,0.0,9,80.0,82.5,6,70.5,75.5,81.0,72.0,214.0,16371.0,58
2023-05-10 14:49:20,MA312P2225,MA312P2225,80.5,0.0,0.0,0.0,12,80.0,82.5,6,70.5,75.5,81.0,72.0,214.0,16371.0,58
2023-05-10 14:49:20,MA312P2225,MA312P2225,80.5,0.0,0.0,0.0,15,80.0,82.5,12,70.5,75.5,81.0,72.0,214.0,16371.0,58
2023-05-10 14:49:27,MA312P2225,MA312P2225,80.5,0.0,0.0,0.0,9,80.0,82.5,9,70.5,75.5,81.0,72.0,214.0,16371.0,58
2023-05-10 14:49:29,MA312P2225,MA312P2225,80.5,0.0,0.0,0.0,6,80.0,82.5,6,70.5,75.5,81.0,72.0,214.0,16371.0,58
2023-05-10 14:49:31,MA312P2225,MA312P2225,80.5,0.0,0.0,0.0,3,80.0,82.5,3,70.5,75.5,81.0,72.0,214.0,16371.0,58
2023-05-10 14:49:32,MA312P2225,MA312P2225,80.5,0.0,0.0,0.0,3,77.0,85.5,3,70.5,75.5,81.0,72.0,214.0,16371.0,58
2023-05-10 14:49:35,MA312P2225,MA312P2225,80.5,0.0,0.0,0.0,1,22.5,0.0,0,70.5,75.5,81.0,72.0,214.0,16371.0,58
2023-05-10 14:49:35,MA312P2225,MA312P2225,80.5,0.0,0.0,0.0,6,23.5,0.0,0,70.5,75.5,81.0,72.0,214.0,16371.0,58
2023-05-10 14:59:57,MA312P2225,MA312P2225,80.5,0.0,0.0,0.0,1,22.5,0.0,0,70.5,75.5,81.0,72.0,214.0,16371.0,58
2023-05-10 14:59:57,MA312P2225,MA312P2225,80.5,0.0,0.0,0.0,1,22.5,0.0,0,70.5,75.5,81.0,72.0,214.0,16371.0,58
