time,symbol_id,symbol_name,last,trade_volume,trade_amount,open_interest_change,bv1,bp1,ap1,av1,yesterday_close,today_open,today_high,today_low,volume,amount,open_interest
2023-05-09 19:10:58,MA401C2800,MA401C2800,33.5,0.0,0.0,-4.0,0,0.0,0.0,0,33.5,32.0,0.0,0.0,0.0,0.0,135
2023-05-09 20:59:00,MA401C2800,MA401C2800,33.5,0.0,0.0,0.0,19,10.0,0.0,0,33.5,32.0,0.0,0.0,0.0,0.0,135
2023-05-09 21:00:01,MA401C2800,MA401C2800,33.5,0.0,0.0,0.0,1,25.0,38.0,1,33.5,32.0,0.0,0.0,0.0,0.0,135
2023-05-09 21:00:03,MA401C2800,MA401C2800,33.5,0.0,0.0,0.0,1,26.0,38.0,1,33.5,32.0,0.0,0.0,0.0,0.0,135
2023-05-09 21:00:05,MA401C2800,MA401C2800,33.5,0.0,0.0,0.0,1,26.5,38.0,1,33.5,32.0,0.0,0.0,0.0,0.0,135
2023-05-09 21:01:09,MA401C2800,MA401C2800,33.5,0.0,0.0,0.0,1,26.5,33.5,7,33.5,32.0,0.0,0.0,0.0,0.0,135
2023-05-09 21:01:12,MA401C2800,MA401C2800,33.5,0.0,0.0,0.0,7,30.5,33.5,7,33.5,32.0,0.0,0.0,0.0,0.0,135
2023-05-09 21:01:13,MA401C2800,MA401C2800,33.5,0.0,0.0,0.0,7,30.5,33.0,7,33.5,32.0,0.0,0.0,0.0,0.0,135
2023-05-09 21:01:25,MA401C2800,MA401C2800,33.5,0.0,0.0,0.0,7,30.5,32.5,7,33.5,32.0,0.0,0.0,0.0,0.0,135
2023-05-09 21:03:57,MA401C2800,MA401C2800,33.5,0.0,0.0,0.0,7,31.0,32.5,7,33.5,32.0,0.0,0.0,0.0,0.0,135
2023-05-09 21:05:10,MA401C2800,MA401C2800,33.5,0.0,0.0,0.0,7,30.5,32.5,7,33.5,32.0,0.0,0.0,0.0,0.0,135
2023-05-09 21:06:38,MA401C2800,MA401C2800,33.5,0.0,0.0,0.0,7,30.5,32.0,7,33.5,32.0,0.0,0.0,0.0,0.0,135
2023-05-09 21:07:10,MA401C2800,MA401C2800,33.5,0.0,0.0,0.0,1,26.5,32.0,7,33.5,32.0,0.0,0.0,0.0,0.0,135
2023-05-09 21:07:11,MA401C2800,MA401C2800,33.5,0.0,0.0,0.0,7,29.5,32.0,7,33.5,32.0,0.0,0.0,0.0,0.0,135
2023-05-09 21:07:18,MA401C2800,MA401C2800,33.5,0.0,0.0,0.0,7,30.0,32.0,7,33.5,32.0,0.0,0.0,0.0,0.0,135
2023-05-09 21:10:07,MA401C2800,MA401C2800,33.5,0.0,0.0,0.0,7,30.5,32.0,7,33.5,32.0,0.0,0.0,0.0,0.0,135
2023-05-09 21:14:44,MA401C2800,MA401C2800,32.0,1.0,32.0,0.0,7,30.5,32.0,6,33.5,32.0,32.0,32.0,1.0,32.0,135
2023-05-09 21:15:02,MA401C2800,MA401C2800,32.0,0.0,0.0,0.0,7,31.0,32.0,6,33.5,32.0,32.0,32.0,1.0,32.0,135
2023-05-09 21:15:05,MA401C2800,MA401C2800,32.0,0.0,0.0,0.0,7,31.0,32.5,7,33.5,32.0,32.0,32.0,1.0,32.0,135
2023-05-09 21:15:41,MA401C2800,MA401C2800,32.0,0.0,0.0,0.0,7,31.5,32.5,7,33.5,32.0,32.0,32.0,1.0,32.0,135
2023-05-09 21:15:57,MA401C2800,MA401C2800,32.0,0.0,0.0,0.0,7,31.5,33.5,7,33.5,32.0,32.0,32.0,1.0,32.0,135
2023-05-09 21:15:59,MA401C2800,MA401C2800,32.0,0.0,0.0,0.0,7,31.5,33.0,7,33.5,32.0,32.0,32.0,1.0,32.0,135
2023-05-09 21:19:26,MA401C2800,MA401C2800,32.0,0.0,0.0,0.0,7,31.0,33.0,7,33.5,32.0,32.0,32.0,1.0,32.0,135
2023-05-09 21:19:31,MA401C2800,MA401C2800,32.0,0.0,0.0,0.0,7,31.0,32.5,7,33.5,32.0,32.0,32.0,1.0,32.0,135
2023-05-09 21:23:07,MA401C2800,MA401C2800,32.0,0.0,0.0,0.0,7,30.5,32.0,7,33.5,32.0,32.0,32.0,1.0,32.0,135
2023-05-09 21:25:30,MA401C2800,MA401C2800,32.0,0.0,0.0,0.0,7,31.0,32.0,7,33.5,32.0,32.0,32.0,1.0,32.0,135
2023-05-09 21:28:03,MA401C2800,MA401C2800,32.0,0.0,0.0,0.0,7,31.0,32.0,17,33.5,32.0,32.0,32.0,1.0,32.0,135
2023-05-09 21:28:35,MA401C2800,MA401C2800,32.0,0.0,0.0,0.0,7,31.0,32.0,10,33.5,32.0,32.0,32.0,1.0,32.0,135
2023-05-09 21:28:52,MA401C2800,MA401C2800,32.0,0.0,0.0,0.0,17,31.0,32.0,10,33.5,32.0,32.0,32.0,1.0,32.0,135
2023-05-09 21:29:04,MA401C2800,MA401C2800,32.0,0.0,0.0,0.0,7,31.0,32.0,10,33.5,32.0,32.0,32.0,1.0,32.0,135
2023-05-09 21:30:29,MA401C2800,MA401C2800,32.0,0.0,0.0,0.0,7,30.5,32.0,17,33.5,32.0,32.0,32.0,1.0,32.0,135
2023-05-09 21:33:28,MA401C2800,MA401C2800,32.0,0.0,0.0,0.0,17,30.5,32.0,17,33.5,32.0,32.0,32.0,1.0,32.0,135
2023-05-09 21:33:53,MA401C2800,MA401C2800,32.0,0.0,0.0,0.0,7,31.0,32.0,17,33.5,32.0,32.0,32.0,1.0,32.0,135
2023-05-09 21:33:54,MA401C2800,MA401C2800,32.0,0.0,0.0,0.0,7,31.0,32.0,10,33.5,32.0,32.0,32.0,1.0,32.0,135
2023-05-09 21:35:29,MA401C2800,MA401C2800,32.0,0.0,0.0,0.0,17,31.0,32.0,10,33.5,32.0,32.0,32.0,1.0,32.0,135
2023-05-09 21:35:34,MA401C2800,MA401C2800,32.0,0.0,0.0,0.0,7,31.0,32.0,10,33.5,32.0,32.0,32.0,1.0,32.0,135
2023-05-09 21:35:34,MA401C2800,MA401C2800,32.0,0.0,0.0,0.0,17,31.0,32.0,10,33.5,32.0,32.0,32.0,1.0,32.0,135
2023-05-09 21:35:38,MA401C2800,MA401C2800,32.0,0.0,0.0,0.0,7,31.0,32.0,10,33.5,32.0,32.0,32.0,1.0,32.0,135
2023-05-09 21:35:38,MA401C2800,MA401C2800,32.0,0.0,0.0,0.0,17,31.0,32.0,10,33.5,32.0,32.0,32.0,1.0,32.0,135
2023-05-09 21:35:41,MA401C2800,MA401C2800,32.0,0.0,0.0,0.0,7,31.0,32.0,10,33.5,32.0,32.0,32.0,1.0,32.0,135
2023-05-09 21:36:14,MA401C2800,MA401C2800,32.0,0.0,0.0,0.0,17,31.0,32.0,10,33.5,32.0,32.0,32.0,1.0,32.0,135
2023-05-09 21:38:46,MA401C2800,MA401C2800,32.0,0.0,0.0,0.0,7,31.0,32.0,10,33.5,32.0,32.0,32.0,1.0,32.0,135
2023-05-09 21:38:56,MA401C2800,MA401C2800,32.0,0.0,0.0,0.0,17,31.0,32.0,10,33.5,32.0,32.0,32.0,1.0,32.0,135
2023-05-09 21:39:03,MA401C2800,MA401C2800,32.0,0.0,0.0,0.0,7,31.0,32.0,10,33.5,32.0,32.0,32.0,1.0,32.0,135
2023-05-09 21:40:03,MA401C2800,MA401C2800,32.0,0.0,0.0,0.0,17,31.0,32.0,10,33.5,32.0,32.0,32.0,1.0,32.0,135
2023-05-09 21:40:57,MA401C2800,MA401C2800,32.0,0.0,0.0,0.0,7,31.0,32.0,10,33.5,32.0,32.0,32.0,1.0,32.0,135
2023-05-09 21:41:00,MA401C2800,MA401C2800,32.0,0.0,0.0,0.0,17,31.0,32.0,10,33.5,32.0,32.0,32.0,1.0,32.0,135
2023-05-09 21:41:10,MA401C2800,MA401C2800,32.0,0.0,0.0,0.0,7,31.0,32.0,10,33.5,32.0,32.0,32.0,1.0,32.0,135
2023-05-09 21:42:14,MA401C2800,MA401C2800,32.0,0.0,0.0,0.0,17,31.0,32.0,10,33.5,32.0,32.0,32.0,1.0,32.0,135
2023-05-09 21:42:24,MA401C2800,MA401C2800,32.0,0.0,0.0,0.0,7,31.0,32.0,10,33.5,32.0,32.0,32.0,1.0,32.0,135
2023-05-09 21:42:31,MA401C2800,MA401C2800,32.0,0.0,0.0,0.0,17,31.0,32.0,10,33.5,32.0,32.0,32.0,1.0,32.0,135
2023-05-09 21:42:51,MA401C2800,MA401C2800,32.0,0.0,0.0,0.0,17,31.0,32.5,17,33.5,32.0,32.0,32.0,1.0,32.0,135
2023-05-09 21:42:52,MA401C2800,MA401C2800,32.0,0.0,0.0,0.0,7,31.5,32.5,17,33.5,32.0,32.0,32.0,1.0,32.0,135
2023-05-09 21:50:18,MA401C2800,MA401C2800,32.0,0.0,0.0,0.0,7,31.5,32.5,10,33.5,32.0,32.0,32.0,1.0,32.0,135
2023-05-09 21:50:55,MA401C2800,MA401C2800,32.0,0.0,0.0,0.0,17,31.5,32.5,10,33.5,32.0,32.0,32.0,1.0,32.0,135
2023-05-09 21:51:22,MA401C2800,MA401C2800,32.0,0.0,0.0,0.0,7,31.5,32.5,10,33.5,32.0,32.0,32.0,1.0,32.0,135
2023-05-09 21:51:23,MA401C2800,MA401C2800,32.0,0.0,0.0,0.0,17,31.5,32.5,10,33.5,32.0,32.0,32.0,1.0,32.0,135
2023-05-09 21:51:31,MA401C2800,MA401C2800,32.0,0.0,0.0,0.0,7,31.5,32.5,10,33.5,32.0,32.0,32.0,1.0,32.0,135
2023-05-09 21:51:36,MA401C2800,MA401C2800,32.0,0.0,0.0,0.0,17,31.5,32.5,10,33.5,32.0,32.0,32.0,1.0,32.0,135
2023-05-09 21:52:03,MA401C2800,MA401C2800,32.0,0.0,0.0,0.0,7,31.5,32.5,10,33.5,32.0,32.0,32.0,1.0,32.0,135
2023-05-09 21:52:10,MA401C2800,MA401C2800,32.0,0.0,0.0,0.0,17,31.5,32.5,10,33.5,32.0,32.0,32.0,1.0,32.0,135
2023-05-09 21:52:12,MA401C2800,MA401C2800,32.0,0.0,0.0,0.0,7,31.5,32.5,10,33.5,32.0,32.0,32.0,1.0,32.0,135
2023-05-09 21:52:17,MA401C2800,MA401C2800,32.0,0.0,0.0,0.0,17,31.5,32.5,10,33.5,32.0,32.0,32.0,1.0,32.0,135
2023-05-09 21:52:58,MA401C2800,MA401C2800,32.0,0.0,0.0,0.0,7,31.5,32.5,10,33.5,32.0,32.0,32.0,1.0,32.0,135
2023-05-09 21:53:14,MA401C2800,MA401C2800,32.0,0.0,0.0,0.0,17,31.5,32.5,10,33.5,32.0,32.0,32.0,1.0,32.0,135
2023-05-09 21:53:27,MA401C2800,MA401C2800,32.0,0.0,0.0,0.0,7,31.5,32.5,10,33.5,32.0,32.0,32.0,1.0,32.0,135
2023-05-09 21:53:31,MA401C2800,MA401C2800,32.0,0.0,0.0,0.0,17,31.5,32.5,10,33.5,32.0,32.0,32.0,1.0,32.0,135
2023-05-09 21:53:42,MA401C2800,MA401C2800,32.0,0.0,0.0,0.0,7,31.5,32.5,10,33.5,32.0,32.0,32.0,1.0,32.0,135
2023-05-09 21:54:02,MA401C2800,MA401C2800,32.0,0.0,0.0,0.0,17,31.5,32.5,10,33.5,32.0,32.0,32.0,1.0,32.0,135
2023-05-09 21:54:39,MA401C2800,MA401C2800,32.0,0.0,0.0,0.0,7,31.5,32.5,10,33.5,32.0,32.0,32.0,1.0,32.0,135
2023-05-09 21:55:01,MA401C2800,MA401C2800,32.0,0.0,0.0,0.0,17,31.5,32.5,10,33.5,32.0,32.0,32.0,1.0,32.0,135
2023-05-09 21:55:09,MA401C2800,MA401C2800,32.0,0.0,0.0,0.0,7,31.5,32.5,10,33.5,32.0,32.0,32.0,1.0,32.0,135
2023-05-09 21:55:13,MA401C2800,MA401C2800,32.0,0.0,0.0,0.0,17,31.5,32.5,10,33.5,32.0,32.0,32.0,1.0,32.0,135
2023-05-09 21:55:19,MA401C2800,MA401C2800,32.0,0.0,0.0,0.0,7,31.5,32.5,10,33.5,32.0,32.0,32.0,1.0,32.0,135
2023-05-09 21:55:24,MA401C2800,MA401C2800,32.0,0.0,0.0,0.0,7,31.5,33.0,7,33.5,32.0,32.0,32.0,1.0,32.0,135
2023-05-09 21:55:24,MA401C2800,MA401C2800,32.0,0.0,0.0,0.0,7,31.5,33.0,17,33.5,32.0,32.0,32.0,1.0,32.0,135
2023-05-09 21:55:25,MA401C2800,MA401C2800,32.0,0.0,0.0,0.0,17,31.5,33.0,17,33.5,32.0,32.0,32.0,1.0,32.0,135
2023-05-09 21:56:27,MA401C2800,MA401C2800,32.0,0.0,0.0,0.0,7,31.5,33.0,17,33.5,32.0,32.0,32.0,1.0,32.0,135
2023-05-09 21:56:28,MA401C2800,MA401C2800,32.0,0.0,0.0,0.0,17,31.5,33.0,17,33.5,32.0,32.0,32.0,1.0,32.0,135
2023-05-09 21:56:44,MA401C2800,MA401C2800,32.0,0.0,0.0,0.0,7,31.5,33.0,17,33.5,32.0,32.0,32.0,1.0,32.0,135
2023-05-09 21:56:45,MA401C2800,MA401C2800,32.0,0.0,0.0,0.0,17,31.5,33.0,17,33.5,32.0,32.0,32.0,1.0,32.0,135
2023-05-09 21:56:46,MA401C2800,MA401C2800,32.0,0.0,0.0,0.0,7,31.5,33.0,17,33.5,32.0,32.0,32.0,1.0,32.0,135
2023-05-09 21:56:47,MA401C2800,MA401C2800,32.0,0.0,0.0,0.0,7,31.5,33.0,7,33.5,32.0,32.0,32.0,1.0,32.0,135
2023-05-09 21:56:48,MA401C2800,MA401C2800,32.0,0.0,0.0,0.0,17,31.5,33.0,17,33.5,32.0,32.0,32.0,1.0,32.0,135
2023-05-09 21:58:21,MA401C2800,MA401C2800,32.0,0.0,0.0,0.0,7,32.0,33.0,17,33.5,32.0,32.0,32.0,1.0,32.0,135
2023-05-09 21:58:27,MA401C2800,MA401C2800,32.0,0.0,0.0,0.0,17,32.0,33.0,10,33.5,32.0,32.0,32.0,1.0,32.0,135
2023-05-09 21:58:33,MA401C2800,MA401C2800,32.0,0.0,0.0,0.0,7,32.0,33.0,10,33.5,32.0,32.0,32.0,1.0,32.0,135
2023-05-09 21:58:33,MA401C2800,MA401C2800,32.0,0.0,0.0,0.0,17,32.0,33.0,10,33.5,32.0,32.0,32.0,1.0,32.0,135
2023-05-09 21:59:08,MA401C2800,MA401C2800,32.0,0.0,0.0,0.0,17,32.0,33.5,17,33.5,32.0,32.0,32.0,1.0,32.0,135
2023-05-09 22:01:09,MA401C2800,MA401C2800,32.0,0.0,0.0,0.0,7,32.0,33.5,17,33.5,32.0,32.0,32.0,1.0,32.0,135
2023-05-09 22:01:18,MA401C2800,MA401C2800,32.0,0.0,0.0,0.0,17,32.0,33.5,17,33.5,32.0,32.0,32.0,1.0,32.0,135
2023-05-09 22:01:21,MA401C2800,MA401C2800,32.0,0.0,0.0,0.0,7,32.0,33.5,17,33.5,32.0,32.0,32.0,1.0,32.0,135
2023-05-09 22:01:31,MA401C2800,MA401C2800,32.0,0.0,0.0,0.0,17,32.0,33.5,17,33.5,32.0,32.0,32.0,1.0,32.0,135
2023-05-09 22:01:43,MA401C2800,MA401C2800,32.0,0.0,0.0,0.0,7,32.0,33.5,17,33.5,32.0,32.0,32.0,1.0,32.0,135
2023-05-09 22:02:21,MA401C2800,MA401C2800,32.0,0.0,0.0,0.0,17,31.5,33.5,17,33.5,32.0,32.0,32.0,1.0,32.0,135
2023-05-09 22:02:28,MA401C2800,MA401C2800,32.0,0.0,0.0,0.0,17,31.5,33.0,7,33.5,32.0,32.0,32.0,1.0,32.0,135
2023-05-09 22:02:29,MA401C2800,MA401C2800,32.0,0.0,0.0,0.0,17,31.5,33.0,17,33.5,32.0,32.0,32.0,1.0,32.0,135
2023-05-09 22:04:55,MA401C2800,MA401C2800,32.0,0.0,0.0,0.0,7,31.5,33.0,17,33.5,32.0,32.0,32.0,1.0,32.0,135
2023-05-09 22:05:06,MA401C2800,MA401C2800,32.0,0.0,0.0,0.0,17,31.5,33.0,17,33.5,32.0,32.0,32.0,1.0,32.0,135
2023-05-09 22:05:30,MA401C2800,MA401C2800,32.0,0.0,0.0,0.0,7,31.5,33.0,17,33.5,32.0,32.0,32.0,1.0,32.0,135
2023-05-09 22:05:49,MA401C2800,MA401C2800,32.0,0.0,0.0,0.0,17,31.5,33.0,17,33.5,32.0,32.0,32.0,1.0,32.0,135
2023-05-09 22:05:58,MA401C2800,MA401C2800,32.0,0.0,0.0,0.0,7,31.5,33.0,17,33.5,32.0,32.0,32.0,1.0,32.0,135
2023-05-09 22:06:09,MA401C2800,MA401C2800,32.0,0.0,0.0,0.0,17,31.5,33.0,17,33.5,32.0,32.0,32.0,1.0,32.0,135
2023-05-09 22:06:29,MA401C2800,MA401C2800,32.0,0.0,0.0,0.0,7,31.5,33.0,17,33.5,32.0,32.0,32.0,1.0,32.0,135
2023-05-09 22:06:36,MA401C2800,MA401C2800,32.0,0.0,0.0,0.0,17,31.5,33.0,17,33.5,32.0,32.0,32.0,1.0,32.0,135
2023-05-09 22:06:40,MA401C2800,MA401C2800,32.0,0.0,0.0,0.0,7,31.5,33.0,17,33.5,32.0,32.0,32.0,1.0,32.0,135
2023-05-09 22:06:45,MA401C2800,MA401C2800,32.0,0.0,0.0,0.0,17,31.5,33.0,17,33.5,32.0,32.0,32.0,1.0,32.0,135
2023-05-09 22:06:48,MA401C2800,MA401C2800,32.0,0.0,0.0,0.0,7,31.5,33.0,17,33.5,32.0,32.0,32.0,1.0,32.0,135
2023-05-09 22:06:51,MA401C2800,MA401C2800,32.0,0.0,0.0,0.0,17,31.5,33.0,17,33.5,32.0,32.0,32.0,1.0,32.0,135
2023-05-09 22:06:52,MA401C2800,MA401C2800,32.0,0.0,0.0,0.0,7,31.5,33.0,17,33.5,32.0,32.0,32.0,1.0,32.0,135
2023-05-09 22:06:59,MA401C2800,MA401C2800,32.0,0.0,0.0,0.0,17,31.5,33.0,17,33.5,32.0,32.0,32.0,1.0,32.0,135
2023-05-09 22:07:09,MA401C2800,MA401C2800,32.0,0.0,0.0,0.0,7,31.5,33.0,17,33.5,32.0,32.0,32.0,1.0,32.0,135
2023-05-09 22:09:00,MA401C2800,MA401C2800,32.0,0.0,0.0,0.0,17,31.5,33.0,17,33.5,32.0,32.0,32.0,1.0,32.0,135
2023-05-09 22:09:01,MA401C2800,MA401C2800,32.0,0.0,0.0,0.0,7,31.5,33.0,17,33.5,32.0,32.0,32.0,1.0,32.0,135
2023-05-09 22:09:10,MA401C2800,MA401C2800,32.0,0.0,0.0,0.0,17,31.5,33.0,17,33.5,32.0,32.0,32.0,1.0,32.0,135
2023-05-09 22:09:58,MA401C2800,MA401C2800,32.0,0.0,0.0,0.0,7,31.5,33.0,17,33.5,32.0,32.0,32.0,1.0,32.0,135
2023-05-09 22:10:22,MA401C2800,MA401C2800,32.0,0.0,0.0,0.0,7,31.5,33.0,7,33.5,32.0,32.0,32.0,1.0,32.0,135
2023-05-09 22:10:23,MA401C2800,MA401C2800,32.0,0.0,0.0,0.0,7,31.5,33.0,17,33.5,32.0,32.0,32.0,1.0,32.0,135
2023-05-09 22:11:24,MA401C2800,MA401C2800,32.0,0.0,0.0,0.0,7,31.5,33.0,7,33.5,32.0,32.0,32.0,1.0,32.0,135
2023-05-09 22:11:25,MA401C2800,MA401C2800,32.0,0.0,0.0,0.0,7,31.5,33.0,17,33.5,32.0,32.0,32.0,1.0,32.0,135
2023-05-09 22:11:27,MA401C2800,MA401C2800,32.0,0.0,0.0,0.0,17,31.5,33.0,17,33.5,32.0,32.0,32.0,1.0,32.0,135
2023-05-09 22:11:27,MA401C2800,MA401C2800,32.0,0.0,0.0,0.0,7,31.5,33.0,7,33.5,32.0,32.0,32.0,1.0,32.0,135
2023-05-09 22:11:28,MA401C2800,MA401C2800,32.0,0.0,0.0,0.0,7,31.5,33.0,17,33.5,32.0,32.0,32.0,1.0,32.0,135
2023-05-09 22:11:28,MA401C2800,MA401C2800,32.0,0.0,0.0,0.0,17,31.5,33.0,17,33.5,32.0,32.0,32.0,1.0,32.0,135
2023-05-09 22:12:14,MA401C2800,MA401C2800,32.0,0.0,0.0,0.0,7,31.5,33.0,17,33.5,32.0,32.0,32.0,1.0,32.0,135
2023-05-09 22:12:15,MA401C2800,MA401C2800,32.0,0.0,0.0,0.0,17,31.5,33.0,17,33.5,32.0,32.0,32.0,1.0,32.0,135
2023-05-09 22:12:15,MA401C2800,MA401C2800,32.0,0.0,0.0,0.0,7,31.5,33.0,7,33.5,32.0,32.0,32.0,1.0,32.0,135
2023-05-09 22:12:16,MA401C2800,MA401C2800,32.0,0.0,0.0,0.0,7,31.5,33.0,17,33.5,32.0,32.0,32.0,1.0,32.0,135
2023-05-09 22:12:33,MA401C2800,MA401C2800,32.0,0.0,0.0,0.0,17,31.5,33.0,17,33.5,32.0,32.0,32.0,1.0,32.0,135
2023-05-09 22:13:26,MA401C2800,MA401C2800,32.0,0.0,0.0,0.0,7,31.5,33.0,17,33.5,32.0,32.0,32.0,1.0,32.0,135
2023-05-09 22:14:32,MA401C2800,MA401C2800,32.0,0.0,0.0,0.0,17,31.5,33.0,17,33.5,32.0,32.0,32.0,1.0,32.0,135
2023-05-09 22:15:04,MA401C2800,MA401C2800,32.0,0.0,0.0,0.0,7,31.5,33.0,17,33.5,32.0,32.0,32.0,1.0,32.0,135
2023-05-09 22:15:06,MA401C2800,MA401C2800,32.0,0.0,0.0,0.0,17,31.5,33.0,17,33.5,32.0,32.0,32.0,1.0,32.0,135
2023-05-09 22:15:06,MA401C2800,MA401C2800,32.0,0.0,0.0,0.0,7,31.5,33.0,7,33.5,32.0,32.0,32.0,1.0,32.0,135
2023-05-09 22:15:07,MA401C2800,MA401C2800,32.0,0.0,0.0,0.0,7,31.5,33.0,17,33.5,32.0,32.0,32.0,1.0,32.0,135
2023-05-09 22:15:08,MA401C2800,MA401C2800,32.0,0.0,0.0,0.0,17,31.5,33.0,17,33.5,32.0,32.0,32.0,1.0,32.0,135
2023-05-09 22:15:12,MA401C2800,MA401C2800,32.0,0.0,0.0,0.0,7,31.5,33.0,17,33.5,32.0,32.0,32.0,1.0,32.0,135
2023-05-09 22:15:25,MA401C2800,MA401C2800,32.0,0.0,0.0,0.0,17,31.5,33.0,17,33.5,32.0,32.0,32.0,1.0,32.0,135
2023-05-09 22:15:27,MA401C2800,MA401C2800,32.0,0.0,0.0,0.0,7,31.5,33.0,17,33.5,32.0,32.0,32.0,1.0,32.0,135
2023-05-09 22:15:32,MA401C2800,MA401C2800,32.0,0.0,0.0,0.0,17,31.5,33.0,17,33.5,32.0,32.0,32.0,1.0,32.0,135
2023-05-09 22:15:37,MA401C2800,MA401C2800,32.0,0.0,0.0,0.0,7,31.5,33.0,17,33.5,32.0,32.0,32.0,1.0,32.0,135
2023-05-09 22:15:47,MA401C2800,MA401C2800,32.0,0.0,0.0,0.0,7,31.5,33.0,7,33.5,32.0,32.0,32.0,1.0,32.0,135
2023-05-09 22:15:48,MA401C2800,MA401C2800,32.0,0.0,0.0,0.0,7,31.5,33.0,17,33.5,32.0,32.0,32.0,1.0,32.0,135
2023-05-09 22:15:49,MA401C2800,MA401C2800,32.0,0.0,0.0,0.0,17,31.5,33.0,17,33.5,32.0,32.0,32.0,1.0,32.0,135
2023-05-09 22:15:56,MA401C2800,MA401C2800,32.0,0.0,0.0,0.0,7,31.5,33.0,17,33.5,32.0,32.0,32.0,1.0,32.0,135
2023-05-09 22:16:25,MA401C2800,MA401C2800,32.0,0.0,0.0,0.0,17,31.5,33.0,17,33.5,32.0,32.0,32.0,1.0,32.0,135
2023-05-09 22:16:35,MA401C2800,MA401C2800,32.0,0.0,0.0,0.0,7,31.5,33.0,17,33.5,32.0,32.0,32.0,1.0,32.0,135
2023-05-09 22:17:55,MA401C2800,MA401C2800,32.0,0.0,0.0,0.0,17,31.5,33.0,17,33.5,32.0,32.0,32.0,1.0,32.0,135
2023-05-09 22:18:46,MA401C2800,MA401C2800,32.0,0.0,0.0,0.0,7,31.5,33.0,17,33.5,32.0,32.0,32.0,1.0,32.0,135
2023-05-09 22:19:20,MA401C2800,MA401C2800,32.0,0.0,0.0,0.0,17,31.5,33.0,17,33.5,32.0,32.0,32.0,1.0,32.0,135
2023-05-09 22:19:20,MA401C2800,MA401C2800,32.0,0.0,0.0,0.0,7,31.5,33.0,17,33.5,32.0,32.0,32.0,1.0,32.0,135
2023-05-09 22:19:21,MA401C2800,MA401C2800,32.0,0.0,0.0,0.0,17,31.5,33.0,17,33.5,32.0,32.0,32.0,1.0,32.0,135
2023-05-09 22:19:50,MA401C2800,MA401C2800,32.0,0.0,0.0,0.0,7,31.5,33.0,17,33.5,32.0,32.0,32.0,1.0,32.0,135
2023-05-09 22:22:29,MA401C2800,MA401C2800,32.0,0.0,0.0,0.0,10,31.0,33.0,17,33.5,32.0,32.0,32.0,1.0,32.0,135
2023-05-09 22:22:30,MA401C2800,MA401C2800,32.0,0.0,0.0,0.0,10,30.5,33.0,17,33.5,32.0,32.0,32.0,1.0,32.0,135
2023-05-09 22:22:31,MA401C2800,MA401C2800,32.0,0.0,0.0,0.0,7,31.0,32.5,17,33.5,32.0,32.0,32.0,1.0,32.0,135
2023-05-09 22:24:33,MA401C2800,MA401C2800,32.0,0.0,0.0,0.0,7,31.0,32.5,7,33.5,32.0,32.0,32.0,1.0,32.0,135
2023-05-09 22:24:34,MA401C2800,MA401C2800,32.0,0.0,0.0,0.0,7,31.0,32.5,17,33.5,32.0,32.0,32.0,1.0,32.0,135
2023-05-09 22:32:11,MA401C2800,MA401C2800,32.0,0.0,0.0,0.0,10,30.5,32.5,17,33.5,32.0,32.0,32.0,1.0,32.0,135
2023-05-09 22:32:13,MA401C2800,MA401C2800,32.0,0.0,0.0,0.0,10,30.5,32.0,7,33.5,32.0,32.0,32.0,1.0,32.0,135
2023-05-09 22:32:13,MA401C2800,MA401C2800,32.0,0.0,0.0,0.0,1,30.0,32.0,7,33.5,32.0,32.0,32.0,1.0,32.0,135
2023-05-09 22:32:14,MA401C2800,MA401C2800,32.0,0.0,0.0,0.0,11,30.0,32.0,17,33.5,32.0,32.0,32.0,1.0,32.0,135
2023-05-09 22:32:14,MA401C2800,MA401C2800,32.0,0.0,0.0,0.0,7,30.5,32.0,17,33.5,32.0,32.0,32.0,1.0,32.0,135
2023-05-09 22:32:14,MA401C2800,MA401C2800,32.0,0.0,0.0,0.0,11,30.0,32.0,17,33.5,32.0,32.0,32.0,1.0,32.0,135
2023-05-09 22:32:14,MA401C2800,MA401C2800,32.0,0.0,0.0,0.0,7,30.5,32.0,17,33.5,32.0,32.0,32.0,1.0,32.0,135
2023-05-09 22:32:14,MA401C2800,MA401C2800,32.0,0.0,0.0,0.0,11,30.0,32.0,17,33.5,32.0,32.0,32.0,1.0,32.0,135
2023-05-09 22:32:14,MA401C2800,MA401C2800,32.0,0.0,0.0,0.0,7,30.5,32.0,17,33.5,32.0,32.0,32.0,1.0,32.0,135
2023-05-09 22:36:40,MA401C2800,MA401C2800,32.0,0.0,0.0,0.0,17,30.5,32.0,17,33.5,32.0,32.0,32.0,1.0,32.0,135
2023-05-09 22:36:40,MA401C2800,MA401C2800,32.0,0.0,0.0,0.0,7,30.5,32.0,7,33.5,32.0,32.0,32.0,1.0,32.0,135
2023-05-09 22:36:41,MA401C2800,MA401C2800,32.0,0.0,0.0,0.0,7,30.5,32.0,17,33.5,32.0,32.0,32.0,1.0,32.0,135
2023-05-09 22:36:43,MA401C2800,MA401C2800,32.0,0.0,0.0,0.0,17,30.5,32.0,17,33.5,32.0,32.0,32.0,1.0,32.0,135
2023-05-09 22:36:49,MA401C2800,MA401C2800,32.0,0.0,0.0,0.0,7,30.5,32.0,17,33.5,32.0,32.0,32.0,1.0,32.0,135
2023-05-09 22:36:50,MA401C2800,MA401C2800,32.0,0.0,0.0,0.0,17,30.5,32.0,17,33.5,32.0,32.0,32.0,1.0,32.0,135
2023-05-09 22:36:58,MA401C2800,MA401C2800,32.0,0.0,0.0,0.0,7,31.0,32.0,17,33.5,32.0,32.0,32.0,1.0,32.0,135
2023-05-09 22:37:52,MA401C2800,MA401C2800,32.0,0.0,0.0,0.0,7,31.0,32.0,10,33.5,32.0,32.0,32.0,1.0,32.0,135
2023-05-09 22:42:21,MA401C2800,MA401C2800,32.0,0.0,0.0,0.0,7,31.0,32.5,7,33.5,32.0,32.0,32.0,1.0,32.0,135
2023-05-09 22:42:22,MA401C2800,MA401C2800,32.0,0.0,0.0,0.0,7,31.0,32.5,17,33.5,32.0,32.0,32.0,1.0,32.0,135
2023-05-09 22:46:36,MA401C2800,MA401C2800,32.0,0.0,0.0,0.0,17,31.0,32.5,17,33.5,32.0,32.0,32.0,1.0,32.0,135
2023-05-09 22:46:36,MA401C2800,MA401C2800,32.0,0.0,0.0,0.0,7,31.0,32.5,17,33.5,32.0,32.0,32.0,1.0,32.0,135
2023-05-09 22:53:20,MA401C2800,MA401C2800,32.0,0.0,0.0,0.0,7,30.5,32.5,17,33.5,32.0,32.0,32.0,1.0,32.0,135
2023-05-09 22:55:58,MA401C2800,MA401C2800,32.0,0.0,0.0,0.0,11,30.0,32.5,10,33.5,32.0,32.0,32.0,1.0,32.0,135
2023-05-09 22:58:35,MA401C2800,MA401C2800,32.0,0.0,0.0,0.0,1,30.0,38.0,1,33.5,32.0,32.0,32.0,1.0,32.0,135
2023-05-09 22:59:55,MA401C2800,MA401C2800,32.0,0.0,0.0,0.0,1,30.0,0.0,0,33.5,32.0,32.0,32.0,1.0,32.0,135
2023-05-10 09:00:03,MA401C2800,MA401C2800,32.0,0.0,0.0,0.0,1,30.0,39.0,1,33.5,32.0,32.0,32.0,1.0,32.0,135
2023-05-10 09:01:26,MA401C2800,MA401C2800,32.0,0.0,0.0,0.0,7,31.0,33.5,7,33.5,32.0,32.0,32.0,1.0,32.0,135
2023-05-10 09:02:05,MA401C2800,MA401C2800,32.0,0.0,0.0,0.0,7,31.0,33.0,7,33.5,32.0,32.0,32.0,1.0,32.0,135
2023-05-10 09:03:26,MA401C2800,MA401C2800,32.0,0.0,0.0,0.0,7,31.5,33.0,7,33.5,32.0,32.0,32.0,1.0,32.0,135
2023-05-10 09:03:37,MA401C2800,MA401C2800,32.0,0.0,0.0,0.0,10,31.5,33.0,10,33.5,32.0,32.0,32.0,1.0,32.0,135
2023-05-10 09:03:38,MA401C2800,MA401C2800,32.0,0.0,0.0,0.0,3,32.0,32.5,3,33.5,32.0,32.0,32.0,1.0,32.0,135
2023-05-10 09:03:41,MA401C2800,MA401C2800,32.0,0.0,0.0,0.0,6,32.0,32.5,6,33.5,32.0,32.0,32.0,1.0,32.0,135
2023-05-10 09:03:42,MA401C2800,MA401C2800,32.0,0.0,0.0,0.0,6,32.0,32.5,9,33.5,32.0,32.0,32.0,1.0,32.0,135
2023-05-10 09:03:42,MA401C2800,MA401C2800,32.0,0.0,0.0,0.0,12,32.0,32.5,12,33.5,32.0,32.0,32.0,1.0,32.0,135
2023-05-10 09:03:46,MA401C2800,MA401C2800,32.0,0.0,0.0,0.0,15,32.0,32.5,15,33.5,32.0,32.0,32.0,1.0,32.0,135
2023-05-10 09:03:50,MA401C2800,MA401C2800,32.0,0.0,0.0,0.0,18,32.0,32.5,15,33.5,32.0,32.0,32.0,1.0,32.0,135
2023-05-10 09:03:53,MA401C2800,MA401C2800,32.0,0.0,0.0,0.0,15,32.0,32.5,12,33.5,32.0,32.0,32.0,1.0,32.0,135
2023-05-10 09:03:58,MA401C2800,MA401C2800,32.0,0.0,0.0,0.0,12,32.0,32.5,9,33.5,32.0,32.0,32.0,1.0,32.0,135
2023-05-10 09:04:00,MA401C2800,MA401C2800,32.0,0.0,0.0,0.0,9,32.0,32.5,6,33.5,32.0,32.0,32.0,1.0,32.0,135
2023-05-10 09:04:02,MA401C2800,MA401C2800,32.0,0.0,0.0,0.0,6,32.0,32.5,3,33.5,32.0,32.0,32.0,1.0,32.0,135
2023-05-10 09:04:02,MA401C2800,MA401C2800,32.0,0.0,0.0,0.0,3,32.0,32.5,3,33.5,32.0,32.0,32.0,1.0,32.0,135
2023-05-10 09:04:04,MA401C2800,MA401C2800,32.0,0.0,0.0,0.0,7,31.5,33.0,7,33.5,32.0,32.0,32.0,1.0,32.0,135
2023-05-10 09:04:54,MA401C2800,MA401C2800,32.0,0.0,0.0,0.0,7,31.5,33.0,17,33.5,32.0,32.0,32.0,1.0,32.0,135
2023-05-10 09:05:17,MA401C2800,MA401C2800,32.0,0.0,0.0,0.0,7,31.5,32.5,17,33.5,32.0,32.0,32.0,1.0,32.0,135
2023-05-10 09:06:11,MA401C2800,MA401C2800,32.0,0.0,0.0,0.0,7,31.0,32.5,17,33.5,32.0,32.0,32.0,1.0,32.0,135
2023-05-10 09:07:36,MA401C2800,MA401C2800,32.0,0.0,0.0,0.0,7,31.5,32.5,17,33.5,32.0,32.0,32.0,1.0,32.0,135
2023-05-10 09:07:55,MA401C2800,MA401C2800,32.0,0.0,0.0,0.0,7,31.5,32.5,7,33.5,32.0,32.0,32.0,1.0,32.0,135
2023-05-10 09:07:55,MA401C2800,MA401C2800,32.0,0.0,0.0,0.0,7,31.5,32.5,17,33.5,32.0,32.0,32.0,1.0,32.0,135
2023-05-10 09:08:08,MA401C2800,MA401C2800,32.0,0.0,0.0,0.0,7,31.5,32.5,10,33.5,32.0,32.0,32.0,1.0,32.0,135
2023-05-10 09:08:45,MA401C2800,MA401C2800,32.0,0.0,0.0,0.0,7,31.5,33.0,17,33.5,32.0,32.0,32.0,1.0,32.0,135
2023-05-10 09:10:51,MA401C2800,MA401C2800,32.0,0.0,0.0,0.0,7,31.5,32.5,17,33.5,32.0,32.0,32.0,1.0,32.0,135
2023-05-10 09:10:53,MA401C2800,MA401C2800,32.0,0.0,0.0,0.0,7,31.0,32.5,17,33.5,32.0,32.0,32.0,1.0,32.0,135
2023-05-10 09:17:16,MA401C2800,MA401C2800,32.0,0.0,0.0,0.0,17,31.0,32.5,17,33.5,32.0,32.0,32.0,1.0,32.0,135
2023-05-10 09:17:18,MA401C2800,MA401C2800,32.0,0.0,0.0,0.0,7,31.5,32.5,17,33.5,32.0,32.0,32.0,1.0,32.0,135
2023-05-10 09:17:22,MA401C2800,MA401C2800,32.0,0.0,0.0,0.0,7,31.5,32.5,10,33.5,32.0,32.0,32.0,1.0,32.0,135
2023-05-10 09:17:25,MA401C2800,MA401C2800,32.0,0.0,0.0,0.0,17,31.5,32.5,10,33.5,32.0,32.0,32.0,1.0,32.0,135
2023-05-10 09:17:26,MA401C2800,MA401C2800,32.0,0.0,0.0,0.0,7,31.5,32.5,10,33.5,32.0,32.0,32.0,1.0,32.0,135
2023-05-10 09:17:27,MA401C2800,MA401C2800,32.0,0.0,0.0,0.0,17,31.5,32.5,10,33.5,32.0,32.0,32.0,1.0,32.0,135
2023-05-10 09:17:38,MA401C2800,MA401C2800,32.0,0.0,0.0,0.0,7,32.0,32.5,10,33.5,32.0,32.0,32.0,1.0,32.0,135
2023-05-10 09:17:39,MA401C2800,MA401C2800,32.0,0.0,0.0,0.0,7,32.0,33.0,17,33.5,32.0,32.0,32.0,1.0,32.0,135
2023-05-10 09:17:52,MA401C2800,MA401C2800,32.0,0.0,0.0,0.0,7,32.0,33.0,10,33.5,32.0,32.0,32.0,1.0,32.0,135
2023-05-10 09:18:13,MA401C2800,MA401C2800,32.0,0.0,0.0,0.0,17,32.0,33.0,10,33.5,32.0,32.0,32.0,1.0,32.0,135
2023-05-10 09:18:15,MA401C2800,MA401C2800,32.0,0.0,0.0,0.0,7,32.0,33.0,10,33.5,32.0,32.0,32.0,1.0,32.0,135
2023-05-10 09:18:38,MA401C2800,MA401C2800,32.0,0.0,0.0,0.0,17,32.0,33.0,10,33.5,32.0,32.0,32.0,1.0,32.0,135
2023-05-10 09:18:40,MA401C2800,MA401C2800,32.0,0.0,0.0,0.0,7,32.0,33.0,10,33.5,32.0,32.0,32.0,1.0,32.0,135
2023-05-10 09:19:19,MA401C2800,MA401C2800,32.0,0.0,0.0,0.0,17,32.0,33.0,10,33.5,32.0,32.0,32.0,1.0,32.0,135
2023-05-10 09:19:21,MA401C2800,MA401C2800,32.0,0.0,0.0,0.0,17,32.0,33.5,17,33.5,32.0,32.0,32.0,1.0,32.0,135
2023-05-10 09:19:30,MA401C2800,MA401C2800,32.0,0.0,0.0,0.0,7,32.5,33.5,17,33.5,32.0,32.0,32.0,1.0,32.0,135
2023-05-10 09:19:47,MA401C2800,MA401C2800,32.0,0.0,0.0,0.0,17,32.0,33.5,17,33.5,32.0,32.0,32.0,1.0,32.0,135
2023-05-10 09:19:55,MA401C2800,MA401C2800,32.0,0.0,0.0,0.0,7,32.0,33.5,17,33.5,32.0,32.0,32.0,1.0,32.0,135
2023-05-10 09:20:01,MA401C2800,MA401C2800,32.0,0.0,0.0,0.0,17,32.0,33.5,17,33.5,32.0,32.0,32.0,1.0,32.0,135
2023-05-10 09:20:05,MA401C2800,MA401C2800,32.0,0.0,0.0,0.0,7,32.0,33.5,17,33.5,32.0,32.0,32.0,1.0,32.0,135
2023-05-10 09:20:14,MA401C2800,MA401C2800,32.0,0.0,0.0,0.0,17,32.0,33.5,17,33.5,32.0,32.0,32.0,1.0,32.0,135
2023-05-10 09:20:19,MA401C2800,MA401C2800,32.0,0.0,0.0,0.0,7,32.0,33.5,17,33.5,32.0,32.0,32.0,1.0,32.0,135
2023-05-10 09:20:20,MA401C2800,MA401C2800,32.0,0.0,0.0,0.0,17,32.0,33.5,17,33.5,32.0,32.0,32.0,1.0,32.0,135
2023-05-10 09:20:22,MA401C2800,MA401C2800,32.0,0.0,0.0,0.0,7,32.0,33.5,17,33.5,32.0,32.0,32.0,1.0,32.0,135
2023-05-10 09:20:52,MA401C2800,MA401C2800,32.0,0.0,0.0,0.0,17,32.0,33.5,17,33.5,32.0,32.0,32.0,1.0,32.0,135
2023-05-10 09:21:01,MA401C2800,MA401C2800,32.0,0.0,0.0,0.0,7,32.0,33.5,17,33.5,32.0,32.0,32.0,1.0,32.0,135
2023-05-10 09:22:14,MA401C2800,MA401C2800,32.0,0.0,0.0,0.0,7,32.0,33.0,17,33.5,32.0,32.0,32.0,1.0,32.0,135
2023-05-10 09:23:02,MA401C2800,MA401C2800,32.0,0.0,0.0,0.0,7,32.0,33.0,10,33.5,32.0,32.0,32.0,1.0,32.0,135
2023-05-10 09:23:55,MA401C2800,MA401C2800,32.0,0.0,0.0,0.0,7,32.0,33.0,17,33.5,32.0,32.0,32.0,1.0,32.0,135
2023-05-10 09:24:06,MA401C2800,MA401C2800,32.0,0.0,0.0,0.0,10,31.0,33.0,17,33.5,32.0,32.0,32.0,1.0,32.0,135
2023-05-10 09:24:07,MA401C2800,MA401C2800,32.0,0.0,0.0,0.0,7,31.5,33.0,17,33.5,32.0,32.0,32.0,1.0,32.0,135
2023-05-10 09:24:09,MA401C2800,MA401C2800,32.0,0.0,0.0,0.0,17,31.5,33.0,17,33.5,32.0,32.0,32.0,1.0,32.0,135
2023-05-10 09:24:12,MA401C2800,MA401C2800,32.0,0.0,0.0,0.0,7,31.5,33.0,17,33.5,32.0,32.0,32.0,1.0,32.0,135
2023-05-10 09:27:18,MA401C2800,MA401C2800,32.0,0.0,0.0,0.0,7,31.5,32.5,7,33.5,32.0,32.0,32.0,1.0,32.0,135
2023-05-10 09:27:18,MA401C2800,MA401C2800,32.0,0.0,0.0,0.0,7,31.5,32.5,17,33.5,32.0,32.0,32.0,1.0,32.0,135
2023-05-10 09:27:20,MA401C2800,MA401C2800,32.0,0.0,0.0,0.0,10,30.5,32.5,17,33.5,32.0,32.0,32.0,1.0,32.0,135
2023-05-10 09:27:21,MA401C2800,MA401C2800,32.0,0.0,0.0,0.0,7,31.0,32.5,17,33.5,32.0,32.0,32.0,1.0,32.0,135
2023-05-10 09:27:58,MA401C2800,MA401C2800,32.0,0.0,0.0,0.0,17,31.0,32.5,17,33.5,32.0,32.0,32.0,1.0,32.0,135
2023-05-10 09:27:59,MA401C2800,MA401C2800,32.0,0.0,0.0,0.0,7,31.0,32.5,17,33.5,32.0,32.0,32.0,1.0,32.0,135
2023-05-10 09:31:05,MA401C2800,MA401C2800,32.0,0.0,0.0,0.0,7,31.0,32.0,7,33.5,32.0,32.0,32.0,1.0,32.0,135
2023-05-10 09:31:05,MA401C2800,MA401C2800,32.0,0.0,0.0,0.0,7,31.0,32.0,17,33.5,32.0,32.0,32.0,1.0,32.0,135
2023-05-10 09:31:07,MA401C2800,MA401C2800,32.0,0.0,0.0,0.0,7,30.5,32.0,17,33.5,32.0,32.0,32.0,1.0,32.0,135
2023-05-10 09:32:14,MA401C2800,MA401C2800,32.0,0.0,0.0,0.0,1,30.0,32.0,17,33.5,32.0,32.0,32.0,1.0,32.0,135
2023-05-10 09:32:16,MA401C2800,MA401C2800,32.0,0.0,0.0,0.0,1,30.0,32.0,7,33.5,32.0,32.0,32.0,1.0,32.0,135
2023-05-10 09:32:17,MA401C2800,MA401C2800,32.0,0.0,0.0,0.0,1,30.0,32.0,17,33.5,32.0,32.0,32.0,1.0,32.0,135
2023-05-10 09:32:17,MA401C2800,MA401C2800,32.0,0.0,0.0,0.0,8,30.0,32.0,17,33.5,32.0,32.0,32.0,1.0,32.0,135
2023-05-10 09:32:18,MA401C2800,MA401C2800,32.0,0.0,0.0,0.0,8,30.0,31.5,7,33.5,32.0,32.0,32.0,1.0,32.0,135
2023-05-10 09:32:18,MA401C2800,MA401C2800,32.0,0.0,0.0,0.0,8,30.0,31.5,17,33.5,32.0,32.0,32.0,1.0,32.0,135
2023-05-10 09:36:17,MA401C2800,MA401C2800,32.0,0.0,0.0,0.0,7,30.5,31.5,17,33.5,32.0,32.0,32.0,1.0,32.0,135
2023-05-10 09:36:19,MA401C2800,MA401C2800,32.0,0.0,0.0,0.0,7,30.5,31.5,7,33.5,32.0,32.0,32.0,1.0,32.0,135
2023-05-10 09:36:20,MA401C2800,MA401C2800,32.0,0.0,0.0,0.0,7,30.5,31.5,17,33.5,32.0,32.0,32.0,1.0,32.0,135
2023-05-10 09:36:21,MA401C2800,MA401C2800,32.0,0.0,0.0,0.0,7,30.5,31.5,10,33.5,32.0,32.0,32.0,1.0,32.0,135
2023-05-10 09:40:18,MA401C2800,MA401C2800,32.0,0.0,0.0,0.0,7,30.5,31.5,17,33.5,32.0,32.0,32.0,1.0,32.0,135
2023-05-10 09:45:20,MA401C2800,MA401C2800,32.0,0.0,0.0,0.0,7,30.5,31.5,10,33.5,32.0,32.0,32.0,1.0,32.0,135
2023-05-10 09:47:58,MA401C2800,MA401C2800,32.0,0.0,0.0,0.0,7,30.5,32.0,7,33.5,32.0,32.0,32.0,1.0,32.0,135
2023-05-10 09:47:59,MA401C2800,MA401C2800,32.0,0.0,0.0,0.0,7,30.5,32.0,17,33.5,32.0,32.0,32.0,1.0,32.0,135
2023-05-10 09:49:24,MA401C2800,MA401C2800,32.0,0.0,0.0,0.0,7,30.5,31.5,17,33.5,32.0,32.0,32.0,1.0,32.0,135
2023-05-10 09:49:28,MA401C2800,MA401C2800,32.0,0.0,0.0,0.0,8,30.0,31.5,17,33.5,32.0,32.0,32.0,1.0,32.0,135
2023-05-10 09:49:53,MA401C2800,MA401C2800,32.0,0.0,0.0,0.0,8,30.0,31.0,7,33.5,32.0,32.0,32.0,1.0,32.0,135
2023-05-10 09:49:54,MA401C2800,MA401C2800,32.0,0.0,0.0,0.0,8,30.0,31.0,17,33.5,32.0,32.0,32.0,1.0,32.0,135
2023-05-10 09:53:06,MA401C2800,MA401C2800,32.0,0.0,0.0,0.0,1,30.0,31.0,17,33.5,32.0,32.0,32.0,1.0,32.0,135
2023-05-10 09:53:20,MA401C2800,MA401C2800,32.0,0.0,0.0,0.0,1,30.0,31.0,7,33.5,32.0,32.0,32.0,1.0,32.0,135
2023-05-10 09:53:20,MA401C2800,MA401C2800,32.0,0.0,0.0,0.0,1,30.0,31.0,17,33.5,32.0,32.0,32.0,1.0,32.0,135
2023-05-10 09:57:56,MA401C2800,MA401C2800,32.0,0.0,0.0,0.0,1,30.0,30.5,7,33.5,32.0,32.0,32.0,1.0,32.0,135
2023-05-10 09:57:56,MA401C2800,MA401C2800,32.0,0.0,0.0,0.0,1,30.0,30.5,17,33.5,32.0,32.0,32.0,1.0,32.0,135
2023-05-10 09:57:59,MA401C2800,MA401C2800,30.0,1.0,30.0,0.0,7,29.5,30.5,17,33.5,32.0,32.0,30.0,2.0,62.0,135
2023-05-10 10:00:19,MA401C2800,MA401C2800,30.0,0.0,0.0,0.0,7,29.5,30.5,10,33.5,32.0,32.0,30.0,2.0,62.0,135
2023-05-10 10:01:09,MA401C2800,MA401C2800,30.0,0.0,0.0,0.0,7,30.0,30.5,10,33.5,32.0,32.0,30.0,2.0,62.0,135
2023-05-10 10:02:07,MA401C2800,MA401C2800,30.0,0.0,0.0,0.0,7,29.5,30.5,10,33.5,32.0,32.0,30.0,2.0,62.0,135
2023-05-10 10:03:03,MA401C2800,MA401C2800,30.0,0.0,0.0,0.0,7,29.5,30.5,17,33.5,32.0,32.0,30.0,2.0,62.0,135
2023-05-10 10:04:04,MA401C2800,MA401C2800,30.0,0.0,0.0,0.0,7,29.0,30.5,17,33.5,32.0,32.0,30.0,2.0,62.0,135
2023-05-10 10:05:45,MA401C2800,MA401C2800,30.0,0.0,0.0,0.0,17,29.0,30.5,17,33.5,32.0,32.0,30.0,2.0,62.0,135
2023-05-10 10:05:46,MA401C2800,MA401C2800,30.0,0.0,0.0,0.0,7,29.5,30.5,17,33.5,32.0,32.0,30.0,2.0,62.0,135
2023-05-10 10:08:47,MA401C2800,MA401C2800,30.0,0.0,0.0,0.0,7,29.5,30.5,7,33.5,32.0,32.0,30.0,2.0,62.0,135
2023-05-10 10:08:48,MA401C2800,MA401C2800,30.0,0.0,0.0,0.0,7,29.5,30.5,17,33.5,32.0,32.0,30.0,2.0,62.0,135
2023-05-10 10:09:29,MA401C2800,MA401C2800,30.0,0.0,0.0,0.0,7,29.5,30.5,10,33.5,32.0,32.0,30.0,2.0,62.0,135
2023-05-10 10:11:18,MA401C2800,MA401C2800,30.0,0.0,0.0,0.0,17,29.5,30.5,10,33.5,32.0,32.0,30.0,2.0,62.0,135
2023-05-10 10:11:21,MA401C2800,MA401C2800,30.0,0.0,0.0,0.0,7,29.5,30.5,10,33.5,32.0,32.0,30.0,2.0,62.0,135
2023-05-10 10:11:32,MA401C2800,MA401C2800,30.0,0.0,0.0,0.0,7,29.5,30.5,17,33.5,32.0,32.0,30.0,2.0,62.0,135
2023-05-10 10:11:59,MA401C2800,MA401C2800,30.0,0.0,0.0,0.0,17,29.0,30.5,17,33.5,32.0,32.0,30.0,2.0,62.0,135
2023-05-10 10:12:24,MA401C2800,MA401C2800,30.0,0.0,0.0,0.0,7,29.5,30.5,17,33.5,32.0,32.0,30.0,2.0,62.0,135
2023-05-10 10:13:44,MA401C2800,MA401C2800,30.0,0.0,0.0,0.0,7,29.0,30.5,17,33.5,32.0,32.0,30.0,2.0,62.0,135
2023-05-10 10:13:47,MA401C2800,MA401C2800,30.0,0.0,0.0,0.0,17,29.0,30.5,17,33.5,32.0,32.0,30.0,2.0,62.0,135
2023-05-10 10:14:16,MA401C2800,MA401C2800,30.0,0.0,0.0,0.0,7,29.0,30.5,17,33.5,32.0,32.0,30.0,2.0,62.0,135
2023-05-10 10:14:30,MA401C2800,MA401C2800,30.0,0.0,0.0,0.0,7,29.0,30.5,7,33.5,32.0,32.0,30.0,2.0,62.0,135
2023-05-10 10:31:05,MA401C2800,MA401C2800,30.0,0.0,0.0,0.0,7,29.0,30.0,7,33.5,32.0,32.0,30.0,2.0,62.0,135
2023-05-10 10:33:01,MA401C2800,MA401C2800,30.0,0.0,0.0,0.0,7,29.0,30.0,17,33.5,32.0,32.0,30.0,2.0,62.0,135
2023-05-10 10:37:24,MA401C2800,MA401C2800,30.0,0.0,0.0,0.0,8,28.5,30.0,17,33.5,32.0,32.0,30.0,2.0,62.0,135
2023-05-10 10:37:25,MA401C2800,MA401C2800,30.0,0.0,0.0,0.0,7,28.5,30.0,17,33.5,32.0,32.0,30.0,2.0,62.0,135
2023-05-10 10:40:59,MA401C2800,MA401C2800,30.0,0.0,0.0,0.0,7,28.5,30.0,7,33.5,32.0,32.0,30.0,2.0,62.0,135
2023-05-10 10:41:00,MA401C2800,MA401C2800,30.0,0.0,0.0,0.0,7,28.5,30.0,17,33.5,32.0,32.0,30.0,2.0,62.0,135
2023-05-10 10:41:06,MA401C2800,MA401C2800,30.0,0.0,0.0,0.0,7,29.0,30.0,17,33.5,32.0,32.0,30.0,2.0,62.0,135
2023-05-10 10:42:51,MA401C2800,MA401C2800,30.0,0.0,0.0,0.0,7,29.0,30.0,10,33.5,32.0,32.0,30.0,2.0,62.0,135
2023-05-10 10:48:32,MA401C2800,MA401C2800,30.0,0.0,0.0,0.0,7,29.0,30.0,17,33.5,32.0,32.0,30.0,2.0,62.0,135
2023-05-10 10:57:32,MA401C2800,MA401C2800,30.0,0.0,0.0,0.0,7,28.5,30.0,17,33.5,32.0,32.0,30.0,2.0,62.0,135
2023-05-10 10:58:48,MA401C2800,MA401C2800,30.0,0.0,0.0,0.0,7,28.5,29.5,7,33.5,32.0,32.0,30.0,2.0,62.0,135
2023-05-10 10:58:48,MA401C2800,MA401C2800,30.0,0.0,0.0,0.0,7,28.5,29.5,17,33.5,32.0,32.0,30.0,2.0,62.0,135
2023-05-10 11:04:50,MA401C2800,MA401C2800,30.0,0.0,0.0,0.0,10,27.5,29.5,17,33.5,32.0,32.0,30.0,2.0,62.0,135
2023-05-10 11:04:51,MA401C2800,MA401C2800,30.0,0.0,0.0,0.0,7,28.0,29.5,17,33.5,32.0,32.0,30.0,2.0,62.0,135
2023-05-10 11:05:13,MA401C2800,MA401C2800,30.0,0.0,0.0,0.0,7,28.5,29.5,17,33.5,32.0,32.0,30.0,2.0,62.0,135
2023-05-10 11:05:20,MA401C2800,MA401C2800,30.0,0.0,0.0,0.0,7,28.5,29.5,10,33.5,32.0,32.0,30.0,2.0,62.0,135
2023-05-10 11:05:48,MA401C2800,MA401C2800,30.0,0.0,0.0,0.0,7,28.5,30.0,7,33.5,32.0,32.0,30.0,2.0,62.0,135
2023-05-10 11:05:49,MA401C2800,MA401C2800,30.0,0.0,0.0,0.0,7,29.0,30.0,17,33.5,32.0,32.0,30.0,2.0,62.0,135
2023-05-10 11:06:11,MA401C2800,MA401C2800,30.0,0.0,0.0,0.0,7,28.5,30.0,17,33.5,32.0,32.0,30.0,2.0,62.0,135
2023-05-10 11:10:29,MA401C2800,MA401C2800,30.0,0.0,0.0,0.0,7,29.0,30.0,17,33.5,32.0,32.0,30.0,2.0,62.0,135
2023-05-10 11:11:03,MA401C2800,MA401C2800,30.0,0.0,0.0,0.0,7,28.5,30.0,17,33.5,32.0,32.0,30.0,2.0,62.0,135
2023-05-10 11:11:19,MA401C2800,MA401C2800,30.0,0.0,0.0,0.0,7,29.0,30.0,17,33.5,32.0,32.0,30.0,2.0,62.0,135
2023-05-10 11:11:47,MA401C2800,MA401C2800,30.0,0.0,0.0,0.0,7,29.0,30.0,10,33.5,32.0,32.0,30.0,2.0,62.0,135
2023-05-10 11:15:28,MA401C2800,MA401C2800,30.0,0.0,0.0,0.0,7,29.0,30.0,17,33.5,32.0,32.0,30.0,2.0,62.0,135
2023-05-10 11:16:01,MA401C2800,MA401C2800,30.0,0.0,0.0,0.0,7,28.5,30.0,17,33.5,32.0,32.0,30.0,2.0,62.0,135
2023-05-10 11:23:15,MA401C2800,MA401C2800,30.0,0.0,0.0,0.0,7,28.5,29.5,17,33.5,32.0,32.0,30.0,2.0,62.0,135
2023-05-10 11:25:50,MA401C2800,MA401C2800,30.0,0.0,0.0,0.0,7,28.0,29.5,17,33.5,32.0,32.0,30.0,2.0,62.0,135
2023-05-10 11:27:22,MA401C2800,MA401C2800,30.0,0.0,0.0,0.0,7,28.5,29.5,17,33.5,32.0,32.0,30.0,2.0,62.0,135
2023-05-10 11:29:08,MA401C2800,MA401C2800,30.0,0.0,0.0,0.0,7,28.5,29.5,7,33.5,32.0,32.0,30.0,2.0,62.0,135
2023-05-10 11:29:28,MA401C2800,MA401C2800,30.0,0.0,0.0,0.0,1,26.0,34.5,1,33.5,32.0,32.0,30.0,2.0,62.0,135
2023-05-10 11:29:28,MA401C2800,MA401C2800,30.0,0.0,0.0,0.0,1,26.0,34.0,1,33.5,32.0,32.0,30.0,2.0,62.0,135
2023-05-10 11:29:35,MA401C2800,MA401C2800,30.0,0.0,0.0,0.0,1,21.0,34.0,1,33.5,32.0,32.0,30.0,2.0,62.0,135
2023-05-10 11:29:35,MA401C2800,MA401C2800,30.0,0.0,0.0,0.0,1,24.0,34.0,1,33.5,32.0,32.0,30.0,2.0,62.0,135
2023-05-10 11:29:35,MA401C2800,MA401C2800,30.0,0.0,0.0,0.0,1,24.5,34.0,1,33.5,32.0,32.0,30.0,2.0,62.0,135
2023-05-10 11:29:55,MA401C2800,MA401C2800,30.0,0.0,0.0,0.0,1,24.0,34.5,1,33.5,32.0,32.0,30.0,2.0,62.0,135
2023-05-10 13:30:00,MA401C2800,MA401C2800,30.0,0.0,0.0,0.0,19,10.0,34.5,1,33.5,32.0,32.0,30.0,2.0,62.0,135
2023-05-10 13:30:00,MA401C2800,MA401C2800,30.0,0.0,0.0,0.0,1,24.5,34.0,1,33.5,32.0,32.0,30.0,2.0,62.0,135
2023-05-10 13:30:00,MA401C2800,MA401C2800,30.0,0.0,0.0,0.0,19,10.0,34.5,1,33.5,32.0,32.0,30.0,2.0,62.0,135
2023-05-10 13:30:00,MA401C2800,MA401C2800,30.0,0.0,0.0,0.0,1,24.5,34.0,1,33.5,32.0,32.0,30.0,2.0,62.0,135
2023-05-10 13:30:01,MA401C2800,MA401C2800,30.0,0.0,0.0,0.0,2,24.5,34.0,1,33.5,32.0,32.0,30.0,2.0,62.0,135
2023-05-10 13:30:01,MA401C2800,MA401C2800,30.0,0.0,0.0,0.0,1,24.5,34.0,1,33.5,32.0,32.0,30.0,2.0,62.0,135
2023-05-10 13:30:02,MA401C2800,MA401C2800,30.0,0.0,0.0,0.0,1,25.0,34.0,1,33.5,32.0,32.0,30.0,2.0,62.0,135
2023-05-10 13:30:54,MA401C2800,MA401C2800,30.0,0.0,0.0,0.0,7,28.5,30.0,7,33.5,32.0,32.0,30.0,2.0,62.0,135
2023-05-10 13:31:09,MA401C2800,MA401C2800,30.0,0.0,0.0,0.0,7,28.5,29.5,7,33.5,32.0,32.0,30.0,2.0,62.0,135
2023-05-10 13:31:25,MA401C2800,MA401C2800,30.0,0.0,0.0,0.0,1,25.0,29.5,7,33.5,32.0,32.0,30.0,2.0,62.0,135
2023-05-10 13:31:25,MA401C2800,MA401C2800,30.0,0.0,0.0,0.0,7,28.0,29.5,7,33.5,32.0,32.0,30.0,2.0,62.0,135
2023-05-10 13:33:15,MA401C2800,MA401C2800,30.0,0.0,0.0,0.0,17,28.0,29.5,17,33.5,32.0,32.0,30.0,2.0,62.0,135
2023-05-10 13:33:53,MA401C2800,MA401C2800,30.0,0.0,0.0,0.0,7,28.0,29.5,17,33.5,32.0,32.0,30.0,2.0,62.0,135
2023-05-10 13:34:28,MA401C2800,MA401C2800,30.0,0.0,0.0,0.0,17,28.0,29.5,17,33.5,32.0,32.0,30.0,2.0,62.0,135
2023-05-10 13:35:07,MA401C2800,MA401C2800,30.0,0.0,0.0,0.0,7,28.0,29.5,17,33.5,32.0,32.0,30.0,2.0,62.0,135
2023-05-10 13:35:09,MA401C2800,MA401C2800,30.0,0.0,0.0,0.0,17,28.0,29.5,17,33.5,32.0,32.0,30.0,2.0,62.0,135
2023-05-10 13:35:12,MA401C2800,MA401C2800,30.0,0.0,0.0,0.0,7,28.0,29.5,17,33.5,32.0,32.0,30.0,2.0,62.0,135
2023-05-10 13:35:55,MA401C2800,MA401C2800,30.0,0.0,0.0,0.0,7,28.0,29.5,7,33.5,32.0,32.0,30.0,2.0,62.0,135
2023-05-10 13:35:56,MA401C2800,MA401C2800,30.0,0.0,0.0,0.0,7,28.0,29.5,17,33.5,32.0,32.0,30.0,2.0,62.0,135
2023-05-10 13:36:08,MA401C2800,MA401C2800,30.0,0.0,0.0,0.0,17,28.0,29.5,17,33.5,32.0,32.0,30.0,2.0,62.0,135
2023-05-10 13:36:08,MA401C2800,MA401C2800,30.0,0.0,0.0,0.0,7,28.0,29.5,7,33.5,32.0,32.0,30.0,2.0,62.0,135
2023-05-10 13:36:08,MA401C2800,MA401C2800,30.0,0.0,0.0,0.0,7,28.0,29.5,17,33.5,32.0,32.0,30.0,2.0,62.0,135
2023-05-10 13:36:10,MA401C2800,MA401C2800,30.0,0.0,0.0,0.0,7,28.5,29.5,17,33.5,32.0,32.0,30.0,2.0,62.0,135
2023-05-10 13:38:44,MA401C2800,MA401C2800,30.0,0.0,0.0,0.0,7,28.5,29.5,10,33.5,32.0,32.0,30.0,2.0,62.0,135
2023-05-10 13:38:46,MA401C2800,MA401C2800,30.0,0.0,0.0,0.0,7,28.5,30.0,7,33.5,32.0,32.0,30.0,2.0,62.0,135
2023-05-10 13:38:47,MA401C2800,MA401C2800,30.0,0.0,0.0,0.0,7,28.5,30.0,17,33.5,32.0,32.0,30.0,2.0,62.0,135
2023-05-10 13:39:50,MA401C2800,MA401C2800,30.0,0.0,0.0,0.0,17,28.5,30.0,17,33.5,32.0,32.0,30.0,2.0,62.0,135
2023-05-10 13:39:54,MA401C2800,MA401C2800,30.0,0.0,0.0,0.0,7,28.5,30.0,17,33.5,32.0,32.0,30.0,2.0,62.0,135
2023-05-10 13:39:55,MA401C2800,MA401C2800,30.0,0.0,0.0,0.0,17,28.5,30.0,17,33.5,32.0,32.0,30.0,2.0,62.0,135
2023-05-10 13:39:55,MA401C2800,MA401C2800,30.0,0.0,0.0,0.0,7,28.5,30.0,7,33.5,32.0,32.0,30.0,2.0,62.0,135
2023-05-10 13:39:56,MA401C2800,MA401C2800,30.0,0.0,0.0,0.0,17,28.5,30.0,17,33.5,32.0,32.0,30.0,2.0,62.0,135
2023-05-10 13:40:00,MA401C2800,MA401C2800,30.0,0.0,0.0,0.0,7,28.5,30.0,17,33.5,32.0,32.0,30.0,2.0,62.0,135
2023-05-10 13:40:01,MA401C2800,MA401C2800,30.0,0.0,0.0,0.0,17,28.5,30.0,17,33.5,32.0,32.0,30.0,2.0,62.0,135
2023-05-10 13:40:05,MA401C2800,MA401C2800,30.0,0.0,0.0,0.0,7,28.5,30.0,17,33.5,32.0,32.0,30.0,2.0,62.0,135
2023-05-10 13:42:33,MA401C2800,MA401C2800,30.0,0.0,0.0,0.0,17,28.5,30.0,17,33.5,32.0,32.0,30.0,2.0,62.0,135
2023-05-10 13:44:11,MA401C2800,MA401C2800,30.0,0.0,0.0,0.0,7,29.0,30.0,17,33.5,32.0,32.0,30.0,2.0,62.0,135
2023-05-10 13:44:11,MA401C2800,MA401C2800,30.0,0.0,0.0,0.0,7,29.0,30.0,7,33.5,32.0,32.0,30.0,2.0,62.0,135
2023-05-10 13:44:12,MA401C2800,MA401C2800,30.0,0.0,0.0,0.0,7,29.0,30.0,17,33.5,32.0,32.0,30.0,2.0,62.0,135
2023-05-10 13:45:25,MA401C2800,MA401C2800,30.0,0.0,0.0,0.0,17,29.0,30.0,17,33.5,32.0,32.0,30.0,2.0,62.0,135
2023-05-10 13:45:28,MA401C2800,MA401C2800,30.0,0.0,0.0,0.0,7,29.0,30.0,17,33.5,32.0,32.0,30.0,2.0,62.0,135
2023-05-10 13:45:45,MA401C2800,MA401C2800,30.0,0.0,0.0,0.0,17,29.0,30.0,17,33.5,32.0,32.0,30.0,2.0,62.0,135
2023-05-10 13:46:13,MA401C2800,MA401C2800,30.0,0.0,0.0,0.0,7,29.0,30.0,17,33.5,32.0,32.0,30.0,2.0,62.0,135
2023-05-10 13:46:13,MA401C2800,MA401C2800,30.0,0.0,0.0,0.0,17,29.0,30.0,17,33.5,32.0,32.0,30.0,2.0,62.0,135
2023-05-10 13:46:15,MA401C2800,MA401C2800,30.0,0.0,0.0,0.0,7,29.0,30.0,17,33.5,32.0,32.0,30.0,2.0,62.0,135
2023-05-10 13:46:39,MA401C2800,MA401C2800,30.0,0.0,0.0,0.0,17,29.0,30.0,17,33.5,32.0,32.0,30.0,2.0,62.0,135
2023-05-10 13:46:43,MA401C2800,MA401C2800,30.0,0.0,0.0,0.0,17,29.0,30.0,10,33.5,32.0,32.0,30.0,2.0,62.0,135
2023-05-10 13:47:06,MA401C2800,MA401C2800,30.0,0.0,0.0,0.0,17,29.0,30.5,17,33.5,32.0,32.0,30.0,2.0,62.0,135
2023-05-10 13:48:58,MA401C2800,MA401C2800,30.0,0.0,0.0,0.0,7,29.0,30.0,17,33.5,32.0,32.0,30.0,2.0,62.0,135
2023-05-10 13:49:00,MA401C2800,MA401C2800,30.0,0.0,0.0,0.0,17,29.0,30.0,17,33.5,32.0,32.0,30.0,2.0,62.0,135
2023-05-10 13:49:08,MA401C2800,MA401C2800,30.0,0.0,0.0,0.0,7,29.0,30.0,17,33.5,32.0,32.0,30.0,2.0,62.0,135
2023-05-10 13:49:20,MA401C2800,MA401C2800,30.0,0.0,0.0,0.0,17,28.5,30.0,17,33.5,32.0,32.0,30.0,2.0,62.0,135
2023-05-10 13:50:56,MA401C2800,MA401C2800,30.0,0.0,0.0,0.0,7,28.5,30.0,17,33.5,32.0,32.0,30.0,2.0,62.0,135
2023-05-10 13:51:04,MA401C2800,MA401C2800,30.0,0.0,0.0,0.0,17,28.5,30.0,17,33.5,32.0,32.0,30.0,2.0,62.0,135
2023-05-10 13:51:10,MA401C2800,MA401C2800,30.0,0.0,0.0,0.0,7,28.5,30.0,17,33.5,32.0,32.0,30.0,2.0,62.0,135
2023-05-10 13:51:17,MA401C2800,MA401C2800,30.0,0.0,0.0,0.0,17,28.5,30.0,17,33.5,32.0,32.0,30.0,2.0,62.0,135
2023-05-10 13:55:22,MA401C2800,MA401C2800,30.0,0.0,0.0,0.0,2,29.5,30.0,17,33.5,32.0,32.0,30.0,2.0,62.0,135
2023-05-10 13:55:24,MA401C2800,MA401C2800,29.5,2.0,60.0,0.0,17,28.5,30.0,17,33.5,32.0,32.0,29.5,4.0,122.0,135
2023-05-10 13:56:06,MA401C2800,MA401C2800,29.5,0.0,0.0,0.0,7,28.5,30.0,17,33.5,32.0,32.0,29.5,4.0,122.0,135
2023-05-10 13:56:08,MA401C2800,MA401C2800,29.5,0.0,0.0,0.0,17,28.5,30.0,17,33.5,32.0,32.0,29.5,4.0,122.0,135
2023-05-10 13:56:09,MA401C2800,MA401C2800,29.5,0.0,0.0,0.0,7,28.5,30.0,7,33.5,32.0,32.0,29.5,4.0,122.0,135
2023-05-10 13:56:09,MA401C2800,MA401C2800,29.5,0.0,0.0,0.0,17,28.5,30.0,17,33.5,32.0,32.0,29.5,4.0,122.0,135
2023-05-10 13:57:27,MA401C2800,MA401C2800,29.5,0.0,0.0,0.0,7,28.5,30.0,17,33.5,32.0,32.0,29.5,4.0,122.0,135
2023-05-10 13:57:28,MA401C2800,MA401C2800,29.5,0.0,0.0,0.0,17,28.5,30.0,17,33.5,32.0,32.0,29.5,4.0,122.0,135
2023-05-10 13:58:54,MA401C2800,MA401C2800,29.5,0.0,0.0,0.0,7,28.5,30.0,17,33.5,32.0,32.0,29.5,4.0,122.0,135
2023-05-10 13:58:54,MA401C2800,MA401C2800,29.5,0.0,0.0,0.0,17,28.5,30.0,17,33.5,32.0,32.0,29.5,4.0,122.0,135
2023-05-10 14:00:08,MA401C2800,MA401C2800,29.5,0.0,0.0,0.0,7,28.5,30.0,17,33.5,32.0,32.0,29.5,4.0,122.0,135
2023-05-10 14:00:12,MA401C2800,MA401C2800,29.5,0.0,0.0,0.0,7,28.5,30.0,7,33.5,32.0,32.0,29.5,4.0,122.0,135
2023-05-10 14:00:13,MA401C2800,MA401C2800,29.5,0.0,0.0,0.0,7,28.5,30.0,17,33.5,32.0,32.0,29.5,4.0,122.0,135
2023-05-10 14:00:13,MA401C2800,MA401C2800,29.5,0.0,0.0,0.0,17,28.5,30.0,17,33.5,32.0,32.0,29.5,4.0,122.0,135
2023-05-10 14:00:43,MA401C2800,MA401C2800,29.5,0.0,0.0,0.0,7,29.0,30.0,17,33.5,32.0,32.0,29.5,4.0,122.0,135
2023-05-10 14:03:49,MA401C2800,MA401C2800,29.5,0.0,0.0,0.0,17,28.5,30.0,17,33.5,32.0,32.0,29.5,4.0,122.0,135
2023-05-10 14:04:03,MA401C2800,MA401C2800,29.5,0.0,0.0,0.0,7,28.5,30.0,17,33.5,32.0,32.0,29.5,4.0,122.0,135
2023-05-10 14:04:10,MA401C2800,MA401C2800,29.5,0.0,0.0,0.0,17,28.5,30.0,17,33.5,32.0,32.0,29.5,4.0,122.0,135
2023-05-10 14:04:40,MA401C2800,MA401C2800,29.5,0.0,0.0,0.0,7,28.5,30.0,17,33.5,32.0,32.0,29.5,4.0,122.0,135
2023-05-10 14:10:29,MA401C2800,MA401C2800,29.5,0.0,0.0,0.0,17,28.5,30.0,17,33.5,32.0,32.0,29.5,4.0,122.0,135
2023-05-10 14:10:32,MA401C2800,MA401C2800,29.5,0.0,0.0,0.0,7,28.5,30.0,17,33.5,32.0,32.0,29.5,4.0,122.0,135
2023-05-10 14:10:33,MA401C2800,MA401C2800,29.5,0.0,0.0,0.0,7,28.5,30.0,7,33.5,32.0,32.0,29.5,4.0,122.0,135
2023-05-10 14:10:33,MA401C2800,MA401C2800,29.5,0.0,0.0,0.0,17,28.5,30.0,17,33.5,32.0,32.0,29.5,4.0,122.0,135
2023-05-10 14:10:34,MA401C2800,MA401C2800,29.5,0.0,0.0,0.0,7,28.5,30.0,17,33.5,32.0,32.0,29.5,4.0,122.0,135
2023-05-10 14:10:37,MA401C2800,MA401C2800,29.5,0.0,0.0,0.0,7,28.5,30.0,7,33.5,32.0,32.0,29.5,4.0,122.0,135
2023-05-10 14:10:37,MA401C2800,MA401C2800,29.5,0.0,0.0,0.0,17,28.5,30.0,17,33.5,32.0,32.0,29.5,4.0,122.0,135
2023-05-10 14:10:42,MA401C2800,MA401C2800,29.5,0.0,0.0,0.0,7,28.5,30.0,17,33.5,32.0,32.0,29.5,4.0,122.0,135
2023-05-10 14:11:05,MA401C2800,MA401C2800,29.5,0.0,0.0,0.0,17,28.5,30.0,17,33.5,32.0,32.0,29.5,4.0,122.0,135
2023-05-10 14:11:05,MA401C2800,MA401C2800,29.5,0.0,0.0,0.0,7,28.5,30.0,7,33.5,32.0,32.0,29.5,4.0,122.0,135
2023-05-10 14:11:06,MA401C2800,MA401C2800,29.5,0.0,0.0,0.0,17,28.5,30.0,17,33.5,32.0,32.0,29.5,4.0,122.0,135
2023-05-10 14:11:06,MA401C2800,MA401C2800,29.5,0.0,0.0,0.0,7,28.5,30.0,7,33.5,32.0,32.0,29.5,4.0,122.0,135
2023-05-10 14:11:07,MA401C2800,MA401C2800,29.5,0.0,0.0,0.0,17,28.5,30.0,17,33.5,32.0,32.0,29.5,4.0,122.0,135
2023-05-10 14:11:09,MA401C2800,MA401C2800,29.5,0.0,0.0,0.0,7,28.5,30.0,17,33.5,32.0,32.0,29.5,4.0,122.0,135
2023-05-10 14:11:40,MA401C2800,MA401C2800,29.5,0.0,0.0,0.0,17,28.5,30.0,17,33.5,32.0,32.0,29.5,4.0,122.0,135
2023-05-10 14:11:56,MA401C2800,MA401C2800,29.5,0.0,0.0,0.0,7,28.5,30.0,17,33.5,32.0,32.0,29.5,4.0,122.0,135
2023-05-10 14:12:02,MA401C2800,MA401C2800,29.5,0.0,0.0,0.0,7,28.5,29.5,7,33.5,32.0,32.0,29.5,4.0,122.0,135
2023-05-10 14:12:02,MA401C2800,MA401C2800,29.5,0.0,0.0,0.0,7,28.5,29.5,17,33.5,32.0,32.0,29.5,4.0,122.0,135
2023-05-10 14:14:30,MA401C2800,MA401C2800,29.5,0.0,0.0,0.0,7,28.0,29.5,17,33.5,32.0,32.0,29.5,4.0,122.0,135
2023-05-10 14:15:05,MA401C2800,MA401C2800,29.5,0.0,0.0,0.0,17,28.0,29.5,17,33.5,32.0,32.0,29.5,4.0,122.0,135
2023-05-10 14:15:18,MA401C2800,MA401C2800,29.5,0.0,0.0,0.0,7,28.5,29.5,17,33.5,32.0,32.0,29.5,4.0,122.0,135
2023-05-10 14:20:32,MA401C2800,MA401C2800,29.5,0.0,0.0,0.0,7,28.5,29.5,7,33.5,32.0,32.0,29.5,4.0,122.0,135
2023-05-10 14:20:32,MA401C2800,MA401C2800,29.5,0.0,0.0,0.0,7,28.5,29.5,17,33.5,32.0,32.0,29.5,4.0,122.0,135
2023-05-10 14:28:13,MA401C2800,MA401C2800,29.5,0.0,0.0,0.0,17,28.0,29.5,17,33.5,32.0,32.0,29.5,4.0,122.0,135
2023-05-10 14:28:14,MA401C2800,MA401C2800,29.5,0.0,0.0,0.0,7,28.0,29.5,17,33.5,32.0,32.0,29.5,4.0,122.0,135
2023-05-10 14:28:22,MA401C2800,MA401C2800,29.5,0.0,0.0,0.0,17,28.0,29.5,17,33.5,32.0,32.0,29.5,4.0,122.0,135
2023-05-10 14:28:23,MA401C2800,MA401C2800,29.5,0.0,0.0,0.0,7,28.0,29.5,17,33.5,32.0,32.0,29.5,4.0,122.0,135
2023-05-10 14:28:27,MA401C2800,MA401C2800,29.5,0.0,0.0,0.0,17,28.0,29.5,17,33.5,32.0,32.0,29.5,4.0,122.0,135
2023-05-10 14:28:33,MA401C2800,MA401C2800,29.5,0.0,0.0,0.0,7,28.0,29.5,17,33.5,32.0,32.0,29.5,4.0,122.0,135
2023-05-10 14:28:44,MA401C2800,MA401C2800,29.5,0.0,0.0,0.0,17,28.0,29.5,17,33.5,32.0,32.0,29.5,4.0,122.0,135
2023-05-10 14:28:45,MA401C2800,MA401C2800,29.5,0.0,0.0,0.0,7,28.0,29.5,17,33.5,32.0,32.0,29.5,4.0,122.0,135
2023-05-10 14:29:32,MA401C2800,MA401C2800,29.5,0.0,0.0,0.0,7,28.0,29.5,7,33.5,32.0,32.0,29.5,4.0,122.0,135
2023-05-10 14:29:32,MA401C2800,MA401C2800,29.5,0.0,0.0,0.0,7,28.0,29.5,17,33.5,32.0,32.0,29.5,4.0,122.0,135
2023-05-10 14:34:18,MA401C2800,MA401C2800,29.5,0.0,0.0,0.0,3,28.5,29.5,17,33.5,32.0,32.0,29.5,4.0,122.0,135
2023-05-10 14:39:29,MA401C2800,MA401C2800,29.5,0.0,0.0,0.0,7,28.0,29.5,17,33.5,32.0,32.0,29.5,4.0,122.0,135
2023-05-10 14:44:08,MA401C2800,MA401C2800,29.5,0.0,0.0,0.0,7,28.5,29.5,17,33.5,32.0,32.0,29.5,4.0,122.0,135
2023-05-10 14:45:40,MA401C2800,MA401C2800,29.5,0.0,0.0,0.0,7,28.5,29.5,10,33.5,32.0,32.0,29.5,4.0,122.0,135
2023-05-10 14:46:52,MA401C2800,MA401C2800,29.5,0.0,0.0,0.0,7,29.0,29.5,10,33.5,32.0,32.0,29.5,4.0,122.0,135
2023-05-10 14:50:05,MA401C2800,MA401C2800,29.5,0.0,0.0,0.0,7,29.0,30.0,7,33.5,32.0,32.0,29.5,4.0,122.0,135
2023-05-10 14:50:05,MA401C2800,MA401C2800,29.5,0.0,0.0,0.0,7,29.0,30.0,17,33.5,32.0,32.0,29.5,4.0,122.0,135
2023-05-10 14:50:17,MA401C2800,MA401C2800,29.5,0.0,0.0,0.0,1,29.5,30.0,17,33.5,32.0,32.0,29.5,4.0,122.0,135
2023-05-10 14:50:28,MA401C2800,MA401C2800,29.5,0.0,0.0,0.0,7,29.0,30.0,17,33.5,32.0,32.0,29.5,4.0,122.0,135
2023-05-10 14:51:45,MA401C2800,MA401C2800,30.0,1.0,28.0,0.0,7,29.0,30.0,16,33.5,32.0,32.0,29.5,5.0,150.0,135
2023-05-10 14:57:39,MA401C2800,MA401C2800,30.0,0.0,0.0,0.0,7,29.0,30.0,6,33.5,32.0,32.0,29.5,5.0,150.0,135
2023-05-10 14:58:58,MA401C2800,MA401C2800,30.0,0.0,0.0,0.0,1,26.5,34.0,1,33.5,32.0,32.0,29.5,5.0,150.0,135
2023-05-10 14:59:55,MA401C2800,MA401C2800,30.0,0.0,0.0,0.0,1,26.5,34.5,1,33.5,32.0,32.0,29.5,5.0,150.0,135
2023-05-10 14:59:55,MA401C2800,MA401C2800,30.0,0.0,0.0,0.0,1,26.5,34.5,1,33.5,32.0,32.0,29.5,5.0,150.0,135
