time,symbol_id,symbol_name,last,trade_volume,trade_amount,open_interest_change,bv1,bp1,ap1,av1,yesterday_close,today_open,today_high,today_low,volume,amount,open_interest
2023-05-09 19:10:58,MA401C2225,MA401C2225,234.0,0.0,0.0,0.0,0,0.0,0.0,0,234.0,0.0,0.0,0.0,0.0,0.0,0
2023-05-09 21:00:14,MA401C2225,MA401C2225,234.0,0.0,0.0,0.0,2,84.5,0.0,0,234.0,0.0,0.0,0.0,0.0,0.0,0
2023-05-09 21:00:14,MA401C2225,MA401C2225,234.0,0.0,0.0,0.0,10,85.0,0.0,0,234.0,0.0,0.0,0.0,0.0,0.0,0
2023-05-09 21:00:14,MA401C2225,MA401C2225,234.0,0.0,0.0,0.0,2,84.5,0.0,0,234.0,0.0,0.0,0.0,0.0,0.0,0
2023-05-09 21:00:14,MA401C2225,MA401C2225,234.0,0.0,0.0,0.0,10,85.0,0.0,0,234.0,0.0,0.0,0.0,0.0,0.0,0
2023-05-09 21:01:42,MA401C2225,MA401C2225,234.0,0.0,0.0,0.0,1,85.5,0.0,0,234.0,0.0,0.0,0.0,0.0,0.0,0
2023-05-09 21:01:42,MA401C2225,MA401C2225,234.0,0.0,0.0,0.0,1,87.0,399.0,10,234.0,0.0,0.0,0.0,0.0,0.0,0
2023-05-09 21:01:43,MA401C2225,MA401C2225,234.0,0.0,0.0,0.0,10,87.5,397.5,1,234.0,0.0,0.0,0.0,0.0,0.0,0
2023-05-09 21:01:43,MA401C2225,MA401C2225,234.0,0.0,0.0,0.0,1,89.0,397.0,10,234.0,0.0,0.0,0.0,0.0,0.0,0
2023-05-09 21:01:44,MA401C2225,MA401C2225,234.0,0.0,0.0,0.0,10,89.5,395.5,1,234.0,0.0,0.0,0.0,0.0,0.0,0
2023-05-09 21:01:44,MA401C2225,MA401C2225,234.0,0.0,0.0,0.0,1,91.0,395.0,10,234.0,0.0,0.0,0.0,0.0,0.0,0
2023-05-09 21:01:45,MA401C2225,MA401C2225,234.0,0.0,0.0,0.0,10,91.5,393.5,1,234.0,0.0,0.0,0.0,0.0,0.0,0
2023-05-09 21:01:45,MA401C2225,MA401C2225,234.0,0.0,0.0,0.0,1,93.0,393.0,10,234.0,0.0,0.0,0.0,0.0,0.0,0
2023-05-09 21:01:46,MA401C2225,MA401C2225,234.0,0.0,0.0,0.0,10,93.5,391.5,1,234.0,0.0,0.0,0.0,0.0,0.0,0
2023-05-09 21:01:46,MA401C2225,MA401C2225,234.0,0.0,0.0,0.0,1,95.0,391.0,10,234.0,0.0,0.0,0.0,0.0,0.0,0
2023-05-09 21:01:47,MA401C2225,MA401C2225,234.0,0.0,0.0,0.0,10,95.5,389.5,1,234.0,0.0,0.0,0.0,0.0,0.0,0
2023-05-09 21:01:47,MA401C2225,MA401C2225,234.0,0.0,0.0,0.0,1,97.0,389.0,10,234.0,0.0,0.0,0.0,0.0,0.0,0
2023-05-09 21:01:48,MA401C2225,MA401C2225,234.0,0.0,0.0,0.0,10,97.5,389.0,10,234.0,0.0,0.0,0.0,0.0,0.0,0
2023-05-09 21:01:48,MA401C2225,MA401C2225,234.0,0.0,0.0,0.0,1,99.0,389.0,10,234.0,0.0,0.0,0.0,0.0,0.0,0
2023-05-09 21:01:49,MA401C2225,MA401C2225,234.0,0.0,0.0,0.0,10,99.5,389.0,10,234.0,0.0,0.0,0.0,0.0,0.0,0
2023-05-09 21:01:49,MA401C2225,MA401C2225,234.0,0.0,0.0,0.0,1,101.0,387.5,1,234.0,0.0,0.0,0.0,0.0,0.0,0
2023-05-09 21:01:50,MA401C2225,MA401C2225,234.0,0.0,0.0,0.0,10,101.5,387.0,10,234.0,0.0,0.0,0.0,0.0,0.0,0
2023-05-09 21:01:50,MA401C2225,MA401C2225,234.0,0.0,0.0,0.0,1,103.0,385.5,1,234.0,0.0,0.0,0.0,0.0,0.0,0
2023-05-09 21:01:51,MA401C2225,MA401C2225,234.0,0.0,0.0,0.0,10,103.5,385.0,10,234.0,0.0,0.0,0.0,0.0,0.0,0
2023-05-09 21:01:51,MA401C2225,MA401C2225,234.0,0.0,0.0,0.0,1,105.0,383.5,1,234.0,0.0,0.0,0.0,0.0,0.0,0
2023-05-09 21:01:52,MA401C2225,MA401C2225,234.0,0.0,0.0,0.0,10,105.5,383.0,10,234.0,0.0,0.0,0.0,0.0,0.0,0
2023-05-09 21:01:52,MA401C2225,MA401C2225,234.0,0.0,0.0,0.0,1,107.0,381.5,1,234.0,0.0,0.0,0.0,0.0,0.0,0
2023-05-09 21:01:53,MA401C2225,MA401C2225,234.0,0.0,0.0,0.0,10,107.5,381.0,10,234.0,0.0,0.0,0.0,0.0,0.0,0
2023-05-09 21:01:53,MA401C2225,MA401C2225,234.0,0.0,0.0,0.0,1,109.0,379.5,1,234.0,0.0,0.0,0.0,0.0,0.0,0
2023-05-09 21:01:54,MA401C2225,MA401C2225,234.0,0.0,0.0,0.0,10,109.5,379.0,10,234.0,0.0,0.0,0.0,0.0,0.0,0
2023-05-09 21:01:54,MA401C2225,MA401C2225,234.0,0.0,0.0,0.0,1,111.0,377.5,1,234.0,0.0,0.0,0.0,0.0,0.0,0
2023-05-09 21:01:55,MA401C2225,MA401C2225,234.0,0.0,0.0,0.0,10,111.5,377.0,10,234.0,0.0,0.0,0.0,0.0,0.0,0
2023-05-09 21:01:55,MA401C2225,MA401C2225,234.0,0.0,0.0,0.0,1,113.0,375.5,1,234.0,0.0,0.0,0.0,0.0,0.0,0
2023-05-09 21:01:56,MA401C2225,MA401C2225,234.0,0.0,0.0,0.0,10,113.5,375.0,10,234.0,0.0,0.0,0.0,0.0,0.0,0
2023-05-09 21:01:56,MA401C2225,MA401C2225,234.0,0.0,0.0,0.0,1,115.0,373.5,1,234.0,0.0,0.0,0.0,0.0,0.0,0
2023-05-09 21:01:57,MA401C2225,MA401C2225,234.0,0.0,0.0,0.0,10,115.5,373.0,10,234.0,0.0,0.0,0.0,0.0,0.0,0
2023-05-09 21:01:57,MA401C2225,MA401C2225,234.0,0.0,0.0,0.0,1,117.0,371.5,1,234.0,0.0,0.0,0.0,0.0,0.0,0
2023-05-09 21:01:58,MA401C2225,MA401C2225,234.0,0.0,0.0,0.0,10,117.5,371.0,10,234.0,0.0,0.0,0.0,0.0,0.0,0
2023-05-09 21:01:58,MA401C2225,MA401C2225,234.0,0.0,0.0,0.0,1,119.0,369.5,1,234.0,0.0,0.0,0.0,0.0,0.0,0
2023-05-09 21:01:59,MA401C2225,MA401C2225,234.0,0.0,0.0,0.0,10,119.5,369.0,10,234.0,0.0,0.0,0.0,0.0,0.0,0
2023-05-09 21:01:59,MA401C2225,MA401C2225,234.0,0.0,0.0,0.0,1,121.0,367.5,1,234.0,0.0,0.0,0.0,0.0,0.0,0
2023-05-09 21:02:00,MA401C2225,MA401C2225,234.0,0.0,0.0,0.0,10,121.5,367.0,10,234.0,0.0,0.0,0.0,0.0,0.0,0
2023-05-09 21:02:00,MA401C2225,MA401C2225,234.0,0.0,0.0,0.0,1,123.0,365.5,1,234.0,0.0,0.0,0.0,0.0,0.0,0
2023-05-09 21:02:01,MA401C2225,MA401C2225,234.0,0.0,0.0,0.0,10,123.5,365.0,10,234.0,0.0,0.0,0.0,0.0,0.0,0
2023-05-09 21:02:01,MA401C2225,MA401C2225,234.0,0.0,0.0,0.0,1,125.0,363.5,1,234.0,0.0,0.0,0.0,0.0,0.0,0
2023-05-09 21:02:02,MA401C2225,MA401C2225,234.0,0.0,0.0,0.0,10,125.5,363.0,10,234.0,0.0,0.0,0.0,0.0,0.0,0
2023-05-09 21:02:02,MA401C2225,MA401C2225,234.0,0.0,0.0,0.0,1,127.0,361.5,1,234.0,0.0,0.0,0.0,0.0,0.0,0
2023-05-09 21:02:03,MA401C2225,MA401C2225,234.0,0.0,0.0,0.0,10,127.5,361.0,10,234.0,0.0,0.0,0.0,0.0,0.0,0
2023-05-09 21:02:03,MA401C2225,MA401C2225,234.0,0.0,0.0,0.0,1,129.0,359.5,1,234.0,0.0,0.0,0.0,0.0,0.0,0
2023-05-09 21:02:04,MA401C2225,MA401C2225,234.0,0.0,0.0,0.0,10,129.5,359.0,10,234.0,0.0,0.0,0.0,0.0,0.0,0
2023-05-09 21:02:04,MA401C2225,MA401C2225,234.0,0.0,0.0,0.0,1,131.0,357.5,1,234.0,0.0,0.0,0.0,0.0,0.0,0
2023-05-09 21:02:05,MA401C2225,MA401C2225,234.0,0.0,0.0,0.0,10,131.5,357.0,10,234.0,0.0,0.0,0.0,0.0,0.0,0
2023-05-09 21:02:05,MA401C2225,MA401C2225,234.0,0.0,0.0,0.0,1,133.0,355.5,1,234.0,0.0,0.0,0.0,0.0,0.0,0
2023-05-09 21:02:06,MA401C2225,MA401C2225,234.0,0.0,0.0,0.0,10,133.5,355.0,10,234.0,0.0,0.0,0.0,0.0,0.0,0
2023-05-09 21:02:06,MA401C2225,MA401C2225,234.0,0.0,0.0,0.0,1,135.0,353.5,1,234.0,0.0,0.0,0.0,0.0,0.0,0
2023-05-09 21:02:07,MA401C2225,MA401C2225,234.0,0.0,0.0,0.0,10,135.5,353.0,10,234.0,0.0,0.0,0.0,0.0,0.0,0
2023-05-09 21:02:07,MA401C2225,MA401C2225,234.0,0.0,0.0,0.0,1,137.0,351.5,1,234.0,0.0,0.0,0.0,0.0,0.0,0
2023-05-09 21:02:08,MA401C2225,MA401C2225,234.0,0.0,0.0,0.0,10,137.5,351.0,10,234.0,0.0,0.0,0.0,0.0,0.0,0
2023-05-09 21:02:08,MA401C2225,MA401C2225,234.0,0.0,0.0,0.0,10,207.0,221.5,10,234.0,0.0,0.0,0.0,0.0,0.0,0
2023-05-09 21:02:11,MA401C2225,MA401C2225,234.0,0.0,0.0,0.0,20,207.0,221.5,10,234.0,0.0,0.0,0.0,0.0,0.0,0
2023-05-09 21:02:13,MA401C2225,MA401C2225,234.0,0.0,0.0,0.0,10,207.0,221.5,10,234.0,0.0,0.0,0.0,0.0,0.0,0
2023-05-09 21:02:14,MA401C2225,MA401C2225,234.0,0.0,0.0,0.0,20,207.0,221.5,10,234.0,0.0,0.0,0.0,0.0,0.0,0
2023-05-09 21:03:38,MA401C2225,MA401C2225,234.0,0.0,0.0,0.0,10,207.0,0.0,0,234.0,0.0,0.0,0.0,0.0,0.0,0
2023-05-09 21:03:39,MA401C2225,MA401C2225,234.0,0.0,0.0,0.0,10,208.5,222.5,10,234.0,0.0,0.0,0.0,0.0,0.0,0
2023-05-09 21:04:33,MA401C2225,MA401C2225,234.0,0.0,0.0,0.0,1,85.5,0.0,0,234.0,0.0,0.0,0.0,0.0,0.0,0
2023-05-09 21:04:34,MA401C2225,MA401C2225,234.0,0.0,0.0,0.0,1,87.0,399.0,10,234.0,0.0,0.0,0.0,0.0,0.0,0
2023-05-09 21:04:34,MA401C2225,MA401C2225,234.0,0.0,0.0,0.0,10,87.5,397.5,1,234.0,0.0,0.0,0.0,0.0,0.0,0
2023-05-09 21:04:35,MA401C2225,MA401C2225,234.0,0.0,0.0,0.0,1,89.0,397.0,10,234.0,0.0,0.0,0.0,0.0,0.0,0
2023-05-09 21:04:35,MA401C2225,MA401C2225,234.0,0.0,0.0,0.0,10,89.5,395.5,1,234.0,0.0,0.0,0.0,0.0,0.0,0
2023-05-09 21:04:36,MA401C2225,MA401C2225,234.0,0.0,0.0,0.0,1,91.0,395.0,10,234.0,0.0,0.0,0.0,0.0,0.0,0
2023-05-09 21:04:36,MA401C2225,MA401C2225,234.0,0.0,0.0,0.0,10,91.5,393.5,1,234.0,0.0,0.0,0.0,0.0,0.0,0
2023-05-09 21:04:37,MA401C2225,MA401C2225,234.0,0.0,0.0,0.0,1,93.0,393.0,10,234.0,0.0,0.0,0.0,0.0,0.0,0
2023-05-09 21:04:37,MA401C2225,MA401C2225,234.0,0.0,0.0,0.0,10,93.5,391.5,1,234.0,0.0,0.0,0.0,0.0,0.0,0
2023-05-09 21:04:38,MA401C2225,MA401C2225,234.0,0.0,0.0,0.0,1,95.0,391.0,10,234.0,0.0,0.0,0.0,0.0,0.0,0
2023-05-09 21:04:38,MA401C2225,MA401C2225,234.0,0.0,0.0,0.0,10,95.5,389.5,1,234.0,0.0,0.0,0.0,0.0,0.0,0
2023-05-09 21:04:39,MA401C2225,MA401C2225,234.0,0.0,0.0,0.0,1,97.0,389.0,10,234.0,0.0,0.0,0.0,0.0,0.0,0
2023-05-09 21:04:39,MA401C2225,MA401C2225,234.0,0.0,0.0,0.0,10,97.5,389.0,10,234.0,0.0,0.0,0.0,0.0,0.0,0
2023-05-09 21:04:40,MA401C2225,MA401C2225,234.0,0.0,0.0,0.0,1,99.0,389.0,10,234.0,0.0,0.0,0.0,0.0,0.0,0
2023-05-09 21:04:40,MA401C2225,MA401C2225,234.0,0.0,0.0,0.0,10,99.5,389.0,10,234.0,0.0,0.0,0.0,0.0,0.0,0
2023-05-09 21:04:41,MA401C2225,MA401C2225,234.0,0.0,0.0,0.0,1,101.0,387.5,1,234.0,0.0,0.0,0.0,0.0,0.0,0
2023-05-09 21:04:41,MA401C2225,MA401C2225,234.0,0.0,0.0,0.0,10,101.5,387.0,10,234.0,0.0,0.0,0.0,0.0,0.0,0
2023-05-09 21:04:42,MA401C2225,MA401C2225,234.0,0.0,0.0,0.0,1,103.0,385.5,1,234.0,0.0,0.0,0.0,0.0,0.0,0
2023-05-09 21:04:42,MA401C2225,MA401C2225,234.0,0.0,0.0,0.0,10,103.5,385.0,10,234.0,0.0,0.0,0.0,0.0,0.0,0
2023-05-09 21:04:43,MA401C2225,MA401C2225,234.0,0.0,0.0,0.0,1,105.0,383.5,1,234.0,0.0,0.0,0.0,0.0,0.0,0
2023-05-09 21:04:43,MA401C2225,MA401C2225,234.0,0.0,0.0,0.0,10,105.5,383.0,10,234.0,0.0,0.0,0.0,0.0,0.0,0
2023-05-09 21:04:44,MA401C2225,MA401C2225,234.0,0.0,0.0,0.0,1,107.0,381.5,1,234.0,0.0,0.0,0.0,0.0,0.0,0
2023-05-09 21:04:44,MA401C2225,MA401C2225,234.0,0.0,0.0,0.0,10,107.5,381.0,10,234.0,0.0,0.0,0.0,0.0,0.0,0
2023-05-09 21:04:45,MA401C2225,MA401C2225,234.0,0.0,0.0,0.0,1,109.0,379.5,1,234.0,0.0,0.0,0.0,0.0,0.0,0
2023-05-09 21:04:45,MA401C2225,MA401C2225,234.0,0.0,0.0,0.0,10,109.5,379.0,10,234.0,0.0,0.0,0.0,0.0,0.0,0
2023-05-09 21:04:46,MA401C2225,MA401C2225,234.0,0.0,0.0,0.0,1,111.0,377.5,1,234.0,0.0,0.0,0.0,0.0,0.0,0
2023-05-09 21:04:46,MA401C2225,MA401C2225,234.0,0.0,0.0,0.0,10,111.5,377.0,10,234.0,0.0,0.0,0.0,0.0,0.0,0
2023-05-09 21:04:47,MA401C2225,MA401C2225,234.0,0.0,0.0,0.0,1,113.0,375.5,1,234.0,0.0,0.0,0.0,0.0,0.0,0
2023-05-09 21:04:47,MA401C2225,MA401C2225,234.0,0.0,0.0,0.0,10,113.5,375.0,10,234.0,0.0,0.0,0.0,0.0,0.0,0
2023-05-09 21:04:48,MA401C2225,MA401C2225,234.0,0.0,0.0,0.0,1,115.0,373.5,1,234.0,0.0,0.0,0.0,0.0,0.0,0
2023-05-09 21:04:48,MA401C2225,MA401C2225,234.0,0.0,0.0,0.0,10,115.5,373.0,10,234.0,0.0,0.0,0.0,0.0,0.0,0
2023-05-09 21:04:49,MA401C2225,MA401C2225,234.0,0.0,0.0,0.0,1,117.0,371.5,1,234.0,0.0,0.0,0.0,0.0,0.0,0
2023-05-09 21:04:49,MA401C2225,MA401C2225,234.0,0.0,0.0,0.0,10,117.5,371.0,10,234.0,0.0,0.0,0.0,0.0,0.0,0
2023-05-09 21:04:50,MA401C2225,MA401C2225,234.0,0.0,0.0,0.0,1,119.0,369.5,1,234.0,0.0,0.0,0.0,0.0,0.0,0
2023-05-09 21:04:50,MA401C2225,MA401C2225,234.0,0.0,0.0,0.0,10,119.5,369.0,10,234.0,0.0,0.0,0.0,0.0,0.0,0
2023-05-09 21:04:51,MA401C2225,MA401C2225,234.0,0.0,0.0,0.0,1,121.0,367.5,1,234.0,0.0,0.0,0.0,0.0,0.0,0
2023-05-09 21:04:51,MA401C2225,MA401C2225,234.0,0.0,0.0,0.0,10,121.5,367.0,10,234.0,0.0,0.0,0.0,0.0,0.0,0
2023-05-09 21:04:52,MA401C2225,MA401C2225,234.0,0.0,0.0,0.0,1,123.0,365.5,1,234.0,0.0,0.0,0.0,0.0,0.0,0
2023-05-09 21:04:52,MA401C2225,MA401C2225,234.0,0.0,0.0,0.0,10,123.5,365.0,10,234.0,0.0,0.0,0.0,0.0,0.0,0
2023-05-09 21:04:53,MA401C2225,MA401C2225,234.0,0.0,0.0,0.0,1,125.0,363.5,1,234.0,0.0,0.0,0.0,0.0,0.0,0
2023-05-09 21:04:53,MA401C2225,MA401C2225,234.0,0.0,0.0,0.0,10,125.5,363.0,10,234.0,0.0,0.0,0.0,0.0,0.0,0
2023-05-09 21:04:54,MA401C2225,MA401C2225,234.0,0.0,0.0,0.0,1,127.0,361.5,1,234.0,0.0,0.0,0.0,0.0,0.0,0
2023-05-09 21:04:54,MA401C2225,MA401C2225,234.0,0.0,0.0,0.0,10,127.5,361.0,10,234.0,0.0,0.0,0.0,0.0,0.0,0
2023-05-09 21:04:55,MA401C2225,MA401C2225,234.0,0.0,0.0,0.0,1,129.0,359.5,1,234.0,0.0,0.0,0.0,0.0,0.0,0
2023-05-09 21:04:55,MA401C2225,MA401C2225,234.0,0.0,0.0,0.0,10,129.5,359.0,10,234.0,0.0,0.0,0.0,0.0,0.0,0
2023-05-09 21:04:56,MA401C2225,MA401C2225,234.0,0.0,0.0,0.0,1,131.0,357.5,1,234.0,0.0,0.0,0.0,0.0,0.0,0
2023-05-09 21:04:56,MA401C2225,MA401C2225,234.0,0.0,0.0,0.0,10,131.5,357.0,10,234.0,0.0,0.0,0.0,0.0,0.0,0
2023-05-09 21:04:57,MA401C2225,MA401C2225,234.0,0.0,0.0,0.0,1,133.0,355.5,1,234.0,0.0,0.0,0.0,0.0,0.0,0
2023-05-09 21:04:57,MA401C2225,MA401C2225,234.0,0.0,0.0,0.0,10,133.5,355.0,10,234.0,0.0,0.0,0.0,0.0,0.0,0
2023-05-09 21:04:58,MA401C2225,MA401C2225,234.0,0.0,0.0,0.0,1,135.0,353.5,1,234.0,0.0,0.0,0.0,0.0,0.0,0
2023-05-09 21:04:58,MA401C2225,MA401C2225,234.0,0.0,0.0,0.0,10,135.5,353.0,10,234.0,0.0,0.0,0.0,0.0,0.0,0
2023-05-09 21:04:59,MA401C2225,MA401C2225,234.0,0.0,0.0,0.0,1,137.0,351.5,1,234.0,0.0,0.0,0.0,0.0,0.0,0
2023-05-09 21:04:59,MA401C2225,MA401C2225,234.0,0.0,0.0,0.0,10,137.5,351.0,10,234.0,0.0,0.0,0.0,0.0,0.0,0
2023-05-09 21:05:00,MA401C2225,MA401C2225,234.0,0.0,0.0,0.0,10,208.5,223.0,10,234.0,0.0,0.0,0.0,0.0,0.0,0
2023-05-09 21:05:00,MA401C2225,MA401C2225,234.0,0.0,0.0,0.0,10,209.0,222.5,10,234.0,0.0,0.0,0.0,0.0,0.0,0
2023-05-09 21:05:09,MA401C2225,MA401C2225,234.0,0.0,0.0,0.0,20,209.0,221.5,10,234.0,0.0,0.0,0.0,0.0,0.0,0
2023-05-09 21:05:10,MA401C2225,MA401C2225,234.0,0.0,0.0,0.0,20,209.0,221.0,10,234.0,0.0,0.0,0.0,0.0,0.0,0
2023-05-09 21:06:28,MA401C2225,MA401C2225,234.0,0.0,0.0,0.0,20,209.0,220.0,10,234.0,0.0,0.0,0.0,0.0,0.0,0
2023-05-09 21:06:29,MA401C2225,MA401C2225,234.0,0.0,0.0,0.0,20,209.0,219.5,10,234.0,0.0,0.0,0.0,0.0,0.0,0
2023-05-09 21:07:10,MA401C2225,MA401C2225,234.0,0.0,0.0,0.0,10,209.0,218.5,10,234.0,0.0,0.0,0.0,0.0,0.0,0
2023-05-09 21:07:11,MA401C2225,MA401C2225,234.0,0.0,0.0,0.0,10,209.0,218.0,10,234.0,0.0,0.0,0.0,0.0,0.0,0
2023-05-09 21:13:04,MA401C2225,MA401C2225,234.0,0.0,0.0,0.0,10,209.0,217.0,10,234.0,0.0,0.0,0.0,0.0,0.0,0
2023-05-09 21:13:05,MA401C2225,MA401C2225,234.0,0.0,0.0,0.0,10,209.0,216.5,10,234.0,0.0,0.0,0.0,0.0,0.0,0
2023-05-09 21:15:26,MA401C2225,MA401C2225,234.0,0.0,0.0,0.0,10,210.0,216.5,10,234.0,0.0,0.0,0.0,0.0,0.0,0
2023-05-09 21:15:27,MA401C2225,MA401C2225,234.0,0.0,0.0,0.0,10,210.5,218.5,10,234.0,0.0,0.0,0.0,0.0,0.0,0
2023-05-09 21:15:27,MA401C2225,MA401C2225,234.0,0.0,0.0,0.0,20,210.5,218.0,10,234.0,0.0,0.0,0.0,0.0,0.0,0
2023-05-09 21:18:17,MA401C2225,MA401C2225,234.0,0.0,0.0,0.0,10,210.5,218.0,10,234.0,0.0,0.0,0.0,0.0,0.0,0
2023-05-09 21:30:50,MA401C2225,MA401C2225,234.0,0.0,0.0,0.0,10,86.0,218.0,10,234.0,0.0,0.0,0.0,0.0,0.0,0
2023-05-09 21:30:50,MA401C2225,MA401C2225,234.0,0.0,0.0,0.0,1,87.5,218.0,10,234.0,0.0,0.0,0.0,0.0,0.0,0
2023-05-09 21:30:50,MA401C2225,MA401C2225,234.0,0.0,0.0,0.0,10,88.0,218.0,10,234.0,0.0,0.0,0.0,0.0,0.0,0
2023-05-09 21:30:51,MA401C2225,MA401C2225,234.0,0.0,0.0,0.0,1,89.5,218.0,10,234.0,0.0,0.0,0.0,0.0,0.0,0
2023-05-09 21:30:51,MA401C2225,MA401C2225,234.0,0.0,0.0,0.0,10,90.0,218.0,10,234.0,0.0,0.0,0.0,0.0,0.0,0
2023-05-09 21:30:52,MA401C2225,MA401C2225,234.0,0.0,0.0,0.0,1,91.5,218.0,10,234.0,0.0,0.0,0.0,0.0,0.0,0
2023-05-09 21:30:52,MA401C2225,MA401C2225,234.0,0.0,0.0,0.0,10,92.0,218.0,10,234.0,0.0,0.0,0.0,0.0,0.0,0
2023-05-09 21:30:53,MA401C2225,MA401C2225,234.0,0.0,0.0,0.0,1,93.5,218.0,10,234.0,0.0,0.0,0.0,0.0,0.0,0
2023-05-09 21:30:53,MA401C2225,MA401C2225,234.0,0.0,0.0,0.0,10,94.0,218.0,10,234.0,0.0,0.0,0.0,0.0,0.0,0
2023-05-09 21:30:54,MA401C2225,MA401C2225,234.0,0.0,0.0,0.0,1,95.5,218.0,10,234.0,0.0,0.0,0.0,0.0,0.0,0
2023-05-09 21:30:54,MA401C2225,MA401C2225,234.0,0.0,0.0,0.0,10,96.0,218.0,10,234.0,0.0,0.0,0.0,0.0,0.0,0
2023-05-09 21:30:55,MA401C2225,MA401C2225,234.0,0.0,0.0,0.0,1,97.5,218.0,10,234.0,0.0,0.0,0.0,0.0,0.0,0
2023-05-09 21:30:55,MA401C2225,MA401C2225,234.0,0.0,0.0,0.0,10,98.0,218.0,10,234.0,0.0,0.0,0.0,0.0,0.0,0
2023-05-09 21:30:56,MA401C2225,MA401C2225,234.0,0.0,0.0,0.0,1,99.5,218.0,10,234.0,0.0,0.0,0.0,0.0,0.0,0
2023-05-09 21:30:56,MA401C2225,MA401C2225,234.0,0.0,0.0,0.0,10,100.0,218.0,10,234.0,0.0,0.0,0.0,0.0,0.0,0
2023-05-09 21:30:57,MA401C2225,MA401C2225,234.0,0.0,0.0,0.0,1,101.5,218.0,10,234.0,0.0,0.0,0.0,0.0,0.0,0
2023-05-09 21:30:57,MA401C2225,MA401C2225,234.0,0.0,0.0,0.0,10,102.0,218.0,10,234.0,0.0,0.0,0.0,0.0,0.0,0
2023-05-09 21:30:58,MA401C2225,MA401C2225,234.0,0.0,0.0,0.0,1,103.5,218.0,10,234.0,0.0,0.0,0.0,0.0,0.0,0
2023-05-09 21:30:58,MA401C2225,MA401C2225,234.0,0.0,0.0,0.0,10,104.0,218.0,10,234.0,0.0,0.0,0.0,0.0,0.0,0
2023-05-09 21:30:59,MA401C2225,MA401C2225,234.0,0.0,0.0,0.0,1,105.5,218.0,10,234.0,0.0,0.0,0.0,0.0,0.0,0
2023-05-09 21:30:59,MA401C2225,MA401C2225,234.0,0.0,0.0,0.0,10,106.0,218.0,10,234.0,0.0,0.0,0.0,0.0,0.0,0
2023-05-09 21:31:00,MA401C2225,MA401C2225,234.0,0.0,0.0,0.0,1,107.5,218.0,10,234.0,0.0,0.0,0.0,0.0,0.0,0
2023-05-09 21:31:00,MA401C2225,MA401C2225,234.0,0.0,0.0,0.0,10,108.0,218.0,10,234.0,0.0,0.0,0.0,0.0,0.0,0
2023-05-09 21:31:01,MA401C2225,MA401C2225,234.0,0.0,0.0,0.0,1,109.5,218.0,10,234.0,0.0,0.0,0.0,0.0,0.0,0
2023-05-09 21:31:01,MA401C2225,MA401C2225,234.0,0.0,0.0,0.0,10,110.0,218.0,10,234.0,0.0,0.0,0.0,0.0,0.0,0
2023-05-09 21:31:02,MA401C2225,MA401C2225,234.0,0.0,0.0,0.0,1,111.5,218.0,10,234.0,0.0,0.0,0.0,0.0,0.0,0
2023-05-09 21:31:02,MA401C2225,MA401C2225,234.0,0.0,0.0,0.0,10,112.0,218.0,10,234.0,0.0,0.0,0.0,0.0,0.0,0
2023-05-09 21:31:03,MA401C2225,MA401C2225,234.0,0.0,0.0,0.0,1,113.5,218.0,10,234.0,0.0,0.0,0.0,0.0,0.0,0
2023-05-09 21:31:03,MA401C2225,MA401C2225,234.0,0.0,0.0,0.0,10,114.0,218.0,10,234.0,0.0,0.0,0.0,0.0,0.0,0
2023-05-09 21:31:04,MA401C2225,MA401C2225,234.0,0.0,0.0,0.0,1,115.5,218.0,10,234.0,0.0,0.0,0.0,0.0,0.0,0
2023-05-09 21:31:04,MA401C2225,MA401C2225,234.0,0.0,0.0,0.0,10,116.0,218.0,10,234.0,0.0,0.0,0.0,0.0,0.0,0
2023-05-09 21:31:05,MA401C2225,MA401C2225,234.0,0.0,0.0,0.0,1,117.5,218.0,10,234.0,0.0,0.0,0.0,0.0,0.0,0
2023-05-09 21:31:05,MA401C2225,MA401C2225,234.0,0.0,0.0,0.0,10,118.0,218.0,10,234.0,0.0,0.0,0.0,0.0,0.0,0
2023-05-09 21:31:06,MA401C2225,MA401C2225,234.0,0.0,0.0,0.0,1,119.5,218.0,10,234.0,0.0,0.0,0.0,0.0,0.0,0
2023-05-09 21:31:06,MA401C2225,MA401C2225,234.0,0.0,0.0,0.0,10,120.0,218.0,10,234.0,0.0,0.0,0.0,0.0,0.0,0
2023-05-09 21:31:07,MA401C2225,MA401C2225,234.0,0.0,0.0,0.0,1,121.5,218.0,10,234.0,0.0,0.0,0.0,0.0,0.0,0
2023-05-09 21:31:07,MA401C2225,MA401C2225,234.0,0.0,0.0,0.0,10,122.0,218.0,10,234.0,0.0,0.0,0.0,0.0,0.0,0
2023-05-09 21:31:08,MA401C2225,MA401C2225,234.0,0.0,0.0,0.0,1,123.5,218.0,10,234.0,0.0,0.0,0.0,0.0,0.0,0
2023-05-09 21:31:08,MA401C2225,MA401C2225,234.0,0.0,0.0,0.0,10,124.0,218.0,10,234.0,0.0,0.0,0.0,0.0,0.0,0
2023-05-09 21:31:09,MA401C2225,MA401C2225,234.0,0.0,0.0,0.0,1,125.5,218.0,10,234.0,0.0,0.0,0.0,0.0,0.0,0
2023-05-09 21:31:09,MA401C2225,MA401C2225,234.0,0.0,0.0,0.0,10,126.0,218.0,10,234.0,0.0,0.0,0.0,0.0,0.0,0
2023-05-09 21:31:10,MA401C2225,MA401C2225,234.0,0.0,0.0,0.0,1,127.5,218.0,10,234.0,0.0,0.0,0.0,0.0,0.0,0
2023-05-09 21:31:10,MA401C2225,MA401C2225,234.0,0.0,0.0,0.0,10,128.0,218.0,10,234.0,0.0,0.0,0.0,0.0,0.0,0
2023-05-09 21:31:11,MA401C2225,MA401C2225,234.0,0.0,0.0,0.0,1,129.5,218.0,10,234.0,0.0,0.0,0.0,0.0,0.0,0
2023-05-09 21:31:11,MA401C2225,MA401C2225,234.0,0.0,0.0,0.0,10,130.0,218.0,10,234.0,0.0,0.0,0.0,0.0,0.0,0
2023-05-09 21:31:12,MA401C2225,MA401C2225,234.0,0.0,0.0,0.0,1,131.5,218.0,10,234.0,0.0,0.0,0.0,0.0,0.0,0
2023-05-09 21:31:12,MA401C2225,MA401C2225,234.0,0.0,0.0,0.0,10,132.0,218.0,10,234.0,0.0,0.0,0.0,0.0,0.0,0
2023-05-09 21:31:13,MA401C2225,MA401C2225,234.0,0.0,0.0,0.0,1,133.5,218.0,10,234.0,0.0,0.0,0.0,0.0,0.0,0
2023-05-09 21:31:13,MA401C2225,MA401C2225,234.0,0.0,0.0,0.0,10,134.0,218.0,10,234.0,0.0,0.0,0.0,0.0,0.0,0
2023-05-09 21:31:14,MA401C2225,MA401C2225,234.0,0.0,0.0,0.0,1,135.5,218.0,10,234.0,0.0,0.0,0.0,0.0,0.0,0
2023-05-09 21:31:14,MA401C2225,MA401C2225,234.0,0.0,0.0,0.0,10,136.0,218.0,10,234.0,0.0,0.0,0.0,0.0,0.0,0
2023-05-09 21:31:15,MA401C2225,MA401C2225,234.0,0.0,0.0,0.0,10,138.0,218.0,10,234.0,0.0,0.0,0.0,0.0,0.0,0
2023-05-09 21:31:15,MA401C2225,MA401C2225,234.0,0.0,0.0,0.0,1,139.5,218.0,10,234.0,0.0,0.0,0.0,0.0,0.0,0
2023-05-09 21:31:16,MA401C2225,MA401C2225,234.0,0.0,0.0,0.0,10,140.0,218.0,10,234.0,0.0,0.0,0.0,0.0,0.0,0
2023-05-09 21:31:18,MA401C2225,MA401C2225,234.0,0.0,0.0,0.0,1,141.5,218.0,10,234.0,0.0,0.0,0.0,0.0,0.0,0
2023-05-09 21:31:18,MA401C2225,MA401C2225,234.0,0.0,0.0,0.0,10,142.0,218.0,10,234.0,0.0,0.0,0.0,0.0,0.0,0
2023-05-09 21:31:19,MA401C2225,MA401C2225,234.0,0.0,0.0,0.0,1,143.5,218.0,10,234.0,0.0,0.0,0.0,0.0,0.0,0
2023-05-09 21:31:19,MA401C2225,MA401C2225,234.0,0.0,0.0,0.0,10,144.0,218.0,10,234.0,0.0,0.0,0.0,0.0,0.0,0
2023-05-09 21:31:20,MA401C2225,MA401C2225,234.0,0.0,0.0,0.0,1,145.5,218.0,10,234.0,0.0,0.0,0.0,0.0,0.0,0
2023-05-09 21:31:20,MA401C2225,MA401C2225,234.0,0.0,0.0,0.0,10,146.0,218.0,10,234.0,0.0,0.0,0.0,0.0,0.0,0
2023-05-09 21:31:21,MA401C2225,MA401C2225,234.0,0.0,0.0,0.0,1,147.5,218.0,10,234.0,0.0,0.0,0.0,0.0,0.0,0
2023-05-09 21:31:21,MA401C2225,MA401C2225,234.0,0.0,0.0,0.0,10,148.0,218.0,10,234.0,0.0,0.0,0.0,0.0,0.0,0
2023-05-09 21:31:22,MA401C2225,MA401C2225,234.0,0.0,0.0,0.0,1,149.5,218.0,10,234.0,0.0,0.0,0.0,0.0,0.0,0
2023-05-09 21:31:22,MA401C2225,MA401C2225,234.0,0.0,0.0,0.0,10,150.0,218.0,10,234.0,0.0,0.0,0.0,0.0,0.0,0
2023-05-09 21:31:23,MA401C2225,MA401C2225,234.0,0.0,0.0,0.0,1,151.5,218.0,10,234.0,0.0,0.0,0.0,0.0,0.0,0
2023-05-09 21:31:23,MA401C2225,MA401C2225,234.0,0.0,0.0,0.0,10,152.0,218.0,10,234.0,0.0,0.0,0.0,0.0,0.0,0
2023-05-09 21:31:24,MA401C2225,MA401C2225,234.0,0.0,0.0,0.0,1,153.5,218.0,10,234.0,0.0,0.0,0.0,0.0,0.0,0
2023-05-09 21:31:24,MA401C2225,MA401C2225,234.0,0.0,0.0,0.0,10,154.0,218.0,10,234.0,0.0,0.0,0.0,0.0,0.0,0
2023-05-09 21:31:25,MA401C2225,MA401C2225,234.0,0.0,0.0,0.0,1,155.5,218.0,10,234.0,0.0,0.0,0.0,0.0,0.0,0
2023-05-09 21:31:25,MA401C2225,MA401C2225,234.0,0.0,0.0,0.0,10,156.0,218.0,10,234.0,0.0,0.0,0.0,0.0,0.0,0
2023-05-09 21:31:26,MA401C2225,MA401C2225,234.0,0.0,0.0,0.0,1,157.5,218.0,10,234.0,0.0,0.0,0.0,0.0,0.0,0
2023-05-09 21:31:26,MA401C2225,MA401C2225,234.0,0.0,0.0,0.0,10,158.0,218.0,10,234.0,0.0,0.0,0.0,0.0,0.0,0
2023-05-09 21:31:27,MA401C2225,MA401C2225,234.0,0.0,0.0,0.0,1,159.5,218.0,10,234.0,0.0,0.0,0.0,0.0,0.0,0
2023-05-09 21:31:27,MA401C2225,MA401C2225,234.0,0.0,0.0,0.0,10,160.0,218.0,10,234.0,0.0,0.0,0.0,0.0,0.0,0
2023-05-09 21:31:28,MA401C2225,MA401C2225,234.0,0.0,0.0,0.0,1,161.5,218.0,10,234.0,0.0,0.0,0.0,0.0,0.0,0
2023-05-09 21:31:28,MA401C2225,MA401C2225,234.0,0.0,0.0,0.0,10,162.0,218.0,10,234.0,0.0,0.0,0.0,0.0,0.0,0
2023-05-09 21:33:59,MA401C2225,MA401C2225,234.0,0.0,0.0,0.0,1,163.5,218.0,10,234.0,0.0,0.0,0.0,0.0,0.0,0
2023-05-09 21:34:00,MA401C2225,MA401C2225,234.0,0.0,0.0,0.0,10,164.0,218.0,10,234.0,0.0,0.0,0.0,0.0,0.0,0
2023-05-09 21:53:59,MA401C2225,MA401C2225,234.0,0.0,0.0,0.0,1,165.5,218.0,10,234.0,0.0,0.0,0.0,0.0,0.0,0
2023-05-09 21:54:00,MA401C2225,MA401C2225,234.0,0.0,0.0,0.0,10,166.0,218.0,10,234.0,0.0,0.0,0.0,0.0,0.0,0
2023-05-09 21:58:02,MA401C2225,MA401C2225,234.0,0.0,0.0,0.0,10,166.0,0.0,0,234.0,0.0,0.0,0.0,0.0,0.0,0
2023-05-09 21:58:03,MA401C2225,MA401C2225,234.0,0.0,0.0,0.0,10,166.0,399.0,10,234.0,0.0,0.0,0.0,0.0,0.0,0
2023-05-09 21:58:03,MA401C2225,MA401C2225,234.0,0.0,0.0,0.0,10,166.0,397.5,1,234.0,0.0,0.0,0.0,0.0,0.0,0
2023-05-09 21:58:04,MA401C2225,MA401C2225,234.0,0.0,0.0,0.0,10,166.0,397.0,10,234.0,0.0,0.0,0.0,0.0,0.0,0
2023-05-09 21:58:04,MA401C2225,MA401C2225,234.0,0.0,0.0,0.0,10,166.0,395.5,1,234.0,0.0,0.0,0.0,0.0,0.0,0
2023-05-09 21:58:05,MA401C2225,MA401C2225,234.0,0.0,0.0,0.0,10,166.0,395.0,10,234.0,0.0,0.0,0.0,0.0,0.0,0
2023-05-09 21:58:05,MA401C2225,MA401C2225,234.0,0.0,0.0,0.0,10,166.0,393.5,1,234.0,0.0,0.0,0.0,0.0,0.0,0
2023-05-09 21:58:06,MA401C2225,MA401C2225,234.0,0.0,0.0,0.0,10,166.0,393.0,10,234.0,0.0,0.0,0.0,0.0,0.0,0
2023-05-09 21:58:06,MA401C2225,MA401C2225,234.0,0.0,0.0,0.0,10,166.0,391.5,1,234.0,0.0,0.0,0.0,0.0,0.0,0
2023-05-09 21:58:07,MA401C2225,MA401C2225,234.0,0.0,0.0,0.0,10,166.0,391.0,10,234.0,0.0,0.0,0.0,0.0,0.0,0
2023-05-09 21:58:07,MA401C2225,MA401C2225,234.0,0.0,0.0,0.0,10,166.0,389.5,1,234.0,0.0,0.0,0.0,0.0,0.0,0
2023-05-09 21:58:08,MA401C2225,MA401C2225,234.0,0.0,0.0,0.0,10,166.0,389.0,10,234.0,0.0,0.0,0.0,0.0,0.0,0
2023-05-09 21:58:10,MA401C2225,MA401C2225,234.0,0.0,0.0,0.0,10,166.0,387.5,1,234.0,0.0,0.0,0.0,0.0,0.0,0
2023-05-09 21:58:10,MA401C2225,MA401C2225,234.0,0.0,0.0,0.0,10,166.0,387.0,10,234.0,0.0,0.0,0.0,0.0,0.0,0
2023-05-09 21:58:11,MA401C2225,MA401C2225,234.0,0.0,0.0,0.0,10,166.0,385.5,1,234.0,0.0,0.0,0.0,0.0,0.0,0
2023-05-09 21:58:11,MA401C2225,MA401C2225,234.0,0.0,0.0,0.0,10,166.0,385.0,10,234.0,0.0,0.0,0.0,0.0,0.0,0
2023-05-09 21:58:12,MA401C2225,MA401C2225,234.0,0.0,0.0,0.0,10,166.0,383.5,1,234.0,0.0,0.0,0.0,0.0,0.0,0
2023-05-09 21:58:12,MA401C2225,MA401C2225,234.0,0.0,0.0,0.0,1,167.5,383.0,10,234.0,0.0,0.0,0.0,0.0,0.0,0
2023-05-09 21:58:13,MA401C2225,MA401C2225,234.0,0.0,0.0,0.0,10,168.0,381.5,1,234.0,0.0,0.0,0.0,0.0,0.0,0
2023-05-09 21:58:13,MA401C2225,MA401C2225,234.0,0.0,0.0,0.0,10,168.0,381.0,10,234.0,0.0,0.0,0.0,0.0,0.0,0
2023-05-09 21:58:14,MA401C2225,MA401C2225,234.0,0.0,0.0,0.0,10,168.0,379.5,1,234.0,0.0,0.0,0.0,0.0,0.0,0
2023-05-09 21:58:14,MA401C2225,MA401C2225,234.0,0.0,0.0,0.0,10,168.0,379.0,10,234.0,0.0,0.0,0.0,0.0,0.0,0
2023-05-09 21:58:15,MA401C2225,MA401C2225,234.0,0.0,0.0,0.0,10,168.0,377.5,1,234.0,0.0,0.0,0.0,0.0,0.0,0
2023-05-09 21:58:15,MA401C2225,MA401C2225,234.0,0.0,0.0,0.0,10,168.0,377.0,10,234.0,0.0,0.0,0.0,0.0,0.0,0
2023-05-09 21:58:16,MA401C2225,MA401C2225,234.0,0.0,0.0,0.0,10,168.0,375.5,1,234.0,0.0,0.0,0.0,0.0,0.0,0
2023-05-09 21:58:16,MA401C2225,MA401C2225,234.0,0.0,0.0,0.0,10,168.0,375.0,10,234.0,0.0,0.0,0.0,0.0,0.0,0
2023-05-09 21:58:17,MA401C2225,MA401C2225,234.0,0.0,0.0,0.0,10,168.0,373.5,1,234.0,0.0,0.0,0.0,0.0,0.0,0
2023-05-09 21:58:17,MA401C2225,MA401C2225,234.0,0.0,0.0,0.0,10,168.0,373.0,10,234.0,0.0,0.0,0.0,0.0,0.0,0
2023-05-09 21:58:18,MA401C2225,MA401C2225,234.0,0.0,0.0,0.0,10,168.0,371.5,1,234.0,0.0,0.0,0.0,0.0,0.0,0
2023-05-09 21:58:18,MA401C2225,MA401C2225,234.0,0.0,0.0,0.0,10,168.0,371.0,10,234.0,0.0,0.0,0.0,0.0,0.0,0
2023-05-09 21:58:19,MA401C2225,MA401C2225,234.0,0.0,0.0,0.0,10,168.0,369.5,1,234.0,0.0,0.0,0.0,0.0,0.0,0
2023-05-09 21:58:19,MA401C2225,MA401C2225,234.0,0.0,0.0,0.0,10,168.0,369.0,10,234.0,0.0,0.0,0.0,0.0,0.0,0
2023-05-09 21:58:20,MA401C2225,MA401C2225,234.0,0.0,0.0,0.0,10,168.0,367.5,1,234.0,0.0,0.0,0.0,0.0,0.0,0
2023-05-09 21:58:20,MA401C2225,MA401C2225,234.0,0.0,0.0,0.0,10,168.0,367.0,10,234.0,0.0,0.0,0.0,0.0,0.0,0
2023-05-09 21:58:21,MA401C2225,MA401C2225,234.0,0.0,0.0,0.0,10,168.0,365.5,1,234.0,0.0,0.0,0.0,0.0,0.0,0
2023-05-09 21:58:21,MA401C2225,MA401C2225,234.0,0.0,0.0,0.0,10,168.0,365.0,10,234.0,0.0,0.0,0.0,0.0,0.0,0
2023-05-09 21:58:22,MA401C2225,MA401C2225,234.0,0.0,0.0,0.0,10,168.0,363.5,1,234.0,0.0,0.0,0.0,0.0,0.0,0
2023-05-09 21:58:22,MA401C2225,MA401C2225,234.0,0.0,0.0,0.0,10,168.0,363.0,10,234.0,0.0,0.0,0.0,0.0,0.0,0
2023-05-09 21:58:23,MA401C2225,MA401C2225,234.0,0.0,0.0,0.0,10,168.0,361.5,1,234.0,0.0,0.0,0.0,0.0,0.0,0
2023-05-09 21:58:23,MA401C2225,MA401C2225,234.0,0.0,0.0,0.0,10,168.0,361.0,10,234.0,0.0,0.0,0.0,0.0,0.0,0
2023-05-09 21:58:24,MA401C2225,MA401C2225,234.0,0.0,0.0,0.0,10,168.0,359.5,1,234.0,0.0,0.0,0.0,0.0,0.0,0
2023-05-09 21:58:24,MA401C2225,MA401C2225,234.0,0.0,0.0,0.0,10,168.0,359.0,10,234.0,0.0,0.0,0.0,0.0,0.0,0
2023-05-09 21:58:25,MA401C2225,MA401C2225,234.0,0.0,0.0,0.0,10,168.0,357.5,1,234.0,0.0,0.0,0.0,0.0,0.0,0
2023-05-09 21:58:25,MA401C2225,MA401C2225,234.0,0.0,0.0,0.0,10,168.0,357.0,10,234.0,0.0,0.0,0.0,0.0,0.0,0
2023-05-09 21:58:26,MA401C2225,MA401C2225,234.0,0.0,0.0,0.0,10,168.0,355.5,1,234.0,0.0,0.0,0.0,0.0,0.0,0
2023-05-09 21:58:26,MA401C2225,MA401C2225,234.0,0.0,0.0,0.0,10,168.0,355.0,10,234.0,0.0,0.0,0.0,0.0,0.0,0
2023-05-09 21:58:27,MA401C2225,MA401C2225,234.0,0.0,0.0,0.0,10,168.0,353.5,1,234.0,0.0,0.0,0.0,0.0,0.0,0
2023-05-09 21:58:27,MA401C2225,MA401C2225,234.0,0.0,0.0,0.0,10,168.0,353.0,10,234.0,0.0,0.0,0.0,0.0,0.0,0
2023-05-09 22:13:59,MA401C2225,MA401C2225,234.0,0.0,0.0,0.0,10,168.0,351.5,1,234.0,0.0,0.0,0.0,0.0,0.0,0
2023-05-09 22:14:00,MA401C2225,MA401C2225,234.0,0.0,0.0,0.0,10,168.0,351.0,10,234.0,0.0,0.0,0.0,0.0,0.0,0
2023-05-09 22:14:00,MA401C2225,MA401C2225,234.0,0.0,0.0,0.0,10,168.0,349.5,1,234.0,0.0,0.0,0.0,0.0,0.0,0
2023-05-09 22:14:00,MA401C2225,MA401C2225,234.0,0.0,0.0,0.0,10,168.0,349.0,10,234.0,0.0,0.0,0.0,0.0,0.0,0
2023-05-09 22:14:01,MA401C2225,MA401C2225,234.0,0.0,0.0,0.0,10,168.0,347.5,1,234.0,0.0,0.0,0.0,0.0,0.0,0
2023-05-09 22:14:01,MA401C2225,MA401C2225,234.0,0.0,0.0,0.0,10,168.0,347.0,10,234.0,0.0,0.0,0.0,0.0,0.0,0
2023-05-09 22:14:02,MA401C2225,MA401C2225,234.0,0.0,0.0,0.0,10,168.0,345.5,1,234.0,0.0,0.0,0.0,0.0,0.0,0
2023-05-09 22:14:02,MA401C2225,MA401C2225,234.0,0.0,0.0,0.0,10,168.0,345.0,10,234.0,0.0,0.0,0.0,0.0,0.0,0
2023-05-09 22:14:03,MA401C2225,MA401C2225,234.0,0.0,0.0,0.0,10,168.0,343.5,1,234.0,0.0,0.0,0.0,0.0,0.0,0
2023-05-09 22:14:03,MA401C2225,MA401C2225,234.0,0.0,0.0,0.0,10,168.0,343.0,10,234.0,0.0,0.0,0.0,0.0,0.0,0
2023-05-09 22:14:04,MA401C2225,MA401C2225,234.0,0.0,0.0,0.0,10,168.0,341.5,1,234.0,0.0,0.0,0.0,0.0,0.0,0
2023-05-09 22:14:04,MA401C2225,MA401C2225,234.0,0.0,0.0,0.0,10,168.0,341.0,10,234.0,0.0,0.0,0.0,0.0,0.0,0
2023-05-09 22:14:05,MA401C2225,MA401C2225,234.0,0.0,0.0,0.0,10,168.0,339.5,1,234.0,0.0,0.0,0.0,0.0,0.0,0
2023-05-09 22:14:05,MA401C2225,MA401C2225,234.0,0.0,0.0,0.0,10,168.0,339.0,10,234.0,0.0,0.0,0.0,0.0,0.0,0
2023-05-09 22:14:06,MA401C2225,MA401C2225,234.0,0.0,0.0,0.0,10,168.0,337.5,1,234.0,0.0,0.0,0.0,0.0,0.0,0
2023-05-09 22:14:06,MA401C2225,MA401C2225,234.0,0.0,0.0,0.0,10,168.0,337.0,10,234.0,0.0,0.0,0.0,0.0,0.0,0
2023-05-09 22:14:07,MA401C2225,MA401C2225,234.0,0.0,0.0,0.0,10,168.0,335.5,1,234.0,0.0,0.0,0.0,0.0,0.0,0
2023-05-09 22:14:07,MA401C2225,MA401C2225,234.0,0.0,0.0,0.0,10,168.0,335.0,10,234.0,0.0,0.0,0.0,0.0,0.0,0
2023-05-09 22:14:08,MA401C2225,MA401C2225,234.0,0.0,0.0,0.0,10,168.0,333.5,1,234.0,0.0,0.0,0.0,0.0,0.0,0
2023-05-09 22:14:08,MA401C2225,MA401C2225,234.0,0.0,0.0,0.0,10,168.0,333.0,10,234.0,0.0,0.0,0.0,0.0,0.0,0
2023-05-09 22:33:59,MA401C2225,MA401C2225,234.0,0.0,0.0,0.0,10,168.0,331.5,1,234.0,0.0,0.0,0.0,0.0,0.0,0
2023-05-09 22:34:00,MA401C2225,MA401C2225,234.0,0.0,0.0,0.0,10,168.0,331.0,10,234.0,0.0,0.0,0.0,0.0,0.0,0
2023-05-09 22:34:00,MA401C2225,MA401C2225,234.0,0.0,0.0,0.0,10,168.0,329.5,1,234.0,0.0,0.0,0.0,0.0,0.0,0
2023-05-09 22:34:00,MA401C2225,MA401C2225,234.0,0.0,0.0,0.0,10,168.0,329.0,10,234.0,0.0,0.0,0.0,0.0,0.0,0
2023-05-09 22:34:01,MA401C2225,MA401C2225,234.0,0.0,0.0,0.0,10,168.0,327.5,1,234.0,0.0,0.0,0.0,0.0,0.0,0
2023-05-09 22:34:01,MA401C2225,MA401C2225,234.0,0.0,0.0,0.0,10,168.0,327.0,10,234.0,0.0,0.0,0.0,0.0,0.0,0
2023-05-09 22:34:02,MA401C2225,MA401C2225,234.0,0.0,0.0,0.0,10,168.0,325.5,1,234.0,0.0,0.0,0.0,0.0,0.0,0
2023-05-09 22:34:02,MA401C2225,MA401C2225,234.0,0.0,0.0,0.0,10,168.0,325.0,10,234.0,0.0,0.0,0.0,0.0,0.0,0
2023-05-09 22:34:03,MA401C2225,MA401C2225,234.0,0.0,0.0,0.0,10,168.0,323.5,1,234.0,0.0,0.0,0.0,0.0,0.0,0
2023-05-09 22:34:03,MA401C2225,MA401C2225,234.0,0.0,0.0,0.0,10,168.0,323.0,10,234.0,0.0,0.0,0.0,0.0,0.0,0
2023-05-09 22:34:04,MA401C2225,MA401C2225,234.0,0.0,0.0,0.0,10,168.0,321.5,1,234.0,0.0,0.0,0.0,0.0,0.0,0
2023-05-09 22:34:04,MA401C2225,MA401C2225,234.0,0.0,0.0,0.0,10,168.0,321.0,10,234.0,0.0,0.0,0.0,0.0,0.0,0
2023-05-09 22:34:05,MA401C2225,MA401C2225,234.0,0.0,0.0,0.0,10,168.0,319.5,1,234.0,0.0,0.0,0.0,0.0,0.0,0
2023-05-09 22:34:05,MA401C2225,MA401C2225,234.0,0.0,0.0,0.0,10,168.0,319.0,10,234.0,0.0,0.0,0.0,0.0,0.0,0
2023-05-09 22:34:06,MA401C2225,MA401C2225,234.0,0.0,0.0,0.0,10,168.0,317.5,1,234.0,0.0,0.0,0.0,0.0,0.0,0
2023-05-09 22:34:06,MA401C2225,MA401C2225,234.0,0.0,0.0,0.0,10,168.0,317.0,10,234.0,0.0,0.0,0.0,0.0,0.0,0
2023-05-09 22:34:07,MA401C2225,MA401C2225,234.0,0.0,0.0,0.0,10,168.0,315.5,1,234.0,0.0,0.0,0.0,0.0,0.0,0
2023-05-09 22:34:07,MA401C2225,MA401C2225,234.0,0.0,0.0,0.0,10,168.0,315.0,10,234.0,0.0,0.0,0.0,0.0,0.0,0
2023-05-09 22:34:08,MA401C2225,MA401C2225,234.0,0.0,0.0,0.0,10,168.0,313.5,1,234.0,0.0,0.0,0.0,0.0,0.0,0
2023-05-09 22:34:08,MA401C2225,MA401C2225,234.0,0.0,0.0,0.0,10,168.0,313.0,10,234.0,0.0,0.0,0.0,0.0,0.0,0
2023-05-09 22:53:59,MA401C2225,MA401C2225,234.0,0.0,0.0,0.0,10,168.0,311.5,1,234.0,0.0,0.0,0.0,0.0,0.0,0
2023-05-09 22:54:00,MA401C2225,MA401C2225,234.0,0.0,0.0,0.0,10,168.0,311.0,10,234.0,0.0,0.0,0.0,0.0,0.0,0
2023-05-09 22:54:00,MA401C2225,MA401C2225,234.0,0.0,0.0,0.0,10,168.0,309.5,1,234.0,0.0,0.0,0.0,0.0,0.0,0
2023-05-09 22:54:00,MA401C2225,MA401C2225,234.0,0.0,0.0,0.0,10,168.0,309.0,10,234.0,0.0,0.0,0.0,0.0,0.0,0
2023-05-09 22:54:01,MA401C2225,MA401C2225,234.0,0.0,0.0,0.0,10,168.0,307.5,1,234.0,0.0,0.0,0.0,0.0,0.0,0
2023-05-09 22:54:01,MA401C2225,MA401C2225,234.0,0.0,0.0,0.0,10,168.0,307.0,10,234.0,0.0,0.0,0.0,0.0,0.0,0
2023-05-09 22:54:02,MA401C2225,MA401C2225,234.0,0.0,0.0,0.0,10,168.0,305.5,1,234.0,0.0,0.0,0.0,0.0,0.0,0
2023-05-09 22:54:02,MA401C2225,MA401C2225,234.0,0.0,0.0,0.0,10,168.0,305.0,10,234.0,0.0,0.0,0.0,0.0,0.0,0
2023-05-09 22:54:03,MA401C2225,MA401C2225,234.0,0.0,0.0,0.0,10,168.0,303.5,1,234.0,0.0,0.0,0.0,0.0,0.0,0
2023-05-09 22:54:03,MA401C2225,MA401C2225,234.0,0.0,0.0,0.0,10,168.0,303.0,10,234.0,0.0,0.0,0.0,0.0,0.0,0
2023-05-09 22:54:04,MA401C2225,MA401C2225,234.0,0.0,0.0,0.0,10,168.0,301.5,1,234.0,0.0,0.0,0.0,0.0,0.0,0
2023-05-09 22:54:04,MA401C2225,MA401C2225,234.0,0.0,0.0,0.0,10,168.0,301.0,10,234.0,0.0,0.0,0.0,0.0,0.0,0
2023-05-09 22:54:05,MA401C2225,MA401C2225,234.0,0.0,0.0,0.0,10,168.0,299.5,1,234.0,0.0,0.0,0.0,0.0,0.0,0
2023-05-09 22:54:05,MA401C2225,MA401C2225,234.0,0.0,0.0,0.0,10,168.0,299.0,10,234.0,0.0,0.0,0.0,0.0,0.0,0
2023-05-09 22:54:06,MA401C2225,MA401C2225,234.0,0.0,0.0,0.0,10,168.0,297.5,1,234.0,0.0,0.0,0.0,0.0,0.0,0
2023-05-09 22:54:06,MA401C2225,MA401C2225,234.0,0.0,0.0,0.0,10,168.0,297.0,10,234.0,0.0,0.0,0.0,0.0,0.0,0
2023-05-09 22:54:07,MA401C2225,MA401C2225,234.0,0.0,0.0,0.0,10,168.0,295.5,1,234.0,0.0,0.0,0.0,0.0,0.0,0
2023-05-09 22:54:07,MA401C2225,MA401C2225,234.0,0.0,0.0,0.0,10,168.0,295.0,10,234.0,0.0,0.0,0.0,0.0,0.0,0
2023-05-09 22:54:08,MA401C2225,MA401C2225,234.0,0.0,0.0,0.0,10,168.0,293.5,1,234.0,0.0,0.0,0.0,0.0,0.0,0
2023-05-09 22:54:08,MA401C2225,MA401C2225,234.0,0.0,0.0,0.0,10,168.0,293.0,10,234.0,0.0,0.0,0.0,0.0,0.0,0
2023-05-09 22:57:35,MA401C2225,MA401C2225,234.0,0.0,0.0,0.0,1,85.5,0.0,0,234.0,0.0,0.0,0.0,0.0,0.0,0
2023-05-10 09:00:04,MA401C2225,MA401C2225,234.0,0.0,0.0,0.0,3,88.5,0.0,0,234.0,0.0,0.0,0.0,0.0,0.0,0
2023-05-10 09:00:44,MA401C2225,MA401C2225,234.0,0.0,0.0,0.0,1,89.0,0.0,0,234.0,0.0,0.0,0.0,0.0,0.0,0
2023-05-10 09:01:39,MA401C2225,MA401C2225,234.0,0.0,0.0,0.0,10,89.5,0.0,0,234.0,0.0,0.0,0.0,0.0,0.0,0
2023-05-10 09:01:40,MA401C2225,MA401C2225,234.0,0.0,0.0,0.0,10,91.5,399.0,10,234.0,0.0,0.0,0.0,0.0,0.0,0
2023-05-10 09:01:41,MA401C2225,MA401C2225,234.0,0.0,0.0,0.0,1,93.0,397.5,1,234.0,0.0,0.0,0.0,0.0,0.0,0
2023-05-10 09:01:41,MA401C2225,MA401C2225,234.0,0.0,0.0,0.0,10,93.5,397.0,10,234.0,0.0,0.0,0.0,0.0,0.0,0
2023-05-10 09:01:42,MA401C2225,MA401C2225,234.0,0.0,0.0,0.0,1,95.0,395.5,1,234.0,0.0,0.0,0.0,0.0,0.0,0
2023-05-10 09:01:42,MA401C2225,MA401C2225,234.0,0.0,0.0,0.0,10,95.5,395.0,10,234.0,0.0,0.0,0.0,0.0,0.0,0
2023-05-10 09:01:43,MA401C2225,MA401C2225,234.0,0.0,0.0,0.0,1,97.0,393.5,1,234.0,0.0,0.0,0.0,0.0,0.0,0
2023-05-10 09:01:43,MA401C2225,MA401C2225,234.0,0.0,0.0,0.0,10,97.5,393.0,10,234.0,0.0,0.0,0.0,0.0,0.0,0
2023-05-10 09:01:44,MA401C2225,MA401C2225,234.0,0.0,0.0,0.0,1,99.0,391.5,1,234.0,0.0,0.0,0.0,0.0,0.0,0
2023-05-10 09:01:44,MA401C2225,MA401C2225,234.0,0.0,0.0,0.0,10,99.5,391.0,10,234.0,0.0,0.0,0.0,0.0,0.0,0
2023-05-10 09:01:45,MA401C2225,MA401C2225,234.0,0.0,0.0,0.0,1,101.0,389.5,1,234.0,0.0,0.0,0.0,0.0,0.0,0
2023-05-10 09:01:45,MA401C2225,MA401C2225,234.0,0.0,0.0,0.0,10,101.5,389.0,10,234.0,0.0,0.0,0.0,0.0,0.0,0
2023-05-10 09:01:46,MA401C2225,MA401C2225,234.0,0.0,0.0,0.0,1,103.0,387.5,1,234.0,0.0,0.0,0.0,0.0,0.0,0
2023-05-10 09:01:46,MA401C2225,MA401C2225,234.0,0.0,0.0,0.0,10,103.5,387.0,10,234.0,0.0,0.0,0.0,0.0,0.0,0
2023-05-10 09:01:46,MA401C2225,MA401C2225,234.0,0.0,0.0,0.0,1,103.0,387.5,1,234.0,0.0,0.0,0.0,0.0,0.0,0
2023-05-10 09:01:46,MA401C2225,MA401C2225,234.0,0.0,0.0,0.0,10,103.5,387.0,10,234.0,0.0,0.0,0.0,0.0,0.0,0
2023-05-10 09:01:47,MA401C2225,MA401C2225,234.0,0.0,0.0,0.0,1,105.0,385.5,1,234.0,0.0,0.0,0.0,0.0,0.0,0
2023-05-10 09:01:47,MA401C2225,MA401C2225,234.0,0.0,0.0,0.0,10,105.5,385.0,10,234.0,0.0,0.0,0.0,0.0,0.0,0
2023-05-10 09:01:48,MA401C2225,MA401C2225,234.0,0.0,0.0,0.0,1,107.0,383.5,1,234.0,0.0,0.0,0.0,0.0,0.0,0
2023-05-10 09:01:48,MA401C2225,MA401C2225,234.0,0.0,0.0,0.0,10,107.5,383.0,10,234.0,0.0,0.0,0.0,0.0,0.0,0
2023-05-10 09:01:49,MA401C2225,MA401C2225,234.0,0.0,0.0,0.0,1,109.0,381.5,1,234.0,0.0,0.0,0.0,0.0,0.0,0
2023-05-10 09:01:49,MA401C2225,MA401C2225,234.0,0.0,0.0,0.0,10,109.5,381.0,10,234.0,0.0,0.0,0.0,0.0,0.0,0
2023-05-10 09:01:50,MA401C2225,MA401C2225,234.0,0.0,0.0,0.0,1,111.0,379.5,1,234.0,0.0,0.0,0.0,0.0,0.0,0
2023-05-10 09:01:50,MA401C2225,MA401C2225,234.0,0.0,0.0,0.0,10,111.5,379.0,10,234.0,0.0,0.0,0.0,0.0,0.0,0
2023-05-10 09:01:51,MA401C2225,MA401C2225,234.0,0.0,0.0,0.0,1,113.0,377.5,1,234.0,0.0,0.0,0.0,0.0,0.0,0
2023-05-10 09:01:51,MA401C2225,MA401C2225,234.0,0.0,0.0,0.0,10,113.5,377.0,10,234.0,0.0,0.0,0.0,0.0,0.0,0
2023-05-10 09:01:52,MA401C2225,MA401C2225,234.0,0.0,0.0,0.0,1,115.0,375.5,1,234.0,0.0,0.0,0.0,0.0,0.0,0
2023-05-10 09:01:52,MA401C2225,MA401C2225,234.0,0.0,0.0,0.0,10,115.5,375.0,10,234.0,0.0,0.0,0.0,0.0,0.0,0
2023-05-10 09:01:53,MA401C2225,MA401C2225,234.0,0.0,0.0,0.0,1,117.0,373.5,1,234.0,0.0,0.0,0.0,0.0,0.0,0
2023-05-10 09:01:53,MA401C2225,MA401C2225,234.0,0.0,0.0,0.0,10,117.5,373.0,10,234.0,0.0,0.0,0.0,0.0,0.0,0
2023-05-10 09:01:54,MA401C2225,MA401C2225,234.0,0.0,0.0,0.0,1,119.0,371.5,1,234.0,0.0,0.0,0.0,0.0,0.0,0
2023-05-10 09:01:54,MA401C2225,MA401C2225,234.0,0.0,0.0,0.0,10,119.5,371.0,10,234.0,0.0,0.0,0.0,0.0,0.0,0
2023-05-10 09:01:55,MA401C2225,MA401C2225,234.0,0.0,0.0,0.0,1,121.0,369.5,1,234.0,0.0,0.0,0.0,0.0,0.0,0
2023-05-10 09:01:55,MA401C2225,MA401C2225,234.0,0.0,0.0,0.0,10,121.5,369.0,10,234.0,0.0,0.0,0.0,0.0,0.0,0
2023-05-10 09:01:56,MA401C2225,MA401C2225,234.0,0.0,0.0,0.0,1,123.0,367.5,1,234.0,0.0,0.0,0.0,0.0,0.0,0
2023-05-10 09:01:56,MA401C2225,MA401C2225,234.0,0.0,0.0,0.0,10,123.5,367.0,10,234.0,0.0,0.0,0.0,0.0,0.0,0
2023-05-10 09:01:57,MA401C2225,MA401C2225,234.0,0.0,0.0,0.0,1,125.0,365.5,1,234.0,0.0,0.0,0.0,0.0,0.0,0
2023-05-10 09:01:57,MA401C2225,MA401C2225,234.0,0.0,0.0,0.0,10,125.5,365.0,10,234.0,0.0,0.0,0.0,0.0,0.0,0
2023-05-10 09:01:58,MA401C2225,MA401C2225,234.0,0.0,0.0,0.0,1,127.0,363.5,1,234.0,0.0,0.0,0.0,0.0,0.0,0
2023-05-10 09:01:58,MA401C2225,MA401C2225,234.0,0.0,0.0,0.0,10,127.5,363.0,10,234.0,0.0,0.0,0.0,0.0,0.0,0
2023-05-10 09:01:59,MA401C2225,MA401C2225,234.0,0.0,0.0,0.0,1,129.0,361.5,1,234.0,0.0,0.0,0.0,0.0,0.0,0
2023-05-10 09:01:59,MA401C2225,MA401C2225,234.0,0.0,0.0,0.0,10,129.5,361.0,10,234.0,0.0,0.0,0.0,0.0,0.0,0
2023-05-10 09:02:00,MA401C2225,MA401C2225,234.0,0.0,0.0,0.0,1,131.0,359.5,1,234.0,0.0,0.0,0.0,0.0,0.0,0
2023-05-10 09:02:00,MA401C2225,MA401C2225,234.0,0.0,0.0,0.0,10,131.5,359.0,10,234.0,0.0,0.0,0.0,0.0,0.0,0
2023-05-10 09:02:01,MA401C2225,MA401C2225,234.0,0.0,0.0,0.0,1,133.0,357.5,1,234.0,0.0,0.0,0.0,0.0,0.0,0
2023-05-10 09:02:01,MA401C2225,MA401C2225,234.0,0.0,0.0,0.0,10,133.5,357.0,10,234.0,0.0,0.0,0.0,0.0,0.0,0
2023-05-10 09:02:02,MA401C2225,MA401C2225,234.0,0.0,0.0,0.0,1,135.0,355.5,1,234.0,0.0,0.0,0.0,0.0,0.0,0
2023-05-10 09:02:02,MA401C2225,MA401C2225,234.0,0.0,0.0,0.0,10,135.5,355.0,10,234.0,0.0,0.0,0.0,0.0,0.0,0
2023-05-10 09:02:03,MA401C2225,MA401C2225,234.0,0.0,0.0,0.0,1,137.0,353.5,1,234.0,0.0,0.0,0.0,0.0,0.0,0
2023-05-10 09:02:03,MA401C2225,MA401C2225,234.0,0.0,0.0,0.0,10,137.5,353.0,10,234.0,0.0,0.0,0.0,0.0,0.0,0
2023-05-10 09:02:04,MA401C2225,MA401C2225,234.0,0.0,0.0,0.0,1,139.0,351.5,1,234.0,0.0,0.0,0.0,0.0,0.0,0
2023-05-10 09:02:04,MA401C2225,MA401C2225,234.0,0.0,0.0,0.0,10,139.5,351.0,10,234.0,0.0,0.0,0.0,0.0,0.0,0
2023-05-10 09:02:05,MA401C2225,MA401C2225,234.0,0.0,0.0,0.0,1,141.0,349.5,1,234.0,0.0,0.0,0.0,0.0,0.0,0
2023-05-10 09:02:05,MA401C2225,MA401C2225,234.0,0.0,0.0,0.0,10,141.5,349.0,10,234.0,0.0,0.0,0.0,0.0,0.0,0
2023-05-10 09:02:06,MA401C2225,MA401C2225,234.0,0.0,0.0,0.0,1,143.0,347.5,1,234.0,0.0,0.0,0.0,0.0,0.0,0
2023-05-10 09:02:06,MA401C2225,MA401C2225,234.0,0.0,0.0,0.0,10,143.5,347.0,10,234.0,0.0,0.0,0.0,0.0,0.0,0
2023-05-10 09:02:07,MA401C2225,MA401C2225,234.0,0.0,0.0,0.0,1,145.0,345.5,1,234.0,0.0,0.0,0.0,0.0,0.0,0
2023-05-10 09:02:07,MA401C2225,MA401C2225,234.0,0.0,0.0,0.0,10,145.5,345.0,10,234.0,0.0,0.0,0.0,0.0,0.0,0
2023-05-10 09:02:08,MA401C2225,MA401C2225,234.0,0.0,0.0,0.0,1,147.0,343.5,1,234.0,0.0,0.0,0.0,0.0,0.0,0
2023-05-10 09:02:08,MA401C2225,MA401C2225,234.0,0.0,0.0,0.0,10,147.5,343.0,10,234.0,0.0,0.0,0.0,0.0,0.0,0
2023-05-10 09:02:09,MA401C2225,MA401C2225,234.0,0.0,0.0,0.0,1,149.0,341.5,1,234.0,0.0,0.0,0.0,0.0,0.0,0
2023-05-10 09:02:09,MA401C2225,MA401C2225,234.0,0.0,0.0,0.0,10,149.5,341.0,10,234.0,0.0,0.0,0.0,0.0,0.0,0
2023-05-10 09:02:10,MA401C2225,MA401C2225,234.0,0.0,0.0,0.0,1,151.0,339.5,1,234.0,0.0,0.0,0.0,0.0,0.0,0
2023-05-10 09:02:10,MA401C2225,MA401C2225,234.0,0.0,0.0,0.0,10,151.5,339.0,10,234.0,0.0,0.0,0.0,0.0,0.0,0
2023-05-10 09:02:11,MA401C2225,MA401C2225,234.0,0.0,0.0,0.0,1,153.0,337.5,1,234.0,0.0,0.0,0.0,0.0,0.0,0
2023-05-10 09:02:11,MA401C2225,MA401C2225,234.0,0.0,0.0,0.0,10,153.5,337.0,10,234.0,0.0,0.0,0.0,0.0,0.0,0
2023-05-10 09:02:12,MA401C2225,MA401C2225,234.0,0.0,0.0,0.0,1,155.0,335.5,1,234.0,0.0,0.0,0.0,0.0,0.0,0
2023-05-10 09:02:12,MA401C2225,MA401C2225,234.0,0.0,0.0,0.0,10,155.5,335.0,10,234.0,0.0,0.0,0.0,0.0,0.0,0
2023-05-10 09:02:13,MA401C2225,MA401C2225,234.0,0.0,0.0,0.0,1,157.0,333.5,1,234.0,0.0,0.0,0.0,0.0,0.0,0
2023-05-10 09:02:13,MA401C2225,MA401C2225,234.0,0.0,0.0,0.0,10,157.5,333.0,10,234.0,0.0,0.0,0.0,0.0,0.0,0
2023-05-10 09:02:14,MA401C2225,MA401C2225,234.0,0.0,0.0,0.0,1,159.0,331.5,1,234.0,0.0,0.0,0.0,0.0,0.0,0
2023-05-10 09:02:14,MA401C2225,MA401C2225,234.0,0.0,0.0,0.0,10,159.5,331.0,10,234.0,0.0,0.0,0.0,0.0,0.0,0
2023-05-10 09:02:15,MA401C2225,MA401C2225,234.0,0.0,0.0,0.0,1,161.0,329.5,1,234.0,0.0,0.0,0.0,0.0,0.0,0
2023-05-10 09:02:15,MA401C2225,MA401C2225,234.0,0.0,0.0,0.0,10,161.5,329.0,10,234.0,0.0,0.0,0.0,0.0,0.0,0
2023-05-10 09:02:16,MA401C2225,MA401C2225,234.0,0.0,0.0,0.0,1,163.0,327.5,1,234.0,0.0,0.0,0.0,0.0,0.0,0
2023-05-10 09:02:16,MA401C2225,MA401C2225,234.0,0.0,0.0,0.0,10,163.5,327.0,10,234.0,0.0,0.0,0.0,0.0,0.0,0
2023-05-10 09:02:17,MA401C2225,MA401C2225,234.0,0.0,0.0,0.0,1,165.0,325.5,1,234.0,0.0,0.0,0.0,0.0,0.0,0
2023-05-10 09:02:17,MA401C2225,MA401C2225,234.0,0.0,0.0,0.0,10,165.5,325.0,10,234.0,0.0,0.0,0.0,0.0,0.0,0
2023-05-10 09:02:18,MA401C2225,MA401C2225,234.0,0.0,0.0,0.0,1,167.0,323.5,1,234.0,0.0,0.0,0.0,0.0,0.0,0
2023-05-10 09:02:18,MA401C2225,MA401C2225,234.0,0.0,0.0,0.0,10,167.5,323.0,10,234.0,0.0,0.0,0.0,0.0,0.0,0
2023-05-10 09:02:19,MA401C2225,MA401C2225,234.0,0.0,0.0,0.0,10,167.5,321.5,1,234.0,0.0,0.0,0.0,0.0,0.0,0
2023-05-10 09:02:19,MA401C2225,MA401C2225,234.0,0.0,0.0,0.0,10,167.5,321.0,10,234.0,0.0,0.0,0.0,0.0,0.0,0
2023-05-10 09:02:20,MA401C2225,MA401C2225,234.0,0.0,0.0,0.0,10,167.5,319.5,1,234.0,0.0,0.0,0.0,0.0,0.0,0
2023-05-10 09:02:20,MA401C2225,MA401C2225,234.0,0.0,0.0,0.0,10,167.5,319.0,10,234.0,0.0,0.0,0.0,0.0,0.0,0
2023-05-10 09:02:21,MA401C2225,MA401C2225,234.0,0.0,0.0,0.0,10,167.5,317.5,1,234.0,0.0,0.0,0.0,0.0,0.0,0
2023-05-10 09:02:21,MA401C2225,MA401C2225,234.0,0.0,0.0,0.0,10,167.5,317.0,10,234.0,0.0,0.0,0.0,0.0,0.0,0
2023-05-10 09:02:22,MA401C2225,MA401C2225,234.0,0.0,0.0,0.0,10,167.5,315.5,1,234.0,0.0,0.0,0.0,0.0,0.0,0
2023-05-10 09:02:22,MA401C2225,MA401C2225,234.0,0.0,0.0,0.0,10,167.5,315.0,10,234.0,0.0,0.0,0.0,0.0,0.0,0
2023-05-10 09:02:23,MA401C2225,MA401C2225,234.0,0.0,0.0,0.0,10,167.5,313.5,1,234.0,0.0,0.0,0.0,0.0,0.0,0
2023-05-10 09:02:23,MA401C2225,MA401C2225,234.0,0.0,0.0,0.0,10,167.5,313.0,10,234.0,0.0,0.0,0.0,0.0,0.0,0
2023-05-10 09:02:24,MA401C2225,MA401C2225,234.0,0.0,0.0,0.0,10,167.5,311.5,1,234.0,0.0,0.0,0.0,0.0,0.0,0
2023-05-10 09:02:24,MA401C2225,MA401C2225,234.0,0.0,0.0,0.0,10,167.5,311.0,10,234.0,0.0,0.0,0.0,0.0,0.0,0
2023-05-10 09:02:25,MA401C2225,MA401C2225,234.0,0.0,0.0,0.0,10,167.5,309.5,1,234.0,0.0,0.0,0.0,0.0,0.0,0
2023-05-10 09:02:25,MA401C2225,MA401C2225,234.0,0.0,0.0,0.0,10,167.5,309.0,10,234.0,0.0,0.0,0.0,0.0,0.0,0
2023-05-10 09:02:26,MA401C2225,MA401C2225,234.0,0.0,0.0,0.0,10,167.5,307.5,1,234.0,0.0,0.0,0.0,0.0,0.0,0
2023-05-10 09:02:26,MA401C2225,MA401C2225,234.0,0.0,0.0,0.0,10,167.5,307.0,10,234.0,0.0,0.0,0.0,0.0,0.0,0
2023-05-10 09:02:27,MA401C2225,MA401C2225,234.0,0.0,0.0,0.0,10,167.5,305.5,1,234.0,0.0,0.0,0.0,0.0,0.0,0
2023-05-10 09:02:27,MA401C2225,MA401C2225,234.0,0.0,0.0,0.0,10,167.5,305.0,10,234.0,0.0,0.0,0.0,0.0,0.0,0
2023-05-10 09:02:28,MA401C2225,MA401C2225,234.0,0.0,0.0,0.0,10,167.5,303.5,1,234.0,0.0,0.0,0.0,0.0,0.0,0
2023-05-10 09:02:28,MA401C2225,MA401C2225,234.0,0.0,0.0,0.0,10,167.5,303.0,10,234.0,0.0,0.0,0.0,0.0,0.0,0
2023-05-10 09:02:29,MA401C2225,MA401C2225,234.0,0.0,0.0,0.0,10,167.5,301.5,1,234.0,0.0,0.0,0.0,0.0,0.0,0
2023-05-10 09:02:29,MA401C2225,MA401C2225,234.0,0.0,0.0,0.0,10,167.5,301.0,10,234.0,0.0,0.0,0.0,0.0,0.0,0
2023-05-10 09:02:30,MA401C2225,MA401C2225,234.0,0.0,0.0,0.0,10,167.5,299.5,1,234.0,0.0,0.0,0.0,0.0,0.0,0
2023-05-10 09:02:30,MA401C2225,MA401C2225,234.0,0.0,0.0,0.0,10,167.5,299.0,10,234.0,0.0,0.0,0.0,0.0,0.0,0
2023-05-10 09:02:31,MA401C2225,MA401C2225,234.0,0.0,0.0,0.0,10,167.5,297.5,1,234.0,0.0,0.0,0.0,0.0,0.0,0
2023-05-10 09:02:31,MA401C2225,MA401C2225,234.0,0.0,0.0,0.0,10,167.5,297.0,10,234.0,0.0,0.0,0.0,0.0,0.0,0
2023-05-10 09:02:32,MA401C2225,MA401C2225,234.0,0.0,0.0,0.0,10,167.5,295.5,1,234.0,0.0,0.0,0.0,0.0,0.0,0
2023-05-10 09:02:32,MA401C2225,MA401C2225,234.0,0.0,0.0,0.0,10,167.5,295.0,10,234.0,0.0,0.0,0.0,0.0,0.0,0
2023-05-10 09:02:33,MA401C2225,MA401C2225,234.0,0.0,0.0,0.0,10,167.5,293.5,1,234.0,0.0,0.0,0.0,0.0,0.0,0
2023-05-10 09:02:33,MA401C2225,MA401C2225,234.0,0.0,0.0,0.0,10,167.5,293.0,10,234.0,0.0,0.0,0.0,0.0,0.0,0
2023-05-10 09:02:34,MA401C2225,MA401C2225,234.0,0.0,0.0,0.0,10,167.5,291.5,1,234.0,0.0,0.0,0.0,0.0,0.0,0
2023-05-10 09:02:34,MA401C2225,MA401C2225,234.0,0.0,0.0,0.0,10,167.5,291.0,10,234.0,0.0,0.0,0.0,0.0,0.0,0
2023-05-10 09:02:35,MA401C2225,MA401C2225,234.0,0.0,0.0,0.0,10,167.5,289.5,1,234.0,0.0,0.0,0.0,0.0,0.0,0
2023-05-10 09:02:35,MA401C2225,MA401C2225,234.0,0.0,0.0,0.0,10,167.5,289.0,10,234.0,0.0,0.0,0.0,0.0,0.0,0
2023-05-10 09:02:36,MA401C2225,MA401C2225,234.0,0.0,0.0,0.0,10,167.5,287.5,1,234.0,0.0,0.0,0.0,0.0,0.0,0
2023-05-10 09:02:36,MA401C2225,MA401C2225,234.0,0.0,0.0,0.0,10,167.5,287.0,10,234.0,0.0,0.0,0.0,0.0,0.0,0
2023-05-10 09:02:37,MA401C2225,MA401C2225,234.0,0.0,0.0,0.0,10,167.5,285.5,1,234.0,0.0,0.0,0.0,0.0,0.0,0
2023-05-10 09:02:37,MA401C2225,MA401C2225,234.0,0.0,0.0,0.0,10,167.5,285.0,10,234.0,0.0,0.0,0.0,0.0,0.0,0
2023-05-10 09:02:38,MA401C2225,MA401C2225,234.0,0.0,0.0,0.0,10,167.5,283.5,1,234.0,0.0,0.0,0.0,0.0,0.0,0
2023-05-10 09:02:38,MA401C2225,MA401C2225,234.0,0.0,0.0,0.0,10,167.5,283.0,10,234.0,0.0,0.0,0.0,0.0,0.0,0
2023-05-10 09:02:39,MA401C2225,MA401C2225,234.0,0.0,0.0,0.0,10,167.5,281.5,1,234.0,0.0,0.0,0.0,0.0,0.0,0
2023-05-10 09:02:39,MA401C2225,MA401C2225,234.0,0.0,0.0,0.0,10,167.5,281.0,10,234.0,0.0,0.0,0.0,0.0,0.0,0
2023-05-10 09:02:40,MA401C2225,MA401C2225,234.0,0.0,0.0,0.0,10,167.5,279.5,1,234.0,0.0,0.0,0.0,0.0,0.0,0
2023-05-10 09:02:40,MA401C2225,MA401C2225,234.0,0.0,0.0,0.0,10,167.5,279.0,10,234.0,0.0,0.0,0.0,0.0,0.0,0
2023-05-10 09:02:41,MA401C2225,MA401C2225,234.0,0.0,0.0,0.0,10,167.5,277.5,1,234.0,0.0,0.0,0.0,0.0,0.0,0
2023-05-10 09:02:41,MA401C2225,MA401C2225,234.0,0.0,0.0,0.0,10,167.5,277.0,10,234.0,0.0,0.0,0.0,0.0,0.0,0
2023-05-10 09:02:42,MA401C2225,MA401C2225,234.0,0.0,0.0,0.0,10,167.5,275.5,1,234.0,0.0,0.0,0.0,0.0,0.0,0
2023-05-10 09:02:42,MA401C2225,MA401C2225,234.0,0.0,0.0,0.0,10,167.5,275.0,10,234.0,0.0,0.0,0.0,0.0,0.0,0
2023-05-10 09:02:43,MA401C2225,MA401C2225,234.0,0.0,0.0,0.0,10,167.5,273.5,1,234.0,0.0,0.0,0.0,0.0,0.0,0
2023-05-10 09:02:43,MA401C2225,MA401C2225,234.0,0.0,0.0,0.0,10,167.5,273.0,10,234.0,0.0,0.0,0.0,0.0,0.0,0
2023-05-10 09:02:44,MA401C2225,MA401C2225,234.0,0.0,0.0,0.0,10,167.5,271.5,1,234.0,0.0,0.0,0.0,0.0,0.0,0
2023-05-10 09:02:44,MA401C2225,MA401C2225,234.0,0.0,0.0,0.0,10,167.5,271.0,10,234.0,0.0,0.0,0.0,0.0,0.0,0
2023-05-10 09:13:59,MA401C2225,MA401C2225,234.0,0.0,0.0,0.0,10,167.5,269.5,1,234.0,0.0,0.0,0.0,0.0,0.0,0
2023-05-10 09:13:59,MA401C2225,MA401C2225,234.0,0.0,0.0,0.0,10,167.5,269.0,10,234.0,0.0,0.0,0.0,0.0,0.0,0
2023-05-10 09:23:59,MA401C2225,MA401C2225,234.0,0.0,0.0,0.0,1,169.0,269.0,10,234.0,0.0,0.0,0.0,0.0,0.0,0
2023-05-10 09:24:00,MA401C2225,MA401C2225,234.0,0.0,0.0,0.0,10,169.5,269.0,10,234.0,0.0,0.0,0.0,0.0,0.0,0
2023-05-10 09:33:59,MA401C2225,MA401C2225,234.0,0.0,0.0,0.0,10,169.5,267.5,1,234.0,0.0,0.0,0.0,0.0,0.0,0
2023-05-10 09:34:00,MA401C2225,MA401C2225,234.0,0.0,0.0,0.0,10,169.5,267.0,10,234.0,0.0,0.0,0.0,0.0,0.0,0
2023-05-10 09:34:00,MA401C2225,MA401C2225,234.0,0.0,0.0,0.0,10,169.5,265.5,1,234.0,0.0,0.0,0.0,0.0,0.0,0
2023-05-10 09:34:00,MA401C2225,MA401C2225,234.0,0.0,0.0,0.0,10,169.5,265.0,10,234.0,0.0,0.0,0.0,0.0,0.0,0
2023-05-10 09:53:59,MA401C2225,MA401C2225,234.0,0.0,0.0,0.0,10,169.5,263.5,1,234.0,0.0,0.0,0.0,0.0,0.0,0
2023-05-10 09:54:00,MA401C2225,MA401C2225,234.0,0.0,0.0,0.0,10,169.5,263.0,10,234.0,0.0,0.0,0.0,0.0,0.0,0
2023-05-10 10:03:59,MA401C2225,MA401C2225,234.0,0.0,0.0,0.0,10,169.5,261.5,1,234.0,0.0,0.0,0.0,0.0,0.0,0
2023-05-10 10:04:00,MA401C2225,MA401C2225,234.0,0.0,0.0,0.0,10,169.5,261.0,10,234.0,0.0,0.0,0.0,0.0,0.0,0
2023-05-10 10:14:33,MA401C2225,MA401C2225,234.0,0.0,0.0,0.0,1,89.0,0.0,0,234.0,0.0,0.0,0.0,0.0,0.0,0
2023-05-10 10:30:16,MA401C2225,MA401C2225,234.0,0.0,0.0,0.0,10,89.5,0.0,0,234.0,0.0,0.0,0.0,0.0,0.0,0
2023-05-10 10:32:02,MA401C2225,MA401C2225,234.0,0.0,0.0,0.0,1,91.0,399.5,1,234.0,0.0,0.0,0.0,0.0,0.0,0
2023-05-10 10:32:02,MA401C2225,MA401C2225,234.0,0.0,0.0,0.0,10,91.5,399.0,10,234.0,0.0,0.0,0.0,0.0,0.0,0
2023-05-10 10:32:03,MA401C2225,MA401C2225,234.0,0.0,0.0,0.0,1,93.0,397.5,1,234.0,0.0,0.0,0.0,0.0,0.0,0
2023-05-10 10:32:03,MA401C2225,MA401C2225,234.0,0.0,0.0,0.0,10,93.5,397.0,10,234.0,0.0,0.0,0.0,0.0,0.0,0
2023-05-10 10:32:04,MA401C2225,MA401C2225,234.0,0.0,0.0,0.0,1,95.0,395.5,1,234.0,0.0,0.0,0.0,0.0,0.0,0
2023-05-10 10:32:04,MA401C2225,MA401C2225,234.0,0.0,0.0,0.0,10,95.5,395.0,10,234.0,0.0,0.0,0.0,0.0,0.0,0
2023-05-10 10:32:05,MA401C2225,MA401C2225,234.0,0.0,0.0,0.0,1,97.0,393.5,1,234.0,0.0,0.0,0.0,0.0,0.0,0
2023-05-10 10:32:05,MA401C2225,MA401C2225,234.0,0.0,0.0,0.0,10,97.5,393.0,10,234.0,0.0,0.0,0.0,0.0,0.0,0
2023-05-10 10:32:06,MA401C2225,MA401C2225,234.0,0.0,0.0,0.0,1,99.0,391.5,1,234.0,0.0,0.0,0.0,0.0,0.0,0
2023-05-10 10:32:06,MA401C2225,MA401C2225,234.0,0.0,0.0,0.0,10,99.5,391.0,10,234.0,0.0,0.0,0.0,0.0,0.0,0
2023-05-10 10:32:07,MA401C2225,MA401C2225,234.0,0.0,0.0,0.0,1,101.0,389.5,1,234.0,0.0,0.0,0.0,0.0,0.0,0
2023-05-10 10:32:07,MA401C2225,MA401C2225,234.0,0.0,0.0,0.0,10,101.5,389.0,10,234.0,0.0,0.0,0.0,0.0,0.0,0
2023-05-10 10:32:08,MA401C2225,MA401C2225,234.0,0.0,0.0,0.0,1,103.0,387.5,1,234.0,0.0,0.0,0.0,0.0,0.0,0
2023-05-10 10:32:08,MA401C2225,MA401C2225,234.0,0.0,0.0,0.0,10,103.5,387.0,10,234.0,0.0,0.0,0.0,0.0,0.0,0
2023-05-10 10:32:11,MA401C2225,MA401C2225,234.0,0.0,0.0,0.0,1,105.0,385.5,1,234.0,0.0,0.0,0.0,0.0,0.0,0
2023-05-10 10:32:11,MA401C2225,MA401C2225,234.0,0.0,0.0,0.0,10,105.5,385.0,10,234.0,0.0,0.0,0.0,0.0,0.0,0
2023-05-10 10:32:12,MA401C2225,MA401C2225,234.0,0.0,0.0,0.0,1,107.0,383.5,1,234.0,0.0,0.0,0.0,0.0,0.0,0
2023-05-10 10:32:12,MA401C2225,MA401C2225,234.0,0.0,0.0,0.0,10,107.5,383.0,10,234.0,0.0,0.0,0.0,0.0,0.0,0
2023-05-10 10:32:13,MA401C2225,MA401C2225,234.0,0.0,0.0,0.0,1,109.0,381.5,1,234.0,0.0,0.0,0.0,0.0,0.0,0
2023-05-10 10:32:13,MA401C2225,MA401C2225,234.0,0.0,0.0,0.0,10,109.5,381.0,10,234.0,0.0,0.0,0.0,0.0,0.0,0
2023-05-10 10:32:14,MA401C2225,MA401C2225,234.0,0.0,0.0,0.0,1,111.0,379.5,1,234.0,0.0,0.0,0.0,0.0,0.0,0
2023-05-10 10:32:14,MA401C2225,MA401C2225,234.0,0.0,0.0,0.0,10,111.5,379.0,10,234.0,0.0,0.0,0.0,0.0,0.0,0
2023-05-10 10:32:15,MA401C2225,MA401C2225,234.0,0.0,0.0,0.0,1,113.0,377.5,1,234.0,0.0,0.0,0.0,0.0,0.0,0
2023-05-10 10:32:15,MA401C2225,MA401C2225,234.0,0.0,0.0,0.0,10,113.5,377.0,10,234.0,0.0,0.0,0.0,0.0,0.0,0
2023-05-10 10:32:16,MA401C2225,MA401C2225,234.0,0.0,0.0,0.0,1,115.0,375.5,1,234.0,0.0,0.0,0.0,0.0,0.0,0
2023-05-10 10:32:16,MA401C2225,MA401C2225,234.0,0.0,0.0,0.0,10,115.5,375.0,10,234.0,0.0,0.0,0.0,0.0,0.0,0
2023-05-10 10:32:17,MA401C2225,MA401C2225,234.0,0.0,0.0,0.0,1,117.0,373.5,1,234.0,0.0,0.0,0.0,0.0,0.0,0
2023-05-10 10:32:17,MA401C2225,MA401C2225,234.0,0.0,0.0,0.0,10,117.5,373.0,10,234.0,0.0,0.0,0.0,0.0,0.0,0
2023-05-10 10:32:18,MA401C2225,MA401C2225,234.0,0.0,0.0,0.0,1,119.0,371.5,1,234.0,0.0,0.0,0.0,0.0,0.0,0
2023-05-10 10:32:18,MA401C2225,MA401C2225,234.0,0.0,0.0,0.0,10,119.5,371.0,10,234.0,0.0,0.0,0.0,0.0,0.0,0
2023-05-10 10:32:19,MA401C2225,MA401C2225,234.0,0.0,0.0,0.0,1,121.0,369.5,1,234.0,0.0,0.0,0.0,0.0,0.0,0
2023-05-10 10:32:19,MA401C2225,MA401C2225,234.0,0.0,0.0,0.0,10,121.5,369.0,10,234.0,0.0,0.0,0.0,0.0,0.0,0
2023-05-10 10:32:20,MA401C2225,MA401C2225,234.0,0.0,0.0,0.0,1,123.0,367.5,1,234.0,0.0,0.0,0.0,0.0,0.0,0
2023-05-10 10:32:20,MA401C2225,MA401C2225,234.0,0.0,0.0,0.0,10,123.5,367.0,10,234.0,0.0,0.0,0.0,0.0,0.0,0
2023-05-10 10:32:21,MA401C2225,MA401C2225,234.0,0.0,0.0,0.0,1,125.0,365.5,1,234.0,0.0,0.0,0.0,0.0,0.0,0
2023-05-10 10:32:21,MA401C2225,MA401C2225,234.0,0.0,0.0,0.0,10,125.5,365.0,10,234.0,0.0,0.0,0.0,0.0,0.0,0
2023-05-10 10:32:22,MA401C2225,MA401C2225,234.0,0.0,0.0,0.0,1,127.0,363.5,1,234.0,0.0,0.0,0.0,0.0,0.0,0
2023-05-10 10:32:22,MA401C2225,MA401C2225,234.0,0.0,0.0,0.0,10,127.5,363.0,10,234.0,0.0,0.0,0.0,0.0,0.0,0
2023-05-10 10:32:23,MA401C2225,MA401C2225,234.0,0.0,0.0,0.0,1,129.0,361.5,1,234.0,0.0,0.0,0.0,0.0,0.0,0
2023-05-10 10:32:23,MA401C2225,MA401C2225,234.0,0.0,0.0,0.0,10,129.5,361.0,10,234.0,0.0,0.0,0.0,0.0,0.0,0
2023-05-10 10:32:24,MA401C2225,MA401C2225,234.0,0.0,0.0,0.0,1,131.0,359.5,1,234.0,0.0,0.0,0.0,0.0,0.0,0
2023-05-10 10:32:24,MA401C2225,MA401C2225,234.0,0.0,0.0,0.0,10,131.5,359.0,10,234.0,0.0,0.0,0.0,0.0,0.0,0
2023-05-10 10:32:25,MA401C2225,MA401C2225,234.0,0.0,0.0,0.0,1,133.0,357.5,1,234.0,0.0,0.0,0.0,0.0,0.0,0
2023-05-10 10:32:25,MA401C2225,MA401C2225,234.0,0.0,0.0,0.0,10,133.5,357.0,10,234.0,0.0,0.0,0.0,0.0,0.0,0
2023-05-10 10:32:26,MA401C2225,MA401C2225,234.0,0.0,0.0,0.0,1,135.0,355.5,1,234.0,0.0,0.0,0.0,0.0,0.0,0
2023-05-10 10:32:26,MA401C2225,MA401C2225,234.0,0.0,0.0,0.0,10,135.5,355.0,10,234.0,0.0,0.0,0.0,0.0,0.0,0
2023-05-10 10:32:27,MA401C2225,MA401C2225,234.0,0.0,0.0,0.0,1,137.0,353.5,1,234.0,0.0,0.0,0.0,0.0,0.0,0
2023-05-10 10:32:27,MA401C2225,MA401C2225,234.0,0.0,0.0,0.0,10,137.5,353.0,10,234.0,0.0,0.0,0.0,0.0,0.0,0
2023-05-10 10:32:28,MA401C2225,MA401C2225,234.0,0.0,0.0,0.0,1,139.0,351.5,1,234.0,0.0,0.0,0.0,0.0,0.0,0
2023-05-10 10:32:28,MA401C2225,MA401C2225,234.0,0.0,0.0,0.0,10,139.5,351.0,10,234.0,0.0,0.0,0.0,0.0,0.0,0
2023-05-10 10:32:29,MA401C2225,MA401C2225,234.0,0.0,0.0,0.0,1,141.0,349.5,1,234.0,0.0,0.0,0.0,0.0,0.0,0
2023-05-10 10:32:29,MA401C2225,MA401C2225,234.0,0.0,0.0,0.0,10,141.5,349.0,10,234.0,0.0,0.0,0.0,0.0,0.0,0
2023-05-10 10:32:30,MA401C2225,MA401C2225,234.0,0.0,0.0,0.0,1,143.0,347.5,1,234.0,0.0,0.0,0.0,0.0,0.0,0
2023-05-10 10:32:30,MA401C2225,MA401C2225,234.0,0.0,0.0,0.0,10,143.5,347.0,10,234.0,0.0,0.0,0.0,0.0,0.0,0
2023-05-10 10:32:31,MA401C2225,MA401C2225,234.0,0.0,0.0,0.0,1,145.0,345.5,1,234.0,0.0,0.0,0.0,0.0,0.0,0
2023-05-10 10:32:31,MA401C2225,MA401C2225,234.0,0.0,0.0,0.0,10,145.5,345.0,10,234.0,0.0,0.0,0.0,0.0,0.0,0
2023-05-10 10:32:32,MA401C2225,MA401C2225,234.0,0.0,0.0,0.0,1,147.0,343.5,1,234.0,0.0,0.0,0.0,0.0,0.0,0
2023-05-10 10:32:32,MA401C2225,MA401C2225,234.0,0.0,0.0,0.0,10,147.5,343.0,10,234.0,0.0,0.0,0.0,0.0,0.0,0
2023-05-10 10:32:33,MA401C2225,MA401C2225,234.0,0.0,0.0,0.0,1,149.0,341.5,1,234.0,0.0,0.0,0.0,0.0,0.0,0
2023-05-10 10:32:33,MA401C2225,MA401C2225,234.0,0.0,0.0,0.0,10,149.5,341.0,10,234.0,0.0,0.0,0.0,0.0,0.0,0
2023-05-10 10:32:34,MA401C2225,MA401C2225,234.0,0.0,0.0,0.0,1,151.0,339.5,1,234.0,0.0,0.0,0.0,0.0,0.0,0
2023-05-10 10:32:34,MA401C2225,MA401C2225,234.0,0.0,0.0,0.0,10,151.5,339.0,10,234.0,0.0,0.0,0.0,0.0,0.0,0
2023-05-10 10:32:35,MA401C2225,MA401C2225,234.0,0.0,0.0,0.0,1,153.0,337.5,1,234.0,0.0,0.0,0.0,0.0,0.0,0
2023-05-10 10:32:35,MA401C2225,MA401C2225,234.0,0.0,0.0,0.0,10,153.5,337.0,10,234.0,0.0,0.0,0.0,0.0,0.0,0
2023-05-10 10:32:36,MA401C2225,MA401C2225,234.0,0.0,0.0,0.0,10,153.5,335.5,1,234.0,0.0,0.0,0.0,0.0,0.0,0
2023-05-10 10:32:36,MA401C2225,MA401C2225,234.0,0.0,0.0,0.0,10,153.5,335.0,10,234.0,0.0,0.0,0.0,0.0,0.0,0
2023-05-10 10:32:37,MA401C2225,MA401C2225,234.0,0.0,0.0,0.0,10,153.5,333.5,1,234.0,0.0,0.0,0.0,0.0,0.0,0
2023-05-10 10:32:37,MA401C2225,MA401C2225,234.0,0.0,0.0,0.0,10,153.5,333.0,10,234.0,0.0,0.0,0.0,0.0,0.0,0
2023-05-10 10:32:38,MA401C2225,MA401C2225,234.0,0.0,0.0,0.0,10,153.5,331.5,1,234.0,0.0,0.0,0.0,0.0,0.0,0
2023-05-10 10:32:38,MA401C2225,MA401C2225,234.0,0.0,0.0,0.0,10,153.5,331.0,10,234.0,0.0,0.0,0.0,0.0,0.0,0
2023-05-10 10:32:39,MA401C2225,MA401C2225,234.0,0.0,0.0,0.0,10,153.5,329.5,1,234.0,0.0,0.0,0.0,0.0,0.0,0
2023-05-10 10:32:39,MA401C2225,MA401C2225,234.0,0.0,0.0,0.0,10,153.5,329.0,10,234.0,0.0,0.0,0.0,0.0,0.0,0
2023-05-10 10:32:40,MA401C2225,MA401C2225,234.0,0.0,0.0,0.0,10,153.5,327.5,1,234.0,0.0,0.0,0.0,0.0,0.0,0
2023-05-10 10:32:40,MA401C2225,MA401C2225,234.0,0.0,0.0,0.0,10,153.5,327.0,10,234.0,0.0,0.0,0.0,0.0,0.0,0
2023-05-10 10:32:41,MA401C2225,MA401C2225,234.0,0.0,0.0,0.0,10,153.5,325.5,1,234.0,0.0,0.0,0.0,0.0,0.0,0
2023-05-10 10:32:41,MA401C2225,MA401C2225,234.0,0.0,0.0,0.0,10,153.5,325.0,10,234.0,0.0,0.0,0.0,0.0,0.0,0
2023-05-10 10:38:45,MA401C2225,MA401C2225,234.0,0.0,0.0,0.0,7,200.0,205.0,7,234.0,0.0,0.0,0.0,0.0,0.0,0
2023-05-10 10:38:46,MA401C2225,MA401C2225,234.0,0.0,0.0,0.0,17,200.0,204.5,10,234.0,0.0,0.0,0.0,0.0,0.0,0
2023-05-10 10:39:56,MA401C2225,MA401C2225,234.0,0.0,0.0,0.0,7,201.0,204.5,10,234.0,0.0,0.0,0.0,0.0,0.0,0
2023-05-10 10:39:56,MA401C2225,MA401C2225,234.0,0.0,0.0,0.0,17,201.0,204.5,10,234.0,0.0,0.0,0.0,0.0,0.0,0
2023-05-10 10:40:01,MA401C2225,MA401C2225,234.0,0.0,0.0,0.0,7,201.0,204.5,10,234.0,0.0,0.0,0.0,0.0,0.0,0
2023-05-10 10:41:06,MA401C2225,MA401C2225,234.0,0.0,0.0,0.0,10,201.5,204.5,10,234.0,0.0,0.0,0.0,0.0,0.0,0
2023-05-10 10:41:11,MA401C2225,MA401C2225,234.0,0.0,0.0,0.0,7,202.0,204.5,10,234.0,0.0,0.0,0.0,0.0,0.0,0
2023-05-10 10:41:12,MA401C2225,MA401C2225,234.0,0.0,0.0,0.0,17,202.0,204.5,10,234.0,0.0,0.0,0.0,0.0,0.0,0
2023-05-10 10:41:12,MA401C2225,MA401C2225,234.0,0.0,0.0,0.0,17,202.0,0.0,0,234.0,0.0,0.0,0.0,0.0,0.0,0
2023-05-10 10:41:16,MA401C2225,MA401C2225,234.0,0.0,0.0,0.0,17,202.0,208.0,7,234.0,0.0,0.0,0.0,0.0,0.0,0
2023-05-10 10:41:16,MA401C2225,MA401C2225,234.0,0.0,0.0,0.0,17,202.0,207.5,10,234.0,0.0,0.0,0.0,0.0,0.0,0
2023-05-10 10:42:07,MA401C2225,MA401C2225,234.0,0.0,0.0,0.0,7,203.0,207.5,10,234.0,0.0,0.0,0.0,0.0,0.0,0
2023-05-10 10:42:07,MA401C2225,MA401C2225,234.0,0.0,0.0,0.0,17,203.0,207.5,10,234.0,0.0,0.0,0.0,0.0,0.0,0
2023-05-10 10:45:12,MA401C2225,MA401C2225,234.0,0.0,0.0,0.0,7,204.0,207.5,10,234.0,0.0,0.0,0.0,0.0,0.0,0
2023-05-10 10:45:13,MA401C2225,MA401C2225,234.0,0.0,0.0,0.0,17,204.0,207.5,10,234.0,0.0,0.0,0.0,0.0,0.0,0
2023-05-10 10:45:49,MA401C2225,MA401C2225,234.0,0.0,0.0,0.0,7,204.0,207.5,10,234.0,0.0,0.0,0.0,0.0,0.0,0
2023-05-10 10:46:00,MA401C2225,MA401C2225,234.0,0.0,0.0,0.0,17,204.0,207.5,10,234.0,0.0,0.0,0.0,0.0,0.0,0
2023-05-10 10:46:01,MA401C2225,MA401C2225,234.0,0.0,0.0,0.0,7,204.0,207.5,10,234.0,0.0,0.0,0.0,0.0,0.0,0
2023-05-10 10:47:00,MA401C2225,MA401C2225,234.0,0.0,0.0,0.0,7,203.0,207.5,10,234.0,0.0,0.0,0.0,0.0,0.0,0
2023-05-10 10:47:01,MA401C2225,MA401C2225,234.0,0.0,0.0,0.0,17,203.0,207.5,10,234.0,0.0,0.0,0.0,0.0,0.0,0
2023-05-10 10:47:01,MA401C2225,MA401C2225,234.0,0.0,0.0,0.0,7,203.0,207.5,10,234.0,0.0,0.0,0.0,0.0,0.0,0
2023-05-10 10:48:11,MA401C2225,MA401C2225,234.0,0.0,0.0,0.0,10,89.5,207.5,10,234.0,0.0,0.0,0.0,0.0,0.0,0
2023-05-10 10:48:12,MA401C2225,MA401C2225,234.0,0.0,0.0,0.0,1,91.0,207.5,10,234.0,0.0,0.0,0.0,0.0,0.0,0
2023-05-10 10:48:12,MA401C2225,MA401C2225,234.0,0.0,0.0,0.0,10,91.5,207.5,10,234.0,0.0,0.0,0.0,0.0,0.0,0
2023-05-10 10:48:12,MA401C2225,MA401C2225,234.0,0.0,0.0,0.0,1,91.0,207.5,10,234.0,0.0,0.0,0.0,0.0,0.0,0
2023-05-10 10:48:12,MA401C2225,MA401C2225,234.0,0.0,0.0,0.0,10,91.5,207.5,10,234.0,0.0,0.0,0.0,0.0,0.0,0
2023-05-10 10:48:13,MA401C2225,MA401C2225,234.0,0.0,0.0,0.0,1,93.0,207.5,10,234.0,0.0,0.0,0.0,0.0,0.0,0
2023-05-10 10:48:13,MA401C2225,MA401C2225,234.0,0.0,0.0,0.0,7,201.5,207.5,10,234.0,0.0,0.0,0.0,0.0,0.0,0
2023-05-10 10:48:14,MA401C2225,MA401C2225,234.0,0.0,0.0,0.0,10,202.0,207.5,10,234.0,0.0,0.0,0.0,0.0,0.0,0
2023-05-10 10:48:14,MA401C2225,MA401C2225,234.0,0.0,0.0,0.0,10,202.0,206.5,7,234.0,0.0,0.0,0.0,0.0,0.0,0
2023-05-10 10:48:15,MA401C2225,MA401C2225,234.0,0.0,0.0,0.0,10,202.0,206.0,10,234.0,0.0,0.0,0.0,0.0,0.0,0
2023-05-10 10:48:33,MA401C2225,MA401C2225,234.0,0.0,0.0,0.0,17,201.5,206.0,10,234.0,0.0,0.0,0.0,0.0,0.0,0
2023-05-10 10:55:24,MA401C2225,MA401C2225,234.0,0.0,0.0,0.0,7,201.5,206.0,10,234.0,0.0,0.0,0.0,0.0,0.0,0
2023-05-10 10:55:58,MA401C2225,MA401C2225,234.0,0.0,0.0,0.0,17,201.5,206.0,10,234.0,0.0,0.0,0.0,0.0,0.0,0
2023-05-10 10:56:59,MA401C2225,MA401C2225,234.0,0.0,0.0,0.0,7,201.5,206.0,10,234.0,0.0,0.0,0.0,0.0,0.0,0
2023-05-10 10:57:32,MA401C2225,MA401C2225,234.0,0.0,0.0,0.0,10,90.5,206.0,10,234.0,0.0,0.0,0.0,0.0,0.0,0
2023-05-10 10:57:33,MA401C2225,MA401C2225,234.0,0.0,0.0,0.0,1,92.0,206.0,10,234.0,0.0,0.0,0.0,0.0,0.0,0
2023-05-10 10:57:33,MA401C2225,MA401C2225,234.0,0.0,0.0,0.0,10,92.5,206.0,10,234.0,0.0,0.0,0.0,0.0,0.0,0
2023-05-10 10:57:34,MA401C2225,MA401C2225,234.0,0.0,0.0,0.0,1,94.0,206.0,10,234.0,0.0,0.0,0.0,0.0,0.0,0
2023-05-10 10:57:34,MA401C2225,MA401C2225,234.0,0.0,0.0,0.0,10,94.5,206.0,10,234.0,0.0,0.0,0.0,0.0,0.0,0
2023-05-10 10:57:35,MA401C2225,MA401C2225,234.0,0.0,0.0,0.0,1,96.0,206.0,10,234.0,0.0,0.0,0.0,0.0,0.0,0
2023-05-10 10:57:35,MA401C2225,MA401C2225,234.0,0.0,0.0,0.0,10,96.5,206.0,10,234.0,0.0,0.0,0.0,0.0,0.0,0
2023-05-10 10:57:36,MA401C2225,MA401C2225,234.0,0.0,0.0,0.0,1,98.0,206.0,10,234.0,0.0,0.0,0.0,0.0,0.0,0
2023-05-10 10:57:36,MA401C2225,MA401C2225,234.0,0.0,0.0,0.0,10,98.5,206.0,10,234.0,0.0,0.0,0.0,0.0,0.0,0
2023-05-10 10:57:37,MA401C2225,MA401C2225,234.0,0.0,0.0,0.0,1,100.0,206.0,10,234.0,0.0,0.0,0.0,0.0,0.0,0
2023-05-10 10:57:37,MA401C2225,MA401C2225,234.0,0.0,0.0,0.0,10,100.5,206.0,10,234.0,0.0,0.0,0.0,0.0,0.0,0
2023-05-10 10:57:38,MA401C2225,MA401C2225,234.0,0.0,0.0,0.0,1,102.0,205.0,7,234.0,0.0,0.0,0.0,0.0,0.0,0
2023-05-10 10:57:38,MA401C2225,MA401C2225,234.0,0.0,0.0,0.0,10,102.5,204.5,10,234.0,0.0,0.0,0.0,0.0,0.0,0
2023-05-10 10:57:39,MA401C2225,MA401C2225,234.0,0.0,0.0,0.0,1,104.0,204.5,10,234.0,0.0,0.0,0.0,0.0,0.0,0
2023-05-10 10:57:39,MA401C2225,MA401C2225,234.0,0.0,0.0,0.0,7,199.5,204.5,10,234.0,0.0,0.0,0.0,0.0,0.0,0
2023-05-10 10:57:40,MA401C2225,MA401C2225,234.0,0.0,0.0,0.0,10,200.0,204.5,10,234.0,0.0,0.0,0.0,0.0,0.0,0
2023-05-10 10:58:55,MA401C2225,MA401C2225,234.0,0.0,0.0,0.0,7,199.5,204.5,10,234.0,0.0,0.0,0.0,0.0,0.0,0
2023-05-10 10:58:56,MA401C2225,MA401C2225,234.0,0.0,0.0,0.0,17,199.5,204.5,10,234.0,0.0,0.0,0.0,0.0,0.0,0
2023-05-10 10:59:08,MA401C2225,MA401C2225,234.0,0.0,0.0,0.0,7,200.5,204.5,10,234.0,0.0,0.0,0.0,0.0,0.0,0
2023-05-10 10:59:09,MA401C2225,MA401C2225,234.0,0.0,0.0,0.0,17,200.5,204.5,10,234.0,0.0,0.0,0.0,0.0,0.0,0
2023-05-10 10:59:28,MA401C2225,MA401C2225,234.0,0.0,0.0,0.0,7,200.5,204.5,10,234.0,0.0,0.0,0.0,0.0,0.0,0
2023-05-10 10:59:53,MA401C2225,MA401C2225,234.0,0.0,0.0,0.0,17,200.5,204.5,10,234.0,0.0,0.0,0.0,0.0,0.0,0
2023-05-10 11:00:17,MA401C2225,MA401C2225,234.0,0.0,0.0,0.0,7,200.5,204.5,10,234.0,0.0,0.0,0.0,0.0,0.0,0
2023-05-10 11:01:03,MA401C2225,MA401C2225,234.0,0.0,0.0,0.0,17,200.5,204.5,10,234.0,0.0,0.0,0.0,0.0,0.0,0
2023-05-10 11:01:59,MA401C2225,MA401C2225,234.0,0.0,0.0,0.0,7,200.5,204.5,10,234.0,0.0,0.0,0.0,0.0,0.0,0
2023-05-10 11:02:52,MA401C2225,MA401C2225,234.0,0.0,0.0,0.0,17,200.5,204.5,10,234.0,0.0,0.0,0.0,0.0,0.0,0
2023-05-10 11:03:00,MA401C2225,MA401C2225,234.0,0.0,0.0,0.0,7,200.5,204.5,10,234.0,0.0,0.0,0.0,0.0,0.0,0
2023-05-10 11:03:40,MA401C2225,MA401C2225,234.0,0.0,0.0,0.0,17,200.5,204.5,10,234.0,0.0,0.0,0.0,0.0,0.0,0
2023-05-10 11:04:32,MA401C2225,MA401C2225,234.0,0.0,0.0,0.0,7,200.5,204.5,10,234.0,0.0,0.0,0.0,0.0,0.0,0
2023-05-10 11:04:40,MA401C2225,MA401C2225,234.0,0.0,0.0,0.0,17,200.5,204.5,10,234.0,0.0,0.0,0.0,0.0,0.0,0
2023-05-10 11:04:48,MA401C2225,MA401C2225,234.0,0.0,0.0,0.0,7,200.5,204.5,10,234.0,0.0,0.0,0.0,0.0,0.0,0
2023-05-10 11:04:51,MA401C2225,MA401C2225,234.0,0.0,0.0,0.0,17,199.5,204.5,10,234.0,0.0,0.0,0.0,0.0,0.0,0
2023-05-10 11:04:53,MA401C2225,MA401C2225,234.0,0.0,0.0,0.0,1,189.0,204.5,10,234.0,0.0,0.0,0.0,0.0,0.0,0
2023-05-10 11:04:53,MA401C2225,MA401C2225,234.0,0.0,0.0,0.0,10,189.5,204.5,10,234.0,0.0,0.0,0.0,0.0,0.0,0
2023-05-10 11:04:53,MA401C2225,MA401C2225,234.0,0.0,0.0,0.0,1,189.0,204.5,10,234.0,0.0,0.0,0.0,0.0,0.0,0
2023-05-10 11:04:53,MA401C2225,MA401C2225,234.0,0.0,0.0,0.0,10,189.5,204.5,10,234.0,0.0,0.0,0.0,0.0,0.0,0
2023-05-10 11:05:01,MA401C2225,MA401C2225,234.0,0.0,0.0,0.0,7,199.0,204.5,10,234.0,0.0,0.0,0.0,0.0,0.0,0
2023-05-10 11:05:02,MA401C2225,MA401C2225,234.0,0.0,0.0,0.0,10,199.5,204.5,10,234.0,0.0,0.0,0.0,0.0,0.0,0
2023-05-10 11:05:17,MA401C2225,MA401C2225,234.0,0.0,0.0,0.0,7,200.5,204.5,10,234.0,0.0,0.0,0.0,0.0,0.0,0
2023-05-10 11:05:17,MA401C2225,MA401C2225,234.0,0.0,0.0,0.0,10,201.0,204.5,10,234.0,0.0,0.0,0.0,0.0,0.0,0
2023-05-10 11:05:17,MA401C2225,MA401C2225,234.0,0.0,0.0,0.0,7,200.5,204.5,10,234.0,0.0,0.0,0.0,0.0,0.0,0
2023-05-10 11:05:17,MA401C2225,MA401C2225,234.0,0.0,0.0,0.0,10,201.0,204.5,10,234.0,0.0,0.0,0.0,0.0,0.0,0
2023-05-10 11:05:20,MA401C2225,MA401C2225,234.0,0.0,0.0,0.0,10,201.0,205.0,17,234.0,0.0,0.0,0.0,0.0,0.0,0
2023-05-10 11:05:23,MA401C2225,MA401C2225,234.0,0.0,0.0,0.0,10,201.0,205.0,7,234.0,0.0,0.0,0.0,0.0,0.0,0
2023-05-10 11:05:24,MA401C2225,MA401C2225,234.0,0.0,0.0,0.0,10,201.0,206.5,7,234.0,0.0,0.0,0.0,0.0,0.0,0
2023-05-10 11:05:24,MA401C2225,MA401C2225,234.0,0.0,0.0,0.0,10,201.0,206.0,10,234.0,0.0,0.0,0.0,0.0,0.0,0
2023-05-10 11:05:24,MA401C2225,MA401C2225,234.0,0.0,0.0,0.0,10,201.0,206.5,7,234.0,0.0,0.0,0.0,0.0,0.0,0
2023-05-10 11:05:24,MA401C2225,MA401C2225,234.0,0.0,0.0,0.0,10,201.0,206.0,10,234.0,0.0,0.0,0.0,0.0,0.0,0
2023-05-10 11:05:29,MA401C2225,MA401C2225,234.0,0.0,0.0,0.0,7,201.5,206.0,10,234.0,0.0,0.0,0.0,0.0,0.0,0
2023-05-10 11:05:29,MA401C2225,MA401C2225,234.0,0.0,0.0,0.0,10,202.0,206.0,10,234.0,0.0,0.0,0.0,0.0,0.0,0
2023-05-10 11:05:48,MA401C2225,MA401C2225,234.0,0.0,0.0,0.0,10,202.0,206.5,7,234.0,0.0,0.0,0.0,0.0,0.0,0
2023-05-10 11:05:48,MA401C2225,MA401C2225,234.0,0.0,0.0,0.0,10,202.0,206.5,17,234.0,0.0,0.0,0.0,0.0,0.0,0
2023-05-10 11:05:49,MA401C2225,MA401C2225,234.0,0.0,0.0,0.0,7,202.5,206.5,17,234.0,0.0,0.0,0.0,0.0,0.0,0
2023-05-10 11:05:49,MA401C2225,MA401C2225,234.0,0.0,0.0,0.0,10,203.0,206.5,17,234.0,0.0,0.0,0.0,0.0,0.0,0
2023-05-10 11:05:55,MA401C2225,MA401C2225,234.0,0.0,0.0,0.0,7,202.5,206.5,17,234.0,0.0,0.0,0.0,0.0,0.0,0
2023-05-10 11:05:55,MA401C2225,MA401C2225,234.0,0.0,0.0,0.0,17,202.5,206.5,17,234.0,0.0,0.0,0.0,0.0,0.0,0
2023-05-10 11:06:12,MA401C2225,MA401C2225,234.0,0.0,0.0,0.0,10,202.5,206.5,17,234.0,0.0,0.0,0.0,0.0,0.0,0
2023-05-10 11:06:14,MA401C2225,MA401C2225,234.0,0.0,0.0,0.0,7,201.5,206.5,17,234.0,0.0,0.0,0.0,0.0,0.0,0
2023-05-10 11:06:14,MA401C2225,MA401C2225,234.0,0.0,0.0,0.0,10,202.0,206.5,17,234.0,0.0,0.0,0.0,0.0,0.0,0
2023-05-10 11:06:57,MA401C2225,MA401C2225,234.0,0.0,0.0,0.0,7,201.5,206.5,17,234.0,0.0,0.0,0.0,0.0,0.0,0
2023-05-10 11:06:57,MA401C2225,MA401C2225,234.0,0.0,0.0,0.0,17,201.5,206.5,17,234.0,0.0,0.0,0.0,0.0,0.0,0
2023-05-10 11:09:04,MA401C2225,MA401C2225,234.0,0.0,0.0,0.0,7,201.5,206.5,17,234.0,0.0,0.0,0.0,0.0,0.0,0
2023-05-10 11:09:10,MA401C2225,MA401C2225,234.0,0.0,0.0,0.0,17,201.5,206.5,17,234.0,0.0,0.0,0.0,0.0,0.0,0
2023-05-10 11:10:31,MA401C2225,MA401C2225,234.0,0.0,0.0,0.0,7,202.5,206.5,17,234.0,0.0,0.0,0.0,0.0,0.0,0
2023-05-10 11:10:32,MA401C2225,MA401C2225,234.0,0.0,0.0,0.0,17,202.5,206.5,17,234.0,0.0,0.0,0.0,0.0,0.0,0
2023-05-10 11:10:34,MA401C2225,MA401C2225,234.0,0.0,0.0,0.0,7,202.5,206.5,17,234.0,0.0,0.0,0.0,0.0,0.0,0
2023-05-10 11:10:40,MA401C2225,MA401C2225,234.0,0.0,0.0,0.0,17,202.5,206.5,17,234.0,0.0,0.0,0.0,0.0,0.0,0
2023-05-10 11:11:02,MA401C2225,MA401C2225,234.0,0.0,0.0,0.0,7,202.5,206.5,17,234.0,0.0,0.0,0.0,0.0,0.0,0
2023-05-10 11:11:03,MA401C2225,MA401C2225,234.0,0.0,0.0,0.0,7,201.5,206.5,17,234.0,0.0,0.0,0.0,0.0,0.0,0
2023-05-10 11:11:24,MA401C2225,MA401C2225,234.0,0.0,0.0,0.0,10,203.0,206.5,17,234.0,0.0,0.0,0.0,0.0,0.0,0
2023-05-10 11:11:28,MA401C2225,MA401C2225,234.0,0.0,0.0,0.0,10,203.0,206.5,10,234.0,0.0,0.0,0.0,0.0,0.0,0
2023-05-10 11:11:34,MA401C2225,MA401C2225,234.0,0.0,0.0,0.0,7,203.5,206.5,10,234.0,0.0,0.0,0.0,0.0,0.0,0
2023-05-10 11:11:34,MA401C2225,MA401C2225,234.0,0.0,0.0,0.0,17,203.5,206.5,10,234.0,0.0,0.0,0.0,0.0,0.0,0
2023-05-10 11:11:47,MA401C2225,MA401C2225,234.0,0.0,0.0,0.0,17,203.5,0.0,0,234.0,0.0,0.0,0.0,0.0,0.0,0
2023-05-10 11:11:48,MA401C2225,MA401C2225,234.0,0.0,0.0,0.0,17,203.5,399.0,10,234.0,0.0,0.0,0.0,0.0,0.0,0
2023-05-10 11:11:48,MA401C2225,MA401C2225,234.0,0.0,0.0,0.0,17,203.5,209.5,7,234.0,0.0,0.0,0.0,0.0,0.0,0
2023-05-10 11:11:49,MA401C2225,MA401C2225,234.0,0.0,0.0,0.0,17,203.5,209.0,10,234.0,0.0,0.0,0.0,0.0,0.0,0
2023-05-10 11:12:44,MA401C2225,MA401C2225,234.0,0.0,0.0,0.0,7,204.5,209.0,10,234.0,0.0,0.0,0.0,0.0,0.0,0
2023-05-10 11:12:45,MA401C2225,MA401C2225,234.0,0.0,0.0,0.0,10,205.0,209.0,10,234.0,0.0,0.0,0.0,0.0,0.0,0
2023-05-10 11:12:46,MA401C2225,MA401C2225,234.0,0.0,0.0,0.0,7,204.5,209.0,10,234.0,0.0,0.0,0.0,0.0,0.0,0
2023-05-10 11:12:46,MA401C2225,MA401C2225,234.0,0.0,0.0,0.0,17,204.5,209.0,10,234.0,0.0,0.0,0.0,0.0,0.0,0
2023-05-10 11:13:10,MA401C2225,MA401C2225,234.0,0.0,0.0,0.0,7,204.5,209.0,10,234.0,0.0,0.0,0.0,0.0,0.0,0
2023-05-10 11:14:26,MA401C2225,MA401C2225,234.0,0.0,0.0,0.0,7,203.5,209.0,10,234.0,0.0,0.0,0.0,0.0,0.0,0
2023-05-10 11:14:26,MA401C2225,MA401C2225,234.0,0.0,0.0,0.0,17,203.5,209.0,10,234.0,0.0,0.0,0.0,0.0,0.0,0
2023-05-10 11:15:28,MA401C2225,MA401C2225,234.0,0.0,0.0,0.0,17,203.5,208.0,7,234.0,0.0,0.0,0.0,0.0,0.0,0
2023-05-10 11:15:28,MA401C2225,MA401C2225,234.0,0.0,0.0,0.0,17,203.5,207.5,10,234.0,0.0,0.0,0.0,0.0,0.0,0
2023-05-10 11:15:36,MA401C2225,MA401C2225,234.0,0.0,0.0,0.0,7,203.5,207.5,10,234.0,0.0,0.0,0.0,0.0,0.0,0
2023-05-10 11:15:39,MA401C2225,MA401C2225,234.0,0.0,0.0,0.0,10,90.5,207.5,10,234.0,0.0,0.0,0.0,0.0,0.0,0
2023-05-10 11:15:40,MA401C2225,MA401C2225,234.0,0.0,0.0,0.0,7,202.0,207.5,10,234.0,0.0,0.0,0.0,0.0,0.0,0
2023-05-10 11:15:40,MA401C2225,MA401C2225,234.0,0.0,0.0,0.0,10,202.5,207.5,10,234.0,0.0,0.0,0.0,0.0,0.0,0
2023-05-10 11:16:05,MA401C2225,MA401C2225,234.0,0.0,0.0,0.0,7,202.0,207.5,10,234.0,0.0,0.0,0.0,0.0,0.0,0
2023-05-10 11:16:05,MA401C2225,MA401C2225,234.0,0.0,0.0,0.0,17,202.0,206.5,7,234.0,0.0,0.0,0.0,0.0,0.0,0
2023-05-10 11:16:06,MA401C2225,MA401C2225,234.0,0.0,0.0,0.0,17,202.0,206.0,10,234.0,0.0,0.0,0.0,0.0,0.0,0
2023-05-10 11:17:12,MA401C2225,MA401C2225,234.0,0.0,0.0,0.0,7,203.0,206.0,10,234.0,0.0,0.0,0.0,0.0,0.0,0
2023-05-10 11:17:13,MA401C2225,MA401C2225,234.0,0.0,0.0,0.0,17,203.0,206.0,10,234.0,0.0,0.0,0.0,0.0,0.0,0
2023-05-10 11:17:23,MA401C2225,MA401C2225,234.0,0.0,0.0,0.0,7,203.0,206.0,10,234.0,0.0,0.0,0.0,0.0,0.0,0
2023-05-10 11:17:58,MA401C2225,MA401C2225,234.0,0.0,0.0,0.0,17,202.0,206.0,10,234.0,0.0,0.0,0.0,0.0,0.0,0
2023-05-10 11:17:58,MA401C2225,MA401C2225,234.0,0.0,0.0,0.0,7,202.0,206.0,10,234.0,0.0,0.0,0.0,0.0,0.0,0
2023-05-10 11:22:45,MA401C2225,MA401C2225,234.0,0.0,0.0,0.0,17,202.0,206.0,10,234.0,0.0,0.0,0.0,0.0,0.0,0
2023-05-10 11:23:02,MA401C2225,MA401C2225,234.0,0.0,0.0,0.0,7,202.0,206.0,10,234.0,0.0,0.0,0.0,0.0,0.0,0
2023-05-10 11:23:02,MA401C2225,MA401C2225,234.0,0.0,0.0,0.0,7,200.5,206.0,10,234.0,0.0,0.0,0.0,0.0,0.0,0
2023-05-10 11:23:03,MA401C2225,MA401C2225,234.0,0.0,0.0,0.0,10,201.0,206.0,10,234.0,0.0,0.0,0.0,0.0,0.0,0
2023-05-10 11:23:16,MA401C2225,MA401C2225,234.0,0.0,0.0,0.0,7,200.5,206.0,10,234.0,0.0,0.0,0.0,0.0,0.0,0
2023-05-10 11:23:17,MA401C2225,MA401C2225,234.0,0.0,0.0,0.0,17,200.5,206.0,10,234.0,0.0,0.0,0.0,0.0,0.0,0
2023-05-10 11:23:17,MA401C2225,MA401C2225,234.0,0.0,0.0,0.0,7,200.5,206.0,10,234.0,0.0,0.0,0.0,0.0,0.0,0
2023-05-10 11:23:17,MA401C2225,MA401C2225,234.0,0.0,0.0,0.0,17,200.5,206.0,10,234.0,0.0,0.0,0.0,0.0,0.0,0
2023-05-10 11:23:17,MA401C2225,MA401C2225,234.0,0.0,0.0,0.0,7,200.5,206.0,10,234.0,0.0,0.0,0.0,0.0,0.0,0
2023-05-10 11:23:24,MA401C2225,MA401C2225,234.0,0.0,0.0,0.0,17,200.5,205.0,7,234.0,0.0,0.0,0.0,0.0,0.0,0
2023-05-10 11:23:25,MA401C2225,MA401C2225,234.0,0.0,0.0,0.0,7,200.5,204.5,10,234.0,0.0,0.0,0.0,0.0,0.0,0
2023-05-10 11:23:40,MA401C2225,MA401C2225,234.0,0.0,0.0,0.0,17,200.5,204.5,10,234.0,0.0,0.0,0.0,0.0,0.0,0
2023-05-10 11:23:41,MA401C2225,MA401C2225,234.0,0.0,0.0,0.0,7,200.5,204.5,10,234.0,0.0,0.0,0.0,0.0,0.0,0
2023-05-10 11:24:09,MA401C2225,MA401C2225,234.0,0.0,0.0,0.0,17,200.5,204.5,10,234.0,0.0,0.0,0.0,0.0,0.0,0
2023-05-10 11:24:53,MA401C2225,MA401C2225,234.0,0.0,0.0,0.0,7,200.5,204.5,10,234.0,0.0,0.0,0.0,0.0,0.0,0
2023-05-10 11:25:15,MA401C2225,MA401C2225,234.0,0.0,0.0,0.0,17,200.5,204.5,10,234.0,0.0,0.0,0.0,0.0,0.0,0
2023-05-10 11:25:16,MA401C2225,MA401C2225,234.0,0.0,0.0,0.0,7,200.5,204.5,10,234.0,0.0,0.0,0.0,0.0,0.0,0
2023-05-10 11:25:25,MA401C2225,MA401C2225,234.0,0.0,0.0,0.0,1,155.0,204.5,10,234.0,0.0,0.0,0.0,0.0,0.0,0
2023-05-10 11:25:25,MA401C2225,MA401C2225,234.0,0.0,0.0,0.0,7,199.0,204.5,10,234.0,0.0,0.0,0.0,0.0,0.0,0
2023-05-10 11:25:26,MA401C2225,MA401C2225,234.0,0.0,0.0,0.0,10,199.5,204.5,10,234.0,0.0,0.0,0.0,0.0,0.0,0
2023-05-10 11:25:40,MA401C2225,MA401C2225,234.0,0.0,0.0,0.0,7,200.0,204.5,10,234.0,0.0,0.0,0.0,0.0,0.0,0
2023-05-10 11:25:40,MA401C2225,MA401C2225,234.0,0.0,0.0,0.0,17,200.0,204.5,10,234.0,0.0,0.0,0.0,0.0,0.0,0
2023-05-10 11:25:50,MA401C2225,MA401C2225,234.0,0.0,0.0,0.0,7,199.0,204.5,10,234.0,0.0,0.0,0.0,0.0,0.0,0
2023-05-10 11:25:50,MA401C2225,MA401C2225,234.0,0.0,0.0,0.0,17,199.0,204.5,10,234.0,0.0,0.0,0.0,0.0,0.0,0
2023-05-10 11:25:58,MA401C2225,MA401C2225,234.0,0.0,0.0,0.0,20,200.5,204.5,10,234.0,0.0,0.0,0.0,0.0,0.0,0
2023-05-10 11:26:52,MA401C2225,MA401C2225,234.0,0.0,0.0,0.0,30,200.5,204.5,10,234.0,0.0,0.0,0.0,0.0,0.0,0
2023-05-10 11:27:36,MA401C2225,MA401C2225,234.0,0.0,0.0,0.0,20,200.5,204.5,10,234.0,0.0,0.0,0.0,0.0,0.0,0
2023-05-10 11:27:40,MA401C2225,MA401C2225,234.0,0.0,0.0,0.0,30,200.5,204.5,10,234.0,0.0,0.0,0.0,0.0,0.0,0
2023-05-10 11:29:33,MA401C2225,MA401C2225,234.0,0.0,0.0,0.0,20,200.5,221.5,1,234.0,0.0,0.0,0.0,0.0,0.0,0
2023-05-10 13:30:00,MA401C2225,MA401C2225,234.0,0.0,0.0,0.0,1,155.5,221.5,1,234.0,0.0,0.0,0.0,0.0,0.0,0
2023-05-10 13:30:00,MA401C2225,MA401C2225,234.0,0.0,0.0,0.0,10,156.0,221.0,10,234.0,0.0,0.0,0.0,0.0,0.0,0
2023-05-10 13:30:00,MA401C2225,MA401C2225,234.0,0.0,0.0,0.0,1,155.5,221.5,1,234.0,0.0,0.0,0.0,0.0,0.0,0
2023-05-10 13:30:00,MA401C2225,MA401C2225,234.0,0.0,0.0,0.0,10,156.0,221.0,10,234.0,0.0,0.0,0.0,0.0,0.0,0
2023-05-10 13:30:02,MA401C2225,MA401C2225,234.0,0.0,0.0,0.0,1,167.0,221.0,10,234.0,0.0,0.0,0.0,0.0,0.0,0
2023-05-10 13:30:03,MA401C2225,MA401C2225,234.0,0.0,0.0,0.0,10,167.5,221.0,10,234.0,0.0,0.0,0.0,0.0,0.0,0
2023-05-10 13:30:03,MA401C2225,MA401C2225,234.0,0.0,0.0,0.0,1,178.5,221.0,10,234.0,0.0,0.0,0.0,0.0,0.0,0
2023-05-10 13:30:03,MA401C2225,MA401C2225,234.0,0.0,0.0,0.0,10,167.5,221.0,10,234.0,0.0,0.0,0.0,0.0,0.0,0
2023-05-10 13:30:04,MA401C2225,MA401C2225,234.0,0.0,0.0,0.0,1,188.5,221.0,10,234.0,0.0,0.0,0.0,0.0,0.0,0
2023-05-10 13:30:04,MA401C2225,MA401C2225,234.0,0.0,0.0,0.0,10,189.0,221.0,10,234.0,0.0,0.0,0.0,0.0,0.0,0
2023-05-10 13:31:03,MA401C2225,MA401C2225,234.0,0.0,0.0,0.0,1,190.0,219.0,1,234.0,0.0,0.0,0.0,0.0,0.0,0
2023-05-10 13:31:04,MA401C2225,MA401C2225,234.0,0.0,0.0,0.0,10,190.5,218.5,10,234.0,0.0,0.0,0.0,0.0,0.0,0
2023-05-10 13:31:08,MA401C2225,MA401C2225,234.0,0.0,0.0,0.0,10,190.5,204.5,7,234.0,0.0,0.0,0.0,0.0,0.0,0
2023-05-10 13:31:11,MA401C2225,MA401C2225,234.0,0.0,0.0,0.0,7,199.5,204.5,7,234.0,0.0,0.0,0.0,0.0,0.0,0
2023-05-10 13:32:05,MA401C2225,MA401C2225,234.0,0.0,0.0,0.0,7,199.5,203.0,7,234.0,0.0,0.0,0.0,0.0,0.0,0
2023-05-10 13:33:59,MA401C2225,MA401C2225,234.0,0.0,0.0,0.0,10,200.0,202.5,10,234.0,0.0,0.0,0.0,0.0,0.0,0
2023-05-10 13:34:10,MA401C2225,MA401C2225,234.0,0.0,0.0,0.0,7,199.5,202.5,10,234.0,0.0,0.0,0.0,0.0,0.0,0
2023-05-10 13:34:10,MA401C2225,MA401C2225,234.0,0.0,0.0,0.0,17,199.5,202.5,10,234.0,0.0,0.0,0.0,0.0,0.0,0
2023-05-10 13:36:12,MA401C2225,MA401C2225,234.0,0.0,0.0,0.0,17,199.5,204.0,10,234.0,0.0,0.0,0.0,0.0,0.0,0
2023-05-10 13:36:14,MA401C2225,MA401C2225,234.0,0.0,0.0,0.0,7,200.5,204.0,10,234.0,0.0,0.0,0.0,0.0,0.0,0
2023-05-10 13:36:14,MA401C2225,MA401C2225,234.0,0.0,0.0,0.0,10,201.0,204.0,10,234.0,0.0,0.0,0.0,0.0,0.0,0
2023-05-10 13:36:34,MA401C2225,MA401C2225,234.0,0.0,0.0,0.0,7,200.5,204.0,10,234.0,0.0,0.0,0.0,0.0,0.0,0
2023-05-10 13:36:34,MA401C2225,MA401C2225,234.0,0.0,0.0,0.0,17,200.5,204.0,10,234.0,0.0,0.0,0.0,0.0,0.0,0
2023-05-10 13:36:44,MA401C2225,MA401C2225,234.0,0.0,0.0,0.0,7,200.5,204.0,10,234.0,0.0,0.0,0.0,0.0,0.0,0
2023-05-10 13:36:51,MA401C2225,MA401C2225,234.0,0.0,0.0,0.0,17,200.5,204.0,10,234.0,0.0,0.0,0.0,0.0,0.0,0
2023-05-10 13:38:44,MA401C2225,MA401C2225,234.0,0.0,0.0,0.0,7,201.5,204.0,10,234.0,0.0,0.0,0.0,0.0,0.0,0
2023-05-10 13:38:45,MA401C2225,MA401C2225,234.0,0.0,0.0,0.0,10,202.0,209.5,10,234.0,0.0,0.0,0.0,0.0,0.0,0
2023-05-10 13:38:51,MA401C2225,MA401C2225,234.0,0.0,0.0,0.0,10,202.0,206.0,7,234.0,0.0,0.0,0.0,0.0,0.0,0
2023-05-10 13:38:51,MA401C2225,MA401C2225,234.0,0.0,0.0,0.0,10,202.0,205.5,10,234.0,0.0,0.0,0.0,0.0,0.0,0
2023-05-10 13:38:53,MA401C2225,MA401C2225,234.0,0.0,0.0,0.0,17,201.5,205.5,10,234.0,0.0,0.0,0.0,0.0,0.0,0
2023-05-10 13:40:25,MA401C2225,MA401C2225,234.0,0.0,0.0,0.0,7,201.5,205.5,10,234.0,0.0,0.0,0.0,0.0,0.0,0
2023-05-10 13:40:27,MA401C2225,MA401C2225,234.0,0.0,0.0,0.0,7,200.5,205.5,10,234.0,0.0,0.0,0.0,0.0,0.0,0
2023-05-10 13:40:28,MA401C2225,MA401C2225,234.0,0.0,0.0,0.0,10,201.0,205.5,10,234.0,0.0,0.0,0.0,0.0,0.0,0
2023-05-10 13:40:44,MA401C2225,MA401C2225,234.0,0.0,0.0,0.0,10,201.0,205.0,7,234.0,0.0,0.0,0.0,0.0,0.0,0
2023-05-10 13:40:44,MA401C2225,MA401C2225,234.0,0.0,0.0,0.0,10,201.0,204.5,10,234.0,0.0,0.0,0.0,0.0,0.0,0
2023-05-10 13:41:37,MA401C2225,MA401C2225,234.0,0.0,0.0,0.0,7,201.5,204.5,10,234.0,0.0,0.0,0.0,0.0,0.0,0
2023-05-10 13:41:37,MA401C2225,MA401C2225,234.0,0.0,0.0,0.0,10,202.0,204.5,10,234.0,0.0,0.0,0.0,0.0,0.0,0
2023-05-10 13:41:55,MA401C2225,MA401C2225,234.0,0.0,0.0,0.0,7,201.5,204.5,10,234.0,0.0,0.0,0.0,0.0,0.0,0
2023-05-10 13:41:56,MA401C2225,MA401C2225,234.0,0.0,0.0,0.0,17,201.5,204.5,10,234.0,0.0,0.0,0.0,0.0,0.0,0
2023-05-10 13:44:04,MA401C2225,MA401C2225,234.0,0.0,0.0,0.0,17,201.5,205.0,17,234.0,0.0,0.0,0.0,0.0,0.0,0
2023-05-10 13:44:10,MA401C2225,MA401C2225,234.0,0.0,0.0,0.0,17,201.5,205.0,10,234.0,0.0,0.0,0.0,0.0,0.0,0
2023-05-10 13:44:17,MA401C2225,MA401C2225,234.0,0.0,0.0,0.0,7,202.5,205.0,10,234.0,0.0,0.0,0.0,0.0,0.0,0
2023-05-10 13:44:17,MA401C2225,MA401C2225,234.0,0.0,0.0,0.0,10,203.0,205.0,10,234.0,0.0,0.0,0.0,0.0,0.0,0
2023-05-10 13:44:25,MA401C2225,MA401C2225,234.0,0.0,0.0,0.0,10,203.0,206.0,7,234.0,0.0,0.0,0.0,0.0,0.0,0
2023-05-10 13:44:25,MA401C2225,MA401C2225,234.0,0.0,0.0,0.0,10,203.0,205.5,10,234.0,0.0,0.0,0.0,0.0,0.0,0
2023-05-10 13:45:24,MA401C2225,MA401C2225,234.0,0.0,0.0,0.0,10,203.0,210.0,10,234.0,0.0,0.0,0.0,0.0,0.0,0
2023-05-10 13:45:25,MA401C2225,MA401C2225,234.0,0.0,0.0,0.0,10,203.0,209.5,10,234.0,0.0,0.0,0.0,0.0,0.0,0
2023-05-10 13:45:30,MA401C2225,MA401C2225,234.0,0.0,0.0,0.0,10,203.0,208.0,7,234.0,0.0,0.0,0.0,0.0,0.0,0
2023-05-10 13:45:30,MA401C2225,MA401C2225,234.0,0.0,0.0,0.0,10,203.0,207.5,10,234.0,0.0,0.0,0.0,0.0,0.0,0
2023-05-10 13:45:31,MA401C2225,MA401C2225,234.0,0.0,0.0,0.0,7,203.5,207.5,10,234.0,0.0,0.0,0.0,0.0,0.0,0
2023-05-10 13:45:32,MA401C2225,MA401C2225,234.0,0.0,0.0,0.0,10,204.0,207.5,10,234.0,0.0,0.0,0.0,0.0,0.0,0
2023-05-10 13:45:38,MA401C2225,MA401C2225,234.0,0.0,0.0,0.0,17,203.5,207.5,10,234.0,0.0,0.0,0.0,0.0,0.0,0
2023-05-10 13:47:06,MA401C2225,MA401C2225,234.0,0.0,0.0,0.0,7,204.5,207.5,10,234.0,0.0,0.0,0.0,0.0,0.0,0
2023-05-10 13:47:06,MA401C2225,MA401C2225,234.0,0.0,0.0,0.0,10,205.0,207.5,10,234.0,0.0,0.0,0.0,0.0,0.0,0
2023-05-10 13:47:11,MA401C2225,MA401C2225,234.0,0.0,0.0,0.0,17,204.5,207.5,10,234.0,0.0,0.0,0.0,0.0,0.0,0
2023-05-10 13:47:35,MA401C2225,MA401C2225,234.0,0.0,0.0,0.0,7,204.5,207.5,10,234.0,0.0,0.0,0.0,0.0,0.0,0
2023-05-10 13:47:50,MA401C2225,MA401C2225,234.0,0.0,0.0,0.0,17,204.5,207.5,10,234.0,0.0,0.0,0.0,0.0,0.0,0
2023-05-10 13:47:54,MA401C2225,MA401C2225,234.0,0.0,0.0,0.0,10,204.5,207.5,10,234.0,0.0,0.0,0.0,0.0,0.0,0
2023-05-10 13:47:55,MA401C2225,MA401C2225,234.0,0.0,0.0,0.0,10,204.0,207.5,10,234.0,0.0,0.0,0.0,0.0,0.0,0
2023-05-10 13:48:12,MA401C2225,MA401C2225,234.0,0.0,0.0,0.0,7,203.5,207.5,10,234.0,0.0,0.0,0.0,0.0,0.0,0
2023-05-10 13:48:12,MA401C2225,MA401C2225,234.0,0.0,0.0,0.0,17,203.5,207.5,10,234.0,0.0,0.0,0.0,0.0,0.0,0
2023-05-10 13:48:46,MA401C2225,MA401C2225,234.0,0.0,0.0,0.0,10,203.5,207.5,10,234.0,0.0,0.0,0.0,0.0,0.0,0
2023-05-10 13:48:58,MA401C2225,MA401C2225,234.0,0.0,0.0,0.0,10,203.5,206.5,7,234.0,0.0,0.0,0.0,0.0,0.0,0
2023-05-10 13:48:59,MA401C2225,MA401C2225,234.0,0.0,0.0,0.0,10,203.0,206.0,10,234.0,0.0,0.0,0.0,0.0,0.0,0
2023-05-10 13:49:19,MA401C2225,MA401C2225,234.0,0.0,0.0,0.0,17,202.5,206.0,10,234.0,0.0,0.0,0.0,0.0,0.0,0
2023-05-10 13:49:22,MA401C2225,MA401C2225,234.0,0.0,0.0,0.0,10,202.5,206.0,10,234.0,0.0,0.0,0.0,0.0,0.0,0
2023-05-10 13:50:56,MA401C2225,MA401C2225,234.0,0.0,0.0,0.0,10,202.0,206.0,10,234.0,0.0,0.0,0.0,0.0,0.0,0
2023-05-10 13:52:45,MA401C2225,MA401C2225,234.0,0.0,0.0,0.0,17,201.5,206.0,10,234.0,0.0,0.0,0.0,0.0,0.0,0
2023-05-10 13:53:10,MA401C2225,MA401C2225,234.0,0.0,0.0,0.0,17,201.5,205.0,7,234.0,0.0,0.0,0.0,0.0,0.0,0
2023-05-10 13:53:10,MA401C2225,MA401C2225,234.0,0.0,0.0,0.0,17,201.5,204.5,10,234.0,0.0,0.0,0.0,0.0,0.0,0
2023-05-10 13:53:12,MA401C2225,MA401C2225,234.0,0.0,0.0,0.0,10,201.5,204.5,10,234.0,0.0,0.0,0.0,0.0,0.0,0
2023-05-10 13:54:50,MA401C2225,MA401C2225,234.0,0.0,0.0,0.0,17,201.5,204.5,10,234.0,0.0,0.0,0.0,0.0,0.0,0
2023-05-10 13:59:50,MA401C2225,MA401C2225,234.0,0.0,0.0,0.0,7,202.5,204.5,10,234.0,0.0,0.0,0.0,0.0,0.0,0
2023-05-10 13:59:50,MA401C2225,MA401C2225,234.0,0.0,0.0,0.0,10,203.0,204.5,10,234.0,0.0,0.0,0.0,0.0,0.0,0
2023-05-10 13:59:55,MA401C2225,MA401C2225,234.0,0.0,0.0,0.0,10,203.0,206.0,10,234.0,0.0,0.0,0.0,0.0,0.0,0
2023-05-10 14:00:04,MA401C2225,MA401C2225,234.0,0.0,0.0,0.0,17,202.5,206.0,10,234.0,0.0,0.0,0.0,0.0,0.0,0
2023-05-10 14:00:08,MA401C2225,MA401C2225,234.0,0.0,0.0,0.0,7,202.5,206.0,10,234.0,0.0,0.0,0.0,0.0,0.0,0
2023-05-10 14:00:29,MA401C2225,MA401C2225,234.0,0.0,0.0,0.0,10,203.0,206.0,10,234.0,0.0,0.0,0.0,0.0,0.0,0
2023-05-10 14:01:19,MA401C2225,MA401C2225,234.0,0.0,0.0,0.0,7,202.5,206.0,10,234.0,0.0,0.0,0.0,0.0,0.0,0
2023-05-10 14:01:19,MA401C2225,MA401C2225,234.0,0.0,0.0,0.0,17,202.5,206.0,10,234.0,0.0,0.0,0.0,0.0,0.0,0
2023-05-10 14:01:29,MA401C2225,MA401C2225,234.0,0.0,0.0,0.0,7,202.5,206.0,10,234.0,0.0,0.0,0.0,0.0,0.0,0
2023-05-10 14:02:13,MA401C2225,MA401C2225,234.0,0.0,0.0,0.0,17,202.5,206.0,10,234.0,0.0,0.0,0.0,0.0,0.0,0
2023-05-10 14:03:13,MA401C2225,MA401C2225,234.0,0.0,0.0,0.0,7,202.5,206.0,10,234.0,0.0,0.0,0.0,0.0,0.0,0
2023-05-10 14:03:49,MA401C2225,MA401C2225,234.0,0.0,0.0,0.0,7,201.5,206.0,10,234.0,0.0,0.0,0.0,0.0,0.0,0
2023-05-10 14:03:49,MA401C2225,MA401C2225,234.0,0.0,0.0,0.0,10,202.0,206.0,10,234.0,0.0,0.0,0.0,0.0,0.0,0
2023-05-10 14:04:05,MA401C2225,MA401C2225,234.0,0.0,0.0,0.0,17,201.5,206.0,10,234.0,0.0,0.0,0.0,0.0,0.0,0
2023-05-10 14:04:11,MA401C2225,MA401C2225,234.0,0.0,0.0,0.0,17,201.5,205.5,7,234.0,0.0,0.0,0.0,0.0,0.0,0
2023-05-10 14:04:12,MA401C2225,MA401C2225,234.0,0.0,0.0,0.0,17,201.5,205.0,10,234.0,0.0,0.0,0.0,0.0,0.0,0
2023-05-10 14:05:10,MA401C2225,MA401C2225,234.0,0.0,0.0,0.0,10,201.5,205.0,10,234.0,0.0,0.0,0.0,0.0,0.0,0
2023-05-10 14:05:29,MA401C2225,MA401C2225,234.0,0.0,0.0,0.0,10,201.0,205.0,10,234.0,0.0,0.0,0.0,0.0,0.0,0
2023-05-10 14:09:01,MA401C2225,MA401C2225,234.0,0.0,0.0,0.0,7,200.5,205.0,10,234.0,0.0,0.0,0.0,0.0,0.0,0
2023-05-10 14:09:02,MA401C2225,MA401C2225,234.0,0.0,0.0,0.0,17,200.5,205.0,10,234.0,0.0,0.0,0.0,0.0,0.0,0
2023-05-10 14:09:41,MA401C2225,MA401C2225,234.0,0.0,0.0,0.0,17,200.5,204.5,7,234.0,0.0,0.0,0.0,0.0,0.0,0
2023-05-10 14:09:42,MA401C2225,MA401C2225,234.0,0.0,0.0,0.0,17,200.5,204.0,10,234.0,0.0,0.0,0.0,0.0,0.0,0
2023-05-10 14:10:33,MA401C2225,MA401C2225,234.0,0.0,0.0,0.0,7,201.5,204.0,10,234.0,0.0,0.0,0.0,0.0,0.0,0
2023-05-10 14:10:33,MA401C2225,MA401C2225,234.0,0.0,0.0,0.0,10,202.0,204.0,10,234.0,0.0,0.0,0.0,0.0,0.0,0
2023-05-10 14:10:46,MA401C2225,MA401C2225,234.0,0.0,0.0,0.0,10,202.0,205.5,7,234.0,0.0,0.0,0.0,0.0,0.0,0
2023-05-10 14:10:46,MA401C2225,MA401C2225,234.0,0.0,0.0,0.0,10,202.0,205.0,10,234.0,0.0,0.0,0.0,0.0,0.0,0
2023-05-10 14:11:29,MA401C2225,MA401C2225,234.0,0.0,0.0,0.0,7,201.5,205.0,10,234.0,0.0,0.0,0.0,0.0,0.0,0
2023-05-10 14:11:30,MA401C2225,MA401C2225,234.0,0.0,0.0,0.0,17,201.5,205.0,10,234.0,0.0,0.0,0.0,0.0,0.0,0
2023-05-10 14:11:31,MA401C2225,MA401C2225,234.0,0.0,0.0,0.0,7,201.5,205.0,10,234.0,0.0,0.0,0.0,0.0,0.0,0
2023-05-10 14:11:31,MA401C2225,MA401C2225,234.0,0.0,0.0,0.0,10,201.5,205.0,10,234.0,0.0,0.0,0.0,0.0,0.0,0
2023-05-10 14:11:32,MA401C2225,MA401C2225,234.0,0.0,0.0,0.0,7,200.5,205.0,10,234.0,0.0,0.0,0.0,0.0,0.0,0
2023-05-10 14:12:03,MA401C2225,MA401C2225,234.0,0.0,0.0,0.0,17,200.5,205.0,10,234.0,0.0,0.0,0.0,0.0,0.0,0
2023-05-10 14:12:58,MA401C2225,MA401C2225,234.0,0.0,0.0,0.0,17,200.5,204.0,7,234.0,0.0,0.0,0.0,0.0,0.0,0
2023-05-10 14:12:58,MA401C2225,MA401C2225,234.0,0.0,0.0,0.0,17,200.5,203.5,10,234.0,0.0,0.0,0.0,0.0,0.0,0
2023-05-10 14:13:40,MA401C2225,MA401C2225,234.0,0.0,0.0,0.0,7,200.5,203.5,10,234.0,0.0,0.0,0.0,0.0,0.0,0
2023-05-10 14:13:47,MA401C2225,MA401C2225,234.0,0.0,0.0,0.0,17,200.5,203.5,10,234.0,0.0,0.0,0.0,0.0,0.0,0
2023-05-10 14:13:58,MA401C2225,MA401C2225,234.0,0.0,0.0,0.0,7,200.5,203.5,10,234.0,0.0,0.0,0.0,0.0,0.0,0
2023-05-10 14:14:05,MA401C2225,MA401C2225,234.0,0.0,0.0,0.0,7,199.0,203.5,10,234.0,0.0,0.0,0.0,0.0,0.0,0
2023-05-10 14:14:05,MA401C2225,MA401C2225,234.0,0.0,0.0,0.0,10,199.5,203.5,10,234.0,0.0,0.0,0.0,0.0,0.0,0
2023-05-10 14:14:45,MA401C2225,MA401C2225,234.0,0.0,0.0,0.0,7,199.0,203.5,10,234.0,0.0,0.0,0.0,0.0,0.0,0
2023-05-10 14:14:45,MA401C2225,MA401C2225,234.0,0.0,0.0,0.0,17,199.0,203.5,10,234.0,0.0,0.0,0.0,0.0,0.0,0
2023-05-10 14:15:24,MA401C2225,MA401C2225,234.0,0.0,0.0,0.0,7,201.0,203.5,10,234.0,0.0,0.0,0.0,0.0,0.0,0
2023-05-10 14:15:25,MA401C2225,MA401C2225,234.0,0.0,0.0,0.0,10,201.5,203.5,10,234.0,0.0,0.0,0.0,0.0,0.0,0
2023-05-10 14:15:34,MA401C2225,MA401C2225,234.0,0.0,0.0,0.0,17,201.0,203.5,10,234.0,0.0,0.0,0.0,0.0,0.0,0
2023-05-10 14:16:10,MA401C2225,MA401C2225,234.0,0.0,0.0,0.0,10,201.0,203.5,10,234.0,0.0,0.0,0.0,0.0,0.0,0
2023-05-10 14:16:12,MA401C2225,MA401C2225,234.0,0.0,0.0,0.0,10,199.5,203.5,10,234.0,0.0,0.0,0.0,0.0,0.0,0
2023-05-10 14:16:16,MA401C2225,MA401C2225,234.0,0.0,0.0,0.0,7,200.0,203.5,10,234.0,0.0,0.0,0.0,0.0,0.0,0
2023-05-10 14:16:17,MA401C2225,MA401C2225,234.0,0.0,0.0,0.0,10,200.5,203.5,10,234.0,0.0,0.0,0.0,0.0,0.0,0
2023-05-10 14:17:05,MA401C2225,MA401C2225,234.0,0.0,0.0,0.0,7,201.0,203.5,10,234.0,0.0,0.0,0.0,0.0,0.0,0
2023-05-10 14:17:06,MA401C2225,MA401C2225,234.0,0.0,0.0,0.0,10,201.5,203.5,10,234.0,0.0,0.0,0.0,0.0,0.0,0
2023-05-10 14:17:16,MA401C2225,MA401C2225,234.0,0.0,0.0,0.0,10,201.5,205.0,10,234.0,0.0,0.0,0.0,0.0,0.0,0
2023-05-10 14:18:49,MA401C2225,MA401C2225,234.0,0.0,0.0,0.0,7,201.0,205.0,10,234.0,0.0,0.0,0.0,0.0,0.0,0
2023-05-10 14:18:49,MA401C2225,MA401C2225,234.0,0.0,0.0,0.0,17,201.0,205.0,10,234.0,0.0,0.0,0.0,0.0,0.0,0
2023-05-10 14:18:52,MA401C2225,MA401C2225,234.0,0.0,0.0,0.0,7,200.0,205.0,10,234.0,0.0,0.0,0.0,0.0,0.0,0
2023-05-10 14:18:52,MA401C2225,MA401C2225,234.0,0.0,0.0,0.0,10,200.5,205.0,10,234.0,0.0,0.0,0.0,0.0,0.0,0
2023-05-10 14:18:53,MA401C2225,MA401C2225,234.0,0.0,0.0,0.0,10,200.5,204.0,7,234.0,0.0,0.0,0.0,0.0,0.0,0
2023-05-10 14:18:53,MA401C2225,MA401C2225,234.0,0.0,0.0,0.0,10,200.5,203.5,10,234.0,0.0,0.0,0.0,0.0,0.0,0
2023-05-10 14:19:22,MA401C2225,MA401C2225,234.0,0.0,0.0,0.0,7,200.0,203.5,10,234.0,0.0,0.0,0.0,0.0,0.0,0
2023-05-10 14:19:22,MA401C2225,MA401C2225,234.0,0.0,0.0,0.0,17,200.0,203.5,10,234.0,0.0,0.0,0.0,0.0,0.0,0
2023-05-10 14:20:44,MA401C2225,MA401C2225,234.0,0.0,0.0,0.0,7,200.5,203.5,10,234.0,0.0,0.0,0.0,0.0,0.0,0
2023-05-10 14:20:44,MA401C2225,MA401C2225,234.0,0.0,0.0,0.0,10,201.0,203.5,10,234.0,0.0,0.0,0.0,0.0,0.0,0
2023-05-10 14:23:28,MA401C2225,MA401C2225,234.0,0.0,0.0,0.0,17,201.0,203.5,10,234.0,0.0,0.0,0.0,0.0,0.0,0
2023-05-10 14:23:36,MA401C2225,MA401C2225,234.0,0.0,0.0,0.0,17,201.0,205.0,10,234.0,0.0,0.0,0.0,0.0,0.0,0
2023-05-10 14:24:58,MA401C2225,MA401C2225,234.0,0.0,0.0,0.0,10,201.0,205.0,10,234.0,0.0,0.0,0.0,0.0,0.0,0
2023-05-10 14:24:59,MA401C2225,MA401C2225,234.0,0.0,0.0,0.0,7,200.5,205.0,10,234.0,0.0,0.0,0.0,0.0,0.0,0
2023-05-10 14:24:59,MA401C2225,MA401C2225,234.0,0.0,0.0,0.0,17,200.5,205.0,10,234.0,0.0,0.0,0.0,0.0,0.0,0
2023-05-10 14:28:11,MA401C2225,MA401C2225,234.0,0.0,0.0,0.0,17,200.5,204.5,7,234.0,0.0,0.0,0.0,0.0,0.0,0
2023-05-10 14:28:12,MA401C2225,MA401C2225,234.0,0.0,0.0,0.0,17,200.5,204.0,10,234.0,0.0,0.0,0.0,0.0,0.0,0
2023-05-10 14:28:13,MA401C2225,MA401C2225,234.0,0.0,0.0,0.0,10,200.5,204.0,10,234.0,0.0,0.0,0.0,0.0,0.0,0
2023-05-10 14:28:14,MA401C2225,MA401C2225,234.0,0.0,0.0,0.0,10,194.5,204.0,10,234.0,0.0,0.0,0.0,0.0,0.0,0
2023-05-10 14:28:17,MA401C2225,MA401C2225,234.0,0.0,0.0,0.0,7,199.0,204.0,10,234.0,0.0,0.0,0.0,0.0,0.0,0
2023-05-10 14:28:18,MA401C2225,MA401C2225,234.0,0.0,0.0,0.0,10,199.5,204.0,10,234.0,0.0,0.0,0.0,0.0,0.0,0
2023-05-10 14:29:16,MA401C2225,MA401C2225,234.0,0.0,0.0,0.0,10,199.5,203.0,7,234.0,0.0,0.0,0.0,0.0,0.0,0
2023-05-10 14:29:16,MA401C2225,MA401C2225,234.0,0.0,0.0,0.0,10,199.5,202.5,10,234.0,0.0,0.0,0.0,0.0,0.0,0
2023-05-10 14:29:22,MA401C2225,MA401C2225,234.0,0.0,0.0,0.0,17,199.0,202.5,10,234.0,0.0,0.0,0.0,0.0,0.0,0
2023-05-10 14:29:30,MA401C2225,MA401C2225,234.0,0.0,0.0,0.0,10,199.0,202.5,10,234.0,0.0,0.0,0.0,0.0,0.0,0
2023-05-10 14:29:30,MA401C2225,MA401C2225,234.0,0.0,0.0,0.0,10,192.0,202.5,10,234.0,0.0,0.0,0.0,0.0,0.0,0
2023-05-10 14:29:37,MA401C2225,MA401C2225,234.0,0.0,0.0,0.0,7,197.5,202.5,10,234.0,0.0,0.0,0.0,0.0,0.0,0
2023-05-10 14:29:37,MA401C2225,MA401C2225,234.0,0.0,0.0,0.0,10,198.0,202.5,10,234.0,0.0,0.0,0.0,0.0,0.0,0
2023-05-10 14:29:46,MA401C2225,MA401C2225,234.0,0.0,0.0,0.0,17,198.0,202.5,10,234.0,0.0,0.0,0.0,0.0,0.0,0
2023-05-10 14:30:13,MA401C2225,MA401C2225,234.0,0.0,0.0,0.0,7,199.0,202.5,10,234.0,0.0,0.0,0.0,0.0,0.0,0
2023-05-10 14:30:14,MA401C2225,MA401C2225,234.0,0.0,0.0,0.0,10,199.5,202.5,10,234.0,0.0,0.0,0.0,0.0,0.0,0
2023-05-10 14:30:52,MA401C2225,MA401C2225,234.0,0.0,0.0,0.0,17,199.0,202.5,10,234.0,0.0,0.0,0.0,0.0,0.0,0
2023-05-10 14:35:58,MA401C2225,MA401C2225,234.0,0.0,0.0,0.0,7,199.5,202.5,10,234.0,0.0,0.0,0.0,0.0,0.0,0
2023-05-10 14:35:59,MA401C2225,MA401C2225,234.0,0.0,0.0,0.0,10,200.0,202.5,10,234.0,0.0,0.0,0.0,0.0,0.0,0
2023-05-10 14:36:53,MA401C2225,MA401C2225,234.0,0.0,0.0,0.0,17,199.5,202.5,10,234.0,0.0,0.0,0.0,0.0,0.0,0
2023-05-10 14:38:33,MA401C2225,MA401C2225,234.0,0.0,0.0,0.0,7,199.5,202.5,10,234.0,0.0,0.0,0.0,0.0,0.0,0
2023-05-10 14:38:35,MA401C2225,MA401C2225,234.0,0.0,0.0,0.0,7,199.0,202.5,10,234.0,0.0,0.0,0.0,0.0,0.0,0
2023-05-10 14:38:36,MA401C2225,MA401C2225,234.0,0.0,0.0,0.0,17,199.0,202.5,10,234.0,0.0,0.0,0.0,0.0,0.0,0
2023-05-10 14:39:49,MA401C2225,MA401C2225,234.0,0.0,0.0,0.0,7,199.0,202.5,10,234.0,0.0,0.0,0.0,0.0,0.0,0
2023-05-10 14:40:09,MA401C2225,MA401C2225,234.0,0.0,0.0,0.0,17,199.0,202.5,10,234.0,0.0,0.0,0.0,0.0,0.0,0
2023-05-10 14:40:55,MA401C2225,MA401C2225,234.0,0.0,0.0,0.0,7,199.0,202.5,10,234.0,0.0,0.0,0.0,0.0,0.0,0
2023-05-10 14:41:13,MA401C2225,MA401C2225,234.0,0.0,0.0,0.0,17,199.0,202.5,10,234.0,0.0,0.0,0.0,0.0,0.0,0
2023-05-10 14:43:42,MA401C2225,MA401C2225,234.0,0.0,0.0,0.0,7,200.0,202.5,10,234.0,0.0,0.0,0.0,0.0,0.0,0
2023-05-10 14:43:43,MA401C2225,MA401C2225,234.0,0.0,0.0,0.0,17,200.0,202.5,10,234.0,0.0,0.0,0.0,0.0,0.0,0
2023-05-10 14:44:34,MA401C2225,MA401C2225,234.0,0.0,0.0,0.0,7,201.0,202.5,10,234.0,0.0,0.0,0.0,0.0,0.0,0
2023-05-10 14:44:35,MA401C2225,MA401C2225,234.0,0.0,0.0,0.0,17,201.0,204.0,10,234.0,0.0,0.0,0.0,0.0,0.0,0
2023-05-10 14:44:45,MA401C2225,MA401C2225,234.0,0.0,0.0,0.0,7,201.0,204.0,10,234.0,0.0,0.0,0.0,0.0,0.0,0
2023-05-10 14:44:53,MA401C2225,MA401C2225,234.0,0.0,0.0,0.0,10,201.5,204.0,10,234.0,0.0,0.0,0.0,0.0,0.0,0
2023-05-10 14:45:35,MA401C2225,MA401C2225,234.0,0.0,0.0,0.0,17,201.5,204.0,10,234.0,0.0,0.0,0.0,0.0,0.0,0
2023-05-10 14:45:40,MA401C2225,MA401C2225,234.0,0.0,0.0,0.0,17,201.5,204.5,20,234.0,0.0,0.0,0.0,0.0,0.0,0
2023-05-10 14:45:56,MA401C2225,MA401C2225,234.0,0.0,0.0,0.0,7,202.0,204.5,20,234.0,0.0,0.0,0.0,0.0,0.0,0
2023-05-10 14:45:57,MA401C2225,MA401C2225,234.0,0.0,0.0,0.0,10,202.5,204.5,20,234.0,0.0,0.0,0.0,0.0,0.0,0
2023-05-10 14:46:10,MA401C2225,MA401C2225,234.0,0.0,0.0,0.0,10,202.5,204.5,10,234.0,0.0,0.0,0.0,0.0,0.0,0
2023-05-10 14:46:11,MA401C2225,MA401C2225,234.0,0.0,0.0,0.0,10,202.5,211.5,10,234.0,0.0,0.0,0.0,0.0,0.0,0
2023-05-10 14:46:11,MA401C2225,MA401C2225,234.0,0.0,0.0,0.0,10,202.5,207.5,7,234.0,0.0,0.0,0.0,0.0,0.0,0
2023-05-10 14:46:12,MA401C2225,MA401C2225,234.0,0.0,0.0,0.0,10,202.5,207.0,10,234.0,0.0,0.0,0.0,0.0,0.0,0
2023-05-10 14:46:37,MA401C2225,MA401C2225,234.0,0.0,0.0,0.0,17,202.5,207.0,10,234.0,0.0,0.0,0.0,0.0,0.0,0
2023-05-10 14:47:13,MA401C2225,MA401C2225,234.0,0.0,0.0,0.0,7,203.5,207.0,10,234.0,0.0,0.0,0.0,0.0,0.0,0
2023-05-10 14:47:13,MA401C2225,MA401C2225,234.0,0.0,0.0,0.0,10,204.0,207.0,10,234.0,0.0,0.0,0.0,0.0,0.0,0
2023-05-10 14:47:21,MA401C2225,MA401C2225,234.0,0.0,0.0,0.0,7,203.5,207.0,10,234.0,0.0,0.0,0.0,0.0,0.0,0
2023-05-10 14:47:21,MA401C2225,MA401C2225,234.0,0.0,0.0,0.0,17,203.5,207.0,10,234.0,0.0,0.0,0.0,0.0,0.0,0
2023-05-10 14:47:36,MA401C2225,MA401C2225,234.0,0.0,0.0,0.0,7,203.5,207.0,10,234.0,0.0,0.0,0.0,0.0,0.0,0
2023-05-10 14:47:40,MA401C2225,MA401C2225,234.0,0.0,0.0,0.0,17,203.5,207.0,10,234.0,0.0,0.0,0.0,0.0,0.0,0
2023-05-10 14:47:42,MA401C2225,MA401C2225,234.0,0.0,0.0,0.0,7,203.5,207.0,10,234.0,0.0,0.0,0.0,0.0,0.0,0
2023-05-10 14:48:13,MA401C2225,MA401C2225,234.0,0.0,0.0,0.0,7,202.5,207.0,10,234.0,0.0,0.0,0.0,0.0,0.0,0
2023-05-10 14:48:13,MA401C2225,MA401C2225,234.0,0.0,0.0,0.0,10,203.0,207.0,10,234.0,0.0,0.0,0.0,0.0,0.0,0
2023-05-10 14:58:14,MA401C2225,MA401C2225,234.0,0.0,0.0,0.0,7,202.5,207.5,7,234.0,0.0,0.0,0.0,0.0,0.0,0
2023-05-10 14:58:58,MA401C2225,MA401C2225,234.0,0.0,0.0,0.0,1,90.0,0.0,0,234.0,0.0,0.0,0.0,0.0,0.0,0
2023-05-10 14:58:58,MA401C2225,MA401C2225,234.0,0.0,0.0,0.0,1,91.5,399.0,10,234.0,0.0,0.0,0.0,0.0,0.0,0
2023-05-10 14:58:58,MA401C2225,MA401C2225,234.0,0.0,0.0,0.0,10,92.0,397.5,1,234.0,0.0,0.0,0.0,0.0,0.0,0
2023-05-10 14:58:59,MA401C2225,MA401C2225,234.0,0.0,0.0,0.0,1,93.5,397.0,10,234.0,0.0,0.0,0.0,0.0,0.0,0
2023-05-10 14:58:59,MA401C2225,MA401C2225,234.0,0.0,0.0,0.0,10,94.0,395.5,1,234.0,0.0,0.0,0.0,0.0,0.0,0
2023-05-10 14:59:00,MA401C2225,MA401C2225,234.0,0.0,0.0,0.0,1,95.5,395.0,10,234.0,0.0,0.0,0.0,0.0,0.0,0
2023-05-10 14:59:00,MA401C2225,MA401C2225,234.0,0.0,0.0,0.0,10,96.0,393.5,1,234.0,0.0,0.0,0.0,0.0,0.0,0
2023-05-10 14:59:01,MA401C2225,MA401C2225,234.0,0.0,0.0,0.0,1,97.5,393.0,10,234.0,0.0,0.0,0.0,0.0,0.0,0
2023-05-10 14:59:01,MA401C2225,MA401C2225,234.0,0.0,0.0,0.0,10,98.0,391.5,1,234.0,0.0,0.0,0.0,0.0,0.0,0
2023-05-10 14:59:02,MA401C2225,MA401C2225,234.0,0.0,0.0,0.0,10,98.0,391.0,10,234.0,0.0,0.0,0.0,0.0,0.0,0
2023-05-10 14:59:03,MA401C2225,MA401C2225,234.0,0.0,0.0,0.0,1,90.0,0.0,0,234.0,0.0,0.0,0.0,0.0,0.0,0
