time,symbol_id,symbol_name,last,trade_volume,trade_amount,open_interest_change,bv1,bp1,ap1,av1,yesterday_close,today_open,today_high,today_low,volume,amount,open_interest
2023-05-09 19:10:58,MA401C2300,MA401C2300,177.0,0.0,0.0,-13.0,0,0.0,0.0,0,177.0,166.0,0.0,0.0,0.0,0.0,24
2023-05-09 20:59:00,MA401C2300,MA401C2300,177.0,0.0,0.0,0.0,10,35.0,0.0,0,177.0,166.0,0.0,0.0,0.0,0.0,24
2023-05-09 21:00:00,MA401C2300,MA401C2300,177.0,0.0,0.0,0.0,10,38.0,0.0,0,177.0,166.0,0.0,0.0,0.0,0.0,24
2023-05-09 21:00:02,MA401C2300,MA401C2300,177.0,0.0,0.0,0.0,10,38.5,0.0,0,177.0,166.0,0.0,0.0,0.0,0.0,24
2023-05-09 21:00:03,MA401C2300,MA401C2300,177.0,0.0,0.0,0.0,1,164.0,183.5,1,177.0,166.0,0.0,0.0,0.0,0.0,24
2023-05-09 21:00:04,MA401C2300,MA401C2300,177.0,0.0,0.0,0.0,1,164.0,183.0,10,177.0,166.0,0.0,0.0,0.0,0.0,24
2023-05-09 21:00:04,MA401C2300,MA401C2300,177.0,0.0,0.0,0.0,1,166.0,183.0,10,177.0,166.0,0.0,0.0,0.0,0.0,24
2023-05-09 21:00:05,MA401C2300,MA401C2300,177.0,0.0,0.0,0.0,10,166.5,183.0,10,177.0,166.0,0.0,0.0,0.0,0.0,24
2023-05-09 21:00:11,MA401C2300,MA401C2300,177.0,0.0,0.0,0.0,1,167.0,182.5,1,177.0,166.0,0.0,0.0,0.0,0.0,24
2023-05-09 21:00:11,MA401C2300,MA401C2300,177.0,0.0,0.0,0.0,10,167.5,182.0,10,177.0,166.0,0.0,0.0,0.0,0.0,24
2023-05-09 21:00:13,MA401C2300,MA401C2300,177.0,0.0,0.0,0.0,1,168.0,181.5,1,177.0,166.0,0.0,0.0,0.0,0.0,24
2023-05-09 21:00:13,MA401C2300,MA401C2300,177.0,0.0,0.0,0.0,10,168.5,181.0,10,177.0,166.0,0.0,0.0,0.0,0.0,24
2023-05-09 21:00:14,MA401C2300,MA401C2300,177.0,0.0,0.0,0.0,10,168.5,180.5,1,177.0,166.0,0.0,0.0,0.0,0.0,24
2023-05-09 21:00:14,MA401C2300,MA401C2300,177.0,0.0,0.0,0.0,10,168.5,180.0,10,177.0,166.0,0.0,0.0,0.0,0.0,24
2023-05-09 21:00:15,MA401C2300,MA401C2300,177.0,0.0,0.0,0.0,10,168.5,179.5,1,177.0,166.0,0.0,0.0,0.0,0.0,24
2023-05-09 21:00:15,MA401C2300,MA401C2300,177.0,0.0,0.0,0.0,10,168.5,179.5,11,177.0,166.0,0.0,0.0,0.0,0.0,24
2023-05-09 21:00:19,MA401C2300,MA401C2300,177.0,0.0,0.0,0.0,11,168.0,179.0,1,177.0,166.0,0.0,0.0,0.0,0.0,24
2023-05-09 21:00:20,MA401C2300,MA401C2300,177.0,0.0,0.0,0.0,11,168.0,178.5,1,177.0,166.0,0.0,0.0,0.0,0.0,24
2023-05-09 21:00:20,MA401C2300,MA401C2300,177.0,0.0,0.0,0.0,1,168.0,178.5,11,177.0,166.0,0.0,0.0,0.0,0.0,24
2023-05-09 21:00:21,MA401C2300,MA401C2300,177.0,0.0,0.0,0.0,1,168.0,178.0,1,177.0,166.0,0.0,0.0,0.0,0.0,24
2023-05-09 21:00:21,MA401C2300,MA401C2300,177.0,0.0,0.0,0.0,11,168.0,178.0,1,177.0,166.0,0.0,0.0,0.0,0.0,24
2023-05-09 21:00:35,MA401C2300,MA401C2300,177.0,0.0,0.0,0.0,1,168.0,178.0,1,177.0,166.0,0.0,0.0,0.0,0.0,24
2023-05-09 21:00:44,MA401C2300,MA401C2300,177.0,0.0,0.0,0.0,10,168.5,178.0,1,177.0,166.0,0.0,0.0,0.0,0.0,24
2023-05-09 21:00:51,MA401C2300,MA401C2300,177.0,0.0,0.0,0.0,1,169.0,178.0,1,177.0,166.0,0.0,0.0,0.0,0.0,24
2023-05-09 21:00:52,MA401C2300,MA401C2300,177.0,0.0,0.0,0.0,10,169.5,178.0,1,177.0,166.0,0.0,0.0,0.0,0.0,24
2023-05-09 21:00:54,MA401C2300,MA401C2300,177.0,0.0,0.0,0.0,1,170.0,178.0,1,177.0,166.0,0.0,0.0,0.0,0.0,24
2023-05-09 21:00:55,MA401C2300,MA401C2300,177.0,0.0,0.0,0.0,10,173.0,177.5,10,177.0,166.0,0.0,0.0,0.0,0.0,24
2023-05-09 21:00:57,MA401C2300,MA401C2300,177.0,0.0,0.0,0.0,20,173.0,177.5,20,177.0,166.0,0.0,0.0,0.0,0.0,24
2023-05-09 21:00:58,MA401C2300,MA401C2300,177.0,0.0,0.0,0.0,10,173.0,177.5,20,177.0,166.0,0.0,0.0,0.0,0.0,24
2023-05-09 21:00:58,MA401C2300,MA401C2300,177.0,0.0,0.0,0.0,20,173.5,177.5,20,177.0,166.0,0.0,0.0,0.0,0.0,24
2023-05-09 21:01:00,MA401C2300,MA401C2300,177.0,0.0,0.0,0.0,20,173.5,177.0,10,177.0,166.0,0.0,0.0,0.0,0.0,24
2023-05-09 21:01:01,MA401C2300,MA401C2300,177.0,0.0,0.0,0.0,20,173.5,177.0,20,177.0,166.0,0.0,0.0,0.0,0.0,24
2023-05-09 21:01:05,MA401C2300,MA401C2300,177.0,0.0,0.0,0.0,20,173.0,177.0,10,177.0,166.0,0.0,0.0,0.0,0.0,24
2023-05-09 21:01:06,MA401C2300,MA401C2300,177.0,0.0,0.0,0.0,20,173.0,177.5,20,177.0,166.0,0.0,0.0,0.0,0.0,24
2023-05-09 21:01:07,MA401C2300,MA401C2300,177.0,0.0,0.0,0.0,10,173.0,177.0,10,177.0,166.0,0.0,0.0,0.0,0.0,24
2023-05-09 21:01:07,MA401C2300,MA401C2300,177.0,0.0,0.0,0.0,20,172.5,176.5,10,177.0,166.0,0.0,0.0,0.0,0.0,24
2023-05-09 21:01:08,MA401C2300,MA401C2300,177.0,0.0,0.0,0.0,20,173.0,177.0,20,177.0,166.0,0.0,0.0,0.0,0.0,24
2023-05-09 21:01:10,MA401C2300,MA401C2300,177.0,0.0,0.0,0.0,10,173.0,177.0,20,177.0,166.0,0.0,0.0,0.0,0.0,24
2023-05-09 21:01:10,MA401C2300,MA401C2300,177.0,0.0,0.0,0.0,20,172.0,177.0,20,177.0,166.0,0.0,0.0,0.0,0.0,24
2023-05-09 21:01:11,MA401C2300,MA401C2300,177.0,0.0,0.0,0.0,20,172.5,177.0,20,177.0,166.0,0.0,0.0,0.0,0.0,24
2023-05-09 21:01:12,MA401C2300,MA401C2300,177.0,0.0,0.0,0.0,10,171.5,176.5,10,177.0,166.0,0.0,0.0,0.0,0.0,24
2023-05-09 21:01:13,MA401C2300,MA401C2300,177.0,0.0,0.0,0.0,10,171.5,176.0,10,177.0,166.0,0.0,0.0,0.0,0.0,24
2023-05-09 21:01:13,MA401C2300,MA401C2300,177.0,0.0,0.0,0.0,10,171.5,175.5,10,177.0,166.0,0.0,0.0,0.0,0.0,24
2023-05-09 21:01:14,MA401C2300,MA401C2300,177.0,0.0,0.0,0.0,20,170.5,175.5,20,177.0,166.0,0.0,0.0,0.0,0.0,24
2023-05-09 21:01:15,MA401C2300,MA401C2300,177.0,0.0,0.0,0.0,20,170.5,175.0,20,177.0,166.0,0.0,0.0,0.0,0.0,24
2023-05-09 21:01:19,MA401C2300,MA401C2300,177.0,0.0,0.0,0.0,10,170.0,175.0,10,177.0,166.0,0.0,0.0,0.0,0.0,24
2023-05-09 21:01:19,MA401C2300,MA401C2300,177.0,0.0,0.0,0.0,20,169.5,175.0,20,177.0,166.0,0.0,0.0,0.0,0.0,24
2023-05-09 21:01:20,MA401C2300,MA401C2300,177.0,0.0,0.0,0.0,20,170.0,174.5,7,177.0,166.0,0.0,0.0,0.0,0.0,24
2023-05-09 21:01:22,MA401C2300,MA401C2300,177.0,0.0,0.0,0.0,20,170.5,174.5,7,177.0,166.0,0.0,0.0,0.0,0.0,24
2023-05-09 21:01:23,MA401C2300,MA401C2300,177.0,0.0,0.0,0.0,20,170.0,174.5,27,177.0,166.0,0.0,0.0,0.0,0.0,24
2023-05-09 21:01:24,MA401C2300,MA401C2300,177.0,0.0,0.0,0.0,10,170.0,174.5,17,177.0,166.0,0.0,0.0,0.0,0.0,24
2023-05-09 21:01:24,MA401C2300,MA401C2300,177.0,0.0,0.0,0.0,11,166.0,174.5,7,177.0,166.0,0.0,0.0,0.0,0.0,24
2023-05-09 21:01:25,MA401C2300,MA401C2300,177.0,0.0,0.0,0.0,1,166.5,174.5,7,177.0,166.0,0.0,0.0,0.0,0.0,24
2023-05-09 21:01:34,MA401C2300,MA401C2300,177.0,0.0,0.0,0.0,1,166.5,173.5,7,177.0,166.0,0.0,0.0,0.0,0.0,24
2023-05-09 21:01:36,MA401C2300,MA401C2300,177.0,0.0,0.0,0.0,7,170.0,173.5,7,177.0,166.0,0.0,0.0,0.0,0.0,24
2023-05-09 21:01:40,MA401C2300,MA401C2300,177.0,0.0,0.0,0.0,7,170.0,173.5,17,177.0,166.0,0.0,0.0,0.0,0.0,24
2023-05-09 21:01:41,MA401C2300,MA401C2300,177.0,0.0,0.0,0.0,7,170.0,173.5,27,177.0,166.0,0.0,0.0,0.0,0.0,24
2023-05-09 21:01:42,MA401C2300,MA401C2300,177.0,0.0,0.0,0.0,7,170.0,173.5,17,177.0,166.0,0.0,0.0,0.0,0.0,24
2023-05-09 21:01:42,MA401C2300,MA401C2300,177.0,0.0,0.0,0.0,7,170.0,173.5,7,177.0,166.0,0.0,0.0,0.0,0.0,24
2023-05-09 21:01:45,MA401C2300,MA401C2300,177.0,0.0,0.0,0.0,7,171.0,173.5,7,177.0,166.0,0.0,0.0,0.0,0.0,24
2023-05-09 21:02:10,MA401C2300,MA401C2300,177.0,0.0,0.0,0.0,7,171.0,173.5,17,177.0,166.0,0.0,0.0,0.0,0.0,24
2023-05-09 21:02:10,MA401C2300,MA401C2300,177.0,0.0,0.0,0.0,7,171.0,173.5,27,177.0,166.0,0.0,0.0,0.0,0.0,24
2023-05-09 21:02:14,MA401C2300,MA401C2300,177.0,0.0,0.0,0.0,27,171.0,173.5,7,177.0,166.0,0.0,0.0,0.0,0.0,24
2023-05-09 21:02:16,MA401C2300,MA401C2300,177.0,0.0,0.0,0.0,17,171.0,173.5,17,177.0,166.0,0.0,0.0,0.0,0.0,24
2023-05-09 21:02:17,MA401C2300,MA401C2300,177.0,0.0,0.0,0.0,7,171.0,173.5,27,177.0,166.0,0.0,0.0,0.0,0.0,24
2023-05-09 21:02:18,MA401C2300,MA401C2300,177.0,0.0,0.0,0.0,10,171.5,173.5,10,177.0,166.0,0.0,0.0,0.0,0.0,24
2023-05-09 21:02:18,MA401C2300,MA401C2300,177.0,0.0,0.0,0.0,20,171.5,174.5,37,177.0,166.0,0.0,0.0,0.0,0.0,24
2023-05-09 21:02:21,MA401C2300,MA401C2300,177.0,0.0,0.0,0.0,27,171.5,174.5,37,177.0,166.0,0.0,0.0,0.0,0.0,24
2023-05-09 21:02:23,MA401C2300,MA401C2300,177.0,0.0,0.0,0.0,17,171.5,174.0,10,177.0,166.0,0.0,0.0,0.0,0.0,24
2023-05-09 21:02:24,MA401C2300,MA401C2300,177.0,0.0,0.0,0.0,27,171.5,174.5,47,177.0,166.0,0.0,0.0,0.0,0.0,24
2023-05-09 21:02:28,MA401C2300,MA401C2300,177.0,0.0,0.0,0.0,27,171.5,174.5,37,177.0,166.0,0.0,0.0,0.0,0.0,24
2023-05-09 21:02:32,MA401C2300,MA401C2300,177.0,0.0,0.0,0.0,17,171.5,174.0,10,177.0,166.0,0.0,0.0,0.0,0.0,24
2023-05-09 21:02:32,MA401C2300,MA401C2300,177.0,0.0,0.0,0.0,7,171.5,174.0,20,177.0,166.0,0.0,0.0,0.0,0.0,24
2023-05-09 21:02:33,MA401C2300,MA401C2300,177.0,0.0,0.0,0.0,17,171.5,174.0,10,177.0,166.0,0.0,0.0,0.0,0.0,24
2023-05-09 21:02:33,MA401C2300,MA401C2300,177.0,0.0,0.0,0.0,27,171.5,174.5,47,177.0,166.0,0.0,0.0,0.0,0.0,24
2023-05-09 21:03:05,MA401C2300,MA401C2300,177.0,0.0,0.0,0.0,10,172.5,174.5,37,177.0,166.0,0.0,0.0,0.0,0.0,24
2023-05-09 21:03:14,MA401C2300,MA401C2300,177.0,0.0,0.0,0.0,27,171.5,174.5,47,177.0,166.0,0.0,0.0,0.0,0.0,24
2023-05-09 21:03:15,MA401C2300,MA401C2300,177.0,0.0,0.0,0.0,10,172.0,174.5,37,177.0,166.0,0.0,0.0,0.0,0.0,24
2023-05-09 21:03:15,MA401C2300,MA401C2300,177.0,0.0,0.0,0.0,20,172.0,174.5,37,177.0,166.0,0.0,0.0,0.0,0.0,24
2023-05-09 21:03:21,MA401C2300,MA401C2300,177.0,0.0,0.0,0.0,10,172.5,174.5,27,177.0,166.0,0.0,0.0,0.0,0.0,24
2023-05-09 21:03:21,MA401C2300,MA401C2300,177.0,0.0,0.0,0.0,20,172.5,174.5,27,177.0,166.0,0.0,0.0,0.0,0.0,24
2023-05-09 21:03:22,MA401C2300,MA401C2300,177.0,0.0,0.0,0.0,10,172.5,174.5,17,177.0,166.0,0.0,0.0,0.0,0.0,24
2023-05-09 21:03:24,MA401C2300,MA401C2300,177.0,0.0,0.0,0.0,27,171.5,174.5,37,177.0,166.0,0.0,0.0,0.0,0.0,24
2023-05-09 21:03:24,MA401C2300,MA401C2300,177.0,0.0,0.0,0.0,27,171.5,174.5,27,177.0,166.0,0.0,0.0,0.0,0.0,24
2023-05-09 21:03:36,MA401C2300,MA401C2300,177.0,0.0,0.0,0.0,27,171.5,174.5,37,177.0,166.0,0.0,0.0,0.0,0.0,24
2023-05-09 21:03:37,MA401C2300,MA401C2300,177.0,0.0,0.0,0.0,27,172.0,174.5,17,177.0,166.0,0.0,0.0,0.0,0.0,24
2023-05-09 21:03:39,MA401C2300,MA401C2300,177.0,0.0,0.0,0.0,27,172.0,174.5,10,177.0,166.0,0.0,0.0,0.0,0.0,24
2023-05-09 21:03:47,MA401C2300,MA401C2300,177.0,0.0,0.0,0.0,10,172.5,175.0,10,177.0,166.0,0.0,0.0,0.0,0.0,24
2023-05-09 21:03:47,MA401C2300,MA401C2300,177.0,0.0,0.0,0.0,20,172.5,175.5,47,177.0,166.0,0.0,0.0,0.0,0.0,24
2023-05-09 21:03:48,MA401C2300,MA401C2300,177.0,0.0,0.0,0.0,27,172.5,175.5,47,177.0,166.0,0.0,0.0,0.0,0.0,24
2023-05-09 21:03:53,MA401C2300,MA401C2300,177.0,0.0,0.0,0.0,17,172.5,174.5,10,177.0,166.0,0.0,0.0,0.0,0.0,24
2023-05-09 21:03:54,MA401C2300,MA401C2300,177.0,0.0,0.0,0.0,17,172.5,175.5,27,177.0,166.0,0.0,0.0,0.0,0.0,24
2023-05-09 21:03:56,MA401C2300,MA401C2300,177.0,0.0,0.0,0.0,27,172.5,175.5,37,177.0,166.0,0.0,0.0,0.0,0.0,24
2023-05-09 21:03:58,MA401C2300,MA401C2300,177.0,0.0,0.0,0.0,17,172.5,175.5,27,177.0,166.0,0.0,0.0,0.0,0.0,24
2023-05-09 21:04:00,MA401C2300,MA401C2300,177.0,0.0,0.0,0.0,27,172.5,175.5,37,177.0,166.0,0.0,0.0,0.0,0.0,24
2023-05-09 21:04:02,MA401C2300,MA401C2300,177.0,0.0,0.0,0.0,17,172.5,174.5,10,177.0,166.0,0.0,0.0,0.0,0.0,24
2023-05-09 21:04:03,MA401C2300,MA401C2300,177.0,0.0,0.0,0.0,7,172.5,174.5,20,177.0,166.0,0.0,0.0,0.0,0.0,24
2023-05-09 21:04:17,MA401C2300,MA401C2300,177.0,0.0,0.0,0.0,17,172.5,175.5,37,177.0,166.0,0.0,0.0,0.0,0.0,24
2023-05-09 21:04:18,MA401C2300,MA401C2300,177.0,0.0,0.0,0.0,27,172.5,175.5,37,177.0,166.0,0.0,0.0,0.0,0.0,24
2023-05-09 21:04:18,MA401C2300,MA401C2300,177.0,0.0,0.0,0.0,27,172.5,175.5,47,177.0,166.0,0.0,0.0,0.0,0.0,24
2023-05-09 21:04:18,MA401C2300,MA401C2300,177.0,0.0,0.0,0.0,27,172.5,175.5,37,177.0,166.0,0.0,0.0,0.0,0.0,24
2023-05-09 21:04:20,MA401C2300,MA401C2300,177.0,0.0,0.0,0.0,7,172.5,175.0,10,177.0,166.0,0.0,0.0,0.0,0.0,24
2023-05-09 21:04:20,MA401C2300,MA401C2300,177.0,0.0,0.0,0.0,27,172.0,175.0,20,177.0,166.0,0.0,0.0,0.0,0.0,24
2023-05-09 21:04:22,MA401C2300,MA401C2300,177.0,0.0,0.0,0.0,17,172.0,175.0,30,177.0,166.0,0.0,0.0,0.0,0.0,24
2023-05-09 21:04:22,MA401C2300,MA401C2300,177.0,0.0,0.0,0.0,20,172.5,175.5,47,177.0,166.0,0.0,0.0,0.0,0.0,24
2023-05-09 21:04:22,MA401C2300,MA401C2300,177.0,0.0,0.0,0.0,10,172.5,175.5,47,177.0,166.0,0.0,0.0,0.0,0.0,24
2023-05-09 21:04:23,MA401C2300,MA401C2300,177.0,0.0,0.0,0.0,17,172.0,175.0,30,177.0,166.0,0.0,0.0,0.0,0.0,24
2023-05-09 21:04:24,MA401C2300,MA401C2300,177.0,0.0,0.0,0.0,10,172.5,175.0,10,177.0,166.0,0.0,0.0,0.0,0.0,24
2023-05-09 21:04:24,MA401C2300,MA401C2300,177.0,0.0,0.0,0.0,20,172.5,175.5,57,177.0,166.0,0.0,0.0,0.0,0.0,24
2023-05-09 21:04:33,MA401C2300,MA401C2300,177.0,0.0,0.0,0.0,10,173.0,175.5,37,177.0,166.0,0.0,0.0,0.0,0.0,24
2023-05-09 21:04:35,MA401C2300,MA401C2300,177.0,0.0,0.0,0.0,20,173.0,175.5,47,177.0,166.0,0.0,0.0,0.0,0.0,24
2023-05-09 21:04:36,MA401C2300,MA401C2300,177.0,0.0,0.0,0.0,10,173.0,175.5,47,177.0,166.0,0.0,0.0,0.0,0.0,24
2023-05-09 21:04:36,MA401C2300,MA401C2300,177.0,0.0,0.0,0.0,27,172.0,175.0,20,177.0,166.0,0.0,0.0,0.0,0.0,24
2023-05-09 21:04:36,MA401C2300,MA401C2300,177.0,0.0,0.0,0.0,10,172.5,175.5,47,177.0,166.0,0.0,0.0,0.0,0.0,24
2023-05-09 21:04:37,MA401C2300,MA401C2300,177.0,0.0,0.0,0.0,20,172.5,175.5,57,177.0,166.0,0.0,0.0,0.0,0.0,24
2023-05-09 21:04:39,MA401C2300,MA401C2300,177.0,0.0,0.0,0.0,10,172.5,174.5,10,177.0,166.0,0.0,0.0,0.0,0.0,24
2023-05-09 21:04:39,MA401C2300,MA401C2300,177.0,0.0,0.0,0.0,27,172.0,174.5,20,177.0,166.0,0.0,0.0,0.0,0.0,24
2023-05-09 21:04:41,MA401C2300,MA401C2300,177.0,0.0,0.0,0.0,7,172.0,174.5,30,177.0,166.0,0.0,0.0,0.0,0.0,24
2023-05-09 21:04:43,MA401C2300,MA401C2300,177.0,0.0,0.0,0.0,7,172.0,174.5,37,177.0,166.0,0.0,0.0,0.0,0.0,24
2023-05-09 21:05:03,MA401C2300,MA401C2300,177.0,0.0,0.0,0.0,10,171.5,174.0,20,177.0,166.0,0.0,0.0,0.0,0.0,24
2023-05-09 21:05:03,MA401C2300,MA401C2300,177.0,0.0,0.0,0.0,7,171.0,174.0,40,177.0,166.0,0.0,0.0,0.0,0.0,24
2023-05-09 21:05:09,MA401C2300,MA401C2300,177.0,0.0,0.0,0.0,7,171.0,173.5,20,177.0,166.0,0.0,0.0,0.0,0.0,24
2023-05-09 21:05:09,MA401C2300,MA401C2300,177.0,0.0,0.0,0.0,7,171.0,173.5,30,177.0,166.0,0.0,0.0,0.0,0.0,24
2023-05-09 21:05:11,MA401C2300,MA401C2300,177.0,0.0,0.0,0.0,30,170.5,173.0,20,177.0,166.0,0.0,0.0,0.0,0.0,24
2023-05-09 21:05:12,MA401C2300,MA401C2300,177.0,0.0,0.0,0.0,20,170.5,173.0,30,177.0,166.0,0.0,0.0,0.0,0.0,24
2023-05-09 21:05:13,MA401C2300,MA401C2300,177.0,0.0,0.0,0.0,10,170.5,173.0,10,177.0,166.0,0.0,0.0,0.0,0.0,24
2023-05-09 21:05:13,MA401C2300,MA401C2300,177.0,0.0,0.0,0.0,10,170.5,173.0,20,177.0,166.0,0.0,0.0,0.0,0.0,24
2023-05-09 21:05:14,MA401C2300,MA401C2300,177.0,0.0,0.0,0.0,20,170.5,173.0,20,177.0,166.0,0.0,0.0,0.0,0.0,24
2023-05-09 21:05:15,MA401C2300,MA401C2300,177.0,0.0,0.0,0.0,10,170.5,173.0,20,177.0,166.0,0.0,0.0,0.0,0.0,24
2023-05-09 21:05:17,MA401C2300,MA401C2300,177.0,0.0,0.0,0.0,10,170.5,173.0,10,177.0,166.0,0.0,0.0,0.0,0.0,24
2023-05-09 21:05:17,MA401C2300,MA401C2300,177.0,0.0,0.0,0.0,10,170.5,173.0,20,177.0,166.0,0.0,0.0,0.0,0.0,24
2023-05-09 21:05:19,MA401C2300,MA401C2300,177.0,0.0,0.0,0.0,17,170.5,173.0,20,177.0,166.0,0.0,0.0,0.0,0.0,24
2023-05-09 21:05:19,MA401C2300,MA401C2300,177.0,0.0,0.0,0.0,27,170.5,173.0,10,177.0,166.0,0.0,0.0,0.0,0.0,24
2023-05-09 21:05:25,MA401C2300,MA401C2300,177.0,0.0,0.0,0.0,37,170.5,173.0,20,177.0,166.0,0.0,0.0,0.0,0.0,24
2023-05-09 21:05:25,MA401C2300,MA401C2300,177.0,0.0,0.0,0.0,7,171.0,173.0,20,177.0,166.0,0.0,0.0,0.0,0.0,24
2023-05-09 21:05:26,MA401C2300,MA401C2300,177.0,0.0,0.0,0.0,7,171.0,173.0,10,177.0,166.0,0.0,0.0,0.0,0.0,24
2023-05-09 21:05:27,MA401C2300,MA401C2300,177.0,0.0,0.0,0.0,7,171.0,173.0,20,177.0,166.0,0.0,0.0,0.0,0.0,24
2023-05-09 21:05:28,MA401C2300,MA401C2300,177.0,0.0,0.0,0.0,7,171.0,173.0,10,177.0,166.0,0.0,0.0,0.0,0.0,24
2023-05-09 21:05:34,MA401C2300,MA401C2300,177.0,0.0,0.0,0.0,7,171.0,172.5,10,177.0,166.0,0.0,0.0,0.0,0.0,24
2023-05-09 21:05:34,MA401C2300,MA401C2300,177.0,0.0,0.0,0.0,7,171.0,172.5,20,177.0,166.0,0.0,0.0,0.0,0.0,24
2023-05-09 21:05:40,MA401C2300,MA401C2300,177.0,0.0,0.0,0.0,7,171.0,173.0,30,177.0,166.0,0.0,0.0,0.0,0.0,24
2023-05-09 21:05:52,MA401C2300,MA401C2300,177.0,0.0,0.0,0.0,17,170.5,173.0,30,177.0,166.0,0.0,0.0,0.0,0.0,24
2023-05-09 21:05:54,MA401C2300,MA401C2300,177.0,0.0,0.0,0.0,27,170.5,173.0,20,177.0,166.0,0.0,0.0,0.0,0.0,24
2023-05-09 21:05:59,MA401C2300,MA401C2300,177.0,0.0,0.0,0.0,27,171.0,173.5,17,177.0,166.0,0.0,0.0,0.0,0.0,24
2023-05-09 21:05:59,MA401C2300,MA401C2300,177.0,0.0,0.0,0.0,27,171.0,173.5,7,177.0,166.0,0.0,0.0,0.0,0.0,24
2023-05-09 21:06:01,MA401C2300,MA401C2300,177.0,0.0,0.0,0.0,17,171.0,173.5,17,177.0,166.0,0.0,0.0,0.0,0.0,24
2023-05-09 21:06:02,MA401C2300,MA401C2300,177.0,0.0,0.0,0.0,27,171.0,173.5,7,177.0,166.0,0.0,0.0,0.0,0.0,24
2023-05-09 21:06:03,MA401C2300,MA401C2300,177.0,0.0,0.0,0.0,17,171.0,173.5,17,177.0,166.0,0.0,0.0,0.0,0.0,24
2023-05-09 21:06:04,MA401C2300,MA401C2300,177.0,0.0,0.0,0.0,27,171.0,173.5,7,177.0,166.0,0.0,0.0,0.0,0.0,24
2023-05-09 21:06:04,MA401C2300,MA401C2300,177.0,0.0,0.0,0.0,17,171.0,173.5,17,177.0,166.0,0.0,0.0,0.0,0.0,24
2023-05-09 21:06:04,MA401C2300,MA401C2300,177.0,0.0,0.0,0.0,7,171.0,173.5,27,177.0,166.0,0.0,0.0,0.0,0.0,24
2023-05-09 21:06:07,MA401C2300,MA401C2300,177.0,0.0,0.0,0.0,17,171.0,173.5,17,177.0,166.0,0.0,0.0,0.0,0.0,24
2023-05-09 21:06:07,MA401C2300,MA401C2300,177.0,0.0,0.0,0.0,27,171.0,173.5,7,177.0,166.0,0.0,0.0,0.0,0.0,24
2023-05-09 21:06:09,MA401C2300,MA401C2300,177.0,0.0,0.0,0.0,7,171.0,173.5,27,177.0,166.0,0.0,0.0,0.0,0.0,24
2023-05-09 21:06:18,MA401C2300,MA401C2300,177.0,0.0,0.0,0.0,27,170.5,173.0,30,177.0,166.0,0.0,0.0,0.0,0.0,24
2023-05-09 21:06:28,MA401C2300,MA401C2300,177.0,0.0,0.0,0.0,10,170.0,172.5,30,177.0,166.0,0.0,0.0,0.0,0.0,24
2023-05-09 21:06:28,MA401C2300,MA401C2300,177.0,0.0,0.0,0.0,20,169.5,172.5,40,177.0,166.0,0.0,0.0,0.0,0.0,24
2023-05-09 21:06:32,MA401C2300,MA401C2300,177.0,0.0,0.0,0.0,20,169.5,172.5,57,177.0,166.0,0.0,0.0,0.0,0.0,24
2023-05-09 21:06:33,MA401C2300,MA401C2300,177.0,0.0,0.0,0.0,20,169.5,172.5,47,177.0,166.0,0.0,0.0,0.0,0.0,24
2023-05-09 21:06:36,MA401C2300,MA401C2300,177.0,0.0,0.0,0.0,20,169.5,171.5,10,177.0,166.0,0.0,0.0,0.0,0.0,24
2023-05-09 21:06:36,MA401C2300,MA401C2300,177.0,0.0,0.0,0.0,10,169.5,171.5,10,177.0,166.0,0.0,0.0,0.0,0.0,24
2023-05-09 21:06:37,MA401C2300,MA401C2300,177.0,0.0,0.0,0.0,10,169.5,172.5,57,177.0,166.0,0.0,0.0,0.0,0.0,24
2023-05-09 21:06:37,MA401C2300,MA401C2300,177.0,0.0,0.0,0.0,10,169.5,172.0,10,177.0,166.0,0.0,0.0,0.0,0.0,24
2023-05-09 21:06:38,MA401C2300,MA401C2300,177.0,0.0,0.0,0.0,10,169.5,171.5,20,177.0,166.0,0.0,0.0,0.0,0.0,24
2023-05-09 21:06:38,MA401C2300,MA401C2300,177.0,0.0,0.0,0.0,10,169.5,171.5,30,177.0,166.0,0.0,0.0,0.0,0.0,24
2023-05-09 21:06:39,MA401C2300,MA401C2300,177.0,0.0,0.0,0.0,27,169.0,171.5,30,177.0,166.0,0.0,0.0,0.0,0.0,24
2023-05-09 21:06:40,MA401C2300,MA401C2300,177.0,0.0,0.0,0.0,17,169.0,171.5,30,177.0,166.0,0.0,0.0,0.0,0.0,24
2023-05-09 21:06:40,MA401C2300,MA401C2300,177.0,0.0,0.0,0.0,10,169.0,171.0,10,177.0,166.0,0.0,0.0,0.0,0.0,24
2023-05-09 21:06:40,MA401C2300,MA401C2300,177.0,0.0,0.0,0.0,10,169.0,171.5,20,177.0,166.0,0.0,0.0,0.0,0.0,24
2023-05-09 21:06:42,MA401C2300,MA401C2300,177.0,0.0,0.0,0.0,10,168.5,171.0,20,177.0,166.0,0.0,0.0,0.0,0.0,24
2023-05-09 21:06:43,MA401C2300,MA401C2300,177.0,0.0,0.0,0.0,10,168.5,171.0,30,177.0,166.0,0.0,0.0,0.0,0.0,24
2023-05-09 21:06:45,MA401C2300,MA401C2300,177.0,0.0,0.0,0.0,10,168.5,171.0,40,177.0,166.0,0.0,0.0,0.0,0.0,24
2023-05-09 21:06:46,MA401C2300,MA401C2300,177.0,0.0,0.0,0.0,10,169.0,171.0,20,177.0,166.0,0.0,0.0,0.0,0.0,24
2023-05-09 21:06:49,MA401C2300,MA401C2300,177.0,0.0,0.0,0.0,10,168.5,171.0,30,177.0,166.0,0.0,0.0,0.0,0.0,24
2023-05-09 21:06:51,MA401C2300,MA401C2300,177.0,0.0,0.0,0.0,10,168.5,171.0,40,177.0,166.0,0.0,0.0,0.0,0.0,24
2023-05-09 21:06:51,MA401C2300,MA401C2300,177.0,0.0,0.0,0.0,20,168.5,171.0,20,177.0,166.0,0.0,0.0,0.0,0.0,24
2023-05-09 21:06:56,MA401C2300,MA401C2300,177.0,0.0,0.0,0.0,17,168.0,171.0,40,177.0,166.0,0.0,0.0,0.0,0.0,24
2023-05-09 21:06:56,MA401C2300,MA401C2300,177.0,0.0,0.0,0.0,27,168.0,171.0,50,177.0,166.0,0.0,0.0,0.0,0.0,24
2023-05-09 21:07:02,MA401C2300,MA401C2300,177.0,0.0,0.0,0.0,27,168.0,171.0,30,177.0,166.0,0.0,0.0,0.0,0.0,24
2023-05-09 21:07:04,MA401C2300,MA401C2300,177.0,0.0,0.0,0.0,17,168.0,171.0,40,177.0,166.0,0.0,0.0,0.0,0.0,24
2023-05-09 21:07:04,MA401C2300,MA401C2300,177.0,0.0,0.0,0.0,27,168.0,171.0,50,177.0,166.0,0.0,0.0,0.0,0.0,24
2023-05-09 21:07:06,MA401C2300,MA401C2300,177.0,0.0,0.0,0.0,17,168.0,171.0,50,177.0,166.0,0.0,0.0,0.0,0.0,24
2023-05-09 21:07:11,MA401C2300,MA401C2300,177.0,0.0,0.0,0.0,7,168.0,170.0,20,177.0,166.0,0.0,0.0,0.0,0.0,24
2023-05-09 21:07:12,MA401C2300,MA401C2300,177.0,0.0,0.0,0.0,10,167.5,170.0,20,177.0,166.0,0.0,0.0,0.0,0.0,24
2023-05-09 21:07:14,MA401C2300,MA401C2300,177.0,0.0,0.0,0.0,10,167.5,169.5,10,177.0,166.0,0.0,0.0,0.0,0.0,24
2023-05-09 21:07:15,MA401C2300,MA401C2300,177.0,0.0,0.0,0.0,20,167.5,169.5,20,177.0,166.0,0.0,0.0,0.0,0.0,24
2023-05-09 21:07:19,MA401C2300,MA401C2300,177.0,0.0,0.0,0.0,20,167.5,169.5,10,177.0,166.0,0.0,0.0,0.0,0.0,24
2023-05-09 21:07:20,MA401C2300,MA401C2300,177.0,0.0,0.0,0.0,20,167.5,170.0,30,177.0,166.0,0.0,0.0,0.0,0.0,24
2023-05-09 21:07:21,MA401C2300,MA401C2300,177.0,0.0,0.0,0.0,27,167.5,170.0,30,177.0,166.0,0.0,0.0,0.0,0.0,24
2023-05-09 21:07:22,MA401C2300,MA401C2300,177.0,0.0,0.0,0.0,7,168.0,170.0,30,177.0,166.0,0.0,0.0,0.0,0.0,24
2023-05-09 21:07:32,MA401C2300,MA401C2300,177.0,0.0,0.0,0.0,7,168.0,170.0,20,177.0,166.0,0.0,0.0,0.0,0.0,24
2023-05-09 21:07:33,MA401C2300,MA401C2300,177.0,0.0,0.0,0.0,27,168.0,170.5,27,177.0,166.0,0.0,0.0,0.0,0.0,24
2023-05-09 21:07:34,MA401C2300,MA401C2300,177.0,0.0,0.0,0.0,37,168.0,170.5,17,177.0,166.0,0.0,0.0,0.0,0.0,24
2023-05-09 21:07:34,MA401C2300,MA401C2300,177.0,0.0,0.0,0.0,37,168.0,170.5,7,177.0,166.0,0.0,0.0,0.0,0.0,24
2023-05-09 21:07:35,MA401C2300,MA401C2300,177.0,0.0,0.0,0.0,17,168.0,170.5,17,177.0,166.0,0.0,0.0,0.0,0.0,24
2023-05-09 21:07:35,MA401C2300,MA401C2300,177.0,0.0,0.0,0.0,17,168.0,170.0,10,177.0,166.0,0.0,0.0,0.0,0.0,24
2023-05-09 21:07:35,MA401C2300,MA401C2300,177.0,0.0,0.0,0.0,7,168.0,170.5,27,177.0,166.0,0.0,0.0,0.0,0.0,24
2023-05-09 21:07:36,MA401C2300,MA401C2300,177.0,0.0,0.0,0.0,7,168.0,170.0,10,177.0,166.0,0.0,0.0,0.0,0.0,24
2023-05-09 21:07:37,MA401C2300,MA401C2300,177.0,0.0,0.0,0.0,27,168.0,170.5,27,177.0,166.0,0.0,0.0,0.0,0.0,24
2023-05-09 21:07:38,MA401C2300,MA401C2300,177.0,0.0,0.0,0.0,7,168.5,170.5,20,177.0,166.0,0.0,0.0,0.0,0.0,24
2023-05-09 21:07:38,MA401C2300,MA401C2300,177.0,0.0,0.0,0.0,7,168.5,171.0,40,177.0,166.0,0.0,0.0,0.0,0.0,24
2023-05-09 21:07:39,MA401C2300,MA401C2300,177.0,0.0,0.0,0.0,7,168.5,170.0,10,177.0,166.0,0.0,0.0,0.0,0.0,24
2023-05-09 21:07:40,MA401C2300,MA401C2300,177.0,0.0,0.0,0.0,7,168.5,170.0,20,177.0,166.0,0.0,0.0,0.0,0.0,24
2023-05-09 21:07:42,MA401C2300,MA401C2300,177.0,0.0,0.0,0.0,7,168.5,170.0,10,177.0,166.0,0.0,0.0,0.0,0.0,24
2023-05-09 21:07:42,MA401C2300,MA401C2300,177.0,0.0,0.0,0.0,7,168.5,170.0,20,177.0,166.0,0.0,0.0,0.0,0.0,24
2023-05-09 21:07:47,MA401C2300,MA401C2300,177.0,0.0,0.0,0.0,7,168.0,170.0,20,177.0,166.0,0.0,0.0,0.0,0.0,24
2023-05-09 21:07:50,MA401C2300,MA401C2300,177.0,0.0,0.0,0.0,7,168.0,170.0,30,177.0,166.0,0.0,0.0,0.0,0.0,24
2023-05-09 21:07:52,MA401C2300,MA401C2300,177.0,0.0,0.0,0.0,7,168.0,170.0,20,177.0,166.0,0.0,0.0,0.0,0.0,24
2023-05-09 21:07:54,MA401C2300,MA401C2300,177.0,0.0,0.0,0.0,10,168.5,170.5,20,177.0,166.0,0.0,0.0,0.0,0.0,24
2023-05-09 21:07:54,MA401C2300,MA401C2300,177.0,0.0,0.0,0.0,20,168.5,170.5,20,177.0,166.0,0.0,0.0,0.0,0.0,24
2023-05-09 21:07:56,MA401C2300,MA401C2300,177.0,0.0,0.0,0.0,27,168.5,170.5,20,177.0,166.0,0.0,0.0,0.0,0.0,24
2023-05-09 21:07:57,MA401C2300,MA401C2300,177.0,0.0,0.0,0.0,20,169.0,171.0,20,177.0,166.0,0.0,0.0,0.0,0.0,24
2023-05-09 21:07:59,MA401C2300,MA401C2300,177.0,0.0,0.0,0.0,20,169.0,171.0,10,177.0,166.0,0.0,0.0,0.0,0.0,24
2023-05-09 21:08:00,MA401C2300,MA401C2300,177.0,0.0,0.0,0.0,20,169.0,171.5,37,177.0,166.0,0.0,0.0,0.0,0.0,24
2023-05-09 21:08:02,MA401C2300,MA401C2300,177.0,0.0,0.0,0.0,10,169.0,171.0,10,177.0,166.0,0.0,0.0,0.0,0.0,24
2023-05-09 21:08:03,MA401C2300,MA401C2300,177.0,0.0,0.0,0.0,17,169.0,171.0,10,177.0,166.0,0.0,0.0,0.0,0.0,24
2023-05-09 21:08:03,MA401C2300,MA401C2300,177.0,0.0,0.0,0.0,17,169.0,171.5,37,177.0,166.0,0.0,0.0,0.0,0.0,24
2023-05-09 21:08:06,MA401C2300,MA401C2300,177.0,0.0,0.0,0.0,7,169.0,171.0,20,177.0,166.0,0.0,0.0,0.0,0.0,24
2023-05-09 21:08:07,MA401C2300,MA401C2300,177.0,0.0,0.0,0.0,7,169.0,171.0,10,177.0,166.0,0.0,0.0,0.0,0.0,24
2023-05-09 21:08:08,MA401C2300,MA401C2300,177.0,0.0,0.0,0.0,7,169.0,171.5,47,177.0,166.0,0.0,0.0,0.0,0.0,24
2023-05-09 21:08:10,MA401C2300,MA401C2300,177.0,0.0,0.0,0.0,7,169.0,171.0,10,177.0,166.0,0.0,0.0,0.0,0.0,24
2023-05-09 21:08:11,MA401C2300,MA401C2300,177.0,0.0,0.0,0.0,7,169.0,171.0,30,177.0,166.0,0.0,0.0,0.0,0.0,24
2023-05-09 21:08:11,MA401C2300,MA401C2300,177.0,0.0,0.0,0.0,7,169.0,171.0,40,177.0,166.0,0.0,0.0,0.0,0.0,24
2023-05-09 21:08:18,MA401C2300,MA401C2300,177.0,0.0,0.0,0.0,7,169.0,170.5,10,177.0,166.0,0.0,0.0,0.0,0.0,24
2023-05-09 21:08:19,MA401C2300,MA401C2300,177.0,0.0,0.0,0.0,7,169.0,171.0,40,177.0,166.0,0.0,0.0,0.0,0.0,24
2023-05-09 21:08:24,MA401C2300,MA401C2300,177.0,0.0,0.0,0.0,7,169.0,171.0,30,177.0,166.0,0.0,0.0,0.0,0.0,24
2023-05-09 21:08:25,MA401C2300,MA401C2300,177.0,0.0,0.0,0.0,7,169.0,170.5,10,177.0,166.0,0.0,0.0,0.0,0.0,24
2023-05-09 21:08:28,MA401C2300,MA401C2300,177.0,0.0,0.0,0.0,7,169.0,171.0,40,177.0,166.0,0.0,0.0,0.0,0.0,24
2023-05-09 21:08:30,MA401C2300,MA401C2300,177.0,0.0,0.0,0.0,7,168.5,171.0,40,177.0,166.0,0.0,0.0,0.0,0.0,24
2023-05-09 21:08:36,MA401C2300,MA401C2300,177.0,0.0,0.0,0.0,10,169.0,171.0,30,177.0,166.0,0.0,0.0,0.0,0.0,24
2023-05-09 21:08:36,MA401C2300,MA401C2300,177.0,0.0,0.0,0.0,10,169.0,171.0,20,177.0,166.0,0.0,0.0,0.0,0.0,24
2023-05-09 21:08:40,MA401C2300,MA401C2300,177.0,0.0,0.0,0.0,7,168.5,171.0,40,177.0,166.0,0.0,0.0,0.0,0.0,24
2023-05-09 21:08:43,MA401C2300,MA401C2300,177.0,0.0,0.0,0.0,7,168.5,170.5,10,177.0,166.0,0.0,0.0,0.0,0.0,24
2023-05-09 21:08:43,MA401C2300,MA401C2300,177.0,0.0,0.0,0.0,7,168.5,170.5,20,177.0,166.0,0.0,0.0,0.0,0.0,24
2023-05-09 21:08:48,MA401C2300,MA401C2300,177.0,0.0,0.0,0.0,7,168.5,170.5,40,177.0,166.0,0.0,0.0,0.0,0.0,24
2023-05-09 21:08:51,MA401C2300,MA401C2300,177.0,0.0,0.0,0.0,7,168.5,170.0,10,177.0,166.0,0.0,0.0,0.0,0.0,24
2023-05-09 21:08:51,MA401C2300,MA401C2300,177.0,0.0,0.0,0.0,7,168.5,170.0,20,177.0,166.0,0.0,0.0,0.0,0.0,24
2023-05-09 21:08:57,MA401C2300,MA401C2300,177.0,0.0,0.0,0.0,7,168.5,170.0,10,177.0,166.0,0.0,0.0,0.0,0.0,24
2023-05-09 21:08:59,MA401C2300,MA401C2300,177.0,0.0,0.0,0.0,7,168.5,170.0,20,177.0,166.0,0.0,0.0,0.0,0.0,24
2023-05-09 21:09:00,MA401C2300,MA401C2300,177.0,0.0,0.0,0.0,17,168.5,170.5,30,177.0,166.0,0.0,0.0,0.0,0.0,24
2023-05-09 21:09:01,MA401C2300,MA401C2300,177.0,0.0,0.0,0.0,7,168.5,170.0,10,177.0,166.0,0.0,0.0,0.0,0.0,24
2023-05-09 21:09:01,MA401C2300,MA401C2300,177.0,0.0,0.0,0.0,7,168.5,170.0,20,177.0,166.0,0.0,0.0,0.0,0.0,24
2023-05-09 21:09:09,MA401C2300,MA401C2300,177.0,0.0,0.0,0.0,20,168.0,170.0,20,177.0,166.0,0.0,0.0,0.0,0.0,24
2023-05-09 21:09:10,MA401C2300,MA401C2300,177.0,0.0,0.0,0.0,57,167.5,170.0,30,177.0,166.0,0.0,0.0,0.0,0.0,24
2023-05-09 21:09:10,MA401C2300,MA401C2300,177.0,0.0,0.0,0.0,37,167.5,170.0,40,177.0,166.0,0.0,0.0,0.0,0.0,24
2023-05-09 21:09:14,MA401C2300,MA401C2300,177.0,0.0,0.0,0.0,37,167.5,169.5,10,177.0,166.0,0.0,0.0,0.0,0.0,24
2023-05-09 21:09:15,MA401C2300,MA401C2300,177.0,0.0,0.0,0.0,37,167.5,170.0,40,177.0,166.0,0.0,0.0,0.0,0.0,24
2023-05-09 21:09:17,MA401C2300,MA401C2300,177.0,0.0,0.0,0.0,10,168.0,170.0,30,177.0,166.0,0.0,0.0,0.0,0.0,24
2023-05-09 21:09:18,MA401C2300,MA401C2300,177.0,0.0,0.0,0.0,37,167.5,169.0,10,177.0,166.0,0.0,0.0,0.0,0.0,24
2023-05-09 21:09:18,MA401C2300,MA401C2300,177.0,0.0,0.0,0.0,27,167.5,169.0,10,177.0,166.0,0.0,0.0,0.0,0.0,24
2023-05-09 21:09:19,MA401C2300,MA401C2300,177.0,0.0,0.0,0.0,27,167.5,169.5,20,177.0,166.0,0.0,0.0,0.0,0.0,24
2023-05-09 21:09:22,MA401C2300,MA401C2300,177.0,0.0,0.0,0.0,27,167.5,170.0,40,177.0,166.0,0.0,0.0,0.0,0.0,24
2023-05-09 21:09:29,MA401C2300,MA401C2300,177.0,0.0,0.0,0.0,37,167.5,170.0,30,177.0,166.0,0.0,0.0,0.0,0.0,24
2023-05-09 21:09:29,MA401C2300,MA401C2300,177.0,0.0,0.0,0.0,37,167.5,170.0,40,177.0,166.0,0.0,0.0,0.0,0.0,24
2023-05-09 21:09:39,MA401C2300,MA401C2300,177.0,0.0,0.0,0.0,7,168.0,170.0,40,177.0,166.0,0.0,0.0,0.0,0.0,24
2023-05-09 21:09:40,MA401C2300,MA401C2300,177.0,0.0,0.0,0.0,17,168.0,170.0,10,177.0,166.0,0.0,0.0,0.0,0.0,24
2023-05-09 21:09:41,MA401C2300,MA401C2300,177.0,0.0,0.0,0.0,17,168.0,170.0,20,177.0,166.0,0.0,0.0,0.0,0.0,24
2023-05-09 21:09:41,MA401C2300,MA401C2300,177.0,0.0,0.0,0.0,7,168.0,170.0,30,177.0,166.0,0.0,0.0,0.0,0.0,24
2023-05-09 21:09:42,MA401C2300,MA401C2300,177.0,0.0,0.0,0.0,7,168.0,170.0,40,177.0,166.0,0.0,0.0,0.0,0.0,24
2023-05-09 21:09:47,MA401C2300,MA401C2300,177.0,0.0,0.0,0.0,7,168.0,170.0,30,177.0,166.0,0.0,0.0,0.0,0.0,24
2023-05-09 21:09:47,MA401C2300,MA401C2300,177.0,0.0,0.0,0.0,7,168.0,170.0,40,177.0,166.0,0.0,0.0,0.0,0.0,24
2023-05-09 21:09:56,MA401C2300,MA401C2300,177.0,0.0,0.0,0.0,7,168.0,170.0,30,177.0,166.0,0.0,0.0,0.0,0.0,24
2023-05-09 21:09:57,MA401C2300,MA401C2300,177.0,0.0,0.0,0.0,7,168.0,170.0,40,177.0,166.0,0.0,0.0,0.0,0.0,24
2023-05-09 21:10:03,MA401C2300,MA401C2300,177.0,0.0,0.0,0.0,7,168.0,170.0,30,177.0,166.0,0.0,0.0,0.0,0.0,24
2023-05-09 21:10:03,MA401C2300,MA401C2300,177.0,0.0,0.0,0.0,27,168.0,170.5,30,177.0,166.0,0.0,0.0,0.0,0.0,24
2023-05-09 21:10:03,MA401C2300,MA401C2300,177.0,0.0,0.0,0.0,37,168.0,170.5,30,177.0,166.0,0.0,0.0,0.0,0.0,24
2023-05-09 21:10:04,MA401C2300,MA401C2300,177.0,0.0,0.0,0.0,47,168.0,170.5,20,177.0,166.0,0.0,0.0,0.0,0.0,24
2023-05-09 21:10:05,MA401C2300,MA401C2300,177.0,0.0,0.0,0.0,20,168.5,170.5,10,177.0,166.0,0.0,0.0,0.0,0.0,24
2023-05-09 21:10:05,MA401C2300,MA401C2300,177.0,0.0,0.0,0.0,20,168.5,171.0,37,177.0,166.0,0.0,0.0,0.0,0.0,24
2023-05-09 21:10:07,MA401C2300,MA401C2300,177.0,0.0,0.0,0.0,30,168.5,170.5,10,177.0,166.0,0.0,0.0,0.0,0.0,24
2023-05-09 21:10:07,MA401C2300,MA401C2300,177.0,0.0,0.0,0.0,27,168.5,170.5,10,177.0,166.0,0.0,0.0,0.0,0.0,24
2023-05-09 21:10:10,MA401C2300,MA401C2300,177.0,0.0,0.0,0.0,37,168.5,170.5,20,177.0,166.0,0.0,0.0,0.0,0.0,24
2023-05-09 21:10:17,MA401C2300,MA401C2300,177.0,0.0,0.0,0.0,37,168.5,170.5,10,177.0,166.0,0.0,0.0,0.0,0.0,24
2023-05-09 21:10:18,MA401C2300,MA401C2300,177.0,0.0,0.0,0.0,37,168.5,171.0,37,177.0,166.0,0.0,0.0,0.0,0.0,24
2023-05-09 21:10:18,MA401C2300,MA401C2300,177.0,0.0,0.0,0.0,47,168.5,171.0,27,177.0,166.0,0.0,0.0,0.0,0.0,24
2023-05-09 21:10:20,MA401C2300,MA401C2300,177.0,0.0,0.0,0.0,57,168.5,171.0,27,177.0,166.0,0.0,0.0,0.0,0.0,24
2023-05-09 21:10:24,MA401C2300,MA401C2300,177.0,0.0,0.0,0.0,7,169.0,171.0,27,177.0,166.0,0.0,0.0,0.0,0.0,24
2023-05-09 21:10:34,MA401C2300,MA401C2300,177.0,0.0,0.0,0.0,7,169.0,171.0,37,177.0,166.0,0.0,0.0,0.0,0.0,24
2023-05-09 21:10:35,MA401C2300,MA401C2300,177.0,0.0,0.0,0.0,7,169.0,170.5,10,177.0,166.0,0.0,0.0,0.0,0.0,24
2023-05-09 21:10:39,MA401C2300,MA401C2300,177.0,0.0,0.0,0.0,7,169.0,170.5,20,177.0,166.0,0.0,0.0,0.0,0.0,24
2023-05-09 21:10:39,MA401C2300,MA401C2300,177.0,0.0,0.0,0.0,7,169.0,171.0,57,177.0,166.0,0.0,0.0,0.0,0.0,24
2023-05-09 21:10:41,MA401C2300,MA401C2300,177.0,0.0,0.0,0.0,17,169.0,171.0,17,177.0,166.0,0.0,0.0,0.0,0.0,24
2023-05-09 21:10:41,MA401C2300,MA401C2300,177.0,0.0,0.0,0.0,27,169.0,171.0,7,177.0,166.0,0.0,0.0,0.0,0.0,24
2023-05-09 21:10:43,MA401C2300,MA401C2300,177.0,0.0,0.0,0.0,27,169.0,171.5,67,177.0,166.0,0.0,0.0,0.0,0.0,24
2023-05-09 21:10:44,MA401C2300,MA401C2300,177.0,0.0,0.0,0.0,27,169.0,171.5,57,177.0,166.0,0.0,0.0,0.0,0.0,24
2023-05-09 21:10:48,MA401C2300,MA401C2300,177.0,0.0,0.0,0.0,7,169.0,171.0,40,177.0,166.0,0.0,0.0,0.0,0.0,24
2023-05-09 21:10:49,MA401C2300,MA401C2300,177.0,0.0,0.0,0.0,7,169.0,171.0,30,177.0,166.0,0.0,0.0,0.0,0.0,24
2023-05-09 21:10:49,MA401C2300,MA401C2300,177.0,0.0,0.0,0.0,27,169.0,171.0,10,177.0,166.0,0.0,0.0,0.0,0.0,24
2023-05-09 21:11:11,MA401C2300,MA401C2300,177.0,0.0,0.0,0.0,7,169.5,171.5,50,177.0,166.0,0.0,0.0,0.0,0.0,24
2023-05-09 21:11:11,MA401C2300,MA401C2300,177.0,0.0,0.0,0.0,7,169.5,171.5,20,177.0,166.0,0.0,0.0,0.0,0.0,24
2023-05-09 21:11:23,MA401C2300,MA401C2300,177.0,0.0,0.0,0.0,17,169.5,171.5,20,177.0,166.0,0.0,0.0,0.0,0.0,24
2023-05-09 21:11:27,MA401C2300,MA401C2300,177.0,0.0,0.0,0.0,7,170.0,171.5,20,177.0,166.0,0.0,0.0,0.0,0.0,24
2023-05-09 21:11:29,MA401C2300,MA401C2300,177.0,0.0,0.0,0.0,7,170.0,171.5,30,177.0,166.0,0.0,0.0,0.0,0.0,24
2023-05-09 21:11:32,MA401C2300,MA401C2300,177.0,0.0,0.0,0.0,7,170.0,171.5,40,177.0,166.0,0.0,0.0,0.0,0.0,24
2023-05-09 21:11:33,MA401C2300,MA401C2300,177.0,0.0,0.0,0.0,7,169.5,171.0,20,177.0,166.0,0.0,0.0,0.0,0.0,24
2023-05-09 21:11:34,MA401C2300,MA401C2300,177.0,0.0,0.0,0.0,7,169.5,171.0,30,177.0,166.0,0.0,0.0,0.0,0.0,24
2023-05-09 21:11:36,MA401C2300,MA401C2300,177.0,0.0,0.0,0.0,7,169.5,171.5,40,177.0,166.0,0.0,0.0,0.0,0.0,24
2023-05-09 21:11:42,MA401C2300,MA401C2300,177.0,0.0,0.0,0.0,7,169.5,171.0,10,177.0,166.0,0.0,0.0,0.0,0.0,24
2023-05-09 21:11:42,MA401C2300,MA401C2300,177.0,0.0,0.0,0.0,7,169.5,171.0,20,177.0,166.0,0.0,0.0,0.0,0.0,24
2023-05-09 21:11:55,MA401C2300,MA401C2300,177.0,0.0,0.0,0.0,7,169.5,171.0,30,177.0,166.0,0.0,0.0,0.0,0.0,24
2023-05-09 21:11:55,MA401C2300,MA401C2300,177.0,0.0,0.0,0.0,7,169.5,171.5,60,177.0,166.0,0.0,0.0,0.0,0.0,24
2023-05-09 21:11:56,MA401C2300,MA401C2300,177.0,0.0,0.0,0.0,7,169.5,171.0,20,177.0,166.0,0.0,0.0,0.0,0.0,24
2023-05-09 21:11:56,MA401C2300,MA401C2300,177.0,0.0,0.0,0.0,7,169.5,171.5,60,177.0,166.0,0.0,0.0,0.0,0.0,24
2023-05-09 21:11:56,MA401C2300,MA401C2300,177.0,0.0,0.0,0.0,7,169.5,171.5,40,177.0,166.0,0.0,0.0,0.0,0.0,24
2023-05-09 21:11:58,MA401C2300,MA401C2300,177.0,0.0,0.0,0.0,17,169.5,171.5,30,177.0,166.0,0.0,0.0,0.0,0.0,24
2023-05-09 21:11:59,MA401C2300,MA401C2300,177.0,0.0,0.0,0.0,27,169.5,171.5,30,177.0,166.0,0.0,0.0,0.0,0.0,24
2023-05-09 21:12:01,MA401C2300,MA401C2300,177.0,0.0,0.0,0.0,27,169.5,171.5,40,177.0,166.0,0.0,0.0,0.0,0.0,24
2023-05-09 21:12:01,MA401C2300,MA401C2300,177.0,0.0,0.0,0.0,7,169.5,171.5,40,177.0,166.0,0.0,0.0,0.0,0.0,24
2023-05-09 21:12:04,MA401C2300,MA401C2300,177.0,0.0,0.0,0.0,7,169.5,171.0,20,177.0,166.0,0.0,0.0,0.0,0.0,24
2023-05-09 21:12:10,MA401C2300,MA401C2300,177.0,0.0,0.0,0.0,7,169.5,171.0,30,177.0,166.0,0.0,0.0,0.0,0.0,24
2023-05-09 21:12:11,MA401C2300,MA401C2300,177.0,0.0,0.0,0.0,57,168.5,171.0,30,177.0,166.0,0.0,0.0,0.0,0.0,24
2023-05-09 21:12:21,MA401C2300,MA401C2300,177.0,0.0,0.0,0.0,57,168.5,170.5,10,177.0,166.0,0.0,0.0,0.0,0.0,24
2023-05-09 21:12:22,MA401C2300,MA401C2300,177.0,0.0,0.0,0.0,57,168.5,171.0,30,177.0,166.0,0.0,0.0,0.0,0.0,24
2023-05-09 21:12:29,MA401C2300,MA401C2300,177.0,0.0,0.0,0.0,67,168.5,171.0,20,177.0,166.0,0.0,0.0,0.0,0.0,24
2023-05-09 21:12:30,MA401C2300,MA401C2300,177.0,0.0,0.0,0.0,57,168.5,171.0,30,177.0,166.0,0.0,0.0,0.0,0.0,24
2023-05-09 21:12:42,MA401C2300,MA401C2300,177.0,0.0,0.0,0.0,47,168.5,170.5,10,177.0,166.0,0.0,0.0,0.0,0.0,24
2023-05-09 21:12:42,MA401C2300,MA401C2300,177.0,0.0,0.0,0.0,27,168.5,170.5,10,177.0,166.0,0.0,0.0,0.0,0.0,24
2023-05-09 21:12:43,MA401C2300,MA401C2300,177.0,0.0,0.0,0.0,27,168.5,170.5,20,177.0,166.0,0.0,0.0,0.0,0.0,24
2023-05-09 21:12:54,MA401C2300,MA401C2300,177.0,0.0,0.0,0.0,27,168.5,170.5,10,177.0,166.0,0.0,0.0,0.0,0.0,24
2023-05-09 21:12:55,MA401C2300,MA401C2300,177.0,0.0,0.0,0.0,27,168.5,171.0,40,177.0,166.0,0.0,0.0,0.0,0.0,24
2023-05-09 21:13:04,MA401C2300,MA401C2300,177.0,0.0,0.0,0.0,7,168.5,170.5,40,177.0,166.0,0.0,0.0,0.0,0.0,24
2023-05-09 21:13:04,MA401C2300,MA401C2300,177.0,0.0,0.0,0.0,30,167.5,169.5,10,177.0,166.0,0.0,0.0,0.0,0.0,24
2023-05-09 21:13:04,MA401C2300,MA401C2300,177.0,0.0,0.0,0.0,20,167.5,169.5,10,177.0,166.0,0.0,0.0,0.0,0.0,24
2023-05-09 21:13:06,MA401C2300,MA401C2300,177.0,0.0,0.0,0.0,7,168.0,170.0,40,177.0,166.0,0.0,0.0,0.0,0.0,24
2023-05-09 21:13:07,MA401C2300,MA401C2300,177.0,0.0,0.0,0.0,17,168.0,170.0,20,177.0,166.0,0.0,0.0,0.0,0.0,24
2023-05-09 21:13:07,MA401C2300,MA401C2300,177.0,0.0,0.0,0.0,27,168.0,170.0,20,177.0,166.0,0.0,0.0,0.0,0.0,24
2023-05-09 21:13:08,MA401C2300,MA401C2300,177.0,0.0,0.0,0.0,37,168.0,170.0,20,177.0,166.0,0.0,0.0,0.0,0.0,24
2023-05-09 21:13:09,MA401C2300,MA401C2300,177.0,0.0,0.0,0.0,37,168.0,170.5,30,177.0,166.0,0.0,0.0,0.0,0.0,24
2023-05-09 21:13:09,MA401C2300,MA401C2300,177.0,0.0,0.0,0.0,17,168.0,170.0,30,177.0,166.0,0.0,0.0,0.0,0.0,24
2023-05-09 21:13:09,MA401C2300,MA401C2300,177.0,0.0,0.0,0.0,7,168.0,170.0,30,177.0,166.0,0.0,0.0,0.0,0.0,24
2023-05-09 21:13:16,MA401C2300,MA401C2300,177.0,0.0,0.0,0.0,7,168.0,169.5,20,177.0,166.0,0.0,0.0,0.0,0.0,24
2023-05-09 21:13:16,MA401C2300,MA401C2300,177.0,0.0,0.0,0.0,7,168.0,169.5,30,177.0,166.0,0.0,0.0,0.0,0.0,24
2023-05-09 21:13:18,MA401C2300,MA401C2300,177.0,0.0,0.0,0.0,7,168.0,170.0,40,177.0,166.0,0.0,0.0,0.0,0.0,24
2023-05-09 21:13:25,MA401C2300,MA401C2300,177.0,0.0,0.0,0.0,20,168.5,170.0,10,177.0,166.0,0.0,0.0,0.0,0.0,24
2023-05-09 21:13:25,MA401C2300,MA401C2300,177.0,0.0,0.0,0.0,20,168.5,170.5,40,177.0,166.0,0.0,0.0,0.0,0.0,24
2023-05-09 21:13:26,MA401C2300,MA401C2300,177.0,0.0,0.0,0.0,47,168.0,170.5,30,177.0,166.0,0.0,0.0,0.0,0.0,24
2023-05-09 21:13:26,MA401C2300,MA401C2300,177.0,0.0,0.0,0.0,37,168.0,170.5,30,177.0,166.0,0.0,0.0,0.0,0.0,24
2023-05-09 21:13:27,MA401C2300,MA401C2300,177.0,0.0,0.0,0.0,30,168.5,171.0,57,177.0,166.0,0.0,0.0,0.0,0.0,24
2023-05-09 21:13:27,MA401C2300,MA401C2300,177.0,0.0,0.0,0.0,20,168.5,171.0,37,177.0,166.0,0.0,0.0,0.0,0.0,24
2023-05-09 21:13:28,MA401C2300,MA401C2300,177.0,0.0,0.0,0.0,10,169.5,171.0,7,177.0,166.0,0.0,0.0,0.0,0.0,24
2023-05-09 21:13:28,MA401C2300,MA401C2300,177.0,0.0,0.0,0.0,10,169.5,171.5,27,177.0,166.0,0.0,0.0,0.0,0.0,24
2023-05-09 21:13:29,MA401C2300,MA401C2300,177.0,0.0,0.0,0.0,10,169.5,171.5,37,177.0,166.0,0.0,0.0,0.0,0.0,24
2023-05-09 21:13:29,MA401C2300,MA401C2300,177.0,0.0,0.0,0.0,20,169.5,171.5,27,177.0,166.0,0.0,0.0,0.0,0.0,24
2023-05-09 21:13:31,MA401C2300,MA401C2300,177.0,0.0,0.0,0.0,10,169.5,171.5,27,177.0,166.0,0.0,0.0,0.0,0.0,24
2023-05-09 21:13:31,MA401C2300,MA401C2300,177.0,0.0,0.0,0.0,37,169.0,171.5,37,177.0,166.0,0.0,0.0,0.0,0.0,24
2023-05-09 21:13:34,MA401C2300,MA401C2300,177.0,0.0,0.0,0.0,37,169.0,171.0,10,177.0,166.0,0.0,0.0,0.0,0.0,24
2023-05-09 21:13:39,MA401C2300,MA401C2300,177.0,0.0,0.0,0.0,37,169.0,171.5,37,177.0,166.0,0.0,0.0,0.0,0.0,24
2023-05-09 21:13:52,MA401C2300,MA401C2300,177.0,0.0,0.0,0.0,7,169.5,171.5,37,177.0,166.0,0.0,0.0,0.0,0.0,24
2023-05-09 21:13:55,MA401C2300,MA401C2300,177.0,0.0,0.0,0.0,7,169.5,171.5,27,177.0,166.0,0.0,0.0,0.0,0.0,24
2023-05-09 21:13:56,MA401C2300,MA401C2300,177.0,0.0,0.0,0.0,7,169.5,171.5,37,177.0,166.0,0.0,0.0,0.0,0.0,24
2023-05-09 21:14:00,MA401C2300,MA401C2300,177.0,0.0,0.0,0.0,37,169.5,171.5,7,177.0,166.0,0.0,0.0,0.0,0.0,24
2023-05-09 21:14:00,MA401C2300,MA401C2300,177.0,0.0,0.0,0.0,27,169.5,171.5,17,177.0,166.0,0.0,0.0,0.0,0.0,24
2023-05-09 21:14:01,MA401C2300,MA401C2300,177.0,0.0,0.0,0.0,27,169.5,171.5,27,177.0,166.0,0.0,0.0,0.0,0.0,24
2023-05-09 21:14:01,MA401C2300,MA401C2300,177.0,0.0,0.0,0.0,27,169.5,171.5,37,177.0,166.0,0.0,0.0,0.0,0.0,24
2023-05-09 21:14:02,MA401C2300,MA401C2300,177.0,0.0,0.0,0.0,27,169.5,171.5,27,177.0,166.0,0.0,0.0,0.0,0.0,24
2023-05-09 21:14:04,MA401C2300,MA401C2300,177.0,0.0,0.0,0.0,37,169.5,171.5,17,177.0,166.0,0.0,0.0,0.0,0.0,24
2023-05-09 21:14:05,MA401C2300,MA401C2300,177.0,0.0,0.0,0.0,37,169.5,172.0,60,177.0,166.0,0.0,0.0,0.0,0.0,24
2023-05-09 21:14:07,MA401C2300,MA401C2300,177.0,0.0,0.0,0.0,47,169.5,172.0,50,177.0,166.0,0.0,0.0,0.0,0.0,24
2023-05-09 21:14:09,MA401C2300,MA401C2300,177.0,0.0,0.0,0.0,47,169.5,172.0,40,177.0,166.0,0.0,0.0,0.0,0.0,24
2023-05-09 21:14:09,MA401C2300,MA401C2300,177.0,0.0,0.0,0.0,47,169.5,172.0,30,177.0,166.0,0.0,0.0,0.0,0.0,24
2023-05-09 21:14:10,MA401C2300,MA401C2300,177.0,0.0,0.0,0.0,27,170.0,172.0,30,177.0,166.0,0.0,0.0,0.0,0.0,24
2023-05-09 21:14:11,MA401C2300,MA401C2300,177.0,0.0,0.0,0.0,7,170.0,172.0,30,177.0,166.0,0.0,0.0,0.0,0.0,24
2023-05-09 21:14:13,MA401C2300,MA401C2300,177.0,0.0,0.0,0.0,17,170.0,172.0,20,177.0,166.0,0.0,0.0,0.0,0.0,24
2023-05-09 21:14:13,MA401C2300,MA401C2300,177.0,0.0,0.0,0.0,7,170.0,172.0,20,177.0,166.0,0.0,0.0,0.0,0.0,24
2023-05-09 21:14:18,MA401C2300,MA401C2300,177.0,0.0,0.0,0.0,7,170.0,172.0,30,177.0,166.0,0.0,0.0,0.0,0.0,24
2023-05-09 21:14:20,MA401C2300,MA401C2300,177.0,0.0,0.0,0.0,17,170.0,172.0,20,177.0,166.0,0.0,0.0,0.0,0.0,24
2023-05-09 21:14:20,MA401C2300,MA401C2300,177.0,0.0,0.0,0.0,27,170.0,172.0,10,177.0,166.0,0.0,0.0,0.0,0.0,24
2023-05-09 21:14:25,MA401C2300,MA401C2300,177.0,0.0,0.0,0.0,7,170.0,172.0,40,177.0,166.0,0.0,0.0,0.0,0.0,24
2023-05-09 21:14:26,MA401C2300,MA401C2300,177.0,0.0,0.0,0.0,7,170.0,171.5,10,177.0,166.0,0.0,0.0,0.0,0.0,24
2023-05-09 21:14:26,MA401C2300,MA401C2300,177.0,0.0,0.0,0.0,7,170.0,171.5,20,177.0,166.0,0.0,0.0,0.0,0.0,24
2023-05-09 21:14:27,MA401C2300,MA401C2300,177.0,0.0,0.0,0.0,17,170.0,172.0,50,177.0,166.0,0.0,0.0,0.0,0.0,24
2023-05-09 21:14:28,MA401C2300,MA401C2300,177.0,0.0,0.0,0.0,27,170.0,172.0,30,177.0,166.0,0.0,0.0,0.0,0.0,24
2023-05-09 21:14:28,MA401C2300,MA401C2300,177.0,0.0,0.0,0.0,27,170.0,172.0,20,177.0,166.0,0.0,0.0,0.0,0.0,24
2023-05-09 21:14:32,MA401C2300,MA401C2300,177.0,0.0,0.0,0.0,37,170.0,172.0,20,177.0,166.0,0.0,0.0,0.0,0.0,24
2023-05-09 21:14:42,MA401C2300,MA401C2300,177.0,0.0,0.0,0.0,27,170.0,172.0,20,177.0,166.0,0.0,0.0,0.0,0.0,24
2023-05-09 21:14:45,MA401C2300,MA401C2300,177.0,0.0,0.0,0.0,37,170.0,172.0,20,177.0,166.0,0.0,0.0,0.0,0.0,24
2023-05-09 21:14:48,MA401C2300,MA401C2300,177.0,0.0,0.0,0.0,47,170.0,172.0,20,177.0,166.0,0.0,0.0,0.0,0.0,24
2023-05-09 21:15:00,MA401C2300,MA401C2300,177.0,0.0,0.0,0.0,27,170.0,172.0,20,177.0,166.0,0.0,0.0,0.0,0.0,24
2023-05-09 21:15:01,MA401C2300,MA401C2300,177.0,0.0,0.0,0.0,37,170.0,172.0,20,177.0,166.0,0.0,0.0,0.0,0.0,24
2023-05-09 21:15:02,MA401C2300,MA401C2300,177.0,0.0,0.0,0.0,47,170.0,172.5,30,177.0,166.0,0.0,0.0,0.0,0.0,24
2023-05-09 21:15:03,MA401C2300,MA401C2300,177.0,0.0,0.0,0.0,7,170.5,172.5,30,177.0,166.0,0.0,0.0,0.0,0.0,24
2023-05-09 21:15:06,MA401C2300,MA401C2300,177.0,0.0,0.0,0.0,10,171.0,173.0,27,177.0,166.0,0.0,0.0,0.0,0.0,24
2023-05-09 21:15:06,MA401C2300,MA401C2300,177.0,0.0,0.0,0.0,10,171.0,173.5,50,177.0,166.0,0.0,0.0,0.0,0.0,24
2023-05-09 21:15:07,MA401C2300,MA401C2300,177.0,0.0,0.0,0.0,10,171.0,173.5,40,177.0,166.0,0.0,0.0,0.0,0.0,24
2023-05-09 21:15:08,MA401C2300,MA401C2300,177.0,0.0,0.0,0.0,20,171.0,173.5,40,177.0,166.0,0.0,0.0,0.0,0.0,24
2023-05-09 21:15:09,MA401C2300,MA401C2300,177.0,0.0,0.0,0.0,20,171.0,173.5,50,177.0,166.0,0.0,0.0,0.0,0.0,24
2023-05-09 21:15:09,MA401C2300,MA401C2300,177.0,0.0,0.0,0.0,27,171.0,173.5,50,177.0,166.0,0.0,0.0,0.0,0.0,24
2023-05-09 21:15:19,MA401C2300,MA401C2300,177.0,0.0,0.0,0.0,37,171.0,173.5,40,177.0,166.0,0.0,0.0,0.0,0.0,24
2023-05-09 21:15:21,MA401C2300,MA401C2300,177.0,0.0,0.0,0.0,7,171.5,173.5,40,177.0,166.0,0.0,0.0,0.0,0.0,24
2023-05-09 21:15:26,MA401C2300,MA401C2300,177.0,0.0,0.0,0.0,17,171.5,173.5,10,177.0,166.0,0.0,0.0,0.0,0.0,24
2023-05-09 21:15:27,MA401C2300,MA401C2300,177.0,0.0,0.0,0.0,37,171.5,174.0,47,177.0,166.0,0.0,0.0,0.0,0.0,24
2023-05-09 21:15:30,MA401C2300,MA401C2300,177.0,0.0,0.0,0.0,7,172.0,174.0,47,177.0,166.0,0.0,0.0,0.0,0.0,24
2023-05-09 21:15:31,MA401C2300,MA401C2300,177.0,0.0,0.0,0.0,17,172.0,174.0,37,177.0,166.0,0.0,0.0,0.0,0.0,24
2023-05-09 21:15:32,MA401C2300,MA401C2300,177.0,0.0,0.0,0.0,27,172.0,174.0,37,177.0,166.0,0.0,0.0,0.0,0.0,24
2023-05-09 21:15:33,MA401C2300,MA401C2300,177.0,0.0,0.0,0.0,37,172.0,174.0,27,177.0,166.0,0.0,0.0,0.0,0.0,24
2023-05-09 21:15:33,MA401C2300,MA401C2300,177.0,0.0,0.0,0.0,37,172.0,174.0,20,177.0,166.0,0.0,0.0,0.0,0.0,24
2023-05-09 21:15:34,MA401C2300,MA401C2300,177.0,0.0,0.0,0.0,47,172.0,174.0,10,177.0,166.0,0.0,0.0,0.0,0.0,24
2023-05-09 21:15:35,MA401C2300,MA401C2300,177.0,0.0,0.0,0.0,37,172.0,174.0,10,177.0,166.0,0.0,0.0,0.0,0.0,24
2023-05-09 21:15:35,MA401C2300,MA401C2300,177.0,0.0,0.0,0.0,17,172.0,174.0,10,177.0,166.0,0.0,0.0,0.0,0.0,24
2023-05-09 21:15:36,MA401C2300,MA401C2300,177.0,0.0,0.0,0.0,37,172.0,174.0,10,177.0,166.0,0.0,0.0,0.0,0.0,24
2023-05-09 21:15:37,MA401C2300,MA401C2300,177.0,0.0,0.0,0.0,47,172.0,174.0,10,177.0,166.0,0.0,0.0,0.0,0.0,24
2023-05-09 21:15:37,MA401C2300,MA401C2300,177.0,0.0,0.0,0.0,47,172.0,174.5,20,177.0,166.0,0.0,0.0,0.0,0.0,24
2023-05-09 21:15:43,MA401C2300,MA401C2300,177.0,0.0,0.0,0.0,7,172.5,174.5,20,177.0,166.0,0.0,0.0,0.0,0.0,24
2023-05-09 21:15:44,MA401C2300,MA401C2300,177.0,0.0,0.0,0.0,27,172.5,174.5,20,177.0,166.0,0.0,0.0,0.0,0.0,24
2023-05-09 21:15:46,MA401C2300,MA401C2300,177.0,0.0,0.0,0.0,17,172.5,174.5,40,177.0,166.0,0.0,0.0,0.0,0.0,24
2023-05-09 21:15:47,MA401C2300,MA401C2300,177.0,0.0,0.0,0.0,27,172.5,174.5,30,177.0,166.0,0.0,0.0,0.0,0.0,24
2023-05-09 21:15:48,MA401C2300,MA401C2300,177.0,0.0,0.0,0.0,17,172.5,174.5,30,177.0,166.0,0.0,0.0,0.0,0.0,24
2023-05-09 21:15:48,MA401C2300,MA401C2300,177.0,0.0,0.0,0.0,27,172.5,174.5,20,177.0,166.0,0.0,0.0,0.0,0.0,24
2023-05-09 21:15:51,MA401C2300,MA401C2300,177.0,0.0,0.0,0.0,17,172.5,174.5,20,177.0,166.0,0.0,0.0,0.0,0.0,24
2023-05-09 21:15:55,MA401C2300,MA401C2300,177.0,0.0,0.0,0.0,37,172.5,174.5,10,177.0,166.0,0.0,0.0,0.0,0.0,24
2023-05-09 21:15:55,MA401C2300,MA401C2300,177.0,0.0,0.0,0.0,37,172.5,175.0,77,177.0,166.0,0.0,0.0,0.0,0.0,24
2023-05-09 21:15:56,MA401C2300,MA401C2300,177.0,0.0,0.0,0.0,37,172.5,175.0,67,177.0,166.0,0.0,0.0,0.0,0.0,24
2023-05-09 21:15:57,MA401C2300,MA401C2300,177.0,0.0,0.0,0.0,57,172.5,175.0,47,177.0,166.0,0.0,0.0,0.0,0.0,24
2023-05-09 21:15:59,MA401C2300,MA401C2300,177.0,0.0,0.0,0.0,57,172.5,175.0,37,177.0,166.0,0.0,0.0,0.0,0.0,24
2023-05-09 21:15:59,MA401C2300,MA401C2300,177.0,0.0,0.0,0.0,37,172.5,175.0,47,177.0,166.0,0.0,0.0,0.0,0.0,24
2023-05-09 21:16:00,MA401C2300,MA401C2300,177.0,0.0,0.0,0.0,37,172.5,175.0,57,177.0,166.0,0.0,0.0,0.0,0.0,24
2023-05-09 21:16:02,MA401C2300,MA401C2300,177.0,0.0,0.0,0.0,17,172.5,174.5,30,177.0,166.0,0.0,0.0,0.0,0.0,24
2023-05-09 21:16:03,MA401C2300,MA401C2300,177.0,0.0,0.0,0.0,7,172.5,174.0,10,177.0,166.0,0.0,0.0,0.0,0.0,24
2023-05-09 21:16:06,MA401C2300,MA401C2300,177.0,0.0,0.0,0.0,7,172.5,174.5,30,177.0,166.0,0.0,0.0,0.0,0.0,24
2023-05-09 21:16:12,MA401C2300,MA401C2300,177.0,0.0,0.0,0.0,7,172.5,174.0,30,177.0,166.0,0.0,0.0,0.0,0.0,24
2023-05-09 21:16:13,MA401C2300,MA401C2300,177.0,0.0,0.0,0.0,7,172.5,174.0,20,177.0,166.0,0.0,0.0,0.0,0.0,24
2023-05-09 21:16:13,MA401C2300,MA401C2300,177.0,0.0,0.0,0.0,7,172.5,174.0,10,177.0,166.0,0.0,0.0,0.0,0.0,24
2023-05-09 21:16:14,MA401C2300,MA401C2300,177.0,0.0,0.0,0.0,7,172.5,174.0,20,177.0,166.0,0.0,0.0,0.0,0.0,24
2023-05-09 21:16:16,MA401C2300,MA401C2300,177.0,0.0,0.0,0.0,27,172.5,174.5,20,177.0,166.0,0.0,0.0,0.0,0.0,24
2023-05-09 21:16:16,MA401C2300,MA401C2300,177.0,0.0,0.0,0.0,27,172.5,174.5,10,177.0,166.0,0.0,0.0,0.0,0.0,24
2023-05-09 21:16:17,MA401C2300,MA401C2300,177.0,0.0,0.0,0.0,27,172.5,174.5,20,177.0,166.0,0.0,0.0,0.0,0.0,24
2023-05-09 21:16:18,MA401C2300,MA401C2300,177.0,0.0,0.0,0.0,7,172.5,174.5,30,177.0,166.0,0.0,0.0,0.0,0.0,24
2023-05-09 21:16:18,MA401C2300,MA401C2300,177.0,0.0,0.0,0.0,17,172.5,174.5,20,177.0,166.0,0.0,0.0,0.0,0.0,24
2023-05-09 21:16:19,MA401C2300,MA401C2300,177.0,0.0,0.0,0.0,17,172.5,174.5,30,177.0,166.0,0.0,0.0,0.0,0.0,24
2023-05-09 21:16:20,MA401C2300,MA401C2300,177.0,0.0,0.0,0.0,7,172.5,174.5,30,177.0,166.0,0.0,0.0,0.0,0.0,24
2023-05-09 21:16:22,MA401C2300,MA401C2300,177.0,0.0,0.0,0.0,7,172.5,174.0,20,177.0,166.0,0.0,0.0,0.0,0.0,24
2023-05-09 21:16:26,MA401C2300,MA401C2300,177.0,0.0,0.0,0.0,7,172.5,174.0,10,177.0,166.0,0.0,0.0,0.0,0.0,24
2023-05-09 21:16:42,MA401C2300,MA401C2300,177.0,0.0,0.0,0.0,7,172.5,174.5,20,177.0,166.0,0.0,0.0,0.0,0.0,24
2023-05-09 21:17:03,MA401C2300,MA401C2300,177.0,0.0,0.0,0.0,27,172.0,174.0,20,177.0,166.0,0.0,0.0,0.0,0.0,24
2023-05-09 21:17:03,MA401C2300,MA401C2300,177.0,0.0,0.0,0.0,7,172.0,174.0,40,177.0,166.0,0.0,0.0,0.0,0.0,24
2023-05-09 21:17:05,MA401C2300,MA401C2300,177.0,0.0,0.0,0.0,7,172.0,174.0,50,177.0,166.0,0.0,0.0,0.0,0.0,24
2023-05-09 21:17:06,MA401C2300,MA401C2300,177.0,0.0,0.0,0.0,7,172.0,174.0,60,177.0,166.0,0.0,0.0,0.0,0.0,24
2023-05-09 21:17:06,MA401C2300,MA401C2300,177.0,0.0,0.0,0.0,7,172.0,174.0,50,177.0,166.0,0.0,0.0,0.0,0.0,24
2023-05-09 21:17:10,MA401C2300,MA401C2300,177.0,0.0,0.0,0.0,27,172.0,174.0,10,177.0,166.0,0.0,0.0,0.0,0.0,24
2023-05-09 21:17:10,MA401C2300,MA401C2300,177.0,0.0,0.0,0.0,37,172.0,174.5,40,177.0,166.0,0.0,0.0,0.0,0.0,24
2023-05-09 21:17:11,MA401C2300,MA401C2300,177.0,0.0,0.0,0.0,37,172.0,174.5,30,177.0,166.0,0.0,0.0,0.0,0.0,24
2023-05-09 21:17:12,MA401C2300,MA401C2300,177.0,0.0,0.0,0.0,37,172.0,174.0,10,177.0,166.0,0.0,0.0,0.0,0.0,24
2023-05-09 21:17:15,MA401C2300,MA401C2300,177.0,0.0,0.0,0.0,37,172.0,174.5,30,177.0,166.0,0.0,0.0,0.0,0.0,24
2023-05-09 21:17:15,MA401C2300,MA401C2300,177.0,0.0,0.0,0.0,37,172.0,174.0,10,177.0,166.0,0.0,0.0,0.0,0.0,24
2023-05-09 21:17:16,MA401C2300,MA401C2300,177.0,0.0,0.0,0.0,37,172.0,174.5,30,177.0,166.0,0.0,0.0,0.0,0.0,24
2023-05-09 21:17:27,MA401C2300,MA401C2300,177.0,0.0,0.0,0.0,37,172.0,174.5,20,177.0,166.0,0.0,0.0,0.0,0.0,24
2023-05-09 21:17:29,MA401C2300,MA401C2300,177.0,0.0,0.0,0.0,57,172.0,174.5,20,177.0,166.0,0.0,0.0,0.0,0.0,24
2023-05-09 21:17:30,MA401C2300,MA401C2300,177.0,0.0,0.0,0.0,7,172.5,174.5,10,177.0,166.0,0.0,0.0,0.0,0.0,24
2023-05-09 21:17:31,MA401C2300,MA401C2300,177.0,0.0,0.0,0.0,7,172.5,174.5,20,177.0,166.0,0.0,0.0,0.0,0.0,24
2023-05-09 21:17:31,MA401C2300,MA401C2300,177.0,0.0,0.0,0.0,7,172.5,174.5,30,177.0,166.0,0.0,0.0,0.0,0.0,24
2023-05-09 21:17:32,MA401C2300,MA401C2300,177.0,0.0,0.0,0.0,7,172.5,174.0,30,177.0,166.0,0.0,0.0,0.0,0.0,24
2023-05-09 21:17:34,MA401C2300,MA401C2300,177.0,0.0,0.0,0.0,7,172.5,174.0,10,177.0,166.0,0.0,0.0,0.0,0.0,24
2023-05-09 21:17:34,MA401C2300,MA401C2300,177.0,0.0,0.0,0.0,7,172.5,174.5,40,177.0,166.0,0.0,0.0,0.0,0.0,24
2023-05-09 21:17:40,MA401C2300,MA401C2300,177.0,0.0,0.0,0.0,7,172.5,174.5,30,177.0,166.0,0.0,0.0,0.0,0.0,24
2023-05-09 21:18:00,MA401C2300,MA401C2300,177.0,0.0,0.0,0.0,7,172.5,174.0,20,177.0,166.0,0.0,0.0,0.0,0.0,24
2023-05-09 21:18:07,MA401C2300,MA401C2300,177.0,0.0,0.0,0.0,27,172.0,174.0,20,177.0,166.0,0.0,0.0,0.0,0.0,24
2023-05-09 21:18:07,MA401C2300,MA401C2300,177.0,0.0,0.0,0.0,17,172.0,174.0,20,177.0,166.0,0.0,0.0,0.0,0.0,24
2023-05-09 21:18:13,MA401C2300,MA401C2300,177.0,0.0,0.0,0.0,17,172.0,174.0,30,177.0,166.0,0.0,0.0,0.0,0.0,24
2023-05-09 21:18:15,MA401C2300,MA401C2300,177.0,0.0,0.0,0.0,17,172.0,174.0,40,177.0,166.0,0.0,0.0,0.0,0.0,24
2023-05-09 21:18:18,MA401C2300,MA401C2300,177.0,0.0,0.0,0.0,37,172.0,174.0,30,177.0,166.0,0.0,0.0,0.0,0.0,24
2023-05-09 21:18:19,MA401C2300,MA401C2300,177.0,0.0,0.0,0.0,37,172.0,174.0,40,177.0,166.0,0.0,0.0,0.0,0.0,24
2023-05-09 21:18:24,MA401C2300,MA401C2300,177.0,0.0,0.0,0.0,27,172.0,174.0,40,177.0,166.0,0.0,0.0,0.0,0.0,24
2023-05-09 21:18:24,MA401C2300,MA401C2300,177.0,0.0,0.0,0.0,7,172.0,174.0,40,177.0,166.0,0.0,0.0,0.0,0.0,24
2023-05-09 21:18:24,MA401C2300,MA401C2300,177.0,0.0,0.0,0.0,27,172.0,174.0,40,177.0,166.0,0.0,0.0,0.0,0.0,24
2023-05-09 21:18:24,MA401C2300,MA401C2300,177.0,0.0,0.0,0.0,7,172.0,174.0,40,177.0,166.0,0.0,0.0,0.0,0.0,24
2023-05-09 21:18:36,MA401C2300,MA401C2300,177.0,0.0,0.0,0.0,7,172.0,174.0,30,177.0,166.0,0.0,0.0,0.0,0.0,24
2023-05-09 21:18:42,MA401C2300,MA401C2300,177.0,0.0,0.0,0.0,7,172.0,174.0,40,177.0,166.0,0.0,0.0,0.0,0.0,24
2023-05-09 21:18:50,MA401C2300,MA401C2300,177.0,0.0,0.0,0.0,7,172.0,174.0,30,177.0,166.0,0.0,0.0,0.0,0.0,24
2023-05-09 21:18:57,MA401C2300,MA401C2300,177.0,0.0,0.0,0.0,7,172.0,174.0,40,177.0,166.0,0.0,0.0,0.0,0.0,24
2023-05-09 21:19:00,MA401C2300,MA401C2300,177.0,0.0,0.0,0.0,7,172.0,174.0,50,177.0,166.0,0.0,0.0,0.0,0.0,24
2023-05-09 21:19:01,MA401C2300,MA401C2300,177.0,0.0,0.0,0.0,7,172.0,174.0,60,177.0,166.0,0.0,0.0,0.0,0.0,24
2023-05-09 21:19:02,MA401C2300,MA401C2300,177.0,0.0,0.0,0.0,7,172.0,174.0,50,177.0,166.0,0.0,0.0,0.0,0.0,24
2023-05-09 21:19:05,MA401C2300,MA401C2300,177.0,0.0,0.0,0.0,7,172.0,174.0,40,177.0,166.0,0.0,0.0,0.0,0.0,24
2023-05-09 21:19:07,MA401C2300,MA401C2300,177.0,0.0,0.0,0.0,7,172.0,174.0,50,177.0,166.0,0.0,0.0,0.0,0.0,24
2023-05-09 21:19:08,MA401C2300,MA401C2300,177.0,0.0,0.0,0.0,7,172.0,174.0,60,177.0,166.0,0.0,0.0,0.0,0.0,24
2023-05-09 21:19:16,MA401C2300,MA401C2300,177.0,0.0,0.0,0.0,10,171.5,173.5,10,177.0,166.0,0.0,0.0,0.0,0.0,24
2023-05-09 21:19:16,MA401C2300,MA401C2300,177.0,0.0,0.0,0.0,10,172.0,173.5,10,177.0,166.0,0.0,0.0,0.0,0.0,24
2023-05-09 21:19:17,MA401C2300,MA401C2300,177.0,0.0,0.0,0.0,20,172.0,174.0,30,177.0,166.0,0.0,0.0,0.0,0.0,24
2023-05-09 21:19:20,MA401C2300,MA401C2300,177.0,0.0,0.0,0.0,10,172.0,174.0,50,177.0,166.0,0.0,0.0,0.0,0.0,24
2023-05-09 21:19:21,MA401C2300,MA401C2300,177.0,0.0,0.0,0.0,20,171.5,174.0,50,177.0,166.0,0.0,0.0,0.0,0.0,24
2023-05-09 21:19:22,MA401C2300,MA401C2300,177.0,0.0,0.0,0.0,20,171.5,173.5,20,177.0,166.0,0.0,0.0,0.0,0.0,24
2023-05-09 21:19:31,MA401C2300,MA401C2300,177.0,0.0,0.0,0.0,20,171.5,173.5,30,177.0,166.0,0.0,0.0,0.0,0.0,24
2023-05-09 21:19:32,MA401C2300,MA401C2300,177.0,0.0,0.0,0.0,20,171.5,173.5,20,177.0,166.0,0.0,0.0,0.0,0.0,24
2023-05-09 21:19:35,MA401C2300,MA401C2300,177.0,0.0,0.0,0.0,20,171.5,173.5,30,177.0,166.0,0.0,0.0,0.0,0.0,24
2023-05-09 21:19:38,MA401C2300,MA401C2300,177.0,0.0,0.0,0.0,10,171.5,173.5,20,177.0,166.0,0.0,0.0,0.0,0.0,24
2023-05-09 21:19:39,MA401C2300,MA401C2300,177.0,0.0,0.0,0.0,10,171.5,173.5,30,177.0,166.0,0.0,0.0,0.0,0.0,24
2023-05-09 21:19:47,MA401C2300,MA401C2300,177.0,0.0,0.0,0.0,10,171.5,173.5,20,177.0,166.0,0.0,0.0,0.0,0.0,24
2023-05-09 21:19:49,MA401C2300,MA401C2300,177.0,0.0,0.0,0.0,10,171.5,173.5,30,177.0,166.0,0.0,0.0,0.0,0.0,24
2023-05-09 21:19:49,MA401C2300,MA401C2300,177.0,0.0,0.0,0.0,37,171.0,173.5,40,177.0,166.0,0.0,0.0,0.0,0.0,24
2023-05-09 21:19:50,MA401C2300,MA401C2300,177.0,0.0,0.0,0.0,7,171.0,173.0,20,177.0,166.0,0.0,0.0,0.0,0.0,24
2023-05-09 21:19:50,MA401C2300,MA401C2300,177.0,0.0,0.0,0.0,7,171.0,172.5,10,177.0,166.0,0.0,0.0,0.0,0.0,24
2023-05-09 21:19:56,MA401C2300,MA401C2300,177.0,0.0,0.0,0.0,20,170.5,172.5,30,177.0,166.0,0.0,0.0,0.0,0.0,24
2023-05-09 21:19:58,MA401C2300,MA401C2300,177.0,0.0,0.0,0.0,10,170.5,172.5,50,177.0,166.0,0.0,0.0,0.0,0.0,24
2023-05-09 21:19:59,MA401C2300,MA401C2300,177.0,0.0,0.0,0.0,20,170.5,172.5,50,177.0,166.0,0.0,0.0,0.0,0.0,24
2023-05-09 21:20:00,MA401C2300,MA401C2300,177.0,0.0,0.0,0.0,10,170.5,172.5,50,177.0,166.0,0.0,0.0,0.0,0.0,24
2023-05-09 21:20:00,MA401C2300,MA401C2300,177.0,0.0,0.0,0.0,10,170.5,172.0,10,177.0,166.0,0.0,0.0,0.0,0.0,24
2023-05-09 21:20:07,MA401C2300,MA401C2300,177.0,0.0,0.0,0.0,10,170.5,172.5,70,177.0,166.0,0.0,0.0,0.0,0.0,24
2023-05-09 21:20:08,MA401C2300,MA401C2300,177.0,0.0,0.0,0.0,20,170.5,172.5,20,177.0,166.0,0.0,0.0,0.0,0.0,24
2023-05-09 21:20:10,MA401C2300,MA401C2300,177.0,0.0,0.0,0.0,30,170.5,172.5,20,177.0,166.0,0.0,0.0,0.0,0.0,24
2023-05-09 21:20:21,MA401C2300,MA401C2300,177.0,0.0,0.0,0.0,20,170.5,172.5,20,177.0,166.0,0.0,0.0,0.0,0.0,24
2023-05-09 21:20:21,MA401C2300,MA401C2300,177.0,0.0,0.0,0.0,10,170.5,172.5,20,177.0,166.0,0.0,0.0,0.0,0.0,24
2023-05-09 21:20:22,MA401C2300,MA401C2300,177.0,0.0,0.0,0.0,20,170.5,172.5,20,177.0,166.0,0.0,0.0,0.0,0.0,24
2023-05-09 21:20:22,MA401C2300,MA401C2300,177.0,0.0,0.0,0.0,10,170.5,172.5,20,177.0,166.0,0.0,0.0,0.0,0.0,24
2023-05-09 21:20:33,MA401C2300,MA401C2300,177.0,0.0,0.0,0.0,10,170.5,172.5,30,177.0,166.0,0.0,0.0,0.0,0.0,24
2023-05-09 21:20:33,MA401C2300,MA401C2300,177.0,0.0,0.0,0.0,17,170.0,172.0,20,177.0,166.0,0.0,0.0,0.0,0.0,24
2023-05-09 21:20:34,MA401C2300,MA401C2300,177.0,0.0,0.0,0.0,17,170.0,172.0,10,177.0,166.0,0.0,0.0,0.0,0.0,24
2023-05-09 21:20:51,MA401C2300,MA401C2300,177.0,0.0,0.0,0.0,10,170.5,172.0,20,177.0,166.0,0.0,0.0,0.0,0.0,24
2023-05-09 21:20:52,MA401C2300,MA401C2300,177.0,0.0,0.0,0.0,20,170.5,172.5,30,177.0,166.0,0.0,0.0,0.0,0.0,24
2023-05-09 21:20:54,MA401C2300,MA401C2300,177.0,0.0,0.0,0.0,17,170.0,172.0,10,177.0,166.0,0.0,0.0,0.0,0.0,24
2023-05-09 21:21:00,MA401C2300,MA401C2300,177.0,0.0,0.0,0.0,17,170.0,172.0,20,177.0,166.0,0.0,0.0,0.0,0.0,24
2023-05-09 21:21:05,MA401C2300,MA401C2300,177.0,0.0,0.0,0.0,7,170.0,171.5,20,177.0,166.0,0.0,0.0,0.0,0.0,24
2023-05-09 21:21:05,MA401C2300,MA401C2300,177.0,0.0,0.0,0.0,7,170.0,171.5,30,177.0,166.0,0.0,0.0,0.0,0.0,24
2023-05-09 21:21:10,MA401C2300,MA401C2300,177.0,0.0,0.0,0.0,7,170.0,171.5,20,177.0,166.0,0.0,0.0,0.0,0.0,24
2023-05-09 21:21:37,MA401C2300,MA401C2300,177.0,0.0,0.0,0.0,7,170.0,171.5,10,177.0,166.0,0.0,0.0,0.0,0.0,24
2023-05-09 21:21:51,MA401C2300,MA401C2300,177.0,0.0,0.0,0.0,7,170.0,171.5,40,177.0,166.0,0.0,0.0,0.0,0.0,24
2023-05-09 21:21:52,MA401C2300,MA401C2300,177.0,0.0,0.0,0.0,7,170.0,171.5,30,177.0,166.0,0.0,0.0,0.0,0.0,24
2023-05-09 21:21:53,MA401C2300,MA401C2300,177.0,0.0,0.0,0.0,7,170.0,171.5,40,177.0,166.0,0.0,0.0,0.0,0.0,24
2023-05-09 21:22:03,MA401C2300,MA401C2300,177.0,0.0,0.0,0.0,7,170.0,171.5,20,177.0,166.0,0.0,0.0,0.0,0.0,24
2023-05-09 21:22:05,MA401C2300,MA401C2300,177.0,0.0,0.0,0.0,7,170.0,171.5,10,177.0,166.0,0.0,0.0,0.0,0.0,24
2023-05-09 21:22:09,MA401C2300,MA401C2300,177.0,0.0,0.0,0.0,7,170.0,171.5,20,177.0,166.0,0.0,0.0,0.0,0.0,24
2023-05-09 21:22:12,MA401C2300,MA401C2300,177.0,0.0,0.0,0.0,10,169.5,171.5,50,177.0,166.0,0.0,0.0,0.0,0.0,24
2023-05-09 21:22:13,MA401C2300,MA401C2300,177.0,0.0,0.0,0.0,10,169.0,171.0,10,177.0,166.0,0.0,0.0,0.0,0.0,24
2023-05-09 21:22:13,MA401C2300,MA401C2300,177.0,0.0,0.0,0.0,10,169.0,171.0,20,177.0,166.0,0.0,0.0,0.0,0.0,24
2023-05-09 21:22:15,MA401C2300,MA401C2300,177.0,0.0,0.0,0.0,10,169.0,171.5,60,177.0,166.0,0.0,0.0,0.0,0.0,24
2023-05-09 21:22:15,MA401C2300,MA401C2300,177.0,0.0,0.0,0.0,10,169.0,171.5,50,177.0,166.0,0.0,0.0,0.0,0.0,24
2023-05-09 21:22:17,MA401C2300,MA401C2300,177.0,0.0,0.0,0.0,20,169.0,171.0,10,177.0,166.0,0.0,0.0,0.0,0.0,24
2023-05-09 21:22:17,MA401C2300,MA401C2300,177.0,0.0,0.0,0.0,20,169.0,171.5,60,177.0,166.0,0.0,0.0,0.0,0.0,24
2023-05-09 21:22:18,MA401C2300,MA401C2300,177.0,0.0,0.0,0.0,20,169.0,171.5,50,177.0,166.0,0.0,0.0,0.0,0.0,24
2023-05-09 21:22:23,MA401C2300,MA401C2300,177.0,0.0,0.0,0.0,27,169.0,171.5,50,177.0,166.0,0.0,0.0,0.0,0.0,24
2023-05-09 21:22:24,MA401C2300,MA401C2300,177.0,0.0,0.0,0.0,37,169.0,171.5,40,177.0,166.0,0.0,0.0,0.0,0.0,24
2023-05-09 21:22:34,MA401C2300,MA401C2300,177.0,0.0,0.0,0.0,37,169.0,171.0,10,177.0,166.0,0.0,0.0,0.0,0.0,24
2023-05-09 21:22:34,MA401C2300,MA401C2300,177.0,0.0,0.0,0.0,37,169.0,171.0,20,177.0,166.0,0.0,0.0,0.0,0.0,24
2023-05-09 21:22:36,MA401C2300,MA401C2300,177.0,0.0,0.0,0.0,37,169.0,171.0,30,177.0,166.0,0.0,0.0,0.0,0.0,24
2023-05-09 21:22:43,MA401C2300,MA401C2300,177.0,0.0,0.0,0.0,37,169.0,171.0,20,177.0,166.0,0.0,0.0,0.0,0.0,24
2023-05-09 21:22:51,MA401C2300,MA401C2300,177.0,0.0,0.0,0.0,27,169.0,171.0,20,177.0,166.0,0.0,0.0,0.0,0.0,24
2023-05-09 21:23:00,MA401C2300,MA401C2300,177.0,0.0,0.0,0.0,27,169.0,171.0,30,177.0,166.0,0.0,0.0,0.0,0.0,24
2023-05-09 21:23:01,MA401C2300,MA401C2300,177.0,0.0,0.0,0.0,27,169.0,171.0,20,177.0,166.0,0.0,0.0,0.0,0.0,24
2023-05-09 21:23:07,MA401C2300,MA401C2300,177.0,0.0,0.0,0.0,17,169.0,171.0,40,177.0,166.0,0.0,0.0,0.0,0.0,24
2023-05-09 21:23:11,MA401C2300,MA401C2300,177.0,0.0,0.0,0.0,17,169.0,170.5,10,177.0,166.0,0.0,0.0,0.0,0.0,24
2023-05-09 21:23:11,MA401C2300,MA401C2300,177.0,0.0,0.0,0.0,17,169.0,170.5,20,177.0,166.0,0.0,0.0,0.0,0.0,24
2023-05-09 21:23:12,MA401C2300,MA401C2300,177.0,0.0,0.0,0.0,17,169.0,170.5,10,177.0,166.0,0.0,0.0,0.0,0.0,24
2023-05-09 21:23:13,MA401C2300,MA401C2300,177.0,0.0,0.0,0.0,17,169.0,171.0,50,177.0,166.0,0.0,0.0,0.0,0.0,24
2023-05-09 21:23:14,MA401C2300,MA401C2300,177.0,0.0,0.0,0.0,17,169.0,170.5,20,177.0,166.0,0.0,0.0,0.0,0.0,24
2023-05-09 21:23:19,MA401C2300,MA401C2300,177.0,0.0,0.0,0.0,7,169.0,170.5,20,177.0,166.0,0.0,0.0,0.0,0.0,24
2023-05-09 21:23:26,MA401C2300,MA401C2300,177.0,0.0,0.0,0.0,7,169.0,171.0,60,177.0,166.0,0.0,0.0,0.0,0.0,24
2023-05-09 21:23:27,MA401C2300,MA401C2300,177.0,0.0,0.0,0.0,7,169.0,170.5,10,177.0,166.0,0.0,0.0,0.0,0.0,24
2023-05-09 21:23:27,MA401C2300,MA401C2300,177.0,0.0,0.0,0.0,7,169.0,170.5,20,177.0,166.0,0.0,0.0,0.0,0.0,24
2023-05-09 21:23:32,MA401C2300,MA401C2300,177.0,0.0,0.0,0.0,7,169.0,170.5,10,177.0,166.0,0.0,0.0,0.0,0.0,24
2023-05-09 21:23:32,MA401C2300,MA401C2300,177.0,0.0,0.0,0.0,17,169.0,171.0,40,177.0,166.0,0.0,0.0,0.0,0.0,24
2023-05-09 21:23:33,MA401C2300,MA401C2300,177.0,0.0,0.0,0.0,37,169.0,171.0,30,177.0,166.0,0.0,0.0,0.0,0.0,24
2023-05-09 21:23:35,MA401C2300,MA401C2300,177.0,0.0,0.0,0.0,37,169.0,171.0,40,177.0,166.0,0.0,0.0,0.0,0.0,24
2023-05-09 21:23:35,MA401C2300,MA401C2300,177.0,0.0,0.0,0.0,7,169.0,171.0,40,177.0,166.0,0.0,0.0,0.0,0.0,24
2023-05-09 21:23:36,MA401C2300,MA401C2300,177.0,0.0,0.0,0.0,7,169.0,170.5,10,177.0,166.0,0.0,0.0,0.0,0.0,24
2023-05-09 21:23:38,MA401C2300,MA401C2300,177.0,0.0,0.0,0.0,7,169.0,170.5,20,177.0,166.0,0.0,0.0,0.0,0.0,24
2023-05-09 21:23:50,MA401C2300,MA401C2300,177.0,0.0,0.0,0.0,7,169.0,170.5,10,177.0,166.0,0.0,0.0,0.0,0.0,24
2023-05-09 21:23:51,MA401C2300,MA401C2300,177.0,0.0,0.0,0.0,7,169.0,170.5,20,177.0,166.0,0.0,0.0,0.0,0.0,24
2023-05-09 21:24:03,MA401C2300,MA401C2300,177.0,0.0,0.0,0.0,7,169.0,170.5,30,177.0,166.0,0.0,0.0,0.0,0.0,24
2023-05-09 21:24:05,MA401C2300,MA401C2300,177.0,0.0,0.0,0.0,7,169.0,170.5,20,177.0,166.0,0.0,0.0,0.0,0.0,24
2023-05-09 21:24:13,MA401C2300,MA401C2300,177.0,0.0,0.0,0.0,7,169.0,170.5,10,177.0,166.0,0.0,0.0,0.0,0.0,24
2023-05-09 21:24:16,MA401C2300,MA401C2300,177.0,0.0,0.0,0.0,7,169.0,170.5,20,177.0,166.0,0.0,0.0,0.0,0.0,24
2023-05-09 21:24:32,MA401C2300,MA401C2300,177.0,0.0,0.0,0.0,17,169.0,171.0,30,177.0,166.0,0.0,0.0,0.0,0.0,24
2023-05-09 21:24:33,MA401C2300,MA401C2300,177.0,0.0,0.0,0.0,27,169.0,171.0,30,177.0,166.0,0.0,0.0,0.0,0.0,24
2023-05-09 21:24:38,MA401C2300,MA401C2300,177.0,0.0,0.0,0.0,27,169.0,171.0,40,177.0,166.0,0.0,0.0,0.0,0.0,24
2023-05-09 21:24:40,MA401C2300,MA401C2300,177.0,0.0,0.0,0.0,27,169.0,171.0,30,177.0,166.0,0.0,0.0,0.0,0.0,24
2023-05-09 21:24:42,MA401C2300,MA401C2300,177.0,0.0,0.0,0.0,17,169.0,171.0,30,177.0,166.0,0.0,0.0,0.0,0.0,24
2023-05-09 21:24:42,MA401C2300,MA401C2300,177.0,0.0,0.0,0.0,7,169.0,171.0,40,177.0,166.0,0.0,0.0,0.0,0.0,24
2023-05-09 21:24:43,MA401C2300,MA401C2300,177.0,0.0,0.0,0.0,7,169.0,171.0,30,177.0,166.0,0.0,0.0,0.0,0.0,24
2023-05-09 21:24:56,MA401C2300,MA401C2300,177.0,0.0,0.0,0.0,7,169.0,171.0,20,177.0,166.0,0.0,0.0,0.0,0.0,24
2023-05-09 21:25:06,MA401C2300,MA401C2300,177.0,0.0,0.0,0.0,7,169.0,171.0,30,177.0,166.0,0.0,0.0,0.0,0.0,24
2023-05-09 21:25:09,MA401C2300,MA401C2300,177.0,0.0,0.0,0.0,7,169.0,171.0,20,177.0,166.0,0.0,0.0,0.0,0.0,24
2023-05-09 21:25:16,MA401C2300,MA401C2300,177.0,0.0,0.0,0.0,30,169.5,171.5,37,177.0,166.0,0.0,0.0,0.0,0.0,24
2023-05-09 21:25:16,MA401C2300,MA401C2300,177.0,0.0,0.0,0.0,37,169.5,171.5,37,177.0,166.0,0.0,0.0,0.0,0.0,24
2023-05-09 21:25:19,MA401C2300,MA401C2300,177.0,0.0,0.0,0.0,27,169.5,171.5,37,177.0,166.0,0.0,0.0,0.0,0.0,24
2023-05-09 21:25:28,MA401C2300,MA401C2300,177.0,0.0,0.0,0.0,37,169.5,171.5,20,177.0,166.0,0.0,0.0,0.0,0.0,24
2023-05-09 21:25:28,MA401C2300,MA401C2300,177.0,0.0,0.0,0.0,10,170.0,171.5,20,177.0,166.0,0.0,0.0,0.0,0.0,24
2023-05-09 21:25:29,MA401C2300,MA401C2300,177.0,0.0,0.0,0.0,17,170.0,172.0,27,177.0,166.0,0.0,0.0,0.0,0.0,24
2023-05-09 21:25:29,MA401C2300,MA401C2300,177.0,0.0,0.0,0.0,27,170.0,172.0,27,177.0,166.0,0.0,0.0,0.0,0.0,24
2023-05-09 21:25:47,MA401C2300,MA401C2300,177.0,0.0,0.0,0.0,27,170.0,172.0,17,177.0,166.0,0.0,0.0,0.0,0.0,24
2023-05-09 21:25:50,MA401C2300,MA401C2300,177.0,0.0,0.0,0.0,37,170.0,172.0,7,177.0,166.0,0.0,0.0,0.0,0.0,24
2023-05-09 21:25:55,MA401C2300,MA401C2300,177.0,0.0,0.0,0.0,37,170.0,172.5,40,177.0,166.0,0.0,0.0,0.0,0.0,24
2023-05-09 21:26:02,MA401C2300,MA401C2300,177.0,0.0,0.0,0.0,37,170.0,172.5,50,177.0,166.0,0.0,0.0,0.0,0.0,24
2023-05-09 21:26:04,MA401C2300,MA401C2300,177.0,0.0,0.0,0.0,37,170.0,172.5,40,177.0,166.0,0.0,0.0,0.0,0.0,24
2023-05-09 21:26:04,MA401C2300,MA401C2300,177.0,0.0,0.0,0.0,10,170.5,172.5,30,177.0,166.0,0.0,0.0,0.0,0.0,24
2023-05-09 21:26:05,MA401C2300,MA401C2300,177.0,0.0,0.0,0.0,17,170.5,172.5,30,177.0,166.0,0.0,0.0,0.0,0.0,24
2023-05-09 21:26:06,MA401C2300,MA401C2300,177.0,0.0,0.0,0.0,27,170.5,172.5,30,177.0,166.0,0.0,0.0,0.0,0.0,24
2023-05-09 21:26:07,MA401C2300,MA401C2300,177.0,0.0,0.0,0.0,7,170.5,172.5,40,177.0,166.0,0.0,0.0,0.0,0.0,24
2023-05-09 21:26:07,MA401C2300,MA401C2300,177.0,0.0,0.0,0.0,7,170.5,172.5,30,177.0,166.0,0.0,0.0,0.0,0.0,24
2023-05-09 21:26:17,MA401C2300,MA401C2300,177.0,0.0,0.0,0.0,7,170.5,172.5,50,177.0,166.0,0.0,0.0,0.0,0.0,24
2023-05-09 21:26:17,MA401C2300,MA401C2300,177.0,0.0,0.0,0.0,7,170.5,172.5,40,177.0,166.0,0.0,0.0,0.0,0.0,24
2023-05-09 21:26:19,MA401C2300,MA401C2300,177.0,0.0,0.0,0.0,7,170.5,172.5,50,177.0,166.0,0.0,0.0,0.0,0.0,24
2023-05-09 21:26:21,MA401C2300,MA401C2300,177.0,0.0,0.0,0.0,7,170.5,172.0,10,177.0,166.0,0.0,0.0,0.0,0.0,24
2023-05-09 21:26:23,MA401C2300,MA401C2300,177.0,0.0,0.0,0.0,7,170.5,172.5,50,177.0,166.0,0.0,0.0,0.0,0.0,24
2023-05-09 21:26:56,MA401C2300,MA401C2300,177.0,0.0,0.0,0.0,7,170.5,172.5,40,177.0,166.0,0.0,0.0,0.0,0.0,24
2023-05-09 21:26:57,MA401C2300,MA401C2300,177.0,0.0,0.0,0.0,37,170.5,172.5,20,177.0,166.0,0.0,0.0,0.0,0.0,24
2023-05-09 21:27:30,MA401C2300,MA401C2300,177.0,0.0,0.0,0.0,27,170.5,172.5,30,177.0,166.0,0.0,0.0,0.0,0.0,24
2023-05-09 21:27:37,MA401C2300,MA401C2300,177.0,0.0,0.0,0.0,17,170.5,172.5,20,177.0,166.0,0.0,0.0,0.0,0.0,24
2023-05-09 21:27:37,MA401C2300,MA401C2300,177.0,0.0,0.0,0.0,17,170.5,172.5,30,177.0,166.0,0.0,0.0,0.0,0.0,24
2023-05-09 21:27:38,MA401C2300,MA401C2300,177.0,0.0,0.0,0.0,7,170.5,172.0,10,177.0,166.0,0.0,0.0,0.0,0.0,24
2023-05-09 21:27:59,MA401C2300,MA401C2300,177.0,0.0,0.0,0.0,17,170.5,172.0,10,177.0,166.0,0.0,0.0,0.0,0.0,24
2023-05-09 21:27:59,MA401C2300,MA401C2300,177.0,0.0,0.0,0.0,17,170.5,172.5,30,177.0,166.0,0.0,0.0,0.0,0.0,24
2023-05-09 21:28:13,MA401C2300,MA401C2300,177.0,0.0,0.0,0.0,27,170.5,172.0,10,177.0,166.0,0.0,0.0,0.0,0.0,24
2023-05-09 21:28:13,MA401C2300,MA401C2300,177.0,0.0,0.0,0.0,17,170.5,172.0,10,177.0,166.0,0.0,0.0,0.0,0.0,24
2023-05-09 21:28:15,MA401C2300,MA401C2300,177.0,0.0,0.0,0.0,17,170.5,172.5,40,177.0,166.0,0.0,0.0,0.0,0.0,24
2023-05-09 21:28:15,MA401C2300,MA401C2300,177.0,0.0,0.0,0.0,17,170.5,172.5,30,177.0,166.0,0.0,0.0,0.0,0.0,24
2023-05-09 21:28:18,MA401C2300,MA401C2300,177.0,0.0,0.0,0.0,7,170.5,172.5,30,177.0,166.0,0.0,0.0,0.0,0.0,24
2023-05-09 21:28:25,MA401C2300,MA401C2300,177.0,0.0,0.0,0.0,17,170.5,172.5,20,177.0,166.0,0.0,0.0,0.0,0.0,24
2023-05-09 21:28:31,MA401C2300,MA401C2300,177.0,0.0,0.0,0.0,17,170.5,172.5,30,177.0,166.0,0.0,0.0,0.0,0.0,24
2023-05-09 21:28:32,MA401C2300,MA401C2300,177.0,0.0,0.0,0.0,27,170.5,172.5,30,177.0,166.0,0.0,0.0,0.0,0.0,24
2023-05-09 21:28:35,MA401C2300,MA401C2300,177.0,0.0,0.0,0.0,10,171.0,172.5,20,177.0,166.0,0.0,0.0,0.0,0.0,24
2023-05-09 21:28:35,MA401C2300,MA401C2300,177.0,0.0,0.0,0.0,10,171.0,172.5,10,177.0,166.0,0.0,0.0,0.0,0.0,24
2023-05-09 21:28:36,MA401C2300,MA401C2300,177.0,0.0,0.0,0.0,10,171.0,173.0,37,177.0,166.0,0.0,0.0,0.0,0.0,24
2023-05-09 21:28:40,MA401C2300,MA401C2300,177.0,0.0,0.0,0.0,57,170.5,173.0,37,177.0,166.0,0.0,0.0,0.0,0.0,24
2023-05-09 21:28:40,MA401C2300,MA401C2300,177.0,0.0,0.0,0.0,47,170.5,173.0,37,177.0,166.0,0.0,0.0,0.0,0.0,24
2023-05-09 21:28:42,MA401C2300,MA401C2300,177.0,0.0,0.0,0.0,47,170.5,172.5,10,177.0,166.0,0.0,0.0,0.0,0.0,24
2023-05-09 21:28:42,MA401C2300,MA401C2300,177.0,0.0,0.0,0.0,47,170.5,173.0,37,177.0,166.0,0.0,0.0,0.0,0.0,24
2023-05-09 21:28:44,MA401C2300,MA401C2300,177.0,0.0,0.0,0.0,47,170.5,173.0,27,177.0,166.0,0.0,0.0,0.0,0.0,24
2023-05-09 21:28:44,MA401C2300,MA401C2300,177.0,0.0,0.0,0.0,47,170.5,173.0,17,177.0,166.0,0.0,0.0,0.0,0.0,24
2023-05-09 21:28:52,MA401C2300,MA401C2300,177.0,0.0,0.0,0.0,10,171.5,173.5,70,177.0,166.0,0.0,0.0,0.0,0.0,24
2023-05-09 21:28:52,MA401C2300,MA401C2300,177.0,0.0,0.0,0.0,10,171.5,173.5,30,177.0,166.0,0.0,0.0,0.0,0.0,24
2023-05-09 21:28:53,MA401C2300,MA401C2300,177.0,0.0,0.0,0.0,10,171.5,173.5,40,177.0,166.0,0.0,0.0,0.0,0.0,24
2023-05-09 21:28:54,MA401C2300,MA401C2300,177.0,0.0,0.0,0.0,17,171.5,173.5,40,177.0,166.0,0.0,0.0,0.0,0.0,24
2023-05-09 21:28:58,MA401C2300,MA401C2300,177.0,0.0,0.0,0.0,17,171.5,173.5,30,177.0,166.0,0.0,0.0,0.0,0.0,24
2023-05-09 21:29:01,MA401C2300,MA401C2300,177.0,0.0,0.0,0.0,27,171.5,173.5,20,177.0,166.0,0.0,0.0,0.0,0.0,24
2023-05-09 21:29:04,MA401C2300,MA401C2300,177.0,0.0,0.0,0.0,37,171.5,173.5,20,177.0,166.0,0.0,0.0,0.0,0.0,24
2023-05-09 21:29:04,MA401C2300,MA401C2300,177.0,0.0,0.0,0.0,27,171.5,173.5,20,177.0,166.0,0.0,0.0,0.0,0.0,24
2023-05-09 21:29:05,MA401C2300,MA401C2300,177.0,0.0,0.0,0.0,7,171.5,173.5,40,177.0,166.0,0.0,0.0,0.0,0.0,24
2023-05-09 21:29:06,MA401C2300,MA401C2300,177.0,0.0,0.0,0.0,7,171.5,173.0,20,177.0,166.0,0.0,0.0,0.0,0.0,24
2023-05-09 21:29:10,MA401C2300,MA401C2300,177.0,0.0,0.0,0.0,10,171.0,173.0,20,177.0,166.0,0.0,0.0,0.0,0.0,24
2023-05-09 21:29:10,MA401C2300,MA401C2300,177.0,0.0,0.0,0.0,27,170.5,172.5,30,177.0,166.0,0.0,0.0,0.0,0.0,24
2023-05-09 21:29:11,MA401C2300,MA401C2300,177.0,0.0,0.0,0.0,17,170.5,172.5,30,177.0,166.0,0.0,0.0,0.0,0.0,24
2023-05-09 21:29:33,MA401C2300,MA401C2300,177.0,0.0,0.0,0.0,7,170.5,172.0,10,177.0,166.0,0.0,0.0,0.0,0.0,24
2023-05-09 21:29:40,MA401C2300,MA401C2300,177.0,0.0,0.0,0.0,7,170.5,172.5,70,177.0,166.0,0.0,0.0,0.0,0.0,24
2023-05-09 21:29:40,MA401C2300,MA401C2300,177.0,0.0,0.0,0.0,7,170.5,172.5,60,177.0,166.0,0.0,0.0,0.0,0.0,24
2023-05-09 21:29:48,MA401C2300,MA401C2300,177.0,0.0,0.0,0.0,20,170.0,172.0,10,177.0,166.0,0.0,0.0,0.0,0.0,24
2023-05-09 21:29:49,MA401C2300,MA401C2300,177.0,0.0,0.0,0.0,10,170.0,172.0,40,177.0,166.0,0.0,0.0,0.0,0.0,24
2023-05-09 21:29:50,MA401C2300,MA401C2300,177.0,0.0,0.0,0.0,10,170.0,171.5,10,177.0,166.0,0.0,0.0,0.0,0.0,24
2023-05-09 21:29:51,MA401C2300,MA401C2300,177.0,0.0,0.0,0.0,10,170.0,171.5,20,177.0,166.0,0.0,0.0,0.0,0.0,24
2023-05-09 21:29:52,MA401C2300,MA401C2300,177.0,0.0,0.0,0.0,10,170.0,171.5,10,177.0,166.0,0.0,0.0,0.0,0.0,24
2023-05-09 21:29:55,MA401C2300,MA401C2300,177.0,0.0,0.0,0.0,10,170.0,172.0,40,177.0,166.0,0.0,0.0,0.0,0.0,24
2023-05-09 21:29:55,MA401C2300,MA401C2300,177.0,0.0,0.0,0.0,10,170.0,171.5,10,177.0,166.0,0.0,0.0,0.0,0.0,24
2023-05-09 21:29:56,MA401C2300,MA401C2300,177.0,0.0,0.0,0.0,10,170.0,172.0,30,177.0,166.0,0.0,0.0,0.0,0.0,24
2023-05-09 21:29:57,MA401C2300,MA401C2300,177.0,0.0,0.0,0.0,10,170.0,172.0,20,177.0,166.0,0.0,0.0,0.0,0.0,24
2023-05-09 21:29:57,MA401C2300,MA401C2300,177.0,0.0,0.0,0.0,10,170.0,172.0,10,177.0,166.0,0.0,0.0,0.0,0.0,24
2023-05-09 21:30:01,MA401C2300,MA401C2300,177.0,0.0,0.0,0.0,47,169.5,172.0,30,177.0,166.0,0.0,0.0,0.0,0.0,24
2023-05-09 21:30:03,MA401C2300,MA401C2300,177.0,0.0,0.0,0.0,47,169.5,171.5,10,177.0,166.0,0.0,0.0,0.0,0.0,24
2023-05-09 21:30:05,MA401C2300,MA401C2300,177.0,0.0,0.0,0.0,47,169.5,171.5,20,177.0,166.0,0.0,0.0,0.0,0.0,24
2023-05-09 21:30:10,MA401C2300,MA401C2300,177.0,0.0,0.0,0.0,47,169.5,171.5,10,177.0,166.0,0.0,0.0,0.0,0.0,24
2023-05-09 21:30:20,MA401C2300,MA401C2300,177.0,0.0,0.0,0.0,47,169.5,171.5,20,177.0,166.0,0.0,0.0,0.0,0.0,24
2023-05-09 21:30:21,MA401C2300,MA401C2300,177.0,0.0,0.0,0.0,7,169.5,171.0,10,177.0,166.0,0.0,0.0,0.0,0.0,24
2023-05-09 21:30:23,MA401C2300,MA401C2300,177.0,0.0,0.0,0.0,7,169.5,171.0,20,177.0,166.0,0.0,0.0,0.0,0.0,24
2023-05-09 21:30:25,MA401C2300,MA401C2300,177.0,0.0,0.0,0.0,7,169.5,171.0,30,177.0,166.0,0.0,0.0,0.0,0.0,24
2023-05-09 21:30:28,MA401C2300,MA401C2300,177.0,0.0,0.0,0.0,7,169.5,171.0,20,177.0,166.0,0.0,0.0,0.0,0.0,24
2023-05-09 21:30:29,MA401C2300,MA401C2300,177.0,0.0,0.0,0.0,30,169.0,171.0,20,177.0,166.0,0.0,0.0,0.0,0.0,24
2023-05-09 21:30:31,MA401C2300,MA401C2300,177.0,0.0,0.0,0.0,37,169.0,171.0,20,177.0,166.0,0.0,0.0,0.0,0.0,24
2023-05-09 21:30:35,MA401C2300,MA401C2300,177.0,0.0,0.0,0.0,27,169.0,170.5,20,177.0,166.0,0.0,0.0,0.0,0.0,24
2023-05-09 21:30:36,MA401C2300,MA401C2300,177.0,0.0,0.0,0.0,17,169.0,170.5,20,177.0,166.0,0.0,0.0,0.0,0.0,24
2023-05-09 21:30:44,MA401C2300,MA401C2300,177.0,0.0,0.0,0.0,7,169.0,170.5,20,177.0,166.0,0.0,0.0,0.0,0.0,24
2023-05-09 21:30:49,MA401C2300,MA401C2300,177.0,0.0,0.0,0.0,27,168.5,170.0,10,177.0,166.0,0.0,0.0,0.0,0.0,24
2023-05-09 21:30:50,MA401C2300,MA401C2300,177.0,0.0,0.0,0.0,7,168.5,170.0,20,177.0,166.0,0.0,0.0,0.0,0.0,24
2023-05-09 21:30:51,MA401C2300,MA401C2300,177.0,0.0,0.0,0.0,27,168.5,170.0,10,177.0,166.0,0.0,0.0,0.0,0.0,24
2023-05-09 21:30:51,MA401C2300,MA401C2300,177.0,0.0,0.0,0.0,27,168.5,170.5,20,177.0,166.0,0.0,0.0,0.0,0.0,24
2023-05-09 21:30:51,MA401C2300,MA401C2300,177.0,0.0,0.0,0.0,27,168.5,170.5,10,177.0,166.0,0.0,0.0,0.0,0.0,24
2023-05-09 21:30:53,MA401C2300,MA401C2300,177.0,0.0,0.0,0.0,37,168.5,170.5,20,177.0,166.0,0.0,0.0,0.0,0.0,24
2023-05-09 21:31:03,MA401C2300,MA401C2300,177.0,0.0,0.0,0.0,37,168.5,170.5,30,177.0,166.0,0.0,0.0,0.0,0.0,24
2023-05-09 21:31:04,MA401C2300,MA401C2300,177.0,0.0,0.0,0.0,27,168.5,170.0,10,177.0,166.0,0.0,0.0,0.0,0.0,24
2023-05-09 21:31:05,MA401C2300,MA401C2300,177.0,0.0,0.0,0.0,7,168.5,170.0,20,177.0,166.0,0.0,0.0,0.0,0.0,24
2023-05-09 21:31:07,MA401C2300,MA401C2300,177.0,0.0,0.0,0.0,27,168.5,170.0,10,177.0,166.0,0.0,0.0,0.0,0.0,24
2023-05-09 21:31:07,MA401C2300,MA401C2300,177.0,0.0,0.0,0.0,37,168.5,170.0,10,177.0,166.0,0.0,0.0,0.0,0.0,24
2023-05-09 21:31:13,MA401C2300,MA401C2300,177.0,0.0,0.0,0.0,37,168.5,170.5,30,177.0,166.0,0.0,0.0,0.0,0.0,24
2023-05-09 21:31:17,MA401C2300,MA401C2300,177.0,0.0,0.0,0.0,7,168.5,170.0,20,177.0,166.0,0.0,0.0,0.0,0.0,24
2023-05-09 21:31:23,MA401C2300,MA401C2300,177.0,0.0,0.0,0.0,7,168.5,170.0,10,177.0,166.0,0.0,0.0,0.0,0.0,24
2023-05-09 21:31:25,MA401C2300,MA401C2300,177.0,0.0,0.0,0.0,37,168.5,170.5,20,177.0,166.0,0.0,0.0,0.0,0.0,24
2023-05-09 21:31:25,MA401C2300,MA401C2300,177.0,0.0,0.0,0.0,27,168.5,170.0,10,177.0,166.0,0.0,0.0,0.0,0.0,24
2023-05-09 21:31:26,MA401C2300,MA401C2300,177.0,0.0,0.0,0.0,27,168.5,170.0,20,177.0,166.0,0.0,0.0,0.0,0.0,24
2023-05-09 21:31:27,MA401C2300,MA401C2300,177.0,0.0,0.0,0.0,27,168.5,170.0,10,177.0,166.0,0.0,0.0,0.0,0.0,24
2023-05-09 21:31:28,MA401C2300,MA401C2300,177.0,0.0,0.0,0.0,37,168.5,170.5,30,177.0,166.0,0.0,0.0,0.0,0.0,24
2023-05-09 21:31:28,MA401C2300,MA401C2300,177.0,0.0,0.0,0.0,37,168.5,170.5,20,177.0,166.0,0.0,0.0,0.0,0.0,24
2023-05-09 21:31:34,MA401C2300,MA401C2300,177.0,0.0,0.0,0.0,37,168.5,170.5,30,177.0,166.0,0.0,0.0,0.0,0.0,24
2023-05-09 21:32:00,MA401C2300,MA401C2300,177.0,0.0,0.0,0.0,10,169.0,170.5,10,177.0,166.0,0.0,0.0,0.0,0.0,24
2023-05-09 21:32:01,MA401C2300,MA401C2300,177.0,0.0,0.0,0.0,37,168.5,171.0,57,177.0,166.0,0.0,0.0,0.0,0.0,24
2023-05-09 21:32:01,MA401C2300,MA401C2300,177.0,0.0,0.0,0.0,47,168.5,171.0,47,177.0,166.0,0.0,0.0,0.0,0.0,24
2023-05-09 21:32:01,MA401C2300,MA401C2300,177.0,0.0,0.0,0.0,37,168.5,171.0,57,177.0,166.0,0.0,0.0,0.0,0.0,24
2023-05-09 21:32:01,MA401C2300,MA401C2300,177.0,0.0,0.0,0.0,47,168.5,171.0,47,177.0,166.0,0.0,0.0,0.0,0.0,24
2023-05-09 21:32:03,MA401C2300,MA401C2300,177.0,0.0,0.0,0.0,47,168.5,170.5,10,177.0,166.0,0.0,0.0,0.0,0.0,24
2023-05-09 21:32:08,MA401C2300,MA401C2300,177.0,0.0,0.0,0.0,10,169.0,171.0,57,177.0,166.0,0.0,0.0,0.0,0.0,24
2023-05-09 21:32:08,MA401C2300,MA401C2300,177.0,0.0,0.0,0.0,10,169.0,171.0,47,177.0,166.0,0.0,0.0,0.0,0.0,24
2023-05-09 21:32:09,MA401C2300,MA401C2300,177.0,0.0,0.0,0.0,17,169.0,171.0,47,177.0,166.0,0.0,0.0,0.0,0.0,24
2023-05-09 21:32:12,MA401C2300,MA401C2300,177.0,0.0,0.0,0.0,7,169.0,170.5,10,177.0,166.0,0.0,0.0,0.0,0.0,24
2023-05-09 21:32:13,MA401C2300,MA401C2300,177.0,0.0,0.0,0.0,7,169.0,170.5,20,177.0,166.0,0.0,0.0,0.0,0.0,24
2023-05-09 21:32:13,MA401C2300,MA401C2300,177.0,0.0,0.0,0.0,7,169.0,170.5,10,177.0,166.0,0.0,0.0,0.0,0.0,24
2023-05-09 21:32:15,MA401C2300,MA401C2300,177.0,0.0,0.0,0.0,7,169.0,171.0,47,177.0,166.0,0.0,0.0,0.0,0.0,24
2023-05-09 21:32:23,MA401C2300,MA401C2300,177.0,0.0,0.0,0.0,7,169.0,171.0,37,177.0,166.0,0.0,0.0,0.0,0.0,24
2023-05-09 21:32:32,MA401C2300,MA401C2300,177.0,0.0,0.0,0.0,7,169.0,171.0,47,177.0,166.0,0.0,0.0,0.0,0.0,24
2023-05-09 21:32:39,MA401C2300,MA401C2300,177.0,0.0,0.0,0.0,7,169.0,171.0,37,177.0,166.0,0.0,0.0,0.0,0.0,24
2023-05-09 21:33:07,MA401C2300,MA401C2300,177.0,0.0,0.0,0.0,7,169.0,171.0,30,177.0,166.0,0.0,0.0,0.0,0.0,24
2023-05-09 21:33:17,MA401C2300,MA401C2300,177.0,0.0,0.0,0.0,17,169.0,171.0,20,177.0,166.0,0.0,0.0,0.0,0.0,24
2023-05-09 21:33:18,MA401C2300,MA401C2300,177.0,0.0,0.0,0.0,10,169.5,171.0,10,177.0,166.0,0.0,0.0,0.0,0.0,24
2023-05-09 21:33:18,MA401C2300,MA401C2300,177.0,0.0,0.0,0.0,10,169.5,171.5,27,177.0,166.0,0.0,0.0,0.0,0.0,24
2023-05-09 21:33:21,MA401C2300,MA401C2300,177.0,0.0,0.0,0.0,10,169.5,171.5,37,177.0,166.0,0.0,0.0,0.0,0.0,24
2023-05-09 21:33:21,MA401C2300,MA401C2300,177.0,0.0,0.0,0.0,17,169.5,171.5,37,177.0,166.0,0.0,0.0,0.0,0.0,24
2023-05-09 21:33:27,MA401C2300,MA401C2300,177.0,0.0,0.0,0.0,10,170.0,171.5,27,177.0,166.0,0.0,0.0,0.0,0.0,24
2023-05-09 21:33:28,MA401C2300,MA401C2300,177.0,0.0,0.0,0.0,20,170.0,172.0,20,177.0,166.0,0.0,0.0,0.0,0.0,24
2023-05-09 21:33:30,MA401C2300,MA401C2300,177.0,0.0,0.0,0.0,10,170.0,172.0,20,177.0,166.0,0.0,0.0,0.0,0.0,24
2023-05-09 21:33:31,MA401C2300,MA401C2300,177.0,0.0,0.0,0.0,17,170.0,172.0,20,177.0,166.0,0.0,0.0,0.0,0.0,24
2023-05-09 21:33:52,MA401C2300,MA401C2300,177.0,0.0,0.0,0.0,37,170.0,172.5,37,177.0,166.0,0.0,0.0,0.0,0.0,24
2023-05-09 21:33:52,MA401C2300,MA401C2300,177.0,0.0,0.0,0.0,47,170.0,172.5,37,177.0,166.0,0.0,0.0,0.0,0.0,24
2023-05-09 21:33:54,MA401C2300,MA401C2300,177.0,0.0,0.0,0.0,7,170.5,172.5,37,177.0,166.0,0.0,0.0,0.0,0.0,24
2023-05-09 21:33:54,MA401C2300,MA401C2300,177.0,0.0,0.0,0.0,37,170.5,173.0,40,177.0,166.0,0.0,0.0,0.0,0.0,24
2023-05-09 21:33:55,MA401C2300,MA401C2300,177.0,0.0,0.0,0.0,27,170.5,173.0,30,177.0,166.0,0.0,0.0,0.0,0.0,24
2023-05-09 21:33:57,MA401C2300,MA401C2300,177.0,0.0,0.0,0.0,37,170.5,173.0,30,177.0,166.0,0.0,0.0,0.0,0.0,24
2023-05-09 21:33:59,MA401C2300,MA401C2300,177.0,0.0,0.0,0.0,7,170.5,172.5,20,177.0,166.0,0.0,0.0,0.0,0.0,24
2023-05-09 21:34:00,MA401C2300,MA401C2300,177.0,0.0,0.0,0.0,7,170.5,172.5,10,177.0,166.0,0.0,0.0,0.0,0.0,24
2023-05-09 21:34:03,MA401C2300,MA401C2300,177.0,0.0,0.0,0.0,17,170.5,173.0,60,177.0,166.0,0.0,0.0,0.0,0.0,24
2023-05-09 21:34:03,MA401C2300,MA401C2300,177.0,0.0,0.0,0.0,27,170.5,173.0,40,177.0,166.0,0.0,0.0,0.0,0.0,24
2023-05-09 21:34:06,MA401C2300,MA401C2300,177.0,0.0,0.0,0.0,27,170.5,173.0,50,177.0,166.0,0.0,0.0,0.0,0.0,24
2023-05-09 21:34:14,MA401C2300,MA401C2300,177.0,0.0,0.0,0.0,27,170.5,173.0,40,177.0,166.0,0.0,0.0,0.0,0.0,24
2023-05-09 21:34:21,MA401C2300,MA401C2300,177.0,0.0,0.0,0.0,20,171.0,173.0,30,177.0,166.0,0.0,0.0,0.0,0.0,24
2023-05-09 21:34:22,MA401C2300,MA401C2300,177.0,0.0,0.0,0.0,27,171.0,173.0,30,177.0,166.0,0.0,0.0,0.0,0.0,24
2023-05-09 21:34:22,MA401C2300,MA401C2300,177.0,0.0,0.0,0.0,27,171.0,173.0,40,177.0,166.0,0.0,0.0,0.0,0.0,24
2023-05-09 21:34:24,MA401C2300,MA401C2300,177.0,0.0,0.0,0.0,37,171.0,173.0,40,177.0,166.0,0.0,0.0,0.0,0.0,24
2023-05-09 21:34:26,MA401C2300,MA401C2300,177.0,0.0,0.0,0.0,47,171.0,173.0,30,177.0,166.0,0.0,0.0,0.0,0.0,24
2023-05-09 21:34:26,MA401C2300,MA401C2300,177.0,0.0,0.0,0.0,37,171.0,173.0,40,177.0,166.0,0.0,0.0,0.0,0.0,24
2023-05-09 21:34:26,MA401C2300,MA401C2300,177.0,0.0,0.0,0.0,47,171.0,173.0,30,177.0,166.0,0.0,0.0,0.0,0.0,24
2023-05-09 21:34:26,MA401C2300,MA401C2300,177.0,0.0,0.0,0.0,37,171.0,173.0,40,177.0,166.0,0.0,0.0,0.0,0.0,24
2023-05-09 21:34:57,MA401C2300,MA401C2300,177.0,0.0,0.0,0.0,37,171.0,173.0,30,177.0,166.0,0.0,0.0,0.0,0.0,24
2023-05-09 21:35:01,MA401C2300,MA401C2300,177.0,0.0,0.0,0.0,37,171.0,173.0,40,177.0,166.0,0.0,0.0,0.0,0.0,24
2023-05-09 21:35:29,MA401C2300,MA401C2300,177.0,0.0,0.0,0.0,37,171.0,173.0,30,177.0,166.0,0.0,0.0,0.0,0.0,24
2023-05-09 21:35:38,MA401C2300,MA401C2300,177.0,0.0,0.0,0.0,37,171.0,173.0,20,177.0,166.0,0.0,0.0,0.0,0.0,24
2023-05-09 21:35:41,MA401C2300,MA401C2300,177.0,0.0,0.0,0.0,37,171.0,173.0,30,177.0,166.0,0.0,0.0,0.0,0.0,24
2023-05-09 21:35:58,MA401C2300,MA401C2300,177.0,0.0,0.0,0.0,7,171.0,172.5,10,177.0,166.0,0.0,0.0,0.0,0.0,24
2023-05-09 21:36:02,MA401C2300,MA401C2300,177.0,0.0,0.0,0.0,17,171.0,173.0,50,177.0,166.0,0.0,0.0,0.0,0.0,24
2023-05-09 21:36:03,MA401C2300,MA401C2300,177.0,0.0,0.0,0.0,27,171.0,173.0,40,177.0,166.0,0.0,0.0,0.0,0.0,24
2023-05-09 21:36:03,MA401C2300,MA401C2300,177.0,0.0,0.0,0.0,27,171.0,173.0,30,177.0,166.0,0.0,0.0,0.0,0.0,24
2023-05-09 21:36:04,MA401C2300,MA401C2300,177.0,0.0,0.0,0.0,27,171.0,173.0,20,177.0,166.0,0.0,0.0,0.0,0.0,24
2023-05-09 21:36:10,MA401C2300,MA401C2300,177.0,0.0,0.0,0.0,27,171.0,173.0,30,177.0,166.0,0.0,0.0,0.0,0.0,24
2023-05-09 21:36:11,MA401C2300,MA401C2300,177.0,0.0,0.0,0.0,27,171.0,173.0,20,177.0,166.0,0.0,0.0,0.0,0.0,24
2023-05-09 21:36:14,MA401C2300,MA401C2300,177.0,0.0,0.0,0.0,10,171.5,173.5,27,177.0,166.0,0.0,0.0,0.0,0.0,24
2023-05-09 21:36:16,MA401C2300,MA401C2300,177.0,0.0,0.0,0.0,17,171.5,173.5,27,177.0,166.0,0.0,0.0,0.0,0.0,24
2023-05-09 21:36:17,MA401C2300,MA401C2300,177.0,0.0,0.0,0.0,17,171.5,173.5,37,177.0,166.0,0.0,0.0,0.0,0.0,24
2023-05-09 21:36:27,MA401C2300,MA401C2300,177.0,0.0,0.0,0.0,17,171.5,173.5,27,177.0,166.0,0.0,0.0,0.0,0.0,24
2023-05-09 21:36:36,MA401C2300,MA401C2300,177.0,0.0,0.0,0.0,27,171.5,173.5,37,177.0,166.0,0.0,0.0,0.0,0.0,24
2023-05-09 21:36:43,MA401C2300,MA401C2300,177.0,0.0,0.0,0.0,27,171.5,173.5,27,177.0,166.0,0.0,0.0,0.0,0.0,24
2023-05-09 21:36:53,MA401C2300,MA401C2300,177.0,0.0,0.0,0.0,27,171.5,173.5,20,177.0,166.0,0.0,0.0,0.0,0.0,24
2023-05-09 21:37:29,MA401C2300,MA401C2300,177.0,0.0,0.0,0.0,27,171.5,173.5,30,177.0,166.0,0.0,0.0,0.0,0.0,24
2023-05-09 21:37:29,MA401C2300,MA401C2300,177.0,0.0,0.0,0.0,27,171.5,173.5,20,177.0,166.0,0.0,0.0,0.0,0.0,24
2023-05-09 21:37:33,MA401C2300,MA401C2300,177.0,0.0,0.0,0.0,27,171.5,173.0,10,177.0,166.0,0.0,0.0,0.0,0.0,24
2023-05-09 21:37:33,MA401C2300,MA401C2300,177.0,0.0,0.0,0.0,17,171.5,173.0,10,177.0,166.0,0.0,0.0,0.0,0.0,24
2023-05-09 21:37:33,MA401C2300,MA401C2300,177.0,0.0,0.0,0.0,27,171.5,173.0,10,177.0,166.0,0.0,0.0,0.0,0.0,24
2023-05-09 21:37:33,MA401C2300,MA401C2300,177.0,0.0,0.0,0.0,17,171.5,173.0,10,177.0,166.0,0.0,0.0,0.0,0.0,24
2023-05-09 21:37:35,MA401C2300,MA401C2300,177.0,0.0,0.0,0.0,17,171.5,173.5,40,177.0,166.0,0.0,0.0,0.0,0.0,24
2023-05-09 21:37:36,MA401C2300,MA401C2300,177.0,0.0,0.0,0.0,17,171.5,173.5,30,177.0,166.0,0.0,0.0,0.0,0.0,24
2023-05-09 21:37:36,MA401C2300,MA401C2300,177.0,0.0,0.0,0.0,17,171.5,173.5,20,177.0,166.0,0.0,0.0,0.0,0.0,24
2023-05-09 21:37:38,MA401C2300,MA401C2300,177.0,0.0,0.0,0.0,7,171.5,173.5,40,177.0,166.0,0.0,0.0,0.0,0.0,24
2023-05-09 21:37:38,MA401C2300,MA401C2300,177.0,0.0,0.0,0.0,7,171.5,173.0,30,177.0,166.0,0.0,0.0,0.0,0.0,24
2023-05-09 21:37:48,MA401C2300,MA401C2300,177.0,0.0,0.0,0.0,7,171.5,173.0,20,177.0,166.0,0.0,0.0,0.0,0.0,24
2023-05-09 21:37:58,MA401C2300,MA401C2300,177.0,0.0,0.0,0.0,17,171.5,173.0,10,177.0,166.0,0.0,0.0,0.0,0.0,24
2023-05-09 21:37:59,MA401C2300,MA401C2300,177.0,0.0,0.0,0.0,17,171.5,173.5,20,177.0,166.0,0.0,0.0,0.0,0.0,24
2023-05-09 21:37:59,MA401C2300,MA401C2300,177.0,0.0,0.0,0.0,27,171.5,174.0,67,177.0,166.0,0.0,0.0,0.0,0.0,24
2023-05-09 21:38:00,MA401C2300,MA401C2300,177.0,0.0,0.0,0.0,27,171.5,174.0,57,177.0,166.0,0.0,0.0,0.0,0.0,24
2023-05-09 21:38:03,MA401C2300,MA401C2300,177.0,0.0,0.0,0.0,27,171.5,173.0,10,177.0,166.0,0.0,0.0,0.0,0.0,24
2023-05-09 21:38:04,MA401C2300,MA401C2300,177.0,0.0,0.0,0.0,17,171.5,173.0,10,177.0,166.0,0.0,0.0,0.0,0.0,24
2023-05-09 21:38:04,MA401C2300,MA401C2300,177.0,0.0,0.0,0.0,7,171.5,173.0,10,177.0,166.0,0.0,0.0,0.0,0.0,24
2023-05-09 21:38:06,MA401C2300,MA401C2300,177.0,0.0,0.0,0.0,7,171.5,173.0,20,177.0,166.0,0.0,0.0,0.0,0.0,24
2023-05-09 21:38:07,MA401C2300,MA401C2300,177.0,0.0,0.0,0.0,47,171.0,173.0,20,177.0,166.0,0.0,0.0,0.0,0.0,24
2023-05-09 21:38:18,MA401C2300,MA401C2300,177.0,0.0,0.0,0.0,47,171.0,173.0,10,177.0,166.0,0.0,0.0,0.0,0.0,24
2023-05-09 21:38:19,MA401C2300,MA401C2300,177.0,0.0,0.0,0.0,67,171.0,173.5,30,177.0,166.0,0.0,0.0,0.0,0.0,24
2023-05-09 21:38:19,MA401C2300,MA401C2300,177.0,0.0,0.0,0.0,57,171.0,173.5,40,177.0,166.0,0.0,0.0,0.0,0.0,24
2023-05-09 21:38:25,MA401C2300,MA401C2300,177.0,0.0,0.0,0.0,10,171.5,173.5,30,177.0,166.0,0.0,0.0,0.0,0.0,24
2023-05-09 21:38:46,MA401C2300,MA401C2300,177.0,0.0,0.0,0.0,10,171.5,173.0,10,177.0,166.0,0.0,0.0,0.0,0.0,24
2023-05-09 21:38:46,MA401C2300,MA401C2300,177.0,0.0,0.0,0.0,20,171.5,173.0,20,177.0,166.0,0.0,0.0,0.0,0.0,24
2023-05-09 21:39:03,MA401C2300,MA401C2300,177.0,0.0,0.0,0.0,20,171.5,173.0,10,177.0,166.0,0.0,0.0,0.0,0.0,24
2023-05-09 21:39:03,MA401C2300,MA401C2300,177.0,0.0,0.0,0.0,20,171.5,173.0,20,177.0,166.0,0.0,0.0,0.0,0.0,24
2023-05-09 21:39:14,MA401C2300,MA401C2300,177.0,0.0,0.0,0.0,20,171.5,173.0,10,177.0,166.0,0.0,0.0,0.0,0.0,24
2023-05-09 21:39:21,MA401C2300,MA401C2300,177.0,0.0,0.0,0.0,30,171.5,173.0,10,177.0,166.0,0.0,0.0,0.0,0.0,24
2023-05-09 21:39:28,MA401C2300,MA401C2300,177.0,0.0,0.0,0.0,20,171.5,173.0,10,177.0,166.0,0.0,0.0,0.0,0.0,24
2023-05-09 21:39:28,MA401C2300,MA401C2300,177.0,0.0,0.0,0.0,37,171.0,173.0,20,177.0,166.0,0.0,0.0,0.0,0.0,24
2023-05-09 21:39:29,MA401C2300,MA401C2300,177.0,0.0,0.0,0.0,27,171.0,173.0,20,177.0,166.0,0.0,0.0,0.0,0.0,24
2023-05-09 21:39:51,MA401C2300,MA401C2300,177.0,0.0,0.0,0.0,17,171.0,172.5,10,177.0,166.0,0.0,0.0,0.0,0.0,24
2023-05-09 21:40:02,MA401C2300,MA401C2300,177.0,0.0,0.0,0.0,27,171.0,172.5,10,177.0,166.0,0.0,0.0,0.0,0.0,24
2023-05-09 21:40:02,MA401C2300,MA401C2300,177.0,0.0,0.0,0.0,27,171.0,173.0,20,177.0,166.0,0.0,0.0,0.0,0.0,24
2023-05-09 21:40:13,MA401C2300,MA401C2300,177.0,0.0,0.0,0.0,17,171.0,173.0,20,177.0,166.0,0.0,0.0,0.0,0.0,24
2023-05-09 21:40:36,MA401C2300,MA401C2300,177.0,0.0,0.0,0.0,17,171.0,173.0,30,177.0,166.0,0.0,0.0,0.0,0.0,24
2023-05-09 21:40:56,MA401C2300,MA401C2300,177.0,0.0,0.0,0.0,7,171.0,172.5,10,177.0,166.0,0.0,0.0,0.0,0.0,24
2023-05-09 21:40:57,MA401C2300,MA401C2300,177.0,0.0,0.0,0.0,7,171.0,172.5,30,177.0,166.0,0.0,0.0,0.0,0.0,24
2023-05-09 21:40:58,MA401C2300,MA401C2300,177.0,0.0,0.0,0.0,7,171.0,172.5,40,177.0,166.0,0.0,0.0,0.0,0.0,24
2023-05-09 21:41:00,MA401C2300,MA401C2300,177.0,0.0,0.0,0.0,7,171.0,172.5,30,177.0,166.0,0.0,0.0,0.0,0.0,24
2023-05-09 21:41:14,MA401C2300,MA401C2300,177.0,0.0,0.0,0.0,30,170.5,172.5,30,177.0,166.0,0.0,0.0,0.0,0.0,24
2023-05-09 21:41:14,MA401C2300,MA401C2300,177.0,0.0,0.0,0.0,40,170.0,172.0,10,177.0,166.0,0.0,0.0,0.0,0.0,24
2023-05-09 21:41:14,MA401C2300,MA401C2300,177.0,0.0,0.0,0.0,10,170.0,172.0,10,177.0,166.0,0.0,0.0,0.0,0.0,24
2023-05-09 21:41:14,MA401C2300,MA401C2300,177.0,0.0,0.0,0.0,40,170.0,172.0,10,177.0,166.0,0.0,0.0,0.0,0.0,24
2023-05-09 21:41:15,MA401C2300,MA401C2300,177.0,0.0,0.0,0.0,10,170.0,171.5,10,177.0,166.0,0.0,0.0,0.0,0.0,24
2023-05-09 21:41:15,MA401C2300,MA401C2300,177.0,0.0,0.0,0.0,10,170.0,172.0,10,177.0,166.0,0.0,0.0,0.0,0.0,24
2023-05-09 21:41:31,MA401C2300,MA401C2300,177.0,0.0,0.0,0.0,17,170.0,172.0,10,177.0,166.0,0.0,0.0,0.0,0.0,24
2023-05-09 21:41:43,MA401C2300,MA401C2300,177.0,0.0,0.0,0.0,17,170.0,172.0,20,177.0,166.0,0.0,0.0,0.0,0.0,24
2023-05-09 21:41:45,MA401C2300,MA401C2300,177.0,0.0,0.0,0.0,17,170.0,171.5,10,177.0,166.0,0.0,0.0,0.0,0.0,24
2023-05-09 21:41:50,MA401C2300,MA401C2300,177.0,0.0,0.0,0.0,17,170.0,172.0,30,177.0,166.0,0.0,0.0,0.0,0.0,24
2023-05-09 21:41:51,MA401C2300,MA401C2300,177.0,0.0,0.0,0.0,17,170.0,172.0,20,177.0,166.0,0.0,0.0,0.0,0.0,24
2023-05-09 21:41:55,MA401C2300,MA401C2300,177.0,0.0,0.0,0.0,10,170.5,172.0,10,177.0,166.0,0.0,0.0,0.0,0.0,24
2023-05-09 21:41:57,MA401C2300,MA401C2300,177.0,0.0,0.0,0.0,10,170.5,172.5,37,177.0,166.0,0.0,0.0,0.0,0.0,24
2023-05-09 21:42:01,MA401C2300,MA401C2300,177.0,0.0,0.0,0.0,10,170.5,172.5,47,177.0,166.0,0.0,0.0,0.0,0.0,24
2023-05-09 21:42:08,MA401C2300,MA401C2300,177.0,0.0,0.0,0.0,10,170.5,172.0,10,177.0,166.0,0.0,0.0,0.0,0.0,24
2023-05-09 21:42:10,MA401C2300,MA401C2300,177.0,0.0,0.0,0.0,17,170.5,172.5,47,177.0,166.0,0.0,0.0,0.0,0.0,24
2023-05-09 21:42:10,MA401C2300,MA401C2300,177.0,0.0,0.0,0.0,17,170.5,172.5,37,177.0,166.0,0.0,0.0,0.0,0.0,24
2023-05-09 21:42:11,MA401C2300,MA401C2300,177.0,0.0,0.0,0.0,10,171.0,173.0,50,177.0,166.0,0.0,0.0,0.0,0.0,24
2023-05-09 21:42:11,MA401C2300,MA401C2300,177.0,0.0,0.0,0.0,10,171.0,173.0,30,177.0,166.0,0.0,0.0,0.0,0.0,24
2023-05-09 21:42:13,MA401C2300,MA401C2300,177.0,0.0,0.0,0.0,30,171.0,173.0,30,177.0,166.0,0.0,0.0,0.0,0.0,24
2023-05-09 21:42:14,MA401C2300,MA401C2300,177.0,0.0,0.0,0.0,30,171.0,173.0,20,177.0,166.0,0.0,0.0,0.0,0.0,24
2023-05-09 21:42:15,MA401C2300,MA401C2300,177.0,0.0,0.0,0.0,37,171.0,173.0,20,177.0,166.0,0.0,0.0,0.0,0.0,24
2023-05-09 21:42:16,MA401C2300,MA401C2300,177.0,0.0,0.0,0.0,47,171.0,173.0,20,177.0,166.0,0.0,0.0,0.0,0.0,24
2023-05-09 21:42:16,MA401C2300,MA401C2300,177.0,0.0,0.0,0.0,47,171.0,173.0,10,177.0,166.0,0.0,0.0,0.0,0.0,24
2023-05-09 21:42:19,MA401C2300,MA401C2300,177.0,0.0,0.0,0.0,27,171.0,173.0,20,177.0,166.0,0.0,0.0,0.0,0.0,24
2023-05-09 21:42:20,MA401C2300,MA401C2300,177.0,0.0,0.0,0.0,17,171.0,173.0,20,177.0,166.0,0.0,0.0,0.0,0.0,24
2023-05-09 21:42:25,MA401C2300,MA401C2300,177.0,0.0,0.0,0.0,27,171.0,173.0,10,177.0,166.0,0.0,0.0,0.0,0.0,24
2023-05-09 21:42:26,MA401C2300,MA401C2300,177.0,0.0,0.0,0.0,37,171.0,173.0,10,177.0,166.0,0.0,0.0,0.0,0.0,24
2023-05-09 21:42:31,MA401C2300,MA401C2300,177.0,0.0,0.0,0.0,47,171.0,173.5,57,177.0,166.0,0.0,0.0,0.0,0.0,24
2023-05-09 21:42:31,MA401C2300,MA401C2300,177.0,0.0,0.0,0.0,10,171.5,173.5,37,177.0,166.0,0.0,0.0,0.0,0.0,24
2023-05-09 21:42:32,MA401C2300,MA401C2300,177.0,0.0,0.0,0.0,20,171.5,173.5,37,177.0,166.0,0.0,0.0,0.0,0.0,24
2023-05-09 21:42:32,MA401C2300,MA401C2300,177.0,0.0,0.0,0.0,27,171.5,173.5,37,177.0,166.0,0.0,0.0,0.0,0.0,24
2023-05-09 21:42:36,MA401C2300,MA401C2300,177.0,0.0,0.0,0.0,27,171.5,173.5,27,177.0,166.0,0.0,0.0,0.0,0.0,24
2023-05-09 21:42:38,MA401C2300,MA401C2300,177.0,0.0,0.0,0.0,37,171.5,173.5,17,177.0,166.0,0.0,0.0,0.0,0.0,24
2023-05-09 21:42:47,MA401C2300,MA401C2300,177.0,0.0,0.0,0.0,37,171.5,173.5,10,177.0,166.0,0.0,0.0,0.0,0.0,24
2023-05-09 21:42:50,MA401C2300,MA401C2300,177.0,0.0,0.0,0.0,37,171.5,174.0,40,177.0,166.0,0.0,0.0,0.0,0.0,24
2023-05-09 21:42:51,MA401C2300,MA401C2300,177.0,0.0,0.0,0.0,20,172.0,174.5,77,177.0,166.0,0.0,0.0,0.0,0.0,24
2023-05-09 21:42:51,MA401C2300,MA401C2300,177.0,0.0,0.0,0.0,10,172.0,174.5,57,177.0,166.0,0.0,0.0,0.0,0.0,24
2023-05-09 21:42:52,MA401C2300,MA401C2300,177.0,0.0,0.0,0.0,17,172.0,174.5,57,177.0,166.0,0.0,0.0,0.0,0.0,24
2023-05-09 21:42:55,MA401C2300,MA401C2300,177.0,0.0,0.0,0.0,27,172.0,174.0,10,177.0,166.0,0.0,0.0,0.0,0.0,24
2023-05-09 21:43:02,MA401C2300,MA401C2300,177.0,0.0,0.0,0.0,27,172.0,174.0,20,177.0,166.0,0.0,0.0,0.0,0.0,24
2023-05-09 21:43:06,MA401C2300,MA401C2300,177.0,0.0,0.0,0.0,7,172.0,173.5,10,177.0,166.0,0.0,0.0,0.0,0.0,24
2023-05-09 21:43:07,MA401C2300,MA401C2300,177.0,0.0,0.0,0.0,7,172.0,174.0,20,177.0,166.0,0.0,0.0,0.0,0.0,24
2023-05-09 21:43:16,MA401C2300,MA401C2300,177.0,0.0,0.0,0.0,7,172.0,174.0,10,177.0,166.0,0.0,0.0,0.0,0.0,24
2023-05-09 21:43:17,MA401C2300,MA401C2300,177.0,0.0,0.0,0.0,7,172.0,174.0,20,177.0,166.0,0.0,0.0,0.0,0.0,24
2023-05-09 21:43:18,MA401C2300,MA401C2300,177.0,0.0,0.0,0.0,7,172.0,174.0,40,177.0,166.0,0.0,0.0,0.0,0.0,24
2023-05-09 21:43:19,MA401C2300,MA401C2300,177.0,0.0,0.0,0.0,7,172.0,174.0,30,177.0,166.0,0.0,0.0,0.0,0.0,24
2023-05-09 21:43:20,MA401C2300,MA401C2300,177.0,0.0,0.0,0.0,7,172.0,174.0,40,177.0,166.0,0.0,0.0,0.0,0.0,24
2023-05-09 21:43:21,MA401C2300,MA401C2300,177.0,0.0,0.0,0.0,7,172.0,174.0,30,177.0,166.0,0.0,0.0,0.0,0.0,24
2023-05-09 21:43:21,MA401C2300,MA401C2300,177.0,0.0,0.0,0.0,7,172.0,174.0,40,177.0,166.0,0.0,0.0,0.0,0.0,24
2023-05-09 21:43:22,MA401C2300,MA401C2300,177.0,0.0,0.0,0.0,7,172.0,174.0,30,177.0,166.0,0.0,0.0,0.0,0.0,24
2023-05-09 21:43:22,MA401C2300,MA401C2300,177.0,0.0,0.0,0.0,7,172.0,174.0,40,177.0,166.0,0.0,0.0,0.0,0.0,24
2023-05-09 21:43:24,MA401C2300,MA401C2300,177.0,0.0,0.0,0.0,7,172.0,174.0,30,177.0,166.0,0.0,0.0,0.0,0.0,24
2023-05-09 21:43:24,MA401C2300,MA401C2300,177.0,0.0,0.0,0.0,27,172.0,174.0,10,177.0,166.0,0.0,0.0,0.0,0.0,24
2023-05-09 21:43:26,MA401C2300,MA401C2300,177.0,0.0,0.0,0.0,27,172.0,174.5,67,177.0,166.0,0.0,0.0,0.0,0.0,24
2023-05-09 21:43:27,MA401C2300,MA401C2300,177.0,0.0,0.0,0.0,27,172.0,174.0,20,177.0,166.0,0.0,0.0,0.0,0.0,24
2023-05-09 21:43:28,MA401C2300,MA401C2300,177.0,0.0,0.0,0.0,27,172.0,173.5,10,177.0,166.0,0.0,0.0,0.0,0.0,24
2023-05-09 21:43:28,MA401C2300,MA401C2300,177.0,0.0,0.0,0.0,7,172.0,173.5,10,177.0,166.0,0.0,0.0,0.0,0.0,24
2023-05-09 21:44:44,MA401C2300,MA401C2300,177.0,0.0,0.0,0.0,7,172.0,173.5,20,177.0,166.0,0.0,0.0,0.0,0.0,24
2023-05-09 21:45:15,MA401C2300,MA401C2300,177.0,0.0,0.0,0.0,7,172.0,173.5,10,177.0,166.0,0.0,0.0,0.0,0.0,24
2023-05-09 21:45:16,MA401C2300,MA401C2300,177.0,0.0,0.0,0.0,7,172.0,173.5,20,177.0,166.0,0.0,0.0,0.0,0.0,24
2023-05-09 21:45:17,MA401C2300,MA401C2300,177.0,0.0,0.0,0.0,27,171.5,173.5,40,177.0,166.0,0.0,0.0,0.0,0.0,24
2023-05-09 21:45:17,MA401C2300,MA401C2300,177.0,0.0,0.0,0.0,7,171.5,173.5,40,177.0,166.0,0.0,0.0,0.0,0.0,24
2023-05-09 21:45:17,MA401C2300,MA401C2300,177.0,0.0,0.0,0.0,27,171.5,173.5,40,177.0,166.0,0.0,0.0,0.0,0.0,24
2023-05-09 21:45:17,MA401C2300,MA401C2300,177.0,0.0,0.0,0.0,7,171.5,173.5,40,177.0,166.0,0.0,0.0,0.0,0.0,24
2023-05-09 21:45:23,MA401C2300,MA401C2300,177.0,0.0,0.0,0.0,7,171.5,173.0,10,177.0,166.0,0.0,0.0,0.0,0.0,24
2023-05-09 21:45:23,MA401C2300,MA401C2300,177.0,0.0,0.0,0.0,7,171.5,173.5,40,177.0,166.0,0.0,0.0,0.0,0.0,24
2023-05-09 21:45:25,MA401C2300,MA401C2300,177.0,0.0,0.0,0.0,7,171.5,173.0,10,177.0,166.0,0.0,0.0,0.0,0.0,24
2023-05-09 21:45:26,MA401C2300,MA401C2300,177.0,0.0,0.0,0.0,7,171.5,173.5,40,177.0,166.0,0.0,0.0,0.0,0.0,24
2023-05-09 21:45:32,MA401C2300,MA401C2300,177.0,0.0,0.0,0.0,7,171.5,173.0,10,177.0,166.0,0.0,0.0,0.0,0.0,24
2023-05-09 21:45:39,MA401C2300,MA401C2300,177.0,0.0,0.0,0.0,27,171.5,173.0,10,177.0,166.0,0.0,0.0,0.0,0.0,24
2023-05-09 21:45:39,MA401C2300,MA401C2300,177.0,0.0,0.0,0.0,27,171.5,173.5,20,177.0,166.0,0.0,0.0,0.0,0.0,24
2023-05-09 21:45:41,MA401C2300,MA401C2300,177.0,0.0,0.0,0.0,37,171.5,173.5,20,177.0,166.0,0.0,0.0,0.0,0.0,24
2023-05-09 21:45:50,MA401C2300,MA401C2300,177.0,0.0,0.0,0.0,27,171.5,173.5,20,177.0,166.0,0.0,0.0,0.0,0.0,24
2023-05-09 21:45:52,MA401C2300,MA401C2300,177.0,0.0,0.0,0.0,27,171.5,173.5,10,177.0,166.0,0.0,0.0,0.0,0.0,24
2023-05-09 21:45:54,MA401C2300,MA401C2300,177.0,0.0,0.0,0.0,27,171.5,173.5,20,177.0,166.0,0.0,0.0,0.0,0.0,24
2023-05-09 21:45:56,MA401C2300,MA401C2300,177.0,0.0,0.0,0.0,27,171.5,173.5,10,177.0,166.0,0.0,0.0,0.0,0.0,24
2023-05-09 21:46:04,MA401C2300,MA401C2300,177.0,0.0,0.0,0.0,27,171.5,173.5,20,177.0,166.0,0.0,0.0,0.0,0.0,24
2023-05-09 21:46:15,MA401C2300,MA401C2300,177.0,0.0,0.0,0.0,27,171.5,173.5,10,177.0,166.0,0.0,0.0,0.0,0.0,24
2023-05-09 21:46:40,MA401C2300,MA401C2300,177.0,0.0,0.0,0.0,27,171.5,173.5,40,177.0,166.0,0.0,0.0,0.0,0.0,24
2023-05-09 21:46:40,MA401C2300,MA401C2300,177.0,0.0,0.0,0.0,7,171.5,173.5,40,177.0,166.0,0.0,0.0,0.0,0.0,24
2023-05-09 21:46:42,MA401C2300,MA401C2300,177.0,0.0,0.0,0.0,7,171.5,173.5,50,177.0,166.0,0.0,0.0,0.0,0.0,24
2023-05-09 21:46:46,MA401C2300,MA401C2300,177.0,0.0,0.0,0.0,17,171.5,173.5,40,177.0,166.0,0.0,0.0,0.0,0.0,24
2023-05-09 21:47:16,MA401C2300,MA401C2300,177.0,0.0,0.0,0.0,17,171.5,173.5,30,177.0,166.0,0.0,0.0,0.0,0.0,24
2023-05-09 21:47:37,MA401C2300,MA401C2300,177.0,0.0,0.0,0.0,27,172.0,173.5,10,177.0,166.0,0.0,0.0,0.0,0.0,24
2023-05-09 21:47:37,MA401C2300,MA401C2300,177.0,0.0,0.0,0.0,27,172.0,174.0,37,177.0,166.0,0.0,0.0,0.0,0.0,24
2023-05-09 21:47:39,MA401C2300,MA401C2300,177.0,0.0,0.0,0.0,27,172.0,174.0,47,177.0,166.0,0.0,0.0,0.0,0.0,24
2023-05-09 21:47:42,MA401C2300,MA401C2300,177.0,0.0,0.0,0.0,20,172.5,174.5,57,177.0,166.0,0.0,0.0,0.0,0.0,24
2023-05-09 21:47:42,MA401C2300,MA401C2300,177.0,0.0,0.0,0.0,10,172.5,174.5,47,177.0,166.0,0.0,0.0,0.0,0.0,24
2023-05-09 21:47:44,MA401C2300,MA401C2300,177.0,0.0,0.0,0.0,20,172.5,174.5,57,177.0,166.0,0.0,0.0,0.0,0.0,24
2023-05-09 21:47:47,MA401C2300,MA401C2300,177.0,0.0,0.0,0.0,10,172.5,174.5,57,177.0,166.0,0.0,0.0,0.0,0.0,24
2023-05-09 21:47:47,MA401C2300,MA401C2300,177.0,0.0,0.0,0.0,47,172.0,174.5,57,177.0,166.0,0.0,0.0,0.0,0.0,24
2023-05-09 21:47:49,MA401C2300,MA401C2300,177.0,0.0,0.0,0.0,57,172.0,174.5,47,177.0,166.0,0.0,0.0,0.0,0.0,24
2023-05-09 21:48:00,MA401C2300,MA401C2300,177.0,0.0,0.0,0.0,27,172.0,174.0,20,177.0,166.0,0.0,0.0,0.0,0.0,24
2023-05-09 21:48:01,MA401C2300,MA401C2300,177.0,0.0,0.0,0.0,17,172.0,174.0,30,177.0,166.0,0.0,0.0,0.0,0.0,24
2023-05-09 21:48:02,MA401C2300,MA401C2300,177.0,0.0,0.0,0.0,17,172.0,174.0,50,177.0,166.0,0.0,0.0,0.0,0.0,24
2023-05-09 21:48:03,MA401C2300,MA401C2300,177.0,0.0,0.0,0.0,7,172.0,173.5,20,177.0,166.0,0.0,0.0,0.0,0.0,24
2023-05-09 21:48:06,MA401C2300,MA401C2300,177.0,0.0,0.0,0.0,17,172.0,173.5,10,177.0,166.0,0.0,0.0,0.0,0.0,24
2023-05-09 21:48:07,MA401C2300,MA401C2300,177.0,0.0,0.0,0.0,7,172.0,173.5,10,177.0,166.0,0.0,0.0,0.0,0.0,24
2023-05-09 21:48:09,MA401C2300,MA401C2300,177.0,0.0,0.0,0.0,7,172.0,173.5,20,177.0,166.0,0.0,0.0,0.0,0.0,24
2023-05-09 21:48:13,MA401C2300,MA401C2300,177.0,0.0,0.0,0.0,17,172.0,173.5,10,177.0,166.0,0.0,0.0,0.0,0.0,24
2023-05-09 21:48:13,MA401C2300,MA401C2300,177.0,0.0,0.0,0.0,27,172.0,173.5,10,177.0,166.0,0.0,0.0,0.0,0.0,24
2023-05-09 21:48:14,MA401C2300,MA401C2300,177.0,0.0,0.0,0.0,7,172.0,173.5,20,177.0,166.0,0.0,0.0,0.0,0.0,24
2023-05-09 21:48:25,MA401C2300,MA401C2300,177.0,0.0,0.0,0.0,27,171.5,173.5,20,177.0,166.0,0.0,0.0,0.0,0.0,24
2023-05-09 21:48:37,MA401C2300,MA401C2300,177.0,0.0,0.0,0.0,27,171.5,174.0,60,177.0,166.0,0.0,0.0,0.0,0.0,24
2023-05-09 21:48:37,MA401C2300,MA401C2300,177.0,0.0,0.0,0.0,37,171.5,174.0,40,177.0,166.0,0.0,0.0,0.0,0.0,24
2023-05-09 21:48:42,MA401C2300,MA401C2300,177.0,0.0,0.0,0.0,17,172.0,174.0,30,177.0,166.0,0.0,0.0,0.0,0.0,24
2023-05-09 21:48:42,MA401C2300,MA401C2300,177.0,0.0,0.0,0.0,47,172.0,174.5,47,177.0,166.0,0.0,0.0,0.0,0.0,24
2023-05-09 21:48:42,MA401C2300,MA401C2300,177.0,0.0,0.0,0.0,47,172.0,174.5,37,177.0,166.0,0.0,0.0,0.0,0.0,24
2023-05-09 21:48:49,MA401C2300,MA401C2300,177.0,0.0,0.0,0.0,57,172.0,174.5,27,177.0,166.0,0.0,0.0,0.0,0.0,24
2023-05-09 21:48:54,MA401C2300,MA401C2300,177.0,0.0,0.0,0.0,47,172.0,174.5,37,177.0,166.0,0.0,0.0,0.0,0.0,24
2023-05-09 21:48:58,MA401C2300,MA401C2300,177.0,0.0,0.0,0.0,10,172.5,174.5,17,177.0,166.0,0.0,0.0,0.0,0.0,24
2023-05-09 21:48:58,MA401C2300,MA401C2300,177.0,0.0,0.0,0.0,20,172.5,174.5,27,177.0,166.0,0.0,0.0,0.0,0.0,24
2023-05-09 21:49:26,MA401C2300,MA401C2300,177.0,0.0,0.0,0.0,27,172.5,174.5,27,177.0,166.0,0.0,0.0,0.0,0.0,24
2023-05-09 21:49:27,MA401C2300,MA401C2300,177.0,0.0,0.0,0.0,37,172.5,174.5,7,177.0,166.0,0.0,0.0,0.0,0.0,24
2023-05-09 21:49:33,MA401C2300,MA401C2300,177.0,0.0,0.0,0.0,27,172.5,174.5,27,177.0,166.0,0.0,0.0,0.0,0.0,24
2023-05-09 21:49:34,MA401C2300,MA401C2300,177.0,0.0,0.0,0.0,27,172.5,174.5,37,177.0,166.0,0.0,0.0,0.0,0.0,24
2023-05-09 21:49:46,MA401C2300,MA401C2300,177.0,0.0,0.0,0.0,27,172.5,174.5,27,177.0,166.0,0.0,0.0,0.0,0.0,24
2023-05-09 21:49:47,MA401C2300,MA401C2300,177.0,0.0,0.0,0.0,27,172.5,174.5,37,177.0,166.0,0.0,0.0,0.0,0.0,24
2023-05-09 21:50:00,MA401C2300,MA401C2300,177.0,0.0,0.0,0.0,27,172.5,174.5,27,177.0,166.0,0.0,0.0,0.0,0.0,24
2023-05-09 21:50:00,MA401C2300,MA401C2300,177.0,0.0,0.0,0.0,27,172.5,174.5,37,177.0,166.0,0.0,0.0,0.0,0.0,24
2023-05-09 21:50:19,MA401C2300,MA401C2300,177.0,0.0,0.0,0.0,20,173.0,174.5,7,177.0,166.0,0.0,0.0,0.0,0.0,24
2023-05-09 21:50:19,MA401C2300,MA401C2300,177.0,0.0,0.0,0.0,20,173.0,175.0,60,177.0,166.0,0.0,0.0,0.0,0.0,24
2023-05-09 21:50:21,MA401C2300,MA401C2300,177.0,0.0,0.0,0.0,57,172.5,175.0,60,177.0,166.0,0.0,0.0,0.0,0.0,24
2023-05-09 21:50:21,MA401C2300,MA401C2300,177.0,0.0,0.0,0.0,47,172.5,175.0,60,177.0,166.0,0.0,0.0,0.0,0.0,24
2023-05-09 21:50:22,MA401C2300,MA401C2300,177.0,0.0,0.0,0.0,37,172.5,175.0,70,177.0,166.0,0.0,0.0,0.0,0.0,24
2023-05-09 21:50:23,MA401C2300,MA401C2300,177.0,0.0,0.0,0.0,27,172.5,174.5,10,177.0,166.0,0.0,0.0,0.0,0.0,24
2023-05-09 21:50:23,MA401C2300,MA401C2300,177.0,0.0,0.0,0.0,27,172.5,174.5,20,177.0,166.0,0.0,0.0,0.0,0.0,24
2023-05-09 21:50:30,MA401C2300,MA401C2300,177.0,0.0,0.0,0.0,37,172.5,175.0,70,177.0,166.0,0.0,0.0,0.0,0.0,24
2023-05-09 21:50:30,MA401C2300,MA401C2300,177.0,0.0,0.0,0.0,37,172.5,175.0,60,177.0,166.0,0.0,0.0,0.0,0.0,24
2023-05-09 21:50:33,MA401C2300,MA401C2300,177.0,0.0,0.0,0.0,27,172.5,174.5,10,177.0,166.0,0.0,0.0,0.0,0.0,24
2023-05-09 21:50:36,MA401C2300,MA401C2300,177.0,0.0,0.0,0.0,27,172.5,174.5,20,177.0,166.0,0.0,0.0,0.0,0.0,24
