time,symbol_id,symbol_name,last,trade_volume,trade_amount,open_interest_change,bv1,bp1,ap1,av1,yesterday_close,today_open,today_high,today_low,volume,amount,open_interest
2023-05-09 19:10:58,MA401C2250,MA401C2250,211.5,0.0,0.0,-6.0,0,0.0,0.0,0,211.5,0.0,0.0,0.0,0.0,0.0,18
2023-05-09 20:59:00,MA401C2250,MA401C2250,211.5,0.0,0.0,0.0,10,53.0,0.0,0,211.5,0.0,0.0,0.0,0.0,0.0,18
2023-05-09 21:00:06,MA401C2250,MA401C2250,211.5,0.0,0.0,0.0,1,155.5,0.0,0,211.5,0.0,0.0,0.0,0.0,0.0,18
2023-05-09 21:00:07,MA401C2250,MA401C2250,211.5,0.0,0.0,0.0,10,156.0,0.0,0,211.5,0.0,0.0,0.0,0.0,0.0,18
2023-05-09 21:00:08,MA401C2250,MA401C2250,211.5,0.0,0.0,0.0,1,167.0,249.0,10,211.5,0.0,0.0,0.0,0.0,0.0,18
2023-05-09 21:00:08,MA401C2250,MA401C2250,211.5,0.0,0.0,0.0,10,167.5,249.0,10,211.5,0.0,0.0,0.0,0.0,0.0,18
2023-05-09 21:00:09,MA401C2250,MA401C2250,211.5,0.0,0.0,0.0,1,178.5,238.0,1,211.5,0.0,0.0,0.0,0.0,0.0,18
2023-05-09 21:00:09,MA401C2250,MA401C2250,211.5,0.0,0.0,0.0,1,190.0,226.5,1,211.5,0.0,0.0,0.0,0.0,0.0,18
2023-05-09 21:00:10,MA401C2250,MA401C2250,211.5,0.0,0.0,0.0,10,190.5,226.0,10,211.5,0.0,0.0,0.0,0.0,0.0,18
2023-05-09 21:00:10,MA401C2250,MA401C2250,211.5,0.0,0.0,0.0,1,196.5,215.0,1,211.5,0.0,0.0,0.0,0.0,0.0,18
2023-05-09 21:00:11,MA401C2250,MA401C2250,211.5,0.0,0.0,0.0,1,196.5,214.5,10,211.5,0.0,0.0,0.0,0.0,0.0,18
2023-05-09 21:00:18,MA401C2250,MA401C2250,211.5,0.0,0.0,0.0,1,155.5,214.5,10,211.5,0.0,0.0,0.0,0.0,0.0,18
2023-05-09 21:00:18,MA401C2250,MA401C2250,211.5,0.0,0.0,0.0,1,167.0,214.5,10,211.5,0.0,0.0,0.0,0.0,0.0,18
2023-05-09 21:00:18,MA401C2250,MA401C2250,211.5,0.0,0.0,0.0,10,167.5,214.5,10,211.5,0.0,0.0,0.0,0.0,0.0,18
2023-05-09 21:00:19,MA401C2250,MA401C2250,211.5,0.0,0.0,0.0,1,178.5,214.5,10,211.5,0.0,0.0,0.0,0.0,0.0,18
2023-05-09 21:00:19,MA401C2250,MA401C2250,211.5,0.0,0.0,0.0,1,189.5,214.5,10,211.5,0.0,0.0,0.0,0.0,0.0,18
2023-05-09 21:00:20,MA401C2250,MA401C2250,211.5,0.0,0.0,0.0,10,190.0,214.5,10,211.5,0.0,0.0,0.0,0.0,0.0,18
2023-05-09 21:01:37,MA401C2250,MA401C2250,211.5,0.0,0.0,0.0,7,197.5,202.0,7,211.5,0.0,0.0,0.0,0.0,0.0,18
2023-05-09 21:01:40,MA401C2250,MA401C2250,211.5,0.0,0.0,0.0,7,197.5,202.0,17,211.5,0.0,0.0,0.0,0.0,0.0,18
2023-05-09 21:01:42,MA401C2250,MA401C2250,211.5,0.0,0.0,0.0,7,197.5,202.0,7,211.5,0.0,0.0,0.0,0.0,0.0,18
2023-05-09 21:01:45,MA401C2250,MA401C2250,211.5,0.0,0.0,0.0,7,198.5,202.0,7,211.5,0.0,0.0,0.0,0.0,0.0,18
2023-05-09 21:02:18,MA401C2250,MA401C2250,211.5,0.0,0.0,0.0,7,199.0,202.0,7,211.5,0.0,0.0,0.0,0.0,0.0,18
2023-05-09 21:03:21,MA401C2250,MA401C2250,211.5,0.0,0.0,0.0,7,199.0,203.0,10,211.5,0.0,0.0,0.0,0.0,0.0,18
2023-05-09 21:03:23,MA401C2250,MA401C2250,211.5,0.0,0.0,0.0,7,199.5,203.0,10,211.5,0.0,0.0,0.0,0.0,0.0,18
2023-05-09 21:03:48,MA401C2250,MA401C2250,211.5,0.0,0.0,0.0,7,200.5,203.0,10,211.5,0.0,0.0,0.0,0.0,0.0,18
2023-05-09 21:04:03,MA401C2250,MA401C2250,211.5,0.0,0.0,0.0,7,199.5,203.0,10,211.5,0.0,0.0,0.0,0.0,0.0,18
2023-05-09 21:04:17,MA401C2250,MA401C2250,211.5,0.0,0.0,0.0,7,199.5,203.5,7,211.5,0.0,0.0,0.0,0.0,0.0,18
2023-05-09 21:04:18,MA401C2250,MA401C2250,211.5,0.0,0.0,0.0,7,200.0,203.5,7,211.5,0.0,0.0,0.0,0.0,0.0,18
2023-05-09 21:05:00,MA401C2250,MA401C2250,211.5,0.0,0.0,0.0,17,199.5,203.0,10,211.5,0.0,0.0,0.0,0.0,0.0,18
2023-05-09 21:05:03,MA401C2250,MA401C2250,211.5,0.0,0.0,0.0,7,199.5,203.0,20,211.5,0.0,0.0,0.0,0.0,0.0,18
2023-05-09 21:05:03,MA401C2250,MA401C2250,211.5,0.0,0.0,0.0,7,199.5,202.5,7,211.5,0.0,0.0,0.0,0.0,0.0,18
2023-05-09 21:05:04,MA401C2250,MA401C2250,211.5,0.0,0.0,0.0,10,197.0,202.0,10,211.5,0.0,0.0,0.0,0.0,0.0,18
2023-05-09 21:05:05,MA401C2250,MA401C2250,211.5,0.0,0.0,0.0,7,198.5,202.0,10,211.5,0.0,0.0,0.0,0.0,0.0,18
2023-05-09 21:05:05,MA401C2250,MA401C2250,211.5,0.0,0.0,0.0,10,199.0,202.0,10,211.5,0.0,0.0,0.0,0.0,0.0,18
2023-05-09 21:05:05,MA401C2250,MA401C2250,211.5,0.0,0.0,0.0,7,198.5,202.0,10,211.5,0.0,0.0,0.0,0.0,0.0,18
2023-05-09 21:05:05,MA401C2250,MA401C2250,211.5,0.0,0.0,0.0,10,199.0,202.0,10,211.5,0.0,0.0,0.0,0.0,0.0,18
2023-05-09 21:05:09,MA401C2250,MA401C2250,211.5,0.0,0.0,0.0,7,198.5,202.0,10,211.5,0.0,0.0,0.0,0.0,0.0,18
2023-05-09 21:05:09,MA401C2250,MA401C2250,211.5,0.0,0.0,0.0,17,198.5,202.0,10,211.5,0.0,0.0,0.0,0.0,0.0,18
2023-05-09 21:05:13,MA401C2250,MA401C2250,211.5,0.0,0.0,0.0,7,198.5,202.0,10,211.5,0.0,0.0,0.0,0.0,0.0,18
2023-05-09 21:05:17,MA401C2250,MA401C2250,211.5,0.0,0.0,0.0,7,198.5,201.0,7,211.5,0.0,0.0,0.0,0.0,0.0,18
2023-05-09 21:05:18,MA401C2250,MA401C2250,211.5,0.0,0.0,0.0,7,198.5,200.5,10,211.5,0.0,0.0,0.0,0.0,0.0,18
2023-05-09 21:05:19,MA401C2250,MA401C2250,211.5,0.0,0.0,0.0,7,198.5,201.0,7,211.5,0.0,0.0,0.0,0.0,0.0,18
2023-05-09 21:05:19,MA401C2250,MA401C2250,211.5,0.0,0.0,0.0,17,198.5,201.0,17,211.5,0.0,0.0,0.0,0.0,0.0,18
2023-05-09 21:05:59,MA401C2250,MA401C2250,211.5,0.0,0.0,0.0,17,198.5,201.0,10,211.5,0.0,0.0,0.0,0.0,0.0,18
2023-05-09 21:06:18,MA401C2250,MA401C2250,211.5,0.0,0.0,0.0,7,198.5,201.0,10,211.5,0.0,0.0,0.0,0.0,0.0,18
2023-05-09 21:06:20,MA401C2250,MA401C2250,211.5,0.0,0.0,0.0,10,197.0,201.0,10,211.5,0.0,0.0,0.0,0.0,0.0,18
2023-05-09 21:06:20,MA401C2250,MA401C2250,211.5,0.0,0.0,0.0,10,197.5,201.0,10,211.5,0.0,0.0,0.0,0.0,0.0,18
2023-05-09 21:06:20,MA401C2250,MA401C2250,211.5,0.0,0.0,0.0,17,197.5,201.0,10,211.5,0.0,0.0,0.0,0.0,0.0,18
2023-05-09 21:06:33,MA401C2250,MA401C2250,211.5,0.0,0.0,0.0,7,197.5,201.0,10,211.5,0.0,0.0,0.0,0.0,0.0,18
2023-05-09 21:06:33,MA401C2250,MA401C2250,211.5,0.0,0.0,0.0,7,197.5,200.5,7,211.5,0.0,0.0,0.0,0.0,0.0,18
2023-05-09 21:06:34,MA401C2250,MA401C2250,211.5,0.0,0.0,0.0,7,197.5,200.0,10,211.5,0.0,0.0,0.0,0.0,0.0,18
2023-05-09 21:06:36,MA401C2250,MA401C2250,211.5,0.0,0.0,0.0,10,196.0,200.0,10,211.5,0.0,0.0,0.0,0.0,0.0,18
2023-05-09 21:06:36,MA401C2250,MA401C2250,211.5,0.0,0.0,0.0,10,196.5,200.0,10,211.5,0.0,0.0,0.0,0.0,0.0,18
2023-05-09 21:06:42,MA401C2250,MA401C2250,211.5,0.0,0.0,0.0,10,195.5,200.0,20,211.5,0.0,0.0,0.0,0.0,0.0,18
2023-05-09 21:06:52,MA401C2250,MA401C2250,211.5,0.0,0.0,0.0,17,195.5,199.5,7,211.5,0.0,0.0,0.0,0.0,0.0,18
2023-05-09 21:06:52,MA401C2250,MA401C2250,211.5,0.0,0.0,0.0,17,195.5,199.0,10,211.5,0.0,0.0,0.0,0.0,0.0,18
2023-05-09 21:06:56,MA401C2250,MA401C2250,211.5,0.0,0.0,0.0,17,195.5,198.5,7,211.5,0.0,0.0,0.0,0.0,0.0,18
2023-05-09 21:06:56,MA401C2250,MA401C2250,211.5,0.0,0.0,0.0,17,195.5,198.0,10,211.5,0.0,0.0,0.0,0.0,0.0,18
2023-05-09 21:07:11,MA401C2250,MA401C2250,211.5,0.0,0.0,0.0,10,194.0,198.0,10,211.5,0.0,0.0,0.0,0.0,0.0,18
2023-05-09 21:07:11,MA401C2250,MA401C2250,211.5,0.0,0.0,0.0,10,194.5,198.0,10,211.5,0.0,0.0,0.0,0.0,0.0,18
2023-05-09 21:07:18,MA401C2250,MA401C2250,211.5,0.0,0.0,0.0,17,194.5,198.0,10,211.5,0.0,0.0,0.0,0.0,0.0,18
2023-05-09 21:07:23,MA401C2250,MA401C2250,211.5,0.0,0.0,0.0,7,195.0,198.0,10,211.5,0.0,0.0,0.0,0.0,0.0,18
2023-05-09 21:07:24,MA401C2250,MA401C2250,211.5,0.0,0.0,0.0,10,195.5,198.0,10,211.5,0.0,0.0,0.0,0.0,0.0,18
2023-05-09 21:07:33,MA401C2250,MA401C2250,211.5,0.0,0.0,0.0,17,195.5,198.0,10,211.5,0.0,0.0,0.0,0.0,0.0,18
2023-05-09 21:07:47,MA401C2250,MA401C2250,211.5,0.0,0.0,0.0,7,195.5,198.0,10,211.5,0.0,0.0,0.0,0.0,0.0,18
2023-05-09 21:07:57,MA401C2250,MA401C2250,211.5,0.0,0.0,0.0,10,196.0,199.0,10,211.5,0.0,0.0,0.0,0.0,0.0,18
2023-05-09 21:08:00,MA401C2250,MA401C2250,211.5,0.0,0.0,0.0,7,196.5,199.0,10,211.5,0.0,0.0,0.0,0.0,0.0,18
2023-05-09 21:08:01,MA401C2250,MA401C2250,211.5,0.0,0.0,0.0,17,196.5,199.0,10,211.5,0.0,0.0,0.0,0.0,0.0,18
2023-05-09 21:08:06,MA401C2250,MA401C2250,211.5,0.0,0.0,0.0,7,196.5,199.0,10,211.5,0.0,0.0,0.0,0.0,0.0,18
2023-05-09 21:08:30,MA401C2250,MA401C2250,211.5,0.0,0.0,0.0,7,195.5,199.0,10,211.5,0.0,0.0,0.0,0.0,0.0,18
2023-05-09 21:08:30,MA401C2250,MA401C2250,211.5,0.0,0.0,0.0,10,196.0,199.0,10,211.5,0.0,0.0,0.0,0.0,0.0,18
2023-05-09 21:08:37,MA401C2250,MA401C2250,211.5,0.0,0.0,0.0,17,196.0,199.0,10,211.5,0.0,0.0,0.0,0.0,0.0,18
2023-05-09 21:08:47,MA401C2250,MA401C2250,211.5,0.0,0.0,0.0,7,196.0,199.0,10,211.5,0.0,0.0,0.0,0.0,0.0,18
2023-05-09 21:08:49,MA401C2250,MA401C2250,211.5,0.0,0.0,0.0,7,196.0,198.5,7,211.5,0.0,0.0,0.0,0.0,0.0,18
2023-05-09 21:08:49,MA401C2250,MA401C2250,211.5,0.0,0.0,0.0,7,196.0,198.0,10,211.5,0.0,0.0,0.0,0.0,0.0,18
2023-05-09 21:09:02,MA401C2250,MA401C2250,211.5,0.0,0.0,0.0,7,195.5,198.0,10,211.5,0.0,0.0,0.0,0.0,0.0,18
2023-05-09 21:09:02,MA401C2250,MA401C2250,211.5,0.0,0.0,0.0,17,195.5,198.0,10,211.5,0.0,0.0,0.0,0.0,0.0,18
2023-05-09 21:09:10,MA401C2250,MA401C2250,211.5,0.0,0.0,0.0,7,195.5,198.0,10,211.5,0.0,0.0,0.0,0.0,0.0,18
2023-05-09 21:09:11,MA401C2250,MA401C2250,211.5,0.0,0.0,0.0,10,194.5,198.0,10,211.5,0.0,0.0,0.0,0.0,0.0,18
2023-05-09 21:09:11,MA401C2250,MA401C2250,211.5,0.0,0.0,0.0,17,194.5,198.0,10,211.5,0.0,0.0,0.0,0.0,0.0,18
2023-05-09 21:09:11,MA401C2250,MA401C2250,211.5,0.0,0.0,0.0,10,194.5,198.0,10,211.5,0.0,0.0,0.0,0.0,0.0,18
2023-05-09 21:09:11,MA401C2250,MA401C2250,211.5,0.0,0.0,0.0,17,194.5,198.0,10,211.5,0.0,0.0,0.0,0.0,0.0,18
2023-05-09 21:09:28,MA401C2250,MA401C2250,211.5,0.0,0.0,0.0,7,195.0,198.0,10,211.5,0.0,0.0,0.0,0.0,0.0,18
2023-05-09 21:09:28,MA401C2250,MA401C2250,211.5,0.0,0.0,0.0,17,195.0,198.0,10,211.5,0.0,0.0,0.0,0.0,0.0,18
2023-05-09 21:10:03,MA401C2250,MA401C2250,211.5,0.0,0.0,0.0,7,195.5,198.0,10,211.5,0.0,0.0,0.0,0.0,0.0,18
2023-05-09 21:10:04,MA401C2250,MA401C2250,211.5,0.0,0.0,0.0,10,196.0,198.0,10,211.5,0.0,0.0,0.0,0.0,0.0,18
2023-05-09 21:10:08,MA401C2250,MA401C2250,211.5,0.0,0.0,0.0,17,196.0,198.0,10,211.5,0.0,0.0,0.0,0.0,0.0,18
2023-05-09 21:10:17,MA401C2250,MA401C2250,211.5,0.0,0.0,0.0,17,196.0,198.5,17,211.5,0.0,0.0,0.0,0.0,0.0,18
2023-05-09 21:10:24,MA401C2250,MA401C2250,211.5,0.0,0.0,0.0,17,196.0,198.5,10,211.5,0.0,0.0,0.0,0.0,0.0,18
2023-05-09 21:10:44,MA401C2250,MA401C2250,211.5,0.0,0.0,0.0,7,196.5,198.5,10,211.5,0.0,0.0,0.0,0.0,0.0,18
2023-05-09 21:10:44,MA401C2250,MA401C2250,211.5,0.0,0.0,0.0,17,196.5,198.5,10,211.5,0.0,0.0,0.0,0.0,0.0,18
2023-05-09 21:10:48,MA401C2250,MA401C2250,211.5,0.0,0.0,0.0,7,196.5,198.5,10,211.5,0.0,0.0,0.0,0.0,0.0,18
2023-05-09 21:11:11,MA401C2250,MA401C2250,211.5,0.0,0.0,0.0,10,197.0,199.0,10,211.5,0.0,0.0,0.0,0.0,0.0,18
2023-05-09 21:11:11,MA401C2250,MA401C2250,211.5,0.0,0.0,0.0,17,197.0,199.0,10,211.5,0.0,0.0,0.0,0.0,0.0,18
2023-05-09 21:11:24,MA401C2250,MA401C2250,211.5,0.0,0.0,0.0,17,197.0,199.5,10,211.5,0.0,0.0,0.0,0.0,0.0,18
2023-05-09 21:11:29,MA401C2250,MA401C2250,211.5,0.0,0.0,0.0,7,197.0,199.5,10,211.5,0.0,0.0,0.0,0.0,0.0,18
2023-05-09 21:12:11,MA401C2250,MA401C2250,211.5,0.0,0.0,0.0,17,196.5,199.5,10,211.5,0.0,0.0,0.0,0.0,0.0,18
2023-05-09 21:12:12,MA401C2250,MA401C2250,211.5,0.0,0.0,0.0,17,196.5,199.5,17,211.5,0.0,0.0,0.0,0.0,0.0,18
2023-05-09 21:12:41,MA401C2250,MA401C2250,211.5,0.0,0.0,0.0,7,196.5,199.5,17,211.5,0.0,0.0,0.0,0.0,0.0,18
2023-05-09 21:12:43,MA401C2250,MA401C2250,211.5,0.0,0.0,0.0,10,194.5,199.5,17,211.5,0.0,0.0,0.0,0.0,0.0,18
2023-05-09 21:12:43,MA401C2250,MA401C2250,211.5,0.0,0.0,0.0,10,195.0,199.5,27,211.5,0.0,0.0,0.0,0.0,0.0,18
2023-05-09 21:12:45,MA401C2250,MA401C2250,211.5,0.0,0.0,0.0,7,195.5,199.5,27,211.5,0.0,0.0,0.0,0.0,0.0,18
2023-05-09 21:12:46,MA401C2250,MA401C2250,211.5,0.0,0.0,0.0,10,196.0,199.5,27,211.5,0.0,0.0,0.0,0.0,0.0,18
2023-05-09 21:12:52,MA401C2250,MA401C2250,211.5,0.0,0.0,0.0,17,195.5,199.5,27,211.5,0.0,0.0,0.0,0.0,0.0,18
2023-05-09 21:12:54,MA401C2250,MA401C2250,211.5,0.0,0.0,0.0,7,196.0,199.5,27,211.5,0.0,0.0,0.0,0.0,0.0,18
2023-05-09 21:12:55,MA401C2250,MA401C2250,211.5,0.0,0.0,0.0,17,196.0,199.5,27,211.5,0.0,0.0,0.0,0.0,0.0,18
2023-05-09 21:13:04,MA401C2250,MA401C2250,211.5,0.0,0.0,0.0,7,196.0,198.5,7,211.5,0.0,0.0,0.0,0.0,0.0,18
2023-05-09 21:13:04,MA401C2250,MA401C2250,211.5,0.0,0.0,0.0,7,195.5,198.0,10,211.5,0.0,0.0,0.0,0.0,0.0,18
2023-05-09 21:13:17,MA401C2250,MA401C2250,211.5,0.0,0.0,0.0,10,193.0,198.0,10,211.5,0.0,0.0,0.0,0.0,0.0,18
2023-05-09 21:13:17,MA401C2250,MA401C2250,211.5,0.0,0.0,0.0,7,194.5,198.0,10,211.5,0.0,0.0,0.0,0.0,0.0,18
2023-05-09 21:13:18,MA401C2250,MA401C2250,211.5,0.0,0.0,0.0,10,195.0,198.0,10,211.5,0.0,0.0,0.0,0.0,0.0,18
2023-05-09 21:13:22,MA401C2250,MA401C2250,211.5,0.0,0.0,0.0,17,195.0,198.0,10,211.5,0.0,0.0,0.0,0.0,0.0,18
2023-05-09 21:13:26,MA401C2250,MA401C2250,211.5,0.0,0.0,0.0,7,195.5,198.0,10,211.5,0.0,0.0,0.0,0.0,0.0,18
2023-05-09 21:13:27,MA401C2250,MA401C2250,211.5,0.0,0.0,0.0,10,196.0,198.5,17,211.5,0.0,0.0,0.0,0.0,0.0,18
2023-05-09 21:13:28,MA401C2250,MA401C2250,211.5,0.0,0.0,0.0,10,196.0,199.5,17,211.5,0.0,0.0,0.0,0.0,0.0,18
2023-05-09 21:13:28,MA401C2250,MA401C2250,211.5,0.0,0.0,0.0,10,196.0,199.0,10,211.5,0.0,0.0,0.0,0.0,0.0,18
2023-05-09 21:13:32,MA401C2250,MA401C2250,211.5,0.0,0.0,0.0,7,196.5,199.0,10,211.5,0.0,0.0,0.0,0.0,0.0,18
2023-05-09 21:13:32,MA401C2250,MA401C2250,211.5,0.0,0.0,0.0,17,196.5,199.0,10,211.5,0.0,0.0,0.0,0.0,0.0,18
2023-05-09 21:14:00,MA401C2250,MA401C2250,211.5,0.0,0.0,0.0,17,196.5,199.5,17,211.5,0.0,0.0,0.0,0.0,0.0,18
2023-05-09 21:14:05,MA401C2250,MA401C2250,211.5,0.0,0.0,0.0,17,196.5,199.5,10,211.5,0.0,0.0,0.0,0.0,0.0,18
2023-05-09 21:14:06,MA401C2250,MA401C2250,211.5,0.0,0.0,0.0,7,197.0,199.5,10,211.5,0.0,0.0,0.0,0.0,0.0,18
2023-05-09 21:14:06,MA401C2250,MA401C2250,211.5,0.0,0.0,0.0,10,197.5,199.5,10,211.5,0.0,0.0,0.0,0.0,0.0,18
2023-05-09 21:14:13,MA401C2250,MA401C2250,211.5,0.0,0.0,0.0,17,197.5,199.5,10,211.5,0.0,0.0,0.0,0.0,0.0,18
2023-05-09 21:14:25,MA401C2250,MA401C2250,211.5,0.0,0.0,0.0,7,197.5,199.5,10,211.5,0.0,0.0,0.0,0.0,0.0,18
2023-05-09 21:14:29,MA401C2250,MA401C2250,211.5,0.0,0.0,0.0,17,197.5,199.5,10,211.5,0.0,0.0,0.0,0.0,0.0,18
2023-05-09 21:15:01,MA401C2250,MA401C2250,211.5,0.0,0.0,0.0,17,197.5,200.5,7,211.5,0.0,0.0,0.0,0.0,0.0,18
2023-05-09 21:15:02,MA401C2250,MA401C2250,211.5,0.0,0.0,0.0,17,197.5,200.0,10,211.5,0.0,0.0,0.0,0.0,0.0,18
2023-05-09 21:15:03,MA401C2250,MA401C2250,211.5,0.0,0.0,0.0,7,198.0,200.0,10,211.5,0.0,0.0,0.0,0.0,0.0,18
2023-05-09 21:15:04,MA401C2250,MA401C2250,211.5,0.0,0.0,0.0,17,198.0,200.0,10,211.5,0.0,0.0,0.0,0.0,0.0,18
2023-05-09 21:15:06,MA401C2250,MA401C2250,211.5,0.0,0.0,0.0,17,198.0,201.5,10,211.5,0.0,0.0,0.0,0.0,0.0,18
2023-05-09 21:15:11,MA401C2250,MA401C2250,211.5,0.0,0.0,0.0,7,198.5,201.5,10,211.5,0.0,0.0,0.0,0.0,0.0,18
2023-05-09 21:15:12,MA401C2250,MA401C2250,211.5,0.0,0.0,0.0,17,198.5,201.5,10,211.5,0.0,0.0,0.0,0.0,0.0,18
2023-05-09 21:15:19,MA401C2250,MA401C2250,211.5,0.0,0.0,0.0,7,199.0,201.5,10,211.5,0.0,0.0,0.0,0.0,0.0,18
2023-05-09 21:15:19,MA401C2250,MA401C2250,211.5,0.0,0.0,0.0,17,199.0,201.5,10,211.5,0.0,0.0,0.0,0.0,0.0,18
2023-05-09 21:15:20,MA401C2250,MA401C2250,211.5,0.0,0.0,0.0,7,199.0,201.5,10,211.5,0.0,0.0,0.0,0.0,0.0,18
2023-05-09 21:15:27,MA401C2250,MA401C2250,211.5,0.0,0.0,0.0,7,199.0,202.0,7,211.5,0.0,0.0,0.0,0.0,0.0,18
2023-05-09 21:15:27,MA401C2250,MA401C2250,211.5,0.0,0.0,0.0,10,199.5,202.0,10,211.5,0.0,0.0,0.0,0.0,0.0,18
2023-05-09 21:15:32,MA401C2250,MA401C2250,211.5,0.0,0.0,0.0,7,200.0,202.0,10,211.5,0.0,0.0,0.0,0.0,0.0,18
2023-05-09 21:15:51,MA401C2250,MA401C2250,211.5,0.0,0.0,0.0,7,200.0,203.0,7,211.5,0.0,0.0,0.0,0.0,0.0,18
2023-05-09 21:15:51,MA401C2250,MA401C2250,211.5,0.0,0.0,0.0,17,200.0,202.5,10,211.5,0.0,0.0,0.0,0.0,0.0,18
2023-05-09 21:15:55,MA401C2250,MA401C2250,211.5,0.0,0.0,0.0,27,200.0,202.5,10,211.5,0.0,0.0,0.0,0.0,0.0,18
2023-05-09 21:15:56,MA401C2250,MA401C2250,211.5,0.0,0.0,0.0,7,200.5,202.5,10,211.5,0.0,0.0,0.0,0.0,0.0,18
2023-05-09 21:15:58,MA401C2250,MA401C2250,211.5,0.0,0.0,0.0,17,200.5,202.5,10,211.5,0.0,0.0,0.0,0.0,0.0,18
2023-05-09 21:16:00,MA401C2250,MA401C2250,211.5,0.0,0.0,0.0,7,200.5,202.5,10,211.5,0.0,0.0,0.0,0.0,0.0,18
2023-05-09 21:16:12,MA401C2250,MA401C2250,211.5,0.0,0.0,0.0,7,200.0,202.5,10,211.5,0.0,0.0,0.0,0.0,0.0,18
2023-05-09 21:17:11,MA401C2250,MA401C2250,211.5,0.0,0.0,0.0,17,200.0,202.5,10,211.5,0.0,0.0,0.0,0.0,0.0,18
2023-05-09 21:17:24,MA401C2250,MA401C2250,211.5,0.0,0.0,0.0,7,200.0,202.5,10,211.5,0.0,0.0,0.0,0.0,0.0,18
2023-05-09 21:17:55,MA401C2250,MA401C2250,211.5,0.0,0.0,0.0,17,200.0,202.5,10,211.5,0.0,0.0,0.0,0.0,0.0,18
2023-05-09 21:18:00,MA401C2250,MA401C2250,211.5,0.0,0.0,0.0,7,200.0,202.5,10,211.5,0.0,0.0,0.0,0.0,0.0,18
2023-05-09 21:18:05,MA401C2250,MA401C2250,211.5,0.0,0.0,0.0,17,200.0,202.5,10,211.5,0.0,0.0,0.0,0.0,0.0,18
2023-05-09 21:18:06,MA401C2250,MA401C2250,211.5,0.0,0.0,0.0,7,200.0,202.5,10,211.5,0.0,0.0,0.0,0.0,0.0,18
2023-05-09 21:18:44,MA401C2250,MA401C2250,211.5,0.0,0.0,0.0,1,189.5,202.5,10,211.5,0.0,0.0,0.0,0.0,0.0,18
2023-05-09 21:18:44,MA401C2250,MA401C2250,211.5,0.0,0.0,0.0,10,190.0,202.5,10,211.5,0.0,0.0,0.0,0.0,0.0,18
2023-05-09 21:18:46,MA401C2250,MA401C2250,211.5,0.0,0.0,0.0,7,198.5,202.0,7,211.5,0.0,0.0,0.0,0.0,0.0,18
2023-05-09 21:18:47,MA401C2250,MA401C2250,211.5,0.0,0.0,0.0,10,199.0,201.5,10,211.5,0.0,0.0,0.0,0.0,0.0,18
2023-05-09 21:18:47,MA401C2250,MA401C2250,211.5,0.0,0.0,0.0,17,199.0,201.5,10,211.5,0.0,0.0,0.0,0.0,0.0,18
2023-05-09 21:18:47,MA401C2250,MA401C2250,211.5,0.0,0.0,0.0,10,199.0,201.5,10,211.5,0.0,0.0,0.0,0.0,0.0,18
2023-05-09 21:18:47,MA401C2250,MA401C2250,211.5,0.0,0.0,0.0,17,199.0,201.5,10,211.5,0.0,0.0,0.0,0.0,0.0,18
2023-05-09 21:19:48,MA401C2250,MA401C2250,211.5,0.0,0.0,0.0,7,199.0,201.5,10,211.5,0.0,0.0,0.0,0.0,0.0,18
2023-05-09 21:19:50,MA401C2250,MA401C2250,211.5,0.0,0.0,0.0,17,198.5,201.5,10,211.5,0.0,0.0,0.0,0.0,0.0,18
2023-05-09 21:19:55,MA401C2250,MA401C2250,211.5,0.0,0.0,0.0,7,198.5,201.0,7,211.5,0.0,0.0,0.0,0.0,0.0,18
2023-05-09 21:19:56,MA401C2250,MA401C2250,211.5,0.0,0.0,0.0,7,198.5,200.5,10,211.5,0.0,0.0,0.0,0.0,0.0,18
2023-05-09 21:19:57,MA401C2250,MA401C2250,211.5,0.0,0.0,0.0,7,197.5,200.5,10,211.5,0.0,0.0,0.0,0.0,0.0,18
2023-05-09 21:19:58,MA401C2250,MA401C2250,211.5,0.0,0.0,0.0,10,198.0,200.5,10,211.5,0.0,0.0,0.0,0.0,0.0,18
2023-05-09 21:20:02,MA401C2250,MA401C2250,211.5,0.0,0.0,0.0,7,197.5,200.5,10,211.5,0.0,0.0,0.0,0.0,0.0,18
2023-05-09 21:20:02,MA401C2250,MA401C2250,211.5,0.0,0.0,0.0,17,197.5,200.5,10,211.5,0.0,0.0,0.0,0.0,0.0,18
2023-05-09 21:21:04,MA401C2250,MA401C2250,211.5,0.0,0.0,0.0,17,197.5,200.5,17,211.5,0.0,0.0,0.0,0.0,0.0,18
2023-05-09 21:21:05,MA401C2250,MA401C2250,211.5,0.0,0.0,0.0,7,197.5,200.5,17,211.5,0.0,0.0,0.0,0.0,0.0,18
2023-05-09 21:22:12,MA401C2250,MA401C2250,211.5,0.0,0.0,0.0,10,190.0,200.5,17,211.5,0.0,0.0,0.0,0.0,0.0,18
2023-05-09 21:22:18,MA401C2250,MA401C2250,211.5,0.0,0.0,0.0,7,196.0,199.5,7,211.5,0.0,0.0,0.0,0.0,0.0,18
2023-05-09 21:22:18,MA401C2250,MA401C2250,211.5,0.0,0.0,0.0,10,196.5,199.0,10,211.5,0.0,0.0,0.0,0.0,0.0,18
2023-05-09 21:22:23,MA401C2250,MA401C2250,211.5,0.0,0.0,0.0,17,196.5,199.0,10,211.5,0.0,0.0,0.0,0.0,0.0,18
2023-05-09 21:23:07,MA401C2250,MA401C2250,211.5,0.0,0.0,0.0,7,196.5,199.0,10,211.5,0.0,0.0,0.0,0.0,0.0,18
2023-05-09 21:23:36,MA401C2250,MA401C2250,211.5,0.0,0.0,0.0,7,196.5,199.0,17,211.5,0.0,0.0,0.0,0.0,0.0,18
2023-05-09 21:23:36,MA401C2250,MA401C2250,211.5,0.0,0.0,0.0,17,196.5,199.0,17,211.5,0.0,0.0,0.0,0.0,0.0,18
2023-05-09 21:23:37,MA401C2250,MA401C2250,211.5,0.0,0.0,0.0,7,196.5,199.0,17,211.5,0.0,0.0,0.0,0.0,0.0,18
2023-05-09 21:23:42,MA401C2250,MA401C2250,211.5,0.0,0.0,0.0,17,196.5,199.0,17,211.5,0.0,0.0,0.0,0.0,0.0,18
2023-05-09 21:23:58,MA401C2250,MA401C2250,211.5,0.0,0.0,0.0,7,196.5,199.0,17,211.5,0.0,0.0,0.0,0.0,0.0,18
2023-05-09 21:24:02,MA401C2250,MA401C2250,211.5,0.0,0.0,0.0,17,196.5,199.0,17,211.5,0.0,0.0,0.0,0.0,0.0,18
2023-05-09 21:24:03,MA401C2250,MA401C2250,211.5,0.0,0.0,0.0,7,196.0,199.0,17,211.5,0.0,0.0,0.0,0.0,0.0,18
2023-05-09 21:24:03,MA401C2250,MA401C2250,211.5,0.0,0.0,0.0,17,196.0,199.0,17,211.5,0.0,0.0,0.0,0.0,0.0,18
2023-05-09 21:25:01,MA401C2250,MA401C2250,211.5,0.0,0.0,0.0,7,196.5,199.0,17,211.5,0.0,0.0,0.0,0.0,0.0,18
2023-05-09 21:25:02,MA401C2250,MA401C2250,211.5,0.0,0.0,0.0,17,196.5,199.0,17,211.5,0.0,0.0,0.0,0.0,0.0,18
2023-05-09 21:25:16,MA401C2250,MA401C2250,211.5,0.0,0.0,0.0,17,196.5,199.0,7,211.5,0.0,0.0,0.0,0.0,0.0,18
2023-05-09 21:25:17,MA401C2250,MA401C2250,211.5,0.0,0.0,0.0,7,197.0,199.0,10,211.5,0.0,0.0,0.0,0.0,0.0,18
2023-05-09 21:25:18,MA401C2250,MA401C2250,211.5,0.0,0.0,0.0,17,197.0,199.0,10,211.5,0.0,0.0,0.0,0.0,0.0,18
2023-05-09 21:25:28,MA401C2250,MA401C2250,211.5,0.0,0.0,0.0,17,197.0,205.5,10,211.5,0.0,0.0,0.0,0.0,0.0,18
2023-05-09 21:25:29,MA401C2250,MA401C2250,211.5,0.0,0.0,0.0,17,197.0,205.0,10,211.5,0.0,0.0,0.0,0.0,0.0,18
2023-05-09 21:25:31,MA401C2250,MA401C2250,211.5,0.0,0.0,0.0,7,197.5,201.0,7,211.5,0.0,0.0,0.0,0.0,0.0,18
2023-05-09 21:25:31,MA401C2250,MA401C2250,211.5,0.0,0.0,0.0,17,197.5,200.5,10,211.5,0.0,0.0,0.0,0.0,0.0,18
2023-05-09 21:26:56,MA401C2250,MA401C2250,211.5,0.0,0.0,0.0,7,198.0,200.5,10,211.5,0.0,0.0,0.0,0.0,0.0,18
2023-05-09 21:26:57,MA401C2250,MA401C2250,211.5,0.0,0.0,0.0,17,198.0,200.5,10,211.5,0.0,0.0,0.0,0.0,0.0,18
2023-05-09 21:27:38,MA401C2250,MA401C2250,211.5,0.0,0.0,0.0,7,198.0,200.5,10,211.5,0.0,0.0,0.0,0.0,0.0,18
2023-05-09 21:28:10,MA401C2250,MA401C2250,211.5,0.0,0.0,0.0,17,198.0,200.5,10,211.5,0.0,0.0,0.0,0.0,0.0,18
2023-05-09 21:28:52,MA401C2250,MA401C2250,211.5,0.0,0.0,0.0,17,198.0,201.0,7,211.5,0.0,0.0,0.0,0.0,0.0,18
2023-05-09 21:28:52,MA401C2250,MA401C2250,211.5,0.0,0.0,0.0,17,198.0,201.0,10,211.5,0.0,0.0,0.0,0.0,0.0,18
2023-05-09 21:28:56,MA401C2250,MA401C2250,211.5,0.0,0.0,0.0,7,199.0,201.0,10,211.5,0.0,0.0,0.0,0.0,0.0,18
2023-05-09 21:28:56,MA401C2250,MA401C2250,211.5,0.0,0.0,0.0,17,199.0,201.0,10,211.5,0.0,0.0,0.0,0.0,0.0,18
2023-05-09 21:29:05,MA401C2250,MA401C2250,211.5,0.0,0.0,0.0,7,199.0,201.0,10,211.5,0.0,0.0,0.0,0.0,0.0,18
2023-05-09 21:29:10,MA401C2250,MA401C2250,211.5,0.0,0.0,0.0,7,198.0,201.0,10,211.5,0.0,0.0,0.0,0.0,0.0,18
2023-05-09 21:29:12,MA401C2250,MA401C2250,211.5,0.0,0.0,0.0,17,198.0,201.0,17,211.5,0.0,0.0,0.0,0.0,0.0,18
2023-05-09 21:29:33,MA401C2250,MA401C2250,211.5,0.0,0.0,0.0,7,198.0,201.0,17,211.5,0.0,0.0,0.0,0.0,0.0,18
2023-05-09 21:29:48,MA401C2250,MA401C2250,211.5,0.0,0.0,0.0,10,194.0,200.5,7,211.5,0.0,0.0,0.0,0.0,0.0,18
2023-05-09 21:29:49,MA401C2250,MA401C2250,211.5,0.0,0.0,0.0,10,194.5,200.0,10,211.5,0.0,0.0,0.0,0.0,0.0,18
2023-05-09 21:29:49,MA401C2250,MA401C2250,211.5,0.0,0.0,0.0,7,197.0,200.0,10,211.5,0.0,0.0,0.0,0.0,0.0,18
2023-05-09 21:29:50,MA401C2250,MA401C2250,211.5,0.0,0.0,0.0,17,197.0,200.0,10,211.5,0.0,0.0,0.0,0.0,0.0,18
2023-05-09 21:30:04,MA401C2250,MA401C2250,211.5,0.0,0.0,0.0,17,197.0,200.0,17,211.5,0.0,0.0,0.0,0.0,0.0,18
2023-05-09 21:30:21,MA401C2250,MA401C2250,211.5,0.0,0.0,0.0,7,197.0,200.0,17,211.5,0.0,0.0,0.0,0.0,0.0,18
2023-05-09 21:30:27,MA401C2250,MA401C2250,211.5,0.0,0.0,0.0,7,197.0,199.5,7,211.5,0.0,0.0,0.0,0.0,0.0,18
2023-05-09 21:30:27,MA401C2250,MA401C2250,211.5,0.0,0.0,0.0,7,197.0,199.0,10,211.5,0.0,0.0,0.0,0.0,0.0,18
2023-05-09 21:30:28,MA401C2250,MA401C2250,211.5,0.0,0.0,0.0,7,196.0,199.0,10,211.5,0.0,0.0,0.0,0.0,0.0,18
2023-05-09 21:30:28,MA401C2250,MA401C2250,211.5,0.0,0.0,0.0,10,196.5,199.0,10,211.5,0.0,0.0,0.0,0.0,0.0,18
2023-05-09 21:30:35,MA401C2250,MA401C2250,211.5,0.0,0.0,0.0,17,196.0,199.0,10,211.5,0.0,0.0,0.0,0.0,0.0,18
2023-05-09 21:30:49,MA401C2250,MA401C2250,211.5,0.0,0.0,0.0,7,196.0,199.0,10,211.5,0.0,0.0,0.0,0.0,0.0,18
2023-05-09 21:30:54,MA401C2250,MA401C2250,211.5,0.0,0.0,0.0,17,196.0,199.0,17,211.5,0.0,0.0,0.0,0.0,0.0,18
2023-05-09 21:31:04,MA401C2250,MA401C2250,211.5,0.0,0.0,0.0,7,196.0,199.0,17,211.5,0.0,0.0,0.0,0.0,0.0,18
2023-05-09 21:31:15,MA401C2250,MA401C2250,211.5,0.0,0.0,0.0,17,196.0,199.0,17,211.5,0.0,0.0,0.0,0.0,0.0,18
2023-05-09 21:31:17,MA401C2250,MA401C2250,211.5,0.0,0.0,0.0,7,196.0,199.0,17,211.5,0.0,0.0,0.0,0.0,0.0,18
2023-05-09 21:31:50,MA401C2250,MA401C2250,211.5,0.0,0.0,0.0,17,196.0,199.0,17,211.5,0.0,0.0,0.0,0.0,0.0,18
2023-05-09 21:31:54,MA401C2250,MA401C2250,211.5,0.0,0.0,0.0,7,196.0,199.0,17,211.5,0.0,0.0,0.0,0.0,0.0,18
2023-05-09 21:33:07,MA401C2250,MA401C2250,211.5,0.0,0.0,0.0,7,196.5,199.0,17,211.5,0.0,0.0,0.0,0.0,0.0,18
2023-05-09 21:33:07,MA401C2250,MA401C2250,211.5,0.0,0.0,0.0,17,196.5,199.0,17,211.5,0.0,0.0,0.0,0.0,0.0,18
2023-05-09 21:33:27,MA401C2250,MA401C2250,211.5,0.0,0.0,0.0,17,196.5,199.0,10,211.5,0.0,0.0,0.0,0.0,0.0,18
2023-05-09 21:33:27,MA401C2250,MA401C2250,211.5,0.0,0.0,0.0,17,196.5,199.5,7,211.5,0.0,0.0,0.0,0.0,0.0,18
2023-05-09 21:33:27,MA401C2250,MA401C2250,211.5,0.0,0.0,0.0,17,196.5,199.5,17,211.5,0.0,0.0,0.0,0.0,0.0,18
2023-05-09 21:33:31,MA401C2250,MA401C2250,211.5,0.0,0.0,0.0,7,197.5,199.5,17,211.5,0.0,0.0,0.0,0.0,0.0,18
2023-05-09 21:33:32,MA401C2250,MA401C2250,211.5,0.0,0.0,0.0,17,197.5,199.5,17,211.5,0.0,0.0,0.0,0.0,0.0,18
2023-05-09 21:33:51,MA401C2250,MA401C2250,211.5,0.0,0.0,0.0,17,197.5,199.5,10,211.5,0.0,0.0,0.0,0.0,0.0,18
2023-05-09 21:33:52,MA401C2250,MA401C2250,211.5,0.0,0.0,0.0,17,197.5,207.0,10,211.5,0.0,0.0,0.0,0.0,0.0,18
2023-05-09 21:33:58,MA401C2250,MA401C2250,211.5,0.0,0.0,0.0,7,198.0,201.5,7,211.5,0.0,0.0,0.0,0.0,0.0,18
2023-05-09 21:33:59,MA401C2250,MA401C2250,211.5,0.0,0.0,0.0,10,198.5,201.0,10,211.5,0.0,0.0,0.0,0.0,0.0,18
2023-05-09 21:33:59,MA401C2250,MA401C2250,211.5,0.0,0.0,0.0,17,198.0,201.0,10,211.5,0.0,0.0,0.0,0.0,0.0,18
2023-05-09 21:34:20,MA401C2250,MA401C2250,211.5,0.0,0.0,0.0,7,198.5,201.0,10,211.5,0.0,0.0,0.0,0.0,0.0,18
2023-05-09 21:34:21,MA401C2250,MA401C2250,211.5,0.0,0.0,0.0,17,198.5,201.0,10,211.5,0.0,0.0,0.0,0.0,0.0,18
2023-05-09 21:36:14,MA401C2250,MA401C2250,211.5,0.0,0.0,0.0,17,198.5,201.5,17,211.5,0.0,0.0,0.0,0.0,0.0,18
2023-05-09 21:36:18,MA401C2250,MA401C2250,211.5,0.0,0.0,0.0,7,199.0,201.5,17,211.5,0.0,0.0,0.0,0.0,0.0,18
2023-05-09 21:36:19,MA401C2250,MA401C2250,211.5,0.0,0.0,0.0,17,199.0,201.5,17,211.5,0.0,0.0,0.0,0.0,0.0,18
2023-05-09 21:37:38,MA401C2250,MA401C2250,211.5,0.0,0.0,0.0,7,199.0,201.5,17,211.5,0.0,0.0,0.0,0.0,0.0,18
2023-05-09 21:39:42,MA401C2250,MA401C2250,211.5,0.0,0.0,0.0,17,199.0,201.5,17,211.5,0.0,0.0,0.0,0.0,0.0,18
2023-05-09 21:39:43,MA401C2250,MA401C2250,211.5,0.0,0.0,0.0,7,199.0,201.5,17,211.5,0.0,0.0,0.0,0.0,0.0,18
2023-05-09 21:39:51,MA401C2250,MA401C2250,211.5,0.0,0.0,0.0,7,198.5,201.5,17,211.5,0.0,0.0,0.0,0.0,0.0,18
2023-05-09 21:39:51,MA401C2250,MA401C2250,211.5,0.0,0.0,0.0,17,198.5,201.5,17,211.5,0.0,0.0,0.0,0.0,0.0,18
2023-05-09 21:40:56,MA401C2250,MA401C2250,211.5,0.0,0.0,0.0,7,198.5,201.5,17,211.5,0.0,0.0,0.0,0.0,0.0,18
2023-05-09 21:41:14,MA401C2250,MA401C2250,211.5,0.0,0.0,0.0,10,192.5,201.5,17,211.5,0.0,0.0,0.0,0.0,0.0,18
2023-05-09 21:41:14,MA401C2250,MA401C2250,211.5,0.0,0.0,0.0,10,193.0,201.5,17,211.5,0.0,0.0,0.0,0.0,0.0,18
2023-05-09 21:41:21,MA401C2250,MA401C2250,211.5,0.0,0.0,0.0,7,197.0,200.5,7,211.5,0.0,0.0,0.0,0.0,0.0,18
2023-05-09 21:41:21,MA401C2250,MA401C2250,211.5,0.0,0.0,0.0,10,197.5,200.0,10,211.5,0.0,0.0,0.0,0.0,0.0,18
2023-05-09 21:41:55,MA401C2250,MA401C2250,211.5,0.0,0.0,0.0,17,197.5,200.0,10,211.5,0.0,0.0,0.0,0.0,0.0,18
2023-05-09 21:42:11,MA401C2250,MA401C2250,211.5,0.0,0.0,0.0,7,198.0,200.5,7,211.5,0.0,0.0,0.0,0.0,0.0,18
2023-05-09 21:42:11,MA401C2250,MA401C2250,211.5,0.0,0.0,0.0,10,198.5,200.5,17,211.5,0.0,0.0,0.0,0.0,0.0,18
2023-05-09 21:42:13,MA401C2250,MA401C2250,211.5,0.0,0.0,0.0,10,198.5,200.5,10,211.5,0.0,0.0,0.0,0.0,0.0,18
2023-05-09 21:42:14,MA401C2250,MA401C2250,211.5,0.0,0.0,0.0,10,198.5,201.5,7,211.5,0.0,0.0,0.0,0.0,0.0,18
2023-05-09 21:42:14,MA401C2250,MA401C2250,211.5,0.0,0.0,0.0,10,198.5,201.0,10,211.5,0.0,0.0,0.0,0.0,0.0,18
2023-05-09 21:42:17,MA401C2250,MA401C2250,211.5,0.0,0.0,0.0,17,198.5,201.0,10,211.5,0.0,0.0,0.0,0.0,0.0,18
2023-05-09 21:42:32,MA401C2250,MA401C2250,211.5,0.0,0.0,0.0,7,199.0,201.0,10,211.5,0.0,0.0,0.0,0.0,0.0,18
2023-05-09 21:42:33,MA401C2250,MA401C2250,211.5,0.0,0.0,0.0,17,199.0,201.0,10,211.5,0.0,0.0,0.0,0.0,0.0,18
2023-05-09 21:42:37,MA401C2250,MA401C2250,211.5,0.0,0.0,0.0,17,199.0,201.5,7,211.5,0.0,0.0,0.0,0.0,0.0,18
2023-05-09 21:42:50,MA401C2250,MA401C2250,211.5,0.0,0.0,0.0,17,199.0,204.0,10,211.5,0.0,0.0,0.0,0.0,0.0,18
2023-05-09 21:42:53,MA401C2250,MA401C2250,211.5,0.0,0.0,0.0,7,200.0,203.0,7,211.5,0.0,0.0,0.0,0.0,0.0,18
2023-05-09 21:42:54,MA401C2250,MA401C2250,211.5,0.0,0.0,0.0,17,200.0,202.5,10,211.5,0.0,0.0,0.0,0.0,0.0,18
2023-05-09 21:43:04,MA401C2250,MA401C2250,211.5,0.0,0.0,0.0,7,200.0,202.5,10,211.5,0.0,0.0,0.0,0.0,0.0,18
2023-05-09 21:43:56,MA401C2250,MA401C2250,211.5,0.0,0.0,0.0,7,199.0,202.5,17,211.5,0.0,0.0,0.0,0.0,0.0,18
2023-05-09 21:43:56,MA401C2250,MA401C2250,211.5,0.0,0.0,0.0,10,199.5,202.5,17,211.5,0.0,0.0,0.0,0.0,0.0,18
2023-05-09 21:45:17,MA401C2250,MA401C2250,211.5,0.0,0.0,0.0,7,199.0,202.5,17,211.5,0.0,0.0,0.0,0.0,0.0,18
2023-05-09 21:45:17,MA401C2250,MA401C2250,211.5,0.0,0.0,0.0,17,199.0,202.5,17,211.5,0.0,0.0,0.0,0.0,0.0,18
2023-05-09 21:45:18,MA401C2250,MA401C2250,211.5,0.0,0.0,0.0,7,199.0,202.0,7,211.5,0.0,0.0,0.0,0.0,0.0,18
2023-05-09 21:45:18,MA401C2250,MA401C2250,211.5,0.0,0.0,0.0,7,199.0,201.5,10,211.5,0.0,0.0,0.0,0.0,0.0,18
2023-05-09 21:45:35,MA401C2250,MA401C2250,211.5,0.0,0.0,0.0,17,199.0,201.5,10,211.5,0.0,0.0,0.0,0.0,0.0,18
2023-05-09 21:46:39,MA401C2250,MA401C2250,211.5,0.0,0.0,0.0,7,199.0,201.5,10,211.5,0.0,0.0,0.0,0.0,0.0,18
2023-05-09 21:46:46,MA401C2250,MA401C2250,211.5,0.0,0.0,0.0,17,199.0,201.5,10,211.5,0.0,0.0,0.0,0.0,0.0,18
2023-05-09 21:47:36,MA401C2250,MA401C2250,211.5,0.0,0.0,0.0,7,199.5,201.5,10,211.5,0.0,0.0,0.0,0.0,0.0,18
2023-05-09 21:47:37,MA401C2250,MA401C2250,211.5,0.0,0.0,0.0,17,199.5,201.5,10,211.5,0.0,0.0,0.0,0.0,0.0,18
2023-05-09 21:47:42,MA401C2250,MA401C2250,211.5,0.0,0.0,0.0,17,199.5,202.0,10,211.5,0.0,0.0,0.0,0.0,0.0,18
2023-05-09 21:47:44,MA401C2250,MA401C2250,211.5,0.0,0.0,0.0,7,200.0,202.0,10,211.5,0.0,0.0,0.0,0.0,0.0,18
2023-05-09 21:47:44,MA401C2250,MA401C2250,211.5,0.0,0.0,0.0,17,200.0,202.0,10,211.5,0.0,0.0,0.0,0.0,0.0,18
2023-05-09 21:48:00,MA401C2250,MA401C2250,211.5,0.0,0.0,0.0,7,200.0,202.0,10,211.5,0.0,0.0,0.0,0.0,0.0,18
2023-05-09 21:48:03,MA401C2250,MA401C2250,211.5,0.0,0.0,0.0,7,199.5,202.0,10,211.5,0.0,0.0,0.0,0.0,0.0,18
2023-05-09 21:48:45,MA401C2250,MA401C2250,211.5,0.0,0.0,0.0,17,200.0,202.0,10,211.5,0.0,0.0,0.0,0.0,0.0,18
2023-05-09 21:49:27,MA401C2250,MA401C2250,211.5,0.0,0.0,0.0,17,200.0,202.5,7,211.5,0.0,0.0,0.0,0.0,0.0,18
2023-05-09 21:49:27,MA401C2250,MA401C2250,211.5,0.0,0.0,0.0,17,200.0,202.5,17,211.5,0.0,0.0,0.0,0.0,0.0,18
2023-05-09 21:49:27,MA401C2250,MA401C2250,211.5,0.0,0.0,0.0,17,200.0,202.5,7,211.5,0.0,0.0,0.0,0.0,0.0,18
2023-05-09 21:49:27,MA401C2250,MA401C2250,211.5,0.0,0.0,0.0,17,200.0,202.5,17,211.5,0.0,0.0,0.0,0.0,0.0,18
2023-05-09 21:51:00,MA401C2250,MA401C2250,211.5,0.0,0.0,0.0,17,200.0,202.5,10,211.5,0.0,0.0,0.0,0.0,0.0,18
2023-05-09 21:51:01,MA401C2250,MA401C2250,211.5,0.0,0.0,0.0,7,200.5,202.5,10,211.5,0.0,0.0,0.0,0.0,0.0,18
2023-05-09 21:51:02,MA401C2250,MA401C2250,211.5,0.0,0.0,0.0,17,200.5,202.5,10,211.5,0.0,0.0,0.0,0.0,0.0,18
2023-05-09 21:51:03,MA401C2250,MA401C2250,211.5,0.0,0.0,0.0,17,200.5,207.0,10,211.5,0.0,0.0,0.0,0.0,0.0,18
2023-05-09 21:51:04,MA401C2250,MA401C2250,211.5,0.0,0.0,0.0,17,200.5,204.0,7,211.5,0.0,0.0,0.0,0.0,0.0,18
2023-05-09 21:51:04,MA401C2250,MA401C2250,211.5,0.0,0.0,0.0,17,200.5,203.5,10,211.5,0.0,0.0,0.0,0.0,0.0,18
2023-05-09 21:51:12,MA401C2250,MA401C2250,211.5,0.0,0.0,0.0,7,201.0,203.5,10,211.5,0.0,0.0,0.0,0.0,0.0,18
2023-05-09 21:51:12,MA401C2250,MA401C2250,211.5,0.0,0.0,0.0,17,201.0,203.5,10,211.5,0.0,0.0,0.0,0.0,0.0,18
2023-05-09 21:51:31,MA401C2250,MA401C2250,211.5,0.0,0.0,0.0,7,201.0,203.5,10,211.5,0.0,0.0,0.0,0.0,0.0,18
2023-05-09 21:51:31,MA401C2250,MA401C2250,211.5,0.0,0.0,0.0,7,200.5,203.0,7,211.5,0.0,0.0,0.0,0.0,0.0,18
2023-05-09 21:51:31,MA401C2250,MA401C2250,211.5,0.0,0.0,0.0,7,200.5,202.5,10,211.5,0.0,0.0,0.0,0.0,0.0,18
2023-05-09 21:51:54,MA401C2250,MA401C2250,211.5,0.0,0.0,0.0,17,200.5,202.5,10,211.5,0.0,0.0,0.0,0.0,0.0,18
2023-05-09 21:52:03,MA401C2250,MA401C2250,211.5,0.0,0.0,0.0,7,200.5,202.5,10,211.5,0.0,0.0,0.0,0.0,0.0,18
2023-05-09 21:52:28,MA401C2250,MA401C2250,211.5,0.0,0.0,0.0,17,200.5,202.5,10,211.5,0.0,0.0,0.0,0.0,0.0,18
2023-05-09 21:52:58,MA401C2250,MA401C2250,211.5,0.0,0.0,0.0,7,200.5,202.5,10,211.5,0.0,0.0,0.0,0.0,0.0,18
2023-05-09 21:53:42,MA401C2250,MA401C2250,211.5,0.0,0.0,0.0,7,199.5,202.5,10,211.5,0.0,0.0,0.0,0.0,0.0,18
2023-05-09 21:53:42,MA401C2250,MA401C2250,211.5,0.0,0.0,0.0,17,199.5,202.5,10,211.5,0.0,0.0,0.0,0.0,0.0,18
2023-05-09 21:54:25,MA401C2250,MA401C2250,211.5,0.0,0.0,0.0,7,200.0,202.5,10,211.5,0.0,0.0,0.0,0.0,0.0,18
2023-05-09 21:54:25,MA401C2250,MA401C2250,211.5,0.0,0.0,0.0,10,200.5,202.5,10,211.5,0.0,0.0,0.0,0.0,0.0,18
2023-05-09 21:54:27,MA401C2250,MA401C2250,211.5,0.0,0.0,0.0,17,200.0,202.5,10,211.5,0.0,0.0,0.0,0.0,0.0,18
2023-05-09 21:55:03,MA401C2250,MA401C2250,211.5,0.0,0.0,0.0,7,200.5,202.5,10,211.5,0.0,0.0,0.0,0.0,0.0,18
2023-05-09 21:55:04,MA401C2250,MA401C2250,211.5,0.0,0.0,0.0,10,201.0,202.5,10,211.5,0.0,0.0,0.0,0.0,0.0,18
2023-05-09 21:55:06,MA401C2250,MA401C2250,211.5,0.0,0.0,0.0,17,200.5,202.5,10,211.5,0.0,0.0,0.0,0.0,0.0,18
2023-05-09 21:55:09,MA401C2250,MA401C2250,211.5,0.0,0.0,0.0,7,200.5,202.5,10,211.5,0.0,0.0,0.0,0.0,0.0,18
2023-05-09 21:55:16,MA401C2250,MA401C2250,211.5,0.0,0.0,0.0,17,200.5,202.5,10,211.5,0.0,0.0,0.0,0.0,0.0,18
2023-05-09 21:56:00,MA401C2250,MA401C2250,211.5,0.0,0.0,0.0,17,200.5,203.0,10,211.5,0.0,0.0,0.0,0.0,0.0,18
2023-05-09 21:56:03,MA401C2250,MA401C2250,211.5,0.0,0.0,0.0,7,201.0,203.0,10,211.5,0.0,0.0,0.0,0.0,0.0,18
2023-05-09 21:56:04,MA401C2250,MA401C2250,211.5,0.0,0.0,0.0,17,201.0,203.0,10,211.5,0.0,0.0,0.0,0.0,0.0,18
2023-05-09 21:56:06,MA401C2250,MA401C2250,211.5,0.0,0.0,0.0,7,201.0,203.0,10,211.5,0.0,0.0,0.0,0.0,0.0,18
2023-05-09 21:56:27,MA401C2250,MA401C2250,211.5,0.0,0.0,0.0,7,200.5,203.0,10,211.5,0.0,0.0,0.0,0.0,0.0,18
2023-05-09 21:56:48,MA401C2250,MA401C2250,211.5,0.0,0.0,0.0,17,200.5,203.0,10,211.5,0.0,0.0,0.0,0.0,0.0,18
2023-05-09 21:57:16,MA401C2250,MA401C2250,211.5,0.0,0.0,0.0,7,201.0,203.0,10,211.5,0.0,0.0,0.0,0.0,0.0,18
2023-05-09 21:57:17,MA401C2250,MA401C2250,211.5,0.0,0.0,0.0,17,201.0,203.0,10,211.5,0.0,0.0,0.0,0.0,0.0,18
2023-05-09 21:57:18,MA401C2250,MA401C2250,211.5,0.0,0.0,0.0,7,201.0,203.0,10,211.5,0.0,0.0,0.0,0.0,0.0,18
2023-05-09 21:57:51,MA401C2250,MA401C2250,211.5,0.0,0.0,0.0,17,201.0,203.0,10,211.5,0.0,0.0,0.0,0.0,0.0,18
2023-05-09 21:58:02,MA401C2250,MA401C2250,211.5,0.0,0.0,0.0,17,201.0,204.0,7,211.5,0.0,0.0,0.0,0.0,0.0,18
2023-05-09 21:58:03,MA401C2250,MA401C2250,211.5,0.0,0.0,0.0,17,201.0,203.5,10,211.5,0.0,0.0,0.0,0.0,0.0,18
2023-05-09 21:58:05,MA401C2250,MA401C2250,211.5,0.0,0.0,0.0,17,201.0,204.0,17,211.5,0.0,0.0,0.0,0.0,0.0,18
2023-05-09 21:58:07,MA401C2250,MA401C2250,211.5,0.0,0.0,0.0,7,202.0,204.0,17,211.5,0.0,0.0,0.0,0.0,0.0,18
2023-05-09 21:58:08,MA401C2250,MA401C2250,211.5,0.0,0.0,0.0,17,202.0,204.0,17,211.5,0.0,0.0,0.0,0.0,0.0,18
2023-05-09 21:58:13,MA401C2250,MA401C2250,211.5,0.0,0.0,0.0,17,202.0,204.0,10,211.5,0.0,0.0,0.0,0.0,0.0,18
2023-05-09 21:58:24,MA401C2250,MA401C2250,211.5,0.0,0.0,0.0,7,202.5,204.0,10,211.5,0.0,0.0,0.0,0.0,0.0,18
2023-05-09 21:58:27,MA401C2250,MA401C2250,211.5,0.0,0.0,0.0,17,202.5,207.0,10,211.5,0.0,0.0,0.0,0.0,0.0,18
2023-05-09 21:58:31,MA401C2250,MA401C2250,211.5,0.0,0.0,0.0,17,202.5,206.0,7,211.5,0.0,0.0,0.0,0.0,0.0,18
2023-05-09 21:58:31,MA401C2250,MA401C2250,211.5,0.0,0.0,0.0,17,202.5,205.5,10,211.5,0.0,0.0,0.0,0.0,0.0,18
2023-05-09 22:01:00,MA401C2250,MA401C2250,211.5,0.0,0.0,0.0,17,202.5,205.5,17,211.5,0.0,0.0,0.0,0.0,0.0,18
2023-05-09 22:01:09,MA401C2250,MA401C2250,211.5,0.0,0.0,0.0,7,202.0,205.5,17,211.5,0.0,0.0,0.0,0.0,0.0,18
2023-05-09 22:01:09,MA401C2250,MA401C2250,211.5,0.0,0.0,0.0,1,195.0,205.5,17,211.5,0.0,0.0,0.0,0.0,0.0,18
2023-05-09 22:01:10,MA401C2250,MA401C2250,211.5,0.0,0.0,0.0,10,195.5,205.5,17,211.5,0.0,0.0,0.0,0.0,0.0,18
2023-05-09 22:01:15,MA401C2250,MA401C2250,211.5,0.0,0.0,0.0,7,201.0,204.0,7,211.5,0.0,0.0,0.0,0.0,0.0,18
2023-05-09 22:01:16,MA401C2250,MA401C2250,211.5,0.0,0.0,0.0,10,201.5,203.5,10,211.5,0.0,0.0,0.0,0.0,0.0,18
2023-05-09 22:01:18,MA401C2250,MA401C2250,211.5,0.0,0.0,0.0,10,201.5,204.0,17,211.5,0.0,0.0,0.0,0.0,0.0,18
2023-05-09 22:01:32,MA401C2250,MA401C2250,211.5,0.0,0.0,0.0,17,201.5,204.0,17,211.5,0.0,0.0,0.0,0.0,0.0,18
2023-05-09 22:02:28,MA401C2250,MA401C2250,211.5,0.0,0.0,0.0,7,201.0,204.0,17,211.5,0.0,0.0,0.0,0.0,0.0,18
2023-05-09 22:02:29,MA401C2250,MA401C2250,211.5,0.0,0.0,0.0,17,201.0,204.0,17,211.5,0.0,0.0,0.0,0.0,0.0,18
2023-05-09 22:03:20,MA401C2250,MA401C2250,211.5,0.0,0.0,0.0,10,201.0,204.0,17,211.5,0.0,0.0,0.0,0.0,0.0,18
2023-05-09 22:03:20,MA401C2250,MA401C2250,211.5,0.0,0.0,0.0,10,195.5,204.0,17,211.5,0.0,0.0,0.0,0.0,0.0,18
2023-05-09 22:03:24,MA401C2250,MA401C2250,211.5,0.0,0.0,0.0,10,195.5,203.0,7,211.5,0.0,0.0,0.0,0.0,0.0,18
2023-05-09 22:03:25,MA401C2250,MA401C2250,211.5,0.0,0.0,0.0,10,195.5,202.5,10,211.5,0.0,0.0,0.0,0.0,0.0,18
2023-05-09 22:03:26,MA401C2250,MA401C2250,211.5,0.0,0.0,0.0,7,199.5,202.5,10,211.5,0.0,0.0,0.0,0.0,0.0,18
2023-05-09 22:03:26,MA401C2250,MA401C2250,211.5,0.0,0.0,0.0,10,200.0,202.5,10,211.5,0.0,0.0,0.0,0.0,0.0,18
2023-05-09 22:03:56,MA401C2250,MA401C2250,211.5,0.0,0.0,0.0,17,200.0,202.5,10,211.5,0.0,0.0,0.0,0.0,0.0,18
2023-05-09 22:04:10,MA401C2250,MA401C2250,211.5,0.0,0.0,0.0,17,200.0,203.0,7,211.5,0.0,0.0,0.0,0.0,0.0,18
2023-05-09 22:04:10,MA401C2250,MA401C2250,211.5,0.0,0.0,0.0,17,200.0,203.0,17,211.5,0.0,0.0,0.0,0.0,0.0,18
2023-05-09 22:05:15,MA401C2250,MA401C2250,211.5,0.0,0.0,0.0,7,201.0,203.0,17,211.5,0.0,0.0,0.0,0.0,0.0,18
2023-05-09 22:05:15,MA401C2250,MA401C2250,211.5,0.0,0.0,0.0,17,201.0,203.0,17,211.5,0.0,0.0,0.0,0.0,0.0,18
2023-05-09 22:05:29,MA401C2250,MA401C2250,211.5,0.0,0.0,0.0,17,201.0,204.0,7,211.5,0.0,0.0,0.0,0.0,0.0,18
2023-05-09 22:05:30,MA401C2250,MA401C2250,211.5,0.0,0.0,0.0,17,201.0,203.5,10,211.5,0.0,0.0,0.0,0.0,0.0,18
2023-05-09 22:05:30,MA401C2250,MA401C2250,211.5,0.0,0.0,0.0,7,201.0,203.5,10,211.5,0.0,0.0,0.0,0.0,0.0,18
2023-05-09 22:05:31,MA401C2250,MA401C2250,211.5,0.0,0.0,0.0,17,200.0,203.5,10,211.5,0.0,0.0,0.0,0.0,0.0,18
2023-05-09 22:05:32,MA401C2250,MA401C2250,211.5,0.0,0.0,0.0,17,200.0,203.0,7,211.5,0.0,0.0,0.0,0.0,0.0,18
2023-05-09 22:05:33,MA401C2250,MA401C2250,211.5,0.0,0.0,0.0,17,200.0,202.5,10,211.5,0.0,0.0,0.0,0.0,0.0,18
2023-05-09 22:05:43,MA401C2250,MA401C2250,211.5,0.0,0.0,0.0,7,200.5,202.5,10,211.5,0.0,0.0,0.0,0.0,0.0,18
2023-05-09 22:05:44,MA401C2250,MA401C2250,211.5,0.0,0.0,0.0,17,200.5,202.5,10,211.5,0.0,0.0,0.0,0.0,0.0,18
2023-05-09 22:05:49,MA401C2250,MA401C2250,211.5,0.0,0.0,0.0,17,200.5,203.0,7,211.5,0.0,0.0,0.0,0.0,0.0,18
2023-05-09 22:05:49,MA401C2250,MA401C2250,211.5,0.0,0.0,0.0,17,200.5,203.0,17,211.5,0.0,0.0,0.0,0.0,0.0,18
2023-05-09 22:06:29,MA401C2250,MA401C2250,211.5,0.0,0.0,0.0,7,200.5,203.0,17,211.5,0.0,0.0,0.0,0.0,0.0,18
2023-05-09 22:06:32,MA401C2250,MA401C2250,211.5,0.0,0.0,0.0,17,200.5,203.0,17,211.5,0.0,0.0,0.0,0.0,0.0,18
2023-05-09 22:07:52,MA401C2250,MA401C2250,211.5,0.0,0.0,0.0,7,200.5,203.0,17,211.5,0.0,0.0,0.0,0.0,0.0,18
2023-05-09 22:08:13,MA401C2250,MA401C2250,211.5,0.0,0.0,0.0,7,200.0,203.0,17,211.5,0.0,0.0,0.0,0.0,0.0,18
2023-05-09 22:08:13,MA401C2250,MA401C2250,211.5,0.0,0.0,0.0,17,200.0,203.0,17,211.5,0.0,0.0,0.0,0.0,0.0,18
2023-05-09 22:09:31,MA401C2250,MA401C2250,211.5,0.0,0.0,0.0,7,200.5,203.0,17,211.5,0.0,0.0,0.0,0.0,0.0,18
2023-05-09 22:09:31,MA401C2250,MA401C2250,211.5,0.0,0.0,0.0,17,200.5,203.0,17,211.5,0.0,0.0,0.0,0.0,0.0,18
2023-05-09 22:10:13,MA401C2250,MA401C2250,211.5,0.0,0.0,0.0,7,200.5,203.0,17,211.5,0.0,0.0,0.0,0.0,0.0,18
2023-05-09 22:10:41,MA401C2250,MA401C2250,211.5,0.0,0.0,0.0,17,200.5,203.0,17,211.5,0.0,0.0,0.0,0.0,0.0,18
2023-05-09 22:12:16,MA401C2250,MA401C2250,211.5,0.0,0.0,0.0,17,200.0,203.0,17,211.5,0.0,0.0,0.0,0.0,0.0,18
2023-05-09 22:12:16,MA401C2250,MA401C2250,211.5,0.0,0.0,0.0,7,200.0,203.0,17,211.5,0.0,0.0,0.0,0.0,0.0,18
2023-05-09 22:12:26,MA401C2250,MA401C2250,211.5,0.0,0.0,0.0,10,195.5,203.0,17,211.5,0.0,0.0,0.0,0.0,0.0,18
2023-05-09 22:12:32,MA401C2250,MA401C2250,211.5,0.0,0.0,0.0,7,199.5,203.0,17,211.5,0.0,0.0,0.0,0.0,0.0,18
2023-05-09 22:12:32,MA401C2250,MA401C2250,211.5,0.0,0.0,0.0,17,199.5,203.0,17,211.5,0.0,0.0,0.0,0.0,0.0,18
2023-05-09 22:12:35,MA401C2250,MA401C2250,211.5,0.0,0.0,0.0,7,200.0,203.0,17,211.5,0.0,0.0,0.0,0.0,0.0,18
2023-05-09 22:12:35,MA401C2250,MA401C2250,211.5,0.0,0.0,0.0,10,200.5,203.0,17,211.5,0.0,0.0,0.0,0.0,0.0,18
2023-05-09 22:12:42,MA401C2250,MA401C2250,211.5,0.0,0.0,0.0,17,200.5,203.0,17,211.5,0.0,0.0,0.0,0.0,0.0,18
2023-05-09 22:14:32,MA401C2250,MA401C2250,211.5,0.0,0.0,0.0,17,200.5,203.0,7,211.5,0.0,0.0,0.0,0.0,0.0,18
2023-05-09 22:14:35,MA401C2250,MA401C2250,211.5,0.0,0.0,0.0,17,200.5,203.5,10,211.5,0.0,0.0,0.0,0.0,0.0,18
2023-05-09 22:14:36,MA401C2250,MA401C2250,211.5,0.0,0.0,0.0,7,201.0,203.5,10,211.5,0.0,0.0,0.0,0.0,0.0,18
2023-05-09 22:14:37,MA401C2250,MA401C2250,211.5,0.0,0.0,0.0,10,201.5,203.5,10,211.5,0.0,0.0,0.0,0.0,0.0,18
2023-05-09 22:14:57,MA401C2250,MA401C2250,211.5,0.0,0.0,0.0,17,201.0,203.5,10,211.5,0.0,0.0,0.0,0.0,0.0,18
2023-05-09 22:15:04,MA401C2250,MA401C2250,211.5,0.0,0.0,0.0,7,201.0,203.5,10,211.5,0.0,0.0,0.0,0.0,0.0,18
2023-05-09 22:15:13,MA401C2250,MA401C2250,211.5,0.0,0.0,0.0,7,200.5,203.5,17,211.5,0.0,0.0,0.0,0.0,0.0,18
2023-05-09 22:15:13,MA401C2250,MA401C2250,211.5,0.0,0.0,0.0,17,200.5,203.5,17,211.5,0.0,0.0,0.0,0.0,0.0,18
2023-05-09 22:17:39,MA401C2250,MA401C2250,211.5,0.0,0.0,0.0,7,201.0,203.5,17,211.5,0.0,0.0,0.0,0.0,0.0,18
2023-05-09 22:17:39,MA401C2250,MA401C2250,211.5,0.0,0.0,0.0,17,201.0,203.5,17,211.5,0.0,0.0,0.0,0.0,0.0,18
2023-05-09 22:18:18,MA401C2250,MA401C2250,211.5,0.0,0.0,0.0,17,201.0,203.5,10,211.5,0.0,0.0,0.0,0.0,0.0,18
2023-05-09 22:19:13,MA401C2250,MA401C2250,211.5,0.0,0.0,0.0,17,201.0,204.0,7,211.5,0.0,0.0,0.0,0.0,0.0,18
2023-05-09 22:19:14,MA401C2250,MA401C2250,211.5,0.0,0.0,0.0,17,201.0,204.0,17,211.5,0.0,0.0,0.0,0.0,0.0,18
2023-05-09 22:19:17,MA401C2250,MA401C2250,211.5,0.0,0.0,0.0,7,201.5,204.0,17,211.5,0.0,0.0,0.0,0.0,0.0,18
2023-05-09 22:19:17,MA401C2250,MA401C2250,211.5,0.0,0.0,0.0,17,201.5,204.0,17,211.5,0.0,0.0,0.0,0.0,0.0,18
2023-05-09 22:20:00,MA401C2250,MA401C2250,211.5,0.0,0.0,0.0,7,201.5,204.0,17,211.5,0.0,0.0,0.0,0.0,0.0,18
2023-05-09 22:20:06,MA401C2250,MA401C2250,211.5,0.0,0.0,0.0,7,201.0,204.0,17,211.5,0.0,0.0,0.0,0.0,0.0,18
2023-05-09 22:20:07,MA401C2250,MA401C2250,211.5,0.0,0.0,0.0,1,195.0,204.0,17,211.5,0.0,0.0,0.0,0.0,0.0,18
2023-05-09 22:20:07,MA401C2250,MA401C2250,211.5,0.0,0.0,0.0,10,195.5,204.0,17,211.5,0.0,0.0,0.0,0.0,0.0,18
2023-05-09 22:20:09,MA401C2250,MA401C2250,211.5,0.0,0.0,0.0,7,200.0,203.5,7,211.5,0.0,0.0,0.0,0.0,0.0,18
2023-05-09 22:20:10,MA401C2250,MA401C2250,211.5,0.0,0.0,0.0,17,200.0,203.0,10,211.5,0.0,0.0,0.0,0.0,0.0,18
2023-05-09 22:20:19,MA401C2250,MA401C2250,211.5,0.0,0.0,0.0,17,200.0,203.0,17,211.5,0.0,0.0,0.0,0.0,0.0,18
2023-05-09 22:21:23,MA401C2250,MA401C2250,211.5,0.0,0.0,0.0,10,200.0,202.5,7,211.5,0.0,0.0,0.0,0.0,0.0,18
2023-05-09 22:21:23,MA401C2250,MA401C2250,211.5,0.0,0.0,0.0,10,200.0,202.0,10,211.5,0.0,0.0,0.0,0.0,0.0,18
2023-05-09 22:21:58,MA401C2250,MA401C2250,211.5,0.0,0.0,0.0,10,199.5,202.0,10,211.5,0.0,0.0,0.0,0.0,0.0,18
2023-05-09 22:22:08,MA401C2250,MA401C2250,211.5,0.0,0.0,0.0,10,199.5,202.0,17,211.5,0.0,0.0,0.0,0.0,0.0,18
2023-05-09 22:22:29,MA401C2250,MA401C2250,211.5,0.0,0.0,0.0,1,195.0,202.0,17,211.5,0.0,0.0,0.0,0.0,0.0,18
2023-05-09 22:22:30,MA401C2250,MA401C2250,211.5,0.0,0.0,0.0,10,195.5,202.0,17,211.5,0.0,0.0,0.0,0.0,0.0,18
2023-05-09 22:22:36,MA401C2250,MA401C2250,211.5,0.0,0.0,0.0,7,197.5,201.0,7,211.5,0.0,0.0,0.0,0.0,0.0,18
2023-05-09 22:22:37,MA401C2250,MA401C2250,211.5,0.0,0.0,0.0,10,198.0,200.5,10,211.5,0.0,0.0,0.0,0.0,0.0,18
2023-05-09 22:22:40,MA401C2250,MA401C2250,211.5,0.0,0.0,0.0,17,198.0,200.5,10,211.5,0.0,0.0,0.0,0.0,0.0,18
2023-05-09 22:22:53,MA401C2250,MA401C2250,211.5,0.0,0.0,0.0,17,198.0,201.0,17,211.5,0.0,0.0,0.0,0.0,0.0,18
2023-05-09 22:23:05,MA401C2250,MA401C2250,211.5,0.0,0.0,0.0,7,198.0,201.0,17,211.5,0.0,0.0,0.0,0.0,0.0,18
2023-05-09 22:23:26,MA401C2250,MA401C2250,211.5,0.0,0.0,0.0,17,197.5,201.0,17,211.5,0.0,0.0,0.0,0.0,0.0,18
2023-05-09 22:23:28,MA401C2250,MA401C2250,211.5,0.0,0.0,0.0,17,197.5,200.0,7,211.5,0.0,0.0,0.0,0.0,0.0,18
2023-05-09 22:23:28,MA401C2250,MA401C2250,211.5,0.0,0.0,0.0,17,197.5,199.5,10,211.5,0.0,0.0,0.0,0.0,0.0,18
2023-05-09 22:23:35,MA401C2250,MA401C2250,211.5,0.0,0.0,0.0,17,197.5,200.0,17,211.5,0.0,0.0,0.0,0.0,0.0,18
2023-05-09 22:24:14,MA401C2250,MA401C2250,211.5,0.0,0.0,0.0,7,197.5,200.0,17,211.5,0.0,0.0,0.0,0.0,0.0,18
2023-05-09 22:24:22,MA401C2250,MA401C2250,211.5,0.0,0.0,0.0,17,197.5,200.0,17,211.5,0.0,0.0,0.0,0.0,0.0,18
2023-05-09 22:24:44,MA401C2250,MA401C2250,211.5,0.0,0.0,0.0,17,197.5,200.0,7,211.5,0.0,0.0,0.0,0.0,0.0,18
2023-05-09 22:24:44,MA401C2250,MA401C2250,211.5,0.0,0.0,0.0,17,197.5,200.0,17,211.5,0.0,0.0,0.0,0.0,0.0,18
2023-05-09 22:26:11,MA401C2250,MA401C2250,211.5,0.0,0.0,0.0,7,198.0,200.0,10,211.5,0.0,0.0,0.0,0.0,0.0,18
2023-05-09 22:26:11,MA401C2250,MA401C2250,211.5,0.0,0.0,0.0,17,198.0,200.0,10,211.5,0.0,0.0,0.0,0.0,0.0,18
2023-05-09 22:26:11,MA401C2250,MA401C2250,211.5,0.0,0.0,0.0,7,198.0,200.0,10,211.5,0.0,0.0,0.0,0.0,0.0,18
2023-05-09 22:26:11,MA401C2250,MA401C2250,211.5,0.0,0.0,0.0,17,198.0,200.0,10,211.5,0.0,0.0,0.0,0.0,0.0,18
2023-05-09 22:26:13,MA401C2250,MA401C2250,211.5,0.0,0.0,0.0,7,198.0,200.0,10,211.5,0.0,0.0,0.0,0.0,0.0,18
2023-05-09 22:26:19,MA401C2250,MA401C2250,211.5,0.0,0.0,0.0,17,198.0,200.0,10,211.5,0.0,0.0,0.0,0.0,0.0,18
2023-05-09 22:26:58,MA401C2250,MA401C2250,211.5,0.0,0.0,0.0,7,198.0,200.0,10,211.5,0.0,0.0,0.0,0.0,0.0,18
2023-05-09 22:27:03,MA401C2250,MA401C2250,211.5,0.0,0.0,0.0,17,198.0,200.0,10,211.5,0.0,0.0,0.0,0.0,0.0,18
2023-05-09 22:28:13,MA401C2250,MA401C2250,211.5,0.0,0.0,0.0,17,198.0,201.0,7,211.5,0.0,0.0,0.0,0.0,0.0,18
2023-05-09 22:28:13,MA401C2250,MA401C2250,211.5,0.0,0.0,0.0,17,198.0,200.5,10,211.5,0.0,0.0,0.0,0.0,0.0,18
2023-05-09 22:28:14,MA401C2250,MA401C2250,211.5,0.0,0.0,0.0,7,198.5,200.5,10,211.5,0.0,0.0,0.0,0.0,0.0,18
2023-05-09 22:28:38,MA401C2250,MA401C2250,211.5,0.0,0.0,0.0,17,198.0,200.5,10,211.5,0.0,0.0,0.0,0.0,0.0,18
2023-05-09 22:29:59,MA401C2250,MA401C2250,211.5,0.0,0.0,0.0,1,195.0,200.5,10,211.5,0.0,0.0,0.0,0.0,0.0,18
2023-05-09 22:29:59,MA401C2250,MA401C2250,211.5,0.0,0.0,0.0,10,195.5,200.5,10,211.5,0.0,0.0,0.0,0.0,0.0,18
2023-05-09 22:30:01,MA401C2250,MA401C2250,211.5,0.0,0.0,0.0,10,195.5,200.0,7,211.5,0.0,0.0,0.0,0.0,0.0,18
2023-05-09 22:30:01,MA401C2250,MA401C2250,211.5,0.0,0.0,0.0,10,195.5,199.5,10,211.5,0.0,0.0,0.0,0.0,0.0,18
2023-05-09 22:30:03,MA401C2250,MA401C2250,211.5,0.0,0.0,0.0,7,196.5,199.5,10,211.5,0.0,0.0,0.0,0.0,0.0,18
2023-05-09 22:30:04,MA401C2250,MA401C2250,211.5,0.0,0.0,0.0,10,197.0,199.5,10,211.5,0.0,0.0,0.0,0.0,0.0,18
2023-05-09 22:30:06,MA401C2250,MA401C2250,211.5,0.0,0.0,0.0,17,197.0,199.5,10,211.5,0.0,0.0,0.0,0.0,0.0,18
2023-05-09 22:30:38,MA401C2250,MA401C2250,211.5,0.0,0.0,0.0,17,197.0,200.0,7,211.5,0.0,0.0,0.0,0.0,0.0,18
2023-05-09 22:30:38,MA401C2250,MA401C2250,211.5,0.0,0.0,0.0,17,197.0,199.5,10,211.5,0.0,0.0,0.0,0.0,0.0,18
2023-05-09 22:32:11,MA401C2250,MA401C2250,211.5,0.0,0.0,0.0,7,196.5,199.5,10,211.5,0.0,0.0,0.0,0.0,0.0,18
2023-05-09 22:32:12,MA401C2250,MA401C2250,211.5,0.0,0.0,0.0,1,195.0,199.5,10,211.5,0.0,0.0,0.0,0.0,0.0,18
2023-05-09 22:32:12,MA401C2250,MA401C2250,211.5,0.0,0.0,0.0,10,195.5,199.5,10,211.5,0.0,0.0,0.0,0.0,0.0,18
2023-05-09 22:32:12,MA401C2250,MA401C2250,211.5,0.0,0.0,0.0,1,195.0,199.5,10,211.5,0.0,0.0,0.0,0.0,0.0,18
2023-05-09 22:32:12,MA401C2250,MA401C2250,211.5,0.0,0.0,0.0,10,195.5,199.5,10,211.5,0.0,0.0,0.0,0.0,0.0,18
2023-05-09 22:32:17,MA401C2250,MA401C2250,211.5,0.0,0.0,0.0,17,195.5,199.0,7,211.5,0.0,0.0,0.0,0.0,0.0,18
2023-05-09 22:32:18,MA401C2250,MA401C2250,211.5,0.0,0.0,0.0,17,195.5,198.5,10,211.5,0.0,0.0,0.0,0.0,0.0,18
2023-05-09 22:32:41,MA401C2250,MA401C2250,211.5,0.0,0.0,0.0,7,196.0,198.5,10,211.5,0.0,0.0,0.0,0.0,0.0,18
2023-05-09 22:32:41,MA401C2250,MA401C2250,211.5,0.0,0.0,0.0,17,196.0,198.5,10,211.5,0.0,0.0,0.0,0.0,0.0,18
2023-05-09 22:32:47,MA401C2250,MA401C2250,211.5,0.0,0.0,0.0,17,196.0,199.0,17,211.5,0.0,0.0,0.0,0.0,0.0,18
2023-05-09 22:33:07,MA401C2250,MA401C2250,211.5,0.0,0.0,0.0,7,196.5,199.0,17,211.5,0.0,0.0,0.0,0.0,0.0,18
2023-05-09 22:33:07,MA401C2250,MA401C2250,211.5,0.0,0.0,0.0,10,197.0,199.0,17,211.5,0.0,0.0,0.0,0.0,0.0,18
2023-05-09 22:33:17,MA401C2250,MA401C2250,211.5,0.0,0.0,0.0,17,196.5,199.0,17,211.5,0.0,0.0,0.0,0.0,0.0,18
2023-05-09 22:33:21,MA401C2250,MA401C2250,211.5,0.0,0.0,0.0,7,196.5,199.0,17,211.5,0.0,0.0,0.0,0.0,0.0,18
2023-05-09 22:33:34,MA401C2250,MA401C2250,211.5,0.0,0.0,0.0,17,196.5,199.0,17,211.5,0.0,0.0,0.0,0.0,0.0,18
2023-05-09 22:33:37,MA401C2250,MA401C2250,211.5,0.0,0.0,0.0,7,196.5,199.0,17,211.5,0.0,0.0,0.0,0.0,0.0,18
2023-05-09 22:34:53,MA401C2250,MA401C2250,211.5,0.0,0.0,0.0,17,196.5,199.0,17,211.5,0.0,0.0,0.0,0.0,0.0,18
2023-05-09 22:35:32,MA401C2250,MA401C2250,211.5,0.0,0.0,0.0,7,196.5,199.0,17,211.5,0.0,0.0,0.0,0.0,0.0,18
2023-05-09 22:36:41,MA401C2250,MA401C2250,211.5,0.0,0.0,0.0,17,196.5,199.0,17,211.5,0.0,0.0,0.0,0.0,0.0,18
2023-05-09 22:36:43,MA401C2250,MA401C2250,211.5,0.0,0.0,0.0,7,197.0,199.0,10,211.5,0.0,0.0,0.0,0.0,0.0,18
2023-05-09 22:36:44,MA401C2250,MA401C2250,211.5,0.0,0.0,0.0,17,197.0,199.0,10,211.5,0.0,0.0,0.0,0.0,0.0,18
2023-05-09 22:36:48,MA401C2250,MA401C2250,211.5,0.0,0.0,0.0,7,197.0,199.0,10,211.5,0.0,0.0,0.0,0.0,0.0,18
2023-05-09 22:36:55,MA401C2250,MA401C2250,211.5,0.0,0.0,0.0,17,197.0,199.0,10,211.5,0.0,0.0,0.0,0.0,0.0,18
2023-05-09 22:37:14,MA401C2250,MA401C2250,211.5,0.0,0.0,0.0,7,197.5,199.0,10,211.5,0.0,0.0,0.0,0.0,0.0,18
2023-05-09 22:37:51,MA401C2250,MA401C2250,211.5,0.0,0.0,0.0,17,197.5,199.5,10,211.5,0.0,0.0,0.0,0.0,0.0,18
2023-05-09 22:37:56,MA401C2250,MA401C2250,211.5,0.0,0.0,0.0,7,197.5,199.5,10,211.5,0.0,0.0,0.0,0.0,0.0,18
2023-05-09 22:38:08,MA401C2250,MA401C2250,211.5,0.0,0.0,0.0,10,198.0,200.0,10,211.5,0.0,0.0,0.0,0.0,0.0,18
2023-05-09 22:38:10,MA401C2250,MA401C2250,211.5,0.0,0.0,0.0,17,197.5,200.0,10,211.5,0.0,0.0,0.0,0.0,0.0,18
2023-05-09 22:38:10,MA401C2250,MA401C2250,211.5,0.0,0.0,0.0,7,197.5,200.0,10,211.5,0.0,0.0,0.0,0.0,0.0,18
2023-05-09 22:38:37,MA401C2250,MA401C2250,211.5,0.0,0.0,0.0,7,198.0,200.0,10,211.5,0.0,0.0,0.0,0.0,0.0,18
2023-05-09 22:38:38,MA401C2250,MA401C2250,211.5,0.0,0.0,0.0,17,198.0,200.5,7,211.5,0.0,0.0,0.0,0.0,0.0,18
2023-05-09 22:38:38,MA401C2250,MA401C2250,211.5,0.0,0.0,0.0,17,198.0,200.5,17,211.5,0.0,0.0,0.0,0.0,0.0,18
2023-05-09 22:38:48,MA401C2250,MA401C2250,211.5,0.0,0.0,0.0,7,198.0,200.5,17,211.5,0.0,0.0,0.0,0.0,0.0,18
2023-05-09 22:39:01,MA401C2250,MA401C2250,211.5,0.0,0.0,0.0,7,197.5,200.5,17,211.5,0.0,0.0,0.0,0.0,0.0,18
2023-05-09 22:39:02,MA401C2250,MA401C2250,211.5,0.0,0.0,0.0,17,197.5,200.5,17,211.5,0.0,0.0,0.0,0.0,0.0,18
2023-05-09 22:39:31,MA401C2250,MA401C2250,211.5,0.0,0.0,0.0,7,197.5,200.5,17,211.5,0.0,0.0,0.0,0.0,0.0,18
2023-05-09 22:39:34,MA401C2250,MA401C2250,211.5,0.0,0.0,0.0,10,195.5,200.5,17,211.5,0.0,0.0,0.0,0.0,0.0,18
2023-05-09 22:39:38,MA401C2250,MA401C2250,211.5,0.0,0.0,0.0,7,196.0,199.5,7,211.5,0.0,0.0,0.0,0.0,0.0,18
2023-05-09 22:39:38,MA401C2250,MA401C2250,211.5,0.0,0.0,0.0,10,196.5,199.0,10,211.5,0.0,0.0,0.0,0.0,0.0,18
2023-05-09 22:39:44,MA401C2250,MA401C2250,211.5,0.0,0.0,0.0,17,196.5,199.0,10,211.5,0.0,0.0,0.0,0.0,0.0,18
2023-05-09 22:40:30,MA401C2250,MA401C2250,211.5,0.0,0.0,0.0,7,197.0,199.0,10,211.5,0.0,0.0,0.0,0.0,0.0,18
2023-05-09 22:40:40,MA401C2250,MA401C2250,211.5,0.0,0.0,0.0,17,197.0,199.0,10,211.5,0.0,0.0,0.0,0.0,0.0,18
2023-05-09 22:40:45,MA401C2250,MA401C2250,211.5,0.0,0.0,0.0,7,197.0,199.0,10,211.5,0.0,0.0,0.0,0.0,0.0,18
2023-05-09 22:42:32,MA401C2250,MA401C2250,211.5,0.0,0.0,0.0,17,196.5,199.0,10,211.5,0.0,0.0,0.0,0.0,0.0,18
2023-05-09 22:44:26,MA401C2250,MA401C2250,211.5,0.0,0.0,0.0,7,197.0,199.0,10,211.5,0.0,0.0,0.0,0.0,0.0,18
2023-05-09 22:44:27,MA401C2250,MA401C2250,211.5,0.0,0.0,0.0,17,197.0,199.0,10,211.5,0.0,0.0,0.0,0.0,0.0,18
2023-05-09 22:44:27,MA401C2250,MA401C2250,211.5,0.0,0.0,0.0,17,197.0,199.5,7,211.5,0.0,0.0,0.0,0.0,0.0,18
2023-05-09 22:44:28,MA401C2250,MA401C2250,211.5,0.0,0.0,0.0,17,197.0,199.0,10,211.5,0.0,0.0,0.0,0.0,0.0,18
2023-05-09 22:44:33,MA401C2250,MA401C2250,211.5,0.0,0.0,0.0,17,197.0,199.5,17,211.5,0.0,0.0,0.0,0.0,0.0,18
2023-05-09 22:44:43,MA401C2250,MA401C2250,211.5,0.0,0.0,0.0,7,197.5,199.5,10,211.5,0.0,0.0,0.0,0.0,0.0,18
2023-05-09 22:44:43,MA401C2250,MA401C2250,211.5,0.0,0.0,0.0,17,197.5,199.5,10,211.5,0.0,0.0,0.0,0.0,0.0,18
2023-05-09 22:44:53,MA401C2250,MA401C2250,211.5,0.0,0.0,0.0,17,197.5,200.5,7,211.5,0.0,0.0,0.0,0.0,0.0,18
2023-05-09 22:44:54,MA401C2250,MA401C2250,211.5,0.0,0.0,0.0,17,197.5,200.0,10,211.5,0.0,0.0,0.0,0.0,0.0,18
2023-05-09 22:44:57,MA401C2250,MA401C2250,211.5,0.0,0.0,0.0,7,198.0,200.0,10,211.5,0.0,0.0,0.0,0.0,0.0,18
2023-05-09 22:44:57,MA401C2250,MA401C2250,211.5,0.0,0.0,0.0,17,198.0,200.0,10,211.5,0.0,0.0,0.0,0.0,0.0,18
2023-05-09 22:45:01,MA401C2250,MA401C2250,211.5,0.0,0.0,0.0,7,198.0,200.0,10,211.5,0.0,0.0,0.0,0.0,0.0,18
2023-05-09 22:45:40,MA401C2250,MA401C2250,211.5,0.0,0.0,0.0,17,197.5,200.0,10,211.5,0.0,0.0,0.0,0.0,0.0,18
2023-05-09 22:46:35,MA401C2250,MA401C2250,211.5,0.0,0.0,0.0,7,198.0,200.5,7,211.5,0.0,0.0,0.0,0.0,0.0,18
2023-05-09 22:46:35,MA401C2250,MA401C2250,211.5,0.0,0.0,0.0,10,198.5,200.5,17,211.5,0.0,0.0,0.0,0.0,0.0,18
2023-05-09 22:46:36,MA401C2250,MA401C2250,211.5,0.0,0.0,0.0,10,198.5,200.5,10,211.5,0.0,0.0,0.0,0.0,0.0,18
2023-05-09 22:46:43,MA401C2250,MA401C2250,211.5,0.0,0.0,0.0,17,198.0,200.5,10,211.5,0.0,0.0,0.0,0.0,0.0,18
2023-05-09 22:47:12,MA401C2250,MA401C2250,211.5,0.0,0.0,0.0,7,198.0,200.5,10,211.5,0.0,0.0,0.0,0.0,0.0,18
2023-05-09 22:47:26,MA401C2250,MA401C2250,211.5,0.0,0.0,0.0,17,198.0,200.5,10,211.5,0.0,0.0,0.0,0.0,0.0,18
2023-05-09 22:48:36,MA401C2250,MA401C2250,211.5,0.0,0.0,0.0,7,198.0,200.5,10,211.5,0.0,0.0,0.0,0.0,0.0,18
2023-05-09 22:49:12,MA401C2250,MA401C2250,211.5,0.0,0.0,0.0,17,197.5,200.0,7,211.5,0.0,0.0,0.0,0.0,0.0,18
2023-05-09 22:49:12,MA401C2250,MA401C2250,211.5,0.0,0.0,0.0,17,197.5,199.5,10,211.5,0.0,0.0,0.0,0.0,0.0,18
2023-05-09 22:49:18,MA401C2250,MA401C2250,211.5,0.0,0.0,0.0,10,197.5,199.5,10,211.5,0.0,0.0,0.0,0.0,0.0,18
2023-05-09 22:49:19,MA401C2250,MA401C2250,211.5,0.0,0.0,0.0,10,195.5,199.5,10,211.5,0.0,0.0,0.0,0.0,0.0,18
2023-05-09 22:49:22,MA401C2250,MA401C2250,211.5,0.0,0.0,0.0,7,196.5,199.5,10,211.5,0.0,0.0,0.0,0.0,0.0,18
2023-05-09 22:49:22,MA401C2250,MA401C2250,211.5,0.0,0.0,0.0,10,197.0,199.5,10,211.5,0.0,0.0,0.0,0.0,0.0,18
2023-05-09 22:49:38,MA401C2250,MA401C2250,211.5,0.0,0.0,0.0,17,197.0,199.5,10,211.5,0.0,0.0,0.0,0.0,0.0,18
2023-05-09 22:50:06,MA401C2250,MA401C2250,211.5,0.0,0.0,0.0,17,197.0,199.5,17,211.5,0.0,0.0,0.0,0.0,0.0,18
2023-05-09 22:52:00,MA401C2250,MA401C2250,211.5,0.0,0.0,0.0,7,197.0,199.5,17,211.5,0.0,0.0,0.0,0.0,0.0,18
2023-05-09 22:53:11,MA401C2250,MA401C2250,211.5,0.0,0.0,0.0,10,197.0,199.5,17,211.5,0.0,0.0,0.0,0.0,0.0,18
2023-05-09 22:54:00,MA401C2250,MA401C2250,211.5,0.0,0.0,0.0,7,196.5,199.5,17,211.5,0.0,0.0,0.0,0.0,0.0,18
2023-05-09 22:54:00,MA401C2250,MA401C2250,211.5,0.0,0.0,0.0,17,196.5,199.5,17,211.5,0.0,0.0,0.0,0.0,0.0,18
2023-05-09 22:55:00,MA401C2250,MA401C2250,211.5,0.0,0.0,0.0,10,196.5,199.5,17,211.5,0.0,0.0,0.0,0.0,0.0,18
2023-05-09 22:55:21,MA401C2250,MA401C2250,211.5,0.0,0.0,0.0,17,196.5,199.5,17,211.5,0.0,0.0,0.0,0.0,0.0,18
2023-05-09 22:55:58,MA401C2250,MA401C2250,211.5,0.0,0.0,0.0,10,196.5,199.5,10,211.5,0.0,0.0,0.0,0.0,0.0,18
2023-05-09 22:56:56,MA401C2250,MA401C2250,211.5,0.0,0.0,0.0,10,74.5,0.0,0,211.5,0.0,0.0,0.0,0.0,0.0,18
2023-05-09 22:56:57,MA401C2250,MA401C2250,211.5,0.0,0.0,0.0,1,76.0,383.5,10,211.5,0.0,0.0,0.0,0.0,0.0,18
2023-05-09 22:56:57,MA401C2250,MA401C2250,211.5,0.0,0.0,0.0,10,76.5,382.0,1,211.5,0.0,0.0,0.0,0.0,0.0,18
2023-05-09 22:56:57,MA401C2250,MA401C2250,211.5,0.0,0.0,0.0,1,78.0,381.5,10,211.5,0.0,0.0,0.0,0.0,0.0,18
2023-05-09 22:56:58,MA401C2250,MA401C2250,211.5,0.0,0.0,0.0,10,78.5,380.0,1,211.5,0.0,0.0,0.0,0.0,0.0,18
2023-05-09 22:56:59,MA401C2250,MA401C2250,211.5,0.0,0.0,0.0,1,80.0,379.5,10,211.5,0.0,0.0,0.0,0.0,0.0,18
2023-05-09 22:56:59,MA401C2250,MA401C2250,211.5,0.0,0.0,0.0,10,80.5,378.0,1,211.5,0.0,0.0,0.0,0.0,0.0,18
2023-05-09 22:57:00,MA401C2250,MA401C2250,211.5,0.0,0.0,0.0,1,82.0,377.5,10,211.5,0.0,0.0,0.0,0.0,0.0,18
2023-05-09 22:57:00,MA401C2250,MA401C2250,211.5,0.0,0.0,0.0,10,82.5,376.0,1,211.5,0.0,0.0,0.0,0.0,0.0,18
2023-05-09 22:57:01,MA401C2250,MA401C2250,211.5,0.0,0.0,0.0,1,84.0,375.5,10,211.5,0.0,0.0,0.0,0.0,0.0,18
2023-05-09 22:57:01,MA401C2250,MA401C2250,211.5,0.0,0.0,0.0,10,84.5,374.0,1,211.5,0.0,0.0,0.0,0.0,0.0,18
2023-05-09 22:57:02,MA401C2250,MA401C2250,211.5,0.0,0.0,0.0,1,86.0,373.5,10,211.5,0.0,0.0,0.0,0.0,0.0,18
2023-05-09 22:57:02,MA401C2250,MA401C2250,211.5,0.0,0.0,0.0,10,86.5,372.0,1,211.5,0.0,0.0,0.0,0.0,0.0,18
2023-05-09 22:57:03,MA401C2250,MA401C2250,211.5,0.0,0.0,0.0,1,88.0,371.5,10,211.5,0.0,0.0,0.0,0.0,0.0,18
2023-05-09 22:57:03,MA401C2250,MA401C2250,211.5,0.0,0.0,0.0,10,88.5,370.0,1,211.5,0.0,0.0,0.0,0.0,0.0,18
2023-05-09 22:57:04,MA401C2250,MA401C2250,211.5,0.0,0.0,0.0,1,90.0,369.5,10,211.5,0.0,0.0,0.0,0.0,0.0,18
2023-05-09 22:57:04,MA401C2250,MA401C2250,211.5,0.0,0.0,0.0,10,90.5,368.0,1,211.5,0.0,0.0,0.0,0.0,0.0,18
2023-05-09 22:57:04,MA401C2250,MA401C2250,211.5,0.0,0.0,0.0,1,92.0,367.5,10,211.5,0.0,0.0,0.0,0.0,0.0,18
2023-05-09 22:57:05,MA401C2250,MA401C2250,211.5,0.0,0.0,0.0,10,92.5,366.0,1,211.5,0.0,0.0,0.0,0.0,0.0,18
2023-05-09 22:57:06,MA401C2250,MA401C2250,211.5,0.0,0.0,0.0,1,94.0,365.5,10,211.5,0.0,0.0,0.0,0.0,0.0,18
2023-05-09 22:57:06,MA401C2250,MA401C2250,211.5,0.0,0.0,0.0,10,94.5,364.0,1,211.5,0.0,0.0,0.0,0.0,0.0,18
2023-05-09 22:57:07,MA401C2250,MA401C2250,211.5,0.0,0.0,0.0,1,96.0,363.5,10,211.5,0.0,0.0,0.0,0.0,0.0,18
2023-05-09 22:57:07,MA401C2250,MA401C2250,211.5,0.0,0.0,0.0,10,96.5,362.0,1,211.5,0.0,0.0,0.0,0.0,0.0,18
2023-05-09 22:57:08,MA401C2250,MA401C2250,211.5,0.0,0.0,0.0,1,98.0,361.5,10,211.5,0.0,0.0,0.0,0.0,0.0,18
2023-05-09 22:57:08,MA401C2250,MA401C2250,211.5,0.0,0.0,0.0,10,98.5,360.0,1,211.5,0.0,0.0,0.0,0.0,0.0,18
2023-05-09 22:57:09,MA401C2250,MA401C2250,211.5,0.0,0.0,0.0,1,100.0,359.5,10,211.5,0.0,0.0,0.0,0.0,0.0,18
2023-05-09 22:57:09,MA401C2250,MA401C2250,211.5,0.0,0.0,0.0,10,100.5,358.0,1,211.5,0.0,0.0,0.0,0.0,0.0,18
2023-05-09 22:57:10,MA401C2250,MA401C2250,211.5,0.0,0.0,0.0,1,102.0,357.5,10,211.5,0.0,0.0,0.0,0.0,0.0,18
2023-05-09 22:57:10,MA401C2250,MA401C2250,211.5,0.0,0.0,0.0,10,102.5,356.0,1,211.5,0.0,0.0,0.0,0.0,0.0,18
2023-05-09 22:57:11,MA401C2250,MA401C2250,211.5,0.0,0.0,0.0,1,104.0,355.5,10,211.5,0.0,0.0,0.0,0.0,0.0,18
2023-05-09 22:57:11,MA401C2250,MA401C2250,211.5,0.0,0.0,0.0,10,104.5,354.0,1,211.5,0.0,0.0,0.0,0.0,0.0,18
2023-05-09 22:57:12,MA401C2250,MA401C2250,211.5,0.0,0.0,0.0,1,106.0,353.5,10,211.5,0.0,0.0,0.0,0.0,0.0,18
2023-05-09 22:57:12,MA401C2250,MA401C2250,211.5,0.0,0.0,0.0,10,106.5,352.0,1,211.5,0.0,0.0,0.0,0.0,0.0,18
2023-05-09 22:57:13,MA401C2250,MA401C2250,211.5,0.0,0.0,0.0,1,108.0,351.5,10,211.5,0.0,0.0,0.0,0.0,0.0,18
2023-05-09 22:57:13,MA401C2250,MA401C2250,211.5,0.0,0.0,0.0,10,108.5,350.0,1,211.5,0.0,0.0,0.0,0.0,0.0,18
2023-05-09 22:57:14,MA401C2250,MA401C2250,211.5,0.0,0.0,0.0,1,110.0,349.5,10,211.5,0.0,0.0,0.0,0.0,0.0,18
2023-05-09 22:57:14,MA401C2250,MA401C2250,211.5,0.0,0.0,0.0,10,110.5,348.0,1,211.5,0.0,0.0,0.0,0.0,0.0,18
2023-05-09 22:57:15,MA401C2250,MA401C2250,211.5,0.0,0.0,0.0,1,112.0,347.5,10,211.5,0.0,0.0,0.0,0.0,0.0,18
2023-05-09 22:57:15,MA401C2250,MA401C2250,211.5,0.0,0.0,0.0,10,112.5,346.0,1,211.5,0.0,0.0,0.0,0.0,0.0,18
2023-05-09 22:57:16,MA401C2250,MA401C2250,211.5,0.0,0.0,0.0,1,114.0,345.5,10,211.5,0.0,0.0,0.0,0.0,0.0,18
2023-05-09 22:57:16,MA401C2250,MA401C2250,211.5,0.0,0.0,0.0,10,114.5,344.0,1,211.5,0.0,0.0,0.0,0.0,0.0,18
2023-05-09 22:57:17,MA401C2250,MA401C2250,211.5,0.0,0.0,0.0,1,116.0,343.5,10,211.5,0.0,0.0,0.0,0.0,0.0,18
2023-05-09 22:57:17,MA401C2250,MA401C2250,211.5,0.0,0.0,0.0,10,116.5,342.0,1,211.5,0.0,0.0,0.0,0.0,0.0,18
2023-05-09 22:57:18,MA401C2250,MA401C2250,211.5,0.0,0.0,0.0,1,118.0,341.5,10,211.5,0.0,0.0,0.0,0.0,0.0,18
2023-05-09 22:57:18,MA401C2250,MA401C2250,211.5,0.0,0.0,0.0,10,118.5,340.0,1,211.5,0.0,0.0,0.0,0.0,0.0,18
2023-05-09 22:57:18,MA401C2250,MA401C2250,211.5,0.0,0.0,0.0,1,120.0,339.5,10,211.5,0.0,0.0,0.0,0.0,0.0,18
2023-05-09 22:57:19,MA401C2250,MA401C2250,211.5,0.0,0.0,0.0,10,120.5,338.0,1,211.5,0.0,0.0,0.0,0.0,0.0,18
2023-05-09 22:57:20,MA401C2250,MA401C2250,211.5,0.0,0.0,0.0,1,122.0,337.5,10,211.5,0.0,0.0,0.0,0.0,0.0,18
2023-05-09 22:57:20,MA401C2250,MA401C2250,211.5,0.0,0.0,0.0,10,122.5,336.0,1,211.5,0.0,0.0,0.0,0.0,0.0,18
2023-05-09 22:57:21,MA401C2250,MA401C2250,211.5,0.0,0.0,0.0,1,124.0,335.5,10,211.5,0.0,0.0,0.0,0.0,0.0,18
2023-05-09 22:57:21,MA401C2250,MA401C2250,211.5,0.0,0.0,0.0,10,124.5,334.0,1,211.5,0.0,0.0,0.0,0.0,0.0,18
2023-05-09 22:57:22,MA401C2250,MA401C2250,211.5,0.0,0.0,0.0,1,126.0,333.5,10,211.5,0.0,0.0,0.0,0.0,0.0,18
2023-05-09 22:57:22,MA401C2250,MA401C2250,211.5,0.0,0.0,0.0,10,126.5,332.0,1,211.5,0.0,0.0,0.0,0.0,0.0,18
2023-05-09 22:57:23,MA401C2250,MA401C2250,211.5,0.0,0.0,0.0,1,128.0,331.5,10,211.5,0.0,0.0,0.0,0.0,0.0,18
2023-05-09 22:57:23,MA401C2250,MA401C2250,211.5,0.0,0.0,0.0,10,128.5,330.0,1,211.5,0.0,0.0,0.0,0.0,0.0,18
2023-05-09 22:57:24,MA401C2250,MA401C2250,211.5,0.0,0.0,0.0,1,130.0,329.5,10,211.5,0.0,0.0,0.0,0.0,0.0,18
2023-05-09 22:57:24,MA401C2250,MA401C2250,211.5,0.0,0.0,0.0,10,130.5,328.0,1,211.5,0.0,0.0,0.0,0.0,0.0,18
2023-05-09 22:57:25,MA401C2250,MA401C2250,211.5,0.0,0.0,0.0,1,132.0,327.5,10,211.5,0.0,0.0,0.0,0.0,0.0,18
2023-05-09 22:57:25,MA401C2250,MA401C2250,211.5,0.0,0.0,0.0,10,132.5,326.0,1,211.5,0.0,0.0,0.0,0.0,0.0,18
2023-05-09 22:57:26,MA401C2250,MA401C2250,211.5,0.0,0.0,0.0,1,134.0,325.5,10,211.5,0.0,0.0,0.0,0.0,0.0,18
2023-05-09 22:57:26,MA401C2250,MA401C2250,211.5,0.0,0.0,0.0,10,134.5,324.0,1,211.5,0.0,0.0,0.0,0.0,0.0,18
2023-05-09 22:57:27,MA401C2250,MA401C2250,211.5,0.0,0.0,0.0,1,136.0,323.5,10,211.5,0.0,0.0,0.0,0.0,0.0,18
2023-05-09 22:57:27,MA401C2250,MA401C2250,211.5,0.0,0.0,0.0,10,136.5,322.0,1,211.5,0.0,0.0,0.0,0.0,0.0,18
2023-05-09 22:57:28,MA401C2250,MA401C2250,211.5,0.0,0.0,0.0,1,138.0,321.5,10,211.5,0.0,0.0,0.0,0.0,0.0,18
2023-05-09 22:57:28,MA401C2250,MA401C2250,211.5,0.0,0.0,0.0,10,138.5,320.0,1,211.5,0.0,0.0,0.0,0.0,0.0,18
2023-05-09 22:57:29,MA401C2250,MA401C2250,211.5,0.0,0.0,0.0,1,140.0,319.5,10,211.5,0.0,0.0,0.0,0.0,0.0,18
2023-05-09 22:57:29,MA401C2250,MA401C2250,211.5,0.0,0.0,0.0,10,140.5,318.0,1,211.5,0.0,0.0,0.0,0.0,0.0,18
2023-05-09 22:57:30,MA401C2250,MA401C2250,211.5,0.0,0.0,0.0,1,142.0,317.5,10,211.5,0.0,0.0,0.0,0.0,0.0,18
2023-05-09 22:57:30,MA401C2250,MA401C2250,211.5,0.0,0.0,0.0,10,142.5,316.0,1,211.5,0.0,0.0,0.0,0.0,0.0,18
2023-05-09 22:57:31,MA401C2250,MA401C2250,211.5,0.0,0.0,0.0,1,144.0,315.5,10,211.5,0.0,0.0,0.0,0.0,0.0,18
2023-05-09 22:57:31,MA401C2250,MA401C2250,211.5,0.0,0.0,0.0,10,144.5,314.0,1,211.5,0.0,0.0,0.0,0.0,0.0,18
2023-05-09 22:57:32,MA401C2250,MA401C2250,211.5,0.0,0.0,0.0,1,146.0,313.5,10,211.5,0.0,0.0,0.0,0.0,0.0,18
2023-05-09 22:57:32,MA401C2250,MA401C2250,211.5,0.0,0.0,0.0,10,146.5,312.0,1,211.5,0.0,0.0,0.0,0.0,0.0,18
2023-05-09 22:57:33,MA401C2250,MA401C2250,211.5,0.0,0.0,0.0,10,146.5,311.5,10,211.5,0.0,0.0,0.0,0.0,0.0,18
2023-05-09 22:57:33,MA401C2250,MA401C2250,211.5,0.0,0.0,0.0,10,146.5,310.0,1,211.5,0.0,0.0,0.0,0.0,0.0,18
2023-05-09 22:57:33,MA401C2250,MA401C2250,211.5,0.0,0.0,0.0,10,146.5,309.5,10,211.5,0.0,0.0,0.0,0.0,0.0,18
2023-05-09 22:57:34,MA401C2250,MA401C2250,211.5,0.0,0.0,0.0,10,146.5,308.0,1,211.5,0.0,0.0,0.0,0.0,0.0,18
2023-05-09 22:57:34,MA401C2250,MA401C2250,211.5,0.0,0.0,0.0,10,146.5,307.5,10,211.5,0.0,0.0,0.0,0.0,0.0,18
2023-05-09 22:57:35,MA401C2250,MA401C2250,211.5,0.0,0.0,0.0,1,75.0,306.0,1,211.5,0.0,0.0,0.0,0.0,0.0,18
2023-05-09 22:57:37,MA401C2250,MA401C2250,211.5,0.0,0.0,0.0,1,76.5,306.0,1,211.5,0.0,0.0,0.0,0.0,0.0,18
2023-05-09 22:59:49,MA401C2250,MA401C2250,211.5,0.0,0.0,0.0,1,75.0,0.0,0,211.5,0.0,0.0,0.0,0.0,0.0,18
2023-05-10 09:00:04,MA401C2250,MA401C2250,211.5,0.0,0.0,0.0,4,78.0,0.0,0,211.5,0.0,0.0,0.0,0.0,0.0,18
2023-05-10 09:00:08,MA401C2250,MA401C2250,211.5,0.0,0.0,0.0,1,156.0,249.5,1,211.5,0.0,0.0,0.0,0.0,0.0,18
2023-05-10 09:01:37,MA401C2250,MA401C2250,211.5,0.0,0.0,0.0,7,200.0,204.0,7,211.5,0.0,0.0,0.0,0.0,0.0,18
2023-05-10 09:01:53,MA401C2250,MA401C2250,211.5,0.0,0.0,0.0,7,200.5,204.0,7,211.5,0.0,0.0,0.0,0.0,0.0,18
2023-05-10 09:02:17,MA401C2250,MA401C2250,211.5,0.0,0.0,0.0,7,200.5,203.0,7,211.5,0.0,0.0,0.0,0.0,0.0,18
2023-05-10 09:02:20,MA401C2250,MA401C2250,211.5,0.0,0.0,0.0,7,200.0,203.0,7,211.5,0.0,0.0,0.0,0.0,0.0,18
2023-05-10 09:03:26,MA401C2250,MA401C2250,211.5,0.0,0.0,0.0,7,200.5,203.0,7,211.5,0.0,0.0,0.0,0.0,0.0,18
2023-05-10 09:03:29,MA401C2250,MA401C2250,211.5,0.0,0.0,0.0,7,200.5,204.0,7,211.5,0.0,0.0,0.0,0.0,0.0,18
2023-05-10 09:03:35,MA401C2250,MA401C2250,211.5,0.0,0.0,0.0,7,201.0,204.0,7,211.5,0.0,0.0,0.0,0.0,0.0,18
2023-05-10 09:04:04,MA401C2250,MA401C2250,211.5,0.0,0.0,0.0,7,201.5,204.0,7,211.5,0.0,0.0,0.0,0.0,0.0,18
2023-05-10 09:04:11,MA401C2250,MA401C2250,211.5,0.0,0.0,0.0,7,201.0,204.0,7,211.5,0.0,0.0,0.0,0.0,0.0,18
2023-05-10 09:04:22,MA401C2250,MA401C2250,211.5,0.0,0.0,0.0,7,201.0,203.5,7,211.5,0.0,0.0,0.0,0.0,0.0,18
2023-05-10 09:04:37,MA401C2250,MA401C2250,211.5,0.0,0.0,0.0,7,200.0,203.5,7,211.5,0.0,0.0,0.0,0.0,0.0,18
2023-05-10 09:04:51,MA401C2250,MA401C2250,211.5,0.0,0.0,0.0,7,200.0,202.5,7,211.5,0.0,0.0,0.0,0.0,0.0,18
2023-05-10 09:05:15,MA401C2250,MA401C2250,211.5,0.0,0.0,0.0,7,199.0,202.5,7,211.5,0.0,0.0,0.0,0.0,0.0,18
2023-05-10 09:05:21,MA401C2250,MA401C2250,211.5,0.0,0.0,0.0,7,199.0,202.0,7,211.5,0.0,0.0,0.0,0.0,0.0,18
2023-05-10 09:05:50,MA401C2250,MA401C2250,211.5,0.0,0.0,0.0,7,199.5,202.0,7,211.5,0.0,0.0,0.0,0.0,0.0,18
2023-05-10 09:06:10,MA401C2250,MA401C2250,211.5,0.0,0.0,0.0,7,199.0,202.0,7,211.5,0.0,0.0,0.0,0.0,0.0,18
2023-05-10 09:06:13,MA401C2250,MA401C2250,211.5,0.0,0.0,0.0,1,156.0,202.0,7,211.5,0.0,0.0,0.0,0.0,0.0,18
2023-05-10 09:06:14,MA401C2250,MA401C2250,211.5,0.0,0.0,0.0,1,175.0,202.0,7,211.5,0.0,0.0,0.0,0.0,0.0,18
2023-05-10 09:06:14,MA401C2250,MA401C2250,211.5,0.0,0.0,0.0,10,175.5,202.0,7,211.5,0.0,0.0,0.0,0.0,0.0,18
2023-05-10 09:06:14,MA401C2250,MA401C2250,211.5,0.0,0.0,0.0,1,192.0,202.0,7,211.5,0.0,0.0,0.0,0.0,0.0,18
2023-05-10 09:06:16,MA401C2250,MA401C2250,211.5,0.0,0.0,0.0,7,198.5,202.0,7,211.5,0.0,0.0,0.0,0.0,0.0,18
2023-05-10 09:06:17,MA401C2250,MA401C2250,211.5,0.0,0.0,0.0,7,198.5,201.5,7,211.5,0.0,0.0,0.0,0.0,0.0,18
2023-05-10 09:06:24,MA401C2250,MA401C2250,211.5,0.0,0.0,0.0,7,199.0,201.5,7,211.5,0.0,0.0,0.0,0.0,0.0,18
2023-05-10 09:07:03,MA401C2250,MA401C2250,211.5,0.0,0.0,0.0,7,199.0,202.0,7,211.5,0.0,0.0,0.0,0.0,0.0,18
2023-05-10 09:07:36,MA401C2250,MA401C2250,211.5,0.0,0.0,0.0,7,199.5,202.0,7,211.5,0.0,0.0,0.0,0.0,0.0,18
2023-05-10 09:07:47,MA401C2250,MA401C2250,211.5,0.0,0.0,0.0,7,199.5,249.0,10,211.5,0.0,0.0,0.0,0.0,0.0,18
2023-05-10 09:07:47,MA401C2250,MA401C2250,211.5,0.0,0.0,0.0,7,199.5,230.5,1,211.5,0.0,0.0,0.0,0.0,0.0,18
2023-05-10 09:07:48,MA401C2250,MA401C2250,211.5,0.0,0.0,0.0,7,199.5,211.5,1,211.5,0.0,0.0,0.0,0.0,0.0,18
2023-05-10 09:07:48,MA401C2250,MA401C2250,211.5,0.0,0.0,0.0,7,199.5,211.0,10,211.5,0.0,0.0,0.0,0.0,0.0,18
2023-05-10 09:07:49,MA401C2250,MA401C2250,211.5,0.0,0.0,0.0,7,200.0,203.0,7,211.5,0.0,0.0,0.0,0.0,0.0,18
2023-05-10 09:08:07,MA401C2250,MA401C2250,211.5,0.0,0.0,0.0,7,200.5,203.0,7,211.5,0.0,0.0,0.0,0.0,0.0,18
2023-05-10 09:08:14,MA401C2250,MA401C2250,211.5,0.0,0.0,0.0,7,201.0,204.0,7,211.5,0.0,0.0,0.0,0.0,0.0,18
2023-05-10 09:08:15,MA401C2250,MA401C2250,211.5,0.0,0.0,0.0,7,201.0,203.5,7,211.5,0.0,0.0,0.0,0.0,0.0,18
2023-05-10 09:09:02,MA401C2250,MA401C2250,211.5,0.0,0.0,0.0,7,201.0,203.5,17,211.5,0.0,0.0,0.0,0.0,0.0,18
2023-05-10 09:10:26,MA401C2250,MA401C2250,211.5,0.0,0.0,0.0,10,194.5,203.5,17,211.5,0.0,0.0,0.0,0.0,0.0,18
2023-05-10 09:10:26,MA401C2250,MA401C2250,211.5,0.0,0.0,0.0,10,195.0,203.5,17,211.5,0.0,0.0,0.0,0.0,0.0,18
2023-05-10 09:10:30,MA401C2250,MA401C2250,211.5,0.0,0.0,0.0,7,199.5,202.5,7,211.5,0.0,0.0,0.0,0.0,0.0,18
2023-05-10 09:10:31,MA401C2250,MA401C2250,211.5,0.0,0.0,0.0,17,199.5,202.5,17,211.5,0.0,0.0,0.0,0.0,0.0,18
2023-05-10 09:10:38,MA401C2250,MA401C2250,211.5,0.0,0.0,0.0,7,199.5,202.5,17,211.5,0.0,0.0,0.0,0.0,0.0,18
2023-05-10 09:10:43,MA401C2250,MA401C2250,211.5,0.0,0.0,0.0,7,199.5,201.5,7,211.5,0.0,0.0,0.0,0.0,0.0,18
2023-05-10 09:10:51,MA401C2250,MA401C2250,211.5,0.0,0.0,0.0,10,192.5,201.5,17,211.5,0.0,0.0,0.0,0.0,0.0,18
2023-05-10 09:10:57,MA401C2250,MA401C2250,211.5,0.0,0.0,0.0,7,198.0,201.5,17,211.5,0.0,0.0,0.0,0.0,0.0,18
2023-05-10 09:10:57,MA401C2250,MA401C2250,211.5,0.0,0.0,0.0,10,198.5,201.5,17,211.5,0.0,0.0,0.0,0.0,0.0,18
2023-05-10 09:10:58,MA401C2250,MA401C2250,211.5,0.0,0.0,0.0,17,198.0,201.5,17,211.5,0.0,0.0,0.0,0.0,0.0,18
2023-05-10 09:11:00,MA401C2250,MA401C2250,211.5,0.0,0.0,0.0,17,198.0,201.0,7,211.5,0.0,0.0,0.0,0.0,0.0,18
2023-05-10 09:11:01,MA401C2250,MA401C2250,211.5,0.0,0.0,0.0,17,198.0,201.0,17,211.5,0.0,0.0,0.0,0.0,0.0,18
2023-05-10 09:12:05,MA401C2250,MA401C2250,211.5,0.0,0.0,0.0,7,198.0,201.0,17,211.5,0.0,0.0,0.0,0.0,0.0,18
2023-05-10 09:12:17,MA401C2250,MA401C2250,211.5,0.0,0.0,0.0,17,198.0,201.0,17,211.5,0.0,0.0,0.0,0.0,0.0,18
2023-05-10 09:12:23,MA401C2250,MA401C2250,211.5,0.0,0.0,0.0,7,198.0,201.0,17,211.5,0.0,0.0,0.0,0.0,0.0,18
2023-05-10 09:16:32,MA401C2250,MA401C2250,211.5,0.0,0.0,0.0,17,198.0,200.5,7,211.5,0.0,0.0,0.0,0.0,0.0,18
2023-05-10 09:16:32,MA401C2250,MA401C2250,211.5,0.0,0.0,0.0,17,198.0,200.5,17,211.5,0.0,0.0,0.0,0.0,0.0,18
2023-05-10 09:16:45,MA401C2250,MA401C2250,211.5,0.0,0.0,0.0,7,198.0,200.5,17,211.5,0.0,0.0,0.0,0.0,0.0,18
2023-05-10 09:16:50,MA401C2250,MA401C2250,211.5,0.0,0.0,0.0,17,198.0,200.5,17,211.5,0.0,0.0,0.0,0.0,0.0,18
2023-05-10 09:16:58,MA401C2250,MA401C2250,211.5,0.0,0.0,0.0,17,198.0,200.5,7,211.5,0.0,0.0,0.0,0.0,0.0,18
2023-05-10 09:17:11,MA401C2250,MA401C2250,211.5,0.0,0.0,0.0,17,198.0,201.0,7,211.5,0.0,0.0,0.0,0.0,0.0,18
2023-05-10 09:17:13,MA401C2250,MA401C2250,211.5,0.0,0.0,0.0,7,198.5,201.0,7,211.5,0.0,0.0,0.0,0.0,0.0,18
2023-05-10 09:17:13,MA401C2250,MA401C2250,211.5,0.0,0.0,0.0,10,199.0,201.0,7,211.5,0.0,0.0,0.0,0.0,0.0,18
2023-05-10 09:17:14,MA401C2250,MA401C2250,211.5,0.0,0.0,0.0,10,199.0,207.0,10,211.5,0.0,0.0,0.0,0.0,0.0,18
2023-05-10 09:17:15,MA401C2250,MA401C2250,211.5,0.0,0.0,0.0,10,199.0,206.5,10,211.5,0.0,0.0,0.0,0.0,0.0,18
2023-05-10 09:17:32,MA401C2250,MA401C2250,211.5,0.0,0.0,0.0,7,201.5,204.5,7,211.5,0.0,0.0,0.0,0.0,0.0,18
2023-05-10 09:17:33,MA401C2250,MA401C2250,211.5,0.0,0.0,0.0,17,201.5,204.5,17,211.5,0.0,0.0,0.0,0.0,0.0,18
2023-05-10 09:17:38,MA401C2250,MA401C2250,211.5,0.0,0.0,0.0,7,202.0,204.5,17,211.5,0.0,0.0,0.0,0.0,0.0,18
2023-05-10 09:17:39,MA401C2250,MA401C2250,211.5,0.0,0.0,0.0,17,202.0,204.5,17,211.5,0.0,0.0,0.0,0.0,0.0,18
2023-05-10 09:17:39,MA401C2250,MA401C2250,211.5,0.0,0.0,0.0,17,202.0,210.5,10,211.5,0.0,0.0,0.0,0.0,0.0,18
2023-05-10 09:17:45,MA401C2250,MA401C2250,211.5,0.0,0.0,0.0,7,202.5,210.5,10,211.5,0.0,0.0,0.0,0.0,0.0,18
2023-05-10 09:17:46,MA401C2250,MA401C2250,211.5,0.0,0.0,0.0,17,202.5,210.5,10,211.5,0.0,0.0,0.0,0.0,0.0,18
2023-05-10 09:17:46,MA401C2250,MA401C2250,211.5,0.0,0.0,0.0,17,202.5,205.5,7,211.5,0.0,0.0,0.0,0.0,0.0,18
2023-05-10 09:17:47,MA401C2250,MA401C2250,211.5,0.0,0.0,0.0,17,202.5,205.0,10,211.5,0.0,0.0,0.0,0.0,0.0,18
2023-05-10 09:17:52,MA401C2250,MA401C2250,211.5,0.0,0.0,0.0,17,202.5,205.5,7,211.5,0.0,0.0,0.0,0.0,0.0,18
2023-05-10 09:17:52,MA401C2250,MA401C2250,211.5,0.0,0.0,0.0,17,202.5,205.5,17,211.5,0.0,0.0,0.0,0.0,0.0,18
2023-05-10 09:17:53,MA401C2250,MA401C2250,211.5,0.0,0.0,0.0,17,202.5,205.5,7,211.5,0.0,0.0,0.0,0.0,0.0,18
2023-05-10 09:18:37,MA401C2250,MA401C2250,211.5,0.0,0.0,0.0,7,202.5,205.0,10,211.5,0.0,0.0,0.0,0.0,0.0,18
2023-05-10 09:18:38,MA401C2250,MA401C2250,211.5,0.0,0.0,0.0,17,202.5,205.0,10,211.5,0.0,0.0,0.0,0.0,0.0,18
2023-05-10 09:18:48,MA401C2250,MA401C2250,211.5,0.0,0.0,0.0,17,202.5,205.5,17,211.5,0.0,0.0,0.0,0.0,0.0,18
2023-05-10 09:19:20,MA401C2250,MA401C2250,211.5,0.0,0.0,0.0,17,202.5,205.5,7,211.5,0.0,0.0,0.0,0.0,0.0,18
2023-05-10 09:19:22,MA401C2250,MA401C2250,211.5,0.0,0.0,0.0,7,203.5,205.5,7,211.5,0.0,0.0,0.0,0.0,0.0,18
2023-05-10 09:19:22,MA401C2250,MA401C2250,211.5,0.0,0.0,0.0,17,203.5,211.0,10,211.5,0.0,0.0,0.0,0.0,0.0,18
2023-05-10 09:19:33,MA401C2250,MA401C2250,211.5,0.0,0.0,0.0,7,203.5,211.0,10,211.5,0.0,0.0,0.0,0.0,0.0,18
2023-05-10 09:19:33,MA401C2250,MA401C2250,211.5,0.0,0.0,0.0,17,203.5,211.0,10,211.5,0.0,0.0,0.0,0.0,0.0,18
2023-05-10 09:19:35,MA401C2250,MA401C2250,211.5,0.0,0.0,0.0,7,203.5,211.0,10,211.5,0.0,0.0,0.0,0.0,0.0,18
2023-05-10 09:19:36,MA401C2250,MA401C2250,211.5,0.0,0.0,0.0,7,203.5,206.5,7,211.5,0.0,0.0,0.0,0.0,0.0,18
2023-05-10 09:19:36,MA401C2250,MA401C2250,211.5,0.0,0.0,0.0,7,203.5,206.0,10,211.5,0.0,0.0,0.0,0.0,0.0,18
2023-05-10 09:19:37,MA401C2250,MA401C2250,211.5,0.0,0.0,0.0,17,203.5,206.5,17,211.5,0.0,0.0,0.0,0.0,0.0,18
2023-05-10 09:19:47,MA401C2250,MA401C2250,211.5,0.0,0.0,0.0,7,203.5,206.5,17,211.5,0.0,0.0,0.0,0.0,0.0,18
2023-05-10 09:19:49,MA401C2250,MA401C2250,211.5,0.0,0.0,0.0,7,203.5,205.5,7,211.5,0.0,0.0,0.0,0.0,0.0,18
2023-05-10 09:19:50,MA401C2250,MA401C2250,211.5,0.0,0.0,0.0,7,203.5,205.5,17,211.5,0.0,0.0,0.0,0.0,0.0,18
2023-05-10 09:19:54,MA401C2250,MA401C2250,211.5,0.0,0.0,0.0,7,202.5,205.5,17,211.5,0.0,0.0,0.0,0.0,0.0,18
2023-05-10 09:19:54,MA401C2250,MA401C2250,211.5,0.0,0.0,0.0,10,203.0,205.5,17,211.5,0.0,0.0,0.0,0.0,0.0,18
2023-05-10 09:19:55,MA401C2250,MA401C2250,211.5,0.0,0.0,0.0,17,202.5,205.5,17,211.5,0.0,0.0,0.0,0.0,0.0,18
2023-05-10 09:20:06,MA401C2250,MA401C2250,211.5,0.0,0.0,0.0,7,202.5,205.5,17,211.5,0.0,0.0,0.0,0.0,0.0,18
2023-05-10 09:20:06,MA401C2250,MA401C2250,211.5,0.0,0.0,0.0,17,202.5,205.5,17,211.5,0.0,0.0,0.0,0.0,0.0,18
2023-05-10 09:20:07,MA401C2250,MA401C2250,211.5,0.0,0.0,0.0,7,202.5,205.5,17,211.5,0.0,0.0,0.0,0.0,0.0,18
2023-05-10 09:20:52,MA401C2250,MA401C2250,211.5,0.0,0.0,0.0,7,202.5,205.5,7,211.5,0.0,0.0,0.0,0.0,0.0,18
2023-05-10 09:20:52,MA401C2250,MA401C2250,211.5,0.0,0.0,0.0,10,203.0,205.5,7,211.5,0.0,0.0,0.0,0.0,0.0,18
2023-05-10 09:20:54,MA401C2250,MA401C2250,211.5,0.0,0.0,0.0,17,203.0,205.5,7,211.5,0.0,0.0,0.0,0.0,0.0,18
2023-05-10 09:21:03,MA401C2250,MA401C2250,211.5,0.0,0.0,0.0,7,203.0,205.5,7,211.5,0.0,0.0,0.0,0.0,0.0,18
2023-05-10 09:21:04,MA401C2250,MA401C2250,211.5,0.0,0.0,0.0,7,203.0,205.5,17,211.5,0.0,0.0,0.0,0.0,0.0,18
2023-05-10 09:21:42,MA401C2250,MA401C2250,211.5,0.0,0.0,0.0,7,203.0,205.5,7,211.5,0.0,0.0,0.0,0.0,0.0,18
2023-05-10 09:21:42,MA401C2250,MA401C2250,211.5,0.0,0.0,0.0,17,203.0,205.5,7,211.5,0.0,0.0,0.0,0.0,0.0,18
2023-05-10 09:22:02,MA401C2250,MA401C2250,211.5,0.0,0.0,0.0,7,203.0,205.0,10,211.5,0.0,0.0,0.0,0.0,0.0,18
2023-05-10 09:22:09,MA401C2250,MA401C2250,211.5,0.0,0.0,0.0,17,202.5,205.0,10,211.5,0.0,0.0,0.0,0.0,0.0,18
2023-05-10 09:22:09,MA401C2250,MA401C2250,211.5,0.0,0.0,0.0,7,202.5,205.0,10,211.5,0.0,0.0,0.0,0.0,0.0,18
2023-05-10 09:22:10,MA401C2250,MA401C2250,211.5,0.0,0.0,0.0,10,199.0,205.0,10,211.5,0.0,0.0,0.0,0.0,0.0,18
2023-05-10 09:22:10,MA401C2250,MA401C2250,211.5,0.0,0.0,0.0,10,199.5,205.0,10,211.5,0.0,0.0,0.0,0.0,0.0,18
2023-05-10 09:22:18,MA401C2250,MA401C2250,211.5,0.0,0.0,0.0,7,201.5,205.0,10,211.5,0.0,0.0,0.0,0.0,0.0,18
2023-05-10 09:22:19,MA401C2250,MA401C2250,211.5,0.0,0.0,0.0,10,202.0,205.0,10,211.5,0.0,0.0,0.0,0.0,0.0,18
2023-05-10 09:22:20,MA401C2250,MA401C2250,211.5,0.0,0.0,0.0,10,202.0,204.5,7,211.5,0.0,0.0,0.0,0.0,0.0,18
2023-05-10 09:22:20,MA401C2250,MA401C2250,211.5,0.0,0.0,0.0,10,202.0,204.5,17,211.5,0.0,0.0,0.0,0.0,0.0,18
2023-05-10 09:22:23,MA401C2250,MA401C2250,211.5,0.0,0.0,0.0,7,201.5,204.5,17,211.5,0.0,0.0,0.0,0.0,0.0,18
2023-05-10 09:22:23,MA401C2250,MA401C2250,211.5,0.0,0.0,0.0,17,201.5,204.5,17,211.5,0.0,0.0,0.0,0.0,0.0,18
2023-05-10 09:22:38,MA401C2250,MA401C2250,211.5,0.0,0.0,0.0,17,201.5,204.5,7,211.5,0.0,0.0,0.0,0.0,0.0,18
2023-05-10 09:22:48,MA401C2250,MA401C2250,211.5,0.0,0.0,0.0,17,201.5,204.0,10,211.5,0.0,0.0,0.0,0.0,0.0,18
2023-05-10 09:22:51,MA401C2250,MA401C2250,211.5,0.0,0.0,0.0,7,201.5,204.0,10,211.5,0.0,0.0,0.0,0.0,0.0,18
2023-05-10 09:22:52,MA401C2250,MA401C2250,211.5,0.0,0.0,0.0,7,201.5,204.5,7,211.5,0.0,0.0,0.0,0.0,0.0,18
2023-05-10 09:22:52,MA401C2250,MA401C2250,211.5,0.0,0.0,0.0,17,201.5,204.5,17,211.5,0.0,0.0,0.0,0.0,0.0,18
2023-05-10 09:22:56,MA401C2250,MA401C2250,211.5,0.0,0.0,0.0,17,201.5,204.5,7,211.5,0.0,0.0,0.0,0.0,0.0,18
2023-05-10 09:23:00,MA401C2250,MA401C2250,211.5,0.0,0.0,0.0,7,202.0,204.5,7,211.5,0.0,0.0,0.0,0.0,0.0,18
2023-05-10 09:23:00,MA401C2250,MA401C2250,211.5,0.0,0.0,0.0,10,202.5,204.5,7,211.5,0.0,0.0,0.0,0.0,0.0,18
2023-05-10 09:23:01,MA401C2250,MA401C2250,211.5,0.0,0.0,0.0,10,202.5,205.5,17,211.5,0.0,0.0,0.0,0.0,0.0,18
2023-05-10 09:23:01,MA401C2250,MA401C2250,211.5,0.0,0.0,0.0,10,202.5,205.5,7,211.5,0.0,0.0,0.0,0.0,0.0,18
2023-05-10 09:23:08,MA401C2250,MA401C2250,211.5,0.0,0.0,0.0,7,202.0,205.5,7,211.5,0.0,0.0,0.0,0.0,0.0,18
2023-05-10 09:23:08,MA401C2250,MA401C2250,211.5,0.0,0.0,0.0,10,202.5,205.0,10,211.5,0.0,0.0,0.0,0.0,0.0,18
2023-05-10 09:23:09,MA401C2250,MA401C2250,211.5,0.0,0.0,0.0,7,202.0,205.0,10,211.5,0.0,0.0,0.0,0.0,0.0,18
2023-05-10 09:23:09,MA401C2250,MA401C2250,211.5,0.0,0.0,0.0,17,202.0,205.0,10,211.5,0.0,0.0,0.0,0.0,0.0,18
2023-05-10 09:23:16,MA401C2250,MA401C2250,211.5,0.0,0.0,0.0,17,202.0,205.0,17,211.5,0.0,0.0,0.0,0.0,0.0,18
2023-05-10 09:23:23,MA401C2250,MA401C2250,211.5,0.0,0.0,0.0,7,202.0,205.0,17,211.5,0.0,0.0,0.0,0.0,0.0,18
2023-05-10 09:23:25,MA401C2250,MA401C2250,211.5,0.0,0.0,0.0,7,202.0,204.5,7,211.5,0.0,0.0,0.0,0.0,0.0,18
2023-05-10 09:23:25,MA401C2250,MA401C2250,211.5,0.0,0.0,0.0,7,202.0,204.5,17,211.5,0.0,0.0,0.0,0.0,0.0,18
2023-05-10 09:23:59,MA401C2250,MA401C2250,211.5,0.0,0.0,0.0,10,202.5,204.5,7,211.5,0.0,0.0,0.0,0.0,0.0,18
2023-05-10 09:24:00,MA401C2250,MA401C2250,211.5,0.0,0.0,0.0,7,202.0,204.5,7,211.5,0.0,0.0,0.0,0.0,0.0,18
2023-05-10 09:24:01,MA401C2250,MA401C2250,211.5,0.0,0.0,0.0,17,202.0,204.5,17,211.5,0.0,0.0,0.0,0.0,0.0,18
2023-05-10 09:24:05,MA401C2250,MA401C2250,211.5,0.0,0.0,0.0,10,202.0,204.5,17,211.5,0.0,0.0,0.0,0.0,0.0,18
2023-05-10 09:24:05,MA401C2250,MA401C2250,211.5,0.0,0.0,0.0,17,201.5,204.5,17,211.5,0.0,0.0,0.0,0.0,0.0,18
2023-05-10 09:24:06,MA401C2250,MA401C2250,211.5,0.0,0.0,0.0,7,201.5,204.5,17,211.5,0.0,0.0,0.0,0.0,0.0,18
2023-05-10 09:24:09,MA401C2250,MA401C2250,211.5,0.0,0.0,0.0,17,201.5,204.5,17,211.5,0.0,0.0,0.0,0.0,0.0,18
2023-05-10 09:24:12,MA401C2250,MA401C2250,211.5,0.0,0.0,0.0,17,201.5,204.0,7,211.5,0.0,0.0,0.0,0.0,0.0,18
2023-05-10 09:24:12,MA401C2250,MA401C2250,211.5,0.0,0.0,0.0,7,201.5,204.0,17,211.5,0.0,0.0,0.0,0.0,0.0,18
2023-05-10 09:24:19,MA401C2250,MA401C2250,211.5,0.0,0.0,0.0,10,201.0,204.0,17,211.5,0.0,0.0,0.0,0.0,0.0,18
2023-05-10 09:24:30,MA401C2250,MA401C2250,211.5,0.0,0.0,0.0,17,200.5,204.0,17,211.5,0.0,0.0,0.0,0.0,0.0,18
2023-05-10 09:24:30,MA401C2250,MA401C2250,211.5,0.0,0.0,0.0,17,200.5,203.5,7,211.5,0.0,0.0,0.0,0.0,0.0,18
2023-05-10 09:24:31,MA401C2250,MA401C2250,211.5,0.0,0.0,0.0,17,200.5,203.5,17,211.5,0.0,0.0,0.0,0.0,0.0,18
2023-05-10 09:24:37,MA401C2250,MA401C2250,211.5,0.0,0.0,0.0,7,200.5,203.5,17,211.5,0.0,0.0,0.0,0.0,0.0,18
2023-05-10 09:24:45,MA401C2250,MA401C2250,211.5,0.0,0.0,0.0,17,200.5,203.5,17,211.5,0.0,0.0,0.0,0.0,0.0,18
2023-05-10 09:24:49,MA401C2250,MA401C2250,211.5,0.0,0.0,0.0,17,200.5,203.5,7,211.5,0.0,0.0,0.0,0.0,0.0,18
2023-05-10 09:24:52,MA401C2250,MA401C2250,211.5,0.0,0.0,0.0,17,200.5,203.5,17,211.5,0.0,0.0,0.0,0.0,0.0,18
2023-05-10 09:25:02,MA401C2250,MA401C2250,211.5,0.0,0.0,0.0,7,200.5,203.5,17,211.5,0.0,0.0,0.0,0.0,0.0,18
2023-05-10 09:26:12,MA401C2250,MA401C2250,211.5,0.0,0.0,0.0,17,200.5,203.5,17,211.5,0.0,0.0,0.0,0.0,0.0,18
2023-05-10 09:26:55,MA401C2250,MA401C2250,211.5,0.0,0.0,0.0,7,200.5,203.5,17,211.5,0.0,0.0,0.0,0.0,0.0,18
2023-05-10 09:27:09,MA401C2250,MA401C2250,211.5,0.0,0.0,0.0,1,197.0,203.5,17,211.5,0.0,0.0,0.0,0.0,0.0,18
2023-05-10 09:27:10,MA401C2250,MA401C2250,211.5,0.0,0.0,0.0,10,197.5,203.5,17,211.5,0.0,0.0,0.0,0.0,0.0,18
2023-05-10 09:27:13,MA401C2250,MA401C2250,211.5,0.0,0.0,0.0,7,199.5,203.5,17,211.5,0.0,0.0,0.0,0.0,0.0,18
2023-05-10 09:27:14,MA401C2250,MA401C2250,211.5,0.0,0.0,0.0,17,199.5,203.5,17,211.5,0.0,0.0,0.0,0.0,0.0,18
2023-05-10 09:27:14,MA401C2250,MA401C2250,211.5,0.0,0.0,0.0,17,199.5,202.5,7,211.5,0.0,0.0,0.0,0.0,0.0,18
2023-05-10 09:27:15,MA401C2250,MA401C2250,211.5,0.0,0.0,0.0,17,199.5,202.5,17,211.5,0.0,0.0,0.0,0.0,0.0,18
2023-05-10 09:27:17,MA401C2250,MA401C2250,211.5,0.0,0.0,0.0,7,199.5,202.5,17,211.5,0.0,0.0,0.0,0.0,0.0,18
2023-05-10 09:27:20,MA401C2250,MA401C2250,211.5,0.0,0.0,0.0,10,197.5,202.5,17,211.5,0.0,0.0,0.0,0.0,0.0,18
2023-05-10 09:27:26,MA401C2250,MA401C2250,211.5,0.0,0.0,0.0,10,197.5,202.0,7,211.5,0.0,0.0,0.0,0.0,0.0,18
2023-05-10 09:27:27,MA401C2250,MA401C2250,211.5,0.0,0.0,0.0,10,197.5,201.5,10,211.5,0.0,0.0,0.0,0.0,0.0,18
2023-05-10 09:27:27,MA401C2250,MA401C2250,211.5,0.0,0.0,0.0,7,198.5,201.5,10,211.5,0.0,0.0,0.0,0.0,0.0,18
2023-05-10 09:27:28,MA401C2250,MA401C2250,211.5,0.0,0.0,0.0,17,198.5,201.5,10,211.5,0.0,0.0,0.0,0.0,0.0,18
2023-05-10 09:27:30,MA401C2250,MA401C2250,211.5,0.0,0.0,0.0,7,198.5,201.5,10,211.5,0.0,0.0,0.0,0.0,0.0,18
2023-05-10 09:27:30,MA401C2250,MA401C2250,211.5,0.0,0.0,0.0,17,198.5,201.5,17,211.5,0.0,0.0,0.0,0.0,0.0,18
2023-05-10 09:27:44,MA401C2250,MA401C2250,211.5,0.0,0.0,0.0,7,198.5,201.5,17,211.5,0.0,0.0,0.0,0.0,0.0,18
2023-05-10 09:27:45,MA401C2250,MA401C2250,211.5,0.0,0.0,0.0,7,198.5,201.0,7,211.5,0.0,0.0,0.0,0.0,0.0,18
2023-05-10 09:27:46,MA401C2250,MA401C2250,211.5,0.0,0.0,0.0,7,198.5,201.0,17,211.5,0.0,0.0,0.0,0.0,0.0,18
2023-05-10 09:27:49,MA401C2250,MA401C2250,211.5,0.0,0.0,0.0,17,198.5,201.0,7,211.5,0.0,0.0,0.0,0.0,0.0,18
2023-05-10 09:27:52,MA401C2250,MA401C2250,211.5,0.0,0.0,0.0,7,198.5,201.0,17,211.5,0.0,0.0,0.0,0.0,0.0,18
2023-05-10 09:27:57,MA401C2250,MA401C2250,211.5,0.0,0.0,0.0,7,198.5,201.0,7,211.5,0.0,0.0,0.0,0.0,0.0,18
2023-05-10 09:27:58,MA401C2250,MA401C2250,211.5,0.0,0.0,0.0,17,198.5,201.0,7,211.5,0.0,0.0,0.0,0.0,0.0,18
2023-05-10 09:27:59,MA401C2250,MA401C2250,211.5,0.0,0.0,0.0,7,198.5,201.0,7,211.5,0.0,0.0,0.0,0.0,0.0,18
2023-05-10 09:27:59,MA401C2250,MA401C2250,211.5,0.0,0.0,0.0,7,198.5,200.5,10,211.5,0.0,0.0,0.0,0.0,0.0,18
2023-05-10 09:28:03,MA401C2250,MA401C2250,211.5,0.0,0.0,0.0,7,198.5,201.0,17,211.5,0.0,0.0,0.0,0.0,0.0,18
2023-05-10 09:28:33,MA401C2250,MA401C2250,211.5,0.0,0.0,0.0,17,198.5,201.0,17,211.5,0.0,0.0,0.0,0.0,0.0,18
2023-05-10 09:28:39,MA401C2250,MA401C2250,211.5,0.0,0.0,0.0,17,198.5,201.0,7,211.5,0.0,0.0,0.0,0.0,0.0,18
2023-05-10 09:29:18,MA401C2250,MA401C2250,211.5,0.0,0.0,0.0,17,198.5,201.0,17,211.5,0.0,0.0,0.0,0.0,0.0,18
2023-05-10 09:29:35,MA401C2250,MA401C2250,211.5,0.0,0.0,0.0,7,198.5,201.0,17,211.5,0.0,0.0,0.0,0.0,0.0,18
2023-05-10 09:30:04,MA401C2250,MA401C2250,211.5,0.0,0.0,0.0,17,198.5,201.0,7,211.5,0.0,0.0,0.0,0.0,0.0,18
2023-05-10 09:30:07,MA401C2250,MA401C2250,211.5,0.0,0.0,0.0,7,198.5,201.0,17,211.5,0.0,0.0,0.0,0.0,0.0,18
2023-05-10 09:30:56,MA401C2250,MA401C2250,211.5,0.0,0.0,0.0,7,197.5,201.0,17,211.5,0.0,0.0,0.0,0.0,0.0,18
2023-05-10 09:30:56,MA401C2250,MA401C2250,211.5,0.0,0.0,0.0,17,197.5,201.0,17,211.5,0.0,0.0,0.0,0.0,0.0,18
2023-05-10 09:31:01,MA401C2250,MA401C2250,211.5,0.0,0.0,0.0,7,197.5,201.0,17,211.5,0.0,0.0,0.0,0.0,0.0,18
2023-05-10 09:31:03,MA401C2250,MA401C2250,211.5,0.0,0.0,0.0,7,197.5,200.0,7,211.5,0.0,0.0,0.0,0.0,0.0,18
2023-05-10 09:31:03,MA401C2250,MA401C2250,211.5,0.0,0.0,0.0,7,197.5,200.0,17,211.5,0.0,0.0,0.0,0.0,0.0,18
2023-05-10 09:31:04,MA401C2250,MA401C2250,211.5,0.0,0.0,0.0,10,192.5,200.0,17,211.5,0.0,0.0,0.0,0.0,0.0,18
2023-05-10 09:31:04,MA401C2250,MA401C2250,211.5,0.0,0.0,0.0,10,193.0,200.0,17,211.5,0.0,0.0,0.0,0.0,0.0,18
2023-05-10 09:31:18,MA401C2250,MA401C2250,211.5,0.0,0.0,0.0,7,195.5,199.0,7,211.5,0.0,0.0,0.0,0.0,0.0,18
2023-05-10 09:31:18,MA401C2250,MA401C2250,211.5,0.0,0.0,0.0,17,195.5,198.5,10,211.5,0.0,0.0,0.0,0.0,0.0,18
2023-05-10 09:31:22,MA401C2250,MA401C2250,211.5,0.0,0.0,0.0,17,195.5,199.0,17,211.5,0.0,0.0,0.0,0.0,0.0,18
2023-05-10 09:31:29,MA401C2250,MA401C2250,211.5,0.0,0.0,0.0,17,195.5,198.5,7,211.5,0.0,0.0,0.0,0.0,0.0,18
2023-05-10 09:31:30,MA401C2250,MA401C2250,211.5,0.0,0.0,0.0,7,195.5,198.0,10,211.5,0.0,0.0,0.0,0.0,0.0,18
2023-05-10 09:31:34,MA401C2250,MA401C2250,211.5,0.0,0.0,0.0,7,195.5,198.0,17,211.5,0.0,0.0,0.0,0.0,0.0,18
2023-05-10 09:32:07,MA401C2250,MA401C2250,211.5,0.0,0.0,0.0,7,195.5,198.0,7,211.5,0.0,0.0,0.0,0.0,0.0,18
2023-05-10 09:32:07,MA401C2250,MA401C2250,211.5,0.0,0.0,0.0,17,195.5,198.0,7,211.5,0.0,0.0,0.0,0.0,0.0,18
2023-05-10 09:32:10,MA401C2250,MA401C2250,211.5,0.0,0.0,0.0,7,195.5,198.0,7,211.5,0.0,0.0,0.0,0.0,0.0,18
2023-05-10 09:32:10,MA401C2250,MA401C2250,211.5,0.0,0.0,0.0,7,195.5,198.0,17,211.5,0.0,0.0,0.0,0.0,0.0,18
2023-05-10 09:32:11,MA401C2250,MA401C2250,211.5,0.0,0.0,0.0,1,191.0,198.0,17,211.5,0.0,0.0,0.0,0.0,0.0,18
2023-05-10 09:32:11,MA401C2250,MA401C2250,211.5,0.0,0.0,0.0,10,191.5,198.0,17,211.5,0.0,0.0,0.0,0.0,0.0,18
2023-05-10 09:32:27,MA401C2250,MA401C2250,211.5,0.0,0.0,0.0,10,191.5,196.5,7,211.5,0.0,0.0,0.0,0.0,0.0,18
2023-05-10 09:32:28,MA401C2250,MA401C2250,211.5,0.0,0.0,0.0,10,191.5,196.0,10,211.5,0.0,0.0,0.0,0.0,0.0,18
2023-05-10 09:32:29,MA401C2250,MA401C2250,211.5,0.0,0.0,0.0,7,193.0,196.0,10,211.5,0.0,0.0,0.0,0.0,0.0,18
2023-05-10 09:32:29,MA401C2250,MA401C2250,211.5,0.0,0.0,0.0,17,193.0,196.0,10,211.5,0.0,0.0,0.0,0.0,0.0,18
2023-05-10 09:32:33,MA401C2250,MA401C2250,211.5,0.0,0.0,0.0,7,193.0,196.0,10,211.5,0.0,0.0,0.0,0.0,0.0,18
2023-05-10 09:32:34,MA401C2250,MA401C2250,211.5,0.0,0.0,0.0,10,191.5,196.0,10,211.5,0.0,0.0,0.0,0.0,0.0,18
2023-05-10 09:32:40,MA401C2250,MA401C2250,211.5,0.0,0.0,0.0,7,192.5,196.0,17,211.5,0.0,0.0,0.0,0.0,0.0,18
2023-05-10 09:32:41,MA401C2250,MA401C2250,211.5,0.0,0.0,0.0,17,192.5,196.0,17,211.5,0.0,0.0,0.0,0.0,0.0,18
2023-05-10 09:32:44,MA401C2250,MA401C2250,211.5,0.0,0.0,0.0,7,193.0,196.0,17,211.5,0.0,0.0,0.0,0.0,0.0,18
2023-05-10 09:32:44,MA401C2250,MA401C2250,211.5,0.0,0.0,0.0,17,193.0,196.0,17,211.5,0.0,0.0,0.0,0.0,0.0,18
2023-05-10 09:33:11,MA401C2250,MA401C2250,211.5,0.0,0.0,0.0,7,193.0,196.0,17,211.5,0.0,0.0,0.0,0.0,0.0,18
2023-05-10 09:33:13,MA401C2250,MA401C2250,211.5,0.0,0.0,0.0,17,193.0,196.0,17,211.5,0.0,0.0,0.0,0.0,0.0,18
2023-05-10 09:33:28,MA401C2250,MA401C2250,211.5,0.0,0.0,0.0,7,193.5,196.0,17,211.5,0.0,0.0,0.0,0.0,0.0,18
2023-05-10 09:33:36,MA401C2250,MA401C2250,211.5,0.0,0.0,0.0,7,193.5,196.0,7,211.5,0.0,0.0,0.0,0.0,0.0,18
2023-05-10 09:33:36,MA401C2250,MA401C2250,211.5,0.0,0.0,0.0,17,193.5,196.0,7,211.5,0.0,0.0,0.0,0.0,0.0,18
2023-05-10 09:33:41,MA401C2250,MA401C2250,211.5,0.0,0.0,0.0,17,193.5,196.0,10,211.5,0.0,0.0,0.0,0.0,0.0,18
2023-05-10 09:33:44,MA401C2250,MA401C2250,211.5,0.0,0.0,0.0,17,193.5,196.5,7,211.5,0.0,0.0,0.0,0.0,0.0,18
2023-05-10 09:33:44,MA401C2250,MA401C2250,211.5,0.0,0.0,0.0,17,193.5,196.5,17,211.5,0.0,0.0,0.0,0.0,0.0,18
2023-05-10 09:33:47,MA401C2250,MA401C2250,211.5,0.0,0.0,0.0,7,194.0,196.5,17,211.5,0.0,0.0,0.0,0.0,0.0,18
2023-05-10 09:33:47,MA401C2250,MA401C2250,211.5,0.0,0.0,0.0,17,194.0,196.5,17,211.5,0.0,0.0,0.0,0.0,0.0,18
2023-05-10 09:33:48,MA401C2250,MA401C2250,211.5,0.0,0.0,0.0,7,194.0,196.5,17,211.5,0.0,0.0,0.0,0.0,0.0,18
2023-05-10 09:33:52,MA401C2250,MA401C2250,211.5,0.0,0.0,0.0,17,194.0,196.5,10,211.5,0.0,0.0,0.0,0.0,0.0,18
2023-05-10 09:33:57,MA401C2250,MA401C2250,211.5,0.0,0.0,0.0,7,194.0,196.5,10,211.5,0.0,0.0,0.0,0.0,0.0,18
2023-05-10 09:34:20,MA401C2250,MA401C2250,211.5,0.0,0.0,0.0,7,194.0,197.0,7,211.5,0.0,0.0,0.0,0.0,0.0,18
2023-05-10 09:34:20,MA401C2250,MA401C2250,211.5,0.0,0.0,0.0,17,194.0,196.5,10,211.5,0.0,0.0,0.0,0.0,0.0,18
2023-05-10 09:34:22,MA401C2250,MA401C2250,211.5,0.0,0.0,0.0,17,194.0,197.0,17,211.5,0.0,0.0,0.0,0.0,0.0,18
2023-05-10 09:34:33,MA401C2250,MA401C2250,211.5,0.0,0.0,0.0,7,194.0,197.0,17,211.5,0.0,0.0,0.0,0.0,0.0,18
2023-05-10 09:34:53,MA401C2250,MA401C2250,211.5,0.0,0.0,0.0,17,194.5,197.0,17,211.5,0.0,0.0,0.0,0.0,0.0,18
2023-05-10 09:35:07,MA401C2250,MA401C2250,211.5,0.0,0.0,0.0,7,194.5,197.0,17,211.5,0.0,0.0,0.0,0.0,0.0,18
2023-05-10 09:36:08,MA401C2250,MA401C2250,211.5,0.0,0.0,0.0,17,194.5,197.0,7,211.5,0.0,0.0,0.0,0.0,0.0,18
2023-05-10 09:36:08,MA401C2250,MA401C2250,211.5,0.0,0.0,0.0,17,194.5,197.0,17,211.5,0.0,0.0,0.0,0.0,0.0,18
2023-05-10 09:36:17,MA401C2250,MA401C2250,211.5,0.0,0.0,0.0,17,194.5,197.5,7,211.5,0.0,0.0,0.0,0.0,0.0,18
2023-05-10 09:36:17,MA401C2250,MA401C2250,211.5,0.0,0.0,0.0,17,194.5,197.5,17,211.5,0.0,0.0,0.0,0.0,0.0,18
2023-05-10 09:36:19,MA401C2250,MA401C2250,211.5,0.0,0.0,0.0,17,194.5,197.5,10,211.5,0.0,0.0,0.0,0.0,0.0,18
2023-05-10 09:36:21,MA401C2250,MA401C2250,211.5,0.0,0.0,0.0,7,195.5,205.5,1,211.5,0.0,0.0,0.0,0.0,0.0,18
2023-05-10 09:36:21,MA401C2250,MA401C2250,211.5,0.0,0.0,0.0,17,195.5,205.0,10,211.5,0.0,0.0,0.0,0.0,0.0,18
2023-05-10 09:36:22,MA401C2250,MA401C2250,211.5,0.0,0.0,0.0,7,195.5,205.0,10,211.5,0.0,0.0,0.0,0.0,0.0,18
2023-05-10 09:36:25,MA401C2250,MA401C2250,211.5,0.0,0.0,0.0,7,195.5,198.5,7,211.5,0.0,0.0,0.0,0.0,0.0,18
2023-05-10 09:36:25,MA401C2250,MA401C2250,211.5,0.0,0.0,0.0,7,195.5,198.0,10,211.5,0.0,0.0,0.0,0.0,0.0,18
2023-05-10 09:37:21,MA401C2250,MA401C2250,211.5,0.0,0.0,0.0,7,195.5,198.0,17,211.5,0.0,0.0,0.0,0.0,0.0,18
2023-05-10 09:37:21,MA401C2250,MA401C2250,211.5,0.0,0.0,0.0,7,194.5,198.0,17,211.5,0.0,0.0,0.0,0.0,0.0,18
2023-05-10 09:37:30,MA401C2250,MA401C2250,211.5,0.0,0.0,0.0,17,194.5,198.0,17,211.5,0.0,0.0,0.0,0.0,0.0,18
2023-05-10 09:37:39,MA401C2250,MA401C2250,211.5,0.0,0.0,0.0,7,195.0,198.0,17,211.5,0.0,0.0,0.0,0.0,0.0,18
2023-05-10 09:37:39,MA401C2250,MA401C2250,211.5,0.0,0.0,0.0,17,195.0,198.0,17,211.5,0.0,0.0,0.0,0.0,0.0,18
2023-05-10 09:38:11,MA401C2250,MA401C2250,211.5,0.0,0.0,0.0,7,195.5,198.5,7,211.5,0.0,0.0,0.0,0.0,0.0,18
2023-05-10 09:38:12,MA401C2250,MA401C2250,211.5,0.0,0.0,0.0,10,196.0,198.5,7,211.5,0.0,0.0,0.0,0.0,0.0,18
2023-05-10 09:38:17,MA401C2250,MA401C2250,211.5,0.0,0.0,0.0,7,195.5,198.5,7,211.5,0.0,0.0,0.0,0.0,0.0,18
2023-05-10 09:38:17,MA401C2250,MA401C2250,211.5,0.0,0.0,0.0,17,195.5,198.0,10,211.5,0.0,0.0,0.0,0.0,0.0,18
2023-05-10 09:38:18,MA401C2250,MA401C2250,211.5,0.0,0.0,0.0,17,195.5,198.5,17,211.5,0.0,0.0,0.0,0.0,0.0,18
2023-05-10 09:38:18,MA401C2250,MA401C2250,211.5,0.0,0.0,0.0,7,196.0,198.5,17,211.5,0.0,0.0,0.0,0.0,0.0,18
2023-05-10 09:38:19,MA401C2250,MA401C2250,211.5,0.0,0.0,0.0,17,196.0,198.5,17,211.5,0.0,0.0,0.0,0.0,0.0,18
2023-05-10 09:38:27,MA401C2250,MA401C2250,211.5,0.0,0.0,0.0,17,196.0,198.5,7,211.5,0.0,0.0,0.0,0.0,0.0,18
2023-05-10 09:38:38,MA401C2250,MA401C2250,211.5,0.0,0.0,0.0,17,196.0,205.5,1,211.5,0.0,0.0,0.0,0.0,0.0,18
2023-05-10 09:38:38,MA401C2250,MA401C2250,211.5,0.0,0.0,0.0,17,196.0,205.0,10,211.5,0.0,0.0,0.0,0.0,0.0,18
2023-05-10 09:38:40,MA401C2250,MA401C2250,211.5,0.0,0.0,0.0,7,196.5,200.0,7,211.5,0.0,0.0,0.0,0.0,0.0,18
2023-05-10 09:38:41,MA401C2250,MA401C2250,211.5,0.0,0.0,0.0,17,196.5,199.5,10,211.5,0.0,0.0,0.0,0.0,0.0,18
2023-05-10 09:38:43,MA401C2250,MA401C2250,211.5,0.0,0.0,0.0,7,196.5,199.5,17,211.5,0.0,0.0,0.0,0.0,0.0,18
2023-05-10 09:39:04,MA401C2250,MA401C2250,211.5,0.0,0.0,0.0,7,196.5,199.0,7,211.5,0.0,0.0,0.0,0.0,0.0,18
2023-05-10 09:39:04,MA401C2250,MA401C2250,211.5,0.0,0.0,0.0,7,196.5,198.5,10,211.5,0.0,0.0,0.0,0.0,0.0,18
2023-05-10 09:39:11,MA401C2250,MA401C2250,211.5,0.0,0.0,0.0,7,196.5,199.0,7,211.5,0.0,0.0,0.0,0.0,0.0,18
2023-05-10 09:39:11,MA401C2250,MA401C2250,211.5,0.0,0.0,0.0,17,196.5,199.0,17,211.5,0.0,0.0,0.0,0.0,0.0,18
2023-05-10 09:39:22,MA401C2250,MA401C2250,211.5,0.0,0.0,0.0,17,196.5,199.0,7,211.5,0.0,0.0,0.0,0.0,0.0,18
2023-05-10 09:39:43,MA401C2250,MA401C2250,211.5,0.0,0.0,0.0,7,196.5,199.0,7,211.5,0.0,0.0,0.0,0.0,0.0,18
2023-05-10 09:39:43,MA401C2250,MA401C2250,211.5,0.0,0.0,0.0,7,196.5,199.0,17,211.5,0.0,0.0,0.0,0.0,0.0,18
2023-05-10 09:39:48,MA401C2250,MA401C2250,211.5,0.0,0.0,0.0,7,196.0,199.0,17,211.5,0.0,0.0,0.0,0.0,0.0,18
2023-05-10 09:40:10,MA401C2250,MA401C2250,211.5,0.0,0.0,0.0,7,196.0,198.5,7,211.5,0.0,0.0,0.0,0.0,0.0,18
2023-05-10 09:40:11,MA401C2250,MA401C2250,211.5,0.0,0.0,0.0,7,196.0,198.0,10,211.5,0.0,0.0,0.0,0.0,0.0,18
2023-05-10 09:40:14,MA401C2250,MA401C2250,211.5,0.0,0.0,0.0,1,191.0,198.0,10,211.5,0.0,0.0,0.0,0.0,0.0,18
2023-05-10 09:40:14,MA401C2250,MA401C2250,211.5,0.0,0.0,0.0,10,191.5,198.0,10,211.5,0.0,0.0,0.0,0.0,0.0,18
2023-05-10 09:40:20,MA401C2250,MA401C2250,211.5,0.0,0.0,0.0,7,194.5,197.5,7,211.5,0.0,0.0,0.0,0.0,0.0,18
2023-05-10 09:40:21,MA401C2250,MA401C2250,211.5,0.0,0.0,0.0,7,194.5,197.5,17,211.5,0.0,0.0,0.0,0.0,0.0,18
2023-05-10 09:40:21,MA401C2250,MA401C2250,211.5,0.0,0.0,0.0,17,194.5,197.5,17,211.5,0.0,0.0,0.0,0.0,0.0,18
2023-05-10 09:40:29,MA401C2250,MA401C2250,211.5,0.0,0.0,0.0,7,194.5,197.5,17,211.5,0.0,0.0,0.0,0.0,0.0,18
2023-05-10 09:40:37,MA401C2250,MA401C2250,211.5,0.0,0.0,0.0,17,194.5,197.5,17,211.5,0.0,0.0,0.0,0.0,0.0,18
2023-05-10 09:40:49,MA401C2250,MA401C2250,211.5,0.0,0.0,0.0,7,194.5,197.5,17,211.5,0.0,0.0,0.0,0.0,0.0,18
2023-05-10 09:40:56,MA401C2250,MA401C2250,211.5,0.0,0.0,0.0,7,194.5,197.0,7,211.5,0.0,0.0,0.0,0.0,0.0,18
2023-05-10 09:40:57,MA401C2250,MA401C2250,211.5,0.0,0.0,0.0,7,194.5,196.5,10,211.5,0.0,0.0,0.0,0.0,0.0,18
2023-05-10 09:41:00,MA401C2250,MA401C2250,211.5,0.0,0.0,0.0,7,194.5,197.0,7,211.5,0.0,0.0,0.0,0.0,0.0,18
2023-05-10 09:41:01,MA401C2250,MA401C2250,211.5,0.0,0.0,0.0,17,194.5,197.0,17,211.5,0.0,0.0,0.0,0.0,0.0,18
2023-05-10 09:41:09,MA401C2250,MA401C2250,211.5,0.0,0.0,0.0,17,194.5,197.0,7,211.5,0.0,0.0,0.0,0.0,0.0,18
2023-05-10 09:41:20,MA401C2250,MA401C2250,211.5,0.0,0.0,0.0,17,194.5,197.0,17,211.5,0.0,0.0,0.0,0.0,0.0,18
2023-05-10 09:41:24,MA401C2250,MA401C2250,211.5,0.0,0.0,0.0,17,194.5,197.0,7,211.5,0.0,0.0,0.0,0.0,0.0,18
2023-05-10 09:41:34,MA401C2250,MA401C2250,211.5,0.0,0.0,0.0,7,194.5,197.0,7,211.5,0.0,0.0,0.0,0.0,0.0,18
2023-05-10 09:41:35,MA401C2250,MA401C2250,211.5,0.0,0.0,0.0,7,194.5,197.0,17,211.5,0.0,0.0,0.0,0.0,0.0,18
2023-05-10 09:42:49,MA401C2250,MA401C2250,211.5,0.0,0.0,0.0,7,194.5,197.0,7,211.5,0.0,0.0,0.0,0.0,0.0,18
2023-05-10 09:42:49,MA401C2250,MA401C2250,211.5,0.0,0.0,0.0,17,194.5,197.0,7,211.5,0.0,0.0,0.0,0.0,0.0,18
2023-05-10 09:43:59,MA401C2250,MA401C2250,211.5,0.0,0.0,0.0,7,195.0,197.5,7,211.5,0.0,0.0,0.0,0.0,0.0,18
2023-05-10 09:44:00,MA401C2250,MA401C2250,211.5,0.0,0.0,0.0,17,195.0,197.5,17,211.5,0.0,0.0,0.0,0.0,0.0,18
2023-05-10 09:44:02,MA401C2250,MA401C2250,211.5,0.0,0.0,0.0,7,195.0,197.5,17,211.5,0.0,0.0,0.0,0.0,0.0,18
2023-05-10 09:44:23,MA401C2250,MA401C2250,211.5,0.0,0.0,0.0,17,195.0,197.5,7,211.5,0.0,0.0,0.0,0.0,0.0,18
2023-05-10 09:44:41,MA401C2250,MA401C2250,211.5,0.0,0.0,0.0,17,195.0,205.0,10,211.5,0.0,0.0,0.0,0.0,0.0,18
2023-05-10 09:44:45,MA401C2250,MA401C2250,211.5,0.0,0.0,0.0,7,195.5,199.0,7,211.5,0.0,0.0,0.0,0.0,0.0,18
2023-05-10 09:44:45,MA401C2250,MA401C2250,211.5,0.0,0.0,0.0,17,195.5,198.5,10,211.5,0.0,0.0,0.0,0.0,0.0,18
2023-05-10 09:45:04,MA401C2250,MA401C2250,211.5,0.0,0.0,0.0,7,196.0,198.5,10,211.5,0.0,0.0,0.0,0.0,0.0,18
2023-05-10 09:45:05,MA401C2250,MA401C2250,211.5,0.0,0.0,0.0,17,196.0,198.5,10,211.5,0.0,0.0,0.0,0.0,0.0,18
2023-05-10 09:45:08,MA401C2250,MA401C2250,211.5,0.0,0.0,0.0,7,196.0,198.5,10,211.5,0.0,0.0,0.0,0.0,0.0,18
2023-05-10 09:45:19,MA401C2250,MA401C2250,211.5,0.0,0.0,0.0,17,196.0,199.0,17,211.5,0.0,0.0,0.0,0.0,0.0,18
2023-05-10 09:45:22,MA401C2250,MA401C2250,211.5,0.0,0.0,0.0,7,196.0,199.0,17,211.5,0.0,0.0,0.0,0.0,0.0,18
2023-05-10 09:46:09,MA401C2250,MA401C2250,211.5,0.0,0.0,0.0,7,196.0,198.5,7,211.5,0.0,0.0,0.0,0.0,0.0,18
2023-05-10 09:46:09,MA401C2250,MA401C2250,211.5,0.0,0.0,0.0,7,196.0,198.5,17,211.5,0.0,0.0,0.0,0.0,0.0,18
2023-05-10 09:47:11,MA401C2250,MA401C2250,211.5,0.0,0.0,0.0,7,196.0,198.5,7,211.5,0.0,0.0,0.0,0.0,0.0,18
2023-05-10 09:47:12,MA401C2250,MA401C2250,211.5,0.0,0.0,0.0,17,196.0,198.5,7,211.5,0.0,0.0,0.0,0.0,0.0,18
2023-05-10 09:47:58,MA401C2250,MA401C2250,211.5,0.0,0.0,0.0,7,196.5,199.0,17,211.5,0.0,0.0,0.0,0.0,0.0,18
2023-05-10 09:48:55,MA401C2250,MA401C2250,211.5,0.0,0.0,0.0,7,196.0,198.5,7,211.5,0.0,0.0,0.0,0.0,0.0,18
2023-05-10 09:48:55,MA401C2250,MA401C2250,211.5,0.0,0.0,0.0,7,196.0,198.0,10,211.5,0.0,0.0,0.0,0.0,0.0,18
2023-05-10 09:49:18,MA401C2250,MA401C2250,211.5,0.0,0.0,0.0,7,195.0,198.0,17,211.5,0.0,0.0,0.0,0.0,0.0,18
2023-05-10 09:49:23,MA401C2250,MA401C2250,211.5,0.0,0.0,0.0,10,191.5,198.0,17,211.5,0.0,0.0,0.0,0.0,0.0,18
2023-05-10 09:49:33,MA401C2250,MA401C2250,211.5,0.0,0.0,0.0,7,193.5,196.5,7,211.5,0.0,0.0,0.0,0.0,0.0,18
2023-05-10 09:49:34,MA401C2250,MA401C2250,211.5,0.0,0.0,0.0,17,193.5,196.0,10,211.5,0.0,0.0,0.0,0.0,0.0,18
2023-05-10 09:49:34,MA401C2250,MA401C2250,211.5,0.0,0.0,0.0,7,193.5,196.0,10,211.5,0.0,0.0,0.0,0.0,0.0,18
2023-05-10 09:49:43,MA401C2250,MA401C2250,211.5,0.0,0.0,0.0,1,191.0,196.0,10,211.5,0.0,0.0,0.0,0.0,0.0,18
2023-05-10 09:49:43,MA401C2250,MA401C2250,211.5,0.0,0.0,0.0,10,191.5,196.0,10,211.5,0.0,0.0,0.0,0.0,0.0,18
2023-05-10 09:49:45,MA401C2250,MA401C2250,211.5,0.0,0.0,0.0,7,192.5,196.0,10,211.5,0.0,0.0,0.0,0.0,0.0,18
2023-05-10 09:49:45,MA401C2250,MA401C2250,211.5,0.0,0.0,0.0,17,192.5,196.0,10,211.5,0.0,0.0,0.0,0.0,0.0,18
2023-05-10 09:49:46,MA401C2250,MA401C2250,211.5,0.0,0.0,0.0,17,192.5,195.5,7,211.5,0.0,0.0,0.0,0.0,0.0,18
2023-05-10 09:49:47,MA401C2250,MA401C2250,211.5,0.0,0.0,0.0,17,192.5,195.5,17,211.5,0.0,0.0,0.0,0.0,0.0,18
2023-05-10 09:49:51,MA401C2250,MA401C2250,211.5,0.0,0.0,0.0,7,192.5,195.5,17,211.5,0.0,0.0,0.0,0.0,0.0,18
2023-05-10 09:49:52,MA401C2250,MA401C2250,211.5,0.0,0.0,0.0,1,191.0,195.5,17,211.5,0.0,0.0,0.0,0.0,0.0,18
2023-05-10 09:49:52,MA401C2250,MA401C2250,211.5,0.0,0.0,0.0,10,191.5,195.5,17,211.5,0.0,0.0,0.0,0.0,0.0,18
2023-05-10 09:50:04,MA401C2250,MA401C2250,211.5,0.0,0.0,0.0,7,192.5,195.5,17,211.5,0.0,0.0,0.0,0.0,0.0,18
2023-05-10 09:50:04,MA401C2250,MA401C2250,211.5,0.0,0.0,0.0,17,192.5,195.5,17,211.5,0.0,0.0,0.0,0.0,0.0,18
2023-05-10 09:50:08,MA401C2250,MA401C2250,211.5,0.0,0.0,0.0,7,192.5,195.5,17,211.5,0.0,0.0,0.0,0.0,0.0,18
2023-05-10 09:50:27,MA401C2250,MA401C2250,211.5,0.0,0.0,0.0,10,193.0,195.5,17,211.5,0.0,0.0,0.0,0.0,0.0,18
2023-05-10 09:50:32,MA401C2250,MA401C2250,211.5,0.0,0.0,0.0,7,192.5,195.5,17,211.5,0.0,0.0,0.0,0.0,0.0,18
2023-05-10 09:50:32,MA401C2250,MA401C2250,211.5,0.0,0.0,0.0,17,192.5,195.5,17,211.5,0.0,0.0,0.0,0.0,0.0,18
2023-05-10 09:50:51,MA401C2250,MA401C2250,211.5,0.0,0.0,0.0,7,192.5,195.5,17,211.5,0.0,0.0,0.0,0.0,0.0,18
2023-05-10 09:52:34,MA401C2250,MA401C2250,211.5,0.0,0.0,0.0,7,192.5,195.0,7,211.5,0.0,0.0,0.0,0.0,0.0,18
2023-05-10 09:52:35,MA401C2250,MA401C2250,211.5,0.0,0.0,0.0,7,192.5,195.0,17,211.5,0.0,0.0,0.0,0.0,0.0,18
2023-05-10 09:52:42,MA401C2250,MA401C2250,211.5,0.0,0.0,0.0,1,191.0,195.0,17,211.5,0.0,0.0,0.0,0.0,0.0,18
2023-05-10 09:52:42,MA401C2250,MA401C2250,211.5,0.0,0.0,0.0,10,191.5,195.0,17,211.5,0.0,0.0,0.0,0.0,0.0,18
2023-05-10 09:52:44,MA401C2250,MA401C2250,211.5,0.0,0.0,0.0,10,191.5,194.5,7,211.5,0.0,0.0,0.0,0.0,0.0,18
2023-05-10 09:52:44,MA401C2250,MA401C2250,211.5,0.0,0.0,0.0,10,191.5,194.5,17,211.5,0.0,0.0,0.0,0.0,0.0,18
2023-05-10 09:53:13,MA401C2250,MA401C2250,211.5,0.0,0.0,0.0,17,191.0,194.5,17,211.5,0.0,0.0,0.0,0.0,0.0,18
2023-05-10 09:53:19,MA401C2250,MA401C2250,211.5,0.0,0.0,0.0,7,191.5,194.5,17,211.5,0.0,0.0,0.0,0.0,0.0,18
2023-05-10 09:53:20,MA401C2250,MA401C2250,211.5,0.0,0.0,0.0,17,191.5,194.5,17,211.5,0.0,0.0,0.0,0.0,0.0,18
2023-05-10 09:53:20,MA401C2250,MA401C2250,211.5,0.0,0.0,0.0,7,191.5,194.5,17,211.5,0.0,0.0,0.0,0.0,0.0,18
2023-05-10 09:53:23,MA401C2250,MA401C2250,211.5,0.0,0.0,0.0,7,191.5,194.0,7,211.5,0.0,0.0,0.0,0.0,0.0,18
2023-05-10 09:53:24,MA401C2250,MA401C2250,211.5,0.0,0.0,0.0,7,191.5,194.0,17,211.5,0.0,0.0,0.0,0.0,0.0,18
2023-05-10 09:53:32,MA401C2250,MA401C2250,211.5,0.0,0.0,0.0,7,191.5,194.0,7,211.5,0.0,0.0,0.0,0.0,0.0,18
2023-05-10 09:53:32,MA401C2250,MA401C2250,211.5,0.0,0.0,0.0,17,191.5,194.0,7,211.5,0.0,0.0,0.0,0.0,0.0,18
2023-05-10 09:53:33,MA401C2250,MA401C2250,211.5,0.0,0.0,0.0,17,191.5,194.0,17,211.5,0.0,0.0,0.0,0.0,0.0,18
2023-05-10 09:53:44,MA401C2250,MA401C2250,211.5,0.0,0.0,0.0,17,191.5,194.0,7,211.5,0.0,0.0,0.0,0.0,0.0,18
2023-05-10 09:53:59,MA401C2250,MA401C2250,211.5,0.0,0.0,0.0,7,191.5,194.0,17,211.5,0.0,0.0,0.0,0.0,0.0,18
