time,symbol_id,symbol_name,last,trade_volume,trade_amount,open_interest_change,bv1,bp1,ap1,av1,yesterday_close,today_open,today_high,today_low,volume,amount,open_interest
2023-05-09 19:10:58,MA401P2150,MA401P2150,61.0,0.0,0.0,-83.0,0,0.0,0.0,0,61.0,64.0,0.0,0.0,0.0,0.0,400
2023-05-09 20:59:00,MA401P2150,MA401P2150,61.0,0.0,0.0,0.0,4,52.0,0.0,0,61.0,64.0,0.0,0.0,0.0,0.0,400
2023-05-09 21:00:00,MA401P2150,MA401P2150,61.0,0.0,0.0,0.0,1,57.0,0.0,0,61.0,64.0,0.0,0.0,0.0,0.0,400
2023-05-09 21:00:06,MA401P2150,MA401P2150,61.0,0.0,0.0,0.0,1,57.0,109.5,1,61.0,64.0,0.0,0.0,0.0,0.0,400
2023-05-09 21:00:07,MA401P2150,MA401P2150,61.0,0.0,0.0,0.0,10,57.5,103.5,10,61.0,64.0,0.0,0.0,0.0,0.0,400
2023-05-09 21:00:07,MA401P2150,MA401P2150,61.0,0.0,0.0,0.0,10,57.5,100.0,10,61.0,64.0,0.0,0.0,0.0,0.0,400
2023-05-09 21:00:08,MA401P2150,MA401P2150,61.0,0.0,0.0,0.0,10,57.5,89.0,10,61.0,64.0,0.0,0.0,0.0,0.0,400
2023-05-09 21:00:08,MA401P2150,MA401P2150,61.0,0.0,0.0,0.0,10,57.5,85.5,10,61.0,64.0,0.0,0.0,0.0,0.0,400
2023-05-09 21:00:09,MA401P2150,MA401P2150,61.0,0.0,0.0,0.0,10,57.5,74.5,1,61.0,64.0,0.0,0.0,0.0,0.0,400
2023-05-09 21:00:09,MA401P2150,MA401P2150,61.0,0.0,0.0,0.0,10,57.5,69.0,1,61.0,64.0,0.0,0.0,0.0,0.0,400
2023-05-09 21:00:10,MA401P2150,MA401P2150,61.0,0.0,0.0,0.0,10,57.5,68.5,10,61.0,64.0,0.0,0.0,0.0,0.0,400
2023-05-09 21:00:55,MA401P2150,MA401P2150,61.0,0.0,0.0,0.0,10,60.5,63.0,10,61.0,64.0,0.0,0.0,0.0,0.0,400
2023-05-09 21:00:57,MA401P2150,MA401P2150,61.0,0.0,0.0,0.0,20,60.5,63.0,20,61.0,64.0,0.0,0.0,0.0,0.0,400
2023-05-09 21:00:58,MA401P2150,MA401P2150,61.0,0.0,0.0,0.0,20,60.5,63.0,10,61.0,64.0,0.0,0.0,0.0,0.0,400
2023-05-09 21:01:07,MA401P2150,MA401P2150,61.0,0.0,0.0,0.0,20,60.5,63.5,20,61.0,64.0,0.0,0.0,0.0,0.0,400
2023-05-09 21:01:07,MA401P2150,MA401P2150,61.0,0.0,0.0,0.0,20,61.0,63.5,20,61.0,64.0,0.0,0.0,0.0,0.0,400
2023-05-09 21:01:12,MA401P2150,MA401P2150,61.0,0.0,0.0,0.0,20,61.0,63.5,27,61.0,64.0,0.0,0.0,0.0,0.0,400
2023-05-09 21:01:13,MA401P2150,MA401P2150,61.0,0.0,0.0,0.0,20,61.5,63.5,7,61.0,64.0,0.0,0.0,0.0,0.0,400
2023-05-09 21:01:15,MA401P2150,MA401P2150,61.0,0.0,0.0,0.0,7,62.0,63.5,7,61.0,64.0,0.0,0.0,0.0,0.0,400
2023-05-09 21:01:24,MA401P2150,MA401P2150,61.0,0.0,0.0,0.0,17,62.0,64.5,20,61.0,64.0,0.0,0.0,0.0,0.0,400
2023-05-09 21:01:24,MA401P2150,MA401P2150,61.0,0.0,0.0,0.0,17,62.0,64.5,10,61.0,64.0,0.0,0.0,0.0,0.0,400
2023-05-09 21:01:26,MA401P2150,MA401P2150,61.0,0.0,0.0,0.0,17,62.0,64.5,17,61.0,64.0,0.0,0.0,0.0,0.0,400
2023-05-09 21:01:26,MA401P2150,MA401P2150,61.0,0.0,0.0,0.0,27,62.0,64.5,27,61.0,64.0,0.0,0.0,0.0,0.0,400
2023-05-09 21:01:27,MA401P2150,MA401P2150,61.0,0.0,0.0,0.0,7,62.5,64.5,27,61.0,64.0,0.0,0.0,0.0,0.0,400
2023-05-09 21:01:30,MA401P2150,MA401P2150,61.0,0.0,0.0,0.0,7,63.0,64.5,27,61.0,64.0,0.0,0.0,0.0,0.0,400
2023-05-09 21:01:40,MA401P2150,MA401P2150,61.0,0.0,0.0,0.0,17,63.0,64.5,27,61.0,64.0,0.0,0.0,0.0,0.0,400
2023-05-09 21:01:41,MA401P2150,MA401P2150,61.0,0.0,0.0,0.0,17,63.0,64.5,37,61.0,64.0,0.0,0.0,0.0,0.0,400
2023-05-09 21:01:41,MA401P2150,MA401P2150,61.0,0.0,0.0,0.0,20,63.0,64.5,37,61.0,64.0,0.0,0.0,0.0,0.0,400
2023-05-09 21:01:42,MA401P2150,MA401P2150,61.0,0.0,0.0,0.0,17,62.5,64.0,7,61.0,64.0,0.0,0.0,0.0,0.0,400
2023-05-09 21:01:43,MA401P2150,MA401P2150,61.0,0.0,0.0,0.0,7,62.5,64.0,7,61.0,64.0,0.0,0.0,0.0,0.0,400
2023-05-09 21:01:51,MA401P2150,MA401P2150,61.0,0.0,0.0,0.0,37,62.5,64.0,7,61.0,64.0,0.0,0.0,0.0,0.0,400
2023-05-09 21:01:52,MA401P2150,MA401P2150,61.0,0.0,0.0,0.0,27,62.5,64.0,7,61.0,64.0,0.0,0.0,0.0,0.0,400
2023-05-09 21:02:10,MA401P2150,MA401P2150,61.0,0.0,0.0,0.0,10,63.0,64.0,17,61.0,64.0,0.0,0.0,0.0,0.0,400
2023-05-09 21:02:10,MA401P2150,MA401P2150,61.0,0.0,0.0,0.0,30,63.0,64.0,27,61.0,64.0,0.0,0.0,0.0,0.0,400
2023-05-09 21:02:13,MA401P2150,MA401P2150,61.0,0.0,0.0,0.0,20,63.0,64.0,17,61.0,64.0,0.0,0.0,0.0,0.0,400
2023-05-09 21:02:14,MA401P2150,MA401P2150,61.0,0.0,0.0,0.0,37,62.5,63.5,20,61.0,64.0,0.0,0.0,0.0,0.0,400
2023-05-09 21:02:15,MA401P2150,MA401P2150,61.0,0.0,0.0,0.0,37,62.5,63.5,10,61.0,64.0,0.0,0.0,0.0,0.0,400
2023-05-09 21:02:15,MA401P2150,MA401P2150,61.0,0.0,0.0,0.0,37,62.5,63.5,20,61.0,64.0,0.0,0.0,0.0,0.0,400
2023-05-09 21:02:16,MA401P2150,MA401P2150,61.0,0.0,0.0,0.0,10,63.0,63.5,10,61.0,64.0,0.0,0.0,0.0,0.0,400
2023-05-09 21:02:16,MA401P2150,MA401P2150,61.0,0.0,0.0,0.0,20,63.0,64.0,27,61.0,64.0,0.0,0.0,0.0,0.0,400
2023-05-09 21:02:17,MA401P2150,MA401P2150,61.0,0.0,0.0,0.0,30,63.0,64.0,27,61.0,64.0,0.0,0.0,0.0,0.0,400
2023-05-09 21:02:17,MA401P2150,MA401P2150,61.0,0.0,0.0,0.0,20,63.0,64.0,27,61.0,64.0,0.0,0.0,0.0,0.0,400
2023-05-09 21:02:18,MA401P2150,MA401P2150,61.0,0.0,0.0,0.0,10,63.0,63.5,10,61.0,64.0,0.0,0.0,0.0,0.0,400
2023-05-09 21:02:18,MA401P2150,MA401P2150,61.0,0.0,0.0,0.0,37,62.5,63.5,20,61.0,64.0,0.0,0.0,0.0,0.0,400
2023-05-09 21:02:18,MA401P2150,MA401P2150,61.0,0.0,0.0,0.0,10,63.0,63.5,10,61.0,64.0,0.0,0.0,0.0,0.0,400
2023-05-09 21:02:18,MA401P2150,MA401P2150,61.0,0.0,0.0,0.0,37,62.5,63.5,20,61.0,64.0,0.0,0.0,0.0,0.0,400
2023-05-09 21:02:23,MA401P2150,MA401P2150,61.0,0.0,0.0,0.0,10,63.0,63.5,10,61.0,64.0,0.0,0.0,0.0,0.0,400
2023-05-09 21:02:24,MA401P2150,MA401P2150,61.0,0.0,0.0,0.0,37,62.5,63.5,20,61.0,64.0,0.0,0.0,0.0,0.0,400
2023-05-09 21:03:05,MA401P2150,MA401P2150,61.0,0.0,0.0,0.0,27,62.5,63.0,10,61.0,64.0,0.0,0.0,0.0,0.0,400
2023-05-09 21:03:14,MA401P2150,MA401P2150,61.0,0.0,0.0,0.0,37,62.5,63.5,20,61.0,64.0,0.0,0.0,0.0,0.0,400
2023-05-09 21:03:20,MA401P2150,MA401P2150,61.0,0.0,0.0,0.0,27,62.5,63.5,20,61.0,64.0,0.0,0.0,0.0,0.0,400
2023-05-09 21:03:21,MA401P2150,MA401P2150,61.0,0.0,0.0,0.0,17,62.5,63.0,10,61.0,64.0,0.0,0.0,0.0,0.0,400
2023-05-09 21:03:21,MA401P2150,MA401P2150,61.0,0.0,0.0,0.0,7,62.5,63.0,20,61.0,64.0,0.0,0.0,0.0,0.0,400
2023-05-09 21:03:22,MA401P2150,MA401P2150,61.0,0.0,0.0,0.0,7,62.5,63.0,10,61.0,64.0,0.0,0.0,0.0,0.0,400
2023-05-09 21:03:24,MA401P2150,MA401P2150,61.0,0.0,0.0,0.0,17,62.5,63.5,20,61.0,64.0,0.0,0.0,0.0,0.0,400
2023-05-09 21:03:37,MA401P2150,MA401P2150,61.0,0.0,0.0,0.0,7,62.5,63.0,10,61.0,64.0,0.0,0.0,0.0,0.0,400
2023-05-09 21:03:37,MA401P2150,MA401P2150,61.0,0.0,0.0,0.0,7,62.5,63.0,20,61.0,64.0,0.0,0.0,0.0,0.0,400
2023-05-09 21:03:39,MA401P2150,MA401P2150,61.0,0.0,0.0,0.0,7,62.5,63.0,10,61.0,64.0,0.0,0.0,0.0,0.0,400
2023-05-09 21:03:40,MA401P2150,MA401P2150,61.0,0.0,0.0,0.0,7,62.5,63.0,20,61.0,64.0,0.0,0.0,0.0,0.0,400
2023-05-09 21:03:47,MA401P2150,MA401P2150,61.0,0.0,0.0,0.0,27,62.0,63.0,20,61.0,64.0,0.0,0.0,0.0,0.0,400
2023-05-09 21:03:48,MA401P2150,MA401P2150,61.0,0.0,0.0,0.0,17,62.0,63.0,20,61.0,64.0,0.0,0.0,0.0,0.0,400
2023-05-09 21:03:53,MA401P2150,MA401P2150,61.0,0.0,0.0,0.0,10,62.5,63.0,10,61.0,64.0,0.0,0.0,0.0,0.0,400
2023-05-09 21:03:53,MA401P2150,MA401P2150,61.0,0.0,0.0,0.0,27,62.0,63.0,10,61.0,64.0,0.0,0.0,0.0,0.0,400
2023-05-09 21:03:54,MA401P2150,MA401P2150,61.0,0.0,0.0,0.0,17,62.0,63.0,10,61.0,64.0,0.0,0.0,0.0,0.0,400
2023-05-09 21:03:56,MA401P2150,MA401P2150,61.0,0.0,0.0,0.0,17,62.0,63.0,20,61.0,64.0,0.0,0.0,0.0,0.0,400
2023-05-09 21:03:58,MA401P2150,MA401P2150,61.0,0.0,0.0,0.0,17,62.0,63.0,10,61.0,64.0,0.0,0.0,0.0,0.0,400
2023-05-09 21:04:00,MA401P2150,MA401P2150,61.0,0.0,0.0,0.0,17,62.0,63.0,20,61.0,64.0,0.0,0.0,0.0,0.0,400
2023-05-09 21:04:02,MA401P2150,MA401P2150,61.0,0.0,0.0,0.0,10,62.5,63.5,27,61.0,64.0,0.0,0.0,0.0,0.0,400
2023-05-09 21:04:03,MA401P2150,MA401P2150,61.0,0.0,0.0,0.0,20,62.5,63.5,27,61.0,64.0,0.0,0.0,0.0,0.0,400
2023-05-09 21:04:17,MA401P2150,MA401P2150,61.0,0.0,0.0,0.0,27,62.0,63.0,10,61.0,64.0,0.0,0.0,0.0,0.0,400
2023-05-09 21:04:21,MA401P2150,MA401P2150,61.0,0.0,0.0,0.0,20,62.5,63.5,27,61.0,64.0,0.0,0.0,0.0,0.0,400
2023-05-09 21:04:22,MA401P2150,MA401P2150,61.0,0.0,0.0,0.0,27,62.0,63.0,10,61.0,64.0,0.0,0.0,0.0,0.0,400
2023-05-09 21:04:25,MA401P2150,MA401P2150,61.0,0.0,0.0,0.0,27,62.0,63.0,20,61.0,64.0,0.0,0.0,0.0,0.0,400
2023-05-09 21:04:31,MA401P2150,MA401P2150,61.0,0.0,0.0,0.0,27,62.0,63.0,10,61.0,64.0,0.0,0.0,0.0,0.0,400
2023-05-09 21:04:33,MA401P2150,MA401P2150,61.0,0.0,0.0,0.0,17,62.0,63.0,10,61.0,64.0,0.0,0.0,0.0,0.0,400
2023-05-09 21:04:35,MA401P2150,MA401P2150,61.0,0.0,0.0,0.0,27,62.0,63.0,20,61.0,64.0,0.0,0.0,0.0,0.0,400
2023-05-09 21:04:36,MA401P2150,MA401P2150,61.0,0.0,0.0,0.0,27,62.0,63.0,10,61.0,64.0,0.0,0.0,0.0,0.0,400
2023-05-09 21:04:36,MA401P2150,MA401P2150,61.0,0.0,0.0,0.0,10,62.5,63.5,37,61.0,64.0,0.0,0.0,0.0,0.0,400
2023-05-09 21:04:36,MA401P2150,MA401P2150,61.0,0.0,0.0,0.0,17,62.0,63.0,10,61.0,64.0,0.0,0.0,0.0,0.0,400
2023-05-09 21:04:39,MA401P2150,MA401P2150,61.0,0.0,0.0,0.0,27,62.0,63.0,20,61.0,64.0,0.0,0.0,0.0,0.0,400
2023-05-09 21:04:39,MA401P2150,MA401P2150,61.0,0.0,0.0,0.0,10,62.5,63.5,27,61.0,64.0,0.0,0.0,0.0,0.0,400
2023-05-09 21:04:39,MA401P2150,MA401P2150,61.0,0.0,0.0,0.0,20,62.5,63.5,27,61.0,64.0,0.0,0.0,0.0,0.0,400
2023-05-09 21:04:41,MA401P2150,MA401P2150,61.0,0.0,0.0,0.0,20,62.5,63.5,17,61.0,64.0,0.0,0.0,0.0,0.0,400
2023-05-09 21:04:43,MA401P2150,MA401P2150,61.0,0.0,0.0,0.0,27,62.5,63.5,17,61.0,64.0,0.0,0.0,0.0,0.0,400
2023-05-09 21:04:46,MA401P2150,MA401P2150,61.0,0.0,0.0,0.0,27,62.5,63.5,10,61.0,64.0,0.0,0.0,0.0,0.0,400
2023-05-09 21:04:48,MA401P2150,MA401P2150,61.0,0.0,0.0,0.0,10,63.0,64.0,57,61.0,64.0,0.0,0.0,0.0,0.0,400
2023-05-09 21:04:48,MA401P2150,MA401P2150,61.0,0.0,0.0,0.0,27,62.5,63.5,10,61.0,64.0,0.0,0.0,0.0,0.0,400
2023-05-09 21:04:49,MA401P2150,MA401P2150,61.0,0.0,0.0,0.0,10,63.0,64.0,57,61.0,64.0,0.0,0.0,0.0,0.0,400
2023-05-09 21:04:50,MA401P2150,MA401P2150,61.0,0.0,0.0,0.0,20,63.0,64.0,57,61.0,64.0,0.0,0.0,0.0,0.0,400
2023-05-09 21:04:55,MA401P2150,MA401P2150,61.0,0.0,0.0,0.0,10,63.0,63.5,10,61.0,64.0,0.0,0.0,0.0,0.0,400
2023-05-09 21:04:55,MA401P2150,MA401P2150,61.0,0.0,0.0,0.0,27,62.5,63.5,10,61.0,64.0,0.0,0.0,0.0,0.0,400
2023-05-09 21:04:56,MA401P2150,MA401P2150,61.0,0.0,0.0,0.0,27,62.5,63.5,20,61.0,64.0,0.0,0.0,0.0,0.0,400
2023-05-09 21:04:58,MA401P2150,MA401P2150,61.0,0.0,0.0,0.0,27,62.5,63.5,10,61.0,64.0,0.0,0.0,0.0,0.0,400
2023-05-09 21:05:03,MA401P2150,MA401P2150,61.0,0.0,0.0,0.0,10,63.0,64.0,27,61.0,64.0,0.0,0.0,0.0,0.0,400
2023-05-09 21:05:03,MA401P2150,MA401P2150,61.0,0.0,0.0,0.0,20,63.0,64.0,27,61.0,64.0,0.0,0.0,0.0,0.0,400
2023-05-09 21:05:03,MA401P2150,MA401P2150,61.0,0.0,0.0,0.0,10,63.0,64.0,27,61.0,64.0,0.0,0.0,0.0,0.0,400
2023-05-09 21:05:03,MA401P2150,MA401P2150,61.0,0.0,0.0,0.0,20,63.0,64.0,27,61.0,64.0,0.0,0.0,0.0,0.0,400
2023-05-09 21:05:09,MA401P2150,MA401P2150,61.0,0.0,0.0,0.0,10,63.5,64.0,17,61.0,64.0,0.0,0.0,0.0,0.0,400
2023-05-09 21:05:10,MA401P2150,MA401P2150,61.0,0.0,0.0,0.0,20,63.5,64.5,47,61.0,64.0,0.0,0.0,0.0,0.0,400
2023-05-09 21:05:10,MA401P2150,MA401P2150,61.0,0.0,0.0,0.0,20,63.5,64.5,37,61.0,64.0,0.0,0.0,0.0,0.0,400
2023-05-09 21:05:11,MA401P2150,MA401P2150,61.0,0.0,0.0,0.0,20,63.5,64.5,27,61.0,64.0,0.0,0.0,0.0,0.0,400
2023-05-09 21:05:13,MA401P2150,MA401P2150,61.0,0.0,0.0,0.0,10,63.5,64.5,17,61.0,64.0,0.0,0.0,0.0,0.0,400
2023-05-09 21:05:13,MA401P2150,MA401P2150,61.0,0.0,0.0,0.0,20,63.5,64.5,17,61.0,64.0,0.0,0.0,0.0,0.0,400
2023-05-09 21:05:14,MA401P2150,MA401P2150,61.0,0.0,0.0,0.0,20,63.5,64.5,27,61.0,64.0,0.0,0.0,0.0,0.0,400
2023-05-09 21:05:17,MA401P2150,MA401P2150,61.0,0.0,0.0,0.0,10,63.5,64.5,27,61.0,64.0,0.0,0.0,0.0,0.0,400
2023-05-09 21:05:19,MA401P2150,MA401P2150,61.0,0.0,0.0,0.0,17,63.0,64.0,10,61.0,64.0,0.0,0.0,0.0,0.0,400
2023-05-09 21:05:21,MA401P2150,MA401P2150,61.0,0.0,0.0,0.0,17,63.0,64.0,20,61.0,64.0,0.0,0.0,0.0,0.0,400
2023-05-09 21:05:25,MA401P2150,MA401P2150,61.0,0.0,0.0,0.0,27,63.0,64.0,20,61.0,64.0,0.0,0.0,0.0,0.0,400
2023-05-09 21:05:25,MA401P2150,MA401P2150,61.0,0.0,0.0,0.0,37,63.0,64.0,20,61.0,64.0,0.0,0.0,0.0,0.0,400
2023-05-09 21:05:25,MA401P2150,MA401P2150,61.0,0.0,0.0,0.0,27,63.0,64.0,20,61.0,64.0,0.0,0.0,0.0,0.0,400
2023-05-09 21:05:25,MA401P2150,MA401P2150,61.0,0.0,0.0,0.0,37,63.0,64.0,20,61.0,64.0,0.0,0.0,0.0,0.0,400
2023-05-09 21:05:28,MA401P2150,MA401P2150,61.0,0.0,0.0,0.0,27,63.0,64.0,20,61.0,64.0,0.0,0.0,0.0,0.0,400
2023-05-09 21:05:28,MA401P2150,MA401P2150,61.0,0.0,0.0,0.0,37,63.0,64.0,20,61.0,64.0,0.0,0.0,0.0,0.0,400
2023-05-09 21:05:28,MA401P2150,MA401P2150,61.0,0.0,0.0,0.0,27,63.0,64.0,20,61.0,64.0,0.0,0.0,0.0,0.0,400
2023-05-09 21:05:28,MA401P2150,MA401P2150,61.0,0.0,0.0,0.0,37,63.0,64.0,20,61.0,64.0,0.0,0.0,0.0,0.0,400
2023-05-09 21:05:30,MA401P2150,MA401P2150,61.0,0.0,0.0,0.0,27,63.0,64.0,20,61.0,64.0,0.0,0.0,0.0,0.0,400
2023-05-09 21:05:32,MA401P2150,MA401P2150,61.0,0.0,0.0,0.0,37,63.0,64.0,20,61.0,64.0,0.0,0.0,0.0,0.0,400
2023-05-09 21:05:34,MA401P2150,MA401P2150,61.0,0.0,0.0,0.0,10,63.5,64.0,10,61.0,64.0,0.0,0.0,0.0,0.0,400
2023-05-09 21:05:34,MA401P2150,MA401P2150,61.0,0.0,0.0,0.0,20,63.5,64.5,37,61.0,64.0,0.0,0.0,0.0,0.0,400
2023-05-09 21:05:34,MA401P2150,MA401P2150,61.0,0.0,0.0,0.0,10,63.5,64.0,10,61.0,64.0,0.0,0.0,0.0,0.0,400
2023-05-09 21:05:34,MA401P2150,MA401P2150,61.0,0.0,0.0,0.0,20,63.5,64.5,37,61.0,64.0,0.0,0.0,0.0,0.0,400
2023-05-09 21:05:52,MA401P2150,MA401P2150,61.0,0.0,0.0,0.0,20,63.5,64.5,27,61.0,64.0,0.0,0.0,0.0,0.0,400
2023-05-09 21:05:55,MA401P2150,MA401P2150,61.0,0.0,0.0,0.0,20,63.5,64.5,37,61.0,64.0,0.0,0.0,0.0,0.0,400
2023-05-09 21:05:58,MA401P2150,MA401P2150,61.0,0.0,0.0,0.0,27,63.0,64.0,10,61.0,64.0,0.0,0.0,0.0,0.0,400
2023-05-09 21:05:59,MA401P2150,MA401P2150,61.0,0.0,0.0,0.0,27,63.0,64.0,20,61.0,64.0,0.0,0.0,0.0,0.0,400
2023-05-09 21:06:00,MA401P2150,MA401P2150,61.0,0.0,0.0,0.0,37,63.0,64.0,20,61.0,64.0,0.0,0.0,0.0,0.0,400
2023-05-09 21:06:01,MA401P2150,MA401P2150,61.0,0.0,0.0,0.0,10,63.5,64.5,37,61.0,64.0,0.0,0.0,0.0,0.0,400
2023-05-09 21:06:02,MA401P2150,MA401P2150,61.0,0.0,0.0,0.0,37,63.0,64.0,10,61.0,64.0,0.0,0.0,0.0,0.0,400
2023-05-09 21:06:03,MA401P2150,MA401P2150,61.0,0.0,0.0,0.0,10,63.5,64.5,37,61.0,64.0,0.0,0.0,0.0,0.0,400
2023-05-09 21:06:04,MA401P2150,MA401P2150,61.0,0.0,0.0,0.0,27,63.0,64.0,10,61.0,64.0,0.0,0.0,0.0,0.0,400
2023-05-09 21:06:04,MA401P2150,MA401P2150,61.0,0.0,0.0,0.0,10,63.5,64.5,37,61.0,64.0,0.0,0.0,0.0,0.0,400
2023-05-09 21:06:04,MA401P2150,MA401P2150,61.0,0.0,0.0,0.0,27,63.0,64.0,10,61.0,64.0,0.0,0.0,0.0,0.0,400
2023-05-09 21:06:04,MA401P2150,MA401P2150,61.0,0.0,0.0,0.0,10,63.5,64.5,37,61.0,64.0,0.0,0.0,0.0,0.0,400
2023-05-09 21:06:05,MA401P2150,MA401P2150,61.0,0.0,0.0,0.0,20,63.5,64.5,37,61.0,64.0,0.0,0.0,0.0,0.0,400
2023-05-09 21:06:07,MA401P2150,MA401P2150,61.0,0.0,0.0,0.0,37,63.0,64.0,10,61.0,64.0,0.0,0.0,0.0,0.0,400
2023-05-09 21:06:08,MA401P2150,MA401P2150,61.0,0.0,0.0,0.0,37,63.0,64.0,20,61.0,64.0,0.0,0.0,0.0,0.0,400
2023-05-09 21:06:08,MA401P2150,MA401P2150,61.0,0.0,0.0,0.0,27,63.0,64.0,20,61.0,64.0,0.0,0.0,0.0,0.0,400
2023-05-09 21:06:08,MA401P2150,MA401P2150,61.0,0.0,0.0,0.0,37,63.0,64.0,10,61.0,64.0,0.0,0.0,0.0,0.0,400
2023-05-09 21:06:18,MA401P2150,MA401P2150,61.0,0.0,0.0,0.0,17,63.5,64.5,27,61.0,64.0,0.0,0.0,0.0,0.0,400
2023-05-09 21:06:18,MA401P2150,MA401P2150,61.0,0.0,0.0,0.0,27,63.5,64.5,10,61.0,64.0,0.0,0.0,0.0,0.0,400
2023-05-09 21:06:28,MA401P2150,MA401P2150,61.0,0.0,0.0,0.0,37,63.5,65.0,37,61.0,64.0,0.0,0.0,0.0,0.0,400
2023-05-09 21:06:31,MA401P2150,MA401P2150,61.0,0.0,0.0,0.0,47,63.5,65.0,37,61.0,64.0,0.0,0.0,0.0,0.0,400
2023-05-09 21:06:36,MA401P2150,MA401P2150,61.0,0.0,0.0,0.0,17,64.0,65.0,17,61.0,64.0,0.0,0.0,0.0,0.0,400
2023-05-09 21:06:36,MA401P2150,MA401P2150,61.0,0.0,0.0,0.0,27,64.0,65.0,17,61.0,64.0,0.0,0.0,0.0,0.0,400
2023-05-09 21:06:37,MA401P2150,MA401P2150,61.0,0.0,0.0,0.0,27,64.0,65.0,10,61.0,64.0,0.0,0.0,0.0,0.0,400
2023-05-09 21:06:41,MA401P2150,MA401P2150,61.0,0.0,0.0,0.0,37,64.0,65.0,10,61.0,64.0,0.0,0.0,0.0,0.0,400
2023-05-09 21:06:41,MA401P2150,MA401P2150,61.0,0.0,0.0,0.0,10,64.5,65.5,17,61.0,64.0,0.0,0.0,0.0,0.0,400
2023-05-09 21:06:42,MA401P2150,MA401P2150,61.0,0.0,0.0,0.0,17,64.5,65.5,17,61.0,64.0,0.0,0.0,0.0,0.0,400
2023-05-09 21:06:43,MA401P2150,MA401P2150,61.0,0.0,0.0,0.0,27,64.5,65.5,17,61.0,64.0,0.0,0.0,0.0,0.0,400
2023-05-09 21:06:46,MA401P2150,MA401P2150,61.0,0.0,0.0,0.0,17,64.5,65.0,10,61.0,64.0,0.0,0.0,0.0,0.0,400
2023-05-09 21:06:46,MA401P2150,MA401P2150,61.0,0.0,0.0,0.0,7,64.5,65.0,10,61.0,64.0,0.0,0.0,0.0,0.0,400
2023-05-09 21:06:49,MA401P2150,MA401P2150,61.0,0.0,0.0,0.0,27,64.5,65.5,17,61.0,64.0,0.0,0.0,0.0,0.0,400
2023-05-09 21:06:50,MA401P2150,MA401P2150,61.0,0.0,0.0,0.0,17,64.5,65.5,17,61.0,64.0,0.0,0.0,0.0,0.0,400
2023-05-09 21:06:51,MA401P2150,MA401P2150,61.0,0.0,0.0,0.0,27,64.5,65.5,17,61.0,64.0,0.0,0.0,0.0,0.0,400
2023-05-09 21:06:52,MA401P2150,MA401P2150,61.0,0.0,0.0,0.0,17,64.5,65.5,17,61.0,64.0,0.0,0.0,0.0,0.0,400
2023-05-09 21:06:52,MA401P2150,MA401P2150,61.0,0.0,0.0,0.0,17,64.5,65.5,27,61.0,64.0,0.0,0.0,0.0,0.0,400
2023-05-09 21:06:56,MA401P2150,MA401P2150,61.0,0.0,0.0,0.0,27,64.5,65.5,17,61.0,64.0,0.0,0.0,0.0,0.0,400
2023-05-09 21:07:02,MA401P2150,MA401P2150,61.0,0.0,0.0,0.0,7,64.5,65.0,10,61.0,64.0,0.0,0.0,0.0,0.0,400
2023-05-09 21:07:04,MA401P2150,MA401P2150,61.0,0.0,0.0,0.0,17,64.5,65.5,17,61.0,64.0,0.0,0.0,0.0,0.0,400
2023-05-09 21:07:04,MA401P2150,MA401P2150,61.0,0.0,0.0,0.0,17,64.5,65.5,10,61.0,64.0,0.0,0.0,0.0,0.0,400
2023-05-09 21:07:06,MA401P2150,MA401P2150,61.0,0.0,0.0,0.0,27,64.5,65.5,10,61.0,64.0,0.0,0.0,0.0,0.0,400
2023-05-09 21:07:11,MA401P2150,MA401P2150,61.0,0.0,0.0,0.0,20,65.0,66.0,17,61.0,64.0,0.0,0.0,0.0,0.0,400
2023-05-09 21:07:15,MA401P2150,MA401P2150,61.0,0.0,0.0,0.0,20,65.0,66.0,37,61.0,64.0,0.0,0.0,0.0,0.0,400
2023-05-09 21:07:17,MA401P2150,MA401P2150,61.0,0.0,0.0,0.0,27,65.0,66.0,37,61.0,64.0,0.0,0.0,0.0,0.0,400
2023-05-09 21:07:19,MA401P2150,MA401P2150,61.0,0.0,0.0,0.0,17,65.0,66.0,37,61.0,64.0,0.0,0.0,0.0,0.0,400
2023-05-09 21:07:20,MA401P2150,MA401P2150,61.0,0.0,0.0,0.0,7,65.0,65.5,10,61.0,64.0,0.0,0.0,0.0,0.0,400
2023-05-09 21:07:21,MA401P2150,MA401P2150,61.0,0.0,0.0,0.0,37,64.5,65.5,10,61.0,64.0,0.0,0.0,0.0,0.0,400
2023-05-09 21:07:32,MA401P2150,MA401P2150,61.0,0.0,0.0,0.0,27,64.5,65.5,10,61.0,64.0,0.0,0.0,0.0,0.0,400
2023-05-09 21:07:32,MA401P2150,MA401P2150,61.0,0.0,0.0,0.0,27,64.5,65.5,30,61.0,64.0,0.0,0.0,0.0,0.0,400
2023-05-09 21:07:33,MA401P2150,MA401P2150,61.0,0.0,0.0,0.0,37,64.5,65.5,30,61.0,64.0,0.0,0.0,0.0,0.0,400
2023-05-09 21:07:34,MA401P2150,MA401P2150,61.0,0.0,0.0,0.0,37,64.5,65.5,20,61.0,64.0,0.0,0.0,0.0,0.0,400
2023-05-09 21:07:35,MA401P2150,MA401P2150,61.0,0.0,0.0,0.0,10,65.0,66.0,47,61.0,64.0,0.0,0.0,0.0,0.0,400
2023-05-09 21:07:35,MA401P2150,MA401P2150,61.0,0.0,0.0,0.0,10,65.0,66.0,37,61.0,64.0,0.0,0.0,0.0,0.0,400
2023-05-09 21:07:36,MA401P2150,MA401P2150,61.0,0.0,0.0,0.0,10,65.0,66.0,47,61.0,64.0,0.0,0.0,0.0,0.0,400
2023-05-09 21:07:36,MA401P2150,MA401P2150,61.0,0.0,0.0,0.0,37,64.5,65.5,10,61.0,64.0,0.0,0.0,0.0,0.0,400
2023-05-09 21:07:37,MA401P2150,MA401P2150,61.0,0.0,0.0,0.0,37,64.5,65.5,20,61.0,64.0,0.0,0.0,0.0,0.0,400
2023-05-09 21:07:39,MA401P2150,MA401P2150,61.0,0.0,0.0,0.0,10,65.0,66.0,47,61.0,64.0,0.0,0.0,0.0,0.0,400
2023-05-09 21:07:40,MA401P2150,MA401P2150,61.0,0.0,0.0,0.0,20,65.0,66.0,47,61.0,64.0,0.0,0.0,0.0,0.0,400
2023-05-09 21:07:42,MA401P2150,MA401P2150,61.0,0.0,0.0,0.0,20,65.0,66.0,37,61.0,64.0,0.0,0.0,0.0,0.0,400
2023-05-09 21:07:42,MA401P2150,MA401P2150,61.0,0.0,0.0,0.0,20,65.0,66.0,47,61.0,64.0,0.0,0.0,0.0,0.0,400
2023-05-09 21:07:47,MA401P2150,MA401P2150,61.0,0.0,0.0,0.0,10,65.0,66.0,37,61.0,64.0,0.0,0.0,0.0,0.0,400
2023-05-09 21:07:48,MA401P2150,MA401P2150,61.0,0.0,0.0,0.0,20,65.0,66.0,27,61.0,64.0,0.0,0.0,0.0,0.0,400
2023-05-09 21:07:50,MA401P2150,MA401P2150,61.0,0.0,0.0,0.0,30,65.0,66.0,27,61.0,64.0,0.0,0.0,0.0,0.0,400
2023-05-09 21:07:52,MA401P2150,MA401P2150,61.0,0.0,0.0,0.0,10,65.0,65.5,10,61.0,64.0,0.0,0.0,0.0,0.0,400
2023-05-09 21:07:52,MA401P2150,MA401P2150,61.0,0.0,0.0,0.0,47,64.5,65.5,10,61.0,64.0,0.0,0.0,0.0,0.0,400
2023-05-09 21:07:54,MA401P2150,MA401P2150,61.0,0.0,0.0,0.0,27,64.5,65.5,20,61.0,64.0,0.0,0.0,0.0,0.0,400
2023-05-09 21:07:57,MA401P2150,MA401P2150,61.0,0.0,0.0,0.0,27,64.5,65.5,10,61.0,64.0,0.0,0.0,0.0,0.0,400
2023-05-09 21:07:57,MA401P2150,MA401P2150,61.0,0.0,0.0,0.0,17,64.5,65.5,30,61.0,64.0,0.0,0.0,0.0,0.0,400
2023-05-09 21:07:59,MA401P2150,MA401P2150,61.0,0.0,0.0,0.0,7,64.5,65.5,30,61.0,64.0,0.0,0.0,0.0,0.0,400
2023-05-09 21:08:02,MA401P2150,MA401P2150,61.0,0.0,0.0,0.0,17,64.5,65.5,30,61.0,64.0,0.0,0.0,0.0,0.0,400
2023-05-09 21:08:03,MA401P2150,MA401P2150,61.0,0.0,0.0,0.0,17,64.5,65.5,20,61.0,64.0,0.0,0.0,0.0,0.0,400
2023-05-09 21:08:03,MA401P2150,MA401P2150,61.0,0.0,0.0,0.0,7,64.5,65.5,20,61.0,64.0,0.0,0.0,0.0,0.0,400
2023-05-09 21:08:04,MA401P2150,MA401P2150,61.0,0.0,0.0,0.0,17,64.5,65.5,20,61.0,64.0,0.0,0.0,0.0,0.0,400
2023-05-09 21:08:06,MA401P2150,MA401P2150,61.0,0.0,0.0,0.0,27,64.5,65.5,20,61.0,64.0,0.0,0.0,0.0,0.0,400
2023-05-09 21:08:08,MA401P2150,MA401P2150,61.0,0.0,0.0,0.0,17,64.5,65.5,20,61.0,64.0,0.0,0.0,0.0,0.0,400
2023-05-09 21:08:09,MA401P2150,MA401P2150,61.0,0.0,0.0,0.0,27,64.5,65.5,20,61.0,64.0,0.0,0.0,0.0,0.0,400
2023-05-09 21:08:10,MA401P2150,MA401P2150,61.0,0.0,0.0,0.0,37,64.5,65.5,20,61.0,64.0,0.0,0.0,0.0,0.0,400
2023-05-09 21:08:11,MA401P2150,MA401P2150,61.0,0.0,0.0,0.0,37,64.5,65.5,10,61.0,64.0,0.0,0.0,0.0,0.0,400
2023-05-09 21:08:17,MA401P2150,MA401P2150,61.0,0.0,0.0,0.0,47,64.5,65.5,10,61.0,64.0,0.0,0.0,0.0,0.0,400
2023-05-09 21:08:18,MA401P2150,MA401P2150,61.0,0.0,0.0,0.0,37,64.5,65.5,10,61.0,64.0,0.0,0.0,0.0,0.0,400
2023-05-09 21:08:21,MA401P2150,MA401P2150,61.0,0.0,0.0,0.0,47,64.5,65.5,10,61.0,64.0,0.0,0.0,0.0,0.0,400
2023-05-09 21:08:24,MA401P2150,MA401P2150,61.0,0.0,0.0,0.0,27,64.5,65.5,10,61.0,64.0,0.0,0.0,0.0,0.0,400
2023-05-09 21:08:28,MA401P2150,MA401P2150,61.0,0.0,0.0,0.0,37,64.5,65.5,10,61.0,64.0,0.0,0.0,0.0,0.0,400
2023-05-09 21:08:36,MA401P2150,MA401P2150,61.0,0.0,0.0,0.0,27,64.5,65.5,20,61.0,64.0,0.0,0.0,0.0,0.0,400
2023-05-09 21:08:36,MA401P2150,MA401P2150,61.0,0.0,0.0,0.0,27,64.5,65.5,30,61.0,64.0,0.0,0.0,0.0,0.0,400
2023-05-09 21:08:40,MA401P2150,MA401P2150,61.0,0.0,0.0,0.0,10,65.0,65.5,20,61.0,64.0,0.0,0.0,0.0,0.0,400
2023-05-09 21:08:40,MA401P2150,MA401P2150,61.0,0.0,0.0,0.0,10,65.0,65.5,10,61.0,64.0,0.0,0.0,0.0,0.0,400
2023-05-09 21:08:43,MA401P2150,MA401P2150,61.0,0.0,0.0,0.0,10,65.0,66.0,67,61.0,64.0,0.0,0.0,0.0,0.0,400
2023-05-09 21:08:43,MA401P2150,MA401P2150,61.0,0.0,0.0,0.0,10,65.0,66.0,77,61.0,64.0,0.0,0.0,0.0,0.0,400
2023-05-09 21:08:45,MA401P2150,MA401P2150,61.0,0.0,0.0,0.0,10,65.0,66.0,67,61.0,64.0,0.0,0.0,0.0,0.0,400
2023-05-09 21:08:45,MA401P2150,MA401P2150,61.0,0.0,0.0,0.0,10,65.0,66.0,77,61.0,64.0,0.0,0.0,0.0,0.0,400
2023-05-09 21:08:45,MA401P2150,MA401P2150,61.0,0.0,0.0,0.0,10,65.0,66.0,67,61.0,64.0,0.0,0.0,0.0,0.0,400
2023-05-09 21:08:47,MA401P2150,MA401P2150,61.0,0.0,0.0,0.0,37,64.5,65.5,10,61.0,64.0,0.0,0.0,0.0,0.0,400
2023-05-09 21:08:47,MA401P2150,MA401P2150,61.0,0.0,0.0,0.0,27,64.5,65.5,10,61.0,64.0,0.0,0.0,0.0,0.0,400
2023-05-09 21:08:48,MA401P2150,MA401P2150,61.0,0.0,0.0,0.0,10,65.0,66.0,57,61.0,64.0,0.0,0.0,0.0,0.0,400
2023-05-09 21:08:51,MA401P2150,MA401P2150,61.0,0.0,0.0,0.0,10,65.0,66.0,47,61.0,64.0,0.0,0.0,0.0,0.0,400
2023-05-09 21:08:57,MA401P2150,MA401P2150,61.0,0.0,0.0,0.0,20,65.0,66.0,47,61.0,64.0,0.0,0.0,0.0,0.0,400
2023-05-09 21:08:58,MA401P2150,MA401P2150,61.0,0.0,0.0,0.0,10,65.0,66.0,47,61.0,64.0,0.0,0.0,0.0,0.0,400
2023-05-09 21:09:00,MA401P2150,MA401P2150,61.0,0.0,0.0,0.0,37,64.5,65.5,10,61.0,64.0,0.0,0.0,0.0,0.0,400
2023-05-09 21:09:02,MA401P2150,MA401P2150,61.0,0.0,0.0,0.0,47,64.5,65.5,10,61.0,64.0,0.0,0.0,0.0,0.0,400
2023-05-09 21:09:10,MA401P2150,MA401P2150,61.0,0.0,0.0,0.0,10,65.0,66.0,47,61.0,64.0,0.0,0.0,0.0,0.0,400
2023-05-09 21:09:11,MA401P2150,MA401P2150,61.0,0.0,0.0,0.0,20,65.0,66.0,47,61.0,64.0,0.0,0.0,0.0,0.0,400
2023-05-09 21:09:16,MA401P2150,MA401P2150,61.0,0.0,0.0,0.0,10,65.0,66.0,47,61.0,64.0,0.0,0.0,0.0,0.0,400
2023-05-09 21:09:16,MA401P2150,MA401P2150,61.0,0.0,0.0,0.0,57,64.5,65.5,10,61.0,64.0,0.0,0.0,0.0,0.0,400
2023-05-09 21:09:17,MA401P2150,MA401P2150,61.0,0.0,0.0,0.0,47,64.5,65.5,10,61.0,64.0,0.0,0.0,0.0,0.0,400
2023-05-09 21:09:17,MA401P2150,MA401P2150,61.0,0.0,0.0,0.0,17,65.0,66.0,47,61.0,64.0,0.0,0.0,0.0,0.0,400
2023-05-09 21:09:18,MA401P2150,MA401P2150,61.0,0.0,0.0,0.0,17,65.0,66.0,37,61.0,64.0,0.0,0.0,0.0,0.0,400
2023-05-09 21:09:19,MA401P2150,MA401P2150,61.0,0.0,0.0,0.0,27,65.0,66.0,47,61.0,64.0,0.0,0.0,0.0,0.0,400
2023-05-09 21:09:22,MA401P2150,MA401P2150,61.0,0.0,0.0,0.0,7,65.0,65.5,10,61.0,64.0,0.0,0.0,0.0,0.0,400
2023-05-09 21:09:36,MA401P2150,MA401P2150,61.0,0.0,0.0,0.0,7,65.0,65.5,20,61.0,64.0,0.0,0.0,0.0,0.0,400
2023-05-09 21:09:40,MA401P2150,MA401P2150,61.0,0.0,0.0,0.0,7,65.0,65.5,30,61.0,64.0,0.0,0.0,0.0,0.0,400
2023-05-09 21:09:41,MA401P2150,MA401P2150,61.0,0.0,0.0,0.0,7,65.0,65.5,20,61.0,64.0,0.0,0.0,0.0,0.0,400
2023-05-09 21:09:41,MA401P2150,MA401P2150,61.0,0.0,0.0,0.0,7,65.0,65.5,10,61.0,64.0,0.0,0.0,0.0,0.0,400
2023-05-09 21:09:42,MA401P2150,MA401P2150,61.0,0.0,0.0,0.0,7,65.0,65.5,20,61.0,64.0,0.0,0.0,0.0,0.0,400
2023-05-09 21:09:47,MA401P2150,MA401P2150,61.0,0.0,0.0,0.0,7,65.0,65.5,30,61.0,64.0,0.0,0.0,0.0,0.0,400
2023-05-09 21:09:47,MA401P2150,MA401P2150,61.0,0.0,0.0,0.0,7,65.0,65.5,20,61.0,64.0,0.0,0.0,0.0,0.0,400
2023-05-09 21:09:56,MA401P2150,MA401P2150,61.0,0.0,0.0,0.0,7,65.0,65.5,30,61.0,64.0,0.0,0.0,0.0,0.0,400
2023-05-09 21:09:57,MA401P2150,MA401P2150,61.0,0.0,0.0,0.0,7,65.0,65.5,20,61.0,64.0,0.0,0.0,0.0,0.0,400
2023-05-09 21:10:03,MA401P2150,MA401P2150,61.0,0.0,0.0,0.0,7,65.0,65.5,30,61.0,64.0,0.0,0.0,0.0,0.0,400
2023-05-09 21:10:04,MA401P2150,MA401P2150,61.0,0.0,0.0,0.0,37,64.5,65.5,30,61.0,64.0,0.0,0.0,0.0,0.0,400
2023-05-09 21:10:04,MA401P2150,MA401P2150,61.0,0.0,0.0,0.0,27,64.5,65.5,30,61.0,64.0,0.0,0.0,0.0,0.0,400
2023-05-09 21:10:05,MA401P2150,MA401P2150,61.0,0.0,0.0,0.0,37,64.5,65.5,30,61.0,64.0,0.0,0.0,0.0,0.0,400
2023-05-09 21:10:05,MA401P2150,MA401P2150,61.0,0.0,0.0,0.0,37,64.5,65.5,20,61.0,64.0,0.0,0.0,0.0,0.0,400
2023-05-09 21:10:07,MA401P2150,MA401P2150,61.0,0.0,0.0,0.0,27,64.5,65.5,20,61.0,64.0,0.0,0.0,0.0,0.0,400
2023-05-09 21:10:08,MA401P2150,MA401P2150,61.0,0.0,0.0,0.0,37,64.5,65.5,20,61.0,64.0,0.0,0.0,0.0,0.0,400
2023-05-09 21:10:18,MA401P2150,MA401P2150,61.0,0.0,0.0,0.0,27,64.5,65.5,20,61.0,64.0,0.0,0.0,0.0,0.0,400
2023-05-09 21:10:18,MA401P2150,MA401P2150,61.0,0.0,0.0,0.0,27,64.5,65.5,40,61.0,64.0,0.0,0.0,0.0,0.0,400
2023-05-09 21:10:24,MA401P2150,MA401P2150,61.0,0.0,0.0,0.0,17,64.5,65.5,40,61.0,64.0,0.0,0.0,0.0,0.0,400
2023-05-09 21:10:24,MA401P2150,MA401P2150,61.0,0.0,0.0,0.0,27,64.5,65.5,40,61.0,64.0,0.0,0.0,0.0,0.0,400
2023-05-09 21:10:25,MA401P2150,MA401P2150,61.0,0.0,0.0,0.0,17,64.5,65.5,40,61.0,64.0,0.0,0.0,0.0,0.0,400
2023-05-09 21:10:34,MA401P2150,MA401P2150,61.0,0.0,0.0,0.0,27,64.5,65.5,40,61.0,64.0,0.0,0.0,0.0,0.0,400
2023-05-09 21:10:35,MA401P2150,MA401P2150,61.0,0.0,0.0,0.0,27,64.5,65.5,30,61.0,64.0,0.0,0.0,0.0,0.0,400
2023-05-09 21:10:37,MA401P2150,MA401P2150,61.0,0.0,0.0,0.0,37,64.5,65.5,40,61.0,64.0,0.0,0.0,0.0,0.0,400
2023-05-09 21:10:39,MA401P2150,MA401P2150,61.0,0.0,0.0,0.0,37,64.5,65.5,30,61.0,64.0,0.0,0.0,0.0,0.0,400
2023-05-09 21:10:41,MA401P2150,MA401P2150,61.0,0.0,0.0,0.0,37,64.5,65.5,40,61.0,64.0,0.0,0.0,0.0,0.0,400
2023-05-09 21:10:41,MA401P2150,MA401P2150,61.0,0.0,0.0,0.0,27,64.5,65.5,40,61.0,64.0,0.0,0.0,0.0,0.0,400
2023-05-09 21:10:43,MA401P2150,MA401P2150,61.0,0.0,0.0,0.0,17,64.5,65.5,40,61.0,64.0,0.0,0.0,0.0,0.0,400
2023-05-09 21:10:44,MA401P2150,MA401P2150,61.0,0.0,0.0,0.0,17,64.5,65.5,47,61.0,64.0,0.0,0.0,0.0,0.0,400
2023-05-09 21:10:48,MA401P2150,MA401P2150,61.0,0.0,0.0,0.0,37,64.5,65.5,47,61.0,64.0,0.0,0.0,0.0,0.0,400
2023-05-09 21:10:49,MA401P2150,MA401P2150,61.0,0.0,0.0,0.0,17,64.5,65.5,47,61.0,64.0,0.0,0.0,0.0,0.0,400
2023-05-09 21:10:52,MA401P2150,MA401P2150,61.0,0.0,0.0,0.0,17,64.5,65.5,57,61.0,64.0,0.0,0.0,0.0,0.0,400
2023-05-09 21:11:11,MA401P2150,MA401P2150,61.0,0.0,0.0,0.0,7,64.5,65.0,20,61.0,64.0,0.0,0.0,0.0,0.0,400
2023-05-09 21:11:23,MA401P2150,MA401P2150,61.0,0.0,0.0,0.0,37,64.0,65.0,30,61.0,64.0,0.0,0.0,0.0,0.0,400
2023-05-09 21:11:23,MA401P2150,MA401P2150,61.0,0.0,0.0,0.0,47,64.0,65.0,20,61.0,64.0,0.0,0.0,0.0,0.0,400
2023-05-09 21:11:27,MA401P2150,MA401P2150,61.0,0.0,0.0,0.0,37,64.0,65.0,20,61.0,64.0,0.0,0.0,0.0,0.0,400
2023-05-09 21:11:29,MA401P2150,MA401P2150,61.0,0.0,0.0,0.0,47,64.0,65.0,30,61.0,64.0,0.0,0.0,0.0,0.0,400
2023-05-09 21:11:29,MA401P2150,MA401P2150,61.0,0.0,0.0,0.0,10,64.5,65.5,47,61.0,64.0,0.0,0.0,0.0,0.0,400
2023-05-09 21:11:31,MA401P2150,MA401P2150,61.0,0.0,0.0,0.0,20,64.5,65.5,57,61.0,64.0,0.0,0.0,0.0,0.0,400
2023-05-09 21:11:33,MA401P2150,MA401P2150,61.0,0.0,0.0,0.0,37,64.5,65.5,47,61.0,64.0,0.0,0.0,0.0,0.0,400
2023-05-09 21:11:33,MA401P2150,MA401P2150,61.0,0.0,0.0,0.0,47,64.5,65.5,47,61.0,64.0,0.0,0.0,0.0,0.0,400
2023-05-09 21:11:34,MA401P2150,MA401P2150,61.0,0.0,0.0,0.0,37,64.5,65.5,47,61.0,64.0,0.0,0.0,0.0,0.0,400
2023-05-09 21:11:36,MA401P2150,MA401P2150,61.0,0.0,0.0,0.0,27,64.5,65.0,10,61.0,64.0,0.0,0.0,0.0,0.0,400
2023-05-09 21:11:37,MA401P2150,MA401P2150,61.0,0.0,0.0,0.0,17,64.5,65.0,10,61.0,64.0,0.0,0.0,0.0,0.0,400
2023-05-09 21:11:37,MA401P2150,MA401P2150,61.0,0.0,0.0,0.0,7,64.5,65.0,20,61.0,64.0,0.0,0.0,0.0,0.0,400
2023-05-09 21:11:42,MA401P2150,MA401P2150,61.0,0.0,0.0,0.0,27,64.5,65.0,10,61.0,64.0,0.0,0.0,0.0,0.0,400
2023-05-09 21:11:42,MA401P2150,MA401P2150,61.0,0.0,0.0,0.0,37,64.5,65.5,47,61.0,64.0,0.0,0.0,0.0,0.0,400
2023-05-09 21:11:55,MA401P2150,MA401P2150,61.0,0.0,0.0,0.0,37,64.5,65.5,37,61.0,64.0,0.0,0.0,0.0,0.0,400
2023-05-09 21:11:55,MA401P2150,MA401P2150,61.0,0.0,0.0,0.0,37,64.5,65.5,47,61.0,64.0,0.0,0.0,0.0,0.0,400
2023-05-09 21:11:55,MA401P2150,MA401P2150,61.0,0.0,0.0,0.0,37,64.5,65.5,37,61.0,64.0,0.0,0.0,0.0,0.0,400
2023-05-09 21:11:56,MA401P2150,MA401P2150,61.0,0.0,0.0,0.0,37,64.5,65.5,47,61.0,64.0,0.0,0.0,0.0,0.0,400
2023-05-09 21:11:57,MA401P2150,MA401P2150,61.0,0.0,0.0,0.0,17,64.5,65.0,10,61.0,64.0,0.0,0.0,0.0,0.0,400
2023-05-09 21:11:57,MA401P2150,MA401P2150,61.0,0.0,0.0,0.0,7,64.5,65.0,10,61.0,64.0,0.0,0.0,0.0,0.0,400
2023-05-09 21:11:59,MA401P2150,MA401P2150,61.0,0.0,0.0,0.0,7,64.5,65.0,20,61.0,64.0,0.0,0.0,0.0,0.0,400
2023-05-09 21:12:04,MA401P2150,MA401P2150,61.0,0.0,0.0,0.0,37,64.5,65.5,47,61.0,64.0,0.0,0.0,0.0,0.0,400
2023-05-09 21:12:09,MA401P2150,MA401P2150,61.0,0.0,0.0,0.0,37,64.5,65.5,37,61.0,64.0,0.0,0.0,0.0,0.0,400
2023-05-09 21:12:10,MA401P2150,MA401P2150,61.0,0.0,0.0,0.0,37,64.5,65.5,27,61.0,64.0,0.0,0.0,0.0,0.0,400
2023-05-09 21:12:11,MA401P2150,MA401P2150,61.0,0.0,0.0,0.0,37,64.5,65.5,10,61.0,64.0,0.0,0.0,0.0,0.0,400
2023-05-09 21:12:12,MA401P2150,MA401P2150,61.0,0.0,0.0,0.0,37,64.5,65.5,20,61.0,64.0,0.0,0.0,0.0,0.0,400
2023-05-09 21:12:29,MA401P2150,MA401P2150,61.0,0.0,0.0,0.0,27,64.5,65.5,30,61.0,64.0,0.0,0.0,0.0,0.0,400
2023-05-09 21:12:30,MA401P2150,MA401P2150,61.0,0.0,0.0,0.0,37,64.5,65.5,20,61.0,64.0,0.0,0.0,0.0,0.0,400
2023-05-09 21:12:42,MA401P2150,MA401P2150,61.0,0.0,0.0,0.0,10,65.0,65.5,10,61.0,64.0,0.0,0.0,0.0,0.0,400
2023-05-09 21:12:42,MA401P2150,MA401P2150,61.0,0.0,0.0,0.0,10,65.0,66.0,77,61.0,64.0,0.0,0.0,0.0,0.0,400
2023-05-09 21:12:43,MA401P2150,MA401P2150,61.0,0.0,0.0,0.0,20,65.0,66.0,77,61.0,64.0,0.0,0.0,0.0,0.0,400
2023-05-09 21:12:43,MA401P2150,MA401P2150,61.0,0.0,0.0,0.0,20,65.0,66.0,57,61.0,64.0,0.0,0.0,0.0,0.0,400
2023-05-09 21:12:54,MA401P2150,MA401P2150,61.0,0.0,0.0,0.0,57,64.5,65.5,10,61.0,64.0,0.0,0.0,0.0,0.0,400
2023-05-09 21:12:54,MA401P2150,MA401P2150,61.0,0.0,0.0,0.0,47,64.5,65.5,10,61.0,64.0,0.0,0.0,0.0,0.0,400
2023-05-09 21:12:55,MA401P2150,MA401P2150,61.0,0.0,0.0,0.0,37,64.5,65.5,10,61.0,64.0,0.0,0.0,0.0,0.0,400
2023-05-09 21:12:58,MA401P2150,MA401P2150,61.0,0.0,0.0,0.0,47,64.5,65.5,10,61.0,64.0,0.0,0.0,0.0,0.0,400
2023-05-09 21:12:59,MA401P2150,MA401P2150,61.0,0.0,0.0,0.0,37,64.5,65.5,10,61.0,64.0,0.0,0.0,0.0,0.0,400
2023-05-09 21:13:04,MA401P2150,MA401P2150,61.0,0.0,0.0,0.0,27,65.0,66.0,57,61.0,64.0,0.0,0.0,0.0,0.0,400
2023-05-09 21:13:04,MA401P2150,MA401P2150,61.0,0.0,0.0,0.0,27,65.0,66.0,30,61.0,64.0,0.0,0.0,0.0,0.0,400
2023-05-09 21:13:05,MA401P2150,MA401P2150,61.0,0.0,0.0,0.0,37,65.0,66.0,30,61.0,64.0,0.0,0.0,0.0,0.0,400
2023-05-09 21:13:06,MA401P2150,MA401P2150,61.0,0.0,0.0,0.0,27,65.0,66.0,40,61.0,64.0,0.0,0.0,0.0,0.0,400
2023-05-09 21:13:07,MA401P2150,MA401P2150,61.0,0.0,0.0,0.0,27,65.0,66.0,50,61.0,64.0,0.0,0.0,0.0,0.0,400
2023-05-09 21:13:09,MA401P2150,MA401P2150,61.0,0.0,0.0,0.0,47,65.0,66.0,50,61.0,64.0,0.0,0.0,0.0,0.0,400
2023-05-09 21:13:10,MA401P2150,MA401P2150,61.0,0.0,0.0,0.0,47,65.0,66.0,40,61.0,64.0,0.0,0.0,0.0,0.0,400
2023-05-09 21:13:11,MA401P2150,MA401P2150,61.0,0.0,0.0,0.0,47,65.0,66.0,20,61.0,64.0,0.0,0.0,0.0,0.0,400
2023-05-09 21:13:12,MA401P2150,MA401P2150,61.0,0.0,0.0,0.0,57,65.0,66.0,20,61.0,64.0,0.0,0.0,0.0,0.0,400
2023-05-09 21:13:16,MA401P2150,MA401P2150,61.0,0.0,0.0,0.0,10,65.5,66.0,10,61.0,64.0,0.0,0.0,0.0,0.0,400
2023-05-09 21:13:16,MA401P2150,MA401P2150,61.0,0.0,0.0,0.0,20,65.5,66.5,77,61.0,64.0,0.0,0.0,0.0,0.0,400
2023-05-09 21:13:18,MA401P2150,MA401P2150,61.0,0.0,0.0,0.0,57,65.0,66.0,20,61.0,64.0,0.0,0.0,0.0,0.0,400
2023-05-09 21:13:20,MA401P2150,MA401P2150,61.0,0.0,0.0,0.0,47,65.0,66.0,30,61.0,64.0,0.0,0.0,0.0,0.0,400
2023-05-09 21:13:21,MA401P2150,MA401P2150,61.0,0.0,0.0,0.0,57,65.0,66.0,20,61.0,64.0,0.0,0.0,0.0,0.0,400
2023-05-09 21:13:24,MA401P2150,MA401P2150,61.0,0.0,0.0,0.0,47,65.0,66.0,20,61.0,64.0,0.0,0.0,0.0,0.0,400
2023-05-09 21:13:25,MA401P2150,MA401P2150,61.0,0.0,0.0,0.0,27,65.0,66.0,50,61.0,64.0,0.0,0.0,0.0,0.0,400
2023-05-09 21:13:25,MA401P2150,MA401P2150,61.0,0.0,0.0,0.0,17,65.0,66.0,60,61.0,64.0,0.0,0.0,0.0,0.0,400
2023-05-09 21:13:26,MA401P2150,MA401P2150,61.0,0.0,0.0,0.0,27,65.0,66.0,60,61.0,64.0,0.0,0.0,0.0,0.0,400
2023-05-09 21:13:27,MA401P2150,MA401P2150,61.0,0.0,0.0,0.0,17,65.0,65.5,10,61.0,64.0,0.0,0.0,0.0,0.0,400
2023-05-09 21:13:27,MA401P2150,MA401P2150,61.0,0.0,0.0,0.0,7,65.0,65.5,10,61.0,64.0,0.0,0.0,0.0,0.0,400
2023-05-09 21:13:28,MA401P2150,MA401P2150,61.0,0.0,0.0,0.0,7,65.0,65.5,20,61.0,64.0,0.0,0.0,0.0,0.0,400
2023-05-09 21:13:29,MA401P2150,MA401P2150,61.0,0.0,0.0,0.0,7,65.0,65.5,30,61.0,64.0,0.0,0.0,0.0,0.0,400
2023-05-09 21:13:29,MA401P2150,MA401P2150,61.0,0.0,0.0,0.0,27,64.5,65.5,40,61.0,64.0,0.0,0.0,0.0,0.0,400
2023-05-09 21:13:29,MA401P2150,MA401P2150,61.0,0.0,0.0,0.0,17,64.5,65.5,40,61.0,64.0,0.0,0.0,0.0,0.0,400
2023-05-09 21:13:30,MA401P2150,MA401P2150,61.0,0.0,0.0,0.0,27,64.5,65.5,40,61.0,64.0,0.0,0.0,0.0,0.0,400
2023-05-09 21:13:31,MA401P2150,MA401P2150,61.0,0.0,0.0,0.0,37,64.5,65.5,50,61.0,64.0,0.0,0.0,0.0,0.0,400
2023-05-09 21:13:32,MA401P2150,MA401P2150,61.0,0.0,0.0,0.0,37,64.5,65.5,40,61.0,64.0,0.0,0.0,0.0,0.0,400
2023-05-09 21:13:32,MA401P2150,MA401P2150,61.0,0.0,0.0,0.0,37,64.5,65.5,50,61.0,64.0,0.0,0.0,0.0,0.0,400
2023-05-09 21:13:35,MA401P2150,MA401P2150,61.0,0.0,0.0,0.0,37,64.5,65.5,40,61.0,64.0,0.0,0.0,0.0,0.0,400
2023-05-09 21:13:40,MA401P2150,MA401P2150,61.0,0.0,0.0,0.0,47,64.5,65.5,40,61.0,64.0,0.0,0.0,0.0,0.0,400
2023-05-09 21:13:40,MA401P2150,MA401P2150,61.0,0.0,0.0,0.0,37,64.5,65.5,40,61.0,64.0,0.0,0.0,0.0,0.0,400
2023-05-09 21:13:42,MA401P2150,MA401P2150,61.0,0.0,0.0,0.0,37,64.5,65.5,30,61.0,64.0,0.0,0.0,0.0,0.0,400
2023-05-09 21:13:44,MA401P2150,MA401P2150,61.0,0.0,0.0,0.0,37,64.5,65.5,20,61.0,64.0,0.0,0.0,0.0,0.0,400
2023-05-09 21:13:46,MA401P2150,MA401P2150,61.0,0.0,0.0,0.0,47,64.5,65.5,20,61.0,64.0,0.0,0.0,0.0,0.0,400
2023-05-09 21:13:48,MA401P2150,MA401P2150,61.0,0.0,0.0,0.0,37,64.5,65.5,20,61.0,64.0,0.0,0.0,0.0,0.0,400
2023-05-09 21:13:48,MA401P2150,MA401P2150,61.0,0.0,0.0,0.0,37,64.5,65.5,30,61.0,64.0,0.0,0.0,0.0,0.0,400
2023-05-09 21:13:53,MA401P2150,MA401P2150,61.0,0.0,0.0,0.0,37,64.5,65.5,20,61.0,64.0,0.0,0.0,0.0,0.0,400
2023-05-09 21:13:55,MA401P2150,MA401P2150,61.0,0.0,0.0,0.0,27,64.5,65.5,20,61.0,64.0,0.0,0.0,0.0,0.0,400
2023-05-09 21:13:56,MA401P2150,MA401P2150,61.0,0.0,0.0,0.0,37,64.5,65.5,20,61.0,64.0,0.0,0.0,0.0,0.0,400
2023-05-09 21:13:57,MA401P2150,MA401P2150,61.0,0.0,0.0,0.0,37,64.5,65.5,30,61.0,64.0,0.0,0.0,0.0,0.0,400
2023-05-09 21:13:59,MA401P2150,MA401P2150,61.0,0.0,0.0,0.0,27,64.5,65.5,50,61.0,64.0,0.0,0.0,0.0,0.0,400
2023-05-09 21:14:00,MA401P2150,MA401P2150,61.0,0.0,0.0,0.0,17,64.5,65.5,40,61.0,64.0,0.0,0.0,0.0,0.0,400
2023-05-09 21:14:01,MA401P2150,MA401P2150,61.0,0.0,0.0,0.0,27,64.5,65.5,50,61.0,64.0,0.0,0.0,0.0,0.0,400
2023-05-09 21:14:02,MA401P2150,MA401P2150,61.0,0.0,0.0,0.0,37,64.5,65.5,60,61.0,64.0,0.0,0.0,0.0,0.0,400
2023-05-09 21:14:04,MA401P2150,MA401P2150,61.0,0.0,0.0,0.0,37,64.5,65.5,50,61.0,64.0,0.0,0.0,0.0,0.0,400
2023-05-09 21:14:05,MA401P2150,MA401P2150,61.0,0.0,0.0,0.0,27,64.5,65.5,67,61.0,64.0,0.0,0.0,0.0,0.0,400
2023-05-09 21:14:09,MA401P2150,MA401P2150,61.0,0.0,0.0,0.0,27,64.5,65.5,77,61.0,64.0,0.0,0.0,0.0,0.0,400
2023-05-09 21:14:11,MA401P2150,MA401P2150,61.0,0.0,0.0,0.0,27,64.5,65.5,67,61.0,64.0,0.0,0.0,0.0,0.0,400
2023-05-09 21:14:14,MA401P2150,MA401P2150,61.0,0.0,0.0,0.0,17,64.5,65.5,87,61.0,64.0,0.0,0.0,0.0,0.0,400
2023-05-09 21:14:18,MA401P2150,MA401P2150,61.0,0.0,0.0,0.0,27,64.5,65.5,77,61.0,64.0,0.0,0.0,0.0,0.0,400
2023-05-09 21:14:19,MA401P2150,MA401P2150,61.0,0.0,0.0,0.0,17,64.5,65.5,87,61.0,64.0,0.0,0.0,0.0,0.0,400
2023-05-09 21:14:25,MA401P2150,MA401P2150,61.0,0.0,0.0,0.0,27,64.5,65.5,67,61.0,64.0,0.0,0.0,0.0,0.0,400
2023-05-09 21:14:26,MA401P2150,MA401P2150,61.0,0.0,0.0,0.0,47,64.5,65.5,57,61.0,64.0,0.0,0.0,0.0,0.0,400
2023-05-09 21:14:27,MA401P2150,MA401P2150,61.0,0.0,0.0,0.0,37,64.5,65.5,77,61.0,64.0,0.0,0.0,0.0,0.0,400
2023-05-09 21:14:27,MA401P2150,MA401P2150,61.0,0.0,0.0,0.0,27,64.5,65.5,77,61.0,64.0,0.0,0.0,0.0,0.0,400
2023-05-09 21:14:28,MA401P2150,MA401P2150,61.0,0.0,0.0,0.0,17,64.5,65.5,87,61.0,64.0,0.0,0.0,0.0,0.0,400
2023-05-09 21:14:45,MA401P2150,MA401P2150,61.0,0.0,0.0,0.0,7,64.5,65.0,10,61.0,64.0,0.0,0.0,0.0,0.0,400
2023-05-09 21:14:49,MA401P2150,MA401P2150,61.0,0.0,0.0,0.0,7,64.5,65.0,20,61.0,64.0,0.0,0.0,0.0,0.0,400
2023-05-09 21:15:02,MA401P2150,MA401P2150,61.0,0.0,0.0,0.0,57,64.0,65.0,20,61.0,64.0,0.0,0.0,0.0,0.0,400
2023-05-09 21:15:03,MA401P2150,MA401P2150,61.0,0.0,0.0,0.0,47,64.0,65.0,20,61.0,64.0,0.0,0.0,0.0,0.0,400
2023-05-09 21:15:03,MA401P2150,MA401P2150,61.0,0.0,0.0,0.0,57,64.0,65.0,20,61.0,64.0,0.0,0.0,0.0,0.0,400
2023-05-09 21:15:04,MA401P2150,MA401P2150,61.0,0.0,0.0,0.0,47,64.0,65.0,20,61.0,64.0,0.0,0.0,0.0,0.0,400
2023-05-09 21:15:05,MA401P2150,MA401P2150,61.0,0.0,0.0,0.0,57,64.0,65.0,20,61.0,64.0,0.0,0.0,0.0,0.0,400
2023-05-09 21:15:05,MA401P2150,MA401P2150,61.0,0.0,0.0,0.0,47,64.0,65.0,20,61.0,64.0,0.0,0.0,0.0,0.0,400
2023-05-09 21:15:06,MA401P2150,MA401P2150,61.0,0.0,0.0,0.0,27,64.0,64.5,10,61.0,64.0,0.0,0.0,0.0,0.0,400
2023-05-09 21:15:09,MA401P2150,MA401P2150,61.0,0.0,0.0,0.0,17,64.0,64.5,10,61.0,64.0,0.0,0.0,0.0,0.0,400
2023-05-09 21:15:09,MA401P2150,MA401P2150,61.0,0.0,0.0,0.0,27,64.0,64.5,10,61.0,64.0,0.0,0.0,0.0,0.0,400
2023-05-09 21:15:10,MA401P2150,MA401P2150,61.0,0.0,0.0,0.0,17,64.0,64.5,10,61.0,64.0,0.0,0.0,0.0,0.0,400
2023-05-09 21:15:11,MA401P2150,MA401P2150,61.0,0.0,0.0,0.0,27,64.0,64.5,10,61.0,64.0,0.0,0.0,0.0,0.0,400
2023-05-09 21:15:11,MA401P2150,MA401P2150,61.0,0.0,0.0,0.0,37,64.0,64.5,10,61.0,64.0,0.0,0.0,0.0,0.0,400
2023-05-09 21:15:15,MA401P2150,MA401P2150,61.0,0.0,0.0,0.0,47,64.0,65.0,70,61.0,64.0,0.0,0.0,0.0,0.0,400
2023-05-09 21:15:17,MA401P2150,MA401P2150,61.0,0.0,0.0,0.0,37,64.0,65.0,70,61.0,64.0,0.0,0.0,0.0,0.0,400
2023-05-09 21:15:17,MA401P2150,MA401P2150,61.0,0.0,0.0,0.0,27,64.0,65.0,70,61.0,64.0,0.0,0.0,0.0,0.0,400
2023-05-09 21:15:18,MA401P2150,MA401P2150,61.0,0.0,0.0,0.0,27,64.0,65.0,77,61.0,64.0,0.0,0.0,0.0,0.0,400
2023-05-09 21:15:19,MA401P2150,MA401P2150,61.0,0.0,0.0,0.0,17,64.0,64.5,10,61.0,64.0,0.0,0.0,0.0,0.0,400
2023-05-09 21:15:20,MA401P2150,MA401P2150,61.0,0.0,0.0,0.0,17,64.0,65.0,87,61.0,64.0,0.0,0.0,0.0,0.0,400
2023-05-09 21:15:21,MA401P2150,MA401P2150,61.0,0.0,0.0,0.0,7,64.0,64.5,10,61.0,64.0,0.0,0.0,0.0,0.0,400
2023-05-09 21:15:22,MA401P2150,MA401P2150,61.0,0.0,0.0,0.0,7,64.0,64.5,20,61.0,64.0,0.0,0.0,0.0,0.0,400
2023-05-09 21:15:26,MA401P2150,MA401P2150,61.0,0.0,0.0,0.0,50,63.5,64.5,30,61.0,64.0,0.0,0.0,0.0,0.0,400
2023-05-09 21:15:27,MA401P2150,MA401P2150,61.0,0.0,0.0,0.0,40,63.5,64.5,50,61.0,64.0,0.0,0.0,0.0,0.0,400
2023-05-09 21:15:27,MA401P2150,MA401P2150,61.0,0.0,0.0,0.0,47,63.5,64.5,50,61.0,64.0,0.0,0.0,0.0,0.0,400
2023-05-09 21:15:28,MA401P2150,MA401P2150,61.0,0.0,0.0,0.0,47,63.5,64.5,60,61.0,64.0,0.0,0.0,0.0,0.0,400
2023-05-09 21:15:33,MA401P2150,MA401P2150,61.0,0.0,0.0,0.0,37,63.5,64.5,70,61.0,64.0,0.0,0.0,0.0,0.0,400
2023-05-09 21:15:33,MA401P2150,MA401P2150,61.0,0.0,0.0,0.0,27,63.5,64.5,77,61.0,64.0,0.0,0.0,0.0,0.0,400
2023-05-09 21:15:34,MA401P2150,MA401P2150,61.0,0.0,0.0,0.0,17,63.5,64.5,87,61.0,64.0,0.0,0.0,0.0,0.0,400
2023-05-09 21:15:35,MA401P2150,MA401P2150,61.0,0.0,0.0,0.0,27,63.5,64.5,87,61.0,64.0,0.0,0.0,0.0,0.0,400
2023-05-09 21:15:35,MA401P2150,MA401P2150,61.0,0.0,0.0,0.0,27,63.5,64.5,67,61.0,64.0,0.0,0.0,0.0,0.0,400
2023-05-09 21:15:36,MA401P2150,MA401P2150,61.0,0.0,0.0,0.0,37,63.5,64.5,57,61.0,64.0,0.0,0.0,0.0,0.0,400
2023-05-09 21:15:36,MA401P2150,MA401P2150,61.0,0.0,0.0,0.0,47,63.5,64.5,77,61.0,64.0,0.0,0.0,0.0,0.0,400
2023-05-09 21:15:37,MA401P2150,MA401P2150,61.0,0.0,0.0,0.0,37,63.5,64.5,87,61.0,64.0,0.0,0.0,0.0,0.0,400
2023-05-09 21:15:37,MA401P2150,MA401P2150,61.0,0.0,0.0,0.0,27,63.5,64.5,87,61.0,64.0,0.0,0.0,0.0,0.0,400
2023-05-09 21:15:42,MA401P2150,MA401P2150,61.0,0.0,0.0,0.0,17,63.5,64.5,87,61.0,64.0,0.0,0.0,0.0,0.0,400
2023-05-09 21:15:43,MA401P2150,MA401P2150,61.0,0.0,0.0,0.0,27,63.5,64.5,87,61.0,64.0,0.0,0.0,0.0,0.0,400
2023-05-09 21:15:46,MA401P2150,MA401P2150,61.0,0.0,0.0,0.0,37,63.5,64.5,77,61.0,64.0,0.0,0.0,0.0,0.0,400
2023-05-09 21:15:46,MA401P2150,MA401P2150,61.0,0.0,0.0,0.0,47,63.5,64.5,77,61.0,64.0,0.0,0.0,0.0,0.0,400
2023-05-09 21:15:48,MA401P2150,MA401P2150,61.0,0.0,0.0,0.0,47,63.5,64.5,87,61.0,64.0,0.0,0.0,0.0,0.0,400
2023-05-09 21:15:51,MA401P2150,MA401P2150,61.0,0.0,0.0,0.0,27,63.5,64.5,87,61.0,64.0,0.0,0.0,0.0,0.0,400
2023-05-09 21:15:56,MA401P2150,MA401P2150,61.0,0.0,0.0,0.0,27,63.5,64.5,97,61.0,64.0,0.0,0.0,0.0,0.0,400
2023-05-09 21:15:57,MA401P2150,MA401P2150,61.0,0.0,0.0,0.0,57,63.0,64.0,30,61.0,64.0,0.0,0.0,0.0,0.0,400
2023-05-09 21:15:58,MA401P2150,MA401P2150,61.0,0.0,0.0,0.0,57,63.0,64.0,40,61.0,64.0,0.0,0.0,0.0,0.0,400
2023-05-09 21:15:59,MA401P2150,MA401P2150,61.0,0.0,0.0,0.0,57,63.0,64.0,50,61.0,64.0,0.0,0.0,0.0,0.0,400
2023-05-09 21:15:59,MA401P2150,MA401P2150,61.0,0.0,0.0,0.0,47,63.0,64.0,50,61.0,64.0,0.0,0.0,0.0,0.0,400
2023-05-09 21:16:00,MA401P2150,MA401P2150,61.0,0.0,0.0,0.0,67,63.0,64.0,50,61.0,64.0,0.0,0.0,0.0,0.0,400
2023-05-09 21:16:01,MA401P2150,MA401P2150,61.0,0.0,0.0,0.0,67,63.0,64.0,40,61.0,64.0,0.0,0.0,0.0,0.0,400
2023-05-09 21:16:02,MA401P2150,MA401P2150,61.0,0.0,0.0,0.0,10,63.5,64.0,20,61.0,64.0,0.0,0.0,0.0,0.0,400
2023-05-09 21:16:03,MA401P2150,MA401P2150,61.0,0.0,0.0,0.0,10,63.5,64.5,87,61.0,64.0,0.0,0.0,0.0,0.0,400
2023-05-09 21:16:03,MA401P2150,MA401P2150,61.0,0.0,0.0,0.0,17,63.5,64.5,87,61.0,64.0,0.0,0.0,0.0,0.0,400
2023-05-09 21:16:07,MA401P2150,MA401P2150,61.0,0.0,0.0,0.0,27,63.5,64.5,77,61.0,64.0,0.0,0.0,0.0,0.0,400
2023-05-09 21:16:12,MA401P2150,MA401P2150,61.0,0.0,0.0,0.0,37,63.5,64.5,57,61.0,64.0,0.0,0.0,0.0,0.0,400
2023-05-09 21:16:13,MA401P2150,MA401P2150,61.0,0.0,0.0,0.0,47,63.5,64.5,57,61.0,64.0,0.0,0.0,0.0,0.0,400
2023-05-09 21:16:13,MA401P2150,MA401P2150,61.0,0.0,0.0,0.0,37,63.5,64.0,10,61.0,64.0,0.0,0.0,0.0,0.0,400
2023-05-09 21:16:14,MA401P2150,MA401P2150,61.0,0.0,0.0,0.0,27,63.5,64.0,10,61.0,64.0,0.0,0.0,0.0,0.0,400
2023-05-09 21:16:15,MA401P2150,MA401P2150,61.0,0.0,0.0,0.0,17,63.5,64.0,10,61.0,64.0,0.0,0.0,0.0,0.0,400
2023-05-09 21:16:20,MA401P2150,MA401P2150,61.0,0.0,0.0,0.0,17,63.5,64.5,87,61.0,64.0,0.0,0.0,0.0,0.0,400
2023-05-09 21:16:21,MA401P2150,MA401P2150,61.0,0.0,0.0,0.0,27,63.5,64.5,87,61.0,64.0,0.0,0.0,0.0,0.0,400
2023-05-09 21:16:26,MA401P2150,MA401P2150,61.0,0.0,0.0,0.0,17,63.5,64.5,77,61.0,64.0,0.0,0.0,0.0,0.0,400
2023-05-09 21:16:29,MA401P2150,MA401P2150,61.0,0.0,0.0,0.0,17,63.5,64.5,67,61.0,64.0,0.0,0.0,0.0,0.0,400
2023-05-09 21:16:29,MA401P2150,MA401P2150,61.0,0.0,0.0,0.0,17,63.5,64.5,87,61.0,64.0,0.0,0.0,0.0,0.0,400
2023-05-09 21:16:44,MA401P2150,MA401P2150,61.0,0.0,0.0,0.0,7,63.5,64.0,10,61.0,64.0,0.0,0.0,0.0,0.0,400
2023-05-09 21:16:50,MA401P2150,MA401P2150,61.0,0.0,0.0,0.0,17,63.5,64.0,10,61.0,64.0,0.0,0.0,0.0,0.0,400
2023-05-09 21:16:50,MA401P2150,MA401P2150,61.0,0.0,0.0,0.0,7,63.5,64.0,10,61.0,64.0,0.0,0.0,0.0,0.0,400
2023-05-09 21:16:58,MA401P2150,MA401P2150,61.0,0.0,0.0,0.0,17,63.5,64.0,10,61.0,64.0,0.0,0.0,0.0,0.0,400
2023-05-09 21:17:00,MA401P2150,MA401P2150,61.0,0.0,0.0,0.0,7,63.5,64.0,10,61.0,64.0,0.0,0.0,0.0,0.0,400
2023-05-09 21:17:01,MA401P2150,MA401P2150,61.0,0.0,0.0,0.0,17,63.5,64.0,10,61.0,64.0,0.0,0.0,0.0,0.0,400
2023-05-09 21:17:02,MA401P2150,MA401P2150,64.0,10.0,640.0,10.0,37,63.5,64.5,77,61.0,64.0,64.0,64.0,10.0,640.0,410
2023-05-09 21:17:05,MA401P2150,MA401P2150,64.0,0.0,0.0,0.0,27,63.5,64.5,77,61.0,64.0,64.0,64.0,10.0,640.0,410
2023-05-09 21:17:06,MA401P2150,MA401P2150,64.0,0.0,0.0,0.0,17,63.5,64.5,77,61.0,64.0,64.0,64.0,10.0,640.0,410
2023-05-09 21:17:08,MA401P2150,MA401P2150,64.0,0.0,0.0,0.0,17,63.5,64.5,87,61.0,64.0,64.0,64.0,10.0,640.0,410
2023-05-09 21:17:10,MA401P2150,MA401P2150,64.0,0.0,0.0,0.0,17,63.5,64.0,10,61.0,64.0,64.0,64.0,10.0,640.0,410
2023-05-09 21:17:12,MA401P2150,MA401P2150,64.0,0.0,0.0,0.0,7,63.5,64.0,10,61.0,64.0,64.0,64.0,10.0,640.0,410
2023-05-09 21:17:29,MA401P2150,MA401P2150,64.0,0.0,0.0,0.0,7,63.5,64.0,20,61.0,64.0,64.0,64.0,10.0,640.0,410
2023-05-09 21:17:31,MA401P2150,MA401P2150,64.0,0.0,0.0,0.0,7,63.5,64.0,10,61.0,64.0,64.0,64.0,10.0,640.0,410
2023-05-09 21:17:32,MA401P2150,MA401P2150,64.0,0.0,0.0,0.0,27,63.5,64.5,87,61.0,64.0,64.0,64.0,10.0,640.0,410
2023-05-09 21:17:34,MA401P2150,MA401P2150,64.0,0.0,0.0,0.0,27,63.5,64.0,10,61.0,64.0,64.0,64.0,10.0,640.0,410
2023-05-09 21:17:34,MA401P2150,MA401P2150,64.0,0.0,0.0,0.0,17,63.5,64.0,10,61.0,64.0,64.0,64.0,10.0,640.0,410
2023-05-09 21:17:39,MA401P2150,MA401P2150,64.0,0.0,0.0,0.0,7,63.5,64.0,10,61.0,64.0,64.0,64.0,10.0,640.0,410
2023-05-09 21:17:41,MA401P2150,MA401P2150,64.0,0.0,0.0,0.0,17,63.5,64.5,87,61.0,64.0,64.0,64.0,10.0,640.0,410
2023-05-09 21:18:00,MA401P2150,MA401P2150,64.0,0.0,0.0,0.0,37,63.5,64.5,67,61.0,64.0,64.0,64.0,10.0,640.0,410
2023-05-09 21:18:00,MA401P2150,MA401P2150,64.0,0.0,0.0,0.0,47,63.5,64.5,67,61.0,64.0,64.0,64.0,10.0,640.0,410
2023-05-09 21:18:04,MA401P2150,MA401P2150,64.0,0.0,0.0,0.0,37,63.5,64.5,57,61.0,64.0,64.0,64.0,10.0,640.0,410
2023-05-09 21:18:05,MA401P2150,MA401P2150,64.0,0.0,0.0,0.0,27,63.5,64.5,67,61.0,64.0,64.0,64.0,10.0,640.0,410
2023-05-09 21:18:06,MA401P2150,MA401P2150,64.0,0.0,0.0,0.0,37,63.5,64.5,77,61.0,64.0,64.0,64.0,10.0,640.0,410
2023-05-09 21:18:07,MA401P2150,MA401P2150,64.0,0.0,0.0,0.0,47,63.5,64.5,67,61.0,64.0,64.0,64.0,10.0,640.0,410
2023-05-09 21:18:07,MA401P2150,MA401P2150,64.0,0.0,0.0,0.0,47,63.5,64.5,57,61.0,64.0,64.0,64.0,10.0,640.0,410
2023-05-09 21:18:07,MA401P2150,MA401P2150,64.0,0.0,0.0,0.0,47,63.5,64.5,67,61.0,64.0,64.0,64.0,10.0,640.0,410
2023-05-09 21:18:07,MA401P2150,MA401P2150,64.0,0.0,0.0,0.0,47,63.5,64.5,57,61.0,64.0,64.0,64.0,10.0,640.0,410
2023-05-09 21:18:17,MA401P2150,MA401P2150,64.0,0.0,0.0,0.0,57,63.5,64.5,57,61.0,64.0,64.0,64.0,10.0,640.0,410
2023-05-09 21:18:18,MA401P2150,MA401P2150,64.0,0.0,0.0,0.0,27,63.5,64.0,10,61.0,64.0,64.0,64.0,10.0,640.0,410
2023-05-09 21:18:19,MA401P2150,MA401P2150,64.0,0.0,0.0,0.0,37,63.5,64.0,10,61.0,64.0,64.0,64.0,10.0,640.0,410
2023-05-09 21:18:21,MA401P2150,MA401P2150,64.0,0.0,0.0,0.0,47,63.5,64.5,77,61.0,64.0,64.0,64.0,10.0,640.0,410
2023-05-09 21:18:24,MA401P2150,MA401P2150,64.0,0.0,0.0,0.0,47,63.5,64.5,67,61.0,64.0,64.0,64.0,10.0,640.0,410
2023-05-09 21:18:27,MA401P2150,MA401P2150,64.0,0.0,0.0,0.0,47,63.5,64.5,57,61.0,64.0,64.0,64.0,10.0,640.0,410
2023-05-09 21:18:32,MA401P2150,MA401P2150,64.0,0.0,0.0,0.0,57,63.5,64.5,57,61.0,64.0,64.0,64.0,10.0,640.0,410
2023-05-09 21:18:44,MA401P2150,MA401P2150,64.0,0.0,0.0,0.0,57,63.5,64.5,27,61.0,64.0,64.0,64.0,10.0,640.0,410
2023-05-09 21:18:47,MA401P2150,MA401P2150,64.0,0.0,0.0,0.0,57,63.5,64.5,37,61.0,64.0,64.0,64.0,10.0,640.0,410
2023-05-09 21:18:47,MA401P2150,MA401P2150,64.0,0.0,0.0,0.0,57,63.5,64.5,57,61.0,64.0,64.0,64.0,10.0,640.0,410
2023-05-09 21:18:49,MA401P2150,MA401P2150,64.0,0.0,0.0,0.0,57,63.5,64.5,67,61.0,64.0,64.0,64.0,10.0,640.0,410
2023-05-09 21:18:50,MA401P2150,MA401P2150,64.0,0.0,0.0,0.0,47,63.5,64.5,57,61.0,64.0,64.0,64.0,10.0,640.0,410
2023-05-09 21:18:57,MA401P2150,MA401P2150,64.0,0.0,0.0,0.0,57,63.5,64.5,57,61.0,64.0,64.0,64.0,10.0,640.0,410
2023-05-09 21:19:00,MA401P2150,MA401P2150,64.0,0.0,0.0,0.0,10,64.0,64.5,47,61.0,64.0,64.0,64.0,10.0,640.0,410
2023-05-09 21:19:01,MA401P2150,MA401P2150,64.0,0.0,0.0,0.0,10,64.0,64.5,17,61.0,64.0,64.0,64.0,10.0,640.0,410
2023-05-09 21:19:02,MA401P2150,MA401P2150,64.0,0.0,0.0,0.0,67,63.5,64.5,27,61.0,64.0,64.0,64.0,10.0,640.0,410
2023-05-09 21:19:05,MA401P2150,MA401P2150,64.0,0.0,0.0,0.0,57,63.5,64.5,57,61.0,64.0,64.0,64.0,10.0,640.0,410
2023-05-09 21:19:07,MA401P2150,MA401P2150,64.0,0.0,0.0,0.0,10,64.0,64.5,37,61.0,64.0,64.0,64.0,10.0,640.0,410
2023-05-09 21:19:08,MA401P2150,MA401P2150,64.0,0.0,0.0,0.0,10,64.0,64.5,17,61.0,64.0,64.0,64.0,10.0,640.0,410
2023-05-09 21:19:16,MA401P2150,MA401P2150,64.0,0.0,0.0,0.0,77,63.5,64.5,17,61.0,64.0,64.0,64.0,10.0,640.0,410
2023-05-09 21:19:17,MA401P2150,MA401P2150,64.0,0.0,0.0,0.0,47,63.5,64.5,27,61.0,64.0,64.0,64.0,10.0,640.0,410
2023-05-09 21:19:17,MA401P2150,MA401P2150,64.0,0.0,0.0,0.0,57,63.5,64.5,27,61.0,64.0,64.0,64.0,10.0,640.0,410
2023-05-09 21:19:21,MA401P2150,MA401P2150,64.0,0.0,0.0,0.0,10,64.0,64.5,7,61.0,64.0,64.0,64.0,10.0,640.0,410
2023-05-09 21:19:26,MA401P2150,MA401P2150,64.0,0.0,0.0,0.0,10,64.0,65.0,97,61.0,64.0,64.0,64.0,10.0,640.0,410
2023-05-09 21:19:47,MA401P2150,MA401P2150,64.0,0.0,0.0,0.0,10,64.0,65.0,87,61.0,64.0,64.0,64.0,10.0,640.0,410
2023-05-09 21:19:50,MA401P2150,MA401P2150,64.0,0.0,0.0,0.0,40,64.0,65.0,57,61.0,64.0,64.0,64.0,10.0,640.0,410
2023-05-09 21:19:50,MA401P2150,MA401P2150,64.0,0.0,0.0,0.0,50,64.0,65.0,57,61.0,64.0,64.0,64.0,10.0,640.0,410
2023-05-09 21:19:52,MA401P2150,MA401P2150,64.0,0.0,0.0,0.0,47,64.0,65.0,57,61.0,64.0,64.0,64.0,10.0,640.0,410
2023-05-09 21:19:52,MA401P2150,MA401P2150,64.0,0.0,0.0,0.0,57,64.0,65.0,57,61.0,64.0,64.0,64.0,10.0,640.0,410
2023-05-09 21:19:56,MA401P2150,MA401P2150,64.0,0.0,0.0,0.0,20,64.5,65.0,27,61.0,64.0,64.0,64.0,10.0,640.0,410
2023-05-09 21:19:57,MA401P2150,MA401P2150,64.0,0.0,0.0,0.0,10,64.5,65.0,17,61.0,64.0,64.0,64.0,10.0,640.0,410
2023-05-09 21:19:58,MA401P2150,MA401P2150,64.0,0.0,0.0,0.0,10,64.5,65.0,7,61.0,64.0,64.0,64.0,10.0,640.0,410
2023-05-09 21:19:58,MA401P2150,MA401P2150,64.0,0.0,0.0,0.0,20,64.5,65.0,7,61.0,64.0,64.0,64.0,10.0,640.0,410
2023-05-09 21:20:00,MA401P2150,MA401P2150,64.0,0.0,0.0,0.0,20,64.5,65.5,97,61.0,64.0,64.0,64.0,10.0,640.0,410
2023-05-09 21:20:08,MA401P2150,MA401P2150,64.0,0.0,0.0,0.0,57,64.0,65.0,10,61.0,64.0,64.0,64.0,10.0,640.0,410
2023-05-09 21:20:08,MA401P2150,MA401P2150,64.0,0.0,0.0,0.0,47,64.0,65.0,20,61.0,64.0,64.0,64.0,10.0,640.0,410
2023-05-09 21:20:10,MA401P2150,MA401P2150,64.0,0.0,0.0,0.0,47,64.0,65.0,30,61.0,64.0,64.0,64.0,10.0,640.0,410
2023-05-09 21:20:11,MA401P2150,MA401P2150,64.0,0.0,0.0,0.0,47,64.0,65.0,40,61.0,64.0,64.0,64.0,10.0,640.0,410
2023-05-09 21:20:14,MA401P2150,MA401P2150,64.0,0.0,0.0,0.0,47,64.0,65.0,47,61.0,64.0,64.0,64.0,10.0,640.0,410
2023-05-09 21:20:19,MA401P2150,MA401P2150,64.0,0.0,0.0,0.0,47,64.0,65.0,27,61.0,64.0,64.0,64.0,10.0,640.0,410
2023-05-09 21:20:21,MA401P2150,MA401P2150,64.0,0.0,0.0,0.0,47,64.0,65.0,17,61.0,64.0,64.0,64.0,10.0,640.0,410
2023-05-09 21:20:22,MA401P2150,MA401P2150,64.0,0.0,0.0,0.0,47,64.0,65.0,27,61.0,64.0,64.0,64.0,10.0,640.0,410
2023-05-09 21:20:23,MA401P2150,MA401P2150,64.0,0.0,0.0,0.0,57,64.0,65.0,17,61.0,64.0,64.0,64.0,10.0,640.0,410
2023-05-09 21:20:26,MA401P2150,MA401P2150,64.0,0.0,0.0,0.0,67,64.0,65.0,27,61.0,64.0,64.0,64.0,10.0,640.0,410
2023-05-09 21:20:26,MA401P2150,MA401P2150,64.0,0.0,0.0,0.0,57,64.0,65.0,17,61.0,64.0,64.0,64.0,10.0,640.0,410
2023-05-09 21:20:33,MA401P2150,MA401P2150,64.0,0.0,0.0,0.0,10,64.5,65.0,17,61.0,64.0,64.0,64.0,10.0,640.0,410
2023-05-09 21:20:33,MA401P2150,MA401P2150,64.0,0.0,0.0,0.0,10,64.5,65.5,77,61.0,64.0,64.0,64.0,10.0,640.0,410
2023-05-09 21:20:34,MA401P2150,MA401P2150,64.0,0.0,0.0,0.0,20,64.5,65.5,77,61.0,64.0,64.0,64.0,10.0,640.0,410
2023-05-09 21:20:37,MA401P2150,MA401P2150,64.0,0.0,0.0,0.0,20,64.5,65.5,67,61.0,64.0,64.0,64.0,10.0,640.0,410
2023-05-09 21:20:42,MA401P2150,MA401P2150,64.0,0.0,0.0,0.0,40,64.5,65.5,67,61.0,64.0,64.0,64.0,10.0,640.0,410
2023-05-09 21:20:44,MA401P2150,MA401P2150,64.0,0.0,0.0,0.0,20,64.5,65.5,77,61.0,64.0,64.0,64.0,10.0,640.0,410
2023-05-09 21:20:51,MA401P2150,MA401P2150,64.0,0.0,0.0,0.0,10,64.5,65.0,10,61.0,64.0,64.0,64.0,10.0,640.0,410
2023-05-09 21:20:54,MA401P2150,MA401P2150,64.0,0.0,0.0,0.0,20,64.5,65.5,87,61.0,64.0,64.0,64.0,10.0,640.0,410
2023-05-09 21:20:57,MA401P2150,MA401P2150,64.0,0.0,0.0,0.0,10,64.5,65.5,77,61.0,64.0,64.0,64.0,10.0,640.0,410
2023-05-09 21:21:00,MA401P2150,MA401P2150,64.0,0.0,0.0,0.0,20,64.5,65.5,77,61.0,64.0,64.0,64.0,10.0,640.0,410
2023-05-09 21:21:01,MA401P2150,MA401P2150,64.0,0.0,0.0,0.0,20,64.5,65.5,87,61.0,64.0,64.0,64.0,10.0,640.0,410
2023-05-09 21:21:02,MA401P2150,MA401P2150,64.0,0.0,0.0,0.0,20,64.5,65.5,77,61.0,64.0,64.0,64.0,10.0,640.0,410
2023-05-09 21:21:03,MA401P2150,MA401P2150,64.0,0.0,0.0,0.0,27,64.5,65.5,77,61.0,64.0,64.0,64.0,10.0,640.0,410
2023-05-09 21:21:05,MA401P2150,MA401P2150,64.0,0.0,0.0,0.0,47,64.5,65.5,37,61.0,64.0,64.0,64.0,10.0,640.0,410
2023-05-09 21:21:06,MA401P2150,MA401P2150,64.0,0.0,0.0,0.0,57,64.5,65.5,47,61.0,64.0,64.0,64.0,10.0,640.0,410
2023-05-09 21:21:06,MA401P2150,MA401P2150,64.0,0.0,0.0,0.0,67,64.5,65.5,47,61.0,64.0,64.0,64.0,10.0,640.0,410
2023-05-09 21:21:07,MA401P2150,MA401P2150,64.0,0.0,0.0,0.0,57,64.5,65.5,47,61.0,64.0,64.0,64.0,10.0,640.0,410
2023-05-09 21:21:21,MA401P2150,MA401P2150,64.0,0.0,0.0,0.0,57,64.5,65.5,67,61.0,64.0,64.0,64.0,10.0,640.0,410
2023-05-09 21:21:23,MA401P2150,MA401P2150,64.0,0.0,0.0,0.0,47,64.5,65.5,67,61.0,64.0,64.0,64.0,10.0,640.0,410
2023-05-09 21:21:24,MA401P2150,MA401P2150,64.0,0.0,0.0,0.0,47,64.5,65.5,57,61.0,64.0,64.0,64.0,10.0,640.0,410
2023-05-09 21:21:26,MA401P2150,MA401P2150,64.0,0.0,0.0,0.0,47,64.5,65.5,67,61.0,64.0,64.0,64.0,10.0,640.0,410
2023-05-09 21:21:37,MA401P2150,MA401P2150,64.0,0.0,0.0,0.0,37,64.5,65.5,77,61.0,64.0,64.0,64.0,10.0,640.0,410
2023-05-09 21:21:38,MA401P2150,MA401P2150,64.0,0.0,0.0,0.0,27,64.5,65.5,77,61.0,64.0,64.0,64.0,10.0,640.0,410
2023-05-09 21:21:38,MA401P2150,MA401P2150,64.0,0.0,0.0,0.0,37,64.5,65.5,77,61.0,64.0,64.0,64.0,10.0,640.0,410
2023-05-09 21:21:40,MA401P2150,MA401P2150,64.0,0.0,0.0,0.0,47,64.5,65.5,77,61.0,64.0,64.0,64.0,10.0,640.0,410
2023-05-09 21:21:40,MA401P2150,MA401P2150,64.0,0.0,0.0,0.0,27,64.5,65.5,77,61.0,64.0,64.0,64.0,10.0,640.0,410
2023-05-09 21:21:41,MA401P2150,MA401P2150,64.0,0.0,0.0,0.0,47,64.5,65.5,77,61.0,64.0,64.0,64.0,10.0,640.0,410
2023-05-09 21:21:45,MA401P2150,MA401P2150,64.0,0.0,0.0,0.0,47,64.5,65.5,67,61.0,64.0,64.0,64.0,10.0,640.0,410
2023-05-09 21:21:48,MA401P2150,MA401P2150,64.0,0.0,0.0,0.0,47,64.5,65.5,77,61.0,64.0,64.0,64.0,10.0,640.0,410
2023-05-09 21:21:51,MA401P2150,MA401P2150,64.0,0.0,0.0,0.0,57,64.5,65.5,37,61.0,64.0,64.0,64.0,10.0,640.0,410
2023-05-09 21:21:52,MA401P2150,MA401P2150,64.0,0.0,0.0,0.0,47,64.5,65.5,37,61.0,64.0,64.0,64.0,10.0,640.0,410
2023-05-09 21:21:52,MA401P2150,MA401P2150,64.0,0.0,0.0,0.0,57,64.5,65.5,37,61.0,64.0,64.0,64.0,10.0,640.0,410
2023-05-09 21:21:53,MA401P2150,MA401P2150,64.0,0.0,0.0,0.0,57,64.5,65.5,27,61.0,64.0,64.0,64.0,10.0,640.0,410
2023-05-09 21:21:54,MA401P2150,MA401P2150,64.0,0.0,0.0,0.0,67,64.5,65.5,28,61.0,64.0,64.0,64.0,10.0,640.0,410
2023-05-09 21:21:56,MA401P2150,MA401P2150,64.0,0.0,0.0,0.0,67,64.5,65.5,48,61.0,64.0,64.0,64.0,10.0,640.0,410
2023-05-09 21:21:58,MA401P2150,MA401P2150,64.0,0.0,0.0,0.0,67,64.5,65.5,28,61.0,64.0,64.0,64.0,10.0,640.0,410
2023-05-09 21:22:01,MA401P2150,MA401P2150,64.0,0.0,0.0,0.0,67,64.5,65.5,18,61.0,64.0,64.0,64.0,10.0,640.0,410
2023-05-09 21:22:12,MA401P2150,MA401P2150,64.0,0.0,0.0,0.0,10,65.0,65.5,1,61.0,64.0,64.0,64.0,10.0,640.0,410
2023-05-09 21:22:13,MA401P2150,MA401P2150,64.0,0.0,0.0,0.0,40,65.0,65.5,1,61.0,64.0,64.0,64.0,10.0,640.0,410
2023-05-09 21:22:13,MA401P2150,MA401P2150,64.0,0.0,0.0,0.0,30,65.0,65.5,1,61.0,64.0,64.0,64.0,10.0,640.0,410
2023-05-09 21:22:15,MA401P2150,MA401P2150,64.0,0.0,0.0,0.0,20,65.0,65.5,1,61.0,64.0,64.0,64.0,10.0,640.0,410
2023-05-09 21:22:17,MA401P2150,MA401P2150,64.0,0.0,0.0,0.0,30,65.0,65.5,1,61.0,64.0,64.0,64.0,10.0,640.0,410
2023-05-09 21:22:17,MA401P2150,MA401P2150,64.0,0.0,0.0,0.0,20,65.0,65.5,1,61.0,64.0,64.0,64.0,10.0,640.0,410
2023-05-09 21:22:18,MA401P2150,MA401P2150,64.0,0.0,0.0,0.0,27,65.0,65.5,1,61.0,64.0,64.0,64.0,10.0,640.0,410
2023-05-09 21:22:23,MA401P2150,MA401P2150,64.0,0.0,0.0,0.0,17,65.0,65.5,1,61.0,64.0,64.0,64.0,10.0,640.0,410
2023-05-09 21:22:24,MA401P2150,MA401P2150,64.0,0.0,0.0,0.0,7,65.0,65.5,21,61.0,64.0,64.0,64.0,10.0,640.0,410
2023-05-09 21:22:24,MA401P2150,MA401P2150,64.0,0.0,0.0,0.0,17,65.0,65.5,1,61.0,64.0,64.0,64.0,10.0,640.0,410
2023-05-09 21:22:25,MA401P2150,MA401P2150,64.0,0.0,0.0,0.0,27,65.0,65.5,1,61.0,64.0,64.0,64.0,10.0,640.0,410
2023-05-09 21:22:26,MA401P2150,MA401P2150,64.0,0.0,0.0,0.0,37,65.0,65.5,1,61.0,64.0,64.0,64.0,10.0,640.0,410
2023-05-09 21:22:34,MA401P2150,MA401P2150,64.0,0.0,0.0,0.0,47,65.0,65.5,1,61.0,64.0,64.0,64.0,10.0,640.0,410
2023-05-09 21:22:43,MA401P2150,MA401P2150,64.0,0.0,0.0,0.0,37,65.0,65.5,1,61.0,64.0,64.0,64.0,10.0,640.0,410
2023-05-09 21:23:00,MA401P2150,MA401P2150,64.0,0.0,0.0,0.0,47,65.0,65.5,1,61.0,64.0,64.0,64.0,10.0,640.0,410
2023-05-09 21:23:01,MA401P2150,MA401P2150,64.0,0.0,0.0,0.0,37,65.0,65.5,1,61.0,64.0,64.0,64.0,10.0,640.0,410
2023-05-09 21:23:07,MA401P2150,MA401P2150,65.5,1.0,64.0,0.0,9,65.5,66.0,37,61.0,64.0,65.5,64.0,11.0,704.0,410
2023-05-09 21:23:07,MA401P2150,MA401P2150,65.5,0.0,0.0,0.0,9,65.5,66.0,27,61.0,64.0,65.5,64.0,11.0,704.0,410
2023-05-09 21:23:11,MA401P2150,MA401P2150,65.5,0.0,0.0,0.0,9,65.5,66.0,17,61.0,64.0,65.5,64.0,11.0,704.0,410
2023-05-09 21:23:13,MA401P2150,MA401P2150,65.5,0.0,0.0,0.0,9,65.5,66.0,27,61.0,64.0,65.5,64.0,11.0,704.0,410
2023-05-09 21:23:14,MA401P2150,MA401P2150,65.5,0.0,0.0,0.0,9,65.5,66.0,17,61.0,64.0,65.5,64.0,11.0,704.0,410
2023-05-09 21:23:23,MA401P2150,MA401P2150,65.5,0.0,0.0,0.0,9,65.5,66.0,27,61.0,64.0,65.5,64.0,11.0,704.0,410
2023-05-09 21:23:26,MA401P2150,MA401P2150,65.5,0.0,0.0,0.0,9,65.5,66.0,38,61.0,64.0,65.5,64.0,11.0,704.0,410
2023-05-09 21:23:27,MA401P2150,MA401P2150,65.5,0.0,0.0,0.0,9,65.5,66.0,28,61.0,64.0,65.5,64.0,11.0,704.0,410
2023-05-09 21:23:32,MA401P2150,MA401P2150,65.5,0.0,0.0,0.0,9,65.5,66.0,38,61.0,64.0,65.5,64.0,11.0,704.0,410
2023-05-09 21:23:32,MA401P2150,MA401P2150,65.5,0.0,0.0,0.0,57,65.0,66.0,58,61.0,64.0,65.5,64.0,11.0,704.0,410
2023-05-09 21:23:33,MA401P2150,MA401P2150,65.5,0.0,0.0,0.0,57,65.0,66.0,68,61.0,64.0,65.5,64.0,11.0,704.0,410
2023-05-09 21:23:35,MA401P2150,MA401P2150,65.5,0.0,0.0,0.0,10,65.5,66.0,48,61.0,64.0,65.5,64.0,11.0,704.0,410
2023-05-09 21:23:36,MA401P2150,MA401P2150,65.5,0.0,0.0,0.0,10,65.5,66.0,18,61.0,64.0,65.5,64.0,11.0,704.0,410
2023-05-09 21:23:40,MA401P2150,MA401P2150,65.5,0.0,0.0,0.0,10,65.5,66.0,8,61.0,64.0,65.5,64.0,11.0,704.0,410
2023-05-09 21:24:03,MA401P2150,MA401P2150,65.5,0.0,0.0,0.0,20,65.5,66.0,1,61.0,64.0,65.5,64.0,11.0,704.0,410
2023-05-09 21:24:03,MA401P2150,MA401P2150,65.5,0.0,0.0,0.0,30,65.5,66.0,1,61.0,64.0,65.5,64.0,11.0,704.0,410
2023-05-09 21:24:05,MA401P2150,MA401P2150,65.5,0.0,0.0,0.0,20,65.5,66.0,1,61.0,64.0,65.5,64.0,11.0,704.0,410
2023-05-09 21:24:13,MA401P2150,MA401P2150,65.5,0.0,0.0,0.0,10,65.5,66.0,1,61.0,64.0,65.5,64.0,11.0,704.0,410
2023-05-09 21:24:27,MA401P2150,MA401P2150,65.5,0.0,0.0,0.0,20,65.5,66.0,1,61.0,64.0,65.5,64.0,11.0,704.0,410
2023-05-09 21:24:32,MA401P2150,MA401P2150,65.5,0.0,0.0,0.0,57,65.0,66.0,31,61.0,64.0,65.5,64.0,11.0,704.0,410
2023-05-09 21:24:33,MA401P2150,MA401P2150,65.5,0.0,0.0,0.0,57,65.0,66.0,51,61.0,64.0,65.5,64.0,11.0,704.0,410
2023-05-09 21:24:33,MA401P2150,MA401P2150,65.5,0.0,0.0,0.0,57,65.0,66.0,41,61.0,64.0,65.5,64.0,11.0,704.0,410
2023-05-09 21:24:35,MA401P2150,MA401P2150,65.5,0.0,0.0,0.0,67,65.0,66.0,41,61.0,64.0,65.5,64.0,11.0,704.0,410
2023-05-09 21:24:36,MA401P2150,MA401P2150,65.5,0.0,0.0,0.0,10,65.5,66.0,38,61.0,64.0,65.5,64.0,11.0,704.0,410
2023-05-09 21:24:36,MA401P2150,MA401P2150,65.5,0.0,0.0,0.0,10,65.5,66.0,28,61.0,64.0,65.5,64.0,11.0,704.0,410
2023-05-09 21:24:47,MA401P2150,MA401P2150,65.5,0.0,0.0,0.0,10,65.5,66.0,18,61.0,64.0,65.5,64.0,11.0,704.0,410
2023-05-09 21:24:47,MA401P2150,MA401P2150,65.5,0.0,0.0,0.0,10,65.5,66.0,8,61.0,64.0,65.5,64.0,11.0,704.0,410
2023-05-09 21:25:16,MA401P2150,MA401P2150,65.5,10.0,661.0,10.0,17,65.0,66.0,98,61.0,64.0,65.5,64.0,21.0,1365.0,420
2023-05-09 21:25:16,MA401P2150,MA401P2150,65.5,0.0,0.0,0.0,7,65.0,66.0,88,61.0,64.0,65.5,64.0,21.0,1365.0,420
2023-05-09 21:25:17,MA401P2150,MA401P2150,65.5,0.0,0.0,0.0,7,65.0,65.5,20,61.0,64.0,65.5,64.0,21.0,1365.0,420
2023-05-09 21:25:28,MA401P2150,MA401P2150,65.5,0.0,0.0,0.0,77,64.5,65.5,20,61.0,64.0,65.5,64.0,21.0,1365.0,420
2023-05-09 21:25:28,MA401P2150,MA401P2150,65.5,0.0,0.0,0.0,57,64.5,65.5,20,61.0,64.0,65.5,64.0,21.0,1365.0,420
2023-05-09 21:25:29,MA401P2150,MA401P2150,65.5,0.0,0.0,0.0,37,64.5,65.5,20,61.0,64.0,65.5,64.0,21.0,1365.0,420
2023-05-09 21:25:29,MA401P2150,MA401P2150,65.5,0.0,0.0,0.0,37,64.5,65.5,30,61.0,64.0,65.5,64.0,21.0,1365.0,420
2023-05-09 21:25:29,MA401P2150,MA401P2150,65.5,0.0,0.0,0.0,27,64.5,65.5,40,61.0,64.0,65.5,64.0,21.0,1365.0,420
2023-05-09 21:25:30,MA401P2150,MA401P2150,65.5,0.0,0.0,0.0,37,64.5,65.5,40,61.0,64.0,65.5,64.0,21.0,1365.0,420
2023-05-09 21:25:30,MA401P2150,MA401P2150,65.5,0.0,0.0,0.0,47,64.5,65.5,40,61.0,64.0,65.5,64.0,21.0,1365.0,420
2023-05-09 21:25:31,MA401P2150,MA401P2150,65.5,0.0,0.0,0.0,47,64.5,65.5,50,61.0,64.0,65.5,64.0,21.0,1365.0,420
2023-05-09 21:25:46,MA401P2150,MA401P2150,65.5,0.0,0.0,0.0,47,64.5,65.5,60,61.0,64.0,65.5,64.0,21.0,1365.0,420
2023-05-09 21:25:49,MA401P2150,MA401P2150,65.5,0.0,0.0,0.0,47,64.5,65.5,70,61.0,64.0,65.5,64.0,21.0,1365.0,420
2023-05-09 21:25:51,MA401P2150,MA401P2150,65.5,0.0,0.0,0.0,27,64.5,65.5,70,61.0,64.0,65.5,64.0,21.0,1365.0,420
2023-05-09 21:25:54,MA401P2150,MA401P2150,65.5,0.0,0.0,0.0,27,64.5,65.5,77,61.0,64.0,65.5,64.0,21.0,1365.0,420
2023-05-09 21:25:55,MA401P2150,MA401P2150,65.5,0.0,0.0,0.0,7,64.5,65.0,10,61.0,64.0,65.5,64.0,21.0,1365.0,420
2023-05-09 21:26:04,MA401P2150,MA401P2150,65.5,0.0,0.0,0.0,7,64.5,65.0,20,61.0,64.0,65.5,64.0,21.0,1365.0,420
2023-05-09 21:26:06,MA401P2150,MA401P2150,65.5,0.0,0.0,0.0,7,64.5,65.0,10,61.0,64.0,65.5,64.0,21.0,1365.0,420
2023-05-09 21:26:09,MA401P2150,MA401P2150,65.5,0.0,0.0,0.0,7,64.5,65.0,20,61.0,64.0,65.5,64.0,21.0,1365.0,420
2023-05-09 21:26:17,MA401P2150,MA401P2150,65.5,0.0,0.0,0.0,17,64.5,65.5,87,61.0,64.0,65.5,64.0,21.0,1365.0,420
2023-05-09 21:26:17,MA401P2150,MA401P2150,65.5,0.0,0.0,0.0,27,64.5,65.5,87,61.0,64.0,65.5,64.0,21.0,1365.0,420
2023-05-09 21:26:21,MA401P2150,MA401P2150,65.5,0.0,0.0,0.0,37,64.5,65.5,77,61.0,64.0,65.5,64.0,21.0,1365.0,420
2023-05-09 21:26:21,MA401P2150,MA401P2150,65.5,0.0,0.0,0.0,47,64.5,65.5,77,61.0,64.0,65.5,64.0,21.0,1365.0,420
2023-05-09 21:26:23,MA401P2150,MA401P2150,65.5,0.0,0.0,0.0,27,64.5,65.5,77,61.0,64.0,65.5,64.0,21.0,1365.0,420
2023-05-09 21:26:26,MA401P2150,MA401P2150,65.5,0.0,0.0,0.0,27,64.5,65.5,87,61.0,64.0,65.5,64.0,21.0,1365.0,420
2023-05-09 21:26:35,MA401P2150,MA401P2150,65.5,0.0,0.0,0.0,27,64.5,65.5,77,61.0,64.0,65.5,64.0,21.0,1365.0,420
2023-05-09 21:26:45,MA401P2150,MA401P2150,65.5,0.0,0.0,0.0,17,64.5,65.0,10,61.0,64.0,65.5,64.0,21.0,1365.0,420
2023-05-09 21:26:45,MA401P2150,MA401P2150,65.5,0.0,0.0,0.0,7,64.5,65.0,10,61.0,64.0,65.5,64.0,21.0,1365.0,420
2023-05-09 21:26:56,MA401P2150,MA401P2150,65.5,0.0,0.0,0.0,7,64.5,65.0,20,61.0,64.0,65.5,64.0,21.0,1365.0,420
2023-05-09 21:27:37,MA401P2150,MA401P2150,65.5,0.0,0.0,0.0,7,64.5,65.0,10,61.0,64.0,65.5,64.0,21.0,1365.0,420
2023-05-09 21:27:38,MA401P2150,MA401P2150,65.5,0.0,0.0,0.0,17,64.5,65.5,77,61.0,64.0,65.5,64.0,21.0,1365.0,420
2023-05-09 21:27:45,MA401P2150,MA401P2150,65.5,0.0,0.0,0.0,17,64.5,65.5,67,61.0,64.0,65.5,64.0,21.0,1365.0,420
2023-05-09 21:27:46,MA401P2150,MA401P2150,65.5,0.0,0.0,0.0,17,64.5,65.5,77,61.0,64.0,65.5,64.0,21.0,1365.0,420
2023-05-09 21:27:59,MA401P2150,MA401P2150,65.5,0.0,0.0,0.0,7,64.5,65.0,10,61.0,64.0,65.5,64.0,21.0,1365.0,420
2023-05-09 21:28:07,MA401P2150,MA401P2150,65.5,0.0,0.0,0.0,7,64.5,65.0,20,61.0,64.0,65.5,64.0,21.0,1365.0,420
2023-05-09 21:28:10,MA401P2150,MA401P2150,65.5,0.0,0.0,0.0,7,64.5,65.0,10,61.0,64.0,65.5,64.0,21.0,1365.0,420
2023-05-09 21:28:10,MA401P2150,MA401P2150,65.5,0.0,0.0,0.0,7,64.5,65.0,20,61.0,64.0,65.5,64.0,21.0,1365.0,420
2023-05-09 21:28:13,MA401P2150,MA401P2150,65.5,0.0,0.0,0.0,7,64.5,65.0,10,61.0,64.0,65.5,64.0,21.0,1365.0,420
2023-05-09 21:28:35,MA401P2150,MA401P2150,65.5,0.0,0.0,0.0,37,64.0,65.0,40,61.0,64.0,65.5,64.0,21.0,1365.0,420
2023-05-09 21:28:36,MA401P2150,MA401P2150,65.5,0.0,0.0,0.0,47,64.0,65.0,60,61.0,64.0,65.5,64.0,21.0,1365.0,420
2023-05-09 21:28:44,MA401P2150,MA401P2150,65.5,0.0,0.0,0.0,37,64.0,65.0,60,61.0,64.0,65.5,64.0,21.0,1365.0,420
2023-05-09 21:28:44,MA401P2150,MA401P2150,65.5,0.0,0.0,0.0,17,64.0,65.0,60,61.0,64.0,65.5,64.0,21.0,1365.0,420
2023-05-09 21:28:49,MA401P2150,MA401P2150,65.5,0.0,0.0,0.0,17,64.0,65.0,70,61.0,64.0,65.5,64.0,21.0,1365.0,420
2023-05-09 21:28:49,MA401P2150,MA401P2150,65.5,0.0,0.0,0.0,17,64.0,65.0,77,61.0,64.0,65.5,64.0,21.0,1365.0,420
2023-05-09 21:28:52,MA401P2150,MA401P2150,65.5,0.0,0.0,0.0,7,64.0,64.5,10,61.0,64.0,65.5,64.0,21.0,1365.0,420
2023-05-09 21:28:59,MA401P2150,MA401P2150,65.5,0.0,0.0,0.0,7,64.0,64.5,20,61.0,64.0,65.5,64.0,21.0,1365.0,420
2023-05-09 21:29:00,MA401P2150,MA401P2150,65.5,0.0,0.0,0.0,57,63.5,64.5,40,61.0,64.0,65.5,64.0,21.0,1365.0,420
2023-05-09 21:29:03,MA401P2150,MA401P2150,65.5,0.0,0.0,0.0,47,63.5,64.5,30,61.0,64.0,65.5,64.0,21.0,1365.0,420
2023-05-09 21:29:04,MA401P2150,MA401P2150,65.5,0.0,0.0,0.0,47,63.5,64.5,20,61.0,64.0,65.5,64.0,21.0,1365.0,420
2023-05-09 21:29:05,MA401P2150,MA401P2150,65.5,0.0,0.0,0.0,67,63.5,64.5,20,61.0,64.0,65.5,64.0,21.0,1365.0,420
2023-05-09 21:29:05,MA401P2150,MA401P2150,65.5,0.0,0.0,0.0,10,64.0,65.0,77,61.0,64.0,65.5,64.0,21.0,1365.0,420
2023-05-09 21:29:05,MA401P2150,MA401P2150,65.5,0.0,0.0,0.0,10,64.0,65.0,57,61.0,64.0,65.5,64.0,21.0,1365.0,420
2023-05-09 21:29:07,MA401P2150,MA401P2150,65.5,0.0,0.0,0.0,17,64.0,65.0,57,61.0,64.0,65.5,64.0,21.0,1365.0,420
2023-05-09 21:29:07,MA401P2150,MA401P2150,65.5,0.0,0.0,0.0,27,64.0,65.0,57,61.0,64.0,65.5,64.0,21.0,1365.0,420
2023-05-09 21:29:08,MA401P2150,MA401P2150,65.5,0.0,0.0,0.0,37,64.0,65.0,57,61.0,64.0,65.5,64.0,21.0,1365.0,420
2023-05-09 21:29:09,MA401P2150,MA401P2150,65.5,0.0,0.0,0.0,27,64.0,65.0,57,61.0,64.0,65.5,64.0,21.0,1365.0,420
2023-05-09 21:29:10,MA401P2150,MA401P2150,65.5,0.0,0.0,0.0,37,64.0,65.0,57,61.0,64.0,65.5,64.0,21.0,1365.0,420
2023-05-09 21:29:10,MA401P2150,MA401P2150,65.5,0.0,0.0,0.0,57,64.0,65.0,27,61.0,64.0,65.5,64.0,21.0,1365.0,420
2023-05-09 21:29:11,MA401P2150,MA401P2150,65.5,0.0,0.0,0.0,67,64.0,65.0,27,61.0,64.0,65.5,64.0,21.0,1365.0,420
2023-05-09 21:29:16,MA401P2150,MA401P2150,65.5,0.0,0.0,0.0,57,64.0,65.0,27,61.0,64.0,65.5,64.0,21.0,1365.0,420
2023-05-09 21:29:25,MA401P2150,MA401P2150,65.5,0.0,0.0,0.0,47,64.0,65.0,27,61.0,64.0,65.5,64.0,21.0,1365.0,420
2023-05-09 21:29:29,MA401P2150,MA401P2150,65.5,0.0,0.0,0.0,47,64.0,65.0,37,61.0,64.0,65.5,64.0,21.0,1365.0,420
2023-05-09 21:29:33,MA401P2150,MA401P2150,65.5,0.0,0.0,0.0,10,64.5,65.5,87,61.0,64.0,65.5,64.0,21.0,1365.0,420
2023-05-09 21:29:34,MA401P2150,MA401P2150,65.5,0.0,0.0,0.0,10,64.5,65.5,77,61.0,64.0,65.5,64.0,21.0,1365.0,420
2023-05-09 21:29:41,MA401P2150,MA401P2150,65.5,0.0,0.0,0.0,20,64.5,65.5,77,61.0,64.0,65.5,64.0,21.0,1365.0,420
2023-05-09 21:29:45,MA401P2150,MA401P2150,65.5,0.0,0.0,0.0,20,64.5,65.5,87,61.0,64.0,65.5,64.0,21.0,1365.0,420
2023-05-09 21:29:48,MA401P2150,MA401P2150,65.5,0.0,0.0,0.0,20,64.5,65.5,67,61.0,64.0,65.5,64.0,21.0,1365.0,420
2023-05-09 21:29:48,MA401P2150,MA401P2150,65.5,0.0,0.0,0.0,30,64.5,65.5,67,61.0,64.0,65.5,64.0,21.0,1365.0,420
2023-05-09 21:29:50,MA401P2150,MA401P2150,65.5,0.0,0.0,0.0,40,64.5,65.5,57,61.0,64.0,65.5,64.0,21.0,1365.0,420
2023-05-09 21:29:50,MA401P2150,MA401P2150,65.5,0.0,0.0,0.0,47,64.5,65.5,57,61.0,64.0,65.5,64.0,21.0,1365.0,420
2023-05-09 21:29:51,MA401P2150,MA401P2150,65.5,0.0,0.0,0.0,47,64.5,65.5,47,61.0,64.0,65.5,64.0,21.0,1365.0,420
2023-05-09 21:29:55,MA401P2150,MA401P2150,65.5,0.0,0.0,0.0,37,64.5,65.5,57,61.0,64.0,65.5,64.0,21.0,1365.0,420
2023-05-09 21:29:55,MA401P2150,MA401P2150,65.5,0.0,0.0,0.0,47,64.5,65.5,47,61.0,64.0,65.5,64.0,21.0,1365.0,420
2023-05-09 21:29:55,MA401P2150,MA401P2150,65.5,0.0,0.0,0.0,37,64.5,65.5,57,61.0,64.0,65.5,64.0,21.0,1365.0,420
2023-05-09 21:29:57,MA401P2150,MA401P2150,65.5,0.0,0.0,0.0,17,64.5,65.0,10,61.0,64.0,65.5,64.0,21.0,1365.0,420
2023-05-09 21:29:57,MA401P2150,MA401P2150,65.5,0.0,0.0,0.0,7,64.5,65.0,10,61.0,64.0,65.5,64.0,21.0,1365.0,420
2023-05-09 21:30:00,MA401P2150,MA401P2150,65.5,0.0,0.0,0.0,17,64.5,65.5,57,61.0,64.0,65.5,64.0,21.0,1365.0,420
2023-05-09 21:30:01,MA401P2150,MA401P2150,65.5,0.0,0.0,0.0,27,64.5,65.5,57,61.0,64.0,65.5,64.0,21.0,1365.0,420
2023-05-09 21:30:02,MA401P2150,MA401P2150,65.5,0.0,0.0,0.0,37,64.5,65.5,57,61.0,64.0,65.5,64.0,21.0,1365.0,420
2023-05-09 21:30:03,MA401P2150,MA401P2150,65.5,0.0,0.0,0.0,47,64.5,65.5,47,61.0,64.0,65.5,64.0,21.0,1365.0,420
2023-05-09 21:30:04,MA401P2150,MA401P2150,65.5,0.0,0.0,0.0,37,64.5,65.5,47,61.0,64.0,65.5,64.0,21.0,1365.0,420
2023-05-09 21:30:05,MA401P2150,MA401P2150,65.5,0.0,0.0,0.0,47,64.5,65.5,47,61.0,64.0,65.5,64.0,21.0,1365.0,420
2023-05-09 21:30:10,MA401P2150,MA401P2150,65.5,0.0,0.0,0.0,37,64.5,65.5,47,61.0,64.0,65.5,64.0,21.0,1365.0,420
2023-05-09 21:30:21,MA401P2150,MA401P2150,65.5,0.0,0.0,0.0,10,65.0,65.5,17,61.0,64.0,65.5,64.0,21.0,1365.0,420
2023-05-09 21:30:21,MA401P2150,MA401P2150,65.5,0.0,0.0,0.0,10,65.0,65.5,7,61.0,64.0,65.5,64.0,21.0,1365.0,420
2023-05-09 21:30:23,MA401P2150,MA401P2150,65.5,0.0,0.0,0.0,20,65.0,65.5,7,61.0,64.0,65.5,64.0,21.0,1365.0,420
2023-05-09 21:30:25,MA401P2150,MA401P2150,65.5,0.0,0.0,0.0,20,65.0,66.0,78,61.0,64.0,65.5,64.0,21.0,1365.0,420
2023-05-09 21:30:30,MA401P2150,MA401P2150,65.5,0.0,0.0,0.0,20,65.0,66.0,68,61.0,64.0,65.5,64.0,21.0,1365.0,420
2023-05-09 21:30:35,MA401P2150,MA401P2150,65.5,0.0,0.0,0.0,37,65.0,66.0,58,61.0,64.0,65.5,64.0,21.0,1365.0,420
2023-05-09 21:30:36,MA401P2150,MA401P2150,65.5,0.0,0.0,0.0,37,65.0,66.0,48,61.0,64.0,65.5,64.0,21.0,1365.0,420
2023-05-09 21:30:37,MA401P2150,MA401P2150,65.5,0.0,0.0,0.0,47,65.0,66.0,48,61.0,64.0,65.5,64.0,21.0,1365.0,420
2023-05-09 21:30:39,MA401P2150,MA401P2150,65.5,0.0,0.0,0.0,37,65.0,66.0,58,61.0,64.0,65.5,64.0,21.0,1365.0,420
2023-05-09 21:30:39,MA401P2150,MA401P2150,65.5,0.0,0.0,0.0,47,65.0,66.0,48,61.0,64.0,65.5,64.0,21.0,1365.0,420
2023-05-09 21:30:47,MA401P2150,MA401P2150,65.5,0.0,0.0,0.0,37,65.0,66.0,58,61.0,64.0,65.5,64.0,21.0,1365.0,420
2023-05-09 21:30:47,MA401P2150,MA401P2150,65.5,0.0,0.0,0.0,47,65.0,66.0,48,61.0,64.0,65.5,64.0,21.0,1365.0,420
2023-05-09 21:30:47,MA401P2150,MA401P2150,65.5,0.0,0.0,0.0,37,65.0,66.0,58,61.0,64.0,65.5,64.0,21.0,1365.0,420
2023-05-09 21:30:47,MA401P2150,MA401P2150,65.5,0.0,0.0,0.0,47,65.0,66.0,48,61.0,64.0,65.5,64.0,21.0,1365.0,420
2023-05-09 21:30:49,MA401P2150,MA401P2150,65.5,0.0,0.0,0.0,10,65.5,66.0,38,61.0,64.0,65.5,64.0,21.0,1365.0,420
2023-05-09 21:30:50,MA401P2150,MA401P2150,65.5,3.0,195.0,3.0,7,65.5,66.0,28,61.0,64.0,65.5,64.0,24.0,1560.0,423
2023-05-09 21:30:50,MA401P2150,MA401P2150,65.5,0.0,0.0,0.0,7,65.5,66.0,18,61.0,64.0,65.5,64.0,24.0,1560.0,423
2023-05-09 21:30:51,MA401P2150,MA401P2150,65.5,0.0,0.0,0.0,57,65.0,66.0,18,61.0,64.0,65.5,64.0,24.0,1560.0,423
2023-05-09 21:30:51,MA401P2150,MA401P2150,65.5,0.0,0.0,0.0,47,65.0,66.0,18,61.0,64.0,65.5,64.0,24.0,1560.0,423
2023-05-09 21:30:53,MA401P2150,MA401P2150,65.5,0.0,0.0,0.0,57,65.0,66.0,28,61.0,64.0,65.5,64.0,24.0,1560.0,423
2023-05-09 21:30:56,MA401P2150,MA401P2150,65.5,0.0,0.0,0.0,57,65.0,66.0,38,61.0,64.0,65.5,64.0,24.0,1560.0,423
2023-05-09 21:31:04,MA401P2150,MA401P2150,65.5,0.0,0.0,0.0,10,65.5,66.0,38,61.0,64.0,65.5,64.0,24.0,1560.0,423
2023-05-09 21:31:04,MA401P2150,MA401P2150,65.5,0.0,0.0,0.0,20,65.5,66.0,28,61.0,64.0,65.5,64.0,24.0,1560.0,423
2023-05-09 21:31:04,MA401P2150,MA401P2150,65.5,0.0,0.0,0.0,10,65.5,66.0,38,61.0,64.0,65.5,64.0,24.0,1560.0,423
2023-05-09 21:31:04,MA401P2150,MA401P2150,65.5,0.0,0.0,0.0,20,65.5,66.0,28,61.0,64.0,65.5,64.0,24.0,1560.0,423
2023-05-09 21:31:07,MA401P2150,MA401P2150,65.5,0.0,0.0,0.0,67,65.0,66.0,38,61.0,64.0,65.5,64.0,24.0,1560.0,423
2023-05-09 21:31:07,MA401P2150,MA401P2150,65.5,0.0,0.0,0.0,67,65.0,66.0,48,61.0,64.0,65.5,64.0,24.0,1560.0,423
2023-05-09 21:31:07,MA401P2150,MA401P2150,65.5,0.0,0.0,0.0,67,65.0,66.0,38,61.0,64.0,65.5,64.0,24.0,1560.0,423
2023-05-09 21:31:07,MA401P2150,MA401P2150,65.5,0.0,0.0,0.0,67,65.0,66.0,48,61.0,64.0,65.5,64.0,24.0,1560.0,423
2023-05-09 21:31:09,MA401P2150,MA401P2150,65.5,0.0,0.0,0.0,57,65.0,66.0,48,61.0,64.0,65.5,64.0,24.0,1560.0,423
2023-05-09 21:31:11,MA401P2150,MA401P2150,65.5,0.0,0.0,0.0,67,65.0,66.0,48,61.0,64.0,65.5,64.0,24.0,1560.0,423
2023-05-09 21:31:13,MA401P2150,MA401P2150,65.5,0.0,0.0,0.0,77,65.0,66.0,48,61.0,64.0,65.5,64.0,24.0,1560.0,423
2023-05-09 21:31:13,MA401P2150,MA401P2150,65.5,0.0,0.0,0.0,67,65.0,66.0,48,61.0,64.0,65.5,64.0,24.0,1560.0,423
2023-05-09 21:31:17,MA401P2150,MA401P2150,65.5,0.0,0.0,0.0,20,65.5,66.0,18,61.0,64.0,65.5,64.0,24.0,1560.0,423
2023-05-09 21:31:17,MA401P2150,MA401P2150,65.5,0.0,0.0,0.0,20,65.5,66.0,8,61.0,64.0,65.5,64.0,24.0,1560.0,423
2023-05-09 21:31:23,MA401P2150,MA401P2150,65.5,0.0,0.0,0.0,10,65.5,66.0,8,61.0,64.0,65.5,64.0,24.0,1560.0,423
2023-05-09 21:31:25,MA401P2150,MA401P2150,65.5,0.0,0.0,0.0,77,65.0,66.0,28,61.0,64.0,65.5,64.0,24.0,1560.0,423
2023-05-09 21:31:25,MA401P2150,MA401P2150,65.5,0.0,0.0,0.0,77,65.0,66.0,21,61.0,64.0,65.5,64.0,24.0,1560.0,423
2023-05-09 21:31:28,MA401P2150,MA401P2150,65.5,0.0,0.0,0.0,67,65.0,66.0,21,61.0,64.0,65.5,64.0,24.0,1560.0,423
2023-05-09 21:31:28,MA401P2150,MA401P2150,65.5,0.0,0.0,0.0,77,65.0,66.0,21,61.0,64.0,65.5,64.0,24.0,1560.0,423
2023-05-09 21:31:28,MA401P2150,MA401P2150,65.5,0.0,0.0,0.0,67,65.0,66.0,21,61.0,64.0,65.5,64.0,24.0,1560.0,423
2023-05-09 21:31:32,MA401P2150,MA401P2150,65.5,0.0,0.0,0.0,67,65.0,66.0,31,61.0,64.0,65.5,64.0,24.0,1560.0,423
2023-05-09 21:31:32,MA401P2150,MA401P2150,65.5,0.0,0.0,0.0,67,65.0,66.0,41,61.0,64.0,65.5,64.0,24.0,1560.0,423
2023-05-09 21:31:34,MA401P2150,MA401P2150,65.5,0.0,0.0,0.0,77,65.0,66.0,41,61.0,64.0,65.5,64.0,24.0,1560.0,423
2023-05-09 21:31:35,MA401P2150,MA401P2150,65.5,0.0,0.0,0.0,67,65.0,66.0,41,61.0,64.0,65.5,64.0,24.0,1560.0,423
2023-05-09 21:32:00,MA401P2150,MA401P2150,65.5,0.0,0.0,0.0,57,65.0,66.0,48,61.0,64.0,65.5,64.0,24.0,1560.0,423
2023-05-09 21:32:00,MA401P2150,MA401P2150,65.5,0.0,0.0,0.0,47,65.0,66.0,38,61.0,64.0,65.5,64.0,24.0,1560.0,423
2023-05-09 21:32:00,MA401P2150,MA401P2150,65.5,0.0,0.0,0.0,47,65.0,66.0,48,61.0,64.0,65.5,64.0,24.0,1560.0,423
2023-05-09 21:32:01,MA401P2150,MA401P2150,65.5,0.0,0.0,0.0,37,65.0,66.0,48,61.0,64.0,65.5,64.0,24.0,1560.0,423
2023-05-09 21:32:01,MA401P2150,MA401P2150,65.5,0.0,0.0,0.0,27,65.0,66.0,48,61.0,64.0,65.5,64.0,24.0,1560.0,423
2023-05-09 21:32:02,MA401P2150,MA401P2150,65.5,0.0,0.0,0.0,37,65.0,66.0,58,61.0,64.0,65.5,64.0,24.0,1560.0,423
2023-05-09 21:32:03,MA401P2150,MA401P2150,65.5,0.0,0.0,0.0,57,65.0,66.0,48,61.0,64.0,65.5,64.0,24.0,1560.0,423
2023-05-09 21:32:03,MA401P2150,MA401P2150,65.5,0.0,0.0,0.0,67,65.0,66.0,48,61.0,64.0,65.5,64.0,24.0,1560.0,423
2023-05-09 21:32:03,MA401P2150,MA401P2150,65.5,0.0,0.0,0.0,57,65.0,66.0,48,61.0,64.0,65.5,64.0,24.0,1560.0,423
2023-05-09 21:32:03,MA401P2150,MA401P2150,65.5,0.0,0.0,0.0,67,65.0,66.0,48,61.0,64.0,65.5,64.0,24.0,1560.0,423
2023-05-09 21:32:04,MA401P2150,MA401P2150,65.5,0.0,0.0,0.0,57,65.0,66.0,58,61.0,64.0,65.5,64.0,24.0,1560.0,423
2023-05-09 21:32:05,MA401P2150,MA401P2150,65.5,0.0,0.0,0.0,67,65.0,66.0,58,61.0,64.0,65.5,64.0,24.0,1560.0,423
2023-05-09 21:32:06,MA401P2150,MA401P2150,65.5,0.0,0.0,0.0,67,65.0,66.0,48,61.0,64.0,65.5,64.0,24.0,1560.0,423
2023-05-09 21:32:07,MA401P2150,MA401P2150,65.5,0.0,0.0,0.0,57,65.0,66.0,48,61.0,64.0,65.5,64.0,24.0,1560.0,423
2023-05-09 21:32:08,MA401P2150,MA401P2150,65.5,0.0,0.0,0.0,57,65.0,66.0,58,61.0,64.0,65.5,64.0,24.0,1560.0,423
2023-05-09 21:32:08,MA401P2150,MA401P2150,65.5,0.0,0.0,0.0,47,65.0,66.0,58,61.0,64.0,65.5,64.0,24.0,1560.0,423
2023-05-09 21:32:09,MA401P2150,MA401P2150,65.5,0.0,0.0,0.0,27,65.0,66.0,58,61.0,64.0,65.5,64.0,24.0,1560.0,423
2023-05-09 21:32:11,MA401P2150,MA401P2150,65.5,0.0,0.0,0.0,27,65.0,66.0,68,61.0,64.0,65.5,64.0,24.0,1560.0,423
2023-05-09 21:32:12,MA401P2150,MA401P2150,65.5,0.0,0.0,0.0,57,65.0,66.0,58,61.0,64.0,65.5,64.0,24.0,1560.0,423
2023-05-09 21:32:13,MA401P2150,MA401P2150,65.5,0.0,0.0,0.0,67,65.0,66.0,58,61.0,64.0,65.5,64.0,24.0,1560.0,423
2023-05-09 21:32:15,MA401P2150,MA401P2150,65.5,0.0,0.0,0.0,47,65.0,66.0,58,61.0,64.0,65.5,64.0,24.0,1560.0,423
2023-05-09 21:32:18,MA401P2150,MA401P2150,65.5,0.0,0.0,0.0,47,65.0,66.0,68,61.0,64.0,65.5,64.0,24.0,1560.0,423
2023-05-09 21:32:20,MA401P2150,MA401P2150,65.5,0.0,0.0,0.0,57,65.0,66.0,58,61.0,64.0,65.5,64.0,24.0,1560.0,423
2023-05-09 21:32:32,MA401P2150,MA401P2150,65.5,0.0,0.0,0.0,67,65.0,66.0,58,61.0,64.0,65.5,64.0,24.0,1560.0,423
2023-05-09 21:32:36,MA401P2150,MA401P2150,65.5,0.0,0.0,0.0,67,65.0,66.0,48,61.0,64.0,65.5,64.0,24.0,1560.0,423
2023-05-09 21:32:38,MA401P2150,MA401P2150,65.5,0.0,0.0,0.0,67,65.0,66.0,38,61.0,64.0,65.5,64.0,24.0,1560.0,423
2023-05-09 21:32:39,MA401P2150,MA401P2150,65.5,0.0,0.0,0.0,67,65.0,66.0,48,61.0,64.0,65.5,64.0,24.0,1560.0,423
2023-05-09 21:32:39,MA401P2150,MA401P2150,65.5,0.0,0.0,0.0,67,65.0,66.0,58,61.0,64.0,65.5,64.0,24.0,1560.0,423
2023-05-09 21:33:01,MA401P2150,MA401P2150,65.5,0.0,0.0,0.0,67,65.0,66.0,68,61.0,64.0,65.5,64.0,24.0,1560.0,423
2023-05-09 21:33:07,MA401P2150,MA401P2150,65.5,0.0,0.0,0.0,57,65.0,66.0,68,61.0,64.0,65.5,64.0,24.0,1560.0,423
2023-05-09 21:33:13,MA401P2150,MA401P2150,65.5,0.0,0.0,0.0,57,65.0,66.0,58,61.0,64.0,65.5,64.0,24.0,1560.0,423
2023-05-09 21:33:16,MA401P2150,MA401P2150,65.5,0.0,0.0,0.0,57,65.0,66.0,68,61.0,64.0,65.5,64.0,24.0,1560.0,423
2023-05-09 21:33:17,MA401P2150,MA401P2150,65.5,0.0,0.0,0.0,57,65.0,66.0,78,61.0,64.0,65.5,64.0,24.0,1560.0,423
2023-05-09 21:33:18,MA401P2150,MA401P2150,65.5,0.0,0.0,0.0,27,65.0,65.5,10,61.0,64.0,65.5,64.0,24.0,1560.0,423
2023-05-09 21:33:18,MA401P2150,MA401P2150,65.5,0.0,0.0,0.0,17,65.0,65.5,10,61.0,64.0,65.5,64.0,24.0,1560.0,423
2023-05-09 21:33:24,MA401P2150,MA401P2150,65.5,0.0,0.0,0.0,10,65.0,65.5,10,61.0,64.0,65.5,64.0,24.0,1560.0,423
2023-05-09 21:33:25,MA401P2150,MA401P2150,65.5,0.0,0.0,0.0,67,64.5,65.5,10,61.0,64.0,65.5,64.0,24.0,1560.0,423
2023-05-09 21:33:27,MA401P2150,MA401P2150,65.5,0.0,0.0,0.0,47,64.5,65.5,40,61.0,64.0,65.5,64.0,24.0,1560.0,423
2023-05-09 21:33:28,MA401P2150,MA401P2150,65.5,0.0,0.0,0.0,37,64.5,65.5,40,61.0,64.0,65.5,64.0,24.0,1560.0,423
2023-05-09 21:33:28,MA401P2150,MA401P2150,65.5,0.0,0.0,0.0,27,64.5,65.5,50,61.0,64.0,65.5,64.0,24.0,1560.0,423
2023-05-09 21:33:29,MA401P2150,MA401P2150,65.5,0.0,0.0,0.0,27,64.5,65.5,57,61.0,64.0,65.5,64.0,24.0,1560.0,423
2023-05-09 21:33:30,MA401P2150,MA401P2150,65.5,0.0,0.0,0.0,27,64.5,65.5,67,61.0,64.0,65.5,64.0,24.0,1560.0,423
2023-05-09 21:33:31,MA401P2150,MA401P2150,65.5,0.0,0.0,0.0,27,64.5,65.5,77,61.0,64.0,65.5,64.0,24.0,1560.0,423
2023-05-09 21:33:52,MA401P2150,MA401P2150,65.5,0.0,0.0,0.0,7,64.5,65.0,10,61.0,64.0,65.5,64.0,24.0,1560.0,423
2023-05-09 21:33:54,MA401P2150,MA401P2150,65.5,0.0,0.0,0.0,47,64.0,65.0,40,61.0,64.0,65.5,64.0,24.0,1560.0,423
2023-05-09 21:33:55,MA401P2150,MA401P2150,65.5,0.0,0.0,0.0,47,64.0,65.0,50,61.0,64.0,65.5,64.0,24.0,1560.0,423
2023-05-09 21:33:57,MA401P2150,MA401P2150,65.5,0.0,0.0,0.0,47,64.0,65.0,60,61.0,64.0,65.5,64.0,24.0,1560.0,423
2023-05-09 21:33:59,MA401P2150,MA401P2150,65.5,0.0,0.0,0.0,47,64.0,65.0,50,61.0,64.0,65.5,64.0,24.0,1560.0,423
2023-05-09 21:33:59,MA401P2150,MA401P2150,65.5,0.0,0.0,0.0,67,64.0,65.0,40,61.0,64.0,65.5,64.0,24.0,1560.0,423
2023-05-09 21:34:03,MA401P2150,MA401P2150,65.5,0.0,0.0,0.0,47,64.0,65.0,50,61.0,64.0,65.5,64.0,24.0,1560.0,423
2023-05-09 21:34:03,MA401P2150,MA401P2150,65.5,0.0,0.0,0.0,47,64.0,65.0,57,61.0,64.0,65.5,64.0,24.0,1560.0,423
2023-05-09 21:34:06,MA401P2150,MA401P2150,65.5,0.0,0.0,0.0,57,64.0,65.0,57,61.0,64.0,65.5,64.0,24.0,1560.0,423
2023-05-09 21:34:11,MA401P2150,MA401P2150,65.5,0.0,0.0,0.0,57,64.0,65.0,67,61.0,64.0,65.5,64.0,24.0,1560.0,423
2023-05-09 21:34:12,MA401P2150,MA401P2150,65.5,0.0,0.0,0.0,57,64.0,65.0,57,61.0,64.0,65.5,64.0,24.0,1560.0,423
2023-05-09 21:34:14,MA401P2150,MA401P2150,65.5,0.0,0.0,0.0,47,64.0,65.0,57,61.0,64.0,65.5,64.0,24.0,1560.0,423
2023-05-09 21:34:16,MA401P2150,MA401P2150,65.5,0.0,0.0,0.0,37,64.0,65.0,57,61.0,64.0,65.5,64.0,24.0,1560.0,423
2023-05-09 21:34:16,MA401P2150,MA401P2150,65.5,0.0,0.0,0.0,27,64.0,65.0,57,61.0,64.0,65.5,64.0,24.0,1560.0,423
2023-05-09 21:34:18,MA401P2150,MA401P2150,65.5,0.0,0.0,0.0,27,64.0,65.0,67,61.0,64.0,65.5,64.0,24.0,1560.0,423
2023-05-09 21:34:21,MA401P2150,MA401P2150,65.5,0.0,0.0,0.0,27,64.0,65.0,77,61.0,64.0,65.5,64.0,24.0,1560.0,423
2023-05-09 21:34:21,MA401P2150,MA401P2150,65.5,0.0,0.0,0.0,37,64.0,65.0,77,61.0,64.0,65.5,64.0,24.0,1560.0,423
2023-05-09 21:34:21,MA401P2150,MA401P2150,65.5,0.0,0.0,0.0,47,64.0,65.0,77,61.0,64.0,65.5,64.0,24.0,1560.0,423
2023-05-09 21:34:24,MA401P2150,MA401P2150,65.5,0.0,0.0,0.0,37,64.0,65.0,77,61.0,64.0,65.5,64.0,24.0,1560.0,423
2023-05-09 21:34:24,MA401P2150,MA401P2150,65.5,0.0,0.0,0.0,27,64.0,65.0,77,61.0,64.0,65.5,64.0,24.0,1560.0,423
2023-05-09 21:34:26,MA401P2150,MA401P2150,65.5,0.0,0.0,0.0,17,64.0,64.5,10,61.0,64.0,65.5,64.0,24.0,1560.0,423
2023-05-09 21:35:01,MA401P2150,MA401P2150,65.5,0.0,0.0,0.0,27,64.0,64.5,10,61.0,64.0,65.5,64.0,24.0,1560.0,423
2023-05-09 21:35:03,MA401P2150,MA401P2150,65.5,0.0,0.0,0.0,37,64.0,64.5,10,61.0,64.0,65.5,64.0,24.0,1560.0,423
2023-05-09 21:35:04,MA401P2150,MA401P2150,65.5,0.0,0.0,0.0,7,64.0,64.5,10,61.0,64.0,65.5,64.0,24.0,1560.0,423
2023-05-09 21:35:04,MA401P2150,MA401P2150,65.5,0.0,0.0,0.0,17,64.0,64.5,10,61.0,64.0,65.5,64.0,24.0,1560.0,423
2023-05-09 21:35:05,MA401P2150,MA401P2150,65.5,0.0,0.0,0.0,27,64.0,64.5,10,61.0,64.0,65.5,64.0,24.0,1560.0,423
2023-05-09 21:35:05,MA401P2150,MA401P2150,65.5,0.0,0.0,0.0,37,64.0,64.5,10,61.0,64.0,65.5,64.0,24.0,1560.0,423
2023-05-09 21:35:06,MA401P2150,MA401P2150,65.5,0.0,0.0,0.0,17,64.0,64.5,10,61.0,64.0,65.5,64.0,24.0,1560.0,423
2023-05-09 21:35:06,MA401P2150,MA401P2150,65.5,0.0,0.0,0.0,7,64.0,64.5,10,61.0,64.0,65.5,64.0,24.0,1560.0,423
2023-05-09 21:35:06,MA401P2150,MA401P2150,65.5,0.0,0.0,0.0,17,64.0,64.5,10,61.0,64.0,65.5,64.0,24.0,1560.0,423
2023-05-09 21:35:06,MA401P2150,MA401P2150,65.5,0.0,0.0,0.0,7,64.0,64.5,10,61.0,64.0,65.5,64.0,24.0,1560.0,423
2023-05-09 21:35:29,MA401P2150,MA401P2150,65.5,0.0,0.0,0.0,7,64.0,64.5,20,61.0,64.0,65.5,64.0,24.0,1560.0,423
2023-05-09 21:35:58,MA401P2150,MA401P2150,65.5,0.0,0.0,0.0,37,64.0,65.0,87,61.0,64.0,65.5,64.0,24.0,1560.0,423
2023-05-09 21:35:58,MA401P2150,MA401P2150,65.5,0.0,0.0,0.0,47,64.0,65.0,87,61.0,64.0,65.5,64.0,24.0,1560.0,423
2023-05-09 21:35:59,MA401P2150,MA401P2150,65.5,0.0,0.0,0.0,27,64.0,65.0,77,61.0,64.0,65.5,64.0,24.0,1560.0,423
2023-05-09 21:35:59,MA401P2150,MA401P2150,65.5,0.0,0.0,0.0,37,64.0,65.0,77,61.0,64.0,65.5,64.0,24.0,1560.0,423
2023-05-09 21:36:01,MA401P2150,MA401P2150,65.5,0.0,0.0,0.0,37,64.0,65.0,87,61.0,64.0,65.5,64.0,24.0,1560.0,423
2023-05-09 21:36:01,MA401P2150,MA401P2150,65.5,0.0,0.0,0.0,27,64.0,65.0,87,61.0,64.0,65.5,64.0,24.0,1560.0,423
2023-05-09 21:36:03,MA401P2150,MA401P2150,65.5,0.0,0.0,0.0,7,64.0,64.5,20,61.0,64.0,65.5,64.0,24.0,1560.0,423
2023-05-09 21:36:14,MA401P2150,MA401P2150,65.5,0.0,0.0,0.0,50,63.5,64.5,40,61.0,64.0,65.5,64.0,24.0,1560.0,423
2023-05-09 21:36:15,MA401P2150,MA401P2150,65.5,0.0,0.0,0.0,57,63.5,64.5,40,61.0,64.0,65.5,64.0,24.0,1560.0,423
2023-05-09 21:36:15,MA401P2150,MA401P2150,65.5,0.0,0.0,0.0,67,63.5,64.5,40,61.0,64.0,65.5,64.0,24.0,1560.0,423
2023-05-09 21:36:17,MA401P2150,MA401P2150,65.5,0.0,0.0,0.0,57,63.5,64.5,40,61.0,64.0,65.5,64.0,24.0,1560.0,423
2023-05-09 21:36:17,MA401P2150,MA401P2150,65.5,0.0,0.0,0.0,67,63.5,64.5,40,61.0,64.0,65.5,64.0,24.0,1560.0,423
2023-05-09 21:36:20,MA401P2150,MA401P2150,65.5,0.0,0.0,0.0,77,63.5,64.5,40,61.0,64.0,65.5,64.0,24.0,1560.0,423
2023-05-09 21:36:21,MA401P2150,MA401P2150,65.5,0.0,0.0,0.0,67,63.5,64.5,40,61.0,64.0,65.5,64.0,24.0,1560.0,423
2023-05-09 21:36:23,MA401P2150,MA401P2150,65.5,0.0,0.0,0.0,77,63.5,64.5,40,61.0,64.0,65.5,64.0,24.0,1560.0,423
2023-05-09 21:36:23,MA401P2150,MA401P2150,65.5,0.0,0.0,0.0,67,63.5,64.5,40,61.0,64.0,65.5,64.0,24.0,1560.0,423
2023-05-09 21:36:42,MA401P2150,MA401P2150,65.5,0.0,0.0,0.0,77,63.5,64.5,40,61.0,64.0,65.5,64.0,24.0,1560.0,423
2023-05-09 21:36:47,MA401P2150,MA401P2150,65.5,0.0,0.0,0.0,67,63.5,64.5,40,61.0,64.0,65.5,64.0,24.0,1560.0,423
2023-05-09 21:37:00,MA401P2150,MA401P2150,65.5,0.0,0.0,0.0,57,63.5,64.5,40,61.0,64.0,65.5,64.0,24.0,1560.0,423
2023-05-09 21:37:05,MA401P2150,MA401P2150,65.5,0.0,0.0,0.0,57,63.5,64.5,50,61.0,64.0,65.5,64.0,24.0,1560.0,423
2023-05-09 21:37:08,MA401P2150,MA401P2150,65.5,0.0,0.0,0.0,67,63.5,64.5,40,61.0,64.0,65.5,64.0,24.0,1560.0,423
2023-05-09 21:37:38,MA401P2150,MA401P2150,65.5,0.0,0.0,0.0,10,64.0,64.5,20,61.0,64.0,65.5,64.0,24.0,1560.0,423
2023-05-09 21:37:38,MA401P2150,MA401P2150,65.5,0.0,0.0,0.0,20,64.0,65.0,87,61.0,64.0,65.5,64.0,24.0,1560.0,423
2023-05-09 21:37:46,MA401P2150,MA401P2150,65.5,0.0,0.0,0.0,20,64.0,65.0,97,61.0,64.0,65.5,64.0,24.0,1560.0,423
2023-05-09 21:37:48,MA401P2150,MA401P2150,65.5,0.0,0.0,0.0,20,64.0,65.0,87,61.0,64.0,65.5,64.0,24.0,1560.0,423
2023-05-09 21:37:51,MA401P2150,MA401P2150,65.5,0.0,0.0,0.0,77,63.5,64.5,20,61.0,64.0,65.5,64.0,24.0,1560.0,423
2023-05-09 21:37:58,MA401P2150,MA401P2150,65.5,0.0,0.0,0.0,67,63.5,64.5,40,61.0,64.0,65.5,64.0,24.0,1560.0,423
2023-05-09 21:38:04,MA401P2150,MA401P2150,65.5,0.0,0.0,0.0,10,64.0,64.5,30,61.0,64.0,65.5,64.0,24.0,1560.0,423
2023-05-09 21:38:04,MA401P2150,MA401P2150,65.5,0.0,0.0,0.0,10,64.0,64.5,10,61.0,64.0,65.5,64.0,24.0,1560.0,423
2023-05-09 21:38:05,MA401P2150,MA401P2150,65.5,0.0,0.0,0.0,20,64.0,64.5,10,61.0,64.0,65.5,64.0,24.0,1560.0,423
2023-05-09 21:38:07,MA401P2150,MA401P2150,65.5,0.0,0.0,0.0,27,64.0,64.5,10,61.0,64.0,65.5,64.0,24.0,1560.0,423
2023-05-09 21:38:18,MA401P2150,MA401P2150,65.5,0.0,0.0,0.0,17,64.0,64.5,10,61.0,64.0,65.5,64.0,24.0,1560.0,423
2023-05-09 21:38:46,MA401P2150,MA401P2150,65.5,0.0,0.0,0.0,27,64.0,64.5,10,61.0,64.0,65.5,64.0,24.0,1560.0,423
2023-05-09 21:38:46,MA401P2150,MA401P2150,65.5,0.0,0.0,0.0,47,64.0,65.0,57,61.0,64.0,65.5,64.0,24.0,1560.0,423
2023-05-09 21:38:47,MA401P2150,MA401P2150,65.5,0.0,0.0,0.0,57,64.0,65.0,57,61.0,64.0,65.5,64.0,24.0,1560.0,423
2023-05-09 21:38:49,MA401P2150,MA401P2150,65.5,0.0,0.0,0.0,47,64.0,65.0,57,61.0,64.0,65.5,64.0,24.0,1560.0,423
2023-05-09 21:38:51,MA401P2150,MA401P2150,65.5,0.0,0.0,0.0,57,64.0,65.0,57,61.0,64.0,65.5,64.0,24.0,1560.0,423
2023-05-09 21:39:21,MA401P2150,MA401P2150,65.5,0.0,0.0,0.0,37,64.0,64.5,10,61.0,64.0,65.5,64.0,24.0,1560.0,423
2023-05-09 21:39:22,MA401P2150,MA401P2150,65.5,0.0,0.0,0.0,27,64.0,64.5,10,61.0,64.0,65.5,64.0,24.0,1560.0,423
2023-05-09 21:39:27,MA401P2150,MA401P2150,65.5,0.0,0.0,0.0,17,64.0,64.5,10,61.0,64.0,65.5,64.0,24.0,1560.0,423
2023-05-09 21:39:28,MA401P2150,MA401P2150,65.5,0.0,0.0,0.0,17,64.0,65.0,87,61.0,64.0,65.5,64.0,24.0,1560.0,423
2023-05-09 21:39:28,MA401P2150,MA401P2150,65.5,0.0,0.0,0.0,37,64.0,65.0,67,61.0,64.0,65.5,64.0,24.0,1560.0,423
2023-05-09 21:39:29,MA401P2150,MA401P2150,65.5,0.0,0.0,0.0,47,64.0,65.0,67,61.0,64.0,65.5,64.0,24.0,1560.0,423
2023-05-09 21:39:35,MA401P2150,MA401P2150,65.5,0.0,0.0,0.0,47,64.0,65.0,77,61.0,64.0,65.5,64.0,24.0,1560.0,423
2023-05-09 21:39:36,MA401P2150,MA401P2150,65.5,0.0,0.0,0.0,47,64.0,65.0,67,61.0,64.0,65.5,64.0,24.0,1560.0,423
2023-05-09 21:39:49,MA401P2150,MA401P2150,65.5,0.0,0.0,0.0,47,64.0,65.0,57,61.0,64.0,65.5,64.0,24.0,1560.0,423
2023-05-09 21:39:51,MA401P2150,MA401P2150,65.5,0.0,0.0,0.0,57,64.0,65.0,57,61.0,64.0,65.5,64.0,24.0,1560.0,423
2023-05-09 21:39:51,MA401P2150,MA401P2150,65.5,0.0,0.0,0.0,67,64.0,65.0,47,61.0,64.0,65.5,64.0,24.0,1560.0,423
2023-05-09 21:39:54,MA401P2150,MA401P2150,65.5,0.0,0.0,0.0,57,64.0,65.0,47,61.0,64.0,65.5,64.0,24.0,1560.0,423
2023-05-09 21:40:02,MA401P2150,MA401P2150,65.5,0.0,0.0,0.0,37,64.0,64.5,10,61.0,64.0,65.5,64.0,24.0,1560.0,423
2023-05-09 21:40:02,MA401P2150,MA401P2150,65.5,0.0,0.0,0.0,27,64.0,64.5,10,61.0,64.0,65.5,64.0,24.0,1560.0,423
2023-05-09 21:40:12,MA401P2150,MA401P2150,65.5,0.0,0.0,0.0,37,64.0,65.0,77,61.0,64.0,65.5,64.0,24.0,1560.0,423
2023-05-09 21:40:12,MA401P2150,MA401P2150,65.5,0.0,0.0,0.0,27,64.0,65.0,77,61.0,64.0,65.5,64.0,24.0,1560.0,423
2023-05-09 21:40:16,MA401P2150,MA401P2150,65.5,0.0,0.0,0.0,37,64.0,65.0,77,61.0,64.0,65.5,64.0,24.0,1560.0,423
2023-05-09 21:40:16,MA401P2150,MA401P2150,65.5,0.0,0.0,0.0,27,64.0,65.0,77,61.0,64.0,65.5,64.0,24.0,1560.0,423
2023-05-09 21:40:18,MA401P2150,MA401P2150,65.5,0.0,0.0,0.0,37,64.0,65.0,77,61.0,64.0,65.5,64.0,24.0,1560.0,423
2023-05-09 21:40:19,MA401P2150,MA401P2150,65.5,0.0,0.0,0.0,47,64.0,65.0,77,61.0,64.0,65.5,64.0,24.0,1560.0,423
2023-05-09 21:40:20,MA401P2150,MA401P2150,65.5,0.0,0.0,0.0,27,64.0,65.0,77,61.0,64.0,65.5,64.0,24.0,1560.0,423
2023-05-09 21:40:21,MA401P2150,MA401P2150,65.5,0.0,0.0,0.0,37,64.0,65.0,77,61.0,64.0,65.5,64.0,24.0,1560.0,423
2023-05-09 21:40:21,MA401P2150,MA401P2150,65.5,0.0,0.0,0.0,47,64.0,65.0,77,61.0,64.0,65.5,64.0,24.0,1560.0,423
2023-05-09 21:40:56,MA401P2150,MA401P2150,65.5,0.0,0.0,0.0,57,64.0,65.0,67,61.0,64.0,65.5,64.0,24.0,1560.0,423
2023-05-09 21:40:57,MA401P2150,MA401P2150,65.5,0.0,0.0,0.0,57,64.0,65.0,47,61.0,64.0,65.5,64.0,24.0,1560.0,423
2023-05-09 21:40:57,MA401P2150,MA401P2150,65.5,0.0,0.0,0.0,67,64.0,65.0,47,61.0,64.0,65.5,64.0,24.0,1560.0,423
2023-05-09 21:40:58,MA401P2150,MA401P2150,65.5,0.0,0.0,0.0,67,64.0,65.0,37,61.0,64.0,65.5,64.0,24.0,1560.0,423
2023-05-09 21:40:59,MA401P2150,MA401P2150,65.5,0.0,0.0,0.0,67,64.0,65.0,27,61.0,64.0,65.5,64.0,24.0,1560.0,423
2023-05-09 21:41:00,MA401P2150,MA401P2150,65.5,0.0,0.0,0.0,57,64.0,65.0,27,61.0,64.0,65.5,64.0,24.0,1560.0,423
2023-05-09 21:41:02,MA401P2150,MA401P2150,65.5,0.0,0.0,0.0,67,64.0,65.0,27,61.0,64.0,65.5,64.0,24.0,1560.0,423
2023-05-09 21:41:03,MA401P2150,MA401P2150,65.5,0.0,0.0,0.0,67,64.0,65.0,47,61.0,64.0,65.5,64.0,24.0,1560.0,423
2023-05-09 21:41:04,MA401P2150,MA401P2150,65.5,0.0,0.0,0.0,57,64.0,65.0,57,61.0,64.0,65.5,64.0,24.0,1560.0,423
2023-05-09 21:41:04,MA401P2150,MA401P2150,65.5,0.0,0.0,0.0,67,64.0,65.0,57,61.0,64.0,65.5,64.0,24.0,1560.0,423
2023-05-09 21:41:04,MA401P2150,MA401P2150,65.5,0.0,0.0,0.0,57,64.0,65.0,57,61.0,64.0,65.5,64.0,24.0,1560.0,423
2023-05-09 21:41:14,MA401P2150,MA401P2150,65.5,0.0,0.0,0.0,10,64.5,65.0,10,61.0,64.0,65.5,64.0,24.0,1560.0,423
2023-05-09 21:41:15,MA401P2150,MA401P2150,65.5,0.0,0.0,0.0,10,64.5,65.5,97,61.0,64.0,65.5,64.0,24.0,1560.0,423
2023-05-09 21:41:15,MA401P2150,MA401P2150,65.5,0.0,0.0,0.0,10,64.5,65.5,87,61.0,64.0,65.5,64.0,24.0,1560.0,423
2023-05-09 21:41:16,MA401P2150,MA401P2150,65.5,0.0,0.0,0.0,17,64.5,65.5,87,61.0,64.0,65.5,64.0,24.0,1560.0,423
2023-05-09 21:41:19,MA401P2150,MA401P2150,65.5,0.0,0.0,0.0,17,64.5,65.5,77,61.0,64.0,65.5,64.0,24.0,1560.0,423
2023-05-09 21:41:20,MA401P2150,MA401P2150,65.5,0.0,0.0,0.0,17,64.5,65.5,67,61.0,64.0,65.5,64.0,24.0,1560.0,423
2023-05-09 21:41:21,MA401P2150,MA401P2150,65.5,0.0,0.0,0.0,17,64.5,65.5,77,61.0,64.0,65.5,64.0,24.0,1560.0,423
2023-05-09 21:41:29,MA401P2150,MA401P2150,65.5,0.0,0.0,0.0,7,64.5,65.0,10,61.0,64.0,65.5,64.0,24.0,1560.0,423
2023-05-09 21:41:56,MA401P2150,MA401P2150,65.5,0.0,0.0,0.0,7,64.5,65.0,20,61.0,64.0,65.5,64.0,24.0,1560.0,423
2023-05-09 21:41:57,MA401P2150,MA401P2150,65.5,0.0,0.0,0.0,7,64.5,65.0,10,61.0,64.0,65.5,64.0,24.0,1560.0,423
2023-05-09 21:42:08,MA401P2150,MA401P2150,65.5,0.0,0.0,0.0,7,64.5,65.0,20,61.0,64.0,65.5,64.0,24.0,1560.0,423
2023-05-09 21:42:10,MA401P2150,MA401P2150,65.5,0.0,0.0,0.0,7,64.5,65.0,30,61.0,64.0,65.5,64.0,24.0,1560.0,423
2023-05-09 21:42:10,MA401P2150,MA401P2150,65.5,0.0,0.0,0.0,47,64.0,65.0,50,61.0,64.0,65.5,64.0,24.0,1560.0,423
2023-05-09 21:42:11,MA401P2150,MA401P2150,65.5,0.0,0.0,0.0,37,64.0,65.0,60,61.0,64.0,65.5,64.0,24.0,1560.0,423
2023-05-09 21:42:11,MA401P2150,MA401P2150,65.5,0.0,0.0,0.0,27,64.0,65.0,60,61.0,64.0,65.5,64.0,24.0,1560.0,423
2023-05-09 21:42:13,MA401P2150,MA401P2150,65.5,0.0,0.0,0.0,27,64.0,64.5,10,61.0,64.0,65.5,64.0,24.0,1560.0,423
2023-05-09 21:42:14,MA401P2150,MA401P2150,65.5,0.0,0.0,0.0,17,64.0,64.5,10,61.0,64.0,65.5,64.0,24.0,1560.0,423
2023-05-09 21:42:16,MA401P2150,MA401P2150,65.5,0.0,0.0,0.0,17,64.0,64.5,20,61.0,64.0,65.5,64.0,24.0,1560.0,423
2023-05-09 21:42:18,MA401P2150,MA401P2150,65.5,0.0,0.0,0.0,7,64.0,64.5,10,61.0,64.0,65.5,64.0,24.0,1560.0,423
2023-05-09 21:42:19,MA401P2150,MA401P2150,65.5,0.0,0.0,0.0,27,64.0,65.0,77,61.0,64.0,65.5,64.0,24.0,1560.0,423
2023-05-09 21:42:20,MA401P2150,MA401P2150,65.5,0.0,0.0,0.0,27,64.0,65.0,87,61.0,64.0,65.5,64.0,24.0,1560.0,423
2023-05-09 21:42:24,MA401P2150,MA401P2150,65.5,0.0,0.0,0.0,27,64.0,65.0,77,61.0,64.0,65.5,64.0,24.0,1560.0,423
2023-05-09 21:42:26,MA401P2150,MA401P2150,65.5,0.0,0.0,0.0,27,64.0,65.0,87,61.0,64.0,65.5,64.0,24.0,1560.0,423
2023-05-09 21:42:31,MA401P2150,MA401P2150,65.5,0.0,0.0,0.0,17,64.0,64.5,10,61.0,64.0,65.5,64.0,24.0,1560.0,423
2023-05-09 21:42:31,MA401P2150,MA401P2150,65.5,0.0,0.0,0.0,7,64.0,64.5,20,61.0,64.0,65.5,64.0,24.0,1560.0,423
2023-05-09 21:42:35,MA401P2150,MA401P2150,65.5,0.0,0.0,0.0,77,63.5,64.5,20,61.0,64.0,65.5,64.0,24.0,1560.0,423
2023-05-09 21:42:36,MA401P2150,MA401P2150,65.5,0.0,0.0,0.0,67,63.5,64.5,20,61.0,64.0,65.5,64.0,24.0,1560.0,423
2023-05-09 21:42:50,MA401P2150,MA401P2150,65.5,0.0,0.0,0.0,57,63.5,64.5,20,61.0,64.0,65.5,64.0,24.0,1560.0,423
2023-05-09 21:42:51,MA401P2150,MA401P2150,65.5,0.0,0.0,0.0,37,63.5,64.5,70,61.0,64.0,65.5,64.0,24.0,1560.0,423
2023-05-09 21:42:51,MA401P2150,MA401P2150,65.5,0.0,0.0,0.0,27,63.5,64.5,67,61.0,64.0,65.5,64.0,24.0,1560.0,423
2023-05-09 21:42:52,MA401P2150,MA401P2150,65.5,0.0,0.0,0.0,27,63.5,64.5,57,61.0,64.0,65.5,64.0,24.0,1560.0,423
2023-05-09 21:42:57,MA401P2150,MA401P2150,65.5,0.0,0.0,0.0,27,63.5,64.5,67,61.0,64.0,65.5,64.0,24.0,1560.0,423
2023-05-09 21:42:59,MA401P2150,MA401P2150,65.5,0.0,0.0,0.0,27,63.5,64.5,77,61.0,64.0,65.5,64.0,24.0,1560.0,423
2023-05-09 21:43:06,MA401P2150,MA401P2150,65.5,0.0,0.0,0.0,27,63.5,64.5,67,61.0,64.0,65.5,64.0,24.0,1560.0,423
2023-05-09 21:43:06,MA401P2150,MA401P2150,65.5,0.0,0.0,0.0,37,63.5,64.5,47,61.0,64.0,65.5,64.0,24.0,1560.0,423
2023-05-09 21:43:07,MA401P2150,MA401P2150,65.5,0.0,0.0,0.0,37,63.5,64.5,77,61.0,64.0,65.5,64.0,24.0,1560.0,423
2023-05-09 21:43:07,MA401P2150,MA401P2150,65.5,0.0,0.0,0.0,27,63.5,64.5,87,61.0,64.0,65.5,64.0,24.0,1560.0,423
2023-05-09 21:43:07,MA401P2150,MA401P2150,65.5,0.0,0.0,0.0,37,63.5,64.5,77,61.0,64.0,65.5,64.0,24.0,1560.0,423
2023-05-09 21:43:07,MA401P2150,MA401P2150,65.5,0.0,0.0,0.0,27,63.5,64.5,87,61.0,64.0,65.5,64.0,24.0,1560.0,423
2023-05-09 21:43:10,MA401P2150,MA401P2150,65.5,0.0,0.0,0.0,27,63.5,64.5,77,61.0,64.0,65.5,64.0,24.0,1560.0,423
2023-05-09 21:43:11,MA401P2150,MA401P2150,65.5,0.0,0.0,0.0,27,63.5,64.5,87,61.0,64.0,65.5,64.0,24.0,1560.0,423
2023-05-09 21:43:16,MA401P2150,MA401P2150,65.5,0.0,0.0,0.0,27,63.5,64.5,77,61.0,64.0,65.5,64.0,24.0,1560.0,423
2023-05-09 21:43:18,MA401P2150,MA401P2150,65.5,0.0,0.0,0.0,47,63.5,64.5,57,61.0,64.0,65.5,64.0,24.0,1560.0,423
2023-05-09 21:43:19,MA401P2150,MA401P2150,65.5,0.0,0.0,0.0,27,63.5,64.5,77,61.0,64.0,65.5,64.0,24.0,1560.0,423
2023-05-09 21:43:20,MA401P2150,MA401P2150,65.5,0.0,0.0,0.0,37,63.5,64.5,77,61.0,64.0,65.5,64.0,24.0,1560.0,423
2023-05-09 21:43:20,MA401P2150,MA401P2150,65.5,0.0,0.0,0.0,47,63.5,64.5,77,61.0,64.0,65.5,64.0,24.0,1560.0,423
2023-05-09 21:43:22,MA401P2150,MA401P2150,65.5,0.0,0.0,0.0,37,63.5,64.5,77,61.0,64.0,65.5,64.0,24.0,1560.0,423
2023-05-09 21:43:22,MA401P2150,MA401P2150,65.5,0.0,0.0,0.0,37,63.5,64.5,57,61.0,64.0,65.5,64.0,24.0,1560.0,423
2023-05-09 21:43:23,MA401P2150,MA401P2150,65.5,0.0,0.0,0.0,67,63.5,64.5,57,61.0,64.0,65.5,64.0,24.0,1560.0,423
2023-05-09 21:43:24,MA401P2150,MA401P2150,65.5,0.0,0.0,0.0,47,63.5,64.5,77,61.0,64.0,65.5,64.0,24.0,1560.0,423
2023-05-09 21:43:24,MA401P2150,MA401P2150,65.5,0.0,0.0,0.0,37,63.5,64.5,77,61.0,64.0,65.5,64.0,24.0,1560.0,423
2023-05-09 21:43:25,MA401P2150,MA401P2150,65.5,0.0,0.0,0.0,27,63.5,64.5,67,61.0,64.0,65.5,64.0,24.0,1560.0,423
2023-05-09 21:43:28,MA401P2150,MA401P2150,65.5,0.0,0.0,0.0,37,63.5,64.5,67,61.0,64.0,65.5,64.0,24.0,1560.0,423
2023-05-09 21:43:28,MA401P2150,MA401P2150,65.5,0.0,0.0,0.0,67,63.5,64.5,47,61.0,64.0,65.5,64.0,24.0,1560.0,423
2023-05-09 21:43:29,MA401P2150,MA401P2150,65.5,0.0,0.0,0.0,67,63.5,64.5,57,61.0,64.0,65.5,64.0,24.0,1560.0,423
2023-05-09 21:43:29,MA401P2150,MA401P2150,65.5,0.0,0.0,0.0,67,63.5,64.5,47,61.0,64.0,65.5,64.0,24.0,1560.0,423
2023-05-09 21:43:44,MA401P2150,MA401P2150,65.5,0.0,0.0,0.0,57,63.5,64.5,47,61.0,64.0,65.5,64.0,24.0,1560.0,423
2023-05-09 21:44:09,MA401P2150,MA401P2150,65.5,0.0,0.0,0.0,67,63.5,64.5,47,61.0,64.0,65.5,64.0,24.0,1560.0,423
2023-05-09 21:44:10,MA401P2150,MA401P2150,65.5,0.0,0.0,0.0,57,63.5,64.5,47,61.0,64.0,65.5,64.0,24.0,1560.0,423
2023-05-09 21:44:19,MA401P2150,MA401P2150,65.5,0.0,0.0,0.0,57,63.5,64.5,40,61.0,64.0,65.5,64.0,24.0,1560.0,423
2023-05-09 21:44:35,MA401P2150,MA401P2150,65.5,0.0,0.0,0.0,47,63.5,64.5,50,61.0,64.0,65.5,64.0,24.0,1560.0,423
2023-05-09 21:44:44,MA401P2150,MA401P2150,65.5,0.0,0.0,0.0,67,63.5,64.5,40,61.0,64.0,65.5,64.0,24.0,1560.0,423
2023-05-09 21:44:48,MA401P2150,MA401P2150,65.5,0.0,0.0,0.0,57,63.5,64.5,40,61.0,64.0,65.5,64.0,24.0,1560.0,423
2023-05-09 21:45:10,MA401P2150,MA401P2150,65.5,0.0,0.0,0.0,57,63.5,64.5,50,61.0,64.0,65.5,64.0,24.0,1560.0,423
2023-05-09 21:45:17,MA401P2150,MA401P2150,65.5,0.0,0.0,0.0,77,63.5,64.5,40,61.0,64.0,65.5,64.0,24.0,1560.0,423
2023-05-09 21:45:18,MA401P2150,MA401P2150,65.5,0.0,0.0,0.0,77,63.5,64.5,20,61.0,64.0,65.5,64.0,24.0,1560.0,423
2023-05-09 21:45:39,MA401P2150,MA401P2150,65.5,0.0,0.0,0.0,67,63.5,64.5,30,61.0,64.0,65.5,64.0,24.0,1560.0,423
2023-05-09 21:45:39,MA401P2150,MA401P2150,65.5,0.0,0.0,0.0,47,63.5,64.5,30,61.0,64.0,65.5,64.0,24.0,1560.0,423
2023-05-09 21:45:39,MA401P2150,MA401P2150,65.5,0.0,0.0,0.0,47,63.5,64.5,20,61.0,64.0,65.5,64.0,24.0,1560.0,423
2023-05-09 21:45:41,MA401P2150,MA401P2150,65.5,0.0,0.0,0.0,47,63.5,64.5,40,61.0,64.0,65.5,64.0,24.0,1560.0,423
2023-05-09 21:45:47,MA401P2150,MA401P2150,65.5,0.0,0.0,0.0,47,63.5,64.5,50,61.0,64.0,65.5,64.0,24.0,1560.0,423
2023-05-09 21:45:52,MA401P2150,MA401P2150,65.5,0.0,0.0,0.0,27,63.5,64.5,60,61.0,64.0,65.5,64.0,24.0,1560.0,423
2023-05-09 21:45:54,MA401P2150,MA401P2150,65.5,0.0,0.0,0.0,47,63.5,64.5,50,61.0,64.0,65.5,64.0,24.0,1560.0,423
2023-05-09 21:45:58,MA401P2150,MA401P2150,65.5,0.0,0.0,0.0,57,63.5,64.5,50,61.0,64.0,65.5,64.0,24.0,1560.0,423
2023-05-09 21:46:18,MA401P2150,MA401P2150,65.5,0.0,0.0,0.0,57,63.5,64.5,60,61.0,64.0,65.5,64.0,24.0,1560.0,423
2023-05-09 21:46:40,MA401P2150,MA401P2150,65.5,0.0,0.0,0.0,67,63.5,64.5,30,61.0,64.0,65.5,64.0,24.0,1560.0,423
2023-05-09 21:46:40,MA401P2150,MA401P2150,65.5,0.0,0.0,0.0,67,63.5,64.5,10,61.0,64.0,65.5,64.0,24.0,1560.0,423
2023-05-09 21:46:40,MA401P2150,MA401P2150,65.5,0.0,0.0,0.0,77,63.5,64.5,10,61.0,64.0,65.5,64.0,24.0,1560.0,423
2023-05-09 21:47:17,MA401P2150,MA401P2150,65.5,0.0,0.0,0.0,67,63.5,64.5,10,61.0,64.0,65.5,64.0,24.0,1560.0,423
2023-05-09 21:47:21,MA401P2150,MA401P2150,65.5,0.0,0.0,0.0,77,63.5,64.5,10,61.0,64.0,65.5,64.0,24.0,1560.0,423
