time,symbol_id,symbol_name,last,trade_volume,trade_amount,open_interest_change,bv1,bp1,ap1,av1,yesterday_close,today_open,today_high,today_low,volume,amount,open_interest
2023-05-09 19:10:58,MA401P2250,MA401P2250,92.5,0.0,0.0,-7.0,0,0.0,0.0,0,92.5,100.5,0.0,0.0,0.0,0.0,66
2023-05-09 20:59:00,MA401P2250,MA401P2250,92.5,0.0,0.0,0.0,19,25.0,0.0,0,92.5,100.5,0.0,0.0,0.0,0.0,66
2023-05-09 21:00:00,MA401P2250,MA401P2250,92.5,0.0,0.0,0.0,1,51.0,144.5,1,92.5,100.5,0.0,0.0,0.0,0.0,66
2023-05-09 21:00:01,MA401P2250,MA401P2250,92.5,0.0,0.0,0.0,1,51.0,141.5,10,92.5,100.5,0.0,0.0,0.0,0.0,66
2023-05-09 21:00:02,MA401P2250,MA401P2250,92.5,0.0,0.0,0.0,10,54.0,141.5,10,92.5,100.5,0.0,0.0,0.0,0.0,66
2023-05-09 21:00:03,MA401P2250,MA401P2250,92.5,0.0,0.0,0.0,10,54.5,141.0,10,92.5,100.5,0.0,0.0,0.0,0.0,66
2023-05-09 21:00:06,MA401P2250,MA401P2250,92.5,0.0,0.0,0.0,1,65.5,130.0,1,92.5,100.5,0.0,0.0,0.0,0.0,66
2023-05-09 21:00:07,MA401P2250,MA401P2250,92.5,0.0,0.0,0.0,10,66.0,129.5,10,92.5,100.5,0.0,0.0,0.0,0.0,66
2023-05-09 21:00:08,MA401P2250,MA401P2250,92.5,0.0,0.0,0.0,1,77.0,118.5,1,92.5,100.5,0.0,0.0,0.0,0.0,66
2023-05-09 21:00:08,MA401P2250,MA401P2250,92.5,0.0,0.0,0.0,10,77.5,118.0,10,92.5,100.5,0.0,0.0,0.0,0.0,66
2023-05-09 21:00:09,MA401P2250,MA401P2250,92.5,0.0,0.0,0.0,1,88.5,107.0,1,92.5,100.5,0.0,0.0,0.0,0.0,66
2023-05-09 21:00:09,MA401P2250,MA401P2250,92.5,0.0,0.0,0.0,10,89.0,106.5,10,92.5,100.5,0.0,0.0,0.0,0.0,66
2023-05-09 21:00:09,MA401P2250,MA401P2250,92.5,0.0,0.0,0.0,1,88.5,107.0,1,92.5,100.5,0.0,0.0,0.0,0.0,66
2023-05-09 21:00:09,MA401P2250,MA401P2250,92.5,0.0,0.0,0.0,10,89.0,106.5,10,92.5,100.5,0.0,0.0,0.0,0.0,66
2023-05-09 21:00:55,MA401P2250,MA401P2250,92.5,0.0,0.0,0.0,10,94.5,98.0,10,92.5,100.5,0.0,0.0,0.0,0.0,66
2023-05-09 21:00:57,MA401P2250,MA401P2250,92.5,0.0,0.0,0.0,20,94.5,98.0,20,92.5,100.5,0.0,0.0,0.0,0.0,66
2023-05-09 21:01:00,MA401P2250,MA401P2250,92.5,0.0,0.0,0.0,10,95.0,98.0,20,92.5,100.5,0.0,0.0,0.0,0.0,66
2023-05-09 21:01:01,MA401P2250,MA401P2250,92.5,0.0,0.0,0.0,20,95.0,98.0,20,92.5,100.5,0.0,0.0,0.0,0.0,66
2023-05-09 21:01:07,MA401P2250,MA401P2250,92.5,0.0,0.0,0.0,20,95.0,98.0,10,92.5,100.5,0.0,0.0,0.0,0.0,66
2023-05-09 21:01:07,MA401P2250,MA401P2250,92.5,0.0,0.0,0.0,20,95.0,98.5,20,92.5,100.5,0.0,0.0,0.0,0.0,66
2023-05-09 21:01:11,MA401P2250,MA401P2250,92.5,0.0,0.0,0.0,7,95.5,98.5,20,92.5,100.5,0.0,0.0,0.0,0.0,66
2023-05-09 21:01:12,MA401P2250,MA401P2250,92.5,0.0,0.0,0.0,7,95.5,98.0,7,92.5,100.5,0.0,0.0,0.0,0.0,66
2023-05-09 21:01:13,MA401P2250,MA401P2250,92.5,0.0,0.0,0.0,17,95.5,98.0,7,92.5,100.5,0.0,0.0,0.0,0.0,66
2023-05-09 21:01:13,MA401P2250,MA401P2250,92.5,0.0,0.0,0.0,10,96.0,98.0,7,92.5,100.5,0.0,0.0,0.0,0.0,66
2023-05-09 21:01:14,MA401P2250,MA401P2250,92.5,0.0,0.0,0.0,10,96.0,99.0,10,92.5,100.5,0.0,0.0,0.0,0.0,66
2023-05-09 21:01:15,MA401P2250,MA401P2250,92.5,0.0,0.0,0.0,20,96.0,100.0,20,92.5,100.5,0.0,0.0,0.0,0.0,66
2023-05-09 21:01:16,MA401P2250,MA401P2250,92.5,0.0,0.0,0.0,20,96.0,99.0,7,92.5,100.5,0.0,0.0,0.0,0.0,66
2023-05-09 21:01:17,MA401P2250,MA401P2250,92.5,0.0,0.0,0.0,7,96.5,99.0,7,92.5,100.5,0.0,0.0,0.0,0.0,66
2023-05-09 21:01:24,MA401P2250,MA401P2250,92.5,0.0,0.0,0.0,17,96.5,99.0,7,92.5,100.5,0.0,0.0,0.0,0.0,66
2023-05-09 21:01:26,MA401P2250,MA401P2250,92.5,0.0,0.0,0.0,27,96.5,99.0,7,92.5,100.5,0.0,0.0,0.0,0.0,66
2023-05-09 21:01:27,MA401P2250,MA401P2250,92.5,0.0,0.0,0.0,27,96.5,100.0,7,92.5,100.5,0.0,0.0,0.0,0.0,66
2023-05-09 21:01:28,MA401P2250,MA401P2250,92.5,0.0,0.0,0.0,7,97.5,100.0,7,92.5,100.5,0.0,0.0,0.0,0.0,66
2023-05-09 21:01:41,MA401P2250,MA401P2250,92.5,0.0,0.0,0.0,7,97.5,99.5,7,92.5,100.5,0.0,0.0,0.0,0.0,66
2023-05-09 21:01:42,MA401P2250,MA401P2250,92.5,0.0,0.0,0.0,20,97.0,99.5,17,92.5,100.5,0.0,0.0,0.0,0.0,66
2023-05-09 21:01:42,MA401P2250,MA401P2250,92.5,0.0,0.0,0.0,20,97.0,99.5,27,92.5,100.5,0.0,0.0,0.0,0.0,66
2023-05-09 21:01:51,MA401P2250,MA401P2250,92.5,0.0,0.0,0.0,20,97.0,99.5,17,92.5,100.5,0.0,0.0,0.0,0.0,66
2023-05-09 21:01:52,MA401P2250,MA401P2250,92.5,0.0,0.0,0.0,20,97.0,99.5,27,92.5,100.5,0.0,0.0,0.0,0.0,66
2023-05-09 21:01:54,MA401P2250,MA401P2250,92.5,0.0,0.0,0.0,20,97.0,99.5,37,92.5,100.5,0.0,0.0,0.0,0.0,66
2023-05-09 21:01:55,MA401P2250,MA401P2250,92.5,0.0,0.0,0.0,20,97.0,99.5,27,92.5,100.5,0.0,0.0,0.0,0.0,66
2023-05-09 21:01:55,MA401P2250,MA401P2250,92.5,0.0,0.0,0.0,20,97.0,99.5,17,92.5,100.5,0.0,0.0,0.0,0.0,66
2023-05-09 21:01:56,MA401P2250,MA401P2250,92.5,0.0,0.0,0.0,20,97.0,99.5,27,92.5,100.5,0.0,0.0,0.0,0.0,66
2023-05-09 21:01:57,MA401P2250,MA401P2250,92.5,0.0,0.0,0.0,20,97.0,99.5,37,92.5,100.5,0.0,0.0,0.0,0.0,66
2023-05-09 21:02:07,MA401P2250,MA401P2250,92.5,0.0,0.0,0.0,20,97.0,99.0,7,92.5,100.5,0.0,0.0,0.0,0.0,66
2023-05-09 21:02:10,MA401P2250,MA401P2250,92.5,0.0,0.0,0.0,30,97.0,99.0,7,92.5,100.5,0.0,0.0,0.0,0.0,66
2023-05-09 21:02:25,MA401P2250,MA401P2250,92.5,0.0,0.0,0.0,20,97.0,99.0,27,92.5,100.5,0.0,0.0,0.0,0.0,66
2023-05-09 21:02:32,MA401P2250,MA401P2250,92.5,0.0,0.0,0.0,30,97.0,99.0,17,92.5,100.5,0.0,0.0,0.0,0.0,66
2023-05-09 21:02:32,MA401P2250,MA401P2250,92.5,0.0,0.0,0.0,30,97.0,99.0,7,92.5,100.5,0.0,0.0,0.0,0.0,66
2023-05-09 21:02:33,MA401P2250,MA401P2250,92.5,0.0,0.0,0.0,20,97.0,99.0,17,92.5,100.5,0.0,0.0,0.0,0.0,66
2023-05-09 21:02:33,MA401P2250,MA401P2250,92.5,0.0,0.0,0.0,20,97.0,99.0,27,92.5,100.5,0.0,0.0,0.0,0.0,66
2023-05-09 21:02:35,MA401P2250,MA401P2250,92.5,0.0,0.0,0.0,27,97.0,99.0,27,92.5,100.5,0.0,0.0,0.0,0.0,66
2023-05-09 21:03:17,MA401P2250,MA401P2250,92.5,0.0,0.0,0.0,17,97.0,99.0,27,92.5,100.5,0.0,0.0,0.0,0.0,66
2023-05-09 21:03:18,MA401P2250,MA401P2250,92.5,0.0,0.0,0.0,7,97.0,99.0,27,92.5,100.5,0.0,0.0,0.0,0.0,66
2023-05-09 21:03:22,MA401P2250,MA401P2250,92.5,0.0,0.0,0.0,7,97.0,99.0,37,92.5,100.5,0.0,0.0,0.0,0.0,66
2023-05-09 21:03:23,MA401P2250,MA401P2250,92.5,0.0,0.0,0.0,7,97.0,99.0,27,92.5,100.5,0.0,0.0,0.0,0.0,66
2023-05-09 21:03:36,MA401P2250,MA401P2250,92.5,0.0,0.0,0.0,7,97.0,99.0,37,92.5,100.5,0.0,0.0,0.0,0.0,66
2023-05-09 21:03:38,MA401P2250,MA401P2250,92.5,0.0,0.0,0.0,7,97.0,98.5,7,92.5,100.5,0.0,0.0,0.0,0.0,66
2023-05-09 21:03:47,MA401P2250,MA401P2250,92.5,0.0,0.0,0.0,7,97.0,98.5,17,92.5,100.5,0.0,0.0,0.0,0.0,66
2023-05-09 21:03:47,MA401P2250,MA401P2250,92.5,0.0,0.0,0.0,7,96.5,98.5,27,92.5,100.5,0.0,0.0,0.0,0.0,66
2023-05-09 21:03:51,MA401P2250,MA401P2250,92.5,0.0,0.0,0.0,7,96.5,98.5,37,92.5,100.5,0.0,0.0,0.0,0.0,66
2023-05-09 21:03:53,MA401P2250,MA401P2250,92.5,0.0,0.0,0.0,17,96.5,98.5,27,92.5,100.5,0.0,0.0,0.0,0.0,66
2023-05-09 21:03:53,MA401P2250,MA401P2250,92.5,0.0,0.0,0.0,17,96.5,98.5,7,92.5,100.5,0.0,0.0,0.0,0.0,66
2023-05-09 21:03:55,MA401P2250,MA401P2250,92.5,0.0,0.0,0.0,17,96.5,98.5,17,92.5,100.5,0.0,0.0,0.0,0.0,66
2023-05-09 21:03:56,MA401P2250,MA401P2250,92.5,0.0,0.0,0.0,17,96.5,98.5,27,92.5,100.5,0.0,0.0,0.0,0.0,66
2023-05-09 21:03:58,MA401P2250,MA401P2250,92.5,0.0,0.0,0.0,17,96.5,98.5,17,92.5,100.5,0.0,0.0,0.0,0.0,66
2023-05-09 21:03:59,MA401P2250,MA401P2250,92.5,0.0,0.0,0.0,17,96.5,98.5,7,92.5,100.5,0.0,0.0,0.0,0.0,66
2023-05-09 21:04:02,MA401P2250,MA401P2250,92.5,0.0,0.0,0.0,27,96.5,98.5,7,92.5,100.5,0.0,0.0,0.0,0.0,66
2023-05-09 21:04:17,MA401P2250,MA401P2250,92.5,0.0,0.0,0.0,7,96.5,98.5,27,92.5,100.5,0.0,0.0,0.0,0.0,66
2023-05-09 21:04:24,MA401P2250,MA401P2250,92.5,0.0,0.0,0.0,27,96.5,98.5,27,92.5,100.5,0.0,0.0,0.0,0.0,66
2023-05-09 21:04:33,MA401P2250,MA401P2250,92.5,0.0,0.0,0.0,7,96.5,98.5,27,92.5,100.5,0.0,0.0,0.0,0.0,66
2023-05-09 21:04:33,MA401P2250,MA401P2250,92.5,0.0,0.0,0.0,7,96.5,98.0,10,92.5,100.5,0.0,0.0,0.0,0.0,66
2023-05-09 21:04:35,MA401P2250,MA401P2250,92.5,0.0,0.0,0.0,7,96.5,98.0,20,92.5,100.5,0.0,0.0,0.0,0.0,66
2023-05-09 21:04:36,MA401P2250,MA401P2250,92.5,0.0,0.0,0.0,27,96.5,98.0,10,92.5,100.5,0.0,0.0,0.0,0.0,66
2023-05-09 21:04:36,MA401P2250,MA401P2250,92.5,0.0,0.0,0.0,7,96.5,98.0,10,92.5,100.5,0.0,0.0,0.0,0.0,66
2023-05-09 21:04:37,MA401P2250,MA401P2250,92.5,0.0,0.0,0.0,7,96.5,98.0,20,92.5,100.5,0.0,0.0,0.0,0.0,66
2023-05-09 21:04:41,MA401P2250,MA401P2250,92.5,0.0,0.0,0.0,7,96.5,98.0,10,92.5,100.5,0.0,0.0,0.0,0.0,66
2023-05-09 21:04:42,MA401P2250,MA401P2250,92.5,0.0,0.0,0.0,27,96.5,98.0,10,92.5,100.5,0.0,0.0,0.0,0.0,66
2023-05-09 21:04:44,MA401P2250,MA401P2250,92.5,0.0,0.0,0.0,7,97.0,98.0,10,92.5,100.5,0.0,0.0,0.0,0.0,66
2023-05-09 21:04:48,MA401P2250,MA401P2250,92.5,0.0,0.0,0.0,7,97.0,98.5,17,92.5,100.5,0.0,0.0,0.0,0.0,66
2023-05-09 21:04:48,MA401P2250,MA401P2250,92.5,0.0,0.0,0.0,7,97.0,98.5,7,92.5,100.5,0.0,0.0,0.0,0.0,66
2023-05-09 21:04:59,MA401P2250,MA401P2250,92.5,0.0,0.0,0.0,7,97.0,99.0,47,92.5,100.5,0.0,0.0,0.0,0.0,66
2023-05-09 21:05:03,MA401P2250,MA401P2250,92.5,0.0,0.0,0.0,17,97.0,99.0,27,92.5,100.5,0.0,0.0,0.0,0.0,66
2023-05-09 21:05:03,MA401P2250,MA401P2250,92.5,0.0,0.0,0.0,37,97.0,99.0,7,92.5,100.5,0.0,0.0,0.0,0.0,66
2023-05-09 21:05:09,MA401P2250,MA401P2250,92.5,0.0,0.0,0.0,7,97.5,99.0,7,92.5,100.5,0.0,0.0,0.0,0.0,66
2023-05-09 21:05:09,MA401P2250,MA401P2250,92.5,0.0,0.0,0.0,7,97.5,99.5,30,92.5,100.5,0.0,0.0,0.0,0.0,66
2023-05-09 21:05:11,MA401P2250,MA401P2250,92.5,0.0,0.0,0.0,27,97.5,99.5,30,92.5,100.5,0.0,0.0,0.0,0.0,66
2023-05-09 21:05:12,MA401P2250,MA401P2250,92.5,0.0,0.0,0.0,27,97.5,99.5,20,92.5,100.5,0.0,0.0,0.0,0.0,66
2023-05-09 21:05:14,MA401P2250,MA401P2250,92.5,0.0,0.0,0.0,7,98.0,99.5,30,92.5,100.5,0.0,0.0,0.0,0.0,66
2023-05-09 21:05:15,MA401P2250,MA401P2250,92.5,0.0,0.0,0.0,7,98.0,99.5,20,92.5,100.5,0.0,0.0,0.0,0.0,66
2023-05-09 21:05:17,MA401P2250,MA401P2250,92.5,0.0,0.0,0.0,7,98.0,99.5,10,92.5,100.5,0.0,0.0,0.0,0.0,66
2023-05-09 21:05:19,MA401P2250,MA401P2250,92.5,0.0,0.0,0.0,7,98.0,99.5,20,92.5,100.5,0.0,0.0,0.0,0.0,66
2023-05-09 21:05:20,MA401P2250,MA401P2250,92.5,0.0,0.0,0.0,7,98.0,99.5,27,92.5,100.5,0.0,0.0,0.0,0.0,66
2023-05-09 21:05:58,MA401P2250,MA401P2250,92.5,0.0,0.0,0.0,7,98.0,99.5,37,92.5,100.5,0.0,0.0,0.0,0.0,66
2023-05-09 21:06:01,MA401P2250,MA401P2250,92.5,0.0,0.0,0.0,7,98.0,99.5,27,92.5,100.5,0.0,0.0,0.0,0.0,66
2023-05-09 21:06:17,MA401P2250,MA401P2250,92.5,0.0,0.0,0.0,7,98.0,99.5,20,92.5,100.5,0.0,0.0,0.0,0.0,66
2023-05-09 21:06:18,MA401P2250,MA401P2250,92.5,0.0,0.0,0.0,7,98.5,99.5,20,92.5,100.5,0.0,0.0,0.0,0.0,66
2023-05-09 21:06:18,MA401P2250,MA401P2250,92.5,0.0,0.0,0.0,7,98.5,99.5,10,92.5,100.5,0.0,0.0,0.0,0.0,66
2023-05-09 21:06:20,MA401P2250,MA401P2250,92.5,0.0,0.0,0.0,7,98.5,99.5,20,92.5,100.5,0.0,0.0,0.0,0.0,66
2023-05-09 21:06:28,MA401P2250,MA401P2250,92.5,0.0,0.0,0.0,7,98.5,100.0,10,92.5,100.5,0.0,0.0,0.0,0.0,66
2023-05-09 21:06:28,MA401P2250,MA401P2250,92.5,0.0,0.0,0.0,7,98.5,100.5,30,92.5,100.5,0.0,0.0,0.0,0.0,66
2023-05-09 21:06:36,MA401P2250,MA401P2250,92.5,0.0,0.0,0.0,17,98.5,100.5,30,92.5,100.5,0.0,0.0,0.0,0.0,66
2023-05-09 21:06:36,MA401P2250,MA401P2250,92.5,0.0,0.0,0.0,7,99.0,100.5,20,92.5,100.5,0.0,0.0,0.0,0.0,66
2023-05-09 21:06:37,MA401P2250,MA401P2250,92.5,0.0,0.0,0.0,7,99.0,100.5,30,92.5,100.5,0.0,0.0,0.0,0.0,66
2023-05-09 21:06:37,MA401P2250,MA401P2250,92.5,0.0,0.0,0.0,7,99.0,100.5,10,92.5,100.5,0.0,0.0,0.0,0.0,66
2023-05-09 21:06:39,MA401P2250,MA401P2250,92.5,0.0,0.0,0.0,7,99.0,100.5,20,92.5,100.5,0.0,0.0,0.0,0.0,66
2023-05-09 21:06:40,MA401P2250,MA401P2250,92.5,0.0,0.0,0.0,7,99.0,100.5,10,92.5,100.5,0.0,0.0,0.0,0.0,66
2023-05-09 21:06:40,MA401P2250,MA401P2250,92.5,0.0,0.0,0.0,17,99.0,100.5,10,92.5,100.5,0.0,0.0,0.0,0.0,66
2023-05-09 21:06:40,MA401P2250,MA401P2250,92.5,0.0,0.0,0.0,7,99.0,100.5,10,92.5,100.5,0.0,0.0,0.0,0.0,66
2023-05-09 21:06:41,MA401P2250,MA401P2250,92.5,0.0,0.0,0.0,7,99.5,100.5,10,92.5,100.5,0.0,0.0,0.0,0.0,66
2023-05-09 21:06:42,MA401P2250,MA401P2250,100.5,10.0,1005.0,10.0,7,99.5,101.0,10,92.5,100.5,100.5,100.5,10.0,1005.0,76
2023-05-09 21:06:44,MA401P2250,MA401P2250,100.5,0.0,0.0,0.0,7,99.5,101.5,20,92.5,100.5,100.5,100.5,10.0,1005.0,76
2023-05-09 21:06:45,MA401P2250,MA401P2250,100.5,0.0,0.0,0.0,7,99.5,101.5,27,92.5,100.5,100.5,100.5,10.0,1005.0,76
2023-05-09 21:06:50,MA401P2250,MA401P2250,100.5,0.0,0.0,0.0,7,99.5,101.5,17,92.5,100.5,100.5,100.5,10.0,1005.0,76
2023-05-09 21:06:51,MA401P2250,MA401P2250,100.5,0.0,0.0,0.0,7,99.5,101.5,27,92.5,100.5,100.5,100.5,10.0,1005.0,76
2023-05-09 21:07:07,MA401P2250,MA401P2250,100.5,0.0,0.0,0.0,7,99.5,101.5,37,92.5,100.5,100.5,100.5,10.0,1005.0,76
2023-05-09 21:07:11,MA401P2250,MA401P2250,100.5,0.0,0.0,0.0,37,99.5,101.5,27,92.5,100.5,100.5,100.5,10.0,1005.0,76
2023-05-09 21:07:11,MA401P2250,MA401P2250,100.5,0.0,0.0,0.0,7,100.0,101.5,27,92.5,100.5,100.5,100.5,10.0,1005.0,76
2023-05-09 21:07:12,MA401P2250,MA401P2250,100.5,0.0,0.0,0.0,7,100.0,101.5,20,92.5,100.5,100.5,100.5,10.0,1005.0,76
2023-05-09 21:07:15,MA401P2250,MA401P2250,100.5,0.0,0.0,0.0,27,100.0,101.5,30,92.5,100.5,100.5,100.5,10.0,1005.0,76
2023-05-09 21:07:15,MA401P2250,MA401P2250,100.5,0.0,0.0,0.0,27,100.0,101.5,20,92.5,100.5,100.5,100.5,10.0,1005.0,76
2023-05-09 21:07:20,MA401P2250,MA401P2250,100.5,0.0,0.0,0.0,27,100.0,101.5,30,92.5,100.5,100.5,100.5,10.0,1005.0,76
2023-05-09 21:07:21,MA401P2250,MA401P2250,100.5,0.0,0.0,0.0,7,100.0,101.5,30,92.5,100.5,100.5,100.5,10.0,1005.0,76
2023-05-09 21:07:32,MA401P2250,MA401P2250,100.5,0.0,0.0,0.0,7,100.0,101.5,37,92.5,100.5,100.5,100.5,10.0,1005.0,76
2023-05-09 21:07:35,MA401P2250,MA401P2250,100.5,0.0,0.0,0.0,17,100.0,101.5,27,92.5,100.5,100.5,100.5,10.0,1005.0,76
2023-05-09 21:07:35,MA401P2250,MA401P2250,100.5,0.0,0.0,0.0,7,100.0,101.5,27,92.5,100.5,100.5,100.5,10.0,1005.0,76
2023-05-09 21:07:36,MA401P2250,MA401P2250,100.5,0.0,0.0,0.0,27,100.0,101.5,37,92.5,100.5,100.5,100.5,10.0,1005.0,76
2023-05-09 21:07:37,MA401P2250,MA401P2250,100.5,0.0,0.0,0.0,7,100.0,101.5,37,92.5,100.5,100.5,100.5,10.0,1005.0,76
2023-05-09 21:07:39,MA401P2250,MA401P2250,100.5,0.0,0.0,0.0,17,100.0,101.5,37,92.5,100.5,100.5,100.5,10.0,1005.0,76
2023-05-09 21:07:40,MA401P2250,MA401P2250,100.5,0.0,0.0,0.0,17,100.0,101.5,27,92.5,100.5,100.5,100.5,10.0,1005.0,76
2023-05-09 21:07:42,MA401P2250,MA401P2250,100.5,0.0,0.0,0.0,27,100.0,101.5,37,92.5,100.5,100.5,100.5,10.0,1005.0,76
2023-05-09 21:07:47,MA401P2250,MA401P2250,100.5,0.0,0.0,0.0,27,100.0,101.5,27,92.5,100.5,100.5,100.5,10.0,1005.0,76
2023-05-09 21:07:48,MA401P2250,MA401P2250,100.5,0.0,0.0,0.0,27,100.0,101.5,17,92.5,100.5,100.5,100.5,10.0,1005.0,76
2023-05-09 21:07:48,MA401P2250,MA401P2250,100.5,0.0,0.0,0.0,27,100.0,101.5,7,92.5,100.5,100.5,100.5,10.0,1005.0,76
2023-05-09 21:07:50,MA401P2250,MA401P2250,100.5,0.0,0.0,0.0,37,100.0,101.5,7,92.5,100.5,100.5,100.5,10.0,1005.0,76
2023-05-09 21:07:52,MA401P2250,MA401P2250,100.5,0.0,0.0,0.0,27,100.0,101.5,7,92.5,100.5,100.5,100.5,10.0,1005.0,76
2023-05-09 21:07:53,MA401P2250,MA401P2250,100.5,0.0,0.0,0.0,17,100.0,101.5,17,92.5,100.5,100.5,100.5,10.0,1005.0,76
2023-05-09 21:07:54,MA401P2250,MA401P2250,100.5,0.0,0.0,0.0,7,100.0,101.5,37,92.5,100.5,100.5,100.5,10.0,1005.0,76
2023-05-09 21:07:57,MA401P2250,MA401P2250,100.5,0.0,0.0,0.0,27,99.5,101.0,20,92.5,100.5,100.5,100.5,10.0,1005.0,76
2023-05-09 21:07:59,MA401P2250,MA401P2250,100.5,0.0,0.0,0.0,7,99.5,101.0,20,92.5,100.5,100.5,100.5,10.0,1005.0,76
2023-05-09 21:08:02,MA401P2250,MA401P2250,100.5,0.0,0.0,0.0,17,99.5,101.0,20,92.5,100.5,100.5,100.5,10.0,1005.0,76
2023-05-09 21:08:02,MA401P2250,MA401P2250,100.5,0.0,0.0,0.0,17,99.5,101.0,10,92.5,100.5,100.5,100.5,10.0,1005.0,76
2023-05-09 21:08:03,MA401P2250,MA401P2250,100.5,0.0,0.0,0.0,7,99.5,101.0,10,92.5,100.5,100.5,100.5,10.0,1005.0,76
2023-05-09 21:08:05,MA401P2250,MA401P2250,100.5,0.0,0.0,0.0,17,99.5,101.0,10,92.5,100.5,100.5,100.5,10.0,1005.0,76
2023-05-09 21:08:06,MA401P2250,MA401P2250,100.5,0.0,0.0,0.0,27,99.5,101.0,10,92.5,100.5,100.5,100.5,10.0,1005.0,76
2023-05-09 21:08:07,MA401P2250,MA401P2250,100.5,0.0,0.0,0.0,17,99.5,101.0,10,92.5,100.5,100.5,100.5,10.0,1005.0,76
2023-05-09 21:08:08,MA401P2250,MA401P2250,100.5,0.0,0.0,0.0,7,99.5,101.0,10,92.5,100.5,100.5,100.5,10.0,1005.0,76
2023-05-09 21:08:09,MA401P2250,MA401P2250,100.5,0.0,0.0,0.0,17,99.5,101.0,10,92.5,100.5,100.5,100.5,10.0,1005.0,76
2023-05-09 21:08:10,MA401P2250,MA401P2250,100.5,0.0,0.0,0.0,27,99.5,101.0,10,92.5,100.5,100.5,100.5,10.0,1005.0,76
2023-05-09 21:08:11,MA401P2250,MA401P2250,100.5,0.0,0.0,0.0,27,99.5,101.5,47,92.5,100.5,100.5,100.5,10.0,1005.0,76
2023-05-09 21:08:36,MA401P2250,MA401P2250,100.5,0.0,0.0,0.0,27,99.5,101.0,20,92.5,100.5,100.5,100.5,10.0,1005.0,76
2023-05-09 21:08:40,MA401P2250,MA401P2250,100.5,0.0,0.0,0.0,27,99.5,101.0,10,92.5,100.5,100.5,100.5,10.0,1005.0,76
2023-05-09 21:08:43,MA401P2250,MA401P2250,100.5,0.0,0.0,0.0,27,99.5,101.5,47,92.5,100.5,100.5,100.5,10.0,1005.0,76
2023-05-09 21:08:43,MA401P2250,MA401P2250,100.5,0.0,0.0,0.0,37,99.5,101.5,57,92.5,100.5,100.5,100.5,10.0,1005.0,76
2023-05-09 21:08:48,MA401P2250,MA401P2250,100.5,0.0,0.0,0.0,47,99.5,101.5,47,92.5,100.5,100.5,100.5,10.0,1005.0,76
2023-05-09 21:08:49,MA401P2250,MA401P2250,100.5,0.0,0.0,0.0,7,100.0,101.5,47,92.5,100.5,100.5,100.5,10.0,1005.0,76
2023-05-09 21:08:51,MA401P2250,MA401P2250,100.5,0.0,0.0,0.0,17,100.0,101.5,47,92.5,100.5,100.5,100.5,10.0,1005.0,76
2023-05-09 21:08:51,MA401P2250,MA401P2250,100.5,0.0,0.0,0.0,27,100.0,101.5,37,92.5,100.5,100.5,100.5,10.0,1005.0,76
2023-05-09 21:08:57,MA401P2250,MA401P2250,100.5,0.0,0.0,0.0,17,100.0,101.5,37,92.5,100.5,100.5,100.5,10.0,1005.0,76
2023-05-09 21:08:59,MA401P2250,MA401P2250,100.5,0.0,0.0,0.0,7,100.0,101.5,37,92.5,100.5,100.5,100.5,10.0,1005.0,76
2023-05-09 21:09:01,MA401P2250,MA401P2250,100.5,0.0,0.0,0.0,17,100.0,101.5,37,92.5,100.5,100.5,100.5,10.0,1005.0,76
2023-05-09 21:09:01,MA401P2250,MA401P2250,100.5,0.0,0.0,0.0,27,100.0,101.5,37,92.5,100.5,100.5,100.5,10.0,1005.0,76
2023-05-09 21:09:10,MA401P2250,MA401P2250,100.5,0.0,0.0,0.0,27,100.0,101.5,30,92.5,100.5,100.5,100.5,10.0,1005.0,76
2023-05-09 21:09:14,MA401P2250,MA401P2250,100.5,0.0,0.0,0.0,27,100.0,101.5,20,92.5,100.5,100.5,100.5,10.0,1005.0,76
2023-05-09 21:09:14,MA401P2250,MA401P2250,100.5,0.0,0.0,0.0,27,100.0,101.5,30,92.5,100.5,100.5,100.5,10.0,1005.0,76
2023-05-09 21:09:18,MA401P2250,MA401P2250,100.5,0.0,0.0,0.0,37,100.0,101.5,20,92.5,100.5,100.5,100.5,10.0,1005.0,76
2023-05-09 21:09:23,MA401P2250,MA401P2250,100.5,0.0,0.0,0.0,27,100.0,101.5,30,92.5,100.5,100.5,100.5,10.0,1005.0,76
2023-05-09 21:09:23,MA401P2250,MA401P2250,100.5,0.0,0.0,0.0,27,100.0,101.5,40,92.5,100.5,100.5,100.5,10.0,1005.0,76
2023-05-09 21:09:29,MA401P2250,MA401P2250,100.5,0.0,0.0,0.0,17,100.0,101.5,40,92.5,100.5,100.5,100.5,10.0,1005.0,76
2023-05-09 21:09:29,MA401P2250,MA401P2250,100.5,0.0,0.0,0.0,17,100.0,101.5,30,92.5,100.5,100.5,100.5,10.0,1005.0,76
2023-05-09 21:09:30,MA401P2250,MA401P2250,100.5,0.0,0.0,0.0,7,100.0,101.5,40,92.5,100.5,100.5,100.5,10.0,1005.0,76
2023-05-09 21:09:31,MA401P2250,MA401P2250,100.5,0.0,0.0,0.0,27,100.0,101.5,30,92.5,100.5,100.5,100.5,10.0,1005.0,76
2023-05-09 21:09:31,MA401P2250,MA401P2250,100.5,0.0,0.0,0.0,17,100.0,101.5,30,92.5,100.5,100.5,100.5,10.0,1005.0,76
2023-05-09 21:09:32,MA401P2250,MA401P2250,100.5,0.0,0.0,0.0,7,100.0,101.5,30,92.5,100.5,100.5,100.5,10.0,1005.0,76
2023-05-09 21:09:32,MA401P2250,MA401P2250,100.5,0.0,0.0,0.0,17,100.0,101.5,30,92.5,100.5,100.5,100.5,10.0,1005.0,76
2023-05-09 21:09:35,MA401P2250,MA401P2250,100.5,0.0,0.0,0.0,7,100.0,101.5,30,92.5,100.5,100.5,100.5,10.0,1005.0,76
2023-05-09 21:09:36,MA401P2250,MA401P2250,100.5,0.0,0.0,0.0,7,100.0,101.5,40,92.5,100.5,100.5,100.5,10.0,1005.0,76
2023-05-09 21:10:03,MA401P2250,MA401P2250,100.5,0.0,0.0,0.0,7,100.0,101.5,50,92.5,100.5,100.5,100.5,10.0,1005.0,76
2023-05-09 21:10:06,MA401P2250,MA401P2250,100.5,0.0,0.0,0.0,7,100.0,101.5,57,92.5,100.5,100.5,100.5,10.0,1005.0,76
2023-05-09 21:10:07,MA401P2250,MA401P2250,100.5,0.0,0.0,0.0,7,100.0,101.5,67,92.5,100.5,100.5,100.5,10.0,1005.0,76
2023-05-09 21:10:18,MA401P2250,MA401P2250,100.5,0.0,0.0,0.0,7,100.0,101.0,20,92.5,100.5,100.5,100.5,10.0,1005.0,76
2023-05-09 21:10:19,MA401P2250,MA401P2250,100.5,0.0,0.0,0.0,7,100.0,101.0,30,92.5,100.5,100.5,100.5,10.0,1005.0,76
2023-05-09 21:10:24,MA401P2250,MA401P2250,100.5,0.0,0.0,0.0,27,99.5,101.0,30,92.5,100.5,100.5,100.5,10.0,1005.0,76
2023-05-09 21:10:29,MA401P2250,MA401P2250,100.5,0.0,0.0,0.0,27,99.5,101.0,37,92.5,100.5,100.5,100.5,10.0,1005.0,76
2023-05-09 21:10:34,MA401P2250,MA401P2250,100.5,0.0,0.0,0.0,37,99.5,101.0,37,92.5,100.5,100.5,100.5,10.0,1005.0,76
2023-05-09 21:10:39,MA401P2250,MA401P2250,100.5,0.0,0.0,0.0,37,99.5,101.0,27,92.5,100.5,100.5,100.5,10.0,1005.0,76
2023-05-09 21:10:41,MA401P2250,MA401P2250,100.5,0.0,0.0,0.0,27,99.5,101.0,37,92.5,100.5,100.5,100.5,10.0,1005.0,76
2023-05-09 21:10:44,MA401P2250,MA401P2250,100.5,0.0,0.0,0.0,17,99.5,101.0,37,92.5,100.5,100.5,100.5,10.0,1005.0,76
2023-05-09 21:10:48,MA401P2250,MA401P2250,100.5,0.0,0.0,0.0,27,99.5,101.0,37,92.5,100.5,100.5,100.5,10.0,1005.0,76
2023-05-09 21:11:11,MA401P2250,MA401P2250,100.5,0.0,0.0,0.0,7,99.5,101.0,37,92.5,100.5,100.5,100.5,10.0,1005.0,76
2023-05-09 21:11:19,MA401P2250,MA401P2250,100.5,0.0,0.0,0.0,7,99.5,100.5,20,92.5,100.5,100.5,100.5,10.0,1005.0,76
2023-05-09 21:11:29,MA401P2250,MA401P2250,100.5,0.0,0.0,0.0,7,99.5,101.0,27,92.5,100.5,100.5,100.5,10.0,1005.0,76
2023-05-09 21:11:31,MA401P2250,MA401P2250,100.5,0.0,0.0,0.0,7,99.5,101.0,37,92.5,100.5,100.5,100.5,10.0,1005.0,76
2023-05-09 21:11:33,MA401P2250,MA401P2250,100.5,0.0,0.0,0.0,27,99.5,101.0,37,92.5,100.5,100.5,100.5,10.0,1005.0,76
2023-05-09 21:11:55,MA401P2250,MA401P2250,100.5,0.0,0.0,0.0,37,99.5,101.0,27,92.5,100.5,100.5,100.5,10.0,1005.0,76
2023-05-09 21:11:55,MA401P2250,MA401P2250,100.5,0.0,0.0,0.0,37,99.5,101.0,37,92.5,100.5,100.5,100.5,10.0,1005.0,76
2023-05-09 21:11:55,MA401P2250,MA401P2250,100.5,0.0,0.0,0.0,37,99.5,101.0,27,92.5,100.5,100.5,100.5,10.0,1005.0,76
2023-05-09 21:11:56,MA401P2250,MA401P2250,100.5,0.0,0.0,0.0,37,99.5,101.0,37,92.5,100.5,100.5,100.5,10.0,1005.0,76
2023-05-09 21:11:56,MA401P2250,MA401P2250,100.5,0.0,0.0,0.0,27,99.5,101.0,37,92.5,100.5,100.5,100.5,10.0,1005.0,76
2023-05-09 21:12:05,MA401P2250,MA401P2250,100.5,0.0,0.0,0.0,27,99.5,101.0,27,92.5,100.5,100.5,100.5,10.0,1005.0,76
2023-05-09 21:12:10,MA401P2250,MA401P2250,100.5,0.0,0.0,0.0,37,99.5,101.0,17,92.5,100.5,100.5,100.5,10.0,1005.0,76
2023-05-09 21:12:11,MA401P2250,MA401P2250,100.5,0.0,0.0,0.0,7,100.0,101.0,10,92.5,100.5,100.5,100.5,10.0,1005.0,76
2023-05-09 21:12:11,MA401P2250,MA401P2250,100.5,0.0,0.0,0.0,7,100.0,101.5,77,92.5,100.5,100.5,100.5,10.0,1005.0,76
2023-05-09 21:12:21,MA401P2250,MA401P2250,100.5,0.0,0.0,0.0,17,100.0,101.5,77,92.5,100.5,100.5,100.5,10.0,1005.0,76
2023-05-09 21:12:21,MA401P2250,MA401P2250,100.5,0.0,0.0,0.0,27,100.0,101.5,77,92.5,100.5,100.5,100.5,10.0,1005.0,76
2023-05-09 21:12:22,MA401P2250,MA401P2250,100.5,0.0,0.0,0.0,7,100.0,101.5,77,92.5,100.5,100.5,100.5,10.0,1005.0,76
2023-05-09 21:12:29,MA401P2250,MA401P2250,100.5,0.0,0.0,0.0,7,100.0,101.0,10,92.5,100.5,100.5,100.5,10.0,1005.0,76
2023-05-09 21:12:30,MA401P2250,MA401P2250,100.5,0.0,0.0,0.0,7,100.0,101.5,77,92.5,100.5,100.5,100.5,10.0,1005.0,76
2023-05-09 21:12:42,MA401P2250,MA401P2250,100.5,0.0,0.0,0.0,17,100.0,101.5,57,92.5,100.5,100.5,100.5,10.0,1005.0,76
2023-05-09 21:12:42,MA401P2250,MA401P2250,100.5,0.0,0.0,0.0,27,100.0,101.5,47,92.5,100.5,100.5,100.5,10.0,1005.0,76
2023-05-09 21:12:43,MA401P2250,MA401P2250,100.5,0.0,0.0,0.0,27,100.0,101.5,37,92.5,100.5,100.5,100.5,10.0,1005.0,76
2023-05-09 21:12:54,MA401P2250,MA401P2250,100.5,0.0,0.0,0.0,17,100.0,101.5,47,92.5,100.5,100.5,100.5,10.0,1005.0,76
2023-05-09 21:12:55,MA401P2250,MA401P2250,100.5,0.0,0.0,0.0,17,100.0,101.5,57,92.5,100.5,100.5,100.5,10.0,1005.0,76
2023-05-09 21:12:55,MA401P2250,MA401P2250,100.5,0.0,0.0,0.0,7,100.0,101.5,57,92.5,100.5,100.5,100.5,10.0,1005.0,76
2023-05-09 21:13:04,MA401P2250,MA401P2250,100.5,0.0,0.0,0.0,27,100.0,101.5,47,92.5,100.5,100.5,100.5,10.0,1005.0,76
2023-05-09 21:13:04,MA401P2250,MA401P2250,100.5,0.0,0.0,0.0,57,100.0,102.0,30,92.5,100.5,100.5,100.5,10.0,1005.0,76
2023-05-09 21:13:05,MA401P2250,MA401P2250,100.5,0.0,0.0,0.0,7,100.5,102.0,30,92.5,100.5,100.5,100.5,10.0,1005.0,76
2023-05-09 21:13:06,MA401P2250,MA401P2250,100.5,0.0,0.0,0.0,7,100.5,102.0,47,92.5,100.5,100.5,100.5,10.0,1005.0,76
2023-05-09 21:13:07,MA401P2250,MA401P2250,100.5,0.0,0.0,0.0,7,100.5,102.0,57,92.5,100.5,100.5,100.5,10.0,1005.0,76
2023-05-09 21:13:08,MA401P2250,MA401P2250,100.5,0.0,0.0,0.0,7,100.5,101.5,10,92.5,100.5,100.5,100.5,10.0,1005.0,76
2023-05-09 21:13:08,MA401P2250,MA401P2250,100.5,0.0,0.0,0.0,7,100.5,101.5,20,92.5,100.5,100.5,100.5,10.0,1005.0,76
2023-05-09 21:13:09,MA401P2250,MA401P2250,100.5,0.0,0.0,0.0,7,100.5,102.0,47,92.5,100.5,100.5,100.5,10.0,1005.0,76
2023-05-09 21:13:10,MA401P2250,MA401P2250,100.5,0.0,0.0,0.0,7,100.5,102.0,37,92.5,100.5,100.5,100.5,10.0,1005.0,76
2023-05-09 21:13:11,MA401P2250,MA401P2250,100.5,0.0,0.0,0.0,27,100.5,102.0,37,92.5,100.5,100.5,100.5,10.0,1005.0,76
2023-05-09 21:13:12,MA401P2250,MA401P2250,100.5,0.0,0.0,0.0,37,100.5,102.0,37,92.5,100.5,100.5,100.5,10.0,1005.0,76
2023-05-09 21:13:16,MA401P2250,MA401P2250,100.5,0.0,0.0,0.0,47,100.5,102.0,27,92.5,100.5,100.5,100.5,10.0,1005.0,76
2023-05-09 21:13:18,MA401P2250,MA401P2250,100.5,0.0,0.0,0.0,37,100.5,102.0,37,92.5,100.5,100.5,100.5,10.0,1005.0,76
2023-05-09 21:13:20,MA401P2250,MA401P2250,100.5,0.0,0.0,0.0,17,100.5,102.0,37,92.5,100.5,100.5,100.5,10.0,1005.0,76
2023-05-09 21:13:21,MA401P2250,MA401P2250,100.5,0.0,0.0,0.0,27,100.5,102.0,37,92.5,100.5,100.5,100.5,10.0,1005.0,76
2023-05-09 21:13:24,MA401P2250,MA401P2250,100.5,0.0,0.0,0.0,27,100.5,102.0,47,92.5,100.5,100.5,100.5,10.0,1005.0,76
2023-05-09 21:13:25,MA401P2250,MA401P2250,100.5,0.0,0.0,0.0,7,100.5,102.0,47,92.5,100.5,100.5,100.5,10.0,1005.0,76
2023-05-09 21:13:27,MA401P2250,MA401P2250,100.5,0.0,0.0,0.0,37,100.0,101.5,50,92.5,100.5,100.5,100.5,10.0,1005.0,76
2023-05-09 21:13:27,MA401P2250,MA401P2250,100.5,0.0,0.0,0.0,17,100.0,101.5,40,92.5,100.5,100.5,100.5,10.0,1005.0,76
2023-05-09 21:13:28,MA401P2250,MA401P2250,100.5,0.0,0.0,0.0,7,100.0,101.5,50,92.5,100.5,100.5,100.5,10.0,1005.0,76
2023-05-09 21:13:28,MA401P2250,MA401P2250,100.5,0.0,0.0,0.0,7,100.0,101.5,40,92.5,100.5,100.5,100.5,10.0,1005.0,76
2023-05-09 21:13:29,MA401P2250,MA401P2250,100.5,0.0,0.0,0.0,7,100.0,101.0,10,92.5,100.5,100.5,100.5,10.0,1005.0,76
2023-05-09 21:13:29,MA401P2250,MA401P2250,100.5,0.0,0.0,0.0,7,100.0,101.0,20,92.5,100.5,100.5,100.5,10.0,1005.0,76
2023-05-09 21:13:31,MA401P2250,MA401P2250,100.5,0.0,0.0,0.0,7,100.0,101.0,30,92.5,100.5,100.5,100.5,10.0,1005.0,76
2023-05-09 21:13:32,MA401P2250,MA401P2250,100.5,0.0,0.0,0.0,7,100.0,101.0,20,92.5,100.5,100.5,100.5,10.0,1005.0,76
2023-05-09 21:13:33,MA401P2250,MA401P2250,100.5,0.0,0.0,0.0,7,100.0,101.0,40,92.5,100.5,100.5,100.5,10.0,1005.0,76
2023-05-09 21:13:34,MA401P2250,MA401P2250,100.5,0.0,0.0,0.0,7,100.0,101.0,30,92.5,100.5,100.5,100.5,10.0,1005.0,76
2023-05-09 21:13:34,MA401P2250,MA401P2250,100.5,0.0,0.0,0.0,7,100.0,101.0,40,92.5,100.5,100.5,100.5,10.0,1005.0,76
2023-05-09 21:13:41,MA401P2250,MA401P2250,100.5,0.0,0.0,0.0,7,100.0,101.0,30,92.5,100.5,100.5,100.5,10.0,1005.0,76
2023-05-09 21:13:55,MA401P2250,MA401P2250,100.5,0.0,0.0,0.0,7,100.0,101.0,20,92.5,100.5,100.5,100.5,10.0,1005.0,76
2023-05-09 21:13:56,MA401P2250,MA401P2250,100.5,0.0,0.0,0.0,7,100.0,101.0,30,92.5,100.5,100.5,100.5,10.0,1005.0,76
2023-05-09 21:14:00,MA401P2250,MA401P2250,100.5,0.0,0.0,0.0,57,99.0,101.0,40,92.5,100.5,100.5,100.5,10.0,1005.0,76
2023-05-09 21:14:00,MA401P2250,MA401P2250,100.5,0.0,0.0,0.0,10,99.5,101.0,30,92.5,100.5,100.5,100.5,10.0,1005.0,76
2023-05-09 21:14:01,MA401P2250,MA401P2250,100.5,0.0,0.0,0.0,27,99.5,101.0,30,92.5,100.5,100.5,100.5,10.0,1005.0,76
2023-05-09 21:14:01,MA401P2250,MA401P2250,100.5,0.0,0.0,0.0,37,99.5,101.0,30,92.5,100.5,100.5,100.5,10.0,1005.0,76
2023-05-09 21:14:03,MA401P2250,MA401P2250,100.5,0.0,0.0,0.0,7,99.5,101.0,40,92.5,100.5,100.5,100.5,10.0,1005.0,76
2023-05-09 21:14:04,MA401P2250,MA401P2250,100.5,0.0,0.0,0.0,17,99.5,101.0,37,92.5,100.5,100.5,100.5,10.0,1005.0,76
2023-05-09 21:14:04,MA401P2250,MA401P2250,100.5,0.0,0.0,0.0,27,99.5,101.0,37,92.5,100.5,100.5,100.5,10.0,1005.0,76
2023-05-09 21:14:09,MA401P2250,MA401P2250,100.5,0.0,0.0,0.0,27,99.5,101.0,47,92.5,100.5,100.5,100.5,10.0,1005.0,76
2023-05-09 21:14:10,MA401P2250,MA401P2250,100.5,0.0,0.0,0.0,7,99.5,101.0,47,92.5,100.5,100.5,100.5,10.0,1005.0,76
2023-05-09 21:14:11,MA401P2250,MA401P2250,100.5,0.0,0.0,0.0,27,99.5,101.0,47,92.5,100.5,100.5,100.5,10.0,1005.0,76
2023-05-09 21:14:12,MA401P2250,MA401P2250,100.5,0.0,0.0,0.0,17,99.5,101.0,47,92.5,100.5,100.5,100.5,10.0,1005.0,76
2023-05-09 21:14:14,MA401P2250,MA401P2250,100.5,0.0,0.0,0.0,7,99.5,101.0,47,92.5,100.5,100.5,100.5,10.0,1005.0,76
2023-05-09 21:14:18,MA401P2250,MA401P2250,100.5,0.0,0.0,0.0,17,99.5,101.0,47,92.5,100.5,100.5,100.5,10.0,1005.0,76
2023-05-09 21:14:19,MA401P2250,MA401P2250,100.5,0.0,0.0,0.0,7,99.5,101.0,47,92.5,100.5,100.5,100.5,10.0,1005.0,76
2023-05-09 21:14:25,MA401P2250,MA401P2250,100.5,0.0,0.0,0.0,17,99.5,101.0,47,92.5,100.5,100.5,100.5,10.0,1005.0,76
2023-05-09 21:14:26,MA401P2250,MA401P2250,100.5,0.0,0.0,0.0,37,99.5,101.0,37,92.5,100.5,100.5,100.5,10.0,1005.0,76
2023-05-09 21:14:27,MA401P2250,MA401P2250,100.5,0.0,0.0,0.0,27,99.5,101.0,47,92.5,100.5,100.5,100.5,10.0,1005.0,76
2023-05-09 21:14:28,MA401P2250,MA401P2250,100.5,0.0,0.0,0.0,7,99.5,101.0,47,92.5,100.5,100.5,100.5,10.0,1005.0,76
2023-05-09 21:14:51,MA401P2250,MA401P2250,100.5,0.0,0.0,0.0,7,99.5,101.0,57,92.5,100.5,100.5,100.5,10.0,1005.0,76
2023-05-09 21:15:02,MA401P2250,MA401P2250,100.5,0.0,0.0,0.0,57,99.0,101.0,67,92.5,100.5,100.5,100.5,10.0,1005.0,76
2023-05-09 21:15:02,MA401P2250,MA401P2250,100.5,0.0,0.0,0.0,47,99.0,101.0,67,92.5,100.5,100.5,100.5,10.0,1005.0,76
2023-05-09 21:15:03,MA401P2250,MA401P2250,100.5,0.0,0.0,0.0,57,99.0,101.0,67,92.5,100.5,100.5,100.5,10.0,1005.0,76
2023-05-09 21:15:04,MA401P2250,MA401P2250,100.5,0.0,0.0,0.0,47,99.0,101.0,67,92.5,100.5,100.5,100.5,10.0,1005.0,76
2023-05-09 21:15:05,MA401P2250,MA401P2250,100.5,0.0,0.0,0.0,47,99.0,100.5,7,92.5,100.5,100.5,100.5,10.0,1005.0,76
2023-05-09 21:15:06,MA401P2250,MA401P2250,100.5,0.0,0.0,0.0,17,99.0,100.5,47,92.5,100.5,100.5,100.5,10.0,1005.0,76
2023-05-09 21:15:06,MA401P2250,MA401P2250,100.5,0.0,0.0,0.0,7,99.0,100.5,67,92.5,100.5,100.5,100.5,10.0,1005.0,76
2023-05-09 21:15:21,MA401P2250,MA401P2250,100.5,0.0,0.0,0.0,7,99.0,100.5,77,92.5,100.5,100.5,100.5,10.0,1005.0,76
2023-05-09 21:15:22,MA401P2250,MA401P2250,100.5,0.0,0.0,0.0,7,99.0,100.0,10,92.5,100.5,100.5,100.5,10.0,1005.0,76
2023-05-09 21:15:22,MA401P2250,MA401P2250,100.5,0.0,0.0,0.0,7,99.0,100.0,30,92.5,100.5,100.5,100.5,10.0,1005.0,76
2023-05-09 21:15:25,MA401P2250,MA401P2250,100.5,0.0,0.0,0.0,7,99.0,100.0,37,92.5,100.5,100.5,100.5,10.0,1005.0,76
2023-05-09 21:15:26,MA401P2250,MA401P2250,100.5,0.0,0.0,0.0,40,98.5,100.0,47,92.5,100.5,100.5,100.5,10.0,1005.0,76
2023-05-09 21:15:27,MA401P2250,MA401P2250,100.5,0.0,0.0,0.0,10,98.5,100.0,47,92.5,100.5,100.5,100.5,10.0,1005.0,76
2023-05-09 21:15:27,MA401P2250,MA401P2250,100.5,0.0,0.0,0.0,67,98.0,100.0,37,92.5,100.5,100.5,100.5,10.0,1005.0,76
2023-05-09 21:15:29,MA401P2250,MA401P2250,100.5,0.0,0.0,0.0,77,98.0,100.0,47,92.5,100.5,100.5,100.5,10.0,1005.0,76
2023-05-09 21:15:30,MA401P2250,MA401P2250,100.5,0.0,0.0,0.0,10,98.5,100.0,47,92.5,100.5,100.5,100.5,10.0,1005.0,76
2023-05-09 21:15:33,MA401P2250,MA401P2250,100.5,0.0,0.0,0.0,57,98.0,99.5,7,92.5,100.5,100.5,100.5,10.0,1005.0,76
2023-05-09 21:15:34,MA401P2250,MA401P2250,100.5,0.0,0.0,0.0,57,98.0,99.5,37,92.5,100.5,100.5,100.5,10.0,1005.0,76
2023-05-09 21:15:34,MA401P2250,MA401P2250,100.5,0.0,0.0,0.0,47,98.0,99.5,47,92.5,100.5,100.5,100.5,10.0,1005.0,76
2023-05-09 21:15:35,MA401P2250,MA401P2250,100.5,0.0,0.0,0.0,47,98.0,99.5,27,92.5,100.5,100.5,100.5,10.0,1005.0,76
2023-05-09 21:15:36,MA401P2250,MA401P2250,100.5,0.0,0.0,0.0,47,98.0,99.5,17,92.5,100.5,100.5,100.5,10.0,1005.0,76
2023-05-09 21:15:36,MA401P2250,MA401P2250,100.5,0.0,0.0,0.0,47,98.0,99.5,37,92.5,100.5,100.5,100.5,10.0,1005.0,76
2023-05-09 21:15:37,MA401P2250,MA401P2250,100.5,0.0,0.0,0.0,37,98.0,99.5,47,92.5,100.5,100.5,100.5,10.0,1005.0,76
2023-05-09 21:15:42,MA401P2250,MA401P2250,100.5,0.0,0.0,0.0,27,98.0,99.5,47,92.5,100.5,100.5,100.5,10.0,1005.0,76
2023-05-09 21:15:43,MA401P2250,MA401P2250,100.5,0.0,0.0,0.0,37,98.0,99.5,47,92.5,100.5,100.5,100.5,10.0,1005.0,76
2023-05-09 21:15:46,MA401P2250,MA401P2250,100.5,0.0,0.0,0.0,47,98.0,99.5,27,92.5,100.5,100.5,100.5,10.0,1005.0,76
2023-05-09 21:15:47,MA401P2250,MA401P2250,100.5,0.0,0.0,0.0,37,98.0,99.5,37,92.5,100.5,100.5,100.5,10.0,1005.0,76
2023-05-09 21:15:48,MA401P2250,MA401P2250,100.5,0.0,0.0,0.0,37,98.0,99.5,47,92.5,100.5,100.5,100.5,10.0,1005.0,76
2023-05-09 21:15:51,MA401P2250,MA401P2250,100.5,0.0,0.0,0.0,27,98.0,99.5,37,92.5,100.5,100.5,100.5,10.0,1005.0,76
2023-05-09 21:15:53,MA401P2250,MA401P2250,100.5,0.0,0.0,0.0,17,98.0,99.5,37,92.5,100.5,100.5,100.5,10.0,1005.0,76
2023-05-09 21:15:54,MA401P2250,MA401P2250,100.5,0.0,0.0,0.0,7,98.0,99.5,37,92.5,100.5,100.5,100.5,10.0,1005.0,76
2023-05-09 21:15:54,MA401P2250,MA401P2250,100.5,0.0,0.0,0.0,7,98.0,99.5,47,92.5,100.5,100.5,100.5,10.0,1005.0,76
2023-05-09 21:15:58,MA401P2250,MA401P2250,100.5,0.0,0.0,0.0,7,98.0,99.0,27,92.5,100.5,100.5,100.5,10.0,1005.0,76
2023-05-09 21:15:59,MA401P2250,MA401P2250,100.5,0.0,0.0,0.0,7,98.0,99.0,37,92.5,100.5,100.5,100.5,10.0,1005.0,76
2023-05-09 21:16:00,MA401P2250,MA401P2250,100.5,0.0,0.0,0.0,7,98.0,99.0,27,92.5,100.5,100.5,100.5,10.0,1005.0,76
2023-05-09 21:16:01,MA401P2250,MA401P2250,100.5,0.0,0.0,0.0,7,98.0,99.0,17,92.5,100.5,100.5,100.5,10.0,1005.0,76
2023-05-09 21:16:02,MA401P2250,MA401P2250,100.5,0.0,0.0,0.0,17,98.0,99.0,10,92.5,100.5,100.5,100.5,10.0,1005.0,76
2023-05-09 21:16:03,MA401P2250,MA401P2250,100.5,0.0,0.0,0.0,27,98.0,99.0,10,92.5,100.5,100.5,100.5,10.0,1005.0,76
2023-05-09 21:16:04,MA401P2250,MA401P2250,100.5,0.0,0.0,0.0,17,98.0,99.0,10,92.5,100.5,100.5,100.5,10.0,1005.0,76
2023-05-09 21:16:11,MA401P2250,MA401P2250,100.5,0.0,0.0,0.0,17,98.0,99.5,37,92.5,100.5,100.5,100.5,10.0,1005.0,76
2023-05-09 21:16:12,MA401P2250,MA401P2250,100.5,0.0,0.0,0.0,37,98.0,99.5,17,92.5,100.5,100.5,100.5,10.0,1005.0,76
2023-05-09 21:16:14,MA401P2250,MA401P2250,100.5,0.0,0.0,0.0,37,98.0,99.5,27,92.5,100.5,100.5,100.5,10.0,1005.0,76
2023-05-09 21:16:16,MA401P2250,MA401P2250,100.5,0.0,0.0,0.0,17,98.0,99.5,47,92.5,100.5,100.5,100.5,10.0,1005.0,76
2023-05-09 21:16:16,MA401P2250,MA401P2250,100.5,0.0,0.0,0.0,17,98.0,99.5,57,92.5,100.5,100.5,100.5,10.0,1005.0,76
2023-05-09 21:16:18,MA401P2250,MA401P2250,100.5,0.0,0.0,0.0,27,98.0,99.5,47,92.5,100.5,100.5,100.5,10.0,1005.0,76
2023-05-09 21:16:18,MA401P2250,MA401P2250,100.5,0.0,0.0,0.0,17,98.0,99.5,47,92.5,100.5,100.5,100.5,10.0,1005.0,76
2023-05-09 21:16:20,MA401P2250,MA401P2250,100.5,0.0,0.0,0.0,27,98.0,99.5,47,92.5,100.5,100.5,100.5,10.0,1005.0,76
2023-05-09 21:16:22,MA401P2250,MA401P2250,100.5,0.0,0.0,0.0,37,98.0,99.5,27,92.5,100.5,100.5,100.5,10.0,1005.0,76
2023-05-09 21:16:23,MA401P2250,MA401P2250,100.5,0.0,0.0,0.0,37,98.0,99.5,17,92.5,100.5,100.5,100.5,10.0,1005.0,76
2023-05-09 21:16:36,MA401P2250,MA401P2250,100.5,0.0,0.0,0.0,27,98.0,99.5,17,92.5,100.5,100.5,100.5,10.0,1005.0,76
2023-05-09 21:16:38,MA401P2250,MA401P2250,100.5,0.0,0.0,0.0,27,98.0,99.5,27,92.5,100.5,100.5,100.5,10.0,1005.0,76
2023-05-09 21:16:39,MA401P2250,MA401P2250,100.5,0.0,0.0,0.0,27,98.0,99.5,37,92.5,100.5,100.5,100.5,10.0,1005.0,76
2023-05-09 21:16:41,MA401P2250,MA401P2250,100.5,0.0,0.0,0.0,17,98.0,99.5,37,92.5,100.5,100.5,100.5,10.0,1005.0,76
2023-05-09 21:16:42,MA401P2250,MA401P2250,100.5,0.0,0.0,0.0,17,98.0,99.5,47,92.5,100.5,100.5,100.5,10.0,1005.0,76
2023-05-09 21:16:47,MA401P2250,MA401P2250,100.5,0.0,0.0,0.0,27,98.0,99.5,47,92.5,100.5,100.5,100.5,10.0,1005.0,76
2023-05-09 21:16:50,MA401P2250,MA401P2250,100.5,0.0,0.0,0.0,17,98.0,99.5,37,92.5,100.5,100.5,100.5,10.0,1005.0,76
2023-05-09 21:16:50,MA401P2250,MA401P2250,100.5,0.0,0.0,0.0,27,98.0,99.5,47,92.5,100.5,100.5,100.5,10.0,1005.0,76
2023-05-09 21:16:58,MA401P2250,MA401P2250,100.5,0.0,0.0,0.0,17,98.0,99.5,37,92.5,100.5,100.5,100.5,10.0,1005.0,76
2023-05-09 21:17:00,MA401P2250,MA401P2250,100.5,0.0,0.0,0.0,27,98.0,99.5,47,92.5,100.5,100.5,100.5,10.0,1005.0,76
2023-05-09 21:17:01,MA401P2250,MA401P2250,100.5,0.0,0.0,0.0,17,98.0,99.5,37,92.5,100.5,100.5,100.5,10.0,1005.0,76
2023-05-09 21:17:02,MA401P2250,MA401P2250,100.5,0.0,0.0,0.0,27,98.0,99.5,37,92.5,100.5,100.5,100.5,10.0,1005.0,76
2023-05-09 21:17:03,MA401P2250,MA401P2250,100.5,0.0,0.0,0.0,37,98.0,99.5,27,92.5,100.5,100.5,100.5,10.0,1005.0,76
2023-05-09 21:17:10,MA401P2250,MA401P2250,100.5,0.0,0.0,0.0,27,98.0,99.5,37,92.5,100.5,100.5,100.5,10.0,1005.0,76
2023-05-09 21:17:12,MA401P2250,MA401P2250,100.5,0.0,0.0,0.0,37,98.0,99.5,27,92.5,100.5,100.5,100.5,10.0,1005.0,76
2023-05-09 21:17:15,MA401P2250,MA401P2250,100.5,0.0,0.0,0.0,27,98.0,99.5,47,92.5,100.5,100.5,100.5,10.0,1005.0,76
2023-05-09 21:17:15,MA401P2250,MA401P2250,100.5,0.0,0.0,0.0,37,98.0,99.5,27,92.5,100.5,100.5,100.5,10.0,1005.0,76
2023-05-09 21:17:16,MA401P2250,MA401P2250,100.5,0.0,0.0,0.0,27,98.0,99.5,37,92.5,100.5,100.5,100.5,10.0,1005.0,76
2023-05-09 21:17:16,MA401P2250,MA401P2250,100.5,0.0,0.0,0.0,27,98.0,99.5,47,92.5,100.5,100.5,100.5,10.0,1005.0,76
2023-05-09 21:17:27,MA401P2250,MA401P2250,100.5,0.0,0.0,0.0,17,98.0,99.5,47,92.5,100.5,100.5,100.5,10.0,1005.0,76
2023-05-09 21:17:29,MA401P2250,MA401P2250,100.5,0.0,0.0,0.0,7,98.0,99.5,47,92.5,100.5,100.5,100.5,10.0,1005.0,76
2023-05-09 21:17:31,MA401P2250,MA401P2250,100.5,0.0,0.0,0.0,27,98.0,99.5,47,92.5,100.5,100.5,100.5,10.0,1005.0,76
2023-05-09 21:17:32,MA401P2250,MA401P2250,100.5,0.0,0.0,0.0,37,98.0,99.5,27,92.5,100.5,100.5,100.5,10.0,1005.0,76
2023-05-09 21:17:34,MA401P2250,MA401P2250,100.5,0.0,0.0,0.0,27,98.0,99.5,37,92.5,100.5,100.5,100.5,10.0,1005.0,76
2023-05-09 21:18:00,MA401P2250,MA401P2250,100.5,0.0,0.0,0.0,10,98.5,99.5,27,92.5,100.5,100.5,100.5,10.0,1005.0,76
2023-05-09 21:18:00,MA401P2250,MA401P2250,100.5,0.0,0.0,0.0,20,98.5,99.5,27,92.5,100.5,100.5,100.5,10.0,1005.0,76
2023-05-09 21:18:01,MA401P2250,MA401P2250,100.5,0.0,0.0,0.0,20,98.5,99.5,17,92.5,100.5,100.5,100.5,10.0,1005.0,76
2023-05-09 21:18:03,MA401P2250,MA401P2250,100.5,0.0,0.0,0.0,10,98.5,99.5,27,92.5,100.5,100.5,100.5,10.0,1005.0,76
2023-05-09 21:18:03,MA401P2250,MA401P2250,100.5,0.0,0.0,0.0,10,98.5,99.5,17,92.5,100.5,100.5,100.5,10.0,1005.0,76
2023-05-09 21:18:04,MA401P2250,MA401P2250,100.5,0.0,0.0,0.0,20,98.5,99.5,27,92.5,100.5,100.5,100.5,10.0,1005.0,76
2023-05-09 21:18:04,MA401P2250,MA401P2250,100.5,0.0,0.0,0.0,10,98.5,99.5,37,92.5,100.5,100.5,100.5,10.0,1005.0,76
2023-05-09 21:18:05,MA401P2250,MA401P2250,100.5,0.0,0.0,0.0,37,98.0,99.5,37,92.5,100.5,100.5,100.5,10.0,1005.0,76
2023-05-09 21:18:07,MA401P2250,MA401P2250,100.5,0.0,0.0,0.0,10,98.5,99.5,27,92.5,100.5,100.5,100.5,10.0,1005.0,76
2023-05-09 21:18:07,MA401P2250,MA401P2250,100.5,0.0,0.0,0.0,20,98.5,99.5,17,92.5,100.5,100.5,100.5,10.0,1005.0,76
2023-05-09 21:18:11,MA401P2250,MA401P2250,100.5,0.0,0.0,0.0,20,98.5,99.5,7,92.5,100.5,100.5,100.5,10.0,1005.0,76
2023-05-09 21:18:18,MA401P2250,MA401P2250,100.5,0.0,0.0,0.0,57,98.0,99.5,7,92.5,100.5,100.5,100.5,10.0,1005.0,76
2023-05-09 21:18:19,MA401P2250,MA401P2250,100.5,0.0,0.0,0.0,47,98.0,99.5,7,92.5,100.5,100.5,100.5,10.0,1005.0,76
2023-05-09 21:18:20,MA401P2250,MA401P2250,100.5,0.0,0.0,0.0,57,98.0,99.5,7,92.5,100.5,100.5,100.5,10.0,1005.0,76
2023-05-09 21:18:23,MA401P2250,MA401P2250,100.5,0.0,0.0,0.0,57,98.0,99.5,17,92.5,100.5,100.5,100.5,10.0,1005.0,76
2023-05-09 21:18:24,MA401P2250,MA401P2250,100.5,0.0,0.0,0.0,10,98.5,99.5,17,92.5,100.5,100.5,100.5,10.0,1005.0,76
2023-05-09 21:18:24,MA401P2250,MA401P2250,100.5,0.0,0.0,0.0,20,98.5,99.5,7,92.5,100.5,100.5,100.5,10.0,1005.0,76
2023-05-09 21:18:36,MA401P2250,MA401P2250,100.5,0.0,0.0,0.0,10,98.5,99.5,7,92.5,100.5,100.5,100.5,10.0,1005.0,76
2023-05-09 21:18:42,MA401P2250,MA401P2250,100.5,0.0,0.0,0.0,20,98.5,99.5,7,92.5,100.5,100.5,100.5,10.0,1005.0,76
2023-05-09 21:18:44,MA401P2250,MA401P2250,100.5,0.0,0.0,0.0,27,98.5,100.0,67,92.5,100.5,100.5,100.5,10.0,1005.0,76
2023-05-09 21:18:50,MA401P2250,MA401P2250,100.5,0.0,0.0,0.0,17,98.5,100.0,67,92.5,100.5,100.5,100.5,10.0,1005.0,76
2023-05-09 21:19:00,MA401P2250,MA401P2250,100.5,0.0,0.0,0.0,17,98.5,100.0,57,92.5,100.5,100.5,100.5,10.0,1005.0,76
2023-05-09 21:19:01,MA401P2250,MA401P2250,100.5,0.0,0.0,0.0,27,98.5,100.0,67,92.5,100.5,100.5,100.5,10.0,1005.0,76
2023-05-09 21:19:05,MA401P2250,MA401P2250,100.5,0.0,0.0,0.0,17,98.5,100.0,67,92.5,100.5,100.5,100.5,10.0,1005.0,76
2023-05-09 21:19:08,MA401P2250,MA401P2250,100.5,0.0,0.0,0.0,27,98.5,100.0,67,92.5,100.5,100.5,100.5,10.0,1005.0,76
2023-05-09 21:19:15,MA401P2250,MA401P2250,100.5,0.0,0.0,0.0,27,98.5,100.0,57,92.5,100.5,100.5,100.5,10.0,1005.0,76
2023-05-09 21:19:16,MA401P2250,MA401P2250,100.5,0.0,0.0,0.0,27,98.5,100.0,47,92.5,100.5,100.5,100.5,10.0,1005.0,76
2023-05-09 21:19:16,MA401P2250,MA401P2250,100.5,0.0,0.0,0.0,27,98.5,100.0,57,92.5,100.5,100.5,100.5,10.0,1005.0,76
2023-05-09 21:19:17,MA401P2250,MA401P2250,100.5,0.0,0.0,0.0,17,98.5,100.0,67,92.5,100.5,100.5,100.5,10.0,1005.0,76
2023-05-09 21:19:20,MA401P2250,MA401P2250,100.5,0.0,0.0,0.0,27,98.5,100.0,67,92.5,100.5,100.5,100.5,10.0,1005.0,76
2023-05-09 21:19:21,MA401P2250,MA401P2250,100.5,0.0,0.0,0.0,27,98.5,100.0,57,92.5,100.5,100.5,100.5,10.0,1005.0,76
2023-05-09 21:19:22,MA401P2250,MA401P2250,100.5,0.0,0.0,0.0,27,98.5,100.0,47,92.5,100.5,100.5,100.5,10.0,1005.0,76
2023-05-09 21:19:24,MA401P2250,MA401P2250,100.5,0.0,0.0,0.0,27,98.5,100.0,37,92.5,100.5,100.5,100.5,10.0,1005.0,76
2023-05-09 21:19:26,MA401P2250,MA401P2250,100.5,0.0,0.0,0.0,27,98.5,100.0,27,92.5,100.5,100.5,100.5,10.0,1005.0,76
2023-05-09 21:19:42,MA401P2250,MA401P2250,100.5,0.0,0.0,0.0,27,98.5,100.0,37,92.5,100.5,100.5,100.5,10.0,1005.0,76
2023-05-09 21:19:43,MA401P2250,MA401P2250,100.5,0.0,0.0,0.0,27,98.5,100.0,27,92.5,100.5,100.5,100.5,10.0,1005.0,76
2023-05-09 21:19:49,MA401P2250,MA401P2250,100.5,0.0,0.0,0.0,37,98.5,100.0,27,92.5,100.5,100.5,100.5,10.0,1005.0,76
2023-05-09 21:19:50,MA401P2250,MA401P2250,100.5,0.0,0.0,0.0,10,99.0,100.5,70,92.5,100.5,100.5,100.5,10.0,1005.0,76
2023-05-09 21:19:51,MA401P2250,MA401P2250,100.5,0.0,0.0,0.0,27,99.0,100.5,50,92.5,100.5,100.5,100.5,10.0,1005.0,76
2023-05-09 21:19:52,MA401P2250,MA401P2250,100.5,0.0,0.0,0.0,27,99.0,100.5,57,92.5,100.5,100.5,100.5,10.0,1005.0,76
2023-05-09 21:19:56,MA401P2250,MA401P2250,100.5,0.0,0.0,0.0,37,99.0,100.5,57,92.5,100.5,100.5,100.5,10.0,1005.0,76
2023-05-09 21:19:58,MA401P2250,MA401P2250,100.5,0.0,0.0,0.0,27,99.0,100.5,47,92.5,100.5,100.5,100.5,10.0,1005.0,76
2023-05-09 21:19:58,MA401P2250,MA401P2250,100.5,0.0,0.0,0.0,47,99.0,100.5,27,92.5,100.5,100.5,100.5,10.0,1005.0,76
2023-05-09 21:19:59,MA401P2250,MA401P2250,100.5,0.0,0.0,0.0,37,99.0,100.5,37,92.5,100.5,100.5,100.5,10.0,1005.0,76
2023-05-09 21:19:59,MA401P2250,MA401P2250,100.5,0.0,0.0,0.0,37,99.0,100.5,47,92.5,100.5,100.5,100.5,10.0,1005.0,76
2023-05-09 21:20:00,MA401P2250,MA401P2250,100.5,0.0,0.0,0.0,37,99.0,100.5,17,92.5,100.5,100.5,100.5,10.0,1005.0,76
2023-05-09 21:20:00,MA401P2250,MA401P2250,100.5,0.0,0.0,0.0,20,99.5,100.5,17,92.5,100.5,100.5,100.5,10.0,1005.0,76
2023-05-09 21:20:02,MA401P2250,MA401P2250,100.5,0.0,0.0,0.0,20,99.5,100.5,7,92.5,100.5,100.5,100.5,10.0,1005.0,76
2023-05-09 21:20:07,MA401P2250,MA401P2250,100.5,0.0,0.0,0.0,10,99.5,100.5,7,92.5,100.5,100.5,100.5,10.0,1005.0,76
2023-05-09 21:20:08,MA401P2250,MA401P2250,100.5,0.0,0.0,0.0,37,99.0,100.5,27,92.5,100.5,100.5,100.5,10.0,1005.0,76
2023-05-09 21:20:09,MA401P2250,MA401P2250,100.5,0.0,0.0,0.0,27,99.0,100.5,37,92.5,100.5,100.5,100.5,10.0,1005.0,76
2023-05-09 21:20:10,MA401P2250,MA401P2250,100.5,0.0,0.0,0.0,27,99.0,100.5,47,92.5,100.5,100.5,100.5,10.0,1005.0,76
2023-05-09 21:20:26,MA401P2250,MA401P2250,100.5,0.0,0.0,0.0,37,99.0,100.5,47,92.5,100.5,100.5,100.5,10.0,1005.0,76
2023-05-09 21:20:26,MA401P2250,MA401P2250,100.5,0.0,0.0,0.0,27,99.0,100.5,37,92.5,100.5,100.5,100.5,10.0,1005.0,76
2023-05-09 21:20:33,MA401P2250,MA401P2250,100.5,0.0,0.0,0.0,10,99.5,100.5,17,92.5,100.5,100.5,100.5,10.0,1005.0,76
2023-05-09 21:20:33,MA401P2250,MA401P2250,100.5,0.0,0.0,0.0,10,99.5,100.5,7,92.5,100.5,100.5,100.5,10.0,1005.0,76
2023-05-09 21:20:35,MA401P2250,MA401P2250,100.5,0.0,0.0,0.0,20,99.5,100.5,7,92.5,100.5,100.5,100.5,10.0,1005.0,76
2023-05-09 21:20:52,MA401P2250,MA401P2250,100.5,0.0,0.0,0.0,10,99.5,100.5,7,92.5,100.5,100.5,100.5,10.0,1005.0,76
2023-05-09 21:20:54,MA401P2250,MA401P2250,100.5,0.0,0.0,0.0,20,99.5,100.5,7,92.5,100.5,100.5,100.5,10.0,1005.0,76
2023-05-09 21:20:57,MA401P2250,MA401P2250,100.5,0.0,0.0,0.0,10,99.5,100.5,7,92.5,100.5,100.5,100.5,10.0,1005.0,76
2023-05-09 21:21:00,MA401P2250,MA401P2250,100.5,0.0,0.0,0.0,20,99.5,100.5,7,92.5,100.5,100.5,100.5,10.0,1005.0,76
2023-05-09 21:21:03,MA401P2250,MA401P2250,100.5,0.0,0.0,0.0,27,99.5,100.5,7,92.5,100.5,100.5,100.5,10.0,1005.0,76
2023-05-09 21:21:03,MA401P2250,MA401P2250,100.5,0.0,0.0,0.0,27,99.5,101.0,47,92.5,100.5,100.5,100.5,10.0,1005.0,76
2023-05-09 21:21:05,MA401P2250,MA401P2250,100.5,0.0,0.0,0.0,37,99.5,101.0,17,92.5,100.5,100.5,100.5,10.0,1005.0,76
2023-05-09 21:21:05,MA401P2250,MA401P2250,100.5,0.0,0.0,0.0,27,99.5,101.0,17,92.5,100.5,100.5,100.5,10.0,1005.0,76
2023-05-09 21:21:06,MA401P2250,MA401P2250,100.5,0.0,0.0,0.0,27,99.5,101.0,27,92.5,100.5,100.5,100.5,10.0,1005.0,76
2023-05-09 21:21:07,MA401P2250,MA401P2250,100.5,0.0,0.0,0.0,27,99.5,101.0,17,92.5,100.5,100.5,100.5,10.0,1005.0,76
2023-05-09 21:21:08,MA401P2250,MA401P2250,100.5,0.0,0.0,0.0,37,99.5,101.0,17,92.5,100.5,100.5,100.5,10.0,1005.0,76
2023-05-09 21:21:10,MA401P2250,MA401P2250,100.5,0.0,0.0,0.0,27,99.5,101.0,27,92.5,100.5,100.5,100.5,10.0,1005.0,76
2023-05-09 21:21:16,MA401P2250,MA401P2250,100.5,0.0,0.0,0.0,27,99.5,101.0,37,92.5,100.5,100.5,100.5,10.0,1005.0,76
2023-05-09 21:21:16,MA401P2250,MA401P2250,100.5,0.0,0.0,0.0,27,99.5,101.0,27,92.5,100.5,100.5,100.5,10.0,1005.0,76
2023-05-09 21:21:19,MA401P2250,MA401P2250,100.5,0.0,0.0,0.0,27,99.5,101.0,37,92.5,100.5,100.5,100.5,10.0,1005.0,76
2023-05-09 21:21:21,MA401P2250,MA401P2250,100.5,0.0,0.0,0.0,27,99.5,101.0,57,92.5,100.5,100.5,100.5,10.0,1005.0,76
2023-05-09 21:21:24,MA401P2250,MA401P2250,100.5,0.0,0.0,0.0,27,99.5,101.0,47,92.5,100.5,100.5,100.5,10.0,1005.0,76
2023-05-09 21:21:37,MA401P2250,MA401P2250,100.5,0.0,0.0,0.0,17,99.5,101.0,47,92.5,100.5,100.5,100.5,10.0,1005.0,76
2023-05-09 21:21:38,MA401P2250,MA401P2250,100.5,0.0,0.0,0.0,27,99.5,101.0,47,92.5,100.5,100.5,100.5,10.0,1005.0,76
2023-05-09 21:21:38,MA401P2250,MA401P2250,100.5,0.0,0.0,0.0,17,99.5,101.0,47,92.5,100.5,100.5,100.5,10.0,1005.0,76
2023-05-09 21:21:40,MA401P2250,MA401P2250,100.5,0.0,0.0,0.0,27,99.5,101.0,47,92.5,100.5,100.5,100.5,10.0,1005.0,76
2023-05-09 21:21:40,MA401P2250,MA401P2250,100.5,0.0,0.0,0.0,17,99.5,101.0,47,92.5,100.5,100.5,100.5,10.0,1005.0,76
2023-05-09 21:21:41,MA401P2250,MA401P2250,100.5,0.0,0.0,0.0,27,99.5,101.0,47,92.5,100.5,100.5,100.5,10.0,1005.0,76
2023-05-09 21:21:51,MA401P2250,MA401P2250,100.5,0.0,0.0,0.0,37,99.5,101.0,27,92.5,100.5,100.5,100.5,10.0,1005.0,76
2023-05-09 21:21:52,MA401P2250,MA401P2250,100.5,0.0,0.0,0.0,27,99.5,101.0,37,92.5,100.5,100.5,100.5,10.0,1005.0,76
2023-05-09 21:21:52,MA401P2250,MA401P2250,100.5,0.0,0.0,0.0,37,99.5,101.0,27,92.5,100.5,100.5,100.5,10.0,1005.0,76
2023-05-09 21:21:55,MA401P2250,MA401P2250,100.5,0.0,0.0,0.0,37,99.5,101.0,17,92.5,100.5,100.5,100.5,10.0,1005.0,76
2023-05-09 21:21:56,MA401P2250,MA401P2250,100.5,0.0,0.0,0.0,47,99.5,101.0,17,92.5,100.5,100.5,100.5,10.0,1005.0,76
2023-05-09 21:22:12,MA401P2250,MA401P2250,100.5,0.0,0.0,0.0,7,100.0,101.5,50,92.5,100.5,100.5,100.5,10.0,1005.0,76
2023-05-09 21:22:13,MA401P2250,MA401P2250,100.5,0.0,0.0,0.0,27,100.0,101.5,20,92.5,100.5,100.5,100.5,10.0,1005.0,76
2023-05-09 21:22:15,MA401P2250,MA401P2250,100.5,0.0,0.0,0.0,27,100.0,101.5,40,92.5,100.5,100.5,100.5,10.0,1005.0,76
2023-05-09 21:22:17,MA401P2250,MA401P2250,100.5,0.0,0.0,0.0,27,100.0,101.5,50,92.5,100.5,100.5,100.5,10.0,1005.0,76
2023-05-09 21:22:23,MA401P2250,MA401P2250,100.5,0.0,0.0,0.0,27,100.0,101.5,57,92.5,100.5,100.5,100.5,10.0,1005.0,76
2023-05-09 21:22:24,MA401P2250,MA401P2250,100.5,0.0,0.0,0.0,7,100.0,101.5,58,92.5,100.5,100.5,100.5,10.0,1005.0,76
2023-05-09 21:22:25,MA401P2250,MA401P2250,100.5,0.0,0.0,0.0,27,100.0,101.5,58,92.5,100.5,100.5,100.5,10.0,1005.0,76
2023-05-09 21:22:34,MA401P2250,MA401P2250,100.5,0.0,0.0,0.0,27,100.0,101.5,48,92.5,100.5,100.5,100.5,10.0,1005.0,76
2023-05-09 21:22:43,MA401P2250,MA401P2250,100.5,0.0,0.0,0.0,27,100.0,101.5,58,92.5,100.5,100.5,100.5,10.0,1005.0,76
2023-05-09 21:22:48,MA401P2250,MA401P2250,100.5,0.0,0.0,0.0,17,100.0,101.5,58,92.5,100.5,100.5,100.5,10.0,1005.0,76
2023-05-09 21:22:48,MA401P2250,MA401P2250,100.5,0.0,0.0,0.0,7,100.0,101.5,58,92.5,100.5,100.5,100.5,10.0,1005.0,76
2023-05-09 21:22:51,MA401P2250,MA401P2250,100.5,0.0,0.0,0.0,27,100.0,101.5,58,92.5,100.5,100.5,100.5,10.0,1005.0,76
2023-05-09 21:22:52,MA401P2250,MA401P2250,100.5,0.0,0.0,0.0,17,100.0,101.5,58,92.5,100.5,100.5,100.5,10.0,1005.0,76
2023-05-09 21:22:55,MA401P2250,MA401P2250,100.5,0.0,0.0,0.0,27,100.0,101.5,58,92.5,100.5,100.5,100.5,10.0,1005.0,76
2023-05-09 21:23:00,MA401P2250,MA401P2250,100.5,0.0,0.0,0.0,27,100.0,101.5,48,92.5,100.5,100.5,100.5,10.0,1005.0,76
2023-05-09 21:23:01,MA401P2250,MA401P2250,100.5,0.0,0.0,0.0,27,100.0,101.5,58,92.5,100.5,100.5,100.5,10.0,1005.0,76
2023-05-09 21:23:07,MA401P2250,MA401P2250,100.5,0.0,0.0,0.0,47,100.0,101.5,18,92.5,100.5,100.5,100.5,10.0,1005.0,76
2023-05-09 21:23:07,MA401P2250,MA401P2250,100.5,0.0,0.0,0.0,7,100.5,101.5,18,92.5,100.5,100.5,100.5,10.0,1005.0,76
2023-05-09 21:23:11,MA401P2250,MA401P2250,100.5,0.0,0.0,0.0,17,100.5,101.5,11,92.5,100.5,100.5,100.5,10.0,1005.0,76
2023-05-09 21:23:11,MA401P2250,MA401P2250,100.5,0.0,0.0,0.0,27,100.5,101.5,1,92.5,100.5,100.5,100.5,10.0,1005.0,76
2023-05-09 21:23:12,MA401P2250,MA401P2250,100.5,0.0,0.0,0.0,17,100.5,101.5,1,92.5,100.5,100.5,100.5,10.0,1005.0,76
2023-05-09 21:23:13,MA401P2250,MA401P2250,100.5,0.0,0.0,0.0,7,100.5,101.5,1,92.5,100.5,100.5,100.5,10.0,1005.0,76
2023-05-09 21:23:14,MA401P2250,MA401P2250,100.5,0.0,0.0,0.0,27,100.5,101.5,1,92.5,100.5,100.5,100.5,10.0,1005.0,76
2023-05-09 21:23:26,MA401P2250,MA401P2250,100.5,0.0,0.0,0.0,7,100.5,101.5,1,92.5,100.5,100.5,100.5,10.0,1005.0,76
2023-05-09 21:23:27,MA401P2250,MA401P2250,100.5,0.0,0.0,0.0,17,100.5,101.5,1,92.5,100.5,100.5,100.5,10.0,1005.0,76
2023-05-09 21:23:27,MA401P2250,MA401P2250,100.5,0.0,0.0,0.0,27,100.5,101.5,1,92.5,100.5,100.5,100.5,10.0,1005.0,76
2023-05-09 21:23:32,MA401P2250,MA401P2250,100.5,0.0,0.0,0.0,17,100.5,101.5,1,92.5,100.5,100.5,100.5,10.0,1005.0,76
2023-05-09 21:23:32,MA401P2250,MA401P2250,100.5,0.0,0.0,0.0,7,100.5,101.5,1,92.5,100.5,100.5,100.5,10.0,1005.0,76
2023-05-09 21:23:33,MA401P2250,MA401P2250,100.5,0.0,0.0,0.0,7,100.5,101.5,11,92.5,100.5,100.5,100.5,10.0,1005.0,76
2023-05-09 21:23:33,MA401P2250,MA401P2250,100.5,0.0,0.0,0.0,7,100.5,101.5,21,92.5,100.5,100.5,100.5,10.0,1005.0,76
2023-05-09 21:23:35,MA401P2250,MA401P2250,100.5,0.0,0.0,0.0,7,100.5,101.5,1,92.5,100.5,100.5,100.5,10.0,1005.0,76
2023-05-09 21:23:36,MA401P2250,MA401P2250,100.5,0.0,0.0,0.0,17,100.5,101.5,1,92.5,100.5,100.5,100.5,10.0,1005.0,76
2023-05-09 21:23:38,MA401P2250,MA401P2250,100.5,0.0,0.0,0.0,27,100.5,101.5,1,92.5,100.5,100.5,100.5,10.0,1005.0,76
2023-05-09 21:23:50,MA401P2250,MA401P2250,100.5,0.0,0.0,0.0,17,100.5,101.5,1,92.5,100.5,100.5,100.5,10.0,1005.0,76
2023-05-09 21:23:51,MA401P2250,MA401P2250,100.5,0.0,0.0,0.0,27,100.5,101.5,1,92.5,100.5,100.5,100.5,10.0,1005.0,76
2023-05-09 21:24:03,MA401P2250,MA401P2250,100.5,0.0,0.0,0.0,37,100.5,101.5,1,92.5,100.5,100.5,100.5,10.0,1005.0,76
2023-05-09 21:24:05,MA401P2250,MA401P2250,100.5,0.0,0.0,0.0,27,100.5,101.5,1,92.5,100.5,100.5,100.5,10.0,1005.0,76
2023-05-09 21:24:13,MA401P2250,MA401P2250,100.5,0.0,0.0,0.0,17,100.5,101.5,1,92.5,100.5,100.5,100.5,10.0,1005.0,76
2023-05-09 21:24:16,MA401P2250,MA401P2250,100.5,0.0,0.0,0.0,27,100.5,101.5,1,92.5,100.5,100.5,100.5,10.0,1005.0,76
2023-05-09 21:24:19,MA401P2250,MA401P2250,100.5,0.0,0.0,0.0,17,100.5,101.5,1,92.5,100.5,100.5,100.5,10.0,1005.0,76
2023-05-09 21:24:25,MA401P2250,MA401P2250,100.5,0.0,0.0,0.0,27,100.5,101.5,1,92.5,100.5,100.5,100.5,10.0,1005.0,76
2023-05-09 21:24:32,MA401P2250,MA401P2250,100.5,0.0,0.0,0.0,17,100.5,101.5,1,92.5,100.5,100.5,100.5,10.0,1005.0,76
2023-05-09 21:24:33,MA401P2250,MA401P2250,100.5,0.0,0.0,0.0,7,100.5,101.5,1,92.5,100.5,100.5,100.5,10.0,1005.0,76
2023-05-09 21:25:15,MA401P2250,MA401P2250,100.5,0.0,0.0,0.0,7,100.5,101.5,8,92.5,100.5,100.5,100.5,10.0,1005.0,76
2023-05-09 21:25:16,MA401P2250,MA401P2250,100.5,0.0,0.0,0.0,7,100.5,101.5,48,92.5,100.5,100.5,100.5,10.0,1005.0,76
2023-05-09 21:25:16,MA401P2250,MA401P2250,100.5,0.0,0.0,0.0,7,100.5,101.5,58,92.5,100.5,100.5,100.5,10.0,1005.0,76
2023-05-09 21:25:17,MA401P2250,MA401P2250,100.5,0.0,0.0,0.0,27,100.0,101.5,58,92.5,100.5,100.5,100.5,10.0,1005.0,76
2023-05-09 21:25:21,MA401P2250,MA401P2250,100.5,0.0,0.0,0.0,17,100.0,101.5,58,92.5,100.5,100.5,100.5,10.0,1005.0,76
2023-05-09 21:25:27,MA401P2250,MA401P2250,100.5,0.0,0.0,0.0,7,100.0,101.5,58,92.5,100.5,100.5,100.5,10.0,1005.0,76
2023-05-09 21:25:28,MA401P2250,MA401P2250,100.5,0.0,0.0,0.0,7,100.0,101.5,68,92.5,100.5,100.5,100.5,10.0,1005.0,76
2023-05-09 21:25:29,MA401P2250,MA401P2250,100.5,0.0,0.0,0.0,7,100.0,101.0,10,92.5,100.5,100.5,100.5,10.0,1005.0,76
2023-05-09 21:25:29,MA401P2250,MA401P2250,100.5,0.0,0.0,0.0,7,100.0,101.0,20,92.5,100.5,100.5,100.5,10.0,1005.0,76
2023-05-09 21:25:31,MA401P2250,MA401P2250,100.5,0.0,0.0,0.0,7,100.0,101.0,30,92.5,100.5,100.5,100.5,10.0,1005.0,76
2023-05-09 21:25:47,MA401P2250,MA401P2250,100.5,0.0,0.0,0.0,7,100.0,101.0,40,92.5,100.5,100.5,100.5,10.0,1005.0,76
2023-05-09 21:25:54,MA401P2250,MA401P2250,100.5,0.0,0.0,0.0,7,100.0,101.0,47,92.5,100.5,100.5,100.5,10.0,1005.0,76
2023-05-09 21:25:56,MA401P2250,MA401P2250,100.5,0.0,0.0,0.0,7,100.0,101.0,57,92.5,100.5,100.5,100.5,10.0,1005.0,76
2023-05-09 21:26:04,MA401P2250,MA401P2250,100.5,0.0,0.0,0.0,7,99.5,101.0,57,92.5,100.5,100.5,100.5,10.0,1005.0,76
2023-05-09 21:26:04,MA401P2250,MA401P2250,100.5,0.0,0.0,0.0,7,99.5,101.0,67,92.5,100.5,100.5,100.5,10.0,1005.0,76
2023-05-09 21:26:05,MA401P2250,MA401P2250,100.5,0.0,0.0,0.0,7,99.5,100.5,20,92.5,100.5,100.5,100.5,10.0,1005.0,76
2023-05-09 21:26:06,MA401P2250,MA401P2250,100.5,0.0,0.0,0.0,7,99.5,100.5,10,92.5,100.5,100.5,100.5,10.0,1005.0,76
2023-05-09 21:26:09,MA401P2250,MA401P2250,100.5,0.0,0.0,0.0,7,99.5,100.5,20,92.5,100.5,100.5,100.5,10.0,1005.0,76
2023-05-09 21:26:17,MA401P2250,MA401P2250,100.5,0.0,0.0,0.0,7,99.5,100.5,10,92.5,100.5,100.5,100.5,10.0,1005.0,76
2023-05-09 21:26:17,MA401P2250,MA401P2250,100.5,0.0,0.0,0.0,7,99.5,101.0,67,92.5,100.5,100.5,100.5,10.0,1005.0,76
2023-05-09 21:26:19,MA401P2250,MA401P2250,100.5,0.0,0.0,0.0,7,99.5,101.0,57,92.5,100.5,100.5,100.5,10.0,1005.0,76
2023-05-09 21:26:21,MA401P2250,MA401P2250,100.5,0.0,0.0,0.0,17,99.5,101.0,57,92.5,100.5,100.5,100.5,10.0,1005.0,76
2023-05-09 21:26:21,MA401P2250,MA401P2250,100.5,0.0,0.0,0.0,27,99.5,101.0,57,92.5,100.5,100.5,100.5,10.0,1005.0,76
2023-05-09 21:26:23,MA401P2250,MA401P2250,100.5,0.0,0.0,0.0,7,99.5,101.0,57,92.5,100.5,100.5,100.5,10.0,1005.0,76
2023-05-09 21:26:29,MA401P2250,MA401P2250,100.5,0.0,0.0,0.0,7,99.5,101.0,67,92.5,100.5,100.5,100.5,10.0,1005.0,76
2023-05-09 21:26:53,MA401P2250,MA401P2250,100.5,0.0,0.0,0.0,7,99.5,101.0,57,92.5,100.5,100.5,100.5,10.0,1005.0,76
2023-05-09 21:26:54,MA401P2250,MA401P2250,100.5,0.0,0.0,0.0,7,99.5,101.0,67,92.5,100.5,100.5,100.5,10.0,1005.0,76
2023-05-09 21:27:04,MA401P2250,MA401P2250,100.5,0.0,0.0,0.0,7,99.5,101.0,77,92.5,100.5,100.5,100.5,10.0,1005.0,76
2023-05-09 21:27:04,MA401P2250,MA401P2250,100.5,0.0,0.0,0.0,7,99.5,101.0,67,92.5,100.5,100.5,100.5,10.0,1005.0,76
2023-05-09 21:27:05,MA401P2250,MA401P2250,100.5,0.0,0.0,0.0,7,99.5,101.0,77,92.5,100.5,100.5,100.5,10.0,1005.0,76
2023-05-09 21:27:22,MA401P2250,MA401P2250,100.5,0.0,0.0,0.0,7,99.5,100.5,30,92.5,100.5,100.5,100.5,10.0,1005.0,76
2023-05-09 21:27:30,MA401P2250,MA401P2250,100.5,0.0,0.0,0.0,7,99.5,100.5,20,92.5,100.5,100.5,100.5,10.0,1005.0,76
2023-05-09 21:27:35,MA401P2250,MA401P2250,100.5,0.0,0.0,0.0,7,99.5,100.5,30,92.5,100.5,100.5,100.5,10.0,1005.0,76
2023-05-09 21:27:36,MA401P2250,MA401P2250,100.5,0.0,0.0,0.0,7,99.5,100.5,20,92.5,100.5,100.5,100.5,10.0,1005.0,76
2023-05-09 21:27:37,MA401P2250,MA401P2250,100.5,0.0,0.0,0.0,7,99.5,100.5,40,92.5,100.5,100.5,100.5,10.0,1005.0,76
2023-05-09 21:27:37,MA401P2250,MA401P2250,100.5,0.0,0.0,0.0,7,99.5,100.5,20,92.5,100.5,100.5,100.5,10.0,1005.0,76
2023-05-09 21:27:38,MA401P2250,MA401P2250,100.5,0.0,0.0,0.0,7,99.5,100.5,10,92.5,100.5,100.5,100.5,10.0,1005.0,76
2023-05-09 21:27:39,MA401P2250,MA401P2250,100.5,0.0,0.0,0.0,7,99.5,101.0,47,92.5,100.5,100.5,100.5,10.0,1005.0,76
2023-05-09 21:27:39,MA401P2250,MA401P2250,100.5,0.0,0.0,0.0,17,99.5,101.0,47,92.5,100.5,100.5,100.5,10.0,1005.0,76
2023-05-09 21:27:40,MA401P2250,MA401P2250,100.5,0.0,0.0,0.0,17,99.5,101.0,57,92.5,100.5,100.5,100.5,10.0,1005.0,76
2023-05-09 21:27:41,MA401P2250,MA401P2250,100.5,0.0,0.0,0.0,17,99.5,101.0,47,92.5,100.5,100.5,100.5,10.0,1005.0,76
2023-05-09 21:27:43,MA401P2250,MA401P2250,100.5,0.0,0.0,0.0,17,99.5,101.0,37,92.5,100.5,100.5,100.5,10.0,1005.0,76
2023-05-09 21:27:46,MA401P2250,MA401P2250,100.5,0.0,0.0,0.0,17,99.5,101.0,47,92.5,100.5,100.5,100.5,10.0,1005.0,76
2023-05-09 21:27:59,MA401P2250,MA401P2250,100.5,0.0,0.0,0.0,17,99.5,101.0,57,92.5,100.5,100.5,100.5,10.0,1005.0,76
2023-05-09 21:27:59,MA401P2250,MA401P2250,100.5,0.0,0.0,0.0,7,99.5,101.0,57,92.5,100.5,100.5,100.5,10.0,1005.0,76
2023-05-09 21:28:13,MA401P2250,MA401P2250,100.5,0.0,0.0,0.0,27,99.5,101.0,57,92.5,100.5,100.5,100.5,10.0,1005.0,76
2023-05-09 21:28:15,MA401P2250,MA401P2250,100.5,0.0,0.0,0.0,7,99.5,101.0,57,92.5,100.5,100.5,100.5,10.0,1005.0,76
2023-05-09 21:28:33,MA401P2250,MA401P2250,100.5,0.0,0.0,0.0,7,99.5,100.5,10,92.5,100.5,100.5,100.5,10.0,1005.0,76
2023-05-09 21:28:33,MA401P2250,MA401P2250,100.5,0.0,0.0,0.0,7,99.5,100.5,20,92.5,100.5,100.5,100.5,10.0,1005.0,76
2023-05-09 21:28:35,MA401P2250,MA401P2250,100.5,0.0,0.0,0.0,20,99.0,100.5,40,92.5,100.5,100.5,100.5,10.0,1005.0,76
2023-05-09 21:28:35,MA401P2250,MA401P2250,100.5,0.0,0.0,0.0,20,99.0,100.5,60,92.5,100.5,100.5,100.5,10.0,1005.0,76
2023-05-09 21:28:36,MA401P2250,MA401P2250,100.5,0.0,0.0,0.0,27,99.0,100.5,67,92.5,100.5,100.5,100.5,10.0,1005.0,76
2023-05-09 21:28:40,MA401P2250,MA401P2250,100.5,0.0,0.0,0.0,17,99.0,100.5,67,92.5,100.5,100.5,100.5,10.0,1005.0,76
2023-05-09 21:28:40,MA401P2250,MA401P2250,100.5,0.0,0.0,0.0,27,99.0,100.5,67,92.5,100.5,100.5,100.5,10.0,1005.0,76
2023-05-09 21:28:42,MA401P2250,MA401P2250,100.5,0.0,0.0,0.0,27,99.0,100.5,57,92.5,100.5,100.5,100.5,10.0,1005.0,76
2023-05-09 21:28:42,MA401P2250,MA401P2250,100.5,0.0,0.0,0.0,27,99.0,100.5,67,92.5,100.5,100.5,100.5,10.0,1005.0,76
2023-05-09 21:28:44,MA401P2250,MA401P2250,100.5,0.0,0.0,0.0,17,99.0,100.5,67,92.5,100.5,100.5,100.5,10.0,1005.0,76
2023-05-09 21:28:44,MA401P2250,MA401P2250,100.5,0.0,0.0,0.0,7,99.0,100.5,57,92.5,100.5,100.5,100.5,10.0,1005.0,76
2023-05-09 21:28:52,MA401P2250,MA401P2250,100.5,0.0,0.0,0.0,7,99.0,100.0,10,92.5,100.5,100.5,100.5,10.0,1005.0,76
2023-05-09 21:28:52,MA401P2250,MA401P2250,100.5,0.0,0.0,0.0,7,99.0,100.0,40,92.5,100.5,100.5,100.5,10.0,1005.0,76
2023-05-09 21:28:53,MA401P2250,MA401P2250,100.5,0.0,0.0,0.0,47,98.5,100.0,40,92.5,100.5,100.5,100.5,10.0,1005.0,76
2023-05-09 21:28:53,MA401P2250,MA401P2250,100.5,0.0,0.0,0.0,37,98.5,100.0,40,92.5,100.5,100.5,100.5,10.0,1005.0,76
2023-05-09 21:28:54,MA401P2250,MA401P2250,100.5,0.0,0.0,0.0,37,98.5,100.0,37,92.5,100.5,100.5,100.5,10.0,1005.0,76
2023-05-09 21:28:54,MA401P2250,MA401P2250,100.5,0.0,0.0,0.0,47,98.5,100.0,37,92.5,100.5,100.5,100.5,10.0,1005.0,76
2023-05-09 21:28:58,MA401P2250,MA401P2250,100.5,0.0,0.0,0.0,27,98.5,100.0,37,92.5,100.5,100.5,100.5,10.0,1005.0,76
2023-05-09 21:29:04,MA401P2250,MA401P2250,100.5,0.0,0.0,0.0,27,98.5,100.0,47,92.5,100.5,100.5,100.5,10.0,1005.0,76
2023-05-09 21:29:05,MA401P2250,MA401P2250,100.5,0.0,0.0,0.0,47,98.5,100.0,37,92.5,100.5,100.5,100.5,10.0,1005.0,76
2023-05-09 21:29:05,MA401P2250,MA401P2250,100.5,0.0,0.0,0.0,57,98.5,100.0,37,92.5,100.5,100.5,100.5,10.0,1005.0,76
2023-05-09 21:29:05,MA401P2250,MA401P2250,100.5,0.0,0.0,0.0,57,98.5,100.0,17,92.5,100.5,100.5,100.5,10.0,1005.0,76
2023-05-09 21:29:07,MA401P2250,MA401P2250,100.5,0.0,0.0,0.0,67,98.5,100.0,7,92.5,100.5,100.5,100.5,10.0,1005.0,76
2023-05-09 21:29:07,MA401P2250,MA401P2250,100.5,0.0,0.0,0.0,7,99.0,100.0,7,92.5,100.5,100.5,100.5,10.0,1005.0,76
2023-05-09 21:29:10,MA401P2250,MA401P2250,100.5,0.0,0.0,0.0,7,99.0,100.5,47,92.5,100.5,100.5,100.5,10.0,1005.0,76
2023-05-09 21:29:10,MA401P2250,MA401P2250,100.5,0.0,0.0,0.0,37,99.0,100.5,47,92.5,100.5,100.5,100.5,10.0,1005.0,76
2023-05-09 21:29:10,MA401P2250,MA401P2250,100.5,0.0,0.0,0.0,27,99.0,100.5,37,92.5,100.5,100.5,100.5,10.0,1005.0,76
2023-05-09 21:29:11,MA401P2250,MA401P2250,100.5,0.0,0.0,0.0,37,99.0,100.5,37,92.5,100.5,100.5,100.5,10.0,1005.0,76
2023-05-09 21:29:12,MA401P2250,MA401P2250,100.5,0.0,0.0,0.0,47,99.0,100.5,47,92.5,100.5,100.5,100.5,10.0,1005.0,76
2023-05-09 21:29:14,MA401P2250,MA401P2250,100.5,0.0,0.0,0.0,37,99.0,100.5,47,92.5,100.5,100.5,100.5,10.0,1005.0,76
2023-05-09 21:29:26,MA401P2250,MA401P2250,100.5,0.0,0.0,0.0,37,99.0,100.5,57,92.5,100.5,100.5,100.5,10.0,1005.0,76
2023-05-09 21:29:33,MA401P2250,MA401P2250,100.5,0.0,0.0,0.0,10,99.5,100.5,17,92.5,100.5,100.5,100.5,10.0,1005.0,76
2023-05-09 21:29:39,MA401P2250,MA401P2250,100.5,0.0,0.0,0.0,17,99.5,100.5,17,92.5,100.5,100.5,100.5,10.0,1005.0,76
2023-05-09 21:29:40,MA401P2250,MA401P2250,100.5,0.0,0.0,0.0,7,99.5,100.5,37,92.5,100.5,100.5,100.5,10.0,1005.0,76
2023-05-09 21:29:41,MA401P2250,MA401P2250,100.5,0.0,0.0,0.0,7,99.5,100.5,27,92.5,100.5,100.5,100.5,10.0,1005.0,76
2023-05-09 21:29:47,MA401P2250,MA401P2250,100.5,0.0,0.0,0.0,7,99.5,100.5,17,92.5,100.5,100.5,100.5,10.0,1005.0,76
2023-05-09 21:29:48,MA401P2250,MA401P2250,100.5,0.0,0.0,0.0,27,99.5,101.0,67,92.5,100.5,100.5,100.5,10.0,1005.0,76
2023-05-09 21:29:48,MA401P2250,MA401P2250,100.5,0.0,0.0,0.0,37,99.5,101.0,67,92.5,100.5,100.5,100.5,10.0,1005.0,76
2023-05-09 21:29:50,MA401P2250,MA401P2250,100.5,0.0,0.0,0.0,47,99.5,101.0,57,92.5,100.5,100.5,100.5,10.0,1005.0,76
2023-05-09 21:29:55,MA401P2250,MA401P2250,100.5,0.0,0.0,0.0,47,99.5,101.0,67,92.5,100.5,100.5,100.5,10.0,1005.0,76
2023-05-09 21:29:55,MA401P2250,MA401P2250,100.5,0.0,0.0,0.0,47,99.5,101.0,57,92.5,100.5,100.5,100.5,10.0,1005.0,76
2023-05-09 21:29:55,MA401P2250,MA401P2250,100.5,0.0,0.0,0.0,47,99.5,101.0,67,92.5,100.5,100.5,100.5,10.0,1005.0,76
2023-05-09 21:29:57,MA401P2250,MA401P2250,100.5,0.0,0.0,0.0,37,99.5,101.0,67,92.5,100.5,100.5,100.5,10.0,1005.0,76
2023-05-09 21:29:57,MA401P2250,MA401P2250,100.5,0.0,0.0,0.0,17,99.5,101.0,67,92.5,100.5,100.5,100.5,10.0,1005.0,76
2023-05-09 21:29:57,MA401P2250,MA401P2250,100.5,0.0,0.0,0.0,27,99.5,101.0,67,92.5,100.5,100.5,100.5,10.0,1005.0,76
2023-05-09 21:30:00,MA401P2250,MA401P2250,100.5,0.0,0.0,0.0,37,99.5,101.0,67,92.5,100.5,100.5,100.5,10.0,1005.0,76
2023-05-09 21:30:03,MA401P2250,MA401P2250,100.5,0.0,0.0,0.0,37,99.5,101.0,57,92.5,100.5,100.5,100.5,10.0,1005.0,76
2023-05-09 21:30:03,MA401P2250,MA401P2250,100.5,0.0,0.0,0.0,47,99.5,101.0,37,92.5,100.5,100.5,100.5,10.0,1005.0,76
2023-05-09 21:30:03,MA401P2250,MA401P2250,100.5,0.0,0.0,0.0,10,100.0,101.0,37,92.5,100.5,100.5,100.5,10.0,1005.0,76
2023-05-09 21:30:05,MA401P2250,MA401P2250,100.5,0.0,0.0,0.0,10,100.0,101.0,47,92.5,100.5,100.5,100.5,10.0,1005.0,76
2023-05-09 21:30:05,MA401P2250,MA401P2250,100.5,0.0,0.0,0.0,47,99.5,101.0,47,92.5,100.5,100.5,100.5,10.0,1005.0,76
2023-05-09 21:30:10,MA401P2250,MA401P2250,100.5,0.0,0.0,0.0,10,100.0,101.0,47,92.5,100.5,100.5,100.5,10.0,1005.0,76
2023-05-09 21:30:14,MA401P2250,MA401P2250,100.5,0.0,0.0,0.0,10,100.0,101.0,37,92.5,100.5,100.5,100.5,10.0,1005.0,76
2023-05-09 21:30:15,MA401P2250,MA401P2250,100.5,0.0,0.0,0.0,10,100.0,101.0,47,92.5,100.5,100.5,100.5,10.0,1005.0,76
2023-05-09 21:30:18,MA401P2250,MA401P2250,100.5,0.0,0.0,0.0,10,100.0,101.0,37,92.5,100.5,100.5,100.5,10.0,1005.0,76
2023-05-09 21:30:20,MA401P2250,MA401P2250,100.5,0.0,0.0,0.0,10,100.0,101.0,27,92.5,100.5,100.5,100.5,10.0,1005.0,76
2023-05-09 21:30:21,MA401P2250,MA401P2250,100.5,0.0,0.0,0.0,30,100.0,101.0,7,92.5,100.5,100.5,100.5,10.0,1005.0,76
2023-05-09 21:30:23,MA401P2250,MA401P2250,100.5,0.0,0.0,0.0,30,100.0,101.5,61,92.5,100.5,100.5,100.5,10.0,1005.0,76
2023-05-09 21:30:24,MA401P2250,MA401P2250,100.5,0.0,0.0,0.0,30,100.0,101.5,68,92.5,100.5,100.5,100.5,10.0,1005.0,76
2023-05-09 21:30:25,MA401P2250,MA401P2250,100.5,0.0,0.0,0.0,37,100.0,101.5,68,92.5,100.5,100.5,100.5,10.0,1005.0,76
2023-05-09 21:30:35,MA401P2250,MA401P2250,100.5,0.0,0.0,0.0,67,100.0,101.5,38,92.5,100.5,100.5,100.5,10.0,1005.0,76
2023-05-09 21:30:35,MA401P2250,MA401P2250,100.5,0.0,0.0,0.0,57,100.0,101.5,28,92.5,100.5,100.5,100.5,10.0,1005.0,76
2023-05-09 21:30:36,MA401P2250,MA401P2250,100.5,0.0,0.0,0.0,67,100.0,101.5,18,92.5,100.5,100.5,100.5,10.0,1005.0,76
2023-05-09 21:30:37,MA401P2250,MA401P2250,100.5,0.0,0.0,0.0,20,100.5,101.5,18,92.5,100.5,100.5,100.5,10.0,1005.0,76
2023-05-09 21:30:39,MA401P2250,MA401P2250,100.5,0.0,0.0,0.0,10,100.5,101.5,18,92.5,100.5,100.5,100.5,10.0,1005.0,76
2023-05-09 21:30:43,MA401P2250,MA401P2250,100.5,0.0,0.0,0.0,10,100.5,101.5,8,92.5,100.5,100.5,100.5,10.0,1005.0,76
2023-05-09 21:30:43,MA401P2250,MA401P2250,100.5,0.0,0.0,0.0,20,100.5,101.5,8,92.5,100.5,100.5,100.5,10.0,1005.0,76
2023-05-09 21:30:47,MA401P2250,MA401P2250,100.5,0.0,0.0,0.0,10,100.5,101.5,8,92.5,100.5,100.5,100.5,10.0,1005.0,76
2023-05-09 21:30:49,MA401P2250,MA401P2250,100.5,0.0,0.0,0.0,37,100.5,101.5,1,92.5,100.5,100.5,100.5,10.0,1005.0,76
2023-05-09 21:30:49,MA401P2250,MA401P2250,100.5,0.0,0.0,0.0,47,100.5,101.5,1,92.5,100.5,100.5,100.5,10.0,1005.0,76
2023-05-09 21:30:51,MA401P2250,MA401P2250,100.5,0.0,0.0,0.0,37,100.5,101.5,1,92.5,100.5,100.5,100.5,10.0,1005.0,76
2023-05-09 21:30:51,MA401P2250,MA401P2250,100.5,0.0,0.0,0.0,27,100.5,101.5,1,92.5,100.5,100.5,100.5,10.0,1005.0,76
2023-05-09 21:30:53,MA401P2250,MA401P2250,100.5,0.0,0.0,0.0,37,100.5,101.5,1,92.5,100.5,100.5,100.5,10.0,1005.0,76
2023-05-09 21:30:54,MA401P2250,MA401P2250,100.5,0.0,0.0,0.0,47,100.5,101.5,1,92.5,100.5,100.5,100.5,10.0,1005.0,76
2023-05-09 21:31:00,MA401P2250,MA401P2250,100.5,0.0,0.0,0.0,37,100.5,101.5,1,92.5,100.5,100.5,100.5,10.0,1005.0,76
2023-05-09 21:31:03,MA401P2250,MA401P2250,100.5,0.0,0.0,0.0,47,100.5,101.5,1,92.5,100.5,100.5,100.5,10.0,1005.0,76
2023-05-09 21:31:04,MA401P2250,MA401P2250,100.5,0.0,0.0,0.0,57,100.5,101.5,1,92.5,100.5,100.5,100.5,10.0,1005.0,76
2023-05-09 21:31:07,MA401P2250,MA401P2250,100.5,0.0,0.0,0.0,47,100.5,101.5,1,92.5,100.5,100.5,100.5,10.0,1005.0,76
2023-05-09 21:31:07,MA401P2250,MA401P2250,100.5,0.0,0.0,0.0,37,100.5,101.5,1,92.5,100.5,100.5,100.5,10.0,1005.0,76
2023-05-09 21:31:09,MA401P2250,MA401P2250,100.5,0.0,0.0,0.0,47,100.5,101.5,1,92.5,100.5,100.5,100.5,10.0,1005.0,76
2023-05-09 21:31:09,MA401P2250,MA401P2250,100.5,0.0,0.0,0.0,27,100.5,101.5,1,92.5,100.5,100.5,100.5,10.0,1005.0,76
2023-05-09 21:31:11,MA401P2250,MA401P2250,100.5,0.0,0.0,0.0,37,100.5,101.5,1,92.5,100.5,100.5,100.5,10.0,1005.0,76
2023-05-09 21:31:17,MA401P2250,MA401P2250,100.5,0.0,0.0,0.0,57,100.5,101.5,1,92.5,100.5,100.5,100.5,10.0,1005.0,76
2023-05-09 21:31:24,MA401P2250,MA401P2250,100.5,0.0,0.0,0.0,47,100.5,101.5,1,92.5,100.5,100.5,100.5,10.0,1005.0,76
2023-05-09 21:31:24,MA401P2250,MA401P2250,100.5,0.0,0.0,0.0,57,100.5,101.5,1,92.5,100.5,100.5,100.5,10.0,1005.0,76
2023-05-09 21:31:24,MA401P2250,MA401P2250,100.5,0.0,0.0,0.0,47,100.5,101.5,1,92.5,100.5,100.5,100.5,10.0,1005.0,76
2023-05-09 21:31:28,MA401P2250,MA401P2250,100.5,0.0,0.0,0.0,37,100.5,101.5,1,92.5,100.5,100.5,100.5,10.0,1005.0,76
2023-05-09 21:31:29,MA401P2250,MA401P2250,100.5,0.0,0.0,0.0,27,100.5,101.5,1,92.5,100.5,100.5,100.5,10.0,1005.0,76
2023-05-09 21:31:30,MA401P2250,MA401P2250,100.5,0.0,0.0,0.0,37,100.5,101.5,1,92.5,100.5,100.5,100.5,10.0,1005.0,76
2023-05-09 21:31:31,MA401P2250,MA401P2250,100.5,0.0,0.0,0.0,27,100.5,101.5,1,92.5,100.5,100.5,100.5,10.0,1005.0,76
2023-05-09 21:31:32,MA401P2250,MA401P2250,100.5,0.0,0.0,0.0,37,100.5,101.5,1,92.5,100.5,100.5,100.5,10.0,1005.0,76
2023-05-09 21:31:34,MA401P2250,MA401P2250,100.5,0.0,0.0,0.0,27,100.5,101.5,1,92.5,100.5,100.5,100.5,10.0,1005.0,76
2023-05-09 21:31:34,MA401P2250,MA401P2250,100.5,0.0,0.0,0.0,37,100.5,101.5,1,92.5,100.5,100.5,100.5,10.0,1005.0,76
2023-05-09 21:32:00,MA401P2250,MA401P2250,100.5,0.0,0.0,0.0,27,100.5,101.5,1,92.5,100.5,100.5,100.5,10.0,1005.0,76
2023-05-09 21:32:00,MA401P2250,MA401P2250,100.5,0.0,0.0,0.0,17,100.5,101.5,1,92.5,100.5,100.5,100.5,10.0,1005.0,76
2023-05-09 21:32:01,MA401P2250,MA401P2250,100.5,0.0,0.0,0.0,7,100.5,101.5,1,92.5,100.5,100.5,100.5,10.0,1005.0,76
2023-05-09 21:32:04,MA401P2250,MA401P2250,100.5,0.0,0.0,0.0,7,100.5,101.5,11,92.5,100.5,100.5,100.5,10.0,1005.0,76
2023-05-09 21:32:06,MA401P2250,MA401P2250,100.5,0.0,0.0,0.0,7,100.5,101.5,1,92.5,100.5,100.5,100.5,10.0,1005.0,76
2023-05-09 21:32:08,MA401P2250,MA401P2250,100.5,0.0,0.0,0.0,7,100.5,101.5,11,92.5,100.5,100.5,100.5,10.0,1005.0,76
2023-05-09 21:32:09,MA401P2250,MA401P2250,100.5,0.0,0.0,0.0,7,100.5,101.5,18,92.5,100.5,100.5,100.5,10.0,1005.0,76
2023-05-09 21:32:13,MA401P2250,MA401P2250,100.5,0.0,0.0,0.0,7,100.5,101.5,8,92.5,100.5,100.5,100.5,10.0,1005.0,76
2023-05-09 21:32:16,MA401P2250,MA401P2250,100.5,0.0,0.0,0.0,7,100.5,101.5,18,92.5,100.5,100.5,100.5,10.0,1005.0,76
2023-05-09 21:32:16,MA401P2250,MA401P2250,100.5,0.0,0.0,0.0,7,100.5,101.5,28,92.5,100.5,100.5,100.5,10.0,1005.0,76
2023-05-09 21:32:37,MA401P2250,MA401P2250,100.5,0.0,0.0,0.0,7,100.5,101.5,8,92.5,100.5,100.5,100.5,10.0,1005.0,76
2023-05-09 21:32:38,MA401P2250,MA401P2250,100.5,0.0,0.0,0.0,27,100.5,101.5,18,92.5,100.5,100.5,100.5,10.0,1005.0,76
2023-05-09 21:32:39,MA401P2250,MA401P2250,100.5,0.0,0.0,0.0,7,100.5,101.5,18,92.5,100.5,100.5,100.5,10.0,1005.0,76
2023-05-09 21:32:40,MA401P2250,MA401P2250,100.5,0.0,0.0,0.0,7,100.5,101.5,28,92.5,100.5,100.5,100.5,10.0,1005.0,76
2023-05-09 21:33:07,MA401P2250,MA401P2250,100.5,0.0,0.0,0.0,87,100.0,101.5,28,92.5,100.5,100.5,100.5,10.0,1005.0,76
2023-05-09 21:33:07,MA401P2250,MA401P2250,100.5,0.0,0.0,0.0,67,100.0,101.5,28,92.5,100.5,100.5,100.5,10.0,1005.0,76
2023-05-09 21:33:12,MA401P2250,MA401P2250,100.5,0.0,0.0,0.0,67,100.0,101.5,38,92.5,100.5,100.5,100.5,10.0,1005.0,76
2023-05-09 21:33:17,MA401P2250,MA401P2250,100.5,0.0,0.0,0.0,47,100.0,101.5,38,92.5,100.5,100.5,100.5,10.0,1005.0,76
2023-05-09 21:33:18,MA401P2250,MA401P2250,100.5,0.0,0.0,0.0,47,100.0,101.5,58,92.5,100.5,100.5,100.5,10.0,1005.0,76
2023-05-09 21:33:18,MA401P2250,MA401P2250,100.5,0.0,0.0,0.0,27,100.0,101.5,48,92.5,100.5,100.5,100.5,10.0,1005.0,76
2023-05-09 21:33:19,MA401P2250,MA401P2250,100.5,0.0,0.0,0.0,37,100.0,101.5,58,92.5,100.5,100.5,100.5,10.0,1005.0,76
2023-05-09 21:33:24,MA401P2250,MA401P2250,100.5,0.0,0.0,0.0,37,100.0,101.5,68,92.5,100.5,100.5,100.5,10.0,1005.0,76
2023-05-09 21:33:26,MA401P2250,MA401P2250,100.5,0.0,0.0,0.0,27,100.0,101.5,68,92.5,100.5,100.5,100.5,10.0,1005.0,76
2023-05-09 21:33:27,MA401P2250,MA401P2250,100.5,0.0,0.0,0.0,7,100.0,101.0,20,92.5,100.5,100.5,100.5,10.0,1005.0,76
2023-05-09 21:33:28,MA401P2250,MA401P2250,100.5,0.0,0.0,0.0,37,99.5,101.0,30,92.5,100.5,100.5,100.5,10.0,1005.0,76
2023-05-09 21:33:28,MA401P2250,MA401P2250,100.5,0.0,0.0,0.0,27,99.5,101.0,40,92.5,100.5,100.5,100.5,10.0,1005.0,76
2023-05-09 21:33:29,MA401P2250,MA401P2250,100.5,0.0,0.0,0.0,27,99.5,101.0,37,92.5,100.5,100.5,100.5,10.0,1005.0,76
2023-05-09 21:33:30,MA401P2250,MA401P2250,100.5,0.0,0.0,0.0,27,99.5,101.0,47,92.5,100.5,100.5,100.5,10.0,1005.0,76
2023-05-09 21:33:31,MA401P2250,MA401P2250,100.5,0.0,0.0,0.0,27,99.5,101.0,57,92.5,100.5,100.5,100.5,10.0,1005.0,76
2023-05-09 21:33:34,MA401P2250,MA401P2250,100.5,0.0,0.0,0.0,27,99.5,101.0,47,92.5,100.5,100.5,100.5,10.0,1005.0,76
2023-05-09 21:33:35,MA401P2250,MA401P2250,100.5,0.0,0.0,0.0,27,99.5,101.0,57,92.5,100.5,100.5,100.5,10.0,1005.0,76
2023-05-09 21:33:36,MA401P2250,MA401P2250,100.5,0.0,0.0,0.0,27,99.5,101.0,47,92.5,100.5,100.5,100.5,10.0,1005.0,76
2023-05-09 21:33:36,MA401P2250,MA401P2250,100.5,0.0,0.0,0.0,27,99.5,101.0,57,92.5,100.5,100.5,100.5,10.0,1005.0,76
2023-05-09 21:33:52,MA401P2250,MA401P2250,100.5,0.0,0.0,0.0,7,99.5,100.5,10,92.5,100.5,100.5,100.5,10.0,1005.0,76
2023-05-09 21:33:52,MA401P2250,MA401P2250,100.5,0.0,0.0,0.0,7,99.5,100.5,30,92.5,100.5,100.5,100.5,10.0,1005.0,76
2023-05-09 21:33:54,MA401P2250,MA401P2250,100.5,0.0,0.0,0.0,30,99.0,100.5,50,92.5,100.5,100.5,100.5,10.0,1005.0,76
2023-05-09 21:33:54,MA401P2250,MA401P2250,100.5,0.0,0.0,0.0,20,99.0,100.5,60,92.5,100.5,100.5,100.5,10.0,1005.0,76
2023-05-09 21:33:55,MA401P2250,MA401P2250,100.5,0.0,0.0,0.0,20,99.0,100.5,67,92.5,100.5,100.5,100.5,10.0,1005.0,76
2023-05-09 21:33:56,MA401P2250,MA401P2250,100.5,0.0,0.0,0.0,27,99.0,100.5,67,92.5,100.5,100.5,100.5,10.0,1005.0,76
2023-05-09 21:33:57,MA401P2250,MA401P2250,100.5,0.0,0.0,0.0,27,99.0,100.5,57,92.5,100.5,100.5,100.5,10.0,1005.0,76
2023-05-09 21:33:59,MA401P2250,MA401P2250,100.5,0.0,0.0,0.0,37,99.0,100.5,47,92.5,100.5,100.5,100.5,10.0,1005.0,76
2023-05-09 21:34:00,MA401P2250,MA401P2250,100.5,0.0,0.0,0.0,37,99.0,100.5,37,92.5,100.5,100.5,100.5,10.0,1005.0,76
2023-05-09 21:34:03,MA401P2250,MA401P2250,100.5,0.0,0.0,0.0,27,99.0,100.5,57,92.5,100.5,100.5,100.5,10.0,1005.0,76
2023-05-09 21:34:03,MA401P2250,MA401P2250,100.5,0.0,0.0,0.0,27,99.0,100.5,67,92.5,100.5,100.5,100.5,10.0,1005.0,76
2023-05-09 21:34:05,MA401P2250,MA401P2250,100.5,0.0,0.0,0.0,27,99.0,100.5,57,92.5,100.5,100.5,100.5,10.0,1005.0,76
2023-05-09 21:34:06,MA401P2250,MA401P2250,100.5,0.0,0.0,0.0,37,99.0,100.5,57,92.5,100.5,100.5,100.5,10.0,1005.0,76
2023-05-09 21:34:06,MA401P2250,MA401P2250,100.5,0.0,0.0,0.0,37,99.0,100.5,47,92.5,100.5,100.5,100.5,10.0,1005.0,76
2023-05-09 21:34:08,MA401P2250,MA401P2250,100.5,0.0,0.0,0.0,37,99.0,100.5,57,92.5,100.5,100.5,100.5,10.0,1005.0,76
2023-05-09 21:34:09,MA401P2250,MA401P2250,100.5,0.0,0.0,0.0,37,99.0,100.5,47,92.5,100.5,100.5,100.5,10.0,1005.0,76
2023-05-09 21:34:11,MA401P2250,MA401P2250,100.5,0.0,0.0,0.0,37,99.0,100.5,57,92.5,100.5,100.5,100.5,10.0,1005.0,76
2023-05-09 21:34:14,MA401P2250,MA401P2250,100.5,0.0,0.0,0.0,27,99.0,100.5,57,92.5,100.5,100.5,100.5,10.0,1005.0,76
2023-05-09 21:34:15,MA401P2250,MA401P2250,100.5,0.0,0.0,0.0,17,99.0,100.5,57,92.5,100.5,100.5,100.5,10.0,1005.0,76
2023-05-09 21:34:21,MA401P2250,MA401P2250,100.5,0.0,0.0,0.0,17,99.0,100.5,67,92.5,100.5,100.5,100.5,10.0,1005.0,76
2023-05-09 21:34:26,MA401P2250,MA401P2250,100.5,0.0,0.0,0.0,17,99.0,100.5,87,92.5,100.5,100.5,100.5,10.0,1005.0,76
2023-05-09 21:34:26,MA401P2250,MA401P2250,100.5,0.0,0.0,0.0,17,99.0,100.5,77,92.5,100.5,100.5,100.5,10.0,1005.0,76
2023-05-09 21:34:31,MA401P2250,MA401P2250,100.5,0.0,0.0,0.0,17,99.0,100.5,87,92.5,100.5,100.5,100.5,10.0,1005.0,76
2023-05-09 21:34:34,MA401P2250,MA401P2250,100.5,0.0,0.0,0.0,17,99.0,100.5,77,92.5,100.5,100.5,100.5,10.0,1005.0,76
2023-05-09 21:34:39,MA401P2250,MA401P2250,100.5,0.0,0.0,0.0,17,99.0,100.5,87,92.5,100.5,100.5,100.5,10.0,1005.0,76
2023-05-09 21:34:47,MA401P2250,MA401P2250,100.5,0.0,0.0,0.0,17,99.0,100.5,77,92.5,100.5,100.5,100.5,10.0,1005.0,76
2023-05-09 21:34:47,MA401P2250,MA401P2250,100.5,0.0,0.0,0.0,17,99.0,100.5,87,92.5,100.5,100.5,100.5,10.0,1005.0,76
2023-05-09 21:34:52,MA401P2250,MA401P2250,100.5,0.0,0.0,0.0,17,99.0,100.5,77,92.5,100.5,100.5,100.5,10.0,1005.0,76
2023-05-09 21:34:52,MA401P2250,MA401P2250,100.5,0.0,0.0,0.0,17,99.0,100.5,87,92.5,100.5,100.5,100.5,10.0,1005.0,76
2023-05-09 21:34:53,MA401P2250,MA401P2250,100.5,0.0,0.0,0.0,17,99.0,100.5,77,92.5,100.5,100.5,100.5,10.0,1005.0,76
2023-05-09 21:35:01,MA401P2250,MA401P2250,100.5,0.0,0.0,0.0,27,99.0,100.5,77,92.5,100.5,100.5,100.5,10.0,1005.0,76
2023-05-09 21:35:03,MA401P2250,MA401P2250,100.5,0.0,0.0,0.0,37,99.0,100.5,77,92.5,100.5,100.5,100.5,10.0,1005.0,76
2023-05-09 21:35:04,MA401P2250,MA401P2250,100.5,0.0,0.0,0.0,7,99.0,100.5,67,92.5,100.5,100.5,100.5,10.0,1005.0,76
2023-05-09 21:35:04,MA401P2250,MA401P2250,100.5,0.0,0.0,0.0,17,99.0,100.5,77,92.5,100.5,100.5,100.5,10.0,1005.0,76
2023-05-09 21:35:05,MA401P2250,MA401P2250,100.5,0.0,0.0,0.0,37,99.0,100.5,77,92.5,100.5,100.5,100.5,10.0,1005.0,76
2023-05-09 21:35:06,MA401P2250,MA401P2250,100.5,0.0,0.0,0.0,17,99.0,100.5,77,92.5,100.5,100.5,100.5,10.0,1005.0,76
2023-05-09 21:35:06,MA401P2250,MA401P2250,100.5,0.0,0.0,0.0,7,99.0,100.5,77,92.5,100.5,100.5,100.5,10.0,1005.0,76
2023-05-09 21:35:35,MA401P2250,MA401P2250,100.5,0.0,0.0,0.0,7,99.0,100.5,87,92.5,100.5,100.5,100.5,10.0,1005.0,76
2023-05-09 21:35:40,MA401P2250,MA401P2250,100.5,0.0,0.0,0.0,7,99.0,100.0,10,92.5,100.5,100.5,100.5,10.0,1005.0,76
2023-05-09 21:35:41,MA401P2250,MA401P2250,100.5,0.0,0.0,0.0,7,99.0,100.0,40,92.5,100.5,100.5,100.5,10.0,1005.0,76
2023-05-09 21:35:41,MA401P2250,MA401P2250,100.5,0.0,0.0,0.0,7,99.0,100.0,30,92.5,100.5,100.5,100.5,10.0,1005.0,76
2023-05-09 21:35:58,MA401P2250,MA401P2250,100.5,0.0,0.0,0.0,7,99.0,100.5,57,92.5,100.5,100.5,100.5,10.0,1005.0,76
2023-05-09 21:36:02,MA401P2250,MA401P2250,100.5,0.0,0.0,0.0,7,99.0,100.5,67,92.5,100.5,100.5,100.5,10.0,1005.0,76
2023-05-09 21:36:03,MA401P2250,MA401P2250,100.5,0.0,0.0,0.0,7,99.0,100.5,87,92.5,100.5,100.5,100.5,10.0,1005.0,76
2023-05-09 21:36:03,MA401P2250,MA401P2250,100.5,0.0,0.0,0.0,7,99.0,100.0,10,92.5,100.5,100.5,100.5,10.0,1005.0,76
2023-05-09 21:36:04,MA401P2250,MA401P2250,100.5,0.0,0.0,0.0,7,99.0,100.0,30,92.5,100.5,100.5,100.5,10.0,1005.0,76
2023-05-09 21:36:11,MA401P2250,MA401P2250,100.5,0.0,0.0,0.0,7,99.0,100.0,40,92.5,100.5,100.5,100.5,10.0,1005.0,76
2023-05-09 21:36:13,MA401P2250,MA401P2250,100.5,0.0,0.0,0.0,7,99.0,100.0,47,92.5,100.5,100.5,100.5,10.0,1005.0,76
2023-05-09 21:36:14,MA401P2250,MA401P2250,100.5,0.0,0.0,0.0,47,98.5,100.0,47,92.5,100.5,100.5,100.5,10.0,1005.0,76
2023-05-09 21:36:14,MA401P2250,MA401P2250,100.5,0.0,0.0,0.0,37,98.5,100.0,57,92.5,100.5,100.5,100.5,10.0,1005.0,76
2023-05-09 21:36:15,MA401P2250,MA401P2250,100.5,0.0,0.0,0.0,27,98.5,100.0,57,92.5,100.5,100.5,100.5,10.0,1005.0,76
2023-05-09 21:36:17,MA401P2250,MA401P2250,100.5,0.0,0.0,0.0,47,98.5,100.0,57,92.5,100.5,100.5,100.5,10.0,1005.0,76
2023-05-09 21:36:18,MA401P2250,MA401P2250,100.5,0.0,0.0,0.0,37,98.5,100.0,57,92.5,100.5,100.5,100.5,10.0,1005.0,76
2023-05-09 21:36:19,MA401P2250,MA401P2250,100.5,0.0,0.0,0.0,47,98.5,100.0,57,92.5,100.5,100.5,100.5,10.0,1005.0,76
2023-05-09 21:36:25,MA401P2250,MA401P2250,100.5,0.0,0.0,0.0,37,98.5,100.0,57,92.5,100.5,100.5,100.5,10.0,1005.0,76
2023-05-09 21:36:27,MA401P2250,MA401P2250,100.5,0.0,0.0,0.0,27,98.5,100.0,57,92.5,100.5,100.5,100.5,10.0,1005.0,76
2023-05-09 21:36:28,MA401P2250,MA401P2250,100.5,0.0,0.0,0.0,17,98.5,100.0,57,92.5,100.5,100.5,100.5,10.0,1005.0,76
2023-05-09 21:36:36,MA401P2250,MA401P2250,100.5,0.0,0.0,0.0,27,98.5,100.0,57,92.5,100.5,100.5,100.5,10.0,1005.0,76
2023-05-09 21:36:43,MA401P2250,MA401P2250,100.5,0.0,0.0,0.0,37,98.5,100.0,57,92.5,100.5,100.5,100.5,10.0,1005.0,76
2023-05-09 21:36:44,MA401P2250,MA401P2250,100.5,0.0,0.0,0.0,27,98.5,100.0,57,92.5,100.5,100.5,100.5,10.0,1005.0,76
2023-05-09 21:37:24,MA401P2250,MA401P2250,100.5,0.0,0.0,0.0,37,98.5,100.0,57,92.5,100.5,100.5,100.5,10.0,1005.0,76
2023-05-09 21:37:31,MA401P2250,MA401P2250,100.5,0.0,0.0,0.0,27,98.5,100.0,57,92.5,100.5,100.5,100.5,10.0,1005.0,76
2023-05-09 21:37:33,MA401P2250,MA401P2250,100.5,0.0,0.0,0.0,47,98.5,100.0,57,92.5,100.5,100.5,100.5,10.0,1005.0,76
2023-05-09 21:37:36,MA401P2250,MA401P2250,100.5,0.0,0.0,0.0,37,98.5,100.0,57,92.5,100.5,100.5,100.5,10.0,1005.0,76
2023-05-09 21:37:38,MA401P2250,MA401P2250,100.5,0.0,0.0,0.0,47,98.5,100.0,47,92.5,100.5,100.5,100.5,10.0,1005.0,76
2023-05-09 21:37:38,MA401P2250,MA401P2250,100.5,0.0,0.0,0.0,57,98.5,100.0,47,92.5,100.5,100.5,100.5,10.0,1005.0,76
2023-05-09 21:37:39,MA401P2250,MA401P2250,100.5,0.0,0.0,0.0,57,98.5,100.0,37,92.5,100.5,100.5,100.5,10.0,1005.0,76
2023-05-09 21:37:58,MA401P2250,MA401P2250,100.5,0.0,0.0,0.0,47,98.5,100.0,57,92.5,100.5,100.5,100.5,10.0,1005.0,76
2023-05-09 21:37:59,MA401P2250,MA401P2250,100.5,0.0,0.0,0.0,47,98.5,100.0,67,92.5,100.5,100.5,100.5,10.0,1005.0,76
2023-05-09 21:37:59,MA401P2250,MA401P2250,100.5,0.0,0.0,0.0,37,98.5,100.0,67,92.5,100.5,100.5,100.5,10.0,1005.0,76
2023-05-09 21:38:00,MA401P2250,MA401P2250,100.5,0.0,0.0,0.0,27,98.5,100.0,67,92.5,100.5,100.5,100.5,10.0,1005.0,76
2023-05-09 21:38:00,MA401P2250,MA401P2250,100.5,0.0,0.0,0.0,37,98.5,100.0,67,92.5,100.5,100.5,100.5,10.0,1005.0,76
2023-05-09 21:38:03,MA401P2250,MA401P2250,100.5,0.0,0.0,0.0,47,98.5,100.0,57,92.5,100.5,100.5,100.5,10.0,1005.0,76
2023-05-09 21:38:04,MA401P2250,MA401P2250,100.5,0.0,0.0,0.0,47,98.5,100.0,47,92.5,100.5,100.5,100.5,10.0,1005.0,76
2023-05-09 21:38:06,MA401P2250,MA401P2250,100.5,0.0,0.0,0.0,57,98.5,100.0,47,92.5,100.5,100.5,100.5,10.0,1005.0,76
2023-05-09 21:38:14,MA401P2250,MA401P2250,100.5,0.0,0.0,0.0,57,98.5,100.0,37,92.5,100.5,100.5,100.5,10.0,1005.0,76
2023-05-09 21:38:18,MA401P2250,MA401P2250,100.5,0.0,0.0,0.0,57,98.5,100.0,47,92.5,100.5,100.5,100.5,10.0,1005.0,76
2023-05-09 21:38:19,MA401P2250,MA401P2250,100.5,0.0,0.0,0.0,47,98.5,100.0,57,92.5,100.5,100.5,100.5,10.0,1005.0,76
2023-05-09 21:38:19,MA401P2250,MA401P2250,100.5,0.0,0.0,0.0,57,98.5,100.0,47,92.5,100.5,100.5,100.5,10.0,1005.0,76
2023-05-09 21:38:37,MA401P2250,MA401P2250,100.5,0.0,0.0,0.0,57,98.5,100.0,57,92.5,100.5,100.5,100.5,10.0,1005.0,76
2023-05-09 21:38:46,MA401P2250,MA401P2250,100.5,0.0,0.0,0.0,10,99.0,100.0,37,92.5,100.5,100.5,100.5,10.0,1005.0,76
2023-05-09 21:38:46,MA401P2250,MA401P2250,100.5,0.0,0.0,0.0,20,99.0,100.0,27,92.5,100.5,100.5,100.5,10.0,1005.0,76
2023-05-09 21:38:47,MA401P2250,MA401P2250,100.5,0.0,0.0,0.0,20,99.0,100.0,7,92.5,100.5,100.5,100.5,10.0,1005.0,76
2023-05-09 21:39:21,MA401P2250,MA401P2250,100.5,0.0,0.0,0.0,20,99.0,100.0,37,92.5,100.5,100.5,100.5,10.0,1005.0,76
2023-05-09 21:39:22,MA401P2250,MA401P2250,100.5,0.0,0.0,0.0,10,99.0,100.0,47,92.5,100.5,100.5,100.5,10.0,1005.0,76
2023-05-09 21:39:27,MA401P2250,MA401P2250,100.5,0.0,0.0,0.0,10,99.0,100.0,37,92.5,100.5,100.5,100.5,10.0,1005.0,76
2023-05-09 21:39:27,MA401P2250,MA401P2250,100.5,0.0,0.0,0.0,57,98.5,100.0,37,92.5,100.5,100.5,100.5,10.0,1005.0,76
2023-05-09 21:39:28,MA401P2250,MA401P2250,100.5,0.0,0.0,0.0,67,98.5,100.0,27,92.5,100.5,100.5,100.5,10.0,1005.0,76
2023-05-09 21:39:29,MA401P2250,MA401P2250,100.5,0.0,0.0,0.0,77,98.5,100.0,17,92.5,100.5,100.5,100.5,10.0,1005.0,76
2023-05-09 21:39:29,MA401P2250,MA401P2250,100.5,0.0,0.0,0.0,77,98.5,100.0,7,92.5,100.5,100.5,100.5,10.0,1005.0,76
2023-05-09 21:39:30,MA401P2250,MA401P2250,100.5,0.0,0.0,0.0,87,98.5,100.0,7,92.5,100.5,100.5,100.5,10.0,1005.0,76
2023-05-09 21:39:31,MA401P2250,MA401P2250,100.5,0.0,0.0,0.0,77,98.5,100.0,7,92.5,100.5,100.5,100.5,10.0,1005.0,76
2023-05-09 21:39:51,MA401P2250,MA401P2250,100.5,0.0,0.0,0.0,17,99.0,100.5,77,92.5,100.5,100.5,100.5,10.0,1005.0,76
2023-05-09 21:39:51,MA401P2250,MA401P2250,100.5,0.0,0.0,0.0,37,99.0,100.5,57,92.5,100.5,100.5,100.5,10.0,1005.0,76
2023-05-09 21:40:02,MA401P2250,MA401P2250,100.5,0.0,0.0,0.0,37,99.0,100.5,67,92.5,100.5,100.5,100.5,10.0,1005.0,76
2023-05-09 21:40:02,MA401P2250,MA401P2250,100.5,0.0,0.0,0.0,7,99.0,100.5,77,92.5,100.5,100.5,100.5,10.0,1005.0,76
2023-05-09 21:40:16,MA401P2250,MA401P2250,100.5,0.0,0.0,0.0,17,99.0,100.5,77,92.5,100.5,100.5,100.5,10.0,1005.0,76
2023-05-09 21:40:18,MA401P2250,MA401P2250,100.5,0.0,0.0,0.0,27,99.0,100.5,77,92.5,100.5,100.5,100.5,10.0,1005.0,76
2023-05-09 21:40:20,MA401P2250,MA401P2250,100.5,0.0,0.0,0.0,7,99.0,100.5,77,92.5,100.5,100.5,100.5,10.0,1005.0,76
2023-05-09 21:40:21,MA401P2250,MA401P2250,100.5,0.0,0.0,0.0,17,99.0,100.5,77,92.5,100.5,100.5,100.5,10.0,1005.0,76
2023-05-09 21:40:21,MA401P2250,MA401P2250,100.5,0.0,0.0,0.0,27,99.0,100.5,77,92.5,100.5,100.5,100.5,10.0,1005.0,76
2023-05-09 21:40:24,MA401P2250,MA401P2250,100.5,0.0,0.0,0.0,27,99.0,100.5,67,92.5,100.5,100.5,100.5,10.0,1005.0,76
2023-05-09 21:40:57,MA401P2250,MA401P2250,100.5,0.0,0.0,0.0,47,99.0,100.5,47,92.5,100.5,100.5,100.5,10.0,1005.0,76
2023-05-09 21:40:57,MA401P2250,MA401P2250,100.5,0.0,0.0,0.0,47,99.0,100.5,37,92.5,100.5,100.5,100.5,10.0,1005.0,76
2023-05-09 21:40:58,MA401P2250,MA401P2250,100.5,0.0,0.0,0.0,47,99.0,100.5,27,92.5,100.5,100.5,100.5,10.0,1005.0,76
2023-05-09 21:41:00,MA401P2250,MA401P2250,100.5,0.0,0.0,0.0,47,99.0,100.5,37,92.5,100.5,100.5,100.5,10.0,1005.0,76
2023-05-09 21:41:02,MA401P2250,MA401P2250,100.5,0.0,0.0,0.0,57,99.0,100.5,37,92.5,100.5,100.5,100.5,10.0,1005.0,76
2023-05-09 21:41:03,MA401P2250,MA401P2250,100.5,0.0,0.0,0.0,57,99.0,100.5,47,92.5,100.5,100.5,100.5,10.0,1005.0,76
2023-05-09 21:41:08,MA401P2250,MA401P2250,100.5,0.0,0.0,0.0,47,99.0,100.5,57,92.5,100.5,100.5,100.5,10.0,1005.0,76
2023-05-09 21:41:13,MA401P2250,MA401P2250,100.5,0.0,0.0,0.0,57,99.0,100.5,57,92.5,100.5,100.5,100.5,10.0,1005.0,76
2023-05-09 21:41:14,MA401P2250,MA401P2250,100.5,0.0,0.0,0.0,67,99.0,100.5,17,92.5,100.5,100.5,100.5,10.0,1005.0,76
2023-05-09 21:41:14,MA401P2250,MA401P2250,100.5,0.0,0.0,0.0,10,99.5,100.5,17,92.5,100.5,100.5,100.5,10.0,1005.0,76
2023-05-09 21:41:15,MA401P2250,MA401P2250,100.5,0.0,0.0,0.0,20,99.5,100.5,10,92.5,100.5,100.5,100.5,10.0,1005.0,76
2023-05-09 21:41:16,MA401P2250,MA401P2250,100.5,0.0,0.0,0.0,27,99.5,101.0,50,92.5,100.5,100.5,100.5,10.0,1005.0,76
2023-05-09 21:41:16,MA401P2250,MA401P2250,100.5,0.0,0.0,0.0,27,99.5,101.0,60,92.5,100.5,100.5,100.5,10.0,1005.0,76
2023-05-09 21:41:19,MA401P2250,MA401P2250,100.5,0.0,0.0,0.0,27,99.5,101.0,50,92.5,100.5,100.5,100.5,10.0,1005.0,76
2023-05-09 21:41:23,MA401P2250,MA401P2250,100.5,0.0,0.0,0.0,17,99.5,101.0,60,92.5,100.5,100.5,100.5,10.0,1005.0,76
2023-05-09 21:41:31,MA401P2250,MA401P2250,100.5,0.0,0.0,0.0,17,99.5,101.0,57,92.5,100.5,100.5,100.5,10.0,1005.0,76
2023-05-09 21:41:31,MA401P2250,MA401P2250,100.5,0.0,0.0,0.0,17,99.5,101.0,67,92.5,100.5,100.5,100.5,10.0,1005.0,76
2023-05-09 21:41:32,MA401P2250,MA401P2250,100.5,0.0,0.0,0.0,17,99.5,101.0,57,92.5,100.5,100.5,100.5,10.0,1005.0,76
2023-05-09 21:41:32,MA401P2250,MA401P2250,100.5,0.0,0.0,0.0,17,99.5,101.0,47,92.5,100.5,100.5,100.5,10.0,1005.0,76
2023-05-09 21:41:35,MA401P2250,MA401P2250,100.5,0.0,0.0,0.0,27,99.5,101.0,47,92.5,100.5,100.5,100.5,10.0,1005.0,76
2023-05-09 21:41:45,MA401P2250,MA401P2250,100.5,0.0,0.0,0.0,37,99.5,101.0,47,92.5,100.5,100.5,100.5,10.0,1005.0,76
2023-05-09 21:41:46,MA401P2250,MA401P2250,100.5,0.0,0.0,0.0,27,99.5,101.0,37,92.5,100.5,100.5,100.5,10.0,1005.0,76
2023-05-09 21:41:46,MA401P2250,MA401P2250,100.5,0.0,0.0,0.0,37,99.5,101.0,47,92.5,100.5,100.5,100.5,10.0,1005.0,76
2023-05-09 21:41:47,MA401P2250,MA401P2250,100.5,0.0,0.0,0.0,37,99.5,101.0,57,92.5,100.5,100.5,100.5,10.0,1005.0,76
2023-05-09 21:41:49,MA401P2250,MA401P2250,100.5,0.0,0.0,0.0,27,99.5,101.0,57,92.5,100.5,100.5,100.5,10.0,1005.0,76
2023-05-09 21:41:49,MA401P2250,MA401P2250,100.5,0.0,0.0,0.0,37,99.5,101.0,57,92.5,100.5,100.5,100.5,10.0,1005.0,76
2023-05-09 21:41:50,MA401P2250,MA401P2250,100.5,0.0,0.0,0.0,37,99.5,101.0,47,92.5,100.5,100.5,100.5,10.0,1005.0,76
2023-05-09 21:41:50,MA401P2250,MA401P2250,100.5,0.0,0.0,0.0,27,99.5,101.0,57,92.5,100.5,100.5,100.5,10.0,1005.0,76
2023-05-09 21:41:53,MA401P2250,MA401P2250,100.5,0.0,0.0,0.0,27,99.5,101.0,47,92.5,100.5,100.5,100.5,10.0,1005.0,76
2023-05-09 21:41:55,MA401P2250,MA401P2250,100.5,0.0,0.0,0.0,27,99.5,101.0,57,92.5,100.5,100.5,100.5,10.0,1005.0,76
2023-05-09 21:41:55,MA401P2250,MA401P2250,100.5,0.0,0.0,0.0,17,99.5,101.0,57,92.5,100.5,100.5,100.5,10.0,1005.0,76
2023-05-09 21:41:56,MA401P2250,MA401P2250,100.5,0.0,0.0,0.0,7,99.5,101.0,57,92.5,100.5,100.5,100.5,10.0,1005.0,76
2023-05-09 21:41:57,MA401P2250,MA401P2250,100.5,0.0,0.0,0.0,7,99.5,101.0,67,92.5,100.5,100.5,100.5,10.0,1005.0,76
2023-05-09 21:42:10,MA401P2250,MA401P2250,100.5,0.0,0.0,0.0,7,99.5,101.0,77,92.5,100.5,100.5,100.5,10.0,1005.0,76
2023-05-09 21:42:10,MA401P2250,MA401P2250,100.5,0.0,0.0,0.0,7,99.5,100.5,20,92.5,100.5,100.5,100.5,10.0,1005.0,76
2023-05-09 21:42:11,MA401P2250,MA401P2250,100.5,0.0,0.0,0.0,47,99.0,100.5,67,92.5,100.5,100.5,100.5,10.0,1005.0,76
2023-05-09 21:42:11,MA401P2250,MA401P2250,100.5,0.0,0.0,0.0,27,99.0,100.5,57,92.5,100.5,100.5,100.5,10.0,1005.0,76
2023-05-09 21:42:13,MA401P2250,MA401P2250,100.5,0.0,0.0,0.0,37,99.0,100.5,67,92.5,100.5,100.5,100.5,10.0,1005.0,76
2023-05-09 21:42:14,MA401P2250,MA401P2250,100.5,0.0,0.0,0.0,17,99.0,100.5,57,92.5,100.5,100.5,100.5,10.0,1005.0,76
2023-05-09 21:42:16,MA401P2250,MA401P2250,100.5,0.0,0.0,0.0,17,99.0,100.0,40,92.5,100.5,100.5,100.5,10.0,1005.0,76
2023-05-09 21:42:16,MA401P2250,MA401P2250,100.5,0.0,0.0,0.0,7,99.0,100.0,40,92.5,100.5,100.5,100.5,10.0,1005.0,76
2023-05-09 21:42:20,MA401P2250,MA401P2250,100.5,0.0,0.0,0.0,7,99.0,100.0,30,92.5,100.5,100.5,100.5,10.0,1005.0,76
2023-05-09 21:42:26,MA401P2250,MA401P2250,100.5,0.0,0.0,0.0,7,99.0,100.0,40,92.5,100.5,100.5,100.5,10.0,1005.0,76
2023-05-09 21:42:31,MA401P2250,MA401P2250,100.5,0.0,0.0,0.0,27,98.5,100.0,57,92.5,100.5,100.5,100.5,10.0,1005.0,76
2023-05-09 21:42:36,MA401P2250,MA401P2250,100.5,0.0,0.0,0.0,17,98.5,100.0,57,92.5,100.5,100.5,100.5,10.0,1005.0,76
2023-05-09 21:42:49,MA401P2250,MA401P2250,100.5,0.0,0.0,0.0,17,98.5,100.0,67,92.5,100.5,100.5,100.5,10.0,1005.0,76
2023-05-09 21:42:51,MA401P2250,MA401P2250,100.5,0.0,0.0,0.0,7,98.5,100.0,77,92.5,100.5,100.5,100.5,10.0,1005.0,76
2023-05-09 21:42:55,MA401P2250,MA401P2250,100.5,0.0,0.0,0.0,17,98.5,100.0,77,92.5,100.5,100.5,100.5,10.0,1005.0,76
2023-05-09 21:43:06,MA401P2250,MA401P2250,100.5,0.0,0.0,0.0,17,98.5,100.0,67,92.5,100.5,100.5,100.5,10.0,1005.0,76
2023-05-09 21:43:07,MA401P2250,MA401P2250,100.5,0.0,0.0,0.0,7,98.5,100.0,67,92.5,100.5,100.5,100.5,10.0,1005.0,76
2023-05-09 21:43:08,MA401P2250,MA401P2250,100.5,0.0,0.0,0.0,7,98.5,100.0,77,92.5,100.5,100.5,100.5,10.0,1005.0,76
2023-05-09 21:43:09,MA401P2250,MA401P2250,100.5,0.0,0.0,0.0,7,98.5,100.0,67,92.5,100.5,100.5,100.5,10.0,1005.0,76
2023-05-09 21:43:11,MA401P2250,MA401P2250,100.5,0.0,0.0,0.0,7,98.5,100.0,77,92.5,100.5,100.5,100.5,10.0,1005.0,76
2023-05-09 21:43:14,MA401P2250,MA401P2250,100.5,0.0,0.0,0.0,7,98.5,100.0,67,92.5,100.5,100.5,100.5,10.0,1005.0,76
2023-05-09 21:43:19,MA401P2250,MA401P2250,100.5,0.0,0.0,0.0,7,98.5,100.0,77,92.5,100.5,100.5,100.5,10.0,1005.0,76
2023-05-09 21:43:22,MA401P2250,MA401P2250,100.5,0.0,0.0,0.0,7,98.5,100.0,67,92.5,100.5,100.5,100.5,10.0,1005.0,76
2023-05-09 21:43:24,MA401P2250,MA401P2250,100.5,0.0,0.0,0.0,7,98.5,100.0,77,92.5,100.5,100.5,100.5,10.0,1005.0,76
2023-05-09 21:43:25,MA401P2250,MA401P2250,100.5,0.0,0.0,0.0,7,98.5,100.0,67,92.5,100.5,100.5,100.5,10.0,1005.0,76
2023-05-09 21:43:28,MA401P2250,MA401P2250,100.5,0.0,0.0,0.0,17,98.5,100.0,67,92.5,100.5,100.5,100.5,10.0,1005.0,76
2023-05-09 21:43:29,MA401P2250,MA401P2250,100.5,0.0,0.0,0.0,27,98.5,100.0,67,92.5,100.5,100.5,100.5,10.0,1005.0,76
2023-05-09 21:43:29,MA401P2250,MA401P2250,100.5,0.0,0.0,0.0,27,98.5,100.0,57,92.5,100.5,100.5,100.5,10.0,1005.0,76
2023-05-09 21:43:42,MA401P2250,MA401P2250,100.5,0.0,0.0,0.0,27,98.5,100.0,67,92.5,100.5,100.5,100.5,10.0,1005.0,76
2023-05-09 21:43:43,MA401P2250,MA401P2250,100.5,0.0,0.0,0.0,27,98.5,100.0,57,92.5,100.5,100.5,100.5,10.0,1005.0,76
2023-05-09 21:43:43,MA401P2250,MA401P2250,100.5,0.0,0.0,0.0,27,98.5,100.0,67,92.5,100.5,100.5,100.5,10.0,1005.0,76
2023-05-09 21:43:44,MA401P2250,MA401P2250,100.5,0.0,0.0,0.0,17,98.5,100.0,67,92.5,100.5,100.5,100.5,10.0,1005.0,76
2023-05-09 21:43:48,MA401P2250,MA401P2250,100.5,0.0,0.0,0.0,17,98.5,100.0,57,92.5,100.5,100.5,100.5,10.0,1005.0,76
2023-05-09 21:43:59,MA401P2250,MA401P2250,100.5,0.0,0.0,0.0,17,98.5,100.0,67,92.5,100.5,100.5,100.5,10.0,1005.0,76
2023-05-09 21:44:01,MA401P2250,MA401P2250,100.5,0.0,0.0,0.0,17,98.5,100.0,57,92.5,100.5,100.5,100.5,10.0,1005.0,76
2023-05-09 21:44:01,MA401P2250,MA401P2250,100.5,0.0,0.0,0.0,17,98.5,100.0,67,92.5,100.5,100.5,100.5,10.0,1005.0,76
2023-05-09 21:44:44,MA401P2250,MA401P2250,100.5,0.0,0.0,0.0,27,98.5,100.0,67,92.5,100.5,100.5,100.5,10.0,1005.0,76
2023-05-09 21:45:15,MA401P2250,MA401P2250,100.5,0.0,0.0,0.0,17,98.5,100.0,67,92.5,100.5,100.5,100.5,10.0,1005.0,76
2023-05-09 21:45:16,MA401P2250,MA401P2250,100.5,0.0,0.0,0.0,27,98.5,100.0,67,92.5,100.5,100.5,100.5,10.0,1005.0,76
2023-05-09 21:45:17,MA401P2250,MA401P2250,100.5,0.0,0.0,0.0,27,98.5,100.0,57,92.5,100.5,100.5,100.5,10.0,1005.0,76
2023-05-09 21:45:17,MA401P2250,MA401P2250,100.5,0.0,0.0,0.0,37,98.5,100.0,57,92.5,100.5,100.5,100.5,10.0,1005.0,76
2023-05-09 21:45:18,MA401P2250,MA401P2250,100.5,0.0,0.0,0.0,47,98.5,100.0,57,92.5,100.5,100.5,100.5,10.0,1005.0,76
2023-05-09 21:45:19,MA401P2250,MA401P2250,100.5,0.0,0.0,0.0,47,98.5,100.0,47,92.5,100.5,100.5,100.5,10.0,1005.0,76
2023-05-09 21:45:20,MA401P2250,MA401P2250,100.5,0.0,0.0,0.0,57,98.5,100.0,47,92.5,100.5,100.5,100.5,10.0,1005.0,76
2023-05-09 21:45:20,MA401P2250,MA401P2250,100.5,0.0,0.0,0.0,47,98.5,100.0,47,92.5,100.5,100.5,100.5,10.0,1005.0,76
2023-05-09 21:45:23,MA401P2250,MA401P2250,100.5,0.0,0.0,0.0,47,98.5,100.0,37,92.5,100.5,100.5,100.5,10.0,1005.0,76
2023-05-09 21:45:23,MA401P2250,MA401P2250,100.5,0.0,0.0,0.0,47,98.5,100.0,47,92.5,100.5,100.5,100.5,10.0,1005.0,76
2023-05-09 21:45:25,MA401P2250,MA401P2250,100.5,0.0,0.0,0.0,37,98.5,100.0,37,92.5,100.5,100.5,100.5,10.0,1005.0,76
2023-05-09 21:45:26,MA401P2250,MA401P2250,100.5,0.0,0.0,0.0,47,98.5,100.0,47,92.5,100.5,100.5,100.5,10.0,1005.0,76
2023-05-09 21:45:32,MA401P2250,MA401P2250,100.5,0.0,0.0,0.0,47,98.5,100.0,37,92.5,100.5,100.5,100.5,10.0,1005.0,76
2023-05-09 21:45:32,MA401P2250,MA401P2250,100.5,0.0,0.0,0.0,37,98.5,100.0,37,92.5,100.5,100.5,100.5,10.0,1005.0,76
2023-05-09 21:45:39,MA401P2250,MA401P2250,100.5,0.0,0.0,0.0,27,98.5,100.0,47,92.5,100.5,100.5,100.5,10.0,1005.0,76
2023-05-09 21:45:39,MA401P2250,MA401P2250,100.5,0.0,0.0,0.0,17,98.5,100.0,57,92.5,100.5,100.5,100.5,10.0,1005.0,76
2023-05-09 21:45:41,MA401P2250,MA401P2250,100.5,0.0,0.0,0.0,17,98.5,100.0,67,92.5,100.5,100.5,100.5,10.0,1005.0,76
2023-05-09 21:45:52,MA401P2250,MA401P2250,100.5,0.0,0.0,0.0,7,98.5,100.0,67,92.5,100.5,100.5,100.5,10.0,1005.0,76
2023-05-09 21:45:54,MA401P2250,MA401P2250,100.5,0.0,0.0,0.0,17,98.5,100.0,67,92.5,100.5,100.5,100.5,10.0,1005.0,76
2023-05-09 21:45:56,MA401P2250,MA401P2250,100.5,0.0,0.0,0.0,7,98.5,100.0,67,92.5,100.5,100.5,100.5,10.0,1005.0,76
2023-05-09 21:46:04,MA401P2250,MA401P2250,100.5,0.0,0.0,0.0,17,98.5,100.0,67,92.5,100.5,100.5,100.5,10.0,1005.0,76
2023-05-09 21:46:15,MA401P2250,MA401P2250,100.5,0.0,0.0,0.0,7,98.5,100.0,67,92.5,100.5,100.5,100.5,10.0,1005.0,76
2023-05-09 21:46:18,MA401P2250,MA401P2250,100.5,0.0,0.0,0.0,7,98.5,100.0,77,92.5,100.5,100.5,100.5,10.0,1005.0,76
2023-05-09 21:46:40,MA401P2250,MA401P2250,100.5,0.0,0.0,0.0,17,98.5,100.0,57,92.5,100.5,100.5,100.5,10.0,1005.0,76
2023-05-09 21:46:40,MA401P2250,MA401P2250,100.5,0.0,0.0,0.0,27,98.5,100.0,47,92.5,100.5,100.5,100.5,10.0,1005.0,76
2023-05-09 21:46:40,MA401P2250,MA401P2250,100.5,0.0,0.0,0.0,37,98.5,100.0,37,92.5,100.5,100.5,100.5,10.0,1005.0,76
2023-05-09 21:46:42,MA401P2250,MA401P2250,100.5,0.0,0.0,0.0,47,98.5,100.0,47,92.5,100.5,100.5,100.5,10.0,1005.0,76
2023-05-09 21:47:13,MA401P2250,MA401P2250,100.5,0.0,0.0,0.0,47,98.5,100.0,57,92.5,100.5,100.5,100.5,10.0,1005.0,76
2023-05-09 21:47:26,MA401P2250,MA401P2250,100.5,0.0,0.0,0.0,37,98.5,100.0,57,92.5,100.5,100.5,100.5,10.0,1005.0,76
2023-05-09 21:47:34,MA401P2250,MA401P2250,100.5,0.0,0.0,0.0,37,98.5,100.0,67,92.5,100.5,100.5,100.5,10.0,1005.0,76
2023-05-09 21:47:37,MA401P2250,MA401P2250,100.5,0.0,0.0,0.0,17,98.5,100.0,67,92.5,100.5,100.5,100.5,10.0,1005.0,76
2023-05-09 21:47:37,MA401P2250,MA401P2250,100.5,0.0,0.0,0.0,7,98.5,100.0,67,92.5,100.5,100.5,100.5,10.0,1005.0,76
2023-05-09 21:47:40,MA401P2250,MA401P2250,100.5,0.0,0.0,0.0,7,98.5,100.0,77,92.5,100.5,100.5,100.5,10.0,1005.0,76
2023-05-09 21:47:42,MA401P2250,MA401P2250,100.5,0.0,0.0,0.0,7,98.5,99.5,40,92.5,100.5,100.5,100.5,10.0,1005.0,76
2023-05-09 21:47:43,MA401P2250,MA401P2250,100.5,0.0,0.0,0.0,7,98.5,99.5,47,92.5,100.5,100.5,100.5,10.0,1005.0,76
2023-05-09 21:47:44,MA401P2250,MA401P2250,100.5,0.0,0.0,0.0,7,98.5,99.5,57,92.5,100.5,100.5,100.5,10.0,1005.0,76
2023-05-09 21:48:00,MA401P2250,MA401P2250,100.5,0.0,0.0,0.0,7,98.5,99.5,47,92.5,100.5,100.5,100.5,10.0,1005.0,76
2023-05-09 21:48:00,MA401P2250,MA401P2250,100.5,0.0,0.0,0.0,7,98.5,99.5,27,92.5,100.5,100.5,100.5,10.0,1005.0,76
2023-05-09 21:48:02,MA401P2250,MA401P2250,100.5,0.0,0.0,0.0,7,98.5,100.0,77,92.5,100.5,100.5,100.5,10.0,1005.0,76
2023-05-09 21:48:03,MA401P2250,MA401P2250,100.5,0.0,0.0,0.0,27,98.5,100.0,57,92.5,100.5,100.5,100.5,10.0,1005.0,76
2023-05-09 21:48:06,MA401P2250,MA401P2250,100.5,0.0,0.0,0.0,17,98.5,100.0,67,92.5,100.5,100.5,100.5,10.0,1005.0,76
2023-05-09 21:48:07,MA401P2250,MA401P2250,100.5,0.0,0.0,0.0,17,98.5,100.0,57,92.5,100.5,100.5,100.5,10.0,1005.0,76
2023-05-09 21:48:09,MA401P2250,MA401P2250,100.5,0.0,0.0,0.0,27,98.5,100.0,67,92.5,100.5,100.5,100.5,10.0,1005.0,76
2023-05-09 21:48:15,MA401P2250,MA401P2250,100.5,0.0,0.0,0.0,37,98.5,100.0,47,92.5,100.5,100.5,100.5,10.0,1005.0,76
2023-05-09 21:48:17,MA401P2250,MA401P2250,100.5,0.0,0.0,0.0,37,98.5,100.0,57,92.5,100.5,100.5,100.5,10.0,1005.0,76
2023-05-09 21:48:18,MA401P2250,MA401P2250,100.5,0.0,0.0,0.0,37,98.5,100.0,67,92.5,100.5,100.5,100.5,10.0,1005.0,76
2023-05-09 21:48:23,MA401P2250,MA401P2250,100.5,0.0,0.0,0.0,37,98.5,100.0,57,92.5,100.5,100.5,100.5,10.0,1005.0,76
2023-05-09 21:48:27,MA401P2250,MA401P2250,100.5,0.0,0.0,0.0,47,98.5,100.0,57,92.5,100.5,100.5,100.5,10.0,1005.0,76
2023-05-09 21:48:31,MA401P2250,MA401P2250,100.5,0.0,0.0,0.0,27,98.5,100.0,57,92.5,100.5,100.5,100.5,10.0,1005.0,76
2023-05-09 21:48:37,MA401P2250,MA401P2250,100.5,0.0,0.0,0.0,27,98.5,100.0,67,92.5,100.5,100.5,100.5,10.0,1005.0,76
2023-05-09 21:48:38,MA401P2250,MA401P2250,100.5,0.0,0.0,0.0,17,98.5,100.0,67,92.5,100.5,100.5,100.5,10.0,1005.0,76
2023-05-09 21:48:38,MA401P2250,MA401P2250,100.5,0.0,0.0,0.0,7,98.5,100.0,67,92.5,100.5,100.5,100.5,10.0,1005.0,76
2023-05-09 21:48:42,MA401P2250,MA401P2250,100.5,0.0,0.0,0.0,7,98.5,100.0,77,92.5,100.5,100.5,100.5,10.0,1005.0,76
2023-05-09 21:48:42,MA401P2250,MA401P2250,100.5,0.0,0.0,0.0,30,98.0,99.5,40,92.5,100.5,100.5,100.5,10.0,1005.0,76
2023-05-09 21:48:42,MA401P2250,MA401P2250,100.5,0.0,0.0,0.0,27,98.0,99.5,50,92.5,100.5,100.5,100.5,10.0,1005.0,76
2023-05-09 21:48:43,MA401P2250,MA401P2250,100.5,0.0,0.0,0.0,27,98.0,99.5,57,92.5,100.5,100.5,100.5,10.0,1005.0,76
2023-05-09 21:48:50,MA401P2250,MA401P2250,100.5,0.0,0.0,0.0,7,98.0,99.5,67,92.5,100.5,100.5,100.5,10.0,1005.0,76
2023-05-09 21:48:54,MA401P2250,MA401P2250,100.5,0.0,0.0,0.0,27,98.0,99.5,57,92.5,100.5,100.5,100.5,10.0,1005.0,76
2023-05-09 21:49:03,MA401P2250,MA401P2250,100.5,0.0,0.0,0.0,27,98.0,99.5,67,92.5,100.5,100.5,100.5,10.0,1005.0,76
2023-05-09 21:49:06,MA401P2250,MA401P2250,100.5,0.0,0.0,0.0,27,98.0,99.5,57,92.5,100.5,100.5,100.5,10.0,1005.0,76
2023-05-09 21:49:08,MA401P2250,MA401P2250,100.5,0.0,0.0,0.0,27,98.0,99.5,67,92.5,100.5,100.5,100.5,10.0,1005.0,76
2023-05-09 21:49:10,MA401P2250,MA401P2250,100.5,0.0,0.0,0.0,27,98.0,99.5,57,92.5,100.5,100.5,100.5,10.0,1005.0,76
2023-05-09 21:49:27,MA401P2250,MA401P2250,100.5,0.0,0.0,0.0,7,98.0,99.5,67,92.5,100.5,100.5,100.5,10.0,1005.0,76
2023-05-09 21:49:31,MA401P2250,MA401P2250,100.5,0.0,0.0,0.0,7,98.0,99.5,77,92.5,100.5,100.5,100.5,10.0,1005.0,76
2023-05-09 21:49:33,MA401P2250,MA401P2250,100.5,0.0,0.0,0.0,17,98.0,99.5,57,92.5,100.5,100.5,100.5,10.0,1005.0,76
2023-05-09 21:49:33,MA401P2250,MA401P2250,100.5,0.0,0.0,0.0,27,98.0,99.5,57,92.5,100.5,100.5,100.5,10.0,1005.0,76
2023-05-09 21:49:47,MA401P2250,MA401P2250,100.5,0.0,0.0,0.0,7,98.0,99.5,57,92.5,100.5,100.5,100.5,10.0,1005.0,76
2023-05-09 21:49:47,MA401P2250,MA401P2250,100.5,0.0,0.0,0.0,27,98.0,99.5,57,92.5,100.5,100.5,100.5,10.0,1005.0,76
2023-05-09 21:49:51,MA401P2250,MA401P2250,100.5,0.0,0.0,0.0,27,98.0,99.5,67,92.5,100.5,100.5,100.5,10.0,1005.0,76
2023-05-09 21:49:57,MA401P2250,MA401P2250,100.5,0.0,0.0,0.0,27,98.0,99.5,57,92.5,100.5,100.5,100.5,10.0,1005.0,76
2023-05-09 21:50:00,MA401P2250,MA401P2250,100.5,0.0,0.0,0.0,17,98.0,99.5,57,92.5,100.5,100.5,100.5,10.0,1005.0,76
