time,symbol_id,symbol_name,last,trade_volume,trade_amount,open_interest_change,bv1,bp1,ap1,av1,yesterday_close,today_open,today_high,today_low,volume,amount,open_interest
2023-05-09 19:10:58,MA401C2700,MA401C2700,46.5,0.0,0.0,-35.0,0,0.0,0.0,0,46.5,45.5,0.0,0.0,0.0,0.0,125
2023-05-09 20:59:00,MA401C2700,MA401C2700,46.5,0.0,0.0,0.0,2,31.0,156.0,3,46.5,45.5,0.0,0.0,0.0,0.0,125
2023-05-09 21:00:00,MA401C2700,MA401C2700,46.5,0.0,0.0,0.0,1,39.0,153.0,10,46.5,45.5,0.0,0.0,0.0,0.0,125
2023-05-09 21:00:01,MA401C2700,MA401C2700,46.5,0.0,0.0,0.0,1,39.5,52.5,1,46.5,45.5,0.0,0.0,0.0,0.0,125
2023-05-09 21:00:04,MA401C2700,MA401C2700,46.5,0.0,0.0,0.0,10,40.0,52.0,10,46.5,45.5,0.0,0.0,0.0,0.0,125
2023-05-09 21:00:06,MA401C2700,MA401C2700,46.5,0.0,0.0,0.0,1,40.5,51.5,1,46.5,45.5,0.0,0.0,0.0,0.0,125
2023-05-09 21:00:06,MA401C2700,MA401C2700,46.5,0.0,0.0,0.0,10,41.0,51.0,10,46.5,45.5,0.0,0.0,0.0,0.0,125
2023-05-09 21:00:08,MA401C2700,MA401C2700,46.5,0.0,0.0,0.0,1,41.5,50.5,1,46.5,45.5,0.0,0.0,0.0,0.0,125
2023-05-09 21:00:08,MA401C2700,MA401C2700,46.5,0.0,0.0,0.0,10,42.0,50.0,10,46.5,45.5,0.0,0.0,0.0,0.0,125
2023-05-09 21:00:09,MA401C2700,MA401C2700,46.5,0.0,0.0,0.0,10,42.0,49.5,1,46.5,45.5,0.0,0.0,0.0,0.0,125
2023-05-09 21:00:09,MA401C2700,MA401C2700,46.5,0.0,0.0,0.0,10,42.0,49.0,10,46.5,45.5,0.0,0.0,0.0,0.0,125
2023-05-09 21:00:19,MA401C2700,MA401C2700,46.5,0.0,0.0,0.0,10,42.0,48.5,1,46.5,45.5,0.0,0.0,0.0,0.0,125
2023-05-09 21:00:20,MA401C2700,MA401C2700,46.5,0.0,0.0,0.0,10,42.0,48.5,11,46.5,45.5,0.0,0.0,0.0,0.0,125
2023-05-09 21:00:51,MA401C2700,MA401C2700,46.5,0.0,0.0,0.0,10,42.0,48.5,1,46.5,45.5,0.0,0.0,0.0,0.0,125
2023-05-09 21:00:55,MA401C2700,MA401C2700,46.5,0.0,0.0,0.0,10,44.0,47.0,10,46.5,45.5,0.0,0.0,0.0,0.0,125
2023-05-09 21:00:55,MA401C2700,MA401C2700,46.5,0.0,0.0,0.0,10,44.5,47.0,10,46.5,45.5,0.0,0.0,0.0,0.0,125
2023-05-09 21:00:57,MA401C2700,MA401C2700,46.5,0.0,0.0,0.0,20,44.5,47.0,20,46.5,45.5,0.0,0.0,0.0,0.0,125
2023-05-09 21:01:00,MA401C2700,MA401C2700,46.5,0.0,0.0,0.0,20,44.5,46.5,10,46.5,45.5,0.0,0.0,0.0,0.0,125
2023-05-09 21:01:01,MA401C2700,MA401C2700,46.5,0.0,0.0,0.0,20,44.5,46.5,20,46.5,45.5,0.0,0.0,0.0,0.0,125
2023-05-09 21:01:10,MA401C2700,MA401C2700,46.5,0.0,0.0,0.0,10,44.5,46.5,20,46.5,45.5,0.0,0.0,0.0,0.0,125
2023-05-09 21:01:11,MA401C2700,MA401C2700,46.5,0.0,0.0,0.0,20,44.0,46.5,20,46.5,45.5,0.0,0.0,0.0,0.0,125
2023-05-09 21:01:11,MA401C2700,MA401C2700,46.5,0.0,0.0,0.0,27,44.0,46.5,20,46.5,45.5,0.0,0.0,0.0,0.0,125
2023-05-09 21:01:13,MA401C2700,MA401C2700,46.5,0.0,0.0,0.0,27,44.0,46.0,20,46.5,45.5,0.0,0.0,0.0,0.0,125
2023-05-09 21:01:14,MA401C2700,MA401C2700,46.5,0.0,0.0,0.0,7,44.0,46.0,20,46.5,45.5,0.0,0.0,0.0,0.0,125
2023-05-09 21:01:16,MA401C2700,MA401C2700,46.5,0.0,0.0,0.0,7,44.0,46.0,27,46.5,45.5,0.0,0.0,0.0,0.0,125
2023-05-09 21:01:22,MA401C2700,MA401C2700,46.5,0.0,0.0,0.0,7,44.0,45.5,7,46.5,45.5,0.0,0.0,0.0,0.0,125
2023-05-09 21:01:24,MA401C2700,MA401C2700,46.5,0.0,0.0,0.0,10,43.5,45.5,7,46.5,45.5,0.0,0.0,0.0,0.0,125
2023-05-09 21:01:24,MA401C2700,MA401C2700,46.5,0.0,0.0,0.0,11,41.5,45.5,7,46.5,45.5,0.0,0.0,0.0,0.0,125
2023-05-09 21:01:26,MA401C2700,MA401C2700,46.5,0.0,0.0,0.0,7,43.5,45.5,7,46.5,45.5,0.0,0.0,0.0,0.0,125
2023-05-09 21:01:30,MA401C2700,MA401C2700,46.5,0.0,0.0,0.0,7,43.5,45.0,7,46.5,45.5,0.0,0.0,0.0,0.0,125
2023-05-09 21:01:40,MA401C2700,MA401C2700,46.5,0.0,0.0,0.0,7,43.5,45.0,17,46.5,45.5,0.0,0.0,0.0,0.0,125
2023-05-09 21:01:41,MA401C2700,MA401C2700,46.5,0.0,0.0,0.0,7,43.5,45.0,27,46.5,45.5,0.0,0.0,0.0,0.0,125
2023-05-09 21:01:54,MA401C2700,MA401C2700,46.5,0.0,0.0,0.0,17,43.5,45.0,27,46.5,45.5,0.0,0.0,0.0,0.0,125
2023-05-09 21:01:54,MA401C2700,MA401C2700,46.5,0.0,0.0,0.0,27,43.5,45.0,27,46.5,45.5,0.0,0.0,0.0,0.0,125
2023-05-09 21:02:04,MA401C2700,MA401C2700,46.5,0.0,0.0,0.0,37,43.5,45.0,27,46.5,45.5,0.0,0.0,0.0,0.0,125
2023-05-09 21:02:08,MA401C2700,MA401C2700,46.5,0.0,0.0,0.0,27,43.5,45.0,27,46.5,45.5,0.0,0.0,0.0,0.0,125
2023-05-09 21:02:10,MA401C2700,MA401C2700,46.5,0.0,0.0,0.0,37,43.5,44.5,10,46.5,45.5,0.0,0.0,0.0,0.0,125
2023-05-09 21:02:10,MA401C2700,MA401C2700,46.5,0.0,0.0,0.0,37,43.5,44.5,20,46.5,45.5,0.0,0.0,0.0,0.0,125
2023-05-09 21:02:13,MA401C2700,MA401C2700,46.5,0.0,0.0,0.0,37,43.5,44.5,10,46.5,45.5,0.0,0.0,0.0,0.0,125
2023-05-09 21:02:14,MA401C2700,MA401C2700,46.5,0.0,0.0,0.0,20,44.0,45.0,37,46.5,45.5,0.0,0.0,0.0,0.0,125
2023-05-09 21:02:18,MA401C2700,MA401C2700,46.5,0.0,0.0,0.0,27,44.0,45.0,37,46.5,45.5,0.0,0.0,0.0,0.0,125
2023-05-09 21:02:21,MA401C2700,MA401C2700,46.5,0.0,0.0,0.0,27,44.0,45.0,30,46.5,45.5,0.0,0.0,0.0,0.0,125
2023-05-09 21:03:05,MA401C2700,MA401C2700,46.5,0.0,0.0,0.0,10,44.5,45.0,20,46.5,45.5,0.0,0.0,0.0,0.0,125
2023-05-09 21:03:07,MA401C2700,MA401C2700,46.5,0.0,0.0,0.0,20,44.5,45.0,20,46.5,45.5,0.0,0.0,0.0,0.0,125
2023-05-09 21:03:14,MA401C2700,MA401C2700,46.5,0.0,0.0,0.0,27,44.0,45.0,30,46.5,45.5,0.0,0.0,0.0,0.0,125
2023-05-09 21:03:17,MA401C2700,MA401C2700,46.5,0.0,0.0,0.0,27,44.0,45.0,20,46.5,45.5,0.0,0.0,0.0,0.0,125
2023-05-09 21:03:21,MA401C2700,MA401C2700,46.5,0.0,0.0,0.0,10,44.5,45.0,10,46.5,45.5,0.0,0.0,0.0,0.0,125
2023-05-09 21:03:21,MA401C2700,MA401C2700,46.5,0.0,0.0,0.0,20,44.5,45.5,37,46.5,45.5,0.0,0.0,0.0,0.0,125
2023-05-09 21:03:24,MA401C2700,MA401C2700,46.5,0.0,0.0,0.0,27,44.0,45.0,10,46.5,45.5,0.0,0.0,0.0,0.0,125
2023-05-09 21:03:37,MA401C2700,MA401C2700,46.5,0.0,0.0,0.0,20,44.5,45.5,37,46.5,45.5,0.0,0.0,0.0,0.0,125
2023-05-09 21:03:39,MA401C2700,MA401C2700,46.5,0.0,0.0,0.0,10,44.5,45.5,37,46.5,45.5,0.0,0.0,0.0,0.0,125
2023-05-09 21:03:40,MA401C2700,MA401C2700,46.5,0.0,0.0,0.0,20,44.5,45.5,37,46.5,45.5,0.0,0.0,0.0,0.0,125
2023-05-09 21:03:45,MA401C2700,MA401C2700,46.5,0.0,0.0,0.0,20,44.5,45.5,27,46.5,45.5,0.0,0.0,0.0,0.0,125
2023-05-09 21:03:48,MA401C2700,MA401C2700,46.5,0.0,0.0,0.0,20,44.5,45.5,17,46.5,45.5,0.0,0.0,0.0,0.0,125
2023-05-09 21:03:53,MA401C2700,MA401C2700,46.5,0.0,0.0,0.0,20,44.5,45.5,27,46.5,45.5,0.0,0.0,0.0,0.0,125
2023-05-09 21:03:54,MA401C2700,MA401C2700,46.5,0.0,0.0,0.0,10,44.5,45.5,17,46.5,45.5,0.0,0.0,0.0,0.0,125
2023-05-09 21:03:56,MA401C2700,MA401C2700,46.5,0.0,0.0,0.0,20,44.5,45.5,17,46.5,45.5,0.0,0.0,0.0,0.0,125
2023-05-09 21:04:03,MA401C2700,MA401C2700,46.5,0.0,0.0,0.0,20,44.5,45.5,27,46.5,45.5,0.0,0.0,0.0,0.0,125
2023-05-09 21:04:17,MA401C2700,MA401C2700,46.5,0.0,0.0,0.0,10,45.0,45.5,7,46.5,45.5,0.0,0.0,0.0,0.0,125
2023-05-09 21:04:20,MA401C2700,MA401C2700,46.5,0.0,0.0,0.0,20,44.5,45.5,17,46.5,45.5,0.0,0.0,0.0,0.0,125
2023-05-09 21:04:20,MA401C2700,MA401C2700,46.5,0.0,0.0,0.0,20,44.5,45.5,27,46.5,45.5,0.0,0.0,0.0,0.0,125
2023-05-09 21:04:22,MA401C2700,MA401C2700,46.5,0.0,0.0,0.0,20,44.5,45.5,17,46.5,45.5,0.0,0.0,0.0,0.0,125
2023-05-09 21:04:23,MA401C2700,MA401C2700,46.5,0.0,0.0,0.0,20,44.5,45.5,27,46.5,45.5,0.0,0.0,0.0,0.0,125
2023-05-09 21:04:24,MA401C2700,MA401C2700,46.5,0.0,0.0,0.0,20,44.5,45.5,17,46.5,45.5,0.0,0.0,0.0,0.0,125
2023-05-09 21:04:25,MA401C2700,MA401C2700,46.5,0.0,0.0,0.0,10,45.0,45.5,7,46.5,45.5,0.0,0.0,0.0,0.0,125
2023-05-09 21:04:35,MA401C2700,MA401C2700,46.5,0.0,0.0,0.0,20,45.0,45.5,7,46.5,45.5,0.0,0.0,0.0,0.0,125
2023-05-09 21:04:36,MA401C2700,MA401C2700,46.5,0.0,0.0,0.0,10,45.0,45.5,7,46.5,45.5,0.0,0.0,0.0,0.0,125
2023-05-09 21:04:36,MA401C2700,MA401C2700,46.5,0.0,0.0,0.0,30,44.5,45.5,17,46.5,45.5,0.0,0.0,0.0,0.0,125
2023-05-09 21:04:36,MA401C2700,MA401C2700,46.5,0.0,0.0,0.0,10,45.0,45.5,7,46.5,45.5,0.0,0.0,0.0,0.0,125
2023-05-09 21:04:37,MA401C2700,MA401C2700,46.5,0.0,0.0,0.0,20,45.0,45.5,7,46.5,45.5,0.0,0.0,0.0,0.0,125
2023-05-09 21:04:39,MA401C2700,MA401C2700,46.5,0.0,0.0,0.0,20,44.5,45.5,17,46.5,45.5,0.0,0.0,0.0,0.0,125
2023-05-09 21:04:39,MA401C2700,MA401C2700,46.5,0.0,0.0,0.0,20,44.5,45.5,27,46.5,45.5,0.0,0.0,0.0,0.0,125
2023-05-09 21:04:40,MA401C2700,MA401C2700,46.5,0.0,0.0,0.0,10,44.5,45.5,27,46.5,45.5,0.0,0.0,0.0,0.0,125
2023-05-09 21:04:49,MA401C2700,MA401C2700,46.5,0.0,0.0,0.0,47,44.0,45.0,10,46.5,45.5,0.0,0.0,0.0,0.0,125
2023-05-09 21:04:50,MA401C2700,MA401C2700,46.5,0.0,0.0,0.0,47,44.0,45.0,20,46.5,45.5,0.0,0.0,0.0,0.0,125
2023-05-09 21:04:55,MA401C2700,MA401C2700,46.5,0.0,0.0,0.0,10,44.5,45.0,10,46.5,45.5,0.0,0.0,0.0,0.0,125
2023-05-09 21:04:55,MA401C2700,MA401C2700,46.5,0.0,0.0,0.0,10,44.5,45.5,27,46.5,45.5,0.0,0.0,0.0,0.0,125
2023-05-09 21:05:03,MA401C2700,MA401C2700,46.5,0.0,0.0,0.0,47,44.0,45.0,10,46.5,45.5,0.0,0.0,0.0,0.0,125
2023-05-09 21:05:03,MA401C2700,MA401C2700,46.5,0.0,0.0,0.0,47,44.0,45.0,20,46.5,45.5,0.0,0.0,0.0,0.0,125
2023-05-09 21:05:09,MA401C2700,MA401C2700,46.5,0.0,0.0,0.0,27,44.0,45.0,20,46.5,45.5,0.0,0.0,0.0,0.0,125
2023-05-09 21:05:09,MA401C2700,MA401C2700,46.5,0.0,0.0,0.0,17,44.0,45.0,20,46.5,45.5,0.0,0.0,0.0,0.0,125
2023-05-09 21:05:11,MA401C2700,MA401C2700,46.5,0.0,0.0,0.0,27,44.0,45.0,20,46.5,45.5,0.0,0.0,0.0,0.0,125
2023-05-09 21:05:12,MA401C2700,MA401C2700,46.5,0.0,0.0,0.0,17,44.0,45.0,20,46.5,45.5,0.0,0.0,0.0,0.0,125
2023-05-09 21:05:14,MA401C2700,MA401C2700,46.5,0.0,0.0,0.0,27,44.0,45.0,20,46.5,45.5,0.0,0.0,0.0,0.0,125
2023-05-09 21:05:15,MA401C2700,MA401C2700,46.5,0.0,0.0,0.0,17,44.0,45.0,20,46.5,45.5,0.0,0.0,0.0,0.0,125
2023-05-09 21:05:16,MA401C2700,MA401C2700,46.5,0.0,0.0,0.0,17,44.0,45.0,30,46.5,45.5,0.0,0.0,0.0,0.0,125
2023-05-09 21:05:19,MA401C2700,MA401C2700,46.5,0.0,0.0,0.0,27,44.0,45.0,10,46.5,45.5,0.0,0.0,0.0,0.0,125
2023-05-09 21:05:25,MA401C2700,MA401C2700,46.5,0.0,0.0,0.0,27,44.0,45.0,20,46.5,45.5,0.0,0.0,0.0,0.0,125
2023-05-09 21:05:26,MA401C2700,MA401C2700,46.5,0.0,0.0,0.0,27,44.0,45.0,10,46.5,45.5,0.0,0.0,0.0,0.0,125
2023-05-09 21:05:27,MA401C2700,MA401C2700,46.5,0.0,0.0,0.0,27,44.0,45.0,20,46.5,45.5,0.0,0.0,0.0,0.0,125
2023-05-09 21:05:28,MA401C2700,MA401C2700,46.5,0.0,0.0,0.0,27,44.0,45.0,10,46.5,45.5,0.0,0.0,0.0,0.0,125
2023-05-09 21:05:28,MA401C2700,MA401C2700,46.5,0.0,0.0,0.0,27,44.0,45.0,20,46.5,45.5,0.0,0.0,0.0,0.0,125
2023-05-09 21:05:30,MA401C2700,MA401C2700,46.5,0.0,0.0,0.0,27,44.0,45.0,10,46.5,45.5,0.0,0.0,0.0,0.0,125
2023-05-09 21:05:32,MA401C2700,MA401C2700,46.5,0.0,0.0,0.0,27,44.0,45.0,20,46.5,45.5,0.0,0.0,0.0,0.0,125
2023-05-09 21:05:41,MA401C2700,MA401C2700,46.5,0.0,0.0,0.0,27,44.0,45.0,30,46.5,45.5,0.0,0.0,0.0,0.0,125
2023-05-09 21:05:52,MA401C2700,MA401C2700,46.5,0.0,0.0,0.0,17,44.0,45.0,30,46.5,45.5,0.0,0.0,0.0,0.0,125
2023-05-09 21:05:55,MA401C2700,MA401C2700,46.5,0.0,0.0,0.0,27,44.0,45.0,30,46.5,45.5,0.0,0.0,0.0,0.0,125
2023-05-09 21:05:58,MA401C2700,MA401C2700,46.5,0.0,0.0,0.0,27,44.0,45.0,20,46.5,45.5,0.0,0.0,0.0,0.0,125
2023-05-09 21:06:02,MA401C2700,MA401C2700,46.5,0.0,0.0,0.0,27,44.0,45.0,10,46.5,45.5,0.0,0.0,0.0,0.0,125
2023-05-09 21:06:02,MA401C2700,MA401C2700,46.5,0.0,0.0,0.0,27,44.0,45.0,20,46.5,45.5,0.0,0.0,0.0,0.0,125
2023-05-09 21:06:03,MA401C2700,MA401C2700,46.5,0.0,0.0,0.0,27,44.0,45.0,10,46.5,45.5,0.0,0.0,0.0,0.0,125
2023-05-09 21:06:04,MA401C2700,MA401C2700,46.5,0.0,0.0,0.0,27,44.0,45.0,20,46.5,45.5,0.0,0.0,0.0,0.0,125
2023-05-09 21:06:05,MA401C2700,MA401C2700,46.5,0.0,0.0,0.0,17,44.0,45.0,20,46.5,45.5,0.0,0.0,0.0,0.0,125
2023-05-09 21:06:07,MA401C2700,MA401C2700,46.5,0.0,0.0,0.0,27,44.0,45.0,20,46.5,45.5,0.0,0.0,0.0,0.0,125
2023-05-09 21:06:08,MA401C2700,MA401C2700,46.5,0.0,0.0,0.0,27,44.0,45.0,10,46.5,45.5,0.0,0.0,0.0,0.0,125
2023-05-09 21:06:08,MA401C2700,MA401C2700,46.5,0.0,0.0,0.0,27,44.0,45.0,20,46.5,45.5,0.0,0.0,0.0,0.0,125
2023-05-09 21:06:09,MA401C2700,MA401C2700,46.5,0.0,0.0,0.0,17,44.0,45.0,20,46.5,45.5,0.0,0.0,0.0,0.0,125
2023-05-09 21:06:10,MA401C2700,MA401C2700,46.5,0.0,0.0,0.0,17,44.0,45.0,30,46.5,45.5,0.0,0.0,0.0,0.0,125
2023-05-09 21:06:28,MA401C2700,MA401C2700,46.5,0.0,0.0,0.0,37,43.5,44.5,10,46.5,45.5,0.0,0.0,0.0,0.0,125
2023-05-09 21:06:28,MA401C2700,MA401C2700,46.5,0.0,0.0,0.0,27,43.5,44.5,10,46.5,45.5,0.0,0.0,0.0,0.0,125
2023-05-09 21:06:29,MA401C2700,MA401C2700,46.5,0.0,0.0,0.0,27,43.5,44.5,20,46.5,45.5,0.0,0.0,0.0,0.0,125
2023-05-09 21:06:30,MA401C2700,MA401C2700,46.5,0.0,0.0,0.0,37,43.5,44.5,30,46.5,45.5,0.0,0.0,0.0,0.0,125
2023-05-09 21:06:32,MA401C2700,MA401C2700,46.5,0.0,0.0,0.0,27,43.5,44.5,30,46.5,45.5,0.0,0.0,0.0,0.0,125
2023-05-09 21:06:36,MA401C2700,MA401C2700,46.5,0.0,0.0,0.0,17,43.5,44.5,30,46.5,45.5,0.0,0.0,0.0,0.0,125
2023-05-09 21:06:40,MA401C2700,MA401C2700,46.5,0.0,0.0,0.0,10,43.5,44.5,30,46.5,45.5,0.0,0.0,0.0,0.0,125
2023-05-09 21:06:42,MA401C2700,MA401C2700,46.5,0.0,0.0,0.0,17,43.0,44.0,20,46.5,45.5,0.0,0.0,0.0,0.0,125
2023-05-09 21:06:46,MA401C2700,MA401C2700,46.5,0.0,0.0,0.0,10,43.5,44.0,10,46.5,45.5,0.0,0.0,0.0,0.0,125
2023-05-09 21:06:46,MA401C2700,MA401C2700,46.5,0.0,0.0,0.0,10,43.5,44.5,57,46.5,45.5,0.0,0.0,0.0,0.0,125
2023-05-09 21:06:49,MA401C2700,MA401C2700,46.5,0.0,0.0,0.0,27,43.0,44.0,20,46.5,45.5,0.0,0.0,0.0,0.0,125
2023-05-09 21:06:49,MA401C2700,MA401C2700,46.5,0.0,0.0,0.0,17,43.0,44.0,20,46.5,45.5,0.0,0.0,0.0,0.0,125
2023-05-09 21:06:51,MA401C2700,MA401C2700,46.5,0.0,0.0,0.0,27,43.0,44.0,20,46.5,45.5,0.0,0.0,0.0,0.0,125
2023-05-09 21:06:52,MA401C2700,MA401C2700,46.5,0.0,0.0,0.0,10,43.5,44.5,47,46.5,45.5,0.0,0.0,0.0,0.0,125
2023-05-09 21:06:53,MA401C2700,MA401C2700,46.5,0.0,0.0,0.0,20,43.5,44.5,57,46.5,45.5,0.0,0.0,0.0,0.0,125
2023-05-09 21:06:55,MA401C2700,MA401C2700,46.5,0.0,0.0,0.0,10,43.5,44.5,57,46.5,45.5,0.0,0.0,0.0,0.0,125
2023-05-09 21:06:56,MA401C2700,MA401C2700,46.5,0.0,0.0,0.0,27,43.0,44.0,10,46.5,45.5,0.0,0.0,0.0,0.0,125
2023-05-09 21:06:56,MA401C2700,MA401C2700,46.5,0.0,0.0,0.0,27,43.0,44.0,20,46.5,45.5,0.0,0.0,0.0,0.0,125
2023-05-09 21:07:01,MA401C2700,MA401C2700,46.5,0.0,0.0,0.0,17,43.0,44.0,20,46.5,45.5,0.0,0.0,0.0,0.0,125
2023-05-09 21:07:02,MA401C2700,MA401C2700,46.5,0.0,0.0,0.0,27,43.0,44.0,20,46.5,45.5,0.0,0.0,0.0,0.0,125
2023-05-09 21:07:04,MA401C2700,MA401C2700,46.5,0.0,0.0,0.0,17,43.0,44.0,20,46.5,45.5,0.0,0.0,0.0,0.0,125
2023-05-09 21:07:04,MA401C2700,MA401C2700,46.5,0.0,0.0,0.0,17,43.0,44.0,10,46.5,45.5,0.0,0.0,0.0,0.0,125
2023-05-09 21:07:06,MA401C2700,MA401C2700,46.5,0.0,0.0,0.0,27,43.0,44.0,20,46.5,45.5,0.0,0.0,0.0,0.0,125
2023-05-09 21:07:11,MA401C2700,MA401C2700,46.5,0.0,0.0,0.0,17,43.0,44.0,30,46.5,45.5,0.0,0.0,0.0,0.0,125
2023-05-09 21:07:17,MA401C2700,MA401C2700,46.5,0.0,0.0,0.0,27,43.0,44.0,30,46.5,45.5,0.0,0.0,0.0,0.0,125
2023-05-09 21:07:21,MA401C2700,MA401C2700,46.5,0.0,0.0,0.0,27,43.0,44.0,20,46.5,45.5,0.0,0.0,0.0,0.0,125
2023-05-09 21:07:21,MA401C2700,MA401C2700,46.5,0.0,0.0,0.0,37,43.0,44.0,20,46.5,45.5,0.0,0.0,0.0,0.0,125
2023-05-09 21:07:32,MA401C2700,MA401C2700,46.5,0.0,0.0,0.0,37,43.0,44.0,10,46.5,45.5,0.0,0.0,0.0,0.0,125
2023-05-09 21:07:33,MA401C2700,MA401C2700,46.5,0.0,0.0,0.0,37,43.0,44.0,20,46.5,45.5,0.0,0.0,0.0,0.0,125
2023-05-09 21:07:34,MA401C2700,MA401C2700,46.5,0.0,0.0,0.0,27,43.0,44.0,20,46.5,45.5,0.0,0.0,0.0,0.0,125
2023-05-09 21:07:35,MA401C2700,MA401C2700,46.5,0.0,0.0,0.0,17,43.0,44.0,20,46.5,45.5,0.0,0.0,0.0,0.0,125
2023-05-09 21:07:35,MA401C2700,MA401C2700,46.5,0.0,0.0,0.0,17,43.0,44.0,10,46.5,45.5,0.0,0.0,0.0,0.0,125
2023-05-09 21:07:36,MA401C2700,MA401C2700,46.5,0.0,0.0,0.0,27,43.0,44.0,30,46.5,45.5,0.0,0.0,0.0,0.0,125
2023-05-09 21:07:36,MA401C2700,MA401C2700,46.5,0.0,0.0,0.0,27,43.0,44.0,20,46.5,45.5,0.0,0.0,0.0,0.0,125
2023-05-09 21:07:39,MA401C2700,MA401C2700,46.5,0.0,0.0,0.0,27,43.0,44.0,30,46.5,45.5,0.0,0.0,0.0,0.0,125
2023-05-09 21:07:42,MA401C2700,MA401C2700,46.5,0.0,0.0,0.0,17,43.0,44.0,20,46.5,45.5,0.0,0.0,0.0,0.0,125
2023-05-09 21:07:42,MA401C2700,MA401C2700,46.5,0.0,0.0,0.0,27,43.0,44.0,30,46.5,45.5,0.0,0.0,0.0,0.0,125
2023-05-09 21:07:45,MA401C2700,MA401C2700,46.5,0.0,0.0,0.0,27,43.0,44.0,40,46.5,45.5,0.0,0.0,0.0,0.0,125
2023-05-09 21:07:48,MA401C2700,MA401C2700,46.5,0.0,0.0,0.0,17,43.0,44.0,30,46.5,45.5,0.0,0.0,0.0,0.0,125
2023-05-09 21:07:50,MA401C2700,MA401C2700,46.5,0.0,0.0,0.0,17,43.0,44.0,40,46.5,45.5,0.0,0.0,0.0,0.0,125
2023-05-09 21:07:52,MA401C2700,MA401C2700,46.5,0.0,0.0,0.0,27,43.0,44.0,40,46.5,45.5,0.0,0.0,0.0,0.0,125
2023-05-09 21:07:54,MA401C2700,MA401C2700,46.5,0.0,0.0,0.0,10,43.5,44.0,10,46.5,45.5,0.0,0.0,0.0,0.0,125
2023-05-09 21:07:54,MA401C2700,MA401C2700,46.5,0.0,0.0,0.0,10,43.5,44.5,67,46.5,45.5,0.0,0.0,0.0,0.0,125
2023-05-09 21:07:57,MA401C2700,MA401C2700,46.5,0.0,0.0,0.0,20,43.5,44.5,67,46.5,45.5,0.0,0.0,0.0,0.0,125
2023-05-09 21:07:58,MA401C2700,MA401C2700,46.5,0.0,0.0,0.0,27,43.5,44.5,57,46.5,45.5,0.0,0.0,0.0,0.0,125
2023-05-09 21:07:59,MA401C2700,MA401C2700,46.5,0.0,0.0,0.0,27,43.5,44.5,47,46.5,45.5,0.0,0.0,0.0,0.0,125
2023-05-09 21:08:02,MA401C2700,MA401C2700,46.5,0.0,0.0,0.0,17,43.5,44.5,37,46.5,45.5,0.0,0.0,0.0,0.0,125
2023-05-09 21:08:04,MA401C2700,MA401C2700,46.5,0.0,0.0,0.0,17,43.5,44.5,47,46.5,45.5,0.0,0.0,0.0,0.0,125
2023-05-09 21:08:06,MA401C2700,MA401C2700,46.5,0.0,0.0,0.0,7,43.5,44.0,10,46.5,45.5,0.0,0.0,0.0,0.0,125
2023-05-09 21:08:06,MA401C2700,MA401C2700,46.5,0.0,0.0,0.0,17,43.5,44.5,47,46.5,45.5,0.0,0.0,0.0,0.0,125
2023-05-09 21:08:11,MA401C2700,MA401C2700,46.5,0.0,0.0,0.0,7,43.5,44.0,10,46.5,45.5,0.0,0.0,0.0,0.0,125
2023-05-09 21:08:11,MA401C2700,MA401C2700,46.5,0.0,0.0,0.0,7,43.5,44.0,20,46.5,45.5,0.0,0.0,0.0,0.0,125
2023-05-09 21:08:18,MA401C2700,MA401C2700,46.5,0.0,0.0,0.0,7,43.5,44.0,10,46.5,45.5,0.0,0.0,0.0,0.0,125
2023-05-09 21:08:19,MA401C2700,MA401C2700,46.5,0.0,0.0,0.0,7,43.5,44.0,20,46.5,45.5,0.0,0.0,0.0,0.0,125
2023-05-09 21:08:24,MA401C2700,MA401C2700,46.5,0.0,0.0,0.0,7,43.5,44.0,10,46.5,45.5,0.0,0.0,0.0,0.0,125
2023-05-09 21:08:28,MA401C2700,MA401C2700,46.5,0.0,0.0,0.0,7,43.5,44.0,20,46.5,45.5,0.0,0.0,0.0,0.0,125
2023-05-09 21:08:36,MA401C2700,MA401C2700,46.5,0.0,0.0,0.0,17,43.5,44.0,10,46.5,45.5,0.0,0.0,0.0,0.0,125
2023-05-09 21:08:36,MA401C2700,MA401C2700,46.5,0.0,0.0,0.0,27,43.5,44.5,47,46.5,45.5,0.0,0.0,0.0,0.0,125
2023-05-09 21:08:40,MA401C2700,MA401C2700,46.5,0.0,0.0,0.0,7,43.5,44.0,20,46.5,45.5,0.0,0.0,0.0,0.0,125
2023-05-09 21:08:45,MA401C2700,MA401C2700,46.5,0.0,0.0,0.0,7,43.5,44.0,10,46.5,45.5,0.0,0.0,0.0,0.0,125
2023-05-09 21:08:48,MA401C2700,MA401C2700,46.5,0.0,0.0,0.0,7,43.5,44.0,20,46.5,45.5,0.0,0.0,0.0,0.0,125
2023-05-09 21:08:49,MA401C2700,MA401C2700,46.5,0.0,0.0,0.0,37,43.0,44.0,20,46.5,45.5,0.0,0.0,0.0,0.0,125
2023-05-09 21:08:51,MA401C2700,MA401C2700,46.5,0.0,0.0,0.0,37,43.0,44.0,30,46.5,45.5,0.0,0.0,0.0,0.0,125
2023-05-09 21:08:51,MA401C2700,MA401C2700,46.5,0.0,0.0,0.0,27,43.0,44.0,30,46.5,45.5,0.0,0.0,0.0,0.0,125
2023-05-09 21:08:51,MA401C2700,MA401C2700,46.5,0.0,0.0,0.0,27,43.0,44.0,40,46.5,45.5,0.0,0.0,0.0,0.0,125
2023-05-09 21:08:58,MA401C2700,MA401C2700,46.5,0.0,0.0,0.0,27,43.0,44.0,30,46.5,45.5,0.0,0.0,0.0,0.0,125
2023-05-09 21:08:59,MA401C2700,MA401C2700,46.5,0.0,0.0,0.0,47,43.0,44.0,20,46.5,45.5,0.0,0.0,0.0,0.0,125
2023-05-09 21:09:00,MA401C2700,MA401C2700,46.5,0.0,0.0,0.0,10,43.5,44.0,10,46.5,45.5,0.0,0.0,0.0,0.0,125
2023-05-09 21:09:01,MA401C2700,MA401C2700,46.5,0.0,0.0,0.0,37,43.0,44.0,10,46.5,45.5,0.0,0.0,0.0,0.0,125
2023-05-09 21:09:02,MA401C2700,MA401C2700,46.5,0.0,0.0,0.0,57,43.0,44.0,20,46.5,45.5,0.0,0.0,0.0,0.0,125
2023-05-09 21:09:03,MA401C2700,MA401C2700,46.5,0.0,0.0,0.0,47,43.0,44.0,20,46.5,45.5,0.0,0.0,0.0,0.0,125
2023-05-09 21:09:09,MA401C2700,MA401C2700,46.5,0.0,0.0,0.0,37,43.0,44.0,30,46.5,45.5,0.0,0.0,0.0,0.0,125
2023-05-09 21:09:09,MA401C2700,MA401C2700,46.5,0.0,0.0,0.0,47,43.0,44.0,30,46.5,45.5,0.0,0.0,0.0,0.0,125
2023-05-09 21:09:10,MA401C2700,MA401C2700,46.5,0.0,0.0,0.0,37,43.0,44.0,30,46.5,45.5,0.0,0.0,0.0,0.0,125
2023-05-09 21:09:11,MA401C2700,MA401C2700,46.5,0.0,0.0,0.0,27,43.0,44.0,30,46.5,45.5,0.0,0.0,0.0,0.0,125
2023-05-09 21:09:11,MA401C2700,MA401C2700,46.5,0.0,0.0,0.0,27,43.0,44.0,40,46.5,45.5,0.0,0.0,0.0,0.0,125
2023-05-09 21:09:11,MA401C2700,MA401C2700,46.5,0.0,0.0,0.0,27,43.0,44.0,30,46.5,45.5,0.0,0.0,0.0,0.0,125
2023-05-09 21:09:11,MA401C2700,MA401C2700,46.5,0.0,0.0,0.0,27,43.0,44.0,40,46.5,45.5,0.0,0.0,0.0,0.0,125
2023-05-09 21:09:14,MA401C2700,MA401C2700,46.5,0.0,0.0,0.0,17,43.0,44.0,40,46.5,45.5,0.0,0.0,0.0,0.0,125
2023-05-09 21:09:14,MA401C2700,MA401C2700,46.5,0.0,0.0,0.0,27,43.0,44.0,40,46.5,45.5,0.0,0.0,0.0,0.0,125
2023-05-09 21:09:17,MA401C2700,MA401C2700,46.5,0.0,0.0,0.0,37,43.0,44.0,40,46.5,45.5,0.0,0.0,0.0,0.0,125
2023-05-09 21:09:17,MA401C2700,MA401C2700,46.5,0.0,0.0,0.0,27,43.0,44.0,40,46.5,45.5,0.0,0.0,0.0,0.0,125
2023-05-09 21:09:22,MA401C2700,MA401C2700,46.5,0.0,0.0,0.0,37,43.0,44.0,40,46.5,45.5,0.0,0.0,0.0,0.0,125
2023-05-09 21:09:29,MA401C2700,MA401C2700,46.5,0.0,0.0,0.0,27,43.0,44.0,40,46.5,45.5,0.0,0.0,0.0,0.0,125
2023-05-09 21:09:29,MA401C2700,MA401C2700,46.5,0.0,0.0,0.0,27,43.0,44.0,30,46.5,45.5,0.0,0.0,0.0,0.0,125
2023-05-09 21:09:29,MA401C2700,MA401C2700,46.5,0.0,0.0,0.0,37,43.0,44.0,40,46.5,45.5,0.0,0.0,0.0,0.0,125
2023-05-09 21:09:31,MA401C2700,MA401C2700,46.5,0.0,0.0,0.0,27,43.0,44.0,40,46.5,45.5,0.0,0.0,0.0,0.0,125
2023-05-09 21:09:32,MA401C2700,MA401C2700,46.5,0.0,0.0,0.0,37,43.0,44.0,40,46.5,45.5,0.0,0.0,0.0,0.0,125
2023-05-09 21:09:33,MA401C2700,MA401C2700,46.5,0.0,0.0,0.0,27,43.0,44.0,40,46.5,45.5,0.0,0.0,0.0,0.0,125
2023-05-09 21:09:35,MA401C2700,MA401C2700,46.5,0.0,0.0,0.0,37,43.0,44.0,40,46.5,45.5,0.0,0.0,0.0,0.0,125
2023-05-09 21:09:39,MA401C2700,MA401C2700,46.5,0.0,0.0,0.0,37,43.0,44.0,30,46.5,45.5,0.0,0.0,0.0,0.0,125
2023-05-09 21:09:40,MA401C2700,MA401C2700,46.5,0.0,0.0,0.0,57,43.0,44.0,10,46.5,45.5,0.0,0.0,0.0,0.0,125
2023-05-09 21:09:41,MA401C2700,MA401C2700,46.5,0.0,0.0,0.0,37,43.0,44.0,10,46.5,45.5,0.0,0.0,0.0,0.0,125
2023-05-09 21:09:42,MA401C2700,MA401C2700,46.5,0.0,0.0,0.0,37,43.0,44.0,20,46.5,45.5,0.0,0.0,0.0,0.0,125
2023-05-09 21:09:42,MA401C2700,MA401C2700,46.5,0.0,0.0,0.0,37,43.0,44.0,30,46.5,45.5,0.0,0.0,0.0,0.0,125
2023-05-09 21:09:52,MA401C2700,MA401C2700,46.5,0.0,0.0,0.0,47,43.0,44.0,30,46.5,45.5,0.0,0.0,0.0,0.0,125
2023-05-09 21:10:03,MA401C2700,MA401C2700,46.5,0.0,0.0,0.0,10,43.5,44.0,10,46.5,45.5,0.0,0.0,0.0,0.0,125
2023-05-09 21:10:03,MA401C2700,MA401C2700,46.5,0.0,0.0,0.0,10,43.5,44.5,57,46.5,45.5,0.0,0.0,0.0,0.0,125
2023-05-09 21:10:05,MA401C2700,MA401C2700,46.5,0.0,0.0,0.0,27,43.5,44.5,47,46.5,45.5,0.0,0.0,0.0,0.0,125
2023-05-09 21:10:05,MA401C2700,MA401C2700,46.5,0.0,0.0,0.0,17,43.5,44.5,57,46.5,45.5,0.0,0.0,0.0,0.0,125
2023-05-09 21:10:06,MA401C2700,MA401C2700,46.5,0.0,0.0,0.0,27,43.5,44.5,57,46.5,45.5,0.0,0.0,0.0,0.0,125
2023-05-09 21:10:07,MA401C2700,MA401C2700,46.5,0.0,0.0,0.0,27,43.5,44.5,47,46.5,45.5,0.0,0.0,0.0,0.0,125
2023-05-09 21:10:18,MA401C2700,MA401C2700,46.5,0.0,0.0,0.0,27,43.5,44.5,37,46.5,45.5,0.0,0.0,0.0,0.0,125
2023-05-09 21:10:18,MA401C2700,MA401C2700,46.5,0.0,0.0,0.0,37,43.5,44.5,37,46.5,45.5,0.0,0.0,0.0,0.0,125
2023-05-09 21:10:18,MA401C2700,MA401C2700,46.5,0.0,0.0,0.0,47,43.5,44.5,27,46.5,45.5,0.0,0.0,0.0,0.0,125
2023-05-09 21:10:25,MA401C2700,MA401C2700,46.5,0.0,0.0,0.0,47,43.5,44.5,37,46.5,45.5,0.0,0.0,0.0,0.0,125
2023-05-09 21:10:29,MA401C2700,MA401C2700,46.5,0.0,0.0,0.0,47,43.5,44.5,27,46.5,45.5,0.0,0.0,0.0,0.0,125
2023-05-09 21:10:34,MA401C2700,MA401C2700,46.5,0.0,0.0,0.0,37,43.5,44.5,37,46.5,45.5,0.0,0.0,0.0,0.0,125
2023-05-09 21:10:38,MA401C2700,MA401C2700,46.5,0.0,0.0,0.0,47,43.5,44.5,37,46.5,45.5,0.0,0.0,0.0,0.0,125
2023-05-09 21:10:39,MA401C2700,MA401C2700,46.5,0.0,0.0,0.0,27,43.5,44.5,37,46.5,45.5,0.0,0.0,0.0,0.0,125
2023-05-09 21:10:39,MA401C2700,MA401C2700,46.5,0.0,0.0,0.0,37,43.5,44.5,47,46.5,45.5,0.0,0.0,0.0,0.0,125
2023-05-09 21:10:41,MA401C2700,MA401C2700,46.5,0.0,0.0,0.0,47,43.5,44.5,37,46.5,45.5,0.0,0.0,0.0,0.0,125
2023-05-09 21:10:44,MA401C2700,MA401C2700,46.5,0.0,0.0,0.0,57,43.5,44.5,27,46.5,45.5,0.0,0.0,0.0,0.0,125
2023-05-09 21:10:45,MA401C2700,MA401C2700,46.5,0.0,0.0,0.0,47,43.5,44.5,27,46.5,45.5,0.0,0.0,0.0,0.0,125
2023-05-09 21:10:48,MA401C2700,MA401C2700,46.5,0.0,0.0,0.0,37,43.5,44.5,37,46.5,45.5,0.0,0.0,0.0,0.0,125
2023-05-09 21:10:49,MA401C2700,MA401C2700,46.5,0.0,0.0,0.0,37,43.5,44.5,27,46.5,45.5,0.0,0.0,0.0,0.0,125
2023-05-09 21:10:51,MA401C2700,MA401C2700,46.5,0.0,0.0,0.0,37,43.5,44.5,20,46.5,45.5,0.0,0.0,0.0,0.0,125
2023-05-09 21:10:58,MA401C2700,MA401C2700,46.5,0.0,0.0,0.0,47,43.5,44.5,20,46.5,45.5,0.0,0.0,0.0,0.0,125
2023-05-09 21:11:06,MA401C2700,MA401C2700,46.5,0.0,0.0,0.0,57,43.5,44.5,20,46.5,45.5,0.0,0.0,0.0,0.0,125
2023-05-09 21:11:11,MA401C2700,MA401C2700,46.5,0.0,0.0,0.0,20,44.0,45.0,47,46.5,45.5,0.0,0.0,0.0,0.0,125
2023-05-09 21:11:22,MA401C2700,MA401C2700,46.5,0.0,0.0,0.0,20,44.0,45.0,37,46.5,45.5,0.0,0.0,0.0,0.0,125
2023-05-09 21:11:23,MA401C2700,MA401C2700,46.5,0.0,0.0,0.0,10,44.0,45.0,37,46.5,45.5,0.0,0.0,0.0,0.0,125
2023-05-09 21:11:27,MA401C2700,MA401C2700,46.5,0.0,0.0,0.0,20,44.0,45.0,37,46.5,45.5,0.0,0.0,0.0,0.0,125
2023-05-09 21:11:28,MA401C2700,MA401C2700,46.5,0.0,0.0,0.0,10,44.0,45.0,37,46.5,45.5,0.0,0.0,0.0,0.0,125
2023-05-09 21:11:28,MA401C2700,MA401C2700,46.5,0.0,0.0,0.0,20,44.0,45.0,37,46.5,45.5,0.0,0.0,0.0,0.0,125
2023-05-09 21:11:29,MA401C2700,MA401C2700,46.5,0.0,0.0,0.0,67,43.5,44.5,10,46.5,45.5,0.0,0.0,0.0,0.0,125
2023-05-09 21:11:31,MA401C2700,MA401C2700,46.5,0.0,0.0,0.0,77,43.5,44.5,20,46.5,45.5,0.0,0.0,0.0,0.0,125
2023-05-09 21:11:32,MA401C2700,MA401C2700,46.5,0.0,0.0,0.0,67,43.5,44.5,20,46.5,45.5,0.0,0.0,0.0,0.0,125
2023-05-09 21:11:36,MA401C2700,MA401C2700,46.5,0.0,0.0,0.0,10,44.0,44.5,10,46.5,45.5,0.0,0.0,0.0,0.0,125
2023-05-09 21:11:36,MA401C2700,MA401C2700,46.5,0.0,0.0,0.0,10,44.0,45.0,67,46.5,45.5,0.0,0.0,0.0,0.0,125
2023-05-09 21:11:42,MA401C2700,MA401C2700,46.5,0.0,0.0,0.0,10,44.0,44.5,10,46.5,45.5,0.0,0.0,0.0,0.0,125
2023-05-09 21:11:42,MA401C2700,MA401C2700,46.5,0.0,0.0,0.0,57,43.5,44.5,20,46.5,45.5,0.0,0.0,0.0,0.0,125
2023-05-09 21:11:55,MA401C2700,MA401C2700,46.5,0.0,0.0,0.0,47,43.5,44.5,20,46.5,45.5,0.0,0.0,0.0,0.0,125
2023-05-09 21:11:55,MA401C2700,MA401C2700,46.5,0.0,0.0,0.0,57,43.5,44.5,20,46.5,45.5,0.0,0.0,0.0,0.0,125
2023-05-09 21:11:55,MA401C2700,MA401C2700,46.5,0.0,0.0,0.0,47,43.5,44.5,20,46.5,45.5,0.0,0.0,0.0,0.0,125
2023-05-09 21:11:56,MA401C2700,MA401C2700,46.5,0.0,0.0,0.0,57,43.5,44.5,20,46.5,45.5,0.0,0.0,0.0,0.0,125
2023-05-09 21:11:57,MA401C2700,MA401C2700,46.5,0.0,0.0,0.0,10,44.0,45.0,67,46.5,45.5,0.0,0.0,0.0,0.0,125
2023-05-09 21:11:59,MA401C2700,MA401C2700,46.5,0.0,0.0,0.0,20,44.0,45.0,67,46.5,45.5,0.0,0.0,0.0,0.0,125
2023-05-09 21:12:03,MA401C2700,MA401C2700,46.5,0.0,0.0,0.0,20,44.0,45.0,77,46.5,45.5,0.0,0.0,0.0,0.0,125
2023-05-09 21:12:04,MA401C2700,MA401C2700,46.5,0.0,0.0,0.0,67,43.5,44.5,20,46.5,45.5,0.0,0.0,0.0,0.0,125
2023-05-09 21:12:04,MA401C2700,MA401C2700,46.5,0.0,0.0,0.0,57,43.5,44.5,20,46.5,45.5,0.0,0.0,0.0,0.0,125
2023-05-09 21:12:06,MA401C2700,MA401C2700,46.5,0.0,0.0,0.0,67,43.5,44.5,20,46.5,45.5,0.0,0.0,0.0,0.0,125
2023-05-09 21:12:10,MA401C2700,MA401C2700,46.5,0.0,0.0,0.0,57,43.5,44.5,20,46.5,45.5,0.0,0.0,0.0,0.0,125
2023-05-09 21:12:23,MA401C2700,MA401C2700,46.5,0.0,0.0,0.0,47,43.5,44.5,20,46.5,45.5,0.0,0.0,0.0,0.0,125
2023-05-09 21:12:29,MA401C2700,MA401C2700,46.5,0.0,0.0,0.0,57,43.5,44.5,20,46.5,45.5,0.0,0.0,0.0,0.0,125
2023-05-09 21:12:30,MA401C2700,MA401C2700,46.5,0.0,0.0,0.0,47,43.5,44.5,20,46.5,45.5,0.0,0.0,0.0,0.0,125
2023-05-09 21:12:35,MA401C2700,MA401C2700,46.5,0.0,0.0,0.0,47,43.5,44.5,30,46.5,45.5,0.0,0.0,0.0,0.0,125
2023-05-09 21:12:36,MA401C2700,MA401C2700,46.5,0.0,0.0,0.0,37,43.5,44.5,30,46.5,45.5,0.0,0.0,0.0,0.0,125
2023-05-09 21:12:42,MA401C2700,MA401C2700,46.5,0.0,0.0,0.0,37,43.5,44.5,40,46.5,45.5,0.0,0.0,0.0,0.0,125
2023-05-09 21:12:43,MA401C2700,MA401C2700,46.5,0.0,0.0,0.0,27,43.5,44.5,50,46.5,45.5,0.0,0.0,0.0,0.0,125
2023-05-09 21:12:43,MA401C2700,MA401C2700,46.5,0.0,0.0,0.0,17,43.5,44.5,50,46.5,45.5,0.0,0.0,0.0,0.0,125
2023-05-09 21:12:54,MA401C2700,MA401C2700,46.5,0.0,0.0,0.0,17,43.5,44.5,30,46.5,45.5,0.0,0.0,0.0,0.0,125
2023-05-09 21:12:55,MA401C2700,MA401C2700,46.5,0.0,0.0,0.0,27,43.5,44.5,40,46.5,45.5,0.0,0.0,0.0,0.0,125
2023-05-09 21:13:04,MA401C2700,MA401C2700,46.5,0.0,0.0,0.0,7,43.5,44.0,20,46.5,45.5,0.0,0.0,0.0,0.0,125
2023-05-09 21:13:04,MA401C2700,MA401C2700,46.5,0.0,0.0,0.0,57,43.0,44.0,20,46.5,45.5,0.0,0.0,0.0,0.0,125
2023-05-09 21:13:05,MA401C2700,MA401C2700,46.5,0.0,0.0,0.0,67,43.0,44.0,20,46.5,45.5,0.0,0.0,0.0,0.0,125
2023-05-09 21:13:05,MA401C2700,MA401C2700,46.5,0.0,0.0,0.0,67,43.0,44.0,30,46.5,45.5,0.0,0.0,0.0,0.0,125
2023-05-09 21:13:06,MA401C2700,MA401C2700,46.5,0.0,0.0,0.0,67,43.0,44.0,20,46.5,45.5,0.0,0.0,0.0,0.0,125
2023-05-09 21:13:08,MA401C2700,MA401C2700,46.5,0.0,0.0,0.0,77,43.0,44.0,20,46.5,45.5,0.0,0.0,0.0,0.0,125
2023-05-09 21:13:09,MA401C2700,MA401C2700,46.5,0.0,0.0,0.0,67,43.0,44.0,20,46.5,45.5,0.0,0.0,0.0,0.0,125
2023-05-09 21:13:09,MA401C2700,MA401C2700,46.5,0.0,0.0,0.0,67,43.0,44.0,30,46.5,45.5,0.0,0.0,0.0,0.0,125
2023-05-09 21:13:11,MA401C2700,MA401C2700,46.5,0.0,0.0,0.0,57,43.0,44.0,30,46.5,45.5,0.0,0.0,0.0,0.0,125
2023-05-09 21:13:12,MA401C2700,MA401C2700,46.5,0.0,0.0,0.0,57,43.0,44.0,50,46.5,45.5,0.0,0.0,0.0,0.0,125
2023-05-09 21:13:14,MA401C2700,MA401C2700,46.5,0.0,0.0,0.0,57,43.0,44.0,40,46.5,45.5,0.0,0.0,0.0,0.0,125
2023-05-09 21:13:16,MA401C2700,MA401C2700,46.5,0.0,0.0,0.0,47,43.0,44.0,50,46.5,45.5,0.0,0.0,0.0,0.0,125
2023-05-09 21:13:17,MA401C2700,MA401C2700,46.5,0.0,0.0,0.0,37,43.0,44.0,50,46.5,45.5,0.0,0.0,0.0,0.0,125
2023-05-09 21:13:18,MA401C2700,MA401C2700,46.5,0.0,0.0,0.0,57,43.0,44.0,50,46.5,45.5,0.0,0.0,0.0,0.0,125
2023-05-09 21:13:20,MA401C2700,MA401C2700,46.5,0.0,0.0,0.0,47,43.0,44.0,50,46.5,45.5,0.0,0.0,0.0,0.0,125
2023-05-09 21:13:20,MA401C2700,MA401C2700,46.5,0.0,0.0,0.0,57,43.0,44.0,40,46.5,45.5,0.0,0.0,0.0,0.0,125
2023-05-09 21:13:20,MA401C2700,MA401C2700,46.5,0.0,0.0,0.0,47,43.0,44.0,40,46.5,45.5,0.0,0.0,0.0,0.0,125
2023-05-09 21:13:21,MA401C2700,MA401C2700,46.5,0.0,0.0,0.0,47,43.0,44.0,50,46.5,45.5,0.0,0.0,0.0,0.0,125
2023-05-09 21:13:22,MA401C2700,MA401C2700,46.5,0.0,0.0,0.0,57,43.0,44.0,50,46.5,45.5,0.0,0.0,0.0,0.0,125
2023-05-09 21:13:24,MA401C2700,MA401C2700,46.5,0.0,0.0,0.0,47,43.0,44.0,50,46.5,45.5,0.0,0.0,0.0,0.0,125
2023-05-09 21:13:24,MA401C2700,MA401C2700,46.5,0.0,0.0,0.0,77,43.0,44.0,20,46.5,45.5,0.0,0.0,0.0,0.0,125
2023-05-09 21:13:27,MA401C2700,MA401C2700,46.5,0.0,0.0,0.0,10,43.5,44.5,67,46.5,45.5,0.0,0.0,0.0,0.0,125
2023-05-09 21:13:27,MA401C2700,MA401C2700,46.5,0.0,0.0,0.0,17,43.5,44.5,67,46.5,45.5,0.0,0.0,0.0,0.0,125
2023-05-09 21:13:28,MA401C2700,MA401C2700,46.5,0.0,0.0,0.0,17,43.5,44.5,47,46.5,45.5,0.0,0.0,0.0,0.0,125
2023-05-09 21:13:28,MA401C2700,MA401C2700,46.5,0.0,0.0,0.0,17,43.5,44.5,27,46.5,45.5,0.0,0.0,0.0,0.0,125
2023-05-09 21:13:29,MA401C2700,MA401C2700,46.5,0.0,0.0,0.0,27,43.5,44.5,20,46.5,45.5,0.0,0.0,0.0,0.0,125
2023-05-09 21:13:29,MA401C2700,MA401C2700,46.5,0.0,0.0,0.0,37,43.5,44.5,20,46.5,45.5,0.0,0.0,0.0,0.0,125
2023-05-09 21:13:30,MA401C2700,MA401C2700,46.5,0.0,0.0,0.0,27,43.5,44.5,20,46.5,45.5,0.0,0.0,0.0,0.0,125
2023-05-09 21:13:31,MA401C2700,MA401C2700,46.5,0.0,0.0,0.0,27,43.5,44.5,40,46.5,45.5,0.0,0.0,0.0,0.0,125
2023-05-09 21:13:31,MA401C2700,MA401C2700,46.5,0.0,0.0,0.0,27,43.5,44.5,30,46.5,45.5,0.0,0.0,0.0,0.0,125
2023-05-09 21:13:32,MA401C2700,MA401C2700,46.5,0.0,0.0,0.0,17,43.5,44.5,20,46.5,45.5,0.0,0.0,0.0,0.0,125
2023-05-09 21:13:32,MA401C2700,MA401C2700,46.5,0.0,0.0,0.0,27,43.5,44.5,30,46.5,45.5,0.0,0.0,0.0,0.0,125
2023-05-09 21:13:33,MA401C2700,MA401C2700,46.5,0.0,0.0,0.0,27,43.5,44.5,40,46.5,45.5,0.0,0.0,0.0,0.0,125
2023-05-09 21:13:55,MA401C2700,MA401C2700,46.5,0.0,0.0,0.0,27,43.5,44.5,50,46.5,45.5,0.0,0.0,0.0,0.0,125
2023-05-09 21:13:56,MA401C2700,MA401C2700,46.5,0.0,0.0,0.0,27,43.5,44.5,40,46.5,45.5,0.0,0.0,0.0,0.0,125
2023-05-09 21:13:59,MA401C2700,MA401C2700,46.5,0.0,0.0,0.0,47,43.5,44.5,20,46.5,45.5,0.0,0.0,0.0,0.0,125
2023-05-09 21:14:00,MA401C2700,MA401C2700,46.5,0.0,0.0,0.0,57,43.5,44.5,30,46.5,45.5,0.0,0.0,0.0,0.0,125
2023-05-09 21:14:02,MA401C2700,MA401C2700,46.5,0.0,0.0,0.0,47,43.5,44.5,30,46.5,45.5,0.0,0.0,0.0,0.0,125
2023-05-09 21:14:04,MA401C2700,MA401C2700,46.5,0.0,0.0,0.0,77,43.5,44.5,20,46.5,45.5,0.0,0.0,0.0,0.0,125
2023-05-09 21:14:05,MA401C2700,MA401C2700,46.5,0.0,0.0,0.0,87,43.5,44.5,20,46.5,45.5,0.0,0.0,0.0,0.0,125
2023-05-09 21:14:13,MA401C2700,MA401C2700,46.5,0.0,0.0,0.0,10,44.0,44.5,10,46.5,45.5,0.0,0.0,0.0,0.0,125
2023-05-09 21:14:14,MA401C2700,MA401C2700,46.5,0.0,0.0,0.0,27,44.0,45.0,77,46.5,45.5,0.0,0.0,0.0,0.0,125
2023-05-09 21:14:14,MA401C2700,MA401C2700,46.5,0.0,0.0,0.0,37,44.0,45.0,67,46.5,45.5,0.0,0.0,0.0,0.0,125
2023-05-09 21:14:14,MA401C2700,MA401C2700,46.5,0.0,0.0,0.0,27,44.0,45.0,67,46.5,45.5,0.0,0.0,0.0,0.0,125
2023-05-09 21:14:18,MA401C2700,MA401C2700,46.5,0.0,0.0,0.0,27,44.0,45.0,47,46.5,45.5,0.0,0.0,0.0,0.0,125
2023-05-09 21:14:19,MA401C2700,MA401C2700,46.5,0.0,0.0,0.0,37,44.0,45.0,57,46.5,45.5,0.0,0.0,0.0,0.0,125
2023-05-09 21:14:21,MA401C2700,MA401C2700,46.5,0.0,0.0,0.0,27,44.0,45.0,57,46.5,45.5,0.0,0.0,0.0,0.0,125
2023-05-09 21:14:25,MA401C2700,MA401C2700,46.5,0.0,0.0,0.0,7,44.0,44.5,10,46.5,45.5,0.0,0.0,0.0,0.0,125
2023-05-09 21:14:26,MA401C2700,MA401C2700,46.5,0.0,0.0,0.0,7,44.0,44.5,30,46.5,45.5,0.0,0.0,0.0,0.0,125
2023-05-09 21:14:27,MA401C2700,MA401C2700,46.5,0.0,0.0,0.0,17,44.0,44.5,10,46.5,45.5,0.0,0.0,0.0,0.0,125
2023-05-09 21:14:28,MA401C2700,MA401C2700,46.5,0.0,0.0,0.0,27,44.0,45.0,57,46.5,45.5,0.0,0.0,0.0,0.0,125
2023-05-09 21:14:28,MA401C2700,MA401C2700,46.5,0.0,0.0,0.0,37,44.0,45.0,57,46.5,45.5,0.0,0.0,0.0,0.0,125
2023-05-09 21:14:42,MA401C2700,MA401C2700,46.5,0.0,0.0,0.0,27,44.0,45.0,57,46.5,45.5,0.0,0.0,0.0,0.0,125
2023-05-09 21:14:45,MA401C2700,MA401C2700,46.5,0.0,0.0,0.0,37,44.0,45.0,57,46.5,45.5,0.0,0.0,0.0,0.0,125
2023-05-09 21:15:00,MA401C2700,MA401C2700,46.5,0.0,0.0,0.0,27,44.0,45.0,57,46.5,45.5,0.0,0.0,0.0,0.0,125
2023-05-09 21:15:01,MA401C2700,MA401C2700,46.5,0.0,0.0,0.0,47,44.0,45.0,57,46.5,45.5,0.0,0.0,0.0,0.0,125
2023-05-09 21:15:02,MA401C2700,MA401C2700,46.5,0.0,0.0,0.0,57,44.0,45.0,47,46.5,45.5,0.0,0.0,0.0,0.0,125
2023-05-09 21:15:03,MA401C2700,MA401C2700,46.5,0.0,0.0,0.0,57,44.0,45.0,57,46.5,45.5,0.0,0.0,0.0,0.0,125
2023-05-09 21:15:05,MA401C2700,MA401C2700,46.5,0.0,0.0,0.0,57,44.0,45.0,50,46.5,45.5,0.0,0.0,0.0,0.0,125
2023-05-09 21:15:06,MA401C2700,MA401C2700,46.5,0.0,0.0,0.0,10,44.5,45.0,10,46.5,45.5,0.0,0.0,0.0,0.0,125
2023-05-09 21:15:06,MA401C2700,MA401C2700,46.5,0.0,0.0,0.0,10,44.5,45.5,40,46.5,45.5,0.0,0.0,0.0,0.0,125
2023-05-09 21:15:07,MA401C2700,MA401C2700,46.5,0.0,0.0,0.0,10,44.5,45.5,50,46.5,45.5,0.0,0.0,0.0,0.0,125
2023-05-09 21:15:07,MA401C2700,MA401C2700,46.5,0.0,0.0,0.0,17,44.5,45.5,50,46.5,45.5,0.0,0.0,0.0,0.0,125
2023-05-09 21:15:12,MA401C2700,MA401C2700,46.5,0.0,0.0,0.0,17,44.5,45.5,57,46.5,45.5,0.0,0.0,0.0,0.0,125
2023-05-09 21:15:19,MA401C2700,MA401C2700,46.5,0.0,0.0,0.0,37,44.5,45.5,57,46.5,45.5,0.0,0.0,0.0,0.0,125
2023-05-09 21:15:20,MA401C2700,MA401C2700,46.5,0.0,0.0,0.0,27,44.5,45.5,57,46.5,45.5,0.0,0.0,0.0,0.0,125
2023-05-09 21:15:21,MA401C2700,MA401C2700,46.5,0.0,0.0,0.0,37,44.5,45.5,57,46.5,45.5,0.0,0.0,0.0,0.0,125
2023-05-09 21:15:27,MA401C2700,MA401C2700,46.5,0.0,0.0,0.0,47,44.5,45.5,57,46.5,45.5,0.0,0.0,0.0,0.0,125
2023-05-09 21:15:27,MA401C2700,MA401C2700,46.5,0.0,0.0,0.0,67,44.5,45.5,47,46.5,45.5,0.0,0.0,0.0,0.0,125
2023-05-09 21:15:28,MA401C2700,MA401C2700,46.5,0.0,0.0,0.0,67,44.5,45.5,40,46.5,45.5,0.0,0.0,0.0,0.0,125
2023-05-09 21:15:30,MA401C2700,MA401C2700,46.5,0.0,0.0,0.0,47,44.5,45.5,40,46.5,45.5,0.0,0.0,0.0,0.0,125
2023-05-09 21:15:30,MA401C2700,MA401C2700,46.5,0.0,0.0,0.0,57,44.5,45.5,40,46.5,45.5,0.0,0.0,0.0,0.0,125
2023-05-09 21:15:33,MA401C2700,MA401C2700,46.5,0.0,0.0,0.0,10,45.0,45.5,20,46.5,45.5,0.0,0.0,0.0,0.0,125
2023-05-09 21:15:33,MA401C2700,MA401C2700,46.5,0.0,0.0,0.0,20,45.0,45.5,20,46.5,45.5,0.0,0.0,0.0,0.0,125
2023-05-09 21:15:34,MA401C2700,MA401C2700,46.5,0.0,0.0,0.0,20,45.0,45.5,10,46.5,45.5,0.0,0.0,0.0,0.0,125
2023-05-09 21:15:35,MA401C2700,MA401C2700,46.5,0.0,0.0,0.0,87,44.5,45.5,20,46.5,45.5,0.0,0.0,0.0,0.0,125
2023-05-09 21:15:35,MA401C2700,MA401C2700,46.5,0.0,0.0,0.0,67,44.5,45.5,20,46.5,45.5,0.0,0.0,0.0,0.0,125
2023-05-09 21:15:36,MA401C2700,MA401C2700,46.5,0.0,0.0,0.0,57,44.5,45.5,20,46.5,45.5,0.0,0.0,0.0,0.0,125
2023-05-09 21:15:36,MA401C2700,MA401C2700,46.5,0.0,0.0,0.0,10,45.0,45.5,10,46.5,45.5,0.0,0.0,0.0,0.0,125
2023-05-09 21:15:37,MA401C2700,MA401C2700,46.5,0.0,0.0,0.0,20,45.0,46.0,57,46.5,45.5,0.0,0.0,0.0,0.0,125
2023-05-09 21:15:42,MA401C2700,MA401C2700,46.5,0.0,0.0,0.0,10,45.0,46.0,57,46.5,45.5,0.0,0.0,0.0,0.0,125
2023-05-09 21:15:43,MA401C2700,MA401C2700,46.5,0.0,0.0,0.0,20,45.0,46.0,57,46.5,45.5,0.0,0.0,0.0,0.0,125
2023-05-09 21:15:43,MA401C2700,MA401C2700,46.5,0.0,0.0,0.0,30,45.0,46.0,57,46.5,45.5,0.0,0.0,0.0,0.0,125
2023-05-09 21:15:45,MA401C2700,MA401C2700,46.5,0.0,0.0,0.0,30,45.0,46.0,67,46.5,45.5,0.0,0.0,0.0,0.0,125
2023-05-09 21:15:46,MA401C2700,MA401C2700,46.5,0.0,0.0,0.0,77,44.5,45.5,20,46.5,45.5,0.0,0.0,0.0,0.0,125
2023-05-09 21:15:47,MA401C2700,MA401C2700,46.5,0.0,0.0,0.0,10,45.0,45.5,20,46.5,45.5,0.0,0.0,0.0,0.0,125
2023-05-09 21:15:47,MA401C2700,MA401C2700,46.5,0.0,0.0,0.0,30,45.0,45.5,20,46.5,45.5,0.0,0.0,0.0,0.0,125
2023-05-09 21:15:48,MA401C2700,MA401C2700,46.5,0.0,0.0,0.0,20,45.0,45.5,10,46.5,45.5,0.0,0.0,0.0,0.0,125
2023-05-09 21:15:48,MA401C2700,MA401C2700,46.5,0.0,0.0,0.0,30,45.0,46.0,57,46.5,45.5,0.0,0.0,0.0,0.0,125
2023-05-09 21:15:49,MA401C2700,MA401C2700,46.5,0.0,0.0,0.0,30,45.0,46.0,67,46.5,45.5,0.0,0.0,0.0,0.0,125
2023-05-09 21:15:50,MA401C2700,MA401C2700,46.5,0.0,0.0,0.0,30,45.0,46.0,57,46.5,45.5,0.0,0.0,0.0,0.0,125
2023-05-09 21:15:51,MA401C2700,MA401C2700,46.5,0.0,0.0,0.0,20,45.0,46.0,57,46.5,45.5,0.0,0.0,0.0,0.0,125
2023-05-09 21:15:54,MA401C2700,MA401C2700,46.5,0.0,0.0,0.0,37,45.0,46.0,57,46.5,45.5,0.0,0.0,0.0,0.0,125
2023-05-09 21:15:57,MA401C2700,MA401C2700,46.5,0.0,0.0,0.0,37,45.0,46.0,67,46.5,45.5,0.0,0.0,0.0,0.0,125
2023-05-09 21:15:58,MA401C2700,MA401C2700,46.5,0.0,0.0,0.0,37,45.0,46.0,57,46.5,45.5,0.0,0.0,0.0,0.0,125
2023-05-09 21:15:59,MA401C2700,MA401C2700,46.5,0.0,0.0,0.0,37,45.0,46.0,47,46.5,45.5,0.0,0.0,0.0,0.0,125
2023-05-09 21:16:00,MA401C2700,MA401C2700,46.5,0.0,0.0,0.0,37,45.0,46.0,57,46.5,45.5,0.0,0.0,0.0,0.0,125
2023-05-09 21:16:02,MA401C2700,MA401C2700,46.5,0.0,0.0,0.0,17,45.0,45.5,10,46.5,45.5,0.0,0.0,0.0,0.0,125
2023-05-09 21:16:03,MA401C2700,MA401C2700,46.5,0.0,0.0,0.0,10,45.0,45.5,20,46.5,45.5,0.0,0.0,0.0,0.0,125
2023-05-09 21:16:07,MA401C2700,MA401C2700,46.5,0.0,0.0,0.0,87,44.5,45.5,20,46.5,45.5,0.0,0.0,0.0,0.0,125
2023-05-09 21:16:09,MA401C2700,MA401C2700,46.5,0.0,0.0,0.0,10,45.0,46.0,67,46.5,45.5,0.0,0.0,0.0,0.0,125
2023-05-09 21:16:09,MA401C2700,MA401C2700,46.5,0.0,0.0,0.0,10,45.0,46.0,77,46.5,45.5,0.0,0.0,0.0,0.0,125
2023-05-09 21:16:12,MA401C2700,MA401C2700,46.5,0.0,0.0,0.0,77,44.5,45.5,10,46.5,45.5,0.0,0.0,0.0,0.0,125
2023-05-09 21:16:13,MA401C2700,MA401C2700,46.5,0.0,0.0,0.0,57,44.5,45.5,30,46.5,45.5,0.0,0.0,0.0,0.0,125
2023-05-09 21:16:13,MA401C2700,MA401C2700,46.5,0.0,0.0,0.0,10,45.0,46.0,47,46.5,45.5,0.0,0.0,0.0,0.0,125
2023-05-09 21:16:14,MA401C2700,MA401C2700,46.5,0.0,0.0,0.0,20,45.0,46.0,77,46.5,45.5,0.0,0.0,0.0,0.0,125
2023-05-09 21:16:15,MA401C2700,MA401C2700,46.5,0.0,0.0,0.0,20,45.0,46.0,67,46.5,45.5,0.0,0.0,0.0,0.0,125
2023-05-09 21:16:16,MA401C2700,MA401C2700,46.5,0.0,0.0,0.0,20,45.0,46.0,57,46.5,45.5,0.0,0.0,0.0,0.0,125
2023-05-09 21:16:16,MA401C2700,MA401C2700,46.5,0.0,0.0,0.0,40,45.0,46.0,57,46.5,45.5,0.0,0.0,0.0,0.0,125
2023-05-09 21:16:17,MA401C2700,MA401C2700,46.5,0.0,0.0,0.0,40,45.0,46.0,67,46.5,45.5,0.0,0.0,0.0,0.0,125
2023-05-09 21:16:18,MA401C2700,MA401C2700,46.5,0.0,0.0,0.0,30,45.0,46.0,67,46.5,45.5,0.0,0.0,0.0,0.0,125
2023-05-09 21:16:18,MA401C2700,MA401C2700,46.5,0.0,0.0,0.0,20,45.0,46.0,67,46.5,45.5,0.0,0.0,0.0,0.0,125
2023-05-09 21:16:19,MA401C2700,MA401C2700,46.5,0.0,0.0,0.0,40,45.0,46.0,67,46.5,45.5,0.0,0.0,0.0,0.0,125
2023-05-09 21:16:20,MA401C2700,MA401C2700,46.5,0.0,0.0,0.0,30,45.0,46.0,67,46.5,45.5,0.0,0.0,0.0,0.0,125
2023-05-09 21:16:21,MA401C2700,MA401C2700,46.5,0.0,0.0,0.0,20,45.0,46.0,67,46.5,45.5,0.0,0.0,0.0,0.0,125
2023-05-09 21:16:22,MA401C2700,MA401C2700,46.5,0.0,0.0,0.0,10,45.0,46.0,67,46.5,45.5,0.0,0.0,0.0,0.0,125
2023-05-09 21:16:36,MA401C2700,MA401C2700,46.5,0.0,0.0,0.0,10,45.0,46.0,57,46.5,45.5,0.0,0.0,0.0,0.0,125
2023-05-09 21:16:38,MA401C2700,MA401C2700,46.5,0.0,0.0,0.0,20,45.0,46.0,57,46.5,45.5,0.0,0.0,0.0,0.0,125
2023-05-09 21:16:42,MA401C2700,MA401C2700,46.5,0.0,0.0,0.0,30,45.0,46.0,57,46.5,45.5,0.0,0.0,0.0,0.0,125
2023-05-09 21:16:43,MA401C2700,MA401C2700,46.5,0.0,0.0,0.0,20,45.0,46.0,67,46.5,45.5,0.0,0.0,0.0,0.0,125
2023-05-09 21:16:47,MA401C2700,MA401C2700,46.5,0.0,0.0,0.0,10,45.0,46.0,67,46.5,45.5,0.0,0.0,0.0,0.0,125
2023-05-09 21:16:50,MA401C2700,MA401C2700,46.5,0.0,0.0,0.0,10,45.0,46.0,77,46.5,45.5,0.0,0.0,0.0,0.0,125
2023-05-09 21:16:50,MA401C2700,MA401C2700,46.5,0.0,0.0,0.0,10,45.0,46.0,67,46.5,45.5,0.0,0.0,0.0,0.0,125
2023-05-09 21:16:57,MA401C2700,MA401C2700,46.5,0.0,0.0,0.0,10,45.0,46.0,77,46.5,45.5,0.0,0.0,0.0,0.0,125
2023-05-09 21:16:58,MA401C2700,MA401C2700,46.5,0.0,0.0,0.0,10,45.0,46.0,87,46.5,45.5,0.0,0.0,0.0,0.0,125
2023-05-09 21:17:00,MA401C2700,MA401C2700,46.5,0.0,0.0,0.0,10,45.0,46.0,77,46.5,45.5,0.0,0.0,0.0,0.0,125
2023-05-09 21:17:00,MA401C2700,MA401C2700,46.5,0.0,0.0,0.0,10,45.0,46.0,67,46.5,45.5,0.0,0.0,0.0,0.0,125
2023-05-09 21:17:01,MA401C2700,MA401C2700,46.5,0.0,0.0,0.0,10,45.0,46.0,77,46.5,45.5,0.0,0.0,0.0,0.0,125
2023-05-09 21:17:02,MA401C2700,MA401C2700,46.5,0.0,0.0,0.0,77,44.5,45.5,10,46.5,45.5,0.0,0.0,0.0,0.0,125
2023-05-09 21:17:03,MA401C2700,MA401C2700,46.5,0.0,0.0,0.0,57,44.5,45.5,20,46.5,45.5,0.0,0.0,0.0,0.0,125
2023-05-09 21:17:05,MA401C2700,MA401C2700,46.5,0.0,0.0,0.0,67,44.5,45.5,30,46.5,45.5,0.0,0.0,0.0,0.0,125
2023-05-09 21:17:05,MA401C2700,MA401C2700,46.5,0.0,0.0,0.0,77,44.5,45.5,30,46.5,45.5,0.0,0.0,0.0,0.0,125
2023-05-09 21:17:08,MA401C2700,MA401C2700,46.5,0.0,0.0,0.0,77,44.5,45.5,20,46.5,45.5,0.0,0.0,0.0,0.0,125
2023-05-09 21:17:10,MA401C2700,MA401C2700,46.5,0.0,0.0,0.0,10,45.0,45.5,10,46.5,45.5,0.0,0.0,0.0,0.0,125
2023-05-09 21:17:10,MA401C2700,MA401C2700,46.5,0.0,0.0,0.0,10,45.0,46.0,77,46.5,45.5,0.0,0.0,0.0,0.0,125
2023-05-09 21:17:12,MA401C2700,MA401C2700,46.5,0.0,0.0,0.0,20,45.0,46.0,67,46.5,45.5,0.0,0.0,0.0,0.0,125
2023-05-09 21:17:14,MA401C2700,MA401C2700,46.5,0.0,0.0,0.0,20,45.0,46.0,77,46.5,45.5,0.0,0.0,0.0,0.0,125
2023-05-09 21:17:15,MA401C2700,MA401C2700,46.5,0.0,0.0,0.0,30,45.0,46.0,77,46.5,45.5,0.0,0.0,0.0,0.0,125
2023-05-09 21:17:15,MA401C2700,MA401C2700,46.5,0.0,0.0,0.0,20,45.0,46.0,67,46.5,45.5,0.0,0.0,0.0,0.0,125
2023-05-09 21:17:16,MA401C2700,MA401C2700,46.5,0.0,0.0,0.0,30,45.0,46.0,67,46.5,45.5,0.0,0.0,0.0,0.0,125
2023-05-09 21:17:17,MA401C2700,MA401C2700,46.5,0.0,0.0,0.0,30,45.0,46.0,77,46.5,45.5,0.0,0.0,0.0,0.0,125
2023-05-09 21:17:27,MA401C2700,MA401C2700,46.5,0.0,0.0,0.0,30,45.0,46.0,67,46.5,45.5,0.0,0.0,0.0,0.0,125
2023-05-09 21:17:29,MA401C2700,MA401C2700,46.5,0.0,0.0,0.0,20,45.0,46.0,77,46.5,45.5,0.0,0.0,0.0,0.0,125
2023-05-09 21:17:30,MA401C2700,MA401C2700,46.5,0.0,0.0,0.0,20,45.0,46.0,67,46.5,45.5,0.0,0.0,0.0,0.0,125
2023-05-09 21:17:31,MA401C2700,MA401C2700,46.5,0.0,0.0,0.0,10,45.0,46.0,67,46.5,45.5,0.0,0.0,0.0,0.0,125
2023-05-09 21:17:32,MA401C2700,MA401C2700,46.5,0.0,0.0,0.0,77,44.5,45.5,20,46.5,45.5,0.0,0.0,0.0,0.0,125
2023-05-09 21:17:34,MA401C2700,MA401C2700,46.5,0.0,0.0,0.0,10,45.0,45.5,10,46.5,45.5,0.0,0.0,0.0,0.0,125
2023-05-09 21:17:34,MA401C2700,MA401C2700,46.5,0.0,0.0,0.0,10,45.0,46.0,77,46.5,45.5,0.0,0.0,0.0,0.0,125
2023-05-09 21:17:37,MA401C2700,MA401C2700,46.5,0.0,0.0,0.0,10,45.0,46.0,87,46.5,45.5,0.0,0.0,0.0,0.0,125
2023-05-09 21:17:39,MA401C2700,MA401C2700,46.5,0.0,0.0,0.0,10,45.0,46.0,77,46.5,45.5,0.0,0.0,0.0,0.0,125
2023-05-09 21:17:41,MA401C2700,MA401C2700,46.5,0.0,0.0,0.0,10,45.0,46.0,67,46.5,45.5,0.0,0.0,0.0,0.0,125
2023-05-09 21:18:00,MA401C2700,MA401C2700,46.5,0.0,0.0,0.0,77,44.5,45.5,10,46.5,45.5,0.0,0.0,0.0,0.0,125
2023-05-09 21:18:00,MA401C2700,MA401C2700,46.5,0.0,0.0,0.0,77,44.5,45.5,30,46.5,45.5,0.0,0.0,0.0,0.0,125
2023-05-09 21:18:03,MA401C2700,MA401C2700,46.5,0.0,0.0,0.0,10,45.0,45.5,20,46.5,45.5,0.0,0.0,0.0,0.0,125
2023-05-09 21:18:03,MA401C2700,MA401C2700,46.5,0.0,0.0,0.0,87,44.5,45.5,30,46.5,45.5,0.0,0.0,0.0,0.0,125
2023-05-09 21:18:04,MA401C2700,MA401C2700,46.5,0.0,0.0,0.0,77,44.5,45.5,30,46.5,45.5,0.0,0.0,0.0,0.0,125
2023-05-09 21:18:04,MA401C2700,MA401C2700,46.5,0.0,0.0,0.0,10,45.0,45.5,10,46.5,45.5,0.0,0.0,0.0,0.0,125
2023-05-09 21:18:07,MA401C2700,MA401C2700,46.5,0.0,0.0,0.0,67,44.5,45.5,10,46.5,45.5,0.0,0.0,0.0,0.0,125
2023-05-09 21:18:07,MA401C2700,MA401C2700,46.5,0.0,0.0,0.0,67,44.5,45.5,30,46.5,45.5,0.0,0.0,0.0,0.0,125
2023-05-09 21:18:18,MA401C2700,MA401C2700,46.5,0.0,0.0,0.0,10,45.0,45.5,10,46.5,45.5,0.0,0.0,0.0,0.0,125
2023-05-09 21:18:19,MA401C2700,MA401C2700,46.5,0.0,0.0,0.0,10,45.0,45.5,20,46.5,45.5,0.0,0.0,0.0,0.0,125
2023-05-09 21:18:24,MA401C2700,MA401C2700,46.5,0.0,0.0,0.0,77,44.5,45.5,30,46.5,45.5,0.0,0.0,0.0,0.0,125
2023-05-09 21:18:24,MA401C2700,MA401C2700,46.5,0.0,0.0,0.0,67,44.5,45.5,30,46.5,45.5,0.0,0.0,0.0,0.0,125
2023-05-09 21:18:24,MA401C2700,MA401C2700,46.5,0.0,0.0,0.0,77,44.5,45.5,30,46.5,45.5,0.0,0.0,0.0,0.0,125
2023-05-09 21:18:24,MA401C2700,MA401C2700,46.5,0.0,0.0,0.0,67,44.5,45.5,30,46.5,45.5,0.0,0.0,0.0,0.0,125
2023-05-09 21:18:36,MA401C2700,MA401C2700,46.5,0.0,0.0,0.0,67,44.5,45.5,20,46.5,45.5,0.0,0.0,0.0,0.0,125
2023-05-09 21:18:42,MA401C2700,MA401C2700,46.5,0.0,0.0,0.0,67,44.5,45.5,30,46.5,45.5,0.0,0.0,0.0,0.0,125
2023-05-09 21:18:43,MA401C2700,MA401C2700,46.5,0.0,0.0,0.0,57,44.5,45.5,40,46.5,45.5,0.0,0.0,0.0,0.0,125
2023-05-09 21:18:44,MA401C2700,MA401C2700,46.5,0.0,0.0,0.0,57,44.5,45.5,50,46.5,45.5,0.0,0.0,0.0,0.0,125
2023-05-09 21:18:44,MA401C2700,MA401C2700,46.5,0.0,0.0,0.0,47,44.5,45.5,40,46.5,45.5,0.0,0.0,0.0,0.0,125
2023-05-09 21:18:49,MA401C2700,MA401C2700,46.5,0.0,0.0,0.0,57,44.5,45.5,40,46.5,45.5,0.0,0.0,0.0,0.0,125
2023-05-09 21:18:50,MA401C2700,MA401C2700,46.5,0.0,0.0,0.0,57,44.5,45.5,30,46.5,45.5,0.0,0.0,0.0,0.0,125
2023-05-09 21:18:56,MA401C2700,MA401C2700,46.5,0.0,0.0,0.0,47,44.5,45.5,30,46.5,45.5,0.0,0.0,0.0,0.0,125
2023-05-09 21:19:00,MA401C2700,MA401C2700,46.5,0.0,0.0,0.0,37,44.5,45.5,30,46.5,45.5,0.0,0.0,0.0,0.0,125
2023-05-09 21:19:01,MA401C2700,MA401C2700,46.5,0.0,0.0,0.0,37,44.5,45.5,50,46.5,45.5,0.0,0.0,0.0,0.0,125
2023-05-09 21:19:05,MA401C2700,MA401C2700,46.5,0.0,0.0,0.0,37,44.5,45.5,30,46.5,45.5,0.0,0.0,0.0,0.0,125
2023-05-09 21:19:07,MA401C2700,MA401C2700,46.5,0.0,0.0,0.0,37,44.5,45.5,40,46.5,45.5,0.0,0.0,0.0,0.0,125
2023-05-09 21:19:08,MA401C2700,MA401C2700,46.5,0.0,0.0,0.0,37,44.5,45.5,50,46.5,45.5,0.0,0.0,0.0,0.0,125
2023-05-09 21:19:15,MA401C2700,MA401C2700,46.5,0.0,0.0,0.0,27,44.5,45.5,50,46.5,45.5,0.0,0.0,0.0,0.0,125
2023-05-09 21:19:16,MA401C2700,MA401C2700,46.5,0.0,0.0,0.0,27,44.5,45.5,67,46.5,45.5,0.0,0.0,0.0,0.0,125
2023-05-09 21:19:16,MA401C2700,MA401C2700,46.5,0.0,0.0,0.0,37,44.5,45.5,67,46.5,45.5,0.0,0.0,0.0,0.0,125
2023-05-09 21:19:17,MA401C2700,MA401C2700,46.5,0.0,0.0,0.0,37,44.5,45.5,57,46.5,45.5,0.0,0.0,0.0,0.0,125
2023-05-09 21:19:20,MA401C2700,MA401C2700,46.5,0.0,0.0,0.0,37,44.5,45.5,67,46.5,45.5,0.0,0.0,0.0,0.0,125
2023-05-09 21:19:26,MA401C2700,MA401C2700,46.5,0.0,0.0,0.0,37,44.5,45.5,77,46.5,45.5,0.0,0.0,0.0,0.0,125
2023-05-09 21:19:27,MA401C2700,MA401C2700,46.5,0.0,0.0,0.0,37,44.5,45.5,67,46.5,45.5,0.0,0.0,0.0,0.0,125
2023-05-09 21:19:32,MA401C2700,MA401C2700,46.5,0.0,0.0,0.0,27,44.5,45.5,67,46.5,45.5,0.0,0.0,0.0,0.0,125
2023-05-09 21:19:35,MA401C2700,MA401C2700,46.5,0.0,0.0,0.0,37,44.5,45.5,67,46.5,45.5,0.0,0.0,0.0,0.0,125
2023-05-09 21:19:38,MA401C2700,MA401C2700,46.5,0.0,0.0,0.0,27,44.5,45.5,67,46.5,45.5,0.0,0.0,0.0,0.0,125
2023-05-09 21:19:39,MA401C2700,MA401C2700,46.5,0.0,0.0,0.0,37,44.5,45.5,67,46.5,45.5,0.0,0.0,0.0,0.0,125
2023-05-09 21:19:42,MA401C2700,MA401C2700,46.5,0.0,0.0,0.0,27,44.5,45.5,67,46.5,45.5,0.0,0.0,0.0,0.0,125
2023-05-09 21:19:47,MA401C2700,MA401C2700,46.5,0.0,0.0,0.0,17,44.5,45.5,67,46.5,45.5,0.0,0.0,0.0,0.0,125
2023-05-09 21:19:49,MA401C2700,MA401C2700,46.5,0.0,0.0,0.0,27,44.5,45.5,67,46.5,45.5,0.0,0.0,0.0,0.0,125
2023-05-09 21:19:49,MA401C2700,MA401C2700,46.5,0.0,0.0,0.0,17,44.5,45.0,10,46.5,45.5,0.0,0.0,0.0,0.0,125
2023-05-09 21:19:50,MA401C2700,MA401C2700,46.5,0.0,0.0,0.0,70,44.0,45.0,30,46.5,45.5,0.0,0.0,0.0,0.0,125
2023-05-09 21:19:52,MA401C2700,MA401C2700,46.5,0.0,0.0,0.0,87,44.0,45.0,30,46.5,45.5,0.0,0.0,0.0,0.0,125
2023-05-09 21:19:52,MA401C2700,MA401C2700,46.5,0.0,0.0,0.0,77,44.0,45.0,30,46.5,45.5,0.0,0.0,0.0,0.0,125
2023-05-09 21:19:53,MA401C2700,MA401C2700,46.5,0.0,0.0,0.0,77,44.0,45.0,40,46.5,45.5,0.0,0.0,0.0,0.0,125
2023-05-09 21:19:55,MA401C2700,MA401C2700,46.5,0.0,0.0,0.0,67,44.0,45.0,40,46.5,45.5,0.0,0.0,0.0,0.0,125
2023-05-09 21:19:57,MA401C2700,MA401C2700,46.5,0.0,0.0,0.0,57,44.0,45.0,40,46.5,45.5,0.0,0.0,0.0,0.0,125
2023-05-09 21:19:58,MA401C2700,MA401C2700,46.5,0.0,0.0,0.0,57,44.0,45.0,50,46.5,45.5,0.0,0.0,0.0,0.0,125
2023-05-09 21:19:58,MA401C2700,MA401C2700,46.5,0.0,0.0,0.0,27,44.0,45.0,60,46.5,45.5,0.0,0.0,0.0,0.0,125
2023-05-09 21:19:59,MA401C2700,MA401C2700,46.5,0.0,0.0,0.0,47,44.0,45.0,50,46.5,45.5,0.0,0.0,0.0,0.0,125
2023-05-09 21:20:00,MA401C2700,MA401C2700,46.5,0.0,0.0,0.0,27,44.0,45.0,60,46.5,45.5,0.0,0.0,0.0,0.0,125
2023-05-09 21:20:01,MA401C2700,MA401C2700,46.5,0.0,0.0,0.0,37,44.0,45.0,60,46.5,45.5,0.0,0.0,0.0,0.0,125
2023-05-09 21:20:08,MA401C2700,MA401C2700,46.5,0.0,0.0,0.0,57,44.0,45.0,40,46.5,45.5,0.0,0.0,0.0,0.0,125
2023-05-09 21:20:08,MA401C2700,MA401C2700,46.5,0.0,0.0,0.0,47,44.0,45.0,30,46.5,45.5,0.0,0.0,0.0,0.0,125
2023-05-09 21:20:09,MA401C2700,MA401C2700,46.5,0.0,0.0,0.0,57,44.0,45.0,30,46.5,45.5,0.0,0.0,0.0,0.0,125
2023-05-09 21:20:10,MA401C2700,MA401C2700,46.5,0.0,0.0,0.0,47,44.0,45.0,30,46.5,45.5,0.0,0.0,0.0,0.0,125
2023-05-09 21:20:11,MA401C2700,MA401C2700,46.5,0.0,0.0,0.0,37,44.0,45.0,30,46.5,45.5,0.0,0.0,0.0,0.0,125
2023-05-09 21:20:18,MA401C2700,MA401C2700,46.5,0.0,0.0,0.0,27,44.0,45.0,30,46.5,45.5,0.0,0.0,0.0,0.0,125
2023-05-09 21:20:20,MA401C2700,MA401C2700,46.5,0.0,0.0,0.0,27,44.0,45.0,40,46.5,45.5,0.0,0.0,0.0,0.0,125
2023-05-09 21:20:26,MA401C2700,MA401C2700,46.5,0.0,0.0,0.0,37,44.0,45.0,50,46.5,45.5,0.0,0.0,0.0,0.0,125
2023-05-09 21:20:27,MA401C2700,MA401C2700,46.5,0.0,0.0,0.0,27,44.0,45.0,50,46.5,45.5,0.0,0.0,0.0,0.0,125
2023-05-09 21:20:32,MA401C2700,MA401C2700,46.5,0.0,0.0,0.0,17,44.0,45.0,50,46.5,45.5,0.0,0.0,0.0,0.0,125
2023-05-09 21:20:32,MA401C2700,MA401C2700,46.5,0.0,0.0,0.0,17,44.0,45.0,60,46.5,45.5,0.0,0.0,0.0,0.0,125
2023-05-09 21:20:33,MA401C2700,MA401C2700,46.5,0.0,0.0,0.0,27,44.0,45.0,70,46.5,45.5,0.0,0.0,0.0,0.0,125
2023-05-09 21:20:33,MA401C2700,MA401C2700,46.5,0.0,0.0,0.0,17,44.0,44.5,20,46.5,45.5,0.0,0.0,0.0,0.0,125
2023-05-09 21:20:37,MA401C2700,MA401C2700,46.5,0.0,0.0,0.0,27,44.0,44.5,10,46.5,45.5,0.0,0.0,0.0,0.0,125
2023-05-09 21:20:38,MA401C2700,MA401C2700,46.5,0.0,0.0,0.0,37,44.0,45.0,70,46.5,45.5,0.0,0.0,0.0,0.0,125
2023-05-09 21:20:40,MA401C2700,MA401C2700,46.5,0.0,0.0,0.0,37,44.0,45.0,60,46.5,45.5,0.0,0.0,0.0,0.0,125
2023-05-09 21:20:51,MA401C2700,MA401C2700,46.5,0.0,0.0,0.0,57,44.0,45.0,50,46.5,45.5,0.0,0.0,0.0,0.0,125
2023-05-09 21:20:52,MA401C2700,MA401C2700,46.5,0.0,0.0,0.0,47,44.0,45.0,50,46.5,45.5,0.0,0.0,0.0,0.0,125
2023-05-09 21:20:53,MA401C2700,MA401C2700,46.5,0.0,0.0,0.0,47,44.0,45.0,40,46.5,45.5,0.0,0.0,0.0,0.0,125
2023-05-09 21:20:54,MA401C2700,MA401C2700,46.5,0.0,0.0,0.0,37,44.0,45.0,50,46.5,45.5,0.0,0.0,0.0,0.0,125
2023-05-09 21:21:05,MA401C2700,MA401C2700,46.5,0.0,0.0,0.0,27,44.0,45.0,70,46.5,45.5,0.0,0.0,0.0,0.0,125
2023-05-09 21:21:06,MA401C2700,MA401C2700,46.5,0.0,0.0,0.0,27,44.0,45.0,77,46.5,45.5,0.0,0.0,0.0,0.0,125
2023-05-09 21:21:10,MA401C2700,MA401C2700,46.5,0.0,0.0,0.0,17,44.0,45.0,77,46.5,45.5,0.0,0.0,0.0,0.0,125
2023-05-09 21:21:21,MA401C2700,MA401C2700,46.5,0.0,0.0,0.0,27,44.0,45.0,67,46.5,45.5,0.0,0.0,0.0,0.0,125
2023-05-09 21:21:29,MA401C2700,MA401C2700,46.5,0.0,0.0,0.0,27,44.0,45.0,77,46.5,45.5,0.0,0.0,0.0,0.0,125
2023-05-09 21:21:37,MA401C2700,MA401C2700,46.5,0.0,0.0,0.0,27,44.0,45.0,67,46.5,45.5,0.0,0.0,0.0,0.0,125
2023-05-09 21:21:38,MA401C2700,MA401C2700,46.5,0.0,0.0,0.0,17,44.0,45.0,77,46.5,45.5,0.0,0.0,0.0,0.0,125
2023-05-09 21:21:39,MA401C2700,MA401C2700,46.5,0.0,0.0,0.0,17,44.0,45.0,67,46.5,45.5,0.0,0.0,0.0,0.0,125
2023-05-09 21:21:41,MA401C2700,MA401C2700,46.5,0.0,0.0,0.0,17,44.0,45.0,77,46.5,45.5,0.0,0.0,0.0,0.0,125
2023-05-09 21:21:47,MA401C2700,MA401C2700,46.5,0.0,0.0,0.0,27,44.0,45.0,77,46.5,45.5,0.0,0.0,0.0,0.0,125
2023-05-09 21:21:51,MA401C2700,MA401C2700,46.5,0.0,0.0,0.0,7,44.0,44.5,10,46.5,45.5,0.0,0.0,0.0,0.0,125
2023-05-09 21:21:52,MA401C2700,MA401C2700,46.5,0.0,0.0,0.0,7,44.0,44.5,30,46.5,45.5,0.0,0.0,0.0,0.0,125
2023-05-09 21:21:53,MA401C2700,MA401C2700,46.5,0.0,0.0,0.0,7,44.0,44.5,40,46.5,45.5,0.0,0.0,0.0,0.0,125
2023-05-09 21:22:12,MA401C2700,MA401C2700,46.5,0.0,0.0,0.0,7,44.0,44.5,60,46.5,45.5,0.0,0.0,0.0,0.0,125
2023-05-09 21:22:13,MA401C2700,MA401C2700,46.5,0.0,0.0,0.0,40,43.5,44.5,60,46.5,45.5,0.0,0.0,0.0,0.0,125
2023-05-09 21:22:13,MA401C2700,MA401C2700,46.5,0.0,0.0,0.0,40,43.5,44.5,50,46.5,45.5,0.0,0.0,0.0,0.0,125
2023-05-09 21:22:14,MA401C2700,MA401C2700,46.5,0.0,0.0,0.0,47,43.5,44.5,50,46.5,45.5,0.0,0.0,0.0,0.0,125
2023-05-09 21:22:15,MA401C2700,MA401C2700,46.5,0.0,0.0,0.0,57,43.5,44.5,60,46.5,45.5,0.0,0.0,0.0,0.0,125
2023-05-09 21:22:23,MA401C2700,MA401C2700,46.5,0.0,0.0,0.0,67,43.5,44.5,50,46.5,45.5,0.0,0.0,0.0,0.0,125
2023-05-09 21:22:24,MA401C2700,MA401C2700,46.5,0.0,0.0,0.0,67,43.5,44.5,40,46.5,45.5,0.0,0.0,0.0,0.0,125
2023-05-09 21:22:24,MA401C2700,MA401C2700,46.5,0.0,0.0,0.0,57,43.5,44.5,40,46.5,45.5,0.0,0.0,0.0,0.0,125
2023-05-09 21:22:25,MA401C2700,MA401C2700,46.5,0.0,0.0,0.0,57,43.5,44.5,50,46.5,45.5,0.0,0.0,0.0,0.0,125
2023-05-09 21:22:48,MA401C2700,MA401C2700,46.5,0.0,0.0,0.0,57,43.5,44.5,40,46.5,45.5,0.0,0.0,0.0,0.0,125
2023-05-09 21:22:51,MA401C2700,MA401C2700,46.5,0.0,0.0,0.0,57,43.5,44.5,50,46.5,45.5,0.0,0.0,0.0,0.0,125
2023-05-09 21:23:06,MA401C2700,MA401C2700,46.5,0.0,0.0,0.0,57,43.5,44.5,40,46.5,45.5,0.0,0.0,0.0,0.0,125
2023-05-09 21:23:07,MA401C2700,MA401C2700,46.5,0.0,0.0,0.0,57,43.5,44.5,50,46.5,45.5,0.0,0.0,0.0,0.0,125
2023-05-09 21:23:08,MA401C2700,MA401C2700,46.5,0.0,0.0,0.0,57,43.5,44.5,60,46.5,45.5,0.0,0.0,0.0,0.0,125
2023-05-09 21:23:11,MA401C2700,MA401C2700,46.5,0.0,0.0,0.0,27,43.5,44.5,60,46.5,45.5,0.0,0.0,0.0,0.0,125
2023-05-09 21:23:11,MA401C2700,MA401C2700,46.5,0.0,0.0,0.0,37,43.5,44.5,60,46.5,45.5,0.0,0.0,0.0,0.0,125
2023-05-09 21:23:13,MA401C2700,MA401C2700,46.5,0.0,0.0,0.0,47,43.5,44.5,60,46.5,45.5,0.0,0.0,0.0,0.0,125
2023-05-09 21:23:14,MA401C2700,MA401C2700,46.5,0.0,0.0,0.0,37,43.5,44.5,60,46.5,45.5,0.0,0.0,0.0,0.0,125
2023-05-09 21:23:17,MA401C2700,MA401C2700,46.5,0.0,0.0,0.0,27,43.5,44.5,60,46.5,45.5,0.0,0.0,0.0,0.0,125
2023-05-09 21:23:26,MA401C2700,MA401C2700,46.5,0.0,0.0,0.0,37,43.5,44.5,60,46.5,45.5,0.0,0.0,0.0,0.0,125
2023-05-09 21:23:27,MA401C2700,MA401C2700,46.5,0.0,0.0,0.0,27,43.5,44.5,60,46.5,45.5,0.0,0.0,0.0,0.0,125
2023-05-09 21:23:32,MA401C2700,MA401C2700,46.5,0.0,0.0,0.0,37,43.5,44.5,60,46.5,45.5,0.0,0.0,0.0,0.0,125
2023-05-09 21:23:32,MA401C2700,MA401C2700,46.5,0.0,0.0,0.0,37,43.5,44.5,50,46.5,45.5,0.0,0.0,0.0,0.0,125
2023-05-09 21:23:34,MA401C2700,MA401C2700,46.5,0.0,0.0,0.0,37,43.5,44.5,60,46.5,45.5,0.0,0.0,0.0,0.0,125
2023-05-09 21:23:35,MA401C2700,MA401C2700,46.5,0.0,0.0,0.0,37,43.5,44.5,70,46.5,45.5,0.0,0.0,0.0,0.0,125
2023-05-09 21:23:36,MA401C2700,MA401C2700,46.5,0.0,0.0,0.0,27,43.5,44.5,70,46.5,45.5,0.0,0.0,0.0,0.0,125
2023-05-09 21:23:45,MA401C2700,MA401C2700,46.5,0.0,0.0,0.0,27,43.5,44.5,60,46.5,45.5,0.0,0.0,0.0,0.0,125
2023-05-09 21:23:53,MA401C2700,MA401C2700,46.5,0.0,0.0,0.0,27,43.5,44.5,70,46.5,45.5,0.0,0.0,0.0,0.0,125
2023-05-09 21:23:54,MA401C2700,MA401C2700,46.5,0.0,0.0,0.0,27,43.5,44.5,60,46.5,45.5,0.0,0.0,0.0,0.0,125
2023-05-09 21:23:55,MA401C2700,MA401C2700,46.5,0.0,0.0,0.0,27,43.5,44.5,70,46.5,45.5,0.0,0.0,0.0,0.0,125
2023-05-09 21:24:03,MA401C2700,MA401C2700,46.5,0.0,0.0,0.0,17,43.5,44.0,10,46.5,45.5,0.0,0.0,0.0,0.0,125
2023-05-09 21:24:03,MA401C2700,MA401C2700,46.5,0.0,0.0,0.0,7,43.5,44.0,40,46.5,45.5,0.0,0.0,0.0,0.0,125
2023-05-09 21:24:05,MA401C2700,MA401C2700,46.5,0.0,0.0,0.0,17,43.5,44.0,30,46.5,45.5,0.0,0.0,0.0,0.0,125
2023-05-09 21:24:06,MA401C2700,MA401C2700,46.5,0.0,0.0,0.0,17,43.5,44.0,20,46.5,45.5,0.0,0.0,0.0,0.0,125
2023-05-09 21:24:06,MA401C2700,MA401C2700,46.5,0.0,0.0,0.0,27,43.5,44.0,30,46.5,45.5,0.0,0.0,0.0,0.0,125
2023-05-09 21:24:07,MA401C2700,MA401C2700,46.5,0.0,0.0,0.0,27,43.5,44.0,20,46.5,45.5,0.0,0.0,0.0,0.0,125
2023-05-09 21:24:10,MA401C2700,MA401C2700,46.5,0.0,0.0,0.0,27,43.5,44.0,30,46.5,45.5,0.0,0.0,0.0,0.0,125
2023-05-09 21:24:11,MA401C2700,MA401C2700,46.5,0.0,0.0,0.0,27,43.5,44.0,20,46.5,45.5,0.0,0.0,0.0,0.0,125
2023-05-09 21:24:13,MA401C2700,MA401C2700,46.5,0.0,0.0,0.0,27,43.5,44.0,10,46.5,45.5,0.0,0.0,0.0,0.0,125
2023-05-09 21:24:13,MA401C2700,MA401C2700,46.5,0.0,0.0,0.0,27,43.5,44.5,70,46.5,45.5,0.0,0.0,0.0,0.0,125
2023-05-09 21:24:33,MA401C2700,MA401C2700,46.5,0.0,0.0,0.0,27,43.5,44.5,60,46.5,45.5,0.0,0.0,0.0,0.0,125
2023-05-09 21:24:34,MA401C2700,MA401C2700,46.5,0.0,0.0,0.0,27,43.5,44.5,70,46.5,45.5,0.0,0.0,0.0,0.0,125
2023-05-09 21:24:40,MA401C2700,MA401C2700,46.5,0.0,0.0,0.0,27,43.5,44.5,60,46.5,45.5,0.0,0.0,0.0,0.0,125
2023-05-09 21:24:42,MA401C2700,MA401C2700,46.5,0.0,0.0,0.0,27,43.5,44.5,70,46.5,45.5,0.0,0.0,0.0,0.0,125
2023-05-09 21:24:43,MA401C2700,MA401C2700,46.5,0.0,0.0,0.0,27,43.5,44.5,60,46.5,45.5,0.0,0.0,0.0,0.0,125
2023-05-09 21:25:02,MA401C2700,MA401C2700,46.5,0.0,0.0,0.0,27,43.5,44.5,50,46.5,45.5,0.0,0.0,0.0,0.0,125
2023-05-09 21:25:06,MA401C2700,MA401C2700,46.5,0.0,0.0,0.0,27,43.5,44.5,60,46.5,45.5,0.0,0.0,0.0,0.0,125
2023-05-09 21:25:09,MA401C2700,MA401C2700,46.5,0.0,0.0,0.0,27,43.5,44.5,50,46.5,45.5,0.0,0.0,0.0,0.0,125
2023-05-09 21:25:16,MA401C2700,MA401C2700,46.5,0.0,0.0,0.0,10,44.0,44.5,20,46.5,45.5,0.0,0.0,0.0,0.0,125
2023-05-09 21:25:17,MA401C2700,MA401C2700,46.5,0.0,0.0,0.0,17,44.0,44.5,20,46.5,45.5,0.0,0.0,0.0,0.0,125
2023-05-09 21:25:18,MA401C2700,MA401C2700,46.5,0.0,0.0,0.0,27,44.0,44.5,20,46.5,45.5,0.0,0.0,0.0,0.0,125
2023-05-09 21:25:21,MA401C2700,MA401C2700,46.5,0.0,0.0,0.0,27,44.0,45.0,77,46.5,45.5,0.0,0.0,0.0,0.0,125
2023-05-09 21:25:22,MA401C2700,MA401C2700,46.5,0.0,0.0,0.0,27,44.0,45.0,87,46.5,45.5,0.0,0.0,0.0,0.0,125
2023-05-09 21:25:27,MA401C2700,MA401C2700,46.5,0.0,0.0,0.0,27,44.0,45.0,77,46.5,45.5,0.0,0.0,0.0,0.0,125
2023-05-09 21:25:27,MA401C2700,MA401C2700,46.5,0.0,0.0,0.0,27,44.0,45.0,67,46.5,45.5,0.0,0.0,0.0,0.0,125
2023-05-09 21:25:28,MA401C2700,MA401C2700,46.5,0.0,0.0,0.0,17,44.0,45.0,67,46.5,45.5,0.0,0.0,0.0,0.0,125
2023-05-09 21:25:29,MA401C2700,MA401C2700,46.5,0.0,0.0,0.0,27,44.0,45.0,67,46.5,45.5,0.0,0.0,0.0,0.0,125
2023-05-09 21:25:31,MA401C2700,MA401C2700,46.5,0.0,0.0,0.0,37,44.0,45.0,67,46.5,45.5,0.0,0.0,0.0,0.0,125
2023-05-09 21:25:32,MA401C2700,MA401C2700,46.5,0.0,0.0,0.0,27,44.0,45.0,67,46.5,45.5,0.0,0.0,0.0,0.0,125
2023-05-09 21:25:35,MA401C2700,MA401C2700,46.5,0.0,0.0,0.0,37,44.0,45.0,67,46.5,45.5,0.0,0.0,0.0,0.0,125
2023-05-09 21:25:39,MA401C2700,MA401C2700,46.5,0.0,0.0,0.0,37,44.0,45.0,77,46.5,45.5,0.0,0.0,0.0,0.0,125
2023-05-09 21:25:46,MA401C2700,MA401C2700,46.5,0.0,0.0,0.0,37,44.0,45.0,67,46.5,45.5,0.0,0.0,0.0,0.0,125
2023-05-09 21:25:55,MA401C2700,MA401C2700,46.5,0.0,0.0,0.0,47,44.0,45.0,67,46.5,45.5,0.0,0.0,0.0,0.0,125
2023-05-09 21:26:03,MA401C2700,MA401C2700,46.5,0.0,0.0,0.0,37,44.0,45.0,67,46.5,45.5,0.0,0.0,0.0,0.0,125
2023-05-09 21:26:04,MA401C2700,MA401C2700,46.5,0.0,0.0,0.0,47,44.0,45.0,67,46.5,45.5,0.0,0.0,0.0,0.0,125
2023-05-09 21:26:04,MA401C2700,MA401C2700,46.5,0.0,0.0,0.0,10,44.5,45.0,47,46.5,45.5,0.0,0.0,0.0,0.0,125
2023-05-09 21:26:05,MA401C2700,MA401C2700,46.5,0.0,0.0,0.0,20,44.5,45.0,37,46.5,45.5,0.0,0.0,0.0,0.0,125
2023-05-09 21:26:06,MA401C2700,MA401C2700,46.5,0.0,0.0,0.0,20,44.5,45.0,27,46.5,45.5,0.0,0.0,0.0,0.0,125
2023-05-09 21:26:07,MA401C2700,MA401C2700,46.5,0.0,0.0,0.0,57,44.0,45.0,47,46.5,45.5,0.0,0.0,0.0,0.0,125
2023-05-09 21:26:09,MA401C2700,MA401C2700,46.5,0.0,0.0,0.0,67,44.0,45.0,57,46.5,45.5,0.0,0.0,0.0,0.0,125
2023-05-09 21:26:13,MA401C2700,MA401C2700,46.5,0.0,0.0,0.0,67,44.0,45.0,47,46.5,45.5,0.0,0.0,0.0,0.0,125
2023-05-09 21:26:17,MA401C2700,MA401C2700,46.5,0.0,0.0,0.0,57,44.0,45.0,57,46.5,45.5,0.0,0.0,0.0,0.0,125
2023-05-09 21:26:21,MA401C2700,MA401C2700,46.5,0.0,0.0,0.0,47,44.0,45.0,57,46.5,45.5,0.0,0.0,0.0,0.0,125
2023-05-09 21:26:22,MA401C2700,MA401C2700,46.5,0.0,0.0,0.0,57,44.0,45.0,57,46.5,45.5,0.0,0.0,0.0,0.0,125
2023-05-09 21:26:57,MA401C2700,MA401C2700,46.5,0.0,0.0,0.0,20,44.5,45.0,27,46.5,45.5,0.0,0.0,0.0,0.0,125
2023-05-09 21:26:57,MA401C2700,MA401C2700,46.5,0.0,0.0,0.0,20,44.5,45.0,20,46.5,45.5,0.0,0.0,0.0,0.0,125
2023-05-09 21:27:18,MA401C2700,MA401C2700,46.5,0.0,0.0,0.0,20,44.5,45.5,67,46.5,45.5,0.0,0.0,0.0,0.0,125
2023-05-09 21:27:18,MA401C2700,MA401C2700,46.5,0.0,0.0,0.0,20,44.5,45.5,77,46.5,45.5,0.0,0.0,0.0,0.0,125
2023-05-09 21:27:30,MA401C2700,MA401C2700,46.5,0.0,0.0,0.0,20,44.5,45.5,87,46.5,45.5,0.0,0.0,0.0,0.0,125
2023-05-09 21:27:31,MA401C2700,MA401C2700,46.5,0.0,0.0,0.0,20,44.5,45.5,77,46.5,45.5,0.0,0.0,0.0,0.0,125
2023-05-09 21:27:37,MA401C2700,MA401C2700,46.5,0.0,0.0,0.0,20,44.5,45.5,67,46.5,45.5,0.0,0.0,0.0,0.0,125
2023-05-09 21:27:37,MA401C2700,MA401C2700,46.5,0.0,0.0,0.0,20,44.5,45.5,77,46.5,45.5,0.0,0.0,0.0,0.0,125
2023-05-09 21:27:38,MA401C2700,MA401C2700,46.5,0.0,0.0,0.0,77,44.0,45.0,10,46.5,45.5,0.0,0.0,0.0,0.0,125
2023-05-09 21:27:38,MA401C2700,MA401C2700,46.5,0.0,0.0,0.0,67,44.0,45.0,40,46.5,45.5,0.0,0.0,0.0,0.0,125
2023-05-09 21:27:39,MA401C2700,MA401C2700,46.5,0.0,0.0,0.0,77,44.0,45.0,50,46.5,45.5,0.0,0.0,0.0,0.0,125
2023-05-09 21:27:40,MA401C2700,MA401C2700,46.5,0.0,0.0,0.0,67,44.0,45.0,50,46.5,45.5,0.0,0.0,0.0,0.0,125
2023-05-09 21:27:42,MA401C2700,MA401C2700,46.5,0.0,0.0,0.0,57,44.0,45.0,50,46.5,45.5,0.0,0.0,0.0,0.0,125
2023-05-09 21:27:52,MA401C2700,MA401C2700,46.5,0.0,0.0,0.0,57,44.0,45.0,40,46.5,45.5,0.0,0.0,0.0,0.0,125
2023-05-09 21:27:57,MA401C2700,MA401C2700,46.5,0.0,0.0,0.0,57,44.0,45.0,30,46.5,45.5,0.0,0.0,0.0,0.0,125
2023-05-09 21:27:58,MA401C2700,MA401C2700,46.5,0.0,0.0,0.0,67,44.0,45.0,30,46.5,45.5,0.0,0.0,0.0,0.0,125
2023-05-09 21:27:59,MA401C2700,MA401C2700,46.5,0.0,0.0,0.0,10,44.5,45.0,20,46.5,45.5,0.0,0.0,0.0,0.0,125
2023-05-09 21:27:59,MA401C2700,MA401C2700,46.5,0.0,0.0,0.0,20,44.5,45.0,20,46.5,45.5,0.0,0.0,0.0,0.0,125
2023-05-09 21:28:01,MA401C2700,MA401C2700,46.5,0.0,0.0,0.0,10,44.5,45.0,30,46.5,45.5,0.0,0.0,0.0,0.0,125
2023-05-09 21:28:01,MA401C2700,MA401C2700,46.5,0.0,0.0,0.0,20,44.5,45.0,30,46.5,45.5,0.0,0.0,0.0,0.0,125
2023-05-09 21:28:01,MA401C2700,MA401C2700,46.5,0.0,0.0,0.0,10,44.5,45.0,30,46.5,45.5,0.0,0.0,0.0,0.0,125
2023-05-09 21:28:13,MA401C2700,MA401C2700,46.5,0.0,0.0,0.0,10,44.5,45.0,20,46.5,45.5,0.0,0.0,0.0,0.0,125
2023-05-09 21:28:13,MA401C2700,MA401C2700,46.5,0.0,0.0,0.0,20,44.5,45.0,20,46.5,45.5,0.0,0.0,0.0,0.0,125
2023-05-09 21:28:14,MA401C2700,MA401C2700,46.5,0.0,0.0,0.0,20,44.5,45.5,77,46.5,45.5,0.0,0.0,0.0,0.0,125
2023-05-09 21:28:14,MA401C2700,MA401C2700,46.5,0.0,0.0,0.0,20,44.5,45.5,87,46.5,45.5,0.0,0.0,0.0,0.0,125
2023-05-09 21:28:21,MA401C2700,MA401C2700,46.5,0.0,0.0,0.0,20,44.5,45.5,77,46.5,45.5,0.0,0.0,0.0,0.0,125
2023-05-09 21:28:21,MA401C2700,MA401C2700,46.5,0.0,0.0,0.0,20,44.5,45.5,87,46.5,45.5,0.0,0.0,0.0,0.0,125
2023-05-09 21:28:27,MA401C2700,MA401C2700,46.5,0.0,0.0,0.0,20,44.5,45.5,77,46.5,45.5,0.0,0.0,0.0,0.0,125
2023-05-09 21:28:29,MA401C2700,MA401C2700,46.5,0.0,0.0,0.0,20,44.5,45.5,87,46.5,45.5,0.0,0.0,0.0,0.0,125
2023-05-09 21:28:30,MA401C2700,MA401C2700,46.5,0.0,0.0,0.0,20,44.5,45.5,77,46.5,45.5,0.0,0.0,0.0,0.0,125
2023-05-09 21:28:30,MA401C2700,MA401C2700,46.5,0.0,0.0,0.0,20,44.5,45.5,87,46.5,45.5,0.0,0.0,0.0,0.0,125
2023-05-09 21:28:33,MA401C2700,MA401C2700,46.5,0.0,0.0,0.0,10,44.5,45.5,87,46.5,45.5,0.0,0.0,0.0,0.0,125
2023-05-09 21:28:34,MA401C2700,MA401C2700,46.5,0.0,0.0,0.0,10,44.5,45.5,77,46.5,45.5,0.0,0.0,0.0,0.0,125
2023-05-09 21:28:35,MA401C2700,MA401C2700,46.5,0.0,0.0,0.0,20,44.5,45.5,67,46.5,45.5,0.0,0.0,0.0,0.0,125
2023-05-09 21:28:36,MA401C2700,MA401C2700,46.5,0.0,0.0,0.0,30,44.5,45.5,67,46.5,45.5,0.0,0.0,0.0,0.0,125
2023-05-09 21:28:37,MA401C2700,MA401C2700,46.5,0.0,0.0,0.0,20,44.5,45.5,67,46.5,45.5,0.0,0.0,0.0,0.0,125
2023-05-09 21:28:38,MA401C2700,MA401C2700,46.5,0.0,0.0,0.0,30,44.5,45.5,67,46.5,45.5,0.0,0.0,0.0,0.0,125
2023-05-09 21:28:38,MA401C2700,MA401C2700,46.5,0.0,0.0,0.0,20,44.5,45.5,67,46.5,45.5,0.0,0.0,0.0,0.0,125
2023-05-09 21:28:42,MA401C2700,MA401C2700,46.5,0.0,0.0,0.0,20,44.5,45.5,77,46.5,45.5,0.0,0.0,0.0,0.0,125
2023-05-09 21:28:42,MA401C2700,MA401C2700,46.5,0.0,0.0,0.0,20,44.5,45.5,67,46.5,45.5,0.0,0.0,0.0,0.0,125
2023-05-09 21:28:44,MA401C2700,MA401C2700,46.5,0.0,0.0,0.0,10,44.5,45.5,67,46.5,45.5,0.0,0.0,0.0,0.0,125
2023-05-09 21:28:52,MA401C2700,MA401C2700,46.5,0.0,0.0,0.0,30,44.5,45.5,57,46.5,45.5,0.0,0.0,0.0,0.0,125
2023-05-09 21:28:52,MA401C2700,MA401C2700,46.5,0.0,0.0,0.0,40,44.5,45.5,47,46.5,45.5,0.0,0.0,0.0,0.0,125
2023-05-09 21:28:53,MA401C2700,MA401C2700,46.5,0.0,0.0,0.0,47,44.5,45.5,47,46.5,45.5,0.0,0.0,0.0,0.0,125
2023-05-09 21:28:54,MA401C2700,MA401C2700,46.5,0.0,0.0,0.0,37,44.5,45.5,47,46.5,45.5,0.0,0.0,0.0,0.0,125
2023-05-09 21:28:54,MA401C2700,MA401C2700,46.5,0.0,0.0,0.0,37,44.5,45.5,57,46.5,45.5,0.0,0.0,0.0,0.0,125
2023-05-09 21:28:58,MA401C2700,MA401C2700,46.5,0.0,0.0,0.0,37,44.5,45.5,47,46.5,45.5,0.0,0.0,0.0,0.0,125
2023-05-09 21:29:03,MA401C2700,MA401C2700,46.5,0.0,0.0,0.0,37,44.5,45.5,27,46.5,45.5,0.0,0.0,0.0,0.0,125
2023-05-09 21:29:03,MA401C2700,MA401C2700,46.5,0.0,0.0,0.0,37,44.5,45.5,37,46.5,45.5,0.0,0.0,0.0,0.0,125
2023-05-09 21:29:04,MA401C2700,MA401C2700,46.5,0.0,0.0,0.0,47,44.5,45.5,27,46.5,45.5,0.0,0.0,0.0,0.0,125
2023-05-09 21:29:05,MA401C2700,MA401C2700,46.5,0.0,0.0,0.0,37,44.5,45.5,47,46.5,45.5,0.0,0.0,0.0,0.0,125
2023-05-09 21:29:05,MA401C2700,MA401C2700,46.5,0.0,0.0,0.0,17,44.5,45.5,57,46.5,45.5,0.0,0.0,0.0,0.0,125
2023-05-09 21:29:05,MA401C2700,MA401C2700,46.5,0.0,0.0,0.0,27,44.5,45.5,57,46.5,45.5,0.0,0.0,0.0,0.0,125
2023-05-09 21:29:09,MA401C2700,MA401C2700,46.5,0.0,0.0,0.0,37,44.5,45.5,57,46.5,45.5,0.0,0.0,0.0,0.0,125
2023-05-09 21:29:10,MA401C2700,MA401C2700,46.5,0.0,0.0,0.0,27,44.5,45.5,57,46.5,45.5,0.0,0.0,0.0,0.0,125
2023-05-09 21:29:10,MA401C2700,MA401C2700,46.5,0.0,0.0,0.0,87,44.0,45.0,10,46.5,45.5,0.0,0.0,0.0,0.0,125
2023-05-09 21:29:10,MA401C2700,MA401C2700,46.5,0.0,0.0,0.0,77,44.0,45.0,20,46.5,45.5,0.0,0.0,0.0,0.0,125
2023-05-09 21:29:11,MA401C2700,MA401C2700,46.5,0.0,0.0,0.0,77,44.0,45.0,30,46.5,45.5,0.0,0.0,0.0,0.0,125
2023-05-09 21:29:16,MA401C2700,MA401C2700,46.5,0.0,0.0,0.0,87,44.0,45.0,30,46.5,45.5,0.0,0.0,0.0,0.0,125
2023-05-09 21:29:19,MA401C2700,MA401C2700,46.5,0.0,0.0,0.0,87,44.0,45.0,20,46.5,45.5,0.0,0.0,0.0,0.0,125
2023-05-09 21:29:24,MA401C2700,MA401C2700,46.5,0.0,0.0,0.0,10,44.5,45.5,67,46.5,45.5,0.0,0.0,0.0,0.0,125
2023-05-09 21:29:33,MA401C2700,MA401C2700,46.5,0.0,0.0,0.0,77,44.0,45.0,20,46.5,45.5,0.0,0.0,0.0,0.0,125
2023-05-09 21:29:40,MA401C2700,MA401C2700,46.5,0.0,0.0,0.0,67,44.0,45.0,30,46.5,45.5,0.0,0.0,0.0,0.0,125
2023-05-09 21:29:48,MA401C2700,MA401C2700,46.5,0.0,0.0,0.0,57,44.0,45.0,50,46.5,45.5,0.0,0.0,0.0,0.0,125
2023-05-09 21:29:50,MA401C2700,MA401C2700,46.5,0.0,0.0,0.0,47,44.0,45.0,50,46.5,45.5,0.0,0.0,0.0,0.0,125
2023-05-09 21:29:50,MA401C2700,MA401C2700,46.5,0.0,0.0,0.0,57,44.0,45.0,57,46.5,45.5,0.0,0.0,0.0,0.0,125
2023-05-09 21:29:55,MA401C2700,MA401C2700,46.5,0.0,0.0,0.0,47,44.0,45.0,57,46.5,45.5,0.0,0.0,0.0,0.0,125
2023-05-09 21:29:55,MA401C2700,MA401C2700,46.5,0.0,0.0,0.0,57,44.0,45.0,57,46.5,45.5,0.0,0.0,0.0,0.0,125
2023-05-09 21:29:57,MA401C2700,MA401C2700,46.5,0.0,0.0,0.0,67,44.0,45.0,47,46.5,45.5,0.0,0.0,0.0,0.0,125
2023-05-09 21:29:57,MA401C2700,MA401C2700,46.5,0.0,0.0,0.0,67,44.0,45.0,37,46.5,45.5,0.0,0.0,0.0,0.0,125
2023-05-09 21:29:57,MA401C2700,MA401C2700,46.5,0.0,0.0,0.0,67,44.0,45.0,47,46.5,45.5,0.0,0.0,0.0,0.0,125
2023-05-09 21:30:00,MA401C2700,MA401C2700,46.5,0.0,0.0,0.0,47,44.0,45.0,47,46.5,45.5,0.0,0.0,0.0,0.0,125
2023-05-09 21:30:03,MA401C2700,MA401C2700,46.5,0.0,0.0,0.0,37,44.0,45.0,47,46.5,45.5,0.0,0.0,0.0,0.0,125
2023-05-09 21:30:04,MA401C2700,MA401C2700,46.5,0.0,0.0,0.0,37,44.0,45.0,57,46.5,45.5,0.0,0.0,0.0,0.0,125
2023-05-09 21:30:05,MA401C2700,MA401C2700,46.5,0.0,0.0,0.0,47,44.0,45.0,57,46.5,45.5,0.0,0.0,0.0,0.0,125
2023-05-09 21:30:05,MA401C2700,MA401C2700,46.5,0.0,0.0,0.0,57,44.0,45.0,57,46.5,45.5,0.0,0.0,0.0,0.0,125
2023-05-09 21:30:05,MA401C2700,MA401C2700,46.5,0.0,0.0,0.0,47,44.0,45.0,57,46.5,45.5,0.0,0.0,0.0,0.0,125
2023-05-09 21:30:21,MA401C2700,MA401C2700,46.5,0.0,0.0,0.0,37,44.0,45.0,57,46.5,45.5,0.0,0.0,0.0,0.0,125
2023-05-09 21:30:21,MA401C2700,MA401C2700,46.5,0.0,0.0,0.0,30,44.0,45.0,57,46.5,45.5,0.0,0.0,0.0,0.0,125
2023-05-09 21:30:21,MA401C2700,MA401C2700,46.5,0.0,0.0,0.0,20,44.0,45.0,47,46.5,45.5,0.0,0.0,0.0,0.0,125
2023-05-09 21:30:23,MA401C2700,MA401C2700,46.5,0.0,0.0,0.0,10,44.0,45.0,47,46.5,45.5,0.0,0.0,0.0,0.0,125
2023-05-09 21:30:23,MA401C2700,MA401C2700,46.5,0.0,0.0,0.0,10,44.0,45.0,57,46.5,45.5,0.0,0.0,0.0,0.0,125
2023-05-09 21:30:30,MA401C2700,MA401C2700,46.5,0.0,0.0,0.0,10,44.0,45.0,67,46.5,45.5,0.0,0.0,0.0,0.0,125
2023-05-09 21:30:35,MA401C2700,MA401C2700,46.5,0.0,0.0,0.0,77,43.5,44.5,20,46.5,45.5,0.0,0.0,0.0,0.0,125
2023-05-09 21:30:35,MA401C2700,MA401C2700,46.5,0.0,0.0,0.0,77,43.5,44.5,30,46.5,45.5,0.0,0.0,0.0,0.0,125
2023-05-09 21:30:36,MA401C2700,MA401C2700,46.5,0.0,0.0,0.0,67,43.5,44.5,40,46.5,45.5,0.0,0.0,0.0,0.0,125
2023-05-09 21:30:36,MA401C2700,MA401C2700,46.5,0.0,0.0,0.0,57,43.5,44.5,40,46.5,45.5,0.0,0.0,0.0,0.0,125
2023-05-09 21:30:38,MA401C2700,MA401C2700,46.5,0.0,0.0,0.0,67,43.5,44.5,40,46.5,45.5,0.0,0.0,0.0,0.0,125
2023-05-09 21:30:49,MA401C2700,MA401C2700,46.5,0.0,0.0,0.0,47,43.5,44.5,50,46.5,45.5,0.0,0.0,0.0,0.0,125
2023-05-09 21:30:50,MA401C2700,MA401C2700,46.5,0.0,0.0,0.0,57,43.5,44.5,50,46.5,45.5,0.0,0.0,0.0,0.0,125
2023-05-09 21:30:50,MA401C2700,MA401C2700,46.5,0.0,0.0,0.0,57,43.5,44.5,57,46.5,45.5,0.0,0.0,0.0,0.0,125
2023-05-09 21:30:50,MA401C2700,MA401C2700,46.5,0.0,0.0,0.0,67,43.5,44.5,57,46.5,45.5,0.0,0.0,0.0,0.0,125
2023-05-09 21:31:03,MA401C2700,MA401C2700,46.5,0.0,0.0,0.0,57,43.5,44.5,57,46.5,45.5,0.0,0.0,0.0,0.0,125
2023-05-09 21:31:03,MA401C2700,MA401C2700,46.5,0.0,0.0,0.0,57,43.5,44.5,67,46.5,45.5,0.0,0.0,0.0,0.0,125
2023-05-09 21:31:04,MA401C2700,MA401C2700,46.5,0.0,0.0,0.0,47,43.5,44.5,67,46.5,45.5,0.0,0.0,0.0,0.0,125
2023-05-09 21:31:07,MA401C2700,MA401C2700,46.5,0.0,0.0,0.0,57,43.5,44.5,67,46.5,45.5,0.0,0.0,0.0,0.0,125
2023-05-09 21:31:08,MA401C2700,MA401C2700,46.5,0.0,0.0,0.0,47,43.5,44.5,67,46.5,45.5,0.0,0.0,0.0,0.0,125
2023-05-09 21:31:09,MA401C2700,MA401C2700,46.5,0.0,0.0,0.0,47,43.5,44.5,57,46.5,45.5,0.0,0.0,0.0,0.0,125
2023-05-09 21:31:13,MA401C2700,MA401C2700,46.5,0.0,0.0,0.0,57,43.5,44.5,67,46.5,45.5,0.0,0.0,0.0,0.0,125
2023-05-09 21:31:15,MA401C2700,MA401C2700,46.5,0.0,0.0,0.0,67,43.5,44.5,67,46.5,45.5,0.0,0.0,0.0,0.0,125
2023-05-09 21:31:16,MA401C2700,MA401C2700,46.5,0.0,0.0,0.0,57,43.5,44.5,67,46.5,45.5,0.0,0.0,0.0,0.0,125
2023-05-09 21:31:17,MA401C2700,MA401C2700,46.5,0.0,0.0,0.0,47,43.5,44.5,67,46.5,45.5,0.0,0.0,0.0,0.0,125
2023-05-09 21:31:24,MA401C2700,MA401C2700,46.5,0.0,0.0,0.0,37,43.5,44.5,67,46.5,45.5,0.0,0.0,0.0,0.0,125
2023-05-09 21:31:25,MA401C2700,MA401C2700,46.5,0.0,0.0,0.0,47,43.5,44.5,67,46.5,45.5,0.0,0.0,0.0,0.0,125
2023-05-09 21:31:26,MA401C2700,MA401C2700,46.5,0.0,0.0,0.0,57,43.5,44.5,67,46.5,45.5,0.0,0.0,0.0,0.0,125
2023-05-09 21:31:31,MA401C2700,MA401C2700,46.5,0.0,0.0,0.0,47,43.5,44.5,67,46.5,45.5,0.0,0.0,0.0,0.0,125
2023-05-09 21:31:35,MA401C2700,MA401C2700,46.5,0.0,0.0,0.0,57,43.5,44.5,67,46.5,45.5,0.0,0.0,0.0,0.0,125
2023-05-09 21:31:54,MA401C2700,MA401C2700,46.5,0.0,0.0,0.0,47,43.5,44.5,67,46.5,45.5,0.0,0.0,0.0,0.0,125
2023-05-09 21:31:54,MA401C2700,MA401C2700,46.5,0.0,0.0,0.0,57,43.5,44.5,67,46.5,45.5,0.0,0.0,0.0,0.0,125
2023-05-09 21:31:56,MA401C2700,MA401C2700,46.5,0.0,0.0,0.0,47,43.5,44.5,67,46.5,45.5,0.0,0.0,0.0,0.0,125
2023-05-09 21:31:58,MA401C2700,MA401C2700,46.5,0.0,0.0,0.0,57,43.5,44.5,67,46.5,45.5,0.0,0.0,0.0,0.0,125
2023-05-09 21:32:00,MA401C2700,MA401C2700,46.5,0.0,0.0,0.0,57,43.5,44.5,57,46.5,45.5,0.0,0.0,0.0,0.0,125
2023-05-09 21:32:01,MA401C2700,MA401C2700,46.5,0.0,0.0,0.0,67,43.5,44.5,57,46.5,45.5,0.0,0.0,0.0,0.0,125
2023-05-09 21:32:01,MA401C2700,MA401C2700,46.5,0.0,0.0,0.0,57,43.5,44.5,47,46.5,45.5,0.0,0.0,0.0,0.0,125
2023-05-09 21:32:02,MA401C2700,MA401C2700,46.5,0.0,0.0,0.0,67,43.5,44.5,57,46.5,45.5,0.0,0.0,0.0,0.0,125
2023-05-09 21:32:03,MA401C2700,MA401C2700,46.5,0.0,0.0,0.0,67,43.5,44.5,67,46.5,45.5,0.0,0.0,0.0,0.0,125
2023-05-09 21:32:03,MA401C2700,MA401C2700,46.5,0.0,0.0,0.0,57,43.5,44.5,67,46.5,45.5,0.0,0.0,0.0,0.0,125
2023-05-09 21:32:03,MA401C2700,MA401C2700,46.5,0.0,0.0,0.0,67,43.5,44.5,57,46.5,45.5,0.0,0.0,0.0,0.0,125
2023-05-09 21:32:04,MA401C2700,MA401C2700,46.5,0.0,0.0,0.0,67,43.5,44.5,47,46.5,45.5,0.0,0.0,0.0,0.0,125
2023-05-09 21:32:05,MA401C2700,MA401C2700,46.5,0.0,0.0,0.0,77,43.5,44.5,47,46.5,45.5,0.0,0.0,0.0,0.0,125
2023-05-09 21:32:06,MA401C2700,MA401C2700,46.5,0.0,0.0,0.0,77,43.5,44.5,57,46.5,45.5,0.0,0.0,0.0,0.0,125
2023-05-09 21:32:07,MA401C2700,MA401C2700,46.5,0.0,0.0,0.0,77,43.5,44.5,47,46.5,45.5,0.0,0.0,0.0,0.0,125
2023-05-09 21:32:07,MA401C2700,MA401C2700,46.5,0.0,0.0,0.0,67,43.5,44.5,47,46.5,45.5,0.0,0.0,0.0,0.0,125
2023-05-09 21:32:09,MA401C2700,MA401C2700,46.5,0.0,0.0,0.0,67,43.5,44.5,37,46.5,45.5,0.0,0.0,0.0,0.0,125
2023-05-09 21:32:11,MA401C2700,MA401C2700,46.5,0.0,0.0,0.0,67,43.5,44.5,47,46.5,45.5,0.0,0.0,0.0,0.0,125
2023-05-09 21:32:12,MA401C2700,MA401C2700,46.5,0.0,0.0,0.0,57,43.5,44.5,57,46.5,45.5,0.0,0.0,0.0,0.0,125
2023-05-09 21:32:13,MA401C2700,MA401C2700,46.5,0.0,0.0,0.0,57,43.5,44.5,67,46.5,45.5,0.0,0.0,0.0,0.0,125
2023-05-09 21:32:13,MA401C2700,MA401C2700,46.5,0.0,0.0,0.0,57,43.5,44.5,57,46.5,45.5,0.0,0.0,0.0,0.0,125
2023-05-09 21:32:13,MA401C2700,MA401C2700,46.5,0.0,0.0,0.0,77,43.5,44.5,47,46.5,45.5,0.0,0.0,0.0,0.0,125
2023-05-09 21:32:30,MA401C2700,MA401C2700,46.5,0.0,0.0,0.0,67,43.5,44.5,47,46.5,45.5,0.0,0.0,0.0,0.0,125
2023-05-09 21:32:32,MA401C2700,MA401C2700,46.5,0.0,0.0,0.0,57,43.5,44.5,57,46.5,45.5,0.0,0.0,0.0,0.0,125
2023-05-09 21:32:40,MA401C2700,MA401C2700,46.5,0.0,0.0,0.0,67,43.5,44.5,57,46.5,45.5,0.0,0.0,0.0,0.0,125
2023-05-09 21:32:50,MA401C2700,MA401C2700,46.5,0.0,0.0,0.0,57,43.5,44.5,57,46.5,45.5,0.0,0.0,0.0,0.0,125
2023-05-09 21:32:50,MA401C2700,MA401C2700,46.5,0.0,0.0,0.0,67,43.5,44.5,57,46.5,45.5,0.0,0.0,0.0,0.0,125
2023-05-09 21:32:54,MA401C2700,MA401C2700,46.5,0.0,0.0,0.0,57,43.5,44.5,57,46.5,45.5,0.0,0.0,0.0,0.0,125
2023-05-09 21:33:01,MA401C2700,MA401C2700,46.5,0.0,0.0,0.0,67,43.5,44.5,57,46.5,45.5,0.0,0.0,0.0,0.0,125
2023-05-09 21:33:15,MA401C2700,MA401C2700,46.5,0.0,0.0,0.0,57,43.5,44.5,57,46.5,45.5,0.0,0.0,0.0,0.0,125
2023-05-09 21:33:16,MA401C2700,MA401C2700,46.5,0.0,0.0,0.0,67,43.5,44.5,57,46.5,45.5,0.0,0.0,0.0,0.0,125
2023-05-09 21:33:17,MA401C2700,MA401C2700,46.5,0.0,0.0,0.0,67,43.5,44.5,50,46.5,45.5,0.0,0.0,0.0,0.0,125
2023-05-09 21:33:17,MA401C2700,MA401C2700,46.5,0.0,0.0,0.0,10,44.0,44.5,30,46.5,45.5,0.0,0.0,0.0,0.0,125
2023-05-09 21:33:18,MA401C2700,MA401C2700,46.5,0.0,0.0,0.0,20,44.0,44.5,10,46.5,45.5,0.0,0.0,0.0,0.0,125
2023-05-09 21:33:19,MA401C2700,MA401C2700,46.5,0.0,0.0,0.0,20,44.0,45.0,67,46.5,45.5,0.0,0.0,0.0,0.0,125
2023-05-09 21:33:19,MA401C2700,MA401C2700,46.5,0.0,0.0,0.0,30,44.0,45.0,77,46.5,45.5,0.0,0.0,0.0,0.0,125
2023-05-09 21:33:21,MA401C2700,MA401C2700,46.5,0.0,0.0,0.0,30,44.0,45.0,87,46.5,45.5,0.0,0.0,0.0,0.0,125
2023-05-09 21:33:22,MA401C2700,MA401C2700,46.5,0.0,0.0,0.0,30,44.0,45.0,77,46.5,45.5,0.0,0.0,0.0,0.0,125
2023-05-09 21:33:22,MA401C2700,MA401C2700,46.5,0.0,0.0,0.0,30,44.0,45.0,87,46.5,45.5,0.0,0.0,0.0,0.0,125
2023-05-09 21:33:26,MA401C2700,MA401C2700,46.5,0.0,0.0,0.0,30,44.0,45.0,77,46.5,45.5,0.0,0.0,0.0,0.0,125
2023-05-09 21:33:27,MA401C2700,MA401C2700,46.5,0.0,0.0,0.0,30,44.0,45.0,67,46.5,45.5,0.0,0.0,0.0,0.0,125
2023-05-09 21:33:28,MA401C2700,MA401C2700,46.5,0.0,0.0,0.0,30,44.0,45.0,47,46.5,45.5,0.0,0.0,0.0,0.0,125
2023-05-09 21:33:29,MA401C2700,MA401C2700,46.5,0.0,0.0,0.0,37,44.0,45.0,47,46.5,45.5,0.0,0.0,0.0,0.0,125
2023-05-09 21:33:30,MA401C2700,MA401C2700,46.5,0.0,0.0,0.0,47,44.0,45.0,47,46.5,45.5,0.0,0.0,0.0,0.0,125
2023-05-09 21:33:43,MA401C2700,MA401C2700,46.5,0.0,0.0,0.0,47,44.0,45.0,57,46.5,45.5,0.0,0.0,0.0,0.0,125
2023-05-09 21:33:52,MA401C2700,MA401C2700,46.5,0.0,0.0,0.0,67,44.0,45.0,37,46.5,45.5,0.0,0.0,0.0,0.0,125
2023-05-09 21:33:52,MA401C2700,MA401C2700,46.5,0.0,0.0,0.0,67,44.0,45.0,27,46.5,45.5,0.0,0.0,0.0,0.0,125
2023-05-09 21:33:53,MA401C2700,MA401C2700,46.5,0.0,0.0,0.0,67,44.0,45.0,37,46.5,45.5,0.0,0.0,0.0,0.0,125
2023-05-09 21:33:54,MA401C2700,MA401C2700,46.5,0.0,0.0,0.0,10,44.5,45.0,10,46.5,45.5,0.0,0.0,0.0,0.0,125
2023-05-09 21:33:57,MA401C2700,MA401C2700,46.5,0.0,0.0,0.0,20,44.5,45.5,77,46.5,45.5,0.0,0.0,0.0,0.0,125
2023-05-09 21:33:59,MA401C2700,MA401C2700,46.5,0.0,0.0,0.0,87,44.0,45.0,20,46.5,45.5,0.0,0.0,0.0,0.0,125
2023-05-09 21:34:00,MA401C2700,MA401C2700,46.5,0.0,0.0,0.0,77,44.0,45.0,30,46.5,45.5,0.0,0.0,0.0,0.0,125
2023-05-09 21:34:00,MA401C2700,MA401C2700,46.5,0.0,0.0,0.0,87,44.0,45.0,30,46.5,45.5,0.0,0.0,0.0,0.0,125
2023-05-09 21:34:03,MA401C2700,MA401C2700,46.5,0.0,0.0,0.0,20,44.5,45.5,67,46.5,45.5,0.0,0.0,0.0,0.0,125
2023-05-09 21:34:03,MA401C2700,MA401C2700,46.5,0.0,0.0,0.0,30,44.5,45.5,77,46.5,45.5,0.0,0.0,0.0,0.0,125
2023-05-09 21:34:24,MA401C2700,MA401C2700,46.5,0.0,0.0,0.0,20,44.5,45.5,67,46.5,45.5,0.0,0.0,0.0,0.0,125
2023-05-09 21:34:26,MA401C2700,MA401C2700,46.5,0.0,0.0,0.0,30,44.5,45.5,67,46.5,45.5,0.0,0.0,0.0,0.0,125
2023-05-09 21:34:27,MA401C2700,MA401C2700,46.5,0.0,0.0,0.0,20,44.5,45.5,67,46.5,45.5,0.0,0.0,0.0,0.0,125
2023-05-09 21:34:28,MA401C2700,MA401C2700,46.5,0.0,0.0,0.0,30,44.5,45.5,67,46.5,45.5,0.0,0.0,0.0,0.0,125
2023-05-09 21:34:33,MA401C2700,MA401C2700,46.5,0.0,0.0,0.0,30,44.5,45.5,77,46.5,45.5,0.0,0.0,0.0,0.0,125
2023-05-09 21:34:36,MA401C2700,MA401C2700,46.5,0.0,0.0,0.0,30,44.5,45.5,67,46.5,45.5,0.0,0.0,0.0,0.0,125
2023-05-09 21:34:54,MA401C2700,MA401C2700,46.5,0.0,0.0,0.0,30,44.5,45.5,77,46.5,45.5,0.0,0.0,0.0,0.0,125
2023-05-09 21:35:03,MA401C2700,MA401C2700,46.5,0.0,0.0,0.0,30,44.5,45.5,67,46.5,45.5,0.0,0.0,0.0,0.0,125
2023-05-09 21:35:03,MA401C2700,MA401C2700,46.5,0.0,0.0,0.0,40,44.5,45.5,67,46.5,45.5,0.0,0.0,0.0,0.0,125
2023-05-09 21:35:04,MA401C2700,MA401C2700,46.5,0.0,0.0,0.0,30,44.5,45.5,67,46.5,45.5,0.0,0.0,0.0,0.0,125
2023-05-09 21:35:06,MA401C2700,MA401C2700,46.5,0.0,0.0,0.0,40,44.5,45.5,67,46.5,45.5,0.0,0.0,0.0,0.0,125
2023-05-09 21:35:58,MA401C2700,MA401C2700,46.5,0.0,0.0,0.0,30,44.5,45.5,67,46.5,45.5,0.0,0.0,0.0,0.0,125
2023-05-09 21:35:59,MA401C2700,MA401C2700,46.5,0.0,0.0,0.0,40,44.5,45.5,67,46.5,45.5,0.0,0.0,0.0,0.0,125
2023-05-09 21:36:14,MA401C2700,MA401C2700,46.5,0.0,0.0,0.0,37,44.5,45.5,67,46.5,45.5,0.0,0.0,0.0,0.0,125
2023-05-09 21:36:14,MA401C2700,MA401C2700,46.5,0.0,0.0,0.0,57,44.5,45.5,67,46.5,45.5,0.0,0.0,0.0,0.0,125
2023-05-09 21:36:15,MA401C2700,MA401C2700,46.5,0.0,0.0,0.0,57,44.5,45.5,57,46.5,45.5,0.0,0.0,0.0,0.0,125
2023-05-09 21:36:17,MA401C2700,MA401C2700,46.5,0.0,0.0,0.0,57,44.5,45.5,67,46.5,45.5,0.0,0.0,0.0,0.0,125
2023-05-09 21:36:19,MA401C2700,MA401C2700,46.5,0.0,0.0,0.0,47,44.5,45.5,67,46.5,45.5,0.0,0.0,0.0,0.0,125
2023-05-09 21:36:24,MA401C2700,MA401C2700,46.5,0.0,0.0,0.0,57,44.5,45.5,67,46.5,45.5,0.0,0.0,0.0,0.0,125
2023-05-09 21:36:25,MA401C2700,MA401C2700,46.5,0.0,0.0,0.0,57,44.5,45.5,57,46.5,45.5,0.0,0.0,0.0,0.0,125
2023-05-09 21:36:27,MA401C2700,MA401C2700,46.5,0.0,0.0,0.0,57,44.5,45.5,47,46.5,45.5,0.0,0.0,0.0,0.0,125
2023-05-09 21:36:28,MA401C2700,MA401C2700,46.5,0.0,0.0,0.0,67,44.5,45.5,47,46.5,45.5,0.0,0.0,0.0,0.0,125
2023-05-09 21:36:31,MA401C2700,MA401C2700,46.5,0.0,0.0,0.0,67,44.5,45.5,57,46.5,45.5,0.0,0.0,0.0,0.0,125
2023-05-09 21:36:32,MA401C2700,MA401C2700,46.5,0.0,0.0,0.0,67,44.5,45.5,67,46.5,45.5,0.0,0.0,0.0,0.0,125
2023-05-09 21:36:39,MA401C2700,MA401C2700,46.5,0.0,0.0,0.0,67,44.5,45.5,57,46.5,45.5,0.0,0.0,0.0,0.0,125
2023-05-09 21:36:42,MA401C2700,MA401C2700,46.5,0.0,0.0,0.0,67,44.5,45.5,67,46.5,45.5,0.0,0.0,0.0,0.0,125
2023-05-09 21:37:03,MA401C2700,MA401C2700,46.5,0.0,0.0,0.0,67,44.5,45.5,57,46.5,45.5,0.0,0.0,0.0,0.0,125
2023-05-09 21:37:08,MA401C2700,MA401C2700,46.5,0.0,0.0,0.0,67,44.5,45.5,47,46.5,45.5,0.0,0.0,0.0,0.0,125
2023-05-09 21:37:16,MA401C2700,MA401C2700,46.5,0.0,0.0,0.0,67,44.5,45.5,57,46.5,45.5,0.0,0.0,0.0,0.0,125
2023-05-09 21:37:22,MA401C2700,MA401C2700,46.5,0.0,0.0,0.0,67,44.5,45.5,47,46.5,45.5,0.0,0.0,0.0,0.0,125
2023-05-09 21:37:24,MA401C2700,MA401C2700,46.5,0.0,0.0,0.0,57,44.5,45.5,47,46.5,45.5,0.0,0.0,0.0,0.0,125
2023-05-09 21:37:25,MA401C2700,MA401C2700,46.5,0.0,0.0,0.0,67,44.5,45.5,47,46.5,45.5,0.0,0.0,0.0,0.0,125
2023-05-09 21:37:29,MA401C2700,MA401C2700,46.5,0.0,0.0,0.0,67,44.5,45.5,67,46.5,45.5,0.0,0.0,0.0,0.0,125
2023-05-09 21:37:29,MA401C2700,MA401C2700,46.5,0.0,0.0,0.0,67,44.5,45.5,57,46.5,45.5,0.0,0.0,0.0,0.0,125
2023-05-09 21:37:33,MA401C2700,MA401C2700,46.5,0.0,0.0,0.0,67,44.5,45.5,67,46.5,45.5,0.0,0.0,0.0,0.0,125
2023-05-09 21:37:35,MA401C2700,MA401C2700,46.5,0.0,0.0,0.0,77,44.5,45.5,67,46.5,45.5,0.0,0.0,0.0,0.0,125
2023-05-09 21:37:36,MA401C2700,MA401C2700,46.5,0.0,0.0,0.0,77,44.5,45.5,57,46.5,45.5,0.0,0.0,0.0,0.0,125
2023-05-09 21:37:38,MA401C2700,MA401C2700,46.5,0.0,0.0,0.0,67,44.5,45.5,67,46.5,45.5,0.0,0.0,0.0,0.0,125
2023-05-09 21:37:38,MA401C2700,MA401C2700,46.5,0.0,0.0,0.0,57,44.5,45.5,67,46.5,45.5,0.0,0.0,0.0,0.0,125
2023-05-09 21:37:58,MA401C2700,MA401C2700,46.5,0.0,0.0,0.0,67,44.5,45.5,57,46.5,45.5,0.0,0.0,0.0,0.0,125
2023-05-09 21:38:04,MA401C2700,MA401C2700,46.5,0.0,0.0,0.0,57,44.5,45.5,57,46.5,45.5,0.0,0.0,0.0,0.0,125
2023-05-09 21:38:16,MA401C2700,MA401C2700,46.5,0.0,0.0,0.0,67,44.5,45.5,57,46.5,45.5,0.0,0.0,0.0,0.0,125
2023-05-09 21:38:17,MA401C2700,MA401C2700,46.5,0.0,0.0,0.0,57,44.5,45.5,57,46.5,45.5,0.0,0.0,0.0,0.0,125
2023-05-09 21:38:18,MA401C2700,MA401C2700,46.5,0.0,0.0,0.0,67,44.5,45.5,57,46.5,45.5,0.0,0.0,0.0,0.0,125
2023-05-09 21:38:19,MA401C2700,MA401C2700,46.5,0.0,0.0,0.0,57,44.5,45.5,47,46.5,45.5,0.0,0.0,0.0,0.0,125
2023-05-09 21:38:19,MA401C2700,MA401C2700,46.5,0.0,0.0,0.0,57,44.5,45.5,57,46.5,45.5,0.0,0.0,0.0,0.0,125
2023-05-09 21:38:44,MA401C2700,MA401C2700,46.5,0.0,0.0,0.0,47,44.5,45.5,57,46.5,45.5,0.0,0.0,0.0,0.0,125
2023-05-09 21:38:47,MA401C2700,MA401C2700,46.5,0.0,0.0,0.0,47,44.5,45.5,67,46.5,45.5,0.0,0.0,0.0,0.0,125
2023-05-09 21:39:27,MA401C2700,MA401C2700,46.5,0.0,0.0,0.0,37,44.5,45.5,67,46.5,45.5,0.0,0.0,0.0,0.0,125
2023-05-09 21:39:27,MA401C2700,MA401C2700,46.5,0.0,0.0,0.0,47,44.5,45.5,67,46.5,45.5,0.0,0.0,0.0,0.0,125
2023-05-09 21:39:34,MA401C2700,MA401C2700,46.5,0.0,0.0,0.0,57,44.5,45.5,67,46.5,45.5,0.0,0.0,0.0,0.0,125
2023-05-09 21:39:51,MA401C2700,MA401C2700,46.5,0.0,0.0,0.0,47,44.5,45.5,67,46.5,45.5,0.0,0.0,0.0,0.0,125
2023-05-09 21:39:51,MA401C2700,MA401C2700,46.5,0.0,0.0,0.0,37,44.5,45.5,67,46.5,45.5,0.0,0.0,0.0,0.0,125
2023-05-09 21:39:53,MA401C2700,MA401C2700,46.5,0.0,0.0,0.0,47,44.5,45.5,67,46.5,45.5,0.0,0.0,0.0,0.0,125
2023-05-09 21:40:02,MA401C2700,MA401C2700,46.5,0.0,0.0,0.0,57,44.5,45.5,67,46.5,45.5,0.0,0.0,0.0,0.0,125
2023-05-09 21:40:16,MA401C2700,MA401C2700,46.5,0.0,0.0,0.0,47,44.5,45.5,67,46.5,45.5,0.0,0.0,0.0,0.0,125
2023-05-09 21:40:16,MA401C2700,MA401C2700,46.5,0.0,0.0,0.0,57,44.5,45.5,67,46.5,45.5,0.0,0.0,0.0,0.0,125
2023-05-09 21:40:18,MA401C2700,MA401C2700,46.5,0.0,0.0,0.0,47,44.5,45.5,67,46.5,45.5,0.0,0.0,0.0,0.0,125
2023-05-09 21:40:20,MA401C2700,MA401C2700,46.5,0.0,0.0,0.0,57,44.5,45.5,67,46.5,45.5,0.0,0.0,0.0,0.0,125
2023-05-09 21:40:21,MA401C2700,MA401C2700,46.5,0.0,0.0,0.0,47,44.5,45.5,67,46.5,45.5,0.0,0.0,0.0,0.0,125
2023-05-09 21:40:56,MA401C2700,MA401C2700,46.5,0.0,0.0,0.0,30,44.5,45.5,67,46.5,45.5,0.0,0.0,0.0,0.0,125
2023-05-09 21:40:57,MA401C2700,MA401C2700,46.5,0.0,0.0,0.0,20,44.5,45.5,67,46.5,45.5,0.0,0.0,0.0,0.0,125
2023-05-09 21:41:01,MA401C2700,MA401C2700,46.5,0.0,0.0,0.0,10,44.5,45.5,67,46.5,45.5,0.0,0.0,0.0,0.0,125
2023-05-09 21:41:02,MA401C2700,MA401C2700,46.5,0.0,0.0,0.0,20,44.5,45.5,67,46.5,45.5,0.0,0.0,0.0,0.0,125
2023-05-09 21:41:02,MA401C2700,MA401C2700,46.5,0.0,0.0,0.0,30,44.5,45.5,67,46.5,45.5,0.0,0.0,0.0,0.0,125
2023-05-09 21:41:11,MA401C2700,MA401C2700,46.5,0.0,0.0,0.0,20,44.5,45.5,67,46.5,45.5,0.0,0.0,0.0,0.0,125
2023-05-09 21:41:14,MA401C2700,MA401C2700,46.5,0.0,0.0,0.0,87,44.0,45.0,20,46.5,45.5,0.0,0.0,0.0,0.0,125
2023-05-09 21:41:14,MA401C2700,MA401C2700,46.5,0.0,0.0,0.0,67,44.0,45.0,40,46.5,45.5,0.0,0.0,0.0,0.0,125
2023-05-09 21:41:15,MA401C2700,MA401C2700,46.5,0.0,0.0,0.0,67,44.0,45.0,50,46.5,45.5,0.0,0.0,0.0,0.0,125
2023-05-09 21:41:15,MA401C2700,MA401C2700,46.5,0.0,0.0,0.0,57,44.0,45.0,50,46.5,45.5,0.0,0.0,0.0,0.0,125
2023-05-09 21:41:16,MA401C2700,MA401C2700,46.5,0.0,0.0,0.0,67,44.0,45.0,50,46.5,45.5,0.0,0.0,0.0,0.0,125
2023-05-09 21:41:18,MA401C2700,MA401C2700,46.5,0.0,0.0,0.0,77,44.0,45.0,50,46.5,45.5,0.0,0.0,0.0,0.0,125
2023-05-09 21:41:19,MA401C2700,MA401C2700,46.5,0.0,0.0,0.0,67,44.0,45.0,60,46.5,45.5,0.0,0.0,0.0,0.0,125
2023-05-09 21:41:21,MA401C2700,MA401C2700,46.5,0.0,0.0,0.0,77,44.0,45.0,50,46.5,45.5,0.0,0.0,0.0,0.0,125
2023-05-09 21:41:22,MA401C2700,MA401C2700,46.5,0.0,0.0,0.0,77,44.0,45.0,60,46.5,45.5,0.0,0.0,0.0,0.0,125
2023-05-09 21:41:23,MA401C2700,MA401C2700,46.5,0.0,0.0,0.0,77,44.0,45.0,40,46.5,45.5,0.0,0.0,0.0,0.0,125
2023-05-09 21:41:30,MA401C2700,MA401C2700,46.5,0.0,0.0,0.0,77,44.0,45.0,50,46.5,45.5,0.0,0.0,0.0,0.0,125
2023-05-09 21:41:31,MA401C2700,MA401C2700,46.5,0.0,0.0,0.0,77,44.0,45.0,40,46.5,45.5,0.0,0.0,0.0,0.0,125
2023-05-09 21:41:32,MA401C2700,MA401C2700,46.5,0.0,0.0,0.0,67,44.0,45.0,50,46.5,45.5,0.0,0.0,0.0,0.0,125
2023-05-09 21:41:35,MA401C2700,MA401C2700,46.5,0.0,0.0,0.0,67,44.0,45.0,60,46.5,45.5,0.0,0.0,0.0,0.0,125
2023-05-09 21:41:49,MA401C2700,MA401C2700,46.5,0.0,0.0,0.0,67,44.0,45.0,50,46.5,45.5,0.0,0.0,0.0,0.0,125
2023-05-09 21:41:49,MA401C2700,MA401C2700,46.5,0.0,0.0,0.0,67,44.0,45.0,60,46.5,45.5,0.0,0.0,0.0,0.0,125
2023-05-09 21:41:50,MA401C2700,MA401C2700,46.5,0.0,0.0,0.0,67,44.0,45.0,50,46.5,45.5,0.0,0.0,0.0,0.0,125
2023-05-09 21:41:55,MA401C2700,MA401C2700,46.5,0.0,0.0,0.0,10,44.5,45.0,10,46.5,45.5,0.0,0.0,0.0,0.0,125
2023-05-09 21:41:56,MA401C2700,MA401C2700,46.5,0.0,0.0,0.0,10,44.5,45.5,77,46.5,45.5,0.0,0.0,0.0,0.0,125
2023-05-09 21:41:56,MA401C2700,MA401C2700,46.5,0.0,0.0,0.0,10,44.5,45.5,67,46.5,45.5,0.0,0.0,0.0,0.0,125
2023-05-09 21:41:57,MA401C2700,MA401C2700,46.5,0.0,0.0,0.0,10,44.5,45.5,87,46.5,45.5,0.0,0.0,0.0,0.0,125
2023-05-09 21:42:06,MA401C2700,MA401C2700,46.5,0.0,0.0,0.0,87,44.0,45.0,20,46.5,45.5,0.0,0.0,0.0,0.0,125
2023-05-09 21:42:11,MA401C2700,MA401C2700,46.5,0.0,0.0,0.0,20,44.5,45.0,10,46.5,45.5,0.0,0.0,0.0,0.0,125
2023-05-09 21:42:11,MA401C2700,MA401C2700,46.5,0.0,0.0,0.0,20,44.5,45.5,47,46.5,45.5,0.0,0.0,0.0,0.0,125
2023-05-09 21:42:12,MA401C2700,MA401C2700,46.5,0.0,0.0,0.0,20,44.5,45.5,57,46.5,45.5,0.0,0.0,0.0,0.0,125
2023-05-09 21:42:13,MA401C2700,MA401C2700,46.5,0.0,0.0,0.0,20,44.5,45.5,67,46.5,45.5,0.0,0.0,0.0,0.0,125
2023-05-09 21:42:14,MA401C2700,MA401C2700,46.5,0.0,0.0,0.0,30,44.5,45.5,67,46.5,45.5,0.0,0.0,0.0,0.0,125
2023-05-09 21:42:14,MA401C2700,MA401C2700,46.5,0.0,0.0,0.0,37,44.5,45.5,67,46.5,45.5,0.0,0.0,0.0,0.0,125
2023-05-09 21:42:16,MA401C2700,MA401C2700,46.5,0.0,0.0,0.0,47,44.5,45.5,57,46.5,45.5,0.0,0.0,0.0,0.0,125
2023-05-09 21:42:17,MA401C2700,MA401C2700,46.5,0.0,0.0,0.0,37,44.5,45.5,57,46.5,45.5,0.0,0.0,0.0,0.0,125
2023-05-09 21:42:18,MA401C2700,MA401C2700,46.5,0.0,0.0,0.0,47,44.5,45.5,57,46.5,45.5,0.0,0.0,0.0,0.0,125
2023-05-09 21:42:19,MA401C2700,MA401C2700,46.5,0.0,0.0,0.0,37,44.5,45.5,57,46.5,45.5,0.0,0.0,0.0,0.0,125
2023-05-09 21:42:24,MA401C2700,MA401C2700,46.5,0.0,0.0,0.0,27,44.5,45.5,57,46.5,45.5,0.0,0.0,0.0,0.0,125
2023-05-09 21:42:26,MA401C2700,MA401C2700,46.5,0.0,0.0,0.0,47,44.5,45.5,57,46.5,45.5,0.0,0.0,0.0,0.0,125
2023-05-09 21:42:31,MA401C2700,MA401C2700,46.5,0.0,0.0,0.0,67,44.5,45.5,57,46.5,45.5,0.0,0.0,0.0,0.0,125
2023-05-09 21:42:36,MA401C2700,MA401C2700,46.5,0.0,0.0,0.0,67,44.5,45.5,47,46.5,45.5,0.0,0.0,0.0,0.0,125
2023-05-09 21:42:39,MA401C2700,MA401C2700,46.5,0.0,0.0,0.0,77,44.5,45.5,37,46.5,45.5,0.0,0.0,0.0,0.0,125
2023-05-09 21:42:43,MA401C2700,MA401C2700,46.5,0.0,0.0,0.0,77,44.5,45.5,27,46.5,45.5,0.0,0.0,0.0,0.0,125
2023-05-09 21:42:45,MA401C2700,MA401C2700,46.5,0.0,0.0,0.0,77,44.5,45.5,37,46.5,45.5,0.0,0.0,0.0,0.0,125
2023-05-09 21:42:45,MA401C2700,MA401C2700,46.5,0.0,0.0,0.0,67,44.5,45.5,27,46.5,45.5,0.0,0.0,0.0,0.0,125
2023-05-09 21:42:46,MA401C2700,MA401C2700,46.5,0.0,0.0,0.0,77,44.5,45.5,27,46.5,45.5,0.0,0.0,0.0,0.0,125
2023-05-09 21:42:50,MA401C2700,MA401C2700,46.5,0.0,0.0,0.0,20,45.0,45.5,17,46.5,45.5,0.0,0.0,0.0,0.0,125
2023-05-09 21:42:51,MA401C2700,MA401C2700,46.5,0.0,0.0,0.0,20,45.0,45.5,10,46.5,45.5,0.0,0.0,0.0,0.0,125
2023-05-09 21:42:53,MA401C2700,MA401C2700,46.5,0.0,0.0,0.0,10,45.0,46.0,60,46.5,45.5,0.0,0.0,0.0,0.0,125
2023-05-09 21:42:54,MA401C2700,MA401C2700,46.5,0.0,0.0,0.0,10,45.0,46.0,70,46.5,45.5,0.0,0.0,0.0,0.0,125
2023-05-09 21:42:55,MA401C2700,MA401C2700,46.5,0.0,0.0,0.0,10,45.0,46.0,77,46.5,45.5,0.0,0.0,0.0,0.0,125
2023-05-09 21:42:55,MA401C2700,MA401C2700,46.5,0.0,0.0,0.0,20,45.0,46.0,77,46.5,45.5,0.0,0.0,0.0,0.0,125
2023-05-09 21:43:06,MA401C2700,MA401C2700,46.5,0.0,0.0,0.0,10,45.0,45.5,10,46.5,45.5,0.0,0.0,0.0,0.0,125
2023-05-09 21:43:07,MA401C2700,MA401C2700,46.5,0.0,0.0,0.0,10,45.0,46.0,67,46.5,45.5,0.0,0.0,0.0,0.0,125
2023-05-09 21:43:08,MA401C2700,MA401C2700,46.5,0.0,0.0,0.0,20,45.0,46.0,67,46.5,45.5,0.0,0.0,0.0,0.0,125
2023-05-09 21:43:16,MA401C2700,MA401C2700,46.5,0.0,0.0,0.0,20,45.0,46.0,77,46.5,45.5,0.0,0.0,0.0,0.0,125
2023-05-09 21:43:18,MA401C2700,MA401C2700,46.5,0.0,0.0,0.0,10,45.0,45.5,10,46.5,45.5,0.0,0.0,0.0,0.0,125
2023-05-09 21:43:19,MA401C2700,MA401C2700,46.5,0.0,0.0,0.0,87,44.5,45.5,20,46.5,45.5,0.0,0.0,0.0,0.0,125
2023-05-09 21:43:20,MA401C2700,MA401C2700,46.5,0.0,0.0,0.0,87,44.5,45.5,30,46.5,45.5,0.0,0.0,0.0,0.0,125
2023-05-09 21:43:20,MA401C2700,MA401C2700,46.5,0.0,0.0,0.0,10,45.0,45.5,20,46.5,45.5,0.0,0.0,0.0,0.0,125
2023-05-09 21:43:21,MA401C2700,MA401C2700,46.5,0.0,0.0,0.0,10,45.0,46.0,67,46.5,45.5,0.0,0.0,0.0,0.0,125
2023-05-09 21:43:21,MA401C2700,MA401C2700,46.5,0.0,0.0,0.0,10,45.0,46.0,77,46.5,45.5,0.0,0.0,0.0,0.0,125
2023-05-09 21:43:22,MA401C2700,MA401C2700,46.5,0.0,0.0,0.0,20,45.0,46.0,77,46.5,45.5,0.0,0.0,0.0,0.0,125
2023-05-09 21:43:22,MA401C2700,MA401C2700,46.5,0.0,0.0,0.0,10,45.0,45.5,10,46.5,45.5,0.0,0.0,0.0,0.0,125
2023-05-09 21:43:23,MA401C2700,MA401C2700,46.5,0.0,0.0,0.0,87,44.5,45.5,30,46.5,45.5,0.0,0.0,0.0,0.0,125
2023-05-09 21:43:24,MA401C2700,MA401C2700,46.5,0.0,0.0,0.0,10,45.0,45.5,10,46.5,45.5,0.0,0.0,0.0,0.0,125
2023-05-09 21:43:24,MA401C2700,MA401C2700,46.5,0.0,0.0,0.0,10,45.0,46.0,77,46.5,45.5,0.0,0.0,0.0,0.0,125
2023-05-09 21:43:27,MA401C2700,MA401C2700,46.5,0.0,0.0,0.0,20,45.0,46.0,77,46.5,45.5,0.0,0.0,0.0,0.0,125
2023-05-09 21:43:28,MA401C2700,MA401C2700,46.5,0.0,0.0,0.0,20,45.0,46.0,67,46.5,45.5,0.0,0.0,0.0,0.0,125
2023-05-09 21:43:28,MA401C2700,MA401C2700,46.5,0.0,0.0,0.0,97,44.5,45.5,20,46.5,45.5,0.0,0.0,0.0,0.0,125
2023-05-09 21:43:29,MA401C2700,MA401C2700,46.5,0.0,0.0,0.0,87,44.5,45.5,30,46.5,45.5,0.0,0.0,0.0,0.0,125
2023-05-09 21:43:35,MA401C2700,MA401C2700,46.5,0.0,0.0,0.0,87,44.5,45.5,40,46.5,45.5,0.0,0.0,0.0,0.0,125
2023-05-09 21:43:39,MA401C2700,MA401C2700,46.5,0.0,0.0,0.0,87,44.5,45.5,30,46.5,45.5,0.0,0.0,0.0,0.0,125
2023-05-09 21:43:41,MA401C2700,MA401C2700,46.5,0.0,0.0,0.0,10,45.0,45.5,20,46.5,45.5,0.0,0.0,0.0,0.0,125
2023-05-09 21:43:42,MA401C2700,MA401C2700,46.5,0.0,0.0,0.0,10,45.0,46.0,57,46.5,45.5,0.0,0.0,0.0,0.0,125
2023-05-09 21:43:42,MA401C2700,MA401C2700,46.5,0.0,0.0,0.0,20,45.0,46.0,67,46.5,45.5,0.0,0.0,0.0,0.0,125
2023-05-09 21:44:06,MA401C2700,MA401C2700,46.5,0.0,0.0,0.0,30,45.0,46.0,67,46.5,45.5,0.0,0.0,0.0,0.0,125
2023-05-09 21:44:47,MA401C2700,MA401C2700,46.5,0.0,0.0,0.0,20,45.0,46.0,67,46.5,45.5,0.0,0.0,0.0,0.0,125
2023-05-09 21:45:17,MA401C2700,MA401C2700,46.5,0.0,0.0,0.0,10,45.0,45.5,10,46.5,45.5,0.0,0.0,0.0,0.0,125
2023-05-09 21:45:17,MA401C2700,MA401C2700,46.5,0.0,0.0,0.0,87,44.5,45.5,40,46.5,45.5,0.0,0.0,0.0,0.0,125
2023-05-09 21:45:27,MA401C2700,MA401C2700,46.5,0.0,0.0,0.0,77,44.5,45.5,40,46.5,45.5,0.0,0.0,0.0,0.0,125
2023-05-09 21:45:32,MA401C2700,MA401C2700,46.5,0.0,0.0,0.0,77,44.5,45.5,30,46.5,45.5,0.0,0.0,0.0,0.0,125
2023-05-09 21:45:38,MA401C2700,MA401C2700,46.5,0.0,0.0,0.0,10,45.0,45.5,20,46.5,45.5,0.0,0.0,0.0,0.0,125
2023-05-09 21:45:39,MA401C2700,MA401C2700,46.5,0.0,0.0,0.0,10,45.0,46.0,57,46.5,45.5,0.0,0.0,0.0,0.0,125
2023-05-09 21:45:40,MA401C2700,MA401C2700,46.5,0.0,0.0,0.0,10,45.0,46.0,67,46.5,45.5,0.0,0.0,0.0,0.0,125
2023-05-09 21:45:42,MA401C2700,MA401C2700,46.5,0.0,0.0,0.0,10,45.0,46.0,77,46.5,45.5,0.0,0.0,0.0,0.0,125
2023-05-09 21:45:43,MA401C2700,MA401C2700,46.5,0.0,0.0,0.0,10,45.0,46.0,87,46.5,45.5,0.0,0.0,0.0,0.0,125
2023-05-09 21:45:45,MA401C2700,MA401C2700,46.5,0.0,0.0,0.0,10,45.0,46.0,77,46.5,45.5,0.0,0.0,0.0,0.0,125
2023-05-09 21:45:52,MA401C2700,MA401C2700,46.5,0.0,0.0,0.0,20,45.0,46.0,77,46.5,45.5,0.0,0.0,0.0,0.0,125
2023-05-09 21:45:55,MA401C2700,MA401C2700,46.5,0.0,0.0,0.0,10,45.0,45.5,10,46.5,45.5,0.0,0.0,0.0,0.0,125
2023-05-09 21:45:55,MA401C2700,MA401C2700,46.5,0.0,0.0,0.0,87,44.5,45.5,20,46.5,45.5,0.0,0.0,0.0,0.0,125
2023-05-09 21:46:04,MA401C2700,MA401C2700,46.5,0.0,0.0,0.0,77,44.5,45.5,20,46.5,45.5,0.0,0.0,0.0,0.0,125
2023-05-09 21:46:11,MA401C2700,MA401C2700,46.5,0.0,0.0,0.0,20,45.0,46.0,77,46.5,45.5,0.0,0.0,0.0,0.0,125
2023-05-09 21:46:11,MA401C2700,MA401C2700,46.5,0.0,0.0,0.0,20,45.0,46.0,87,46.5,45.5,0.0,0.0,0.0,0.0,125
2023-05-09 21:46:18,MA401C2700,MA401C2700,46.5,0.0,0.0,0.0,20,45.0,46.0,97,46.5,45.5,0.0,0.0,0.0,0.0,125
2023-05-09 21:46:40,MA401C2700,MA401C2700,46.5,0.0,0.0,0.0,87,44.5,45.5,10,46.5,45.5,0.0,0.0,0.0,0.0,125
2023-05-09 21:46:40,MA401C2700,MA401C2700,46.5,0.0,0.0,0.0,57,44.5,45.5,30,46.5,45.5,0.0,0.0,0.0,0.0,125
2023-05-09 21:46:42,MA401C2700,MA401C2700,46.5,0.0,0.0,0.0,47,44.5,45.5,30,46.5,45.5,0.0,0.0,0.0,0.0,125
2023-05-09 21:46:42,MA401C2700,MA401C2700,46.5,0.0,0.0,0.0,57,44.5,45.5,40,46.5,45.5,0.0,0.0,0.0,0.0,125
2023-05-09 21:47:21,MA401C2700,MA401C2700,46.5,0.0,0.0,0.0,47,44.5,45.5,40,46.5,45.5,0.0,0.0,0.0,0.0,125
2023-05-09 21:47:24,MA401C2700,MA401C2700,46.5,0.0,0.0,0.0,57,44.5,45.5,40,46.5,45.5,0.0,0.0,0.0,0.0,125
2023-05-09 21:47:36,MA401C2700,MA401C2700,46.5,0.0,0.0,0.0,10,45.0,45.5,30,46.5,45.5,0.0,0.0,0.0,0.0,125
2023-05-09 21:47:37,MA401C2700,MA401C2700,46.5,0.0,0.0,0.0,10,45.0,45.5,20,46.5,45.5,0.0,0.0,0.0,0.0,125
2023-05-09 21:47:42,MA401C2700,MA401C2700,46.5,0.0,0.0,0.0,20,45.0,46.0,77,46.5,45.5,0.0,0.0,0.0,0.0,125
2023-05-09 21:47:42,MA401C2700,MA401C2700,46.5,0.0,0.0,0.0,20,45.0,46.0,87,46.5,45.5,0.0,0.0,0.0,0.0,125
2023-05-09 21:47:45,MA401C2700,MA401C2700,46.5,0.0,0.0,0.0,20,45.0,46.0,97,46.5,45.5,0.0,0.0,0.0,0.0,125
2023-05-09 21:48:00,MA401C2700,MA401C2700,46.5,0.0,0.0,0.0,77,44.5,45.5,30,46.5,45.5,0.0,0.0,0.0,0.0,125
2023-05-09 21:48:02,MA401C2700,MA401C2700,46.5,0.0,0.0,0.0,77,44.5,45.5,40,46.5,45.5,0.0,0.0,0.0,0.0,125
2023-05-09 21:48:02,MA401C2700,MA401C2700,46.5,0.0,0.0,0.0,67,44.5,45.5,40,46.5,45.5,0.0,0.0,0.0,0.0,125
2023-05-09 21:48:03,MA401C2700,MA401C2700,46.5,0.0,0.0,0.0,57,44.5,45.5,40,46.5,45.5,0.0,0.0,0.0,0.0,125
2023-05-09 21:48:06,MA401C2700,MA401C2700,46.5,0.0,0.0,0.0,67,44.5,45.5,30,46.5,45.5,0.0,0.0,0.0,0.0,125
2023-05-09 21:48:07,MA401C2700,MA401C2700,46.5,0.0,0.0,0.0,57,44.5,45.5,30,46.5,45.5,0.0,0.0,0.0,0.0,125
2023-05-09 21:48:09,MA401C2700,MA401C2700,46.5,0.0,0.0,0.0,57,44.5,45.5,40,46.5,45.5,0.0,0.0,0.0,0.0,125
2023-05-09 21:48:13,MA401C2700,MA401C2700,46.5,0.0,0.0,0.0,10,45.0,45.5,30,46.5,45.5,0.0,0.0,0.0,0.0,125
2023-05-09 21:48:14,MA401C2700,MA401C2700,46.5,0.0,0.0,0.0,57,44.5,45.5,40,46.5,45.5,0.0,0.0,0.0,0.0,125
2023-05-09 21:48:37,MA401C2700,MA401C2700,46.5,0.0,0.0,0.0,67,44.5,45.5,40,46.5,45.5,0.0,0.0,0.0,0.0,125
2023-05-09 21:48:37,MA401C2700,MA401C2700,46.5,0.0,0.0,0.0,10,45.0,45.5,30,46.5,45.5,0.0,0.0,0.0,0.0,125
2023-05-09 21:48:38,MA401C2700,MA401C2700,46.5,0.0,0.0,0.0,10,45.0,45.5,20,46.5,45.5,0.0,0.0,0.0,0.0,125
2023-05-09 21:48:42,MA401C2700,MA401C2700,46.5,0.0,0.0,0.0,20,45.0,46.0,77,46.5,45.5,0.0,0.0,0.0,0.0,125
2023-05-09 21:48:42,MA401C2700,MA401C2700,46.5,0.0,0.0,0.0,20,45.0,46.0,87,46.5,45.5,0.0,0.0,0.0,0.0,125
2023-05-09 21:48:45,MA401C2700,MA401C2700,46.5,0.0,0.0,0.0,30,45.0,46.0,77,46.5,45.5,0.0,0.0,0.0,0.0,125
2023-05-09 21:48:49,MA401C2700,MA401C2700,46.5,0.0,0.0,0.0,30,45.0,46.0,67,46.5,45.5,0.0,0.0,0.0,0.0,125
2023-05-09 21:48:53,MA401C2700,MA401C2700,46.5,0.0,0.0,0.0,20,45.0,46.0,67,46.5,45.5,0.0,0.0,0.0,0.0,125
2023-05-09 21:48:54,MA401C2700,MA401C2700,46.5,0.0,0.0,0.0,20,45.0,46.0,87,46.5,45.5,0.0,0.0,0.0,0.0,125
2023-05-09 21:48:55,MA401C2700,MA401C2700,46.5,0.0,0.0,0.0,20,45.0,46.0,77,46.5,45.5,0.0,0.0,0.0,0.0,125
2023-05-09 21:49:03,MA401C2700,MA401C2700,46.5,0.0,0.0,0.0,20,45.0,46.0,67,46.5,45.5,0.0,0.0,0.0,0.0,125
2023-05-09 21:49:03,MA401C2700,MA401C2700,46.5,0.0,0.0,0.0,20,45.0,46.0,77,46.5,45.5,0.0,0.0,0.0,0.0,125
2023-05-09 21:49:17,MA401C2700,MA401C2700,46.5,0.0,0.0,0.0,30,45.0,46.0,77,46.5,45.5,0.0,0.0,0.0,0.0,125
2023-05-09 21:49:17,MA401C2700,MA401C2700,46.5,0.0,0.0,0.0,20,45.0,46.0,77,46.5,45.5,0.0,0.0,0.0,0.0,125
2023-05-09 21:49:17,MA401C2700,MA401C2700,46.5,0.0,0.0,0.0,30,45.0,46.0,77,46.5,45.5,0.0,0.0,0.0,0.0,125
2023-05-09 21:49:19,MA401C2700,MA401C2700,46.5,0.0,0.0,0.0,20,45.0,46.0,77,46.5,45.5,0.0,0.0,0.0,0.0,125
2023-05-09 21:49:26,MA401C2700,MA401C2700,46.5,0.0,0.0,0.0,30,45.0,46.0,77,46.5,45.5,0.0,0.0,0.0,0.0,125
2023-05-09 21:49:28,MA401C2700,MA401C2700,46.5,0.0,0.0,0.0,30,45.0,46.0,67,46.5,45.5,0.0,0.0,0.0,0.0,125
2023-05-09 21:49:31,MA401C2700,MA401C2700,46.5,0.0,0.0,0.0,40,45.0,46.0,67,46.5,45.5,0.0,0.0,0.0,0.0,125
2023-05-09 21:49:33,MA401C2700,MA401C2700,46.5,0.0,0.0,0.0,30,45.0,46.0,77,46.5,45.5,0.0,0.0,0.0,0.0,125
2023-05-09 21:49:34,MA401C2700,MA401C2700,46.5,0.0,0.0,0.0,20,45.0,46.0,67,46.5,45.5,0.0,0.0,0.0,0.0,125
2023-05-09 21:49:35,MA401C2700,MA401C2700,46.5,0.0,0.0,0.0,30,45.0,46.0,77,46.5,45.5,0.0,0.0,0.0,0.0,125
2023-05-09 21:49:37,MA401C2700,MA401C2700,46.5,0.0,0.0,0.0,20,45.0,46.0,77,46.5,45.5,0.0,0.0,0.0,0.0,125
2023-05-09 21:49:40,MA401C2700,MA401C2700,46.5,0.0,0.0,0.0,30,45.0,46.0,77,46.5,45.5,0.0,0.0,0.0,0.0,125
2023-05-09 21:49:51,MA401C2700,MA401C2700,46.5,0.0,0.0,0.0,20,45.0,46.0,77,46.5,45.5,0.0,0.0,0.0,0.0,125
2023-05-09 21:50:00,MA401C2700,MA401C2700,46.5,0.0,0.0,0.0,30,45.0,46.0,77,46.5,45.5,0.0,0.0,0.0,0.0,125
2023-05-09 21:50:12,MA401C2700,MA401C2700,46.5,0.0,0.0,0.0,30,45.0,46.0,87,46.5,45.5,0.0,0.0,0.0,0.0,125
2023-05-09 21:50:13,MA401C2700,MA401C2700,46.5,0.0,0.0,0.0,40,45.0,46.0,77,46.5,45.5,0.0,0.0,0.0,0.0,125
2023-05-09 21:50:18,MA401C2700,MA401C2700,46.5,0.0,0.0,0.0,47,45.0,46.0,67,46.5,45.5,0.0,0.0,0.0,0.0,125
2023-05-09 21:50:22,MA401C2700,MA401C2700,46.5,0.0,0.0,0.0,37,45.0,46.0,77,46.5,45.5,0.0,0.0,0.0,0.0,125
2023-05-09 21:50:26,MA401C2700,MA401C2700,46.5,0.0,0.0,0.0,47,45.0,46.0,77,46.5,45.5,0.0,0.0,0.0,0.0,125
2023-05-09 21:50:30,MA401C2700,MA401C2700,46.5,0.0,0.0,0.0,47,45.0,46.0,67,46.5,45.5,0.0,0.0,0.0,0.0,125
2023-05-09 21:50:34,MA401C2700,MA401C2700,46.5,0.0,0.0,0.0,37,45.0,46.0,77,46.5,45.5,0.0,0.0,0.0,0.0,125
2023-05-09 21:50:38,MA401C2700,MA401C2700,46.5,0.0,0.0,0.0,47,45.0,46.0,77,46.5,45.5,0.0,0.0,0.0,0.0,125
2023-05-09 21:50:40,MA401C2700,MA401C2700,46.5,0.0,0.0,0.0,47,45.0,46.0,67,46.5,45.5,0.0,0.0,0.0,0.0,125
2023-05-09 21:50:42,MA401C2700,MA401C2700,46.5,0.0,0.0,0.0,47,45.0,46.0,57,46.5,45.5,0.0,0.0,0.0,0.0,125
2023-05-09 21:50:45,MA401C2700,MA401C2700,46.5,0.0,0.0,0.0,37,45.0,46.0,57,46.5,45.5,0.0,0.0,0.0,0.0,125
2023-05-09 21:51:00,MA401C2700,MA401C2700,46.5,0.0,0.0,0.0,47,45.0,46.0,57,46.5,45.5,0.0,0.0,0.0,0.0,125
2023-05-09 21:51:01,MA401C2700,MA401C2700,46.5,0.0,0.0,0.0,57,45.0,46.0,57,46.5,45.5,0.0,0.0,0.0,0.0,125
2023-05-09 21:51:01,MA401C2700,MA401C2700,46.5,0.0,0.0,0.0,57,45.0,46.0,47,46.5,45.5,0.0,0.0,0.0,0.0,125
2023-05-09 21:51:02,MA401C2700,MA401C2700,46.5,0.0,0.0,0.0,10,45.5,46.0,37,46.5,45.5,0.0,0.0,0.0,0.0,125
