time,symbol_id,symbol_name,last,trade_volume,trade_amount,open_interest_change,bv1,bp1,ap1,av1,yesterday_close,today_open,today_high,today_low,volume,amount,open_interest
2023-05-09 20:55:38,b2312-C-4000,b2312-C-4000,242.0,0.0,0.0,0.0,1,0.5,0.0,0,242.0,0.0,0.0,0.0,0.0,0.0,0
2023-05-09 21:00:33,b2312-C-4000,b2312-C-4000,242.0,0.0,0.0,0.0,1,9.0,0.0,0,242.0,0.0,0.0,0.0,0.0,0.0,0
2023-05-09 21:00:51,b2312-C-4000,b2312-C-4000,242.0,0.0,0.0,0.0,1,9.5,0.0,0,242.0,0.0,0.0,0.0,0.0,0.0,0
2023-05-09 21:00:51,b2312-C-4000,b2312-C-4000,242.0,0.0,0.0,0.0,1,10.0,0.0,0,242.0,0.0,0.0,0.0,0.0,0.0,0
2023-05-09 21:01:11,b2312-C-4000,b2312-C-4000,242.0,0.0,0.0,0.0,1,10.5,0.0,0,242.0,0.0,0.0,0.0,0.0,0.0,0
2023-05-09 21:30:51,b2312-C-4000,b2312-C-4000,242.0,0.0,0.0,0.0,1,11.0,0.0,0,242.0,0.0,0.0,0.0,0.0,0.0,0
2023-05-09 21:30:52,b2312-C-4000,b2312-C-4000,242.0,0.0,0.0,0.0,1,11.5,0.0,0,242.0,0.0,0.0,0.0,0.0,0.0,0
2023-05-09 22:00:51,b2312-C-4000,b2312-C-4000,242.0,0.0,0.0,0.0,1,12.0,0.0,0,242.0,0.0,0.0,0.0,0.0,0.0,0
2023-05-09 22:00:52,b2312-C-4000,b2312-C-4000,242.0,0.0,0.0,0.0,1,12.5,0.0,0,242.0,0.0,0.0,0.0,0.0,0.0,0
2023-05-09 22:30:53,b2312-C-4000,b2312-C-4000,242.0,0.0,0.0,0.0,1,13.0,0.0,0,242.0,0.0,0.0,0.0,0.0,0.0,0
2023-05-09 22:30:54,b2312-C-4000,b2312-C-4000,242.0,0.0,0.0,0.0,1,13.5,0.0,0,242.0,0.0,0.0,0.0,0.0,0.0,0
2023-05-09 22:57:21,b2312-C-4000,b2312-C-4000,242.0,0.0,0.0,0.0,1,13.0,0.0,0,242.0,0.0,0.0,0.0,0.0,0.0,0
2023-05-10 09:02:20,b2312-C-4000,b2312-C-4000,242.0,0.0,0.0,0.0,1,13.5,0.0,0,242.0,0.0,0.0,0.0,0.0,0.0,0
2023-05-10 09:28:56,b2312-C-4000,b2312-C-4000,242.0,0.0,0.0,0.0,1,14.0,0.0,0,242.0,0.0,0.0,0.0,0.0,0.0,0
2023-05-10 09:28:57,b2312-C-4000,b2312-C-4000,242.0,0.0,0.0,0.0,1,14.5,0.0,0,242.0,0.0,0.0,0.0,0.0,0.0,0
2023-05-10 10:00:25,b2312-C-4000,b2312-C-4000,242.0,0.0,0.0,0.0,1,15.0,0.0,0,242.0,0.0,0.0,0.0,0.0,0.0,0
2023-05-10 10:00:26,b2312-C-4000,b2312-C-4000,242.0,0.0,0.0,0.0,1,15.5,0.0,0,242.0,0.0,0.0,0.0,0.0,0.0,0
2023-05-10 10:12:16,b2312-C-4000,b2312-C-4000,242.0,0.0,0.0,0.0,1,15.0,0.0,0,242.0,0.0,0.0,0.0,0.0,0.0,0
2023-05-10 10:30:16,b2312-C-4000,b2312-C-4000,242.0,0.0,0.0,0.0,1,15.5,0.0,0,242.0,0.0,0.0,0.0,0.0,0.0,0
2023-05-10 10:52:49,b2312-C-4000,b2312-C-4000,242.0,0.0,0.0,0.0,1,16.0,0.0,0,242.0,0.0,0.0,0.0,0.0,0.0,0
2023-05-10 10:52:50,b2312-C-4000,b2312-C-4000,242.0,0.0,0.0,0.0,1,16.5,0.0,0,242.0,0.0,0.0,0.0,0.0,0.0,0
2023-05-10 11:26:48,b2312-C-4000,b2312-C-4000,242.0,0.0,0.0,0.0,1,17.0,0.0,0,242.0,0.0,0.0,0.0,0.0,0.0,0
2023-05-10 11:26:49,b2312-C-4000,b2312-C-4000,242.0,0.0,0.0,0.0,1,17.5,0.0,0,242.0,0.0,0.0,0.0,0.0,0.0,0
2023-05-10 11:27:15,b2312-C-4000,b2312-C-4000,242.0,0.0,0.0,0.0,1,17.0,0.0,0,242.0,0.0,0.0,0.0,0.0,0.0,0
2023-05-10 11:29:41,b2312-C-4000,b2312-C-4000,242.0,0.0,0.0,0.0,1,10.0,0.0,0,242.0,0.0,0.0,0.0,0.0,0.0,0
2023-05-10 13:31:28,b2312-C-4000,b2312-C-4000,242.0,0.0,0.0,0.0,1,10.5,0.0,0,242.0,0.0,0.0,0.0,0.0,0.0,0
2023-05-10 13:45:14,b2312-C-4000,b2312-C-4000,242.0,0.0,0.0,0.0,1,11.0,0.0,0,242.0,0.0,0.0,0.0,0.0,0.0,0
2023-05-10 13:45:47,b2312-C-4000,b2312-C-4000,242.0,0.0,0.0,0.0,1,11.5,0.0,0,242.0,0.0,0.0,0.0,0.0,0.0,0
2023-05-10 14:38:54,b2312-C-4000,b2312-C-4000,242.0,0.0,0.0,0.0,1,193.0,216.0,1,242.0,0.0,0.0,0.0,0.0,0.0,0
2023-05-10 14:38:54,b2312-C-4000,b2312-C-4000,242.0,0.0,0.0,0.0,2,193.0,216.0,2,242.0,0.0,0.0,0.0,0.0,0.0,0
2023-05-10 14:38:55,b2312-C-4000,b2312-C-4000,242.0,0.0,0.0,0.0,4,193.0,216.0,4,242.0,0.0,0.0,0.0,0.0,0.0,0
2023-05-10 14:38:55,b2312-C-4000,b2312-C-4000,242.0,0.0,0.0,0.0,5,193.0,216.0,5,242.0,0.0,0.0,0.0,0.0,0.0,0
2023-05-10 14:38:57,b2312-C-4000,b2312-C-4000,242.0,0.0,0.0,0.0,5,193.0,208.0,1,242.0,0.0,0.0,0.0,0.0,0.0,0
2023-05-10 14:38:57,b2312-C-4000,b2312-C-4000,242.0,0.0,0.0,0.0,3,193.0,208.0,1,242.0,0.0,0.0,0.0,0.0,0.0,0
2023-05-10 14:38:59,b2312-C-4000,b2312-C-4000,242.0,0.0,0.0,0.0,3,193.0,208.0,2,242.0,0.0,0.0,0.0,0.0,0.0,0
2023-05-10 14:39:05,b2312-C-4000,b2312-C-4000,242.0,0.0,0.0,0.0,2,193.0,208.0,2,242.0,0.0,0.0,0.0,0.0,0.0,0
2023-05-10 14:39:05,b2312-C-4000,b2312-C-4000,242.0,0.0,0.0,0.0,1,193.0,208.0,2,242.0,0.0,0.0,0.0,0.0,0.0,0
2023-05-10 14:39:05,b2312-C-4000,b2312-C-4000,242.0,0.0,0.0,0.0,1,190.0,208.0,2,242.0,0.0,0.0,0.0,0.0,0.0,0
2023-05-10 14:39:08,b2312-C-4000,b2312-C-4000,242.0,0.0,0.0,0.0,1,189.5,208.0,1,242.0,0.0,0.0,0.0,0.0,0.0,0
2023-05-10 14:39:09,b2312-C-4000,b2312-C-4000,242.0,0.0,0.0,0.0,1,189.0,208.0,1,242.0,0.0,0.0,0.0,0.0,0.0,0
2023-05-10 14:39:09,b2312-C-4000,b2312-C-4000,242.0,0.0,0.0,0.0,1,188.5,208.0,1,242.0,0.0,0.0,0.0,0.0,0.0,0
2023-05-10 14:39:11,b2312-C-4000,b2312-C-4000,242.0,0.0,0.0,0.0,1,188.5,210.0,1,242.0,0.0,0.0,0.0,0.0,0.0,0
2023-05-10 14:39:13,b2312-C-4000,b2312-C-4000,242.0,0.0,0.0,0.0,1,11.0,0.0,0,242.0,0.0,0.0,0.0,0.0,0.0,0
2023-05-10 14:39:14,b2312-C-4000,b2312-C-4000,242.0,0.0,0.0,0.0,1,17.5,0.0,0,242.0,0.0,0.0,0.0,0.0,0.0,0
2023-05-10 14:44:12,b2312-C-4000,b2312-C-4000,242.0,0.0,0.0,0.0,1,18.0,0.0,0,242.0,0.0,0.0,0.0,0.0,0.0,0
2023-05-10 14:44:13,b2312-C-4000,b2312-C-4000,242.0,0.0,0.0,0.0,1,18.5,0.0,0,242.0,0.0,0.0,0.0,0.0,0.0,0
2023-05-10 15:01:15,b2312-C-4000,b2312-C-4000,242.0,0.0,0.0,0.0,1,18.5,0.0,0,242.0,0.0,0.0,0.0,0.0,0.0,0
