time,symbol_id,symbol_name,last,trade_volume,trade_amount,open_interest_change,bv1,bp1,ap1,av1,yesterday_close,today_open,today_high,today_low,volume,amount,open_interest
2023-05-09 20:55:57,b2311-P-3800,b2311-P-3800,83.5,0.0,0.0,0.0,1,0.5,0.0,0,83.5,0.0,0.0,0.0,0.0,0.0,66
2023-05-09 21:00:22,b2311-P-3800,b2311-P-3800,83.5,0.0,0.0,0.0,10,1.0,0.0,0,83.5,0.0,0.0,0.0,0.0,0.0,66
2023-05-09 21:01:47,b2311-P-3800,b2311-P-3800,83.5,0.0,0.0,0.0,1,1.5,0.0,0,83.5,0.0,0.0,0.0,0.0,0.0,66
2023-05-09 21:01:47,b2311-P-3800,b2311-P-3800,83.5,0.0,0.0,0.0,10,2.0,0.0,0,83.5,0.0,0.0,0.0,0.0,0.0,66
2023-05-09 21:03:06,b2311-P-3800,b2311-P-3800,83.5,0.0,0.0,0.0,1,2.5,0.0,0,83.5,0.0,0.0,0.0,0.0,0.0,66
2023-05-09 21:03:06,b2311-P-3800,b2311-P-3800,83.5,0.0,0.0,0.0,10,3.0,0.0,0,83.5,0.0,0.0,0.0,0.0,0.0,66
2023-05-09 21:08:17,b2311-P-3800,b2311-P-3800,83.5,0.0,0.0,0.0,1,3.5,0.0,0,83.5,0.0,0.0,0.0,0.0,0.0,66
2023-05-09 21:08:17,b2311-P-3800,b2311-P-3800,83.5,0.0,0.0,0.0,10,4.0,0.0,0,83.5,0.0,0.0,0.0,0.0,0.0,66
2023-05-09 21:10:06,b2311-P-3800,b2311-P-3800,83.5,0.0,0.0,0.0,1,4.5,0.0,0,83.5,0.0,0.0,0.0,0.0,0.0,66
2023-05-09 21:10:06,b2311-P-3800,b2311-P-3800,83.5,0.0,0.0,0.0,10,5.0,0.0,0,83.5,0.0,0.0,0.0,0.0,0.0,66
2023-05-09 21:10:10,b2311-P-3800,b2311-P-3800,83.5,0.0,0.0,0.0,1,5.5,0.0,0,83.5,0.0,0.0,0.0,0.0,0.0,66
2023-05-09 21:10:10,b2311-P-3800,b2311-P-3800,83.5,0.0,0.0,0.0,10,6.0,0.0,0,83.5,0.0,0.0,0.0,0.0,0.0,66
2023-05-09 21:10:15,b2311-P-3800,b2311-P-3800,83.5,0.0,0.0,0.0,1,6.5,0.0,0,83.5,0.0,0.0,0.0,0.0,0.0,66
2023-05-09 21:10:15,b2311-P-3800,b2311-P-3800,83.5,0.0,0.0,0.0,10,7.0,0.0,0,83.5,0.0,0.0,0.0,0.0,0.0,66
2023-05-09 21:10:21,b2311-P-3800,b2311-P-3800,83.5,0.0,0.0,0.0,1,7.5,0.0,0,83.5,0.0,0.0,0.0,0.0,0.0,66
2023-05-09 21:10:21,b2311-P-3800,b2311-P-3800,83.5,0.0,0.0,0.0,10,8.0,0.0,0,83.5,0.0,0.0,0.0,0.0,0.0,66
2023-05-09 21:10:31,b2311-P-3800,b2311-P-3800,83.5,0.0,0.0,0.0,1,8.5,0.0,0,83.5,0.0,0.0,0.0,0.0,0.0,66
2023-05-09 21:10:31,b2311-P-3800,b2311-P-3800,83.5,0.0,0.0,0.0,10,9.0,0.0,0,83.5,0.0,0.0,0.0,0.0,0.0,66
2023-05-09 21:10:34,b2311-P-3800,b2311-P-3800,83.5,0.0,0.0,0.0,1,9.5,0.0,0,83.5,0.0,0.0,0.0,0.0,0.0,66
2023-05-09 21:10:34,b2311-P-3800,b2311-P-3800,83.5,0.0,0.0,0.0,10,10.0,0.0,0,83.5,0.0,0.0,0.0,0.0,0.0,66
2023-05-09 21:10:36,b2311-P-3800,b2311-P-3800,83.5,0.0,0.0,0.0,1,10.5,0.0,0,83.5,0.0,0.0,0.0,0.0,0.0,66
2023-05-09 21:10:37,b2311-P-3800,b2311-P-3800,83.5,0.0,0.0,0.0,10,11.0,0.0,0,83.5,0.0,0.0,0.0,0.0,0.0,66
2023-05-09 21:10:39,b2311-P-3800,b2311-P-3800,83.5,0.0,0.0,0.0,1,11.5,0.0,0,83.5,0.0,0.0,0.0,0.0,0.0,66
2023-05-09 21:10:39,b2311-P-3800,b2311-P-3800,83.5,0.0,0.0,0.0,10,12.0,0.0,0,83.5,0.0,0.0,0.0,0.0,0.0,66
2023-05-09 21:10:40,b2311-P-3800,b2311-P-3800,83.5,0.0,0.0,0.0,1,12.5,0.0,0,83.5,0.0,0.0,0.0,0.0,0.0,66
2023-05-09 21:10:40,b2311-P-3800,b2311-P-3800,83.5,0.0,0.0,0.0,10,13.0,0.0,0,83.5,0.0,0.0,0.0,0.0,0.0,66
2023-05-09 21:10:42,b2311-P-3800,b2311-P-3800,83.5,0.0,0.0,0.0,1,13.5,0.0,0,83.5,0.0,0.0,0.0,0.0,0.0,66
2023-05-09 21:10:42,b2311-P-3800,b2311-P-3800,83.5,0.0,0.0,0.0,10,14.0,0.0,0,83.5,0.0,0.0,0.0,0.0,0.0,66
2023-05-09 21:10:44,b2311-P-3800,b2311-P-3800,83.5,0.0,0.0,0.0,1,14.5,0.0,0,83.5,0.0,0.0,0.0,0.0,0.0,66
2023-05-09 21:10:44,b2311-P-3800,b2311-P-3800,83.5,0.0,0.0,0.0,10,15.0,0.0,0,83.5,0.0,0.0,0.0,0.0,0.0,66
2023-05-09 21:10:46,b2311-P-3800,b2311-P-3800,83.5,0.0,0.0,0.0,1,15.5,0.0,0,83.5,0.0,0.0,0.0,0.0,0.0,66
2023-05-09 21:10:46,b2311-P-3800,b2311-P-3800,83.5,0.0,0.0,0.0,10,16.0,0.0,0,83.5,0.0,0.0,0.0,0.0,0.0,66
2023-05-09 21:10:50,b2311-P-3800,b2311-P-3800,83.5,0.0,0.0,0.0,1,16.5,0.0,0,83.5,0.0,0.0,0.0,0.0,0.0,66
2023-05-09 21:10:50,b2311-P-3800,b2311-P-3800,83.5,0.0,0.0,0.0,10,17.0,0.0,0,83.5,0.0,0.0,0.0,0.0,0.0,66
2023-05-09 21:10:56,b2311-P-3800,b2311-P-3800,83.5,0.0,0.0,0.0,1,17.5,0.0,0,83.5,0.0,0.0,0.0,0.0,0.0,66
2023-05-09 21:10:56,b2311-P-3800,b2311-P-3800,83.5,0.0,0.0,0.0,10,18.0,0.0,0,83.5,0.0,0.0,0.0,0.0,0.0,66
2023-05-09 21:10:57,b2311-P-3800,b2311-P-3800,83.5,0.0,0.0,0.0,1,18.5,0.0,0,83.5,0.0,0.0,0.0,0.0,0.0,66
2023-05-09 21:10:57,b2311-P-3800,b2311-P-3800,83.5,0.0,0.0,0.0,10,19.0,0.0,0,83.5,0.0,0.0,0.0,0.0,0.0,66
2023-05-09 21:11:02,b2311-P-3800,b2311-P-3800,83.5,0.0,0.0,0.0,1,19.5,0.0,0,83.5,0.0,0.0,0.0,0.0,0.0,66
2023-05-09 21:11:02,b2311-P-3800,b2311-P-3800,83.5,0.0,0.0,0.0,10,20.0,0.0,0,83.5,0.0,0.0,0.0,0.0,0.0,66
2023-05-09 21:11:04,b2311-P-3800,b2311-P-3800,83.5,0.0,0.0,0.0,1,20.5,0.0,0,83.5,0.0,0.0,0.0,0.0,0.0,66
2023-05-09 21:11:05,b2311-P-3800,b2311-P-3800,83.5,0.0,0.0,0.0,10,21.0,0.0,0,83.5,0.0,0.0,0.0,0.0,0.0,66
2023-05-09 21:11:13,b2311-P-3800,b2311-P-3800,83.5,0.0,0.0,0.0,1,21.5,0.0,0,83.5,0.0,0.0,0.0,0.0,0.0,66
2023-05-09 21:11:13,b2311-P-3800,b2311-P-3800,83.5,0.0,0.0,0.0,10,22.0,0.0,0,83.5,0.0,0.0,0.0,0.0,0.0,66
2023-05-09 21:11:21,b2311-P-3800,b2311-P-3800,83.5,0.0,0.0,0.0,1,22.5,0.0,0,83.5,0.0,0.0,0.0,0.0,0.0,66
2023-05-09 21:11:21,b2311-P-3800,b2311-P-3800,83.5,0.0,0.0,0.0,10,23.0,0.0,0,83.5,0.0,0.0,0.0,0.0,0.0,66
2023-05-09 21:11:29,b2311-P-3800,b2311-P-3800,83.5,0.0,0.0,0.0,1,23.5,0.0,0,83.5,0.0,0.0,0.0,0.0,0.0,66
2023-05-09 21:11:29,b2311-P-3800,b2311-P-3800,83.5,0.0,0.0,0.0,10,24.0,0.0,0,83.5,0.0,0.0,0.0,0.0,0.0,66
2023-05-09 21:11:31,b2311-P-3800,b2311-P-3800,83.5,0.0,0.0,0.0,1,24.5,0.0,0,83.5,0.0,0.0,0.0,0.0,0.0,66
2023-05-09 21:11:31,b2311-P-3800,b2311-P-3800,83.5,0.0,0.0,0.0,10,25.0,0.0,0,83.5,0.0,0.0,0.0,0.0,0.0,66
2023-05-09 21:11:36,b2311-P-3800,b2311-P-3800,83.5,0.0,0.0,0.0,1,25.5,0.0,0,83.5,0.0,0.0,0.0,0.0,0.0,66
2023-05-09 21:11:36,b2311-P-3800,b2311-P-3800,83.5,0.0,0.0,0.0,10,26.0,0.0,0,83.5,0.0,0.0,0.0,0.0,0.0,66
2023-05-09 21:11:53,b2311-P-3800,b2311-P-3800,83.5,0.0,0.0,0.0,1,26.5,0.0,0,83.5,0.0,0.0,0.0,0.0,0.0,66
2023-05-09 21:11:53,b2311-P-3800,b2311-P-3800,83.5,0.0,0.0,0.0,10,27.0,0.0,0,83.5,0.0,0.0,0.0,0.0,0.0,66
2023-05-09 21:13:23,b2311-P-3800,b2311-P-3800,83.5,0.0,0.0,0.0,1,27.5,0.0,0,83.5,0.0,0.0,0.0,0.0,0.0,66
2023-05-09 21:13:23,b2311-P-3800,b2311-P-3800,83.5,0.0,0.0,0.0,10,28.0,0.0,0,83.5,0.0,0.0,0.0,0.0,0.0,66
2023-05-09 21:13:25,b2311-P-3800,b2311-P-3800,83.5,0.0,0.0,0.0,1,28.5,0.0,0,83.5,0.0,0.0,0.0,0.0,0.0,66
2023-05-09 21:13:25,b2311-P-3800,b2311-P-3800,83.5,0.0,0.0,0.0,10,29.0,0.0,0,83.5,0.0,0.0,0.0,0.0,0.0,66
2023-05-09 21:14:38,b2311-P-3800,b2311-P-3800,83.5,0.0,0.0,0.0,1,29.5,0.0,0,83.5,0.0,0.0,0.0,0.0,0.0,66
2023-05-09 21:14:38,b2311-P-3800,b2311-P-3800,83.5,0.0,0.0,0.0,10,30.0,0.0,0,83.5,0.0,0.0,0.0,0.0,0.0,66
2023-05-09 21:15:13,b2311-P-3800,b2311-P-3800,83.5,0.0,0.0,0.0,1,30.5,0.0,0,83.5,0.0,0.0,0.0,0.0,0.0,66
2023-05-09 21:15:13,b2311-P-3800,b2311-P-3800,83.5,0.0,0.0,0.0,10,31.0,0.0,0,83.5,0.0,0.0,0.0,0.0,0.0,66
2023-05-09 21:16:53,b2311-P-3800,b2311-P-3800,83.5,0.0,0.0,0.0,1,31.5,0.0,0,83.5,0.0,0.0,0.0,0.0,0.0,66
2023-05-09 21:16:53,b2311-P-3800,b2311-P-3800,83.5,0.0,0.0,0.0,10,32.0,0.0,0,83.5,0.0,0.0,0.0,0.0,0.0,66
2023-05-09 21:16:55,b2311-P-3800,b2311-P-3800,83.5,0.0,0.0,0.0,1,32.5,0.0,0,83.5,0.0,0.0,0.0,0.0,0.0,66
2023-05-09 21:16:55,b2311-P-3800,b2311-P-3800,83.5,0.0,0.0,0.0,10,33.0,0.0,0,83.5,0.0,0.0,0.0,0.0,0.0,66
2023-05-09 21:17:01,b2311-P-3800,b2311-P-3800,83.5,0.0,0.0,0.0,1,33.5,0.0,0,83.5,0.0,0.0,0.0,0.0,0.0,66
2023-05-09 21:17:01,b2311-P-3800,b2311-P-3800,83.5,0.0,0.0,0.0,10,34.0,0.0,0,83.5,0.0,0.0,0.0,0.0,0.0,66
2023-05-09 22:56:53,b2311-P-3800,b2311-P-3800,83.5,0.0,0.0,0.0,2,2.5,0.0,0,83.5,0.0,0.0,0.0,0.0,0.0,66
2023-05-09 22:56:54,b2311-P-3800,b2311-P-3800,83.5,0.0,0.0,0.0,1,3.0,0.0,0,83.5,0.0,0.0,0.0,0.0,0.0,66
2023-05-09 22:56:54,b2311-P-3800,b2311-P-3800,83.5,0.0,0.0,0.0,1,3.5,0.0,0,83.5,0.0,0.0,0.0,0.0,0.0,66
2023-05-09 22:59:18,b2311-P-3800,b2311-P-3800,83.5,0.0,0.0,0.0,10,4.0,0.0,0,83.5,0.0,0.0,0.0,0.0,0.0,66
2023-05-09 22:59:56,b2311-P-3800,b2311-P-3800,83.5,0.0,0.0,0.0,1,3.5,0.0,0,83.5,0.0,0.0,0.0,0.0,0.0,66
2023-05-10 09:00:15,b2311-P-3800,b2311-P-3800,83.5,0.0,0.0,0.0,10,4.0,0.0,0,83.5,0.0,0.0,0.0,0.0,0.0,66
2023-05-10 09:02:31,b2311-P-3800,b2311-P-3800,83.5,0.0,0.0,0.0,1,4.5,0.0,0,83.5,0.0,0.0,0.0,0.0,0.0,66
2023-05-10 09:02:31,b2311-P-3800,b2311-P-3800,83.5,0.0,0.0,0.0,10,5.0,0.0,0,83.5,0.0,0.0,0.0,0.0,0.0,66
2023-05-10 09:04:08,b2311-P-3800,b2311-P-3800,83.5,0.0,0.0,0.0,1,5.5,0.0,0,83.5,0.0,0.0,0.0,0.0,0.0,66
2023-05-10 09:04:08,b2311-P-3800,b2311-P-3800,83.5,0.0,0.0,0.0,10,6.0,0.0,0,83.5,0.0,0.0,0.0,0.0,0.0,66
2023-05-10 09:04:11,b2311-P-3800,b2311-P-3800,83.5,0.0,0.0,0.0,1,6.5,0.0,0,83.5,0.0,0.0,0.0,0.0,0.0,66
2023-05-10 09:04:11,b2311-P-3800,b2311-P-3800,83.5,0.0,0.0,0.0,10,7.0,0.0,0,83.5,0.0,0.0,0.0,0.0,0.0,66
2023-05-10 09:04:24,b2311-P-3800,b2311-P-3800,83.5,0.0,0.0,0.0,1,7.5,0.0,0,83.5,0.0,0.0,0.0,0.0,0.0,66
2023-05-10 09:04:24,b2311-P-3800,b2311-P-3800,83.5,0.0,0.0,0.0,10,8.0,0.0,0,83.5,0.0,0.0,0.0,0.0,0.0,66
2023-05-10 09:04:35,b2311-P-3800,b2311-P-3800,83.5,0.0,0.0,0.0,1,8.5,0.0,0,83.5,0.0,0.0,0.0,0.0,0.0,66
2023-05-10 09:04:35,b2311-P-3800,b2311-P-3800,83.5,0.0,0.0,0.0,10,9.0,0.0,0,83.5,0.0,0.0,0.0,0.0,0.0,66
2023-05-10 09:04:39,b2311-P-3800,b2311-P-3800,83.5,0.0,0.0,0.0,1,9.5,0.0,0,83.5,0.0,0.0,0.0,0.0,0.0,66
2023-05-10 09:04:39,b2311-P-3800,b2311-P-3800,83.5,0.0,0.0,0.0,10,10.0,0.0,0,83.5,0.0,0.0,0.0,0.0,0.0,66
2023-05-10 09:04:42,b2311-P-3800,b2311-P-3800,83.5,0.0,0.0,0.0,1,10.5,0.0,0,83.5,0.0,0.0,0.0,0.0,0.0,66
2023-05-10 09:04:42,b2311-P-3800,b2311-P-3800,83.5,0.0,0.0,0.0,10,11.0,0.0,0,83.5,0.0,0.0,0.0,0.0,0.0,66
2023-05-10 09:04:44,b2311-P-3800,b2311-P-3800,83.5,0.0,0.0,0.0,1,11.5,0.0,0,83.5,0.0,0.0,0.0,0.0,0.0,66
2023-05-10 09:04:44,b2311-P-3800,b2311-P-3800,83.5,0.0,0.0,0.0,10,12.0,0.0,0,83.5,0.0,0.0,0.0,0.0,0.0,66
2023-05-10 09:04:53,b2311-P-3800,b2311-P-3800,83.5,0.0,0.0,0.0,1,12.5,0.0,0,83.5,0.0,0.0,0.0,0.0,0.0,66
2023-05-10 09:04:53,b2311-P-3800,b2311-P-3800,83.5,0.0,0.0,0.0,10,13.0,0.0,0,83.5,0.0,0.0,0.0,0.0,0.0,66
2023-05-10 09:04:56,b2311-P-3800,b2311-P-3800,83.5,0.0,0.0,0.0,1,13.5,0.0,0,83.5,0.0,0.0,0.0,0.0,0.0,66
2023-05-10 09:04:56,b2311-P-3800,b2311-P-3800,83.5,0.0,0.0,0.0,10,14.0,0.0,0,83.5,0.0,0.0,0.0,0.0,0.0,66
2023-05-10 09:05:00,b2311-P-3800,b2311-P-3800,83.5,0.0,0.0,0.0,1,14.5,0.0,0,83.5,0.0,0.0,0.0,0.0,0.0,66
2023-05-10 09:05:00,b2311-P-3800,b2311-P-3800,83.5,0.0,0.0,0.0,10,15.0,0.0,0,83.5,0.0,0.0,0.0,0.0,0.0,66
2023-05-10 09:05:33,b2311-P-3800,b2311-P-3800,83.5,0.0,0.0,0.0,1,15.5,0.0,0,83.5,0.0,0.0,0.0,0.0,0.0,66
2023-05-10 09:05:34,b2311-P-3800,b2311-P-3800,83.5,0.0,0.0,0.0,10,16.0,0.0,0,83.5,0.0,0.0,0.0,0.0,0.0,66
2023-05-10 09:05:38,b2311-P-3800,b2311-P-3800,83.5,0.0,0.0,0.0,1,16.5,0.0,0,83.5,0.0,0.0,0.0,0.0,0.0,66
2023-05-10 09:05:38,b2311-P-3800,b2311-P-3800,83.5,0.0,0.0,0.0,10,17.0,0.0,0,83.5,0.0,0.0,0.0,0.0,0.0,66
2023-05-10 09:05:58,b2311-P-3800,b2311-P-3800,83.5,0.0,0.0,0.0,1,17.5,0.0,0,83.5,0.0,0.0,0.0,0.0,0.0,66
2023-05-10 09:05:58,b2311-P-3800,b2311-P-3800,83.5,0.0,0.0,0.0,10,18.0,0.0,0,83.5,0.0,0.0,0.0,0.0,0.0,66
2023-05-10 09:06:17,b2311-P-3800,b2311-P-3800,83.5,0.0,0.0,0.0,1,18.5,0.0,0,83.5,0.0,0.0,0.0,0.0,0.0,66
2023-05-10 09:06:17,b2311-P-3800,b2311-P-3800,83.5,0.0,0.0,0.0,10,19.0,0.0,0,83.5,0.0,0.0,0.0,0.0,0.0,66
2023-05-10 09:06:31,b2311-P-3800,b2311-P-3800,83.5,0.0,0.0,0.0,1,19.5,0.0,0,83.5,0.0,0.0,0.0,0.0,0.0,66
2023-05-10 09:06:31,b2311-P-3800,b2311-P-3800,83.5,0.0,0.0,0.0,10,20.0,0.0,0,83.5,0.0,0.0,0.0,0.0,0.0,66
2023-05-10 09:06:35,b2311-P-3800,b2311-P-3800,83.5,0.0,0.0,0.0,1,20.5,0.0,0,83.5,0.0,0.0,0.0,0.0,0.0,66
2023-05-10 09:06:35,b2311-P-3800,b2311-P-3800,83.5,0.0,0.0,0.0,10,21.0,0.0,0,83.5,0.0,0.0,0.0,0.0,0.0,66
2023-05-10 09:06:39,b2311-P-3800,b2311-P-3800,83.5,0.0,0.0,0.0,1,21.5,0.0,0,83.5,0.0,0.0,0.0,0.0,0.0,66
2023-05-10 09:06:40,b2311-P-3800,b2311-P-3800,83.5,0.0,0.0,0.0,10,22.0,0.0,0,83.5,0.0,0.0,0.0,0.0,0.0,66
2023-05-10 09:07:06,b2311-P-3800,b2311-P-3800,83.5,0.0,0.0,0.0,1,22.5,0.0,0,83.5,0.0,0.0,0.0,0.0,0.0,66
2023-05-10 09:07:06,b2311-P-3800,b2311-P-3800,83.5,0.0,0.0,0.0,10,23.0,0.0,0,83.5,0.0,0.0,0.0,0.0,0.0,66
2023-05-10 09:07:42,b2311-P-3800,b2311-P-3800,83.5,0.0,0.0,0.0,1,23.5,0.0,0,83.5,0.0,0.0,0.0,0.0,0.0,66
2023-05-10 09:07:42,b2311-P-3800,b2311-P-3800,83.5,0.0,0.0,0.0,10,24.0,0.0,0,83.5,0.0,0.0,0.0,0.0,0.0,66
2023-05-10 09:07:48,b2311-P-3800,b2311-P-3800,83.5,0.0,0.0,0.0,1,24.5,0.0,0,83.5,0.0,0.0,0.0,0.0,0.0,66
2023-05-10 09:07:48,b2311-P-3800,b2311-P-3800,83.5,0.0,0.0,0.0,10,25.0,0.0,0,83.5,0.0,0.0,0.0,0.0,0.0,66
2023-05-10 09:07:59,b2311-P-3800,b2311-P-3800,83.5,0.0,0.0,0.0,1,25.5,0.0,0,83.5,0.0,0.0,0.0,0.0,0.0,66
2023-05-10 09:07:59,b2311-P-3800,b2311-P-3800,83.5,0.0,0.0,0.0,10,26.0,0.0,0,83.5,0.0,0.0,0.0,0.0,0.0,66
2023-05-10 09:08:02,b2311-P-3800,b2311-P-3800,83.5,0.0,0.0,0.0,1,26.5,0.0,0,83.5,0.0,0.0,0.0,0.0,0.0,66
2023-05-10 09:08:02,b2311-P-3800,b2311-P-3800,83.5,0.0,0.0,0.0,10,27.0,0.0,0,83.5,0.0,0.0,0.0,0.0,0.0,66
2023-05-10 09:08:07,b2311-P-3800,b2311-P-3800,83.5,0.0,0.0,0.0,1,27.5,0.0,0,83.5,0.0,0.0,0.0,0.0,0.0,66
2023-05-10 09:08:07,b2311-P-3800,b2311-P-3800,83.5,0.0,0.0,0.0,10,28.0,0.0,0,83.5,0.0,0.0,0.0,0.0,0.0,66
2023-05-10 09:08:09,b2311-P-3800,b2311-P-3800,83.5,0.0,0.0,0.0,1,28.5,0.0,0,83.5,0.0,0.0,0.0,0.0,0.0,66
2023-05-10 09:08:09,b2311-P-3800,b2311-P-3800,83.5,0.0,0.0,0.0,10,29.0,0.0,0,83.5,0.0,0.0,0.0,0.0,0.0,66
2023-05-10 09:09:52,b2311-P-3800,b2311-P-3800,83.5,0.0,0.0,0.0,1,29.5,0.0,0,83.5,0.0,0.0,0.0,0.0,0.0,66
2023-05-10 09:09:52,b2311-P-3800,b2311-P-3800,83.5,0.0,0.0,0.0,10,30.0,0.0,0,83.5,0.0,0.0,0.0,0.0,0.0,66
2023-05-10 09:10:10,b2311-P-3800,b2311-P-3800,83.5,0.0,0.0,0.0,1,30.5,0.0,0,83.5,0.0,0.0,0.0,0.0,0.0,66
2023-05-10 09:10:10,b2311-P-3800,b2311-P-3800,83.5,0.0,0.0,0.0,10,31.0,0.0,0,83.5,0.0,0.0,0.0,0.0,0.0,66
2023-05-10 09:10:18,b2311-P-3800,b2311-P-3800,83.5,0.0,0.0,0.0,1,31.5,0.0,0,83.5,0.0,0.0,0.0,0.0,0.0,66
2023-05-10 09:10:18,b2311-P-3800,b2311-P-3800,83.5,0.0,0.0,0.0,10,32.0,0.0,0,83.5,0.0,0.0,0.0,0.0,0.0,66
2023-05-10 09:10:20,b2311-P-3800,b2311-P-3800,83.5,0.0,0.0,0.0,1,32.5,0.0,0,83.5,0.0,0.0,0.0,0.0,0.0,66
2023-05-10 09:10:20,b2311-P-3800,b2311-P-3800,83.5,0.0,0.0,0.0,10,33.0,0.0,0,83.5,0.0,0.0,0.0,0.0,0.0,66
2023-05-10 09:10:21,b2311-P-3800,b2311-P-3800,83.5,0.0,0.0,0.0,1,33.5,0.0,0,83.5,0.0,0.0,0.0,0.0,0.0,66
2023-05-10 09:10:21,b2311-P-3800,b2311-P-3800,83.5,0.0,0.0,0.0,10,34.0,0.0,0,83.5,0.0,0.0,0.0,0.0,0.0,66
2023-05-10 10:14:33,b2311-P-3800,b2311-P-3800,83.5,0.0,0.0,0.0,1,6.5,0.0,0,83.5,0.0,0.0,0.0,0.0,0.0,66
2023-05-10 10:30:06,b2311-P-3800,b2311-P-3800,83.5,0.0,0.0,0.0,10,7.0,0.0,0,83.5,0.0,0.0,0.0,0.0,0.0,66
2023-05-10 10:30:36,b2311-P-3800,b2311-P-3800,83.5,0.0,0.0,0.0,1,7.5,0.0,0,83.5,0.0,0.0,0.0,0.0,0.0,66
2023-05-10 10:30:36,b2311-P-3800,b2311-P-3800,83.5,0.0,0.0,0.0,10,8.0,0.0,0,83.5,0.0,0.0,0.0,0.0,0.0,66
2023-05-10 10:30:42,b2311-P-3800,b2311-P-3800,83.5,0.0,0.0,0.0,1,8.5,0.0,0,83.5,0.0,0.0,0.0,0.0,0.0,66
2023-05-10 10:30:42,b2311-P-3800,b2311-P-3800,83.5,0.0,0.0,0.0,10,9.0,0.0,0,83.5,0.0,0.0,0.0,0.0,0.0,66
2023-05-10 10:30:43,b2311-P-3800,b2311-P-3800,83.5,0.0,0.0,0.0,1,9.5,0.0,0,83.5,0.0,0.0,0.0,0.0,0.0,66
2023-05-10 10:30:44,b2311-P-3800,b2311-P-3800,83.5,0.0,0.0,0.0,10,10.0,0.0,0,83.5,0.0,0.0,0.0,0.0,0.0,66
2023-05-10 10:30:45,b2311-P-3800,b2311-P-3800,83.5,0.0,0.0,0.0,1,10.5,0.0,0,83.5,0.0,0.0,0.0,0.0,0.0,66
2023-05-10 10:30:45,b2311-P-3800,b2311-P-3800,83.5,0.0,0.0,0.0,10,11.0,0.0,0,83.5,0.0,0.0,0.0,0.0,0.0,66
2023-05-10 10:32:16,b2311-P-3800,b2311-P-3800,83.5,0.0,0.0,0.0,1,11.5,0.0,0,83.5,0.0,0.0,0.0,0.0,0.0,66
2023-05-10 10:32:16,b2311-P-3800,b2311-P-3800,83.5,0.0,0.0,0.0,10,12.0,0.0,0,83.5,0.0,0.0,0.0,0.0,0.0,66
2023-05-10 10:32:19,b2311-P-3800,b2311-P-3800,83.5,0.0,0.0,0.0,1,12.5,0.0,0,83.5,0.0,0.0,0.0,0.0,0.0,66
2023-05-10 10:32:19,b2311-P-3800,b2311-P-3800,83.5,0.0,0.0,0.0,10,13.0,0.0,0,83.5,0.0,0.0,0.0,0.0,0.0,66
2023-05-10 10:32:40,b2311-P-3800,b2311-P-3800,83.5,0.0,0.0,0.0,1,13.5,0.0,0,83.5,0.0,0.0,0.0,0.0,0.0,66
2023-05-10 10:32:40,b2311-P-3800,b2311-P-3800,83.5,0.0,0.0,0.0,10,14.0,0.0,0,83.5,0.0,0.0,0.0,0.0,0.0,66
2023-05-10 10:32:42,b2311-P-3800,b2311-P-3800,83.5,0.0,0.0,0.0,1,14.5,0.0,0,83.5,0.0,0.0,0.0,0.0,0.0,66
2023-05-10 10:32:42,b2311-P-3800,b2311-P-3800,83.5,0.0,0.0,0.0,10,15.0,0.0,0,83.5,0.0,0.0,0.0,0.0,0.0,66
2023-05-10 10:32:44,b2311-P-3800,b2311-P-3800,83.5,0.0,0.0,0.0,1,15.5,0.0,0,83.5,0.0,0.0,0.0,0.0,0.0,66
2023-05-10 10:32:45,b2311-P-3800,b2311-P-3800,83.5,0.0,0.0,0.0,10,16.0,0.0,0,83.5,0.0,0.0,0.0,0.0,0.0,66
2023-05-10 10:32:50,b2311-P-3800,b2311-P-3800,83.5,0.0,0.0,0.0,1,16.5,0.0,0,83.5,0.0,0.0,0.0,0.0,0.0,66
2023-05-10 10:32:50,b2311-P-3800,b2311-P-3800,83.5,0.0,0.0,0.0,10,17.0,0.0,0,83.5,0.0,0.0,0.0,0.0,0.0,66
2023-05-10 10:32:52,b2311-P-3800,b2311-P-3800,83.5,0.0,0.0,0.0,1,17.5,0.0,0,83.5,0.0,0.0,0.0,0.0,0.0,66
2023-05-10 10:32:53,b2311-P-3800,b2311-P-3800,83.5,0.0,0.0,0.0,10,18.0,0.0,0,83.5,0.0,0.0,0.0,0.0,0.0,66
2023-05-10 10:32:54,b2311-P-3800,b2311-P-3800,83.5,0.0,0.0,0.0,1,18.5,0.0,0,83.5,0.0,0.0,0.0,0.0,0.0,66
2023-05-10 10:32:55,b2311-P-3800,b2311-P-3800,83.5,0.0,0.0,0.0,10,19.0,0.0,0,83.5,0.0,0.0,0.0,0.0,0.0,66
2023-05-10 10:32:57,b2311-P-3800,b2311-P-3800,83.5,0.0,0.0,0.0,10,20.0,0.0,0,83.5,0.0,0.0,0.0,0.0,0.0,66
2023-05-10 10:32:59,b2311-P-3800,b2311-P-3800,83.5,0.0,0.0,0.0,1,20.5,0.0,0,83.5,0.0,0.0,0.0,0.0,0.0,66
2023-05-10 10:32:59,b2311-P-3800,b2311-P-3800,83.5,0.0,0.0,0.0,10,21.0,0.0,0,83.5,0.0,0.0,0.0,0.0,0.0,66
2023-05-10 10:33:00,b2311-P-3800,b2311-P-3800,83.5,0.0,0.0,0.0,1,21.5,0.0,0,83.5,0.0,0.0,0.0,0.0,0.0,66
2023-05-10 10:33:00,b2311-P-3800,b2311-P-3800,83.5,0.0,0.0,0.0,10,22.0,0.0,0,83.5,0.0,0.0,0.0,0.0,0.0,66
2023-05-10 10:33:01,b2311-P-3800,b2311-P-3800,83.5,0.0,0.0,0.0,1,22.5,0.0,0,83.5,0.0,0.0,0.0,0.0,0.0,66
2023-05-10 10:33:02,b2311-P-3800,b2311-P-3800,83.5,0.0,0.0,0.0,10,23.0,0.0,0,83.5,0.0,0.0,0.0,0.0,0.0,66
2023-05-10 10:33:05,b2311-P-3800,b2311-P-3800,83.5,0.0,0.0,0.0,1,23.5,0.0,0,83.5,0.0,0.0,0.0,0.0,0.0,66
2023-05-10 10:33:05,b2311-P-3800,b2311-P-3800,83.5,0.0,0.0,0.0,10,24.0,0.0,0,83.5,0.0,0.0,0.0,0.0,0.0,66
2023-05-10 10:33:06,b2311-P-3800,b2311-P-3800,83.5,0.0,0.0,0.0,1,24.5,0.0,0,83.5,0.0,0.0,0.0,0.0,0.0,66
2023-05-10 10:33:06,b2311-P-3800,b2311-P-3800,83.5,0.0,0.0,0.0,10,25.0,0.0,0,83.5,0.0,0.0,0.0,0.0,0.0,66
2023-05-10 10:33:07,b2311-P-3800,b2311-P-3800,83.5,0.0,0.0,0.0,1,25.5,0.0,0,83.5,0.0,0.0,0.0,0.0,0.0,66
2023-05-10 10:33:09,b2311-P-3800,b2311-P-3800,83.5,0.0,0.0,0.0,10,26.0,0.0,0,83.5,0.0,0.0,0.0,0.0,0.0,66
2023-05-10 10:33:10,b2311-P-3800,b2311-P-3800,83.5,0.0,0.0,0.0,1,26.5,0.0,0,83.5,0.0,0.0,0.0,0.0,0.0,66
2023-05-10 10:33:11,b2311-P-3800,b2311-P-3800,83.5,0.0,0.0,0.0,10,27.0,0.0,0,83.5,0.0,0.0,0.0,0.0,0.0,66
2023-05-10 10:33:12,b2311-P-3800,b2311-P-3800,83.5,0.0,0.0,0.0,1,27.5,0.0,0,83.5,0.0,0.0,0.0,0.0,0.0,66
2023-05-10 10:33:13,b2311-P-3800,b2311-P-3800,83.5,0.0,0.0,0.0,10,28.0,0.0,0,83.5,0.0,0.0,0.0,0.0,0.0,66
2023-05-10 10:33:14,b2311-P-3800,b2311-P-3800,83.5,0.0,0.0,0.0,1,28.5,0.0,0,83.5,0.0,0.0,0.0,0.0,0.0,66
2023-05-10 10:33:15,b2311-P-3800,b2311-P-3800,83.5,0.0,0.0,0.0,10,29.0,0.0,0,83.5,0.0,0.0,0.0,0.0,0.0,66
2023-05-10 10:33:16,b2311-P-3800,b2311-P-3800,83.5,0.0,0.0,0.0,1,29.5,0.0,0,83.5,0.0,0.0,0.0,0.0,0.0,66
2023-05-10 10:33:22,b2311-P-3800,b2311-P-3800,83.5,0.0,0.0,0.0,10,30.0,0.0,0,83.5,0.0,0.0,0.0,0.0,0.0,66
2023-05-10 10:33:24,b2311-P-3800,b2311-P-3800,83.5,0.0,0.0,0.0,1,30.5,0.0,0,83.5,0.0,0.0,0.0,0.0,0.0,66
2023-05-10 10:33:24,b2311-P-3800,b2311-P-3800,83.5,0.0,0.0,0.0,10,31.0,0.0,0,83.5,0.0,0.0,0.0,0.0,0.0,66
2023-05-10 10:33:25,b2311-P-3800,b2311-P-3800,83.5,0.0,0.0,0.0,1,31.5,0.0,0,83.5,0.0,0.0,0.0,0.0,0.0,66
2023-05-10 10:33:25,b2311-P-3800,b2311-P-3800,83.5,0.0,0.0,0.0,10,32.0,0.0,0,83.5,0.0,0.0,0.0,0.0,0.0,66
2023-05-10 10:33:27,b2311-P-3800,b2311-P-3800,83.5,0.0,0.0,0.0,1,32.5,0.0,0,83.5,0.0,0.0,0.0,0.0,0.0,66
2023-05-10 10:33:27,b2311-P-3800,b2311-P-3800,83.5,0.0,0.0,0.0,10,33.0,0.0,0,83.5,0.0,0.0,0.0,0.0,0.0,66
2023-05-10 10:33:28,b2311-P-3800,b2311-P-3800,83.5,0.0,0.0,0.0,1,33.5,0.0,0,83.5,0.0,0.0,0.0,0.0,0.0,66
2023-05-10 10:33:29,b2311-P-3800,b2311-P-3800,83.5,0.0,0.0,0.0,10,34.0,0.0,0,83.5,0.0,0.0,0.0,0.0,0.0,66
2023-05-10 11:23:45,b2311-P-3800,b2311-P-3800,83.5,0.0,0.0,0.0,1,42.0,0.0,0,83.5,0.0,0.0,0.0,0.0,0.0,66
2023-05-10 11:23:45,b2311-P-3800,b2311-P-3800,83.5,0.0,0.0,0.0,10,42.5,0.0,0,83.5,0.0,0.0,0.0,0.0,0.0,66
2023-05-10 11:23:46,b2311-P-3800,b2311-P-3800,83.5,0.0,0.0,0.0,1,50.5,0.0,0,83.5,0.0,0.0,0.0,0.0,0.0,66
2023-05-10 11:23:47,b2311-P-3800,b2311-P-3800,83.5,0.0,0.0,0.0,10,51.0,0.0,0,83.5,0.0,0.0,0.0,0.0,0.0,66
2023-05-10 11:23:47,b2311-P-3800,b2311-P-3800,83.5,0.0,0.0,0.0,1,59.0,0.0,0,83.5,0.0,0.0,0.0,0.0,0.0,66
2023-05-10 11:23:47,b2311-P-3800,b2311-P-3800,83.5,0.0,0.0,0.0,10,59.5,0.0,0,83.5,0.0,0.0,0.0,0.0,0.0,66
2023-05-10 11:23:48,b2311-P-3800,b2311-P-3800,83.5,0.0,0.0,0.0,1,67.5,0.0,0,83.5,0.0,0.0,0.0,0.0,0.0,66
2023-05-10 11:23:49,b2311-P-3800,b2311-P-3800,83.5,0.0,0.0,0.0,10,68.0,0.0,0,83.5,0.0,0.0,0.0,0.0,0.0,66
2023-05-10 11:23:50,b2311-P-3800,b2311-P-3800,83.5,0.0,0.0,0.0,1,72.0,0.0,0,83.5,0.0,0.0,0.0,0.0,0.0,66
2023-05-10 11:24:01,b2311-P-3800,b2311-P-3800,83.5,0.0,0.0,0.0,10,7.0,0.0,0,83.5,0.0,0.0,0.0,0.0,0.0,66
2023-05-10 11:24:02,b2311-P-3800,b2311-P-3800,83.5,0.0,0.0,0.0,1,7.5,0.0,0,83.5,0.0,0.0,0.0,0.0,0.0,66
2023-05-10 11:24:02,b2311-P-3800,b2311-P-3800,83.5,0.0,0.0,0.0,10,8.0,0.0,0,83.5,0.0,0.0,0.0,0.0,0.0,66
2023-05-10 11:24:03,b2311-P-3800,b2311-P-3800,83.5,0.0,0.0,0.0,1,8.5,0.0,0,83.5,0.0,0.0,0.0,0.0,0.0,66
2023-05-10 11:24:03,b2311-P-3800,b2311-P-3800,83.5,0.0,0.0,0.0,10,9.0,0.0,0,83.5,0.0,0.0,0.0,0.0,0.0,66
2023-05-10 11:24:04,b2311-P-3800,b2311-P-3800,83.5,0.0,0.0,0.0,1,9.5,0.0,0,83.5,0.0,0.0,0.0,0.0,0.0,66
2023-05-10 11:24:04,b2311-P-3800,b2311-P-3800,83.5,0.0,0.0,0.0,10,10.0,0.0,0,83.5,0.0,0.0,0.0,0.0,0.0,66
2023-05-10 11:24:05,b2311-P-3800,b2311-P-3800,83.5,0.0,0.0,0.0,1,10.5,0.0,0,83.5,0.0,0.0,0.0,0.0,0.0,66
2023-05-10 11:24:06,b2311-P-3800,b2311-P-3800,83.5,0.0,0.0,0.0,10,11.0,0.0,0,83.5,0.0,0.0,0.0,0.0,0.0,66
2023-05-10 11:24:06,b2311-P-3800,b2311-P-3800,83.5,0.0,0.0,0.0,1,11.5,0.0,0,83.5,0.0,0.0,0.0,0.0,0.0,66
2023-05-10 11:24:06,b2311-P-3800,b2311-P-3800,83.5,0.0,0.0,0.0,10,12.0,0.0,0,83.5,0.0,0.0,0.0,0.0,0.0,66
2023-05-10 11:24:07,b2311-P-3800,b2311-P-3800,83.5,0.0,0.0,0.0,1,12.5,0.0,0,83.5,0.0,0.0,0.0,0.0,0.0,66
2023-05-10 11:24:07,b2311-P-3800,b2311-P-3800,83.5,0.0,0.0,0.0,10,13.0,0.0,0,83.5,0.0,0.0,0.0,0.0,0.0,66
2023-05-10 11:24:08,b2311-P-3800,b2311-P-3800,83.5,0.0,0.0,0.0,1,13.5,0.0,0,83.5,0.0,0.0,0.0,0.0,0.0,66
2023-05-10 11:24:08,b2311-P-3800,b2311-P-3800,83.5,0.0,0.0,0.0,10,14.0,0.0,0,83.5,0.0,0.0,0.0,0.0,0.0,66
2023-05-10 11:24:09,b2311-P-3800,b2311-P-3800,83.5,0.0,0.0,0.0,1,14.5,0.0,0,83.5,0.0,0.0,0.0,0.0,0.0,66
2023-05-10 11:24:10,b2311-P-3800,b2311-P-3800,83.5,0.0,0.0,0.0,10,15.0,0.0,0,83.5,0.0,0.0,0.0,0.0,0.0,66
2023-05-10 11:24:11,b2311-P-3800,b2311-P-3800,83.5,0.0,0.0,0.0,1,15.5,0.0,0,83.5,0.0,0.0,0.0,0.0,0.0,66
2023-05-10 11:24:11,b2311-P-3800,b2311-P-3800,83.5,0.0,0.0,0.0,10,16.0,0.0,0,83.5,0.0,0.0,0.0,0.0,0.0,66
2023-05-10 11:24:12,b2311-P-3800,b2311-P-3800,83.5,0.0,0.0,0.0,1,16.5,0.0,0,83.5,0.0,0.0,0.0,0.0,0.0,66
2023-05-10 11:24:13,b2311-P-3800,b2311-P-3800,83.5,0.0,0.0,0.0,10,17.0,0.0,0,83.5,0.0,0.0,0.0,0.0,0.0,66
2023-05-10 11:24:14,b2311-P-3800,b2311-P-3800,83.5,0.0,0.0,0.0,1,17.5,0.0,0,83.5,0.0,0.0,0.0,0.0,0.0,66
2023-05-10 11:24:14,b2311-P-3800,b2311-P-3800,83.5,0.0,0.0,0.0,10,18.0,0.0,0,83.5,0.0,0.0,0.0,0.0,0.0,66
2023-05-10 11:24:15,b2311-P-3800,b2311-P-3800,83.5,0.0,0.0,0.0,1,18.5,0.0,0,83.5,0.0,0.0,0.0,0.0,0.0,66
2023-05-10 11:24:17,b2311-P-3800,b2311-P-3800,83.5,0.0,0.0,0.0,10,19.0,0.0,0,83.5,0.0,0.0,0.0,0.0,0.0,66
2023-05-10 11:24:18,b2311-P-3800,b2311-P-3800,83.5,0.0,0.0,0.0,1,19.5,0.0,0,83.5,0.0,0.0,0.0,0.0,0.0,66
2023-05-10 11:24:18,b2311-P-3800,b2311-P-3800,83.5,0.0,0.0,0.0,10,20.0,0.0,0,83.5,0.0,0.0,0.0,0.0,0.0,66
2023-05-10 11:24:19,b2311-P-3800,b2311-P-3800,83.5,0.0,0.0,0.0,1,20.5,0.0,0,83.5,0.0,0.0,0.0,0.0,0.0,66
2023-05-10 11:24:19,b2311-P-3800,b2311-P-3800,83.5,0.0,0.0,0.0,10,21.0,0.0,0,83.5,0.0,0.0,0.0,0.0,0.0,66
2023-05-10 11:24:20,b2311-P-3800,b2311-P-3800,83.5,0.0,0.0,0.0,1,21.5,0.0,0,83.5,0.0,0.0,0.0,0.0,0.0,66
2023-05-10 11:24:20,b2311-P-3800,b2311-P-3800,83.5,0.0,0.0,0.0,10,22.0,0.0,0,83.5,0.0,0.0,0.0,0.0,0.0,66
2023-05-10 11:24:21,b2311-P-3800,b2311-P-3800,83.5,0.0,0.0,0.0,1,22.5,0.0,0,83.5,0.0,0.0,0.0,0.0,0.0,66
2023-05-10 11:24:22,b2311-P-3800,b2311-P-3800,83.5,0.0,0.0,0.0,10,23.0,0.0,0,83.5,0.0,0.0,0.0,0.0,0.0,66
2023-05-10 11:24:22,b2311-P-3800,b2311-P-3800,83.5,0.0,0.0,0.0,1,23.5,0.0,0,83.5,0.0,0.0,0.0,0.0,0.0,66
2023-05-10 11:24:23,b2311-P-3800,b2311-P-3800,83.5,0.0,0.0,0.0,10,24.0,0.0,0,83.5,0.0,0.0,0.0,0.0,0.0,66
2023-05-10 11:24:23,b2311-P-3800,b2311-P-3800,83.5,0.0,0.0,0.0,1,24.5,0.0,0,83.5,0.0,0.0,0.0,0.0,0.0,66
2023-05-10 11:24:24,b2311-P-3800,b2311-P-3800,83.5,0.0,0.0,0.0,10,25.0,0.0,0,83.5,0.0,0.0,0.0,0.0,0.0,66
2023-05-10 11:24:24,b2311-P-3800,b2311-P-3800,83.5,0.0,0.0,0.0,1,25.5,0.0,0,83.5,0.0,0.0,0.0,0.0,0.0,66
2023-05-10 11:24:25,b2311-P-3800,b2311-P-3800,83.5,0.0,0.0,0.0,10,26.0,0.0,0,83.5,0.0,0.0,0.0,0.0,0.0,66
2023-05-10 11:24:25,b2311-P-3800,b2311-P-3800,83.5,0.0,0.0,0.0,1,26.5,0.0,0,83.5,0.0,0.0,0.0,0.0,0.0,66
2023-05-10 11:24:26,b2311-P-3800,b2311-P-3800,83.5,0.0,0.0,0.0,10,27.0,0.0,0,83.5,0.0,0.0,0.0,0.0,0.0,66
2023-05-10 11:24:27,b2311-P-3800,b2311-P-3800,83.5,0.0,0.0,0.0,1,27.5,0.0,0,83.5,0.0,0.0,0.0,0.0,0.0,66
2023-05-10 11:24:29,b2311-P-3800,b2311-P-3800,83.5,0.0,0.0,0.0,10,28.0,0.0,0,83.5,0.0,0.0,0.0,0.0,0.0,66
2023-05-10 11:24:29,b2311-P-3800,b2311-P-3800,83.5,0.0,0.0,0.0,1,28.5,0.0,0,83.5,0.0,0.0,0.0,0.0,0.0,66
2023-05-10 11:24:29,b2311-P-3800,b2311-P-3800,83.5,0.0,0.0,0.0,10,29.0,0.0,0,83.5,0.0,0.0,0.0,0.0,0.0,66
2023-05-10 11:24:30,b2311-P-3800,b2311-P-3800,83.5,0.0,0.0,0.0,1,29.5,0.0,0,83.5,0.0,0.0,0.0,0.0,0.0,66
2023-05-10 11:24:31,b2311-P-3800,b2311-P-3800,83.5,0.0,0.0,0.0,10,30.0,0.0,0,83.5,0.0,0.0,0.0,0.0,0.0,66
2023-05-10 11:24:31,b2311-P-3800,b2311-P-3800,83.5,0.0,0.0,0.0,1,30.5,0.0,0,83.5,0.0,0.0,0.0,0.0,0.0,66
2023-05-10 11:24:32,b2311-P-3800,b2311-P-3800,83.5,0.0,0.0,0.0,10,31.0,0.0,0,83.5,0.0,0.0,0.0,0.0,0.0,66
2023-05-10 11:24:32,b2311-P-3800,b2311-P-3800,83.5,0.0,0.0,0.0,1,31.5,0.0,0,83.5,0.0,0.0,0.0,0.0,0.0,66
2023-05-10 11:24:33,b2311-P-3800,b2311-P-3800,83.5,0.0,0.0,0.0,10,32.0,0.0,0,83.5,0.0,0.0,0.0,0.0,0.0,66
2023-05-10 11:24:33,b2311-P-3800,b2311-P-3800,83.5,0.0,0.0,0.0,1,32.5,0.0,0,83.5,0.0,0.0,0.0,0.0,0.0,66
2023-05-10 11:24:34,b2311-P-3800,b2311-P-3800,83.5,0.0,0.0,0.0,10,33.0,0.0,0,83.5,0.0,0.0,0.0,0.0,0.0,66
2023-05-10 11:24:34,b2311-P-3800,b2311-P-3800,83.5,0.0,0.0,0.0,1,33.5,0.0,0,83.5,0.0,0.0,0.0,0.0,0.0,66
2023-05-10 11:24:35,b2311-P-3800,b2311-P-3800,83.5,0.0,0.0,0.0,10,34.0,0.0,0,83.5,0.0,0.0,0.0,0.0,0.0,66
2023-05-10 11:29:32,b2311-P-3800,b2311-P-3800,83.5,0.0,0.0,0.0,1,6.5,0.0,0,83.5,0.0,0.0,0.0,0.0,0.0,66
2023-05-10 13:30:02,b2311-P-3800,b2311-P-3800,83.5,0.0,0.0,0.0,10,7.0,0.0,0,83.5,0.0,0.0,0.0,0.0,0.0,66
2023-05-10 13:31:20,b2311-P-3800,b2311-P-3800,83.5,0.0,0.0,0.0,1,7.5,0.0,0,83.5,0.0,0.0,0.0,0.0,0.0,66
2023-05-10 13:31:20,b2311-P-3800,b2311-P-3800,83.5,0.0,0.0,0.0,10,8.0,0.0,0,83.5,0.0,0.0,0.0,0.0,0.0,66
2023-05-10 13:31:21,b2311-P-3800,b2311-P-3800,83.5,0.0,0.0,0.0,1,8.5,0.0,0,83.5,0.0,0.0,0.0,0.0,0.0,66
2023-05-10 13:31:21,b2311-P-3800,b2311-P-3800,83.5,0.0,0.0,0.0,10,9.0,0.0,0,83.5,0.0,0.0,0.0,0.0,0.0,66
2023-05-10 13:31:22,b2311-P-3800,b2311-P-3800,83.5,0.0,0.0,0.0,1,9.5,0.0,0,83.5,0.0,0.0,0.0,0.0,0.0,66
2023-05-10 13:31:22,b2311-P-3800,b2311-P-3800,83.5,0.0,0.0,0.0,10,10.0,0.0,0,83.5,0.0,0.0,0.0,0.0,0.0,66
2023-05-10 13:31:23,b2311-P-3800,b2311-P-3800,83.5,0.0,0.0,0.0,1,10.5,0.0,0,83.5,0.0,0.0,0.0,0.0,0.0,66
2023-05-10 13:31:23,b2311-P-3800,b2311-P-3800,83.5,0.0,0.0,0.0,10,11.0,0.0,0,83.5,0.0,0.0,0.0,0.0,0.0,66
2023-05-10 13:31:24,b2311-P-3800,b2311-P-3800,83.5,0.0,0.0,0.0,1,11.5,0.0,0,83.5,0.0,0.0,0.0,0.0,0.0,66
2023-05-10 13:31:24,b2311-P-3800,b2311-P-3800,83.5,0.0,0.0,0.0,10,12.0,0.0,0,83.5,0.0,0.0,0.0,0.0,0.0,66
2023-05-10 13:31:26,b2311-P-3800,b2311-P-3800,83.5,0.0,0.0,0.0,1,12.5,0.0,0,83.5,0.0,0.0,0.0,0.0,0.0,66
2023-05-10 13:31:26,b2311-P-3800,b2311-P-3800,83.5,0.0,0.0,0.0,10,13.0,0.0,0,83.5,0.0,0.0,0.0,0.0,0.0,66
2023-05-10 13:31:27,b2311-P-3800,b2311-P-3800,83.5,0.0,0.0,0.0,1,13.5,0.0,0,83.5,0.0,0.0,0.0,0.0,0.0,66
2023-05-10 13:31:27,b2311-P-3800,b2311-P-3800,83.5,0.0,0.0,0.0,10,14.0,0.0,0,83.5,0.0,0.0,0.0,0.0,0.0,66
2023-05-10 13:31:28,b2311-P-3800,b2311-P-3800,83.5,0.0,0.0,0.0,1,14.5,0.0,0,83.5,0.0,0.0,0.0,0.0,0.0,66
2023-05-10 13:31:29,b2311-P-3800,b2311-P-3800,83.5,0.0,0.0,0.0,10,15.0,0.0,0,83.5,0.0,0.0,0.0,0.0,0.0,66
2023-05-10 13:31:29,b2311-P-3800,b2311-P-3800,83.5,0.0,0.0,0.0,1,15.5,0.0,0,83.5,0.0,0.0,0.0,0.0,0.0,66
2023-05-10 13:31:30,b2311-P-3800,b2311-P-3800,83.5,0.0,0.0,0.0,10,16.0,0.0,0,83.5,0.0,0.0,0.0,0.0,0.0,66
2023-05-10 13:31:30,b2311-P-3800,b2311-P-3800,83.5,0.0,0.0,0.0,1,16.5,0.0,0,83.5,0.0,0.0,0.0,0.0,0.0,66
2023-05-10 13:31:30,b2311-P-3800,b2311-P-3800,83.5,0.0,0.0,0.0,10,17.0,0.0,0,83.5,0.0,0.0,0.0,0.0,0.0,66
2023-05-10 13:31:32,b2311-P-3800,b2311-P-3800,83.5,0.0,0.0,0.0,1,17.5,0.0,0,83.5,0.0,0.0,0.0,0.0,0.0,66
2023-05-10 13:31:32,b2311-P-3800,b2311-P-3800,83.5,0.0,0.0,0.0,10,18.0,0.0,0,83.5,0.0,0.0,0.0,0.0,0.0,66
2023-05-10 13:31:33,b2311-P-3800,b2311-P-3800,83.5,0.0,0.0,0.0,1,18.5,0.0,0,83.5,0.0,0.0,0.0,0.0,0.0,66
2023-05-10 13:31:34,b2311-P-3800,b2311-P-3800,83.5,0.0,0.0,0.0,10,19.0,0.0,0,83.5,0.0,0.0,0.0,0.0,0.0,66
2023-05-10 13:31:35,b2311-P-3800,b2311-P-3800,83.5,0.0,0.0,0.0,1,19.5,0.0,0,83.5,0.0,0.0,0.0,0.0,0.0,66
2023-05-10 13:31:35,b2311-P-3800,b2311-P-3800,83.5,0.0,0.0,0.0,10,20.0,0.0,0,83.5,0.0,0.0,0.0,0.0,0.0,66
2023-05-10 13:31:36,b2311-P-3800,b2311-P-3800,83.5,0.0,0.0,0.0,1,20.5,0.0,0,83.5,0.0,0.0,0.0,0.0,0.0,66
2023-05-10 13:31:36,b2311-P-3800,b2311-P-3800,83.5,0.0,0.0,0.0,10,21.0,0.0,0,83.5,0.0,0.0,0.0,0.0,0.0,66
2023-05-10 13:31:38,b2311-P-3800,b2311-P-3800,83.5,0.0,0.0,0.0,1,21.5,0.0,0,83.5,0.0,0.0,0.0,0.0,0.0,66
2023-05-10 13:31:38,b2311-P-3800,b2311-P-3800,83.5,0.0,0.0,0.0,10,22.0,0.0,0,83.5,0.0,0.0,0.0,0.0,0.0,66
2023-05-10 13:31:39,b2311-P-3800,b2311-P-3800,83.5,0.0,0.0,0.0,1,22.5,0.0,0,83.5,0.0,0.0,0.0,0.0,0.0,66
2023-05-10 13:31:39,b2311-P-3800,b2311-P-3800,83.5,0.0,0.0,0.0,10,23.0,0.0,0,83.5,0.0,0.0,0.0,0.0,0.0,66
2023-05-10 13:31:40,b2311-P-3800,b2311-P-3800,83.5,0.0,0.0,0.0,1,23.5,0.0,0,83.5,0.0,0.0,0.0,0.0,0.0,66
2023-05-10 13:31:41,b2311-P-3800,b2311-P-3800,83.5,0.0,0.0,0.0,10,24.0,0.0,0,83.5,0.0,0.0,0.0,0.0,0.0,66
2023-05-10 13:31:42,b2311-P-3800,b2311-P-3800,83.5,0.0,0.0,0.0,1,24.5,0.0,0,83.5,0.0,0.0,0.0,0.0,0.0,66
2023-05-10 13:31:42,b2311-P-3800,b2311-P-3800,83.5,0.0,0.0,0.0,10,25.0,0.0,0,83.5,0.0,0.0,0.0,0.0,0.0,66
2023-05-10 13:31:43,b2311-P-3800,b2311-P-3800,83.5,0.0,0.0,0.0,1,25.5,0.0,0,83.5,0.0,0.0,0.0,0.0,0.0,66
2023-05-10 13:31:43,b2311-P-3800,b2311-P-3800,83.5,0.0,0.0,0.0,10,26.0,0.0,0,83.5,0.0,0.0,0.0,0.0,0.0,66
2023-05-10 13:31:44,b2311-P-3800,b2311-P-3800,83.5,0.0,0.0,0.0,1,26.5,0.0,0,83.5,0.0,0.0,0.0,0.0,0.0,66
2023-05-10 13:31:44,b2311-P-3800,b2311-P-3800,83.5,0.0,0.0,0.0,10,27.0,0.0,0,83.5,0.0,0.0,0.0,0.0,0.0,66
2023-05-10 13:31:46,b2311-P-3800,b2311-P-3800,83.5,0.0,0.0,0.0,1,27.5,0.0,0,83.5,0.0,0.0,0.0,0.0,0.0,66
2023-05-10 13:31:46,b2311-P-3800,b2311-P-3800,83.5,0.0,0.0,0.0,10,28.0,0.0,0,83.5,0.0,0.0,0.0,0.0,0.0,66
2023-05-10 13:31:47,b2311-P-3800,b2311-P-3800,83.5,0.0,0.0,0.0,1,28.5,0.0,0,83.5,0.0,0.0,0.0,0.0,0.0,66
2023-05-10 13:31:47,b2311-P-3800,b2311-P-3800,83.5,0.0,0.0,0.0,10,29.0,0.0,0,83.5,0.0,0.0,0.0,0.0,0.0,66
2023-05-10 13:31:48,b2311-P-3800,b2311-P-3800,83.5,0.0,0.0,0.0,1,29.5,0.0,0,83.5,0.0,0.0,0.0,0.0,0.0,66
2023-05-10 13:31:48,b2311-P-3800,b2311-P-3800,83.5,0.0,0.0,0.0,10,30.0,0.0,0,83.5,0.0,0.0,0.0,0.0,0.0,66
2023-05-10 13:31:50,b2311-P-3800,b2311-P-3800,83.5,0.0,0.0,0.0,1,30.5,0.0,0,83.5,0.0,0.0,0.0,0.0,0.0,66
2023-05-10 13:31:50,b2311-P-3800,b2311-P-3800,83.5,0.0,0.0,0.0,10,31.0,0.0,0,83.5,0.0,0.0,0.0,0.0,0.0,66
2023-05-10 13:31:51,b2311-P-3800,b2311-P-3800,83.5,0.0,0.0,0.0,1,31.5,0.0,0,83.5,0.0,0.0,0.0,0.0,0.0,66
2023-05-10 13:31:51,b2311-P-3800,b2311-P-3800,83.5,0.0,0.0,0.0,10,32.0,0.0,0,83.5,0.0,0.0,0.0,0.0,0.0,66
2023-05-10 13:31:52,b2311-P-3800,b2311-P-3800,83.5,0.0,0.0,0.0,1,32.5,0.0,0,83.5,0.0,0.0,0.0,0.0,0.0,66
2023-05-10 13:31:52,b2311-P-3800,b2311-P-3800,83.5,0.0,0.0,0.0,10,33.0,0.0,0,83.5,0.0,0.0,0.0,0.0,0.0,66
2023-05-10 13:31:54,b2311-P-3800,b2311-P-3800,83.5,0.0,0.0,0.0,1,33.5,0.0,0,83.5,0.0,0.0,0.0,0.0,0.0,66
2023-05-10 13:31:54,b2311-P-3800,b2311-P-3800,83.5,0.0,0.0,0.0,10,34.0,0.0,0,83.5,0.0,0.0,0.0,0.0,0.0,66
2023-05-10 14:38:20,b2311-P-3800,b2311-P-3800,83.5,0.0,0.0,0.0,1,42.0,0.0,0,83.5,0.0,0.0,0.0,0.0,0.0,66
2023-05-10 14:38:20,b2311-P-3800,b2311-P-3800,83.5,0.0,0.0,0.0,10,42.5,0.0,0,83.5,0.0,0.0,0.0,0.0,0.0,66
2023-05-10 14:38:22,b2311-P-3800,b2311-P-3800,83.5,0.0,0.0,0.0,1,50.5,0.0,0,83.5,0.0,0.0,0.0,0.0,0.0,66
2023-05-10 14:38:22,b2311-P-3800,b2311-P-3800,83.5,0.0,0.0,0.0,10,51.0,0.0,0,83.5,0.0,0.0,0.0,0.0,0.0,66
2023-05-10 14:38:23,b2311-P-3800,b2311-P-3800,83.5,0.0,0.0,0.0,1,59.0,0.0,0,83.5,0.0,0.0,0.0,0.0,0.0,66
2023-05-10 14:38:23,b2311-P-3800,b2311-P-3800,83.5,0.0,0.0,0.0,10,59.5,0.0,0,83.5,0.0,0.0,0.0,0.0,0.0,66
2023-05-10 14:38:24,b2311-P-3800,b2311-P-3800,83.5,0.0,0.0,0.0,1,91.5,111.5,1,83.5,0.0,0.0,0.0,0.0,0.0,66
2023-05-10 14:38:24,b2311-P-3800,b2311-P-3800,83.5,0.0,0.0,0.0,2,91.5,111.5,2,83.5,0.0,0.0,0.0,0.0,0.0,66
2023-05-10 14:38:25,b2311-P-3800,b2311-P-3800,83.5,0.0,0.0,0.0,1,92.0,111.5,3,83.5,0.0,0.0,0.0,0.0,0.0,66
2023-05-10 14:38:25,b2311-P-3800,b2311-P-3800,83.5,0.0,0.0,0.0,1,92.0,111.5,4,83.5,0.0,0.0,0.0,0.0,0.0,66
2023-05-10 14:38:26,b2311-P-3800,b2311-P-3800,83.5,0.0,0.0,0.0,1,92.0,101.5,1,83.5,0.0,0.0,0.0,0.0,0.0,66
2023-05-10 14:38:26,b2311-P-3800,b2311-P-3800,83.5,0.0,0.0,0.0,1,92.0,101.5,11,83.5,0.0,0.0,0.0,0.0,0.0,66
2023-05-10 14:38:27,b2311-P-3800,b2311-P-3800,83.5,0.0,0.0,0.0,1,94.5,101.5,11,83.5,0.0,0.0,0.0,0.0,0.0,66
2023-05-10 14:38:29,b2311-P-3800,b2311-P-3800,83.5,0.0,0.0,0.0,2,94.5,101.5,11,83.5,0.0,0.0,0.0,0.0,0.0,66
2023-05-10 14:38:37,b2311-P-3800,b2311-P-3800,83.5,0.0,0.0,0.0,2,94.5,101.5,10,83.5,0.0,0.0,0.0,0.0,0.0,66
2023-05-10 14:38:38,b2311-P-3800,b2311-P-3800,83.5,0.0,0.0,0.0,1,94.5,107.0,1,83.5,0.0,0.0,0.0,0.0,0.0,66
2023-05-10 14:38:38,b2311-P-3800,b2311-P-3800,83.5,0.0,0.0,0.0,1,6.5,0.0,0,83.5,0.0,0.0,0.0,0.0,0.0,66
2023-05-10 14:38:38,b2311-P-3800,b2311-P-3800,83.5,0.0,0.0,0.0,10,7.0,0.0,0,83.5,0.0,0.0,0.0,0.0,0.0,66
2023-05-10 14:38:39,b2311-P-3800,b2311-P-3800,83.5,0.0,0.0,0.0,1,15.0,0.0,0,83.5,0.0,0.0,0.0,0.0,0.0,66
2023-05-10 14:38:40,b2311-P-3800,b2311-P-3800,83.5,0.0,0.0,0.0,10,15.5,0.0,0,83.5,0.0,0.0,0.0,0.0,0.0,66
2023-05-10 14:38:41,b2311-P-3800,b2311-P-3800,83.5,0.0,0.0,0.0,1,23.5,0.0,0,83.5,0.0,0.0,0.0,0.0,0.0,66
2023-05-10 14:38:41,b2311-P-3800,b2311-P-3800,83.5,0.0,0.0,0.0,10,24.0,0.0,0,83.5,0.0,0.0,0.0,0.0,0.0,66
2023-05-10 14:38:43,b2311-P-3800,b2311-P-3800,83.5,0.0,0.0,0.0,1,24.5,0.0,0,83.5,0.0,0.0,0.0,0.0,0.0,66
2023-05-10 14:38:43,b2311-P-3800,b2311-P-3800,83.5,0.0,0.0,0.0,10,25.0,0.0,0,83.5,0.0,0.0,0.0,0.0,0.0,66
2023-05-10 14:38:45,b2311-P-3800,b2311-P-3800,83.5,0.0,0.0,0.0,1,25.5,0.0,0,83.5,0.0,0.0,0.0,0.0,0.0,66
2023-05-10 14:38:45,b2311-P-3800,b2311-P-3800,83.5,0.0,0.0,0.0,10,26.0,0.0,0,83.5,0.0,0.0,0.0,0.0,0.0,66
2023-05-10 14:38:46,b2311-P-3800,b2311-P-3800,83.5,0.0,0.0,0.0,1,26.5,0.0,0,83.5,0.0,0.0,0.0,0.0,0.0,66
2023-05-10 14:38:47,b2311-P-3800,b2311-P-3800,83.5,0.0,0.0,0.0,10,27.0,0.0,0,83.5,0.0,0.0,0.0,0.0,0.0,66
2023-05-10 14:38:48,b2311-P-3800,b2311-P-3800,83.5,0.0,0.0,0.0,1,27.5,0.0,0,83.5,0.0,0.0,0.0,0.0,0.0,66
2023-05-10 14:38:48,b2311-P-3800,b2311-P-3800,83.5,0.0,0.0,0.0,10,28.0,0.0,0,83.5,0.0,0.0,0.0,0.0,0.0,66
2023-05-10 14:38:49,b2311-P-3800,b2311-P-3800,83.5,0.0,0.0,0.0,1,28.5,0.0,0,83.5,0.0,0.0,0.0,0.0,0.0,66
2023-05-10 14:38:50,b2311-P-3800,b2311-P-3800,83.5,0.0,0.0,0.0,10,29.0,0.0,0,83.5,0.0,0.0,0.0,0.0,0.0,66
2023-05-10 14:38:51,b2311-P-3800,b2311-P-3800,83.5,0.0,0.0,0.0,1,29.5,0.0,0,83.5,0.0,0.0,0.0,0.0,0.0,66
2023-05-10 14:38:51,b2311-P-3800,b2311-P-3800,83.5,0.0,0.0,0.0,10,30.0,0.0,0,83.5,0.0,0.0,0.0,0.0,0.0,66
2023-05-10 14:38:52,b2311-P-3800,b2311-P-3800,83.5,0.0,0.0,0.0,1,30.5,0.0,0,83.5,0.0,0.0,0.0,0.0,0.0,66
2023-05-10 14:38:52,b2311-P-3800,b2311-P-3800,83.5,0.0,0.0,0.0,10,31.0,0.0,0,83.5,0.0,0.0,0.0,0.0,0.0,66
2023-05-10 14:38:53,b2311-P-3800,b2311-P-3800,83.5,0.0,0.0,0.0,1,31.5,0.0,0,83.5,0.0,0.0,0.0,0.0,0.0,66
2023-05-10 14:38:53,b2311-P-3800,b2311-P-3800,83.5,0.0,0.0,0.0,10,32.0,0.0,0,83.5,0.0,0.0,0.0,0.0,0.0,66
2023-05-10 14:38:54,b2311-P-3800,b2311-P-3800,83.5,0.0,0.0,0.0,1,32.5,0.0,0,83.5,0.0,0.0,0.0,0.0,0.0,66
2023-05-10 14:38:54,b2311-P-3800,b2311-P-3800,83.5,0.0,0.0,0.0,10,33.0,0.0,0,83.5,0.0,0.0,0.0,0.0,0.0,66
2023-05-10 14:38:56,b2311-P-3800,b2311-P-3800,83.5,0.0,0.0,0.0,1,33.5,0.0,0,83.5,0.0,0.0,0.0,0.0,0.0,66
2023-05-10 14:38:56,b2311-P-3800,b2311-P-3800,83.5,0.0,0.0,0.0,10,34.0,0.0,0,83.5,0.0,0.0,0.0,0.0,0.0,66
2023-05-10 14:59:02,b2311-P-3800,b2311-P-3800,83.5,0.0,0.0,0.0,1,6.5,0.0,0,83.5,0.0,0.0,0.0,0.0,0.0,66
2023-05-10 14:59:08,b2311-P-3800,b2311-P-3800,83.5,0.0,0.0,0.0,1,14.5,0.0,0,83.5,0.0,0.0,0.0,0.0,0.0,66
2023-05-10 15:01:15,b2311-P-3800,b2311-P-3800,83.5,0.0,0.0,0.0,1,14.5,0.0,0,83.5,0.0,0.0,0.0,0.0,0.0,66
