time,symbol_id,symbol_name,last,trade_volume,trade_amount,open_interest_change,bv1,bp1,ap1,av1,yesterday_close,today_open,today_high,today_low,volume,amount,open_interest
2023-05-09 20:55:57,b2311-P-3900,b2311-P-3900,119.0,0.0,0.0,0.0,1,0.5,0.0,0,119.0,0.0,0.0,0.0,0.0,0.0,43
2023-05-09 21:00:22,b2311-P-3900,b2311-P-3900,119.0,0.0,0.0,0.0,10,1.0,0.0,0,119.0,0.0,0.0,0.0,0.0,0.0,43
2023-05-09 21:01:46,b2311-P-3900,b2311-P-3900,119.0,0.0,0.0,0.0,1,1.5,0.0,0,119.0,0.0,0.0,0.0,0.0,0.0,43
2023-05-09 21:01:46,b2311-P-3900,b2311-P-3900,119.0,0.0,0.0,0.0,10,2.0,0.0,0,119.0,0.0,0.0,0.0,0.0,0.0,43
2023-05-09 21:03:06,b2311-P-3900,b2311-P-3900,119.0,0.0,0.0,0.0,1,2.5,0.0,0,119.0,0.0,0.0,0.0,0.0,0.0,43
2023-05-09 21:03:06,b2311-P-3900,b2311-P-3900,119.0,0.0,0.0,0.0,10,3.0,0.0,0,119.0,0.0,0.0,0.0,0.0,0.0,43
2023-05-09 21:08:08,b2311-P-3900,b2311-P-3900,119.0,0.0,0.0,0.0,1,3.5,0.0,0,119.0,0.0,0.0,0.0,0.0,0.0,43
2023-05-09 21:08:09,b2311-P-3900,b2311-P-3900,119.0,0.0,0.0,0.0,10,4.0,0.0,0,119.0,0.0,0.0,0.0,0.0,0.0,43
2023-05-09 21:10:04,b2311-P-3900,b2311-P-3900,119.0,0.0,0.0,0.0,1,4.5,0.0,0,119.0,0.0,0.0,0.0,0.0,0.0,43
2023-05-09 21:10:04,b2311-P-3900,b2311-P-3900,119.0,0.0,0.0,0.0,10,5.0,0.0,0,119.0,0.0,0.0,0.0,0.0,0.0,43
2023-05-09 21:10:09,b2311-P-3900,b2311-P-3900,119.0,0.0,0.0,0.0,1,5.5,0.0,0,119.0,0.0,0.0,0.0,0.0,0.0,43
2023-05-09 21:10:09,b2311-P-3900,b2311-P-3900,119.0,0.0,0.0,0.0,10,6.0,0.0,0,119.0,0.0,0.0,0.0,0.0,0.0,43
2023-05-09 21:10:14,b2311-P-3900,b2311-P-3900,119.0,0.0,0.0,0.0,1,6.5,0.0,0,119.0,0.0,0.0,0.0,0.0,0.0,43
2023-05-09 21:10:14,b2311-P-3900,b2311-P-3900,119.0,0.0,0.0,0.0,10,7.0,0.0,0,119.0,0.0,0.0,0.0,0.0,0.0,43
2023-05-09 21:10:20,b2311-P-3900,b2311-P-3900,119.0,0.0,0.0,0.0,1,7.5,0.0,0,119.0,0.0,0.0,0.0,0.0,0.0,43
2023-05-09 21:10:20,b2311-P-3900,b2311-P-3900,119.0,0.0,0.0,0.0,10,8.0,0.0,0,119.0,0.0,0.0,0.0,0.0,0.0,43
2023-05-09 21:10:22,b2311-P-3900,b2311-P-3900,119.0,0.0,0.0,0.0,1,8.5,0.0,0,119.0,0.0,0.0,0.0,0.0,0.0,43
2023-05-09 21:10:23,b2311-P-3900,b2311-P-3900,119.0,0.0,0.0,0.0,10,9.0,0.0,0,119.0,0.0,0.0,0.0,0.0,0.0,43
2023-05-09 21:10:32,b2311-P-3900,b2311-P-3900,119.0,0.0,0.0,0.0,1,9.5,0.0,0,119.0,0.0,0.0,0.0,0.0,0.0,43
2023-05-09 21:10:33,b2311-P-3900,b2311-P-3900,119.0,0.0,0.0,0.0,10,10.0,0.0,0,119.0,0.0,0.0,0.0,0.0,0.0,43
2023-05-09 21:10:35,b2311-P-3900,b2311-P-3900,119.0,0.0,0.0,0.0,1,10.5,0.0,0,119.0,0.0,0.0,0.0,0.0,0.0,43
2023-05-09 21:10:36,b2311-P-3900,b2311-P-3900,119.0,0.0,0.0,0.0,10,11.0,0.0,0,119.0,0.0,0.0,0.0,0.0,0.0,43
2023-05-09 21:10:38,b2311-P-3900,b2311-P-3900,119.0,0.0,0.0,0.0,1,11.5,0.0,0,119.0,0.0,0.0,0.0,0.0,0.0,43
2023-05-09 21:10:38,b2311-P-3900,b2311-P-3900,119.0,0.0,0.0,0.0,10,12.0,0.0,0,119.0,0.0,0.0,0.0,0.0,0.0,43
2023-05-09 21:10:39,b2311-P-3900,b2311-P-3900,119.0,0.0,0.0,0.0,1,12.5,0.0,0,119.0,0.0,0.0,0.0,0.0,0.0,43
2023-05-09 21:10:39,b2311-P-3900,b2311-P-3900,119.0,0.0,0.0,0.0,10,13.0,0.0,0,119.0,0.0,0.0,0.0,0.0,0.0,43
2023-05-09 21:10:41,b2311-P-3900,b2311-P-3900,119.0,0.0,0.0,0.0,1,13.5,0.0,0,119.0,0.0,0.0,0.0,0.0,0.0,43
2023-05-09 21:10:41,b2311-P-3900,b2311-P-3900,119.0,0.0,0.0,0.0,10,14.0,0.0,0,119.0,0.0,0.0,0.0,0.0,0.0,43
2023-05-09 21:10:42,b2311-P-3900,b2311-P-3900,119.0,0.0,0.0,0.0,1,14.5,0.0,0,119.0,0.0,0.0,0.0,0.0,0.0,43
2023-05-09 21:10:42,b2311-P-3900,b2311-P-3900,119.0,0.0,0.0,0.0,10,15.0,0.0,0,119.0,0.0,0.0,0.0,0.0,0.0,43
2023-05-09 21:10:44,b2311-P-3900,b2311-P-3900,119.0,0.0,0.0,0.0,1,15.5,0.0,0,119.0,0.0,0.0,0.0,0.0,0.0,43
2023-05-09 21:10:45,b2311-P-3900,b2311-P-3900,119.0,0.0,0.0,0.0,10,16.0,0.0,0,119.0,0.0,0.0,0.0,0.0,0.0,43
2023-05-09 21:10:47,b2311-P-3900,b2311-P-3900,119.0,0.0,0.0,0.0,1,16.5,0.0,0,119.0,0.0,0.0,0.0,0.0,0.0,43
2023-05-09 21:10:47,b2311-P-3900,b2311-P-3900,119.0,0.0,0.0,0.0,10,17.0,0.0,0,119.0,0.0,0.0,0.0,0.0,0.0,43
2023-05-09 21:10:50,b2311-P-3900,b2311-P-3900,119.0,0.0,0.0,0.0,1,17.5,0.0,0,119.0,0.0,0.0,0.0,0.0,0.0,43
2023-05-09 21:10:50,b2311-P-3900,b2311-P-3900,119.0,0.0,0.0,0.0,10,18.0,0.0,0,119.0,0.0,0.0,0.0,0.0,0.0,43
2023-05-09 21:10:54,b2311-P-3900,b2311-P-3900,119.0,0.0,0.0,0.0,1,18.5,0.0,0,119.0,0.0,0.0,0.0,0.0,0.0,43
2023-05-09 21:10:54,b2311-P-3900,b2311-P-3900,119.0,0.0,0.0,0.0,10,19.0,0.0,0,119.0,0.0,0.0,0.0,0.0,0.0,43
2023-05-09 21:10:57,b2311-P-3900,b2311-P-3900,119.0,0.0,0.0,0.0,1,19.5,0.0,0,119.0,0.0,0.0,0.0,0.0,0.0,43
2023-05-09 21:10:57,b2311-P-3900,b2311-P-3900,119.0,0.0,0.0,0.0,10,20.0,0.0,0,119.0,0.0,0.0,0.0,0.0,0.0,43
2023-05-09 21:11:00,b2311-P-3900,b2311-P-3900,119.0,0.0,0.0,0.0,1,20.5,0.0,0,119.0,0.0,0.0,0.0,0.0,0.0,43
2023-05-09 21:11:00,b2311-P-3900,b2311-P-3900,119.0,0.0,0.0,0.0,10,21.0,0.0,0,119.0,0.0,0.0,0.0,0.0,0.0,43
2023-05-09 21:11:04,b2311-P-3900,b2311-P-3900,119.0,0.0,0.0,0.0,1,21.5,0.0,0,119.0,0.0,0.0,0.0,0.0,0.0,43
2023-05-09 21:11:04,b2311-P-3900,b2311-P-3900,119.0,0.0,0.0,0.0,10,22.0,0.0,0,119.0,0.0,0.0,0.0,0.0,0.0,43
2023-05-09 21:11:12,b2311-P-3900,b2311-P-3900,119.0,0.0,0.0,0.0,1,22.5,0.0,0,119.0,0.0,0.0,0.0,0.0,0.0,43
2023-05-09 21:11:12,b2311-P-3900,b2311-P-3900,119.0,0.0,0.0,0.0,10,23.0,0.0,0,119.0,0.0,0.0,0.0,0.0,0.0,43
2023-05-09 21:11:17,b2311-P-3900,b2311-P-3900,119.0,0.0,0.0,0.0,1,23.5,0.0,0,119.0,0.0,0.0,0.0,0.0,0.0,43
2023-05-09 21:11:17,b2311-P-3900,b2311-P-3900,119.0,0.0,0.0,0.0,10,24.0,0.0,0,119.0,0.0,0.0,0.0,0.0,0.0,43
2023-05-09 21:11:29,b2311-P-3900,b2311-P-3900,119.0,0.0,0.0,0.0,1,24.5,0.0,0,119.0,0.0,0.0,0.0,0.0,0.0,43
2023-05-09 21:11:29,b2311-P-3900,b2311-P-3900,119.0,0.0,0.0,0.0,10,25.0,0.0,0,119.0,0.0,0.0,0.0,0.0,0.0,43
2023-05-09 21:11:31,b2311-P-3900,b2311-P-3900,119.0,0.0,0.0,0.0,1,25.5,0.0,0,119.0,0.0,0.0,0.0,0.0,0.0,43
2023-05-09 21:11:31,b2311-P-3900,b2311-P-3900,119.0,0.0,0.0,0.0,10,26.0,0.0,0,119.0,0.0,0.0,0.0,0.0,0.0,43
2023-05-09 21:11:35,b2311-P-3900,b2311-P-3900,119.0,0.0,0.0,0.0,1,26.5,0.0,0,119.0,0.0,0.0,0.0,0.0,0.0,43
2023-05-09 21:11:35,b2311-P-3900,b2311-P-3900,119.0,0.0,0.0,0.0,10,27.0,0.0,0,119.0,0.0,0.0,0.0,0.0,0.0,43
2023-05-09 21:11:52,b2311-P-3900,b2311-P-3900,119.0,0.0,0.0,0.0,1,27.5,0.0,0,119.0,0.0,0.0,0.0,0.0,0.0,43
2023-05-09 21:11:52,b2311-P-3900,b2311-P-3900,119.0,0.0,0.0,0.0,10,28.0,0.0,0,119.0,0.0,0.0,0.0,0.0,0.0,43
2023-05-09 21:12:05,b2311-P-3900,b2311-P-3900,119.0,0.0,0.0,0.0,1,28.5,0.0,0,119.0,0.0,0.0,0.0,0.0,0.0,43
2023-05-09 21:12:05,b2311-P-3900,b2311-P-3900,119.0,0.0,0.0,0.0,10,29.0,0.0,0,119.0,0.0,0.0,0.0,0.0,0.0,43
2023-05-09 21:13:24,b2311-P-3900,b2311-P-3900,119.0,0.0,0.0,0.0,1,29.5,0.0,0,119.0,0.0,0.0,0.0,0.0,0.0,43
2023-05-09 21:13:24,b2311-P-3900,b2311-P-3900,119.0,0.0,0.0,0.0,10,30.0,0.0,0,119.0,0.0,0.0,0.0,0.0,0.0,43
2023-05-09 21:14:38,b2311-P-3900,b2311-P-3900,119.0,0.0,0.0,0.0,1,30.5,0.0,0,119.0,0.0,0.0,0.0,0.0,0.0,43
2023-05-09 21:14:38,b2311-P-3900,b2311-P-3900,119.0,0.0,0.0,0.0,10,31.0,0.0,0,119.0,0.0,0.0,0.0,0.0,0.0,43
2023-05-09 21:15:11,b2311-P-3900,b2311-P-3900,119.0,0.0,0.0,0.0,1,31.5,0.0,0,119.0,0.0,0.0,0.0,0.0,0.0,43
2023-05-09 21:15:11,b2311-P-3900,b2311-P-3900,119.0,0.0,0.0,0.0,10,32.0,0.0,0,119.0,0.0,0.0,0.0,0.0,0.0,43
2023-05-09 21:16:49,b2311-P-3900,b2311-P-3900,119.0,0.0,0.0,0.0,1,32.5,0.0,0,119.0,0.0,0.0,0.0,0.0,0.0,43
2023-05-09 21:16:49,b2311-P-3900,b2311-P-3900,119.0,0.0,0.0,0.0,10,33.0,0.0,0,119.0,0.0,0.0,0.0,0.0,0.0,43
2023-05-09 21:16:54,b2311-P-3900,b2311-P-3900,119.0,0.0,0.0,0.0,1,33.5,0.0,0,119.0,0.0,0.0,0.0,0.0,0.0,43
2023-05-09 21:16:55,b2311-P-3900,b2311-P-3900,119.0,0.0,0.0,0.0,10,34.0,0.0,0,119.0,0.0,0.0,0.0,0.0,0.0,43
2023-05-09 21:16:56,b2311-P-3900,b2311-P-3900,119.0,0.0,0.0,0.0,1,34.5,0.0,0,119.0,0.0,0.0,0.0,0.0,0.0,43
2023-05-09 21:16:56,b2311-P-3900,b2311-P-3900,119.0,0.0,0.0,0.0,10,35.0,0.0,0,119.0,0.0,0.0,0.0,0.0,0.0,43
2023-05-09 21:17:02,b2311-P-3900,b2311-P-3900,119.0,0.0,0.0,0.0,1,35.5,0.0,0,119.0,0.0,0.0,0.0,0.0,0.0,43
2023-05-09 21:17:02,b2311-P-3900,b2311-P-3900,119.0,0.0,0.0,0.0,10,36.0,0.0,0,119.0,0.0,0.0,0.0,0.0,0.0,43
2023-05-09 21:17:05,b2311-P-3900,b2311-P-3900,119.0,0.0,0.0,0.0,1,36.5,0.0,0,119.0,0.0,0.0,0.0,0.0,0.0,43
2023-05-09 21:17:05,b2311-P-3900,b2311-P-3900,119.0,0.0,0.0,0.0,10,37.0,0.0,0,119.0,0.0,0.0,0.0,0.0,0.0,43
2023-05-09 21:17:13,b2311-P-3900,b2311-P-3900,119.0,0.0,0.0,0.0,1,37.5,0.0,0,119.0,0.0,0.0,0.0,0.0,0.0,43
2023-05-09 21:17:13,b2311-P-3900,b2311-P-3900,119.0,0.0,0.0,0.0,10,38.0,0.0,0,119.0,0.0,0.0,0.0,0.0,0.0,43
2023-05-09 21:17:19,b2311-P-3900,b2311-P-3900,119.0,0.0,0.0,0.0,1,38.5,0.0,0,119.0,0.0,0.0,0.0,0.0,0.0,43
2023-05-09 21:17:19,b2311-P-3900,b2311-P-3900,119.0,0.0,0.0,0.0,10,39.0,0.0,0,119.0,0.0,0.0,0.0,0.0,0.0,43
2023-05-09 21:17:20,b2311-P-3900,b2311-P-3900,119.0,0.0,0.0,0.0,1,39.5,0.0,0,119.0,0.0,0.0,0.0,0.0,0.0,43
2023-05-09 21:17:20,b2311-P-3900,b2311-P-3900,119.0,0.0,0.0,0.0,10,40.0,0.0,0,119.0,0.0,0.0,0.0,0.0,0.0,43
2023-05-09 21:17:24,b2311-P-3900,b2311-P-3900,119.0,0.0,0.0,0.0,10,41.0,0.0,0,119.0,0.0,0.0,0.0,0.0,0.0,43
2023-05-09 21:17:31,b2311-P-3900,b2311-P-3900,119.0,0.0,0.0,0.0,1,41.5,0.0,0,119.0,0.0,0.0,0.0,0.0,0.0,43
2023-05-09 21:17:31,b2311-P-3900,b2311-P-3900,119.0,0.0,0.0,0.0,10,42.0,0.0,0,119.0,0.0,0.0,0.0,0.0,0.0,43
2023-05-09 21:18:25,b2311-P-3900,b2311-P-3900,119.0,0.0,0.0,0.0,1,42.5,0.0,0,119.0,0.0,0.0,0.0,0.0,0.0,43
2023-05-09 21:18:25,b2311-P-3900,b2311-P-3900,119.0,0.0,0.0,0.0,10,43.0,0.0,0,119.0,0.0,0.0,0.0,0.0,0.0,43
2023-05-09 21:18:31,b2311-P-3900,b2311-P-3900,119.0,0.0,0.0,0.0,1,43.5,0.0,0,119.0,0.0,0.0,0.0,0.0,0.0,43
2023-05-09 21:18:31,b2311-P-3900,b2311-P-3900,119.0,0.0,0.0,0.0,10,44.0,0.0,0,119.0,0.0,0.0,0.0,0.0,0.0,43
2023-05-09 21:18:38,b2311-P-3900,b2311-P-3900,119.0,0.0,0.0,0.0,1,44.5,0.0,0,119.0,0.0,0.0,0.0,0.0,0.0,43
2023-05-09 21:18:38,b2311-P-3900,b2311-P-3900,119.0,0.0,0.0,0.0,10,45.0,0.0,0,119.0,0.0,0.0,0.0,0.0,0.0,43
2023-05-09 21:18:51,b2311-P-3900,b2311-P-3900,119.0,0.0,0.0,0.0,1,45.5,0.0,0,119.0,0.0,0.0,0.0,0.0,0.0,43
2023-05-09 21:18:51,b2311-P-3900,b2311-P-3900,119.0,0.0,0.0,0.0,10,46.0,0.0,0,119.0,0.0,0.0,0.0,0.0,0.0,43
2023-05-09 21:18:52,b2311-P-3900,b2311-P-3900,119.0,0.0,0.0,0.0,1,46.5,0.0,0,119.0,0.0,0.0,0.0,0.0,0.0,43
2023-05-09 21:18:52,b2311-P-3900,b2311-P-3900,119.0,0.0,0.0,0.0,10,47.0,0.0,0,119.0,0.0,0.0,0.0,0.0,0.0,43
2023-05-09 21:18:53,b2311-P-3900,b2311-P-3900,119.0,0.0,0.0,0.0,1,47.5,0.0,0,119.0,0.0,0.0,0.0,0.0,0.0,43
2023-05-09 21:18:53,b2311-P-3900,b2311-P-3900,119.0,0.0,0.0,0.0,10,48.0,0.0,0,119.0,0.0,0.0,0.0,0.0,0.0,43
2023-05-09 21:18:56,b2311-P-3900,b2311-P-3900,119.0,0.0,0.0,0.0,1,48.5,0.0,0,119.0,0.0,0.0,0.0,0.0,0.0,43
2023-05-09 21:18:57,b2311-P-3900,b2311-P-3900,119.0,0.0,0.0,0.0,10,49.0,0.0,0,119.0,0.0,0.0,0.0,0.0,0.0,43
2023-05-09 21:18:57,b2311-P-3900,b2311-P-3900,119.0,0.0,0.0,0.0,1,49.5,0.0,0,119.0,0.0,0.0,0.0,0.0,0.0,43
2023-05-09 21:18:59,b2311-P-3900,b2311-P-3900,119.0,0.0,0.0,0.0,10,50.0,0.0,0,119.0,0.0,0.0,0.0,0.0,0.0,43
2023-05-09 21:19:07,b2311-P-3900,b2311-P-3900,119.0,0.0,0.0,0.0,1,50.5,0.0,0,119.0,0.0,0.0,0.0,0.0,0.0,43
2023-05-09 21:19:07,b2311-P-3900,b2311-P-3900,119.0,0.0,0.0,0.0,10,51.0,0.0,0,119.0,0.0,0.0,0.0,0.0,0.0,43
2023-05-09 21:19:09,b2311-P-3900,b2311-P-3900,119.0,0.0,0.0,0.0,1,51.5,0.0,0,119.0,0.0,0.0,0.0,0.0,0.0,43
2023-05-09 21:19:09,b2311-P-3900,b2311-P-3900,119.0,0.0,0.0,0.0,10,52.0,0.0,0,119.0,0.0,0.0,0.0,0.0,0.0,43
2023-05-09 21:19:13,b2311-P-3900,b2311-P-3900,119.0,0.0,0.0,0.0,1,52.5,0.0,0,119.0,0.0,0.0,0.0,0.0,0.0,43
2023-05-09 21:19:13,b2311-P-3900,b2311-P-3900,119.0,0.0,0.0,0.0,10,53.0,0.0,0,119.0,0.0,0.0,0.0,0.0,0.0,43
2023-05-09 21:19:15,b2311-P-3900,b2311-P-3900,119.0,0.0,0.0,0.0,1,53.5,0.0,0,119.0,0.0,0.0,0.0,0.0,0.0,43
2023-05-09 21:19:15,b2311-P-3900,b2311-P-3900,119.0,0.0,0.0,0.0,10,54.0,0.0,0,119.0,0.0,0.0,0.0,0.0,0.0,43
2023-05-09 21:19:16,b2311-P-3900,b2311-P-3900,119.0,0.0,0.0,0.0,1,54.5,0.0,0,119.0,0.0,0.0,0.0,0.0,0.0,43
2023-05-09 21:19:16,b2311-P-3900,b2311-P-3900,119.0,0.0,0.0,0.0,10,55.0,0.0,0,119.0,0.0,0.0,0.0,0.0,0.0,43
2023-05-09 22:56:53,b2311-P-3900,b2311-P-3900,119.0,0.0,0.0,0.0,2,2.5,0.0,0,119.0,0.0,0.0,0.0,0.0,0.0,43
2023-05-09 22:56:53,b2311-P-3900,b2311-P-3900,119.0,0.0,0.0,0.0,1,3.0,0.0,0,119.0,0.0,0.0,0.0,0.0,0.0,43
2023-05-09 22:56:53,b2311-P-3900,b2311-P-3900,119.0,0.0,0.0,0.0,1,3.5,0.0,0,119.0,0.0,0.0,0.0,0.0,0.0,43
2023-05-09 22:59:18,b2311-P-3900,b2311-P-3900,119.0,0.0,0.0,0.0,10,4.0,0.0,0,119.0,0.0,0.0,0.0,0.0,0.0,43
2023-05-09 22:59:56,b2311-P-3900,b2311-P-3900,119.0,0.0,0.0,0.0,1,3.5,0.0,0,119.0,0.0,0.0,0.0,0.0,0.0,43
2023-05-10 09:00:15,b2311-P-3900,b2311-P-3900,119.0,0.0,0.0,0.0,10,4.0,0.0,0,119.0,0.0,0.0,0.0,0.0,0.0,43
2023-05-10 09:00:35,b2311-P-3900,b2311-P-3900,119.0,0.0,0.0,0.0,1,4.5,0.0,0,119.0,0.0,0.0,0.0,0.0,0.0,43
2023-05-10 09:00:35,b2311-P-3900,b2311-P-3900,119.0,0.0,0.0,0.0,10,5.0,0.0,0,119.0,0.0,0.0,0.0,0.0,0.0,43
2023-05-10 09:02:30,b2311-P-3900,b2311-P-3900,119.0,0.0,0.0,0.0,1,5.5,0.0,0,119.0,0.0,0.0,0.0,0.0,0.0,43
2023-05-10 09:02:30,b2311-P-3900,b2311-P-3900,119.0,0.0,0.0,0.0,10,6.0,0.0,0,119.0,0.0,0.0,0.0,0.0,0.0,43
2023-05-10 09:04:05,b2311-P-3900,b2311-P-3900,119.0,0.0,0.0,0.0,1,6.5,0.0,0,119.0,0.0,0.0,0.0,0.0,0.0,43
2023-05-10 09:04:05,b2311-P-3900,b2311-P-3900,119.0,0.0,0.0,0.0,10,7.0,0.0,0,119.0,0.0,0.0,0.0,0.0,0.0,43
2023-05-10 09:04:09,b2311-P-3900,b2311-P-3900,119.0,0.0,0.0,0.0,1,7.5,0.0,0,119.0,0.0,0.0,0.0,0.0,0.0,43
2023-05-10 09:04:09,b2311-P-3900,b2311-P-3900,119.0,0.0,0.0,0.0,10,8.0,0.0,0,119.0,0.0,0.0,0.0,0.0,0.0,43
2023-05-10 09:04:21,b2311-P-3900,b2311-P-3900,119.0,0.0,0.0,0.0,1,8.5,0.0,0,119.0,0.0,0.0,0.0,0.0,0.0,43
2023-05-10 09:04:21,b2311-P-3900,b2311-P-3900,119.0,0.0,0.0,0.0,10,9.0,0.0,0,119.0,0.0,0.0,0.0,0.0,0.0,43
2023-05-10 09:04:33,b2311-P-3900,b2311-P-3900,119.0,0.0,0.0,0.0,1,9.5,0.0,0,119.0,0.0,0.0,0.0,0.0,0.0,43
2023-05-10 09:04:33,b2311-P-3900,b2311-P-3900,119.0,0.0,0.0,0.0,10,10.0,0.0,0,119.0,0.0,0.0,0.0,0.0,0.0,43
2023-05-10 09:04:37,b2311-P-3900,b2311-P-3900,119.0,0.0,0.0,0.0,1,10.5,0.0,0,119.0,0.0,0.0,0.0,0.0,0.0,43
2023-05-10 09:04:37,b2311-P-3900,b2311-P-3900,119.0,0.0,0.0,0.0,10,11.0,0.0,0,119.0,0.0,0.0,0.0,0.0,0.0,43
2023-05-10 09:04:41,b2311-P-3900,b2311-P-3900,119.0,0.0,0.0,0.0,1,11.5,0.0,0,119.0,0.0,0.0,0.0,0.0,0.0,43
2023-05-10 09:04:41,b2311-P-3900,b2311-P-3900,119.0,0.0,0.0,0.0,10,12.0,0.0,0,119.0,0.0,0.0,0.0,0.0,0.0,43
2023-05-10 09:04:43,b2311-P-3900,b2311-P-3900,119.0,0.0,0.0,0.0,1,12.5,0.0,0,119.0,0.0,0.0,0.0,0.0,0.0,43
2023-05-10 09:04:43,b2311-P-3900,b2311-P-3900,119.0,0.0,0.0,0.0,10,13.0,0.0,0,119.0,0.0,0.0,0.0,0.0,0.0,43
2023-05-10 09:04:45,b2311-P-3900,b2311-P-3900,119.0,0.0,0.0,0.0,1,13.5,0.0,0,119.0,0.0,0.0,0.0,0.0,0.0,43
2023-05-10 09:04:45,b2311-P-3900,b2311-P-3900,119.0,0.0,0.0,0.0,10,14.0,0.0,0,119.0,0.0,0.0,0.0,0.0,0.0,43
2023-05-10 09:04:55,b2311-P-3900,b2311-P-3900,119.0,0.0,0.0,0.0,1,14.5,0.0,0,119.0,0.0,0.0,0.0,0.0,0.0,43
2023-05-10 09:04:55,b2311-P-3900,b2311-P-3900,119.0,0.0,0.0,0.0,10,15.0,0.0,0,119.0,0.0,0.0,0.0,0.0,0.0,43
2023-05-10 09:04:57,b2311-P-3900,b2311-P-3900,119.0,0.0,0.0,0.0,1,15.5,0.0,0,119.0,0.0,0.0,0.0,0.0,0.0,43
2023-05-10 09:04:57,b2311-P-3900,b2311-P-3900,119.0,0.0,0.0,0.0,10,16.0,0.0,0,119.0,0.0,0.0,0.0,0.0,0.0,43
2023-05-10 09:05:30,b2311-P-3900,b2311-P-3900,119.0,0.0,0.0,0.0,1,16.5,0.0,0,119.0,0.0,0.0,0.0,0.0,0.0,43
2023-05-10 09:05:30,b2311-P-3900,b2311-P-3900,119.0,0.0,0.0,0.0,10,17.0,0.0,0,119.0,0.0,0.0,0.0,0.0,0.0,43
2023-05-10 09:05:34,b2311-P-3900,b2311-P-3900,119.0,0.0,0.0,0.0,1,17.5,0.0,0,119.0,0.0,0.0,0.0,0.0,0.0,43
2023-05-10 09:05:34,b2311-P-3900,b2311-P-3900,119.0,0.0,0.0,0.0,10,18.0,0.0,0,119.0,0.0,0.0,0.0,0.0,0.0,43
2023-05-10 09:05:40,b2311-P-3900,b2311-P-3900,119.0,0.0,0.0,0.0,1,18.5,0.0,0,119.0,0.0,0.0,0.0,0.0,0.0,43
2023-05-10 09:05:40,b2311-P-3900,b2311-P-3900,119.0,0.0,0.0,0.0,10,19.0,0.0,0,119.0,0.0,0.0,0.0,0.0,0.0,43
2023-05-10 09:06:01,b2311-P-3900,b2311-P-3900,119.0,0.0,0.0,0.0,1,19.5,0.0,0,119.0,0.0,0.0,0.0,0.0,0.0,43
2023-05-10 09:06:01,b2311-P-3900,b2311-P-3900,119.0,0.0,0.0,0.0,10,20.0,0.0,0,119.0,0.0,0.0,0.0,0.0,0.0,43
2023-05-10 09:06:18,b2311-P-3900,b2311-P-3900,119.0,0.0,0.0,0.0,1,20.5,0.0,0,119.0,0.0,0.0,0.0,0.0,0.0,43
2023-05-10 09:06:18,b2311-P-3900,b2311-P-3900,119.0,0.0,0.0,0.0,10,21.0,0.0,0,119.0,0.0,0.0,0.0,0.0,0.0,43
2023-05-10 09:06:32,b2311-P-3900,b2311-P-3900,119.0,0.0,0.0,0.0,1,21.5,0.0,0,119.0,0.0,0.0,0.0,0.0,0.0,43
2023-05-10 09:06:32,b2311-P-3900,b2311-P-3900,119.0,0.0,0.0,0.0,10,22.0,0.0,0,119.0,0.0,0.0,0.0,0.0,0.0,43
2023-05-10 09:06:36,b2311-P-3900,b2311-P-3900,119.0,0.0,0.0,0.0,1,22.5,0.0,0,119.0,0.0,0.0,0.0,0.0,0.0,43
2023-05-10 09:06:37,b2311-P-3900,b2311-P-3900,119.0,0.0,0.0,0.0,10,23.0,0.0,0,119.0,0.0,0.0,0.0,0.0,0.0,43
2023-05-10 09:06:44,b2311-P-3900,b2311-P-3900,119.0,0.0,0.0,0.0,1,23.5,0.0,0,119.0,0.0,0.0,0.0,0.0,0.0,43
2023-05-10 09:06:44,b2311-P-3900,b2311-P-3900,119.0,0.0,0.0,0.0,10,24.0,0.0,0,119.0,0.0,0.0,0.0,0.0,0.0,43
2023-05-10 09:07:09,b2311-P-3900,b2311-P-3900,119.0,0.0,0.0,0.0,1,24.5,0.0,0,119.0,0.0,0.0,0.0,0.0,0.0,43
2023-05-10 09:07:09,b2311-P-3900,b2311-P-3900,119.0,0.0,0.0,0.0,10,25.0,0.0,0,119.0,0.0,0.0,0.0,0.0,0.0,43
2023-05-10 09:07:44,b2311-P-3900,b2311-P-3900,119.0,0.0,0.0,0.0,1,25.5,0.0,0,119.0,0.0,0.0,0.0,0.0,0.0,43
2023-05-10 09:07:44,b2311-P-3900,b2311-P-3900,119.0,0.0,0.0,0.0,10,26.0,0.0,0,119.0,0.0,0.0,0.0,0.0,0.0,43
2023-05-10 09:07:51,b2311-P-3900,b2311-P-3900,119.0,0.0,0.0,0.0,1,26.5,0.0,0,119.0,0.0,0.0,0.0,0.0,0.0,43
2023-05-10 09:07:51,b2311-P-3900,b2311-P-3900,119.0,0.0,0.0,0.0,10,27.0,0.0,0,119.0,0.0,0.0,0.0,0.0,0.0,43
2023-05-10 09:08:00,b2311-P-3900,b2311-P-3900,119.0,0.0,0.0,0.0,1,27.5,0.0,0,119.0,0.0,0.0,0.0,0.0,0.0,43
2023-05-10 09:08:00,b2311-P-3900,b2311-P-3900,119.0,0.0,0.0,0.0,10,28.0,0.0,0,119.0,0.0,0.0,0.0,0.0,0.0,43
2023-05-10 09:08:03,b2311-P-3900,b2311-P-3900,119.0,0.0,0.0,0.0,1,28.5,0.0,0,119.0,0.0,0.0,0.0,0.0,0.0,43
2023-05-10 09:08:03,b2311-P-3900,b2311-P-3900,119.0,0.0,0.0,0.0,10,29.0,0.0,0,119.0,0.0,0.0,0.0,0.0,0.0,43
2023-05-10 09:08:07,b2311-P-3900,b2311-P-3900,119.0,0.0,0.0,0.0,1,29.5,0.0,0,119.0,0.0,0.0,0.0,0.0,0.0,43
2023-05-10 09:08:07,b2311-P-3900,b2311-P-3900,119.0,0.0,0.0,0.0,10,30.0,0.0,0,119.0,0.0,0.0,0.0,0.0,0.0,43
2023-05-10 09:09:16,b2311-P-3900,b2311-P-3900,119.0,0.0,0.0,0.0,1,30.5,0.0,0,119.0,0.0,0.0,0.0,0.0,0.0,43
2023-05-10 09:09:16,b2311-P-3900,b2311-P-3900,119.0,0.0,0.0,0.0,10,31.0,0.0,0,119.0,0.0,0.0,0.0,0.0,0.0,43
2023-05-10 09:10:09,b2311-P-3900,b2311-P-3900,119.0,0.0,0.0,0.0,1,31.5,0.0,0,119.0,0.0,0.0,0.0,0.0,0.0,43
2023-05-10 09:10:10,b2311-P-3900,b2311-P-3900,119.0,0.0,0.0,0.0,10,32.0,0.0,0,119.0,0.0,0.0,0.0,0.0,0.0,43
2023-05-10 09:10:15,b2311-P-3900,b2311-P-3900,119.0,0.0,0.0,0.0,1,32.5,0.0,0,119.0,0.0,0.0,0.0,0.0,0.0,43
2023-05-10 09:10:15,b2311-P-3900,b2311-P-3900,119.0,0.0,0.0,0.0,10,33.0,0.0,0,119.0,0.0,0.0,0.0,0.0,0.0,43
2023-05-10 09:10:19,b2311-P-3900,b2311-P-3900,119.0,0.0,0.0,0.0,1,33.5,0.0,0,119.0,0.0,0.0,0.0,0.0,0.0,43
2023-05-10 09:10:19,b2311-P-3900,b2311-P-3900,119.0,0.0,0.0,0.0,10,34.0,0.0,0,119.0,0.0,0.0,0.0,0.0,0.0,43
2023-05-10 09:10:20,b2311-P-3900,b2311-P-3900,119.0,0.0,0.0,0.0,1,34.5,0.0,0,119.0,0.0,0.0,0.0,0.0,0.0,43
2023-05-10 09:10:20,b2311-P-3900,b2311-P-3900,119.0,0.0,0.0,0.0,10,35.0,0.0,0,119.0,0.0,0.0,0.0,0.0,0.0,43
2023-05-10 09:10:21,b2311-P-3900,b2311-P-3900,119.0,0.0,0.0,0.0,1,35.5,0.0,0,119.0,0.0,0.0,0.0,0.0,0.0,43
2023-05-10 09:10:21,b2311-P-3900,b2311-P-3900,119.0,0.0,0.0,0.0,10,36.0,0.0,0,119.0,0.0,0.0,0.0,0.0,0.0,43
2023-05-10 09:10:22,b2311-P-3900,b2311-P-3900,119.0,0.0,0.0,0.0,1,36.5,0.0,0,119.0,0.0,0.0,0.0,0.0,0.0,43
2023-05-10 09:10:22,b2311-P-3900,b2311-P-3900,119.0,0.0,0.0,0.0,10,37.0,0.0,0,119.0,0.0,0.0,0.0,0.0,0.0,43
2023-05-10 09:10:23,b2311-P-3900,b2311-P-3900,119.0,0.0,0.0,0.0,1,37.5,0.0,0,119.0,0.0,0.0,0.0,0.0,0.0,43
2023-05-10 09:10:24,b2311-P-3900,b2311-P-3900,119.0,0.0,0.0,0.0,10,38.0,0.0,0,119.0,0.0,0.0,0.0,0.0,0.0,43
2023-05-10 09:10:25,b2311-P-3900,b2311-P-3900,119.0,0.0,0.0,0.0,1,38.5,0.0,0,119.0,0.0,0.0,0.0,0.0,0.0,43
2023-05-10 09:10:25,b2311-P-3900,b2311-P-3900,119.0,0.0,0.0,0.0,10,39.0,0.0,0,119.0,0.0,0.0,0.0,0.0,0.0,43
2023-05-10 09:10:26,b2311-P-3900,b2311-P-3900,119.0,0.0,0.0,0.0,1,39.5,0.0,0,119.0,0.0,0.0,0.0,0.0,0.0,43
2023-05-10 09:10:26,b2311-P-3900,b2311-P-3900,119.0,0.0,0.0,0.0,10,40.0,0.0,0,119.0,0.0,0.0,0.0,0.0,0.0,43
2023-05-10 09:10:27,b2311-P-3900,b2311-P-3900,119.0,0.0,0.0,0.0,1,40.5,0.0,0,119.0,0.0,0.0,0.0,0.0,0.0,43
2023-05-10 09:10:27,b2311-P-3900,b2311-P-3900,119.0,0.0,0.0,0.0,10,41.0,0.0,0,119.0,0.0,0.0,0.0,0.0,0.0,43
2023-05-10 09:10:28,b2311-P-3900,b2311-P-3900,119.0,0.0,0.0,0.0,1,41.5,0.0,0,119.0,0.0,0.0,0.0,0.0,0.0,43
2023-05-10 09:10:28,b2311-P-3900,b2311-P-3900,119.0,0.0,0.0,0.0,10,42.0,0.0,0,119.0,0.0,0.0,0.0,0.0,0.0,43
2023-05-10 09:10:29,b2311-P-3900,b2311-P-3900,119.0,0.0,0.0,0.0,1,42.5,0.0,0,119.0,0.0,0.0,0.0,0.0,0.0,43
2023-05-10 09:10:30,b2311-P-3900,b2311-P-3900,119.0,0.0,0.0,0.0,10,43.0,0.0,0,119.0,0.0,0.0,0.0,0.0,0.0,43
2023-05-10 09:10:31,b2311-P-3900,b2311-P-3900,119.0,0.0,0.0,0.0,1,43.5,0.0,0,119.0,0.0,0.0,0.0,0.0,0.0,43
2023-05-10 09:10:31,b2311-P-3900,b2311-P-3900,119.0,0.0,0.0,0.0,10,44.0,0.0,0,119.0,0.0,0.0,0.0,0.0,0.0,43
2023-05-10 09:10:32,b2311-P-3900,b2311-P-3900,119.0,0.0,0.0,0.0,1,44.5,0.0,0,119.0,0.0,0.0,0.0,0.0,0.0,43
2023-05-10 09:10:33,b2311-P-3900,b2311-P-3900,119.0,0.0,0.0,0.0,10,45.0,0.0,0,119.0,0.0,0.0,0.0,0.0,0.0,43
2023-05-10 09:10:34,b2311-P-3900,b2311-P-3900,119.0,0.0,0.0,0.0,1,45.5,0.0,0,119.0,0.0,0.0,0.0,0.0,0.0,43
2023-05-10 09:10:34,b2311-P-3900,b2311-P-3900,119.0,0.0,0.0,0.0,10,46.0,0.0,0,119.0,0.0,0.0,0.0,0.0,0.0,43
2023-05-10 09:10:36,b2311-P-3900,b2311-P-3900,119.0,0.0,0.0,0.0,1,46.5,0.0,0,119.0,0.0,0.0,0.0,0.0,0.0,43
2023-05-10 09:10:36,b2311-P-3900,b2311-P-3900,119.0,0.0,0.0,0.0,10,47.0,0.0,0,119.0,0.0,0.0,0.0,0.0,0.0,43
2023-05-10 09:10:37,b2311-P-3900,b2311-P-3900,119.0,0.0,0.0,0.0,1,47.5,0.0,0,119.0,0.0,0.0,0.0,0.0,0.0,43
2023-05-10 09:10:37,b2311-P-3900,b2311-P-3900,119.0,0.0,0.0,0.0,10,48.0,0.0,0,119.0,0.0,0.0,0.0,0.0,0.0,43
2023-05-10 09:11:21,b2311-P-3900,b2311-P-3900,119.0,0.0,0.0,0.0,1,48.5,0.0,0,119.0,0.0,0.0,0.0,0.0,0.0,43
2023-05-10 09:11:21,b2311-P-3900,b2311-P-3900,119.0,0.0,0.0,0.0,10,49.0,0.0,0,119.0,0.0,0.0,0.0,0.0,0.0,43
2023-05-10 09:11:35,b2311-P-3900,b2311-P-3900,119.0,0.0,0.0,0.0,1,49.5,0.0,0,119.0,0.0,0.0,0.0,0.0,0.0,43
2023-05-10 09:11:35,b2311-P-3900,b2311-P-3900,119.0,0.0,0.0,0.0,10,50.0,0.0,0,119.0,0.0,0.0,0.0,0.0,0.0,43
2023-05-10 09:11:36,b2311-P-3900,b2311-P-3900,119.0,0.0,0.0,0.0,1,50.5,0.0,0,119.0,0.0,0.0,0.0,0.0,0.0,43
2023-05-10 09:11:36,b2311-P-3900,b2311-P-3900,119.0,0.0,0.0,0.0,10,51.0,0.0,0,119.0,0.0,0.0,0.0,0.0,0.0,43
2023-05-10 09:11:37,b2311-P-3900,b2311-P-3900,119.0,0.0,0.0,0.0,1,51.5,0.0,0,119.0,0.0,0.0,0.0,0.0,0.0,43
2023-05-10 09:11:37,b2311-P-3900,b2311-P-3900,119.0,0.0,0.0,0.0,10,52.0,0.0,0,119.0,0.0,0.0,0.0,0.0,0.0,43
2023-05-10 09:11:38,b2311-P-3900,b2311-P-3900,119.0,0.0,0.0,0.0,1,52.5,0.0,0,119.0,0.0,0.0,0.0,0.0,0.0,43
2023-05-10 09:11:40,b2311-P-3900,b2311-P-3900,119.0,0.0,0.0,0.0,10,53.0,0.0,0,119.0,0.0,0.0,0.0,0.0,0.0,43
2023-05-10 09:11:41,b2311-P-3900,b2311-P-3900,119.0,0.0,0.0,0.0,1,53.5,0.0,0,119.0,0.0,0.0,0.0,0.0,0.0,43
2023-05-10 09:11:43,b2311-P-3900,b2311-P-3900,119.0,0.0,0.0,0.0,10,54.0,0.0,0,119.0,0.0,0.0,0.0,0.0,0.0,43
2023-05-10 09:11:44,b2311-P-3900,b2311-P-3900,119.0,0.0,0.0,0.0,1,54.5,0.0,0,119.0,0.0,0.0,0.0,0.0,0.0,43
2023-05-10 09:11:45,b2311-P-3900,b2311-P-3900,119.0,0.0,0.0,0.0,10,55.0,0.0,0,119.0,0.0,0.0,0.0,0.0,0.0,43
2023-05-10 10:14:33,b2311-P-3900,b2311-P-3900,119.0,0.0,0.0,0.0,1,7.5,0.0,0,119.0,0.0,0.0,0.0,0.0,0.0,43
2023-05-10 10:30:06,b2311-P-3900,b2311-P-3900,119.0,0.0,0.0,0.0,10,8.0,0.0,0,119.0,0.0,0.0,0.0,0.0,0.0,43
2023-05-10 10:30:35,b2311-P-3900,b2311-P-3900,119.0,0.0,0.0,0.0,1,8.5,0.0,0,119.0,0.0,0.0,0.0,0.0,0.0,43
2023-05-10 10:30:35,b2311-P-3900,b2311-P-3900,119.0,0.0,0.0,0.0,10,9.0,0.0,0,119.0,0.0,0.0,0.0,0.0,0.0,43
2023-05-10 10:30:41,b2311-P-3900,b2311-P-3900,119.0,0.0,0.0,0.0,1,9.5,0.0,0,119.0,0.0,0.0,0.0,0.0,0.0,43
2023-05-10 10:30:41,b2311-P-3900,b2311-P-3900,119.0,0.0,0.0,0.0,10,10.0,0.0,0,119.0,0.0,0.0,0.0,0.0,0.0,43
2023-05-10 10:30:42,b2311-P-3900,b2311-P-3900,119.0,0.0,0.0,0.0,1,10.5,0.0,0,119.0,0.0,0.0,0.0,0.0,0.0,43
2023-05-10 10:30:42,b2311-P-3900,b2311-P-3900,119.0,0.0,0.0,0.0,10,11.0,0.0,0,119.0,0.0,0.0,0.0,0.0,0.0,43
2023-05-10 10:30:43,b2311-P-3900,b2311-P-3900,119.0,0.0,0.0,0.0,1,11.5,0.0,0,119.0,0.0,0.0,0.0,0.0,0.0,43
2023-05-10 10:30:44,b2311-P-3900,b2311-P-3900,119.0,0.0,0.0,0.0,10,12.0,0.0,0,119.0,0.0,0.0,0.0,0.0,0.0,43
2023-05-10 10:30:45,b2311-P-3900,b2311-P-3900,119.0,0.0,0.0,0.0,1,12.5,0.0,0,119.0,0.0,0.0,0.0,0.0,0.0,43
2023-05-10 10:30:46,b2311-P-3900,b2311-P-3900,119.0,0.0,0.0,0.0,10,13.0,0.0,0,119.0,0.0,0.0,0.0,0.0,0.0,43
2023-05-10 10:32:16,b2311-P-3900,b2311-P-3900,119.0,0.0,0.0,0.0,1,13.5,0.0,0,119.0,0.0,0.0,0.0,0.0,0.0,43
2023-05-10 10:32:16,b2311-P-3900,b2311-P-3900,119.0,0.0,0.0,0.0,10,14.0,0.0,0,119.0,0.0,0.0,0.0,0.0,0.0,43
2023-05-10 10:32:21,b2311-P-3900,b2311-P-3900,119.0,0.0,0.0,0.0,1,14.5,0.0,0,119.0,0.0,0.0,0.0,0.0,0.0,43
2023-05-10 10:32:21,b2311-P-3900,b2311-P-3900,119.0,0.0,0.0,0.0,10,15.0,0.0,0,119.0,0.0,0.0,0.0,0.0,0.0,43
2023-05-10 10:32:39,b2311-P-3900,b2311-P-3900,119.0,0.0,0.0,0.0,1,15.5,0.0,0,119.0,0.0,0.0,0.0,0.0,0.0,43
2023-05-10 10:32:39,b2311-P-3900,b2311-P-3900,119.0,0.0,0.0,0.0,10,16.0,0.0,0,119.0,0.0,0.0,0.0,0.0,0.0,43
2023-05-10 10:32:41,b2311-P-3900,b2311-P-3900,119.0,0.0,0.0,0.0,1,16.5,0.0,0,119.0,0.0,0.0,0.0,0.0,0.0,43
2023-05-10 10:32:41,b2311-P-3900,b2311-P-3900,119.0,0.0,0.0,0.0,10,17.0,0.0,0,119.0,0.0,0.0,0.0,0.0,0.0,43
2023-05-10 10:32:44,b2311-P-3900,b2311-P-3900,119.0,0.0,0.0,0.0,1,17.5,0.0,0,119.0,0.0,0.0,0.0,0.0,0.0,43
2023-05-10 10:32:44,b2311-P-3900,b2311-P-3900,119.0,0.0,0.0,0.0,10,18.0,0.0,0,119.0,0.0,0.0,0.0,0.0,0.0,43
2023-05-10 10:32:45,b2311-P-3900,b2311-P-3900,119.0,0.0,0.0,0.0,1,18.5,0.0,0,119.0,0.0,0.0,0.0,0.0,0.0,43
2023-05-10 10:32:46,b2311-P-3900,b2311-P-3900,119.0,0.0,0.0,0.0,10,19.0,0.0,0,119.0,0.0,0.0,0.0,0.0,0.0,43
2023-05-10 10:32:52,b2311-P-3900,b2311-P-3900,119.0,0.0,0.0,0.0,1,19.5,0.0,0,119.0,0.0,0.0,0.0,0.0,0.0,43
2023-05-10 10:32:52,b2311-P-3900,b2311-P-3900,119.0,0.0,0.0,0.0,10,20.0,0.0,0,119.0,0.0,0.0,0.0,0.0,0.0,43
2023-05-10 10:32:53,b2311-P-3900,b2311-P-3900,119.0,0.0,0.0,0.0,1,20.5,0.0,0,119.0,0.0,0.0,0.0,0.0,0.0,43
2023-05-10 10:32:53,b2311-P-3900,b2311-P-3900,119.0,0.0,0.0,0.0,10,21.0,0.0,0,119.0,0.0,0.0,0.0,0.0,0.0,43
2023-05-10 10:32:57,b2311-P-3900,b2311-P-3900,119.0,0.0,0.0,0.0,1,21.5,0.0,0,119.0,0.0,0.0,0.0,0.0,0.0,43
2023-05-10 10:32:57,b2311-P-3900,b2311-P-3900,119.0,0.0,0.0,0.0,10,22.0,0.0,0,119.0,0.0,0.0,0.0,0.0,0.0,43
2023-05-10 10:32:58,b2311-P-3900,b2311-P-3900,119.0,0.0,0.0,0.0,1,22.5,0.0,0,119.0,0.0,0.0,0.0,0.0,0.0,43
2023-05-10 10:32:58,b2311-P-3900,b2311-P-3900,119.0,0.0,0.0,0.0,10,23.0,0.0,0,119.0,0.0,0.0,0.0,0.0,0.0,43
2023-05-10 10:33:00,b2311-P-3900,b2311-P-3900,119.0,0.0,0.0,0.0,1,23.5,0.0,0,119.0,0.0,0.0,0.0,0.0,0.0,43
2023-05-10 10:33:00,b2311-P-3900,b2311-P-3900,119.0,0.0,0.0,0.0,10,24.0,0.0,0,119.0,0.0,0.0,0.0,0.0,0.0,43
2023-05-10 10:33:01,b2311-P-3900,b2311-P-3900,119.0,0.0,0.0,0.0,1,24.5,0.0,0,119.0,0.0,0.0,0.0,0.0,0.0,43
2023-05-10 10:33:01,b2311-P-3900,b2311-P-3900,119.0,0.0,0.0,0.0,10,25.0,0.0,0,119.0,0.0,0.0,0.0,0.0,0.0,43
2023-05-10 10:33:04,b2311-P-3900,b2311-P-3900,119.0,0.0,0.0,0.0,1,25.5,0.0,0,119.0,0.0,0.0,0.0,0.0,0.0,43
2023-05-10 10:33:04,b2311-P-3900,b2311-P-3900,119.0,0.0,0.0,0.0,10,26.0,0.0,0,119.0,0.0,0.0,0.0,0.0,0.0,43
2023-05-10 10:33:06,b2311-P-3900,b2311-P-3900,119.0,0.0,0.0,0.0,1,26.5,0.0,0,119.0,0.0,0.0,0.0,0.0,0.0,43
2023-05-10 10:33:06,b2311-P-3900,b2311-P-3900,119.0,0.0,0.0,0.0,10,27.0,0.0,0,119.0,0.0,0.0,0.0,0.0,0.0,43
2023-05-10 10:33:07,b2311-P-3900,b2311-P-3900,119.0,0.0,0.0,0.0,1,27.5,0.0,0,119.0,0.0,0.0,0.0,0.0,0.0,43
2023-05-10 10:33:09,b2311-P-3900,b2311-P-3900,119.0,0.0,0.0,0.0,10,28.0,0.0,0,119.0,0.0,0.0,0.0,0.0,0.0,43
2023-05-10 10:33:10,b2311-P-3900,b2311-P-3900,119.0,0.0,0.0,0.0,1,28.5,0.0,0,119.0,0.0,0.0,0.0,0.0,0.0,43
2023-05-10 10:33:11,b2311-P-3900,b2311-P-3900,119.0,0.0,0.0,0.0,10,29.0,0.0,0,119.0,0.0,0.0,0.0,0.0,0.0,43
2023-05-10 10:33:11,b2311-P-3900,b2311-P-3900,119.0,0.0,0.0,0.0,1,29.5,0.0,0,119.0,0.0,0.0,0.0,0.0,0.0,43
2023-05-10 10:33:12,b2311-P-3900,b2311-P-3900,119.0,0.0,0.0,0.0,10,30.0,0.0,0,119.0,0.0,0.0,0.0,0.0,0.0,43
2023-05-10 10:33:13,b2311-P-3900,b2311-P-3900,119.0,0.0,0.0,0.0,1,30.5,0.0,0,119.0,0.0,0.0,0.0,0.0,0.0,43
2023-05-10 10:33:13,b2311-P-3900,b2311-P-3900,119.0,0.0,0.0,0.0,10,31.0,0.0,0,119.0,0.0,0.0,0.0,0.0,0.0,43
2023-05-10 10:33:14,b2311-P-3900,b2311-P-3900,119.0,0.0,0.0,0.0,1,31.5,0.0,0,119.0,0.0,0.0,0.0,0.0,0.0,43
2023-05-10 10:33:15,b2311-P-3900,b2311-P-3900,119.0,0.0,0.0,0.0,10,32.0,0.0,0,119.0,0.0,0.0,0.0,0.0,0.0,43
2023-05-10 10:33:17,b2311-P-3900,b2311-P-3900,119.0,0.0,0.0,0.0,1,32.5,0.0,0,119.0,0.0,0.0,0.0,0.0,0.0,43
2023-05-10 10:33:22,b2311-P-3900,b2311-P-3900,119.0,0.0,0.0,0.0,10,33.0,0.0,0,119.0,0.0,0.0,0.0,0.0,0.0,43
2023-05-10 10:33:24,b2311-P-3900,b2311-P-3900,119.0,0.0,0.0,0.0,1,33.5,0.0,0,119.0,0.0,0.0,0.0,0.0,0.0,43
2023-05-10 10:33:25,b2311-P-3900,b2311-P-3900,119.0,0.0,0.0,0.0,10,34.0,0.0,0,119.0,0.0,0.0,0.0,0.0,0.0,43
2023-05-10 10:33:26,b2311-P-3900,b2311-P-3900,119.0,0.0,0.0,0.0,1,34.5,0.0,0,119.0,0.0,0.0,0.0,0.0,0.0,43
2023-05-10 10:33:26,b2311-P-3900,b2311-P-3900,119.0,0.0,0.0,0.0,10,35.0,0.0,0,119.0,0.0,0.0,0.0,0.0,0.0,43
2023-05-10 10:33:27,b2311-P-3900,b2311-P-3900,119.0,0.0,0.0,0.0,1,35.5,0.0,0,119.0,0.0,0.0,0.0,0.0,0.0,43
2023-05-10 10:33:27,b2311-P-3900,b2311-P-3900,119.0,0.0,0.0,0.0,10,36.0,0.0,0,119.0,0.0,0.0,0.0,0.0,0.0,43
2023-05-10 10:33:29,b2311-P-3900,b2311-P-3900,119.0,0.0,0.0,0.0,1,36.5,0.0,0,119.0,0.0,0.0,0.0,0.0,0.0,43
2023-05-10 10:33:29,b2311-P-3900,b2311-P-3900,119.0,0.0,0.0,0.0,10,37.0,0.0,0,119.0,0.0,0.0,0.0,0.0,0.0,43
2023-05-10 10:33:30,b2311-P-3900,b2311-P-3900,119.0,0.0,0.0,0.0,1,37.5,0.0,0,119.0,0.0,0.0,0.0,0.0,0.0,43
2023-05-10 10:33:30,b2311-P-3900,b2311-P-3900,119.0,0.0,0.0,0.0,10,38.0,0.0,0,119.0,0.0,0.0,0.0,0.0,0.0,43
2023-05-10 10:33:32,b2311-P-3900,b2311-P-3900,119.0,0.0,0.0,0.0,1,38.5,0.0,0,119.0,0.0,0.0,0.0,0.0,0.0,43
2023-05-10 10:33:32,b2311-P-3900,b2311-P-3900,119.0,0.0,0.0,0.0,10,39.0,0.0,0,119.0,0.0,0.0,0.0,0.0,0.0,43
2023-05-10 10:33:33,b2311-P-3900,b2311-P-3900,119.0,0.0,0.0,0.0,1,39.5,0.0,0,119.0,0.0,0.0,0.0,0.0,0.0,43
2023-05-10 10:33:33,b2311-P-3900,b2311-P-3900,119.0,0.0,0.0,0.0,10,40.0,0.0,0,119.0,0.0,0.0,0.0,0.0,0.0,43
2023-05-10 10:33:34,b2311-P-3900,b2311-P-3900,119.0,0.0,0.0,0.0,1,40.5,0.0,0,119.0,0.0,0.0,0.0,0.0,0.0,43
2023-05-10 10:33:35,b2311-P-3900,b2311-P-3900,119.0,0.0,0.0,0.0,10,41.0,0.0,0,119.0,0.0,0.0,0.0,0.0,0.0,43
2023-05-10 10:33:35,b2311-P-3900,b2311-P-3900,119.0,0.0,0.0,0.0,1,41.5,0.0,0,119.0,0.0,0.0,0.0,0.0,0.0,43
2023-05-10 10:33:36,b2311-P-3900,b2311-P-3900,119.0,0.0,0.0,0.0,10,42.0,0.0,0,119.0,0.0,0.0,0.0,0.0,0.0,43
2023-05-10 10:33:37,b2311-P-3900,b2311-P-3900,119.0,0.0,0.0,0.0,1,42.5,0.0,0,119.0,0.0,0.0,0.0,0.0,0.0,43
2023-05-10 10:33:40,b2311-P-3900,b2311-P-3900,119.0,0.0,0.0,0.0,10,43.0,0.0,0,119.0,0.0,0.0,0.0,0.0,0.0,43
2023-05-10 10:33:41,b2311-P-3900,b2311-P-3900,119.0,0.0,0.0,0.0,1,43.5,0.0,0,119.0,0.0,0.0,0.0,0.0,0.0,43
2023-05-10 10:33:41,b2311-P-3900,b2311-P-3900,119.0,0.0,0.0,0.0,10,44.0,0.0,0,119.0,0.0,0.0,0.0,0.0,0.0,43
2023-05-10 10:33:42,b2311-P-3900,b2311-P-3900,119.0,0.0,0.0,0.0,1,44.5,0.0,0,119.0,0.0,0.0,0.0,0.0,0.0,43
2023-05-10 10:33:42,b2311-P-3900,b2311-P-3900,119.0,0.0,0.0,0.0,10,45.0,0.0,0,119.0,0.0,0.0,0.0,0.0,0.0,43
2023-05-10 10:33:43,b2311-P-3900,b2311-P-3900,119.0,0.0,0.0,0.0,1,45.5,0.0,0,119.0,0.0,0.0,0.0,0.0,0.0,43
2023-05-10 10:33:43,b2311-P-3900,b2311-P-3900,119.0,0.0,0.0,0.0,10,46.0,0.0,0,119.0,0.0,0.0,0.0,0.0,0.0,43
2023-05-10 10:33:44,b2311-P-3900,b2311-P-3900,119.0,0.0,0.0,0.0,1,46.5,0.0,0,119.0,0.0,0.0,0.0,0.0,0.0,43
2023-05-10 10:33:46,b2311-P-3900,b2311-P-3900,119.0,0.0,0.0,0.0,10,47.0,0.0,0,119.0,0.0,0.0,0.0,0.0,0.0,43
2023-05-10 10:33:47,b2311-P-3900,b2311-P-3900,119.0,0.0,0.0,0.0,1,47.5,0.0,0,119.0,0.0,0.0,0.0,0.0,0.0,43
2023-05-10 10:33:49,b2311-P-3900,b2311-P-3900,119.0,0.0,0.0,0.0,10,48.0,0.0,0,119.0,0.0,0.0,0.0,0.0,0.0,43
2023-05-10 10:33:52,b2311-P-3900,b2311-P-3900,119.0,0.0,0.0,0.0,1,48.5,0.0,0,119.0,0.0,0.0,0.0,0.0,0.0,43
2023-05-10 10:33:52,b2311-P-3900,b2311-P-3900,119.0,0.0,0.0,0.0,10,49.0,0.0,0,119.0,0.0,0.0,0.0,0.0,0.0,43
2023-05-10 10:33:54,b2311-P-3900,b2311-P-3900,119.0,0.0,0.0,0.0,1,49.5,0.0,0,119.0,0.0,0.0,0.0,0.0,0.0,43
2023-05-10 10:33:58,b2311-P-3900,b2311-P-3900,119.0,0.0,0.0,0.0,10,50.0,0.0,0,119.0,0.0,0.0,0.0,0.0,0.0,43
2023-05-10 10:33:59,b2311-P-3900,b2311-P-3900,119.0,0.0,0.0,0.0,1,50.5,0.0,0,119.0,0.0,0.0,0.0,0.0,0.0,43
2023-05-10 10:33:59,b2311-P-3900,b2311-P-3900,119.0,0.0,0.0,0.0,10,51.0,0.0,0,119.0,0.0,0.0,0.0,0.0,0.0,43
2023-05-10 10:34:02,b2311-P-3900,b2311-P-3900,119.0,0.0,0.0,0.0,1,51.5,0.0,0,119.0,0.0,0.0,0.0,0.0,0.0,43
2023-05-10 10:34:02,b2311-P-3900,b2311-P-3900,119.0,0.0,0.0,0.0,10,52.0,0.0,0,119.0,0.0,0.0,0.0,0.0,0.0,43
2023-05-10 10:34:03,b2311-P-3900,b2311-P-3900,119.0,0.0,0.0,0.0,1,52.5,0.0,0,119.0,0.0,0.0,0.0,0.0,0.0,43
2023-05-10 10:34:03,b2311-P-3900,b2311-P-3900,119.0,0.0,0.0,0.0,10,53.0,0.0,0,119.0,0.0,0.0,0.0,0.0,0.0,43
2023-05-10 10:34:05,b2311-P-3900,b2311-P-3900,119.0,0.0,0.0,0.0,1,53.5,0.0,0,119.0,0.0,0.0,0.0,0.0,0.0,43
2023-05-10 10:34:05,b2311-P-3900,b2311-P-3900,119.0,0.0,0.0,0.0,10,54.0,0.0,0,119.0,0.0,0.0,0.0,0.0,0.0,43
2023-05-10 10:34:06,b2311-P-3900,b2311-P-3900,119.0,0.0,0.0,0.0,1,54.5,0.0,0,119.0,0.0,0.0,0.0,0.0,0.0,43
2023-05-10 10:34:06,b2311-P-3900,b2311-P-3900,119.0,0.0,0.0,0.0,10,55.0,0.0,0,119.0,0.0,0.0,0.0,0.0,0.0,43
2023-05-10 11:23:45,b2311-P-3900,b2311-P-3900,119.0,0.0,0.0,0.0,1,63.0,0.0,0,119.0,0.0,0.0,0.0,0.0,0.0,43
2023-05-10 11:23:45,b2311-P-3900,b2311-P-3900,119.0,0.0,0.0,0.0,10,63.5,0.0,0,119.0,0.0,0.0,0.0,0.0,0.0,43
2023-05-10 11:23:46,b2311-P-3900,b2311-P-3900,119.0,0.0,0.0,0.0,1,67.5,0.0,0,119.0,0.0,0.0,0.0,0.0,0.0,43
2023-05-10 11:23:46,b2311-P-3900,b2311-P-3900,119.0,0.0,0.0,0.0,10,68.0,0.0,0,119.0,0.0,0.0,0.0,0.0,0.0,43
2023-05-10 11:23:47,b2311-P-3900,b2311-P-3900,119.0,0.0,0.0,0.0,1,68.5,0.0,0,119.0,0.0,0.0,0.0,0.0,0.0,43
2023-05-10 11:23:47,b2311-P-3900,b2311-P-3900,119.0,0.0,0.0,0.0,10,69.0,0.0,0,119.0,0.0,0.0,0.0,0.0,0.0,43
2023-05-10 11:23:48,b2311-P-3900,b2311-P-3900,119.0,0.0,0.0,0.0,1,73.0,0.0,0,119.0,0.0,0.0,0.0,0.0,0.0,43
2023-05-10 11:23:49,b2311-P-3900,b2311-P-3900,119.0,0.0,0.0,0.0,10,73.5,0.0,0,119.0,0.0,0.0,0.0,0.0,0.0,43
2023-05-10 11:23:49,b2311-P-3900,b2311-P-3900,119.0,0.0,0.0,0.0,1,74.0,0.0,0,119.0,0.0,0.0,0.0,0.0,0.0,43
2023-05-10 11:23:50,b2311-P-3900,b2311-P-3900,119.0,0.0,0.0,0.0,10,74.5,0.0,0,119.0,0.0,0.0,0.0,0.0,0.0,43
2023-05-10 11:23:50,b2311-P-3900,b2311-P-3900,119.0,0.0,0.0,0.0,1,75.0,0.0,0,119.0,0.0,0.0,0.0,0.0,0.0,43
2023-05-10 11:23:51,b2311-P-3900,b2311-P-3900,119.0,0.0,0.0,0.0,10,75.5,0.0,0,119.0,0.0,0.0,0.0,0.0,0.0,43
2023-05-10 11:23:51,b2311-P-3900,b2311-P-3900,119.0,0.0,0.0,0.0,1,76.0,0.0,0,119.0,0.0,0.0,0.0,0.0,0.0,43
2023-05-10 11:23:52,b2311-P-3900,b2311-P-3900,119.0,0.0,0.0,0.0,10,76.5,0.0,0,119.0,0.0,0.0,0.0,0.0,0.0,43
2023-05-10 11:29:32,b2311-P-3900,b2311-P-3900,119.0,0.0,0.0,0.0,1,7.5,0.0,0,119.0,0.0,0.0,0.0,0.0,0.0,43
2023-05-10 13:30:02,b2311-P-3900,b2311-P-3900,119.0,0.0,0.0,0.0,10,8.0,0.0,0,119.0,0.0,0.0,0.0,0.0,0.0,43
2023-05-10 13:31:20,b2311-P-3900,b2311-P-3900,119.0,0.0,0.0,0.0,1,8.5,0.0,0,119.0,0.0,0.0,0.0,0.0,0.0,43
2023-05-10 13:31:20,b2311-P-3900,b2311-P-3900,119.0,0.0,0.0,0.0,10,9.0,0.0,0,119.0,0.0,0.0,0.0,0.0,0.0,43
2023-05-10 13:31:21,b2311-P-3900,b2311-P-3900,119.0,0.0,0.0,0.0,1,9.5,0.0,0,119.0,0.0,0.0,0.0,0.0,0.0,43
2023-05-10 13:31:21,b2311-P-3900,b2311-P-3900,119.0,0.0,0.0,0.0,10,10.0,0.0,0,119.0,0.0,0.0,0.0,0.0,0.0,43
2023-05-10 13:31:22,b2311-P-3900,b2311-P-3900,119.0,0.0,0.0,0.0,2,10.5,0.0,0,119.0,0.0,0.0,0.0,0.0,0.0,43
2023-05-10 13:31:22,b2311-P-3900,b2311-P-3900,119.0,0.0,0.0,0.0,10,11.0,0.0,0,119.0,0.0,0.0,0.0,0.0,0.0,43
2023-05-10 13:31:23,b2311-P-3900,b2311-P-3900,119.0,0.0,0.0,0.0,1,11.5,0.0,0,119.0,0.0,0.0,0.0,0.0,0.0,43
2023-05-10 13:31:23,b2311-P-3900,b2311-P-3900,119.0,0.0,0.0,0.0,10,12.0,0.0,0,119.0,0.0,0.0,0.0,0.0,0.0,43
2023-05-10 13:31:24,b2311-P-3900,b2311-P-3900,119.0,0.0,0.0,0.0,1,12.5,0.0,0,119.0,0.0,0.0,0.0,0.0,0.0,43
2023-05-10 13:31:24,b2311-P-3900,b2311-P-3900,119.0,0.0,0.0,0.0,10,13.0,0.0,0,119.0,0.0,0.0,0.0,0.0,0.0,43
2023-05-10 13:31:25,b2311-P-3900,b2311-P-3900,119.0,0.0,0.0,0.0,1,13.5,0.0,0,119.0,0.0,0.0,0.0,0.0,0.0,43
2023-05-10 13:31:25,b2311-P-3900,b2311-P-3900,119.0,0.0,0.0,0.0,10,14.0,0.0,0,119.0,0.0,0.0,0.0,0.0,0.0,43
2023-05-10 13:31:26,b2311-P-3900,b2311-P-3900,119.0,0.0,0.0,0.0,1,14.5,0.0,0,119.0,0.0,0.0,0.0,0.0,0.0,43
2023-05-10 13:31:26,b2311-P-3900,b2311-P-3900,119.0,0.0,0.0,0.0,10,15.0,0.0,0,119.0,0.0,0.0,0.0,0.0,0.0,43
2023-05-10 13:31:27,b2311-P-3900,b2311-P-3900,119.0,0.0,0.0,0.0,1,15.5,0.0,0,119.0,0.0,0.0,0.0,0.0,0.0,43
2023-05-10 13:31:28,b2311-P-3900,b2311-P-3900,119.0,0.0,0.0,0.0,10,16.0,0.0,0,119.0,0.0,0.0,0.0,0.0,0.0,43
2023-05-10 13:31:28,b2311-P-3900,b2311-P-3900,119.0,0.0,0.0,0.0,1,16.5,0.0,0,119.0,0.0,0.0,0.0,0.0,0.0,43
2023-05-10 13:31:28,b2311-P-3900,b2311-P-3900,119.0,0.0,0.0,0.0,10,17.0,0.0,0,119.0,0.0,0.0,0.0,0.0,0.0,43
2023-05-10 13:31:29,b2311-P-3900,b2311-P-3900,119.0,0.0,0.0,0.0,1,17.5,0.0,0,119.0,0.0,0.0,0.0,0.0,0.0,43
2023-05-10 13:31:30,b2311-P-3900,b2311-P-3900,119.0,0.0,0.0,0.0,10,18.0,0.0,0,119.0,0.0,0.0,0.0,0.0,0.0,43
2023-05-10 13:31:30,b2311-P-3900,b2311-P-3900,119.0,0.0,0.0,0.0,1,18.5,0.0,0,119.0,0.0,0.0,0.0,0.0,0.0,43
2023-05-10 13:31:30,b2311-P-3900,b2311-P-3900,119.0,0.0,0.0,0.0,10,19.0,0.0,0,119.0,0.0,0.0,0.0,0.0,0.0,43
2023-05-10 13:31:32,b2311-P-3900,b2311-P-3900,119.0,0.0,0.0,0.0,1,19.5,0.0,0,119.0,0.0,0.0,0.0,0.0,0.0,43
2023-05-10 13:31:32,b2311-P-3900,b2311-P-3900,119.0,0.0,0.0,0.0,10,20.0,0.0,0,119.0,0.0,0.0,0.0,0.0,0.0,43
2023-05-10 13:31:33,b2311-P-3900,b2311-P-3900,119.0,0.0,0.0,0.0,1,20.5,0.0,0,119.0,0.0,0.0,0.0,0.0,0.0,43
2023-05-10 13:31:33,b2311-P-3900,b2311-P-3900,119.0,0.0,0.0,0.0,10,21.0,0.0,0,119.0,0.0,0.0,0.0,0.0,0.0,43
2023-05-10 13:31:35,b2311-P-3900,b2311-P-3900,119.0,0.0,0.0,0.0,1,21.5,0.0,0,119.0,0.0,0.0,0.0,0.0,0.0,43
2023-05-10 13:31:35,b2311-P-3900,b2311-P-3900,119.0,0.0,0.0,0.0,10,22.0,0.0,0,119.0,0.0,0.0,0.0,0.0,0.0,43
2023-05-10 13:31:36,b2311-P-3900,b2311-P-3900,119.0,0.0,0.0,0.0,1,22.5,0.0,0,119.0,0.0,0.0,0.0,0.0,0.0,43
2023-05-10 13:31:36,b2311-P-3900,b2311-P-3900,119.0,0.0,0.0,0.0,10,23.0,0.0,0,119.0,0.0,0.0,0.0,0.0,0.0,43
2023-05-10 13:31:37,b2311-P-3900,b2311-P-3900,119.0,0.0,0.0,0.0,1,23.5,0.0,0,119.0,0.0,0.0,0.0,0.0,0.0,43
2023-05-10 13:31:38,b2311-P-3900,b2311-P-3900,119.0,0.0,0.0,0.0,10,24.0,0.0,0,119.0,0.0,0.0,0.0,0.0,0.0,43
2023-05-10 13:31:39,b2311-P-3900,b2311-P-3900,119.0,0.0,0.0,0.0,1,24.5,0.0,0,119.0,0.0,0.0,0.0,0.0,0.0,43
2023-05-10 13:31:39,b2311-P-3900,b2311-P-3900,119.0,0.0,0.0,0.0,10,25.0,0.0,0,119.0,0.0,0.0,0.0,0.0,0.0,43
2023-05-10 13:31:40,b2311-P-3900,b2311-P-3900,119.0,0.0,0.0,0.0,1,25.5,0.0,0,119.0,0.0,0.0,0.0,0.0,0.0,43
2023-05-10 13:31:40,b2311-P-3900,b2311-P-3900,119.0,0.0,0.0,0.0,10,26.0,0.0,0,119.0,0.0,0.0,0.0,0.0,0.0,43
2023-05-10 13:31:41,b2311-P-3900,b2311-P-3900,119.0,0.0,0.0,0.0,1,26.5,0.0,0,119.0,0.0,0.0,0.0,0.0,0.0,43
2023-05-10 13:31:42,b2311-P-3900,b2311-P-3900,119.0,0.0,0.0,0.0,10,27.0,0.0,0,119.0,0.0,0.0,0.0,0.0,0.0,43
2023-05-10 13:31:42,b2311-P-3900,b2311-P-3900,119.0,0.0,0.0,0.0,1,27.5,0.0,0,119.0,0.0,0.0,0.0,0.0,0.0,43
2023-05-10 13:31:43,b2311-P-3900,b2311-P-3900,119.0,0.0,0.0,0.0,10,28.0,0.0,0,119.0,0.0,0.0,0.0,0.0,0.0,43
2023-05-10 13:31:44,b2311-P-3900,b2311-P-3900,119.0,0.0,0.0,0.0,1,28.5,0.0,0,119.0,0.0,0.0,0.0,0.0,0.0,43
2023-05-10 13:31:44,b2311-P-3900,b2311-P-3900,119.0,0.0,0.0,0.0,10,29.0,0.0,0,119.0,0.0,0.0,0.0,0.0,0.0,43
2023-05-10 13:31:45,b2311-P-3900,b2311-P-3900,119.0,0.0,0.0,0.0,1,29.5,0.0,0,119.0,0.0,0.0,0.0,0.0,0.0,43
2023-05-10 13:31:45,b2311-P-3900,b2311-P-3900,119.0,0.0,0.0,0.0,10,30.0,0.0,0,119.0,0.0,0.0,0.0,0.0,0.0,43
2023-05-10 13:31:47,b2311-P-3900,b2311-P-3900,119.0,0.0,0.0,0.0,1,30.5,0.0,0,119.0,0.0,0.0,0.0,0.0,0.0,43
2023-05-10 13:31:47,b2311-P-3900,b2311-P-3900,119.0,0.0,0.0,0.0,10,31.0,0.0,0,119.0,0.0,0.0,0.0,0.0,0.0,43
2023-05-10 13:31:48,b2311-P-3900,b2311-P-3900,119.0,0.0,0.0,0.0,1,31.5,0.0,0,119.0,0.0,0.0,0.0,0.0,0.0,43
2023-05-10 13:31:48,b2311-P-3900,b2311-P-3900,119.0,0.0,0.0,0.0,10,32.0,0.0,0,119.0,0.0,0.0,0.0,0.0,0.0,43
2023-05-10 13:31:49,b2311-P-3900,b2311-P-3900,119.0,0.0,0.0,0.0,1,32.5,0.0,0,119.0,0.0,0.0,0.0,0.0,0.0,43
2023-05-10 13:31:49,b2311-P-3900,b2311-P-3900,119.0,0.0,0.0,0.0,10,33.0,0.0,0,119.0,0.0,0.0,0.0,0.0,0.0,43
2023-05-10 13:31:51,b2311-P-3900,b2311-P-3900,119.0,0.0,0.0,0.0,1,33.5,0.0,0,119.0,0.0,0.0,0.0,0.0,0.0,43
2023-05-10 13:31:51,b2311-P-3900,b2311-P-3900,119.0,0.0,0.0,0.0,10,34.0,0.0,0,119.0,0.0,0.0,0.0,0.0,0.0,43
2023-05-10 13:31:52,b2311-P-3900,b2311-P-3900,119.0,0.0,0.0,0.0,1,34.5,0.0,0,119.0,0.0,0.0,0.0,0.0,0.0,43
2023-05-10 13:31:52,b2311-P-3900,b2311-P-3900,119.0,0.0,0.0,0.0,10,35.0,0.0,0,119.0,0.0,0.0,0.0,0.0,0.0,43
2023-05-10 13:31:53,b2311-P-3900,b2311-P-3900,119.0,0.0,0.0,0.0,1,35.5,0.0,0,119.0,0.0,0.0,0.0,0.0,0.0,43
2023-05-10 13:31:53,b2311-P-3900,b2311-P-3900,119.0,0.0,0.0,0.0,10,36.0,0.0,0,119.0,0.0,0.0,0.0,0.0,0.0,43
2023-05-10 13:31:55,b2311-P-3900,b2311-P-3900,119.0,0.0,0.0,0.0,1,36.5,0.0,0,119.0,0.0,0.0,0.0,0.0,0.0,43
2023-05-10 13:31:55,b2311-P-3900,b2311-P-3900,119.0,0.0,0.0,0.0,10,37.0,0.0,0,119.0,0.0,0.0,0.0,0.0,0.0,43
2023-05-10 13:31:57,b2311-P-3900,b2311-P-3900,119.0,0.0,0.0,0.0,1,37.5,0.0,0,119.0,0.0,0.0,0.0,0.0,0.0,43
2023-05-10 13:31:57,b2311-P-3900,b2311-P-3900,119.0,0.0,0.0,0.0,10,38.0,0.0,0,119.0,0.0,0.0,0.0,0.0,0.0,43
2023-05-10 13:31:58,b2311-P-3900,b2311-P-3900,119.0,0.0,0.0,0.0,1,38.5,0.0,0,119.0,0.0,0.0,0.0,0.0,0.0,43
2023-05-10 13:31:58,b2311-P-3900,b2311-P-3900,119.0,0.0,0.0,0.0,10,39.0,0.0,0,119.0,0.0,0.0,0.0,0.0,0.0,43
2023-05-10 13:31:59,b2311-P-3900,b2311-P-3900,119.0,0.0,0.0,0.0,1,39.5,0.0,0,119.0,0.0,0.0,0.0,0.0,0.0,43
2023-05-10 13:31:59,b2311-P-3900,b2311-P-3900,119.0,0.0,0.0,0.0,10,40.0,0.0,0,119.0,0.0,0.0,0.0,0.0,0.0,43
2023-05-10 13:32:00,b2311-P-3900,b2311-P-3900,119.0,0.0,0.0,0.0,1,40.5,0.0,0,119.0,0.0,0.0,0.0,0.0,0.0,43
2023-05-10 13:32:00,b2311-P-3900,b2311-P-3900,119.0,0.0,0.0,0.0,10,41.0,0.0,0,119.0,0.0,0.0,0.0,0.0,0.0,43
2023-05-10 13:32:02,b2311-P-3900,b2311-P-3900,119.0,0.0,0.0,0.0,1,41.5,0.0,0,119.0,0.0,0.0,0.0,0.0,0.0,43
2023-05-10 13:32:02,b2311-P-3900,b2311-P-3900,119.0,0.0,0.0,0.0,10,42.0,0.0,0,119.0,0.0,0.0,0.0,0.0,0.0,43
2023-05-10 13:32:03,b2311-P-3900,b2311-P-3900,119.0,0.0,0.0,0.0,1,42.5,0.0,0,119.0,0.0,0.0,0.0,0.0,0.0,43
2023-05-10 13:32:03,b2311-P-3900,b2311-P-3900,119.0,0.0,0.0,0.0,10,43.0,0.0,0,119.0,0.0,0.0,0.0,0.0,0.0,43
2023-05-10 13:32:04,b2311-P-3900,b2311-P-3900,119.0,0.0,0.0,0.0,1,43.5,0.0,0,119.0,0.0,0.0,0.0,0.0,0.0,43
2023-05-10 13:32:04,b2311-P-3900,b2311-P-3900,119.0,0.0,0.0,0.0,10,44.0,0.0,0,119.0,0.0,0.0,0.0,0.0,0.0,43
2023-05-10 13:32:05,b2311-P-3900,b2311-P-3900,119.0,0.0,0.0,0.0,1,44.5,0.0,0,119.0,0.0,0.0,0.0,0.0,0.0,43
2023-05-10 13:32:05,b2311-P-3900,b2311-P-3900,119.0,0.0,0.0,0.0,10,45.0,0.0,0,119.0,0.0,0.0,0.0,0.0,0.0,43
2023-05-10 13:32:07,b2311-P-3900,b2311-P-3900,119.0,0.0,0.0,0.0,1,45.5,0.0,0,119.0,0.0,0.0,0.0,0.0,0.0,43
2023-05-10 13:32:07,b2311-P-3900,b2311-P-3900,119.0,0.0,0.0,0.0,10,46.0,0.0,0,119.0,0.0,0.0,0.0,0.0,0.0,43
2023-05-10 13:32:08,b2311-P-3900,b2311-P-3900,119.0,0.0,0.0,0.0,1,46.5,0.0,0,119.0,0.0,0.0,0.0,0.0,0.0,43
2023-05-10 13:32:08,b2311-P-3900,b2311-P-3900,119.0,0.0,0.0,0.0,10,47.0,0.0,0,119.0,0.0,0.0,0.0,0.0,0.0,43
2023-05-10 13:32:09,b2311-P-3900,b2311-P-3900,119.0,0.0,0.0,0.0,1,47.5,0.0,0,119.0,0.0,0.0,0.0,0.0,0.0,43
2023-05-10 13:32:09,b2311-P-3900,b2311-P-3900,119.0,0.0,0.0,0.0,10,48.0,0.0,0,119.0,0.0,0.0,0.0,0.0,0.0,43
2023-05-10 13:32:10,b2311-P-3900,b2311-P-3900,119.0,0.0,0.0,0.0,1,48.5,0.0,0,119.0,0.0,0.0,0.0,0.0,0.0,43
2023-05-10 13:32:10,b2311-P-3900,b2311-P-3900,119.0,0.0,0.0,0.0,10,49.0,0.0,0,119.0,0.0,0.0,0.0,0.0,0.0,43
2023-05-10 13:32:11,b2311-P-3900,b2311-P-3900,119.0,0.0,0.0,0.0,1,49.5,0.0,0,119.0,0.0,0.0,0.0,0.0,0.0,43
2023-05-10 13:32:12,b2311-P-3900,b2311-P-3900,119.0,0.0,0.0,0.0,10,50.0,0.0,0,119.0,0.0,0.0,0.0,0.0,0.0,43
2023-05-10 13:32:13,b2311-P-3900,b2311-P-3900,119.0,0.0,0.0,0.0,1,50.5,0.0,0,119.0,0.0,0.0,0.0,0.0,0.0,43
2023-05-10 13:32:13,b2311-P-3900,b2311-P-3900,119.0,0.0,0.0,0.0,10,51.0,0.0,0,119.0,0.0,0.0,0.0,0.0,0.0,43
2023-05-10 13:32:14,b2311-P-3900,b2311-P-3900,119.0,0.0,0.0,0.0,1,51.5,0.0,0,119.0,0.0,0.0,0.0,0.0,0.0,43
2023-05-10 13:32:15,b2311-P-3900,b2311-P-3900,119.0,0.0,0.0,0.0,10,52.0,0.0,0,119.0,0.0,0.0,0.0,0.0,0.0,43
2023-05-10 13:32:15,b2311-P-3900,b2311-P-3900,119.0,0.0,0.0,0.0,1,52.5,0.0,0,119.0,0.0,0.0,0.0,0.0,0.0,43
2023-05-10 13:32:15,b2311-P-3900,b2311-P-3900,119.0,0.0,0.0,0.0,10,53.0,0.0,0,119.0,0.0,0.0,0.0,0.0,0.0,43
2023-05-10 13:32:16,b2311-P-3900,b2311-P-3900,119.0,0.0,0.0,0.0,1,53.5,0.0,0,119.0,0.0,0.0,0.0,0.0,0.0,43
2023-05-10 13:32:17,b2311-P-3900,b2311-P-3900,119.0,0.0,0.0,0.0,10,54.0,0.0,0,119.0,0.0,0.0,0.0,0.0,0.0,43
2023-05-10 13:32:17,b2311-P-3900,b2311-P-3900,119.0,0.0,0.0,0.0,1,54.5,0.0,0,119.0,0.0,0.0,0.0,0.0,0.0,43
2023-05-10 13:32:17,b2311-P-3900,b2311-P-3900,119.0,0.0,0.0,0.0,10,55.0,0.0,0,119.0,0.0,0.0,0.0,0.0,0.0,43
2023-05-10 14:38:20,b2311-P-3900,b2311-P-3900,119.0,0.0,0.0,0.0,1,59.0,0.0,0,119.0,0.0,0.0,0.0,0.0,0.0,43
2023-05-10 14:38:20,b2311-P-3900,b2311-P-3900,119.0,0.0,0.0,0.0,1,120.0,141.0,1,119.0,0.0,0.0,0.0,0.0,0.0,43
2023-05-10 14:38:24,b2311-P-3900,b2311-P-3900,119.0,0.0,0.0,0.0,1,127.0,141.0,2,119.0,0.0,0.0,0.0,0.0,0.0,43
2023-05-10 14:38:24,b2311-P-3900,b2311-P-3900,119.0,0.0,0.0,0.0,1,127.0,141.0,1,119.0,0.0,0.0,0.0,0.0,0.0,43
2023-05-10 14:38:25,b2311-P-3900,b2311-P-3900,119.0,0.0,0.0,0.0,1,132.0,141.0,1,119.0,0.0,0.0,0.0,0.0,0.0,43
2023-05-10 14:38:25,b2311-P-3900,b2311-P-3900,119.0,0.0,0.0,0.0,2,132.0,141.0,1,119.0,0.0,0.0,0.0,0.0,0.0,43
2023-05-10 14:38:27,b2311-P-3900,b2311-P-3900,119.0,0.0,0.0,0.0,3,132.0,141.0,1,119.0,0.0,0.0,0.0,0.0,0.0,43
2023-05-10 14:38:31,b2311-P-3900,b2311-P-3900,119.0,0.0,0.0,0.0,3,132.0,141.5,1,119.0,0.0,0.0,0.0,0.0,0.0,43
2023-05-10 14:38:31,b2311-P-3900,b2311-P-3900,119.0,0.0,0.0,0.0,3,132.0,142.5,10,119.0,0.0,0.0,0.0,0.0,0.0,43
2023-05-10 14:38:36,b2311-P-3900,b2311-P-3900,119.0,0.0,0.0,0.0,2,132.0,142.5,10,119.0,0.0,0.0,0.0,0.0,0.0,43
2023-05-10 14:38:37,b2311-P-3900,b2311-P-3900,119.0,0.0,0.0,0.0,2,132.0,147.5,1,119.0,0.0,0.0,0.0,0.0,0.0,43
2023-05-10 14:38:37,b2311-P-3900,b2311-P-3900,119.0,0.0,0.0,0.0,1,132.0,149.5,1,119.0,0.0,0.0,0.0,0.0,0.0,43
2023-05-10 14:38:38,b2311-P-3900,b2311-P-3900,119.0,0.0,0.0,0.0,1,10.5,0.0,0,119.0,0.0,0.0,0.0,0.0,0.0,43
2023-05-10 14:38:38,b2311-P-3900,b2311-P-3900,119.0,0.0,0.0,0.0,1,18.5,0.0,0,119.0,0.0,0.0,0.0,0.0,0.0,43
2023-05-10 14:38:39,b2311-P-3900,b2311-P-3900,119.0,0.0,0.0,0.0,10,19.0,0.0,0,119.0,0.0,0.0,0.0,0.0,0.0,43
2023-05-10 14:38:40,b2311-P-3900,b2311-P-3900,119.0,0.0,0.0,0.0,1,27.0,0.0,0,119.0,0.0,0.0,0.0,0.0,0.0,43
2023-05-10 14:38:41,b2311-P-3900,b2311-P-3900,119.0,0.0,0.0,0.0,10,27.5,0.0,0,119.0,0.0,0.0,0.0,0.0,0.0,43
2023-05-10 14:38:47,b2311-P-3900,b2311-P-3900,119.0,0.0,0.0,0.0,1,28.0,0.0,0,119.0,0.0,0.0,0.0,0.0,0.0,43
2023-05-10 14:38:47,b2311-P-3900,b2311-P-3900,119.0,0.0,0.0,0.0,10,28.5,0.0,0,119.0,0.0,0.0,0.0,0.0,0.0,43
2023-05-10 14:38:49,b2311-P-3900,b2311-P-3900,119.0,0.0,0.0,0.0,1,29.0,0.0,0,119.0,0.0,0.0,0.0,0.0,0.0,43
2023-05-10 14:38:49,b2311-P-3900,b2311-P-3900,119.0,0.0,0.0,0.0,10,29.5,0.0,0,119.0,0.0,0.0,0.0,0.0,0.0,43
2023-05-10 14:38:50,b2311-P-3900,b2311-P-3900,119.0,0.0,0.0,0.0,1,30.0,0.0,0,119.0,0.0,0.0,0.0,0.0,0.0,43
2023-05-10 14:38:50,b2311-P-3900,b2311-P-3900,119.0,0.0,0.0,0.0,10,30.5,0.0,0,119.0,0.0,0.0,0.0,0.0,0.0,43
2023-05-10 14:38:51,b2311-P-3900,b2311-P-3900,119.0,0.0,0.0,0.0,1,31.0,0.0,0,119.0,0.0,0.0,0.0,0.0,0.0,43
2023-05-10 14:38:51,b2311-P-3900,b2311-P-3900,119.0,0.0,0.0,0.0,10,31.5,0.0,0,119.0,0.0,0.0,0.0,0.0,0.0,43
2023-05-10 14:38:52,b2311-P-3900,b2311-P-3900,119.0,0.0,0.0,0.0,1,32.0,0.0,0,119.0,0.0,0.0,0.0,0.0,0.0,43
2023-05-10 14:38:53,b2311-P-3900,b2311-P-3900,119.0,0.0,0.0,0.0,10,32.5,0.0,0,119.0,0.0,0.0,0.0,0.0,0.0,43
2023-05-10 14:38:53,b2311-P-3900,b2311-P-3900,119.0,0.0,0.0,0.0,1,33.0,0.0,0,119.0,0.0,0.0,0.0,0.0,0.0,43
2023-05-10 14:38:54,b2311-P-3900,b2311-P-3900,119.0,0.0,0.0,0.0,10,33.5,0.0,0,119.0,0.0,0.0,0.0,0.0,0.0,43
2023-05-10 14:38:55,b2311-P-3900,b2311-P-3900,119.0,0.0,0.0,0.0,1,34.0,0.0,0,119.0,0.0,0.0,0.0,0.0,0.0,43
2023-05-10 14:38:56,b2311-P-3900,b2311-P-3900,119.0,0.0,0.0,0.0,10,34.5,0.0,0,119.0,0.0,0.0,0.0,0.0,0.0,43
2023-05-10 14:38:56,b2311-P-3900,b2311-P-3900,119.0,0.0,0.0,0.0,1,35.0,0.0,0,119.0,0.0,0.0,0.0,0.0,0.0,43
2023-05-10 14:39:00,b2311-P-3900,b2311-P-3900,119.0,0.0,0.0,0.0,10,35.5,0.0,0,119.0,0.0,0.0,0.0,0.0,0.0,43
2023-05-10 14:39:00,b2311-P-3900,b2311-P-3900,119.0,0.0,0.0,0.0,1,36.0,0.0,0,119.0,0.0,0.0,0.0,0.0,0.0,43
2023-05-10 14:39:01,b2311-P-3900,b2311-P-3900,119.0,0.0,0.0,0.0,10,36.5,0.0,0,119.0,0.0,0.0,0.0,0.0,0.0,43
2023-05-10 14:39:01,b2311-P-3900,b2311-P-3900,119.0,0.0,0.0,0.0,1,37.0,0.0,0,119.0,0.0,0.0,0.0,0.0,0.0,43
2023-05-10 14:39:02,b2311-P-3900,b2311-P-3900,119.0,0.0,0.0,0.0,10,37.5,0.0,0,119.0,0.0,0.0,0.0,0.0,0.0,43
2023-05-10 14:39:02,b2311-P-3900,b2311-P-3900,119.0,0.0,0.0,0.0,1,38.0,0.0,0,119.0,0.0,0.0,0.0,0.0,0.0,43
2023-05-10 14:39:05,b2311-P-3900,b2311-P-3900,119.0,0.0,0.0,0.0,10,38.5,0.0,0,119.0,0.0,0.0,0.0,0.0,0.0,43
2023-05-10 14:39:06,b2311-P-3900,b2311-P-3900,119.0,0.0,0.0,0.0,1,39.0,0.0,0,119.0,0.0,0.0,0.0,0.0,0.0,43
2023-05-10 14:39:06,b2311-P-3900,b2311-P-3900,119.0,0.0,0.0,0.0,10,39.5,0.0,0,119.0,0.0,0.0,0.0,0.0,0.0,43
2023-05-10 14:39:07,b2311-P-3900,b2311-P-3900,119.0,0.0,0.0,0.0,1,40.0,0.0,0,119.0,0.0,0.0,0.0,0.0,0.0,43
2023-05-10 14:39:07,b2311-P-3900,b2311-P-3900,119.0,0.0,0.0,0.0,10,40.5,0.0,0,119.0,0.0,0.0,0.0,0.0,0.0,43
2023-05-10 14:39:08,b2311-P-3900,b2311-P-3900,119.0,0.0,0.0,0.0,1,41.0,0.0,0,119.0,0.0,0.0,0.0,0.0,0.0,43
2023-05-10 14:39:08,b2311-P-3900,b2311-P-3900,119.0,0.0,0.0,0.0,10,41.5,0.0,0,119.0,0.0,0.0,0.0,0.0,0.0,43
2023-05-10 14:39:09,b2311-P-3900,b2311-P-3900,119.0,0.0,0.0,0.0,1,42.0,0.0,0,119.0,0.0,0.0,0.0,0.0,0.0,43
2023-05-10 14:39:09,b2311-P-3900,b2311-P-3900,119.0,0.0,0.0,0.0,10,42.5,0.0,0,119.0,0.0,0.0,0.0,0.0,0.0,43
2023-05-10 14:39:10,b2311-P-3900,b2311-P-3900,119.0,0.0,0.0,0.0,1,43.0,0.0,0,119.0,0.0,0.0,0.0,0.0,0.0,43
2023-05-10 14:39:12,b2311-P-3900,b2311-P-3900,119.0,0.0,0.0,0.0,10,43.5,0.0,0,119.0,0.0,0.0,0.0,0.0,0.0,43
2023-05-10 14:39:13,b2311-P-3900,b2311-P-3900,119.0,0.0,0.0,0.0,1,44.0,0.0,0,119.0,0.0,0.0,0.0,0.0,0.0,43
2023-05-10 14:39:13,b2311-P-3900,b2311-P-3900,119.0,0.0,0.0,0.0,10,44.5,0.0,0,119.0,0.0,0.0,0.0,0.0,0.0,43
2023-05-10 14:39:14,b2311-P-3900,b2311-P-3900,119.0,0.0,0.0,0.0,1,45.0,0.0,0,119.0,0.0,0.0,0.0,0.0,0.0,43
2023-05-10 14:39:15,b2311-P-3900,b2311-P-3900,119.0,0.0,0.0,0.0,10,45.5,0.0,0,119.0,0.0,0.0,0.0,0.0,0.0,43
2023-05-10 14:39:15,b2311-P-3900,b2311-P-3900,119.0,0.0,0.0,0.0,1,46.0,0.0,0,119.0,0.0,0.0,0.0,0.0,0.0,43
2023-05-10 14:39:16,b2311-P-3900,b2311-P-3900,119.0,0.0,0.0,0.0,10,46.5,0.0,0,119.0,0.0,0.0,0.0,0.0,0.0,43
2023-05-10 14:39:16,b2311-P-3900,b2311-P-3900,119.0,0.0,0.0,0.0,1,47.0,0.0,0,119.0,0.0,0.0,0.0,0.0,0.0,43
2023-05-10 14:39:17,b2311-P-3900,b2311-P-3900,119.0,0.0,0.0,0.0,10,47.5,0.0,0,119.0,0.0,0.0,0.0,0.0,0.0,43
2023-05-10 14:59:02,b2311-P-3900,b2311-P-3900,119.0,0.0,0.0,0.0,1,10.5,0.0,0,119.0,0.0,0.0,0.0,0.0,0.0,43
2023-05-10 14:59:08,b2311-P-3900,b2311-P-3900,119.0,0.0,0.0,0.0,1,18.5,0.0,0,119.0,0.0,0.0,0.0,0.0,0.0,43
2023-05-10 15:01:15,b2311-P-3900,b2311-P-3900,119.0,0.0,0.0,0.0,1,18.5,0.0,0,119.0,0.0,0.0,0.0,0.0,0.0,43
