time,symbol_id,symbol_name,last,trade_volume,trade_amount,open_interest_change,bv1,bp1,ap1,av1,yesterday_close,today_open,today_high,today_low,volume,amount,open_interest
2023-05-09 20:55:25,b2311-C-4100,b2311-C-4100,166.5,0.0,0.0,0.0,1,0.5,0.0,0,166.5,0.0,0.0,0.0,0.0,0.0,3
2023-05-09 21:01:41,b2311-C-4100,b2311-C-4100,166.5,0.0,0.0,0.0,1,1.0,0.0,0,166.5,0.0,0.0,0.0,0.0,0.0,3
2023-05-09 21:03:05,b2311-C-4100,b2311-C-4100,166.5,0.0,0.0,0.0,1,1.5,0.0,0,166.5,0.0,0.0,0.0,0.0,0.0,3
2023-05-09 21:05:44,b2311-C-4100,b2311-C-4100,166.5,0.0,0.0,0.0,2,1.5,0.0,0,166.5,0.0,0.0,0.0,0.0,0.0,3
2023-05-09 21:06:22,b2311-C-4100,b2311-C-4100,166.5,0.0,0.0,0.0,1,2.0,0.0,0,166.5,0.0,0.0,0.0,0.0,0.0,3
2023-05-09 21:08:23,b2311-C-4100,b2311-C-4100,166.5,0.0,0.0,0.0,1,2.5,0.0,0,166.5,0.0,0.0,0.0,0.0,0.0,3
2023-05-09 21:08:40,b2311-C-4100,b2311-C-4100,166.5,0.0,0.0,0.0,1,3.0,0.0,0,166.5,0.0,0.0,0.0,0.0,0.0,3
2023-05-09 21:12:36,b2311-C-4100,b2311-C-4100,166.5,0.0,0.0,0.0,1,8.0,0.0,0,166.5,0.0,0.0,0.0,0.0,0.0,3
2023-05-09 21:13:04,b2311-C-4100,b2311-C-4100,166.5,0.0,0.0,0.0,1,8.5,0.0,0,166.5,0.0,0.0,0.0,0.0,0.0,3
2023-05-09 21:33:05,b2311-C-4100,b2311-C-4100,166.5,0.0,0.0,0.0,1,9.0,0.0,0,166.5,0.0,0.0,0.0,0.0,0.0,3
2023-05-09 21:33:21,b2311-C-4100,b2311-C-4100,166.5,0.0,0.0,0.0,1,9.5,0.0,0,166.5,0.0,0.0,0.0,0.0,0.0,3
2023-05-09 22:08:17,b2311-C-4100,b2311-C-4100,166.5,0.0,0.0,0.0,1,10.0,0.0,0,166.5,0.0,0.0,0.0,0.0,0.0,3
2023-05-09 22:08:18,b2311-C-4100,b2311-C-4100,166.5,0.0,0.0,0.0,1,10.5,0.0,0,166.5,0.0,0.0,0.0,0.0,0.0,3
2023-05-09 22:40:24,b2311-C-4100,b2311-C-4100,166.5,0.0,0.0,0.0,1,11.0,0.0,0,166.5,0.0,0.0,0.0,0.0,0.0,3
2023-05-09 22:40:25,b2311-C-4100,b2311-C-4100,166.5,0.0,0.0,0.0,1,11.5,0.0,0,166.5,0.0,0.0,0.0,0.0,0.0,3
2023-05-09 22:57:16,b2311-C-4100,b2311-C-4100,166.5,0.0,0.0,0.0,1,11.0,0.0,0,166.5,0.0,0.0,0.0,0.0,0.0,3
2023-05-10 09:01:18,b2311-C-4100,b2311-C-4100,166.5,0.0,0.0,0.0,1,11.5,0.0,0,166.5,0.0,0.0,0.0,0.0,0.0,3
2023-05-10 09:01:18,b2311-C-4100,b2311-C-4100,166.5,0.0,0.0,0.0,1,12.0,0.0,0,166.5,0.0,0.0,0.0,0.0,0.0,3
2023-05-10 09:03:59,b2311-C-4100,b2311-C-4100,166.5,0.0,0.0,0.0,1,12.5,0.0,0,166.5,0.0,0.0,0.0,0.0,0.0,3
2023-05-10 09:36:50,b2311-C-4100,b2311-C-4100,166.5,0.0,0.0,0.0,1,13.0,0.0,0,166.5,0.0,0.0,0.0,0.0,0.0,3
2023-05-10 09:36:51,b2311-C-4100,b2311-C-4100,166.5,0.0,0.0,0.0,1,13.5,0.0,0,166.5,0.0,0.0,0.0,0.0,0.0,3
2023-05-10 10:12:11,b2311-C-4100,b2311-C-4100,166.5,0.0,0.0,0.0,1,13.0,0.0,0,166.5,0.0,0.0,0.0,0.0,0.0,3
2023-05-10 10:30:27,b2311-C-4100,b2311-C-4100,166.5,0.0,0.0,0.0,1,13.5,0.0,0,166.5,0.0,0.0,0.0,0.0,0.0,3
2023-05-10 10:52:48,b2311-C-4100,b2311-C-4100,166.5,0.0,0.0,0.0,1,14.0,0.0,0,166.5,0.0,0.0,0.0,0.0,0.0,3
2023-05-10 10:52:50,b2311-C-4100,b2311-C-4100,166.5,0.0,0.0,0.0,1,14.5,0.0,0,166.5,0.0,0.0,0.0,0.0,0.0,3
2023-05-10 11:25:58,b2311-C-4100,b2311-C-4100,166.5,0.0,0.0,0.0,1,15.0,0.0,0,166.5,0.0,0.0,0.0,0.0,0.0,3
2023-05-10 11:26:00,b2311-C-4100,b2311-C-4100,166.5,0.0,0.0,0.0,1,15.5,0.0,0,166.5,0.0,0.0,0.0,0.0,0.0,3
2023-05-10 11:27:11,b2311-C-4100,b2311-C-4100,166.5,0.0,0.0,0.0,1,15.0,0.0,0,166.5,0.0,0.0,0.0,0.0,0.0,3
2023-05-10 11:29:41,b2311-C-4100,b2311-C-4100,166.5,0.0,0.0,0.0,1,9.0,0.0,0,166.5,0.0,0.0,0.0,0.0,0.0,3
2023-05-10 13:31:17,b2311-C-4100,b2311-C-4100,166.5,0.0,0.0,0.0,1,9.5,0.0,0,166.5,0.0,0.0,0.0,0.0,0.0,3
2023-05-10 13:45:14,b2311-C-4100,b2311-C-4100,166.5,0.0,0.0,0.0,1,10.0,0.0,0,166.5,0.0,0.0,0.0,0.0,0.0,3
2023-05-10 13:45:21,b2311-C-4100,b2311-C-4100,166.5,0.0,0.0,0.0,1,10.5,0.0,0,166.5,0.0,0.0,0.0,0.0,0.0,3
2023-05-10 14:38:24,b2311-C-4100,b2311-C-4100,166.5,0.0,0.0,0.0,1,137.5,159.5,1,166.5,0.0,0.0,0.0,0.0,0.0,3
2023-05-10 14:38:24,b2311-C-4100,b2311-C-4100,166.5,0.0,0.0,0.0,3,137.5,159.5,3,166.5,0.0,0.0,0.0,0.0,0.0,3
2023-05-10 14:38:25,b2311-C-4100,b2311-C-4100,166.5,0.0,0.0,0.0,1,149.0,159.5,3,166.5,0.0,0.0,0.0,0.0,0.0,3
2023-05-10 14:38:25,b2311-C-4100,b2311-C-4100,166.5,0.0,0.0,0.0,1,149.0,159.5,2,166.5,0.0,0.0,0.0,0.0,0.0,3
2023-05-10 14:38:26,b2311-C-4100,b2311-C-4100,166.5,0.0,0.0,0.0,1,149.0,151.5,1,166.5,0.0,0.0,0.0,0.0,0.0,3
2023-05-10 14:38:29,b2311-C-4100,b2311-C-4100,166.5,0.0,0.0,0.0,1,149.0,151.5,2,166.5,0.0,0.0,0.0,0.0,0.0,3
2023-05-10 14:38:36,b2311-C-4100,b2311-C-4100,166.5,0.0,0.0,0.0,10,148.5,151.5,2,166.5,0.0,0.0,0.0,0.0,0.0,3
2023-05-10 14:38:37,b2311-C-4100,b2311-C-4100,166.5,0.0,0.0,0.0,1,143.0,151.5,2,166.5,0.0,0.0,0.0,0.0,0.0,3
2023-05-10 14:38:37,b2311-C-4100,b2311-C-4100,166.5,0.0,0.0,0.0,1,141.5,159.0,1,166.5,0.0,0.0,0.0,0.0,0.0,3
2023-05-10 14:38:38,b2311-C-4100,b2311-C-4100,166.5,0.0,0.0,0.0,1,10.0,0.0,0,166.5,0.0,0.0,0.0,0.0,0.0,3
2023-05-10 14:38:38,b2311-C-4100,b2311-C-4100,166.5,0.0,0.0,0.0,1,16.5,0.0,0,166.5,0.0,0.0,0.0,0.0,0.0,3
2023-05-10 14:43:42,b2311-C-4100,b2311-C-4100,166.5,0.0,0.0,0.0,1,17.0,0.0,0,166.5,0.0,0.0,0.0,0.0,0.0,3
2023-05-10 14:43:43,b2311-C-4100,b2311-C-4100,166.5,0.0,0.0,0.0,1,17.5,0.0,0,166.5,0.0,0.0,0.0,0.0,0.0,3
2023-05-10 15:01:15,b2311-C-4100,b2311-C-4100,166.5,0.0,0.0,0.0,1,17.5,0.0,0,166.5,0.0,0.0,0.0,0.0,0.0,3
