time,symbol_id,symbol_name,last,trade_volume,trade_amount,open_interest_change,bv1,bp1,ap1,av1,yesterday_close,today_open,today_high,today_low,volume,amount,open_interest
2023-05-09 20:56:25,b2401-C-4400,b2401-C-4400,92.0,0.0,0.0,0.0,1,1.5,0.0,0,92.0,0.0,0.0,0.0,0.0,0.0,4
2023-05-09 21:01:59,b2401-C-4400,b2401-C-4400,92.0,0.0,0.0,0.0,1,2.0,0.0,0,92.0,0.0,0.0,0.0,0.0,0.0,4
2023-05-09 21:05:07,b2401-C-4400,b2401-C-4400,92.0,0.0,0.0,0.0,1,2.5,0.0,0,92.0,0.0,0.0,0.0,0.0,0.0,4
2023-05-09 21:05:14,b2401-C-4400,b2401-C-4400,92.0,0.0,0.0,0.0,1,3.0,0.0,0,92.0,0.0,0.0,0.0,0.0,0.0,4
2023-05-09 21:07:49,b2401-C-4400,b2401-C-4400,92.0,0.0,0.0,0.0,1,3.5,0.0,0,92.0,0.0,0.0,0.0,0.0,0.0,4
2023-05-09 21:08:08,b2401-C-4400,b2401-C-4400,92.0,0.0,0.0,0.0,1,4.0,0.0,0,92.0,0.0,0.0,0.0,0.0,0.0,4
2023-05-09 21:11:58,b2401-C-4400,b2401-C-4400,92.0,0.0,0.0,0.0,1,8.0,0.0,0,92.0,0.0,0.0,0.0,0.0,0.0,4
2023-05-09 21:12:00,b2401-C-4400,b2401-C-4400,92.0,0.0,0.0,0.0,1,8.5,0.0,0,92.0,0.0,0.0,0.0,0.0,0.0,4
2023-05-09 22:57:24,b2401-C-4400,b2401-C-4400,92.0,0.0,0.0,0.0,1,3.5,0.0,0,92.0,0.0,0.0,0.0,0.0,0.0,4
2023-05-10 09:02:49,b2401-C-4400,b2401-C-4400,92.0,0.0,0.0,0.0,1,4.0,0.0,0,92.0,0.0,0.0,0.0,0.0,0.0,4
2023-05-10 09:06:14,b2401-C-4400,b2401-C-4400,92.0,0.0,0.0,0.0,1,8.0,0.0,0,92.0,0.0,0.0,0.0,0.0,0.0,4
2023-05-10 09:06:19,b2401-C-4400,b2401-C-4400,92.0,0.0,0.0,0.0,1,8.5,0.0,0,92.0,0.0,0.0,0.0,0.0,0.0,4
2023-05-10 09:38:53,b2401-C-4400,b2401-C-4400,92.0,0.0,0.0,0.0,1,9.0,0.0,0,92.0,0.0,0.0,0.0,0.0,0.0,4
2023-05-10 09:38:55,b2401-C-4400,b2401-C-4400,92.0,0.0,0.0,0.0,1,9.5,0.0,0,92.0,0.0,0.0,0.0,0.0,0.0,4
2023-05-10 09:39:37,b2401-C-4400,b2401-C-4400,92.0,0.0,0.0,0.0,1,10.0,0.0,0,92.0,0.0,0.0,0.0,0.0,0.0,4
2023-05-10 09:39:39,b2401-C-4400,b2401-C-4400,92.0,0.0,0.0,0.0,1,10.5,0.0,0,92.0,0.0,0.0,0.0,0.0,0.0,4
2023-05-10 10:12:18,b2401-C-4400,b2401-C-4400,92.0,0.0,0.0,0.0,1,10.0,0.0,0,92.0,0.0,0.0,0.0,0.0,0.0,4
2023-05-10 10:31:01,b2401-C-4400,b2401-C-4400,92.0,0.0,0.0,0.0,1,10.5,0.0,0,92.0,0.0,0.0,0.0,0.0,0.0,4
2023-05-10 11:24:51,b2401-C-4400,b2401-C-4400,92.0,0.0,0.0,0.0,1,77.0,96.0,1,92.0,0.0,0.0,0.0,0.0,0.0,4
2023-05-10 11:24:53,b2401-C-4400,b2401-C-4400,92.0,0.0,0.0,0.0,2,77.0,96.0,2,92.0,0.0,0.0,0.0,0.0,0.0,4
2023-05-10 11:24:53,b2401-C-4400,b2401-C-4400,92.0,0.0,0.0,0.0,4,77.0,96.0,2,92.0,0.0,0.0,0.0,0.0,0.0,4
2023-05-10 11:24:56,b2401-C-4400,b2401-C-4400,92.0,0.0,0.0,0.0,4,77.0,96.0,3,92.0,0.0,0.0,0.0,0.0,0.0,4
2023-05-10 11:24:57,b2401-C-4400,b2401-C-4400,92.0,0.0,0.0,0.0,4,77.0,92.5,1,92.0,0.0,0.0,0.0,0.0,0.0,4
2023-05-10 11:24:57,b2401-C-4400,b2401-C-4400,92.0,0.0,0.0,0.0,3,77.0,92.5,1,92.0,0.0,0.0,0.0,0.0,0.0,4
2023-05-10 11:25:02,b2401-C-4400,b2401-C-4400,92.0,0.0,0.0,0.0,2,77.0,92.5,1,92.0,0.0,0.0,0.0,0.0,0.0,4
2023-05-10 11:25:04,b2401-C-4400,b2401-C-4400,92.0,0.0,0.0,0.0,1,77.0,92.5,1,92.0,0.0,0.0,0.0,0.0,0.0,4
2023-05-10 11:25:05,b2401-C-4400,b2401-C-4400,92.0,0.0,0.0,0.0,3,76.5,92.5,1,92.0,0.0,0.0,0.0,0.0,0.0,4
2023-05-10 11:25:05,b2401-C-4400,b2401-C-4400,92.0,0.0,0.0,0.0,1,76.5,92.5,1,92.0,0.0,0.0,0.0,0.0,0.0,4
2023-05-10 11:25:08,b2401-C-4400,b2401-C-4400,92.0,0.0,0.0,0.0,1,75.5,94.5,1,92.0,0.0,0.0,0.0,0.0,0.0,4
2023-05-10 11:25:10,b2401-C-4400,b2401-C-4400,92.0,0.0,0.0,0.0,1,10.0,0.0,0,92.0,0.0,0.0,0.0,0.0,0.0,4
2023-05-10 11:25:11,b2401-C-4400,b2401-C-4400,92.0,0.0,0.0,0.0,1,10.5,0.0,0,92.0,0.0,0.0,0.0,0.0,0.0,4
2023-05-10 11:27:18,b2401-C-4400,b2401-C-4400,92.0,0.0,0.0,0.0,1,10.0,0.0,0,92.0,0.0,0.0,0.0,0.0,0.0,4
2023-05-10 13:32:08,b2401-C-4400,b2401-C-4400,92.0,0.0,0.0,0.0,1,10.5,0.0,0,92.0,0.0,0.0,0.0,0.0,0.0,4
2023-05-10 13:48:25,b2401-C-4400,b2401-C-4400,92.0,0.0,0.0,0.0,1,75.0,94.0,1,92.0,0.0,0.0,0.0,0.0,0.0,4
2023-05-10 13:48:26,b2401-C-4400,b2401-C-4400,92.0,0.0,0.0,0.0,2,75.0,94.0,1,92.0,0.0,0.0,0.0,0.0,0.0,4
2023-05-10 13:48:26,b2401-C-4400,b2401-C-4400,92.0,0.0,0.0,0.0,3,75.0,94.0,2,92.0,0.0,0.0,0.0,0.0,0.0,4
2023-05-10 13:48:27,b2401-C-4400,b2401-C-4400,92.0,0.0,0.0,0.0,3,75.0,94.0,3,92.0,0.0,0.0,0.0,0.0,0.0,4
2023-05-10 13:48:27,b2401-C-4400,b2401-C-4400,92.0,0.0,0.0,0.0,3,75.0,93.5,1,92.0,0.0,0.0,0.0,0.0,0.0,4
2023-05-10 13:48:29,b2401-C-4400,b2401-C-4400,92.0,0.0,0.0,0.0,4,75.0,91.0,1,92.0,0.0,0.0,0.0,0.0,0.0,4
2023-05-10 13:48:30,b2401-C-4400,b2401-C-4400,92.0,0.0,0.0,0.0,3,75.0,91.0,1,92.0,0.0,0.0,0.0,0.0,0.0,4
2023-05-10 13:48:30,b2401-C-4400,b2401-C-4400,92.0,0.0,0.0,0.0,3,75.0,91.0,2,92.0,0.0,0.0,0.0,0.0,0.0,4
2023-05-10 13:48:35,b2401-C-4400,b2401-C-4400,92.0,0.0,0.0,0.0,4,75.0,91.0,2,92.0,0.0,0.0,0.0,0.0,0.0,4
2023-05-10 13:48:36,b2401-C-4400,b2401-C-4400,92.0,0.0,0.0,0.0,3,75.0,91.0,2,92.0,0.0,0.0,0.0,0.0,0.0,4
2023-05-10 13:48:38,b2401-C-4400,b2401-C-4400,92.0,0.0,0.0,0.0,2,75.0,91.0,2,92.0,0.0,0.0,0.0,0.0,0.0,4
2023-05-10 13:48:40,b2401-C-4400,b2401-C-4400,92.0,0.0,0.0,0.0,1,75.0,91.0,1,92.0,0.0,0.0,0.0,0.0,0.0,4
2023-05-10 13:48:42,b2401-C-4400,b2401-C-4400,92.0,0.0,0.0,0.0,1,75.0,92.5,2,92.0,0.0,0.0,0.0,0.0,0.0,4
2023-05-10 13:48:43,b2401-C-4400,b2401-C-4400,92.0,0.0,0.0,0.0,1,75.0,92.5,1,92.0,0.0,0.0,0.0,0.0,0.0,4
2023-05-10 13:48:46,b2401-C-4400,b2401-C-4400,92.0,0.0,0.0,0.0,1,10.0,0.0,0,92.0,0.0,0.0,0.0,0.0,0.0,4
2023-05-10 13:48:46,b2401-C-4400,b2401-C-4400,92.0,0.0,0.0,0.0,1,10.5,0.0,0,92.0,0.0,0.0,0.0,0.0,0.0,4
2023-05-10 15:01:15,b2401-C-4400,b2401-C-4400,92.0,0.0,0.0,0.0,1,10.5,0.0,0,92.0,0.0,0.0,0.0,0.0,0.0,4
