time,symbol_id,symbol_name,last,trade_volume,trade_amount,open_interest_change,bv1,bp1,ap1,av1,yesterday_close,today_open,today_high,today_low,volume,amount,open_interest
2023-05-09 20:56:48,b2401-P-4050,b2401-P-4050,222.5,0.0,0.0,0.0,1,1.5,0.0,0,222.5,0.0,0.0,0.0,0.0,0.0,13
2023-05-09 21:00:38,b2401-P-4050,b2401-P-4050,222.5,0.0,0.0,0.0,1,21.5,0.0,0,222.5,0.0,0.0,0.0,0.0,0.0,13
2023-05-09 21:02:03,b2401-P-4050,b2401-P-4050,222.5,0.0,0.0,0.0,1,25.5,0.0,0,222.5,0.0,0.0,0.0,0.0,0.0,13
2023-05-09 21:03:13,b2401-P-4050,b2401-P-4050,222.5,0.0,0.0,0.0,1,26.0,0.0,0,222.5,0.0,0.0,0.0,0.0,0.0,13
2023-05-09 21:05:42,b2401-P-4050,b2401-P-4050,222.5,0.0,0.0,0.0,1,26.5,0.0,0,222.5,0.0,0.0,0.0,0.0,0.0,13
2023-05-09 21:33:14,b2401-P-4050,b2401-P-4050,222.5,0.0,0.0,0.0,1,27.0,0.0,0,222.5,0.0,0.0,0.0,0.0,0.0,13
2023-05-09 21:33:27,b2401-P-4050,b2401-P-4050,222.5,0.0,0.0,0.0,1,27.5,0.0,0,222.5,0.0,0.0,0.0,0.0,0.0,13
2023-05-09 22:11:33,b2401-P-4050,b2401-P-4050,222.5,0.0,0.0,0.0,1,28.0,0.0,0,222.5,0.0,0.0,0.0,0.0,0.0,13
2023-05-09 22:11:34,b2401-P-4050,b2401-P-4050,222.5,0.0,0.0,0.0,1,28.5,0.0,0,222.5,0.0,0.0,0.0,0.0,0.0,13
2023-05-09 22:42:55,b2401-P-4050,b2401-P-4050,222.5,0.0,0.0,0.0,1,29.0,0.0,0,222.5,0.0,0.0,0.0,0.0,0.0,13
2023-05-09 22:42:56,b2401-P-4050,b2401-P-4050,222.5,0.0,0.0,0.0,1,29.5,0.0,0,222.5,0.0,0.0,0.0,0.0,0.0,13
2023-05-09 22:57:24,b2401-P-4050,b2401-P-4050,222.5,0.0,0.0,0.0,1,29.0,0.0,0,222.5,0.0,0.0,0.0,0.0,0.0,13
2023-05-10 09:03:02,b2401-P-4050,b2401-P-4050,222.5,0.0,0.0,0.0,1,29.5,0.0,0,222.5,0.0,0.0,0.0,0.0,0.0,13
2023-05-10 09:28:57,b2401-P-4050,b2401-P-4050,222.5,0.0,0.0,0.0,1,30.0,0.0,0,222.5,0.0,0.0,0.0,0.0,0.0,13
2023-05-10 09:28:59,b2401-P-4050,b2401-P-4050,222.5,0.0,0.0,0.0,1,30.5,0.0,0,222.5,0.0,0.0,0.0,0.0,0.0,13
2023-05-10 10:00:25,b2401-P-4050,b2401-P-4050,222.5,0.0,0.0,0.0,1,31.0,0.0,0,222.5,0.0,0.0,0.0,0.0,0.0,13
2023-05-10 10:00:26,b2401-P-4050,b2401-P-4050,222.5,0.0,0.0,0.0,1,31.5,0.0,0,222.5,0.0,0.0,0.0,0.0,0.0,13
2023-05-10 10:12:19,b2401-P-4050,b2401-P-4050,222.5,0.0,0.0,0.0,1,31.0,0.0,0,222.5,0.0,0.0,0.0,0.0,0.0,13
2023-05-10 10:31:02,b2401-P-4050,b2401-P-4050,222.5,0.0,0.0,0.0,1,31.5,0.0,0,222.5,0.0,0.0,0.0,0.0,0.0,13
2023-05-10 10:52:50,b2401-P-4050,b2401-P-4050,222.5,0.0,0.0,0.0,1,32.0,0.0,0,222.5,0.0,0.0,0.0,0.0,0.0,13
2023-05-10 10:52:52,b2401-P-4050,b2401-P-4050,222.5,0.0,0.0,0.0,1,32.5,0.0,0,222.5,0.0,0.0,0.0,0.0,0.0,13
2023-05-10 11:27:18,b2401-P-4050,b2401-P-4050,222.5,0.0,0.0,0.0,1,32.0,0.0,0,222.5,0.0,0.0,0.0,0.0,0.0,13
2023-05-10 11:29:42,b2401-P-4050,b2401-P-4050,222.5,0.0,0.0,0.0,1,26.5,0.0,0,222.5,0.0,0.0,0.0,0.0,0.0,13
2023-05-10 13:32:09,b2401-P-4050,b2401-P-4050,222.5,0.0,0.0,0.0,1,27.0,0.0,0,222.5,0.0,0.0,0.0,0.0,0.0,13
2023-05-10 13:48:25,b2401-P-4050,b2401-P-4050,222.5,0.0,0.0,0.0,1,240.0,268.5,1,222.5,0.0,0.0,0.0,0.0,0.0,13
2023-05-10 13:48:25,b2401-P-4050,b2401-P-4050,222.5,0.0,0.0,0.0,1,244.5,268.5,4,222.5,0.0,0.0,0.0,0.0,0.0,13
2023-05-10 13:48:25,b2401-P-4050,b2401-P-4050,222.5,0.0,0.0,0.0,1,244.5,268.5,1,222.5,0.0,0.0,0.0,0.0,0.0,13
2023-05-10 13:48:27,b2401-P-4050,b2401-P-4050,222.5,0.0,0.0,0.0,1,244.5,262.0,1,222.5,0.0,0.0,0.0,0.0,0.0,13
2023-05-10 13:48:30,b2401-P-4050,b2401-P-4050,222.5,0.0,0.0,0.0,1,244.5,262.0,2,222.5,0.0,0.0,0.0,0.0,0.0,13
2023-05-10 13:48:36,b2401-P-4050,b2401-P-4050,222.5,0.0,0.0,0.0,1,242.0,262.0,2,222.5,0.0,0.0,0.0,0.0,0.0,13
2023-05-10 13:48:36,b2401-P-4050,b2401-P-4050,222.5,0.0,0.0,0.0,1,240.0,262.0,2,222.5,0.0,0.0,0.0,0.0,0.0,13
2023-05-10 13:48:38,b2401-P-4050,b2401-P-4050,222.5,0.0,0.0,0.0,1,240.0,262.0,1,222.5,0.0,0.0,0.0,0.0,0.0,13
2023-05-10 13:48:42,b2401-P-4050,b2401-P-4050,222.5,0.0,0.0,0.0,1,240.0,266.0,1,222.5,0.0,0.0,0.0,0.0,0.0,13
2023-05-10 13:48:43,b2401-P-4050,b2401-P-4050,222.5,0.0,0.0,0.0,1,26.5,0.0,0,222.5,0.0,0.0,0.0,0.0,0.0,13
2023-05-10 13:48:43,b2401-P-4050,b2401-P-4050,222.5,0.0,0.0,0.0,1,27.0,0.0,0,222.5,0.0,0.0,0.0,0.0,0.0,13
2023-05-10 13:49:33,b2401-P-4050,b2401-P-4050,222.5,0.0,0.0,0.0,1,27.5,0.0,0,222.5,0.0,0.0,0.0,0.0,0.0,13
2023-05-10 13:49:37,b2401-P-4050,b2401-P-4050,222.5,0.0,0.0,0.0,1,28.0,0.0,0,222.5,0.0,0.0,0.0,0.0,0.0,13
2023-05-10 14:44:46,b2401-P-4050,b2401-P-4050,222.5,0.0,0.0,0.0,1,28.5,0.0,0,222.5,0.0,0.0,0.0,0.0,0.0,13
2023-05-10 14:44:48,b2401-P-4050,b2401-P-4050,222.5,0.0,0.0,0.0,1,29.0,0.0,0,222.5,0.0,0.0,0.0,0.0,0.0,13
2023-05-10 15:01:15,b2401-P-4050,b2401-P-4050,222.5,0.0,0.0,0.0,1,29.0,0.0,0,222.5,0.0,0.0,0.0,0.0,0.0,13
