time,symbol_id,symbol_name,last,trade_volume,trade_amount,open_interest_change,bv1,bp1,ap1,av1,yesterday_close,today_open,today_high,today_low,volume,amount,open_interest
2023-05-09 19:10:58,CY2310,CY310,22300.0,0.0,0.0,0.0,0,0.0,0.0,0,22300.0,22915.0,0.0,0.0,0.0,0.0,4
2023-05-09 21:00:01,CY2310,CY310,22300.0,0.0,0.0,0.0,1,20970.0,0.0,0,22300.0,22915.0,0.0,0.0,0.0,0.0,4
2023-05-09 21:00:03,CY2310,CY310,22300.0,0.0,0.0,0.0,1,20970.0,23635.0,1,22300.0,22915.0,0.0,0.0,0.0,0.0,4
2023-05-09 21:00:04,CY2310,CY310,22300.0,0.0,0.0,0.0,1,20975.0,23635.0,1,22300.0,22915.0,0.0,0.0,0.0,0.0,4
2023-05-09 21:00:05,CY2310,CY310,22300.0,0.0,0.0,0.0,1,20985.0,23635.0,1,22300.0,22915.0,0.0,0.0,0.0,0.0,4
2023-05-09 21:00:08,CY2310,CY310,22300.0,0.0,0.0,0.0,1,21755.0,23630.0,1,22300.0,22915.0,0.0,0.0,0.0,0.0,4
2023-05-09 21:00:09,CY2310,CY310,22300.0,0.0,0.0,0.0,1,21755.0,23625.0,1,22300.0,22915.0,0.0,0.0,0.0,0.0,4
2023-05-09 21:00:14,CY2310,CY310,22300.0,0.0,0.0,0.0,1,21760.0,23625.0,1,22300.0,22915.0,0.0,0.0,0.0,0.0,4
2023-05-09 21:00:16,CY2310,CY310,22300.0,0.0,0.0,0.0,1,21755.0,23620.0,3,22300.0,22915.0,0.0,0.0,0.0,0.0,4
2023-05-09 21:00:16,CY2310,CY310,22300.0,0.0,0.0,0.0,1,21760.0,23615.0,1,22300.0,22915.0,0.0,0.0,0.0,0.0,4
2023-05-09 21:00:22,CY2310,CY310,22300.0,0.0,0.0,0.0,1,21760.0,23610.0,1,22300.0,22915.0,0.0,0.0,0.0,0.0,4
2023-05-09 21:00:23,CY2310,CY310,22300.0,0.0,0.0,0.0,1,21760.0,23605.0,1,22300.0,22915.0,0.0,0.0,0.0,0.0,4
2023-05-09 21:00:29,CY2310,CY310,22300.0,0.0,0.0,0.0,1,21760.0,23600.0,1,22300.0,22915.0,0.0,0.0,0.0,0.0,4
2023-05-09 21:00:29,CY2310,CY310,22300.0,0.0,0.0,0.0,1,21760.0,23595.0,1,22300.0,22915.0,0.0,0.0,0.0,0.0,4
2023-05-09 21:00:32,CY2310,CY310,22300.0,0.0,0.0,0.0,1,21760.0,23590.0,1,22300.0,22915.0,0.0,0.0,0.0,0.0,4
2023-05-09 21:00:34,CY2310,CY310,22300.0,0.0,0.0,0.0,1,21760.0,23585.0,1,22300.0,22915.0,0.0,0.0,0.0,0.0,4
2023-05-09 21:00:37,CY2310,CY310,22300.0,0.0,0.0,0.0,1,21760.0,23580.0,1,22300.0,22915.0,0.0,0.0,0.0,0.0,4
2023-05-09 21:00:37,CY2310,CY310,22300.0,0.0,0.0,0.0,1,21760.0,23575.0,1,22300.0,22915.0,0.0,0.0,0.0,0.0,4
2023-05-09 21:00:38,CY2310,CY310,22300.0,0.0,0.0,0.0,1,21760.0,23570.0,1,22300.0,22915.0,0.0,0.0,0.0,0.0,4
2023-05-09 21:00:39,CY2310,CY310,22300.0,0.0,0.0,0.0,1,21760.0,23565.0,1,22300.0,22915.0,0.0,0.0,0.0,0.0,4
2023-05-09 21:00:39,CY2310,CY310,22300.0,0.0,0.0,0.0,1,21760.0,23560.0,1,22300.0,22915.0,0.0,0.0,0.0,0.0,4
2023-05-09 21:00:40,CY2310,CY310,22300.0,0.0,0.0,0.0,1,21760.0,23555.0,1,22300.0,22915.0,0.0,0.0,0.0,0.0,4
2023-05-09 21:00:40,CY2310,CY310,22300.0,0.0,0.0,0.0,1,21760.0,23550.0,1,22300.0,22915.0,0.0,0.0,0.0,0.0,4
2023-05-09 21:00:41,CY2310,CY310,22300.0,0.0,0.0,0.0,1,21760.0,23545.0,1,22300.0,22915.0,0.0,0.0,0.0,0.0,4
2023-05-09 21:00:42,CY2310,CY310,22300.0,0.0,0.0,0.0,1,21760.0,23540.0,1,22300.0,22915.0,0.0,0.0,0.0,0.0,4
2023-05-09 21:00:42,CY2310,CY310,22300.0,0.0,0.0,0.0,1,21760.0,23535.0,1,22300.0,22915.0,0.0,0.0,0.0,0.0,4
2023-05-09 21:00:43,CY2310,CY310,22300.0,0.0,0.0,0.0,1,21760.0,23530.0,1,22300.0,22915.0,0.0,0.0,0.0,0.0,4
2023-05-09 21:00:43,CY2310,CY310,22300.0,0.0,0.0,0.0,1,21760.0,23525.0,1,22300.0,22915.0,0.0,0.0,0.0,0.0,4
2023-05-09 21:00:44,CY2310,CY310,22300.0,0.0,0.0,0.0,1,21760.0,23520.0,1,22300.0,22915.0,0.0,0.0,0.0,0.0,4
2023-05-09 21:00:44,CY2310,CY310,22300.0,0.0,0.0,0.0,1,21760.0,23515.0,1,22300.0,22915.0,0.0,0.0,0.0,0.0,4
2023-05-09 21:00:45,CY2310,CY310,22300.0,0.0,0.0,0.0,1,21760.0,23510.0,1,22300.0,22915.0,0.0,0.0,0.0,0.0,4
2023-05-09 21:00:46,CY2310,CY310,22300.0,0.0,0.0,0.0,1,21760.0,23505.0,1,22300.0,22915.0,0.0,0.0,0.0,0.0,4
2023-05-09 21:00:46,CY2310,CY310,22300.0,0.0,0.0,0.0,1,21760.0,23500.0,1,22300.0,22915.0,0.0,0.0,0.0,0.0,4
2023-05-09 21:00:47,CY2310,CY310,22300.0,0.0,0.0,0.0,1,21760.0,23495.0,1,22300.0,22915.0,0.0,0.0,0.0,0.0,4
2023-05-09 21:00:47,CY2310,CY310,22300.0,0.0,0.0,0.0,1,21760.0,23490.0,1,22300.0,22915.0,0.0,0.0,0.0,0.0,4
2023-05-09 21:00:48,CY2310,CY310,22300.0,0.0,0.0,0.0,1,21760.0,23485.0,1,22300.0,22915.0,0.0,0.0,0.0,0.0,4
2023-05-09 21:00:48,CY2310,CY310,22300.0,0.0,0.0,0.0,1,21760.0,23480.0,1,22300.0,22915.0,0.0,0.0,0.0,0.0,4
2023-05-09 21:00:49,CY2310,CY310,22300.0,0.0,0.0,0.0,1,21760.0,23475.0,1,22300.0,22915.0,0.0,0.0,0.0,0.0,4
2023-05-09 21:00:50,CY2310,CY310,22300.0,0.0,0.0,0.0,1,21760.0,23470.0,1,22300.0,22915.0,0.0,0.0,0.0,0.0,4
2023-05-09 21:00:50,CY2310,CY310,22300.0,0.0,0.0,0.0,1,21760.0,23465.0,1,22300.0,22915.0,0.0,0.0,0.0,0.0,4
2023-05-09 21:00:51,CY2310,CY310,22300.0,0.0,0.0,0.0,1,21760.0,23460.0,1,22300.0,22915.0,0.0,0.0,0.0,0.0,4
2023-05-09 21:00:51,CY2310,CY310,22300.0,0.0,0.0,0.0,1,21760.0,23455.0,1,22300.0,22915.0,0.0,0.0,0.0,0.0,4
2023-05-09 21:00:51,CY2310,CY310,22300.0,0.0,0.0,0.0,1,21760.0,23450.0,1,22300.0,22915.0,0.0,0.0,0.0,0.0,4
2023-05-09 21:00:51,CY2310,CY310,22300.0,0.0,0.0,0.0,1,21760.0,23460.0,1,22300.0,22915.0,0.0,0.0,0.0,0.0,4
2023-05-09 21:00:51,CY2310,CY310,22300.0,0.0,0.0,0.0,1,21760.0,23455.0,1,22300.0,22915.0,0.0,0.0,0.0,0.0,4
2023-05-09 21:00:52,CY2310,CY310,22300.0,0.0,0.0,0.0,1,21760.0,23445.0,1,22300.0,22915.0,0.0,0.0,0.0,0.0,4
2023-05-09 21:00:52,CY2310,CY310,22300.0,0.0,0.0,0.0,1,21760.0,23440.0,1,22300.0,22915.0,0.0,0.0,0.0,0.0,4
2023-05-09 21:00:53,CY2310,CY310,22300.0,0.0,0.0,0.0,1,21760.0,23435.0,1,22300.0,22915.0,0.0,0.0,0.0,0.0,4
2023-05-09 21:00:53,CY2310,CY310,22300.0,0.0,0.0,0.0,1,21760.0,23430.0,1,22300.0,22915.0,0.0,0.0,0.0,0.0,4
2023-05-09 21:00:54,CY2310,CY310,22300.0,0.0,0.0,0.0,1,21760.0,23425.0,1,22300.0,22915.0,0.0,0.0,0.0,0.0,4
2023-05-09 21:00:54,CY2310,CY310,22300.0,0.0,0.0,0.0,1,21760.0,23420.0,1,22300.0,22915.0,0.0,0.0,0.0,0.0,4
2023-05-09 21:00:55,CY2310,CY310,22300.0,0.0,0.0,0.0,1,21760.0,23415.0,1,22300.0,22915.0,0.0,0.0,0.0,0.0,4
2023-05-09 21:00:55,CY2310,CY310,22300.0,0.0,0.0,0.0,1,21760.0,23410.0,1,22300.0,22915.0,0.0,0.0,0.0,0.0,4
2023-05-09 21:00:56,CY2310,CY310,22300.0,0.0,0.0,0.0,1,21760.0,23405.0,1,22300.0,22915.0,0.0,0.0,0.0,0.0,4
2023-05-09 21:00:56,CY2310,CY310,22300.0,0.0,0.0,0.0,1,21760.0,23400.0,1,22300.0,22915.0,0.0,0.0,0.0,0.0,4
2023-05-09 21:00:57,CY2310,CY310,22300.0,0.0,0.0,0.0,1,21760.0,23395.0,1,22300.0,22915.0,0.0,0.0,0.0,0.0,4
2023-05-09 21:00:57,CY2310,CY310,22300.0,0.0,0.0,0.0,1,21760.0,23390.0,1,22300.0,22915.0,0.0,0.0,0.0,0.0,4
2023-05-09 21:00:58,CY2310,CY310,22300.0,0.0,0.0,0.0,1,21760.0,23385.0,1,22300.0,22915.0,0.0,0.0,0.0,0.0,4
2023-05-09 21:00:58,CY2310,CY310,22300.0,0.0,0.0,0.0,1,21760.0,23380.0,1,22300.0,22915.0,0.0,0.0,0.0,0.0,4
2023-05-09 21:00:59,CY2310,CY310,22300.0,0.0,0.0,0.0,1,21760.0,23375.0,1,22300.0,22915.0,0.0,0.0,0.0,0.0,4
2023-05-09 21:00:59,CY2310,CY310,22300.0,0.0,0.0,0.0,1,21760.0,23370.0,1,22300.0,22915.0,0.0,0.0,0.0,0.0,4
2023-05-09 21:01:00,CY2310,CY310,22300.0,0.0,0.0,0.0,1,21760.0,23365.0,1,22300.0,22915.0,0.0,0.0,0.0,0.0,4
2023-05-09 21:01:00,CY2310,CY310,22300.0,0.0,0.0,0.0,1,21760.0,23360.0,1,22300.0,22915.0,0.0,0.0,0.0,0.0,4
2023-05-09 21:01:01,CY2310,CY310,22300.0,0.0,0.0,0.0,1,21760.0,23355.0,1,22300.0,22915.0,0.0,0.0,0.0,0.0,4
2023-05-09 21:01:02,CY2310,CY310,22300.0,0.0,0.0,0.0,1,21760.0,23350.0,1,22300.0,22915.0,0.0,0.0,0.0,0.0,4
2023-05-09 21:01:02,CY2310,CY310,22300.0,0.0,0.0,0.0,1,21760.0,23345.0,1,22300.0,22915.0,0.0,0.0,0.0,0.0,4
2023-05-09 21:01:02,CY2310,CY310,22300.0,0.0,0.0,0.0,1,21760.0,23340.0,1,22300.0,22915.0,0.0,0.0,0.0,0.0,4
2023-05-09 21:01:03,CY2310,CY310,22300.0,0.0,0.0,0.0,1,21760.0,23335.0,1,22300.0,22915.0,0.0,0.0,0.0,0.0,4
2023-05-09 21:01:04,CY2310,CY310,22300.0,0.0,0.0,0.0,1,21760.0,23330.0,1,22300.0,22915.0,0.0,0.0,0.0,0.0,4
2023-05-09 21:01:04,CY2310,CY310,22300.0,0.0,0.0,0.0,1,21760.0,23325.0,1,22300.0,22915.0,0.0,0.0,0.0,0.0,4
2023-05-09 21:01:05,CY2310,CY310,22300.0,0.0,0.0,0.0,1,21760.0,23320.0,1,22300.0,22915.0,0.0,0.0,0.0,0.0,4
2023-05-09 21:01:05,CY2310,CY310,22300.0,0.0,0.0,0.0,1,21760.0,23315.0,1,22300.0,22915.0,0.0,0.0,0.0,0.0,4
2023-05-09 21:01:06,CY2310,CY310,22300.0,0.0,0.0,0.0,1,21760.0,23310.0,1,22300.0,22915.0,0.0,0.0,0.0,0.0,4
2023-05-09 21:01:07,CY2310,CY310,22300.0,0.0,0.0,0.0,1,21760.0,23305.0,1,22300.0,22915.0,0.0,0.0,0.0,0.0,4
2023-05-09 21:01:08,CY2310,CY310,22300.0,0.0,0.0,0.0,1,21760.0,23300.0,1,22300.0,22915.0,0.0,0.0,0.0,0.0,4
2023-05-09 21:01:08,CY2310,CY310,22300.0,0.0,0.0,0.0,1,21760.0,23295.0,1,22300.0,22915.0,0.0,0.0,0.0,0.0,4
2023-05-09 21:01:08,CY2310,CY310,22300.0,0.0,0.0,0.0,1,21760.0,23290.0,1,22300.0,22915.0,0.0,0.0,0.0,0.0,4
2023-05-09 21:01:09,CY2310,CY310,22300.0,0.0,0.0,0.0,1,21760.0,23285.0,1,22300.0,22915.0,0.0,0.0,0.0,0.0,4
2023-05-09 21:01:09,CY2310,CY310,22300.0,0.0,0.0,0.0,1,21760.0,23280.0,1,22300.0,22915.0,0.0,0.0,0.0,0.0,4
2023-05-09 21:01:10,CY2310,CY310,22300.0,0.0,0.0,0.0,1,21760.0,23275.0,1,22300.0,22915.0,0.0,0.0,0.0,0.0,4
2023-05-09 21:01:10,CY2310,CY310,22300.0,0.0,0.0,0.0,1,21760.0,23270.0,1,22300.0,22915.0,0.0,0.0,0.0,0.0,4
2023-05-09 21:01:11,CY2310,CY310,22300.0,0.0,0.0,0.0,1,21760.0,23265.0,1,22300.0,22915.0,0.0,0.0,0.0,0.0,4
2023-05-09 21:01:11,CY2310,CY310,22300.0,0.0,0.0,0.0,1,21760.0,23260.0,1,22300.0,22915.0,0.0,0.0,0.0,0.0,4
2023-05-09 21:01:12,CY2310,CY310,22300.0,0.0,0.0,0.0,1,21760.0,23255.0,1,22300.0,22915.0,0.0,0.0,0.0,0.0,4
2023-05-09 21:01:12,CY2310,CY310,22300.0,0.0,0.0,0.0,1,21760.0,23250.0,1,22300.0,22915.0,0.0,0.0,0.0,0.0,4
2023-05-09 21:01:13,CY2310,CY310,22300.0,0.0,0.0,0.0,1,21760.0,23245.0,1,22300.0,22915.0,0.0,0.0,0.0,0.0,4
2023-05-09 21:01:13,CY2310,CY310,22300.0,0.0,0.0,0.0,1,21760.0,23240.0,1,22300.0,22915.0,0.0,0.0,0.0,0.0,4
2023-05-09 21:01:14,CY2310,CY310,22300.0,0.0,0.0,0.0,1,21760.0,23235.0,1,22300.0,22915.0,0.0,0.0,0.0,0.0,4
2023-05-09 21:01:14,CY2310,CY310,22300.0,0.0,0.0,0.0,1,21760.0,23230.0,1,22300.0,22915.0,0.0,0.0,0.0,0.0,4
2023-05-09 21:01:15,CY2310,CY310,22300.0,0.0,0.0,0.0,1,21760.0,23225.0,1,22300.0,22915.0,0.0,0.0,0.0,0.0,4
2023-05-09 21:01:15,CY2310,CY310,22300.0,0.0,0.0,0.0,1,21760.0,23220.0,1,22300.0,22915.0,0.0,0.0,0.0,0.0,4
2023-05-09 21:01:16,CY2310,CY310,22300.0,0.0,0.0,0.0,1,21760.0,23215.0,1,22300.0,22915.0,0.0,0.0,0.0,0.0,4
2023-05-09 21:01:16,CY2310,CY310,22300.0,0.0,0.0,0.0,1,21760.0,23210.0,1,22300.0,22915.0,0.0,0.0,0.0,0.0,4
2023-05-09 21:01:17,CY2310,CY310,22300.0,0.0,0.0,0.0,1,21760.0,23205.0,1,22300.0,22915.0,0.0,0.0,0.0,0.0,4
2023-05-09 21:01:17,CY2310,CY310,22300.0,0.0,0.0,0.0,1,21760.0,23200.0,1,22300.0,22915.0,0.0,0.0,0.0,0.0,4
2023-05-09 21:01:18,CY2310,CY310,22300.0,0.0,0.0,0.0,1,21760.0,23195.0,1,22300.0,22915.0,0.0,0.0,0.0,0.0,4
2023-05-09 21:01:18,CY2310,CY310,22300.0,0.0,0.0,0.0,1,21760.0,23190.0,1,22300.0,22915.0,0.0,0.0,0.0,0.0,4
2023-05-09 21:01:19,CY2310,CY310,22300.0,0.0,0.0,0.0,1,21760.0,23185.0,1,22300.0,22915.0,0.0,0.0,0.0,0.0,4
2023-05-09 21:01:19,CY2310,CY310,22300.0,0.0,0.0,0.0,1,21760.0,23180.0,1,22300.0,22915.0,0.0,0.0,0.0,0.0,4
2023-05-09 21:01:20,CY2310,CY310,22300.0,0.0,0.0,0.0,1,21760.0,23175.0,1,22300.0,22915.0,0.0,0.0,0.0,0.0,4
2023-05-09 21:01:20,CY2310,CY310,22300.0,0.0,0.0,0.0,1,21760.0,23170.0,1,22300.0,22915.0,0.0,0.0,0.0,0.0,4
2023-05-09 21:01:21,CY2310,CY310,22300.0,0.0,0.0,0.0,1,21760.0,23165.0,1,22300.0,22915.0,0.0,0.0,0.0,0.0,4
2023-05-09 21:01:21,CY2310,CY310,22300.0,0.0,0.0,0.0,1,21760.0,23160.0,1,22300.0,22915.0,0.0,0.0,0.0,0.0,4
2023-05-09 21:01:22,CY2310,CY310,22300.0,0.0,0.0,0.0,1,21760.0,23155.0,1,22300.0,22915.0,0.0,0.0,0.0,0.0,4
2023-05-09 21:01:22,CY2310,CY310,22300.0,0.0,0.0,0.0,1,21760.0,23150.0,1,22300.0,22915.0,0.0,0.0,0.0,0.0,4
2023-05-09 21:01:23,CY2310,CY310,22300.0,0.0,0.0,0.0,1,21760.0,23145.0,1,22300.0,22915.0,0.0,0.0,0.0,0.0,4
2023-05-09 21:01:23,CY2310,CY310,22300.0,0.0,0.0,0.0,1,21760.0,23140.0,1,22300.0,22915.0,0.0,0.0,0.0,0.0,4
2023-05-09 21:01:24,CY2310,CY310,22300.0,0.0,0.0,0.0,1,21760.0,23135.0,1,22300.0,22915.0,0.0,0.0,0.0,0.0,4
2023-05-09 21:01:24,CY2310,CY310,22300.0,0.0,0.0,0.0,1,21760.0,23130.0,1,22300.0,22915.0,0.0,0.0,0.0,0.0,4
2023-05-09 21:01:25,CY2310,CY310,22300.0,0.0,0.0,0.0,1,21760.0,23125.0,1,22300.0,22915.0,0.0,0.0,0.0,0.0,4
2023-05-09 21:01:25,CY2310,CY310,22300.0,0.0,0.0,0.0,1,21760.0,23120.0,1,22300.0,22915.0,0.0,0.0,0.0,0.0,4
2023-05-09 21:01:26,CY2310,CY310,22300.0,0.0,0.0,0.0,1,21760.0,23115.0,1,22300.0,22915.0,0.0,0.0,0.0,0.0,4
2023-05-09 21:01:26,CY2310,CY310,22300.0,0.0,0.0,0.0,1,21760.0,23110.0,1,22300.0,22915.0,0.0,0.0,0.0,0.0,4
2023-05-09 21:01:27,CY2310,CY310,22300.0,0.0,0.0,0.0,1,21760.0,23105.0,1,22300.0,22915.0,0.0,0.0,0.0,0.0,4
2023-05-09 21:01:44,CY2310,CY310,22300.0,0.0,0.0,0.0,1,21760.0,23100.0,2,22300.0,22915.0,0.0,0.0,0.0,0.0,4
2023-05-09 21:01:45,CY2310,CY310,22300.0,0.0,0.0,0.0,1,21760.0,23095.0,1,22300.0,22915.0,0.0,0.0,0.0,0.0,4
2023-05-09 21:02:28,CY2310,CY310,22300.0,0.0,0.0,0.0,1,21760.0,23090.0,2,22300.0,22915.0,0.0,0.0,0.0,0.0,4
2023-05-09 21:02:28,CY2310,CY310,22300.0,0.0,0.0,0.0,1,21760.0,23085.0,1,22300.0,22915.0,0.0,0.0,0.0,0.0,4
2023-05-09 21:02:45,CY2310,CY310,22300.0,0.0,0.0,0.0,2,22145.0,23085.0,1,22300.0,22915.0,0.0,0.0,0.0,0.0,4
2023-05-09 21:02:46,CY2310,CY310,22300.0,0.0,0.0,0.0,1,22150.0,23085.0,1,22300.0,22915.0,0.0,0.0,0.0,0.0,4
2023-05-09 21:03:10,CY2310,CY310,22300.0,0.0,0.0,0.0,1,22150.0,23080.0,2,22300.0,22915.0,0.0,0.0,0.0,0.0,4
2023-05-09 21:03:11,CY2310,CY310,22300.0,0.0,0.0,0.0,1,22150.0,23075.0,1,22300.0,22915.0,0.0,0.0,0.0,0.0,4
2023-05-09 21:03:54,CY2310,CY310,22300.0,0.0,0.0,0.0,1,22150.0,23070.0,2,22300.0,22915.0,0.0,0.0,0.0,0.0,4
2023-05-09 21:03:54,CY2310,CY310,22300.0,0.0,0.0,0.0,1,22150.0,23065.0,1,22300.0,22915.0,0.0,0.0,0.0,0.0,4
2023-05-09 21:04:36,CY2310,CY310,22300.0,0.0,0.0,0.0,1,22150.0,23060.0,2,22300.0,22915.0,0.0,0.0,0.0,0.0,4
2023-05-09 21:04:37,CY2310,CY310,22300.0,0.0,0.0,0.0,1,22150.0,23055.0,1,22300.0,22915.0,0.0,0.0,0.0,0.0,4
2023-05-09 21:05:19,CY2310,CY310,22300.0,0.0,0.0,0.0,1,22150.0,23050.0,2,22300.0,22915.0,0.0,0.0,0.0,0.0,4
2023-05-09 21:05:19,CY2310,CY310,22300.0,0.0,0.0,0.0,1,22150.0,23045.0,1,22300.0,22915.0,0.0,0.0,0.0,0.0,4
2023-05-09 21:06:02,CY2310,CY310,22300.0,0.0,0.0,0.0,1,22150.0,23040.0,2,22300.0,22915.0,0.0,0.0,0.0,0.0,4
2023-05-09 21:06:02,CY2310,CY310,22300.0,0.0,0.0,0.0,1,22150.0,23035.0,1,22300.0,22915.0,0.0,0.0,0.0,0.0,4
2023-05-09 21:06:44,CY2310,CY310,22300.0,0.0,0.0,0.0,1,22150.0,23030.0,2,22300.0,22915.0,0.0,0.0,0.0,0.0,4
2023-05-09 21:06:44,CY2310,CY310,22300.0,0.0,0.0,0.0,1,22150.0,23025.0,1,22300.0,22915.0,0.0,0.0,0.0,0.0,4
2023-05-09 21:07:27,CY2310,CY310,22300.0,0.0,0.0,0.0,1,22150.0,23020.0,2,22300.0,22915.0,0.0,0.0,0.0,0.0,4
2023-05-09 21:07:27,CY2310,CY310,22300.0,0.0,0.0,0.0,1,22150.0,23015.0,1,22300.0,22915.0,0.0,0.0,0.0,0.0,4
2023-05-09 21:08:03,CY2310,CY310,22300.0,0.0,0.0,0.0,2,22155.0,23015.0,1,22300.0,22915.0,0.0,0.0,0.0,0.0,4
2023-05-09 21:08:04,CY2310,CY310,22300.0,0.0,0.0,0.0,1,22160.0,23015.0,1,22300.0,22915.0,0.0,0.0,0.0,0.0,4
2023-05-09 21:08:10,CY2310,CY310,22300.0,0.0,0.0,0.0,1,22160.0,23010.0,2,22300.0,22915.0,0.0,0.0,0.0,0.0,4
2023-05-09 21:08:10,CY2310,CY310,22300.0,0.0,0.0,0.0,1,22160.0,23005.0,1,22300.0,22915.0,0.0,0.0,0.0,0.0,4
2023-05-09 21:08:53,CY2310,CY310,22300.0,0.0,0.0,0.0,1,22160.0,23000.0,2,22300.0,22915.0,0.0,0.0,0.0,0.0,4
2023-05-09 21:08:53,CY2310,CY310,22300.0,0.0,0.0,0.0,1,22160.0,22995.0,1,22300.0,22915.0,0.0,0.0,0.0,0.0,4
2023-05-09 21:09:36,CY2310,CY310,22300.0,0.0,0.0,0.0,1,22160.0,22990.0,2,22300.0,22915.0,0.0,0.0,0.0,0.0,4
2023-05-09 21:09:36,CY2310,CY310,22300.0,0.0,0.0,0.0,1,22160.0,22985.0,1,22300.0,22915.0,0.0,0.0,0.0,0.0,4
2023-05-09 21:09:37,CY2310,CY310,22300.0,0.0,0.0,0.0,2,22165.0,22985.0,1,22300.0,22915.0,0.0,0.0,0.0,0.0,4
2023-05-09 21:09:38,CY2310,CY310,22300.0,0.0,0.0,0.0,1,22170.0,22985.0,1,22300.0,22915.0,0.0,0.0,0.0,0.0,4
2023-05-09 21:10:05,CY2310,CY310,22300.0,0.0,0.0,0.0,3,22170.0,22985.0,1,22300.0,22915.0,0.0,0.0,0.0,0.0,4
2023-05-09 21:10:19,CY2310,CY310,22300.0,0.0,0.0,0.0,3,22170.0,22980.0,2,22300.0,22915.0,0.0,0.0,0.0,0.0,4
2023-05-09 21:10:19,CY2310,CY310,22300.0,0.0,0.0,0.0,3,22170.0,22975.0,1,22300.0,22915.0,0.0,0.0,0.0,0.0,4
2023-05-09 21:11:02,CY2310,CY310,22300.0,0.0,0.0,0.0,3,22170.0,22970.0,2,22300.0,22915.0,0.0,0.0,0.0,0.0,4
2023-05-09 21:11:02,CY2310,CY310,22300.0,0.0,0.0,0.0,3,22170.0,22965.0,1,22300.0,22915.0,0.0,0.0,0.0,0.0,4
2023-05-09 21:11:03,CY2310,CY310,22300.0,0.0,0.0,0.0,2,22175.0,22965.0,1,22300.0,22915.0,0.0,0.0,0.0,0.0,4
2023-05-09 21:11:03,CY2310,CY310,22300.0,0.0,0.0,0.0,1,22180.0,22965.0,1,22300.0,22915.0,0.0,0.0,0.0,0.0,4
2023-05-09 21:11:16,CY2310,CY310,22300.0,0.0,0.0,0.0,2,22185.0,22965.0,1,22300.0,22915.0,0.0,0.0,0.0,0.0,4
2023-05-09 21:11:17,CY2310,CY310,22300.0,0.0,0.0,0.0,1,22190.0,22965.0,1,22300.0,22915.0,0.0,0.0,0.0,0.0,4
2023-05-09 21:11:30,CY2310,CY310,22300.0,0.0,0.0,0.0,2,22195.0,22965.0,1,22300.0,22915.0,0.0,0.0,0.0,0.0,4
2023-05-09 21:11:31,CY2310,CY310,22300.0,0.0,0.0,0.0,1,22200.0,22965.0,1,22300.0,22915.0,0.0,0.0,0.0,0.0,4
2023-05-09 21:11:45,CY2310,CY310,22300.0,0.0,0.0,0.0,1,22200.0,22960.0,2,22300.0,22915.0,0.0,0.0,0.0,0.0,4
2023-05-09 21:11:45,CY2310,CY310,22300.0,0.0,0.0,0.0,1,22200.0,22955.0,1,22300.0,22915.0,0.0,0.0,0.0,0.0,4
2023-05-09 21:11:51,CY2310,CY310,22300.0,0.0,0.0,0.0,2,22205.0,22955.0,1,22300.0,22915.0,0.0,0.0,0.0,0.0,4
2023-05-09 21:11:52,CY2310,CY310,22300.0,0.0,0.0,0.0,1,22210.0,22955.0,1,22300.0,22915.0,0.0,0.0,0.0,0.0,4
2023-05-09 21:12:05,CY2310,CY310,22300.0,0.0,0.0,0.0,2,22300.0,22955.0,1,22300.0,22915.0,0.0,0.0,0.0,0.0,4
2023-05-09 21:12:24,CY2310,CY310,22300.0,0.0,0.0,0.0,2,22295.0,22955.0,1,22300.0,22915.0,0.0,0.0,0.0,0.0,4
2023-05-09 21:12:28,CY2310,CY310,22300.0,0.0,0.0,0.0,2,22295.0,22950.0,2,22300.0,22915.0,0.0,0.0,0.0,0.0,4
2023-05-09 21:12:28,CY2310,CY310,22300.0,0.0,0.0,0.0,2,22295.0,22945.0,1,22300.0,22915.0,0.0,0.0,0.0,0.0,4
2023-05-09 21:12:36,CY2310,CY310,22300.0,0.0,0.0,0.0,2,22290.0,22945.0,1,22300.0,22915.0,0.0,0.0,0.0,0.0,4
2023-05-09 21:12:36,CY2310,CY310,22300.0,0.0,0.0,0.0,1,22295.0,22945.0,1,22300.0,22915.0,0.0,0.0,0.0,0.0,4
2023-05-09 21:13:11,CY2310,CY310,22300.0,0.0,0.0,0.0,1,22295.0,22940.0,2,22300.0,22915.0,0.0,0.0,0.0,0.0,4
2023-05-09 21:13:11,CY2310,CY310,22300.0,0.0,0.0,0.0,1,22295.0,22935.0,1,22300.0,22915.0,0.0,0.0,0.0,0.0,4
2023-05-09 21:13:11,CY2310,CY310,22300.0,0.0,0.0,0.0,1,22295.0,22940.0,2,22300.0,22915.0,0.0,0.0,0.0,0.0,4
2023-05-09 21:13:11,CY2310,CY310,22300.0,0.0,0.0,0.0,1,22295.0,22935.0,1,22300.0,22915.0,0.0,0.0,0.0,0.0,4
2023-05-09 21:13:54,CY2310,CY310,22300.0,0.0,0.0,0.0,1,22295.0,22930.0,2,22300.0,22915.0,0.0,0.0,0.0,0.0,4
2023-05-09 21:13:54,CY2310,CY310,22300.0,0.0,0.0,0.0,1,22295.0,22925.0,1,22300.0,22915.0,0.0,0.0,0.0,0.0,4
2023-05-09 21:14:37,CY2310,CY310,22300.0,0.0,0.0,0.0,1,22295.0,22920.0,2,22300.0,22915.0,0.0,0.0,0.0,0.0,4
2023-05-09 21:14:38,CY2310,CY310,22300.0,0.0,0.0,0.0,1,22295.0,22915.0,1,22300.0,22915.0,0.0,0.0,0.0,0.0,4
2023-05-09 21:15:20,CY2310,CY310,22300.0,0.0,0.0,0.0,1,22295.0,22910.0,2,22300.0,22915.0,0.0,0.0,0.0,0.0,4
2023-05-09 21:15:21,CY2310,CY310,22300.0,0.0,0.0,0.0,1,22295.0,22905.0,1,22300.0,22915.0,0.0,0.0,0.0,0.0,4
2023-05-09 21:16:03,CY2310,CY310,22300.0,0.0,0.0,0.0,1,22295.0,22900.0,2,22300.0,22915.0,0.0,0.0,0.0,0.0,4
2023-05-09 21:16:03,CY2310,CY310,22300.0,0.0,0.0,0.0,1,22295.0,22895.0,1,22300.0,22915.0,0.0,0.0,0.0,0.0,4
2023-05-09 21:16:46,CY2310,CY310,22300.0,0.0,0.0,0.0,1,22295.0,22890.0,2,22300.0,22915.0,0.0,0.0,0.0,0.0,4
2023-05-09 21:16:47,CY2310,CY310,22300.0,0.0,0.0,0.0,1,22295.0,22885.0,1,22300.0,22915.0,0.0,0.0,0.0,0.0,4
2023-05-09 21:17:28,CY2310,CY310,22300.0,0.0,0.0,0.0,1,22295.0,22880.0,2,22300.0,22915.0,0.0,0.0,0.0,0.0,4
2023-05-09 21:17:29,CY2310,CY310,22300.0,0.0,0.0,0.0,1,22295.0,22875.0,1,22300.0,22915.0,0.0,0.0,0.0,0.0,4
2023-05-09 21:18:11,CY2310,CY310,22300.0,0.0,0.0,0.0,1,22295.0,22870.0,2,22300.0,22915.0,0.0,0.0,0.0,0.0,4
2023-05-09 21:18:12,CY2310,CY310,22300.0,0.0,0.0,0.0,1,22295.0,22865.0,1,22300.0,22915.0,0.0,0.0,0.0,0.0,4
2023-05-09 21:18:54,CY2310,CY310,22300.0,0.0,0.0,0.0,1,22295.0,22860.0,2,22300.0,22915.0,0.0,0.0,0.0,0.0,4
2023-05-09 21:18:54,CY2310,CY310,22300.0,0.0,0.0,0.0,1,22295.0,22855.0,1,22300.0,22915.0,0.0,0.0,0.0,0.0,4
2023-05-09 21:19:36,CY2310,CY310,22300.0,0.0,0.0,0.0,1,22295.0,22850.0,2,22300.0,22915.0,0.0,0.0,0.0,0.0,4
2023-05-09 21:19:37,CY2310,CY310,22300.0,0.0,0.0,0.0,1,22295.0,22845.0,1,22300.0,22915.0,0.0,0.0,0.0,0.0,4
2023-05-09 21:20:19,CY2310,CY310,22300.0,0.0,0.0,0.0,2,22300.0,22845.0,1,22300.0,22915.0,0.0,0.0,0.0,0.0,4
2023-05-09 21:21:39,CY2310,CY310,22300.0,0.0,0.0,0.0,1,22305.0,22845.0,1,22300.0,22915.0,0.0,0.0,0.0,0.0,4
2023-05-09 21:22:27,CY2310,CY310,22300.0,0.0,0.0,0.0,2,22310.0,22845.0,1,22300.0,22915.0,0.0,0.0,0.0,0.0,4
2023-05-09 21:22:27,CY2310,CY310,22300.0,0.0,0.0,0.0,1,22315.0,22845.0,1,22300.0,22915.0,0.0,0.0,0.0,0.0,4
2023-05-09 21:23:10,CY2310,CY310,22300.0,0.0,0.0,0.0,2,22320.0,22845.0,1,22300.0,22915.0,0.0,0.0,0.0,0.0,4
2023-05-09 21:23:10,CY2310,CY310,22300.0,0.0,0.0,0.0,1,22325.0,22845.0,1,22300.0,22915.0,0.0,0.0,0.0,0.0,4
2023-05-09 21:23:52,CY2310,CY310,22300.0,0.0,0.0,0.0,2,22330.0,22845.0,1,22300.0,22915.0,0.0,0.0,0.0,0.0,4
2023-05-09 21:23:53,CY2310,CY310,22300.0,0.0,0.0,0.0,1,22335.0,22845.0,1,22300.0,22915.0,0.0,0.0,0.0,0.0,4
2023-05-09 21:24:34,CY2310,CY310,22300.0,0.0,0.0,0.0,2,22340.0,22845.0,1,22300.0,22915.0,0.0,0.0,0.0,0.0,4
2023-05-09 21:24:35,CY2310,CY310,22300.0,0.0,0.0,0.0,1,22345.0,22845.0,1,22300.0,22915.0,0.0,0.0,0.0,0.0,4
2023-05-09 21:24:38,CY2310,CY310,22300.0,0.0,0.0,0.0,1,22345.0,23640.0,1,22300.0,22915.0,0.0,0.0,0.0,0.0,4
2023-05-09 21:24:38,CY2310,CY310,22300.0,0.0,0.0,0.0,1,22345.0,23635.0,2,22300.0,22915.0,0.0,0.0,0.0,0.0,4
2023-05-09 21:25:17,CY2310,CY310,22300.0,0.0,0.0,0.0,1,22345.0,23630.0,2,22300.0,22915.0,0.0,0.0,0.0,0.0,4
2023-05-09 21:25:17,CY2310,CY310,22300.0,0.0,0.0,0.0,1,22345.0,23625.0,2,22300.0,22915.0,0.0,0.0,0.0,0.0,4
2023-05-09 21:25:59,CY2310,CY310,22300.0,0.0,0.0,0.0,1,22345.0,23620.0,2,22300.0,22915.0,0.0,0.0,0.0,0.0,4
2023-05-09 21:26:00,CY2310,CY310,22300.0,0.0,0.0,0.0,1,22345.0,23615.0,2,22300.0,22915.0,0.0,0.0,0.0,0.0,4
2023-05-09 21:26:42,CY2310,CY310,22300.0,0.0,0.0,0.0,1,22345.0,23610.0,2,22300.0,22915.0,0.0,0.0,0.0,0.0,4
2023-05-09 21:26:42,CY2310,CY310,22300.0,0.0,0.0,0.0,1,22345.0,23605.0,2,22300.0,22915.0,0.0,0.0,0.0,0.0,4
2023-05-09 21:27:24,CY2310,CY310,22300.0,0.0,0.0,0.0,1,22345.0,23600.0,2,22300.0,22915.0,0.0,0.0,0.0,0.0,4
2023-05-09 21:27:24,CY2310,CY310,22300.0,0.0,0.0,0.0,1,22345.0,23595.0,2,22300.0,22915.0,0.0,0.0,0.0,0.0,4
2023-05-09 21:28:06,CY2310,CY310,22300.0,0.0,0.0,0.0,1,22345.0,23590.0,2,22300.0,22915.0,0.0,0.0,0.0,0.0,4
2023-05-09 21:28:06,CY2310,CY310,22300.0,0.0,0.0,0.0,1,22345.0,23585.0,2,22300.0,22915.0,0.0,0.0,0.0,0.0,4
2023-05-09 21:28:48,CY2310,CY310,22300.0,0.0,0.0,0.0,1,22345.0,23580.0,2,22300.0,22915.0,0.0,0.0,0.0,0.0,4
2023-05-09 21:28:49,CY2310,CY310,22300.0,0.0,0.0,0.0,1,22345.0,23575.0,2,22300.0,22915.0,0.0,0.0,0.0,0.0,4
2023-05-09 21:29:30,CY2310,CY310,22300.0,0.0,0.0,0.0,1,22345.0,23570.0,2,22300.0,22915.0,0.0,0.0,0.0,0.0,4
2023-05-09 21:29:31,CY2310,CY310,22300.0,0.0,0.0,0.0,1,22345.0,23565.0,2,22300.0,22915.0,0.0,0.0,0.0,0.0,4
2023-05-09 21:30:13,CY2310,CY310,22300.0,0.0,0.0,0.0,1,22345.0,23560.0,2,22300.0,22915.0,0.0,0.0,0.0,0.0,4
2023-05-09 21:30:13,CY2310,CY310,22300.0,0.0,0.0,0.0,1,22345.0,23555.0,2,22300.0,22915.0,0.0,0.0,0.0,0.0,4
2023-05-09 21:30:56,CY2310,CY310,22300.0,0.0,0.0,0.0,1,22345.0,23550.0,2,22300.0,22915.0,0.0,0.0,0.0,0.0,4
2023-05-09 21:30:56,CY2310,CY310,22300.0,0.0,0.0,0.0,1,22345.0,23545.0,2,22300.0,22915.0,0.0,0.0,0.0,0.0,4
2023-05-09 21:31:38,CY2310,CY310,22300.0,0.0,0.0,0.0,1,22345.0,23540.0,2,22300.0,22915.0,0.0,0.0,0.0,0.0,4
2023-05-09 21:31:39,CY2310,CY310,22300.0,0.0,0.0,0.0,1,22345.0,23535.0,2,22300.0,22915.0,0.0,0.0,0.0,0.0,4
2023-05-09 21:32:21,CY2310,CY310,22300.0,0.0,0.0,0.0,1,22345.0,23530.0,2,22300.0,22915.0,0.0,0.0,0.0,0.0,4
2023-05-09 21:32:21,CY2310,CY310,22300.0,0.0,0.0,0.0,1,22345.0,23525.0,2,22300.0,22915.0,0.0,0.0,0.0,0.0,4
2023-05-09 21:33:03,CY2310,CY310,22300.0,0.0,0.0,0.0,1,22345.0,23520.0,2,22300.0,22915.0,0.0,0.0,0.0,0.0,4
2023-05-09 21:33:04,CY2310,CY310,22300.0,0.0,0.0,0.0,1,22345.0,23515.0,2,22300.0,22915.0,0.0,0.0,0.0,0.0,4
2023-05-09 21:33:46,CY2310,CY310,22300.0,0.0,0.0,0.0,1,22345.0,23510.0,2,22300.0,22915.0,0.0,0.0,0.0,0.0,4
2023-05-09 21:33:47,CY2310,CY310,22300.0,0.0,0.0,0.0,1,22345.0,23505.0,2,22300.0,22915.0,0.0,0.0,0.0,0.0,4
2023-05-09 21:34:28,CY2310,CY310,22300.0,0.0,0.0,0.0,1,22345.0,23500.0,2,22300.0,22915.0,0.0,0.0,0.0,0.0,4
2023-05-09 21:34:29,CY2310,CY310,22300.0,0.0,0.0,0.0,1,22345.0,23495.0,2,22300.0,22915.0,0.0,0.0,0.0,0.0,4
2023-05-09 21:35:10,CY2310,CY310,22300.0,0.0,0.0,0.0,1,22345.0,23490.0,2,22300.0,22915.0,0.0,0.0,0.0,0.0,4
2023-05-09 21:35:11,CY2310,CY310,22300.0,0.0,0.0,0.0,1,22345.0,23485.0,2,22300.0,22915.0,0.0,0.0,0.0,0.0,4
2023-05-09 21:35:53,CY2310,CY310,22300.0,0.0,0.0,0.0,1,22345.0,23480.0,2,22300.0,22915.0,0.0,0.0,0.0,0.0,4
2023-05-09 21:35:53,CY2310,CY310,22300.0,0.0,0.0,0.0,1,22345.0,23475.0,2,22300.0,22915.0,0.0,0.0,0.0,0.0,4
2023-05-09 21:36:35,CY2310,CY310,22300.0,0.0,0.0,0.0,1,22345.0,23470.0,2,22300.0,22915.0,0.0,0.0,0.0,0.0,4
2023-05-09 21:36:36,CY2310,CY310,22300.0,0.0,0.0,0.0,1,22345.0,23465.0,2,22300.0,22915.0,0.0,0.0,0.0,0.0,4
2023-05-09 21:37:18,CY2310,CY310,22300.0,0.0,0.0,0.0,1,22345.0,23460.0,2,22300.0,22915.0,0.0,0.0,0.0,0.0,4
2023-05-09 21:37:18,CY2310,CY310,22300.0,0.0,0.0,0.0,1,22345.0,23455.0,2,22300.0,22915.0,0.0,0.0,0.0,0.0,4
2023-05-09 21:38:00,CY2310,CY310,22300.0,0.0,0.0,0.0,1,22345.0,23450.0,2,22300.0,22915.0,0.0,0.0,0.0,0.0,4
2023-05-09 21:38:00,CY2310,CY310,22300.0,0.0,0.0,0.0,1,22345.0,23445.0,2,22300.0,22915.0,0.0,0.0,0.0,0.0,4
2023-05-09 21:38:43,CY2310,CY310,22300.0,0.0,0.0,0.0,1,22345.0,23440.0,2,22300.0,22915.0,0.0,0.0,0.0,0.0,4
2023-05-09 21:38:43,CY2310,CY310,22300.0,0.0,0.0,0.0,1,22345.0,23435.0,2,22300.0,22915.0,0.0,0.0,0.0,0.0,4
2023-05-09 21:39:26,CY2310,CY310,22300.0,0.0,0.0,0.0,1,22345.0,23430.0,2,22300.0,22915.0,0.0,0.0,0.0,0.0,4
2023-05-09 21:39:26,CY2310,CY310,22300.0,0.0,0.0,0.0,1,22345.0,23425.0,2,22300.0,22915.0,0.0,0.0,0.0,0.0,4
2023-05-09 21:40:09,CY2310,CY310,22300.0,0.0,0.0,0.0,1,22345.0,23420.0,2,22300.0,22915.0,0.0,0.0,0.0,0.0,4
2023-05-09 21:40:09,CY2310,CY310,22300.0,0.0,0.0,0.0,1,22345.0,23415.0,2,22300.0,22915.0,0.0,0.0,0.0,0.0,4
2023-05-09 21:40:51,CY2310,CY310,22300.0,0.0,0.0,0.0,1,22345.0,23410.0,2,22300.0,22915.0,0.0,0.0,0.0,0.0,4
2023-05-09 21:40:52,CY2310,CY310,22300.0,0.0,0.0,0.0,1,22345.0,23405.0,2,22300.0,22915.0,0.0,0.0,0.0,0.0,4
2023-05-09 21:41:34,CY2310,CY310,22300.0,0.0,0.0,0.0,1,22345.0,23400.0,2,22300.0,22915.0,0.0,0.0,0.0,0.0,4
2023-05-09 21:41:35,CY2310,CY310,22300.0,0.0,0.0,0.0,1,22345.0,23395.0,2,22300.0,22915.0,0.0,0.0,0.0,0.0,4
2023-05-09 21:42:17,CY2310,CY310,22300.0,0.0,0.0,0.0,1,22345.0,23390.0,2,22300.0,22915.0,0.0,0.0,0.0,0.0,4
2023-05-09 21:42:17,CY2310,CY310,22300.0,0.0,0.0,0.0,1,22345.0,23385.0,2,22300.0,22915.0,0.0,0.0,0.0,0.0,4
2023-05-09 21:42:59,CY2310,CY310,22300.0,0.0,0.0,0.0,1,22345.0,23380.0,2,22300.0,22915.0,0.0,0.0,0.0,0.0,4
2023-05-09 21:43:00,CY2310,CY310,22300.0,0.0,0.0,0.0,1,22345.0,23375.0,2,22300.0,22915.0,0.0,0.0,0.0,0.0,4
2023-05-09 21:43:42,CY2310,CY310,22300.0,0.0,0.0,0.0,1,22345.0,23370.0,2,22300.0,22915.0,0.0,0.0,0.0,0.0,4
2023-05-09 21:43:42,CY2310,CY310,22300.0,0.0,0.0,0.0,1,22345.0,23365.0,2,22300.0,22915.0,0.0,0.0,0.0,0.0,4
2023-05-09 21:44:24,CY2310,CY310,22300.0,0.0,0.0,0.0,1,22345.0,23360.0,2,22300.0,22915.0,0.0,0.0,0.0,0.0,4
2023-05-09 21:44:25,CY2310,CY310,22300.0,0.0,0.0,0.0,1,22345.0,23355.0,2,22300.0,22915.0,0.0,0.0,0.0,0.0,4
2023-05-09 21:45:07,CY2310,CY310,22300.0,0.0,0.0,0.0,1,22345.0,23350.0,2,22300.0,22915.0,0.0,0.0,0.0,0.0,4
2023-05-09 21:45:07,CY2310,CY310,22300.0,0.0,0.0,0.0,1,22345.0,23345.0,2,22300.0,22915.0,0.0,0.0,0.0,0.0,4
2023-05-09 21:45:50,CY2310,CY310,22300.0,0.0,0.0,0.0,1,22345.0,23340.0,2,22300.0,22915.0,0.0,0.0,0.0,0.0,4
2023-05-09 21:45:50,CY2310,CY310,22300.0,0.0,0.0,0.0,1,22345.0,23335.0,2,22300.0,22915.0,0.0,0.0,0.0,0.0,4
2023-05-09 21:46:33,CY2310,CY310,22300.0,0.0,0.0,0.0,1,22345.0,23330.0,2,22300.0,22915.0,0.0,0.0,0.0,0.0,4
2023-05-09 21:46:33,CY2310,CY310,22300.0,0.0,0.0,0.0,1,22345.0,23325.0,2,22300.0,22915.0,0.0,0.0,0.0,0.0,4
2023-05-09 21:47:16,CY2310,CY310,22300.0,0.0,0.0,0.0,1,22345.0,23320.0,2,22300.0,22915.0,0.0,0.0,0.0,0.0,4
2023-05-09 21:47:16,CY2310,CY310,22300.0,0.0,0.0,0.0,1,22345.0,23315.0,2,22300.0,22915.0,0.0,0.0,0.0,0.0,4
2023-05-09 21:47:58,CY2310,CY310,22300.0,0.0,0.0,0.0,1,22345.0,23310.0,2,22300.0,22915.0,0.0,0.0,0.0,0.0,4
2023-05-09 21:47:58,CY2310,CY310,22300.0,0.0,0.0,0.0,1,22345.0,23305.0,2,22300.0,22915.0,0.0,0.0,0.0,0.0,4
2023-05-09 21:48:40,CY2310,CY310,22300.0,0.0,0.0,0.0,2,22350.0,23305.0,2,22300.0,22915.0,0.0,0.0,0.0,0.0,4
2023-05-09 21:48:41,CY2310,CY310,22300.0,0.0,0.0,0.0,1,22355.0,23305.0,2,22300.0,22915.0,0.0,0.0,0.0,0.0,4
2023-05-09 21:49:23,CY2310,CY310,22300.0,0.0,0.0,0.0,2,22360.0,23305.0,2,22300.0,22915.0,0.0,0.0,0.0,0.0,4
2023-05-09 21:49:24,CY2310,CY310,22300.0,0.0,0.0,0.0,1,22365.0,23305.0,2,22300.0,22915.0,0.0,0.0,0.0,0.0,4
2023-05-09 21:50:06,CY2310,CY310,22300.0,0.0,0.0,0.0,2,22370.0,23305.0,2,22300.0,22915.0,0.0,0.0,0.0,0.0,4
2023-05-09 21:50:06,CY2310,CY310,22300.0,0.0,0.0,0.0,1,22375.0,23305.0,2,22300.0,22915.0,0.0,0.0,0.0,0.0,4
2023-05-09 21:50:48,CY2310,CY310,22300.0,0.0,0.0,0.0,2,22380.0,23305.0,2,22300.0,22915.0,0.0,0.0,0.0,0.0,4
2023-05-09 21:50:49,CY2310,CY310,22300.0,0.0,0.0,0.0,1,22385.0,23305.0,2,22300.0,22915.0,0.0,0.0,0.0,0.0,4
2023-05-09 21:51:31,CY2310,CY310,22300.0,0.0,0.0,0.0,2,22390.0,23305.0,2,22300.0,22915.0,0.0,0.0,0.0,0.0,4
2023-05-09 21:51:31,CY2310,CY310,22300.0,0.0,0.0,0.0,1,22395.0,23305.0,2,22300.0,22915.0,0.0,0.0,0.0,0.0,4
2023-05-09 21:52:13,CY2310,CY310,22300.0,0.0,0.0,0.0,2,22400.0,23305.0,2,22300.0,22915.0,0.0,0.0,0.0,0.0,4
2023-05-09 21:52:59,CY2310,CY310,22300.0,0.0,0.0,0.0,2,22400.0,23305.0,1,22300.0,22915.0,0.0,0.0,0.0,0.0,4
2023-05-09 21:53:15,CY2310,CY310,22300.0,0.0,0.0,0.0,2,22400.0,23305.0,2,22300.0,22915.0,0.0,0.0,0.0,0.0,4
2023-05-09 21:57:13,CY2310,CY310,22300.0,0.0,0.0,0.0,1,21755.0,23305.0,2,22300.0,22915.0,0.0,0.0,0.0,0.0,4
2023-05-09 21:57:14,CY2310,CY310,22300.0,0.0,0.0,0.0,1,21760.0,23305.0,2,22300.0,22915.0,0.0,0.0,0.0,0.0,4
2023-05-09 21:57:50,CY2310,CY310,22300.0,0.0,0.0,0.0,2,21765.0,23305.0,2,22300.0,22915.0,0.0,0.0,0.0,0.0,4
2023-05-09 21:57:51,CY2310,CY310,22300.0,0.0,0.0,0.0,1,21770.0,23305.0,2,22300.0,22915.0,0.0,0.0,0.0,0.0,4
2023-05-09 21:58:32,CY2310,CY310,22300.0,0.0,0.0,0.0,2,21775.0,23305.0,2,22300.0,22915.0,0.0,0.0,0.0,0.0,4
2023-05-09 21:58:33,CY2310,CY310,22300.0,0.0,0.0,0.0,1,21780.0,23305.0,1,22300.0,22915.0,0.0,0.0,0.0,0.0,4
2023-05-09 21:58:35,CY2310,CY310,22300.0,0.0,0.0,0.0,1,21780.0,23305.0,2,22300.0,22915.0,0.0,0.0,0.0,0.0,4
2023-05-09 21:59:16,CY2310,CY310,22300.0,0.0,0.0,0.0,2,21785.0,23305.0,2,22300.0,22915.0,0.0,0.0,0.0,0.0,4
2023-05-09 21:59:16,CY2310,CY310,22300.0,0.0,0.0,0.0,1,21790.0,23305.0,2,22300.0,22915.0,0.0,0.0,0.0,0.0,4
2023-05-09 21:59:59,CY2310,CY310,22300.0,0.0,0.0,0.0,2,21795.0,23305.0,2,22300.0,22915.0,0.0,0.0,0.0,0.0,4
2023-05-09 21:59:59,CY2310,CY310,22300.0,0.0,0.0,0.0,1,21800.0,23305.0,2,22300.0,22915.0,0.0,0.0,0.0,0.0,4
2023-05-09 22:00:42,CY2310,CY310,22300.0,0.0,0.0,0.0,2,21805.0,23305.0,2,22300.0,22915.0,0.0,0.0,0.0,0.0,4
2023-05-09 22:00:42,CY2310,CY310,22300.0,0.0,0.0,0.0,1,21810.0,23305.0,2,22300.0,22915.0,0.0,0.0,0.0,0.0,4
2023-05-09 22:01:24,CY2310,CY310,22300.0,0.0,0.0,0.0,2,21815.0,23305.0,2,22300.0,22915.0,0.0,0.0,0.0,0.0,4
2023-05-09 22:01:25,CY2310,CY310,22300.0,0.0,0.0,0.0,1,21820.0,23305.0,2,22300.0,22915.0,0.0,0.0,0.0,0.0,4
2023-05-09 22:02:07,CY2310,CY310,22300.0,0.0,0.0,0.0,2,21825.0,23305.0,2,22300.0,22915.0,0.0,0.0,0.0,0.0,4
2023-05-09 22:02:07,CY2310,CY310,22300.0,0.0,0.0,0.0,1,21830.0,23305.0,2,22300.0,22915.0,0.0,0.0,0.0,0.0,4
2023-05-09 22:02:49,CY2310,CY310,22300.0,0.0,0.0,0.0,2,21835.0,23305.0,2,22300.0,22915.0,0.0,0.0,0.0,0.0,4
2023-05-09 22:02:50,CY2310,CY310,22300.0,0.0,0.0,0.0,1,21840.0,23305.0,2,22300.0,22915.0,0.0,0.0,0.0,0.0,4
2023-05-09 22:03:33,CY2310,CY310,22300.0,0.0,0.0,0.0,2,21845.0,23305.0,2,22300.0,22915.0,0.0,0.0,0.0,0.0,4
2023-05-09 22:03:33,CY2310,CY310,22300.0,0.0,0.0,0.0,1,21850.0,23305.0,2,22300.0,22915.0,0.0,0.0,0.0,0.0,4
2023-05-09 22:03:38,CY2310,CY310,22300.0,0.0,0.0,0.0,1,21850.0,23305.0,1,22300.0,22915.0,0.0,0.0,0.0,0.0,4
2023-05-09 22:03:38,CY2310,CY310,22300.0,0.0,0.0,0.0,1,21850.0,23305.0,2,22300.0,22915.0,0.0,0.0,0.0,0.0,4
2023-05-09 22:04:16,CY2310,CY310,22300.0,0.0,0.0,0.0,2,21855.0,23305.0,2,22300.0,22915.0,0.0,0.0,0.0,0.0,4
2023-05-09 22:04:16,CY2310,CY310,22300.0,0.0,0.0,0.0,1,21860.0,23305.0,2,22300.0,22915.0,0.0,0.0,0.0,0.0,4
2023-05-09 22:04:58,CY2310,CY310,22300.0,0.0,0.0,0.0,2,21865.0,23305.0,2,22300.0,22915.0,0.0,0.0,0.0,0.0,4
2023-05-09 22:04:59,CY2310,CY310,22300.0,0.0,0.0,0.0,1,21870.0,23305.0,2,22300.0,22915.0,0.0,0.0,0.0,0.0,4
2023-05-09 22:05:41,CY2310,CY310,22300.0,0.0,0.0,0.0,2,21875.0,23305.0,2,22300.0,22915.0,0.0,0.0,0.0,0.0,4
2023-05-09 22:05:42,CY2310,CY310,22300.0,0.0,0.0,0.0,1,21880.0,23305.0,2,22300.0,22915.0,0.0,0.0,0.0,0.0,4
2023-05-09 22:06:24,CY2310,CY310,22300.0,0.0,0.0,0.0,2,21885.0,23305.0,2,22300.0,22915.0,0.0,0.0,0.0,0.0,4
2023-05-09 22:06:25,CY2310,CY310,22300.0,0.0,0.0,0.0,1,21890.0,23305.0,2,22300.0,22915.0,0.0,0.0,0.0,0.0,4
2023-05-09 22:07:07,CY2310,CY310,22300.0,0.0,0.0,0.0,2,21895.0,23305.0,2,22300.0,22915.0,0.0,0.0,0.0,0.0,4
2023-05-09 22:07:08,CY2310,CY310,22300.0,0.0,0.0,0.0,1,21900.0,23305.0,2,22300.0,22915.0,0.0,0.0,0.0,0.0,4
2023-05-09 22:07:49,CY2310,CY310,22300.0,0.0,0.0,0.0,2,21905.0,23305.0,2,22300.0,22915.0,0.0,0.0,0.0,0.0,4
2023-05-09 22:07:50,CY2310,CY310,22300.0,0.0,0.0,0.0,1,21910.0,23305.0,2,22300.0,22915.0,0.0,0.0,0.0,0.0,4
2023-05-09 22:08:31,CY2310,CY310,22300.0,0.0,0.0,0.0,2,21915.0,23305.0,2,22300.0,22915.0,0.0,0.0,0.0,0.0,4
2023-05-09 22:08:31,CY2310,CY310,22300.0,0.0,0.0,0.0,1,21920.0,23305.0,2,22300.0,22915.0,0.0,0.0,0.0,0.0,4
2023-05-09 22:09:01,CY2310,CY310,22300.0,0.0,0.0,0.0,1,21920.0,23305.0,1,22300.0,22915.0,0.0,0.0,0.0,0.0,4
2023-05-09 22:09:01,CY2310,CY310,22300.0,0.0,0.0,0.0,1,21920.0,23305.0,2,22300.0,22915.0,0.0,0.0,0.0,0.0,4
2023-05-09 22:09:12,CY2310,CY310,22300.0,0.0,0.0,0.0,2,21925.0,23305.0,2,22300.0,22915.0,0.0,0.0,0.0,0.0,4
2023-05-09 22:09:12,CY2310,CY310,22300.0,0.0,0.0,0.0,1,21930.0,23305.0,2,22300.0,22915.0,0.0,0.0,0.0,0.0,4
2023-05-09 22:09:52,CY2310,CY310,22300.0,0.0,0.0,0.0,2,21935.0,23305.0,2,22300.0,22915.0,0.0,0.0,0.0,0.0,4
2023-05-09 22:09:53,CY2310,CY310,22300.0,0.0,0.0,0.0,1,21940.0,23305.0,2,22300.0,22915.0,0.0,0.0,0.0,0.0,4
2023-05-09 22:10:33,CY2310,CY310,22300.0,0.0,0.0,0.0,2,21945.0,23305.0,2,22300.0,22915.0,0.0,0.0,0.0,0.0,4
2023-05-09 22:10:34,CY2310,CY310,22300.0,0.0,0.0,0.0,1,21950.0,23305.0,2,22300.0,22915.0,0.0,0.0,0.0,0.0,4
2023-05-09 22:11:14,CY2310,CY310,22300.0,0.0,0.0,0.0,2,21955.0,23305.0,2,22300.0,22915.0,0.0,0.0,0.0,0.0,4
2023-05-09 22:11:14,CY2310,CY310,22300.0,0.0,0.0,0.0,1,21960.0,23305.0,2,22300.0,22915.0,0.0,0.0,0.0,0.0,4
2023-05-09 22:11:56,CY2310,CY310,22300.0,0.0,0.0,0.0,2,21965.0,23305.0,2,22300.0,22915.0,0.0,0.0,0.0,0.0,4
2023-05-09 22:11:57,CY2310,CY310,22300.0,0.0,0.0,0.0,1,21970.0,23305.0,2,22300.0,22915.0,0.0,0.0,0.0,0.0,4
2023-05-09 22:12:39,CY2310,CY310,22300.0,0.0,0.0,0.0,2,21975.0,23305.0,2,22300.0,22915.0,0.0,0.0,0.0,0.0,4
2023-05-09 22:12:40,CY2310,CY310,22300.0,0.0,0.0,0.0,1,21980.0,23305.0,2,22300.0,22915.0,0.0,0.0,0.0,0.0,4
2023-05-09 22:13:22,CY2310,CY310,22300.0,0.0,0.0,0.0,2,21985.0,23305.0,2,22300.0,22915.0,0.0,0.0,0.0,0.0,4
2023-05-09 22:13:23,CY2310,CY310,22300.0,0.0,0.0,0.0,1,21990.0,23305.0,2,22300.0,22915.0,0.0,0.0,0.0,0.0,4
2023-05-09 22:14:04,CY2310,CY310,22300.0,0.0,0.0,0.0,2,21995.0,23305.0,2,22300.0,22915.0,0.0,0.0,0.0,0.0,4
2023-05-09 22:14:04,CY2310,CY310,22300.0,0.0,0.0,0.0,1,22000.0,23305.0,1,22300.0,22915.0,0.0,0.0,0.0,0.0,4
2023-05-09 22:14:06,CY2310,CY310,22300.0,0.0,0.0,0.0,1,22000.0,23305.0,2,22300.0,22915.0,0.0,0.0,0.0,0.0,4
2023-05-09 22:14:45,CY2310,CY310,22300.0,0.0,0.0,0.0,2,22005.0,23305.0,2,22300.0,22915.0,0.0,0.0,0.0,0.0,4
2023-05-09 22:14:45,CY2310,CY310,22300.0,0.0,0.0,0.0,1,22010.0,23305.0,2,22300.0,22915.0,0.0,0.0,0.0,0.0,4
2023-05-09 22:15:26,CY2310,CY310,22300.0,0.0,0.0,0.0,2,22015.0,23305.0,2,22300.0,22915.0,0.0,0.0,0.0,0.0,4
2023-05-09 22:15:26,CY2310,CY310,22300.0,0.0,0.0,0.0,1,22020.0,23305.0,2,22300.0,22915.0,0.0,0.0,0.0,0.0,4
2023-05-09 22:16:07,CY2310,CY310,22300.0,0.0,0.0,0.0,2,22025.0,23305.0,2,22300.0,22915.0,0.0,0.0,0.0,0.0,4
2023-05-09 22:16:08,CY2310,CY310,22300.0,0.0,0.0,0.0,1,22030.0,23305.0,2,22300.0,22915.0,0.0,0.0,0.0,0.0,4
2023-05-09 22:16:49,CY2310,CY310,22300.0,0.0,0.0,0.0,2,22035.0,23305.0,2,22300.0,22915.0,0.0,0.0,0.0,0.0,4
2023-05-09 22:16:49,CY2310,CY310,22300.0,0.0,0.0,0.0,1,22040.0,23305.0,2,22300.0,22915.0,0.0,0.0,0.0,0.0,4
2023-05-09 22:17:30,CY2310,CY310,22300.0,0.0,0.0,0.0,2,22045.0,23305.0,2,22300.0,22915.0,0.0,0.0,0.0,0.0,4
2023-05-09 22:17:30,CY2310,CY310,22300.0,0.0,0.0,0.0,1,22050.0,23305.0,2,22300.0,22915.0,0.0,0.0,0.0,0.0,4
2023-05-09 22:18:11,CY2310,CY310,22300.0,0.0,0.0,0.0,2,22055.0,23305.0,2,22300.0,22915.0,0.0,0.0,0.0,0.0,4
2023-05-09 22:18:12,CY2310,CY310,22300.0,0.0,0.0,0.0,1,22060.0,23305.0,2,22300.0,22915.0,0.0,0.0,0.0,0.0,4
2023-05-09 22:18:53,CY2310,CY310,22300.0,0.0,0.0,0.0,2,22065.0,23305.0,2,22300.0,22915.0,0.0,0.0,0.0,0.0,4
2023-05-09 22:18:54,CY2310,CY310,22300.0,0.0,0.0,0.0,1,22070.0,23305.0,2,22300.0,22915.0,0.0,0.0,0.0,0.0,4
2023-05-09 22:19:06,CY2310,CY310,22300.0,0.0,0.0,0.0,1,22070.0,23305.0,1,22300.0,22915.0,0.0,0.0,0.0,0.0,4
2023-05-09 22:19:08,CY2310,CY310,22300.0,0.0,0.0,0.0,1,22070.0,23305.0,2,22300.0,22915.0,0.0,0.0,0.0,0.0,4
2023-05-09 22:19:36,CY2310,CY310,22300.0,0.0,0.0,0.0,2,22075.0,23305.0,2,22300.0,22915.0,0.0,0.0,0.0,0.0,4
2023-05-09 22:19:36,CY2310,CY310,22300.0,0.0,0.0,0.0,1,22080.0,23305.0,2,22300.0,22915.0,0.0,0.0,0.0,0.0,4
2023-05-09 22:20:17,CY2310,CY310,22300.0,0.0,0.0,0.0,2,22085.0,23305.0,2,22300.0,22915.0,0.0,0.0,0.0,0.0,4
2023-05-09 22:20:18,CY2310,CY310,22300.0,0.0,0.0,0.0,1,22090.0,23305.0,2,22300.0,22915.0,0.0,0.0,0.0,0.0,4
2023-05-09 22:20:59,CY2310,CY310,22300.0,0.0,0.0,0.0,1,22090.0,23300.0,2,22300.0,22915.0,0.0,0.0,0.0,0.0,4
2023-05-09 22:20:59,CY2310,CY310,22300.0,0.0,0.0,0.0,1,22090.0,23295.0,2,22300.0,22915.0,0.0,0.0,0.0,0.0,4
2023-05-09 22:21:40,CY2310,CY310,22300.0,0.0,0.0,0.0,1,22090.0,23290.0,2,22300.0,22915.0,0.0,0.0,0.0,0.0,4
2023-05-09 22:21:40,CY2310,CY310,22300.0,0.0,0.0,0.0,1,22090.0,23285.0,2,22300.0,22915.0,0.0,0.0,0.0,0.0,4
2023-05-09 22:22:21,CY2310,CY310,22300.0,0.0,0.0,0.0,1,22090.0,23280.0,2,22300.0,22915.0,0.0,0.0,0.0,0.0,4
2023-05-09 22:22:22,CY2310,CY310,22300.0,0.0,0.0,0.0,1,22090.0,23275.0,2,22300.0,22915.0,0.0,0.0,0.0,0.0,4
2023-05-09 22:23:03,CY2310,CY310,22300.0,0.0,0.0,0.0,1,22090.0,23270.0,2,22300.0,22915.0,0.0,0.0,0.0,0.0,4
2023-05-09 22:23:03,CY2310,CY310,22300.0,0.0,0.0,0.0,1,22090.0,23265.0,2,22300.0,22915.0,0.0,0.0,0.0,0.0,4
2023-05-09 22:23:44,CY2310,CY310,22300.0,0.0,0.0,0.0,1,22090.0,23260.0,2,22300.0,22915.0,0.0,0.0,0.0,0.0,4
2023-05-09 22:23:45,CY2310,CY310,22300.0,0.0,0.0,0.0,1,22090.0,23255.0,2,22300.0,22915.0,0.0,0.0,0.0,0.0,4
2023-05-09 22:24:26,CY2310,CY310,22300.0,0.0,0.0,0.0,1,22090.0,23250.0,2,22300.0,22915.0,0.0,0.0,0.0,0.0,4
2023-05-09 22:24:26,CY2310,CY310,22300.0,0.0,0.0,0.0,1,22090.0,23245.0,2,22300.0,22915.0,0.0,0.0,0.0,0.0,4
2023-05-09 22:25:08,CY2310,CY310,22300.0,0.0,0.0,0.0,1,22090.0,23240.0,2,22300.0,22915.0,0.0,0.0,0.0,0.0,4
2023-05-09 22:25:09,CY2310,CY310,22300.0,0.0,0.0,0.0,1,22090.0,23235.0,2,22300.0,22915.0,0.0,0.0,0.0,0.0,4
2023-05-09 22:25:51,CY2310,CY310,22300.0,0.0,0.0,0.0,1,22090.0,23230.0,2,22300.0,22915.0,0.0,0.0,0.0,0.0,4
2023-05-09 22:25:52,CY2310,CY310,22300.0,0.0,0.0,0.0,1,22090.0,23225.0,2,22300.0,22915.0,0.0,0.0,0.0,0.0,4
2023-05-09 22:26:34,CY2310,CY310,22300.0,0.0,0.0,0.0,1,22090.0,23220.0,2,22300.0,22915.0,0.0,0.0,0.0,0.0,4
2023-05-09 22:26:34,CY2310,CY310,22300.0,0.0,0.0,0.0,1,22090.0,23215.0,2,22300.0,22915.0,0.0,0.0,0.0,0.0,4
2023-05-09 22:27:15,CY2310,CY310,22300.0,0.0,0.0,0.0,1,22090.0,23210.0,2,22300.0,22915.0,0.0,0.0,0.0,0.0,4
2023-05-09 22:27:16,CY2310,CY310,22300.0,0.0,0.0,0.0,1,22090.0,23205.0,2,22300.0,22915.0,0.0,0.0,0.0,0.0,4
2023-05-09 22:27:57,CY2310,CY310,22300.0,0.0,0.0,0.0,1,22090.0,23200.0,2,22300.0,22915.0,0.0,0.0,0.0,0.0,4
2023-05-09 22:27:58,CY2310,CY310,22300.0,0.0,0.0,0.0,1,22090.0,23195.0,2,22300.0,22915.0,0.0,0.0,0.0,0.0,4
2023-05-09 22:28:40,CY2310,CY310,22300.0,0.0,0.0,0.0,1,22090.0,23190.0,2,22300.0,22915.0,0.0,0.0,0.0,0.0,4
2023-05-09 22:28:40,CY2310,CY310,22300.0,0.0,0.0,0.0,1,22090.0,23185.0,2,22300.0,22915.0,0.0,0.0,0.0,0.0,4
2023-05-09 22:29:23,CY2310,CY310,22300.0,0.0,0.0,0.0,1,22090.0,23180.0,2,22300.0,22915.0,0.0,0.0,0.0,0.0,4
2023-05-09 22:29:23,CY2310,CY310,22300.0,0.0,0.0,0.0,1,22090.0,23175.0,2,22300.0,22915.0,0.0,0.0,0.0,0.0,4
2023-05-09 22:30:05,CY2310,CY310,22300.0,0.0,0.0,0.0,1,22090.0,23170.0,2,22300.0,22915.0,0.0,0.0,0.0,0.0,4
2023-05-09 22:30:05,CY2310,CY310,22300.0,0.0,0.0,0.0,1,22090.0,23165.0,2,22300.0,22915.0,0.0,0.0,0.0,0.0,4
2023-05-09 22:30:47,CY2310,CY310,22300.0,0.0,0.0,0.0,1,22090.0,23160.0,2,22300.0,22915.0,0.0,0.0,0.0,0.0,4
2023-05-09 22:30:47,CY2310,CY310,22300.0,0.0,0.0,0.0,1,22090.0,23155.0,2,22300.0,22915.0,0.0,0.0,0.0,0.0,4
2023-05-09 22:31:30,CY2310,CY310,22300.0,0.0,0.0,0.0,2,22095.0,23155.0,2,22300.0,22915.0,0.0,0.0,0.0,0.0,4
2023-05-09 22:31:30,CY2310,CY310,22300.0,0.0,0.0,0.0,1,22100.0,23155.0,2,22300.0,22915.0,0.0,0.0,0.0,0.0,4
2023-05-09 22:32:12,CY2310,CY310,22300.0,0.0,0.0,0.0,1,22100.0,23150.0,2,22300.0,22915.0,0.0,0.0,0.0,0.0,4
2023-05-09 22:32:13,CY2310,CY310,22300.0,0.0,0.0,0.0,1,22100.0,23145.0,2,22300.0,22915.0,0.0,0.0,0.0,0.0,4
2023-05-09 22:32:55,CY2310,CY310,22300.0,0.0,0.0,0.0,1,22100.0,23140.0,2,22300.0,22915.0,0.0,0.0,0.0,0.0,4
2023-05-09 22:32:55,CY2310,CY310,22300.0,0.0,0.0,0.0,1,22100.0,23135.0,2,22300.0,22915.0,0.0,0.0,0.0,0.0,4
2023-05-09 22:33:38,CY2310,CY310,22300.0,0.0,0.0,0.0,1,22100.0,23130.0,2,22300.0,22915.0,0.0,0.0,0.0,0.0,4
2023-05-09 22:33:38,CY2310,CY310,22300.0,0.0,0.0,0.0,1,22100.0,23125.0,2,22300.0,22915.0,0.0,0.0,0.0,0.0,4
2023-05-09 22:34:20,CY2310,CY310,22300.0,0.0,0.0,0.0,2,22105.0,23125.0,2,22300.0,22915.0,0.0,0.0,0.0,0.0,4
2023-05-09 22:34:21,CY2310,CY310,22300.0,0.0,0.0,0.0,1,22110.0,23125.0,2,22300.0,22915.0,0.0,0.0,0.0,0.0,4
2023-05-09 22:35:02,CY2310,CY310,22300.0,0.0,0.0,0.0,1,22110.0,23120.0,2,22300.0,22915.0,0.0,0.0,0.0,0.0,4
2023-05-09 22:35:03,CY2310,CY310,22300.0,0.0,0.0,0.0,1,22110.0,23115.0,2,22300.0,22915.0,0.0,0.0,0.0,0.0,4
2023-05-09 22:35:44,CY2310,CY310,22300.0,0.0,0.0,0.0,1,22110.0,23110.0,2,22300.0,22915.0,0.0,0.0,0.0,0.0,4
2023-05-09 22:35:45,CY2310,CY310,22300.0,0.0,0.0,0.0,1,22110.0,23105.0,2,22300.0,22915.0,0.0,0.0,0.0,0.0,4
2023-05-09 22:36:25,CY2310,CY310,22300.0,0.0,0.0,0.0,2,22115.0,23105.0,2,22300.0,22915.0,0.0,0.0,0.0,0.0,4
2023-05-09 22:36:26,CY2310,CY310,22300.0,0.0,0.0,0.0,1,22120.0,23105.0,2,22300.0,22915.0,0.0,0.0,0.0,0.0,4
2023-05-09 22:37:07,CY2310,CY310,22300.0,0.0,0.0,0.0,2,22125.0,23105.0,2,22300.0,22915.0,0.0,0.0,0.0,0.0,4
2023-05-09 22:37:08,CY2310,CY310,22300.0,0.0,0.0,0.0,1,22130.0,23105.0,2,22300.0,22915.0,0.0,0.0,0.0,0.0,4
2023-05-09 22:37:49,CY2310,CY310,22300.0,0.0,0.0,0.0,2,22135.0,23105.0,2,22300.0,22915.0,0.0,0.0,0.0,0.0,4
2023-05-09 22:37:49,CY2310,CY310,22300.0,0.0,0.0,0.0,1,22140.0,23105.0,2,22300.0,22915.0,0.0,0.0,0.0,0.0,4
2023-05-09 22:38:31,CY2310,CY310,22300.0,0.0,0.0,0.0,1,22140.0,23100.0,2,22300.0,22915.0,0.0,0.0,0.0,0.0,4
2023-05-09 22:38:31,CY2310,CY310,22300.0,0.0,0.0,0.0,1,22140.0,23095.0,1,22300.0,22915.0,0.0,0.0,0.0,0.0,4
2023-05-09 22:39:13,CY2310,CY310,22300.0,0.0,0.0,0.0,2,22145.0,23095.0,1,22300.0,22915.0,0.0,0.0,0.0,0.0,4
2023-05-09 22:39:13,CY2310,CY310,22300.0,0.0,0.0,0.0,1,22150.0,23095.0,1,22300.0,22915.0,0.0,0.0,0.0,0.0,4
2023-05-09 22:39:13,CY2310,CY310,22300.0,0.0,0.0,0.0,2,22145.0,23095.0,1,22300.0,22915.0,0.0,0.0,0.0,0.0,4
2023-05-09 22:39:13,CY2310,CY310,22300.0,0.0,0.0,0.0,1,22150.0,23095.0,1,22300.0,22915.0,0.0,0.0,0.0,0.0,4
2023-05-09 22:39:55,CY2310,CY310,22300.0,0.0,0.0,0.0,2,22155.0,23095.0,1,22300.0,22915.0,0.0,0.0,0.0,0.0,4
2023-05-09 22:39:55,CY2310,CY310,22300.0,0.0,0.0,0.0,1,22160.0,23095.0,1,22300.0,22915.0,0.0,0.0,0.0,0.0,4
2023-05-09 22:40:36,CY2310,CY310,22300.0,0.0,0.0,0.0,1,22160.0,23090.0,2,22300.0,22915.0,0.0,0.0,0.0,0.0,4
2023-05-09 22:40:37,CY2310,CY310,22300.0,0.0,0.0,0.0,1,22160.0,23085.0,1,22300.0,22915.0,0.0,0.0,0.0,0.0,4
2023-05-09 22:41:18,CY2310,CY310,22300.0,0.0,0.0,0.0,2,22165.0,23085.0,1,22300.0,22915.0,0.0,0.0,0.0,0.0,4
2023-05-09 22:41:18,CY2310,CY310,22300.0,0.0,0.0,0.0,1,22170.0,23085.0,1,22300.0,22915.0,0.0,0.0,0.0,0.0,4
2023-05-09 22:41:59,CY2310,CY310,22300.0,0.0,0.0,0.0,1,22170.0,23080.0,2,22300.0,22915.0,0.0,0.0,0.0,0.0,4
2023-05-09 22:42:00,CY2310,CY310,22300.0,0.0,0.0,0.0,1,22170.0,23075.0,1,22300.0,22915.0,0.0,0.0,0.0,0.0,4
2023-05-09 22:42:40,CY2310,CY310,22300.0,0.0,0.0,0.0,2,22175.0,23075.0,1,22300.0,22915.0,0.0,0.0,0.0,0.0,4
2023-05-09 22:42:41,CY2310,CY310,22300.0,0.0,0.0,0.0,1,22180.0,23075.0,1,22300.0,22915.0,0.0,0.0,0.0,0.0,4
2023-05-09 22:43:21,CY2310,CY310,22300.0,0.0,0.0,0.0,2,22185.0,23075.0,1,22300.0,22915.0,0.0,0.0,0.0,0.0,4
2023-05-09 22:43:22,CY2310,CY310,22300.0,0.0,0.0,0.0,1,22190.0,23075.0,1,22300.0,22915.0,0.0,0.0,0.0,0.0,4
2023-05-09 22:44:02,CY2310,CY310,22300.0,0.0,0.0,0.0,2,22195.0,23075.0,1,22300.0,22915.0,0.0,0.0,0.0,0.0,4
2023-05-09 22:44:02,CY2310,CY310,22300.0,0.0,0.0,0.0,1,22200.0,23075.0,1,22300.0,22915.0,0.0,0.0,0.0,0.0,4
2023-05-09 22:44:44,CY2310,CY310,22300.0,0.0,0.0,0.0,2,22205.0,23075.0,1,22300.0,22915.0,0.0,0.0,0.0,0.0,4
2023-05-09 22:44:44,CY2310,CY310,22300.0,0.0,0.0,0.0,1,22210.0,23075.0,1,22300.0,22915.0,0.0,0.0,0.0,0.0,4
2023-05-09 22:45:25,CY2310,CY310,22300.0,0.0,0.0,0.0,2,22215.0,23075.0,1,22300.0,22915.0,0.0,0.0,0.0,0.0,4
2023-05-09 22:45:26,CY2310,CY310,22300.0,0.0,0.0,0.0,1,22220.0,23075.0,1,22300.0,22915.0,0.0,0.0,0.0,0.0,4
2023-05-09 22:46:07,CY2310,CY310,22300.0,0.0,0.0,0.0,1,22220.0,23070.0,2,22300.0,22915.0,0.0,0.0,0.0,0.0,4
2023-05-09 22:46:07,CY2310,CY310,22300.0,0.0,0.0,0.0,1,22220.0,23065.0,1,22300.0,22915.0,0.0,0.0,0.0,0.0,4
2023-05-09 22:46:48,CY2310,CY310,22300.0,0.0,0.0,0.0,2,22225.0,23065.0,1,22300.0,22915.0,0.0,0.0,0.0,0.0,4
2023-05-09 22:46:49,CY2310,CY310,22300.0,0.0,0.0,0.0,1,22230.0,23065.0,1,22300.0,22915.0,0.0,0.0,0.0,0.0,4
2023-05-09 22:47:30,CY2310,CY310,22300.0,0.0,0.0,0.0,2,22235.0,23065.0,1,22300.0,22915.0,0.0,0.0,0.0,0.0,4
2023-05-09 22:47:30,CY2310,CY310,22300.0,0.0,0.0,0.0,1,22240.0,23065.0,1,22300.0,22915.0,0.0,0.0,0.0,0.0,4
2023-05-09 22:48:11,CY2310,CY310,22300.0,0.0,0.0,0.0,1,22240.0,23060.0,2,22300.0,22915.0,0.0,0.0,0.0,0.0,4
2023-05-09 22:48:11,CY2310,CY310,22300.0,0.0,0.0,0.0,1,22240.0,23055.0,1,22300.0,22915.0,0.0,0.0,0.0,0.0,4
2023-05-09 22:48:53,CY2310,CY310,22300.0,0.0,0.0,0.0,1,22240.0,23050.0,2,22300.0,22915.0,0.0,0.0,0.0,0.0,4
2023-05-09 22:48:53,CY2310,CY310,22300.0,0.0,0.0,0.0,1,22240.0,23045.0,1,22300.0,22915.0,0.0,0.0,0.0,0.0,4
2023-05-09 22:49:35,CY2310,CY310,22300.0,0.0,0.0,0.0,2,22245.0,23045.0,1,22300.0,22915.0,0.0,0.0,0.0,0.0,4
2023-05-09 22:49:35,CY2310,CY310,22300.0,0.0,0.0,0.0,1,22250.0,23045.0,1,22300.0,22915.0,0.0,0.0,0.0,0.0,4
2023-05-09 22:50:17,CY2310,CY310,22300.0,0.0,0.0,0.0,1,22250.0,23040.0,2,22300.0,22915.0,0.0,0.0,0.0,0.0,4
2023-05-09 22:50:17,CY2310,CY310,22300.0,0.0,0.0,0.0,1,22250.0,23035.0,1,22300.0,22915.0,0.0,0.0,0.0,0.0,4
2023-05-09 22:50:59,CY2310,CY310,22300.0,0.0,0.0,0.0,1,22250.0,23030.0,2,22300.0,22915.0,0.0,0.0,0.0,0.0,4
2023-05-09 22:50:59,CY2310,CY310,22300.0,0.0,0.0,0.0,1,22250.0,23025.0,1,22300.0,22915.0,0.0,0.0,0.0,0.0,4
2023-05-09 22:51:41,CY2310,CY310,22300.0,0.0,0.0,0.0,2,22255.0,23025.0,1,22300.0,22915.0,0.0,0.0,0.0,0.0,4
2023-05-09 22:51:42,CY2310,CY310,22300.0,0.0,0.0,0.0,1,22260.0,23025.0,1,22300.0,22915.0,0.0,0.0,0.0,0.0,4
2023-05-09 22:52:24,CY2310,CY310,22300.0,0.0,0.0,0.0,2,22265.0,23025.0,1,22300.0,22915.0,0.0,0.0,0.0,0.0,4
2023-05-09 22:52:24,CY2310,CY310,22300.0,0.0,0.0,0.0,1,22270.0,23025.0,1,22300.0,22915.0,0.0,0.0,0.0,0.0,4
2023-05-09 22:53:06,CY2310,CY310,22300.0,0.0,0.0,0.0,1,22270.0,23020.0,2,22300.0,22915.0,0.0,0.0,0.0,0.0,4
2023-05-09 22:53:06,CY2310,CY310,22300.0,0.0,0.0,0.0,1,22270.0,23015.0,1,22300.0,22915.0,0.0,0.0,0.0,0.0,4
2023-05-09 22:53:48,CY2310,CY310,22300.0,0.0,0.0,0.0,2,22275.0,23015.0,1,22300.0,22915.0,0.0,0.0,0.0,0.0,4
2023-05-09 22:53:49,CY2310,CY310,22300.0,0.0,0.0,0.0,1,22280.0,23015.0,1,22300.0,22915.0,0.0,0.0,0.0,0.0,4
2023-05-09 22:54:32,CY2310,CY310,22300.0,0.0,0.0,0.0,1,22280.0,23010.0,2,22300.0,22915.0,0.0,0.0,0.0,0.0,4
2023-05-09 22:54:32,CY2310,CY310,22300.0,0.0,0.0,0.0,1,22280.0,23005.0,1,22300.0,22915.0,0.0,0.0,0.0,0.0,4
2023-05-09 22:55:15,CY2310,CY310,22300.0,0.0,0.0,0.0,2,22285.0,23005.0,1,22300.0,22915.0,0.0,0.0,0.0,0.0,4
2023-05-09 22:55:15,CY2310,CY310,22300.0,0.0,0.0,0.0,1,22290.0,23005.0,1,22300.0,22915.0,0.0,0.0,0.0,0.0,4
2023-05-09 22:55:57,CY2310,CY310,22300.0,0.0,0.0,0.0,2,22295.0,23005.0,1,22300.0,22915.0,0.0,0.0,0.0,0.0,4
2023-05-09 22:55:58,CY2310,CY310,22300.0,0.0,0.0,0.0,1,22300.0,23005.0,1,22300.0,22915.0,0.0,0.0,0.0,0.0,4
2023-05-09 22:56:40,CY2310,CY310,22300.0,0.0,0.0,0.0,2,22305.0,23005.0,1,22300.0,22915.0,0.0,0.0,0.0,0.0,4
2023-05-09 22:56:41,CY2310,CY310,22300.0,0.0,0.0,0.0,1,22310.0,23005.0,1,22300.0,22915.0,0.0,0.0,0.0,0.0,4
2023-05-09 22:57:23,CY2310,CY310,22300.0,0.0,0.0,0.0,1,22310.0,23000.0,2,22300.0,22915.0,0.0,0.0,0.0,0.0,4
2023-05-09 22:57:23,CY2310,CY310,22300.0,0.0,0.0,0.0,1,22310.0,22995.0,1,22300.0,22915.0,0.0,0.0,0.0,0.0,4
2023-05-09 22:58:05,CY2310,CY310,22300.0,0.0,0.0,0.0,2,22315.0,22995.0,1,22300.0,22915.0,0.0,0.0,0.0,0.0,4
2023-05-09 22:58:05,CY2310,CY310,22300.0,0.0,0.0,0.0,1,22320.0,22995.0,1,22300.0,22915.0,0.0,0.0,0.0,0.0,4
2023-05-09 22:58:47,CY2310,CY310,22300.0,0.0,0.0,0.0,1,22320.0,22990.0,2,22300.0,22915.0,0.0,0.0,0.0,0.0,4
2023-05-09 22:58:48,CY2310,CY310,22300.0,0.0,0.0,0.0,1,22320.0,22985.0,1,22300.0,22915.0,0.0,0.0,0.0,0.0,4
2023-05-09 22:59:00,CY2310,CY310,22300.0,0.0,0.0,0.0,1,21755.0,22985.0,1,22300.0,22915.0,0.0,0.0,0.0,0.0,4
2023-05-09 22:59:29,CY2310,CY310,22300.0,0.0,0.0,0.0,2,21760.0,22985.0,1,22300.0,22915.0,0.0,0.0,0.0,0.0,4
2023-05-09 22:59:46,CY2310,CY310,22300.0,0.0,0.0,0.0,1,21755.0,22985.0,1,22300.0,22915.0,0.0,0.0,0.0,0.0,4
2023-05-09 22:59:55,CY2310,CY310,22300.0,0.0,0.0,0.0,1,21755.0,0.0,0,22300.0,22915.0,0.0,0.0,0.0,0.0,4
2023-05-09 22:59:55,CY2310,CY310,22300.0,0.0,0.0,0.0,0,0.0,0.0,0,22300.0,22915.0,0.0,0.0,0.0,0.0,4
2023-05-10 09:00:01,CY2310,CY310,22300.0,0.0,0.0,0.0,1,20970.0,23635.0,1,22300.0,22915.0,0.0,0.0,0.0,0.0,4
2023-05-10 09:00:10,CY2310,CY310,22300.0,0.0,0.0,0.0,1,21860.0,23635.0,1,22300.0,22915.0,0.0,0.0,0.0,0.0,4
2023-05-10 09:00:16,CY2310,CY310,22300.0,0.0,0.0,0.0,1,21860.0,23630.0,2,22300.0,22915.0,0.0,0.0,0.0,0.0,4
2023-05-10 09:00:16,CY2310,CY310,22300.0,0.0,0.0,0.0,1,21860.0,23625.0,1,22300.0,22915.0,0.0,0.0,0.0,0.0,4
2023-05-10 09:00:37,CY2310,CY310,22300.0,0.0,0.0,0.0,1,21865.0,23620.0,1,22300.0,22915.0,0.0,0.0,0.0,0.0,4
2023-05-10 09:00:37,CY2310,CY310,22300.0,0.0,0.0,0.0,1,21865.0,23615.0,1,22300.0,22915.0,0.0,0.0,0.0,0.0,4
2023-05-10 09:00:41,CY2310,CY310,22300.0,0.0,0.0,0.0,1,21865.0,23610.0,1,22300.0,22915.0,0.0,0.0,0.0,0.0,4
2023-05-10 09:00:41,CY2310,CY310,22300.0,0.0,0.0,0.0,1,21865.0,23605.0,1,22300.0,22915.0,0.0,0.0,0.0,0.0,4
2023-05-10 09:00:46,CY2310,CY310,22300.0,0.0,0.0,0.0,1,21865.0,23600.0,1,22300.0,22915.0,0.0,0.0,0.0,0.0,4
2023-05-10 09:00:46,CY2310,CY310,22300.0,0.0,0.0,0.0,1,21865.0,23595.0,1,22300.0,22915.0,0.0,0.0,0.0,0.0,4
2023-05-10 09:00:51,CY2310,CY310,22300.0,0.0,0.0,0.0,1,21865.0,23590.0,1,22300.0,22915.0,0.0,0.0,0.0,0.0,4
2023-05-10 09:00:52,CY2310,CY310,22300.0,0.0,0.0,0.0,1,21865.0,23585.0,1,22300.0,22915.0,0.0,0.0,0.0,0.0,4
2023-05-10 09:00:56,CY2310,CY310,22300.0,0.0,0.0,0.0,1,21865.0,23580.0,1,22300.0,22915.0,0.0,0.0,0.0,0.0,4
2023-05-10 09:00:57,CY2310,CY310,22300.0,0.0,0.0,0.0,1,21865.0,23575.0,1,22300.0,22915.0,0.0,0.0,0.0,0.0,4
2023-05-10 09:01:00,CY2310,CY310,22300.0,0.0,0.0,0.0,1,21865.0,23570.0,3,22300.0,22915.0,0.0,0.0,0.0,0.0,4
2023-05-10 09:01:00,CY2310,CY310,22300.0,0.0,0.0,0.0,1,21865.0,23565.0,1,22300.0,22915.0,0.0,0.0,0.0,0.0,4
2023-05-10 09:01:03,CY2310,CY310,22300.0,0.0,0.0,0.0,1,21865.0,23560.0,1,22300.0,22915.0,0.0,0.0,0.0,0.0,4
2023-05-10 09:01:03,CY2310,CY310,22300.0,0.0,0.0,0.0,1,21865.0,23555.0,1,22300.0,22915.0,0.0,0.0,0.0,0.0,4
2023-05-10 09:01:05,CY2310,CY310,22300.0,0.0,0.0,0.0,1,21865.0,23550.0,1,22300.0,22915.0,0.0,0.0,0.0,0.0,4
2023-05-10 09:01:06,CY2310,CY310,22300.0,0.0,0.0,0.0,1,21865.0,23545.0,1,22300.0,22915.0,0.0,0.0,0.0,0.0,4
2023-05-10 09:01:07,CY2310,CY310,22300.0,0.0,0.0,0.0,1,21865.0,23540.0,1,22300.0,22915.0,0.0,0.0,0.0,0.0,4
2023-05-10 09:01:08,CY2310,CY310,22300.0,0.0,0.0,0.0,1,21865.0,23535.0,1,22300.0,22915.0,0.0,0.0,0.0,0.0,4
2023-05-10 09:01:08,CY2310,CY310,22300.0,0.0,0.0,0.0,1,21865.0,23530.0,1,22300.0,22915.0,0.0,0.0,0.0,0.0,4
2023-05-10 09:01:09,CY2310,CY310,22300.0,0.0,0.0,0.0,1,21865.0,23525.0,1,22300.0,22915.0,0.0,0.0,0.0,0.0,4
2023-05-10 09:01:09,CY2310,CY310,22300.0,0.0,0.0,0.0,1,21865.0,23515.0,1,22300.0,22915.0,0.0,0.0,0.0,0.0,4
2023-05-10 09:01:10,CY2310,CY310,22300.0,0.0,0.0,0.0,1,21865.0,23510.0,1,22300.0,22915.0,0.0,0.0,0.0,0.0,4
2023-05-10 09:01:10,CY2310,CY310,22300.0,0.0,0.0,0.0,1,21865.0,23500.0,1,22300.0,22915.0,0.0,0.0,0.0,0.0,4
2023-05-10 09:01:11,CY2310,CY310,22300.0,0.0,0.0,0.0,1,21865.0,23495.0,1,22300.0,22915.0,0.0,0.0,0.0,0.0,4
2023-05-10 09:01:11,CY2310,CY310,22300.0,0.0,0.0,0.0,1,21865.0,23485.0,1,22300.0,22915.0,0.0,0.0,0.0,0.0,4
2023-05-10 09:01:12,CY2310,CY310,22300.0,0.0,0.0,0.0,1,21865.0,23480.0,1,22300.0,22915.0,0.0,0.0,0.0,0.0,4
2023-05-10 09:01:12,CY2310,CY310,22300.0,0.0,0.0,0.0,1,21865.0,23470.0,1,22300.0,22915.0,0.0,0.0,0.0,0.0,4
2023-05-10 09:01:13,CY2310,CY310,22300.0,0.0,0.0,0.0,1,21865.0,23465.0,1,22300.0,22915.0,0.0,0.0,0.0,0.0,4
2023-05-10 09:01:13,CY2310,CY310,22300.0,0.0,0.0,0.0,1,21865.0,23455.0,1,22300.0,22915.0,0.0,0.0,0.0,0.0,4
2023-05-10 09:01:14,CY2310,CY310,22300.0,0.0,0.0,0.0,1,21865.0,23450.0,1,22300.0,22915.0,0.0,0.0,0.0,0.0,4
2023-05-10 09:01:14,CY2310,CY310,22300.0,0.0,0.0,0.0,1,21865.0,23440.0,1,22300.0,22915.0,0.0,0.0,0.0,0.0,4
2023-05-10 09:01:15,CY2310,CY310,22300.0,0.0,0.0,0.0,1,21865.0,23435.0,1,22300.0,22915.0,0.0,0.0,0.0,0.0,4
2023-05-10 09:01:15,CY2310,CY310,22300.0,0.0,0.0,0.0,1,21865.0,23425.0,1,22300.0,22915.0,0.0,0.0,0.0,0.0,4
2023-05-10 09:01:16,CY2310,CY310,22300.0,0.0,0.0,0.0,1,21865.0,23420.0,1,22300.0,22915.0,0.0,0.0,0.0,0.0,4
2023-05-10 09:01:16,CY2310,CY310,22300.0,0.0,0.0,0.0,1,21865.0,23410.0,1,22300.0,22915.0,0.0,0.0,0.0,0.0,4
2023-05-10 09:01:17,CY2310,CY310,22300.0,0.0,0.0,0.0,1,21865.0,23405.0,1,22300.0,22915.0,0.0,0.0,0.0,0.0,4
2023-05-10 09:01:17,CY2310,CY310,22300.0,0.0,0.0,0.0,1,21865.0,23395.0,1,22300.0,22915.0,0.0,0.0,0.0,0.0,4
2023-05-10 09:01:18,CY2310,CY310,22300.0,0.0,0.0,0.0,1,21865.0,23390.0,1,22300.0,22915.0,0.0,0.0,0.0,0.0,4
2023-05-10 09:01:18,CY2310,CY310,22300.0,0.0,0.0,0.0,1,21865.0,23380.0,1,22300.0,22915.0,0.0,0.0,0.0,0.0,4
2023-05-10 09:01:19,CY2310,CY310,22300.0,0.0,0.0,0.0,1,21865.0,23375.0,1,22300.0,22915.0,0.0,0.0,0.0,0.0,4
2023-05-10 09:01:19,CY2310,CY310,22300.0,0.0,0.0,0.0,1,21865.0,23365.0,1,22300.0,22915.0,0.0,0.0,0.0,0.0,4
2023-05-10 09:01:20,CY2310,CY310,22300.0,0.0,0.0,0.0,1,21865.0,23360.0,1,22300.0,22915.0,0.0,0.0,0.0,0.0,4
2023-05-10 09:01:20,CY2310,CY310,22300.0,0.0,0.0,0.0,1,21865.0,23350.0,1,22300.0,22915.0,0.0,0.0,0.0,0.0,4
2023-05-10 09:01:21,CY2310,CY310,22300.0,0.0,0.0,0.0,1,21865.0,23345.0,1,22300.0,22915.0,0.0,0.0,0.0,0.0,4
2023-05-10 09:01:22,CY2310,CY310,22300.0,0.0,0.0,0.0,1,21865.0,23335.0,1,22300.0,22915.0,0.0,0.0,0.0,0.0,4
2023-05-10 09:01:22,CY2310,CY310,22300.0,0.0,0.0,0.0,1,21865.0,23330.0,1,22300.0,22915.0,0.0,0.0,0.0,0.0,4
2023-05-10 09:01:23,CY2310,CY310,22300.0,0.0,0.0,0.0,1,21865.0,23320.0,1,22300.0,22915.0,0.0,0.0,0.0,0.0,4
2023-05-10 09:01:24,CY2310,CY310,22300.0,0.0,0.0,0.0,1,21865.0,23315.0,1,22300.0,22915.0,0.0,0.0,0.0,0.0,4
2023-05-10 09:01:25,CY2310,CY310,22300.0,0.0,0.0,0.0,1,21865.0,23305.0,1,22300.0,22915.0,0.0,0.0,0.0,0.0,4
2023-05-10 09:01:26,CY2310,CY310,22300.0,0.0,0.0,0.0,1,21865.0,23300.0,1,22300.0,22915.0,0.0,0.0,0.0,0.0,4
2023-05-10 09:01:45,CY2310,CY310,22300.0,0.0,0.0,0.0,2,21870.0,23300.0,1,22300.0,22915.0,0.0,0.0,0.0,0.0,4
2023-05-10 09:01:45,CY2310,CY310,22300.0,0.0,0.0,0.0,1,21880.0,23300.0,1,22300.0,22915.0,0.0,0.0,0.0,0.0,4
2023-05-10 09:02:28,CY2310,CY310,22300.0,0.0,0.0,0.0,2,21885.0,23300.0,1,22300.0,22915.0,0.0,0.0,0.0,0.0,4
2023-05-10 09:02:29,CY2310,CY310,22300.0,0.0,0.0,0.0,1,21895.0,23300.0,1,22300.0,22915.0,0.0,0.0,0.0,0.0,4
2023-05-10 09:03:12,CY2310,CY310,22300.0,0.0,0.0,0.0,2,21900.0,23300.0,1,22300.0,22915.0,0.0,0.0,0.0,0.0,4
2023-05-10 09:03:12,CY2310,CY310,22300.0,0.0,0.0,0.0,1,21910.0,23300.0,1,22300.0,22915.0,0.0,0.0,0.0,0.0,4
2023-05-10 09:03:55,CY2310,CY310,22300.0,0.0,0.0,0.0,2,21915.0,23300.0,1,22300.0,22915.0,0.0,0.0,0.0,0.0,4
2023-05-10 09:03:56,CY2310,CY310,22300.0,0.0,0.0,0.0,1,21925.0,23300.0,1,22300.0,22915.0,0.0,0.0,0.0,0.0,4
2023-05-10 09:04:39,CY2310,CY310,22300.0,0.0,0.0,0.0,2,21930.0,23300.0,1,22300.0,22915.0,0.0,0.0,0.0,0.0,4
2023-05-10 09:04:40,CY2310,CY310,22300.0,0.0,0.0,0.0,1,21940.0,23300.0,1,22300.0,22915.0,0.0,0.0,0.0,0.0,4
2023-05-10 09:05:24,CY2310,CY310,22300.0,0.0,0.0,0.0,2,21945.0,23300.0,1,22300.0,22915.0,0.0,0.0,0.0,0.0,4
2023-05-10 09:05:25,CY2310,CY310,22300.0,0.0,0.0,0.0,1,21955.0,23300.0,1,22300.0,22915.0,0.0,0.0,0.0,0.0,4
2023-05-10 09:06:09,CY2310,CY310,22300.0,0.0,0.0,0.0,2,21960.0,23300.0,1,22300.0,22915.0,0.0,0.0,0.0,0.0,4
2023-05-10 09:06:10,CY2310,CY310,22300.0,0.0,0.0,0.0,1,21970.0,23300.0,1,22300.0,22915.0,0.0,0.0,0.0,0.0,4
2023-05-10 09:06:24,CY2310,CY310,22300.0,0.0,0.0,0.0,1,21970.0,22800.0,1,22300.0,22915.0,0.0,0.0,0.0,0.0,4
2023-05-10 09:06:24,CY2310,CY310,22300.0,0.0,0.0,0.0,1,21970.0,22795.0,1,22300.0,22915.0,0.0,0.0,0.0,0.0,4
2023-05-10 09:06:54,CY2310,CY310,22300.0,0.0,0.0,0.0,2,21975.0,22795.0,1,22300.0,22915.0,0.0,0.0,0.0,0.0,4
2023-05-10 09:06:54,CY2310,CY310,22300.0,0.0,0.0,0.0,1,21985.0,22795.0,1,22300.0,22915.0,0.0,0.0,0.0,0.0,4
2023-05-10 09:07:39,CY2310,CY310,22300.0,0.0,0.0,0.0,2,21990.0,22795.0,1,22300.0,22915.0,0.0,0.0,0.0,0.0,4
2023-05-10 09:07:39,CY2310,CY310,22300.0,0.0,0.0,0.0,1,22000.0,22795.0,1,22300.0,22915.0,0.0,0.0,0.0,0.0,4
2023-05-10 09:08:23,CY2310,CY310,22300.0,0.0,0.0,0.0,2,22005.0,22795.0,1,22300.0,22915.0,0.0,0.0,0.0,0.0,4
2023-05-10 09:08:24,CY2310,CY310,22300.0,0.0,0.0,0.0,1,22015.0,22795.0,1,22300.0,22915.0,0.0,0.0,0.0,0.0,4
2023-05-10 09:09:07,CY2310,CY310,22300.0,0.0,0.0,0.0,2,22020.0,22795.0,1,22300.0,22915.0,0.0,0.0,0.0,0.0,4
2023-05-10 09:09:08,CY2310,CY310,22300.0,0.0,0.0,0.0,1,22030.0,22795.0,1,22300.0,22915.0,0.0,0.0,0.0,0.0,4
2023-05-10 09:09:52,CY2310,CY310,22300.0,0.0,0.0,0.0,2,22035.0,22795.0,1,22300.0,22915.0,0.0,0.0,0.0,0.0,4
2023-05-10 09:09:53,CY2310,CY310,22300.0,0.0,0.0,0.0,1,22045.0,22795.0,1,22300.0,22915.0,0.0,0.0,0.0,0.0,4
2023-05-10 09:10:36,CY2310,CY310,22300.0,0.0,0.0,0.0,2,22050.0,22795.0,1,22300.0,22915.0,0.0,0.0,0.0,0.0,4
2023-05-10 09:10:36,CY2310,CY310,22300.0,0.0,0.0,0.0,1,22060.0,22795.0,1,22300.0,22915.0,0.0,0.0,0.0,0.0,4
2023-05-10 09:11:20,CY2310,CY310,22300.0,0.0,0.0,0.0,2,22065.0,22795.0,1,22300.0,22915.0,0.0,0.0,0.0,0.0,4
2023-05-10 09:11:21,CY2310,CY310,22300.0,0.0,0.0,0.0,1,22075.0,22795.0,1,22300.0,22915.0,0.0,0.0,0.0,0.0,4
2023-05-10 09:11:25,CY2310,CY310,22300.0,0.0,0.0,0.0,1,22075.0,22800.0,1,22300.0,22915.0,0.0,0.0,0.0,0.0,4
2023-05-10 09:11:27,CY2310,CY310,22300.0,0.0,0.0,0.0,1,22075.0,22795.0,1,22300.0,22915.0,0.0,0.0,0.0,0.0,4
2023-05-10 09:12:05,CY2310,CY310,22300.0,0.0,0.0,0.0,2,22080.0,22795.0,1,22300.0,22915.0,0.0,0.0,0.0,0.0,4
2023-05-10 09:12:06,CY2310,CY310,22300.0,0.0,0.0,0.0,1,22090.0,22795.0,1,22300.0,22915.0,0.0,0.0,0.0,0.0,4
2023-05-10 09:12:50,CY2310,CY310,22300.0,0.0,0.0,0.0,2,22095.0,22795.0,1,22300.0,22915.0,0.0,0.0,0.0,0.0,4
2023-05-10 09:12:50,CY2310,CY310,22300.0,0.0,0.0,0.0,1,22105.0,22795.0,1,22300.0,22915.0,0.0,0.0,0.0,0.0,4
2023-05-10 09:13:35,CY2310,CY310,22300.0,0.0,0.0,0.0,2,22110.0,22795.0,1,22300.0,22915.0,0.0,0.0,0.0,0.0,4
2023-05-10 09:13:35,CY2310,CY310,22300.0,0.0,0.0,0.0,1,22120.0,22795.0,1,22300.0,22915.0,0.0,0.0,0.0,0.0,4
2023-05-10 09:14:18,CY2310,CY310,22300.0,0.0,0.0,0.0,2,22125.0,22795.0,1,22300.0,22915.0,0.0,0.0,0.0,0.0,4
2023-05-10 09:14:18,CY2310,CY310,22300.0,0.0,0.0,0.0,1,22135.0,22795.0,1,22300.0,22915.0,0.0,0.0,0.0,0.0,4
2023-05-10 09:15:03,CY2310,CY310,22300.0,0.0,0.0,0.0,2,22140.0,22795.0,1,22300.0,22915.0,0.0,0.0,0.0,0.0,4
2023-05-10 09:15:03,CY2310,CY310,22300.0,0.0,0.0,0.0,1,22150.0,22795.0,1,22300.0,22915.0,0.0,0.0,0.0,0.0,4
2023-05-10 09:15:48,CY2310,CY310,22300.0,0.0,0.0,0.0,2,22155.0,22795.0,1,22300.0,22915.0,0.0,0.0,0.0,0.0,4
2023-05-10 09:15:49,CY2310,CY310,22300.0,0.0,0.0,0.0,1,22165.0,22795.0,1,22300.0,22915.0,0.0,0.0,0.0,0.0,4
2023-05-10 09:16:30,CY2310,CY310,22300.0,0.0,0.0,0.0,1,22165.0,22800.0,1,22300.0,22915.0,0.0,0.0,0.0,0.0,4
2023-05-10 09:16:32,CY2310,CY310,22300.0,0.0,0.0,0.0,1,22165.0,22795.0,1,22300.0,22915.0,0.0,0.0,0.0,0.0,4
2023-05-10 09:16:33,CY2310,CY310,22300.0,0.0,0.0,0.0,2,22170.0,22795.0,1,22300.0,22915.0,0.0,0.0,0.0,0.0,4
2023-05-10 09:16:34,CY2310,CY310,22300.0,0.0,0.0,0.0,1,22180.0,22795.0,1,22300.0,22915.0,0.0,0.0,0.0,0.0,4
2023-05-10 09:17:17,CY2310,CY310,22300.0,0.0,0.0,0.0,2,22185.0,22795.0,1,22300.0,22915.0,0.0,0.0,0.0,0.0,4
2023-05-10 09:17:18,CY2310,CY310,22300.0,0.0,0.0,0.0,1,22195.0,22795.0,1,22300.0,22915.0,0.0,0.0,0.0,0.0,4
2023-05-10 09:18:02,CY2310,CY310,22300.0,0.0,0.0,0.0,2,22200.0,22795.0,1,22300.0,22915.0,0.0,0.0,0.0,0.0,4
2023-05-10 09:18:02,CY2310,CY310,22300.0,0.0,0.0,0.0,1,22210.0,22795.0,1,22300.0,22915.0,0.0,0.0,0.0,0.0,4
2023-05-10 09:18:45,CY2310,CY310,22300.0,0.0,0.0,0.0,2,22215.0,22795.0,1,22300.0,22915.0,0.0,0.0,0.0,0.0,4
2023-05-10 09:18:45,CY2310,CY310,22300.0,0.0,0.0,0.0,1,22225.0,22795.0,1,22300.0,22915.0,0.0,0.0,0.0,0.0,4
2023-05-10 09:19:30,CY2310,CY310,22300.0,0.0,0.0,0.0,2,22230.0,22795.0,1,22300.0,22915.0,0.0,0.0,0.0,0.0,4
2023-05-10 09:19:30,CY2310,CY310,22300.0,0.0,0.0,0.0,1,22240.0,22795.0,1,22300.0,22915.0,0.0,0.0,0.0,0.0,4
2023-05-10 09:20:14,CY2310,CY310,22300.0,0.0,0.0,0.0,2,22245.0,22795.0,1,22300.0,22915.0,0.0,0.0,0.0,0.0,4
2023-05-10 09:20:15,CY2310,CY310,22300.0,0.0,0.0,0.0,1,22255.0,22795.0,1,22300.0,22915.0,0.0,0.0,0.0,0.0,4
2023-05-10 09:20:59,CY2310,CY310,22300.0,0.0,0.0,0.0,2,22260.0,22795.0,1,22300.0,22915.0,0.0,0.0,0.0,0.0,4
2023-05-10 09:20:59,CY2310,CY310,22300.0,0.0,0.0,0.0,1,22270.0,22795.0,1,22300.0,22915.0,0.0,0.0,0.0,0.0,4
2023-05-10 09:21:32,CY2310,CY310,22300.0,0.0,0.0,0.0,1,22270.0,22800.0,1,22300.0,22915.0,0.0,0.0,0.0,0.0,4
2023-05-10 09:21:38,CY2310,CY310,22300.0,0.0,0.0,0.0,1,22270.0,22795.0,1,22300.0,22915.0,0.0,0.0,0.0,0.0,4
2023-05-10 09:21:43,CY2310,CY310,22300.0,0.0,0.0,0.0,2,22275.0,22795.0,1,22300.0,22915.0,0.0,0.0,0.0,0.0,4
2023-05-10 09:21:43,CY2310,CY310,22300.0,0.0,0.0,0.0,1,22285.0,22795.0,1,22300.0,22915.0,0.0,0.0,0.0,0.0,4
2023-05-10 09:22:28,CY2310,CY310,22300.0,0.0,0.0,0.0,2,22290.0,22795.0,1,22300.0,22915.0,0.0,0.0,0.0,0.0,4
2023-05-10 09:22:28,CY2310,CY310,22300.0,0.0,0.0,0.0,1,22300.0,22795.0,1,22300.0,22915.0,0.0,0.0,0.0,0.0,4
2023-05-10 09:23:12,CY2310,CY310,22300.0,0.0,0.0,0.0,2,22305.0,22795.0,1,22300.0,22915.0,0.0,0.0,0.0,0.0,4
2023-05-10 09:23:12,CY2310,CY310,22300.0,0.0,0.0,0.0,1,22315.0,22795.0,1,22300.0,22915.0,0.0,0.0,0.0,0.0,4
2023-05-10 09:23:56,CY2310,CY310,22300.0,0.0,0.0,0.0,2,22320.0,22795.0,1,22300.0,22915.0,0.0,0.0,0.0,0.0,4
2023-05-10 09:23:57,CY2310,CY310,22300.0,0.0,0.0,0.0,1,22330.0,22795.0,1,22300.0,22915.0,0.0,0.0,0.0,0.0,4
2023-05-10 09:24:39,CY2310,CY310,22300.0,0.0,0.0,0.0,1,22330.0,22790.0,2,22300.0,22915.0,0.0,0.0,0.0,0.0,4
2023-05-10 09:24:40,CY2310,CY310,22300.0,0.0,0.0,0.0,1,22330.0,22785.0,1,22300.0,22915.0,0.0,0.0,0.0,0.0,4
2023-05-10 09:25:24,CY2310,CY310,22300.0,0.0,0.0,0.0,2,22335.0,22785.0,1,22300.0,22915.0,0.0,0.0,0.0,0.0,4
2023-05-10 09:25:25,CY2310,CY310,22300.0,0.0,0.0,0.0,1,22345.0,22785.0,1,22300.0,22915.0,0.0,0.0,0.0,0.0,4
2023-05-10 09:26:09,CY2310,CY310,22300.0,0.0,0.0,0.0,1,22345.0,22780.0,2,22300.0,22915.0,0.0,0.0,0.0,0.0,4
2023-05-10 09:26:09,CY2310,CY310,22300.0,0.0,0.0,0.0,1,22345.0,22775.0,1,22300.0,22915.0,0.0,0.0,0.0,0.0,4
2023-05-10 09:26:52,CY2310,CY310,22300.0,0.0,0.0,0.0,1,22345.0,22770.0,2,22300.0,22915.0,0.0,0.0,0.0,0.0,4
2023-05-10 09:26:53,CY2310,CY310,22300.0,0.0,0.0,0.0,1,22345.0,22765.0,1,22300.0,22915.0,0.0,0.0,0.0,0.0,4
2023-05-10 09:27:37,CY2310,CY310,22300.0,0.0,0.0,0.0,1,22345.0,22760.0,2,22300.0,22915.0,0.0,0.0,0.0,0.0,4
2023-05-10 09:27:37,CY2310,CY310,22300.0,0.0,0.0,0.0,1,22345.0,22755.0,1,22300.0,22915.0,0.0,0.0,0.0,0.0,4
2023-05-10 09:28:21,CY2310,CY310,22300.0,0.0,0.0,0.0,1,22345.0,22750.0,2,22300.0,22915.0,0.0,0.0,0.0,0.0,4
2023-05-10 09:28:21,CY2310,CY310,22300.0,0.0,0.0,0.0,1,22345.0,22745.0,1,22300.0,22915.0,0.0,0.0,0.0,0.0,4
2023-05-10 09:29:04,CY2310,CY310,22300.0,0.0,0.0,0.0,1,22345.0,22740.0,2,22300.0,22915.0,0.0,0.0,0.0,0.0,4
2023-05-10 09:29:04,CY2310,CY310,22300.0,0.0,0.0,0.0,1,22345.0,22735.0,1,22300.0,22915.0,0.0,0.0,0.0,0.0,4
2023-05-10 09:29:49,CY2310,CY310,22300.0,0.0,0.0,0.0,1,22345.0,22730.0,2,22300.0,22915.0,0.0,0.0,0.0,0.0,4
2023-05-10 09:29:49,CY2310,CY310,22300.0,0.0,0.0,0.0,1,22345.0,22725.0,1,22300.0,22915.0,0.0,0.0,0.0,0.0,4
2023-05-10 09:30:33,CY2310,CY310,22300.0,0.0,0.0,0.0,1,22345.0,22720.0,2,22300.0,22915.0,0.0,0.0,0.0,0.0,4
2023-05-10 09:30:33,CY2310,CY310,22300.0,0.0,0.0,0.0,1,22345.0,22715.0,1,22300.0,22915.0,0.0,0.0,0.0,0.0,4
2023-05-10 09:30:33,CY2310,CY310,22300.0,0.0,0.0,0.0,1,22345.0,22720.0,2,22300.0,22915.0,0.0,0.0,0.0,0.0,4
2023-05-10 09:30:33,CY2310,CY310,22300.0,0.0,0.0,0.0,1,22345.0,22715.0,1,22300.0,22915.0,0.0,0.0,0.0,0.0,4
2023-05-10 09:30:33,CY2310,CY310,22300.0,0.0,0.0,0.0,1,22345.0,22720.0,2,22300.0,22915.0,0.0,0.0,0.0,0.0,4
2023-05-10 09:30:33,CY2310,CY310,22300.0,0.0,0.0,0.0,1,22345.0,22715.0,1,22300.0,22915.0,0.0,0.0,0.0,0.0,4
2023-05-10 09:31:17,CY2310,CY310,22300.0,0.0,0.0,0.0,1,22345.0,22710.0,2,22300.0,22915.0,0.0,0.0,0.0,0.0,4
2023-05-10 09:31:17,CY2310,CY310,22300.0,0.0,0.0,0.0,1,22345.0,22705.0,1,22300.0,22915.0,0.0,0.0,0.0,0.0,4
2023-05-10 09:32:01,CY2310,CY310,22300.0,0.0,0.0,0.0,1,22345.0,22700.0,2,22300.0,22915.0,0.0,0.0,0.0,0.0,4
2023-05-10 09:32:01,CY2310,CY310,22300.0,0.0,0.0,0.0,1,22345.0,22695.0,1,22300.0,22915.0,0.0,0.0,0.0,0.0,4
2023-05-10 09:32:45,CY2310,CY310,22300.0,0.0,0.0,0.0,1,22345.0,22690.0,2,22300.0,22915.0,0.0,0.0,0.0,0.0,4
2023-05-10 09:32:45,CY2310,CY310,22300.0,0.0,0.0,0.0,1,22345.0,22685.0,1,22300.0,22915.0,0.0,0.0,0.0,0.0,4
2023-05-10 09:33:28,CY2310,CY310,22300.0,0.0,0.0,0.0,1,22345.0,22680.0,2,22300.0,22915.0,0.0,0.0,0.0,0.0,4
2023-05-10 09:33:29,CY2310,CY310,22300.0,0.0,0.0,0.0,1,22345.0,22675.0,1,22300.0,22915.0,0.0,0.0,0.0,0.0,4
2023-05-10 09:34:12,CY2310,CY310,22300.0,0.0,0.0,0.0,1,22345.0,22670.0,2,22300.0,22915.0,0.0,0.0,0.0,0.0,4
2023-05-10 09:34:12,CY2310,CY310,22300.0,0.0,0.0,0.0,1,22345.0,22665.0,1,22300.0,22915.0,0.0,0.0,0.0,0.0,4
2023-05-10 09:34:55,CY2310,CY310,22300.0,0.0,0.0,0.0,1,22345.0,22660.0,2,22300.0,22915.0,0.0,0.0,0.0,0.0,4
2023-05-10 09:34:55,CY2310,CY310,22300.0,0.0,0.0,0.0,1,22345.0,22655.0,1,22300.0,22915.0,0.0,0.0,0.0,0.0,4
2023-05-10 09:35:33,CY2310,CY310,22300.0,0.0,0.0,0.0,1,22345.0,22660.0,2,22300.0,22915.0,0.0,0.0,0.0,0.0,4
2023-05-10 09:35:34,CY2310,CY310,22300.0,0.0,0.0,0.0,1,22345.0,22800.0,1,22300.0,22915.0,0.0,0.0,0.0,0.0,4
2023-05-10 09:35:39,CY2310,CY310,22300.0,0.0,0.0,0.0,1,22345.0,22795.0,2,22300.0,22915.0,0.0,0.0,0.0,0.0,4
2023-05-10 09:35:39,CY2310,CY310,22300.0,0.0,0.0,0.0,1,22345.0,22790.0,1,22300.0,22915.0,0.0,0.0,0.0,0.0,4
2023-05-10 09:36:22,CY2310,CY310,22300.0,0.0,0.0,0.0,1,22345.0,22785.0,2,22300.0,22915.0,0.0,0.0,0.0,0.0,4
2023-05-10 09:36:22,CY2310,CY310,22300.0,0.0,0.0,0.0,1,22345.0,22780.0,1,22300.0,22915.0,0.0,0.0,0.0,0.0,4
2023-05-10 09:37:05,CY2310,CY310,22300.0,0.0,0.0,0.0,1,22345.0,22775.0,2,22300.0,22915.0,0.0,0.0,0.0,0.0,4
2023-05-10 09:37:06,CY2310,CY310,22300.0,0.0,0.0,0.0,1,22345.0,22770.0,1,22300.0,22915.0,0.0,0.0,0.0,0.0,4
2023-05-10 09:37:48,CY2310,CY310,22300.0,0.0,0.0,0.0,1,22345.0,22765.0,2,22300.0,22915.0,0.0,0.0,0.0,0.0,4
2023-05-10 09:37:49,CY2310,CY310,22300.0,0.0,0.0,0.0,1,22345.0,22760.0,1,22300.0,22915.0,0.0,0.0,0.0,0.0,4
2023-05-10 09:38:30,CY2310,CY310,22300.0,0.0,0.0,0.0,1,22345.0,22755.0,2,22300.0,22915.0,0.0,0.0,0.0,0.0,4
2023-05-10 09:38:31,CY2310,CY310,22300.0,0.0,0.0,0.0,1,22345.0,22750.0,1,22300.0,22915.0,0.0,0.0,0.0,0.0,4
2023-05-10 09:39:13,CY2310,CY310,22300.0,0.0,0.0,0.0,1,22345.0,22745.0,2,22300.0,22915.0,0.0,0.0,0.0,0.0,4
2023-05-10 09:39:14,CY2310,CY310,22300.0,0.0,0.0,0.0,1,22345.0,22740.0,1,22300.0,22915.0,0.0,0.0,0.0,0.0,4
2023-05-10 09:39:56,CY2310,CY310,22300.0,0.0,0.0,0.0,1,22345.0,22735.0,2,22300.0,22915.0,0.0,0.0,0.0,0.0,4
2023-05-10 09:39:57,CY2310,CY310,22300.0,0.0,0.0,0.0,1,22345.0,22730.0,1,22300.0,22915.0,0.0,0.0,0.0,0.0,4
2023-05-10 09:40:40,CY2310,CY310,22300.0,0.0,0.0,0.0,1,22345.0,22725.0,2,22300.0,22915.0,0.0,0.0,0.0,0.0,4
2023-05-10 09:40:41,CY2310,CY310,22300.0,0.0,0.0,0.0,1,22345.0,22720.0,1,22300.0,22915.0,0.0,0.0,0.0,0.0,4
2023-05-10 09:41:24,CY2310,CY310,22300.0,0.0,0.0,0.0,1,22345.0,22715.0,2,22300.0,22915.0,0.0,0.0,0.0,0.0,4
2023-05-10 09:41:24,CY2310,CY310,22300.0,0.0,0.0,0.0,1,22345.0,22710.0,1,22300.0,22915.0,0.0,0.0,0.0,0.0,4
2023-05-10 09:42:07,CY2310,CY310,22300.0,0.0,0.0,0.0,1,22345.0,22705.0,2,22300.0,22915.0,0.0,0.0,0.0,0.0,4
2023-05-10 09:42:07,CY2310,CY310,22300.0,0.0,0.0,0.0,1,22345.0,22700.0,1,22300.0,22915.0,0.0,0.0,0.0,0.0,4
2023-05-10 09:42:50,CY2310,CY310,22300.0,0.0,0.0,0.0,1,22345.0,22695.0,2,22300.0,22915.0,0.0,0.0,0.0,0.0,4
2023-05-10 09:42:50,CY2310,CY310,22300.0,0.0,0.0,0.0,1,22345.0,22690.0,1,22300.0,22915.0,0.0,0.0,0.0,0.0,4
2023-05-10 09:43:32,CY2310,CY310,22300.0,0.0,0.0,0.0,2,22350.0,22690.0,1,22300.0,22915.0,0.0,0.0,0.0,0.0,4
2023-05-10 09:43:32,CY2310,CY310,22300.0,0.0,0.0,0.0,1,22360.0,22690.0,1,22300.0,22915.0,0.0,0.0,0.0,0.0,4
2023-05-10 09:44:15,CY2310,CY310,22300.0,0.0,0.0,0.0,2,22365.0,22690.0,1,22300.0,22915.0,0.0,0.0,0.0,0.0,4
2023-05-10 09:44:15,CY2310,CY310,22300.0,0.0,0.0,0.0,1,22375.0,22690.0,1,22300.0,22915.0,0.0,0.0,0.0,0.0,4
2023-05-10 09:44:59,CY2310,CY310,22300.0,0.0,0.0,0.0,1,22375.0,22685.0,2,22300.0,22915.0,0.0,0.0,0.0,0.0,4
2023-05-10 09:44:59,CY2310,CY310,22300.0,0.0,0.0,0.0,1,22375.0,22680.0,1,22300.0,22915.0,0.0,0.0,0.0,0.0,4
2023-05-10 09:45:42,CY2310,CY310,22300.0,0.0,0.0,0.0,2,22380.0,22680.0,1,22300.0,22915.0,0.0,0.0,0.0,0.0,4
2023-05-10 09:45:43,CY2310,CY310,22300.0,0.0,0.0,0.0,1,22390.0,22680.0,1,22300.0,22915.0,0.0,0.0,0.0,0.0,4
2023-05-10 09:46:25,CY2310,CY310,22300.0,0.0,0.0,0.0,1,22390.0,22675.0,2,22300.0,22915.0,0.0,0.0,0.0,0.0,4
2023-05-10 09:46:25,CY2310,CY310,22300.0,0.0,0.0,0.0,1,22390.0,22670.0,1,22300.0,22915.0,0.0,0.0,0.0,0.0,4
2023-05-10 09:47:09,CY2310,CY310,22300.0,0.0,0.0,0.0,2,22395.0,22670.0,1,22300.0,22915.0,0.0,0.0,0.0,0.0,4
2023-05-10 09:47:13,CY2310,CY310,22300.0,0.0,0.0,0.0,1,21860.0,22670.0,1,22300.0,22915.0,0.0,0.0,0.0,0.0,4
2023-05-10 09:47:13,CY2310,CY310,22300.0,0.0,0.0,0.0,1,21870.0,22670.0,1,22300.0,22915.0,0.0,0.0,0.0,0.0,4
2023-05-10 09:47:53,CY2310,CY310,22300.0,0.0,0.0,0.0,2,21875.0,22670.0,1,22300.0,22915.0,0.0,0.0,0.0,0.0,4
2023-05-10 09:47:53,CY2310,CY310,22300.0,0.0,0.0,0.0,1,21885.0,22670.0,1,22300.0,22915.0,0.0,0.0,0.0,0.0,4
2023-05-10 09:48:13,CY2310,CY310,22300.0,0.0,0.0,0.0,1,21885.0,22800.0,1,22300.0,22915.0,0.0,0.0,0.0,0.0,4
2023-05-10 09:48:37,CY2310,CY310,22300.0,0.0,0.0,0.0,2,21890.0,22800.0,1,22300.0,22915.0,0.0,0.0,0.0,0.0,4
2023-05-10 09:48:38,CY2310,CY310,22300.0,0.0,0.0,0.0,1,21900.0,22800.0,1,22300.0,22915.0,0.0,0.0,0.0,0.0,4
2023-05-10 09:48:38,CY2310,CY310,22300.0,0.0,0.0,0.0,1,21900.0,22795.0,1,22300.0,22915.0,0.0,0.0,0.0,0.0,4
2023-05-10 09:49:21,CY2310,CY310,22300.0,0.0,0.0,0.0,2,21905.0,22795.0,1,22300.0,22915.0,0.0,0.0,0.0,0.0,4
2023-05-10 09:49:21,CY2310,CY310,22300.0,0.0,0.0,0.0,1,21915.0,22795.0,1,22300.0,22915.0,0.0,0.0,0.0,0.0,4
2023-05-10 09:50:04,CY2310,CY310,22300.0,0.0,0.0,0.0,2,21920.0,22795.0,1,22300.0,22915.0,0.0,0.0,0.0,0.0,4
2023-05-10 09:50:04,CY2310,CY310,22300.0,0.0,0.0,0.0,1,21930.0,22795.0,1,22300.0,22915.0,0.0,0.0,0.0,0.0,4
2023-05-10 09:50:47,CY2310,CY310,22300.0,0.0,0.0,0.0,2,21935.0,22795.0,1,22300.0,22915.0,0.0,0.0,0.0,0.0,4
2023-05-10 09:50:48,CY2310,CY310,22300.0,0.0,0.0,0.0,1,21945.0,22795.0,1,22300.0,22915.0,0.0,0.0,0.0,0.0,4
2023-05-10 09:51:31,CY2310,CY310,22300.0,0.0,0.0,0.0,2,21950.0,22795.0,1,22300.0,22915.0,0.0,0.0,0.0,0.0,4
2023-05-10 09:51:31,CY2310,CY310,22300.0,0.0,0.0,0.0,1,21960.0,22795.0,1,22300.0,22915.0,0.0,0.0,0.0,0.0,4
2023-05-10 09:52:15,CY2310,CY310,22300.0,0.0,0.0,0.0,2,21965.0,22795.0,1,22300.0,22915.0,0.0,0.0,0.0,0.0,4
2023-05-10 09:52:15,CY2310,CY310,22300.0,0.0,0.0,0.0,1,21975.0,22795.0,1,22300.0,22915.0,0.0,0.0,0.0,0.0,4
2023-05-10 09:52:59,CY2310,CY310,22300.0,0.0,0.0,0.0,2,21980.0,22795.0,1,22300.0,22915.0,0.0,0.0,0.0,0.0,4
2023-05-10 09:52:59,CY2310,CY310,22300.0,0.0,0.0,0.0,1,21990.0,22795.0,1,22300.0,22915.0,0.0,0.0,0.0,0.0,4
2023-05-10 09:53:42,CY2310,CY310,22300.0,0.0,0.0,0.0,1,21990.0,0.0,0,22300.0,22915.0,0.0,0.0,0.0,0.0,4
2023-05-10 09:53:42,CY2310,CY310,22300.0,0.0,0.0,0.0,2,21995.0,0.0,0,22300.0,22915.0,0.0,0.0,0.0,0.0,4
2023-05-10 09:53:43,CY2310,CY310,22300.0,0.0,0.0,0.0,1,22005.0,0.0,0,22300.0,22915.0,0.0,0.0,0.0,0.0,4
2023-05-10 09:53:43,CY2310,CY310,22300.0,0.0,0.0,0.0,1,22005.0,23635.0,1,22300.0,22915.0,0.0,0.0,0.0,0.0,4
2023-05-10 09:53:44,CY2310,CY310,22300.0,0.0,0.0,0.0,1,22005.0,23625.0,1,22300.0,22915.0,0.0,0.0,0.0,0.0,4
2023-05-10 09:53:44,CY2310,CY310,22300.0,0.0,0.0,0.0,1,22005.0,23620.0,1,22300.0,22915.0,0.0,0.0,0.0,0.0,4
2023-05-10 09:53:45,CY2310,CY310,22300.0,0.0,0.0,0.0,1,22005.0,23610.0,1,22300.0,22915.0,0.0,0.0,0.0,0.0,4
2023-05-10 09:53:45,CY2310,CY310,22300.0,0.0,0.0,0.0,1,22005.0,23605.0,1,22300.0,22915.0,0.0,0.0,0.0,0.0,4
2023-05-10 09:53:46,CY2310,CY310,22300.0,0.0,0.0,0.0,1,22005.0,23595.0,1,22300.0,22915.0,0.0,0.0,0.0,0.0,4
2023-05-10 09:53:46,CY2310,CY310,22300.0,0.0,0.0,0.0,1,22005.0,23590.0,1,22300.0,22915.0,0.0,0.0,0.0,0.0,4
2023-05-10 09:53:47,CY2310,CY310,22300.0,0.0,0.0,0.0,1,22005.0,23580.0,1,22300.0,22915.0,0.0,0.0,0.0,0.0,4
2023-05-10 09:53:47,CY2310,CY310,22300.0,0.0,0.0,0.0,1,22005.0,23575.0,1,22300.0,22915.0,0.0,0.0,0.0,0.0,4
2023-05-10 09:53:48,CY2310,CY310,22300.0,0.0,0.0,0.0,1,22005.0,23565.0,1,22300.0,22915.0,0.0,0.0,0.0,0.0,4
2023-05-10 09:53:48,CY2310,CY310,22300.0,0.0,0.0,0.0,1,22005.0,23560.0,1,22300.0,22915.0,0.0,0.0,0.0,0.0,4
2023-05-10 09:53:49,CY2310,CY310,22300.0,0.0,0.0,0.0,1,22005.0,23550.0,1,22300.0,22915.0,0.0,0.0,0.0,0.0,4
2023-05-10 09:53:50,CY2310,CY310,22300.0,0.0,0.0,0.0,1,22005.0,23545.0,1,22300.0,22915.0,0.0,0.0,0.0,0.0,4
2023-05-10 09:53:51,CY2310,CY310,22300.0,0.0,0.0,0.0,1,22005.0,23535.0,1,22300.0,22915.0,0.0,0.0,0.0,0.0,4
2023-05-10 09:53:51,CY2310,CY310,22300.0,0.0,0.0,0.0,1,22005.0,23530.0,1,22300.0,22915.0,0.0,0.0,0.0,0.0,4
2023-05-10 09:53:51,CY2310,CY310,22300.0,0.0,0.0,0.0,1,22005.0,23520.0,1,22300.0,22915.0,0.0,0.0,0.0,0.0,4
2023-05-10 09:53:52,CY2310,CY310,22300.0,0.0,0.0,0.0,1,22005.0,23515.0,1,22300.0,22915.0,0.0,0.0,0.0,0.0,4
2023-05-10 09:53:53,CY2310,CY310,22300.0,0.0,0.0,0.0,1,22005.0,23505.0,1,22300.0,22915.0,0.0,0.0,0.0,0.0,4
2023-05-10 09:53:53,CY2310,CY310,22300.0,0.0,0.0,0.0,1,22005.0,23500.0,1,22300.0,22915.0,0.0,0.0,0.0,0.0,4
2023-05-10 09:53:54,CY2310,CY310,22300.0,0.0,0.0,0.0,1,22005.0,23490.0,1,22300.0,22915.0,0.0,0.0,0.0,0.0,4
2023-05-10 09:53:54,CY2310,CY310,22300.0,0.0,0.0,0.0,1,22005.0,23485.0,1,22300.0,22915.0,0.0,0.0,0.0,0.0,4
2023-05-10 09:53:55,CY2310,CY310,22300.0,0.0,0.0,0.0,1,22005.0,23475.0,1,22300.0,22915.0,0.0,0.0,0.0,0.0,4
2023-05-10 09:53:55,CY2310,CY310,22300.0,0.0,0.0,0.0,1,22005.0,23470.0,1,22300.0,22915.0,0.0,0.0,0.0,0.0,4
2023-05-10 09:53:56,CY2310,CY310,22300.0,0.0,0.0,0.0,1,22005.0,23460.0,1,22300.0,22915.0,0.0,0.0,0.0,0.0,4
2023-05-10 09:53:56,CY2310,CY310,22300.0,0.0,0.0,0.0,1,22005.0,23455.0,1,22300.0,22915.0,0.0,0.0,0.0,0.0,4
2023-05-10 09:53:56,CY2310,CY310,22300.0,0.0,0.0,0.0,1,22005.0,23445.0,1,22300.0,22915.0,0.0,0.0,0.0,0.0,4
2023-05-10 09:53:57,CY2310,CY310,22300.0,0.0,0.0,0.0,1,22005.0,23440.0,1,22300.0,22915.0,0.0,0.0,0.0,0.0,4
2023-05-10 09:53:57,CY2310,CY310,22300.0,0.0,0.0,0.0,1,22005.0,23430.0,1,22300.0,22915.0,0.0,0.0,0.0,0.0,4
2023-05-10 09:53:58,CY2310,CY310,22300.0,0.0,0.0,0.0,1,22005.0,23425.0,1,22300.0,22915.0,0.0,0.0,0.0,0.0,4
2023-05-10 09:53:58,CY2310,CY310,22300.0,0.0,0.0,0.0,1,22005.0,23415.0,1,22300.0,22915.0,0.0,0.0,0.0,0.0,4
2023-05-10 09:53:59,CY2310,CY310,22300.0,0.0,0.0,0.0,1,22005.0,23410.0,1,22300.0,22915.0,0.0,0.0,0.0,0.0,4
2023-05-10 09:54:00,CY2310,CY310,22300.0,0.0,0.0,0.0,1,22005.0,23400.0,1,22300.0,22915.0,0.0,0.0,0.0,0.0,4
2023-05-10 09:54:00,CY2310,CY310,22300.0,0.0,0.0,0.0,1,22005.0,23395.0,1,22300.0,22915.0,0.0,0.0,0.0,0.0,4
2023-05-10 09:54:01,CY2310,CY310,22300.0,0.0,0.0,0.0,1,22005.0,23385.0,1,22300.0,22915.0,0.0,0.0,0.0,0.0,4
2023-05-10 09:54:01,CY2310,CY310,22300.0,0.0,0.0,0.0,1,22005.0,23380.0,1,22300.0,22915.0,0.0,0.0,0.0,0.0,4
2023-05-10 09:54:02,CY2310,CY310,22300.0,0.0,0.0,0.0,1,22005.0,23370.0,1,22300.0,22915.0,0.0,0.0,0.0,0.0,4
2023-05-10 09:54:02,CY2310,CY310,22300.0,0.0,0.0,0.0,1,22005.0,23365.0,1,22300.0,22915.0,0.0,0.0,0.0,0.0,4
2023-05-10 09:54:03,CY2310,CY310,22300.0,0.0,0.0,0.0,1,22005.0,23355.0,1,22300.0,22915.0,0.0,0.0,0.0,0.0,4
2023-05-10 09:54:03,CY2310,CY310,22300.0,0.0,0.0,0.0,1,22005.0,23350.0,1,22300.0,22915.0,0.0,0.0,0.0,0.0,4
2023-05-10 09:54:04,CY2310,CY310,22300.0,0.0,0.0,0.0,1,22005.0,23340.0,1,22300.0,22915.0,0.0,0.0,0.0,0.0,4
2023-05-10 09:54:04,CY2310,CY310,22300.0,0.0,0.0,0.0,1,22005.0,23335.0,1,22300.0,22915.0,0.0,0.0,0.0,0.0,4
2023-05-10 09:54:04,CY2310,CY310,22300.0,0.0,0.0,0.0,1,22005.0,23325.0,1,22300.0,22915.0,0.0,0.0,0.0,0.0,4
2023-05-10 09:54:05,CY2310,CY310,22300.0,0.0,0.0,0.0,1,22005.0,23320.0,1,22300.0,22915.0,0.0,0.0,0.0,0.0,4
2023-05-10 09:54:06,CY2310,CY310,22300.0,0.0,0.0,0.0,1,22005.0,23310.0,1,22300.0,22915.0,0.0,0.0,0.0,0.0,4
2023-05-10 09:54:06,CY2310,CY310,22300.0,0.0,0.0,0.0,1,22005.0,23305.0,1,22300.0,22915.0,0.0,0.0,0.0,0.0,4
2023-05-10 09:54:25,CY2310,CY310,22300.0,0.0,0.0,0.0,1,22005.0,23300.0,2,22300.0,22915.0,0.0,0.0,0.0,0.0,4
2023-05-10 09:54:26,CY2310,CY310,22300.0,0.0,0.0,0.0,1,22005.0,23295.0,1,22300.0,22915.0,0.0,0.0,0.0,0.0,4
2023-05-10 09:55:07,CY2310,CY310,22300.0,0.0,0.0,0.0,1,22005.0,23290.0,2,22300.0,22915.0,0.0,0.0,0.0,0.0,4
2023-05-10 09:55:07,CY2310,CY310,22300.0,0.0,0.0,0.0,1,22005.0,23285.0,1,22300.0,22915.0,0.0,0.0,0.0,0.0,4
2023-05-10 09:55:50,CY2310,CY310,22300.0,0.0,0.0,0.0,1,22005.0,23280.0,2,22300.0,22915.0,0.0,0.0,0.0,0.0,4
2023-05-10 09:55:50,CY2310,CY310,22300.0,0.0,0.0,0.0,1,22005.0,23275.0,1,22300.0,22915.0,0.0,0.0,0.0,0.0,4
2023-05-10 09:56:31,CY2310,CY310,22300.0,0.0,0.0,0.0,1,22005.0,23270.0,2,22300.0,22915.0,0.0,0.0,0.0,0.0,4
2023-05-10 09:56:32,CY2310,CY310,22300.0,0.0,0.0,0.0,1,22005.0,23265.0,1,22300.0,22915.0,0.0,0.0,0.0,0.0,4
2023-05-10 09:57:14,CY2310,CY310,22300.0,0.0,0.0,0.0,1,22005.0,23260.0,2,22300.0,22915.0,0.0,0.0,0.0,0.0,4
2023-05-10 09:57:14,CY2310,CY310,22300.0,0.0,0.0,0.0,1,22005.0,23255.0,1,22300.0,22915.0,0.0,0.0,0.0,0.0,4
2023-05-10 09:57:56,CY2310,CY310,22300.0,0.0,0.0,0.0,1,22005.0,23250.0,2,22300.0,22915.0,0.0,0.0,0.0,0.0,4
2023-05-10 09:57:56,CY2310,CY310,22300.0,0.0,0.0,0.0,1,22005.0,23245.0,1,22300.0,22915.0,0.0,0.0,0.0,0.0,4
2023-05-10 09:58:39,CY2310,CY310,22300.0,0.0,0.0,0.0,1,22005.0,23240.0,2,22300.0,22915.0,0.0,0.0,0.0,0.0,4
2023-05-10 09:58:39,CY2310,CY310,22300.0,0.0,0.0,0.0,1,22005.0,23235.0,1,22300.0,22915.0,0.0,0.0,0.0,0.0,4
2023-05-10 09:58:39,CY2310,CY310,22300.0,0.0,0.0,0.0,1,22005.0,23240.0,2,22300.0,22915.0,0.0,0.0,0.0,0.0,4
2023-05-10 09:58:39,CY2310,CY310,22300.0,0.0,0.0,0.0,1,22005.0,23235.0,1,22300.0,22915.0,0.0,0.0,0.0,0.0,4
2023-05-10 09:59:22,CY2310,CY310,22300.0,0.0,0.0,0.0,1,22005.0,23230.0,2,22300.0,22915.0,0.0,0.0,0.0,0.0,4
2023-05-10 09:59:23,CY2310,CY310,22300.0,0.0,0.0,0.0,1,22005.0,23225.0,1,22300.0,22915.0,0.0,0.0,0.0,0.0,4
2023-05-10 10:00:05,CY2310,CY310,22300.0,0.0,0.0,0.0,1,22005.0,23220.0,2,22300.0,22915.0,0.0,0.0,0.0,0.0,4
2023-05-10 10:00:06,CY2310,CY310,22300.0,0.0,0.0,0.0,1,22005.0,23215.0,1,22300.0,22915.0,0.0,0.0,0.0,0.0,4
2023-05-10 10:00:49,CY2310,CY310,22300.0,0.0,0.0,0.0,1,22005.0,23210.0,2,22300.0,22915.0,0.0,0.0,0.0,0.0,4
2023-05-10 10:00:50,CY2310,CY310,22300.0,0.0,0.0,0.0,1,22005.0,23205.0,1,22300.0,22915.0,0.0,0.0,0.0,0.0,4
2023-05-10 10:01:34,CY2310,CY310,22300.0,0.0,0.0,0.0,1,22005.0,23200.0,2,22300.0,22915.0,0.0,0.0,0.0,0.0,4
2023-05-10 10:01:35,CY2310,CY310,22300.0,0.0,0.0,0.0,1,22005.0,23195.0,1,22300.0,22915.0,0.0,0.0,0.0,0.0,4
2023-05-10 10:02:18,CY2310,CY310,22300.0,0.0,0.0,0.0,1,22005.0,23190.0,2,22300.0,22915.0,0.0,0.0,0.0,0.0,4
2023-05-10 10:02:18,CY2310,CY310,22300.0,0.0,0.0,0.0,1,22005.0,23185.0,1,22300.0,22915.0,0.0,0.0,0.0,0.0,4
2023-05-10 10:03:01,CY2310,CY310,22300.0,0.0,0.0,0.0,1,22005.0,23180.0,2,22300.0,22915.0,0.0,0.0,0.0,0.0,4
2023-05-10 10:03:02,CY2310,CY310,22300.0,0.0,0.0,0.0,1,22005.0,23175.0,1,22300.0,22915.0,0.0,0.0,0.0,0.0,4
2023-05-10 10:03:45,CY2310,CY310,22300.0,0.0,0.0,0.0,1,22005.0,23170.0,2,22300.0,22915.0,0.0,0.0,0.0,0.0,4
2023-05-10 10:03:45,CY2310,CY310,22300.0,0.0,0.0,0.0,1,22005.0,23165.0,1,22300.0,22915.0,0.0,0.0,0.0,0.0,4
2023-05-10 10:04:27,CY2310,CY310,22300.0,0.0,0.0,0.0,1,22005.0,23160.0,2,22300.0,22915.0,0.0,0.0,0.0,0.0,4
2023-05-10 10:04:27,CY2310,CY310,22300.0,0.0,0.0,0.0,1,22005.0,23155.0,1,22300.0,22915.0,0.0,0.0,0.0,0.0,4
2023-05-10 10:05:08,CY2310,CY310,22300.0,0.0,0.0,0.0,1,22005.0,23150.0,2,22300.0,22915.0,0.0,0.0,0.0,0.0,4
2023-05-10 10:05:08,CY2310,CY310,22300.0,0.0,0.0,0.0,1,22005.0,23145.0,1,22300.0,22915.0,0.0,0.0,0.0,0.0,4
2023-05-10 10:05:51,CY2310,CY310,22300.0,0.0,0.0,0.0,1,22005.0,23140.0,2,22300.0,22915.0,0.0,0.0,0.0,0.0,4
2023-05-10 10:05:52,CY2310,CY310,22300.0,0.0,0.0,0.0,1,22005.0,23135.0,1,22300.0,22915.0,0.0,0.0,0.0,0.0,4
2023-05-10 10:06:33,CY2310,CY310,22300.0,0.0,0.0,0.0,1,22005.0,23130.0,2,22300.0,22915.0,0.0,0.0,0.0,0.0,4
2023-05-10 10:06:34,CY2310,CY310,22300.0,0.0,0.0,0.0,1,22005.0,23125.0,1,22300.0,22915.0,0.0,0.0,0.0,0.0,4
2023-05-10 10:07:16,CY2310,CY310,22300.0,0.0,0.0,0.0,2,22010.0,23125.0,1,22300.0,22915.0,0.0,0.0,0.0,0.0,4
2023-05-10 10:07:16,CY2310,CY310,22300.0,0.0,0.0,0.0,1,22020.0,23125.0,1,22300.0,22915.0,0.0,0.0,0.0,0.0,4
2023-05-10 10:07:59,CY2310,CY310,22300.0,0.0,0.0,0.0,1,22020.0,23120.0,2,22300.0,22915.0,0.0,0.0,0.0,0.0,4
2023-05-10 10:08:00,CY2310,CY310,22300.0,0.0,0.0,0.0,1,22020.0,23115.0,1,22300.0,22915.0,0.0,0.0,0.0,0.0,4
2023-05-10 10:08:42,CY2310,CY310,22300.0,0.0,0.0,0.0,2,22025.0,23115.0,1,22300.0,22915.0,0.0,0.0,0.0,0.0,4
2023-05-10 10:08:42,CY2310,CY310,22300.0,0.0,0.0,0.0,1,22035.0,23115.0,1,22300.0,22915.0,0.0,0.0,0.0,0.0,4
2023-05-10 10:09:25,CY2310,CY310,22300.0,0.0,0.0,0.0,1,22035.0,23110.0,2,22300.0,22915.0,0.0,0.0,0.0,0.0,4
2023-05-10 10:09:26,CY2310,CY310,22300.0,0.0,0.0,0.0,1,22035.0,23105.0,1,22300.0,22915.0,0.0,0.0,0.0,0.0,4
2023-05-10 10:10:09,CY2310,CY310,22300.0,0.0,0.0,0.0,2,22040.0,23105.0,1,22300.0,22915.0,0.0,0.0,0.0,0.0,4
2023-05-10 10:10:10,CY2310,CY310,22300.0,0.0,0.0,0.0,1,22050.0,23105.0,1,22300.0,22915.0,0.0,0.0,0.0,0.0,4
2023-05-10 10:10:53,CY2310,CY310,22300.0,0.0,0.0,0.0,2,22055.0,23105.0,1,22300.0,22915.0,0.0,0.0,0.0,0.0,4
2023-05-10 10:10:53,CY2310,CY310,22300.0,0.0,0.0,0.0,1,22065.0,23105.0,1,22300.0,22915.0,0.0,0.0,0.0,0.0,4
2023-05-10 10:11:36,CY2310,CY310,22300.0,0.0,0.0,0.0,1,22065.0,23100.0,2,22300.0,22915.0,0.0,0.0,0.0,0.0,4
2023-05-10 10:11:36,CY2310,CY310,22300.0,0.0,0.0,0.0,1,22065.0,23095.0,1,22300.0,22915.0,0.0,0.0,0.0,0.0,4
2023-05-10 10:12:19,CY2310,CY310,22300.0,0.0,0.0,0.0,1,22065.0,23090.0,2,22300.0,22915.0,0.0,0.0,0.0,0.0,4
2023-05-10 10:12:19,CY2310,CY310,22300.0,0.0,0.0,0.0,1,22065.0,23085.0,1,22300.0,22915.0,0.0,0.0,0.0,0.0,4
2023-05-10 10:13:02,CY2310,CY310,22300.0,0.0,0.0,0.0,1,22065.0,23080.0,2,22300.0,22915.0,0.0,0.0,0.0,0.0,4
2023-05-10 10:13:02,CY2310,CY310,22300.0,0.0,0.0,0.0,1,22065.0,23075.0,1,22300.0,22915.0,0.0,0.0,0.0,0.0,4
2023-05-10 10:13:02,CY2310,CY310,22300.0,0.0,0.0,0.0,1,22065.0,23080.0,2,22300.0,22915.0,0.0,0.0,0.0,0.0,4
2023-05-10 10:13:02,CY2310,CY310,22300.0,0.0,0.0,0.0,1,22065.0,23075.0,1,22300.0,22915.0,0.0,0.0,0.0,0.0,4
2023-05-10 10:13:44,CY2310,CY310,22300.0,0.0,0.0,0.0,1,22065.0,23070.0,2,22300.0,22915.0,0.0,0.0,0.0,0.0,4
2023-05-10 10:13:44,CY2310,CY310,22300.0,0.0,0.0,0.0,1,22065.0,23065.0,1,22300.0,22915.0,0.0,0.0,0.0,0.0,4
2023-05-10 10:14:27,CY2310,CY310,22300.0,0.0,0.0,0.0,1,22065.0,23060.0,2,22300.0,22915.0,0.0,0.0,0.0,0.0,4
2023-05-10 10:14:28,CY2310,CY310,22300.0,0.0,0.0,0.0,1,22065.0,23055.0,1,22300.0,22915.0,0.0,0.0,0.0,0.0,4
2023-05-10 10:14:55,CY2310,CY310,22300.0,0.0,0.0,0.0,1,22065.0,23060.0,2,22300.0,22915.0,0.0,0.0,0.0,0.0,4
2023-05-10 10:30:04,CY2310,CY310,22300.0,0.0,0.0,0.0,1,22065.0,23055.0,1,22300.0,22915.0,0.0,0.0,0.0,0.0,4
2023-05-10 10:30:19,CY2310,CY310,22300.0,0.0,0.0,0.0,1,22065.0,23050.0,2,22300.0,22915.0,0.0,0.0,0.0,0.0,4
2023-05-10 10:30:20,CY2310,CY310,22300.0,0.0,0.0,0.0,1,22065.0,23045.0,1,22300.0,22915.0,0.0,0.0,0.0,0.0,4
2023-05-10 10:31:05,CY2310,CY310,22300.0,0.0,0.0,0.0,2,22070.0,23045.0,1,22300.0,22915.0,0.0,0.0,0.0,0.0,4
2023-05-10 10:31:06,CY2310,CY310,22300.0,0.0,0.0,0.0,1,22080.0,23045.0,1,22300.0,22915.0,0.0,0.0,0.0,0.0,4
2023-05-10 10:31:48,CY2310,CY310,22300.0,0.0,0.0,0.0,1,22080.0,23040.0,2,22300.0,22915.0,0.0,0.0,0.0,0.0,4
2023-05-10 10:31:48,CY2310,CY310,22300.0,0.0,0.0,0.0,1,22080.0,23035.0,1,22300.0,22915.0,0.0,0.0,0.0,0.0,4
2023-05-10 10:32:31,CY2310,CY310,22300.0,0.0,0.0,0.0,2,22085.0,23035.0,1,22300.0,22915.0,0.0,0.0,0.0,0.0,4
2023-05-10 10:32:31,CY2310,CY310,22300.0,0.0,0.0,0.0,1,22095.0,23035.0,1,22300.0,22915.0,0.0,0.0,0.0,0.0,4
2023-05-10 10:33:14,CY2310,CY310,22300.0,0.0,0.0,0.0,2,22100.0,23035.0,1,22300.0,22915.0,0.0,0.0,0.0,0.0,4
2023-05-10 10:33:14,CY2310,CY310,22300.0,0.0,0.0,0.0,1,22110.0,23035.0,1,22300.0,22915.0,0.0,0.0,0.0,0.0,4
2023-05-10 10:33:56,CY2310,CY310,22300.0,0.0,0.0,0.0,1,22110.0,23030.0,2,22300.0,22915.0,0.0,0.0,0.0,0.0,4
2023-05-10 10:33:57,CY2310,CY310,22300.0,0.0,0.0,0.0,1,22110.0,23025.0,1,22300.0,22915.0,0.0,0.0,0.0,0.0,4
2023-05-10 10:34:39,CY2310,CY310,22300.0,0.0,0.0,0.0,2,22115.0,23025.0,1,22300.0,22915.0,0.0,0.0,0.0,0.0,4
2023-05-10 10:34:39,CY2310,CY310,22300.0,0.0,0.0,0.0,1,22125.0,23025.0,1,22300.0,22915.0,0.0,0.0,0.0,0.0,4
2023-05-10 10:35:23,CY2310,CY310,22300.0,0.0,0.0,0.0,2,22130.0,23025.0,1,22300.0,22915.0,0.0,0.0,0.0,0.0,4
2023-05-10 10:35:23,CY2310,CY310,22300.0,0.0,0.0,0.0,1,22140.0,23025.0,1,22300.0,22915.0,0.0,0.0,0.0,0.0,4
2023-05-10 10:35:51,CY2310,CY310,22300.0,0.0,0.0,0.0,1,22140.0,23025.0,2,22300.0,22915.0,0.0,0.0,0.0,0.0,4
2023-05-10 10:36:07,CY2310,CY310,22300.0,0.0,0.0,0.0,1,22140.0,23020.0,2,22300.0,22915.0,0.0,0.0,0.0,0.0,4
2023-05-10 10:36:07,CY2310,CY310,22300.0,0.0,0.0,0.0,1,22140.0,23015.0,1,22300.0,22915.0,0.0,0.0,0.0,0.0,4
2023-05-10 10:36:20,CY2310,CY310,22300.0,0.0,0.0,0.0,1,22140.0,23015.0,2,22300.0,22915.0,0.0,0.0,0.0,0.0,4
2023-05-10 10:36:20,CY2310,CY310,22300.0,0.0,0.0,0.0,1,22140.0,23015.0,1,22300.0,22915.0,0.0,0.0,0.0,0.0,4
2023-05-10 10:36:49,CY2310,CY310,22300.0,0.0,0.0,0.0,1,22140.0,23010.0,2,22300.0,22915.0,0.0,0.0,0.0,0.0,4
2023-05-10 10:36:50,CY2310,CY310,22300.0,0.0,0.0,0.0,1,22140.0,23005.0,1,22300.0,22915.0,0.0,0.0,0.0,0.0,4
2023-05-10 10:37:34,CY2310,CY310,22300.0,0.0,0.0,0.0,1,22140.0,23000.0,2,22300.0,22915.0,0.0,0.0,0.0,0.0,4
2023-05-10 10:37:34,CY2310,CY310,22300.0,0.0,0.0,0.0,1,22140.0,22995.0,1,22300.0,22915.0,0.0,0.0,0.0,0.0,4
2023-05-10 10:37:34,CY2310,CY310,22300.0,0.0,0.0,0.0,1,22140.0,23000.0,2,22300.0,22915.0,0.0,0.0,0.0,0.0,4
2023-05-10 10:37:34,CY2310,CY310,22300.0,0.0,0.0,0.0,1,22140.0,22995.0,1,22300.0,22915.0,0.0,0.0,0.0,0.0,4
2023-05-10 10:38:04,CY2310,CY310,22300.0,0.0,0.0,0.0,1,22140.0,22995.0,2,22300.0,22915.0,0.0,0.0,0.0,0.0,4
2023-05-10 10:38:05,CY2310,CY310,22300.0,0.0,0.0,0.0,1,22140.0,22995.0,1,22300.0,22915.0,0.0,0.0,0.0,0.0,4
2023-05-10 10:38:17,CY2310,CY310,22300.0,0.0,0.0,0.0,2,22145.0,22995.0,1,22300.0,22915.0,0.0,0.0,0.0,0.0,4
2023-05-10 10:38:18,CY2310,CY310,22300.0,0.0,0.0,0.0,1,22155.0,22995.0,1,22300.0,22915.0,0.0,0.0,0.0,0.0,4
2023-05-10 10:39:01,CY2310,CY310,22300.0,0.0,0.0,0.0,2,22160.0,22995.0,1,22300.0,22915.0,0.0,0.0,0.0,0.0,4
2023-05-10 10:39:01,CY2310,CY310,22300.0,0.0,0.0,0.0,1,22170.0,22995.0,1,22300.0,22915.0,0.0,0.0,0.0,0.0,4
2023-05-10 10:39:01,CY2310,CY310,22300.0,0.0,0.0,0.0,2,22160.0,22995.0,1,22300.0,22915.0,0.0,0.0,0.0,0.0,4
2023-05-10 10:39:01,CY2310,CY310,22300.0,0.0,0.0,0.0,1,22170.0,22995.0,1,22300.0,22915.0,0.0,0.0,0.0,0.0,4
2023-05-10 10:39:01,CY2310,CY310,22300.0,0.0,0.0,0.0,2,22160.0,22995.0,1,22300.0,22915.0,0.0,0.0,0.0,0.0,4
2023-05-10 10:39:01,CY2310,CY310,22300.0,0.0,0.0,0.0,1,22170.0,22995.0,1,22300.0,22915.0,0.0,0.0,0.0,0.0,4
2023-05-10 10:39:43,CY2310,CY310,22300.0,0.0,0.0,0.0,1,22170.0,22990.0,2,22300.0,22915.0,0.0,0.0,0.0,0.0,4
2023-05-10 10:39:44,CY2310,CY310,22300.0,0.0,0.0,0.0,1,22170.0,22985.0,1,22300.0,22915.0,0.0,0.0,0.0,0.0,4
2023-05-10 10:40:26,CY2310,CY310,22300.0,0.0,0.0,0.0,1,22170.0,22980.0,2,22300.0,22915.0,0.0,0.0,0.0,0.0,4
2023-05-10 10:40:26,CY2310,CY310,22300.0,0.0,0.0,0.0,1,22170.0,22975.0,1,22300.0,22915.0,0.0,0.0,0.0,0.0,4
2023-05-10 10:41:10,CY2310,CY310,22300.0,0.0,0.0,0.0,1,22170.0,22970.0,2,22300.0,22915.0,0.0,0.0,0.0,0.0,4
2023-05-10 10:41:10,CY2310,CY310,22300.0,0.0,0.0,0.0,1,22170.0,22965.0,1,22300.0,22915.0,0.0,0.0,0.0,0.0,4
2023-05-10 10:41:54,CY2310,CY310,22300.0,0.0,0.0,0.0,1,22170.0,22960.0,2,22300.0,22915.0,0.0,0.0,0.0,0.0,4
2023-05-10 10:41:54,CY2310,CY310,22300.0,0.0,0.0,0.0,1,22170.0,22955.0,1,22300.0,22915.0,0.0,0.0,0.0,0.0,4
2023-05-10 10:42:39,CY2310,CY310,22300.0,0.0,0.0,0.0,1,22170.0,22950.0,2,22300.0,22915.0,0.0,0.0,0.0,0.0,4
2023-05-10 10:42:39,CY2310,CY310,22300.0,0.0,0.0,0.0,1,22170.0,22945.0,1,22300.0,22915.0,0.0,0.0,0.0,0.0,4
2023-05-10 10:43:24,CY2310,CY310,22300.0,0.0,0.0,0.0,1,22170.0,22940.0,2,22300.0,22915.0,0.0,0.0,0.0,0.0,4
2023-05-10 10:43:24,CY2310,CY310,22300.0,0.0,0.0,0.0,1,22170.0,22935.0,1,22300.0,22915.0,0.0,0.0,0.0,0.0,4
2023-05-10 10:44:08,CY2310,CY310,22300.0,0.0,0.0,0.0,2,22175.0,22935.0,1,22300.0,22915.0,0.0,0.0,0.0,0.0,4
2023-05-10 10:44:08,CY2310,CY310,22300.0,0.0,0.0,0.0,1,22185.0,22935.0,1,22300.0,22915.0,0.0,0.0,0.0,0.0,4
2023-05-10 10:44:51,CY2310,CY310,22300.0,0.0,0.0,0.0,1,22185.0,22930.0,2,22300.0,22915.0,0.0,0.0,0.0,0.0,4
2023-05-10 10:44:51,CY2310,CY310,22300.0,0.0,0.0,0.0,1,22185.0,22925.0,1,22300.0,22915.0,0.0,0.0,0.0,0.0,4
2023-05-10 10:45:34,CY2310,CY310,22300.0,0.0,0.0,0.0,1,22185.0,22920.0,2,22300.0,22915.0,0.0,0.0,0.0,0.0,4
2023-05-10 10:45:34,CY2310,CY310,22300.0,0.0,0.0,0.0,1,22185.0,22915.0,1,22300.0,22915.0,0.0,0.0,0.0,0.0,4
2023-05-10 10:45:34,CY2310,CY310,22300.0,0.0,0.0,0.0,1,22185.0,22920.0,2,22300.0,22915.0,0.0,0.0,0.0,0.0,4
2023-05-10 10:45:34,CY2310,CY310,22300.0,0.0,0.0,0.0,1,22185.0,22915.0,1,22300.0,22915.0,0.0,0.0,0.0,0.0,4
2023-05-10 10:46:08,CY2310,CY310,22915.0,5.0,114575.0,4.0,1,22190.0,22915.0,2,22300.0,22915.0,22915.0,22915.0,5.0,114575.0,8
2023-05-10 10:46:08,CY2310,CY310,22915.0,0.0,0.0,0.0,1,22200.0,22915.0,2,22300.0,22915.0,22915.0,22915.0,5.0,114575.0,8
2023-05-10 10:46:08,CY2310,CY310,22915.0,0.0,0.0,0.0,4,22205.0,22915.0,2,22300.0,22915.0,22915.0,22915.0,5.0,114575.0,8
2023-05-10 10:46:09,CY2310,CY310,22915.0,0.0,0.0,0.0,1,22215.0,22915.0,2,22300.0,22915.0,22915.0,22915.0,5.0,114575.0,8
2023-05-10 10:46:09,CY2310,CY310,22915.0,0.0,0.0,0.0,4,22220.0,22920.0,2,22300.0,22915.0,22915.0,22915.0,5.0,114575.0,8
2023-05-10 10:46:10,CY2310,CY310,22915.0,0.0,0.0,0.0,1,22230.0,22920.0,2,22300.0,22915.0,22915.0,22915.0,5.0,114575.0,8
2023-05-10 10:46:10,CY2310,CY310,22915.0,0.0,0.0,0.0,4,22235.0,22920.0,2,22300.0,22915.0,22915.0,22915.0,5.0,114575.0,8
2023-05-10 10:46:11,CY2310,CY310,22915.0,0.0,0.0,0.0,1,22245.0,22920.0,2,22300.0,22915.0,22915.0,22915.0,5.0,114575.0,8
2023-05-10 10:46:11,CY2310,CY310,22915.0,0.0,0.0,0.0,4,22250.0,22920.0,2,22300.0,22915.0,22915.0,22915.0,5.0,114575.0,8
2023-05-10 10:46:12,CY2310,CY310,22915.0,0.0,0.0,0.0,1,22265.0,22920.0,2,22300.0,22915.0,22915.0,22915.0,5.0,114575.0,8
2023-05-10 10:46:12,CY2310,CY310,22915.0,0.0,0.0,0.0,4,22270.0,22920.0,2,22300.0,22915.0,22915.0,22915.0,5.0,114575.0,8
2023-05-10 10:46:13,CY2310,CY310,22915.0,0.0,0.0,0.0,1,22285.0,22920.0,2,22300.0,22915.0,22915.0,22915.0,5.0,114575.0,8
2023-05-10 10:46:13,CY2310,CY310,22915.0,0.0,0.0,0.0,4,22290.0,22920.0,2,22300.0,22915.0,22915.0,22915.0,5.0,114575.0,8
2023-05-10 10:46:14,CY2310,CY310,22915.0,0.0,0.0,0.0,1,22305.0,22920.0,2,22300.0,22915.0,22915.0,22915.0,5.0,114575.0,8
2023-05-10 10:46:14,CY2310,CY310,22915.0,0.0,0.0,0.0,4,22310.0,22920.0,2,22300.0,22915.0,22915.0,22915.0,5.0,114575.0,8
2023-05-10 10:46:15,CY2310,CY310,22915.0,0.0,0.0,0.0,1,22325.0,22920.0,2,22300.0,22915.0,22915.0,22915.0,5.0,114575.0,8
2023-05-10 10:46:15,CY2310,CY310,22915.0,0.0,0.0,0.0,4,22330.0,22920.0,2,22300.0,22915.0,22915.0,22915.0,5.0,114575.0,8
2023-05-10 10:46:16,CY2310,CY310,22915.0,0.0,0.0,0.0,1,22345.0,22920.0,2,22300.0,22915.0,22915.0,22915.0,5.0,114575.0,8
2023-05-10 10:46:16,CY2310,CY310,22915.0,0.0,0.0,0.0,4,22350.0,22920.0,2,22300.0,22915.0,22915.0,22915.0,5.0,114575.0,8
2023-05-10 10:46:17,CY2310,CY310,22915.0,0.0,0.0,0.0,1,22365.0,22920.0,2,22300.0,22915.0,22915.0,22915.0,5.0,114575.0,8
2023-05-10 10:46:17,CY2310,CY310,22915.0,0.0,0.0,0.0,4,22370.0,22920.0,2,22300.0,22915.0,22915.0,22915.0,5.0,114575.0,8
2023-05-10 10:46:18,CY2310,CY310,22915.0,0.0,0.0,0.0,1,22385.0,22920.0,2,22300.0,22915.0,22915.0,22915.0,5.0,114575.0,8
2023-05-10 10:46:18,CY2310,CY310,22915.0,0.0,0.0,0.0,4,22390.0,22920.0,2,22300.0,22915.0,22915.0,22915.0,5.0,114575.0,8
2023-05-10 10:46:19,CY2310,CY310,22915.0,0.0,0.0,0.0,1,22400.0,22920.0,2,22300.0,22915.0,22915.0,22915.0,5.0,114575.0,8
2023-05-10 10:46:19,CY2310,CY310,22915.0,0.0,0.0,0.0,4,22405.0,22920.0,2,22300.0,22915.0,22915.0,22915.0,5.0,114575.0,8
2023-05-10 10:46:31,CY2310,CY310,22915.0,0.0,0.0,0.0,5,22500.0,22920.0,2,22300.0,22915.0,22915.0,22915.0,5.0,114575.0,8
2023-05-10 10:46:32,CY2310,CY310,22915.0,0.0,0.0,0.0,4,22505.0,22905.0,1,22300.0,22915.0,22915.0,22915.0,5.0,114575.0,8
2023-05-10 10:46:37,CY2310,CY310,22915.0,0.0,0.0,0.0,5,22560.0,22905.0,1,22300.0,22915.0,22915.0,22915.0,5.0,114575.0,8
2023-05-10 10:46:37,CY2310,CY310,22915.0,0.0,0.0,0.0,4,22565.0,22905.0,1,22300.0,22915.0,22915.0,22915.0,5.0,114575.0,8
2023-05-10 10:46:40,CY2310,CY310,22915.0,0.0,0.0,0.0,4,22565.0,22920.0,2,22300.0,22915.0,22915.0,22915.0,5.0,114575.0,8
2023-05-10 10:46:46,CY2310,CY310,22915.0,0.0,0.0,0.0,5,22605.0,22920.0,2,22300.0,22915.0,22915.0,22915.0,5.0,114575.0,8
2023-05-10 10:46:46,CY2310,CY310,22915.0,0.0,0.0,0.0,4,22610.0,22920.0,2,22300.0,22915.0,22915.0,22915.0,5.0,114575.0,8
2023-05-10 10:46:47,CY2310,CY310,22915.0,0.0,0.0,0.0,4,22610.0,23010.0,1,22300.0,22915.0,22915.0,22915.0,5.0,114575.0,8
2023-05-10 10:46:52,CY2310,CY310,22915.0,0.0,0.0,0.0,4,22610.0,23005.0,1,22300.0,22915.0,22915.0,22915.0,5.0,114575.0,8
2023-05-10 10:46:52,CY2310,CY310,22915.0,0.0,0.0,0.0,4,22610.0,23000.0,1,22300.0,22915.0,22915.0,22915.0,5.0,114575.0,8
2023-05-10 10:46:58,CY2310,CY310,22915.0,0.0,0.0,0.0,4,22610.0,22995.0,1,22300.0,22915.0,22915.0,22915.0,5.0,114575.0,8
2023-05-10 10:47:01,CY2310,CY310,22915.0,0.0,0.0,0.0,4,22610.0,22990.0,2,22300.0,22915.0,22915.0,22915.0,5.0,114575.0,8
2023-05-10 10:47:12,CY2310,CY310,22915.0,0.0,0.0,0.0,4,22610.0,22990.0,3,22300.0,22915.0,22915.0,22915.0,5.0,114575.0,8
2023-05-10 10:47:15,CY2310,CY310,22915.0,0.0,0.0,0.0,4,22610.0,22990.0,2,22300.0,22915.0,22915.0,22915.0,5.0,114575.0,8
2023-05-10 10:47:16,CY2310,CY310,22915.0,0.0,0.0,0.0,4,22610.0,22990.0,3,22300.0,22915.0,22915.0,22915.0,5.0,114575.0,8
2023-05-10 10:47:35,CY2310,CY310,22915.0,0.0,0.0,0.0,4,22610.0,22985.0,1,22300.0,22915.0,22915.0,22915.0,5.0,114575.0,8
2023-05-10 10:47:35,CY2310,CY310,22915.0,0.0,0.0,0.0,4,22610.0,22975.0,1,22300.0,22915.0,22915.0,22915.0,5.0,114575.0,8
2023-05-10 10:47:36,CY2310,CY310,22915.0,0.0,0.0,0.0,4,22610.0,22970.0,1,22300.0,22915.0,22915.0,22915.0,5.0,114575.0,8
2023-05-10 10:47:36,CY2310,CY310,22915.0,0.0,0.0,0.0,4,22610.0,22975.0,1,22300.0,22915.0,22915.0,22915.0,5.0,114575.0,8
2023-05-10 10:47:37,CY2310,CY310,22915.0,0.0,0.0,0.0,4,22610.0,22985.0,1,22300.0,22915.0,22915.0,22915.0,5.0,114575.0,8
2023-05-10 10:47:38,CY2310,CY310,22915.0,0.0,0.0,0.0,4,22610.0,22975.0,1,22300.0,22915.0,22915.0,22915.0,5.0,114575.0,8
2023-05-10 10:47:42,CY2310,CY310,22915.0,0.0,0.0,0.0,4,22610.0,22970.0,1,22300.0,22915.0,22915.0,22915.0,5.0,114575.0,8
2023-05-10 10:47:43,CY2310,CY310,22915.0,0.0,0.0,0.0,4,22610.0,22960.0,1,22300.0,22915.0,22915.0,22915.0,5.0,114575.0,8
2023-05-10 10:47:44,CY2310,CY310,22915.0,0.0,0.0,0.0,4,22610.0,22970.0,1,22300.0,22915.0,22915.0,22915.0,5.0,114575.0,8
2023-05-10 10:47:44,CY2310,CY310,22915.0,0.0,0.0,0.0,4,22610.0,22960.0,1,22300.0,22915.0,22915.0,22915.0,5.0,114575.0,8
2023-05-10 10:47:45,CY2310,CY310,22915.0,0.0,0.0,0.0,4,22610.0,22965.0,1,22300.0,22915.0,22915.0,22915.0,5.0,114575.0,8
2023-05-10 10:47:58,CY2310,CY310,22915.0,0.0,0.0,0.0,4,22610.0,22970.0,1,22300.0,22915.0,22915.0,22915.0,5.0,114575.0,8
2023-05-10 10:47:58,CY2310,CY310,22915.0,0.0,0.0,0.0,4,22610.0,22965.0,1,22300.0,22915.0,22915.0,22915.0,5.0,114575.0,8
2023-05-10 10:48:04,CY2310,CY310,22915.0,0.0,0.0,0.0,4,22610.0,22960.0,1,22300.0,22915.0,22915.0,22915.0,5.0,114575.0,8
2023-05-10 10:48:10,CY2310,CY310,22915.0,0.0,0.0,0.0,4,22610.0,22955.0,1,22300.0,22915.0,22915.0,22915.0,5.0,114575.0,8
2023-05-10 10:48:12,CY2310,CY310,22915.0,0.0,0.0,0.0,4,22610.0,22945.0,1,22300.0,22915.0,22915.0,22915.0,5.0,114575.0,8
2023-05-10 10:48:13,CY2310,CY310,22915.0,0.0,0.0,0.0,1,21920.0,22940.0,1,22300.0,22915.0,22915.0,22915.0,5.0,114575.0,8
2023-05-10 10:48:13,CY2310,CY310,22915.0,0.0,0.0,0.0,1,21935.0,22955.0,1,22300.0,22915.0,22915.0,22915.0,5.0,114575.0,8
2023-05-10 10:48:14,CY2310,CY310,22915.0,0.0,0.0,0.0,4,21940.0,22955.0,1,22300.0,22915.0,22915.0,22915.0,5.0,114575.0,8
2023-05-10 10:48:14,CY2310,CY310,22915.0,0.0,0.0,0.0,1,21955.0,22955.0,1,22300.0,22915.0,22915.0,22915.0,5.0,114575.0,8
2023-05-10 10:48:15,CY2310,CY310,22915.0,0.0,0.0,0.0,4,21960.0,22940.0,1,22300.0,22915.0,22915.0,22915.0,5.0,114575.0,8
2023-05-10 10:48:15,CY2310,CY310,22915.0,0.0,0.0,0.0,1,21975.0,22940.0,1,22300.0,22915.0,22915.0,22915.0,5.0,114575.0,8
2023-05-10 10:48:16,CY2310,CY310,22915.0,0.0,0.0,0.0,4,21980.0,22940.0,1,22300.0,22915.0,22915.0,22915.0,5.0,114575.0,8
2023-05-10 10:48:16,CY2310,CY310,22915.0,0.0,0.0,0.0,1,21995.0,22940.0,1,22300.0,22915.0,22915.0,22915.0,5.0,114575.0,8
2023-05-10 10:48:17,CY2310,CY310,22915.0,0.0,0.0,0.0,4,22000.0,22955.0,1,22300.0,22915.0,22915.0,22915.0,5.0,114575.0,8
2023-05-10 10:48:17,CY2310,CY310,22915.0,0.0,0.0,0.0,1,22015.0,22955.0,1,22300.0,22915.0,22915.0,22915.0,5.0,114575.0,8
2023-05-10 10:48:18,CY2310,CY310,22915.0,0.0,0.0,0.0,4,22020.0,22935.0,1,22300.0,22915.0,22915.0,22915.0,5.0,114575.0,8
2023-05-10 10:48:18,CY2310,CY310,22915.0,0.0,0.0,0.0,1,22035.0,22990.0,1,22300.0,22915.0,22915.0,22915.0,5.0,114575.0,8
2023-05-10 10:48:19,CY2310,CY310,22915.0,0.0,0.0,0.0,4,22040.0,22990.0,1,22300.0,22915.0,22915.0,22915.0,5.0,114575.0,8
2023-05-10 10:48:19,CY2310,CY310,22915.0,0.0,0.0,0.0,1,22055.0,22990.0,1,22300.0,22915.0,22915.0,22915.0,5.0,114575.0,8
2023-05-10 10:48:20,CY2310,CY310,22915.0,0.0,0.0,0.0,4,22060.0,22950.0,1,22300.0,22915.0,22915.0,22915.0,5.0,114575.0,8
