time,symbol_id,symbol_name,last,trade_volume,trade_amount,open_interest_change,bv1,bp1,ap1,av1,yesterday_close,today_open,today_high,today_low,volume,amount,open_interest
2023-05-09 19:10:58,CY2401,CY401,22925.0,0.0,0.0,0.0,0,0.0,0.0,0,22925.0,23015.0,0.0,0.0,0.0,0.0,33
2023-05-09 20:59:00,CY2401,CY401,22925.0,0.0,0.0,0.0,3,22225.0,24400.0,2,22925.0,23015.0,0.0,0.0,0.0,0.0,33
2023-05-09 21:00:00,CY2401,CY401,22925.0,0.0,0.0,0.0,1,22840.0,22975.0,1,22925.0,23015.0,0.0,0.0,0.0,0.0,33
2023-05-09 21:00:01,CY2401,CY401,22925.0,0.0,0.0,0.0,1,22845.0,22980.0,1,22925.0,23015.0,0.0,0.0,0.0,0.0,33
2023-05-09 21:00:01,CY2401,CY401,22925.0,0.0,0.0,0.0,1,22840.0,22980.0,1,22925.0,23015.0,0.0,0.0,0.0,0.0,33
2023-05-09 21:00:02,CY2401,CY401,22925.0,0.0,0.0,0.0,1,22845.0,22975.0,1,22925.0,23015.0,0.0,0.0,0.0,0.0,33
2023-05-09 21:00:02,CY2401,CY401,22925.0,0.0,0.0,0.0,1,22845.0,22980.0,1,22925.0,23015.0,0.0,0.0,0.0,0.0,33
2023-05-09 21:00:03,CY2401,CY401,22925.0,0.0,0.0,0.0,1,22895.0,22980.0,1,22925.0,23015.0,0.0,0.0,0.0,0.0,33
2023-05-09 21:00:04,CY2401,CY401,22925.0,0.0,0.0,0.0,1,22895.0,22985.0,1,22925.0,23015.0,0.0,0.0,0.0,0.0,33
2023-05-09 21:00:05,CY2401,CY401,22925.0,0.0,0.0,0.0,1,22900.0,22985.0,1,22925.0,23015.0,0.0,0.0,0.0,0.0,33
2023-05-09 21:00:05,CY2401,CY401,22925.0,0.0,0.0,0.0,1,22905.0,22990.0,1,22925.0,23015.0,0.0,0.0,0.0,0.0,33
2023-05-09 21:00:05,CY2401,CY401,22925.0,0.0,0.0,0.0,1,22910.0,22990.0,1,22925.0,23015.0,0.0,0.0,0.0,0.0,33
2023-05-09 21:00:06,CY2401,CY401,22925.0,0.0,0.0,0.0,1,22910.0,22995.0,1,22925.0,23015.0,0.0,0.0,0.0,0.0,33
2023-05-09 21:00:07,CY2401,CY401,22925.0,0.0,0.0,0.0,1,22915.0,22995.0,1,22925.0,23015.0,0.0,0.0,0.0,0.0,33
2023-05-09 21:00:08,CY2401,CY401,22925.0,0.0,0.0,0.0,1,22915.0,23000.0,1,22925.0,23015.0,0.0,0.0,0.0,0.0,33
2023-05-09 21:00:09,CY2401,CY401,22925.0,0.0,0.0,0.0,1,22910.0,22995.0,1,22925.0,23015.0,0.0,0.0,0.0,0.0,33
2023-05-09 21:00:10,CY2401,CY401,22925.0,0.0,0.0,0.0,1,22910.0,22990.0,1,22925.0,23015.0,0.0,0.0,0.0,0.0,33
2023-05-09 21:00:10,CY2401,CY401,22925.0,0.0,0.0,0.0,1,22910.0,22995.0,1,22925.0,23015.0,0.0,0.0,0.0,0.0,33
2023-05-09 21:00:11,CY2401,CY401,22925.0,0.0,0.0,0.0,1,22915.0,22995.0,1,22925.0,23015.0,0.0,0.0,0.0,0.0,33
2023-05-09 21:00:13,CY2401,CY401,22925.0,0.0,0.0,0.0,1,22910.0,23000.0,1,22925.0,23015.0,0.0,0.0,0.0,0.0,33
2023-05-09 21:00:14,CY2401,CY401,22925.0,0.0,0.0,0.0,1,22915.0,23000.0,1,22925.0,23015.0,0.0,0.0,0.0,0.0,33
2023-05-09 21:00:14,CY2401,CY401,22925.0,0.0,0.0,0.0,1,22920.0,23000.0,1,22925.0,23015.0,0.0,0.0,0.0,0.0,33
2023-05-09 21:00:14,CY2401,CY401,22925.0,0.0,0.0,0.0,1,22915.0,23000.0,1,22925.0,23015.0,0.0,0.0,0.0,0.0,33
2023-05-09 21:00:15,CY2401,CY401,22925.0,0.0,0.0,0.0,1,22920.0,23000.0,1,22925.0,23015.0,0.0,0.0,0.0,0.0,33
2023-05-09 21:00:15,CY2401,CY401,22925.0,0.0,0.0,0.0,1,22920.0,23005.0,1,22925.0,23015.0,0.0,0.0,0.0,0.0,33
2023-05-09 21:00:16,CY2401,CY401,22925.0,0.0,0.0,0.0,1,22925.0,23005.0,1,22925.0,23015.0,0.0,0.0,0.0,0.0,33
2023-05-09 21:00:17,CY2401,CY401,22925.0,0.0,0.0,0.0,1,22930.0,23010.0,1,22925.0,23015.0,0.0,0.0,0.0,0.0,33
2023-05-09 21:00:17,CY2401,CY401,22925.0,0.0,0.0,0.0,1,22925.0,23005.0,1,22925.0,23015.0,0.0,0.0,0.0,0.0,33
2023-05-09 21:00:17,CY2401,CY401,22925.0,0.0,0.0,0.0,2,22920.0,23005.0,1,22925.0,23015.0,0.0,0.0,0.0,0.0,33
2023-05-09 21:00:18,CY2401,CY401,22925.0,0.0,0.0,0.0,1,22920.0,23000.0,1,22925.0,23015.0,0.0,0.0,0.0,0.0,33
2023-05-09 21:00:18,CY2401,CY401,22925.0,0.0,0.0,0.0,1,22920.0,22995.0,1,22925.0,23015.0,0.0,0.0,0.0,0.0,33
2023-05-09 21:00:20,CY2401,CY401,22925.0,0.0,0.0,0.0,2,22920.0,23000.0,1,22925.0,23015.0,0.0,0.0,0.0,0.0,33
2023-05-09 21:00:21,CY2401,CY401,22925.0,0.0,0.0,0.0,1,22920.0,23000.0,1,22925.0,23015.0,0.0,0.0,0.0,0.0,33
2023-05-09 21:00:21,CY2401,CY401,22925.0,0.0,0.0,0.0,1,22920.0,22995.0,1,22925.0,23015.0,0.0,0.0,0.0,0.0,33
2023-05-09 21:00:25,CY2401,CY401,22925.0,0.0,0.0,0.0,2,22920.0,23000.0,1,22925.0,23015.0,0.0,0.0,0.0,0.0,33
2023-05-09 21:00:25,CY2401,CY401,22925.0,0.0,0.0,0.0,1,22920.0,23000.0,1,22925.0,23015.0,0.0,0.0,0.0,0.0,33
2023-05-09 21:00:26,CY2401,CY401,22925.0,0.0,0.0,0.0,2,22920.0,23000.0,1,22925.0,23015.0,0.0,0.0,0.0,0.0,33
2023-05-09 21:00:27,CY2401,CY401,22925.0,0.0,0.0,0.0,1,22920.0,23000.0,1,22925.0,23015.0,0.0,0.0,0.0,0.0,33
2023-05-09 21:00:27,CY2401,CY401,22925.0,0.0,0.0,0.0,1,22920.0,22995.0,1,22925.0,23015.0,0.0,0.0,0.0,0.0,33
2023-05-09 21:00:28,CY2401,CY401,22925.0,0.0,0.0,0.0,1,22920.0,23000.0,1,22925.0,23015.0,0.0,0.0,0.0,0.0,33
2023-05-09 21:00:29,CY2401,CY401,22925.0,0.0,0.0,0.0,2,22920.0,23000.0,1,22925.0,23015.0,0.0,0.0,0.0,0.0,33
2023-05-09 21:00:31,CY2401,CY401,22925.0,0.0,0.0,0.0,1,22920.0,23000.0,1,22925.0,23015.0,0.0,0.0,0.0,0.0,33
2023-05-09 21:00:31,CY2401,CY401,22925.0,0.0,0.0,0.0,1,22920.0,22995.0,1,22925.0,23015.0,0.0,0.0,0.0,0.0,33
2023-05-09 21:00:35,CY2401,CY401,22925.0,0.0,0.0,0.0,2,22920.0,23000.0,1,22925.0,23015.0,0.0,0.0,0.0,0.0,33
2023-05-09 21:00:35,CY2401,CY401,22925.0,0.0,0.0,0.0,1,22920.0,23000.0,1,22925.0,23015.0,0.0,0.0,0.0,0.0,33
2023-05-09 21:00:36,CY2401,CY401,22925.0,0.0,0.0,0.0,1,22920.0,22995.0,1,22925.0,23015.0,0.0,0.0,0.0,0.0,33
2023-05-09 21:00:36,CY2401,CY401,22925.0,0.0,0.0,0.0,1,22920.0,23000.0,1,22925.0,23015.0,0.0,0.0,0.0,0.0,33
2023-05-09 21:00:37,CY2401,CY401,22925.0,0.0,0.0,0.0,2,22920.0,23000.0,1,22925.0,23015.0,0.0,0.0,0.0,0.0,33
2023-05-09 21:00:39,CY2401,CY401,22925.0,0.0,0.0,0.0,1,22920.0,23000.0,1,22925.0,23015.0,0.0,0.0,0.0,0.0,33
2023-05-09 21:00:39,CY2401,CY401,22925.0,0.0,0.0,0.0,2,22920.0,23000.0,1,22925.0,23015.0,0.0,0.0,0.0,0.0,33
2023-05-09 21:00:40,CY2401,CY401,22925.0,0.0,0.0,0.0,2,22920.0,23005.0,1,22925.0,23015.0,0.0,0.0,0.0,0.0,33
2023-05-09 21:00:41,CY2401,CY401,22925.0,0.0,0.0,0.0,2,22920.0,23000.0,1,22925.0,23015.0,0.0,0.0,0.0,0.0,33
2023-05-09 21:00:43,CY2401,CY401,22925.0,0.0,0.0,0.0,2,22920.0,23005.0,1,22925.0,23015.0,0.0,0.0,0.0,0.0,33
2023-05-09 21:00:45,CY2401,CY401,22925.0,0.0,0.0,0.0,2,22920.0,23000.0,1,22925.0,23015.0,0.0,0.0,0.0,0.0,33
2023-05-09 21:00:46,CY2401,CY401,22925.0,0.0,0.0,0.0,2,22920.0,23005.0,1,22925.0,23015.0,0.0,0.0,0.0,0.0,33
2023-05-09 21:00:46,CY2401,CY401,22925.0,0.0,0.0,0.0,1,22925.0,23005.0,1,22925.0,23015.0,0.0,0.0,0.0,0.0,33
2023-05-09 21:00:48,CY2401,CY401,22925.0,0.0,0.0,0.0,2,22920.0,23005.0,1,22925.0,23015.0,0.0,0.0,0.0,0.0,33
2023-05-09 21:00:49,CY2401,CY401,22925.0,0.0,0.0,0.0,2,22920.0,23000.0,1,22925.0,23015.0,0.0,0.0,0.0,0.0,33
2023-05-09 21:00:52,CY2401,CY401,22925.0,0.0,0.0,0.0,2,22920.0,23005.0,1,22925.0,23015.0,0.0,0.0,0.0,0.0,33
2023-05-09 21:00:53,CY2401,CY401,22925.0,0.0,0.0,0.0,1,22925.0,23005.0,1,22925.0,23015.0,0.0,0.0,0.0,0.0,33
2023-05-09 21:00:53,CY2401,CY401,22925.0,0.0,0.0,0.0,2,22920.0,23005.0,1,22925.0,23015.0,0.0,0.0,0.0,0.0,33
2023-05-09 21:00:53,CY2401,CY401,22925.0,0.0,0.0,0.0,1,22925.0,23005.0,1,22925.0,23015.0,0.0,0.0,0.0,0.0,33
2023-05-09 21:00:57,CY2401,CY401,22925.0,0.0,0.0,0.0,1,22925.0,23000.0,1,22925.0,23015.0,0.0,0.0,0.0,0.0,33
2023-05-09 21:00:58,CY2401,CY401,22925.0,0.0,0.0,0.0,1,22930.0,23005.0,1,22925.0,23015.0,0.0,0.0,0.0,0.0,33
2023-05-09 21:00:59,CY2401,CY401,22925.0,0.0,0.0,0.0,1,22925.0,23005.0,1,22925.0,23015.0,0.0,0.0,0.0,0.0,33
2023-05-09 21:01:00,CY2401,CY401,22925.0,0.0,0.0,0.0,1,22930.0,23005.0,1,22925.0,23015.0,0.0,0.0,0.0,0.0,33
2023-05-09 21:01:01,CY2401,CY401,22925.0,0.0,0.0,0.0,1,22925.0,23005.0,1,22925.0,23015.0,0.0,0.0,0.0,0.0,33
2023-05-09 21:01:02,CY2401,CY401,22925.0,0.0,0.0,0.0,2,22920.0,23000.0,1,22925.0,23015.0,0.0,0.0,0.0,0.0,33
2023-05-09 21:01:03,CY2401,CY401,22925.0,0.0,0.0,0.0,1,22925.0,23000.0,1,22925.0,23015.0,0.0,0.0,0.0,0.0,33
2023-05-09 21:01:03,CY2401,CY401,22925.0,0.0,0.0,0.0,2,22920.0,23000.0,1,22925.0,23015.0,0.0,0.0,0.0,0.0,33
2023-05-09 21:01:08,CY2401,CY401,22925.0,0.0,0.0,0.0,2,22920.0,22995.0,1,22925.0,23015.0,0.0,0.0,0.0,0.0,33
2023-05-09 21:01:11,CY2401,CY401,22925.0,0.0,0.0,0.0,1,22920.0,22990.0,1,22925.0,23015.0,0.0,0.0,0.0,0.0,33
2023-05-09 21:01:14,CY2401,CY401,22925.0,0.0,0.0,0.0,1,22920.0,22985.0,1,22925.0,23015.0,0.0,0.0,0.0,0.0,33
2023-05-09 21:01:21,CY2401,CY401,22925.0,0.0,0.0,0.0,1,22920.0,22980.0,1,22925.0,23015.0,0.0,0.0,0.0,0.0,33
2023-05-09 21:01:23,CY2401,CY401,22925.0,0.0,0.0,0.0,1,22920.0,22985.0,1,22925.0,23015.0,0.0,0.0,0.0,0.0,33
2023-05-09 21:01:25,CY2401,CY401,22925.0,0.0,0.0,0.0,1,22920.0,22980.0,1,22925.0,23015.0,0.0,0.0,0.0,0.0,33
2023-05-09 21:01:29,CY2401,CY401,22925.0,0.0,0.0,0.0,1,22920.0,22975.0,1,22925.0,23015.0,0.0,0.0,0.0,0.0,33
2023-05-09 21:01:30,CY2401,CY401,22925.0,0.0,0.0,0.0,1,22920.0,22980.0,1,22925.0,23015.0,0.0,0.0,0.0,0.0,33
2023-05-09 21:01:31,CY2401,CY401,22925.0,0.0,0.0,0.0,1,22920.0,22985.0,1,22925.0,23015.0,0.0,0.0,0.0,0.0,33
2023-05-09 21:01:32,CY2401,CY401,22925.0,0.0,0.0,0.0,1,22920.0,22990.0,1,22925.0,23015.0,0.0,0.0,0.0,0.0,33
2023-05-09 21:01:33,CY2401,CY401,22925.0,0.0,0.0,0.0,2,22920.0,22995.0,1,22925.0,23015.0,0.0,0.0,0.0,0.0,33
2023-05-09 21:01:34,CY2401,CY401,22925.0,0.0,0.0,0.0,1,22920.0,22995.0,1,22925.0,23015.0,0.0,0.0,0.0,0.0,33
2023-05-09 21:01:34,CY2401,CY401,22925.0,0.0,0.0,0.0,1,22920.0,22990.0,1,22925.0,23015.0,0.0,0.0,0.0,0.0,33
2023-05-09 21:01:38,CY2401,CY401,22925.0,0.0,0.0,0.0,2,22920.0,22995.0,1,22925.0,23015.0,0.0,0.0,0.0,0.0,33
2023-05-09 21:01:39,CY2401,CY401,22925.0,0.0,0.0,0.0,1,22920.0,22995.0,1,22925.0,23015.0,0.0,0.0,0.0,0.0,33
2023-05-09 21:01:39,CY2401,CY401,22925.0,0.0,0.0,0.0,2,22920.0,22995.0,1,22925.0,23015.0,0.0,0.0,0.0,0.0,33
2023-05-09 21:01:39,CY2401,CY401,22925.0,0.0,0.0,0.0,1,22920.0,22995.0,1,22925.0,23015.0,0.0,0.0,0.0,0.0,33
2023-05-09 21:01:40,CY2401,CY401,22925.0,0.0,0.0,0.0,2,22920.0,22995.0,1,22925.0,23015.0,0.0,0.0,0.0,0.0,33
2023-05-09 21:01:41,CY2401,CY401,22925.0,0.0,0.0,0.0,1,22920.0,22995.0,1,22925.0,23015.0,0.0,0.0,0.0,0.0,33
2023-05-09 21:01:41,CY2401,CY401,22925.0,0.0,0.0,0.0,1,22920.0,22990.0,1,22925.0,23015.0,0.0,0.0,0.0,0.0,33
2023-05-09 21:01:42,CY2401,CY401,22925.0,0.0,0.0,0.0,1,22920.0,22995.0,1,22925.0,23015.0,0.0,0.0,0.0,0.0,33
2023-05-09 21:01:43,CY2401,CY401,22925.0,0.0,0.0,0.0,2,22920.0,22995.0,1,22925.0,23015.0,0.0,0.0,0.0,0.0,33
2023-05-09 21:01:48,CY2401,CY401,22925.0,0.0,0.0,0.0,2,22920.0,23000.0,1,22925.0,23015.0,0.0,0.0,0.0,0.0,33
2023-05-09 21:01:50,CY2401,CY401,22925.0,0.0,0.0,0.0,1,22925.0,23000.0,1,22925.0,23015.0,0.0,0.0,0.0,0.0,33
2023-05-09 21:01:50,CY2401,CY401,22925.0,0.0,0.0,0.0,2,22920.0,22995.0,1,22925.0,23015.0,0.0,0.0,0.0,0.0,33
2023-05-09 21:01:52,CY2401,CY401,22925.0,0.0,0.0,0.0,1,22920.0,22995.0,1,22925.0,23015.0,0.0,0.0,0.0,0.0,33
2023-05-09 21:01:53,CY2401,CY401,22925.0,0.0,0.0,0.0,1,22920.0,22990.0,1,22925.0,23015.0,0.0,0.0,0.0,0.0,33
2023-05-09 21:01:54,CY2401,CY401,22925.0,0.0,0.0,0.0,1,22920.0,22995.0,1,22925.0,23015.0,0.0,0.0,0.0,0.0,33
2023-05-09 21:01:55,CY2401,CY401,22925.0,0.0,0.0,0.0,2,22920.0,22995.0,1,22925.0,23015.0,0.0,0.0,0.0,0.0,33
2023-05-09 21:01:56,CY2401,CY401,22925.0,0.0,0.0,0.0,1,22920.0,22990.0,1,22925.0,23015.0,0.0,0.0,0.0,0.0,33
2023-05-09 21:01:56,CY2401,CY401,22925.0,0.0,0.0,0.0,2,22920.0,22995.0,1,22925.0,23015.0,0.0,0.0,0.0,0.0,33
2023-05-09 21:01:57,CY2401,CY401,22925.0,0.0,0.0,0.0,1,22920.0,22990.0,1,22925.0,23015.0,0.0,0.0,0.0,0.0,33
2023-05-09 21:01:57,CY2401,CY401,22925.0,0.0,0.0,0.0,1,22920.0,22995.0,1,22925.0,23015.0,0.0,0.0,0.0,0.0,33
2023-05-09 21:01:58,CY2401,CY401,22925.0,0.0,0.0,0.0,1,22920.0,22990.0,1,22925.0,23015.0,0.0,0.0,0.0,0.0,33
2023-05-09 21:01:59,CY2401,CY401,22925.0,0.0,0.0,0.0,1,22920.0,22995.0,1,22925.0,23015.0,0.0,0.0,0.0,0.0,33
2023-05-09 21:01:59,CY2401,CY401,22925.0,0.0,0.0,0.0,2,22920.0,22995.0,1,22925.0,23015.0,0.0,0.0,0.0,0.0,33
2023-05-09 21:02:01,CY2401,CY401,22925.0,0.0,0.0,0.0,1,22920.0,22995.0,1,22925.0,23015.0,0.0,0.0,0.0,0.0,33
2023-05-09 21:02:01,CY2401,CY401,22925.0,0.0,0.0,0.0,1,22920.0,22990.0,1,22925.0,23015.0,0.0,0.0,0.0,0.0,33
2023-05-09 21:02:03,CY2401,CY401,22925.0,0.0,0.0,0.0,1,22920.0,22995.0,1,22925.0,23015.0,0.0,0.0,0.0,0.0,33
2023-05-09 21:02:04,CY2401,CY401,22925.0,0.0,0.0,0.0,1,22920.0,22990.0,1,22925.0,23015.0,0.0,0.0,0.0,0.0,33
2023-05-09 21:02:05,CY2401,CY401,22925.0,0.0,0.0,0.0,1,22920.0,22995.0,1,22925.0,23015.0,0.0,0.0,0.0,0.0,33
2023-05-09 21:02:05,CY2401,CY401,22925.0,0.0,0.0,0.0,2,22920.0,22995.0,1,22925.0,23015.0,0.0,0.0,0.0,0.0,33
2023-05-09 21:02:07,CY2401,CY401,22925.0,0.0,0.0,0.0,1,22920.0,22990.0,1,22925.0,23015.0,0.0,0.0,0.0,0.0,33
2023-05-09 21:02:08,CY2401,CY401,22925.0,0.0,0.0,0.0,1,22920.0,22995.0,1,22925.0,23015.0,0.0,0.0,0.0,0.0,33
2023-05-09 21:02:09,CY2401,CY401,22925.0,0.0,0.0,0.0,1,22920.0,22990.0,1,22925.0,23015.0,0.0,0.0,0.0,0.0,33
2023-05-09 21:02:14,CY2401,CY401,22925.0,0.0,0.0,0.0,1,22920.0,22995.0,1,22925.0,23015.0,0.0,0.0,0.0,0.0,33
2023-05-09 21:02:15,CY2401,CY401,22925.0,0.0,0.0,0.0,2,22920.0,22995.0,1,22925.0,23015.0,0.0,0.0,0.0,0.0,33
2023-05-09 21:02:17,CY2401,CY401,22925.0,0.0,0.0,0.0,2,22920.0,23000.0,1,22925.0,23015.0,0.0,0.0,0.0,0.0,33
2023-05-09 21:02:17,CY2401,CY401,22925.0,0.0,0.0,0.0,2,22920.0,22995.0,1,22925.0,23015.0,0.0,0.0,0.0,0.0,33
2023-05-09 21:02:20,CY2401,CY401,22925.0,0.0,0.0,0.0,1,22925.0,23000.0,1,22925.0,23015.0,0.0,0.0,0.0,0.0,33
2023-05-09 21:02:21,CY2401,CY401,22925.0,0.0,0.0,0.0,2,22920.0,22995.0,1,22925.0,23015.0,0.0,0.0,0.0,0.0,33
2023-05-09 21:02:21,CY2401,CY401,22925.0,0.0,0.0,0.0,2,22920.0,23000.0,1,22925.0,23015.0,0.0,0.0,0.0,0.0,33
2023-05-09 21:02:22,CY2401,CY401,22925.0,0.0,0.0,0.0,1,22925.0,23000.0,1,22925.0,23015.0,0.0,0.0,0.0,0.0,33
2023-05-09 21:02:23,CY2401,CY401,22925.0,0.0,0.0,0.0,2,22920.0,22995.0,1,22925.0,23015.0,0.0,0.0,0.0,0.0,33
2023-05-09 21:02:26,CY2401,CY401,22925.0,0.0,0.0,0.0,1,22925.0,23000.0,1,22925.0,23015.0,0.0,0.0,0.0,0.0,33
2023-05-09 21:02:27,CY2401,CY401,22925.0,0.0,0.0,0.0,2,22920.0,23000.0,1,22925.0,23015.0,0.0,0.0,0.0,0.0,33
2023-05-09 21:02:29,CY2401,CY401,22925.0,0.0,0.0,0.0,1,22925.0,23005.0,1,22925.0,23015.0,0.0,0.0,0.0,0.0,33
2023-05-09 21:02:29,CY2401,CY401,22925.0,0.0,0.0,0.0,1,22930.0,23005.0,1,22925.0,23015.0,0.0,0.0,0.0,0.0,33
2023-05-09 21:02:34,CY2401,CY401,22925.0,0.0,0.0,0.0,1,22930.0,23010.0,1,22925.0,23015.0,0.0,0.0,0.0,0.0,33
2023-05-09 21:02:35,CY2401,CY401,22925.0,0.0,0.0,0.0,1,22935.0,23010.0,1,22925.0,23015.0,0.0,0.0,0.0,0.0,33
2023-05-09 21:02:38,CY2401,CY401,22925.0,0.0,0.0,0.0,1,22930.0,23005.0,1,22925.0,23015.0,0.0,0.0,0.0,0.0,33
2023-05-09 21:02:41,CY2401,CY401,22925.0,0.0,0.0,0.0,1,22925.0,23005.0,1,22925.0,23015.0,0.0,0.0,0.0,0.0,33
2023-05-09 21:02:43,CY2401,CY401,22925.0,0.0,0.0,0.0,1,22930.0,23005.0,1,22925.0,23015.0,0.0,0.0,0.0,0.0,33
2023-05-09 21:02:44,CY2401,CY401,22925.0,0.0,0.0,0.0,1,22925.0,23005.0,1,22925.0,23015.0,0.0,0.0,0.0,0.0,33
2023-05-09 21:02:45,CY2401,CY401,22925.0,0.0,0.0,0.0,1,22925.0,23000.0,1,22925.0,23015.0,0.0,0.0,0.0,0.0,33
2023-05-09 21:02:46,CY2401,CY401,22925.0,0.0,0.0,0.0,1,22925.0,23005.0,1,22925.0,23015.0,0.0,0.0,0.0,0.0,33
2023-05-09 21:02:47,CY2401,CY401,22925.0,0.0,0.0,0.0,1,22925.0,23000.0,1,22925.0,23015.0,0.0,0.0,0.0,0.0,33
2023-05-09 21:02:48,CY2401,CY401,22925.0,0.0,0.0,0.0,1,22930.0,23005.0,1,22925.0,23015.0,0.0,0.0,0.0,0.0,33
2023-05-09 21:02:48,CY2401,CY401,22925.0,0.0,0.0,0.0,1,22925.0,23000.0,1,22925.0,23015.0,0.0,0.0,0.0,0.0,33
2023-05-09 21:02:50,CY2401,CY401,22925.0,0.0,0.0,0.0,1,22930.0,23005.0,1,22925.0,23015.0,0.0,0.0,0.0,0.0,33
2023-05-09 21:02:51,CY2401,CY401,22925.0,0.0,0.0,0.0,1,22925.0,23005.0,1,22925.0,23015.0,0.0,0.0,0.0,0.0,33
2023-05-09 21:02:53,CY2401,CY401,22925.0,0.0,0.0,0.0,1,22930.0,23005.0,1,22925.0,23015.0,0.0,0.0,0.0,0.0,33
2023-05-09 21:02:55,CY2401,CY401,22925.0,0.0,0.0,0.0,1,22930.0,23010.0,1,22925.0,23015.0,0.0,0.0,0.0,0.0,33
2023-05-09 21:02:57,CY2401,CY401,22925.0,0.0,0.0,0.0,1,22935.0,23010.0,1,22925.0,23015.0,0.0,0.0,0.0,0.0,33
2023-05-09 21:03:00,CY2401,CY401,22925.0,0.0,0.0,0.0,1,22930.0,23010.0,1,22925.0,23015.0,0.0,0.0,0.0,0.0,33
2023-05-09 21:03:02,CY2401,CY401,22925.0,0.0,0.0,0.0,1,22930.0,23005.0,1,22925.0,23015.0,0.0,0.0,0.0,0.0,33
2023-05-09 21:03:04,CY2401,CY401,22925.0,0.0,0.0,0.0,1,22925.0,23005.0,1,22925.0,23015.0,0.0,0.0,0.0,0.0,33
2023-05-09 21:03:04,CY2401,CY401,22925.0,0.0,0.0,0.0,1,22935.0,23010.0,1,22925.0,23015.0,0.0,0.0,0.0,0.0,33
2023-05-09 21:03:05,CY2401,CY401,22925.0,0.0,0.0,0.0,1,22930.0,23005.0,1,22925.0,23015.0,0.0,0.0,0.0,0.0,33
2023-05-09 21:03:08,CY2401,CY401,22925.0,0.0,0.0,0.0,1,22935.0,23010.0,1,22925.0,23015.0,0.0,0.0,0.0,0.0,33
2023-05-09 21:03:10,CY2401,CY401,22925.0,0.0,0.0,0.0,1,22935.0,23015.0,1,22925.0,23015.0,0.0,0.0,0.0,0.0,33
2023-05-09 21:03:10,CY2401,CY401,22925.0,0.0,0.0,0.0,1,22940.0,23015.0,1,22925.0,23015.0,0.0,0.0,0.0,0.0,33
2023-05-09 21:03:11,CY2401,CY401,22925.0,0.0,0.0,0.0,1,22935.0,23015.0,1,22925.0,23015.0,0.0,0.0,0.0,0.0,33
2023-05-09 21:03:11,CY2401,CY401,22925.0,0.0,0.0,0.0,2,22940.0,23015.0,1,22925.0,23015.0,0.0,0.0,0.0,0.0,33
2023-05-09 21:03:12,CY2401,CY401,22925.0,0.0,0.0,0.0,1,22940.0,23015.0,1,22925.0,23015.0,0.0,0.0,0.0,0.0,33
2023-05-09 21:03:12,CY2401,CY401,22925.0,0.0,0.0,0.0,2,22940.0,23015.0,1,22925.0,23015.0,0.0,0.0,0.0,0.0,33
2023-05-09 21:03:13,CY2401,CY401,22925.0,0.0,0.0,0.0,1,22940.0,23015.0,1,22925.0,23015.0,0.0,0.0,0.0,0.0,33
2023-05-09 21:03:13,CY2401,CY401,22925.0,0.0,0.0,0.0,2,22940.0,23015.0,1,22925.0,23015.0,0.0,0.0,0.0,0.0,33
2023-05-09 21:03:22,CY2401,CY401,22925.0,0.0,0.0,0.0,1,22940.0,23010.0,1,22925.0,23015.0,0.0,0.0,0.0,0.0,33
2023-05-09 21:03:23,CY2401,CY401,22925.0,0.0,0.0,0.0,1,22940.0,23015.0,1,22925.0,23015.0,0.0,0.0,0.0,0.0,33
2023-05-09 21:03:23,CY2401,CY401,22925.0,0.0,0.0,0.0,1,22940.0,23010.0,1,22925.0,23015.0,0.0,0.0,0.0,0.0,33
2023-05-09 21:03:25,CY2401,CY401,22925.0,0.0,0.0,0.0,1,22940.0,23015.0,1,22925.0,23015.0,0.0,0.0,0.0,0.0,33
2023-05-09 21:03:25,CY2401,CY401,22925.0,0.0,0.0,0.0,1,22940.0,23010.0,1,22925.0,23015.0,0.0,0.0,0.0,0.0,33
2023-05-09 21:03:25,CY2401,CY401,22925.0,0.0,0.0,0.0,2,22940.0,23015.0,1,22925.0,23015.0,0.0,0.0,0.0,0.0,33
2023-05-09 21:03:26,CY2401,CY401,22925.0,0.0,0.0,0.0,1,22940.0,23010.0,1,22925.0,23015.0,0.0,0.0,0.0,0.0,33
2023-05-09 21:03:31,CY2401,CY401,22925.0,0.0,0.0,0.0,1,22940.0,23005.0,1,22925.0,23015.0,0.0,0.0,0.0,0.0,33
2023-05-09 21:03:31,CY2401,CY401,22925.0,0.0,0.0,0.0,1,22940.0,23010.0,1,22925.0,23015.0,0.0,0.0,0.0,0.0,33
2023-05-09 21:03:33,CY2401,CY401,22925.0,0.0,0.0,0.0,1,22940.0,23005.0,1,22925.0,23015.0,0.0,0.0,0.0,0.0,33
2023-05-09 21:03:33,CY2401,CY401,22925.0,0.0,0.0,0.0,1,22940.0,23010.0,1,22925.0,23015.0,0.0,0.0,0.0,0.0,33
2023-05-09 21:03:40,CY2401,CY401,22925.0,0.0,0.0,0.0,1,22940.0,23005.0,1,22925.0,23015.0,0.0,0.0,0.0,0.0,33
2023-05-09 21:03:46,CY2401,CY401,22925.0,0.0,0.0,0.0,1,22940.0,23000.0,1,22925.0,23015.0,0.0,0.0,0.0,0.0,33
2023-05-09 21:03:49,CY2401,CY401,22925.0,0.0,0.0,0.0,1,22940.0,23005.0,1,22925.0,23015.0,0.0,0.0,0.0,0.0,33
2023-05-09 21:03:50,CY2401,CY401,22925.0,0.0,0.0,0.0,1,22940.0,23000.0,1,22925.0,23015.0,0.0,0.0,0.0,0.0,33
2023-05-09 21:03:51,CY2401,CY401,22925.0,0.0,0.0,0.0,1,22940.0,23005.0,1,22925.0,23015.0,0.0,0.0,0.0,0.0,33
2023-05-09 21:03:52,CY2401,CY401,22925.0,0.0,0.0,0.0,1,22940.0,23000.0,1,22925.0,23015.0,0.0,0.0,0.0,0.0,33
2023-05-09 21:03:53,CY2401,CY401,22925.0,0.0,0.0,0.0,1,22940.0,22995.0,1,22925.0,23015.0,0.0,0.0,0.0,0.0,33
2023-05-09 21:04:00,CY2401,CY401,22925.0,0.0,0.0,0.0,1,22940.0,22990.0,1,22925.0,23015.0,0.0,0.0,0.0,0.0,33
2023-05-09 21:04:02,CY2401,CY401,22925.0,0.0,0.0,0.0,1,22940.0,22995.0,1,22925.0,23015.0,0.0,0.0,0.0,0.0,33
2023-05-09 21:04:05,CY2401,CY401,22925.0,0.0,0.0,0.0,1,22940.0,23000.0,1,22925.0,23015.0,0.0,0.0,0.0,0.0,33
2023-05-09 21:04:05,CY2401,CY401,22925.0,0.0,0.0,0.0,1,22940.0,22995.0,1,22925.0,23015.0,0.0,0.0,0.0,0.0,33
2023-05-09 21:04:06,CY2401,CY401,22925.0,0.0,0.0,0.0,1,22940.0,23000.0,1,22925.0,23015.0,0.0,0.0,0.0,0.0,33
2023-05-09 21:04:19,CY2401,CY401,22925.0,0.0,0.0,0.0,1,22940.0,22995.0,1,22925.0,23015.0,0.0,0.0,0.0,0.0,33
2023-05-09 21:04:19,CY2401,CY401,22925.0,0.0,0.0,0.0,1,22940.0,23000.0,1,22925.0,23015.0,0.0,0.0,0.0,0.0,33
2023-05-09 21:04:22,CY2401,CY401,22925.0,0.0,0.0,0.0,1,22940.0,22995.0,1,22925.0,23015.0,0.0,0.0,0.0,0.0,33
2023-05-09 21:04:24,CY2401,CY401,22925.0,0.0,0.0,0.0,1,22940.0,22990.0,1,22925.0,23015.0,0.0,0.0,0.0,0.0,33
2023-05-09 21:04:26,CY2401,CY401,22925.0,0.0,0.0,0.0,1,22940.0,22995.0,1,22925.0,23015.0,0.0,0.0,0.0,0.0,33
2023-05-09 21:04:27,CY2401,CY401,22925.0,0.0,0.0,0.0,1,22940.0,23000.0,1,22925.0,23015.0,0.0,0.0,0.0,0.0,33
2023-05-09 21:04:27,CY2401,CY401,22925.0,0.0,0.0,0.0,1,22940.0,22995.0,1,22925.0,23015.0,0.0,0.0,0.0,0.0,33
2023-05-09 21:04:29,CY2401,CY401,22925.0,0.0,0.0,0.0,1,22940.0,23000.0,1,22925.0,23015.0,0.0,0.0,0.0,0.0,33
2023-05-09 21:04:34,CY2401,CY401,22925.0,0.0,0.0,0.0,1,22940.0,23005.0,1,22925.0,23015.0,0.0,0.0,0.0,0.0,33
2023-05-09 21:04:41,CY2401,CY401,22925.0,0.0,0.0,0.0,1,22940.0,23000.0,1,22925.0,23015.0,0.0,0.0,0.0,0.0,33
2023-05-09 21:04:51,CY2401,CY401,22925.0,0.0,0.0,0.0,1,22940.0,23005.0,1,22925.0,23015.0,0.0,0.0,0.0,0.0,33
2023-05-09 21:04:51,CY2401,CY401,22925.0,0.0,0.0,0.0,1,22940.0,23000.0,1,22925.0,23015.0,0.0,0.0,0.0,0.0,33
2023-05-09 21:05:00,CY2401,CY401,22925.0,0.0,0.0,0.0,1,22940.0,22995.0,1,22925.0,23015.0,0.0,0.0,0.0,0.0,33
2023-05-09 21:05:04,CY2401,CY401,22925.0,0.0,0.0,0.0,1,22940.0,22990.0,1,22925.0,23015.0,0.0,0.0,0.0,0.0,33
2023-05-09 21:05:08,CY2401,CY401,22925.0,0.0,0.0,0.0,1,22940.0,22985.0,1,22925.0,23015.0,0.0,0.0,0.0,0.0,33
2023-05-09 21:05:09,CY2401,CY401,22925.0,0.0,0.0,0.0,1,22940.0,22980.0,1,22925.0,23015.0,0.0,0.0,0.0,0.0,33
2023-05-09 21:05:11,CY2401,CY401,22925.0,0.0,0.0,0.0,1,22940.0,22985.0,1,22925.0,23015.0,0.0,0.0,0.0,0.0,33
2023-05-09 21:05:13,CY2401,CY401,22925.0,0.0,0.0,0.0,1,22940.0,22990.0,1,22925.0,23015.0,0.0,0.0,0.0,0.0,33
2023-05-09 21:05:21,CY2401,CY401,22925.0,0.0,0.0,0.0,1,22940.0,22995.0,1,22925.0,23015.0,0.0,0.0,0.0,0.0,33
2023-05-09 21:05:21,CY2401,CY401,22925.0,0.0,0.0,0.0,1,22940.0,22990.0,1,22925.0,23015.0,0.0,0.0,0.0,0.0,33
2023-05-09 21:05:22,CY2401,CY401,22925.0,0.0,0.0,0.0,1,22940.0,22995.0,1,22925.0,23015.0,0.0,0.0,0.0,0.0,33
2023-05-09 21:05:30,CY2401,CY401,22925.0,0.0,0.0,0.0,1,22940.0,22990.0,1,22925.0,23015.0,0.0,0.0,0.0,0.0,33
2023-05-09 21:05:30,CY2401,CY401,22925.0,0.0,0.0,0.0,1,22940.0,22995.0,1,22925.0,23015.0,0.0,0.0,0.0,0.0,33
2023-05-09 21:05:32,CY2401,CY401,22925.0,0.0,0.0,0.0,1,22940.0,22990.0,1,22925.0,23015.0,0.0,0.0,0.0,0.0,33
2023-05-09 21:05:32,CY2401,CY401,22925.0,0.0,0.0,0.0,1,22940.0,22985.0,1,22925.0,23015.0,0.0,0.0,0.0,0.0,33
2023-05-09 21:05:33,CY2401,CY401,22925.0,0.0,0.0,0.0,1,22940.0,22980.0,1,22925.0,23015.0,0.0,0.0,0.0,0.0,33
2023-05-09 21:05:43,CY2401,CY401,22925.0,0.0,0.0,0.0,1,22940.0,22985.0,1,22925.0,23015.0,0.0,0.0,0.0,0.0,33
2023-05-09 21:05:43,CY2401,CY401,22925.0,0.0,0.0,0.0,1,22940.0,22980.0,1,22925.0,23015.0,0.0,0.0,0.0,0.0,33
2023-05-09 21:05:47,CY2401,CY401,22925.0,0.0,0.0,0.0,1,22940.0,22975.0,1,22925.0,23015.0,0.0,0.0,0.0,0.0,33
2023-05-09 21:05:49,CY2401,CY401,22925.0,0.0,0.0,0.0,1,22940.0,22970.0,1,22925.0,23015.0,0.0,0.0,0.0,0.0,33
2023-05-09 21:05:50,CY2401,CY401,22925.0,0.0,0.0,0.0,1,22940.0,22975.0,1,22925.0,23015.0,0.0,0.0,0.0,0.0,33
2023-05-09 21:05:54,CY2401,CY401,22925.0,0.0,0.0,0.0,1,22940.0,22980.0,1,22925.0,23015.0,0.0,0.0,0.0,0.0,33
2023-05-09 21:05:57,CY2401,CY401,22925.0,0.0,0.0,0.0,1,22940.0,22985.0,1,22925.0,23015.0,0.0,0.0,0.0,0.0,33
2023-05-09 21:06:11,CY2401,CY401,22925.0,0.0,0.0,0.0,1,22940.0,22980.0,1,22925.0,23015.0,0.0,0.0,0.0,0.0,33
2023-05-09 21:06:12,CY2401,CY401,22925.0,0.0,0.0,0.0,1,22940.0,22985.0,1,22925.0,23015.0,0.0,0.0,0.0,0.0,33
2023-05-09 21:06:13,CY2401,CY401,22925.0,0.0,0.0,0.0,1,22940.0,22980.0,1,22925.0,23015.0,0.0,0.0,0.0,0.0,33
2023-05-09 21:06:13,CY2401,CY401,22925.0,0.0,0.0,0.0,1,22940.0,22985.0,1,22925.0,23015.0,0.0,0.0,0.0,0.0,33
2023-05-09 21:06:19,CY2401,CY401,22925.0,0.0,0.0,0.0,1,22940.0,22980.0,1,22925.0,23015.0,0.0,0.0,0.0,0.0,33
2023-05-09 21:06:21,CY2401,CY401,22925.0,0.0,0.0,0.0,1,22940.0,22975.0,1,22925.0,23015.0,0.0,0.0,0.0,0.0,33
2023-05-09 21:06:25,CY2401,CY401,22925.0,0.0,0.0,0.0,1,22940.0,22980.0,1,22925.0,23015.0,0.0,0.0,0.0,0.0,33
2023-05-09 21:06:27,CY2401,CY401,22925.0,0.0,0.0,0.0,1,22940.0,22975.0,1,22925.0,23015.0,0.0,0.0,0.0,0.0,33
2023-05-09 21:06:30,CY2401,CY401,22925.0,0.0,0.0,0.0,1,22940.0,22970.0,1,22925.0,23015.0,0.0,0.0,0.0,0.0,33
2023-05-09 21:06:33,CY2401,CY401,22925.0,0.0,0.0,0.0,1,22940.0,22975.0,1,22925.0,23015.0,0.0,0.0,0.0,0.0,33
2023-05-09 21:06:35,CY2401,CY401,22925.0,0.0,0.0,0.0,1,22940.0,22970.0,1,22925.0,23015.0,0.0,0.0,0.0,0.0,33
2023-05-09 21:06:36,CY2401,CY401,22925.0,0.0,0.0,0.0,1,22940.0,22975.0,1,22925.0,23015.0,0.0,0.0,0.0,0.0,33
2023-05-09 21:06:37,CY2401,CY401,22925.0,0.0,0.0,0.0,1,22940.0,22970.0,1,22925.0,23015.0,0.0,0.0,0.0,0.0,33
2023-05-09 21:06:39,CY2401,CY401,22925.0,0.0,0.0,0.0,1,22940.0,22965.0,1,22925.0,23015.0,0.0,0.0,0.0,0.0,33
2023-05-09 21:06:39,CY2401,CY401,22925.0,0.0,0.0,0.0,2,22900.0,22970.0,1,22925.0,23015.0,0.0,0.0,0.0,0.0,33
2023-05-09 21:06:43,CY2401,CY401,22925.0,0.0,0.0,0.0,2,22895.0,22960.0,1,22925.0,23015.0,0.0,0.0,0.0,0.0,33
2023-05-09 21:06:44,CY2401,CY401,22925.0,0.0,0.0,0.0,2,22900.0,22965.0,1,22925.0,23015.0,0.0,0.0,0.0,0.0,33
2023-05-09 21:06:45,CY2401,CY401,22925.0,0.0,0.0,0.0,2,22895.0,22965.0,1,22925.0,23015.0,0.0,0.0,0.0,0.0,33
2023-05-09 21:06:45,CY2401,CY401,22925.0,0.0,0.0,0.0,1,22900.0,22960.0,1,22925.0,23015.0,0.0,0.0,0.0,0.0,33
2023-05-09 21:06:46,CY2401,CY401,22925.0,0.0,0.0,0.0,1,22900.0,22965.0,1,22925.0,23015.0,0.0,0.0,0.0,0.0,33
2023-05-09 21:06:48,CY2401,CY401,22925.0,0.0,0.0,0.0,1,22900.0,22960.0,1,22925.0,23015.0,0.0,0.0,0.0,0.0,33
2023-05-09 21:06:48,CY2401,CY401,22925.0,0.0,0.0,0.0,1,22900.0,22965.0,1,22925.0,23015.0,0.0,0.0,0.0,0.0,33
2023-05-09 21:06:48,CY2401,CY401,22925.0,0.0,0.0,0.0,1,22900.0,22960.0,1,22925.0,23015.0,0.0,0.0,0.0,0.0,33
2023-05-09 21:06:50,CY2401,CY401,22925.0,0.0,0.0,0.0,1,22900.0,22955.0,1,22925.0,23015.0,0.0,0.0,0.0,0.0,33
2023-05-09 21:06:52,CY2401,CY401,22925.0,0.0,0.0,0.0,1,22900.0,22950.0,1,22925.0,23015.0,0.0,0.0,0.0,0.0,33
2023-05-09 21:06:52,CY2401,CY401,22925.0,0.0,0.0,0.0,1,22900.0,22955.0,1,22925.0,23015.0,0.0,0.0,0.0,0.0,33
2023-05-09 21:06:54,CY2401,CY401,22925.0,0.0,0.0,0.0,1,22900.0,22960.0,1,22925.0,23015.0,0.0,0.0,0.0,0.0,33
2023-05-09 21:06:54,CY2401,CY401,22925.0,0.0,0.0,0.0,1,22900.0,22955.0,1,22925.0,23015.0,0.0,0.0,0.0,0.0,33
2023-05-09 21:06:55,CY2401,CY401,22925.0,0.0,0.0,0.0,1,22900.0,22960.0,1,22925.0,23015.0,0.0,0.0,0.0,0.0,33
2023-05-09 21:06:55,CY2401,CY401,22925.0,0.0,0.0,0.0,1,22900.0,22955.0,1,22925.0,23015.0,0.0,0.0,0.0,0.0,33
2023-05-09 21:06:59,CY2401,CY401,22925.0,0.0,0.0,0.0,1,22900.0,22950.0,1,22925.0,23015.0,0.0,0.0,0.0,0.0,33
2023-05-09 21:07:02,CY2401,CY401,22925.0,0.0,0.0,0.0,1,22900.0,22945.0,1,22925.0,23015.0,0.0,0.0,0.0,0.0,33
2023-05-09 21:07:03,CY2401,CY401,22925.0,0.0,0.0,0.0,1,22900.0,22940.0,1,22925.0,23015.0,0.0,0.0,0.0,0.0,33
2023-05-09 21:07:04,CY2401,CY401,22925.0,0.0,0.0,0.0,1,22900.0,22950.0,1,22925.0,23015.0,0.0,0.0,0.0,0.0,33
2023-05-09 21:07:05,CY2401,CY401,22925.0,0.0,0.0,0.0,1,22900.0,22945.0,1,22925.0,23015.0,0.0,0.0,0.0,0.0,33
2023-05-09 21:07:05,CY2401,CY401,22925.0,0.0,0.0,0.0,1,22900.0,22950.0,1,22925.0,23015.0,0.0,0.0,0.0,0.0,33
2023-05-09 21:07:06,CY2401,CY401,22925.0,0.0,0.0,0.0,1,22900.0,22945.0,1,22925.0,23015.0,0.0,0.0,0.0,0.0,33
2023-05-09 21:07:08,CY2401,CY401,22925.0,0.0,0.0,0.0,1,22900.0,22940.0,1,22925.0,23015.0,0.0,0.0,0.0,0.0,33
2023-05-09 21:07:12,CY2401,CY401,22925.0,0.0,0.0,0.0,1,22900.0,22945.0,1,22925.0,23015.0,0.0,0.0,0.0,0.0,33
2023-05-09 21:07:20,CY2401,CY401,22925.0,0.0,0.0,0.0,1,22900.0,22935.0,1,22925.0,23015.0,0.0,0.0,0.0,0.0,33
2023-05-09 21:07:24,CY2401,CY401,22925.0,0.0,0.0,0.0,1,22900.0,22930.0,1,22925.0,23015.0,0.0,0.0,0.0,0.0,33
2023-05-09 21:07:24,CY2401,CY401,22925.0,0.0,0.0,0.0,1,22900.0,22935.0,1,22925.0,23015.0,0.0,0.0,0.0,0.0,33
2023-05-09 21:07:26,CY2401,CY401,22925.0,0.0,0.0,0.0,1,22900.0,22930.0,1,22925.0,23015.0,0.0,0.0,0.0,0.0,33
2023-05-09 21:07:27,CY2401,CY401,22925.0,0.0,0.0,0.0,1,22900.0,22935.0,1,22925.0,23015.0,0.0,0.0,0.0,0.0,33
2023-05-09 21:07:28,CY2401,CY401,22925.0,0.0,0.0,0.0,1,22900.0,22930.0,1,22925.0,23015.0,0.0,0.0,0.0,0.0,33
2023-05-09 21:07:30,CY2401,CY401,22925.0,0.0,0.0,0.0,1,22900.0,22935.0,1,22925.0,23015.0,0.0,0.0,0.0,0.0,33
2023-05-09 21:07:35,CY2401,CY401,22925.0,0.0,0.0,0.0,1,22900.0,22940.0,1,22925.0,23015.0,0.0,0.0,0.0,0.0,33
2023-05-09 21:07:36,CY2401,CY401,22925.0,0.0,0.0,0.0,1,22900.0,22945.0,1,22925.0,23015.0,0.0,0.0,0.0,0.0,33
2023-05-09 21:07:40,CY2401,CY401,22925.0,0.0,0.0,0.0,1,22900.0,22950.0,1,22925.0,23015.0,0.0,0.0,0.0,0.0,33
2023-05-09 21:07:46,CY2401,CY401,22925.0,0.0,0.0,0.0,1,22900.0,22945.0,1,22925.0,23015.0,0.0,0.0,0.0,0.0,33
2023-05-09 21:07:46,CY2401,CY401,22925.0,0.0,0.0,0.0,1,22900.0,22950.0,1,22925.0,23015.0,0.0,0.0,0.0,0.0,33
2023-05-09 21:07:48,CY2401,CY401,22925.0,0.0,0.0,0.0,1,22900.0,22945.0,1,22925.0,23015.0,0.0,0.0,0.0,0.0,33
2023-05-09 21:07:49,CY2401,CY401,22925.0,0.0,0.0,0.0,1,22900.0,22950.0,1,22925.0,23015.0,0.0,0.0,0.0,0.0,33
2023-05-09 21:08:03,CY2401,CY401,22925.0,0.0,0.0,0.0,3,22900.0,22955.0,1,22925.0,23015.0,0.0,0.0,0.0,0.0,33
2023-05-09 21:08:06,CY2401,CY401,22925.0,0.0,0.0,0.0,1,22900.0,22955.0,1,22925.0,23015.0,0.0,0.0,0.0,0.0,33
2023-05-09 21:08:09,CY2401,CY401,22925.0,0.0,0.0,0.0,1,22900.0,22950.0,1,22925.0,23015.0,0.0,0.0,0.0,0.0,33
2023-05-09 21:08:11,CY2401,CY401,22925.0,0.0,0.0,0.0,1,22900.0,22955.0,1,22925.0,23015.0,0.0,0.0,0.0,0.0,33
2023-05-09 21:08:11,CY2401,CY401,22925.0,0.0,0.0,0.0,1,22900.0,22950.0,1,22925.0,23015.0,0.0,0.0,0.0,0.0,33
2023-05-09 21:08:15,CY2401,CY401,22925.0,0.0,0.0,0.0,1,22900.0,22955.0,1,22925.0,23015.0,0.0,0.0,0.0,0.0,33
2023-05-09 21:08:18,CY2401,CY401,22925.0,0.0,0.0,0.0,3,22900.0,22955.0,1,22925.0,23015.0,0.0,0.0,0.0,0.0,33
2023-05-09 21:08:19,CY2401,CY401,22925.0,0.0,0.0,0.0,3,22900.0,22960.0,1,22925.0,23015.0,0.0,0.0,0.0,0.0,33
2023-05-09 21:08:20,CY2401,CY401,22925.0,0.0,0.0,0.0,3,22900.0,22955.0,1,22925.0,23015.0,0.0,0.0,0.0,0.0,33
2023-05-09 21:08:24,CY2401,CY401,22925.0,0.0,0.0,0.0,1,22900.0,22950.0,1,22925.0,23015.0,0.0,0.0,0.0,0.0,33
2023-05-09 21:08:27,CY2401,CY401,22925.0,0.0,0.0,0.0,1,22900.0,22955.0,1,22925.0,23015.0,0.0,0.0,0.0,0.0,33
2023-05-09 21:08:28,CY2401,CY401,22925.0,0.0,0.0,0.0,3,22900.0,22955.0,1,22925.0,23015.0,0.0,0.0,0.0,0.0,33
2023-05-09 21:08:28,CY2401,CY401,22925.0,0.0,0.0,0.0,1,22900.0,22955.0,1,22925.0,23015.0,0.0,0.0,0.0,0.0,33
2023-05-09 21:08:30,CY2401,CY401,22925.0,0.0,0.0,0.0,1,22900.0,22950.0,1,22925.0,23015.0,0.0,0.0,0.0,0.0,33
2023-05-09 21:08:35,CY2401,CY401,22925.0,0.0,0.0,0.0,1,22900.0,22955.0,1,22925.0,23015.0,0.0,0.0,0.0,0.0,33
2023-05-09 21:08:36,CY2401,CY401,22925.0,0.0,0.0,0.0,1,22900.0,22950.0,1,22925.0,23015.0,0.0,0.0,0.0,0.0,33
2023-05-09 21:08:50,CY2401,CY401,22925.0,0.0,0.0,0.0,1,22900.0,22945.0,1,22925.0,23015.0,0.0,0.0,0.0,0.0,33
2023-05-09 21:08:56,CY2401,CY401,22925.0,0.0,0.0,0.0,1,22900.0,22950.0,1,22925.0,23015.0,0.0,0.0,0.0,0.0,33
2023-05-09 21:09:00,CY2401,CY401,22925.0,0.0,0.0,0.0,3,22900.0,22955.0,1,22925.0,23015.0,0.0,0.0,0.0,0.0,33
2023-05-09 21:09:01,CY2401,CY401,22925.0,0.0,0.0,0.0,1,22900.0,22955.0,1,22925.0,23015.0,0.0,0.0,0.0,0.0,33
2023-05-09 21:09:01,CY2401,CY401,22925.0,0.0,0.0,0.0,3,22900.0,22955.0,1,22925.0,23015.0,0.0,0.0,0.0,0.0,33
2023-05-09 21:09:05,CY2401,CY401,22925.0,0.0,0.0,0.0,3,22900.0,22960.0,1,22925.0,23015.0,0.0,0.0,0.0,0.0,33
2023-05-09 21:09:06,CY2401,CY401,22925.0,0.0,0.0,0.0,2,22905.0,22960.0,1,22925.0,23015.0,0.0,0.0,0.0,0.0,33
2023-05-09 21:09:28,CY2401,CY401,22925.0,0.0,0.0,0.0,2,22905.0,22965.0,1,22925.0,23015.0,0.0,0.0,0.0,0.0,33
2023-05-09 21:09:29,CY2401,CY401,22925.0,0.0,0.0,0.0,2,22905.0,22960.0,1,22925.0,23015.0,0.0,0.0,0.0,0.0,33
2023-05-09 21:09:30,CY2401,CY401,22925.0,0.0,0.0,0.0,2,22905.0,22965.0,1,22925.0,23015.0,0.0,0.0,0.0,0.0,33
2023-05-09 21:09:34,CY2401,CY401,22925.0,0.0,0.0,0.0,2,22910.0,22965.0,1,22925.0,23015.0,0.0,0.0,0.0,0.0,33
2023-05-09 21:09:34,CY2401,CY401,22925.0,0.0,0.0,0.0,2,22905.0,22965.0,1,22925.0,23015.0,0.0,0.0,0.0,0.0,33
2023-05-09 21:09:34,CY2401,CY401,22925.0,0.0,0.0,0.0,2,22910.0,22965.0,1,22925.0,23015.0,0.0,0.0,0.0,0.0,33
2023-05-09 21:09:37,CY2401,CY401,22925.0,0.0,0.0,0.0,2,22905.0,22965.0,1,22925.0,23015.0,0.0,0.0,0.0,0.0,33
2023-05-09 21:09:38,CY2401,CY401,22925.0,0.0,0.0,0.0,2,22905.0,22960.0,1,22925.0,23015.0,0.0,0.0,0.0,0.0,33
2023-05-09 21:10:07,CY2401,CY401,22925.0,0.0,0.0,0.0,2,22905.0,22965.0,1,22925.0,23015.0,0.0,0.0,0.0,0.0,33
2023-05-09 21:10:08,CY2401,CY401,22925.0,0.0,0.0,0.0,2,22910.0,22965.0,1,22925.0,23015.0,0.0,0.0,0.0,0.0,33
2023-05-09 21:10:20,CY2401,CY401,22925.0,0.0,0.0,0.0,1,22915.0,22965.0,1,22925.0,23015.0,0.0,0.0,0.0,0.0,33
2023-05-09 21:10:23,CY2401,CY401,22925.0,0.0,0.0,0.0,3,22915.0,22970.0,1,22925.0,23015.0,0.0,0.0,0.0,0.0,33
2023-05-09 21:10:31,CY2401,CY401,22925.0,0.0,0.0,0.0,1,22915.0,22965.0,1,22925.0,23015.0,0.0,0.0,0.0,0.0,33
2023-05-09 21:10:32,CY2401,CY401,22925.0,0.0,0.0,0.0,1,22915.0,22970.0,1,22925.0,23015.0,0.0,0.0,0.0,0.0,33
2023-05-09 21:10:34,CY2401,CY401,22925.0,0.0,0.0,0.0,3,22915.0,22970.0,1,22925.0,23015.0,0.0,0.0,0.0,0.0,33
2023-05-09 21:10:34,CY2401,CY401,22925.0,0.0,0.0,0.0,1,22915.0,22970.0,1,22925.0,23015.0,0.0,0.0,0.0,0.0,33
2023-05-09 21:10:37,CY2401,CY401,22925.0,0.0,0.0,0.0,3,22915.0,22970.0,1,22925.0,23015.0,0.0,0.0,0.0,0.0,33
2023-05-09 21:10:38,CY2401,CY401,22925.0,0.0,0.0,0.0,1,22915.0,22970.0,1,22925.0,23015.0,0.0,0.0,0.0,0.0,33
2023-05-09 21:10:40,CY2401,CY401,22925.0,0.0,0.0,0.0,3,22915.0,22970.0,1,22925.0,23015.0,0.0,0.0,0.0,0.0,33
2023-05-09 21:10:44,CY2401,CY401,22925.0,0.0,0.0,0.0,1,22915.0,22970.0,1,22925.0,23015.0,0.0,0.0,0.0,0.0,33
2023-05-09 21:10:45,CY2401,CY401,22925.0,0.0,0.0,0.0,3,22915.0,22970.0,1,22925.0,23015.0,0.0,0.0,0.0,0.0,33
2023-05-09 21:10:46,CY2401,CY401,22925.0,0.0,0.0,0.0,1,22915.0,22970.0,1,22925.0,23015.0,0.0,0.0,0.0,0.0,33
2023-05-09 21:10:46,CY2401,CY401,22925.0,0.0,0.0,0.0,3,22915.0,22970.0,1,22925.0,23015.0,0.0,0.0,0.0,0.0,33
2023-05-09 21:10:47,CY2401,CY401,22925.0,0.0,0.0,0.0,1,22915.0,22970.0,1,22925.0,23015.0,0.0,0.0,0.0,0.0,33
2023-05-09 21:10:47,CY2401,CY401,22925.0,0.0,0.0,0.0,1,22915.0,22965.0,1,22925.0,23015.0,0.0,0.0,0.0,0.0,33
2023-05-09 21:10:50,CY2401,CY401,22925.0,0.0,0.0,0.0,1,22915.0,22970.0,1,22925.0,23015.0,0.0,0.0,0.0,0.0,33
2023-05-09 21:10:50,CY2401,CY401,22925.0,0.0,0.0,0.0,1,22915.0,22965.0,1,22925.0,23015.0,0.0,0.0,0.0,0.0,33
2023-05-09 21:10:52,CY2401,CY401,22925.0,0.0,0.0,0.0,1,22915.0,22970.0,1,22925.0,23015.0,0.0,0.0,0.0,0.0,33
2023-05-09 21:10:54,CY2401,CY401,22925.0,0.0,0.0,0.0,3,22915.0,22970.0,1,22925.0,23015.0,0.0,0.0,0.0,0.0,33
2023-05-09 21:10:54,CY2401,CY401,22925.0,0.0,0.0,0.0,1,22915.0,22970.0,1,22925.0,23015.0,0.0,0.0,0.0,0.0,33
2023-05-09 21:10:56,CY2401,CY401,22925.0,0.0,0.0,0.0,1,22915.0,22965.0,1,22925.0,23015.0,0.0,0.0,0.0,0.0,33
2023-05-09 21:10:57,CY2401,CY401,22925.0,0.0,0.0,0.0,1,22915.0,22970.0,1,22925.0,23015.0,0.0,0.0,0.0,0.0,33
2023-05-09 21:10:58,CY2401,CY401,22925.0,0.0,0.0,0.0,1,22915.0,22965.0,1,22925.0,23015.0,0.0,0.0,0.0,0.0,33
2023-05-09 21:11:06,CY2401,CY401,22925.0,0.0,0.0,0.0,3,22915.0,22970.0,1,22925.0,23015.0,0.0,0.0,0.0,0.0,33
2023-05-09 21:11:07,CY2401,CY401,22925.0,0.0,0.0,0.0,3,22915.0,22975.0,1,22925.0,23015.0,0.0,0.0,0.0,0.0,33
2023-05-09 21:11:10,CY2401,CY401,22925.0,0.0,0.0,0.0,3,22915.0,22970.0,1,22925.0,23015.0,0.0,0.0,0.0,0.0,33
2023-05-09 21:11:11,CY2401,CY401,22925.0,0.0,0.0,0.0,3,22915.0,22975.0,1,22925.0,23015.0,0.0,0.0,0.0,0.0,33
2023-05-09 21:11:13,CY2401,CY401,22925.0,0.0,0.0,0.0,3,22915.0,22970.0,1,22925.0,23015.0,0.0,0.0,0.0,0.0,33
2023-05-09 21:11:16,CY2401,CY401,22925.0,0.0,0.0,0.0,3,22915.0,22975.0,1,22925.0,23015.0,0.0,0.0,0.0,0.0,33
2023-05-09 21:11:18,CY2401,CY401,22925.0,0.0,0.0,0.0,3,22915.0,22970.0,1,22925.0,23015.0,0.0,0.0,0.0,0.0,33
2023-05-09 21:11:18,CY2401,CY401,22925.0,0.0,0.0,0.0,2,22920.0,22975.0,1,22925.0,23015.0,0.0,0.0,0.0,0.0,33
2023-05-09 21:11:19,CY2401,CY401,22925.0,0.0,0.0,0.0,1,22920.0,22975.0,1,22925.0,23015.0,0.0,0.0,0.0,0.0,33
2023-05-09 21:11:20,CY2401,CY401,22925.0,0.0,0.0,0.0,3,22915.0,22975.0,1,22925.0,23015.0,0.0,0.0,0.0,0.0,33
2023-05-09 21:11:21,CY2401,CY401,22925.0,0.0,0.0,0.0,1,22920.0,22975.0,1,22925.0,23015.0,0.0,0.0,0.0,0.0,33
2023-05-09 21:11:21,CY2401,CY401,22925.0,0.0,0.0,0.0,2,22920.0,22975.0,1,22925.0,23015.0,0.0,0.0,0.0,0.0,33
2023-05-09 21:11:23,CY2401,CY401,22925.0,0.0,0.0,0.0,2,22920.0,22980.0,1,22925.0,23015.0,0.0,0.0,0.0,0.0,33
2023-05-09 21:11:23,CY2401,CY401,22925.0,0.0,0.0,0.0,2,22920.0,22975.0,1,22925.0,23015.0,0.0,0.0,0.0,0.0,33
2023-05-09 21:11:30,CY2401,CY401,22925.0,0.0,0.0,0.0,3,22915.0,22970.0,1,22925.0,23015.0,0.0,0.0,0.0,0.0,33
2023-05-09 21:11:32,CY2401,CY401,22925.0,0.0,0.0,0.0,3,22915.0,22975.0,1,22925.0,23015.0,0.0,0.0,0.0,0.0,33
2023-05-09 21:11:33,CY2401,CY401,22925.0,0.0,0.0,0.0,2,22920.0,22975.0,1,22925.0,23015.0,0.0,0.0,0.0,0.0,33
2023-05-09 21:11:33,CY2401,CY401,22925.0,0.0,0.0,0.0,3,22915.0,22975.0,1,22925.0,23015.0,0.0,0.0,0.0,0.0,33
2023-05-09 21:11:36,CY2401,CY401,22925.0,0.0,0.0,0.0,3,22915.0,22970.0,1,22925.0,23015.0,0.0,0.0,0.0,0.0,33
2023-05-09 21:11:40,CY2401,CY401,22925.0,0.0,0.0,0.0,3,22915.0,22975.0,1,22925.0,23015.0,0.0,0.0,0.0,0.0,33
2023-05-09 21:11:42,CY2401,CY401,22925.0,0.0,0.0,0.0,3,22915.0,22970.0,1,22925.0,23015.0,0.0,0.0,0.0,0.0,33
2023-05-09 21:11:58,CY2401,CY401,22925.0,0.0,0.0,0.0,3,22915.0,22975.0,1,22925.0,23015.0,0.0,0.0,0.0,0.0,33
2023-05-09 21:12:02,CY2401,CY401,22925.0,0.0,0.0,0.0,2,22920.0,22975.0,1,22925.0,23015.0,0.0,0.0,0.0,0.0,33
2023-05-09 21:12:04,CY2401,CY401,22925.0,0.0,0.0,0.0,3,22915.0,22975.0,1,22925.0,23015.0,0.0,0.0,0.0,0.0,33
2023-05-09 21:12:04,CY2401,CY401,22925.0,0.0,0.0,0.0,3,22915.0,22970.0,1,22925.0,23015.0,0.0,0.0,0.0,0.0,33
2023-05-09 21:12:15,CY2401,CY401,22925.0,0.0,0.0,0.0,3,22915.0,22975.0,1,22925.0,23015.0,0.0,0.0,0.0,0.0,33
2023-05-09 21:12:15,CY2401,CY401,22925.0,0.0,0.0,0.0,3,22915.0,22970.0,1,22925.0,23015.0,0.0,0.0,0.0,0.0,33
2023-05-09 21:12:17,CY2401,CY401,22925.0,0.0,0.0,0.0,3,22915.0,22975.0,1,22925.0,23015.0,0.0,0.0,0.0,0.0,33
2023-05-09 21:12:19,CY2401,CY401,22925.0,0.0,0.0,0.0,2,22920.0,22975.0,1,22925.0,23015.0,0.0,0.0,0.0,0.0,33
2023-05-09 21:12:27,CY2401,CY401,22925.0,0.0,0.0,0.0,2,22920.0,22980.0,1,22925.0,23015.0,0.0,0.0,0.0,0.0,33
2023-05-09 21:12:28,CY2401,CY401,22925.0,0.0,0.0,0.0,2,22925.0,22980.0,1,22925.0,23015.0,0.0,0.0,0.0,0.0,33
2023-05-09 21:12:29,CY2401,CY401,22925.0,0.0,0.0,0.0,2,22920.0,22980.0,1,22925.0,23015.0,0.0,0.0,0.0,0.0,33
2023-05-09 21:12:29,CY2401,CY401,22925.0,0.0,0.0,0.0,2,22925.0,22980.0,1,22925.0,23015.0,0.0,0.0,0.0,0.0,33
2023-05-09 21:12:30,CY2401,CY401,22925.0,0.0,0.0,0.0,2,22920.0,22975.0,1,22925.0,23015.0,0.0,0.0,0.0,0.0,33
2023-05-09 21:12:32,CY2401,CY401,22925.0,0.0,0.0,0.0,1,22925.0,22980.0,1,22925.0,23015.0,0.0,0.0,0.0,0.0,33
2023-05-09 21:12:32,CY2401,CY401,22925.0,0.0,0.0,0.0,2,22920.0,22975.0,1,22925.0,23015.0,0.0,0.0,0.0,0.0,33
2023-05-09 21:12:33,CY2401,CY401,22925.0,0.0,0.0,0.0,2,22920.0,22980.0,1,22925.0,23015.0,0.0,0.0,0.0,0.0,33
2023-05-09 21:12:38,CY2401,CY401,22925.0,0.0,0.0,0.0,2,22925.0,22980.0,1,22925.0,23015.0,0.0,0.0,0.0,0.0,33
2023-05-09 21:12:53,CY2401,CY401,22925.0,0.0,0.0,0.0,2,22930.0,22985.0,1,22925.0,23015.0,0.0,0.0,0.0,0.0,33
2023-05-09 21:12:56,CY2401,CY401,22925.0,0.0,0.0,0.0,2,22925.0,22985.0,1,22925.0,23015.0,0.0,0.0,0.0,0.0,33
2023-05-09 21:12:57,CY2401,CY401,22925.0,0.0,0.0,0.0,2,22930.0,22985.0,1,22925.0,23015.0,0.0,0.0,0.0,0.0,33
2023-05-09 21:12:58,CY2401,CY401,22925.0,0.0,0.0,0.0,2,22925.0,22985.0,1,22925.0,23015.0,0.0,0.0,0.0,0.0,33
2023-05-09 21:13:01,CY2401,CY401,22925.0,0.0,0.0,0.0,2,22925.0,22980.0,1,22925.0,23015.0,0.0,0.0,0.0,0.0,33
2023-05-09 21:13:04,CY2401,CY401,22925.0,0.0,0.0,0.0,2,22920.0,22980.0,1,22925.0,23015.0,0.0,0.0,0.0,0.0,33
2023-05-09 21:13:05,CY2401,CY401,22925.0,0.0,0.0,0.0,2,22915.0,22980.0,1,22925.0,23015.0,0.0,0.0,0.0,0.0,33
2023-05-09 21:13:05,CY2401,CY401,22925.0,0.0,0.0,0.0,2,22920.0,22975.0,1,22925.0,23015.0,0.0,0.0,0.0,0.0,33
2023-05-09 21:13:08,CY2401,CY401,22925.0,0.0,0.0,0.0,2,22925.0,22980.0,1,22925.0,23015.0,0.0,0.0,0.0,0.0,33
2023-05-09 21:13:12,CY2401,CY401,22925.0,0.0,0.0,0.0,1,22930.0,22980.0,1,22925.0,23015.0,0.0,0.0,0.0,0.0,33
2023-05-09 21:13:13,CY2401,CY401,22925.0,0.0,0.0,0.0,1,22930.0,22975.0,1,22925.0,23015.0,0.0,0.0,0.0,0.0,33
2023-05-09 21:13:16,CY2401,CY401,22925.0,0.0,0.0,0.0,1,22930.0,22980.0,1,22925.0,23015.0,0.0,0.0,0.0,0.0,33
2023-05-09 21:13:24,CY2401,CY401,22925.0,0.0,0.0,0.0,3,22930.0,22985.0,1,22925.0,23015.0,0.0,0.0,0.0,0.0,33
2023-05-09 21:13:24,CY2401,CY401,22925.0,0.0,0.0,0.0,1,22930.0,22985.0,1,22925.0,23015.0,0.0,0.0,0.0,0.0,33
2023-05-09 21:13:27,CY2401,CY401,22925.0,0.0,0.0,0.0,3,22930.0,22985.0,1,22925.0,23015.0,0.0,0.0,0.0,0.0,33
2023-05-09 21:13:31,CY2401,CY401,22925.0,0.0,0.0,0.0,2,22930.0,22985.0,1,22925.0,23015.0,0.0,0.0,0.0,0.0,33
2023-05-09 21:13:33,CY2401,CY401,22925.0,0.0,0.0,0.0,1,22930.0,22985.0,1,22925.0,23015.0,0.0,0.0,0.0,0.0,33
2023-05-09 21:13:33,CY2401,CY401,22925.0,0.0,0.0,0.0,3,22930.0,22985.0,1,22925.0,23015.0,0.0,0.0,0.0,0.0,33
2023-05-09 21:13:54,CY2401,CY401,22925.0,0.0,0.0,0.0,1,22930.0,22985.0,1,22925.0,23015.0,0.0,0.0,0.0,0.0,33
2023-05-09 21:13:54,CY2401,CY401,22925.0,0.0,0.0,0.0,1,22930.0,22980.0,1,22925.0,23015.0,0.0,0.0,0.0,0.0,33
2023-05-09 21:14:05,CY2401,CY401,22925.0,0.0,0.0,0.0,1,22930.0,22985.0,1,22925.0,23015.0,0.0,0.0,0.0,0.0,33
2023-05-09 21:14:05,CY2401,CY401,22925.0,0.0,0.0,0.0,3,22930.0,22985.0,1,22925.0,23015.0,0.0,0.0,0.0,0.0,33
2023-05-09 21:14:10,CY2401,CY401,22925.0,0.0,0.0,0.0,3,22930.0,22990.0,1,22925.0,23015.0,0.0,0.0,0.0,0.0,33
2023-05-09 21:14:10,CY2401,CY401,22925.0,0.0,0.0,0.0,2,22935.0,22990.0,1,22925.0,23015.0,0.0,0.0,0.0,0.0,33
2023-05-09 21:14:11,CY2401,CY401,22925.0,0.0,0.0,0.0,3,22930.0,22990.0,1,22925.0,23015.0,0.0,0.0,0.0,0.0,33
2023-05-09 21:14:12,CY2401,CY401,22925.0,0.0,0.0,0.0,3,22930.0,22985.0,1,22925.0,23015.0,0.0,0.0,0.0,0.0,33
2023-05-09 21:14:12,CY2401,CY401,22925.0,0.0,0.0,0.0,3,22930.0,22990.0,1,22925.0,23015.0,0.0,0.0,0.0,0.0,33
2023-05-09 21:14:12,CY2401,CY401,22925.0,0.0,0.0,0.0,2,22935.0,22990.0,1,22925.0,23015.0,0.0,0.0,0.0,0.0,33
2023-05-09 21:14:13,CY2401,CY401,22925.0,0.0,0.0,0.0,3,22930.0,22990.0,1,22925.0,23015.0,0.0,0.0,0.0,0.0,33
2023-05-09 21:14:13,CY2401,CY401,22925.0,0.0,0.0,0.0,3,22930.0,22985.0,1,22925.0,23015.0,0.0,0.0,0.0,0.0,33
2023-05-09 21:14:15,CY2401,CY401,22925.0,0.0,0.0,0.0,3,22930.0,22990.0,1,22925.0,23015.0,0.0,0.0,0.0,0.0,33
2023-05-09 21:14:15,CY2401,CY401,22925.0,0.0,0.0,0.0,2,22935.0,22990.0,1,22925.0,23015.0,0.0,0.0,0.0,0.0,33
2023-05-09 21:14:25,CY2401,CY401,22925.0,0.0,0.0,0.0,3,22930.0,22985.0,1,22925.0,23015.0,0.0,0.0,0.0,0.0,33
2023-05-09 21:14:26,CY2401,CY401,22925.0,0.0,0.0,0.0,3,22930.0,22990.0,1,22925.0,23015.0,0.0,0.0,0.0,0.0,33
2023-05-09 21:14:27,CY2401,CY401,22925.0,0.0,0.0,0.0,3,22930.0,22985.0,1,22925.0,23015.0,0.0,0.0,0.0,0.0,33
2023-05-09 21:14:27,CY2401,CY401,22925.0,0.0,0.0,0.0,1,22935.0,22990.0,1,22925.0,23015.0,0.0,0.0,0.0,0.0,33
2023-05-09 21:14:27,CY2401,CY401,22925.0,0.0,0.0,0.0,2,22935.0,22990.0,1,22925.0,23015.0,0.0,0.0,0.0,0.0,33
2023-05-09 21:14:37,CY2401,CY401,22925.0,0.0,0.0,0.0,4,22930.0,22985.0,1,22925.0,23015.0,0.0,0.0,0.0,0.0,33
2023-05-09 21:14:37,CY2401,CY401,22925.0,0.0,0.0,0.0,3,22930.0,22985.0,1,22925.0,23015.0,0.0,0.0,0.0,0.0,33
2023-05-09 21:14:48,CY2401,CY401,22925.0,0.0,0.0,0.0,1,22930.0,22980.0,1,22925.0,23015.0,0.0,0.0,0.0,0.0,33
2023-05-09 21:14:51,CY2401,CY401,22925.0,0.0,0.0,0.0,3,22930.0,22985.0,1,22925.0,23015.0,0.0,0.0,0.0,0.0,33
2023-05-09 21:14:52,CY2401,CY401,22925.0,0.0,0.0,0.0,1,22930.0,22985.0,1,22925.0,23015.0,0.0,0.0,0.0,0.0,33
2023-05-09 21:14:53,CY2401,CY401,22925.0,0.0,0.0,0.0,2,22935.0,22990.0,1,22925.0,23015.0,0.0,0.0,0.0,0.0,33
2023-05-09 21:15:03,CY2401,CY401,22925.0,0.0,0.0,0.0,2,22935.0,22995.0,1,22925.0,23015.0,0.0,0.0,0.0,0.0,33
2023-05-09 21:15:04,CY2401,CY401,22925.0,0.0,0.0,0.0,2,22940.0,22995.0,1,22925.0,23015.0,0.0,0.0,0.0,0.0,33
2023-05-09 21:15:06,CY2401,CY401,22925.0,0.0,0.0,0.0,2,22935.0,22995.0,1,22925.0,23015.0,0.0,0.0,0.0,0.0,33
2023-05-09 21:15:07,CY2401,CY401,22925.0,0.0,0.0,0.0,2,22935.0,22990.0,1,22925.0,23015.0,0.0,0.0,0.0,0.0,33
2023-05-09 21:15:07,CY2401,CY401,22925.0,0.0,0.0,0.0,2,22935.0,22995.0,1,22925.0,23015.0,0.0,0.0,0.0,0.0,33
2023-05-09 21:15:08,CY2401,CY401,22925.0,0.0,0.0,0.0,2,22935.0,22990.0,1,22925.0,23015.0,0.0,0.0,0.0,0.0,33
2023-05-09 21:15:10,CY2401,CY401,22925.0,0.0,0.0,0.0,2,22935.0,22995.0,1,22925.0,23015.0,0.0,0.0,0.0,0.0,33
2023-05-09 21:15:10,CY2401,CY401,22925.0,0.0,0.0,0.0,2,22935.0,22990.0,1,22925.0,23015.0,0.0,0.0,0.0,0.0,33
2023-05-09 21:15:12,CY2401,CY401,22925.0,0.0,0.0,0.0,3,22930.0,22990.0,1,22925.0,23015.0,0.0,0.0,0.0,0.0,33
2023-05-09 21:15:16,CY2401,CY401,22925.0,0.0,0.0,0.0,2,22935.0,22990.0,1,22925.0,23015.0,0.0,0.0,0.0,0.0,33
2023-05-09 21:15:16,CY2401,CY401,22925.0,0.0,0.0,0.0,3,22930.0,22990.0,1,22925.0,23015.0,0.0,0.0,0.0,0.0,33
2023-05-09 21:15:21,CY2401,CY401,22925.0,0.0,0.0,0.0,2,22935.0,22990.0,1,22925.0,23015.0,0.0,0.0,0.0,0.0,33
2023-05-09 21:15:31,CY2401,CY401,22925.0,0.0,0.0,0.0,2,22940.0,22995.0,1,22925.0,23015.0,0.0,0.0,0.0,0.0,33
2023-05-09 21:15:31,CY2401,CY401,22925.0,0.0,0.0,0.0,2,22935.0,22990.0,1,22925.0,23015.0,0.0,0.0,0.0,0.0,33
2023-05-09 21:15:58,CY2401,CY401,22925.0,0.0,0.0,0.0,2,22935.0,22995.0,1,22925.0,23015.0,0.0,0.0,0.0,0.0,33
2023-05-09 21:16:00,CY2401,CY401,22925.0,0.0,0.0,0.0,2,22935.0,22990.0,1,22925.0,23015.0,0.0,0.0,0.0,0.0,33
2023-05-09 21:16:02,CY2401,CY401,22925.0,0.0,0.0,0.0,2,22930.0,22990.0,1,22925.0,23015.0,0.0,0.0,0.0,0.0,33
2023-05-09 21:16:03,CY2401,CY401,22925.0,0.0,0.0,0.0,2,22930.0,22985.0,1,22925.0,23015.0,0.0,0.0,0.0,0.0,33
2023-05-09 21:16:04,CY2401,CY401,22925.0,0.0,0.0,0.0,1,22940.0,22985.0,1,22925.0,23015.0,0.0,0.0,0.0,0.0,33
2023-05-09 21:16:04,CY2401,CY401,22925.0,0.0,0.0,0.0,1,22940.0,22990.0,1,22925.0,23015.0,0.0,0.0,0.0,0.0,33
2023-05-09 21:16:18,CY2401,CY401,22925.0,0.0,0.0,0.0,2,22940.0,22990.0,1,22925.0,23015.0,0.0,0.0,0.0,0.0,33
2023-05-09 21:16:21,CY2401,CY401,22925.0,0.0,0.0,0.0,1,22945.0,22990.0,1,22925.0,23015.0,0.0,0.0,0.0,0.0,33
2023-05-09 21:16:26,CY2401,CY401,22925.0,0.0,0.0,0.0,2,22940.0,22985.0,1,22925.0,23015.0,0.0,0.0,0.0,0.0,33
2023-05-09 21:16:27,CY2401,CY401,22925.0,0.0,0.0,0.0,1,22945.0,22990.0,1,22925.0,23015.0,0.0,0.0,0.0,0.0,33
2023-05-09 21:16:29,CY2401,CY401,22925.0,0.0,0.0,0.0,1,22950.0,22995.0,1,22925.0,23015.0,0.0,0.0,0.0,0.0,33
2023-05-09 21:16:31,CY2401,CY401,22925.0,0.0,0.0,0.0,1,22955.0,23000.0,1,22925.0,23015.0,0.0,0.0,0.0,0.0,33
2023-05-09 21:16:33,CY2401,CY401,22925.0,0.0,0.0,0.0,1,22950.0,22995.0,1,22925.0,23015.0,0.0,0.0,0.0,0.0,33
2023-05-09 21:16:35,CY2401,CY401,22925.0,0.0,0.0,0.0,1,22955.0,23000.0,1,22925.0,23015.0,0.0,0.0,0.0,0.0,33
2023-05-09 21:16:37,CY2401,CY401,22925.0,0.0,0.0,0.0,1,22960.0,23005.0,1,22925.0,23015.0,0.0,0.0,0.0,0.0,33
2023-05-09 21:16:40,CY2401,CY401,22925.0,0.0,0.0,0.0,1,22955.0,23005.0,1,22925.0,23015.0,0.0,0.0,0.0,0.0,33
2023-05-09 21:16:41,CY2401,CY401,22925.0,0.0,0.0,0.0,1,22960.0,23005.0,1,22925.0,23015.0,0.0,0.0,0.0,0.0,33
2023-05-09 21:16:42,CY2401,CY401,22925.0,0.0,0.0,0.0,1,22955.0,23005.0,1,22925.0,23015.0,0.0,0.0,0.0,0.0,33
2023-05-09 21:16:43,CY2401,CY401,22925.0,0.0,0.0,0.0,1,22960.0,23005.0,1,22925.0,23015.0,0.0,0.0,0.0,0.0,33
2023-05-09 21:16:45,CY2401,CY401,22925.0,0.0,0.0,0.0,2,22950.0,23005.0,1,22925.0,23015.0,0.0,0.0,0.0,0.0,33
2023-05-09 21:16:46,CY2401,CY401,22925.0,0.0,0.0,0.0,1,22955.0,23010.0,1,22925.0,23015.0,0.0,0.0,0.0,0.0,33
2023-05-09 21:16:47,CY2401,CY401,22925.0,0.0,0.0,0.0,2,22950.0,23005.0,1,22925.0,23015.0,0.0,0.0,0.0,0.0,33
2023-05-09 21:16:49,CY2401,CY401,22925.0,0.0,0.0,0.0,2,22950.0,23010.0,1,22925.0,23015.0,0.0,0.0,0.0,0.0,33
2023-05-09 21:16:49,CY2401,CY401,22925.0,0.0,0.0,0.0,2,22955.0,23010.0,1,22925.0,23015.0,0.0,0.0,0.0,0.0,33
2023-05-09 21:16:51,CY2401,CY401,22925.0,0.0,0.0,0.0,2,22955.0,23015.0,1,22925.0,23015.0,0.0,0.0,0.0,0.0,33
2023-05-09 21:16:52,CY2401,CY401,22925.0,0.0,0.0,0.0,2,22955.0,23010.0,1,22925.0,23015.0,0.0,0.0,0.0,0.0,33
2023-05-09 21:16:53,CY2401,CY401,22925.0,0.0,0.0,0.0,1,22960.0,23015.0,1,22925.0,23015.0,0.0,0.0,0.0,0.0,33
2023-05-09 21:16:53,CY2401,CY401,22925.0,0.0,0.0,0.0,2,22955.0,23010.0,1,22925.0,23015.0,0.0,0.0,0.0,0.0,33
2023-05-09 21:16:56,CY2401,CY401,22925.0,0.0,0.0,0.0,2,22950.0,23010.0,1,22925.0,23015.0,0.0,0.0,0.0,0.0,33
2023-05-09 21:16:56,CY2401,CY401,22925.0,0.0,0.0,0.0,2,22955.0,23010.0,1,22925.0,23015.0,0.0,0.0,0.0,0.0,33
2023-05-09 21:17:01,CY2401,CY401,22925.0,0.0,0.0,0.0,2,22950.0,23005.0,1,22925.0,23015.0,0.0,0.0,0.0,0.0,33
2023-05-09 21:17:02,CY2401,CY401,22925.0,0.0,0.0,0.0,2,22945.0,23005.0,1,22925.0,23015.0,0.0,0.0,0.0,0.0,33
2023-05-09 21:17:03,CY2401,CY401,22925.0,0.0,0.0,0.0,2,22945.0,23000.0,1,22925.0,23015.0,0.0,0.0,0.0,0.0,33
2023-05-09 21:17:04,CY2401,CY401,22925.0,0.0,0.0,0.0,2,22945.0,23005.0,1,22925.0,23015.0,0.0,0.0,0.0,0.0,33
2023-05-09 21:17:06,CY2401,CY401,22925.0,0.0,0.0,0.0,1,22950.0,23005.0,1,22925.0,23015.0,0.0,0.0,0.0,0.0,33
2023-05-09 21:17:07,CY2401,CY401,22925.0,0.0,0.0,0.0,2,22945.0,23005.0,1,22925.0,23015.0,0.0,0.0,0.0,0.0,33
2023-05-09 21:17:08,CY2401,CY401,22925.0,0.0,0.0,0.0,2,22950.0,23005.0,1,22925.0,23015.0,0.0,0.0,0.0,0.0,33
2023-05-09 21:17:15,CY2401,CY401,22925.0,0.0,0.0,0.0,2,22945.0,23005.0,1,22925.0,23015.0,0.0,0.0,0.0,0.0,33
2023-05-09 21:17:16,CY2401,CY401,22925.0,0.0,0.0,0.0,2,22945.0,23000.0,1,22925.0,23015.0,0.0,0.0,0.0,0.0,33
2023-05-09 21:17:19,CY2401,CY401,22925.0,0.0,0.0,0.0,1,22950.0,23005.0,1,22925.0,23015.0,0.0,0.0,0.0,0.0,33
2023-05-09 21:17:19,CY2401,CY401,22925.0,0.0,0.0,0.0,2,22950.0,23005.0,1,22925.0,23015.0,0.0,0.0,0.0,0.0,33
2023-05-09 21:17:26,CY2401,CY401,22925.0,0.0,0.0,0.0,1,22955.0,23010.0,1,22925.0,23015.0,0.0,0.0,0.0,0.0,33
2023-05-09 21:17:26,CY2401,CY401,22925.0,0.0,0.0,0.0,2,22950.0,23010.0,1,22925.0,23015.0,0.0,0.0,0.0,0.0,33
2023-05-09 21:17:27,CY2401,CY401,22925.0,0.0,0.0,0.0,2,22955.0,23010.0,1,22925.0,23015.0,0.0,0.0,0.0,0.0,33
2023-05-09 21:17:29,CY2401,CY401,22925.0,0.0,0.0,0.0,3,22955.0,23010.0,1,22925.0,23015.0,0.0,0.0,0.0,0.0,33
2023-05-09 21:17:30,CY2401,CY401,22925.0,0.0,0.0,0.0,1,22955.0,23010.0,1,22925.0,23015.0,0.0,0.0,0.0,0.0,33
2023-05-09 21:17:31,CY2401,CY401,22925.0,0.0,0.0,0.0,1,22955.0,23005.0,1,22925.0,23015.0,0.0,0.0,0.0,0.0,33
2023-05-09 21:17:35,CY2401,CY401,22925.0,0.0,0.0,0.0,1,22955.0,23010.0,1,22925.0,23015.0,0.0,0.0,0.0,0.0,33
2023-05-09 21:17:36,CY2401,CY401,22925.0,0.0,0.0,0.0,2,22955.0,23010.0,1,22925.0,23015.0,0.0,0.0,0.0,0.0,33
2023-05-09 21:17:36,CY2401,CY401,22925.0,0.0,0.0,0.0,3,22955.0,23010.0,1,22925.0,23015.0,0.0,0.0,0.0,0.0,33
2023-05-09 21:17:36,CY2401,CY401,22925.0,0.0,0.0,0.0,2,22955.0,23010.0,1,22925.0,23015.0,0.0,0.0,0.0,0.0,33
2023-05-09 21:17:36,CY2401,CY401,22925.0,0.0,0.0,0.0,3,22955.0,23010.0,1,22925.0,23015.0,0.0,0.0,0.0,0.0,33
2023-05-09 21:17:43,CY2401,CY401,22925.0,0.0,0.0,0.0,1,22955.0,23010.0,1,22925.0,23015.0,0.0,0.0,0.0,0.0,33
2023-05-09 21:17:44,CY2401,CY401,22925.0,0.0,0.0,0.0,1,22955.0,23005.0,1,22925.0,23015.0,0.0,0.0,0.0,0.0,33
2023-05-09 21:17:48,CY2401,CY401,22925.0,0.0,0.0,0.0,1,22955.0,23010.0,1,22925.0,23015.0,0.0,0.0,0.0,0.0,33
2023-05-09 21:17:51,CY2401,CY401,22925.0,0.0,0.0,0.0,1,22955.0,23005.0,1,22925.0,23015.0,0.0,0.0,0.0,0.0,33
2023-05-09 21:17:53,CY2401,CY401,22925.0,0.0,0.0,0.0,1,22955.0,23000.0,1,22925.0,23015.0,0.0,0.0,0.0,0.0,33
2023-05-09 21:17:55,CY2401,CY401,22925.0,0.0,0.0,0.0,1,22955.0,22995.0,1,22925.0,23015.0,0.0,0.0,0.0,0.0,33
2023-05-09 21:17:56,CY2401,CY401,22925.0,0.0,0.0,0.0,1,22955.0,23005.0,1,22925.0,23015.0,0.0,0.0,0.0,0.0,33
2023-05-09 21:18:11,CY2401,CY401,22925.0,0.0,0.0,0.0,1,22955.0,23000.0,1,22925.0,23015.0,0.0,0.0,0.0,0.0,33
2023-05-09 21:18:17,CY2401,CY401,22925.0,0.0,0.0,0.0,1,22955.0,23005.0,1,22925.0,23015.0,0.0,0.0,0.0,0.0,33
2023-05-09 21:18:38,CY2401,CY401,22925.0,0.0,0.0,0.0,3,22955.0,23010.0,1,22925.0,23015.0,0.0,0.0,0.0,0.0,33
2023-05-09 21:18:59,CY2401,CY401,22925.0,0.0,0.0,0.0,2,22960.0,23015.0,1,22925.0,23015.0,0.0,0.0,0.0,0.0,33
2023-05-09 21:19:00,CY2401,CY401,22925.0,0.0,0.0,0.0,3,22955.0,23015.0,1,22925.0,23015.0,0.0,0.0,0.0,0.0,33
2023-05-09 21:19:01,CY2401,CY401,22925.0,0.0,0.0,0.0,3,22955.0,23010.0,1,22925.0,23015.0,0.0,0.0,0.0,0.0,33
2023-05-09 21:19:01,CY2401,CY401,22925.0,0.0,0.0,0.0,1,22955.0,23010.0,1,22925.0,23015.0,0.0,0.0,0.0,0.0,33
2023-05-09 21:19:03,CY2401,CY401,22925.0,0.0,0.0,0.0,1,22955.0,23005.0,1,22925.0,23015.0,0.0,0.0,0.0,0.0,33
2023-05-09 21:19:03,CY2401,CY401,22925.0,0.0,0.0,0.0,1,22955.0,23000.0,1,22925.0,23015.0,0.0,0.0,0.0,0.0,33
2023-05-09 21:19:04,CY2401,CY401,22925.0,0.0,0.0,0.0,1,22955.0,23005.0,1,22925.0,23015.0,0.0,0.0,0.0,0.0,33
2023-05-09 21:19:23,CY2401,CY401,22925.0,0.0,0.0,0.0,1,22955.0,23000.0,1,22925.0,23015.0,0.0,0.0,0.0,0.0,33
2023-05-09 21:19:28,CY2401,CY401,22925.0,0.0,0.0,0.0,1,22955.0,23005.0,1,22925.0,23015.0,0.0,0.0,0.0,0.0,33
2023-05-09 21:20:00,CY2401,CY401,22925.0,0.0,0.0,0.0,1,22955.0,23010.0,1,22925.0,23015.0,0.0,0.0,0.0,0.0,33
2023-05-09 21:20:01,CY2401,CY401,22925.0,0.0,0.0,0.0,3,22955.0,23010.0,1,22925.0,23015.0,0.0,0.0,0.0,0.0,33
2023-05-09 21:20:04,CY2401,CY401,22925.0,0.0,0.0,0.0,2,22960.0,23015.0,1,22925.0,23015.0,0.0,0.0,0.0,0.0,33
2023-05-09 21:20:06,CY2401,CY401,22925.0,0.0,0.0,0.0,2,22965.0,23020.0,1,22925.0,23015.0,0.0,0.0,0.0,0.0,33
2023-05-09 21:20:06,CY2401,CY401,22925.0,0.0,0.0,0.0,2,22965.0,23025.0,1,22925.0,23015.0,0.0,0.0,0.0,0.0,33
2023-05-09 21:20:06,CY2401,CY401,22925.0,0.0,0.0,0.0,2,22965.0,23020.0,1,22925.0,23015.0,0.0,0.0,0.0,0.0,33
2023-05-09 21:20:06,CY2401,CY401,22925.0,0.0,0.0,0.0,2,22965.0,23025.0,1,22925.0,23015.0,0.0,0.0,0.0,0.0,33
2023-05-09 21:20:07,CY2401,CY401,22925.0,0.0,0.0,0.0,2,22970.0,23025.0,1,22925.0,23015.0,0.0,0.0,0.0,0.0,33
2023-05-09 21:20:08,CY2401,CY401,22925.0,0.0,0.0,0.0,2,22965.0,23025.0,1,22925.0,23015.0,0.0,0.0,0.0,0.0,33
2023-05-09 21:20:08,CY2401,CY401,22925.0,0.0,0.0,0.0,2,22970.0,23030.0,1,22925.0,23015.0,0.0,0.0,0.0,0.0,33
2023-05-09 21:20:09,CY2401,CY401,22925.0,0.0,0.0,0.0,2,22975.0,23030.0,1,22925.0,23015.0,0.0,0.0,0.0,0.0,33
2023-05-09 21:20:10,CY2401,CY401,22925.0,0.0,0.0,0.0,2,22970.0,23030.0,1,22925.0,23015.0,0.0,0.0,0.0,0.0,33
2023-05-09 21:20:10,CY2401,CY401,22925.0,0.0,0.0,0.0,2,22975.0,23030.0,1,22925.0,23015.0,0.0,0.0,0.0,0.0,33
2023-05-09 21:20:12,CY2401,CY401,22925.0,0.0,0.0,0.0,2,22970.0,23030.0,1,22925.0,23015.0,0.0,0.0,0.0,0.0,33
2023-05-09 21:20:12,CY2401,CY401,22925.0,0.0,0.0,0.0,2,22970.0,23025.0,1,22925.0,23015.0,0.0,0.0,0.0,0.0,33
2023-05-09 21:20:13,CY2401,CY401,22925.0,0.0,0.0,0.0,2,22970.0,23030.0,1,22925.0,23015.0,0.0,0.0,0.0,0.0,33
2023-05-09 21:20:14,CY2401,CY401,22925.0,0.0,0.0,0.0,2,22975.0,23030.0,1,22925.0,23015.0,0.0,0.0,0.0,0.0,33
2023-05-09 21:20:15,CY2401,CY401,22925.0,0.0,0.0,0.0,2,22970.0,23030.0,1,22925.0,23015.0,0.0,0.0,0.0,0.0,33
2023-05-09 21:20:16,CY2401,CY401,22925.0,0.0,0.0,0.0,2,22975.0,23030.0,1,22925.0,23015.0,0.0,0.0,0.0,0.0,33
2023-05-09 21:20:16,CY2401,CY401,22925.0,0.0,0.0,0.0,2,22975.0,23025.0,1,22925.0,23015.0,0.0,0.0,0.0,0.0,33
2023-05-09 21:20:18,CY2401,CY401,22925.0,0.0,0.0,0.0,2,22970.0,23025.0,1,22925.0,23015.0,0.0,0.0,0.0,0.0,33
2023-05-09 21:20:18,CY2401,CY401,22925.0,0.0,0.0,0.0,2,22975.0,23025.0,1,22925.0,23015.0,0.0,0.0,0.0,0.0,33
2023-05-09 21:20:19,CY2401,CY401,22925.0,0.0,0.0,0.0,2,22970.0,23025.0,1,22925.0,23015.0,0.0,0.0,0.0,0.0,33
2023-05-09 21:20:21,CY2401,CY401,22925.0,0.0,0.0,0.0,2,22970.0,23020.0,1,22925.0,23015.0,0.0,0.0,0.0,0.0,33
2023-05-09 21:20:23,CY2401,CY401,22925.0,0.0,0.0,0.0,1,22970.0,23020.0,1,22925.0,23015.0,0.0,0.0,0.0,0.0,33
2023-05-09 21:20:24,CY2401,CY401,22925.0,0.0,0.0,0.0,2,22965.0,23020.0,1,22925.0,23015.0,0.0,0.0,0.0,0.0,33
2023-05-09 21:20:24,CY2401,CY401,22925.0,0.0,0.0,0.0,2,22970.0,23020.0,1,22925.0,23015.0,0.0,0.0,0.0,0.0,33
2023-05-09 21:20:29,CY2401,CY401,22925.0,0.0,0.0,0.0,2,22970.0,23025.0,1,22925.0,23015.0,0.0,0.0,0.0,0.0,33
2023-05-09 21:20:29,CY2401,CY401,22925.0,0.0,0.0,0.0,2,22975.0,23025.0,1,22925.0,23015.0,0.0,0.0,0.0,0.0,33
2023-05-09 21:20:33,CY2401,CY401,22925.0,0.0,0.0,0.0,2,22975.0,23030.0,1,22925.0,23015.0,0.0,0.0,0.0,0.0,33
2023-05-09 21:20:33,CY2401,CY401,22925.0,0.0,0.0,0.0,2,22975.0,23025.0,1,22925.0,23015.0,0.0,0.0,0.0,0.0,33
2023-05-09 21:20:34,CY2401,CY401,22925.0,0.0,0.0,0.0,2,22975.0,23030.0,1,22925.0,23015.0,0.0,0.0,0.0,0.0,33
2023-05-09 21:20:35,CY2401,CY401,22925.0,0.0,0.0,0.0,2,22980.0,23030.0,1,22925.0,23015.0,0.0,0.0,0.0,0.0,33
2023-05-09 21:20:41,CY2401,CY401,22925.0,0.0,0.0,0.0,2,22975.0,23030.0,1,22925.0,23015.0,0.0,0.0,0.0,0.0,33
2023-05-09 21:20:41,CY2401,CY401,22925.0,0.0,0.0,0.0,2,22975.0,23025.0,1,22925.0,23015.0,0.0,0.0,0.0,0.0,33
2023-05-09 21:20:43,CY2401,CY401,22925.0,0.0,0.0,0.0,2,22975.0,23030.0,1,22925.0,23015.0,0.0,0.0,0.0,0.0,33
2023-05-09 21:20:43,CY2401,CY401,22925.0,0.0,0.0,0.0,2,22980.0,23030.0,1,22925.0,23015.0,0.0,0.0,0.0,0.0,33
2023-05-09 21:20:44,CY2401,CY401,22925.0,0.0,0.0,0.0,2,22980.0,23035.0,1,22925.0,23015.0,0.0,0.0,0.0,0.0,33
2023-05-09 21:20:46,CY2401,CY401,22925.0,0.0,0.0,0.0,2,22980.0,23030.0,1,22925.0,23015.0,0.0,0.0,0.0,0.0,33
2023-05-09 21:20:47,CY2401,CY401,22925.0,0.0,0.0,0.0,2,22980.0,23035.0,1,22925.0,23015.0,0.0,0.0,0.0,0.0,33
2023-05-09 21:20:47,CY2401,CY401,22925.0,0.0,0.0,0.0,2,22980.0,23030.0,1,22925.0,23015.0,0.0,0.0,0.0,0.0,33
2023-05-09 21:20:49,CY2401,CY401,22925.0,0.0,0.0,0.0,2,22985.0,23035.0,1,22925.0,23015.0,0.0,0.0,0.0,0.0,33
2023-05-09 21:20:49,CY2401,CY401,22925.0,0.0,0.0,0.0,2,22980.0,23035.0,1,22925.0,23015.0,0.0,0.0,0.0,0.0,33
2023-05-09 21:20:50,CY2401,CY401,22925.0,0.0,0.0,0.0,2,22980.0,23030.0,1,22925.0,23015.0,0.0,0.0,0.0,0.0,33
2023-05-09 21:20:50,CY2401,CY401,22925.0,0.0,0.0,0.0,2,22980.0,23035.0,1,22925.0,23015.0,0.0,0.0,0.0,0.0,33
2023-05-09 21:20:51,CY2401,CY401,22925.0,0.0,0.0,0.0,2,22985.0,23035.0,1,22925.0,23015.0,0.0,0.0,0.0,0.0,33
2023-05-09 21:20:51,CY2401,CY401,22925.0,0.0,0.0,0.0,2,22980.0,23030.0,1,22925.0,23015.0,0.0,0.0,0.0,0.0,33
2023-05-09 21:20:53,CY2401,CY401,22925.0,0.0,0.0,0.0,2,22975.0,23030.0,1,22925.0,23015.0,0.0,0.0,0.0,0.0,33
2023-05-09 21:20:53,CY2401,CY401,22925.0,0.0,0.0,0.0,2,22975.0,23025.0,1,22925.0,23015.0,0.0,0.0,0.0,0.0,33
2023-05-09 21:21:00,CY2401,CY401,22925.0,0.0,0.0,0.0,2,22970.0,23020.0,1,22925.0,23015.0,0.0,0.0,0.0,0.0,33
2023-05-09 21:21:01,CY2401,CY401,22925.0,0.0,0.0,0.0,2,22975.0,23025.0,1,22925.0,23015.0,0.0,0.0,0.0,0.0,33
2023-05-09 21:21:03,CY2401,CY401,22925.0,0.0,0.0,0.0,1,22980.0,23025.0,1,22925.0,23015.0,0.0,0.0,0.0,0.0,33
2023-05-09 21:21:03,CY2401,CY401,22925.0,0.0,0.0,0.0,1,22980.0,23020.0,1,22925.0,23015.0,0.0,0.0,0.0,0.0,33
2023-05-09 21:21:07,CY2401,CY401,22925.0,0.0,0.0,0.0,1,22980.0,23025.0,1,22925.0,23015.0,0.0,0.0,0.0,0.0,33
2023-05-09 21:21:14,CY2401,CY401,22925.0,0.0,0.0,0.0,1,22980.0,23030.0,1,22925.0,23015.0,0.0,0.0,0.0,0.0,33
2023-05-09 21:21:18,CY2401,CY401,22925.0,0.0,0.0,0.0,2,22980.0,23030.0,1,22925.0,23015.0,0.0,0.0,0.0,0.0,33
2023-05-09 21:21:21,CY2401,CY401,22925.0,0.0,0.0,0.0,1,22980.0,23030.0,1,22925.0,23015.0,0.0,0.0,0.0,0.0,33
2023-05-09 21:21:23,CY2401,CY401,22925.0,0.0,0.0,0.0,3,22980.0,23030.0,1,22925.0,23015.0,0.0,0.0,0.0,0.0,33
2023-05-09 21:21:30,CY2401,CY401,22925.0,0.0,0.0,0.0,2,22985.0,23035.0,1,22925.0,23015.0,0.0,0.0,0.0,0.0,33
2023-05-09 21:21:31,CY2401,CY401,22925.0,0.0,0.0,0.0,3,22980.0,23035.0,1,22925.0,23015.0,0.0,0.0,0.0,0.0,33
2023-05-09 21:21:31,CY2401,CY401,22925.0,0.0,0.0,0.0,2,22985.0,23035.0,1,22925.0,23015.0,0.0,0.0,0.0,0.0,33
2023-05-09 21:21:32,CY2401,CY401,22925.0,0.0,0.0,0.0,3,22980.0,23035.0,1,22925.0,23015.0,0.0,0.0,0.0,0.0,33
2023-05-09 21:21:32,CY2401,CY401,22925.0,0.0,0.0,0.0,2,22985.0,23035.0,1,22925.0,23015.0,0.0,0.0,0.0,0.0,33
2023-05-09 21:21:35,CY2401,CY401,22925.0,0.0,0.0,0.0,2,22985.0,23040.0,1,22925.0,23015.0,0.0,0.0,0.0,0.0,33
2023-05-09 21:21:35,CY2401,CY401,22925.0,0.0,0.0,0.0,2,22990.0,23040.0,1,22925.0,23015.0,0.0,0.0,0.0,0.0,33
2023-05-09 21:21:36,CY2401,CY401,22925.0,0.0,0.0,0.0,2,22985.0,23035.0,1,22925.0,23015.0,0.0,0.0,0.0,0.0,33
2023-05-09 21:21:37,CY2401,CY401,22925.0,0.0,0.0,0.0,2,22985.0,23040.0,1,22925.0,23015.0,0.0,0.0,0.0,0.0,33
2023-05-09 21:21:40,CY2401,CY401,22925.0,0.0,0.0,0.0,2,22990.0,23040.0,1,22925.0,23015.0,0.0,0.0,0.0,0.0,33
2023-05-09 21:21:42,CY2401,CY401,22925.0,0.0,0.0,0.0,2,22985.0,23035.0,1,22925.0,23015.0,0.0,0.0,0.0,0.0,33
2023-05-09 21:21:47,CY2401,CY401,22925.0,0.0,0.0,0.0,3,22980.0,23030.0,1,22925.0,23015.0,0.0,0.0,0.0,0.0,33
2023-05-09 21:21:48,CY2401,CY401,22925.0,0.0,0.0,0.0,2,22985.0,23035.0,1,22925.0,23015.0,0.0,0.0,0.0,0.0,33
2023-05-09 21:21:52,CY2401,CY401,22925.0,0.0,0.0,0.0,3,22980.0,23035.0,1,22925.0,23015.0,0.0,0.0,0.0,0.0,33
2023-05-09 21:21:53,CY2401,CY401,22925.0,0.0,0.0,0.0,3,22980.0,23030.0,1,22925.0,23015.0,0.0,0.0,0.0,0.0,33
2023-05-09 21:21:54,CY2401,CY401,22925.0,0.0,0.0,0.0,3,22980.0,23035.0,1,22925.0,23015.0,0.0,0.0,0.0,0.0,33
2023-05-09 21:21:54,CY2401,CY401,22925.0,0.0,0.0,0.0,2,22985.0,23035.0,1,22925.0,23015.0,0.0,0.0,0.0,0.0,33
2023-05-09 21:21:55,CY2401,CY401,22925.0,0.0,0.0,0.0,3,22980.0,23035.0,1,22925.0,23015.0,0.0,0.0,0.0,0.0,33
2023-05-09 21:21:58,CY2401,CY401,22925.0,0.0,0.0,0.0,2,22985.0,23035.0,1,22925.0,23015.0,0.0,0.0,0.0,0.0,33
2023-05-09 21:21:59,CY2401,CY401,22925.0,0.0,0.0,0.0,3,22980.0,23035.0,1,22925.0,23015.0,0.0,0.0,0.0,0.0,33
2023-05-09 21:21:59,CY2401,CY401,22925.0,0.0,0.0,0.0,3,22980.0,23030.0,1,22925.0,23015.0,0.0,0.0,0.0,0.0,33
2023-05-09 21:22:02,CY2401,CY401,22925.0,0.0,0.0,0.0,2,22985.0,23035.0,1,22925.0,23015.0,0.0,0.0,0.0,0.0,33
2023-05-09 21:22:02,CY2401,CY401,22925.0,0.0,0.0,0.0,3,22980.0,23035.0,1,22925.0,23015.0,0.0,0.0,0.0,0.0,33
2023-05-09 21:22:03,CY2401,CY401,22925.0,0.0,0.0,0.0,2,22985.0,23035.0,1,22925.0,23015.0,0.0,0.0,0.0,0.0,33
2023-05-09 21:22:04,CY2401,CY401,22925.0,0.0,0.0,0.0,3,22980.0,23035.0,1,22925.0,23015.0,0.0,0.0,0.0,0.0,33
2023-05-09 21:22:04,CY2401,CY401,22925.0,0.0,0.0,0.0,2,22985.0,23035.0,1,22925.0,23015.0,0.0,0.0,0.0,0.0,33
2023-05-09 21:22:12,CY2401,CY401,22925.0,0.0,0.0,0.0,3,22980.0,23035.0,1,22925.0,23015.0,0.0,0.0,0.0,0.0,33
2023-05-09 21:22:13,CY2401,CY401,22925.0,0.0,0.0,0.0,3,22980.0,23030.0,1,22925.0,23015.0,0.0,0.0,0.0,0.0,33
2023-05-09 21:22:15,CY2401,CY401,22925.0,0.0,0.0,0.0,3,22980.0,23035.0,1,22925.0,23015.0,0.0,0.0,0.0,0.0,33
2023-05-09 21:22:16,CY2401,CY401,22925.0,0.0,0.0,0.0,2,22985.0,23035.0,1,22925.0,23015.0,0.0,0.0,0.0,0.0,33
2023-05-09 21:22:16,CY2401,CY401,22925.0,0.0,0.0,0.0,3,22980.0,23035.0,1,22925.0,23015.0,0.0,0.0,0.0,0.0,33
2023-05-09 21:22:18,CY2401,CY401,22925.0,0.0,0.0,0.0,2,22985.0,23035.0,1,22925.0,23015.0,0.0,0.0,0.0,0.0,33
2023-05-09 21:22:21,CY2401,CY401,22925.0,0.0,0.0,0.0,1,22990.0,23040.0,1,22925.0,23015.0,0.0,0.0,0.0,0.0,33
2023-05-09 21:22:23,CY2401,CY401,22925.0,0.0,0.0,0.0,2,22990.0,23040.0,1,22925.0,23015.0,0.0,0.0,0.0,0.0,33
2023-05-09 21:22:28,CY2401,CY401,22925.0,0.0,0.0,0.0,2,22985.0,23040.0,1,22925.0,23015.0,0.0,0.0,0.0,0.0,33
2023-05-09 21:22:29,CY2401,CY401,22925.0,0.0,0.0,0.0,1,22990.0,23040.0,1,22925.0,23015.0,0.0,0.0,0.0,0.0,33
2023-05-09 21:22:29,CY2401,CY401,22925.0,0.0,0.0,0.0,2,22985.0,23040.0,1,22925.0,23015.0,0.0,0.0,0.0,0.0,33
2023-05-09 21:22:31,CY2401,CY401,22925.0,0.0,0.0,0.0,2,22990.0,23040.0,1,22925.0,23015.0,0.0,0.0,0.0,0.0,33
2023-05-09 21:22:34,CY2401,CY401,22925.0,0.0,0.0,0.0,1,22990.0,23040.0,1,22925.0,23015.0,0.0,0.0,0.0,0.0,33
2023-05-09 21:22:34,CY2401,CY401,22925.0,0.0,0.0,0.0,2,22985.0,23035.0,1,22925.0,23015.0,0.0,0.0,0.0,0.0,33
2023-05-09 21:22:38,CY2401,CY401,22925.0,0.0,0.0,0.0,2,22985.0,23040.0,1,22925.0,23015.0,0.0,0.0,0.0,0.0,33
2023-05-09 21:22:38,CY2401,CY401,22925.0,0.0,0.0,0.0,2,22990.0,23040.0,1,22925.0,23015.0,0.0,0.0,0.0,0.0,33
2023-05-09 21:22:41,CY2401,CY401,22925.0,0.0,0.0,0.0,2,22985.0,23040.0,1,22925.0,23015.0,0.0,0.0,0.0,0.0,33
2023-05-09 21:22:41,CY2401,CY401,22925.0,0.0,0.0,0.0,2,22985.0,23035.0,1,22925.0,23015.0,0.0,0.0,0.0,0.0,33
2023-05-09 21:22:43,CY2401,CY401,22925.0,0.0,0.0,0.0,2,22990.0,23040.0,1,22925.0,23015.0,0.0,0.0,0.0,0.0,33
2023-05-09 21:22:48,CY2401,CY401,22925.0,0.0,0.0,0.0,2,22995.0,23045.0,1,22925.0,23015.0,0.0,0.0,0.0,0.0,33
2023-05-09 21:22:54,CY2401,CY401,22925.0,0.0,0.0,0.0,2,22990.0,23045.0,1,22925.0,23015.0,0.0,0.0,0.0,0.0,33
2023-05-09 21:22:55,CY2401,CY401,22925.0,0.0,0.0,0.0,2,22995.0,23045.0,1,22925.0,23015.0,0.0,0.0,0.0,0.0,33
2023-05-09 21:22:59,CY2401,CY401,22925.0,0.0,0.0,0.0,2,22995.0,23050.0,1,22925.0,23015.0,0.0,0.0,0.0,0.0,33
2023-05-09 21:23:00,CY2401,CY401,22925.0,0.0,0.0,0.0,1,23000.0,23050.0,1,22925.0,23015.0,0.0,0.0,0.0,0.0,33
2023-05-09 21:23:00,CY2401,CY401,22925.0,0.0,0.0,0.0,2,22990.0,23045.0,1,22925.0,23015.0,0.0,0.0,0.0,0.0,33
2023-05-09 21:23:01,CY2401,CY401,22925.0,0.0,0.0,0.0,2,22990.0,23040.0,1,22925.0,23015.0,0.0,0.0,0.0,0.0,33
2023-05-09 21:23:02,CY2401,CY401,22925.0,0.0,0.0,0.0,2,22980.0,23035.0,1,22925.0,23015.0,0.0,0.0,0.0,0.0,33
2023-05-09 21:23:03,CY2401,CY401,22925.0,0.0,0.0,0.0,1,22985.0,23035.0,1,22925.0,23015.0,0.0,0.0,0.0,0.0,33
2023-05-09 21:23:03,CY2401,CY401,22925.0,0.0,0.0,0.0,2,22980.0,23035.0,1,22925.0,23015.0,0.0,0.0,0.0,0.0,33
2023-05-09 21:23:04,CY2401,CY401,22925.0,0.0,0.0,0.0,2,22980.0,23030.0,1,22925.0,23015.0,0.0,0.0,0.0,0.0,33
2023-05-09 21:23:05,CY2401,CY401,22925.0,0.0,0.0,0.0,2,22980.0,23035.0,1,22925.0,23015.0,0.0,0.0,0.0,0.0,33
2023-05-09 21:23:07,CY2401,CY401,22925.0,0.0,0.0,0.0,2,22985.0,23035.0,1,22925.0,23015.0,0.0,0.0,0.0,0.0,33
2023-05-09 21:23:07,CY2401,CY401,22925.0,0.0,0.0,0.0,2,22980.0,23035.0,1,22925.0,23015.0,0.0,0.0,0.0,0.0,33
2023-05-09 21:23:08,CY2401,CY401,22925.0,0.0,0.0,0.0,2,22985.0,23035.0,1,22925.0,23015.0,0.0,0.0,0.0,0.0,33
2023-05-09 21:23:10,CY2401,CY401,22925.0,0.0,0.0,0.0,2,22980.0,23030.0,1,22925.0,23015.0,0.0,0.0,0.0,0.0,33
2023-05-09 21:23:11,CY2401,CY401,22925.0,0.0,0.0,0.0,1,22990.0,23035.0,1,22925.0,23015.0,0.0,0.0,0.0,0.0,33
2023-05-09 21:23:13,CY2401,CY401,22925.0,0.0,0.0,0.0,1,22990.0,23030.0,1,22925.0,23015.0,0.0,0.0,0.0,0.0,33
2023-05-09 21:23:14,CY2401,CY401,22925.0,0.0,0.0,0.0,1,22990.0,23035.0,1,22925.0,23015.0,0.0,0.0,0.0,0.0,33
2023-05-09 21:23:16,CY2401,CY401,22925.0,0.0,0.0,0.0,1,22990.0,23030.0,1,22925.0,23015.0,0.0,0.0,0.0,0.0,33
2023-05-09 21:23:18,CY2401,CY401,22925.0,0.0,0.0,0.0,1,22990.0,23035.0,1,22925.0,23015.0,0.0,0.0,0.0,0.0,33
2023-05-09 21:23:21,CY2401,CY401,22925.0,0.0,0.0,0.0,1,22990.0,23030.0,1,22925.0,23015.0,0.0,0.0,0.0,0.0,33
2023-05-09 21:23:23,CY2401,CY401,22925.0,0.0,0.0,0.0,1,22990.0,23035.0,1,22925.0,23015.0,0.0,0.0,0.0,0.0,33
2023-05-09 21:23:25,CY2401,CY401,22925.0,0.0,0.0,0.0,1,22990.0,23030.0,1,22925.0,23015.0,0.0,0.0,0.0,0.0,33
2023-05-09 21:23:27,CY2401,CY401,22925.0,0.0,0.0,0.0,1,22990.0,23035.0,1,22925.0,23015.0,0.0,0.0,0.0,0.0,33
2023-05-09 21:23:29,CY2401,CY401,22925.0,0.0,0.0,0.0,1,22990.0,23030.0,1,22925.0,23015.0,0.0,0.0,0.0,0.0,33
2023-05-09 21:23:42,CY2401,CY401,22925.0,0.0,0.0,0.0,1,22990.0,23035.0,1,22925.0,23015.0,0.0,0.0,0.0,0.0,33
2023-05-09 21:24:00,CY2401,CY401,22925.0,0.0,0.0,0.0,1,22990.0,23040.0,1,22925.0,23015.0,0.0,0.0,0.0,0.0,33
2023-05-09 21:24:04,CY2401,CY401,22925.0,0.0,0.0,0.0,3,22990.0,23040.0,1,22925.0,23015.0,0.0,0.0,0.0,0.0,33
2023-05-09 21:24:04,CY2401,CY401,22925.0,0.0,0.0,0.0,2,22990.0,23040.0,1,22925.0,23015.0,0.0,0.0,0.0,0.0,33
2023-05-09 21:24:04,CY2401,CY401,22925.0,0.0,0.0,0.0,1,22990.0,23035.0,1,22925.0,23015.0,0.0,0.0,0.0,0.0,33
2023-05-09 21:24:06,CY2401,CY401,22925.0,0.0,0.0,0.0,1,22990.0,23040.0,1,22925.0,23015.0,0.0,0.0,0.0,0.0,33
2023-05-09 21:24:07,CY2401,CY401,22925.0,0.0,0.0,0.0,1,22990.0,23035.0,1,22925.0,23015.0,0.0,0.0,0.0,0.0,33
2023-05-09 21:24:08,CY2401,CY401,22925.0,0.0,0.0,0.0,1,22990.0,23040.0,1,22925.0,23015.0,0.0,0.0,0.0,0.0,33
2023-05-09 21:24:10,CY2401,CY401,22925.0,0.0,0.0,0.0,1,22990.0,23035.0,1,22925.0,23015.0,0.0,0.0,0.0,0.0,33
2023-05-09 21:24:14,CY2401,CY401,22925.0,0.0,0.0,0.0,1,22990.0,23030.0,1,22925.0,23015.0,0.0,0.0,0.0,0.0,33
2023-05-09 21:24:18,CY2401,CY401,22925.0,0.0,0.0,0.0,1,22990.0,23025.0,1,22925.0,23015.0,0.0,0.0,0.0,0.0,33
2023-05-09 21:24:21,CY2401,CY401,22925.0,0.0,0.0,0.0,1,22990.0,23030.0,1,22925.0,23015.0,0.0,0.0,0.0,0.0,33
2023-05-09 21:24:22,CY2401,CY401,22925.0,0.0,0.0,0.0,1,22990.0,23025.0,1,22925.0,23015.0,0.0,0.0,0.0,0.0,33
2023-05-09 21:24:37,CY2401,CY401,22925.0,0.0,0.0,0.0,1,22990.0,23030.0,1,22925.0,23015.0,0.0,0.0,0.0,0.0,33
2023-05-09 21:24:38,CY2401,CY401,22925.0,0.0,0.0,0.0,1,22990.0,23025.0,1,22925.0,23015.0,0.0,0.0,0.0,0.0,33
2023-05-09 21:24:50,CY2401,CY401,22925.0,0.0,0.0,0.0,1,22990.0,23020.0,1,22925.0,23015.0,0.0,0.0,0.0,0.0,33
2023-05-09 21:24:50,CY2401,CY401,22925.0,0.0,0.0,0.0,1,22990.0,23025.0,1,22925.0,23015.0,0.0,0.0,0.0,0.0,33
2023-05-09 21:24:55,CY2401,CY401,22925.0,0.0,0.0,0.0,1,22990.0,23020.0,1,22925.0,23015.0,0.0,0.0,0.0,0.0,33
2023-05-09 21:24:55,CY2401,CY401,22925.0,0.0,0.0,0.0,1,22990.0,23025.0,1,22925.0,23015.0,0.0,0.0,0.0,0.0,33
2023-05-09 21:24:58,CY2401,CY401,22925.0,0.0,0.0,0.0,1,22990.0,23020.0,1,22925.0,23015.0,0.0,0.0,0.0,0.0,33
2023-05-09 21:24:59,CY2401,CY401,22925.0,0.0,0.0,0.0,1,22990.0,23025.0,1,22925.0,23015.0,0.0,0.0,0.0,0.0,33
2023-05-09 21:25:00,CY2401,CY401,22925.0,0.0,0.0,0.0,1,22990.0,23020.0,1,22925.0,23015.0,0.0,0.0,0.0,0.0,33
2023-05-09 21:25:00,CY2401,CY401,22925.0,0.0,0.0,0.0,1,22990.0,23025.0,1,22925.0,23015.0,0.0,0.0,0.0,0.0,33
2023-05-09 21:25:01,CY2401,CY401,22925.0,0.0,0.0,0.0,1,22990.0,23020.0,1,22925.0,23015.0,0.0,0.0,0.0,0.0,33
2023-05-09 21:25:01,CY2401,CY401,22925.0,0.0,0.0,0.0,1,22990.0,23025.0,1,22925.0,23015.0,0.0,0.0,0.0,0.0,33
2023-05-09 21:25:02,CY2401,CY401,22925.0,0.0,0.0,0.0,1,22990.0,23020.0,1,22925.0,23015.0,0.0,0.0,0.0,0.0,33
2023-05-09 21:25:02,CY2401,CY401,22925.0,0.0,0.0,0.0,1,22990.0,23025.0,1,22925.0,23015.0,0.0,0.0,0.0,0.0,33
2023-05-09 21:25:05,CY2401,CY401,22925.0,0.0,0.0,0.0,1,22990.0,23020.0,1,22925.0,23015.0,0.0,0.0,0.0,0.0,33
2023-05-09 21:25:07,CY2401,CY401,22925.0,0.0,0.0,0.0,1,22990.0,23015.0,1,22925.0,23015.0,0.0,0.0,0.0,0.0,33
2023-05-09 21:25:08,CY2401,CY401,22925.0,0.0,0.0,0.0,2,22965.0,23020.0,1,22925.0,23015.0,0.0,0.0,0.0,0.0,33
2023-05-09 21:25:08,CY2401,CY401,22925.0,0.0,0.0,0.0,2,22970.0,23020.0,1,22925.0,23015.0,0.0,0.0,0.0,0.0,33
2023-05-09 21:25:08,CY2401,CY401,22925.0,0.0,0.0,0.0,2,22965.0,23015.0,1,22925.0,23015.0,0.0,0.0,0.0,0.0,33
2023-05-09 21:25:10,CY2401,CY401,22925.0,0.0,0.0,0.0,2,22965.0,23020.0,1,22925.0,23015.0,0.0,0.0,0.0,0.0,33
2023-05-09 21:25:17,CY2401,CY401,22925.0,0.0,0.0,0.0,1,22970.0,23020.0,1,22925.0,23015.0,0.0,0.0,0.0,0.0,33
2023-05-09 21:25:21,CY2401,CY401,22925.0,0.0,0.0,0.0,3,22970.0,23020.0,1,22925.0,23015.0,0.0,0.0,0.0,0.0,33
2023-05-09 21:25:28,CY2401,CY401,22925.0,0.0,0.0,0.0,1,22970.0,23020.0,1,22925.0,23015.0,0.0,0.0,0.0,0.0,33
2023-05-09 21:25:32,CY2401,CY401,22925.0,0.0,0.0,0.0,1,22970.0,23015.0,1,22925.0,23015.0,0.0,0.0,0.0,0.0,33
2023-05-09 21:25:52,CY2401,CY401,22925.0,0.0,0.0,0.0,1,22970.0,23010.0,1,22925.0,23015.0,0.0,0.0,0.0,0.0,33
2023-05-09 21:25:57,CY2401,CY401,22925.0,0.0,0.0,0.0,1,22970.0,23015.0,1,22925.0,23015.0,0.0,0.0,0.0,0.0,33
2023-05-09 21:26:04,CY2401,CY401,22925.0,0.0,0.0,0.0,1,22970.0,23020.0,1,22925.0,23015.0,0.0,0.0,0.0,0.0,33
2023-05-09 21:26:05,CY2401,CY401,22925.0,0.0,0.0,0.0,2,22970.0,23020.0,1,22925.0,23015.0,0.0,0.0,0.0,0.0,33
2023-05-09 21:26:06,CY2401,CY401,22925.0,0.0,0.0,0.0,3,22970.0,23020.0,1,22925.0,23015.0,0.0,0.0,0.0,0.0,33
2023-05-09 21:26:19,CY2401,CY401,22925.0,0.0,0.0,0.0,1,22970.0,23020.0,1,22925.0,23015.0,0.0,0.0,0.0,0.0,33
2023-05-09 21:26:25,CY2401,CY401,22925.0,0.0,0.0,0.0,1,22970.0,23015.0,1,22925.0,23015.0,0.0,0.0,0.0,0.0,33
2023-05-09 21:26:33,CY2401,CY401,22925.0,0.0,0.0,0.0,3,22970.0,23020.0,1,22925.0,23015.0,0.0,0.0,0.0,0.0,33
2023-05-09 21:26:45,CY2401,CY401,22925.0,0.0,0.0,0.0,2,22970.0,23020.0,1,22925.0,23015.0,0.0,0.0,0.0,0.0,33
2023-05-09 21:26:45,CY2401,CY401,22925.0,0.0,0.0,0.0,1,22970.0,23020.0,1,22925.0,23015.0,0.0,0.0,0.0,0.0,33
2023-05-09 21:26:47,CY2401,CY401,22925.0,0.0,0.0,0.0,2,22970.0,23020.0,1,22925.0,23015.0,0.0,0.0,0.0,0.0,33
2023-05-09 21:26:48,CY2401,CY401,22925.0,0.0,0.0,0.0,3,22970.0,23020.0,1,22925.0,23015.0,0.0,0.0,0.0,0.0,33
2023-05-09 21:26:54,CY2401,CY401,22925.0,0.0,0.0,0.0,2,22970.0,23020.0,1,22925.0,23015.0,0.0,0.0,0.0,0.0,33
2023-05-09 21:26:54,CY2401,CY401,22925.0,0.0,0.0,0.0,3,22970.0,23020.0,1,22925.0,23015.0,0.0,0.0,0.0,0.0,33
2023-05-09 21:26:56,CY2401,CY401,22925.0,0.0,0.0,0.0,1,22970.0,23020.0,1,22925.0,23015.0,0.0,0.0,0.0,0.0,33
2023-05-09 21:26:57,CY2401,CY401,22925.0,0.0,0.0,0.0,3,22970.0,23020.0,1,22925.0,23015.0,0.0,0.0,0.0,0.0,33
2023-05-09 21:27:00,CY2401,CY401,22925.0,0.0,0.0,0.0,1,22970.0,23015.0,1,22925.0,23015.0,0.0,0.0,0.0,0.0,33
2023-05-09 21:27:10,CY2401,CY401,22925.0,0.0,0.0,0.0,2,22970.0,23020.0,1,22925.0,23015.0,0.0,0.0,0.0,0.0,33
2023-05-09 21:27:11,CY2401,CY401,22925.0,0.0,0.0,0.0,1,22970.0,23015.0,1,22925.0,23015.0,0.0,0.0,0.0,0.0,33
2023-05-09 21:27:14,CY2401,CY401,22925.0,0.0,0.0,0.0,2,22970.0,23020.0,1,22925.0,23015.0,0.0,0.0,0.0,0.0,33
2023-05-09 21:27:16,CY2401,CY401,22925.0,0.0,0.0,0.0,1,22970.0,23015.0,1,22925.0,23015.0,0.0,0.0,0.0,0.0,33
2023-05-09 21:27:20,CY2401,CY401,22925.0,0.0,0.0,0.0,1,22970.0,23020.0,1,22925.0,23015.0,0.0,0.0,0.0,0.0,33
2023-05-09 21:27:27,CY2401,CY401,22925.0,0.0,0.0,0.0,1,22970.0,23015.0,1,22925.0,23015.0,0.0,0.0,0.0,0.0,33
2023-05-09 21:27:27,CY2401,CY401,22925.0,0.0,0.0,0.0,1,22970.0,23020.0,1,22925.0,23015.0,0.0,0.0,0.0,0.0,33
2023-05-09 21:27:30,CY2401,CY401,22925.0,0.0,0.0,0.0,3,22970.0,23020.0,1,22925.0,23015.0,0.0,0.0,0.0,0.0,33
2023-05-09 21:27:35,CY2401,CY401,22925.0,0.0,0.0,0.0,1,22970.0,23015.0,1,22925.0,23015.0,0.0,0.0,0.0,0.0,33
2023-05-09 21:27:59,CY2401,CY401,22925.0,0.0,0.0,0.0,1,22970.0,23010.0,1,22925.0,23015.0,0.0,0.0,0.0,0.0,33
2023-05-09 21:28:26,CY2401,CY401,22925.0,0.0,0.0,0.0,1,22970.0,23015.0,1,22925.0,23015.0,0.0,0.0,0.0,0.0,33
2023-05-09 21:28:26,CY2401,CY401,22925.0,0.0,0.0,0.0,1,22970.0,23010.0,1,22925.0,23015.0,0.0,0.0,0.0,0.0,33
2023-05-09 21:28:36,CY2401,CY401,22925.0,0.0,0.0,0.0,1,22970.0,23015.0,1,22925.0,23015.0,0.0,0.0,0.0,0.0,33
2023-05-09 21:28:36,CY2401,CY401,22925.0,0.0,0.0,0.0,1,22970.0,23010.0,1,22925.0,23015.0,0.0,0.0,0.0,0.0,33
2023-05-09 21:28:54,CY2401,CY401,22925.0,0.0,0.0,0.0,1,22970.0,23015.0,1,22925.0,23015.0,0.0,0.0,0.0,0.0,33
2023-05-09 21:29:02,CY2401,CY401,22925.0,0.0,0.0,0.0,1,22970.0,23010.0,1,22925.0,23015.0,0.0,0.0,0.0,0.0,33
2023-05-09 21:29:04,CY2401,CY401,22925.0,0.0,0.0,0.0,1,22970.0,23015.0,1,22925.0,23015.0,0.0,0.0,0.0,0.0,33
2023-05-09 21:29:05,CY2401,CY401,22925.0,0.0,0.0,0.0,1,22970.0,23010.0,1,22925.0,23015.0,0.0,0.0,0.0,0.0,33
2023-05-09 21:29:06,CY2401,CY401,22925.0,0.0,0.0,0.0,1,22970.0,23005.0,1,22925.0,23015.0,0.0,0.0,0.0,0.0,33
2023-05-09 21:29:08,CY2401,CY401,22925.0,0.0,0.0,0.0,1,22970.0,23010.0,1,22925.0,23015.0,0.0,0.0,0.0,0.0,33
2023-05-09 21:29:09,CY2401,CY401,22925.0,0.0,0.0,0.0,1,22970.0,23005.0,1,22925.0,23015.0,0.0,0.0,0.0,0.0,33
2023-05-09 21:29:17,CY2401,CY401,22925.0,0.0,0.0,0.0,1,22970.0,23010.0,1,22925.0,23015.0,0.0,0.0,0.0,0.0,33
2023-05-09 21:29:18,CY2401,CY401,22925.0,0.0,0.0,0.0,1,22970.0,23015.0,1,22925.0,23015.0,0.0,0.0,0.0,0.0,33
2023-05-09 21:29:18,CY2401,CY401,22925.0,0.0,0.0,0.0,1,22970.0,23010.0,1,22925.0,23015.0,0.0,0.0,0.0,0.0,33
2023-05-09 21:29:30,CY2401,CY401,22925.0,0.0,0.0,0.0,1,22970.0,23005.0,1,22925.0,23015.0,0.0,0.0,0.0,0.0,33
2023-05-09 21:29:35,CY2401,CY401,22925.0,0.0,0.0,0.0,1,22970.0,23010.0,1,22925.0,23015.0,0.0,0.0,0.0,0.0,33
2023-05-09 21:29:36,CY2401,CY401,22925.0,0.0,0.0,0.0,1,22970.0,23005.0,1,22925.0,23015.0,0.0,0.0,0.0,0.0,33
2023-05-09 21:29:36,CY2401,CY401,22925.0,0.0,0.0,0.0,1,22970.0,23010.0,1,22925.0,23015.0,0.0,0.0,0.0,0.0,33
2023-05-09 21:29:37,CY2401,CY401,22925.0,0.0,0.0,0.0,1,22970.0,23005.0,1,22925.0,23015.0,0.0,0.0,0.0,0.0,33
2023-05-09 21:29:37,CY2401,CY401,22925.0,0.0,0.0,0.0,1,22970.0,23010.0,1,22925.0,23015.0,0.0,0.0,0.0,0.0,33
2023-05-09 21:29:38,CY2401,CY401,22925.0,0.0,0.0,0.0,1,22970.0,23005.0,1,22925.0,23015.0,0.0,0.0,0.0,0.0,33
2023-05-09 21:29:38,CY2401,CY401,22925.0,0.0,0.0,0.0,1,22970.0,23010.0,1,22925.0,23015.0,0.0,0.0,0.0,0.0,33
2023-05-09 21:29:48,CY2401,CY401,22925.0,0.0,0.0,0.0,1,22970.0,23005.0,1,22925.0,23015.0,0.0,0.0,0.0,0.0,33
2023-05-09 21:29:48,CY2401,CY401,22925.0,0.0,0.0,0.0,1,22970.0,23010.0,1,22925.0,23015.0,0.0,0.0,0.0,0.0,33
2023-05-09 21:29:50,CY2401,CY401,22925.0,0.0,0.0,0.0,1,22970.0,23005.0,1,22925.0,23015.0,0.0,0.0,0.0,0.0,33
2023-05-09 21:30:02,CY2401,CY401,22925.0,0.0,0.0,0.0,1,22970.0,23000.0,1,22925.0,23015.0,0.0,0.0,0.0,0.0,33
2023-05-09 21:30:03,CY2401,CY401,22925.0,0.0,0.0,0.0,1,22970.0,22995.0,1,22925.0,23015.0,0.0,0.0,0.0,0.0,33
2023-05-09 21:30:04,CY2401,CY401,22925.0,0.0,0.0,0.0,2,22945.0,22995.0,1,22925.0,23015.0,0.0,0.0,0.0,0.0,33
2023-05-09 21:30:05,CY2401,CY401,22925.0,0.0,0.0,0.0,2,22945.0,23000.0,1,22925.0,23015.0,0.0,0.0,0.0,0.0,33
2023-05-09 21:30:05,CY2401,CY401,22925.0,0.0,0.0,0.0,2,22945.0,22995.0,1,22925.0,23015.0,0.0,0.0,0.0,0.0,33
2023-05-09 21:30:12,CY2401,CY401,22925.0,0.0,0.0,0.0,2,22940.0,22995.0,1,22925.0,23015.0,0.0,0.0,0.0,0.0,33
2023-05-09 21:30:13,CY2401,CY401,22925.0,0.0,0.0,0.0,2,22940.0,22990.0,1,22925.0,23015.0,0.0,0.0,0.0,0.0,33
2023-05-09 21:30:13,CY2401,CY401,22925.0,0.0,0.0,0.0,1,22950.0,22995.0,1,22925.0,23015.0,0.0,0.0,0.0,0.0,33
2023-05-09 21:30:17,CY2401,CY401,22925.0,0.0,0.0,0.0,1,22950.0,22990.0,1,22925.0,23015.0,0.0,0.0,0.0,0.0,33
2023-05-09 21:30:25,CY2401,CY401,22925.0,0.0,0.0,0.0,1,22950.0,22995.0,1,22925.0,23015.0,0.0,0.0,0.0,0.0,33
2023-05-09 21:30:29,CY2401,CY401,22925.0,0.0,0.0,0.0,1,22950.0,22990.0,1,22925.0,23015.0,0.0,0.0,0.0,0.0,33
2023-05-09 21:30:30,CY2401,CY401,22925.0,0.0,0.0,0.0,1,22950.0,22995.0,1,22925.0,23015.0,0.0,0.0,0.0,0.0,33
2023-05-09 21:30:31,CY2401,CY401,22925.0,0.0,0.0,0.0,1,22950.0,22990.0,1,22925.0,23015.0,0.0,0.0,0.0,0.0,33
2023-05-09 21:30:34,CY2401,CY401,22925.0,0.0,0.0,0.0,1,22950.0,22995.0,1,22925.0,23015.0,0.0,0.0,0.0,0.0,33
2023-05-09 21:30:37,CY2401,CY401,22925.0,0.0,0.0,0.0,1,22950.0,22990.0,1,22925.0,23015.0,0.0,0.0,0.0,0.0,33
2023-05-09 21:30:43,CY2401,CY401,22925.0,0.0,0.0,0.0,1,22950.0,22995.0,1,22925.0,23015.0,0.0,0.0,0.0,0.0,33
2023-05-09 21:30:45,CY2401,CY401,22925.0,0.0,0.0,0.0,1,22950.0,22990.0,1,22925.0,23015.0,0.0,0.0,0.0,0.0,33
2023-05-09 21:30:45,CY2401,CY401,22925.0,0.0,0.0,0.0,1,22950.0,22995.0,1,22925.0,23015.0,0.0,0.0,0.0,0.0,33
2023-05-09 21:30:46,CY2401,CY401,22925.0,0.0,0.0,0.0,1,22950.0,22990.0,1,22925.0,23015.0,0.0,0.0,0.0,0.0,33
2023-05-09 21:30:46,CY2401,CY401,22925.0,0.0,0.0,0.0,1,22950.0,22995.0,1,22925.0,23015.0,0.0,0.0,0.0,0.0,33
2023-05-09 21:30:47,CY2401,CY401,22925.0,0.0,0.0,0.0,1,22950.0,22990.0,1,22925.0,23015.0,0.0,0.0,0.0,0.0,33
2023-05-09 21:30:48,CY2401,CY401,22925.0,0.0,0.0,0.0,1,22950.0,22995.0,1,22925.0,23015.0,0.0,0.0,0.0,0.0,33
2023-05-09 21:30:57,CY2401,CY401,22925.0,0.0,0.0,0.0,1,22950.0,22990.0,1,22925.0,23015.0,0.0,0.0,0.0,0.0,33
2023-05-09 21:30:57,CY2401,CY401,22925.0,0.0,0.0,0.0,1,22950.0,22995.0,1,22925.0,23015.0,0.0,0.0,0.0,0.0,33
2023-05-09 21:31:21,CY2401,CY401,22925.0,0.0,0.0,0.0,3,22950.0,23000.0,1,22925.0,23015.0,0.0,0.0,0.0,0.0,33
2023-05-09 21:31:22,CY2401,CY401,22925.0,0.0,0.0,0.0,1,22950.0,22995.0,1,22925.0,23015.0,0.0,0.0,0.0,0.0,33
2023-05-09 21:31:25,CY2401,CY401,22925.0,0.0,0.0,0.0,1,22950.0,23000.0,1,22925.0,23015.0,0.0,0.0,0.0,0.0,33
2023-05-09 21:31:27,CY2401,CY401,22925.0,0.0,0.0,0.0,1,22950.0,22995.0,1,22925.0,23015.0,0.0,0.0,0.0,0.0,33
2023-05-09 21:31:32,CY2401,CY401,22925.0,0.0,0.0,0.0,1,22950.0,22990.0,1,22925.0,23015.0,0.0,0.0,0.0,0.0,33
2023-05-09 21:31:34,CY2401,CY401,22925.0,0.0,0.0,0.0,1,22950.0,22995.0,1,22925.0,23015.0,0.0,0.0,0.0,0.0,33
2023-05-09 21:31:34,CY2401,CY401,22925.0,0.0,0.0,0.0,1,22950.0,22990.0,1,22925.0,23015.0,0.0,0.0,0.0,0.0,33
2023-05-09 21:31:35,CY2401,CY401,22925.0,0.0,0.0,0.0,1,22950.0,22995.0,1,22925.0,23015.0,0.0,0.0,0.0,0.0,33
2023-05-09 21:31:35,CY2401,CY401,22925.0,0.0,0.0,0.0,1,22950.0,22990.0,1,22925.0,23015.0,0.0,0.0,0.0,0.0,33
2023-05-09 21:31:35,CY2401,CY401,22925.0,0.0,0.0,0.0,1,22950.0,22995.0,1,22925.0,23015.0,0.0,0.0,0.0,0.0,33
2023-05-09 21:31:39,CY2401,CY401,22925.0,0.0,0.0,0.0,1,22950.0,22990.0,1,22925.0,23015.0,0.0,0.0,0.0,0.0,33
2023-05-09 21:31:41,CY2401,CY401,22925.0,0.0,0.0,0.0,1,22950.0,22995.0,1,22925.0,23015.0,0.0,0.0,0.0,0.0,33
2023-05-09 21:31:43,CY2401,CY401,22925.0,0.0,0.0,0.0,1,22950.0,22990.0,1,22925.0,23015.0,0.0,0.0,0.0,0.0,33
2023-05-09 21:31:53,CY2401,CY401,22925.0,0.0,0.0,0.0,1,22950.0,22995.0,1,22925.0,23015.0,0.0,0.0,0.0,0.0,33
2023-05-09 21:31:57,CY2401,CY401,22925.0,0.0,0.0,0.0,3,22950.0,23000.0,1,22925.0,23015.0,0.0,0.0,0.0,0.0,33
2023-05-09 21:32:08,CY2401,CY401,22925.0,0.0,0.0,0.0,3,22950.0,23005.0,1,22925.0,23015.0,0.0,0.0,0.0,0.0,33
2023-05-09 21:32:08,CY2401,CY401,22925.0,0.0,0.0,0.0,2,22955.0,23005.0,1,22925.0,23015.0,0.0,0.0,0.0,0.0,33
2023-05-09 21:32:09,CY2401,CY401,22925.0,0.0,0.0,0.0,2,22960.0,23010.0,1,22925.0,23015.0,0.0,0.0,0.0,0.0,33
2023-05-09 21:32:10,CY2401,CY401,22925.0,0.0,0.0,0.0,2,22955.0,23005.0,1,22925.0,23015.0,0.0,0.0,0.0,0.0,33
2023-05-09 21:32:21,CY2401,CY401,22925.0,0.0,0.0,0.0,3,22950.0,23000.0,1,22925.0,23015.0,0.0,0.0,0.0,0.0,33
2023-05-09 21:32:23,CY2401,CY401,22925.0,0.0,0.0,0.0,3,22950.0,23005.0,1,22925.0,23015.0,0.0,0.0,0.0,0.0,33
2023-05-09 21:32:24,CY2401,CY401,22925.0,0.0,0.0,0.0,2,22955.0,23005.0,1,22925.0,23015.0,0.0,0.0,0.0,0.0,33
2023-05-09 21:32:34,CY2401,CY401,22925.0,0.0,0.0,0.0,2,22955.0,23010.0,1,22925.0,23015.0,0.0,0.0,0.0,0.0,33
2023-05-09 21:32:34,CY2401,CY401,22925.0,0.0,0.0,0.0,2,22960.0,23010.0,1,22925.0,23015.0,0.0,0.0,0.0,0.0,33
2023-05-09 21:32:40,CY2401,CY401,22925.0,0.0,0.0,0.0,2,22955.0,23010.0,1,22925.0,23015.0,0.0,0.0,0.0,0.0,33
2023-05-09 21:32:41,CY2401,CY401,22925.0,0.0,0.0,0.0,2,22960.0,23010.0,1,22925.0,23015.0,0.0,0.0,0.0,0.0,33
2023-05-09 21:32:44,CY2401,CY401,22925.0,0.0,0.0,0.0,2,22955.0,23010.0,1,22925.0,23015.0,0.0,0.0,0.0,0.0,33
2023-05-09 21:32:48,CY2401,CY401,22925.0,0.0,0.0,0.0,2,22960.0,23010.0,1,22925.0,23015.0,0.0,0.0,0.0,0.0,33
2023-05-09 21:32:49,CY2401,CY401,22925.0,0.0,0.0,0.0,2,22960.0,23015.0,1,22925.0,23015.0,0.0,0.0,0.0,0.0,33
2023-05-09 21:32:56,CY2401,CY401,22925.0,0.0,0.0,0.0,1,22965.0,23015.0,1,22925.0,23015.0,0.0,0.0,0.0,0.0,33
2023-05-09 21:32:57,CY2401,CY401,22925.0,0.0,0.0,0.0,2,22960.0,23015.0,1,22925.0,23015.0,0.0,0.0,0.0,0.0,33
2023-05-09 21:32:59,CY2401,CY401,22925.0,0.0,0.0,0.0,2,22965.0,23015.0,1,22925.0,23015.0,0.0,0.0,0.0,0.0,33
2023-05-09 21:33:02,CY2401,CY401,22925.0,0.0,0.0,0.0,2,22960.0,23010.0,1,22925.0,23015.0,0.0,0.0,0.0,0.0,33
2023-05-09 21:33:02,CY2401,CY401,22925.0,0.0,0.0,0.0,2,22960.0,23015.0,1,22925.0,23015.0,0.0,0.0,0.0,0.0,33
2023-05-09 21:33:04,CY2401,CY401,22925.0,0.0,0.0,0.0,1,22965.0,23015.0,1,22925.0,23015.0,0.0,0.0,0.0,0.0,33
2023-05-09 21:33:04,CY2401,CY401,22925.0,0.0,0.0,0.0,3,22965.0,23015.0,1,22925.0,23015.0,0.0,0.0,0.0,0.0,33
2023-05-09 21:33:07,CY2401,CY401,22925.0,0.0,0.0,0.0,3,22965.0,23020.0,1,22925.0,23015.0,0.0,0.0,0.0,0.0,33
2023-05-09 21:33:07,CY2401,CY401,22925.0,0.0,0.0,0.0,3,22965.0,23015.0,1,22925.0,23015.0,0.0,0.0,0.0,0.0,33
2023-05-09 21:33:07,CY2401,CY401,22925.0,0.0,0.0,0.0,3,22965.0,23020.0,1,22925.0,23015.0,0.0,0.0,0.0,0.0,33
2023-05-09 21:33:07,CY2401,CY401,22925.0,0.0,0.0,0.0,3,22965.0,23015.0,1,22925.0,23015.0,0.0,0.0,0.0,0.0,33
2023-05-09 21:33:25,CY2401,CY401,22925.0,0.0,0.0,0.0,1,22965.0,23015.0,1,22925.0,23015.0,0.0,0.0,0.0,0.0,33
2023-05-09 21:33:29,CY2401,CY401,22925.0,0.0,0.0,0.0,1,22965.0,23010.0,1,22925.0,23015.0,0.0,0.0,0.0,0.0,33
2023-05-09 21:33:29,CY2401,CY401,22925.0,0.0,0.0,0.0,3,22965.0,23015.0,1,22925.0,23015.0,0.0,0.0,0.0,0.0,33
2023-05-09 21:33:29,CY2401,CY401,22925.0,0.0,0.0,0.0,1,22965.0,23015.0,1,22925.0,23015.0,0.0,0.0,0.0,0.0,33
2023-05-09 21:33:32,CY2401,CY401,22925.0,0.0,0.0,0.0,1,22965.0,23010.0,1,22925.0,23015.0,0.0,0.0,0.0,0.0,33
2023-05-09 21:33:33,CY2401,CY401,22925.0,0.0,0.0,0.0,3,22965.0,23015.0,1,22925.0,23015.0,0.0,0.0,0.0,0.0,33
2023-05-09 21:33:34,CY2401,CY401,22925.0,0.0,0.0,0.0,1,22965.0,23015.0,1,22925.0,23015.0,0.0,0.0,0.0,0.0,33
2023-05-09 21:33:36,CY2401,CY401,22925.0,0.0,0.0,0.0,2,22965.0,23015.0,1,22925.0,23015.0,0.0,0.0,0.0,0.0,33
2023-05-09 21:33:36,CY2401,CY401,22925.0,0.0,0.0,0.0,1,22965.0,23015.0,1,22925.0,23015.0,0.0,0.0,0.0,0.0,33
2023-05-09 21:33:38,CY2401,CY401,22925.0,0.0,0.0,0.0,2,22965.0,23015.0,1,22925.0,23015.0,0.0,0.0,0.0,0.0,33
2023-05-09 21:33:40,CY2401,CY401,22925.0,0.0,0.0,0.0,1,22965.0,23015.0,1,22925.0,23015.0,0.0,0.0,0.0,0.0,33
2023-05-09 21:33:46,CY2401,CY401,22925.0,0.0,0.0,0.0,2,22965.0,23015.0,1,22925.0,23015.0,0.0,0.0,0.0,0.0,33
2023-05-09 21:33:46,CY2401,CY401,22925.0,0.0,0.0,0.0,3,22965.0,23015.0,1,22925.0,23015.0,0.0,0.0,0.0,0.0,33
2023-05-09 21:33:47,CY2401,CY401,22925.0,0.0,0.0,0.0,3,22965.0,23020.0,1,22925.0,23015.0,0.0,0.0,0.0,0.0,33
2023-05-09 21:33:48,CY2401,CY401,22925.0,0.0,0.0,0.0,3,22965.0,23015.0,1,22925.0,23015.0,0.0,0.0,0.0,0.0,33
2023-05-09 21:33:49,CY2401,CY401,22925.0,0.0,0.0,0.0,3,22965.0,23020.0,1,22925.0,23015.0,0.0,0.0,0.0,0.0,33
2023-05-09 21:33:51,CY2401,CY401,22925.0,0.0,0.0,0.0,3,22965.0,23015.0,1,22925.0,23015.0,0.0,0.0,0.0,0.0,33
2023-05-09 21:33:54,CY2401,CY401,22925.0,0.0,0.0,0.0,3,22965.0,23020.0,1,22925.0,23015.0,0.0,0.0,0.0,0.0,33
2023-05-09 21:33:55,CY2401,CY401,22925.0,0.0,0.0,0.0,3,22965.0,23015.0,1,22925.0,23015.0,0.0,0.0,0.0,0.0,33
2023-05-09 21:33:58,CY2401,CY401,22925.0,0.0,0.0,0.0,3,22965.0,23020.0,1,22925.0,23015.0,0.0,0.0,0.0,0.0,33
2023-05-09 21:33:58,CY2401,CY401,22925.0,0.0,0.0,0.0,3,22965.0,23015.0,1,22925.0,23015.0,0.0,0.0,0.0,0.0,33
2023-05-09 21:34:04,CY2401,CY401,22925.0,0.0,0.0,0.0,1,22965.0,23015.0,1,22925.0,23015.0,0.0,0.0,0.0,0.0,33
2023-05-09 21:34:08,CY2401,CY401,22925.0,0.0,0.0,0.0,2,22965.0,23015.0,1,22925.0,23015.0,0.0,0.0,0.0,0.0,33
2023-05-09 21:34:09,CY2401,CY401,22925.0,0.0,0.0,0.0,1,22965.0,23015.0,1,22925.0,23015.0,0.0,0.0,0.0,0.0,33
2023-05-09 21:34:12,CY2401,CY401,22925.0,0.0,0.0,0.0,2,22965.0,23015.0,1,22925.0,23015.0,0.0,0.0,0.0,0.0,33
2023-05-09 21:34:14,CY2401,CY401,22925.0,0.0,0.0,0.0,1,22965.0,23015.0,1,22925.0,23015.0,0.0,0.0,0.0,0.0,33
2023-05-09 21:34:15,CY2401,CY401,22925.0,0.0,0.0,0.0,3,22965.0,23015.0,1,22925.0,23015.0,0.0,0.0,0.0,0.0,33
2023-05-09 21:34:29,CY2401,CY401,22925.0,0.0,0.0,0.0,1,22965.0,23015.0,1,22925.0,23015.0,0.0,0.0,0.0,0.0,33
2023-05-09 21:34:30,CY2401,CY401,22925.0,0.0,0.0,0.0,3,22965.0,23015.0,1,22925.0,23015.0,0.0,0.0,0.0,0.0,33
2023-05-09 21:34:40,CY2401,CY401,22925.0,0.0,0.0,0.0,2,22965.0,23015.0,1,22925.0,23015.0,0.0,0.0,0.0,0.0,33
2023-05-09 21:34:40,CY2401,CY401,22925.0,0.0,0.0,0.0,3,22965.0,23015.0,1,22925.0,23015.0,0.0,0.0,0.0,0.0,33
2023-05-09 21:34:47,CY2401,CY401,22925.0,0.0,0.0,0.0,2,22965.0,23015.0,1,22925.0,23015.0,0.0,0.0,0.0,0.0,33
2023-05-09 21:34:48,CY2401,CY401,22925.0,0.0,0.0,0.0,3,22965.0,23015.0,1,22925.0,23015.0,0.0,0.0,0.0,0.0,33
2023-05-09 21:34:52,CY2401,CY401,22925.0,0.0,0.0,0.0,2,22965.0,23015.0,1,22925.0,23015.0,0.0,0.0,0.0,0.0,33
2023-05-09 21:34:53,CY2401,CY401,22925.0,0.0,0.0,0.0,3,22965.0,23015.0,1,22925.0,23015.0,0.0,0.0,0.0,0.0,33
2023-05-09 21:34:56,CY2401,CY401,22925.0,0.0,0.0,0.0,3,22965.0,23020.0,1,22925.0,23015.0,0.0,0.0,0.0,0.0,33
2023-05-09 21:35:01,CY2401,CY401,22925.0,0.0,0.0,0.0,2,22970.0,23020.0,1,22925.0,23015.0,0.0,0.0,0.0,0.0,33
2023-05-09 21:35:02,CY2401,CY401,22925.0,0.0,0.0,0.0,3,22965.0,23020.0,1,22925.0,23015.0,0.0,0.0,0.0,0.0,33
2023-05-09 21:35:05,CY2401,CY401,22925.0,0.0,0.0,0.0,3,22965.0,23015.0,1,22925.0,23015.0,0.0,0.0,0.0,0.0,33
2023-05-09 21:35:05,CY2401,CY401,22925.0,0.0,0.0,0.0,1,22965.0,23015.0,1,22925.0,23015.0,0.0,0.0,0.0,0.0,33
2023-05-09 21:35:13,CY2401,CY401,22925.0,0.0,0.0,0.0,3,22965.0,23015.0,1,22925.0,23015.0,0.0,0.0,0.0,0.0,33
2023-05-09 21:35:14,CY2401,CY401,22925.0,0.0,0.0,0.0,2,22965.0,23015.0,1,22925.0,23015.0,0.0,0.0,0.0,0.0,33
2023-05-09 21:35:15,CY2401,CY401,22925.0,0.0,0.0,0.0,1,22965.0,23015.0,1,22925.0,23015.0,0.0,0.0,0.0,0.0,33
2023-05-09 21:35:20,CY2401,CY401,22925.0,0.0,0.0,0.0,2,22965.0,23015.0,1,22925.0,23015.0,0.0,0.0,0.0,0.0,33
2023-05-09 21:35:20,CY2401,CY401,22925.0,0.0,0.0,0.0,3,22965.0,23015.0,1,22925.0,23015.0,0.0,0.0,0.0,0.0,33
2023-05-09 21:35:22,CY2401,CY401,22925.0,0.0,0.0,0.0,1,22965.0,23010.0,1,22925.0,23015.0,0.0,0.0,0.0,0.0,33
2023-05-09 21:35:25,CY2401,CY401,22925.0,0.0,0.0,0.0,1,22965.0,23005.0,1,22925.0,23015.0,0.0,0.0,0.0,0.0,33
2023-05-09 21:35:27,CY2401,CY401,22925.0,0.0,0.0,0.0,1,22965.0,23010.0,1,22925.0,23015.0,0.0,0.0,0.0,0.0,33
2023-05-09 21:35:30,CY2401,CY401,22925.0,0.0,0.0,0.0,1,22965.0,23005.0,1,22925.0,23015.0,0.0,0.0,0.0,0.0,33
2023-05-09 21:35:34,CY2401,CY401,22925.0,0.0,0.0,0.0,1,22965.0,23000.0,1,22925.0,23015.0,0.0,0.0,0.0,0.0,33
2023-05-09 21:35:40,CY2401,CY401,22925.0,0.0,0.0,0.0,1,22965.0,23005.0,1,22925.0,23015.0,0.0,0.0,0.0,0.0,33
2023-05-09 21:35:41,CY2401,CY401,22925.0,0.0,0.0,0.0,1,22965.0,23000.0,1,22925.0,23015.0,0.0,0.0,0.0,0.0,33
2023-05-09 21:35:45,CY2401,CY401,22925.0,0.0,0.0,0.0,1,22965.0,23005.0,1,22925.0,23015.0,0.0,0.0,0.0,0.0,33
2023-05-09 21:35:46,CY2401,CY401,22925.0,0.0,0.0,0.0,1,22965.0,23000.0,1,22925.0,23015.0,0.0,0.0,0.0,0.0,33
2023-05-09 21:36:56,CY2401,CY401,22925.0,0.0,0.0,0.0,1,22965.0,23005.0,1,22925.0,23015.0,0.0,0.0,0.0,0.0,33
2023-05-09 21:37:09,CY2401,CY401,22925.0,0.0,0.0,0.0,1,22965.0,23000.0,1,22925.0,23015.0,0.0,0.0,0.0,0.0,33
2023-05-09 21:37:45,CY2401,CY401,22925.0,0.0,0.0,0.0,1,22965.0,23005.0,1,22925.0,23015.0,0.0,0.0,0.0,0.0,33
2023-05-09 21:37:47,CY2401,CY401,22925.0,0.0,0.0,0.0,1,22965.0,23000.0,1,22925.0,23015.0,0.0,0.0,0.0,0.0,33
2023-05-09 21:37:47,CY2401,CY401,22925.0,0.0,0.0,0.0,1,22965.0,23005.0,1,22925.0,23015.0,0.0,0.0,0.0,0.0,33
2023-05-09 21:37:48,CY2401,CY401,22925.0,0.0,0.0,0.0,1,22965.0,23000.0,1,22925.0,23015.0,0.0,0.0,0.0,0.0,33
2023-05-09 21:37:59,CY2401,CY401,22925.0,0.0,0.0,0.0,1,22965.0,23005.0,1,22925.0,23015.0,0.0,0.0,0.0,0.0,33
2023-05-09 21:37:59,CY2401,CY401,22925.0,0.0,0.0,0.0,1,22965.0,23000.0,1,22925.0,23015.0,0.0,0.0,0.0,0.0,33
2023-05-09 21:38:00,CY2401,CY401,22925.0,0.0,0.0,0.0,1,22965.0,23005.0,1,22925.0,23015.0,0.0,0.0,0.0,0.0,33
2023-05-09 21:38:01,CY2401,CY401,22925.0,0.0,0.0,0.0,1,22965.0,23000.0,1,22925.0,23015.0,0.0,0.0,0.0,0.0,33
2023-05-09 21:38:04,CY2401,CY401,22925.0,0.0,0.0,0.0,2,22950.0,23000.0,1,22925.0,23015.0,0.0,0.0,0.0,0.0,33
2023-05-09 21:38:09,CY2401,CY401,22925.0,0.0,0.0,0.0,2,22945.0,23000.0,1,22925.0,23015.0,0.0,0.0,0.0,0.0,33
2023-05-09 21:38:12,CY2401,CY401,22925.0,0.0,0.0,0.0,2,22945.0,22995.0,1,22925.0,23015.0,0.0,0.0,0.0,0.0,33
2023-05-09 21:38:16,CY2401,CY401,22925.0,0.0,0.0,0.0,2,22945.0,23000.0,1,22925.0,23015.0,0.0,0.0,0.0,0.0,33
2023-05-09 21:38:18,CY2401,CY401,22925.0,0.0,0.0,0.0,2,22945.0,22995.0,1,22925.0,23015.0,0.0,0.0,0.0,0.0,33
2023-05-09 21:38:18,CY2401,CY401,22925.0,0.0,0.0,0.0,2,22945.0,23000.0,1,22925.0,23015.0,0.0,0.0,0.0,0.0,33
2023-05-09 21:38:19,CY2401,CY401,22925.0,0.0,0.0,0.0,2,22945.0,22995.0,1,22925.0,23015.0,0.0,0.0,0.0,0.0,33
2023-05-09 21:38:26,CY2401,CY401,22925.0,0.0,0.0,0.0,2,22945.0,23000.0,1,22925.0,23015.0,0.0,0.0,0.0,0.0,33
2023-05-09 21:38:26,CY2401,CY401,22925.0,0.0,0.0,0.0,2,22945.0,22995.0,1,22925.0,23015.0,0.0,0.0,0.0,0.0,33
2023-05-09 21:38:27,CY2401,CY401,22925.0,0.0,0.0,0.0,2,22945.0,23000.0,1,22925.0,23015.0,0.0,0.0,0.0,0.0,33
2023-05-09 21:38:27,CY2401,CY401,22925.0,0.0,0.0,0.0,2,22945.0,22995.0,1,22925.0,23015.0,0.0,0.0,0.0,0.0,33
2023-05-09 21:38:29,CY2401,CY401,22925.0,0.0,0.0,0.0,2,22945.0,23000.0,1,22925.0,23015.0,0.0,0.0,0.0,0.0,33
2023-05-09 21:38:30,CY2401,CY401,22925.0,0.0,0.0,0.0,2,22945.0,22995.0,1,22925.0,23015.0,0.0,0.0,0.0,0.0,33
2023-05-09 21:38:30,CY2401,CY401,22925.0,0.0,0.0,0.0,2,22945.0,23000.0,1,22925.0,23015.0,0.0,0.0,0.0,0.0,33
2023-05-09 21:38:32,CY2401,CY401,22925.0,0.0,0.0,0.0,2,22945.0,22995.0,1,22925.0,23015.0,0.0,0.0,0.0,0.0,33
2023-05-09 21:38:35,CY2401,CY401,22925.0,0.0,0.0,0.0,2,22945.0,23000.0,1,22925.0,23015.0,0.0,0.0,0.0,0.0,33
2023-05-09 21:38:35,CY2401,CY401,22925.0,0.0,0.0,0.0,2,22945.0,22995.0,1,22925.0,23015.0,0.0,0.0,0.0,0.0,33
2023-05-09 21:38:36,CY2401,CY401,22925.0,0.0,0.0,0.0,2,22945.0,23000.0,1,22925.0,23015.0,0.0,0.0,0.0,0.0,33
2023-05-09 21:38:37,CY2401,CY401,22925.0,0.0,0.0,0.0,2,22945.0,22995.0,1,22925.0,23015.0,0.0,0.0,0.0,0.0,33
2023-05-09 21:38:37,CY2401,CY401,22925.0,0.0,0.0,0.0,2,22945.0,23000.0,1,22925.0,23015.0,0.0,0.0,0.0,0.0,33
2023-05-09 21:38:38,CY2401,CY401,22925.0,0.0,0.0,0.0,2,22950.0,23000.0,1,22925.0,23015.0,0.0,0.0,0.0,0.0,33
2023-05-09 21:38:39,CY2401,CY401,22925.0,0.0,0.0,0.0,2,22945.0,23000.0,1,22925.0,23015.0,0.0,0.0,0.0,0.0,33
2023-05-09 21:38:39,CY2401,CY401,22925.0,0.0,0.0,0.0,2,22945.0,22995.0,1,22925.0,23015.0,0.0,0.0,0.0,0.0,33
2023-05-09 21:38:43,CY2401,CY401,22925.0,0.0,0.0,0.0,1,22950.0,22995.0,1,22925.0,23015.0,0.0,0.0,0.0,0.0,33
2023-05-09 21:38:55,CY2401,CY401,22925.0,0.0,0.0,0.0,3,22950.0,23000.0,1,22925.0,23015.0,0.0,0.0,0.0,0.0,33
2023-05-09 21:39:02,CY2401,CY401,22925.0,0.0,0.0,0.0,1,22950.0,23000.0,1,22925.0,23015.0,0.0,0.0,0.0,0.0,33
2023-05-09 21:39:03,CY2401,CY401,22925.0,0.0,0.0,0.0,1,22950.0,22995.0,1,22925.0,23015.0,0.0,0.0,0.0,0.0,33
2023-05-09 21:39:06,CY2401,CY401,22925.0,0.0,0.0,0.0,1,22950.0,22990.0,1,22925.0,23015.0,0.0,0.0,0.0,0.0,33
2023-05-09 21:39:06,CY2401,CY401,22925.0,0.0,0.0,0.0,1,22950.0,22995.0,1,22925.0,23015.0,0.0,0.0,0.0,0.0,33
2023-05-09 21:39:07,CY2401,CY401,22925.0,0.0,0.0,0.0,1,22950.0,22990.0,1,22925.0,23015.0,0.0,0.0,0.0,0.0,33
2023-05-09 21:39:07,CY2401,CY401,22925.0,0.0,0.0,0.0,1,22950.0,22995.0,1,22925.0,23015.0,0.0,0.0,0.0,0.0,33
2023-05-09 21:39:10,CY2401,CY401,22925.0,0.0,0.0,0.0,1,22950.0,22990.0,1,22925.0,23015.0,0.0,0.0,0.0,0.0,33
2023-05-09 21:39:25,CY2401,CY401,22925.0,0.0,0.0,0.0,1,22950.0,22995.0,1,22925.0,23015.0,0.0,0.0,0.0,0.0,33
2023-05-09 21:39:25,CY2401,CY401,22925.0,0.0,0.0,0.0,1,22950.0,22990.0,1,22925.0,23015.0,0.0,0.0,0.0,0.0,33
2023-05-09 21:39:25,CY2401,CY401,22925.0,0.0,0.0,0.0,1,22950.0,22995.0,1,22925.0,23015.0,0.0,0.0,0.0,0.0,33
2023-05-09 21:39:26,CY2401,CY401,22925.0,0.0,0.0,0.0,1,22950.0,22990.0,1,22925.0,23015.0,0.0,0.0,0.0,0.0,33
2023-05-09 21:39:33,CY2401,CY401,22925.0,0.0,0.0,0.0,1,22950.0,22985.0,1,22925.0,23015.0,0.0,0.0,0.0,0.0,33
2023-05-09 21:39:33,CY2401,CY401,22925.0,0.0,0.0,0.0,1,22950.0,22990.0,1,22925.0,23015.0,0.0,0.0,0.0,0.0,33
2023-05-09 21:39:34,CY2401,CY401,22925.0,0.0,0.0,0.0,1,22950.0,22985.0,1,22925.0,23015.0,0.0,0.0,0.0,0.0,33
2023-05-09 21:39:36,CY2401,CY401,22925.0,0.0,0.0,0.0,1,22950.0,22990.0,1,22925.0,23015.0,0.0,0.0,0.0,0.0,33
2023-05-09 21:39:37,CY2401,CY401,22925.0,0.0,0.0,0.0,1,22950.0,22985.0,1,22925.0,23015.0,0.0,0.0,0.0,0.0,33
2023-05-09 21:39:39,CY2401,CY401,22925.0,0.0,0.0,0.0,1,22950.0,22990.0,1,22925.0,23015.0,0.0,0.0,0.0,0.0,33
2023-05-09 21:39:39,CY2401,CY401,22925.0,0.0,0.0,0.0,1,22950.0,22985.0,1,22925.0,23015.0,0.0,0.0,0.0,0.0,33
2023-05-09 21:39:40,CY2401,CY401,22925.0,0.0,0.0,0.0,1,22950.0,22990.0,1,22925.0,23015.0,0.0,0.0,0.0,0.0,33
2023-05-09 21:39:45,CY2401,CY401,22925.0,0.0,0.0,0.0,1,22950.0,22985.0,1,22925.0,23015.0,0.0,0.0,0.0,0.0,33
2023-05-09 21:39:46,CY2401,CY401,22925.0,0.0,0.0,0.0,1,22950.0,22990.0,1,22925.0,23015.0,0.0,0.0,0.0,0.0,33
2023-05-09 21:39:52,CY2401,CY401,22925.0,0.0,0.0,0.0,1,22950.0,22985.0,1,22925.0,23015.0,0.0,0.0,0.0,0.0,33
2023-05-09 21:40:02,CY2401,CY401,22925.0,0.0,0.0,0.0,1,22950.0,22990.0,1,22925.0,23015.0,0.0,0.0,0.0,0.0,33
2023-05-09 21:40:02,CY2401,CY401,22925.0,0.0,0.0,0.0,1,22950.0,22995.0,1,22925.0,23015.0,0.0,0.0,0.0,0.0,33
2023-05-09 21:40:04,CY2401,CY401,22925.0,0.0,0.0,0.0,1,22950.0,22990.0,1,22925.0,23015.0,0.0,0.0,0.0,0.0,33
2023-05-09 21:40:06,CY2401,CY401,22925.0,0.0,0.0,0.0,1,22950.0,22985.0,1,22925.0,23015.0,0.0,0.0,0.0,0.0,33
2023-05-09 21:40:14,CY2401,CY401,22925.0,0.0,0.0,0.0,1,22950.0,22980.0,1,22925.0,23015.0,0.0,0.0,0.0,0.0,33
2023-05-09 21:40:17,CY2401,CY401,22925.0,0.0,0.0,0.0,1,22950.0,22985.0,1,22925.0,23015.0,0.0,0.0,0.0,0.0,33
2023-05-09 21:40:17,CY2401,CY401,22925.0,0.0,0.0,0.0,1,22950.0,22980.0,1,22925.0,23015.0,0.0,0.0,0.0,0.0,33
2023-05-09 21:40:18,CY2401,CY401,22925.0,0.0,0.0,0.0,1,22950.0,22985.0,1,22925.0,23015.0,0.0,0.0,0.0,0.0,33
2023-05-09 21:40:21,CY2401,CY401,22925.0,0.0,0.0,0.0,1,22950.0,22980.0,1,22925.0,23015.0,0.0,0.0,0.0,0.0,33
2023-05-09 21:40:23,CY2401,CY401,22925.0,0.0,0.0,0.0,1,22950.0,22985.0,1,22925.0,23015.0,0.0,0.0,0.0,0.0,33
2023-05-09 21:40:28,CY2401,CY401,22925.0,0.0,0.0,0.0,1,22950.0,22980.0,1,22925.0,23015.0,0.0,0.0,0.0,0.0,33
2023-05-09 21:40:44,CY2401,CY401,22925.0,0.0,0.0,0.0,1,22950.0,22975.0,1,22925.0,23015.0,0.0,0.0,0.0,0.0,33
2023-05-09 21:40:45,CY2401,CY401,22925.0,0.0,0.0,0.0,2,22925.0,22975.0,1,22925.0,23015.0,0.0,0.0,0.0,0.0,33
2023-05-09 21:40:49,CY2401,CY401,22925.0,0.0,0.0,0.0,2,22920.0,22975.0,1,22925.0,23015.0,0.0,0.0,0.0,0.0,33
2023-05-09 21:40:49,CY2401,CY401,22925.0,0.0,0.0,0.0,2,22925.0,22975.0,1,22925.0,23015.0,0.0,0.0,0.0,0.0,33
2023-05-09 21:40:52,CY2401,CY401,22925.0,0.0,0.0,0.0,2,22930.0,22980.0,1,22925.0,23015.0,0.0,0.0,0.0,0.0,33
2023-05-09 21:40:52,CY2401,CY401,22925.0,0.0,0.0,0.0,3,22930.0,22980.0,1,22925.0,23015.0,0.0,0.0,0.0,0.0,33
2023-05-09 21:40:57,CY2401,CY401,22925.0,0.0,0.0,0.0,1,22930.0,22975.0,1,22925.0,23015.0,0.0,0.0,0.0,0.0,33
2023-05-09 21:41:13,CY2401,CY401,22925.0,0.0,0.0,0.0,1,22930.0,22970.0,1,22925.0,23015.0,0.0,0.0,0.0,0.0,33
2023-05-09 21:41:13,CY2401,CY401,22925.0,0.0,0.0,0.0,1,22930.0,22975.0,1,22925.0,23015.0,0.0,0.0,0.0,0.0,33
2023-05-09 21:41:21,CY2401,CY401,22925.0,0.0,0.0,0.0,2,22930.0,22975.0,1,22925.0,23015.0,0.0,0.0,0.0,0.0,33
2023-05-09 21:41:26,CY2401,CY401,22925.0,0.0,0.0,0.0,1,22930.0,22970.0,1,22925.0,23015.0,0.0,0.0,0.0,0.0,33
2023-05-09 21:41:27,CY2401,CY401,22925.0,0.0,0.0,0.0,1,22930.0,22965.0,1,22925.0,23015.0,0.0,0.0,0.0,0.0,33
2023-05-09 21:41:28,CY2401,CY401,22925.0,0.0,0.0,0.0,1,22930.0,22970.0,1,22925.0,23015.0,0.0,0.0,0.0,0.0,33
2023-05-09 21:41:29,CY2401,CY401,22925.0,0.0,0.0,0.0,1,22930.0,22965.0,1,22925.0,23015.0,0.0,0.0,0.0,0.0,33
2023-05-09 21:41:30,CY2401,CY401,22925.0,0.0,0.0,0.0,1,22930.0,22970.0,1,22925.0,23015.0,0.0,0.0,0.0,0.0,33
2023-05-09 21:41:32,CY2401,CY401,22925.0,0.0,0.0,0.0,1,22930.0,22965.0,1,22925.0,23015.0,0.0,0.0,0.0,0.0,33
2023-05-09 21:41:34,CY2401,CY401,22925.0,0.0,0.0,0.0,1,22930.0,22970.0,1,22925.0,23015.0,0.0,0.0,0.0,0.0,33
2023-05-09 21:41:34,CY2401,CY401,22925.0,0.0,0.0,0.0,1,22930.0,22965.0,1,22925.0,23015.0,0.0,0.0,0.0,0.0,33
2023-05-09 21:41:42,CY2401,CY401,22925.0,0.0,0.0,0.0,1,22930.0,22970.0,1,22925.0,23015.0,0.0,0.0,0.0,0.0,33
2023-05-09 21:41:42,CY2401,CY401,22925.0,0.0,0.0,0.0,1,22930.0,22965.0,1,22925.0,23015.0,0.0,0.0,0.0,0.0,33
2023-05-09 21:41:44,CY2401,CY401,22925.0,0.0,0.0,0.0,1,22930.0,22970.0,1,22925.0,23015.0,0.0,0.0,0.0,0.0,33
2023-05-09 21:41:45,CY2401,CY401,22925.0,0.0,0.0,0.0,1,22930.0,22965.0,1,22925.0,23015.0,0.0,0.0,0.0,0.0,33
2023-05-09 21:41:50,CY2401,CY401,22925.0,0.0,0.0,0.0,1,22930.0,22970.0,1,22925.0,23015.0,0.0,0.0,0.0,0.0,33
2023-05-09 21:42:10,CY2401,CY401,22925.0,0.0,0.0,0.0,2,22930.0,22975.0,1,22925.0,23015.0,0.0,0.0,0.0,0.0,33
2023-05-09 21:42:11,CY2401,CY401,22925.0,0.0,0.0,0.0,1,22930.0,22975.0,1,22925.0,23015.0,0.0,0.0,0.0,0.0,33
2023-05-09 21:42:12,CY2401,CY401,22925.0,0.0,0.0,0.0,1,22930.0,22970.0,1,22925.0,23015.0,0.0,0.0,0.0,0.0,33
2023-05-09 21:42:14,CY2401,CY401,22925.0,0.0,0.0,0.0,2,22930.0,22975.0,1,22925.0,23015.0,0.0,0.0,0.0,0.0,33
2023-05-09 21:42:19,CY2401,CY401,22925.0,0.0,0.0,0.0,1,22930.0,22970.0,1,22925.0,23015.0,0.0,0.0,0.0,0.0,33
2023-05-09 21:42:21,CY2401,CY401,22925.0,0.0,0.0,0.0,1,22930.0,22965.0,1,22925.0,23015.0,0.0,0.0,0.0,0.0,33
2023-05-09 21:42:22,CY2401,CY401,22925.0,0.0,0.0,0.0,1,22930.0,22970.0,1,22925.0,23015.0,0.0,0.0,0.0,0.0,33
2023-05-09 21:42:31,CY2401,CY401,22925.0,0.0,0.0,0.0,1,22930.0,22975.0,1,22925.0,23015.0,0.0,0.0,0.0,0.0,33
