time,symbol_id,symbol_name,last,trade_volume,trade_amount,open_interest_change,bv1,bp1,ap1,av1,yesterday_close,today_open,today_high,today_low,volume,amount,open_interest
2023-05-09 20:59:00,sc2506,sc2506,518.0,0.0,0.0,0.0,3,491.0,550.0,3,518.0,0.0,0.0,0.0,0.0,0.0,11
2023-05-09 21:00:02,sc2506,sc2506,518.0,0.0,0.0,0.0,3,491.0,549.8,1,518.0,0.0,0.0,0.0,0.0,0.0,11
2023-05-09 21:00:03,sc2506,sc2506,518.0,0.0,0.0,0.0,3,491.0,549.8,1,518.0,0.0,0.0,0.0,0.0,0.0,11
2023-05-09 21:00:04,sc2506,sc2506,518.0,0.0,0.0,0.0,1,499.2,530.3,1,518.0,0.0,0.0,0.0,0.0,0.0,11
2023-05-09 21:00:04,sc2506,sc2506,518.0,0.0,0.0,0.0,1,499.2,530.3,1,518.0,0.0,0.0,0.0,0.0,0.0,11
2023-05-09 21:00:15,sc2506,sc2506,518.0,0.0,0.0,0.0,1,501.9,528.6,1,518.0,0.0,0.0,0.0,0.0,0.0,11
2023-05-09 21:00:19,sc2506,sc2506,518.0,0.0,0.0,0.0,1,501.9,528.6,1,518.0,0.0,0.0,0.0,0.0,0.0,11
2023-05-09 21:00:46,sc2506,sc2506,518.0,0.0,0.0,0.0,1,501.9,528.5,1,518.0,0.0,0.0,0.0,0.0,0.0,11
2023-05-09 21:00:46,sc2506,sc2506,518.0,0.0,0.0,0.0,1,501.9,528.5,2,518.0,0.0,0.0,0.0,0.0,0.0,11
2023-05-09 21:00:58,sc2506,sc2506,518.0,0.0,0.0,0.0,1,501.9,528.5,2,518.0,0.0,0.0,0.0,0.0,0.0,11
2023-05-09 21:01:04,sc2506,sc2506,518.0,0.0,0.0,0.0,1,501.9,528.4,2,518.0,0.0,0.0,0.0,0.0,0.0,11
2023-05-09 21:01:04,sc2506,sc2506,518.0,0.0,0.0,0.0,1,501.9,528.4,2,518.0,0.0,0.0,0.0,0.0,0.0,11
2023-05-09 21:01:05,sc2506,sc2506,518.0,0.0,0.0,0.0,1,501.9,528.3,1,518.0,0.0,0.0,0.0,0.0,0.0,11
2023-05-09 21:01:05,sc2506,sc2506,518.0,0.0,0.0,0.0,1,501.9,528.3,1,518.0,0.0,0.0,0.0,0.0,0.0,11
2023-05-09 21:01:06,sc2506,sc2506,518.0,0.0,0.0,0.0,1,501.9,528.3,2,518.0,0.0,0.0,0.0,0.0,0.0,11
2023-05-09 21:01:43,sc2506,sc2506,518.0,0.0,0.0,0.0,1,501.9,528.3,2,518.0,0.0,0.0,0.0,0.0,0.0,11
2023-05-09 21:01:48,sc2506,sc2506,518.0,0.0,0.0,0.0,1,501.9,528.2,2,518.0,0.0,0.0,0.0,0.0,0.0,11
2023-05-09 21:01:49,sc2506,sc2506,518.0,0.0,0.0,0.0,1,501.9,528.1,1,518.0,0.0,0.0,0.0,0.0,0.0,11
2023-05-09 21:01:49,sc2506,sc2506,518.0,0.0,0.0,0.0,1,501.9,528.1,2,518.0,0.0,0.0,0.0,0.0,0.0,11
2023-05-09 21:02:27,sc2506,sc2506,518.0,0.0,0.0,0.0,1,501.9,528.1,2,518.0,0.0,0.0,0.0,0.0,0.0,11
2023-05-09 21:02:35,sc2506,sc2506,518.0,0.0,0.0,0.0,1,501.9,528.0,2,518.0,0.0,0.0,0.0,0.0,0.0,11
2023-05-09 21:02:35,sc2506,sc2506,518.0,0.0,0.0,0.0,1,501.9,527.9,1,518.0,0.0,0.0,0.0,0.0,0.0,11
2023-05-09 21:02:36,sc2506,sc2506,518.0,0.0,0.0,0.0,1,501.9,527.8,1,518.0,0.0,0.0,0.0,0.0,0.0,11
2023-05-09 21:02:36,sc2506,sc2506,518.0,0.0,0.0,0.0,1,501.9,527.8,1,518.0,0.0,0.0,0.0,0.0,0.0,11
2023-05-09 21:02:37,sc2506,sc2506,518.0,0.0,0.0,0.0,1,501.9,527.8,2,518.0,0.0,0.0,0.0,0.0,0.0,11
2023-05-09 21:03:13,sc2506,sc2506,518.0,0.0,0.0,0.0,1,501.9,527.8,2,518.0,0.0,0.0,0.0,0.0,0.0,11
2023-05-09 21:03:18,sc2506,sc2506,518.0,0.0,0.0,0.0,1,501.9,527.7,2,518.0,0.0,0.0,0.0,0.0,0.0,11
2023-05-09 21:03:18,sc2506,sc2506,518.0,0.0,0.0,0.0,1,501.9,527.7,2,518.0,0.0,0.0,0.0,0.0,0.0,11
2023-05-09 21:03:19,sc2506,sc2506,518.0,0.0,0.0,0.0,1,501.9,527.6,1,518.0,0.0,0.0,0.0,0.0,0.0,11
2023-05-09 21:03:19,sc2506,sc2506,518.0,0.0,0.0,0.0,1,501.9,527.6,1,518.0,0.0,0.0,0.0,0.0,0.0,11
2023-05-09 21:03:20,sc2506,sc2506,518.0,0.0,0.0,0.0,1,501.9,527.6,2,518.0,0.0,0.0,0.0,0.0,0.0,11
2023-05-09 21:03:57,sc2506,sc2506,518.0,0.0,0.0,0.0,1,501.9,527.6,2,518.0,0.0,0.0,0.0,0.0,0.0,11
2023-05-09 21:04:02,sc2506,sc2506,518.0,0.0,0.0,0.0,1,501.9,527.5,2,518.0,0.0,0.0,0.0,0.0,0.0,11
2023-05-09 21:04:03,sc2506,sc2506,518.0,0.0,0.0,0.0,1,501.9,527.4,1,518.0,0.0,0.0,0.0,0.0,0.0,11
2023-05-09 21:04:03,sc2506,sc2506,518.0,0.0,0.0,0.0,1,501.9,527.3,1,518.0,0.0,0.0,0.0,0.0,0.0,11
2023-05-09 21:04:04,sc2506,sc2506,518.0,0.0,0.0,0.0,1,501.9,527.3,1,518.0,0.0,0.0,0.0,0.0,0.0,11
2023-05-09 21:04:04,sc2506,sc2506,518.0,0.0,0.0,0.0,1,501.9,527.3,2,518.0,0.0,0.0,0.0,0.0,0.0,11
2023-05-09 21:04:41,sc2506,sc2506,518.0,0.0,0.0,0.0,1,501.9,527.3,2,518.0,0.0,0.0,0.0,0.0,0.0,11
2023-05-09 21:04:46,sc2506,sc2506,518.0,0.0,0.0,0.0,1,501.9,527.2,2,518.0,0.0,0.0,0.0,0.0,0.0,11
2023-05-09 21:04:47,sc2506,sc2506,518.0,0.0,0.0,0.0,1,501.9,527.1,1,518.0,0.0,0.0,0.0,0.0,0.0,11
2023-05-09 21:04:47,sc2506,sc2506,518.0,0.0,0.0,0.0,1,501.9,527.1,2,518.0,0.0,0.0,0.0,0.0,0.0,11
2023-05-09 21:05:26,sc2506,sc2506,518.0,0.0,0.0,0.0,1,501.9,527.1,2,518.0,0.0,0.0,0.0,0.0,0.0,11
2023-05-09 21:05:32,sc2506,sc2506,518.0,0.0,0.0,0.0,1,501.9,527.0,2,518.0,0.0,0.0,0.0,0.0,0.0,11
2023-05-09 21:05:32,sc2506,sc2506,518.0,0.0,0.0,0.0,1,501.9,527.0,2,518.0,0.0,0.0,0.0,0.0,0.0,11
2023-05-09 21:05:33,sc2506,sc2506,518.0,0.0,0.0,0.0,1,501.9,526.9,1,518.0,0.0,0.0,0.0,0.0,0.0,11
2023-05-09 21:05:33,sc2506,sc2506,518.0,0.0,0.0,0.0,1,501.9,526.8,1,518.0,0.0,0.0,0.0,0.0,0.0,11
2023-05-09 21:05:34,sc2506,sc2506,518.0,0.0,0.0,0.0,1,501.9,526.8,2,518.0,0.0,0.0,0.0,0.0,0.0,11
2023-05-09 21:06:11,sc2506,sc2506,518.0,0.0,0.0,0.0,1,501.9,526.8,2,518.0,0.0,0.0,0.0,0.0,0.0,11
2023-05-09 21:06:16,sc2506,sc2506,518.0,0.0,0.0,0.0,1,501.9,526.7,2,518.0,0.0,0.0,0.0,0.0,0.0,11
2023-05-09 21:06:17,sc2506,sc2506,518.0,0.0,0.0,0.0,1,501.9,526.7,2,518.0,0.0,0.0,0.0,0.0,0.0,11
2023-05-09 21:06:17,sc2506,sc2506,518.0,0.0,0.0,0.0,1,501.9,526.6,1,518.0,0.0,0.0,0.0,0.0,0.0,11
2023-05-09 21:06:18,sc2506,sc2506,518.0,0.0,0.0,0.0,1,501.9,526.6,1,518.0,0.0,0.0,0.0,0.0,0.0,11
2023-05-09 21:06:18,sc2506,sc2506,518.0,0.0,0.0,0.0,1,501.9,526.6,2,518.0,0.0,0.0,0.0,0.0,0.0,11
2023-05-09 21:06:56,sc2506,sc2506,518.0,0.0,0.0,0.0,1,501.9,526.6,2,518.0,0.0,0.0,0.0,0.0,0.0,11
2023-05-09 21:07:03,sc2506,sc2506,518.0,0.0,0.0,0.0,1,501.9,526.5,2,518.0,0.0,0.0,0.0,0.0,0.0,11
2023-05-09 21:07:03,sc2506,sc2506,518.0,0.0,0.0,0.0,1,501.9,526.4,1,518.0,0.0,0.0,0.0,0.0,0.0,11
2023-05-09 21:07:04,sc2506,sc2506,518.0,0.0,0.0,0.0,1,501.9,526.3,1,518.0,0.0,0.0,0.0,0.0,0.0,11
2023-05-09 21:07:04,sc2506,sc2506,518.0,0.0,0.0,0.0,1,501.9,526.3,1,518.0,0.0,0.0,0.0,0.0,0.0,11
2023-05-09 21:07:05,sc2506,sc2506,518.0,0.0,0.0,0.0,1,501.9,526.3,2,518.0,0.0,0.0,0.0,0.0,0.0,11
2023-05-09 21:07:18,sc2506,sc2506,518.0,0.0,0.0,0.0,1,501.9,526.3,2,518.0,0.0,0.0,0.0,0.0,0.0,11
2023-05-09 21:07:19,sc2506,sc2506,518.0,0.0,0.0,0.0,1,501.9,526.3,2,518.0,0.0,0.0,0.0,0.0,0.0,11
2023-05-09 21:07:42,sc2506,sc2506,518.0,0.0,0.0,0.0,1,501.9,526.3,2,518.0,0.0,0.0,0.0,0.0,0.0,11
2023-05-09 21:07:46,sc2506,sc2506,518.0,0.0,0.0,0.0,1,501.9,526.2,2,518.0,0.0,0.0,0.0,0.0,0.0,11
2023-05-09 21:07:47,sc2506,sc2506,518.0,0.0,0.0,0.0,1,501.9,526.2,2,518.0,0.0,0.0,0.0,0.0,0.0,11
2023-05-09 21:07:47,sc2506,sc2506,518.0,0.0,0.0,0.0,1,501.9,526.1,1,518.0,0.0,0.0,0.0,0.0,0.0,11
2023-05-09 21:07:48,sc2506,sc2506,518.0,0.0,0.0,0.0,1,501.9,526.1,1,518.0,0.0,0.0,0.0,0.0,0.0,11
2023-05-09 21:07:48,sc2506,sc2506,518.0,0.0,0.0,0.0,1,501.9,526.1,2,518.0,0.0,0.0,0.0,0.0,0.0,11
2023-05-09 21:08:26,sc2506,sc2506,518.0,0.0,0.0,0.0,1,501.9,526.1,2,518.0,0.0,0.0,0.0,0.0,0.0,11
2023-05-09 21:08:32,sc2506,sc2506,518.0,0.0,0.0,0.0,1,501.9,526.0,2,518.0,0.0,0.0,0.0,0.0,0.0,11
2023-05-09 21:08:32,sc2506,sc2506,518.0,0.0,0.0,0.0,1,501.9,525.9,1,518.0,0.0,0.0,0.0,0.0,0.0,11
2023-05-09 21:08:33,sc2506,sc2506,518.0,0.0,0.0,0.0,1,501.9,525.8,1,518.0,0.0,0.0,0.0,0.0,0.0,11
2023-05-09 21:08:33,sc2506,sc2506,518.0,0.0,0.0,0.0,1,501.9,525.8,1,518.0,0.0,0.0,0.0,0.0,0.0,11
2023-05-09 21:08:34,sc2506,sc2506,518.0,0.0,0.0,0.0,1,501.9,525.8,2,518.0,0.0,0.0,0.0,0.0,0.0,11
2023-05-09 21:09:11,sc2506,sc2506,518.0,0.0,0.0,0.0,1,501.9,525.8,2,518.0,0.0,0.0,0.0,0.0,0.0,11
2023-05-09 21:09:16,sc2506,sc2506,518.0,0.0,0.0,0.0,1,501.9,525.7,2,518.0,0.0,0.0,0.0,0.0,0.0,11
2023-05-09 21:09:16,sc2506,sc2506,518.0,0.0,0.0,0.0,1,501.9,525.6,1,518.0,0.0,0.0,0.0,0.0,0.0,11
2023-05-09 21:09:17,sc2506,sc2506,518.0,0.0,0.0,0.0,1,501.9,525.6,2,518.0,0.0,0.0,0.0,0.0,0.0,11
2023-05-09 21:09:55,sc2506,sc2506,518.0,0.0,0.0,0.0,1,501.9,525.6,2,518.0,0.0,0.0,0.0,0.0,0.0,11
2023-05-09 21:10:01,sc2506,sc2506,518.0,0.0,0.0,0.0,1,501.9,525.5,2,518.0,0.0,0.0,0.0,0.0,0.0,11
2023-05-09 21:10:02,sc2506,sc2506,518.0,0.0,0.0,0.0,1,501.9,525.4,1,518.0,0.0,0.0,0.0,0.0,0.0,11
2023-05-09 21:10:02,sc2506,sc2506,518.0,0.0,0.0,0.0,1,501.9,525.3,1,518.0,0.0,0.0,0.0,0.0,0.0,11
2023-05-09 21:10:03,sc2506,sc2506,518.0,0.0,0.0,0.0,1,501.9,525.3,1,518.0,0.0,0.0,0.0,0.0,0.0,11
2023-05-09 21:10:03,sc2506,sc2506,518.0,0.0,0.0,0.0,1,501.9,525.3,2,518.0,0.0,0.0,0.0,0.0,0.0,11
2023-05-09 21:10:40,sc2506,sc2506,518.0,0.0,0.0,0.0,1,501.9,525.3,2,518.0,0.0,0.0,0.0,0.0,0.0,11
2023-05-09 21:10:46,sc2506,sc2506,518.0,0.0,0.0,0.0,1,501.9,525.2,2,518.0,0.0,0.0,0.0,0.0,0.0,11
2023-05-09 21:10:46,sc2506,sc2506,518.0,0.0,0.0,0.0,1,501.9,525.1,1,518.0,0.0,0.0,0.0,0.0,0.0,11
2023-05-09 21:10:47,sc2506,sc2506,518.0,0.0,0.0,0.0,1,501.9,525.1,2,518.0,0.0,0.0,0.0,0.0,0.0,11
2023-05-09 21:11:25,sc2506,sc2506,518.0,0.0,0.0,0.0,1,501.9,525.1,2,518.0,0.0,0.0,0.0,0.0,0.0,11
2023-05-09 21:11:30,sc2506,sc2506,518.0,0.0,0.0,0.0,1,501.9,525.0,2,518.0,0.0,0.0,0.0,0.0,0.0,11
2023-05-09 21:11:31,sc2506,sc2506,518.0,0.0,0.0,0.0,1,501.9,524.9,1,518.0,0.0,0.0,0.0,0.0,0.0,11
2023-05-09 21:11:31,sc2506,sc2506,518.0,0.0,0.0,0.0,1,501.9,524.8,1,518.0,0.0,0.0,0.0,0.0,0.0,11
2023-05-09 21:11:32,sc2506,sc2506,518.0,0.0,0.0,0.0,1,501.9,524.8,1,518.0,0.0,0.0,0.0,0.0,0.0,11
2023-05-09 21:11:32,sc2506,sc2506,518.0,0.0,0.0,0.0,1,501.9,524.8,2,518.0,0.0,0.0,0.0,0.0,0.0,11
2023-05-09 21:12:10,sc2506,sc2506,518.0,0.0,0.0,0.0,1,501.9,524.8,2,518.0,0.0,0.0,0.0,0.0,0.0,11
2023-05-09 21:12:16,sc2506,sc2506,518.0,0.0,0.0,0.0,1,501.9,524.7,2,518.0,0.0,0.0,0.0,0.0,0.0,11
2023-05-09 21:12:16,sc2506,sc2506,518.0,0.0,0.0,0.0,1,501.9,524.6,1,518.0,0.0,0.0,0.0,0.0,0.0,11
2023-05-09 21:12:17,sc2506,sc2506,518.0,0.0,0.0,0.0,1,501.9,524.6,2,518.0,0.0,0.0,0.0,0.0,0.0,11
2023-05-09 21:12:54,sc2506,sc2506,518.0,0.0,0.0,0.0,1,501.9,524.6,2,518.0,0.0,0.0,0.0,0.0,0.0,11
2023-05-09 21:12:59,sc2506,sc2506,518.0,0.0,0.0,0.0,1,501.9,524.5,2,518.0,0.0,0.0,0.0,0.0,0.0,11
2023-05-09 21:13:00,sc2506,sc2506,518.0,0.0,0.0,0.0,1,501.9,524.4,1,518.0,0.0,0.0,0.0,0.0,0.0,11
2023-05-09 21:13:00,sc2506,sc2506,518.0,0.0,0.0,0.0,1,501.9,524.3,1,518.0,0.0,0.0,0.0,0.0,0.0,11
2023-05-09 21:13:01,sc2506,sc2506,518.0,0.0,0.0,0.0,1,501.9,524.3,1,518.0,0.0,0.0,0.0,0.0,0.0,11
2023-05-09 21:13:01,sc2506,sc2506,518.0,0.0,0.0,0.0,1,501.9,524.3,2,518.0,0.0,0.0,0.0,0.0,0.0,11
2023-05-09 21:13:28,sc2506,sc2506,518.0,0.0,0.0,0.0,1,501.9,524.3,2,518.0,0.0,0.0,0.0,0.0,0.0,11
2023-05-09 21:13:44,sc2506,sc2506,518.0,0.0,0.0,0.0,2,502.0,524.3,2,518.0,0.0,0.0,0.0,0.0,0.0,11
2023-05-09 21:14:32,sc2506,sc2506,518.0,0.0,0.0,0.0,1,501.9,524.3,2,518.0,0.0,0.0,0.0,0.0,0.0,11
2023-05-09 21:15:15,sc2506,sc2506,518.0,0.0,0.0,0.0,2,502.0,524.3,2,518.0,0.0,0.0,0.0,0.0,0.0,11
2023-05-09 21:20:12,sc2506,sc2506,518.0,0.0,0.0,0.0,1,501.9,524.3,2,518.0,0.0,0.0,0.0,0.0,0.0,11
2023-05-09 21:20:17,sc2506,sc2506,518.0,0.0,0.0,0.0,2,502.0,524.3,2,518.0,0.0,0.0,0.0,0.0,0.0,11
2023-05-09 21:24:33,sc2506,sc2506,518.0,0.0,0.0,0.0,1,501.9,524.3,2,518.0,0.0,0.0,0.0,0.0,0.0,11
2023-05-09 21:24:41,sc2506,sc2506,518.0,0.0,0.0,0.0,1,501.9,524.2,2,518.0,0.0,0.0,0.0,0.0,0.0,11
2023-05-09 21:24:42,sc2506,sc2506,518.0,0.0,0.0,0.0,1,501.9,524.1,1,518.0,0.0,0.0,0.0,0.0,0.0,11
2023-05-09 21:24:42,sc2506,sc2506,518.0,0.0,0.0,0.0,1,501.9,524.1,2,518.0,0.0,0.0,0.0,0.0,0.0,11
2023-05-09 21:25:20,sc2506,sc2506,518.0,0.0,0.0,0.0,1,501.9,524.1,2,518.0,0.0,0.0,0.0,0.0,0.0,11
2023-05-09 21:25:25,sc2506,sc2506,518.0,0.0,0.0,0.0,1,501.9,524.0,2,518.0,0.0,0.0,0.0,0.0,0.0,11
2023-05-09 21:25:26,sc2506,sc2506,518.0,0.0,0.0,0.0,1,501.9,523.9,1,518.0,0.0,0.0,0.0,0.0,0.0,11
2023-05-09 21:25:26,sc2506,sc2506,518.0,0.0,0.0,0.0,1,501.9,523.8,1,518.0,0.0,0.0,0.0,0.0,0.0,11
2023-05-09 21:25:27,sc2506,sc2506,518.0,0.0,0.0,0.0,1,501.9,523.8,1,518.0,0.0,0.0,0.0,0.0,0.0,11
2023-05-09 21:25:27,sc2506,sc2506,518.0,0.0,0.0,0.0,1,501.9,523.8,2,518.0,0.0,0.0,0.0,0.0,0.0,11
2023-05-09 21:25:50,sc2506,sc2506,518.0,0.0,0.0,0.0,1,501.9,523.8,2,518.0,0.0,0.0,0.0,0.0,0.0,11
2023-05-09 21:26:04,sc2506,sc2506,518.0,0.0,0.0,0.0,1,501.9,523.8,2,518.0,0.0,0.0,0.0,0.0,0.0,11
2023-05-09 21:26:09,sc2506,sc2506,518.0,0.0,0.0,0.0,1,501.9,523.7,2,518.0,0.0,0.0,0.0,0.0,0.0,11
2023-05-09 21:26:10,sc2506,sc2506,518.0,0.0,0.0,0.0,1,501.9,523.6,1,518.0,0.0,0.0,0.0,0.0,0.0,11
2023-05-09 21:26:10,sc2506,sc2506,518.0,0.0,0.0,0.0,1,501.9,523.6,2,518.0,0.0,0.0,0.0,0.0,0.0,11
2023-05-09 21:26:49,sc2506,sc2506,518.0,0.0,0.0,0.0,1,501.9,523.6,2,518.0,0.0,0.0,0.0,0.0,0.0,11
2023-05-09 21:26:55,sc2506,sc2506,518.0,0.0,0.0,0.0,2,502.0,523.6,2,518.0,0.0,0.0,0.0,0.0,0.0,11
2023-05-09 21:27:42,sc2506,sc2506,518.0,0.0,0.0,0.0,1,501.9,523.6,2,518.0,0.0,0.0,0.0,0.0,0.0,11
2023-05-09 21:28:23,sc2506,sc2506,518.0,0.0,0.0,0.0,2,502.0,523.6,2,518.0,0.0,0.0,0.0,0.0,0.0,11
2023-05-09 21:28:41,sc2506,sc2506,518.0,0.0,0.0,0.0,2,502.0,523.6,2,518.0,0.0,0.0,0.0,0.0,0.0,11
2023-05-09 21:30:01,sc2506,sc2506,518.0,0.0,0.0,0.0,1,501.9,523.6,2,518.0,0.0,0.0,0.0,0.0,0.0,11
2023-05-09 21:30:04,sc2506,sc2506,518.0,0.0,0.0,0.0,1,499.2,523.6,2,518.0,0.0,0.0,0.0,0.0,0.0,11
2023-05-09 21:30:11,sc2506,sc2506,518.0,0.0,0.0,0.0,1,499.2,523.6,2,518.0,0.0,0.0,0.0,0.0,0.0,11
2023-05-09 21:30:12,sc2506,sc2506,518.0,0.0,0.0,0.0,1,499.2,523.6,2,518.0,0.0,0.0,0.0,0.0,0.0,11
2023-05-09 21:30:33,sc2506,sc2506,518.0,0.0,0.0,0.0,2,499.3,523.6,2,518.0,0.0,0.0,0.0,0.0,0.0,11
2023-05-09 21:32:54,sc2506,sc2506,518.0,0.0,0.0,0.0,2,499.3,523.5,1,518.0,0.0,0.0,0.0,0.0,0.0,11
2023-05-09 21:32:54,sc2506,sc2506,518.0,0.0,0.0,0.0,2,499.3,523.4,1,518.0,0.0,0.0,0.0,0.0,0.0,11
2023-05-09 21:32:55,sc2506,sc2506,518.0,0.0,0.0,0.0,2,499.3,523.3,1,518.0,0.0,0.0,0.0,0.0,0.0,11
2023-05-09 21:32:55,sc2506,sc2506,518.0,0.0,0.0,0.0,2,499.3,523.3,1,518.0,0.0,0.0,0.0,0.0,0.0,11
2023-05-09 21:32:56,sc2506,sc2506,518.0,0.0,0.0,0.0,2,499.3,523.3,2,518.0,0.0,0.0,0.0,0.0,0.0,11
2023-05-09 21:34:45,sc2506,sc2506,518.0,0.0,0.0,0.0,2,499.3,523.3,2,518.0,0.0,0.0,0.0,0.0,0.0,11
2023-05-09 21:34:46,sc2506,sc2506,518.0,0.0,0.0,0.0,2,499.3,523.3,2,518.0,0.0,0.0,0.0,0.0,0.0,11
2023-05-09 21:35:06,sc2506,sc2506,518.0,0.0,0.0,0.0,2,499.3,523.3,2,518.0,0.0,0.0,0.0,0.0,0.0,11
2023-05-09 21:35:30,sc2506,sc2506,518.0,0.0,0.0,0.0,1,499.2,523.3,2,518.0,0.0,0.0,0.0,0.0,0.0,11
2023-05-09 21:35:35,sc2506,sc2506,518.0,0.0,0.0,0.0,2,499.3,523.3,2,518.0,0.0,0.0,0.0,0.0,0.0,11
2023-05-09 21:36:32,sc2506,sc2506,518.0,0.0,0.0,0.0,1,499.4,523.3,2,518.0,0.0,0.0,0.0,0.0,0.0,11
2023-05-09 21:37:10,sc2506,sc2506,518.0,0.0,0.0,0.0,1,499.4,523.3,2,518.0,0.0,0.0,0.0,0.0,0.0,11
2023-05-09 21:37:47,sc2506,sc2506,518.0,0.0,0.0,0.0,2,499.5,523.3,2,518.0,0.0,0.0,0.0,0.0,0.0,11
2023-05-09 21:42:32,sc2506,sc2506,518.0,0.0,0.0,0.0,2,499.5,523.3,2,518.0,0.0,0.0,0.0,0.0,0.0,11
2023-05-09 21:42:33,sc2506,sc2506,518.0,0.0,0.0,0.0,2,499.5,523.3,2,518.0,0.0,0.0,0.0,0.0,0.0,11
2023-05-09 21:42:49,sc2506,sc2506,518.0,0.0,0.0,0.0,1,499.4,523.3,2,518.0,0.0,0.0,0.0,0.0,0.0,11
2023-05-09 21:42:50,sc2506,sc2506,518.0,0.0,0.0,0.0,1,501.9,523.3,2,518.0,0.0,0.0,0.0,0.0,0.0,11
2023-05-09 21:42:50,sc2506,sc2506,518.0,0.0,0.0,0.0,1,501.9,523.3,2,518.0,0.0,0.0,0.0,0.0,0.0,11
2023-05-09 21:42:58,sc2506,sc2506,518.0,0.0,0.0,0.0,1,501.9,523.3,2,518.0,0.0,0.0,0.0,0.0,0.0,11
2023-05-09 21:43:21,sc2506,sc2506,518.0,0.0,0.0,0.0,1,501.9,523.3,2,518.0,0.0,0.0,0.0,0.0,0.0,11
2023-05-09 21:43:33,sc2506,sc2506,518.0,0.0,0.0,0.0,2,502.0,523.3,2,518.0,0.0,0.0,0.0,0.0,0.0,11
2023-05-09 21:44:19,sc2506,sc2506,518.0,0.0,0.0,0.0,2,502.0,523.3,2,518.0,0.0,0.0,0.0,0.0,0.0,11
2023-05-09 21:44:20,sc2506,sc2506,518.0,0.0,0.0,0.0,2,502.0,523.3,2,518.0,0.0,0.0,0.0,0.0,0.0,11
2023-05-09 21:48:30,sc2506,sc2506,518.0,0.0,0.0,0.0,1,501.9,523.3,2,518.0,0.0,0.0,0.0,0.0,0.0,11
2023-05-09 21:48:40,sc2506,sc2506,518.0,0.0,0.0,0.0,2,502.0,523.3,2,518.0,0.0,0.0,0.0,0.0,0.0,11
2023-05-09 21:53:37,sc2506,sc2506,518.0,0.0,0.0,0.0,1,501.9,523.3,2,518.0,0.0,0.0,0.0,0.0,0.0,11
2023-05-09 21:53:42,sc2506,sc2506,518.0,0.0,0.0,0.0,2,502.0,523.3,2,518.0,0.0,0.0,0.0,0.0,0.0,11
2023-05-09 21:56:07,sc2506,sc2506,518.0,0.0,0.0,0.0,1,501.9,523.3,2,518.0,0.0,0.0,0.0,0.0,0.0,11
2023-05-09 21:56:33,sc2506,sc2506,518.0,0.0,0.0,0.0,1,501.9,523.3,2,518.0,0.0,0.0,0.0,0.0,0.0,11
2023-05-09 21:56:35,sc2506,sc2506,518.0,0.0,0.0,0.0,1,501.9,523.3,2,518.0,0.0,0.0,0.0,0.0,0.0,11
2023-05-09 21:56:36,sc2506,sc2506,518.0,0.0,0.0,0.0,1,501.9,523.2,2,518.0,0.0,0.0,0.0,0.0,0.0,11
2023-05-09 21:56:37,sc2506,sc2506,518.0,0.0,0.0,0.0,1,501.9,523.1,1,518.0,0.0,0.0,0.0,0.0,0.0,11
2023-05-09 21:56:37,sc2506,sc2506,518.0,0.0,0.0,0.0,1,501.9,523.1,2,518.0,0.0,0.0,0.0,0.0,0.0,11
2023-05-09 21:57:15,sc2506,sc2506,518.0,0.0,0.0,0.0,1,501.9,523.1,2,518.0,0.0,0.0,0.0,0.0,0.0,11
2023-05-09 21:57:20,sc2506,sc2506,518.0,0.0,0.0,0.0,1,501.9,523.0,2,518.0,0.0,0.0,0.0,0.0,0.0,11
2023-05-09 21:57:21,sc2506,sc2506,518.0,0.0,0.0,0.0,1,501.9,522.9,1,518.0,0.0,0.0,0.0,0.0,0.0,11
2023-05-09 21:57:21,sc2506,sc2506,518.0,0.0,0.0,0.0,1,501.9,522.8,1,518.0,0.0,0.0,0.0,0.0,0.0,11
2023-05-09 21:57:22,sc2506,sc2506,518.0,0.0,0.0,0.0,1,501.9,522.8,1,518.0,0.0,0.0,0.0,0.0,0.0,11
2023-05-09 21:57:22,sc2506,sc2506,518.0,0.0,0.0,0.0,1,501.9,522.8,2,518.0,0.0,0.0,0.0,0.0,0.0,11
2023-05-09 21:57:59,sc2506,sc2506,518.0,0.0,0.0,0.0,1,501.9,522.8,2,518.0,0.0,0.0,0.0,0.0,0.0,11
2023-05-09 21:58:05,sc2506,sc2506,518.0,0.0,0.0,0.0,1,501.9,522.7,2,518.0,0.0,0.0,0.0,0.0,0.0,11
2023-05-09 21:58:05,sc2506,sc2506,518.0,0.0,0.0,0.0,1,501.9,522.6,1,518.0,0.0,0.0,0.0,0.0,0.0,11
2023-05-09 21:58:06,sc2506,sc2506,518.0,0.0,0.0,0.0,1,501.9,522.6,2,518.0,0.0,0.0,0.0,0.0,0.0,11
2023-05-09 21:58:08,sc2506,sc2506,518.0,0.0,0.0,0.0,1,501.9,522.6,2,518.0,0.0,0.0,0.0,0.0,0.0,11
2023-05-09 21:58:49,sc2506,sc2506,518.0,0.0,0.0,0.0,2,502.0,522.6,2,518.0,0.0,0.0,0.0,0.0,0.0,11
2023-05-09 22:00:04,sc2506,sc2506,518.0,0.0,0.0,0.0,2,502.0,522.6,2,518.0,0.0,0.0,0.0,0.0,0.0,11
2023-05-09 22:00:05,sc2506,sc2506,518.0,0.0,0.0,0.0,2,502.0,522.6,2,518.0,0.0,0.0,0.0,0.0,0.0,11
2023-05-09 22:02:31,sc2506,sc2506,518.0,0.0,0.0,0.0,1,501.9,522.6,2,518.0,0.0,0.0,0.0,0.0,0.0,11
2023-05-09 22:03:08,sc2506,sc2506,518.0,0.0,0.0,0.0,2,502.0,522.6,2,518.0,0.0,0.0,0.0,0.0,0.0,11
2023-05-09 22:03:10,sc2506,sc2506,518.0,0.0,0.0,0.0,1,501.9,522.6,2,518.0,0.0,0.0,0.0,0.0,0.0,11
2023-05-09 22:03:44,sc2506,sc2506,518.0,0.0,0.0,0.0,1,501.9,522.6,2,518.0,0.0,0.0,0.0,0.0,0.0,11
2023-05-09 22:03:44,sc2506,sc2506,518.0,0.0,0.0,0.0,1,501.9,522.6,2,518.0,0.0,0.0,0.0,0.0,0.0,11
2023-05-09 22:03:45,sc2506,sc2506,518.0,0.0,0.0,0.0,1,501.9,522.6,2,518.0,0.0,0.0,0.0,0.0,0.0,11
2023-05-09 22:03:52,sc2506,sc2506,518.0,0.0,0.0,0.0,1,501.9,522.5,2,518.0,0.0,0.0,0.0,0.0,0.0,11
2023-05-09 22:03:52,sc2506,sc2506,518.0,0.0,0.0,0.0,1,501.9,522.4,1,518.0,0.0,0.0,0.0,0.0,0.0,11
2023-05-09 22:03:53,sc2506,sc2506,518.0,0.0,0.0,0.0,1,501.9,522.3,1,518.0,0.0,0.0,0.0,0.0,0.0,11
2023-05-09 22:03:53,sc2506,sc2506,518.0,0.0,0.0,0.0,1,501.9,522.3,1,518.0,0.0,0.0,0.0,0.0,0.0,11
2023-05-09 22:03:54,sc2506,sc2506,518.0,0.0,0.0,0.0,1,501.9,522.3,2,518.0,0.0,0.0,0.0,0.0,0.0,11
2023-05-09 22:04:00,sc2506,sc2506,518.0,0.0,0.0,0.0,1,501.9,522.3,2,518.0,0.0,0.0,0.0,0.0,0.0,11
2023-05-09 22:04:21,sc2506,sc2506,518.0,0.0,0.0,0.0,1,499.4,522.3,2,518.0,0.0,0.0,0.0,0.0,0.0,11
2023-05-09 22:04:30,sc2506,sc2506,518.0,0.0,0.0,0.0,1,499.4,522.3,2,518.0,0.0,0.0,0.0,0.0,0.0,11
2023-05-09 22:04:35,sc2506,sc2506,518.0,0.0,0.0,0.0,2,499.5,522.3,2,518.0,0.0,0.0,0.0,0.0,0.0,11
2023-05-09 22:04:42,sc2506,sc2506,518.0,0.0,0.0,0.0,1,499.4,522.3,2,518.0,0.0,0.0,0.0,0.0,0.0,11
2023-05-09 22:05:19,sc2506,sc2506,518.0,0.0,0.0,0.0,2,499.5,522.3,2,518.0,0.0,0.0,0.0,0.0,0.0,11
2023-05-09 22:06:05,sc2506,sc2506,518.0,0.0,0.0,0.0,1,499.4,522.3,2,518.0,0.0,0.0,0.0,0.0,0.0,11
2023-05-09 22:06:45,sc2506,sc2506,518.0,0.0,0.0,0.0,2,499.5,522.3,2,518.0,0.0,0.0,0.0,0.0,0.0,11
2023-05-09 22:06:50,sc2506,sc2506,518.0,0.0,0.0,0.0,1,499.4,522.3,2,518.0,0.0,0.0,0.0,0.0,0.0,11
2023-05-09 22:07:28,sc2506,sc2506,518.0,0.0,0.0,0.0,1,499.4,522.2,2,518.0,0.0,0.0,0.0,0.0,0.0,11
2023-05-09 22:07:29,sc2506,sc2506,518.0,0.0,0.0,0.0,1,499.4,522.1,1,518.0,0.0,0.0,0.0,0.0,0.0,11
2023-05-09 22:07:29,sc2506,sc2506,518.0,0.0,0.0,0.0,1,499.4,522.1,2,518.0,0.0,0.0,0.0,0.0,0.0,11
2023-05-09 22:07:31,sc2506,sc2506,518.0,0.0,0.0,0.0,1,499.4,522.1,2,518.0,0.0,0.0,0.0,0.0,0.0,11
2023-05-09 22:08:10,sc2506,sc2506,518.0,0.0,0.0,0.0,2,499.5,522.1,2,518.0,0.0,0.0,0.0,0.0,0.0,11
2023-05-09 22:11:51,sc2506,sc2506,518.0,0.0,0.0,0.0,1,499.8,522.1,2,518.0,0.0,0.0,0.0,0.0,0.0,11
2023-05-09 22:12:11,sc2506,sc2506,518.0,0.0,0.0,0.0,1,499.8,522.1,2,518.0,0.0,0.0,0.0,0.0,0.0,11
2023-05-09 22:12:25,sc2506,sc2506,518.0,0.0,0.0,0.0,1,499.8,522.0,2,518.0,0.0,0.0,0.0,0.0,0.0,11
2023-05-09 22:12:25,sc2506,sc2506,518.0,0.0,0.0,0.0,1,499.8,521.9,1,518.0,0.0,0.0,0.0,0.0,0.0,11
2023-05-09 22:12:26,sc2506,sc2506,518.0,0.0,0.0,0.0,1,499.8,521.8,1,518.0,0.0,0.0,0.0,0.0,0.0,11
2023-05-09 22:12:26,sc2506,sc2506,518.0,0.0,0.0,0.0,1,499.8,521.8,1,518.0,0.0,0.0,0.0,0.0,0.0,11
2023-05-09 22:12:27,sc2506,sc2506,518.0,0.0,0.0,0.0,1,499.8,521.8,2,518.0,0.0,0.0,0.0,0.0,0.0,11
2023-05-09 22:12:36,sc2506,sc2506,518.0,0.0,0.0,0.0,1,499.8,521.8,2,518.0,0.0,0.0,0.0,0.0,0.0,11
2023-05-09 22:13:08,sc2506,sc2506,518.0,0.0,0.0,0.0,2,499.9,521.8,2,518.0,0.0,0.0,0.0,0.0,0.0,11
2023-05-09 22:13:09,sc2506,sc2506,518.0,0.0,0.0,0.0,1,500.2,521.8,2,518.0,0.0,0.0,0.0,0.0,0.0,11
2023-05-09 22:13:18,sc2506,sc2506,518.0,0.0,0.0,0.0,1,500.2,521.8,2,518.0,0.0,0.0,0.0,0.0,0.0,11
2023-05-09 22:13:51,sc2506,sc2506,518.0,0.0,0.0,0.0,1,500.2,521.7,2,518.0,0.0,0.0,0.0,0.0,0.0,11
2023-05-09 22:13:51,sc2506,sc2506,518.0,0.0,0.0,0.0,1,500.2,521.6,1,518.0,0.0,0.0,0.0,0.0,0.0,11
2023-05-09 22:13:52,sc2506,sc2506,518.0,0.0,0.0,0.0,1,500.2,521.6,2,518.0,0.0,0.0,0.0,0.0,0.0,11
2023-05-09 22:14:29,sc2506,sc2506,518.0,0.0,0.0,0.0,1,500.2,521.6,2,518.0,0.0,0.0,0.0,0.0,0.0,11
2023-05-09 22:14:34,sc2506,sc2506,518.0,0.0,0.0,0.0,1,500.2,521.5,2,518.0,0.0,0.0,0.0,0.0,0.0,11
2023-05-09 22:14:35,sc2506,sc2506,518.0,0.0,0.0,0.0,1,500.2,521.4,1,518.0,0.0,0.0,0.0,0.0,0.0,11
2023-05-09 22:14:35,sc2506,sc2506,518.0,0.0,0.0,0.0,1,500.2,521.3,1,518.0,0.0,0.0,0.0,0.0,0.0,11
2023-05-09 22:14:36,sc2506,sc2506,518.0,0.0,0.0,0.0,1,500.2,521.3,1,518.0,0.0,0.0,0.0,0.0,0.0,11
2023-05-09 22:14:36,sc2506,sc2506,518.0,0.0,0.0,0.0,1,500.2,521.3,2,518.0,0.0,0.0,0.0,0.0,0.0,11
2023-05-09 22:15:12,sc2506,sc2506,518.0,0.0,0.0,0.0,1,500.2,521.3,2,518.0,0.0,0.0,0.0,0.0,0.0,11
2023-05-09 22:15:17,sc2506,sc2506,518.0,0.0,0.0,0.0,1,500.2,521.2,2,518.0,0.0,0.0,0.0,0.0,0.0,11
2023-05-09 22:15:18,sc2506,sc2506,518.0,0.0,0.0,0.0,1,500.2,521.1,1,518.0,0.0,0.0,0.0,0.0,0.0,11
2023-05-09 22:15:18,sc2506,sc2506,518.0,0.0,0.0,0.0,1,500.2,521.1,2,518.0,0.0,0.0,0.0,0.0,0.0,11
2023-05-09 22:15:40,sc2506,sc2506,518.0,0.0,0.0,0.0,1,500.2,521.1,2,518.0,0.0,0.0,0.0,0.0,0.0,11
2023-05-09 22:15:41,sc2506,sc2506,518.0,0.0,0.0,0.0,1,500.2,521.1,2,518.0,0.0,0.0,0.0,0.0,0.0,11
2023-05-09 22:15:55,sc2506,sc2506,518.0,0.0,0.0,0.0,1,500.2,521.1,2,518.0,0.0,0.0,0.0,0.0,0.0,11
2023-05-09 22:16:00,sc2506,sc2506,518.0,0.0,0.0,0.0,1,500.2,521.0,2,518.0,0.0,0.0,0.0,0.0,0.0,11
2023-05-09 22:16:01,sc2506,sc2506,518.0,0.0,0.0,0.0,1,500.2,521.0,2,518.0,0.0,0.0,0.0,0.0,0.0,11
2023-05-09 22:16:01,sc2506,sc2506,518.0,0.0,0.0,0.0,1,500.2,521.0,3,518.0,0.0,0.0,0.0,0.0,0.0,11
2023-05-09 22:16:19,sc2506,sc2506,518.0,0.0,0.0,0.0,1,500.2,521.0,1,518.0,0.0,0.0,0.0,0.0,0.0,11
2023-05-09 22:16:43,sc2506,sc2506,518.0,0.0,0.0,0.0,2,500.3,521.0,1,518.0,0.0,0.0,0.0,0.0,0.0,11
2023-05-09 22:16:44,sc2506,sc2506,518.0,0.0,0.0,0.0,1,500.6,521.0,1,518.0,0.0,0.0,0.0,0.0,0.0,11
2023-05-09 22:16:47,sc2506,sc2506,518.0,0.0,0.0,0.0,1,500.6,521.0,1,518.0,0.0,0.0,0.0,0.0,0.0,11
2023-05-09 22:17:26,sc2506,sc2506,518.0,0.0,0.0,0.0,1,500.6,520.9,2,518.0,0.0,0.0,0.0,0.0,0.0,11
2023-05-09 22:17:27,sc2506,sc2506,518.0,0.0,0.0,0.0,1,500.6,520.9,2,518.0,0.0,0.0,0.0,0.0,0.0,11
2023-05-09 22:17:27,sc2506,sc2506,518.0,0.0,0.0,0.0,1,500.6,520.9,3,518.0,0.0,0.0,0.0,0.0,0.0,11
2023-05-09 22:17:36,sc2506,sc2506,518.0,0.0,0.0,0.0,1,500.6,520.9,1,518.0,0.0,0.0,0.0,0.0,0.0,11
2023-05-09 22:18:09,sc2506,sc2506,518.0,0.0,0.0,0.0,2,500.7,520.9,1,518.0,0.0,0.0,0.0,0.0,0.0,11
2023-05-09 22:18:10,sc2506,sc2506,518.0,0.0,0.0,0.0,1,501.0,520.9,1,518.0,0.0,0.0,0.0,0.0,0.0,11
2023-05-09 22:18:33,sc2506,sc2506,518.0,0.0,0.0,0.0,1,501.0,520.9,1,518.0,0.0,0.0,0.0,0.0,0.0,11
2023-05-09 22:18:53,sc2506,sc2506,518.0,0.0,0.0,0.0,1,501.0,520.8,2,518.0,0.0,0.0,0.0,0.0,0.0,11
2023-05-09 22:18:54,sc2506,sc2506,518.0,0.0,0.0,0.0,1,501.0,520.8,2,518.0,0.0,0.0,0.0,0.0,0.0,11
2023-05-09 22:18:54,sc2506,sc2506,518.0,0.0,0.0,0.0,1,501.0,520.8,3,518.0,0.0,0.0,0.0,0.0,0.0,11
2023-05-09 22:20:23,sc2506,sc2506,518.0,0.0,0.0,0.0,1,501.0,520.7,1,518.0,0.0,0.0,0.0,0.0,0.0,11
2023-05-09 22:20:23,sc2506,sc2506,518.0,0.0,0.0,0.0,1,501.0,520.7,1,518.0,0.0,0.0,0.0,0.0,0.0,11
2023-05-09 22:20:24,sc2506,sc2506,518.0,0.0,0.0,0.0,1,501.0,520.7,2,518.0,0.0,0.0,0.0,0.0,0.0,11
2023-05-09 22:21:00,sc2506,sc2506,518.0,0.0,0.0,0.0,1,501.0,520.7,2,518.0,0.0,0.0,0.0,0.0,0.0,11
2023-05-09 22:21:05,sc2506,sc2506,518.0,0.0,0.0,0.0,1,501.0,520.6,2,518.0,0.0,0.0,0.0,0.0,0.0,11
2023-05-09 22:21:06,sc2506,sc2506,518.0,0.0,0.0,0.0,1,501.0,520.5,1,518.0,0.0,0.0,0.0,0.0,0.0,11
2023-05-09 22:21:06,sc2506,sc2506,518.0,0.0,0.0,0.0,1,501.0,520.5,2,518.0,0.0,0.0,0.0,0.0,0.0,11
2023-05-09 22:21:33,sc2506,sc2506,518.0,0.0,0.0,0.0,1,501.0,520.5,2,518.0,0.0,0.0,0.0,0.0,0.0,11
2023-05-09 22:21:50,sc2506,sc2506,518.0,0.0,0.0,0.0,2,501.1,520.5,2,518.0,0.0,0.0,0.0,0.0,0.0,11
2023-05-09 22:21:51,sc2506,sc2506,518.0,0.0,0.0,0.0,1,501.4,520.5,2,518.0,0.0,0.0,0.0,0.0,0.0,11
2023-05-09 22:21:51,sc2506,sc2506,518.0,0.0,0.0,0.0,1,501.4,520.5,2,518.0,0.0,0.0,0.0,0.0,0.0,11
2023-05-09 22:22:33,sc2506,sc2506,518.0,0.0,0.0,0.0,1,501.4,520.4,2,518.0,0.0,0.0,0.0,0.0,0.0,11
2023-05-09 22:22:34,sc2506,sc2506,518.0,0.0,0.0,0.0,1,501.4,520.3,1,518.0,0.0,0.0,0.0,0.0,0.0,11
2023-05-09 22:22:34,sc2506,sc2506,518.0,0.0,0.0,0.0,1,501.4,520.3,2,518.0,0.0,0.0,0.0,0.0,0.0,11
2023-05-09 22:23:11,sc2506,sc2506,518.0,0.0,0.0,0.0,1,501.4,520.3,2,518.0,0.0,0.0,0.0,0.0,0.0,11
2023-05-09 22:23:16,sc2506,sc2506,518.0,0.0,0.0,0.0,1,501.4,520.2,2,518.0,0.0,0.0,0.0,0.0,0.0,11
2023-05-09 22:23:16,sc2506,sc2506,518.0,0.0,0.0,0.0,1,501.4,520.1,1,518.0,0.0,0.0,0.0,0.0,0.0,11
2023-05-09 22:23:17,sc2506,sc2506,518.0,0.0,0.0,0.0,1,501.4,520.1,2,518.0,0.0,0.0,0.0,0.0,0.0,11
2023-05-09 22:23:54,sc2506,sc2506,518.0,0.0,0.0,0.0,1,501.4,520.1,2,518.0,0.0,0.0,0.0,0.0,0.0,11
2023-05-09 22:23:58,sc2506,sc2506,518.0,0.0,0.0,0.0,1,501.4,520.0,2,518.0,0.0,0.0,0.0,0.0,0.0,11
2023-05-09 22:23:59,sc2506,sc2506,518.0,0.0,0.0,0.0,1,501.4,519.9,1,518.0,0.0,0.0,0.0,0.0,0.0,11
2023-05-09 22:23:59,sc2506,sc2506,518.0,0.0,0.0,0.0,1,501.4,519.8,1,518.0,0.0,0.0,0.0,0.0,0.0,11
2023-05-09 22:24:00,sc2506,sc2506,518.0,0.0,0.0,0.0,1,501.4,519.8,1,518.0,0.0,0.0,0.0,0.0,0.0,11
2023-05-09 22:24:00,sc2506,sc2506,518.0,0.0,0.0,0.0,1,501.4,519.8,2,518.0,0.0,0.0,0.0,0.0,0.0,11
2023-05-09 22:24:37,sc2506,sc2506,518.0,0.0,0.0,0.0,1,501.4,519.8,2,518.0,0.0,0.0,0.0,0.0,0.0,11
2023-05-09 22:24:41,sc2506,sc2506,518.0,0.0,0.0,0.0,1,501.4,519.7,2,518.0,0.0,0.0,0.0,0.0,0.0,11
2023-05-09 22:24:41,sc2506,sc2506,518.0,0.0,0.0,0.0,1,501.4,519.6,1,518.0,0.0,0.0,0.0,0.0,0.0,11
2023-05-09 22:24:42,sc2506,sc2506,518.0,0.0,0.0,0.0,1,501.4,519.6,2,518.0,0.0,0.0,0.0,0.0,0.0,11
2023-05-09 22:25:19,sc2506,sc2506,518.0,0.0,0.0,0.0,1,501.4,519.6,2,518.0,0.0,0.0,0.0,0.0,0.0,11
2023-05-09 22:25:25,sc2506,sc2506,518.0,0.0,0.0,0.0,1,501.4,519.5,2,518.0,0.0,0.0,0.0,0.0,0.0,11
2023-05-09 22:25:25,sc2506,sc2506,518.0,0.0,0.0,0.0,1,501.4,519.4,1,518.0,0.0,0.0,0.0,0.0,0.0,11
2023-05-09 22:25:26,sc2506,sc2506,518.0,0.0,0.0,0.0,1,501.4,519.3,1,518.0,0.0,0.0,0.0,0.0,0.0,11
2023-05-09 22:25:26,sc2506,sc2506,518.0,0.0,0.0,0.0,1,501.4,519.3,1,518.0,0.0,0.0,0.0,0.0,0.0,11
2023-05-09 22:25:27,sc2506,sc2506,518.0,0.0,0.0,0.0,1,501.4,519.3,2,518.0,0.0,0.0,0.0,0.0,0.0,11
2023-05-09 22:26:03,sc2506,sc2506,518.0,0.0,0.0,0.0,1,501.4,519.3,2,518.0,0.0,0.0,0.0,0.0,0.0,11
2023-05-09 22:26:08,sc2506,sc2506,518.0,0.0,0.0,0.0,1,501.4,519.2,2,518.0,0.0,0.0,0.0,0.0,0.0,11
2023-05-09 22:26:08,sc2506,sc2506,518.0,0.0,0.0,0.0,1,501.4,519.1,1,518.0,0.0,0.0,0.0,0.0,0.0,11
2023-05-09 22:26:09,sc2506,sc2506,518.0,0.0,0.0,0.0,1,501.4,519.1,2,518.0,0.0,0.0,0.0,0.0,0.0,11
2023-05-09 22:26:47,sc2506,sc2506,518.0,0.0,0.0,0.0,1,501.4,519.1,2,518.0,0.0,0.0,0.0,0.0,0.0,11
2023-05-09 22:26:51,sc2506,sc2506,518.0,0.0,0.0,0.0,1,501.4,519.0,2,518.0,0.0,0.0,0.0,0.0,0.0,11
2023-05-09 22:26:52,sc2506,sc2506,518.0,0.0,0.0,0.0,1,501.4,519.0,2,518.0,0.0,0.0,0.0,0.0,0.0,11
2023-05-09 22:26:52,sc2506,sc2506,518.0,0.0,0.0,0.0,1,501.4,519.0,3,518.0,0.0,0.0,0.0,0.0,0.0,11
2023-05-09 22:27:59,sc2506,sc2506,518.0,0.0,0.0,0.0,1,501.4,519.0,3,518.0,0.0,0.0,0.0,0.0,0.0,11
2023-05-09 22:31:15,sc2506,sc2506,518.0,0.0,0.0,0.0,1,501.4,519.0,1,518.0,0.0,0.0,0.0,0.0,0.0,11
2023-05-09 22:31:56,sc2506,sc2506,518.0,0.0,0.0,0.0,1,501.4,518.9,2,518.0,0.0,0.0,0.0,0.0,0.0,11
2023-05-09 22:31:56,sc2506,sc2506,518.0,0.0,0.0,0.0,1,501.4,518.9,2,518.0,0.0,0.0,0.0,0.0,0.0,11
2023-05-09 22:31:57,sc2506,sc2506,518.0,0.0,0.0,0.0,1,501.4,518.9,3,518.0,0.0,0.0,0.0,0.0,0.0,11
2023-05-09 22:32:11,sc2506,sc2506,518.0,0.0,0.0,0.0,1,501.4,518.9,3,518.0,0.0,0.0,0.0,0.0,0.0,11
2023-05-09 22:32:12,sc2506,sc2506,518.0,0.0,0.0,0.0,1,501.4,518.9,3,518.0,0.0,0.0,0.0,0.0,0.0,11
2023-05-09 22:32:22,sc2506,sc2506,518.0,0.0,0.0,0.0,1,498.3,518.9,3,518.0,0.0,0.0,0.0,0.0,0.0,11
2023-05-09 22:32:23,sc2506,sc2506,518.0,0.0,0.0,0.0,1,498.6,518.9,3,518.0,0.0,0.0,0.0,0.0,0.0,11
2023-05-09 22:32:23,sc2506,sc2506,518.0,0.0,0.0,0.0,1,498.6,518.9,3,518.0,0.0,0.0,0.0,0.0,0.0,11
2023-05-09 22:32:24,sc2506,sc2506,518.0,0.0,0.0,0.0,1,498.6,518.9,3,518.0,0.0,0.0,0.0,0.0,0.0,11
2023-05-09 22:32:26,sc2506,sc2506,518.0,0.0,0.0,0.0,1,498.6,518.9,3,518.0,0.0,0.0,0.0,0.0,0.0,11
2023-05-09 22:34:01,sc2506,sc2506,518.0,0.0,0.0,0.0,1,498.6,518.9,1,518.0,0.0,0.0,0.0,0.0,0.0,11
2023-05-09 22:34:07,sc2506,sc2506,518.0,0.0,0.0,0.0,2,498.7,518.9,1,518.0,0.0,0.0,0.0,0.0,0.0,11
2023-05-09 22:34:08,sc2506,sc2506,518.0,0.0,0.0,0.0,1,499.0,518.9,1,518.0,0.0,0.0,0.0,0.0,0.0,11
2023-05-09 22:34:09,sc2506,sc2506,518.0,0.0,0.0,0.0,1,499.0,518.9,1,518.0,0.0,0.0,0.0,0.0,0.0,11
2023-05-09 22:34:16,sc2506,sc2506,518.0,0.0,0.0,0.0,1,499.0,518.9,1,518.0,0.0,0.0,0.0,0.0,0.0,11
2023-05-09 22:34:49,sc2506,sc2506,518.0,0.0,0.0,0.0,2,499.1,518.9,1,518.0,0.0,0.0,0.0,0.0,0.0,11
2023-05-09 22:34:50,sc2506,sc2506,518.0,0.0,0.0,0.0,1,499.4,518.9,1,518.0,0.0,0.0,0.0,0.0,0.0,11
2023-05-09 22:34:51,sc2506,sc2506,518.0,0.0,0.0,0.0,1,499.4,518.9,1,518.0,0.0,0.0,0.0,0.0,0.0,11
2023-05-09 22:35:32,sc2506,sc2506,518.0,0.0,0.0,0.0,2,499.5,518.9,1,518.0,0.0,0.0,0.0,0.0,0.0,11
2023-05-09 22:35:33,sc2506,sc2506,518.0,0.0,0.0,0.0,1,499.8,518.9,1,518.0,0.0,0.0,0.0,0.0,0.0,11
2023-05-09 22:36:10,sc2506,sc2506,518.0,0.0,0.0,0.0,1,499.8,518.9,1,518.0,0.0,0.0,0.0,0.0,0.0,11
2023-05-09 22:36:14,sc2506,sc2506,518.0,0.0,0.0,0.0,2,499.9,518.9,1,518.0,0.0,0.0,0.0,0.0,0.0,11
2023-05-09 22:36:15,sc2506,sc2506,518.0,0.0,0.0,0.0,1,500.2,518.9,1,518.0,0.0,0.0,0.0,0.0,0.0,11
2023-05-09 22:36:16,sc2506,sc2506,518.0,0.0,0.0,0.0,1,500.2,518.9,1,518.0,0.0,0.0,0.0,0.0,0.0,11
2023-05-09 22:36:57,sc2506,sc2506,518.0,0.0,0.0,0.0,1,500.2,518.8,2,518.0,0.0,0.0,0.0,0.0,0.0,11
2023-05-09 22:36:58,sc2506,sc2506,518.0,0.0,0.0,0.0,1,500.2,518.8,2,518.0,0.0,0.0,0.0,0.0,0.0,11
2023-05-09 22:36:58,sc2506,sc2506,518.0,0.0,0.0,0.0,1,500.2,518.8,3,518.0,0.0,0.0,0.0,0.0,0.0,11
2023-05-09 22:38:55,sc2506,sc2506,518.0,0.0,0.0,0.0,1,500.2,518.8,3,518.0,0.0,0.0,0.0,0.0,0.0,11
2023-05-09 22:38:57,sc2506,sc2506,518.0,0.0,0.0,0.0,1,500.2,518.8,3,518.0,0.0,0.0,0.0,0.0,0.0,11
2023-05-09 22:41:38,sc2506,sc2506,518.0,0.0,0.0,0.0,1,500.2,518.8,1,518.0,0.0,0.0,0.0,0.0,0.0,11
2023-05-09 22:41:59,sc2506,sc2506,518.0,0.0,0.0,0.0,2,500.3,518.8,1,518.0,0.0,0.0,0.0,0.0,0.0,11
2023-05-09 22:42:00,sc2506,sc2506,518.0,0.0,0.0,0.0,1,500.6,518.8,1,518.0,0.0,0.0,0.0,0.0,0.0,11
2023-05-09 22:42:05,sc2506,sc2506,518.0,0.0,0.0,0.0,1,500.6,518.8,1,518.0,0.0,0.0,0.0,0.0,0.0,11
2023-05-09 22:42:41,sc2506,sc2506,518.0,0.0,0.0,0.0,1,500.6,518.7,2,518.0,0.0,0.0,0.0,0.0,0.0,11
2023-05-09 22:42:42,sc2506,sc2506,518.0,0.0,0.0,0.0,1,500.6,518.7,2,518.0,0.0,0.0,0.0,0.0,0.0,11
2023-05-09 22:42:42,sc2506,sc2506,518.0,0.0,0.0,0.0,1,500.6,518.7,3,518.0,0.0,0.0,0.0,0.0,0.0,11
2023-05-09 22:43:22,sc2506,sc2506,518.0,0.0,0.0,0.0,1,500.6,518.6,1,518.0,0.0,0.0,0.0,0.0,0.0,11
2023-05-09 22:43:23,sc2506,sc2506,518.0,0.0,0.0,0.0,1,500.6,518.6,1,518.0,0.0,0.0,0.0,0.0,0.0,11
2023-05-09 22:43:23,sc2506,sc2506,518.0,0.0,0.0,0.0,1,500.6,518.6,2,518.0,0.0,0.0,0.0,0.0,0.0,11
2023-05-09 22:43:46,sc2506,sc2506,518.0,0.0,0.0,0.0,1,500.6,518.6,2,518.0,0.0,0.0,0.0,0.0,0.0,11
2023-05-09 22:43:51,sc2506,sc2506,518.0,0.0,0.0,0.0,1,500.6,518.6,2,518.0,0.0,0.0,0.0,0.0,0.0,11
2023-05-09 22:43:51,sc2506,sc2506,518.0,0.0,0.0,0.0,1,500.6,518.6,2,518.0,0.0,0.0,0.0,0.0,0.0,11
2023-05-09 22:44:07,sc2506,sc2506,518.0,0.0,0.0,0.0,2,500.7,518.6,2,518.0,0.0,0.0,0.0,0.0,0.0,11
2023-05-09 22:44:08,sc2506,sc2506,518.0,0.0,0.0,0.0,1,501.0,518.6,2,518.0,0.0,0.0,0.0,0.0,0.0,11
2023-05-09 22:44:45,sc2506,sc2506,518.0,0.0,0.0,0.0,1,501.0,518.6,2,518.0,0.0,0.0,0.0,0.0,0.0,11
2023-05-09 22:44:50,sc2506,sc2506,518.0,0.0,0.0,0.0,2,501.1,518.6,2,518.0,0.0,0.0,0.0,0.0,0.0,11
2023-05-09 22:44:51,sc2506,sc2506,518.0,0.0,0.0,0.0,1,501.4,518.6,2,518.0,0.0,0.0,0.0,0.0,0.0,11
2023-05-09 22:45:29,sc2506,sc2506,518.0,0.0,0.0,0.0,1,501.4,518.6,2,518.0,0.0,0.0,0.0,0.0,0.0,11
2023-05-09 22:45:33,sc2506,sc2506,518.0,0.0,0.0,0.0,2,501.5,518.6,2,518.0,0.0,0.0,0.0,0.0,0.0,11
2023-05-09 22:45:34,sc2506,sc2506,518.0,0.0,0.0,0.0,1,501.8,518.6,2,518.0,0.0,0.0,0.0,0.0,0.0,11
2023-05-09 22:46:12,sc2506,sc2506,518.0,0.0,0.0,0.0,1,501.8,518.6,2,518.0,0.0,0.0,0.0,0.0,0.0,11
2023-05-09 22:46:15,sc2506,sc2506,518.0,0.0,0.0,0.0,2,501.9,518.6,2,518.0,0.0,0.0,0.0,0.0,0.0,11
2023-05-09 22:46:16,sc2506,sc2506,518.0,0.0,0.0,0.0,1,502.2,518.6,2,518.0,0.0,0.0,0.0,0.0,0.0,11
2023-05-09 22:46:35,sc2506,sc2506,518.0,0.0,0.0,0.0,1,502.2,518.6,2,518.0,0.0,0.0,0.0,0.0,0.0,11
2023-05-09 22:46:57,sc2506,sc2506,518.0,0.0,0.0,0.0,2,502.3,518.6,2,518.0,0.0,0.0,0.0,0.0,0.0,11
2023-05-09 22:46:58,sc2506,sc2506,518.0,0.0,0.0,0.0,1,502.6,518.6,2,518.0,0.0,0.0,0.0,0.0,0.0,11
2023-05-09 22:47:01,sc2506,sc2506,518.0,0.0,0.0,0.0,1,502.6,518.6,2,518.0,0.0,0.0,0.0,0.0,0.0,11
2023-05-09 22:47:39,sc2506,sc2506,518.0,0.0,0.0,0.0,1,502.6,518.5,2,518.0,0.0,0.0,0.0,0.0,0.0,11
2023-05-09 22:47:40,sc2506,sc2506,518.0,0.0,0.0,0.0,1,502.6,518.4,1,518.0,0.0,0.0,0.0,0.0,0.0,11
2023-05-09 22:47:40,sc2506,sc2506,518.0,0.0,0.0,0.0,1,502.6,518.3,1,518.0,0.0,0.0,0.0,0.0,0.0,11
2023-05-09 22:47:41,sc2506,sc2506,518.0,0.0,0.0,0.0,1,502.6,518.3,1,518.0,0.0,0.0,0.0,0.0,0.0,11
2023-05-09 22:47:41,sc2506,sc2506,518.0,0.0,0.0,0.0,1,502.6,518.3,2,518.0,0.0,0.0,0.0,0.0,0.0,11
2023-05-09 22:48:21,sc2506,sc2506,518.0,0.0,0.0,0.0,2,502.7,518.3,2,518.0,0.0,0.0,0.0,0.0,0.0,11
2023-05-09 22:48:22,sc2506,sc2506,518.0,0.0,0.0,0.0,1,503.0,518.3,2,518.0,0.0,0.0,0.0,0.0,0.0,11
2023-05-09 22:48:24,sc2506,sc2506,518.0,0.0,0.0,0.0,1,503.0,518.3,2,518.0,0.0,0.0,0.0,0.0,0.0,11
2023-05-09 22:49:06,sc2506,sc2506,518.0,0.0,0.0,0.0,1,503.0,518.2,2,518.0,0.0,0.0,0.0,0.0,0.0,11
2023-05-09 22:49:06,sc2506,sc2506,518.0,0.0,0.0,0.0,1,503.0,518.1,1,518.0,0.0,0.0,0.0,0.0,0.0,11
2023-05-09 22:49:07,sc2506,sc2506,518.0,0.0,0.0,0.0,1,503.0,518.1,2,518.0,0.0,0.0,0.0,0.0,0.0,11
2023-05-09 22:49:20,sc2506,sc2506,518.0,0.0,0.0,0.0,1,503.0,518.1,2,518.0,0.0,0.0,0.0,0.0,0.0,11
2023-05-09 22:49:22,sc2506,sc2506,518.0,0.0,0.0,0.0,1,503.0,518.1,2,518.0,0.0,0.0,0.0,0.0,0.0,11
2023-05-09 22:49:44,sc2506,sc2506,518.0,0.0,0.0,0.0,1,503.0,518.1,2,518.0,0.0,0.0,0.0,0.0,0.0,11
2023-05-09 22:49:50,sc2506,sc2506,518.0,0.0,0.0,0.0,1,503.0,518.0,2,518.0,0.0,0.0,0.0,0.0,0.0,11
2023-05-09 22:49:50,sc2506,sc2506,518.0,0.0,0.0,0.0,1,503.0,518.0,2,518.0,0.0,0.0,0.0,0.0,0.0,11
2023-05-09 22:49:51,sc2506,sc2506,518.0,0.0,0.0,0.0,1,503.0,518.0,3,518.0,0.0,0.0,0.0,0.0,0.0,11
2023-05-09 22:51:42,sc2506,sc2506,518.0,0.0,0.0,0.0,1,503.0,517.7,1,518.0,0.0,0.0,0.0,0.0,0.0,11
2023-05-09 22:51:42,sc2506,sc2506,518.0,0.0,0.0,0.0,1,503.0,517.7,1,518.0,0.0,0.0,0.0,0.0,0.0,11
2023-05-09 22:51:43,sc2506,sc2506,518.0,0.0,0.0,0.0,1,503.0,517.7,2,518.0,0.0,0.0,0.0,0.0,0.0,11
2023-05-09 22:52:07,sc2506,sc2506,518.0,0.0,0.0,0.0,1,503.0,517.7,2,518.0,0.0,0.0,0.0,0.0,0.0,11
2023-05-09 22:52:43,sc2506,sc2506,518.0,0.0,0.0,0.0,1,503.0,517.6,2,518.0,0.0,0.0,0.0,0.0,0.0,11
2023-05-09 22:52:43,sc2506,sc2506,518.0,0.0,0.0,0.0,1,503.0,517.6,2,518.0,0.0,0.0,0.0,0.0,0.0,11
2023-05-09 22:52:44,sc2506,sc2506,518.0,0.0,0.0,0.0,1,503.0,517.3,1,518.0,0.0,0.0,0.0,0.0,0.0,11
2023-05-09 22:52:44,sc2506,sc2506,518.0,0.0,0.0,0.0,1,503.0,517.3,1,518.0,0.0,0.0,0.0,0.0,0.0,11
2023-05-09 22:52:45,sc2506,sc2506,518.0,0.0,0.0,0.0,1,503.0,517.3,2,518.0,0.0,0.0,0.0,0.0,0.0,11
2023-05-09 22:53:22,sc2506,sc2506,518.0,0.0,0.0,0.0,1,503.0,517.3,2,518.0,0.0,0.0,0.0,0.0,0.0,11
2023-05-09 22:53:25,sc2506,sc2506,518.0,0.0,0.0,0.0,1,503.0,517.2,2,518.0,0.0,0.0,0.0,0.0,0.0,11
2023-05-09 22:53:26,sc2506,sc2506,518.0,0.0,0.0,0.0,1,503.0,517.2,2,518.0,0.0,0.0,0.0,0.0,0.0,11
2023-05-09 22:53:26,sc2506,sc2506,518.0,0.0,0.0,0.0,1,503.0,516.9,1,518.0,0.0,0.0,0.0,0.0,0.0,11
2023-05-09 22:53:27,sc2506,sc2506,518.0,0.0,0.0,0.0,1,503.0,516.9,1,518.0,0.0,0.0,0.0,0.0,0.0,11
2023-05-09 22:54:09,sc2506,sc2506,518.0,0.0,0.0,0.0,1,503.0,516.8,2,518.0,0.0,0.0,0.0,0.0,0.0,11
2023-05-09 22:54:10,sc2506,sc2506,518.0,0.0,0.0,0.0,1,503.0,516.5,1,518.0,0.0,0.0,0.0,0.0,0.0,11
2023-05-09 22:54:12,sc2506,sc2506,518.0,0.0,0.0,0.0,1,503.0,516.5,1,518.0,0.0,0.0,0.0,0.0,0.0,11
2023-05-09 22:54:51,sc2506,sc2506,518.0,0.0,0.0,0.0,2,503.1,516.5,1,518.0,0.0,0.0,0.0,0.0,0.0,11
2023-05-09 22:54:53,sc2506,sc2506,518.0,0.0,0.0,0.0,1,503.3,516.5,1,518.0,0.0,0.0,0.0,0.0,0.0,11
2023-05-09 22:55:15,sc2506,sc2506,518.0,0.0,0.0,0.0,1,503.3,521.4,1,518.0,0.0,0.0,0.0,0.0,0.0,11
2023-05-09 22:55:15,sc2506,sc2506,518.0,0.0,0.0,0.0,1,503.3,521.1,1,518.0,0.0,0.0,0.0,0.0,0.0,11
2023-05-09 22:55:16,sc2506,sc2506,518.0,0.0,0.0,0.0,1,503.3,521.0,1,518.0,0.0,0.0,0.0,0.0,0.0,11
2023-05-09 22:55:16,sc2506,sc2506,518.0,0.0,0.0,0.0,1,503.3,521.0,2,518.0,0.0,0.0,0.0,0.0,0.0,11
2023-05-09 22:55:17,sc2506,sc2506,518.0,0.0,0.0,0.0,1,503.3,520.7,1,518.0,0.0,0.0,0.0,0.0,0.0,11
2023-05-09 22:55:17,sc2506,sc2506,518.0,0.0,0.0,0.0,1,503.3,520.6,1,518.0,0.0,0.0,0.0,0.0,0.0,11
2023-05-09 22:55:18,sc2506,sc2506,518.0,0.0,0.0,0.0,1,503.3,520.6,2,518.0,0.0,0.0,0.0,0.0,0.0,11
2023-05-09 22:55:18,sc2506,sc2506,518.0,0.0,0.0,0.0,1,503.3,520.3,1,518.0,0.0,0.0,0.0,0.0,0.0,11
2023-05-09 22:55:19,sc2506,sc2506,518.0,0.0,0.0,0.0,1,503.3,520.2,1,518.0,0.0,0.0,0.0,0.0,0.0,11
2023-05-09 22:55:19,sc2506,sc2506,518.0,0.0,0.0,0.0,1,503.3,520.2,2,518.0,0.0,0.0,0.0,0.0,0.0,11
2023-05-09 22:55:20,sc2506,sc2506,518.0,0.0,0.0,0.0,1,503.3,519.9,1,518.0,0.0,0.0,0.0,0.0,0.0,11
2023-05-09 22:55:20,sc2506,sc2506,518.0,0.0,0.0,0.0,1,503.3,519.8,1,518.0,0.0,0.0,0.0,0.0,0.0,11
2023-05-09 22:55:21,sc2506,sc2506,518.0,0.0,0.0,0.0,1,503.3,519.8,2,518.0,0.0,0.0,0.0,0.0,0.0,11
2023-05-09 22:55:21,sc2506,sc2506,518.0,0.0,0.0,0.0,1,503.3,519.5,1,518.0,0.0,0.0,0.0,0.0,0.0,11
2023-05-09 22:55:22,sc2506,sc2506,518.0,0.0,0.0,0.0,1,503.3,519.4,1,518.0,0.0,0.0,0.0,0.0,0.0,11
2023-05-09 22:55:22,sc2506,sc2506,518.0,0.0,0.0,0.0,1,503.3,519.3,1,518.0,0.0,0.0,0.0,0.0,0.0,11
2023-05-09 22:55:23,sc2506,sc2506,518.0,0.0,0.0,0.0,1,503.3,519.0,1,518.0,0.0,0.0,0.0,0.0,0.0,11
2023-05-09 22:55:23,sc2506,sc2506,518.0,0.0,0.0,0.0,1,503.3,518.9,1,518.0,0.0,0.0,0.0,0.0,0.0,11
2023-05-09 22:55:24,sc2506,sc2506,518.0,0.0,0.0,0.0,1,503.3,518.8,1,518.0,0.0,0.0,0.0,0.0,0.0,11
2023-05-09 22:55:24,sc2506,sc2506,518.0,0.0,0.0,0.0,1,503.3,518.8,2,518.0,0.0,0.0,0.0,0.0,0.0,11
2023-05-09 22:55:25,sc2506,sc2506,518.0,0.0,0.0,0.0,1,503.3,518.5,1,518.0,0.0,0.0,0.0,0.0,0.0,11
2023-05-09 22:55:26,sc2506,sc2506,518.0,0.0,0.0,0.0,1,503.3,518.4,1,518.0,0.0,0.0,0.0,0.0,0.0,11
2023-05-09 22:55:26,sc2506,sc2506,518.0,0.0,0.0,0.0,1,503.3,518.3,1,518.0,0.0,0.0,0.0,0.0,0.0,11
2023-05-09 22:55:27,sc2506,sc2506,518.0,0.0,0.0,0.0,1,503.3,518.1,1,518.0,0.0,0.0,0.0,0.0,0.0,11
2023-05-09 22:55:27,sc2506,sc2506,518.0,0.0,0.0,0.0,1,503.3,518.1,2,518.0,0.0,0.0,0.0,0.0,0.0,11
2023-05-09 22:55:36,sc2506,sc2506,518.0,0.0,0.0,0.0,1,503.3,518.0,2,518.0,0.0,0.0,0.0,0.0,0.0,11
2023-05-09 22:55:36,sc2506,sc2506,518.0,0.0,0.0,0.0,1,503.3,518.0,2,518.0,0.0,0.0,0.0,0.0,0.0,11
2023-05-09 22:55:37,sc2506,sc2506,518.0,0.0,0.0,0.0,1,503.3,517.7,1,518.0,0.0,0.0,0.0,0.0,0.0,11
2023-05-09 22:55:37,sc2506,sc2506,518.0,0.0,0.0,0.0,1,503.3,517.7,1,518.0,0.0,0.0,0.0,0.0,0.0,11
2023-05-09 22:55:38,sc2506,sc2506,518.0,0.0,0.0,0.0,1,503.3,517.7,2,518.0,0.0,0.0,0.0,0.0,0.0,11
2023-05-09 22:56:15,sc2506,sc2506,518.0,0.0,0.0,0.0,1,503.3,517.7,2,518.0,0.0,0.0,0.0,0.0,0.0,11
2023-05-09 22:56:19,sc2506,sc2506,518.0,0.0,0.0,0.0,1,503.3,517.6,2,518.0,0.0,0.0,0.0,0.0,0.0,11
2023-05-09 22:56:19,sc2506,sc2506,518.0,0.0,0.0,0.0,1,503.3,517.6,2,518.0,0.0,0.0,0.0,0.0,0.0,11
2023-05-09 22:56:20,sc2506,sc2506,518.0,0.0,0.0,0.0,1,503.3,517.3,1,518.0,0.0,0.0,0.0,0.0,0.0,11
2023-05-09 22:56:20,sc2506,sc2506,518.0,0.0,0.0,0.0,1,503.3,517.3,1,518.0,0.0,0.0,0.0,0.0,0.0,11
2023-05-09 22:56:21,sc2506,sc2506,518.0,0.0,0.0,0.0,1,503.3,517.3,2,518.0,0.0,0.0,0.0,0.0,0.0,11
2023-05-09 22:56:33,sc2506,sc2506,518.0,0.0,0.0,0.0,1,503.3,517.3,2,518.0,0.0,0.0,0.0,0.0,0.0,11
2023-05-09 22:56:33,sc2506,sc2506,518.0,0.0,0.0,0.0,1,503.3,517.3,1,518.0,0.0,0.0,0.0,0.0,0.0,11
2023-05-09 22:57:02,sc2506,sc2506,518.0,0.0,0.0,0.0,2,503.4,517.3,1,518.0,0.0,0.0,0.0,0.0,0.0,11
2023-05-09 22:57:03,sc2506,sc2506,518.0,0.0,0.0,0.0,1,503.7,517.3,1,518.0,0.0,0.0,0.0,0.0,0.0,11
2023-05-09 22:57:07,sc2506,sc2506,518.0,0.0,0.0,0.0,1,503.7,521.4,1,518.0,0.0,0.0,0.0,0.0,0.0,11
2023-05-09 22:57:07,sc2506,sc2506,518.0,0.0,0.0,0.0,1,503.7,521.1,1,518.0,0.0,0.0,0.0,0.0,0.0,11
2023-05-09 22:57:08,sc2506,sc2506,518.0,0.0,0.0,0.0,1,503.7,521.0,1,518.0,0.0,0.0,0.0,0.0,0.0,11
2023-05-09 22:57:08,sc2506,sc2506,518.0,0.0,0.0,0.0,1,503.7,521.0,2,518.0,0.0,0.0,0.0,0.0,0.0,11
2023-05-09 22:57:09,sc2506,sc2506,518.0,0.0,0.0,0.0,1,503.7,520.7,1,518.0,0.0,0.0,0.0,0.0,0.0,11
2023-05-09 22:57:09,sc2506,sc2506,518.0,0.0,0.0,0.0,1,503.7,520.6,1,518.0,0.0,0.0,0.0,0.0,0.0,11
2023-05-09 22:57:10,sc2506,sc2506,518.0,0.0,0.0,0.0,1,503.7,520.6,2,518.0,0.0,0.0,0.0,0.0,0.0,11
2023-05-09 22:57:10,sc2506,sc2506,518.0,0.0,0.0,0.0,1,503.7,520.3,1,518.0,0.0,0.0,0.0,0.0,0.0,11
2023-05-09 22:57:11,sc2506,sc2506,518.0,0.0,0.0,0.0,1,503.7,520.2,1,518.0,0.0,0.0,0.0,0.0,0.0,11
2023-05-09 22:57:11,sc2506,sc2506,518.0,0.0,0.0,0.0,1,503.7,520.2,2,518.0,0.0,0.0,0.0,0.0,0.0,11
2023-05-09 22:57:12,sc2506,sc2506,518.0,0.0,0.0,0.0,1,503.7,519.9,1,518.0,0.0,0.0,0.0,0.0,0.0,11
2023-05-09 22:57:12,sc2506,sc2506,518.0,0.0,0.0,0.0,1,503.7,519.8,1,518.0,0.0,0.0,0.0,0.0,0.0,11
2023-05-09 22:57:13,sc2506,sc2506,518.0,0.0,0.0,0.0,1,503.7,519.8,2,518.0,0.0,0.0,0.0,0.0,0.0,11
2023-05-09 22:57:13,sc2506,sc2506,518.0,0.0,0.0,0.0,1,503.7,519.5,1,518.0,0.0,0.0,0.0,0.0,0.0,11
2023-05-09 22:57:14,sc2506,sc2506,518.0,0.0,0.0,0.0,1,503.7,519.4,1,518.0,0.0,0.0,0.0,0.0,0.0,11
2023-05-09 22:57:14,sc2506,sc2506,518.0,0.0,0.0,0.0,1,503.7,519.3,1,518.0,0.0,0.0,0.0,0.0,0.0,11
2023-05-09 22:57:15,sc2506,sc2506,518.0,0.0,0.0,0.0,1,503.7,519.1,1,518.0,0.0,0.0,0.0,0.0,0.0,11
2023-05-09 22:57:15,sc2506,sc2506,518.0,0.0,0.0,0.0,1,503.7,519.0,1,518.0,0.0,0.0,0.0,0.0,0.0,11
2023-05-09 22:57:16,sc2506,sc2506,518.0,0.0,0.0,0.0,1,503.7,519.0,1,518.0,0.0,0.0,0.0,0.0,0.0,11
2023-05-09 22:57:16,sc2506,sc2506,518.0,0.0,0.0,0.0,1,503.7,518.7,1,518.0,0.0,0.0,0.0,0.0,0.0,11
2023-05-09 22:57:17,sc2506,sc2506,518.0,0.0,0.0,0.0,1,503.7,518.6,1,518.0,0.0,0.0,0.0,0.0,0.0,11
2023-05-09 22:57:17,sc2506,sc2506,518.0,0.0,0.0,0.0,1,503.7,518.6,2,518.0,0.0,0.0,0.0,0.0,0.0,11
2023-05-09 22:57:18,sc2506,sc2506,518.0,0.0,0.0,0.0,1,503.7,518.3,1,518.0,0.0,0.0,0.0,0.0,0.0,11
2023-05-09 22:57:18,sc2506,sc2506,518.0,0.0,0.0,0.0,1,503.7,518.2,1,518.0,0.0,0.0,0.0,0.0,0.0,11
2023-05-09 22:57:19,sc2506,sc2506,518.0,0.0,0.0,0.0,1,503.7,518.2,2,518.0,0.0,0.0,0.0,0.0,0.0,11
2023-05-09 22:57:19,sc2506,sc2506,518.0,0.0,0.0,0.0,1,503.7,517.9,1,518.0,0.0,0.0,0.0,0.0,0.0,11
2023-05-09 22:57:20,sc2506,sc2506,518.0,0.0,0.0,0.0,1,503.7,517.9,1,518.0,0.0,0.0,0.0,0.0,0.0,11
2023-05-09 22:57:45,sc2506,sc2506,518.0,0.0,0.0,0.0,1,503.7,517.8,2,518.0,0.0,0.0,0.0,0.0,0.0,11
2023-05-09 22:57:46,sc2506,sc2506,518.0,0.0,0.0,0.0,1,503.7,517.5,1,518.0,0.0,0.0,0.0,0.0,0.0,11
2023-05-09 22:57:47,sc2506,sc2506,518.0,0.0,0.0,0.0,1,503.7,517.5,1,518.0,0.0,0.0,0.0,0.0,0.0,11
2023-05-09 22:58:27,sc2506,sc2506,518.0,0.0,0.0,0.0,2,503.8,517.5,1,518.0,0.0,0.0,0.0,0.0,0.0,11
2023-05-09 22:58:28,sc2506,sc2506,518.0,0.0,0.0,0.0,1,504.1,517.5,1,518.0,0.0,0.0,0.0,0.0,0.0,11
2023-05-09 22:59:06,sc2506,sc2506,518.0,0.0,0.0,0.0,1,504.1,517.5,1,518.0,0.0,0.0,0.0,0.0,0.0,11
2023-05-09 22:59:11,sc2506,sc2506,518.0,0.0,0.0,0.0,2,504.2,517.5,1,518.0,0.0,0.0,0.0,0.0,0.0,11
2023-05-09 22:59:12,sc2506,sc2506,518.0,0.0,0.0,0.0,1,504.5,517.5,1,518.0,0.0,0.0,0.0,0.0,0.0,11
2023-05-09 22:59:36,sc2506,sc2506,518.0,0.0,0.0,0.0,1,504.5,524.9,1,518.0,0.0,0.0,0.0,0.0,0.0,11
2023-05-09 22:59:37,sc2506,sc2506,518.0,0.0,0.0,0.0,1,504.5,524.6,1,518.0,0.0,0.0,0.0,0.0,0.0,11
2023-05-09 22:59:37,sc2506,sc2506,518.0,0.0,0.0,0.0,1,504.5,524.5,1,518.0,0.0,0.0,0.0,0.0,0.0,11
2023-05-09 22:59:38,sc2506,sc2506,518.0,0.0,0.0,0.0,1,504.5,524.5,2,518.0,0.0,0.0,0.0,0.0,0.0,11
2023-05-09 22:59:38,sc2506,sc2506,518.0,0.0,0.0,0.0,1,504.5,524.2,1,518.0,0.0,0.0,0.0,0.0,0.0,11
2023-05-09 22:59:39,sc2506,sc2506,518.0,0.0,0.0,0.0,1,504.5,524.1,1,518.0,0.0,0.0,0.0,0.0,0.0,11
2023-05-09 22:59:39,sc2506,sc2506,518.0,0.0,0.0,0.0,1,504.5,524.1,2,518.0,0.0,0.0,0.0,0.0,0.0,11
2023-05-09 22:59:40,sc2506,sc2506,518.0,0.0,0.0,0.0,1,504.5,523.8,1,518.0,0.0,0.0,0.0,0.0,0.0,11
2023-05-09 22:59:40,sc2506,sc2506,518.0,0.0,0.0,0.0,1,504.5,523.7,1,518.0,0.0,0.0,0.0,0.0,0.0,11
2023-05-09 22:59:41,sc2506,sc2506,518.0,0.0,0.0,0.0,1,504.5,523.7,2,518.0,0.0,0.0,0.0,0.0,0.0,11
2023-05-09 22:59:41,sc2506,sc2506,518.0,0.0,0.0,0.0,1,504.5,523.4,1,518.0,0.0,0.0,0.0,0.0,0.0,11
2023-05-09 22:59:42,sc2506,sc2506,518.0,0.0,0.0,0.0,1,504.5,523.3,1,518.0,0.0,0.0,0.0,0.0,0.0,11
2023-05-09 22:59:42,sc2506,sc2506,518.0,0.0,0.0,0.0,1,504.5,523.3,2,518.0,0.0,0.0,0.0,0.0,0.0,11
2023-05-09 22:59:43,sc2506,sc2506,518.0,0.0,0.0,0.0,1,504.5,523.0,1,518.0,0.0,0.0,0.0,0.0,0.0,11
2023-05-09 22:59:43,sc2506,sc2506,518.0,0.0,0.0,0.0,1,504.5,523.0,1,518.0,0.0,0.0,0.0,0.0,0.0,11
2023-05-09 22:59:44,sc2506,sc2506,518.0,0.0,0.0,0.0,1,504.5,523.0,2,518.0,0.0,0.0,0.0,0.0,0.0,11
2023-05-09 22:59:55,sc2506,sc2506,518.0,0.0,0.0,0.0,1,504.5,522.9,2,518.0,0.0,0.0,0.0,0.0,0.0,11
2023-05-09 22:59:55,sc2506,sc2506,518.0,0.0,0.0,0.0,1,504.5,522.9,2,518.0,0.0,0.0,0.0,0.0,0.0,11
2023-05-09 22:59:56,sc2506,sc2506,518.0,0.0,0.0,0.0,1,504.5,522.6,1,518.0,0.0,0.0,0.0,0.0,0.0,11
2023-05-09 22:59:56,sc2506,sc2506,518.0,0.0,0.0,0.0,1,504.5,522.6,1,518.0,0.0,0.0,0.0,0.0,0.0,11
2023-05-09 22:59:57,sc2506,sc2506,518.0,0.0,0.0,0.0,1,504.5,522.6,2,518.0,0.0,0.0,0.0,0.0,0.0,11
2023-05-09 23:00:32,sc2506,sc2506,518.0,0.0,0.0,0.0,1,504.5,522.6,2,518.0,0.0,0.0,0.0,0.0,0.0,11
2023-05-09 23:00:38,sc2506,sc2506,518.0,0.0,0.0,0.0,1,504.5,522.5,2,518.0,0.0,0.0,0.0,0.0,0.0,11
2023-05-09 23:00:38,sc2506,sc2506,518.0,0.0,0.0,0.0,1,504.5,522.5,2,518.0,0.0,0.0,0.0,0.0,0.0,11
2023-05-09 23:00:39,sc2506,sc2506,518.0,0.0,0.0,0.0,1,504.5,522.2,1,518.0,0.0,0.0,0.0,0.0,0.0,11
2023-05-09 23:00:39,sc2506,sc2506,518.0,0.0,0.0,0.0,1,504.5,522.2,1,518.0,0.0,0.0,0.0,0.0,0.0,11
2023-05-09 23:00:40,sc2506,sc2506,518.0,0.0,0.0,0.0,1,504.5,522.2,2,518.0,0.0,0.0,0.0,0.0,0.0,11
2023-05-09 23:01:17,sc2506,sc2506,518.0,0.0,0.0,0.0,1,504.5,522.2,2,518.0,0.0,0.0,0.0,0.0,0.0,11
2023-05-09 23:01:20,sc2506,sc2506,518.0,0.0,0.0,0.0,1,504.5,522.1,2,518.0,0.0,0.0,0.0,0.0,0.0,11
2023-05-09 23:01:21,sc2506,sc2506,518.0,0.0,0.0,0.0,1,504.5,522.1,2,518.0,0.0,0.0,0.0,0.0,0.0,11
2023-05-09 23:01:21,sc2506,sc2506,518.0,0.0,0.0,0.0,1,504.5,521.8,1,518.0,0.0,0.0,0.0,0.0,0.0,11
2023-05-09 23:01:22,sc2506,sc2506,518.0,0.0,0.0,0.0,1,504.5,521.8,1,518.0,0.0,0.0,0.0,0.0,0.0,11
2023-05-09 23:01:22,sc2506,sc2506,518.0,0.0,0.0,0.0,1,504.5,521.8,2,518.0,0.0,0.0,0.0,0.0,0.0,11
2023-05-09 23:01:58,sc2506,sc2506,518.0,0.0,0.0,0.0,1,504.5,521.8,2,518.0,0.0,0.0,0.0,0.0,0.0,11
2023-05-09 23:02:03,sc2506,sc2506,518.0,0.0,0.0,0.0,1,504.5,521.7,2,518.0,0.0,0.0,0.0,0.0,0.0,11
2023-05-09 23:02:03,sc2506,sc2506,518.0,0.0,0.0,0.0,1,504.5,521.7,2,518.0,0.0,0.0,0.0,0.0,0.0,11
2023-05-09 23:02:04,sc2506,sc2506,518.0,0.0,0.0,0.0,1,504.5,521.4,1,518.0,0.0,0.0,0.0,0.0,0.0,11
2023-05-09 23:02:04,sc2506,sc2506,518.0,0.0,0.0,0.0,1,504.5,521.4,1,518.0,0.0,0.0,0.0,0.0,0.0,11
2023-05-09 23:02:05,sc2506,sc2506,518.0,0.0,0.0,0.0,1,504.5,521.4,2,518.0,0.0,0.0,0.0,0.0,0.0,11
2023-05-09 23:02:26,sc2506,sc2506,518.0,0.0,0.0,0.0,1,498.3,521.4,2,518.0,0.0,0.0,0.0,0.0,0.0,11
2023-05-09 23:02:26,sc2506,sc2506,518.0,0.0,0.0,0.0,1,498.6,521.4,2,518.0,0.0,0.0,0.0,0.0,0.0,11
2023-05-09 23:02:27,sc2506,sc2506,518.0,0.0,0.0,0.0,1,498.6,521.4,2,518.0,0.0,0.0,0.0,0.0,0.0,11
2023-05-09 23:02:46,sc2506,sc2506,518.0,0.0,0.0,0.0,2,498.7,521.4,2,518.0,0.0,0.0,0.0,0.0,0.0,11
2023-05-09 23:02:47,sc2506,sc2506,518.0,0.0,0.0,0.0,1,499.0,521.4,2,518.0,0.0,0.0,0.0,0.0,0.0,11
2023-05-09 23:03:25,sc2506,sc2506,518.0,0.0,0.0,0.0,1,499.0,521.4,2,518.0,0.0,0.0,0.0,0.0,0.0,11
2023-05-09 23:03:29,sc2506,sc2506,518.0,0.0,0.0,0.0,2,499.1,521.4,2,518.0,0.0,0.0,0.0,0.0,0.0,11
2023-05-09 23:03:30,sc2506,sc2506,518.0,0.0,0.0,0.0,1,499.4,521.4,2,518.0,0.0,0.0,0.0,0.0,0.0,11
2023-05-09 23:04:07,sc2506,sc2506,518.0,0.0,0.0,0.0,1,499.4,521.4,2,518.0,0.0,0.0,0.0,0.0,0.0,11
2023-05-09 23:04:11,sc2506,sc2506,518.0,0.0,0.0,0.0,2,499.5,521.4,2,518.0,0.0,0.0,0.0,0.0,0.0,11
2023-05-09 23:04:12,sc2506,sc2506,518.0,0.0,0.0,0.0,1,499.8,521.4,2,518.0,0.0,0.0,0.0,0.0,0.0,11
2023-05-09 23:04:51,sc2506,sc2506,518.0,0.0,0.0,0.0,1,499.8,521.4,2,518.0,0.0,0.0,0.0,0.0,0.0,11
2023-05-09 23:04:53,sc2506,sc2506,518.0,0.0,0.0,0.0,2,499.9,521.4,2,518.0,0.0,0.0,0.0,0.0,0.0,11
2023-05-09 23:04:54,sc2506,sc2506,518.0,0.0,0.0,0.0,1,500.2,521.4,2,518.0,0.0,0.0,0.0,0.0,0.0,11
2023-05-09 23:05:32,sc2506,sc2506,518.0,0.0,0.0,0.0,1,500.2,521.4,2,518.0,0.0,0.0,0.0,0.0,0.0,11
2023-05-09 23:05:36,sc2506,sc2506,518.0,0.0,0.0,0.0,2,500.3,521.4,2,518.0,0.0,0.0,0.0,0.0,0.0,11
2023-05-09 23:05:37,sc2506,sc2506,518.0,0.0,0.0,0.0,1,500.6,521.4,2,518.0,0.0,0.0,0.0,0.0,0.0,11
2023-05-09 23:05:37,sc2506,sc2506,518.0,0.0,0.0,0.0,1,500.6,521.4,2,518.0,0.0,0.0,0.0,0.0,0.0,11
2023-05-09 23:06:19,sc2506,sc2506,518.0,0.0,0.0,0.0,1,500.6,521.3,2,518.0,0.0,0.0,0.0,0.0,0.0,11
2023-05-09 23:06:19,sc2506,sc2506,518.0,0.0,0.0,0.0,1,500.6,521.3,2,518.0,0.0,0.0,0.0,0.0,0.0,11
2023-05-09 23:06:20,sc2506,sc2506,518.0,0.0,0.0,0.0,1,500.6,521.0,1,518.0,0.0,0.0,0.0,0.0,0.0,11
2023-05-09 23:06:20,sc2506,sc2506,518.0,0.0,0.0,0.0,1,500.6,521.0,1,518.0,0.0,0.0,0.0,0.0,0.0,11
2023-05-09 23:06:21,sc2506,sc2506,518.0,0.0,0.0,0.0,1,500.6,521.0,2,518.0,0.0,0.0,0.0,0.0,0.0,11
2023-05-09 23:06:34,sc2506,sc2506,518.0,0.0,0.0,0.0,1,500.6,521.0,2,518.0,0.0,0.0,0.0,0.0,0.0,11
2023-05-09 23:07:02,sc2506,sc2506,518.0,0.0,0.0,0.0,1,500.6,520.9,2,518.0,0.0,0.0,0.0,0.0,0.0,11
2023-05-09 23:07:02,sc2506,sc2506,518.0,0.0,0.0,0.0,1,500.6,520.9,2,518.0,0.0,0.0,0.0,0.0,0.0,11
2023-05-09 23:07:03,sc2506,sc2506,518.0,0.0,0.0,0.0,1,500.6,520.6,1,518.0,0.0,0.0,0.0,0.0,0.0,11
2023-05-09 23:07:03,sc2506,sc2506,518.0,0.0,0.0,0.0,1,500.6,520.6,1,518.0,0.0,0.0,0.0,0.0,0.0,11
2023-05-09 23:07:04,sc2506,sc2506,518.0,0.0,0.0,0.0,1,500.6,520.6,2,518.0,0.0,0.0,0.0,0.0,0.0,11
2023-05-09 23:07:44,sc2506,sc2506,518.0,0.0,0.0,0.0,2,500.7,520.6,2,518.0,0.0,0.0,0.0,0.0,0.0,11
2023-05-09 23:07:46,sc2506,sc2506,518.0,0.0,0.0,0.0,1,501.0,520.6,2,518.0,0.0,0.0,0.0,0.0,0.0,11
2023-05-09 23:08:23,sc2506,sc2506,518.0,0.0,0.0,0.0,1,501.0,520.6,2,518.0,0.0,0.0,0.0,0.0,0.0,11
2023-05-09 23:08:26,sc2506,sc2506,518.0,0.0,0.0,0.0,2,501.1,520.6,2,518.0,0.0,0.0,0.0,0.0,0.0,11
2023-05-09 23:08:27,sc2506,sc2506,518.0,0.0,0.0,0.0,1,501.4,520.6,2,518.0,0.0,0.0,0.0,0.0,0.0,11
2023-05-09 23:08:28,sc2506,sc2506,518.0,0.0,0.0,0.0,1,501.4,520.6,2,518.0,0.0,0.0,0.0,0.0,0.0,11
2023-05-09 23:09:08,sc2506,sc2506,518.0,0.0,0.0,0.0,1,501.4,520.5,2,518.0,0.0,0.0,0.0,0.0,0.0,11
2023-05-09 23:09:08,sc2506,sc2506,518.0,0.0,0.0,0.0,1,501.4,520.5,2,518.0,0.0,0.0,0.0,0.0,0.0,11
2023-05-09 23:09:09,sc2506,sc2506,518.0,0.0,0.0,0.0,1,501.4,520.5,3,518.0,0.0,0.0,0.0,0.0,0.0,11
2023-05-09 23:09:09,sc2506,sc2506,518.0,0.0,0.0,0.0,1,501.4,520.2,1,518.0,0.0,0.0,0.0,0.0,0.0,11
2023-05-09 23:09:10,sc2506,sc2506,518.0,0.0,0.0,0.0,1,501.4,520.2,1,518.0,0.0,0.0,0.0,0.0,0.0,11
2023-05-09 23:09:10,sc2506,sc2506,518.0,0.0,0.0,0.0,1,501.4,520.2,2,518.0,0.0,0.0,0.0,0.0,0.0,11
2023-05-09 23:09:47,sc2506,sc2506,518.0,0.0,0.0,0.0,1,501.4,520.2,2,518.0,0.0,0.0,0.0,0.0,0.0,11
2023-05-09 23:09:50,sc2506,sc2506,518.0,0.0,0.0,0.0,1,501.4,520.1,2,518.0,0.0,0.0,0.0,0.0,0.0,11
2023-05-09 23:09:50,sc2506,sc2506,518.0,0.0,0.0,0.0,1,501.4,520.1,2,518.0,0.0,0.0,0.0,0.0,0.0,11
2023-05-09 23:09:51,sc2506,sc2506,518.0,0.0,0.0,0.0,1,501.4,519.8,1,518.0,0.0,0.0,0.0,0.0,0.0,11
2023-05-09 23:09:51,sc2506,sc2506,518.0,0.0,0.0,0.0,1,501.4,519.8,1,518.0,0.0,0.0,0.0,0.0,0.0,11
2023-05-09 23:09:52,sc2506,sc2506,518.0,0.0,0.0,0.0,1,501.4,519.8,2,518.0,0.0,0.0,0.0,0.0,0.0,11
2023-05-09 23:10:27,sc2506,sc2506,518.0,0.0,0.0,0.0,1,501.4,519.8,2,518.0,0.0,0.0,0.0,0.0,0.0,11
2023-05-09 23:10:31,sc2506,sc2506,518.0,0.0,0.0,0.0,1,501.4,519.7,2,518.0,0.0,0.0,0.0,0.0,0.0,11
2023-05-09 23:10:32,sc2506,sc2506,518.0,0.0,0.0,0.0,1,501.4,519.7,2,518.0,0.0,0.0,0.0,0.0,0.0,11
2023-05-09 23:10:32,sc2506,sc2506,518.0,0.0,0.0,0.0,1,501.4,519.7,3,518.0,0.0,0.0,0.0,0.0,0.0,11
2023-05-09 23:10:33,sc2506,sc2506,518.0,0.0,0.0,0.0,1,501.4,519.4,1,518.0,0.0,0.0,0.0,0.0,0.0,11
2023-05-09 23:10:33,sc2506,sc2506,518.0,0.0,0.0,0.0,1,501.4,519.4,1,518.0,0.0,0.0,0.0,0.0,0.0,11
2023-05-09 23:10:34,sc2506,sc2506,518.0,0.0,0.0,0.0,1,501.4,519.4,2,518.0,0.0,0.0,0.0,0.0,0.0,11
2023-05-09 23:11:11,sc2506,sc2506,518.0,0.0,0.0,0.0,1,501.4,519.4,2,518.0,0.0,0.0,0.0,0.0,0.0,11
2023-05-09 23:11:14,sc2506,sc2506,518.0,0.0,0.0,0.0,1,501.4,519.3,2,518.0,0.0,0.0,0.0,0.0,0.0,11
2023-05-09 23:11:14,sc2506,sc2506,518.0,0.0,0.0,0.0,1,501.4,519.3,2,518.0,0.0,0.0,0.0,0.0,0.0,11
2023-05-09 23:11:15,sc2506,sc2506,518.0,0.0,0.0,0.0,1,501.4,519.0,1,518.0,0.0,0.0,0.0,0.0,0.0,11
2023-05-09 23:11:15,sc2506,sc2506,518.0,0.0,0.0,0.0,1,501.4,519.0,1,518.0,0.0,0.0,0.0,0.0,0.0,11
2023-05-09 23:11:16,sc2506,sc2506,518.0,0.0,0.0,0.0,1,501.4,519.0,2,518.0,0.0,0.0,0.0,0.0,0.0,11
2023-05-09 23:11:29,sc2506,sc2506,518.0,0.0,0.0,0.0,1,501.4,519.0,2,518.0,0.0,0.0,0.0,0.0,0.0,11
2023-05-09 23:11:56,sc2506,sc2506,518.0,0.0,0.0,0.0,1,501.4,518.9,2,518.0,0.0,0.0,0.0,0.0,0.0,11
2023-05-09 23:11:56,sc2506,sc2506,518.0,0.0,0.0,0.0,1,501.4,518.9,2,518.0,0.0,0.0,0.0,0.0,0.0,11
2023-05-09 23:11:57,sc2506,sc2506,518.0,0.0,0.0,0.0,1,501.4,518.6,1,518.0,0.0,0.0,0.0,0.0,0.0,11
2023-05-09 23:11:57,sc2506,sc2506,518.0,0.0,0.0,0.0,1,501.4,518.6,1,518.0,0.0,0.0,0.0,0.0,0.0,11
2023-05-09 23:11:58,sc2506,sc2506,518.0,0.0,0.0,0.0,1,501.4,518.6,2,518.0,0.0,0.0,0.0,0.0,0.0,11
2023-05-09 23:12:12,sc2506,sc2506,518.0,0.0,0.0,0.0,1,501.4,518.6,2,518.0,0.0,0.0,0.0,0.0,0.0,11
2023-05-09 23:12:35,sc2506,sc2506,518.0,0.0,0.0,0.0,1,501.4,518.6,2,518.0,0.0,0.0,0.0,0.0,0.0,11
2023-05-09 23:12:38,sc2506,sc2506,518.0,0.0,0.0,0.0,1,501.4,518.5,2,518.0,0.0,0.0,0.0,0.0,0.0,11
2023-05-09 23:12:39,sc2506,sc2506,518.0,0.0,0.0,0.0,1,501.4,518.5,2,518.0,0.0,0.0,0.0,0.0,0.0,11
2023-05-09 23:12:39,sc2506,sc2506,518.0,0.0,0.0,0.0,1,501.4,518.2,1,518.0,0.0,0.0,0.0,0.0,0.0,11
2023-05-09 23:12:40,sc2506,sc2506,518.0,0.0,0.0,0.0,1,501.4,518.2,1,518.0,0.0,0.0,0.0,0.0,0.0,11
2023-05-09 23:12:40,sc2506,sc2506,518.0,0.0,0.0,0.0,1,501.4,518.2,2,518.0,0.0,0.0,0.0,0.0,0.0,11
2023-05-09 23:13:17,sc2506,sc2506,518.0,0.0,0.0,0.0,1,501.4,518.2,2,518.0,0.0,0.0,0.0,0.0,0.0,11
2023-05-09 23:13:21,sc2506,sc2506,518.0,0.0,0.0,0.0,1,501.4,518.1,2,518.0,0.0,0.0,0.0,0.0,0.0,11
2023-05-09 23:13:22,sc2506,sc2506,518.0,0.0,0.0,0.0,1,501.4,518.1,2,518.0,0.0,0.0,0.0,0.0,0.0,11
2023-05-09 23:13:22,sc2506,sc2506,518.0,0.0,0.0,0.0,1,501.4,517.8,1,518.0,0.0,0.0,0.0,0.0,0.0,11
2023-05-09 23:13:23,sc2506,sc2506,518.0,0.0,0.0,0.0,1,501.4,517.8,1,518.0,0.0,0.0,0.0,0.0,0.0,11
2023-05-09 23:13:23,sc2506,sc2506,518.0,0.0,0.0,0.0,1,501.4,517.8,2,518.0,0.0,0.0,0.0,0.0,0.0,11
2023-05-09 23:13:28,sc2506,sc2506,518.0,0.0,0.0,0.0,1,501.4,517.8,2,518.0,0.0,0.0,0.0,0.0,0.0,11
2023-05-09 23:14:02,sc2506,sc2506,518.0,0.0,0.0,0.0,2,501.5,517.8,2,518.0,0.0,0.0,0.0,0.0,0.0,11
2023-05-09 23:14:03,sc2506,sc2506,518.0,0.0,0.0,0.0,1,501.8,517.8,2,518.0,0.0,0.0,0.0,0.0,0.0,11
2023-05-09 23:14:41,sc2506,sc2506,518.0,0.0,0.0,0.0,1,501.8,517.8,2,518.0,0.0,0.0,0.0,0.0,0.0,11
2023-05-09 23:14:45,sc2506,sc2506,518.0,0.0,0.0,0.0,2,501.9,517.8,2,518.0,0.0,0.0,0.0,0.0,0.0,11
2023-05-09 23:14:46,sc2506,sc2506,518.0,0.0,0.0,0.0,1,502.2,517.8,2,518.0,0.0,0.0,0.0,0.0,0.0,11
2023-05-09 23:14:47,sc2506,sc2506,518.0,0.0,0.0,0.0,1,502.2,517.8,2,518.0,0.0,0.0,0.0,0.0,0.0,11
2023-05-09 23:15:19,sc2506,sc2506,518.0,0.0,0.0,0.0,1,502.2,517.8,2,518.0,0.0,0.0,0.0,0.0,0.0,11
2023-05-09 23:15:19,sc2506,sc2506,518.0,0.0,0.0,0.0,1,502.2,517.8,2,518.0,0.0,0.0,0.0,0.0,0.0,11
2023-05-09 23:15:27,sc2506,sc2506,518.0,0.0,0.0,0.0,2,502.3,517.8,2,518.0,0.0,0.0,0.0,0.0,0.0,11
2023-05-09 23:15:28,sc2506,sc2506,518.0,0.0,0.0,0.0,1,502.6,517.8,2,518.0,0.0,0.0,0.0,0.0,0.0,11
2023-05-09 23:16:05,sc2506,sc2506,518.0,0.0,0.0,0.0,1,502.6,517.8,2,518.0,0.0,0.0,0.0,0.0,0.0,11
2023-05-09 23:16:09,sc2506,sc2506,518.0,0.0,0.0,0.0,2,502.7,517.8,2,518.0,0.0,0.0,0.0,0.0,0.0,11
2023-05-09 23:16:10,sc2506,sc2506,518.0,0.0,0.0,0.0,1,503.0,517.8,2,518.0,0.0,0.0,0.0,0.0,0.0,11
2023-05-09 23:16:48,sc2506,sc2506,518.0,0.0,0.0,0.0,1,503.0,517.8,2,518.0,0.0,0.0,0.0,0.0,0.0,11
2023-05-09 23:16:52,sc2506,sc2506,518.0,0.0,0.0,0.0,2,503.1,517.8,2,518.0,0.0,0.0,0.0,0.0,0.0,11
2023-05-09 23:16:54,sc2506,sc2506,518.0,0.0,0.0,0.0,1,503.4,517.8,2,518.0,0.0,0.0,0.0,0.0,0.0,11
2023-05-09 23:17:21,sc2506,sc2506,518.0,0.0,0.0,0.0,1,503.4,517.8,2,518.0,0.0,0.0,0.0,0.0,0.0,11
2023-05-09 23:17:35,sc2506,sc2506,518.0,0.0,0.0,0.0,1,503.4,517.7,2,518.0,0.0,0.0,0.0,0.0,0.0,11
2023-05-09 23:17:36,sc2506,sc2506,518.0,0.0,0.0,0.0,1,503.4,517.7,2,518.0,0.0,0.0,0.0,0.0,0.0,11
2023-05-09 23:17:36,sc2506,sc2506,518.0,0.0,0.0,0.0,1,503.4,517.4,1,518.0,0.0,0.0,0.0,0.0,0.0,11
2023-05-09 23:17:37,sc2506,sc2506,518.0,0.0,0.0,0.0,1,503.4,517.4,1,518.0,0.0,0.0,0.0,0.0,0.0,11
2023-05-09 23:17:37,sc2506,sc2506,518.0,0.0,0.0,0.0,1,503.4,517.4,2,518.0,0.0,0.0,0.0,0.0,0.0,11
2023-05-09 23:17:38,sc2506,sc2506,518.0,0.0,0.0,0.0,1,503.4,517.4,1,518.0,0.0,0.0,0.0,0.0,0.0,11
2023-05-09 23:18:18,sc2506,sc2506,518.0,0.0,0.0,0.0,1,503.4,517.3,2,518.0,0.0,0.0,0.0,0.0,0.0,11
2023-05-09 23:18:18,sc2506,sc2506,518.0,0.0,0.0,0.0,1,498.3,517.3,3,518.0,0.0,0.0,0.0,0.0,0.0,11
2023-05-09 23:18:19,sc2506,sc2506,518.0,0.0,0.0,0.0,1,498.6,517.0,1,518.0,0.0,0.0,0.0,0.0,0.0,11
2023-05-09 23:18:19,sc2506,sc2506,518.0,0.0,0.0,0.0,1,498.6,517.0,1,518.0,0.0,0.0,0.0,0.0,0.0,11
2023-05-09 23:18:20,sc2506,sc2506,518.0,0.0,0.0,0.0,1,498.6,517.0,2,518.0,0.0,0.0,0.0,0.0,0.0,11
2023-05-09 23:18:59,sc2506,sc2506,518.0,0.0,0.0,0.0,2,498.7,517.0,2,518.0,0.0,0.0,0.0,0.0,0.0,11
2023-05-09 23:19:01,sc2506,sc2506,518.0,0.0,0.0,0.0,1,499.0,517.0,2,518.0,0.0,0.0,0.0,0.0,0.0,11
2023-05-09 23:19:39,sc2506,sc2506,518.0,0.0,0.0,0.0,1,499.0,517.0,2,518.0,0.0,0.0,0.0,0.0,0.0,11
2023-05-09 23:19:42,sc2506,sc2506,518.0,0.0,0.0,0.0,2,499.1,517.0,2,518.0,0.0,0.0,0.0,0.0,0.0,11
2023-05-09 23:19:43,sc2506,sc2506,518.0,0.0,0.0,0.0,1,499.4,517.0,2,518.0,0.0,0.0,0.0,0.0,0.0,11
2023-05-09 23:20:21,sc2506,sc2506,518.0,0.0,0.0,0.0,1,499.4,517.0,2,518.0,0.0,0.0,0.0,0.0,0.0,11
2023-05-09 23:20:24,sc2506,sc2506,518.0,0.0,0.0,0.0,2,499.5,517.0,2,518.0,0.0,0.0,0.0,0.0,0.0,11
2023-05-09 23:20:25,sc2506,sc2506,518.0,0.0,0.0,0.0,1,499.8,517.0,2,518.0,0.0,0.0,0.0,0.0,0.0,11
2023-05-09 23:21:03,sc2506,sc2506,518.0,0.0,0.0,0.0,1,499.8,517.0,2,518.0,0.0,0.0,0.0,0.0,0.0,11
2023-05-09 23:21:06,sc2506,sc2506,518.0,0.0,0.0,0.0,2,499.9,517.0,2,518.0,0.0,0.0,0.0,0.0,0.0,11
2023-05-09 23:21:07,sc2506,sc2506,518.0,0.0,0.0,0.0,1,500.2,517.0,2,518.0,0.0,0.0,0.0,0.0,0.0,11
2023-05-09 23:21:45,sc2506,sc2506,518.0,0.0,0.0,0.0,1,500.2,517.0,2,518.0,0.0,0.0,0.0,0.0,0.0,11
2023-05-09 23:21:48,sc2506,sc2506,518.0,0.0,0.0,0.0,2,500.3,517.0,2,518.0,0.0,0.0,0.0,0.0,0.0,11
2023-05-09 23:21:49,sc2506,sc2506,518.0,0.0,0.0,0.0,1,500.6,517.0,2,518.0,0.0,0.0,0.0,0.0,0.0,11
2023-05-09 23:22:27,sc2506,sc2506,518.0,0.0,0.0,0.0,1,500.6,517.0,2,518.0,0.0,0.0,0.0,0.0,0.0,11
2023-05-09 23:22:31,sc2506,sc2506,518.0,0.0,0.0,0.0,2,500.7,517.0,2,518.0,0.0,0.0,0.0,0.0,0.0,11
2023-05-09 23:22:32,sc2506,sc2506,518.0,0.0,0.0,0.0,1,501.0,517.0,2,518.0,0.0,0.0,0.0,0.0,0.0,11
2023-05-09 23:23:10,sc2506,sc2506,518.0,0.0,0.0,0.0,1,501.0,517.0,2,518.0,0.0,0.0,0.0,0.0,0.0,11
2023-05-09 23:23:14,sc2506,sc2506,518.0,0.0,0.0,0.0,2,501.1,517.0,2,518.0,0.0,0.0,0.0,0.0,0.0,11
2023-05-09 23:23:15,sc2506,sc2506,518.0,0.0,0.0,0.0,1,501.4,517.0,2,518.0,0.0,0.0,0.0,0.0,0.0,11
2023-05-09 23:23:17,sc2506,sc2506,518.0,0.0,0.0,0.0,1,501.4,517.0,2,518.0,0.0,0.0,0.0,0.0,0.0,11
2023-05-09 23:23:57,sc2506,sc2506,518.0,0.0,0.0,0.0,1,501.4,516.9,2,518.0,0.0,0.0,0.0,0.0,0.0,11
2023-05-09 23:23:57,sc2506,sc2506,518.0,0.0,0.0,0.0,1,501.4,516.9,2,518.0,0.0,0.0,0.0,0.0,0.0,11
2023-05-09 23:23:58,sc2506,sc2506,518.0,0.0,0.0,0.0,1,501.4,516.6,1,518.0,0.0,0.0,0.0,0.0,0.0,11
2023-05-09 23:23:58,sc2506,sc2506,518.0,0.0,0.0,0.0,1,501.4,516.6,1,518.0,0.0,0.0,0.0,0.0,0.0,11
2023-05-09 23:23:59,sc2506,sc2506,518.0,0.0,0.0,0.0,1,501.4,516.6,2,518.0,0.0,0.0,0.0,0.0,0.0,11
2023-05-09 23:24:06,sc2506,sc2506,518.0,0.0,0.0,0.0,1,501.4,516.6,2,518.0,0.0,0.0,0.0,0.0,0.0,11
2023-05-09 23:24:06,sc2506,sc2506,518.0,0.0,0.0,0.0,1,501.4,516.6,2,518.0,0.0,0.0,0.0,0.0,0.0,11
2023-05-09 23:24:36,sc2506,sc2506,518.0,0.0,0.0,0.0,1,501.4,516.6,2,518.0,0.0,0.0,0.0,0.0,0.0,11
2023-05-09 23:24:39,sc2506,sc2506,518.0,0.0,0.0,0.0,1,501.4,516.5,2,518.0,0.0,0.0,0.0,0.0,0.0,11
2023-05-09 23:24:40,sc2506,sc2506,518.0,0.0,0.0,0.0,1,501.4,516.5,2,518.0,0.0,0.0,0.0,0.0,0.0,11
2023-05-09 23:24:40,sc2506,sc2506,518.0,0.0,0.0,0.0,1,501.4,516.2,1,518.0,0.0,0.0,0.0,0.0,0.0,11
2023-05-09 23:24:41,sc2506,sc2506,518.0,0.0,0.0,0.0,1,501.4,516.2,1,518.0,0.0,0.0,0.0,0.0,0.0,11
2023-05-09 23:24:41,sc2506,sc2506,518.0,0.0,0.0,0.0,1,501.4,516.2,2,518.0,0.0,0.0,0.0,0.0,0.0,11
2023-05-09 23:25:18,sc2506,sc2506,518.0,0.0,0.0,0.0,1,501.4,516.2,2,518.0,0.0,0.0,0.0,0.0,0.0,11
2023-05-09 23:25:23,sc2506,sc2506,518.0,0.0,0.0,0.0,1,501.4,516.1,2,518.0,0.0,0.0,0.0,0.0,0.0,11
2023-05-09 23:25:23,sc2506,sc2506,518.0,0.0,0.0,0.0,1,501.4,516.1,2,518.0,0.0,0.0,0.0,0.0,0.0,11
2023-05-09 23:25:24,sc2506,sc2506,518.0,0.0,0.0,0.0,1,501.4,515.8,1,518.0,0.0,0.0,0.0,0.0,0.0,11
2023-05-09 23:25:24,sc2506,sc2506,518.0,0.0,0.0,0.0,1,501.4,515.8,1,518.0,0.0,0.0,0.0,0.0,0.0,11
2023-05-09 23:25:25,sc2506,sc2506,518.0,0.0,0.0,0.0,1,501.4,515.8,2,518.0,0.0,0.0,0.0,0.0,0.0,11
2023-05-09 23:26:02,sc2506,sc2506,518.0,0.0,0.0,0.0,1,501.4,515.8,2,518.0,0.0,0.0,0.0,0.0,0.0,11
2023-05-09 23:26:06,sc2506,sc2506,518.0,0.0,0.0,0.0,1,501.4,515.7,2,518.0,0.0,0.0,0.0,0.0,0.0,11
2023-05-09 23:26:06,sc2506,sc2506,518.0,0.0,0.0,0.0,1,501.4,515.7,2,518.0,0.0,0.0,0.0,0.0,0.0,11
2023-05-09 23:26:07,sc2506,sc2506,518.0,0.0,0.0,0.0,1,501.4,515.4,1,518.0,0.0,0.0,0.0,0.0,0.0,11
2023-05-09 23:26:07,sc2506,sc2506,518.0,0.0,0.0,0.0,1,501.4,515.4,1,518.0,0.0,0.0,0.0,0.0,0.0,11
2023-05-09 23:26:16,sc2506,sc2506,518.0,0.0,0.0,0.0,1,501.4,515.4,1,518.0,0.0,0.0,0.0,0.0,0.0,11
2023-05-09 23:26:48,sc2506,sc2506,518.0,0.0,0.0,0.0,1,501.4,515.3,2,518.0,0.0,0.0,0.0,0.0,0.0,11
2023-05-09 23:26:50,sc2506,sc2506,518.0,0.0,0.0,0.0,1,501.4,515.0,1,518.0,0.0,0.0,0.0,0.0,0.0,11
2023-05-09 23:26:51,sc2506,sc2506,518.0,0.0,0.0,0.0,1,501.4,515.0,1,518.0,0.0,0.0,0.0,0.0,0.0,11
2023-05-09 23:27:14,sc2506,sc2506,518.0,0.0,0.0,0.0,1,498.3,515.0,1,518.0,0.0,0.0,0.0,0.0,0.0,11
2023-05-09 23:27:14,sc2506,sc2506,518.0,0.0,0.0,0.0,1,498.6,515.0,1,518.0,0.0,0.0,0.0,0.0,0.0,11
2023-05-09 23:27:17,sc2506,sc2506,518.0,0.0,0.0,0.0,1,498.6,515.0,1,518.0,0.0,0.0,0.0,0.0,0.0,11
2023-05-09 23:27:18,sc2506,sc2506,518.0,0.0,0.0,0.0,1,498.6,515.0,2,518.0,0.0,0.0,0.0,0.0,0.0,11
2023-05-09 23:27:28,sc2506,sc2506,518.0,0.0,0.0,0.0,1,498.6,515.0,2,518.0,0.0,0.0,0.0,0.0,0.0,11
2023-05-09 23:27:30,sc2506,sc2506,518.0,0.0,0.0,0.0,1,498.6,515.0,2,518.0,0.0,0.0,0.0,0.0,0.0,11
2023-05-09 23:27:31,sc2506,sc2506,518.0,0.0,0.0,0.0,2,498.7,515.0,2,518.0,0.0,0.0,0.0,0.0,0.0,11
2023-05-09 23:27:32,sc2506,sc2506,518.0,0.0,0.0,0.0,1,499.0,515.0,2,518.0,0.0,0.0,0.0,0.0,0.0,11
2023-05-09 23:28:10,sc2506,sc2506,518.0,0.0,0.0,0.0,1,499.0,515.0,2,518.0,0.0,0.0,0.0,0.0,0.0,11
2023-05-09 23:28:13,sc2506,sc2506,518.0,0.0,0.0,0.0,2,499.1,515.0,2,518.0,0.0,0.0,0.0,0.0,0.0,11
2023-05-09 23:28:14,sc2506,sc2506,518.0,0.0,0.0,0.0,1,499.4,515.0,2,518.0,0.0,0.0,0.0,0.0,0.0,11
2023-05-09 23:28:51,sc2506,sc2506,518.0,0.0,0.0,0.0,1,499.4,515.0,2,518.0,0.0,0.0,0.0,0.0,0.0,11
2023-05-09 23:28:56,sc2506,sc2506,518.0,0.0,0.0,0.0,1,499.4,514.9,2,518.0,0.0,0.0,0.0,0.0,0.0,11
2023-05-09 23:28:56,sc2506,sc2506,518.0,0.0,0.0,0.0,1,499.4,514.9,2,518.0,0.0,0.0,0.0,0.0,0.0,11
2023-05-09 23:28:57,sc2506,sc2506,518.0,0.0,0.0,0.0,1,499.4,514.6,1,518.0,0.0,0.0,0.0,0.0,0.0,11
2023-05-09 23:28:57,sc2506,sc2506,518.0,0.0,0.0,0.0,1,499.4,514.6,1,518.0,0.0,0.0,0.0,0.0,0.0,11
2023-05-09 23:28:58,sc2506,sc2506,518.0,0.0,0.0,0.0,1,499.4,514.6,2,518.0,0.0,0.0,0.0,0.0,0.0,11
2023-05-09 23:29:03,sc2506,sc2506,518.0,0.0,0.0,0.0,1,499.4,514.6,2,518.0,0.0,0.0,0.0,0.0,0.0,11
2023-05-09 23:29:05,sc2506,sc2506,518.0,0.0,0.0,0.0,1,499.4,514.6,2,518.0,0.0,0.0,0.0,0.0,0.0,11
2023-05-09 23:29:05,sc2506,sc2506,518.0,0.0,0.0,0.0,1,499.4,514.6,2,518.0,0.0,0.0,0.0,0.0,0.0,11
2023-05-09 23:29:11,sc2506,sc2506,518.0,0.0,0.0,0.0,1,494.7,514.6,2,518.0,0.0,0.0,0.0,0.0,0.0,11
2023-05-09 23:29:12,sc2506,sc2506,518.0,0.0,0.0,0.0,1,495.0,514.6,2,518.0,0.0,0.0,0.0,0.0,0.0,11
2023-05-09 23:29:39,sc2506,sc2506,518.0,0.0,0.0,0.0,2,495.1,514.6,2,518.0,0.0,0.0,0.0,0.0,0.0,11
2023-05-09 23:29:40,sc2506,sc2506,518.0,0.0,0.0,0.0,1,495.4,514.6,2,518.0,0.0,0.0,0.0,0.0,0.0,11
2023-05-09 23:29:47,sc2506,sc2506,518.0,0.0,0.0,0.0,1,495.4,514.6,2,518.0,0.0,0.0,0.0,0.0,0.0,11
2023-05-09 23:29:49,sc2506,sc2506,518.0,0.0,0.0,0.0,1,495.4,514.6,2,518.0,0.0,0.0,0.0,0.0,0.0,11
2023-05-09 23:30:18,sc2506,sc2506,518.0,0.0,0.0,0.0,1,495.4,514.6,2,518.0,0.0,0.0,0.0,0.0,0.0,11
2023-05-09 23:30:22,sc2506,sc2506,518.0,0.0,0.0,0.0,2,495.5,514.6,2,518.0,0.0,0.0,0.0,0.0,0.0,11
2023-05-09 23:30:23,sc2506,sc2506,518.0,0.0,0.0,0.0,1,495.8,514.6,2,518.0,0.0,0.0,0.0,0.0,0.0,11
2023-05-09 23:31:00,sc2506,sc2506,518.0,0.0,0.0,0.0,1,495.8,514.6,2,518.0,0.0,0.0,0.0,0.0,0.0,11
2023-05-09 23:31:04,sc2506,sc2506,518.0,0.0,0.0,0.0,2,495.9,514.6,2,518.0,0.0,0.0,0.0,0.0,0.0,11
2023-05-09 23:31:05,sc2506,sc2506,518.0,0.0,0.0,0.0,1,496.2,514.6,2,518.0,0.0,0.0,0.0,0.0,0.0,11
2023-05-09 23:31:43,sc2506,sc2506,518.0,0.0,0.0,0.0,1,496.2,514.6,2,518.0,0.0,0.0,0.0,0.0,0.0,11
2023-05-09 23:31:46,sc2506,sc2506,518.0,0.0,0.0,0.0,2,496.3,514.6,2,518.0,0.0,0.0,0.0,0.0,0.0,11
2023-05-09 23:31:47,sc2506,sc2506,518.0,0.0,0.0,0.0,1,496.6,514.6,2,518.0,0.0,0.0,0.0,0.0,0.0,11
2023-05-09 23:32:00,sc2506,sc2506,518.0,0.0,0.0,0.0,1,496.6,514.5,1,518.0,0.0,0.0,0.0,0.0,0.0,11
2023-05-09 23:32:00,sc2506,sc2506,518.0,0.0,0.0,0.0,1,496.6,514.5,1,518.0,0.0,0.0,0.0,0.0,0.0,11
2023-05-09 23:32:01,sc2506,sc2506,518.0,0.0,0.0,0.0,1,496.6,514.2,1,518.0,0.0,0.0,0.0,0.0,0.0,11
2023-05-09 23:32:01,sc2506,sc2506,518.0,0.0,0.0,0.0,1,496.6,514.2,1,518.0,0.0,0.0,0.0,0.0,0.0,11
2023-05-09 23:32:02,sc2506,sc2506,518.0,0.0,0.0,0.0,1,496.6,514.2,2,518.0,0.0,0.0,0.0,0.0,0.0,11
2023-05-09 23:32:25,sc2506,sc2506,518.0,0.0,0.0,0.0,1,496.6,514.2,2,518.0,0.0,0.0,0.0,0.0,0.0,11
2023-05-09 23:32:28,sc2506,sc2506,518.0,0.0,0.0,0.0,2,496.7,514.2,2,518.0,0.0,0.0,0.0,0.0,0.0,11
2023-05-09 23:32:29,sc2506,sc2506,518.0,0.0,0.0,0.0,1,497.0,514.2,2,518.0,0.0,0.0,0.0,0.0,0.0,11
2023-05-09 23:33:07,sc2506,sc2506,518.0,0.0,0.0,0.0,1,497.0,514.2,2,518.0,0.0,0.0,0.0,0.0,0.0,11
2023-05-09 23:33:12,sc2506,sc2506,518.0,0.0,0.0,0.0,2,497.1,514.2,2,518.0,0.0,0.0,0.0,0.0,0.0,11
2023-05-09 23:33:13,sc2506,sc2506,518.0,0.0,0.0,0.0,1,497.4,514.2,2,518.0,0.0,0.0,0.0,0.0,0.0,11
2023-05-09 23:33:30,sc2506,sc2506,518.0,0.0,0.0,0.0,1,497.4,514.2,2,518.0,0.0,0.0,0.0,0.0,0.0,11
2023-05-09 23:33:56,sc2506,sc2506,518.0,0.0,0.0,0.0,2,497.5,514.2,2,518.0,0.0,0.0,0.0,0.0,0.0,11
2023-05-09 23:33:57,sc2506,sc2506,518.0,0.0,0.0,0.0,1,497.8,514.2,2,518.0,0.0,0.0,0.0,0.0,0.0,11
2023-05-09 23:34:34,sc2506,sc2506,518.0,0.0,0.0,0.0,1,497.8,514.2,2,518.0,0.0,0.0,0.0,0.0,0.0,11
2023-05-09 23:34:41,sc2506,sc2506,518.0,0.0,0.0,0.0,2,497.9,514.2,2,518.0,0.0,0.0,0.0,0.0,0.0,11
2023-05-09 23:34:42,sc2506,sc2506,518.0,0.0,0.0,0.0,2,497.9,514.2,1,518.0,0.0,0.0,0.0,0.0,0.0,11
2023-05-09 23:34:42,sc2506,sc2506,518.0,0.0,0.0,0.0,1,498.2,514.2,1,518.0,0.0,0.0,0.0,0.0,0.0,11
2023-05-09 23:35:20,sc2506,sc2506,518.0,0.0,0.0,0.0,1,498.2,514.2,1,518.0,0.0,0.0,0.0,0.0,0.0,11
2023-05-09 23:35:23,sc2506,sc2506,518.0,0.0,0.0,0.0,2,498.3,514.2,1,518.0,0.0,0.0,0.0,0.0,0.0,11
2023-05-09 23:35:24,sc2506,sc2506,518.0,0.0,0.0,0.0,1,498.6,514.2,1,518.0,0.0,0.0,0.0,0.0,0.0,11
2023-05-09 23:35:39,sc2506,sc2506,518.0,0.0,0.0,0.0,1,498.6,514.2,1,518.0,0.0,0.0,0.0,0.0,0.0,11
2023-05-09 23:35:41,sc2506,sc2506,518.0,0.0,0.0,0.0,1,498.6,514.2,1,518.0,0.0,0.0,0.0,0.0,0.0,11
2023-05-09 23:36:02,sc2506,sc2506,518.0,0.0,0.0,0.0,1,498.6,514.2,1,518.0,0.0,0.0,0.0,0.0,0.0,11
2023-05-09 23:36:07,sc2506,sc2506,518.0,0.0,0.0,0.0,2,498.7,514.2,1,518.0,0.0,0.0,0.0,0.0,0.0,11
2023-05-09 23:36:08,sc2506,sc2506,518.0,0.0,0.0,0.0,1,499.0,514.2,1,518.0,0.0,0.0,0.0,0.0,0.0,11
2023-05-09 23:36:45,sc2506,sc2506,518.0,0.0,0.0,0.0,1,499.0,514.2,1,518.0,0.0,0.0,0.0,0.0,0.0,11
2023-05-09 23:36:46,sc2506,sc2506,518.0,0.0,0.0,0.0,1,499.0,514.2,2,518.0,0.0,0.0,0.0,0.0,0.0,11
2023-05-09 23:36:49,sc2506,sc2506,518.0,0.0,0.0,0.0,2,499.1,514.2,2,518.0,0.0,0.0,0.0,0.0,0.0,11
2023-05-09 23:36:50,sc2506,sc2506,518.0,0.0,0.0,0.0,1,499.4,514.2,2,518.0,0.0,0.0,0.0,0.0,0.0,11
2023-05-09 23:37:03,sc2506,sc2506,518.0,0.0,0.0,0.0,1,499.4,514.2,2,518.0,0.0,0.0,0.0,0.0,0.0,11
2023-05-09 23:37:31,sc2506,sc2506,518.0,0.0,0.0,0.0,2,499.5,514.2,2,518.0,0.0,0.0,0.0,0.0,0.0,11
2023-05-09 23:37:32,sc2506,sc2506,518.0,0.0,0.0,0.0,2,499.5,514.2,1,518.0,0.0,0.0,0.0,0.0,0.0,11
2023-05-09 23:37:32,sc2506,sc2506,518.0,0.0,0.0,0.0,1,499.8,514.2,1,518.0,0.0,0.0,0.0,0.0,0.0,11
2023-05-09 23:37:35,sc2506,sc2506,518.0,0.0,0.0,0.0,1,499.8,514.2,1,518.0,0.0,0.0,0.0,0.0,0.0,11
2023-05-09 23:38:14,sc2506,sc2506,518.0,0.0,0.0,0.0,1,499.8,514.1,2,518.0,0.0,0.0,0.0,0.0,0.0,11
2023-05-09 23:38:14,sc2506,sc2506,518.0,0.0,0.0,0.0,1,499.8,514.1,3,518.0,0.0,0.0,0.0,0.0,0.0,11
2023-05-09 23:38:15,sc2506,sc2506,518.0,0.0,0.0,0.0,1,499.8,513.8,1,518.0,0.0,0.0,0.0,0.0,0.0,11
2023-05-09 23:38:15,sc2506,sc2506,518.0,0.0,0.0,0.0,1,499.8,513.8,1,518.0,0.0,0.0,0.0,0.0,0.0,11
2023-05-09 23:38:24,sc2506,sc2506,518.0,0.0,0.0,0.0,1,499.8,513.8,1,518.0,0.0,0.0,0.0,0.0,0.0,11
2023-05-09 23:38:56,sc2506,sc2506,518.0,0.0,0.0,0.0,2,499.9,513.8,1,518.0,0.0,0.0,0.0,0.0,0.0,11
2023-05-09 23:38:57,sc2506,sc2506,518.0,0.0,0.0,0.0,1,500.2,513.8,1,518.0,0.0,0.0,0.0,0.0,0.0,11
2023-05-09 23:39:04,sc2506,sc2506,518.0,0.0,0.0,0.0,1,500.2,513.8,1,518.0,0.0,0.0,0.0,0.0,0.0,11
2023-05-09 23:39:38,sc2506,sc2506,518.0,0.0,0.0,0.0,1,500.2,513.7,2,518.0,0.0,0.0,0.0,0.0,0.0,11
2023-05-09 23:39:39,sc2506,sc2506,518.0,0.0,0.0,0.0,1,500.2,513.4,1,518.0,0.0,0.0,0.0,0.0,0.0,11
2023-05-09 23:39:39,sc2506,sc2506,518.0,0.0,0.0,0.0,1,500.2,513.4,1,518.0,0.0,0.0,0.0,0.0,0.0,11
2023-05-09 23:40:20,sc2506,sc2506,518.0,0.0,0.0,0.0,1,500.2,513.3,2,518.0,0.0,0.0,0.0,0.0,0.0,11
2023-05-09 23:40:21,sc2506,sc2506,518.0,0.0,0.0,0.0,1,500.2,513.2,1,518.0,0.0,0.0,0.0,0.0,0.0,11
2023-05-09 23:40:23,sc2506,sc2506,518.0,0.0,0.0,0.0,1,500.2,513.2,1,518.0,0.0,0.0,0.0,0.0,0.0,11
2023-05-09 23:40:32,sc2506,sc2506,518.0,0.0,0.0,0.0,1,500.2,514.5,1,518.0,0.0,0.0,0.0,0.0,0.0,11
2023-05-09 23:40:33,sc2506,sc2506,518.0,0.0,0.0,0.0,1,500.2,514.2,1,518.0,0.0,0.0,0.0,0.0,0.0,11
2023-05-09 23:40:33,sc2506,sc2506,518.0,0.0,0.0,0.0,1,500.2,514.2,1,518.0,0.0,0.0,0.0,0.0,0.0,11
2023-05-09 23:41:02,sc2506,sc2506,518.0,0.0,0.0,0.0,1,500.2,514.1,2,518.0,0.0,0.0,0.0,0.0,0.0,11
2023-05-09 23:41:03,sc2506,sc2506,518.0,0.0,0.0,0.0,1,500.2,513.8,1,518.0,0.0,0.0,0.0,0.0,0.0,11
2023-05-09 23:41:04,sc2506,sc2506,518.0,0.0,0.0,0.0,1,500.2,513.8,1,518.0,0.0,0.0,0.0,0.0,0.0,11
2023-05-09 23:41:45,sc2506,sc2506,518.0,0.0,0.0,0.0,1,500.2,513.7,2,518.0,0.0,0.0,0.0,0.0,0.0,11
2023-05-09 23:41:46,sc2506,sc2506,518.0,0.0,0.0,0.0,1,500.2,513.5,1,518.0,0.0,0.0,0.0,0.0,0.0,11
2023-05-09 23:41:53,sc2506,sc2506,518.0,0.0,0.0,0.0,1,500.2,513.5,1,518.0,0.0,0.0,0.0,0.0,0.0,11
2023-05-09 23:42:26,sc2506,sc2506,518.0,0.0,0.0,0.0,2,500.3,513.5,1,518.0,0.0,0.0,0.0,0.0,0.0,11
2023-05-09 23:42:28,sc2506,sc2506,518.0,0.0,0.0,0.0,1,500.4,513.5,1,518.0,0.0,0.0,0.0,0.0,0.0,11
2023-05-09 23:42:37,sc2506,sc2506,518.0,0.0,0.0,0.0,1,500.4,513.5,1,518.0,0.0,0.0,0.0,0.0,0.0,11
2023-05-09 23:42:39,sc2506,sc2506,518.0,0.0,0.0,0.0,1,494.7,513.5,1,518.0,0.0,0.0,0.0,0.0,0.0,11
2023-05-09 23:42:39,sc2506,sc2506,518.0,0.0,0.0,0.0,1,495.0,513.5,1,518.0,0.0,0.0,0.0,0.0,0.0,11
2023-05-09 23:43:08,sc2506,sc2506,518.0,0.0,0.0,0.0,2,495.1,513.5,1,518.0,0.0,0.0,0.0,0.0,0.0,11
2023-05-09 23:43:09,sc2506,sc2506,518.0,0.0,0.0,0.0,1,495.4,513.5,1,518.0,0.0,0.0,0.0,0.0,0.0,11
2023-05-09 23:43:48,sc2506,sc2506,518.0,0.0,0.0,0.0,1,495.4,513.5,1,518.0,0.0,0.0,0.0,0.0,0.0,11
2023-05-09 23:43:50,sc2506,sc2506,518.0,0.0,0.0,0.0,2,495.5,513.5,1,518.0,0.0,0.0,0.0,0.0,0.0,11
2023-05-09 23:43:51,sc2506,sc2506,518.0,0.0,0.0,0.0,1,495.8,513.5,1,518.0,0.0,0.0,0.0,0.0,0.0,11
2023-05-09 23:44:27,sc2506,sc2506,518.0,0.0,0.0,0.0,1,495.8,513.5,1,518.0,0.0,0.0,0.0,0.0,0.0,11
2023-05-09 23:44:32,sc2506,sc2506,518.0,0.0,0.0,0.0,2,495.9,513.5,1,518.0,0.0,0.0,0.0,0.0,0.0,11
2023-05-09 23:44:33,sc2506,sc2506,518.0,0.0,0.0,0.0,1,496.2,513.5,1,518.0,0.0,0.0,0.0,0.0,0.0,11
2023-05-09 23:45:11,sc2506,sc2506,518.0,0.0,0.0,0.0,1,496.2,513.5,1,518.0,0.0,0.0,0.0,0.0,0.0,11
2023-05-09 23:45:13,sc2506,sc2506,518.0,0.0,0.0,0.0,2,496.3,513.5,1,518.0,0.0,0.0,0.0,0.0,0.0,11
2023-05-09 23:45:14,sc2506,sc2506,518.0,0.0,0.0,0.0,1,496.6,513.5,1,518.0,0.0,0.0,0.0,0.0,0.0,11
2023-05-09 23:45:38,sc2506,sc2506,518.0,0.0,0.0,0.0,1,496.6,514.5,1,518.0,0.0,0.0,0.0,0.0,0.0,11
2023-05-09 23:45:38,sc2506,sc2506,518.0,0.0,0.0,0.0,1,496.6,514.2,1,518.0,0.0,0.0,0.0,0.0,0.0,11
2023-05-09 23:45:52,sc2506,sc2506,518.0,0.0,0.0,0.0,1,496.6,514.2,1,518.0,0.0,0.0,0.0,0.0,0.0,11
2023-05-09 23:45:56,sc2506,sc2506,518.0,0.0,0.0,0.0,2,496.7,514.2,1,518.0,0.0,0.0,0.0,0.0,0.0,11
2023-05-09 23:45:58,sc2506,sc2506,518.0,0.0,0.0,0.0,1,497.0,514.2,1,518.0,0.0,0.0,0.0,0.0,0.0,11
2023-05-09 23:46:35,sc2506,sc2506,518.0,0.0,0.0,0.0,1,497.0,514.2,1,518.0,0.0,0.0,0.0,0.0,0.0,11
2023-05-09 23:46:38,sc2506,sc2506,518.0,0.0,0.0,0.0,2,497.1,514.2,1,518.0,0.0,0.0,0.0,0.0,0.0,11
2023-05-09 23:46:39,sc2506,sc2506,518.0,0.0,0.0,0.0,1,497.4,514.2,1,518.0,0.0,0.0,0.0,0.0,0.0,11
2023-05-09 23:47:17,sc2506,sc2506,518.0,0.0,0.0,0.0,1,497.4,514.2,1,518.0,0.0,0.0,0.0,0.0,0.0,11
2023-05-09 23:47:20,sc2506,sc2506,518.0,0.0,0.0,0.0,2,497.5,514.2,1,518.0,0.0,0.0,0.0,0.0,0.0,11
2023-05-09 23:47:21,sc2506,sc2506,518.0,0.0,0.0,0.0,1,497.8,514.2,1,518.0,0.0,0.0,0.0,0.0,0.0,11
2023-05-09 23:47:57,sc2506,sc2506,518.0,0.0,0.0,0.0,1,497.8,514.2,1,518.0,0.0,0.0,0.0,0.0,0.0,11
2023-05-09 23:48:01,sc2506,sc2506,518.0,0.0,0.0,0.0,2,497.9,514.2,1,518.0,0.0,0.0,0.0,0.0,0.0,11
2023-05-09 23:48:02,sc2506,sc2506,518.0,0.0,0.0,0.0,1,498.2,514.2,1,518.0,0.0,0.0,0.0,0.0,0.0,11
2023-05-09 23:48:39,sc2506,sc2506,518.0,0.0,0.0,0.0,1,498.2,514.2,1,518.0,0.0,0.0,0.0,0.0,0.0,11
2023-05-09 23:48:44,sc2506,sc2506,518.0,0.0,0.0,0.0,2,498.3,514.2,1,518.0,0.0,0.0,0.0,0.0,0.0,11
2023-05-09 23:48:45,sc2506,sc2506,518.0,0.0,0.0,0.0,1,498.6,514.2,1,518.0,0.0,0.0,0.0,0.0,0.0,11
2023-05-09 23:49:23,sc2506,sc2506,518.0,0.0,0.0,0.0,1,498.6,514.2,1,518.0,0.0,0.0,0.0,0.0,0.0,11
2023-05-09 23:49:23,sc2506,sc2506,518.0,0.0,0.0,0.0,1,498.6,514.2,2,518.0,0.0,0.0,0.0,0.0,0.0,11
2023-05-09 23:49:26,sc2506,sc2506,518.0,0.0,0.0,0.0,2,498.7,514.2,2,518.0,0.0,0.0,0.0,0.0,0.0,11
2023-05-09 23:49:27,sc2506,sc2506,518.0,0.0,0.0,0.0,1,499.0,514.2,2,518.0,0.0,0.0,0.0,0.0,0.0,11
2023-05-09 23:50:04,sc2506,sc2506,518.0,0.0,0.0,0.0,1,499.0,514.2,2,518.0,0.0,0.0,0.0,0.0,0.0,11
2023-05-09 23:50:08,sc2506,sc2506,518.0,0.0,0.0,0.0,2,499.1,514.2,2,518.0,0.0,0.0,0.0,0.0,0.0,11
2023-05-09 23:50:09,sc2506,sc2506,518.0,0.0,0.0,0.0,1,499.4,514.2,2,518.0,0.0,0.0,0.0,0.0,0.0,11
2023-05-09 23:50:29,sc2506,sc2506,518.0,0.0,0.0,0.0,1,499.4,514.2,2,518.0,0.0,0.0,0.0,0.0,0.0,11
2023-05-09 23:50:50,sc2506,sc2506,518.0,0.0,0.0,0.0,2,499.5,514.2,2,518.0,0.0,0.0,0.0,0.0,0.0,11
2023-05-09 23:50:51,sc2506,sc2506,518.0,0.0,0.0,0.0,1,499.8,514.2,2,518.0,0.0,0.0,0.0,0.0,0.0,11
2023-05-09 23:51:20,sc2506,sc2506,518.0,0.0,0.0,0.0,1,499.8,514.2,1,518.0,0.0,0.0,0.0,0.0,0.0,11
2023-05-09 23:51:28,sc2506,sc2506,518.0,0.0,0.0,0.0,1,499.8,514.2,1,518.0,0.0,0.0,0.0,0.0,0.0,11
2023-05-09 23:51:33,sc2506,sc2506,518.0,0.0,0.0,0.0,2,499.9,514.2,1,518.0,0.0,0.0,0.0,0.0,0.0,11
2023-05-09 23:51:34,sc2506,sc2506,518.0,0.0,0.0,0.0,1,500.2,514.5,1,518.0,0.0,0.0,0.0,0.0,0.0,11
2023-05-09 23:51:34,sc2506,sc2506,518.0,0.0,0.0,0.0,1,500.2,514.4,1,518.0,0.0,0.0,0.0,0.0,0.0,11
2023-05-09 23:52:11,sc2506,sc2506,518.0,0.0,0.0,0.0,1,500.2,514.4,1,518.0,0.0,0.0,0.0,0.0,0.0,11
2023-05-09 23:52:15,sc2506,sc2506,518.0,0.0,0.0,0.0,1,500.2,514.3,2,518.0,0.0,0.0,0.0,0.0,0.0,11
2023-05-09 23:52:16,sc2506,sc2506,518.0,0.0,0.0,0.0,1,500.2,514.0,1,518.0,0.0,0.0,0.0,0.0,0.0,11
2023-05-09 23:52:32,sc2506,sc2506,518.0,0.0,0.0,0.0,1,500.2,514.0,1,518.0,0.0,0.0,0.0,0.0,0.0,11
2023-05-09 23:52:58,sc2506,sc2506,518.0,0.0,0.0,0.0,1,500.2,513.9,2,518.0,0.0,0.0,0.0,0.0,0.0,11
2023-05-09 23:52:59,sc2506,sc2506,518.0,0.0,0.0,0.0,1,500.2,513.6,1,518.0,0.0,0.0,0.0,0.0,0.0,11
2023-05-09 23:53:25,sc2506,sc2506,518.0,0.0,0.0,0.0,1,494.7,513.6,1,518.0,0.0,0.0,0.0,0.0,0.0,11
2023-05-09 23:53:25,sc2506,sc2506,518.0,0.0,0.0,0.0,1,495.0,513.6,1,518.0,0.0,0.0,0.0,0.0,0.0,11
2023-05-09 23:53:26,sc2506,sc2506,518.0,0.0,0.0,0.0,1,495.0,513.6,1,518.0,0.0,0.0,0.0,0.0,0.0,11
2023-05-09 23:53:41,sc2506,sc2506,518.0,0.0,0.0,0.0,2,495.1,513.6,1,518.0,0.0,0.0,0.0,0.0,0.0,11
2023-05-09 23:53:42,sc2506,sc2506,518.0,0.0,0.0,0.0,1,495.4,513.6,1,518.0,0.0,0.0,0.0,0.0,0.0,11
2023-05-09 23:54:20,sc2506,sc2506,518.0,0.0,0.0,0.0,1,495.4,513.6,1,518.0,0.0,0.0,0.0,0.0,0.0,11
2023-05-09 23:54:24,sc2506,sc2506,518.0,0.0,0.0,0.0,2,495.5,513.6,1,518.0,0.0,0.0,0.0,0.0,0.0,11
2023-05-09 23:54:25,sc2506,sc2506,518.0,0.0,0.0,0.0,1,495.8,513.6,1,518.0,0.0,0.0,0.0,0.0,0.0,11
2023-05-09 23:55:03,sc2506,sc2506,518.0,0.0,0.0,0.0,1,495.8,513.6,1,518.0,0.0,0.0,0.0,0.0,0.0,11
2023-05-09 23:55:06,sc2506,sc2506,518.0,0.0,0.0,0.0,2,495.9,513.6,1,518.0,0.0,0.0,0.0,0.0,0.0,11
2023-05-09 23:55:07,sc2506,sc2506,518.0,0.0,0.0,0.0,1,496.2,513.6,1,518.0,0.0,0.0,0.0,0.0,0.0,11
2023-05-09 23:55:36,sc2506,sc2506,518.0,0.0,0.0,0.0,1,496.2,514.5,1,518.0,0.0,0.0,0.0,0.0,0.0,11
2023-05-09 23:55:37,sc2506,sc2506,518.0,0.0,0.0,0.0,1,496.2,514.2,1,518.0,0.0,0.0,0.0,0.0,0.0,11
2023-05-09 23:55:44,sc2506,sc2506,518.0,0.0,0.0,0.0,1,496.2,514.2,1,518.0,0.0,0.0,0.0,0.0,0.0,11
2023-05-09 23:55:47,sc2506,sc2506,518.0,0.0,0.0,0.0,2,496.3,514.2,1,518.0,0.0,0.0,0.0,0.0,0.0,11
2023-05-09 23:55:48,sc2506,sc2506,518.0,0.0,0.0,0.0,1,496.6,514.2,1,518.0,0.0,0.0,0.0,0.0,0.0,11
2023-05-09 23:56:26,sc2506,sc2506,518.0,0.0,0.0,0.0,1,496.6,514.2,1,518.0,0.0,0.0,0.0,0.0,0.0,11
2023-05-09 23:56:29,sc2506,sc2506,518.0,0.0,0.0,0.0,2,496.7,514.2,1,518.0,0.0,0.0,0.0,0.0,0.0,11
2023-05-09 23:56:30,sc2506,sc2506,518.0,0.0,0.0,0.0,1,497.0,514.2,1,518.0,0.0,0.0,0.0,0.0,0.0,11
2023-05-09 23:57:07,sc2506,sc2506,518.0,0.0,0.0,0.0,1,497.0,514.2,1,518.0,0.0,0.0,0.0,0.0,0.0,11
2023-05-09 23:57:12,sc2506,sc2506,518.0,0.0,0.0,0.0,2,497.1,514.2,1,518.0,0.0,0.0,0.0,0.0,0.0,11
2023-05-09 23:57:13,sc2506,sc2506,518.0,0.0,0.0,0.0,1,497.4,514.2,1,518.0,0.0,0.0,0.0,0.0,0.0,11
2023-05-09 23:57:51,sc2506,sc2506,518.0,0.0,0.0,0.0,1,497.4,514.2,1,518.0,0.0,0.0,0.0,0.0,0.0,11
2023-05-09 23:57:53,sc2506,sc2506,518.0,0.0,0.0,0.0,2,497.5,514.2,1,518.0,0.0,0.0,0.0,0.0,0.0,11
2023-05-09 23:57:54,sc2506,sc2506,518.0,0.0,0.0,0.0,1,497.8,514.2,1,518.0,0.0,0.0,0.0,0.0,0.0,11
2023-05-09 23:58:31,sc2506,sc2506,518.0,0.0,0.0,0.0,1,497.8,514.5,1,518.0,0.0,0.0,0.0,0.0,0.0,11
2023-05-09 23:58:31,sc2506,sc2506,518.0,0.0,0.0,0.0,1,497.8,514.4,1,518.0,0.0,0.0,0.0,0.0,0.0,11
2023-05-09 23:58:32,sc2506,sc2506,518.0,0.0,0.0,0.0,1,497.8,514.4,1,518.0,0.0,0.0,0.0,0.0,0.0,11
2023-05-09 23:58:36,sc2506,sc2506,518.0,0.0,0.0,0.0,2,497.9,514.4,1,518.0,0.0,0.0,0.0,0.0,0.0,11
2023-05-09 23:58:37,sc2506,sc2506,518.0,0.0,0.0,0.0,1,498.2,514.4,1,518.0,0.0,0.0,0.0,0.0,0.0,11
2023-05-09 23:59:15,sc2506,sc2506,518.0,0.0,0.0,0.0,1,498.2,514.4,1,518.0,0.0,0.0,0.0,0.0,0.0,11
2023-05-09 23:59:17,sc2506,sc2506,518.0,0.0,0.0,0.0,2,498.3,514.4,1,518.0,0.0,0.0,0.0,0.0,0.0,11
2023-05-09 23:59:18,sc2506,sc2506,518.0,0.0,0.0,0.0,1,498.6,514.4,1,518.0,0.0,0.0,0.0,0.0,0.0,11
2023-05-09 23:59:44,sc2506,sc2506,518.0,0.0,0.0,0.0,1,498.6,514.4,1,518.0,0.0,0.0,0.0,0.0,0.0,11
2023-05-10 00:00:18,sc2506,sc2506,518.0,0.0,0.0,0.0,2,498.7,514.4,1,518.0,0.0,0.0,0.0,0.0,0.0,11
2023-05-10 00:00:19,sc2506,sc2506,518.0,0.0,0.0,0.0,1,499.0,514.4,1,518.0,0.0,0.0,0.0,0.0,0.0,11
2023-05-10 00:00:57,sc2506,sc2506,518.0,0.0,0.0,0.0,1,499.0,514.4,1,518.0,0.0,0.0,0.0,0.0,0.0,11
2023-05-10 00:00:58,sc2506,sc2506,518.0,0.0,0.0,0.0,1,499.0,514.5,1,518.0,0.0,0.0,0.0,0.0,0.0,11
2023-05-10 00:01:00,sc2506,sc2506,518.0,0.0,0.0,0.0,1,499.0,514.5,1,518.0,0.0,0.0,0.0,0.0,0.0,11
2023-05-10 00:01:01,sc2506,sc2506,518.0,0.0,0.0,0.0,2,499.1,514.5,1,518.0,0.0,0.0,0.0,0.0,0.0,11
2023-05-10 00:01:02,sc2506,sc2506,518.0,0.0,0.0,0.0,1,499.4,514.5,1,518.0,0.0,0.0,0.0,0.0,0.0,11
2023-05-10 00:01:10,sc2506,sc2506,518.0,0.0,0.0,0.0,1,499.4,514.4,1,518.0,0.0,0.0,0.0,0.0,0.0,11
2023-05-10 00:01:24,sc2506,sc2506,518.0,0.0,0.0,0.0,1,499.4,514.5,1,518.0,0.0,0.0,0.0,0.0,0.0,11
2023-05-10 00:01:38,sc2506,sc2506,518.0,0.0,0.0,0.0,1,499.4,514.4,1,518.0,0.0,0.0,0.0,0.0,0.0,11
2023-05-10 00:01:40,sc2506,sc2506,518.0,0.0,0.0,0.0,1,499.4,514.4,1,518.0,0.0,0.0,0.0,0.0,0.0,11
2023-05-10 00:01:43,sc2506,sc2506,518.0,0.0,0.0,0.0,2,499.5,514.4,1,518.0,0.0,0.0,0.0,0.0,0.0,11
2023-05-10 00:01:44,sc2506,sc2506,518.0,0.0,0.0,0.0,1,499.8,514.4,1,518.0,0.0,0.0,0.0,0.0,0.0,11
2023-05-10 00:01:48,sc2506,sc2506,518.0,0.0,0.0,0.0,1,499.8,514.4,1,518.0,0.0,0.0,0.0,0.0,0.0,11
2023-05-10 00:02:25,sc2506,sc2506,518.0,0.0,0.0,0.0,1,499.8,514.3,2,518.0,0.0,0.0,0.0,0.0,0.0,11
2023-05-10 00:02:30,sc2506,sc2506,518.0,0.0,0.0,0.0,1,499.8,514.3,2,518.0,0.0,0.0,0.0,0.0,0.0,11
2023-05-10 00:02:57,sc2506,sc2506,518.0,0.0,0.0,0.0,1,499.8,514.2,1,518.0,0.0,0.0,0.0,0.0,0.0,11
2023-05-10 00:03:13,sc2506,sc2506,518.0,0.0,0.0,0.0,1,499.8,514.3,2,518.0,0.0,0.0,0.0,0.0,0.0,11
2023-05-10 00:05:40,sc2506,sc2506,518.0,0.0,0.0,0.0,1,499.8,514.5,1,518.0,0.0,0.0,0.0,0.0,0.0,11
2023-05-10 00:05:55,sc2506,sc2506,518.0,0.0,0.0,0.0,2,499.9,514.5,1,518.0,0.0,0.0,0.0,0.0,0.0,11
2023-05-10 00:05:56,sc2506,sc2506,518.0,0.0,0.0,0.0,1,500.2,514.5,1,518.0,0.0,0.0,0.0,0.0,0.0,11
2023-05-10 00:06:06,sc2506,sc2506,518.0,0.0,0.0,0.0,1,500.2,514.5,1,518.0,0.0,0.0,0.0,0.0,0.0,11
2023-05-10 00:06:06,sc2506,sc2506,518.0,0.0,0.0,0.0,1,500.2,514.5,1,518.0,0.0,0.0,0.0,0.0,0.0,11
2023-05-10 00:06:12,sc2506,sc2506,518.0,0.0,0.0,0.0,1,500.2,514.5,1,518.0,0.0,0.0,0.0,0.0,0.0,11
2023-05-10 00:06:12,sc2506,sc2506,518.0,0.0,0.0,0.0,1,500.2,514.5,1,518.0,0.0,0.0,0.0,0.0,0.0,11
2023-05-10 00:06:17,sc2506,sc2506,518.0,0.0,0.0,0.0,1,500.2,514.5,1,518.0,0.0,0.0,0.0,0.0,0.0,11
2023-05-10 00:06:18,sc2506,sc2506,518.0,0.0,0.0,0.0,1,500.2,514.5,1,518.0,0.0,0.0,0.0,0.0,0.0,11
2023-05-10 00:06:27,sc2506,sc2506,518.0,0.0,0.0,0.0,1,500.2,514.5,1,518.0,0.0,0.0,0.0,0.0,0.0,11
2023-05-10 00:06:28,sc2506,sc2506,518.0,0.0,0.0,0.0,1,500.2,514.5,1,518.0,0.0,0.0,0.0,0.0,0.0,11
2023-05-10 00:06:30,sc2506,sc2506,518.0,0.0,0.0,0.0,1,500.2,514.5,1,518.0,0.0,0.0,0.0,0.0,0.0,11
2023-05-10 00:06:33,sc2506,sc2506,518.0,0.0,0.0,0.0,1,500.2,514.5,1,518.0,0.0,0.0,0.0,0.0,0.0,11
2023-05-10 00:06:38,sc2506,sc2506,518.0,0.0,0.0,0.0,2,500.3,514.5,1,518.0,0.0,0.0,0.0,0.0,0.0,11
2023-05-10 00:06:39,sc2506,sc2506,518.0,0.0,0.0,0.0,1,500.6,514.5,1,518.0,0.0,0.0,0.0,0.0,0.0,11
2023-05-10 00:07:13,sc2506,sc2506,518.0,0.0,0.0,0.0,1,500.6,514.5,1,518.0,0.0,0.0,0.0,0.0,0.0,11
2023-05-10 00:07:15,sc2506,sc2506,518.0,0.0,0.0,0.0,1,500.6,514.5,1,518.0,0.0,0.0,0.0,0.0,0.0,11
2023-05-10 00:07:17,sc2506,sc2506,518.0,0.0,0.0,0.0,1,500.6,514.5,1,518.0,0.0,0.0,0.0,0.0,0.0,11
2023-05-10 00:07:23,sc2506,sc2506,518.0,0.0,0.0,0.0,2,500.7,514.5,1,518.0,0.0,0.0,0.0,0.0,0.0,11
2023-05-10 00:07:24,sc2506,sc2506,518.0,0.0,0.0,0.0,1,501.0,514.5,1,518.0,0.0,0.0,0.0,0.0,0.0,11
2023-05-10 00:07:38,sc2506,sc2506,518.0,0.0,0.0,0.0,1,501.0,524.9,2,518.0,0.0,0.0,0.0,0.0,0.0,11
2023-05-10 00:07:39,sc2506,sc2506,518.0,0.0,0.0,0.0,1,501.0,524.6,1,518.0,0.0,0.0,0.0,0.0,0.0,11
2023-05-10 00:07:39,sc2506,sc2506,518.0,0.0,0.0,0.0,1,501.0,524.6,1,518.0,0.0,0.0,0.0,0.0,0.0,11
2023-05-10 00:07:59,sc2506,sc2506,518.0,0.0,0.0,0.0,1,501.0,524.5,1,518.0,0.0,0.0,0.0,0.0,0.0,11
2023-05-10 00:08:00,sc2506,sc2506,518.0,0.0,0.0,0.0,1,501.0,524.2,1,518.0,0.0,0.0,0.0,0.0,0.0,11
2023-05-10 00:08:07,sc2506,sc2506,518.0,0.0,0.0,0.0,1,501.0,524.1,2,518.0,0.0,0.0,0.0,0.0,0.0,11
2023-05-10 00:08:08,sc2506,sc2506,518.0,0.0,0.0,0.0,1,501.0,523.8,1,518.0,0.0,0.0,0.0,0.0,0.0,11
2023-05-10 00:08:24,sc2506,sc2506,518.0,0.0,0.0,0.0,1,501.1,523.8,1,518.0,0.0,0.0,0.0,0.0,0.0,11
2023-05-10 00:08:25,sc2506,sc2506,518.0,0.0,0.0,0.0,1,501.4,523.8,1,518.0,0.0,0.0,0.0,0.0,0.0,11
2023-05-10 00:08:46,sc2506,sc2506,518.0,0.0,0.0,0.0,1,501.4,523.8,1,518.0,0.0,0.0,0.0,0.0,0.0,11
2023-05-10 00:08:50,sc2506,sc2506,518.0,0.0,0.0,0.0,1,501.4,523.7,2,518.0,0.0,0.0,0.0,0.0,0.0,11
2023-05-10 00:08:51,sc2506,sc2506,518.0,0.0,0.0,0.0,1,501.4,523.4,1,518.0,0.0,0.0,0.0,0.0,0.0,11
2023-05-10 00:09:30,sc2506,sc2506,518.0,0.0,0.0,0.0,1,501.4,523.4,1,518.0,0.0,0.0,0.0,0.0,0.0,11
2023-05-10 00:09:33,sc2506,sc2506,518.0,0.0,0.0,0.0,1,501.4,523.4,1,518.0,0.0,0.0,0.0,0.0,0.0,11
2023-05-10 00:09:34,sc2506,sc2506,518.0,0.0,0.0,0.0,1,501.4,523.3,2,518.0,0.0,0.0,0.0,0.0,0.0,11
2023-05-10 00:09:35,sc2506,sc2506,518.0,0.0,0.0,0.0,1,501.4,523.0,1,518.0,0.0,0.0,0.0,0.0,0.0,11
2023-05-10 00:10:12,sc2506,sc2506,518.0,0.0,0.0,0.0,1,501.4,523.0,1,518.0,0.0,0.0,0.0,0.0,0.0,11
2023-05-10 00:10:16,sc2506,sc2506,518.0,0.0,0.0,0.0,1,501.4,522.9,2,518.0,0.0,0.0,0.0,0.0,0.0,11
2023-05-10 00:10:17,sc2506,sc2506,518.0,0.0,0.0,0.0,1,501.4,522.6,1,518.0,0.0,0.0,0.0,0.0,0.0,11
2023-05-10 00:10:55,sc2506,sc2506,518.0,0.0,0.0,0.0,1,501.4,522.6,1,518.0,0.0,0.0,0.0,0.0,0.0,11
2023-05-10 00:10:58,sc2506,sc2506,518.0,0.0,0.0,0.0,1,501.4,522.5,2,518.0,0.0,0.0,0.0,0.0,0.0,11
2023-05-10 00:10:59,sc2506,sc2506,518.0,0.0,0.0,0.0,1,501.4,522.2,1,518.0,0.0,0.0,0.0,0.0,0.0,11
2023-05-10 00:11:37,sc2506,sc2506,518.0,0.0,0.0,0.0,1,501.4,522.2,1,518.0,0.0,0.0,0.0,0.0,0.0,11
2023-05-10 00:11:41,sc2506,sc2506,518.0,0.0,0.0,0.0,1,501.4,522.1,2,518.0,0.0,0.0,0.0,0.0,0.0,11
2023-05-10 00:11:42,sc2506,sc2506,518.0,0.0,0.0,0.0,1,501.4,521.8,1,518.0,0.0,0.0,0.0,0.0,0.0,11
2023-05-10 00:12:20,sc2506,sc2506,518.0,0.0,0.0,0.0,1,501.4,521.8,1,518.0,0.0,0.0,0.0,0.0,0.0,11
2023-05-10 00:12:23,sc2506,sc2506,518.0,0.0,0.0,0.0,1,501.4,521.7,2,518.0,0.0,0.0,0.0,0.0,0.0,11
2023-05-10 00:12:24,sc2506,sc2506,518.0,0.0,0.0,0.0,1,501.4,521.4,1,518.0,0.0,0.0,0.0,0.0,0.0,11
2023-05-10 00:12:41,sc2506,sc2506,518.0,0.0,0.0,0.0,1,501.4,521.4,1,518.0,0.0,0.0,0.0,0.0,0.0,11
2023-05-10 00:12:43,sc2506,sc2506,518.0,0.0,0.0,0.0,1,501.4,521.4,1,518.0,0.0,0.0,0.0,0.0,0.0,11
2023-05-10 00:13:02,sc2506,sc2506,518.0,0.0,0.0,0.0,1,501.4,521.4,1,518.0,0.0,0.0,0.0,0.0,0.0,11
2023-05-10 00:13:05,sc2506,sc2506,518.0,0.0,0.0,0.0,1,501.4,521.3,2,518.0,0.0,0.0,0.0,0.0,0.0,11
2023-05-10 00:13:06,sc2506,sc2506,518.0,0.0,0.0,0.0,1,501.4,521.0,1,518.0,0.0,0.0,0.0,0.0,0.0,11
2023-05-10 00:13:44,sc2506,sc2506,518.0,0.0,0.0,0.0,1,501.4,521.0,1,518.0,0.0,0.0,0.0,0.0,0.0,11
2023-05-10 00:13:48,sc2506,sc2506,518.0,0.0,0.0,0.0,1,501.4,520.9,2,518.0,0.0,0.0,0.0,0.0,0.0,11
2023-05-10 00:13:49,sc2506,sc2506,518.0,0.0,0.0,0.0,1,501.4,520.6,1,518.0,0.0,0.0,0.0,0.0,0.0,11
2023-05-10 00:14:27,sc2506,sc2506,518.0,0.0,0.0,0.0,1,501.4,520.6,1,518.0,0.0,0.0,0.0,0.0,0.0,11
2023-05-10 00:14:30,sc2506,sc2506,518.0,0.0,0.0,0.0,1,501.4,520.5,2,518.0,0.0,0.0,0.0,0.0,0.0,11
2023-05-10 00:14:31,sc2506,sc2506,518.0,0.0,0.0,0.0,1,501.4,520.2,1,518.0,0.0,0.0,0.0,0.0,0.0,11
2023-05-10 00:15:10,sc2506,sc2506,518.0,0.0,0.0,0.0,1,501.4,520.2,1,518.0,0.0,0.0,0.0,0.0,0.0,11
2023-05-10 00:15:14,sc2506,sc2506,518.0,0.0,0.0,0.0,1,501.4,520.1,2,518.0,0.0,0.0,0.0,0.0,0.0,11
2023-05-10 00:15:15,sc2506,sc2506,518.0,0.0,0.0,0.0,1,501.4,519.8,1,518.0,0.0,0.0,0.0,0.0,0.0,11
2023-05-10 00:15:53,sc2506,sc2506,518.0,0.0,0.0,0.0,1,501.4,519.8,1,518.0,0.0,0.0,0.0,0.0,0.0,11
2023-05-10 00:15:56,sc2506,sc2506,518.0,0.0,0.0,0.0,1,501.4,519.7,2,518.0,0.0,0.0,0.0,0.0,0.0,11
2023-05-10 00:15:57,sc2506,sc2506,518.0,0.0,0.0,0.0,1,501.4,519.4,1,518.0,0.0,0.0,0.0,0.0,0.0,11
2023-05-10 00:16:35,sc2506,sc2506,518.0,0.0,0.0,0.0,1,501.4,519.4,1,518.0,0.0,0.0,0.0,0.0,0.0,11
2023-05-10 00:16:39,sc2506,sc2506,518.0,0.0,0.0,0.0,1,501.4,519.3,2,518.0,0.0,0.0,0.0,0.0,0.0,11
2023-05-10 00:16:40,sc2506,sc2506,518.0,0.0,0.0,0.0,1,501.4,519.0,1,518.0,0.0,0.0,0.0,0.0,0.0,11
2023-05-10 00:16:54,sc2506,sc2506,518.0,0.0,0.0,0.0,1,501.4,519.0,1,518.0,0.0,0.0,0.0,0.0,0.0,11
2023-05-10 00:17:21,sc2506,sc2506,518.0,0.0,0.0,0.0,2,501.5,519.0,1,518.0,0.0,0.0,0.0,0.0,0.0,11
2023-05-10 00:17:22,sc2506,sc2506,518.0,0.0,0.0,0.0,1,501.8,519.0,1,518.0,0.0,0.0,0.0,0.0,0.0,11
2023-05-10 00:17:33,sc2506,sc2506,518.0,0.0,0.0,0.0,1,501.8,519.0,1,518.0,0.0,0.0,0.0,0.0,0.0,11
2023-05-10 00:18:03,sc2506,sc2506,518.0,0.0,0.0,0.0,1,501.8,518.9,2,518.0,0.0,0.0,0.0,0.0,0.0,11
2023-05-10 00:18:04,sc2506,sc2506,518.0,0.0,0.0,0.0,1,501.8,518.6,1,518.0,0.0,0.0,0.0,0.0,0.0,11
2023-05-10 00:18:08,sc2506,sc2506,518.0,0.0,0.0,0.0,1,501.8,518.6,1,518.0,0.0,0.0,0.0,0.0,0.0,11
2023-05-10 00:18:45,sc2506,sc2506,518.0,0.0,0.0,0.0,1,501.8,518.5,2,518.0,0.0,0.0,0.0,0.0,0.0,11
2023-05-10 00:18:48,sc2506,sc2506,518.0,0.0,0.0,0.0,1,501.8,518.2,1,518.0,0.0,0.0,0.0,0.0,0.0,11
2023-05-10 00:18:54,sc2506,sc2506,518.0,0.0,0.0,0.0,1,501.8,518.2,1,518.0,0.0,0.0,0.0,0.0,0.0,11
2023-05-10 00:19:27,sc2506,sc2506,518.0,0.0,0.0,0.0,1,501.8,518.1,2,518.0,0.0,0.0,0.0,0.0,0.0,11
2023-05-10 00:19:28,sc2506,sc2506,518.0,0.0,0.0,0.0,1,501.8,517.8,1,518.0,0.0,0.0,0.0,0.0,0.0,11
2023-05-10 00:19:29,sc2506,sc2506,518.0,0.0,0.0,0.0,1,501.8,517.8,1,518.0,0.0,0.0,0.0,0.0,0.0,11
2023-05-10 00:20:10,sc2506,sc2506,518.0,0.0,0.0,0.0,2,501.9,517.8,1,518.0,0.0,0.0,0.0,0.0,0.0,11
2023-05-10 00:20:11,sc2506,sc2506,518.0,0.0,0.0,0.0,1,502.2,517.8,1,518.0,0.0,0.0,0.0,0.0,0.0,11
2023-05-10 00:20:12,sc2506,sc2506,518.0,0.0,0.0,0.0,1,502.2,517.8,1,518.0,0.0,0.0,0.0,0.0,0.0,11
2023-05-10 00:20:53,sc2506,sc2506,518.0,0.0,0.0,0.0,1,502.2,517.7,2,518.0,0.0,0.0,0.0,0.0,0.0,11
2023-05-10 00:20:54,sc2506,sc2506,518.0,0.0,0.0,0.0,1,502.2,517.4,1,518.0,0.0,0.0,0.0,0.0,0.0,11
2023-05-10 00:21:02,sc2506,sc2506,518.0,0.0,0.0,0.0,1,502.2,517.4,1,518.0,0.0,0.0,0.0,0.0,0.0,11
2023-05-10 00:21:35,sc2506,sc2506,518.0,0.0,0.0,0.0,2,502.3,517.4,1,518.0,0.0,0.0,0.0,0.0,0.0,11
2023-05-10 00:21:36,sc2506,sc2506,518.0,0.0,0.0,0.0,1,502.6,517.4,1,518.0,0.0,0.0,0.0,0.0,0.0,11
2023-05-10 00:21:37,sc2506,sc2506,518.0,0.0,0.0,0.0,1,502.6,517.4,1,518.0,0.0,0.0,0.0,0.0,0.0,11
2023-05-10 00:22:16,sc2506,sc2506,518.0,0.0,0.0,0.0,2,502.7,517.4,1,518.0,0.0,0.0,0.0,0.0,0.0,11
2023-05-10 00:22:17,sc2506,sc2506,518.0,0.0,0.0,0.0,1,503.0,517.4,1,518.0,0.0,0.0,0.0,0.0,0.0,11
2023-05-10 00:22:40,sc2506,sc2506,518.0,0.0,0.0,0.0,1,503.0,517.4,1,518.0,0.0,0.0,0.0,0.0,0.0,11
2023-05-10 00:22:59,sc2506,sc2506,518.0,0.0,0.0,0.0,1,503.0,517.3,2,518.0,0.0,0.0,0.0,0.0,0.0,11
2023-05-10 00:23:00,sc2506,sc2506,518.0,0.0,0.0,0.0,1,503.0,517.1,1,518.0,0.0,0.0,0.0,0.0,0.0,11
2023-05-10 00:23:18,sc2506,sc2506,518.0,0.0,0.0,0.0,1,503.0,517.3,2,518.0,0.0,0.0,0.0,0.0,0.0,11
2023-05-10 00:23:19,sc2506,sc2506,518.0,0.0,0.0,0.0,1,503.0,524.5,1,518.0,0.0,0.0,0.0,0.0,0.0,11
2023-05-10 00:23:19,sc2506,sc2506,518.0,0.0,0.0,0.0,1,503.0,524.2,1,518.0,0.0,0.0,0.0,0.0,0.0,11
2023-05-10 00:23:40,sc2506,sc2506,518.0,0.0,0.0,0.0,1,503.0,524.1,2,518.0,0.0,0.0,0.0,0.0,0.0,11
2023-05-10 00:23:41,sc2506,sc2506,518.0,0.0,0.0,0.0,1,503.0,523.8,1,518.0,0.0,0.0,0.0,0.0,0.0,11
2023-05-10 00:24:17,sc2506,sc2506,518.0,0.0,0.0,0.0,1,503.0,523.8,1,518.0,0.0,0.0,0.0,0.0,0.0,11
2023-05-10 00:24:21,sc2506,sc2506,518.0,0.0,0.0,0.0,1,503.0,523.7,2,518.0,0.0,0.0,0.0,0.0,0.0,11
2023-05-10 00:24:22,sc2506,sc2506,518.0,0.0,0.0,0.0,1,503.0,523.4,1,518.0,0.0,0.0,0.0,0.0,0.0,11
2023-05-10 00:25:00,sc2506,sc2506,518.0,0.0,0.0,0.0,1,503.0,523.4,1,518.0,0.0,0.0,0.0,0.0,0.0,11
2023-05-10 00:25:03,sc2506,sc2506,518.0,0.0,0.0,0.0,1,503.0,523.3,2,518.0,0.0,0.0,0.0,0.0,0.0,11
2023-05-10 00:25:04,sc2506,sc2506,518.0,0.0,0.0,0.0,1,503.0,523.0,1,518.0,0.0,0.0,0.0,0.0,0.0,11
2023-05-10 00:25:42,sc2506,sc2506,518.0,0.0,0.0,0.0,1,503.0,523.0,1,518.0,0.0,0.0,0.0,0.0,0.0,11
2023-05-10 00:25:46,sc2506,sc2506,518.0,0.0,0.0,0.0,1,503.0,522.9,2,518.0,0.0,0.0,0.0,0.0,0.0,11
2023-05-10 00:25:47,sc2506,sc2506,518.0,0.0,0.0,0.0,1,503.0,522.6,1,518.0,0.0,0.0,0.0,0.0,0.0,11
2023-05-10 00:26:26,sc2506,sc2506,518.0,0.0,0.0,0.0,1,503.0,522.6,1,518.0,0.0,0.0,0.0,0.0,0.0,11
2023-05-10 00:26:30,sc2506,sc2506,518.0,0.0,0.0,0.0,1,503.0,522.5,2,518.0,0.0,0.0,0.0,0.0,0.0,11
2023-05-10 00:26:31,sc2506,sc2506,518.0,0.0,0.0,0.0,1,503.0,522.2,1,518.0,0.0,0.0,0.0,0.0,0.0,11
2023-05-10 00:27:09,sc2506,sc2506,518.0,0.0,0.0,0.0,1,503.0,522.2,1,518.0,0.0,0.0,0.0,0.0,0.0,11
2023-05-10 00:27:12,sc2506,sc2506,518.0,0.0,0.0,0.0,1,503.0,522.1,2,518.0,0.0,0.0,0.0,0.0,0.0,11
2023-05-10 00:27:13,sc2506,sc2506,518.0,0.0,0.0,0.0,1,503.0,521.8,1,518.0,0.0,0.0,0.0,0.0,0.0,11
2023-05-10 00:27:50,sc2506,sc2506,518.0,0.0,0.0,0.0,1,503.0,521.8,1,518.0,0.0,0.0,0.0,0.0,0.0,11
2023-05-10 00:27:54,sc2506,sc2506,518.0,0.0,0.0,0.0,1,503.0,521.7,2,518.0,0.0,0.0,0.0,0.0,0.0,11
2023-05-10 00:27:55,sc2506,sc2506,518.0,0.0,0.0,0.0,1,503.0,521.4,1,518.0,0.0,0.0,0.0,0.0,0.0,11
2023-05-10 00:28:33,sc2506,sc2506,518.0,0.0,0.0,0.0,1,503.0,521.4,1,518.0,0.0,0.0,0.0,0.0,0.0,11
2023-05-10 00:28:38,sc2506,sc2506,518.0,0.0,0.0,0.0,1,503.0,521.3,2,518.0,0.0,0.0,0.0,0.0,0.0,11
2023-05-10 00:28:39,sc2506,sc2506,518.0,0.0,0.0,0.0,1,503.0,521.0,1,518.0,0.0,0.0,0.0,0.0,0.0,11
2023-05-10 00:29:17,sc2506,sc2506,518.0,0.0,0.0,0.0,1,503.0,521.0,1,518.0,0.0,0.0,0.0,0.0,0.0,11
2023-05-10 00:29:20,sc2506,sc2506,518.0,0.0,0.0,0.0,1,503.0,520.9,2,518.0,0.0,0.0,0.0,0.0,0.0,11
2023-05-10 00:29:21,sc2506,sc2506,518.0,0.0,0.0,0.0,1,503.0,520.6,1,518.0,0.0,0.0,0.0,0.0,0.0,11
2023-05-10 00:29:59,sc2506,sc2506,518.0,0.0,0.0,0.0,1,503.0,520.6,1,518.0,0.0,0.0,0.0,0.0,0.0,11
2023-05-10 00:30:02,sc2506,sc2506,518.0,0.0,0.0,0.0,1,503.0,520.5,2,518.0,0.0,0.0,0.0,0.0,0.0,11
2023-05-10 00:30:03,sc2506,sc2506,518.0,0.0,0.0,0.0,1,503.0,520.2,1,518.0,0.0,0.0,0.0,0.0,0.0,11
2023-05-10 00:30:41,sc2506,sc2506,518.0,0.0,0.0,0.0,1,503.0,520.2,1,518.0,0.0,0.0,0.0,0.0,0.0,11
2023-05-10 00:30:45,sc2506,sc2506,518.0,0.0,0.0,0.0,1,503.0,520.1,2,518.0,0.0,0.0,0.0,0.0,0.0,11
2023-05-10 00:30:46,sc2506,sc2506,518.0,0.0,0.0,0.0,1,503.0,519.8,1,518.0,0.0,0.0,0.0,0.0,0.0,11
2023-05-10 00:31:23,sc2506,sc2506,518.0,0.0,0.0,0.0,1,503.0,519.8,1,518.0,0.0,0.0,0.0,0.0,0.0,11
2023-05-10 00:31:27,sc2506,sc2506,518.0,0.0,0.0,0.0,1,503.0,519.7,2,518.0,0.0,0.0,0.0,0.0,0.0,11
2023-05-10 00:31:28,sc2506,sc2506,518.0,0.0,0.0,0.0,1,503.0,519.4,1,518.0,0.0,0.0,0.0,0.0,0.0,11
2023-05-10 00:32:06,sc2506,sc2506,518.0,0.0,0.0,0.0,1,503.0,519.4,1,518.0,0.0,0.0,0.0,0.0,0.0,11
2023-05-10 00:32:09,sc2506,sc2506,518.0,0.0,0.0,0.0,1,503.0,519.3,2,518.0,0.0,0.0,0.0,0.0,0.0,11
2023-05-10 00:32:10,sc2506,sc2506,518.0,0.0,0.0,0.0,1,503.0,519.0,1,518.0,0.0,0.0,0.0,0.0,0.0,11
2023-05-10 00:32:11,sc2506,sc2506,518.0,0.0,0.0,0.0,1,503.0,519.0,1,518.0,0.0,0.0,0.0,0.0,0.0,11
2023-05-10 00:32:51,sc2506,sc2506,518.0,0.0,0.0,0.0,2,503.1,519.0,1,518.0,0.0,0.0,0.0,0.0,0.0,11
2023-05-10 00:32:52,sc2506,sc2506,518.0,0.0,0.0,0.0,1,503.4,519.0,1,518.0,0.0,0.0,0.0,0.0,0.0,11
2023-05-10 00:32:54,sc2506,sc2506,518.0,0.0,0.0,0.0,1,503.4,519.0,1,518.0,0.0,0.0,0.0,0.0,0.0,11
2023-05-10 00:33:33,sc2506,sc2506,518.0,0.0,0.0,0.0,1,503.4,518.9,2,518.0,0.0,0.0,0.0,0.0,0.0,11
2023-05-10 00:33:34,sc2506,sc2506,518.0,0.0,0.0,0.0,1,503.4,518.6,1,518.0,0.0,0.0,0.0,0.0,0.0,11
2023-05-10 00:34:12,sc2506,sc2506,518.0,0.0,0.0,0.0,1,503.4,518.6,1,518.0,0.0,0.0,0.0,0.0,0.0,11
2023-05-10 00:34:15,sc2506,sc2506,518.0,0.0,0.0,0.0,1,503.4,518.5,2,518.0,0.0,0.0,0.0,0.0,0.0,11
2023-05-10 00:34:16,sc2506,sc2506,518.0,0.0,0.0,0.0,1,503.4,518.2,1,518.0,0.0,0.0,0.0,0.0,0.0,11
2023-05-10 00:34:26,sc2506,sc2506,518.0,0.0,0.0,0.0,1,503.4,518.2,1,518.0,0.0,0.0,0.0,0.0,0.0,11
2023-05-10 00:34:56,sc2506,sc2506,518.0,0.0,0.0,0.0,2,503.5,518.2,1,518.0,0.0,0.0,0.0,0.0,0.0,11
2023-05-10 00:34:57,sc2506,sc2506,518.0,0.0,0.0,0.0,1,503.8,518.2,1,518.0,0.0,0.0,0.0,0.0,0.0,11
2023-05-10 00:35:02,sc2506,sc2506,518.0,0.0,0.0,0.0,1,503.8,518.2,1,518.0,0.0,0.0,0.0,0.0,0.0,11
2023-05-10 00:35:39,sc2506,sc2506,518.0,0.0,0.0,0.0,1,503.8,518.1,2,518.0,0.0,0.0,0.0,0.0,0.0,11
2023-05-10 00:35:40,sc2506,sc2506,518.0,0.0,0.0,0.0,1,503.8,517.8,1,518.0,0.0,0.0,0.0,0.0,0.0,11
2023-05-10 00:35:56,sc2506,sc2506,518.0,0.0,0.0,0.0,1,503.8,517.8,1,518.0,0.0,0.0,0.0,0.0,0.0,11
2023-05-10 00:36:21,sc2506,sc2506,518.0,0.0,0.0,0.0,2,503.9,517.8,1,518.0,0.0,0.0,0.0,0.0,0.0,11
2023-05-10 00:36:23,sc2506,sc2506,518.0,0.0,0.0,0.0,2,503.9,517.8,1,518.0,0.0,0.0,0.0,0.0,0.0,11
2023-05-10 00:37:05,sc2506,sc2506,518.0,0.0,0.0,0.0,1,504.0,517.8,1,518.0,0.0,0.0,0.0,0.0,0.0,11
2023-05-10 00:37:43,sc2506,sc2506,518.0,0.0,0.0,0.0,1,504.0,517.8,1,518.0,0.0,0.0,0.0,0.0,0.0,11
2023-05-10 00:37:46,sc2506,sc2506,518.0,0.0,0.0,0.0,2,504.1,517.8,1,518.0,0.0,0.0,0.0,0.0,0.0,11
2023-05-10 00:38:05,sc2506,sc2506,518.0,0.0,0.0,0.0,2,504.1,517.8,1,518.0,0.0,0.0,0.0,0.0,0.0,11
2023-05-10 00:39:11,sc2506,sc2506,518.0,0.0,0.0,0.0,1,504.2,517.8,1,518.0,0.0,0.0,0.0,0.0,0.0,11
2023-05-10 00:39:34,sc2506,sc2506,518.0,0.0,0.0,0.0,2,504.1,517.8,1,518.0,0.0,0.0,0.0,0.0,0.0,11
2023-05-10 00:41:25,sc2506,sc2506,518.0,0.0,0.0,0.0,1,504.4,517.8,1,518.0,0.0,0.0,0.0,0.0,0.0,11
2023-05-10 00:41:42,sc2506,sc2506,518.0,0.0,0.0,0.0,1,504.4,524.5,1,518.0,0.0,0.0,0.0,0.0,0.0,11
2023-05-10 00:41:42,sc2506,sc2506,518.0,0.0,0.0,0.0,1,504.4,524.2,1,518.0,0.0,0.0,0.0,0.0,0.0,11
2023-05-10 00:41:57,sc2506,sc2506,518.0,0.0,0.0,0.0,1,504.4,524.1,2,518.0,0.0,0.0,0.0,0.0,0.0,11
2023-05-10 00:41:58,sc2506,sc2506,518.0,0.0,0.0,0.0,1,504.4,523.8,1,518.0,0.0,0.0,0.0,0.0,0.0,11
2023-05-10 00:42:35,sc2506,sc2506,518.0,0.0,0.0,0.0,1,504.4,523.8,1,518.0,0.0,0.0,0.0,0.0,0.0,11
2023-05-10 00:42:39,sc2506,sc2506,518.0,0.0,0.0,0.0,1,504.4,523.7,2,518.0,0.0,0.0,0.0,0.0,0.0,11
2023-05-10 00:42:40,sc2506,sc2506,518.0,0.0,0.0,0.0,1,504.4,523.4,1,518.0,0.0,0.0,0.0,0.0,0.0,11
2023-05-10 00:43:18,sc2506,sc2506,518.0,0.0,0.0,0.0,1,504.4,523.4,1,518.0,0.0,0.0,0.0,0.0,0.0,11
2023-05-10 00:43:21,sc2506,sc2506,518.0,0.0,0.0,0.0,1,504.4,523.3,2,518.0,0.0,0.0,0.0,0.0,0.0,11
2023-05-10 00:43:22,sc2506,sc2506,518.0,0.0,0.0,0.0,1,504.4,523.0,1,518.0,0.0,0.0,0.0,0.0,0.0,11
2023-05-10 00:44:00,sc2506,sc2506,518.0,0.0,0.0,0.0,1,504.4,523.0,1,518.0,0.0,0.0,0.0,0.0,0.0,11
