time,symbol_id,symbol_name,last,trade_volume,trade_amount,open_interest_change,bv1,bp1,ap1,av1,yesterday_close,today_open,today_high,today_low,volume,amount,open_interest
2023-05-09 20:59:00,cu2311C69000,cu2311C69000,2754.0,0.0,0.0,0.0,9,2.0,0.0,0,2754.0,0.0,0.0,0.0,0.0,0.0,2
2023-05-09 21:00:04,cu2311C69000,cu2311C69000,2754.0,0.0,0.0,0.0,2,4.0,0.0,0,2754.0,0.0,0.0,0.0,0.0,0.0,2
2023-05-09 21:00:17,cu2311C69000,cu2311C69000,2754.0,0.0,0.0,0.0,1,518.0,0.0,0,2754.0,0.0,0.0,0.0,0.0,0.0,2
2023-05-09 21:00:18,cu2311C69000,cu2311C69000,2754.0,0.0,0.0,0.0,1,518.0,0.0,0,2754.0,0.0,0.0,0.0,0.0,0.0,2
2023-05-09 21:00:18,cu2311C69000,cu2311C69000,2754.0,0.0,0.0,0.0,2,520.0,0.0,0,2754.0,0.0,0.0,0.0,0.0,0.0,2
2023-05-09 21:00:20,cu2311C69000,cu2311C69000,2754.0,0.0,0.0,0.0,2,520.0,0.0,0,2754.0,0.0,0.0,0.0,0.0,0.0,2
2023-05-09 21:01:10,cu2311C69000,cu2311C69000,2754.0,0.0,0.0,0.0,1,522.0,0.0,0,2754.0,0.0,0.0,0.0,0.0,0.0,2
2023-05-09 21:01:11,cu2311C69000,cu2311C69000,2754.0,0.0,0.0,0.0,1,522.0,0.0,0,2754.0,0.0,0.0,0.0,0.0,0.0,2
2023-05-09 21:01:11,cu2311C69000,cu2311C69000,2754.0,0.0,0.0,0.0,2,524.0,0.0,0,2754.0,0.0,0.0,0.0,0.0,0.0,2
2023-05-09 21:01:18,cu2311C69000,cu2311C69000,2754.0,0.0,0.0,0.0,1,526.0,0.0,0,2754.0,0.0,0.0,0.0,0.0,0.0,2
2023-05-09 21:01:18,cu2311C69000,cu2311C69000,2754.0,0.0,0.0,0.0,1,526.0,0.0,0,2754.0,0.0,0.0,0.0,0.0,0.0,2
2023-05-09 21:01:19,cu2311C69000,cu2311C69000,2754.0,0.0,0.0,0.0,2,528.0,0.0,0,2754.0,0.0,0.0,0.0,0.0,0.0,2
2023-05-09 21:01:20,cu2311C69000,cu2311C69000,2754.0,0.0,0.0,0.0,1,530.0,0.0,0,2754.0,0.0,0.0,0.0,0.0,0.0,2
2023-05-09 21:01:21,cu2311C69000,cu2311C69000,2754.0,0.0,0.0,0.0,1,530.0,0.0,0,2754.0,0.0,0.0,0.0,0.0,0.0,2
2023-05-09 21:01:21,cu2311C69000,cu2311C69000,2754.0,0.0,0.0,0.0,2,532.0,0.0,0,2754.0,0.0,0.0,0.0,0.0,0.0,2
2023-05-09 21:01:28,cu2311C69000,cu2311C69000,2754.0,0.0,0.0,0.0,1,534.0,0.0,0,2754.0,0.0,0.0,0.0,0.0,0.0,2
2023-05-09 21:01:28,cu2311C69000,cu2311C69000,2754.0,0.0,0.0,0.0,1,534.0,0.0,0,2754.0,0.0,0.0,0.0,0.0,0.0,2
2023-05-09 21:01:29,cu2311C69000,cu2311C69000,2754.0,0.0,0.0,0.0,2,536.0,0.0,0,2754.0,0.0,0.0,0.0,0.0,0.0,2
2023-05-09 21:01:31,cu2311C69000,cu2311C69000,2754.0,0.0,0.0,0.0,2,536.0,0.0,0,2754.0,0.0,0.0,0.0,0.0,0.0,2
2023-05-09 21:01:31,cu2311C69000,cu2311C69000,2754.0,0.0,0.0,0.0,1,538.0,0.0,0,2754.0,0.0,0.0,0.0,0.0,0.0,2
2023-05-09 21:01:32,cu2311C69000,cu2311C69000,2754.0,0.0,0.0,0.0,1,538.0,0.0,0,2754.0,0.0,0.0,0.0,0.0,0.0,2
2023-05-09 21:01:32,cu2311C69000,cu2311C69000,2754.0,0.0,0.0,0.0,2,540.0,0.0,0,2754.0,0.0,0.0,0.0,0.0,0.0,2
2023-05-09 21:01:34,cu2311C69000,cu2311C69000,2754.0,0.0,0.0,0.0,2,540.0,0.0,0,2754.0,0.0,0.0,0.0,0.0,0.0,2
2023-05-09 21:01:34,cu2311C69000,cu2311C69000,2754.0,0.0,0.0,0.0,1,542.0,0.0,0,2754.0,0.0,0.0,0.0,0.0,0.0,2
2023-05-09 21:01:35,cu2311C69000,cu2311C69000,2754.0,0.0,0.0,0.0,1,542.0,0.0,0,2754.0,0.0,0.0,0.0,0.0,0.0,2
2023-05-09 21:01:35,cu2311C69000,cu2311C69000,2754.0,0.0,0.0,0.0,2,544.0,0.0,0,2754.0,0.0,0.0,0.0,0.0,0.0,2
2023-05-09 21:01:42,cu2311C69000,cu2311C69000,2754.0,0.0,0.0,0.0,2,544.0,0.0,0,2754.0,0.0,0.0,0.0,0.0,0.0,2
2023-05-09 21:01:42,cu2311C69000,cu2311C69000,2754.0,0.0,0.0,0.0,1,546.0,0.0,0,2754.0,0.0,0.0,0.0,0.0,0.0,2
2023-05-09 21:01:43,cu2311C69000,cu2311C69000,2754.0,0.0,0.0,0.0,1,546.0,0.0,0,2754.0,0.0,0.0,0.0,0.0,0.0,2
2023-05-09 21:01:43,cu2311C69000,cu2311C69000,2754.0,0.0,0.0,0.0,2,548.0,0.0,0,2754.0,0.0,0.0,0.0,0.0,0.0,2
2023-05-09 21:01:44,cu2311C69000,cu2311C69000,2754.0,0.0,0.0,0.0,2,548.0,0.0,0,2754.0,0.0,0.0,0.0,0.0,0.0,2
2023-05-09 21:01:44,cu2311C69000,cu2311C69000,2754.0,0.0,0.0,0.0,1,550.0,0.0,0,2754.0,0.0,0.0,0.0,0.0,0.0,2
2023-05-09 21:01:45,cu2311C69000,cu2311C69000,2754.0,0.0,0.0,0.0,1,550.0,0.0,0,2754.0,0.0,0.0,0.0,0.0,0.0,2
2023-05-09 21:01:45,cu2311C69000,cu2311C69000,2754.0,0.0,0.0,0.0,2,552.0,0.0,0,2754.0,0.0,0.0,0.0,0.0,0.0,2
2023-05-09 21:01:46,cu2311C69000,cu2311C69000,2754.0,0.0,0.0,0.0,1,554.0,0.0,0,2754.0,0.0,0.0,0.0,0.0,0.0,2
2023-05-09 21:01:46,cu2311C69000,cu2311C69000,2754.0,0.0,0.0,0.0,1,554.0,0.0,0,2754.0,0.0,0.0,0.0,0.0,0.0,2
2023-05-09 21:01:47,cu2311C69000,cu2311C69000,2754.0,0.0,0.0,0.0,2,556.0,0.0,0,2754.0,0.0,0.0,0.0,0.0,0.0,2
2023-05-09 21:01:47,cu2311C69000,cu2311C69000,2754.0,0.0,0.0,0.0,2,556.0,0.0,0,2754.0,0.0,0.0,0.0,0.0,0.0,2
2023-05-09 21:01:48,cu2311C69000,cu2311C69000,2754.0,0.0,0.0,0.0,1,558.0,0.0,0,2754.0,0.0,0.0,0.0,0.0,0.0,2
2023-05-09 21:01:48,cu2311C69000,cu2311C69000,2754.0,0.0,0.0,0.0,1,558.0,0.0,0,2754.0,0.0,0.0,0.0,0.0,0.0,2
2023-05-09 21:01:49,cu2311C69000,cu2311C69000,2754.0,0.0,0.0,0.0,2,560.0,0.0,0,2754.0,0.0,0.0,0.0,0.0,0.0,2
2023-05-09 21:01:50,cu2311C69000,cu2311C69000,2754.0,0.0,0.0,0.0,1,562.0,0.0,0,2754.0,0.0,0.0,0.0,0.0,0.0,2
2023-05-09 21:01:50,cu2311C69000,cu2311C69000,2754.0,0.0,0.0,0.0,1,562.0,0.0,0,2754.0,0.0,0.0,0.0,0.0,0.0,2
2023-05-09 21:01:51,cu2311C69000,cu2311C69000,2754.0,0.0,0.0,0.0,2,564.0,0.0,0,2754.0,0.0,0.0,0.0,0.0,0.0,2
2023-05-09 21:01:52,cu2311C69000,cu2311C69000,2754.0,0.0,0.0,0.0,1,566.0,0.0,0,2754.0,0.0,0.0,0.0,0.0,0.0,2
2023-05-09 21:01:52,cu2311C69000,cu2311C69000,2754.0,0.0,0.0,0.0,1,566.0,0.0,0,2754.0,0.0,0.0,0.0,0.0,0.0,2
2023-05-09 21:01:53,cu2311C69000,cu2311C69000,2754.0,0.0,0.0,0.0,2,568.0,0.0,0,2754.0,0.0,0.0,0.0,0.0,0.0,2
2023-05-09 21:01:53,cu2311C69000,cu2311C69000,2754.0,0.0,0.0,0.0,1,570.0,0.0,0,2754.0,0.0,0.0,0.0,0.0,0.0,2
2023-05-09 21:01:54,cu2311C69000,cu2311C69000,2754.0,0.0,0.0,0.0,1,570.0,0.0,0,2754.0,0.0,0.0,0.0,0.0,0.0,2
2023-05-09 21:01:54,cu2311C69000,cu2311C69000,2754.0,0.0,0.0,0.0,2,572.0,0.0,0,2754.0,0.0,0.0,0.0,0.0,0.0,2
2023-05-09 21:01:55,cu2311C69000,cu2311C69000,2754.0,0.0,0.0,0.0,1,574.0,0.0,0,2754.0,0.0,0.0,0.0,0.0,0.0,2
2023-05-09 21:01:56,cu2311C69000,cu2311C69000,2754.0,0.0,0.0,0.0,1,574.0,0.0,0,2754.0,0.0,0.0,0.0,0.0,0.0,2
2023-05-09 21:01:56,cu2311C69000,cu2311C69000,2754.0,0.0,0.0,0.0,2,576.0,0.0,0,2754.0,0.0,0.0,0.0,0.0,0.0,2
2023-05-09 21:01:57,cu2311C69000,cu2311C69000,2754.0,0.0,0.0,0.0,1,578.0,0.0,0,2754.0,0.0,0.0,0.0,0.0,0.0,2
2023-05-09 21:01:58,cu2311C69000,cu2311C69000,2754.0,0.0,0.0,0.0,1,578.0,0.0,0,2754.0,0.0,0.0,0.0,0.0,0.0,2
2023-05-09 21:01:58,cu2311C69000,cu2311C69000,2754.0,0.0,0.0,0.0,2,580.0,0.0,0,2754.0,0.0,0.0,0.0,0.0,0.0,2
2023-05-09 21:02:06,cu2311C69000,cu2311C69000,2754.0,0.0,0.0,0.0,1,582.0,0.0,0,2754.0,0.0,0.0,0.0,0.0,0.0,2
2023-05-09 21:02:07,cu2311C69000,cu2311C69000,2754.0,0.0,0.0,0.0,1,582.0,0.0,0,2754.0,0.0,0.0,0.0,0.0,0.0,2
2023-05-09 21:02:07,cu2311C69000,cu2311C69000,2754.0,0.0,0.0,0.0,2,584.0,0.0,0,2754.0,0.0,0.0,0.0,0.0,0.0,2
2023-05-09 21:02:18,cu2311C69000,cu2311C69000,2754.0,0.0,0.0,0.0,1,586.0,0.0,0,2754.0,0.0,0.0,0.0,0.0,0.0,2
2023-05-09 21:02:19,cu2311C69000,cu2311C69000,2754.0,0.0,0.0,0.0,1,586.0,0.0,0,2754.0,0.0,0.0,0.0,0.0,0.0,2
2023-05-09 21:02:19,cu2311C69000,cu2311C69000,2754.0,0.0,0.0,0.0,2,588.0,0.0,0,2754.0,0.0,0.0,0.0,0.0,0.0,2
2023-05-09 21:02:30,cu2311C69000,cu2311C69000,2754.0,0.0,0.0,0.0,2,588.0,0.0,0,2754.0,0.0,0.0,0.0,0.0,0.0,2
2023-05-09 21:02:31,cu2311C69000,cu2311C69000,2754.0,0.0,0.0,0.0,1,590.0,0.0,0,2754.0,0.0,0.0,0.0,0.0,0.0,2
2023-05-09 21:02:31,cu2311C69000,cu2311C69000,2754.0,0.0,0.0,0.0,1,590.0,0.0,0,2754.0,0.0,0.0,0.0,0.0,0.0,2
2023-05-09 21:02:32,cu2311C69000,cu2311C69000,2754.0,0.0,0.0,0.0,2,592.0,0.0,0,2754.0,0.0,0.0,0.0,0.0,0.0,2
2023-05-09 21:02:34,cu2311C69000,cu2311C69000,2754.0,0.0,0.0,0.0,2,592.0,0.0,0,2754.0,0.0,0.0,0.0,0.0,0.0,2
2023-05-09 21:02:35,cu2311C69000,cu2311C69000,2754.0,0.0,0.0,0.0,1,594.0,0.0,0,2754.0,0.0,0.0,0.0,0.0,0.0,2
2023-05-09 21:02:35,cu2311C69000,cu2311C69000,2754.0,0.0,0.0,0.0,1,594.0,0.0,0,2754.0,0.0,0.0,0.0,0.0,0.0,2
2023-05-09 21:02:36,cu2311C69000,cu2311C69000,2754.0,0.0,0.0,0.0,2,596.0,0.0,0,2754.0,0.0,0.0,0.0,0.0,0.0,2
2023-05-09 21:02:37,cu2311C69000,cu2311C69000,2754.0,0.0,0.0,0.0,2,596.0,0.0,0,2754.0,0.0,0.0,0.0,0.0,0.0,2
2023-05-09 21:02:38,cu2311C69000,cu2311C69000,2754.0,0.0,0.0,0.0,1,598.0,0.0,0,2754.0,0.0,0.0,0.0,0.0,0.0,2
2023-05-09 21:02:38,cu2311C69000,cu2311C69000,2754.0,0.0,0.0,0.0,1,598.0,0.0,0,2754.0,0.0,0.0,0.0,0.0,0.0,2
2023-05-09 21:02:39,cu2311C69000,cu2311C69000,2754.0,0.0,0.0,0.0,2,600.0,0.0,0,2754.0,0.0,0.0,0.0,0.0,0.0,2
2023-05-09 21:02:41,cu2311C69000,cu2311C69000,2754.0,0.0,0.0,0.0,2,600.0,0.0,0,2754.0,0.0,0.0,0.0,0.0,0.0,2
2023-05-09 21:02:41,cu2311C69000,cu2311C69000,2754.0,0.0,0.0,0.0,1,602.0,0.0,0,2754.0,0.0,0.0,0.0,0.0,0.0,2
2023-05-09 21:02:42,cu2311C69000,cu2311C69000,2754.0,0.0,0.0,0.0,1,602.0,0.0,0,2754.0,0.0,0.0,0.0,0.0,0.0,2
2023-05-09 21:02:42,cu2311C69000,cu2311C69000,2754.0,0.0,0.0,0.0,2,604.0,0.0,0,2754.0,0.0,0.0,0.0,0.0,0.0,2
2023-05-09 21:02:44,cu2311C69000,cu2311C69000,2754.0,0.0,0.0,0.0,1,606.0,0.0,0,2754.0,0.0,0.0,0.0,0.0,0.0,2
2023-05-09 21:02:45,cu2311C69000,cu2311C69000,2754.0,0.0,0.0,0.0,1,606.0,0.0,0,2754.0,0.0,0.0,0.0,0.0,0.0,2
2023-05-09 21:02:45,cu2311C69000,cu2311C69000,2754.0,0.0,0.0,0.0,2,608.0,0.0,0,2754.0,0.0,0.0,0.0,0.0,0.0,2
2023-05-09 21:02:46,cu2311C69000,cu2311C69000,2754.0,0.0,0.0,0.0,2,608.0,0.0,0,2754.0,0.0,0.0,0.0,0.0,0.0,2
2023-05-09 21:02:47,cu2311C69000,cu2311C69000,2754.0,0.0,0.0,0.0,1,610.0,0.0,0,2754.0,0.0,0.0,0.0,0.0,0.0,2
2023-05-09 21:02:47,cu2311C69000,cu2311C69000,2754.0,0.0,0.0,0.0,1,610.0,0.0,0,2754.0,0.0,0.0,0.0,0.0,0.0,2
2023-05-09 21:02:48,cu2311C69000,cu2311C69000,2754.0,0.0,0.0,0.0,2,612.0,0.0,0,2754.0,0.0,0.0,0.0,0.0,0.0,2
2023-05-09 21:02:51,cu2311C69000,cu2311C69000,2754.0,0.0,0.0,0.0,1,614.0,0.0,0,2754.0,0.0,0.0,0.0,0.0,0.0,2
2023-05-09 21:02:51,cu2311C69000,cu2311C69000,2754.0,0.0,0.0,0.0,1,614.0,0.0,0,2754.0,0.0,0.0,0.0,0.0,0.0,2
2023-05-09 21:02:52,cu2311C69000,cu2311C69000,2754.0,0.0,0.0,0.0,2,616.0,0.0,0,2754.0,0.0,0.0,0.0,0.0,0.0,2
2023-05-09 21:02:54,cu2311C69000,cu2311C69000,2754.0,0.0,0.0,0.0,1,618.0,0.0,0,2754.0,0.0,0.0,0.0,0.0,0.0,2
2023-05-09 21:02:54,cu2311C69000,cu2311C69000,2754.0,0.0,0.0,0.0,1,618.0,0.0,0,2754.0,0.0,0.0,0.0,0.0,0.0,2
2023-05-09 21:02:55,cu2311C69000,cu2311C69000,2754.0,0.0,0.0,0.0,2,620.0,0.0,0,2754.0,0.0,0.0,0.0,0.0,0.0,2
2023-05-09 21:02:56,cu2311C69000,cu2311C69000,2754.0,0.0,0.0,0.0,1,622.0,0.0,0,2754.0,0.0,0.0,0.0,0.0,0.0,2
2023-05-09 21:02:57,cu2311C69000,cu2311C69000,2754.0,0.0,0.0,0.0,1,622.0,0.0,0,2754.0,0.0,0.0,0.0,0.0,0.0,2
2023-05-09 21:02:57,cu2311C69000,cu2311C69000,2754.0,0.0,0.0,0.0,2,624.0,0.0,0,2754.0,0.0,0.0,0.0,0.0,0.0,2
2023-05-09 21:02:58,cu2311C69000,cu2311C69000,2754.0,0.0,0.0,0.0,1,626.0,0.0,0,2754.0,0.0,0.0,0.0,0.0,0.0,2
2023-05-09 21:02:59,cu2311C69000,cu2311C69000,2754.0,0.0,0.0,0.0,1,626.0,0.0,0,2754.0,0.0,0.0,0.0,0.0,0.0,2
2023-05-09 21:02:59,cu2311C69000,cu2311C69000,2754.0,0.0,0.0,0.0,2,628.0,0.0,0,2754.0,0.0,0.0,0.0,0.0,0.0,2
2023-05-09 21:03:00,cu2311C69000,cu2311C69000,2754.0,0.0,0.0,0.0,2,628.0,0.0,0,2754.0,0.0,0.0,0.0,0.0,0.0,2
2023-05-09 21:03:01,cu2311C69000,cu2311C69000,2754.0,0.0,0.0,0.0,1,630.0,0.0,0,2754.0,0.0,0.0,0.0,0.0,0.0,2
2023-05-09 21:03:01,cu2311C69000,cu2311C69000,2754.0,0.0,0.0,0.0,1,630.0,0.0,0,2754.0,0.0,0.0,0.0,0.0,0.0,2
2023-05-09 21:03:02,cu2311C69000,cu2311C69000,2754.0,0.0,0.0,0.0,2,632.0,0.0,0,2754.0,0.0,0.0,0.0,0.0,0.0,2
2023-05-09 21:03:02,cu2311C69000,cu2311C69000,2754.0,0.0,0.0,0.0,1,634.0,0.0,0,2754.0,0.0,0.0,0.0,0.0,0.0,2
2023-05-09 21:03:03,cu2311C69000,cu2311C69000,2754.0,0.0,0.0,0.0,1,634.0,0.0,0,2754.0,0.0,0.0,0.0,0.0,0.0,2
2023-05-09 21:03:03,cu2311C69000,cu2311C69000,2754.0,0.0,0.0,0.0,2,636.0,0.0,0,2754.0,0.0,0.0,0.0,0.0,0.0,2
2023-05-09 21:03:04,cu2311C69000,cu2311C69000,2754.0,0.0,0.0,0.0,1,638.0,0.0,0,2754.0,0.0,0.0,0.0,0.0,0.0,2
2023-05-09 21:03:05,cu2311C69000,cu2311C69000,2754.0,0.0,0.0,0.0,1,638.0,0.0,0,2754.0,0.0,0.0,0.0,0.0,0.0,2
2023-05-09 21:03:05,cu2311C69000,cu2311C69000,2754.0,0.0,0.0,0.0,2,640.0,0.0,0,2754.0,0.0,0.0,0.0,0.0,0.0,2
2023-05-09 21:03:06,cu2311C69000,cu2311C69000,2754.0,0.0,0.0,0.0,2,640.0,0.0,0,2754.0,0.0,0.0,0.0,0.0,0.0,2
2023-05-09 21:03:06,cu2311C69000,cu2311C69000,2754.0,0.0,0.0,0.0,1,642.0,0.0,0,2754.0,0.0,0.0,0.0,0.0,0.0,2
2023-05-09 21:03:07,cu2311C69000,cu2311C69000,2754.0,0.0,0.0,0.0,1,642.0,0.0,0,2754.0,0.0,0.0,0.0,0.0,0.0,2
2023-05-09 21:03:07,cu2311C69000,cu2311C69000,2754.0,0.0,0.0,0.0,2,644.0,0.0,0,2754.0,0.0,0.0,0.0,0.0,0.0,2
2023-05-09 21:03:08,cu2311C69000,cu2311C69000,2754.0,0.0,0.0,0.0,1,646.0,0.0,0,2754.0,0.0,0.0,0.0,0.0,0.0,2
2023-05-09 21:03:09,cu2311C69000,cu2311C69000,2754.0,0.0,0.0,0.0,1,646.0,0.0,0,2754.0,0.0,0.0,0.0,0.0,0.0,2
2023-05-09 21:03:09,cu2311C69000,cu2311C69000,2754.0,0.0,0.0,0.0,2,648.0,0.0,0,2754.0,0.0,0.0,0.0,0.0,0.0,2
2023-05-09 21:03:10,cu2311C69000,cu2311C69000,2754.0,0.0,0.0,0.0,1,650.0,0.0,0,2754.0,0.0,0.0,0.0,0.0,0.0,2
2023-05-09 21:03:10,cu2311C69000,cu2311C69000,2754.0,0.0,0.0,0.0,1,650.0,0.0,0,2754.0,0.0,0.0,0.0,0.0,0.0,2
2023-05-09 21:03:11,cu2311C69000,cu2311C69000,2754.0,0.0,0.0,0.0,2,652.0,0.0,0,2754.0,0.0,0.0,0.0,0.0,0.0,2
2023-05-09 21:03:11,cu2311C69000,cu2311C69000,2754.0,0.0,0.0,0.0,2,652.0,0.0,0,2754.0,0.0,0.0,0.0,0.0,0.0,2
2023-05-09 21:03:12,cu2311C69000,cu2311C69000,2754.0,0.0,0.0,0.0,1,654.0,0.0,0,2754.0,0.0,0.0,0.0,0.0,0.0,2
2023-05-09 21:03:12,cu2311C69000,cu2311C69000,2754.0,0.0,0.0,0.0,1,654.0,0.0,0,2754.0,0.0,0.0,0.0,0.0,0.0,2
2023-05-09 21:03:13,cu2311C69000,cu2311C69000,2754.0,0.0,0.0,0.0,2,656.0,0.0,0,2754.0,0.0,0.0,0.0,0.0,0.0,2
2023-05-09 21:03:13,cu2311C69000,cu2311C69000,2754.0,0.0,0.0,0.0,1,658.0,0.0,0,2754.0,0.0,0.0,0.0,0.0,0.0,2
2023-05-09 21:03:14,cu2311C69000,cu2311C69000,2754.0,0.0,0.0,0.0,1,658.0,0.0,0,2754.0,0.0,0.0,0.0,0.0,0.0,2
2023-05-09 21:03:14,cu2311C69000,cu2311C69000,2754.0,0.0,0.0,0.0,2,660.0,0.0,0,2754.0,0.0,0.0,0.0,0.0,0.0,2
2023-05-09 21:03:15,cu2311C69000,cu2311C69000,2754.0,0.0,0.0,0.0,1,662.0,0.0,0,2754.0,0.0,0.0,0.0,0.0,0.0,2
2023-05-09 21:03:16,cu2311C69000,cu2311C69000,2754.0,0.0,0.0,0.0,1,662.0,0.0,0,2754.0,0.0,0.0,0.0,0.0,0.0,2
2023-05-09 21:03:16,cu2311C69000,cu2311C69000,2754.0,0.0,0.0,0.0,2,664.0,0.0,0,2754.0,0.0,0.0,0.0,0.0,0.0,2
2023-05-09 21:03:17,cu2311C69000,cu2311C69000,2754.0,0.0,0.0,0.0,1,666.0,0.0,0,2754.0,0.0,0.0,0.0,0.0,0.0,2
2023-05-09 21:03:17,cu2311C69000,cu2311C69000,2754.0,0.0,0.0,0.0,1,666.0,0.0,0,2754.0,0.0,0.0,0.0,0.0,0.0,2
2023-05-09 21:03:18,cu2311C69000,cu2311C69000,2754.0,0.0,0.0,0.0,2,668.0,0.0,0,2754.0,0.0,0.0,0.0,0.0,0.0,2
2023-05-09 21:03:18,cu2311C69000,cu2311C69000,2754.0,0.0,0.0,0.0,2,668.0,0.0,0,2754.0,0.0,0.0,0.0,0.0,0.0,2
2023-05-09 21:03:19,cu2311C69000,cu2311C69000,2754.0,0.0,0.0,0.0,1,670.0,0.0,0,2754.0,0.0,0.0,0.0,0.0,0.0,2
2023-05-09 21:03:19,cu2311C69000,cu2311C69000,2754.0,0.0,0.0,0.0,1,670.0,0.0,0,2754.0,0.0,0.0,0.0,0.0,0.0,2
2023-05-09 21:03:20,cu2311C69000,cu2311C69000,2754.0,0.0,0.0,0.0,2,672.0,0.0,0,2754.0,0.0,0.0,0.0,0.0,0.0,2
2023-05-09 21:03:20,cu2311C69000,cu2311C69000,2754.0,0.0,0.0,0.0,1,674.0,0.0,0,2754.0,0.0,0.0,0.0,0.0,0.0,2
2023-05-09 21:03:21,cu2311C69000,cu2311C69000,2754.0,0.0,0.0,0.0,1,674.0,0.0,0,2754.0,0.0,0.0,0.0,0.0,0.0,2
2023-05-09 21:03:21,cu2311C69000,cu2311C69000,2754.0,0.0,0.0,0.0,2,676.0,0.0,0,2754.0,0.0,0.0,0.0,0.0,0.0,2
2023-05-09 21:03:22,cu2311C69000,cu2311C69000,2754.0,0.0,0.0,0.0,1,678.0,0.0,0,2754.0,0.0,0.0,0.0,0.0,0.0,2
2023-05-09 21:03:23,cu2311C69000,cu2311C69000,2754.0,0.0,0.0,0.0,1,678.0,0.0,0,2754.0,0.0,0.0,0.0,0.0,0.0,2
2023-05-09 21:03:23,cu2311C69000,cu2311C69000,2754.0,0.0,0.0,0.0,2,680.0,0.0,0,2754.0,0.0,0.0,0.0,0.0,0.0,2
2023-05-09 21:03:24,cu2311C69000,cu2311C69000,2754.0,0.0,0.0,0.0,2,680.0,0.0,0,2754.0,0.0,0.0,0.0,0.0,0.0,2
2023-05-09 21:03:24,cu2311C69000,cu2311C69000,2754.0,0.0,0.0,0.0,1,682.0,0.0,0,2754.0,0.0,0.0,0.0,0.0,0.0,2
2023-05-09 21:03:25,cu2311C69000,cu2311C69000,2754.0,0.0,0.0,0.0,1,682.0,0.0,0,2754.0,0.0,0.0,0.0,0.0,0.0,2
2023-05-09 21:03:25,cu2311C69000,cu2311C69000,2754.0,0.0,0.0,0.0,2,684.0,0.0,0,2754.0,0.0,0.0,0.0,0.0,0.0,2
2023-05-09 21:03:26,cu2311C69000,cu2311C69000,2754.0,0.0,0.0,0.0,1,686.0,0.0,0,2754.0,0.0,0.0,0.0,0.0,0.0,2
2023-05-09 21:03:26,cu2311C69000,cu2311C69000,2754.0,0.0,0.0,0.0,1,686.0,0.0,0,2754.0,0.0,0.0,0.0,0.0,0.0,2
2023-05-09 21:03:27,cu2311C69000,cu2311C69000,2754.0,0.0,0.0,0.0,2,688.0,0.0,0,2754.0,0.0,0.0,0.0,0.0,0.0,2
2023-05-09 21:03:27,cu2311C69000,cu2311C69000,2754.0,0.0,0.0,0.0,2,688.0,0.0,0,2754.0,0.0,0.0,0.0,0.0,0.0,2
2023-05-09 21:03:28,cu2311C69000,cu2311C69000,2754.0,0.0,0.0,0.0,1,690.0,0.0,0,2754.0,0.0,0.0,0.0,0.0,0.0,2
2023-05-09 21:03:28,cu2311C69000,cu2311C69000,2754.0,0.0,0.0,0.0,1,690.0,0.0,0,2754.0,0.0,0.0,0.0,0.0,0.0,2
2023-05-09 21:03:29,cu2311C69000,cu2311C69000,2754.0,0.0,0.0,0.0,2,692.0,0.0,0,2754.0,0.0,0.0,0.0,0.0,0.0,2
2023-05-09 21:03:29,cu2311C69000,cu2311C69000,2754.0,0.0,0.0,0.0,1,694.0,0.0,0,2754.0,0.0,0.0,0.0,0.0,0.0,2
2023-05-09 21:03:30,cu2311C69000,cu2311C69000,2754.0,0.0,0.0,0.0,1,694.0,0.0,0,2754.0,0.0,0.0,0.0,0.0,0.0,2
2023-05-09 21:03:30,cu2311C69000,cu2311C69000,2754.0,0.0,0.0,0.0,2,696.0,0.0,0,2754.0,0.0,0.0,0.0,0.0,0.0,2
2023-05-09 21:03:31,cu2311C69000,cu2311C69000,2754.0,0.0,0.0,0.0,1,698.0,0.0,0,2754.0,0.0,0.0,0.0,0.0,0.0,2
2023-05-09 21:03:32,cu2311C69000,cu2311C69000,2754.0,0.0,0.0,0.0,1,698.0,0.0,0,2754.0,0.0,0.0,0.0,0.0,0.0,2
2023-05-09 21:03:32,cu2311C69000,cu2311C69000,2754.0,0.0,0.0,0.0,2,700.0,0.0,0,2754.0,0.0,0.0,0.0,0.0,0.0,2
2023-05-09 21:03:33,cu2311C69000,cu2311C69000,2754.0,0.0,0.0,0.0,1,702.0,0.0,0,2754.0,0.0,0.0,0.0,0.0,0.0,2
2023-05-09 21:03:33,cu2311C69000,cu2311C69000,2754.0,0.0,0.0,0.0,1,702.0,0.0,0,2754.0,0.0,0.0,0.0,0.0,0.0,2
2023-05-09 21:03:34,cu2311C69000,cu2311C69000,2754.0,0.0,0.0,0.0,2,704.0,0.0,0,2754.0,0.0,0.0,0.0,0.0,0.0,2
2023-05-09 21:03:34,cu2311C69000,cu2311C69000,2754.0,0.0,0.0,0.0,1,706.0,0.0,0,2754.0,0.0,0.0,0.0,0.0,0.0,2
2023-05-09 21:03:35,cu2311C69000,cu2311C69000,2754.0,0.0,0.0,0.0,1,706.0,0.0,0,2754.0,0.0,0.0,0.0,0.0,0.0,2
2023-05-09 21:03:35,cu2311C69000,cu2311C69000,2754.0,0.0,0.0,0.0,2,708.0,0.0,0,2754.0,0.0,0.0,0.0,0.0,0.0,2
2023-05-09 21:03:36,cu2311C69000,cu2311C69000,2754.0,0.0,0.0,0.0,1,710.0,0.0,0,2754.0,0.0,0.0,0.0,0.0,0.0,2
2023-05-09 21:03:36,cu2311C69000,cu2311C69000,2754.0,0.0,0.0,0.0,1,710.0,0.0,0,2754.0,0.0,0.0,0.0,0.0,0.0,2
2023-05-09 21:03:37,cu2311C69000,cu2311C69000,2754.0,0.0,0.0,0.0,2,712.0,0.0,0,2754.0,0.0,0.0,0.0,0.0,0.0,2
2023-05-09 21:03:37,cu2311C69000,cu2311C69000,2754.0,0.0,0.0,0.0,1,714.0,0.0,0,2754.0,0.0,0.0,0.0,0.0,0.0,2
2023-05-09 21:03:38,cu2311C69000,cu2311C69000,2754.0,0.0,0.0,0.0,1,714.0,0.0,0,2754.0,0.0,0.0,0.0,0.0,0.0,2
2023-05-09 21:03:38,cu2311C69000,cu2311C69000,2754.0,0.0,0.0,0.0,2,716.0,0.0,0,2754.0,0.0,0.0,0.0,0.0,0.0,2
2023-05-09 21:03:39,cu2311C69000,cu2311C69000,2754.0,0.0,0.0,0.0,1,718.0,0.0,0,2754.0,0.0,0.0,0.0,0.0,0.0,2
2023-05-09 21:03:39,cu2311C69000,cu2311C69000,2754.0,0.0,0.0,0.0,1,718.0,0.0,0,2754.0,0.0,0.0,0.0,0.0,0.0,2
2023-05-09 21:03:40,cu2311C69000,cu2311C69000,2754.0,0.0,0.0,0.0,2,720.0,0.0,0,2754.0,0.0,0.0,0.0,0.0,0.0,2
2023-05-09 21:03:40,cu2311C69000,cu2311C69000,2754.0,0.0,0.0,0.0,1,722.0,0.0,0,2754.0,0.0,0.0,0.0,0.0,0.0,2
2023-05-09 21:03:41,cu2311C69000,cu2311C69000,2754.0,0.0,0.0,0.0,1,722.0,0.0,0,2754.0,0.0,0.0,0.0,0.0,0.0,2
2023-05-09 21:03:41,cu2311C69000,cu2311C69000,2754.0,0.0,0.0,0.0,2,724.0,0.0,0,2754.0,0.0,0.0,0.0,0.0,0.0,2
2023-05-09 21:03:42,cu2311C69000,cu2311C69000,2754.0,0.0,0.0,0.0,1,726.0,0.0,0,2754.0,0.0,0.0,0.0,0.0,0.0,2
2023-05-09 21:03:42,cu2311C69000,cu2311C69000,2754.0,0.0,0.0,0.0,1,726.0,0.0,0,2754.0,0.0,0.0,0.0,0.0,0.0,2
2023-05-09 21:03:43,cu2311C69000,cu2311C69000,2754.0,0.0,0.0,0.0,2,728.0,0.0,0,2754.0,0.0,0.0,0.0,0.0,0.0,2
2023-05-09 21:03:43,cu2311C69000,cu2311C69000,2754.0,0.0,0.0,0.0,2,728.0,0.0,0,2754.0,0.0,0.0,0.0,0.0,0.0,2
2023-05-09 21:03:44,cu2311C69000,cu2311C69000,2754.0,0.0,0.0,0.0,1,730.0,0.0,0,2754.0,0.0,0.0,0.0,0.0,0.0,2
2023-05-09 21:03:44,cu2311C69000,cu2311C69000,2754.0,0.0,0.0,0.0,1,730.0,0.0,0,2754.0,0.0,0.0,0.0,0.0,0.0,2
2023-05-09 21:03:45,cu2311C69000,cu2311C69000,2754.0,0.0,0.0,0.0,2,732.0,0.0,0,2754.0,0.0,0.0,0.0,0.0,0.0,2
2023-05-09 21:03:45,cu2311C69000,cu2311C69000,2754.0,0.0,0.0,0.0,1,734.0,0.0,0,2754.0,0.0,0.0,0.0,0.0,0.0,2
2023-05-09 21:03:46,cu2311C69000,cu2311C69000,2754.0,0.0,0.0,0.0,1,734.0,0.0,0,2754.0,0.0,0.0,0.0,0.0,0.0,2
2023-05-09 21:03:46,cu2311C69000,cu2311C69000,2754.0,0.0,0.0,0.0,2,736.0,0.0,0,2754.0,0.0,0.0,0.0,0.0,0.0,2
2023-05-09 21:03:47,cu2311C69000,cu2311C69000,2754.0,0.0,0.0,0.0,1,738.0,0.0,0,2754.0,0.0,0.0,0.0,0.0,0.0,2
2023-05-09 21:03:48,cu2311C69000,cu2311C69000,2754.0,0.0,0.0,0.0,1,738.0,0.0,0,2754.0,0.0,0.0,0.0,0.0,0.0,2
2023-05-09 21:03:48,cu2311C69000,cu2311C69000,2754.0,0.0,0.0,0.0,2,740.0,0.0,0,2754.0,0.0,0.0,0.0,0.0,0.0,2
2023-05-09 21:03:49,cu2311C69000,cu2311C69000,2754.0,0.0,0.0,0.0,1,742.0,0.0,0,2754.0,0.0,0.0,0.0,0.0,0.0,2
2023-05-09 21:03:49,cu2311C69000,cu2311C69000,2754.0,0.0,0.0,0.0,1,742.0,0.0,0,2754.0,0.0,0.0,0.0,0.0,0.0,2
2023-05-09 21:03:50,cu2311C69000,cu2311C69000,2754.0,0.0,0.0,0.0,2,744.0,0.0,0,2754.0,0.0,0.0,0.0,0.0,0.0,2
2023-05-09 21:03:52,cu2311C69000,cu2311C69000,2754.0,0.0,0.0,0.0,1,746.0,0.0,0,2754.0,0.0,0.0,0.0,0.0,0.0,2
2023-05-09 21:03:52,cu2311C69000,cu2311C69000,2754.0,0.0,0.0,0.0,1,746.0,0.0,0,2754.0,0.0,0.0,0.0,0.0,0.0,2
2023-05-09 21:03:53,cu2311C69000,cu2311C69000,2754.0,0.0,0.0,0.0,2,748.0,0.0,0,2754.0,0.0,0.0,0.0,0.0,0.0,2
2023-05-09 21:03:55,cu2311C69000,cu2311C69000,2754.0,0.0,0.0,0.0,1,750.0,0.0,0,2754.0,0.0,0.0,0.0,0.0,0.0,2
2023-05-09 21:03:55,cu2311C69000,cu2311C69000,2754.0,0.0,0.0,0.0,1,750.0,0.0,0,2754.0,0.0,0.0,0.0,0.0,0.0,2
2023-05-09 21:03:56,cu2311C69000,cu2311C69000,2754.0,0.0,0.0,0.0,2,752.0,0.0,0,2754.0,0.0,0.0,0.0,0.0,0.0,2
2023-05-09 21:03:57,cu2311C69000,cu2311C69000,2754.0,0.0,0.0,0.0,1,754.0,0.0,0,2754.0,0.0,0.0,0.0,0.0,0.0,2
2023-05-09 21:03:58,cu2311C69000,cu2311C69000,2754.0,0.0,0.0,0.0,1,754.0,0.0,0,2754.0,0.0,0.0,0.0,0.0,0.0,2
2023-05-09 21:03:58,cu2311C69000,cu2311C69000,2754.0,0.0,0.0,0.0,2,756.0,0.0,0,2754.0,0.0,0.0,0.0,0.0,0.0,2
2023-05-09 21:04:00,cu2311C69000,cu2311C69000,2754.0,0.0,0.0,0.0,1,758.0,0.0,0,2754.0,0.0,0.0,0.0,0.0,0.0,2
2023-05-09 21:04:01,cu2311C69000,cu2311C69000,2754.0,0.0,0.0,0.0,1,758.0,0.0,0,2754.0,0.0,0.0,0.0,0.0,0.0,2
2023-05-09 21:04:01,cu2311C69000,cu2311C69000,2754.0,0.0,0.0,0.0,2,760.0,0.0,0,2754.0,0.0,0.0,0.0,0.0,0.0,2
2023-05-09 21:04:03,cu2311C69000,cu2311C69000,2754.0,0.0,0.0,0.0,1,762.0,0.0,0,2754.0,0.0,0.0,0.0,0.0,0.0,2
2023-05-09 21:04:04,cu2311C69000,cu2311C69000,2754.0,0.0,0.0,0.0,1,762.0,0.0,0,2754.0,0.0,0.0,0.0,0.0,0.0,2
2023-05-09 21:04:04,cu2311C69000,cu2311C69000,2754.0,0.0,0.0,0.0,2,764.0,0.0,0,2754.0,0.0,0.0,0.0,0.0,0.0,2
2023-05-09 21:04:06,cu2311C69000,cu2311C69000,2754.0,0.0,0.0,0.0,1,766.0,0.0,0,2754.0,0.0,0.0,0.0,0.0,0.0,2
2023-05-09 21:04:07,cu2311C69000,cu2311C69000,2754.0,0.0,0.0,0.0,1,766.0,0.0,0,2754.0,0.0,0.0,0.0,0.0,0.0,2
2023-05-09 21:04:07,cu2311C69000,cu2311C69000,2754.0,0.0,0.0,0.0,2,768.0,0.0,0,2754.0,0.0,0.0,0.0,0.0,0.0,2
2023-05-09 21:04:09,cu2311C69000,cu2311C69000,2754.0,0.0,0.0,0.0,2,768.0,0.0,0,2754.0,0.0,0.0,0.0,0.0,0.0,2
2023-05-09 21:04:09,cu2311C69000,cu2311C69000,2754.0,0.0,0.0,0.0,1,770.0,0.0,0,2754.0,0.0,0.0,0.0,0.0,0.0,2
2023-05-09 21:04:10,cu2311C69000,cu2311C69000,2754.0,0.0,0.0,0.0,1,770.0,0.0,0,2754.0,0.0,0.0,0.0,0.0,0.0,2
2023-05-09 21:04:10,cu2311C69000,cu2311C69000,2754.0,0.0,0.0,0.0,2,772.0,0.0,0,2754.0,0.0,0.0,0.0,0.0,0.0,2
2023-05-09 21:04:11,cu2311C69000,cu2311C69000,2754.0,0.0,0.0,0.0,1,774.0,0.0,0,2754.0,0.0,0.0,0.0,0.0,0.0,2
2023-05-09 21:04:12,cu2311C69000,cu2311C69000,2754.0,0.0,0.0,0.0,1,774.0,0.0,0,2754.0,0.0,0.0,0.0,0.0,0.0,2
2023-05-09 21:04:12,cu2311C69000,cu2311C69000,2754.0,0.0,0.0,0.0,2,776.0,0.0,0,2754.0,0.0,0.0,0.0,0.0,0.0,2
2023-05-09 21:04:14,cu2311C69000,cu2311C69000,2754.0,0.0,0.0,0.0,2,776.0,0.0,0,2754.0,0.0,0.0,0.0,0.0,0.0,2
2023-05-09 21:04:14,cu2311C69000,cu2311C69000,2754.0,0.0,0.0,0.0,1,778.0,0.0,0,2754.0,0.0,0.0,0.0,0.0,0.0,2
2023-05-09 21:04:15,cu2311C69000,cu2311C69000,2754.0,0.0,0.0,0.0,1,778.0,0.0,0,2754.0,0.0,0.0,0.0,0.0,0.0,2
2023-05-09 21:04:15,cu2311C69000,cu2311C69000,2754.0,0.0,0.0,0.0,2,780.0,0.0,0,2754.0,0.0,0.0,0.0,0.0,0.0,2
2023-05-09 21:04:17,cu2311C69000,cu2311C69000,2754.0,0.0,0.0,0.0,2,780.0,0.0,0,2754.0,0.0,0.0,0.0,0.0,0.0,2
2023-05-09 21:04:17,cu2311C69000,cu2311C69000,2754.0,0.0,0.0,0.0,1,782.0,0.0,0,2754.0,0.0,0.0,0.0,0.0,0.0,2
2023-05-09 21:04:18,cu2311C69000,cu2311C69000,2754.0,0.0,0.0,0.0,1,782.0,0.0,0,2754.0,0.0,0.0,0.0,0.0,0.0,2
2023-05-09 21:04:18,cu2311C69000,cu2311C69000,2754.0,0.0,0.0,0.0,2,784.0,0.0,0,2754.0,0.0,0.0,0.0,0.0,0.0,2
2023-05-09 21:04:20,cu2311C69000,cu2311C69000,2754.0,0.0,0.0,0.0,1,786.0,0.0,0,2754.0,0.0,0.0,0.0,0.0,0.0,2
2023-05-09 21:04:21,cu2311C69000,cu2311C69000,2754.0,0.0,0.0,0.0,1,786.0,0.0,0,2754.0,0.0,0.0,0.0,0.0,0.0,2
2023-05-09 21:04:21,cu2311C69000,cu2311C69000,2754.0,0.0,0.0,0.0,2,788.0,0.0,0,2754.0,0.0,0.0,0.0,0.0,0.0,2
2023-05-09 21:04:22,cu2311C69000,cu2311C69000,2754.0,0.0,0.0,0.0,1,790.0,0.0,0,2754.0,0.0,0.0,0.0,0.0,0.0,2
2023-05-09 21:04:23,cu2311C69000,cu2311C69000,2754.0,0.0,0.0,0.0,1,790.0,0.0,0,2754.0,0.0,0.0,0.0,0.0,0.0,2
2023-05-09 21:04:23,cu2311C69000,cu2311C69000,2754.0,0.0,0.0,0.0,2,792.0,0.0,0,2754.0,0.0,0.0,0.0,0.0,0.0,2
2023-05-09 21:04:24,cu2311C69000,cu2311C69000,2754.0,0.0,0.0,0.0,2,792.0,0.0,0,2754.0,0.0,0.0,0.0,0.0,0.0,2
2023-05-09 21:04:24,cu2311C69000,cu2311C69000,2754.0,0.0,0.0,0.0,1,794.0,0.0,0,2754.0,0.0,0.0,0.0,0.0,0.0,2
2023-05-09 21:04:25,cu2311C69000,cu2311C69000,2754.0,0.0,0.0,0.0,1,794.0,0.0,0,2754.0,0.0,0.0,0.0,0.0,0.0,2
2023-05-09 21:04:25,cu2311C69000,cu2311C69000,2754.0,0.0,0.0,0.0,2,796.0,0.0,0,2754.0,0.0,0.0,0.0,0.0,0.0,2
2023-05-09 21:04:26,cu2311C69000,cu2311C69000,2754.0,0.0,0.0,0.0,1,798.0,0.0,0,2754.0,0.0,0.0,0.0,0.0,0.0,2
2023-05-09 21:04:26,cu2311C69000,cu2311C69000,2754.0,0.0,0.0,0.0,1,798.0,0.0,0,2754.0,0.0,0.0,0.0,0.0,0.0,2
2023-05-09 21:04:27,cu2311C69000,cu2311C69000,2754.0,0.0,0.0,0.0,2,800.0,0.0,0,2754.0,0.0,0.0,0.0,0.0,0.0,2
2023-05-09 21:04:27,cu2311C69000,cu2311C69000,2754.0,0.0,0.0,0.0,1,802.0,0.0,0,2754.0,0.0,0.0,0.0,0.0,0.0,2
2023-05-09 21:04:28,cu2311C69000,cu2311C69000,2754.0,0.0,0.0,0.0,1,802.0,0.0,0,2754.0,0.0,0.0,0.0,0.0,0.0,2
2023-05-09 21:04:28,cu2311C69000,cu2311C69000,2754.0,0.0,0.0,0.0,2,804.0,0.0,0,2754.0,0.0,0.0,0.0,0.0,0.0,2
2023-05-09 21:04:29,cu2311C69000,cu2311C69000,2754.0,0.0,0.0,0.0,2,804.0,0.0,0,2754.0,0.0,0.0,0.0,0.0,0.0,2
2023-05-09 21:04:29,cu2311C69000,cu2311C69000,2754.0,0.0,0.0,0.0,1,806.0,0.0,0,2754.0,0.0,0.0,0.0,0.0,0.0,2
2023-05-09 21:04:30,cu2311C69000,cu2311C69000,2754.0,0.0,0.0,0.0,1,806.0,0.0,0,2754.0,0.0,0.0,0.0,0.0,0.0,2
2023-05-09 21:04:30,cu2311C69000,cu2311C69000,2754.0,0.0,0.0,0.0,2,808.0,0.0,0,2754.0,0.0,0.0,0.0,0.0,0.0,2
2023-05-09 21:04:31,cu2311C69000,cu2311C69000,2754.0,0.0,0.0,0.0,1,810.0,0.0,0,2754.0,0.0,0.0,0.0,0.0,0.0,2
2023-05-09 21:04:31,cu2311C69000,cu2311C69000,2754.0,0.0,0.0,0.0,1,810.0,0.0,0,2754.0,0.0,0.0,0.0,0.0,0.0,2
2023-05-09 21:04:32,cu2311C69000,cu2311C69000,2754.0,0.0,0.0,0.0,2,812.0,0.0,0,2754.0,0.0,0.0,0.0,0.0,0.0,2
2023-05-09 21:04:32,cu2311C69000,cu2311C69000,2754.0,0.0,0.0,0.0,2,812.0,0.0,0,2754.0,0.0,0.0,0.0,0.0,0.0,2
2023-05-09 21:04:33,cu2311C69000,cu2311C69000,2754.0,0.0,0.0,0.0,1,814.0,0.0,0,2754.0,0.0,0.0,0.0,0.0,0.0,2
2023-05-09 21:04:33,cu2311C69000,cu2311C69000,2754.0,0.0,0.0,0.0,1,814.0,0.0,0,2754.0,0.0,0.0,0.0,0.0,0.0,2
2023-05-09 21:04:34,cu2311C69000,cu2311C69000,2754.0,0.0,0.0,0.0,2,816.0,0.0,0,2754.0,0.0,0.0,0.0,0.0,0.0,2
2023-05-09 21:04:34,cu2311C69000,cu2311C69000,2754.0,0.0,0.0,0.0,1,818.0,0.0,0,2754.0,0.0,0.0,0.0,0.0,0.0,2
2023-05-09 21:04:35,cu2311C69000,cu2311C69000,2754.0,0.0,0.0,0.0,1,818.0,0.0,0,2754.0,0.0,0.0,0.0,0.0,0.0,2
2023-05-09 21:04:35,cu2311C69000,cu2311C69000,2754.0,0.0,0.0,0.0,2,820.0,0.0,0,2754.0,0.0,0.0,0.0,0.0,0.0,2
2023-05-09 21:04:36,cu2311C69000,cu2311C69000,2754.0,0.0,0.0,0.0,2,820.0,0.0,0,2754.0,0.0,0.0,0.0,0.0,0.0,2
2023-05-09 21:04:37,cu2311C69000,cu2311C69000,2754.0,0.0,0.0,0.0,1,822.0,0.0,0,2754.0,0.0,0.0,0.0,0.0,0.0,2
2023-05-09 21:04:37,cu2311C69000,cu2311C69000,2754.0,0.0,0.0,0.0,1,822.0,0.0,0,2754.0,0.0,0.0,0.0,0.0,0.0,2
2023-05-09 21:04:38,cu2311C69000,cu2311C69000,2754.0,0.0,0.0,0.0,2,824.0,0.0,0,2754.0,0.0,0.0,0.0,0.0,0.0,2
2023-05-09 21:04:38,cu2311C69000,cu2311C69000,2754.0,0.0,0.0,0.0,2,824.0,0.0,0,2754.0,0.0,0.0,0.0,0.0,0.0,2
2023-05-09 21:04:39,cu2311C69000,cu2311C69000,2754.0,0.0,0.0,0.0,1,826.0,0.0,0,2754.0,0.0,0.0,0.0,0.0,0.0,2
2023-05-09 21:04:39,cu2311C69000,cu2311C69000,2754.0,0.0,0.0,0.0,1,826.0,0.0,0,2754.0,0.0,0.0,0.0,0.0,0.0,2
2023-05-09 21:04:40,cu2311C69000,cu2311C69000,2754.0,0.0,0.0,0.0,2,828.0,0.0,0,2754.0,0.0,0.0,0.0,0.0,0.0,2
2023-05-09 21:04:40,cu2311C69000,cu2311C69000,2754.0,0.0,0.0,0.0,1,830.0,0.0,0,2754.0,0.0,0.0,0.0,0.0,0.0,2
2023-05-09 21:04:41,cu2311C69000,cu2311C69000,2754.0,0.0,0.0,0.0,1,830.0,0.0,0,2754.0,0.0,0.0,0.0,0.0,0.0,2
2023-05-09 21:04:41,cu2311C69000,cu2311C69000,2754.0,0.0,0.0,0.0,2,832.0,0.0,0,2754.0,0.0,0.0,0.0,0.0,0.0,2
2023-05-09 21:04:42,cu2311C69000,cu2311C69000,2754.0,0.0,0.0,0.0,2,832.0,0.0,0,2754.0,0.0,0.0,0.0,0.0,0.0,2
2023-05-09 21:04:42,cu2311C69000,cu2311C69000,2754.0,0.0,0.0,0.0,1,834.0,0.0,0,2754.0,0.0,0.0,0.0,0.0,0.0,2
2023-05-09 21:04:43,cu2311C69000,cu2311C69000,2754.0,0.0,0.0,0.0,1,834.0,0.0,0,2754.0,0.0,0.0,0.0,0.0,0.0,2
2023-05-09 21:04:43,cu2311C69000,cu2311C69000,2754.0,0.0,0.0,0.0,2,836.0,0.0,0,2754.0,0.0,0.0,0.0,0.0,0.0,2
2023-05-09 21:04:44,cu2311C69000,cu2311C69000,2754.0,0.0,0.0,0.0,2,836.0,0.0,0,2754.0,0.0,0.0,0.0,0.0,0.0,2
2023-05-09 21:04:45,cu2311C69000,cu2311C69000,2754.0,0.0,0.0,0.0,1,838.0,0.0,0,2754.0,0.0,0.0,0.0,0.0,0.0,2
2023-05-09 21:04:45,cu2311C69000,cu2311C69000,2754.0,0.0,0.0,0.0,1,838.0,0.0,0,2754.0,0.0,0.0,0.0,0.0,0.0,2
2023-05-09 21:04:46,cu2311C69000,cu2311C69000,2754.0,0.0,0.0,0.0,2,840.0,0.0,0,2754.0,0.0,0.0,0.0,0.0,0.0,2
2023-05-09 21:04:46,cu2311C69000,cu2311C69000,2754.0,0.0,0.0,0.0,2,840.0,0.0,0,2754.0,0.0,0.0,0.0,0.0,0.0,2
2023-05-09 21:04:47,cu2311C69000,cu2311C69000,2754.0,0.0,0.0,0.0,1,842.0,0.0,0,2754.0,0.0,0.0,0.0,0.0,0.0,2
2023-05-09 21:04:47,cu2311C69000,cu2311C69000,2754.0,0.0,0.0,0.0,1,842.0,0.0,0,2754.0,0.0,0.0,0.0,0.0,0.0,2
2023-05-09 21:04:48,cu2311C69000,cu2311C69000,2754.0,0.0,0.0,0.0,2,844.0,0.0,0,2754.0,0.0,0.0,0.0,0.0,0.0,2
2023-05-09 21:04:48,cu2311C69000,cu2311C69000,2754.0,0.0,0.0,0.0,1,846.0,0.0,0,2754.0,0.0,0.0,0.0,0.0,0.0,2
2023-05-09 21:04:49,cu2311C69000,cu2311C69000,2754.0,0.0,0.0,0.0,1,846.0,0.0,0,2754.0,0.0,0.0,0.0,0.0,0.0,2
2023-05-09 21:04:49,cu2311C69000,cu2311C69000,2754.0,0.0,0.0,0.0,2,848.0,0.0,0,2754.0,0.0,0.0,0.0,0.0,0.0,2
2023-05-09 21:04:50,cu2311C69000,cu2311C69000,2754.0,0.0,0.0,0.0,1,850.0,0.0,0,2754.0,0.0,0.0,0.0,0.0,0.0,2
2023-05-09 21:04:51,cu2311C69000,cu2311C69000,2754.0,0.0,0.0,0.0,1,850.0,0.0,0,2754.0,0.0,0.0,0.0,0.0,0.0,2
2023-05-09 21:04:51,cu2311C69000,cu2311C69000,2754.0,0.0,0.0,0.0,2,852.0,0.0,0,2754.0,0.0,0.0,0.0,0.0,0.0,2
2023-05-09 21:04:52,cu2311C69000,cu2311C69000,2754.0,0.0,0.0,0.0,1,854.0,0.0,0,2754.0,0.0,0.0,0.0,0.0,0.0,2
2023-05-09 21:04:52,cu2311C69000,cu2311C69000,2754.0,0.0,0.0,0.0,1,854.0,0.0,0,2754.0,0.0,0.0,0.0,0.0,0.0,2
2023-05-09 21:04:53,cu2311C69000,cu2311C69000,2754.0,0.0,0.0,0.0,2,856.0,0.0,0,2754.0,0.0,0.0,0.0,0.0,0.0,2
2023-05-09 21:04:54,cu2311C69000,cu2311C69000,2754.0,0.0,0.0,0.0,1,858.0,0.0,0,2754.0,0.0,0.0,0.0,0.0,0.0,2
2023-05-09 21:04:54,cu2311C69000,cu2311C69000,2754.0,0.0,0.0,0.0,1,858.0,0.0,0,2754.0,0.0,0.0,0.0,0.0,0.0,2
2023-05-09 21:04:55,cu2311C69000,cu2311C69000,2754.0,0.0,0.0,0.0,2,860.0,0.0,0,2754.0,0.0,0.0,0.0,0.0,0.0,2
2023-05-09 21:04:55,cu2311C69000,cu2311C69000,2754.0,0.0,0.0,0.0,1,862.0,0.0,0,2754.0,0.0,0.0,0.0,0.0,0.0,2
2023-05-09 21:04:56,cu2311C69000,cu2311C69000,2754.0,0.0,0.0,0.0,1,862.0,0.0,0,2754.0,0.0,0.0,0.0,0.0,0.0,2
2023-05-09 21:04:56,cu2311C69000,cu2311C69000,2754.0,0.0,0.0,0.0,2,864.0,0.0,0,2754.0,0.0,0.0,0.0,0.0,0.0,2
2023-05-09 21:04:57,cu2311C69000,cu2311C69000,2754.0,0.0,0.0,0.0,1,866.0,0.0,0,2754.0,0.0,0.0,0.0,0.0,0.0,2
2023-05-09 21:04:57,cu2311C69000,cu2311C69000,2754.0,0.0,0.0,0.0,1,866.0,0.0,0,2754.0,0.0,0.0,0.0,0.0,0.0,2
2023-05-09 21:04:58,cu2311C69000,cu2311C69000,2754.0,0.0,0.0,0.0,2,868.0,0.0,0,2754.0,0.0,0.0,0.0,0.0,0.0,2
2023-05-09 21:04:58,cu2311C69000,cu2311C69000,2754.0,0.0,0.0,0.0,1,870.0,0.0,0,2754.0,0.0,0.0,0.0,0.0,0.0,2
2023-05-09 21:04:59,cu2311C69000,cu2311C69000,2754.0,0.0,0.0,0.0,1,870.0,0.0,0,2754.0,0.0,0.0,0.0,0.0,0.0,2
2023-05-09 21:04:59,cu2311C69000,cu2311C69000,2754.0,0.0,0.0,0.0,2,872.0,0.0,0,2754.0,0.0,0.0,0.0,0.0,0.0,2
2023-05-09 21:05:00,cu2311C69000,cu2311C69000,2754.0,0.0,0.0,0.0,1,874.0,0.0,0,2754.0,0.0,0.0,0.0,0.0,0.0,2
2023-05-09 21:05:00,cu2311C69000,cu2311C69000,2754.0,0.0,0.0,0.0,1,874.0,0.0,0,2754.0,0.0,0.0,0.0,0.0,0.0,2
2023-05-09 21:05:01,cu2311C69000,cu2311C69000,2754.0,0.0,0.0,0.0,2,876.0,0.0,0,2754.0,0.0,0.0,0.0,0.0,0.0,2
2023-05-09 21:05:01,cu2311C69000,cu2311C69000,2754.0,0.0,0.0,0.0,1,878.0,0.0,0,2754.0,0.0,0.0,0.0,0.0,0.0,2
2023-05-09 21:05:02,cu2311C69000,cu2311C69000,2754.0,0.0,0.0,0.0,1,878.0,0.0,0,2754.0,0.0,0.0,0.0,0.0,0.0,2
2023-05-09 21:05:02,cu2311C69000,cu2311C69000,2754.0,0.0,0.0,0.0,2,880.0,0.0,0,2754.0,0.0,0.0,0.0,0.0,0.0,2
2023-05-09 21:05:03,cu2311C69000,cu2311C69000,2754.0,0.0,0.0,0.0,2,880.0,0.0,0,2754.0,0.0,0.0,0.0,0.0,0.0,2
2023-05-09 21:05:58,cu2311C69000,cu2311C69000,2754.0,0.0,0.0,0.0,2,880.0,0.0,0,2754.0,0.0,0.0,0.0,0.0,0.0,2
2023-05-09 21:08:38,cu2311C69000,cu2311C69000,2754.0,0.0,0.0,0.0,2,880.0,0.0,0,2754.0,0.0,0.0,0.0,0.0,0.0,2
2023-05-09 21:12:51,cu2311C69000,cu2311C69000,2754.0,0.0,0.0,0.0,2,880.0,0.0,0,2754.0,0.0,0.0,0.0,0.0,0.0,2
2023-05-09 22:50:12,cu2311C69000,cu2311C69000,2754.0,0.0,0.0,0.0,2,880.0,0.0,0,2754.0,0.0,0.0,0.0,0.0,0.0,2
2023-05-09 22:57:03,cu2311C69000,cu2311C69000,2754.0,0.0,0.0,0.0,1,518.0,0.0,0,2754.0,0.0,0.0,0.0,0.0,0.0,2
2023-05-09 23:00:31,cu2311C69000,cu2311C69000,2754.0,0.0,0.0,0.0,2,520.0,0.0,0,2754.0,0.0,0.0,0.0,0.0,0.0,2
2023-05-09 23:04:54,cu2311C69000,cu2311C69000,2754.0,0.0,0.0,0.0,1,522.0,0.0,0,2754.0,0.0,0.0,0.0,0.0,0.0,2
2023-05-09 23:04:55,cu2311C69000,cu2311C69000,2754.0,0.0,0.0,0.0,1,518.0,0.0,0,2754.0,0.0,0.0,0.0,0.0,0.0,2
2023-05-09 23:04:55,cu2311C69000,cu2311C69000,2754.0,0.0,0.0,0.0,2,520.0,0.0,0,2754.0,0.0,0.0,0.0,0.0,0.0,2
2023-05-09 23:04:56,cu2311C69000,cu2311C69000,2754.0,0.0,0.0,0.0,1,522.0,0.0,0,2754.0,0.0,0.0,0.0,0.0,0.0,2
2023-05-09 23:04:56,cu2311C69000,cu2311C69000,2754.0,0.0,0.0,0.0,2,520.0,0.0,0,2754.0,0.0,0.0,0.0,0.0,0.0,2
2023-05-09 23:04:57,cu2311C69000,cu2311C69000,2754.0,0.0,0.0,0.0,1,518.0,0.0,0,2754.0,0.0,0.0,0.0,0.0,0.0,2
2023-05-09 23:04:57,cu2311C69000,cu2311C69000,2754.0,0.0,0.0,0.0,2,520.0,0.0,0,2754.0,0.0,0.0,0.0,0.0,0.0,2
2023-05-09 23:04:58,cu2311C69000,cu2311C69000,2754.0,0.0,0.0,0.0,1,522.0,0.0,0,2754.0,0.0,0.0,0.0,0.0,0.0,2
2023-05-09 23:04:58,cu2311C69000,cu2311C69000,2754.0,0.0,0.0,0.0,1,518.0,0.0,0,2754.0,0.0,0.0,0.0,0.0,0.0,2
2023-05-09 23:04:59,cu2311C69000,cu2311C69000,2754.0,0.0,0.0,0.0,2,520.0,0.0,0,2754.0,0.0,0.0,0.0,0.0,0.0,2
2023-05-09 23:05:01,cu2311C69000,cu2311C69000,2754.0,0.0,0.0,0.0,1,522.0,0.0,0,2754.0,0.0,0.0,0.0,0.0,0.0,2
2023-05-09 23:05:02,cu2311C69000,cu2311C69000,2754.0,0.0,0.0,0.0,1,518.0,0.0,0,2754.0,0.0,0.0,0.0,0.0,0.0,2
2023-05-09 23:05:02,cu2311C69000,cu2311C69000,2754.0,0.0,0.0,0.0,2,520.0,0.0,0,2754.0,0.0,0.0,0.0,0.0,0.0,2
2023-05-09 23:05:04,cu2311C69000,cu2311C69000,2754.0,0.0,0.0,0.0,1,522.0,0.0,0,2754.0,0.0,0.0,0.0,0.0,0.0,2
2023-05-09 23:05:04,cu2311C69000,cu2311C69000,2754.0,0.0,0.0,0.0,1,518.0,0.0,0,2754.0,0.0,0.0,0.0,0.0,0.0,2
2023-05-09 23:05:05,cu2311C69000,cu2311C69000,2754.0,0.0,0.0,0.0,2,520.0,0.0,0,2754.0,0.0,0.0,0.0,0.0,0.0,2
2023-05-09 23:05:06,cu2311C69000,cu2311C69000,2754.0,0.0,0.0,0.0,1,534.0,0.0,0,2754.0,0.0,0.0,0.0,0.0,0.0,2
2023-05-09 23:05:06,cu2311C69000,cu2311C69000,2754.0,0.0,0.0,0.0,1,518.0,0.0,0,2754.0,0.0,0.0,0.0,0.0,0.0,2
2023-05-09 23:05:07,cu2311C69000,cu2311C69000,2754.0,0.0,0.0,0.0,2,520.0,0.0,0,2754.0,0.0,0.0,0.0,0.0,0.0,2
2023-05-09 23:05:09,cu2311C69000,cu2311C69000,2754.0,0.0,0.0,0.0,1,534.0,0.0,0,2754.0,0.0,0.0,0.0,0.0,0.0,2
2023-05-09 23:05:09,cu2311C69000,cu2311C69000,2754.0,0.0,0.0,0.0,1,518.0,0.0,0,2754.0,0.0,0.0,0.0,0.0,0.0,2
2023-05-09 23:05:10,cu2311C69000,cu2311C69000,2754.0,0.0,0.0,0.0,2,520.0,0.0,0,2754.0,0.0,0.0,0.0,0.0,0.0,2
2023-05-09 23:05:12,cu2311C69000,cu2311C69000,2754.0,0.0,0.0,0.0,1,534.0,0.0,0,2754.0,0.0,0.0,0.0,0.0,0.0,2
2023-05-09 23:05:12,cu2311C69000,cu2311C69000,2754.0,0.0,0.0,0.0,1,518.0,0.0,0,2754.0,0.0,0.0,0.0,0.0,0.0,2
2023-05-09 23:05:13,cu2311C69000,cu2311C69000,2754.0,0.0,0.0,0.0,2,520.0,0.0,0,2754.0,0.0,0.0,0.0,0.0,0.0,2
2023-05-09 23:05:17,cu2311C69000,cu2311C69000,2754.0,0.0,0.0,0.0,1,534.0,0.0,0,2754.0,0.0,0.0,0.0,0.0,0.0,2
2023-05-09 23:05:17,cu2311C69000,cu2311C69000,2754.0,0.0,0.0,0.0,1,518.0,0.0,0,2754.0,0.0,0.0,0.0,0.0,0.0,2
2023-05-09 23:05:18,cu2311C69000,cu2311C69000,2754.0,0.0,0.0,0.0,2,520.0,0.0,0,2754.0,0.0,0.0,0.0,0.0,0.0,2
2023-05-09 23:05:18,cu2311C69000,cu2311C69000,2754.0,0.0,0.0,0.0,1,534.0,0.0,0,2754.0,0.0,0.0,0.0,0.0,0.0,2
2023-05-09 23:05:19,cu2311C69000,cu2311C69000,2754.0,0.0,0.0,0.0,2,520.0,0.0,0,2754.0,0.0,0.0,0.0,0.0,0.0,2
2023-05-09 23:05:21,cu2311C69000,cu2311C69000,2754.0,0.0,0.0,0.0,1,534.0,0.0,0,2754.0,0.0,0.0,0.0,0.0,0.0,2
2023-05-09 23:05:21,cu2311C69000,cu2311C69000,2754.0,0.0,0.0,0.0,1,518.0,0.0,0,2754.0,0.0,0.0,0.0,0.0,0.0,2
2023-05-09 23:05:22,cu2311C69000,cu2311C69000,2754.0,0.0,0.0,0.0,2,520.0,0.0,0,2754.0,0.0,0.0,0.0,0.0,0.0,2
2023-05-09 23:05:22,cu2311C69000,cu2311C69000,2754.0,0.0,0.0,0.0,1,546.0,0.0,0,2754.0,0.0,0.0,0.0,0.0,0.0,2
2023-05-09 23:05:23,cu2311C69000,cu2311C69000,2754.0,0.0,0.0,0.0,1,518.0,0.0,0,2754.0,0.0,0.0,0.0,0.0,0.0,2
2023-05-09 23:05:23,cu2311C69000,cu2311C69000,2754.0,0.0,0.0,0.0,2,520.0,0.0,0,2754.0,0.0,0.0,0.0,0.0,0.0,2
2023-05-09 23:05:27,cu2311C69000,cu2311C69000,2754.0,0.0,0.0,0.0,1,546.0,0.0,0,2754.0,0.0,0.0,0.0,0.0,0.0,2
2023-05-09 23:05:27,cu2311C69000,cu2311C69000,2754.0,0.0,0.0,0.0,1,518.0,0.0,0,2754.0,0.0,0.0,0.0,0.0,0.0,2
2023-05-09 23:05:28,cu2311C69000,cu2311C69000,2754.0,0.0,0.0,0.0,2,520.0,0.0,0,2754.0,0.0,0.0,0.0,0.0,0.0,2
2023-05-09 23:05:28,cu2311C69000,cu2311C69000,2754.0,0.0,0.0,0.0,1,546.0,0.0,0,2754.0,0.0,0.0,0.0,0.0,0.0,2
2023-05-09 23:05:29,cu2311C69000,cu2311C69000,2754.0,0.0,0.0,0.0,1,518.0,0.0,0,2754.0,0.0,0.0,0.0,0.0,0.0,2
2023-05-09 23:05:29,cu2311C69000,cu2311C69000,2754.0,0.0,0.0,0.0,2,520.0,0.0,0,2754.0,0.0,0.0,0.0,0.0,0.0,2
2023-05-09 23:05:33,cu2311C69000,cu2311C69000,2754.0,0.0,0.0,0.0,1,546.0,0.0,0,2754.0,0.0,0.0,0.0,0.0,0.0,2
2023-05-09 23:05:34,cu2311C69000,cu2311C69000,2754.0,0.0,0.0,0.0,1,518.0,0.0,0,2754.0,0.0,0.0,0.0,0.0,0.0,2
2023-05-09 23:05:34,cu2311C69000,cu2311C69000,2754.0,0.0,0.0,0.0,2,520.0,0.0,0,2754.0,0.0,0.0,0.0,0.0,0.0,2
2023-05-09 23:05:42,cu2311C69000,cu2311C69000,2754.0,0.0,0.0,0.0,1,546.0,0.0,0,2754.0,0.0,0.0,0.0,0.0,0.0,2
2023-05-09 23:05:43,cu2311C69000,cu2311C69000,2754.0,0.0,0.0,0.0,1,518.0,0.0,0,2754.0,0.0,0.0,0.0,0.0,0.0,2
2023-05-09 23:05:43,cu2311C69000,cu2311C69000,2754.0,0.0,0.0,0.0,2,520.0,0.0,0,2754.0,0.0,0.0,0.0,0.0,0.0,2
2023-05-09 23:05:44,cu2311C69000,cu2311C69000,2754.0,0.0,0.0,0.0,1,546.0,0.0,0,2754.0,0.0,0.0,0.0,0.0,0.0,2
2023-05-09 23:05:44,cu2311C69000,cu2311C69000,2754.0,0.0,0.0,0.0,2,520.0,0.0,0,2754.0,0.0,0.0,0.0,0.0,0.0,2
2023-05-09 23:05:46,cu2311C69000,cu2311C69000,2754.0,0.0,0.0,0.0,1,546.0,0.0,0,2754.0,0.0,0.0,0.0,0.0,0.0,2
2023-05-09 23:05:47,cu2311C69000,cu2311C69000,2754.0,0.0,0.0,0.0,1,518.0,0.0,0,2754.0,0.0,0.0,0.0,0.0,0.0,2
2023-05-09 23:05:47,cu2311C69000,cu2311C69000,2754.0,0.0,0.0,0.0,2,520.0,0.0,0,2754.0,0.0,0.0,0.0,0.0,0.0,2
2023-05-09 23:05:48,cu2311C69000,cu2311C69000,2754.0,0.0,0.0,0.0,1,546.0,0.0,0,2754.0,0.0,0.0,0.0,0.0,0.0,2
2023-05-09 23:05:48,cu2311C69000,cu2311C69000,2754.0,0.0,0.0,0.0,1,518.0,0.0,0,2754.0,0.0,0.0,0.0,0.0,0.0,2
2023-05-09 23:05:49,cu2311C69000,cu2311C69000,2754.0,0.0,0.0,0.0,2,520.0,0.0,0,2754.0,0.0,0.0,0.0,0.0,0.0,2
2023-05-09 23:05:49,cu2311C69000,cu2311C69000,2754.0,0.0,0.0,0.0,1,546.0,0.0,0,2754.0,0.0,0.0,0.0,0.0,0.0,2
2023-05-09 23:05:50,cu2311C69000,cu2311C69000,2754.0,0.0,0.0,0.0,1,518.0,0.0,0,2754.0,0.0,0.0,0.0,0.0,0.0,2
2023-05-09 23:05:50,cu2311C69000,cu2311C69000,2754.0,0.0,0.0,0.0,2,520.0,0.0,0,2754.0,0.0,0.0,0.0,0.0,0.0,2
2023-05-09 23:05:51,cu2311C69000,cu2311C69000,2754.0,0.0,0.0,0.0,1,546.0,0.0,0,2754.0,0.0,0.0,0.0,0.0,0.0,2
2023-05-09 23:05:51,cu2311C69000,cu2311C69000,2754.0,0.0,0.0,0.0,1,518.0,0.0,0,2754.0,0.0,0.0,0.0,0.0,0.0,2
2023-05-09 23:05:52,cu2311C69000,cu2311C69000,2754.0,0.0,0.0,0.0,2,520.0,0.0,0,2754.0,0.0,0.0,0.0,0.0,0.0,2
2023-05-09 23:05:52,cu2311C69000,cu2311C69000,2754.0,0.0,0.0,0.0,1,546.0,0.0,0,2754.0,0.0,0.0,0.0,0.0,0.0,2
2023-05-09 23:05:53,cu2311C69000,cu2311C69000,2754.0,0.0,0.0,0.0,2,520.0,0.0,0,2754.0,0.0,0.0,0.0,0.0,0.0,2
2023-05-09 23:05:57,cu2311C69000,cu2311C69000,2754.0,0.0,0.0,0.0,1,546.0,0.0,0,2754.0,0.0,0.0,0.0,0.0,0.0,2
2023-05-09 23:05:58,cu2311C69000,cu2311C69000,2754.0,0.0,0.0,0.0,1,518.0,0.0,0,2754.0,0.0,0.0,0.0,0.0,0.0,2
2023-05-09 23:05:58,cu2311C69000,cu2311C69000,2754.0,0.0,0.0,0.0,2,520.0,0.0,0,2754.0,0.0,0.0,0.0,0.0,0.0,2
2023-05-09 23:05:59,cu2311C69000,cu2311C69000,2754.0,0.0,0.0,0.0,1,546.0,0.0,0,2754.0,0.0,0.0,0.0,0.0,0.0,2
2023-05-09 23:05:59,cu2311C69000,cu2311C69000,2754.0,0.0,0.0,0.0,2,520.0,0.0,0,2754.0,0.0,0.0,0.0,0.0,0.0,2
2023-05-09 23:06:00,cu2311C69000,cu2311C69000,2754.0,0.0,0.0,0.0,1,518.0,0.0,0,2754.0,0.0,0.0,0.0,0.0,0.0,2
2023-05-09 23:06:00,cu2311C69000,cu2311C69000,2754.0,0.0,0.0,0.0,2,520.0,0.0,0,2754.0,0.0,0.0,0.0,0.0,0.0,2
2023-05-09 23:06:01,cu2311C69000,cu2311C69000,2754.0,0.0,0.0,0.0,1,546.0,0.0,0,2754.0,0.0,0.0,0.0,0.0,0.0,2
2023-05-09 23:06:01,cu2311C69000,cu2311C69000,2754.0,0.0,0.0,0.0,1,518.0,0.0,0,2754.0,0.0,0.0,0.0,0.0,0.0,2
2023-05-09 23:06:02,cu2311C69000,cu2311C69000,2754.0,0.0,0.0,0.0,2,520.0,0.0,0,2754.0,0.0,0.0,0.0,0.0,0.0,2
2023-05-09 23:06:04,cu2311C69000,cu2311C69000,2754.0,0.0,0.0,0.0,1,546.0,0.0,0,2754.0,0.0,0.0,0.0,0.0,0.0,2
2023-05-09 23:06:04,cu2311C69000,cu2311C69000,2754.0,0.0,0.0,0.0,1,518.0,0.0,0,2754.0,0.0,0.0,0.0,0.0,0.0,2
2023-05-09 23:06:05,cu2311C69000,cu2311C69000,2754.0,0.0,0.0,0.0,2,520.0,0.0,0,2754.0,0.0,0.0,0.0,0.0,0.0,2
2023-05-09 23:06:07,cu2311C69000,cu2311C69000,2754.0,0.0,0.0,0.0,1,546.0,0.0,0,2754.0,0.0,0.0,0.0,0.0,0.0,2
2023-05-09 23:06:07,cu2311C69000,cu2311C69000,2754.0,0.0,0.0,0.0,1,518.0,0.0,0,2754.0,0.0,0.0,0.0,0.0,0.0,2
2023-05-09 23:06:08,cu2311C69000,cu2311C69000,2754.0,0.0,0.0,0.0,2,520.0,0.0,0,2754.0,0.0,0.0,0.0,0.0,0.0,2
2023-05-09 23:06:10,cu2311C69000,cu2311C69000,2754.0,0.0,0.0,0.0,1,546.0,0.0,0,2754.0,0.0,0.0,0.0,0.0,0.0,2
2023-05-09 23:06:10,cu2311C69000,cu2311C69000,2754.0,0.0,0.0,0.0,1,546.0,0.0,0,2754.0,0.0,0.0,0.0,0.0,0.0,2
2023-05-09 23:06:11,cu2311C69000,cu2311C69000,2754.0,0.0,0.0,0.0,2,548.0,0.0,0,2754.0,0.0,0.0,0.0,0.0,0.0,2
2023-05-09 23:06:12,cu2311C69000,cu2311C69000,2754.0,0.0,0.0,0.0,1,574.0,0.0,0,2754.0,0.0,0.0,0.0,0.0,0.0,2
2023-05-09 23:06:13,cu2311C69000,cu2311C69000,2754.0,0.0,0.0,0.0,1,518.0,0.0,0,2754.0,0.0,0.0,0.0,0.0,0.0,2
2023-05-09 23:06:13,cu2311C69000,cu2311C69000,2754.0,0.0,0.0,0.0,2,520.0,0.0,0,2754.0,0.0,0.0,0.0,0.0,0.0,2
2023-05-09 23:06:14,cu2311C69000,cu2311C69000,2754.0,0.0,0.0,0.0,1,546.0,0.0,0,2754.0,0.0,0.0,0.0,0.0,0.0,2
2023-05-09 23:06:15,cu2311C69000,cu2311C69000,2754.0,0.0,0.0,0.0,1,518.0,0.0,0,2754.0,0.0,0.0,0.0,0.0,0.0,2
2023-05-09 23:06:15,cu2311C69000,cu2311C69000,2754.0,0.0,0.0,0.0,2,520.0,0.0,0,2754.0,0.0,0.0,0.0,0.0,0.0,2
2023-05-09 23:06:17,cu2311C69000,cu2311C69000,2754.0,0.0,0.0,0.0,1,546.0,0.0,0,2754.0,0.0,0.0,0.0,0.0,0.0,2
2023-05-09 23:06:17,cu2311C69000,cu2311C69000,2754.0,0.0,0.0,0.0,1,518.0,0.0,0,2754.0,0.0,0.0,0.0,0.0,0.0,2
2023-05-09 23:06:18,cu2311C69000,cu2311C69000,2754.0,0.0,0.0,0.0,2,520.0,0.0,0,2754.0,0.0,0.0,0.0,0.0,0.0,2
2023-05-09 23:06:19,cu2311C69000,cu2311C69000,2754.0,0.0,0.0,0.0,1,546.0,0.0,0,2754.0,0.0,0.0,0.0,0.0,0.0,2
2023-05-09 23:06:19,cu2311C69000,cu2311C69000,2754.0,0.0,0.0,0.0,1,518.0,0.0,0,2754.0,0.0,0.0,0.0,0.0,0.0,2
2023-05-09 23:06:20,cu2311C69000,cu2311C69000,2754.0,0.0,0.0,0.0,2,520.0,0.0,0,2754.0,0.0,0.0,0.0,0.0,0.0,2
2023-05-09 23:06:20,cu2311C69000,cu2311C69000,2754.0,0.0,0.0,0.0,1,546.0,0.0,0,2754.0,0.0,0.0,0.0,0.0,0.0,2
2023-05-09 23:06:21,cu2311C69000,cu2311C69000,2754.0,0.0,0.0,0.0,1,518.0,0.0,0,2754.0,0.0,0.0,0.0,0.0,0.0,2
2023-05-09 23:06:21,cu2311C69000,cu2311C69000,2754.0,0.0,0.0,0.0,2,520.0,0.0,0,2754.0,0.0,0.0,0.0,0.0,0.0,2
2023-05-09 23:06:22,cu2311C69000,cu2311C69000,2754.0,0.0,0.0,0.0,1,546.0,0.0,0,2754.0,0.0,0.0,0.0,0.0,0.0,2
2023-05-09 23:06:22,cu2311C69000,cu2311C69000,2754.0,0.0,0.0,0.0,2,520.0,0.0,0,2754.0,0.0,0.0,0.0,0.0,0.0,2
2023-05-09 23:06:25,cu2311C69000,cu2311C69000,2754.0,0.0,0.0,0.0,1,546.0,0.0,0,2754.0,0.0,0.0,0.0,0.0,0.0,2
2023-05-09 23:06:25,cu2311C69000,cu2311C69000,2754.0,0.0,0.0,0.0,1,518.0,0.0,0,2754.0,0.0,0.0,0.0,0.0,0.0,2
2023-05-09 23:06:26,cu2311C69000,cu2311C69000,2754.0,0.0,0.0,0.0,2,520.0,0.0,0,2754.0,0.0,0.0,0.0,0.0,0.0,2
2023-05-09 23:06:26,cu2311C69000,cu2311C69000,2754.0,0.0,0.0,0.0,1,546.0,0.0,0,2754.0,0.0,0.0,0.0,0.0,0.0,2
2023-05-09 23:06:27,cu2311C69000,cu2311C69000,2754.0,0.0,0.0,0.0,1,518.0,0.0,0,2754.0,0.0,0.0,0.0,0.0,0.0,2
2023-05-09 23:06:27,cu2311C69000,cu2311C69000,2754.0,0.0,0.0,0.0,2,520.0,0.0,0,2754.0,0.0,0.0,0.0,0.0,0.0,2
2023-05-09 23:06:28,cu2311C69000,cu2311C69000,2754.0,0.0,0.0,0.0,1,522.0,0.0,0,2754.0,0.0,0.0,0.0,0.0,0.0,2
2023-05-09 23:06:29,cu2311C69000,cu2311C69000,2754.0,0.0,0.0,0.0,1,518.0,0.0,0,2754.0,0.0,0.0,0.0,0.0,0.0,2
2023-05-09 23:06:29,cu2311C69000,cu2311C69000,2754.0,0.0,0.0,0.0,1,544.0,0.0,0,2754.0,0.0,0.0,0.0,0.0,0.0,2
2023-05-09 23:06:30,cu2311C69000,cu2311C69000,2754.0,0.0,0.0,0.0,2,520.0,0.0,0,2754.0,0.0,0.0,0.0,0.0,0.0,2
2023-05-09 23:06:32,cu2311C69000,cu2311C69000,2754.0,0.0,0.0,0.0,1,546.0,0.0,0,2754.0,0.0,0.0,0.0,0.0,0.0,2
2023-05-09 23:06:33,cu2311C69000,cu2311C69000,2754.0,0.0,0.0,0.0,1,546.0,0.0,0,2754.0,0.0,0.0,0.0,0.0,0.0,2
2023-05-09 23:06:33,cu2311C69000,cu2311C69000,2754.0,0.0,0.0,0.0,2,548.0,0.0,0,2754.0,0.0,0.0,0.0,0.0,0.0,2
2023-05-09 23:06:35,cu2311C69000,cu2311C69000,2754.0,0.0,0.0,0.0,1,574.0,0.0,0,2754.0,0.0,0.0,0.0,0.0,0.0,2
2023-05-09 23:06:35,cu2311C69000,cu2311C69000,2754.0,0.0,0.0,0.0,1,518.0,0.0,0,2754.0,0.0,0.0,0.0,0.0,0.0,2
2023-05-09 23:06:36,cu2311C69000,cu2311C69000,2754.0,0.0,0.0,0.0,2,520.0,0.0,0,2754.0,0.0,0.0,0.0,0.0,0.0,2
2023-05-09 23:06:37,cu2311C69000,cu2311C69000,2754.0,0.0,0.0,0.0,1,546.0,0.0,0,2754.0,0.0,0.0,0.0,0.0,0.0,2
2023-05-09 23:06:38,cu2311C69000,cu2311C69000,2754.0,0.0,0.0,0.0,1,546.0,0.0,0,2754.0,0.0,0.0,0.0,0.0,0.0,2
2023-05-09 23:06:38,cu2311C69000,cu2311C69000,2754.0,0.0,0.0,0.0,2,548.0,0.0,0,2754.0,0.0,0.0,0.0,0.0,0.0,2
2023-05-09 23:06:39,cu2311C69000,cu2311C69000,2754.0,0.0,0.0,0.0,1,574.0,0.0,0,2754.0,0.0,0.0,0.0,0.0,0.0,2
2023-05-09 23:06:39,cu2311C69000,cu2311C69000,2754.0,0.0,0.0,0.0,2,548.0,0.0,0,2754.0,0.0,0.0,0.0,0.0,0.0,2
2023-05-09 23:06:47,cu2311C69000,cu2311C69000,2754.0,0.0,0.0,0.0,1,574.0,0.0,0,2754.0,0.0,0.0,0.0,0.0,0.0,2
2023-05-09 23:06:47,cu2311C69000,cu2311C69000,2754.0,0.0,0.0,0.0,1,518.0,0.0,0,2754.0,0.0,0.0,0.0,0.0,0.0,2
2023-05-09 23:06:48,cu2311C69000,cu2311C69000,2754.0,0.0,0.0,0.0,2,520.0,0.0,0,2754.0,0.0,0.0,0.0,0.0,0.0,2
2023-05-09 23:06:49,cu2311C69000,cu2311C69000,2754.0,0.0,0.0,0.0,1,546.0,0.0,0,2754.0,0.0,0.0,0.0,0.0,0.0,2
2023-05-09 23:06:49,cu2311C69000,cu2311C69000,2754.0,0.0,0.0,0.0,1,518.0,0.0,0,2754.0,0.0,0.0,0.0,0.0,0.0,2
2023-05-09 23:06:50,cu2311C69000,cu2311C69000,2754.0,0.0,0.0,0.0,2,520.0,0.0,0,2754.0,0.0,0.0,0.0,0.0,0.0,2
2023-05-09 23:06:50,cu2311C69000,cu2311C69000,2754.0,0.0,0.0,0.0,1,546.0,0.0,0,2754.0,0.0,0.0,0.0,0.0,0.0,2
2023-05-09 23:06:51,cu2311C69000,cu2311C69000,2754.0,0.0,0.0,0.0,1,560.0,0.0,0,2754.0,0.0,0.0,0.0,0.0,0.0,2
2023-05-09 23:06:51,cu2311C69000,cu2311C69000,2754.0,0.0,0.0,0.0,2,562.0,0.0,0,2754.0,0.0,0.0,0.0,0.0,0.0,2
2023-05-09 23:06:52,cu2311C69000,cu2311C69000,2754.0,0.0,0.0,0.0,1,588.0,0.0,0,2754.0,0.0,0.0,0.0,0.0,0.0,2
2023-05-09 23:06:52,cu2311C69000,cu2311C69000,2754.0,0.0,0.0,0.0,1,518.0,0.0,0,2754.0,0.0,0.0,0.0,0.0,0.0,2
2023-05-09 23:06:53,cu2311C69000,cu2311C69000,2754.0,0.0,0.0,0.0,2,520.0,0.0,0,2754.0,0.0,0.0,0.0,0.0,0.0,2
2023-05-09 23:06:54,cu2311C69000,cu2311C69000,2754.0,0.0,0.0,0.0,1,534.0,0.0,0,2754.0,0.0,0.0,0.0,0.0,0.0,2
2023-05-09 23:06:54,cu2311C69000,cu2311C69000,2754.0,0.0,0.0,0.0,1,518.0,0.0,0,2754.0,0.0,0.0,0.0,0.0,0.0,2
2023-05-09 23:06:55,cu2311C69000,cu2311C69000,2754.0,0.0,0.0,0.0,2,520.0,0.0,0,2754.0,0.0,0.0,0.0,0.0,0.0,2
2023-05-09 23:06:55,cu2311C69000,cu2311C69000,2754.0,0.0,0.0,0.0,1,546.0,0.0,0,2754.0,0.0,0.0,0.0,0.0,0.0,2
2023-05-09 23:06:56,cu2311C69000,cu2311C69000,2754.0,0.0,0.0,0.0,2,520.0,0.0,0,2754.0,0.0,0.0,0.0,0.0,0.0,2
2023-05-09 23:06:59,cu2311C69000,cu2311C69000,2754.0,0.0,0.0,0.0,1,546.0,0.0,0,2754.0,0.0,0.0,0.0,0.0,0.0,2
2023-05-09 23:06:59,cu2311C69000,cu2311C69000,2754.0,0.0,0.0,0.0,1,518.0,0.0,0,2754.0,0.0,0.0,0.0,0.0,0.0,2
2023-05-09 23:07:00,cu2311C69000,cu2311C69000,2754.0,0.0,0.0,0.0,2,520.0,0.0,0,2754.0,0.0,0.0,0.0,0.0,0.0,2
2023-05-09 23:07:01,cu2311C69000,cu2311C69000,2754.0,0.0,0.0,0.0,1,546.0,0.0,0,2754.0,0.0,0.0,0.0,0.0,0.0,2
2023-05-09 23:07:01,cu2311C69000,cu2311C69000,2754.0,0.0,0.0,0.0,1,518.0,0.0,0,2754.0,0.0,0.0,0.0,0.0,0.0,2
2023-05-09 23:07:02,cu2311C69000,cu2311C69000,2754.0,0.0,0.0,0.0,1,544.0,0.0,0,2754.0,0.0,0.0,0.0,0.0,0.0,2
2023-05-09 23:07:02,cu2311C69000,cu2311C69000,2754.0,0.0,0.0,0.0,2,520.0,0.0,0,2754.0,0.0,0.0,0.0,0.0,0.0,2
2023-05-09 23:07:03,cu2311C69000,cu2311C69000,2754.0,0.0,0.0,0.0,1,518.0,0.0,0,2754.0,0.0,0.0,0.0,0.0,0.0,2
2023-05-09 23:07:03,cu2311C69000,cu2311C69000,2754.0,0.0,0.0,0.0,2,520.0,0.0,0,2754.0,0.0,0.0,0.0,0.0,0.0,2
2023-05-09 23:07:09,cu2311C69000,cu2311C69000,2754.0,0.0,0.0,0.0,1,546.0,0.0,0,2754.0,0.0,0.0,0.0,0.0,0.0,2
2023-05-09 23:07:10,cu2311C69000,cu2311C69000,2754.0,0.0,0.0,0.0,1,518.0,0.0,0,2754.0,0.0,0.0,0.0,0.0,0.0,2
2023-05-09 23:07:10,cu2311C69000,cu2311C69000,2754.0,0.0,0.0,0.0,2,520.0,0.0,0,2754.0,0.0,0.0,0.0,0.0,0.0,2
2023-05-09 23:07:11,cu2311C69000,cu2311C69000,2754.0,0.0,0.0,0.0,1,546.0,0.0,0,2754.0,0.0,0.0,0.0,0.0,0.0,2
2023-05-09 23:07:12,cu2311C69000,cu2311C69000,2754.0,0.0,0.0,0.0,2,520.0,0.0,0,2754.0,0.0,0.0,0.0,0.0,0.0,2
2023-05-09 23:07:19,cu2311C69000,cu2311C69000,2754.0,0.0,0.0,0.0,1,546.0,0.0,0,2754.0,0.0,0.0,0.0,0.0,0.0,2
2023-05-09 23:07:19,cu2311C69000,cu2311C69000,2754.0,0.0,0.0,0.0,1,518.0,0.0,0,2754.0,0.0,0.0,0.0,0.0,0.0,2
2023-05-09 23:07:20,cu2311C69000,cu2311C69000,2754.0,0.0,0.0,0.0,2,520.0,0.0,0,2754.0,0.0,0.0,0.0,0.0,0.0,2
2023-05-09 23:07:20,cu2311C69000,cu2311C69000,2754.0,0.0,0.0,0.0,1,546.0,0.0,0,2754.0,0.0,0.0,0.0,0.0,0.0,2
2023-05-09 23:07:21,cu2311C69000,cu2311C69000,2754.0,0.0,0.0,0.0,1,518.0,0.0,0,2754.0,0.0,0.0,0.0,0.0,0.0,2
2023-05-09 23:07:21,cu2311C69000,cu2311C69000,2754.0,0.0,0.0,0.0,2,520.0,0.0,0,2754.0,0.0,0.0,0.0,0.0,0.0,2
2023-05-09 23:07:22,cu2311C69000,cu2311C69000,2754.0,0.0,0.0,0.0,1,546.0,0.0,0,2754.0,0.0,0.0,0.0,0.0,0.0,2
2023-05-09 23:07:23,cu2311C69000,cu2311C69000,2754.0,0.0,0.0,0.0,1,518.0,0.0,0,2754.0,0.0,0.0,0.0,0.0,0.0,2
2023-05-09 23:07:23,cu2311C69000,cu2311C69000,2754.0,0.0,0.0,0.0,2,520.0,0.0,0,2754.0,0.0,0.0,0.0,0.0,0.0,2
2023-05-09 23:07:27,cu2311C69000,cu2311C69000,2754.0,0.0,0.0,0.0,1,546.0,0.0,0,2754.0,0.0,0.0,0.0,0.0,0.0,2
2023-05-09 23:07:28,cu2311C69000,cu2311C69000,2754.0,0.0,0.0,0.0,1,518.0,0.0,0,2754.0,0.0,0.0,0.0,0.0,0.0,2
2023-05-09 23:07:28,cu2311C69000,cu2311C69000,2754.0,0.0,0.0,0.0,2,520.0,0.0,0,2754.0,0.0,0.0,0.0,0.0,0.0,2
2023-05-09 23:07:29,cu2311C69000,cu2311C69000,2754.0,0.0,0.0,0.0,1,546.0,0.0,0,2754.0,0.0,0.0,0.0,0.0,0.0,2
2023-05-09 23:07:29,cu2311C69000,cu2311C69000,2754.0,0.0,0.0,0.0,1,572.0,0.0,0,2754.0,0.0,0.0,0.0,0.0,0.0,2
2023-05-09 23:07:30,cu2311C69000,cu2311C69000,2754.0,0.0,0.0,0.0,1,518.0,0.0,0,2754.0,0.0,0.0,0.0,0.0,0.0,2
2023-05-09 23:07:30,cu2311C69000,cu2311C69000,2754.0,0.0,0.0,0.0,2,520.0,0.0,0,2754.0,0.0,0.0,0.0,0.0,0.0,2
2023-05-09 23:07:31,cu2311C69000,cu2311C69000,2754.0,0.0,0.0,0.0,1,546.0,0.0,0,2754.0,0.0,0.0,0.0,0.0,0.0,2
2023-05-09 23:07:31,cu2311C69000,cu2311C69000,2754.0,0.0,0.0,0.0,1,546.0,0.0,0,2754.0,0.0,0.0,0.0,0.0,0.0,2
2023-05-09 23:07:32,cu2311C69000,cu2311C69000,2754.0,0.0,0.0,0.0,2,548.0,0.0,0,2754.0,0.0,0.0,0.0,0.0,0.0,2
2023-05-09 23:07:32,cu2311C69000,cu2311C69000,2754.0,0.0,0.0,0.0,1,574.0,0.0,0,2754.0,0.0,0.0,0.0,0.0,0.0,2
2023-05-09 23:07:33,cu2311C69000,cu2311C69000,2754.0,0.0,0.0,0.0,1,574.0,0.0,0,2754.0,0.0,0.0,0.0,0.0,0.0,2
2023-05-09 23:07:33,cu2311C69000,cu2311C69000,2754.0,0.0,0.0,0.0,2,576.0,0.0,0,2754.0,0.0,0.0,0.0,0.0,0.0,2
2023-05-09 23:07:34,cu2311C69000,cu2311C69000,2754.0,0.0,0.0,0.0,1,602.0,0.0,0,2754.0,0.0,0.0,0.0,0.0,0.0,2
2023-05-09 23:07:35,cu2311C69000,cu2311C69000,2754.0,0.0,0.0,0.0,1,518.0,0.0,0,2754.0,0.0,0.0,0.0,0.0,0.0,2
2023-05-09 23:07:35,cu2311C69000,cu2311C69000,2754.0,0.0,0.0,0.0,2,520.0,0.0,0,2754.0,0.0,0.0,0.0,0.0,0.0,2
2023-05-09 23:07:36,cu2311C69000,cu2311C69000,2754.0,0.0,0.0,0.0,1,546.0,0.0,0,2754.0,0.0,0.0,0.0,0.0,0.0,2
2023-05-09 23:07:37,cu2311C69000,cu2311C69000,2754.0,0.0,0.0,0.0,1,518.0,0.0,0,2754.0,0.0,0.0,0.0,0.0,0.0,2
2023-05-09 23:07:37,cu2311C69000,cu2311C69000,2754.0,0.0,0.0,0.0,2,520.0,0.0,0,2754.0,0.0,0.0,0.0,0.0,0.0,2
2023-05-09 23:07:38,cu2311C69000,cu2311C69000,2754.0,0.0,0.0,0.0,1,546.0,0.0,0,2754.0,0.0,0.0,0.0,0.0,0.0,2
2023-05-09 23:07:38,cu2311C69000,cu2311C69000,2754.0,0.0,0.0,0.0,1,572.0,0.0,0,2754.0,0.0,0.0,0.0,0.0,0.0,2
2023-05-09 23:07:39,cu2311C69000,cu2311C69000,2754.0,0.0,0.0,0.0,2,574.0,0.0,0,2754.0,0.0,0.0,0.0,0.0,0.0,2
2023-05-09 23:07:39,cu2311C69000,cu2311C69000,2754.0,0.0,0.0,0.0,1,600.0,0.0,0,2754.0,0.0,0.0,0.0,0.0,0.0,2
2023-05-09 23:07:40,cu2311C69000,cu2311C69000,2754.0,0.0,0.0,0.0,1,614.0,0.0,0,2754.0,0.0,0.0,0.0,0.0,0.0,2
2023-05-09 23:07:40,cu2311C69000,cu2311C69000,2754.0,0.0,0.0,0.0,1,628.0,0.0,0,2754.0,0.0,0.0,0.0,0.0,0.0,2
2023-05-09 23:07:41,cu2311C69000,cu2311C69000,2754.0,0.0,0.0,0.0,1,654.0,0.0,0,2754.0,0.0,0.0,0.0,0.0,0.0,2
2023-05-09 23:07:41,cu2311C69000,cu2311C69000,2754.0,0.0,0.0,0.0,1,518.0,0.0,0,2754.0,0.0,0.0,0.0,0.0,0.0,2
2023-05-09 23:07:42,cu2311C69000,cu2311C69000,2754.0,0.0,0.0,0.0,2,520.0,0.0,0,2754.0,0.0,0.0,0.0,0.0,0.0,2
2023-05-09 23:07:42,cu2311C69000,cu2311C69000,2754.0,0.0,0.0,0.0,1,546.0,0.0,0,2754.0,0.0,0.0,0.0,0.0,0.0,2
2023-05-09 23:07:43,cu2311C69000,cu2311C69000,2754.0,0.0,0.0,0.0,1,546.0,0.0,0,2754.0,0.0,0.0,0.0,0.0,0.0,2
2023-05-09 23:07:43,cu2311C69000,cu2311C69000,2754.0,0.0,0.0,0.0,2,548.0,0.0,0,2754.0,0.0,0.0,0.0,0.0,0.0,2
2023-05-09 23:07:44,cu2311C69000,cu2311C69000,2754.0,0.0,0.0,0.0,1,574.0,0.0,0,2754.0,0.0,0.0,0.0,0.0,0.0,2
2023-05-09 23:07:44,cu2311C69000,cu2311C69000,2754.0,0.0,0.0,0.0,1,600.0,0.0,0,2754.0,0.0,0.0,0.0,0.0,0.0,2
2023-05-09 23:07:45,cu2311C69000,cu2311C69000,2754.0,0.0,0.0,0.0,1,626.0,0.0,0,2754.0,0.0,0.0,0.0,0.0,0.0,2
2023-05-09 23:07:45,cu2311C69000,cu2311C69000,2754.0,0.0,0.0,0.0,2,602.0,0.0,0,2754.0,0.0,0.0,0.0,0.0,0.0,2
2023-05-09 23:07:48,cu2311C69000,cu2311C69000,2754.0,0.0,0.0,0.0,1,628.0,0.0,0,2754.0,0.0,0.0,0.0,0.0,0.0,2
2023-05-09 23:07:48,cu2311C69000,cu2311C69000,2754.0,0.0,0.0,0.0,1,518.0,0.0,0,2754.0,0.0,0.0,0.0,0.0,0.0,2
2023-05-09 23:07:49,cu2311C69000,cu2311C69000,2754.0,0.0,0.0,0.0,2,520.0,0.0,0,2754.0,0.0,0.0,0.0,0.0,0.0,2
2023-05-09 23:07:50,cu2311C69000,cu2311C69000,2754.0,0.0,0.0,0.0,1,546.0,0.0,0,2754.0,0.0,0.0,0.0,0.0,0.0,2
2023-05-09 23:07:50,cu2311C69000,cu2311C69000,2754.0,0.0,0.0,0.0,1,518.0,0.0,0,2754.0,0.0,0.0,0.0,0.0,0.0,2
2023-05-09 23:07:51,cu2311C69000,cu2311C69000,2754.0,0.0,0.0,0.0,1,544.0,0.0,0,2754.0,0.0,0.0,0.0,0.0,0.0,2
2023-05-09 23:07:51,cu2311C69000,cu2311C69000,2754.0,0.0,0.0,0.0,1,518.0,0.0,0,2754.0,0.0,0.0,0.0,0.0,0.0,2
2023-05-09 23:07:52,cu2311C69000,cu2311C69000,2754.0,0.0,0.0,0.0,2,520.0,0.0,0,2754.0,0.0,0.0,0.0,0.0,0.0,2
2023-05-09 23:07:52,cu2311C69000,cu2311C69000,2754.0,0.0,0.0,0.0,1,546.0,0.0,0,2754.0,0.0,0.0,0.0,0.0,0.0,2
2023-05-09 23:07:53,cu2311C69000,cu2311C69000,2754.0,0.0,0.0,0.0,2,520.0,0.0,0,2754.0,0.0,0.0,0.0,0.0,0.0,2
2023-05-09 23:07:53,cu2311C69000,cu2311C69000,2754.0,0.0,0.0,0.0,1,518.0,0.0,0,2754.0,0.0,0.0,0.0,0.0,0.0,2
2023-05-09 23:07:54,cu2311C69000,cu2311C69000,2754.0,0.0,0.0,0.0,2,520.0,0.0,0,2754.0,0.0,0.0,0.0,0.0,0.0,2
2023-05-09 23:07:54,cu2311C69000,cu2311C69000,2754.0,0.0,0.0,0.0,1,546.0,0.0,0,2754.0,0.0,0.0,0.0,0.0,0.0,2
2023-05-09 23:07:55,cu2311C69000,cu2311C69000,2754.0,0.0,0.0,0.0,2,520.0,0.0,0,2754.0,0.0,0.0,0.0,0.0,0.0,2
2023-05-09 23:07:58,cu2311C69000,cu2311C69000,2754.0,0.0,0.0,0.0,1,546.0,0.0,0,2754.0,0.0,0.0,0.0,0.0,0.0,2
2023-05-09 23:07:59,cu2311C69000,cu2311C69000,2754.0,0.0,0.0,0.0,1,518.0,0.0,0,2754.0,0.0,0.0,0.0,0.0,0.0,2
2023-05-09 23:07:59,cu2311C69000,cu2311C69000,2754.0,0.0,0.0,0.0,2,520.0,0.0,0,2754.0,0.0,0.0,0.0,0.0,0.0,2
2023-05-09 23:08:00,cu2311C69000,cu2311C69000,2754.0,0.0,0.0,0.0,1,546.0,0.0,0,2754.0,0.0,0.0,0.0,0.0,0.0,2
2023-05-09 23:08:00,cu2311C69000,cu2311C69000,2754.0,0.0,0.0,0.0,1,546.0,0.0,0,2754.0,0.0,0.0,0.0,0.0,0.0,2
2023-05-09 23:08:01,cu2311C69000,cu2311C69000,2754.0,0.0,0.0,0.0,2,548.0,0.0,0,2754.0,0.0,0.0,0.0,0.0,0.0,2
2023-05-09 23:08:01,cu2311C69000,cu2311C69000,2754.0,0.0,0.0,0.0,1,574.0,0.0,0,2754.0,0.0,0.0,0.0,0.0,0.0,2
2023-05-09 23:08:02,cu2311C69000,cu2311C69000,2754.0,0.0,0.0,0.0,1,600.0,0.0,0,2754.0,0.0,0.0,0.0,0.0,0.0,2
2023-05-09 23:08:02,cu2311C69000,cu2311C69000,2754.0,0.0,0.0,0.0,2,602.0,0.0,0,2754.0,0.0,0.0,0.0,0.0,0.0,2
2023-05-09 23:08:03,cu2311C69000,cu2311C69000,2754.0,0.0,0.0,0.0,1,628.0,0.0,0,2754.0,0.0,0.0,0.0,0.0,0.0,2
2023-05-09 23:08:03,cu2311C69000,cu2311C69000,2754.0,0.0,0.0,0.0,1,654.0,0.0,0,2754.0,0.0,0.0,0.0,0.0,0.0,2
2023-05-09 23:08:04,cu2311C69000,cu2311C69000,2754.0,0.0,0.0,0.0,1,668.0,0.0,0,2754.0,0.0,0.0,0.0,0.0,0.0,2
2023-05-09 23:08:04,cu2311C69000,cu2311C69000,2754.0,0.0,0.0,0.0,1,694.0,0.0,0,2754.0,0.0,0.0,0.0,0.0,0.0,2
2023-05-09 23:08:05,cu2311C69000,cu2311C69000,2754.0,0.0,0.0,0.0,1,696.0,0.0,0,2754.0,0.0,0.0,0.0,0.0,0.0,2
2023-05-09 23:08:05,cu2311C69000,cu2311C69000,2754.0,0.0,0.0,0.0,2,698.0,0.0,0,2754.0,0.0,0.0,0.0,0.0,0.0,2
2023-05-09 23:08:06,cu2311C69000,cu2311C69000,2754.0,0.0,0.0,0.0,1,724.0,0.0,0,2754.0,0.0,0.0,0.0,0.0,0.0,2
2023-05-09 23:08:06,cu2311C69000,cu2311C69000,2754.0,0.0,0.0,0.0,1,518.0,0.0,0,2754.0,0.0,0.0,0.0,0.0,0.0,2
2023-05-09 23:08:07,cu2311C69000,cu2311C69000,2754.0,0.0,0.0,0.0,2,520.0,0.0,0,2754.0,0.0,0.0,0.0,0.0,0.0,2
2023-05-09 23:08:07,cu2311C69000,cu2311C69000,2754.0,0.0,0.0,0.0,1,546.0,0.0,0,2754.0,0.0,0.0,0.0,0.0,0.0,2
2023-05-09 23:08:08,cu2311C69000,cu2311C69000,2754.0,0.0,0.0,0.0,1,572.0,0.0,0,2754.0,0.0,0.0,0.0,0.0,0.0,2
2023-05-09 23:08:08,cu2311C69000,cu2311C69000,2754.0,0.0,0.0,0.0,2,574.0,0.0,0,2754.0,0.0,0.0,0.0,0.0,0.0,2
2023-05-09 23:08:09,cu2311C69000,cu2311C69000,2754.0,0.0,0.0,0.0,1,600.0,0.0,0,2754.0,0.0,0.0,0.0,0.0,0.0,2
2023-05-09 23:08:09,cu2311C69000,cu2311C69000,2754.0,0.0,0.0,0.0,1,626.0,0.0,0,2754.0,0.0,0.0,0.0,0.0,0.0,2
2023-05-09 23:08:10,cu2311C69000,cu2311C69000,2754.0,0.0,0.0,0.0,1,652.0,0.0,0,2754.0,0.0,0.0,0.0,0.0,0.0,2
2023-05-09 23:08:10,cu2311C69000,cu2311C69000,2754.0,0.0,0.0,0.0,1,678.0,0.0,0,2754.0,0.0,0.0,0.0,0.0,0.0,2
2023-05-09 23:08:11,cu2311C69000,cu2311C69000,2754.0,0.0,0.0,0.0,1,692.0,0.0,0,2754.0,0.0,0.0,0.0,0.0,0.0,2
2023-05-09 23:08:11,cu2311C69000,cu2311C69000,2754.0,0.0,0.0,0.0,2,694.0,0.0,0,2754.0,0.0,0.0,0.0,0.0,0.0,2
2023-05-09 23:08:12,cu2311C69000,cu2311C69000,2754.0,0.0,0.0,0.0,1,720.0,0.0,0,2754.0,0.0,0.0,0.0,0.0,0.0,2
2023-05-09 23:08:12,cu2311C69000,cu2311C69000,2754.0,0.0,0.0,0.0,1,518.0,0.0,0,2754.0,0.0,0.0,0.0,0.0,0.0,2
2023-05-09 23:08:13,cu2311C69000,cu2311C69000,2754.0,0.0,0.0,0.0,2,520.0,0.0,0,2754.0,0.0,0.0,0.0,0.0,0.0,2
2023-05-09 23:08:13,cu2311C69000,cu2311C69000,2754.0,0.0,0.0,0.0,1,546.0,0.0,0,2754.0,0.0,0.0,0.0,0.0,0.0,2
2023-05-09 23:08:14,cu2311C69000,cu2311C69000,2754.0,0.0,0.0,0.0,1,546.0,0.0,0,2754.0,0.0,0.0,0.0,0.0,0.0,2
2023-05-09 23:08:14,cu2311C69000,cu2311C69000,2754.0,0.0,0.0,0.0,2,548.0,0.0,0,2754.0,0.0,0.0,0.0,0.0,0.0,2
2023-05-09 23:08:15,cu2311C69000,cu2311C69000,2754.0,0.0,0.0,0.0,1,574.0,0.0,0,2754.0,0.0,0.0,0.0,0.0,0.0,2
2023-05-09 23:08:15,cu2311C69000,cu2311C69000,2754.0,0.0,0.0,0.0,1,574.0,0.0,0,2754.0,0.0,0.0,0.0,0.0,0.0,2
2023-05-09 23:08:16,cu2311C69000,cu2311C69000,2754.0,0.0,0.0,0.0,2,576.0,0.0,0,2754.0,0.0,0.0,0.0,0.0,0.0,2
2023-05-09 23:08:16,cu2311C69000,cu2311C69000,2754.0,0.0,0.0,0.0,1,602.0,0.0,0,2754.0,0.0,0.0,0.0,0.0,0.0,2
2023-05-09 23:08:17,cu2311C69000,cu2311C69000,2754.0,0.0,0.0,0.0,1,602.0,0.0,0,2754.0,0.0,0.0,0.0,0.0,0.0,2
2023-05-09 23:08:17,cu2311C69000,cu2311C69000,2754.0,0.0,0.0,0.0,2,604.0,0.0,0,2754.0,0.0,0.0,0.0,0.0,0.0,2
2023-05-09 23:08:18,cu2311C69000,cu2311C69000,2754.0,0.0,0.0,0.0,1,630.0,0.0,0,2754.0,0.0,0.0,0.0,0.0,0.0,2
2023-05-09 23:08:19,cu2311C69000,cu2311C69000,2754.0,0.0,0.0,0.0,1,630.0,0.0,0,2754.0,0.0,0.0,0.0,0.0,0.0,2
2023-05-09 23:08:19,cu2311C69000,cu2311C69000,2754.0,0.0,0.0,0.0,2,632.0,0.0,0,2754.0,0.0,0.0,0.0,0.0,0.0,2
2023-05-09 23:08:20,cu2311C69000,cu2311C69000,2754.0,0.0,0.0,0.0,1,658.0,0.0,0,2754.0,0.0,0.0,0.0,0.0,0.0,2
2023-05-09 23:08:20,cu2311C69000,cu2311C69000,2754.0,0.0,0.0,0.0,1,658.0,0.0,0,2754.0,0.0,0.0,0.0,0.0,0.0,2
2023-05-09 23:08:21,cu2311C69000,cu2311C69000,2754.0,0.0,0.0,0.0,2,660.0,0.0,0,2754.0,0.0,0.0,0.0,0.0,0.0,2
2023-05-09 23:08:21,cu2311C69000,cu2311C69000,2754.0,0.0,0.0,0.0,1,686.0,0.0,0,2754.0,0.0,0.0,0.0,0.0,0.0,2
2023-05-09 23:08:22,cu2311C69000,cu2311C69000,2754.0,0.0,0.0,0.0,1,686.0,0.0,0,2754.0,0.0,0.0,0.0,0.0,0.0,2
2023-05-09 23:08:22,cu2311C69000,cu2311C69000,2754.0,0.0,0.0,0.0,2,688.0,0.0,0,2754.0,0.0,0.0,0.0,0.0,0.0,2
2023-05-09 23:08:23,cu2311C69000,cu2311C69000,2754.0,0.0,0.0,0.0,1,714.0,0.0,0,2754.0,0.0,0.0,0.0,0.0,0.0,2
2023-05-09 23:08:23,cu2311C69000,cu2311C69000,2754.0,0.0,0.0,0.0,1,714.0,0.0,0,2754.0,0.0,0.0,0.0,0.0,0.0,2
2023-05-09 23:08:24,cu2311C69000,cu2311C69000,2754.0,0.0,0.0,0.0,2,716.0,0.0,0,2754.0,0.0,0.0,0.0,0.0,0.0,2
2023-05-09 23:08:24,cu2311C69000,cu2311C69000,2754.0,0.0,0.0,0.0,1,742.0,0.0,0,2754.0,0.0,0.0,0.0,0.0,0.0,2
2023-05-09 23:08:25,cu2311C69000,cu2311C69000,2754.0,0.0,0.0,0.0,1,742.0,0.0,0,2754.0,0.0,0.0,0.0,0.0,0.0,2
2023-05-09 23:08:25,cu2311C69000,cu2311C69000,2754.0,0.0,0.0,0.0,2,744.0,0.0,0,2754.0,0.0,0.0,0.0,0.0,0.0,2
2023-05-09 23:08:26,cu2311C69000,cu2311C69000,2754.0,0.0,0.0,0.0,1,770.0,0.0,0,2754.0,0.0,0.0,0.0,0.0,0.0,2
2023-05-09 23:08:26,cu2311C69000,cu2311C69000,2754.0,0.0,0.0,0.0,1,770.0,0.0,0,2754.0,0.0,0.0,0.0,0.0,0.0,2
2023-05-09 23:08:27,cu2311C69000,cu2311C69000,2754.0,0.0,0.0,0.0,2,772.0,0.0,0,2754.0,0.0,0.0,0.0,0.0,0.0,2
2023-05-09 23:08:27,cu2311C69000,cu2311C69000,2754.0,0.0,0.0,0.0,1,798.0,0.0,0,2754.0,0.0,0.0,0.0,0.0,0.0,2
2023-05-09 23:08:28,cu2311C69000,cu2311C69000,2754.0,0.0,0.0,0.0,1,798.0,0.0,0,2754.0,0.0,0.0,0.0,0.0,0.0,2
2023-05-09 23:08:28,cu2311C69000,cu2311C69000,2754.0,0.0,0.0,0.0,2,800.0,0.0,0,2754.0,0.0,0.0,0.0,0.0,0.0,2
2023-05-09 23:08:29,cu2311C69000,cu2311C69000,2754.0,0.0,0.0,0.0,1,826.0,0.0,0,2754.0,0.0,0.0,0.0,0.0,0.0,2
2023-05-09 23:08:29,cu2311C69000,cu2311C69000,2754.0,0.0,0.0,0.0,1,826.0,0.0,0,2754.0,0.0,0.0,0.0,0.0,0.0,2
2023-05-09 23:08:30,cu2311C69000,cu2311C69000,2754.0,0.0,0.0,0.0,2,828.0,0.0,0,2754.0,0.0,0.0,0.0,0.0,0.0,2
2023-05-09 23:08:30,cu2311C69000,cu2311C69000,2754.0,0.0,0.0,0.0,1,854.0,0.0,0,2754.0,0.0,0.0,0.0,0.0,0.0,2
2023-05-09 23:08:31,cu2311C69000,cu2311C69000,2754.0,0.0,0.0,0.0,1,854.0,0.0,0,2754.0,0.0,0.0,0.0,0.0,0.0,2
2023-05-09 23:08:31,cu2311C69000,cu2311C69000,2754.0,0.0,0.0,0.0,2,856.0,0.0,0,2754.0,0.0,0.0,0.0,0.0,0.0,2
2023-05-09 23:08:32,cu2311C69000,cu2311C69000,2754.0,0.0,0.0,0.0,1,870.0,0.0,0,2754.0,0.0,0.0,0.0,0.0,0.0,2
2023-05-09 23:08:32,cu2311C69000,cu2311C69000,2754.0,0.0,0.0,0.0,1,870.0,0.0,0,2754.0,0.0,0.0,0.0,0.0,0.0,2
2023-05-09 23:08:33,cu2311C69000,cu2311C69000,2754.0,0.0,0.0,0.0,2,872.0,0.0,0,2754.0,0.0,0.0,0.0,0.0,0.0,2
2023-05-09 23:08:33,cu2311C69000,cu2311C69000,2754.0,0.0,0.0,0.0,1,886.0,0.0,0,2754.0,0.0,0.0,0.0,0.0,0.0,2
2023-05-09 23:08:36,cu2311C69000,cu2311C69000,2754.0,0.0,0.0,0.0,1,886.0,0.0,0,2754.0,0.0,0.0,0.0,0.0,0.0,2
2023-05-09 23:08:36,cu2311C69000,cu2311C69000,2754.0,0.0,0.0,0.0,2,888.0,0.0,0,2754.0,0.0,0.0,0.0,0.0,0.0,2
2023-05-09 23:08:37,cu2311C69000,cu2311C69000,2754.0,0.0,0.0,0.0,1,890.0,0.0,0,2754.0,0.0,0.0,0.0,0.0,0.0,2
2023-05-09 23:08:38,cu2311C69000,cu2311C69000,2754.0,0.0,0.0,0.0,1,890.0,0.0,0,2754.0,0.0,0.0,0.0,0.0,0.0,2
2023-05-09 23:08:39,cu2311C69000,cu2311C69000,2754.0,0.0,0.0,0.0,2,892.0,0.0,0,2754.0,0.0,0.0,0.0,0.0,0.0,2
2023-05-09 23:08:39,cu2311C69000,cu2311C69000,2754.0,0.0,0.0,0.0,1,894.0,0.0,0,2754.0,0.0,0.0,0.0,0.0,0.0,2
2023-05-09 23:08:43,cu2311C69000,cu2311C69000,2754.0,0.0,0.0,0.0,1,894.0,0.0,0,2754.0,0.0,0.0,0.0,0.0,0.0,2
2023-05-09 23:08:44,cu2311C69000,cu2311C69000,2754.0,0.0,0.0,0.0,2,896.0,0.0,0,2754.0,0.0,0.0,0.0,0.0,0.0,2
2023-05-09 23:08:44,cu2311C69000,cu2311C69000,2754.0,0.0,0.0,0.0,1,898.0,0.0,0,2754.0,0.0,0.0,0.0,0.0,0.0,2
2023-05-09 23:08:46,cu2311C69000,cu2311C69000,2754.0,0.0,0.0,0.0,1,898.0,0.0,0,2754.0,0.0,0.0,0.0,0.0,0.0,2
2023-05-09 23:08:47,cu2311C69000,cu2311C69000,2754.0,0.0,0.0,0.0,2,900.0,0.0,0,2754.0,0.0,0.0,0.0,0.0,0.0,2
2023-05-09 23:08:47,cu2311C69000,cu2311C69000,2754.0,0.0,0.0,0.0,2,900.0,0.0,0,2754.0,0.0,0.0,0.0,0.0,0.0,2
2023-05-09 23:43:52,cu2311C69000,cu2311C69000,2754.0,0.0,0.0,0.0,1,926.0,0.0,0,2754.0,0.0,0.0,0.0,0.0,0.0,2
2023-05-09 23:43:53,cu2311C69000,cu2311C69000,2754.0,0.0,0.0,0.0,1,926.0,0.0,0,2754.0,0.0,0.0,0.0,0.0,0.0,2
2023-05-09 23:43:53,cu2311C69000,cu2311C69000,2754.0,0.0,0.0,0.0,2,928.0,0.0,0,2754.0,0.0,0.0,0.0,0.0,0.0,2
2023-05-09 23:43:54,cu2311C69000,cu2311C69000,2754.0,0.0,0.0,0.0,1,954.0,0.0,0,2754.0,0.0,0.0,0.0,0.0,0.0,2
2023-05-09 23:43:56,cu2311C69000,cu2311C69000,2754.0,0.0,0.0,0.0,1,954.0,0.0,0,2754.0,0.0,0.0,0.0,0.0,0.0,2
2023-05-09 23:43:57,cu2311C69000,cu2311C69000,2754.0,0.0,0.0,0.0,1,2278.0,2334.0,1,2754.0,0.0,0.0,0.0,0.0,0.0,2
2023-05-09 23:43:57,cu2311C69000,cu2311C69000,2754.0,0.0,0.0,0.0,1,2278.0,2334.0,1,2754.0,0.0,0.0,0.0,0.0,0.0,2
2023-05-09 23:43:58,cu2311C69000,cu2311C69000,2754.0,0.0,0.0,0.0,1,2278.0,2334.0,1,2754.0,0.0,0.0,0.0,0.0,0.0,2
2023-05-09 23:43:58,cu2311C69000,cu2311C69000,2754.0,0.0,0.0,0.0,1,2278.0,2334.0,1,2754.0,0.0,0.0,0.0,0.0,0.0,2
2023-05-09 23:43:59,cu2311C69000,cu2311C69000,2754.0,0.0,0.0,0.0,1,2278.0,2318.0,1,2754.0,0.0,0.0,0.0,0.0,0.0,2
2023-05-09 23:43:59,cu2311C69000,cu2311C69000,2754.0,0.0,0.0,0.0,2,2278.0,2318.0,2,2754.0,0.0,0.0,0.0,0.0,0.0,2
2023-05-09 23:44:00,cu2311C69000,cu2311C69000,2754.0,0.0,0.0,0.0,2,2278.0,2318.0,2,2754.0,0.0,0.0,0.0,0.0,0.0,2
2023-05-09 23:44:01,cu2311C69000,cu2311C69000,2754.0,0.0,0.0,0.0,2,2278.0,2318.0,3,2754.0,0.0,0.0,0.0,0.0,0.0,2
2023-05-09 23:44:02,cu2311C69000,cu2311C69000,2754.0,0.0,0.0,0.0,2,2278.0,2318.0,3,2754.0,0.0,0.0,0.0,0.0,0.0,2
2023-05-09 23:44:02,cu2311C69000,cu2311C69000,2754.0,0.0,0.0,0.0,2,2278.0,2318.0,4,2754.0,0.0,0.0,0.0,0.0,0.0,2
2023-05-09 23:44:03,cu2311C69000,cu2311C69000,2754.0,0.0,0.0,0.0,3,2278.0,2318.0,5,2754.0,0.0,0.0,0.0,0.0,0.0,2
2023-05-09 23:44:08,cu2311C69000,cu2311C69000,2754.0,0.0,0.0,0.0,2,2278.0,2318.0,5,2754.0,0.0,0.0,0.0,0.0,0.0,2
2023-05-09 23:44:09,cu2311C69000,cu2311C69000,2754.0,0.0,0.0,0.0,1,2278.0,2318.0,4,2754.0,0.0,0.0,0.0,0.0,0.0,2
2023-05-09 23:44:10,cu2311C69000,cu2311C69000,2754.0,0.0,0.0,0.0,1,2278.0,2318.0,3,2754.0,0.0,0.0,0.0,0.0,0.0,2
2023-05-09 23:44:10,cu2311C69000,cu2311C69000,2754.0,0.0,0.0,0.0,1,2278.0,2318.0,3,2754.0,0.0,0.0,0.0,0.0,0.0,2
2023-05-09 23:44:11,cu2311C69000,cu2311C69000,2754.0,0.0,0.0,0.0,1,2278.0,2318.0,3,2754.0,0.0,0.0,0.0,0.0,0.0,2
2023-05-09 23:44:11,cu2311C69000,cu2311C69000,2754.0,0.0,0.0,0.0,1,2278.0,2318.0,3,2754.0,0.0,0.0,0.0,0.0,0.0,2
2023-05-09 23:44:12,cu2311C69000,cu2311C69000,2754.0,0.0,0.0,0.0,1,2278.0,2318.0,3,2754.0,0.0,0.0,0.0,0.0,0.0,2
2023-05-09 23:44:13,cu2311C69000,cu2311C69000,2754.0,0.0,0.0,0.0,1,2278.0,2318.0,2,2754.0,0.0,0.0,0.0,0.0,0.0,2
2023-05-09 23:44:14,cu2311C69000,cu2311C69000,2754.0,0.0,0.0,0.0,1,2182.0,2318.0,1,2754.0,0.0,0.0,0.0,0.0,0.0,2
2023-05-09 23:44:17,cu2311C69000,cu2311C69000,2754.0,0.0,0.0,0.0,1,518.0,0.0,0,2754.0,0.0,0.0,0.0,0.0,0.0,2
2023-05-09 23:44:18,cu2311C69000,cu2311C69000,2754.0,0.0,0.0,0.0,1,544.0,0.0,0,2754.0,0.0,0.0,0.0,0.0,0.0,2
2023-05-09 23:44:18,cu2311C69000,cu2311C69000,2754.0,0.0,0.0,0.0,1,544.0,0.0,0,2754.0,0.0,0.0,0.0,0.0,0.0,2
2023-05-09 23:44:19,cu2311C69000,cu2311C69000,2754.0,0.0,0.0,0.0,2,546.0,0.0,0,2754.0,0.0,0.0,0.0,0.0,0.0,2
2023-05-09 23:44:19,cu2311C69000,cu2311C69000,2754.0,0.0,0.0,0.0,2,546.0,0.0,0,2754.0,0.0,0.0,0.0,0.0,0.0,2
2023-05-09 23:46:18,cu2311C69000,cu2311C69000,2754.0,0.0,0.0,0.0,1,548.0,0.0,0,2754.0,0.0,0.0,0.0,0.0,0.0,2
2023-05-09 23:46:19,cu2311C69000,cu2311C69000,2754.0,0.0,0.0,0.0,1,518.0,0.0,0,2754.0,0.0,0.0,0.0,0.0,0.0,2
2023-05-09 23:46:19,cu2311C69000,cu2311C69000,2754.0,0.0,0.0,0.0,2,520.0,0.0,0,2754.0,0.0,0.0,0.0,0.0,0.0,2
2023-05-09 23:46:21,cu2311C69000,cu2311C69000,2754.0,0.0,0.0,0.0,1,534.0,0.0,0,2754.0,0.0,0.0,0.0,0.0,0.0,2
2023-05-09 23:46:22,cu2311C69000,cu2311C69000,2754.0,0.0,0.0,0.0,1,518.0,0.0,0,2754.0,0.0,0.0,0.0,0.0,0.0,2
2023-05-09 23:46:22,cu2311C69000,cu2311C69000,2754.0,0.0,0.0,0.0,2,520.0,0.0,0,2754.0,0.0,0.0,0.0,0.0,0.0,2
2023-05-09 23:46:26,cu2311C69000,cu2311C69000,2754.0,0.0,0.0,0.0,1,534.0,0.0,0,2754.0,0.0,0.0,0.0,0.0,0.0,2
2023-05-09 23:46:27,cu2311C69000,cu2311C69000,2754.0,0.0,0.0,0.0,1,518.0,0.0,0,2754.0,0.0,0.0,0.0,0.0,0.0,2
2023-05-09 23:46:27,cu2311C69000,cu2311C69000,2754.0,0.0,0.0,0.0,2,520.0,0.0,0,2754.0,0.0,0.0,0.0,0.0,0.0,2
2023-05-09 23:46:28,cu2311C69000,cu2311C69000,2754.0,0.0,0.0,0.0,1,534.0,0.0,0,2754.0,0.0,0.0,0.0,0.0,0.0,2
2023-05-09 23:46:28,cu2311C69000,cu2311C69000,2754.0,0.0,0.0,0.0,1,518.0,0.0,0,2754.0,0.0,0.0,0.0,0.0,0.0,2
2023-05-09 23:46:29,cu2311C69000,cu2311C69000,2754.0,0.0,0.0,0.0,2,520.0,0.0,0,2754.0,0.0,0.0,0.0,0.0,0.0,2
2023-05-09 23:46:29,cu2311C69000,cu2311C69000,2754.0,0.0,0.0,0.0,1,546.0,0.0,0,2754.0,0.0,0.0,0.0,0.0,0.0,2
2023-05-09 23:46:30,cu2311C69000,cu2311C69000,2754.0,0.0,0.0,0.0,1,518.0,0.0,0,2754.0,0.0,0.0,0.0,0.0,0.0,2
2023-05-09 23:46:30,cu2311C69000,cu2311C69000,2754.0,0.0,0.0,0.0,2,520.0,0.0,0,2754.0,0.0,0.0,0.0,0.0,0.0,2
2023-05-09 23:46:31,cu2311C69000,cu2311C69000,2754.0,0.0,0.0,0.0,1,546.0,0.0,0,2754.0,0.0,0.0,0.0,0.0,0.0,2
2023-05-09 23:46:31,cu2311C69000,cu2311C69000,2754.0,0.0,0.0,0.0,1,518.0,0.0,0,2754.0,0.0,0.0,0.0,0.0,0.0,2
2023-05-09 23:46:32,cu2311C69000,cu2311C69000,2754.0,0.0,0.0,0.0,2,520.0,0.0,0,2754.0,0.0,0.0,0.0,0.0,0.0,2
2023-05-09 23:46:32,cu2311C69000,cu2311C69000,2754.0,0.0,0.0,0.0,1,546.0,0.0,0,2754.0,0.0,0.0,0.0,0.0,0.0,2
2023-05-09 23:46:33,cu2311C69000,cu2311C69000,2754.0,0.0,0.0,0.0,1,518.0,0.0,0,2754.0,0.0,0.0,0.0,0.0,0.0,2
2023-05-09 23:46:33,cu2311C69000,cu2311C69000,2754.0,0.0,0.0,0.0,2,520.0,0.0,0,2754.0,0.0,0.0,0.0,0.0,0.0,2
2023-05-09 23:46:34,cu2311C69000,cu2311C69000,2754.0,0.0,0.0,0.0,1,546.0,0.0,0,2754.0,0.0,0.0,0.0,0.0,0.0,2
2023-05-09 23:46:34,cu2311C69000,cu2311C69000,2754.0,0.0,0.0,0.0,1,518.0,0.0,0,2754.0,0.0,0.0,0.0,0.0,0.0,2
2023-05-09 23:46:35,cu2311C69000,cu2311C69000,2754.0,0.0,0.0,0.0,2,520.0,0.0,0,2754.0,0.0,0.0,0.0,0.0,0.0,2
2023-05-09 23:46:35,cu2311C69000,cu2311C69000,2754.0,0.0,0.0,0.0,1,546.0,0.0,0,2754.0,0.0,0.0,0.0,0.0,0.0,2
2023-05-09 23:46:36,cu2311C69000,cu2311C69000,2754.0,0.0,0.0,0.0,1,518.0,0.0,0,2754.0,0.0,0.0,0.0,0.0,0.0,2
2023-05-09 23:46:36,cu2311C69000,cu2311C69000,2754.0,0.0,0.0,0.0,2,520.0,0.0,0,2754.0,0.0,0.0,0.0,0.0,0.0,2
2023-05-09 23:46:37,cu2311C69000,cu2311C69000,2754.0,0.0,0.0,0.0,1,546.0,0.0,0,2754.0,0.0,0.0,0.0,0.0,0.0,2
2023-05-09 23:46:37,cu2311C69000,cu2311C69000,2754.0,0.0,0.0,0.0,1,518.0,0.0,0,2754.0,0.0,0.0,0.0,0.0,0.0,2
2023-05-09 23:46:38,cu2311C69000,cu2311C69000,2754.0,0.0,0.0,0.0,2,520.0,0.0,0,2754.0,0.0,0.0,0.0,0.0,0.0,2
2023-05-09 23:46:42,cu2311C69000,cu2311C69000,2754.0,0.0,0.0,0.0,1,546.0,0.0,0,2754.0,0.0,0.0,0.0,0.0,0.0,2
2023-05-09 23:46:42,cu2311C69000,cu2311C69000,2754.0,0.0,0.0,0.0,1,518.0,0.0,0,2754.0,0.0,0.0,0.0,0.0,0.0,2
2023-05-09 23:46:43,cu2311C69000,cu2311C69000,2754.0,0.0,0.0,0.0,2,520.0,0.0,0,2754.0,0.0,0.0,0.0,0.0,0.0,2
2023-05-09 23:46:44,cu2311C69000,cu2311C69000,2754.0,0.0,0.0,0.0,1,546.0,0.0,0,2754.0,0.0,0.0,0.0,0.0,0.0,2
2023-05-09 23:46:44,cu2311C69000,cu2311C69000,2754.0,0.0,0.0,0.0,1,518.0,0.0,0,2754.0,0.0,0.0,0.0,0.0,0.0,2
2023-05-09 23:46:45,cu2311C69000,cu2311C69000,2754.0,0.0,0.0,0.0,2,520.0,0.0,0,2754.0,0.0,0.0,0.0,0.0,0.0,2
2023-05-09 23:46:47,cu2311C69000,cu2311C69000,2754.0,0.0,0.0,0.0,1,546.0,0.0,0,2754.0,0.0,0.0,0.0,0.0,0.0,2
2023-05-09 23:46:47,cu2311C69000,cu2311C69000,2754.0,0.0,0.0,0.0,1,518.0,0.0,0,2754.0,0.0,0.0,0.0,0.0,0.0,2
2023-05-09 23:46:48,cu2311C69000,cu2311C69000,2754.0,0.0,0.0,0.0,2,520.0,0.0,0,2754.0,0.0,0.0,0.0,0.0,0.0,2
2023-05-09 23:46:52,cu2311C69000,cu2311C69000,2754.0,0.0,0.0,0.0,1,546.0,0.0,0,2754.0,0.0,0.0,0.0,0.0,0.0,2
2023-05-09 23:46:52,cu2311C69000,cu2311C69000,2754.0,0.0,0.0,0.0,1,518.0,0.0,0,2754.0,0.0,0.0,0.0,0.0,0.0,2
2023-05-09 23:46:53,cu2311C69000,cu2311C69000,2754.0,0.0,0.0,0.0,2,520.0,0.0,0,2754.0,0.0,0.0,0.0,0.0,0.0,2
2023-05-09 23:46:58,cu2311C69000,cu2311C69000,2754.0,0.0,0.0,0.0,1,546.0,0.0,0,2754.0,0.0,0.0,0.0,0.0,0.0,2
2023-05-09 23:46:58,cu2311C69000,cu2311C69000,2754.0,0.0,0.0,0.0,1,518.0,0.0,0,2754.0,0.0,0.0,0.0,0.0,0.0,2
2023-05-09 23:46:59,cu2311C69000,cu2311C69000,2754.0,0.0,0.0,0.0,2,520.0,0.0,0,2754.0,0.0,0.0,0.0,0.0,0.0,2
2023-05-09 23:46:59,cu2311C69000,cu2311C69000,2754.0,0.0,0.0,0.0,1,546.0,0.0,0,2754.0,0.0,0.0,0.0,0.0,0.0,2
2023-05-09 23:47:00,cu2311C69000,cu2311C69000,2754.0,0.0,0.0,0.0,2,520.0,0.0,0,2754.0,0.0,0.0,0.0,0.0,0.0,2
2023-05-09 23:47:00,cu2311C69000,cu2311C69000,2754.0,0.0,0.0,0.0,1,518.0,0.0,0,2754.0,0.0,0.0,0.0,0.0,0.0,2
2023-05-09 23:47:01,cu2311C69000,cu2311C69000,2754.0,0.0,0.0,0.0,2,520.0,0.0,0,2754.0,0.0,0.0,0.0,0.0,0.0,2
2023-05-09 23:47:01,cu2311C69000,cu2311C69000,2754.0,0.0,0.0,0.0,1,546.0,0.0,0,2754.0,0.0,0.0,0.0,0.0,0.0,2
2023-05-09 23:47:02,cu2311C69000,cu2311C69000,2754.0,0.0,0.0,0.0,1,518.0,0.0,0,2754.0,0.0,0.0,0.0,0.0,0.0,2
2023-05-09 23:47:02,cu2311C69000,cu2311C69000,2754.0,0.0,0.0,0.0,2,520.0,0.0,0,2754.0,0.0,0.0,0.0,0.0,0.0,2
2023-05-09 23:47:03,cu2311C69000,cu2311C69000,2754.0,0.0,0.0,0.0,1,546.0,0.0,0,2754.0,0.0,0.0,0.0,0.0,0.0,2
2023-05-09 23:47:03,cu2311C69000,cu2311C69000,2754.0,0.0,0.0,0.0,2,520.0,0.0,0,2754.0,0.0,0.0,0.0,0.0,0.0,2
2023-05-09 23:47:06,cu2311C69000,cu2311C69000,2754.0,0.0,0.0,0.0,1,546.0,0.0,0,2754.0,0.0,0.0,0.0,0.0,0.0,2
2023-05-09 23:47:07,cu2311C69000,cu2311C69000,2754.0,0.0,0.0,0.0,1,518.0,0.0,0,2754.0,0.0,0.0,0.0,0.0,0.0,2
2023-05-09 23:47:07,cu2311C69000,cu2311C69000,2754.0,0.0,0.0,0.0,2,520.0,0.0,0,2754.0,0.0,0.0,0.0,0.0,0.0,2
2023-05-09 23:47:09,cu2311C69000,cu2311C69000,2754.0,0.0,0.0,0.0,1,546.0,0.0,0,2754.0,0.0,0.0,0.0,0.0,0.0,2
2023-05-09 23:47:10,cu2311C69000,cu2311C69000,2754.0,0.0,0.0,0.0,1,518.0,0.0,0,2754.0,0.0,0.0,0.0,0.0,0.0,2
2023-05-09 23:47:10,cu2311C69000,cu2311C69000,2754.0,0.0,0.0,0.0,2,520.0,0.0,0,2754.0,0.0,0.0,0.0,0.0,0.0,2
2023-05-09 23:47:12,cu2311C69000,cu2311C69000,2754.0,0.0,0.0,0.0,1,546.0,0.0,0,2754.0,0.0,0.0,0.0,0.0,0.0,2
2023-05-09 23:47:13,cu2311C69000,cu2311C69000,2754.0,0.0,0.0,0.0,1,518.0,0.0,0,2754.0,0.0,0.0,0.0,0.0,0.0,2
2023-05-09 23:47:13,cu2311C69000,cu2311C69000,2754.0,0.0,0.0,0.0,2,520.0,0.0,0,2754.0,0.0,0.0,0.0,0.0,0.0,2
2023-05-09 23:47:16,cu2311C69000,cu2311C69000,2754.0,0.0,0.0,0.0,1,546.0,0.0,0,2754.0,0.0,0.0,0.0,0.0,0.0,2
2023-05-09 23:47:16,cu2311C69000,cu2311C69000,2754.0,0.0,0.0,0.0,1,518.0,0.0,0,2754.0,0.0,0.0,0.0,0.0,0.0,2
2023-05-09 23:47:17,cu2311C69000,cu2311C69000,2754.0,0.0,0.0,0.0,2,520.0,0.0,0,2754.0,0.0,0.0,0.0,0.0,0.0,2
2023-05-09 23:47:17,cu2311C69000,cu2311C69000,2754.0,0.0,0.0,0.0,1,546.0,0.0,0,2754.0,0.0,0.0,0.0,0.0,0.0,2
2023-05-09 23:47:18,cu2311C69000,cu2311C69000,2754.0,0.0,0.0,0.0,1,518.0,0.0,0,2754.0,0.0,0.0,0.0,0.0,0.0,2
2023-05-09 23:47:18,cu2311C69000,cu2311C69000,2754.0,0.0,0.0,0.0,2,520.0,0.0,0,2754.0,0.0,0.0,0.0,0.0,0.0,2
2023-05-09 23:47:19,cu2311C69000,cu2311C69000,2754.0,0.0,0.0,0.0,1,546.0,0.0,0,2754.0,0.0,0.0,0.0,0.0,0.0,2
2023-05-09 23:47:19,cu2311C69000,cu2311C69000,2754.0,0.0,0.0,0.0,1,518.0,0.0,0,2754.0,0.0,0.0,0.0,0.0,0.0,2
2023-05-09 23:47:20,cu2311C69000,cu2311C69000,2754.0,0.0,0.0,0.0,2,520.0,0.0,0,2754.0,0.0,0.0,0.0,0.0,0.0,2
2023-05-09 23:47:20,cu2311C69000,cu2311C69000,2754.0,0.0,0.0,0.0,1,546.0,0.0,0,2754.0,0.0,0.0,0.0,0.0,0.0,2
2023-05-09 23:47:21,cu2311C69000,cu2311C69000,2754.0,0.0,0.0,0.0,2,520.0,0.0,0,2754.0,0.0,0.0,0.0,0.0,0.0,2
2023-05-09 23:47:25,cu2311C69000,cu2311C69000,2754.0,0.0,0.0,0.0,1,546.0,0.0,0,2754.0,0.0,0.0,0.0,0.0,0.0,2
2023-05-09 23:47:26,cu2311C69000,cu2311C69000,2754.0,0.0,0.0,0.0,1,518.0,0.0,0,2754.0,0.0,0.0,0.0,0.0,0.0,2
2023-05-09 23:47:26,cu2311C69000,cu2311C69000,2754.0,0.0,0.0,0.0,2,520.0,0.0,0,2754.0,0.0,0.0,0.0,0.0,0.0,2
2023-05-09 23:47:28,cu2311C69000,cu2311C69000,2754.0,0.0,0.0,0.0,1,546.0,0.0,0,2754.0,0.0,0.0,0.0,0.0,0.0,2
2023-05-09 23:47:29,cu2311C69000,cu2311C69000,2754.0,0.0,0.0,0.0,1,518.0,0.0,0,2754.0,0.0,0.0,0.0,0.0,0.0,2
2023-05-09 23:47:29,cu2311C69000,cu2311C69000,2754.0,0.0,0.0,0.0,2,520.0,0.0,0,2754.0,0.0,0.0,0.0,0.0,0.0,2
2023-05-09 23:47:30,cu2311C69000,cu2311C69000,2754.0,0.0,0.0,0.0,1,546.0,0.0,0,2754.0,0.0,0.0,0.0,0.0,0.0,2
2023-05-09 23:47:30,cu2311C69000,cu2311C69000,2754.0,0.0,0.0,0.0,1,518.0,0.0,0,2754.0,0.0,0.0,0.0,0.0,0.0,2
2023-05-09 23:47:31,cu2311C69000,cu2311C69000,2754.0,0.0,0.0,0.0,2,520.0,0.0,0,2754.0,0.0,0.0,0.0,0.0,0.0,2
2023-05-09 23:47:31,cu2311C69000,cu2311C69000,2754.0,0.0,0.0,0.0,1,546.0,0.0,0,2754.0,0.0,0.0,0.0,0.0,0.0,2
2023-05-09 23:47:32,cu2311C69000,cu2311C69000,2754.0,0.0,0.0,0.0,2,520.0,0.0,0,2754.0,0.0,0.0,0.0,0.0,0.0,2
2023-05-09 23:47:32,cu2311C69000,cu2311C69000,2754.0,0.0,0.0,0.0,1,518.0,0.0,0,2754.0,0.0,0.0,0.0,0.0,0.0,2
2023-05-09 23:47:33,cu2311C69000,cu2311C69000,2754.0,0.0,0.0,0.0,2,520.0,0.0,0,2754.0,0.0,0.0,0.0,0.0,0.0,2
2023-05-09 23:47:33,cu2311C69000,cu2311C69000,2754.0,0.0,0.0,0.0,1,546.0,0.0,0,2754.0,0.0,0.0,0.0,0.0,0.0,2
2023-05-09 23:47:34,cu2311C69000,cu2311C69000,2754.0,0.0,0.0,0.0,2,520.0,0.0,0,2754.0,0.0,0.0,0.0,0.0,0.0,2
2023-05-09 23:47:34,cu2311C69000,cu2311C69000,2754.0,0.0,0.0,0.0,1,518.0,0.0,0,2754.0,0.0,0.0,0.0,0.0,0.0,2
2023-05-09 23:47:35,cu2311C69000,cu2311C69000,2754.0,0.0,0.0,0.0,2,520.0,0.0,0,2754.0,0.0,0.0,0.0,0.0,0.0,2
2023-05-09 23:47:35,cu2311C69000,cu2311C69000,2754.0,0.0,0.0,0.0,1,546.0,0.0,0,2754.0,0.0,0.0,0.0,0.0,0.0,2
2023-05-09 23:47:36,cu2311C69000,cu2311C69000,2754.0,0.0,0.0,0.0,1,518.0,0.0,0,2754.0,0.0,0.0,0.0,0.0,0.0,2
2023-05-09 23:47:36,cu2311C69000,cu2311C69000,2754.0,0.0,0.0,0.0,2,520.0,0.0,0,2754.0,0.0,0.0,0.0,0.0,0.0,2
2023-05-09 23:47:37,cu2311C69000,cu2311C69000,2754.0,0.0,0.0,0.0,1,546.0,0.0,0,2754.0,0.0,0.0,0.0,0.0,0.0,2
2023-05-09 23:47:37,cu2311C69000,cu2311C69000,2754.0,0.0,0.0,0.0,1,518.0,0.0,0,2754.0,0.0,0.0,0.0,0.0,0.0,2
2023-05-09 23:47:38,cu2311C69000,cu2311C69000,2754.0,0.0,0.0,0.0,2,520.0,0.0,0,2754.0,0.0,0.0,0.0,0.0,0.0,2
2023-05-09 23:47:38,cu2311C69000,cu2311C69000,2754.0,0.0,0.0,0.0,1,546.0,0.0,0,2754.0,0.0,0.0,0.0,0.0,0.0,2
2023-05-09 23:47:39,cu2311C69000,cu2311C69000,2754.0,0.0,0.0,0.0,2,520.0,0.0,0,2754.0,0.0,0.0,0.0,0.0,0.0,2
2023-05-09 23:47:39,cu2311C69000,cu2311C69000,2754.0,0.0,0.0,0.0,1,518.0,0.0,0,2754.0,0.0,0.0,0.0,0.0,0.0,2
2023-05-09 23:47:40,cu2311C69000,cu2311C69000,2754.0,0.0,0.0,0.0,2,520.0,0.0,0,2754.0,0.0,0.0,0.0,0.0,0.0,2
2023-05-09 23:47:42,cu2311C69000,cu2311C69000,2754.0,0.0,0.0,0.0,1,546.0,0.0,0,2754.0,0.0,0.0,0.0,0.0,0.0,2
2023-05-09 23:47:43,cu2311C69000,cu2311C69000,2754.0,0.0,0.0,0.0,1,518.0,0.0,0,2754.0,0.0,0.0,0.0,0.0,0.0,2
2023-05-09 23:47:43,cu2311C69000,cu2311C69000,2754.0,0.0,0.0,0.0,2,520.0,0.0,0,2754.0,0.0,0.0,0.0,0.0,0.0,2
2023-05-09 23:47:44,cu2311C69000,cu2311C69000,2754.0,0.0,0.0,0.0,1,546.0,0.0,0,2754.0,0.0,0.0,0.0,0.0,0.0,2
2023-05-09 23:47:46,cu2311C69000,cu2311C69000,2754.0,0.0,0.0,0.0,1,546.0,0.0,0,2754.0,0.0,0.0,0.0,0.0,0.0,2
2023-05-09 23:47:46,cu2311C69000,cu2311C69000,2754.0,0.0,0.0,0.0,2,548.0,0.0,0,2754.0,0.0,0.0,0.0,0.0,0.0,2
2023-05-09 23:47:47,cu2311C69000,cu2311C69000,2754.0,0.0,0.0,0.0,1,574.0,0.0,0,2754.0,0.0,0.0,0.0,0.0,0.0,2
2023-05-09 23:47:47,cu2311C69000,cu2311C69000,2754.0,0.0,0.0,0.0,1,574.0,0.0,0,2754.0,0.0,0.0,0.0,0.0,0.0,2
2023-05-09 23:47:48,cu2311C69000,cu2311C69000,2754.0,0.0,0.0,0.0,2,576.0,0.0,0,2754.0,0.0,0.0,0.0,0.0,0.0,2
2023-05-09 23:47:48,cu2311C69000,cu2311C69000,2754.0,0.0,0.0,0.0,1,602.0,0.0,0,2754.0,0.0,0.0,0.0,0.0,0.0,2
2023-05-09 23:47:49,cu2311C69000,cu2311C69000,2754.0,0.0,0.0,0.0,1,602.0,0.0,0,2754.0,0.0,0.0,0.0,0.0,0.0,2
2023-05-09 23:47:49,cu2311C69000,cu2311C69000,2754.0,0.0,0.0,0.0,2,604.0,0.0,0,2754.0,0.0,0.0,0.0,0.0,0.0,2
2023-05-09 23:47:50,cu2311C69000,cu2311C69000,2754.0,0.0,0.0,0.0,1,630.0,0.0,0,2754.0,0.0,0.0,0.0,0.0,0.0,2
2023-05-09 23:47:50,cu2311C69000,cu2311C69000,2754.0,0.0,0.0,0.0,1,630.0,0.0,0,2754.0,0.0,0.0,0.0,0.0,0.0,2
2023-05-09 23:47:51,cu2311C69000,cu2311C69000,2754.0,0.0,0.0,0.0,2,632.0,0.0,0,2754.0,0.0,0.0,0.0,0.0,0.0,2
2023-05-09 23:47:51,cu2311C69000,cu2311C69000,2754.0,0.0,0.0,0.0,1,658.0,0.0,0,2754.0,0.0,0.0,0.0,0.0,0.0,2
2023-05-09 23:47:52,cu2311C69000,cu2311C69000,2754.0,0.0,0.0,0.0,1,658.0,0.0,0,2754.0,0.0,0.0,0.0,0.0,0.0,2
2023-05-09 23:47:52,cu2311C69000,cu2311C69000,2754.0,0.0,0.0,0.0,2,660.0,0.0,0,2754.0,0.0,0.0,0.0,0.0,0.0,2
2023-05-09 23:47:53,cu2311C69000,cu2311C69000,2754.0,0.0,0.0,0.0,1,686.0,0.0,0,2754.0,0.0,0.0,0.0,0.0,0.0,2
2023-05-09 23:47:53,cu2311C69000,cu2311C69000,2754.0,0.0,0.0,0.0,1,686.0,0.0,0,2754.0,0.0,0.0,0.0,0.0,0.0,2
2023-05-09 23:47:54,cu2311C69000,cu2311C69000,2754.0,0.0,0.0,0.0,2,688.0,0.0,0,2754.0,0.0,0.0,0.0,0.0,0.0,2
2023-05-09 23:47:54,cu2311C69000,cu2311C69000,2754.0,0.0,0.0,0.0,1,702.0,0.0,0,2754.0,0.0,0.0,0.0,0.0,0.0,2
2023-05-09 23:47:58,cu2311C69000,cu2311C69000,2754.0,0.0,0.0,0.0,1,702.0,0.0,0,2754.0,0.0,0.0,0.0,0.0,0.0,2
2023-05-09 23:47:58,cu2311C69000,cu2311C69000,2754.0,0.0,0.0,0.0,2,704.0,0.0,0,2754.0,0.0,0.0,0.0,0.0,0.0,2
2023-05-09 23:47:59,cu2311C69000,cu2311C69000,2754.0,0.0,0.0,0.0,2,704.0,0.0,0,2754.0,0.0,0.0,0.0,0.0,0.0,2
2023-05-09 23:47:59,cu2311C69000,cu2311C69000,2754.0,0.0,0.0,0.0,1,718.0,0.0,0,2754.0,0.0,0.0,0.0,0.0,0.0,2
2023-05-09 23:48:00,cu2311C69000,cu2311C69000,2754.0,0.0,0.0,0.0,1,718.0,0.0,0,2754.0,0.0,0.0,0.0,0.0,0.0,2
2023-05-09 23:48:00,cu2311C69000,cu2311C69000,2754.0,0.0,0.0,0.0,2,720.0,0.0,0,2754.0,0.0,0.0,0.0,0.0,0.0,2
2023-05-09 23:48:01,cu2311C69000,cu2311C69000,2754.0,0.0,0.0,0.0,1,722.0,0.0,0,2754.0,0.0,0.0,0.0,0.0,0.0,2
2023-05-09 23:48:01,cu2311C69000,cu2311C69000,2754.0,0.0,0.0,0.0,1,722.0,0.0,0,2754.0,0.0,0.0,0.0,0.0,0.0,2
2023-05-09 23:48:02,cu2311C69000,cu2311C69000,2754.0,0.0,0.0,0.0,2,724.0,0.0,0,2754.0,0.0,0.0,0.0,0.0,0.0,2
2023-05-09 23:48:02,cu2311C69000,cu2311C69000,2754.0,0.0,0.0,0.0,1,726.0,0.0,0,2754.0,0.0,0.0,0.0,0.0,0.0,2
2023-05-09 23:48:03,cu2311C69000,cu2311C69000,2754.0,0.0,0.0,0.0,1,726.0,0.0,0,2754.0,0.0,0.0,0.0,0.0,0.0,2
2023-05-09 23:48:03,cu2311C69000,cu2311C69000,2754.0,0.0,0.0,0.0,2,728.0,0.0,0,2754.0,0.0,0.0,0.0,0.0,0.0,2
2023-05-09 23:48:04,cu2311C69000,cu2311C69000,2754.0,0.0,0.0,0.0,1,730.0,0.0,0,2754.0,0.0,0.0,0.0,0.0,0.0,2
2023-05-09 23:48:04,cu2311C69000,cu2311C69000,2754.0,0.0,0.0,0.0,1,730.0,0.0,0,2754.0,0.0,0.0,0.0,0.0,0.0,2
2023-05-09 23:48:05,cu2311C69000,cu2311C69000,2754.0,0.0,0.0,0.0,2,732.0,0.0,0,2754.0,0.0,0.0,0.0,0.0,0.0,2
2023-05-09 23:48:05,cu2311C69000,cu2311C69000,2754.0,0.0,0.0,0.0,1,734.0,0.0,0,2754.0,0.0,0.0,0.0,0.0,0.0,2
2023-05-09 23:48:08,cu2311C69000,cu2311C69000,2754.0,0.0,0.0,0.0,1,734.0,0.0,0,2754.0,0.0,0.0,0.0,0.0,0.0,2
2023-05-09 23:48:08,cu2311C69000,cu2311C69000,2754.0,0.0,0.0,0.0,2,736.0,0.0,0,2754.0,0.0,0.0,0.0,0.0,0.0,2
2023-05-09 23:48:09,cu2311C69000,cu2311C69000,2754.0,0.0,0.0,0.0,1,738.0,0.0,0,2754.0,0.0,0.0,0.0,0.0,0.0,2
2023-05-09 23:48:09,cu2311C69000,cu2311C69000,2754.0,0.0,0.0,0.0,1,738.0,0.0,0,2754.0,0.0,0.0,0.0,0.0,0.0,2
2023-05-09 23:48:10,cu2311C69000,cu2311C69000,2754.0,0.0,0.0,0.0,2,740.0,0.0,0,2754.0,0.0,0.0,0.0,0.0,0.0,2
2023-05-09 23:48:10,cu2311C69000,cu2311C69000,2754.0,0.0,0.0,0.0,2,740.0,0.0,0,2754.0,0.0,0.0,0.0,0.0,0.0,2
2023-05-10 00:55:02,cu2311C69000,cu2311C69000,2754.0,0.0,0.0,0.0,1,518.0,0.0,0,2754.0,0.0,0.0,0.0,0.0,0.0,2
2023-05-10 00:55:40,cu2311C69000,cu2311C69000,2754.0,0.0,0.0,0.0,1,532.0,0.0,0,2754.0,0.0,0.0,0.0,0.0,0.0,2
2023-05-10 00:57:08,cu2311C69000,cu2311C69000,2754.0,0.0,0.0,0.0,1,518.0,0.0,0,2754.0,0.0,0.0,0.0,0.0,0.0,2
2023-05-10 00:59:41,cu2311C69000,cu2311C69000,2754.0,0.0,0.0,0.0,1,516.0,0.0,0,2754.0,0.0,0.0,0.0,0.0,0.0,2
2023-05-10 00:59:45,cu2311C69000,cu2311C69000,2754.0,0.0,0.0,0.0,1,12.0,0.0,0,2754.0,0.0,0.0,0.0,0.0,0.0,2
2023-05-10 00:59:46,cu2311C69000,cu2311C69000,2754.0,0.0,0.0,0.0,1,12.0,0.0,0,2754.0,0.0,0.0,0.0,0.0,0.0,2
2023-05-10 09:00:22,cu2311C69000,cu2311C69000,2754.0,0.0,0.0,0.0,1,554.0,0.0,0,2754.0,0.0,0.0,0.0,0.0,0.0,2
2023-05-10 09:00:23,cu2311C69000,cu2311C69000,2754.0,0.0,0.0,0.0,2,556.0,0.0,0,2754.0,0.0,0.0,0.0,0.0,0.0,2
2023-05-10 09:27:21,cu2311C69000,cu2311C69000,2754.0,0.0,0.0,0.0,2,556.0,0.0,0,2754.0,0.0,0.0,0.0,0.0,0.0,2
2023-05-10 09:32:18,cu2311C69000,cu2311C69000,2754.0,0.0,0.0,0.0,2,556.0,0.0,0,2754.0,0.0,0.0,0.0,0.0,0.0,2
2023-05-10 09:35:27,cu2311C69000,cu2311C69000,2754.0,0.0,0.0,0.0,2,556.0,0.0,0,2754.0,0.0,0.0,0.0,0.0,0.0,2
2023-05-10 09:37:43,cu2311C69000,cu2311C69000,2754.0,0.0,0.0,0.0,2,556.0,0.0,0,2754.0,0.0,0.0,0.0,0.0,0.0,2
2023-05-10 10:14:33,cu2311C69000,cu2311C69000,2754.0,0.0,0.0,0.0,1,554.0,0.0,0,2754.0,0.0,0.0,0.0,0.0,0.0,2
2023-05-10 10:30:05,cu2311C69000,cu2311C69000,2754.0,0.0,0.0,0.0,2,556.0,0.0,0,2754.0,0.0,0.0,0.0,0.0,0.0,2
2023-05-10 11:29:33,cu2311C69000,cu2311C69000,2754.0,0.0,0.0,0.0,1,554.0,0.0,0,2754.0,0.0,0.0,0.0,0.0,0.0,2
2023-05-10 13:30:55,cu2311C69000,cu2311C69000,2754.0,0.0,0.0,0.0,2,556.0,0.0,0,2754.0,0.0,0.0,0.0,0.0,0.0,2
2023-05-10 13:43:45,cu2311C69000,cu2311C69000,2754.0,0.0,0.0,0.0,1,582.0,0.0,0,2754.0,0.0,0.0,0.0,0.0,0.0,2
2023-05-10 13:43:45,cu2311C69000,cu2311C69000,2754.0,0.0,0.0,0.0,1,582.0,0.0,0,2754.0,0.0,0.0,0.0,0.0,0.0,2
2023-05-10 13:43:46,cu2311C69000,cu2311C69000,2754.0,0.0,0.0,0.0,2,584.0,0.0,0,2754.0,0.0,0.0,0.0,0.0,0.0,2
2023-05-10 13:43:46,cu2311C69000,cu2311C69000,2754.0,0.0,0.0,0.0,1,610.0,0.0,0,2754.0,0.0,0.0,0.0,0.0,0.0,2
2023-05-10 13:43:47,cu2311C69000,cu2311C69000,2754.0,0.0,0.0,0.0,1,610.0,0.0,0,2754.0,0.0,0.0,0.0,0.0,0.0,2
2023-05-10 13:43:47,cu2311C69000,cu2311C69000,2754.0,0.0,0.0,0.0,2,612.0,0.0,0,2754.0,0.0,0.0,0.0,0.0,0.0,2
2023-05-10 13:43:48,cu2311C69000,cu2311C69000,2754.0,0.0,0.0,0.0,1,638.0,0.0,0,2754.0,0.0,0.0,0.0,0.0,0.0,2
2023-05-10 13:43:48,cu2311C69000,cu2311C69000,2754.0,0.0,0.0,0.0,1,638.0,0.0,0,2754.0,0.0,0.0,0.0,0.0,0.0,2
2023-05-10 13:43:49,cu2311C69000,cu2311C69000,2754.0,0.0,0.0,0.0,2,640.0,0.0,0,2754.0,0.0,0.0,0.0,0.0,0.0,2
2023-05-10 13:43:49,cu2311C69000,cu2311C69000,2754.0,0.0,0.0,0.0,2,640.0,0.0,0,2754.0,0.0,0.0,0.0,0.0,0.0,2
2023-05-10 13:43:50,cu2311C69000,cu2311C69000,2754.0,0.0,0.0,0.0,1,666.0,0.0,0,2754.0,0.0,0.0,0.0,0.0,0.0,2
2023-05-10 13:43:50,cu2311C69000,cu2311C69000,2754.0,0.0,0.0,0.0,1,666.0,0.0,0,2754.0,0.0,0.0,0.0,0.0,0.0,2
2023-05-10 13:43:51,cu2311C69000,cu2311C69000,2754.0,0.0,0.0,0.0,2,668.0,0.0,0,2754.0,0.0,0.0,0.0,0.0,0.0,2
2023-05-10 13:43:51,cu2311C69000,cu2311C69000,2754.0,0.0,0.0,0.0,1,694.0,0.0,0,2754.0,0.0,0.0,0.0,0.0,0.0,2
2023-05-10 13:43:52,cu2311C69000,cu2311C69000,2754.0,0.0,0.0,0.0,1,694.0,0.0,0,2754.0,0.0,0.0,0.0,0.0,0.0,2
2023-05-10 13:43:52,cu2311C69000,cu2311C69000,2754.0,0.0,0.0,0.0,2,696.0,0.0,0,2754.0,0.0,0.0,0.0,0.0,0.0,2
2023-05-10 13:43:53,cu2311C69000,cu2311C69000,2754.0,0.0,0.0,0.0,1,722.0,0.0,0,2754.0,0.0,0.0,0.0,0.0,0.0,2
2023-05-10 13:43:55,cu2311C69000,cu2311C69000,2754.0,0.0,0.0,0.0,1,722.0,0.0,0,2754.0,0.0,0.0,0.0,0.0,0.0,2
2023-05-10 13:43:55,cu2311C69000,cu2311C69000,2754.0,0.0,0.0,0.0,2,724.0,0.0,0,2754.0,0.0,0.0,0.0,0.0,0.0,2
2023-05-10 13:43:56,cu2311C69000,cu2311C69000,2754.0,0.0,0.0,0.0,1,750.0,0.0,0,2754.0,0.0,0.0,0.0,0.0,0.0,2
2023-05-10 13:43:59,cu2311C69000,cu2311C69000,2754.0,0.0,0.0,0.0,1,750.0,0.0,0,2754.0,0.0,0.0,0.0,0.0,0.0,2
2023-05-10 13:44:00,cu2311C69000,cu2311C69000,2754.0,0.0,0.0,0.0,2,752.0,0.0,0,2754.0,0.0,0.0,0.0,0.0,0.0,2
2023-05-10 13:44:00,cu2311C69000,cu2311C69000,2754.0,0.0,0.0,0.0,1,778.0,0.0,0,2754.0,0.0,0.0,0.0,0.0,0.0,2
2023-05-10 13:44:02,cu2311C69000,cu2311C69000,2754.0,0.0,0.0,0.0,1,778.0,0.0,0,2754.0,0.0,0.0,0.0,0.0,0.0,2
2023-05-10 13:44:02,cu2311C69000,cu2311C69000,2754.0,0.0,0.0,0.0,2,780.0,0.0,0,2754.0,0.0,0.0,0.0,0.0,0.0,2
2023-05-10 13:44:03,cu2311C69000,cu2311C69000,2754.0,0.0,0.0,0.0,1,806.0,0.0,0,2754.0,0.0,0.0,0.0,0.0,0.0,2
2023-05-10 13:44:03,cu2311C69000,cu2311C69000,2754.0,0.0,0.0,0.0,1,806.0,0.0,0,2754.0,0.0,0.0,0.0,0.0,0.0,2
2023-05-10 13:44:04,cu2311C69000,cu2311C69000,2754.0,0.0,0.0,0.0,2,808.0,0.0,0,2754.0,0.0,0.0,0.0,0.0,0.0,2
2023-05-10 13:44:04,cu2311C69000,cu2311C69000,2754.0,0.0,0.0,0.0,1,822.0,0.0,0,2754.0,0.0,0.0,0.0,0.0,0.0,2
2023-05-10 13:44:05,cu2311C69000,cu2311C69000,2754.0,0.0,0.0,0.0,1,822.0,0.0,0,2754.0,0.0,0.0,0.0,0.0,0.0,2
2023-05-10 13:44:05,cu2311C69000,cu2311C69000,2754.0,0.0,0.0,0.0,2,824.0,0.0,0,2754.0,0.0,0.0,0.0,0.0,0.0,2
2023-05-10 13:44:06,cu2311C69000,cu2311C69000,2754.0,0.0,0.0,0.0,1,826.0,0.0,0,2754.0,0.0,0.0,0.0,0.0,0.0,2
2023-05-10 13:44:06,cu2311C69000,cu2311C69000,2754.0,0.0,0.0,0.0,1,826.0,0.0,0,2754.0,0.0,0.0,0.0,0.0,0.0,2
2023-05-10 13:44:07,cu2311C69000,cu2311C69000,2754.0,0.0,0.0,0.0,2,828.0,0.0,0,2754.0,0.0,0.0,0.0,0.0,0.0,2
2023-05-10 13:44:07,cu2311C69000,cu2311C69000,2754.0,0.0,0.0,0.0,2,828.0,0.0,0,2754.0,0.0,0.0,0.0,0.0,0.0,2
2023-05-10 13:52:21,cu2311C69000,cu2311C69000,2754.0,0.0,0.0,0.0,1,2238.0,2270.0,1,2754.0,0.0,0.0,0.0,0.0,0.0,2
2023-05-10 13:52:22,cu2311C69000,cu2311C69000,2754.0,0.0,0.0,0.0,1,2238.0,2270.0,1,2754.0,0.0,0.0,0.0,0.0,0.0,2
2023-05-10 13:52:27,cu2311C69000,cu2311C69000,2754.0,0.0,0.0,0.0,1,2238.0,2270.0,1,2754.0,0.0,0.0,0.0,0.0,0.0,2
2023-05-10 13:52:28,cu2311C69000,cu2311C69000,2754.0,0.0,0.0,0.0,1,2238.0,2270.0,1,2754.0,0.0,0.0,0.0,0.0,0.0,2
2023-05-10 13:52:29,cu2311C69000,cu2311C69000,2754.0,0.0,0.0,0.0,1,2254.0,2270.0,2,2754.0,0.0,0.0,0.0,0.0,0.0,2
2023-05-10 13:52:29,cu2311C69000,cu2311C69000,2754.0,0.0,0.0,0.0,1,2254.0,2270.0,2,2754.0,0.0,0.0,0.0,0.0,0.0,2
2023-05-10 13:52:31,cu2311C69000,cu2311C69000,2754.0,0.0,0.0,0.0,1,2254.0,2270.0,2,2754.0,0.0,0.0,0.0,0.0,0.0,2
2023-05-10 13:52:32,cu2311C69000,cu2311C69000,2754.0,0.0,0.0,0.0,1,2254.0,2270.0,2,2754.0,0.0,0.0,0.0,0.0,0.0,2
2023-05-10 13:52:33,cu2311C69000,cu2311C69000,2754.0,0.0,0.0,0.0,2,2254.0,2270.0,2,2754.0,0.0,0.0,0.0,0.0,0.0,2
2023-05-10 13:52:35,cu2311C69000,cu2311C69000,2754.0,0.0,0.0,0.0,1,2260.0,2270.0,2,2754.0,0.0,0.0,0.0,0.0,0.0,2
2023-05-10 13:52:39,cu2311C69000,cu2311C69000,2754.0,0.0,0.0,0.0,1,2260.0,2270.0,1,2754.0,0.0,0.0,0.0,0.0,0.0,2
2023-05-10 13:52:40,cu2311C69000,cu2311C69000,2754.0,0.0,0.0,0.0,1,2260.0,2270.0,1,2754.0,0.0,0.0,0.0,0.0,0.0,2
2023-05-10 13:52:40,cu2311C69000,cu2311C69000,2754.0,0.0,0.0,0.0,1,2260.0,2270.0,1,2754.0,0.0,0.0,0.0,0.0,0.0,2
2023-05-10 13:52:41,cu2311C69000,cu2311C69000,2754.0,0.0,0.0,0.0,1,2260.0,2270.0,1,2754.0,0.0,0.0,0.0,0.0,0.0,2
2023-05-10 13:52:42,cu2311C69000,cu2311C69000,2754.0,0.0,0.0,0.0,1,2260.0,2270.0,1,2754.0,0.0,0.0,0.0,0.0,0.0,2
2023-05-10 13:52:42,cu2311C69000,cu2311C69000,2754.0,0.0,0.0,0.0,1,2260.0,2270.0,1,2754.0,0.0,0.0,0.0,0.0,0.0,2
2023-05-10 13:52:43,cu2311C69000,cu2311C69000,2754.0,0.0,0.0,0.0,1,2260.0,2270.0,1,2754.0,0.0,0.0,0.0,0.0,0.0,2
2023-05-10 13:52:44,cu2311C69000,cu2311C69000,2754.0,0.0,0.0,0.0,1,2260.0,2316.0,1,2754.0,0.0,0.0,0.0,0.0,0.0,2
2023-05-10 13:52:46,cu2311C69000,cu2311C69000,2754.0,0.0,0.0,0.0,1,554.0,0.0,0,2754.0,0.0,0.0,0.0,0.0,0.0,2
2023-05-10 13:52:47,cu2311C69000,cu2311C69000,2754.0,0.0,0.0,0.0,2,556.0,0.0,0,2754.0,0.0,0.0,0.0,0.0,0.0,2
2023-05-10 14:59:02,cu2311C69000,cu2311C69000,2754.0,0.0,0.0,0.0,1,554.0,0.0,0,2754.0,0.0,0.0,0.0,0.0,0.0,2
2023-05-10 15:14:42,cu2311C69000,cu2311C69000,2754.0,0.0,0.0,0.0,1,554.0,0.0,0,2754.0,0.0,0.0,0.0,0.0,0.0,2
