time,symbol_id,symbol_name,last,trade_volume,trade_amount,open_interest_change,bv1,bp1,ap1,av1,yesterday_close,today_open,today_high,today_low,volume,amount,open_interest
2023-05-09 21:01:24,cu2312P60000,cu2312P60000,1374.0,0.0,0.0,0.0,1,34.0,0.0,0,1374.0,1272.0,0.0,0.0,0.0,0.0,3
2023-05-09 21:01:25,cu2312P60000,cu2312P60000,1374.0,0.0,0.0,0.0,2,36.0,0.0,0,1374.0,1272.0,0.0,0.0,0.0,0.0,3
2023-05-09 21:01:37,cu2312P60000,cu2312P60000,1374.0,0.0,0.0,0.0,1,38.0,0.0,0,1374.0,1272.0,0.0,0.0,0.0,0.0,3
2023-05-09 21:01:38,cu2312P60000,cu2312P60000,1374.0,0.0,0.0,0.0,1,38.0,0.0,0,1374.0,1272.0,0.0,0.0,0.0,0.0,3
2023-05-09 21:01:38,cu2312P60000,cu2312P60000,1374.0,0.0,0.0,0.0,2,40.0,0.0,0,1374.0,1272.0,0.0,0.0,0.0,0.0,3
2023-05-09 21:01:42,cu2312P60000,cu2312P60000,1374.0,0.0,0.0,0.0,2,40.0,0.0,0,1374.0,1272.0,0.0,0.0,0.0,0.0,3
2023-05-09 21:01:43,cu2312P60000,cu2312P60000,1374.0,0.0,0.0,0.0,1,42.0,0.0,0,1374.0,1272.0,0.0,0.0,0.0,0.0,3
2023-05-09 21:01:43,cu2312P60000,cu2312P60000,1374.0,0.0,0.0,0.0,1,42.0,0.0,0,1374.0,1272.0,0.0,0.0,0.0,0.0,3
2023-05-09 21:01:44,cu2312P60000,cu2312P60000,1374.0,0.0,0.0,0.0,2,44.0,0.0,0,1374.0,1272.0,0.0,0.0,0.0,0.0,3
2023-05-09 21:01:44,cu2312P60000,cu2312P60000,1374.0,0.0,0.0,0.0,1,46.0,0.0,0,1374.0,1272.0,0.0,0.0,0.0,0.0,3
2023-05-09 21:01:45,cu2312P60000,cu2312P60000,1374.0,0.0,0.0,0.0,1,46.0,0.0,0,1374.0,1272.0,0.0,0.0,0.0,0.0,3
2023-05-09 21:01:45,cu2312P60000,cu2312P60000,1374.0,0.0,0.0,0.0,2,48.0,0.0,0,1374.0,1272.0,0.0,0.0,0.0,0.0,3
2023-05-09 21:01:46,cu2312P60000,cu2312P60000,1374.0,0.0,0.0,0.0,1,50.0,0.0,0,1374.0,1272.0,0.0,0.0,0.0,0.0,3
2023-05-09 21:01:47,cu2312P60000,cu2312P60000,1374.0,0.0,0.0,0.0,1,50.0,0.0,0,1374.0,1272.0,0.0,0.0,0.0,0.0,3
2023-05-09 21:01:47,cu2312P60000,cu2312P60000,1374.0,0.0,0.0,0.0,2,52.0,0.0,0,1374.0,1272.0,0.0,0.0,0.0,0.0,3
2023-05-09 21:01:48,cu2312P60000,cu2312P60000,1374.0,0.0,0.0,0.0,1,54.0,0.0,0,1374.0,1272.0,0.0,0.0,0.0,0.0,3
2023-05-09 21:01:48,cu2312P60000,cu2312P60000,1374.0,0.0,0.0,0.0,1,54.0,0.0,0,1374.0,1272.0,0.0,0.0,0.0,0.0,3
2023-05-09 21:01:49,cu2312P60000,cu2312P60000,1374.0,0.0,0.0,0.0,2,56.0,0.0,0,1374.0,1272.0,0.0,0.0,0.0,0.0,3
2023-05-09 21:01:49,cu2312P60000,cu2312P60000,1374.0,0.0,0.0,0.0,2,56.0,0.0,0,1374.0,1272.0,0.0,0.0,0.0,0.0,3
2023-05-09 21:01:50,cu2312P60000,cu2312P60000,1374.0,0.0,0.0,0.0,1,58.0,0.0,0,1374.0,1272.0,0.0,0.0,0.0,0.0,3
2023-05-09 21:01:50,cu2312P60000,cu2312P60000,1374.0,0.0,0.0,0.0,1,58.0,0.0,0,1374.0,1272.0,0.0,0.0,0.0,0.0,3
2023-05-09 21:01:51,cu2312P60000,cu2312P60000,1374.0,0.0,0.0,0.0,2,60.0,0.0,0,1374.0,1272.0,0.0,0.0,0.0,0.0,3
2023-05-09 21:01:51,cu2312P60000,cu2312P60000,1374.0,0.0,0.0,0.0,2,60.0,0.0,0,1374.0,1272.0,0.0,0.0,0.0,0.0,3
2023-05-09 21:01:52,cu2312P60000,cu2312P60000,1374.0,0.0,0.0,0.0,1,62.0,0.0,0,1374.0,1272.0,0.0,0.0,0.0,0.0,3
2023-05-09 21:01:52,cu2312P60000,cu2312P60000,1374.0,0.0,0.0,0.0,1,62.0,0.0,0,1374.0,1272.0,0.0,0.0,0.0,0.0,3
2023-05-09 21:01:53,cu2312P60000,cu2312P60000,1374.0,0.0,0.0,0.0,2,64.0,0.0,0,1374.0,1272.0,0.0,0.0,0.0,0.0,3
2023-05-09 21:01:53,cu2312P60000,cu2312P60000,1374.0,0.0,0.0,0.0,2,64.0,0.0,0,1374.0,1272.0,0.0,0.0,0.0,0.0,3
2023-05-09 21:01:54,cu2312P60000,cu2312P60000,1374.0,0.0,0.0,0.0,1,66.0,0.0,0,1374.0,1272.0,0.0,0.0,0.0,0.0,3
2023-05-09 21:01:54,cu2312P60000,cu2312P60000,1374.0,0.0,0.0,0.0,1,66.0,0.0,0,1374.0,1272.0,0.0,0.0,0.0,0.0,3
2023-05-09 21:01:55,cu2312P60000,cu2312P60000,1374.0,0.0,0.0,0.0,2,68.0,0.0,0,1374.0,1272.0,0.0,0.0,0.0,0.0,3
2023-05-09 21:01:56,cu2312P60000,cu2312P60000,1374.0,0.0,0.0,0.0,1,70.0,0.0,0,1374.0,1272.0,0.0,0.0,0.0,0.0,3
2023-05-09 21:01:57,cu2312P60000,cu2312P60000,1374.0,0.0,0.0,0.0,1,70.0,0.0,0,1374.0,1272.0,0.0,0.0,0.0,0.0,3
2023-05-09 21:01:57,cu2312P60000,cu2312P60000,1374.0,0.0,0.0,0.0,2,72.0,0.0,0,1374.0,1272.0,0.0,0.0,0.0,0.0,3
2023-05-09 21:01:58,cu2312P60000,cu2312P60000,1374.0,0.0,0.0,0.0,1,74.0,0.0,0,1374.0,1272.0,0.0,0.0,0.0,0.0,3
2023-05-09 21:01:59,cu2312P60000,cu2312P60000,1374.0,0.0,0.0,0.0,1,74.0,0.0,0,1374.0,1272.0,0.0,0.0,0.0,0.0,3
2023-05-09 21:01:59,cu2312P60000,cu2312P60000,1374.0,0.0,0.0,0.0,2,76.0,0.0,0,1374.0,1272.0,0.0,0.0,0.0,0.0,3
2023-05-09 21:02:00,cu2312P60000,cu2312P60000,1374.0,0.0,0.0,0.0,2,76.0,0.0,0,1374.0,1272.0,0.0,0.0,0.0,0.0,3
2023-05-09 21:02:00,cu2312P60000,cu2312P60000,1374.0,0.0,0.0,0.0,1,78.0,0.0,0,1374.0,1272.0,0.0,0.0,0.0,0.0,3
2023-05-09 21:02:01,cu2312P60000,cu2312P60000,1374.0,0.0,0.0,0.0,1,78.0,0.0,0,1374.0,1272.0,0.0,0.0,0.0,0.0,3
2023-05-09 21:02:01,cu2312P60000,cu2312P60000,1374.0,0.0,0.0,0.0,2,80.0,0.0,0,1374.0,1272.0,0.0,0.0,0.0,0.0,3
2023-05-09 21:02:02,cu2312P60000,cu2312P60000,1374.0,0.0,0.0,0.0,1,82.0,0.0,0,1374.0,1272.0,0.0,0.0,0.0,0.0,3
2023-05-09 21:02:03,cu2312P60000,cu2312P60000,1374.0,0.0,0.0,0.0,1,82.0,0.0,0,1374.0,1272.0,0.0,0.0,0.0,0.0,3
2023-05-09 21:02:03,cu2312P60000,cu2312P60000,1374.0,0.0,0.0,0.0,2,84.0,0.0,0,1374.0,1272.0,0.0,0.0,0.0,0.0,3
2023-05-09 21:02:05,cu2312P60000,cu2312P60000,1374.0,0.0,0.0,0.0,1,86.0,0.0,0,1374.0,1272.0,0.0,0.0,0.0,0.0,3
2023-05-09 21:02:06,cu2312P60000,cu2312P60000,1374.0,0.0,0.0,0.0,1,86.0,0.0,0,1374.0,1272.0,0.0,0.0,0.0,0.0,3
2023-05-09 21:02:06,cu2312P60000,cu2312P60000,1374.0,0.0,0.0,0.0,2,88.0,0.0,0,1374.0,1272.0,0.0,0.0,0.0,0.0,3
2023-05-09 21:02:09,cu2312P60000,cu2312P60000,1374.0,0.0,0.0,0.0,1,90.0,0.0,0,1374.0,1272.0,0.0,0.0,0.0,0.0,3
2023-05-09 21:02:10,cu2312P60000,cu2312P60000,1374.0,0.0,0.0,0.0,1,90.0,0.0,0,1374.0,1272.0,0.0,0.0,0.0,0.0,3
2023-05-09 21:02:10,cu2312P60000,cu2312P60000,1374.0,0.0,0.0,0.0,2,92.0,0.0,0,1374.0,1272.0,0.0,0.0,0.0,0.0,3
2023-05-09 21:02:11,cu2312P60000,cu2312P60000,1374.0,0.0,0.0,0.0,1,94.0,0.0,0,1374.0,1272.0,0.0,0.0,0.0,0.0,3
2023-05-09 21:02:11,cu2312P60000,cu2312P60000,1374.0,0.0,0.0,0.0,1,94.0,0.0,0,1374.0,1272.0,0.0,0.0,0.0,0.0,3
2023-05-09 21:02:12,cu2312P60000,cu2312P60000,1374.0,0.0,0.0,0.0,2,96.0,0.0,0,1374.0,1272.0,0.0,0.0,0.0,0.0,3
2023-05-09 21:02:12,cu2312P60000,cu2312P60000,1374.0,0.0,0.0,0.0,1,98.0,0.0,0,1374.0,1272.0,0.0,0.0,0.0,0.0,3
2023-05-09 21:02:13,cu2312P60000,cu2312P60000,1374.0,0.0,0.0,0.0,1,98.0,0.0,0,1374.0,1272.0,0.0,0.0,0.0,0.0,3
2023-05-09 21:02:13,cu2312P60000,cu2312P60000,1374.0,0.0,0.0,0.0,2,100.0,0.0,0,1374.0,1272.0,0.0,0.0,0.0,0.0,3
2023-05-09 21:02:14,cu2312P60000,cu2312P60000,1374.0,0.0,0.0,0.0,1,102.0,0.0,0,1374.0,1272.0,0.0,0.0,0.0,0.0,3
2023-05-09 21:02:15,cu2312P60000,cu2312P60000,1374.0,0.0,0.0,0.0,1,102.0,0.0,0,1374.0,1272.0,0.0,0.0,0.0,0.0,3
2023-05-09 21:02:15,cu2312P60000,cu2312P60000,1374.0,0.0,0.0,0.0,2,104.0,0.0,0,1374.0,1272.0,0.0,0.0,0.0,0.0,3
2023-05-09 21:02:16,cu2312P60000,cu2312P60000,1374.0,0.0,0.0,0.0,1,106.0,0.0,0,1374.0,1272.0,0.0,0.0,0.0,0.0,3
2023-05-09 21:02:16,cu2312P60000,cu2312P60000,1374.0,0.0,0.0,0.0,1,106.0,0.0,0,1374.0,1272.0,0.0,0.0,0.0,0.0,3
2023-05-09 21:02:17,cu2312P60000,cu2312P60000,1374.0,0.0,0.0,0.0,2,108.0,0.0,0,1374.0,1272.0,0.0,0.0,0.0,0.0,3
2023-05-09 21:02:17,cu2312P60000,cu2312P60000,1374.0,0.0,0.0,0.0,1,110.0,0.0,0,1374.0,1272.0,0.0,0.0,0.0,0.0,3
2023-05-09 21:02:18,cu2312P60000,cu2312P60000,1374.0,0.0,0.0,0.0,1,110.0,0.0,0,1374.0,1272.0,0.0,0.0,0.0,0.0,3
2023-05-09 21:02:18,cu2312P60000,cu2312P60000,1374.0,0.0,0.0,0.0,2,112.0,0.0,0,1374.0,1272.0,0.0,0.0,0.0,0.0,3
2023-05-09 21:02:19,cu2312P60000,cu2312P60000,1374.0,0.0,0.0,0.0,1,114.0,0.0,0,1374.0,1272.0,0.0,0.0,0.0,0.0,3
2023-05-09 21:02:19,cu2312P60000,cu2312P60000,1374.0,0.0,0.0,0.0,1,114.0,0.0,0,1374.0,1272.0,0.0,0.0,0.0,0.0,3
2023-05-09 21:02:20,cu2312P60000,cu2312P60000,1374.0,0.0,0.0,0.0,2,116.0,0.0,0,1374.0,1272.0,0.0,0.0,0.0,0.0,3
2023-05-09 21:02:20,cu2312P60000,cu2312P60000,1374.0,0.0,0.0,0.0,1,118.0,0.0,0,1374.0,1272.0,0.0,0.0,0.0,0.0,3
2023-05-09 21:02:21,cu2312P60000,cu2312P60000,1374.0,0.0,0.0,0.0,1,118.0,0.0,0,1374.0,1272.0,0.0,0.0,0.0,0.0,3
2023-05-09 21:02:21,cu2312P60000,cu2312P60000,1374.0,0.0,0.0,0.0,2,120.0,0.0,0,1374.0,1272.0,0.0,0.0,0.0,0.0,3
2023-05-09 21:02:22,cu2312P60000,cu2312P60000,1374.0,0.0,0.0,0.0,1,122.0,0.0,0,1374.0,1272.0,0.0,0.0,0.0,0.0,3
2023-05-09 21:02:22,cu2312P60000,cu2312P60000,1374.0,0.0,0.0,0.0,1,122.0,0.0,0,1374.0,1272.0,0.0,0.0,0.0,0.0,3
2023-05-09 21:02:23,cu2312P60000,cu2312P60000,1374.0,0.0,0.0,0.0,2,124.0,0.0,0,1374.0,1272.0,0.0,0.0,0.0,0.0,3
2023-05-09 21:02:24,cu2312P60000,cu2312P60000,1374.0,0.0,0.0,0.0,2,124.0,0.0,0,1374.0,1272.0,0.0,0.0,0.0,0.0,3
2023-05-09 21:02:24,cu2312P60000,cu2312P60000,1374.0,0.0,0.0,0.0,1,126.0,0.0,0,1374.0,1272.0,0.0,0.0,0.0,0.0,3
2023-05-09 21:02:25,cu2312P60000,cu2312P60000,1374.0,0.0,0.0,0.0,1,126.0,0.0,0,1374.0,1272.0,0.0,0.0,0.0,0.0,3
2023-05-09 21:02:25,cu2312P60000,cu2312P60000,1374.0,0.0,0.0,0.0,2,128.0,0.0,0,1374.0,1272.0,0.0,0.0,0.0,0.0,3
2023-05-09 21:02:29,cu2312P60000,cu2312P60000,1374.0,0.0,0.0,0.0,2,128.0,0.0,0,1374.0,1272.0,0.0,0.0,0.0,0.0,3
2023-05-09 21:02:30,cu2312P60000,cu2312P60000,1374.0,0.0,0.0,0.0,1,130.0,0.0,0,1374.0,1272.0,0.0,0.0,0.0,0.0,3
2023-05-09 21:02:30,cu2312P60000,cu2312P60000,1374.0,0.0,0.0,0.0,1,130.0,0.0,0,1374.0,1272.0,0.0,0.0,0.0,0.0,3
2023-05-09 21:02:31,cu2312P60000,cu2312P60000,1374.0,0.0,0.0,0.0,2,132.0,0.0,0,1374.0,1272.0,0.0,0.0,0.0,0.0,3
2023-05-09 21:02:32,cu2312P60000,cu2312P60000,1374.0,0.0,0.0,0.0,1,134.0,0.0,0,1374.0,1272.0,0.0,0.0,0.0,0.0,3
2023-05-09 21:02:32,cu2312P60000,cu2312P60000,1374.0,0.0,0.0,0.0,1,134.0,0.0,0,1374.0,1272.0,0.0,0.0,0.0,0.0,3
2023-05-09 21:02:33,cu2312P60000,cu2312P60000,1374.0,0.0,0.0,0.0,2,136.0,0.0,0,1374.0,1272.0,0.0,0.0,0.0,0.0,3
2023-05-09 21:02:33,cu2312P60000,cu2312P60000,1374.0,0.0,0.0,0.0,2,136.0,0.0,0,1374.0,1272.0,0.0,0.0,0.0,0.0,3
2023-05-09 21:02:34,cu2312P60000,cu2312P60000,1374.0,0.0,0.0,0.0,1,138.0,0.0,0,1374.0,1272.0,0.0,0.0,0.0,0.0,3
2023-05-09 21:02:34,cu2312P60000,cu2312P60000,1374.0,0.0,0.0,0.0,1,138.0,0.0,0,1374.0,1272.0,0.0,0.0,0.0,0.0,3
2023-05-09 21:02:35,cu2312P60000,cu2312P60000,1374.0,0.0,0.0,0.0,2,140.0,0.0,0,1374.0,1272.0,0.0,0.0,0.0,0.0,3
2023-05-09 21:02:36,cu2312P60000,cu2312P60000,1374.0,0.0,0.0,0.0,1,142.0,0.0,0,1374.0,1272.0,0.0,0.0,0.0,0.0,3
2023-05-09 21:02:36,cu2312P60000,cu2312P60000,1374.0,0.0,0.0,0.0,1,142.0,0.0,0,1374.0,1272.0,0.0,0.0,0.0,0.0,3
2023-05-09 21:02:37,cu2312P60000,cu2312P60000,1374.0,0.0,0.0,0.0,2,144.0,0.0,0,1374.0,1272.0,0.0,0.0,0.0,0.0,3
2023-05-09 21:02:38,cu2312P60000,cu2312P60000,1374.0,0.0,0.0,0.0,1,146.0,0.0,0,1374.0,1272.0,0.0,0.0,0.0,0.0,3
2023-05-09 21:02:38,cu2312P60000,cu2312P60000,1374.0,0.0,0.0,0.0,1,146.0,0.0,0,1374.0,1272.0,0.0,0.0,0.0,0.0,3
2023-05-09 21:02:39,cu2312P60000,cu2312P60000,1374.0,0.0,0.0,0.0,2,148.0,0.0,0,1374.0,1272.0,0.0,0.0,0.0,0.0,3
2023-05-09 21:02:39,cu2312P60000,cu2312P60000,1374.0,0.0,0.0,0.0,2,148.0,0.0,0,1374.0,1272.0,0.0,0.0,0.0,0.0,3
2023-05-09 21:02:40,cu2312P60000,cu2312P60000,1374.0,0.0,0.0,0.0,1,150.0,0.0,0,1374.0,1272.0,0.0,0.0,0.0,0.0,3
2023-05-09 21:02:40,cu2312P60000,cu2312P60000,1374.0,0.0,0.0,0.0,1,150.0,0.0,0,1374.0,1272.0,0.0,0.0,0.0,0.0,3
2023-05-09 21:02:41,cu2312P60000,cu2312P60000,1374.0,0.0,0.0,0.0,2,152.0,0.0,0,1374.0,1272.0,0.0,0.0,0.0,0.0,3
2023-05-09 21:02:43,cu2312P60000,cu2312P60000,1374.0,0.0,0.0,0.0,2,152.0,0.0,0,1374.0,1272.0,0.0,0.0,0.0,0.0,3
2023-05-09 21:02:43,cu2312P60000,cu2312P60000,1374.0,0.0,0.0,0.0,1,154.0,0.0,0,1374.0,1272.0,0.0,0.0,0.0,0.0,3
2023-05-09 21:02:44,cu2312P60000,cu2312P60000,1374.0,0.0,0.0,0.0,1,154.0,0.0,0,1374.0,1272.0,0.0,0.0,0.0,0.0,3
2023-05-09 21:02:44,cu2312P60000,cu2312P60000,1374.0,0.0,0.0,0.0,2,156.0,0.0,0,1374.0,1272.0,0.0,0.0,0.0,0.0,3
2023-05-09 21:02:53,cu2312P60000,cu2312P60000,1374.0,0.0,0.0,0.0,1,158.0,0.0,0,1374.0,1272.0,0.0,0.0,0.0,0.0,3
2023-05-09 21:02:54,cu2312P60000,cu2312P60000,1374.0,0.0,0.0,0.0,1,158.0,0.0,0,1374.0,1272.0,0.0,0.0,0.0,0.0,3
2023-05-09 21:02:54,cu2312P60000,cu2312P60000,1374.0,0.0,0.0,0.0,2,160.0,0.0,0,1374.0,1272.0,0.0,0.0,0.0,0.0,3
2023-05-09 21:05:17,cu2312P60000,cu2312P60000,1374.0,0.0,0.0,0.0,1,162.0,0.0,0,1374.0,1272.0,0.0,0.0,0.0,0.0,3
2023-05-09 21:05:18,cu2312P60000,cu2312P60000,1374.0,0.0,0.0,0.0,1,162.0,0.0,0,1374.0,1272.0,0.0,0.0,0.0,0.0,3
2023-05-09 21:05:18,cu2312P60000,cu2312P60000,1374.0,0.0,0.0,0.0,2,164.0,0.0,0,1374.0,1272.0,0.0,0.0,0.0,0.0,3
2023-05-09 21:05:19,cu2312P60000,cu2312P60000,1374.0,0.0,0.0,0.0,2,164.0,0.0,0,1374.0,1272.0,0.0,0.0,0.0,0.0,3
2023-05-09 21:05:19,cu2312P60000,cu2312P60000,1374.0,0.0,0.0,0.0,1,166.0,0.0,0,1374.0,1272.0,0.0,0.0,0.0,0.0,3
2023-05-09 21:05:20,cu2312P60000,cu2312P60000,1374.0,0.0,0.0,0.0,1,166.0,0.0,0,1374.0,1272.0,0.0,0.0,0.0,0.0,3
2023-05-09 21:05:20,cu2312P60000,cu2312P60000,1374.0,0.0,0.0,0.0,2,168.0,0.0,0,1374.0,1272.0,0.0,0.0,0.0,0.0,3
2023-05-09 21:05:21,cu2312P60000,cu2312P60000,1374.0,0.0,0.0,0.0,1,170.0,0.0,0,1374.0,1272.0,0.0,0.0,0.0,0.0,3
2023-05-09 21:05:21,cu2312P60000,cu2312P60000,1374.0,0.0,0.0,0.0,1,170.0,0.0,0,1374.0,1272.0,0.0,0.0,0.0,0.0,3
2023-05-09 21:05:22,cu2312P60000,cu2312P60000,1374.0,0.0,0.0,0.0,2,172.0,0.0,0,1374.0,1272.0,0.0,0.0,0.0,0.0,3
2023-05-09 21:05:22,cu2312P60000,cu2312P60000,1374.0,0.0,0.0,0.0,1,174.0,0.0,0,1374.0,1272.0,0.0,0.0,0.0,0.0,3
2023-05-09 21:05:23,cu2312P60000,cu2312P60000,1374.0,0.0,0.0,0.0,1,174.0,0.0,0,1374.0,1272.0,0.0,0.0,0.0,0.0,3
2023-05-09 21:05:23,cu2312P60000,cu2312P60000,1374.0,0.0,0.0,0.0,2,176.0,0.0,0,1374.0,1272.0,0.0,0.0,0.0,0.0,3
2023-05-09 21:05:24,cu2312P60000,cu2312P60000,1374.0,0.0,0.0,0.0,1,178.0,0.0,0,1374.0,1272.0,0.0,0.0,0.0,0.0,3
2023-05-09 21:05:24,cu2312P60000,cu2312P60000,1374.0,0.0,0.0,0.0,1,178.0,0.0,0,1374.0,1272.0,0.0,0.0,0.0,0.0,3
2023-05-09 21:05:25,cu2312P60000,cu2312P60000,1374.0,0.0,0.0,0.0,2,180.0,0.0,0,1374.0,1272.0,0.0,0.0,0.0,0.0,3
2023-05-09 21:05:25,cu2312P60000,cu2312P60000,1374.0,0.0,0.0,0.0,1,182.0,0.0,0,1374.0,1272.0,0.0,0.0,0.0,0.0,3
2023-05-09 21:05:26,cu2312P60000,cu2312P60000,1374.0,0.0,0.0,0.0,1,182.0,0.0,0,1374.0,1272.0,0.0,0.0,0.0,0.0,3
2023-05-09 21:05:26,cu2312P60000,cu2312P60000,1374.0,0.0,0.0,0.0,2,184.0,0.0,0,1374.0,1272.0,0.0,0.0,0.0,0.0,3
2023-05-09 21:05:48,cu2312P60000,cu2312P60000,1374.0,0.0,0.0,0.0,2,184.0,0.0,0,1374.0,1272.0,0.0,0.0,0.0,0.0,3
2023-05-09 21:05:48,cu2312P60000,cu2312P60000,1374.0,0.0,0.0,0.0,1,186.0,0.0,0,1374.0,1272.0,0.0,0.0,0.0,0.0,3
2023-05-09 21:05:49,cu2312P60000,cu2312P60000,1374.0,0.0,0.0,0.0,1,186.0,0.0,0,1374.0,1272.0,0.0,0.0,0.0,0.0,3
2023-05-09 21:05:49,cu2312P60000,cu2312P60000,1374.0,0.0,0.0,0.0,2,188.0,0.0,0,1374.0,1272.0,0.0,0.0,0.0,0.0,3
2023-05-09 21:05:50,cu2312P60000,cu2312P60000,1374.0,0.0,0.0,0.0,1,190.0,0.0,0,1374.0,1272.0,0.0,0.0,0.0,0.0,3
2023-05-09 21:05:50,cu2312P60000,cu2312P60000,1374.0,0.0,0.0,0.0,1,190.0,0.0,0,1374.0,1272.0,0.0,0.0,0.0,0.0,3
2023-05-09 21:05:51,cu2312P60000,cu2312P60000,1374.0,0.0,0.0,0.0,2,192.0,0.0,0,1374.0,1272.0,0.0,0.0,0.0,0.0,3
2023-05-09 21:05:52,cu2312P60000,cu2312P60000,1374.0,0.0,0.0,0.0,1,194.0,0.0,0,1374.0,1272.0,0.0,0.0,0.0,0.0,3
2023-05-09 21:05:52,cu2312P60000,cu2312P60000,1374.0,0.0,0.0,0.0,1,194.0,0.0,0,1374.0,1272.0,0.0,0.0,0.0,0.0,3
2023-05-09 21:05:53,cu2312P60000,cu2312P60000,1374.0,0.0,0.0,0.0,2,196.0,0.0,0,1374.0,1272.0,0.0,0.0,0.0,0.0,3
2023-05-09 21:05:54,cu2312P60000,cu2312P60000,1374.0,0.0,0.0,0.0,2,196.0,0.0,0,1374.0,1272.0,0.0,0.0,0.0,0.0,3
2023-05-09 21:05:54,cu2312P60000,cu2312P60000,1374.0,0.0,0.0,0.0,1,198.0,0.0,0,1374.0,1272.0,0.0,0.0,0.0,0.0,3
2023-05-09 21:05:55,cu2312P60000,cu2312P60000,1374.0,0.0,0.0,0.0,1,198.0,0.0,0,1374.0,1272.0,0.0,0.0,0.0,0.0,3
2023-05-09 21:05:55,cu2312P60000,cu2312P60000,1374.0,0.0,0.0,0.0,2,200.0,0.0,0,1374.0,1272.0,0.0,0.0,0.0,0.0,3
2023-05-09 21:05:56,cu2312P60000,cu2312P60000,1374.0,0.0,0.0,0.0,2,200.0,0.0,0,1374.0,1272.0,0.0,0.0,0.0,0.0,3
2023-05-09 21:05:56,cu2312P60000,cu2312P60000,1374.0,0.0,0.0,0.0,1,202.0,0.0,0,1374.0,1272.0,0.0,0.0,0.0,0.0,3
2023-05-09 21:05:57,cu2312P60000,cu2312P60000,1374.0,0.0,0.0,0.0,1,202.0,0.0,0,1374.0,1272.0,0.0,0.0,0.0,0.0,3
2023-05-09 21:05:57,cu2312P60000,cu2312P60000,1374.0,0.0,0.0,0.0,2,204.0,0.0,0,1374.0,1272.0,0.0,0.0,0.0,0.0,3
2023-05-09 21:05:58,cu2312P60000,cu2312P60000,1374.0,0.0,0.0,0.0,1,206.0,0.0,0,1374.0,1272.0,0.0,0.0,0.0,0.0,3
2023-05-09 21:05:59,cu2312P60000,cu2312P60000,1374.0,0.0,0.0,0.0,1,206.0,0.0,0,1374.0,1272.0,0.0,0.0,0.0,0.0,3
2023-05-09 21:05:59,cu2312P60000,cu2312P60000,1374.0,0.0,0.0,0.0,2,208.0,0.0,0,1374.0,1272.0,0.0,0.0,0.0,0.0,3
2023-05-09 21:06:00,cu2312P60000,cu2312P60000,1374.0,0.0,0.0,0.0,1,210.0,0.0,0,1374.0,1272.0,0.0,0.0,0.0,0.0,3
2023-05-09 21:06:00,cu2312P60000,cu2312P60000,1374.0,0.0,0.0,0.0,1,210.0,0.0,0,1374.0,1272.0,0.0,0.0,0.0,0.0,3
2023-05-09 21:06:01,cu2312P60000,cu2312P60000,1374.0,0.0,0.0,0.0,2,212.0,0.0,0,1374.0,1272.0,0.0,0.0,0.0,0.0,3
2023-05-09 21:06:01,cu2312P60000,cu2312P60000,1374.0,0.0,0.0,0.0,1,214.0,0.0,0,1374.0,1272.0,0.0,0.0,0.0,0.0,3
2023-05-09 21:06:02,cu2312P60000,cu2312P60000,1374.0,0.0,0.0,0.0,1,214.0,0.0,0,1374.0,1272.0,0.0,0.0,0.0,0.0,3
2023-05-09 21:06:02,cu2312P60000,cu2312P60000,1374.0,0.0,0.0,0.0,2,216.0,0.0,0,1374.0,1272.0,0.0,0.0,0.0,0.0,3
2023-05-09 21:06:04,cu2312P60000,cu2312P60000,1374.0,0.0,0.0,0.0,2,216.0,0.0,0,1374.0,1272.0,0.0,0.0,0.0,0.0,3
2023-05-09 21:06:05,cu2312P60000,cu2312P60000,1374.0,0.0,0.0,0.0,1,218.0,0.0,0,1374.0,1272.0,0.0,0.0,0.0,0.0,3
2023-05-09 21:06:05,cu2312P60000,cu2312P60000,1374.0,0.0,0.0,0.0,1,218.0,0.0,0,1374.0,1272.0,0.0,0.0,0.0,0.0,3
2023-05-09 21:06:06,cu2312P60000,cu2312P60000,1374.0,0.0,0.0,0.0,2,220.0,0.0,0,1374.0,1272.0,0.0,0.0,0.0,0.0,3
2023-05-09 21:06:06,cu2312P60000,cu2312P60000,1374.0,0.0,0.0,0.0,2,220.0,0.0,0,1374.0,1272.0,0.0,0.0,0.0,0.0,3
2023-05-09 21:06:07,cu2312P60000,cu2312P60000,1374.0,0.0,0.0,0.0,1,222.0,0.0,0,1374.0,1272.0,0.0,0.0,0.0,0.0,3
2023-05-09 21:06:07,cu2312P60000,cu2312P60000,1374.0,0.0,0.0,0.0,1,222.0,0.0,0,1374.0,1272.0,0.0,0.0,0.0,0.0,3
2023-05-09 21:06:08,cu2312P60000,cu2312P60000,1374.0,0.0,0.0,0.0,2,224.0,0.0,0,1374.0,1272.0,0.0,0.0,0.0,0.0,3
2023-05-09 21:06:09,cu2312P60000,cu2312P60000,1374.0,0.0,0.0,0.0,1,226.0,0.0,0,1374.0,1272.0,0.0,0.0,0.0,0.0,3
2023-05-09 21:06:09,cu2312P60000,cu2312P60000,1374.0,0.0,0.0,0.0,1,226.0,0.0,0,1374.0,1272.0,0.0,0.0,0.0,0.0,3
2023-05-09 21:06:10,cu2312P60000,cu2312P60000,1374.0,0.0,0.0,0.0,2,228.0,0.0,0,1374.0,1272.0,0.0,0.0,0.0,0.0,3
2023-05-09 21:06:10,cu2312P60000,cu2312P60000,1374.0,0.0,0.0,0.0,1,230.0,0.0,0,1374.0,1272.0,0.0,0.0,0.0,0.0,3
2023-05-09 21:06:11,cu2312P60000,cu2312P60000,1374.0,0.0,0.0,0.0,1,230.0,0.0,0,1374.0,1272.0,0.0,0.0,0.0,0.0,3
2023-05-09 21:06:11,cu2312P60000,cu2312P60000,1374.0,0.0,0.0,0.0,2,232.0,0.0,0,1374.0,1272.0,0.0,0.0,0.0,0.0,3
2023-05-09 21:06:12,cu2312P60000,cu2312P60000,1374.0,0.0,0.0,0.0,1,234.0,0.0,0,1374.0,1272.0,0.0,0.0,0.0,0.0,3
2023-05-09 21:06:13,cu2312P60000,cu2312P60000,1374.0,0.0,0.0,0.0,1,234.0,0.0,0,1374.0,1272.0,0.0,0.0,0.0,0.0,3
2023-05-09 21:06:13,cu2312P60000,cu2312P60000,1374.0,0.0,0.0,0.0,2,236.0,0.0,0,1374.0,1272.0,0.0,0.0,0.0,0.0,3
2023-05-09 21:06:14,cu2312P60000,cu2312P60000,1374.0,0.0,0.0,0.0,1,238.0,0.0,0,1374.0,1272.0,0.0,0.0,0.0,0.0,3
2023-05-09 21:06:14,cu2312P60000,cu2312P60000,1374.0,0.0,0.0,0.0,1,238.0,0.0,0,1374.0,1272.0,0.0,0.0,0.0,0.0,3
2023-05-09 21:06:15,cu2312P60000,cu2312P60000,1374.0,0.0,0.0,0.0,2,240.0,0.0,0,1374.0,1272.0,0.0,0.0,0.0,0.0,3
2023-05-09 21:06:16,cu2312P60000,cu2312P60000,1374.0,0.0,0.0,0.0,1,242.0,0.0,0,1374.0,1272.0,0.0,0.0,0.0,0.0,3
2023-05-09 21:06:16,cu2312P60000,cu2312P60000,1374.0,0.0,0.0,0.0,1,242.0,0.0,0,1374.0,1272.0,0.0,0.0,0.0,0.0,3
2023-05-09 21:06:17,cu2312P60000,cu2312P60000,1374.0,0.0,0.0,0.0,2,244.0,0.0,0,1374.0,1272.0,0.0,0.0,0.0,0.0,3
2023-05-09 21:06:18,cu2312P60000,cu2312P60000,1374.0,0.0,0.0,0.0,1,246.0,0.0,0,1374.0,1272.0,0.0,0.0,0.0,0.0,3
2023-05-09 21:06:18,cu2312P60000,cu2312P60000,1374.0,0.0,0.0,0.0,1,246.0,0.0,0,1374.0,1272.0,0.0,0.0,0.0,0.0,3
2023-05-09 21:06:19,cu2312P60000,cu2312P60000,1374.0,0.0,0.0,0.0,2,248.0,0.0,0,1374.0,1272.0,0.0,0.0,0.0,0.0,3
2023-05-09 21:06:19,cu2312P60000,cu2312P60000,1374.0,0.0,0.0,0.0,1,250.0,0.0,0,1374.0,1272.0,0.0,0.0,0.0,0.0,3
2023-05-09 21:06:20,cu2312P60000,cu2312P60000,1374.0,0.0,0.0,0.0,1,250.0,0.0,0,1374.0,1272.0,0.0,0.0,0.0,0.0,3
2023-05-09 21:06:20,cu2312P60000,cu2312P60000,1374.0,0.0,0.0,0.0,2,252.0,0.0,0,1374.0,1272.0,0.0,0.0,0.0,0.0,3
2023-05-09 21:06:21,cu2312P60000,cu2312P60000,1374.0,0.0,0.0,0.0,1,254.0,0.0,0,1374.0,1272.0,0.0,0.0,0.0,0.0,3
2023-05-09 21:06:22,cu2312P60000,cu2312P60000,1374.0,0.0,0.0,0.0,1,254.0,0.0,0,1374.0,1272.0,0.0,0.0,0.0,0.0,3
2023-05-09 21:06:22,cu2312P60000,cu2312P60000,1374.0,0.0,0.0,0.0,2,256.0,0.0,0,1374.0,1272.0,0.0,0.0,0.0,0.0,3
2023-05-09 21:06:23,cu2312P60000,cu2312P60000,1374.0,0.0,0.0,0.0,1,258.0,0.0,0,1374.0,1272.0,0.0,0.0,0.0,0.0,3
2023-05-09 21:06:24,cu2312P60000,cu2312P60000,1374.0,0.0,0.0,0.0,1,258.0,0.0,0,1374.0,1272.0,0.0,0.0,0.0,0.0,3
2023-05-09 21:06:24,cu2312P60000,cu2312P60000,1374.0,0.0,0.0,0.0,2,260.0,0.0,0,1374.0,1272.0,0.0,0.0,0.0,0.0,3
2023-05-09 21:06:25,cu2312P60000,cu2312P60000,1374.0,0.0,0.0,0.0,2,260.0,0.0,0,1374.0,1272.0,0.0,0.0,0.0,0.0,3
2023-05-09 21:06:25,cu2312P60000,cu2312P60000,1374.0,0.0,0.0,0.0,1,262.0,0.0,0,1374.0,1272.0,0.0,0.0,0.0,0.0,3
2023-05-09 21:06:26,cu2312P60000,cu2312P60000,1374.0,0.0,0.0,0.0,1,262.0,0.0,0,1374.0,1272.0,0.0,0.0,0.0,0.0,3
2023-05-09 21:06:26,cu2312P60000,cu2312P60000,1374.0,0.0,0.0,0.0,2,264.0,0.0,0,1374.0,1272.0,0.0,0.0,0.0,0.0,3
2023-05-09 21:06:27,cu2312P60000,cu2312P60000,1374.0,0.0,0.0,0.0,1,266.0,0.0,0,1374.0,1272.0,0.0,0.0,0.0,0.0,3
2023-05-09 21:06:28,cu2312P60000,cu2312P60000,1374.0,0.0,0.0,0.0,1,266.0,0.0,0,1374.0,1272.0,0.0,0.0,0.0,0.0,3
2023-05-09 21:06:28,cu2312P60000,cu2312P60000,1374.0,0.0,0.0,0.0,2,268.0,0.0,0,1374.0,1272.0,0.0,0.0,0.0,0.0,3
2023-05-09 21:06:29,cu2312P60000,cu2312P60000,1374.0,0.0,0.0,0.0,1,270.0,0.0,0,1374.0,1272.0,0.0,0.0,0.0,0.0,3
2023-05-09 21:06:29,cu2312P60000,cu2312P60000,1374.0,0.0,0.0,0.0,1,270.0,0.0,0,1374.0,1272.0,0.0,0.0,0.0,0.0,3
2023-05-09 21:06:30,cu2312P60000,cu2312P60000,1374.0,0.0,0.0,0.0,2,272.0,0.0,0,1374.0,1272.0,0.0,0.0,0.0,0.0,3
2023-05-09 21:06:30,cu2312P60000,cu2312P60000,1374.0,0.0,0.0,0.0,1,274.0,0.0,0,1374.0,1272.0,0.0,0.0,0.0,0.0,3
2023-05-09 21:06:31,cu2312P60000,cu2312P60000,1374.0,0.0,0.0,0.0,1,274.0,0.0,0,1374.0,1272.0,0.0,0.0,0.0,0.0,3
2023-05-09 21:06:31,cu2312P60000,cu2312P60000,1374.0,0.0,0.0,0.0,2,276.0,0.0,0,1374.0,1272.0,0.0,0.0,0.0,0.0,3
2023-05-09 21:06:32,cu2312P60000,cu2312P60000,1374.0,0.0,0.0,0.0,2,276.0,0.0,0,1374.0,1272.0,0.0,0.0,0.0,0.0,3
2023-05-09 21:06:32,cu2312P60000,cu2312P60000,1374.0,0.0,0.0,0.0,1,278.0,0.0,0,1374.0,1272.0,0.0,0.0,0.0,0.0,3
2023-05-09 21:06:33,cu2312P60000,cu2312P60000,1374.0,0.0,0.0,0.0,1,278.0,0.0,0,1374.0,1272.0,0.0,0.0,0.0,0.0,3
2023-05-09 21:06:33,cu2312P60000,cu2312P60000,1374.0,0.0,0.0,0.0,2,280.0,0.0,0,1374.0,1272.0,0.0,0.0,0.0,0.0,3
2023-05-09 21:06:34,cu2312P60000,cu2312P60000,1374.0,0.0,0.0,0.0,1,282.0,0.0,0,1374.0,1272.0,0.0,0.0,0.0,0.0,3
2023-05-09 21:06:34,cu2312P60000,cu2312P60000,1374.0,0.0,0.0,0.0,1,282.0,0.0,0,1374.0,1272.0,0.0,0.0,0.0,0.0,3
2023-05-09 21:06:35,cu2312P60000,cu2312P60000,1374.0,0.0,0.0,0.0,2,284.0,0.0,0,1374.0,1272.0,0.0,0.0,0.0,0.0,3
2023-05-09 21:06:36,cu2312P60000,cu2312P60000,1374.0,0.0,0.0,0.0,1,286.0,0.0,0,1374.0,1272.0,0.0,0.0,0.0,0.0,3
2023-05-09 21:06:36,cu2312P60000,cu2312P60000,1374.0,0.0,0.0,0.0,1,286.0,0.0,0,1374.0,1272.0,0.0,0.0,0.0,0.0,3
2023-05-09 21:06:37,cu2312P60000,cu2312P60000,1374.0,0.0,0.0,0.0,2,288.0,0.0,0,1374.0,1272.0,0.0,0.0,0.0,0.0,3
2023-05-09 21:06:37,cu2312P60000,cu2312P60000,1374.0,0.0,0.0,0.0,1,290.0,0.0,0,1374.0,1272.0,0.0,0.0,0.0,0.0,3
2023-05-09 21:06:38,cu2312P60000,cu2312P60000,1374.0,0.0,0.0,0.0,1,290.0,0.0,0,1374.0,1272.0,0.0,0.0,0.0,0.0,3
2023-05-09 21:06:38,cu2312P60000,cu2312P60000,1374.0,0.0,0.0,0.0,2,292.0,0.0,0,1374.0,1272.0,0.0,0.0,0.0,0.0,3
2023-05-09 21:06:39,cu2312P60000,cu2312P60000,1374.0,0.0,0.0,0.0,1,294.0,0.0,0,1374.0,1272.0,0.0,0.0,0.0,0.0,3
2023-05-09 21:06:39,cu2312P60000,cu2312P60000,1374.0,0.0,0.0,0.0,1,294.0,0.0,0,1374.0,1272.0,0.0,0.0,0.0,0.0,3
2023-05-09 21:06:40,cu2312P60000,cu2312P60000,1374.0,0.0,0.0,0.0,2,296.0,0.0,0,1374.0,1272.0,0.0,0.0,0.0,0.0,3
2023-05-09 21:06:40,cu2312P60000,cu2312P60000,1374.0,0.0,0.0,0.0,1,298.0,0.0,0,1374.0,1272.0,0.0,0.0,0.0,0.0,3
2023-05-09 21:06:41,cu2312P60000,cu2312P60000,1374.0,0.0,0.0,0.0,1,298.0,0.0,0,1374.0,1272.0,0.0,0.0,0.0,0.0,3
2023-05-09 21:06:41,cu2312P60000,cu2312P60000,1374.0,0.0,0.0,0.0,2,300.0,0.0,0,1374.0,1272.0,0.0,0.0,0.0,0.0,3
2023-05-09 21:06:42,cu2312P60000,cu2312P60000,1374.0,0.0,0.0,0.0,1,302.0,0.0,0,1374.0,1272.0,0.0,0.0,0.0,0.0,3
2023-05-09 21:06:42,cu2312P60000,cu2312P60000,1374.0,0.0,0.0,0.0,1,302.0,0.0,0,1374.0,1272.0,0.0,0.0,0.0,0.0,3
2023-05-09 21:06:43,cu2312P60000,cu2312P60000,1374.0,0.0,0.0,0.0,2,304.0,0.0,0,1374.0,1272.0,0.0,0.0,0.0,0.0,3
2023-05-09 21:06:43,cu2312P60000,cu2312P60000,1374.0,0.0,0.0,0.0,2,304.0,0.0,0,1374.0,1272.0,0.0,0.0,0.0,0.0,3
2023-05-09 21:06:44,cu2312P60000,cu2312P60000,1374.0,0.0,0.0,0.0,1,306.0,0.0,0,1374.0,1272.0,0.0,0.0,0.0,0.0,3
2023-05-09 21:06:44,cu2312P60000,cu2312P60000,1374.0,0.0,0.0,0.0,1,306.0,0.0,0,1374.0,1272.0,0.0,0.0,0.0,0.0,3
2023-05-09 21:06:45,cu2312P60000,cu2312P60000,1374.0,0.0,0.0,0.0,2,308.0,0.0,0,1374.0,1272.0,0.0,0.0,0.0,0.0,3
2023-05-09 21:06:45,cu2312P60000,cu2312P60000,1374.0,0.0,0.0,0.0,1,310.0,0.0,0,1374.0,1272.0,0.0,0.0,0.0,0.0,3
2023-05-09 21:06:46,cu2312P60000,cu2312P60000,1374.0,0.0,0.0,0.0,1,310.0,0.0,0,1374.0,1272.0,0.0,0.0,0.0,0.0,3
2023-05-09 21:06:46,cu2312P60000,cu2312P60000,1374.0,0.0,0.0,0.0,2,312.0,0.0,0,1374.0,1272.0,0.0,0.0,0.0,0.0,3
2023-05-09 21:06:47,cu2312P60000,cu2312P60000,1374.0,0.0,0.0,0.0,2,312.0,0.0,0,1374.0,1272.0,0.0,0.0,0.0,0.0,3
2023-05-09 21:06:47,cu2312P60000,cu2312P60000,1374.0,0.0,0.0,0.0,1,314.0,0.0,0,1374.0,1272.0,0.0,0.0,0.0,0.0,3
2023-05-09 21:06:48,cu2312P60000,cu2312P60000,1374.0,0.0,0.0,0.0,1,314.0,0.0,0,1374.0,1272.0,0.0,0.0,0.0,0.0,3
2023-05-09 21:06:48,cu2312P60000,cu2312P60000,1374.0,0.0,0.0,0.0,2,316.0,0.0,0,1374.0,1272.0,0.0,0.0,0.0,0.0,3
2023-05-09 21:06:49,cu2312P60000,cu2312P60000,1374.0,0.0,0.0,0.0,1,318.0,0.0,0,1374.0,1272.0,0.0,0.0,0.0,0.0,3
2023-05-09 21:06:49,cu2312P60000,cu2312P60000,1374.0,0.0,0.0,0.0,1,318.0,0.0,0,1374.0,1272.0,0.0,0.0,0.0,0.0,3
2023-05-09 21:06:50,cu2312P60000,cu2312P60000,1374.0,0.0,0.0,0.0,2,320.0,0.0,0,1374.0,1272.0,0.0,0.0,0.0,0.0,3
2023-05-09 21:06:50,cu2312P60000,cu2312P60000,1374.0,0.0,0.0,0.0,1,322.0,0.0,0,1374.0,1272.0,0.0,0.0,0.0,0.0,3
2023-05-09 21:06:51,cu2312P60000,cu2312P60000,1374.0,0.0,0.0,0.0,1,322.0,0.0,0,1374.0,1272.0,0.0,0.0,0.0,0.0,3
2023-05-09 21:06:52,cu2312P60000,cu2312P60000,1374.0,0.0,0.0,0.0,2,324.0,0.0,0,1374.0,1272.0,0.0,0.0,0.0,0.0,3
2023-05-09 21:06:52,cu2312P60000,cu2312P60000,1374.0,0.0,0.0,0.0,1,326.0,0.0,0,1374.0,1272.0,0.0,0.0,0.0,0.0,3
2023-05-09 21:06:53,cu2312P60000,cu2312P60000,1374.0,0.0,0.0,0.0,1,326.0,0.0,0,1374.0,1272.0,0.0,0.0,0.0,0.0,3
2023-05-09 21:06:53,cu2312P60000,cu2312P60000,1374.0,0.0,0.0,0.0,2,328.0,0.0,0,1374.0,1272.0,0.0,0.0,0.0,0.0,3
2023-05-09 21:06:54,cu2312P60000,cu2312P60000,1374.0,0.0,0.0,0.0,1,330.0,0.0,0,1374.0,1272.0,0.0,0.0,0.0,0.0,3
2023-05-09 21:06:54,cu2312P60000,cu2312P60000,1374.0,0.0,0.0,0.0,1,330.0,0.0,0,1374.0,1272.0,0.0,0.0,0.0,0.0,3
2023-05-09 21:06:55,cu2312P60000,cu2312P60000,1374.0,0.0,0.0,0.0,2,332.0,0.0,0,1374.0,1272.0,0.0,0.0,0.0,0.0,3
2023-05-09 21:06:55,cu2312P60000,cu2312P60000,1374.0,0.0,0.0,0.0,1,334.0,0.0,0,1374.0,1272.0,0.0,0.0,0.0,0.0,3
2023-05-09 21:06:56,cu2312P60000,cu2312P60000,1374.0,0.0,0.0,0.0,1,334.0,0.0,0,1374.0,1272.0,0.0,0.0,0.0,0.0,3
2023-05-09 21:06:56,cu2312P60000,cu2312P60000,1374.0,0.0,0.0,0.0,2,336.0,0.0,0,1374.0,1272.0,0.0,0.0,0.0,0.0,3
2023-05-09 21:06:57,cu2312P60000,cu2312P60000,1374.0,0.0,0.0,0.0,1,338.0,0.0,0,1374.0,1272.0,0.0,0.0,0.0,0.0,3
2023-05-09 21:06:57,cu2312P60000,cu2312P60000,1374.0,0.0,0.0,0.0,1,338.0,0.0,0,1374.0,1272.0,0.0,0.0,0.0,0.0,3
2023-05-09 21:06:58,cu2312P60000,cu2312P60000,1374.0,0.0,0.0,0.0,2,340.0,0.0,0,1374.0,1272.0,0.0,0.0,0.0,0.0,3
2023-05-09 21:06:58,cu2312P60000,cu2312P60000,1374.0,0.0,0.0,0.0,1,342.0,0.0,0,1374.0,1272.0,0.0,0.0,0.0,0.0,3
2023-05-09 21:06:59,cu2312P60000,cu2312P60000,1374.0,0.0,0.0,0.0,1,342.0,0.0,0,1374.0,1272.0,0.0,0.0,0.0,0.0,3
2023-05-09 21:06:59,cu2312P60000,cu2312P60000,1374.0,0.0,0.0,0.0,2,344.0,0.0,0,1374.0,1272.0,0.0,0.0,0.0,0.0,3
2023-05-09 21:07:00,cu2312P60000,cu2312P60000,1374.0,0.0,0.0,0.0,1,346.0,0.0,0,1374.0,1272.0,0.0,0.0,0.0,0.0,3
2023-05-09 21:07:01,cu2312P60000,cu2312P60000,1374.0,0.0,0.0,0.0,1,346.0,0.0,0,1374.0,1272.0,0.0,0.0,0.0,0.0,3
2023-05-09 21:07:01,cu2312P60000,cu2312P60000,1374.0,0.0,0.0,0.0,2,348.0,0.0,0,1374.0,1272.0,0.0,0.0,0.0,0.0,3
2023-05-09 21:07:02,cu2312P60000,cu2312P60000,1374.0,0.0,0.0,0.0,1,350.0,0.0,0,1374.0,1272.0,0.0,0.0,0.0,0.0,3
2023-05-09 21:07:02,cu2312P60000,cu2312P60000,1374.0,0.0,0.0,0.0,1,350.0,0.0,0,1374.0,1272.0,0.0,0.0,0.0,0.0,3
2023-05-09 21:07:03,cu2312P60000,cu2312P60000,1374.0,0.0,0.0,0.0,2,352.0,0.0,0,1374.0,1272.0,0.0,0.0,0.0,0.0,3
2023-05-09 21:07:03,cu2312P60000,cu2312P60000,1374.0,0.0,0.0,0.0,1,354.0,0.0,0,1374.0,1272.0,0.0,0.0,0.0,0.0,3
2023-05-09 21:07:04,cu2312P60000,cu2312P60000,1374.0,0.0,0.0,0.0,1,354.0,0.0,0,1374.0,1272.0,0.0,0.0,0.0,0.0,3
2023-05-09 21:07:04,cu2312P60000,cu2312P60000,1374.0,0.0,0.0,0.0,2,356.0,0.0,0,1374.0,1272.0,0.0,0.0,0.0,0.0,3
2023-05-09 21:07:05,cu2312P60000,cu2312P60000,1374.0,0.0,0.0,0.0,1,358.0,0.0,0,1374.0,1272.0,0.0,0.0,0.0,0.0,3
2023-05-09 21:07:05,cu2312P60000,cu2312P60000,1374.0,0.0,0.0,0.0,1,358.0,0.0,0,1374.0,1272.0,0.0,0.0,0.0,0.0,3
2023-05-09 21:07:06,cu2312P60000,cu2312P60000,1374.0,0.0,0.0,0.0,2,360.0,0.0,0,1374.0,1272.0,0.0,0.0,0.0,0.0,3
2023-05-09 21:07:06,cu2312P60000,cu2312P60000,1374.0,0.0,0.0,0.0,1,362.0,0.0,0,1374.0,1272.0,0.0,0.0,0.0,0.0,3
2023-05-09 21:07:07,cu2312P60000,cu2312P60000,1374.0,0.0,0.0,0.0,1,362.0,0.0,0,1374.0,1272.0,0.0,0.0,0.0,0.0,3
2023-05-09 21:07:07,cu2312P60000,cu2312P60000,1374.0,0.0,0.0,0.0,2,364.0,0.0,0,1374.0,1272.0,0.0,0.0,0.0,0.0,3
2023-05-09 21:07:08,cu2312P60000,cu2312P60000,1374.0,0.0,0.0,0.0,1,366.0,0.0,0,1374.0,1272.0,0.0,0.0,0.0,0.0,3
2023-05-09 21:07:08,cu2312P60000,cu2312P60000,1374.0,0.0,0.0,0.0,1,366.0,0.0,0,1374.0,1272.0,0.0,0.0,0.0,0.0,3
2023-05-09 21:07:09,cu2312P60000,cu2312P60000,1374.0,0.0,0.0,0.0,2,368.0,0.0,0,1374.0,1272.0,0.0,0.0,0.0,0.0,3
2023-05-09 21:07:09,cu2312P60000,cu2312P60000,1374.0,0.0,0.0,0.0,1,370.0,0.0,0,1374.0,1272.0,0.0,0.0,0.0,0.0,3
2023-05-09 21:07:10,cu2312P60000,cu2312P60000,1374.0,0.0,0.0,0.0,1,370.0,0.0,0,1374.0,1272.0,0.0,0.0,0.0,0.0,3
2023-05-09 21:07:10,cu2312P60000,cu2312P60000,1374.0,0.0,0.0,0.0,2,372.0,0.0,0,1374.0,1272.0,0.0,0.0,0.0,0.0,3
2023-05-09 21:07:11,cu2312P60000,cu2312P60000,1374.0,0.0,0.0,0.0,1,374.0,0.0,0,1374.0,1272.0,0.0,0.0,0.0,0.0,3
2023-05-09 21:07:11,cu2312P60000,cu2312P60000,1374.0,0.0,0.0,0.0,1,374.0,0.0,0,1374.0,1272.0,0.0,0.0,0.0,0.0,3
2023-05-09 21:07:12,cu2312P60000,cu2312P60000,1374.0,0.0,0.0,0.0,2,376.0,0.0,0,1374.0,1272.0,0.0,0.0,0.0,0.0,3
2023-05-09 21:07:12,cu2312P60000,cu2312P60000,1374.0,0.0,0.0,0.0,1,378.0,0.0,0,1374.0,1272.0,0.0,0.0,0.0,0.0,3
2023-05-09 21:07:13,cu2312P60000,cu2312P60000,1374.0,0.0,0.0,0.0,1,378.0,0.0,0,1374.0,1272.0,0.0,0.0,0.0,0.0,3
2023-05-09 21:07:13,cu2312P60000,cu2312P60000,1374.0,0.0,0.0,0.0,2,380.0,0.0,0,1374.0,1272.0,0.0,0.0,0.0,0.0,3
2023-05-09 21:07:14,cu2312P60000,cu2312P60000,1374.0,0.0,0.0,0.0,1,382.0,0.0,0,1374.0,1272.0,0.0,0.0,0.0,0.0,3
2023-05-09 21:07:14,cu2312P60000,cu2312P60000,1374.0,0.0,0.0,0.0,1,382.0,0.0,0,1374.0,1272.0,0.0,0.0,0.0,0.0,3
2023-05-09 21:07:15,cu2312P60000,cu2312P60000,1374.0,0.0,0.0,0.0,2,384.0,0.0,0,1374.0,1272.0,0.0,0.0,0.0,0.0,3
2023-05-09 21:07:15,cu2312P60000,cu2312P60000,1374.0,0.0,0.0,0.0,1,386.0,0.0,0,1374.0,1272.0,0.0,0.0,0.0,0.0,3
2023-05-09 21:07:17,cu2312P60000,cu2312P60000,1374.0,0.0,0.0,0.0,1,386.0,0.0,0,1374.0,1272.0,0.0,0.0,0.0,0.0,3
2023-05-09 21:07:18,cu2312P60000,cu2312P60000,1374.0,0.0,0.0,0.0,2,388.0,0.0,0,1374.0,1272.0,0.0,0.0,0.0,0.0,3
2023-05-09 21:07:18,cu2312P60000,cu2312P60000,1374.0,0.0,0.0,0.0,1,390.0,0.0,0,1374.0,1272.0,0.0,0.0,0.0,0.0,3
2023-05-09 21:07:19,cu2312P60000,cu2312P60000,1374.0,0.0,0.0,0.0,1,390.0,0.0,0,1374.0,1272.0,0.0,0.0,0.0,0.0,3
2023-05-09 21:07:20,cu2312P60000,cu2312P60000,1374.0,0.0,0.0,0.0,2,392.0,0.0,0,1374.0,1272.0,0.0,0.0,0.0,0.0,3
2023-05-09 21:07:21,cu2312P60000,cu2312P60000,1374.0,0.0,0.0,0.0,1,394.0,0.0,0,1374.0,1272.0,0.0,0.0,0.0,0.0,3
2023-05-09 21:07:21,cu2312P60000,cu2312P60000,1374.0,0.0,0.0,0.0,1,394.0,0.0,0,1374.0,1272.0,0.0,0.0,0.0,0.0,3
2023-05-09 21:07:22,cu2312P60000,cu2312P60000,1374.0,0.0,0.0,0.0,2,396.0,0.0,0,1374.0,1272.0,0.0,0.0,0.0,0.0,3
2023-05-09 21:07:22,cu2312P60000,cu2312P60000,1374.0,0.0,0.0,0.0,1,398.0,0.0,0,1374.0,1272.0,0.0,0.0,0.0,0.0,3
2023-05-09 21:07:23,cu2312P60000,cu2312P60000,1374.0,0.0,0.0,0.0,1,398.0,0.0,0,1374.0,1272.0,0.0,0.0,0.0,0.0,3
2023-05-09 21:07:23,cu2312P60000,cu2312P60000,1374.0,0.0,0.0,0.0,2,400.0,0.0,0,1374.0,1272.0,0.0,0.0,0.0,0.0,3
2023-05-09 21:07:24,cu2312P60000,cu2312P60000,1374.0,0.0,0.0,0.0,2,400.0,0.0,0,1374.0,1272.0,0.0,0.0,0.0,0.0,3
2023-05-09 21:07:24,cu2312P60000,cu2312P60000,1374.0,0.0,0.0,0.0,1,402.0,0.0,0,1374.0,1272.0,0.0,0.0,0.0,0.0,3
2023-05-09 21:07:25,cu2312P60000,cu2312P60000,1374.0,0.0,0.0,0.0,1,402.0,0.0,0,1374.0,1272.0,0.0,0.0,0.0,0.0,3
2023-05-09 21:07:25,cu2312P60000,cu2312P60000,1374.0,0.0,0.0,0.0,2,404.0,0.0,0,1374.0,1272.0,0.0,0.0,0.0,0.0,3
2023-05-09 21:07:26,cu2312P60000,cu2312P60000,1374.0,0.0,0.0,0.0,1,406.0,0.0,0,1374.0,1272.0,0.0,0.0,0.0,0.0,3
2023-05-09 21:07:26,cu2312P60000,cu2312P60000,1374.0,0.0,0.0,0.0,1,406.0,0.0,0,1374.0,1272.0,0.0,0.0,0.0,0.0,3
2023-05-09 21:07:27,cu2312P60000,cu2312P60000,1374.0,0.0,0.0,0.0,2,408.0,0.0,0,1374.0,1272.0,0.0,0.0,0.0,0.0,3
2023-05-09 21:07:27,cu2312P60000,cu2312P60000,1374.0,0.0,0.0,0.0,1,410.0,0.0,0,1374.0,1272.0,0.0,0.0,0.0,0.0,3
2023-05-09 21:07:28,cu2312P60000,cu2312P60000,1374.0,0.0,0.0,0.0,1,410.0,0.0,0,1374.0,1272.0,0.0,0.0,0.0,0.0,3
2023-05-09 21:07:28,cu2312P60000,cu2312P60000,1374.0,0.0,0.0,0.0,2,412.0,0.0,0,1374.0,1272.0,0.0,0.0,0.0,0.0,3
2023-05-09 21:07:29,cu2312P60000,cu2312P60000,1374.0,0.0,0.0,0.0,1,414.0,0.0,0,1374.0,1272.0,0.0,0.0,0.0,0.0,3
2023-05-09 21:07:29,cu2312P60000,cu2312P60000,1374.0,0.0,0.0,0.0,1,414.0,0.0,0,1374.0,1272.0,0.0,0.0,0.0,0.0,3
2023-05-09 21:07:30,cu2312P60000,cu2312P60000,1374.0,0.0,0.0,0.0,2,416.0,0.0,0,1374.0,1272.0,0.0,0.0,0.0,0.0,3
2023-05-09 21:07:30,cu2312P60000,cu2312P60000,1374.0,0.0,0.0,0.0,1,418.0,0.0,0,1374.0,1272.0,0.0,0.0,0.0,0.0,3
2023-05-09 21:07:31,cu2312P60000,cu2312P60000,1374.0,0.0,0.0,0.0,1,418.0,0.0,0,1374.0,1272.0,0.0,0.0,0.0,0.0,3
2023-05-09 21:07:31,cu2312P60000,cu2312P60000,1374.0,0.0,0.0,0.0,2,420.0,0.0,0,1374.0,1272.0,0.0,0.0,0.0,0.0,3
2023-05-09 21:07:32,cu2312P60000,cu2312P60000,1374.0,0.0,0.0,0.0,1,422.0,0.0,0,1374.0,1272.0,0.0,0.0,0.0,0.0,3
2023-05-09 21:07:32,cu2312P60000,cu2312P60000,1374.0,0.0,0.0,0.0,1,422.0,0.0,0,1374.0,1272.0,0.0,0.0,0.0,0.0,3
2023-05-09 21:07:33,cu2312P60000,cu2312P60000,1374.0,0.0,0.0,0.0,2,424.0,0.0,0,1374.0,1272.0,0.0,0.0,0.0,0.0,3
2023-05-09 21:07:33,cu2312P60000,cu2312P60000,1374.0,0.0,0.0,0.0,1,426.0,0.0,0,1374.0,1272.0,0.0,0.0,0.0,0.0,3
2023-05-09 21:07:34,cu2312P60000,cu2312P60000,1374.0,0.0,0.0,0.0,1,426.0,0.0,0,1374.0,1272.0,0.0,0.0,0.0,0.0,3
2023-05-09 21:07:34,cu2312P60000,cu2312P60000,1374.0,0.0,0.0,0.0,2,428.0,0.0,0,1374.0,1272.0,0.0,0.0,0.0,0.0,3
2023-05-09 21:07:35,cu2312P60000,cu2312P60000,1374.0,0.0,0.0,0.0,1,430.0,0.0,0,1374.0,1272.0,0.0,0.0,0.0,0.0,3
2023-05-09 21:07:35,cu2312P60000,cu2312P60000,1374.0,0.0,0.0,0.0,1,430.0,0.0,0,1374.0,1272.0,0.0,0.0,0.0,0.0,3
2023-05-09 21:07:36,cu2312P60000,cu2312P60000,1374.0,0.0,0.0,0.0,2,432.0,0.0,0,1374.0,1272.0,0.0,0.0,0.0,0.0,3
2023-05-09 21:07:36,cu2312P60000,cu2312P60000,1374.0,0.0,0.0,0.0,1,434.0,0.0,0,1374.0,1272.0,0.0,0.0,0.0,0.0,3
2023-05-09 21:07:37,cu2312P60000,cu2312P60000,1374.0,0.0,0.0,0.0,1,434.0,0.0,0,1374.0,1272.0,0.0,0.0,0.0,0.0,3
2023-05-09 21:07:37,cu2312P60000,cu2312P60000,1374.0,0.0,0.0,0.0,2,436.0,0.0,0,1374.0,1272.0,0.0,0.0,0.0,0.0,3
2023-05-09 21:07:38,cu2312P60000,cu2312P60000,1374.0,0.0,0.0,0.0,1,438.0,0.0,0,1374.0,1272.0,0.0,0.0,0.0,0.0,3
2023-05-09 21:07:38,cu2312P60000,cu2312P60000,1374.0,0.0,0.0,0.0,1,438.0,0.0,0,1374.0,1272.0,0.0,0.0,0.0,0.0,3
2023-05-09 21:07:39,cu2312P60000,cu2312P60000,1374.0,0.0,0.0,0.0,2,440.0,0.0,0,1374.0,1272.0,0.0,0.0,0.0,0.0,3
2023-05-09 21:07:40,cu2312P60000,cu2312P60000,1374.0,0.0,0.0,0.0,2,440.0,0.0,0,1374.0,1272.0,0.0,0.0,0.0,0.0,3
2023-05-09 21:07:40,cu2312P60000,cu2312P60000,1374.0,0.0,0.0,0.0,1,442.0,0.0,0,1374.0,1272.0,0.0,0.0,0.0,0.0,3
2023-05-09 21:07:41,cu2312P60000,cu2312P60000,1374.0,0.0,0.0,0.0,1,442.0,0.0,0,1374.0,1272.0,0.0,0.0,0.0,0.0,3
2023-05-09 21:07:41,cu2312P60000,cu2312P60000,1374.0,0.0,0.0,0.0,2,444.0,0.0,0,1374.0,1272.0,0.0,0.0,0.0,0.0,3
2023-05-09 21:07:42,cu2312P60000,cu2312P60000,1374.0,0.0,0.0,0.0,1,446.0,0.0,0,1374.0,1272.0,0.0,0.0,0.0,0.0,3
2023-05-09 21:07:42,cu2312P60000,cu2312P60000,1374.0,0.0,0.0,0.0,1,446.0,0.0,0,1374.0,1272.0,0.0,0.0,0.0,0.0,3
2023-05-09 21:07:43,cu2312P60000,cu2312P60000,1374.0,0.0,0.0,0.0,2,448.0,0.0,0,1374.0,1272.0,0.0,0.0,0.0,0.0,3
2023-05-09 21:07:43,cu2312P60000,cu2312P60000,1374.0,0.0,0.0,0.0,1,450.0,0.0,0,1374.0,1272.0,0.0,0.0,0.0,0.0,3
2023-05-09 21:07:44,cu2312P60000,cu2312P60000,1374.0,0.0,0.0,0.0,1,450.0,0.0,0,1374.0,1272.0,0.0,0.0,0.0,0.0,3
2023-05-09 21:07:44,cu2312P60000,cu2312P60000,1374.0,0.0,0.0,0.0,2,452.0,0.0,0,1374.0,1272.0,0.0,0.0,0.0,0.0,3
2023-05-09 21:07:45,cu2312P60000,cu2312P60000,1374.0,0.0,0.0,0.0,1,454.0,0.0,0,1374.0,1272.0,0.0,0.0,0.0,0.0,3
2023-05-09 21:07:47,cu2312P60000,cu2312P60000,1374.0,0.0,0.0,0.0,1,454.0,0.0,0,1374.0,1272.0,0.0,0.0,0.0,0.0,3
2023-05-09 21:07:47,cu2312P60000,cu2312P60000,1374.0,0.0,0.0,0.0,2,456.0,0.0,0,1374.0,1272.0,0.0,0.0,0.0,0.0,3
2023-05-09 21:07:48,cu2312P60000,cu2312P60000,1374.0,0.0,0.0,0.0,1,458.0,0.0,0,1374.0,1272.0,0.0,0.0,0.0,0.0,3
2023-05-09 21:07:48,cu2312P60000,cu2312P60000,1374.0,0.0,0.0,0.0,1,458.0,0.0,0,1374.0,1272.0,0.0,0.0,0.0,0.0,3
2023-05-09 21:07:49,cu2312P60000,cu2312P60000,1374.0,0.0,0.0,0.0,2,460.0,0.0,0,1374.0,1272.0,0.0,0.0,0.0,0.0,3
2023-05-09 21:07:49,cu2312P60000,cu2312P60000,1374.0,0.0,0.0,0.0,1,462.0,0.0,0,1374.0,1272.0,0.0,0.0,0.0,0.0,3
2023-05-09 21:07:50,cu2312P60000,cu2312P60000,1374.0,0.0,0.0,0.0,1,462.0,0.0,0,1374.0,1272.0,0.0,0.0,0.0,0.0,3
2023-05-09 21:07:50,cu2312P60000,cu2312P60000,1374.0,0.0,0.0,0.0,2,464.0,0.0,0,1374.0,1272.0,0.0,0.0,0.0,0.0,3
2023-05-09 21:07:51,cu2312P60000,cu2312P60000,1374.0,0.0,0.0,0.0,1,466.0,0.0,0,1374.0,1272.0,0.0,0.0,0.0,0.0,3
2023-05-09 21:07:51,cu2312P60000,cu2312P60000,1374.0,0.0,0.0,0.0,1,466.0,0.0,0,1374.0,1272.0,0.0,0.0,0.0,0.0,3
2023-05-09 21:07:52,cu2312P60000,cu2312P60000,1374.0,0.0,0.0,0.0,2,468.0,0.0,0,1374.0,1272.0,0.0,0.0,0.0,0.0,3
2023-05-09 21:07:52,cu2312P60000,cu2312P60000,1374.0,0.0,0.0,0.0,2,468.0,0.0,0,1374.0,1272.0,0.0,0.0,0.0,0.0,3
2023-05-09 21:07:53,cu2312P60000,cu2312P60000,1374.0,0.0,0.0,0.0,1,470.0,0.0,0,1374.0,1272.0,0.0,0.0,0.0,0.0,3
2023-05-09 21:07:53,cu2312P60000,cu2312P60000,1374.0,0.0,0.0,0.0,1,470.0,0.0,0,1374.0,1272.0,0.0,0.0,0.0,0.0,3
2023-05-09 21:07:54,cu2312P60000,cu2312P60000,1374.0,0.0,0.0,0.0,2,472.0,0.0,0,1374.0,1272.0,0.0,0.0,0.0,0.0,3
2023-05-09 21:07:54,cu2312P60000,cu2312P60000,1374.0,0.0,0.0,0.0,1,474.0,0.0,0,1374.0,1272.0,0.0,0.0,0.0,0.0,3
2023-05-09 21:07:55,cu2312P60000,cu2312P60000,1374.0,0.0,0.0,0.0,1,474.0,0.0,0,1374.0,1272.0,0.0,0.0,0.0,0.0,3
2023-05-09 21:07:55,cu2312P60000,cu2312P60000,1374.0,0.0,0.0,0.0,2,476.0,0.0,0,1374.0,1272.0,0.0,0.0,0.0,0.0,3
2023-05-09 21:07:56,cu2312P60000,cu2312P60000,1374.0,0.0,0.0,0.0,1,478.0,0.0,0,1374.0,1272.0,0.0,0.0,0.0,0.0,3
2023-05-09 21:07:56,cu2312P60000,cu2312P60000,1374.0,0.0,0.0,0.0,1,478.0,0.0,0,1374.0,1272.0,0.0,0.0,0.0,0.0,3
2023-05-09 21:07:57,cu2312P60000,cu2312P60000,1374.0,0.0,0.0,0.0,2,480.0,0.0,0,1374.0,1272.0,0.0,0.0,0.0,0.0,3
2023-05-09 21:07:57,cu2312P60000,cu2312P60000,1374.0,0.0,0.0,0.0,1,482.0,0.0,0,1374.0,1272.0,0.0,0.0,0.0,0.0,3
2023-05-09 21:07:58,cu2312P60000,cu2312P60000,1374.0,0.0,0.0,0.0,1,482.0,0.0,0,1374.0,1272.0,0.0,0.0,0.0,0.0,3
2023-05-09 21:07:58,cu2312P60000,cu2312P60000,1374.0,0.0,0.0,0.0,2,484.0,0.0,0,1374.0,1272.0,0.0,0.0,0.0,0.0,3
2023-05-09 21:07:59,cu2312P60000,cu2312P60000,1374.0,0.0,0.0,0.0,1,486.0,0.0,0,1374.0,1272.0,0.0,0.0,0.0,0.0,3
2023-05-09 21:07:59,cu2312P60000,cu2312P60000,1374.0,0.0,0.0,0.0,1,486.0,0.0,0,1374.0,1272.0,0.0,0.0,0.0,0.0,3
2023-05-09 21:08:00,cu2312P60000,cu2312P60000,1374.0,0.0,0.0,0.0,2,488.0,0.0,0,1374.0,1272.0,0.0,0.0,0.0,0.0,3
2023-05-09 21:08:01,cu2312P60000,cu2312P60000,1374.0,0.0,0.0,0.0,1,490.0,0.0,0,1374.0,1272.0,0.0,0.0,0.0,0.0,3
2023-05-09 21:08:01,cu2312P60000,cu2312P60000,1374.0,0.0,0.0,0.0,2,492.0,0.0,0,1374.0,1272.0,0.0,0.0,0.0,0.0,3
2023-05-09 21:08:02,cu2312P60000,cu2312P60000,1374.0,0.0,0.0,0.0,1,494.0,0.0,0,1374.0,1272.0,0.0,0.0,0.0,0.0,3
2023-05-09 21:08:02,cu2312P60000,cu2312P60000,1374.0,0.0,0.0,0.0,1,494.0,0.0,0,1374.0,1272.0,0.0,0.0,0.0,0.0,3
2023-05-09 21:08:03,cu2312P60000,cu2312P60000,1374.0,0.0,0.0,0.0,2,496.0,0.0,0,1374.0,1272.0,0.0,0.0,0.0,0.0,3
2023-05-09 21:08:03,cu2312P60000,cu2312P60000,1374.0,0.0,0.0,0.0,1,498.0,0.0,0,1374.0,1272.0,0.0,0.0,0.0,0.0,3
2023-05-09 21:08:04,cu2312P60000,cu2312P60000,1374.0,0.0,0.0,0.0,1,498.0,0.0,0,1374.0,1272.0,0.0,0.0,0.0,0.0,3
2023-05-09 21:08:04,cu2312P60000,cu2312P60000,1374.0,0.0,0.0,0.0,2,500.0,0.0,0,1374.0,1272.0,0.0,0.0,0.0,0.0,3
2023-05-09 21:08:05,cu2312P60000,cu2312P60000,1374.0,0.0,0.0,0.0,1,502.0,0.0,0,1374.0,1272.0,0.0,0.0,0.0,0.0,3
2023-05-09 21:08:05,cu2312P60000,cu2312P60000,1374.0,0.0,0.0,0.0,1,502.0,0.0,0,1374.0,1272.0,0.0,0.0,0.0,0.0,3
2023-05-09 21:08:06,cu2312P60000,cu2312P60000,1374.0,0.0,0.0,0.0,2,504.0,0.0,0,1374.0,1272.0,0.0,0.0,0.0,0.0,3
2023-05-09 21:08:06,cu2312P60000,cu2312P60000,1374.0,0.0,0.0,0.0,1,506.0,0.0,0,1374.0,1272.0,0.0,0.0,0.0,0.0,3
2023-05-09 21:08:07,cu2312P60000,cu2312P60000,1374.0,0.0,0.0,0.0,1,506.0,0.0,0,1374.0,1272.0,0.0,0.0,0.0,0.0,3
2023-05-09 21:08:07,cu2312P60000,cu2312P60000,1374.0,0.0,0.0,0.0,2,508.0,0.0,0,1374.0,1272.0,0.0,0.0,0.0,0.0,3
2023-05-09 21:08:08,cu2312P60000,cu2312P60000,1374.0,0.0,0.0,0.0,1,510.0,0.0,0,1374.0,1272.0,0.0,0.0,0.0,0.0,3
2023-05-09 21:08:08,cu2312P60000,cu2312P60000,1374.0,0.0,0.0,0.0,1,510.0,0.0,0,1374.0,1272.0,0.0,0.0,0.0,0.0,3
2023-05-09 21:08:09,cu2312P60000,cu2312P60000,1374.0,0.0,0.0,0.0,2,512.0,0.0,0,1374.0,1272.0,0.0,0.0,0.0,0.0,3
2023-05-09 21:08:09,cu2312P60000,cu2312P60000,1374.0,0.0,0.0,0.0,1,514.0,0.0,0,1374.0,1272.0,0.0,0.0,0.0,0.0,3
2023-05-09 21:08:10,cu2312P60000,cu2312P60000,1374.0,0.0,0.0,0.0,1,514.0,0.0,0,1374.0,1272.0,0.0,0.0,0.0,0.0,3
2023-05-09 21:08:10,cu2312P60000,cu2312P60000,1374.0,0.0,0.0,0.0,2,516.0,0.0,0,1374.0,1272.0,0.0,0.0,0.0,0.0,3
2023-05-09 21:08:11,cu2312P60000,cu2312P60000,1374.0,0.0,0.0,0.0,1,518.0,0.0,0,1374.0,1272.0,0.0,0.0,0.0,0.0,3
2023-05-09 21:08:11,cu2312P60000,cu2312P60000,1374.0,0.0,0.0,0.0,1,518.0,0.0,0,1374.0,1272.0,0.0,0.0,0.0,0.0,3
2023-05-09 21:08:12,cu2312P60000,cu2312P60000,1374.0,0.0,0.0,0.0,2,520.0,0.0,0,1374.0,1272.0,0.0,0.0,0.0,0.0,3
2023-05-09 21:08:12,cu2312P60000,cu2312P60000,1374.0,0.0,0.0,0.0,1,522.0,0.0,0,1374.0,1272.0,0.0,0.0,0.0,0.0,3
2023-05-09 21:08:13,cu2312P60000,cu2312P60000,1374.0,0.0,0.0,0.0,1,522.0,0.0,0,1374.0,1272.0,0.0,0.0,0.0,0.0,3
2023-05-09 21:08:13,cu2312P60000,cu2312P60000,1374.0,0.0,0.0,0.0,2,524.0,0.0,0,1374.0,1272.0,0.0,0.0,0.0,0.0,3
2023-05-09 21:08:14,cu2312P60000,cu2312P60000,1374.0,0.0,0.0,0.0,1,526.0,0.0,0,1374.0,1272.0,0.0,0.0,0.0,0.0,3
2023-05-09 21:08:14,cu2312P60000,cu2312P60000,1374.0,0.0,0.0,0.0,1,526.0,0.0,0,1374.0,1272.0,0.0,0.0,0.0,0.0,3
2023-05-09 21:08:15,cu2312P60000,cu2312P60000,1374.0,0.0,0.0,0.0,2,528.0,0.0,0,1374.0,1272.0,0.0,0.0,0.0,0.0,3
2023-05-09 21:08:15,cu2312P60000,cu2312P60000,1374.0,0.0,0.0,0.0,1,530.0,0.0,0,1374.0,1272.0,0.0,0.0,0.0,0.0,3
2023-05-09 21:08:16,cu2312P60000,cu2312P60000,1374.0,0.0,0.0,0.0,1,530.0,0.0,0,1374.0,1272.0,0.0,0.0,0.0,0.0,3
2023-05-09 21:08:16,cu2312P60000,cu2312P60000,1374.0,0.0,0.0,0.0,2,532.0,0.0,0,1374.0,1272.0,0.0,0.0,0.0,0.0,3
2023-05-09 21:08:17,cu2312P60000,cu2312P60000,1374.0,0.0,0.0,0.0,1,534.0,0.0,0,1374.0,1272.0,0.0,0.0,0.0,0.0,3
2023-05-09 21:08:17,cu2312P60000,cu2312P60000,1374.0,0.0,0.0,0.0,1,534.0,0.0,0,1374.0,1272.0,0.0,0.0,0.0,0.0,3
2023-05-09 21:08:18,cu2312P60000,cu2312P60000,1374.0,0.0,0.0,0.0,2,536.0,0.0,0,1374.0,1272.0,0.0,0.0,0.0,0.0,3
2023-05-09 21:08:18,cu2312P60000,cu2312P60000,1374.0,0.0,0.0,0.0,1,538.0,0.0,0,1374.0,1272.0,0.0,0.0,0.0,0.0,3
2023-05-09 21:08:19,cu2312P60000,cu2312P60000,1374.0,0.0,0.0,0.0,1,538.0,0.0,0,1374.0,1272.0,0.0,0.0,0.0,0.0,3
2023-05-09 21:08:19,cu2312P60000,cu2312P60000,1374.0,0.0,0.0,0.0,2,540.0,0.0,0,1374.0,1272.0,0.0,0.0,0.0,0.0,3
2023-05-09 21:08:20,cu2312P60000,cu2312P60000,1374.0,0.0,0.0,0.0,1,542.0,0.0,0,1374.0,1272.0,0.0,0.0,0.0,0.0,3
2023-05-09 21:08:20,cu2312P60000,cu2312P60000,1374.0,0.0,0.0,0.0,1,542.0,0.0,0,1374.0,1272.0,0.0,0.0,0.0,0.0,3
2023-05-09 21:08:21,cu2312P60000,cu2312P60000,1374.0,0.0,0.0,0.0,2,544.0,0.0,0,1374.0,1272.0,0.0,0.0,0.0,0.0,3
2023-05-09 21:08:21,cu2312P60000,cu2312P60000,1374.0,0.0,0.0,0.0,1,546.0,0.0,0,1374.0,1272.0,0.0,0.0,0.0,0.0,3
2023-05-09 21:08:22,cu2312P60000,cu2312P60000,1374.0,0.0,0.0,0.0,1,546.0,0.0,0,1374.0,1272.0,0.0,0.0,0.0,0.0,3
2023-05-09 21:08:22,cu2312P60000,cu2312P60000,1374.0,0.0,0.0,0.0,2,548.0,0.0,0,1374.0,1272.0,0.0,0.0,0.0,0.0,3
2023-05-09 21:08:23,cu2312P60000,cu2312P60000,1374.0,0.0,0.0,0.0,1,550.0,0.0,0,1374.0,1272.0,0.0,0.0,0.0,0.0,3
2023-05-09 21:08:23,cu2312P60000,cu2312P60000,1374.0,0.0,0.0,0.0,1,550.0,0.0,0,1374.0,1272.0,0.0,0.0,0.0,0.0,3
2023-05-09 21:08:24,cu2312P60000,cu2312P60000,1374.0,0.0,0.0,0.0,2,552.0,0.0,0,1374.0,1272.0,0.0,0.0,0.0,0.0,3
2023-05-09 21:08:24,cu2312P60000,cu2312P60000,1374.0,0.0,0.0,0.0,1,554.0,0.0,0,1374.0,1272.0,0.0,0.0,0.0,0.0,3
2023-05-09 21:08:25,cu2312P60000,cu2312P60000,1374.0,0.0,0.0,0.0,1,554.0,0.0,0,1374.0,1272.0,0.0,0.0,0.0,0.0,3
2023-05-09 21:08:25,cu2312P60000,cu2312P60000,1374.0,0.0,0.0,0.0,2,556.0,0.0,0,1374.0,1272.0,0.0,0.0,0.0,0.0,3
2023-05-09 21:08:26,cu2312P60000,cu2312P60000,1374.0,0.0,0.0,0.0,2,556.0,0.0,0,1374.0,1272.0,0.0,0.0,0.0,0.0,3
2023-05-09 21:08:26,cu2312P60000,cu2312P60000,1374.0,0.0,0.0,0.0,1,558.0,0.0,0,1374.0,1272.0,0.0,0.0,0.0,0.0,3
2023-05-09 21:08:27,cu2312P60000,cu2312P60000,1374.0,0.0,0.0,0.0,1,558.0,0.0,0,1374.0,1272.0,0.0,0.0,0.0,0.0,3
2023-05-09 21:08:27,cu2312P60000,cu2312P60000,1374.0,0.0,0.0,0.0,2,560.0,0.0,0,1374.0,1272.0,0.0,0.0,0.0,0.0,3
2023-05-09 21:08:28,cu2312P60000,cu2312P60000,1374.0,0.0,0.0,0.0,1,562.0,0.0,0,1374.0,1272.0,0.0,0.0,0.0,0.0,3
2023-05-09 21:08:28,cu2312P60000,cu2312P60000,1374.0,0.0,0.0,0.0,1,562.0,0.0,0,1374.0,1272.0,0.0,0.0,0.0,0.0,3
2023-05-09 21:08:29,cu2312P60000,cu2312P60000,1374.0,0.0,0.0,0.0,2,564.0,0.0,0,1374.0,1272.0,0.0,0.0,0.0,0.0,3
2023-05-09 21:08:29,cu2312P60000,cu2312P60000,1374.0,0.0,0.0,0.0,1,566.0,0.0,0,1374.0,1272.0,0.0,0.0,0.0,0.0,3
2023-05-09 21:08:30,cu2312P60000,cu2312P60000,1374.0,0.0,0.0,0.0,1,566.0,0.0,0,1374.0,1272.0,0.0,0.0,0.0,0.0,3
2023-05-09 21:08:30,cu2312P60000,cu2312P60000,1374.0,0.0,0.0,0.0,2,568.0,0.0,0,1374.0,1272.0,0.0,0.0,0.0,0.0,3
2023-05-09 21:08:31,cu2312P60000,cu2312P60000,1374.0,0.0,0.0,0.0,1,570.0,0.0,0,1374.0,1272.0,0.0,0.0,0.0,0.0,3
2023-05-09 21:08:31,cu2312P60000,cu2312P60000,1374.0,0.0,0.0,0.0,1,570.0,0.0,0,1374.0,1272.0,0.0,0.0,0.0,0.0,3
2023-05-09 21:08:32,cu2312P60000,cu2312P60000,1374.0,0.0,0.0,0.0,2,572.0,0.0,0,1374.0,1272.0,0.0,0.0,0.0,0.0,3
2023-05-09 21:08:32,cu2312P60000,cu2312P60000,1374.0,0.0,0.0,0.0,1,574.0,0.0,0,1374.0,1272.0,0.0,0.0,0.0,0.0,3
2023-05-09 21:08:33,cu2312P60000,cu2312P60000,1374.0,0.0,0.0,0.0,1,574.0,0.0,0,1374.0,1272.0,0.0,0.0,0.0,0.0,3
2023-05-09 21:08:33,cu2312P60000,cu2312P60000,1374.0,0.0,0.0,0.0,2,576.0,0.0,0,1374.0,1272.0,0.0,0.0,0.0,0.0,3
2023-05-09 21:08:34,cu2312P60000,cu2312P60000,1374.0,0.0,0.0,0.0,1,578.0,0.0,0,1374.0,1272.0,0.0,0.0,0.0,0.0,3
2023-05-09 21:08:34,cu2312P60000,cu2312P60000,1374.0,0.0,0.0,0.0,1,578.0,0.0,0,1374.0,1272.0,0.0,0.0,0.0,0.0,3
2023-05-09 21:08:35,cu2312P60000,cu2312P60000,1374.0,0.0,0.0,0.0,2,580.0,0.0,0,1374.0,1272.0,0.0,0.0,0.0,0.0,3
2023-05-09 21:08:35,cu2312P60000,cu2312P60000,1374.0,0.0,0.0,0.0,1,582.0,0.0,0,1374.0,1272.0,0.0,0.0,0.0,0.0,3
2023-05-09 21:08:36,cu2312P60000,cu2312P60000,1374.0,0.0,0.0,0.0,1,582.0,0.0,0,1374.0,1272.0,0.0,0.0,0.0,0.0,3
2023-05-09 21:08:36,cu2312P60000,cu2312P60000,1374.0,0.0,0.0,0.0,2,584.0,0.0,0,1374.0,1272.0,0.0,0.0,0.0,0.0,3
2023-05-09 21:08:37,cu2312P60000,cu2312P60000,1374.0,0.0,0.0,0.0,1,586.0,0.0,0,1374.0,1272.0,0.0,0.0,0.0,0.0,3
2023-05-09 21:08:37,cu2312P60000,cu2312P60000,1374.0,0.0,0.0,0.0,1,586.0,0.0,0,1374.0,1272.0,0.0,0.0,0.0,0.0,3
2023-05-09 21:08:38,cu2312P60000,cu2312P60000,1374.0,0.0,0.0,0.0,2,588.0,0.0,0,1374.0,1272.0,0.0,0.0,0.0,0.0,3
2023-05-09 21:08:38,cu2312P60000,cu2312P60000,1374.0,0.0,0.0,0.0,1,590.0,0.0,0,1374.0,1272.0,0.0,0.0,0.0,0.0,3
2023-05-09 21:08:39,cu2312P60000,cu2312P60000,1374.0,0.0,0.0,0.0,1,590.0,0.0,0,1374.0,1272.0,0.0,0.0,0.0,0.0,3
2023-05-09 21:08:39,cu2312P60000,cu2312P60000,1374.0,0.0,0.0,0.0,2,592.0,0.0,0,1374.0,1272.0,0.0,0.0,0.0,0.0,3
2023-05-09 21:08:40,cu2312P60000,cu2312P60000,1374.0,0.0,0.0,0.0,1,594.0,0.0,0,1374.0,1272.0,0.0,0.0,0.0,0.0,3
2023-05-09 21:08:40,cu2312P60000,cu2312P60000,1374.0,0.0,0.0,0.0,1,594.0,0.0,0,1374.0,1272.0,0.0,0.0,0.0,0.0,3
2023-05-09 21:08:41,cu2312P60000,cu2312P60000,1374.0,0.0,0.0,0.0,2,596.0,0.0,0,1374.0,1272.0,0.0,0.0,0.0,0.0,3
2023-05-09 21:08:41,cu2312P60000,cu2312P60000,1374.0,0.0,0.0,0.0,1,598.0,0.0,0,1374.0,1272.0,0.0,0.0,0.0,0.0,3
2023-05-09 21:08:42,cu2312P60000,cu2312P60000,1374.0,0.0,0.0,0.0,1,598.0,0.0,0,1374.0,1272.0,0.0,0.0,0.0,0.0,3
2023-05-09 21:08:42,cu2312P60000,cu2312P60000,1374.0,0.0,0.0,0.0,2,600.0,0.0,0,1374.0,1272.0,0.0,0.0,0.0,0.0,3
2023-05-09 21:08:43,cu2312P60000,cu2312P60000,1374.0,0.0,0.0,0.0,1,602.0,0.0,0,1374.0,1272.0,0.0,0.0,0.0,0.0,3
2023-05-09 21:08:43,cu2312P60000,cu2312P60000,1374.0,0.0,0.0,0.0,1,602.0,0.0,0,1374.0,1272.0,0.0,0.0,0.0,0.0,3
2023-05-09 21:08:44,cu2312P60000,cu2312P60000,1374.0,0.0,0.0,0.0,2,604.0,0.0,0,1374.0,1272.0,0.0,0.0,0.0,0.0,3
2023-05-09 21:08:44,cu2312P60000,cu2312P60000,1374.0,0.0,0.0,0.0,1,606.0,0.0,0,1374.0,1272.0,0.0,0.0,0.0,0.0,3
2023-05-09 21:08:45,cu2312P60000,cu2312P60000,1374.0,0.0,0.0,0.0,1,606.0,0.0,0,1374.0,1272.0,0.0,0.0,0.0,0.0,3
2023-05-09 21:08:45,cu2312P60000,cu2312P60000,1374.0,0.0,0.0,0.0,2,608.0,0.0,0,1374.0,1272.0,0.0,0.0,0.0,0.0,3
2023-05-09 21:08:46,cu2312P60000,cu2312P60000,1374.0,0.0,0.0,0.0,1,610.0,0.0,0,1374.0,1272.0,0.0,0.0,0.0,0.0,3
2023-05-09 21:08:46,cu2312P60000,cu2312P60000,1374.0,0.0,0.0,0.0,1,610.0,0.0,0,1374.0,1272.0,0.0,0.0,0.0,0.0,3
2023-05-09 21:08:47,cu2312P60000,cu2312P60000,1374.0,0.0,0.0,0.0,2,612.0,0.0,0,1374.0,1272.0,0.0,0.0,0.0,0.0,3
2023-05-09 21:08:47,cu2312P60000,cu2312P60000,1374.0,0.0,0.0,0.0,1,614.0,0.0,0,1374.0,1272.0,0.0,0.0,0.0,0.0,3
2023-05-09 21:08:48,cu2312P60000,cu2312P60000,1374.0,0.0,0.0,0.0,1,614.0,0.0,0,1374.0,1272.0,0.0,0.0,0.0,0.0,3
2023-05-09 21:08:48,cu2312P60000,cu2312P60000,1374.0,0.0,0.0,0.0,2,616.0,0.0,0,1374.0,1272.0,0.0,0.0,0.0,0.0,3
2023-05-09 21:08:49,cu2312P60000,cu2312P60000,1374.0,0.0,0.0,0.0,1,618.0,0.0,0,1374.0,1272.0,0.0,0.0,0.0,0.0,3
2023-05-09 21:08:49,cu2312P60000,cu2312P60000,1374.0,0.0,0.0,0.0,1,618.0,0.0,0,1374.0,1272.0,0.0,0.0,0.0,0.0,3
2023-05-09 21:08:50,cu2312P60000,cu2312P60000,1374.0,0.0,0.0,0.0,2,620.0,0.0,0,1374.0,1272.0,0.0,0.0,0.0,0.0,3
2023-05-09 21:08:50,cu2312P60000,cu2312P60000,1374.0,0.0,0.0,0.0,1,622.0,0.0,0,1374.0,1272.0,0.0,0.0,0.0,0.0,3
2023-05-09 21:08:51,cu2312P60000,cu2312P60000,1374.0,0.0,0.0,0.0,1,622.0,0.0,0,1374.0,1272.0,0.0,0.0,0.0,0.0,3
2023-05-09 21:08:51,cu2312P60000,cu2312P60000,1374.0,0.0,0.0,0.0,2,624.0,0.0,0,1374.0,1272.0,0.0,0.0,0.0,0.0,3
2023-05-09 21:08:52,cu2312P60000,cu2312P60000,1374.0,0.0,0.0,0.0,1,626.0,0.0,0,1374.0,1272.0,0.0,0.0,0.0,0.0,3
2023-05-09 21:08:54,cu2312P60000,cu2312P60000,1374.0,0.0,0.0,0.0,1,626.0,0.0,0,1374.0,1272.0,0.0,0.0,0.0,0.0,3
2023-05-09 21:08:54,cu2312P60000,cu2312P60000,1374.0,0.0,0.0,0.0,2,628.0,0.0,0,1374.0,1272.0,0.0,0.0,0.0,0.0,3
2023-05-09 21:08:55,cu2312P60000,cu2312P60000,1374.0,0.0,0.0,0.0,1,630.0,0.0,0,1374.0,1272.0,0.0,0.0,0.0,0.0,3
2023-05-09 21:08:55,cu2312P60000,cu2312P60000,1374.0,0.0,0.0,0.0,1,630.0,0.0,0,1374.0,1272.0,0.0,0.0,0.0,0.0,3
2023-05-09 21:08:56,cu2312P60000,cu2312P60000,1374.0,0.0,0.0,0.0,2,632.0,0.0,0,1374.0,1272.0,0.0,0.0,0.0,0.0,3
2023-05-09 21:08:56,cu2312P60000,cu2312P60000,1374.0,0.0,0.0,0.0,1,634.0,0.0,0,1374.0,1272.0,0.0,0.0,0.0,0.0,3
2023-05-09 21:08:57,cu2312P60000,cu2312P60000,1374.0,0.0,0.0,0.0,1,634.0,0.0,0,1374.0,1272.0,0.0,0.0,0.0,0.0,3
2023-05-09 21:08:57,cu2312P60000,cu2312P60000,1374.0,0.0,0.0,0.0,2,636.0,0.0,0,1374.0,1272.0,0.0,0.0,0.0,0.0,3
2023-05-09 21:08:58,cu2312P60000,cu2312P60000,1374.0,0.0,0.0,0.0,1,638.0,0.0,0,1374.0,1272.0,0.0,0.0,0.0,0.0,3
2023-05-09 21:08:58,cu2312P60000,cu2312P60000,1374.0,0.0,0.0,0.0,1,638.0,0.0,0,1374.0,1272.0,0.0,0.0,0.0,0.0,3
2023-05-09 21:08:59,cu2312P60000,cu2312P60000,1374.0,0.0,0.0,0.0,2,640.0,0.0,0,1374.0,1272.0,0.0,0.0,0.0,0.0,3
2023-05-09 21:08:59,cu2312P60000,cu2312P60000,1374.0,0.0,0.0,0.0,1,642.0,0.0,0,1374.0,1272.0,0.0,0.0,0.0,0.0,3
2023-05-09 21:09:00,cu2312P60000,cu2312P60000,1374.0,0.0,0.0,0.0,1,642.0,0.0,0,1374.0,1272.0,0.0,0.0,0.0,0.0,3
2023-05-09 21:09:00,cu2312P60000,cu2312P60000,1374.0,0.0,0.0,0.0,2,644.0,0.0,0,1374.0,1272.0,0.0,0.0,0.0,0.0,3
2023-05-09 21:09:01,cu2312P60000,cu2312P60000,1374.0,0.0,0.0,0.0,1,646.0,0.0,0,1374.0,1272.0,0.0,0.0,0.0,0.0,3
2023-05-09 21:09:01,cu2312P60000,cu2312P60000,1374.0,0.0,0.0,0.0,1,646.0,0.0,0,1374.0,1272.0,0.0,0.0,0.0,0.0,3
2023-05-09 21:09:02,cu2312P60000,cu2312P60000,1374.0,0.0,0.0,0.0,2,648.0,0.0,0,1374.0,1272.0,0.0,0.0,0.0,0.0,3
2023-05-09 21:09:02,cu2312P60000,cu2312P60000,1374.0,0.0,0.0,0.0,1,650.0,0.0,0,1374.0,1272.0,0.0,0.0,0.0,0.0,3
2023-05-09 21:09:03,cu2312P60000,cu2312P60000,1374.0,0.0,0.0,0.0,1,650.0,0.0,0,1374.0,1272.0,0.0,0.0,0.0,0.0,3
2023-05-09 21:09:03,cu2312P60000,cu2312P60000,1374.0,0.0,0.0,0.0,2,652.0,0.0,0,1374.0,1272.0,0.0,0.0,0.0,0.0,3
2023-05-09 21:09:04,cu2312P60000,cu2312P60000,1374.0,0.0,0.0,0.0,1,654.0,0.0,0,1374.0,1272.0,0.0,0.0,0.0,0.0,3
2023-05-09 21:09:04,cu2312P60000,cu2312P60000,1374.0,0.0,0.0,0.0,1,654.0,0.0,0,1374.0,1272.0,0.0,0.0,0.0,0.0,3
2023-05-09 21:09:05,cu2312P60000,cu2312P60000,1374.0,0.0,0.0,0.0,2,656.0,0.0,0,1374.0,1272.0,0.0,0.0,0.0,0.0,3
2023-05-09 21:09:05,cu2312P60000,cu2312P60000,1374.0,0.0,0.0,0.0,1,658.0,0.0,0,1374.0,1272.0,0.0,0.0,0.0,0.0,3
2023-05-09 21:09:06,cu2312P60000,cu2312P60000,1374.0,0.0,0.0,0.0,1,658.0,0.0,0,1374.0,1272.0,0.0,0.0,0.0,0.0,3
2023-05-09 21:09:06,cu2312P60000,cu2312P60000,1374.0,0.0,0.0,0.0,2,660.0,0.0,0,1374.0,1272.0,0.0,0.0,0.0,0.0,3
2023-05-09 21:09:07,cu2312P60000,cu2312P60000,1374.0,0.0,0.0,0.0,1,662.0,0.0,0,1374.0,1272.0,0.0,0.0,0.0,0.0,3
2023-05-09 21:09:07,cu2312P60000,cu2312P60000,1374.0,0.0,0.0,0.0,1,662.0,0.0,0,1374.0,1272.0,0.0,0.0,0.0,0.0,3
2023-05-09 21:09:08,cu2312P60000,cu2312P60000,1374.0,0.0,0.0,0.0,2,664.0,0.0,0,1374.0,1272.0,0.0,0.0,0.0,0.0,3
2023-05-09 21:09:08,cu2312P60000,cu2312P60000,1374.0,0.0,0.0,0.0,1,666.0,0.0,0,1374.0,1272.0,0.0,0.0,0.0,0.0,3
2023-05-09 21:09:09,cu2312P60000,cu2312P60000,1374.0,0.0,0.0,0.0,1,666.0,0.0,0,1374.0,1272.0,0.0,0.0,0.0,0.0,3
2023-05-09 21:09:10,cu2312P60000,cu2312P60000,1374.0,0.0,0.0,0.0,2,668.0,0.0,0,1374.0,1272.0,0.0,0.0,0.0,0.0,3
2023-05-09 21:09:10,cu2312P60000,cu2312P60000,1374.0,0.0,0.0,0.0,1,670.0,0.0,0,1374.0,1272.0,0.0,0.0,0.0,0.0,3
2023-05-09 21:09:11,cu2312P60000,cu2312P60000,1374.0,0.0,0.0,0.0,1,670.0,0.0,0,1374.0,1272.0,0.0,0.0,0.0,0.0,3
2023-05-09 21:09:11,cu2312P60000,cu2312P60000,1374.0,0.0,0.0,0.0,2,672.0,0.0,0,1374.0,1272.0,0.0,0.0,0.0,0.0,3
2023-05-09 21:09:12,cu2312P60000,cu2312P60000,1374.0,0.0,0.0,0.0,1,674.0,0.0,0,1374.0,1272.0,0.0,0.0,0.0,0.0,3
2023-05-09 21:09:13,cu2312P60000,cu2312P60000,1374.0,0.0,0.0,0.0,1,674.0,0.0,0,1374.0,1272.0,0.0,0.0,0.0,0.0,3
2023-05-09 21:09:13,cu2312P60000,cu2312P60000,1374.0,0.0,0.0,0.0,2,676.0,0.0,0,1374.0,1272.0,0.0,0.0,0.0,0.0,3
2023-05-09 21:09:14,cu2312P60000,cu2312P60000,1374.0,0.0,0.0,0.0,1,678.0,0.0,0,1374.0,1272.0,0.0,0.0,0.0,0.0,3
2023-05-09 21:09:15,cu2312P60000,cu2312P60000,1374.0,0.0,0.0,0.0,1,678.0,0.0,0,1374.0,1272.0,0.0,0.0,0.0,0.0,3
2023-05-09 21:09:15,cu2312P60000,cu2312P60000,1374.0,0.0,0.0,0.0,2,680.0,0.0,0,1374.0,1272.0,0.0,0.0,0.0,0.0,3
2023-05-09 21:09:16,cu2312P60000,cu2312P60000,1374.0,0.0,0.0,0.0,1,682.0,0.0,0,1374.0,1272.0,0.0,0.0,0.0,0.0,3
2023-05-09 21:09:16,cu2312P60000,cu2312P60000,1374.0,0.0,0.0,0.0,1,682.0,0.0,0,1374.0,1272.0,0.0,0.0,0.0,0.0,3
2023-05-09 21:09:17,cu2312P60000,cu2312P60000,1374.0,0.0,0.0,0.0,2,684.0,0.0,0,1374.0,1272.0,0.0,0.0,0.0,0.0,3
2023-05-09 21:09:17,cu2312P60000,cu2312P60000,1374.0,0.0,0.0,0.0,1,686.0,0.0,0,1374.0,1272.0,0.0,0.0,0.0,0.0,3
2023-05-09 21:09:18,cu2312P60000,cu2312P60000,1374.0,0.0,0.0,0.0,1,686.0,0.0,0,1374.0,1272.0,0.0,0.0,0.0,0.0,3
2023-05-09 21:09:18,cu2312P60000,cu2312P60000,1374.0,0.0,0.0,0.0,2,688.0,0.0,0,1374.0,1272.0,0.0,0.0,0.0,0.0,3
2023-05-09 21:09:19,cu2312P60000,cu2312P60000,1374.0,0.0,0.0,0.0,2,688.0,0.0,0,1374.0,1272.0,0.0,0.0,0.0,0.0,3
2023-05-09 22:00:39,cu2312P60000,cu2312P60000,1374.0,0.0,0.0,0.0,1,720.0,0.0,0,1374.0,1272.0,0.0,0.0,0.0,0.0,3
2023-05-09 22:00:40,cu2312P60000,cu2312P60000,1374.0,0.0,0.0,0.0,1,720.0,0.0,0,1374.0,1272.0,0.0,0.0,0.0,0.0,3
2023-05-09 22:00:40,cu2312P60000,cu2312P60000,1374.0,0.0,0.0,0.0,2,722.0,0.0,0,1374.0,1272.0,0.0,0.0,0.0,0.0,3
2023-05-09 22:00:41,cu2312P60000,cu2312P60000,1374.0,0.0,0.0,0.0,1,724.0,0.0,0,1374.0,1272.0,0.0,0.0,0.0,0.0,3
2023-05-09 22:00:41,cu2312P60000,cu2312P60000,1374.0,0.0,0.0,0.0,1,724.0,0.0,0,1374.0,1272.0,0.0,0.0,0.0,0.0,3
2023-05-09 22:00:42,cu2312P60000,cu2312P60000,1374.0,0.0,0.0,0.0,2,726.0,0.0,0,1374.0,1272.0,0.0,0.0,0.0,0.0,3
2023-05-09 22:00:42,cu2312P60000,cu2312P60000,1374.0,0.0,0.0,0.0,1,728.0,0.0,0,1374.0,1272.0,0.0,0.0,0.0,0.0,3
2023-05-09 22:00:43,cu2312P60000,cu2312P60000,1374.0,0.0,0.0,0.0,1,728.0,0.0,0,1374.0,1272.0,0.0,0.0,0.0,0.0,3
2023-05-09 22:00:43,cu2312P60000,cu2312P60000,1374.0,0.0,0.0,0.0,2,730.0,0.0,0,1374.0,1272.0,0.0,0.0,0.0,0.0,3
2023-05-09 22:00:44,cu2312P60000,cu2312P60000,1374.0,0.0,0.0,0.0,1,732.0,0.0,0,1374.0,1272.0,0.0,0.0,0.0,0.0,3
2023-05-09 22:00:44,cu2312P60000,cu2312P60000,1374.0,0.0,0.0,0.0,1,732.0,0.0,0,1374.0,1272.0,0.0,0.0,0.0,0.0,3
2023-05-09 22:00:45,cu2312P60000,cu2312P60000,1374.0,0.0,0.0,0.0,2,734.0,0.0,0,1374.0,1272.0,0.0,0.0,0.0,0.0,3
2023-05-09 22:00:45,cu2312P60000,cu2312P60000,1374.0,0.0,0.0,0.0,1,736.0,0.0,0,1374.0,1272.0,0.0,0.0,0.0,0.0,3
2023-05-09 22:00:46,cu2312P60000,cu2312P60000,1374.0,0.0,0.0,0.0,1,736.0,0.0,0,1374.0,1272.0,0.0,0.0,0.0,0.0,3
2023-05-09 22:00:47,cu2312P60000,cu2312P60000,1374.0,0.0,0.0,0.0,2,738.0,0.0,0,1374.0,1272.0,0.0,0.0,0.0,0.0,3
2023-05-09 22:00:47,cu2312P60000,cu2312P60000,1374.0,0.0,0.0,0.0,1,740.0,0.0,0,1374.0,1272.0,0.0,0.0,0.0,0.0,3
2023-05-09 22:00:48,cu2312P60000,cu2312P60000,1374.0,0.0,0.0,0.0,1,740.0,0.0,0,1374.0,1272.0,0.0,0.0,0.0,0.0,3
2023-05-09 22:00:48,cu2312P60000,cu2312P60000,1374.0,0.0,0.0,0.0,2,742.0,0.0,0,1374.0,1272.0,0.0,0.0,0.0,0.0,3
2023-05-09 22:00:49,cu2312P60000,cu2312P60000,1374.0,0.0,0.0,0.0,1,744.0,0.0,0,1374.0,1272.0,0.0,0.0,0.0,0.0,3
2023-05-09 22:00:49,cu2312P60000,cu2312P60000,1374.0,0.0,0.0,0.0,1,744.0,0.0,0,1374.0,1272.0,0.0,0.0,0.0,0.0,3
2023-05-09 22:00:50,cu2312P60000,cu2312P60000,1374.0,0.0,0.0,0.0,2,746.0,0.0,0,1374.0,1272.0,0.0,0.0,0.0,0.0,3
2023-05-09 22:00:50,cu2312P60000,cu2312P60000,1374.0,0.0,0.0,0.0,1,748.0,0.0,0,1374.0,1272.0,0.0,0.0,0.0,0.0,3
2023-05-09 22:00:52,cu2312P60000,cu2312P60000,1374.0,0.0,0.0,0.0,1,748.0,0.0,0,1374.0,1272.0,0.0,0.0,0.0,0.0,3
2023-05-09 22:00:52,cu2312P60000,cu2312P60000,1374.0,0.0,0.0,0.0,2,750.0,0.0,0,1374.0,1272.0,0.0,0.0,0.0,0.0,3
2023-05-09 22:00:53,cu2312P60000,cu2312P60000,1374.0,0.0,0.0,0.0,1,752.0,0.0,0,1374.0,1272.0,0.0,0.0,0.0,0.0,3
2023-05-09 22:00:56,cu2312P60000,cu2312P60000,1374.0,0.0,0.0,0.0,1,752.0,0.0,0,1374.0,1272.0,0.0,0.0,0.0,0.0,3
2023-05-09 22:00:56,cu2312P60000,cu2312P60000,1374.0,0.0,0.0,0.0,2,754.0,0.0,0,1374.0,1272.0,0.0,0.0,0.0,0.0,3
2023-05-09 22:00:57,cu2312P60000,cu2312P60000,1374.0,0.0,0.0,0.0,1,756.0,0.0,0,1374.0,1272.0,0.0,0.0,0.0,0.0,3
2023-05-09 22:00:57,cu2312P60000,cu2312P60000,1374.0,0.0,0.0,0.0,1,756.0,0.0,0,1374.0,1272.0,0.0,0.0,0.0,0.0,3
2023-05-09 22:00:58,cu2312P60000,cu2312P60000,1374.0,0.0,0.0,0.0,2,758.0,0.0,0,1374.0,1272.0,0.0,0.0,0.0,0.0,3
2023-05-09 22:00:58,cu2312P60000,cu2312P60000,1374.0,0.0,0.0,0.0,1,760.0,0.0,0,1374.0,1272.0,0.0,0.0,0.0,0.0,3
2023-05-09 22:00:59,cu2312P60000,cu2312P60000,1374.0,0.0,0.0,0.0,1,760.0,0.0,0,1374.0,1272.0,0.0,0.0,0.0,0.0,3
2023-05-09 22:00:59,cu2312P60000,cu2312P60000,1374.0,0.0,0.0,0.0,2,762.0,0.0,0,1374.0,1272.0,0.0,0.0,0.0,0.0,3
2023-05-09 22:01:00,cu2312P60000,cu2312P60000,1374.0,0.0,0.0,0.0,2,762.0,0.0,0,1374.0,1272.0,0.0,0.0,0.0,0.0,3
2023-05-09 22:57:03,cu2312P60000,cu2312P60000,1374.0,0.0,0.0,0.0,1,158.0,0.0,0,1374.0,1272.0,0.0,0.0,0.0,0.0,3
2023-05-09 22:58:35,cu2312P60000,cu2312P60000,1374.0,0.0,0.0,0.0,1,1268.0,1330.0,1,1374.0,1272.0,0.0,0.0,0.0,0.0,3
2023-05-09 22:58:35,cu2312P60000,cu2312P60000,1374.0,0.0,0.0,0.0,1,1268.0,1330.0,1,1374.0,1272.0,0.0,0.0,0.0,0.0,3
2023-05-09 22:58:40,cu2312P60000,cu2312P60000,1374.0,0.0,0.0,0.0,1,1268.0,1330.0,2,1374.0,1272.0,0.0,0.0,0.0,0.0,3
2023-05-09 22:58:41,cu2312P60000,cu2312P60000,1374.0,0.0,0.0,0.0,3,1268.0,1330.0,4,1374.0,1272.0,0.0,0.0,0.0,0.0,3
2023-05-09 22:58:42,cu2312P60000,cu2312P60000,1374.0,0.0,0.0,0.0,1,1278.0,1292.0,1,1374.0,1272.0,0.0,0.0,0.0,0.0,3
2023-05-09 22:58:42,cu2312P60000,cu2312P60000,1374.0,0.0,0.0,0.0,1,1278.0,1292.0,1,1374.0,1272.0,0.0,0.0,0.0,0.0,3
2023-05-09 22:58:43,cu2312P60000,cu2312P60000,1374.0,0.0,0.0,0.0,1,1278.0,1292.0,1,1374.0,1272.0,0.0,0.0,0.0,0.0,3
2023-05-09 22:58:45,cu2312P60000,cu2312P60000,1374.0,0.0,0.0,0.0,1,1278.0,1292.0,1,1374.0,1272.0,0.0,0.0,0.0,0.0,3
2023-05-09 22:58:47,cu2312P60000,cu2312P60000,1374.0,0.0,0.0,0.0,2,1278.0,1292.0,2,1374.0,1272.0,0.0,0.0,0.0,0.0,3
2023-05-09 22:58:51,cu2312P60000,cu2312P60000,1374.0,0.0,0.0,0.0,2,1278.0,1292.0,2,1374.0,1272.0,0.0,0.0,0.0,0.0,3
2023-05-09 22:58:52,cu2312P60000,cu2312P60000,1374.0,0.0,0.0,0.0,2,1278.0,1292.0,2,1374.0,1272.0,0.0,0.0,0.0,0.0,3
2023-05-09 22:58:53,cu2312P60000,cu2312P60000,1374.0,0.0,0.0,0.0,1,1278.0,1292.0,1,1374.0,1272.0,0.0,0.0,0.0,0.0,3
2023-05-09 22:58:54,cu2312P60000,cu2312P60000,1374.0,0.0,0.0,0.0,1,1278.0,1292.0,1,1374.0,1272.0,0.0,0.0,0.0,0.0,3
2023-05-09 22:58:55,cu2312P60000,cu2312P60000,1374.0,0.0,0.0,0.0,1,1278.0,1292.0,1,1374.0,1272.0,0.0,0.0,0.0,0.0,3
2023-05-09 22:58:56,cu2312P60000,cu2312P60000,1374.0,0.0,0.0,0.0,1,1278.0,1292.0,1,1374.0,1272.0,0.0,0.0,0.0,0.0,3
2023-05-09 22:58:57,cu2312P60000,cu2312P60000,1374.0,0.0,0.0,0.0,1,158.0,0.0,0,1374.0,1272.0,0.0,0.0,0.0,0.0,3
2023-05-09 22:58:58,cu2312P60000,cu2312P60000,1374.0,0.0,0.0,0.0,2,160.0,0.0,0,1374.0,1272.0,0.0,0.0,0.0,0.0,3
2023-05-09 22:58:58,cu2312P60000,cu2312P60000,1374.0,0.0,0.0,0.0,1,162.0,0.0,0,1374.0,1272.0,0.0,0.0,0.0,0.0,3
2023-05-09 22:58:59,cu2312P60000,cu2312P60000,1374.0,0.0,0.0,0.0,1,162.0,0.0,0,1374.0,1272.0,0.0,0.0,0.0,0.0,3
2023-05-09 22:58:59,cu2312P60000,cu2312P60000,1374.0,0.0,0.0,0.0,2,164.0,0.0,0,1374.0,1272.0,0.0,0.0,0.0,0.0,3
2023-05-09 23:03:15,cu2312P60000,cu2312P60000,1374.0,0.0,0.0,0.0,1,180.0,0.0,0,1374.0,1272.0,0.0,0.0,0.0,0.0,3
2023-05-09 23:03:15,cu2312P60000,cu2312P60000,1374.0,0.0,0.0,0.0,1,180.0,0.0,0,1374.0,1272.0,0.0,0.0,0.0,0.0,3
2023-05-09 23:03:16,cu2312P60000,cu2312P60000,1374.0,0.0,0.0,0.0,2,182.0,0.0,0,1374.0,1272.0,0.0,0.0,0.0,0.0,3
2023-05-09 23:03:16,cu2312P60000,cu2312P60000,1374.0,0.0,0.0,0.0,2,182.0,0.0,0,1374.0,1272.0,0.0,0.0,0.0,0.0,3
2023-05-09 23:03:17,cu2312P60000,cu2312P60000,1374.0,0.0,0.0,0.0,1,184.0,0.0,0,1374.0,1272.0,0.0,0.0,0.0,0.0,3
2023-05-09 23:03:17,cu2312P60000,cu2312P60000,1374.0,0.0,0.0,0.0,1,184.0,0.0,0,1374.0,1272.0,0.0,0.0,0.0,0.0,3
2023-05-09 23:03:18,cu2312P60000,cu2312P60000,1374.0,0.0,0.0,0.0,2,186.0,0.0,0,1374.0,1272.0,0.0,0.0,0.0,0.0,3
2023-05-09 23:03:18,cu2312P60000,cu2312P60000,1374.0,0.0,0.0,0.0,2,186.0,0.0,0,1374.0,1272.0,0.0,0.0,0.0,0.0,3
2023-05-09 23:03:19,cu2312P60000,cu2312P60000,1374.0,0.0,0.0,0.0,1,188.0,0.0,0,1374.0,1272.0,0.0,0.0,0.0,0.0,3
2023-05-09 23:03:20,cu2312P60000,cu2312P60000,1374.0,0.0,0.0,0.0,1,188.0,0.0,0,1374.0,1272.0,0.0,0.0,0.0,0.0,3
2023-05-09 23:03:20,cu2312P60000,cu2312P60000,1374.0,0.0,0.0,0.0,2,190.0,0.0,0,1374.0,1272.0,0.0,0.0,0.0,0.0,3
2023-05-09 23:03:21,cu2312P60000,cu2312P60000,1374.0,0.0,0.0,0.0,1,192.0,0.0,0,1374.0,1272.0,0.0,0.0,0.0,0.0,3
2023-05-09 23:03:21,cu2312P60000,cu2312P60000,1374.0,0.0,0.0,0.0,1,192.0,0.0,0,1374.0,1272.0,0.0,0.0,0.0,0.0,3
2023-05-09 23:03:22,cu2312P60000,cu2312P60000,1374.0,0.0,0.0,0.0,2,194.0,0.0,0,1374.0,1272.0,0.0,0.0,0.0,0.0,3
2023-05-09 23:03:22,cu2312P60000,cu2312P60000,1374.0,0.0,0.0,0.0,2,194.0,0.0,0,1374.0,1272.0,0.0,0.0,0.0,0.0,3
2023-05-09 23:03:23,cu2312P60000,cu2312P60000,1374.0,0.0,0.0,0.0,1,196.0,0.0,0,1374.0,1272.0,0.0,0.0,0.0,0.0,3
2023-05-09 23:03:23,cu2312P60000,cu2312P60000,1374.0,0.0,0.0,0.0,1,196.0,0.0,0,1374.0,1272.0,0.0,0.0,0.0,0.0,3
2023-05-09 23:03:24,cu2312P60000,cu2312P60000,1374.0,0.0,0.0,0.0,2,198.0,0.0,0,1374.0,1272.0,0.0,0.0,0.0,0.0,3
2023-05-09 23:03:25,cu2312P60000,cu2312P60000,1374.0,0.0,0.0,0.0,2,198.0,0.0,0,1374.0,1272.0,0.0,0.0,0.0,0.0,3
2023-05-09 23:03:25,cu2312P60000,cu2312P60000,1374.0,0.0,0.0,0.0,1,200.0,0.0,0,1374.0,1272.0,0.0,0.0,0.0,0.0,3
2023-05-09 23:03:26,cu2312P60000,cu2312P60000,1374.0,0.0,0.0,0.0,1,200.0,0.0,0,1374.0,1272.0,0.0,0.0,0.0,0.0,3
2023-05-09 23:03:26,cu2312P60000,cu2312P60000,1374.0,0.0,0.0,0.0,2,202.0,0.0,0,1374.0,1272.0,0.0,0.0,0.0,0.0,3
2023-05-09 23:03:27,cu2312P60000,cu2312P60000,1374.0,0.0,0.0,0.0,2,202.0,0.0,0,1374.0,1272.0,0.0,0.0,0.0,0.0,3
2023-05-09 23:03:27,cu2312P60000,cu2312P60000,1374.0,0.0,0.0,0.0,1,204.0,0.0,0,1374.0,1272.0,0.0,0.0,0.0,0.0,3
2023-05-09 23:03:28,cu2312P60000,cu2312P60000,1374.0,0.0,0.0,0.0,1,204.0,0.0,0,1374.0,1272.0,0.0,0.0,0.0,0.0,3
2023-05-09 23:03:28,cu2312P60000,cu2312P60000,1374.0,0.0,0.0,0.0,2,206.0,0.0,0,1374.0,1272.0,0.0,0.0,0.0,0.0,3
2023-05-09 23:03:29,cu2312P60000,cu2312P60000,1374.0,0.0,0.0,0.0,2,206.0,0.0,0,1374.0,1272.0,0.0,0.0,0.0,0.0,3
2023-05-09 23:03:30,cu2312P60000,cu2312P60000,1374.0,0.0,0.0,0.0,1,208.0,0.0,0,1374.0,1272.0,0.0,0.0,0.0,0.0,3
2023-05-09 23:03:30,cu2312P60000,cu2312P60000,1374.0,0.0,0.0,0.0,1,208.0,0.0,0,1374.0,1272.0,0.0,0.0,0.0,0.0,3
2023-05-09 23:03:31,cu2312P60000,cu2312P60000,1374.0,0.0,0.0,0.0,2,210.0,0.0,0,1374.0,1272.0,0.0,0.0,0.0,0.0,3
2023-05-09 23:03:31,cu2312P60000,cu2312P60000,1374.0,0.0,0.0,0.0,2,210.0,0.0,0,1374.0,1272.0,0.0,0.0,0.0,0.0,3
2023-05-09 23:03:32,cu2312P60000,cu2312P60000,1374.0,0.0,0.0,0.0,1,212.0,0.0,0,1374.0,1272.0,0.0,0.0,0.0,0.0,3
2023-05-09 23:03:34,cu2312P60000,cu2312P60000,1374.0,0.0,0.0,0.0,1,212.0,0.0,0,1374.0,1272.0,0.0,0.0,0.0,0.0,3
2023-05-09 23:03:35,cu2312P60000,cu2312P60000,1374.0,0.0,0.0,0.0,2,214.0,0.0,0,1374.0,1272.0,0.0,0.0,0.0,0.0,3
2023-05-09 23:03:35,cu2312P60000,cu2312P60000,1374.0,0.0,0.0,0.0,2,214.0,0.0,0,1374.0,1272.0,0.0,0.0,0.0,0.0,3
2023-05-09 23:03:36,cu2312P60000,cu2312P60000,1374.0,0.0,0.0,0.0,1,216.0,0.0,0,1374.0,1272.0,0.0,0.0,0.0,0.0,3
2023-05-09 23:03:36,cu2312P60000,cu2312P60000,1374.0,0.0,0.0,0.0,1,216.0,0.0,0,1374.0,1272.0,0.0,0.0,0.0,0.0,3
2023-05-09 23:03:37,cu2312P60000,cu2312P60000,1374.0,0.0,0.0,0.0,2,218.0,0.0,0,1374.0,1272.0,0.0,0.0,0.0,0.0,3
2023-05-09 23:03:37,cu2312P60000,cu2312P60000,1374.0,0.0,0.0,0.0,2,218.0,0.0,0,1374.0,1272.0,0.0,0.0,0.0,0.0,3
2023-05-09 23:03:38,cu2312P60000,cu2312P60000,1374.0,0.0,0.0,0.0,1,220.0,0.0,0,1374.0,1272.0,0.0,0.0,0.0,0.0,3
2023-05-09 23:03:38,cu2312P60000,cu2312P60000,1374.0,0.0,0.0,0.0,1,220.0,0.0,0,1374.0,1272.0,0.0,0.0,0.0,0.0,3
2023-05-09 23:03:39,cu2312P60000,cu2312P60000,1374.0,0.0,0.0,0.0,2,222.0,0.0,0,1374.0,1272.0,0.0,0.0,0.0,0.0,3
2023-05-09 23:03:39,cu2312P60000,cu2312P60000,1374.0,0.0,0.0,0.0,2,222.0,0.0,0,1374.0,1272.0,0.0,0.0,0.0,0.0,3
2023-05-09 23:03:40,cu2312P60000,cu2312P60000,1374.0,0.0,0.0,0.0,1,224.0,0.0,0,1374.0,1272.0,0.0,0.0,0.0,0.0,3
2023-05-09 23:03:40,cu2312P60000,cu2312P60000,1374.0,0.0,0.0,0.0,1,224.0,0.0,0,1374.0,1272.0,0.0,0.0,0.0,0.0,3
2023-05-09 23:03:41,cu2312P60000,cu2312P60000,1374.0,0.0,0.0,0.0,2,226.0,0.0,0,1374.0,1272.0,0.0,0.0,0.0,0.0,3
2023-05-09 23:03:41,cu2312P60000,cu2312P60000,1374.0,0.0,0.0,0.0,1,228.0,0.0,0,1374.0,1272.0,0.0,0.0,0.0,0.0,3
2023-05-09 23:03:45,cu2312P60000,cu2312P60000,1374.0,0.0,0.0,0.0,1,228.0,0.0,0,1374.0,1272.0,0.0,0.0,0.0,0.0,3
2023-05-09 23:03:46,cu2312P60000,cu2312P60000,1374.0,0.0,0.0,0.0,2,230.0,0.0,0,1374.0,1272.0,0.0,0.0,0.0,0.0,3
2023-05-09 23:03:47,cu2312P60000,cu2312P60000,1374.0,0.0,0.0,0.0,1,232.0,0.0,0,1374.0,1272.0,0.0,0.0,0.0,0.0,3
2023-05-09 23:03:48,cu2312P60000,cu2312P60000,1374.0,0.0,0.0,0.0,1,232.0,0.0,0,1374.0,1272.0,0.0,0.0,0.0,0.0,3
2023-05-09 23:03:48,cu2312P60000,cu2312P60000,1374.0,0.0,0.0,0.0,2,234.0,0.0,0,1374.0,1272.0,0.0,0.0,0.0,0.0,3
2023-05-09 23:03:49,cu2312P60000,cu2312P60000,1374.0,0.0,0.0,0.0,2,234.0,0.0,0,1374.0,1272.0,0.0,0.0,0.0,0.0,3
2023-05-09 23:03:49,cu2312P60000,cu2312P60000,1374.0,0.0,0.0,0.0,1,236.0,0.0,0,1374.0,1272.0,0.0,0.0,0.0,0.0,3
2023-05-09 23:03:50,cu2312P60000,cu2312P60000,1374.0,0.0,0.0,0.0,1,236.0,0.0,0,1374.0,1272.0,0.0,0.0,0.0,0.0,3
2023-05-09 23:03:50,cu2312P60000,cu2312P60000,1374.0,0.0,0.0,0.0,2,238.0,0.0,0,1374.0,1272.0,0.0,0.0,0.0,0.0,3
2023-05-09 23:03:51,cu2312P60000,cu2312P60000,1374.0,0.0,0.0,0.0,2,238.0,0.0,0,1374.0,1272.0,0.0,0.0,0.0,0.0,3
2023-05-09 23:03:51,cu2312P60000,cu2312P60000,1374.0,0.0,0.0,0.0,1,240.0,0.0,0,1374.0,1272.0,0.0,0.0,0.0,0.0,3
2023-05-09 23:03:52,cu2312P60000,cu2312P60000,1374.0,0.0,0.0,0.0,1,240.0,0.0,0,1374.0,1272.0,0.0,0.0,0.0,0.0,3
2023-05-09 23:03:52,cu2312P60000,cu2312P60000,1374.0,0.0,0.0,0.0,2,242.0,0.0,0,1374.0,1272.0,0.0,0.0,0.0,0.0,3
2023-05-09 23:03:53,cu2312P60000,cu2312P60000,1374.0,0.0,0.0,0.0,2,242.0,0.0,0,1374.0,1272.0,0.0,0.0,0.0,0.0,3
2023-05-09 23:03:53,cu2312P60000,cu2312P60000,1374.0,0.0,0.0,0.0,1,244.0,0.0,0,1374.0,1272.0,0.0,0.0,0.0,0.0,3
2023-05-09 23:03:56,cu2312P60000,cu2312P60000,1374.0,0.0,0.0,0.0,1,244.0,0.0,0,1374.0,1272.0,0.0,0.0,0.0,0.0,3
2023-05-09 23:03:56,cu2312P60000,cu2312P60000,1374.0,0.0,0.0,0.0,2,246.0,0.0,0,1374.0,1272.0,0.0,0.0,0.0,0.0,3
2023-05-09 23:03:57,cu2312P60000,cu2312P60000,1374.0,0.0,0.0,0.0,2,246.0,0.0,0,1374.0,1272.0,0.0,0.0,0.0,0.0,3
2023-05-09 23:03:57,cu2312P60000,cu2312P60000,1374.0,0.0,0.0,0.0,1,248.0,0.0,0,1374.0,1272.0,0.0,0.0,0.0,0.0,3
2023-05-09 23:03:58,cu2312P60000,cu2312P60000,1374.0,0.0,0.0,0.0,1,248.0,0.0,0,1374.0,1272.0,0.0,0.0,0.0,0.0,3
2023-05-09 23:03:58,cu2312P60000,cu2312P60000,1374.0,0.0,0.0,0.0,2,250.0,0.0,0,1374.0,1272.0,0.0,0.0,0.0,0.0,3
2023-05-09 23:03:59,cu2312P60000,cu2312P60000,1374.0,0.0,0.0,0.0,2,250.0,0.0,0,1374.0,1272.0,0.0,0.0,0.0,0.0,3
2023-05-09 23:03:59,cu2312P60000,cu2312P60000,1374.0,0.0,0.0,0.0,1,252.0,0.0,0,1374.0,1272.0,0.0,0.0,0.0,0.0,3
2023-05-09 23:04:00,cu2312P60000,cu2312P60000,1374.0,0.0,0.0,0.0,1,252.0,0.0,0,1374.0,1272.0,0.0,0.0,0.0,0.0,3
2023-05-09 23:04:00,cu2312P60000,cu2312P60000,1374.0,0.0,0.0,0.0,2,254.0,0.0,0,1374.0,1272.0,0.0,0.0,0.0,0.0,3
2023-05-09 23:04:01,cu2312P60000,cu2312P60000,1374.0,0.0,0.0,0.0,2,254.0,0.0,0,1374.0,1272.0,0.0,0.0,0.0,0.0,3
2023-05-09 23:04:01,cu2312P60000,cu2312P60000,1374.0,0.0,0.0,0.0,1,256.0,0.0,0,1374.0,1272.0,0.0,0.0,0.0,0.0,3
2023-05-09 23:04:03,cu2312P60000,cu2312P60000,1374.0,0.0,0.0,0.0,1,256.0,0.0,0,1374.0,1272.0,0.0,0.0,0.0,0.0,3
2023-05-09 23:04:04,cu2312P60000,cu2312P60000,1374.0,0.0,0.0,0.0,2,258.0,0.0,0,1374.0,1272.0,0.0,0.0,0.0,0.0,3
2023-05-09 23:04:04,cu2312P60000,cu2312P60000,1374.0,0.0,0.0,0.0,2,258.0,0.0,0,1374.0,1272.0,0.0,0.0,0.0,0.0,3
2023-05-09 23:04:05,cu2312P60000,cu2312P60000,1374.0,0.0,0.0,0.0,1,260.0,0.0,0,1374.0,1272.0,0.0,0.0,0.0,0.0,3
2023-05-09 23:04:05,cu2312P60000,cu2312P60000,1374.0,0.0,0.0,0.0,1,260.0,0.0,0,1374.0,1272.0,0.0,0.0,0.0,0.0,3
2023-05-09 23:04:06,cu2312P60000,cu2312P60000,1374.0,0.0,0.0,0.0,2,262.0,0.0,0,1374.0,1272.0,0.0,0.0,0.0,0.0,3
2023-05-09 23:04:06,cu2312P60000,cu2312P60000,1374.0,0.0,0.0,0.0,2,262.0,0.0,0,1374.0,1272.0,0.0,0.0,0.0,0.0,3
2023-05-09 23:04:07,cu2312P60000,cu2312P60000,1374.0,0.0,0.0,0.0,1,264.0,0.0,0,1374.0,1272.0,0.0,0.0,0.0,0.0,3
2023-05-09 23:04:07,cu2312P60000,cu2312P60000,1374.0,0.0,0.0,0.0,1,264.0,0.0,0,1374.0,1272.0,0.0,0.0,0.0,0.0,3
2023-05-09 23:04:08,cu2312P60000,cu2312P60000,1374.0,0.0,0.0,0.0,2,266.0,0.0,0,1374.0,1272.0,0.0,0.0,0.0,0.0,3
2023-05-09 23:04:08,cu2312P60000,cu2312P60000,1374.0,0.0,0.0,0.0,1,268.0,0.0,0,1374.0,1272.0,0.0,0.0,0.0,0.0,3
2023-05-09 23:04:11,cu2312P60000,cu2312P60000,1374.0,0.0,0.0,0.0,1,268.0,0.0,0,1374.0,1272.0,0.0,0.0,0.0,0.0,3
2023-05-09 23:04:12,cu2312P60000,cu2312P60000,1374.0,0.0,0.0,0.0,2,270.0,0.0,0,1374.0,1272.0,0.0,0.0,0.0,0.0,3
2023-05-09 23:04:12,cu2312P60000,cu2312P60000,1374.0,0.0,0.0,0.0,2,270.0,0.0,0,1374.0,1272.0,0.0,0.0,0.0,0.0,3
2023-05-09 23:04:13,cu2312P60000,cu2312P60000,1374.0,0.0,0.0,0.0,1,272.0,0.0,0,1374.0,1272.0,0.0,0.0,0.0,0.0,3
2023-05-09 23:04:13,cu2312P60000,cu2312P60000,1374.0,0.0,0.0,0.0,1,272.0,0.0,0,1374.0,1272.0,0.0,0.0,0.0,0.0,3
2023-05-09 23:04:14,cu2312P60000,cu2312P60000,1374.0,0.0,0.0,0.0,2,274.0,0.0,0,1374.0,1272.0,0.0,0.0,0.0,0.0,3
2023-05-09 23:04:14,cu2312P60000,cu2312P60000,1374.0,0.0,0.0,0.0,2,274.0,0.0,0,1374.0,1272.0,0.0,0.0,0.0,0.0,3
2023-05-09 23:04:15,cu2312P60000,cu2312P60000,1374.0,0.0,0.0,0.0,1,276.0,0.0,0,1374.0,1272.0,0.0,0.0,0.0,0.0,3
2023-05-09 23:04:15,cu2312P60000,cu2312P60000,1374.0,0.0,0.0,0.0,1,276.0,0.0,0,1374.0,1272.0,0.0,0.0,0.0,0.0,3
2023-05-09 23:04:16,cu2312P60000,cu2312P60000,1374.0,0.0,0.0,0.0,2,278.0,0.0,0,1374.0,1272.0,0.0,0.0,0.0,0.0,3
2023-05-09 23:04:16,cu2312P60000,cu2312P60000,1374.0,0.0,0.0,0.0,1,280.0,0.0,0,1374.0,1272.0,0.0,0.0,0.0,0.0,3
2023-05-09 23:04:17,cu2312P60000,cu2312P60000,1374.0,0.0,0.0,0.0,1,280.0,0.0,0,1374.0,1272.0,0.0,0.0,0.0,0.0,3
2023-05-09 23:04:17,cu2312P60000,cu2312P60000,1374.0,0.0,0.0,0.0,2,282.0,0.0,0,1374.0,1272.0,0.0,0.0,0.0,0.0,3
2023-05-09 23:04:18,cu2312P60000,cu2312P60000,1374.0,0.0,0.0,0.0,1,284.0,0.0,0,1374.0,1272.0,0.0,0.0,0.0,0.0,3
2023-05-09 23:04:18,cu2312P60000,cu2312P60000,1374.0,0.0,0.0,0.0,1,284.0,0.0,0,1374.0,1272.0,0.0,0.0,0.0,0.0,3
2023-05-09 23:04:19,cu2312P60000,cu2312P60000,1374.0,0.0,0.0,0.0,2,286.0,0.0,0,1374.0,1272.0,0.0,0.0,0.0,0.0,3
2023-05-09 23:04:19,cu2312P60000,cu2312P60000,1374.0,0.0,0.0,0.0,1,288.0,0.0,0,1374.0,1272.0,0.0,0.0,0.0,0.0,3
2023-05-09 23:04:20,cu2312P60000,cu2312P60000,1374.0,0.0,0.0,0.0,1,288.0,0.0,0,1374.0,1272.0,0.0,0.0,0.0,0.0,3
2023-05-09 23:04:20,cu2312P60000,cu2312P60000,1374.0,0.0,0.0,0.0,2,290.0,0.0,0,1374.0,1272.0,0.0,0.0,0.0,0.0,3
2023-05-09 23:04:21,cu2312P60000,cu2312P60000,1374.0,0.0,0.0,0.0,1,292.0,0.0,0,1374.0,1272.0,0.0,0.0,0.0,0.0,3
2023-05-09 23:04:22,cu2312P60000,cu2312P60000,1374.0,0.0,0.0,0.0,1,292.0,0.0,0,1374.0,1272.0,0.0,0.0,0.0,0.0,3
2023-05-09 23:04:22,cu2312P60000,cu2312P60000,1374.0,0.0,0.0,0.0,2,294.0,0.0,0,1374.0,1272.0,0.0,0.0,0.0,0.0,3
2023-05-09 23:04:23,cu2312P60000,cu2312P60000,1374.0,0.0,0.0,0.0,1,296.0,0.0,0,1374.0,1272.0,0.0,0.0,0.0,0.0,3
2023-05-09 23:04:23,cu2312P60000,cu2312P60000,1374.0,0.0,0.0,0.0,1,296.0,0.0,0,1374.0,1272.0,0.0,0.0,0.0,0.0,3
2023-05-09 23:04:24,cu2312P60000,cu2312P60000,1374.0,0.0,0.0,0.0,2,298.0,0.0,0,1374.0,1272.0,0.0,0.0,0.0,0.0,3
2023-05-09 23:04:24,cu2312P60000,cu2312P60000,1374.0,0.0,0.0,0.0,2,298.0,0.0,0,1374.0,1272.0,0.0,0.0,0.0,0.0,3
2023-05-09 23:04:26,cu2312P60000,cu2312P60000,1374.0,0.0,0.0,0.0,1,300.0,0.0,0,1374.0,1272.0,0.0,0.0,0.0,0.0,3
2023-05-09 23:04:26,cu2312P60000,cu2312P60000,1374.0,0.0,0.0,0.0,1,300.0,0.0,0,1374.0,1272.0,0.0,0.0,0.0,0.0,3
2023-05-09 23:04:27,cu2312P60000,cu2312P60000,1374.0,0.0,0.0,0.0,2,302.0,0.0,0,1374.0,1272.0,0.0,0.0,0.0,0.0,3
2023-05-09 23:04:28,cu2312P60000,cu2312P60000,1374.0,0.0,0.0,0.0,2,302.0,0.0,0,1374.0,1272.0,0.0,0.0,0.0,0.0,3
2023-05-09 23:04:28,cu2312P60000,cu2312P60000,1374.0,0.0,0.0,0.0,1,304.0,0.0,0,1374.0,1272.0,0.0,0.0,0.0,0.0,3
2023-05-09 23:04:29,cu2312P60000,cu2312P60000,1374.0,0.0,0.0,0.0,1,304.0,0.0,0,1374.0,1272.0,0.0,0.0,0.0,0.0,3
2023-05-09 23:04:29,cu2312P60000,cu2312P60000,1374.0,0.0,0.0,0.0,2,306.0,0.0,0,1374.0,1272.0,0.0,0.0,0.0,0.0,3
2023-05-09 23:04:30,cu2312P60000,cu2312P60000,1374.0,0.0,0.0,0.0,2,306.0,0.0,0,1374.0,1272.0,0.0,0.0,0.0,0.0,3
2023-05-09 23:04:34,cu2312P60000,cu2312P60000,1374.0,0.0,0.0,0.0,1,308.0,0.0,0,1374.0,1272.0,0.0,0.0,0.0,0.0,3
2023-05-09 23:04:35,cu2312P60000,cu2312P60000,1374.0,0.0,0.0,0.0,1,308.0,0.0,0,1374.0,1272.0,0.0,0.0,0.0,0.0,3
2023-05-09 23:04:35,cu2312P60000,cu2312P60000,1374.0,0.0,0.0,0.0,2,310.0,0.0,0,1374.0,1272.0,0.0,0.0,0.0,0.0,3
2023-05-09 23:04:36,cu2312P60000,cu2312P60000,1374.0,0.0,0.0,0.0,2,310.0,0.0,0,1374.0,1272.0,0.0,0.0,0.0,0.0,3
2023-05-09 23:04:38,cu2312P60000,cu2312P60000,1374.0,0.0,0.0,0.0,1,312.0,0.0,0,1374.0,1272.0,0.0,0.0,0.0,0.0,3
2023-05-09 23:04:39,cu2312P60000,cu2312P60000,1374.0,0.0,0.0,0.0,1,312.0,0.0,0,1374.0,1272.0,0.0,0.0,0.0,0.0,3
2023-05-09 23:04:39,cu2312P60000,cu2312P60000,1374.0,0.0,0.0,0.0,2,314.0,0.0,0,1374.0,1272.0,0.0,0.0,0.0,0.0,3
2023-05-09 23:04:40,cu2312P60000,cu2312P60000,1374.0,0.0,0.0,0.0,1,316.0,0.0,0,1374.0,1272.0,0.0,0.0,0.0,0.0,3
2023-05-09 23:04:40,cu2312P60000,cu2312P60000,1374.0,0.0,0.0,0.0,1,316.0,0.0,0,1374.0,1272.0,0.0,0.0,0.0,0.0,3
2023-05-09 23:04:41,cu2312P60000,cu2312P60000,1374.0,0.0,0.0,0.0,2,318.0,0.0,0,1374.0,1272.0,0.0,0.0,0.0,0.0,3
2023-05-09 23:04:41,cu2312P60000,cu2312P60000,1374.0,0.0,0.0,0.0,2,318.0,0.0,0,1374.0,1272.0,0.0,0.0,0.0,0.0,3
2023-05-09 23:04:42,cu2312P60000,cu2312P60000,1374.0,0.0,0.0,0.0,1,320.0,0.0,0,1374.0,1272.0,0.0,0.0,0.0,0.0,3
2023-05-09 23:04:42,cu2312P60000,cu2312P60000,1374.0,0.0,0.0,0.0,1,320.0,0.0,0,1374.0,1272.0,0.0,0.0,0.0,0.0,3
2023-05-09 23:04:43,cu2312P60000,cu2312P60000,1374.0,0.0,0.0,0.0,2,322.0,0.0,0,1374.0,1272.0,0.0,0.0,0.0,0.0,3
2023-05-09 23:04:43,cu2312P60000,cu2312P60000,1374.0,0.0,0.0,0.0,2,322.0,0.0,0,1374.0,1272.0,0.0,0.0,0.0,0.0,3
2023-05-09 23:04:44,cu2312P60000,cu2312P60000,1374.0,0.0,0.0,0.0,1,324.0,0.0,0,1374.0,1272.0,0.0,0.0,0.0,0.0,3
2023-05-09 23:04:44,cu2312P60000,cu2312P60000,1374.0,0.0,0.0,0.0,1,324.0,0.0,0,1374.0,1272.0,0.0,0.0,0.0,0.0,3
2023-05-09 23:04:45,cu2312P60000,cu2312P60000,1374.0,0.0,0.0,0.0,2,326.0,0.0,0,1374.0,1272.0,0.0,0.0,0.0,0.0,3
2023-05-09 23:04:45,cu2312P60000,cu2312P60000,1374.0,0.0,0.0,0.0,1,328.0,0.0,0,1374.0,1272.0,0.0,0.0,0.0,0.0,3
2023-05-09 23:04:46,cu2312P60000,cu2312P60000,1374.0,0.0,0.0,0.0,1,328.0,0.0,0,1374.0,1272.0,0.0,0.0,0.0,0.0,3
2023-05-09 23:04:46,cu2312P60000,cu2312P60000,1374.0,0.0,0.0,0.0,2,330.0,0.0,0,1374.0,1272.0,0.0,0.0,0.0,0.0,3
2023-05-09 23:04:47,cu2312P60000,cu2312P60000,1374.0,0.0,0.0,0.0,1,332.0,0.0,0,1374.0,1272.0,0.0,0.0,0.0,0.0,3
2023-05-09 23:04:47,cu2312P60000,cu2312P60000,1374.0,0.0,0.0,0.0,1,332.0,0.0,0,1374.0,1272.0,0.0,0.0,0.0,0.0,3
2023-05-09 23:04:48,cu2312P60000,cu2312P60000,1374.0,0.0,0.0,0.0,2,334.0,0.0,0,1374.0,1272.0,0.0,0.0,0.0,0.0,3
2023-05-09 23:04:48,cu2312P60000,cu2312P60000,1374.0,0.0,0.0,0.0,2,334.0,0.0,0,1374.0,1272.0,0.0,0.0,0.0,0.0,3
2023-05-09 23:04:49,cu2312P60000,cu2312P60000,1374.0,0.0,0.0,0.0,1,336.0,0.0,0,1374.0,1272.0,0.0,0.0,0.0,0.0,3
2023-05-09 23:04:51,cu2312P60000,cu2312P60000,1374.0,0.0,0.0,0.0,1,336.0,0.0,0,1374.0,1272.0,0.0,0.0,0.0,0.0,3
2023-05-09 23:04:51,cu2312P60000,cu2312P60000,1374.0,0.0,0.0,0.0,2,338.0,0.0,0,1374.0,1272.0,0.0,0.0,0.0,0.0,3
2023-05-09 23:04:52,cu2312P60000,cu2312P60000,1374.0,0.0,0.0,0.0,1,340.0,0.0,0,1374.0,1272.0,0.0,0.0,0.0,0.0,3
2023-05-09 23:04:53,cu2312P60000,cu2312P60000,1374.0,0.0,0.0,0.0,1,340.0,0.0,0,1374.0,1272.0,0.0,0.0,0.0,0.0,3
2023-05-09 23:04:54,cu2312P60000,cu2312P60000,1374.0,0.0,0.0,0.0,2,342.0,0.0,0,1374.0,1272.0,0.0,0.0,0.0,0.0,3
2023-05-09 23:04:54,cu2312P60000,cu2312P60000,1374.0,0.0,0.0,0.0,2,342.0,0.0,0,1374.0,1272.0,0.0,0.0,0.0,0.0,3
2023-05-09 23:04:55,cu2312P60000,cu2312P60000,1374.0,0.0,0.0,0.0,1,344.0,0.0,0,1374.0,1272.0,0.0,0.0,0.0,0.0,3
2023-05-09 23:04:55,cu2312P60000,cu2312P60000,1374.0,0.0,0.0,0.0,1,344.0,0.0,0,1374.0,1272.0,0.0,0.0,0.0,0.0,3
2023-05-09 23:04:56,cu2312P60000,cu2312P60000,1374.0,0.0,0.0,0.0,2,346.0,0.0,0,1374.0,1272.0,0.0,0.0,0.0,0.0,3
2023-05-09 23:04:56,cu2312P60000,cu2312P60000,1374.0,0.0,0.0,0.0,2,346.0,0.0,0,1374.0,1272.0,0.0,0.0,0.0,0.0,3
2023-05-09 23:04:57,cu2312P60000,cu2312P60000,1374.0,0.0,0.0,0.0,1,348.0,0.0,0,1374.0,1272.0,0.0,0.0,0.0,0.0,3
2023-05-09 23:04:57,cu2312P60000,cu2312P60000,1374.0,0.0,0.0,0.0,1,348.0,0.0,0,1374.0,1272.0,0.0,0.0,0.0,0.0,3
2023-05-09 23:04:58,cu2312P60000,cu2312P60000,1374.0,0.0,0.0,0.0,2,350.0,0.0,0,1374.0,1272.0,0.0,0.0,0.0,0.0,3
2023-05-09 23:04:58,cu2312P60000,cu2312P60000,1374.0,0.0,0.0,0.0,1,352.0,0.0,0,1374.0,1272.0,0.0,0.0,0.0,0.0,3
2023-05-09 23:04:59,cu2312P60000,cu2312P60000,1374.0,0.0,0.0,0.0,1,352.0,0.0,0,1374.0,1272.0,0.0,0.0,0.0,0.0,3
2023-05-09 23:04:59,cu2312P60000,cu2312P60000,1374.0,0.0,0.0,0.0,2,354.0,0.0,0,1374.0,1272.0,0.0,0.0,0.0,0.0,3
2023-05-09 23:05:00,cu2312P60000,cu2312P60000,1374.0,0.0,0.0,0.0,1,356.0,0.0,0,1374.0,1272.0,0.0,0.0,0.0,0.0,3
2023-05-09 23:05:00,cu2312P60000,cu2312P60000,1374.0,0.0,0.0,0.0,1,356.0,0.0,0,1374.0,1272.0,0.0,0.0,0.0,0.0,3
2023-05-09 23:05:01,cu2312P60000,cu2312P60000,1374.0,0.0,0.0,0.0,2,358.0,0.0,0,1374.0,1272.0,0.0,0.0,0.0,0.0,3
2023-05-09 23:05:01,cu2312P60000,cu2312P60000,1374.0,0.0,0.0,0.0,2,358.0,0.0,0,1374.0,1272.0,0.0,0.0,0.0,0.0,3
2023-05-09 23:05:02,cu2312P60000,cu2312P60000,1374.0,0.0,0.0,0.0,1,360.0,0.0,0,1374.0,1272.0,0.0,0.0,0.0,0.0,3
2023-05-09 23:05:03,cu2312P60000,cu2312P60000,1374.0,0.0,0.0,0.0,1,360.0,0.0,0,1374.0,1272.0,0.0,0.0,0.0,0.0,3
2023-05-09 23:05:03,cu2312P60000,cu2312P60000,1374.0,0.0,0.0,0.0,2,362.0,0.0,0,1374.0,1272.0,0.0,0.0,0.0,0.0,3
2023-05-09 23:05:04,cu2312P60000,cu2312P60000,1374.0,0.0,0.0,0.0,2,362.0,0.0,0,1374.0,1272.0,0.0,0.0,0.0,0.0,3
2023-05-09 23:05:04,cu2312P60000,cu2312P60000,1374.0,0.0,0.0,0.0,1,364.0,0.0,0,1374.0,1272.0,0.0,0.0,0.0,0.0,3
2023-05-09 23:05:05,cu2312P60000,cu2312P60000,1374.0,0.0,0.0,0.0,1,364.0,0.0,0,1374.0,1272.0,0.0,0.0,0.0,0.0,3
2023-05-09 23:05:05,cu2312P60000,cu2312P60000,1374.0,0.0,0.0,0.0,2,366.0,0.0,0,1374.0,1272.0,0.0,0.0,0.0,0.0,3
2023-05-09 23:05:06,cu2312P60000,cu2312P60000,1374.0,0.0,0.0,0.0,2,366.0,0.0,0,1374.0,1272.0,0.0,0.0,0.0,0.0,3
2023-05-09 23:05:06,cu2312P60000,cu2312P60000,1374.0,0.0,0.0,0.0,1,368.0,0.0,0,1374.0,1272.0,0.0,0.0,0.0,0.0,3
2023-05-09 23:05:07,cu2312P60000,cu2312P60000,1374.0,0.0,0.0,0.0,1,368.0,0.0,0,1374.0,1272.0,0.0,0.0,0.0,0.0,3
2023-05-09 23:05:07,cu2312P60000,cu2312P60000,1374.0,0.0,0.0,0.0,2,370.0,0.0,0,1374.0,1272.0,0.0,0.0,0.0,0.0,3
2023-05-09 23:05:08,cu2312P60000,cu2312P60000,1374.0,0.0,0.0,0.0,1,372.0,0.0,0,1374.0,1272.0,0.0,0.0,0.0,0.0,3
2023-05-09 23:05:08,cu2312P60000,cu2312P60000,1374.0,0.0,0.0,0.0,1,372.0,0.0,0,1374.0,1272.0,0.0,0.0,0.0,0.0,3
2023-05-09 23:05:09,cu2312P60000,cu2312P60000,1374.0,0.0,0.0,0.0,2,374.0,0.0,0,1374.0,1272.0,0.0,0.0,0.0,0.0,3
2023-05-09 23:05:09,cu2312P60000,cu2312P60000,1374.0,0.0,0.0,0.0,1,376.0,0.0,0,1374.0,1272.0,0.0,0.0,0.0,0.0,3
2023-05-09 23:05:11,cu2312P60000,cu2312P60000,1374.0,0.0,0.0,0.0,1,376.0,0.0,0,1374.0,1272.0,0.0,0.0,0.0,0.0,3
2023-05-09 23:05:11,cu2312P60000,cu2312P60000,1374.0,0.0,0.0,0.0,2,378.0,0.0,0,1374.0,1272.0,0.0,0.0,0.0,0.0,3
2023-05-09 23:05:12,cu2312P60000,cu2312P60000,1374.0,0.0,0.0,0.0,1,380.0,0.0,0,1374.0,1272.0,0.0,0.0,0.0,0.0,3
2023-05-09 23:05:16,cu2312P60000,cu2312P60000,1374.0,0.0,0.0,0.0,1,380.0,0.0,0,1374.0,1272.0,0.0,0.0,0.0,0.0,3
2023-05-09 23:05:16,cu2312P60000,cu2312P60000,1374.0,0.0,0.0,0.0,2,382.0,0.0,0,1374.0,1272.0,0.0,0.0,0.0,0.0,3
2023-05-09 23:05:17,cu2312P60000,cu2312P60000,1374.0,0.0,0.0,0.0,2,382.0,0.0,0,1374.0,1272.0,0.0,0.0,0.0,0.0,3
2023-05-09 23:05:17,cu2312P60000,cu2312P60000,1374.0,0.0,0.0,0.0,1,384.0,0.0,0,1374.0,1272.0,0.0,0.0,0.0,0.0,3
2023-05-09 23:05:18,cu2312P60000,cu2312P60000,1374.0,0.0,0.0,0.0,1,384.0,0.0,0,1374.0,1272.0,0.0,0.0,0.0,0.0,3
2023-05-09 23:05:18,cu2312P60000,cu2312P60000,1374.0,0.0,0.0,0.0,2,386.0,0.0,0,1374.0,1272.0,0.0,0.0,0.0,0.0,3
2023-05-09 23:05:19,cu2312P60000,cu2312P60000,1374.0,0.0,0.0,0.0,1,388.0,0.0,0,1374.0,1272.0,0.0,0.0,0.0,0.0,3
2023-05-09 23:05:20,cu2312P60000,cu2312P60000,1374.0,0.0,0.0,0.0,1,388.0,0.0,0,1374.0,1272.0,0.0,0.0,0.0,0.0,3
2023-05-09 23:05:20,cu2312P60000,cu2312P60000,1374.0,0.0,0.0,0.0,2,390.0,0.0,0,1374.0,1272.0,0.0,0.0,0.0,0.0,3
2023-05-09 23:05:21,cu2312P60000,cu2312P60000,1374.0,0.0,0.0,0.0,2,390.0,0.0,0,1374.0,1272.0,0.0,0.0,0.0,0.0,3
2023-05-09 23:05:21,cu2312P60000,cu2312P60000,1374.0,0.0,0.0,0.0,1,392.0,0.0,0,1374.0,1272.0,0.0,0.0,0.0,0.0,3
2023-05-09 23:05:22,cu2312P60000,cu2312P60000,1374.0,0.0,0.0,0.0,1,392.0,0.0,0,1374.0,1272.0,0.0,0.0,0.0,0.0,3
2023-05-09 23:05:22,cu2312P60000,cu2312P60000,1374.0,0.0,0.0,0.0,2,394.0,0.0,0,1374.0,1272.0,0.0,0.0,0.0,0.0,3
2023-05-09 23:05:23,cu2312P60000,cu2312P60000,1374.0,0.0,0.0,0.0,2,394.0,0.0,0,1374.0,1272.0,0.0,0.0,0.0,0.0,3
2023-05-09 23:05:23,cu2312P60000,cu2312P60000,1374.0,0.0,0.0,0.0,1,396.0,0.0,0,1374.0,1272.0,0.0,0.0,0.0,0.0,3
2023-05-09 23:05:24,cu2312P60000,cu2312P60000,1374.0,0.0,0.0,0.0,1,396.0,0.0,0,1374.0,1272.0,0.0,0.0,0.0,0.0,3
2023-05-09 23:05:24,cu2312P60000,cu2312P60000,1374.0,0.0,0.0,0.0,2,398.0,0.0,0,1374.0,1272.0,0.0,0.0,0.0,0.0,3
2023-05-09 23:05:25,cu2312P60000,cu2312P60000,1374.0,0.0,0.0,0.0,1,400.0,0.0,0,1374.0,1272.0,0.0,0.0,0.0,0.0,3
2023-05-09 23:05:26,cu2312P60000,cu2312P60000,1374.0,0.0,0.0,0.0,1,400.0,0.0,0,1374.0,1272.0,0.0,0.0,0.0,0.0,3
2023-05-09 23:05:26,cu2312P60000,cu2312P60000,1374.0,0.0,0.0,0.0,2,402.0,0.0,0,1374.0,1272.0,0.0,0.0,0.0,0.0,3
2023-05-09 23:05:27,cu2312P60000,cu2312P60000,1374.0,0.0,0.0,0.0,2,402.0,0.0,0,1374.0,1272.0,0.0,0.0,0.0,0.0,3
2023-05-09 23:05:27,cu2312P60000,cu2312P60000,1374.0,0.0,0.0,0.0,1,404.0,0.0,0,1374.0,1272.0,0.0,0.0,0.0,0.0,3
2023-05-09 23:05:28,cu2312P60000,cu2312P60000,1374.0,0.0,0.0,0.0,1,404.0,0.0,0,1374.0,1272.0,0.0,0.0,0.0,0.0,3
2023-05-09 23:05:28,cu2312P60000,cu2312P60000,1374.0,0.0,0.0,0.0,2,406.0,0.0,0,1374.0,1272.0,0.0,0.0,0.0,0.0,3
2023-05-09 23:05:29,cu2312P60000,cu2312P60000,1374.0,0.0,0.0,0.0,2,406.0,0.0,0,1374.0,1272.0,0.0,0.0,0.0,0.0,3
2023-05-09 23:05:29,cu2312P60000,cu2312P60000,1374.0,0.0,0.0,0.0,1,408.0,0.0,0,1374.0,1272.0,0.0,0.0,0.0,0.0,3
2023-05-09 23:05:30,cu2312P60000,cu2312P60000,1374.0,0.0,0.0,0.0,1,408.0,0.0,0,1374.0,1272.0,0.0,0.0,0.0,0.0,3
2023-05-09 23:05:30,cu2312P60000,cu2312P60000,1374.0,0.0,0.0,0.0,2,410.0,0.0,0,1374.0,1272.0,0.0,0.0,0.0,0.0,3
2023-05-09 23:05:31,cu2312P60000,cu2312P60000,1374.0,0.0,0.0,0.0,1,412.0,0.0,0,1374.0,1272.0,0.0,0.0,0.0,0.0,3
2023-05-09 23:05:32,cu2312P60000,cu2312P60000,1374.0,0.0,0.0,0.0,1,412.0,0.0,0,1374.0,1272.0,0.0,0.0,0.0,0.0,3
2023-05-09 23:05:33,cu2312P60000,cu2312P60000,1374.0,0.0,0.0,0.0,2,414.0,0.0,0,1374.0,1272.0,0.0,0.0,0.0,0.0,3
2023-05-09 23:05:33,cu2312P60000,cu2312P60000,1374.0,0.0,0.0,0.0,2,414.0,0.0,0,1374.0,1272.0,0.0,0.0,0.0,0.0,3
2023-05-09 23:05:34,cu2312P60000,cu2312P60000,1374.0,0.0,0.0,0.0,1,416.0,0.0,0,1374.0,1272.0,0.0,0.0,0.0,0.0,3
2023-05-09 23:05:34,cu2312P60000,cu2312P60000,1374.0,0.0,0.0,0.0,1,416.0,0.0,0,1374.0,1272.0,0.0,0.0,0.0,0.0,3
2023-05-09 23:05:35,cu2312P60000,cu2312P60000,1374.0,0.0,0.0,0.0,2,418.0,0.0,0,1374.0,1272.0,0.0,0.0,0.0,0.0,3
2023-05-09 23:05:35,cu2312P60000,cu2312P60000,1374.0,0.0,0.0,0.0,2,418.0,0.0,0,1374.0,1272.0,0.0,0.0,0.0,0.0,3
2023-05-09 23:05:36,cu2312P60000,cu2312P60000,1374.0,0.0,0.0,0.0,1,420.0,0.0,0,1374.0,1272.0,0.0,0.0,0.0,0.0,3
2023-05-09 23:05:41,cu2312P60000,cu2312P60000,1374.0,0.0,0.0,0.0,1,420.0,0.0,0,1374.0,1272.0,0.0,0.0,0.0,0.0,3
2023-05-09 23:05:42,cu2312P60000,cu2312P60000,1374.0,0.0,0.0,0.0,2,422.0,0.0,0,1374.0,1272.0,0.0,0.0,0.0,0.0,3
2023-05-09 23:05:42,cu2312P60000,cu2312P60000,1374.0,0.0,0.0,0.0,2,422.0,0.0,0,1374.0,1272.0,0.0,0.0,0.0,0.0,3
2023-05-09 23:05:44,cu2312P60000,cu2312P60000,1374.0,0.0,0.0,0.0,1,424.0,0.0,0,1374.0,1272.0,0.0,0.0,0.0,0.0,3
2023-05-09 23:05:44,cu2312P60000,cu2312P60000,1374.0,0.0,0.0,0.0,1,424.0,0.0,0,1374.0,1272.0,0.0,0.0,0.0,0.0,3
2023-05-09 23:05:45,cu2312P60000,cu2312P60000,1374.0,0.0,0.0,0.0,2,426.0,0.0,0,1374.0,1272.0,0.0,0.0,0.0,0.0,3
2023-05-09 23:05:45,cu2312P60000,cu2312P60000,1374.0,0.0,0.0,0.0,1,428.0,0.0,0,1374.0,1272.0,0.0,0.0,0.0,0.0,3
2023-05-09 23:05:46,cu2312P60000,cu2312P60000,1374.0,0.0,0.0,0.0,1,428.0,0.0,0,1374.0,1272.0,0.0,0.0,0.0,0.0,3
2023-05-09 23:05:46,cu2312P60000,cu2312P60000,1374.0,0.0,0.0,0.0,2,430.0,0.0,0,1374.0,1272.0,0.0,0.0,0.0,0.0,3
2023-05-09 23:05:47,cu2312P60000,cu2312P60000,1374.0,0.0,0.0,0.0,2,430.0,0.0,0,1374.0,1272.0,0.0,0.0,0.0,0.0,3
2023-05-09 23:05:47,cu2312P60000,cu2312P60000,1374.0,0.0,0.0,0.0,1,432.0,0.0,0,1374.0,1272.0,0.0,0.0,0.0,0.0,3
2023-05-09 23:05:48,cu2312P60000,cu2312P60000,1374.0,0.0,0.0,0.0,1,432.0,0.0,0,1374.0,1272.0,0.0,0.0,0.0,0.0,3
2023-05-09 23:05:48,cu2312P60000,cu2312P60000,1374.0,0.0,0.0,0.0,2,434.0,0.0,0,1374.0,1272.0,0.0,0.0,0.0,0.0,3
2023-05-09 23:05:49,cu2312P60000,cu2312P60000,1374.0,0.0,0.0,0.0,2,434.0,0.0,0,1374.0,1272.0,0.0,0.0,0.0,0.0,3
2023-05-09 23:05:49,cu2312P60000,cu2312P60000,1374.0,0.0,0.0,0.0,1,436.0,0.0,0,1374.0,1272.0,0.0,0.0,0.0,0.0,3
2023-05-09 23:05:50,cu2312P60000,cu2312P60000,1374.0,0.0,0.0,0.0,1,436.0,0.0,0,1374.0,1272.0,0.0,0.0,0.0,0.0,3
2023-05-09 23:05:50,cu2312P60000,cu2312P60000,1374.0,0.0,0.0,0.0,2,438.0,0.0,0,1374.0,1272.0,0.0,0.0,0.0,0.0,3
2023-05-09 23:05:51,cu2312P60000,cu2312P60000,1374.0,0.0,0.0,0.0,2,438.0,0.0,0,1374.0,1272.0,0.0,0.0,0.0,0.0,3
2023-05-09 23:05:51,cu2312P60000,cu2312P60000,1374.0,0.0,0.0,0.0,1,440.0,0.0,0,1374.0,1272.0,0.0,0.0,0.0,0.0,3
2023-05-09 23:05:52,cu2312P60000,cu2312P60000,1374.0,0.0,0.0,0.0,1,440.0,0.0,0,1374.0,1272.0,0.0,0.0,0.0,0.0,3
2023-05-09 23:05:52,cu2312P60000,cu2312P60000,1374.0,0.0,0.0,0.0,2,442.0,0.0,0,1374.0,1272.0,0.0,0.0,0.0,0.0,3
2023-05-09 23:05:53,cu2312P60000,cu2312P60000,1374.0,0.0,0.0,0.0,2,442.0,0.0,0,1374.0,1272.0,0.0,0.0,0.0,0.0,3
2023-05-09 23:05:53,cu2312P60000,cu2312P60000,1374.0,0.0,0.0,0.0,1,444.0,0.0,0,1374.0,1272.0,0.0,0.0,0.0,0.0,3
2023-05-09 23:05:56,cu2312P60000,cu2312P60000,1374.0,0.0,0.0,0.0,1,444.0,0.0,0,1374.0,1272.0,0.0,0.0,0.0,0.0,3
2023-05-09 23:05:57,cu2312P60000,cu2312P60000,1374.0,0.0,0.0,0.0,2,446.0,0.0,0,1374.0,1272.0,0.0,0.0,0.0,0.0,3
2023-05-09 23:05:57,cu2312P60000,cu2312P60000,1374.0,0.0,0.0,0.0,1,448.0,0.0,0,1374.0,1272.0,0.0,0.0,0.0,0.0,3
2023-05-09 23:05:58,cu2312P60000,cu2312P60000,1374.0,0.0,0.0,0.0,1,448.0,0.0,0,1374.0,1272.0,0.0,0.0,0.0,0.0,3
2023-05-09 23:05:58,cu2312P60000,cu2312P60000,1374.0,0.0,0.0,0.0,2,450.0,0.0,0,1374.0,1272.0,0.0,0.0,0.0,0.0,3
2023-05-09 23:05:59,cu2312P60000,cu2312P60000,1374.0,0.0,0.0,0.0,1,452.0,0.0,0,1374.0,1272.0,0.0,0.0,0.0,0.0,3
2023-05-09 23:06:00,cu2312P60000,cu2312P60000,1374.0,0.0,0.0,0.0,1,452.0,0.0,0,1374.0,1272.0,0.0,0.0,0.0,0.0,3
2023-05-09 23:06:00,cu2312P60000,cu2312P60000,1374.0,0.0,0.0,0.0,2,454.0,0.0,0,1374.0,1272.0,0.0,0.0,0.0,0.0,3
2023-05-09 23:06:01,cu2312P60000,cu2312P60000,1374.0,0.0,0.0,0.0,2,454.0,0.0,0,1374.0,1272.0,0.0,0.0,0.0,0.0,3
2023-05-09 23:06:01,cu2312P60000,cu2312P60000,1374.0,0.0,0.0,0.0,1,456.0,0.0,0,1374.0,1272.0,0.0,0.0,0.0,0.0,3
2023-05-09 23:06:02,cu2312P60000,cu2312P60000,1374.0,0.0,0.0,0.0,1,456.0,0.0,0,1374.0,1272.0,0.0,0.0,0.0,0.0,3
2023-05-09 23:06:02,cu2312P60000,cu2312P60000,1374.0,0.0,0.0,0.0,2,458.0,0.0,0,1374.0,1272.0,0.0,0.0,0.0,0.0,3
2023-05-09 23:06:03,cu2312P60000,cu2312P60000,1374.0,0.0,0.0,0.0,1,460.0,0.0,0,1374.0,1272.0,0.0,0.0,0.0,0.0,3
2023-05-09 23:06:03,cu2312P60000,cu2312P60000,1374.0,0.0,0.0,0.0,1,460.0,0.0,0,1374.0,1272.0,0.0,0.0,0.0,0.0,3
2023-05-09 23:06:04,cu2312P60000,cu2312P60000,1374.0,0.0,0.0,0.0,2,462.0,0.0,0,1374.0,1272.0,0.0,0.0,0.0,0.0,3
2023-05-09 23:06:04,cu2312P60000,cu2312P60000,1374.0,0.0,0.0,0.0,1,464.0,0.0,0,1374.0,1272.0,0.0,0.0,0.0,0.0,3
2023-05-09 23:06:05,cu2312P60000,cu2312P60000,1374.0,0.0,0.0,0.0,1,464.0,0.0,0,1374.0,1272.0,0.0,0.0,0.0,0.0,3
2023-05-09 23:06:05,cu2312P60000,cu2312P60000,1374.0,0.0,0.0,0.0,2,466.0,0.0,0,1374.0,1272.0,0.0,0.0,0.0,0.0,3
2023-05-09 23:06:06,cu2312P60000,cu2312P60000,1374.0,0.0,0.0,0.0,1,468.0,0.0,0,1374.0,1272.0,0.0,0.0,0.0,0.0,3
2023-05-09 23:06:06,cu2312P60000,cu2312P60000,1374.0,0.0,0.0,0.0,1,468.0,0.0,0,1374.0,1272.0,0.0,0.0,0.0,0.0,3
2023-05-09 23:06:07,cu2312P60000,cu2312P60000,1374.0,0.0,0.0,0.0,2,470.0,0.0,0,1374.0,1272.0,0.0,0.0,0.0,0.0,3
2023-05-09 23:06:07,cu2312P60000,cu2312P60000,1374.0,0.0,0.0,0.0,1,472.0,0.0,0,1374.0,1272.0,0.0,0.0,0.0,0.0,3
2023-05-09 23:06:09,cu2312P60000,cu2312P60000,1374.0,0.0,0.0,0.0,1,472.0,0.0,0,1374.0,1272.0,0.0,0.0,0.0,0.0,3
2023-05-09 23:06:09,cu2312P60000,cu2312P60000,1374.0,0.0,0.0,0.0,2,474.0,0.0,0,1374.0,1272.0,0.0,0.0,0.0,0.0,3
2023-05-09 23:06:10,cu2312P60000,cu2312P60000,1374.0,0.0,0.0,0.0,1,476.0,0.0,0,1374.0,1272.0,0.0,0.0,0.0,0.0,3
2023-05-09 23:06:11,cu2312P60000,cu2312P60000,1374.0,0.0,0.0,0.0,1,476.0,0.0,0,1374.0,1272.0,0.0,0.0,0.0,0.0,3
2023-05-09 23:06:12,cu2312P60000,cu2312P60000,1374.0,0.0,0.0,0.0,2,478.0,0.0,0,1374.0,1272.0,0.0,0.0,0.0,0.0,3
2023-05-09 23:06:13,cu2312P60000,cu2312P60000,1374.0,0.0,0.0,0.0,2,478.0,0.0,0,1374.0,1272.0,0.0,0.0,0.0,0.0,3
2023-05-09 23:06:14,cu2312P60000,cu2312P60000,1374.0,0.0,0.0,0.0,1,480.0,0.0,0,1374.0,1272.0,0.0,0.0,0.0,0.0,3
2023-05-09 23:06:14,cu2312P60000,cu2312P60000,1374.0,0.0,0.0,0.0,1,480.0,0.0,0,1374.0,1272.0,0.0,0.0,0.0,0.0,3
2023-05-09 23:06:15,cu2312P60000,cu2312P60000,1374.0,0.0,0.0,0.0,2,482.0,0.0,0,1374.0,1272.0,0.0,0.0,0.0,0.0,3
2023-05-09 23:06:15,cu2312P60000,cu2312P60000,1374.0,0.0,0.0,0.0,1,484.0,0.0,0,1374.0,1272.0,0.0,0.0,0.0,0.0,3
2023-05-09 23:06:16,cu2312P60000,cu2312P60000,1374.0,0.0,0.0,0.0,1,484.0,0.0,0,1374.0,1272.0,0.0,0.0,0.0,0.0,3
2023-05-09 23:06:16,cu2312P60000,cu2312P60000,1374.0,0.0,0.0,0.0,2,486.0,0.0,0,1374.0,1272.0,0.0,0.0,0.0,0.0,3
2023-05-09 23:06:17,cu2312P60000,cu2312P60000,1374.0,0.0,0.0,0.0,1,488.0,0.0,0,1374.0,1272.0,0.0,0.0,0.0,0.0,3
2023-05-09 23:06:17,cu2312P60000,cu2312P60000,1374.0,0.0,0.0,0.0,1,488.0,0.0,0,1374.0,1272.0,0.0,0.0,0.0,0.0,3
2023-05-09 23:06:18,cu2312P60000,cu2312P60000,1374.0,0.0,0.0,0.0,2,490.0,0.0,0,1374.0,1272.0,0.0,0.0,0.0,0.0,3
2023-05-09 23:06:18,cu2312P60000,cu2312P60000,1374.0,0.0,0.0,0.0,1,492.0,0.0,0,1374.0,1272.0,0.0,0.0,0.0,0.0,3
2023-05-09 23:06:19,cu2312P60000,cu2312P60000,1374.0,0.0,0.0,0.0,1,492.0,0.0,0,1374.0,1272.0,0.0,0.0,0.0,0.0,3
2023-05-09 23:06:19,cu2312P60000,cu2312P60000,1374.0,0.0,0.0,0.0,2,494.0,0.0,0,1374.0,1272.0,0.0,0.0,0.0,0.0,3
2023-05-09 23:06:20,cu2312P60000,cu2312P60000,1374.0,0.0,0.0,0.0,1,496.0,0.0,0,1374.0,1272.0,0.0,0.0,0.0,0.0,3
2023-05-09 23:06:21,cu2312P60000,cu2312P60000,1374.0,0.0,0.0,0.0,1,496.0,0.0,0,1374.0,1272.0,0.0,0.0,0.0,0.0,3
2023-05-09 23:06:21,cu2312P60000,cu2312P60000,1374.0,0.0,0.0,0.0,2,498.0,0.0,0,1374.0,1272.0,0.0,0.0,0.0,0.0,3
2023-05-09 23:06:22,cu2312P60000,cu2312P60000,1374.0,0.0,0.0,0.0,1,500.0,0.0,0,1374.0,1272.0,0.0,0.0,0.0,0.0,3
2023-05-09 23:06:24,cu2312P60000,cu2312P60000,1374.0,0.0,0.0,0.0,1,500.0,0.0,0,1374.0,1272.0,0.0,0.0,0.0,0.0,3
2023-05-09 23:06:24,cu2312P60000,cu2312P60000,1374.0,0.0,0.0,0.0,2,502.0,0.0,0,1374.0,1272.0,0.0,0.0,0.0,0.0,3
2023-05-09 23:06:26,cu2312P60000,cu2312P60000,1374.0,0.0,0.0,0.0,1,504.0,0.0,0,1374.0,1272.0,0.0,0.0,0.0,0.0,3
2023-05-09 23:06:26,cu2312P60000,cu2312P60000,1374.0,0.0,0.0,0.0,1,504.0,0.0,0,1374.0,1272.0,0.0,0.0,0.0,0.0,3
2023-05-09 23:06:27,cu2312P60000,cu2312P60000,1374.0,0.0,0.0,0.0,2,506.0,0.0,0,1374.0,1272.0,0.0,0.0,0.0,0.0,3
2023-05-09 23:06:27,cu2312P60000,cu2312P60000,1374.0,0.0,0.0,0.0,1,508.0,0.0,0,1374.0,1272.0,0.0,0.0,0.0,0.0,3
2023-05-09 23:06:28,cu2312P60000,cu2312P60000,1374.0,0.0,0.0,0.0,1,508.0,0.0,0,1374.0,1272.0,0.0,0.0,0.0,0.0,3
2023-05-09 23:06:28,cu2312P60000,cu2312P60000,1374.0,0.0,0.0,0.0,2,510.0,0.0,0,1374.0,1272.0,0.0,0.0,0.0,0.0,3
2023-05-09 23:06:29,cu2312P60000,cu2312P60000,1374.0,0.0,0.0,0.0,2,510.0,0.0,0,1374.0,1272.0,0.0,0.0,0.0,0.0,3
2023-05-09 23:06:29,cu2312P60000,cu2312P60000,1374.0,0.0,0.0,0.0,1,512.0,0.0,0,1374.0,1272.0,0.0,0.0,0.0,0.0,3
2023-05-09 23:06:31,cu2312P60000,cu2312P60000,1374.0,0.0,0.0,0.0,1,512.0,0.0,0,1374.0,1272.0,0.0,0.0,0.0,0.0,3
2023-05-09 23:06:32,cu2312P60000,cu2312P60000,1374.0,0.0,0.0,0.0,2,514.0,0.0,0,1374.0,1272.0,0.0,0.0,0.0,0.0,3
2023-05-09 23:06:32,cu2312P60000,cu2312P60000,1374.0,0.0,0.0,0.0,2,514.0,0.0,0,1374.0,1272.0,0.0,0.0,0.0,0.0,3
2023-05-09 23:06:33,cu2312P60000,cu2312P60000,1374.0,0.0,0.0,0.0,1,516.0,0.0,0,1374.0,1272.0,0.0,0.0,0.0,0.0,3
2023-05-09 23:06:34,cu2312P60000,cu2312P60000,1374.0,0.0,0.0,0.0,1,516.0,0.0,0,1374.0,1272.0,0.0,0.0,0.0,0.0,3
2023-05-09 23:06:34,cu2312P60000,cu2312P60000,1374.0,0.0,0.0,0.0,2,518.0,0.0,0,1374.0,1272.0,0.0,0.0,0.0,0.0,3
2023-05-09 23:06:35,cu2312P60000,cu2312P60000,1374.0,0.0,0.0,0.0,1,520.0,0.0,0,1374.0,1272.0,0.0,0.0,0.0,0.0,3
2023-05-09 23:06:36,cu2312P60000,cu2312P60000,1374.0,0.0,0.0,0.0,1,520.0,0.0,0,1374.0,1272.0,0.0,0.0,0.0,0.0,3
2023-05-09 23:06:37,cu2312P60000,cu2312P60000,1374.0,0.0,0.0,0.0,2,522.0,0.0,0,1374.0,1272.0,0.0,0.0,0.0,0.0,3
2023-05-09 23:06:38,cu2312P60000,cu2312P60000,1374.0,0.0,0.0,0.0,1,524.0,0.0,0,1374.0,1272.0,0.0,0.0,0.0,0.0,3
2023-05-09 23:06:38,cu2312P60000,cu2312P60000,1374.0,0.0,0.0,0.0,1,524.0,0.0,0,1374.0,1272.0,0.0,0.0,0.0,0.0,3
2023-05-09 23:06:39,cu2312P60000,cu2312P60000,1374.0,0.0,0.0,0.0,2,526.0,0.0,0,1374.0,1272.0,0.0,0.0,0.0,0.0,3
2023-05-09 23:06:39,cu2312P60000,cu2312P60000,1374.0,0.0,0.0,0.0,1,528.0,0.0,0,1374.0,1272.0,0.0,0.0,0.0,0.0,3
2023-05-09 23:06:44,cu2312P60000,cu2312P60000,1374.0,0.0,0.0,0.0,1,528.0,0.0,0,1374.0,1272.0,0.0,0.0,0.0,0.0,3
2023-05-09 23:06:44,cu2312P60000,cu2312P60000,1374.0,0.0,0.0,0.0,2,530.0,0.0,0,1374.0,1272.0,0.0,0.0,0.0,0.0,3
2023-05-09 23:06:45,cu2312P60000,cu2312P60000,1374.0,0.0,0.0,0.0,1,532.0,0.0,0,1374.0,1272.0,0.0,0.0,0.0,0.0,3
2023-05-09 23:06:45,cu2312P60000,cu2312P60000,1374.0,0.0,0.0,0.0,1,532.0,0.0,0,1374.0,1272.0,0.0,0.0,0.0,0.0,3
2023-05-09 23:06:46,cu2312P60000,cu2312P60000,1374.0,0.0,0.0,0.0,2,534.0,0.0,0,1374.0,1272.0,0.0,0.0,0.0,0.0,3
2023-05-09 23:06:46,cu2312P60000,cu2312P60000,1374.0,0.0,0.0,0.0,1,536.0,0.0,0,1374.0,1272.0,0.0,0.0,0.0,0.0,3
2023-05-09 23:06:47,cu2312P60000,cu2312P60000,1374.0,0.0,0.0,0.0,1,536.0,0.0,0,1374.0,1272.0,0.0,0.0,0.0,0.0,3
2023-05-09 23:06:48,cu2312P60000,cu2312P60000,1374.0,0.0,0.0,0.0,2,538.0,0.0,0,1374.0,1272.0,0.0,0.0,0.0,0.0,3
2023-05-09 23:06:48,cu2312P60000,cu2312P60000,1374.0,0.0,0.0,0.0,1,540.0,0.0,0,1374.0,1272.0,0.0,0.0,0.0,0.0,3
2023-05-09 23:06:49,cu2312P60000,cu2312P60000,1374.0,0.0,0.0,0.0,1,540.0,0.0,0,1374.0,1272.0,0.0,0.0,0.0,0.0,3
2023-05-09 23:06:49,cu2312P60000,cu2312P60000,1374.0,0.0,0.0,0.0,2,542.0,0.0,0,1374.0,1272.0,0.0,0.0,0.0,0.0,3
2023-05-09 23:06:50,cu2312P60000,cu2312P60000,1374.0,0.0,0.0,0.0,1,544.0,0.0,0,1374.0,1272.0,0.0,0.0,0.0,0.0,3
2023-05-09 23:06:50,cu2312P60000,cu2312P60000,1374.0,0.0,0.0,0.0,1,544.0,0.0,0,1374.0,1272.0,0.0,0.0,0.0,0.0,3
2023-05-09 23:06:51,cu2312P60000,cu2312P60000,1374.0,0.0,0.0,0.0,2,546.0,0.0,0,1374.0,1272.0,0.0,0.0,0.0,0.0,3
2023-05-09 23:06:51,cu2312P60000,cu2312P60000,1374.0,0.0,0.0,0.0,1,548.0,0.0,0,1374.0,1272.0,0.0,0.0,0.0,0.0,3
2023-05-09 23:06:52,cu2312P60000,cu2312P60000,1374.0,0.0,0.0,0.0,1,548.0,0.0,0,1374.0,1272.0,0.0,0.0,0.0,0.0,3
2023-05-09 23:06:52,cu2312P60000,cu2312P60000,1374.0,0.0,0.0,0.0,2,550.0,0.0,0,1374.0,1272.0,0.0,0.0,0.0,0.0,3
2023-05-09 23:06:53,cu2312P60000,cu2312P60000,1374.0,0.0,0.0,0.0,1,552.0,0.0,0,1374.0,1272.0,0.0,0.0,0.0,0.0,3
2023-05-09 23:06:54,cu2312P60000,cu2312P60000,1374.0,0.0,0.0,0.0,1,552.0,0.0,0,1374.0,1272.0,0.0,0.0,0.0,0.0,3
