time,symbol_id,symbol_name,last,trade_volume,trade_amount,open_interest_change,bv1,bp1,ap1,av1,yesterday_close,today_open,today_high,today_low,volume,amount,open_interest
2023-05-09 21:00:10,cu2312C74000,cu2312C74000,1716.0,0.0,0.0,0.0,5,52.0,0.0,0,1716.0,0.0,0.0,0.0,0.0,0.0,1
2023-05-09 21:01:20,cu2312C74000,cu2312C74000,1716.0,0.0,0.0,0.0,1,54.0,0.0,0,1716.0,0.0,0.0,0.0,0.0,0.0,1
2023-05-09 21:02:53,cu2312C74000,cu2312C74000,1716.0,0.0,0.0,0.0,1,56.0,0.0,0,1716.0,0.0,0.0,0.0,0.0,0.0,1
2023-05-09 21:04:09,cu2312C74000,cu2312C74000,1716.0,0.0,0.0,0.0,1,58.0,0.0,0,1716.0,0.0,0.0,0.0,0.0,0.0,1
2023-05-09 21:32:54,cu2312C74000,cu2312C74000,1716.0,0.0,0.0,0.0,1,60.0,0.0,0,1716.0,0.0,0.0,0.0,0.0,0.0,1
2023-05-09 21:32:55,cu2312C74000,cu2312C74000,1716.0,0.0,0.0,0.0,1,60.0,0.0,0,1716.0,0.0,0.0,0.0,0.0,0.0,1
2023-05-09 21:32:55,cu2312C74000,cu2312C74000,1716.0,0.0,0.0,0.0,1,62.0,0.0,0,1716.0,0.0,0.0,0.0,0.0,0.0,1
2023-05-09 22:00:58,cu2312C74000,cu2312C74000,1716.0,0.0,0.0,0.0,1,62.0,0.0,0,1716.0,0.0,0.0,0.0,0.0,0.0,1
2023-05-09 22:09:05,cu2312C74000,cu2312C74000,1716.0,0.0,0.0,0.0,1,64.0,0.0,0,1716.0,0.0,0.0,0.0,0.0,0.0,1
2023-05-09 22:09:06,cu2312C74000,cu2312C74000,1716.0,0.0,0.0,0.0,1,66.0,0.0,0,1716.0,0.0,0.0,0.0,0.0,0.0,1
2023-05-09 22:26:09,cu2312C74000,cu2312C74000,1716.0,0.0,0.0,0.0,1,66.0,0.0,0,1716.0,0.0,0.0,0.0,0.0,0.0,1
2023-05-09 22:43:55,cu2312C74000,cu2312C74000,1716.0,0.0,0.0,0.0,1,68.0,0.0,0,1716.0,0.0,0.0,0.0,0.0,0.0,1
2023-05-09 22:43:55,cu2312C74000,cu2312C74000,1716.0,0.0,0.0,0.0,1,70.0,0.0,0,1716.0,0.0,0.0,0.0,0.0,0.0,1
2023-05-09 22:51:54,cu2312C74000,cu2312C74000,1716.0,0.0,0.0,0.0,1,70.0,0.0,0,1716.0,0.0,0.0,0.0,0.0,0.0,1
2023-05-09 22:57:09,cu2312C74000,cu2312C74000,1716.0,0.0,0.0,0.0,1,68.0,0.0,0,1716.0,0.0,0.0,0.0,0.0,0.0,1
2023-05-09 22:58:56,cu2312C74000,cu2312C74000,1716.0,0.0,0.0,0.0,1,1068.0,1128.0,1,1716.0,0.0,0.0,0.0,0.0,0.0,1
2023-05-09 22:58:57,cu2312C74000,cu2312C74000,1716.0,0.0,0.0,0.0,1,1068.0,1128.0,1,1716.0,0.0,0.0,0.0,0.0,0.0,1
2023-05-09 22:59:01,cu2312C74000,cu2312C74000,1716.0,0.0,0.0,0.0,2,1068.0,1128.0,2,1716.0,0.0,0.0,0.0,0.0,0.0,1
2023-05-09 22:59:02,cu2312C74000,cu2312C74000,1716.0,0.0,0.0,0.0,4,1068.0,1128.0,4,1716.0,0.0,0.0,0.0,0.0,0.0,1
2023-05-09 22:59:03,cu2312C74000,cu2312C74000,1716.0,0.0,0.0,0.0,4,1068.0,1128.0,4,1716.0,0.0,0.0,0.0,0.0,0.0,1
2023-05-09 22:59:04,cu2312C74000,cu2312C74000,1716.0,0.0,0.0,0.0,4,1068.0,1116.0,1,1716.0,0.0,0.0,0.0,0.0,0.0,1
2023-05-09 22:59:04,cu2312C74000,cu2312C74000,1716.0,0.0,0.0,0.0,4,1068.0,1116.0,1,1716.0,0.0,0.0,0.0,0.0,0.0,1
2023-05-09 22:59:05,cu2312C74000,cu2312C74000,1716.0,0.0,0.0,0.0,4,1068.0,1104.0,1,1716.0,0.0,0.0,0.0,0.0,0.0,1
2023-05-09 22:59:05,cu2312C74000,cu2312C74000,1716.0,0.0,0.0,0.0,4,1068.0,1104.0,1,1716.0,0.0,0.0,0.0,0.0,0.0,1
2023-05-09 22:59:06,cu2312C74000,cu2312C74000,1716.0,0.0,0.0,0.0,4,1068.0,1104.0,1,1716.0,0.0,0.0,0.0,0.0,0.0,1
2023-05-09 22:59:08,cu2312C74000,cu2312C74000,1716.0,0.0,0.0,0.0,5,1068.0,1104.0,2,1716.0,0.0,0.0,0.0,0.0,0.0,1
2023-05-09 22:59:08,cu2312C74000,cu2312C74000,1716.0,0.0,0.0,0.0,4,1068.0,1104.0,2,1716.0,0.0,0.0,0.0,0.0,0.0,1
2023-05-09 22:59:12,cu2312C74000,cu2312C74000,1716.0,0.0,0.0,0.0,3,1068.0,1104.0,2,1716.0,0.0,0.0,0.0,0.0,0.0,1
2023-05-09 22:59:14,cu2312C74000,cu2312C74000,1716.0,0.0,0.0,0.0,2,1068.0,1104.0,2,1716.0,0.0,0.0,0.0,0.0,0.0,1
2023-05-09 22:59:15,cu2312C74000,cu2312C74000,1716.0,0.0,0.0,0.0,2,1068.0,1104.0,2,1716.0,0.0,0.0,0.0,0.0,0.0,1
2023-05-09 22:59:16,cu2312C74000,cu2312C74000,1716.0,0.0,0.0,0.0,2,1068.0,1104.0,1,1716.0,0.0,0.0,0.0,0.0,0.0,1
2023-05-09 22:59:17,cu2312C74000,cu2312C74000,1716.0,0.0,0.0,0.0,1,1068.0,1104.0,1,1716.0,0.0,0.0,0.0,0.0,0.0,1
2023-05-09 22:59:18,cu2312C74000,cu2312C74000,1716.0,0.0,0.0,0.0,1,68.0,0.0,0,1716.0,0.0,0.0,0.0,0.0,0.0,1
2023-05-09 23:03:13,cu2312C74000,cu2312C74000,1716.0,0.0,0.0,0.0,1,70.0,0.0,0,1716.0,0.0,0.0,0.0,0.0,0.0,1
2023-05-09 23:13:55,cu2312C74000,cu2312C74000,1716.0,0.0,0.0,0.0,1,72.0,0.0,0,1716.0,0.0,0.0,0.0,0.0,0.0,1
2023-05-09 23:13:55,cu2312C74000,cu2312C74000,1716.0,0.0,0.0,0.0,1,74.0,0.0,0,1716.0,0.0,0.0,0.0,0.0,0.0,1
2023-05-09 23:16:10,cu2312C74000,cu2312C74000,1716.0,0.0,0.0,0.0,1,1062.0,1122.0,1,1716.0,0.0,0.0,0.0,0.0,0.0,1
2023-05-09 23:16:11,cu2312C74000,cu2312C74000,1716.0,0.0,0.0,0.0,1,1062.0,1122.0,1,1716.0,0.0,0.0,0.0,0.0,0.0,1
2023-05-09 23:16:15,cu2312C74000,cu2312C74000,1716.0,0.0,0.0,0.0,2,1062.0,1122.0,2,1716.0,0.0,0.0,0.0,0.0,0.0,1
2023-05-09 23:16:16,cu2312C74000,cu2312C74000,1716.0,0.0,0.0,0.0,4,1062.0,1122.0,4,1716.0,0.0,0.0,0.0,0.0,0.0,1
2023-05-09 23:16:17,cu2312C74000,cu2312C74000,1716.0,0.0,0.0,0.0,4,1062.0,1122.0,4,1716.0,0.0,0.0,0.0,0.0,0.0,1
2023-05-09 23:16:18,cu2312C74000,cu2312C74000,1716.0,0.0,0.0,0.0,4,1062.0,1112.0,1,1716.0,0.0,0.0,0.0,0.0,0.0,1
2023-05-09 23:16:18,cu2312C74000,cu2312C74000,1716.0,0.0,0.0,0.0,4,1062.0,1112.0,1,1716.0,0.0,0.0,0.0,0.0,0.0,1
2023-05-09 23:16:20,cu2312C74000,cu2312C74000,1716.0,0.0,0.0,0.0,4,1062.0,1112.0,1,1716.0,0.0,0.0,0.0,0.0,0.0,1
2023-05-09 23:16:20,cu2312C74000,cu2312C74000,1716.0,0.0,0.0,0.0,4,1062.0,1112.0,1,1716.0,0.0,0.0,0.0,0.0,0.0,1
2023-05-09 23:16:22,cu2312C74000,cu2312C74000,1716.0,0.0,0.0,0.0,4,1062.0,1112.0,2,1716.0,0.0,0.0,0.0,0.0,0.0,1
2023-05-09 23:16:22,cu2312C74000,cu2312C74000,1716.0,0.0,0.0,0.0,3,1062.0,1112.0,2,1716.0,0.0,0.0,0.0,0.0,0.0,1
2023-05-09 23:16:24,cu2312C74000,cu2312C74000,1716.0,0.0,0.0,0.0,3,1062.0,1100.0,1,1716.0,0.0,0.0,0.0,0.0,0.0,1
2023-05-09 23:16:24,cu2312C74000,cu2312C74000,1716.0,0.0,0.0,0.0,3,1062.0,1100.0,1,1716.0,0.0,0.0,0.0,0.0,0.0,1
2023-05-09 23:16:26,cu2312C74000,cu2312C74000,1716.0,0.0,0.0,0.0,2,1062.0,1100.0,1,1716.0,0.0,0.0,0.0,0.0,0.0,1
2023-05-09 23:16:28,cu2312C74000,cu2312C74000,1716.0,0.0,0.0,0.0,1,1062.0,1100.0,1,1716.0,0.0,0.0,0.0,0.0,0.0,1
2023-05-09 23:16:29,cu2312C74000,cu2312C74000,1716.0,0.0,0.0,0.0,1,1062.0,1100.0,1,1716.0,0.0,0.0,0.0,0.0,0.0,1
2023-05-09 23:16:29,cu2312C74000,cu2312C74000,1716.0,0.0,0.0,0.0,1,1062.0,1100.0,1,1716.0,0.0,0.0,0.0,0.0,0.0,1
2023-05-09 23:16:31,cu2312C74000,cu2312C74000,1716.0,0.0,0.0,0.0,2,1060.0,1100.0,1,1716.0,0.0,0.0,0.0,0.0,0.0,1
2023-05-09 23:16:31,cu2312C74000,cu2312C74000,1716.0,0.0,0.0,0.0,1,1060.0,1100.0,1,1716.0,0.0,0.0,0.0,0.0,0.0,1
2023-05-09 23:16:32,cu2312C74000,cu2312C74000,1716.0,0.0,0.0,0.0,2,1058.0,1100.0,1,1716.0,0.0,0.0,0.0,0.0,0.0,1
2023-05-09 23:16:35,cu2312C74000,cu2312C74000,1716.0,0.0,0.0,0.0,1,1058.0,1104.0,1,1716.0,0.0,0.0,0.0,0.0,0.0,1
2023-05-09 23:16:36,cu2312C74000,cu2312C74000,1716.0,0.0,0.0,0.0,1,72.0,0.0,0,1716.0,0.0,0.0,0.0,0.0,0.0,1
2023-05-09 23:16:36,cu2312C74000,cu2312C74000,1716.0,0.0,0.0,0.0,1,74.0,0.0,0,1716.0,0.0,0.0,0.0,0.0,0.0,1
2023-05-09 23:43:56,cu2312C74000,cu2312C74000,1716.0,0.0,0.0,0.0,1,76.0,0.0,0,1716.0,0.0,0.0,0.0,0.0,0.0,1
2023-05-09 23:43:57,cu2312C74000,cu2312C74000,1716.0,0.0,0.0,0.0,1,78.0,0.0,0,1716.0,0.0,0.0,0.0,0.0,0.0,1
2023-05-10 00:05:47,cu2312C74000,cu2312C74000,1716.0,0.0,0.0,0.0,1,78.0,0.0,0,1716.0,0.0,0.0,0.0,0.0,0.0,1
2023-05-10 00:13:57,cu2312C74000,cu2312C74000,1716.0,0.0,0.0,0.0,1,80.0,0.0,0,1716.0,0.0,0.0,0.0,0.0,0.0,1
2023-05-10 00:13:58,cu2312C74000,cu2312C74000,1716.0,0.0,0.0,0.0,1,82.0,0.0,0,1716.0,0.0,0.0,0.0,0.0,0.0,1
2023-05-10 00:21:16,cu2312C74000,cu2312C74000,1716.0,0.0,0.0,0.0,1,82.0,0.0,0,1716.0,0.0,0.0,0.0,0.0,0.0,1
2023-05-10 00:36:48,cu2312C74000,cu2312C74000,1716.0,0.0,0.0,0.0,1,1080.0,1140.0,1,1716.0,0.0,0.0,0.0,0.0,0.0,1
2023-05-10 00:36:49,cu2312C74000,cu2312C74000,1716.0,0.0,0.0,0.0,1,1080.0,1140.0,1,1716.0,0.0,0.0,0.0,0.0,0.0,1
2023-05-10 00:36:54,cu2312C74000,cu2312C74000,1716.0,0.0,0.0,0.0,2,1080.0,1104.0,1,1716.0,0.0,0.0,0.0,0.0,0.0,1
2023-05-10 00:36:54,cu2312C74000,cu2312C74000,1716.0,0.0,0.0,0.0,3,1080.0,1104.0,1,1716.0,0.0,0.0,0.0,0.0,0.0,1
2023-05-10 00:36:55,cu2312C74000,cu2312C74000,1716.0,0.0,0.0,0.0,3,1080.0,1104.0,1,1716.0,0.0,0.0,0.0,0.0,0.0,1
2023-05-10 00:36:56,cu2312C74000,cu2312C74000,1716.0,0.0,0.0,0.0,3,1080.0,1104.0,1,1716.0,0.0,0.0,0.0,0.0,0.0,1
2023-05-10 00:36:56,cu2312C74000,cu2312C74000,1716.0,0.0,0.0,0.0,3,1080.0,1104.0,1,1716.0,0.0,0.0,0.0,0.0,0.0,1
2023-05-10 00:36:59,cu2312C74000,cu2312C74000,1716.0,0.0,0.0,0.0,3,1080.0,1104.0,1,1716.0,0.0,0.0,0.0,0.0,0.0,1
2023-05-10 00:37:00,cu2312C74000,cu2312C74000,1716.0,0.0,0.0,0.0,3,1080.0,1104.0,2,1716.0,0.0,0.0,0.0,0.0,0.0,1
2023-05-10 00:37:04,cu2312C74000,cu2312C74000,1716.0,0.0,0.0,0.0,2,1080.0,1104.0,2,1716.0,0.0,0.0,0.0,0.0,0.0,1
2023-05-10 00:37:05,cu2312C74000,cu2312C74000,1716.0,0.0,0.0,0.0,2,1080.0,1104.0,1,1716.0,0.0,0.0,0.0,0.0,0.0,1
2023-05-10 00:37:07,cu2312C74000,cu2312C74000,1716.0,0.0,0.0,0.0,2,1080.0,1104.0,1,1716.0,0.0,0.0,0.0,0.0,0.0,1
2023-05-10 00:37:07,cu2312C74000,cu2312C74000,1716.0,0.0,0.0,0.0,2,1080.0,1104.0,1,1716.0,0.0,0.0,0.0,0.0,0.0,1
2023-05-10 00:37:08,cu2312C74000,cu2312C74000,1716.0,0.0,0.0,0.0,2,1080.0,1104.0,1,1716.0,0.0,0.0,0.0,0.0,0.0,1
2023-05-10 00:37:09,cu2312C74000,cu2312C74000,1716.0,0.0,0.0,0.0,1,1080.0,1104.0,1,1716.0,0.0,0.0,0.0,0.0,0.0,1
2023-05-10 00:37:09,cu2312C74000,cu2312C74000,1716.0,0.0,0.0,0.0,1,1080.0,1104.0,1,1716.0,0.0,0.0,0.0,0.0,0.0,1
2023-05-10 00:37:10,cu2312C74000,cu2312C74000,1716.0,0.0,0.0,0.0,1,1080.0,1104.0,1,1716.0,0.0,0.0,0.0,0.0,0.0,1
2023-05-10 00:37:11,cu2312C74000,cu2312C74000,1716.0,0.0,0.0,0.0,1,80.0,0.0,0,1716.0,0.0,0.0,0.0,0.0,0.0,1
2023-05-10 00:37:11,cu2312C74000,cu2312C74000,1716.0,0.0,0.0,0.0,1,106.0,0.0,0,1716.0,0.0,0.0,0.0,0.0,0.0,1
2023-05-10 00:43:58,cu2312C74000,cu2312C74000,1716.0,0.0,0.0,0.0,1,108.0,0.0,0,1716.0,0.0,0.0,0.0,0.0,0.0,1
2023-05-10 00:43:59,cu2312C74000,cu2312C74000,1716.0,0.0,0.0,0.0,1,110.0,0.0,0,1716.0,0.0,0.0,0.0,0.0,0.0,1
2023-05-10 00:44:29,cu2312C74000,cu2312C74000,1716.0,0.0,0.0,0.0,1,110.0,0.0,0,1716.0,0.0,0.0,0.0,0.0,0.0,1
2023-05-10 00:54:57,cu2312C74000,cu2312C74000,1716.0,0.0,0.0,0.0,1,1064.0,1106.0,1,1716.0,0.0,0.0,0.0,0.0,0.0,1
2023-05-10 00:54:57,cu2312C74000,cu2312C74000,1716.0,0.0,0.0,0.0,2,1064.0,1106.0,2,1716.0,0.0,0.0,0.0,0.0,0.0,1
2023-05-10 00:54:58,cu2312C74000,cu2312C74000,1716.0,0.0,0.0,0.0,2,1064.0,1106.0,2,1716.0,0.0,0.0,0.0,0.0,0.0,1
2023-05-10 00:54:59,cu2312C74000,cu2312C74000,1716.0,0.0,0.0,0.0,1,1066.0,1106.0,3,1716.0,0.0,0.0,0.0,0.0,0.0,1
2023-05-10 00:55:00,cu2312C74000,cu2312C74000,1716.0,0.0,0.0,0.0,1,1066.0,1106.0,3,1716.0,0.0,0.0,0.0,0.0,0.0,1
2023-05-10 00:55:01,cu2312C74000,cu2312C74000,1716.0,0.0,0.0,0.0,1,1066.0,1106.0,3,1716.0,0.0,0.0,0.0,0.0,0.0,1
2023-05-10 00:55:02,cu2312C74000,cu2312C74000,1716.0,0.0,0.0,0.0,2,1066.0,1106.0,3,1716.0,0.0,0.0,0.0,0.0,0.0,1
2023-05-10 00:55:03,cu2312C74000,cu2312C74000,1716.0,0.0,0.0,0.0,3,1066.0,1106.0,4,1716.0,0.0,0.0,0.0,0.0,0.0,1
2023-05-10 00:55:08,cu2312C74000,cu2312C74000,1716.0,0.0,0.0,0.0,3,1066.0,1106.0,3,1716.0,0.0,0.0,0.0,0.0,0.0,1
2023-05-10 00:55:09,cu2312C74000,cu2312C74000,1716.0,0.0,0.0,0.0,3,1066.0,1106.0,2,1716.0,0.0,0.0,0.0,0.0,0.0,1
2023-05-10 00:55:10,cu2312C74000,cu2312C74000,1716.0,0.0,0.0,0.0,3,1066.0,1106.0,1,1716.0,0.0,0.0,0.0,0.0,0.0,1
2023-05-10 00:55:10,cu2312C74000,cu2312C74000,1716.0,0.0,0.0,0.0,3,1066.0,1106.0,1,1716.0,0.0,0.0,0.0,0.0,0.0,1
2023-05-10 00:55:11,cu2312C74000,cu2312C74000,1716.0,0.0,0.0,0.0,3,1066.0,1106.0,1,1716.0,0.0,0.0,0.0,0.0,0.0,1
2023-05-10 00:55:12,cu2312C74000,cu2312C74000,1716.0,0.0,0.0,0.0,3,1066.0,1106.0,1,1716.0,0.0,0.0,0.0,0.0,0.0,1
2023-05-10 00:55:13,cu2312C74000,cu2312C74000,1716.0,0.0,0.0,0.0,2,1066.0,1106.0,1,1716.0,0.0,0.0,0.0,0.0,0.0,1
2023-05-10 00:55:14,cu2312C74000,cu2312C74000,1716.0,0.0,0.0,0.0,1,1066.0,1124.0,1,1716.0,0.0,0.0,0.0,0.0,0.0,1
2023-05-10 00:55:14,cu2312C74000,cu2312C74000,1716.0,0.0,0.0,0.0,1,108.0,0.0,0,1716.0,0.0,0.0,0.0,0.0,0.0,1
2023-05-10 00:55:15,cu2312C74000,cu2312C74000,1716.0,0.0,0.0,0.0,1,134.0,0.0,0,1716.0,0.0,0.0,0.0,0.0,0.0,1
2023-05-10 00:57:09,cu2312C74000,cu2312C74000,1716.0,0.0,0.0,0.0,1,108.0,0.0,0,1716.0,0.0,0.0,0.0,0.0,0.0,1
2023-05-10 09:01:15,cu2312C74000,cu2312C74000,1716.0,0.0,0.0,0.0,1,110.0,0.0,0,1716.0,0.0,0.0,0.0,0.0,0.0,1
2023-05-10 10:12:07,cu2312C74000,cu2312C74000,1716.0,0.0,0.0,0.0,1,108.0,0.0,0,1716.0,0.0,0.0,0.0,0.0,0.0,1
2023-05-10 10:30:19,cu2312C74000,cu2312C74000,1716.0,0.0,0.0,0.0,1,110.0,0.0,0,1716.0,0.0,0.0,0.0,0.0,0.0,1
2023-05-10 10:41:27,cu2312C74000,cu2312C74000,1716.0,0.0,0.0,0.0,1,112.0,0.0,0,1716.0,0.0,0.0,0.0,0.0,0.0,1
2023-05-10 10:41:29,cu2312C74000,cu2312C74000,1716.0,0.0,0.0,0.0,1,114.0,0.0,0,1716.0,0.0,0.0,0.0,0.0,0.0,1
2023-05-10 10:41:38,cu2312C74000,cu2312C74000,1716.0,0.0,0.0,0.0,1,114.0,0.0,0,1716.0,0.0,0.0,0.0,0.0,0.0,1
2023-05-10 11:11:27,cu2312C74000,cu2312C74000,1716.0,0.0,0.0,0.0,1,116.0,0.0,0,1716.0,0.0,0.0,0.0,0.0,0.0,1
2023-05-10 11:11:28,cu2312C74000,cu2312C74000,1716.0,0.0,0.0,0.0,1,116.0,0.0,0,1716.0,0.0,0.0,0.0,0.0,0.0,1
2023-05-10 11:11:28,cu2312C74000,cu2312C74000,1716.0,0.0,0.0,0.0,1,118.0,0.0,0,1716.0,0.0,0.0,0.0,0.0,0.0,1
2023-05-10 11:15:54,cu2312C74000,cu2312C74000,1716.0,0.0,0.0,0.0,1,118.0,0.0,0,1716.0,0.0,0.0,0.0,0.0,0.0,1
2023-05-10 11:27:07,cu2312C74000,cu2312C74000,1716.0,0.0,0.0,0.0,1,116.0,0.0,0,1716.0,0.0,0.0,0.0,0.0,0.0,1
2023-05-10 11:29:23,cu2312C74000,cu2312C74000,1716.0,0.0,0.0,0.0,5,52.0,0.0,0,1716.0,0.0,0.0,0.0,0.0,0.0,1
2023-05-10 13:31:13,cu2312C74000,cu2312C74000,1716.0,0.0,0.0,0.0,1,54.0,0.0,0,1716.0,0.0,0.0,0.0,0.0,0.0,1
2023-05-10 13:52:51,cu2312C74000,cu2312C74000,1716.0,0.0,0.0,0.0,1,1068.0,1086.0,1,1716.0,0.0,0.0,0.0,0.0,0.0,1
2023-05-10 13:52:52,cu2312C74000,cu2312C74000,1716.0,0.0,0.0,0.0,1,1068.0,1086.0,1,1716.0,0.0,0.0,0.0,0.0,0.0,1
2023-05-10 13:52:55,cu2312C74000,cu2312C74000,1716.0,0.0,0.0,0.0,1,1068.0,1086.0,1,1716.0,0.0,0.0,0.0,0.0,0.0,1
2023-05-10 13:52:55,cu2312C74000,cu2312C74000,1716.0,0.0,0.0,0.0,2,1068.0,1086.0,2,1716.0,0.0,0.0,0.0,0.0,0.0,1
2023-05-10 13:52:57,cu2312C74000,cu2312C74000,1716.0,0.0,0.0,0.0,2,1068.0,1086.0,2,1716.0,0.0,0.0,0.0,0.0,0.0,1
2023-05-10 13:52:57,cu2312C74000,cu2312C74000,1716.0,0.0,0.0,0.0,2,1068.0,1086.0,2,1716.0,0.0,0.0,0.0,0.0,0.0,1
2023-05-10 13:52:58,cu2312C74000,cu2312C74000,1716.0,0.0,0.0,0.0,2,1068.0,1086.0,2,1716.0,0.0,0.0,0.0,0.0,0.0,1
2023-05-10 13:52:59,cu2312C74000,cu2312C74000,1716.0,0.0,0.0,0.0,2,1068.0,1086.0,2,1716.0,0.0,0.0,0.0,0.0,0.0,1
2023-05-10 13:53:03,cu2312C74000,cu2312C74000,1716.0,0.0,0.0,0.0,2,1068.0,1086.0,2,1716.0,0.0,0.0,0.0,0.0,0.0,1
2023-05-10 13:53:06,cu2312C74000,cu2312C74000,1716.0,0.0,0.0,0.0,1,1068.0,1086.0,1,1716.0,0.0,0.0,0.0,0.0,0.0,1
2023-05-10 13:53:09,cu2312C74000,cu2312C74000,1716.0,0.0,0.0,0.0,1,1068.0,1086.0,1,1716.0,0.0,0.0,0.0,0.0,0.0,1
2023-05-10 13:53:10,cu2312C74000,cu2312C74000,1716.0,0.0,0.0,0.0,1,1068.0,1086.0,1,1716.0,0.0,0.0,0.0,0.0,0.0,1
2023-05-10 13:53:10,cu2312C74000,cu2312C74000,1716.0,0.0,0.0,0.0,1,1068.0,1086.0,1,1716.0,0.0,0.0,0.0,0.0,0.0,1
2023-05-10 13:53:11,cu2312C74000,cu2312C74000,1716.0,0.0,0.0,0.0,1,1068.0,1086.0,1,1716.0,0.0,0.0,0.0,0.0,0.0,1
2023-05-10 13:53:12,cu2312C74000,cu2312C74000,1716.0,0.0,0.0,0.0,1,1068.0,1086.0,1,1716.0,0.0,0.0,0.0,0.0,0.0,1
2023-05-10 13:53:12,cu2312C74000,cu2312C74000,1716.0,0.0,0.0,0.0,1,1068.0,1086.0,1,1716.0,0.0,0.0,0.0,0.0,0.0,1
2023-05-10 13:53:14,cu2312C74000,cu2312C74000,1716.0,0.0,0.0,0.0,5,52.0,0.0,0,1716.0,0.0,0.0,0.0,0.0,0.0,1
2023-05-10 13:53:15,cu2312C74000,cu2312C74000,1716.0,0.0,0.0,0.0,1,54.0,0.0,0,1716.0,0.0,0.0,0.0,0.0,0.0,1
2023-05-10 13:55:22,cu2312C74000,cu2312C74000,1716.0,0.0,0.0,0.0,1,56.0,0.0,0,1716.0,0.0,0.0,0.0,0.0,0.0,1
2023-05-10 13:55:23,cu2312C74000,cu2312C74000,1716.0,0.0,0.0,0.0,1,58.0,0.0,0,1716.0,0.0,0.0,0.0,0.0,0.0,1
2023-05-10 14:29:35,cu2312C74000,cu2312C74000,1716.0,0.0,0.0,0.0,1,60.0,0.0,0,1716.0,0.0,0.0,0.0,0.0,0.0,1
2023-05-10 14:29:36,cu2312C74000,cu2312C74000,1716.0,0.0,0.0,0.0,1,62.0,0.0,0,1716.0,0.0,0.0,0.0,0.0,0.0,1
2023-05-10 14:30:00,cu2312C74000,cu2312C74000,1716.0,0.0,0.0,0.0,1,62.0,0.0,0,1716.0,0.0,0.0,0.0,0.0,0.0,1
2023-05-10 15:14:42,cu2312C74000,cu2312C74000,1716.0,0.0,0.0,0.0,1,62.0,0.0,0,1716.0,0.0,0.0,0.0,0.0,0.0,1
