time,symbol_id,symbol_name,last,trade_volume,trade_amount,open_interest_change,bv1,bp1,ap1,av1,yesterday_close,today_open,today_high,today_low,volume,amount,open_interest
2023-05-09 20:59:00,cu2312C70000,cu2312C70000,2878.0,0.0,0.0,0.0,1,198.0,0.0,0,2878.0,0.0,0.0,0.0,0.0,0.0,0
2023-05-09 21:00:16,cu2312C70000,cu2312C70000,2878.0,0.0,0.0,0.0,1,476.0,0.0,0,2878.0,0.0,0.0,0.0,0.0,0.0,0
2023-05-09 21:00:20,cu2312C70000,cu2312C70000,2878.0,0.0,0.0,0.0,1,476.0,0.0,0,2878.0,0.0,0.0,0.0,0.0,0.0,0
2023-05-09 21:16:53,cu2312C70000,cu2312C70000,2878.0,0.0,0.0,0.0,1,476.0,0.0,0,2878.0,0.0,0.0,0.0,0.0,0.0,0
2023-05-09 23:09:35,cu2312C70000,cu2312C70000,2878.0,0.0,0.0,0.0,1,502.0,0.0,0,2878.0,0.0,0.0,0.0,0.0,0.0,0
2023-05-09 23:09:58,cu2312C70000,cu2312C70000,2878.0,0.0,0.0,0.0,1,476.0,0.0,0,2878.0,0.0,0.0,0.0,0.0,0.0,0
2023-05-09 23:15:18,cu2312C70000,cu2312C70000,2878.0,0.0,0.0,0.0,1,502.0,0.0,0,2878.0,0.0,0.0,0.0,0.0,0.0,0
2023-05-09 23:15:41,cu2312C70000,cu2312C70000,2878.0,0.0,0.0,0.0,1,476.0,0.0,0,2878.0,0.0,0.0,0.0,0.0,0.0,0
2023-05-09 23:16:07,cu2312C70000,cu2312C70000,2878.0,0.0,0.0,0.0,1,502.0,0.0,0,2878.0,0.0,0.0,0.0,0.0,0.0,0
2023-05-09 23:16:36,cu2312C70000,cu2312C70000,2878.0,0.0,0.0,0.0,1,476.0,0.0,0,2878.0,0.0,0.0,0.0,0.0,0.0,0
2023-05-10 00:36:46,cu2312C70000,cu2312C70000,2878.0,0.0,0.0,0.0,1,502.0,0.0,0,2878.0,0.0,0.0,0.0,0.0,0.0,0
2023-05-10 00:37:29,cu2312C70000,cu2312C70000,2878.0,0.0,0.0,0.0,1,476.0,0.0,0,2878.0,0.0,0.0,0.0,0.0,0.0,0
2023-05-10 00:49:04,cu2312C70000,cu2312C70000,2878.0,0.0,0.0,0.0,1,502.0,0.0,0,2878.0,0.0,0.0,0.0,0.0,0.0,0
2023-05-10 00:49:27,cu2312C70000,cu2312C70000,2878.0,0.0,0.0,0.0,1,476.0,0.0,0,2878.0,0.0,0.0,0.0,0.0,0.0,0
2023-05-10 00:54:52,cu2312C70000,cu2312C70000,2878.0,0.0,0.0,0.0,1,502.0,0.0,0,2878.0,0.0,0.0,0.0,0.0,0.0,0
2023-05-10 00:54:59,cu2312C70000,cu2312C70000,2878.0,0.0,0.0,0.0,1,2156.0,2242.0,1,2878.0,0.0,0.0,0.0,0.0,0.0,0
2023-05-10 00:54:59,cu2312C70000,cu2312C70000,2878.0,0.0,0.0,0.0,2,2156.0,2242.0,2,2878.0,0.0,0.0,0.0,0.0,0.0,0
2023-05-10 00:55:00,cu2312C70000,cu2312C70000,2878.0,0.0,0.0,0.0,3,2156.0,2242.0,3,2878.0,0.0,0.0,0.0,0.0,0.0,0
2023-05-10 00:55:01,cu2312C70000,cu2312C70000,2878.0,0.0,0.0,0.0,3,2156.0,2242.0,3,2878.0,0.0,0.0,0.0,0.0,0.0,0
2023-05-10 00:55:03,cu2312C70000,cu2312C70000,2878.0,0.0,0.0,0.0,4,2156.0,2242.0,4,2878.0,0.0,0.0,0.0,0.0,0.0,0
2023-05-10 00:55:04,cu2312C70000,cu2312C70000,2878.0,0.0,0.0,0.0,5,2156.0,2242.0,5,2878.0,0.0,0.0,0.0,0.0,0.0,0
2023-05-10 00:55:06,cu2312C70000,cu2312C70000,2878.0,0.0,0.0,0.0,1,2170.0,2228.0,1,2878.0,0.0,0.0,0.0,0.0,0.0,0
2023-05-10 00:55:10,cu2312C70000,cu2312C70000,2878.0,0.0,0.0,0.0,1,2170.0,2228.0,1,2878.0,0.0,0.0,0.0,0.0,0.0,0
2023-05-10 00:55:11,cu2312C70000,cu2312C70000,2878.0,0.0,0.0,0.0,1,2170.0,2228.0,1,2878.0,0.0,0.0,0.0,0.0,0.0,0
2023-05-10 00:55:11,cu2312C70000,cu2312C70000,2878.0,0.0,0.0,0.0,1,2170.0,2228.0,1,2878.0,0.0,0.0,0.0,0.0,0.0,0
2023-05-10 00:55:12,cu2312C70000,cu2312C70000,2878.0,0.0,0.0,0.0,1,2170.0,2228.0,1,2878.0,0.0,0.0,0.0,0.0,0.0,0
2023-05-10 00:55:13,cu2312C70000,cu2312C70000,2878.0,0.0,0.0,0.0,1,2170.0,2228.0,1,2878.0,0.0,0.0,0.0,0.0,0.0,0
2023-05-10 00:55:14,cu2312C70000,cu2312C70000,2878.0,0.0,0.0,0.0,1,2170.0,2228.0,1,2878.0,0.0,0.0,0.0,0.0,0.0,0
2023-05-10 00:55:14,cu2312C70000,cu2312C70000,2878.0,0.0,0.0,0.0,1,2170.0,2228.0,1,2878.0,0.0,0.0,0.0,0.0,0.0,0
2023-05-10 00:55:17,cu2312C70000,cu2312C70000,2878.0,0.0,0.0,0.0,1,2156.0,2242.0,1,2878.0,0.0,0.0,0.0,0.0,0.0,0
2023-05-10 00:55:19,cu2312C70000,cu2312C70000,2878.0,0.0,0.0,0.0,1,476.0,0.0,0,2878.0,0.0,0.0,0.0,0.0,0.0,0
2023-05-10 00:59:41,cu2312C70000,cu2312C70000,2878.0,0.0,0.0,0.0,1,472.0,0.0,0,2878.0,0.0,0.0,0.0,0.0,0.0,0
2023-05-10 00:59:45,cu2312C70000,cu2312C70000,2878.0,0.0,0.0,0.0,1,198.0,0.0,0,2878.0,0.0,0.0,0.0,0.0,0.0,0
2023-05-10 00:59:46,cu2312C70000,cu2312C70000,2878.0,0.0,0.0,0.0,1,198.0,0.0,0,2878.0,0.0,0.0,0.0,0.0,0.0,0
2023-05-10 09:00:22,cu2312C70000,cu2312C70000,2878.0,0.0,0.0,0.0,1,508.0,0.0,0,2878.0,0.0,0.0,0.0,0.0,0.0,0
2023-05-10 09:25:01,cu2312C70000,cu2312C70000,2878.0,0.0,0.0,0.0,1,1000.0,0.0,0,2878.0,0.0,0.0,0.0,0.0,0.0,0
2023-05-10 09:27:41,cu2312C70000,cu2312C70000,2878.0,0.0,0.0,0.0,1,1000.0,0.0,0,2878.0,0.0,0.0,0.0,0.0,0.0,0
2023-05-10 13:44:51,cu2312C70000,cu2312C70000,2878.0,0.0,0.0,0.0,1,1026.0,0.0,0,2878.0,0.0,0.0,0.0,0.0,0.0,0
2023-05-10 13:45:13,cu2312C70000,cu2312C70000,2878.0,0.0,0.0,0.0,1,1000.0,0.0,0,2878.0,0.0,0.0,0.0,0.0,0.0,0
2023-05-10 13:52:51,cu2312C70000,cu2312C70000,2878.0,0.0,0.0,0.0,1,2140.0,2172.0,1,2878.0,0.0,0.0,0.0,0.0,0.0,0
2023-05-10 13:52:52,cu2312C70000,cu2312C70000,2878.0,0.0,0.0,0.0,1,2140.0,2172.0,1,2878.0,0.0,0.0,0.0,0.0,0.0,0
2023-05-10 13:52:57,cu2312C70000,cu2312C70000,2878.0,0.0,0.0,0.0,1,2140.0,2172.0,1,2878.0,0.0,0.0,0.0,0.0,0.0,0
2023-05-10 13:52:57,cu2312C70000,cu2312C70000,2878.0,0.0,0.0,0.0,2,2140.0,2172.0,1,2878.0,0.0,0.0,0.0,0.0,0.0,0
2023-05-10 13:52:58,cu2312C70000,cu2312C70000,2878.0,0.0,0.0,0.0,2,2140.0,2172.0,1,2878.0,0.0,0.0,0.0,0.0,0.0,0
2023-05-10 13:52:59,cu2312C70000,cu2312C70000,2878.0,0.0,0.0,0.0,2,2140.0,2172.0,1,2878.0,0.0,0.0,0.0,0.0,0.0,0
2023-05-10 13:53:03,cu2312C70000,cu2312C70000,2878.0,0.0,0.0,0.0,2,2140.0,2172.0,1,2878.0,0.0,0.0,0.0,0.0,0.0,0
2023-05-10 13:53:04,cu2312C70000,cu2312C70000,2878.0,0.0,0.0,0.0,2,2140.0,2172.0,1,2878.0,0.0,0.0,0.0,0.0,0.0,0
2023-05-10 13:53:08,cu2312C70000,cu2312C70000,2878.0,0.0,0.0,0.0,1,2140.0,2172.0,1,2878.0,0.0,0.0,0.0,0.0,0.0,0
2023-05-10 13:53:09,cu2312C70000,cu2312C70000,2878.0,0.0,0.0,0.0,1,2140.0,2172.0,1,2878.0,0.0,0.0,0.0,0.0,0.0,0
2023-05-10 13:53:10,cu2312C70000,cu2312C70000,2878.0,0.0,0.0,0.0,1,2140.0,2172.0,1,2878.0,0.0,0.0,0.0,0.0,0.0,0
2023-05-10 13:53:12,cu2312C70000,cu2312C70000,2878.0,0.0,0.0,0.0,1,2140.0,2172.0,1,2878.0,0.0,0.0,0.0,0.0,0.0,0
2023-05-10 13:53:12,cu2312C70000,cu2312C70000,2878.0,0.0,0.0,0.0,1,2140.0,2172.0,1,2878.0,0.0,0.0,0.0,0.0,0.0,0
2023-05-10 13:53:13,cu2312C70000,cu2312C70000,2878.0,0.0,0.0,0.0,1,2140.0,2172.0,1,2878.0,0.0,0.0,0.0,0.0,0.0,0
2023-05-10 13:53:14,cu2312C70000,cu2312C70000,2878.0,0.0,0.0,0.0,1,2134.0,2192.0,1,2878.0,0.0,0.0,0.0,0.0,0.0,0
2023-05-10 13:53:15,cu2312C70000,cu2312C70000,2878.0,0.0,0.0,0.0,1,1000.0,0.0,0,2878.0,0.0,0.0,0.0,0.0,0.0,0
2023-05-10 15:14:42,cu2312C70000,cu2312C70000,2878.0,0.0,0.0,0.0,1,1000.0,0.0,0,2878.0,0.0,0.0,0.0,0.0,0.0,0
