time,symbol_id,symbol_name,last,trade_volume,trade_amount,open_interest_change,bv1,bp1,ap1,av1,yesterday_close,today_open,today_high,today_low,volume,amount,open_interest
2023-05-09 20:59:00,cu2311C77000,cu2311C77000,480.0,0.0,0.0,0.0,101,2.0,0.0,0,480.0,466.0,0.0,0.0,0.0,0.0,7
2023-05-09 21:00:04,cu2311C77000,cu2311C77000,480.0,0.0,0.0,0.0,2,4.0,0.0,0,480.0,466.0,0.0,0.0,0.0,0.0,7
2023-05-09 21:01:12,cu2311C77000,cu2311C77000,480.0,0.0,0.0,0.0,1,30.0,0.0,0,480.0,466.0,0.0,0.0,0.0,0.0,7
2023-05-09 21:01:13,cu2311C77000,cu2311C77000,480.0,0.0,0.0,0.0,1,30.0,0.0,0,480.0,466.0,0.0,0.0,0.0,0.0,7
2023-05-09 21:01:13,cu2311C77000,cu2311C77000,480.0,0.0,0.0,0.0,2,32.0,0.0,0,480.0,466.0,0.0,0.0,0.0,0.0,7
2023-05-09 21:01:19,cu2311C77000,cu2311C77000,480.0,0.0,0.0,0.0,1,46.0,0.0,0,480.0,466.0,0.0,0.0,0.0,0.0,7
2023-05-09 21:01:20,cu2311C77000,cu2311C77000,480.0,0.0,0.0,0.0,1,46.0,0.0,0,480.0,466.0,0.0,0.0,0.0,0.0,7
2023-05-09 21:01:20,cu2311C77000,cu2311C77000,480.0,0.0,0.0,0.0,2,48.0,0.0,0,480.0,466.0,0.0,0.0,0.0,0.0,7
2023-05-09 21:01:27,cu2311C77000,cu2311C77000,480.0,0.0,0.0,0.0,2,48.0,0.0,0,480.0,466.0,0.0,0.0,0.0,0.0,7
2023-05-09 21:01:27,cu2311C77000,cu2311C77000,480.0,0.0,0.0,0.0,1,50.0,0.0,0,480.0,466.0,0.0,0.0,0.0,0.0,7
2023-05-09 21:01:28,cu2311C77000,cu2311C77000,480.0,0.0,0.0,0.0,1,50.0,0.0,0,480.0,466.0,0.0,0.0,0.0,0.0,7
2023-05-09 21:01:28,cu2311C77000,cu2311C77000,480.0,0.0,0.0,0.0,2,52.0,0.0,0,480.0,466.0,0.0,0.0,0.0,0.0,7
2023-05-09 21:01:30,cu2311C77000,cu2311C77000,480.0,0.0,0.0,0.0,2,52.0,0.0,0,480.0,466.0,0.0,0.0,0.0,0.0,7
2023-05-09 21:01:30,cu2311C77000,cu2311C77000,480.0,0.0,0.0,0.0,1,54.0,0.0,0,480.0,466.0,0.0,0.0,0.0,0.0,7
2023-05-09 21:01:31,cu2311C77000,cu2311C77000,480.0,0.0,0.0,0.0,1,54.0,0.0,0,480.0,466.0,0.0,0.0,0.0,0.0,7
2023-05-09 21:01:31,cu2311C77000,cu2311C77000,480.0,0.0,0.0,0.0,2,56.0,0.0,0,480.0,466.0,0.0,0.0,0.0,0.0,7
2023-05-09 21:01:33,cu2311C77000,cu2311C77000,480.0,0.0,0.0,0.0,2,56.0,0.0,0,480.0,466.0,0.0,0.0,0.0,0.0,7
2023-05-09 21:01:33,cu2311C77000,cu2311C77000,480.0,0.0,0.0,0.0,1,58.0,0.0,0,480.0,466.0,0.0,0.0,0.0,0.0,7
2023-05-09 21:01:34,cu2311C77000,cu2311C77000,480.0,0.0,0.0,0.0,1,58.0,0.0,0,480.0,466.0,0.0,0.0,0.0,0.0,7
2023-05-09 21:01:34,cu2311C77000,cu2311C77000,480.0,0.0,0.0,0.0,2,60.0,0.0,0,480.0,466.0,0.0,0.0,0.0,0.0,7
2023-05-09 21:01:38,cu2311C77000,cu2311C77000,480.0,0.0,0.0,0.0,1,62.0,0.0,0,480.0,466.0,0.0,0.0,0.0,0.0,7
2023-05-09 21:01:38,cu2311C77000,cu2311C77000,480.0,0.0,0.0,0.0,1,62.0,0.0,0,480.0,466.0,0.0,0.0,0.0,0.0,7
2023-05-09 21:01:39,cu2311C77000,cu2311C77000,480.0,0.0,0.0,0.0,2,64.0,0.0,0,480.0,466.0,0.0,0.0,0.0,0.0,7
2023-05-09 21:01:43,cu2311C77000,cu2311C77000,480.0,0.0,0.0,0.0,2,64.0,0.0,0,480.0,466.0,0.0,0.0,0.0,0.0,7
2023-05-09 21:05:58,cu2311C77000,cu2311C77000,480.0,0.0,0.0,0.0,2,64.0,0.0,0,480.0,466.0,0.0,0.0,0.0,0.0,7
2023-05-09 21:08:38,cu2311C77000,cu2311C77000,480.0,0.0,0.0,0.0,2,64.0,0.0,0,480.0,466.0,0.0,0.0,0.0,0.0,7
2023-05-09 21:12:51,cu2311C77000,cu2311C77000,480.0,0.0,0.0,0.0,2,64.0,0.0,0,480.0,466.0,0.0,0.0,0.0,0.0,7
2023-05-09 22:01:01,cu2311C77000,cu2311C77000,480.0,0.0,0.0,0.0,1,90.0,0.0,0,480.0,466.0,0.0,0.0,0.0,0.0,7
2023-05-09 22:01:02,cu2311C77000,cu2311C77000,480.0,0.0,0.0,0.0,1,90.0,0.0,0,480.0,466.0,0.0,0.0,0.0,0.0,7
2023-05-09 22:01:02,cu2311C77000,cu2311C77000,480.0,0.0,0.0,0.0,2,92.0,0.0,0,480.0,466.0,0.0,0.0,0.0,0.0,7
2023-05-09 22:01:03,cu2311C77000,cu2311C77000,480.0,0.0,0.0,0.0,1,118.0,0.0,0,480.0,466.0,0.0,0.0,0.0,0.0,7
2023-05-09 22:01:08,cu2311C77000,cu2311C77000,480.0,0.0,0.0,0.0,1,118.0,0.0,0,480.0,466.0,0.0,0.0,0.0,0.0,7
2023-05-09 22:01:09,cu2311C77000,cu2311C77000,480.0,0.0,0.0,0.0,2,120.0,0.0,0,480.0,466.0,0.0,0.0,0.0,0.0,7
2023-05-09 22:01:09,cu2311C77000,cu2311C77000,480.0,0.0,0.0,0.0,1,146.0,0.0,0,480.0,466.0,0.0,0.0,0.0,0.0,7
2023-05-09 22:01:10,cu2311C77000,cu2311C77000,480.0,0.0,0.0,0.0,1,146.0,0.0,0,480.0,466.0,0.0,0.0,0.0,0.0,7
2023-05-09 22:01:10,cu2311C77000,cu2311C77000,480.0,0.0,0.0,0.0,2,148.0,0.0,0,480.0,466.0,0.0,0.0,0.0,0.0,7
2023-05-09 22:01:11,cu2311C77000,cu2311C77000,480.0,0.0,0.0,0.0,1,174.0,0.0,0,480.0,466.0,0.0,0.0,0.0,0.0,7
2023-05-09 22:01:11,cu2311C77000,cu2311C77000,480.0,0.0,0.0,0.0,1,174.0,0.0,0,480.0,466.0,0.0,0.0,0.0,0.0,7
2023-05-09 22:01:12,cu2311C77000,cu2311C77000,480.0,0.0,0.0,0.0,2,176.0,0.0,0,480.0,466.0,0.0,0.0,0.0,0.0,7
2023-05-09 22:01:12,cu2311C77000,cu2311C77000,480.0,0.0,0.0,0.0,1,190.0,0.0,0,480.0,466.0,0.0,0.0,0.0,0.0,7
2023-05-09 22:01:13,cu2311C77000,cu2311C77000,480.0,0.0,0.0,0.0,1,190.0,0.0,0,480.0,466.0,0.0,0.0,0.0,0.0,7
2023-05-09 22:01:13,cu2311C77000,cu2311C77000,480.0,0.0,0.0,0.0,2,192.0,0.0,0,480.0,466.0,0.0,0.0,0.0,0.0,7
2023-05-09 22:01:14,cu2311C77000,cu2311C77000,480.0,0.0,0.0,0.0,1,206.0,0.0,0,480.0,466.0,0.0,0.0,0.0,0.0,7
2023-05-09 22:01:15,cu2311C77000,cu2311C77000,480.0,0.0,0.0,0.0,1,206.0,0.0,0,480.0,466.0,0.0,0.0,0.0,0.0,7
2023-05-09 22:01:16,cu2311C77000,cu2311C77000,480.0,0.0,0.0,0.0,2,208.0,0.0,0,480.0,466.0,0.0,0.0,0.0,0.0,7
2023-05-09 22:01:16,cu2311C77000,cu2311C77000,480.0,0.0,0.0,0.0,1,210.0,0.0,0,480.0,466.0,0.0,0.0,0.0,0.0,7
2023-05-09 22:01:17,cu2311C77000,cu2311C77000,480.0,0.0,0.0,0.0,1,210.0,0.0,0,480.0,466.0,0.0,0.0,0.0,0.0,7
2023-05-09 22:01:18,cu2311C77000,cu2311C77000,480.0,0.0,0.0,0.0,2,212.0,0.0,0,480.0,466.0,0.0,0.0,0.0,0.0,7
2023-05-09 22:01:18,cu2311C77000,cu2311C77000,480.0,0.0,0.0,0.0,1,214.0,0.0,0,480.0,466.0,0.0,0.0,0.0,0.0,7
2023-05-09 22:01:19,cu2311C77000,cu2311C77000,480.0,0.0,0.0,0.0,1,214.0,0.0,0,480.0,466.0,0.0,0.0,0.0,0.0,7
2023-05-09 22:01:19,cu2311C77000,cu2311C77000,480.0,0.0,0.0,0.0,2,216.0,0.0,0,480.0,466.0,0.0,0.0,0.0,0.0,7
2023-05-09 22:01:20,cu2311C77000,cu2311C77000,480.0,0.0,0.0,0.0,1,218.0,0.0,0,480.0,466.0,0.0,0.0,0.0,0.0,7
2023-05-09 22:01:20,cu2311C77000,cu2311C77000,480.0,0.0,0.0,0.0,1,218.0,0.0,0,480.0,466.0,0.0,0.0,0.0,0.0,7
2023-05-09 22:01:21,cu2311C77000,cu2311C77000,480.0,0.0,0.0,0.0,2,220.0,0.0,0,480.0,466.0,0.0,0.0,0.0,0.0,7
2023-05-09 22:01:21,cu2311C77000,cu2311C77000,480.0,0.0,0.0,0.0,1,222.0,0.0,0,480.0,466.0,0.0,0.0,0.0,0.0,7
2023-05-09 22:01:22,cu2311C77000,cu2311C77000,480.0,0.0,0.0,0.0,1,222.0,0.0,0,480.0,466.0,0.0,0.0,0.0,0.0,7
2023-05-09 22:01:22,cu2311C77000,cu2311C77000,480.0,0.0,0.0,0.0,2,224.0,0.0,0,480.0,466.0,0.0,0.0,0.0,0.0,7
2023-05-09 22:01:23,cu2311C77000,cu2311C77000,480.0,0.0,0.0,0.0,1,226.0,0.0,0,480.0,466.0,0.0,0.0,0.0,0.0,7
2023-05-09 22:01:23,cu2311C77000,cu2311C77000,480.0,0.0,0.0,0.0,1,226.0,0.0,0,480.0,466.0,0.0,0.0,0.0,0.0,7
2023-05-09 22:01:24,cu2311C77000,cu2311C77000,480.0,0.0,0.0,0.0,2,228.0,0.0,0,480.0,466.0,0.0,0.0,0.0,0.0,7
2023-05-09 22:01:24,cu2311C77000,cu2311C77000,480.0,0.0,0.0,0.0,2,228.0,0.0,0,480.0,466.0,0.0,0.0,0.0,0.0,7
2023-05-09 22:01:25,cu2311C77000,cu2311C77000,480.0,0.0,0.0,0.0,1,230.0,0.0,0,480.0,466.0,0.0,0.0,0.0,0.0,7
2023-05-09 22:01:25,cu2311C77000,cu2311C77000,480.0,0.0,0.0,0.0,1,230.0,0.0,0,480.0,466.0,0.0,0.0,0.0,0.0,7
2023-05-09 22:01:26,cu2311C77000,cu2311C77000,480.0,0.0,0.0,0.0,2,232.0,0.0,0,480.0,466.0,0.0,0.0,0.0,0.0,7
2023-05-09 22:01:26,cu2311C77000,cu2311C77000,480.0,0.0,0.0,0.0,1,234.0,0.0,0,480.0,466.0,0.0,0.0,0.0,0.0,7
2023-05-09 22:01:28,cu2311C77000,cu2311C77000,480.0,0.0,0.0,0.0,1,234.0,0.0,0,480.0,466.0,0.0,0.0,0.0,0.0,7
2023-05-09 22:01:28,cu2311C77000,cu2311C77000,480.0,0.0,0.0,0.0,2,236.0,0.0,0,480.0,466.0,0.0,0.0,0.0,0.0,7
2023-05-09 22:01:29,cu2311C77000,cu2311C77000,480.0,0.0,0.0,0.0,2,236.0,0.0,0,480.0,466.0,0.0,0.0,0.0,0.0,7
2023-05-09 22:25:57,cu2311C77000,cu2311C77000,480.0,0.0,0.0,0.0,2,236.0,0.0,0,480.0,466.0,0.0,0.0,0.0,0.0,7
2023-05-09 22:50:12,cu2311C77000,cu2311C77000,480.0,0.0,0.0,0.0,2,236.0,0.0,0,480.0,466.0,0.0,0.0,0.0,0.0,7
2023-05-09 22:57:03,cu2311C77000,cu2311C77000,480.0,0.0,0.0,0.0,1,12.0,0.0,0,480.0,466.0,0.0,0.0,0.0,0.0,7
2023-05-09 23:00:31,cu2311C77000,cu2311C77000,480.0,0.0,0.0,0.0,2,14.0,0.0,0,480.0,466.0,0.0,0.0,0.0,0.0,7
2023-05-09 23:03:12,cu2311C77000,cu2311C77000,480.0,0.0,0.0,0.0,1,28.0,0.0,0,480.0,466.0,0.0,0.0,0.0,0.0,7
2023-05-09 23:03:12,cu2311C77000,cu2311C77000,480.0,0.0,0.0,0.0,1,28.0,0.0,0,480.0,466.0,0.0,0.0,0.0,0.0,7
2023-05-09 23:03:13,cu2311C77000,cu2311C77000,480.0,0.0,0.0,0.0,2,30.0,0.0,0,480.0,466.0,0.0,0.0,0.0,0.0,7
2023-05-09 23:03:14,cu2311C77000,cu2311C77000,480.0,0.0,0.0,0.0,1,44.0,0.0,0,480.0,466.0,0.0,0.0,0.0,0.0,7
2023-05-09 23:03:14,cu2311C77000,cu2311C77000,480.0,0.0,0.0,0.0,1,44.0,0.0,0,480.0,466.0,0.0,0.0,0.0,0.0,7
2023-05-09 23:03:15,cu2311C77000,cu2311C77000,480.0,0.0,0.0,0.0,2,46.0,0.0,0,480.0,466.0,0.0,0.0,0.0,0.0,7
2023-05-09 23:03:15,cu2311C77000,cu2311C77000,480.0,0.0,0.0,0.0,1,48.0,0.0,0,480.0,466.0,0.0,0.0,0.0,0.0,7
2023-05-09 23:03:16,cu2311C77000,cu2311C77000,480.0,0.0,0.0,0.0,1,48.0,0.0,0,480.0,466.0,0.0,0.0,0.0,0.0,7
2023-05-09 23:03:16,cu2311C77000,cu2311C77000,480.0,0.0,0.0,0.0,2,50.0,0.0,0,480.0,466.0,0.0,0.0,0.0,0.0,7
2023-05-09 23:03:17,cu2311C77000,cu2311C77000,480.0,0.0,0.0,0.0,2,50.0,0.0,0,480.0,466.0,0.0,0.0,0.0,0.0,7
2023-05-09 23:03:17,cu2311C77000,cu2311C77000,480.0,0.0,0.0,0.0,1,52.0,0.0,0,480.0,466.0,0.0,0.0,0.0,0.0,7
2023-05-09 23:03:18,cu2311C77000,cu2311C77000,480.0,0.0,0.0,0.0,1,52.0,0.0,0,480.0,466.0,0.0,0.0,0.0,0.0,7
2023-05-09 23:03:18,cu2311C77000,cu2311C77000,480.0,0.0,0.0,0.0,2,54.0,0.0,0,480.0,466.0,0.0,0.0,0.0,0.0,7
2023-05-09 23:03:19,cu2311C77000,cu2311C77000,480.0,0.0,0.0,0.0,1,56.0,0.0,0,480.0,466.0,0.0,0.0,0.0,0.0,7
2023-05-09 23:03:19,cu2311C77000,cu2311C77000,480.0,0.0,0.0,0.0,1,56.0,0.0,0,480.0,466.0,0.0,0.0,0.0,0.0,7
2023-05-09 23:03:20,cu2311C77000,cu2311C77000,480.0,0.0,0.0,0.0,2,58.0,0.0,0,480.0,466.0,0.0,0.0,0.0,0.0,7
2023-05-09 23:03:20,cu2311C77000,cu2311C77000,480.0,0.0,0.0,0.0,1,60.0,0.0,0,480.0,466.0,0.0,0.0,0.0,0.0,7
2023-05-09 23:03:21,cu2311C77000,cu2311C77000,480.0,0.0,0.0,0.0,1,60.0,0.0,0,480.0,466.0,0.0,0.0,0.0,0.0,7
2023-05-09 23:03:21,cu2311C77000,cu2311C77000,480.0,0.0,0.0,0.0,2,62.0,0.0,0,480.0,466.0,0.0,0.0,0.0,0.0,7
2023-05-09 23:03:22,cu2311C77000,cu2311C77000,480.0,0.0,0.0,0.0,2,62.0,0.0,0,480.0,466.0,0.0,0.0,0.0,0.0,7
2023-05-09 23:03:22,cu2311C77000,cu2311C77000,480.0,0.0,0.0,0.0,1,64.0,0.0,0,480.0,466.0,0.0,0.0,0.0,0.0,7
2023-05-09 23:03:23,cu2311C77000,cu2311C77000,480.0,0.0,0.0,0.0,1,64.0,0.0,0,480.0,466.0,0.0,0.0,0.0,0.0,7
2023-05-09 23:03:23,cu2311C77000,cu2311C77000,480.0,0.0,0.0,0.0,2,66.0,0.0,0,480.0,466.0,0.0,0.0,0.0,0.0,7
2023-05-09 23:03:24,cu2311C77000,cu2311C77000,480.0,0.0,0.0,0.0,2,66.0,0.0,0,480.0,466.0,0.0,0.0,0.0,0.0,7
2023-05-09 23:03:24,cu2311C77000,cu2311C77000,480.0,0.0,0.0,0.0,1,68.0,0.0,0,480.0,466.0,0.0,0.0,0.0,0.0,7
2023-05-09 23:03:25,cu2311C77000,cu2311C77000,480.0,0.0,0.0,0.0,1,68.0,0.0,0,480.0,466.0,0.0,0.0,0.0,0.0,7
2023-05-09 23:03:25,cu2311C77000,cu2311C77000,480.0,0.0,0.0,0.0,2,70.0,0.0,0,480.0,466.0,0.0,0.0,0.0,0.0,7
2023-05-09 23:03:26,cu2311C77000,cu2311C77000,480.0,0.0,0.0,0.0,1,72.0,0.0,0,480.0,466.0,0.0,0.0,0.0,0.0,7
2023-05-09 23:03:27,cu2311C77000,cu2311C77000,480.0,0.0,0.0,0.0,1,72.0,0.0,0,480.0,466.0,0.0,0.0,0.0,0.0,7
2023-05-09 23:03:28,cu2311C77000,cu2311C77000,480.0,0.0,0.0,0.0,2,74.0,0.0,0,480.0,466.0,0.0,0.0,0.0,0.0,7
2023-05-09 23:03:28,cu2311C77000,cu2311C77000,480.0,0.0,0.0,0.0,1,76.0,0.0,0,480.0,466.0,0.0,0.0,0.0,0.0,7
2023-05-09 23:03:29,cu2311C77000,cu2311C77000,480.0,0.0,0.0,0.0,1,76.0,0.0,0,480.0,466.0,0.0,0.0,0.0,0.0,7
2023-05-09 23:03:29,cu2311C77000,cu2311C77000,480.0,0.0,0.0,0.0,2,78.0,0.0,0,480.0,466.0,0.0,0.0,0.0,0.0,7
2023-05-09 23:03:30,cu2311C77000,cu2311C77000,480.0,0.0,0.0,0.0,1,80.0,0.0,0,480.0,466.0,0.0,0.0,0.0,0.0,7
2023-05-09 23:03:30,cu2311C77000,cu2311C77000,480.0,0.0,0.0,0.0,1,80.0,0.0,0,480.0,466.0,0.0,0.0,0.0,0.0,7
2023-05-09 23:03:31,cu2311C77000,cu2311C77000,480.0,0.0,0.0,0.0,2,82.0,0.0,0,480.0,466.0,0.0,0.0,0.0,0.0,7
2023-05-09 23:03:31,cu2311C77000,cu2311C77000,480.0,0.0,0.0,0.0,1,84.0,0.0,0,480.0,466.0,0.0,0.0,0.0,0.0,7
2023-05-09 23:03:34,cu2311C77000,cu2311C77000,480.0,0.0,0.0,0.0,1,84.0,0.0,0,480.0,466.0,0.0,0.0,0.0,0.0,7
2023-05-09 23:03:35,cu2311C77000,cu2311C77000,480.0,0.0,0.0,0.0,2,86.0,0.0,0,480.0,466.0,0.0,0.0,0.0,0.0,7
2023-05-09 23:03:35,cu2311C77000,cu2311C77000,480.0,0.0,0.0,0.0,1,88.0,0.0,0,480.0,466.0,0.0,0.0,0.0,0.0,7
2023-05-09 23:03:36,cu2311C77000,cu2311C77000,480.0,0.0,0.0,0.0,1,88.0,0.0,0,480.0,466.0,0.0,0.0,0.0,0.0,7
2023-05-09 23:03:37,cu2311C77000,cu2311C77000,480.0,0.0,0.0,0.0,2,90.0,0.0,0,480.0,466.0,0.0,0.0,0.0,0.0,7
2023-05-09 23:03:37,cu2311C77000,cu2311C77000,480.0,0.0,0.0,0.0,2,90.0,0.0,0,480.0,466.0,0.0,0.0,0.0,0.0,7
2023-05-09 23:03:38,cu2311C77000,cu2311C77000,480.0,0.0,0.0,0.0,1,92.0,0.0,0,480.0,466.0,0.0,0.0,0.0,0.0,7
2023-05-09 23:03:38,cu2311C77000,cu2311C77000,480.0,0.0,0.0,0.0,1,92.0,0.0,0,480.0,466.0,0.0,0.0,0.0,0.0,7
2023-05-09 23:03:39,cu2311C77000,cu2311C77000,480.0,0.0,0.0,0.0,2,94.0,0.0,0,480.0,466.0,0.0,0.0,0.0,0.0,7
2023-05-09 23:03:39,cu2311C77000,cu2311C77000,480.0,0.0,0.0,0.0,1,96.0,0.0,0,480.0,466.0,0.0,0.0,0.0,0.0,7
2023-05-09 23:03:40,cu2311C77000,cu2311C77000,480.0,0.0,0.0,0.0,1,96.0,0.0,0,480.0,466.0,0.0,0.0,0.0,0.0,7
2023-05-09 23:03:40,cu2311C77000,cu2311C77000,480.0,0.0,0.0,0.0,2,98.0,0.0,0,480.0,466.0,0.0,0.0,0.0,0.0,7
2023-05-09 23:03:41,cu2311C77000,cu2311C77000,480.0,0.0,0.0,0.0,1,100.0,0.0,0,480.0,466.0,0.0,0.0,0.0,0.0,7
2023-05-09 23:03:45,cu2311C77000,cu2311C77000,480.0,0.0,0.0,0.0,1,100.0,0.0,0,480.0,466.0,0.0,0.0,0.0,0.0,7
2023-05-09 23:03:46,cu2311C77000,cu2311C77000,480.0,0.0,0.0,0.0,2,102.0,0.0,0,480.0,466.0,0.0,0.0,0.0,0.0,7
2023-05-09 23:03:47,cu2311C77000,cu2311C77000,480.0,0.0,0.0,0.0,1,104.0,0.0,0,480.0,466.0,0.0,0.0,0.0,0.0,7
2023-05-09 23:03:48,cu2311C77000,cu2311C77000,480.0,0.0,0.0,0.0,1,104.0,0.0,0,480.0,466.0,0.0,0.0,0.0,0.0,7
2023-05-09 23:03:48,cu2311C77000,cu2311C77000,480.0,0.0,0.0,0.0,2,106.0,0.0,0,480.0,466.0,0.0,0.0,0.0,0.0,7
2023-05-09 23:03:49,cu2311C77000,cu2311C77000,480.0,0.0,0.0,0.0,1,108.0,0.0,0,480.0,466.0,0.0,0.0,0.0,0.0,7
2023-05-09 23:03:50,cu2311C77000,cu2311C77000,480.0,0.0,0.0,0.0,1,108.0,0.0,0,480.0,466.0,0.0,0.0,0.0,0.0,7
2023-05-09 23:03:50,cu2311C77000,cu2311C77000,480.0,0.0,0.0,0.0,2,110.0,0.0,0,480.0,466.0,0.0,0.0,0.0,0.0,7
2023-05-09 23:03:51,cu2311C77000,cu2311C77000,480.0,0.0,0.0,0.0,1,112.0,0.0,0,480.0,466.0,0.0,0.0,0.0,0.0,7
2023-05-09 23:03:52,cu2311C77000,cu2311C77000,480.0,0.0,0.0,0.0,1,112.0,0.0,0,480.0,466.0,0.0,0.0,0.0,0.0,7
2023-05-09 23:03:52,cu2311C77000,cu2311C77000,480.0,0.0,0.0,0.0,2,114.0,0.0,0,480.0,466.0,0.0,0.0,0.0,0.0,7
2023-05-09 23:03:53,cu2311C77000,cu2311C77000,480.0,0.0,0.0,0.0,2,114.0,0.0,0,480.0,466.0,0.0,0.0,0.0,0.0,7
2023-05-09 23:03:53,cu2311C77000,cu2311C77000,480.0,0.0,0.0,0.0,1,116.0,0.0,0,480.0,466.0,0.0,0.0,0.0,0.0,7
2023-05-09 23:03:56,cu2311C77000,cu2311C77000,480.0,0.0,0.0,0.0,1,116.0,0.0,0,480.0,466.0,0.0,0.0,0.0,0.0,7
2023-05-09 23:03:56,cu2311C77000,cu2311C77000,480.0,0.0,0.0,0.0,2,118.0,0.0,0,480.0,466.0,0.0,0.0,0.0,0.0,7
2023-05-09 23:03:57,cu2311C77000,cu2311C77000,480.0,0.0,0.0,0.0,1,120.0,0.0,0,480.0,466.0,0.0,0.0,0.0,0.0,7
2023-05-09 23:03:58,cu2311C77000,cu2311C77000,480.0,0.0,0.0,0.0,1,120.0,0.0,0,480.0,466.0,0.0,0.0,0.0,0.0,7
2023-05-09 23:03:58,cu2311C77000,cu2311C77000,480.0,0.0,0.0,0.0,2,122.0,0.0,0,480.0,466.0,0.0,0.0,0.0,0.0,7
2023-05-09 23:03:59,cu2311C77000,cu2311C77000,480.0,0.0,0.0,0.0,2,122.0,0.0,0,480.0,466.0,0.0,0.0,0.0,0.0,7
2023-05-09 23:03:59,cu2311C77000,cu2311C77000,480.0,0.0,0.0,0.0,1,124.0,0.0,0,480.0,466.0,0.0,0.0,0.0,0.0,7
2023-05-09 23:04:00,cu2311C77000,cu2311C77000,480.0,0.0,0.0,0.0,1,124.0,0.0,0,480.0,466.0,0.0,0.0,0.0,0.0,7
2023-05-09 23:04:00,cu2311C77000,cu2311C77000,480.0,0.0,0.0,0.0,2,126.0,0.0,0,480.0,466.0,0.0,0.0,0.0,0.0,7
2023-05-09 23:04:01,cu2311C77000,cu2311C77000,480.0,0.0,0.0,0.0,1,128.0,0.0,0,480.0,466.0,0.0,0.0,0.0,0.0,7
2023-05-09 23:04:03,cu2311C77000,cu2311C77000,480.0,0.0,0.0,0.0,1,128.0,0.0,0,480.0,466.0,0.0,0.0,0.0,0.0,7
2023-05-09 23:04:04,cu2311C77000,cu2311C77000,480.0,0.0,0.0,0.0,2,130.0,0.0,0,480.0,466.0,0.0,0.0,0.0,0.0,7
2023-05-09 23:04:04,cu2311C77000,cu2311C77000,480.0,0.0,0.0,0.0,1,132.0,0.0,0,480.0,466.0,0.0,0.0,0.0,0.0,7
2023-05-09 23:04:05,cu2311C77000,cu2311C77000,480.0,0.0,0.0,0.0,1,132.0,0.0,0,480.0,466.0,0.0,0.0,0.0,0.0,7
2023-05-09 23:04:05,cu2311C77000,cu2311C77000,480.0,0.0,0.0,0.0,2,134.0,0.0,0,480.0,466.0,0.0,0.0,0.0,0.0,7
2023-05-09 23:04:06,cu2311C77000,cu2311C77000,480.0,0.0,0.0,0.0,1,136.0,0.0,0,480.0,466.0,0.0,0.0,0.0,0.0,7
2023-05-09 23:04:07,cu2311C77000,cu2311C77000,480.0,0.0,0.0,0.0,1,136.0,0.0,0,480.0,466.0,0.0,0.0,0.0,0.0,7
2023-05-09 23:04:07,cu2311C77000,cu2311C77000,480.0,0.0,0.0,0.0,2,138.0,0.0,0,480.0,466.0,0.0,0.0,0.0,0.0,7
2023-05-09 23:04:08,cu2311C77000,cu2311C77000,480.0,0.0,0.0,0.0,1,140.0,0.0,0,480.0,466.0,0.0,0.0,0.0,0.0,7
2023-05-09 23:04:08,cu2311C77000,cu2311C77000,480.0,0.0,0.0,0.0,1,140.0,0.0,0,480.0,466.0,0.0,0.0,0.0,0.0,7
2023-05-09 23:04:09,cu2311C77000,cu2311C77000,480.0,0.0,0.0,0.0,2,142.0,0.0,0,480.0,466.0,0.0,0.0,0.0,0.0,7
2023-05-09 23:04:09,cu2311C77000,cu2311C77000,480.0,0.0,0.0,0.0,2,142.0,0.0,0,480.0,466.0,0.0,0.0,0.0,0.0,7
2023-05-09 23:04:10,cu2311C77000,cu2311C77000,480.0,0.0,0.0,0.0,1,144.0,0.0,0,480.0,466.0,0.0,0.0,0.0,0.0,7
2023-05-09 23:04:11,cu2311C77000,cu2311C77000,480.0,0.0,0.0,0.0,1,144.0,0.0,0,480.0,466.0,0.0,0.0,0.0,0.0,7
2023-05-09 23:04:12,cu2311C77000,cu2311C77000,480.0,0.0,0.0,0.0,2,146.0,0.0,0,480.0,466.0,0.0,0.0,0.0,0.0,7
2023-05-09 23:04:13,cu2311C77000,cu2311C77000,480.0,0.0,0.0,0.0,1,148.0,0.0,0,480.0,466.0,0.0,0.0,0.0,0.0,7
2023-05-09 23:04:13,cu2311C77000,cu2311C77000,480.0,0.0,0.0,0.0,1,148.0,0.0,0,480.0,466.0,0.0,0.0,0.0,0.0,7
2023-05-09 23:04:14,cu2311C77000,cu2311C77000,480.0,0.0,0.0,0.0,2,150.0,0.0,0,480.0,466.0,0.0,0.0,0.0,0.0,7
2023-05-09 23:04:15,cu2311C77000,cu2311C77000,480.0,0.0,0.0,0.0,1,152.0,0.0,0,480.0,466.0,0.0,0.0,0.0,0.0,7
2023-05-09 23:04:15,cu2311C77000,cu2311C77000,480.0,0.0,0.0,0.0,1,152.0,0.0,0,480.0,466.0,0.0,0.0,0.0,0.0,7
2023-05-09 23:04:16,cu2311C77000,cu2311C77000,480.0,0.0,0.0,0.0,2,154.0,0.0,0,480.0,466.0,0.0,0.0,0.0,0.0,7
2023-05-09 23:04:16,cu2311C77000,cu2311C77000,480.0,0.0,0.0,0.0,1,156.0,0.0,0,480.0,466.0,0.0,0.0,0.0,0.0,7
2023-05-09 23:04:17,cu2311C77000,cu2311C77000,480.0,0.0,0.0,0.0,1,156.0,0.0,0,480.0,466.0,0.0,0.0,0.0,0.0,7
2023-05-09 23:04:17,cu2311C77000,cu2311C77000,480.0,0.0,0.0,0.0,2,158.0,0.0,0,480.0,466.0,0.0,0.0,0.0,0.0,7
2023-05-09 23:04:18,cu2311C77000,cu2311C77000,480.0,0.0,0.0,0.0,1,160.0,0.0,0,480.0,466.0,0.0,0.0,0.0,0.0,7
2023-05-09 23:04:18,cu2311C77000,cu2311C77000,480.0,0.0,0.0,0.0,1,160.0,0.0,0,480.0,466.0,0.0,0.0,0.0,0.0,7
2023-05-09 23:04:19,cu2311C77000,cu2311C77000,480.0,0.0,0.0,0.0,2,162.0,0.0,0,480.0,466.0,0.0,0.0,0.0,0.0,7
2023-05-09 23:04:19,cu2311C77000,cu2311C77000,480.0,0.0,0.0,0.0,1,164.0,0.0,0,480.0,466.0,0.0,0.0,0.0,0.0,7
2023-05-09 23:04:20,cu2311C77000,cu2311C77000,480.0,0.0,0.0,0.0,1,164.0,0.0,0,480.0,466.0,0.0,0.0,0.0,0.0,7
2023-05-09 23:04:20,cu2311C77000,cu2311C77000,480.0,0.0,0.0,0.0,2,166.0,0.0,0,480.0,466.0,0.0,0.0,0.0,0.0,7
2023-05-09 23:04:21,cu2311C77000,cu2311C77000,480.0,0.0,0.0,0.0,1,168.0,0.0,0,480.0,466.0,0.0,0.0,0.0,0.0,7
2023-05-09 23:04:22,cu2311C77000,cu2311C77000,480.0,0.0,0.0,0.0,1,168.0,0.0,0,480.0,466.0,0.0,0.0,0.0,0.0,7
2023-05-09 23:04:22,cu2311C77000,cu2311C77000,480.0,0.0,0.0,0.0,2,170.0,0.0,0,480.0,466.0,0.0,0.0,0.0,0.0,7
2023-05-09 23:04:23,cu2311C77000,cu2311C77000,480.0,0.0,0.0,0.0,1,172.0,0.0,0,480.0,466.0,0.0,0.0,0.0,0.0,7
2023-05-09 23:04:23,cu2311C77000,cu2311C77000,480.0,0.0,0.0,0.0,1,172.0,0.0,0,480.0,466.0,0.0,0.0,0.0,0.0,7
2023-05-09 23:04:24,cu2311C77000,cu2311C77000,480.0,0.0,0.0,0.0,2,174.0,0.0,0,480.0,466.0,0.0,0.0,0.0,0.0,7
2023-05-09 23:04:24,cu2311C77000,cu2311C77000,480.0,0.0,0.0,0.0,2,174.0,0.0,0,480.0,466.0,0.0,0.0,0.0,0.0,7
2023-05-09 23:04:25,cu2311C77000,cu2311C77000,480.0,0.0,0.0,0.0,1,176.0,0.0,0,480.0,466.0,0.0,0.0,0.0,0.0,7
2023-05-09 23:04:25,cu2311C77000,cu2311C77000,480.0,0.0,0.0,0.0,1,176.0,0.0,0,480.0,466.0,0.0,0.0,0.0,0.0,7
2023-05-09 23:04:26,cu2311C77000,cu2311C77000,480.0,0.0,0.0,0.0,2,178.0,0.0,0,480.0,466.0,0.0,0.0,0.0,0.0,7
2023-05-09 23:04:26,cu2311C77000,cu2311C77000,480.0,0.0,0.0,0.0,2,178.0,0.0,0,480.0,466.0,0.0,0.0,0.0,0.0,7
2023-05-09 23:04:27,cu2311C77000,cu2311C77000,480.0,0.0,0.0,0.0,1,180.0,0.0,0,480.0,466.0,0.0,0.0,0.0,0.0,7
2023-05-09 23:04:28,cu2311C77000,cu2311C77000,480.0,0.0,0.0,0.0,1,180.0,0.0,0,480.0,466.0,0.0,0.0,0.0,0.0,7
2023-05-09 23:04:29,cu2311C77000,cu2311C77000,480.0,0.0,0.0,0.0,2,182.0,0.0,0,480.0,466.0,0.0,0.0,0.0,0.0,7
2023-05-09 23:04:29,cu2311C77000,cu2311C77000,480.0,0.0,0.0,0.0,2,182.0,0.0,0,480.0,466.0,0.0,0.0,0.0,0.0,7
2023-05-09 23:04:30,cu2311C77000,cu2311C77000,480.0,0.0,0.0,0.0,1,184.0,0.0,0,480.0,466.0,0.0,0.0,0.0,0.0,7
2023-05-09 23:04:30,cu2311C77000,cu2311C77000,480.0,0.0,0.0,0.0,1,184.0,0.0,0,480.0,466.0,0.0,0.0,0.0,0.0,7
2023-05-09 23:04:31,cu2311C77000,cu2311C77000,480.0,0.0,0.0,0.0,2,186.0,0.0,0,480.0,466.0,0.0,0.0,0.0,0.0,7
2023-05-09 23:04:31,cu2311C77000,cu2311C77000,480.0,0.0,0.0,0.0,1,188.0,0.0,0,480.0,466.0,0.0,0.0,0.0,0.0,7
2023-05-09 23:04:32,cu2311C77000,cu2311C77000,480.0,0.0,0.0,0.0,1,188.0,0.0,0,480.0,466.0,0.0,0.0,0.0,0.0,7
2023-05-09 23:04:32,cu2311C77000,cu2311C77000,480.0,0.0,0.0,0.0,2,190.0,0.0,0,480.0,466.0,0.0,0.0,0.0,0.0,7
2023-05-09 23:04:33,cu2311C77000,cu2311C77000,480.0,0.0,0.0,0.0,1,192.0,0.0,0,480.0,466.0,0.0,0.0,0.0,0.0,7
2023-05-09 23:04:33,cu2311C77000,cu2311C77000,480.0,0.0,0.0,0.0,1,192.0,0.0,0,480.0,466.0,0.0,0.0,0.0,0.0,7
2023-05-09 23:04:34,cu2311C77000,cu2311C77000,480.0,0.0,0.0,0.0,2,194.0,0.0,0,480.0,466.0,0.0,0.0,0.0,0.0,7
2023-05-09 23:04:34,cu2311C77000,cu2311C77000,480.0,0.0,0.0,0.0,1,196.0,0.0,0,480.0,466.0,0.0,0.0,0.0,0.0,7
2023-05-09 23:04:35,cu2311C77000,cu2311C77000,480.0,0.0,0.0,0.0,1,196.0,0.0,0,480.0,466.0,0.0,0.0,0.0,0.0,7
2023-05-09 23:04:36,cu2311C77000,cu2311C77000,480.0,0.0,0.0,0.0,2,198.0,0.0,0,480.0,466.0,0.0,0.0,0.0,0.0,7
2023-05-09 23:04:36,cu2311C77000,cu2311C77000,480.0,0.0,0.0,0.0,2,198.0,0.0,0,480.0,466.0,0.0,0.0,0.0,0.0,7
2023-05-09 23:04:37,cu2311C77000,cu2311C77000,480.0,0.0,0.0,0.0,1,200.0,0.0,0,480.0,466.0,0.0,0.0,0.0,0.0,7
2023-05-09 23:04:37,cu2311C77000,cu2311C77000,480.0,0.0,0.0,0.0,1,200.0,0.0,0,480.0,466.0,0.0,0.0,0.0,0.0,7
2023-05-09 23:04:38,cu2311C77000,cu2311C77000,480.0,0.0,0.0,0.0,2,202.0,0.0,0,480.0,466.0,0.0,0.0,0.0,0.0,7
2023-05-09 23:04:38,cu2311C77000,cu2311C77000,480.0,0.0,0.0,0.0,2,202.0,0.0,0,480.0,466.0,0.0,0.0,0.0,0.0,7
2023-05-09 23:04:39,cu2311C77000,cu2311C77000,480.0,0.0,0.0,0.0,1,204.0,0.0,0,480.0,466.0,0.0,0.0,0.0,0.0,7
2023-05-09 23:04:39,cu2311C77000,cu2311C77000,480.0,0.0,0.0,0.0,1,204.0,0.0,0,480.0,466.0,0.0,0.0,0.0,0.0,7
2023-05-09 23:04:40,cu2311C77000,cu2311C77000,480.0,0.0,0.0,0.0,2,206.0,0.0,0,480.0,466.0,0.0,0.0,0.0,0.0,7
2023-05-09 23:04:40,cu2311C77000,cu2311C77000,480.0,0.0,0.0,0.0,2,206.0,0.0,0,480.0,466.0,0.0,0.0,0.0,0.0,7
2023-05-09 23:04:41,cu2311C77000,cu2311C77000,480.0,0.0,0.0,0.0,1,208.0,0.0,0,480.0,466.0,0.0,0.0,0.0,0.0,7
2023-05-09 23:04:42,cu2311C77000,cu2311C77000,480.0,0.0,0.0,0.0,1,208.0,0.0,0,480.0,466.0,0.0,0.0,0.0,0.0,7
2023-05-09 23:04:42,cu2311C77000,cu2311C77000,480.0,0.0,0.0,0.0,2,210.0,0.0,0,480.0,466.0,0.0,0.0,0.0,0.0,7
2023-05-09 23:04:43,cu2311C77000,cu2311C77000,480.0,0.0,0.0,0.0,2,210.0,0.0,0,480.0,466.0,0.0,0.0,0.0,0.0,7
2023-05-09 23:04:43,cu2311C77000,cu2311C77000,480.0,0.0,0.0,0.0,1,212.0,0.0,0,480.0,466.0,0.0,0.0,0.0,0.0,7
2023-05-09 23:04:44,cu2311C77000,cu2311C77000,480.0,0.0,0.0,0.0,1,212.0,0.0,0,480.0,466.0,0.0,0.0,0.0,0.0,7
2023-05-09 23:04:44,cu2311C77000,cu2311C77000,480.0,0.0,0.0,0.0,2,214.0,0.0,0,480.0,466.0,0.0,0.0,0.0,0.0,7
2023-05-09 23:04:45,cu2311C77000,cu2311C77000,480.0,0.0,0.0,0.0,2,214.0,0.0,0,480.0,466.0,0.0,0.0,0.0,0.0,7
2023-05-09 23:04:45,cu2311C77000,cu2311C77000,480.0,0.0,0.0,0.0,1,216.0,0.0,0,480.0,466.0,0.0,0.0,0.0,0.0,7
2023-05-09 23:04:46,cu2311C77000,cu2311C77000,480.0,0.0,0.0,0.0,1,216.0,0.0,0,480.0,466.0,0.0,0.0,0.0,0.0,7
2023-05-09 23:04:46,cu2311C77000,cu2311C77000,480.0,0.0,0.0,0.0,2,218.0,0.0,0,480.0,466.0,0.0,0.0,0.0,0.0,7
2023-05-09 23:04:47,cu2311C77000,cu2311C77000,480.0,0.0,0.0,0.0,1,220.0,0.0,0,480.0,466.0,0.0,0.0,0.0,0.0,7
2023-05-09 23:04:47,cu2311C77000,cu2311C77000,480.0,0.0,0.0,0.0,1,220.0,0.0,0,480.0,466.0,0.0,0.0,0.0,0.0,7
2023-05-09 23:04:48,cu2311C77000,cu2311C77000,480.0,0.0,0.0,0.0,2,222.0,0.0,0,480.0,466.0,0.0,0.0,0.0,0.0,7
2023-05-09 23:04:49,cu2311C77000,cu2311C77000,480.0,0.0,0.0,0.0,1,224.0,0.0,0,480.0,466.0,0.0,0.0,0.0,0.0,7
2023-05-09 23:04:51,cu2311C77000,cu2311C77000,480.0,0.0,0.0,0.0,1,224.0,0.0,0,480.0,466.0,0.0,0.0,0.0,0.0,7
2023-05-09 23:04:51,cu2311C77000,cu2311C77000,480.0,0.0,0.0,0.0,2,226.0,0.0,0,480.0,466.0,0.0,0.0,0.0,0.0,7
2023-05-09 23:04:52,cu2311C77000,cu2311C77000,480.0,0.0,0.0,0.0,1,228.0,0.0,0,480.0,466.0,0.0,0.0,0.0,0.0,7
2023-05-09 23:04:53,cu2311C77000,cu2311C77000,480.0,0.0,0.0,0.0,1,228.0,0.0,0,480.0,466.0,0.0,0.0,0.0,0.0,7
2023-05-09 23:04:54,cu2311C77000,cu2311C77000,480.0,0.0,0.0,0.0,2,230.0,0.0,0,480.0,466.0,0.0,0.0,0.0,0.0,7
2023-05-09 23:04:55,cu2311C77000,cu2311C77000,480.0,0.0,0.0,0.0,1,232.0,0.0,0,480.0,466.0,0.0,0.0,0.0,0.0,7
2023-05-09 23:04:55,cu2311C77000,cu2311C77000,480.0,0.0,0.0,0.0,1,232.0,0.0,0,480.0,466.0,0.0,0.0,0.0,0.0,7
2023-05-09 23:04:56,cu2311C77000,cu2311C77000,480.0,0.0,0.0,0.0,2,234.0,0.0,0,480.0,466.0,0.0,0.0,0.0,0.0,7
2023-05-09 23:04:56,cu2311C77000,cu2311C77000,480.0,0.0,0.0,0.0,2,234.0,0.0,0,480.0,466.0,0.0,0.0,0.0,0.0,7
2023-05-09 23:10:09,cu2311C77000,cu2311C77000,480.0,0.0,0.0,0.0,1,260.0,0.0,0,480.0,466.0,0.0,0.0,0.0,0.0,7
2023-05-09 23:10:09,cu2311C77000,cu2311C77000,480.0,0.0,0.0,0.0,1,260.0,0.0,0,480.0,466.0,0.0,0.0,0.0,0.0,7
2023-05-09 23:10:10,cu2311C77000,cu2311C77000,480.0,0.0,0.0,0.0,2,262.0,0.0,0,480.0,466.0,0.0,0.0,0.0,0.0,7
2023-05-09 23:10:10,cu2311C77000,cu2311C77000,480.0,0.0,0.0,0.0,1,288.0,0.0,0,480.0,466.0,0.0,0.0,0.0,0.0,7
2023-05-09 23:10:11,cu2311C77000,cu2311C77000,480.0,0.0,0.0,0.0,1,288.0,0.0,0,480.0,466.0,0.0,0.0,0.0,0.0,7
2023-05-09 23:10:11,cu2311C77000,cu2311C77000,480.0,0.0,0.0,0.0,2,290.0,0.0,0,480.0,466.0,0.0,0.0,0.0,0.0,7
2023-05-09 23:10:12,cu2311C77000,cu2311C77000,480.0,0.0,0.0,0.0,1,316.0,0.0,0,480.0,466.0,0.0,0.0,0.0,0.0,7
2023-05-09 23:10:12,cu2311C77000,cu2311C77000,480.0,0.0,0.0,0.0,1,316.0,0.0,0,480.0,466.0,0.0,0.0,0.0,0.0,7
2023-05-09 23:10:13,cu2311C77000,cu2311C77000,480.0,0.0,0.0,0.0,2,318.0,0.0,0,480.0,466.0,0.0,0.0,0.0,0.0,7
2023-05-09 23:10:13,cu2311C77000,cu2311C77000,480.0,0.0,0.0,0.0,1,320.0,5434.0,1,480.0,466.0,0.0,0.0,0.0,0.0,7
2023-05-09 23:10:14,cu2311C77000,cu2311C77000,480.0,0.0,0.0,0.0,1,320.0,5432.0,2,480.0,466.0,0.0,0.0,0.0,0.0,7
2023-05-09 23:10:14,cu2311C77000,cu2311C77000,480.0,0.0,0.0,0.0,2,322.0,5432.0,2,480.0,466.0,0.0,0.0,0.0,0.0,7
2023-05-09 23:10:15,cu2311C77000,cu2311C77000,480.0,0.0,0.0,0.0,1,324.0,5432.0,2,480.0,466.0,0.0,0.0,0.0,0.0,7
2023-05-09 23:10:15,cu2311C77000,cu2311C77000,480.0,0.0,0.0,0.0,1,324.0,5410.0,1,480.0,466.0,0.0,0.0,0.0,0.0,7
2023-05-09 23:10:16,cu2311C77000,cu2311C77000,480.0,0.0,0.0,0.0,1,324.0,5410.0,1,480.0,466.0,0.0,0.0,0.0,0.0,7
2023-05-09 23:10:16,cu2311C77000,cu2311C77000,480.0,0.0,0.0,0.0,2,326.0,5408.0,2,480.0,466.0,0.0,0.0,0.0,0.0,7
2023-05-09 23:10:17,cu2311C77000,cu2311C77000,480.0,0.0,0.0,0.0,1,328.0,5408.0,2,480.0,466.0,0.0,0.0,0.0,0.0,7
2023-05-09 23:10:17,cu2311C77000,cu2311C77000,480.0,0.0,0.0,0.0,1,328.0,5386.0,1,480.0,466.0,0.0,0.0,0.0,0.0,7
2023-05-09 23:10:18,cu2311C77000,cu2311C77000,480.0,0.0,0.0,0.0,2,330.0,5386.0,1,480.0,466.0,0.0,0.0,0.0,0.0,7
2023-05-09 23:10:18,cu2311C77000,cu2311C77000,480.0,0.0,0.0,0.0,1,332.0,5384.0,2,480.0,466.0,0.0,0.0,0.0,0.0,7
2023-05-09 23:10:19,cu2311C77000,cu2311C77000,480.0,0.0,0.0,0.0,1,332.0,5362.0,1,480.0,466.0,0.0,0.0,0.0,0.0,7
2023-05-09 23:10:20,cu2311C77000,cu2311C77000,480.0,0.0,0.0,0.0,1,332.0,5362.0,1,480.0,466.0,0.0,0.0,0.0,0.0,7
2023-05-09 23:10:21,cu2311C77000,cu2311C77000,480.0,0.0,0.0,0.0,2,334.0,5360.0,2,480.0,466.0,0.0,0.0,0.0,0.0,7
2023-05-09 23:10:21,cu2311C77000,cu2311C77000,480.0,0.0,0.0,0.0,1,336.0,5360.0,2,480.0,466.0,0.0,0.0,0.0,0.0,7
2023-05-09 23:10:22,cu2311C77000,cu2311C77000,480.0,0.0,0.0,0.0,1,336.0,5360.0,2,480.0,466.0,0.0,0.0,0.0,0.0,7
2023-05-09 23:10:22,cu2311C77000,cu2311C77000,480.0,0.0,0.0,0.0,1,336.0,5338.0,1,480.0,466.0,0.0,0.0,0.0,0.0,7
2023-05-09 23:10:24,cu2311C77000,cu2311C77000,480.0,0.0,0.0,0.0,1,336.0,5338.0,1,480.0,466.0,0.0,0.0,0.0,0.0,7
2023-05-09 23:10:24,cu2311C77000,cu2311C77000,480.0,0.0,0.0,0.0,2,338.0,5336.0,2,480.0,466.0,0.0,0.0,0.0,0.0,7
2023-05-09 23:10:25,cu2311C77000,cu2311C77000,480.0,0.0,0.0,0.0,2,338.0,5336.0,2,480.0,466.0,0.0,0.0,0.0,0.0,7
2023-05-09 23:10:26,cu2311C77000,cu2311C77000,480.0,0.0,0.0,0.0,2,338.0,5314.0,1,480.0,466.0,0.0,0.0,0.0,0.0,7
2023-05-09 23:10:26,cu2311C77000,cu2311C77000,480.0,0.0,0.0,0.0,2,338.0,5314.0,1,480.0,466.0,0.0,0.0,0.0,0.0,7
2023-05-09 23:10:27,cu2311C77000,cu2311C77000,480.0,0.0,0.0,0.0,2,338.0,5312.0,2,480.0,466.0,0.0,0.0,0.0,0.0,7
2023-05-09 23:10:27,cu2311C77000,cu2311C77000,480.0,0.0,0.0,0.0,2,338.0,5312.0,2,480.0,466.0,0.0,0.0,0.0,0.0,7
2023-05-09 23:10:28,cu2311C77000,cu2311C77000,480.0,0.0,0.0,0.0,2,338.0,5290.0,1,480.0,466.0,0.0,0.0,0.0,0.0,7
2023-05-09 23:10:29,cu2311C77000,cu2311C77000,480.0,0.0,0.0,0.0,2,338.0,5290.0,1,480.0,466.0,0.0,0.0,0.0,0.0,7
2023-05-09 23:10:30,cu2311C77000,cu2311C77000,480.0,0.0,0.0,0.0,2,338.0,5288.0,2,480.0,466.0,0.0,0.0,0.0,0.0,7
2023-05-09 23:10:30,cu2311C77000,cu2311C77000,480.0,0.0,0.0,0.0,2,338.0,5288.0,2,480.0,466.0,0.0,0.0,0.0,0.0,7
2023-05-09 23:10:31,cu2311C77000,cu2311C77000,480.0,0.0,0.0,0.0,2,338.0,5266.0,1,480.0,466.0,0.0,0.0,0.0,0.0,7
2023-05-09 23:10:32,cu2311C77000,cu2311C77000,480.0,0.0,0.0,0.0,2,338.0,5266.0,1,480.0,466.0,0.0,0.0,0.0,0.0,7
2023-05-09 23:10:32,cu2311C77000,cu2311C77000,480.0,0.0,0.0,0.0,2,338.0,5264.0,2,480.0,466.0,0.0,0.0,0.0,0.0,7
2023-05-09 23:10:33,cu2311C77000,cu2311C77000,480.0,0.0,0.0,0.0,2,338.0,5264.0,2,480.0,466.0,0.0,0.0,0.0,0.0,7
2023-05-09 23:10:33,cu2311C77000,cu2311C77000,480.0,0.0,0.0,0.0,2,338.0,5242.0,1,480.0,466.0,0.0,0.0,0.0,0.0,7
2023-05-09 23:10:36,cu2311C77000,cu2311C77000,480.0,0.0,0.0,0.0,2,338.0,5242.0,1,480.0,466.0,0.0,0.0,0.0,0.0,7
2023-05-09 23:10:36,cu2311C77000,cu2311C77000,480.0,0.0,0.0,0.0,2,338.0,5240.0,2,480.0,466.0,0.0,0.0,0.0,0.0,7
2023-05-09 23:10:37,cu2311C77000,cu2311C77000,480.0,0.0,0.0,0.0,2,338.0,5240.0,2,480.0,466.0,0.0,0.0,0.0,0.0,7
2023-05-09 23:10:37,cu2311C77000,cu2311C77000,480.0,0.0,0.0,0.0,2,338.0,5218.0,1,480.0,466.0,0.0,0.0,0.0,0.0,7
2023-05-09 23:10:38,cu2311C77000,cu2311C77000,480.0,0.0,0.0,0.0,2,338.0,5218.0,1,480.0,466.0,0.0,0.0,0.0,0.0,7
2023-05-09 23:10:38,cu2311C77000,cu2311C77000,480.0,0.0,0.0,0.0,2,338.0,5216.0,2,480.0,466.0,0.0,0.0,0.0,0.0,7
2023-05-09 23:10:39,cu2311C77000,cu2311C77000,480.0,0.0,0.0,0.0,2,338.0,5216.0,2,480.0,466.0,0.0,0.0,0.0,0.0,7
2023-05-09 23:10:39,cu2311C77000,cu2311C77000,480.0,0.0,0.0,0.0,2,338.0,5194.0,1,480.0,466.0,0.0,0.0,0.0,0.0,7
2023-05-09 23:10:44,cu2311C77000,cu2311C77000,480.0,0.0,0.0,0.0,2,338.0,5194.0,1,480.0,466.0,0.0,0.0,0.0,0.0,7
2023-05-09 23:10:45,cu2311C77000,cu2311C77000,480.0,0.0,0.0,0.0,2,338.0,5192.0,2,480.0,466.0,0.0,0.0,0.0,0.0,7
2023-05-09 23:10:45,cu2311C77000,cu2311C77000,480.0,0.0,0.0,0.0,2,338.0,5192.0,2,480.0,466.0,0.0,0.0,0.0,0.0,7
2023-05-09 23:10:46,cu2311C77000,cu2311C77000,480.0,0.0,0.0,0.0,2,338.0,5170.0,1,480.0,466.0,0.0,0.0,0.0,0.0,7
2023-05-09 23:10:50,cu2311C77000,cu2311C77000,480.0,0.0,0.0,0.0,2,338.0,5170.0,1,480.0,466.0,0.0,0.0,0.0,0.0,7
2023-05-09 23:10:50,cu2311C77000,cu2311C77000,480.0,0.0,0.0,0.0,2,338.0,5168.0,2,480.0,466.0,0.0,0.0,0.0,0.0,7
2023-05-09 23:10:51,cu2311C77000,cu2311C77000,480.0,0.0,0.0,0.0,2,338.0,5168.0,2,480.0,466.0,0.0,0.0,0.0,0.0,7
2023-05-09 23:10:51,cu2311C77000,cu2311C77000,480.0,0.0,0.0,0.0,2,338.0,5146.0,1,480.0,466.0,0.0,0.0,0.0,0.0,7
2023-05-09 23:10:52,cu2311C77000,cu2311C77000,480.0,0.0,0.0,0.0,2,338.0,5146.0,1,480.0,466.0,0.0,0.0,0.0,0.0,7
2023-05-09 23:10:53,cu2311C77000,cu2311C77000,480.0,0.0,0.0,0.0,2,338.0,5144.0,2,480.0,466.0,0.0,0.0,0.0,0.0,7
2023-05-09 23:10:53,cu2311C77000,cu2311C77000,480.0,0.0,0.0,0.0,2,338.0,5144.0,2,480.0,466.0,0.0,0.0,0.0,0.0,7
2023-05-09 23:10:54,cu2311C77000,cu2311C77000,480.0,0.0,0.0,0.0,2,338.0,5122.0,1,480.0,466.0,0.0,0.0,0.0,0.0,7
2023-05-09 23:10:55,cu2311C77000,cu2311C77000,480.0,0.0,0.0,0.0,2,338.0,5122.0,1,480.0,466.0,0.0,0.0,0.0,0.0,7
2023-05-09 23:10:55,cu2311C77000,cu2311C77000,480.0,0.0,0.0,0.0,2,338.0,5120.0,2,480.0,466.0,0.0,0.0,0.0,0.0,7
2023-05-09 23:10:56,cu2311C77000,cu2311C77000,480.0,0.0,0.0,0.0,2,338.0,5120.0,2,480.0,466.0,0.0,0.0,0.0,0.0,7
2023-05-09 23:10:56,cu2311C77000,cu2311C77000,480.0,0.0,0.0,0.0,2,338.0,5098.0,1,480.0,466.0,0.0,0.0,0.0,0.0,7
2023-05-09 23:10:57,cu2311C77000,cu2311C77000,480.0,0.0,0.0,0.0,2,338.0,5098.0,1,480.0,466.0,0.0,0.0,0.0,0.0,7
2023-05-09 23:10:57,cu2311C77000,cu2311C77000,480.0,0.0,0.0,0.0,2,338.0,5096.0,2,480.0,466.0,0.0,0.0,0.0,0.0,7
2023-05-09 23:10:58,cu2311C77000,cu2311C77000,480.0,0.0,0.0,0.0,2,338.0,5074.0,1,480.0,466.0,0.0,0.0,0.0,0.0,7
2023-05-09 23:10:59,cu2311C77000,cu2311C77000,480.0,0.0,0.0,0.0,2,338.0,5074.0,1,480.0,466.0,0.0,0.0,0.0,0.0,7
2023-05-09 23:11:00,cu2311C77000,cu2311C77000,480.0,0.0,0.0,0.0,2,338.0,5072.0,2,480.0,466.0,0.0,0.0,0.0,0.0,7
2023-05-09 23:11:00,cu2311C77000,cu2311C77000,480.0,0.0,0.0,0.0,2,338.0,5072.0,2,480.0,466.0,0.0,0.0,0.0,0.0,7
2023-05-09 23:11:01,cu2311C77000,cu2311C77000,480.0,0.0,0.0,0.0,2,338.0,5050.0,1,480.0,466.0,0.0,0.0,0.0,0.0,7
2023-05-09 23:11:02,cu2311C77000,cu2311C77000,480.0,0.0,0.0,0.0,2,338.0,5050.0,1,480.0,466.0,0.0,0.0,0.0,0.0,7
2023-05-09 23:11:02,cu2311C77000,cu2311C77000,480.0,0.0,0.0,0.0,2,338.0,5048.0,2,480.0,466.0,0.0,0.0,0.0,0.0,7
2023-05-09 23:11:03,cu2311C77000,cu2311C77000,480.0,0.0,0.0,0.0,2,338.0,5048.0,2,480.0,466.0,0.0,0.0,0.0,0.0,7
2023-05-09 23:11:03,cu2311C77000,cu2311C77000,480.0,0.0,0.0,0.0,2,338.0,5026.0,1,480.0,466.0,0.0,0.0,0.0,0.0,7
2023-05-09 23:11:06,cu2311C77000,cu2311C77000,480.0,0.0,0.0,0.0,2,338.0,5026.0,1,480.0,466.0,0.0,0.0,0.0,0.0,7
2023-05-09 23:11:06,cu2311C77000,cu2311C77000,480.0,0.0,0.0,0.0,2,338.0,5024.0,2,480.0,466.0,0.0,0.0,0.0,0.0,7
2023-05-09 23:11:07,cu2311C77000,cu2311C77000,480.0,0.0,0.0,0.0,2,338.0,5024.0,2,480.0,466.0,0.0,0.0,0.0,0.0,7
2023-05-09 23:11:07,cu2311C77000,cu2311C77000,480.0,0.0,0.0,0.0,2,338.0,5002.0,1,480.0,466.0,0.0,0.0,0.0,0.0,7
2023-05-09 23:11:08,cu2311C77000,cu2311C77000,480.0,0.0,0.0,0.0,2,338.0,5002.0,1,480.0,466.0,0.0,0.0,0.0,0.0,7
2023-05-09 23:11:08,cu2311C77000,cu2311C77000,480.0,0.0,0.0,0.0,2,338.0,5000.0,2,480.0,466.0,0.0,0.0,0.0,0.0,7
2023-05-09 23:11:09,cu2311C77000,cu2311C77000,480.0,0.0,0.0,0.0,2,338.0,4978.0,1,480.0,466.0,0.0,0.0,0.0,0.0,7
2023-05-09 23:11:09,cu2311C77000,cu2311C77000,480.0,0.0,0.0,0.0,2,338.0,4978.0,1,480.0,466.0,0.0,0.0,0.0,0.0,7
2023-05-09 23:11:10,cu2311C77000,cu2311C77000,480.0,0.0,0.0,0.0,2,338.0,4976.0,2,480.0,466.0,0.0,0.0,0.0,0.0,7
2023-05-09 23:11:10,cu2311C77000,cu2311C77000,480.0,0.0,0.0,0.0,2,338.0,4954.0,1,480.0,466.0,0.0,0.0,0.0,0.0,7
2023-05-09 23:11:11,cu2311C77000,cu2311C77000,480.0,0.0,0.0,0.0,2,338.0,4954.0,1,480.0,466.0,0.0,0.0,0.0,0.0,7
2023-05-09 23:11:11,cu2311C77000,cu2311C77000,480.0,0.0,0.0,0.0,2,338.0,4952.0,2,480.0,466.0,0.0,0.0,0.0,0.0,7
2023-05-09 23:11:12,cu2311C77000,cu2311C77000,480.0,0.0,0.0,0.0,2,338.0,4930.0,1,480.0,466.0,0.0,0.0,0.0,0.0,7
2023-05-09 23:11:13,cu2311C77000,cu2311C77000,480.0,0.0,0.0,0.0,2,338.0,4930.0,1,480.0,466.0,0.0,0.0,0.0,0.0,7
2023-05-09 23:11:13,cu2311C77000,cu2311C77000,480.0,0.0,0.0,0.0,2,338.0,4928.0,2,480.0,466.0,0.0,0.0,0.0,0.0,7
2023-05-09 23:11:14,cu2311C77000,cu2311C77000,480.0,0.0,0.0,0.0,2,338.0,4928.0,2,480.0,466.0,0.0,0.0,0.0,0.0,7
2023-05-09 23:11:14,cu2311C77000,cu2311C77000,480.0,0.0,0.0,0.0,2,338.0,4906.0,1,480.0,466.0,0.0,0.0,0.0,0.0,7
2023-05-09 23:11:15,cu2311C77000,cu2311C77000,480.0,0.0,0.0,0.0,2,338.0,4906.0,1,480.0,466.0,0.0,0.0,0.0,0.0,7
2023-05-09 23:11:15,cu2311C77000,cu2311C77000,480.0,0.0,0.0,0.0,2,338.0,4904.0,2,480.0,466.0,0.0,0.0,0.0,0.0,7
2023-05-09 23:11:16,cu2311C77000,cu2311C77000,480.0,0.0,0.0,0.0,2,338.0,4904.0,2,480.0,466.0,0.0,0.0,0.0,0.0,7
2023-05-09 23:11:17,cu2311C77000,cu2311C77000,480.0,0.0,0.0,0.0,2,338.0,4882.0,1,480.0,466.0,0.0,0.0,0.0,0.0,7
2023-05-09 23:11:17,cu2311C77000,cu2311C77000,480.0,0.0,0.0,0.0,2,338.0,4882.0,1,480.0,466.0,0.0,0.0,0.0,0.0,7
2023-05-09 23:11:18,cu2311C77000,cu2311C77000,480.0,0.0,0.0,0.0,2,338.0,4880.0,2,480.0,466.0,0.0,0.0,0.0,0.0,7
2023-05-09 23:11:18,cu2311C77000,cu2311C77000,480.0,0.0,0.0,0.0,2,338.0,4880.0,2,480.0,466.0,0.0,0.0,0.0,0.0,7
2023-05-09 23:11:19,cu2311C77000,cu2311C77000,480.0,0.0,0.0,0.0,2,338.0,4858.0,1,480.0,466.0,0.0,0.0,0.0,0.0,7
2023-05-09 23:11:19,cu2311C77000,cu2311C77000,480.0,0.0,0.0,0.0,2,338.0,4858.0,1,480.0,466.0,0.0,0.0,0.0,0.0,7
2023-05-09 23:11:20,cu2311C77000,cu2311C77000,480.0,0.0,0.0,0.0,2,338.0,4856.0,2,480.0,466.0,0.0,0.0,0.0,0.0,7
2023-05-09 23:11:20,cu2311C77000,cu2311C77000,480.0,0.0,0.0,0.0,2,338.0,4834.0,1,480.0,466.0,0.0,0.0,0.0,0.0,7
2023-05-09 23:11:21,cu2311C77000,cu2311C77000,480.0,0.0,0.0,0.0,2,338.0,4834.0,1,480.0,466.0,0.0,0.0,0.0,0.0,7
2023-05-09 23:11:21,cu2311C77000,cu2311C77000,480.0,0.0,0.0,0.0,2,338.0,4832.0,2,480.0,466.0,0.0,0.0,0.0,0.0,7
2023-05-09 23:11:22,cu2311C77000,cu2311C77000,480.0,0.0,0.0,0.0,2,338.0,4832.0,2,480.0,466.0,0.0,0.0,0.0,0.0,7
2023-05-09 23:11:23,cu2311C77000,cu2311C77000,480.0,0.0,0.0,0.0,2,338.0,4810.0,1,480.0,466.0,0.0,0.0,0.0,0.0,7
2023-05-09 23:11:23,cu2311C77000,cu2311C77000,480.0,0.0,0.0,0.0,2,338.0,4810.0,1,480.0,466.0,0.0,0.0,0.0,0.0,7
2023-05-09 23:11:24,cu2311C77000,cu2311C77000,480.0,0.0,0.0,0.0,2,338.0,4808.0,2,480.0,466.0,0.0,0.0,0.0,0.0,7
2023-05-09 23:11:24,cu2311C77000,cu2311C77000,480.0,0.0,0.0,0.0,2,338.0,4786.0,1,480.0,466.0,0.0,0.0,0.0,0.0,7
2023-05-09 23:11:25,cu2311C77000,cu2311C77000,480.0,0.0,0.0,0.0,2,338.0,4786.0,1,480.0,466.0,0.0,0.0,0.0,0.0,7
2023-05-09 23:11:25,cu2311C77000,cu2311C77000,480.0,0.0,0.0,0.0,2,338.0,4784.0,2,480.0,466.0,0.0,0.0,0.0,0.0,7
2023-05-09 23:11:26,cu2311C77000,cu2311C77000,480.0,0.0,0.0,0.0,2,338.0,4784.0,2,480.0,466.0,0.0,0.0,0.0,0.0,7
2023-05-09 23:11:27,cu2311C77000,cu2311C77000,480.0,0.0,0.0,0.0,2,338.0,4762.0,1,480.0,466.0,0.0,0.0,0.0,0.0,7
2023-05-09 23:11:27,cu2311C77000,cu2311C77000,480.0,0.0,0.0,0.0,2,338.0,4762.0,1,480.0,466.0,0.0,0.0,0.0,0.0,7
2023-05-09 23:11:28,cu2311C77000,cu2311C77000,480.0,0.0,0.0,0.0,2,338.0,4760.0,2,480.0,466.0,0.0,0.0,0.0,0.0,7
2023-05-09 23:11:28,cu2311C77000,cu2311C77000,480.0,0.0,0.0,0.0,2,338.0,4738.0,1,480.0,466.0,0.0,0.0,0.0,0.0,7
2023-05-09 23:11:29,cu2311C77000,cu2311C77000,480.0,0.0,0.0,0.0,2,338.0,4738.0,1,480.0,466.0,0.0,0.0,0.0,0.0,7
2023-05-09 23:11:29,cu2311C77000,cu2311C77000,480.0,0.0,0.0,0.0,2,338.0,4736.0,2,480.0,466.0,0.0,0.0,0.0,0.0,7
2023-05-09 23:11:30,cu2311C77000,cu2311C77000,480.0,0.0,0.0,0.0,2,338.0,4714.0,1,480.0,466.0,0.0,0.0,0.0,0.0,7
2023-05-09 23:11:30,cu2311C77000,cu2311C77000,480.0,0.0,0.0,0.0,2,338.0,4714.0,1,480.0,466.0,0.0,0.0,0.0,0.0,7
2023-05-09 23:11:31,cu2311C77000,cu2311C77000,480.0,0.0,0.0,0.0,2,338.0,4712.0,2,480.0,466.0,0.0,0.0,0.0,0.0,7
2023-05-09 23:11:32,cu2311C77000,cu2311C77000,480.0,0.0,0.0,0.0,2,338.0,4712.0,2,480.0,466.0,0.0,0.0,0.0,0.0,7
2023-05-09 23:11:32,cu2311C77000,cu2311C77000,480.0,0.0,0.0,0.0,2,338.0,4690.0,1,480.0,466.0,0.0,0.0,0.0,0.0,7
2023-05-09 23:11:33,cu2311C77000,cu2311C77000,480.0,0.0,0.0,0.0,2,338.0,4690.0,1,480.0,466.0,0.0,0.0,0.0,0.0,7
2023-05-09 23:11:33,cu2311C77000,cu2311C77000,480.0,0.0,0.0,0.0,2,338.0,4688.0,2,480.0,466.0,0.0,0.0,0.0,0.0,7
2023-05-09 23:11:34,cu2311C77000,cu2311C77000,480.0,0.0,0.0,0.0,2,338.0,4666.0,1,480.0,466.0,0.0,0.0,0.0,0.0,7
2023-05-09 23:11:34,cu2311C77000,cu2311C77000,480.0,0.0,0.0,0.0,2,338.0,4666.0,1,480.0,466.0,0.0,0.0,0.0,0.0,7
2023-05-09 23:11:35,cu2311C77000,cu2311C77000,480.0,0.0,0.0,0.0,2,338.0,4664.0,2,480.0,466.0,0.0,0.0,0.0,0.0,7
2023-05-09 23:11:35,cu2311C77000,cu2311C77000,480.0,0.0,0.0,0.0,2,338.0,4664.0,2,480.0,466.0,0.0,0.0,0.0,0.0,7
2023-05-09 23:11:36,cu2311C77000,cu2311C77000,480.0,0.0,0.0,0.0,2,338.0,4642.0,1,480.0,466.0,0.0,0.0,0.0,0.0,7
2023-05-09 23:11:36,cu2311C77000,cu2311C77000,480.0,0.0,0.0,0.0,2,338.0,4642.0,1,480.0,466.0,0.0,0.0,0.0,0.0,7
2023-05-09 23:11:37,cu2311C77000,cu2311C77000,480.0,0.0,0.0,0.0,2,338.0,4640.0,2,480.0,466.0,0.0,0.0,0.0,0.0,7
2023-05-09 23:11:37,cu2311C77000,cu2311C77000,480.0,0.0,0.0,0.0,2,338.0,4640.0,2,480.0,466.0,0.0,0.0,0.0,0.0,7
2023-05-09 23:11:38,cu2311C77000,cu2311C77000,480.0,0.0,0.0,0.0,2,338.0,4618.0,1,480.0,466.0,0.0,0.0,0.0,0.0,7
2023-05-09 23:11:38,cu2311C77000,cu2311C77000,480.0,0.0,0.0,0.0,2,338.0,4618.0,1,480.0,466.0,0.0,0.0,0.0,0.0,7
2023-05-09 23:11:39,cu2311C77000,cu2311C77000,480.0,0.0,0.0,0.0,2,338.0,4616.0,2,480.0,466.0,0.0,0.0,0.0,0.0,7
2023-05-09 23:11:40,cu2311C77000,cu2311C77000,480.0,0.0,0.0,0.0,2,338.0,4594.0,1,480.0,466.0,0.0,0.0,0.0,0.0,7
2023-05-09 23:11:41,cu2311C77000,cu2311C77000,480.0,0.0,0.0,0.0,2,338.0,4594.0,1,480.0,466.0,0.0,0.0,0.0,0.0,7
2023-05-09 23:11:41,cu2311C77000,cu2311C77000,480.0,0.0,0.0,0.0,2,338.0,4592.0,2,480.0,466.0,0.0,0.0,0.0,0.0,7
2023-05-09 23:11:42,cu2311C77000,cu2311C77000,480.0,0.0,0.0,0.0,2,338.0,4570.0,1,480.0,466.0,0.0,0.0,0.0,0.0,7
2023-05-09 23:11:43,cu2311C77000,cu2311C77000,480.0,0.0,0.0,0.0,2,338.0,4570.0,1,480.0,466.0,0.0,0.0,0.0,0.0,7
2023-05-09 23:11:44,cu2311C77000,cu2311C77000,480.0,0.0,0.0,0.0,2,338.0,4568.0,2,480.0,466.0,0.0,0.0,0.0,0.0,7
2023-05-09 23:11:44,cu2311C77000,cu2311C77000,480.0,0.0,0.0,0.0,2,338.0,4568.0,2,480.0,466.0,0.0,0.0,0.0,0.0,7
2023-05-09 23:11:45,cu2311C77000,cu2311C77000,480.0,0.0,0.0,0.0,2,338.0,4546.0,1,480.0,466.0,0.0,0.0,0.0,0.0,7
2023-05-09 23:11:45,cu2311C77000,cu2311C77000,480.0,0.0,0.0,0.0,2,338.0,4546.0,1,480.0,466.0,0.0,0.0,0.0,0.0,7
2023-05-09 23:11:46,cu2311C77000,cu2311C77000,480.0,0.0,0.0,0.0,2,338.0,4544.0,2,480.0,466.0,0.0,0.0,0.0,0.0,7
2023-05-09 23:11:46,cu2311C77000,cu2311C77000,480.0,0.0,0.0,0.0,2,338.0,4544.0,2,480.0,466.0,0.0,0.0,0.0,0.0,7
2023-05-09 23:11:47,cu2311C77000,cu2311C77000,480.0,0.0,0.0,0.0,2,338.0,4522.0,1,480.0,466.0,0.0,0.0,0.0,0.0,7
2023-05-09 23:11:48,cu2311C77000,cu2311C77000,480.0,0.0,0.0,0.0,2,338.0,4522.0,1,480.0,466.0,0.0,0.0,0.0,0.0,7
2023-05-09 23:11:48,cu2311C77000,cu2311C77000,480.0,0.0,0.0,0.0,2,338.0,4520.0,2,480.0,466.0,0.0,0.0,0.0,0.0,7
2023-05-09 23:11:49,cu2311C77000,cu2311C77000,480.0,0.0,0.0,0.0,2,338.0,4520.0,2,480.0,466.0,0.0,0.0,0.0,0.0,7
2023-05-09 23:11:49,cu2311C77000,cu2311C77000,480.0,0.0,0.0,0.0,2,338.0,4498.0,1,480.0,466.0,0.0,0.0,0.0,0.0,7
2023-05-09 23:11:50,cu2311C77000,cu2311C77000,480.0,0.0,0.0,0.0,2,338.0,4498.0,1,480.0,466.0,0.0,0.0,0.0,0.0,7
2023-05-09 23:11:50,cu2311C77000,cu2311C77000,480.0,0.0,0.0,0.0,2,338.0,4496.0,2,480.0,466.0,0.0,0.0,0.0,0.0,7
2023-05-09 23:11:51,cu2311C77000,cu2311C77000,480.0,0.0,0.0,0.0,2,338.0,4474.0,1,480.0,466.0,0.0,0.0,0.0,0.0,7
2023-05-09 23:11:51,cu2311C77000,cu2311C77000,480.0,0.0,0.0,0.0,2,338.0,4474.0,1,480.0,466.0,0.0,0.0,0.0,0.0,7
2023-05-09 23:11:52,cu2311C77000,cu2311C77000,480.0,0.0,0.0,0.0,2,338.0,4472.0,2,480.0,466.0,0.0,0.0,0.0,0.0,7
2023-05-09 23:11:52,cu2311C77000,cu2311C77000,480.0,0.0,0.0,0.0,2,338.0,4472.0,2,480.0,466.0,0.0,0.0,0.0,0.0,7
2023-05-09 23:11:53,cu2311C77000,cu2311C77000,480.0,0.0,0.0,0.0,2,338.0,4450.0,1,480.0,466.0,0.0,0.0,0.0,0.0,7
2023-05-09 23:11:55,cu2311C77000,cu2311C77000,480.0,0.0,0.0,0.0,2,338.0,4450.0,1,480.0,466.0,0.0,0.0,0.0,0.0,7
2023-05-09 23:11:56,cu2311C77000,cu2311C77000,480.0,0.0,0.0,0.0,2,338.0,4448.0,2,480.0,466.0,0.0,0.0,0.0,0.0,7
2023-05-09 23:11:56,cu2311C77000,cu2311C77000,480.0,0.0,0.0,0.0,2,338.0,4448.0,2,480.0,466.0,0.0,0.0,0.0,0.0,7
2023-05-09 23:11:57,cu2311C77000,cu2311C77000,480.0,0.0,0.0,0.0,2,338.0,4426.0,1,480.0,466.0,0.0,0.0,0.0,0.0,7
2023-05-09 23:11:57,cu2311C77000,cu2311C77000,480.0,0.0,0.0,0.0,2,338.0,4426.0,1,480.0,466.0,0.0,0.0,0.0,0.0,7
2023-05-09 23:11:58,cu2311C77000,cu2311C77000,480.0,0.0,0.0,0.0,2,338.0,4424.0,2,480.0,466.0,0.0,0.0,0.0,0.0,7
2023-05-09 23:11:59,cu2311C77000,cu2311C77000,480.0,0.0,0.0,0.0,2,338.0,4424.0,2,480.0,466.0,0.0,0.0,0.0,0.0,7
2023-05-09 23:11:59,cu2311C77000,cu2311C77000,480.0,0.0,0.0,0.0,2,338.0,4402.0,1,480.0,466.0,0.0,0.0,0.0,0.0,7
2023-05-09 23:12:00,cu2311C77000,cu2311C77000,480.0,0.0,0.0,0.0,2,338.0,4402.0,1,480.0,466.0,0.0,0.0,0.0,0.0,7
2023-05-09 23:12:00,cu2311C77000,cu2311C77000,480.0,0.0,0.0,0.0,2,338.0,4400.0,2,480.0,466.0,0.0,0.0,0.0,0.0,7
2023-05-09 23:12:01,cu2311C77000,cu2311C77000,480.0,0.0,0.0,0.0,2,338.0,4400.0,2,480.0,466.0,0.0,0.0,0.0,0.0,7
2023-05-09 23:12:02,cu2311C77000,cu2311C77000,480.0,0.0,0.0,0.0,2,338.0,4378.0,1,480.0,466.0,0.0,0.0,0.0,0.0,7
2023-05-09 23:12:02,cu2311C77000,cu2311C77000,480.0,0.0,0.0,0.0,2,338.0,4378.0,1,480.0,466.0,0.0,0.0,0.0,0.0,7
2023-05-09 23:12:03,cu2311C77000,cu2311C77000,480.0,0.0,0.0,0.0,2,338.0,4376.0,2,480.0,466.0,0.0,0.0,0.0,0.0,7
2023-05-09 23:12:04,cu2311C77000,cu2311C77000,480.0,0.0,0.0,0.0,2,338.0,4376.0,2,480.0,466.0,0.0,0.0,0.0,0.0,7
2023-05-09 23:12:04,cu2311C77000,cu2311C77000,480.0,0.0,0.0,0.0,2,338.0,4354.0,1,480.0,466.0,0.0,0.0,0.0,0.0,7
2023-05-09 23:12:05,cu2311C77000,cu2311C77000,480.0,0.0,0.0,0.0,2,338.0,4354.0,1,480.0,466.0,0.0,0.0,0.0,0.0,7
2023-05-09 23:12:05,cu2311C77000,cu2311C77000,480.0,0.0,0.0,0.0,2,338.0,4352.0,2,480.0,466.0,0.0,0.0,0.0,0.0,7
2023-05-09 23:12:06,cu2311C77000,cu2311C77000,480.0,0.0,0.0,0.0,2,338.0,4352.0,2,480.0,466.0,0.0,0.0,0.0,0.0,7
2023-05-09 23:12:06,cu2311C77000,cu2311C77000,480.0,0.0,0.0,0.0,2,338.0,4330.0,1,480.0,466.0,0.0,0.0,0.0,0.0,7
2023-05-09 23:12:07,cu2311C77000,cu2311C77000,480.0,0.0,0.0,0.0,2,338.0,4330.0,1,480.0,466.0,0.0,0.0,0.0,0.0,7
2023-05-09 23:12:07,cu2311C77000,cu2311C77000,480.0,0.0,0.0,0.0,2,338.0,4328.0,2,480.0,466.0,0.0,0.0,0.0,0.0,7
2023-05-09 23:12:08,cu2311C77000,cu2311C77000,480.0,0.0,0.0,0.0,2,338.0,4306.0,1,480.0,466.0,0.0,0.0,0.0,0.0,7
2023-05-09 23:12:09,cu2311C77000,cu2311C77000,480.0,0.0,0.0,0.0,2,338.0,4306.0,1,480.0,466.0,0.0,0.0,0.0,0.0,7
2023-05-09 23:12:09,cu2311C77000,cu2311C77000,480.0,0.0,0.0,0.0,2,338.0,4304.0,2,480.0,466.0,0.0,0.0,0.0,0.0,7
2023-05-09 23:12:10,cu2311C77000,cu2311C77000,480.0,0.0,0.0,0.0,2,338.0,4282.0,1,480.0,466.0,0.0,0.0,0.0,0.0,7
2023-05-09 23:12:11,cu2311C77000,cu2311C77000,480.0,0.0,0.0,0.0,2,338.0,4282.0,1,480.0,466.0,0.0,0.0,0.0,0.0,7
2023-05-09 23:12:11,cu2311C77000,cu2311C77000,480.0,0.0,0.0,0.0,2,338.0,4280.0,2,480.0,466.0,0.0,0.0,0.0,0.0,7
2023-05-09 23:12:12,cu2311C77000,cu2311C77000,480.0,0.0,0.0,0.0,2,338.0,4280.0,2,480.0,466.0,0.0,0.0,0.0,0.0,7
2023-05-09 23:12:12,cu2311C77000,cu2311C77000,480.0,0.0,0.0,0.0,2,338.0,4258.0,1,480.0,466.0,0.0,0.0,0.0,0.0,7
2023-05-09 23:12:13,cu2311C77000,cu2311C77000,480.0,0.0,0.0,0.0,2,338.0,4258.0,1,480.0,466.0,0.0,0.0,0.0,0.0,7
2023-05-09 23:12:13,cu2311C77000,cu2311C77000,480.0,0.0,0.0,0.0,2,338.0,4256.0,2,480.0,466.0,0.0,0.0,0.0,0.0,7
2023-05-09 23:12:14,cu2311C77000,cu2311C77000,480.0,0.0,0.0,0.0,2,338.0,4256.0,2,480.0,466.0,0.0,0.0,0.0,0.0,7
2023-05-09 23:12:14,cu2311C77000,cu2311C77000,480.0,0.0,0.0,0.0,2,338.0,4234.0,1,480.0,466.0,0.0,0.0,0.0,0.0,7
2023-05-09 23:12:15,cu2311C77000,cu2311C77000,480.0,0.0,0.0,0.0,2,338.0,4234.0,1,480.0,466.0,0.0,0.0,0.0,0.0,7
2023-05-09 23:12:15,cu2311C77000,cu2311C77000,480.0,0.0,0.0,0.0,2,338.0,4232.0,2,480.0,466.0,0.0,0.0,0.0,0.0,7
2023-05-09 23:12:16,cu2311C77000,cu2311C77000,480.0,0.0,0.0,0.0,2,338.0,4232.0,2,480.0,466.0,0.0,0.0,0.0,0.0,7
2023-05-09 23:12:16,cu2311C77000,cu2311C77000,480.0,0.0,0.0,0.0,2,338.0,4210.0,1,480.0,466.0,0.0,0.0,0.0,0.0,7
2023-05-09 23:12:17,cu2311C77000,cu2311C77000,480.0,0.0,0.0,0.0,2,338.0,4210.0,1,480.0,466.0,0.0,0.0,0.0,0.0,7
2023-05-09 23:12:17,cu2311C77000,cu2311C77000,480.0,0.0,0.0,0.0,2,338.0,4208.0,2,480.0,466.0,0.0,0.0,0.0,0.0,7
2023-05-09 23:12:18,cu2311C77000,cu2311C77000,480.0,0.0,0.0,0.0,2,338.0,4208.0,2,480.0,466.0,0.0,0.0,0.0,0.0,7
2023-05-09 23:12:18,cu2311C77000,cu2311C77000,480.0,0.0,0.0,0.0,2,338.0,4186.0,1,480.0,466.0,0.0,0.0,0.0,0.0,7
2023-05-09 23:12:19,cu2311C77000,cu2311C77000,480.0,0.0,0.0,0.0,2,338.0,4186.0,1,480.0,466.0,0.0,0.0,0.0,0.0,7
2023-05-09 23:12:19,cu2311C77000,cu2311C77000,480.0,0.0,0.0,0.0,2,338.0,4184.0,2,480.0,466.0,0.0,0.0,0.0,0.0,7
2023-05-09 23:12:20,cu2311C77000,cu2311C77000,480.0,0.0,0.0,0.0,2,338.0,4184.0,2,480.0,466.0,0.0,0.0,0.0,0.0,7
2023-05-09 23:12:21,cu2311C77000,cu2311C77000,480.0,0.0,0.0,0.0,2,338.0,4162.0,1,480.0,466.0,0.0,0.0,0.0,0.0,7
2023-05-09 23:12:22,cu2311C77000,cu2311C77000,480.0,0.0,0.0,0.0,2,338.0,4162.0,1,480.0,466.0,0.0,0.0,0.0,0.0,7
2023-05-09 23:12:22,cu2311C77000,cu2311C77000,480.0,0.0,0.0,0.0,2,338.0,4160.0,2,480.0,466.0,0.0,0.0,0.0,0.0,7
2023-05-09 23:12:23,cu2311C77000,cu2311C77000,480.0,0.0,0.0,0.0,2,338.0,4160.0,2,480.0,466.0,0.0,0.0,0.0,0.0,7
2023-05-09 23:12:23,cu2311C77000,cu2311C77000,480.0,0.0,0.0,0.0,2,338.0,4138.0,1,480.0,466.0,0.0,0.0,0.0,0.0,7
2023-05-09 23:12:24,cu2311C77000,cu2311C77000,480.0,0.0,0.0,0.0,2,338.0,4138.0,1,480.0,466.0,0.0,0.0,0.0,0.0,7
2023-05-09 23:12:24,cu2311C77000,cu2311C77000,480.0,0.0,0.0,0.0,2,338.0,4136.0,2,480.0,466.0,0.0,0.0,0.0,0.0,7
2023-05-09 23:12:25,cu2311C77000,cu2311C77000,480.0,0.0,0.0,0.0,2,338.0,4136.0,2,480.0,466.0,0.0,0.0,0.0,0.0,7
2023-05-09 23:12:26,cu2311C77000,cu2311C77000,480.0,0.0,0.0,0.0,2,338.0,4114.0,1,480.0,466.0,0.0,0.0,0.0,0.0,7
2023-05-09 23:12:26,cu2311C77000,cu2311C77000,480.0,0.0,0.0,0.0,2,338.0,4114.0,1,480.0,466.0,0.0,0.0,0.0,0.0,7
2023-05-09 23:12:27,cu2311C77000,cu2311C77000,480.0,0.0,0.0,0.0,2,338.0,4112.0,2,480.0,466.0,0.0,0.0,0.0,0.0,7
2023-05-09 23:12:27,cu2311C77000,cu2311C77000,480.0,0.0,0.0,0.0,2,338.0,4112.0,2,480.0,466.0,0.0,0.0,0.0,0.0,7
2023-05-09 23:12:28,cu2311C77000,cu2311C77000,480.0,0.0,0.0,0.0,2,338.0,4090.0,1,480.0,466.0,0.0,0.0,0.0,0.0,7
2023-05-09 23:12:28,cu2311C77000,cu2311C77000,480.0,0.0,0.0,0.0,2,338.0,4090.0,1,480.0,466.0,0.0,0.0,0.0,0.0,7
2023-05-09 23:12:29,cu2311C77000,cu2311C77000,480.0,0.0,0.0,0.0,2,338.0,4088.0,2,480.0,466.0,0.0,0.0,0.0,0.0,7
2023-05-09 23:12:29,cu2311C77000,cu2311C77000,480.0,0.0,0.0,0.0,2,338.0,4066.0,1,480.0,466.0,0.0,0.0,0.0,0.0,7
2023-05-09 23:12:30,cu2311C77000,cu2311C77000,480.0,0.0,0.0,0.0,2,338.0,4066.0,1,480.0,466.0,0.0,0.0,0.0,0.0,7
2023-05-09 23:12:30,cu2311C77000,cu2311C77000,480.0,0.0,0.0,0.0,2,338.0,4064.0,2,480.0,466.0,0.0,0.0,0.0,0.0,7
2023-05-09 23:12:31,cu2311C77000,cu2311C77000,480.0,0.0,0.0,0.0,2,338.0,4064.0,2,480.0,466.0,0.0,0.0,0.0,0.0,7
2023-05-09 23:12:31,cu2311C77000,cu2311C77000,480.0,0.0,0.0,0.0,2,338.0,4042.0,1,480.0,466.0,0.0,0.0,0.0,0.0,7
2023-05-09 23:12:32,cu2311C77000,cu2311C77000,480.0,0.0,0.0,0.0,2,338.0,4042.0,1,480.0,466.0,0.0,0.0,0.0,0.0,7
2023-05-09 23:12:32,cu2311C77000,cu2311C77000,480.0,0.0,0.0,0.0,2,338.0,4040.0,2,480.0,466.0,0.0,0.0,0.0,0.0,7
2023-05-09 23:12:33,cu2311C77000,cu2311C77000,480.0,0.0,0.0,0.0,2,338.0,4040.0,2,480.0,466.0,0.0,0.0,0.0,0.0,7
2023-05-09 23:12:33,cu2311C77000,cu2311C77000,480.0,0.0,0.0,0.0,2,338.0,4018.0,1,480.0,466.0,0.0,0.0,0.0,0.0,7
2023-05-09 23:12:34,cu2311C77000,cu2311C77000,480.0,0.0,0.0,0.0,2,338.0,4018.0,1,480.0,466.0,0.0,0.0,0.0,0.0,7
2023-05-09 23:12:34,cu2311C77000,cu2311C77000,480.0,0.0,0.0,0.0,2,338.0,4016.0,2,480.0,466.0,0.0,0.0,0.0,0.0,7
2023-05-09 23:12:36,cu2311C77000,cu2311C77000,480.0,0.0,0.0,0.0,2,338.0,3994.0,1,480.0,466.0,0.0,0.0,0.0,0.0,7
2023-05-09 23:12:36,cu2311C77000,cu2311C77000,480.0,0.0,0.0,0.0,2,338.0,3994.0,1,480.0,466.0,0.0,0.0,0.0,0.0,7
2023-05-09 23:12:37,cu2311C77000,cu2311C77000,480.0,0.0,0.0,0.0,2,338.0,3992.0,2,480.0,466.0,0.0,0.0,0.0,0.0,7
2023-05-09 23:12:37,cu2311C77000,cu2311C77000,480.0,0.0,0.0,0.0,2,338.0,3970.0,1,480.0,466.0,0.0,0.0,0.0,0.0,7
2023-05-09 23:12:38,cu2311C77000,cu2311C77000,480.0,0.0,0.0,0.0,2,338.0,3970.0,1,480.0,466.0,0.0,0.0,0.0,0.0,7
2023-05-09 23:12:38,cu2311C77000,cu2311C77000,480.0,0.0,0.0,0.0,2,338.0,3968.0,2,480.0,466.0,0.0,0.0,0.0,0.0,7
2023-05-09 23:12:39,cu2311C77000,cu2311C77000,480.0,0.0,0.0,0.0,2,338.0,3968.0,2,480.0,466.0,0.0,0.0,0.0,0.0,7
2023-05-09 23:12:39,cu2311C77000,cu2311C77000,480.0,0.0,0.0,0.0,2,338.0,3946.0,1,480.0,466.0,0.0,0.0,0.0,0.0,7
2023-05-09 23:12:40,cu2311C77000,cu2311C77000,480.0,0.0,0.0,0.0,2,338.0,3946.0,1,480.0,466.0,0.0,0.0,0.0,0.0,7
2023-05-09 23:12:40,cu2311C77000,cu2311C77000,480.0,0.0,0.0,0.0,2,338.0,3944.0,2,480.0,466.0,0.0,0.0,0.0,0.0,7
2023-05-09 23:12:41,cu2311C77000,cu2311C77000,480.0,0.0,0.0,0.0,2,338.0,3944.0,2,480.0,466.0,0.0,0.0,0.0,0.0,7
2023-05-09 23:12:41,cu2311C77000,cu2311C77000,480.0,0.0,0.0,0.0,2,338.0,3922.0,1,480.0,466.0,0.0,0.0,0.0,0.0,7
2023-05-09 23:12:42,cu2311C77000,cu2311C77000,480.0,0.0,0.0,0.0,2,338.0,3922.0,1,480.0,466.0,0.0,0.0,0.0,0.0,7
2023-05-09 23:12:42,cu2311C77000,cu2311C77000,480.0,0.0,0.0,0.0,2,338.0,3920.0,2,480.0,466.0,0.0,0.0,0.0,0.0,7
2023-05-09 23:12:43,cu2311C77000,cu2311C77000,480.0,0.0,0.0,0.0,2,338.0,3898.0,1,480.0,466.0,0.0,0.0,0.0,0.0,7
2023-05-09 23:12:44,cu2311C77000,cu2311C77000,480.0,0.0,0.0,0.0,2,338.0,3898.0,1,480.0,466.0,0.0,0.0,0.0,0.0,7
2023-05-09 23:12:44,cu2311C77000,cu2311C77000,480.0,0.0,0.0,0.0,2,338.0,3896.0,2,480.0,466.0,0.0,0.0,0.0,0.0,7
2023-05-09 23:12:45,cu2311C77000,cu2311C77000,480.0,0.0,0.0,0.0,2,338.0,3874.0,1,480.0,466.0,0.0,0.0,0.0,0.0,7
2023-05-09 23:12:46,cu2311C77000,cu2311C77000,480.0,0.0,0.0,0.0,2,338.0,3874.0,1,480.0,466.0,0.0,0.0,0.0,0.0,7
2023-05-09 23:12:46,cu2311C77000,cu2311C77000,480.0,0.0,0.0,0.0,2,338.0,3872.0,2,480.0,466.0,0.0,0.0,0.0,0.0,7
2023-05-09 23:12:47,cu2311C77000,cu2311C77000,480.0,0.0,0.0,0.0,2,338.0,3850.0,1,480.0,466.0,0.0,0.0,0.0,0.0,7
2023-05-09 23:12:48,cu2311C77000,cu2311C77000,480.0,0.0,0.0,0.0,2,338.0,3850.0,1,480.0,466.0,0.0,0.0,0.0,0.0,7
2023-05-09 23:12:48,cu2311C77000,cu2311C77000,480.0,0.0,0.0,0.0,2,338.0,3848.0,2,480.0,466.0,0.0,0.0,0.0,0.0,7
2023-05-09 23:12:49,cu2311C77000,cu2311C77000,480.0,0.0,0.0,0.0,2,338.0,3826.0,1,480.0,466.0,0.0,0.0,0.0,0.0,7
2023-05-09 23:12:49,cu2311C77000,cu2311C77000,480.0,0.0,0.0,0.0,2,338.0,3826.0,1,480.0,466.0,0.0,0.0,0.0,0.0,7
2023-05-09 23:12:50,cu2311C77000,cu2311C77000,480.0,0.0,0.0,0.0,2,338.0,3824.0,2,480.0,466.0,0.0,0.0,0.0,0.0,7
2023-05-09 23:12:50,cu2311C77000,cu2311C77000,480.0,0.0,0.0,0.0,2,338.0,3802.0,1,480.0,466.0,0.0,0.0,0.0,0.0,7
2023-05-09 23:12:51,cu2311C77000,cu2311C77000,480.0,0.0,0.0,0.0,2,338.0,3802.0,1,480.0,466.0,0.0,0.0,0.0,0.0,7
2023-05-09 23:12:51,cu2311C77000,cu2311C77000,480.0,0.0,0.0,0.0,2,338.0,3800.0,2,480.0,466.0,0.0,0.0,0.0,0.0,7
2023-05-09 23:12:52,cu2311C77000,cu2311C77000,480.0,0.0,0.0,0.0,2,338.0,3800.0,2,480.0,466.0,0.0,0.0,0.0,0.0,7
2023-05-09 23:12:53,cu2311C77000,cu2311C77000,480.0,0.0,0.0,0.0,2,338.0,3778.0,1,480.0,466.0,0.0,0.0,0.0,0.0,7
2023-05-09 23:12:53,cu2311C77000,cu2311C77000,480.0,0.0,0.0,0.0,2,338.0,3778.0,1,480.0,466.0,0.0,0.0,0.0,0.0,7
2023-05-09 23:12:54,cu2311C77000,cu2311C77000,480.0,0.0,0.0,0.0,2,338.0,3776.0,2,480.0,466.0,0.0,0.0,0.0,0.0,7
2023-05-09 23:12:54,cu2311C77000,cu2311C77000,480.0,0.0,0.0,0.0,2,338.0,3776.0,2,480.0,466.0,0.0,0.0,0.0,0.0,7
2023-05-09 23:12:55,cu2311C77000,cu2311C77000,480.0,0.0,0.0,0.0,2,338.0,3754.0,1,480.0,466.0,0.0,0.0,0.0,0.0,7
2023-05-09 23:12:55,cu2311C77000,cu2311C77000,480.0,0.0,0.0,0.0,2,338.0,3754.0,1,480.0,466.0,0.0,0.0,0.0,0.0,7
2023-05-09 23:12:56,cu2311C77000,cu2311C77000,480.0,0.0,0.0,0.0,2,338.0,3752.0,2,480.0,466.0,0.0,0.0,0.0,0.0,7
2023-05-09 23:12:56,cu2311C77000,cu2311C77000,480.0,0.0,0.0,0.0,2,338.0,3752.0,2,480.0,466.0,0.0,0.0,0.0,0.0,7
2023-05-09 23:12:57,cu2311C77000,cu2311C77000,480.0,0.0,0.0,0.0,2,338.0,3730.0,1,480.0,466.0,0.0,0.0,0.0,0.0,7
2023-05-09 23:12:57,cu2311C77000,cu2311C77000,480.0,0.0,0.0,0.0,2,338.0,3730.0,1,480.0,466.0,0.0,0.0,0.0,0.0,7
2023-05-09 23:12:58,cu2311C77000,cu2311C77000,480.0,0.0,0.0,0.0,2,338.0,3728.0,2,480.0,466.0,0.0,0.0,0.0,0.0,7
2023-05-09 23:12:59,cu2311C77000,cu2311C77000,480.0,0.0,0.0,0.0,2,338.0,3706.0,1,480.0,466.0,0.0,0.0,0.0,0.0,7
2023-05-09 23:12:59,cu2311C77000,cu2311C77000,480.0,0.0,0.0,0.0,2,338.0,3706.0,1,480.0,466.0,0.0,0.0,0.0,0.0,7
2023-05-09 23:13:00,cu2311C77000,cu2311C77000,480.0,0.0,0.0,0.0,2,338.0,3704.0,2,480.0,466.0,0.0,0.0,0.0,0.0,7
2023-05-09 23:13:00,cu2311C77000,cu2311C77000,480.0,0.0,0.0,0.0,2,338.0,3704.0,2,480.0,466.0,0.0,0.0,0.0,0.0,7
2023-05-09 23:13:01,cu2311C77000,cu2311C77000,480.0,0.0,0.0,0.0,2,338.0,3682.0,1,480.0,466.0,0.0,0.0,0.0,0.0,7
2023-05-09 23:13:01,cu2311C77000,cu2311C77000,480.0,0.0,0.0,0.0,2,338.0,3682.0,1,480.0,466.0,0.0,0.0,0.0,0.0,7
2023-05-09 23:13:02,cu2311C77000,cu2311C77000,480.0,0.0,0.0,0.0,2,338.0,3680.0,2,480.0,466.0,0.0,0.0,0.0,0.0,7
2023-05-09 23:13:02,cu2311C77000,cu2311C77000,480.0,0.0,0.0,0.0,2,338.0,3658.0,1,480.0,466.0,0.0,0.0,0.0,0.0,7
2023-05-09 23:13:03,cu2311C77000,cu2311C77000,480.0,0.0,0.0,0.0,2,338.0,3658.0,1,480.0,466.0,0.0,0.0,0.0,0.0,7
2023-05-09 23:13:03,cu2311C77000,cu2311C77000,480.0,0.0,0.0,0.0,2,338.0,3656.0,2,480.0,466.0,0.0,0.0,0.0,0.0,7
2023-05-09 23:13:04,cu2311C77000,cu2311C77000,480.0,0.0,0.0,0.0,2,338.0,3634.0,1,480.0,466.0,0.0,0.0,0.0,0.0,7
2023-05-09 23:13:04,cu2311C77000,cu2311C77000,480.0,0.0,0.0,0.0,2,338.0,3634.0,1,480.0,466.0,0.0,0.0,0.0,0.0,7
2023-05-09 23:13:05,cu2311C77000,cu2311C77000,480.0,0.0,0.0,0.0,2,338.0,3632.0,2,480.0,466.0,0.0,0.0,0.0,0.0,7
2023-05-09 23:13:05,cu2311C77000,cu2311C77000,480.0,0.0,0.0,0.0,2,338.0,3610.0,1,480.0,466.0,0.0,0.0,0.0,0.0,7
2023-05-09 23:13:06,cu2311C77000,cu2311C77000,480.0,0.0,0.0,0.0,2,338.0,3610.0,1,480.0,466.0,0.0,0.0,0.0,0.0,7
2023-05-09 23:13:06,cu2311C77000,cu2311C77000,480.0,0.0,0.0,0.0,2,338.0,3608.0,2,480.0,466.0,0.0,0.0,0.0,0.0,7
2023-05-09 23:13:07,cu2311C77000,cu2311C77000,480.0,0.0,0.0,0.0,2,338.0,3586.0,1,480.0,466.0,0.0,0.0,0.0,0.0,7
2023-05-09 23:13:07,cu2311C77000,cu2311C77000,480.0,0.0,0.0,0.0,2,338.0,3586.0,1,480.0,466.0,0.0,0.0,0.0,0.0,7
2023-05-09 23:13:08,cu2311C77000,cu2311C77000,480.0,0.0,0.0,0.0,2,338.0,3584.0,2,480.0,466.0,0.0,0.0,0.0,0.0,7
2023-05-09 23:13:08,cu2311C77000,cu2311C77000,480.0,0.0,0.0,0.0,2,338.0,3562.0,1,480.0,466.0,0.0,0.0,0.0,0.0,7
2023-05-09 23:13:09,cu2311C77000,cu2311C77000,480.0,0.0,0.0,0.0,2,338.0,3562.0,1,480.0,466.0,0.0,0.0,0.0,0.0,7
2023-05-09 23:13:09,cu2311C77000,cu2311C77000,480.0,0.0,0.0,0.0,2,338.0,3560.0,2,480.0,466.0,0.0,0.0,0.0,0.0,7
2023-05-09 23:13:10,cu2311C77000,cu2311C77000,480.0,0.0,0.0,0.0,2,338.0,3538.0,1,480.0,466.0,0.0,0.0,0.0,0.0,7
2023-05-09 23:13:10,cu2311C77000,cu2311C77000,480.0,0.0,0.0,0.0,2,338.0,3538.0,1,480.0,466.0,0.0,0.0,0.0,0.0,7
2023-05-09 23:13:11,cu2311C77000,cu2311C77000,480.0,0.0,0.0,0.0,2,338.0,3536.0,2,480.0,466.0,0.0,0.0,0.0,0.0,7
2023-05-09 23:13:11,cu2311C77000,cu2311C77000,480.0,0.0,0.0,0.0,2,338.0,3514.0,1,480.0,466.0,0.0,0.0,0.0,0.0,7
2023-05-09 23:13:12,cu2311C77000,cu2311C77000,480.0,0.0,0.0,0.0,2,338.0,3514.0,1,480.0,466.0,0.0,0.0,0.0,0.0,7
2023-05-09 23:13:12,cu2311C77000,cu2311C77000,480.0,0.0,0.0,0.0,2,338.0,3512.0,2,480.0,466.0,0.0,0.0,0.0,0.0,7
2023-05-09 23:13:13,cu2311C77000,cu2311C77000,480.0,0.0,0.0,0.0,2,338.0,3490.0,1,480.0,466.0,0.0,0.0,0.0,0.0,7
2023-05-09 23:13:13,cu2311C77000,cu2311C77000,480.0,0.0,0.0,0.0,2,338.0,3490.0,1,480.0,466.0,0.0,0.0,0.0,0.0,7
2023-05-09 23:13:14,cu2311C77000,cu2311C77000,480.0,0.0,0.0,0.0,2,338.0,3488.0,2,480.0,466.0,0.0,0.0,0.0,0.0,7
2023-05-09 23:13:14,cu2311C77000,cu2311C77000,480.0,0.0,0.0,0.0,2,338.0,3466.0,1,480.0,466.0,0.0,0.0,0.0,0.0,7
2023-05-09 23:13:15,cu2311C77000,cu2311C77000,480.0,0.0,0.0,0.0,2,338.0,3466.0,1,480.0,466.0,0.0,0.0,0.0,0.0,7
2023-05-09 23:13:16,cu2311C77000,cu2311C77000,480.0,0.0,0.0,0.0,2,338.0,3464.0,2,480.0,466.0,0.0,0.0,0.0,0.0,7
2023-05-09 23:13:16,cu2311C77000,cu2311C77000,480.0,0.0,0.0,0.0,2,338.0,3442.0,1,480.0,466.0,0.0,0.0,0.0,0.0,7
2023-05-09 23:13:18,cu2311C77000,cu2311C77000,480.0,0.0,0.0,0.0,2,338.0,3442.0,1,480.0,466.0,0.0,0.0,0.0,0.0,7
2023-05-09 23:13:19,cu2311C77000,cu2311C77000,480.0,0.0,0.0,0.0,2,338.0,3440.0,2,480.0,466.0,0.0,0.0,0.0,0.0,7
2023-05-09 23:13:19,cu2311C77000,cu2311C77000,480.0,0.0,0.0,0.0,2,338.0,3418.0,1,480.0,466.0,0.0,0.0,0.0,0.0,7
2023-05-09 23:13:20,cu2311C77000,cu2311C77000,480.0,0.0,0.0,0.0,2,338.0,3418.0,1,480.0,466.0,0.0,0.0,0.0,0.0,7
2023-05-09 23:13:20,cu2311C77000,cu2311C77000,480.0,0.0,0.0,0.0,2,338.0,3416.0,2,480.0,466.0,0.0,0.0,0.0,0.0,7
2023-05-09 23:13:21,cu2311C77000,cu2311C77000,480.0,0.0,0.0,0.0,2,338.0,3416.0,2,480.0,466.0,0.0,0.0,0.0,0.0,7
2023-05-09 23:13:21,cu2311C77000,cu2311C77000,480.0,0.0,0.0,0.0,2,338.0,3394.0,1,480.0,466.0,0.0,0.0,0.0,0.0,7
2023-05-09 23:13:22,cu2311C77000,cu2311C77000,480.0,0.0,0.0,0.0,2,338.0,3394.0,1,480.0,466.0,0.0,0.0,0.0,0.0,7
2023-05-09 23:13:22,cu2311C77000,cu2311C77000,480.0,0.0,0.0,0.0,2,338.0,3392.0,2,480.0,466.0,0.0,0.0,0.0,0.0,7
2023-05-09 23:13:23,cu2311C77000,cu2311C77000,480.0,0.0,0.0,0.0,2,338.0,3392.0,2,480.0,466.0,0.0,0.0,0.0,0.0,7
2023-05-09 23:13:23,cu2311C77000,cu2311C77000,480.0,0.0,0.0,0.0,2,338.0,3370.0,1,480.0,466.0,0.0,0.0,0.0,0.0,7
2023-05-09 23:13:24,cu2311C77000,cu2311C77000,480.0,0.0,0.0,0.0,2,338.0,3370.0,1,480.0,466.0,0.0,0.0,0.0,0.0,7
2023-05-09 23:13:24,cu2311C77000,cu2311C77000,480.0,0.0,0.0,0.0,2,338.0,3368.0,2,480.0,466.0,0.0,0.0,0.0,0.0,7
2023-05-09 23:13:25,cu2311C77000,cu2311C77000,480.0,0.0,0.0,0.0,2,338.0,3368.0,2,480.0,466.0,0.0,0.0,0.0,0.0,7
2023-05-09 23:13:25,cu2311C77000,cu2311C77000,480.0,0.0,0.0,0.0,2,338.0,3346.0,1,480.0,466.0,0.0,0.0,0.0,0.0,7
2023-05-09 23:13:26,cu2311C77000,cu2311C77000,480.0,0.0,0.0,0.0,2,338.0,3346.0,1,480.0,466.0,0.0,0.0,0.0,0.0,7
2023-05-09 23:13:26,cu2311C77000,cu2311C77000,480.0,0.0,0.0,0.0,2,338.0,3344.0,2,480.0,466.0,0.0,0.0,0.0,0.0,7
2023-05-09 23:13:27,cu2311C77000,cu2311C77000,480.0,0.0,0.0,0.0,2,338.0,3344.0,2,480.0,466.0,0.0,0.0,0.0,0.0,7
2023-05-09 23:13:27,cu2311C77000,cu2311C77000,480.0,0.0,0.0,0.0,2,338.0,3322.0,1,480.0,466.0,0.0,0.0,0.0,0.0,7
2023-05-09 23:13:28,cu2311C77000,cu2311C77000,480.0,0.0,0.0,0.0,2,338.0,3322.0,1,480.0,466.0,0.0,0.0,0.0,0.0,7
2023-05-09 23:13:28,cu2311C77000,cu2311C77000,480.0,0.0,0.0,0.0,2,338.0,3320.0,2,480.0,466.0,0.0,0.0,0.0,0.0,7
2023-05-09 23:13:29,cu2311C77000,cu2311C77000,480.0,0.0,0.0,0.0,2,338.0,3320.0,2,480.0,466.0,0.0,0.0,0.0,0.0,7
2023-05-09 23:13:29,cu2311C77000,cu2311C77000,480.0,0.0,0.0,0.0,2,338.0,3298.0,1,480.0,466.0,0.0,0.0,0.0,0.0,7
2023-05-09 23:13:30,cu2311C77000,cu2311C77000,480.0,0.0,0.0,0.0,2,338.0,3298.0,1,480.0,466.0,0.0,0.0,0.0,0.0,7
2023-05-09 23:13:30,cu2311C77000,cu2311C77000,480.0,0.0,0.0,0.0,2,338.0,3296.0,2,480.0,466.0,0.0,0.0,0.0,0.0,7
2023-05-09 23:13:31,cu2311C77000,cu2311C77000,480.0,0.0,0.0,0.0,2,338.0,3296.0,2,480.0,466.0,0.0,0.0,0.0,0.0,7
2023-05-09 23:13:31,cu2311C77000,cu2311C77000,480.0,0.0,0.0,0.0,2,338.0,3274.0,1,480.0,466.0,0.0,0.0,0.0,0.0,7
2023-05-09 23:13:32,cu2311C77000,cu2311C77000,480.0,0.0,0.0,0.0,2,338.0,3274.0,1,480.0,466.0,0.0,0.0,0.0,0.0,7
2023-05-09 23:13:32,cu2311C77000,cu2311C77000,480.0,0.0,0.0,0.0,2,338.0,3272.0,2,480.0,466.0,0.0,0.0,0.0,0.0,7
2023-05-09 23:13:33,cu2311C77000,cu2311C77000,480.0,0.0,0.0,0.0,2,338.0,3272.0,2,480.0,466.0,0.0,0.0,0.0,0.0,7
2023-05-09 23:13:33,cu2311C77000,cu2311C77000,480.0,0.0,0.0,0.0,2,338.0,3250.0,1,480.0,466.0,0.0,0.0,0.0,0.0,7
2023-05-09 23:13:34,cu2311C77000,cu2311C77000,480.0,0.0,0.0,0.0,2,338.0,3250.0,1,480.0,466.0,0.0,0.0,0.0,0.0,7
2023-05-09 23:13:34,cu2311C77000,cu2311C77000,480.0,0.0,0.0,0.0,2,338.0,3248.0,2,480.0,466.0,0.0,0.0,0.0,0.0,7
2023-05-09 23:13:35,cu2311C77000,cu2311C77000,480.0,0.0,0.0,0.0,2,338.0,3226.0,1,480.0,466.0,0.0,0.0,0.0,0.0,7
2023-05-09 23:13:35,cu2311C77000,cu2311C77000,480.0,0.0,0.0,0.0,2,338.0,3226.0,1,480.0,466.0,0.0,0.0,0.0,0.0,7
2023-05-09 23:13:36,cu2311C77000,cu2311C77000,480.0,0.0,0.0,0.0,2,338.0,3224.0,2,480.0,466.0,0.0,0.0,0.0,0.0,7
2023-05-09 23:13:36,cu2311C77000,cu2311C77000,480.0,0.0,0.0,0.0,2,338.0,3202.0,1,480.0,466.0,0.0,0.0,0.0,0.0,7
2023-05-09 23:13:37,cu2311C77000,cu2311C77000,480.0,0.0,0.0,0.0,2,338.0,3202.0,1,480.0,466.0,0.0,0.0,0.0,0.0,7
2023-05-09 23:13:37,cu2311C77000,cu2311C77000,480.0,0.0,0.0,0.0,2,338.0,3200.0,2,480.0,466.0,0.0,0.0,0.0,0.0,7
2023-05-09 23:13:38,cu2311C77000,cu2311C77000,480.0,0.0,0.0,0.0,2,338.0,3178.0,1,480.0,466.0,0.0,0.0,0.0,0.0,7
2023-05-09 23:13:41,cu2311C77000,cu2311C77000,480.0,0.0,0.0,0.0,2,338.0,3178.0,1,480.0,466.0,0.0,0.0,0.0,0.0,7
2023-05-09 23:13:41,cu2311C77000,cu2311C77000,480.0,0.0,0.0,0.0,2,338.0,3176.0,2,480.0,466.0,0.0,0.0,0.0,0.0,7
2023-05-09 23:13:42,cu2311C77000,cu2311C77000,480.0,0.0,0.0,0.0,2,338.0,3154.0,1,480.0,466.0,0.0,0.0,0.0,0.0,7
2023-05-09 23:13:42,cu2311C77000,cu2311C77000,480.0,0.0,0.0,0.0,2,338.0,3154.0,1,480.0,466.0,0.0,0.0,0.0,0.0,7
2023-05-09 23:13:43,cu2311C77000,cu2311C77000,480.0,0.0,0.0,0.0,2,338.0,3152.0,2,480.0,466.0,0.0,0.0,0.0,0.0,7
2023-05-09 23:13:43,cu2311C77000,cu2311C77000,480.0,0.0,0.0,0.0,2,338.0,3152.0,2,480.0,466.0,0.0,0.0,0.0,0.0,7
2023-05-09 23:13:44,cu2311C77000,cu2311C77000,480.0,0.0,0.0,0.0,2,338.0,3130.0,1,480.0,466.0,0.0,0.0,0.0,0.0,7
2023-05-09 23:13:44,cu2311C77000,cu2311C77000,480.0,0.0,0.0,0.0,2,338.0,3130.0,1,480.0,466.0,0.0,0.0,0.0,0.0,7
2023-05-09 23:13:45,cu2311C77000,cu2311C77000,480.0,0.0,0.0,0.0,2,338.0,3128.0,2,480.0,466.0,0.0,0.0,0.0,0.0,7
2023-05-09 23:13:45,cu2311C77000,cu2311C77000,480.0,0.0,0.0,0.0,2,338.0,3128.0,2,480.0,466.0,0.0,0.0,0.0,0.0,7
2023-05-09 23:13:46,cu2311C77000,cu2311C77000,480.0,0.0,0.0,0.0,2,338.0,3106.0,1,480.0,466.0,0.0,0.0,0.0,0.0,7
2023-05-09 23:13:46,cu2311C77000,cu2311C77000,480.0,0.0,0.0,0.0,2,338.0,3106.0,1,480.0,466.0,0.0,0.0,0.0,0.0,7
2023-05-09 23:13:47,cu2311C77000,cu2311C77000,480.0,0.0,0.0,0.0,2,338.0,3104.0,2,480.0,466.0,0.0,0.0,0.0,0.0,7
2023-05-09 23:13:47,cu2311C77000,cu2311C77000,480.0,0.0,0.0,0.0,2,338.0,3104.0,2,480.0,466.0,0.0,0.0,0.0,0.0,7
2023-05-09 23:13:48,cu2311C77000,cu2311C77000,480.0,0.0,0.0,0.0,2,338.0,3082.0,1,480.0,466.0,0.0,0.0,0.0,0.0,7
2023-05-09 23:13:48,cu2311C77000,cu2311C77000,480.0,0.0,0.0,0.0,2,338.0,3082.0,1,480.0,466.0,0.0,0.0,0.0,0.0,7
2023-05-09 23:13:49,cu2311C77000,cu2311C77000,480.0,0.0,0.0,0.0,2,338.0,3080.0,2,480.0,466.0,0.0,0.0,0.0,0.0,7
2023-05-09 23:13:49,cu2311C77000,cu2311C77000,480.0,0.0,0.0,0.0,2,338.0,3080.0,2,480.0,466.0,0.0,0.0,0.0,0.0,7
2023-05-09 23:13:50,cu2311C77000,cu2311C77000,480.0,0.0,0.0,0.0,2,338.0,3058.0,1,480.0,466.0,0.0,0.0,0.0,0.0,7
2023-05-09 23:13:50,cu2311C77000,cu2311C77000,480.0,0.0,0.0,0.0,2,338.0,3058.0,1,480.0,466.0,0.0,0.0,0.0,0.0,7
2023-05-09 23:13:51,cu2311C77000,cu2311C77000,480.0,0.0,0.0,0.0,2,338.0,3056.0,2,480.0,466.0,0.0,0.0,0.0,0.0,7
2023-05-09 23:13:51,cu2311C77000,cu2311C77000,480.0,0.0,0.0,0.0,2,338.0,3056.0,2,480.0,466.0,0.0,0.0,0.0,0.0,7
2023-05-09 23:13:52,cu2311C77000,cu2311C77000,480.0,0.0,0.0,0.0,2,338.0,3034.0,1,480.0,466.0,0.0,0.0,0.0,0.0,7
2023-05-09 23:13:53,cu2311C77000,cu2311C77000,480.0,0.0,0.0,0.0,2,338.0,3034.0,1,480.0,466.0,0.0,0.0,0.0,0.0,7
2023-05-09 23:13:53,cu2311C77000,cu2311C77000,480.0,0.0,0.0,0.0,2,338.0,3032.0,2,480.0,466.0,0.0,0.0,0.0,0.0,7
2023-05-09 23:13:54,cu2311C77000,cu2311C77000,480.0,0.0,0.0,0.0,2,338.0,3010.0,1,480.0,466.0,0.0,0.0,0.0,0.0,7
2023-05-09 23:13:54,cu2311C77000,cu2311C77000,480.0,0.0,0.0,0.0,2,338.0,3010.0,1,480.0,466.0,0.0,0.0,0.0,0.0,7
2023-05-09 23:13:55,cu2311C77000,cu2311C77000,480.0,0.0,0.0,0.0,2,338.0,3008.0,2,480.0,466.0,0.0,0.0,0.0,0.0,7
2023-05-09 23:13:55,cu2311C77000,cu2311C77000,480.0,0.0,0.0,0.0,2,338.0,2986.0,1,480.0,466.0,0.0,0.0,0.0,0.0,7
2023-05-09 23:14:00,cu2311C77000,cu2311C77000,480.0,0.0,0.0,0.0,2,338.0,2986.0,1,480.0,466.0,0.0,0.0,0.0,0.0,7
2023-05-09 23:14:00,cu2311C77000,cu2311C77000,480.0,0.0,0.0,0.0,2,338.0,2984.0,2,480.0,466.0,0.0,0.0,0.0,0.0,7
2023-05-09 23:14:01,cu2311C77000,cu2311C77000,480.0,0.0,0.0,0.0,2,338.0,2984.0,2,480.0,466.0,0.0,0.0,0.0,0.0,7
2023-05-09 23:14:01,cu2311C77000,cu2311C77000,480.0,0.0,0.0,0.0,2,338.0,2962.0,1,480.0,466.0,0.0,0.0,0.0,0.0,7
2023-05-09 23:14:02,cu2311C77000,cu2311C77000,480.0,0.0,0.0,0.0,2,338.0,2962.0,1,480.0,466.0,0.0,0.0,0.0,0.0,7
2023-05-09 23:14:02,cu2311C77000,cu2311C77000,480.0,0.0,0.0,0.0,2,338.0,2960.0,2,480.0,466.0,0.0,0.0,0.0,0.0,7
2023-05-09 23:14:03,cu2311C77000,cu2311C77000,480.0,0.0,0.0,0.0,2,338.0,2960.0,2,480.0,466.0,0.0,0.0,0.0,0.0,7
2023-05-09 23:14:03,cu2311C77000,cu2311C77000,480.0,0.0,0.0,0.0,2,338.0,2938.0,1,480.0,466.0,0.0,0.0,0.0,0.0,7
2023-05-09 23:14:04,cu2311C77000,cu2311C77000,480.0,0.0,0.0,0.0,2,338.0,2938.0,1,480.0,466.0,0.0,0.0,0.0,0.0,7
2023-05-09 23:14:04,cu2311C77000,cu2311C77000,480.0,0.0,0.0,0.0,2,338.0,2936.0,2,480.0,466.0,0.0,0.0,0.0,0.0,7
2023-05-09 23:14:05,cu2311C77000,cu2311C77000,480.0,0.0,0.0,0.0,2,338.0,2936.0,2,480.0,466.0,0.0,0.0,0.0,0.0,7
2023-05-09 23:14:05,cu2311C77000,cu2311C77000,480.0,0.0,0.0,0.0,2,338.0,2914.0,1,480.0,466.0,0.0,0.0,0.0,0.0,7
2023-05-09 23:14:06,cu2311C77000,cu2311C77000,480.0,0.0,0.0,0.0,2,338.0,2914.0,1,480.0,466.0,0.0,0.0,0.0,0.0,7
2023-05-09 23:14:06,cu2311C77000,cu2311C77000,480.0,0.0,0.0,0.0,2,338.0,2912.0,2,480.0,466.0,0.0,0.0,0.0,0.0,7
2023-05-09 23:14:07,cu2311C77000,cu2311C77000,480.0,0.0,0.0,0.0,2,338.0,2912.0,2,480.0,466.0,0.0,0.0,0.0,0.0,7
2023-05-09 23:14:07,cu2311C77000,cu2311C77000,480.0,0.0,0.0,0.0,2,338.0,2890.0,1,480.0,466.0,0.0,0.0,0.0,0.0,7
2023-05-09 23:14:08,cu2311C77000,cu2311C77000,480.0,0.0,0.0,0.0,2,338.0,2890.0,1,480.0,466.0,0.0,0.0,0.0,0.0,7
2023-05-09 23:14:08,cu2311C77000,cu2311C77000,480.0,0.0,0.0,0.0,2,338.0,2888.0,2,480.0,466.0,0.0,0.0,0.0,0.0,7
2023-05-09 23:14:09,cu2311C77000,cu2311C77000,480.0,0.0,0.0,0.0,2,338.0,2866.0,1,480.0,466.0,0.0,0.0,0.0,0.0,7
2023-05-09 23:14:09,cu2311C77000,cu2311C77000,480.0,0.0,0.0,0.0,2,338.0,2866.0,1,480.0,466.0,0.0,0.0,0.0,0.0,7
2023-05-09 23:14:10,cu2311C77000,cu2311C77000,480.0,0.0,0.0,0.0,2,338.0,2864.0,2,480.0,466.0,0.0,0.0,0.0,0.0,7
2023-05-09 23:14:10,cu2311C77000,cu2311C77000,480.0,0.0,0.0,0.0,2,338.0,2842.0,1,480.0,466.0,0.0,0.0,0.0,0.0,7
2023-05-09 23:14:11,cu2311C77000,cu2311C77000,480.0,0.0,0.0,0.0,2,338.0,2842.0,1,480.0,466.0,0.0,0.0,0.0,0.0,7
2023-05-09 23:14:11,cu2311C77000,cu2311C77000,480.0,0.0,0.0,0.0,2,338.0,2840.0,2,480.0,466.0,0.0,0.0,0.0,0.0,7
2023-05-09 23:14:12,cu2311C77000,cu2311C77000,480.0,0.0,0.0,0.0,2,338.0,2818.0,1,480.0,466.0,0.0,0.0,0.0,0.0,7
2023-05-09 23:14:13,cu2311C77000,cu2311C77000,480.0,0.0,0.0,0.0,2,338.0,2818.0,1,480.0,466.0,0.0,0.0,0.0,0.0,7
2023-05-09 23:14:13,cu2311C77000,cu2311C77000,480.0,0.0,0.0,0.0,2,338.0,2816.0,2,480.0,466.0,0.0,0.0,0.0,0.0,7
2023-05-09 23:14:14,cu2311C77000,cu2311C77000,480.0,0.0,0.0,0.0,2,338.0,2794.0,1,480.0,466.0,0.0,0.0,0.0,0.0,7
2023-05-09 23:14:14,cu2311C77000,cu2311C77000,480.0,0.0,0.0,0.0,2,338.0,2794.0,1,480.0,466.0,0.0,0.0,0.0,0.0,7
2023-05-09 23:14:15,cu2311C77000,cu2311C77000,480.0,0.0,0.0,0.0,2,338.0,2792.0,2,480.0,466.0,0.0,0.0,0.0,0.0,7
2023-05-09 23:14:15,cu2311C77000,cu2311C77000,480.0,0.0,0.0,0.0,2,338.0,2770.0,1,480.0,466.0,0.0,0.0,0.0,0.0,7
2023-05-09 23:14:16,cu2311C77000,cu2311C77000,480.0,0.0,0.0,0.0,2,338.0,2770.0,1,480.0,466.0,0.0,0.0,0.0,0.0,7
2023-05-09 23:14:16,cu2311C77000,cu2311C77000,480.0,0.0,0.0,0.0,2,338.0,2768.0,2,480.0,466.0,0.0,0.0,0.0,0.0,7
2023-05-09 23:14:17,cu2311C77000,cu2311C77000,480.0,0.0,0.0,0.0,2,338.0,2746.0,1,480.0,466.0,0.0,0.0,0.0,0.0,7
2023-05-09 23:14:18,cu2311C77000,cu2311C77000,480.0,0.0,0.0,0.0,2,338.0,2746.0,1,480.0,466.0,0.0,0.0,0.0,0.0,7
2023-05-09 23:14:19,cu2311C77000,cu2311C77000,480.0,0.0,0.0,0.0,2,338.0,2744.0,2,480.0,466.0,0.0,0.0,0.0,0.0,7
2023-05-09 23:14:19,cu2311C77000,cu2311C77000,480.0,0.0,0.0,0.0,2,338.0,2722.0,1,480.0,466.0,0.0,0.0,0.0,0.0,7
2023-05-09 23:14:21,cu2311C77000,cu2311C77000,480.0,0.0,0.0,0.0,2,338.0,2722.0,1,480.0,466.0,0.0,0.0,0.0,0.0,7
2023-05-09 23:14:21,cu2311C77000,cu2311C77000,480.0,0.0,0.0,0.0,2,338.0,2720.0,2,480.0,466.0,0.0,0.0,0.0,0.0,7
2023-05-09 23:14:22,cu2311C77000,cu2311C77000,480.0,0.0,0.0,0.0,2,338.0,2698.0,1,480.0,466.0,0.0,0.0,0.0,0.0,7
2023-05-09 23:14:22,cu2311C77000,cu2311C77000,480.0,0.0,0.0,0.0,2,338.0,2698.0,1,480.0,466.0,0.0,0.0,0.0,0.0,7
2023-05-09 23:14:23,cu2311C77000,cu2311C77000,480.0,0.0,0.0,0.0,2,338.0,2696.0,2,480.0,466.0,0.0,0.0,0.0,0.0,7
2023-05-09 23:14:23,cu2311C77000,cu2311C77000,480.0,0.0,0.0,0.0,2,338.0,2696.0,2,480.0,466.0,0.0,0.0,0.0,0.0,7
2023-05-09 23:14:24,cu2311C77000,cu2311C77000,480.0,0.0,0.0,0.0,2,338.0,2674.0,1,480.0,466.0,0.0,0.0,0.0,0.0,7
2023-05-09 23:14:24,cu2311C77000,cu2311C77000,480.0,0.0,0.0,0.0,2,338.0,2674.0,1,480.0,466.0,0.0,0.0,0.0,0.0,7
2023-05-09 23:14:25,cu2311C77000,cu2311C77000,480.0,0.0,0.0,0.0,2,338.0,2672.0,2,480.0,466.0,0.0,0.0,0.0,0.0,7
2023-05-09 23:14:25,cu2311C77000,cu2311C77000,480.0,0.0,0.0,0.0,2,338.0,2672.0,2,480.0,466.0,0.0,0.0,0.0,0.0,7
2023-05-09 23:14:26,cu2311C77000,cu2311C77000,480.0,0.0,0.0,0.0,2,338.0,2650.0,1,480.0,466.0,0.0,0.0,0.0,0.0,7
2023-05-09 23:14:26,cu2311C77000,cu2311C77000,480.0,0.0,0.0,0.0,2,338.0,2650.0,1,480.0,466.0,0.0,0.0,0.0,0.0,7
2023-05-09 23:14:27,cu2311C77000,cu2311C77000,480.0,0.0,0.0,0.0,2,338.0,2648.0,2,480.0,466.0,0.0,0.0,0.0,0.0,7
2023-05-09 23:14:27,cu2311C77000,cu2311C77000,480.0,0.0,0.0,0.0,2,338.0,2648.0,2,480.0,466.0,0.0,0.0,0.0,0.0,7
2023-05-09 23:14:28,cu2311C77000,cu2311C77000,480.0,0.0,0.0,0.0,2,338.0,2626.0,1,480.0,466.0,0.0,0.0,0.0,0.0,7
2023-05-09 23:14:35,cu2311C77000,cu2311C77000,480.0,0.0,0.0,0.0,2,338.0,2626.0,1,480.0,466.0,0.0,0.0,0.0,0.0,7
2023-05-09 23:14:36,cu2311C77000,cu2311C77000,480.0,0.0,0.0,0.0,2,338.0,2624.0,2,480.0,466.0,0.0,0.0,0.0,0.0,7
2023-05-09 23:14:36,cu2311C77000,cu2311C77000,480.0,0.0,0.0,0.0,2,338.0,2602.0,1,480.0,466.0,0.0,0.0,0.0,0.0,7
2023-05-09 23:14:40,cu2311C77000,cu2311C77000,480.0,0.0,0.0,0.0,2,338.0,2602.0,1,480.0,466.0,0.0,0.0,0.0,0.0,7
2023-05-09 23:14:40,cu2311C77000,cu2311C77000,480.0,0.0,0.0,0.0,2,338.0,2600.0,2,480.0,466.0,0.0,0.0,0.0,0.0,7
2023-05-09 23:14:41,cu2311C77000,cu2311C77000,480.0,0.0,0.0,0.0,2,338.0,2578.0,1,480.0,466.0,0.0,0.0,0.0,0.0,7
2023-05-09 23:14:41,cu2311C77000,cu2311C77000,480.0,0.0,0.0,0.0,2,338.0,2578.0,1,480.0,466.0,0.0,0.0,0.0,0.0,7
2023-05-09 23:14:42,cu2311C77000,cu2311C77000,480.0,0.0,0.0,0.0,2,338.0,2576.0,2,480.0,466.0,0.0,0.0,0.0,0.0,7
2023-05-09 23:14:42,cu2311C77000,cu2311C77000,480.0,0.0,0.0,0.0,2,338.0,2554.0,1,480.0,466.0,0.0,0.0,0.0,0.0,7
2023-05-09 23:14:43,cu2311C77000,cu2311C77000,480.0,0.0,0.0,0.0,2,338.0,2554.0,1,480.0,466.0,0.0,0.0,0.0,0.0,7
2023-05-09 23:14:43,cu2311C77000,cu2311C77000,480.0,0.0,0.0,0.0,2,338.0,2552.0,2,480.0,466.0,0.0,0.0,0.0,0.0,7
2023-05-09 23:14:44,cu2311C77000,cu2311C77000,480.0,0.0,0.0,0.0,2,338.0,2552.0,2,480.0,466.0,0.0,0.0,0.0,0.0,7
2023-05-09 23:14:44,cu2311C77000,cu2311C77000,480.0,0.0,0.0,0.0,2,338.0,2530.0,1,480.0,466.0,0.0,0.0,0.0,0.0,7
2023-05-09 23:14:49,cu2311C77000,cu2311C77000,480.0,0.0,0.0,0.0,2,338.0,2530.0,1,480.0,466.0,0.0,0.0,0.0,0.0,7
2023-05-09 23:14:50,cu2311C77000,cu2311C77000,480.0,0.0,0.0,0.0,2,338.0,2528.0,2,480.0,466.0,0.0,0.0,0.0,0.0,7
2023-05-09 23:14:50,cu2311C77000,cu2311C77000,480.0,0.0,0.0,0.0,2,338.0,2506.0,1,480.0,466.0,0.0,0.0,0.0,0.0,7
2023-05-09 23:14:51,cu2311C77000,cu2311C77000,480.0,0.0,0.0,0.0,2,338.0,2506.0,1,480.0,466.0,0.0,0.0,0.0,0.0,7
2023-05-09 23:14:51,cu2311C77000,cu2311C77000,480.0,0.0,0.0,0.0,2,338.0,2504.0,2,480.0,466.0,0.0,0.0,0.0,0.0,7
2023-05-09 23:14:52,cu2311C77000,cu2311C77000,480.0,0.0,0.0,0.0,2,338.0,2482.0,1,480.0,466.0,0.0,0.0,0.0,0.0,7
2023-05-09 23:14:52,cu2311C77000,cu2311C77000,480.0,0.0,0.0,0.0,2,338.0,2482.0,1,480.0,466.0,0.0,0.0,0.0,0.0,7
2023-05-09 23:14:53,cu2311C77000,cu2311C77000,480.0,0.0,0.0,0.0,2,338.0,2480.0,2,480.0,466.0,0.0,0.0,0.0,0.0,7
2023-05-09 23:14:53,cu2311C77000,cu2311C77000,480.0,0.0,0.0,0.0,2,338.0,2458.0,1,480.0,466.0,0.0,0.0,0.0,0.0,7
2023-05-09 23:14:54,cu2311C77000,cu2311C77000,480.0,0.0,0.0,0.0,2,338.0,2458.0,1,480.0,466.0,0.0,0.0,0.0,0.0,7
2023-05-09 23:14:54,cu2311C77000,cu2311C77000,480.0,0.0,0.0,0.0,2,338.0,2456.0,2,480.0,466.0,0.0,0.0,0.0,0.0,7
2023-05-09 23:14:55,cu2311C77000,cu2311C77000,480.0,0.0,0.0,0.0,2,338.0,2434.0,1,480.0,466.0,0.0,0.0,0.0,0.0,7
2023-05-09 23:14:55,cu2311C77000,cu2311C77000,480.0,0.0,0.0,0.0,2,338.0,2434.0,1,480.0,466.0,0.0,0.0,0.0,0.0,7
2023-05-09 23:14:56,cu2311C77000,cu2311C77000,480.0,0.0,0.0,0.0,2,338.0,2432.0,2,480.0,466.0,0.0,0.0,0.0,0.0,7
2023-05-09 23:14:56,cu2311C77000,cu2311C77000,480.0,0.0,0.0,0.0,2,338.0,2410.0,1,480.0,466.0,0.0,0.0,0.0,0.0,7
2023-05-09 23:14:57,cu2311C77000,cu2311C77000,480.0,0.0,0.0,0.0,2,338.0,2410.0,1,480.0,466.0,0.0,0.0,0.0,0.0,7
2023-05-09 23:14:57,cu2311C77000,cu2311C77000,480.0,0.0,0.0,0.0,2,338.0,2408.0,2,480.0,466.0,0.0,0.0,0.0,0.0,7
2023-05-09 23:14:58,cu2311C77000,cu2311C77000,480.0,0.0,0.0,0.0,2,338.0,2386.0,1,480.0,466.0,0.0,0.0,0.0,0.0,7
2023-05-09 23:14:58,cu2311C77000,cu2311C77000,480.0,0.0,0.0,0.0,2,338.0,2386.0,1,480.0,466.0,0.0,0.0,0.0,0.0,7
2023-05-09 23:14:59,cu2311C77000,cu2311C77000,480.0,0.0,0.0,0.0,2,338.0,2384.0,2,480.0,466.0,0.0,0.0,0.0,0.0,7
2023-05-09 23:14:59,cu2311C77000,cu2311C77000,480.0,0.0,0.0,0.0,2,338.0,2362.0,1,480.0,466.0,0.0,0.0,0.0,0.0,7
2023-05-09 23:15:00,cu2311C77000,cu2311C77000,480.0,0.0,0.0,0.0,2,338.0,2362.0,1,480.0,466.0,0.0,0.0,0.0,0.0,7
2023-05-09 23:15:00,cu2311C77000,cu2311C77000,480.0,0.0,0.0,0.0,2,338.0,2360.0,2,480.0,466.0,0.0,0.0,0.0,0.0,7
2023-05-09 23:15:01,cu2311C77000,cu2311C77000,480.0,0.0,0.0,0.0,2,338.0,2338.0,1,480.0,466.0,0.0,0.0,0.0,0.0,7
2023-05-09 23:15:01,cu2311C77000,cu2311C77000,480.0,0.0,0.0,0.0,2,338.0,2338.0,1,480.0,466.0,0.0,0.0,0.0,0.0,7
2023-05-09 23:15:02,cu2311C77000,cu2311C77000,480.0,0.0,0.0,0.0,2,338.0,2336.0,2,480.0,466.0,0.0,0.0,0.0,0.0,7
2023-05-09 23:15:02,cu2311C77000,cu2311C77000,480.0,0.0,0.0,0.0,2,338.0,2336.0,2,480.0,466.0,0.0,0.0,0.0,0.0,7
2023-05-09 23:15:03,cu2311C77000,cu2311C77000,480.0,0.0,0.0,0.0,2,338.0,2314.0,1,480.0,466.0,0.0,0.0,0.0,0.0,7
2023-05-09 23:15:03,cu2311C77000,cu2311C77000,480.0,0.0,0.0,0.0,2,338.0,2314.0,1,480.0,466.0,0.0,0.0,0.0,0.0,7
2023-05-09 23:15:04,cu2311C77000,cu2311C77000,480.0,0.0,0.0,0.0,2,338.0,2312.0,2,480.0,466.0,0.0,0.0,0.0,0.0,7
2023-05-09 23:15:04,cu2311C77000,cu2311C77000,480.0,0.0,0.0,0.0,2,338.0,2312.0,2,480.0,466.0,0.0,0.0,0.0,0.0,7
2023-05-09 23:15:05,cu2311C77000,cu2311C77000,480.0,0.0,0.0,0.0,2,338.0,2290.0,1,480.0,466.0,0.0,0.0,0.0,0.0,7
2023-05-09 23:15:05,cu2311C77000,cu2311C77000,480.0,0.0,0.0,0.0,2,338.0,2290.0,1,480.0,466.0,0.0,0.0,0.0,0.0,7
2023-05-09 23:15:06,cu2311C77000,cu2311C77000,480.0,0.0,0.0,0.0,2,338.0,2288.0,2,480.0,466.0,0.0,0.0,0.0,0.0,7
2023-05-09 23:15:06,cu2311C77000,cu2311C77000,480.0,0.0,0.0,0.0,2,338.0,2288.0,2,480.0,466.0,0.0,0.0,0.0,0.0,7
2023-05-09 23:15:07,cu2311C77000,cu2311C77000,480.0,0.0,0.0,0.0,2,338.0,2266.0,1,480.0,466.0,0.0,0.0,0.0,0.0,7
2023-05-09 23:15:07,cu2311C77000,cu2311C77000,480.0,0.0,0.0,0.0,2,338.0,2266.0,1,480.0,466.0,0.0,0.0,0.0,0.0,7
2023-05-09 23:15:08,cu2311C77000,cu2311C77000,480.0,0.0,0.0,0.0,2,338.0,2264.0,2,480.0,466.0,0.0,0.0,0.0,0.0,7
2023-05-09 23:15:08,cu2311C77000,cu2311C77000,480.0,0.0,0.0,0.0,2,338.0,2242.0,1,480.0,466.0,0.0,0.0,0.0,0.0,7
2023-05-09 23:15:09,cu2311C77000,cu2311C77000,480.0,0.0,0.0,0.0,2,338.0,2242.0,1,480.0,466.0,0.0,0.0,0.0,0.0,7
2023-05-09 23:15:09,cu2311C77000,cu2311C77000,480.0,0.0,0.0,0.0,2,338.0,2240.0,2,480.0,466.0,0.0,0.0,0.0,0.0,7
2023-05-09 23:15:10,cu2311C77000,cu2311C77000,480.0,0.0,0.0,0.0,2,338.0,2218.0,1,480.0,466.0,0.0,0.0,0.0,0.0,7
2023-05-09 23:15:10,cu2311C77000,cu2311C77000,480.0,0.0,0.0,0.0,2,338.0,2218.0,1,480.0,466.0,0.0,0.0,0.0,0.0,7
2023-05-09 23:15:11,cu2311C77000,cu2311C77000,480.0,0.0,0.0,0.0,2,338.0,2216.0,2,480.0,466.0,0.0,0.0,0.0,0.0,7
2023-05-09 23:15:11,cu2311C77000,cu2311C77000,480.0,0.0,0.0,0.0,2,338.0,2194.0,1,480.0,466.0,0.0,0.0,0.0,0.0,7
2023-05-09 23:15:13,cu2311C77000,cu2311C77000,480.0,0.0,0.0,0.0,2,338.0,2194.0,1,480.0,466.0,0.0,0.0,0.0,0.0,7
2023-05-09 23:15:14,cu2311C77000,cu2311C77000,480.0,0.0,0.0,0.0,2,338.0,2192.0,2,480.0,466.0,0.0,0.0,0.0,0.0,7
2023-05-09 23:15:14,cu2311C77000,cu2311C77000,480.0,0.0,0.0,0.0,2,338.0,2170.0,1,480.0,466.0,0.0,0.0,0.0,0.0,7
2023-05-09 23:15:18,cu2311C77000,cu2311C77000,480.0,0.0,0.0,0.0,2,338.0,2170.0,1,480.0,466.0,0.0,0.0,0.0,0.0,7
2023-05-09 23:15:19,cu2311C77000,cu2311C77000,480.0,0.0,0.0,0.0,2,338.0,2168.0,2,480.0,466.0,0.0,0.0,0.0,0.0,7
2023-05-09 23:15:19,cu2311C77000,cu2311C77000,480.0,0.0,0.0,0.0,2,338.0,2146.0,1,480.0,466.0,0.0,0.0,0.0,0.0,7
2023-05-09 23:15:20,cu2311C77000,cu2311C77000,480.0,0.0,0.0,0.0,2,338.0,2146.0,1,480.0,466.0,0.0,0.0,0.0,0.0,7
2023-05-09 23:15:20,cu2311C77000,cu2311C77000,480.0,0.0,0.0,0.0,2,338.0,2144.0,2,480.0,466.0,0.0,0.0,0.0,0.0,7
2023-05-09 23:15:21,cu2311C77000,cu2311C77000,480.0,0.0,0.0,0.0,2,338.0,2144.0,2,480.0,466.0,0.0,0.0,0.0,0.0,7
2023-05-09 23:15:21,cu2311C77000,cu2311C77000,480.0,0.0,0.0,0.0,2,338.0,2122.0,1,480.0,466.0,0.0,0.0,0.0,0.0,7
2023-05-09 23:15:22,cu2311C77000,cu2311C77000,480.0,0.0,0.0,0.0,2,338.0,2122.0,1,480.0,466.0,0.0,0.0,0.0,0.0,7
2023-05-09 23:15:22,cu2311C77000,cu2311C77000,480.0,0.0,0.0,0.0,2,338.0,2120.0,2,480.0,466.0,0.0,0.0,0.0,0.0,7
2023-05-09 23:15:23,cu2311C77000,cu2311C77000,480.0,0.0,0.0,0.0,2,338.0,2120.0,2,480.0,466.0,0.0,0.0,0.0,0.0,7
2023-05-09 23:15:23,cu2311C77000,cu2311C77000,480.0,0.0,0.0,0.0,2,338.0,2098.0,1,480.0,466.0,0.0,0.0,0.0,0.0,7
2023-05-09 23:15:28,cu2311C77000,cu2311C77000,480.0,0.0,0.0,0.0,2,338.0,2098.0,1,480.0,466.0,0.0,0.0,0.0,0.0,7
2023-05-09 23:15:29,cu2311C77000,cu2311C77000,480.0,0.0,0.0,0.0,2,338.0,2096.0,2,480.0,466.0,0.0,0.0,0.0,0.0,7
2023-05-09 23:15:29,cu2311C77000,cu2311C77000,480.0,0.0,0.0,0.0,2,338.0,2074.0,1,480.0,466.0,0.0,0.0,0.0,0.0,7
2023-05-09 23:15:30,cu2311C77000,cu2311C77000,480.0,0.0,0.0,0.0,2,338.0,2074.0,1,480.0,466.0,0.0,0.0,0.0,0.0,7
2023-05-09 23:15:30,cu2311C77000,cu2311C77000,480.0,0.0,0.0,0.0,2,338.0,2072.0,2,480.0,466.0,0.0,0.0,0.0,0.0,7
2023-05-09 23:15:31,cu2311C77000,cu2311C77000,480.0,0.0,0.0,0.0,2,338.0,2050.0,1,480.0,466.0,0.0,0.0,0.0,0.0,7
2023-05-09 23:15:31,cu2311C77000,cu2311C77000,480.0,0.0,0.0,0.0,2,338.0,2050.0,1,480.0,466.0,0.0,0.0,0.0,0.0,7
2023-05-09 23:15:32,cu2311C77000,cu2311C77000,480.0,0.0,0.0,0.0,2,338.0,2048.0,2,480.0,466.0,0.0,0.0,0.0,0.0,7
2023-05-09 23:15:32,cu2311C77000,cu2311C77000,480.0,0.0,0.0,0.0,2,338.0,2026.0,1,480.0,466.0,0.0,0.0,0.0,0.0,7
2023-05-09 23:15:35,cu2311C77000,cu2311C77000,480.0,0.0,0.0,0.0,2,338.0,2026.0,1,480.0,466.0,0.0,0.0,0.0,0.0,7
2023-05-09 23:15:35,cu2311C77000,cu2311C77000,480.0,0.0,0.0,0.0,2,338.0,2024.0,2,480.0,466.0,0.0,0.0,0.0,0.0,7
2023-05-09 23:15:36,cu2311C77000,cu2311C77000,480.0,0.0,0.0,0.0,2,338.0,2002.0,1,480.0,466.0,0.0,0.0,0.0,0.0,7
2023-05-09 23:15:37,cu2311C77000,cu2311C77000,480.0,0.0,0.0,0.0,2,338.0,2002.0,1,480.0,466.0,0.0,0.0,0.0,0.0,7
2023-05-09 23:15:38,cu2311C77000,cu2311C77000,480.0,0.0,0.0,0.0,2,338.0,2000.0,2,480.0,466.0,0.0,0.0,0.0,0.0,7
2023-05-09 23:15:38,cu2311C77000,cu2311C77000,480.0,0.0,0.0,0.0,2,338.0,2000.0,2,480.0,466.0,0.0,0.0,0.0,0.0,7
2023-05-09 23:15:39,cu2311C77000,cu2311C77000,480.0,0.0,0.0,0.0,2,338.0,1978.0,1,480.0,466.0,0.0,0.0,0.0,0.0,7
2023-05-09 23:15:39,cu2311C77000,cu2311C77000,480.0,0.0,0.0,0.0,2,338.0,1978.0,1,480.0,466.0,0.0,0.0,0.0,0.0,7
2023-05-09 23:15:40,cu2311C77000,cu2311C77000,480.0,0.0,0.0,0.0,2,338.0,1976.0,2,480.0,466.0,0.0,0.0,0.0,0.0,7
2023-05-09 23:15:40,cu2311C77000,cu2311C77000,480.0,0.0,0.0,0.0,2,338.0,1976.0,2,480.0,466.0,0.0,0.0,0.0,0.0,7
2023-05-09 23:15:41,cu2311C77000,cu2311C77000,480.0,0.0,0.0,0.0,2,338.0,1954.0,1,480.0,466.0,0.0,0.0,0.0,0.0,7
2023-05-09 23:15:41,cu2311C77000,cu2311C77000,480.0,0.0,0.0,0.0,2,338.0,1954.0,1,480.0,466.0,0.0,0.0,0.0,0.0,7
2023-05-09 23:15:42,cu2311C77000,cu2311C77000,480.0,0.0,0.0,0.0,2,338.0,1952.0,2,480.0,466.0,0.0,0.0,0.0,0.0,7
2023-05-09 23:15:42,cu2311C77000,cu2311C77000,480.0,0.0,0.0,0.0,2,338.0,1952.0,2,480.0,466.0,0.0,0.0,0.0,0.0,7
2023-05-09 23:15:43,cu2311C77000,cu2311C77000,480.0,0.0,0.0,0.0,2,338.0,1930.0,1,480.0,466.0,0.0,0.0,0.0,0.0,7
2023-05-09 23:15:43,cu2311C77000,cu2311C77000,480.0,0.0,0.0,0.0,2,338.0,1930.0,1,480.0,466.0,0.0,0.0,0.0,0.0,7
2023-05-09 23:15:44,cu2311C77000,cu2311C77000,480.0,0.0,0.0,0.0,2,338.0,1928.0,2,480.0,466.0,0.0,0.0,0.0,0.0,7
2023-05-09 23:15:44,cu2311C77000,cu2311C77000,480.0,0.0,0.0,0.0,2,338.0,1928.0,2,480.0,466.0,0.0,0.0,0.0,0.0,7
2023-05-09 23:15:45,cu2311C77000,cu2311C77000,480.0,0.0,0.0,0.0,2,338.0,1906.0,1,480.0,466.0,0.0,0.0,0.0,0.0,7
2023-05-09 23:15:45,cu2311C77000,cu2311C77000,480.0,0.0,0.0,0.0,2,338.0,1906.0,1,480.0,466.0,0.0,0.0,0.0,0.0,7
2023-05-09 23:15:46,cu2311C77000,cu2311C77000,480.0,0.0,0.0,0.0,2,338.0,1904.0,2,480.0,466.0,0.0,0.0,0.0,0.0,7
2023-05-09 23:15:46,cu2311C77000,cu2311C77000,480.0,0.0,0.0,0.0,2,338.0,1904.0,2,480.0,466.0,0.0,0.0,0.0,0.0,7
2023-05-09 23:15:47,cu2311C77000,cu2311C77000,480.0,0.0,0.0,0.0,2,338.0,1882.0,1,480.0,466.0,0.0,0.0,0.0,0.0,7
2023-05-09 23:15:47,cu2311C77000,cu2311C77000,480.0,0.0,0.0,0.0,2,338.0,1882.0,1,480.0,466.0,0.0,0.0,0.0,0.0,7
2023-05-09 23:15:48,cu2311C77000,cu2311C77000,480.0,0.0,0.0,0.0,2,338.0,1880.0,2,480.0,466.0,0.0,0.0,0.0,0.0,7
2023-05-09 23:15:48,cu2311C77000,cu2311C77000,480.0,0.0,0.0,0.0,2,338.0,1880.0,2,480.0,466.0,0.0,0.0,0.0,0.0,7
2023-05-09 23:43:53,cu2311C77000,cu2311C77000,480.0,0.0,0.0,0.0,1,340.0,1880.0,2,480.0,466.0,0.0,0.0,0.0,0.0,7
2023-05-09 23:43:53,cu2311C77000,cu2311C77000,480.0,0.0,0.0,0.0,1,340.0,1880.0,2,480.0,466.0,0.0,0.0,0.0,0.0,7
2023-05-09 23:43:54,cu2311C77000,cu2311C77000,480.0,0.0,0.0,0.0,2,342.0,1880.0,2,480.0,466.0,0.0,0.0,0.0,0.0,7
2023-05-09 23:43:54,cu2311C77000,cu2311C77000,480.0,0.0,0.0,0.0,2,342.0,1880.0,2,480.0,466.0,0.0,0.0,0.0,0.0,7
2023-05-09 23:43:57,cu2311C77000,cu2311C77000,480.0,0.0,0.0,0.0,1,356.0,1880.0,2,480.0,466.0,0.0,0.0,0.0,0.0,7
2023-05-09 23:43:58,cu2311C77000,cu2311C77000,480.0,0.0,0.0,0.0,1,356.0,1880.0,2,480.0,466.0,0.0,0.0,0.0,0.0,7
2023-05-09 23:43:58,cu2311C77000,cu2311C77000,480.0,0.0,0.0,0.0,3,356.0,1880.0,2,480.0,466.0,0.0,0.0,0.0,0.0,7
2023-05-09 23:44:00,cu2311C77000,cu2311C77000,480.0,0.0,0.0,0.0,3,356.0,1880.0,2,480.0,466.0,0.0,0.0,0.0,0.0,7
2023-05-09 23:44:01,cu2311C77000,cu2311C77000,480.0,0.0,0.0,0.0,4,356.0,1880.0,3,480.0,466.0,0.0,0.0,0.0,0.0,7
2023-05-09 23:44:02,cu2311C77000,cu2311C77000,480.0,0.0,0.0,0.0,1,440.0,466.0,1,480.0,466.0,0.0,0.0,0.0,0.0,7
2023-05-09 23:44:02,cu2311C77000,cu2311C77000,480.0,0.0,0.0,0.0,2,440.0,466.0,2,480.0,466.0,0.0,0.0,0.0,0.0,7
2023-05-09 23:44:03,cu2311C77000,cu2311C77000,480.0,0.0,0.0,0.0,3,440.0,466.0,2,480.0,466.0,0.0,0.0,0.0,0.0,7
2023-05-09 23:44:04,cu2311C77000,cu2311C77000,480.0,0.0,0.0,0.0,4,440.0,466.0,3,480.0,466.0,0.0,0.0,0.0,0.0,7
2023-05-09 23:44:10,cu2311C77000,cu2311C77000,480.0,0.0,0.0,0.0,4,440.0,466.0,3,480.0,466.0,0.0,0.0,0.0,0.0,7
2023-05-09 23:44:11,cu2311C77000,cu2311C77000,480.0,0.0,0.0,0.0,4,440.0,466.0,3,480.0,466.0,0.0,0.0,0.0,0.0,7
2023-05-09 23:44:13,cu2311C77000,cu2311C77000,480.0,0.0,0.0,0.0,3,440.0,466.0,2,480.0,466.0,0.0,0.0,0.0,0.0,7
2023-05-09 23:44:13,cu2311C77000,cu2311C77000,480.0,0.0,0.0,0.0,2,440.0,466.0,1,480.0,466.0,0.0,0.0,0.0,0.0,7
2023-05-09 23:44:14,cu2311C77000,cu2311C77000,480.0,0.0,0.0,0.0,1,440.0,466.0,1,480.0,466.0,0.0,0.0,0.0,0.0,7
2023-05-09 23:44:14,cu2311C77000,cu2311C77000,480.0,0.0,0.0,0.0,1,12.0,0.0,0,480.0,466.0,0.0,0.0,0.0,0.0,7
2023-05-09 23:44:15,cu2311C77000,cu2311C77000,480.0,0.0,0.0,0.0,1,38.0,0.0,0,480.0,466.0,0.0,0.0,0.0,0.0,7
2023-05-09 23:44:15,cu2311C77000,cu2311C77000,480.0,0.0,0.0,0.0,1,38.0,0.0,0,480.0,466.0,0.0,0.0,0.0,0.0,7
2023-05-09 23:44:16,cu2311C77000,cu2311C77000,480.0,0.0,0.0,0.0,2,40.0,0.0,0,480.0,466.0,0.0,0.0,0.0,0.0,7
2023-05-09 23:44:16,cu2311C77000,cu2311C77000,480.0,0.0,0.0,0.0,2,40.0,0.0,0,480.0,466.0,0.0,0.0,0.0,0.0,7
2023-05-09 23:44:17,cu2311C77000,cu2311C77000,480.0,0.0,0.0,0.0,1,66.0,0.0,0,480.0,466.0,0.0,0.0,0.0,0.0,7
2023-05-09 23:44:18,cu2311C77000,cu2311C77000,480.0,0.0,0.0,0.0,1,66.0,0.0,0,480.0,466.0,0.0,0.0,0.0,0.0,7
2023-05-09 23:44:18,cu2311C77000,cu2311C77000,480.0,0.0,0.0,0.0,2,68.0,0.0,0,480.0,466.0,0.0,0.0,0.0,0.0,7
2023-05-09 23:44:19,cu2311C77000,cu2311C77000,480.0,0.0,0.0,0.0,1,94.0,0.0,0,480.0,466.0,0.0,0.0,0.0,0.0,7
2023-05-09 23:44:20,cu2311C77000,cu2311C77000,480.0,0.0,0.0,0.0,1,94.0,0.0,0,480.0,466.0,0.0,0.0,0.0,0.0,7
2023-05-09 23:44:20,cu2311C77000,cu2311C77000,480.0,0.0,0.0,0.0,2,96.0,0.0,0,480.0,466.0,0.0,0.0,0.0,0.0,7
2023-05-09 23:44:21,cu2311C77000,cu2311C77000,480.0,0.0,0.0,0.0,2,96.0,0.0,0,480.0,466.0,0.0,0.0,0.0,0.0,7
2023-05-09 23:44:21,cu2311C77000,cu2311C77000,480.0,0.0,0.0,0.0,1,122.0,0.0,0,480.0,466.0,0.0,0.0,0.0,0.0,7
2023-05-09 23:44:22,cu2311C77000,cu2311C77000,480.0,0.0,0.0,0.0,1,122.0,0.0,0,480.0,466.0,0.0,0.0,0.0,0.0,7
2023-05-09 23:44:22,cu2311C77000,cu2311C77000,480.0,0.0,0.0,0.0,2,124.0,0.0,0,480.0,466.0,0.0,0.0,0.0,0.0,7
2023-05-09 23:44:23,cu2311C77000,cu2311C77000,480.0,0.0,0.0,0.0,1,150.0,0.0,0,480.0,466.0,0.0,0.0,0.0,0.0,7
2023-05-09 23:44:23,cu2311C77000,cu2311C77000,480.0,0.0,0.0,0.0,1,150.0,0.0,0,480.0,466.0,0.0,0.0,0.0,0.0,7
2023-05-09 23:44:24,cu2311C77000,cu2311C77000,480.0,0.0,0.0,0.0,2,152.0,0.0,0,480.0,466.0,0.0,0.0,0.0,0.0,7
2023-05-09 23:44:24,cu2311C77000,cu2311C77000,480.0,0.0,0.0,0.0,1,178.0,0.0,0,480.0,466.0,0.0,0.0,0.0,0.0,7
2023-05-09 23:44:25,cu2311C77000,cu2311C77000,480.0,0.0,0.0,0.0,1,178.0,0.0,0,480.0,466.0,0.0,0.0,0.0,0.0,7
2023-05-09 23:44:26,cu2311C77000,cu2311C77000,480.0,0.0,0.0,0.0,2,180.0,0.0,0,480.0,466.0,0.0,0.0,0.0,0.0,7
2023-05-09 23:44:26,cu2311C77000,cu2311C77000,480.0,0.0,0.0,0.0,1,206.0,0.0,0,480.0,466.0,0.0,0.0,0.0,0.0,7
2023-05-09 23:44:27,cu2311C77000,cu2311C77000,480.0,0.0,0.0,0.0,1,206.0,0.0,0,480.0,466.0,0.0,0.0,0.0,0.0,7
2023-05-09 23:44:27,cu2311C77000,cu2311C77000,480.0,0.0,0.0,0.0,2,208.0,0.0,0,480.0,466.0,0.0,0.0,0.0,0.0,7
2023-05-09 23:44:28,cu2311C77000,cu2311C77000,480.0,0.0,0.0,0.0,2,208.0,0.0,0,480.0,466.0,0.0,0.0,0.0,0.0,7
2023-05-09 23:44:28,cu2311C77000,cu2311C77000,480.0,0.0,0.0,0.0,1,234.0,0.0,0,480.0,466.0,0.0,0.0,0.0,0.0,7
2023-05-09 23:44:29,cu2311C77000,cu2311C77000,480.0,0.0,0.0,0.0,1,234.0,0.0,0,480.0,466.0,0.0,0.0,0.0,0.0,7
2023-05-09 23:44:29,cu2311C77000,cu2311C77000,480.0,0.0,0.0,0.0,2,236.0,0.0,0,480.0,466.0,0.0,0.0,0.0,0.0,7
2023-05-09 23:44:30,cu2311C77000,cu2311C77000,480.0,0.0,0.0,0.0,2,236.0,0.0,0,480.0,466.0,0.0,0.0,0.0,0.0,7
2023-05-09 23:44:30,cu2311C77000,cu2311C77000,480.0,0.0,0.0,0.0,1,262.0,0.0,0,480.0,466.0,0.0,0.0,0.0,0.0,7
2023-05-09 23:44:31,cu2311C77000,cu2311C77000,480.0,0.0,0.0,0.0,1,262.0,0.0,0,480.0,466.0,0.0,0.0,0.0,0.0,7
2023-05-09 23:44:31,cu2311C77000,cu2311C77000,480.0,0.0,0.0,0.0,2,264.0,0.0,0,480.0,466.0,0.0,0.0,0.0,0.0,7
2023-05-09 23:44:32,cu2311C77000,cu2311C77000,480.0,0.0,0.0,0.0,1,290.0,0.0,0,480.0,466.0,0.0,0.0,0.0,0.0,7
2023-05-09 23:44:32,cu2311C77000,cu2311C77000,480.0,0.0,0.0,0.0,1,290.0,0.0,0,480.0,466.0,0.0,0.0,0.0,0.0,7
2023-05-09 23:44:33,cu2311C77000,cu2311C77000,480.0,0.0,0.0,0.0,2,292.0,0.0,0,480.0,466.0,0.0,0.0,0.0,0.0,7
2023-05-09 23:44:33,cu2311C77000,cu2311C77000,480.0,0.0,0.0,0.0,1,318.0,0.0,0,480.0,466.0,0.0,0.0,0.0,0.0,7
2023-05-09 23:44:39,cu2311C77000,cu2311C77000,480.0,0.0,0.0,0.0,1,318.0,0.0,0,480.0,466.0,0.0,0.0,0.0,0.0,7
2023-05-09 23:44:40,cu2311C77000,cu2311C77000,480.0,0.0,0.0,0.0,2,320.0,0.0,0,480.0,466.0,0.0,0.0,0.0,0.0,7
2023-05-09 23:44:40,cu2311C77000,cu2311C77000,480.0,0.0,0.0,0.0,1,334.0,0.0,0,480.0,466.0,0.0,0.0,0.0,0.0,7
2023-05-09 23:44:41,cu2311C77000,cu2311C77000,480.0,0.0,0.0,0.0,1,334.0,0.0,0,480.0,466.0,0.0,0.0,0.0,0.0,7
2023-05-09 23:44:42,cu2311C77000,cu2311C77000,480.0,0.0,0.0,0.0,2,336.0,0.0,0,480.0,466.0,0.0,0.0,0.0,0.0,7
2023-05-09 23:44:42,cu2311C77000,cu2311C77000,480.0,0.0,0.0,0.0,1,350.0,0.0,0,480.0,466.0,0.0,0.0,0.0,0.0,7
2023-05-09 23:44:43,cu2311C77000,cu2311C77000,480.0,0.0,0.0,0.0,1,350.0,0.0,0,480.0,466.0,0.0,0.0,0.0,0.0,7
2023-05-09 23:44:44,cu2311C77000,cu2311C77000,480.0,0.0,0.0,0.0,2,352.0,0.0,0,480.0,466.0,0.0,0.0,0.0,0.0,7
2023-05-09 23:44:44,cu2311C77000,cu2311C77000,480.0,0.0,0.0,0.0,2,352.0,0.0,0,480.0,466.0,0.0,0.0,0.0,0.0,7
2023-05-09 23:44:45,cu2311C77000,cu2311C77000,480.0,0.0,0.0,0.0,1,354.0,0.0,0,480.0,466.0,0.0,0.0,0.0,0.0,7
2023-05-09 23:44:45,cu2311C77000,cu2311C77000,480.0,0.0,0.0,0.0,1,354.0,0.0,0,480.0,466.0,0.0,0.0,0.0,0.0,7
2023-05-09 23:44:46,cu2311C77000,cu2311C77000,480.0,0.0,0.0,0.0,2,356.0,0.0,0,480.0,466.0,0.0,0.0,0.0,0.0,7
2023-05-09 23:44:46,cu2311C77000,cu2311C77000,480.0,0.0,0.0,0.0,1,358.0,0.0,0,480.0,466.0,0.0,0.0,0.0,0.0,7
2023-05-09 23:44:48,cu2311C77000,cu2311C77000,480.0,0.0,0.0,0.0,1,358.0,0.0,0,480.0,466.0,0.0,0.0,0.0,0.0,7
2023-05-09 23:44:48,cu2311C77000,cu2311C77000,480.0,0.0,0.0,0.0,3,358.0,0.0,0,480.0,466.0,0.0,0.0,0.0,0.0,7
2023-05-09 23:48:27,cu2311C77000,cu2311C77000,480.0,0.0,0.0,0.0,1,358.0,0.0,0,480.0,466.0,0.0,0.0,0.0,0.0,7
2023-05-09 23:57:25,cu2311C77000,cu2311C77000,480.0,0.0,0.0,0.0,3,358.0,0.0,0,480.0,466.0,0.0,0.0,0.0,0.0,7
2023-05-09 23:57:48,cu2311C77000,cu2311C77000,480.0,0.0,0.0,0.0,1,358.0,0.0,0,480.0,466.0,0.0,0.0,0.0,0.0,7
2023-05-09 23:58:43,cu2311C77000,cu2311C77000,480.0,0.0,0.0,0.0,2,360.0,0.0,0,480.0,466.0,0.0,0.0,0.0,0.0,7
2023-05-09 23:58:44,cu2311C77000,cu2311C77000,480.0,0.0,0.0,0.0,1,362.0,0.0,0,480.0,466.0,0.0,0.0,0.0,0.0,7
2023-05-09 23:58:47,cu2311C77000,cu2311C77000,480.0,0.0,0.0,0.0,1,362.0,0.0,0,480.0,466.0,0.0,0.0,0.0,0.0,7
2023-05-10 00:13:31,cu2311C77000,cu2311C77000,480.0,0.0,0.0,0.0,2,364.0,0.0,0,480.0,466.0,0.0,0.0,0.0,0.0,7
2023-05-10 00:13:31,cu2311C77000,cu2311C77000,480.0,0.0,0.0,0.0,1,366.0,0.0,0,480.0,466.0,0.0,0.0,0.0,0.0,7
2023-05-10 00:13:33,cu2311C77000,cu2311C77000,480.0,0.0,0.0,0.0,1,366.0,0.0,0,480.0,466.0,0.0,0.0,0.0,0.0,7
2023-05-10 00:13:34,cu2311C77000,cu2311C77000,480.0,0.0,0.0,0.0,3,366.0,0.0,0,480.0,466.0,0.0,0.0,0.0,0.0,7
2023-05-10 00:15:06,cu2311C77000,cu2311C77000,480.0,0.0,0.0,0.0,1,366.0,0.0,0,480.0,466.0,0.0,0.0,0.0,0.0,7
2023-05-10 00:20:58,cu2311C77000,cu2311C77000,480.0,0.0,0.0,0.0,3,366.0,0.0,0,480.0,466.0,0.0,0.0,0.0,0.0,7
2023-05-10 00:24:00,cu2311C77000,cu2311C77000,480.0,0.0,0.0,0.0,1,366.0,0.0,0,480.0,466.0,0.0,0.0,0.0,0.0,7
2023-05-10 00:25:03,cu2311C77000,cu2311C77000,480.0,0.0,0.0,0.0,3,366.0,0.0,0,480.0,466.0,0.0,0.0,0.0,0.0,7
2023-05-10 00:25:16,cu2311C77000,cu2311C77000,480.0,0.0,0.0,0.0,1,366.0,0.0,0,480.0,466.0,0.0,0.0,0.0,0.0,7
2023-05-10 00:37:38,cu2311C77000,cu2311C77000,480.0,0.0,0.0,0.0,1,12.0,0.0,0,480.0,466.0,0.0,0.0,0.0,0.0,7
2023-05-10 00:37:38,cu2311C77000,cu2311C77000,480.0,0.0,0.0,0.0,1,38.0,0.0,0,480.0,466.0,0.0,0.0,0.0,0.0,7
2023-05-10 00:37:39,cu2311C77000,cu2311C77000,480.0,0.0,0.0,0.0,1,38.0,0.0,0,480.0,466.0,0.0,0.0,0.0,0.0,7
2023-05-10 00:37:39,cu2311C77000,cu2311C77000,480.0,0.0,0.0,0.0,2,40.0,0.0,0,480.0,466.0,0.0,0.0,0.0,0.0,7
2023-05-10 00:37:40,cu2311C77000,cu2311C77000,480.0,0.0,0.0,0.0,1,66.0,0.0,0,480.0,466.0,0.0,0.0,0.0,0.0,7
2023-05-10 00:37:40,cu2311C77000,cu2311C77000,480.0,0.0,0.0,0.0,1,66.0,0.0,0,480.0,466.0,0.0,0.0,0.0,0.0,7
2023-05-10 00:37:41,cu2311C77000,cu2311C77000,480.0,0.0,0.0,0.0,2,68.0,0.0,0,480.0,466.0,0.0,0.0,0.0,0.0,7
2023-05-10 00:37:41,cu2311C77000,cu2311C77000,480.0,0.0,0.0,0.0,1,94.0,0.0,0,480.0,466.0,0.0,0.0,0.0,0.0,7
2023-05-10 00:37:42,cu2311C77000,cu2311C77000,480.0,0.0,0.0,0.0,1,94.0,0.0,0,480.0,466.0,0.0,0.0,0.0,0.0,7
2023-05-10 00:37:42,cu2311C77000,cu2311C77000,480.0,0.0,0.0,0.0,2,96.0,0.0,0,480.0,466.0,0.0,0.0,0.0,0.0,7
2023-05-10 00:37:43,cu2311C77000,cu2311C77000,480.0,0.0,0.0,0.0,1,122.0,0.0,0,480.0,466.0,0.0,0.0,0.0,0.0,7
2023-05-10 00:37:45,cu2311C77000,cu2311C77000,480.0,0.0,0.0,0.0,1,122.0,0.0,0,480.0,466.0,0.0,0.0,0.0,0.0,7
2023-05-10 00:37:46,cu2311C77000,cu2311C77000,480.0,0.0,0.0,0.0,2,124.0,0.0,0,480.0,466.0,0.0,0.0,0.0,0.0,7
2023-05-10 00:37:46,cu2311C77000,cu2311C77000,480.0,0.0,0.0,0.0,1,150.0,0.0,0,480.0,466.0,0.0,0.0,0.0,0.0,7
2023-05-10 00:37:49,cu2311C77000,cu2311C77000,480.0,0.0,0.0,0.0,1,150.0,0.0,0,480.0,466.0,0.0,0.0,0.0,0.0,7
2023-05-10 00:37:50,cu2311C77000,cu2311C77000,480.0,0.0,0.0,0.0,2,152.0,0.0,0,480.0,466.0,0.0,0.0,0.0,0.0,7
2023-05-10 00:37:50,cu2311C77000,cu2311C77000,480.0,0.0,0.0,0.0,1,178.0,0.0,0,480.0,466.0,0.0,0.0,0.0,0.0,7
2023-05-10 00:37:51,cu2311C77000,cu2311C77000,480.0,0.0,0.0,0.0,1,178.0,0.0,0,480.0,466.0,0.0,0.0,0.0,0.0,7
2023-05-10 00:37:52,cu2311C77000,cu2311C77000,480.0,0.0,0.0,0.0,2,180.0,0.0,0,480.0,466.0,0.0,0.0,0.0,0.0,7
2023-05-10 00:37:52,cu2311C77000,cu2311C77000,480.0,0.0,0.0,0.0,1,206.0,0.0,0,480.0,466.0,0.0,0.0,0.0,0.0,7
2023-05-10 00:37:53,cu2311C77000,cu2311C77000,480.0,0.0,0.0,0.0,1,206.0,0.0,0,480.0,466.0,0.0,0.0,0.0,0.0,7
2023-05-10 00:37:54,cu2311C77000,cu2311C77000,480.0,0.0,0.0,0.0,2,208.0,0.0,0,480.0,466.0,0.0,0.0,0.0,0.0,7
2023-05-10 00:37:54,cu2311C77000,cu2311C77000,480.0,0.0,0.0,0.0,1,234.0,0.0,0,480.0,466.0,0.0,0.0,0.0,0.0,7
2023-05-10 00:37:55,cu2311C77000,cu2311C77000,480.0,0.0,0.0,0.0,1,234.0,0.0,0,480.0,466.0,0.0,0.0,0.0,0.0,7
2023-05-10 00:37:55,cu2311C77000,cu2311C77000,480.0,0.0,0.0,0.0,2,236.0,0.0,0,480.0,466.0,0.0,0.0,0.0,0.0,7
2023-05-10 00:37:56,cu2311C77000,cu2311C77000,480.0,0.0,0.0,0.0,1,262.0,0.0,0,480.0,466.0,0.0,0.0,0.0,0.0,7
2023-05-10 00:37:56,cu2311C77000,cu2311C77000,480.0,0.0,0.0,0.0,1,262.0,0.0,0,480.0,466.0,0.0,0.0,0.0,0.0,7
2023-05-10 00:37:57,cu2311C77000,cu2311C77000,480.0,0.0,0.0,0.0,2,264.0,0.0,0,480.0,466.0,0.0,0.0,0.0,0.0,7
2023-05-10 00:37:57,cu2311C77000,cu2311C77000,480.0,0.0,0.0,0.0,1,290.0,0.0,0,480.0,466.0,0.0,0.0,0.0,0.0,7
2023-05-10 00:38:00,cu2311C77000,cu2311C77000,480.0,0.0,0.0,0.0,1,290.0,0.0,0,480.0,466.0,0.0,0.0,0.0,0.0,7
2023-05-10 00:38:00,cu2311C77000,cu2311C77000,480.0,0.0,0.0,0.0,2,292.0,0.0,0,480.0,466.0,0.0,0.0,0.0,0.0,7
2023-05-10 00:38:01,cu2311C77000,cu2311C77000,480.0,0.0,0.0,0.0,2,292.0,0.0,0,480.0,466.0,0.0,0.0,0.0,0.0,7
2023-05-10 00:38:37,cu2311C77000,cu2311C77000,480.0,0.0,0.0,0.0,1,318.0,0.0,0,480.0,466.0,0.0,0.0,0.0,0.0,7
2023-05-10 00:38:37,cu2311C77000,cu2311C77000,480.0,0.0,0.0,0.0,1,318.0,0.0,0,480.0,466.0,0.0,0.0,0.0,0.0,7
2023-05-10 00:38:38,cu2311C77000,cu2311C77000,480.0,0.0,0.0,0.0,2,320.0,0.0,0,480.0,466.0,0.0,0.0,0.0,0.0,7
2023-05-10 00:38:38,cu2311C77000,cu2311C77000,480.0,0.0,0.0,0.0,1,334.0,0.0,0,480.0,466.0,0.0,0.0,0.0,0.0,7
2023-05-10 00:38:39,cu2311C77000,cu2311C77000,480.0,0.0,0.0,0.0,1,334.0,0.0,0,480.0,466.0,0.0,0.0,0.0,0.0,7
2023-05-10 00:38:39,cu2311C77000,cu2311C77000,480.0,0.0,0.0,0.0,2,336.0,0.0,0,480.0,466.0,0.0,0.0,0.0,0.0,7
2023-05-10 00:38:40,cu2311C77000,cu2311C77000,480.0,0.0,0.0,0.0,1,338.0,0.0,0,480.0,466.0,0.0,0.0,0.0,0.0,7
2023-05-10 00:38:55,cu2311C77000,cu2311C77000,480.0,0.0,0.0,0.0,1,338.0,0.0,0,480.0,466.0,0.0,0.0,0.0,0.0,7
2023-05-10 00:38:56,cu2311C77000,cu2311C77000,480.0,0.0,0.0,0.0,2,340.0,0.0,0,480.0,466.0,0.0,0.0,0.0,0.0,7
2023-05-10 00:38:56,cu2311C77000,cu2311C77000,480.0,0.0,0.0,0.0,1,342.0,0.0,0,480.0,466.0,0.0,0.0,0.0,0.0,7
2023-05-10 00:38:59,cu2311C77000,cu2311C77000,480.0,0.0,0.0,0.0,2,340.0,0.0,0,480.0,466.0,0.0,0.0,0.0,0.0,7
2023-05-10 00:40:31,cu2311C77000,cu2311C77000,480.0,0.0,0.0,0.0,1,342.0,0.0,0,480.0,466.0,0.0,0.0,0.0,0.0,7
2023-05-10 00:40:31,cu2311C77000,cu2311C77000,480.0,0.0,0.0,0.0,1,342.0,0.0,0,480.0,466.0,0.0,0.0,0.0,0.0,7
2023-05-10 00:40:32,cu2311C77000,cu2311C77000,480.0,0.0,0.0,0.0,2,344.0,0.0,0,480.0,466.0,0.0,0.0,0.0,0.0,7
2023-05-10 00:40:32,cu2311C77000,cu2311C77000,480.0,0.0,0.0,0.0,1,346.0,0.0,0,480.0,466.0,0.0,0.0,0.0,0.0,7
2023-05-10 00:40:33,cu2311C77000,cu2311C77000,480.0,0.0,0.0,0.0,1,346.0,0.0,0,480.0,466.0,0.0,0.0,0.0,0.0,7
2023-05-10 00:40:33,cu2311C77000,cu2311C77000,480.0,0.0,0.0,0.0,2,348.0,0.0,0,480.0,466.0,0.0,0.0,0.0,0.0,7
2023-05-10 00:40:34,cu2311C77000,cu2311C77000,480.0,0.0,0.0,0.0,1,350.0,0.0,0,480.0,466.0,0.0,0.0,0.0,0.0,7
2023-05-10 00:40:36,cu2311C77000,cu2311C77000,480.0,0.0,0.0,0.0,1,350.0,0.0,0,480.0,466.0,0.0,0.0,0.0,0.0,7
2023-05-10 00:40:37,cu2311C77000,cu2311C77000,480.0,0.0,0.0,0.0,2,352.0,0.0,0,480.0,466.0,0.0,0.0,0.0,0.0,7
2023-05-10 00:40:37,cu2311C77000,cu2311C77000,480.0,0.0,0.0,0.0,1,354.0,0.0,0,480.0,466.0,0.0,0.0,0.0,0.0,7
2023-05-10 00:40:38,cu2311C77000,cu2311C77000,480.0,0.0,0.0,0.0,1,354.0,0.0,0,480.0,466.0,0.0,0.0,0.0,0.0,7
