time,symbol_id,symbol_name,last,trade_volume,trade_amount,open_interest_change,bv1,bp1,ap1,av1,yesterday_close,today_open,today_high,today_low,volume,amount,open_interest
2023-05-09 20:59:00,cu2311C68000,cu2311C68000,3162.0,0.0,0.0,0.0,9,2.0,0.0,0,3162.0,0.0,0.0,0.0,0.0,0.0,1
2023-05-09 21:00:04,cu2311C68000,cu2311C68000,3162.0,0.0,0.0,0.0,2,4.0,0.0,0,3162.0,0.0,0.0,0.0,0.0,0.0,1
2023-05-09 21:00:17,cu2311C68000,cu2311C68000,3162.0,0.0,0.0,0.0,1,754.0,0.0,0,3162.0,0.0,0.0,0.0,0.0,0.0,1
2023-05-09 21:00:18,cu2311C68000,cu2311C68000,3162.0,0.0,0.0,0.0,1,754.0,0.0,0,3162.0,0.0,0.0,0.0,0.0,0.0,1
2023-05-09 21:00:18,cu2311C68000,cu2311C68000,3162.0,0.0,0.0,0.0,2,756.0,0.0,0,3162.0,0.0,0.0,0.0,0.0,0.0,1
2023-05-09 21:00:20,cu2311C68000,cu2311C68000,3162.0,0.0,0.0,0.0,2,756.0,0.0,0,3162.0,0.0,0.0,0.0,0.0,0.0,1
2023-05-09 21:01:10,cu2311C68000,cu2311C68000,3162.0,0.0,0.0,0.0,1,758.0,0.0,0,3162.0,0.0,0.0,0.0,0.0,0.0,1
2023-05-09 21:01:11,cu2311C68000,cu2311C68000,3162.0,0.0,0.0,0.0,1,758.0,0.0,0,3162.0,0.0,0.0,0.0,0.0,0.0,1
2023-05-09 21:01:11,cu2311C68000,cu2311C68000,3162.0,0.0,0.0,0.0,2,760.0,0.0,0,3162.0,0.0,0.0,0.0,0.0,0.0,1
2023-05-09 21:01:16,cu2311C68000,cu2311C68000,3162.0,0.0,0.0,0.0,1,762.0,0.0,0,3162.0,0.0,0.0,0.0,0.0,0.0,1
2023-05-09 21:01:16,cu2311C68000,cu2311C68000,3162.0,0.0,0.0,0.0,1,762.0,0.0,0,3162.0,0.0,0.0,0.0,0.0,0.0,1
2023-05-09 21:01:17,cu2311C68000,cu2311C68000,3162.0,0.0,0.0,0.0,2,764.0,0.0,0,3162.0,0.0,0.0,0.0,0.0,0.0,1
2023-05-09 21:01:20,cu2311C68000,cu2311C68000,3162.0,0.0,0.0,0.0,2,764.0,0.0,0,3162.0,0.0,0.0,0.0,0.0,0.0,1
2023-05-09 21:01:20,cu2311C68000,cu2311C68000,3162.0,0.0,0.0,0.0,1,766.0,0.0,0,3162.0,0.0,0.0,0.0,0.0,0.0,1
2023-05-09 21:01:21,cu2311C68000,cu2311C68000,3162.0,0.0,0.0,0.0,1,766.0,0.0,0,3162.0,0.0,0.0,0.0,0.0,0.0,1
2023-05-09 21:01:21,cu2311C68000,cu2311C68000,3162.0,0.0,0.0,0.0,2,768.0,0.0,0,3162.0,0.0,0.0,0.0,0.0,0.0,1
2023-05-09 21:01:28,cu2311C68000,cu2311C68000,3162.0,0.0,0.0,0.0,1,770.0,0.0,0,3162.0,0.0,0.0,0.0,0.0,0.0,1
2023-05-09 21:01:28,cu2311C68000,cu2311C68000,3162.0,0.0,0.0,0.0,1,770.0,0.0,0,3162.0,0.0,0.0,0.0,0.0,0.0,1
2023-05-09 21:01:29,cu2311C68000,cu2311C68000,3162.0,0.0,0.0,0.0,2,772.0,0.0,0,3162.0,0.0,0.0,0.0,0.0,0.0,1
2023-05-09 21:01:31,cu2311C68000,cu2311C68000,3162.0,0.0,0.0,0.0,1,774.0,0.0,0,3162.0,0.0,0.0,0.0,0.0,0.0,1
2023-05-09 21:01:31,cu2311C68000,cu2311C68000,3162.0,0.0,0.0,0.0,1,774.0,0.0,0,3162.0,0.0,0.0,0.0,0.0,0.0,1
2023-05-09 21:01:32,cu2311C68000,cu2311C68000,3162.0,0.0,0.0,0.0,2,776.0,0.0,0,3162.0,0.0,0.0,0.0,0.0,0.0,1
2023-05-09 21:01:34,cu2311C68000,cu2311C68000,3162.0,0.0,0.0,0.0,1,778.0,0.0,0,3162.0,0.0,0.0,0.0,0.0,0.0,1
2023-05-09 21:01:34,cu2311C68000,cu2311C68000,3162.0,0.0,0.0,0.0,1,778.0,0.0,0,3162.0,0.0,0.0,0.0,0.0,0.0,1
2023-05-09 21:01:35,cu2311C68000,cu2311C68000,3162.0,0.0,0.0,0.0,2,780.0,0.0,0,3162.0,0.0,0.0,0.0,0.0,0.0,1
2023-05-09 21:01:42,cu2311C68000,cu2311C68000,3162.0,0.0,0.0,0.0,1,782.0,0.0,0,3162.0,0.0,0.0,0.0,0.0,0.0,1
2023-05-09 21:01:42,cu2311C68000,cu2311C68000,3162.0,0.0,0.0,0.0,1,782.0,0.0,0,3162.0,0.0,0.0,0.0,0.0,0.0,1
2023-05-09 21:01:43,cu2311C68000,cu2311C68000,3162.0,0.0,0.0,0.0,2,784.0,0.0,0,3162.0,0.0,0.0,0.0,0.0,0.0,1
2023-05-09 21:01:44,cu2311C68000,cu2311C68000,3162.0,0.0,0.0,0.0,1,786.0,0.0,0,3162.0,0.0,0.0,0.0,0.0,0.0,1
2023-05-09 21:01:44,cu2311C68000,cu2311C68000,3162.0,0.0,0.0,0.0,1,786.0,0.0,0,3162.0,0.0,0.0,0.0,0.0,0.0,1
2023-05-09 21:01:45,cu2311C68000,cu2311C68000,3162.0,0.0,0.0,0.0,2,788.0,0.0,0,3162.0,0.0,0.0,0.0,0.0,0.0,1
2023-05-09 21:01:46,cu2311C68000,cu2311C68000,3162.0,0.0,0.0,0.0,1,790.0,0.0,0,3162.0,0.0,0.0,0.0,0.0,0.0,1
2023-05-09 21:01:46,cu2311C68000,cu2311C68000,3162.0,0.0,0.0,0.0,1,790.0,0.0,0,3162.0,0.0,0.0,0.0,0.0,0.0,1
2023-05-09 21:01:47,cu2311C68000,cu2311C68000,3162.0,0.0,0.0,0.0,2,792.0,0.0,0,3162.0,0.0,0.0,0.0,0.0,0.0,1
2023-05-09 21:01:47,cu2311C68000,cu2311C68000,3162.0,0.0,0.0,0.0,2,792.0,0.0,0,3162.0,0.0,0.0,0.0,0.0,0.0,1
2023-05-09 21:01:48,cu2311C68000,cu2311C68000,3162.0,0.0,0.0,0.0,1,794.0,0.0,0,3162.0,0.0,0.0,0.0,0.0,0.0,1
2023-05-09 21:01:48,cu2311C68000,cu2311C68000,3162.0,0.0,0.0,0.0,1,794.0,0.0,0,3162.0,0.0,0.0,0.0,0.0,0.0,1
2023-05-09 21:01:49,cu2311C68000,cu2311C68000,3162.0,0.0,0.0,0.0,2,796.0,0.0,0,3162.0,0.0,0.0,0.0,0.0,0.0,1
2023-05-09 21:01:50,cu2311C68000,cu2311C68000,3162.0,0.0,0.0,0.0,1,798.0,0.0,0,3162.0,0.0,0.0,0.0,0.0,0.0,1
2023-05-09 21:01:50,cu2311C68000,cu2311C68000,3162.0,0.0,0.0,0.0,1,798.0,0.0,0,3162.0,0.0,0.0,0.0,0.0,0.0,1
2023-05-09 21:01:51,cu2311C68000,cu2311C68000,3162.0,0.0,0.0,0.0,2,800.0,0.0,0,3162.0,0.0,0.0,0.0,0.0,0.0,1
2023-05-09 21:01:51,cu2311C68000,cu2311C68000,3162.0,0.0,0.0,0.0,2,800.0,0.0,0,3162.0,0.0,0.0,0.0,0.0,0.0,1
2023-05-09 21:01:52,cu2311C68000,cu2311C68000,3162.0,0.0,0.0,0.0,1,802.0,0.0,0,3162.0,0.0,0.0,0.0,0.0,0.0,1
2023-05-09 21:01:52,cu2311C68000,cu2311C68000,3162.0,0.0,0.0,0.0,1,802.0,0.0,0,3162.0,0.0,0.0,0.0,0.0,0.0,1
2023-05-09 21:01:53,cu2311C68000,cu2311C68000,3162.0,0.0,0.0,0.0,2,804.0,0.0,0,3162.0,0.0,0.0,0.0,0.0,0.0,1
2023-05-09 21:01:53,cu2311C68000,cu2311C68000,3162.0,0.0,0.0,0.0,1,806.0,0.0,0,3162.0,0.0,0.0,0.0,0.0,0.0,1
2023-05-09 21:01:54,cu2311C68000,cu2311C68000,3162.0,0.0,0.0,0.0,1,806.0,0.0,0,3162.0,0.0,0.0,0.0,0.0,0.0,1
2023-05-09 21:01:54,cu2311C68000,cu2311C68000,3162.0,0.0,0.0,0.0,2,808.0,0.0,0,3162.0,0.0,0.0,0.0,0.0,0.0,1
2023-05-09 21:01:55,cu2311C68000,cu2311C68000,3162.0,0.0,0.0,0.0,1,810.0,0.0,0,3162.0,0.0,0.0,0.0,0.0,0.0,1
2023-05-09 21:01:55,cu2311C68000,cu2311C68000,3162.0,0.0,0.0,0.0,1,810.0,0.0,0,3162.0,0.0,0.0,0.0,0.0,0.0,1
2023-05-09 21:01:56,cu2311C68000,cu2311C68000,3162.0,0.0,0.0,0.0,2,812.0,0.0,0,3162.0,0.0,0.0,0.0,0.0,0.0,1
2023-05-09 21:01:57,cu2311C68000,cu2311C68000,3162.0,0.0,0.0,0.0,1,814.0,0.0,0,3162.0,0.0,0.0,0.0,0.0,0.0,1
2023-05-09 21:01:57,cu2311C68000,cu2311C68000,3162.0,0.0,0.0,0.0,1,814.0,0.0,0,3162.0,0.0,0.0,0.0,0.0,0.0,1
2023-05-09 21:01:58,cu2311C68000,cu2311C68000,3162.0,0.0,0.0,0.0,2,816.0,0.0,0,3162.0,0.0,0.0,0.0,0.0,0.0,1
2023-05-09 21:02:03,cu2311C68000,cu2311C68000,3162.0,0.0,0.0,0.0,2,816.0,0.0,0,3162.0,0.0,0.0,0.0,0.0,0.0,1
2023-05-09 21:02:03,cu2311C68000,cu2311C68000,3162.0,0.0,0.0,0.0,1,818.0,0.0,0,3162.0,0.0,0.0,0.0,0.0,0.0,1
2023-05-09 21:02:04,cu2311C68000,cu2311C68000,3162.0,0.0,0.0,0.0,1,818.0,0.0,0,3162.0,0.0,0.0,0.0,0.0,0.0,1
2023-05-09 21:02:04,cu2311C68000,cu2311C68000,3162.0,0.0,0.0,0.0,2,820.0,0.0,0,3162.0,0.0,0.0,0.0,0.0,0.0,1
2023-05-09 21:02:12,cu2311C68000,cu2311C68000,3162.0,0.0,0.0,0.0,1,822.0,0.0,0,3162.0,0.0,0.0,0.0,0.0,0.0,1
2023-05-09 21:02:13,cu2311C68000,cu2311C68000,3162.0,0.0,0.0,0.0,1,822.0,0.0,0,3162.0,0.0,0.0,0.0,0.0,0.0,1
2023-05-09 21:02:13,cu2311C68000,cu2311C68000,3162.0,0.0,0.0,0.0,2,824.0,0.0,0,3162.0,0.0,0.0,0.0,0.0,0.0,1
2023-05-09 21:02:27,cu2311C68000,cu2311C68000,3162.0,0.0,0.0,0.0,2,824.0,0.0,0,3162.0,0.0,0.0,0.0,0.0,0.0,1
2023-05-09 21:02:27,cu2311C68000,cu2311C68000,3162.0,0.0,0.0,0.0,1,826.0,0.0,0,3162.0,0.0,0.0,0.0,0.0,0.0,1
2023-05-09 21:02:28,cu2311C68000,cu2311C68000,3162.0,0.0,0.0,0.0,1,826.0,0.0,0,3162.0,0.0,0.0,0.0,0.0,0.0,1
2023-05-09 21:02:28,cu2311C68000,cu2311C68000,3162.0,0.0,0.0,0.0,2,828.0,0.0,0,3162.0,0.0,0.0,0.0,0.0,0.0,1
2023-05-09 21:02:33,cu2311C68000,cu2311C68000,3162.0,0.0,0.0,0.0,1,830.0,0.0,0,3162.0,0.0,0.0,0.0,0.0,0.0,1
2023-05-09 21:02:33,cu2311C68000,cu2311C68000,3162.0,0.0,0.0,0.0,1,830.0,0.0,0,3162.0,0.0,0.0,0.0,0.0,0.0,1
2023-05-09 21:02:34,cu2311C68000,cu2311C68000,3162.0,0.0,0.0,0.0,2,832.0,0.0,0,3162.0,0.0,0.0,0.0,0.0,0.0,1
2023-05-09 21:02:36,cu2311C68000,cu2311C68000,3162.0,0.0,0.0,0.0,1,834.0,0.0,0,3162.0,0.0,0.0,0.0,0.0,0.0,1
2023-05-09 21:02:36,cu2311C68000,cu2311C68000,3162.0,0.0,0.0,0.0,1,834.0,0.0,0,3162.0,0.0,0.0,0.0,0.0,0.0,1
2023-05-09 21:02:37,cu2311C68000,cu2311C68000,3162.0,0.0,0.0,0.0,2,836.0,0.0,0,3162.0,0.0,0.0,0.0,0.0,0.0,1
2023-05-09 21:02:39,cu2311C68000,cu2311C68000,3162.0,0.0,0.0,0.0,1,838.0,0.0,0,3162.0,0.0,0.0,0.0,0.0,0.0,1
2023-05-09 21:02:39,cu2311C68000,cu2311C68000,3162.0,0.0,0.0,0.0,1,838.0,0.0,0,3162.0,0.0,0.0,0.0,0.0,0.0,1
2023-05-09 21:02:40,cu2311C68000,cu2311C68000,3162.0,0.0,0.0,0.0,2,840.0,0.0,0,3162.0,0.0,0.0,0.0,0.0,0.0,1
2023-05-09 21:02:42,cu2311C68000,cu2311C68000,3162.0,0.0,0.0,0.0,1,842.0,0.0,0,3162.0,0.0,0.0,0.0,0.0,0.0,1
2023-05-09 21:02:43,cu2311C68000,cu2311C68000,3162.0,0.0,0.0,0.0,1,842.0,0.0,0,3162.0,0.0,0.0,0.0,0.0,0.0,1
2023-05-09 21:02:43,cu2311C68000,cu2311C68000,3162.0,0.0,0.0,0.0,2,844.0,0.0,0,3162.0,0.0,0.0,0.0,0.0,0.0,1
2023-05-09 21:02:45,cu2311C68000,cu2311C68000,3162.0,0.0,0.0,0.0,2,844.0,0.0,0,3162.0,0.0,0.0,0.0,0.0,0.0,1
2023-05-09 21:02:45,cu2311C68000,cu2311C68000,3162.0,0.0,0.0,0.0,1,846.0,0.0,0,3162.0,0.0,0.0,0.0,0.0,0.0,1
2023-05-09 21:02:46,cu2311C68000,cu2311C68000,3162.0,0.0,0.0,0.0,1,846.0,0.0,0,3162.0,0.0,0.0,0.0,0.0,0.0,1
2023-05-09 21:02:46,cu2311C68000,cu2311C68000,3162.0,0.0,0.0,0.0,2,848.0,0.0,0,3162.0,0.0,0.0,0.0,0.0,0.0,1
2023-05-09 21:02:48,cu2311C68000,cu2311C68000,3162.0,0.0,0.0,0.0,1,850.0,0.0,0,3162.0,0.0,0.0,0.0,0.0,0.0,1
2023-05-09 21:02:48,cu2311C68000,cu2311C68000,3162.0,0.0,0.0,0.0,1,850.0,0.0,0,3162.0,0.0,0.0,0.0,0.0,0.0,1
2023-05-09 21:02:49,cu2311C68000,cu2311C68000,3162.0,0.0,0.0,0.0,2,852.0,0.0,0,3162.0,0.0,0.0,0.0,0.0,0.0,1
2023-05-09 21:02:52,cu2311C68000,cu2311C68000,3162.0,0.0,0.0,0.0,1,854.0,0.0,0,3162.0,0.0,0.0,0.0,0.0,0.0,1
2023-05-09 21:02:53,cu2311C68000,cu2311C68000,3162.0,0.0,0.0,0.0,1,854.0,0.0,0,3162.0,0.0,0.0,0.0,0.0,0.0,1
2023-05-09 21:02:53,cu2311C68000,cu2311C68000,3162.0,0.0,0.0,0.0,2,856.0,0.0,0,3162.0,0.0,0.0,0.0,0.0,0.0,1
2023-05-09 21:02:54,cu2311C68000,cu2311C68000,3162.0,0.0,0.0,0.0,2,856.0,0.0,0,3162.0,0.0,0.0,0.0,0.0,0.0,1
2023-05-09 21:02:55,cu2311C68000,cu2311C68000,3162.0,0.0,0.0,0.0,1,858.0,0.0,0,3162.0,0.0,0.0,0.0,0.0,0.0,1
2023-05-09 21:02:55,cu2311C68000,cu2311C68000,3162.0,0.0,0.0,0.0,1,858.0,0.0,0,3162.0,0.0,0.0,0.0,0.0,0.0,1
2023-05-09 21:02:56,cu2311C68000,cu2311C68000,3162.0,0.0,0.0,0.0,2,860.0,0.0,0,3162.0,0.0,0.0,0.0,0.0,0.0,1
2023-05-09 21:02:57,cu2311C68000,cu2311C68000,3162.0,0.0,0.0,0.0,1,862.0,0.0,0,3162.0,0.0,0.0,0.0,0.0,0.0,1
2023-05-09 21:02:57,cu2311C68000,cu2311C68000,3162.0,0.0,0.0,0.0,1,862.0,0.0,0,3162.0,0.0,0.0,0.0,0.0,0.0,1
2023-05-09 21:02:58,cu2311C68000,cu2311C68000,3162.0,0.0,0.0,0.0,2,864.0,0.0,0,3162.0,0.0,0.0,0.0,0.0,0.0,1
2023-05-09 21:02:59,cu2311C68000,cu2311C68000,3162.0,0.0,0.0,0.0,1,866.0,0.0,0,3162.0,0.0,0.0,0.0,0.0,0.0,1
2023-05-09 21:02:59,cu2311C68000,cu2311C68000,3162.0,0.0,0.0,0.0,1,866.0,0.0,0,3162.0,0.0,0.0,0.0,0.0,0.0,1
2023-05-09 21:03:00,cu2311C68000,cu2311C68000,3162.0,0.0,0.0,0.0,2,868.0,0.0,0,3162.0,0.0,0.0,0.0,0.0,0.0,1
2023-05-09 21:03:01,cu2311C68000,cu2311C68000,3162.0,0.0,0.0,0.0,1,870.0,0.0,0,3162.0,0.0,0.0,0.0,0.0,0.0,1
2023-05-09 21:03:01,cu2311C68000,cu2311C68000,3162.0,0.0,0.0,0.0,1,870.0,0.0,0,3162.0,0.0,0.0,0.0,0.0,0.0,1
2023-05-09 21:03:02,cu2311C68000,cu2311C68000,3162.0,0.0,0.0,0.0,2,872.0,0.0,0,3162.0,0.0,0.0,0.0,0.0,0.0,1
2023-05-09 21:03:03,cu2311C68000,cu2311C68000,3162.0,0.0,0.0,0.0,1,874.0,0.0,0,3162.0,0.0,0.0,0.0,0.0,0.0,1
2023-05-09 21:03:03,cu2311C68000,cu2311C68000,3162.0,0.0,0.0,0.0,1,874.0,0.0,0,3162.0,0.0,0.0,0.0,0.0,0.0,1
2023-05-09 21:03:04,cu2311C68000,cu2311C68000,3162.0,0.0,0.0,0.0,2,876.0,0.0,0,3162.0,0.0,0.0,0.0,0.0,0.0,1
2023-05-09 21:03:05,cu2311C68000,cu2311C68000,3162.0,0.0,0.0,0.0,1,878.0,0.0,0,3162.0,0.0,0.0,0.0,0.0,0.0,1
2023-05-09 21:03:05,cu2311C68000,cu2311C68000,3162.0,0.0,0.0,0.0,1,878.0,0.0,0,3162.0,0.0,0.0,0.0,0.0,0.0,1
2023-05-09 21:03:06,cu2311C68000,cu2311C68000,3162.0,0.0,0.0,0.0,2,880.0,0.0,0,3162.0,0.0,0.0,0.0,0.0,0.0,1
2023-05-09 21:03:07,cu2311C68000,cu2311C68000,3162.0,0.0,0.0,0.0,2,880.0,0.0,0,3162.0,0.0,0.0,0.0,0.0,0.0,1
2023-05-09 21:05:58,cu2311C68000,cu2311C68000,3162.0,0.0,0.0,0.0,2,880.0,0.0,0,3162.0,0.0,0.0,0.0,0.0,0.0,1
2023-05-09 21:06:28,cu2311C68000,cu2311C68000,3162.0,0.0,0.0,0.0,2,880.0,0.0,0,3162.0,0.0,0.0,0.0,0.0,0.0,1
2023-05-09 21:08:38,cu2311C68000,cu2311C68000,3162.0,0.0,0.0,0.0,2,880.0,0.0,0,3162.0,0.0,0.0,0.0,0.0,0.0,1
2023-05-09 21:12:51,cu2311C68000,cu2311C68000,3162.0,0.0,0.0,0.0,2,880.0,0.0,0,3162.0,0.0,0.0,0.0,0.0,0.0,1
2023-05-09 22:50:12,cu2311C68000,cu2311C68000,3162.0,0.0,0.0,0.0,2,880.0,0.0,0,3162.0,0.0,0.0,0.0,0.0,0.0,1
2023-05-09 22:57:03,cu2311C68000,cu2311C68000,3162.0,0.0,0.0,0.0,1,754.0,0.0,0,3162.0,0.0,0.0,0.0,0.0,0.0,1
2023-05-09 23:00:31,cu2311C68000,cu2311C68000,3162.0,0.0,0.0,0.0,2,756.0,0.0,0,3162.0,0.0,0.0,0.0,0.0,0.0,1
2023-05-09 23:07:04,cu2311C68000,cu2311C68000,3162.0,0.0,0.0,0.0,1,758.0,0.0,0,3162.0,0.0,0.0,0.0,0.0,0.0,1
2023-05-09 23:07:04,cu2311C68000,cu2311C68000,3162.0,0.0,0.0,0.0,1,754.0,0.0,0,3162.0,0.0,0.0,0.0,0.0,0.0,1
2023-05-09 23:07:05,cu2311C68000,cu2311C68000,3162.0,0.0,0.0,0.0,2,756.0,0.0,0,3162.0,0.0,0.0,0.0,0.0,0.0,1
2023-05-09 23:07:07,cu2311C68000,cu2311C68000,3162.0,0.0,0.0,0.0,1,758.0,0.0,0,3162.0,0.0,0.0,0.0,0.0,0.0,1
2023-05-09 23:07:07,cu2311C68000,cu2311C68000,3162.0,0.0,0.0,0.0,1,754.0,0.0,0,3162.0,0.0,0.0,0.0,0.0,0.0,1
2023-05-09 23:07:08,cu2311C68000,cu2311C68000,3162.0,0.0,0.0,0.0,2,756.0,0.0,0,3162.0,0.0,0.0,0.0,0.0,0.0,1
2023-05-09 23:07:09,cu2311C68000,cu2311C68000,3162.0,0.0,0.0,0.0,1,758.0,0.0,0,3162.0,0.0,0.0,0.0,0.0,0.0,1
2023-05-09 23:07:09,cu2311C68000,cu2311C68000,3162.0,0.0,0.0,0.0,1,754.0,0.0,0,3162.0,0.0,0.0,0.0,0.0,0.0,1
2023-05-09 23:07:10,cu2311C68000,cu2311C68000,3162.0,0.0,0.0,0.0,2,756.0,0.0,0,3162.0,0.0,0.0,0.0,0.0,0.0,1
2023-05-09 23:07:11,cu2311C68000,cu2311C68000,3162.0,0.0,0.0,0.0,1,758.0,0.0,0,3162.0,0.0,0.0,0.0,0.0,0.0,1
2023-05-09 23:07:11,cu2311C68000,cu2311C68000,3162.0,0.0,0.0,0.0,1,754.0,0.0,0,3162.0,0.0,0.0,0.0,0.0,0.0,1
2023-05-09 23:07:12,cu2311C68000,cu2311C68000,3162.0,0.0,0.0,0.0,2,756.0,0.0,0,3162.0,0.0,0.0,0.0,0.0,0.0,1
2023-05-09 23:07:19,cu2311C68000,cu2311C68000,3162.0,0.0,0.0,0.0,1,758.0,0.0,0,3162.0,0.0,0.0,0.0,0.0,0.0,1
2023-05-09 23:07:19,cu2311C68000,cu2311C68000,3162.0,0.0,0.0,0.0,1,754.0,0.0,0,3162.0,0.0,0.0,0.0,0.0,0.0,1
2023-05-09 23:07:20,cu2311C68000,cu2311C68000,3162.0,0.0,0.0,0.0,2,756.0,0.0,0,3162.0,0.0,0.0,0.0,0.0,0.0,1
2023-05-09 23:07:20,cu2311C68000,cu2311C68000,3162.0,0.0,0.0,0.0,1,758.0,0.0,0,3162.0,0.0,0.0,0.0,0.0,0.0,1
2023-05-09 23:07:21,cu2311C68000,cu2311C68000,3162.0,0.0,0.0,0.0,1,754.0,0.0,0,3162.0,0.0,0.0,0.0,0.0,0.0,1
2023-05-09 23:07:21,cu2311C68000,cu2311C68000,3162.0,0.0,0.0,0.0,2,756.0,0.0,0,3162.0,0.0,0.0,0.0,0.0,0.0,1
2023-05-09 23:07:22,cu2311C68000,cu2311C68000,3162.0,0.0,0.0,0.0,1,770.0,0.0,0,3162.0,0.0,0.0,0.0,0.0,0.0,1
2023-05-09 23:07:23,cu2311C68000,cu2311C68000,3162.0,0.0,0.0,0.0,1,754.0,0.0,0,3162.0,0.0,0.0,0.0,0.0,0.0,1
2023-05-09 23:07:23,cu2311C68000,cu2311C68000,3162.0,0.0,0.0,0.0,2,756.0,0.0,0,3162.0,0.0,0.0,0.0,0.0,0.0,1
2023-05-09 23:07:25,cu2311C68000,cu2311C68000,3162.0,0.0,0.0,0.0,1,770.0,0.0,0,3162.0,0.0,0.0,0.0,0.0,0.0,1
2023-05-09 23:07:26,cu2311C68000,cu2311C68000,3162.0,0.0,0.0,0.0,1,754.0,0.0,0,3162.0,0.0,0.0,0.0,0.0,0.0,1
2023-05-09 23:07:26,cu2311C68000,cu2311C68000,3162.0,0.0,0.0,0.0,2,756.0,0.0,0,3162.0,0.0,0.0,0.0,0.0,0.0,1
2023-05-09 23:07:27,cu2311C68000,cu2311C68000,3162.0,0.0,0.0,0.0,1,770.0,0.0,0,3162.0,0.0,0.0,0.0,0.0,0.0,1
2023-05-09 23:07:28,cu2311C68000,cu2311C68000,3162.0,0.0,0.0,0.0,1,754.0,0.0,0,3162.0,0.0,0.0,0.0,0.0,0.0,1
2023-05-09 23:07:28,cu2311C68000,cu2311C68000,3162.0,0.0,0.0,0.0,2,756.0,0.0,0,3162.0,0.0,0.0,0.0,0.0,0.0,1
2023-05-09 23:07:29,cu2311C68000,cu2311C68000,3162.0,0.0,0.0,0.0,1,770.0,0.0,0,3162.0,0.0,0.0,0.0,0.0,0.0,1
2023-05-09 23:07:29,cu2311C68000,cu2311C68000,3162.0,0.0,0.0,0.0,2,756.0,0.0,0,3162.0,0.0,0.0,0.0,0.0,0.0,1
2023-05-09 23:07:30,cu2311C68000,cu2311C68000,3162.0,0.0,0.0,0.0,1,754.0,0.0,0,3162.0,0.0,0.0,0.0,0.0,0.0,1
2023-05-09 23:07:30,cu2311C68000,cu2311C68000,3162.0,0.0,0.0,0.0,2,756.0,0.0,0,3162.0,0.0,0.0,0.0,0.0,0.0,1
2023-05-09 23:07:31,cu2311C68000,cu2311C68000,3162.0,0.0,0.0,0.0,1,770.0,0.0,0,3162.0,0.0,0.0,0.0,0.0,0.0,1
2023-05-09 23:07:31,cu2311C68000,cu2311C68000,3162.0,0.0,0.0,0.0,1,754.0,0.0,0,3162.0,0.0,0.0,0.0,0.0,0.0,1
2023-05-09 23:07:32,cu2311C68000,cu2311C68000,3162.0,0.0,0.0,0.0,2,756.0,0.0,0,3162.0,0.0,0.0,0.0,0.0,0.0,1
2023-05-09 23:07:32,cu2311C68000,cu2311C68000,3162.0,0.0,0.0,0.0,1,770.0,0.0,0,3162.0,0.0,0.0,0.0,0.0,0.0,1
2023-05-09 23:07:33,cu2311C68000,cu2311C68000,3162.0,0.0,0.0,0.0,1,754.0,0.0,0,3162.0,0.0,0.0,0.0,0.0,0.0,1
2023-05-09 23:07:33,cu2311C68000,cu2311C68000,3162.0,0.0,0.0,0.0,2,756.0,0.0,0,3162.0,0.0,0.0,0.0,0.0,0.0,1
2023-05-09 23:07:34,cu2311C68000,cu2311C68000,3162.0,0.0,0.0,0.0,1,770.0,0.0,0,3162.0,0.0,0.0,0.0,0.0,0.0,1
2023-05-09 23:07:35,cu2311C68000,cu2311C68000,3162.0,0.0,0.0,0.0,1,754.0,0.0,0,3162.0,0.0,0.0,0.0,0.0,0.0,1
2023-05-09 23:07:35,cu2311C68000,cu2311C68000,3162.0,0.0,0.0,0.0,2,756.0,0.0,0,3162.0,0.0,0.0,0.0,0.0,0.0,1
2023-05-09 23:07:36,cu2311C68000,cu2311C68000,3162.0,0.0,0.0,0.0,1,782.0,0.0,0,3162.0,0.0,0.0,0.0,0.0,0.0,1
2023-05-09 23:07:37,cu2311C68000,cu2311C68000,3162.0,0.0,0.0,0.0,1,754.0,0.0,0,3162.0,0.0,0.0,0.0,0.0,0.0,1
2023-05-09 23:07:37,cu2311C68000,cu2311C68000,3162.0,0.0,0.0,0.0,2,756.0,0.0,0,3162.0,0.0,0.0,0.0,0.0,0.0,1
2023-05-09 23:07:39,cu2311C68000,cu2311C68000,3162.0,0.0,0.0,0.0,1,782.0,0.0,0,3162.0,0.0,0.0,0.0,0.0,0.0,1
2023-05-09 23:07:40,cu2311C68000,cu2311C68000,3162.0,0.0,0.0,0.0,1,754.0,0.0,0,3162.0,0.0,0.0,0.0,0.0,0.0,1
2023-05-09 23:07:40,cu2311C68000,cu2311C68000,3162.0,0.0,0.0,0.0,2,756.0,0.0,0,3162.0,0.0,0.0,0.0,0.0,0.0,1
2023-05-09 23:07:41,cu2311C68000,cu2311C68000,3162.0,0.0,0.0,0.0,1,782.0,0.0,0,3162.0,0.0,0.0,0.0,0.0,0.0,1
2023-05-09 23:07:41,cu2311C68000,cu2311C68000,3162.0,0.0,0.0,0.0,1,754.0,0.0,0,3162.0,0.0,0.0,0.0,0.0,0.0,1
2023-05-09 23:07:42,cu2311C68000,cu2311C68000,3162.0,0.0,0.0,0.0,2,756.0,0.0,0,3162.0,0.0,0.0,0.0,0.0,0.0,1
2023-05-09 23:07:42,cu2311C68000,cu2311C68000,3162.0,0.0,0.0,0.0,1,782.0,0.0,0,3162.0,0.0,0.0,0.0,0.0,0.0,1
2023-05-09 23:07:43,cu2311C68000,cu2311C68000,3162.0,0.0,0.0,0.0,1,754.0,0.0,0,3162.0,0.0,0.0,0.0,0.0,0.0,1
2023-05-09 23:07:43,cu2311C68000,cu2311C68000,3162.0,0.0,0.0,0.0,2,756.0,0.0,0,3162.0,0.0,0.0,0.0,0.0,0.0,1
2023-05-09 23:07:44,cu2311C68000,cu2311C68000,3162.0,0.0,0.0,0.0,1,782.0,0.0,0,3162.0,0.0,0.0,0.0,0.0,0.0,1
2023-05-09 23:07:44,cu2311C68000,cu2311C68000,3162.0,0.0,0.0,0.0,1,754.0,0.0,0,3162.0,0.0,0.0,0.0,0.0,0.0,1
2023-05-09 23:07:45,cu2311C68000,cu2311C68000,3162.0,0.0,0.0,0.0,2,756.0,0.0,0,3162.0,0.0,0.0,0.0,0.0,0.0,1
2023-05-09 23:07:48,cu2311C68000,cu2311C68000,3162.0,0.0,0.0,0.0,1,782.0,0.0,0,3162.0,0.0,0.0,0.0,0.0,0.0,1
2023-05-09 23:07:48,cu2311C68000,cu2311C68000,3162.0,0.0,0.0,0.0,1,754.0,0.0,0,3162.0,0.0,0.0,0.0,0.0,0.0,1
2023-05-09 23:07:49,cu2311C68000,cu2311C68000,3162.0,0.0,0.0,0.0,2,756.0,0.0,0,3162.0,0.0,0.0,0.0,0.0,0.0,1
2023-05-09 23:07:51,cu2311C68000,cu2311C68000,3162.0,0.0,0.0,0.0,1,782.0,0.0,0,3162.0,0.0,0.0,0.0,0.0,0.0,1
2023-05-09 23:07:51,cu2311C68000,cu2311C68000,3162.0,0.0,0.0,0.0,1,754.0,0.0,0,3162.0,0.0,0.0,0.0,0.0,0.0,1
2023-05-09 23:07:52,cu2311C68000,cu2311C68000,3162.0,0.0,0.0,0.0,2,756.0,0.0,0,3162.0,0.0,0.0,0.0,0.0,0.0,1
2023-05-09 23:07:52,cu2311C68000,cu2311C68000,3162.0,0.0,0.0,0.0,1,782.0,0.0,0,3162.0,0.0,0.0,0.0,0.0,0.0,1
2023-05-09 23:07:53,cu2311C68000,cu2311C68000,3162.0,0.0,0.0,0.0,2,756.0,0.0,0,3162.0,0.0,0.0,0.0,0.0,0.0,1
2023-05-09 23:07:53,cu2311C68000,cu2311C68000,3162.0,0.0,0.0,0.0,1,754.0,0.0,0,3162.0,0.0,0.0,0.0,0.0,0.0,1
2023-05-09 23:07:54,cu2311C68000,cu2311C68000,3162.0,0.0,0.0,0.0,2,756.0,0.0,0,3162.0,0.0,0.0,0.0,0.0,0.0,1
2023-05-09 23:07:54,cu2311C68000,cu2311C68000,3162.0,0.0,0.0,0.0,1,782.0,0.0,0,3162.0,0.0,0.0,0.0,0.0,0.0,1
2023-05-09 23:07:55,cu2311C68000,cu2311C68000,3162.0,0.0,0.0,0.0,2,756.0,0.0,0,3162.0,0.0,0.0,0.0,0.0,0.0,1
2023-05-09 23:07:58,cu2311C68000,cu2311C68000,3162.0,0.0,0.0,0.0,1,782.0,0.0,0,3162.0,0.0,0.0,0.0,0.0,0.0,1
2023-05-09 23:07:59,cu2311C68000,cu2311C68000,3162.0,0.0,0.0,0.0,1,754.0,0.0,0,3162.0,0.0,0.0,0.0,0.0,0.0,1
2023-05-09 23:07:59,cu2311C68000,cu2311C68000,3162.0,0.0,0.0,0.0,2,756.0,0.0,0,3162.0,0.0,0.0,0.0,0.0,0.0,1
2023-05-09 23:08:00,cu2311C68000,cu2311C68000,3162.0,0.0,0.0,0.0,1,782.0,0.0,0,3162.0,0.0,0.0,0.0,0.0,0.0,1
2023-05-09 23:08:00,cu2311C68000,cu2311C68000,3162.0,0.0,0.0,0.0,1,754.0,0.0,0,3162.0,0.0,0.0,0.0,0.0,0.0,1
2023-05-09 23:08:01,cu2311C68000,cu2311C68000,3162.0,0.0,0.0,0.0,2,756.0,0.0,0,3162.0,0.0,0.0,0.0,0.0,0.0,1
2023-05-09 23:08:03,cu2311C68000,cu2311C68000,3162.0,0.0,0.0,0.0,1,782.0,0.0,0,3162.0,0.0,0.0,0.0,0.0,0.0,1
2023-05-09 23:08:03,cu2311C68000,cu2311C68000,3162.0,0.0,0.0,0.0,1,754.0,0.0,0,3162.0,0.0,0.0,0.0,0.0,0.0,1
2023-05-09 23:08:04,cu2311C68000,cu2311C68000,3162.0,0.0,0.0,0.0,2,756.0,0.0,0,3162.0,0.0,0.0,0.0,0.0,0.0,1
2023-05-09 23:08:06,cu2311C68000,cu2311C68000,3162.0,0.0,0.0,0.0,1,782.0,0.0,0,3162.0,0.0,0.0,0.0,0.0,0.0,1
2023-05-09 23:08:06,cu2311C68000,cu2311C68000,3162.0,0.0,0.0,0.0,1,754.0,0.0,0,3162.0,0.0,0.0,0.0,0.0,0.0,1
2023-05-09 23:08:07,cu2311C68000,cu2311C68000,3162.0,0.0,0.0,0.0,2,756.0,0.0,0,3162.0,0.0,0.0,0.0,0.0,0.0,1
2023-05-09 23:08:07,cu2311C68000,cu2311C68000,3162.0,0.0,0.0,0.0,1,782.0,0.0,0,3162.0,0.0,0.0,0.0,0.0,0.0,1
2023-05-09 23:08:08,cu2311C68000,cu2311C68000,3162.0,0.0,0.0,0.0,1,754.0,0.0,0,3162.0,0.0,0.0,0.0,0.0,0.0,1
2023-05-09 23:08:08,cu2311C68000,cu2311C68000,3162.0,0.0,0.0,0.0,2,756.0,0.0,0,3162.0,0.0,0.0,0.0,0.0,0.0,1
2023-05-09 23:08:09,cu2311C68000,cu2311C68000,3162.0,0.0,0.0,0.0,1,782.0,0.0,0,3162.0,0.0,0.0,0.0,0.0,0.0,1
2023-05-09 23:08:09,cu2311C68000,cu2311C68000,3162.0,0.0,0.0,0.0,1,754.0,0.0,0,3162.0,0.0,0.0,0.0,0.0,0.0,1
2023-05-09 23:08:10,cu2311C68000,cu2311C68000,3162.0,0.0,0.0,0.0,2,756.0,0.0,0,3162.0,0.0,0.0,0.0,0.0,0.0,1
2023-05-09 23:08:10,cu2311C68000,cu2311C68000,3162.0,0.0,0.0,0.0,1,782.0,0.0,0,3162.0,0.0,0.0,0.0,0.0,0.0,1
2023-05-09 23:08:11,cu2311C68000,cu2311C68000,3162.0,0.0,0.0,0.0,1,754.0,0.0,0,3162.0,0.0,0.0,0.0,0.0,0.0,1
2023-05-09 23:08:11,cu2311C68000,cu2311C68000,3162.0,0.0,0.0,0.0,2,756.0,0.0,0,3162.0,0.0,0.0,0.0,0.0,0.0,1
2023-05-09 23:08:12,cu2311C68000,cu2311C68000,3162.0,0.0,0.0,0.0,1,782.0,0.0,0,3162.0,0.0,0.0,0.0,0.0,0.0,1
2023-05-09 23:08:12,cu2311C68000,cu2311C68000,3162.0,0.0,0.0,0.0,1,754.0,0.0,0,3162.0,0.0,0.0,0.0,0.0,0.0,1
2023-05-09 23:08:13,cu2311C68000,cu2311C68000,3162.0,0.0,0.0,0.0,2,756.0,0.0,0,3162.0,0.0,0.0,0.0,0.0,0.0,1
2023-05-09 23:08:13,cu2311C68000,cu2311C68000,3162.0,0.0,0.0,0.0,1,782.0,0.0,0,3162.0,0.0,0.0,0.0,0.0,0.0,1
2023-05-09 23:08:14,cu2311C68000,cu2311C68000,3162.0,0.0,0.0,0.0,1,782.0,0.0,0,3162.0,0.0,0.0,0.0,0.0,0.0,1
2023-05-09 23:08:14,cu2311C68000,cu2311C68000,3162.0,0.0,0.0,0.0,2,784.0,0.0,0,3162.0,0.0,0.0,0.0,0.0,0.0,1
2023-05-09 23:08:15,cu2311C68000,cu2311C68000,3162.0,0.0,0.0,0.0,1,810.0,0.0,0,3162.0,0.0,0.0,0.0,0.0,0.0,1
2023-05-09 23:08:15,cu2311C68000,cu2311C68000,3162.0,0.0,0.0,0.0,1,810.0,0.0,0,3162.0,0.0,0.0,0.0,0.0,0.0,1
2023-05-09 23:08:16,cu2311C68000,cu2311C68000,3162.0,0.0,0.0,0.0,2,812.0,0.0,0,3162.0,0.0,0.0,0.0,0.0,0.0,1
2023-05-09 23:08:16,cu2311C68000,cu2311C68000,3162.0,0.0,0.0,0.0,1,838.0,0.0,0,3162.0,0.0,0.0,0.0,0.0,0.0,1
2023-05-09 23:08:17,cu2311C68000,cu2311C68000,3162.0,0.0,0.0,0.0,1,838.0,0.0,0,3162.0,0.0,0.0,0.0,0.0,0.0,1
2023-05-09 23:08:17,cu2311C68000,cu2311C68000,3162.0,0.0,0.0,0.0,2,840.0,0.0,0,3162.0,0.0,0.0,0.0,0.0,0.0,1
2023-05-09 23:08:18,cu2311C68000,cu2311C68000,3162.0,0.0,0.0,0.0,1,866.0,0.0,0,3162.0,0.0,0.0,0.0,0.0,0.0,1
2023-05-09 23:08:19,cu2311C68000,cu2311C68000,3162.0,0.0,0.0,0.0,1,866.0,0.0,0,3162.0,0.0,0.0,0.0,0.0,0.0,1
2023-05-09 23:08:19,cu2311C68000,cu2311C68000,3162.0,0.0,0.0,0.0,2,868.0,0.0,0,3162.0,0.0,0.0,0.0,0.0,0.0,1
2023-05-09 23:08:20,cu2311C68000,cu2311C68000,3162.0,0.0,0.0,0.0,1,882.0,0.0,0,3162.0,0.0,0.0,0.0,0.0,0.0,1
2023-05-09 23:08:20,cu2311C68000,cu2311C68000,3162.0,0.0,0.0,0.0,1,882.0,0.0,0,3162.0,0.0,0.0,0.0,0.0,0.0,1
2023-05-09 23:08:21,cu2311C68000,cu2311C68000,3162.0,0.0,0.0,0.0,2,884.0,0.0,0,3162.0,0.0,0.0,0.0,0.0,0.0,1
2023-05-09 23:08:21,cu2311C68000,cu2311C68000,3162.0,0.0,0.0,0.0,1,886.0,0.0,0,3162.0,0.0,0.0,0.0,0.0,0.0,1
2023-05-09 23:08:22,cu2311C68000,cu2311C68000,3162.0,0.0,0.0,0.0,1,886.0,0.0,0,3162.0,0.0,0.0,0.0,0.0,0.0,1
2023-05-09 23:08:22,cu2311C68000,cu2311C68000,3162.0,0.0,0.0,0.0,2,888.0,0.0,0,3162.0,0.0,0.0,0.0,0.0,0.0,1
2023-05-09 23:08:23,cu2311C68000,cu2311C68000,3162.0,0.0,0.0,0.0,1,890.0,0.0,0,3162.0,0.0,0.0,0.0,0.0,0.0,1
2023-05-09 23:08:23,cu2311C68000,cu2311C68000,3162.0,0.0,0.0,0.0,1,890.0,0.0,0,3162.0,0.0,0.0,0.0,0.0,0.0,1
2023-05-09 23:08:24,cu2311C68000,cu2311C68000,3162.0,0.0,0.0,0.0,2,892.0,0.0,0,3162.0,0.0,0.0,0.0,0.0,0.0,1
2023-05-09 23:08:24,cu2311C68000,cu2311C68000,3162.0,0.0,0.0,0.0,1,894.0,0.0,0,3162.0,0.0,0.0,0.0,0.0,0.0,1
2023-05-09 23:08:25,cu2311C68000,cu2311C68000,3162.0,0.0,0.0,0.0,1,894.0,0.0,0,3162.0,0.0,0.0,0.0,0.0,0.0,1
2023-05-09 23:08:25,cu2311C68000,cu2311C68000,3162.0,0.0,0.0,0.0,2,896.0,0.0,0,3162.0,0.0,0.0,0.0,0.0,0.0,1
2023-05-09 23:08:26,cu2311C68000,cu2311C68000,3162.0,0.0,0.0,0.0,1,898.0,0.0,0,3162.0,0.0,0.0,0.0,0.0,0.0,1
2023-05-09 23:08:26,cu2311C68000,cu2311C68000,3162.0,0.0,0.0,0.0,1,898.0,0.0,0,3162.0,0.0,0.0,0.0,0.0,0.0,1
2023-05-09 23:08:27,cu2311C68000,cu2311C68000,3162.0,0.0,0.0,0.0,2,900.0,0.0,0,3162.0,0.0,0.0,0.0,0.0,0.0,1
2023-05-09 23:08:27,cu2311C68000,cu2311C68000,3162.0,0.0,0.0,0.0,2,900.0,0.0,0,3162.0,0.0,0.0,0.0,0.0,0.0,1
2023-05-09 23:43:52,cu2311C68000,cu2311C68000,3162.0,0.0,0.0,0.0,1,926.0,0.0,0,3162.0,0.0,0.0,0.0,0.0,0.0,1
2023-05-09 23:43:53,cu2311C68000,cu2311C68000,3162.0,0.0,0.0,0.0,1,926.0,0.0,0,3162.0,0.0,0.0,0.0,0.0,0.0,1
2023-05-09 23:43:53,cu2311C68000,cu2311C68000,3162.0,0.0,0.0,0.0,2,928.0,0.0,0,3162.0,0.0,0.0,0.0,0.0,0.0,1
2023-05-09 23:43:54,cu2311C68000,cu2311C68000,3162.0,0.0,0.0,0.0,1,2702.0,2760.0,1,3162.0,0.0,0.0,0.0,0.0,0.0,1
2023-05-09 23:43:54,cu2311C68000,cu2311C68000,3162.0,0.0,0.0,0.0,1,2702.0,2760.0,1,3162.0,0.0,0.0,0.0,0.0,0.0,1
2023-05-09 23:43:56,cu2311C68000,cu2311C68000,3162.0,0.0,0.0,0.0,1,2702.0,2760.0,1,3162.0,0.0,0.0,0.0,0.0,0.0,1
2023-05-09 23:43:58,cu2311C68000,cu2311C68000,3162.0,0.0,0.0,0.0,1,2702.0,2760.0,1,3162.0,0.0,0.0,0.0,0.0,0.0,1
2023-05-09 23:43:59,cu2311C68000,cu2311C68000,3162.0,0.0,0.0,0.0,1,2702.0,2760.0,1,3162.0,0.0,0.0,0.0,0.0,0.0,1
2023-05-09 23:43:59,cu2311C68000,cu2311C68000,3162.0,0.0,0.0,0.0,2,2702.0,2760.0,3,3162.0,0.0,0.0,0.0,0.0,0.0,1
2023-05-09 23:44:00,cu2311C68000,cu2311C68000,3162.0,0.0,0.0,0.0,2,2702.0,2760.0,3,3162.0,0.0,0.0,0.0,0.0,0.0,1
2023-05-09 23:44:01,cu2311C68000,cu2311C68000,3162.0,0.0,0.0,0.0,2,2702.0,2758.0,1,3162.0,0.0,0.0,0.0,0.0,0.0,1
2023-05-09 23:44:03,cu2311C68000,cu2311C68000,3162.0,0.0,0.0,0.0,3,2702.0,2758.0,2,3162.0,0.0,0.0,0.0,0.0,0.0,1
2023-05-09 23:44:05,cu2311C68000,cu2311C68000,3162.0,0.0,0.0,0.0,2,2702.0,2758.0,2,3162.0,0.0,0.0,0.0,0.0,0.0,1
2023-05-09 23:44:07,cu2311C68000,cu2311C68000,3162.0,0.0,0.0,0.0,2,2702.0,2758.0,2,3162.0,0.0,0.0,0.0,0.0,0.0,1
2023-05-09 23:44:09,cu2311C68000,cu2311C68000,3162.0,0.0,0.0,0.0,1,2702.0,2758.0,2,3162.0,0.0,0.0,0.0,0.0,0.0,1
2023-05-09 23:44:10,cu2311C68000,cu2311C68000,3162.0,0.0,0.0,0.0,1,2702.0,2758.0,2,3162.0,0.0,0.0,0.0,0.0,0.0,1
2023-05-09 23:44:10,cu2311C68000,cu2311C68000,3162.0,0.0,0.0,0.0,1,2702.0,2758.0,2,3162.0,0.0,0.0,0.0,0.0,0.0,1
2023-05-09 23:44:11,cu2311C68000,cu2311C68000,3162.0,0.0,0.0,0.0,1,2702.0,2758.0,2,3162.0,0.0,0.0,0.0,0.0,0.0,1
2023-05-09 23:44:12,cu2311C68000,cu2311C68000,3162.0,0.0,0.0,0.0,1,2702.0,2758.0,2,3162.0,0.0,0.0,0.0,0.0,0.0,1
2023-05-09 23:44:13,cu2311C68000,cu2311C68000,3162.0,0.0,0.0,0.0,1,2702.0,2758.0,1,3162.0,0.0,0.0,0.0,0.0,0.0,1
2023-05-09 23:44:14,cu2311C68000,cu2311C68000,3162.0,0.0,0.0,0.0,1,2662.0,2760.0,1,3162.0,0.0,0.0,0.0,0.0,0.0,1
2023-05-09 23:44:14,cu2311C68000,cu2311C68000,3162.0,0.0,0.0,0.0,1,754.0,0.0,0,3162.0,0.0,0.0,0.0,0.0,0.0,1
2023-05-09 23:44:15,cu2311C68000,cu2311C68000,3162.0,0.0,0.0,0.0,1,780.0,0.0,0,3162.0,0.0,0.0,0.0,0.0,0.0,1
2023-05-09 23:44:15,cu2311C68000,cu2311C68000,3162.0,0.0,0.0,0.0,1,780.0,0.0,0,3162.0,0.0,0.0,0.0,0.0,0.0,1
2023-05-09 23:44:16,cu2311C68000,cu2311C68000,3162.0,0.0,0.0,0.0,2,782.0,0.0,0,3162.0,0.0,0.0,0.0,0.0,0.0,1
2023-05-09 23:44:16,cu2311C68000,cu2311C68000,3162.0,0.0,0.0,0.0,1,808.0,0.0,0,3162.0,0.0,0.0,0.0,0.0,0.0,1
2023-05-09 23:44:18,cu2311C68000,cu2311C68000,3162.0,0.0,0.0,0.0,1,808.0,0.0,0,3162.0,0.0,0.0,0.0,0.0,0.0,1
2023-05-09 23:44:18,cu2311C68000,cu2311C68000,3162.0,0.0,0.0,0.0,2,810.0,0.0,0,3162.0,0.0,0.0,0.0,0.0,0.0,1
2023-05-09 23:44:19,cu2311C68000,cu2311C68000,3162.0,0.0,0.0,0.0,2,810.0,0.0,0,3162.0,0.0,0.0,0.0,0.0,0.0,1
2023-05-09 23:44:19,cu2311C68000,cu2311C68000,3162.0,0.0,0.0,0.0,1,836.0,0.0,0,3162.0,0.0,0.0,0.0,0.0,0.0,1
2023-05-09 23:44:20,cu2311C68000,cu2311C68000,3162.0,0.0,0.0,0.0,1,754.0,0.0,0,3162.0,0.0,0.0,0.0,0.0,0.0,1
2023-05-09 23:44:20,cu2311C68000,cu2311C68000,3162.0,0.0,0.0,0.0,2,756.0,0.0,0,3162.0,0.0,0.0,0.0,0.0,0.0,1
2023-05-10 00:55:02,cu2311C68000,cu2311C68000,3162.0,0.0,0.0,0.0,1,754.0,0.0,0,3162.0,0.0,0.0,0.0,0.0,0.0,1
2023-05-10 00:59:41,cu2311C68000,cu2311C68000,3162.0,0.0,0.0,0.0,1,752.0,0.0,0,3162.0,0.0,0.0,0.0,0.0,0.0,1
2023-05-10 00:59:45,cu2311C68000,cu2311C68000,3162.0,0.0,0.0,0.0,1,12.0,0.0,0,3162.0,0.0,0.0,0.0,0.0,0.0,1
2023-05-10 00:59:46,cu2311C68000,cu2311C68000,3162.0,0.0,0.0,0.0,1,12.0,0.0,0,3162.0,0.0,0.0,0.0,0.0,0.0,1
2023-05-10 09:00:22,cu2311C68000,cu2311C68000,3162.0,0.0,0.0,0.0,1,796.0,0.0,0,3162.0,0.0,0.0,0.0,0.0,0.0,1
2023-05-10 09:00:23,cu2311C68000,cu2311C68000,3162.0,0.0,0.0,0.0,2,798.0,0.0,0,3162.0,0.0,0.0,0.0,0.0,0.0,1
2023-05-10 09:27:21,cu2311C68000,cu2311C68000,3162.0,0.0,0.0,0.0,2,798.0,0.0,0,3162.0,0.0,0.0,0.0,0.0,0.0,1
2023-05-10 09:32:18,cu2311C68000,cu2311C68000,3162.0,0.0,0.0,0.0,2,798.0,0.0,0,3162.0,0.0,0.0,0.0,0.0,0.0,1
2023-05-10 09:35:27,cu2311C68000,cu2311C68000,3162.0,0.0,0.0,0.0,2,798.0,0.0,0,3162.0,0.0,0.0,0.0,0.0,0.0,1
2023-05-10 09:37:43,cu2311C68000,cu2311C68000,3162.0,0.0,0.0,0.0,2,798.0,0.0,0,3162.0,0.0,0.0,0.0,0.0,0.0,1
2023-05-10 10:14:33,cu2311C68000,cu2311C68000,3162.0,0.0,0.0,0.0,1,796.0,0.0,0,3162.0,0.0,0.0,0.0,0.0,0.0,1
2023-05-10 10:30:05,cu2311C68000,cu2311C68000,3162.0,0.0,0.0,0.0,2,798.0,0.0,0,3162.0,0.0,0.0,0.0,0.0,0.0,1
2023-05-10 11:29:33,cu2311C68000,cu2311C68000,3162.0,0.0,0.0,0.0,1,796.0,0.0,0,3162.0,0.0,0.0,0.0,0.0,0.0,1
2023-05-10 13:30:55,cu2311C68000,cu2311C68000,3162.0,0.0,0.0,0.0,2,798.0,0.0,0,3162.0,0.0,0.0,0.0,0.0,0.0,1
2023-05-10 13:43:45,cu2311C68000,cu2311C68000,3162.0,0.0,0.0,0.0,1,812.0,0.0,0,3162.0,0.0,0.0,0.0,0.0,0.0,1
2023-05-10 13:43:45,cu2311C68000,cu2311C68000,3162.0,0.0,0.0,0.0,1,812.0,0.0,0,3162.0,0.0,0.0,0.0,0.0,0.0,1
2023-05-10 13:43:46,cu2311C68000,cu2311C68000,3162.0,0.0,0.0,0.0,2,814.0,0.0,0,3162.0,0.0,0.0,0.0,0.0,0.0,1
2023-05-10 13:43:46,cu2311C68000,cu2311C68000,3162.0,0.0,0.0,0.0,1,828.0,0.0,0,3162.0,0.0,0.0,0.0,0.0,0.0,1
2023-05-10 13:43:47,cu2311C68000,cu2311C68000,3162.0,0.0,0.0,0.0,1,828.0,0.0,0,3162.0,0.0,0.0,0.0,0.0,0.0,1
2023-05-10 13:43:47,cu2311C68000,cu2311C68000,3162.0,0.0,0.0,0.0,2,830.0,0.0,0,3162.0,0.0,0.0,0.0,0.0,0.0,1
2023-05-10 13:43:48,cu2311C68000,cu2311C68000,3162.0,0.0,0.0,0.0,1,832.0,0.0,0,3162.0,0.0,0.0,0.0,0.0,0.0,1
2023-05-10 13:43:48,cu2311C68000,cu2311C68000,3162.0,0.0,0.0,0.0,1,832.0,0.0,0,3162.0,0.0,0.0,0.0,0.0,0.0,1
2023-05-10 13:43:49,cu2311C68000,cu2311C68000,3162.0,0.0,0.0,0.0,2,834.0,0.0,0,3162.0,0.0,0.0,0.0,0.0,0.0,1
2023-05-10 13:43:49,cu2311C68000,cu2311C68000,3162.0,0.0,0.0,0.0,2,834.0,0.0,0,3162.0,0.0,0.0,0.0,0.0,0.0,1
2023-05-10 13:43:50,cu2311C68000,cu2311C68000,3162.0,0.0,0.0,0.0,1,836.0,0.0,0,3162.0,0.0,0.0,0.0,0.0,0.0,1
2023-05-10 13:43:50,cu2311C68000,cu2311C68000,3162.0,0.0,0.0,0.0,1,836.0,0.0,0,3162.0,0.0,0.0,0.0,0.0,0.0,1
2023-05-10 13:43:51,cu2311C68000,cu2311C68000,3162.0,0.0,0.0,0.0,2,838.0,0.0,0,3162.0,0.0,0.0,0.0,0.0,0.0,1
2023-05-10 13:43:51,cu2311C68000,cu2311C68000,3162.0,0.0,0.0,0.0,1,840.0,0.0,0,3162.0,0.0,0.0,0.0,0.0,0.0,1
2023-05-10 13:43:52,cu2311C68000,cu2311C68000,3162.0,0.0,0.0,0.0,1,840.0,0.0,0,3162.0,0.0,0.0,0.0,0.0,0.0,1
2023-05-10 13:43:52,cu2311C68000,cu2311C68000,3162.0,0.0,0.0,0.0,2,842.0,0.0,0,3162.0,0.0,0.0,0.0,0.0,0.0,1
2023-05-10 13:43:53,cu2311C68000,cu2311C68000,3162.0,0.0,0.0,0.0,2,842.0,0.0,0,3162.0,0.0,0.0,0.0,0.0,0.0,1
2023-05-10 13:52:21,cu2311C68000,cu2311C68000,3162.0,0.0,0.0,0.0,1,2656.0,2694.0,1,3162.0,0.0,0.0,0.0,0.0,0.0,1
2023-05-10 13:52:22,cu2311C68000,cu2311C68000,3162.0,0.0,0.0,0.0,1,2656.0,2694.0,1,3162.0,0.0,0.0,0.0,0.0,0.0,1
2023-05-10 13:52:27,cu2311C68000,cu2311C68000,3162.0,0.0,0.0,0.0,1,2656.0,2694.0,1,3162.0,0.0,0.0,0.0,0.0,0.0,1
2023-05-10 13:52:28,cu2311C68000,cu2311C68000,3162.0,0.0,0.0,0.0,1,2656.0,2694.0,1,3162.0,0.0,0.0,0.0,0.0,0.0,1
2023-05-10 13:52:29,cu2311C68000,cu2311C68000,3162.0,0.0,0.0,0.0,1,2674.0,2694.0,2,3162.0,0.0,0.0,0.0,0.0,0.0,1
2023-05-10 13:52:29,cu2311C68000,cu2311C68000,3162.0,0.0,0.0,0.0,1,2674.0,2694.0,2,3162.0,0.0,0.0,0.0,0.0,0.0,1
2023-05-10 13:52:31,cu2311C68000,cu2311C68000,3162.0,0.0,0.0,0.0,1,2674.0,2694.0,2,3162.0,0.0,0.0,0.0,0.0,0.0,1
2023-05-10 13:52:32,cu2311C68000,cu2311C68000,3162.0,0.0,0.0,0.0,1,2674.0,2694.0,2,3162.0,0.0,0.0,0.0,0.0,0.0,1
2023-05-10 13:52:32,cu2311C68000,cu2311C68000,3162.0,0.0,0.0,0.0,1,2684.0,2694.0,2,3162.0,0.0,0.0,0.0,0.0,0.0,1
2023-05-10 13:52:33,cu2311C68000,cu2311C68000,3162.0,0.0,0.0,0.0,1,2684.0,2694.0,2,3162.0,0.0,0.0,0.0,0.0,0.0,1
2023-05-10 13:52:33,cu2311C68000,cu2311C68000,3162.0,0.0,0.0,0.0,2,2684.0,2694.0,2,3162.0,0.0,0.0,0.0,0.0,0.0,1
2023-05-10 13:52:39,cu2311C68000,cu2311C68000,3162.0,0.0,0.0,0.0,2,2684.0,2694.0,1,3162.0,0.0,0.0,0.0,0.0,0.0,1
2023-05-10 13:52:40,cu2311C68000,cu2311C68000,3162.0,0.0,0.0,0.0,2,2684.0,2694.0,1,3162.0,0.0,0.0,0.0,0.0,0.0,1
2023-05-10 13:52:40,cu2311C68000,cu2311C68000,3162.0,0.0,0.0,0.0,2,2684.0,2694.0,1,3162.0,0.0,0.0,0.0,0.0,0.0,1
2023-05-10 13:52:42,cu2311C68000,cu2311C68000,3162.0,0.0,0.0,0.0,2,2684.0,2694.0,1,3162.0,0.0,0.0,0.0,0.0,0.0,1
2023-05-10 13:52:42,cu2311C68000,cu2311C68000,3162.0,0.0,0.0,0.0,2,2684.0,2694.0,1,3162.0,0.0,0.0,0.0,0.0,0.0,1
2023-05-10 13:52:43,cu2311C68000,cu2311C68000,3162.0,0.0,0.0,0.0,2,2684.0,2694.0,1,3162.0,0.0,0.0,0.0,0.0,0.0,1
2023-05-10 13:52:43,cu2311C68000,cu2311C68000,3162.0,0.0,0.0,0.0,1,2684.0,2694.0,1,3162.0,0.0,0.0,0.0,0.0,0.0,1
2023-05-10 13:52:44,cu2311C68000,cu2311C68000,3162.0,0.0,0.0,0.0,1,796.0,0.0,0,3162.0,0.0,0.0,0.0,0.0,0.0,1
2023-05-10 13:52:44,cu2311C68000,cu2311C68000,3162.0,0.0,0.0,0.0,1,822.0,0.0,0,3162.0,0.0,0.0,0.0,0.0,0.0,1
2023-05-10 13:52:45,cu2311C68000,cu2311C68000,3162.0,0.0,0.0,0.0,1,822.0,0.0,0,3162.0,0.0,0.0,0.0,0.0,0.0,1
2023-05-10 13:52:45,cu2311C68000,cu2311C68000,3162.0,0.0,0.0,0.0,2,824.0,0.0,0,3162.0,0.0,0.0,0.0,0.0,0.0,1
2023-05-10 13:52:46,cu2311C68000,cu2311C68000,3162.0,0.0,0.0,0.0,1,850.0,0.0,0,3162.0,0.0,0.0,0.0,0.0,0.0,1
2023-05-10 13:52:46,cu2311C68000,cu2311C68000,3162.0,0.0,0.0,0.0,1,850.0,0.0,0,3162.0,0.0,0.0,0.0,0.0,0.0,1
2023-05-10 13:52:47,cu2311C68000,cu2311C68000,3162.0,0.0,0.0,0.0,2,852.0,0.0,0,3162.0,0.0,0.0,0.0,0.0,0.0,1
2023-05-10 14:59:02,cu2311C68000,cu2311C68000,3162.0,0.0,0.0,0.0,1,796.0,0.0,0,3162.0,0.0,0.0,0.0,0.0,0.0,1
2023-05-10 15:14:42,cu2311C68000,cu2311C68000,3162.0,0.0,0.0,0.0,1,796.0,0.0,0,3162.0,0.0,0.0,0.0,0.0,0.0,1
