time,symbol_id,symbol_name,last,trade_volume,trade_amount,open_interest_change,bv1,bp1,ap1,av1,yesterday_close,today_open,today_high,today_low,volume,amount,open_interest
2023-05-09 20:59:00,cu2311C65000,cu2311C65000,4648.0,0.0,0.0,0.0,1,2.0,0.0,0,4648.0,0.0,0.0,0.0,0.0,0.0,5
2023-05-09 21:00:04,cu2311C65000,cu2311C65000,4648.0,0.0,0.0,0.0,1,4.0,0.0,0,4648.0,0.0,0.0,0.0,0.0,0.0,5
2023-05-09 21:00:18,cu2311C65000,cu2311C65000,4648.0,0.0,0.0,0.0,1,1000.0,0.0,0,4648.0,0.0,0.0,0.0,0.0,0.0,5
2023-05-09 21:00:21,cu2311C65000,cu2311C65000,4648.0,0.0,0.0,0.0,2,1000.0,0.0,0,4648.0,0.0,0.0,0.0,0.0,0.0,5
2023-05-09 21:05:58,cu2311C65000,cu2311C65000,4648.0,0.0,0.0,0.0,2,1000.0,0.0,0,4648.0,0.0,0.0,0.0,0.0,0.0,5
2023-05-09 21:08:38,cu2311C65000,cu2311C65000,4648.0,0.0,0.0,0.0,2,1000.0,0.0,0,4648.0,0.0,0.0,0.0,0.0,0.0,5
2023-05-09 21:12:51,cu2311C65000,cu2311C65000,4648.0,0.0,0.0,0.0,2,1000.0,0.0,0,4648.0,0.0,0.0,0.0,0.0,0.0,5
2023-05-09 22:50:12,cu2311C65000,cu2311C65000,4648.0,0.0,0.0,0.0,2,1000.0,0.0,0,4648.0,0.0,0.0,0.0,0.0,0.0,5
2023-05-09 23:43:52,cu2311C65000,cu2311C65000,4648.0,0.0,0.0,0.0,1,1014.0,0.0,0,4648.0,0.0,0.0,0.0,0.0,0.0,5
2023-05-09 23:43:58,cu2311C65000,cu2311C65000,4648.0,0.0,0.0,0.0,1,4284.0,4356.0,1,4648.0,0.0,0.0,0.0,0.0,0.0,5
2023-05-09 23:43:58,cu2311C65000,cu2311C65000,4648.0,0.0,0.0,0.0,1,4284.0,4356.0,1,4648.0,0.0,0.0,0.0,0.0,0.0,5
2023-05-09 23:43:59,cu2311C65000,cu2311C65000,4648.0,0.0,0.0,0.0,1,4284.0,4310.0,1,4648.0,0.0,0.0,0.0,0.0,0.0,5
2023-05-09 23:43:59,cu2311C65000,cu2311C65000,4648.0,0.0,0.0,0.0,2,4284.0,4310.0,1,4648.0,0.0,0.0,0.0,0.0,0.0,5
2023-05-09 23:44:00,cu2311C65000,cu2311C65000,4648.0,0.0,0.0,0.0,2,4284.0,4310.0,1,4648.0,0.0,0.0,0.0,0.0,0.0,5
2023-05-09 23:44:01,cu2311C65000,cu2311C65000,4648.0,0.0,0.0,0.0,2,4284.0,4310.0,1,4648.0,0.0,0.0,0.0,0.0,0.0,5
2023-05-09 23:44:03,cu2311C65000,cu2311C65000,4648.0,0.0,0.0,0.0,3,4284.0,4310.0,3,4648.0,0.0,0.0,0.0,0.0,0.0,5
2023-05-09 23:44:09,cu2311C65000,cu2311C65000,4648.0,0.0,0.0,0.0,2,4284.0,4310.0,3,4648.0,0.0,0.0,0.0,0.0,0.0,5
2023-05-09 23:44:09,cu2311C65000,cu2311C65000,4648.0,0.0,0.0,0.0,1,4284.0,4310.0,3,4648.0,0.0,0.0,0.0,0.0,0.0,5
2023-05-09 23:44:10,cu2311C65000,cu2311C65000,4648.0,0.0,0.0,0.0,1,4284.0,4310.0,2,4648.0,0.0,0.0,0.0,0.0,0.0,5
2023-05-09 23:44:10,cu2311C65000,cu2311C65000,4648.0,0.0,0.0,0.0,1,4284.0,4310.0,2,4648.0,0.0,0.0,0.0,0.0,0.0,5
2023-05-09 23:44:11,cu2311C65000,cu2311C65000,4648.0,0.0,0.0,0.0,1,4284.0,4310.0,2,4648.0,0.0,0.0,0.0,0.0,0.0,5
2023-05-09 23:44:11,cu2311C65000,cu2311C65000,4648.0,0.0,0.0,0.0,1,4284.0,4310.0,2,4648.0,0.0,0.0,0.0,0.0,0.0,5
2023-05-09 23:44:12,cu2311C65000,cu2311C65000,4648.0,0.0,0.0,0.0,1,4284.0,4310.0,2,4648.0,0.0,0.0,0.0,0.0,0.0,5
2023-05-09 23:44:13,cu2311C65000,cu2311C65000,4648.0,0.0,0.0,0.0,1,4284.0,4310.0,2,4648.0,0.0,0.0,0.0,0.0,0.0,5
2023-05-09 23:44:14,cu2311C65000,cu2311C65000,4648.0,0.0,0.0,0.0,1,4200.0,4310.0,1,4648.0,0.0,0.0,0.0,0.0,0.0,5
2023-05-09 23:44:18,cu2311C65000,cu2311C65000,4648.0,0.0,0.0,0.0,2,1000.0,0.0,0,4648.0,0.0,0.0,0.0,0.0,0.0,5
2023-05-09 23:44:19,cu2311C65000,cu2311C65000,4648.0,0.0,0.0,0.0,1,1026.0,0.0,0,4648.0,0.0,0.0,0.0,0.0,0.0,5
2023-05-09 23:44:20,cu2311C65000,cu2311C65000,4648.0,0.0,0.0,0.0,1,1052.0,0.0,0,4648.0,0.0,0.0,0.0,0.0,0.0,5
2023-05-10 00:55:02,cu2311C65000,cu2311C65000,4648.0,0.0,0.0,0.0,2,1000.0,0.0,0,4648.0,0.0,0.0,0.0,0.0,0.0,5
2023-05-10 00:59:41,cu2311C65000,cu2311C65000,4648.0,0.0,0.0,0.0,1,1000.0,0.0,0,4648.0,0.0,0.0,0.0,0.0,0.0,5
2023-05-10 00:59:45,cu2311C65000,cu2311C65000,4648.0,0.0,0.0,0.0,1,12.0,0.0,0,4648.0,0.0,0.0,0.0,0.0,0.0,5
2023-05-10 00:59:46,cu2311C65000,cu2311C65000,4648.0,0.0,0.0,0.0,1,12.0,0.0,0,4648.0,0.0,0.0,0.0,0.0,0.0,5
2023-05-10 09:00:15,cu2311C65000,cu2311C65000,4648.0,0.0,0.0,0.0,1,14.0,0.0,0,4648.0,0.0,0.0,0.0,0.0,0.0,5
2023-05-10 09:00:22,cu2311C65000,cu2311C65000,4648.0,0.0,0.0,0.0,1,1000.0,0.0,0,4648.0,0.0,0.0,0.0,0.0,0.0,5
2023-05-10 09:32:18,cu2311C65000,cu2311C65000,4648.0,0.0,0.0,0.0,1,1000.0,0.0,0,4648.0,0.0,0.0,0.0,0.0,0.0,5
2023-05-10 09:35:26,cu2311C65000,cu2311C65000,4648.0,0.0,0.0,0.0,1,1000.0,0.0,0,4648.0,0.0,0.0,0.0,0.0,0.0,5
2023-05-10 09:37:43,cu2311C65000,cu2311C65000,4648.0,0.0,0.0,0.0,1,1000.0,0.0,0,4648.0,0.0,0.0,0.0,0.0,0.0,5
2023-05-10 13:52:21,cu2311C65000,cu2311C65000,4648.0,0.0,0.0,0.0,1,4226.0,4276.0,1,4648.0,0.0,0.0,0.0,0.0,0.0,5
2023-05-10 13:52:22,cu2311C65000,cu2311C65000,4648.0,0.0,0.0,0.0,1,4226.0,4276.0,1,4648.0,0.0,0.0,0.0,0.0,0.0,5
2023-05-10 13:52:27,cu2311C65000,cu2311C65000,4648.0,0.0,0.0,0.0,1,4226.0,4276.0,2,4648.0,0.0,0.0,0.0,0.0,0.0,5
2023-05-10 13:52:28,cu2311C65000,cu2311C65000,4648.0,0.0,0.0,0.0,1,4226.0,4276.0,2,4648.0,0.0,0.0,0.0,0.0,0.0,5
2023-05-10 13:52:29,cu2311C65000,cu2311C65000,4648.0,0.0,0.0,0.0,1,4248.0,4276.0,3,4648.0,0.0,0.0,0.0,0.0,0.0,5
2023-05-10 13:52:29,cu2311C65000,cu2311C65000,4648.0,0.0,0.0,0.0,1,4248.0,4276.0,3,4648.0,0.0,0.0,0.0,0.0,0.0,5
2023-05-10 13:52:31,cu2311C65000,cu2311C65000,4648.0,0.0,0.0,0.0,1,4248.0,4276.0,4,4648.0,0.0,0.0,0.0,0.0,0.0,5
2023-05-10 13:52:32,cu2311C65000,cu2311C65000,4648.0,0.0,0.0,0.0,1,4248.0,4276.0,4,4648.0,0.0,0.0,0.0,0.0,0.0,5
2023-05-10 13:52:33,cu2311C65000,cu2311C65000,4648.0,0.0,0.0,0.0,2,4248.0,4276.0,4,4648.0,0.0,0.0,0.0,0.0,0.0,5
2023-05-10 13:52:34,cu2311C65000,cu2311C65000,4648.0,0.0,0.0,0.0,1,4254.0,4276.0,4,4648.0,0.0,0.0,0.0,0.0,0.0,5
2023-05-10 13:52:39,cu2311C65000,cu2311C65000,4648.0,0.0,0.0,0.0,1,4254.0,4276.0,3,4648.0,0.0,0.0,0.0,0.0,0.0,5
2023-05-10 13:52:40,cu2311C65000,cu2311C65000,4648.0,0.0,0.0,0.0,1,4254.0,4276.0,3,4648.0,0.0,0.0,0.0,0.0,0.0,5
2023-05-10 13:52:40,cu2311C65000,cu2311C65000,4648.0,0.0,0.0,0.0,1,4254.0,4276.0,3,4648.0,0.0,0.0,0.0,0.0,0.0,5
2023-05-10 13:52:41,cu2311C65000,cu2311C65000,4648.0,0.0,0.0,0.0,1,4254.0,4276.0,3,4648.0,0.0,0.0,0.0,0.0,0.0,5
2023-05-10 13:52:42,cu2311C65000,cu2311C65000,4648.0,0.0,0.0,0.0,1,4254.0,4276.0,2,4648.0,0.0,0.0,0.0,0.0,0.0,5
2023-05-10 13:52:42,cu2311C65000,cu2311C65000,4648.0,0.0,0.0,0.0,1,4254.0,4276.0,1,4648.0,0.0,0.0,0.0,0.0,0.0,5
2023-05-10 13:52:43,cu2311C65000,cu2311C65000,4648.0,0.0,0.0,0.0,1,4254.0,4276.0,1,4648.0,0.0,0.0,0.0,0.0,0.0,5
2023-05-10 13:52:44,cu2311C65000,cu2311C65000,4648.0,0.0,0.0,0.0,1,4254.0,4324.0,1,4648.0,0.0,0.0,0.0,0.0,0.0,5
2023-05-10 13:52:45,cu2311C65000,cu2311C65000,4648.0,0.0,0.0,0.0,1,1000.0,0.0,0,4648.0,0.0,0.0,0.0,0.0,0.0,5
2023-05-10 13:52:45,cu2311C65000,cu2311C65000,4648.0,0.0,0.0,0.0,1,1026.0,0.0,0,4648.0,0.0,0.0,0.0,0.0,0.0,5
2023-05-10 13:52:47,cu2311C65000,cu2311C65000,4648.0,0.0,0.0,0.0,1,1000.0,0.0,0,4648.0,0.0,0.0,0.0,0.0,0.0,5
2023-05-10 15:14:42,cu2311C65000,cu2311C65000,4648.0,0.0,0.0,0.0,1,1000.0,0.0,0,4648.0,0.0,0.0,0.0,0.0,0.0,5
