time,symbol_id,symbol_name,last,trade_volume,trade_amount,open_interest_change,bv1,bp1,ap1,av1,yesterday_close,today_open,today_high,today_low,volume,amount,open_interest
2023-05-09 20:59:00,cu2312P58000,cu2312P58000,878.0,0.0,0.0,0.0,3,122.0,0.0,0,878.0,0.0,0.0,0.0,0.0,0.0,6
2023-05-09 21:01:25,cu2312P58000,cu2312P58000,878.0,0.0,0.0,0.0,1,124.0,0.0,0,878.0,0.0,0.0,0.0,0.0,0.0,6
2023-05-09 21:02:53,cu2312P58000,cu2312P58000,878.0,0.0,0.0,0.0,1,126.0,0.0,0,878.0,0.0,0.0,0.0,0.0,0.0,6
2023-05-09 21:05:16,cu2312P58000,cu2312P58000,878.0,0.0,0.0,0.0,1,128.0,0.0,0,878.0,0.0,0.0,0.0,0.0,0.0,6
2023-05-09 21:32:54,cu2312P58000,cu2312P58000,878.0,0.0,0.0,0.0,1,130.0,0.0,0,878.0,0.0,0.0,0.0,0.0,0.0,6
2023-05-09 21:32:55,cu2312P58000,cu2312P58000,878.0,0.0,0.0,0.0,1,130.0,0.0,0,878.0,0.0,0.0,0.0,0.0,0.0,6
2023-05-09 21:32:56,cu2312P58000,cu2312P58000,878.0,0.0,0.0,0.0,1,132.0,0.0,0,878.0,0.0,0.0,0.0,0.0,0.0,6
2023-05-09 22:01:01,cu2312P58000,cu2312P58000,878.0,0.0,0.0,0.0,1,132.0,0.0,0,878.0,0.0,0.0,0.0,0.0,0.0,6
2023-05-09 22:09:34,cu2312P58000,cu2312P58000,878.0,0.0,0.0,0.0,1,134.0,0.0,0,878.0,0.0,0.0,0.0,0.0,0.0,6
2023-05-09 22:09:35,cu2312P58000,cu2312P58000,878.0,0.0,0.0,0.0,1,136.0,0.0,0,878.0,0.0,0.0,0.0,0.0,0.0,6
2023-05-09 22:26:12,cu2312P58000,cu2312P58000,878.0,0.0,0.0,0.0,1,136.0,0.0,0,878.0,0.0,0.0,0.0,0.0,0.0,6
2023-05-09 22:43:58,cu2312P58000,cu2312P58000,878.0,0.0,0.0,0.0,1,138.0,0.0,0,878.0,0.0,0.0,0.0,0.0,0.0,6
2023-05-09 22:43:58,cu2312P58000,cu2312P58000,878.0,0.0,0.0,0.0,1,140.0,0.0,0,878.0,0.0,0.0,0.0,0.0,0.0,6
2023-05-09 22:52:12,cu2312P58000,cu2312P58000,878.0,0.0,0.0,0.0,1,140.0,0.0,0,878.0,0.0,0.0,0.0,0.0,0.0,6
2023-05-09 22:57:09,cu2312P58000,cu2312P58000,878.0,0.0,0.0,0.0,1,138.0,0.0,0,878.0,0.0,0.0,0.0,0.0,0.0,6
2023-05-09 22:58:26,cu2312P58000,cu2312P58000,878.0,0.0,0.0,0.0,1,924.0,978.0,1,878.0,0.0,0.0,0.0,0.0,0.0,6
2023-05-09 22:58:27,cu2312P58000,cu2312P58000,878.0,0.0,0.0,0.0,1,924.0,978.0,1,878.0,0.0,0.0,0.0,0.0,0.0,6
2023-05-09 22:58:29,cu2312P58000,cu2312P58000,878.0,0.0,0.0,0.0,1,924.0,958.0,1,878.0,0.0,0.0,0.0,0.0,0.0,6
2023-05-09 22:58:29,cu2312P58000,cu2312P58000,878.0,0.0,0.0,0.0,2,924.0,958.0,2,878.0,0.0,0.0,0.0,0.0,0.0,6
2023-05-09 22:58:32,cu2312P58000,cu2312P58000,878.0,0.0,0.0,0.0,2,924.0,958.0,3,878.0,0.0,0.0,0.0,0.0,0.0,6
2023-05-09 22:58:33,cu2312P58000,cu2312P58000,878.0,0.0,0.0,0.0,3,924.0,958.0,4,878.0,0.0,0.0,0.0,0.0,0.0,6
2023-05-09 22:58:33,cu2312P58000,cu2312P58000,878.0,0.0,0.0,0.0,3,924.0,958.0,4,878.0,0.0,0.0,0.0,0.0,0.0,6
2023-05-09 22:58:34,cu2312P58000,cu2312P58000,878.0,0.0,0.0,0.0,3,924.0,932.0,1,878.0,0.0,0.0,0.0,0.0,0.0,6
2023-05-09 22:58:34,cu2312P58000,cu2312P58000,878.0,0.0,0.0,0.0,3,924.0,932.0,1,878.0,0.0,0.0,0.0,0.0,0.0,6
2023-05-09 22:58:36,cu2312P58000,cu2312P58000,878.0,0.0,0.0,0.0,4,924.0,932.0,1,878.0,0.0,0.0,0.0,0.0,0.0,6
2023-05-09 22:58:38,cu2312P58000,cu2312P58000,878.0,0.0,0.0,0.0,4,924.0,932.0,2,878.0,0.0,0.0,0.0,0.0,0.0,6
2023-05-09 22:58:39,cu2312P58000,cu2312P58000,878.0,0.0,0.0,0.0,3,924.0,932.0,2,878.0,0.0,0.0,0.0,0.0,0.0,6
2023-05-09 22:58:40,cu2312P58000,cu2312P58000,878.0,0.0,0.0,0.0,3,924.0,932.0,2,878.0,0.0,0.0,0.0,0.0,0.0,6
2023-05-09 22:58:45,cu2312P58000,cu2312P58000,878.0,0.0,0.0,0.0,3,924.0,932.0,1,878.0,0.0,0.0,0.0,0.0,0.0,6
2023-05-09 22:58:45,cu2312P58000,cu2312P58000,878.0,0.0,0.0,0.0,2,924.0,932.0,1,878.0,0.0,0.0,0.0,0.0,0.0,6
2023-05-09 22:58:46,cu2312P58000,cu2312P58000,878.0,0.0,0.0,0.0,2,924.0,932.0,1,878.0,0.0,0.0,0.0,0.0,0.0,6
2023-05-09 22:58:47,cu2312P58000,cu2312P58000,878.0,0.0,0.0,0.0,2,924.0,932.0,1,878.0,0.0,0.0,0.0,0.0,0.0,6
2023-05-09 22:58:47,cu2312P58000,cu2312P58000,878.0,0.0,0.0,0.0,1,924.0,932.0,1,878.0,0.0,0.0,0.0,0.0,0.0,6
2023-05-09 22:58:49,cu2312P58000,cu2312P58000,878.0,0.0,0.0,0.0,1,138.0,0.0,0,878.0,0.0,0.0,0.0,0.0,0.0,6
2023-05-09 23:03:18,cu2312P58000,cu2312P58000,878.0,0.0,0.0,0.0,1,140.0,0.0,0,878.0,0.0,0.0,0.0,0.0,0.0,6
2023-05-09 23:08:21,cu2312P58000,cu2312P58000,878.0,0.0,0.0,0.0,1,920.0,956.0,1,878.0,0.0,0.0,0.0,0.0,0.0,6
2023-05-09 23:08:21,cu2312P58000,cu2312P58000,878.0,0.0,0.0,0.0,2,920.0,956.0,2,878.0,0.0,0.0,0.0,0.0,0.0,6
2023-05-09 23:08:22,cu2312P58000,cu2312P58000,878.0,0.0,0.0,0.0,3,920.0,934.0,1,878.0,0.0,0.0,0.0,0.0,0.0,6
2023-05-09 23:08:22,cu2312P58000,cu2312P58000,878.0,0.0,0.0,0.0,3,920.0,934.0,1,878.0,0.0,0.0,0.0,0.0,0.0,6
2023-05-09 23:08:23,cu2312P58000,cu2312P58000,878.0,0.0,0.0,0.0,3,920.0,934.0,1,878.0,0.0,0.0,0.0,0.0,0.0,6
2023-05-09 23:08:25,cu2312P58000,cu2312P58000,878.0,0.0,0.0,0.0,4,920.0,934.0,1,878.0,0.0,0.0,0.0,0.0,0.0,6
2023-05-09 23:08:26,cu2312P58000,cu2312P58000,878.0,0.0,0.0,0.0,4,920.0,934.0,1,878.0,0.0,0.0,0.0,0.0,0.0,6
2023-05-09 23:08:26,cu2312P58000,cu2312P58000,878.0,0.0,0.0,0.0,4,920.0,934.0,2,878.0,0.0,0.0,0.0,0.0,0.0,6
2023-05-09 23:08:27,cu2312P58000,cu2312P58000,878.0,0.0,0.0,0.0,4,920.0,934.0,3,878.0,0.0,0.0,0.0,0.0,0.0,6
2023-05-09 23:08:32,cu2312P58000,cu2312P58000,878.0,0.0,0.0,0.0,2,920.0,934.0,3,878.0,0.0,0.0,0.0,0.0,0.0,6
2023-05-09 23:08:32,cu2312P58000,cu2312P58000,878.0,0.0,0.0,0.0,1,920.0,934.0,3,878.0,0.0,0.0,0.0,0.0,0.0,6
2023-05-09 23:08:33,cu2312P58000,cu2312P58000,878.0,0.0,0.0,0.0,1,920.0,934.0,2,878.0,0.0,0.0,0.0,0.0,0.0,6
2023-05-09 23:08:34,cu2312P58000,cu2312P58000,878.0,0.0,0.0,0.0,1,920.0,934.0,2,878.0,0.0,0.0,0.0,0.0,0.0,6
2023-05-09 23:08:36,cu2312P58000,cu2312P58000,878.0,0.0,0.0,0.0,1,916.0,934.0,2,878.0,0.0,0.0,0.0,0.0,0.0,6
2023-05-09 23:08:37,cu2312P58000,cu2312P58000,878.0,0.0,0.0,0.0,1,912.0,934.0,2,878.0,0.0,0.0,0.0,0.0,0.0,6
2023-05-09 23:08:37,cu2312P58000,cu2312P58000,878.0,0.0,0.0,0.0,1,852.0,934.0,1,878.0,0.0,0.0,0.0,0.0,0.0,6
2023-05-09 23:08:38,cu2312P58000,cu2312P58000,878.0,0.0,0.0,0.0,1,138.0,0.0,0,878.0,0.0,0.0,0.0,0.0,0.0,6
2023-05-09 23:08:38,cu2312P58000,cu2312P58000,878.0,0.0,0.0,0.0,1,140.0,0.0,0,878.0,0.0,0.0,0.0,0.0,0.0,6
2023-05-09 23:14:00,cu2312P58000,cu2312P58000,878.0,0.0,0.0,0.0,1,142.0,0.0,0,878.0,0.0,0.0,0.0,0.0,0.0,6
2023-05-09 23:14:00,cu2312P58000,cu2312P58000,878.0,0.0,0.0,0.0,1,144.0,0.0,0,878.0,0.0,0.0,0.0,0.0,0.0,6
2023-05-09 23:16:03,cu2312P58000,cu2312P58000,878.0,0.0,0.0,0.0,1,926.0,980.0,1,878.0,0.0,0.0,0.0,0.0,0.0,6
2023-05-09 23:16:03,cu2312P58000,cu2312P58000,878.0,0.0,0.0,0.0,1,926.0,980.0,1,878.0,0.0,0.0,0.0,0.0,0.0,6
2023-05-09 23:16:08,cu2312P58000,cu2312P58000,878.0,0.0,0.0,0.0,2,926.0,980.0,3,878.0,0.0,0.0,0.0,0.0,0.0,6
2023-05-09 23:16:09,cu2312P58000,cu2312P58000,878.0,0.0,0.0,0.0,3,926.0,980.0,4,878.0,0.0,0.0,0.0,0.0,0.0,6
2023-05-09 23:16:09,cu2312P58000,cu2312P58000,878.0,0.0,0.0,0.0,3,926.0,980.0,4,878.0,0.0,0.0,0.0,0.0,0.0,6
2023-05-09 23:16:10,cu2312P58000,cu2312P58000,878.0,0.0,0.0,0.0,3,926.0,940.0,1,878.0,0.0,0.0,0.0,0.0,0.0,6
2023-05-09 23:16:10,cu2312P58000,cu2312P58000,878.0,0.0,0.0,0.0,3,926.0,940.0,1,878.0,0.0,0.0,0.0,0.0,0.0,6
2023-05-09 23:16:11,cu2312P58000,cu2312P58000,878.0,0.0,0.0,0.0,3,926.0,940.0,1,878.0,0.0,0.0,0.0,0.0,0.0,6
2023-05-09 23:16:12,cu2312P58000,cu2312P58000,878.0,0.0,0.0,0.0,1,928.0,940.0,1,878.0,0.0,0.0,0.0,0.0,0.0,6
2023-05-09 23:16:13,cu2312P58000,cu2312P58000,878.0,0.0,0.0,0.0,1,928.0,940.0,1,878.0,0.0,0.0,0.0,0.0,0.0,6
2023-05-09 23:16:13,cu2312P58000,cu2312P58000,878.0,0.0,0.0,0.0,1,928.0,940.0,1,878.0,0.0,0.0,0.0,0.0,0.0,6
2023-05-09 23:16:14,cu2312P58000,cu2312P58000,878.0,0.0,0.0,0.0,2,928.0,940.0,1,878.0,0.0,0.0,0.0,0.0,0.0,6
2023-05-09 23:16:15,cu2312P58000,cu2312P58000,878.0,0.0,0.0,0.0,2,928.0,940.0,1,878.0,0.0,0.0,0.0,0.0,0.0,6
2023-05-09 23:16:19,cu2312P58000,cu2312P58000,878.0,0.0,0.0,0.0,2,928.0,940.0,1,878.0,0.0,0.0,0.0,0.0,0.0,6
2023-05-09 23:16:20,cu2312P58000,cu2312P58000,878.0,0.0,0.0,0.0,2,928.0,940.0,1,878.0,0.0,0.0,0.0,0.0,0.0,6
2023-05-09 23:16:21,cu2312P58000,cu2312P58000,878.0,0.0,0.0,0.0,2,928.0,944.0,1,878.0,0.0,0.0,0.0,0.0,0.0,6
2023-05-09 23:16:21,cu2312P58000,cu2312P58000,878.0,0.0,0.0,0.0,2,928.0,944.0,1,878.0,0.0,0.0,0.0,0.0,0.0,6
2023-05-09 23:16:22,cu2312P58000,cu2312P58000,878.0,0.0,0.0,0.0,2,928.0,952.0,1,878.0,0.0,0.0,0.0,0.0,0.0,6
2023-05-09 23:16:23,cu2312P58000,cu2312P58000,878.0,0.0,0.0,0.0,1,928.0,952.0,1,878.0,0.0,0.0,0.0,0.0,0.0,6
2023-05-09 23:16:24,cu2312P58000,cu2312P58000,878.0,0.0,0.0,0.0,1,928.0,952.0,1,878.0,0.0,0.0,0.0,0.0,0.0,6
2023-05-09 23:16:24,cu2312P58000,cu2312P58000,878.0,0.0,0.0,0.0,1,928.0,952.0,1,878.0,0.0,0.0,0.0,0.0,0.0,6
2023-05-09 23:16:25,cu2312P58000,cu2312P58000,878.0,0.0,0.0,0.0,1,142.0,0.0,0,878.0,0.0,0.0,0.0,0.0,0.0,6
2023-05-09 23:16:25,cu2312P58000,cu2312P58000,878.0,0.0,0.0,0.0,1,144.0,0.0,0,878.0,0.0,0.0,0.0,0.0,0.0,6
2023-05-09 23:44:02,cu2312P58000,cu2312P58000,878.0,0.0,0.0,0.0,1,146.0,0.0,0,878.0,0.0,0.0,0.0,0.0,0.0,6
2023-05-09 23:44:02,cu2312P58000,cu2312P58000,878.0,0.0,0.0,0.0,1,148.0,0.0,0,878.0,0.0,0.0,0.0,0.0,0.0,6
2023-05-10 00:05:51,cu2312P58000,cu2312P58000,878.0,0.0,0.0,0.0,1,148.0,0.0,0,878.0,0.0,0.0,0.0,0.0,0.0,6
2023-05-10 00:14:05,cu2312P58000,cu2312P58000,878.0,0.0,0.0,0.0,1,150.0,0.0,0,878.0,0.0,0.0,0.0,0.0,0.0,6
2023-05-10 00:14:05,cu2312P58000,cu2312P58000,878.0,0.0,0.0,0.0,1,152.0,0.0,0,878.0,0.0,0.0,0.0,0.0,0.0,6
2023-05-10 00:17:31,cu2312P58000,cu2312P58000,878.0,0.0,0.0,0.0,1,918.0,954.0,1,878.0,0.0,0.0,0.0,0.0,0.0,6
2023-05-10 00:17:32,cu2312P58000,cu2312P58000,878.0,0.0,0.0,0.0,1,918.0,954.0,1,878.0,0.0,0.0,0.0,0.0,0.0,6
2023-05-10 00:17:32,cu2312P58000,cu2312P58000,878.0,0.0,0.0,0.0,2,918.0,954.0,2,878.0,0.0,0.0,0.0,0.0,0.0,6
2023-05-10 00:17:33,cu2312P58000,cu2312P58000,878.0,0.0,0.0,0.0,3,918.0,954.0,3,878.0,0.0,0.0,0.0,0.0,0.0,6
2023-05-10 00:17:34,cu2312P58000,cu2312P58000,878.0,0.0,0.0,0.0,3,918.0,928.0,1,878.0,0.0,0.0,0.0,0.0,0.0,6
2023-05-10 00:17:34,cu2312P58000,cu2312P58000,878.0,0.0,0.0,0.0,3,918.0,928.0,1,878.0,0.0,0.0,0.0,0.0,0.0,6
2023-05-10 00:17:35,cu2312P58000,cu2312P58000,878.0,0.0,0.0,0.0,3,918.0,928.0,1,878.0,0.0,0.0,0.0,0.0,0.0,6
2023-05-10 00:17:36,cu2312P58000,cu2312P58000,878.0,0.0,0.0,0.0,3,918.0,928.0,1,878.0,0.0,0.0,0.0,0.0,0.0,6
2023-05-10 00:17:37,cu2312P58000,cu2312P58000,878.0,0.0,0.0,0.0,4,918.0,928.0,2,878.0,0.0,0.0,0.0,0.0,0.0,6
2023-05-10 00:17:39,cu2312P58000,cu2312P58000,878.0,0.0,0.0,0.0,5,918.0,928.0,3,878.0,0.0,0.0,0.0,0.0,0.0,6
2023-05-10 00:17:42,cu2312P58000,cu2312P58000,878.0,0.0,0.0,0.0,4,918.0,928.0,3,878.0,0.0,0.0,0.0,0.0,0.0,6
2023-05-10 00:17:43,cu2312P58000,cu2312P58000,878.0,0.0,0.0,0.0,3,918.0,928.0,3,878.0,0.0,0.0,0.0,0.0,0.0,6
2023-05-10 00:17:45,cu2312P58000,cu2312P58000,878.0,0.0,0.0,0.0,2,918.0,928.0,2,878.0,0.0,0.0,0.0,0.0,0.0,6
2023-05-10 00:17:46,cu2312P58000,cu2312P58000,878.0,0.0,0.0,0.0,2,918.0,928.0,2,878.0,0.0,0.0,0.0,0.0,0.0,6
2023-05-10 00:17:46,cu2312P58000,cu2312P58000,878.0,0.0,0.0,0.0,2,918.0,928.0,2,878.0,0.0,0.0,0.0,0.0,0.0,6
2023-05-10 00:17:47,cu2312P58000,cu2312P58000,878.0,0.0,0.0,0.0,2,918.0,928.0,2,878.0,0.0,0.0,0.0,0.0,0.0,6
2023-05-10 00:17:48,cu2312P58000,cu2312P58000,878.0,0.0,0.0,0.0,1,918.0,928.0,2,878.0,0.0,0.0,0.0,0.0,0.0,6
2023-05-10 00:17:49,cu2312P58000,cu2312P58000,878.0,0.0,0.0,0.0,1,848.0,928.0,1,878.0,0.0,0.0,0.0,0.0,0.0,6
2023-05-10 00:17:50,cu2312P58000,cu2312P58000,878.0,0.0,0.0,0.0,1,150.0,0.0,0,878.0,0.0,0.0,0.0,0.0,0.0,6
2023-05-10 00:17:50,cu2312P58000,cu2312P58000,878.0,0.0,0.0,0.0,1,152.0,0.0,0,878.0,0.0,0.0,0.0,0.0,0.0,6
2023-05-10 00:21:38,cu2312P58000,cu2312P58000,878.0,0.0,0.0,0.0,1,152.0,0.0,0,878.0,0.0,0.0,0.0,0.0,0.0,6
2023-05-10 00:36:43,cu2312P58000,cu2312P58000,878.0,0.0,0.0,0.0,1,916.0,970.0,1,878.0,0.0,0.0,0.0,0.0,0.0,6
2023-05-10 00:36:43,cu2312P58000,cu2312P58000,878.0,0.0,0.0,0.0,1,916.0,970.0,1,878.0,0.0,0.0,0.0,0.0,0.0,6
2023-05-10 00:36:48,cu2312P58000,cu2312P58000,878.0,0.0,0.0,0.0,2,916.0,970.0,3,878.0,0.0,0.0,0.0,0.0,0.0,6
2023-05-10 00:36:49,cu2312P58000,cu2312P58000,878.0,0.0,0.0,0.0,3,916.0,970.0,4,878.0,0.0,0.0,0.0,0.0,0.0,6
2023-05-10 00:36:50,cu2312P58000,cu2312P58000,878.0,0.0,0.0,0.0,3,916.0,932.0,1,878.0,0.0,0.0,0.0,0.0,0.0,6
2023-05-10 00:36:50,cu2312P58000,cu2312P58000,878.0,0.0,0.0,0.0,3,916.0,932.0,1,878.0,0.0,0.0,0.0,0.0,0.0,6
2023-05-10 00:36:51,cu2312P58000,cu2312P58000,878.0,0.0,0.0,0.0,3,916.0,932.0,1,878.0,0.0,0.0,0.0,0.0,0.0,6
2023-05-10 00:36:53,cu2312P58000,cu2312P58000,878.0,0.0,0.0,0.0,4,916.0,932.0,1,878.0,0.0,0.0,0.0,0.0,0.0,6
2023-05-10 00:36:55,cu2312P58000,cu2312P58000,878.0,0.0,0.0,0.0,4,916.0,932.0,2,878.0,0.0,0.0,0.0,0.0,0.0,6
2023-05-10 00:36:57,cu2312P58000,cu2312P58000,878.0,0.0,0.0,0.0,1,924.0,932.0,2,878.0,0.0,0.0,0.0,0.0,0.0,6
2023-05-10 00:36:57,cu2312P58000,cu2312P58000,878.0,0.0,0.0,0.0,1,924.0,932.0,2,878.0,0.0,0.0,0.0,0.0,0.0,6
2023-05-10 00:36:59,cu2312P58000,cu2312P58000,878.0,0.0,0.0,0.0,1,924.0,932.0,2,878.0,0.0,0.0,0.0,0.0,0.0,6
2023-05-10 00:37:01,cu2312P58000,cu2312P58000,878.0,0.0,0.0,0.0,1,924.0,932.0,1,878.0,0.0,0.0,0.0,0.0,0.0,6
2023-05-10 00:37:02,cu2312P58000,cu2312P58000,878.0,0.0,0.0,0.0,1,924.0,932.0,1,878.0,0.0,0.0,0.0,0.0,0.0,6
2023-05-10 00:37:03,cu2312P58000,cu2312P58000,878.0,0.0,0.0,0.0,1,924.0,932.0,1,878.0,0.0,0.0,0.0,0.0,0.0,6
2023-05-10 00:37:04,cu2312P58000,cu2312P58000,878.0,0.0,0.0,0.0,1,924.0,932.0,1,878.0,0.0,0.0,0.0,0.0,0.0,6
2023-05-10 00:37:05,cu2312P58000,cu2312P58000,878.0,0.0,0.0,0.0,1,924.0,960.0,1,878.0,0.0,0.0,0.0,0.0,0.0,6
2023-05-10 00:37:08,cu2312P58000,cu2312P58000,878.0,0.0,0.0,0.0,1,150.0,0.0,0,878.0,0.0,0.0,0.0,0.0,0.0,6
2023-05-10 00:37:08,cu2312P58000,cu2312P58000,878.0,0.0,0.0,0.0,1,152.0,0.0,0,878.0,0.0,0.0,0.0,0.0,0.0,6
2023-05-10 00:44:08,cu2312P58000,cu2312P58000,878.0,0.0,0.0,0.0,1,154.0,0.0,0,878.0,0.0,0.0,0.0,0.0,0.0,6
2023-05-10 00:44:08,cu2312P58000,cu2312P58000,878.0,0.0,0.0,0.0,1,156.0,0.0,0,878.0,0.0,0.0,0.0,0.0,0.0,6
2023-05-10 00:44:32,cu2312P58000,cu2312P58000,878.0,0.0,0.0,0.0,1,156.0,0.0,0,878.0,0.0,0.0,0.0,0.0,0.0,6
2023-05-10 00:54:56,cu2312P58000,cu2312P58000,878.0,0.0,0.0,0.0,1,922.0,958.0,1,878.0,0.0,0.0,0.0,0.0,0.0,6
2023-05-10 00:54:57,cu2312P58000,cu2312P58000,878.0,0.0,0.0,0.0,1,922.0,958.0,1,878.0,0.0,0.0,0.0,0.0,0.0,6
2023-05-10 00:54:57,cu2312P58000,cu2312P58000,878.0,0.0,0.0,0.0,2,922.0,958.0,2,878.0,0.0,0.0,0.0,0.0,0.0,6
2023-05-10 00:54:59,cu2312P58000,cu2312P58000,878.0,0.0,0.0,0.0,2,922.0,926.0,1,878.0,0.0,0.0,0.0,0.0,0.0,6
2023-05-10 00:54:59,cu2312P58000,cu2312P58000,878.0,0.0,0.0,0.0,2,922.0,926.0,1,878.0,0.0,0.0,0.0,0.0,0.0,6
2023-05-10 00:55:00,cu2312P58000,cu2312P58000,878.0,0.0,0.0,0.0,2,922.0,926.0,1,878.0,0.0,0.0,0.0,0.0,0.0,6
2023-05-10 00:55:01,cu2312P58000,cu2312P58000,878.0,0.0,0.0,0.0,2,922.0,926.0,1,878.0,0.0,0.0,0.0,0.0,0.0,6
2023-05-10 00:55:02,cu2312P58000,cu2312P58000,878.0,0.0,0.0,0.0,2,922.0,926.0,2,878.0,0.0,0.0,0.0,0.0,0.0,6
2023-05-10 00:55:03,cu2312P58000,cu2312P58000,878.0,0.0,0.0,0.0,3,922.0,926.0,3,878.0,0.0,0.0,0.0,0.0,0.0,6
2023-05-10 00:55:07,cu2312P58000,cu2312P58000,878.0,0.0,0.0,0.0,2,922.0,926.0,3,878.0,0.0,0.0,0.0,0.0,0.0,6
2023-05-10 00:55:09,cu2312P58000,cu2312P58000,878.0,0.0,0.0,0.0,2,922.0,926.0,3,878.0,0.0,0.0,0.0,0.0,0.0,6
2023-05-10 00:55:10,cu2312P58000,cu2312P58000,878.0,0.0,0.0,0.0,1,922.0,926.0,3,878.0,0.0,0.0,0.0,0.0,0.0,6
2023-05-10 00:55:11,cu2312P58000,cu2312P58000,878.0,0.0,0.0,0.0,1,922.0,926.0,3,878.0,0.0,0.0,0.0,0.0,0.0,6
2023-05-10 00:55:12,cu2312P58000,cu2312P58000,878.0,0.0,0.0,0.0,1,922.0,926.0,3,878.0,0.0,0.0,0.0,0.0,0.0,6
2023-05-10 00:55:13,cu2312P58000,cu2312P58000,878.0,0.0,0.0,0.0,1,922.0,926.0,2,878.0,0.0,0.0,0.0,0.0,0.0,6
2023-05-10 00:55:14,cu2312P58000,cu2312P58000,878.0,0.0,0.0,0.0,1,852.0,926.0,1,878.0,0.0,0.0,0.0,0.0,0.0,6
2023-05-10 00:55:14,cu2312P58000,cu2312P58000,878.0,0.0,0.0,0.0,1,154.0,0.0,0,878.0,0.0,0.0,0.0,0.0,0.0,6
2023-05-10 00:55:15,cu2312P58000,cu2312P58000,878.0,0.0,0.0,0.0,1,186.0,0.0,0,878.0,0.0,0.0,0.0,0.0,0.0,6
2023-05-10 00:57:09,cu2312P58000,cu2312P58000,878.0,0.0,0.0,0.0,1,154.0,0.0,0,878.0,0.0,0.0,0.0,0.0,0.0,6
2023-05-10 00:59:46,cu2312P58000,cu2312P58000,878.0,0.0,0.0,0.0,1,154.0,0.0,0,878.0,0.0,0.0,0.0,0.0,0.0,6
2023-05-10 09:00:01,cu2312P58000,cu2312P58000,878.0,0.0,0.0,0.0,3,122.0,0.0,0,878.0,0.0,0.0,0.0,0.0,0.0,6
2023-05-10 09:01:29,cu2312P58000,cu2312P58000,878.0,0.0,0.0,0.0,1,124.0,0.0,0,878.0,0.0,0.0,0.0,0.0,0.0,6
2023-05-10 10:12:07,cu2312P58000,cu2312P58000,878.0,0.0,0.0,0.0,3,122.0,0.0,0,878.0,0.0,0.0,0.0,0.0,0.0,6
2023-05-10 10:14:20,cu2312P58000,cu2312P58000,878.0,0.0,0.0,0.0,1,124.0,0.0,0,878.0,0.0,0.0,0.0,0.0,0.0,6
2023-05-10 10:30:23,cu2312P58000,cu2312P58000,878.0,0.0,0.0,0.0,1,126.0,0.0,0,878.0,0.0,0.0,0.0,0.0,0.0,6
2023-05-10 10:45:31,cu2312P58000,cu2312P58000,878.0,0.0,0.0,0.0,1,128.0,0.0,0,878.0,0.0,0.0,0.0,0.0,0.0,6
2023-05-10 10:45:32,cu2312P58000,cu2312P58000,878.0,0.0,0.0,0.0,1,130.0,0.0,0,878.0,0.0,0.0,0.0,0.0,0.0,6
2023-05-10 10:46:22,cu2312P58000,cu2312P58000,878.0,0.0,0.0,0.0,1,130.0,0.0,0,878.0,0.0,0.0,0.0,0.0,0.0,6
2023-05-10 11:17:21,cu2312P58000,cu2312P58000,878.0,0.0,0.0,0.0,1,132.0,0.0,0,878.0,0.0,0.0,0.0,0.0,0.0,6
2023-05-10 11:17:21,cu2312P58000,cu2312P58000,878.0,0.0,0.0,0.0,1,132.0,0.0,0,878.0,0.0,0.0,0.0,0.0,0.0,6
2023-05-10 11:17:22,cu2312P58000,cu2312P58000,878.0,0.0,0.0,0.0,1,134.0,0.0,0,878.0,0.0,0.0,0.0,0.0,0.0,6
2023-05-10 11:18:00,cu2312P58000,cu2312P58000,878.0,0.0,0.0,0.0,1,134.0,0.0,0,878.0,0.0,0.0,0.0,0.0,0.0,6
2023-05-10 11:27:06,cu2312P58000,cu2312P58000,878.0,0.0,0.0,0.0,1,132.0,0.0,0,878.0,0.0,0.0,0.0,0.0,0.0,6
2023-05-10 11:29:23,cu2312P58000,cu2312P58000,878.0,0.0,0.0,0.0,3,122.0,0.0,0,878.0,0.0,0.0,0.0,0.0,0.0,6
2023-05-10 13:31:17,cu2312P58000,cu2312P58000,878.0,0.0,0.0,0.0,1,124.0,0.0,0,878.0,0.0,0.0,0.0,0.0,0.0,6
2023-05-10 13:52:51,cu2312P58000,cu2312P58000,878.0,0.0,0.0,0.0,1,926.0,942.0,1,878.0,0.0,0.0,0.0,0.0,0.0,6
2023-05-10 13:52:52,cu2312P58000,cu2312P58000,878.0,0.0,0.0,0.0,1,926.0,942.0,1,878.0,0.0,0.0,0.0,0.0,0.0,6
2023-05-10 13:52:52,cu2312P58000,cu2312P58000,878.0,0.0,0.0,0.0,1,926.0,942.0,1,878.0,0.0,0.0,0.0,0.0,0.0,6
2023-05-10 13:52:57,cu2312P58000,cu2312P58000,878.0,0.0,0.0,0.0,1,926.0,942.0,2,878.0,0.0,0.0,0.0,0.0,0.0,6
2023-05-10 13:52:57,cu2312P58000,cu2312P58000,878.0,0.0,0.0,0.0,1,926.0,942.0,3,878.0,0.0,0.0,0.0,0.0,0.0,6
2023-05-10 13:52:59,cu2312P58000,cu2312P58000,878.0,0.0,0.0,0.0,1,926.0,932.0,1,878.0,0.0,0.0,0.0,0.0,0.0,6
2023-05-10 13:52:59,cu2312P58000,cu2312P58000,878.0,0.0,0.0,0.0,1,926.0,932.0,1,878.0,0.0,0.0,0.0,0.0,0.0,6
2023-05-10 13:53:00,cu2312P58000,cu2312P58000,878.0,0.0,0.0,0.0,1,926.0,932.0,1,878.0,0.0,0.0,0.0,0.0,0.0,6
2023-05-10 13:53:01,cu2312P58000,cu2312P58000,878.0,0.0,0.0,0.0,1,926.0,932.0,1,878.0,0.0,0.0,0.0,0.0,0.0,6
2023-05-10 13:53:02,cu2312P58000,cu2312P58000,878.0,0.0,0.0,0.0,1,926.0,932.0,1,878.0,0.0,0.0,0.0,0.0,0.0,6
2023-05-10 13:53:03,cu2312P58000,cu2312P58000,878.0,0.0,0.0,0.0,1,926.0,932.0,2,878.0,0.0,0.0,0.0,0.0,0.0,6
2023-05-10 13:53:08,cu2312P58000,cu2312P58000,878.0,0.0,0.0,0.0,1,926.0,932.0,2,878.0,0.0,0.0,0.0,0.0,0.0,6
2023-05-10 13:53:09,cu2312P58000,cu2312P58000,878.0,0.0,0.0,0.0,1,926.0,932.0,2,878.0,0.0,0.0,0.0,0.0,0.0,6
2023-05-10 13:53:10,cu2312P58000,cu2312P58000,878.0,0.0,0.0,0.0,1,926.0,932.0,1,878.0,0.0,0.0,0.0,0.0,0.0,6
2023-05-10 13:53:10,cu2312P58000,cu2312P58000,878.0,0.0,0.0,0.0,1,926.0,932.0,1,878.0,0.0,0.0,0.0,0.0,0.0,6
2023-05-10 13:53:11,cu2312P58000,cu2312P58000,878.0,0.0,0.0,0.0,1,926.0,932.0,1,878.0,0.0,0.0,0.0,0.0,0.0,6
2023-05-10 13:53:11,cu2312P58000,cu2312P58000,878.0,0.0,0.0,0.0,1,926.0,932.0,1,878.0,0.0,0.0,0.0,0.0,0.0,6
2023-05-10 13:53:12,cu2312P58000,cu2312P58000,878.0,0.0,0.0,0.0,1,926.0,932.0,1,878.0,0.0,0.0,0.0,0.0,0.0,6
2023-05-10 13:53:12,cu2312P58000,cu2312P58000,878.0,0.0,0.0,0.0,1,926.0,932.0,1,878.0,0.0,0.0,0.0,0.0,0.0,6
2023-05-10 13:53:13,cu2312P58000,cu2312P58000,878.0,0.0,0.0,0.0,1,926.0,932.0,1,878.0,0.0,0.0,0.0,0.0,0.0,6
2023-05-10 13:53:14,cu2312P58000,cu2312P58000,878.0,0.0,0.0,0.0,3,122.0,0.0,0,878.0,0.0,0.0,0.0,0.0,0.0,6
2023-05-10 13:53:15,cu2312P58000,cu2312P58000,878.0,0.0,0.0,0.0,1,124.0,0.0,0,878.0,0.0,0.0,0.0,0.0,0.0,6
2023-05-10 13:55:22,cu2312P58000,cu2312P58000,878.0,0.0,0.0,0.0,1,126.0,0.0,0,878.0,0.0,0.0,0.0,0.0,0.0,6
2023-05-10 13:55:23,cu2312P58000,cu2312P58000,878.0,0.0,0.0,0.0,1,126.0,0.0,0,878.0,0.0,0.0,0.0,0.0,0.0,6
2023-05-10 13:55:23,cu2312P58000,cu2312P58000,878.0,0.0,0.0,0.0,1,128.0,0.0,0,878.0,0.0,0.0,0.0,0.0,0.0,6
2023-05-10 14:29:35,cu2312P58000,cu2312P58000,878.0,0.0,0.0,0.0,1,130.0,0.0,0,878.0,0.0,0.0,0.0,0.0,0.0,6
2023-05-10 14:29:37,cu2312P58000,cu2312P58000,878.0,0.0,0.0,0.0,1,132.0,0.0,0,878.0,0.0,0.0,0.0,0.0,0.0,6
2023-05-10 14:30:01,cu2312P58000,cu2312P58000,878.0,0.0,0.0,0.0,1,132.0,0.0,0,878.0,0.0,0.0,0.0,0.0,0.0,6
2023-05-10 15:14:42,cu2312P58000,cu2312P58000,878.0,0.0,0.0,0.0,1,132.0,0.0,0,878.0,0.0,0.0,0.0,0.0,0.0,6
