time,symbol_id,symbol_name,last,trade_volume,trade_amount,open_interest_change,bv1,bp1,ap1,av1,yesterday_close,today_open,today_high,today_low,volume,amount,open_interest
2023-05-09 20:59:00,cu2311C71000,cu2311C71000,2050.0,0.0,0.0,0.0,9,2.0,0.0,0,2050.0,0.0,0.0,0.0,0.0,0.0,3
2023-05-09 21:00:04,cu2311C71000,cu2311C71000,2050.0,0.0,0.0,0.0,2,4.0,0.0,0,2050.0,0.0,0.0,0.0,0.0,0.0,3
2023-05-09 21:00:17,cu2311C71000,cu2311C71000,2050.0,0.0,0.0,0.0,1,144.0,0.0,0,2050.0,0.0,0.0,0.0,0.0,0.0,3
2023-05-09 21:00:18,cu2311C71000,cu2311C71000,2050.0,0.0,0.0,0.0,1,144.0,0.0,0,2050.0,0.0,0.0,0.0,0.0,0.0,3
2023-05-09 21:00:18,cu2311C71000,cu2311C71000,2050.0,0.0,0.0,0.0,2,146.0,0.0,0,2050.0,0.0,0.0,0.0,0.0,0.0,3
2023-05-09 21:00:20,cu2311C71000,cu2311C71000,2050.0,0.0,0.0,0.0,2,146.0,0.0,0,2050.0,0.0,0.0,0.0,0.0,0.0,3
2023-05-09 21:01:11,cu2311C71000,cu2311C71000,2050.0,0.0,0.0,0.0,1,148.0,0.0,0,2050.0,0.0,0.0,0.0,0.0,0.0,3
2023-05-09 21:01:11,cu2311C71000,cu2311C71000,2050.0,0.0,0.0,0.0,1,148.0,0.0,0,2050.0,0.0,0.0,0.0,0.0,0.0,3
2023-05-09 21:01:12,cu2311C71000,cu2311C71000,2050.0,0.0,0.0,0.0,2,150.0,0.0,0,2050.0,0.0,0.0,0.0,0.0,0.0,3
2023-05-09 21:01:18,cu2311C71000,cu2311C71000,2050.0,0.0,0.0,0.0,1,152.0,0.0,0,2050.0,0.0,0.0,0.0,0.0,0.0,3
2023-05-09 21:01:19,cu2311C71000,cu2311C71000,2050.0,0.0,0.0,0.0,1,152.0,0.0,0,2050.0,0.0,0.0,0.0,0.0,0.0,3
2023-05-09 21:01:19,cu2311C71000,cu2311C71000,2050.0,0.0,0.0,0.0,2,154.0,0.0,0,2050.0,0.0,0.0,0.0,0.0,0.0,3
2023-05-09 21:01:21,cu2311C71000,cu2311C71000,2050.0,0.0,0.0,0.0,1,156.0,0.0,0,2050.0,0.0,0.0,0.0,0.0,0.0,3
2023-05-09 21:01:21,cu2311C71000,cu2311C71000,2050.0,0.0,0.0,0.0,1,156.0,0.0,0,2050.0,0.0,0.0,0.0,0.0,0.0,3
2023-05-09 21:01:22,cu2311C71000,cu2311C71000,2050.0,0.0,0.0,0.0,2,158.0,0.0,0,2050.0,0.0,0.0,0.0,0.0,0.0,3
2023-05-09 21:01:28,cu2311C71000,cu2311C71000,2050.0,0.0,0.0,0.0,2,158.0,0.0,0,2050.0,0.0,0.0,0.0,0.0,0.0,3
2023-05-09 21:01:29,cu2311C71000,cu2311C71000,2050.0,0.0,0.0,0.0,1,160.0,0.0,0,2050.0,0.0,0.0,0.0,0.0,0.0,3
2023-05-09 21:01:29,cu2311C71000,cu2311C71000,2050.0,0.0,0.0,0.0,1,160.0,0.0,0,2050.0,0.0,0.0,0.0,0.0,0.0,3
2023-05-09 21:01:30,cu2311C71000,cu2311C71000,2050.0,0.0,0.0,0.0,2,162.0,0.0,0,2050.0,0.0,0.0,0.0,0.0,0.0,3
2023-05-09 21:01:31,cu2311C71000,cu2311C71000,2050.0,0.0,0.0,0.0,2,162.0,0.0,0,2050.0,0.0,0.0,0.0,0.0,0.0,3
2023-05-09 21:01:32,cu2311C71000,cu2311C71000,2050.0,0.0,0.0,0.0,1,164.0,0.0,0,2050.0,0.0,0.0,0.0,0.0,0.0,3
2023-05-09 21:01:32,cu2311C71000,cu2311C71000,2050.0,0.0,0.0,0.0,1,164.0,0.0,0,2050.0,0.0,0.0,0.0,0.0,0.0,3
2023-05-09 21:01:33,cu2311C71000,cu2311C71000,2050.0,0.0,0.0,0.0,2,166.0,0.0,0,2050.0,0.0,0.0,0.0,0.0,0.0,3
2023-05-09 21:01:34,cu2311C71000,cu2311C71000,2050.0,0.0,0.0,0.0,2,166.0,0.0,0,2050.0,0.0,0.0,0.0,0.0,0.0,3
2023-05-09 21:01:35,cu2311C71000,cu2311C71000,2050.0,0.0,0.0,0.0,1,168.0,0.0,0,2050.0,0.0,0.0,0.0,0.0,0.0,3
2023-05-09 21:01:35,cu2311C71000,cu2311C71000,2050.0,0.0,0.0,0.0,1,168.0,0.0,0,2050.0,0.0,0.0,0.0,0.0,0.0,3
2023-05-09 21:01:36,cu2311C71000,cu2311C71000,2050.0,0.0,0.0,0.0,2,170.0,0.0,0,2050.0,0.0,0.0,0.0,0.0,0.0,3
2023-05-09 21:01:42,cu2311C71000,cu2311C71000,2050.0,0.0,0.0,0.0,2,170.0,0.0,0,2050.0,0.0,0.0,0.0,0.0,0.0,3
2023-05-09 21:01:43,cu2311C71000,cu2311C71000,2050.0,0.0,0.0,0.0,1,172.0,0.0,0,2050.0,0.0,0.0,0.0,0.0,0.0,3
2023-05-09 21:01:43,cu2311C71000,cu2311C71000,2050.0,0.0,0.0,0.0,1,172.0,0.0,0,2050.0,0.0,0.0,0.0,0.0,0.0,3
2023-05-09 21:01:44,cu2311C71000,cu2311C71000,2050.0,0.0,0.0,0.0,2,174.0,0.0,0,2050.0,0.0,0.0,0.0,0.0,0.0,3
2023-05-09 21:01:44,cu2311C71000,cu2311C71000,2050.0,0.0,0.0,0.0,2,174.0,0.0,0,2050.0,0.0,0.0,0.0,0.0,0.0,3
2023-05-09 21:01:45,cu2311C71000,cu2311C71000,2050.0,0.0,0.0,0.0,1,176.0,0.0,0,2050.0,0.0,0.0,0.0,0.0,0.0,3
2023-05-09 21:01:45,cu2311C71000,cu2311C71000,2050.0,0.0,0.0,0.0,1,176.0,0.0,0,2050.0,0.0,0.0,0.0,0.0,0.0,3
2023-05-09 21:01:46,cu2311C71000,cu2311C71000,2050.0,0.0,0.0,0.0,2,178.0,0.0,0,2050.0,0.0,0.0,0.0,0.0,0.0,3
2023-05-09 21:01:46,cu2311C71000,cu2311C71000,2050.0,0.0,0.0,0.0,1,180.0,0.0,0,2050.0,0.0,0.0,0.0,0.0,0.0,3
2023-05-09 21:01:47,cu2311C71000,cu2311C71000,2050.0,0.0,0.0,0.0,1,180.0,0.0,0,2050.0,0.0,0.0,0.0,0.0,0.0,3
2023-05-09 21:01:47,cu2311C71000,cu2311C71000,2050.0,0.0,0.0,0.0,2,182.0,0.0,0,2050.0,0.0,0.0,0.0,0.0,0.0,3
2023-05-09 21:01:48,cu2311C71000,cu2311C71000,2050.0,0.0,0.0,0.0,1,184.0,0.0,0,2050.0,0.0,0.0,0.0,0.0,0.0,3
2023-05-09 21:01:48,cu2311C71000,cu2311C71000,2050.0,0.0,0.0,0.0,1,184.0,0.0,0,2050.0,0.0,0.0,0.0,0.0,0.0,3
2023-05-09 21:01:49,cu2311C71000,cu2311C71000,2050.0,0.0,0.0,0.0,2,186.0,0.0,0,2050.0,0.0,0.0,0.0,0.0,0.0,3
2023-05-09 21:01:50,cu2311C71000,cu2311C71000,2050.0,0.0,0.0,0.0,1,188.0,0.0,0,2050.0,0.0,0.0,0.0,0.0,0.0,3
2023-05-09 21:01:51,cu2311C71000,cu2311C71000,2050.0,0.0,0.0,0.0,1,188.0,0.0,0,2050.0,0.0,0.0,0.0,0.0,0.0,3
2023-05-09 21:01:51,cu2311C71000,cu2311C71000,2050.0,0.0,0.0,0.0,2,190.0,0.0,0,2050.0,0.0,0.0,0.0,0.0,0.0,3
2023-05-09 21:01:52,cu2311C71000,cu2311C71000,2050.0,0.0,0.0,0.0,1,192.0,0.0,0,2050.0,0.0,0.0,0.0,0.0,0.0,3
2023-05-09 21:01:53,cu2311C71000,cu2311C71000,2050.0,0.0,0.0,0.0,1,192.0,0.0,0,2050.0,0.0,0.0,0.0,0.0,0.0,3
2023-05-09 21:01:53,cu2311C71000,cu2311C71000,2050.0,0.0,0.0,0.0,2,194.0,0.0,0,2050.0,0.0,0.0,0.0,0.0,0.0,3
2023-05-09 21:01:54,cu2311C71000,cu2311C71000,2050.0,0.0,0.0,0.0,2,194.0,0.0,0,2050.0,0.0,0.0,0.0,0.0,0.0,3
2023-05-09 21:01:54,cu2311C71000,cu2311C71000,2050.0,0.0,0.0,0.0,1,196.0,0.0,0,2050.0,0.0,0.0,0.0,0.0,0.0,3
2023-05-09 21:01:55,cu2311C71000,cu2311C71000,2050.0,0.0,0.0,0.0,1,196.0,0.0,0,2050.0,0.0,0.0,0.0,0.0,0.0,3
2023-05-09 21:01:55,cu2311C71000,cu2311C71000,2050.0,0.0,0.0,0.0,2,198.0,0.0,0,2050.0,0.0,0.0,0.0,0.0,0.0,3
2023-05-09 21:01:56,cu2311C71000,cu2311C71000,2050.0,0.0,0.0,0.0,1,200.0,0.0,0,2050.0,0.0,0.0,0.0,0.0,0.0,3
2023-05-09 21:01:57,cu2311C71000,cu2311C71000,2050.0,0.0,0.0,0.0,1,200.0,0.0,0,2050.0,0.0,0.0,0.0,0.0,0.0,3
2023-05-09 21:01:57,cu2311C71000,cu2311C71000,2050.0,0.0,0.0,0.0,2,202.0,0.0,0,2050.0,0.0,0.0,0.0,0.0,0.0,3
2023-05-09 21:01:59,cu2311C71000,cu2311C71000,2050.0,0.0,0.0,0.0,2,202.0,0.0,0,2050.0,0.0,0.0,0.0,0.0,0.0,3
2023-05-09 21:01:59,cu2311C71000,cu2311C71000,2050.0,0.0,0.0,0.0,1,204.0,0.0,0,2050.0,0.0,0.0,0.0,0.0,0.0,3
2023-05-09 21:02:00,cu2311C71000,cu2311C71000,2050.0,0.0,0.0,0.0,1,204.0,0.0,0,2050.0,0.0,0.0,0.0,0.0,0.0,3
2023-05-09 21:02:00,cu2311C71000,cu2311C71000,2050.0,0.0,0.0,0.0,2,206.0,0.0,0,2050.0,0.0,0.0,0.0,0.0,0.0,3
2023-05-09 21:02:07,cu2311C71000,cu2311C71000,2050.0,0.0,0.0,0.0,1,208.0,0.0,0,2050.0,0.0,0.0,0.0,0.0,0.0,3
2023-05-09 21:02:08,cu2311C71000,cu2311C71000,2050.0,0.0,0.0,0.0,1,208.0,0.0,0,2050.0,0.0,0.0,0.0,0.0,0.0,3
2023-05-09 21:02:08,cu2311C71000,cu2311C71000,2050.0,0.0,0.0,0.0,2,210.0,0.0,0,2050.0,0.0,0.0,0.0,0.0,0.0,3
2023-05-09 21:02:23,cu2311C71000,cu2311C71000,2050.0,0.0,0.0,0.0,1,212.0,0.0,0,2050.0,0.0,0.0,0.0,0.0,0.0,3
2023-05-09 21:02:24,cu2311C71000,cu2311C71000,2050.0,0.0,0.0,0.0,1,212.0,0.0,0,2050.0,0.0,0.0,0.0,0.0,0.0,3
2023-05-09 21:02:24,cu2311C71000,cu2311C71000,2050.0,0.0,0.0,0.0,2,214.0,0.0,0,2050.0,0.0,0.0,0.0,0.0,0.0,3
2023-05-09 21:02:32,cu2311C71000,cu2311C71000,2050.0,0.0,0.0,0.0,1,216.0,0.0,0,2050.0,0.0,0.0,0.0,0.0,0.0,3
2023-05-09 21:02:33,cu2311C71000,cu2311C71000,2050.0,0.0,0.0,0.0,1,216.0,0.0,0,2050.0,0.0,0.0,0.0,0.0,0.0,3
2023-05-09 21:02:33,cu2311C71000,cu2311C71000,2050.0,0.0,0.0,0.0,2,218.0,0.0,0,2050.0,0.0,0.0,0.0,0.0,0.0,3
2023-05-09 21:02:35,cu2311C71000,cu2311C71000,2050.0,0.0,0.0,0.0,1,220.0,0.0,0,2050.0,0.0,0.0,0.0,0.0,0.0,3
2023-05-09 21:02:36,cu2311C71000,cu2311C71000,2050.0,0.0,0.0,0.0,1,220.0,0.0,0,2050.0,0.0,0.0,0.0,0.0,0.0,3
2023-05-09 21:02:36,cu2311C71000,cu2311C71000,2050.0,0.0,0.0,0.0,2,222.0,0.0,0,2050.0,0.0,0.0,0.0,0.0,0.0,3
2023-05-09 21:02:38,cu2311C71000,cu2311C71000,2050.0,0.0,0.0,0.0,1,224.0,0.0,0,2050.0,0.0,0.0,0.0,0.0,0.0,3
2023-05-09 21:02:39,cu2311C71000,cu2311C71000,2050.0,0.0,0.0,0.0,1,224.0,0.0,0,2050.0,0.0,0.0,0.0,0.0,0.0,3
2023-05-09 21:02:39,cu2311C71000,cu2311C71000,2050.0,0.0,0.0,0.0,2,226.0,0.0,0,2050.0,0.0,0.0,0.0,0.0,0.0,3
2023-05-09 21:02:42,cu2311C71000,cu2311C71000,2050.0,0.0,0.0,0.0,1,228.0,0.0,0,2050.0,0.0,0.0,0.0,0.0,0.0,3
2023-05-09 21:02:42,cu2311C71000,cu2311C71000,2050.0,0.0,0.0,0.0,1,228.0,0.0,0,2050.0,0.0,0.0,0.0,0.0,0.0,3
2023-05-09 21:02:43,cu2311C71000,cu2311C71000,2050.0,0.0,0.0,0.0,2,230.0,0.0,0,2050.0,0.0,0.0,0.0,0.0,0.0,3
2023-05-09 21:02:45,cu2311C71000,cu2311C71000,2050.0,0.0,0.0,0.0,1,232.0,0.0,0,2050.0,0.0,0.0,0.0,0.0,0.0,3
2023-05-09 21:02:45,cu2311C71000,cu2311C71000,2050.0,0.0,0.0,0.0,1,232.0,0.0,0,2050.0,0.0,0.0,0.0,0.0,0.0,3
2023-05-09 21:02:46,cu2311C71000,cu2311C71000,2050.0,0.0,0.0,0.0,2,234.0,0.0,0,2050.0,0.0,0.0,0.0,0.0,0.0,3
2023-05-09 21:02:47,cu2311C71000,cu2311C71000,2050.0,0.0,0.0,0.0,2,234.0,0.0,0,2050.0,0.0,0.0,0.0,0.0,0.0,3
2023-05-09 21:02:48,cu2311C71000,cu2311C71000,2050.0,0.0,0.0,0.0,1,236.0,0.0,0,2050.0,0.0,0.0,0.0,0.0,0.0,3
2023-05-09 21:02:48,cu2311C71000,cu2311C71000,2050.0,0.0,0.0,0.0,1,236.0,0.0,0,2050.0,0.0,0.0,0.0,0.0,0.0,3
2023-05-09 21:02:49,cu2311C71000,cu2311C71000,2050.0,0.0,0.0,0.0,2,238.0,0.0,0,2050.0,0.0,0.0,0.0,0.0,0.0,3
2023-05-09 21:02:51,cu2311C71000,cu2311C71000,2050.0,0.0,0.0,0.0,2,238.0,0.0,0,2050.0,0.0,0.0,0.0,0.0,0.0,3
2023-05-09 21:02:52,cu2311C71000,cu2311C71000,2050.0,0.0,0.0,0.0,1,240.0,0.0,0,2050.0,0.0,0.0,0.0,0.0,0.0,3
2023-05-09 21:02:52,cu2311C71000,cu2311C71000,2050.0,0.0,0.0,0.0,1,240.0,0.0,0,2050.0,0.0,0.0,0.0,0.0,0.0,3
2023-05-09 21:02:53,cu2311C71000,cu2311C71000,2050.0,0.0,0.0,0.0,2,242.0,0.0,0,2050.0,0.0,0.0,0.0,0.0,0.0,3
2023-05-09 21:02:54,cu2311C71000,cu2311C71000,2050.0,0.0,0.0,0.0,1,244.0,0.0,0,2050.0,0.0,0.0,0.0,0.0,0.0,3
2023-05-09 21:02:55,cu2311C71000,cu2311C71000,2050.0,0.0,0.0,0.0,1,244.0,0.0,0,2050.0,0.0,0.0,0.0,0.0,0.0,3
2023-05-09 21:02:55,cu2311C71000,cu2311C71000,2050.0,0.0,0.0,0.0,2,246.0,0.0,0,2050.0,0.0,0.0,0.0,0.0,0.0,3
2023-05-09 21:02:57,cu2311C71000,cu2311C71000,2050.0,0.0,0.0,0.0,1,248.0,0.0,0,2050.0,0.0,0.0,0.0,0.0,0.0,3
2023-05-09 21:02:57,cu2311C71000,cu2311C71000,2050.0,0.0,0.0,0.0,1,248.0,0.0,0,2050.0,0.0,0.0,0.0,0.0,0.0,3
2023-05-09 21:02:58,cu2311C71000,cu2311C71000,2050.0,0.0,0.0,0.0,2,250.0,0.0,0,2050.0,0.0,0.0,0.0,0.0,0.0,3
2023-05-09 21:02:59,cu2311C71000,cu2311C71000,2050.0,0.0,0.0,0.0,1,252.0,0.0,0,2050.0,0.0,0.0,0.0,0.0,0.0,3
2023-05-09 21:03:00,cu2311C71000,cu2311C71000,2050.0,0.0,0.0,0.0,1,252.0,0.0,0,2050.0,0.0,0.0,0.0,0.0,0.0,3
2023-05-09 21:03:00,cu2311C71000,cu2311C71000,2050.0,0.0,0.0,0.0,2,254.0,0.0,0,2050.0,0.0,0.0,0.0,0.0,0.0,3
2023-05-09 21:03:01,cu2311C71000,cu2311C71000,2050.0,0.0,0.0,0.0,2,254.0,0.0,0,2050.0,0.0,0.0,0.0,0.0,0.0,3
2023-05-09 21:03:01,cu2311C71000,cu2311C71000,2050.0,0.0,0.0,0.0,1,256.0,0.0,0,2050.0,0.0,0.0,0.0,0.0,0.0,3
2023-05-09 21:03:02,cu2311C71000,cu2311C71000,2050.0,0.0,0.0,0.0,1,256.0,0.0,0,2050.0,0.0,0.0,0.0,0.0,0.0,3
2023-05-09 21:03:02,cu2311C71000,cu2311C71000,2050.0,0.0,0.0,0.0,2,258.0,0.0,0,2050.0,0.0,0.0,0.0,0.0,0.0,3
2023-05-09 21:03:03,cu2311C71000,cu2311C71000,2050.0,0.0,0.0,0.0,1,260.0,0.0,0,2050.0,0.0,0.0,0.0,0.0,0.0,3
2023-05-09 21:03:04,cu2311C71000,cu2311C71000,2050.0,0.0,0.0,0.0,1,260.0,0.0,0,2050.0,0.0,0.0,0.0,0.0,0.0,3
2023-05-09 21:03:04,cu2311C71000,cu2311C71000,2050.0,0.0,0.0,0.0,2,262.0,0.0,0,2050.0,0.0,0.0,0.0,0.0,0.0,3
2023-05-09 21:03:05,cu2311C71000,cu2311C71000,2050.0,0.0,0.0,0.0,1,264.0,0.0,0,2050.0,0.0,0.0,0.0,0.0,0.0,3
2023-05-09 21:03:05,cu2311C71000,cu2311C71000,2050.0,0.0,0.0,0.0,1,264.0,0.0,0,2050.0,0.0,0.0,0.0,0.0,0.0,3
2023-05-09 21:03:06,cu2311C71000,cu2311C71000,2050.0,0.0,0.0,0.0,2,266.0,0.0,0,2050.0,0.0,0.0,0.0,0.0,0.0,3
2023-05-09 21:03:07,cu2311C71000,cu2311C71000,2050.0,0.0,0.0,0.0,1,268.0,0.0,0,2050.0,0.0,0.0,0.0,0.0,0.0,3
2023-05-09 21:03:07,cu2311C71000,cu2311C71000,2050.0,0.0,0.0,0.0,1,268.0,0.0,0,2050.0,0.0,0.0,0.0,0.0,0.0,3
2023-05-09 21:03:08,cu2311C71000,cu2311C71000,2050.0,0.0,0.0,0.0,2,270.0,0.0,0,2050.0,0.0,0.0,0.0,0.0,0.0,3
2023-05-09 21:03:08,cu2311C71000,cu2311C71000,2050.0,0.0,0.0,0.0,2,270.0,0.0,0,2050.0,0.0,0.0,0.0,0.0,0.0,3
2023-05-09 21:03:09,cu2311C71000,cu2311C71000,2050.0,0.0,0.0,0.0,1,272.0,0.0,0,2050.0,0.0,0.0,0.0,0.0,0.0,3
2023-05-09 21:03:09,cu2311C71000,cu2311C71000,2050.0,0.0,0.0,0.0,1,272.0,0.0,0,2050.0,0.0,0.0,0.0,0.0,0.0,3
2023-05-09 21:03:10,cu2311C71000,cu2311C71000,2050.0,0.0,0.0,0.0,2,274.0,0.0,0,2050.0,0.0,0.0,0.0,0.0,0.0,3
2023-05-09 21:03:10,cu2311C71000,cu2311C71000,2050.0,0.0,0.0,0.0,1,276.0,0.0,0,2050.0,0.0,0.0,0.0,0.0,0.0,3
2023-05-09 21:03:11,cu2311C71000,cu2311C71000,2050.0,0.0,0.0,0.0,1,276.0,0.0,0,2050.0,0.0,0.0,0.0,0.0,0.0,3
2023-05-09 21:03:11,cu2311C71000,cu2311C71000,2050.0,0.0,0.0,0.0,2,278.0,0.0,0,2050.0,0.0,0.0,0.0,0.0,0.0,3
2023-05-09 21:03:12,cu2311C71000,cu2311C71000,2050.0,0.0,0.0,0.0,2,278.0,0.0,0,2050.0,0.0,0.0,0.0,0.0,0.0,3
2023-05-09 21:03:12,cu2311C71000,cu2311C71000,2050.0,0.0,0.0,0.0,1,280.0,0.0,0,2050.0,0.0,0.0,0.0,0.0,0.0,3
2023-05-09 21:03:13,cu2311C71000,cu2311C71000,2050.0,0.0,0.0,0.0,1,280.0,0.0,0,2050.0,0.0,0.0,0.0,0.0,0.0,3
2023-05-09 21:03:13,cu2311C71000,cu2311C71000,2050.0,0.0,0.0,0.0,2,282.0,0.0,0,2050.0,0.0,0.0,0.0,0.0,0.0,3
2023-05-09 21:03:14,cu2311C71000,cu2311C71000,2050.0,0.0,0.0,0.0,1,284.0,0.0,0,2050.0,0.0,0.0,0.0,0.0,0.0,3
2023-05-09 21:03:14,cu2311C71000,cu2311C71000,2050.0,0.0,0.0,0.0,1,284.0,0.0,0,2050.0,0.0,0.0,0.0,0.0,0.0,3
2023-05-09 21:03:15,cu2311C71000,cu2311C71000,2050.0,0.0,0.0,0.0,2,286.0,0.0,0,2050.0,0.0,0.0,0.0,0.0,0.0,3
2023-05-09 21:03:15,cu2311C71000,cu2311C71000,2050.0,0.0,0.0,0.0,2,286.0,0.0,0,2050.0,0.0,0.0,0.0,0.0,0.0,3
2023-05-09 21:03:16,cu2311C71000,cu2311C71000,2050.0,0.0,0.0,0.0,1,288.0,0.0,0,2050.0,0.0,0.0,0.0,0.0,0.0,3
2023-05-09 21:03:16,cu2311C71000,cu2311C71000,2050.0,0.0,0.0,0.0,1,288.0,0.0,0,2050.0,0.0,0.0,0.0,0.0,0.0,3
2023-05-09 21:03:17,cu2311C71000,cu2311C71000,2050.0,0.0,0.0,0.0,2,290.0,0.0,0,2050.0,0.0,0.0,0.0,0.0,0.0,3
2023-05-09 21:03:17,cu2311C71000,cu2311C71000,2050.0,0.0,0.0,0.0,1,292.0,0.0,0,2050.0,0.0,0.0,0.0,0.0,0.0,3
2023-05-09 21:03:18,cu2311C71000,cu2311C71000,2050.0,0.0,0.0,0.0,1,292.0,0.0,0,2050.0,0.0,0.0,0.0,0.0,0.0,3
2023-05-09 21:03:18,cu2311C71000,cu2311C71000,2050.0,0.0,0.0,0.0,2,294.0,0.0,0,2050.0,0.0,0.0,0.0,0.0,0.0,3
2023-05-09 21:03:19,cu2311C71000,cu2311C71000,2050.0,0.0,0.0,0.0,2,294.0,0.0,0,2050.0,0.0,0.0,0.0,0.0,0.0,3
2023-05-09 21:03:19,cu2311C71000,cu2311C71000,2050.0,0.0,0.0,0.0,1,296.0,0.0,0,2050.0,0.0,0.0,0.0,0.0,0.0,3
2023-05-09 21:03:20,cu2311C71000,cu2311C71000,2050.0,0.0,0.0,0.0,1,296.0,0.0,0,2050.0,0.0,0.0,0.0,0.0,0.0,3
2023-05-09 21:03:20,cu2311C71000,cu2311C71000,2050.0,0.0,0.0,0.0,2,298.0,0.0,0,2050.0,0.0,0.0,0.0,0.0,0.0,3
2023-05-09 21:03:21,cu2311C71000,cu2311C71000,2050.0,0.0,0.0,0.0,1,300.0,0.0,0,2050.0,0.0,0.0,0.0,0.0,0.0,3
2023-05-09 21:03:21,cu2311C71000,cu2311C71000,2050.0,0.0,0.0,0.0,1,300.0,0.0,0,2050.0,0.0,0.0,0.0,0.0,0.0,3
2023-05-09 21:03:22,cu2311C71000,cu2311C71000,2050.0,0.0,0.0,0.0,2,302.0,0.0,0,2050.0,0.0,0.0,0.0,0.0,0.0,3
2023-05-09 21:03:23,cu2311C71000,cu2311C71000,2050.0,0.0,0.0,0.0,1,304.0,0.0,0,2050.0,0.0,0.0,0.0,0.0,0.0,3
2023-05-09 21:03:23,cu2311C71000,cu2311C71000,2050.0,0.0,0.0,0.0,1,304.0,0.0,0,2050.0,0.0,0.0,0.0,0.0,0.0,3
2023-05-09 21:03:24,cu2311C71000,cu2311C71000,2050.0,0.0,0.0,0.0,2,306.0,0.0,0,2050.0,0.0,0.0,0.0,0.0,0.0,3
2023-05-09 21:03:24,cu2311C71000,cu2311C71000,2050.0,0.0,0.0,0.0,1,308.0,0.0,0,2050.0,0.0,0.0,0.0,0.0,0.0,3
2023-05-09 21:03:25,cu2311C71000,cu2311C71000,2050.0,0.0,0.0,0.0,1,308.0,0.0,0,2050.0,0.0,0.0,0.0,0.0,0.0,3
2023-05-09 21:03:25,cu2311C71000,cu2311C71000,2050.0,0.0,0.0,0.0,2,310.0,0.0,0,2050.0,0.0,0.0,0.0,0.0,0.0,3
2023-05-09 21:03:26,cu2311C71000,cu2311C71000,2050.0,0.0,0.0,0.0,1,312.0,0.0,0,2050.0,0.0,0.0,0.0,0.0,0.0,3
2023-05-09 21:03:27,cu2311C71000,cu2311C71000,2050.0,0.0,0.0,0.0,1,312.0,0.0,0,2050.0,0.0,0.0,0.0,0.0,0.0,3
2023-05-09 21:03:27,cu2311C71000,cu2311C71000,2050.0,0.0,0.0,0.0,2,314.0,0.0,0,2050.0,0.0,0.0,0.0,0.0,0.0,3
2023-05-09 21:03:28,cu2311C71000,cu2311C71000,2050.0,0.0,0.0,0.0,1,316.0,0.0,0,2050.0,0.0,0.0,0.0,0.0,0.0,3
2023-05-09 21:03:28,cu2311C71000,cu2311C71000,2050.0,0.0,0.0,0.0,1,316.0,0.0,0,2050.0,0.0,0.0,0.0,0.0,0.0,3
2023-05-09 21:03:29,cu2311C71000,cu2311C71000,2050.0,0.0,0.0,0.0,2,318.0,0.0,0,2050.0,0.0,0.0,0.0,0.0,0.0,3
2023-05-09 21:03:30,cu2311C71000,cu2311C71000,2050.0,0.0,0.0,0.0,1,320.0,0.0,0,2050.0,0.0,0.0,0.0,0.0,0.0,3
2023-05-09 21:03:30,cu2311C71000,cu2311C71000,2050.0,0.0,0.0,0.0,1,320.0,0.0,0,2050.0,0.0,0.0,0.0,0.0,0.0,3
2023-05-09 21:03:31,cu2311C71000,cu2311C71000,2050.0,0.0,0.0,0.0,2,322.0,0.0,0,2050.0,0.0,0.0,0.0,0.0,0.0,3
2023-05-09 21:03:31,cu2311C71000,cu2311C71000,2050.0,0.0,0.0,0.0,1,324.0,0.0,0,2050.0,0.0,0.0,0.0,0.0,0.0,3
2023-05-09 21:03:32,cu2311C71000,cu2311C71000,2050.0,0.0,0.0,0.0,1,324.0,0.0,0,2050.0,0.0,0.0,0.0,0.0,0.0,3
2023-05-09 21:03:32,cu2311C71000,cu2311C71000,2050.0,0.0,0.0,0.0,2,326.0,0.0,0,2050.0,0.0,0.0,0.0,0.0,0.0,3
2023-05-09 21:03:33,cu2311C71000,cu2311C71000,2050.0,0.0,0.0,0.0,1,328.0,0.0,0,2050.0,0.0,0.0,0.0,0.0,0.0,3
2023-05-09 21:03:34,cu2311C71000,cu2311C71000,2050.0,0.0,0.0,0.0,1,328.0,0.0,0,2050.0,0.0,0.0,0.0,0.0,0.0,3
2023-05-09 21:03:34,cu2311C71000,cu2311C71000,2050.0,0.0,0.0,0.0,2,330.0,0.0,0,2050.0,0.0,0.0,0.0,0.0,0.0,3
2023-05-09 21:03:35,cu2311C71000,cu2311C71000,2050.0,0.0,0.0,0.0,1,332.0,0.0,0,2050.0,0.0,0.0,0.0,0.0,0.0,3
2023-05-09 21:03:35,cu2311C71000,cu2311C71000,2050.0,0.0,0.0,0.0,1,332.0,0.0,0,2050.0,0.0,0.0,0.0,0.0,0.0,3
2023-05-09 21:03:36,cu2311C71000,cu2311C71000,2050.0,0.0,0.0,0.0,2,334.0,0.0,0,2050.0,0.0,0.0,0.0,0.0,0.0,3
2023-05-09 21:03:36,cu2311C71000,cu2311C71000,2050.0,0.0,0.0,0.0,1,336.0,0.0,0,2050.0,0.0,0.0,0.0,0.0,0.0,3
2023-05-09 21:03:37,cu2311C71000,cu2311C71000,2050.0,0.0,0.0,0.0,1,336.0,0.0,0,2050.0,0.0,0.0,0.0,0.0,0.0,3
2023-05-09 21:03:37,cu2311C71000,cu2311C71000,2050.0,0.0,0.0,0.0,2,338.0,0.0,0,2050.0,0.0,0.0,0.0,0.0,0.0,3
2023-05-09 21:03:38,cu2311C71000,cu2311C71000,2050.0,0.0,0.0,0.0,1,340.0,0.0,0,2050.0,0.0,0.0,0.0,0.0,0.0,3
2023-05-09 21:03:38,cu2311C71000,cu2311C71000,2050.0,0.0,0.0,0.0,1,340.0,0.0,0,2050.0,0.0,0.0,0.0,0.0,0.0,3
2023-05-09 21:03:39,cu2311C71000,cu2311C71000,2050.0,0.0,0.0,0.0,2,342.0,0.0,0,2050.0,0.0,0.0,0.0,0.0,0.0,3
2023-05-09 21:03:39,cu2311C71000,cu2311C71000,2050.0,0.0,0.0,0.0,1,344.0,0.0,0,2050.0,0.0,0.0,0.0,0.0,0.0,3
2023-05-09 21:03:40,cu2311C71000,cu2311C71000,2050.0,0.0,0.0,0.0,1,344.0,0.0,0,2050.0,0.0,0.0,0.0,0.0,0.0,3
2023-05-09 21:03:40,cu2311C71000,cu2311C71000,2050.0,0.0,0.0,0.0,2,346.0,0.0,0,2050.0,0.0,0.0,0.0,0.0,0.0,3
2023-05-09 21:03:41,cu2311C71000,cu2311C71000,2050.0,0.0,0.0,0.0,1,348.0,0.0,0,2050.0,0.0,0.0,0.0,0.0,0.0,3
2023-05-09 21:03:41,cu2311C71000,cu2311C71000,2050.0,0.0,0.0,0.0,1,348.0,0.0,0,2050.0,0.0,0.0,0.0,0.0,0.0,3
2023-05-09 21:03:42,cu2311C71000,cu2311C71000,2050.0,0.0,0.0,0.0,2,350.0,0.0,0,2050.0,0.0,0.0,0.0,0.0,0.0,3
2023-05-09 21:03:43,cu2311C71000,cu2311C71000,2050.0,0.0,0.0,0.0,1,352.0,0.0,0,2050.0,0.0,0.0,0.0,0.0,0.0,3
2023-05-09 21:03:43,cu2311C71000,cu2311C71000,2050.0,0.0,0.0,0.0,1,352.0,0.0,0,2050.0,0.0,0.0,0.0,0.0,0.0,3
2023-05-09 21:03:44,cu2311C71000,cu2311C71000,2050.0,0.0,0.0,0.0,2,354.0,0.0,0,2050.0,0.0,0.0,0.0,0.0,0.0,3
2023-05-09 21:03:44,cu2311C71000,cu2311C71000,2050.0,0.0,0.0,0.0,1,356.0,0.0,0,2050.0,0.0,0.0,0.0,0.0,0.0,3
2023-05-09 21:03:45,cu2311C71000,cu2311C71000,2050.0,0.0,0.0,0.0,1,356.0,0.0,0,2050.0,0.0,0.0,0.0,0.0,0.0,3
2023-05-09 21:03:45,cu2311C71000,cu2311C71000,2050.0,0.0,0.0,0.0,2,358.0,0.0,0,2050.0,0.0,0.0,0.0,0.0,0.0,3
2023-05-09 21:03:46,cu2311C71000,cu2311C71000,2050.0,0.0,0.0,0.0,1,360.0,0.0,0,2050.0,0.0,0.0,0.0,0.0,0.0,3
2023-05-09 21:03:47,cu2311C71000,cu2311C71000,2050.0,0.0,0.0,0.0,1,360.0,0.0,0,2050.0,0.0,0.0,0.0,0.0,0.0,3
2023-05-09 21:03:47,cu2311C71000,cu2311C71000,2050.0,0.0,0.0,0.0,2,362.0,0.0,0,2050.0,0.0,0.0,0.0,0.0,0.0,3
2023-05-09 21:03:48,cu2311C71000,cu2311C71000,2050.0,0.0,0.0,0.0,1,364.0,0.0,0,2050.0,0.0,0.0,0.0,0.0,0.0,3
2023-05-09 21:03:48,cu2311C71000,cu2311C71000,2050.0,0.0,0.0,0.0,1,364.0,0.0,0,2050.0,0.0,0.0,0.0,0.0,0.0,3
2023-05-09 21:03:49,cu2311C71000,cu2311C71000,2050.0,0.0,0.0,0.0,2,366.0,0.0,0,2050.0,0.0,0.0,0.0,0.0,0.0,3
2023-05-09 21:03:51,cu2311C71000,cu2311C71000,2050.0,0.0,0.0,0.0,1,368.0,0.0,0,2050.0,0.0,0.0,0.0,0.0,0.0,3
2023-05-09 21:03:52,cu2311C71000,cu2311C71000,2050.0,0.0,0.0,0.0,1,368.0,0.0,0,2050.0,0.0,0.0,0.0,0.0,0.0,3
2023-05-09 21:03:52,cu2311C71000,cu2311C71000,2050.0,0.0,0.0,0.0,2,370.0,0.0,0,2050.0,0.0,0.0,0.0,0.0,0.0,3
2023-05-09 21:03:54,cu2311C71000,cu2311C71000,2050.0,0.0,0.0,0.0,1,372.0,0.0,0,2050.0,0.0,0.0,0.0,0.0,0.0,3
2023-05-09 21:03:54,cu2311C71000,cu2311C71000,2050.0,0.0,0.0,0.0,1,372.0,0.0,0,2050.0,0.0,0.0,0.0,0.0,0.0,3
2023-05-09 21:03:55,cu2311C71000,cu2311C71000,2050.0,0.0,0.0,0.0,2,374.0,0.0,0,2050.0,0.0,0.0,0.0,0.0,0.0,3
2023-05-09 21:03:56,cu2311C71000,cu2311C71000,2050.0,0.0,0.0,0.0,1,376.0,0.0,0,2050.0,0.0,0.0,0.0,0.0,0.0,3
2023-05-09 21:03:57,cu2311C71000,cu2311C71000,2050.0,0.0,0.0,0.0,1,376.0,0.0,0,2050.0,0.0,0.0,0.0,0.0,0.0,3
2023-05-09 21:03:57,cu2311C71000,cu2311C71000,2050.0,0.0,0.0,0.0,2,378.0,0.0,0,2050.0,0.0,0.0,0.0,0.0,0.0,3
2023-05-09 21:03:59,cu2311C71000,cu2311C71000,2050.0,0.0,0.0,0.0,2,378.0,0.0,0,2050.0,0.0,0.0,0.0,0.0,0.0,3
2023-05-09 21:03:59,cu2311C71000,cu2311C71000,2050.0,0.0,0.0,0.0,1,380.0,0.0,0,2050.0,0.0,0.0,0.0,0.0,0.0,3
2023-05-09 21:04:00,cu2311C71000,cu2311C71000,2050.0,0.0,0.0,0.0,1,380.0,0.0,0,2050.0,0.0,0.0,0.0,0.0,0.0,3
2023-05-09 21:04:00,cu2311C71000,cu2311C71000,2050.0,0.0,0.0,0.0,2,382.0,0.0,0,2050.0,0.0,0.0,0.0,0.0,0.0,3
2023-05-09 21:04:02,cu2311C71000,cu2311C71000,2050.0,0.0,0.0,0.0,2,382.0,0.0,0,2050.0,0.0,0.0,0.0,0.0,0.0,3
2023-05-09 21:04:02,cu2311C71000,cu2311C71000,2050.0,0.0,0.0,0.0,1,384.0,0.0,0,2050.0,0.0,0.0,0.0,0.0,0.0,3
2023-05-09 21:04:03,cu2311C71000,cu2311C71000,2050.0,0.0,0.0,0.0,1,384.0,0.0,0,2050.0,0.0,0.0,0.0,0.0,0.0,3
2023-05-09 21:04:03,cu2311C71000,cu2311C71000,2050.0,0.0,0.0,0.0,2,386.0,0.0,0,2050.0,0.0,0.0,0.0,0.0,0.0,3
2023-05-09 21:04:04,cu2311C71000,cu2311C71000,2050.0,0.0,0.0,0.0,2,386.0,0.0,0,2050.0,0.0,0.0,0.0,0.0,0.0,3
2023-05-09 21:04:05,cu2311C71000,cu2311C71000,2050.0,0.0,0.0,0.0,1,388.0,0.0,0,2050.0,0.0,0.0,0.0,0.0,0.0,3
2023-05-09 21:04:05,cu2311C71000,cu2311C71000,2050.0,0.0,0.0,0.0,1,388.0,0.0,0,2050.0,0.0,0.0,0.0,0.0,0.0,3
2023-05-09 21:04:06,cu2311C71000,cu2311C71000,2050.0,0.0,0.0,0.0,2,390.0,0.0,0,2050.0,0.0,0.0,0.0,0.0,0.0,3
2023-05-09 21:04:07,cu2311C71000,cu2311C71000,2050.0,0.0,0.0,0.0,2,390.0,0.0,0,2050.0,0.0,0.0,0.0,0.0,0.0,3
2023-05-09 21:04:08,cu2311C71000,cu2311C71000,2050.0,0.0,0.0,0.0,1,392.0,0.0,0,2050.0,0.0,0.0,0.0,0.0,0.0,3
2023-05-09 21:04:08,cu2311C71000,cu2311C71000,2050.0,0.0,0.0,0.0,1,392.0,0.0,0,2050.0,0.0,0.0,0.0,0.0,0.0,3
2023-05-09 21:04:09,cu2311C71000,cu2311C71000,2050.0,0.0,0.0,0.0,2,394.0,0.0,0,2050.0,0.0,0.0,0.0,0.0,0.0,3
2023-05-09 21:04:10,cu2311C71000,cu2311C71000,2050.0,0.0,0.0,0.0,1,396.0,0.0,0,2050.0,0.0,0.0,0.0,0.0,0.0,3
2023-05-09 21:04:11,cu2311C71000,cu2311C71000,2050.0,0.0,0.0,0.0,1,396.0,0.0,0,2050.0,0.0,0.0,0.0,0.0,0.0,3
2023-05-09 21:04:11,cu2311C71000,cu2311C71000,2050.0,0.0,0.0,0.0,2,398.0,0.0,0,2050.0,0.0,0.0,0.0,0.0,0.0,3
2023-05-09 21:04:12,cu2311C71000,cu2311C71000,2050.0,0.0,0.0,0.0,2,398.0,0.0,0,2050.0,0.0,0.0,0.0,0.0,0.0,3
2023-05-09 21:04:13,cu2311C71000,cu2311C71000,2050.0,0.0,0.0,0.0,1,400.0,0.0,0,2050.0,0.0,0.0,0.0,0.0,0.0,3
2023-05-09 21:04:13,cu2311C71000,cu2311C71000,2050.0,0.0,0.0,0.0,1,400.0,0.0,0,2050.0,0.0,0.0,0.0,0.0,0.0,3
2023-05-09 21:04:14,cu2311C71000,cu2311C71000,2050.0,0.0,0.0,0.0,2,402.0,0.0,0,2050.0,0.0,0.0,0.0,0.0,0.0,3
2023-05-09 21:04:15,cu2311C71000,cu2311C71000,2050.0,0.0,0.0,0.0,2,402.0,0.0,0,2050.0,0.0,0.0,0.0,0.0,0.0,3
2023-05-09 21:04:16,cu2311C71000,cu2311C71000,2050.0,0.0,0.0,0.0,1,404.0,0.0,0,2050.0,0.0,0.0,0.0,0.0,0.0,3
2023-05-09 21:04:16,cu2311C71000,cu2311C71000,2050.0,0.0,0.0,0.0,1,404.0,0.0,0,2050.0,0.0,0.0,0.0,0.0,0.0,3
2023-05-09 21:04:17,cu2311C71000,cu2311C71000,2050.0,0.0,0.0,0.0,2,406.0,0.0,0,2050.0,0.0,0.0,0.0,0.0,0.0,3
2023-05-09 21:04:18,cu2311C71000,cu2311C71000,2050.0,0.0,0.0,0.0,2,406.0,0.0,0,2050.0,0.0,0.0,0.0,0.0,0.0,3
2023-05-09 21:04:19,cu2311C71000,cu2311C71000,2050.0,0.0,0.0,0.0,1,408.0,0.0,0,2050.0,0.0,0.0,0.0,0.0,0.0,3
2023-05-09 21:04:19,cu2311C71000,cu2311C71000,2050.0,0.0,0.0,0.0,1,408.0,0.0,0,2050.0,0.0,0.0,0.0,0.0,0.0,3
2023-05-09 21:04:20,cu2311C71000,cu2311C71000,2050.0,0.0,0.0,0.0,2,410.0,0.0,0,2050.0,0.0,0.0,0.0,0.0,0.0,3
2023-05-09 21:04:22,cu2311C71000,cu2311C71000,2050.0,0.0,0.0,0.0,1,412.0,0.0,0,2050.0,0.0,0.0,0.0,0.0,0.0,3
2023-05-09 21:04:22,cu2311C71000,cu2311C71000,2050.0,0.0,0.0,0.0,1,412.0,0.0,0,2050.0,0.0,0.0,0.0,0.0,0.0,3
2023-05-09 21:04:23,cu2311C71000,cu2311C71000,2050.0,0.0,0.0,0.0,2,414.0,0.0,0,2050.0,0.0,0.0,0.0,0.0,0.0,3
2023-05-09 21:04:23,cu2311C71000,cu2311C71000,2050.0,0.0,0.0,0.0,1,416.0,0.0,0,2050.0,0.0,0.0,0.0,0.0,0.0,3
2023-05-09 21:04:24,cu2311C71000,cu2311C71000,2050.0,0.0,0.0,0.0,1,416.0,0.0,0,2050.0,0.0,0.0,0.0,0.0,0.0,3
2023-05-09 21:04:24,cu2311C71000,cu2311C71000,2050.0,0.0,0.0,0.0,2,418.0,0.0,0,2050.0,0.0,0.0,0.0,0.0,0.0,3
2023-05-09 21:04:25,cu2311C71000,cu2311C71000,2050.0,0.0,0.0,0.0,1,420.0,0.0,0,2050.0,0.0,0.0,0.0,0.0,0.0,3
2023-05-09 21:04:25,cu2311C71000,cu2311C71000,2050.0,0.0,0.0,0.0,1,420.0,0.0,0,2050.0,0.0,0.0,0.0,0.0,0.0,3
2023-05-09 21:04:26,cu2311C71000,cu2311C71000,2050.0,0.0,0.0,0.0,2,422.0,0.0,0,2050.0,0.0,0.0,0.0,0.0,0.0,3
2023-05-09 21:04:27,cu2311C71000,cu2311C71000,2050.0,0.0,0.0,0.0,1,424.0,0.0,0,2050.0,0.0,0.0,0.0,0.0,0.0,3
2023-05-09 21:04:27,cu2311C71000,cu2311C71000,2050.0,0.0,0.0,0.0,1,424.0,0.0,0,2050.0,0.0,0.0,0.0,0.0,0.0,3
2023-05-09 21:04:28,cu2311C71000,cu2311C71000,2050.0,0.0,0.0,0.0,2,426.0,0.0,0,2050.0,0.0,0.0,0.0,0.0,0.0,3
2023-05-09 21:04:29,cu2311C71000,cu2311C71000,2050.0,0.0,0.0,0.0,1,428.0,0.0,0,2050.0,0.0,0.0,0.0,0.0,0.0,3
2023-05-09 21:04:29,cu2311C71000,cu2311C71000,2050.0,0.0,0.0,0.0,1,428.0,0.0,0,2050.0,0.0,0.0,0.0,0.0,0.0,3
2023-05-09 21:04:30,cu2311C71000,cu2311C71000,2050.0,0.0,0.0,0.0,2,430.0,0.0,0,2050.0,0.0,0.0,0.0,0.0,0.0,3
2023-05-09 21:04:30,cu2311C71000,cu2311C71000,2050.0,0.0,0.0,0.0,1,432.0,0.0,0,2050.0,0.0,0.0,0.0,0.0,0.0,3
2023-05-09 21:04:31,cu2311C71000,cu2311C71000,2050.0,0.0,0.0,0.0,1,432.0,0.0,0,2050.0,0.0,0.0,0.0,0.0,0.0,3
2023-05-09 21:04:31,cu2311C71000,cu2311C71000,2050.0,0.0,0.0,0.0,2,434.0,0.0,0,2050.0,0.0,0.0,0.0,0.0,0.0,3
2023-05-09 21:04:32,cu2311C71000,cu2311C71000,2050.0,0.0,0.0,0.0,1,436.0,0.0,0,2050.0,0.0,0.0,0.0,0.0,0.0,3
2023-05-09 21:04:32,cu2311C71000,cu2311C71000,2050.0,0.0,0.0,0.0,1,436.0,0.0,0,2050.0,0.0,0.0,0.0,0.0,0.0,3
2023-05-09 21:04:33,cu2311C71000,cu2311C71000,2050.0,0.0,0.0,0.0,2,438.0,0.0,0,2050.0,0.0,0.0,0.0,0.0,0.0,3
2023-05-09 21:04:34,cu2311C71000,cu2311C71000,2050.0,0.0,0.0,0.0,1,440.0,0.0,0,2050.0,0.0,0.0,0.0,0.0,0.0,3
2023-05-09 21:04:34,cu2311C71000,cu2311C71000,2050.0,0.0,0.0,0.0,1,440.0,0.0,0,2050.0,0.0,0.0,0.0,0.0,0.0,3
2023-05-09 21:04:35,cu2311C71000,cu2311C71000,2050.0,0.0,0.0,0.0,2,442.0,0.0,0,2050.0,0.0,0.0,0.0,0.0,0.0,3
2023-05-09 21:04:36,cu2311C71000,cu2311C71000,2050.0,0.0,0.0,0.0,1,444.0,0.0,0,2050.0,0.0,0.0,0.0,0.0,0.0,3
2023-05-09 21:04:36,cu2311C71000,cu2311C71000,2050.0,0.0,0.0,0.0,1,444.0,0.0,0,2050.0,0.0,0.0,0.0,0.0,0.0,3
2023-05-09 21:04:37,cu2311C71000,cu2311C71000,2050.0,0.0,0.0,0.0,2,446.0,0.0,0,2050.0,0.0,0.0,0.0,0.0,0.0,3
2023-05-09 21:04:38,cu2311C71000,cu2311C71000,2050.0,0.0,0.0,0.0,1,448.0,0.0,0,2050.0,0.0,0.0,0.0,0.0,0.0,3
2023-05-09 21:04:38,cu2311C71000,cu2311C71000,2050.0,0.0,0.0,0.0,1,448.0,0.0,0,2050.0,0.0,0.0,0.0,0.0,0.0,3
2023-05-09 21:04:39,cu2311C71000,cu2311C71000,2050.0,0.0,0.0,0.0,2,450.0,0.0,0,2050.0,0.0,0.0,0.0,0.0,0.0,3
2023-05-09 21:04:40,cu2311C71000,cu2311C71000,2050.0,0.0,0.0,0.0,1,452.0,0.0,0,2050.0,0.0,0.0,0.0,0.0,0.0,3
2023-05-09 21:04:40,cu2311C71000,cu2311C71000,2050.0,0.0,0.0,0.0,1,452.0,0.0,0,2050.0,0.0,0.0,0.0,0.0,0.0,3
2023-05-09 21:04:41,cu2311C71000,cu2311C71000,2050.0,0.0,0.0,0.0,2,454.0,0.0,0,2050.0,0.0,0.0,0.0,0.0,0.0,3
2023-05-09 21:04:42,cu2311C71000,cu2311C71000,2050.0,0.0,0.0,0.0,1,456.0,0.0,0,2050.0,0.0,0.0,0.0,0.0,0.0,3
2023-05-09 21:04:42,cu2311C71000,cu2311C71000,2050.0,0.0,0.0,0.0,1,456.0,0.0,0,2050.0,0.0,0.0,0.0,0.0,0.0,3
2023-05-09 21:04:43,cu2311C71000,cu2311C71000,2050.0,0.0,0.0,0.0,2,458.0,0.0,0,2050.0,0.0,0.0,0.0,0.0,0.0,3
2023-05-09 21:04:44,cu2311C71000,cu2311C71000,2050.0,0.0,0.0,0.0,1,460.0,0.0,0,2050.0,0.0,0.0,0.0,0.0,0.0,3
2023-05-09 21:04:45,cu2311C71000,cu2311C71000,2050.0,0.0,0.0,0.0,1,460.0,0.0,0,2050.0,0.0,0.0,0.0,0.0,0.0,3
2023-05-09 21:04:45,cu2311C71000,cu2311C71000,2050.0,0.0,0.0,0.0,2,462.0,0.0,0,2050.0,0.0,0.0,0.0,0.0,0.0,3
2023-05-09 21:04:46,cu2311C71000,cu2311C71000,2050.0,0.0,0.0,0.0,1,464.0,0.0,0,2050.0,0.0,0.0,0.0,0.0,0.0,3
2023-05-09 21:04:47,cu2311C71000,cu2311C71000,2050.0,0.0,0.0,0.0,1,464.0,0.0,0,2050.0,0.0,0.0,0.0,0.0,0.0,3
2023-05-09 21:04:47,cu2311C71000,cu2311C71000,2050.0,0.0,0.0,0.0,2,466.0,0.0,0,2050.0,0.0,0.0,0.0,0.0,0.0,3
2023-05-09 21:04:48,cu2311C71000,cu2311C71000,2050.0,0.0,0.0,0.0,2,466.0,0.0,0,2050.0,0.0,0.0,0.0,0.0,0.0,3
2023-05-09 21:04:48,cu2311C71000,cu2311C71000,2050.0,0.0,0.0,0.0,1,468.0,0.0,0,2050.0,0.0,0.0,0.0,0.0,0.0,3
2023-05-09 21:04:49,cu2311C71000,cu2311C71000,2050.0,0.0,0.0,0.0,1,468.0,0.0,0,2050.0,0.0,0.0,0.0,0.0,0.0,3
2023-05-09 21:04:49,cu2311C71000,cu2311C71000,2050.0,0.0,0.0,0.0,2,470.0,0.0,0,2050.0,0.0,0.0,0.0,0.0,0.0,3
2023-05-09 21:04:50,cu2311C71000,cu2311C71000,2050.0,0.0,0.0,0.0,1,472.0,0.0,0,2050.0,0.0,0.0,0.0,0.0,0.0,3
2023-05-09 21:04:50,cu2311C71000,cu2311C71000,2050.0,0.0,0.0,0.0,1,472.0,0.0,0,2050.0,0.0,0.0,0.0,0.0,0.0,3
2023-05-09 21:04:51,cu2311C71000,cu2311C71000,2050.0,0.0,0.0,0.0,2,474.0,0.0,0,2050.0,0.0,0.0,0.0,0.0,0.0,3
2023-05-09 21:04:51,cu2311C71000,cu2311C71000,2050.0,0.0,0.0,0.0,2,474.0,0.0,0,2050.0,0.0,0.0,0.0,0.0,0.0,3
2023-05-09 21:04:52,cu2311C71000,cu2311C71000,2050.0,0.0,0.0,0.0,1,476.0,0.0,0,2050.0,0.0,0.0,0.0,0.0,0.0,3
2023-05-09 21:04:52,cu2311C71000,cu2311C71000,2050.0,0.0,0.0,0.0,1,476.0,0.0,0,2050.0,0.0,0.0,0.0,0.0,0.0,3
2023-05-09 21:04:53,cu2311C71000,cu2311C71000,2050.0,0.0,0.0,0.0,2,478.0,0.0,0,2050.0,0.0,0.0,0.0,0.0,0.0,3
2023-05-09 21:04:53,cu2311C71000,cu2311C71000,2050.0,0.0,0.0,0.0,1,480.0,0.0,0,2050.0,0.0,0.0,0.0,0.0,0.0,3
2023-05-09 21:04:54,cu2311C71000,cu2311C71000,2050.0,0.0,0.0,0.0,1,480.0,0.0,0,2050.0,0.0,0.0,0.0,0.0,0.0,3
2023-05-09 21:04:54,cu2311C71000,cu2311C71000,2050.0,0.0,0.0,0.0,2,482.0,0.0,0,2050.0,0.0,0.0,0.0,0.0,0.0,3
2023-05-09 21:04:55,cu2311C71000,cu2311C71000,2050.0,0.0,0.0,0.0,1,484.0,0.0,0,2050.0,0.0,0.0,0.0,0.0,0.0,3
2023-05-09 21:04:55,cu2311C71000,cu2311C71000,2050.0,0.0,0.0,0.0,1,484.0,0.0,0,2050.0,0.0,0.0,0.0,0.0,0.0,3
2023-05-09 21:04:56,cu2311C71000,cu2311C71000,2050.0,0.0,0.0,0.0,2,486.0,0.0,0,2050.0,0.0,0.0,0.0,0.0,0.0,3
2023-05-09 21:04:56,cu2311C71000,cu2311C71000,2050.0,0.0,0.0,0.0,1,488.0,0.0,0,2050.0,0.0,0.0,0.0,0.0,0.0,3
2023-05-09 21:04:57,cu2311C71000,cu2311C71000,2050.0,0.0,0.0,0.0,1,488.0,0.0,0,2050.0,0.0,0.0,0.0,0.0,0.0,3
2023-05-09 21:04:57,cu2311C71000,cu2311C71000,2050.0,0.0,0.0,0.0,2,490.0,0.0,0,2050.0,0.0,0.0,0.0,0.0,0.0,3
2023-05-09 21:04:58,cu2311C71000,cu2311C71000,2050.0,0.0,0.0,0.0,1,492.0,0.0,0,2050.0,0.0,0.0,0.0,0.0,0.0,3
2023-05-09 21:04:58,cu2311C71000,cu2311C71000,2050.0,0.0,0.0,0.0,1,492.0,0.0,0,2050.0,0.0,0.0,0.0,0.0,0.0,3
2023-05-09 21:04:59,cu2311C71000,cu2311C71000,2050.0,0.0,0.0,0.0,2,494.0,0.0,0,2050.0,0.0,0.0,0.0,0.0,0.0,3
2023-05-09 21:04:59,cu2311C71000,cu2311C71000,2050.0,0.0,0.0,0.0,1,496.0,0.0,0,2050.0,0.0,0.0,0.0,0.0,0.0,3
2023-05-09 21:05:00,cu2311C71000,cu2311C71000,2050.0,0.0,0.0,0.0,1,496.0,0.0,0,2050.0,0.0,0.0,0.0,0.0,0.0,3
2023-05-09 21:05:00,cu2311C71000,cu2311C71000,2050.0,0.0,0.0,0.0,2,498.0,0.0,0,2050.0,0.0,0.0,0.0,0.0,0.0,3
2023-05-09 21:05:01,cu2311C71000,cu2311C71000,2050.0,0.0,0.0,0.0,1,500.0,0.0,0,2050.0,0.0,0.0,0.0,0.0,0.0,3
2023-05-09 21:05:01,cu2311C71000,cu2311C71000,2050.0,0.0,0.0,0.0,1,500.0,0.0,0,2050.0,0.0,0.0,0.0,0.0,0.0,3
2023-05-09 21:05:02,cu2311C71000,cu2311C71000,2050.0,0.0,0.0,0.0,2,502.0,0.0,0,2050.0,0.0,0.0,0.0,0.0,0.0,3
2023-05-09 21:05:02,cu2311C71000,cu2311C71000,2050.0,0.0,0.0,0.0,1,504.0,0.0,0,2050.0,0.0,0.0,0.0,0.0,0.0,3
2023-05-09 21:05:03,cu2311C71000,cu2311C71000,2050.0,0.0,0.0,0.0,1,504.0,0.0,0,2050.0,0.0,0.0,0.0,0.0,0.0,3
2023-05-09 21:05:03,cu2311C71000,cu2311C71000,2050.0,0.0,0.0,0.0,2,506.0,0.0,0,2050.0,0.0,0.0,0.0,0.0,0.0,3
2023-05-09 21:05:04,cu2311C71000,cu2311C71000,2050.0,0.0,0.0,0.0,1,508.0,0.0,0,2050.0,0.0,0.0,0.0,0.0,0.0,3
2023-05-09 21:05:04,cu2311C71000,cu2311C71000,2050.0,0.0,0.0,0.0,1,508.0,0.0,0,2050.0,0.0,0.0,0.0,0.0,0.0,3
2023-05-09 21:05:05,cu2311C71000,cu2311C71000,2050.0,0.0,0.0,0.0,2,510.0,0.0,0,2050.0,0.0,0.0,0.0,0.0,0.0,3
2023-05-09 21:05:05,cu2311C71000,cu2311C71000,2050.0,0.0,0.0,0.0,1,512.0,0.0,0,2050.0,0.0,0.0,0.0,0.0,0.0,3
2023-05-09 21:05:06,cu2311C71000,cu2311C71000,2050.0,0.0,0.0,0.0,1,512.0,0.0,0,2050.0,0.0,0.0,0.0,0.0,0.0,3
2023-05-09 21:05:06,cu2311C71000,cu2311C71000,2050.0,0.0,0.0,0.0,2,514.0,0.0,0,2050.0,0.0,0.0,0.0,0.0,0.0,3
2023-05-09 21:05:07,cu2311C71000,cu2311C71000,2050.0,0.0,0.0,0.0,1,516.0,0.0,0,2050.0,0.0,0.0,0.0,0.0,0.0,3
2023-05-09 21:05:07,cu2311C71000,cu2311C71000,2050.0,0.0,0.0,0.0,1,516.0,0.0,0,2050.0,0.0,0.0,0.0,0.0,0.0,3
2023-05-09 21:05:08,cu2311C71000,cu2311C71000,2050.0,0.0,0.0,0.0,2,518.0,0.0,0,2050.0,0.0,0.0,0.0,0.0,0.0,3
2023-05-09 21:05:08,cu2311C71000,cu2311C71000,2050.0,0.0,0.0,0.0,1,520.0,0.0,0,2050.0,0.0,0.0,0.0,0.0,0.0,3
2023-05-09 21:05:09,cu2311C71000,cu2311C71000,2050.0,0.0,0.0,0.0,1,520.0,0.0,0,2050.0,0.0,0.0,0.0,0.0,0.0,3
2023-05-09 21:05:09,cu2311C71000,cu2311C71000,2050.0,0.0,0.0,0.0,2,522.0,0.0,0,2050.0,0.0,0.0,0.0,0.0,0.0,3
2023-05-09 21:05:10,cu2311C71000,cu2311C71000,2050.0,0.0,0.0,0.0,1,524.0,0.0,0,2050.0,0.0,0.0,0.0,0.0,0.0,3
2023-05-09 21:05:10,cu2311C71000,cu2311C71000,2050.0,0.0,0.0,0.0,1,524.0,0.0,0,2050.0,0.0,0.0,0.0,0.0,0.0,3
2023-05-09 21:05:11,cu2311C71000,cu2311C71000,2050.0,0.0,0.0,0.0,2,526.0,0.0,0,2050.0,0.0,0.0,0.0,0.0,0.0,3
2023-05-09 21:05:11,cu2311C71000,cu2311C71000,2050.0,0.0,0.0,0.0,1,528.0,0.0,0,2050.0,0.0,0.0,0.0,0.0,0.0,3
2023-05-09 21:05:12,cu2311C71000,cu2311C71000,2050.0,0.0,0.0,0.0,1,528.0,0.0,0,2050.0,0.0,0.0,0.0,0.0,0.0,3
2023-05-09 21:05:12,cu2311C71000,cu2311C71000,2050.0,0.0,0.0,0.0,2,530.0,0.0,0,2050.0,0.0,0.0,0.0,0.0,0.0,3
2023-05-09 21:05:13,cu2311C71000,cu2311C71000,2050.0,0.0,0.0,0.0,1,532.0,0.0,0,2050.0,0.0,0.0,0.0,0.0,0.0,3
2023-05-09 21:05:13,cu2311C71000,cu2311C71000,2050.0,0.0,0.0,0.0,1,532.0,0.0,0,2050.0,0.0,0.0,0.0,0.0,0.0,3
2023-05-09 21:05:14,cu2311C71000,cu2311C71000,2050.0,0.0,0.0,0.0,2,534.0,0.0,0,2050.0,0.0,0.0,0.0,0.0,0.0,3
2023-05-09 21:05:14,cu2311C71000,cu2311C71000,2050.0,0.0,0.0,0.0,1,536.0,0.0,0,2050.0,0.0,0.0,0.0,0.0,0.0,3
2023-05-09 21:05:15,cu2311C71000,cu2311C71000,2050.0,0.0,0.0,0.0,1,536.0,0.0,0,2050.0,0.0,0.0,0.0,0.0,0.0,3
2023-05-09 21:05:15,cu2311C71000,cu2311C71000,2050.0,0.0,0.0,0.0,2,538.0,0.0,0,2050.0,0.0,0.0,0.0,0.0,0.0,3
2023-05-09 21:05:16,cu2311C71000,cu2311C71000,2050.0,0.0,0.0,0.0,1,540.0,0.0,0,2050.0,0.0,0.0,0.0,0.0,0.0,3
2023-05-09 21:05:16,cu2311C71000,cu2311C71000,2050.0,0.0,0.0,0.0,1,540.0,0.0,0,2050.0,0.0,0.0,0.0,0.0,0.0,3
2023-05-09 21:05:17,cu2311C71000,cu2311C71000,2050.0,0.0,0.0,0.0,2,542.0,0.0,0,2050.0,0.0,0.0,0.0,0.0,0.0,3
2023-05-09 21:05:17,cu2311C71000,cu2311C71000,2050.0,0.0,0.0,0.0,1,544.0,0.0,0,2050.0,0.0,0.0,0.0,0.0,0.0,3
2023-05-09 21:05:18,cu2311C71000,cu2311C71000,2050.0,0.0,0.0,0.0,1,544.0,0.0,0,2050.0,0.0,0.0,0.0,0.0,0.0,3
2023-05-09 21:05:18,cu2311C71000,cu2311C71000,2050.0,0.0,0.0,0.0,2,546.0,0.0,0,2050.0,0.0,0.0,0.0,0.0,0.0,3
2023-05-09 21:05:19,cu2311C71000,cu2311C71000,2050.0,0.0,0.0,0.0,1,548.0,0.0,0,2050.0,0.0,0.0,0.0,0.0,0.0,3
2023-05-09 21:05:19,cu2311C71000,cu2311C71000,2050.0,0.0,0.0,0.0,1,548.0,0.0,0,2050.0,0.0,0.0,0.0,0.0,0.0,3
2023-05-09 21:05:20,cu2311C71000,cu2311C71000,2050.0,0.0,0.0,0.0,2,550.0,0.0,0,2050.0,0.0,0.0,0.0,0.0,0.0,3
2023-05-09 21:05:20,cu2311C71000,cu2311C71000,2050.0,0.0,0.0,0.0,1,552.0,0.0,0,2050.0,0.0,0.0,0.0,0.0,0.0,3
2023-05-09 21:05:21,cu2311C71000,cu2311C71000,2050.0,0.0,0.0,0.0,1,552.0,0.0,0,2050.0,0.0,0.0,0.0,0.0,0.0,3
2023-05-09 21:05:21,cu2311C71000,cu2311C71000,2050.0,0.0,0.0,0.0,2,554.0,0.0,0,2050.0,0.0,0.0,0.0,0.0,0.0,3
2023-05-09 21:05:22,cu2311C71000,cu2311C71000,2050.0,0.0,0.0,0.0,1,556.0,0.0,0,2050.0,0.0,0.0,0.0,0.0,0.0,3
2023-05-09 21:05:22,cu2311C71000,cu2311C71000,2050.0,0.0,0.0,0.0,1,556.0,0.0,0,2050.0,0.0,0.0,0.0,0.0,0.0,3
2023-05-09 21:05:23,cu2311C71000,cu2311C71000,2050.0,0.0,0.0,0.0,2,558.0,0.0,0,2050.0,0.0,0.0,0.0,0.0,0.0,3
2023-05-09 21:05:23,cu2311C71000,cu2311C71000,2050.0,0.0,0.0,0.0,1,560.0,0.0,0,2050.0,0.0,0.0,0.0,0.0,0.0,3
2023-05-09 21:05:24,cu2311C71000,cu2311C71000,2050.0,0.0,0.0,0.0,1,560.0,0.0,0,2050.0,0.0,0.0,0.0,0.0,0.0,3
2023-05-09 21:05:24,cu2311C71000,cu2311C71000,2050.0,0.0,0.0,0.0,2,562.0,0.0,0,2050.0,0.0,0.0,0.0,0.0,0.0,3
2023-05-09 21:05:25,cu2311C71000,cu2311C71000,2050.0,0.0,0.0,0.0,1,564.0,0.0,0,2050.0,0.0,0.0,0.0,0.0,0.0,3
2023-05-09 21:05:25,cu2311C71000,cu2311C71000,2050.0,0.0,0.0,0.0,1,564.0,0.0,0,2050.0,0.0,0.0,0.0,0.0,0.0,3
2023-05-09 21:05:26,cu2311C71000,cu2311C71000,2050.0,0.0,0.0,0.0,2,566.0,0.0,0,2050.0,0.0,0.0,0.0,0.0,0.0,3
2023-05-09 21:05:26,cu2311C71000,cu2311C71000,2050.0,0.0,0.0,0.0,1,568.0,0.0,0,2050.0,0.0,0.0,0.0,0.0,0.0,3
2023-05-09 21:05:27,cu2311C71000,cu2311C71000,2050.0,0.0,0.0,0.0,1,568.0,0.0,0,2050.0,0.0,0.0,0.0,0.0,0.0,3
2023-05-09 21:05:27,cu2311C71000,cu2311C71000,2050.0,0.0,0.0,0.0,2,570.0,0.0,0,2050.0,0.0,0.0,0.0,0.0,0.0,3
2023-05-09 21:05:28,cu2311C71000,cu2311C71000,2050.0,0.0,0.0,0.0,1,572.0,0.0,0,2050.0,0.0,0.0,0.0,0.0,0.0,3
2023-05-09 21:05:28,cu2311C71000,cu2311C71000,2050.0,0.0,0.0,0.0,1,572.0,0.0,0,2050.0,0.0,0.0,0.0,0.0,0.0,3
2023-05-09 21:05:29,cu2311C71000,cu2311C71000,2050.0,0.0,0.0,0.0,2,574.0,0.0,0,2050.0,0.0,0.0,0.0,0.0,0.0,3
2023-05-09 21:05:29,cu2311C71000,cu2311C71000,2050.0,0.0,0.0,0.0,1,576.0,0.0,0,2050.0,0.0,0.0,0.0,0.0,0.0,3
2023-05-09 21:05:30,cu2311C71000,cu2311C71000,2050.0,0.0,0.0,0.0,1,576.0,0.0,0,2050.0,0.0,0.0,0.0,0.0,0.0,3
2023-05-09 21:05:30,cu2311C71000,cu2311C71000,2050.0,0.0,0.0,0.0,2,578.0,0.0,0,2050.0,0.0,0.0,0.0,0.0,0.0,3
2023-05-09 21:05:31,cu2311C71000,cu2311C71000,2050.0,0.0,0.0,0.0,1,580.0,0.0,0,2050.0,0.0,0.0,0.0,0.0,0.0,3
2023-05-09 21:05:31,cu2311C71000,cu2311C71000,2050.0,0.0,0.0,0.0,1,580.0,0.0,0,2050.0,0.0,0.0,0.0,0.0,0.0,3
2023-05-09 21:05:32,cu2311C71000,cu2311C71000,2050.0,0.0,0.0,0.0,2,582.0,0.0,0,2050.0,0.0,0.0,0.0,0.0,0.0,3
2023-05-09 21:05:32,cu2311C71000,cu2311C71000,2050.0,0.0,0.0,0.0,1,584.0,0.0,0,2050.0,0.0,0.0,0.0,0.0,0.0,3
2023-05-09 21:05:33,cu2311C71000,cu2311C71000,2050.0,0.0,0.0,0.0,1,584.0,0.0,0,2050.0,0.0,0.0,0.0,0.0,0.0,3
2023-05-09 21:05:33,cu2311C71000,cu2311C71000,2050.0,0.0,0.0,0.0,2,586.0,0.0,0,2050.0,0.0,0.0,0.0,0.0,0.0,3
2023-05-09 21:05:34,cu2311C71000,cu2311C71000,2050.0,0.0,0.0,0.0,2,586.0,0.0,0,2050.0,0.0,0.0,0.0,0.0,0.0,3
2023-05-09 21:05:34,cu2311C71000,cu2311C71000,2050.0,0.0,0.0,0.0,1,588.0,0.0,0,2050.0,0.0,0.0,0.0,0.0,0.0,3
2023-05-09 21:05:35,cu2311C71000,cu2311C71000,2050.0,0.0,0.0,0.0,1,588.0,0.0,0,2050.0,0.0,0.0,0.0,0.0,0.0,3
2023-05-09 21:05:35,cu2311C71000,cu2311C71000,2050.0,0.0,0.0,0.0,2,590.0,0.0,0,2050.0,0.0,0.0,0.0,0.0,0.0,3
2023-05-09 21:05:36,cu2311C71000,cu2311C71000,2050.0,0.0,0.0,0.0,1,592.0,0.0,0,2050.0,0.0,0.0,0.0,0.0,0.0,3
2023-05-09 21:05:36,cu2311C71000,cu2311C71000,2050.0,0.0,0.0,0.0,1,592.0,0.0,0,2050.0,0.0,0.0,0.0,0.0,0.0,3
2023-05-09 21:05:37,cu2311C71000,cu2311C71000,2050.0,0.0,0.0,0.0,2,594.0,0.0,0,2050.0,0.0,0.0,0.0,0.0,0.0,3
2023-05-09 21:05:37,cu2311C71000,cu2311C71000,2050.0,0.0,0.0,0.0,1,596.0,0.0,0,2050.0,0.0,0.0,0.0,0.0,0.0,3
2023-05-09 21:05:38,cu2311C71000,cu2311C71000,2050.0,0.0,0.0,0.0,1,596.0,0.0,0,2050.0,0.0,0.0,0.0,0.0,0.0,3
2023-05-09 21:05:38,cu2311C71000,cu2311C71000,2050.0,0.0,0.0,0.0,2,598.0,0.0,0,2050.0,0.0,0.0,0.0,0.0,0.0,3
2023-05-09 21:05:39,cu2311C71000,cu2311C71000,2050.0,0.0,0.0,0.0,1,600.0,0.0,0,2050.0,0.0,0.0,0.0,0.0,0.0,3
2023-05-09 21:05:39,cu2311C71000,cu2311C71000,2050.0,0.0,0.0,0.0,1,600.0,0.0,0,2050.0,0.0,0.0,0.0,0.0,0.0,3
2023-05-09 21:05:40,cu2311C71000,cu2311C71000,2050.0,0.0,0.0,0.0,2,602.0,0.0,0,2050.0,0.0,0.0,0.0,0.0,0.0,3
2023-05-09 21:05:40,cu2311C71000,cu2311C71000,2050.0,0.0,0.0,0.0,1,604.0,0.0,0,2050.0,0.0,0.0,0.0,0.0,0.0,3
2023-05-09 21:05:41,cu2311C71000,cu2311C71000,2050.0,0.0,0.0,0.0,1,604.0,0.0,0,2050.0,0.0,0.0,0.0,0.0,0.0,3
2023-05-09 21:05:41,cu2311C71000,cu2311C71000,2050.0,0.0,0.0,0.0,2,606.0,0.0,0,2050.0,0.0,0.0,0.0,0.0,0.0,3
2023-05-09 21:05:42,cu2311C71000,cu2311C71000,2050.0,0.0,0.0,0.0,1,608.0,0.0,0,2050.0,0.0,0.0,0.0,0.0,0.0,3
2023-05-09 21:05:42,cu2311C71000,cu2311C71000,2050.0,0.0,0.0,0.0,1,608.0,0.0,0,2050.0,0.0,0.0,0.0,0.0,0.0,3
2023-05-09 21:05:43,cu2311C71000,cu2311C71000,2050.0,0.0,0.0,0.0,2,610.0,0.0,0,2050.0,0.0,0.0,0.0,0.0,0.0,3
2023-05-09 21:05:43,cu2311C71000,cu2311C71000,2050.0,0.0,0.0,0.0,1,612.0,0.0,0,2050.0,0.0,0.0,0.0,0.0,0.0,3
2023-05-09 21:05:44,cu2311C71000,cu2311C71000,2050.0,0.0,0.0,0.0,1,612.0,0.0,0,2050.0,0.0,0.0,0.0,0.0,0.0,3
2023-05-09 21:05:44,cu2311C71000,cu2311C71000,2050.0,0.0,0.0,0.0,2,614.0,0.0,0,2050.0,0.0,0.0,0.0,0.0,0.0,3
2023-05-09 21:05:45,cu2311C71000,cu2311C71000,2050.0,0.0,0.0,0.0,1,616.0,0.0,0,2050.0,0.0,0.0,0.0,0.0,0.0,3
2023-05-09 21:05:45,cu2311C71000,cu2311C71000,2050.0,0.0,0.0,0.0,1,616.0,0.0,0,2050.0,0.0,0.0,0.0,0.0,0.0,3
2023-05-09 21:05:46,cu2311C71000,cu2311C71000,2050.0,0.0,0.0,0.0,2,618.0,0.0,0,2050.0,0.0,0.0,0.0,0.0,0.0,3
2023-05-09 21:05:46,cu2311C71000,cu2311C71000,2050.0,0.0,0.0,0.0,1,620.0,0.0,0,2050.0,0.0,0.0,0.0,0.0,0.0,3
2023-05-09 21:05:47,cu2311C71000,cu2311C71000,2050.0,0.0,0.0,0.0,1,620.0,0.0,0,2050.0,0.0,0.0,0.0,0.0,0.0,3
2023-05-09 21:05:47,cu2311C71000,cu2311C71000,2050.0,0.0,0.0,0.0,2,622.0,0.0,0,2050.0,0.0,0.0,0.0,0.0,0.0,3
2023-05-09 21:05:48,cu2311C71000,cu2311C71000,2050.0,0.0,0.0,0.0,1,624.0,0.0,0,2050.0,0.0,0.0,0.0,0.0,0.0,3
2023-05-09 21:05:48,cu2311C71000,cu2311C71000,2050.0,0.0,0.0,0.0,1,624.0,0.0,0,2050.0,0.0,0.0,0.0,0.0,0.0,3
2023-05-09 21:05:49,cu2311C71000,cu2311C71000,2050.0,0.0,0.0,0.0,2,626.0,0.0,0,2050.0,0.0,0.0,0.0,0.0,0.0,3
2023-05-09 21:05:49,cu2311C71000,cu2311C71000,2050.0,0.0,0.0,0.0,1,628.0,0.0,0,2050.0,0.0,0.0,0.0,0.0,0.0,3
2023-05-09 21:05:50,cu2311C71000,cu2311C71000,2050.0,0.0,0.0,0.0,1,628.0,0.0,0,2050.0,0.0,0.0,0.0,0.0,0.0,3
2023-05-09 21:05:50,cu2311C71000,cu2311C71000,2050.0,0.0,0.0,0.0,2,630.0,0.0,0,2050.0,0.0,0.0,0.0,0.0,0.0,3
2023-05-09 21:05:51,cu2311C71000,cu2311C71000,2050.0,0.0,0.0,0.0,1,632.0,0.0,0,2050.0,0.0,0.0,0.0,0.0,0.0,3
2023-05-09 21:05:51,cu2311C71000,cu2311C71000,2050.0,0.0,0.0,0.0,1,632.0,0.0,0,2050.0,0.0,0.0,0.0,0.0,0.0,3
2023-05-09 21:05:52,cu2311C71000,cu2311C71000,2050.0,0.0,0.0,0.0,2,634.0,0.0,0,2050.0,0.0,0.0,0.0,0.0,0.0,3
2023-05-09 21:05:52,cu2311C71000,cu2311C71000,2050.0,0.0,0.0,0.0,1,636.0,0.0,0,2050.0,0.0,0.0,0.0,0.0,0.0,3
2023-05-09 21:05:53,cu2311C71000,cu2311C71000,2050.0,0.0,0.0,0.0,1,636.0,0.0,0,2050.0,0.0,0.0,0.0,0.0,0.0,3
2023-05-09 21:05:53,cu2311C71000,cu2311C71000,2050.0,0.0,0.0,0.0,2,638.0,0.0,0,2050.0,0.0,0.0,0.0,0.0,0.0,3
2023-05-09 21:05:54,cu2311C71000,cu2311C71000,2050.0,0.0,0.0,0.0,1,640.0,0.0,0,2050.0,0.0,0.0,0.0,0.0,0.0,3
2023-05-09 21:05:54,cu2311C71000,cu2311C71000,2050.0,0.0,0.0,0.0,1,640.0,0.0,0,2050.0,0.0,0.0,0.0,0.0,0.0,3
2023-05-09 21:05:55,cu2311C71000,cu2311C71000,2050.0,0.0,0.0,0.0,2,642.0,0.0,0,2050.0,0.0,0.0,0.0,0.0,0.0,3
2023-05-09 21:05:55,cu2311C71000,cu2311C71000,2050.0,0.0,0.0,0.0,1,644.0,0.0,0,2050.0,0.0,0.0,0.0,0.0,0.0,3
2023-05-09 21:05:56,cu2311C71000,cu2311C71000,2050.0,0.0,0.0,0.0,1,644.0,0.0,0,2050.0,0.0,0.0,0.0,0.0,0.0,3
2023-05-09 21:05:56,cu2311C71000,cu2311C71000,2050.0,0.0,0.0,0.0,2,646.0,0.0,0,2050.0,0.0,0.0,0.0,0.0,0.0,3
2023-05-09 21:05:57,cu2311C71000,cu2311C71000,2050.0,0.0,0.0,0.0,2,646.0,0.0,0,2050.0,0.0,0.0,0.0,0.0,0.0,3
2023-05-09 21:05:57,cu2311C71000,cu2311C71000,2050.0,0.0,0.0,0.0,1,648.0,0.0,0,2050.0,0.0,0.0,0.0,0.0,0.0,3
2023-05-09 21:05:58,cu2311C71000,cu2311C71000,2050.0,0.0,0.0,0.0,1,648.0,0.0,0,2050.0,0.0,0.0,0.0,0.0,0.0,3
2023-05-09 21:05:58,cu2311C71000,cu2311C71000,2050.0,0.0,0.0,0.0,2,650.0,0.0,0,2050.0,0.0,0.0,0.0,0.0,0.0,3
2023-05-09 21:05:59,cu2311C71000,cu2311C71000,2050.0,0.0,0.0,0.0,1,652.0,0.0,0,2050.0,0.0,0.0,0.0,0.0,0.0,3
2023-05-09 21:05:59,cu2311C71000,cu2311C71000,2050.0,0.0,0.0,0.0,1,652.0,0.0,0,2050.0,0.0,0.0,0.0,0.0,0.0,3
2023-05-09 21:06:00,cu2311C71000,cu2311C71000,2050.0,0.0,0.0,0.0,2,654.0,0.0,0,2050.0,0.0,0.0,0.0,0.0,0.0,3
2023-05-09 21:06:00,cu2311C71000,cu2311C71000,2050.0,0.0,0.0,0.0,1,656.0,0.0,0,2050.0,0.0,0.0,0.0,0.0,0.0,3
2023-05-09 21:06:01,cu2311C71000,cu2311C71000,2050.0,0.0,0.0,0.0,1,656.0,0.0,0,2050.0,0.0,0.0,0.0,0.0,0.0,3
2023-05-09 21:06:01,cu2311C71000,cu2311C71000,2050.0,0.0,0.0,0.0,2,658.0,0.0,0,2050.0,0.0,0.0,0.0,0.0,0.0,3
2023-05-09 21:06:02,cu2311C71000,cu2311C71000,2050.0,0.0,0.0,0.0,1,660.0,0.0,0,2050.0,0.0,0.0,0.0,0.0,0.0,3
2023-05-09 21:06:02,cu2311C71000,cu2311C71000,2050.0,0.0,0.0,0.0,1,660.0,0.0,0,2050.0,0.0,0.0,0.0,0.0,0.0,3
2023-05-09 21:06:03,cu2311C71000,cu2311C71000,2050.0,0.0,0.0,0.0,2,662.0,0.0,0,2050.0,0.0,0.0,0.0,0.0,0.0,3
2023-05-09 21:06:03,cu2311C71000,cu2311C71000,2050.0,0.0,0.0,0.0,1,664.0,0.0,0,2050.0,0.0,0.0,0.0,0.0,0.0,3
2023-05-09 21:06:04,cu2311C71000,cu2311C71000,2050.0,0.0,0.0,0.0,1,664.0,0.0,0,2050.0,0.0,0.0,0.0,0.0,0.0,3
2023-05-09 21:06:04,cu2311C71000,cu2311C71000,2050.0,0.0,0.0,0.0,2,666.0,0.0,0,2050.0,0.0,0.0,0.0,0.0,0.0,3
2023-05-09 21:06:05,cu2311C71000,cu2311C71000,2050.0,0.0,0.0,0.0,1,668.0,0.0,0,2050.0,0.0,0.0,0.0,0.0,0.0,3
2023-05-09 21:06:05,cu2311C71000,cu2311C71000,2050.0,0.0,0.0,0.0,1,668.0,0.0,0,2050.0,0.0,0.0,0.0,0.0,0.0,3
2023-05-09 21:06:06,cu2311C71000,cu2311C71000,2050.0,0.0,0.0,0.0,2,670.0,0.0,0,2050.0,0.0,0.0,0.0,0.0,0.0,3
2023-05-09 21:06:06,cu2311C71000,cu2311C71000,2050.0,0.0,0.0,0.0,1,672.0,0.0,0,2050.0,0.0,0.0,0.0,0.0,0.0,3
2023-05-09 21:06:07,cu2311C71000,cu2311C71000,2050.0,0.0,0.0,0.0,1,672.0,0.0,0,2050.0,0.0,0.0,0.0,0.0,0.0,3
2023-05-09 21:06:07,cu2311C71000,cu2311C71000,2050.0,0.0,0.0,0.0,2,674.0,0.0,0,2050.0,0.0,0.0,0.0,0.0,0.0,3
2023-05-09 21:06:08,cu2311C71000,cu2311C71000,2050.0,0.0,0.0,0.0,1,676.0,0.0,0,2050.0,0.0,0.0,0.0,0.0,0.0,3
2023-05-09 21:06:08,cu2311C71000,cu2311C71000,2050.0,0.0,0.0,0.0,1,676.0,0.0,0,2050.0,0.0,0.0,0.0,0.0,0.0,3
2023-05-09 21:06:09,cu2311C71000,cu2311C71000,2050.0,0.0,0.0,0.0,2,678.0,0.0,0,2050.0,0.0,0.0,0.0,0.0,0.0,3
2023-05-09 21:06:09,cu2311C71000,cu2311C71000,2050.0,0.0,0.0,0.0,1,680.0,0.0,0,2050.0,0.0,0.0,0.0,0.0,0.0,3
2023-05-09 21:06:10,cu2311C71000,cu2311C71000,2050.0,0.0,0.0,0.0,1,680.0,0.0,0,2050.0,0.0,0.0,0.0,0.0,0.0,3
2023-05-09 21:06:10,cu2311C71000,cu2311C71000,2050.0,0.0,0.0,0.0,2,682.0,0.0,0,2050.0,0.0,0.0,0.0,0.0,0.0,3
2023-05-09 21:06:11,cu2311C71000,cu2311C71000,2050.0,0.0,0.0,0.0,1,684.0,0.0,0,2050.0,0.0,0.0,0.0,0.0,0.0,3
2023-05-09 21:06:11,cu2311C71000,cu2311C71000,2050.0,0.0,0.0,0.0,1,684.0,0.0,0,2050.0,0.0,0.0,0.0,0.0,0.0,3
2023-05-09 21:06:12,cu2311C71000,cu2311C71000,2050.0,0.0,0.0,0.0,2,686.0,0.0,0,2050.0,0.0,0.0,0.0,0.0,0.0,3
2023-05-09 21:06:12,cu2311C71000,cu2311C71000,2050.0,0.0,0.0,0.0,1,688.0,0.0,0,2050.0,0.0,0.0,0.0,0.0,0.0,3
2023-05-09 21:06:13,cu2311C71000,cu2311C71000,2050.0,0.0,0.0,0.0,1,688.0,0.0,0,2050.0,0.0,0.0,0.0,0.0,0.0,3
2023-05-09 21:06:13,cu2311C71000,cu2311C71000,2050.0,0.0,0.0,0.0,2,690.0,0.0,0,2050.0,0.0,0.0,0.0,0.0,0.0,3
2023-05-09 21:06:14,cu2311C71000,cu2311C71000,2050.0,0.0,0.0,0.0,1,692.0,0.0,0,2050.0,0.0,0.0,0.0,0.0,0.0,3
2023-05-09 21:06:14,cu2311C71000,cu2311C71000,2050.0,0.0,0.0,0.0,1,692.0,0.0,0,2050.0,0.0,0.0,0.0,0.0,0.0,3
2023-05-09 21:06:15,cu2311C71000,cu2311C71000,2050.0,0.0,0.0,0.0,2,694.0,0.0,0,2050.0,0.0,0.0,0.0,0.0,0.0,3
2023-05-09 21:06:15,cu2311C71000,cu2311C71000,2050.0,0.0,0.0,0.0,1,696.0,0.0,0,2050.0,0.0,0.0,0.0,0.0,0.0,3
2023-05-09 21:06:16,cu2311C71000,cu2311C71000,2050.0,0.0,0.0,0.0,1,696.0,0.0,0,2050.0,0.0,0.0,0.0,0.0,0.0,3
2023-05-09 21:06:17,cu2311C71000,cu2311C71000,2050.0,0.0,0.0,0.0,2,698.0,0.0,0,2050.0,0.0,0.0,0.0,0.0,0.0,3
2023-05-09 21:06:17,cu2311C71000,cu2311C71000,2050.0,0.0,0.0,0.0,1,700.0,0.0,0,2050.0,0.0,0.0,0.0,0.0,0.0,3
2023-05-09 21:06:18,cu2311C71000,cu2311C71000,2050.0,0.0,0.0,0.0,1,700.0,0.0,0,2050.0,0.0,0.0,0.0,0.0,0.0,3
2023-05-09 21:06:18,cu2311C71000,cu2311C71000,2050.0,0.0,0.0,0.0,2,702.0,0.0,0,2050.0,0.0,0.0,0.0,0.0,0.0,3
2023-05-09 21:06:19,cu2311C71000,cu2311C71000,2050.0,0.0,0.0,0.0,1,704.0,0.0,0,2050.0,0.0,0.0,0.0,0.0,0.0,3
2023-05-09 21:06:19,cu2311C71000,cu2311C71000,2050.0,0.0,0.0,0.0,1,704.0,0.0,0,2050.0,0.0,0.0,0.0,0.0,0.0,3
2023-05-09 21:06:20,cu2311C71000,cu2311C71000,2050.0,0.0,0.0,0.0,2,706.0,0.0,0,2050.0,0.0,0.0,0.0,0.0,0.0,3
2023-05-09 21:06:20,cu2311C71000,cu2311C71000,2050.0,0.0,0.0,0.0,1,708.0,0.0,0,2050.0,0.0,0.0,0.0,0.0,0.0,3
2023-05-09 21:06:22,cu2311C71000,cu2311C71000,2050.0,0.0,0.0,0.0,1,708.0,0.0,0,2050.0,0.0,0.0,0.0,0.0,0.0,3
2023-05-09 21:06:22,cu2311C71000,cu2311C71000,2050.0,0.0,0.0,0.0,2,710.0,0.0,0,2050.0,0.0,0.0,0.0,0.0,0.0,3
2023-05-09 21:06:23,cu2311C71000,cu2311C71000,2050.0,0.0,0.0,0.0,1,712.0,0.0,0,2050.0,0.0,0.0,0.0,0.0,0.0,3
2023-05-09 21:06:23,cu2311C71000,cu2311C71000,2050.0,0.0,0.0,0.0,1,712.0,0.0,0,2050.0,0.0,0.0,0.0,0.0,0.0,3
2023-05-09 21:06:24,cu2311C71000,cu2311C71000,2050.0,0.0,0.0,0.0,2,714.0,0.0,0,2050.0,0.0,0.0,0.0,0.0,0.0,3
2023-05-09 21:06:24,cu2311C71000,cu2311C71000,2050.0,0.0,0.0,0.0,1,716.0,0.0,0,2050.0,0.0,0.0,0.0,0.0,0.0,3
2023-05-09 21:06:25,cu2311C71000,cu2311C71000,2050.0,0.0,0.0,0.0,1,716.0,0.0,0,2050.0,0.0,0.0,0.0,0.0,0.0,3
2023-05-09 21:06:25,cu2311C71000,cu2311C71000,2050.0,0.0,0.0,0.0,2,718.0,0.0,0,2050.0,0.0,0.0,0.0,0.0,0.0,3
2023-05-09 21:06:26,cu2311C71000,cu2311C71000,2050.0,0.0,0.0,0.0,1,720.0,0.0,0,2050.0,0.0,0.0,0.0,0.0,0.0,3
2023-05-09 21:06:27,cu2311C71000,cu2311C71000,2050.0,0.0,0.0,0.0,1,720.0,0.0,0,2050.0,0.0,0.0,0.0,0.0,0.0,3
2023-05-09 21:06:27,cu2311C71000,cu2311C71000,2050.0,0.0,0.0,0.0,2,722.0,0.0,0,2050.0,0.0,0.0,0.0,0.0,0.0,3
2023-05-09 21:06:28,cu2311C71000,cu2311C71000,2050.0,0.0,0.0,0.0,1,724.0,0.0,0,2050.0,0.0,0.0,0.0,0.0,0.0,3
2023-05-09 21:06:28,cu2311C71000,cu2311C71000,2050.0,0.0,0.0,0.0,1,724.0,0.0,0,2050.0,0.0,0.0,0.0,0.0,0.0,3
2023-05-09 21:06:29,cu2311C71000,cu2311C71000,2050.0,0.0,0.0,0.0,2,726.0,0.0,0,2050.0,0.0,0.0,0.0,0.0,0.0,3
2023-05-09 21:06:29,cu2311C71000,cu2311C71000,2050.0,0.0,0.0,0.0,1,728.0,0.0,0,2050.0,0.0,0.0,0.0,0.0,0.0,3
2023-05-09 21:06:30,cu2311C71000,cu2311C71000,2050.0,0.0,0.0,0.0,1,728.0,0.0,0,2050.0,0.0,0.0,0.0,0.0,0.0,3
2023-05-09 21:06:30,cu2311C71000,cu2311C71000,2050.0,0.0,0.0,0.0,2,730.0,0.0,0,2050.0,0.0,0.0,0.0,0.0,0.0,3
2023-05-09 21:06:31,cu2311C71000,cu2311C71000,2050.0,0.0,0.0,0.0,1,732.0,0.0,0,2050.0,0.0,0.0,0.0,0.0,0.0,3
2023-05-09 21:06:31,cu2311C71000,cu2311C71000,2050.0,0.0,0.0,0.0,1,732.0,0.0,0,2050.0,0.0,0.0,0.0,0.0,0.0,3
2023-05-09 21:06:32,cu2311C71000,cu2311C71000,2050.0,0.0,0.0,0.0,2,734.0,0.0,0,2050.0,0.0,0.0,0.0,0.0,0.0,3
2023-05-09 21:06:32,cu2311C71000,cu2311C71000,2050.0,0.0,0.0,0.0,1,736.0,0.0,0,2050.0,0.0,0.0,0.0,0.0,0.0,3
2023-05-09 21:06:33,cu2311C71000,cu2311C71000,2050.0,0.0,0.0,0.0,1,736.0,0.0,0,2050.0,0.0,0.0,0.0,0.0,0.0,3
2023-05-09 21:06:33,cu2311C71000,cu2311C71000,2050.0,0.0,0.0,0.0,2,738.0,0.0,0,2050.0,0.0,0.0,0.0,0.0,0.0,3
2023-05-09 21:06:34,cu2311C71000,cu2311C71000,2050.0,0.0,0.0,0.0,1,740.0,0.0,0,2050.0,0.0,0.0,0.0,0.0,0.0,3
2023-05-09 21:06:34,cu2311C71000,cu2311C71000,2050.0,0.0,0.0,0.0,1,740.0,0.0,0,2050.0,0.0,0.0,0.0,0.0,0.0,3
2023-05-09 21:06:35,cu2311C71000,cu2311C71000,2050.0,0.0,0.0,0.0,2,742.0,0.0,0,2050.0,0.0,0.0,0.0,0.0,0.0,3
2023-05-09 21:06:35,cu2311C71000,cu2311C71000,2050.0,0.0,0.0,0.0,2,742.0,0.0,0,2050.0,0.0,0.0,0.0,0.0,0.0,3
2023-05-09 21:06:36,cu2311C71000,cu2311C71000,2050.0,0.0,0.0,0.0,1,744.0,0.0,0,2050.0,0.0,0.0,0.0,0.0,0.0,3
2023-05-09 21:06:36,cu2311C71000,cu2311C71000,2050.0,0.0,0.0,0.0,1,744.0,0.0,0,2050.0,0.0,0.0,0.0,0.0,0.0,3
2023-05-09 21:06:37,cu2311C71000,cu2311C71000,2050.0,0.0,0.0,0.0,2,746.0,0.0,0,2050.0,0.0,0.0,0.0,0.0,0.0,3
2023-05-09 21:06:37,cu2311C71000,cu2311C71000,2050.0,0.0,0.0,0.0,1,748.0,0.0,0,2050.0,0.0,0.0,0.0,0.0,0.0,3
2023-05-09 21:06:38,cu2311C71000,cu2311C71000,2050.0,0.0,0.0,0.0,1,748.0,0.0,0,2050.0,0.0,0.0,0.0,0.0,0.0,3
2023-05-09 21:06:38,cu2311C71000,cu2311C71000,2050.0,0.0,0.0,0.0,2,750.0,0.0,0,2050.0,0.0,0.0,0.0,0.0,0.0,3
2023-05-09 21:06:39,cu2311C71000,cu2311C71000,2050.0,0.0,0.0,0.0,1,752.0,0.0,0,2050.0,0.0,0.0,0.0,0.0,0.0,3
2023-05-09 21:06:39,cu2311C71000,cu2311C71000,2050.0,0.0,0.0,0.0,1,752.0,0.0,0,2050.0,0.0,0.0,0.0,0.0,0.0,3
2023-05-09 21:06:40,cu2311C71000,cu2311C71000,2050.0,0.0,0.0,0.0,2,754.0,0.0,0,2050.0,0.0,0.0,0.0,0.0,0.0,3
2023-05-09 21:06:40,cu2311C71000,cu2311C71000,2050.0,0.0,0.0,0.0,1,756.0,0.0,0,2050.0,0.0,0.0,0.0,0.0,0.0,3
2023-05-09 21:06:41,cu2311C71000,cu2311C71000,2050.0,0.0,0.0,0.0,1,756.0,0.0,0,2050.0,0.0,0.0,0.0,0.0,0.0,3
2023-05-09 21:06:41,cu2311C71000,cu2311C71000,2050.0,0.0,0.0,0.0,2,758.0,0.0,0,2050.0,0.0,0.0,0.0,0.0,0.0,3
2023-05-09 21:06:42,cu2311C71000,cu2311C71000,2050.0,0.0,0.0,0.0,1,760.0,0.0,0,2050.0,0.0,0.0,0.0,0.0,0.0,3
2023-05-09 21:06:42,cu2311C71000,cu2311C71000,2050.0,0.0,0.0,0.0,1,760.0,0.0,0,2050.0,0.0,0.0,0.0,0.0,0.0,3
2023-05-09 21:06:43,cu2311C71000,cu2311C71000,2050.0,0.0,0.0,0.0,2,762.0,0.0,0,2050.0,0.0,0.0,0.0,0.0,0.0,3
2023-05-09 21:06:43,cu2311C71000,cu2311C71000,2050.0,0.0,0.0,0.0,1,764.0,0.0,0,2050.0,0.0,0.0,0.0,0.0,0.0,3
2023-05-09 21:06:44,cu2311C71000,cu2311C71000,2050.0,0.0,0.0,0.0,1,764.0,0.0,0,2050.0,0.0,0.0,0.0,0.0,0.0,3
2023-05-09 21:06:44,cu2311C71000,cu2311C71000,2050.0,0.0,0.0,0.0,2,766.0,0.0,0,2050.0,0.0,0.0,0.0,0.0,0.0,3
2023-05-09 21:06:45,cu2311C71000,cu2311C71000,2050.0,0.0,0.0,0.0,1,768.0,0.0,0,2050.0,0.0,0.0,0.0,0.0,0.0,3
2023-05-09 21:06:45,cu2311C71000,cu2311C71000,2050.0,0.0,0.0,0.0,1,768.0,0.0,0,2050.0,0.0,0.0,0.0,0.0,0.0,3
2023-05-09 21:06:46,cu2311C71000,cu2311C71000,2050.0,0.0,0.0,0.0,2,770.0,0.0,0,2050.0,0.0,0.0,0.0,0.0,0.0,3
2023-05-09 21:06:46,cu2311C71000,cu2311C71000,2050.0,0.0,0.0,0.0,1,772.0,0.0,0,2050.0,0.0,0.0,0.0,0.0,0.0,3
2023-05-09 21:06:47,cu2311C71000,cu2311C71000,2050.0,0.0,0.0,0.0,1,772.0,0.0,0,2050.0,0.0,0.0,0.0,0.0,0.0,3
2023-05-09 21:06:47,cu2311C71000,cu2311C71000,2050.0,0.0,0.0,0.0,2,774.0,0.0,0,2050.0,0.0,0.0,0.0,0.0,0.0,3
2023-05-09 21:06:48,cu2311C71000,cu2311C71000,2050.0,0.0,0.0,0.0,1,776.0,0.0,0,2050.0,0.0,0.0,0.0,0.0,0.0,3
2023-05-09 21:06:48,cu2311C71000,cu2311C71000,2050.0,0.0,0.0,0.0,1,776.0,0.0,0,2050.0,0.0,0.0,0.0,0.0,0.0,3
2023-05-09 21:06:49,cu2311C71000,cu2311C71000,2050.0,0.0,0.0,0.0,2,778.0,0.0,0,2050.0,0.0,0.0,0.0,0.0,0.0,3
2023-05-09 21:06:49,cu2311C71000,cu2311C71000,2050.0,0.0,0.0,0.0,1,780.0,0.0,0,2050.0,0.0,0.0,0.0,0.0,0.0,3
2023-05-09 21:06:50,cu2311C71000,cu2311C71000,2050.0,0.0,0.0,0.0,1,780.0,0.0,0,2050.0,0.0,0.0,0.0,0.0,0.0,3
2023-05-09 21:06:50,cu2311C71000,cu2311C71000,2050.0,0.0,0.0,0.0,2,782.0,0.0,0,2050.0,0.0,0.0,0.0,0.0,0.0,3
2023-05-09 21:06:51,cu2311C71000,cu2311C71000,2050.0,0.0,0.0,0.0,1,784.0,0.0,0,2050.0,0.0,0.0,0.0,0.0,0.0,3
2023-05-09 21:06:51,cu2311C71000,cu2311C71000,2050.0,0.0,0.0,0.0,1,784.0,0.0,0,2050.0,0.0,0.0,0.0,0.0,0.0,3
2023-05-09 21:06:52,cu2311C71000,cu2311C71000,2050.0,0.0,0.0,0.0,2,786.0,0.0,0,2050.0,0.0,0.0,0.0,0.0,0.0,3
2023-05-09 21:06:52,cu2311C71000,cu2311C71000,2050.0,0.0,0.0,0.0,1,788.0,0.0,0,2050.0,0.0,0.0,0.0,0.0,0.0,3
2023-05-09 21:06:53,cu2311C71000,cu2311C71000,2050.0,0.0,0.0,0.0,1,788.0,0.0,0,2050.0,0.0,0.0,0.0,0.0,0.0,3
2023-05-09 21:06:53,cu2311C71000,cu2311C71000,2050.0,0.0,0.0,0.0,2,790.0,0.0,0,2050.0,0.0,0.0,0.0,0.0,0.0,3
2023-05-09 21:06:54,cu2311C71000,cu2311C71000,2050.0,0.0,0.0,0.0,1,792.0,0.0,0,2050.0,0.0,0.0,0.0,0.0,0.0,3
2023-05-09 21:06:54,cu2311C71000,cu2311C71000,2050.0,0.0,0.0,0.0,1,792.0,0.0,0,2050.0,0.0,0.0,0.0,0.0,0.0,3
2023-05-09 21:06:55,cu2311C71000,cu2311C71000,2050.0,0.0,0.0,0.0,2,794.0,0.0,0,2050.0,0.0,0.0,0.0,0.0,0.0,3
2023-05-09 21:06:55,cu2311C71000,cu2311C71000,2050.0,0.0,0.0,0.0,1,796.0,0.0,0,2050.0,0.0,0.0,0.0,0.0,0.0,3
2023-05-09 21:06:56,cu2311C71000,cu2311C71000,2050.0,0.0,0.0,0.0,1,796.0,0.0,0,2050.0,0.0,0.0,0.0,0.0,0.0,3
2023-05-09 21:06:56,cu2311C71000,cu2311C71000,2050.0,0.0,0.0,0.0,2,798.0,0.0,0,2050.0,0.0,0.0,0.0,0.0,0.0,3
2023-05-09 21:06:57,cu2311C71000,cu2311C71000,2050.0,0.0,0.0,0.0,1,800.0,0.0,0,2050.0,0.0,0.0,0.0,0.0,0.0,3
2023-05-09 21:06:57,cu2311C71000,cu2311C71000,2050.0,0.0,0.0,0.0,1,800.0,0.0,0,2050.0,0.0,0.0,0.0,0.0,0.0,3
2023-05-09 21:06:58,cu2311C71000,cu2311C71000,2050.0,0.0,0.0,0.0,2,802.0,0.0,0,2050.0,0.0,0.0,0.0,0.0,0.0,3
2023-05-09 21:06:58,cu2311C71000,cu2311C71000,2050.0,0.0,0.0,0.0,1,804.0,0.0,0,2050.0,0.0,0.0,0.0,0.0,0.0,3
2023-05-09 21:06:59,cu2311C71000,cu2311C71000,2050.0,0.0,0.0,0.0,1,804.0,0.0,0,2050.0,0.0,0.0,0.0,0.0,0.0,3
2023-05-09 21:06:59,cu2311C71000,cu2311C71000,2050.0,0.0,0.0,0.0,2,806.0,0.0,0,2050.0,0.0,0.0,0.0,0.0,0.0,3
2023-05-09 21:07:00,cu2311C71000,cu2311C71000,2050.0,0.0,0.0,0.0,1,808.0,0.0,0,2050.0,0.0,0.0,0.0,0.0,0.0,3
2023-05-09 21:07:01,cu2311C71000,cu2311C71000,2050.0,0.0,0.0,0.0,1,808.0,0.0,0,2050.0,0.0,0.0,0.0,0.0,0.0,3
2023-05-09 21:07:01,cu2311C71000,cu2311C71000,2050.0,0.0,0.0,0.0,2,810.0,0.0,0,2050.0,0.0,0.0,0.0,0.0,0.0,3
2023-05-09 21:07:02,cu2311C71000,cu2311C71000,2050.0,0.0,0.0,0.0,1,812.0,0.0,0,2050.0,0.0,0.0,0.0,0.0,0.0,3
2023-05-09 21:07:02,cu2311C71000,cu2311C71000,2050.0,0.0,0.0,0.0,1,812.0,0.0,0,2050.0,0.0,0.0,0.0,0.0,0.0,3
2023-05-09 21:07:03,cu2311C71000,cu2311C71000,2050.0,0.0,0.0,0.0,2,814.0,0.0,0,2050.0,0.0,0.0,0.0,0.0,0.0,3
2023-05-09 21:07:03,cu2311C71000,cu2311C71000,2050.0,0.0,0.0,0.0,1,816.0,0.0,0,2050.0,0.0,0.0,0.0,0.0,0.0,3
2023-05-09 21:07:04,cu2311C71000,cu2311C71000,2050.0,0.0,0.0,0.0,1,816.0,0.0,0,2050.0,0.0,0.0,0.0,0.0,0.0,3
2023-05-09 21:07:04,cu2311C71000,cu2311C71000,2050.0,0.0,0.0,0.0,2,818.0,0.0,0,2050.0,0.0,0.0,0.0,0.0,0.0,3
2023-05-09 21:07:05,cu2311C71000,cu2311C71000,2050.0,0.0,0.0,0.0,1,820.0,0.0,0,2050.0,0.0,0.0,0.0,0.0,0.0,3
2023-05-09 21:07:05,cu2311C71000,cu2311C71000,2050.0,0.0,0.0,0.0,1,820.0,0.0,0,2050.0,0.0,0.0,0.0,0.0,0.0,3
2023-05-09 21:07:06,cu2311C71000,cu2311C71000,2050.0,0.0,0.0,0.0,2,822.0,0.0,0,2050.0,0.0,0.0,0.0,0.0,0.0,3
2023-05-09 21:07:06,cu2311C71000,cu2311C71000,2050.0,0.0,0.0,0.0,1,824.0,0.0,0,2050.0,0.0,0.0,0.0,0.0,0.0,3
2023-05-09 21:07:07,cu2311C71000,cu2311C71000,2050.0,0.0,0.0,0.0,1,824.0,0.0,0,2050.0,0.0,0.0,0.0,0.0,0.0,3
2023-05-09 21:07:07,cu2311C71000,cu2311C71000,2050.0,0.0,0.0,0.0,2,826.0,0.0,0,2050.0,0.0,0.0,0.0,0.0,0.0,3
2023-05-09 21:07:08,cu2311C71000,cu2311C71000,2050.0,0.0,0.0,0.0,1,828.0,0.0,0,2050.0,0.0,0.0,0.0,0.0,0.0,3
2023-05-09 21:07:08,cu2311C71000,cu2311C71000,2050.0,0.0,0.0,0.0,1,828.0,0.0,0,2050.0,0.0,0.0,0.0,0.0,0.0,3
2023-05-09 21:07:09,cu2311C71000,cu2311C71000,2050.0,0.0,0.0,0.0,2,830.0,0.0,0,2050.0,0.0,0.0,0.0,0.0,0.0,3
2023-05-09 21:07:09,cu2311C71000,cu2311C71000,2050.0,0.0,0.0,0.0,1,832.0,0.0,0,2050.0,0.0,0.0,0.0,0.0,0.0,3
2023-05-09 21:07:10,cu2311C71000,cu2311C71000,2050.0,0.0,0.0,0.0,1,832.0,0.0,0,2050.0,0.0,0.0,0.0,0.0,0.0,3
2023-05-09 21:07:10,cu2311C71000,cu2311C71000,2050.0,0.0,0.0,0.0,2,834.0,0.0,0,2050.0,0.0,0.0,0.0,0.0,0.0,3
2023-05-09 21:07:11,cu2311C71000,cu2311C71000,2050.0,0.0,0.0,0.0,1,836.0,0.0,0,2050.0,0.0,0.0,0.0,0.0,0.0,3
2023-05-09 21:07:11,cu2311C71000,cu2311C71000,2050.0,0.0,0.0,0.0,1,836.0,0.0,0,2050.0,0.0,0.0,0.0,0.0,0.0,3
2023-05-09 21:07:12,cu2311C71000,cu2311C71000,2050.0,0.0,0.0,0.0,2,838.0,0.0,0,2050.0,0.0,0.0,0.0,0.0,0.0,3
2023-05-09 21:07:12,cu2311C71000,cu2311C71000,2050.0,0.0,0.0,0.0,1,840.0,0.0,0,2050.0,0.0,0.0,0.0,0.0,0.0,3
2023-05-09 21:07:13,cu2311C71000,cu2311C71000,2050.0,0.0,0.0,0.0,1,840.0,0.0,0,2050.0,0.0,0.0,0.0,0.0,0.0,3
2023-05-09 21:07:13,cu2311C71000,cu2311C71000,2050.0,0.0,0.0,0.0,2,842.0,0.0,0,2050.0,0.0,0.0,0.0,0.0,0.0,3
2023-05-09 21:07:14,cu2311C71000,cu2311C71000,2050.0,0.0,0.0,0.0,1,844.0,0.0,0,2050.0,0.0,0.0,0.0,0.0,0.0,3
2023-05-09 21:07:14,cu2311C71000,cu2311C71000,2050.0,0.0,0.0,0.0,1,844.0,0.0,0,2050.0,0.0,0.0,0.0,0.0,0.0,3
2023-05-09 21:07:15,cu2311C71000,cu2311C71000,2050.0,0.0,0.0,0.0,2,846.0,0.0,0,2050.0,0.0,0.0,0.0,0.0,0.0,3
2023-05-09 21:07:15,cu2311C71000,cu2311C71000,2050.0,0.0,0.0,0.0,1,848.0,0.0,0,2050.0,0.0,0.0,0.0,0.0,0.0,3
2023-05-09 21:07:17,cu2311C71000,cu2311C71000,2050.0,0.0,0.0,0.0,1,848.0,0.0,0,2050.0,0.0,0.0,0.0,0.0,0.0,3
2023-05-09 21:07:18,cu2311C71000,cu2311C71000,2050.0,0.0,0.0,0.0,2,850.0,0.0,0,2050.0,0.0,0.0,0.0,0.0,0.0,3
2023-05-09 21:07:18,cu2311C71000,cu2311C71000,2050.0,0.0,0.0,0.0,1,852.0,0.0,0,2050.0,0.0,0.0,0.0,0.0,0.0,3
2023-05-09 21:07:19,cu2311C71000,cu2311C71000,2050.0,0.0,0.0,0.0,1,852.0,0.0,0,2050.0,0.0,0.0,0.0,0.0,0.0,3
2023-05-09 21:07:20,cu2311C71000,cu2311C71000,2050.0,0.0,0.0,0.0,2,854.0,0.0,0,2050.0,0.0,0.0,0.0,0.0,0.0,3
2023-05-09 21:07:20,cu2311C71000,cu2311C71000,2050.0,0.0,0.0,0.0,1,856.0,0.0,0,2050.0,0.0,0.0,0.0,0.0,0.0,3
2023-05-09 21:07:21,cu2311C71000,cu2311C71000,2050.0,0.0,0.0,0.0,1,856.0,0.0,0,2050.0,0.0,0.0,0.0,0.0,0.0,3
2023-05-09 21:07:21,cu2311C71000,cu2311C71000,2050.0,0.0,0.0,0.0,2,858.0,0.0,0,2050.0,0.0,0.0,0.0,0.0,0.0,3
2023-05-09 21:07:22,cu2311C71000,cu2311C71000,2050.0,0.0,0.0,0.0,1,860.0,0.0,0,2050.0,0.0,0.0,0.0,0.0,0.0,3
2023-05-09 21:07:22,cu2311C71000,cu2311C71000,2050.0,0.0,0.0,0.0,1,860.0,0.0,0,2050.0,0.0,0.0,0.0,0.0,0.0,3
2023-05-09 21:07:23,cu2311C71000,cu2311C71000,2050.0,0.0,0.0,0.0,2,862.0,0.0,0,2050.0,0.0,0.0,0.0,0.0,0.0,3
2023-05-09 21:07:23,cu2311C71000,cu2311C71000,2050.0,0.0,0.0,0.0,1,864.0,0.0,0,2050.0,0.0,0.0,0.0,0.0,0.0,3
2023-05-09 21:07:24,cu2311C71000,cu2311C71000,2050.0,0.0,0.0,0.0,1,864.0,0.0,0,2050.0,0.0,0.0,0.0,0.0,0.0,3
2023-05-09 21:07:24,cu2311C71000,cu2311C71000,2050.0,0.0,0.0,0.0,2,866.0,0.0,0,2050.0,0.0,0.0,0.0,0.0,0.0,3
2023-05-09 21:07:25,cu2311C71000,cu2311C71000,2050.0,0.0,0.0,0.0,1,868.0,0.0,0,2050.0,0.0,0.0,0.0,0.0,0.0,3
2023-05-09 21:07:25,cu2311C71000,cu2311C71000,2050.0,0.0,0.0,0.0,1,868.0,0.0,0,2050.0,0.0,0.0,0.0,0.0,0.0,3
2023-05-09 21:07:26,cu2311C71000,cu2311C71000,2050.0,0.0,0.0,0.0,2,870.0,0.0,0,2050.0,0.0,0.0,0.0,0.0,0.0,3
2023-05-09 21:07:26,cu2311C71000,cu2311C71000,2050.0,0.0,0.0,0.0,1,872.0,0.0,0,2050.0,0.0,0.0,0.0,0.0,0.0,3
2023-05-09 21:07:28,cu2311C71000,cu2311C71000,2050.0,0.0,0.0,0.0,1,872.0,0.0,0,2050.0,0.0,0.0,0.0,0.0,0.0,3
2023-05-09 21:07:28,cu2311C71000,cu2311C71000,2050.0,0.0,0.0,0.0,2,874.0,0.0,0,2050.0,0.0,0.0,0.0,0.0,0.0,3
2023-05-09 21:07:29,cu2311C71000,cu2311C71000,2050.0,0.0,0.0,0.0,1,876.0,0.0,0,2050.0,0.0,0.0,0.0,0.0,0.0,3
2023-05-09 21:07:29,cu2311C71000,cu2311C71000,2050.0,0.0,0.0,0.0,1,876.0,0.0,0,2050.0,0.0,0.0,0.0,0.0,0.0,3
2023-05-09 21:07:30,cu2311C71000,cu2311C71000,2050.0,0.0,0.0,0.0,2,878.0,0.0,0,2050.0,0.0,0.0,0.0,0.0,0.0,3
2023-05-09 21:07:30,cu2311C71000,cu2311C71000,2050.0,0.0,0.0,0.0,1,880.0,0.0,0,2050.0,0.0,0.0,0.0,0.0,0.0,3
2023-05-09 21:07:31,cu2311C71000,cu2311C71000,2050.0,0.0,0.0,0.0,1,880.0,0.0,0,2050.0,0.0,0.0,0.0,0.0,0.0,3
2023-05-09 21:07:31,cu2311C71000,cu2311C71000,2050.0,0.0,0.0,0.0,2,882.0,0.0,0,2050.0,0.0,0.0,0.0,0.0,0.0,3
2023-05-09 21:07:32,cu2311C71000,cu2311C71000,2050.0,0.0,0.0,0.0,2,882.0,0.0,0,2050.0,0.0,0.0,0.0,0.0,0.0,3
2023-05-09 21:08:38,cu2311C71000,cu2311C71000,2050.0,0.0,0.0,0.0,2,882.0,0.0,0,2050.0,0.0,0.0,0.0,0.0,0.0,3
2023-05-09 21:12:51,cu2311C71000,cu2311C71000,2050.0,0.0,0.0,0.0,2,882.0,0.0,0,2050.0,0.0,0.0,0.0,0.0,0.0,3
2023-05-09 22:50:12,cu2311C71000,cu2311C71000,2050.0,0.0,0.0,0.0,2,882.0,0.0,0,2050.0,0.0,0.0,0.0,0.0,0.0,3
2023-05-09 22:57:03,cu2311C71000,cu2311C71000,2050.0,0.0,0.0,0.0,1,144.0,0.0,0,2050.0,0.0,0.0,0.0,0.0,0.0,3
2023-05-09 22:57:03,cu2311C71000,cu2311C71000,2050.0,0.0,0.0,0.0,1,146.0,0.0,0,2050.0,0.0,0.0,0.0,0.0,0.0,3
2023-05-09 23:00:31,cu2311C71000,cu2311C71000,2050.0,0.0,0.0,0.0,2,148.0,0.0,0,2050.0,0.0,0.0,0.0,0.0,0.0,3
2023-05-09 23:03:11,cu2311C71000,cu2311C71000,2050.0,0.0,0.0,0.0,1,150.0,0.0,0,2050.0,0.0,0.0,0.0,0.0,0.0,3
2023-05-09 23:03:12,cu2311C71000,cu2311C71000,2050.0,0.0,0.0,0.0,1,150.0,0.0,0,2050.0,0.0,0.0,0.0,0.0,0.0,3
2023-05-09 23:03:12,cu2311C71000,cu2311C71000,2050.0,0.0,0.0,0.0,2,152.0,0.0,0,2050.0,0.0,0.0,0.0,0.0,0.0,3
2023-05-09 23:03:13,cu2311C71000,cu2311C71000,2050.0,0.0,0.0,0.0,1,154.0,0.0,0,2050.0,0.0,0.0,0.0,0.0,0.0,3
2023-05-09 23:03:13,cu2311C71000,cu2311C71000,2050.0,0.0,0.0,0.0,1,154.0,0.0,0,2050.0,0.0,0.0,0.0,0.0,0.0,3
2023-05-09 23:03:14,cu2311C71000,cu2311C71000,2050.0,0.0,0.0,0.0,2,156.0,0.0,0,2050.0,0.0,0.0,0.0,0.0,0.0,3
2023-05-09 23:03:14,cu2311C71000,cu2311C71000,2050.0,0.0,0.0,0.0,1,158.0,0.0,0,2050.0,0.0,0.0,0.0,0.0,0.0,3
2023-05-09 23:03:15,cu2311C71000,cu2311C71000,2050.0,0.0,0.0,0.0,1,158.0,0.0,0,2050.0,0.0,0.0,0.0,0.0,0.0,3
2023-05-09 23:03:16,cu2311C71000,cu2311C71000,2050.0,0.0,0.0,0.0,2,160.0,0.0,0,2050.0,0.0,0.0,0.0,0.0,0.0,3
2023-05-09 23:03:16,cu2311C71000,cu2311C71000,2050.0,0.0,0.0,0.0,1,162.0,0.0,0,2050.0,0.0,0.0,0.0,0.0,0.0,3
2023-05-09 23:03:17,cu2311C71000,cu2311C71000,2050.0,0.0,0.0,0.0,1,162.0,0.0,0,2050.0,0.0,0.0,0.0,0.0,0.0,3
2023-05-09 23:03:17,cu2311C71000,cu2311C71000,2050.0,0.0,0.0,0.0,2,164.0,0.0,0,2050.0,0.0,0.0,0.0,0.0,0.0,3
2023-05-09 23:03:18,cu2311C71000,cu2311C71000,2050.0,0.0,0.0,0.0,1,166.0,0.0,0,2050.0,0.0,0.0,0.0,0.0,0.0,3
2023-05-09 23:03:18,cu2311C71000,cu2311C71000,2050.0,0.0,0.0,0.0,1,166.0,0.0,0,2050.0,0.0,0.0,0.0,0.0,0.0,3
2023-05-09 23:03:19,cu2311C71000,cu2311C71000,2050.0,0.0,0.0,0.0,2,168.0,0.0,0,2050.0,0.0,0.0,0.0,0.0,0.0,3
2023-05-09 23:03:19,cu2311C71000,cu2311C71000,2050.0,0.0,0.0,0.0,1,170.0,0.0,0,2050.0,0.0,0.0,0.0,0.0,0.0,3
2023-05-09 23:03:20,cu2311C71000,cu2311C71000,2050.0,0.0,0.0,0.0,1,170.0,0.0,0,2050.0,0.0,0.0,0.0,0.0,0.0,3
2023-05-09 23:03:20,cu2311C71000,cu2311C71000,2050.0,0.0,0.0,0.0,2,172.0,0.0,0,2050.0,0.0,0.0,0.0,0.0,0.0,3
2023-05-09 23:03:21,cu2311C71000,cu2311C71000,2050.0,0.0,0.0,0.0,1,174.0,0.0,0,2050.0,0.0,0.0,0.0,0.0,0.0,3
2023-05-09 23:03:21,cu2311C71000,cu2311C71000,2050.0,0.0,0.0,0.0,1,174.0,0.0,0,2050.0,0.0,0.0,0.0,0.0,0.0,3
2023-05-09 23:03:22,cu2311C71000,cu2311C71000,2050.0,0.0,0.0,0.0,2,176.0,0.0,0,2050.0,0.0,0.0,0.0,0.0,0.0,3
2023-05-09 23:03:22,cu2311C71000,cu2311C71000,2050.0,0.0,0.0,0.0,1,178.0,0.0,0,2050.0,0.0,0.0,0.0,0.0,0.0,3
2023-05-09 23:03:23,cu2311C71000,cu2311C71000,2050.0,0.0,0.0,0.0,1,178.0,0.0,0,2050.0,0.0,0.0,0.0,0.0,0.0,3
2023-05-09 23:03:23,cu2311C71000,cu2311C71000,2050.0,0.0,0.0,0.0,2,180.0,0.0,0,2050.0,0.0,0.0,0.0,0.0,0.0,3
2023-05-09 23:03:24,cu2311C71000,cu2311C71000,2050.0,0.0,0.0,0.0,1,182.0,0.0,0,2050.0,0.0,0.0,0.0,0.0,0.0,3
2023-05-09 23:03:25,cu2311C71000,cu2311C71000,2050.0,0.0,0.0,0.0,1,182.0,0.0,0,2050.0,0.0,0.0,0.0,0.0,0.0,3
2023-05-09 23:03:25,cu2311C71000,cu2311C71000,2050.0,0.0,0.0,0.0,2,184.0,0.0,0,2050.0,0.0,0.0,0.0,0.0,0.0,3
2023-05-09 23:03:26,cu2311C71000,cu2311C71000,2050.0,0.0,0.0,0.0,1,186.0,0.0,0,2050.0,0.0,0.0,0.0,0.0,0.0,3
2023-05-09 23:03:27,cu2311C71000,cu2311C71000,2050.0,0.0,0.0,0.0,1,186.0,0.0,0,2050.0,0.0,0.0,0.0,0.0,0.0,3
2023-05-09 23:03:28,cu2311C71000,cu2311C71000,2050.0,0.0,0.0,0.0,2,188.0,0.0,0,2050.0,0.0,0.0,0.0,0.0,0.0,3
2023-05-09 23:03:29,cu2311C71000,cu2311C71000,2050.0,0.0,0.0,0.0,1,190.0,0.0,0,2050.0,0.0,0.0,0.0,0.0,0.0,3
2023-05-09 23:03:29,cu2311C71000,cu2311C71000,2050.0,0.0,0.0,0.0,1,190.0,0.0,0,2050.0,0.0,0.0,0.0,0.0,0.0,3
2023-05-09 23:03:30,cu2311C71000,cu2311C71000,2050.0,0.0,0.0,0.0,2,192.0,0.0,0,2050.0,0.0,0.0,0.0,0.0,0.0,3
2023-05-09 23:03:30,cu2311C71000,cu2311C71000,2050.0,0.0,0.0,0.0,1,194.0,0.0,0,2050.0,0.0,0.0,0.0,0.0,0.0,3
2023-05-09 23:03:31,cu2311C71000,cu2311C71000,2050.0,0.0,0.0,0.0,1,194.0,0.0,0,2050.0,0.0,0.0,0.0,0.0,0.0,3
2023-05-09 23:03:31,cu2311C71000,cu2311C71000,2050.0,0.0,0.0,0.0,2,196.0,0.0,0,2050.0,0.0,0.0,0.0,0.0,0.0,3
2023-05-09 23:03:32,cu2311C71000,cu2311C71000,2050.0,0.0,0.0,0.0,1,198.0,0.0,0,2050.0,0.0,0.0,0.0,0.0,0.0,3
2023-05-09 23:03:34,cu2311C71000,cu2311C71000,2050.0,0.0,0.0,0.0,1,198.0,0.0,0,2050.0,0.0,0.0,0.0,0.0,0.0,3
2023-05-09 23:03:35,cu2311C71000,cu2311C71000,2050.0,0.0,0.0,0.0,2,200.0,0.0,0,2050.0,0.0,0.0,0.0,0.0,0.0,3
2023-05-09 23:03:35,cu2311C71000,cu2311C71000,2050.0,0.0,0.0,0.0,1,202.0,0.0,0,2050.0,0.0,0.0,0.0,0.0,0.0,3
2023-05-09 23:03:36,cu2311C71000,cu2311C71000,2050.0,0.0,0.0,0.0,1,202.0,0.0,0,2050.0,0.0,0.0,0.0,0.0,0.0,3
2023-05-09 23:03:37,cu2311C71000,cu2311C71000,2050.0,0.0,0.0,0.0,2,204.0,0.0,0,2050.0,0.0,0.0,0.0,0.0,0.0,3
2023-05-09 23:03:37,cu2311C71000,cu2311C71000,2050.0,0.0,0.0,0.0,1,206.0,0.0,0,2050.0,0.0,0.0,0.0,0.0,0.0,3
2023-05-09 23:03:38,cu2311C71000,cu2311C71000,2050.0,0.0,0.0,0.0,1,206.0,0.0,0,2050.0,0.0,0.0,0.0,0.0,0.0,3
2023-05-09 23:03:38,cu2311C71000,cu2311C71000,2050.0,0.0,0.0,0.0,2,208.0,0.0,0,2050.0,0.0,0.0,0.0,0.0,0.0,3
2023-05-09 23:03:39,cu2311C71000,cu2311C71000,2050.0,0.0,0.0,0.0,1,210.0,0.0,0,2050.0,0.0,0.0,0.0,0.0,0.0,3
2023-05-09 23:03:39,cu2311C71000,cu2311C71000,2050.0,0.0,0.0,0.0,1,210.0,0.0,0,2050.0,0.0,0.0,0.0,0.0,0.0,3
2023-05-09 23:03:40,cu2311C71000,cu2311C71000,2050.0,0.0,0.0,0.0,2,212.0,0.0,0,2050.0,0.0,0.0,0.0,0.0,0.0,3
2023-05-09 23:03:40,cu2311C71000,cu2311C71000,2050.0,0.0,0.0,0.0,1,214.0,0.0,0,2050.0,0.0,0.0,0.0,0.0,0.0,3
2023-05-09 23:03:45,cu2311C71000,cu2311C71000,2050.0,0.0,0.0,0.0,1,214.0,0.0,0,2050.0,0.0,0.0,0.0,0.0,0.0,3
2023-05-09 23:03:46,cu2311C71000,cu2311C71000,2050.0,0.0,0.0,0.0,2,216.0,0.0,0,2050.0,0.0,0.0,0.0,0.0,0.0,3
2023-05-09 23:03:46,cu2311C71000,cu2311C71000,2050.0,0.0,0.0,0.0,1,218.0,0.0,0,2050.0,0.0,0.0,0.0,0.0,0.0,3
2023-05-09 23:03:48,cu2311C71000,cu2311C71000,2050.0,0.0,0.0,0.0,1,218.0,0.0,0,2050.0,0.0,0.0,0.0,0.0,0.0,3
2023-05-09 23:03:48,cu2311C71000,cu2311C71000,2050.0,0.0,0.0,0.0,2,220.0,0.0,0,2050.0,0.0,0.0,0.0,0.0,0.0,3
2023-05-09 23:03:49,cu2311C71000,cu2311C71000,2050.0,0.0,0.0,0.0,1,222.0,0.0,0,2050.0,0.0,0.0,0.0,0.0,0.0,3
2023-05-09 23:03:50,cu2311C71000,cu2311C71000,2050.0,0.0,0.0,0.0,1,222.0,0.0,0,2050.0,0.0,0.0,0.0,0.0,0.0,3
2023-05-09 23:03:50,cu2311C71000,cu2311C71000,2050.0,0.0,0.0,0.0,2,224.0,0.0,0,2050.0,0.0,0.0,0.0,0.0,0.0,3
2023-05-09 23:03:51,cu2311C71000,cu2311C71000,2050.0,0.0,0.0,0.0,1,226.0,0.0,0,2050.0,0.0,0.0,0.0,0.0,0.0,3
2023-05-09 23:03:51,cu2311C71000,cu2311C71000,2050.0,0.0,0.0,0.0,1,226.0,0.0,0,2050.0,0.0,0.0,0.0,0.0,0.0,3
2023-05-09 23:03:52,cu2311C71000,cu2311C71000,2050.0,0.0,0.0,0.0,2,228.0,0.0,0,2050.0,0.0,0.0,0.0,0.0,0.0,3
2023-05-09 23:03:52,cu2311C71000,cu2311C71000,2050.0,0.0,0.0,0.0,1,230.0,0.0,0,2050.0,0.0,0.0,0.0,0.0,0.0,3
2023-05-09 23:03:56,cu2311C71000,cu2311C71000,2050.0,0.0,0.0,0.0,1,230.0,0.0,0,2050.0,0.0,0.0,0.0,0.0,0.0,3
2023-05-09 23:03:56,cu2311C71000,cu2311C71000,2050.0,0.0,0.0,0.0,2,232.0,0.0,0,2050.0,0.0,0.0,0.0,0.0,0.0,3
2023-05-09 23:03:57,cu2311C71000,cu2311C71000,2050.0,0.0,0.0,0.0,1,234.0,0.0,0,2050.0,0.0,0.0,0.0,0.0,0.0,3
2023-05-09 23:03:57,cu2311C71000,cu2311C71000,2050.0,0.0,0.0,0.0,1,234.0,0.0,0,2050.0,0.0,0.0,0.0,0.0,0.0,3
2023-05-09 23:03:58,cu2311C71000,cu2311C71000,2050.0,0.0,0.0,0.0,2,236.0,0.0,0,2050.0,0.0,0.0,0.0,0.0,0.0,3
2023-05-09 23:03:58,cu2311C71000,cu2311C71000,2050.0,0.0,0.0,0.0,1,238.0,0.0,0,2050.0,0.0,0.0,0.0,0.0,0.0,3
2023-05-09 23:03:59,cu2311C71000,cu2311C71000,2050.0,0.0,0.0,0.0,1,238.0,0.0,0,2050.0,0.0,0.0,0.0,0.0,0.0,3
2023-05-09 23:04:00,cu2311C71000,cu2311C71000,2050.0,0.0,0.0,0.0,2,240.0,0.0,0,2050.0,0.0,0.0,0.0,0.0,0.0,3
2023-05-09 23:04:00,cu2311C71000,cu2311C71000,2050.0,0.0,0.0,0.0,1,242.0,0.0,0,2050.0,0.0,0.0,0.0,0.0,0.0,3
2023-05-09 23:04:01,cu2311C71000,cu2311C71000,2050.0,0.0,0.0,0.0,1,242.0,0.0,0,2050.0,0.0,0.0,0.0,0.0,0.0,3
2023-05-09 23:04:01,cu2311C71000,cu2311C71000,2050.0,0.0,0.0,0.0,2,244.0,0.0,0,2050.0,0.0,0.0,0.0,0.0,0.0,3
2023-05-09 23:04:02,cu2311C71000,cu2311C71000,2050.0,0.0,0.0,0.0,1,246.0,0.0,0,2050.0,0.0,0.0,0.0,0.0,0.0,3
2023-05-09 23:04:03,cu2311C71000,cu2311C71000,2050.0,0.0,0.0,0.0,1,246.0,0.0,0,2050.0,0.0,0.0,0.0,0.0,0.0,3
2023-05-09 23:04:04,cu2311C71000,cu2311C71000,2050.0,0.0,0.0,0.0,2,248.0,0.0,0,2050.0,0.0,0.0,0.0,0.0,0.0,3
2023-05-09 23:04:04,cu2311C71000,cu2311C71000,2050.0,0.0,0.0,0.0,2,248.0,0.0,0,2050.0,0.0,0.0,0.0,0.0,0.0,3
2023-05-09 23:04:05,cu2311C71000,cu2311C71000,2050.0,0.0,0.0,0.0,1,250.0,0.0,0,2050.0,0.0,0.0,0.0,0.0,0.0,3
2023-05-09 23:04:05,cu2311C71000,cu2311C71000,2050.0,0.0,0.0,0.0,1,250.0,0.0,0,2050.0,0.0,0.0,0.0,0.0,0.0,3
2023-05-09 23:04:06,cu2311C71000,cu2311C71000,2050.0,0.0,0.0,0.0,2,252.0,0.0,0,2050.0,0.0,0.0,0.0,0.0,0.0,3
2023-05-09 23:04:06,cu2311C71000,cu2311C71000,2050.0,0.0,0.0,0.0,1,254.0,0.0,0,2050.0,0.0,0.0,0.0,0.0,0.0,3
2023-05-09 23:04:07,cu2311C71000,cu2311C71000,2050.0,0.0,0.0,0.0,1,254.0,0.0,0,2050.0,0.0,0.0,0.0,0.0,0.0,3
2023-05-09 23:04:07,cu2311C71000,cu2311C71000,2050.0,0.0,0.0,0.0,2,256.0,0.0,0,2050.0,0.0,0.0,0.0,0.0,0.0,3
2023-05-09 23:04:08,cu2311C71000,cu2311C71000,2050.0,0.0,0.0,0.0,1,258.0,0.0,0,2050.0,0.0,0.0,0.0,0.0,0.0,3
2023-05-09 23:04:08,cu2311C71000,cu2311C71000,2050.0,0.0,0.0,0.0,1,258.0,0.0,0,2050.0,0.0,0.0,0.0,0.0,0.0,3
2023-05-09 23:04:09,cu2311C71000,cu2311C71000,2050.0,0.0,0.0,0.0,2,260.0,0.0,0,2050.0,0.0,0.0,0.0,0.0,0.0,3
2023-05-09 23:04:09,cu2311C71000,cu2311C71000,2050.0,0.0,0.0,0.0,1,262.0,0.0,0,2050.0,0.0,0.0,0.0,0.0,0.0,3
2023-05-09 23:04:11,cu2311C71000,cu2311C71000,2050.0,0.0,0.0,0.0,1,262.0,0.0,0,2050.0,0.0,0.0,0.0,0.0,0.0,3
2023-05-09 23:04:12,cu2311C71000,cu2311C71000,2050.0,0.0,0.0,0.0,2,264.0,0.0,0,2050.0,0.0,0.0,0.0,0.0,0.0,3
2023-05-09 23:04:12,cu2311C71000,cu2311C71000,2050.0,0.0,0.0,0.0,2,264.0,0.0,0,2050.0,0.0,0.0,0.0,0.0,0.0,3
2023-05-09 23:04:13,cu2311C71000,cu2311C71000,2050.0,0.0,0.0,0.0,1,266.0,0.0,0,2050.0,0.0,0.0,0.0,0.0,0.0,3
2023-05-09 23:04:13,cu2311C71000,cu2311C71000,2050.0,0.0,0.0,0.0,1,266.0,0.0,0,2050.0,0.0,0.0,0.0,0.0,0.0,3
2023-05-09 23:04:14,cu2311C71000,cu2311C71000,2050.0,0.0,0.0,0.0,2,268.0,0.0,0,2050.0,0.0,0.0,0.0,0.0,0.0,3
2023-05-09 23:04:14,cu2311C71000,cu2311C71000,2050.0,0.0,0.0,0.0,1,270.0,0.0,0,2050.0,0.0,0.0,0.0,0.0,0.0,3
2023-05-09 23:04:15,cu2311C71000,cu2311C71000,2050.0,0.0,0.0,0.0,1,270.0,0.0,0,2050.0,0.0,0.0,0.0,0.0,0.0,3
2023-05-09 23:04:15,cu2311C71000,cu2311C71000,2050.0,0.0,0.0,0.0,2,272.0,0.0,0,2050.0,0.0,0.0,0.0,0.0,0.0,3
2023-05-09 23:04:16,cu2311C71000,cu2311C71000,2050.0,0.0,0.0,0.0,1,274.0,0.0,0,2050.0,0.0,0.0,0.0,0.0,0.0,3
2023-05-09 23:04:16,cu2311C71000,cu2311C71000,2050.0,0.0,0.0,0.0,1,274.0,0.0,0,2050.0,0.0,0.0,0.0,0.0,0.0,3
2023-05-09 23:04:17,cu2311C71000,cu2311C71000,2050.0,0.0,0.0,0.0,2,276.0,0.0,0,2050.0,0.0,0.0,0.0,0.0,0.0,3
2023-05-09 23:04:17,cu2311C71000,cu2311C71000,2050.0,0.0,0.0,0.0,1,278.0,0.0,0,2050.0,0.0,0.0,0.0,0.0,0.0,3
2023-05-09 23:04:18,cu2311C71000,cu2311C71000,2050.0,0.0,0.0,0.0,1,278.0,0.0,0,2050.0,0.0,0.0,0.0,0.0,0.0,3
2023-05-09 23:04:18,cu2311C71000,cu2311C71000,2050.0,0.0,0.0,0.0,2,280.0,0.0,0,2050.0,0.0,0.0,0.0,0.0,0.0,3
2023-05-09 23:04:19,cu2311C71000,cu2311C71000,2050.0,0.0,0.0,0.0,1,282.0,0.0,0,2050.0,0.0,0.0,0.0,0.0,0.0,3
2023-05-09 23:04:19,cu2311C71000,cu2311C71000,2050.0,0.0,0.0,0.0,1,282.0,0.0,0,2050.0,0.0,0.0,0.0,0.0,0.0,3
2023-05-09 23:04:20,cu2311C71000,cu2311C71000,2050.0,0.0,0.0,0.0,2,284.0,0.0,0,2050.0,0.0,0.0,0.0,0.0,0.0,3
2023-05-09 23:04:20,cu2311C71000,cu2311C71000,2050.0,0.0,0.0,0.0,1,286.0,0.0,0,2050.0,0.0,0.0,0.0,0.0,0.0,3
2023-05-09 23:04:21,cu2311C71000,cu2311C71000,2050.0,0.0,0.0,0.0,1,286.0,0.0,0,2050.0,0.0,0.0,0.0,0.0,0.0,3
2023-05-09 23:04:21,cu2311C71000,cu2311C71000,2050.0,0.0,0.0,0.0,2,288.0,0.0,0,2050.0,0.0,0.0,0.0,0.0,0.0,3
2023-05-09 23:04:22,cu2311C71000,cu2311C71000,2050.0,0.0,0.0,0.0,1,290.0,0.0,0,2050.0,0.0,0.0,0.0,0.0,0.0,3
2023-05-09 23:04:22,cu2311C71000,cu2311C71000,2050.0,0.0,0.0,0.0,1,290.0,0.0,0,2050.0,0.0,0.0,0.0,0.0,0.0,3
2023-05-09 23:04:23,cu2311C71000,cu2311C71000,2050.0,0.0,0.0,0.0,2,292.0,0.0,0,2050.0,0.0,0.0,0.0,0.0,0.0,3
2023-05-09 23:04:23,cu2311C71000,cu2311C71000,2050.0,0.0,0.0,0.0,1,294.0,0.0,0,2050.0,0.0,0.0,0.0,0.0,0.0,3
2023-05-09 23:04:24,cu2311C71000,cu2311C71000,2050.0,0.0,0.0,0.0,1,294.0,0.0,0,2050.0,0.0,0.0,0.0,0.0,0.0,3
2023-05-09 23:04:24,cu2311C71000,cu2311C71000,2050.0,0.0,0.0,0.0,2,296.0,0.0,0,2050.0,0.0,0.0,0.0,0.0,0.0,3
2023-05-09 23:04:25,cu2311C71000,cu2311C71000,2050.0,0.0,0.0,0.0,1,298.0,0.0,0,2050.0,0.0,0.0,0.0,0.0,0.0,3
2023-05-09 23:04:25,cu2311C71000,cu2311C71000,2050.0,0.0,0.0,0.0,1,298.0,0.0,0,2050.0,0.0,0.0,0.0,0.0,0.0,3
2023-05-09 23:04:26,cu2311C71000,cu2311C71000,2050.0,0.0,0.0,0.0,2,300.0,0.0,0,2050.0,0.0,0.0,0.0,0.0,0.0,3
2023-05-09 23:04:26,cu2311C71000,cu2311C71000,2050.0,0.0,0.0,0.0,2,300.0,0.0,0,2050.0,0.0,0.0,0.0,0.0,0.0,3
2023-05-09 23:04:27,cu2311C71000,cu2311C71000,2050.0,0.0,0.0,0.0,1,302.0,0.0,0,2050.0,0.0,0.0,0.0,0.0,0.0,3
2023-05-09 23:04:28,cu2311C71000,cu2311C71000,2050.0,0.0,0.0,0.0,1,302.0,0.0,0,2050.0,0.0,0.0,0.0,0.0,0.0,3
2023-05-09 23:04:29,cu2311C71000,cu2311C71000,2050.0,0.0,0.0,0.0,2,304.0,0.0,0,2050.0,0.0,0.0,0.0,0.0,0.0,3
2023-05-09 23:04:29,cu2311C71000,cu2311C71000,2050.0,0.0,0.0,0.0,1,306.0,0.0,0,2050.0,0.0,0.0,0.0,0.0,0.0,3
2023-05-09 23:04:30,cu2311C71000,cu2311C71000,2050.0,0.0,0.0,0.0,1,306.0,0.0,0,2050.0,0.0,0.0,0.0,0.0,0.0,3
2023-05-09 23:04:30,cu2311C71000,cu2311C71000,2050.0,0.0,0.0,0.0,2,308.0,0.0,0,2050.0,0.0,0.0,0.0,0.0,0.0,3
2023-05-09 23:04:31,cu2311C71000,cu2311C71000,2050.0,0.0,0.0,0.0,1,310.0,0.0,0,2050.0,0.0,0.0,0.0,0.0,0.0,3
2023-05-09 23:04:31,cu2311C71000,cu2311C71000,2050.0,0.0,0.0,0.0,1,310.0,0.0,0,2050.0,0.0,0.0,0.0,0.0,0.0,3
2023-05-09 23:04:32,cu2311C71000,cu2311C71000,2050.0,0.0,0.0,0.0,2,312.0,0.0,0,2050.0,0.0,0.0,0.0,0.0,0.0,3
2023-05-09 23:04:32,cu2311C71000,cu2311C71000,2050.0,0.0,0.0,0.0,1,314.0,0.0,0,2050.0,0.0,0.0,0.0,0.0,0.0,3
2023-05-09 23:04:33,cu2311C71000,cu2311C71000,2050.0,0.0,0.0,0.0,1,314.0,0.0,0,2050.0,0.0,0.0,0.0,0.0,0.0,3
2023-05-09 23:04:33,cu2311C71000,cu2311C71000,2050.0,0.0,0.0,0.0,2,316.0,0.0,0,2050.0,0.0,0.0,0.0,0.0,0.0,3
2023-05-09 23:04:34,cu2311C71000,cu2311C71000,2050.0,0.0,0.0,0.0,1,318.0,0.0,0,2050.0,0.0,0.0,0.0,0.0,0.0,3
2023-05-09 23:04:34,cu2311C71000,cu2311C71000,2050.0,0.0,0.0,0.0,1,318.0,0.0,0,2050.0,0.0,0.0,0.0,0.0,0.0,3
2023-05-09 23:04:35,cu2311C71000,cu2311C71000,2050.0,0.0,0.0,0.0,2,320.0,0.0,0,2050.0,0.0,0.0,0.0,0.0,0.0,3
2023-05-09 23:04:35,cu2311C71000,cu2311C71000,2050.0,0.0,0.0,0.0,1,322.0,0.0,0,2050.0,0.0,0.0,0.0,0.0,0.0,3
2023-05-09 23:04:36,cu2311C71000,cu2311C71000,2050.0,0.0,0.0,0.0,1,322.0,0.0,0,2050.0,0.0,0.0,0.0,0.0,0.0,3
2023-05-09 23:04:36,cu2311C71000,cu2311C71000,2050.0,0.0,0.0,0.0,2,324.0,0.0,0,2050.0,0.0,0.0,0.0,0.0,0.0,3
2023-05-09 23:04:37,cu2311C71000,cu2311C71000,2050.0,0.0,0.0,0.0,1,326.0,0.0,0,2050.0,0.0,0.0,0.0,0.0,0.0,3
2023-05-09 23:04:37,cu2311C71000,cu2311C71000,2050.0,0.0,0.0,0.0,1,326.0,0.0,0,2050.0,0.0,0.0,0.0,0.0,0.0,3
2023-05-09 23:04:38,cu2311C71000,cu2311C71000,2050.0,0.0,0.0,0.0,2,328.0,0.0,0,2050.0,0.0,0.0,0.0,0.0,0.0,3
2023-05-09 23:04:38,cu2311C71000,cu2311C71000,2050.0,0.0,0.0,0.0,1,330.0,0.0,0,2050.0,0.0,0.0,0.0,0.0,0.0,3
2023-05-09 23:04:39,cu2311C71000,cu2311C71000,2050.0,0.0,0.0,0.0,1,330.0,0.0,0,2050.0,0.0,0.0,0.0,0.0,0.0,3
2023-05-09 23:04:40,cu2311C71000,cu2311C71000,2050.0,0.0,0.0,0.0,2,332.0,0.0,0,2050.0,0.0,0.0,0.0,0.0,0.0,3
2023-05-09 23:04:40,cu2311C71000,cu2311C71000,2050.0,0.0,0.0,0.0,1,334.0,0.0,0,2050.0,0.0,0.0,0.0,0.0,0.0,3
2023-05-09 23:04:42,cu2311C71000,cu2311C71000,2050.0,0.0,0.0,0.0,1,334.0,0.0,0,2050.0,0.0,0.0,0.0,0.0,0.0,3
2023-05-09 23:04:42,cu2311C71000,cu2311C71000,2050.0,0.0,0.0,0.0,2,336.0,0.0,0,2050.0,0.0,0.0,0.0,0.0,0.0,3
2023-05-09 23:04:43,cu2311C71000,cu2311C71000,2050.0,0.0,0.0,0.0,1,338.0,0.0,0,2050.0,0.0,0.0,0.0,0.0,0.0,3
2023-05-09 23:04:43,cu2311C71000,cu2311C71000,2050.0,0.0,0.0,0.0,1,338.0,0.0,0,2050.0,0.0,0.0,0.0,0.0,0.0,3
2023-05-09 23:04:44,cu2311C71000,cu2311C71000,2050.0,0.0,0.0,0.0,2,340.0,0.0,0,2050.0,0.0,0.0,0.0,0.0,0.0,3
2023-05-09 23:04:44,cu2311C71000,cu2311C71000,2050.0,0.0,0.0,0.0,1,342.0,0.0,0,2050.0,0.0,0.0,0.0,0.0,0.0,3
2023-05-09 23:04:45,cu2311C71000,cu2311C71000,2050.0,0.0,0.0,0.0,1,342.0,0.0,0,2050.0,0.0,0.0,0.0,0.0,0.0,3
2023-05-09 23:04:45,cu2311C71000,cu2311C71000,2050.0,0.0,0.0,0.0,2,344.0,0.0,0,2050.0,0.0,0.0,0.0,0.0,0.0,3
2023-05-09 23:04:46,cu2311C71000,cu2311C71000,2050.0,0.0,0.0,0.0,1,346.0,0.0,0,2050.0,0.0,0.0,0.0,0.0,0.0,3
2023-05-09 23:04:47,cu2311C71000,cu2311C71000,2050.0,0.0,0.0,0.0,1,346.0,0.0,0,2050.0,0.0,0.0,0.0,0.0,0.0,3
2023-05-09 23:04:48,cu2311C71000,cu2311C71000,2050.0,0.0,0.0,0.0,2,348.0,0.0,0,2050.0,0.0,0.0,0.0,0.0,0.0,3
2023-05-09 23:04:48,cu2311C71000,cu2311C71000,2050.0,0.0,0.0,0.0,1,350.0,0.0,0,2050.0,0.0,0.0,0.0,0.0,0.0,3
2023-05-09 23:04:51,cu2311C71000,cu2311C71000,2050.0,0.0,0.0,0.0,1,350.0,0.0,0,2050.0,0.0,0.0,0.0,0.0,0.0,3
2023-05-09 23:04:51,cu2311C71000,cu2311C71000,2050.0,0.0,0.0,0.0,2,352.0,0.0,0,2050.0,0.0,0.0,0.0,0.0,0.0,3
2023-05-09 23:04:52,cu2311C71000,cu2311C71000,2050.0,0.0,0.0,0.0,1,354.0,0.0,0,2050.0,0.0,0.0,0.0,0.0,0.0,3
2023-05-09 23:04:53,cu2311C71000,cu2311C71000,2050.0,0.0,0.0,0.0,1,354.0,0.0,0,2050.0,0.0,0.0,0.0,0.0,0.0,3
2023-05-09 23:04:54,cu2311C71000,cu2311C71000,2050.0,0.0,0.0,0.0,2,356.0,0.0,0,2050.0,0.0,0.0,0.0,0.0,0.0,3
2023-05-09 23:04:54,cu2311C71000,cu2311C71000,2050.0,0.0,0.0,0.0,1,358.0,0.0,0,2050.0,0.0,0.0,0.0,0.0,0.0,3
2023-05-09 23:04:55,cu2311C71000,cu2311C71000,2050.0,0.0,0.0,0.0,1,358.0,0.0,0,2050.0,0.0,0.0,0.0,0.0,0.0,3
2023-05-09 23:04:55,cu2311C71000,cu2311C71000,2050.0,0.0,0.0,0.0,2,360.0,0.0,0,2050.0,0.0,0.0,0.0,0.0,0.0,3
2023-05-09 23:04:56,cu2311C71000,cu2311C71000,2050.0,0.0,0.0,0.0,1,362.0,0.0,0,2050.0,0.0,0.0,0.0,0.0,0.0,3
2023-05-09 23:04:57,cu2311C71000,cu2311C71000,2050.0,0.0,0.0,0.0,1,362.0,0.0,0,2050.0,0.0,0.0,0.0,0.0,0.0,3
2023-05-09 23:04:57,cu2311C71000,cu2311C71000,2050.0,0.0,0.0,0.0,2,364.0,0.0,0,2050.0,0.0,0.0,0.0,0.0,0.0,3
2023-05-09 23:04:58,cu2311C71000,cu2311C71000,2050.0,0.0,0.0,0.0,1,366.0,0.0,0,2050.0,0.0,0.0,0.0,0.0,0.0,3
2023-05-09 23:04:58,cu2311C71000,cu2311C71000,2050.0,0.0,0.0,0.0,1,366.0,0.0,0,2050.0,0.0,0.0,0.0,0.0,0.0,3
2023-05-09 23:04:59,cu2311C71000,cu2311C71000,2050.0,0.0,0.0,0.0,2,368.0,0.0,0,2050.0,0.0,0.0,0.0,0.0,0.0,3
2023-05-09 23:04:59,cu2311C71000,cu2311C71000,2050.0,0.0,0.0,0.0,1,370.0,0.0,0,2050.0,0.0,0.0,0.0,0.0,0.0,3
2023-05-09 23:05:00,cu2311C71000,cu2311C71000,2050.0,0.0,0.0,0.0,1,370.0,0.0,0,2050.0,0.0,0.0,0.0,0.0,0.0,3
2023-05-09 23:05:01,cu2311C71000,cu2311C71000,2050.0,0.0,0.0,0.0,2,372.0,0.0,0,2050.0,0.0,0.0,0.0,0.0,0.0,3
2023-05-09 23:05:01,cu2311C71000,cu2311C71000,2050.0,0.0,0.0,0.0,1,374.0,0.0,0,2050.0,0.0,0.0,0.0,0.0,0.0,3
2023-05-09 23:05:03,cu2311C71000,cu2311C71000,2050.0,0.0,0.0,0.0,1,374.0,0.0,0,2050.0,0.0,0.0,0.0,0.0,0.0,3
2023-05-09 23:05:03,cu2311C71000,cu2311C71000,2050.0,0.0,0.0,0.0,2,376.0,0.0,0,2050.0,0.0,0.0,0.0,0.0,0.0,3
2023-05-09 23:05:04,cu2311C71000,cu2311C71000,2050.0,0.0,0.0,0.0,1,378.0,0.0,0,2050.0,0.0,0.0,0.0,0.0,0.0,3
2023-05-09 23:05:05,cu2311C71000,cu2311C71000,2050.0,0.0,0.0,0.0,1,378.0,0.0,0,2050.0,0.0,0.0,0.0,0.0,0.0,3
2023-05-09 23:05:05,cu2311C71000,cu2311C71000,2050.0,0.0,0.0,0.0,2,380.0,0.0,0,2050.0,0.0,0.0,0.0,0.0,0.0,3
2023-05-09 23:05:06,cu2311C71000,cu2311C71000,2050.0,0.0,0.0,0.0,1,382.0,0.0,0,2050.0,0.0,0.0,0.0,0.0,0.0,3
2023-05-09 23:05:06,cu2311C71000,cu2311C71000,2050.0,0.0,0.0,0.0,1,382.0,0.0,0,2050.0,0.0,0.0,0.0,0.0,0.0,3
2023-05-09 23:05:07,cu2311C71000,cu2311C71000,2050.0,0.0,0.0,0.0,2,384.0,0.0,0,2050.0,0.0,0.0,0.0,0.0,0.0,3
2023-05-09 23:05:07,cu2311C71000,cu2311C71000,2050.0,0.0,0.0,0.0,1,386.0,0.0,0,2050.0,0.0,0.0,0.0,0.0,0.0,3
2023-05-09 23:05:08,cu2311C71000,cu2311C71000,2050.0,0.0,0.0,0.0,1,386.0,0.0,0,2050.0,0.0,0.0,0.0,0.0,0.0,3
2023-05-09 23:05:08,cu2311C71000,cu2311C71000,2050.0,0.0,0.0,0.0,2,388.0,0.0,0,2050.0,0.0,0.0,0.0,0.0,0.0,3
2023-05-09 23:05:09,cu2311C71000,cu2311C71000,2050.0,0.0,0.0,0.0,1,390.0,0.0,0,2050.0,0.0,0.0,0.0,0.0,0.0,3
2023-05-09 23:05:11,cu2311C71000,cu2311C71000,2050.0,0.0,0.0,0.0,1,390.0,0.0,0,2050.0,0.0,0.0,0.0,0.0,0.0,3
2023-05-09 23:05:11,cu2311C71000,cu2311C71000,2050.0,0.0,0.0,0.0,2,392.0,0.0,0,2050.0,0.0,0.0,0.0,0.0,0.0,3
2023-05-09 23:05:12,cu2311C71000,cu2311C71000,2050.0,0.0,0.0,0.0,1,394.0,0.0,0,2050.0,0.0,0.0,0.0,0.0,0.0,3
2023-05-09 23:05:16,cu2311C71000,cu2311C71000,2050.0,0.0,0.0,0.0,1,394.0,0.0,0,2050.0,0.0,0.0,0.0,0.0,0.0,3
2023-05-09 23:05:16,cu2311C71000,cu2311C71000,2050.0,0.0,0.0,0.0,2,396.0,0.0,0,2050.0,0.0,0.0,0.0,0.0,0.0,3
2023-05-09 23:05:17,cu2311C71000,cu2311C71000,2050.0,0.0,0.0,0.0,1,398.0,0.0,0,2050.0,0.0,0.0,0.0,0.0,0.0,3
2023-05-09 23:05:17,cu2311C71000,cu2311C71000,2050.0,0.0,0.0,0.0,1,398.0,0.0,0,2050.0,0.0,0.0,0.0,0.0,0.0,3
2023-05-09 23:05:18,cu2311C71000,cu2311C71000,2050.0,0.0,0.0,0.0,2,400.0,0.0,0,2050.0,0.0,0.0,0.0,0.0,0.0,3
2023-05-09 23:05:18,cu2311C71000,cu2311C71000,2050.0,0.0,0.0,0.0,1,402.0,0.0,0,2050.0,0.0,0.0,0.0,0.0,0.0,3
2023-05-09 23:05:20,cu2311C71000,cu2311C71000,2050.0,0.0,0.0,0.0,1,402.0,0.0,0,2050.0,0.0,0.0,0.0,0.0,0.0,3
2023-05-09 23:05:20,cu2311C71000,cu2311C71000,2050.0,0.0,0.0,0.0,2,404.0,0.0,0,2050.0,0.0,0.0,0.0,0.0,0.0,3
2023-05-09 23:05:21,cu2311C71000,cu2311C71000,2050.0,0.0,0.0,0.0,1,406.0,0.0,0,2050.0,0.0,0.0,0.0,0.0,0.0,3
2023-05-09 23:05:21,cu2311C71000,cu2311C71000,2050.0,0.0,0.0,0.0,1,406.0,0.0,0,2050.0,0.0,0.0,0.0,0.0,0.0,3
2023-05-09 23:05:22,cu2311C71000,cu2311C71000,2050.0,0.0,0.0,0.0,2,408.0,0.0,0,2050.0,0.0,0.0,0.0,0.0,0.0,3
2023-05-09 23:05:22,cu2311C71000,cu2311C71000,2050.0,0.0,0.0,0.0,1,410.0,0.0,0,2050.0,0.0,0.0,0.0,0.0,0.0,3
2023-05-09 23:05:23,cu2311C71000,cu2311C71000,2050.0,0.0,0.0,0.0,1,410.0,0.0,0,2050.0,0.0,0.0,0.0,0.0,0.0,3
2023-05-09 23:05:23,cu2311C71000,cu2311C71000,2050.0,0.0,0.0,0.0,2,412.0,0.0,0,2050.0,0.0,0.0,0.0,0.0,0.0,3
2023-05-09 23:05:24,cu2311C71000,cu2311C71000,2050.0,0.0,0.0,0.0,1,414.0,0.0,0,2050.0,0.0,0.0,0.0,0.0,0.0,3
2023-05-09 23:05:26,cu2311C71000,cu2311C71000,2050.0,0.0,0.0,0.0,1,414.0,0.0,0,2050.0,0.0,0.0,0.0,0.0,0.0,3
2023-05-09 23:05:26,cu2311C71000,cu2311C71000,2050.0,0.0,0.0,0.0,2,416.0,0.0,0,2050.0,0.0,0.0,0.0,0.0,0.0,3
2023-05-09 23:05:27,cu2311C71000,cu2311C71000,2050.0,0.0,0.0,0.0,1,418.0,0.0,0,2050.0,0.0,0.0,0.0,0.0,0.0,3
2023-05-09 23:05:27,cu2311C71000,cu2311C71000,2050.0,0.0,0.0,0.0,1,418.0,0.0,0,2050.0,0.0,0.0,0.0,0.0,0.0,3
2023-05-09 23:05:28,cu2311C71000,cu2311C71000,2050.0,0.0,0.0,0.0,2,420.0,0.0,0,2050.0,0.0,0.0,0.0,0.0,0.0,3
2023-05-09 23:05:28,cu2311C71000,cu2311C71000,2050.0,0.0,0.0,0.0,1,422.0,0.0,0,2050.0,0.0,0.0,0.0,0.0,0.0,3
2023-05-09 23:05:29,cu2311C71000,cu2311C71000,2050.0,0.0,0.0,0.0,1,422.0,0.0,0,2050.0,0.0,0.0,0.0,0.0,0.0,3
2023-05-09 23:05:29,cu2311C71000,cu2311C71000,2050.0,0.0,0.0,0.0,2,424.0,0.0,0,2050.0,0.0,0.0,0.0,0.0,0.0,3
2023-05-09 23:05:30,cu2311C71000,cu2311C71000,2050.0,0.0,0.0,0.0,1,426.0,0.0,0,2050.0,0.0,0.0,0.0,0.0,0.0,3
2023-05-09 23:05:32,cu2311C71000,cu2311C71000,2050.0,0.0,0.0,0.0,1,426.0,0.0,0,2050.0,0.0,0.0,0.0,0.0,0.0,3
2023-05-09 23:05:33,cu2311C71000,cu2311C71000,2050.0,0.0,0.0,0.0,2,428.0,0.0,0,2050.0,0.0,0.0,0.0,0.0,0.0,3
2023-05-09 23:05:33,cu2311C71000,cu2311C71000,2050.0,0.0,0.0,0.0,1,430.0,0.0,0,2050.0,0.0,0.0,0.0,0.0,0.0,3
2023-05-09 23:05:34,cu2311C71000,cu2311C71000,2050.0,0.0,0.0,0.0,1,430.0,0.0,0,2050.0,0.0,0.0,0.0,0.0,0.0,3
2023-05-09 23:05:34,cu2311C71000,cu2311C71000,2050.0,0.0,0.0,0.0,2,432.0,0.0,0,2050.0,0.0,0.0,0.0,0.0,0.0,3
2023-05-09 23:05:35,cu2311C71000,cu2311C71000,2050.0,0.0,0.0,0.0,1,434.0,0.0,0,2050.0,0.0,0.0,0.0,0.0,0.0,3
2023-05-09 23:05:41,cu2311C71000,cu2311C71000,2050.0,0.0,0.0,0.0,1,434.0,0.0,0,2050.0,0.0,0.0,0.0,0.0,0.0,3
2023-05-09 23:05:42,cu2311C71000,cu2311C71000,2050.0,0.0,0.0,0.0,2,436.0,0.0,0,2050.0,0.0,0.0,0.0,0.0,0.0,3
2023-05-09 23:05:42,cu2311C71000,cu2311C71000,2050.0,0.0,0.0,0.0,1,438.0,0.0,0,2050.0,0.0,0.0,0.0,0.0,0.0,3
2023-05-09 23:05:43,cu2311C71000,cu2311C71000,2050.0,0.0,0.0,0.0,1,438.0,0.0,0,2050.0,0.0,0.0,0.0,0.0,0.0,3
2023-05-09 23:05:43,cu2311C71000,cu2311C71000,2050.0,0.0,0.0,0.0,2,440.0,0.0,0,2050.0,0.0,0.0,0.0,0.0,0.0,3
2023-05-09 23:05:44,cu2311C71000,cu2311C71000,2050.0,0.0,0.0,0.0,1,442.0,0.0,0,2050.0,0.0,0.0,0.0,0.0,0.0,3
2023-05-09 23:05:45,cu2311C71000,cu2311C71000,2050.0,0.0,0.0,0.0,1,442.0,0.0,0,2050.0,0.0,0.0,0.0,0.0,0.0,3
2023-05-09 23:05:46,cu2311C71000,cu2311C71000,2050.0,0.0,0.0,0.0,2,444.0,0.0,0,2050.0,0.0,0.0,0.0,0.0,0.0,3
2023-05-09 23:05:46,cu2311C71000,cu2311C71000,2050.0,0.0,0.0,0.0,1,446.0,0.0,0,2050.0,0.0,0.0,0.0,0.0,0.0,3
2023-05-09 23:05:47,cu2311C71000,cu2311C71000,2050.0,0.0,0.0,0.0,1,446.0,0.0,0,2050.0,0.0,0.0,0.0,0.0,0.0,3
2023-05-09 23:05:47,cu2311C71000,cu2311C71000,2050.0,0.0,0.0,0.0,2,448.0,0.0,0,2050.0,0.0,0.0,0.0,0.0,0.0,3
2023-05-09 23:05:48,cu2311C71000,cu2311C71000,2050.0,0.0,0.0,0.0,1,450.0,0.0,0,2050.0,0.0,0.0,0.0,0.0,0.0,3
2023-05-09 23:05:48,cu2311C71000,cu2311C71000,2050.0,0.0,0.0,0.0,1,450.0,0.0,0,2050.0,0.0,0.0,0.0,0.0,0.0,3
2023-05-09 23:05:49,cu2311C71000,cu2311C71000,2050.0,0.0,0.0,0.0,2,452.0,0.0,0,2050.0,0.0,0.0,0.0,0.0,0.0,3
2023-05-09 23:05:49,cu2311C71000,cu2311C71000,2050.0,0.0,0.0,0.0,1,454.0,0.0,0,2050.0,0.0,0.0,0.0,0.0,0.0,3
2023-05-09 23:05:50,cu2311C71000,cu2311C71000,2050.0,0.0,0.0,0.0,1,454.0,0.0,0,2050.0,0.0,0.0,0.0,0.0,0.0,3
2023-05-09 23:05:50,cu2311C71000,cu2311C71000,2050.0,0.0,0.0,0.0,2,456.0,0.0,0,2050.0,0.0,0.0,0.0,0.0,0.0,3
2023-05-09 23:05:51,cu2311C71000,cu2311C71000,2050.0,0.0,0.0,0.0,1,458.0,0.0,0,2050.0,0.0,0.0,0.0,0.0,0.0,3
2023-05-09 23:05:51,cu2311C71000,cu2311C71000,2050.0,0.0,0.0,0.0,1,458.0,0.0,0,2050.0,0.0,0.0,0.0,0.0,0.0,3
2023-05-09 23:05:52,cu2311C71000,cu2311C71000,2050.0,0.0,0.0,0.0,2,460.0,0.0,0,2050.0,0.0,0.0,0.0,0.0,0.0,3
2023-05-09 23:05:52,cu2311C71000,cu2311C71000,2050.0,0.0,0.0,0.0,1,462.0,0.0,0,2050.0,0.0,0.0,0.0,0.0,0.0,3
2023-05-09 23:05:56,cu2311C71000,cu2311C71000,2050.0,0.0,0.0,0.0,1,462.0,0.0,0,2050.0,0.0,0.0,0.0,0.0,0.0,3
2023-05-09 23:05:57,cu2311C71000,cu2311C71000,2050.0,0.0,0.0,0.0,2,464.0,0.0,0,2050.0,0.0,0.0,0.0,0.0,0.0,3
2023-05-09 23:05:57,cu2311C71000,cu2311C71000,2050.0,0.0,0.0,0.0,2,464.0,0.0,0,2050.0,0.0,0.0,0.0,0.0,0.0,3
2023-05-09 23:05:58,cu2311C71000,cu2311C71000,2050.0,0.0,0.0,0.0,1,466.0,0.0,0,2050.0,0.0,0.0,0.0,0.0,0.0,3
2023-05-09 23:05:58,cu2311C71000,cu2311C71000,2050.0,0.0,0.0,0.0,1,466.0,0.0,0,2050.0,0.0,0.0,0.0,0.0,0.0,3
2023-05-09 23:05:59,cu2311C71000,cu2311C71000,2050.0,0.0,0.0,0.0,2,468.0,0.0,0,2050.0,0.0,0.0,0.0,0.0,0.0,3
2023-05-09 23:05:59,cu2311C71000,cu2311C71000,2050.0,0.0,0.0,0.0,1,470.0,0.0,0,2050.0,0.0,0.0,0.0,0.0,0.0,3
2023-05-09 23:06:00,cu2311C71000,cu2311C71000,2050.0,0.0,0.0,0.0,1,470.0,0.0,0,2050.0,0.0,0.0,0.0,0.0,0.0,3
2023-05-09 23:06:00,cu2311C71000,cu2311C71000,2050.0,0.0,0.0,0.0,2,472.0,0.0,0,2050.0,0.0,0.0,0.0,0.0,0.0,3
2023-05-09 23:06:01,cu2311C71000,cu2311C71000,2050.0,0.0,0.0,0.0,2,472.0,0.0,0,2050.0,0.0,0.0,0.0,0.0,0.0,3
2023-05-09 23:06:01,cu2311C71000,cu2311C71000,2050.0,0.0,0.0,0.0,1,474.0,0.0,0,2050.0,0.0,0.0,0.0,0.0,0.0,3
2023-05-09 23:06:02,cu2311C71000,cu2311C71000,2050.0,0.0,0.0,0.0,1,474.0,0.0,0,2050.0,0.0,0.0,0.0,0.0,0.0,3
2023-05-09 23:06:02,cu2311C71000,cu2311C71000,2050.0,0.0,0.0,0.0,2,476.0,0.0,0,2050.0,0.0,0.0,0.0,0.0,0.0,3
2023-05-09 23:06:03,cu2311C71000,cu2311C71000,2050.0,0.0,0.0,0.0,2,476.0,0.0,0,2050.0,0.0,0.0,0.0,0.0,0.0,3
2023-05-09 23:06:03,cu2311C71000,cu2311C71000,2050.0,0.0,0.0,0.0,1,478.0,0.0,0,2050.0,0.0,0.0,0.0,0.0,0.0,3
2023-05-09 23:06:04,cu2311C71000,cu2311C71000,2050.0,0.0,0.0,0.0,1,478.0,0.0,0,2050.0,0.0,0.0,0.0,0.0,0.0,3
2023-05-09 23:06:04,cu2311C71000,cu2311C71000,2050.0,0.0,0.0,0.0,2,480.0,0.0,0,2050.0,0.0,0.0,0.0,0.0,0.0,3
2023-05-09 23:06:05,cu2311C71000,cu2311C71000,2050.0,0.0,0.0,0.0,1,482.0,0.0,0,2050.0,0.0,0.0,0.0,0.0,0.0,3
2023-05-09 23:06:05,cu2311C71000,cu2311C71000,2050.0,0.0,0.0,0.0,1,482.0,0.0,0,2050.0,0.0,0.0,0.0,0.0,0.0,3
2023-05-09 23:06:06,cu2311C71000,cu2311C71000,2050.0,0.0,0.0,0.0,2,484.0,0.0,0,2050.0,0.0,0.0,0.0,0.0,0.0,3
2023-05-09 23:06:06,cu2311C71000,cu2311C71000,2050.0,0.0,0.0,0.0,1,486.0,0.0,0,2050.0,0.0,0.0,0.0,0.0,0.0,3
2023-05-09 23:06:07,cu2311C71000,cu2311C71000,2050.0,0.0,0.0,0.0,1,486.0,0.0,0,2050.0,0.0,0.0,0.0,0.0,0.0,3
2023-05-09 23:06:07,cu2311C71000,cu2311C71000,2050.0,0.0,0.0,0.0,2,488.0,0.0,0,2050.0,0.0,0.0,0.0,0.0,0.0,3
2023-05-09 23:06:08,cu2311C71000,cu2311C71000,2050.0,0.0,0.0,0.0,1,490.0,0.0,0,2050.0,0.0,0.0,0.0,0.0,0.0,3
2023-05-09 23:06:09,cu2311C71000,cu2311C71000,2050.0,0.0,0.0,0.0,1,490.0,0.0,0,2050.0,0.0,0.0,0.0,0.0,0.0,3
2023-05-09 23:06:09,cu2311C71000,cu2311C71000,2050.0,0.0,0.0,0.0,2,492.0,0.0,0,2050.0,0.0,0.0,0.0,0.0,0.0,3
2023-05-09 23:06:10,cu2311C71000,cu2311C71000,2050.0,0.0,0.0,0.0,2,492.0,0.0,0,2050.0,0.0,0.0,0.0,0.0,0.0,3
2023-05-09 23:06:10,cu2311C71000,cu2311C71000,2050.0,0.0,0.0,0.0,1,494.0,0.0,0,2050.0,0.0,0.0,0.0,0.0,0.0,3
2023-05-09 23:06:11,cu2311C71000,cu2311C71000,2050.0,0.0,0.0,0.0,1,494.0,0.0,0,2050.0,0.0,0.0,0.0,0.0,0.0,3
2023-05-09 23:06:12,cu2311C71000,cu2311C71000,2050.0,0.0,0.0,0.0,2,496.0,0.0,0,2050.0,0.0,0.0,0.0,0.0,0.0,3
2023-05-09 23:06:12,cu2311C71000,cu2311C71000,2050.0,0.0,0.0,0.0,2,496.0,0.0,0,2050.0,0.0,0.0,0.0,0.0,0.0,3
2023-05-09 23:06:13,cu2311C71000,cu2311C71000,2050.0,0.0,0.0,0.0,1,498.0,0.0,0,2050.0,0.0,0.0,0.0,0.0,0.0,3
2023-05-09 23:06:13,cu2311C71000,cu2311C71000,2050.0,0.0,0.0,0.0,1,498.0,0.0,0,2050.0,0.0,0.0,0.0,0.0,0.0,3
2023-05-09 23:06:14,cu2311C71000,cu2311C71000,2050.0,0.0,0.0,0.0,2,500.0,0.0,0,2050.0,0.0,0.0,0.0,0.0,0.0,3
2023-05-09 23:06:14,cu2311C71000,cu2311C71000,2050.0,0.0,0.0,0.0,2,500.0,0.0,0,2050.0,0.0,0.0,0.0,0.0,0.0,3
2023-05-09 23:06:15,cu2311C71000,cu2311C71000,2050.0,0.0,0.0,0.0,1,502.0,0.0,0,2050.0,0.0,0.0,0.0,0.0,0.0,3
2023-05-09 23:06:16,cu2311C71000,cu2311C71000,2050.0,0.0,0.0,0.0,1,502.0,0.0,0,2050.0,0.0,0.0,0.0,0.0,0.0,3
2023-05-09 23:06:16,cu2311C71000,cu2311C71000,2050.0,0.0,0.0,0.0,2,504.0,0.0,0,2050.0,0.0,0.0,0.0,0.0,0.0,3
2023-05-09 23:06:17,cu2311C71000,cu2311C71000,2050.0,0.0,0.0,0.0,2,504.0,0.0,0,2050.0,0.0,0.0,0.0,0.0,0.0,3
2023-05-09 23:06:17,cu2311C71000,cu2311C71000,2050.0,0.0,0.0,0.0,1,506.0,0.0,0,2050.0,0.0,0.0,0.0,0.0,0.0,3
2023-05-09 23:06:18,cu2311C71000,cu2311C71000,2050.0,0.0,0.0,0.0,1,506.0,0.0,0,2050.0,0.0,0.0,0.0,0.0,0.0,3
2023-05-09 23:06:18,cu2311C71000,cu2311C71000,2050.0,0.0,0.0,0.0,2,508.0,0.0,0,2050.0,0.0,0.0,0.0,0.0,0.0,3
2023-05-09 23:06:19,cu2311C71000,cu2311C71000,2050.0,0.0,0.0,0.0,1,510.0,0.0,0,2050.0,0.0,0.0,0.0,0.0,0.0,3
2023-05-09 23:06:19,cu2311C71000,cu2311C71000,2050.0,0.0,0.0,0.0,1,510.0,0.0,0,2050.0,0.0,0.0,0.0,0.0,0.0,3
2023-05-09 23:06:20,cu2311C71000,cu2311C71000,2050.0,0.0,0.0,0.0,2,512.0,0.0,0,2050.0,0.0,0.0,0.0,0.0,0.0,3
2023-05-09 23:06:20,cu2311C71000,cu2311C71000,2050.0,0.0,0.0,0.0,1,514.0,0.0,0,2050.0,0.0,0.0,0.0,0.0,0.0,3
2023-05-09 23:06:21,cu2311C71000,cu2311C71000,2050.0,0.0,0.0,0.0,1,514.0,0.0,0,2050.0,0.0,0.0,0.0,0.0,0.0,3
2023-05-09 23:06:21,cu2311C71000,cu2311C71000,2050.0,0.0,0.0,0.0,2,516.0,0.0,0,2050.0,0.0,0.0,0.0,0.0,0.0,3
2023-05-09 23:06:22,cu2311C71000,cu2311C71000,2050.0,0.0,0.0,0.0,1,518.0,0.0,0,2050.0,0.0,0.0,0.0,0.0,0.0,3
2023-05-09 23:06:24,cu2311C71000,cu2311C71000,2050.0,0.0,0.0,0.0,1,518.0,0.0,0,2050.0,0.0,0.0,0.0,0.0,0.0,3
2023-05-09 23:06:24,cu2311C71000,cu2311C71000,2050.0,0.0,0.0,0.0,2,520.0,0.0,0,2050.0,0.0,0.0,0.0,0.0,0.0,3
2023-05-09 23:06:25,cu2311C71000,cu2311C71000,2050.0,0.0,0.0,0.0,1,522.0,0.0,0,2050.0,0.0,0.0,0.0,0.0,0.0,3
2023-05-09 23:06:25,cu2311C71000,cu2311C71000,2050.0,0.0,0.0,0.0,1,522.0,0.0,0,2050.0,0.0,0.0,0.0,0.0,0.0,3
2023-05-09 23:06:26,cu2311C71000,cu2311C71000,2050.0,0.0,0.0,0.0,2,524.0,0.0,0,2050.0,0.0,0.0,0.0,0.0,0.0,3
2023-05-09 23:06:26,cu2311C71000,cu2311C71000,2050.0,0.0,0.0,0.0,1,526.0,0.0,0,2050.0,0.0,0.0,0.0,0.0,0.0,3
2023-05-09 23:06:27,cu2311C71000,cu2311C71000,2050.0,0.0,0.0,0.0,1,526.0,0.0,0,2050.0,0.0,0.0,0.0,0.0,0.0,3
2023-05-09 23:06:27,cu2311C71000,cu2311C71000,2050.0,0.0,0.0,0.0,2,528.0,0.0,0,2050.0,0.0,0.0,0.0,0.0,0.0,3
2023-05-09 23:06:28,cu2311C71000,cu2311C71000,2050.0,0.0,0.0,0.0,1,530.0,0.0,0,2050.0,0.0,0.0,0.0,0.0,0.0,3
2023-05-09 23:06:28,cu2311C71000,cu2311C71000,2050.0,0.0,0.0,0.0,1,530.0,0.0,0,2050.0,0.0,0.0,0.0,0.0,0.0,3
2023-05-09 23:06:29,cu2311C71000,cu2311C71000,2050.0,0.0,0.0,0.0,2,532.0,0.0,0,2050.0,0.0,0.0,0.0,0.0,0.0,3
2023-05-09 23:06:29,cu2311C71000,cu2311C71000,2050.0,0.0,0.0,0.0,1,534.0,0.0,0,2050.0,0.0,0.0,0.0,0.0,0.0,3
2023-05-09 23:06:31,cu2311C71000,cu2311C71000,2050.0,0.0,0.0,0.0,1,534.0,0.0,0,2050.0,0.0,0.0,0.0,0.0,0.0,3
2023-05-09 23:06:32,cu2311C71000,cu2311C71000,2050.0,0.0,0.0,0.0,2,536.0,0.0,0,2050.0,0.0,0.0,0.0,0.0,0.0,3
2023-05-09 23:06:32,cu2311C71000,cu2311C71000,2050.0,0.0,0.0,0.0,2,536.0,0.0,0,2050.0,0.0,0.0,0.0,0.0,0.0,3
2023-05-09 23:06:33,cu2311C71000,cu2311C71000,2050.0,0.0,0.0,0.0,1,538.0,0.0,0,2050.0,0.0,0.0,0.0,0.0,0.0,3
2023-05-09 23:06:34,cu2311C71000,cu2311C71000,2050.0,0.0,0.0,0.0,1,538.0,0.0,0,2050.0,0.0,0.0,0.0,0.0,0.0,3
2023-05-09 23:06:34,cu2311C71000,cu2311C71000,2050.0,0.0,0.0,0.0,2,540.0,0.0,0,2050.0,0.0,0.0,0.0,0.0,0.0,3
2023-05-09 23:06:35,cu2311C71000,cu2311C71000,2050.0,0.0,0.0,0.0,2,540.0,0.0,0,2050.0,0.0,0.0,0.0,0.0,0.0,3
2023-05-09 23:06:35,cu2311C71000,cu2311C71000,2050.0,0.0,0.0,0.0,1,542.0,0.0,0,2050.0,0.0,0.0,0.0,0.0,0.0,3
2023-05-09 23:06:36,cu2311C71000,cu2311C71000,2050.0,0.0,0.0,0.0,1,542.0,0.0,0,2050.0,0.0,0.0,0.0,0.0,0.0,3
2023-05-09 23:06:37,cu2311C71000,cu2311C71000,2050.0,0.0,0.0,0.0,2,544.0,0.0,0,2050.0,0.0,0.0,0.0,0.0,0.0,3
2023-05-09 23:06:37,cu2311C71000,cu2311C71000,2050.0,0.0,0.0,0.0,1,546.0,0.0,0,2050.0,0.0,0.0,0.0,0.0,0.0,3
2023-05-09 23:06:38,cu2311C71000,cu2311C71000,2050.0,0.0,0.0,0.0,1,546.0,0.0,0,2050.0,0.0,0.0,0.0,0.0,0.0,3
2023-05-09 23:06:38,cu2311C71000,cu2311C71000,2050.0,0.0,0.0,0.0,2,548.0,0.0,0,2050.0,0.0,0.0,0.0,0.0,0.0,3
2023-05-09 23:06:39,cu2311C71000,cu2311C71000,2050.0,0.0,0.0,0.0,1,550.0,0.0,0,2050.0,0.0,0.0,0.0,0.0,0.0,3
2023-05-09 23:06:44,cu2311C71000,cu2311C71000,2050.0,0.0,0.0,0.0,1,550.0,0.0,0,2050.0,0.0,0.0,0.0,0.0,0.0,3
2023-05-09 23:06:44,cu2311C71000,cu2311C71000,2050.0,0.0,0.0,0.0,2,552.0,0.0,0,2050.0,0.0,0.0,0.0,0.0,0.0,3
2023-05-09 23:06:45,cu2311C71000,cu2311C71000,2050.0,0.0,0.0,0.0,2,552.0,0.0,0,2050.0,0.0,0.0,0.0,0.0,0.0,3
2023-05-09 23:06:45,cu2311C71000,cu2311C71000,2050.0,0.0,0.0,0.0,1,554.0,0.0,0,2050.0,0.0,0.0,0.0,0.0,0.0,3
2023-05-09 23:06:46,cu2311C71000,cu2311C71000,2050.0,0.0,0.0,0.0,1,554.0,0.0,0,2050.0,0.0,0.0,0.0,0.0,0.0,3
2023-05-09 23:06:46,cu2311C71000,cu2311C71000,2050.0,0.0,0.0,0.0,2,556.0,0.0,0,2050.0,0.0,0.0,0.0,0.0,0.0,3
2023-05-09 23:06:47,cu2311C71000,cu2311C71000,2050.0,0.0,0.0,0.0,1,558.0,0.0,0,2050.0,0.0,0.0,0.0,0.0,0.0,3
2023-05-09 23:06:47,cu2311C71000,cu2311C71000,2050.0,0.0,0.0,0.0,1,558.0,0.0,0,2050.0,0.0,0.0,0.0,0.0,0.0,3
2023-05-09 23:06:48,cu2311C71000,cu2311C71000,2050.0,0.0,0.0,0.0,2,560.0,0.0,0,2050.0,0.0,0.0,0.0,0.0,0.0,3
2023-05-09 23:06:48,cu2311C71000,cu2311C71000,2050.0,0.0,0.0,0.0,2,560.0,0.0,0,2050.0,0.0,0.0,0.0,0.0,0.0,3
2023-05-09 23:06:49,cu2311C71000,cu2311C71000,2050.0,0.0,0.0,0.0,1,562.0,0.0,0,2050.0,0.0,0.0,0.0,0.0,0.0,3
2023-05-09 23:06:49,cu2311C71000,cu2311C71000,2050.0,0.0,0.0,0.0,1,562.0,0.0,0,2050.0,0.0,0.0,0.0,0.0,0.0,3
2023-05-09 23:06:50,cu2311C71000,cu2311C71000,2050.0,0.0,0.0,0.0,2,564.0,0.0,0,2050.0,0.0,0.0,0.0,0.0,0.0,3
2023-05-09 23:06:50,cu2311C71000,cu2311C71000,2050.0,0.0,0.0,0.0,1,566.0,0.0,0,2050.0,0.0,0.0,0.0,0.0,0.0,3
2023-05-09 23:06:51,cu2311C71000,cu2311C71000,2050.0,0.0,0.0,0.0,1,566.0,0.0,0,2050.0,0.0,0.0,0.0,0.0,0.0,3
2023-05-09 23:06:51,cu2311C71000,cu2311C71000,2050.0,0.0,0.0,0.0,2,568.0,0.0,0,2050.0,0.0,0.0,0.0,0.0,0.0,3
2023-05-09 23:06:52,cu2311C71000,cu2311C71000,2050.0,0.0,0.0,0.0,1,570.0,0.0,0,2050.0,0.0,0.0,0.0,0.0,0.0,3
2023-05-09 23:06:52,cu2311C71000,cu2311C71000,2050.0,0.0,0.0,0.0,1,570.0,0.0,0,2050.0,0.0,0.0,0.0,0.0,0.0,3
2023-05-09 23:06:53,cu2311C71000,cu2311C71000,2050.0,0.0,0.0,0.0,2,572.0,0.0,0,2050.0,0.0,0.0,0.0,0.0,0.0,3
2023-05-09 23:06:53,cu2311C71000,cu2311C71000,2050.0,0.0,0.0,0.0,1,574.0,0.0,0,2050.0,0.0,0.0,0.0,0.0,0.0,3
