time,symbol_id,symbol_name,last,trade_volume,trade_amount,open_interest_change,bv1,bp1,ap1,av1,yesterday_close,today_open,today_high,today_low,volume,amount,open_interest
2023-05-10 21:00:00,eb2311,eb2311,7943.0,0.0,0.0,0.0,1,7918.0,7957.0,1,7943.0,7826.0,0.0,0.0,0.0,0.0,115
2023-05-10 21:00:00,eb2311,eb2311,7943.0,0.0,0.0,0.0,1,7920.0,7957.0,1,7943.0,7826.0,0.0,0.0,0.0,0.0,115
2023-05-10 21:00:01,eb2311,eb2311,7943.0,0.0,0.0,0.0,1,7921.0,7969.0,1,7943.0,7826.0,0.0,0.0,0.0,0.0,115
2023-05-10 21:00:02,eb2311,eb2311,7943.0,0.0,0.0,0.0,1,7636.0,7969.0,1,7943.0,7826.0,0.0,0.0,0.0,0.0,115
2023-05-10 21:00:03,eb2311,eb2311,7943.0,0.0,0.0,0.0,3,7637.0,7968.0,3,7943.0,7826.0,0.0,0.0,0.0,0.0,115
2023-05-10 21:00:04,eb2311,eb2311,7943.0,0.0,0.0,0.0,1,7636.0,7968.0,3,7943.0,7826.0,0.0,0.0,0.0,0.0,115
2023-05-10 21:00:04,eb2311,eb2311,7943.0,0.0,0.0,0.0,3,7637.0,7968.0,3,7943.0,7826.0,0.0,0.0,0.0,0.0,115
2023-05-10 21:00:08,eb2311,eb2311,7943.0,0.0,0.0,0.0,1,7639.0,7968.0,3,7943.0,7826.0,0.0,0.0,0.0,0.0,115
2023-05-10 21:00:10,eb2311,eb2311,7943.0,0.0,0.0,0.0,1,7710.0,7968.0,3,7943.0,7826.0,0.0,0.0,0.0,0.0,115
2023-05-10 21:00:12,eb2311,eb2311,7943.0,0.0,0.0,0.0,2,7710.0,7968.0,3,7943.0,7826.0,0.0,0.0,0.0,0.0,115
2023-05-10 21:00:13,eb2311,eb2311,7943.0,0.0,0.0,0.0,3,7711.0,7968.0,3,7943.0,7826.0,0.0,0.0,0.0,0.0,115
2023-05-10 21:00:13,eb2311,eb2311,7943.0,0.0,0.0,0.0,5,7711.0,7968.0,3,7943.0,7826.0,0.0,0.0,0.0,0.0,115
2023-05-10 21:00:16,eb2311,eb2311,7943.0,0.0,0.0,0.0,2,7711.0,7968.0,3,7943.0,7826.0,0.0,0.0,0.0,0.0,115
2023-05-10 21:00:16,eb2311,eb2311,7943.0,0.0,0.0,0.0,4,7712.0,7968.0,3,7943.0,7826.0,0.0,0.0,0.0,0.0,115
2023-05-10 21:00:20,eb2311,eb2311,7943.0,0.0,0.0,0.0,2,7713.0,7968.0,3,7943.0,7826.0,0.0,0.0,0.0,0.0,115
2023-05-10 21:00:23,eb2311,eb2311,7943.0,0.0,0.0,0.0,1,7714.0,7968.0,3,7943.0,7826.0,0.0,0.0,0.0,0.0,115
2023-05-10 21:00:23,eb2311,eb2311,7943.0,0.0,0.0,0.0,1,7715.0,7968.0,3,7943.0,7826.0,0.0,0.0,0.0,0.0,115
2023-05-10 21:00:25,eb2311,eb2311,7943.0,0.0,0.0,0.0,1,7716.0,7968.0,3,7943.0,7826.0,0.0,0.0,0.0,0.0,115
2023-05-10 21:00:27,eb2311,eb2311,7943.0,0.0,0.0,0.0,7,7717.0,7967.0,2,7943.0,7826.0,0.0,0.0,0.0,0.0,115
2023-05-10 21:00:31,eb2311,eb2311,7943.0,0.0,0.0,0.0,2,7718.0,7967.0,2,7943.0,7826.0,0.0,0.0,0.0,0.0,115
2023-05-10 21:00:32,eb2311,eb2311,7943.0,0.0,0.0,0.0,7,7719.0,7967.0,2,7943.0,7826.0,0.0,0.0,0.0,0.0,115
2023-05-10 21:00:36,eb2311,eb2311,7943.0,0.0,0.0,0.0,2,7720.0,7967.0,2,7943.0,7826.0,0.0,0.0,0.0,0.0,115
2023-05-10 21:00:36,eb2311,eb2311,7943.0,0.0,0.0,0.0,2,7720.0,7967.0,3,7943.0,7826.0,0.0,0.0,0.0,0.0,115
2023-05-10 21:00:37,eb2311,eb2311,7943.0,0.0,0.0,0.0,7,7721.0,7967.0,3,7943.0,7826.0,0.0,0.0,0.0,0.0,115
2023-05-10 21:00:41,eb2311,eb2311,7943.0,0.0,0.0,0.0,2,7722.0,7967.0,3,7943.0,7826.0,0.0,0.0,0.0,0.0,115
2023-05-10 21:00:42,eb2311,eb2311,7943.0,0.0,0.0,0.0,7,7723.0,7967.0,3,7943.0,7826.0,0.0,0.0,0.0,0.0,115
2023-05-10 21:00:46,eb2311,eb2311,7943.0,0.0,0.0,0.0,2,7724.0,7967.0,3,7943.0,7826.0,0.0,0.0,0.0,0.0,115
2023-05-10 21:00:47,eb2311,eb2311,7943.0,0.0,0.0,0.0,7,7725.0,7967.0,3,7943.0,7826.0,0.0,0.0,0.0,0.0,115
2023-05-10 21:00:50,eb2311,eb2311,7943.0,0.0,0.0,0.0,7,7725.0,7966.0,1,7943.0,7826.0,0.0,0.0,0.0,0.0,115
2023-05-10 21:00:51,eb2311,eb2311,7943.0,0.0,0.0,0.0,7,7725.0,7965.0,2,7943.0,7826.0,0.0,0.0,0.0,0.0,115
2023-05-10 21:00:51,eb2311,eb2311,7943.0,0.0,0.0,0.0,2,7726.0,7965.0,2,7943.0,7826.0,0.0,0.0,0.0,0.0,115
2023-05-10 21:00:52,eb2311,eb2311,7943.0,0.0,0.0,0.0,5,7727.0,7965.0,2,7943.0,7826.0,0.0,0.0,0.0,0.0,115
2023-05-10 21:00:53,eb2311,eb2311,7943.0,0.0,0.0,0.0,1,7728.0,7964.0,1,7943.0,7826.0,0.0,0.0,0.0,0.0,115
2023-05-10 21:00:54,eb2311,eb2311,7943.0,0.0,0.0,0.0,1,7728.0,7963.0,2,7943.0,7826.0,0.0,0.0,0.0,0.0,115
2023-05-10 21:00:55,eb2311,eb2311,7943.0,0.0,0.0,0.0,5,7729.0,7963.0,2,7943.0,7826.0,0.0,0.0,0.0,0.0,115
2023-05-10 21:00:56,eb2311,eb2311,7943.0,0.0,0.0,0.0,1,7730.0,7962.0,1,7943.0,7826.0,0.0,0.0,0.0,0.0,115
2023-05-10 21:00:56,eb2311,eb2311,7943.0,0.0,0.0,0.0,1,7731.0,7962.0,2,7943.0,7826.0,0.0,0.0,0.0,0.0,115
2023-05-10 21:00:57,eb2311,eb2311,7943.0,0.0,0.0,0.0,3,7731.0,7961.0,2,7943.0,7826.0,0.0,0.0,0.0,0.0,115
2023-05-10 21:00:57,eb2311,eb2311,7943.0,0.0,0.0,0.0,1,7732.0,7961.0,2,7943.0,7826.0,0.0,0.0,0.0,0.0,115
2023-05-10 21:00:58,eb2311,eb2311,7943.0,0.0,0.0,0.0,5,7733.0,7961.0,2,7943.0,7826.0,0.0,0.0,0.0,0.0,115
2023-05-10 21:00:59,eb2311,eb2311,7943.0,0.0,0.0,0.0,1,7734.0,7960.0,1,7943.0,7826.0,0.0,0.0,0.0,0.0,115
2023-05-10 21:00:59,eb2311,eb2311,7943.0,0.0,0.0,0.0,1,7735.0,7960.0,1,7943.0,7826.0,0.0,0.0,0.0,0.0,115
2023-05-10 21:01:00,eb2311,eb2311,7943.0,0.0,0.0,0.0,1,7735.0,7959.0,2,7943.0,7826.0,0.0,0.0,0.0,0.0,115
2023-05-10 21:01:00,eb2311,eb2311,7943.0,0.0,0.0,0.0,1,7736.0,7959.0,2,7943.0,7826.0,0.0,0.0,0.0,0.0,115
2023-05-10 21:01:01,eb2311,eb2311,7943.0,0.0,0.0,0.0,5,7737.0,7959.0,2,7943.0,7826.0,0.0,0.0,0.0,0.0,115
2023-05-10 21:01:02,eb2311,eb2311,7943.0,0.0,0.0,0.0,1,7738.0,7958.0,1,7943.0,7826.0,0.0,0.0,0.0,0.0,115
2023-05-10 21:01:02,eb2311,eb2311,7943.0,0.0,0.0,0.0,1,7739.0,7958.0,1,7943.0,7826.0,0.0,0.0,0.0,0.0,115
2023-05-10 21:01:03,eb2311,eb2311,7943.0,0.0,0.0,0.0,1,7739.0,7957.0,2,7943.0,7826.0,0.0,0.0,0.0,0.0,115
2023-05-10 21:01:03,eb2311,eb2311,7943.0,0.0,0.0,0.0,1,7740.0,7957.0,2,7943.0,7826.0,0.0,0.0,0.0,0.0,115
2023-05-10 21:01:04,eb2311,eb2311,7943.0,0.0,0.0,0.0,2,7741.0,7957.0,2,7943.0,7826.0,0.0,0.0,0.0,0.0,115
2023-05-10 21:01:05,eb2311,eb2311,7943.0,0.0,0.0,0.0,1,7742.0,7968.0,3,7943.0,7826.0,0.0,0.0,0.0,0.0,115
2023-05-10 21:01:05,eb2311,eb2311,7943.0,0.0,0.0,0.0,1,7743.0,7956.0,1,7943.0,7826.0,0.0,0.0,0.0,0.0,115
2023-05-10 21:01:07,eb2311,eb2311,7943.0,0.0,0.0,0.0,3,7744.0,7956.0,1,7943.0,7826.0,0.0,0.0,0.0,0.0,115
2023-05-10 21:01:08,eb2311,eb2311,7943.0,0.0,0.0,0.0,1,7745.0,7956.0,1,7943.0,7826.0,0.0,0.0,0.0,0.0,115
2023-05-10 21:01:08,eb2311,eb2311,7943.0,0.0,0.0,0.0,2,7745.0,7955.0,2,7943.0,7826.0,0.0,0.0,0.0,0.0,115
2023-05-10 21:01:09,eb2311,eb2311,7943.0,0.0,0.0,0.0,2,7745.0,7954.0,1,7943.0,7826.0,0.0,0.0,0.0,0.0,115
2023-05-10 21:01:10,eb2311,eb2311,7943.0,0.0,0.0,0.0,2,7745.0,7954.0,2,7943.0,7826.0,0.0,0.0,0.0,0.0,115
2023-05-10 21:01:10,eb2311,eb2311,7943.0,0.0,0.0,0.0,3,7746.0,7954.0,2,7943.0,7826.0,0.0,0.0,0.0,0.0,115
2023-05-10 21:01:11,eb2311,eb2311,7943.0,0.0,0.0,0.0,2,7747.0,7953.0,1,7943.0,7826.0,0.0,0.0,0.0,0.0,115
2023-05-10 21:01:12,eb2311,eb2311,7943.0,0.0,0.0,0.0,2,7747.0,7952.0,2,7943.0,7826.0,0.0,0.0,0.0,0.0,115
2023-05-10 21:01:13,eb2311,eb2311,7943.0,0.0,0.0,0.0,4,7748.0,7952.0,2,7943.0,7826.0,0.0,0.0,0.0,0.0,115
2023-05-10 21:01:14,eb2311,eb2311,7943.0,0.0,0.0,0.0,3,7749.0,7952.0,2,7943.0,7826.0,0.0,0.0,0.0,0.0,115
2023-05-10 21:01:16,eb2311,eb2311,7943.0,0.0,0.0,0.0,2,7750.0,7951.0,1,7943.0,7826.0,0.0,0.0,0.0,0.0,115
2023-05-10 21:01:17,eb2311,eb2311,7943.0,0.0,0.0,0.0,2,7751.0,7951.0,1,7943.0,7826.0,0.0,0.0,0.0,0.0,115
2023-05-10 21:01:17,eb2311,eb2311,7943.0,0.0,0.0,0.0,3,7752.0,7950.0,2,7943.0,7826.0,0.0,0.0,0.0,0.0,115
2023-05-10 21:01:19,eb2311,eb2311,7943.0,0.0,0.0,0.0,2,7753.0,7949.0,1,7943.0,7826.0,0.0,0.0,0.0,0.0,115
2023-05-10 21:01:20,eb2311,eb2311,7943.0,0.0,0.0,0.0,2,7754.0,7949.0,1,7943.0,7826.0,0.0,0.0,0.0,0.0,115
2023-05-10 21:01:21,eb2311,eb2311,7943.0,0.0,0.0,0.0,3,7755.0,7948.0,2,7943.0,7826.0,0.0,0.0,0.0,0.0,115
2023-05-10 21:01:22,eb2311,eb2311,7943.0,0.0,0.0,0.0,3,7755.0,7947.0,1,7943.0,7826.0,0.0,0.0,0.0,0.0,115
2023-05-10 21:01:23,eb2311,eb2311,7943.0,0.0,0.0,0.0,4,7756.0,7947.0,1,7943.0,7826.0,0.0,0.0,0.0,0.0,115
2023-05-10 21:01:24,eb2311,eb2311,7943.0,0.0,0.0,0.0,3,7757.0,7946.0,1,7943.0,7826.0,0.0,0.0,0.0,0.0,115
2023-05-10 21:01:25,eb2311,eb2311,7943.0,0.0,0.0,0.0,3,7757.0,7945.0,1,7943.0,7826.0,0.0,0.0,0.0,0.0,115
2023-05-10 21:01:26,eb2311,eb2311,7943.0,0.0,0.0,0.0,4,7758.0,7944.0,1,7943.0,7826.0,0.0,0.0,0.0,0.0,115
2023-05-10 21:01:27,eb2311,eb2311,7943.0,0.0,0.0,0.0,3,7759.0,7943.0,1,7943.0,7826.0,0.0,0.0,0.0,0.0,115
2023-05-10 21:01:27,eb2311,eb2311,7943.0,0.0,0.0,0.0,3,7759.0,7943.0,2,7943.0,7826.0,0.0,0.0,0.0,0.0,115
2023-05-10 21:01:28,eb2311,eb2311,7943.0,0.0,0.0,0.0,2,7760.0,7943.0,2,7943.0,7826.0,0.0,0.0,0.0,0.0,115
2023-05-10 21:01:29,eb2311,eb2311,7943.0,0.0,0.0,0.0,2,7761.0,7942.0,2,7943.0,7826.0,0.0,0.0,0.0,0.0,115
2023-05-10 21:01:29,eb2311,eb2311,7943.0,0.0,0.0,0.0,1,7762.0,7942.0,2,7943.0,7826.0,0.0,0.0,0.0,0.0,115
2023-05-10 21:01:30,eb2311,eb2311,7943.0,0.0,0.0,0.0,3,7762.0,7942.0,2,7943.0,7826.0,0.0,0.0,0.0,0.0,115
2023-05-10 21:01:30,eb2311,eb2311,7943.0,0.0,0.0,0.0,1,7763.0,7941.0,1,7943.0,7826.0,0.0,0.0,0.0,0.0,115
2023-05-10 21:01:31,eb2311,eb2311,7943.0,0.0,0.0,0.0,2,7763.0,7941.0,1,7943.0,7826.0,0.0,0.0,0.0,0.0,115
2023-05-10 21:01:31,eb2311,eb2311,7943.0,0.0,0.0,0.0,2,7763.0,7940.0,1,7943.0,7826.0,0.0,0.0,0.0,0.0,115
2023-05-10 21:01:32,eb2311,eb2311,7943.0,0.0,0.0,0.0,2,7764.0,7940.0,1,7943.0,7826.0,0.0,0.0,0.0,0.0,115
2023-05-10 21:01:32,eb2311,eb2311,7943.0,0.0,0.0,0.0,5,7764.0,7940.0,1,7943.0,7826.0,0.0,0.0,0.0,0.0,115
2023-05-10 21:01:33,eb2311,eb2311,7943.0,0.0,0.0,0.0,5,7764.0,7940.0,2,7943.0,7826.0,0.0,0.0,0.0,0.0,115
2023-05-10 21:01:33,eb2311,eb2311,7943.0,0.0,0.0,0.0,1,7765.0,7939.0,1,7943.0,7826.0,0.0,0.0,0.0,0.0,115
2023-05-10 21:01:34,eb2311,eb2311,7943.0,0.0,0.0,0.0,1,7766.0,7939.0,1,7943.0,7826.0,0.0,0.0,0.0,0.0,115
2023-05-10 21:01:34,eb2311,eb2311,7943.0,0.0,0.0,0.0,1,7766.0,7938.0,1,7943.0,7826.0,0.0,0.0,0.0,0.0,115
2023-05-10 21:01:35,eb2311,eb2311,7943.0,0.0,0.0,0.0,4,7767.0,7938.0,1,7943.0,7826.0,0.0,0.0,0.0,0.0,115
2023-05-10 21:01:35,eb2311,eb2311,7943.0,0.0,0.0,0.0,1,7768.0,7938.0,1,7943.0,7826.0,0.0,0.0,0.0,0.0,115
2023-05-10 21:01:36,eb2311,eb2311,7943.0,0.0,0.0,0.0,2,7769.0,7937.0,1,7943.0,7826.0,0.0,0.0,0.0,0.0,115
2023-05-10 21:01:37,eb2311,eb2311,7943.0,0.0,0.0,0.0,4,7769.0,7936.0,1,7943.0,7826.0,0.0,0.0,0.0,0.0,115
2023-05-10 21:01:38,eb2311,eb2311,7943.0,0.0,0.0,0.0,2,7770.0,7936.0,1,7943.0,7826.0,0.0,0.0,0.0,0.0,115
2023-05-10 21:01:38,eb2311,eb2311,7943.0,0.0,0.0,0.0,3,7770.0,7936.0,1,7943.0,7826.0,0.0,0.0,0.0,0.0,115
2023-05-10 21:01:39,eb2311,eb2311,7943.0,0.0,0.0,0.0,4,7771.0,7935.0,1,7943.0,7826.0,0.0,0.0,0.0,0.0,115
2023-05-10 21:01:40,eb2311,eb2311,7943.0,0.0,0.0,0.0,6,7771.0,7935.0,1,7943.0,7826.0,0.0,0.0,0.0,0.0,115
2023-05-10 21:01:42,eb2311,eb2311,7943.0,0.0,0.0,0.0,3,7772.0,7935.0,1,7943.0,7826.0,0.0,0.0,0.0,0.0,115
2023-05-10 21:01:42,eb2311,eb2311,7943.0,0.0,0.0,0.0,4,7772.0,7935.0,2,7943.0,7826.0,0.0,0.0,0.0,0.0,115
2023-05-10 21:01:43,eb2311,eb2311,7943.0,0.0,0.0,0.0,2,7773.0,7935.0,2,7943.0,7826.0,0.0,0.0,0.0,0.0,115
2023-05-10 21:01:44,eb2311,eb2311,7943.0,0.0,0.0,0.0,2,7773.0,7935.0,1,7943.0,7826.0,0.0,0.0,0.0,0.0,115
2023-05-10 21:01:45,eb2311,eb2311,7943.0,0.0,0.0,0.0,5,7774.0,7943.0,1,7943.0,7826.0,0.0,0.0,0.0,0.0,115
2023-05-10 21:01:45,eb2311,eb2311,7943.0,0.0,0.0,0.0,5,7774.0,7942.0,2,7943.0,7826.0,0.0,0.0,0.0,0.0,115
2023-05-10 21:01:46,eb2311,eb2311,7943.0,0.0,0.0,0.0,2,7775.0,7942.0,2,7943.0,7826.0,0.0,0.0,0.0,0.0,115
2023-05-10 21:01:48,eb2311,eb2311,7943.0,0.0,0.0,0.0,5,7776.0,7942.0,2,7943.0,7826.0,0.0,0.0,0.0,0.0,115
2023-05-10 21:01:49,eb2311,eb2311,7943.0,0.0,0.0,0.0,2,7777.0,7942.0,2,7943.0,7826.0,0.0,0.0,0.0,0.0,115
2023-05-10 21:01:51,eb2311,eb2311,7943.0,0.0,0.0,0.0,5,7778.0,7942.0,2,7943.0,7826.0,0.0,0.0,0.0,0.0,115
2023-05-10 21:01:52,eb2311,eb2311,7943.0,0.0,0.0,0.0,1,7779.0,7942.0,2,7943.0,7826.0,0.0,0.0,0.0,0.0,115
2023-05-10 21:01:52,eb2311,eb2311,7943.0,0.0,0.0,0.0,2,7779.0,7942.0,2,7943.0,7826.0,0.0,0.0,0.0,0.0,115
2023-05-10 21:01:53,eb2311,eb2311,7943.0,0.0,0.0,0.0,2,7780.0,7942.0,2,7943.0,7826.0,0.0,0.0,0.0,0.0,115
2023-05-10 21:01:54,eb2311,eb2311,7943.0,0.0,0.0,0.0,3,7781.0,7942.0,2,7943.0,7826.0,0.0,0.0,0.0,0.0,115
2023-05-10 21:01:55,eb2311,eb2311,7943.0,0.0,0.0,0.0,3,7782.0,7942.0,2,7943.0,7826.0,0.0,0.0,0.0,0.0,115
2023-05-10 21:01:55,eb2311,eb2311,7943.0,0.0,0.0,0.0,4,7782.0,7942.0,2,7943.0,7826.0,0.0,0.0,0.0,0.0,115
2023-05-10 21:01:57,eb2311,eb2311,7943.0,0.0,0.0,0.0,3,7783.0,7942.0,2,7943.0,7826.0,0.0,0.0,0.0,0.0,115
2023-05-10 21:01:58,eb2311,eb2311,7943.0,0.0,0.0,0.0,1,7784.0,7942.0,2,7943.0,7826.0,0.0,0.0,0.0,0.0,115
2023-05-10 21:01:58,eb2311,eb2311,7943.0,0.0,0.0,0.0,4,7784.0,7942.0,2,7943.0,7826.0,0.0,0.0,0.0,0.0,115
2023-05-10 21:02:00,eb2311,eb2311,7943.0,0.0,0.0,0.0,3,7785.0,7942.0,2,7943.0,7826.0,0.0,0.0,0.0,0.0,115
2023-05-10 21:02:01,eb2311,eb2311,7943.0,0.0,0.0,0.0,4,7786.0,7942.0,2,7943.0,7826.0,0.0,0.0,0.0,0.0,115
2023-05-10 21:02:03,eb2311,eb2311,7943.0,0.0,0.0,0.0,3,7787.0,7942.0,2,7943.0,7826.0,0.0,0.0,0.0,0.0,115
2023-05-10 21:02:04,eb2311,eb2311,7943.0,0.0,0.0,0.0,2,7788.0,7942.0,2,7943.0,7826.0,0.0,0.0,0.0,0.0,115
2023-05-10 21:02:05,eb2311,eb2311,7943.0,0.0,0.0,0.0,4,7788.0,7942.0,2,7943.0,7826.0,0.0,0.0,0.0,0.0,115
2023-05-10 21:02:06,eb2311,eb2311,7943.0,0.0,0.0,0.0,3,7789.0,7942.0,2,7943.0,7826.0,0.0,0.0,0.0,0.0,115
2023-05-10 21:02:07,eb2311,eb2311,7943.0,0.0,0.0,0.0,2,7790.0,7942.0,2,7943.0,7826.0,0.0,0.0,0.0,0.0,115
2023-05-10 21:02:08,eb2311,eb2311,7943.0,0.0,0.0,0.0,4,7790.0,7942.0,2,7943.0,7826.0,0.0,0.0,0.0,0.0,115
2023-05-10 21:02:09,eb2311,eb2311,7943.0,0.0,0.0,0.0,4,7790.0,7942.0,3,7943.0,7826.0,0.0,0.0,0.0,0.0,115
2023-05-10 21:02:09,eb2311,eb2311,7943.0,0.0,0.0,0.0,3,7791.0,7942.0,3,7943.0,7826.0,0.0,0.0,0.0,0.0,115
2023-05-10 21:02:10,eb2311,eb2311,7943.0,0.0,0.0,0.0,1,7792.0,7942.0,3,7943.0,7826.0,0.0,0.0,0.0,0.0,115
2023-05-10 21:02:11,eb2311,eb2311,7943.0,0.0,0.0,0.0,1,7792.0,7942.0,2,7943.0,7826.0,0.0,0.0,0.0,0.0,115
2023-05-10 21:02:12,eb2311,eb2311,7943.0,0.0,0.0,0.0,2,7793.0,7942.0,2,7943.0,7826.0,0.0,0.0,0.0,0.0,115
2023-05-10 21:02:12,eb2311,eb2311,7943.0,0.0,0.0,0.0,1,7794.0,7942.0,3,7943.0,7826.0,0.0,0.0,0.0,0.0,115
2023-05-10 21:02:13,eb2311,eb2311,7943.0,0.0,0.0,0.0,1,7795.0,7942.0,3,7943.0,7826.0,0.0,0.0,0.0,0.0,115
2023-05-10 21:02:14,eb2311,eb2311,7943.0,0.0,0.0,0.0,3,7795.0,7942.0,3,7943.0,7826.0,0.0,0.0,0.0,0.0,115
2023-05-10 21:02:15,eb2311,eb2311,7943.0,0.0,0.0,0.0,1,7796.0,7942.0,2,7943.0,7826.0,0.0,0.0,0.0,0.0,115
2023-05-10 21:02:15,eb2311,eb2311,7943.0,0.0,0.0,0.0,3,7797.0,7942.0,2,7943.0,7826.0,0.0,0.0,0.0,0.0,115
2023-05-10 21:02:16,eb2311,eb2311,7943.0,0.0,0.0,0.0,1,7798.0,7942.0,2,7943.0,7826.0,0.0,0.0,0.0,0.0,115
2023-05-10 21:02:17,eb2311,eb2311,7943.0,0.0,0.0,0.0,3,7798.0,7942.0,2,7943.0,7826.0,0.0,0.0,0.0,0.0,115
2023-05-10 21:02:18,eb2311,eb2311,7943.0,0.0,0.0,0.0,3,7799.0,7942.0,2,7943.0,7826.0,0.0,0.0,0.0,0.0,115
2023-05-10 21:02:20,eb2311,eb2311,7943.0,0.0,0.0,0.0,4,7800.0,7942.0,2,7943.0,7826.0,0.0,0.0,0.0,0.0,115
2023-05-10 21:02:22,eb2311,eb2311,7943.0,0.0,0.0,0.0,5,7801.0,7942.0,2,7943.0,7826.0,0.0,0.0,0.0,0.0,115
2023-05-10 21:02:23,eb2311,eb2311,7943.0,0.0,0.0,0.0,4,7802.0,7942.0,2,7943.0,7826.0,0.0,0.0,0.0,0.0,115
2023-05-10 21:02:25,eb2311,eb2311,7943.0,0.0,0.0,0.0,3,7803.0,7942.0,2,7943.0,7826.0,0.0,0.0,0.0,0.0,115
2023-05-10 21:02:26,eb2311,eb2311,7943.0,0.0,0.0,0.0,4,7803.0,7942.0,2,7943.0,7826.0,0.0,0.0,0.0,0.0,115
2023-05-10 21:02:26,eb2311,eb2311,7943.0,0.0,0.0,0.0,4,7804.0,7942.0,2,7943.0,7826.0,0.0,0.0,0.0,0.0,115
2023-05-10 21:02:28,eb2311,eb2311,7943.0,0.0,0.0,0.0,3,7805.0,7942.0,2,7943.0,7826.0,0.0,0.0,0.0,0.0,115
2023-05-10 21:02:29,eb2311,eb2311,7943.0,0.0,0.0,0.0,2,7806.0,7942.0,2,7943.0,7826.0,0.0,0.0,0.0,0.0,115
2023-05-10 21:02:30,eb2311,eb2311,7943.0,0.0,0.0,0.0,4,7806.0,7942.0,2,7943.0,7826.0,0.0,0.0,0.0,0.0,115
2023-05-10 21:02:31,eb2311,eb2311,7943.0,0.0,0.0,0.0,3,7807.0,7942.0,2,7943.0,7826.0,0.0,0.0,0.0,0.0,115
2023-05-10 21:02:32,eb2311,eb2311,7943.0,0.0,0.0,0.0,4,7808.0,7942.0,2,7943.0,7826.0,0.0,0.0,0.0,0.0,115
2023-05-10 21:02:35,eb2311,eb2311,7943.0,0.0,0.0,0.0,1,7809.0,7942.0,2,7943.0,7826.0,0.0,0.0,0.0,0.0,115
2023-05-10 21:02:36,eb2311,eb2311,7943.0,0.0,0.0,0.0,4,7810.0,7942.0,2,7943.0,7826.0,0.0,0.0,0.0,0.0,115
2023-05-10 21:02:38,eb2311,eb2311,7943.0,0.0,0.0,0.0,1,7811.0,7942.0,2,7943.0,7826.0,0.0,0.0,0.0,0.0,115
2023-05-10 21:02:39,eb2311,eb2311,7943.0,0.0,0.0,0.0,2,7812.0,7942.0,2,7943.0,7826.0,0.0,0.0,0.0,0.0,115
2023-05-10 21:02:40,eb2311,eb2311,7943.0,0.0,0.0,0.0,2,7813.0,7942.0,2,7943.0,7826.0,0.0,0.0,0.0,0.0,115
2023-05-10 21:02:41,eb2311,eb2311,7943.0,0.0,0.0,0.0,1,7814.0,7942.0,2,7943.0,7826.0,0.0,0.0,0.0,0.0,115
2023-05-10 21:02:41,eb2311,eb2311,7943.0,0.0,0.0,0.0,3,7814.0,7942.0,2,7943.0,7826.0,0.0,0.0,0.0,0.0,115
2023-05-10 21:02:43,eb2311,eb2311,7943.0,0.0,0.0,0.0,2,7815.0,7942.0,2,7943.0,7826.0,0.0,0.0,0.0,0.0,115
2023-05-10 21:02:44,eb2311,eb2311,7943.0,0.0,0.0,0.0,3,7816.0,7942.0,2,7943.0,7826.0,0.0,0.0,0.0,0.0,115
2023-05-10 21:02:46,eb2311,eb2311,7943.0,0.0,0.0,0.0,1,7817.0,7942.0,2,7943.0,7826.0,0.0,0.0,0.0,0.0,115
2023-05-10 21:02:46,eb2311,eb2311,7943.0,0.0,0.0,0.0,2,7817.0,7942.0,2,7943.0,7826.0,0.0,0.0,0.0,0.0,115
2023-05-10 21:02:47,eb2311,eb2311,7943.0,0.0,0.0,0.0,3,7818.0,7942.0,2,7943.0,7826.0,0.0,0.0,0.0,0.0,115
2023-05-10 21:02:49,eb2311,eb2311,7943.0,0.0,0.0,0.0,2,7819.0,7942.0,2,7943.0,7826.0,0.0,0.0,0.0,0.0,115
2023-05-10 21:02:50,eb2311,eb2311,7943.0,0.0,0.0,0.0,3,7820.0,7942.0,2,7943.0,7826.0,0.0,0.0,0.0,0.0,115
2023-05-10 21:02:52,eb2311,eb2311,7943.0,0.0,0.0,0.0,1,7821.0,7942.0,2,7943.0,7826.0,0.0,0.0,0.0,0.0,115
2023-05-10 21:02:52,eb2311,eb2311,7943.0,0.0,0.0,0.0,2,7821.0,7942.0,2,7943.0,7826.0,0.0,0.0,0.0,0.0,115
2023-05-10 21:02:53,eb2311,eb2311,7943.0,0.0,0.0,0.0,3,7822.0,7942.0,2,7943.0,7826.0,0.0,0.0,0.0,0.0,115
2023-05-10 21:02:55,eb2311,eb2311,7943.0,0.0,0.0,0.0,1,7823.0,7942.0,2,7943.0,7826.0,0.0,0.0,0.0,0.0,115
2023-05-10 21:02:56,eb2311,eb2311,7943.0,0.0,0.0,0.0,4,7824.0,7942.0,2,7943.0,7826.0,0.0,0.0,0.0,0.0,115
2023-05-10 21:02:58,eb2311,eb2311,7943.0,0.0,0.0,0.0,1,7825.0,7942.0,2,7943.0,7826.0,0.0,0.0,0.0,0.0,115
2023-05-10 21:02:59,eb2311,eb2311,7943.0,0.0,0.0,0.0,4,7826.0,7942.0,2,7943.0,7826.0,0.0,0.0,0.0,0.0,115
2023-05-10 21:03:00,eb2311,eb2311,7943.0,0.0,0.0,0.0,4,7826.0,7941.0,2,7943.0,7826.0,0.0,0.0,0.0,0.0,115
2023-05-10 21:03:01,eb2311,eb2311,7943.0,0.0,0.0,0.0,1,7827.0,7942.0,1,7943.0,7826.0,0.0,0.0,0.0,0.0,115
2023-05-10 21:03:01,eb2311,eb2311,7943.0,0.0,0.0,0.0,1,7827.0,7941.0,1,7943.0,7826.0,0.0,0.0,0.0,0.0,115
2023-05-10 21:03:02,eb2311,eb2311,7943.0,0.0,0.0,0.0,4,7828.0,7941.0,2,7943.0,7826.0,0.0,0.0,0.0,0.0,115
2023-05-10 21:03:03,eb2311,eb2311,7943.0,0.0,0.0,0.0,4,7828.0,7940.0,2,7943.0,7826.0,0.0,0.0,0.0,0.0,115
2023-05-10 21:03:04,eb2311,eb2311,7943.0,0.0,0.0,0.0,1,7829.0,7940.0,2,7943.0,7826.0,0.0,0.0,0.0,0.0,115
2023-05-10 21:03:04,eb2311,eb2311,7943.0,0.0,0.0,0.0,1,7829.0,7939.0,1,7943.0,7826.0,0.0,0.0,0.0,0.0,115
2023-05-10 21:03:05,eb2311,eb2311,7943.0,0.0,0.0,0.0,6,7830.0,7939.0,2,7943.0,7826.0,0.0,0.0,0.0,0.0,115
2023-05-10 21:03:07,eb2311,eb2311,7943.0,0.0,0.0,0.0,1,7831.0,7939.0,2,7943.0,7826.0,0.0,0.0,0.0,0.0,115
2023-05-10 21:03:08,eb2311,eb2311,7943.0,0.0,0.0,0.0,4,7832.0,7939.0,2,7943.0,7826.0,0.0,0.0,0.0,0.0,115
2023-05-10 21:03:08,eb2311,eb2311,7943.0,0.0,0.0,0.0,4,7832.0,7937.0,2,7943.0,7826.0,0.0,0.0,0.0,0.0,115
2023-05-10 21:03:15,eb2311,eb2311,7943.0,0.0,0.0,0.0,1,7833.0,7937.0,4,7943.0,7826.0,0.0,0.0,0.0,0.0,115
2023-05-10 21:03:16,eb2311,eb2311,7943.0,0.0,0.0,0.0,2,7834.0,7937.0,4,7943.0,7826.0,0.0,0.0,0.0,0.0,115
2023-05-10 21:03:17,eb2311,eb2311,7943.0,0.0,0.0,0.0,3,7834.0,7937.0,4,7943.0,7826.0,0.0,0.0,0.0,0.0,115
2023-05-10 21:03:21,eb2311,eb2311,7943.0,0.0,0.0,0.0,3,7835.0,7937.0,2,7943.0,7826.0,0.0,0.0,0.0,0.0,115
2023-05-10 21:03:22,eb2311,eb2311,7943.0,0.0,0.0,0.0,2,7836.0,7943.0,1,7943.0,7826.0,0.0,0.0,0.0,0.0,115
2023-05-10 21:03:22,eb2311,eb2311,7943.0,0.0,0.0,0.0,2,7836.0,7942.0,2,7943.0,7826.0,0.0,0.0,0.0,0.0,115
2023-05-10 21:03:23,eb2311,eb2311,7943.0,0.0,0.0,0.0,2,7836.0,7942.0,5,7943.0,7826.0,0.0,0.0,0.0,0.0,115
2023-05-10 21:03:24,eb2311,eb2311,7943.0,0.0,0.0,0.0,3,7837.0,7942.0,5,7943.0,7826.0,0.0,0.0,0.0,0.0,115
2023-05-10 21:03:25,eb2311,eb2311,7943.0,0.0,0.0,0.0,2,7838.0,7942.0,5,7943.0,7826.0,0.0,0.0,0.0,0.0,115
2023-05-10 21:03:28,eb2311,eb2311,7943.0,0.0,0.0,0.0,3,7839.0,7942.0,5,7943.0,7826.0,0.0,0.0,0.0,0.0,115
2023-05-10 21:03:28,eb2311,eb2311,7943.0,0.0,0.0,0.0,2,7840.0,7942.0,5,7943.0,7826.0,0.0,0.0,0.0,0.0,115
2023-05-10 21:03:31,eb2311,eb2311,7943.0,0.0,0.0,0.0,2,7841.0,7942.0,5,7943.0,7826.0,0.0,0.0,0.0,0.0,115
2023-05-10 21:03:31,eb2311,eb2311,7943.0,0.0,0.0,0.0,3,7841.0,7942.0,5,7943.0,7826.0,0.0,0.0,0.0,0.0,115
2023-05-10 21:03:32,eb2311,eb2311,7943.0,0.0,0.0,0.0,2,7842.0,7942.0,5,7943.0,7826.0,0.0,0.0,0.0,0.0,115
2023-05-10 21:03:37,eb2311,eb2311,7943.0,0.0,0.0,0.0,5,7842.0,7942.0,5,7943.0,7826.0,0.0,0.0,0.0,0.0,115
2023-05-10 21:03:40,eb2311,eb2311,7943.0,0.0,0.0,0.0,2,7842.0,7942.0,5,7943.0,7826.0,0.0,0.0,0.0,0.0,115
2023-05-10 21:03:41,eb2311,eb2311,7943.0,0.0,0.0,0.0,3,7843.0,7942.0,5,7943.0,7826.0,0.0,0.0,0.0,0.0,115
2023-05-10 21:03:41,eb2311,eb2311,7943.0,0.0,0.0,0.0,2,7844.0,7942.0,5,7943.0,7826.0,0.0,0.0,0.0,0.0,115
2023-05-10 21:03:44,eb2311,eb2311,7943.0,0.0,0.0,0.0,2,7845.0,7942.0,5,7943.0,7826.0,0.0,0.0,0.0,0.0,115
2023-05-10 21:03:45,eb2311,eb2311,7943.0,0.0,0.0,0.0,2,7846.0,7942.0,5,7943.0,7826.0,0.0,0.0,0.0,0.0,115
2023-05-10 21:03:49,eb2311,eb2311,7943.0,0.0,0.0,0.0,2,7847.0,7942.0,5,7943.0,7826.0,0.0,0.0,0.0,0.0,115
2023-05-10 21:03:49,eb2311,eb2311,7943.0,0.0,0.0,0.0,2,7848.0,7942.0,5,7943.0,7826.0,0.0,0.0,0.0,0.0,115
2023-05-10 21:04:18,eb2311,eb2311,7943.0,0.0,0.0,0.0,2,7848.0,7941.0,1,7943.0,7826.0,0.0,0.0,0.0,0.0,115
2023-05-10 21:04:19,eb2311,eb2311,7943.0,0.0,0.0,0.0,2,7848.0,7940.0,2,7943.0,7826.0,0.0,0.0,0.0,0.0,115
2023-05-10 21:04:20,eb2311,eb2311,7943.0,0.0,0.0,0.0,2,7848.0,7940.0,5,7943.0,7826.0,0.0,0.0,0.0,0.0,115
2023-05-10 21:04:21,eb2311,eb2311,7943.0,0.0,0.0,0.0,2,7848.0,7939.0,1,7943.0,7826.0,0.0,0.0,0.0,0.0,115
2023-05-10 21:04:22,eb2311,eb2311,7943.0,0.0,0.0,0.0,2,7848.0,7938.0,2,7943.0,7826.0,0.0,0.0,0.0,0.0,115
2023-05-10 21:04:23,eb2311,eb2311,7943.0,0.0,0.0,0.0,2,7848.0,7935.0,3,7943.0,7826.0,0.0,0.0,0.0,0.0,115
2023-05-10 21:04:24,eb2311,eb2311,7943.0,0.0,0.0,0.0,2,7848.0,7935.0,4,7943.0,7826.0,0.0,0.0,0.0,0.0,115
2023-05-10 21:04:25,eb2311,eb2311,7943.0,0.0,0.0,0.0,2,7848.0,7934.0,2,7943.0,7826.0,0.0,0.0,0.0,0.0,115
2023-05-10 21:04:27,eb2311,eb2311,7943.0,0.0,0.0,0.0,2,7848.0,7927.0,2,7943.0,7826.0,0.0,0.0,0.0,0.0,115
2023-05-10 21:04:29,eb2311,eb2311,7943.0,0.0,0.0,0.0,2,7848.0,7926.0,2,7943.0,7826.0,0.0,0.0,0.0,0.0,115
2023-05-10 21:04:31,eb2311,eb2311,7943.0,0.0,0.0,0.0,2,7849.0,7926.0,2,7943.0,7826.0,0.0,0.0,0.0,0.0,115
2023-05-10 21:04:32,eb2311,eb2311,7943.0,0.0,0.0,0.0,2,7850.0,7926.0,2,7943.0,7826.0,0.0,0.0,0.0,0.0,115
2023-05-10 21:04:39,eb2311,eb2311,7943.0,0.0,0.0,0.0,2,7850.0,7927.0,2,7943.0,7826.0,0.0,0.0,0.0,0.0,115
2023-05-10 21:04:40,eb2311,eb2311,7943.0,0.0,0.0,0.0,2,7850.0,7933.0,1,7943.0,7826.0,0.0,0.0,0.0,0.0,115
2023-05-10 21:04:41,eb2311,eb2311,7943.0,0.0,0.0,0.0,2,7850.0,7932.0,2,7943.0,7826.0,0.0,0.0,0.0,0.0,115
2023-05-10 21:04:42,eb2311,eb2311,7943.0,0.0,0.0,0.0,2,7850.0,7931.0,3,7943.0,7826.0,0.0,0.0,0.0,0.0,115
2023-05-10 21:04:43,eb2311,eb2311,7943.0,0.0,0.0,0.0,2,7850.0,7930.0,1,7943.0,7826.0,0.0,0.0,0.0,0.0,115
2023-05-10 21:04:44,eb2311,eb2311,7943.0,0.0,0.0,0.0,2,7850.0,7929.0,1,7943.0,7826.0,0.0,0.0,0.0,0.0,115
2023-05-10 21:04:44,eb2311,eb2311,7943.0,0.0,0.0,0.0,2,7850.0,7929.0,3,7943.0,7826.0,0.0,0.0,0.0,0.0,115
2023-05-10 21:04:47,eb2311,eb2311,7943.0,0.0,0.0,0.0,2,7850.0,7928.0,1,7943.0,7826.0,0.0,0.0,0.0,0.0,115
2023-05-10 21:04:50,eb2311,eb2311,7943.0,0.0,0.0,0.0,2,7850.0,7931.0,1,7943.0,7826.0,0.0,0.0,0.0,0.0,115
2023-05-10 21:04:50,eb2311,eb2311,7943.0,0.0,0.0,0.0,2,7850.0,7930.0,2,7943.0,7826.0,0.0,0.0,0.0,0.0,115
2023-05-10 21:05:05,eb2311,eb2311,7943.0,0.0,0.0,0.0,2,7850.0,7930.0,3,7943.0,7826.0,0.0,0.0,0.0,0.0,115
2023-05-10 21:05:06,eb2311,eb2311,7943.0,0.0,0.0,0.0,2,7850.0,7943.0,1,7943.0,7826.0,0.0,0.0,0.0,0.0,115
2023-05-10 21:05:06,eb2311,eb2311,7943.0,0.0,0.0,0.0,2,7850.0,7942.0,3,7943.0,7826.0,0.0,0.0,0.0,0.0,115
2023-05-10 21:05:14,eb2311,eb2311,7943.0,0.0,0.0,0.0,2,7851.0,7942.0,3,7943.0,7826.0,0.0,0.0,0.0,0.0,115
2023-05-10 21:05:15,eb2311,eb2311,7943.0,0.0,0.0,0.0,2,7852.0,7942.0,3,7943.0,7826.0,0.0,0.0,0.0,0.0,115
2023-05-10 21:05:57,eb2311,eb2311,7943.0,0.0,0.0,0.0,2,7853.0,7942.0,3,7943.0,7826.0,0.0,0.0,0.0,0.0,115
2023-05-10 21:05:57,eb2311,eb2311,7943.0,0.0,0.0,0.0,2,7853.0,7942.0,2,7943.0,7826.0,0.0,0.0,0.0,0.0,115
2023-05-10 21:05:58,eb2311,eb2311,7943.0,0.0,0.0,0.0,2,7854.0,7942.0,2,7943.0,7826.0,0.0,0.0,0.0,0.0,115
2023-05-10 21:06:39,eb2311,eb2311,7943.0,0.0,0.0,0.0,2,7855.0,7942.0,2,7943.0,7826.0,0.0,0.0,0.0,0.0,115
2023-05-10 21:06:40,eb2311,eb2311,7943.0,0.0,0.0,0.0,2,7856.0,7942.0,2,7943.0,7826.0,0.0,0.0,0.0,0.0,115
2023-05-10 21:07:23,eb2311,eb2311,7943.0,0.0,0.0,0.0,2,7857.0,7942.0,2,7943.0,7826.0,0.0,0.0,0.0,0.0,115
2023-05-10 21:07:24,eb2311,eb2311,7943.0,0.0,0.0,0.0,2,7858.0,7942.0,2,7943.0,7826.0,0.0,0.0,0.0,0.0,115
2023-05-10 21:08:05,eb2311,eb2311,7943.0,0.0,0.0,0.0,2,7859.0,7942.0,2,7943.0,7826.0,0.0,0.0,0.0,0.0,115
2023-05-10 21:08:07,eb2311,eb2311,7943.0,0.0,0.0,0.0,2,7860.0,7942.0,2,7943.0,7826.0,0.0,0.0,0.0,0.0,115
2023-05-10 21:08:47,eb2311,eb2311,7943.0,0.0,0.0,0.0,2,7861.0,7942.0,2,7943.0,7826.0,0.0,0.0,0.0,0.0,115
2023-05-10 21:08:48,eb2311,eb2311,7943.0,0.0,0.0,0.0,2,7862.0,7942.0,2,7943.0,7826.0,0.0,0.0,0.0,0.0,115
2023-05-10 21:09:19,eb2311,eb2311,7943.0,0.0,0.0,0.0,2,7862.0,7942.0,3,7943.0,7826.0,0.0,0.0,0.0,0.0,115
2023-05-10 21:09:23,eb2311,eb2311,7943.0,0.0,0.0,0.0,2,7862.0,7942.0,2,7943.0,7826.0,0.0,0.0,0.0,0.0,115
2023-05-10 21:09:24,eb2311,eb2311,7943.0,0.0,0.0,0.0,2,7862.0,7941.0,1,7943.0,7826.0,0.0,0.0,0.0,0.0,115
2023-05-10 21:09:25,eb2311,eb2311,7943.0,0.0,0.0,0.0,2,7862.0,7940.0,2,7943.0,7826.0,0.0,0.0,0.0,0.0,115
2023-05-10 21:09:28,eb2311,eb2311,7943.0,0.0,0.0,0.0,2,7862.0,7939.0,2,7943.0,7826.0,0.0,0.0,0.0,0.0,115
2023-05-10 21:09:30,eb2311,eb2311,7943.0,0.0,0.0,0.0,2,7862.0,7938.0,2,7943.0,7826.0,0.0,0.0,0.0,0.0,115
2023-05-10 21:10:10,eb2311,eb2311,7943.0,0.0,0.0,0.0,2,7863.0,7938.0,2,7943.0,7826.0,0.0,0.0,0.0,0.0,115
2023-05-10 21:10:12,eb2311,eb2311,7943.0,0.0,0.0,0.0,2,7864.0,7938.0,2,7943.0,7826.0,0.0,0.0,0.0,0.0,115
2023-05-10 21:10:52,eb2311,eb2311,7943.0,0.0,0.0,0.0,2,7865.0,7938.0,2,7943.0,7826.0,0.0,0.0,0.0,0.0,115
2023-05-10 21:10:53,eb2311,eb2311,7943.0,0.0,0.0,0.0,3,7865.0,7938.0,2,7943.0,7826.0,0.0,0.0,0.0,0.0,115
2023-05-10 21:10:53,eb2311,eb2311,7943.0,0.0,0.0,0.0,2,7866.0,7938.0,2,7943.0,7826.0,0.0,0.0,0.0,0.0,115
2023-05-10 21:11:34,eb2311,eb2311,7943.0,0.0,0.0,0.0,2,7866.0,7937.0,2,7943.0,7826.0,0.0,0.0,0.0,0.0,115
2023-05-10 21:11:35,eb2311,eb2311,7943.0,0.0,0.0,0.0,2,7866.0,7937.0,4,7943.0,7826.0,0.0,0.0,0.0,0.0,115
2023-05-10 21:11:41,eb2311,eb2311,7943.0,0.0,0.0,0.0,2,7866.0,7937.0,2,7943.0,7826.0,0.0,0.0,0.0,0.0,115
2023-05-10 21:11:42,eb2311,eb2311,7943.0,0.0,0.0,0.0,2,7866.0,7936.0,2,7943.0,7826.0,0.0,0.0,0.0,0.0,115
2023-05-10 21:12:07,eb2311,eb2311,7943.0,0.0,0.0,0.0,2,7866.0,7937.0,2,7943.0,7826.0,0.0,0.0,0.0,0.0,115
2023-05-10 21:12:08,eb2311,eb2311,7943.0,0.0,0.0,0.0,2,7866.0,7936.0,2,7943.0,7826.0,0.0,0.0,0.0,0.0,115
2023-05-10 21:12:11,eb2311,eb2311,7943.0,0.0,0.0,0.0,2,7866.0,7937.0,2,7943.0,7826.0,0.0,0.0,0.0,0.0,115
2023-05-10 21:12:12,eb2311,eb2311,7943.0,0.0,0.0,0.0,2,7866.0,7943.0,1,7943.0,7826.0,0.0,0.0,0.0,0.0,115
2023-05-10 21:12:12,eb2311,eb2311,7943.0,0.0,0.0,0.0,2,7866.0,7942.0,2,7943.0,7826.0,0.0,0.0,0.0,0.0,115
2023-05-10 21:12:12,eb2311,eb2311,7943.0,0.0,0.0,0.0,2,7866.0,7942.0,3,7943.0,7826.0,0.0,0.0,0.0,0.0,115
2023-05-10 21:12:16,eb2311,eb2311,7943.0,0.0,0.0,0.0,2,7866.0,7941.0,2,7943.0,7826.0,0.0,0.0,0.0,0.0,115
2023-05-10 21:12:17,eb2311,eb2311,7943.0,0.0,0.0,0.0,2,7866.0,7940.0,2,7943.0,7826.0,0.0,0.0,0.0,0.0,115
2023-05-10 21:12:58,eb2311,eb2311,7943.0,0.0,0.0,0.0,2,7866.0,7939.0,2,7943.0,7826.0,0.0,0.0,0.0,0.0,115
2023-05-10 21:12:59,eb2311,eb2311,7943.0,0.0,0.0,0.0,2,7866.0,7938.0,2,7943.0,7826.0,0.0,0.0,0.0,0.0,115
2023-05-10 21:13:41,eb2311,eb2311,7943.0,0.0,0.0,0.0,2,7866.0,7937.0,2,7943.0,7826.0,0.0,0.0,0.0,0.0,115
2023-05-10 21:13:43,eb2311,eb2311,7943.0,0.0,0.0,0.0,2,7866.0,7936.0,2,7943.0,7826.0,0.0,0.0,0.0,0.0,115
2023-05-10 21:14:19,eb2311,eb2311,7943.0,0.0,0.0,0.0,2,7866.0,7936.0,1,7943.0,7826.0,0.0,0.0,0.0,0.0,115
2023-05-10 21:14:20,eb2311,eb2311,7943.0,0.0,0.0,0.0,2,7866.0,7942.0,1,7943.0,7826.0,0.0,0.0,0.0,0.0,115
2023-05-10 21:14:20,eb2311,eb2311,7943.0,0.0,0.0,0.0,2,7866.0,7936.0,3,7943.0,7826.0,0.0,0.0,0.0,0.0,115
2023-05-10 21:14:22,eb2311,eb2311,7943.0,0.0,0.0,0.0,2,7866.0,7935.0,2,7943.0,7826.0,0.0,0.0,0.0,0.0,115
2023-05-10 21:14:23,eb2311,eb2311,7943.0,0.0,0.0,0.0,2,7866.0,7934.0,3,7943.0,7826.0,0.0,0.0,0.0,0.0,115
2023-05-10 21:15:04,eb2311,eb2311,7943.0,0.0,0.0,0.0,2,7866.0,7933.0,2,7943.0,7826.0,0.0,0.0,0.0,0.0,115
2023-05-10 21:15:12,eb2311,eb2311,7943.0,0.0,0.0,0.0,2,7866.0,7942.0,1,7943.0,7826.0,0.0,0.0,0.0,0.0,115
2023-05-10 21:15:16,eb2311,eb2311,7943.0,0.0,0.0,0.0,2,7866.0,7941.0,3,7943.0,7826.0,0.0,0.0,0.0,0.0,115
2023-05-10 21:15:47,eb2311,eb2311,7943.0,0.0,0.0,0.0,2,7866.0,7940.0,2,7943.0,7826.0,0.0,0.0,0.0,0.0,115
2023-05-10 21:15:51,eb2311,eb2311,7943.0,0.0,0.0,0.0,2,7866.0,7939.0,2,7943.0,7826.0,0.0,0.0,0.0,0.0,115
2023-05-10 21:15:52,eb2311,eb2311,7943.0,0.0,0.0,0.0,2,7866.0,7938.0,1,7943.0,7826.0,0.0,0.0,0.0,0.0,115
2023-05-10 21:15:54,eb2311,eb2311,7943.0,0.0,0.0,0.0,2,7866.0,7937.0,2,7943.0,7826.0,0.0,0.0,0.0,0.0,115
2023-05-10 21:15:55,eb2311,eb2311,7943.0,0.0,0.0,0.0,2,7866.0,7936.0,1,7943.0,7826.0,0.0,0.0,0.0,0.0,115
2023-05-10 21:15:57,eb2311,eb2311,7943.0,0.0,0.0,0.0,2,7866.0,7940.0,2,7943.0,7826.0,0.0,0.0,0.0,0.0,115
2023-05-10 21:15:58,eb2311,eb2311,7943.0,0.0,0.0,0.0,2,7866.0,7939.0,1,7943.0,7826.0,0.0,0.0,0.0,0.0,115
2023-05-10 21:16:02,eb2311,eb2311,7943.0,0.0,0.0,0.0,2,7866.0,7938.0,2,7943.0,7826.0,0.0,0.0,0.0,0.0,115
2023-05-10 21:16:03,eb2311,eb2311,7943.0,0.0,0.0,0.0,2,7866.0,7938.0,3,7943.0,7826.0,0.0,0.0,0.0,0.0,115
2023-05-10 21:16:07,eb2311,eb2311,7943.0,0.0,0.0,0.0,2,7866.0,7938.0,2,7943.0,7826.0,0.0,0.0,0.0,0.0,115
2023-05-10 21:16:08,eb2311,eb2311,7943.0,0.0,0.0,0.0,2,7866.0,7937.0,1,7943.0,7826.0,0.0,0.0,0.0,0.0,115
2023-05-10 21:16:09,eb2311,eb2311,7943.0,0.0,0.0,0.0,2,7866.0,7936.0,2,7943.0,7826.0,0.0,0.0,0.0,0.0,115
2023-05-10 21:16:11,eb2311,eb2311,7943.0,0.0,0.0,0.0,2,7866.0,7935.0,1,7943.0,7826.0,0.0,0.0,0.0,0.0,115
2023-05-10 21:16:13,eb2311,eb2311,7943.0,0.0,0.0,0.0,2,7866.0,7934.0,2,7943.0,7826.0,0.0,0.0,0.0,0.0,115
2023-05-10 21:16:14,eb2311,eb2311,7943.0,0.0,0.0,0.0,2,7866.0,7933.0,1,7943.0,7826.0,0.0,0.0,0.0,0.0,115
2023-05-10 21:16:16,eb2311,eb2311,7943.0,0.0,0.0,0.0,2,7866.0,7933.0,3,7943.0,7826.0,0.0,0.0,0.0,0.0,115
2023-05-10 21:16:21,eb2311,eb2311,7943.0,0.0,0.0,0.0,2,7866.0,7933.0,1,7943.0,7826.0,0.0,0.0,0.0,0.0,115
2023-05-10 21:16:21,eb2311,eb2311,7943.0,0.0,0.0,0.0,2,7866.0,7932.0,2,7943.0,7826.0,0.0,0.0,0.0,0.0,115
2023-05-10 21:16:22,eb2311,eb2311,7943.0,0.0,0.0,0.0,2,7866.0,7931.0,1,7943.0,7826.0,0.0,0.0,0.0,0.0,115
2023-05-10 21:16:25,eb2311,eb2311,7943.0,0.0,0.0,0.0,2,7866.0,7931.0,3,7943.0,7826.0,0.0,0.0,0.0,0.0,115
2023-05-10 21:16:25,eb2311,eb2311,7943.0,0.0,0.0,0.0,2,7866.0,7931.0,2,7943.0,7826.0,0.0,0.0,0.0,0.0,115
2023-05-10 21:16:27,eb2311,eb2311,7943.0,0.0,0.0,0.0,2,7866.0,7940.0,2,7943.0,7826.0,0.0,0.0,0.0,0.0,115
2023-05-10 21:16:28,eb2311,eb2311,7943.0,0.0,0.0,0.0,2,7866.0,7931.0,1,7943.0,7826.0,0.0,0.0,0.0,0.0,115
2023-05-10 21:16:34,eb2311,eb2311,7943.0,0.0,0.0,0.0,2,7866.0,7931.0,2,7943.0,7826.0,0.0,0.0,0.0,0.0,115
2023-05-10 21:16:35,eb2311,eb2311,7943.0,0.0,0.0,0.0,2,7866.0,7931.0,3,7943.0,7826.0,0.0,0.0,0.0,0.0,115
2023-05-10 21:16:35,eb2311,eb2311,7943.0,0.0,0.0,0.0,2,7866.0,7931.0,2,7943.0,7826.0,0.0,0.0,0.0,0.0,115
2023-05-10 21:16:36,eb2311,eb2311,7943.0,0.0,0.0,0.0,2,7866.0,7930.0,1,7943.0,7826.0,0.0,0.0,0.0,0.0,115
2023-05-10 21:16:39,eb2311,eb2311,7943.0,0.0,0.0,0.0,2,7866.0,7929.0,2,7943.0,7826.0,0.0,0.0,0.0,0.0,115
2023-05-10 21:16:40,eb2311,eb2311,7943.0,0.0,0.0,0.0,2,7866.0,7929.0,3,7943.0,7826.0,0.0,0.0,0.0,0.0,115
2023-05-10 21:16:44,eb2311,eb2311,7943.0,0.0,0.0,0.0,2,7866.0,7942.0,1,7943.0,7826.0,0.0,0.0,0.0,0.0,115
2023-05-10 21:16:44,eb2311,eb2311,7943.0,0.0,0.0,0.0,2,7866.0,7941.0,5,7943.0,7826.0,0.0,0.0,0.0,0.0,115
2023-05-10 21:16:45,eb2311,eb2311,7943.0,0.0,0.0,0.0,2,7866.0,7941.0,7,7943.0,7826.0,0.0,0.0,0.0,0.0,115
2023-05-10 21:16:47,eb2311,eb2311,7943.0,0.0,0.0,0.0,2,7866.0,7941.0,5,7943.0,7826.0,0.0,0.0,0.0,0.0,115
2023-05-10 21:16:48,eb2311,eb2311,7943.0,0.0,0.0,0.0,2,7866.0,7941.0,3,7943.0,7826.0,0.0,0.0,0.0,0.0,115
2023-05-10 21:16:56,eb2311,eb2311,7943.0,0.0,0.0,0.0,2,7866.0,7941.0,5,7943.0,7826.0,0.0,0.0,0.0,0.0,115
2023-05-10 21:17:00,eb2311,eb2311,7943.0,0.0,0.0,0.0,2,7866.0,7941.0,3,7943.0,7826.0,0.0,0.0,0.0,0.0,115
2023-05-10 21:17:00,eb2311,eb2311,7943.0,0.0,0.0,0.0,2,7866.0,7940.0,4,7943.0,7826.0,0.0,0.0,0.0,0.0,115
2023-05-10 21:17:01,eb2311,eb2311,7943.0,0.0,0.0,0.0,2,7866.0,7940.0,5,7943.0,7826.0,0.0,0.0,0.0,0.0,115
2023-05-10 21:17:01,eb2311,eb2311,7943.0,0.0,0.0,0.0,2,7866.0,7939.0,2,7943.0,7826.0,0.0,0.0,0.0,0.0,115
2023-05-10 21:17:01,eb2311,eb2311,7943.0,0.0,0.0,0.0,2,7866.0,7939.0,3,7943.0,7826.0,0.0,0.0,0.0,0.0,115
2023-05-10 21:17:03,eb2311,eb2311,7943.0,0.0,0.0,0.0,2,7866.0,7939.0,5,7943.0,7826.0,0.0,0.0,0.0,0.0,115
2023-05-10 21:17:05,eb2311,eb2311,7943.0,0.0,0.0,0.0,2,7866.0,7938.0,2,7943.0,7826.0,0.0,0.0,0.0,0.0,115
2023-05-10 21:17:06,eb2311,eb2311,7943.0,0.0,0.0,0.0,2,7866.0,7937.0,5,7943.0,7826.0,0.0,0.0,0.0,0.0,115
2023-05-10 21:17:08,eb2311,eb2311,7943.0,0.0,0.0,0.0,2,7866.0,7936.0,2,7943.0,7826.0,0.0,0.0,0.0,0.0,115
2023-05-10 21:17:09,eb2311,eb2311,7943.0,0.0,0.0,0.0,2,7866.0,7935.0,7,7943.0,7826.0,0.0,0.0,0.0,0.0,115
2023-05-10 21:17:14,eb2311,eb2311,7943.0,0.0,0.0,0.0,2,7866.0,7934.0,2,7943.0,7826.0,0.0,0.0,0.0,0.0,115
2023-05-10 21:17:16,eb2311,eb2311,7943.0,0.0,0.0,0.0,2,7866.0,7933.0,2,7943.0,7826.0,0.0,0.0,0.0,0.0,115
2023-05-10 21:17:16,eb2311,eb2311,7943.0,0.0,0.0,0.0,2,7866.0,7933.0,3,7943.0,7826.0,0.0,0.0,0.0,0.0,115
2023-05-10 21:17:19,eb2311,eb2311,7943.0,0.0,0.0,0.0,2,7866.0,7933.0,5,7943.0,7826.0,0.0,0.0,0.0,0.0,115
2023-05-10 21:17:22,eb2311,eb2311,7943.0,0.0,0.0,0.0,2,7866.0,7933.0,3,7943.0,7826.0,0.0,0.0,0.0,0.0,115
2023-05-10 21:17:22,eb2311,eb2311,7943.0,0.0,0.0,0.0,2,7866.0,7933.0,5,7943.0,7826.0,0.0,0.0,0.0,0.0,115
2023-05-10 21:17:24,eb2311,eb2311,7943.0,0.0,0.0,0.0,2,7866.0,7933.0,3,7943.0,7826.0,0.0,0.0,0.0,0.0,115
2023-05-10 21:17:25,eb2311,eb2311,7943.0,0.0,0.0,0.0,2,7866.0,7932.0,4,7943.0,7826.0,0.0,0.0,0.0,0.0,115
2023-05-10 21:17:26,eb2311,eb2311,7943.0,0.0,0.0,0.0,2,7866.0,7932.0,5,7943.0,7826.0,0.0,0.0,0.0,0.0,115
2023-05-10 21:17:26,eb2311,eb2311,7943.0,0.0,0.0,0.0,2,7866.0,7931.0,3,7943.0,7826.0,0.0,0.0,0.0,0.0,115
2023-05-10 21:17:32,eb2311,eb2311,7943.0,0.0,0.0,0.0,2,7866.0,7931.0,5,7943.0,7826.0,0.0,0.0,0.0,0.0,115
2023-05-10 21:17:37,eb2311,eb2311,7943.0,0.0,0.0,0.0,2,7866.0,7931.0,3,7943.0,7826.0,0.0,0.0,0.0,0.0,115
2023-05-10 21:17:37,eb2311,eb2311,7943.0,0.0,0.0,0.0,2,7866.0,7930.0,2,7943.0,7826.0,0.0,0.0,0.0,0.0,115
2023-05-10 21:17:39,eb2311,eb2311,7943.0,0.0,0.0,0.0,2,7866.0,7929.0,3,7943.0,7826.0,0.0,0.0,0.0,0.0,115
2023-05-10 21:17:48,eb2311,eb2311,7943.0,0.0,0.0,0.0,2,7866.0,7929.0,5,7943.0,7826.0,0.0,0.0,0.0,0.0,115
2023-05-10 21:17:50,eb2311,eb2311,7943.0,0.0,0.0,0.0,2,7866.0,7929.0,3,7943.0,7826.0,0.0,0.0,0.0,0.0,115
2023-05-10 21:18:32,eb2311,eb2311,7943.0,0.0,0.0,0.0,2,7866.0,7928.0,2,7943.0,7826.0,0.0,0.0,0.0,0.0,115
2023-05-10 21:18:34,eb2311,eb2311,7943.0,0.0,0.0,0.0,2,7866.0,7927.0,3,7943.0,7826.0,0.0,0.0,0.0,0.0,115
2023-05-10 21:19:14,eb2311,eb2311,7943.0,0.0,0.0,0.0,2,7866.0,7926.0,2,7943.0,7826.0,0.0,0.0,0.0,0.0,115
2023-05-10 21:19:15,eb2311,eb2311,7943.0,0.0,0.0,0.0,2,7866.0,7926.0,5,7943.0,7826.0,0.0,0.0,0.0,0.0,115
2023-05-10 21:19:20,eb2311,eb2311,7943.0,0.0,0.0,0.0,2,7866.0,7926.0,2,7943.0,7826.0,0.0,0.0,0.0,0.0,115
2023-05-10 21:19:20,eb2311,eb2311,7943.0,0.0,0.0,0.0,2,7866.0,7925.0,3,7943.0,7826.0,0.0,0.0,0.0,0.0,115
2023-05-10 21:20:04,eb2311,eb2311,7943.0,0.0,0.0,0.0,2,7866.0,7925.0,2,7943.0,7826.0,0.0,0.0,0.0,0.0,115
2023-05-10 21:20:05,eb2311,eb2311,7943.0,0.0,0.0,0.0,2,7866.0,7942.0,1,7943.0,7826.0,0.0,0.0,0.0,0.0,115
2023-05-10 21:20:05,eb2311,eb2311,7943.0,0.0,0.0,0.0,2,7866.0,7941.0,5,7943.0,7826.0,0.0,0.0,0.0,0.0,115
2023-05-10 21:20:06,eb2311,eb2311,7943.0,0.0,0.0,0.0,2,7866.0,7941.0,9,7943.0,7826.0,0.0,0.0,0.0,0.0,115
2023-05-10 21:20:38,eb2311,eb2311,7943.0,0.0,0.0,0.0,2,7866.0,7940.0,2,7943.0,7826.0,0.0,0.0,0.0,0.0,115
2023-05-10 21:20:39,eb2311,eb2311,7943.0,0.0,0.0,0.0,2,7866.0,7939.0,4,7943.0,7826.0,0.0,0.0,0.0,0.0,115
2023-05-10 21:20:39,eb2311,eb2311,7943.0,0.0,0.0,0.0,2,7866.0,7938.0,1,7943.0,7826.0,0.0,0.0,0.0,0.0,115
2023-05-10 21:20:41,eb2311,eb2311,7943.0,0.0,0.0,0.0,2,7866.0,7938.0,3,7943.0,7826.0,0.0,0.0,0.0,0.0,115
2023-05-10 21:20:43,eb2311,eb2311,7943.0,0.0,0.0,0.0,2,7866.0,7937.0,5,7943.0,7826.0,0.0,0.0,0.0,0.0,115
2023-05-10 21:20:45,eb2311,eb2311,7943.0,0.0,0.0,0.0,2,7866.0,7933.0,2,7943.0,7826.0,0.0,0.0,0.0,0.0,115
2023-05-10 21:20:48,eb2311,eb2311,7943.0,0.0,0.0,0.0,2,7866.0,7932.0,3,7943.0,7826.0,0.0,0.0,0.0,0.0,115
2023-05-10 21:20:50,eb2311,eb2311,7943.0,0.0,0.0,0.0,2,7866.0,7930.0,2,7943.0,7826.0,0.0,0.0,0.0,0.0,115
2023-05-10 21:20:53,eb2311,eb2311,7943.0,0.0,0.0,0.0,2,7866.0,7929.0,3,7943.0,7826.0,0.0,0.0,0.0,0.0,115
2023-05-10 21:20:53,eb2311,eb2311,7943.0,0.0,0.0,0.0,1,7865.0,7929.0,3,7943.0,7826.0,0.0,0.0,0.0,0.0,115
2023-05-10 21:20:53,eb2311,eb2311,7943.0,0.0,0.0,0.0,2,7867.0,7929.0,3,7943.0,7826.0,0.0,0.0,0.0,0.0,115
2023-05-10 21:20:55,eb2311,eb2311,7943.0,0.0,0.0,0.0,3,7867.0,7929.0,3,7943.0,7826.0,0.0,0.0,0.0,0.0,115
2023-05-10 21:21:19,eb2311,eb2311,7943.0,0.0,0.0,0.0,3,7867.0,7928.0,2,7943.0,7826.0,0.0,0.0,0.0,0.0,115
2023-05-10 21:21:24,eb2311,eb2311,7943.0,0.0,0.0,0.0,3,7867.0,7927.0,3,7943.0,7826.0,0.0,0.0,0.0,0.0,115
2023-05-10 21:22:03,eb2311,eb2311,7943.0,0.0,0.0,0.0,3,7867.0,7926.0,2,7943.0,7826.0,0.0,0.0,0.0,0.0,115
2023-05-10 21:22:05,eb2311,eb2311,7943.0,0.0,0.0,0.0,3,7867.0,7925.0,3,7943.0,7826.0,0.0,0.0,0.0,0.0,115
2023-05-10 21:22:45,eb2311,eb2311,7943.0,0.0,0.0,0.0,3,7867.0,7924.0,2,7943.0,7826.0,0.0,0.0,0.0,0.0,115
2023-05-10 21:22:48,eb2311,eb2311,7943.0,0.0,0.0,0.0,3,7867.0,7923.0,3,7943.0,7826.0,0.0,0.0,0.0,0.0,115
2023-05-10 21:23:09,eb2311,eb2311,7943.0,0.0,0.0,0.0,3,7867.0,7923.0,2,7943.0,7826.0,0.0,0.0,0.0,0.0,115
2023-05-10 21:23:10,eb2311,eb2311,7943.0,0.0,0.0,0.0,3,7867.0,7924.0,2,7943.0,7826.0,0.0,0.0,0.0,0.0,115
2023-05-10 21:23:11,eb2311,eb2311,7943.0,0.0,0.0,0.0,3,7867.0,7924.0,4,7943.0,7826.0,0.0,0.0,0.0,0.0,115
2023-05-10 21:23:14,eb2311,eb2311,7943.0,0.0,0.0,0.0,3,7867.0,7915.0,1,7943.0,7826.0,0.0,0.0,0.0,0.0,115
2023-05-10 21:23:21,eb2311,eb2311,7943.0,0.0,0.0,0.0,3,7867.0,7924.0,5,7943.0,7826.0,0.0,0.0,0.0,0.0,115
2023-05-10 21:23:24,eb2311,eb2311,7943.0,0.0,0.0,0.0,4,7867.0,7924.0,5,7943.0,7826.0,0.0,0.0,0.0,0.0,115
2023-05-10 21:23:25,eb2311,eb2311,7943.0,0.0,0.0,0.0,4,7867.0,7924.0,2,7943.0,7826.0,0.0,0.0,0.0,0.0,115
2023-05-10 21:23:30,eb2311,eb2311,7943.0,0.0,0.0,0.0,3,7867.0,7924.0,2,7943.0,7826.0,0.0,0.0,0.0,0.0,115
2023-05-10 21:24:00,eb2311,eb2311,7943.0,0.0,0.0,0.0,4,7867.0,7924.0,2,7943.0,7826.0,0.0,0.0,0.0,0.0,115
2023-05-10 21:24:04,eb2311,eb2311,7943.0,0.0,0.0,0.0,3,7867.0,7924.0,2,7943.0,7826.0,0.0,0.0,0.0,0.0,115
2023-05-10 21:24:40,eb2311,eb2311,7943.0,0.0,0.0,0.0,4,7867.0,7924.0,2,7943.0,7826.0,0.0,0.0,0.0,0.0,115
2023-05-10 21:24:52,eb2311,eb2311,7943.0,0.0,0.0,0.0,3,7867.0,7924.0,2,7943.0,7826.0,0.0,0.0,0.0,0.0,115
2023-05-10 21:25:25,eb2311,eb2311,7943.0,0.0,0.0,0.0,4,7867.0,7924.0,2,7943.0,7826.0,0.0,0.0,0.0,0.0,115
2023-05-10 21:25:36,eb2311,eb2311,7943.0,0.0,0.0,0.0,3,7867.0,7924.0,2,7943.0,7826.0,0.0,0.0,0.0,0.0,115
2023-05-10 21:25:45,eb2311,eb2311,7943.0,0.0,0.0,0.0,4,7867.0,7924.0,2,7943.0,7826.0,0.0,0.0,0.0,0.0,115
2023-05-10 21:25:45,eb2311,eb2311,7943.0,0.0,0.0,0.0,3,7867.0,7924.0,2,7943.0,7826.0,0.0,0.0,0.0,0.0,115
2023-05-10 21:25:46,eb2311,eb2311,7943.0,0.0,0.0,0.0,3,7867.0,7924.0,5,7943.0,7826.0,0.0,0.0,0.0,0.0,115
2023-05-10 21:25:49,eb2311,eb2311,7943.0,0.0,0.0,0.0,3,7867.0,7924.0,2,7943.0,7826.0,0.0,0.0,0.0,0.0,115
2023-05-10 21:25:50,eb2311,eb2311,7943.0,0.0,0.0,0.0,3,7867.0,7923.0,3,7943.0,7826.0,0.0,0.0,0.0,0.0,115
2023-05-10 21:25:55,eb2311,eb2311,7943.0,0.0,0.0,0.0,4,7867.0,7923.0,3,7943.0,7826.0,0.0,0.0,0.0,0.0,115
2023-05-10 21:25:55,eb2311,eb2311,7943.0,0.0,0.0,0.0,3,7867.0,7923.0,3,7943.0,7826.0,0.0,0.0,0.0,0.0,115
2023-05-10 21:25:58,eb2311,eb2311,7943.0,0.0,0.0,0.0,4,7867.0,7923.0,3,7943.0,7826.0,0.0,0.0,0.0,0.0,115
2023-05-10 21:26:04,eb2311,eb2311,7943.0,0.0,0.0,0.0,3,7867.0,7923.0,3,7943.0,7826.0,0.0,0.0,0.0,0.0,115
2023-05-10 21:26:05,eb2311,eb2311,7943.0,0.0,0.0,0.0,3,7867.0,7924.0,2,7943.0,7826.0,0.0,0.0,0.0,0.0,115
2023-05-10 21:27:10,eb2311,eb2311,7943.0,0.0,0.0,0.0,3,7867.0,7923.0,4,7943.0,7826.0,0.0,0.0,0.0,0.0,115
2023-05-10 21:28:19,eb2311,eb2311,7943.0,0.0,0.0,0.0,3,7867.0,7923.0,3,7943.0,7826.0,0.0,0.0,0.0,0.0,115
2023-05-10 21:28:20,eb2311,eb2311,7943.0,0.0,0.0,0.0,3,7867.0,7941.0,1,7943.0,7826.0,0.0,0.0,0.0,0.0,115
2023-05-10 21:28:20,eb2311,eb2311,7943.0,0.0,0.0,0.0,3,7867.0,7940.0,9,7943.0,7826.0,0.0,0.0,0.0,0.0,115
2023-05-10 21:28:20,eb2311,eb2311,7943.0,0.0,0.0,0.0,3,7867.0,7940.0,10,7943.0,7826.0,0.0,0.0,0.0,0.0,115
2023-05-10 21:28:24,eb2311,eb2311,7943.0,0.0,0.0,0.0,3,7867.0,7939.0,2,7943.0,7826.0,0.0,0.0,0.0,0.0,115
2023-05-10 21:28:26,eb2311,eb2311,7943.0,0.0,0.0,0.0,3,7867.0,7935.0,3,7943.0,7826.0,0.0,0.0,0.0,0.0,115
2023-05-10 21:28:32,eb2311,eb2311,7943.0,0.0,0.0,0.0,3,7867.0,7934.0,6,7943.0,7826.0,0.0,0.0,0.0,0.0,115
2023-05-10 21:28:34,eb2311,eb2311,7943.0,0.0,0.0,0.0,3,7867.0,7929.0,2,7943.0,7826.0,0.0,0.0,0.0,0.0,115
2023-05-10 21:28:36,eb2311,eb2311,7943.0,0.0,0.0,0.0,3,7867.0,7928.0,4,7943.0,7826.0,0.0,0.0,0.0,0.0,115
2023-05-10 21:28:56,eb2311,eb2311,7943.0,0.0,0.0,0.0,3,7867.0,7927.0,2,7943.0,7826.0,0.0,0.0,0.0,0.0,115
2023-05-10 21:28:57,eb2311,eb2311,7943.0,0.0,0.0,0.0,3,7867.0,7926.0,4,7943.0,7826.0,0.0,0.0,0.0,0.0,115
2023-05-10 21:29:06,eb2311,eb2311,7943.0,0.0,0.0,0.0,3,7867.0,7925.0,2,7943.0,7826.0,0.0,0.0,0.0,0.0,115
2023-05-10 21:29:12,eb2311,eb2311,7943.0,0.0,0.0,0.0,3,7867.0,7924.0,4,7943.0,7826.0,0.0,0.0,0.0,0.0,115
2023-05-10 21:30:31,eb2311,eb2311,7943.0,0.0,0.0,0.0,3,7867.0,7923.0,2,7943.0,7826.0,0.0,0.0,0.0,0.0,115
2023-05-10 21:30:32,eb2311,eb2311,7943.0,0.0,0.0,0.0,3,7867.0,7923.0,6,7943.0,7826.0,0.0,0.0,0.0,0.0,115
2023-05-10 21:30:34,eb2311,eb2311,7943.0,0.0,0.0,0.0,3,7867.0,7923.0,2,7943.0,7826.0,0.0,0.0,0.0,0.0,115
2023-05-10 21:30:53,eb2311,eb2311,7943.0,0.0,0.0,0.0,1,7867.0,7923.0,2,7943.0,7826.0,0.0,0.0,0.0,0.0,115
2023-05-10 21:30:54,eb2311,eb2311,7943.0,0.0,0.0,0.0,2,7868.0,7923.0,2,7943.0,7826.0,0.0,0.0,0.0,0.0,115
2023-05-10 21:31:10,eb2311,eb2311,7943.0,0.0,0.0,0.0,2,7868.0,7923.0,3,7943.0,7826.0,0.0,0.0,0.0,0.0,115
2023-05-10 21:31:10,eb2311,eb2311,7943.0,0.0,0.0,0.0,2,7868.0,7923.0,6,7943.0,7826.0,0.0,0.0,0.0,0.0,115
2023-05-10 21:31:14,eb2311,eb2311,7943.0,0.0,0.0,0.0,2,7868.0,7923.0,2,7943.0,7826.0,0.0,0.0,0.0,0.0,115
2023-05-10 21:31:20,eb2311,eb2311,7943.0,0.0,0.0,0.0,2,7868.0,7923.0,6,7943.0,7826.0,0.0,0.0,0.0,0.0,115
2023-05-10 21:31:24,eb2311,eb2311,7943.0,0.0,0.0,0.0,2,7868.0,7923.0,2,7943.0,7826.0,0.0,0.0,0.0,0.0,115
2023-05-10 21:31:24,eb2311,eb2311,7943.0,0.0,0.0,0.0,2,7868.0,7923.0,6,7943.0,7826.0,0.0,0.0,0.0,0.0,115
2023-05-10 21:31:30,eb2311,eb2311,7943.0,0.0,0.0,0.0,2,7868.0,7923.0,2,7943.0,7826.0,0.0,0.0,0.0,0.0,115
2023-05-10 21:31:31,eb2311,eb2311,7943.0,0.0,0.0,0.0,2,7868.0,7922.0,4,7943.0,7826.0,0.0,0.0,0.0,0.0,115
2023-05-10 21:31:34,eb2311,eb2311,7943.0,0.0,0.0,0.0,2,7868.0,7923.0,2,7943.0,7826.0,0.0,0.0,0.0,0.0,115
2023-05-10 21:31:35,eb2311,eb2311,7943.0,0.0,0.0,0.0,2,7868.0,7923.0,6,7943.0,7826.0,0.0,0.0,0.0,0.0,115
2023-05-10 21:31:38,eb2311,eb2311,7943.0,0.0,0.0,0.0,2,7868.0,7923.0,2,7943.0,7826.0,0.0,0.0,0.0,0.0,115
2023-05-10 21:31:38,eb2311,eb2311,7943.0,0.0,0.0,0.0,2,7868.0,7922.0,4,7943.0,7826.0,0.0,0.0,0.0,0.0,115
2023-05-10 21:31:48,eb2311,eb2311,7943.0,0.0,0.0,0.0,2,7868.0,7923.0,2,7943.0,7826.0,0.0,0.0,0.0,0.0,115
2023-05-10 21:31:48,eb2311,eb2311,7943.0,0.0,0.0,0.0,2,7868.0,7921.0,2,7943.0,7826.0,0.0,0.0,0.0,0.0,115
2023-05-10 21:31:56,eb2311,eb2311,7943.0,0.0,0.0,0.0,2,7868.0,7923.0,2,7943.0,7826.0,0.0,0.0,0.0,0.0,115
2023-05-10 21:31:56,eb2311,eb2311,7943.0,0.0,0.0,0.0,2,7868.0,7922.0,4,7943.0,7826.0,0.0,0.0,0.0,0.0,115
2023-05-10 21:32:00,eb2311,eb2311,7943.0,0.0,0.0,0.0,2,7868.0,7923.0,2,7943.0,7826.0,0.0,0.0,0.0,0.0,115
2023-05-10 21:32:01,eb2311,eb2311,7943.0,0.0,0.0,0.0,2,7868.0,7923.0,6,7943.0,7826.0,0.0,0.0,0.0,0.0,115
2023-05-10 21:32:03,eb2311,eb2311,7943.0,0.0,0.0,0.0,2,7868.0,7923.0,2,7943.0,7826.0,0.0,0.0,0.0,0.0,115
2023-05-10 21:32:04,eb2311,eb2311,7943.0,0.0,0.0,0.0,2,7868.0,7922.0,4,7943.0,7826.0,0.0,0.0,0.0,0.0,115
2023-05-10 21:32:23,eb2311,eb2311,7943.0,0.0,0.0,0.0,2,7868.0,7922.0,2,7943.0,7826.0,0.0,0.0,0.0,0.0,115
2023-05-10 21:32:24,eb2311,eb2311,7943.0,0.0,0.0,0.0,2,7868.0,7923.0,2,7943.0,7826.0,0.0,0.0,0.0,0.0,115
2023-05-10 21:32:25,eb2311,eb2311,7943.0,0.0,0.0,0.0,2,7868.0,7923.0,4,7943.0,7826.0,0.0,0.0,0.0,0.0,115
2023-05-10 21:32:26,eb2311,eb2311,7943.0,0.0,0.0,0.0,2,7868.0,7923.0,6,7943.0,7826.0,0.0,0.0,0.0,0.0,115
2023-05-10 21:32:50,eb2311,eb2311,7943.0,0.0,0.0,0.0,2,7868.0,7923.0,3,7943.0,7826.0,0.0,0.0,0.0,0.0,115
2023-05-10 21:32:50,eb2311,eb2311,7943.0,0.0,0.0,0.0,2,7868.0,7922.0,3,7943.0,7826.0,0.0,0.0,0.0,0.0,115
2023-05-10 21:32:51,eb2311,eb2311,7943.0,0.0,0.0,0.0,2,7868.0,7921.0,1,7943.0,7826.0,0.0,0.0,0.0,0.0,115
2023-05-10 21:32:53,eb2311,eb2311,7943.0,0.0,0.0,0.0,2,7868.0,7920.0,3,7943.0,7826.0,0.0,0.0,0.0,0.0,115
2023-05-10 21:32:55,eb2311,eb2311,7943.0,0.0,0.0,0.0,2,7868.0,7919.0,1,7943.0,7826.0,0.0,0.0,0.0,0.0,115
2023-05-10 21:32:56,eb2311,eb2311,7943.0,0.0,0.0,0.0,2,7868.0,7918.0,2,7943.0,7826.0,0.0,0.0,0.0,0.0,115
2023-05-10 21:32:56,eb2311,eb2311,7943.0,0.0,0.0,0.0,2,7868.0,7918.0,3,7943.0,7826.0,0.0,0.0,0.0,0.0,115
2023-05-10 21:32:58,eb2311,eb2311,7943.0,0.0,0.0,0.0,2,7868.0,7917.0,1,7943.0,7826.0,0.0,0.0,0.0,0.0,115
2023-05-10 21:32:59,eb2311,eb2311,7943.0,0.0,0.0,0.0,2,7868.0,7916.0,1,7943.0,7826.0,0.0,0.0,0.0,0.0,115
2023-05-10 21:33:01,eb2311,eb2311,7943.0,0.0,0.0,0.0,2,7868.0,7923.0,2,7943.0,7826.0,0.0,0.0,0.0,0.0,115
2023-05-10 21:33:02,eb2311,eb2311,7943.0,0.0,0.0,0.0,2,7868.0,7922.0,4,7943.0,7826.0,0.0,0.0,0.0,0.0,115
2023-05-10 21:33:03,eb2311,eb2311,7943.0,0.0,0.0,0.0,2,7868.0,7922.0,6,7943.0,7826.0,0.0,0.0,0.0,0.0,115
2023-05-10 21:33:03,eb2311,eb2311,7943.0,0.0,0.0,0.0,2,7868.0,7922.0,7,7943.0,7826.0,0.0,0.0,0.0,0.0,115
2023-05-10 21:33:13,eb2311,eb2311,7943.0,0.0,0.0,0.0,2,7868.0,7922.0,9,7943.0,7826.0,0.0,0.0,0.0,0.0,115
2023-05-10 21:33:16,eb2311,eb2311,7943.0,0.0,0.0,0.0,2,7868.0,7922.0,7,7943.0,7826.0,0.0,0.0,0.0,0.0,115
2023-05-10 21:33:16,eb2311,eb2311,7943.0,0.0,0.0,0.0,2,7868.0,7921.0,2,7943.0,7826.0,0.0,0.0,0.0,0.0,115
2023-05-10 21:33:17,eb2311,eb2311,7943.0,0.0,0.0,0.0,2,7868.0,7920.0,3,7943.0,7826.0,0.0,0.0,0.0,0.0,115
2023-05-10 21:33:17,eb2311,eb2311,7943.0,0.0,0.0,0.0,2,7868.0,7920.0,6,7943.0,7826.0,0.0,0.0,0.0,0.0,115
2023-05-10 21:33:20,eb2311,eb2311,7943.0,0.0,0.0,0.0,2,7868.0,7920.0,8,7943.0,7826.0,0.0,0.0,0.0,0.0,115
2023-05-10 21:33:23,eb2311,eb2311,7943.0,0.0,0.0,0.0,2,7868.0,7920.0,6,7943.0,7826.0,0.0,0.0,0.0,0.0,115
2023-05-10 21:34:00,eb2311,eb2311,7943.0,0.0,0.0,0.0,2,7868.0,7919.0,2,7943.0,7826.0,0.0,0.0,0.0,0.0,115
2023-05-10 21:34:01,eb2311,eb2311,7943.0,0.0,0.0,0.0,2,7868.0,7918.0,3,7943.0,7826.0,0.0,0.0,0.0,0.0,115
2023-05-10 21:34:01,eb2311,eb2311,7943.0,0.0,0.0,0.0,2,7868.0,7918.0,6,7943.0,7826.0,0.0,0.0,0.0,0.0,115
2023-05-10 21:34:42,eb2311,eb2311,7943.0,0.0,0.0,0.0,2,7868.0,7917.0,2,7943.0,7826.0,0.0,0.0,0.0,0.0,115
2023-05-10 21:34:43,eb2311,eb2311,7943.0,0.0,0.0,0.0,2,7868.0,7916.0,3,7943.0,7826.0,0.0,0.0,0.0,0.0,115
2023-05-10 21:35:21,eb2311,eb2311,7943.0,0.0,0.0,0.0,2,7868.0,7915.0,3,7943.0,7826.0,0.0,0.0,0.0,0.0,115
2023-05-10 21:35:22,eb2311,eb2311,7943.0,0.0,0.0,0.0,2,7868.0,7914.0,2,7943.0,7826.0,0.0,0.0,0.0,0.0,115
2023-05-10 21:35:25,eb2311,eb2311,7943.0,0.0,0.0,0.0,2,7868.0,7913.0,2,7943.0,7826.0,0.0,0.0,0.0,0.0,115
2023-05-10 21:35:26,eb2311,eb2311,7943.0,0.0,0.0,0.0,2,7868.0,7912.0,2,7943.0,7826.0,0.0,0.0,0.0,0.0,115
2023-05-10 21:35:39,eb2311,eb2311,7943.0,0.0,0.0,0.0,2,7868.0,7912.0,1,7943.0,7826.0,0.0,0.0,0.0,0.0,115
2023-05-10 21:35:40,eb2311,eb2311,7943.0,0.0,0.0,0.0,2,7868.0,7913.0,2,7943.0,7826.0,0.0,0.0,0.0,0.0,115
2023-05-10 21:35:40,eb2311,eb2311,7943.0,0.0,0.0,0.0,2,7868.0,7912.0,2,7943.0,7826.0,0.0,0.0,0.0,0.0,115
2023-05-10 21:35:43,eb2311,eb2311,7943.0,0.0,0.0,0.0,2,7868.0,7913.0,2,7943.0,7826.0,0.0,0.0,0.0,0.0,115
2023-05-10 21:35:43,eb2311,eb2311,7943.0,0.0,0.0,0.0,2,7868.0,7913.0,4,7943.0,7826.0,0.0,0.0,0.0,0.0,115
2023-05-10 21:35:51,eb2311,eb2311,7943.0,0.0,0.0,0.0,2,7868.0,7913.0,2,7943.0,7826.0,0.0,0.0,0.0,0.0,115
2023-05-10 21:35:52,eb2311,eb2311,7943.0,0.0,0.0,0.0,2,7868.0,7912.0,2,7943.0,7826.0,0.0,0.0,0.0,0.0,115
2023-05-10 21:35:58,eb2311,eb2311,7943.0,0.0,0.0,0.0,2,7868.0,7913.0,2,7943.0,7826.0,0.0,0.0,0.0,0.0,115
2023-05-10 21:35:59,eb2311,eb2311,7943.0,0.0,0.0,0.0,2,7868.0,7913.0,4,7943.0,7826.0,0.0,0.0,0.0,0.0,115
2023-05-10 21:36:05,eb2311,eb2311,7943.0,0.0,0.0,0.0,2,7868.0,7913.0,2,7943.0,7826.0,0.0,0.0,0.0,0.0,115
2023-05-10 21:36:06,eb2311,eb2311,7943.0,0.0,0.0,0.0,2,7868.0,7913.0,4,7943.0,7826.0,0.0,0.0,0.0,0.0,115
2023-05-10 21:36:10,eb2311,eb2311,7943.0,0.0,0.0,0.0,2,7868.0,7913.0,2,7943.0,7826.0,0.0,0.0,0.0,0.0,115
2023-05-10 21:36:11,eb2311,eb2311,7943.0,0.0,0.0,0.0,2,7868.0,7912.0,1,7943.0,7826.0,0.0,0.0,0.0,0.0,115
2023-05-10 21:36:11,eb2311,eb2311,7943.0,0.0,0.0,0.0,2,7868.0,7912.0,2,7943.0,7826.0,0.0,0.0,0.0,0.0,115
2023-05-10 21:36:14,eb2311,eb2311,7943.0,0.0,0.0,0.0,2,7868.0,7913.0,2,7943.0,7826.0,0.0,0.0,0.0,0.0,115
2023-05-10 21:36:15,eb2311,eb2311,7943.0,0.0,0.0,0.0,2,7868.0,7913.0,4,7943.0,7826.0,0.0,0.0,0.0,0.0,115
2023-05-10 21:36:55,eb2311,eb2311,7943.0,0.0,0.0,0.0,2,7868.0,7913.0,2,7943.0,7826.0,0.0,0.0,0.0,0.0,115
2023-05-10 21:36:56,eb2311,eb2311,7943.0,0.0,0.0,0.0,2,7868.0,7913.0,4,7943.0,7826.0,0.0,0.0,0.0,0.0,115
2023-05-10 21:37:01,eb2311,eb2311,7943.0,0.0,0.0,0.0,2,7868.0,7913.0,2,7943.0,7826.0,0.0,0.0,0.0,0.0,115
2023-05-10 21:37:02,eb2311,eb2311,7943.0,0.0,0.0,0.0,2,7868.0,7912.0,2,7943.0,7826.0,0.0,0.0,0.0,0.0,115
2023-05-10 21:37:10,eb2311,eb2311,7943.0,0.0,0.0,0.0,2,7868.0,7913.0,2,7943.0,7826.0,0.0,0.0,0.0,0.0,115
2023-05-10 21:37:17,eb2311,eb2311,7943.0,0.0,0.0,0.0,2,7868.0,7913.0,4,7943.0,7826.0,0.0,0.0,0.0,0.0,115
2023-05-10 21:37:19,eb2311,eb2311,7943.0,0.0,0.0,0.0,2,7868.0,7913.0,2,7943.0,7826.0,0.0,0.0,0.0,0.0,115
2023-05-10 21:37:20,eb2311,eb2311,7943.0,0.0,0.0,0.0,2,7868.0,7913.0,4,7943.0,7826.0,0.0,0.0,0.0,0.0,115
2023-05-10 21:37:22,eb2311,eb2311,7943.0,0.0,0.0,0.0,2,7868.0,7913.0,2,7943.0,7826.0,0.0,0.0,0.0,0.0,115
2023-05-10 21:37:23,eb2311,eb2311,7943.0,0.0,0.0,0.0,2,7868.0,7913.0,4,7943.0,7826.0,0.0,0.0,0.0,0.0,115
2023-05-10 21:37:28,eb2311,eb2311,7943.0,0.0,0.0,0.0,2,7868.0,7913.0,2,7943.0,7826.0,0.0,0.0,0.0,0.0,115
2023-05-10 21:37:44,eb2311,eb2311,7943.0,0.0,0.0,0.0,2,7868.0,7912.0,1,7943.0,7826.0,0.0,0.0,0.0,0.0,115
2023-05-10 21:37:44,eb2311,eb2311,7943.0,0.0,0.0,0.0,2,7868.0,7912.0,2,7943.0,7826.0,0.0,0.0,0.0,0.0,115
2023-05-10 21:38:01,eb2311,eb2311,7943.0,0.0,0.0,0.0,2,7868.0,7911.0,3,7943.0,7826.0,0.0,0.0,0.0,0.0,115
2023-05-10 21:38:02,eb2311,eb2311,7943.0,0.0,0.0,0.0,2,7868.0,7910.0,2,7943.0,7826.0,0.0,0.0,0.0,0.0,115
2023-05-10 21:38:02,eb2311,eb2311,7943.0,0.0,0.0,0.0,1,7867.0,7910.0,2,7943.0,7826.0,0.0,0.0,0.0,0.0,115
2023-05-10 21:38:03,eb2311,eb2311,7943.0,0.0,0.0,0.0,1,7716.0,7910.0,2,7943.0,7826.0,0.0,0.0,0.0,0.0,115
2023-05-10 21:38:03,eb2311,eb2311,7943.0,0.0,0.0,0.0,2,7868.0,7907.0,2,7943.0,7826.0,0.0,0.0,0.0,0.0,115
2023-05-10 21:38:04,eb2311,eb2311,7943.0,0.0,0.0,0.0,3,7868.0,7907.0,1,7943.0,7826.0,0.0,0.0,0.0,0.0,115
2023-05-10 21:38:05,eb2311,eb2311,7943.0,0.0,0.0,0.0,3,7868.0,7906.0,2,7943.0,7826.0,0.0,0.0,0.0,0.0,115
2023-05-10 21:38:06,eb2311,eb2311,7943.0,0.0,0.0,0.0,1,7868.0,7906.0,2,7943.0,7826.0,0.0,0.0,0.0,0.0,115
2023-05-10 21:38:24,eb2311,eb2311,7943.0,0.0,0.0,0.0,2,7869.0,7906.0,2,7943.0,7826.0,0.0,0.0,0.0,0.0,115
2023-05-10 21:38:25,eb2311,eb2311,7943.0,0.0,0.0,0.0,2,7869.0,7907.0,1,7943.0,7826.0,0.0,0.0,0.0,0.0,115
2023-05-10 21:38:26,eb2311,eb2311,7943.0,0.0,0.0,0.0,2,7869.0,7907.0,3,7943.0,7826.0,0.0,0.0,0.0,0.0,115
2023-05-10 21:38:30,eb2311,eb2311,7943.0,0.0,0.0,0.0,1,7868.0,7907.0,3,7943.0,7826.0,0.0,0.0,0.0,0.0,115
2023-05-10 21:38:33,eb2311,eb2311,7943.0,0.0,0.0,0.0,1,7868.0,7907.0,1,7943.0,7826.0,0.0,0.0,0.0,0.0,115
2023-05-10 21:38:34,eb2311,eb2311,7943.0,0.0,0.0,0.0,2,7869.0,7907.0,1,7943.0,7826.0,0.0,0.0,0.0,0.0,115
2023-05-10 21:38:34,eb2311,eb2311,7943.0,0.0,0.0,0.0,1,7868.0,7907.0,1,7943.0,7826.0,0.0,0.0,0.0,0.0,115
2023-05-10 21:38:35,eb2311,eb2311,7943.0,0.0,0.0,0.0,2,7869.0,7907.0,1,7943.0,7826.0,0.0,0.0,0.0,0.0,115
2023-05-10 21:38:47,eb2311,eb2311,7943.0,0.0,0.0,0.0,1,7868.0,7907.0,1,7943.0,7826.0,0.0,0.0,0.0,0.0,115
2023-05-10 21:38:56,eb2311,eb2311,7943.0,0.0,0.0,0.0,1,7868.0,7907.0,3,7943.0,7826.0,0.0,0.0,0.0,0.0,115
2023-05-10 21:38:57,eb2311,eb2311,7943.0,0.0,0.0,0.0,1,7868.0,7906.0,2,7943.0,7826.0,0.0,0.0,0.0,0.0,115
2023-05-10 21:39:02,eb2311,eb2311,7943.0,0.0,0.0,0.0,1,7868.0,7906.0,4,7943.0,7826.0,0.0,0.0,0.0,0.0,115
2023-05-10 21:39:05,eb2311,eb2311,7943.0,0.0,0.0,0.0,1,7868.0,7906.0,2,7943.0,7826.0,0.0,0.0,0.0,0.0,115
2023-05-10 21:39:11,eb2311,eb2311,7943.0,0.0,0.0,0.0,1,7868.0,7905.0,2,7943.0,7826.0,0.0,0.0,0.0,0.0,115
2023-05-10 21:39:12,eb2311,eb2311,7943.0,0.0,0.0,0.0,1,7868.0,7904.0,3,7943.0,7826.0,0.0,0.0,0.0,0.0,115
2023-05-10 21:39:13,eb2311,eb2311,7943.0,0.0,0.0,0.0,1,7868.0,7905.0,2,7943.0,7826.0,0.0,0.0,0.0,0.0,115
2023-05-10 21:39:13,eb2311,eb2311,7943.0,0.0,0.0,0.0,1,7868.0,7905.0,1,7943.0,7826.0,0.0,0.0,0.0,0.0,115
2023-05-10 21:39:14,eb2311,eb2311,7943.0,0.0,0.0,0.0,1,7868.0,7904.0,1,7943.0,7826.0,0.0,0.0,0.0,0.0,115
2023-05-10 21:39:15,eb2311,eb2311,7943.0,0.0,0.0,0.0,1,7868.0,7904.0,2,7943.0,7826.0,0.0,0.0,0.0,0.0,115
2023-05-10 21:39:16,eb2311,eb2311,7943.0,0.0,0.0,0.0,1,7868.0,7904.0,1,7943.0,7826.0,0.0,0.0,0.0,0.0,115
2023-05-10 21:39:17,eb2311,eb2311,7943.0,0.0,0.0,0.0,1,7868.0,7904.0,2,7943.0,7826.0,0.0,0.0,0.0,0.0,115
2023-05-10 21:39:22,eb2311,eb2311,7943.0,0.0,0.0,0.0,1,7868.0,7906.0,2,7943.0,7826.0,0.0,0.0,0.0,0.0,115
2023-05-10 21:39:22,eb2311,eb2311,7943.0,0.0,0.0,0.0,1,7868.0,7905.0,2,7943.0,7826.0,0.0,0.0,0.0,0.0,115
2023-05-10 21:39:36,eb2311,eb2311,7943.0,0.0,0.0,0.0,1,7716.0,7905.0,2,7943.0,7826.0,0.0,0.0,0.0,0.0,115
2023-05-10 21:39:36,eb2311,eb2311,7943.0,0.0,0.0,0.0,2,7717.0,7905.0,2,7943.0,7826.0,0.0,0.0,0.0,0.0,115
2023-05-10 21:39:37,eb2311,eb2311,7943.0,0.0,0.0,0.0,5,7718.0,7904.0,3,7943.0,7826.0,0.0,0.0,0.0,0.0,115
2023-05-10 21:39:38,eb2311,eb2311,7943.0,0.0,0.0,0.0,2,7719.0,7903.0,2,7943.0,7826.0,0.0,0.0,0.0,0.0,115
2023-05-10 21:39:40,eb2311,eb2311,7943.0,0.0,0.0,0.0,11,7720.0,7903.0,2,7943.0,7826.0,0.0,0.0,0.0,0.0,115
2023-05-10 21:39:40,eb2311,eb2311,7943.0,0.0,0.0,0.0,12,7720.0,7903.0,2,7943.0,7826.0,0.0,0.0,0.0,0.0,115
2023-05-10 21:39:40,eb2311,eb2311,7943.0,0.0,0.0,0.0,2,7721.0,7903.0,2,7943.0,7826.0,0.0,0.0,0.0,0.0,115
2023-05-10 21:39:42,eb2311,eb2311,7943.0,0.0,0.0,0.0,3,7722.0,7903.0,2,7943.0,7826.0,0.0,0.0,0.0,0.0,115
2023-05-10 21:39:43,eb2311,eb2311,7943.0,0.0,0.0,0.0,4,7723.0,7903.0,2,7943.0,7826.0,0.0,0.0,0.0,0.0,115
2023-05-10 21:39:43,eb2311,eb2311,7943.0,0.0,0.0,0.0,1,7724.0,7903.0,2,7943.0,7826.0,0.0,0.0,0.0,0.0,115
2023-05-10 21:39:44,eb2311,eb2311,7943.0,0.0,0.0,0.0,2,7725.0,7903.0,2,7943.0,7826.0,0.0,0.0,0.0,0.0,115
2023-05-10 21:39:45,eb2311,eb2311,7943.0,0.0,0.0,0.0,4,7726.0,7903.0,2,7943.0,7826.0,0.0,0.0,0.0,0.0,115
2023-05-10 21:39:46,eb2311,eb2311,7943.0,0.0,0.0,0.0,2,7727.0,7903.0,2,7943.0,7826.0,0.0,0.0,0.0,0.0,115
2023-05-10 21:39:46,eb2311,eb2311,7943.0,0.0,0.0,0.0,5,7727.0,7902.0,3,7943.0,7826.0,0.0,0.0,0.0,0.0,115
2023-05-10 21:39:47,eb2311,eb2311,7943.0,0.0,0.0,0.0,5,7727.0,7901.0,2,7943.0,7826.0,0.0,0.0,0.0,0.0,115
2023-05-10 21:39:48,eb2311,eb2311,7943.0,0.0,0.0,0.0,3,7728.0,7901.0,2,7943.0,7826.0,0.0,0.0,0.0,0.0,115
2023-05-10 21:39:48,eb2311,eb2311,7943.0,0.0,0.0,0.0,1,7729.0,7901.0,2,7943.0,7826.0,0.0,0.0,0.0,0.0,115
2023-05-10 21:39:49,eb2311,eb2311,7943.0,0.0,0.0,0.0,4,7730.0,7901.0,2,7943.0,7826.0,0.0,0.0,0.0,0.0,115
2023-05-10 21:39:50,eb2311,eb2311,7943.0,0.0,0.0,0.0,3,7731.0,7901.0,2,7943.0,7826.0,0.0,0.0,0.0,0.0,115
2023-05-10 21:39:51,eb2311,eb2311,7943.0,0.0,0.0,0.0,4,7732.0,7901.0,2,7943.0,7826.0,0.0,0.0,0.0,0.0,115
2023-05-10 21:39:52,eb2311,eb2311,7943.0,0.0,0.0,0.0,7,7733.0,7901.0,2,7943.0,7826.0,0.0,0.0,0.0,0.0,115
2023-05-10 21:39:53,eb2311,eb2311,7943.0,0.0,0.0,0.0,1,7734.0,7901.0,2,7943.0,7826.0,0.0,0.0,0.0,0.0,115
2023-05-10 21:39:54,eb2311,eb2311,7943.0,0.0,0.0,0.0,6,7735.0,7901.0,2,7943.0,7826.0,0.0,0.0,0.0,0.0,115
2023-05-10 21:39:55,eb2311,eb2311,7943.0,0.0,0.0,0.0,5,7736.0,7901.0,2,7943.0,7826.0,0.0,0.0,0.0,0.0,115
2023-05-10 21:39:56,eb2311,eb2311,7943.0,0.0,0.0,0.0,3,7737.0,7901.0,2,7943.0,7826.0,0.0,0.0,0.0,0.0,115
2023-05-10 21:39:56,eb2311,eb2311,7943.0,0.0,0.0,0.0,1,7738.0,7901.0,2,7943.0,7826.0,0.0,0.0,0.0,0.0,115
2023-05-10 21:39:57,eb2311,eb2311,7943.0,0.0,0.0,0.0,1,7739.0,7901.0,2,7943.0,7826.0,0.0,0.0,0.0,0.0,115
2023-05-10 21:39:57,eb2311,eb2311,7943.0,0.0,0.0,0.0,3,7739.0,7901.0,2,7943.0,7826.0,0.0,0.0,0.0,0.0,115
2023-05-10 21:39:58,eb2311,eb2311,7943.0,0.0,0.0,0.0,5,7740.0,7901.0,2,7943.0,7826.0,0.0,0.0,0.0,0.0,115
2023-05-10 21:39:59,eb2311,eb2311,7943.0,0.0,0.0,0.0,3,7741.0,7901.0,2,7943.0,7826.0,0.0,0.0,0.0,0.0,115
2023-05-10 21:39:59,eb2311,eb2311,7943.0,0.0,0.0,0.0,1,7742.0,7901.0,2,7943.0,7826.0,0.0,0.0,0.0,0.0,115
2023-05-10 21:40:00,eb2311,eb2311,7943.0,0.0,0.0,0.0,3,7743.0,7901.0,2,7943.0,7826.0,0.0,0.0,0.0,0.0,115
2023-05-10 21:40:00,eb2311,eb2311,7943.0,0.0,0.0,0.0,5,7743.0,7901.0,2,7943.0,7826.0,0.0,0.0,0.0,0.0,115
2023-05-10 21:40:01,eb2311,eb2311,7943.0,0.0,0.0,0.0,5,7744.0,7901.0,2,7943.0,7826.0,0.0,0.0,0.0,0.0,115
2023-05-10 21:40:02,eb2311,eb2311,7943.0,0.0,0.0,0.0,4,7745.0,7901.0,2,7943.0,7826.0,0.0,0.0,0.0,0.0,115
2023-05-10 21:40:03,eb2311,eb2311,7943.0,0.0,0.0,0.0,3,7746.0,7901.0,2,7943.0,7826.0,0.0,0.0,0.0,0.0,115
2023-05-10 21:40:04,eb2311,eb2311,7943.0,0.0,0.0,0.0,7,7747.0,7901.0,2,7943.0,7826.0,0.0,0.0,0.0,0.0,115
2023-05-10 21:40:05,eb2311,eb2311,7943.0,0.0,0.0,0.0,2,7748.0,7901.0,2,7943.0,7826.0,0.0,0.0,0.0,0.0,115
2023-05-10 21:40:05,eb2311,eb2311,7943.0,0.0,0.0,0.0,2,7749.0,7901.0,2,7943.0,7826.0,0.0,0.0,0.0,0.0,115
2023-05-10 21:40:06,eb2311,eb2311,7943.0,0.0,0.0,0.0,1,7750.0,7901.0,2,7943.0,7826.0,0.0,0.0,0.0,0.0,115
2023-05-10 21:40:07,eb2311,eb2311,7943.0,0.0,0.0,0.0,2,7751.0,7901.0,2,7943.0,7826.0,0.0,0.0,0.0,0.0,115
2023-05-10 21:40:07,eb2311,eb2311,7943.0,0.0,0.0,0.0,1,7752.0,7901.0,2,7943.0,7826.0,0.0,0.0,0.0,0.0,115
2023-05-10 21:40:08,eb2311,eb2311,7943.0,0.0,0.0,0.0,2,7753.0,7901.0,2,7943.0,7826.0,0.0,0.0,0.0,0.0,115
2023-05-10 21:40:08,eb2311,eb2311,7943.0,0.0,0.0,0.0,2,7754.0,7901.0,2,7943.0,7826.0,0.0,0.0,0.0,0.0,115
2023-05-10 21:40:09,eb2311,eb2311,7943.0,0.0,0.0,0.0,3,7754.0,7901.0,2,7943.0,7826.0,0.0,0.0,0.0,0.0,115
2023-05-10 21:40:09,eb2311,eb2311,7943.0,0.0,0.0,0.0,2,7755.0,7901.0,2,7943.0,7826.0,0.0,0.0,0.0,0.0,115
2023-05-10 21:40:10,eb2311,eb2311,7943.0,0.0,0.0,0.0,2,7755.0,7907.0,1,7943.0,7826.0,0.0,0.0,0.0,0.0,115
2023-05-10 21:40:10,eb2311,eb2311,7943.0,0.0,0.0,0.0,4,7756.0,7901.0,1,7943.0,7826.0,0.0,0.0,0.0,0.0,115
2023-05-10 21:40:11,eb2311,eb2311,7943.0,0.0,0.0,0.0,2,7757.0,7901.0,1,7943.0,7826.0,0.0,0.0,0.0,0.0,115
2023-05-10 21:40:11,eb2311,eb2311,7943.0,0.0,0.0,0.0,6,7757.0,7901.0,1,7943.0,7826.0,0.0,0.0,0.0,0.0,115
2023-05-10 21:40:12,eb2311,eb2311,7943.0,0.0,0.0,0.0,1,7758.0,7901.0,1,7943.0,7826.0,0.0,0.0,0.0,0.0,115
2023-05-10 21:40:12,eb2311,eb2311,7943.0,0.0,0.0,0.0,1,7758.0,7906.0,4,7943.0,7826.0,0.0,0.0,0.0,0.0,115
2023-05-10 21:40:13,eb2311,eb2311,7943.0,0.0,0.0,0.0,2,7759.0,7905.0,1,7943.0,7826.0,0.0,0.0,0.0,0.0,115
2023-05-10 21:40:13,eb2311,eb2311,7943.0,0.0,0.0,0.0,1,7760.0,7904.0,1,7943.0,7826.0,0.0,0.0,0.0,0.0,115
2023-05-10 21:40:14,eb2311,eb2311,7943.0,0.0,0.0,0.0,3,7760.0,7904.0,1,7943.0,7826.0,0.0,0.0,0.0,0.0,115
2023-05-10 21:40:14,eb2311,eb2311,7943.0,0.0,0.0,0.0,2,7761.0,7903.0,2,7943.0,7826.0,0.0,0.0,0.0,0.0,115
2023-05-10 21:40:15,eb2311,eb2311,7943.0,0.0,0.0,0.0,1,7762.0,7903.0,2,7943.0,7826.0,0.0,0.0,0.0,0.0,115
2023-05-10 21:40:16,eb2311,eb2311,7943.0,0.0,0.0,0.0,2,7763.0,7902.0,1,7943.0,7826.0,0.0,0.0,0.0,0.0,115
2023-05-10 21:40:16,eb2311,eb2311,7943.0,0.0,0.0,0.0,2,7764.0,7901.0,1,7943.0,7826.0,0.0,0.0,0.0,0.0,115
2023-05-10 21:40:18,eb2311,eb2311,7943.0,0.0,0.0,0.0,3,7765.0,7901.0,1,7943.0,7826.0,0.0,0.0,0.0,0.0,115
2023-05-10 21:40:19,eb2311,eb2311,7943.0,0.0,0.0,0.0,5,7766.0,7900.0,1,7943.0,7826.0,0.0,0.0,0.0,0.0,115
2023-05-10 21:40:20,eb2311,eb2311,7943.0,0.0,0.0,0.0,2,7767.0,7900.0,1,7943.0,7826.0,0.0,0.0,0.0,0.0,115
2023-05-10 21:40:21,eb2311,eb2311,7943.0,0.0,0.0,0.0,1,7768.0,7900.0,1,7943.0,7826.0,0.0,0.0,0.0,0.0,115
2023-05-10 21:40:21,eb2311,eb2311,7943.0,0.0,0.0,0.0,1,7768.0,7903.0,2,7943.0,7826.0,0.0,0.0,0.0,0.0,115
2023-05-10 21:40:22,eb2311,eb2311,7943.0,0.0,0.0,0.0,9,7769.0,7902.0,1,7943.0,7826.0,0.0,0.0,0.0,0.0,115
2023-05-10 21:40:22,eb2311,eb2311,7943.0,0.0,0.0,0.0,9,7769.0,7902.0,2,7943.0,7826.0,0.0,0.0,0.0,0.0,115
2023-05-10 21:40:24,eb2311,eb2311,7943.0,0.0,0.0,0.0,1,7770.0,7902.0,2,7943.0,7826.0,0.0,0.0,0.0,0.0,115
2023-05-10 21:40:24,eb2311,eb2311,7943.0,0.0,0.0,0.0,2,7771.0,7902.0,2,7943.0,7826.0,0.0,0.0,0.0,0.0,115
2023-05-10 21:40:29,eb2311,eb2311,7943.0,0.0,0.0,0.0,3,7772.0,7902.0,2,7943.0,7826.0,0.0,0.0,0.0,0.0,115
2023-05-10 21:40:30,eb2311,eb2311,7943.0,0.0,0.0,0.0,4,7772.0,7902.0,2,7943.0,7826.0,0.0,0.0,0.0,0.0,115
2023-05-10 21:40:30,eb2311,eb2311,7943.0,0.0,0.0,0.0,2,7773.0,7901.0,2,7943.0,7826.0,0.0,0.0,0.0,0.0,115
2023-05-10 21:40:31,eb2311,eb2311,7943.0,0.0,0.0,0.0,2,7773.0,7900.0,2,7943.0,7826.0,0.0,0.0,0.0,0.0,115
2023-05-10 21:40:32,eb2311,eb2311,7943.0,0.0,0.0,0.0,4,7774.0,7900.0,2,7943.0,7826.0,0.0,0.0,0.0,0.0,115
2023-05-10 21:40:33,eb2311,eb2311,7943.0,0.0,0.0,0.0,2,7775.0,7900.0,2,7943.0,7826.0,0.0,0.0,0.0,0.0,115
2023-05-10 21:40:34,eb2311,eb2311,7943.0,0.0,0.0,0.0,2,7775.0,7906.0,1,7943.0,7826.0,0.0,0.0,0.0,0.0,115
2023-05-10 21:40:35,eb2311,eb2311,7943.0,0.0,0.0,0.0,1,7776.0,7905.0,2,7943.0,7826.0,0.0,0.0,0.0,0.0,115
2023-05-10 21:40:35,eb2311,eb2311,7943.0,0.0,0.0,0.0,4,7776.0,7905.0,2,7943.0,7826.0,0.0,0.0,0.0,0.0,115
2023-05-10 21:40:36,eb2311,eb2311,7943.0,0.0,0.0,0.0,2,7777.0,7905.0,2,7943.0,7826.0,0.0,0.0,0.0,0.0,115
2023-05-10 21:40:36,eb2311,eb2311,7943.0,0.0,0.0,0.0,2,7777.0,7904.0,3,7943.0,7826.0,0.0,0.0,0.0,0.0,115
2023-05-10 21:40:38,eb2311,eb2311,7943.0,0.0,0.0,0.0,1,7778.0,7903.0,2,7943.0,7826.0,0.0,0.0,0.0,0.0,115
2023-05-10 21:40:38,eb2311,eb2311,7943.0,0.0,0.0,0.0,2,7779.0,7903.0,2,7943.0,7826.0,0.0,0.0,0.0,0.0,115
2023-05-10 21:40:39,eb2311,eb2311,7943.0,0.0,0.0,0.0,5,7779.0,7903.0,2,7943.0,7826.0,0.0,0.0,0.0,0.0,115
2023-05-10 21:40:39,eb2311,eb2311,7943.0,0.0,0.0,0.0,5,7779.0,7902.0,2,7943.0,7826.0,0.0,0.0,0.0,0.0,115
2023-05-10 21:40:40,eb2311,eb2311,7943.0,0.0,0.0,0.0,1,7780.0,7904.0,1,7943.0,7826.0,0.0,0.0,0.0,0.0,115
2023-05-10 21:40:41,eb2311,eb2311,7943.0,0.0,0.0,0.0,1,7780.0,7903.0,2,7943.0,7826.0,0.0,0.0,0.0,0.0,115
2023-05-10 21:40:41,eb2311,eb2311,7943.0,0.0,0.0,0.0,2,7781.0,7903.0,2,7943.0,7826.0,0.0,0.0,0.0,0.0,115
2023-05-10 21:40:42,eb2311,eb2311,7943.0,0.0,0.0,0.0,3,7782.0,7903.0,2,7943.0,7826.0,0.0,0.0,0.0,0.0,115
2023-05-10 21:40:43,eb2311,eb2311,7943.0,0.0,0.0,0.0,1,7783.0,7903.0,2,7943.0,7826.0,0.0,0.0,0.0,0.0,115
2023-05-10 21:40:44,eb2311,eb2311,7943.0,0.0,0.0,0.0,2,7784.0,7902.0,2,7943.0,7826.0,0.0,0.0,0.0,0.0,115
2023-05-10 21:40:45,eb2311,eb2311,7943.0,0.0,0.0,0.0,3,7785.0,7901.0,2,7943.0,7826.0,0.0,0.0,0.0,0.0,115
2023-05-10 21:40:46,eb2311,eb2311,7943.0,0.0,0.0,0.0,1,7786.0,7901.0,2,7943.0,7826.0,0.0,0.0,0.0,0.0,115
2023-05-10 21:40:46,eb2311,eb2311,7943.0,0.0,0.0,0.0,2,7787.0,7901.0,2,7943.0,7826.0,0.0,0.0,0.0,0.0,115
2023-05-10 21:40:48,eb2311,eb2311,7943.0,0.0,0.0,0.0,3,7788.0,7901.0,2,7943.0,7826.0,0.0,0.0,0.0,0.0,115
2023-05-10 21:40:49,eb2311,eb2311,7943.0,0.0,0.0,0.0,1,7789.0,7901.0,2,7943.0,7826.0,0.0,0.0,0.0,0.0,115
2023-05-10 21:40:49,eb2311,eb2311,7943.0,0.0,0.0,0.0,2,7790.0,7901.0,2,7943.0,7826.0,0.0,0.0,0.0,0.0,115
2023-05-10 21:40:55,eb2311,eb2311,7943.0,0.0,0.0,0.0,4,7791.0,7901.0,2,7943.0,7826.0,0.0,0.0,0.0,0.0,115
2023-05-10 21:40:56,eb2311,eb2311,7943.0,0.0,0.0,0.0,2,7792.0,7901.0,2,7943.0,7826.0,0.0,0.0,0.0,0.0,115
2023-05-10 21:40:58,eb2311,eb2311,7943.0,0.0,0.0,0.0,1,7793.0,7901.0,2,7943.0,7826.0,0.0,0.0,0.0,0.0,115
2023-05-10 21:40:58,eb2311,eb2311,7943.0,0.0,0.0,0.0,1,7794.0,7901.0,2,7943.0,7826.0,0.0,0.0,0.0,0.0,115
2023-05-10 21:40:58,eb2311,eb2311,7943.0,0.0,0.0,0.0,3,7794.0,7901.0,2,7943.0,7826.0,0.0,0.0,0.0,0.0,115
2023-05-10 21:41:01,eb2311,eb2311,7943.0,0.0,0.0,0.0,1,7795.0,7901.0,2,7943.0,7826.0,0.0,0.0,0.0,0.0,115
2023-05-10 21:41:01,eb2311,eb2311,7943.0,0.0,0.0,0.0,2,7796.0,7901.0,2,7943.0,7826.0,0.0,0.0,0.0,0.0,115
2023-05-10 21:41:02,eb2311,eb2311,7943.0,0.0,0.0,0.0,3,7797.0,7901.0,2,7943.0,7826.0,0.0,0.0,0.0,0.0,115
2023-05-10 21:41:03,eb2311,eb2311,7943.0,0.0,0.0,0.0,2,7798.0,7901.0,2,7943.0,7826.0,0.0,0.0,0.0,0.0,115
2023-05-10 21:41:04,eb2311,eb2311,7943.0,0.0,0.0,0.0,1,7799.0,7901.0,2,7943.0,7826.0,0.0,0.0,0.0,0.0,115
2023-05-10 21:41:04,eb2311,eb2311,7943.0,0.0,0.0,0.0,3,7799.0,7901.0,2,7943.0,7826.0,0.0,0.0,0.0,0.0,115
2023-05-10 21:41:05,eb2311,eb2311,7943.0,0.0,0.0,0.0,3,7800.0,7901.0,2,7943.0,7826.0,0.0,0.0,0.0,0.0,115
2023-05-10 21:41:05,eb2311,eb2311,7943.0,0.0,0.0,0.0,3,7800.0,7900.0,2,7943.0,7826.0,0.0,0.0,0.0,0.0,115
2023-05-10 21:41:06,eb2311,eb2311,7943.0,0.0,0.0,0.0,2,7801.0,7900.0,2,7943.0,7826.0,0.0,0.0,0.0,0.0,115
2023-05-10 21:41:07,eb2311,eb2311,7943.0,0.0,0.0,0.0,1,7802.0,7899.0,2,7943.0,7826.0,0.0,0.0,0.0,0.0,115
2023-05-10 21:41:08,eb2311,eb2311,7943.0,0.0,0.0,0.0,5,7803.0,7899.0,2,7943.0,7826.0,0.0,0.0,0.0,0.0,115
2023-05-10 21:41:15,eb2311,eb2311,7943.0,0.0,0.0,0.0,1,7804.0,7899.0,2,7943.0,7826.0,0.0,0.0,0.0,0.0,115
2023-05-10 21:41:16,eb2311,eb2311,7943.0,0.0,0.0,0.0,5,7805.0,7899.0,2,7943.0,7826.0,0.0,0.0,0.0,0.0,115
2023-05-10 21:41:19,eb2311,eb2311,7943.0,0.0,0.0,0.0,6,7805.0,7899.0,2,7943.0,7826.0,0.0,0.0,0.0,0.0,115
2023-05-10 21:41:25,eb2311,eb2311,7943.0,0.0,0.0,0.0,5,7805.0,7899.0,2,7943.0,7826.0,0.0,0.0,0.0,0.0,115
2023-05-10 21:41:26,eb2311,eb2311,7943.0,0.0,0.0,0.0,6,7805.0,7899.0,2,7943.0,7826.0,0.0,0.0,0.0,0.0,115
2023-05-10 21:41:26,eb2311,eb2311,7943.0,0.0,0.0,0.0,3,7805.0,7899.0,2,7943.0,7826.0,0.0,0.0,0.0,0.0,115
2023-05-10 21:41:27,eb2311,eb2311,7943.0,0.0,0.0,0.0,3,7805.0,7898.0,2,7943.0,7826.0,0.0,0.0,0.0,0.0,115
2023-05-10 21:41:27,eb2311,eb2311,7943.0,0.0,0.0,0.0,3,7805.0,7898.0,3,7943.0,7826.0,0.0,0.0,0.0,0.0,115
2023-05-10 21:41:28,eb2311,eb2311,7943.0,0.0,0.0,0.0,3,7805.0,7897.0,2,7943.0,7826.0,0.0,0.0,0.0,0.0,115
2023-05-10 21:41:28,eb2311,eb2311,7943.0,0.0,0.0,0.0,2,7805.0,7897.0,2,7943.0,7826.0,0.0,0.0,0.0,0.0,115
2023-05-10 21:41:32,eb2311,eb2311,7943.0,0.0,0.0,0.0,2,7805.0,7896.0,1,7943.0,7826.0,0.0,0.0,0.0,0.0,115
2023-05-10 21:41:32,eb2311,eb2311,7943.0,0.0,0.0,0.0,2,7805.0,7895.0,2,7943.0,7826.0,0.0,0.0,0.0,0.0,115
2023-05-10 21:41:42,eb2311,eb2311,7943.0,0.0,0.0,0.0,2,7805.0,7895.0,1,7943.0,7826.0,0.0,0.0,0.0,0.0,115
2023-05-10 21:41:43,eb2311,eb2311,7943.0,0.0,0.0,0.0,2,7805.0,7894.0,1,7943.0,7826.0,0.0,0.0,0.0,0.0,115
2023-05-10 21:41:45,eb2311,eb2311,7943.0,0.0,0.0,0.0,2,7806.0,7907.0,1,7943.0,7826.0,0.0,0.0,0.0,0.0,115
2023-05-10 21:41:46,eb2311,eb2311,7943.0,0.0,0.0,0.0,2,7806.0,7906.0,3,7943.0,7826.0,0.0,0.0,0.0,0.0,115
2023-05-10 21:41:46,eb2311,eb2311,7943.0,0.0,0.0,0.0,2,7807.0,7905.0,1,7943.0,7826.0,0.0,0.0,0.0,0.0,115
2023-05-10 21:41:48,eb2311,eb2311,7943.0,0.0,0.0,0.0,2,7807.0,7905.0,3,7943.0,7826.0,0.0,0.0,0.0,0.0,115
2023-05-10 21:41:53,eb2311,eb2311,7943.0,0.0,0.0,0.0,2,7807.0,7904.0,1,7943.0,7826.0,0.0,0.0,0.0,0.0,115
2023-05-10 21:41:55,eb2311,eb2311,7943.0,0.0,0.0,0.0,2,7807.0,7899.0,2,7943.0,7826.0,0.0,0.0,0.0,0.0,115
2023-05-10 21:41:58,eb2311,eb2311,7943.0,0.0,0.0,0.0,2,7807.0,7898.0,1,7943.0,7826.0,0.0,0.0,0.0,0.0,115
2023-05-10 21:42:27,eb2311,eb2311,7943.0,0.0,0.0,0.0,2,7808.0,7898.0,1,7943.0,7826.0,0.0,0.0,0.0,0.0,115
2023-05-10 21:42:27,eb2311,eb2311,7943.0,0.0,0.0,0.0,2,7809.0,7898.0,1,7943.0,7826.0,0.0,0.0,0.0,0.0,115
2023-05-10 21:43:09,eb2311,eb2311,7943.0,0.0,0.0,0.0,2,7810.0,7898.0,1,7943.0,7826.0,0.0,0.0,0.0,0.0,115
2023-05-10 21:43:09,eb2311,eb2311,7943.0,0.0,0.0,0.0,3,7810.0,7898.0,1,7943.0,7826.0,0.0,0.0,0.0,0.0,115
2023-05-10 21:43:10,eb2311,eb2311,7943.0,0.0,0.0,0.0,2,7811.0,7898.0,1,7943.0,7826.0,0.0,0.0,0.0,0.0,115
2023-05-10 21:43:14,eb2311,eb2311,7943.0,0.0,0.0,0.0,2,7811.0,7903.0,1,7943.0,7826.0,0.0,0.0,0.0,0.0,115
2023-05-10 21:43:15,eb2311,eb2311,7943.0,0.0,0.0,0.0,2,7811.0,7902.0,1,7943.0,7826.0,0.0,0.0,0.0,0.0,115
2023-05-10 21:43:17,eb2311,eb2311,7943.0,0.0,0.0,0.0,2,7811.0,7901.0,3,7943.0,7826.0,0.0,0.0,0.0,0.0,115
2023-05-10 21:43:19,eb2311,eb2311,7943.0,0.0,0.0,0.0,2,7811.0,7900.0,1,7943.0,7826.0,0.0,0.0,0.0,0.0,115
2023-05-10 21:43:39,eb2311,eb2311,7943.0,0.0,0.0,0.0,2,7811.0,7899.0,2,7943.0,7826.0,0.0,0.0,0.0,0.0,115
2023-05-10 21:43:43,eb2311,eb2311,7943.0,0.0,0.0,0.0,2,7811.0,7898.0,1,7943.0,7826.0,0.0,0.0,0.0,0.0,115
2023-05-10 21:43:45,eb2311,eb2311,7943.0,0.0,0.0,0.0,2,7811.0,7907.0,1,7943.0,7826.0,0.0,0.0,0.0,0.0,115
2023-05-10 21:43:45,eb2311,eb2311,7943.0,0.0,0.0,0.0,2,7811.0,8184.0,1,7943.0,7826.0,0.0,0.0,0.0,0.0,115
2023-05-10 21:43:46,eb2311,eb2311,7943.0,0.0,0.0,0.0,2,7811.0,7906.0,3,7943.0,7826.0,0.0,0.0,0.0,0.0,115
2023-05-10 21:43:46,eb2311,eb2311,7943.0,0.0,0.0,0.0,2,7811.0,7905.0,2,7943.0,7826.0,0.0,0.0,0.0,0.0,115
2023-05-10 21:43:48,eb2311,eb2311,7943.0,0.0,0.0,0.0,2,7811.0,7901.0,3,7943.0,7826.0,0.0,0.0,0.0,0.0,115
2023-05-10 21:43:50,eb2311,eb2311,7943.0,0.0,0.0,0.0,2,7812.0,7901.0,3,7943.0,7826.0,0.0,0.0,0.0,0.0,115
2023-05-10 21:43:51,eb2311,eb2311,7943.0,0.0,0.0,0.0,2,7813.0,7901.0,3,7943.0,7826.0,0.0,0.0,0.0,0.0,115
2023-05-10 21:43:53,eb2311,eb2311,7943.0,0.0,0.0,0.0,2,7813.0,7900.0,1,7943.0,7826.0,0.0,0.0,0.0,0.0,115
2023-05-10 21:43:58,eb2311,eb2311,7943.0,0.0,0.0,0.0,2,7813.0,7899.0,2,7943.0,7826.0,0.0,0.0,0.0,0.0,115
2023-05-10 21:43:59,eb2311,eb2311,7943.0,0.0,0.0,0.0,2,7813.0,7901.0,1,7943.0,7826.0,0.0,0.0,0.0,0.0,115
2023-05-10 21:43:59,eb2311,eb2311,7943.0,0.0,0.0,0.0,2,7813.0,7900.0,1,7943.0,7826.0,0.0,0.0,0.0,0.0,115
2023-05-10 21:44:21,eb2311,eb2311,7943.0,0.0,0.0,0.0,2,7813.0,7906.0,1,7943.0,7826.0,0.0,0.0,0.0,0.0,115
2023-05-10 21:44:22,eb2311,eb2311,7943.0,0.0,0.0,0.0,2,7813.0,7905.0,1,7943.0,7826.0,0.0,0.0,0.0,0.0,115
2023-05-10 21:44:22,eb2311,eb2311,7943.0,0.0,0.0,0.0,2,7813.0,7904.0,3,7943.0,7826.0,0.0,0.0,0.0,0.0,115
2023-05-10 21:44:26,eb2311,eb2311,7943.0,0.0,0.0,0.0,2,7813.0,7903.0,1,7943.0,7826.0,0.0,0.0,0.0,0.0,115
2023-05-10 21:44:31,eb2311,eb2311,7943.0,0.0,0.0,0.0,2,7813.0,7902.0,2,7943.0,7826.0,0.0,0.0,0.0,0.0,115
2023-05-10 21:44:32,eb2311,eb2311,7943.0,0.0,0.0,0.0,2,7814.0,7901.0,1,7943.0,7826.0,0.0,0.0,0.0,0.0,115
2023-05-10 21:44:33,eb2311,eb2311,7943.0,0.0,0.0,0.0,2,7815.0,7901.0,1,7943.0,7826.0,0.0,0.0,0.0,0.0,115
2023-05-10 21:44:36,eb2311,eb2311,7943.0,0.0,0.0,0.0,2,7815.0,7900.0,2,7943.0,7826.0,0.0,0.0,0.0,0.0,115
2023-05-10 21:44:37,eb2311,eb2311,7943.0,0.0,0.0,0.0,2,7815.0,7899.0,1,7943.0,7826.0,0.0,0.0,0.0,0.0,115
2023-05-10 21:44:39,eb2311,eb2311,7943.0,0.0,0.0,0.0,2,7815.0,7904.0,1,7943.0,7826.0,0.0,0.0,0.0,0.0,115
2023-05-10 21:44:40,eb2311,eb2311,7943.0,0.0,0.0,0.0,2,7815.0,7903.0,1,7943.0,7826.0,0.0,0.0,0.0,0.0,115
2023-05-10 21:44:41,eb2311,eb2311,7943.0,0.0,0.0,0.0,2,7815.0,7901.0,2,7943.0,7826.0,0.0,0.0,0.0,0.0,115
2023-05-10 21:44:43,eb2311,eb2311,7943.0,0.0,0.0,0.0,2,7815.0,7900.0,1,7943.0,7826.0,0.0,0.0,0.0,0.0,115
2023-05-10 21:45:13,eb2311,eb2311,7943.0,0.0,0.0,0.0,2,7816.0,7900.0,1,7943.0,7826.0,0.0,0.0,0.0,0.0,115
2023-05-10 21:45:14,eb2311,eb2311,7943.0,0.0,0.0,0.0,2,7817.0,7900.0,1,7943.0,7826.0,0.0,0.0,0.0,0.0,115
2023-05-10 21:45:54,eb2311,eb2311,7943.0,0.0,0.0,0.0,2,7818.0,7900.0,1,7943.0,7826.0,0.0,0.0,0.0,0.0,115
2023-05-10 21:45:55,eb2311,eb2311,7943.0,0.0,0.0,0.0,2,7819.0,7900.0,1,7943.0,7826.0,0.0,0.0,0.0,0.0,115
2023-05-10 21:46:36,eb2311,eb2311,7943.0,0.0,0.0,0.0,2,7820.0,7900.0,1,7943.0,7826.0,0.0,0.0,0.0,0.0,115
2023-05-10 21:46:37,eb2311,eb2311,7943.0,0.0,0.0,0.0,2,7821.0,7900.0,1,7943.0,7826.0,0.0,0.0,0.0,0.0,115
2023-05-10 21:47:17,eb2311,eb2311,7943.0,0.0,0.0,0.0,2,7822.0,7900.0,1,7943.0,7826.0,0.0,0.0,0.0,0.0,115
2023-05-10 21:47:18,eb2311,eb2311,7943.0,0.0,0.0,0.0,2,7823.0,7900.0,1,7943.0,7826.0,0.0,0.0,0.0,0.0,115
2023-05-10 21:47:59,eb2311,eb2311,7943.0,0.0,0.0,0.0,2,7823.0,7899.0,2,7943.0,7826.0,0.0,0.0,0.0,0.0,115
2023-05-10 21:49:02,eb2311,eb2311,7943.0,0.0,0.0,0.0,2,7823.0,7899.0,4,7943.0,7826.0,0.0,0.0,0.0,0.0,115
2023-05-10 21:49:05,eb2311,eb2311,7943.0,0.0,0.0,0.0,3,7823.0,7899.0,2,7943.0,7826.0,0.0,0.0,0.0,0.0,115
2023-05-10 21:49:05,eb2311,eb2311,7943.0,0.0,0.0,0.0,2,7823.0,7898.0,2,7943.0,7826.0,0.0,0.0,0.0,0.0,115
2023-05-10 21:49:07,eb2311,eb2311,7943.0,0.0,0.0,0.0,3,7823.0,7898.0,2,7943.0,7826.0,0.0,0.0,0.0,0.0,115
2023-05-10 21:49:08,eb2311,eb2311,7943.0,0.0,0.0,0.0,2,7823.0,7898.0,2,7943.0,7826.0,0.0,0.0,0.0,0.0,115
2023-05-10 21:49:14,eb2311,eb2311,7943.0,0.0,0.0,0.0,3,7823.0,7898.0,2,7943.0,7826.0,0.0,0.0,0.0,0.0,115
2023-05-10 21:49:19,eb2311,eb2311,7943.0,0.0,0.0,0.0,2,7823.0,7898.0,2,7943.0,7826.0,0.0,0.0,0.0,0.0,115
2023-05-10 21:49:25,eb2311,eb2311,7943.0,0.0,0.0,0.0,3,7823.0,7898.0,2,7943.0,7826.0,0.0,0.0,0.0,0.0,115
2023-05-10 21:49:28,eb2311,eb2311,7943.0,0.0,0.0,0.0,2,7823.0,7898.0,2,7943.0,7826.0,0.0,0.0,0.0,0.0,115
2023-05-10 21:49:28,eb2311,eb2311,7943.0,0.0,0.0,0.0,3,7823.0,7898.0,2,7943.0,7826.0,0.0,0.0,0.0,0.0,115
2023-05-10 21:49:29,eb2311,eb2311,7943.0,0.0,0.0,0.0,2,7823.0,7898.0,2,7943.0,7826.0,0.0,0.0,0.0,0.0,115
2023-05-10 21:50:00,eb2311,eb2311,7943.0,0.0,0.0,0.0,2,7823.0,7897.0,3,7943.0,7826.0,0.0,0.0,0.0,0.0,115
2023-05-10 21:50:00,eb2311,eb2311,7943.0,0.0,0.0,0.0,2,7823.0,7906.0,1,7943.0,7826.0,0.0,0.0,0.0,0.0,115
2023-05-10 21:50:01,eb2311,eb2311,7943.0,0.0,0.0,0.0,2,7823.0,7896.0,2,7943.0,7826.0,0.0,0.0,0.0,0.0,115
2023-05-10 21:50:03,eb2311,eb2311,7943.0,0.0,0.0,0.0,2,7823.0,7896.0,3,7943.0,7826.0,0.0,0.0,0.0,0.0,115
2023-05-10 21:50:06,eb2311,eb2311,7943.0,0.0,0.0,0.0,2,7823.0,7895.0,2,7943.0,7826.0,0.0,0.0,0.0,0.0,115
2023-05-10 21:50:07,eb2311,eb2311,7943.0,0.0,0.0,0.0,3,7823.0,7895.0,2,7943.0,7826.0,0.0,0.0,0.0,0.0,115
2023-05-10 21:50:07,eb2311,eb2311,7943.0,0.0,0.0,0.0,2,7823.0,7895.0,2,7943.0,7826.0,0.0,0.0,0.0,0.0,115
2023-05-10 21:50:17,eb2311,eb2311,7943.0,0.0,0.0,0.0,2,7823.0,7895.0,4,7943.0,7826.0,0.0,0.0,0.0,0.0,115
2023-05-10 21:50:18,eb2311,eb2311,7943.0,0.0,0.0,0.0,3,7823.0,7895.0,4,7943.0,7826.0,0.0,0.0,0.0,0.0,115
2023-05-10 21:50:19,eb2311,eb2311,7943.0,0.0,0.0,0.0,2,7823.0,7895.0,4,7943.0,7826.0,0.0,0.0,0.0,0.0,115
2023-05-10 21:50:20,eb2311,eb2311,7943.0,0.0,0.0,0.0,2,7823.0,7895.0,2,7943.0,7826.0,0.0,0.0,0.0,0.0,115
2023-05-10 21:50:20,eb2311,eb2311,7943.0,0.0,0.0,0.0,2,7823.0,7894.0,2,7943.0,7826.0,0.0,0.0,0.0,0.0,115
2023-05-10 21:50:21,eb2311,eb2311,7943.0,0.0,0.0,0.0,3,7823.0,7894.0,2,7943.0,7826.0,0.0,0.0,0.0,0.0,115
2023-05-10 21:50:24,eb2311,eb2311,7943.0,0.0,0.0,0.0,3,7823.0,7895.0,2,7943.0,7826.0,0.0,0.0,0.0,0.0,115
2023-05-10 21:50:25,eb2311,eb2311,7943.0,0.0,0.0,0.0,3,7823.0,7895.0,4,7943.0,7826.0,0.0,0.0,0.0,0.0,115
2023-05-10 21:50:26,eb2311,eb2311,7943.0,0.0,0.0,0.0,2,7823.0,7895.0,4,7943.0,7826.0,0.0,0.0,0.0,0.0,115
2023-05-10 21:50:30,eb2311,eb2311,7943.0,0.0,0.0,0.0,2,7823.0,7895.0,2,7943.0,7826.0,0.0,0.0,0.0,0.0,115
2023-05-10 21:50:31,eb2311,eb2311,7943.0,0.0,0.0,0.0,2,7823.0,7895.0,4,7943.0,7826.0,0.0,0.0,0.0,0.0,115
2023-05-10 21:50:33,eb2311,eb2311,7943.0,0.0,0.0,0.0,2,7823.0,7895.0,2,7943.0,7826.0,0.0,0.0,0.0,0.0,115
2023-05-10 21:50:34,eb2311,eb2311,7943.0,0.0,0.0,0.0,2,7823.0,7894.0,2,7943.0,7826.0,0.0,0.0,0.0,0.0,115
2023-05-10 21:50:36,eb2311,eb2311,7943.0,0.0,0.0,0.0,2,7823.0,7895.0,2,7943.0,7826.0,0.0,0.0,0.0,0.0,115
2023-05-10 21:50:40,eb2311,eb2311,7943.0,0.0,0.0,0.0,2,7823.0,7895.0,4,7943.0,7826.0,0.0,0.0,0.0,0.0,115
2023-05-10 21:50:44,eb2311,eb2311,7943.0,0.0,0.0,0.0,2,7823.0,7895.0,2,7943.0,7826.0,0.0,0.0,0.0,0.0,115
2023-05-10 21:50:45,eb2311,eb2311,7943.0,0.0,0.0,0.0,2,7823.0,7894.0,2,7943.0,7826.0,0.0,0.0,0.0,0.0,115
2023-05-10 21:50:48,eb2311,eb2311,7943.0,0.0,0.0,0.0,2,7823.0,7895.0,2,7943.0,7826.0,0.0,0.0,0.0,0.0,115
2023-05-10 21:50:48,eb2311,eb2311,7943.0,0.0,0.0,0.0,2,7823.0,7895.0,4,7943.0,7826.0,0.0,0.0,0.0,0.0,115
2023-05-10 21:50:51,eb2311,eb2311,7943.0,0.0,0.0,0.0,2,7823.0,7895.0,2,7943.0,7826.0,0.0,0.0,0.0,0.0,115
2023-05-10 21:50:52,eb2311,eb2311,7943.0,0.0,0.0,0.0,2,7823.0,7894.0,2,7943.0,7826.0,0.0,0.0,0.0,0.0,115
2023-05-10 21:51:19,eb2311,eb2311,7943.0,0.0,0.0,0.0,2,7823.0,7895.0,2,7943.0,7826.0,0.0,0.0,0.0,0.0,115
2023-05-10 21:51:20,eb2311,eb2311,7943.0,0.0,0.0,0.0,2,7823.0,7895.0,4,7943.0,7826.0,0.0,0.0,0.0,0.0,115
2023-05-10 21:51:22,eb2311,eb2311,7943.0,0.0,0.0,0.0,2,7823.0,7895.0,2,7943.0,7826.0,0.0,0.0,0.0,0.0,115
2023-05-10 21:51:24,eb2311,eb2311,7943.0,0.0,0.0,0.0,2,7823.0,7895.0,4,7943.0,7826.0,0.0,0.0,0.0,0.0,115
2023-05-10 21:51:28,eb2311,eb2311,7943.0,0.0,0.0,0.0,2,7823.0,7895.0,2,7943.0,7826.0,0.0,0.0,0.0,0.0,115
2023-05-10 21:51:38,eb2311,eb2311,7943.0,0.0,0.0,0.0,2,7823.0,7895.0,4,7943.0,7826.0,0.0,0.0,0.0,0.0,115
2023-05-10 21:51:42,eb2311,eb2311,7943.0,0.0,0.0,0.0,2,7823.0,7895.0,2,7943.0,7826.0,0.0,0.0,0.0,0.0,115
2023-05-10 21:51:46,eb2311,eb2311,7943.0,0.0,0.0,0.0,2,7823.0,7896.0,1,7943.0,7826.0,0.0,0.0,0.0,0.0,115
2023-05-10 21:52:02,eb2311,eb2311,7943.0,0.0,0.0,0.0,2,7823.0,7896.0,3,7943.0,7826.0,0.0,0.0,0.0,0.0,115
2023-05-10 21:52:06,eb2311,eb2311,7943.0,0.0,0.0,0.0,2,7823.0,7896.0,1,7943.0,7826.0,0.0,0.0,0.0,0.0,115
2023-05-10 21:52:12,eb2311,eb2311,7943.0,0.0,0.0,0.0,2,7823.0,7895.0,2,7943.0,7826.0,0.0,0.0,0.0,0.0,115
2023-05-10 21:54:11,eb2311,eb2311,7943.0,0.0,0.0,0.0,2,7823.0,7895.0,4,7943.0,7826.0,0.0,0.0,0.0,0.0,115
2023-05-10 21:54:14,eb2311,eb2311,7943.0,0.0,0.0,0.0,2,7823.0,7895.0,2,7943.0,7826.0,0.0,0.0,0.0,0.0,115
2023-05-10 21:54:19,eb2311,eb2311,7943.0,0.0,0.0,0.0,2,7823.0,7895.0,4,7943.0,7826.0,0.0,0.0,0.0,0.0,115
2023-05-10 21:54:22,eb2311,eb2311,7943.0,0.0,0.0,0.0,2,7823.0,7895.0,2,7943.0,7826.0,0.0,0.0,0.0,0.0,115
2023-05-10 21:54:23,eb2311,eb2311,7943.0,0.0,0.0,0.0,2,7823.0,7895.0,4,7943.0,7826.0,0.0,0.0,0.0,0.0,115
2023-05-10 21:54:25,eb2311,eb2311,7943.0,0.0,0.0,0.0,2,7823.0,7895.0,2,7943.0,7826.0,0.0,0.0,0.0,0.0,115
2023-05-10 21:54:34,eb2311,eb2311,7943.0,0.0,0.0,0.0,3,7823.0,7895.0,2,7943.0,7826.0,0.0,0.0,0.0,0.0,115
2023-05-10 21:54:35,eb2311,eb2311,7943.0,0.0,0.0,0.0,3,7823.0,7895.0,4,7943.0,7826.0,0.0,0.0,0.0,0.0,115
2023-05-10 21:54:38,eb2311,eb2311,7943.0,0.0,0.0,0.0,2,7823.0,7895.0,4,7943.0,7826.0,0.0,0.0,0.0,0.0,115
2023-05-10 21:54:39,eb2311,eb2311,7943.0,0.0,0.0,0.0,3,7823.0,7895.0,4,7943.0,7826.0,0.0,0.0,0.0,0.0,115
2023-05-10 21:54:40,eb2311,eb2311,7943.0,0.0,0.0,0.0,2,7823.0,7895.0,4,7943.0,7826.0,0.0,0.0,0.0,0.0,115
2023-05-10 21:54:41,eb2311,eb2311,7943.0,0.0,0.0,0.0,2,7823.0,7895.0,2,7943.0,7826.0,0.0,0.0,0.0,0.0,115
2023-05-10 21:55:03,eb2311,eb2311,7943.0,0.0,0.0,0.0,3,7823.0,7895.0,2,7943.0,7826.0,0.0,0.0,0.0,0.0,115
2023-05-10 21:55:04,eb2311,eb2311,7943.0,0.0,0.0,0.0,2,7823.0,7895.0,2,7943.0,7826.0,0.0,0.0,0.0,0.0,115
2023-05-10 21:55:04,eb2311,eb2311,7943.0,0.0,0.0,0.0,3,7823.0,7895.0,2,7943.0,7826.0,0.0,0.0,0.0,0.0,115
2023-05-10 21:55:05,eb2311,eb2311,7943.0,0.0,0.0,0.0,3,7823.0,7895.0,4,7943.0,7826.0,0.0,0.0,0.0,0.0,115
2023-05-10 21:55:08,eb2311,eb2311,7943.0,0.0,0.0,0.0,2,7823.0,7895.0,4,7943.0,7826.0,0.0,0.0,0.0,0.0,115
2023-05-10 21:55:09,eb2311,eb2311,7943.0,0.0,0.0,0.0,2,7823.0,7895.0,2,7943.0,7826.0,0.0,0.0,0.0,0.0,115
2023-05-10 21:55:12,eb2311,eb2311,7943.0,0.0,0.0,0.0,3,7823.0,7895.0,2,7943.0,7826.0,0.0,0.0,0.0,0.0,115
2023-05-10 21:55:23,eb2311,eb2311,7943.0,0.0,0.0,0.0,2,7823.0,7895.0,2,7943.0,7826.0,0.0,0.0,0.0,0.0,115
2023-05-10 21:55:34,eb2311,eb2311,7943.0,0.0,0.0,0.0,3,7823.0,7895.0,2,7943.0,7826.0,0.0,0.0,0.0,0.0,115
2023-05-10 21:55:36,eb2311,eb2311,7943.0,0.0,0.0,0.0,2,7823.0,7895.0,2,7943.0,7826.0,0.0,0.0,0.0,0.0,115
2023-05-10 21:55:39,eb2311,eb2311,7943.0,0.0,0.0,0.0,3,7823.0,7895.0,2,7943.0,7826.0,0.0,0.0,0.0,0.0,115
2023-05-10 21:55:41,eb2311,eb2311,7943.0,0.0,0.0,0.0,2,7823.0,7895.0,2,7943.0,7826.0,0.0,0.0,0.0,0.0,115
2023-05-10 21:55:48,eb2311,eb2311,7943.0,0.0,0.0,0.0,3,7823.0,7895.0,2,7943.0,7826.0,0.0,0.0,0.0,0.0,115
2023-05-10 21:55:48,eb2311,eb2311,7943.0,0.0,0.0,0.0,2,7823.0,7895.0,2,7943.0,7826.0,0.0,0.0,0.0,0.0,115
2023-05-10 21:56:45,eb2311,eb2311,7943.0,0.0,0.0,0.0,3,7823.0,7895.0,2,7943.0,7826.0,0.0,0.0,0.0,0.0,115
2023-05-10 21:56:45,eb2311,eb2311,7943.0,0.0,0.0,0.0,2,7823.0,7895.0,2,7943.0,7826.0,0.0,0.0,0.0,0.0,115
2023-05-10 21:56:57,eb2311,eb2311,7943.0,0.0,0.0,0.0,3,7823.0,7895.0,2,7943.0,7826.0,0.0,0.0,0.0,0.0,115
2023-05-10 21:57:05,eb2311,eb2311,7943.0,0.0,0.0,0.0,2,7823.0,7895.0,2,7943.0,7826.0,0.0,0.0,0.0,0.0,115
2023-05-10 21:57:06,eb2311,eb2311,7943.0,0.0,0.0,0.0,2,7823.0,7895.0,4,7943.0,7826.0,0.0,0.0,0.0,0.0,115
2023-05-10 21:57:10,eb2311,eb2311,7943.0,0.0,0.0,0.0,2,7823.0,7895.0,2,7943.0,7826.0,0.0,0.0,0.0,0.0,115
2023-05-10 21:57:12,eb2311,eb2311,7943.0,0.0,0.0,0.0,2,7823.0,7896.0,1,7943.0,7826.0,0.0,0.0,0.0,0.0,115
2023-05-10 21:57:12,eb2311,eb2311,7943.0,0.0,0.0,0.0,2,7823.0,7905.0,3,7943.0,7826.0,0.0,0.0,0.0,0.0,115
2023-05-10 21:57:13,eb2311,eb2311,7943.0,0.0,0.0,0.0,2,7823.0,7904.0,2,7943.0,7826.0,0.0,0.0,0.0,0.0,115
2023-05-10 21:57:15,eb2311,eb2311,7943.0,0.0,0.0,0.0,2,7823.0,7903.0,2,7943.0,7826.0,0.0,0.0,0.0,0.0,115
2023-05-10 21:57:16,eb2311,eb2311,7943.0,0.0,0.0,0.0,2,7823.0,7902.0,2,7943.0,7826.0,0.0,0.0,0.0,0.0,115
2023-05-10 21:57:17,eb2311,eb2311,7943.0,0.0,0.0,0.0,1,7810.0,7902.0,2,7943.0,7826.0,0.0,0.0,0.0,0.0,115
2023-05-10 21:57:18,eb2311,eb2311,7943.0,0.0,0.0,0.0,2,7824.0,7902.0,2,7943.0,7826.0,0.0,0.0,0.0,0.0,115
2023-05-10 21:57:22,eb2311,eb2311,7943.0,0.0,0.0,0.0,3,7824.0,7902.0,2,7943.0,7826.0,0.0,0.0,0.0,0.0,115
2023-05-10 21:57:23,eb2311,eb2311,7943.0,0.0,0.0,0.0,3,7824.0,7901.0,2,7943.0,7826.0,0.0,0.0,0.0,0.0,115
2023-05-10 21:57:23,eb2311,eb2311,7943.0,0.0,0.0,0.0,3,7824.0,7905.0,2,7943.0,7826.0,0.0,0.0,0.0,0.0,115
2023-05-10 21:57:24,eb2311,eb2311,7943.0,0.0,0.0,0.0,3,7824.0,7904.0,2,7943.0,7826.0,0.0,0.0,0.0,0.0,115
2023-05-10 21:57:26,eb2311,eb2311,7943.0,0.0,0.0,0.0,3,7824.0,7903.0,3,7943.0,7826.0,0.0,0.0,0.0,0.0,115
2023-05-10 21:57:26,eb2311,eb2311,7943.0,0.0,0.0,0.0,3,7824.0,7903.0,2,7943.0,7826.0,0.0,0.0,0.0,0.0,115
2023-05-10 21:57:27,eb2311,eb2311,7943.0,0.0,0.0,0.0,3,7824.0,7902.0,2,7943.0,7826.0,0.0,0.0,0.0,0.0,115
2023-05-10 21:57:46,eb2311,eb2311,7943.0,0.0,0.0,0.0,3,7824.0,7901.0,2,7943.0,7826.0,0.0,0.0,0.0,0.0,115
2023-05-10 21:57:56,eb2311,eb2311,7943.0,0.0,0.0,0.0,3,7824.0,7900.0,2,7943.0,7826.0,0.0,0.0,0.0,0.0,115
2023-05-10 21:57:58,eb2311,eb2311,7943.0,0.0,0.0,0.0,3,7824.0,7899.0,2,7943.0,7826.0,0.0,0.0,0.0,0.0,115
2023-05-10 21:57:59,eb2311,eb2311,7943.0,0.0,0.0,0.0,3,7824.0,7901.0,2,7943.0,7826.0,0.0,0.0,0.0,0.0,115
2023-05-10 21:57:59,eb2311,eb2311,7943.0,0.0,0.0,0.0,3,7824.0,7900.0,4,7943.0,7826.0,0.0,0.0,0.0,0.0,115
2023-05-10 21:58:01,eb2311,eb2311,7943.0,0.0,0.0,0.0,4,7824.0,7900.0,4,7943.0,7826.0,0.0,0.0,0.0,0.0,115
2023-05-10 21:58:02,eb2311,eb2311,7943.0,0.0,0.0,0.0,3,7824.0,7900.0,4,7943.0,7826.0,0.0,0.0,0.0,0.0,115
2023-05-10 21:58:07,eb2311,eb2311,7943.0,0.0,0.0,0.0,3,7824.0,7900.0,2,7943.0,7826.0,0.0,0.0,0.0,0.0,115
2023-05-10 21:58:10,eb2311,eb2311,7943.0,0.0,0.0,0.0,4,7824.0,7899.0,2,7943.0,7826.0,0.0,0.0,0.0,0.0,115
2023-05-10 21:58:10,eb2311,eb2311,7943.0,0.0,0.0,0.0,3,7824.0,7899.0,2,7943.0,7826.0,0.0,0.0,0.0,0.0,115
2023-05-10 21:58:11,eb2311,eb2311,7943.0,0.0,0.0,0.0,3,7824.0,7898.0,2,7943.0,7826.0,0.0,0.0,0.0,0.0,115
2023-05-10 21:58:13,eb2311,eb2311,7943.0,0.0,0.0,0.0,3,7824.0,7897.0,2,7943.0,7826.0,0.0,0.0,0.0,0.0,115
2023-05-10 21:58:15,eb2311,eb2311,7943.0,0.0,0.0,0.0,3,7824.0,7896.0,2,7943.0,7826.0,0.0,0.0,0.0,0.0,115
2023-05-10 21:58:18,eb2311,eb2311,7943.0,0.0,0.0,0.0,3,7824.0,7897.0,2,7943.0,7826.0,0.0,0.0,0.0,0.0,115
2023-05-10 21:58:19,eb2311,eb2311,7943.0,0.0,0.0,0.0,3,7824.0,7896.0,2,7943.0,7826.0,0.0,0.0,0.0,0.0,115
2023-05-10 21:58:21,eb2311,eb2311,7943.0,0.0,0.0,0.0,3,7824.0,7897.0,2,7943.0,7826.0,0.0,0.0,0.0,0.0,115
2023-05-10 21:58:22,eb2311,eb2311,7943.0,0.0,0.0,0.0,3,7824.0,7896.0,2,7943.0,7826.0,0.0,0.0,0.0,0.0,115
2023-05-10 21:58:28,eb2311,eb2311,7943.0,0.0,0.0,0.0,3,7824.0,7895.0,2,7943.0,7826.0,0.0,0.0,0.0,0.0,115
2023-05-10 21:58:29,eb2311,eb2311,7943.0,0.0,0.0,0.0,3,7824.0,7895.0,4,7943.0,7826.0,0.0,0.0,0.0,0.0,115
2023-05-10 21:58:34,eb2311,eb2311,7943.0,0.0,0.0,0.0,3,7824.0,7897.0,1,7943.0,7826.0,0.0,0.0,0.0,0.0,115
2023-05-10 21:58:39,eb2311,eb2311,7943.0,0.0,0.0,0.0,3,7824.0,7896.0,2,7943.0,7826.0,0.0,0.0,0.0,0.0,115
2023-05-10 21:58:47,eb2311,eb2311,7943.0,0.0,0.0,0.0,3,7824.0,7895.0,2,7943.0,7826.0,0.0,0.0,0.0,0.0,115
2023-05-10 21:58:50,eb2311,eb2311,7943.0,0.0,0.0,0.0,3,7824.0,7895.0,4,7943.0,7826.0,0.0,0.0,0.0,0.0,115
2023-05-10 21:59:09,eb2311,eb2311,7943.0,0.0,0.0,0.0,3,7824.0,7894.0,2,7943.0,7826.0,0.0,0.0,0.0,0.0,115
2023-05-10 21:59:11,eb2311,eb2311,7943.0,0.0,0.0,0.0,3,7824.0,7892.0,3,7943.0,7826.0,0.0,0.0,0.0,0.0,115
2023-05-10 21:59:12,eb2311,eb2311,7943.0,0.0,0.0,0.0,3,7824.0,7892.0,2,7943.0,7826.0,0.0,0.0,0.0,0.0,115
2023-05-10 21:59:15,eb2311,eb2311,7943.0,0.0,0.0,0.0,3,7824.0,7891.0,2,7943.0,7826.0,0.0,0.0,0.0,0.0,115
2023-05-10 21:59:22,eb2311,eb2311,7943.0,0.0,0.0,0.0,3,7824.0,7890.0,3,7943.0,7826.0,0.0,0.0,0.0,0.0,115
2023-05-10 21:59:22,eb2311,eb2311,7943.0,0.0,0.0,0.0,3,7824.0,7890.0,2,7943.0,7826.0,0.0,0.0,0.0,0.0,115
2023-05-10 21:59:23,eb2311,eb2311,7943.0,0.0,0.0,0.0,3,7824.0,7890.0,4,7943.0,7826.0,0.0,0.0,0.0,0.0,115
2023-05-10 21:59:24,eb2311,eb2311,7943.0,0.0,0.0,0.0,3,7824.0,7890.0,5,7943.0,7826.0,0.0,0.0,0.0,0.0,115
2023-05-10 21:59:25,eb2311,eb2311,7943.0,0.0,0.0,0.0,3,7824.0,7890.0,3,7943.0,7826.0,0.0,0.0,0.0,0.0,115
2023-05-10 21:59:26,eb2311,eb2311,7943.0,0.0,0.0,0.0,3,7824.0,7889.0,2,7943.0,7826.0,0.0,0.0,0.0,0.0,115
2023-05-10 21:59:27,eb2311,eb2311,7943.0,0.0,0.0,0.0,3,7824.0,7887.0,2,7943.0,7826.0,0.0,0.0,0.0,0.0,115
2023-05-10 21:59:28,eb2311,eb2311,7943.0,0.0,0.0,0.0,3,7824.0,7889.0,2,7943.0,7826.0,0.0,0.0,0.0,0.0,115
2023-05-10 21:59:28,eb2311,eb2311,7943.0,0.0,0.0,0.0,3,7824.0,7894.0,2,7943.0,7826.0,0.0,0.0,0.0,0.0,115
2023-05-10 21:59:29,eb2311,eb2311,7943.0,0.0,0.0,0.0,3,7824.0,7888.0,4,7943.0,7826.0,0.0,0.0,0.0,0.0,115
2023-05-10 21:59:32,eb2311,eb2311,7943.0,0.0,0.0,0.0,3,7824.0,7888.0,5,7943.0,7826.0,0.0,0.0,0.0,0.0,115
2023-05-10 21:59:52,eb2311,eb2311,7943.0,0.0,0.0,0.0,3,7824.0,7887.0,2,7943.0,7826.0,0.0,0.0,0.0,0.0,115
2023-05-10 21:59:55,eb2311,eb2311,7943.0,0.0,0.0,0.0,3,7824.0,7887.0,4,7943.0,7826.0,0.0,0.0,0.0,0.0,115
2023-05-10 21:59:59,eb2311,eb2311,7943.0,0.0,0.0,0.0,3,7824.0,7887.0,2,7943.0,7826.0,0.0,0.0,0.0,0.0,115
2023-05-10 22:00:00,eb2311,eb2311,7943.0,0.0,0.0,0.0,3,7824.0,7886.0,2,7943.0,7826.0,0.0,0.0,0.0,0.0,115
2023-05-10 22:00:03,eb2311,eb2311,7943.0,0.0,0.0,0.0,3,7824.0,7887.0,2,7943.0,7826.0,0.0,0.0,0.0,0.0,115
2023-05-10 22:00:03,eb2311,eb2311,7943.0,0.0,0.0,0.0,3,7824.0,7887.0,4,7943.0,7826.0,0.0,0.0,0.0,0.0,115
2023-05-10 22:00:06,eb2311,eb2311,7943.0,0.0,0.0,0.0,3,7824.0,7887.0,2,7943.0,7826.0,0.0,0.0,0.0,0.0,115
2023-05-10 22:00:48,eb2311,eb2311,7943.0,0.0,0.0,0.0,4,7824.0,7887.0,2,7943.0,7826.0,0.0,0.0,0.0,0.0,115
2023-05-10 22:00:49,eb2311,eb2311,7943.0,0.0,0.0,0.0,3,7824.0,7887.0,2,7943.0,7826.0,0.0,0.0,0.0,0.0,115
2023-05-10 22:00:50,eb2311,eb2311,7943.0,0.0,0.0,0.0,4,7824.0,7887.0,2,7943.0,7826.0,0.0,0.0,0.0,0.0,115
2023-05-10 22:00:50,eb2311,eb2311,7943.0,0.0,0.0,0.0,3,7824.0,7887.0,2,7943.0,7826.0,0.0,0.0,0.0,0.0,115
2023-05-10 22:02:24,eb2311,eb2311,7943.0,0.0,0.0,0.0,2,7824.0,7887.0,2,7943.0,7826.0,0.0,0.0,0.0,0.0,115
2023-05-10 22:02:25,eb2311,eb2311,7943.0,0.0,0.0,0.0,3,7824.0,7887.0,2,7943.0,7826.0,0.0,0.0,0.0,0.0,115
2023-05-10 22:02:41,eb2311,eb2311,7943.0,0.0,0.0,0.0,4,7824.0,7887.0,2,7943.0,7826.0,0.0,0.0,0.0,0.0,115
2023-05-10 22:02:46,eb2311,eb2311,7943.0,0.0,0.0,0.0,3,7824.0,7887.0,2,7943.0,7826.0,0.0,0.0,0.0,0.0,115
2023-05-10 22:02:46,eb2311,eb2311,7943.0,0.0,0.0,0.0,4,7824.0,7887.0,2,7943.0,7826.0,0.0,0.0,0.0,0.0,115
2023-05-10 22:02:47,eb2311,eb2311,7943.0,0.0,0.0,0.0,3,7824.0,7887.0,2,7943.0,7826.0,0.0,0.0,0.0,0.0,115
2023-05-10 22:04:52,eb2311,eb2311,7943.0,0.0,0.0,0.0,3,7824.0,7905.0,1,7943.0,7826.0,0.0,0.0,0.0,0.0,115
2023-05-10 22:04:52,eb2311,eb2311,7943.0,0.0,0.0,0.0,3,7824.0,7904.0,5,7943.0,7826.0,0.0,0.0,0.0,0.0,115
2023-05-10 22:04:53,eb2311,eb2311,7943.0,0.0,0.0,0.0,3,7824.0,7904.0,6,7943.0,7826.0,0.0,0.0,0.0,0.0,115
2023-05-10 22:05:27,eb2311,eb2311,7943.0,0.0,0.0,0.0,3,7824.0,7903.0,2,7943.0,7826.0,0.0,0.0,0.0,0.0,115
2023-05-10 22:05:30,eb2311,eb2311,7943.0,0.0,0.0,0.0,3,7824.0,7902.0,3,7943.0,7826.0,0.0,0.0,0.0,0.0,115
2023-05-10 22:05:31,eb2311,eb2311,7943.0,0.0,0.0,0.0,3,7824.0,7901.0,2,7943.0,7826.0,0.0,0.0,0.0,0.0,115
2023-05-10 22:05:34,eb2311,eb2311,7943.0,0.0,0.0,0.0,3,7824.0,7897.0,3,7943.0,7826.0,0.0,0.0,0.0,0.0,115
2023-05-10 22:05:36,eb2311,eb2311,7943.0,0.0,0.0,0.0,3,7824.0,7896.0,2,7943.0,7826.0,0.0,0.0,0.0,0.0,115
2023-05-10 22:05:38,eb2311,eb2311,7943.0,0.0,0.0,0.0,3,7824.0,7888.0,2,7943.0,7826.0,0.0,0.0,0.0,0.0,115
2023-05-10 22:05:39,eb2311,eb2311,7943.0,0.0,0.0,0.0,3,7824.0,7895.0,1,7943.0,7826.0,0.0,0.0,0.0,0.0,115
2023-05-10 22:05:40,eb2311,eb2311,7943.0,0.0,0.0,0.0,3,7824.0,7894.0,2,7943.0,7826.0,0.0,0.0,0.0,0.0,115
2023-05-10 22:05:40,eb2311,eb2311,7943.0,0.0,0.0,0.0,3,7824.0,7893.0,2,7943.0,7826.0,0.0,0.0,0.0,0.0,115
2023-05-10 22:05:41,eb2311,eb2311,7943.0,0.0,0.0,0.0,3,7824.0,7893.0,3,7943.0,7826.0,0.0,0.0,0.0,0.0,115
2023-05-10 22:05:47,eb2311,eb2311,7943.0,0.0,0.0,0.0,3,7824.0,7892.0,2,7943.0,7826.0,0.0,0.0,0.0,0.0,115
2023-05-10 22:05:48,eb2311,eb2311,7943.0,0.0,0.0,0.0,3,7824.0,7889.0,2,7943.0,7826.0,0.0,0.0,0.0,0.0,115
2023-05-10 22:06:08,eb2311,eb2311,7943.0,0.0,0.0,0.0,3,7824.0,7891.0,1,7943.0,7826.0,0.0,0.0,0.0,0.0,115
2023-05-10 22:06:09,eb2311,eb2311,7943.0,0.0,0.0,0.0,3,7824.0,7891.0,3,7943.0,7826.0,0.0,0.0,0.0,0.0,115
2023-05-10 22:06:10,eb2311,eb2311,7943.0,0.0,0.0,0.0,3,7824.0,7890.0,2,7943.0,7826.0,0.0,0.0,0.0,0.0,115
2023-05-10 22:06:28,eb2311,eb2311,7943.0,0.0,0.0,0.0,4,7824.0,7890.0,2,7943.0,7826.0,0.0,0.0,0.0,0.0,115
2023-05-10 22:06:29,eb2311,eb2311,7943.0,0.0,0.0,0.0,3,7824.0,7890.0,2,7943.0,7826.0,0.0,0.0,0.0,0.0,115
2023-05-10 22:06:31,eb2311,eb2311,7943.0,0.0,0.0,0.0,4,7824.0,7890.0,2,7943.0,7826.0,0.0,0.0,0.0,0.0,115
2023-05-10 22:06:41,eb2311,eb2311,7943.0,0.0,0.0,0.0,3,7824.0,7890.0,2,7943.0,7826.0,0.0,0.0,0.0,0.0,115
2023-05-10 22:06:42,eb2311,eb2311,7943.0,0.0,0.0,0.0,4,7824.0,7890.0,2,7943.0,7826.0,0.0,0.0,0.0,0.0,115
2023-05-10 22:06:46,eb2311,eb2311,7943.0,0.0,0.0,0.0,3,7824.0,7890.0,2,7943.0,7826.0,0.0,0.0,0.0,0.0,115
2023-05-10 22:06:47,eb2311,eb2311,7943.0,0.0,0.0,0.0,4,7824.0,7890.0,2,7943.0,7826.0,0.0,0.0,0.0,0.0,115
2023-05-10 22:06:52,eb2311,eb2311,7943.0,0.0,0.0,0.0,3,7824.0,7890.0,2,7943.0,7826.0,0.0,0.0,0.0,0.0,115
2023-05-10 22:06:52,eb2311,eb2311,7943.0,0.0,0.0,0.0,4,7824.0,7890.0,2,7943.0,7826.0,0.0,0.0,0.0,0.0,115
2023-05-10 22:06:52,eb2311,eb2311,7943.0,0.0,0.0,0.0,3,7824.0,7890.0,2,7943.0,7826.0,0.0,0.0,0.0,0.0,115
2023-05-10 22:06:56,eb2311,eb2311,7943.0,0.0,0.0,0.0,4,7824.0,7890.0,2,7943.0,7826.0,0.0,0.0,0.0,0.0,115
2023-05-10 22:07:02,eb2311,eb2311,7943.0,0.0,0.0,0.0,4,7824.0,7889.0,2,7943.0,7826.0,0.0,0.0,0.0,0.0,115
2023-05-10 22:07:02,eb2311,eb2311,7943.0,0.0,0.0,0.0,4,7824.0,7890.0,2,7943.0,7826.0,0.0,0.0,0.0,0.0,115
2023-05-10 22:07:06,eb2311,eb2311,7943.0,0.0,0.0,0.0,3,7824.0,7890.0,2,7943.0,7826.0,0.0,0.0,0.0,0.0,115
2023-05-10 22:07:06,eb2311,eb2311,7943.0,0.0,0.0,0.0,3,7824.0,7889.0,2,7943.0,7826.0,0.0,0.0,0.0,0.0,115
2023-05-10 22:07:09,eb2311,eb2311,7943.0,0.0,0.0,0.0,3,7824.0,7890.0,2,7943.0,7826.0,0.0,0.0,0.0,0.0,115
2023-05-10 22:07:12,eb2311,eb2311,7943.0,0.0,0.0,0.0,3,7824.0,7889.0,2,7943.0,7826.0,0.0,0.0,0.0,0.0,115
2023-05-10 22:07:16,eb2311,eb2311,7943.0,0.0,0.0,0.0,4,7824.0,7889.0,2,7943.0,7826.0,0.0,0.0,0.0,0.0,115
2023-05-10 22:07:18,eb2311,eb2311,7943.0,0.0,0.0,0.0,2,7824.0,7889.0,2,7943.0,7826.0,0.0,0.0,0.0,0.0,115
2023-05-10 22:07:18,eb2311,eb2311,7943.0,0.0,0.0,0.0,2,7825.0,7889.0,2,7943.0,7826.0,0.0,0.0,0.0,0.0,115
2023-05-10 22:07:23,eb2311,eb2311,7943.0,0.0,0.0,0.0,2,7825.0,7890.0,2,7943.0,7826.0,0.0,0.0,0.0,0.0,115
2023-05-10 22:07:29,eb2311,eb2311,7943.0,0.0,0.0,0.0,2,7825.0,7889.0,2,7943.0,7826.0,0.0,0.0,0.0,0.0,115
2023-05-10 22:07:33,eb2311,eb2311,7943.0,0.0,0.0,0.0,2,7825.0,7890.0,2,7943.0,7826.0,0.0,0.0,0.0,0.0,115
2023-05-10 22:07:39,eb2311,eb2311,7943.0,0.0,0.0,0.0,3,7825.0,7890.0,2,7943.0,7826.0,0.0,0.0,0.0,0.0,115
2023-05-10 22:07:41,eb2311,eb2311,7943.0,0.0,0.0,0.0,2,7825.0,7890.0,2,7943.0,7826.0,0.0,0.0,0.0,0.0,115
2023-05-10 22:07:42,eb2311,eb2311,7943.0,0.0,0.0,0.0,3,7825.0,7890.0,2,7943.0,7826.0,0.0,0.0,0.0,0.0,115
2023-05-10 22:07:47,eb2311,eb2311,7943.0,0.0,0.0,0.0,2,7825.0,7890.0,2,7943.0,7826.0,0.0,0.0,0.0,0.0,115
2023-05-10 22:08:15,eb2311,eb2311,7943.0,0.0,0.0,0.0,3,7825.0,7890.0,2,7943.0,7826.0,0.0,0.0,0.0,0.0,115
2023-05-10 22:08:23,eb2311,eb2311,7943.0,0.0,0.0,0.0,2,7825.0,7890.0,2,7943.0,7826.0,0.0,0.0,0.0,0.0,115
2023-05-10 22:08:28,eb2311,eb2311,7943.0,0.0,0.0,0.0,3,7825.0,7890.0,2,7943.0,7826.0,0.0,0.0,0.0,0.0,115
2023-05-10 22:08:35,eb2311,eb2311,7943.0,0.0,0.0,0.0,2,7825.0,7890.0,2,7943.0,7826.0,0.0,0.0,0.0,0.0,115
2023-05-10 22:08:58,eb2311,eb2311,7943.0,0.0,0.0,0.0,3,7825.0,7890.0,2,7943.0,7826.0,0.0,0.0,0.0,0.0,115
2023-05-10 22:08:59,eb2311,eb2311,7943.0,0.0,0.0,0.0,2,7825.0,7890.0,2,7943.0,7826.0,0.0,0.0,0.0,0.0,115
2023-05-10 22:09:00,eb2311,eb2311,7943.0,0.0,0.0,0.0,3,7825.0,7890.0,2,7943.0,7826.0,0.0,0.0,0.0,0.0,115
2023-05-10 22:09:04,eb2311,eb2311,7943.0,0.0,0.0,0.0,2,7825.0,7890.0,2,7943.0,7826.0,0.0,0.0,0.0,0.0,115
2023-05-10 22:09:43,eb2311,eb2311,7943.0,0.0,0.0,0.0,3,7825.0,7890.0,2,7943.0,7826.0,0.0,0.0,0.0,0.0,115
2023-05-10 22:09:45,eb2311,eb2311,7943.0,0.0,0.0,0.0,2,7825.0,7890.0,2,7943.0,7826.0,0.0,0.0,0.0,0.0,115
2023-05-10 22:09:46,eb2311,eb2311,7943.0,0.0,0.0,0.0,2,7825.0,7889.0,2,7943.0,7826.0,0.0,0.0,0.0,0.0,115
2023-05-10 22:09:47,eb2311,eb2311,7943.0,0.0,0.0,0.0,2,7825.0,7890.0,2,7943.0,7826.0,0.0,0.0,0.0,0.0,115
2023-05-10 22:09:48,eb2311,eb2311,7943.0,0.0,0.0,0.0,2,7825.0,7889.0,2,7943.0,7826.0,0.0,0.0,0.0,0.0,115
2023-05-10 22:09:49,eb2311,eb2311,7943.0,0.0,0.0,0.0,2,7825.0,7890.0,2,7943.0,7826.0,0.0,0.0,0.0,0.0,115
2023-05-10 22:09:52,eb2311,eb2311,7943.0,0.0,0.0,0.0,2,7825.0,7889.0,2,7943.0,7826.0,0.0,0.0,0.0,0.0,115
2023-05-10 22:09:53,eb2311,eb2311,7943.0,0.0,0.0,0.0,2,7825.0,7889.0,3,7943.0,7826.0,0.0,0.0,0.0,0.0,115
2023-05-10 22:09:59,eb2311,eb2311,7943.0,0.0,0.0,0.0,2,7825.0,7889.0,5,7943.0,7826.0,0.0,0.0,0.0,0.0,115
2023-05-10 22:10:01,eb2311,eb2311,7943.0,0.0,0.0,0.0,2,7825.0,7889.0,2,7943.0,7826.0,0.0,0.0,0.0,0.0,115
2023-05-10 22:10:02,eb2311,eb2311,7943.0,0.0,0.0,0.0,2,7825.0,7890.0,2,7943.0,7826.0,0.0,0.0,0.0,0.0,115
2023-05-10 22:10:05,eb2311,eb2311,7943.0,0.0,0.0,0.0,2,7825.0,7889.0,3,7943.0,7826.0,0.0,0.0,0.0,0.0,115
2023-05-10 22:10:09,eb2311,eb2311,7943.0,0.0,0.0,0.0,2,7825.0,7889.0,5,7943.0,7826.0,0.0,0.0,0.0,0.0,115
2023-05-10 22:10:11,eb2311,eb2311,7943.0,0.0,0.0,0.0,2,7825.0,7889.0,3,7943.0,7826.0,0.0,0.0,0.0,0.0,115
2023-05-10 22:10:12,eb2311,eb2311,7943.0,0.0,0.0,0.0,2,7825.0,7888.0,2,7943.0,7826.0,0.0,0.0,0.0,0.0,115
2023-05-10 22:10:13,eb2311,eb2311,7943.0,0.0,0.0,0.0,2,7825.0,7887.0,3,7943.0,7826.0,0.0,0.0,0.0,0.0,115
2023-05-10 22:10:14,eb2311,eb2311,7943.0,0.0,0.0,0.0,2,7825.0,7890.0,2,7943.0,7826.0,0.0,0.0,0.0,0.0,115
2023-05-10 22:10:15,eb2311,eb2311,7943.0,0.0,0.0,0.0,2,7825.0,7890.0,4,7943.0,7826.0,0.0,0.0,0.0,0.0,115
2023-05-10 22:10:15,eb2311,eb2311,7943.0,0.0,0.0,0.0,2,7825.0,7889.0,3,7943.0,7826.0,0.0,0.0,0.0,0.0,115
2023-05-10 22:10:21,eb2311,eb2311,7943.0,0.0,0.0,0.0,2,7825.0,7890.0,2,7943.0,7826.0,0.0,0.0,0.0,0.0,115
2023-05-10 22:10:42,eb2311,eb2311,7943.0,0.0,0.0,0.0,2,7825.0,7889.0,3,7943.0,7826.0,0.0,0.0,0.0,0.0,115
2023-05-10 22:11:02,eb2311,eb2311,7943.0,0.0,0.0,0.0,2,7825.0,7889.0,5,7943.0,7826.0,0.0,0.0,0.0,0.0,115
2023-05-10 22:11:09,eb2311,eb2311,7943.0,0.0,0.0,0.0,2,7825.0,7889.0,3,7943.0,7826.0,0.0,0.0,0.0,0.0,115
2023-05-10 22:11:10,eb2311,eb2311,7943.0,0.0,0.0,0.0,2,7825.0,7904.0,1,7943.0,7826.0,0.0,0.0,0.0,0.0,115
2023-05-10 22:11:10,eb2311,eb2311,7943.0,0.0,0.0,0.0,2,7825.0,8172.0,1,7943.0,7826.0,0.0,0.0,0.0,0.0,115
2023-05-10 22:11:11,eb2311,eb2311,7943.0,0.0,0.0,0.0,2,7825.0,7903.0,5,7943.0,7826.0,0.0,0.0,0.0,0.0,115
2023-05-10 22:11:11,eb2311,eb2311,7943.0,0.0,0.0,0.0,2,7825.0,7903.0,7,7943.0,7826.0,0.0,0.0,0.0,0.0,115
2023-05-10 22:11:47,eb2311,eb2311,7943.0,0.0,0.0,0.0,2,7825.0,7902.0,2,7943.0,7826.0,0.0,0.0,0.0,0.0,115
2023-05-10 22:11:48,eb2311,eb2311,7943.0,0.0,0.0,0.0,2,7825.0,7901.0,3,7943.0,7826.0,0.0,0.0,0.0,0.0,115
2023-05-10 22:11:48,eb2311,eb2311,7943.0,0.0,0.0,0.0,2,7825.0,7900.0,2,7943.0,7826.0,0.0,0.0,0.0,0.0,115
2023-05-10 22:11:51,eb2311,eb2311,7943.0,0.0,0.0,0.0,2,7825.0,7896.0,3,7943.0,7826.0,0.0,0.0,0.0,0.0,115
2023-05-10 22:11:52,eb2311,eb2311,7943.0,0.0,0.0,0.0,2,7825.0,7895.0,2,7943.0,7826.0,0.0,0.0,0.0,0.0,115
2023-05-10 22:11:53,eb2311,eb2311,7943.0,0.0,0.0,0.0,2,7825.0,7889.0,2,7943.0,7826.0,0.0,0.0,0.0,0.0,115
2023-05-10 22:12:04,eb2311,eb2311,7943.0,0.0,0.0,0.0,2,7825.0,7889.0,3,7943.0,7826.0,0.0,0.0,0.0,0.0,115
2023-05-10 22:12:04,eb2311,eb2311,7943.0,0.0,0.0,0.0,2,7825.0,7888.0,2,7943.0,7826.0,0.0,0.0,0.0,0.0,115
2023-05-10 22:12:07,eb2311,eb2311,7943.0,0.0,0.0,0.0,2,7825.0,7886.0,3,7943.0,7826.0,0.0,0.0,0.0,0.0,115
2023-05-10 22:12:08,eb2311,eb2311,7943.0,0.0,0.0,0.0,2,7825.0,7902.0,2,7943.0,7826.0,0.0,0.0,0.0,0.0,115
2023-05-10 22:12:09,eb2311,eb2311,7943.0,0.0,0.0,0.0,2,7825.0,7901.0,3,7943.0,7826.0,0.0,0.0,0.0,0.0,115
2023-05-10 22:12:10,eb2311,eb2311,7943.0,0.0,0.0,0.0,2,7825.0,7900.0,2,7943.0,7826.0,0.0,0.0,0.0,0.0,115
2023-05-10 22:12:10,eb2311,eb2311,7943.0,0.0,0.0,0.0,2,7825.0,7900.0,3,7943.0,7826.0,0.0,0.0,0.0,0.0,115
2023-05-10 22:12:11,eb2311,eb2311,7943.0,0.0,0.0,0.0,2,7825.0,7896.0,3,7943.0,7826.0,0.0,0.0,0.0,0.0,115
2023-05-10 22:12:13,eb2311,eb2311,7943.0,0.0,0.0,0.0,2,7825.0,7895.0,2,7943.0,7826.0,0.0,0.0,0.0,0.0,115
2023-05-10 22:12:14,eb2311,eb2311,7943.0,0.0,0.0,0.0,2,7825.0,7888.0,2,7943.0,7826.0,0.0,0.0,0.0,0.0,115
2023-05-10 22:12:25,eb2311,eb2311,7943.0,0.0,0.0,0.0,2,7825.0,7894.0,1,7943.0,7826.0,0.0,0.0,0.0,0.0,115
2023-05-10 22:12:25,eb2311,eb2311,7943.0,0.0,0.0,0.0,2,7825.0,7893.0,2,7943.0,7826.0,0.0,0.0,0.0,0.0,115
2023-05-10 22:12:26,eb2311,eb2311,7943.0,0.0,0.0,0.0,2,7825.0,7892.0,2,7943.0,7826.0,0.0,0.0,0.0,0.0,115
2023-05-10 22:12:26,eb2311,eb2311,7943.0,0.0,0.0,0.0,2,7825.0,7892.0,3,7943.0,7826.0,0.0,0.0,0.0,0.0,115
2023-05-10 22:12:30,eb2311,eb2311,7943.0,0.0,0.0,0.0,2,7825.0,7891.0,2,7943.0,7826.0,0.0,0.0,0.0,0.0,115
2023-05-10 22:12:34,eb2311,eb2311,7943.0,0.0,0.0,0.0,2,7825.0,7889.0,2,7943.0,7826.0,0.0,0.0,0.0,0.0,115
2023-05-10 22:12:50,eb2311,eb2311,7943.0,0.0,0.0,0.0,2,7825.0,7890.0,1,7943.0,7826.0,0.0,0.0,0.0,0.0,115
2023-05-10 22:12:51,eb2311,eb2311,7943.0,0.0,0.0,0.0,2,7825.0,7903.0,1,7943.0,7826.0,0.0,0.0,0.0,0.0,115
