time,symbol_id,symbol_name,last,trade_volume,trade_amount,open_interest_change,bv1,bp1,ap1,av1,yesterday_close,today_open,today_high,today_low,volume,amount,open_interest
2023-05-10 20:55:54,eb2404,eb2404,7863.0,0.0,0.0,0.0,1,7587.0,8047.0,1,7863.0,7654.0,0.0,0.0,0.0,0.0,107
2023-05-10 21:00:01,eb2404,eb2404,7863.0,0.0,0.0,0.0,2,7587.0,8046.0,1,7863.0,7654.0,0.0,0.0,0.0,0.0,107
2023-05-10 21:00:01,eb2404,eb2404,7863.0,0.0,0.0,0.0,1,7587.0,8046.0,1,7863.0,7654.0,0.0,0.0,0.0,0.0,107
2023-05-10 21:00:02,eb2404,eb2404,7863.0,0.0,0.0,0.0,1,7587.0,8047.0,2,7863.0,7654.0,0.0,0.0,0.0,0.0,107
2023-05-10 21:00:02,eb2404,eb2404,7863.0,0.0,0.0,0.0,1,7587.0,8047.0,1,7863.0,7654.0,0.0,0.0,0.0,0.0,107
2023-05-10 21:00:03,eb2404,eb2404,7863.0,0.0,0.0,0.0,1,7588.0,8046.0,1,7863.0,7654.0,0.0,0.0,0.0,0.0,107
2023-05-10 21:00:05,eb2404,eb2404,7863.0,0.0,0.0,0.0,1,7588.0,8045.0,1,7863.0,7654.0,0.0,0.0,0.0,0.0,107
2023-05-10 21:00:06,eb2404,eb2404,7863.0,0.0,0.0,0.0,1,7588.0,8044.0,1,7863.0,7654.0,0.0,0.0,0.0,0.0,107
2023-05-10 21:00:12,eb2404,eb2404,7863.0,0.0,0.0,0.0,1,7588.0,8043.0,2,7863.0,7654.0,0.0,0.0,0.0,0.0,107
2023-05-10 21:00:13,eb2404,eb2404,7863.0,0.0,0.0,0.0,1,7588.0,8042.0,1,7863.0,7654.0,0.0,0.0,0.0,0.0,107
2023-05-10 21:00:15,eb2404,eb2404,7863.0,0.0,0.0,0.0,2,7589.0,8042.0,1,7863.0,7654.0,0.0,0.0,0.0,0.0,107
2023-05-10 21:00:17,eb2404,eb2404,7863.0,0.0,0.0,0.0,1,7590.0,8041.0,2,7863.0,7654.0,0.0,0.0,0.0,0.0,107
2023-05-10 21:00:18,eb2404,eb2404,7863.0,0.0,0.0,0.0,1,7590.0,8040.0,1,7863.0,7654.0,0.0,0.0,0.0,0.0,107
2023-05-10 21:00:21,eb2404,eb2404,7863.0,0.0,0.0,0.0,1,7590.0,8039.0,3,7863.0,7654.0,0.0,0.0,0.0,0.0,107
2023-05-10 21:00:22,eb2404,eb2404,7863.0,0.0,0.0,0.0,1,7590.0,8038.0,1,7863.0,7654.0,0.0,0.0,0.0,0.0,107
2023-05-10 21:00:23,eb2404,eb2404,7863.0,0.0,0.0,0.0,1,7590.0,8037.0,1,7863.0,7654.0,0.0,0.0,0.0,0.0,107
2023-05-10 21:00:24,eb2404,eb2404,7863.0,0.0,0.0,0.0,1,7590.0,8036.0,2,7863.0,7654.0,0.0,0.0,0.0,0.0,107
2023-05-10 21:00:25,eb2404,eb2404,7863.0,0.0,0.0,0.0,1,7590.0,8035.0,1,7863.0,7654.0,0.0,0.0,0.0,0.0,107
2023-05-10 21:00:26,eb2404,eb2404,7863.0,0.0,0.0,0.0,1,7590.0,8034.0,1,7863.0,7654.0,0.0,0.0,0.0,0.0,107
2023-05-10 21:00:28,eb2404,eb2404,7863.0,0.0,0.0,0.0,1,7590.0,8033.0,3,7863.0,7654.0,0.0,0.0,0.0,0.0,107
2023-05-10 21:00:29,eb2404,eb2404,7863.0,0.0,0.0,0.0,1,7590.0,8032.0,1,7863.0,7654.0,0.0,0.0,0.0,0.0,107
2023-05-10 21:00:31,eb2404,eb2404,7863.0,0.0,0.0,0.0,1,7590.0,8031.0,2,7863.0,7654.0,0.0,0.0,0.0,0.0,107
2023-05-10 21:00:32,eb2404,eb2404,7863.0,0.0,0.0,0.0,1,7590.0,8030.0,1,7863.0,7654.0,0.0,0.0,0.0,0.0,107
2023-05-10 21:00:34,eb2404,eb2404,7863.0,0.0,0.0,0.0,1,7590.0,8029.0,3,7863.0,7654.0,0.0,0.0,0.0,0.0,107
2023-05-10 21:00:36,eb2404,eb2404,7863.0,0.0,0.0,0.0,1,7590.0,8028.0,1,7863.0,7654.0,0.0,0.0,0.0,0.0,107
2023-05-10 21:00:37,eb2404,eb2404,7863.0,0.0,0.0,0.0,1,7590.0,8027.0,3,7863.0,7654.0,0.0,0.0,0.0,0.0,107
2023-05-10 21:00:40,eb2404,eb2404,7863.0,0.0,0.0,0.0,1,7590.0,8026.0,1,7863.0,7654.0,0.0,0.0,0.0,0.0,107
2023-05-10 21:00:41,eb2404,eb2404,7863.0,0.0,0.0,0.0,1,7590.0,8025.0,3,7863.0,7654.0,0.0,0.0,0.0,0.0,107
2023-05-10 21:00:43,eb2404,eb2404,7863.0,0.0,0.0,0.0,1,7590.0,8024.0,1,7863.0,7654.0,0.0,0.0,0.0,0.0,107
2023-05-10 21:00:44,eb2404,eb2404,7863.0,0.0,0.0,0.0,1,7590.0,8023.0,3,7863.0,7654.0,0.0,0.0,0.0,0.0,107
2023-05-10 21:00:46,eb2404,eb2404,7863.0,0.0,0.0,0.0,1,7590.0,8022.0,1,7863.0,7654.0,0.0,0.0,0.0,0.0,107
2023-05-10 21:00:47,eb2404,eb2404,7863.0,0.0,0.0,0.0,1,7590.0,8021.0,3,7863.0,7654.0,0.0,0.0,0.0,0.0,107
2023-05-10 21:00:49,eb2404,eb2404,7863.0,0.0,0.0,0.0,1,7590.0,8020.0,1,7863.0,7654.0,0.0,0.0,0.0,0.0,107
2023-05-10 21:00:50,eb2404,eb2404,7863.0,0.0,0.0,0.0,1,7590.0,8020.0,2,7863.0,7654.0,0.0,0.0,0.0,0.0,107
2023-05-10 21:00:50,eb2404,eb2404,7863.0,0.0,0.0,0.0,1,7590.0,8019.0,3,7863.0,7654.0,0.0,0.0,0.0,0.0,107
2023-05-10 21:00:52,eb2404,eb2404,7863.0,0.0,0.0,0.0,1,7590.0,8018.0,1,7863.0,7654.0,0.0,0.0,0.0,0.0,107
2023-05-10 21:00:53,eb2404,eb2404,7863.0,0.0,0.0,0.0,1,7590.0,8017.0,4,7863.0,7654.0,0.0,0.0,0.0,0.0,107
2023-05-10 21:00:55,eb2404,eb2404,7863.0,0.0,0.0,0.0,1,7590.0,8016.0,1,7863.0,7654.0,0.0,0.0,0.0,0.0,107
2023-05-10 21:00:56,eb2404,eb2404,7863.0,0.0,0.0,0.0,1,7590.0,8016.0,2,7863.0,7654.0,0.0,0.0,0.0,0.0,107
2023-05-10 21:00:56,eb2404,eb2404,7863.0,0.0,0.0,0.0,1,7590.0,8015.0,4,7863.0,7654.0,0.0,0.0,0.0,0.0,107
2023-05-10 21:00:58,eb2404,eb2404,7863.0,0.0,0.0,0.0,1,7591.0,8015.0,4,7863.0,7654.0,0.0,0.0,0.0,0.0,107
2023-05-10 21:00:58,eb2404,eb2404,7863.0,0.0,0.0,0.0,3,7591.0,8014.0,1,7863.0,7654.0,0.0,0.0,0.0,0.0,107
2023-05-10 21:00:59,eb2404,eb2404,7863.0,0.0,0.0,0.0,1,7592.0,8013.0,3,7863.0,7654.0,0.0,0.0,0.0,0.0,107
2023-05-10 21:01:00,eb2404,eb2404,7863.0,0.0,0.0,0.0,1,7592.0,8013.0,4,7863.0,7654.0,0.0,0.0,0.0,0.0,107
2023-05-10 21:01:00,eb2404,eb2404,7863.0,0.0,0.0,0.0,1,7593.0,8013.0,4,7863.0,7654.0,0.0,0.0,0.0,0.0,107
2023-05-10 21:01:01,eb2404,eb2404,7863.0,0.0,0.0,0.0,1,7593.0,8012.0,1,7863.0,7654.0,0.0,0.0,0.0,0.0,107
2023-05-10 21:01:02,eb2404,eb2404,7863.0,0.0,0.0,0.0,1,7594.0,8011.0,3,7863.0,7654.0,0.0,0.0,0.0,0.0,107
2023-05-10 21:01:03,eb2404,eb2404,7863.0,0.0,0.0,0.0,1,7594.0,8010.0,1,7863.0,7654.0,0.0,0.0,0.0,0.0,107
2023-05-10 21:01:03,eb2404,eb2404,7863.0,0.0,0.0,0.0,1,7595.0,8010.0,1,7863.0,7654.0,0.0,0.0,0.0,0.0,107
2023-05-10 21:01:04,eb2404,eb2404,7863.0,0.0,0.0,0.0,1,7595.0,8009.0,1,7863.0,7654.0,0.0,0.0,0.0,0.0,107
2023-05-10 21:01:05,eb2404,eb2404,7863.0,0.0,0.0,0.0,1,7596.0,8008.0,3,7863.0,7654.0,0.0,0.0,0.0,0.0,107
2023-05-10 21:01:06,eb2404,eb2404,7863.0,0.0,0.0,0.0,1,7596.0,8007.0,1,7863.0,7654.0,0.0,0.0,0.0,0.0,107
2023-05-10 21:01:06,eb2404,eb2404,7863.0,0.0,0.0,0.0,1,7597.0,8007.0,1,7863.0,7654.0,0.0,0.0,0.0,0.0,107
2023-05-10 21:01:07,eb2404,eb2404,7863.0,0.0,0.0,0.0,1,7597.0,8006.0,1,7863.0,7654.0,0.0,0.0,0.0,0.0,107
2023-05-10 21:01:08,eb2404,eb2404,7863.0,0.0,0.0,0.0,1,7598.0,8005.0,3,7863.0,7654.0,0.0,0.0,0.0,0.0,107
2023-05-10 21:01:09,eb2404,eb2404,7863.0,0.0,0.0,0.0,1,7599.0,8004.0,1,7863.0,7654.0,0.0,0.0,0.0,0.0,107
2023-05-10 21:01:10,eb2404,eb2404,7863.0,0.0,0.0,0.0,1,7599.0,8003.0,1,7863.0,7654.0,0.0,0.0,0.0,0.0,107
2023-05-10 21:01:12,eb2404,eb2404,7863.0,0.0,0.0,0.0,1,7600.0,8002.0,4,7863.0,7654.0,0.0,0.0,0.0,0.0,107
2023-05-10 21:01:13,eb2404,eb2404,7863.0,0.0,0.0,0.0,1,7600.0,8001.0,1,7863.0,7654.0,0.0,0.0,0.0,0.0,107
2023-05-10 21:01:14,eb2404,eb2404,7863.0,0.0,0.0,0.0,1,7601.0,8001.0,1,7863.0,7654.0,0.0,0.0,0.0,0.0,107
2023-05-10 21:01:15,eb2404,eb2404,7863.0,0.0,0.0,0.0,1,7602.0,8000.0,4,7863.0,7654.0,0.0,0.0,0.0,0.0,107
2023-05-10 21:01:16,eb2404,eb2404,7863.0,0.0,0.0,0.0,1,7602.0,7999.0,1,7863.0,7654.0,0.0,0.0,0.0,0.0,107
2023-05-10 21:01:18,eb2404,eb2404,7863.0,0.0,0.0,0.0,1,7602.0,7998.0,4,7863.0,7654.0,0.0,0.0,0.0,0.0,107
2023-05-10 21:01:19,eb2404,eb2404,7863.0,0.0,0.0,0.0,1,7602.0,7997.0,1,7863.0,7654.0,0.0,0.0,0.0,0.0,107
2023-05-10 21:01:21,eb2404,eb2404,7863.0,0.0,0.0,0.0,1,7602.0,7996.0,1,7863.0,7654.0,0.0,0.0,0.0,0.0,107
2023-05-10 21:01:23,eb2404,eb2404,7863.0,0.0,0.0,0.0,1,7602.0,7995.0,4,7863.0,7654.0,0.0,0.0,0.0,0.0,107
2023-05-10 21:01:26,eb2404,eb2404,7863.0,0.0,0.0,0.0,1,7602.0,7994.0,1,7863.0,7654.0,0.0,0.0,0.0,0.0,107
2023-05-10 21:01:27,eb2404,eb2404,7863.0,0.0,0.0,0.0,1,7602.0,7993.0,4,7863.0,7654.0,0.0,0.0,0.0,0.0,107
2023-05-10 21:01:29,eb2404,eb2404,7863.0,0.0,0.0,0.0,1,7602.0,7992.0,1,7863.0,7654.0,0.0,0.0,0.0,0.0,107
2023-05-10 21:01:30,eb2404,eb2404,7863.0,0.0,0.0,0.0,1,7602.0,7991.0,4,7863.0,7654.0,0.0,0.0,0.0,0.0,107
2023-05-10 21:01:32,eb2404,eb2404,7863.0,0.0,0.0,0.0,1,7602.0,7990.0,1,7863.0,7654.0,0.0,0.0,0.0,0.0,107
2023-05-10 21:01:33,eb2404,eb2404,7863.0,0.0,0.0,0.0,1,7602.0,7989.0,4,7863.0,7654.0,0.0,0.0,0.0,0.0,107
2023-05-10 21:01:40,eb2404,eb2404,7863.0,0.0,0.0,0.0,1,7602.0,7988.0,1,7863.0,7654.0,0.0,0.0,0.0,0.0,107
2023-05-10 21:01:41,eb2404,eb2404,7863.0,0.0,0.0,0.0,2,7603.0,7987.0,4,7863.0,7654.0,0.0,0.0,0.0,0.0,107
2023-05-10 21:01:43,eb2404,eb2404,7863.0,0.0,0.0,0.0,1,7604.0,7986.0,1,7863.0,7654.0,0.0,0.0,0.0,0.0,107
2023-05-10 21:01:49,eb2404,eb2404,7863.0,0.0,0.0,0.0,1,7604.0,7985.0,4,7863.0,7654.0,0.0,0.0,0.0,0.0,107
2023-05-10 21:01:50,eb2404,eb2404,7863.0,0.0,0.0,0.0,1,7604.0,7985.0,5,7863.0,7654.0,0.0,0.0,0.0,0.0,107
2023-05-10 21:02:01,eb2404,eb2404,7863.0,0.0,0.0,0.0,1,7604.0,7984.0,1,7863.0,7654.0,0.0,0.0,0.0,0.0,107
2023-05-10 21:02:08,eb2404,eb2404,7863.0,0.0,0.0,0.0,1,7604.0,7983.0,1,7863.0,7654.0,0.0,0.0,0.0,0.0,107
2023-05-10 21:02:08,eb2404,eb2404,7863.0,0.0,0.0,0.0,1,7604.0,7983.0,2,7863.0,7654.0,0.0,0.0,0.0,0.0,107
2023-05-10 21:02:14,eb2404,eb2404,7863.0,0.0,0.0,0.0,1,7604.0,7982.0,2,7863.0,7654.0,0.0,0.0,0.0,0.0,107
2023-05-10 21:02:14,eb2404,eb2404,7863.0,0.0,0.0,0.0,1,7604.0,7982.0,3,7863.0,7654.0,0.0,0.0,0.0,0.0,107
2023-05-10 21:02:21,eb2404,eb2404,7863.0,0.0,0.0,0.0,1,7604.0,7981.0,1,7863.0,7654.0,0.0,0.0,0.0,0.0,107
2023-05-10 21:02:24,eb2404,eb2404,7863.0,0.0,0.0,0.0,2,7605.0,7981.0,1,7863.0,7654.0,0.0,0.0,0.0,0.0,107
2023-05-10 21:02:24,eb2404,eb2404,7863.0,0.0,0.0,0.0,2,7605.0,7980.0,4,7863.0,7654.0,0.0,0.0,0.0,0.0,107
2023-05-10 21:02:25,eb2404,eb2404,7863.0,0.0,0.0,0.0,1,7606.0,7980.0,4,7863.0,7654.0,0.0,0.0,0.0,0.0,107
2023-05-10 21:02:25,eb2404,eb2404,7863.0,0.0,0.0,0.0,1,7606.0,7979.0,1,7863.0,7654.0,0.0,0.0,0.0,0.0,107
2023-05-10 21:02:27,eb2404,eb2404,7863.0,0.0,0.0,0.0,1,7606.0,7978.0,4,7863.0,7654.0,0.0,0.0,0.0,0.0,107
2023-05-10 21:02:28,eb2404,eb2404,7863.0,0.0,0.0,0.0,1,7606.0,7977.0,1,7863.0,7654.0,0.0,0.0,0.0,0.0,107
2023-05-10 21:02:30,eb2404,eb2404,7863.0,0.0,0.0,0.0,1,7606.0,7976.0,4,7863.0,7654.0,0.0,0.0,0.0,0.0,107
2023-05-10 21:02:31,eb2404,eb2404,7863.0,0.0,0.0,0.0,1,7606.0,7975.0,1,7863.0,7654.0,0.0,0.0,0.0,0.0,107
2023-05-10 21:02:36,eb2404,eb2404,7863.0,0.0,0.0,0.0,1,7606.0,7974.0,4,7863.0,7654.0,0.0,0.0,0.0,0.0,107
2023-05-10 21:02:42,eb2404,eb2404,7863.0,0.0,0.0,0.0,1,7606.0,7973.0,1,7863.0,7654.0,0.0,0.0,0.0,0.0,107
2023-05-10 21:02:47,eb2404,eb2404,7863.0,0.0,0.0,0.0,1,7606.0,7972.0,2,7863.0,7654.0,0.0,0.0,0.0,0.0,107
2023-05-10 21:02:47,eb2404,eb2404,7863.0,0.0,0.0,0.0,1,7606.0,7972.0,4,7863.0,7654.0,0.0,0.0,0.0,0.0,107
2023-05-10 21:02:48,eb2404,eb2404,7863.0,0.0,0.0,0.0,1,7606.0,7971.0,1,7863.0,7654.0,0.0,0.0,0.0,0.0,107
2023-05-10 21:02:49,eb2404,eb2404,7863.0,0.0,0.0,0.0,1,7606.0,7970.0,1,7863.0,7654.0,0.0,0.0,0.0,0.0,107
2023-05-10 21:02:55,eb2404,eb2404,7863.0,0.0,0.0,0.0,1,7606.0,7969.0,4,7863.0,7654.0,0.0,0.0,0.0,0.0,107
2023-05-10 21:02:58,eb2404,eb2404,7863.0,0.0,0.0,0.0,1,7606.0,7968.0,1,7863.0,7654.0,0.0,0.0,0.0,0.0,107
2023-05-10 21:03:04,eb2404,eb2404,7863.0,0.0,0.0,0.0,1,7606.0,7967.0,4,7863.0,7654.0,0.0,0.0,0.0,0.0,107
2023-05-10 21:03:06,eb2404,eb2404,7863.0,0.0,0.0,0.0,2,7607.0,7966.0,1,7863.0,7654.0,0.0,0.0,0.0,0.0,107
2023-05-10 21:03:08,eb2404,eb2404,7863.0,0.0,0.0,0.0,1,7608.0,7965.0,4,7863.0,7654.0,0.0,0.0,0.0,0.0,107
2023-05-10 21:03:14,eb2404,eb2404,7863.0,0.0,0.0,0.0,1,7608.0,7964.0,1,7863.0,7654.0,0.0,0.0,0.0,0.0,107
2023-05-10 21:03:21,eb2404,eb2404,7863.0,0.0,0.0,0.0,1,7608.0,7963.0,1,7863.0,7654.0,0.0,0.0,0.0,0.0,107
2023-05-10 21:03:21,eb2404,eb2404,7863.0,0.0,0.0,0.0,1,7608.0,7963.0,2,7863.0,7654.0,0.0,0.0,0.0,0.0,107
2023-05-10 21:03:25,eb2404,eb2404,7863.0,0.0,0.0,0.0,1,7608.0,7962.0,3,7863.0,7654.0,0.0,0.0,0.0,0.0,107
2023-05-10 21:03:28,eb2404,eb2404,7863.0,0.0,0.0,0.0,1,7608.0,7961.0,2,7863.0,7654.0,0.0,0.0,0.0,0.0,107
2023-05-10 21:03:29,eb2404,eb2404,7863.0,0.0,0.0,0.0,1,7608.0,7960.0,2,7863.0,7654.0,0.0,0.0,0.0,0.0,107
2023-05-10 21:03:32,eb2404,eb2404,7863.0,0.0,0.0,0.0,1,7608.0,7959.0,3,7863.0,7654.0,0.0,0.0,0.0,0.0,107
2023-05-10 21:03:33,eb2404,eb2404,7863.0,0.0,0.0,0.0,1,7608.0,7958.0,2,7863.0,7654.0,0.0,0.0,0.0,0.0,107
2023-05-10 21:03:39,eb2404,eb2404,7863.0,0.0,0.0,0.0,1,7608.0,7957.0,3,7863.0,7654.0,0.0,0.0,0.0,0.0,107
2023-05-10 21:03:50,eb2404,eb2404,7863.0,0.0,0.0,0.0,2,7609.0,7956.0,2,7863.0,7654.0,0.0,0.0,0.0,0.0,107
2023-05-10 21:03:51,eb2404,eb2404,7863.0,0.0,0.0,0.0,1,7610.0,7955.0,3,7863.0,7654.0,0.0,0.0,0.0,0.0,107
2023-05-10 21:03:57,eb2404,eb2404,7863.0,0.0,0.0,0.0,1,7610.0,7954.0,2,7863.0,7654.0,0.0,0.0,0.0,0.0,107
2023-05-10 21:03:57,eb2404,eb2404,7863.0,0.0,0.0,0.0,1,7610.0,7954.0,3,7863.0,7654.0,0.0,0.0,0.0,0.0,107
2023-05-10 21:04:03,eb2404,eb2404,7863.0,0.0,0.0,0.0,1,7610.0,7953.0,3,7863.0,7654.0,0.0,0.0,0.0,0.0,107
2023-05-10 21:04:08,eb2404,eb2404,7863.0,0.0,0.0,0.0,1,7610.0,7952.0,2,7863.0,7654.0,0.0,0.0,0.0,0.0,107
2023-05-10 21:04:14,eb2404,eb2404,7863.0,0.0,0.0,0.0,1,7610.0,7951.0,3,7863.0,7654.0,0.0,0.0,0.0,0.0,107
2023-05-10 21:04:16,eb2404,eb2404,7863.0,0.0,0.0,0.0,1,7610.0,7950.0,2,7863.0,7654.0,0.0,0.0,0.0,0.0,107
2023-05-10 21:04:17,eb2404,eb2404,7863.0,0.0,0.0,0.0,1,7610.0,7949.0,3,7863.0,7654.0,0.0,0.0,0.0,0.0,107
2023-05-10 21:04:19,eb2404,eb2404,7863.0,0.0,0.0,0.0,1,7610.0,7948.0,2,7863.0,7654.0,0.0,0.0,0.0,0.0,107
2023-05-10 21:04:21,eb2404,eb2404,7863.0,0.0,0.0,0.0,1,7610.0,7947.0,3,7863.0,7654.0,0.0,0.0,0.0,0.0,107
2023-05-10 21:04:22,eb2404,eb2404,7863.0,0.0,0.0,0.0,1,7610.0,7946.0,1,7863.0,7654.0,0.0,0.0,0.0,0.0,107
2023-05-10 21:04:23,eb2404,eb2404,7863.0,0.0,0.0,0.0,1,7610.0,7945.0,1,7863.0,7654.0,0.0,0.0,0.0,0.0,107
2023-05-10 21:04:24,eb2404,eb2404,7863.0,0.0,0.0,0.0,1,7610.0,7944.0,3,7863.0,7654.0,0.0,0.0,0.0,0.0,107
2023-05-10 21:04:26,eb2404,eb2404,7863.0,0.0,0.0,0.0,1,7610.0,7943.0,1,7863.0,7654.0,0.0,0.0,0.0,0.0,107
2023-05-10 21:04:26,eb2404,eb2404,7863.0,0.0,0.0,0.0,1,7610.0,7943.0,2,7863.0,7654.0,0.0,0.0,0.0,0.0,107
2023-05-10 21:04:27,eb2404,eb2404,7863.0,0.0,0.0,0.0,1,7610.0,7942.0,3,7863.0,7654.0,0.0,0.0,0.0,0.0,107
2023-05-10 21:04:30,eb2404,eb2404,7863.0,0.0,0.0,0.0,1,7610.0,7941.0,2,7863.0,7654.0,0.0,0.0,0.0,0.0,107
2023-05-10 21:04:33,eb2404,eb2404,7863.0,0.0,0.0,0.0,2,7611.0,7941.0,2,7863.0,7654.0,0.0,0.0,0.0,0.0,107
2023-05-10 21:04:33,eb2404,eb2404,7863.0,0.0,0.0,0.0,2,7611.0,7940.0,3,7863.0,7654.0,0.0,0.0,0.0,0.0,107
2023-05-10 21:04:34,eb2404,eb2404,7863.0,0.0,0.0,0.0,1,7612.0,7940.0,3,7863.0,7654.0,0.0,0.0,0.0,0.0,107
2023-05-10 21:04:34,eb2404,eb2404,7863.0,0.0,0.0,0.0,1,7612.0,7939.0,1,7863.0,7654.0,0.0,0.0,0.0,0.0,107
2023-05-10 21:04:35,eb2404,eb2404,7863.0,0.0,0.0,0.0,1,7612.0,7939.0,2,7863.0,7654.0,0.0,0.0,0.0,0.0,107
2023-05-10 21:04:40,eb2404,eb2404,7863.0,0.0,0.0,0.0,1,7612.0,7938.0,3,7863.0,7654.0,0.0,0.0,0.0,0.0,107
2023-05-10 21:04:43,eb2404,eb2404,7863.0,0.0,0.0,0.0,1,7612.0,7937.0,2,7863.0,7654.0,0.0,0.0,0.0,0.0,107
2023-05-10 21:04:45,eb2404,eb2404,7863.0,0.0,0.0,0.0,1,7612.0,7936.0,1,7863.0,7654.0,0.0,0.0,0.0,0.0,107
2023-05-10 21:04:49,eb2404,eb2404,7863.0,0.0,0.0,0.0,1,7612.0,7935.0,4,7863.0,7654.0,0.0,0.0,0.0,0.0,107
2023-05-10 21:04:52,eb2404,eb2404,7863.0,0.0,0.0,0.0,1,7612.0,7934.0,1,7863.0,7654.0,0.0,0.0,0.0,0.0,107
2023-05-10 21:04:54,eb2404,eb2404,7863.0,0.0,0.0,0.0,1,7612.0,7933.0,4,7863.0,7654.0,0.0,0.0,0.0,0.0,107
2023-05-10 21:04:55,eb2404,eb2404,7863.0,0.0,0.0,0.0,1,7612.0,7932.0,1,7863.0,7654.0,0.0,0.0,0.0,0.0,107
2023-05-10 21:04:58,eb2404,eb2404,7863.0,0.0,0.0,0.0,1,7612.0,7931.0,4,7863.0,7654.0,0.0,0.0,0.0,0.0,107
2023-05-10 21:05:00,eb2404,eb2404,7863.0,0.0,0.0,0.0,1,7612.0,7930.0,1,7863.0,7654.0,0.0,0.0,0.0,0.0,107
2023-05-10 21:05:04,eb2404,eb2404,7863.0,0.0,0.0,0.0,1,7612.0,7929.0,4,7863.0,7654.0,0.0,0.0,0.0,0.0,107
2023-05-10 21:05:05,eb2404,eb2404,7863.0,0.0,0.0,0.0,1,7612.0,7928.0,1,7863.0,7654.0,0.0,0.0,0.0,0.0,107
2023-05-10 21:05:11,eb2404,eb2404,7863.0,0.0,0.0,0.0,1,7612.0,7927.0,4,7863.0,7654.0,0.0,0.0,0.0,0.0,107
2023-05-10 21:05:14,eb2404,eb2404,7863.0,0.0,0.0,0.0,1,7612.0,7926.0,1,7863.0,7654.0,0.0,0.0,0.0,0.0,107
2023-05-10 21:05:15,eb2404,eb2404,7863.0,0.0,0.0,0.0,2,7613.0,7925.0,4,7863.0,7654.0,0.0,0.0,0.0,0.0,107
2023-05-10 21:05:16,eb2404,eb2404,7863.0,0.0,0.0,0.0,1,7614.0,7925.0,4,7863.0,7654.0,0.0,0.0,0.0,0.0,107
2023-05-10 21:05:19,eb2404,eb2404,7863.0,0.0,0.0,0.0,1,7614.0,7924.0,1,7863.0,7654.0,0.0,0.0,0.0,0.0,107
2023-05-10 21:05:21,eb2404,eb2404,7863.0,0.0,0.0,0.0,1,7614.0,7923.0,4,7863.0,7654.0,0.0,0.0,0.0,0.0,107
2023-05-10 21:05:22,eb2404,eb2404,7863.0,0.0,0.0,0.0,1,7614.0,7923.0,5,7863.0,7654.0,0.0,0.0,0.0,0.0,107
2023-05-10 21:05:27,eb2404,eb2404,7863.0,0.0,0.0,0.0,1,7614.0,7922.0,1,7863.0,7654.0,0.0,0.0,0.0,0.0,107
2023-05-10 21:05:34,eb2404,eb2404,7863.0,0.0,0.0,0.0,1,7614.0,7921.0,3,7863.0,7654.0,0.0,0.0,0.0,0.0,107
2023-05-10 21:05:36,eb2404,eb2404,7863.0,0.0,0.0,0.0,1,7614.0,7920.0,2,7863.0,7654.0,0.0,0.0,0.0,0.0,107
2023-05-10 21:05:42,eb2404,eb2404,7863.0,0.0,0.0,0.0,1,7614.0,7919.0,2,7863.0,7654.0,0.0,0.0,0.0,0.0,107
2023-05-10 21:05:54,eb2404,eb2404,7863.0,0.0,0.0,0.0,1,7614.0,7918.0,1,7863.0,7654.0,0.0,0.0,0.0,0.0,107
2023-05-10 21:05:54,eb2404,eb2404,7863.0,0.0,0.0,0.0,1,7614.0,7918.0,2,7863.0,7654.0,0.0,0.0,0.0,0.0,107
2023-05-10 21:05:57,eb2404,eb2404,7863.0,0.0,0.0,0.0,1,7614.0,7917.0,2,7863.0,7654.0,0.0,0.0,0.0,0.0,107
2023-05-10 21:05:57,eb2404,eb2404,7863.0,0.0,0.0,0.0,2,7615.0,7917.0,2,7863.0,7654.0,0.0,0.0,0.0,0.0,107
2023-05-10 21:06:03,eb2404,eb2404,7863.0,0.0,0.0,0.0,1,7616.0,7916.0,2,7863.0,7654.0,0.0,0.0,0.0,0.0,107
2023-05-10 21:06:05,eb2404,eb2404,7863.0,0.0,0.0,0.0,1,7616.0,7915.0,2,7863.0,7654.0,0.0,0.0,0.0,0.0,107
2023-05-10 21:06:11,eb2404,eb2404,7863.0,0.0,0.0,0.0,1,7616.0,7914.0,2,7863.0,7654.0,0.0,0.0,0.0,0.0,107
2023-05-10 21:06:14,eb2404,eb2404,7863.0,0.0,0.0,0.0,1,7616.0,7913.0,2,7863.0,7654.0,0.0,0.0,0.0,0.0,107
2023-05-10 21:06:20,eb2404,eb2404,7863.0,0.0,0.0,0.0,1,7616.0,7912.0,2,7863.0,7654.0,0.0,0.0,0.0,0.0,107
2023-05-10 21:06:26,eb2404,eb2404,7863.0,0.0,0.0,0.0,1,7616.0,7911.0,2,7863.0,7654.0,0.0,0.0,0.0,0.0,107
2023-05-10 21:06:32,eb2404,eb2404,7863.0,0.0,0.0,0.0,1,7616.0,7910.0,2,7863.0,7654.0,0.0,0.0,0.0,0.0,107
2023-05-10 21:06:33,eb2404,eb2404,7863.0,0.0,0.0,0.0,1,7616.0,7910.0,3,7863.0,7654.0,0.0,0.0,0.0,0.0,107
2023-05-10 21:06:39,eb2404,eb2404,7863.0,0.0,0.0,0.0,1,7616.0,7909.0,1,7863.0,7654.0,0.0,0.0,0.0,0.0,107
2023-05-10 21:06:41,eb2404,eb2404,7863.0,0.0,0.0,0.0,1,7616.0,7908.0,1,7863.0,7654.0,0.0,0.0,0.0,0.0,107
2023-05-10 21:06:45,eb2404,eb2404,7863.0,0.0,0.0,0.0,1,7616.0,7907.0,1,7863.0,7654.0,0.0,0.0,0.0,0.0,107
2023-05-10 21:06:51,eb2404,eb2404,7863.0,0.0,0.0,0.0,1,7616.0,7906.0,1,7863.0,7654.0,0.0,0.0,0.0,0.0,107
2023-05-10 21:06:57,eb2404,eb2404,7863.0,0.0,0.0,0.0,1,7616.0,7905.0,1,7863.0,7654.0,0.0,0.0,0.0,0.0,107
2023-05-10 21:07:04,eb2404,eb2404,7863.0,0.0,0.0,0.0,1,7616.0,7904.0,1,7863.0,7654.0,0.0,0.0,0.0,0.0,107
2023-05-10 21:07:05,eb2404,eb2404,7863.0,0.0,0.0,0.0,1,7616.0,7903.0,1,7863.0,7654.0,0.0,0.0,0.0,0.0,107
2023-05-10 21:07:11,eb2404,eb2404,7863.0,0.0,0.0,0.0,1,7616.0,7902.0,1,7863.0,7654.0,0.0,0.0,0.0,0.0,107
2023-05-10 21:07:17,eb2404,eb2404,7863.0,0.0,0.0,0.0,1,7616.0,7901.0,1,7863.0,7654.0,0.0,0.0,0.0,0.0,107
2023-05-10 21:07:24,eb2404,eb2404,7863.0,0.0,0.0,0.0,1,7616.0,7900.0,1,7863.0,7654.0,0.0,0.0,0.0,0.0,107
2023-05-10 21:07:24,eb2404,eb2404,7863.0,0.0,0.0,0.0,2,7617.0,7900.0,1,7863.0,7654.0,0.0,0.0,0.0,0.0,107
2023-05-10 21:07:25,eb2404,eb2404,7863.0,0.0,0.0,0.0,2,7617.0,7899.0,1,7863.0,7654.0,0.0,0.0,0.0,0.0,107
2023-05-10 21:07:26,eb2404,eb2404,7863.0,0.0,0.0,0.0,1,7618.0,7899.0,1,7863.0,7654.0,0.0,0.0,0.0,0.0,107
2023-05-10 21:07:26,eb2404,eb2404,7863.0,0.0,0.0,0.0,2,7618.0,7899.0,1,7863.0,7654.0,0.0,0.0,0.0,0.0,107
2023-05-10 21:07:32,eb2404,eb2404,7863.0,0.0,0.0,0.0,2,7618.0,7898.0,1,7863.0,7654.0,0.0,0.0,0.0,0.0,107
2023-05-10 21:07:44,eb2404,eb2404,7863.0,0.0,0.0,0.0,2,7618.0,7897.0,1,7863.0,7654.0,0.0,0.0,0.0,0.0,107
2023-05-10 21:07:50,eb2404,eb2404,7863.0,0.0,0.0,0.0,2,7618.0,7896.0,1,7863.0,7654.0,0.0,0.0,0.0,0.0,107
2023-05-10 21:07:56,eb2404,eb2404,7863.0,0.0,0.0,0.0,2,7618.0,7895.0,1,7863.0,7654.0,0.0,0.0,0.0,0.0,107
2023-05-10 21:07:57,eb2404,eb2404,7863.0,0.0,0.0,0.0,2,7618.0,7894.0,1,7863.0,7654.0,0.0,0.0,0.0,0.0,107
2023-05-10 21:08:06,eb2404,eb2404,7863.0,0.0,0.0,0.0,2,7619.0,7894.0,1,7863.0,7654.0,0.0,0.0,0.0,0.0,107
2023-05-10 21:08:07,eb2404,eb2404,7863.0,0.0,0.0,0.0,2,7619.0,7893.0,1,7863.0,7654.0,0.0,0.0,0.0,0.0,107
2023-05-10 21:08:07,eb2404,eb2404,7863.0,0.0,0.0,0.0,1,7620.0,7893.0,1,7863.0,7654.0,0.0,0.0,0.0,0.0,107
2023-05-10 21:08:13,eb2404,eb2404,7863.0,0.0,0.0,0.0,1,7620.0,7892.0,1,7863.0,7654.0,0.0,0.0,0.0,0.0,107
2023-05-10 21:08:14,eb2404,eb2404,7863.0,0.0,0.0,0.0,1,7620.0,7892.0,2,7863.0,7654.0,0.0,0.0,0.0,0.0,107
2023-05-10 21:08:16,eb2404,eb2404,7863.0,0.0,0.0,0.0,1,7620.0,7891.0,1,7863.0,7654.0,0.0,0.0,0.0,0.0,107
2023-05-10 21:08:22,eb2404,eb2404,7863.0,0.0,0.0,0.0,1,7620.0,7890.0,1,7863.0,7654.0,0.0,0.0,0.0,0.0,107
2023-05-10 21:08:29,eb2404,eb2404,7863.0,0.0,0.0,0.0,1,7620.0,7889.0,1,7863.0,7654.0,0.0,0.0,0.0,0.0,107
2023-05-10 21:08:35,eb2404,eb2404,7863.0,0.0,0.0,0.0,1,7620.0,7888.0,1,7863.0,7654.0,0.0,0.0,0.0,0.0,107
2023-05-10 21:08:47,eb2404,eb2404,7863.0,0.0,0.0,0.0,1,7620.0,7887.0,1,7863.0,7654.0,0.0,0.0,0.0,0.0,107
2023-05-10 21:08:48,eb2404,eb2404,7863.0,0.0,0.0,0.0,2,7621.0,7887.0,1,7863.0,7654.0,0.0,0.0,0.0,0.0,107
2023-05-10 21:08:52,eb2404,eb2404,7863.0,0.0,0.0,0.0,1,7622.0,7887.0,1,7863.0,7654.0,0.0,0.0,0.0,0.0,107
2023-05-10 21:08:53,eb2404,eb2404,7863.0,0.0,0.0,0.0,1,7622.0,7886.0,1,7863.0,7654.0,0.0,0.0,0.0,0.0,107
2023-05-10 21:09:00,eb2404,eb2404,7863.0,0.0,0.0,0.0,1,7622.0,7885.0,1,7863.0,7654.0,0.0,0.0,0.0,0.0,107
2023-05-10 21:09:12,eb2404,eb2404,7863.0,0.0,0.0,0.0,1,7622.0,7884.0,1,7863.0,7654.0,0.0,0.0,0.0,0.0,107
2023-05-10 21:09:16,eb2404,eb2404,7863.0,0.0,0.0,0.0,1,7622.0,7883.0,1,7863.0,7654.0,0.0,0.0,0.0,0.0,107
2023-05-10 21:09:17,eb2404,eb2404,7863.0,0.0,0.0,0.0,1,7622.0,7882.0,1,7863.0,7654.0,0.0,0.0,0.0,0.0,107
2023-05-10 21:09:23,eb2404,eb2404,7863.0,0.0,0.0,0.0,1,7622.0,7881.0,1,7863.0,7654.0,0.0,0.0,0.0,0.0,107
2023-05-10 21:09:30,eb2404,eb2404,7863.0,0.0,0.0,0.0,1,7622.0,7880.0,1,7863.0,7654.0,0.0,0.0,0.0,0.0,107
2023-05-10 21:09:36,eb2404,eb2404,7863.0,0.0,0.0,0.0,1,7622.0,7879.0,1,7863.0,7654.0,0.0,0.0,0.0,0.0,107
2023-05-10 21:09:48,eb2404,eb2404,7863.0,0.0,0.0,0.0,1,7622.0,7878.0,1,7863.0,7654.0,0.0,0.0,0.0,0.0,107
2023-05-10 21:09:49,eb2404,eb2404,7863.0,0.0,0.0,0.0,1,7622.0,7877.0,1,7863.0,7654.0,0.0,0.0,0.0,0.0,107
2023-05-10 21:09:56,eb2404,eb2404,7863.0,0.0,0.0,0.0,1,7622.0,7876.0,1,7863.0,7654.0,0.0,0.0,0.0,0.0,107
2023-05-10 21:10:07,eb2404,eb2404,7863.0,0.0,0.0,0.0,1,7622.0,7875.0,1,7863.0,7654.0,0.0,0.0,0.0,0.0,107
2023-05-10 21:10:08,eb2404,eb2404,7863.0,0.0,0.0,0.0,1,7622.0,7874.0,1,7863.0,7654.0,0.0,0.0,0.0,0.0,107
2023-05-10 21:10:12,eb2404,eb2404,7863.0,0.0,0.0,0.0,2,7623.0,7873.0,1,7863.0,7654.0,0.0,0.0,0.0,0.0,107
2023-05-10 21:10:18,eb2404,eb2404,7863.0,0.0,0.0,0.0,1,7624.0,7872.0,1,7863.0,7654.0,0.0,0.0,0.0,0.0,107
2023-05-10 21:10:24,eb2404,eb2404,7863.0,0.0,0.0,0.0,1,7624.0,7871.0,1,7863.0,7654.0,0.0,0.0,0.0,0.0,107
2023-05-10 21:10:31,eb2404,eb2404,7863.0,0.0,0.0,0.0,1,7624.0,7870.0,1,7863.0,7654.0,0.0,0.0,0.0,0.0,107
2023-05-10 21:10:37,eb2404,eb2404,7863.0,0.0,0.0,0.0,1,7624.0,7869.0,1,7863.0,7654.0,0.0,0.0,0.0,0.0,107
2023-05-10 21:10:44,eb2404,eb2404,7863.0,0.0,0.0,0.0,1,7624.0,7868.0,1,7863.0,7654.0,0.0,0.0,0.0,0.0,107
2023-05-10 21:10:54,eb2404,eb2404,7863.0,0.0,0.0,0.0,1,7624.0,7867.0,1,7863.0,7654.0,0.0,0.0,0.0,0.0,107
2023-05-10 21:10:55,eb2404,eb2404,7863.0,0.0,0.0,0.0,1,7624.0,7866.0,1,7863.0,7654.0,0.0,0.0,0.0,0.0,107
2023-05-10 21:10:59,eb2404,eb2404,7863.0,0.0,0.0,0.0,1,7624.0,7865.0,1,7863.0,7654.0,0.0,0.0,0.0,0.0,107
2023-05-10 21:11:03,eb2404,eb2404,7863.0,0.0,0.0,0.0,1,7624.0,7864.0,1,7863.0,7654.0,0.0,0.0,0.0,0.0,107
2023-05-10 21:11:05,eb2404,eb2404,7863.0,0.0,0.0,0.0,1,7624.0,7863.0,1,7863.0,7654.0,0.0,0.0,0.0,0.0,107
2023-05-10 21:11:10,eb2404,eb2404,7863.0,0.0,0.0,0.0,1,7624.0,7862.0,1,7863.0,7654.0,0.0,0.0,0.0,0.0,107
2023-05-10 21:11:12,eb2404,eb2404,7863.0,0.0,0.0,0.0,1,7624.0,7861.0,1,7863.0,7654.0,0.0,0.0,0.0,0.0,107
2023-05-10 21:11:12,eb2404,eb2404,7863.0,0.0,0.0,0.0,1,7624.0,7861.0,2,7863.0,7654.0,0.0,0.0,0.0,0.0,107
2023-05-10 21:11:23,eb2404,eb2404,7863.0,0.0,0.0,0.0,1,7624.0,7860.0,1,7863.0,7654.0,0.0,0.0,0.0,0.0,107
2023-05-10 21:11:30,eb2404,eb2404,7863.0,0.0,0.0,0.0,1,7624.0,7859.0,1,7863.0,7654.0,0.0,0.0,0.0,0.0,107
2023-05-10 21:11:35,eb2404,eb2404,7863.0,0.0,0.0,0.0,2,7625.0,7858.0,1,7863.0,7654.0,0.0,0.0,0.0,0.0,107
2023-05-10 21:11:42,eb2404,eb2404,7863.0,0.0,0.0,0.0,1,7626.0,7857.0,1,7863.0,7654.0,0.0,0.0,0.0,0.0,107
2023-05-10 21:11:54,eb2404,eb2404,7863.0,0.0,0.0,0.0,1,7626.0,7856.0,1,7863.0,7654.0,0.0,0.0,0.0,0.0,107
2023-05-10 21:12:06,eb2404,eb2404,7863.0,0.0,0.0,0.0,1,7626.0,7855.0,1,7863.0,7654.0,0.0,0.0,0.0,0.0,107
2023-05-10 21:12:18,eb2404,eb2404,7863.0,0.0,0.0,0.0,1,7626.0,7854.0,1,7863.0,7654.0,0.0,0.0,0.0,0.0,107
2023-05-10 21:12:25,eb2404,eb2404,7863.0,0.0,0.0,0.0,1,7626.0,7853.0,1,7863.0,7654.0,0.0,0.0,0.0,0.0,107
2023-05-10 21:12:31,eb2404,eb2404,7863.0,0.0,0.0,0.0,1,7626.0,7852.0,1,7863.0,7654.0,0.0,0.0,0.0,0.0,107
2023-05-10 21:12:44,eb2404,eb2404,7863.0,0.0,0.0,0.0,1,7626.0,7851.0,1,7863.0,7654.0,0.0,0.0,0.0,0.0,107
2023-05-10 21:12:56,eb2404,eb2404,7863.0,0.0,0.0,0.0,1,7626.0,7850.0,1,7863.0,7654.0,0.0,0.0,0.0,0.0,107
2023-05-10 21:12:59,eb2404,eb2404,7863.0,0.0,0.0,0.0,2,7627.0,7850.0,1,7863.0,7654.0,0.0,0.0,0.0,0.0,107
2023-05-10 21:12:59,eb2404,eb2404,7863.0,0.0,0.0,0.0,2,7627.0,7849.0,1,7863.0,7654.0,0.0,0.0,0.0,0.0,107
2023-05-10 21:13:00,eb2404,eb2404,7863.0,0.0,0.0,0.0,1,7628.0,7849.0,1,7863.0,7654.0,0.0,0.0,0.0,0.0,107
2023-05-10 21:13:06,eb2404,eb2404,7863.0,0.0,0.0,0.0,1,7628.0,7848.0,1,7863.0,7654.0,0.0,0.0,0.0,0.0,107
2023-05-10 21:13:12,eb2404,eb2404,7863.0,0.0,0.0,0.0,1,7628.0,7847.0,1,7863.0,7654.0,0.0,0.0,0.0,0.0,107
2023-05-10 21:13:19,eb2404,eb2404,7863.0,0.0,0.0,0.0,1,7628.0,7846.0,1,7863.0,7654.0,0.0,0.0,0.0,0.0,107
2023-05-10 21:13:25,eb2404,eb2404,7863.0,0.0,0.0,0.0,1,7628.0,7846.0,2,7863.0,7654.0,0.0,0.0,0.0,0.0,107
2023-05-10 21:13:42,eb2404,eb2404,7863.0,0.0,0.0,0.0,2,7629.0,7846.0,2,7863.0,7654.0,0.0,0.0,0.0,0.0,107
2023-05-10 21:13:48,eb2404,eb2404,7863.0,0.0,0.0,0.0,1,7630.0,7846.0,2,7863.0,7654.0,0.0,0.0,0.0,0.0,107
2023-05-10 21:14:13,eb2404,eb2404,7863.0,0.0,0.0,0.0,1,7630.0,7845.0,1,7863.0,7654.0,0.0,0.0,0.0,0.0,107
2023-05-10 21:14:24,eb2404,eb2404,7863.0,0.0,0.0,0.0,1,7631.0,7845.0,1,7863.0,7654.0,0.0,0.0,0.0,0.0,107
2023-05-10 21:14:29,eb2404,eb2404,7863.0,0.0,0.0,0.0,1,7632.0,7845.0,1,7863.0,7654.0,0.0,0.0,0.0,0.0,107
2023-05-10 21:14:35,eb2404,eb2404,7863.0,0.0,0.0,0.0,1,7633.0,7845.0,1,7863.0,7654.0,0.0,0.0,0.0,0.0,107
2023-05-10 21:14:42,eb2404,eb2404,7863.0,0.0,0.0,0.0,1,7634.0,7845.0,1,7863.0,7654.0,0.0,0.0,0.0,0.0,107
2023-05-10 21:14:48,eb2404,eb2404,7863.0,0.0,0.0,0.0,1,7635.0,7845.0,1,7863.0,7654.0,0.0,0.0,0.0,0.0,107
2023-05-10 21:14:54,eb2404,eb2404,7863.0,0.0,0.0,0.0,1,7636.0,7845.0,1,7863.0,7654.0,0.0,0.0,0.0,0.0,107
2023-05-10 21:15:00,eb2404,eb2404,7863.0,0.0,0.0,0.0,1,7637.0,7845.0,1,7863.0,7654.0,0.0,0.0,0.0,0.0,107
2023-05-10 21:15:06,eb2404,eb2404,7863.0,0.0,0.0,0.0,3,7638.0,7845.0,1,7863.0,7654.0,0.0,0.0,0.0,0.0,107
2023-05-10 21:15:12,eb2404,eb2404,7863.0,0.0,0.0,0.0,1,7639.0,7845.0,1,7863.0,7654.0,0.0,0.0,0.0,0.0,107
2023-05-10 21:15:15,eb2404,eb2404,7863.0,0.0,0.0,0.0,1,7640.0,7845.0,1,7863.0,7654.0,0.0,0.0,0.0,0.0,107
2023-05-10 21:15:22,eb2404,eb2404,7863.0,0.0,0.0,0.0,1,7641.0,7845.0,1,7863.0,7654.0,0.0,0.0,0.0,0.0,107
2023-05-10 21:15:28,eb2404,eb2404,7863.0,0.0,0.0,0.0,1,7642.0,7845.0,1,7863.0,7654.0,0.0,0.0,0.0,0.0,107
2023-05-10 21:15:34,eb2404,eb2404,7863.0,0.0,0.0,0.0,1,7643.0,7845.0,1,7863.0,7654.0,0.0,0.0,0.0,0.0,107
2023-05-10 21:15:47,eb2404,eb2404,7863.0,0.0,0.0,0.0,1,7644.0,7845.0,1,7863.0,7654.0,0.0,0.0,0.0,0.0,107
2023-05-10 21:15:48,eb2404,eb2404,7863.0,0.0,0.0,0.0,1,7645.0,7845.0,1,7863.0,7654.0,0.0,0.0,0.0,0.0,107
2023-05-10 21:15:53,eb2404,eb2404,7863.0,0.0,0.0,0.0,1,7646.0,7845.0,1,7863.0,7654.0,0.0,0.0,0.0,0.0,107
2023-05-10 21:15:59,eb2404,eb2404,7863.0,0.0,0.0,0.0,1,7647.0,7845.0,1,7863.0,7654.0,0.0,0.0,0.0,0.0,107
2023-05-10 21:16:05,eb2404,eb2404,7863.0,0.0,0.0,0.0,1,7648.0,7845.0,1,7863.0,7654.0,0.0,0.0,0.0,0.0,107
2023-05-10 21:16:10,eb2404,eb2404,7863.0,0.0,0.0,0.0,1,7649.0,7845.0,2,7863.0,7654.0,0.0,0.0,0.0,0.0,107
2023-05-10 21:16:10,eb2404,eb2404,7863.0,0.0,0.0,0.0,2,7649.0,7844.0,1,7863.0,7654.0,0.0,0.0,0.0,0.0,107
2023-05-10 21:16:11,eb2404,eb2404,7863.0,0.0,0.0,0.0,1,7650.0,7844.0,1,7863.0,7654.0,0.0,0.0,0.0,0.0,107
2023-05-10 21:16:11,eb2404,eb2404,7863.0,0.0,0.0,0.0,1,7650.0,7843.0,1,7863.0,7654.0,0.0,0.0,0.0,0.0,107
2023-05-10 21:16:14,eb2404,eb2404,7863.0,0.0,0.0,0.0,1,7651.0,7843.0,3,7863.0,7654.0,0.0,0.0,0.0,0.0,107
2023-05-10 21:16:15,eb2404,eb2404,7863.0,0.0,0.0,0.0,1,7652.0,7843.0,3,7863.0,7654.0,0.0,0.0,0.0,0.0,107
2023-05-10 21:16:21,eb2404,eb2404,7863.0,0.0,0.0,0.0,1,7652.0,7843.0,1,7863.0,7654.0,0.0,0.0,0.0,0.0,107
2023-05-10 21:16:22,eb2404,eb2404,7863.0,0.0,0.0,0.0,1,7653.0,7842.0,2,7863.0,7654.0,0.0,0.0,0.0,0.0,107
2023-05-10 21:16:25,eb2404,eb2404,7863.0,0.0,0.0,0.0,1,7654.0,7841.0,1,7863.0,7654.0,0.0,0.0,0.0,0.0,107
2023-05-10 21:16:27,eb2404,eb2404,7863.0,0.0,0.0,0.0,1,7655.0,7841.0,1,7863.0,7654.0,0.0,0.0,0.0,0.0,107
2023-05-10 21:16:29,eb2404,eb2404,7863.0,0.0,0.0,0.0,3,7656.0,7841.0,3,7863.0,7654.0,0.0,0.0,0.0,0.0,107
2023-05-10 21:16:30,eb2404,eb2404,7863.0,0.0,0.0,0.0,1,7657.0,7841.0,3,7863.0,7654.0,0.0,0.0,0.0,0.0,107
2023-05-10 21:16:35,eb2404,eb2404,7863.0,0.0,0.0,0.0,1,7657.0,7841.0,1,7863.0,7654.0,0.0,0.0,0.0,0.0,107
2023-05-10 21:16:36,eb2404,eb2404,7863.0,0.0,0.0,0.0,1,7658.0,7840.0,2,7863.0,7654.0,0.0,0.0,0.0,0.0,107
2023-05-10 21:16:37,eb2404,eb2404,7863.0,0.0,0.0,0.0,1,7659.0,7839.0,1,7863.0,7654.0,0.0,0.0,0.0,0.0,107
2023-05-10 21:16:44,eb2404,eb2404,7863.0,0.0,0.0,0.0,1,7660.0,7839.0,2,7863.0,7654.0,0.0,0.0,0.0,0.0,107
2023-05-10 21:16:48,eb2404,eb2404,7863.0,0.0,0.0,0.0,1,7661.0,7839.0,2,7863.0,7654.0,0.0,0.0,0.0,0.0,107
2023-05-10 21:16:54,eb2404,eb2404,7863.0,0.0,0.0,0.0,1,7662.0,7839.0,2,7863.0,7654.0,0.0,0.0,0.0,0.0,107
2023-05-10 21:16:57,eb2404,eb2404,7863.0,0.0,0.0,0.0,1,7663.0,7839.0,2,7863.0,7654.0,0.0,0.0,0.0,0.0,107
2023-05-10 21:17:00,eb2404,eb2404,7863.0,0.0,0.0,0.0,1,7663.0,7839.0,1,7863.0,7654.0,0.0,0.0,0.0,0.0,107
2023-05-10 21:17:01,eb2404,eb2404,7863.0,0.0,0.0,0.0,1,7664.0,7838.0,1,7863.0,7654.0,0.0,0.0,0.0,0.0,107
2023-05-10 21:17:02,eb2404,eb2404,7863.0,0.0,0.0,0.0,1,7665.0,7837.0,1,7863.0,7654.0,0.0,0.0,0.0,0.0,107
2023-05-10 21:17:04,eb2404,eb2404,7863.0,0.0,0.0,0.0,1,7666.0,7837.0,1,7863.0,7654.0,0.0,0.0,0.0,0.0,107
2023-05-10 21:17:10,eb2404,eb2404,7863.0,0.0,0.0,0.0,2,7667.0,7837.0,1,7863.0,7654.0,0.0,0.0,0.0,0.0,107
2023-05-10 21:17:10,eb2404,eb2404,7863.0,0.0,0.0,0.0,1,7668.0,7837.0,1,7863.0,7654.0,0.0,0.0,0.0,0.0,107
2023-05-10 21:17:16,eb2404,eb2404,7863.0,0.0,0.0,0.0,1,7669.0,7837.0,1,7863.0,7654.0,0.0,0.0,0.0,0.0,107
2023-05-10 21:17:23,eb2404,eb2404,7863.0,0.0,0.0,0.0,1,7670.0,7837.0,1,7863.0,7654.0,0.0,0.0,0.0,0.0,107
2023-05-10 21:17:29,eb2404,eb2404,7863.0,0.0,0.0,0.0,1,7671.0,7837.0,1,7863.0,7654.0,0.0,0.0,0.0,0.0,107
2023-05-10 21:17:41,eb2404,eb2404,7863.0,0.0,0.0,0.0,1,7672.0,7837.0,1,7863.0,7654.0,0.0,0.0,0.0,0.0,107
2023-05-10 21:17:52,eb2404,eb2404,7863.0,0.0,0.0,0.0,2,7673.0,7837.0,1,7863.0,7654.0,0.0,0.0,0.0,0.0,107
2023-05-10 21:17:53,eb2404,eb2404,7863.0,0.0,0.0,0.0,1,7674.0,7837.0,1,7863.0,7654.0,0.0,0.0,0.0,0.0,107
2023-05-10 21:17:54,eb2404,eb2404,7863.0,0.0,0.0,0.0,1,7675.0,7837.0,1,7863.0,7654.0,0.0,0.0,0.0,0.0,107
2023-05-10 21:18:00,eb2404,eb2404,7863.0,0.0,0.0,0.0,1,7676.0,7837.0,1,7863.0,7654.0,0.0,0.0,0.0,0.0,107
2023-05-10 21:18:06,eb2404,eb2404,7863.0,0.0,0.0,0.0,1,7677.0,7837.0,1,7863.0,7654.0,0.0,0.0,0.0,0.0,107
2023-05-10 21:18:13,eb2404,eb2404,7863.0,0.0,0.0,0.0,1,7678.0,7837.0,1,7863.0,7654.0,0.0,0.0,0.0,0.0,107
2023-05-10 21:18:19,eb2404,eb2404,7863.0,0.0,0.0,0.0,1,7679.0,7837.0,1,7863.0,7654.0,0.0,0.0,0.0,0.0,107
2023-05-10 21:18:25,eb2404,eb2404,7863.0,0.0,0.0,0.0,1,7680.0,7837.0,1,7863.0,7654.0,0.0,0.0,0.0,0.0,107
2023-05-10 21:18:26,eb2404,eb2404,7863.0,0.0,0.0,0.0,2,7680.0,7837.0,1,7863.0,7654.0,0.0,0.0,0.0,0.0,107
2023-05-10 21:18:32,eb2404,eb2404,7863.0,0.0,0.0,0.0,1,7681.0,7837.0,1,7863.0,7654.0,0.0,0.0,0.0,0.0,107
2023-05-10 21:18:33,eb2404,eb2404,7863.0,0.0,0.0,0.0,3,7681.0,7837.0,1,7863.0,7654.0,0.0,0.0,0.0,0.0,107
2023-05-10 21:18:34,eb2404,eb2404,7863.0,0.0,0.0,0.0,1,7682.0,7837.0,1,7863.0,7654.0,0.0,0.0,0.0,0.0,107
2023-05-10 21:18:40,eb2404,eb2404,7863.0,0.0,0.0,0.0,1,7683.0,7837.0,1,7863.0,7654.0,0.0,0.0,0.0,0.0,107
2023-05-10 21:18:46,eb2404,eb2404,7863.0,0.0,0.0,0.0,1,7684.0,7837.0,1,7863.0,7654.0,0.0,0.0,0.0,0.0,107
2023-05-10 21:18:52,eb2404,eb2404,7863.0,0.0,0.0,0.0,1,7685.0,7837.0,1,7863.0,7654.0,0.0,0.0,0.0,0.0,107
2023-05-10 21:18:59,eb2404,eb2404,7863.0,0.0,0.0,0.0,1,7686.0,7837.0,1,7863.0,7654.0,0.0,0.0,0.0,0.0,107
2023-05-10 21:19:05,eb2404,eb2404,7863.0,0.0,0.0,0.0,1,7687.0,7837.0,1,7863.0,7654.0,0.0,0.0,0.0,0.0,107
2023-05-10 21:19:15,eb2404,eb2404,7863.0,0.0,0.0,0.0,2,7688.0,7837.0,1,7863.0,7654.0,0.0,0.0,0.0,0.0,107
2023-05-10 21:19:18,eb2404,eb2404,7863.0,0.0,0.0,0.0,2,7689.0,7837.0,1,7863.0,7654.0,0.0,0.0,0.0,0.0,107
2023-05-10 21:19:57,eb2404,eb2404,7863.0,0.0,0.0,0.0,2,7690.0,7837.0,1,7863.0,7654.0,0.0,0.0,0.0,0.0,107
2023-05-10 21:20:05,eb2404,eb2404,7863.0,0.0,0.0,0.0,2,7691.0,7837.0,1,7863.0,7654.0,0.0,0.0,0.0,0.0,107
2023-05-10 21:20:24,eb2404,eb2404,7863.0,0.0,0.0,0.0,2,7691.0,7837.0,2,7863.0,7654.0,0.0,0.0,0.0,0.0,107
2023-05-10 21:21:20,eb2404,eb2404,7863.0,0.0,0.0,0.0,2,7692.0,7837.0,2,7863.0,7654.0,0.0,0.0,0.0,0.0,107
2023-05-10 21:21:30,eb2404,eb2404,7863.0,0.0,0.0,0.0,2,7693.0,7837.0,2,7863.0,7654.0,0.0,0.0,0.0,0.0,107
2023-05-10 21:22:46,eb2404,eb2404,7863.0,0.0,0.0,0.0,2,7694.0,7837.0,2,7863.0,7654.0,0.0,0.0,0.0,0.0,107
2023-05-10 21:22:50,eb2404,eb2404,7863.0,0.0,0.0,0.0,2,7695.0,7837.0,2,7863.0,7654.0,0.0,0.0,0.0,0.0,107
2023-05-10 21:23:30,eb2404,eb2404,7863.0,0.0,0.0,0.0,2,7696.0,7837.0,2,7863.0,7654.0,0.0,0.0,0.0,0.0,107
2023-05-10 21:23:33,eb2404,eb2404,7863.0,0.0,0.0,0.0,1,7697.0,7837.0,2,7863.0,7654.0,0.0,0.0,0.0,0.0,107
2023-05-10 21:23:33,eb2404,eb2404,7863.0,0.0,0.0,0.0,1,7698.0,7837.0,2,7863.0,7654.0,0.0,0.0,0.0,0.0,107
2023-05-10 21:23:39,eb2404,eb2404,7863.0,0.0,0.0,0.0,1,7699.0,7837.0,2,7863.0,7654.0,0.0,0.0,0.0,0.0,107
2023-05-10 21:23:52,eb2404,eb2404,7863.0,0.0,0.0,0.0,1,7700.0,7837.0,2,7863.0,7654.0,0.0,0.0,0.0,0.0,107
2023-05-10 21:24:04,eb2404,eb2404,7863.0,0.0,0.0,0.0,1,7701.0,7837.0,2,7863.0,7654.0,0.0,0.0,0.0,0.0,107
2023-05-10 21:24:10,eb2404,eb2404,7863.0,0.0,0.0,0.0,1,7702.0,7837.0,2,7863.0,7654.0,0.0,0.0,0.0,0.0,107
2023-05-10 21:24:12,eb2404,eb2404,7863.0,0.0,0.0,0.0,1,7702.0,7836.0,2,7863.0,7654.0,0.0,0.0,0.0,0.0,107
2023-05-10 21:24:12,eb2404,eb2404,7863.0,0.0,0.0,0.0,1,7703.0,7836.0,2,7863.0,7654.0,0.0,0.0,0.0,0.0,107
2023-05-10 21:24:18,eb2404,eb2404,7863.0,0.0,0.0,0.0,1,7704.0,7835.0,1,7863.0,7654.0,0.0,0.0,0.0,0.0,107
2023-05-10 21:24:25,eb2404,eb2404,7863.0,0.0,0.0,0.0,1,7705.0,7835.0,1,7863.0,7654.0,0.0,0.0,0.0,0.0,107
2023-05-10 21:24:31,eb2404,eb2404,7863.0,0.0,0.0,0.0,1,7706.0,7835.0,1,7863.0,7654.0,0.0,0.0,0.0,0.0,107
2023-05-10 21:24:37,eb2404,eb2404,7863.0,0.0,0.0,0.0,1,7707.0,7835.0,1,7863.0,7654.0,0.0,0.0,0.0,0.0,107
2023-05-10 21:24:43,eb2404,eb2404,7863.0,0.0,0.0,0.0,1,7708.0,7835.0,1,7863.0,7654.0,0.0,0.0,0.0,0.0,107
2023-05-10 21:24:50,eb2404,eb2404,7863.0,0.0,0.0,0.0,2,7708.0,7835.0,1,7863.0,7654.0,0.0,0.0,0.0,0.0,107
2023-05-10 21:25:35,eb2404,eb2404,7863.0,0.0,0.0,0.0,2,7708.0,7834.0,2,7863.0,7654.0,0.0,0.0,0.0,0.0,107
2023-05-10 21:25:39,eb2404,eb2404,7863.0,0.0,0.0,0.0,2,7708.0,7833.0,1,7863.0,7654.0,0.0,0.0,0.0,0.0,107
2023-05-10 21:26:53,eb2404,eb2404,7863.0,0.0,0.0,0.0,2,7708.0,7833.0,2,7863.0,7654.0,0.0,0.0,0.0,0.0,107
2023-05-10 21:27:01,eb2404,eb2404,7863.0,0.0,0.0,0.0,2,7708.0,7832.0,2,7863.0,7654.0,0.0,0.0,0.0,0.0,107
2023-05-10 21:27:11,eb2404,eb2404,7863.0,0.0,0.0,0.0,2,7708.0,7831.0,1,7863.0,7654.0,0.0,0.0,0.0,0.0,107
2023-05-10 21:28:25,eb2404,eb2404,7863.0,0.0,0.0,0.0,2,7708.0,7830.0,2,7863.0,7654.0,0.0,0.0,0.0,0.0,107
2023-05-10 21:28:35,eb2404,eb2404,7863.0,0.0,0.0,0.0,2,7708.0,7829.0,1,7863.0,7654.0,0.0,0.0,0.0,0.0,107
2023-05-10 21:29:11,eb2404,eb2404,7863.0,0.0,0.0,0.0,1,7708.0,7829.0,1,7863.0,7654.0,0.0,0.0,0.0,0.0,107
2023-05-10 21:29:49,eb2404,eb2404,7863.0,0.0,0.0,0.0,1,7708.0,7828.0,2,7863.0,7654.0,0.0,0.0,0.0,0.0,107
2023-05-10 21:29:53,eb2404,eb2404,7863.0,0.0,0.0,0.0,2,7708.0,7828.0,2,7863.0,7654.0,0.0,0.0,0.0,0.0,107
2023-05-10 21:30:00,eb2404,eb2404,7863.0,0.0,0.0,0.0,2,7708.0,7827.0,1,7863.0,7654.0,0.0,0.0,0.0,0.0,107
2023-05-10 21:30:53,eb2404,eb2404,7863.0,0.0,0.0,0.0,1,7708.0,7827.0,1,7863.0,7654.0,0.0,0.0,0.0,0.0,107
2023-05-10 21:30:54,eb2404,eb2404,7863.0,0.0,0.0,0.0,1,7709.0,7827.0,1,7863.0,7654.0,0.0,0.0,0.0,0.0,107
2023-05-10 21:30:56,eb2404,eb2404,7863.0,0.0,0.0,0.0,1,7709.0,7833.0,1,7863.0,7654.0,0.0,0.0,0.0,0.0,107
2023-05-10 21:30:57,eb2404,eb2404,7863.0,0.0,0.0,0.0,1,7710.0,7833.0,1,7863.0,7654.0,0.0,0.0,0.0,0.0,107
2023-05-10 21:30:58,eb2404,eb2404,7863.0,0.0,0.0,0.0,1,7710.0,7832.0,1,7863.0,7654.0,0.0,0.0,0.0,0.0,107
2023-05-10 21:31:13,eb2404,eb2404,7863.0,0.0,0.0,0.0,1,7710.0,7831.0,2,7863.0,7654.0,0.0,0.0,0.0,0.0,107
2023-05-10 21:31:16,eb2404,eb2404,7863.0,0.0,0.0,0.0,1,7710.0,7830.0,1,7863.0,7654.0,0.0,0.0,0.0,0.0,107
2023-05-10 21:31:56,eb2404,eb2404,7863.0,0.0,0.0,0.0,1,7710.0,7829.0,2,7863.0,7654.0,0.0,0.0,0.0,0.0,107
2023-05-10 21:32:05,eb2404,eb2404,7863.0,0.0,0.0,0.0,1,7710.0,7828.0,1,7863.0,7654.0,0.0,0.0,0.0,0.0,107
2023-05-10 21:33:10,eb2404,eb2404,7863.0,0.0,0.0,0.0,1,7710.0,7827.0,1,7863.0,7654.0,0.0,0.0,0.0,0.0,107
2023-05-10 21:33:14,eb2404,eb2404,7863.0,0.0,0.0,0.0,1,7710.0,7826.0,1,7863.0,7654.0,0.0,0.0,0.0,0.0,107
2023-05-10 21:33:15,eb2404,eb2404,7863.0,0.0,0.0,0.0,1,7710.0,7825.0,1,7863.0,7654.0,0.0,0.0,0.0,0.0,107
2023-05-10 21:33:19,eb2404,eb2404,7863.0,0.0,0.0,0.0,1,7710.0,7824.0,2,7863.0,7654.0,0.0,0.0,0.0,0.0,107
2023-05-10 21:33:19,eb2404,eb2404,7863.0,0.0,0.0,0.0,1,7710.0,7823.0,1,7863.0,7654.0,0.0,0.0,0.0,0.0,107
2023-05-10 21:33:20,eb2404,eb2404,7863.0,0.0,0.0,0.0,1,7710.0,7822.0,1,7863.0,7654.0,0.0,0.0,0.0,0.0,107
2023-05-10 21:33:26,eb2404,eb2404,7863.0,0.0,0.0,0.0,1,7710.0,7821.0,1,7863.0,7654.0,0.0,0.0,0.0,0.0,107
2023-05-10 21:33:31,eb2404,eb2404,7863.0,0.0,0.0,0.0,1,7710.0,7821.0,2,7863.0,7654.0,0.0,0.0,0.0,0.0,107
2023-05-10 21:33:33,eb2404,eb2404,7863.0,0.0,0.0,0.0,1,7710.0,7821.0,1,7863.0,7654.0,0.0,0.0,0.0,0.0,107
2023-05-10 21:33:34,eb2404,eb2404,7863.0,0.0,0.0,0.0,1,7710.0,7820.0,1,7863.0,7654.0,0.0,0.0,0.0,0.0,107
2023-05-10 21:33:39,eb2404,eb2404,7863.0,0.0,0.0,0.0,1,7710.0,7819.0,1,7863.0,7654.0,0.0,0.0,0.0,0.0,107
2023-05-10 21:34:01,eb2404,eb2404,7863.0,0.0,0.0,0.0,1,7710.0,7818.0,3,7863.0,7654.0,0.0,0.0,0.0,0.0,107
2023-05-10 21:34:02,eb2404,eb2404,7863.0,0.0,0.0,0.0,1,7710.0,7817.0,1,7863.0,7654.0,0.0,0.0,0.0,0.0,107
2023-05-10 21:34:43,eb2404,eb2404,7863.0,0.0,0.0,0.0,1,7710.0,7816.0,2,7863.0,7654.0,0.0,0.0,0.0,0.0,107
2023-05-10 21:34:48,eb2404,eb2404,7863.0,0.0,0.0,0.0,1,7710.0,7815.0,1,7863.0,7654.0,0.0,0.0,0.0,0.0,107
2023-05-10 21:36:09,eb2404,eb2404,7863.0,0.0,0.0,0.0,1,7710.0,7814.0,2,7863.0,7654.0,0.0,0.0,0.0,0.0,107
2023-05-10 21:36:10,eb2404,eb2404,7863.0,0.0,0.0,0.0,1,7710.0,7813.0,1,7863.0,7654.0,0.0,0.0,0.0,0.0,107
2023-05-10 21:36:52,eb2404,eb2404,7863.0,0.0,0.0,0.0,1,7710.0,7812.0,2,7863.0,7654.0,0.0,0.0,0.0,0.0,107
2023-05-10 21:36:53,eb2404,eb2404,7863.0,0.0,0.0,0.0,1,7710.0,7811.0,1,7863.0,7654.0,0.0,0.0,0.0,0.0,107
2023-05-10 21:37:34,eb2404,eb2404,7863.0,0.0,0.0,0.0,1,7710.0,7810.0,2,7863.0,7654.0,0.0,0.0,0.0,0.0,107
2023-05-10 21:37:39,eb2404,eb2404,7863.0,0.0,0.0,0.0,1,7710.0,7809.0,1,7863.0,7654.0,0.0,0.0,0.0,0.0,107
2023-05-10 21:38:58,eb2404,eb2404,7863.0,0.0,0.0,0.0,1,7710.0,7808.0,2,7863.0,7654.0,0.0,0.0,0.0,0.0,107
2023-05-10 21:38:59,eb2404,eb2404,7863.0,0.0,0.0,0.0,1,7710.0,7807.0,1,7863.0,7654.0,0.0,0.0,0.0,0.0,107
2023-05-10 21:39:41,eb2404,eb2404,7863.0,0.0,0.0,0.0,1,7710.0,7806.0,2,7863.0,7654.0,0.0,0.0,0.0,0.0,107
2023-05-10 21:39:43,eb2404,eb2404,7863.0,0.0,0.0,0.0,1,7710.0,7805.0,1,7863.0,7654.0,0.0,0.0,0.0,0.0,107
2023-05-10 21:40:23,eb2404,eb2404,7863.0,0.0,0.0,0.0,1,7710.0,7804.0,2,7863.0,7654.0,0.0,0.0,0.0,0.0,107
2023-05-10 21:40:33,eb2404,eb2404,7863.0,0.0,0.0,0.0,1,7710.0,7803.0,1,7863.0,7654.0,0.0,0.0,0.0,0.0,107
2023-05-10 21:41:46,eb2404,eb2404,7863.0,0.0,0.0,0.0,1,7710.0,7802.0,2,7863.0,7654.0,0.0,0.0,0.0,0.0,107
2023-05-10 21:41:51,eb2404,eb2404,7863.0,0.0,0.0,0.0,1,7710.0,7801.0,1,7863.0,7654.0,0.0,0.0,0.0,0.0,107
2023-05-10 21:43:09,eb2404,eb2404,7863.0,0.0,0.0,0.0,1,7710.0,7800.0,2,7863.0,7654.0,0.0,0.0,0.0,0.0,107
2023-05-10 21:43:22,eb2404,eb2404,7863.0,0.0,0.0,0.0,1,7710.0,7799.0,1,7863.0,7654.0,0.0,0.0,0.0,0.0,107
2023-05-10 21:44:10,eb2404,eb2404,7863.0,0.0,0.0,0.0,1,7710.0,7833.0,1,7863.0,7654.0,0.0,0.0,0.0,0.0,107
2023-05-10 21:44:10,eb2404,eb2404,7863.0,0.0,0.0,0.0,1,7710.0,7832.0,1,7863.0,7654.0,0.0,0.0,0.0,0.0,107
2023-05-10 21:44:11,eb2404,eb2404,7863.0,0.0,0.0,0.0,1,7710.0,7832.0,2,7863.0,7654.0,0.0,0.0,0.0,0.0,107
2023-05-10 21:44:33,eb2404,eb2404,7863.0,0.0,0.0,0.0,1,7710.0,7831.0,2,7863.0,7654.0,0.0,0.0,0.0,0.0,107
2023-05-10 21:44:39,eb2404,eb2404,7863.0,0.0,0.0,0.0,1,7710.0,7830.0,1,7863.0,7654.0,0.0,0.0,0.0,0.0,107
2023-05-10 21:45:55,eb2404,eb2404,7863.0,0.0,0.0,0.0,1,7710.0,7829.0,2,7863.0,7654.0,0.0,0.0,0.0,0.0,107
2023-05-10 21:45:57,eb2404,eb2404,7863.0,0.0,0.0,0.0,1,7710.0,7828.0,1,7863.0,7654.0,0.0,0.0,0.0,0.0,107
2023-05-10 21:46:37,eb2404,eb2404,7863.0,0.0,0.0,0.0,1,7710.0,7827.0,2,7863.0,7654.0,0.0,0.0,0.0,0.0,107
2023-05-10 21:46:46,eb2404,eb2404,7863.0,0.0,0.0,0.0,1,7710.0,7826.0,1,7863.0,7654.0,0.0,0.0,0.0,0.0,107
2023-05-10 21:47:59,eb2404,eb2404,7863.0,0.0,0.0,0.0,1,7710.0,7825.0,2,7863.0,7654.0,0.0,0.0,0.0,0.0,107
2023-05-10 21:48:01,eb2404,eb2404,7863.0,0.0,0.0,0.0,1,7680.0,7825.0,2,7863.0,7654.0,0.0,0.0,0.0,0.0,107
2023-05-10 21:48:02,eb2404,eb2404,7863.0,0.0,0.0,0.0,1,7681.0,7824.0,1,7863.0,7654.0,0.0,0.0,0.0,0.0,107
2023-05-10 21:48:02,eb2404,eb2404,7863.0,0.0,0.0,0.0,2,7681.0,7824.0,1,7863.0,7654.0,0.0,0.0,0.0,0.0,107
2023-05-10 21:48:02,eb2404,eb2404,7863.0,0.0,0.0,0.0,3,7681.0,7824.0,1,7863.0,7654.0,0.0,0.0,0.0,0.0,107
2023-05-10 21:48:43,eb2404,eb2404,7863.0,0.0,0.0,0.0,3,7681.0,7823.0,2,7863.0,7654.0,0.0,0.0,0.0,0.0,107
2023-05-10 21:48:44,eb2404,eb2404,7863.0,0.0,0.0,0.0,3,7681.0,7822.0,1,7863.0,7654.0,0.0,0.0,0.0,0.0,107
2023-05-10 21:49:12,eb2404,eb2404,7863.0,0.0,0.0,0.0,2,7681.0,7822.0,1,7863.0,7654.0,0.0,0.0,0.0,0.0,107
2023-05-10 21:49:25,eb2404,eb2404,7863.0,0.0,0.0,0.0,2,7681.0,7821.0,2,7863.0,7654.0,0.0,0.0,0.0,0.0,107
2023-05-10 21:49:26,eb2404,eb2404,7863.0,0.0,0.0,0.0,2,7681.0,7820.0,1,7863.0,7654.0,0.0,0.0,0.0,0.0,107
2023-05-10 21:50:07,eb2404,eb2404,7863.0,0.0,0.0,0.0,2,7681.0,7819.0,2,7863.0,7654.0,0.0,0.0,0.0,0.0,107
2023-05-10 21:50:09,eb2404,eb2404,7863.0,0.0,0.0,0.0,2,7681.0,7818.0,1,7863.0,7654.0,0.0,0.0,0.0,0.0,107
2023-05-10 21:50:49,eb2404,eb2404,7863.0,0.0,0.0,0.0,2,7681.0,7817.0,2,7863.0,7654.0,0.0,0.0,0.0,0.0,107
2023-05-10 21:50:55,eb2404,eb2404,7863.0,0.0,0.0,0.0,2,7681.0,7816.0,1,7863.0,7654.0,0.0,0.0,0.0,0.0,107
2023-05-10 21:52:13,eb2404,eb2404,7863.0,0.0,0.0,0.0,2,7681.0,7815.0,2,7863.0,7654.0,0.0,0.0,0.0,0.0,107
2023-05-10 21:52:16,eb2404,eb2404,7863.0,0.0,0.0,0.0,2,7681.0,7814.0,1,7863.0,7654.0,0.0,0.0,0.0,0.0,107
2023-05-10 21:52:55,eb2404,eb2404,7863.0,0.0,0.0,0.0,2,7681.0,7813.0,2,7863.0,7654.0,0.0,0.0,0.0,0.0,107
2023-05-10 21:52:58,eb2404,eb2404,7863.0,0.0,0.0,0.0,2,7681.0,7812.0,1,7863.0,7654.0,0.0,0.0,0.0,0.0,107
2023-05-10 21:53:03,eb2404,eb2404,7863.0,0.0,0.0,0.0,1,7681.0,7812.0,1,7863.0,7654.0,0.0,0.0,0.0,0.0,107
2023-05-10 21:53:05,eb2404,eb2404,7863.0,0.0,0.0,0.0,2,7681.0,7812.0,1,7863.0,7654.0,0.0,0.0,0.0,0.0,107
2023-05-10 21:53:14,eb2404,eb2404,7863.0,0.0,0.0,0.0,3,7681.0,7812.0,1,7863.0,7654.0,0.0,0.0,0.0,0.0,107
2023-05-10 21:53:37,eb2404,eb2404,7863.0,0.0,0.0,0.0,3,7681.0,7811.0,2,7863.0,7654.0,0.0,0.0,0.0,0.0,107
2023-05-10 21:53:45,eb2404,eb2404,7863.0,0.0,0.0,0.0,3,7681.0,7810.0,1,7863.0,7654.0,0.0,0.0,0.0,0.0,107
2023-05-10 21:55:01,eb2404,eb2404,7863.0,0.0,0.0,0.0,3,7681.0,7809.0,2,7863.0,7654.0,0.0,0.0,0.0,0.0,107
2023-05-10 21:55:05,eb2404,eb2404,7863.0,0.0,0.0,0.0,3,7681.0,7808.0,1,7863.0,7654.0,0.0,0.0,0.0,0.0,107
2023-05-10 21:56:24,eb2404,eb2404,7863.0,0.0,0.0,0.0,3,7681.0,7807.0,2,7863.0,7654.0,0.0,0.0,0.0,0.0,107
2023-05-10 21:56:25,eb2404,eb2404,7863.0,0.0,0.0,0.0,3,7681.0,7806.0,1,7863.0,7654.0,0.0,0.0,0.0,0.0,107
2023-05-10 21:57:06,eb2404,eb2404,7863.0,0.0,0.0,0.0,3,7681.0,7805.0,2,7863.0,7654.0,0.0,0.0,0.0,0.0,107
2023-05-10 21:57:08,eb2404,eb2404,7863.0,0.0,0.0,0.0,3,7681.0,7804.0,1,7863.0,7654.0,0.0,0.0,0.0,0.0,107
2023-05-10 21:57:47,eb2404,eb2404,7863.0,0.0,0.0,0.0,2,7682.0,7804.0,1,7863.0,7654.0,0.0,0.0,0.0,0.0,107
2023-05-10 21:57:49,eb2404,eb2404,7863.0,0.0,0.0,0.0,1,7683.0,7804.0,1,7863.0,7654.0,0.0,0.0,0.0,0.0,107
2023-05-10 21:58:28,eb2404,eb2404,7863.0,0.0,0.0,0.0,1,7683.0,7803.0,2,7863.0,7654.0,0.0,0.0,0.0,0.0,107
2023-05-10 21:58:30,eb2404,eb2404,7863.0,0.0,0.0,0.0,1,7683.0,7802.0,1,7863.0,7654.0,0.0,0.0,0.0,0.0,107
2023-05-10 21:59:11,eb2404,eb2404,7863.0,0.0,0.0,0.0,1,7683.0,7801.0,2,7863.0,7654.0,0.0,0.0,0.0,0.0,107
2023-05-10 21:59:11,eb2404,eb2404,7863.0,0.0,0.0,0.0,1,7683.0,7801.0,3,7863.0,7654.0,0.0,0.0,0.0,0.0,107
2023-05-10 21:59:12,eb2404,eb2404,7863.0,0.0,0.0,0.0,1,7683.0,7800.0,1,7863.0,7654.0,0.0,0.0,0.0,0.0,107
2023-05-10 21:59:53,eb2404,eb2404,7863.0,0.0,0.0,0.0,1,7683.0,7799.0,2,7863.0,7654.0,0.0,0.0,0.0,0.0,107
2023-05-10 22:00:05,eb2404,eb2404,7863.0,0.0,0.0,0.0,1,7683.0,7798.0,1,7863.0,7654.0,0.0,0.0,0.0,0.0,107
2023-05-10 22:01:17,eb2404,eb2404,7863.0,0.0,0.0,0.0,1,7683.0,7797.0,2,7863.0,7654.0,0.0,0.0,0.0,0.0,107
2023-05-10 22:01:21,eb2404,eb2404,7863.0,0.0,0.0,0.0,1,7683.0,7796.0,1,7863.0,7654.0,0.0,0.0,0.0,0.0,107
2023-05-10 22:01:58,eb2404,eb2404,7863.0,0.0,0.0,0.0,1,7683.0,7795.0,2,7863.0,7654.0,0.0,0.0,0.0,0.0,107
2023-05-10 22:02:01,eb2404,eb2404,7863.0,0.0,0.0,0.0,1,7683.0,7794.0,1,7863.0,7654.0,0.0,0.0,0.0,0.0,107
2023-05-10 22:02:40,eb2404,eb2404,7863.0,0.0,0.0,0.0,2,7684.0,7794.0,1,7863.0,7654.0,0.0,0.0,0.0,0.0,107
2023-05-10 22:02:41,eb2404,eb2404,7863.0,0.0,0.0,0.0,1,7685.0,7794.0,1,7863.0,7654.0,0.0,0.0,0.0,0.0,107
2023-05-10 22:03:22,eb2404,eb2404,7863.0,0.0,0.0,0.0,1,7685.0,7793.0,2,7863.0,7654.0,0.0,0.0,0.0,0.0,107
2023-05-10 22:03:23,eb2404,eb2404,7863.0,0.0,0.0,0.0,1,7685.0,7792.0,1,7863.0,7654.0,0.0,0.0,0.0,0.0,107
2023-05-10 22:04:04,eb2404,eb2404,7863.0,0.0,0.0,0.0,2,7686.0,7792.0,1,7863.0,7654.0,0.0,0.0,0.0,0.0,107
2023-05-10 22:04:05,eb2404,eb2404,7863.0,0.0,0.0,0.0,1,7687.0,7792.0,1,7863.0,7654.0,0.0,0.0,0.0,0.0,107
2023-05-10 22:04:46,eb2404,eb2404,7863.0,0.0,0.0,0.0,1,7687.0,7791.0,2,7863.0,7654.0,0.0,0.0,0.0,0.0,107
2023-05-10 22:04:47,eb2404,eb2404,7863.0,0.0,0.0,0.0,1,7687.0,7790.0,1,7863.0,7654.0,0.0,0.0,0.0,0.0,107
2023-05-10 22:05:28,eb2404,eb2404,7863.0,0.0,0.0,0.0,1,7687.0,7789.0,2,7863.0,7654.0,0.0,0.0,0.0,0.0,107
2023-05-10 22:05:31,eb2404,eb2404,7863.0,0.0,0.0,0.0,1,7687.0,7801.0,1,7863.0,7654.0,0.0,0.0,0.0,0.0,107
2023-05-10 22:05:31,eb2404,eb2404,7863.0,0.0,0.0,0.0,1,7687.0,7800.0,1,7863.0,7654.0,0.0,0.0,0.0,0.0,107
2023-05-10 22:05:32,eb2404,eb2404,7863.0,0.0,0.0,0.0,1,7687.0,7800.0,2,7863.0,7654.0,0.0,0.0,0.0,0.0,107
2023-05-10 22:06:11,eb2404,eb2404,7863.0,0.0,0.0,0.0,1,7687.0,7799.0,2,7863.0,7654.0,0.0,0.0,0.0,0.0,107
2023-05-10 22:06:14,eb2404,eb2404,7863.0,0.0,0.0,0.0,1,7687.0,7798.0,1,7863.0,7654.0,0.0,0.0,0.0,0.0,107
2023-05-10 22:06:54,eb2404,eb2404,7863.0,0.0,0.0,0.0,2,7688.0,7798.0,1,7863.0,7654.0,0.0,0.0,0.0,0.0,107
2023-05-10 22:06:56,eb2404,eb2404,7863.0,0.0,0.0,0.0,1,7689.0,7798.0,1,7863.0,7654.0,0.0,0.0,0.0,0.0,107
2023-05-10 22:07:36,eb2404,eb2404,7863.0,0.0,0.0,0.0,2,7690.0,7798.0,1,7863.0,7654.0,0.0,0.0,0.0,0.0,107
2023-05-10 22:07:38,eb2404,eb2404,7863.0,0.0,0.0,0.0,1,7691.0,7798.0,1,7863.0,7654.0,0.0,0.0,0.0,0.0,107
2023-05-10 22:07:42,eb2404,eb2404,7863.0,0.0,0.0,0.0,2,7690.0,7800.0,1,7863.0,7654.0,0.0,0.0,0.0,0.0,107
2023-05-10 22:07:42,eb2404,eb2404,7863.0,0.0,0.0,0.0,1,7691.0,7800.0,1,7863.0,7654.0,0.0,0.0,0.0,0.0,107
2023-05-10 22:07:59,eb2404,eb2404,7863.0,0.0,0.0,0.0,1,7691.0,7799.0,1,7863.0,7654.0,0.0,0.0,0.0,0.0,107
2023-05-10 22:08:19,eb2404,eb2404,7863.0,0.0,0.0,0.0,2,7692.0,7799.0,1,7863.0,7654.0,0.0,0.0,0.0,0.0,107
2023-05-10 22:08:21,eb2404,eb2404,7863.0,0.0,0.0,0.0,1,7693.0,7799.0,1,7863.0,7654.0,0.0,0.0,0.0,0.0,107
2023-05-10 22:09:01,eb2404,eb2404,7863.0,0.0,0.0,0.0,2,7694.0,7799.0,1,7863.0,7654.0,0.0,0.0,0.0,0.0,107
2023-05-10 22:09:10,eb2404,eb2404,7863.0,0.0,0.0,0.0,1,7695.0,7799.0,1,7863.0,7654.0,0.0,0.0,0.0,0.0,107
2023-05-10 22:10:25,eb2404,eb2404,7863.0,0.0,0.0,0.0,1,7695.0,7798.0,2,7863.0,7654.0,0.0,0.0,0.0,0.0,107
2023-05-10 22:10:33,eb2404,eb2404,7863.0,0.0,0.0,0.0,1,7695.0,7797.0,1,7863.0,7654.0,0.0,0.0,0.0,0.0,107
2023-05-10 22:11:47,eb2404,eb2404,7863.0,0.0,0.0,0.0,1,7695.0,7796.0,2,7863.0,7654.0,0.0,0.0,0.0,0.0,107
2023-05-10 22:11:48,eb2404,eb2404,7863.0,0.0,0.0,0.0,1,7695.0,7795.0,1,7863.0,7654.0,0.0,0.0,0.0,0.0,107
2023-05-10 22:12:29,eb2404,eb2404,7863.0,0.0,0.0,0.0,1,7695.0,7794.0,2,7863.0,7654.0,0.0,0.0,0.0,0.0,107
2023-05-10 22:12:30,eb2404,eb2404,7863.0,0.0,0.0,0.0,1,7695.0,7793.0,1,7863.0,7654.0,0.0,0.0,0.0,0.0,107
2023-05-10 22:13:11,eb2404,eb2404,7863.0,0.0,0.0,0.0,1,7695.0,7792.0,2,7863.0,7654.0,0.0,0.0,0.0,0.0,107
2023-05-10 22:13:13,eb2404,eb2404,7863.0,0.0,0.0,0.0,1,7695.0,7791.0,1,7863.0,7654.0,0.0,0.0,0.0,0.0,107
2023-05-10 22:13:25,eb2404,eb2404,7863.0,0.0,0.0,0.0,1,7695.0,7792.0,2,7863.0,7654.0,0.0,0.0,0.0,0.0,107
2023-05-10 22:13:32,eb2404,eb2404,7863.0,0.0,0.0,0.0,1,7695.0,7791.0,1,7863.0,7654.0,0.0,0.0,0.0,0.0,107
2023-05-10 22:13:52,eb2404,eb2404,7863.0,0.0,0.0,0.0,2,7696.0,7791.0,1,7863.0,7654.0,0.0,0.0,0.0,0.0,107
2023-05-10 22:14:01,eb2404,eb2404,7863.0,0.0,0.0,0.0,1,7697.0,7791.0,1,7863.0,7654.0,0.0,0.0,0.0,0.0,107
2023-05-10 22:14:34,eb2404,eb2404,7863.0,0.0,0.0,0.0,1,7697.0,7790.0,2,7863.0,7654.0,0.0,0.0,0.0,0.0,107
2023-05-10 22:14:36,eb2404,eb2404,7863.0,0.0,0.0,0.0,1,7697.0,7791.0,1,7863.0,7654.0,0.0,0.0,0.0,0.0,107
2023-05-10 22:15:15,eb2404,eb2404,7863.0,0.0,0.0,0.0,2,7698.0,7791.0,1,7863.0,7654.0,0.0,0.0,0.0,0.0,107
2023-05-10 22:15:26,eb2404,eb2404,7863.0,0.0,0.0,0.0,1,7699.0,7791.0,1,7863.0,7654.0,0.0,0.0,0.0,0.0,107
2023-05-10 22:15:57,eb2404,eb2404,7863.0,0.0,0.0,0.0,1,7699.0,7790.0,2,7863.0,7654.0,0.0,0.0,0.0,0.0,107
2023-05-10 22:16:03,eb2404,eb2404,7863.0,0.0,0.0,0.0,1,7699.0,7789.0,1,7863.0,7654.0,0.0,0.0,0.0,0.0,107
2023-05-10 22:17:21,eb2404,eb2404,7863.0,0.0,0.0,0.0,1,7699.0,7788.0,2,7863.0,7654.0,0.0,0.0,0.0,0.0,107
2023-05-10 22:17:22,eb2404,eb2404,7863.0,0.0,0.0,0.0,1,7699.0,7787.0,1,7863.0,7654.0,0.0,0.0,0.0,0.0,107
2023-05-10 22:18:04,eb2404,eb2404,7863.0,0.0,0.0,0.0,1,7699.0,7786.0,2,7863.0,7654.0,0.0,0.0,0.0,0.0,107
2023-05-10 22:18:05,eb2404,eb2404,7863.0,0.0,0.0,0.0,1,7699.0,7785.0,1,7863.0,7654.0,0.0,0.0,0.0,0.0,107
2023-05-10 22:18:07,eb2404,eb2404,7863.0,0.0,0.0,0.0,1,7699.0,7786.0,2,7863.0,7654.0,0.0,0.0,0.0,0.0,107
2023-05-10 22:18:12,eb2404,eb2404,7863.0,0.0,0.0,0.0,1,7699.0,7785.0,1,7863.0,7654.0,0.0,0.0,0.0,0.0,107
2023-05-10 22:19:26,eb2404,eb2404,7863.0,0.0,0.0,0.0,1,7699.0,7784.0,2,7863.0,7654.0,0.0,0.0,0.0,0.0,107
2023-05-10 22:19:28,eb2404,eb2404,7863.0,0.0,0.0,0.0,1,7699.0,7783.0,1,7863.0,7654.0,0.0,0.0,0.0,0.0,107
2023-05-10 22:20:10,eb2404,eb2404,7863.0,0.0,0.0,0.0,1,7699.0,7782.0,2,7863.0,7654.0,0.0,0.0,0.0,0.0,107
2023-05-10 22:20:11,eb2404,eb2404,7863.0,0.0,0.0,0.0,1,7699.0,7781.0,1,7863.0,7654.0,0.0,0.0,0.0,0.0,107
2023-05-10 22:20:15,eb2404,eb2404,7863.0,0.0,0.0,0.0,1,7699.0,7782.0,2,7863.0,7654.0,0.0,0.0,0.0,0.0,107
2023-05-10 22:20:18,eb2404,eb2404,7863.0,0.0,0.0,0.0,1,7699.0,7782.0,3,7863.0,7654.0,0.0,0.0,0.0,0.0,107
2023-05-10 22:20:21,eb2404,eb2404,7863.0,0.0,0.0,0.0,1,7699.0,7782.0,2,7863.0,7654.0,0.0,0.0,0.0,0.0,107
2023-05-10 22:20:21,eb2404,eb2404,7863.0,0.0,0.0,0.0,1,7699.0,7781.0,1,7863.0,7654.0,0.0,0.0,0.0,0.0,107
2023-05-10 22:21:33,eb2404,eb2404,7863.0,0.0,0.0,0.0,1,7699.0,7780.0,2,7863.0,7654.0,0.0,0.0,0.0,0.0,107
2023-05-10 22:21:40,eb2404,eb2404,7863.0,0.0,0.0,0.0,1,7699.0,7779.0,1,7863.0,7654.0,0.0,0.0,0.0,0.0,107
2023-05-10 22:22:14,eb2404,eb2404,7863.0,0.0,0.0,0.0,2,7700.0,7779.0,1,7863.0,7654.0,0.0,0.0,0.0,0.0,107
2023-05-10 22:22:16,eb2404,eb2404,7863.0,0.0,0.0,0.0,1,7700.0,7779.0,1,7863.0,7654.0,0.0,0.0,0.0,0.0,107
2023-05-10 22:22:56,eb2404,eb2404,7863.0,0.0,0.0,0.0,1,7700.0,7778.0,2,7863.0,7654.0,0.0,0.0,0.0,0.0,107
2023-05-10 22:22:57,eb2404,eb2404,7863.0,0.0,0.0,0.0,1,7700.0,7779.0,1,7863.0,7654.0,0.0,0.0,0.0,0.0,107
2023-05-10 22:23:37,eb2404,eb2404,7863.0,0.0,0.0,0.0,1,7700.0,7778.0,2,7863.0,7654.0,0.0,0.0,0.0,0.0,107
2023-05-10 22:23:38,eb2404,eb2404,7863.0,0.0,0.0,0.0,1,7700.0,7779.0,1,7863.0,7654.0,0.0,0.0,0.0,0.0,107
2023-05-10 22:23:52,eb2404,eb2404,7863.0,0.0,0.0,0.0,1,7700.0,7800.0,1,7863.0,7654.0,0.0,0.0,0.0,0.0,107
2023-05-10 22:23:52,eb2404,eb2404,7863.0,0.0,0.0,0.0,1,7700.0,8047.0,1,7863.0,7654.0,0.0,0.0,0.0,0.0,107
2023-05-10 22:23:53,eb2404,eb2404,7863.0,0.0,0.0,0.0,1,7700.0,7799.0,1,7863.0,7654.0,0.0,0.0,0.0,0.0,107
2023-05-10 22:23:53,eb2404,eb2404,7863.0,0.0,0.0,0.0,1,7700.0,7799.0,2,7863.0,7654.0,0.0,0.0,0.0,0.0,107
2023-05-10 22:24:19,eb2404,eb2404,7863.0,0.0,0.0,0.0,1,7700.0,7798.0,2,7863.0,7654.0,0.0,0.0,0.0,0.0,107
2023-05-10 22:24:24,eb2404,eb2404,7863.0,0.0,0.0,0.0,1,7700.0,7797.0,1,7863.0,7654.0,0.0,0.0,0.0,0.0,107
2023-05-10 22:25:42,eb2404,eb2404,7863.0,0.0,0.0,0.0,1,7700.0,7796.0,2,7863.0,7654.0,0.0,0.0,0.0,0.0,107
2023-05-10 22:25:49,eb2404,eb2404,7863.0,0.0,0.0,0.0,1,7700.0,7795.0,1,7863.0,7654.0,0.0,0.0,0.0,0.0,107
2023-05-10 22:26:37,eb2404,eb2404,7863.0,0.0,0.0,0.0,1,7681.0,7795.0,1,7863.0,7654.0,0.0,0.0,0.0,0.0,107
2023-05-10 22:26:37,eb2404,eb2404,7863.0,0.0,0.0,0.0,3,7653.0,7795.0,1,7863.0,7654.0,0.0,0.0,0.0,0.0,107
2023-05-10 22:26:38,eb2404,eb2404,7863.0,0.0,0.0,0.0,4,7653.0,7795.0,1,7863.0,7654.0,0.0,0.0,0.0,0.0,107
2023-05-10 22:26:55,eb2404,eb2404,7863.0,0.0,0.0,0.0,2,7654.0,7795.0,1,7863.0,7654.0,0.0,0.0,0.0,0.0,107
2023-05-10 22:26:55,eb2404,eb2404,7863.0,0.0,0.0,0.0,2,7654.0,7799.0,1,7863.0,7654.0,0.0,0.0,0.0,0.0,107
2023-05-10 22:26:56,eb2404,eb2404,7863.0,0.0,0.0,0.0,2,7654.0,7799.0,2,7863.0,7654.0,0.0,0.0,0.0,0.0,107
2023-05-10 22:26:58,eb2404,eb2404,7863.0,0.0,0.0,0.0,2,7654.0,7799.0,1,7863.0,7654.0,0.0,0.0,0.0,0.0,107
2023-05-10 22:26:59,eb2404,eb2404,7863.0,0.0,0.0,0.0,2,7654.0,7798.0,1,7863.0,7654.0,0.0,0.0,0.0,0.0,107
2023-05-10 22:27:06,eb2404,eb2404,7863.0,0.0,0.0,0.0,2,7655.0,7798.0,1,7863.0,7654.0,0.0,0.0,0.0,0.0,107
2023-05-10 22:27:08,eb2404,eb2404,7863.0,0.0,0.0,0.0,2,7656.0,7798.0,1,7863.0,7654.0,0.0,0.0,0.0,0.0,107
2023-05-10 22:27:49,eb2404,eb2404,7863.0,0.0,0.0,0.0,2,7657.0,7798.0,1,7863.0,7654.0,0.0,0.0,0.0,0.0,107
2023-05-10 22:27:57,eb2404,eb2404,7863.0,0.0,0.0,0.0,2,7658.0,7798.0,1,7863.0,7654.0,0.0,0.0,0.0,0.0,107
2023-05-10 22:29:14,eb2404,eb2404,7863.0,0.0,0.0,0.0,2,7659.0,7798.0,1,7863.0,7654.0,0.0,0.0,0.0,0.0,107
2023-05-10 22:29:16,eb2404,eb2404,7863.0,0.0,0.0,0.0,2,7660.0,7798.0,1,7863.0,7654.0,0.0,0.0,0.0,0.0,107
2023-05-10 22:29:56,eb2404,eb2404,7863.0,0.0,0.0,0.0,2,7661.0,7798.0,1,7863.0,7654.0,0.0,0.0,0.0,0.0,107
2023-05-10 22:29:59,eb2404,eb2404,7863.0,0.0,0.0,0.0,2,7662.0,7798.0,1,7863.0,7654.0,0.0,0.0,0.0,0.0,107
2023-05-10 22:30:41,eb2404,eb2404,7863.0,0.0,0.0,0.0,2,7663.0,7798.0,1,7863.0,7654.0,0.0,0.0,0.0,0.0,107
2023-05-10 22:30:42,eb2404,eb2404,7863.0,0.0,0.0,0.0,2,7664.0,7798.0,1,7863.0,7654.0,0.0,0.0,0.0,0.0,107
2023-05-10 22:31:23,eb2404,eb2404,7863.0,0.0,0.0,0.0,2,7665.0,7798.0,1,7863.0,7654.0,0.0,0.0,0.0,0.0,107
2023-05-10 22:31:25,eb2404,eb2404,7863.0,0.0,0.0,0.0,2,7666.0,7798.0,1,7863.0,7654.0,0.0,0.0,0.0,0.0,107
2023-05-10 22:32:05,eb2404,eb2404,7863.0,0.0,0.0,0.0,2,7667.0,7798.0,1,7863.0,7654.0,0.0,0.0,0.0,0.0,107
2023-05-10 22:32:14,eb2404,eb2404,7863.0,0.0,0.0,0.0,2,7668.0,7798.0,1,7863.0,7654.0,0.0,0.0,0.0,0.0,107
2023-05-10 22:33:28,eb2404,eb2404,7863.0,0.0,0.0,0.0,2,7669.0,7798.0,1,7863.0,7654.0,0.0,0.0,0.0,0.0,107
2023-05-10 22:33:31,eb2404,eb2404,7863.0,0.0,0.0,0.0,1,7670.0,7798.0,1,7863.0,7654.0,0.0,0.0,0.0,0.0,107
2023-05-10 22:34:10,eb2404,eb2404,7863.0,0.0,0.0,0.0,1,7670.0,7797.0,2,7863.0,7654.0,0.0,0.0,0.0,0.0,107
2023-05-10 22:34:13,eb2404,eb2404,7863.0,0.0,0.0,0.0,1,7670.0,7796.0,1,7863.0,7654.0,0.0,0.0,0.0,0.0,107
2023-05-10 22:34:53,eb2404,eb2404,7863.0,0.0,0.0,0.0,1,7670.0,7795.0,2,7863.0,7654.0,0.0,0.0,0.0,0.0,107
2023-05-10 22:34:56,eb2404,eb2404,7863.0,0.0,0.0,0.0,1,7670.0,7794.0,1,7863.0,7654.0,0.0,0.0,0.0,0.0,107
2023-05-10 22:35:35,eb2404,eb2404,7863.0,0.0,0.0,0.0,2,7671.0,7794.0,1,7863.0,7654.0,0.0,0.0,0.0,0.0,107
2023-05-10 22:35:47,eb2404,eb2404,7863.0,0.0,0.0,0.0,1,7672.0,7794.0,1,7863.0,7654.0,0.0,0.0,0.0,0.0,107
2023-05-10 22:36:17,eb2404,eb2404,7863.0,0.0,0.0,0.0,1,7672.0,7793.0,2,7863.0,7654.0,0.0,0.0,0.0,0.0,107
2023-05-10 22:36:22,eb2404,eb2404,7863.0,0.0,0.0,0.0,1,7672.0,7792.0,1,7863.0,7654.0,0.0,0.0,0.0,0.0,107
2023-05-10 22:36:58,eb2404,eb2404,7863.0,0.0,0.0,0.0,2,7673.0,7792.0,1,7863.0,7654.0,0.0,0.0,0.0,0.0,107
2023-05-10 22:36:59,eb2404,eb2404,7863.0,0.0,0.0,0.0,1,7674.0,7792.0,1,7863.0,7654.0,0.0,0.0,0.0,0.0,107
2023-05-10 22:37:40,eb2404,eb2404,7863.0,0.0,0.0,0.0,1,7674.0,7791.0,2,7863.0,7654.0,0.0,0.0,0.0,0.0,107
2023-05-10 22:37:42,eb2404,eb2404,7863.0,0.0,0.0,0.0,1,7674.0,7790.0,1,7863.0,7654.0,0.0,0.0,0.0,0.0,107
2023-05-10 22:38:22,eb2404,eb2404,7863.0,0.0,0.0,0.0,1,7674.0,7789.0,2,7863.0,7654.0,0.0,0.0,0.0,0.0,107
2023-05-10 22:38:23,eb2404,eb2404,7863.0,0.0,0.0,0.0,1,7674.0,7788.0,1,7863.0,7654.0,0.0,0.0,0.0,0.0,107
2023-05-10 22:39:04,eb2404,eb2404,7863.0,0.0,0.0,0.0,2,7675.0,7788.0,1,7863.0,7654.0,0.0,0.0,0.0,0.0,107
2023-05-10 22:39:05,eb2404,eb2404,7863.0,0.0,0.0,0.0,1,7676.0,7788.0,1,7863.0,7654.0,0.0,0.0,0.0,0.0,107
2023-05-10 22:39:46,eb2404,eb2404,7863.0,0.0,0.0,0.0,1,7676.0,7787.0,2,7863.0,7654.0,0.0,0.0,0.0,0.0,107
2023-05-10 22:39:47,eb2404,eb2404,7863.0,0.0,0.0,0.0,1,7676.0,7786.0,1,7863.0,7654.0,0.0,0.0,0.0,0.0,107
2023-05-10 22:40:28,eb2404,eb2404,7863.0,0.0,0.0,0.0,2,7677.0,7786.0,1,7863.0,7654.0,0.0,0.0,0.0,0.0,107
2023-05-10 22:40:30,eb2404,eb2404,7863.0,0.0,0.0,0.0,1,7678.0,7786.0,1,7863.0,7654.0,0.0,0.0,0.0,0.0,107
2023-05-10 22:41:09,eb2404,eb2404,7863.0,0.0,0.0,0.0,1,7678.0,7785.0,2,7863.0,7654.0,0.0,0.0,0.0,0.0,107
2023-05-10 22:41:10,eb2404,eb2404,7863.0,0.0,0.0,0.0,1,7678.0,7784.0,1,7863.0,7654.0,0.0,0.0,0.0,0.0,107
2023-05-10 22:41:51,eb2404,eb2404,7863.0,0.0,0.0,0.0,1,7678.0,7783.0,2,7863.0,7654.0,0.0,0.0,0.0,0.0,107
2023-05-10 22:41:52,eb2404,eb2404,7863.0,0.0,0.0,0.0,1,7678.0,7782.0,1,7863.0,7654.0,0.0,0.0,0.0,0.0,107
2023-05-10 22:42:33,eb2404,eb2404,7863.0,0.0,0.0,0.0,2,7679.0,7782.0,1,7863.0,7654.0,0.0,0.0,0.0,0.0,107
2023-05-10 22:42:41,eb2404,eb2404,7863.0,0.0,0.0,0.0,1,7680.0,7782.0,1,7863.0,7654.0,0.0,0.0,0.0,0.0,107
2023-05-10 22:43:57,eb2404,eb2404,7863.0,0.0,0.0,0.0,2,7681.0,7782.0,1,7863.0,7654.0,0.0,0.0,0.0,0.0,107
2023-05-10 22:44:02,eb2404,eb2404,7863.0,0.0,0.0,0.0,1,7680.0,7782.0,1,7863.0,7654.0,0.0,0.0,0.0,0.0,107
2023-05-10 22:44:03,eb2404,eb2404,7863.0,0.0,0.0,0.0,4,7653.0,7782.0,1,7863.0,7654.0,0.0,0.0,0.0,0.0,107
2023-05-10 22:44:03,eb2404,eb2404,7863.0,0.0,0.0,0.0,1,7654.0,7782.0,1,7863.0,7654.0,0.0,0.0,0.0,0.0,107
2023-05-10 22:44:05,eb2404,eb2404,7863.0,0.0,0.0,0.0,2,7654.0,7782.0,1,7863.0,7654.0,0.0,0.0,0.0,0.0,107
2023-05-10 22:44:09,eb2404,eb2404,7863.0,0.0,0.0,0.0,1,7655.0,7782.0,1,7863.0,7654.0,0.0,0.0,0.0,0.0,107
2023-05-10 22:44:10,eb2404,eb2404,7863.0,0.0,0.0,0.0,1,7656.0,7782.0,1,7863.0,7654.0,0.0,0.0,0.0,0.0,107
2023-05-10 22:44:21,eb2404,eb2404,7863.0,0.0,0.0,0.0,1,7657.0,7782.0,1,7863.0,7654.0,0.0,0.0,0.0,0.0,107
2023-05-10 22:44:23,eb2404,eb2404,7863.0,0.0,0.0,0.0,1,7658.0,7782.0,1,7863.0,7654.0,0.0,0.0,0.0,0.0,107
2023-05-10 22:44:26,eb2404,eb2404,7863.0,0.0,0.0,0.0,1,7659.0,7782.0,1,7863.0,7654.0,0.0,0.0,0.0,0.0,107
2023-05-10 22:44:29,eb2404,eb2404,7863.0,0.0,0.0,0.0,1,7660.0,7782.0,1,7863.0,7654.0,0.0,0.0,0.0,0.0,107
2023-05-10 22:44:32,eb2404,eb2404,7863.0,0.0,0.0,0.0,1,7661.0,7782.0,1,7863.0,7654.0,0.0,0.0,0.0,0.0,107
2023-05-10 22:44:35,eb2404,eb2404,7863.0,0.0,0.0,0.0,1,7662.0,7782.0,1,7863.0,7654.0,0.0,0.0,0.0,0.0,107
2023-05-10 22:44:38,eb2404,eb2404,7863.0,0.0,0.0,0.0,1,7663.0,7782.0,1,7863.0,7654.0,0.0,0.0,0.0,0.0,107
2023-05-10 22:44:39,eb2404,eb2404,7863.0,0.0,0.0,0.0,3,7663.0,7782.0,1,7863.0,7654.0,0.0,0.0,0.0,0.0,107
2023-05-10 22:44:39,eb2404,eb2404,7863.0,0.0,0.0,0.0,1,7664.0,7782.0,1,7863.0,7654.0,0.0,0.0,0.0,0.0,107
2023-05-10 22:44:42,eb2404,eb2404,7863.0,0.0,0.0,0.0,1,7665.0,7782.0,1,7863.0,7654.0,0.0,0.0,0.0,0.0,107
2023-05-10 22:44:48,eb2404,eb2404,7863.0,0.0,0.0,0.0,1,7666.0,7782.0,1,7863.0,7654.0,0.0,0.0,0.0,0.0,107
2023-05-10 22:45:00,eb2404,eb2404,7863.0,0.0,0.0,0.0,1,7667.0,7782.0,1,7863.0,7654.0,0.0,0.0,0.0,0.0,107
2023-05-10 22:45:02,eb2404,eb2404,7863.0,0.0,0.0,0.0,1,7668.0,7782.0,1,7863.0,7654.0,0.0,0.0,0.0,0.0,107
2023-05-10 22:45:04,eb2404,eb2404,7863.0,0.0,0.0,0.0,2,7668.0,7782.0,1,7863.0,7654.0,0.0,0.0,0.0,0.0,107
2023-05-10 22:45:20,eb2404,eb2404,7863.0,0.0,0.0,0.0,2,7669.0,7782.0,1,7863.0,7654.0,0.0,0.0,0.0,0.0,107
2023-05-10 22:45:22,eb2404,eb2404,7863.0,0.0,0.0,0.0,1,7670.0,7782.0,1,7863.0,7654.0,0.0,0.0,0.0,0.0,107
2023-05-10 22:46:01,eb2404,eb2404,7863.0,0.0,0.0,0.0,2,7671.0,7782.0,1,7863.0,7654.0,0.0,0.0,0.0,0.0,107
2023-05-10 22:46:02,eb2404,eb2404,7863.0,0.0,0.0,0.0,1,7672.0,7782.0,1,7863.0,7654.0,0.0,0.0,0.0,0.0,107
2023-05-10 22:46:43,eb2404,eb2404,7863.0,0.0,0.0,0.0,2,7673.0,7782.0,1,7863.0,7654.0,0.0,0.0,0.0,0.0,107
2023-05-10 22:46:47,eb2404,eb2404,7863.0,0.0,0.0,0.0,1,7674.0,7782.0,1,7863.0,7654.0,0.0,0.0,0.0,0.0,107
2023-05-10 22:48:08,eb2404,eb2404,7863.0,0.0,0.0,0.0,2,7675.0,7782.0,1,7863.0,7654.0,0.0,0.0,0.0,0.0,107
2023-05-10 22:48:18,eb2404,eb2404,7863.0,0.0,0.0,0.0,1,7676.0,7782.0,1,7863.0,7654.0,0.0,0.0,0.0,0.0,107
2023-05-10 22:48:49,eb2404,eb2404,7863.0,0.0,0.0,0.0,1,7676.0,7781.0,2,7863.0,7654.0,0.0,0.0,0.0,0.0,107
2023-05-10 22:48:53,eb2404,eb2404,7863.0,0.0,0.0,0.0,1,7676.0,7780.0,1,7863.0,7654.0,0.0,0.0,0.0,0.0,107
2023-05-10 22:50:12,eb2404,eb2404,7863.0,0.0,0.0,0.0,1,7676.0,7779.0,2,7863.0,7654.0,0.0,0.0,0.0,0.0,107
2023-05-10 22:50:22,eb2404,eb2404,7863.0,0.0,0.0,0.0,1,7676.0,7778.0,1,7863.0,7654.0,0.0,0.0,0.0,0.0,107
2023-05-10 22:51:35,eb2404,eb2404,7863.0,0.0,0.0,0.0,2,7677.0,7778.0,1,7863.0,7654.0,0.0,0.0,0.0,0.0,107
2023-05-10 22:51:36,eb2404,eb2404,7863.0,0.0,0.0,0.0,1,7678.0,7778.0,1,7863.0,7654.0,0.0,0.0,0.0,0.0,107
2023-05-10 22:52:16,eb2404,eb2404,7863.0,0.0,0.0,0.0,2,7679.0,7778.0,1,7863.0,7654.0,0.0,0.0,0.0,0.0,107
2023-05-10 22:52:25,eb2404,eb2404,7863.0,0.0,0.0,0.0,1,7680.0,7778.0,1,7863.0,7654.0,0.0,0.0,0.0,0.0,107
2023-05-10 22:53:39,eb2404,eb2404,7863.0,0.0,0.0,0.0,2,7681.0,7778.0,1,7863.0,7654.0,0.0,0.0,0.0,0.0,107
2023-05-10 22:53:44,eb2404,eb2404,7863.0,0.0,0.0,0.0,1,7682.0,7778.0,1,7863.0,7654.0,0.0,0.0,0.0,0.0,107
2023-05-10 22:55:03,eb2404,eb2404,7863.0,0.0,0.0,0.0,2,7683.0,7778.0,1,7863.0,7654.0,0.0,0.0,0.0,0.0,107
2023-05-10 22:55:09,eb2404,eb2404,7863.0,0.0,0.0,0.0,1,7684.0,7778.0,1,7863.0,7654.0,0.0,0.0,0.0,0.0,107
2023-05-10 22:56:26,eb2404,eb2404,7863.0,0.0,0.0,0.0,2,7685.0,7778.0,1,7863.0,7654.0,0.0,0.0,0.0,0.0,107
2023-05-10 22:56:27,eb2404,eb2404,7863.0,0.0,0.0,0.0,3,7685.0,7778.0,1,7863.0,7654.0,0.0,0.0,0.0,0.0,107
2023-05-10 22:56:34,eb2404,eb2404,7863.0,0.0,0.0,0.0,1,7686.0,7778.0,1,7863.0,7654.0,0.0,0.0,0.0,0.0,107
2023-05-10 22:56:46,eb2404,eb2404,7863.0,0.0,0.0,0.0,3,7685.0,7778.0,1,7863.0,7654.0,0.0,0.0,0.0,0.0,107
2023-05-10 22:56:56,eb2404,eb2404,7863.0,0.0,0.0,0.0,3,7685.0,7799.0,1,7863.0,7654.0,0.0,0.0,0.0,0.0,107
2023-05-10 22:56:56,eb2404,eb2404,7863.0,0.0,0.0,0.0,3,7685.0,8047.0,1,7863.0,7654.0,0.0,0.0,0.0,0.0,107
2023-05-10 22:56:57,eb2404,eb2404,7863.0,0.0,0.0,0.0,1,7685.0,8046.0,3,7863.0,7654.0,0.0,0.0,0.0,0.0,107
2023-05-10 22:56:57,eb2404,eb2404,7863.0,0.0,0.0,0.0,1,7685.0,8045.0,1,7863.0,7654.0,0.0,0.0,0.0,0.0,107
2023-05-10 22:56:58,eb2404,eb2404,7863.0,0.0,0.0,0.0,1,7685.0,8044.0,2,7863.0,7654.0,0.0,0.0,0.0,0.0,107
2023-05-10 22:57:02,eb2404,eb2404,7863.0,0.0,0.0,0.0,1,7685.0,8043.0,4,7863.0,7654.0,0.0,0.0,0.0,0.0,107
2023-05-10 22:57:03,eb2404,eb2404,7863.0,0.0,0.0,0.0,1,7685.0,8043.0,5,7863.0,7654.0,0.0,0.0,0.0,0.0,107
2023-05-10 22:57:03,eb2404,eb2404,7863.0,0.0,0.0,0.0,1,7685.0,8042.0,2,7863.0,7654.0,0.0,0.0,0.0,0.0,107
2023-05-10 22:57:08,eb2404,eb2404,7863.0,0.0,0.0,0.0,1,7685.0,8041.0,2,7863.0,7654.0,0.0,0.0,0.0,0.0,107
2023-05-10 22:57:08,eb2404,eb2404,7863.0,0.0,0.0,0.0,1,7685.0,8040.0,5,7863.0,7654.0,0.0,0.0,0.0,0.0,107
2023-05-10 22:57:09,eb2404,eb2404,7863.0,0.0,0.0,0.0,1,7685.0,8039.0,4,7863.0,7654.0,0.0,0.0,0.0,0.0,107
2023-05-10 22:57:09,eb2404,eb2404,7863.0,0.0,0.0,0.0,1,7685.0,8038.0,2,7863.0,7654.0,0.0,0.0,0.0,0.0,107
2023-05-10 22:57:10,eb2404,eb2404,7863.0,0.0,0.0,0.0,1,7685.0,8037.0,1,7863.0,7654.0,0.0,0.0,0.0,0.0,107
2023-05-10 22:57:10,eb2404,eb2404,7863.0,0.0,0.0,0.0,1,7685.0,8036.0,2,7863.0,7654.0,0.0,0.0,0.0,0.0,107
2023-05-10 22:57:15,eb2404,eb2404,7863.0,0.0,0.0,0.0,1,7685.0,8035.0,2,7863.0,7654.0,0.0,0.0,0.0,0.0,107
2023-05-10 22:57:15,eb2404,eb2404,7863.0,0.0,0.0,0.0,1,7685.0,8034.0,1,7863.0,7654.0,0.0,0.0,0.0,0.0,107
2023-05-10 22:57:16,eb2404,eb2404,7863.0,0.0,0.0,0.0,1,7685.0,8034.0,3,7863.0,7654.0,0.0,0.0,0.0,0.0,107
2023-05-10 22:57:16,eb2404,eb2404,7863.0,0.0,0.0,0.0,1,7685.0,8033.0,2,7863.0,7654.0,0.0,0.0,0.0,0.0,107
2023-05-10 22:57:19,eb2404,eb2404,7863.0,0.0,0.0,0.0,1,7685.0,8032.0,2,7863.0,7654.0,0.0,0.0,0.0,0.0,107
2023-05-10 22:57:21,eb2404,eb2404,7863.0,0.0,0.0,0.0,1,7685.0,8031.0,6,7863.0,7654.0,0.0,0.0,0.0,0.0,107
2023-05-10 22:57:21,eb2404,eb2404,7863.0,0.0,0.0,0.0,1,7685.0,8030.0,3,7863.0,7654.0,0.0,0.0,0.0,0.0,107
2023-05-10 22:57:22,eb2404,eb2404,7863.0,0.0,0.0,0.0,1,7685.0,8029.0,3,7863.0,7654.0,0.0,0.0,0.0,0.0,107
2023-05-10 22:57:23,eb2404,eb2404,7863.0,0.0,0.0,0.0,1,7685.0,8028.0,3,7863.0,7654.0,0.0,0.0,0.0,0.0,107
2023-05-10 22:57:23,eb2404,eb2404,7863.0,0.0,0.0,0.0,1,7685.0,8028.0,4,7863.0,7654.0,0.0,0.0,0.0,0.0,107
2023-05-10 22:57:27,eb2404,eb2404,7863.0,0.0,0.0,0.0,1,7685.0,8027.0,1,7863.0,7654.0,0.0,0.0,0.0,0.0,107
2023-05-10 22:57:28,eb2404,eb2404,7863.0,0.0,0.0,0.0,1,7685.0,8026.0,5,7863.0,7654.0,0.0,0.0,0.0,0.0,107
2023-05-10 22:57:29,eb2404,eb2404,7863.0,0.0,0.0,0.0,1,7685.0,8025.0,1,7863.0,7654.0,0.0,0.0,0.0,0.0,107
2023-05-10 22:57:31,eb2404,eb2404,7863.0,0.0,0.0,0.0,1,7685.0,8024.0,2,7863.0,7654.0,0.0,0.0,0.0,0.0,107
2023-05-10 22:57:33,eb2404,eb2404,7863.0,0.0,0.0,0.0,1,7685.0,8023.0,3,7863.0,7654.0,0.0,0.0,0.0,0.0,107
2023-05-10 22:57:34,eb2404,eb2404,7863.0,0.0,0.0,0.0,1,7685.0,8022.0,1,7863.0,7654.0,0.0,0.0,0.0,0.0,107
2023-05-10 22:57:34,eb2404,eb2404,7863.0,0.0,0.0,0.0,1,7685.0,8021.0,3,7863.0,7654.0,0.0,0.0,0.0,0.0,107
2023-05-10 22:57:35,eb2404,eb2404,7863.0,0.0,0.0,0.0,1,7685.0,8020.0,3,7863.0,7654.0,0.0,0.0,0.0,0.0,107
2023-05-10 22:57:36,eb2404,eb2404,7863.0,0.0,0.0,0.0,1,7685.0,8019.0,1,7863.0,7654.0,0.0,0.0,0.0,0.0,107
2023-05-10 22:57:36,eb2404,eb2404,7863.0,0.0,0.0,0.0,1,7685.0,8018.0,2,7863.0,7654.0,0.0,0.0,0.0,0.0,107
2023-05-10 22:57:40,eb2404,eb2404,7863.0,0.0,0.0,0.0,1,7685.0,8017.0,2,7863.0,7654.0,0.0,0.0,0.0,0.0,107
2023-05-10 22:57:41,eb2404,eb2404,7863.0,0.0,0.0,0.0,1,7685.0,8016.0,1,7863.0,7654.0,0.0,0.0,0.0,0.0,107
2023-05-10 22:57:41,eb2404,eb2404,7863.0,0.0,0.0,0.0,1,7685.0,8015.0,3,7863.0,7654.0,0.0,0.0,0.0,0.0,107
2023-05-10 22:57:46,eb2404,eb2404,7863.0,0.0,0.0,0.0,1,7685.0,8014.0,2,7863.0,7654.0,0.0,0.0,0.0,0.0,107
2023-05-10 22:57:47,eb2404,eb2404,7863.0,0.0,0.0,0.0,1,7685.0,8013.0,3,7863.0,7654.0,0.0,0.0,0.0,0.0,107
2023-05-10 22:57:47,eb2404,eb2404,7863.0,0.0,0.0,0.0,1,7685.0,8012.0,6,7863.0,7654.0,0.0,0.0,0.0,0.0,107
2023-05-10 22:57:48,eb2404,eb2404,7863.0,0.0,0.0,0.0,1,7685.0,8011.0,1,7863.0,7654.0,0.0,0.0,0.0,0.0,107
2023-05-10 22:57:48,eb2404,eb2404,7863.0,0.0,0.0,0.0,1,7685.0,8010.0,1,7863.0,7654.0,0.0,0.0,0.0,0.0,107
2023-05-10 22:57:49,eb2404,eb2404,7863.0,0.0,0.0,0.0,1,7685.0,8010.0,3,7863.0,7654.0,0.0,0.0,0.0,0.0,107
2023-05-10 22:57:50,eb2404,eb2404,7863.0,0.0,0.0,0.0,1,7685.0,8009.0,2,7863.0,7654.0,0.0,0.0,0.0,0.0,107
2023-05-10 22:57:51,eb2404,eb2404,7863.0,0.0,0.0,0.0,1,7685.0,8008.0,2,7863.0,7654.0,0.0,0.0,0.0,0.0,107
2023-05-10 22:57:53,eb2404,eb2404,7863.0,0.0,0.0,0.0,1,7685.0,8007.0,1,7863.0,7654.0,0.0,0.0,0.0,0.0,107
2023-05-10 22:57:53,eb2404,eb2404,7863.0,0.0,0.0,0.0,1,7685.0,8006.0,2,7863.0,7654.0,0.0,0.0,0.0,0.0,107
2023-05-10 22:57:54,eb2404,eb2404,7863.0,0.0,0.0,0.0,1,7685.0,8005.0,1,7863.0,7654.0,0.0,0.0,0.0,0.0,107
2023-05-10 22:57:55,eb2404,eb2404,7863.0,0.0,0.0,0.0,1,7685.0,8004.0,1,7863.0,7654.0,0.0,0.0,0.0,0.0,107
2023-05-10 22:57:55,eb2404,eb2404,7863.0,0.0,0.0,0.0,1,7685.0,8004.0,3,7863.0,7654.0,0.0,0.0,0.0,0.0,107
2023-05-10 22:57:59,eb2404,eb2404,7863.0,0.0,0.0,0.0,1,7685.0,8003.0,3,7863.0,7654.0,0.0,0.0,0.0,0.0,107
2023-05-10 22:58:00,eb2404,eb2404,7863.0,0.0,0.0,0.0,1,7685.0,8002.0,3,7863.0,7654.0,0.0,0.0,0.0,0.0,107
2023-05-10 22:58:00,eb2404,eb2404,7863.0,0.0,0.0,0.0,1,7685.0,8001.0,1,7863.0,7654.0,0.0,0.0,0.0,0.0,107
2023-05-10 22:58:01,eb2404,eb2404,7863.0,0.0,0.0,0.0,1,7685.0,8001.0,2,7863.0,7654.0,0.0,0.0,0.0,0.0,107
2023-05-10 22:58:01,eb2404,eb2404,7863.0,0.0,0.0,0.0,1,7685.0,8000.0,4,7863.0,7654.0,0.0,0.0,0.0,0.0,107
2023-05-10 22:58:06,eb2404,eb2404,7863.0,0.0,0.0,0.0,1,7685.0,7999.0,1,7863.0,7654.0,0.0,0.0,0.0,0.0,107
2023-05-10 22:58:06,eb2404,eb2404,7863.0,0.0,0.0,0.0,1,7685.0,7999.0,2,7863.0,7654.0,0.0,0.0,0.0,0.0,107
2023-05-10 22:58:07,eb2404,eb2404,7863.0,0.0,0.0,0.0,1,7685.0,7998.0,4,7863.0,7654.0,0.0,0.0,0.0,0.0,107
2023-05-10 22:58:08,eb2404,eb2404,7863.0,0.0,0.0,0.0,1,7685.0,7997.0,1,7863.0,7654.0,0.0,0.0,0.0,0.0,107
2023-05-10 22:58:09,eb2404,eb2404,7863.0,0.0,0.0,0.0,1,7685.0,7996.0,2,7863.0,7654.0,0.0,0.0,0.0,0.0,107
2023-05-10 22:58:12,eb2404,eb2404,7863.0,0.0,0.0,0.0,1,7685.0,7995.0,1,7863.0,7654.0,0.0,0.0,0.0,0.0,107
2023-05-10 22:58:13,eb2404,eb2404,7863.0,0.0,0.0,0.0,1,7685.0,7994.0,8,7863.0,7654.0,0.0,0.0,0.0,0.0,107
2023-05-10 22:58:13,eb2404,eb2404,7863.0,0.0,0.0,0.0,1,7685.0,7993.0,3,7863.0,7654.0,0.0,0.0,0.0,0.0,107
2023-05-10 22:58:14,eb2404,eb2404,7863.0,0.0,0.0,0.0,1,7685.0,7992.0,1,7863.0,7654.0,0.0,0.0,0.0,0.0,107
2023-05-10 22:58:14,eb2404,eb2404,7863.0,0.0,0.0,0.0,1,7685.0,7991.0,3,7863.0,7654.0,0.0,0.0,0.0,0.0,107
2023-05-10 22:58:18,eb2404,eb2404,7863.0,0.0,0.0,0.0,1,7685.0,7990.0,1,7863.0,7654.0,0.0,0.0,0.0,0.0,107
2023-05-10 22:58:19,eb2404,eb2404,7863.0,0.0,0.0,0.0,1,7685.0,7989.0,7,7863.0,7654.0,0.0,0.0,0.0,0.0,107
2023-05-10 22:58:20,eb2404,eb2404,7863.0,0.0,0.0,0.0,1,7685.0,7988.0,1,7863.0,7654.0,0.0,0.0,0.0,0.0,107
2023-05-10 22:58:21,eb2404,eb2404,7863.0,0.0,0.0,0.0,1,7685.0,7987.0,2,7863.0,7654.0,0.0,0.0,0.0,0.0,107
2023-05-10 22:58:25,eb2404,eb2404,7863.0,0.0,0.0,0.0,1,7685.0,7986.0,1,7863.0,7654.0,0.0,0.0,0.0,0.0,107
2023-05-10 22:58:26,eb2404,eb2404,7863.0,0.0,0.0,0.0,1,7685.0,7985.0,4,7863.0,7654.0,0.0,0.0,0.0,0.0,107
2023-05-10 22:58:26,eb2404,eb2404,7863.0,0.0,0.0,0.0,1,7685.0,7984.0,5,7863.0,7654.0,0.0,0.0,0.0,0.0,107
2023-05-10 22:58:27,eb2404,eb2404,7863.0,0.0,0.0,0.0,1,7685.0,7983.0,1,7863.0,7654.0,0.0,0.0,0.0,0.0,107
2023-05-10 22:58:29,eb2404,eb2404,7863.0,0.0,0.0,0.0,1,7685.0,7982.0,2,7863.0,7654.0,0.0,0.0,0.0,0.0,107
2023-05-10 22:58:32,eb2404,eb2404,7863.0,0.0,0.0,0.0,1,7685.0,7981.0,3,7863.0,7654.0,0.0,0.0,0.0,0.0,107
2023-05-10 22:58:32,eb2404,eb2404,7863.0,0.0,0.0,0.0,1,7685.0,7980.0,3,7863.0,7654.0,0.0,0.0,0.0,0.0,107
2023-05-10 22:58:33,eb2404,eb2404,7863.0,0.0,0.0,0.0,1,7685.0,7980.0,4,7863.0,7654.0,0.0,0.0,0.0,0.0,107
2023-05-10 22:58:33,eb2404,eb2404,7863.0,0.0,0.0,0.0,1,7685.0,7979.0,2,7863.0,7654.0,0.0,0.0,0.0,0.0,107
2023-05-10 22:58:38,eb2404,eb2404,7863.0,0.0,0.0,0.0,1,7685.0,7978.0,2,7863.0,7654.0,0.0,0.0,0.0,0.0,107
2023-05-10 22:58:39,eb2404,eb2404,7863.0,0.0,0.0,0.0,1,7685.0,7977.0,3,7863.0,7654.0,0.0,0.0,0.0,0.0,107
2023-05-10 22:58:39,eb2404,eb2404,7863.0,0.0,0.0,0.0,1,7685.0,7976.0,1,7863.0,7654.0,0.0,0.0,0.0,0.0,107
2023-05-10 22:58:40,eb2404,eb2404,7863.0,0.0,0.0,0.0,1,7685.0,7975.0,2,7863.0,7654.0,0.0,0.0,0.0,0.0,107
2023-05-10 22:58:42,eb2404,eb2404,7863.0,0.0,0.0,0.0,1,7685.0,7974.0,5,7863.0,7654.0,0.0,0.0,0.0,0.0,107
2023-05-10 22:58:43,eb2404,eb2404,7863.0,0.0,0.0,0.0,1,7685.0,7973.0,1,7863.0,7654.0,0.0,0.0,0.0,0.0,107
2023-05-10 22:58:44,eb2404,eb2404,7863.0,0.0,0.0,0.0,1,7685.0,7972.0,2,7863.0,7654.0,0.0,0.0,0.0,0.0,107
2023-05-10 22:58:48,eb2404,eb2404,7863.0,0.0,0.0,0.0,1,7685.0,7971.0,4,7863.0,7654.0,0.0,0.0,0.0,0.0,107
2023-05-10 22:58:48,eb2404,eb2404,7863.0,0.0,0.0,0.0,1,7685.0,7970.0,5,7863.0,7654.0,0.0,0.0,0.0,0.0,107
2023-05-10 22:58:50,eb2404,eb2404,7863.0,0.0,0.0,0.0,1,7685.0,7969.0,1,7863.0,7654.0,0.0,0.0,0.0,0.0,107
2023-05-10 22:58:50,eb2404,eb2404,7863.0,0.0,0.0,0.0,1,7685.0,7968.0,1,7863.0,7654.0,0.0,0.0,0.0,0.0,107
2023-05-10 22:58:51,eb2404,eb2404,7863.0,0.0,0.0,0.0,1,7685.0,7968.0,2,7863.0,7654.0,0.0,0.0,0.0,0.0,107
2023-05-10 22:58:54,eb2404,eb2404,7863.0,0.0,0.0,0.0,1,7685.0,7967.0,4,7863.0,7654.0,0.0,0.0,0.0,0.0,107
2023-05-10 22:58:55,eb2404,eb2404,7863.0,0.0,0.0,0.0,1,7685.0,7966.0,2,7863.0,7654.0,0.0,0.0,0.0,0.0,107
2023-05-10 22:58:57,eb2404,eb2404,7863.0,0.0,0.0,0.0,1,7685.0,7965.0,1,7863.0,7654.0,0.0,0.0,0.0,0.0,107
2023-05-10 22:59:01,eb2404,eb2404,7863.0,0.0,0.0,0.0,1,7685.0,7964.0,7,7863.0,7654.0,0.0,0.0,0.0,0.0,107
2023-05-10 22:59:01,eb2404,eb2404,7863.0,0.0,0.0,0.0,1,7685.0,7963.0,2,7863.0,7654.0,0.0,0.0,0.0,0.0,107
2023-05-10 22:59:02,eb2404,eb2404,7863.0,0.0,0.0,0.0,1,7685.0,7962.0,1,7863.0,7654.0,0.0,0.0,0.0,0.0,107
2023-05-10 22:59:03,eb2404,eb2404,7863.0,0.0,0.0,0.0,1,7685.0,7962.0,2,7863.0,7654.0,0.0,0.0,0.0,0.0,107
2023-05-10 22:59:04,eb2404,eb2404,7863.0,0.0,0.0,0.0,1,7685.0,7961.0,1,7863.0,7654.0,0.0,0.0,0.0,0.0,107
2023-05-10 22:59:07,eb2404,eb2404,7863.0,0.0,0.0,0.0,1,7685.0,7960.0,2,7863.0,7654.0,0.0,0.0,0.0,0.0,107
2023-05-10 22:59:08,eb2404,eb2404,7863.0,0.0,0.0,0.0,1,7685.0,7959.0,2,7863.0,7654.0,0.0,0.0,0.0,0.0,107
2023-05-10 22:59:13,eb2404,eb2404,7863.0,0.0,0.0,0.0,1,7685.0,7958.0,2,7863.0,7654.0,0.0,0.0,0.0,0.0,107
2023-05-10 22:59:14,eb2404,eb2404,7863.0,0.0,0.0,0.0,1,7685.0,7958.0,6,7863.0,7654.0,0.0,0.0,0.0,0.0,107
2023-05-10 22:59:14,eb2404,eb2404,7863.0,0.0,0.0,0.0,1,7685.0,7957.0,1,7863.0,7654.0,0.0,0.0,0.0,0.0,107
2023-05-10 22:59:15,eb2404,eb2404,7863.0,0.0,0.0,0.0,1,7685.0,7956.0,2,7863.0,7654.0,0.0,0.0,0.0,0.0,107
2023-05-10 22:59:16,eb2404,eb2404,7863.0,0.0,0.0,0.0,1,7685.0,7955.0,1,7863.0,7654.0,0.0,0.0,0.0,0.0,107
2023-05-10 22:59:21,eb2404,eb2404,7863.0,0.0,0.0,0.0,1,7685.0,7954.0,2,7863.0,7654.0,0.0,0.0,0.0,0.0,107
2023-05-10 22:59:22,eb2404,eb2404,7863.0,0.0,0.0,0.0,1,7685.0,7954.0,3,7863.0,7654.0,0.0,0.0,0.0,0.0,107
2023-05-10 22:59:22,eb2404,eb2404,7863.0,0.0,0.0,0.0,1,7685.0,7953.0,2,7863.0,7654.0,0.0,0.0,0.0,0.0,107
2023-05-10 22:59:26,eb2404,eb2404,7863.0,0.0,0.0,0.0,1,7685.0,7952.0,3,7863.0,7654.0,0.0,0.0,0.0,0.0,107
2023-05-10 22:59:27,eb2404,eb2404,7863.0,0.0,0.0,0.0,1,7685.0,7951.0,1,7863.0,7654.0,0.0,0.0,0.0,0.0,107
2023-05-10 22:59:27,eb2404,eb2404,7863.0,0.0,0.0,0.0,1,7685.0,7950.0,3,7863.0,7654.0,0.0,0.0,0.0,0.0,107
2023-05-10 22:59:31,eb2404,eb2404,7863.0,0.0,0.0,0.0,1,7685.0,7949.0,5,7863.0,7654.0,0.0,0.0,0.0,0.0,107
2023-05-10 22:59:37,eb2404,eb2404,7863.0,0.0,0.0,0.0,1,7685.0,7948.0,3,7863.0,7654.0,0.0,0.0,0.0,0.0,107
2023-05-10 22:59:43,eb2404,eb2404,7863.0,0.0,0.0,0.0,1,7685.0,7947.0,5,7863.0,7654.0,0.0,0.0,0.0,0.0,107
2023-05-10 22:59:44,eb2404,eb2404,7863.0,0.0,0.0,0.0,1,7685.0,7946.0,3,7863.0,7654.0,0.0,0.0,0.0,0.0,107
2023-05-10 22:59:50,eb2404,eb2404,7863.0,0.0,0.0,0.0,1,7685.0,7945.0,5,7863.0,7654.0,0.0,0.0,0.0,0.0,107
2023-05-10 22:59:51,eb2404,eb2404,7863.0,0.0,0.0,0.0,1,7685.0,7945.0,4,7863.0,7654.0,0.0,0.0,0.0,0.0,107
2023-05-10 22:59:51,eb2404,eb2404,7863.0,0.0,0.0,0.0,1,7685.0,7944.0,3,7863.0,7654.0,0.0,0.0,0.0,0.0,107
2023-05-10 22:59:52,eb2404,eb2404,7863.0,0.0,0.0,0.0,3,7653.0,7944.0,3,7863.0,7654.0,0.0,0.0,0.0,0.0,107
2023-05-10 22:59:55,eb2404,eb2404,7863.0,0.0,0.0,0.0,3,7653.0,7944.0,1,7863.0,7654.0,0.0,0.0,0.0,0.0,107
2023-05-10 22:59:56,eb2404,eb2404,7863.0,0.0,0.0,0.0,3,7653.0,8078.0,1,7863.0,7654.0,0.0,0.0,0.0,0.0,107
2023-05-10 22:59:56,eb2404,eb2404,7863.0,0.0,0.0,0.0,3,7653.0,8231.0,1,7863.0,7654.0,0.0,0.0,0.0,0.0,107
2023-05-10 22:59:58,eb2404,eb2404,7863.0,0.0,0.0,0.0,3,7653.0,8229.0,1,7863.0,7654.0,0.0,0.0,0.0,0.0,107
2023-05-10 22:59:59,eb2404,eb2404,7863.0,0.0,0.0,0.0,3,7653.0,8231.0,1,7863.0,7654.0,0.0,0.0,0.0,0.0,107
2023-05-11 09:00:01,eb2404,eb2404,7863.0,0.0,0.0,0.0,4,7653.0,8229.0,1,7863.0,7654.0,0.0,0.0,0.0,0.0,107
2023-05-11 09:00:02,eb2404,eb2404,7863.0,0.0,0.0,0.0,1,7654.0,8228.0,1,7863.0,7654.0,0.0,0.0,0.0,0.0,107
2023-05-11 09:00:02,eb2404,eb2404,7863.0,0.0,0.0,0.0,1,7654.0,8228.0,2,7863.0,7654.0,0.0,0.0,0.0,0.0,107
2023-05-11 09:00:03,eb2404,eb2404,7863.0,0.0,0.0,0.0,1,7654.0,8227.0,1,7863.0,7654.0,0.0,0.0,0.0,0.0,107
2023-05-11 09:00:04,eb2404,eb2404,7863.0,0.0,0.0,0.0,1,7654.0,8225.0,1,7863.0,7654.0,0.0,0.0,0.0,0.0,107
2023-05-11 09:00:05,eb2404,eb2404,7863.0,0.0,0.0,0.0,1,7654.0,8224.0,1,7863.0,7654.0,0.0,0.0,0.0,0.0,107
2023-05-11 09:00:06,eb2404,eb2404,7863.0,0.0,0.0,0.0,1,7654.0,8224.0,2,7863.0,7654.0,0.0,0.0,0.0,0.0,107
2023-05-11 09:00:06,eb2404,eb2404,7863.0,0.0,0.0,0.0,1,7654.0,8222.0,1,7863.0,7654.0,0.0,0.0,0.0,0.0,107
2023-05-11 09:00:09,eb2404,eb2404,7863.0,0.0,0.0,0.0,1,7654.0,8221.0,2,7863.0,7654.0,0.0,0.0,0.0,0.0,107
2023-05-11 09:00:09,eb2404,eb2404,7863.0,0.0,0.0,0.0,1,7654.0,8219.0,1,7863.0,7654.0,0.0,0.0,0.0,0.0,107
2023-05-11 09:00:10,eb2404,eb2404,7863.0,0.0,0.0,0.0,1,7655.0,8218.0,1,7863.0,7654.0,0.0,0.0,0.0,0.0,107
2023-05-11 09:00:10,eb2404,eb2404,7863.0,0.0,0.0,0.0,1,7655.0,8216.0,1,7863.0,7654.0,0.0,0.0,0.0,0.0,107
2023-05-11 09:00:11,eb2404,eb2404,7863.0,0.0,0.0,0.0,1,7656.0,8216.0,1,7863.0,7654.0,0.0,0.0,0.0,0.0,107
2023-05-11 09:00:11,eb2404,eb2404,7863.0,0.0,0.0,0.0,1,7656.0,8176.0,1,7863.0,7654.0,0.0,0.0,0.0,0.0,107
2023-05-11 09:00:12,eb2404,eb2404,7863.0,0.0,0.0,0.0,1,7656.0,8176.0,2,7863.0,7654.0,0.0,0.0,0.0,0.0,107
2023-05-11 09:00:12,eb2404,eb2404,7863.0,0.0,0.0,0.0,1,7656.0,8175.0,1,7863.0,7654.0,0.0,0.0,0.0,0.0,107
2023-05-11 09:00:13,eb2404,eb2404,7863.0,0.0,0.0,0.0,1,7656.0,8174.0,2,7863.0,7654.0,0.0,0.0,0.0,0.0,107
2023-05-11 09:00:13,eb2404,eb2404,7863.0,0.0,0.0,0.0,1,7657.0,8174.0,2,7863.0,7654.0,0.0,0.0,0.0,0.0,107
2023-05-11 09:00:14,eb2404,eb2404,7863.0,0.0,0.0,0.0,1,7657.0,8172.0,1,7863.0,7654.0,0.0,0.0,0.0,0.0,107
2023-05-11 09:00:14,eb2404,eb2404,7863.0,0.0,0.0,0.0,1,7658.0,8172.0,1,7863.0,7654.0,0.0,0.0,0.0,0.0,107
2023-05-11 09:00:16,eb2404,eb2404,7863.0,0.0,0.0,0.0,1,7658.0,8171.0,2,7863.0,7654.0,0.0,0.0,0.0,0.0,107
2023-05-11 09:00:16,eb2404,eb2404,7863.0,0.0,0.0,0.0,1,7659.0,8169.0,1,7863.0,7654.0,0.0,0.0,0.0,0.0,107
2023-05-11 09:00:17,eb2404,eb2404,7863.0,0.0,0.0,0.0,1,7660.0,8169.0,1,7863.0,7654.0,0.0,0.0,0.0,0.0,107
2023-05-11 09:00:18,eb2404,eb2404,7863.0,0.0,0.0,0.0,1,7660.0,8168.0,4,7863.0,7654.0,0.0,0.0,0.0,0.0,107
2023-05-11 09:00:19,eb2404,eb2404,7863.0,0.0,0.0,0.0,1,7660.0,8166.0,1,7863.0,7654.0,0.0,0.0,0.0,0.0,107
2023-05-11 09:00:19,eb2404,eb2404,7863.0,0.0,0.0,0.0,1,7660.0,8165.0,3,7863.0,7654.0,0.0,0.0,0.0,0.0,107
2023-05-11 09:00:20,eb2404,eb2404,7863.0,0.0,0.0,0.0,1,7660.0,8163.0,1,7863.0,7654.0,0.0,0.0,0.0,0.0,107
2023-05-11 09:00:20,eb2404,eb2404,7863.0,0.0,0.0,0.0,1,7661.0,8163.0,1,7863.0,7654.0,0.0,0.0,0.0,0.0,107
2023-05-11 09:00:21,eb2404,eb2404,7863.0,0.0,0.0,0.0,1,7662.0,8162.0,5,7863.0,7654.0,0.0,0.0,0.0,0.0,107
2023-05-11 09:00:22,eb2404,eb2404,7863.0,0.0,0.0,0.0,1,7662.0,8160.0,1,7863.0,7654.0,0.0,0.0,0.0,0.0,107
2023-05-11 09:00:23,eb2404,eb2404,7863.0,0.0,0.0,0.0,1,7663.0,8159.0,6,7863.0,7654.0,0.0,0.0,0.0,0.0,107
2023-05-11 09:00:24,eb2404,eb2404,7863.0,0.0,0.0,0.0,1,7663.0,8157.0,1,7863.0,7654.0,0.0,0.0,0.0,0.0,107
2023-05-11 09:00:24,eb2404,eb2404,7863.0,0.0,0.0,0.0,1,7664.0,8156.0,2,7863.0,7654.0,0.0,0.0,0.0,0.0,107
2023-05-11 09:00:25,eb2404,eb2404,7863.0,0.0,0.0,0.0,1,7664.0,8154.0,1,7863.0,7654.0,0.0,0.0,0.0,0.0,107
2023-05-11 09:00:26,eb2404,eb2404,7863.0,0.0,0.0,0.0,1,7664.0,8153.0,4,7863.0,7654.0,0.0,0.0,0.0,0.0,107
2023-05-11 09:00:26,eb2404,eb2404,7863.0,0.0,0.0,0.0,1,7665.0,8151.0,1,7863.0,7654.0,0.0,0.0,0.0,0.0,107
2023-05-11 09:00:27,eb2404,eb2404,7863.0,0.0,0.0,0.0,1,7666.0,8150.0,2,7863.0,7654.0,0.0,0.0,0.0,0.0,107
2023-05-11 09:00:28,eb2404,eb2404,7863.0,0.0,0.0,0.0,1,7666.0,8148.0,1,7863.0,7654.0,0.0,0.0,0.0,0.0,107
2023-05-11 09:00:29,eb2404,eb2404,7863.0,0.0,0.0,0.0,1,7666.0,8147.0,1,7863.0,7654.0,0.0,0.0,0.0,0.0,107
2023-05-11 09:00:30,eb2404,eb2404,7863.0,0.0,0.0,0.0,1,7666.0,8145.0,1,7863.0,7654.0,0.0,0.0,0.0,0.0,107
2023-05-11 09:00:30,eb2404,eb2404,7863.0,0.0,0.0,0.0,1,7667.0,8144.0,1,7863.0,7654.0,0.0,0.0,0.0,0.0,107
2023-05-11 09:00:31,eb2404,eb2404,7863.0,0.0,0.0,0.0,1,7667.0,8142.0,1,7863.0,7654.0,0.0,0.0,0.0,0.0,107
2023-05-11 09:00:31,eb2404,eb2404,7863.0,0.0,0.0,0.0,1,7668.0,8141.0,1,7863.0,7654.0,0.0,0.0,0.0,0.0,107
2023-05-11 09:00:32,eb2404,eb2404,7863.0,0.0,0.0,0.0,1,7668.0,8139.0,1,7863.0,7654.0,0.0,0.0,0.0,0.0,107
2023-05-11 09:00:32,eb2404,eb2404,7863.0,0.0,0.0,0.0,1,7668.0,8138.0,1,7863.0,7654.0,0.0,0.0,0.0,0.0,107
2023-05-11 09:00:33,eb2404,eb2404,7863.0,0.0,0.0,0.0,1,7668.0,8136.0,1,7863.0,7654.0,0.0,0.0,0.0,0.0,107
2023-05-11 09:00:33,eb2404,eb2404,7863.0,0.0,0.0,0.0,1,7669.0,8135.0,6,7863.0,7654.0,0.0,0.0,0.0,0.0,107
2023-05-11 09:00:34,eb2404,eb2404,7863.0,0.0,0.0,0.0,1,7669.0,8133.0,1,7863.0,7654.0,0.0,0.0,0.0,0.0,107
2023-05-11 09:00:34,eb2404,eb2404,7863.0,0.0,0.0,0.0,1,7669.0,8132.0,1,7863.0,7654.0,0.0,0.0,0.0,0.0,107
2023-05-11 09:00:35,eb2404,eb2404,7863.0,0.0,0.0,0.0,1,7669.0,8130.0,1,7863.0,7654.0,0.0,0.0,0.0,0.0,107
2023-05-11 09:00:36,eb2404,eb2404,7863.0,0.0,0.0,0.0,1,7669.0,8129.0,1,7863.0,7654.0,0.0,0.0,0.0,0.0,107
2023-05-11 09:00:36,eb2404,eb2404,7863.0,0.0,0.0,0.0,1,7669.0,8127.0,1,7863.0,7654.0,0.0,0.0,0.0,0.0,107
2023-05-11 09:00:37,eb2404,eb2404,7863.0,0.0,0.0,0.0,1,7669.0,8126.0,2,7863.0,7654.0,0.0,0.0,0.0,0.0,107
2023-05-11 09:00:37,eb2404,eb2404,7863.0,0.0,0.0,0.0,1,7669.0,8124.0,1,7863.0,7654.0,0.0,0.0,0.0,0.0,107
2023-05-11 09:00:39,eb2404,eb2404,7863.0,0.0,0.0,0.0,1,7669.0,8123.0,2,7863.0,7654.0,0.0,0.0,0.0,0.0,107
2023-05-11 09:00:39,eb2404,eb2404,7863.0,0.0,0.0,0.0,1,7669.0,8121.0,1,7863.0,7654.0,0.0,0.0,0.0,0.0,107
2023-05-11 09:00:40,eb2404,eb2404,7863.0,0.0,0.0,0.0,1,7669.0,8120.0,3,7863.0,7654.0,0.0,0.0,0.0,0.0,107
2023-05-11 09:00:40,eb2404,eb2404,7863.0,0.0,0.0,0.0,1,7669.0,8118.0,1,7863.0,7654.0,0.0,0.0,0.0,0.0,107
2023-05-11 09:00:41,eb2404,eb2404,7863.0,0.0,0.0,0.0,1,7669.0,8117.0,1,7863.0,7654.0,0.0,0.0,0.0,0.0,107
2023-05-11 09:00:42,eb2404,eb2404,7863.0,0.0,0.0,0.0,1,7669.0,8115.0,1,7863.0,7654.0,0.0,0.0,0.0,0.0,107
2023-05-11 09:00:43,eb2404,eb2404,7863.0,0.0,0.0,0.0,1,7669.0,8114.0,4,7863.0,7654.0,0.0,0.0,0.0,0.0,107
2023-05-11 09:00:43,eb2404,eb2404,7863.0,0.0,0.0,0.0,1,7669.0,8112.0,1,7863.0,7654.0,0.0,0.0,0.0,0.0,107
2023-05-11 09:00:44,eb2404,eb2404,7863.0,0.0,0.0,0.0,1,7669.0,8111.0,1,7863.0,7654.0,0.0,0.0,0.0,0.0,107
2023-05-11 09:00:45,eb2404,eb2404,7863.0,0.0,0.0,0.0,1,7669.0,8109.0,1,7863.0,7654.0,0.0,0.0,0.0,0.0,107
2023-05-11 09:00:47,eb2404,eb2404,7863.0,0.0,0.0,0.0,1,7669.0,8108.0,13,7863.0,7654.0,0.0,0.0,0.0,0.0,107
2023-05-11 09:00:47,eb2404,eb2404,7863.0,0.0,0.0,0.0,1,7669.0,8106.0,1,7863.0,7654.0,0.0,0.0,0.0,0.0,107
2023-05-11 09:00:48,eb2404,eb2404,7863.0,0.0,0.0,0.0,1,7669.0,8105.0,1,7863.0,7654.0,0.0,0.0,0.0,0.0,107
2023-05-11 09:00:48,eb2404,eb2404,7863.0,0.0,0.0,0.0,1,7669.0,8103.0,1,7863.0,7654.0,0.0,0.0,0.0,0.0,107
2023-05-11 09:00:50,eb2404,eb2404,7863.0,0.0,0.0,0.0,1,7669.0,8102.0,14,7863.0,7654.0,0.0,0.0,0.0,0.0,107
2023-05-11 09:00:50,eb2404,eb2404,7863.0,0.0,0.0,0.0,1,7669.0,8100.0,1,7863.0,7654.0,0.0,0.0,0.0,0.0,107
2023-05-11 09:00:51,eb2404,eb2404,7863.0,0.0,0.0,0.0,1,7669.0,8099.0,1,7863.0,7654.0,0.0,0.0,0.0,0.0,107
2023-05-11 09:00:51,eb2404,eb2404,7863.0,0.0,0.0,0.0,1,7669.0,8097.0,1,7863.0,7654.0,0.0,0.0,0.0,0.0,107
2023-05-11 09:00:52,eb2404,eb2404,7863.0,0.0,0.0,0.0,1,7669.0,8096.0,1,7863.0,7654.0,0.0,0.0,0.0,0.0,107
2023-05-11 09:00:53,eb2404,eb2404,7863.0,0.0,0.0,0.0,1,7669.0,8094.0,1,7863.0,7654.0,0.0,0.0,0.0,0.0,107
2023-05-11 09:00:54,eb2404,eb2404,7863.0,0.0,0.0,0.0,1,7669.0,8093.0,1,7863.0,7654.0,0.0,0.0,0.0,0.0,107
2023-05-11 09:00:54,eb2404,eb2404,7863.0,0.0,0.0,0.0,1,7669.0,8091.0,1,7863.0,7654.0,0.0,0.0,0.0,0.0,107
2023-05-11 09:00:55,eb2404,eb2404,7863.0,0.0,0.0,0.0,1,7669.0,8090.0,2,7863.0,7654.0,0.0,0.0,0.0,0.0,107
2023-05-11 09:00:56,eb2404,eb2404,7863.0,0.0,0.0,0.0,1,7669.0,8088.0,1,7863.0,7654.0,0.0,0.0,0.0,0.0,107
2023-05-11 09:00:57,eb2404,eb2404,7863.0,0.0,0.0,0.0,1,7669.0,8087.0,1,7863.0,7654.0,0.0,0.0,0.0,0.0,107
2023-05-11 09:00:57,eb2404,eb2404,7863.0,0.0,0.0,0.0,1,7669.0,8085.0,1,7863.0,7654.0,0.0,0.0,0.0,0.0,107
2023-05-11 09:00:58,eb2404,eb2404,7863.0,0.0,0.0,0.0,1,7669.0,8084.0,2,7863.0,7654.0,0.0,0.0,0.0,0.0,107
2023-05-11 09:00:59,eb2404,eb2404,7863.0,0.0,0.0,0.0,1,7669.0,8082.0,1,7863.0,7654.0,0.0,0.0,0.0,0.0,107
2023-05-11 09:00:59,eb2404,eb2404,7863.0,0.0,0.0,0.0,1,7669.0,8081.0,1,7863.0,7654.0,0.0,0.0,0.0,0.0,107
2023-05-11 09:01:00,eb2404,eb2404,7863.0,0.0,0.0,0.0,1,7669.0,8079.0,1,7863.0,7654.0,0.0,0.0,0.0,0.0,107
2023-05-11 09:01:01,eb2404,eb2404,7863.0,0.0,0.0,0.0,1,7669.0,8078.0,2,7863.0,7654.0,0.0,0.0,0.0,0.0,107
2023-05-11 09:01:02,eb2404,eb2404,7863.0,0.0,0.0,0.0,1,7669.0,8076.0,1,7863.0,7654.0,0.0,0.0,0.0,0.0,107
2023-05-11 09:01:02,eb2404,eb2404,7863.0,0.0,0.0,0.0,1,7669.0,8075.0,5,7863.0,7654.0,0.0,0.0,0.0,0.0,107
2023-05-11 09:01:03,eb2404,eb2404,7863.0,0.0,0.0,0.0,1,7669.0,8074.0,1,7863.0,7654.0,0.0,0.0,0.0,0.0,107
2023-05-11 09:01:04,eb2404,eb2404,7863.0,0.0,0.0,0.0,1,7669.0,8073.0,2,7863.0,7654.0,0.0,0.0,0.0,0.0,107
2023-05-11 09:01:05,eb2404,eb2404,7863.0,0.0,0.0,0.0,1,7669.0,8072.0,1,7863.0,7654.0,0.0,0.0,0.0,0.0,107
2023-05-11 09:01:05,eb2404,eb2404,7863.0,0.0,0.0,0.0,1,7669.0,8071.0,4,7863.0,7654.0,0.0,0.0,0.0,0.0,107
2023-05-11 09:01:06,eb2404,eb2404,7863.0,0.0,0.0,0.0,1,7669.0,8071.0,6,7863.0,7654.0,0.0,0.0,0.0,0.0,107
2023-05-11 09:01:08,eb2404,eb2404,7863.0,0.0,0.0,0.0,1,7669.0,8070.0,7,7863.0,7654.0,0.0,0.0,0.0,0.0,107
2023-05-11 09:01:09,eb2404,eb2404,7863.0,0.0,0.0,0.0,1,7669.0,8069.0,4,7863.0,7654.0,0.0,0.0,0.0,0.0,107
2023-05-11 09:01:10,eb2404,eb2404,7863.0,0.0,0.0,0.0,1,7669.0,8069.0,5,7863.0,7654.0,0.0,0.0,0.0,0.0,107
2023-05-11 09:01:11,eb2404,eb2404,7863.0,0.0,0.0,0.0,1,7669.0,8068.0,3,7863.0,7654.0,0.0,0.0,0.0,0.0,107
2023-05-11 09:01:11,eb2404,eb2404,7863.0,0.0,0.0,0.0,1,7669.0,8067.0,5,7863.0,7654.0,0.0,0.0,0.0,0.0,107
2023-05-11 09:01:13,eb2404,eb2404,7863.0,0.0,0.0,0.0,1,7669.0,8066.0,4,7863.0,7654.0,0.0,0.0,0.0,0.0,107
2023-05-11 09:01:14,eb2404,eb2404,7863.0,0.0,0.0,0.0,1,7669.0,8065.0,1,7863.0,7654.0,0.0,0.0,0.0,0.0,107
2023-05-11 09:01:14,eb2404,eb2404,7863.0,0.0,0.0,0.0,1,7669.0,8064.0,3,7863.0,7654.0,0.0,0.0,0.0,0.0,107
2023-05-11 09:01:16,eb2404,eb2404,7863.0,0.0,0.0,0.0,1,7669.0,8063.0,6,7863.0,7654.0,0.0,0.0,0.0,0.0,107
2023-05-11 09:01:17,eb2404,eb2404,7863.0,0.0,0.0,0.0,1,7669.0,8062.0,1,7863.0,7654.0,0.0,0.0,0.0,0.0,107
2023-05-11 09:01:17,eb2404,eb2404,7863.0,0.0,0.0,0.0,1,7669.0,8061.0,2,7863.0,7654.0,0.0,0.0,0.0,0.0,107
2023-05-11 09:01:19,eb2404,eb2404,7863.0,0.0,0.0,0.0,1,7669.0,8060.0,4,7863.0,7654.0,0.0,0.0,0.0,0.0,107
2023-05-11 09:01:20,eb2404,eb2404,7863.0,0.0,0.0,0.0,1,7669.0,8060.0,6,7863.0,7654.0,0.0,0.0,0.0,0.0,107
2023-05-11 09:01:21,eb2404,eb2404,7863.0,0.0,0.0,0.0,1,7669.0,8059.0,7,7863.0,7654.0,0.0,0.0,0.0,0.0,107
2023-05-11 09:01:23,eb2404,eb2404,7863.0,0.0,0.0,0.0,1,7669.0,8058.0,4,7863.0,7654.0,0.0,0.0,0.0,0.0,107
2023-05-11 09:01:23,eb2404,eb2404,7863.0,0.0,0.0,0.0,1,7669.0,8058.0,6,7863.0,7654.0,0.0,0.0,0.0,0.0,107
2023-05-11 09:01:24,eb2404,eb2404,7863.0,0.0,0.0,0.0,1,7669.0,8057.0,1,7863.0,7654.0,0.0,0.0,0.0,0.0,107
2023-05-11 09:01:25,eb2404,eb2404,7863.0,0.0,0.0,0.0,1,7669.0,8056.0,2,7863.0,7654.0,0.0,0.0,0.0,0.0,107
2023-05-11 09:01:30,eb2404,eb2404,7863.0,0.0,0.0,0.0,1,7669.0,8055.0,10,7863.0,7654.0,0.0,0.0,0.0,0.0,107
2023-05-11 09:01:31,eb2404,eb2404,7863.0,0.0,0.0,0.0,1,7669.0,8054.0,3,7863.0,7654.0,0.0,0.0,0.0,0.0,107
2023-05-11 09:01:36,eb2404,eb2404,7863.0,0.0,0.0,0.0,1,7669.0,8053.0,5,7863.0,7654.0,0.0,0.0,0.0,0.0,107
2023-05-11 09:01:37,eb2404,eb2404,7863.0,0.0,0.0,0.0,1,7669.0,8052.0,2,7863.0,7654.0,0.0,0.0,0.0,0.0,107
2023-05-11 09:01:39,eb2404,eb2404,7863.0,0.0,0.0,0.0,1,7669.0,8051.0,10,7863.0,7654.0,0.0,0.0,0.0,0.0,107
2023-05-11 09:01:40,eb2404,eb2404,7863.0,0.0,0.0,0.0,1,7669.0,8051.0,12,7863.0,7654.0,0.0,0.0,0.0,0.0,107
2023-05-11 09:01:40,eb2404,eb2404,7863.0,0.0,0.0,0.0,1,7669.0,8050.0,2,7863.0,7654.0,0.0,0.0,0.0,0.0,107
2023-05-11 09:01:47,eb2404,eb2404,7863.0,0.0,0.0,0.0,1,7669.0,8049.0,9,7863.0,7654.0,0.0,0.0,0.0,0.0,107
2023-05-11 09:01:50,eb2404,eb2404,7863.0,0.0,0.0,0.0,1,7669.0,8048.0,2,7863.0,7654.0,0.0,0.0,0.0,0.0,107
2023-05-11 09:01:53,eb2404,eb2404,7863.0,0.0,0.0,0.0,1,7669.0,8047.0,1,7863.0,7654.0,0.0,0.0,0.0,0.0,107
2023-05-11 09:01:54,eb2404,eb2404,7863.0,0.0,0.0,0.0,1,7669.0,8046.0,7,7863.0,7654.0,0.0,0.0,0.0,0.0,107
2023-05-11 09:01:56,eb2404,eb2404,7863.0,0.0,0.0,0.0,1,7669.0,8045.0,5,7863.0,7654.0,0.0,0.0,0.0,0.0,107
2023-05-11 09:01:57,eb2404,eb2404,7863.0,0.0,0.0,0.0,1,7669.0,8044.0,8,7863.0,7654.0,0.0,0.0,0.0,0.0,107
2023-05-11 09:01:59,eb2404,eb2404,7863.0,0.0,0.0,0.0,1,7669.0,8043.0,5,7863.0,7654.0,0.0,0.0,0.0,0.0,107
2023-05-11 09:02:00,eb2404,eb2404,7863.0,0.0,0.0,0.0,1,7669.0,8042.0,8,7863.0,7654.0,0.0,0.0,0.0,0.0,107
2023-05-11 09:02:03,eb2404,eb2404,7863.0,0.0,0.0,0.0,1,7669.0,8041.0,5,7863.0,7654.0,0.0,0.0,0.0,0.0,107
2023-05-11 09:02:04,eb2404,eb2404,7863.0,0.0,0.0,0.0,1,7669.0,8040.0,6,7863.0,7654.0,0.0,0.0,0.0,0.0,107
2023-05-11 09:02:05,eb2404,eb2404,7863.0,0.0,0.0,0.0,1,7669.0,8039.0,2,7863.0,7654.0,0.0,0.0,0.0,0.0,107
2023-05-11 09:02:06,eb2404,eb2404,7863.0,0.0,0.0,0.0,1,7669.0,8038.0,5,7863.0,7654.0,0.0,0.0,0.0,0.0,107
2023-05-11 09:02:07,eb2404,eb2404,7863.0,0.0,0.0,0.0,1,7669.0,8037.0,8,7863.0,7654.0,0.0,0.0,0.0,0.0,107
2023-05-11 09:02:10,eb2404,eb2404,7863.0,0.0,0.0,0.0,1,7669.0,8036.0,5,7863.0,7654.0,0.0,0.0,0.0,0.0,107
2023-05-11 09:02:11,eb2404,eb2404,7863.0,0.0,0.0,0.0,1,7669.0,8035.0,2,7863.0,7654.0,0.0,0.0,0.0,0.0,107
2023-05-11 09:02:11,eb2404,eb2404,7863.0,0.0,0.0,0.0,1,7669.0,8035.0,8,7863.0,7654.0,0.0,0.0,0.0,0.0,107
2023-05-11 09:02:12,eb2404,eb2404,7863.0,0.0,0.0,0.0,1,7669.0,8034.0,3,7863.0,7654.0,0.0,0.0,0.0,0.0,107
2023-05-11 09:02:13,eb2404,eb2404,7863.0,0.0,0.0,0.0,1,7669.0,8033.0,1,7863.0,7654.0,0.0,0.0,0.0,0.0,107
2023-05-11 09:02:13,eb2404,eb2404,7863.0,0.0,0.0,0.0,1,7669.0,8033.0,3,7863.0,7654.0,0.0,0.0,0.0,0.0,107
2023-05-11 09:02:14,eb2404,eb2404,7863.0,0.0,0.0,0.0,1,7669.0,8032.0,1,7863.0,7654.0,0.0,0.0,0.0,0.0,107
2023-05-11 09:02:14,eb2404,eb2404,7863.0,0.0,0.0,0.0,1,7669.0,8031.0,4,7863.0,7654.0,0.0,0.0,0.0,0.0,107
2023-05-11 09:02:15,eb2404,eb2404,7863.0,0.0,0.0,0.0,1,7669.0,8031.0,6,7863.0,7654.0,0.0,0.0,0.0,0.0,107
2023-05-11 09:02:16,eb2404,eb2404,7863.0,0.0,0.0,0.0,1,7669.0,8030.0,5,7863.0,7654.0,0.0,0.0,0.0,0.0,107
2023-05-11 09:02:17,eb2404,eb2404,7863.0,0.0,0.0,0.0,1,7669.0,8029.0,1,7863.0,7654.0,0.0,0.0,0.0,0.0,107
2023-05-11 09:02:17,eb2404,eb2404,7863.0,0.0,0.0,0.0,1,7669.0,8028.0,5,7863.0,7654.0,0.0,0.0,0.0,0.0,107
2023-05-11 09:02:18,eb2404,eb2404,7863.0,0.0,0.0,0.0,1,7669.0,8027.0,2,7863.0,7654.0,0.0,0.0,0.0,0.0,107
2023-05-11 09:02:19,eb2404,eb2404,7863.0,0.0,0.0,0.0,1,7669.0,8026.0,8,7863.0,7654.0,0.0,0.0,0.0,0.0,107
2023-05-11 09:02:20,eb2404,eb2404,7863.0,0.0,0.0,0.0,1,7669.0,8025.0,1,7863.0,7654.0,0.0,0.0,0.0,0.0,107
2023-05-11 09:02:20,eb2404,eb2404,7863.0,0.0,0.0,0.0,1,7669.0,8024.0,6,7863.0,7654.0,0.0,0.0,0.0,0.0,107
2023-05-11 09:02:22,eb2404,eb2404,7863.0,0.0,0.0,0.0,1,7669.0,8023.0,11,7863.0,7654.0,0.0,0.0,0.0,0.0,107
2023-05-11 09:02:23,eb2404,eb2404,7863.0,0.0,0.0,0.0,1,7669.0,8022.0,6,7863.0,7654.0,0.0,0.0,0.0,0.0,107
2023-05-11 09:02:25,eb2404,eb2404,7863.0,0.0,0.0,0.0,1,7669.0,8021.0,2,7863.0,7654.0,0.0,0.0,0.0,0.0,107
2023-05-11 09:02:25,eb2404,eb2404,7863.0,0.0,0.0,0.0,1,7669.0,8020.0,5,7863.0,7654.0,0.0,0.0,0.0,0.0,107
2023-05-11 09:02:26,eb2404,eb2404,7863.0,0.0,0.0,0.0,1,7669.0,8020.0,7,7863.0,7654.0,0.0,0.0,0.0,0.0,107
2023-05-11 09:02:26,eb2404,eb2404,7863.0,0.0,0.0,0.0,1,7669.0,8019.0,5,7863.0,7654.0,0.0,0.0,0.0,0.0,107
2023-05-11 09:02:27,eb2404,eb2404,7863.0,0.0,0.0,0.0,1,7669.0,8019.0,6,7863.0,7654.0,0.0,0.0,0.0,0.0,107
2023-05-11 09:02:27,eb2404,eb2404,7863.0,0.0,0.0,0.0,1,7669.0,8018.0,2,7863.0,7654.0,0.0,0.0,0.0,0.0,107
2023-05-11 09:02:30,eb2404,eb2404,7863.0,0.0,0.0,0.0,1,7669.0,8017.0,15,7863.0,7654.0,0.0,0.0,0.0,0.0,107
2023-05-11 09:02:32,eb2404,eb2404,7863.0,0.0,0.0,0.0,1,7669.0,8016.0,2,7863.0,7654.0,0.0,0.0,0.0,0.0,107
2023-05-11 09:02:37,eb2404,eb2404,7863.0,0.0,0.0,0.0,1,7669.0,8015.0,14,7863.0,7654.0,0.0,0.0,0.0,0.0,107
2023-05-11 09:02:38,eb2404,eb2404,7863.0,0.0,0.0,0.0,1,7669.0,8015.0,15,7863.0,7654.0,0.0,0.0,0.0,0.0,107
2023-05-11 09:02:38,eb2404,eb2404,7863.0,0.0,0.0,0.0,1,7669.0,8014.0,2,7863.0,7654.0,0.0,0.0,0.0,0.0,107
2023-05-11 09:02:44,eb2404,eb2404,7863.0,0.0,0.0,0.0,1,7669.0,8013.0,5,7863.0,7654.0,0.0,0.0,0.0,0.0,107
2023-05-11 09:02:45,eb2404,eb2404,7863.0,0.0,0.0,0.0,1,7669.0,8012.0,3,7863.0,7654.0,0.0,0.0,0.0,0.0,107
2023-05-11 09:02:50,eb2404,eb2404,7863.0,0.0,0.0,0.0,1,7669.0,8011.0,7,7863.0,7654.0,0.0,0.0,0.0,0.0,107
2023-05-11 09:02:50,eb2404,eb2404,7863.0,0.0,0.0,0.0,1,7669.0,8010.0,6,7863.0,7654.0,0.0,0.0,0.0,0.0,107
2023-05-11 09:02:51,eb2404,eb2404,7863.0,0.0,0.0,0.0,1,7669.0,8010.0,8,7863.0,7654.0,0.0,0.0,0.0,0.0,107
2023-05-11 09:02:51,eb2404,eb2404,7863.0,0.0,0.0,0.0,1,7669.0,8009.0,1,7863.0,7654.0,0.0,0.0,0.0,0.0,107
2023-05-11 09:02:52,eb2404,eb2404,7863.0,0.0,0.0,0.0,1,7669.0,8008.0,2,7863.0,7654.0,0.0,0.0,0.0,0.0,107
2023-05-11 09:02:56,eb2404,eb2404,7863.0,0.0,0.0,0.0,1,7669.0,8007.0,1,7863.0,7654.0,0.0,0.0,0.0,0.0,107
2023-05-11 09:02:57,eb2404,eb2404,7863.0,0.0,0.0,0.0,1,7669.0,8006.0,1,7863.0,7654.0,0.0,0.0,0.0,0.0,107
2023-05-11 09:02:57,eb2404,eb2404,7863.0,0.0,0.0,0.0,1,7669.0,8005.0,2,7863.0,7654.0,0.0,0.0,0.0,0.0,107
2023-05-11 09:03:01,eb2404,eb2404,7863.0,0.0,0.0,0.0,1,7669.0,8004.0,12,7863.0,7654.0,0.0,0.0,0.0,0.0,107
2023-05-11 09:03:02,eb2404,eb2404,7863.0,0.0,0.0,0.0,1,7669.0,8003.0,2,7863.0,7654.0,0.0,0.0,0.0,0.0,107
2023-05-11 09:03:03,eb2404,eb2404,7863.0,0.0,0.0,0.0,1,7669.0,8002.0,3,7863.0,7654.0,0.0,0.0,0.0,0.0,107
2023-05-11 09:03:03,eb2404,eb2404,7863.0,0.0,0.0,0.0,1,7669.0,8001.0,1,7863.0,7654.0,0.0,0.0,0.0,0.0,107
2023-05-11 09:03:04,eb2404,eb2404,7863.0,0.0,0.0,0.0,1,7669.0,8000.0,10,7863.0,7654.0,0.0,0.0,0.0,0.0,107
2023-05-11 09:03:05,eb2404,eb2404,7863.0,0.0,0.0,0.0,1,7669.0,7999.0,2,7863.0,7654.0,0.0,0.0,0.0,0.0,107
2023-05-11 09:03:06,eb2404,eb2404,7863.0,0.0,0.0,0.0,1,7669.0,7998.0,3,7863.0,7654.0,0.0,0.0,0.0,0.0,107
2023-05-11 09:03:06,eb2404,eb2404,7863.0,0.0,0.0,0.0,1,7669.0,7997.0,1,7863.0,7654.0,0.0,0.0,0.0,0.0,107
2023-05-11 09:03:07,eb2404,eb2404,7863.0,0.0,0.0,0.0,1,7669.0,7996.0,6,7863.0,7654.0,0.0,0.0,0.0,0.0,107
2023-05-11 09:03:08,eb2404,eb2404,7863.0,0.0,0.0,0.0,1,7669.0,7995.0,2,7863.0,7654.0,0.0,0.0,0.0,0.0,107
2023-05-11 09:03:14,eb2404,eb2404,7863.0,0.0,0.0,0.0,1,7669.0,7994.0,14,7863.0,7654.0,0.0,0.0,0.0,0.0,107
2023-05-11 09:03:14,eb2404,eb2404,7863.0,0.0,0.0,0.0,1,7669.0,7994.0,15,7863.0,7654.0,0.0,0.0,0.0,0.0,107
2023-05-11 09:03:15,eb2404,eb2404,7863.0,0.0,0.0,0.0,1,7669.0,7993.0,2,7863.0,7654.0,0.0,0.0,0.0,0.0,107
2023-05-11 09:03:19,eb2404,eb2404,7863.0,0.0,0.0,0.0,1,7669.0,7992.0,1,7863.0,7654.0,0.0,0.0,0.0,0.0,107
2023-05-11 09:03:20,eb2404,eb2404,7863.0,0.0,0.0,0.0,1,7669.0,7991.0,5,7863.0,7654.0,0.0,0.0,0.0,0.0,107
2023-05-11 09:03:26,eb2404,eb2404,7863.0,0.0,0.0,0.0,1,7669.0,7991.0,6,7863.0,7654.0,0.0,0.0,0.0,0.0,107
2023-05-11 09:03:26,eb2404,eb2404,7863.0,0.0,0.0,0.0,1,7669.0,7990.0,6,7863.0,7654.0,0.0,0.0,0.0,0.0,107
2023-05-11 09:03:27,eb2404,eb2404,7863.0,0.0,0.0,0.0,1,7669.0,7989.0,1,7863.0,7654.0,0.0,0.0,0.0,0.0,107
2023-05-11 09:03:27,eb2404,eb2404,7863.0,0.0,0.0,0.0,1,7669.0,7989.0,2,7863.0,7654.0,0.0,0.0,0.0,0.0,107
2023-05-11 09:03:33,eb2404,eb2404,7863.0,0.0,0.0,0.0,1,7669.0,7988.0,6,7863.0,7654.0,0.0,0.0,0.0,0.0,107
2023-05-11 09:03:33,eb2404,eb2404,7863.0,0.0,0.0,0.0,1,7669.0,7987.0,1,7863.0,7654.0,0.0,0.0,0.0,0.0,107
2023-05-11 09:03:38,eb2404,eb2404,7863.0,0.0,0.0,0.0,1,7669.0,7986.0,15,7863.0,7654.0,0.0,0.0,0.0,0.0,107
2023-05-11 09:03:39,eb2404,eb2404,7863.0,0.0,0.0,0.0,1,7669.0,7985.0,1,7863.0,7654.0,0.0,0.0,0.0,0.0,107
2023-05-11 09:03:45,eb2404,eb2404,7863.0,0.0,0.0,0.0,1,7669.0,7984.0,13,7863.0,7654.0,0.0,0.0,0.0,0.0,107
2023-05-11 09:03:46,eb2404,eb2404,7863.0,0.0,0.0,0.0,1,7669.0,7983.0,1,7863.0,7654.0,0.0,0.0,0.0,0.0,107
2023-05-11 09:03:53,eb2404,eb2404,7863.0,0.0,0.0,0.0,1,7669.0,7982.0,14,7863.0,7654.0,0.0,0.0,0.0,0.0,107
2023-05-11 09:03:53,eb2404,eb2404,7863.0,0.0,0.0,0.0,1,7669.0,7982.0,15,7863.0,7654.0,0.0,0.0,0.0,0.0,107
2023-05-11 09:03:59,eb2404,eb2404,7863.0,0.0,0.0,0.0,1,7669.0,7981.0,1,7863.0,7654.0,0.0,0.0,0.0,0.0,107
2023-05-11 09:04:05,eb2404,eb2404,7863.0,0.0,0.0,0.0,1,7669.0,7980.0,11,7863.0,7654.0,0.0,0.0,0.0,0.0,107
2023-05-11 09:04:17,eb2404,eb2404,7863.0,0.0,0.0,0.0,1,7669.0,7979.0,1,7863.0,7654.0,0.0,0.0,0.0,0.0,107
2023-05-11 09:04:24,eb2404,eb2404,7863.0,0.0,0.0,0.0,1,7669.0,7978.0,3,7863.0,7654.0,0.0,0.0,0.0,0.0,107
2023-05-11 09:04:24,eb2404,eb2404,7863.0,0.0,0.0,0.0,1,7669.0,7978.0,4,7863.0,7654.0,0.0,0.0,0.0,0.0,107
2023-05-11 09:04:28,eb2404,eb2404,7863.0,0.0,0.0,0.0,1,7669.0,7977.0,10,7863.0,7654.0,0.0,0.0,0.0,0.0,107
2023-05-11 09:04:32,eb2404,eb2404,7863.0,0.0,0.0,0.0,1,7669.0,7976.0,4,7863.0,7654.0,0.0,0.0,0.0,0.0,107
2023-05-11 09:04:36,eb2404,eb2404,7863.0,0.0,0.0,0.0,1,7669.0,7975.0,8,7863.0,7654.0,0.0,0.0,0.0,0.0,107
2023-05-11 09:04:42,eb2404,eb2404,7863.0,0.0,0.0,0.0,1,7669.0,7974.0,4,7863.0,7654.0,0.0,0.0,0.0,0.0,107
2023-05-11 09:04:48,eb2404,eb2404,7863.0,0.0,0.0,0.0,1,7669.0,7973.0,3,7863.0,7654.0,0.0,0.0,0.0,0.0,107
2023-05-11 09:04:54,eb2404,eb2404,7863.0,0.0,0.0,0.0,1,7669.0,7972.0,8,7863.0,7654.0,0.0,0.0,0.0,0.0,107
2023-05-11 09:04:55,eb2404,eb2404,7863.0,0.0,0.0,0.0,1,7669.0,7972.0,9,7863.0,7654.0,0.0,0.0,0.0,0.0,107
2023-05-11 09:04:56,eb2404,eb2404,7863.0,0.0,0.0,0.0,1,7669.0,7971.0,3,7863.0,7654.0,0.0,0.0,0.0,0.0,107
2023-05-11 09:05:01,eb2404,eb2404,7863.0,0.0,0.0,0.0,1,7669.0,7970.0,9,7863.0,7654.0,0.0,0.0,0.0,0.0,107
2023-05-11 09:05:04,eb2404,eb2404,7863.0,0.0,0.0,0.0,1,7669.0,7969.0,3,7863.0,7654.0,0.0,0.0,0.0,0.0,107
2023-05-11 09:05:10,eb2404,eb2404,7863.0,0.0,0.0,0.0,1,7669.0,7968.0,8,7863.0,7654.0,0.0,0.0,0.0,0.0,107
2023-05-11 09:05:10,eb2404,eb2404,7863.0,0.0,0.0,0.0,1,7669.0,7968.0,9,7863.0,7654.0,0.0,0.0,0.0,0.0,107
2023-05-11 09:05:11,eb2404,eb2404,7863.0,0.0,0.0,0.0,1,7669.0,7967.0,1,7863.0,7654.0,0.0,0.0,0.0,0.0,107
2023-05-11 09:05:17,eb2404,eb2404,7863.0,0.0,0.0,0.0,1,7669.0,7966.0,11,7863.0,7654.0,0.0,0.0,0.0,0.0,107
2023-05-11 09:05:29,eb2404,eb2404,7863.0,0.0,0.0,0.0,1,7669.0,7965.0,1,7863.0,7654.0,0.0,0.0,0.0,0.0,107
2023-05-11 09:05:33,eb2404,eb2404,7863.0,0.0,0.0,0.0,1,7669.0,7964.0,11,7863.0,7654.0,0.0,0.0,0.0,0.0,107
2023-05-11 09:05:38,eb2404,eb2404,7863.0,0.0,0.0,0.0,1,7669.0,7963.0,1,7863.0,7654.0,0.0,0.0,0.0,0.0,107
2023-05-11 09:05:44,eb2404,eb2404,7863.0,0.0,0.0,0.0,1,7669.0,7962.0,11,7863.0,7654.0,0.0,0.0,0.0,0.0,107
2023-05-11 09:05:52,eb2404,eb2404,7863.0,0.0,0.0,0.0,1,7669.0,7961.0,2,7863.0,7654.0,0.0,0.0,0.0,0.0,107
2023-05-11 09:05:53,eb2404,eb2404,7863.0,0.0,0.0,0.0,1,7669.0,7960.0,1,7863.0,7654.0,0.0,0.0,0.0,0.0,107
