time,symbol_id,symbol_name,last,trade_volume,trade_amount,open_interest_change,bv1,bp1,ap1,av1,yesterday_close,today_open,today_high,today_low,volume,amount,open_interest
2023-05-09 19:10:58,CF311P16200,CF311P16200,897.0,0.0,0.0,0.0,0,0.0,0.0,0,897.0,0.0,0.0,0.0,0.0,0.0,0
2023-05-09 20:59:00,CF311P16200,CF311P16200,897.0,0.0,0.0,0.0,1,1.0,0.0,0,897.0,0.0,0.0,0.0,0.0,0.0,0
2023-05-09 21:00:08,CF311P16200,CF311P16200,897.0,0.0,0.0,0.0,10,3.0,0.0,0,897.0,0.0,0.0,0.0,0.0,0.0,0
2023-05-09 21:00:11,CF311P16200,CF311P16200,897.0,0.0,0.0,0.0,1,4.0,0.0,0,897.0,0.0,0.0,0.0,0.0,0.0,0
2023-05-09 21:00:11,CF311P16200,CF311P16200,897.0,0.0,0.0,0.0,10,5.0,0.0,0,897.0,0.0,0.0,0.0,0.0,0.0,0
2023-05-09 21:00:13,CF311P16200,CF311P16200,897.0,0.0,0.0,0.0,1,6.0,0.0,0,897.0,0.0,0.0,0.0,0.0,0.0,0
2023-05-09 21:00:13,CF311P16200,CF311P16200,897.0,0.0,0.0,0.0,10,7.0,0.0,0,897.0,0.0,0.0,0.0,0.0,0.0,0
2023-05-09 21:00:15,CF311P16200,CF311P16200,897.0,0.0,0.0,0.0,1,8.0,0.0,0,897.0,0.0,0.0,0.0,0.0,0.0,0
2023-05-09 21:00:15,CF311P16200,CF311P16200,897.0,0.0,0.0,0.0,10,9.0,0.0,0,897.0,0.0,0.0,0.0,0.0,0.0,0
2023-05-09 21:00:17,CF311P16200,CF311P16200,897.0,0.0,0.0,0.0,1,10.0,0.0,0,897.0,0.0,0.0,0.0,0.0,0.0,0
2023-05-09 21:00:17,CF311P16200,CF311P16200,897.0,0.0,0.0,0.0,10,11.0,0.0,0,897.0,0.0,0.0,0.0,0.0,0.0,0
2023-05-09 21:00:19,CF311P16200,CF311P16200,897.0,0.0,0.0,0.0,1,12.0,0.0,0,897.0,0.0,0.0,0.0,0.0,0.0,0
2023-05-09 21:00:19,CF311P16200,CF311P16200,897.0,0.0,0.0,0.0,10,13.0,0.0,0,897.0,0.0,0.0,0.0,0.0,0.0,0
2023-05-09 21:00:21,CF311P16200,CF311P16200,897.0,0.0,0.0,0.0,1,14.0,0.0,0,897.0,0.0,0.0,0.0,0.0,0.0,0
2023-05-09 21:00:21,CF311P16200,CF311P16200,897.0,0.0,0.0,0.0,10,15.0,0.0,0,897.0,0.0,0.0,0.0,0.0,0.0,0
2023-05-09 21:00:22,CF311P16200,CF311P16200,897.0,0.0,0.0,0.0,1,246.0,0.0,0,897.0,0.0,0.0,0.0,0.0,0.0,0
2023-05-09 21:00:23,CF311P16200,CF311P16200,897.0,0.0,0.0,0.0,10,247.0,0.0,0,897.0,0.0,0.0,0.0,0.0,0.0,0
2023-05-09 21:02:07,CF311P16200,CF311P16200,897.0,0.0,0.0,0.0,1,250.0,1854.0,1,897.0,0.0,0.0,0.0,0.0,0.0,0
2023-05-09 21:02:07,CF311P16200,CF311P16200,897.0,0.0,0.0,0.0,10,251.0,1853.0,10,897.0,0.0,0.0,0.0,0.0,0.0,0
2023-05-09 21:02:10,CF311P16200,CF311P16200,897.0,0.0,0.0,0.0,2,252.0,1853.0,10,897.0,0.0,0.0,0.0,0.0,0.0,0
2023-05-09 21:02:11,CF311P16200,CF311P16200,897.0,0.0,0.0,0.0,1,254.0,1850.0,1,897.0,0.0,0.0,0.0,0.0,0.0,0
2023-05-09 21:02:11,CF311P16200,CF311P16200,897.0,0.0,0.0,0.0,10,255.0,1849.0,10,897.0,0.0,0.0,0.0,0.0,0.0,0
2023-05-09 21:02:11,CF311P16200,CF311P16200,897.0,0.0,0.0,0.0,1,258.0,1846.0,1,897.0,0.0,0.0,0.0,0.0,0.0,0
2023-05-09 21:02:12,CF311P16200,CF311P16200,897.0,0.0,0.0,0.0,10,259.0,1845.0,10,897.0,0.0,0.0,0.0,0.0,0.0,0
2023-05-09 21:02:15,CF311P16200,CF311P16200,897.0,0.0,0.0,0.0,1,262.0,1842.0,1,897.0,0.0,0.0,0.0,0.0,0.0,0
2023-05-09 21:02:16,CF311P16200,CF311P16200,897.0,0.0,0.0,0.0,10,263.0,1841.0,10,897.0,0.0,0.0,0.0,0.0,0.0,0
2023-05-09 21:02:18,CF311P16200,CF311P16200,897.0,0.0,0.0,0.0,2,264.0,1841.0,10,897.0,0.0,0.0,0.0,0.0,0.0,0
2023-05-09 21:02:18,CF311P16200,CF311P16200,897.0,0.0,0.0,0.0,10,247.0,1841.0,10,897.0,0.0,0.0,0.0,0.0,0.0,0
2023-05-09 21:02:20,CF311P16200,CF311P16200,897.0,0.0,0.0,0.0,1,250.0,1838.0,1,897.0,0.0,0.0,0.0,0.0,0.0,0
2023-05-09 21:02:20,CF311P16200,CF311P16200,897.0,0.0,0.0,0.0,10,251.0,1837.0,10,897.0,0.0,0.0,0.0,0.0,0.0,0
2023-05-09 21:02:22,CF311P16200,CF311P16200,897.0,0.0,0.0,0.0,1,246.0,1837.0,10,897.0,0.0,0.0,0.0,0.0,0.0,0
2023-05-09 21:02:22,CF311P16200,CF311P16200,897.0,0.0,0.0,0.0,1,249.0,1834.0,1,897.0,0.0,0.0,0.0,0.0,0.0,0
2023-05-09 21:02:23,CF311P16200,CF311P16200,897.0,0.0,0.0,0.0,10,250.0,1833.0,10,897.0,0.0,0.0,0.0,0.0,0.0,0
2023-05-09 21:02:24,CF311P16200,CF311P16200,897.0,0.0,0.0,0.0,2,266.0,1833.0,10,897.0,0.0,0.0,0.0,0.0,0.0,0
2023-05-09 21:02:24,CF311P16200,CF311P16200,897.0,0.0,0.0,0.0,10,247.0,1833.0,10,897.0,0.0,0.0,0.0,0.0,0.0,0
2023-05-09 21:02:25,CF311P16200,CF311P16200,897.0,0.0,0.0,0.0,1,250.0,1830.0,1,897.0,0.0,0.0,0.0,0.0,0.0,0
2023-05-09 21:02:25,CF311P16200,CF311P16200,897.0,0.0,0.0,0.0,10,251.0,1829.0,10,897.0,0.0,0.0,0.0,0.0,0.0,0
2023-05-09 21:02:28,CF311P16200,CF311P16200,897.0,0.0,0.0,0.0,2,267.0,1829.0,10,897.0,0.0,0.0,0.0,0.0,0.0,0
2023-05-09 21:02:28,CF311P16200,CF311P16200,897.0,0.0,0.0,0.0,10,247.0,1829.0,10,897.0,0.0,0.0,0.0,0.0,0.0,0
2023-05-09 21:02:30,CF311P16200,CF311P16200,897.0,0.0,0.0,0.0,2,263.0,1829.0,10,897.0,0.0,0.0,0.0,0.0,0.0,0
2023-05-09 21:02:31,CF311P16200,CF311P16200,897.0,0.0,0.0,0.0,1,266.0,1829.0,10,897.0,0.0,0.0,0.0,0.0,0.0,0
2023-05-09 21:02:31,CF311P16200,CF311P16200,897.0,0.0,0.0,0.0,10,267.0,1829.0,10,897.0,0.0,0.0,0.0,0.0,0.0,0
2023-05-09 21:02:32,CF311P16200,CF311P16200,897.0,0.0,0.0,0.0,2,275.0,1829.0,10,897.0,0.0,0.0,0.0,0.0,0.0,0
2023-05-09 21:02:32,CF311P16200,CF311P16200,897.0,0.0,0.0,0.0,10,247.0,1829.0,10,897.0,0.0,0.0,0.0,0.0,0.0,0
2023-05-09 21:02:34,CF311P16200,CF311P16200,897.0,0.0,0.0,0.0,2,263.0,1829.0,10,897.0,0.0,0.0,0.0,0.0,0.0,0
2023-05-09 21:02:34,CF311P16200,CF311P16200,897.0,0.0,0.0,0.0,10,247.0,1829.0,10,897.0,0.0,0.0,0.0,0.0,0.0,0
2023-05-09 21:02:35,CF311P16200,CF311P16200,897.0,0.0,0.0,0.0,2,263.0,1829.0,10,897.0,0.0,0.0,0.0,0.0,0.0,0
2023-05-09 21:02:35,CF311P16200,CF311P16200,897.0,0.0,0.0,0.0,10,267.0,1829.0,10,897.0,0.0,0.0,0.0,0.0,0.0,0
2023-05-09 21:02:36,CF311P16200,CF311P16200,897.0,0.0,0.0,0.0,2,283.0,1829.0,10,897.0,0.0,0.0,0.0,0.0,0.0,0
2023-05-09 21:02:36,CF311P16200,CF311P16200,897.0,0.0,0.0,0.0,10,247.0,1829.0,10,897.0,0.0,0.0,0.0,0.0,0.0,0
2023-05-09 21:02:37,CF311P16200,CF311P16200,897.0,0.0,0.0,0.0,2,248.0,1829.0,10,897.0,0.0,0.0,0.0,0.0,0.0,0
2023-05-09 21:02:38,CF311P16200,CF311P16200,897.0,0.0,0.0,0.0,10,247.0,1829.0,10,897.0,0.0,0.0,0.0,0.0,0.0,0
2023-05-09 21:02:38,CF311P16200,CF311P16200,897.0,0.0,0.0,0.0,2,248.0,1829.0,10,897.0,0.0,0.0,0.0,0.0,0.0,0
2023-05-09 21:02:39,CF311P16200,CF311P16200,897.0,0.0,0.0,0.0,2,264.0,1826.0,1,897.0,0.0,0.0,0.0,0.0,0.0,0
2023-05-09 21:02:39,CF311P16200,CF311P16200,897.0,0.0,0.0,0.0,10,247.0,1825.0,10,897.0,0.0,0.0,0.0,0.0,0.0,0
2023-05-09 21:02:40,CF311P16200,CF311P16200,897.0,0.0,0.0,0.0,2,263.0,1825.0,10,897.0,0.0,0.0,0.0,0.0,0.0,0
2023-05-09 21:02:40,CF311P16200,CF311P16200,897.0,0.0,0.0,0.0,10,247.0,1825.0,10,897.0,0.0,0.0,0.0,0.0,0.0,0
2023-05-09 21:02:41,CF311P16200,CF311P16200,897.0,0.0,0.0,0.0,2,263.0,1825.0,10,897.0,0.0,0.0,0.0,0.0,0.0,0
2023-05-09 21:02:41,CF311P16200,CF311P16200,897.0,0.0,0.0,0.0,10,247.0,1825.0,10,897.0,0.0,0.0,0.0,0.0,0.0,0
2023-05-09 21:02:43,CF311P16200,CF311P16200,897.0,0.0,0.0,0.0,2,263.0,1825.0,10,897.0,0.0,0.0,0.0,0.0,0.0,0
2023-05-09 21:02:43,CF311P16200,CF311P16200,897.0,0.0,0.0,0.0,2,264.0,1825.0,10,897.0,0.0,0.0,0.0,0.0,0.0,0
2023-05-09 21:02:44,CF311P16200,CF311P16200,897.0,0.0,0.0,0.0,2,280.0,1825.0,10,897.0,0.0,0.0,0.0,0.0,0.0,0
2023-05-09 21:02:44,CF311P16200,CF311P16200,897.0,0.0,0.0,0.0,10,247.0,1825.0,10,897.0,0.0,0.0,0.0,0.0,0.0,0
2023-05-09 21:02:45,CF311P16200,CF311P16200,897.0,0.0,0.0,0.0,2,263.0,1825.0,10,897.0,0.0,0.0,0.0,0.0,0.0,0
2023-05-09 21:02:45,CF311P16200,CF311P16200,897.0,0.0,0.0,0.0,2,264.0,1825.0,10,897.0,0.0,0.0,0.0,0.0,0.0,0
2023-05-09 21:02:45,CF311P16200,CF311P16200,897.0,0.0,0.0,0.0,10,247.0,1825.0,10,897.0,0.0,0.0,0.0,0.0,0.0,0
2023-05-09 21:02:46,CF311P16200,CF311P16200,897.0,0.0,0.0,0.0,2,263.0,1822.0,1,897.0,0.0,0.0,0.0,0.0,0.0,0
2023-05-09 21:02:47,CF311P16200,CF311P16200,897.0,0.0,0.0,0.0,2,271.0,1821.0,10,897.0,0.0,0.0,0.0,0.0,0.0,0
2023-05-09 21:02:47,CF311P16200,CF311P16200,897.0,0.0,0.0,0.0,2,287.0,1821.0,10,897.0,0.0,0.0,0.0,0.0,0.0,0
2023-05-09 21:02:47,CF311P16200,CF311P16200,897.0,0.0,0.0,0.0,10,247.0,1821.0,10,897.0,0.0,0.0,0.0,0.0,0.0,0
2023-05-09 21:02:48,CF311P16200,CF311P16200,897.0,0.0,0.0,0.0,2,263.0,1821.0,10,897.0,0.0,0.0,0.0,0.0,0.0,0
2023-05-09 21:02:49,CF311P16200,CF311P16200,897.0,0.0,0.0,0.0,10,280.0,1821.0,10,897.0,0.0,0.0,0.0,0.0,0.0,0
2023-05-09 21:02:50,CF311P16200,CF311P16200,897.0,0.0,0.0,0.0,2,281.0,1821.0,10,897.0,0.0,0.0,0.0,0.0,0.0,0
2023-05-09 21:02:50,CF311P16200,CF311P16200,897.0,0.0,0.0,0.0,2,297.0,1821.0,10,897.0,0.0,0.0,0.0,0.0,0.0,0
2023-05-09 21:02:50,CF311P16200,CF311P16200,897.0,0.0,0.0,0.0,10,247.0,1821.0,10,897.0,0.0,0.0,0.0,0.0,0.0,0
2023-05-09 21:02:51,CF311P16200,CF311P16200,897.0,0.0,0.0,0.0,2,263.0,1821.0,10,897.0,0.0,0.0,0.0,0.0,0.0,0
2023-05-09 21:02:52,CF311P16200,CF311P16200,897.0,0.0,0.0,0.0,10,267.0,1818.0,1,897.0,0.0,0.0,0.0,0.0,0.0,0
2023-05-09 21:02:53,CF311P16200,CF311P16200,897.0,0.0,0.0,0.0,2,283.0,1817.0,10,897.0,0.0,0.0,0.0,0.0,0.0,0
2023-05-09 21:02:53,CF311P16200,CF311P16200,897.0,0.0,0.0,0.0,2,291.0,1817.0,10,897.0,0.0,0.0,0.0,0.0,0.0,0
2023-05-09 21:02:53,CF311P16200,CF311P16200,897.0,0.0,0.0,0.0,10,247.0,1817.0,10,897.0,0.0,0.0,0.0,0.0,0.0,0
2023-05-09 21:02:54,CF311P16200,CF311P16200,897.0,0.0,0.0,0.0,2,263.0,1817.0,10,897.0,0.0,0.0,0.0,0.0,0.0,0
2023-05-09 21:02:54,CF311P16200,CF311P16200,897.0,0.0,0.0,0.0,10,247.0,1817.0,10,897.0,0.0,0.0,0.0,0.0,0.0,0
2023-05-09 21:02:56,CF311P16200,CF311P16200,897.0,0.0,0.0,0.0,2,263.0,1814.0,1,897.0,0.0,0.0,0.0,0.0,0.0,0
2023-05-09 21:02:56,CF311P16200,CF311P16200,897.0,0.0,0.0,0.0,10,247.0,1813.0,10,897.0,0.0,0.0,0.0,0.0,0.0,0
2023-05-09 21:02:57,CF311P16200,CF311P16200,897.0,0.0,0.0,0.0,2,263.0,1813.0,10,897.0,0.0,0.0,0.0,0.0,0.0,0
2023-05-09 21:02:57,CF311P16200,CF311P16200,897.0,0.0,0.0,0.0,10,267.0,1810.0,1,897.0,0.0,0.0,0.0,0.0,0.0,0
2023-05-09 21:02:58,CF311P16200,CF311P16200,897.0,0.0,0.0,0.0,2,283.0,1809.0,10,897.0,0.0,0.0,0.0,0.0,0.0,0
2023-05-09 21:02:58,CF311P16200,CF311P16200,897.0,0.0,0.0,0.0,1,286.0,1806.0,1,897.0,0.0,0.0,0.0,0.0,0.0,0
2023-05-09 21:02:59,CF311P16200,CF311P16200,897.0,0.0,0.0,0.0,2,302.0,1805.0,10,897.0,0.0,0.0,0.0,0.0,0.0,0
2023-05-09 21:02:59,CF311P16200,CF311P16200,897.0,0.0,0.0,0.0,10,247.0,1805.0,10,897.0,0.0,0.0,0.0,0.0,0.0,0
2023-05-09 21:03:00,CF311P16200,CF311P16200,897.0,0.0,0.0,0.0,2,263.0,1802.0,1,897.0,0.0,0.0,0.0,0.0,0.0,0
2023-05-09 21:03:00,CF311P16200,CF311P16200,897.0,0.0,0.0,0.0,10,264.0,1801.0,10,897.0,0.0,0.0,0.0,0.0,0.0,0
2023-05-09 21:03:00,CF311P16200,CF311P16200,897.0,0.0,0.0,0.0,1,267.0,1798.0,1,897.0,0.0,0.0,0.0,0.0,0.0,0
2023-05-09 21:03:01,CF311P16200,CF311P16200,897.0,0.0,0.0,0.0,2,283.0,1797.0,10,897.0,0.0,0.0,0.0,0.0,0.0,0
2023-05-09 21:03:01,CF311P16200,CF311P16200,897.0,0.0,0.0,0.0,10,284.0,1797.0,10,897.0,0.0,0.0,0.0,0.0,0.0,0
2023-05-09 21:03:02,CF311P16200,CF311P16200,897.0,0.0,0.0,0.0,2,300.0,1797.0,10,897.0,0.0,0.0,0.0,0.0,0.0,0
2023-05-09 21:03:02,CF311P16200,CF311P16200,897.0,0.0,0.0,0.0,10,304.0,1794.0,1,897.0,0.0,0.0,0.0,0.0,0.0,0
2023-05-09 21:03:03,CF311P16200,CF311P16200,897.0,0.0,0.0,0.0,2,312.0,1793.0,10,897.0,0.0,0.0,0.0,0.0,0.0,0
2023-05-09 21:03:03,CF311P16200,CF311P16200,897.0,0.0,0.0,0.0,10,313.0,1793.0,10,897.0,0.0,0.0,0.0,0.0,0.0,0
2023-05-09 21:03:04,CF311P16200,CF311P16200,897.0,0.0,0.0,0.0,2,329.0,1790.0,1,897.0,0.0,0.0,0.0,0.0,0.0,0
2023-05-09 21:03:04,CF311P16200,CF311P16200,897.0,0.0,0.0,0.0,10,330.0,1789.0,10,897.0,0.0,0.0,0.0,0.0,0.0,0
2023-05-09 21:03:05,CF311P16200,CF311P16200,897.0,0.0,0.0,0.0,2,346.0,1789.0,10,897.0,0.0,0.0,0.0,0.0,0.0,0
2023-05-09 21:03:05,CF311P16200,CF311P16200,897.0,0.0,0.0,0.0,10,347.0,1789.0,10,897.0,0.0,0.0,0.0,0.0,0.0,0
2023-05-09 21:03:06,CF311P16200,CF311P16200,897.0,0.0,0.0,0.0,2,348.0,1789.0,10,897.0,0.0,0.0,0.0,0.0,0.0,0
2023-05-09 21:03:06,CF311P16200,CF311P16200,897.0,0.0,0.0,0.0,10,349.0,1789.0,10,897.0,0.0,0.0,0.0,0.0,0.0,0
2023-05-09 21:03:08,CF311P16200,CF311P16200,897.0,0.0,0.0,0.0,2,357.0,1786.0,1,897.0,0.0,0.0,0.0,0.0,0.0,0
2023-05-09 21:03:08,CF311P16200,CF311P16200,897.0,0.0,0.0,0.0,10,358.0,1785.0,10,897.0,0.0,0.0,0.0,0.0,0.0,0
2023-05-09 21:03:09,CF311P16200,CF311P16200,897.0,0.0,0.0,0.0,2,359.0,1785.0,10,897.0,0.0,0.0,0.0,0.0,0.0,0
2023-05-09 21:03:09,CF311P16200,CF311P16200,897.0,0.0,0.0,0.0,10,363.0,1782.0,1,897.0,0.0,0.0,0.0,0.0,0.0,0
2023-05-09 21:03:09,CF311P16200,CF311P16200,897.0,0.0,0.0,0.0,10,363.0,1781.0,10,897.0,0.0,0.0,0.0,0.0,0.0,0
2023-05-09 21:03:10,CF311P16200,CF311P16200,897.0,0.0,0.0,0.0,10,363.0,1778.0,1,897.0,0.0,0.0,0.0,0.0,0.0,0
2023-05-09 21:03:10,CF311P16200,CF311P16200,897.0,0.0,0.0,0.0,10,363.0,1777.0,10,897.0,0.0,0.0,0.0,0.0,0.0,0
2023-05-09 21:03:12,CF311P16200,CF311P16200,897.0,0.0,0.0,0.0,1,366.0,1774.0,1,897.0,0.0,0.0,0.0,0.0,0.0,0
2023-05-09 21:03:12,CF311P16200,CF311P16200,897.0,0.0,0.0,0.0,10,367.0,1773.0,10,897.0,0.0,0.0,0.0,0.0,0.0,0
2023-05-09 21:03:13,CF311P16200,CF311P16200,897.0,0.0,0.0,0.0,1,370.0,1770.0,1,897.0,0.0,0.0,0.0,0.0,0.0,0
2023-05-09 21:03:13,CF311P16200,CF311P16200,897.0,0.0,0.0,0.0,10,371.0,1769.0,10,897.0,0.0,0.0,0.0,0.0,0.0,0
2023-05-09 21:03:14,CF311P16200,CF311P16200,897.0,0.0,0.0,0.0,1,374.0,1766.0,1,897.0,0.0,0.0,0.0,0.0,0.0,0
2023-05-09 21:03:14,CF311P16200,CF311P16200,897.0,0.0,0.0,0.0,10,375.0,1765.0,10,897.0,0.0,0.0,0.0,0.0,0.0,0
2023-05-09 21:03:20,CF311P16200,CF311P16200,897.0,0.0,0.0,0.0,1,378.0,1762.0,1,897.0,0.0,0.0,0.0,0.0,0.0,0
2023-05-09 21:03:20,CF311P16200,CF311P16200,897.0,0.0,0.0,0.0,10,379.0,1761.0,10,897.0,0.0,0.0,0.0,0.0,0.0,0
2023-05-09 21:03:22,CF311P16200,CF311P16200,897.0,0.0,0.0,0.0,2,380.0,1761.0,10,897.0,0.0,0.0,0.0,0.0,0.0,0
2023-05-09 21:03:22,CF311P16200,CF311P16200,897.0,0.0,0.0,0.0,10,384.0,1758.0,1,897.0,0.0,0.0,0.0,0.0,0.0,0
2023-05-09 21:03:23,CF311P16200,CF311P16200,897.0,0.0,0.0,0.0,1,387.0,1757.0,10,897.0,0.0,0.0,0.0,0.0,0.0,0
2023-05-09 21:03:23,CF311P16200,CF311P16200,897.0,0.0,0.0,0.0,10,388.0,1757.0,10,897.0,0.0,0.0,0.0,0.0,0.0,0
2023-05-09 21:03:25,CF311P16200,CF311P16200,897.0,0.0,0.0,0.0,1,391.0,1754.0,1,897.0,0.0,0.0,0.0,0.0,0.0,0
2023-05-09 21:03:25,CF311P16200,CF311P16200,897.0,0.0,0.0,0.0,10,392.0,1753.0,10,897.0,0.0,0.0,0.0,0.0,0.0,0
2023-05-09 21:03:27,CF311P16200,CF311P16200,897.0,0.0,0.0,0.0,1,395.0,1750.0,1,897.0,0.0,0.0,0.0,0.0,0.0,0
2023-05-09 21:03:27,CF311P16200,CF311P16200,897.0,0.0,0.0,0.0,10,396.0,1749.0,10,897.0,0.0,0.0,0.0,0.0,0.0,0
2023-05-09 21:03:28,CF311P16200,CF311P16200,897.0,0.0,0.0,0.0,2,397.0,1749.0,10,897.0,0.0,0.0,0.0,0.0,0.0,0
2023-05-09 21:03:28,CF311P16200,CF311P16200,897.0,0.0,0.0,0.0,10,398.0,1749.0,10,897.0,0.0,0.0,0.0,0.0,0.0,0
2023-05-09 21:03:29,CF311P16200,CF311P16200,897.0,0.0,0.0,0.0,1,401.0,1746.0,1,897.0,0.0,0.0,0.0,0.0,0.0,0
2023-05-09 21:03:30,CF311P16200,CF311P16200,897.0,0.0,0.0,0.0,10,402.0,1745.0,10,897.0,0.0,0.0,0.0,0.0,0.0,0
2023-05-09 21:03:31,CF311P16200,CF311P16200,897.0,0.0,0.0,0.0,2,403.0,1745.0,10,897.0,0.0,0.0,0.0,0.0,0.0,0
2023-05-09 21:03:32,CF311P16200,CF311P16200,897.0,0.0,0.0,0.0,10,404.0,1745.0,10,897.0,0.0,0.0,0.0,0.0,0.0,0
2023-05-09 21:03:32,CF311P16200,CF311P16200,897.0,0.0,0.0,0.0,1,407.0,1742.0,1,897.0,0.0,0.0,0.0,0.0,0.0,0
2023-05-09 21:03:33,CF311P16200,CF311P16200,897.0,0.0,0.0,0.0,12,408.0,1741.0,10,897.0,0.0,0.0,0.0,0.0,0.0,0
2023-05-09 21:03:38,CF311P16200,CF311P16200,897.0,0.0,0.0,0.0,1,411.0,1741.0,10,897.0,0.0,0.0,0.0,0.0,0.0,0
2023-05-09 21:03:38,CF311P16200,CF311P16200,897.0,0.0,0.0,0.0,12,412.0,1741.0,10,897.0,0.0,0.0,0.0,0.0,0.0,0
2023-05-09 21:03:41,CF311P16200,CF311P16200,897.0,0.0,0.0,0.0,1,415.0,1738.0,1,897.0,0.0,0.0,0.0,0.0,0.0,0
2023-05-09 21:03:41,CF311P16200,CF311P16200,897.0,0.0,0.0,0.0,12,416.0,1737.0,10,897.0,0.0,0.0,0.0,0.0,0.0,0
2023-05-09 21:03:44,CF311P16200,CF311P16200,897.0,0.0,0.0,0.0,1,419.0,1734.0,1,897.0,0.0,0.0,0.0,0.0,0.0,0
2023-05-09 21:03:44,CF311P16200,CF311P16200,897.0,0.0,0.0,0.0,12,420.0,1733.0,10,897.0,0.0,0.0,0.0,0.0,0.0,0
2023-05-09 21:03:49,CF311P16200,CF311P16200,897.0,0.0,0.0,0.0,1,423.0,1730.0,1,897.0,0.0,0.0,0.0,0.0,0.0,0
2023-05-09 21:03:49,CF311P16200,CF311P16200,897.0,0.0,0.0,0.0,12,424.0,1729.0,10,897.0,0.0,0.0,0.0,0.0,0.0,0
2023-05-09 21:03:53,CF311P16200,CF311P16200,897.0,0.0,0.0,0.0,1,427.0,1726.0,1,897.0,0.0,0.0,0.0,0.0,0.0,0
2023-05-09 21:03:53,CF311P16200,CF311P16200,897.0,0.0,0.0,0.0,12,428.0,1725.0,10,897.0,0.0,0.0,0.0,0.0,0.0,0
2023-05-09 21:03:56,CF311P16200,CF311P16200,897.0,0.0,0.0,0.0,1,431.0,1722.0,1,897.0,0.0,0.0,0.0,0.0,0.0,0
2023-05-09 21:03:56,CF311P16200,CF311P16200,897.0,0.0,0.0,0.0,10,432.0,1721.0,10,897.0,0.0,0.0,0.0,0.0,0.0,0
2023-05-09 21:03:56,CF311P16200,CF311P16200,897.0,0.0,0.0,0.0,12,432.0,1721.0,10,897.0,0.0,0.0,0.0,0.0,0.0,0
2023-05-09 21:03:57,CF311P16200,CF311P16200,897.0,0.0,0.0,0.0,1,435.0,1718.0,1,897.0,0.0,0.0,0.0,0.0,0.0,0
2023-05-09 21:03:58,CF311P16200,CF311P16200,897.0,0.0,0.0,0.0,12,436.0,1717.0,10,897.0,0.0,0.0,0.0,0.0,0.0,0
2023-05-09 21:03:58,CF311P16200,CF311P16200,897.0,0.0,0.0,0.0,1,439.0,1714.0,1,897.0,0.0,0.0,0.0,0.0,0.0,0
2023-05-09 21:03:59,CF311P16200,CF311P16200,897.0,0.0,0.0,0.0,10,440.0,1713.0,10,897.0,0.0,0.0,0.0,0.0,0.0,0
2023-05-09 21:03:59,CF311P16200,CF311P16200,897.0,0.0,0.0,0.0,12,440.0,1713.0,10,897.0,0.0,0.0,0.0,0.0,0.0,0
2023-05-09 21:03:59,CF311P16200,CF311P16200,897.0,0.0,0.0,0.0,1,443.0,1713.0,10,897.0,0.0,0.0,0.0,0.0,0.0,0
2023-05-09 21:04:00,CF311P16200,CF311P16200,897.0,0.0,0.0,0.0,12,444.0,1713.0,10,897.0,0.0,0.0,0.0,0.0,0.0,0
2023-05-09 21:04:01,CF311P16200,CF311P16200,897.0,0.0,0.0,0.0,1,447.0,1710.0,1,897.0,0.0,0.0,0.0,0.0,0.0,0
2023-05-09 21:04:01,CF311P16200,CF311P16200,897.0,0.0,0.0,0.0,12,448.0,1709.0,10,897.0,0.0,0.0,0.0,0.0,0.0,0
2023-05-09 21:04:04,CF311P16200,CF311P16200,897.0,0.0,0.0,0.0,1,451.0,1709.0,10,897.0,0.0,0.0,0.0,0.0,0.0,0
2023-05-09 21:04:04,CF311P16200,CF311P16200,897.0,0.0,0.0,0.0,12,452.0,1709.0,10,897.0,0.0,0.0,0.0,0.0,0.0,0
2023-05-09 21:04:08,CF311P16200,CF311P16200,897.0,0.0,0.0,0.0,1,455.0,1706.0,1,897.0,0.0,0.0,0.0,0.0,0.0,0
2023-05-09 21:04:08,CF311P16200,CF311P16200,897.0,0.0,0.0,0.0,12,456.0,1705.0,10,897.0,0.0,0.0,0.0,0.0,0.0,0
2023-05-09 21:04:09,CF311P16200,CF311P16200,897.0,0.0,0.0,0.0,1,459.0,1702.0,1,897.0,0.0,0.0,0.0,0.0,0.0,0
2023-05-09 21:04:10,CF311P16200,CF311P16200,897.0,0.0,0.0,0.0,12,460.0,1701.0,10,897.0,0.0,0.0,0.0,0.0,0.0,0
2023-05-09 21:04:13,CF311P16200,CF311P16200,897.0,0.0,0.0,0.0,1,463.0,1698.0,1,897.0,0.0,0.0,0.0,0.0,0.0,0
2023-05-09 21:04:14,CF311P16200,CF311P16200,897.0,0.0,0.0,0.0,12,464.0,1697.0,10,897.0,0.0,0.0,0.0,0.0,0.0,0
2023-05-09 21:04:16,CF311P16200,CF311P16200,897.0,0.0,0.0,0.0,1,467.0,1694.0,1,897.0,0.0,0.0,0.0,0.0,0.0,0
2023-05-09 21:04:17,CF311P16200,CF311P16200,897.0,0.0,0.0,0.0,12,468.0,1693.0,10,897.0,0.0,0.0,0.0,0.0,0.0,0
2023-05-09 21:04:17,CF311P16200,CF311P16200,897.0,0.0,0.0,0.0,1,471.0,1690.0,1,897.0,0.0,0.0,0.0,0.0,0.0,0
2023-05-09 21:04:18,CF311P16200,CF311P16200,897.0,0.0,0.0,0.0,12,472.0,1689.0,10,897.0,0.0,0.0,0.0,0.0,0.0,0
2023-05-09 21:04:23,CF311P16200,CF311P16200,897.0,0.0,0.0,0.0,1,475.0,1686.0,1,897.0,0.0,0.0,0.0,0.0,0.0,0
2023-05-09 21:04:24,CF311P16200,CF311P16200,897.0,0.0,0.0,0.0,2,483.0,1685.0,10,897.0,0.0,0.0,0.0,0.0,0.0,0
2023-05-09 21:04:24,CF311P16200,CF311P16200,897.0,0.0,0.0,0.0,10,484.0,1685.0,10,897.0,0.0,0.0,0.0,0.0,0.0,0
2023-05-09 21:04:25,CF311P16200,CF311P16200,897.0,0.0,0.0,0.0,2,492.0,1682.0,1,897.0,0.0,0.0,0.0,0.0,0.0,0
2023-05-09 21:04:25,CF311P16200,CF311P16200,897.0,0.0,0.0,0.0,10,493.0,1681.0,10,897.0,0.0,0.0,0.0,0.0,0.0,0
2023-05-09 21:04:26,CF311P16200,CF311P16200,897.0,0.0,0.0,0.0,2,494.0,1678.0,1,897.0,0.0,0.0,0.0,0.0,0.0,0
2023-05-09 21:04:26,CF311P16200,CF311P16200,897.0,0.0,0.0,0.0,10,498.0,1677.0,10,897.0,0.0,0.0,0.0,0.0,0.0,0
2023-05-09 21:04:27,CF311P16200,CF311P16200,897.0,0.0,0.0,0.0,2,499.0,1677.0,10,897.0,0.0,0.0,0.0,0.0,0.0,0
2023-05-09 21:04:27,CF311P16200,CF311P16200,897.0,0.0,0.0,0.0,10,500.0,1677.0,10,897.0,0.0,0.0,0.0,0.0,0.0,0
2023-05-09 21:04:28,CF311P16200,CF311P16200,897.0,0.0,0.0,0.0,1,503.0,1674.0,1,897.0,0.0,0.0,0.0,0.0,0.0,0
2023-05-09 21:04:29,CF311P16200,CF311P16200,897.0,0.0,0.0,0.0,12,504.0,1673.0,10,897.0,0.0,0.0,0.0,0.0,0.0,0
2023-05-09 21:04:32,CF311P16200,CF311P16200,897.0,0.0,0.0,0.0,1,507.0,1670.0,1,897.0,0.0,0.0,0.0,0.0,0.0,0
2023-05-09 21:04:33,CF311P16200,CF311P16200,897.0,0.0,0.0,0.0,12,508.0,1669.0,10,897.0,0.0,0.0,0.0,0.0,0.0,0
2023-05-09 21:04:33,CF311P16200,CF311P16200,897.0,0.0,0.0,0.0,1,511.0,1666.0,1,897.0,0.0,0.0,0.0,0.0,0.0,0
2023-05-09 21:04:33,CF311P16200,CF311P16200,897.0,0.0,0.0,0.0,10,512.0,1665.0,10,897.0,0.0,0.0,0.0,0.0,0.0,0
2023-05-09 21:04:34,CF311P16200,CF311P16200,897.0,0.0,0.0,0.0,12,512.0,1665.0,10,897.0,0.0,0.0,0.0,0.0,0.0,0
2023-05-09 21:04:34,CF311P16200,CF311P16200,897.0,0.0,0.0,0.0,1,515.0,1662.0,1,897.0,0.0,0.0,0.0,0.0,0.0,0
2023-05-09 21:04:35,CF311P16200,CF311P16200,897.0,0.0,0.0,0.0,10,516.0,1661.0,10,897.0,0.0,0.0,0.0,0.0,0.0,0
2023-05-09 21:04:35,CF311P16200,CF311P16200,897.0,0.0,0.0,0.0,1,519.0,1658.0,1,897.0,0.0,0.0,0.0,0.0,0.0,0
2023-05-09 21:04:36,CF311P16200,CF311P16200,897.0,0.0,0.0,0.0,10,520.0,1657.0,10,897.0,0.0,0.0,0.0,0.0,0.0,0
2023-05-09 21:04:36,CF311P16200,CF311P16200,897.0,0.0,0.0,0.0,2,521.0,1657.0,10,897.0,0.0,0.0,0.0,0.0,0.0,0
2023-05-09 21:04:37,CF311P16200,CF311P16200,897.0,0.0,0.0,0.0,1,524.0,1654.0,1,897.0,0.0,0.0,0.0,0.0,0.0,0
2023-05-09 21:04:38,CF311P16200,CF311P16200,897.0,0.0,0.0,0.0,12,525.0,1653.0,10,897.0,0.0,0.0,0.0,0.0,0.0,0
2023-05-09 21:04:38,CF311P16200,CF311P16200,897.0,0.0,0.0,0.0,1,528.0,1650.0,1,897.0,0.0,0.0,0.0,0.0,0.0,0
2023-05-09 21:04:39,CF311P16200,CF311P16200,897.0,0.0,0.0,0.0,12,529.0,1649.0,10,897.0,0.0,0.0,0.0,0.0,0.0,0
2023-05-09 21:04:41,CF311P16200,CF311P16200,897.0,0.0,0.0,0.0,1,532.0,1646.0,1,897.0,0.0,0.0,0.0,0.0,0.0,0
2023-05-09 21:04:42,CF311P16200,CF311P16200,897.0,0.0,0.0,0.0,12,533.0,1645.0,10,897.0,0.0,0.0,0.0,0.0,0.0,0
2023-05-09 21:04:42,CF311P16200,CF311P16200,897.0,0.0,0.0,0.0,1,536.0,1642.0,1,897.0,0.0,0.0,0.0,0.0,0.0,0
2023-05-09 21:04:43,CF311P16200,CF311P16200,897.0,0.0,0.0,0.0,12,537.0,1641.0,10,897.0,0.0,0.0,0.0,0.0,0.0,0
2023-05-09 21:04:43,CF311P16200,CF311P16200,897.0,0.0,0.0,0.0,1,540.0,1638.0,1,897.0,0.0,0.0,0.0,0.0,0.0,0
2023-05-09 21:04:44,CF311P16200,CF311P16200,897.0,0.0,0.0,0.0,12,541.0,1637.0,10,897.0,0.0,0.0,0.0,0.0,0.0,0
2023-05-09 21:04:48,CF311P16200,CF311P16200,897.0,0.0,0.0,0.0,1,544.0,1634.0,1,897.0,0.0,0.0,0.0,0.0,0.0,0
2023-05-09 21:04:49,CF311P16200,CF311P16200,897.0,0.0,0.0,0.0,12,545.0,1633.0,10,897.0,0.0,0.0,0.0,0.0,0.0,0
2023-05-09 21:04:50,CF311P16200,CF311P16200,897.0,0.0,0.0,0.0,1,548.0,1630.0,1,897.0,0.0,0.0,0.0,0.0,0.0,0
2023-05-09 21:04:51,CF311P16200,CF311P16200,897.0,0.0,0.0,0.0,12,549.0,1629.0,10,897.0,0.0,0.0,0.0,0.0,0.0,0
2023-05-09 21:04:51,CF311P16200,CF311P16200,897.0,0.0,0.0,0.0,1,552.0,1626.0,1,897.0,0.0,0.0,0.0,0.0,0.0,0
2023-05-09 21:04:52,CF311P16200,CF311P16200,897.0,0.0,0.0,0.0,12,553.0,1625.0,10,897.0,0.0,0.0,0.0,0.0,0.0,0
2023-05-09 21:04:52,CF311P16200,CF311P16200,897.0,0.0,0.0,0.0,1,556.0,1622.0,1,897.0,0.0,0.0,0.0,0.0,0.0,0
2023-05-09 21:04:53,CF311P16200,CF311P16200,897.0,0.0,0.0,0.0,12,557.0,1621.0,10,897.0,0.0,0.0,0.0,0.0,0.0,0
2023-05-09 21:04:53,CF311P16200,CF311P16200,897.0,0.0,0.0,0.0,1,560.0,1618.0,1,897.0,0.0,0.0,0.0,0.0,0.0,0
2023-05-09 21:04:54,CF311P16200,CF311P16200,897.0,0.0,0.0,0.0,12,561.0,1617.0,10,897.0,0.0,0.0,0.0,0.0,0.0,0
2023-05-09 21:04:57,CF311P16200,CF311P16200,897.0,0.0,0.0,0.0,1,564.0,1614.0,1,897.0,0.0,0.0,0.0,0.0,0.0,0
2023-05-09 21:04:58,CF311P16200,CF311P16200,897.0,0.0,0.0,0.0,12,565.0,1613.0,10,897.0,0.0,0.0,0.0,0.0,0.0,0
2023-05-09 21:04:58,CF311P16200,CF311P16200,897.0,0.0,0.0,0.0,1,568.0,1610.0,1,897.0,0.0,0.0,0.0,0.0,0.0,0
2023-05-09 21:04:58,CF311P16200,CF311P16200,897.0,0.0,0.0,0.0,10,569.0,1609.0,10,897.0,0.0,0.0,0.0,0.0,0.0,0
2023-05-09 21:04:59,CF311P16200,CF311P16200,897.0,0.0,0.0,0.0,1,572.0,1606.0,1,897.0,0.0,0.0,0.0,0.0,0.0,0
2023-05-09 21:05:00,CF311P16200,CF311P16200,897.0,0.0,0.0,0.0,10,573.0,1605.0,10,897.0,0.0,0.0,0.0,0.0,0.0,0
2023-05-09 21:05:01,CF311P16200,CF311P16200,897.0,0.0,0.0,0.0,1,576.0,1605.0,10,897.0,0.0,0.0,0.0,0.0,0.0,0
2023-05-09 21:05:01,CF311P16200,CF311P16200,897.0,0.0,0.0,0.0,10,577.0,1605.0,10,897.0,0.0,0.0,0.0,0.0,0.0,0
2023-05-09 21:05:02,CF311P16200,CF311P16200,897.0,0.0,0.0,0.0,1,580.0,1602.0,1,897.0,0.0,0.0,0.0,0.0,0.0,0
2023-05-09 21:05:02,CF311P16200,CF311P16200,897.0,0.0,0.0,0.0,10,581.0,1601.0,10,897.0,0.0,0.0,0.0,0.0,0.0,0
2023-05-09 21:05:03,CF311P16200,CF311P16200,897.0,0.0,0.0,0.0,1,584.0,1598.0,1,897.0,0.0,0.0,0.0,0.0,0.0,0
2023-05-09 21:05:03,CF311P16200,CF311P16200,897.0,0.0,0.0,0.0,10,585.0,1597.0,10,897.0,0.0,0.0,0.0,0.0,0.0,0
2023-05-09 21:05:03,CF311P16200,CF311P16200,897.0,0.0,0.0,0.0,1,584.0,1598.0,1,897.0,0.0,0.0,0.0,0.0,0.0,0
2023-05-09 21:05:04,CF311P16200,CF311P16200,897.0,0.0,0.0,0.0,1,588.0,1594.0,1,897.0,0.0,0.0,0.0,0.0,0.0,0
2023-05-09 21:05:04,CF311P16200,CF311P16200,897.0,0.0,0.0,0.0,10,589.0,1593.0,10,897.0,0.0,0.0,0.0,0.0,0.0,0
2023-05-09 21:05:05,CF311P16200,CF311P16200,897.0,0.0,0.0,0.0,1,592.0,1590.0,1,897.0,0.0,0.0,0.0,0.0,0.0,0
2023-05-09 21:05:05,CF311P16200,CF311P16200,897.0,0.0,0.0,0.0,10,593.0,1589.0,10,897.0,0.0,0.0,0.0,0.0,0.0,0
2023-05-09 21:05:07,CF311P16200,CF311P16200,897.0,0.0,0.0,0.0,1,596.0,1586.0,1,897.0,0.0,0.0,0.0,0.0,0.0,0
2023-05-09 21:05:07,CF311P16200,CF311P16200,897.0,0.0,0.0,0.0,10,597.0,1585.0,10,897.0,0.0,0.0,0.0,0.0,0.0,0
2023-05-09 21:05:08,CF311P16200,CF311P16200,897.0,0.0,0.0,0.0,1,600.0,1582.0,1,897.0,0.0,0.0,0.0,0.0,0.0,0
2023-05-09 21:05:08,CF311P16200,CF311P16200,897.0,0.0,0.0,0.0,10,601.0,1581.0,10,897.0,0.0,0.0,0.0,0.0,0.0,0
2023-05-09 21:05:09,CF311P16200,CF311P16200,897.0,0.0,0.0,0.0,1,604.0,1578.0,1,897.0,0.0,0.0,0.0,0.0,0.0,0
2023-05-09 21:05:09,CF311P16200,CF311P16200,897.0,0.0,0.0,0.0,10,605.0,1577.0,10,897.0,0.0,0.0,0.0,0.0,0.0,0
2023-05-09 21:05:11,CF311P16200,CF311P16200,897.0,0.0,0.0,0.0,1,608.0,1574.0,1,897.0,0.0,0.0,0.0,0.0,0.0,0
2023-05-09 21:05:11,CF311P16200,CF311P16200,897.0,0.0,0.0,0.0,10,609.0,1573.0,10,897.0,0.0,0.0,0.0,0.0,0.0,0
2023-05-09 21:05:12,CF311P16200,CF311P16200,897.0,0.0,0.0,0.0,1,612.0,1570.0,1,897.0,0.0,0.0,0.0,0.0,0.0,0
2023-05-09 21:05:12,CF311P16200,CF311P16200,897.0,0.0,0.0,0.0,10,613.0,1569.0,10,897.0,0.0,0.0,0.0,0.0,0.0,0
2023-05-09 21:05:14,CF311P16200,CF311P16200,897.0,0.0,0.0,0.0,1,616.0,1566.0,1,897.0,0.0,0.0,0.0,0.0,0.0,0
2023-05-09 21:05:14,CF311P16200,CF311P16200,897.0,0.0,0.0,0.0,10,617.0,1565.0,10,897.0,0.0,0.0,0.0,0.0,0.0,0
2023-05-09 21:05:15,CF311P16200,CF311P16200,897.0,0.0,0.0,0.0,1,620.0,1562.0,1,897.0,0.0,0.0,0.0,0.0,0.0,0
2023-05-09 21:05:15,CF311P16200,CF311P16200,897.0,0.0,0.0,0.0,10,621.0,1561.0,10,897.0,0.0,0.0,0.0,0.0,0.0,0
2023-05-09 21:05:16,CF311P16200,CF311P16200,897.0,0.0,0.0,0.0,1,624.0,1558.0,1,897.0,0.0,0.0,0.0,0.0,0.0,0
2023-05-09 21:05:16,CF311P16200,CF311P16200,897.0,0.0,0.0,0.0,10,625.0,1557.0,10,897.0,0.0,0.0,0.0,0.0,0.0,0
2023-05-09 21:05:17,CF311P16200,CF311P16200,897.0,0.0,0.0,0.0,1,628.0,1554.0,1,897.0,0.0,0.0,0.0,0.0,0.0,0
2023-05-09 21:05:17,CF311P16200,CF311P16200,897.0,0.0,0.0,0.0,10,629.0,1553.0,10,897.0,0.0,0.0,0.0,0.0,0.0,0
2023-05-09 21:05:18,CF311P16200,CF311P16200,897.0,0.0,0.0,0.0,1,632.0,1550.0,1,897.0,0.0,0.0,0.0,0.0,0.0,0
2023-05-09 21:05:18,CF311P16200,CF311P16200,897.0,0.0,0.0,0.0,10,633.0,1549.0,10,897.0,0.0,0.0,0.0,0.0,0.0,0
2023-05-09 21:05:19,CF311P16200,CF311P16200,897.0,0.0,0.0,0.0,1,636.0,1546.0,1,897.0,0.0,0.0,0.0,0.0,0.0,0
2023-05-09 21:05:19,CF311P16200,CF311P16200,897.0,0.0,0.0,0.0,10,637.0,1545.0,10,897.0,0.0,0.0,0.0,0.0,0.0,0
2023-05-09 21:05:20,CF311P16200,CF311P16200,897.0,0.0,0.0,0.0,1,640.0,1542.0,1,897.0,0.0,0.0,0.0,0.0,0.0,0
2023-05-09 21:05:20,CF311P16200,CF311P16200,897.0,0.0,0.0,0.0,10,641.0,1541.0,10,897.0,0.0,0.0,0.0,0.0,0.0,0
2023-05-09 21:05:21,CF311P16200,CF311P16200,897.0,0.0,0.0,0.0,1,644.0,1538.0,1,897.0,0.0,0.0,0.0,0.0,0.0,0
2023-05-09 21:05:21,CF311P16200,CF311P16200,897.0,0.0,0.0,0.0,10,645.0,1537.0,10,897.0,0.0,0.0,0.0,0.0,0.0,0
2023-05-09 21:05:23,CF311P16200,CF311P16200,897.0,0.0,0.0,0.0,1,648.0,1534.0,1,897.0,0.0,0.0,0.0,0.0,0.0,0
2023-05-09 21:05:23,CF311P16200,CF311P16200,897.0,0.0,0.0,0.0,10,649.0,1533.0,10,897.0,0.0,0.0,0.0,0.0,0.0,0
2023-05-09 21:05:23,CF311P16200,CF311P16200,897.0,0.0,0.0,0.0,1,648.0,1534.0,1,897.0,0.0,0.0,0.0,0.0,0.0,0
2023-05-09 21:05:25,CF311P16200,CF311P16200,897.0,0.0,0.0,0.0,1,652.0,1530.0,1,897.0,0.0,0.0,0.0,0.0,0.0,0
2023-05-09 21:05:25,CF311P16200,CF311P16200,897.0,0.0,0.0,0.0,10,653.0,1529.0,10,897.0,0.0,0.0,0.0,0.0,0.0,0
2023-05-09 21:05:26,CF311P16200,CF311P16200,897.0,0.0,0.0,0.0,1,656.0,1526.0,1,897.0,0.0,0.0,0.0,0.0,0.0,0
2023-05-09 21:05:26,CF311P16200,CF311P16200,897.0,0.0,0.0,0.0,10,657.0,1525.0,10,897.0,0.0,0.0,0.0,0.0,0.0,0
2023-05-09 21:05:27,CF311P16200,CF311P16200,897.0,0.0,0.0,0.0,1,660.0,1525.0,10,897.0,0.0,0.0,0.0,0.0,0.0,0
2023-05-09 21:05:27,CF311P16200,CF311P16200,897.0,0.0,0.0,0.0,10,661.0,1525.0,10,897.0,0.0,0.0,0.0,0.0,0.0,0
2023-05-09 21:05:27,CF311P16200,CF311P16200,897.0,0.0,0.0,0.0,1,660.0,1525.0,10,897.0,0.0,0.0,0.0,0.0,0.0,0
2023-05-09 21:05:27,CF311P16200,CF311P16200,897.0,0.0,0.0,0.0,10,661.0,1525.0,10,897.0,0.0,0.0,0.0,0.0,0.0,0
2023-05-09 21:24:59,CF311P16200,CF311P16200,897.0,0.0,0.0,0.0,1,664.0,1522.0,1,897.0,0.0,0.0,0.0,0.0,0.0,0
2023-05-09 21:25:00,CF311P16200,CF311P16200,897.0,0.0,0.0,0.0,10,665.0,1521.0,10,897.0,0.0,0.0,0.0,0.0,0.0,0
2023-05-09 21:25:00,CF311P16200,CF311P16200,897.0,0.0,0.0,0.0,1,668.0,1518.0,1,897.0,0.0,0.0,0.0,0.0,0.0,0
2023-05-09 21:25:01,CF311P16200,CF311P16200,897.0,0.0,0.0,0.0,10,669.0,1517.0,10,897.0,0.0,0.0,0.0,0.0,0.0,0
2023-05-09 21:25:01,CF311P16200,CF311P16200,897.0,0.0,0.0,0.0,1,672.0,1514.0,1,897.0,0.0,0.0,0.0,0.0,0.0,0
2023-05-09 21:25:02,CF311P16200,CF311P16200,897.0,0.0,0.0,0.0,10,673.0,1513.0,10,897.0,0.0,0.0,0.0,0.0,0.0,0
2023-05-09 21:25:02,CF311P16200,CF311P16200,897.0,0.0,0.0,0.0,1,676.0,1510.0,1,897.0,0.0,0.0,0.0,0.0,0.0,0
2023-05-09 21:25:03,CF311P16200,CF311P16200,897.0,0.0,0.0,0.0,10,677.0,1509.0,10,897.0,0.0,0.0,0.0,0.0,0.0,0
2023-05-09 21:25:03,CF311P16200,CF311P16200,897.0,0.0,0.0,0.0,10,677.0,1506.0,1,897.0,0.0,0.0,0.0,0.0,0.0,0
2023-05-09 21:25:04,CF311P16200,CF311P16200,897.0,0.0,0.0,0.0,10,677.0,1505.0,10,897.0,0.0,0.0,0.0,0.0,0.0,0
2023-05-09 21:44:59,CF311P16200,CF311P16200,897.0,0.0,0.0,0.0,1,680.0,1502.0,1,897.0,0.0,0.0,0.0,0.0,0.0,0
2023-05-09 21:45:00,CF311P16200,CF311P16200,897.0,0.0,0.0,0.0,10,681.0,1501.0,10,897.0,0.0,0.0,0.0,0.0,0.0,0
2023-05-09 21:45:00,CF311P16200,CF311P16200,897.0,0.0,0.0,0.0,1,684.0,1498.0,1,897.0,0.0,0.0,0.0,0.0,0.0,0
2023-05-09 21:45:01,CF311P16200,CF311P16200,897.0,0.0,0.0,0.0,10,685.0,1497.0,10,897.0,0.0,0.0,0.0,0.0,0.0,0
2023-05-09 21:45:01,CF311P16200,CF311P16200,897.0,0.0,0.0,0.0,1,688.0,1494.0,1,897.0,0.0,0.0,0.0,0.0,0.0,0
2023-05-09 21:45:02,CF311P16200,CF311P16200,897.0,0.0,0.0,0.0,10,689.0,1493.0,10,897.0,0.0,0.0,0.0,0.0,0.0,0
2023-05-09 21:45:02,CF311P16200,CF311P16200,897.0,0.0,0.0,0.0,1,692.0,1490.0,1,897.0,0.0,0.0,0.0,0.0,0.0,0
2023-05-09 21:45:03,CF311P16200,CF311P16200,897.0,0.0,0.0,0.0,10,693.0,1489.0,10,897.0,0.0,0.0,0.0,0.0,0.0,0
2023-05-09 21:45:03,CF311P16200,CF311P16200,897.0,0.0,0.0,0.0,1,696.0,1486.0,1,897.0,0.0,0.0,0.0,0.0,0.0,0
2023-05-09 21:45:04,CF311P16200,CF311P16200,897.0,0.0,0.0,0.0,10,697.0,1485.0,10,897.0,0.0,0.0,0.0,0.0,0.0,0
2023-05-09 21:45:04,CF311P16200,CF311P16200,897.0,0.0,0.0,0.0,10,697.0,1482.0,1,897.0,0.0,0.0,0.0,0.0,0.0,0
2023-05-09 21:45:05,CF311P16200,CF311P16200,897.0,0.0,0.0,0.0,10,697.0,1481.0,10,897.0,0.0,0.0,0.0,0.0,0.0,0
2023-05-09 22:04:59,CF311P16200,CF311P16200,897.0,0.0,0.0,0.0,10,697.0,1478.0,1,897.0,0.0,0.0,0.0,0.0,0.0,0
2023-05-09 22:05:00,CF311P16200,CF311P16200,897.0,0.0,0.0,0.0,10,697.0,1477.0,10,897.0,0.0,0.0,0.0,0.0,0.0,0
2023-05-09 22:05:00,CF311P16200,CF311P16200,897.0,0.0,0.0,0.0,10,697.0,1474.0,1,897.0,0.0,0.0,0.0,0.0,0.0,0
2023-05-09 22:05:01,CF311P16200,CF311P16200,897.0,0.0,0.0,0.0,10,697.0,1473.0,10,897.0,0.0,0.0,0.0,0.0,0.0,0
2023-05-09 22:05:01,CF311P16200,CF311P16200,897.0,0.0,0.0,0.0,10,697.0,1470.0,1,897.0,0.0,0.0,0.0,0.0,0.0,0
2023-05-09 22:05:02,CF311P16200,CF311P16200,897.0,0.0,0.0,0.0,10,697.0,1469.0,10,897.0,0.0,0.0,0.0,0.0,0.0,0
2023-05-09 22:05:02,CF311P16200,CF311P16200,897.0,0.0,0.0,0.0,10,697.0,1466.0,1,897.0,0.0,0.0,0.0,0.0,0.0,0
2023-05-09 22:05:03,CF311P16200,CF311P16200,897.0,0.0,0.0,0.0,10,697.0,1465.0,10,897.0,0.0,0.0,0.0,0.0,0.0,0
2023-05-09 22:05:03,CF311P16200,CF311P16200,897.0,0.0,0.0,0.0,10,697.0,1462.0,1,897.0,0.0,0.0,0.0,0.0,0.0,0
2023-05-09 22:05:04,CF311P16200,CF311P16200,897.0,0.0,0.0,0.0,10,697.0,1461.0,10,897.0,0.0,0.0,0.0,0.0,0.0,0
2023-05-09 22:05:04,CF311P16200,CF311P16200,897.0,0.0,0.0,0.0,10,697.0,1458.0,1,897.0,0.0,0.0,0.0,0.0,0.0,0
2023-05-09 22:05:05,CF311P16200,CF311P16200,897.0,0.0,0.0,0.0,10,697.0,1457.0,10,897.0,0.0,0.0,0.0,0.0,0.0,0
2023-05-09 22:05:05,CF311P16200,CF311P16200,897.0,0.0,0.0,0.0,10,697.0,1454.0,1,897.0,0.0,0.0,0.0,0.0,0.0,0
2023-05-09 22:05:06,CF311P16200,CF311P16200,897.0,0.0,0.0,0.0,10,697.0,1453.0,10,897.0,0.0,0.0,0.0,0.0,0.0,0
2023-05-09 22:05:06,CF311P16200,CF311P16200,897.0,0.0,0.0,0.0,10,697.0,1450.0,1,897.0,0.0,0.0,0.0,0.0,0.0,0
2023-05-09 22:05:07,CF311P16200,CF311P16200,897.0,0.0,0.0,0.0,10,697.0,1449.0,10,897.0,0.0,0.0,0.0,0.0,0.0,0
2023-05-09 22:05:07,CF311P16200,CF311P16200,897.0,0.0,0.0,0.0,10,697.0,1446.0,1,897.0,0.0,0.0,0.0,0.0,0.0,0
2023-05-09 22:05:08,CF311P16200,CF311P16200,897.0,0.0,0.0,0.0,10,697.0,1445.0,10,897.0,0.0,0.0,0.0,0.0,0.0,0
2023-05-09 22:24:59,CF311P16200,CF311P16200,897.0,0.0,0.0,0.0,10,697.0,1442.0,1,897.0,0.0,0.0,0.0,0.0,0.0,0
2023-05-09 22:25:00,CF311P16200,CF311P16200,897.0,0.0,0.0,0.0,10,697.0,1441.0,10,897.0,0.0,0.0,0.0,0.0,0.0,0
2023-05-09 22:25:00,CF311P16200,CF311P16200,897.0,0.0,0.0,0.0,10,697.0,1438.0,1,897.0,0.0,0.0,0.0,0.0,0.0,0
2023-05-09 22:25:01,CF311P16200,CF311P16200,897.0,0.0,0.0,0.0,10,697.0,1437.0,10,897.0,0.0,0.0,0.0,0.0,0.0,0
2023-05-09 22:25:01,CF311P16200,CF311P16200,897.0,0.0,0.0,0.0,10,697.0,1434.0,1,897.0,0.0,0.0,0.0,0.0,0.0,0
2023-05-09 22:25:02,CF311P16200,CF311P16200,897.0,0.0,0.0,0.0,10,697.0,1433.0,10,897.0,0.0,0.0,0.0,0.0,0.0,0
2023-05-09 22:25:02,CF311P16200,CF311P16200,897.0,0.0,0.0,0.0,10,697.0,1430.0,1,897.0,0.0,0.0,0.0,0.0,0.0,0
2023-05-09 22:25:03,CF311P16200,CF311P16200,897.0,0.0,0.0,0.0,10,697.0,1429.0,10,897.0,0.0,0.0,0.0,0.0,0.0,0
2023-05-09 22:25:03,CF311P16200,CF311P16200,897.0,0.0,0.0,0.0,10,697.0,1426.0,1,897.0,0.0,0.0,0.0,0.0,0.0,0
2023-05-09 22:25:04,CF311P16200,CF311P16200,897.0,0.0,0.0,0.0,10,697.0,1425.0,10,897.0,0.0,0.0,0.0,0.0,0.0,0
2023-05-09 22:25:04,CF311P16200,CF311P16200,897.0,0.0,0.0,0.0,10,697.0,1422.0,1,897.0,0.0,0.0,0.0,0.0,0.0,0
2023-05-09 22:25:05,CF311P16200,CF311P16200,897.0,0.0,0.0,0.0,10,697.0,1421.0,10,897.0,0.0,0.0,0.0,0.0,0.0,0
2023-05-09 22:25:05,CF311P16200,CF311P16200,897.0,0.0,0.0,0.0,10,697.0,1418.0,1,897.0,0.0,0.0,0.0,0.0,0.0,0
2023-05-09 22:25:06,CF311P16200,CF311P16200,897.0,0.0,0.0,0.0,10,697.0,1417.0,10,897.0,0.0,0.0,0.0,0.0,0.0,0
2023-05-09 22:25:06,CF311P16200,CF311P16200,897.0,0.0,0.0,0.0,10,697.0,1414.0,1,897.0,0.0,0.0,0.0,0.0,0.0,0
2023-05-09 22:25:07,CF311P16200,CF311P16200,897.0,0.0,0.0,0.0,10,697.0,1413.0,10,897.0,0.0,0.0,0.0,0.0,0.0,0
2023-05-09 22:25:07,CF311P16200,CF311P16200,897.0,0.0,0.0,0.0,10,697.0,1410.0,1,897.0,0.0,0.0,0.0,0.0,0.0,0
2023-05-09 22:25:08,CF311P16200,CF311P16200,897.0,0.0,0.0,0.0,10,697.0,1409.0,10,897.0,0.0,0.0,0.0,0.0,0.0,0
2023-05-09 22:25:08,CF311P16200,CF311P16200,897.0,0.0,0.0,0.0,10,697.0,1406.0,1,897.0,0.0,0.0,0.0,0.0,0.0,0
2023-05-09 22:25:09,CF311P16200,CF311P16200,897.0,0.0,0.0,0.0,10,697.0,1405.0,10,897.0,0.0,0.0,0.0,0.0,0.0,0
2023-05-09 22:57:35,CF311P16200,CF311P16200,897.0,0.0,0.0,0.0,1,246.0,0.0,0,897.0,0.0,0.0,0.0,0.0,0.0,0
2023-05-09 22:59:38,CF311P16200,CF311P16200,897.0,0.0,0.0,0.0,1,16.0,0.0,0,897.0,0.0,0.0,0.0,0.0,0.0,0
2023-05-09 22:59:45,CF311P16200,CF311P16200,897.0,0.0,0.0,0.0,1,5.0,0.0,0,897.0,0.0,0.0,0.0,0.0,0.0,0
2023-05-10 09:00:07,CF311P16200,CF311P16200,897.0,0.0,0.0,0.0,1,6.0,0.0,0,897.0,0.0,0.0,0.0,0.0,0.0,0
2023-05-10 09:00:24,CF311P16200,CF311P16200,897.0,0.0,0.0,0.0,1,207.0,0.0,0,897.0,0.0,0.0,0.0,0.0,0.0,0
2023-05-10 09:01:39,CF311P16200,CF311P16200,897.0,0.0,0.0,0.0,10,208.0,0.0,0,897.0,0.0,0.0,0.0,0.0,0.0,0
2023-05-10 09:01:47,CF311P16200,CF311P16200,897.0,0.0,0.0,0.0,2,209.0,0.0,0,897.0,0.0,0.0,0.0,0.0,0.0,0
2023-05-10 09:01:47,CF311P16200,CF311P16200,897.0,0.0,0.0,0.0,10,213.0,1853.0,10,897.0,0.0,0.0,0.0,0.0,0.0,0
2023-05-10 09:01:49,CF311P16200,CF311P16200,897.0,0.0,0.0,0.0,1,216.0,1850.0,1,897.0,0.0,0.0,0.0,0.0,0.0,0
2023-05-10 09:01:49,CF311P16200,CF311P16200,897.0,0.0,0.0,0.0,10,217.0,1849.0,10,897.0,0.0,0.0,0.0,0.0,0.0,0
2023-05-10 09:01:51,CF311P16200,CF311P16200,897.0,0.0,0.0,0.0,1,220.0,1846.0,1,897.0,0.0,0.0,0.0,0.0,0.0,0
2023-05-10 09:01:52,CF311P16200,CF311P16200,897.0,0.0,0.0,0.0,10,221.0,1845.0,10,897.0,0.0,0.0,0.0,0.0,0.0,0
2023-05-10 09:01:56,CF311P16200,CF311P16200,897.0,0.0,0.0,0.0,1,224.0,1842.0,1,897.0,0.0,0.0,0.0,0.0,0.0,0
2023-05-10 09:01:56,CF311P16200,CF311P16200,897.0,0.0,0.0,0.0,10,225.0,1841.0,10,897.0,0.0,0.0,0.0,0.0,0.0,0
2023-05-10 09:01:57,CF311P16200,CF311P16200,897.0,0.0,0.0,0.0,2,233.0,1841.0,10,897.0,0.0,0.0,0.0,0.0,0.0,0
2023-05-10 09:01:57,CF311P16200,CF311P16200,897.0,0.0,0.0,0.0,10,237.0,1838.0,1,897.0,0.0,0.0,0.0,0.0,0.0,0
2023-05-10 09:01:58,CF311P16200,CF311P16200,897.0,0.0,0.0,0.0,10,237.0,1837.0,10,897.0,0.0,0.0,0.0,0.0,0.0,0
2023-05-10 09:02:00,CF311P16200,CF311P16200,897.0,0.0,0.0,0.0,1,240.0,1834.0,1,897.0,0.0,0.0,0.0,0.0,0.0,0
2023-05-10 09:02:01,CF311P16200,CF311P16200,897.0,0.0,0.0,0.0,10,241.0,1833.0,10,897.0,0.0,0.0,0.0,0.0,0.0,0
2023-05-10 09:02:02,CF311P16200,CF311P16200,897.0,0.0,0.0,0.0,1,244.0,1830.0,1,897.0,0.0,0.0,0.0,0.0,0.0,0
2023-05-10 09:02:03,CF311P16200,CF311P16200,897.0,0.0,0.0,0.0,10,245.0,1829.0,10,897.0,0.0,0.0,0.0,0.0,0.0,0
2023-05-10 09:02:04,CF311P16200,CF311P16200,897.0,0.0,0.0,0.0,2,246.0,1829.0,10,897.0,0.0,0.0,0.0,0.0,0.0,0
2023-05-10 09:02:05,CF311P16200,CF311P16200,897.0,0.0,0.0,0.0,10,208.0,1829.0,10,897.0,0.0,0.0,0.0,0.0,0.0,0
2023-05-10 09:02:07,CF311P16200,CF311P16200,897.0,0.0,0.0,0.0,2,224.0,1829.0,10,897.0,0.0,0.0,0.0,0.0,0.0,0
2023-05-10 09:02:08,CF311P16200,CF311P16200,897.0,0.0,0.0,0.0,10,225.0,1829.0,10,897.0,0.0,0.0,0.0,0.0,0.0,0
2023-05-10 09:02:09,CF311P16200,CF311P16200,897.0,0.0,0.0,0.0,2,233.0,1829.0,10,897.0,0.0,0.0,0.0,0.0,0.0,0
2023-05-10 09:02:09,CF311P16200,CF311P16200,897.0,0.0,0.0,0.0,10,208.0,1829.0,10,897.0,0.0,0.0,0.0,0.0,0.0,0
2023-05-10 09:02:10,CF311P16200,CF311P16200,897.0,0.0,0.0,0.0,1,207.0,1829.0,10,897.0,0.0,0.0,0.0,0.0,0.0,0
2023-05-10 09:02:10,CF311P16200,CF311P16200,897.0,0.0,0.0,0.0,10,208.0,1829.0,10,897.0,0.0,0.0,0.0,0.0,0.0,0
2023-05-10 09:02:10,CF311P16200,CF311P16200,897.0,0.0,0.0,0.0,2,224.0,1829.0,10,897.0,0.0,0.0,0.0,0.0,0.0,0
2023-05-10 09:02:11,CF311P16200,CF311P16200,897.0,0.0,0.0,0.0,10,208.0,1829.0,10,897.0,0.0,0.0,0.0,0.0,0.0,0
2023-05-10 09:02:12,CF311P16200,CF311P16200,897.0,0.0,0.0,0.0,1,207.0,1829.0,10,897.0,0.0,0.0,0.0,0.0,0.0,0
2023-05-10 09:02:12,CF311P16200,CF311P16200,897.0,0.0,0.0,0.0,10,208.0,1829.0,10,897.0,0.0,0.0,0.0,0.0,0.0,0
2023-05-10 09:02:13,CF311P16200,CF311P16200,897.0,0.0,0.0,0.0,2,224.0,1829.0,10,897.0,0.0,0.0,0.0,0.0,0.0,0
2023-05-10 09:02:13,CF311P16200,CF311P16200,897.0,0.0,0.0,0.0,10,208.0,1829.0,10,897.0,0.0,0.0,0.0,0.0,0.0,0
2023-05-10 09:02:14,CF311P16200,CF311P16200,897.0,0.0,0.0,0.0,2,224.0,1829.0,10,897.0,0.0,0.0,0.0,0.0,0.0,0
2023-05-10 09:02:14,CF311P16200,CF311P16200,897.0,0.0,0.0,0.0,2,240.0,1829.0,10,897.0,0.0,0.0,0.0,0.0,0.0,0
2023-05-10 09:02:15,CF311P16200,CF311P16200,897.0,0.0,0.0,0.0,2,248.0,1829.0,10,897.0,0.0,0.0,0.0,0.0,0.0,0
2023-05-10 09:02:16,CF311P16200,CF311P16200,897.0,0.0,0.0,0.0,2,256.0,1826.0,1,897.0,0.0,0.0,0.0,0.0,0.0,0
2023-05-10 09:02:16,CF311P16200,CF311P16200,897.0,0.0,0.0,0.0,10,260.0,1825.0,10,897.0,0.0,0.0,0.0,0.0,0.0,0
2023-05-10 09:02:17,CF311P16200,CF311P16200,897.0,0.0,0.0,0.0,2,261.0,1825.0,10,897.0,0.0,0.0,0.0,0.0,0.0,0
2023-05-10 09:02:18,CF311P16200,CF311P16200,897.0,0.0,0.0,0.0,2,262.0,1825.0,10,897.0,0.0,0.0,0.0,0.0,0.0,0
2023-05-10 09:02:18,CF311P16200,CF311P16200,897.0,0.0,0.0,0.0,10,266.0,1822.0,1,897.0,0.0,0.0,0.0,0.0,0.0,0
2023-05-10 09:02:18,CF311P16200,CF311P16200,897.0,0.0,0.0,0.0,10,266.0,1821.0,10,897.0,0.0,0.0,0.0,0.0,0.0,0
2023-05-10 09:02:19,CF311P16200,CF311P16200,897.0,0.0,0.0,0.0,1,269.0,1818.0,1,897.0,0.0,0.0,0.0,0.0,0.0,0
2023-05-10 09:02:19,CF311P16200,CF311P16200,897.0,0.0,0.0,0.0,10,270.0,1817.0,10,897.0,0.0,0.0,0.0,0.0,0.0,0
2023-05-10 09:02:20,CF311P16200,CF311P16200,897.0,0.0,0.0,0.0,2,271.0,1817.0,10,897.0,0.0,0.0,0.0,0.0,0.0,0
2023-05-10 09:02:21,CF311P16200,CF311P16200,897.0,0.0,0.0,0.0,2,272.0,1817.0,10,897.0,0.0,0.0,0.0,0.0,0.0,0
2023-05-10 09:02:21,CF311P16200,CF311P16200,897.0,0.0,0.0,0.0,10,208.0,1817.0,10,897.0,0.0,0.0,0.0,0.0,0.0,0
2023-05-10 09:02:22,CF311P16200,CF311P16200,897.0,0.0,0.0,0.0,1,207.0,1817.0,10,897.0,0.0,0.0,0.0,0.0,0.0,0
2023-05-10 09:02:22,CF311P16200,CF311P16200,897.0,0.0,0.0,0.0,1,210.0,1814.0,1,897.0,0.0,0.0,0.0,0.0,0.0,0
2023-05-10 09:02:23,CF311P16200,CF311P16200,897.0,0.0,0.0,0.0,2,226.0,1813.0,10,897.0,0.0,0.0,0.0,0.0,0.0,0
2023-05-10 09:02:23,CF311P16200,CF311P16200,897.0,0.0,0.0,0.0,10,208.0,1813.0,10,897.0,0.0,0.0,0.0,0.0,0.0,0
2023-05-10 09:02:25,CF311P16200,CF311P16200,897.0,0.0,0.0,0.0,2,224.0,1813.0,10,897.0,0.0,0.0,0.0,0.0,0.0,0
2023-05-10 09:02:25,CF311P16200,CF311P16200,897.0,0.0,0.0,0.0,10,208.0,1813.0,10,897.0,0.0,0.0,0.0,0.0,0.0,0
2023-05-10 09:02:26,CF311P16200,CF311P16200,897.0,0.0,0.0,0.0,2,224.0,1813.0,10,897.0,0.0,0.0,0.0,0.0,0.0,0
2023-05-10 09:02:26,CF311P16200,CF311P16200,897.0,0.0,0.0,0.0,10,208.0,1813.0,10,897.0,0.0,0.0,0.0,0.0,0.0,0
2023-05-10 09:02:28,CF311P16200,CF311P16200,897.0,0.0,0.0,0.0,2,224.0,1810.0,1,897.0,0.0,0.0,0.0,0.0,0.0,0
2023-05-10 09:02:28,CF311P16200,CF311P16200,897.0,0.0,0.0,0.0,10,225.0,1809.0,10,897.0,0.0,0.0,0.0,0.0,0.0,0
2023-05-10 09:02:28,CF311P16200,CF311P16200,897.0,0.0,0.0,0.0,1,228.0,1806.0,1,897.0,0.0,0.0,0.0,0.0,0.0,0
2023-05-10 09:02:29,CF311P16200,CF311P16200,897.0,0.0,0.0,0.0,10,229.0,1805.0,10,897.0,0.0,0.0,0.0,0.0,0.0,0
2023-05-10 09:02:30,CF311P16200,CF311P16200,897.0,0.0,0.0,0.0,2,245.0,1805.0,10,897.0,0.0,0.0,0.0,0.0,0.0,0
2023-05-10 09:02:30,CF311P16200,CF311P16200,897.0,0.0,0.0,0.0,2,261.0,1805.0,10,897.0,0.0,0.0,0.0,0.0,0.0,0
2023-05-10 09:02:30,CF311P16200,CF311P16200,897.0,0.0,0.0,0.0,1,264.0,1802.0,1,897.0,0.0,0.0,0.0,0.0,0.0,0
2023-05-10 09:02:31,CF311P16200,CF311P16200,897.0,0.0,0.0,0.0,1,264.0,1801.0,10,897.0,0.0,0.0,0.0,0.0,0.0,0
2023-05-10 09:02:31,CF311P16200,CF311P16200,897.0,0.0,0.0,0.0,10,265.0,1801.0,10,897.0,0.0,0.0,0.0,0.0,0.0,0
2023-05-10 09:02:33,CF311P16200,CF311P16200,897.0,0.0,0.0,0.0,2,281.0,1801.0,10,897.0,0.0,0.0,0.0,0.0,0.0,0
2023-05-10 09:02:33,CF311P16200,CF311P16200,897.0,0.0,0.0,0.0,10,208.0,1801.0,10,897.0,0.0,0.0,0.0,0.0,0.0,0
2023-05-10 09:02:34,CF311P16200,CF311P16200,897.0,0.0,0.0,0.0,2,224.0,1798.0,1,897.0,0.0,0.0,0.0,0.0,0.0,0
2023-05-10 09:02:34,CF311P16200,CF311P16200,897.0,0.0,0.0,0.0,10,225.0,1797.0,10,897.0,0.0,0.0,0.0,0.0,0.0,0
2023-05-10 09:02:35,CF311P16200,CF311P16200,897.0,0.0,0.0,0.0,2,241.0,1797.0,10,897.0,0.0,0.0,0.0,0.0,0.0,0
2023-05-10 09:02:35,CF311P16200,CF311P16200,897.0,0.0,0.0,0.0,10,242.0,1797.0,10,897.0,0.0,0.0,0.0,0.0,0.0,0
2023-05-10 09:02:36,CF311P16200,CF311P16200,897.0,0.0,0.0,0.0,2,258.0,1797.0,10,897.0,0.0,0.0,0.0,0.0,0.0,0
2023-05-10 09:02:36,CF311P16200,CF311P16200,897.0,0.0,0.0,0.0,10,208.0,1797.0,10,897.0,0.0,0.0,0.0,0.0,0.0,0
2023-05-10 09:02:37,CF311P16200,CF311P16200,897.0,0.0,0.0,0.0,2,224.0,1794.0,1,897.0,0.0,0.0,0.0,0.0,0.0,0
2023-05-10 09:02:38,CF311P16200,CF311P16200,897.0,0.0,0.0,0.0,2,240.0,1793.0,10,897.0,0.0,0.0,0.0,0.0,0.0,0
2023-05-10 09:02:38,CF311P16200,CF311P16200,897.0,0.0,0.0,0.0,10,244.0,1790.0,1,897.0,0.0,0.0,0.0,0.0,0.0,0
2023-05-10 09:02:39,CF311P16200,CF311P16200,897.0,0.0,0.0,0.0,2,260.0,1789.0,10,897.0,0.0,0.0,0.0,0.0,0.0,0
2023-05-10 09:02:39,CF311P16200,CF311P16200,897.0,0.0,0.0,0.0,10,261.0,1786.0,1,897.0,0.0,0.0,0.0,0.0,0.0,0
2023-05-10 09:02:39,CF311P16200,CF311P16200,897.0,0.0,0.0,0.0,10,261.0,1785.0,10,897.0,0.0,0.0,0.0,0.0,0.0,0
2023-05-10 09:02:40,CF311P16200,CF311P16200,897.0,0.0,0.0,0.0,2,277.0,1785.0,10,897.0,0.0,0.0,0.0,0.0,0.0,0
2023-05-10 09:02:40,CF311P16200,CF311P16200,897.0,0.0,0.0,0.0,10,278.0,1785.0,10,897.0,0.0,0.0,0.0,0.0,0.0,0
2023-05-10 09:02:41,CF311P16200,CF311P16200,897.0,0.0,0.0,0.0,2,294.0,1782.0,1,897.0,0.0,0.0,0.0,0.0,0.0,0
2023-05-10 09:02:41,CF311P16200,CF311P16200,897.0,0.0,0.0,0.0,10,295.0,1781.0,10,897.0,0.0,0.0,0.0,0.0,0.0,0
2023-05-10 09:02:42,CF311P16200,CF311P16200,897.0,0.0,0.0,0.0,2,311.0,1781.0,10,897.0,0.0,0.0,0.0,0.0,0.0,0
2023-05-10 09:02:42,CF311P16200,CF311P16200,897.0,0.0,0.0,0.0,10,312.0,1781.0,10,897.0,0.0,0.0,0.0,0.0,0.0,0
2023-05-10 09:02:43,CF311P16200,CF311P16200,897.0,0.0,0.0,0.0,1,315.0,1778.0,1,897.0,0.0,0.0,0.0,0.0,0.0,0
2023-05-10 09:02:44,CF311P16200,CF311P16200,897.0,0.0,0.0,0.0,12,316.0,1777.0,10,897.0,0.0,0.0,0.0,0.0,0.0,0
2023-05-10 09:02:46,CF311P16200,CF311P16200,897.0,0.0,0.0,0.0,1,319.0,1774.0,1,897.0,0.0,0.0,0.0,0.0,0.0,0
2023-05-10 09:02:47,CF311P16200,CF311P16200,897.0,0.0,0.0,0.0,12,320.0,1773.0,10,897.0,0.0,0.0,0.0,0.0,0.0,0
2023-05-10 09:02:47,CF311P16200,CF311P16200,897.0,0.0,0.0,0.0,1,323.0,1770.0,1,897.0,0.0,0.0,0.0,0.0,0.0,0
2023-05-10 09:02:47,CF311P16200,CF311P16200,897.0,0.0,0.0,0.0,10,324.0,1769.0,10,897.0,0.0,0.0,0.0,0.0,0.0,0
2023-05-10 09:02:48,CF311P16200,CF311P16200,897.0,0.0,0.0,0.0,1,327.0,1766.0,1,897.0,0.0,0.0,0.0,0.0,0.0,0
2023-05-10 09:02:48,CF311P16200,CF311P16200,897.0,0.0,0.0,0.0,10,328.0,1765.0,10,897.0,0.0,0.0,0.0,0.0,0.0,0
2023-05-10 09:02:49,CF311P16200,CF311P16200,897.0,0.0,0.0,0.0,2,329.0,1765.0,10,897.0,0.0,0.0,0.0,0.0,0.0,0
2023-05-10 09:02:49,CF311P16200,CF311P16200,897.0,0.0,0.0,0.0,10,330.0,1765.0,10,897.0,0.0,0.0,0.0,0.0,0.0,0
2023-05-10 09:02:50,CF311P16200,CF311P16200,897.0,0.0,0.0,0.0,2,331.0,1765.0,10,897.0,0.0,0.0,0.0,0.0,0.0,0
2023-05-10 09:02:50,CF311P16200,CF311P16200,897.0,0.0,0.0,0.0,10,332.0,1765.0,10,897.0,0.0,0.0,0.0,0.0,0.0,0
2023-05-10 09:02:51,CF311P16200,CF311P16200,897.0,0.0,0.0,0.0,2,333.0,1765.0,10,897.0,0.0,0.0,0.0,0.0,0.0,0
2023-05-10 09:02:52,CF311P16200,CF311P16200,897.0,0.0,0.0,0.0,10,334.0,1765.0,10,897.0,0.0,0.0,0.0,0.0,0.0,0
2023-05-10 09:02:52,CF311P16200,CF311P16200,897.0,0.0,0.0,0.0,1,337.0,1762.0,1,897.0,0.0,0.0,0.0,0.0,0.0,0
2023-05-10 09:02:53,CF311P16200,CF311P16200,897.0,0.0,0.0,0.0,10,338.0,1761.0,10,897.0,0.0,0.0,0.0,0.0,0.0,0
2023-05-10 09:02:54,CF311P16200,CF311P16200,897.0,0.0,0.0,0.0,2,339.0,1761.0,10,897.0,0.0,0.0,0.0,0.0,0.0,0
2023-05-10 09:02:54,CF311P16200,CF311P16200,897.0,0.0,0.0,0.0,10,340.0,1761.0,10,897.0,0.0,0.0,0.0,0.0,0.0,0
2023-05-10 09:02:55,CF311P16200,CF311P16200,897.0,0.0,0.0,0.0,2,341.0,1761.0,10,897.0,0.0,0.0,0.0,0.0,0.0,0
2023-05-10 09:02:55,CF311P16200,CF311P16200,897.0,0.0,0.0,0.0,10,342.0,1761.0,10,897.0,0.0,0.0,0.0,0.0,0.0,0
2023-05-10 09:02:55,CF311P16200,CF311P16200,897.0,0.0,0.0,0.0,1,345.0,1758.0,1,897.0,0.0,0.0,0.0,0.0,0.0,0
2023-05-10 09:02:56,CF311P16200,CF311P16200,897.0,0.0,0.0,0.0,12,346.0,1757.0,10,897.0,0.0,0.0,0.0,0.0,0.0,0
2023-05-10 09:02:59,CF311P16200,CF311P16200,897.0,0.0,0.0,0.0,1,349.0,1757.0,10,897.0,0.0,0.0,0.0,0.0,0.0,0
2023-05-10 09:03:00,CF311P16200,CF311P16200,897.0,0.0,0.0,0.0,10,350.0,1757.0,10,897.0,0.0,0.0,0.0,0.0,0.0,0
2023-05-10 09:03:00,CF311P16200,CF311P16200,897.0,0.0,0.0,0.0,12,350.0,1757.0,10,897.0,0.0,0.0,0.0,0.0,0.0,0
2023-05-10 09:03:03,CF311P16200,CF311P16200,897.0,0.0,0.0,0.0,1,353.0,1754.0,1,897.0,0.0,0.0,0.0,0.0,0.0,0
2023-05-10 09:03:04,CF311P16200,CF311P16200,897.0,0.0,0.0,0.0,12,354.0,1753.0,10,897.0,0.0,0.0,0.0,0.0,0.0,0
2023-05-10 09:03:11,CF311P16200,CF311P16200,897.0,0.0,0.0,0.0,1,357.0,1750.0,1,897.0,0.0,0.0,0.0,0.0,0.0,0
2023-05-10 09:03:12,CF311P16200,CF311P16200,897.0,0.0,0.0,0.0,12,358.0,1749.0,10,897.0,0.0,0.0,0.0,0.0,0.0,0
2023-05-10 09:03:18,CF311P16200,CF311P16200,897.0,0.0,0.0,0.0,1,361.0,1749.0,10,897.0,0.0,0.0,0.0,0.0,0.0,0
2023-05-10 09:03:19,CF311P16200,CF311P16200,897.0,0.0,0.0,0.0,2,369.0,1749.0,10,897.0,0.0,0.0,0.0,0.0,0.0,0
2023-05-10 09:03:19,CF311P16200,CF311P16200,897.0,0.0,0.0,0.0,10,373.0,1749.0,10,897.0,0.0,0.0,0.0,0.0,0.0,0
2023-05-10 09:03:20,CF311P16200,CF311P16200,897.0,0.0,0.0,0.0,2,374.0,1749.0,10,897.0,0.0,0.0,0.0,0.0,0.0,0
2023-05-10 09:03:20,CF311P16200,CF311P16200,897.0,0.0,0.0,0.0,10,378.0,1746.0,1,897.0,0.0,0.0,0.0,0.0,0.0,0
2023-05-10 09:03:20,CF311P16200,CF311P16200,897.0,0.0,0.0,0.0,10,378.0,1745.0,10,897.0,0.0,0.0,0.0,0.0,0.0,0
2023-05-10 09:03:21,CF311P16200,CF311P16200,897.0,0.0,0.0,0.0,1,381.0,1742.0,1,897.0,0.0,0.0,0.0,0.0,0.0,0
2023-05-10 09:03:21,CF311P16200,CF311P16200,897.0,0.0,0.0,0.0,10,382.0,1741.0,10,897.0,0.0,0.0,0.0,0.0,0.0,0
2023-05-10 09:03:22,CF311P16200,CF311P16200,897.0,0.0,0.0,0.0,10,382.0,1738.0,1,897.0,0.0,0.0,0.0,0.0,0.0,0
2023-05-10 09:03:22,CF311P16200,CF311P16200,897.0,0.0,0.0,0.0,10,382.0,1737.0,10,897.0,0.0,0.0,0.0,0.0,0.0,0
2023-05-10 09:03:25,CF311P16200,CF311P16200,897.0,0.0,0.0,0.0,2,383.0,1737.0,10,897.0,0.0,0.0,0.0,0.0,0.0,0
2023-05-10 09:03:25,CF311P16200,CF311P16200,897.0,0.0,0.0,0.0,10,384.0,1737.0,10,897.0,0.0,0.0,0.0,0.0,0.0,0
2023-05-10 09:03:27,CF311P16200,CF311P16200,897.0,0.0,0.0,0.0,2,385.0,1737.0,10,897.0,0.0,0.0,0.0,0.0,0.0,0
2023-05-10 09:03:27,CF311P16200,CF311P16200,897.0,0.0,0.0,0.0,10,388.0,1734.0,1,897.0,0.0,0.0,0.0,0.0,0.0,0
2023-05-10 09:03:27,CF311P16200,CF311P16200,897.0,0.0,0.0,0.0,1,391.0,1733.0,10,897.0,0.0,0.0,0.0,0.0,0.0,0
2023-05-10 09:03:28,CF311P16200,CF311P16200,897.0,0.0,0.0,0.0,10,392.0,1730.0,1,897.0,0.0,0.0,0.0,0.0,0.0,0
2023-05-10 09:03:28,CF311P16200,CF311P16200,897.0,0.0,0.0,0.0,1,395.0,1729.0,10,897.0,0.0,0.0,0.0,0.0,0.0,0
2023-05-10 09:03:29,CF311P16200,CF311P16200,897.0,0.0,0.0,0.0,10,396.0,1726.0,1,897.0,0.0,0.0,0.0,0.0,0.0,0
2023-05-10 09:03:30,CF311P16200,CF311P16200,897.0,0.0,0.0,0.0,2,397.0,1725.0,10,897.0,0.0,0.0,0.0,0.0,0.0,0
2023-05-10 09:03:30,CF311P16200,CF311P16200,897.0,0.0,0.0,0.0,10,398.0,1722.0,1,897.0,0.0,0.0,0.0,0.0,0.0,0
2023-05-10 09:03:30,CF311P16200,CF311P16200,897.0,0.0,0.0,0.0,10,398.0,1721.0,10,897.0,0.0,0.0,0.0,0.0,0.0,0
2023-05-10 09:03:33,CF311P16200,CF311P16200,897.0,0.0,0.0,0.0,2,399.0,1721.0,10,897.0,0.0,0.0,0.0,0.0,0.0,0
2023-05-10 09:03:33,CF311P16200,CF311P16200,897.0,0.0,0.0,0.0,10,400.0,1721.0,10,897.0,0.0,0.0,0.0,0.0,0.0,0
2023-05-10 09:03:34,CF311P16200,CF311P16200,897.0,0.0,0.0,0.0,2,401.0,1721.0,10,897.0,0.0,0.0,0.0,0.0,0.0,0
2023-05-10 09:03:34,CF311P16200,CF311P16200,897.0,0.0,0.0,0.0,10,402.0,1721.0,10,897.0,0.0,0.0,0.0,0.0,0.0,0
2023-05-10 09:03:36,CF311P16200,CF311P16200,897.0,0.0,0.0,0.0,2,403.0,1721.0,10,897.0,0.0,0.0,0.0,0.0,0.0,0
2023-05-10 09:03:36,CF311P16200,CF311P16200,897.0,0.0,0.0,0.0,10,404.0,1721.0,10,897.0,0.0,0.0,0.0,0.0,0.0,0
2023-05-10 09:03:37,CF311P16200,CF311P16200,897.0,0.0,0.0,0.0,2,405.0,1721.0,10,897.0,0.0,0.0,0.0,0.0,0.0,0
2023-05-10 09:03:37,CF311P16200,CF311P16200,897.0,0.0,0.0,0.0,1,408.0,1718.0,1,897.0,0.0,0.0,0.0,0.0,0.0,0
2023-05-10 09:03:38,CF311P16200,CF311P16200,897.0,0.0,0.0,0.0,12,409.0,1717.0,10,897.0,0.0,0.0,0.0,0.0,0.0,0
2023-05-10 09:03:40,CF311P16200,CF311P16200,897.0,0.0,0.0,0.0,1,412.0,1714.0,1,897.0,0.0,0.0,0.0,0.0,0.0,0
2023-05-10 09:03:41,CF311P16200,CF311P16200,897.0,0.0,0.0,0.0,12,413.0,1713.0,10,897.0,0.0,0.0,0.0,0.0,0.0,0
2023-05-10 09:03:42,CF311P16200,CF311P16200,897.0,0.0,0.0,0.0,1,416.0,1710.0,1,897.0,0.0,0.0,0.0,0.0,0.0,0
2023-05-10 09:03:43,CF311P16200,CF311P16200,897.0,0.0,0.0,0.0,12,417.0,1709.0,10,897.0,0.0,0.0,0.0,0.0,0.0,0
2023-05-10 09:03:43,CF311P16200,CF311P16200,897.0,0.0,0.0,0.0,12,417.0,1706.0,1,897.0,0.0,0.0,0.0,0.0,0.0,0
2023-05-10 09:03:44,CF311P16200,CF311P16200,897.0,0.0,0.0,0.0,12,417.0,1705.0,10,897.0,0.0,0.0,0.0,0.0,0.0,0
2023-05-10 09:03:46,CF311P16200,CF311P16200,897.0,0.0,0.0,0.0,1,420.0,1705.0,10,897.0,0.0,0.0,0.0,0.0,0.0,0
2023-05-10 09:03:47,CF311P16200,CF311P16200,897.0,0.0,0.0,0.0,10,421.0,1705.0,10,897.0,0.0,0.0,0.0,0.0,0.0,0
2023-05-10 09:03:48,CF311P16200,CF311P16200,897.0,0.0,0.0,0.0,2,422.0,1705.0,10,897.0,0.0,0.0,0.0,0.0,0.0,0
2023-05-10 09:03:48,CF311P16200,CF311P16200,897.0,0.0,0.0,0.0,10,423.0,1705.0,10,897.0,0.0,0.0,0.0,0.0,0.0,0
2023-05-10 09:03:49,CF311P16200,CF311P16200,897.0,0.0,0.0,0.0,1,426.0,1702.0,1,897.0,0.0,0.0,0.0,0.0,0.0,0
2023-05-10 09:03:50,CF311P16200,CF311P16200,897.0,0.0,0.0,0.0,10,427.0,1701.0,10,897.0,0.0,0.0,0.0,0.0,0.0,0
2023-05-10 09:03:53,CF311P16200,CF311P16200,897.0,0.0,0.0,0.0,2,428.0,1701.0,10,897.0,0.0,0.0,0.0,0.0,0.0,0
2023-05-10 09:03:53,CF311P16200,CF311P16200,897.0,0.0,0.0,0.0,10,429.0,1701.0,10,897.0,0.0,0.0,0.0,0.0,0.0,0
2023-05-10 09:03:54,CF311P16200,CF311P16200,897.0,0.0,0.0,0.0,2,430.0,1701.0,10,897.0,0.0,0.0,0.0,0.0,0.0,0
2023-05-10 09:03:54,CF311P16200,CF311P16200,897.0,0.0,0.0,0.0,10,431.0,1701.0,10,897.0,0.0,0.0,0.0,0.0,0.0,0
2023-05-10 09:03:57,CF311P16200,CF311P16200,897.0,0.0,0.0,0.0,1,434.0,1698.0,1,897.0,0.0,0.0,0.0,0.0,0.0,0
2023-05-10 09:03:57,CF311P16200,CF311P16200,897.0,0.0,0.0,0.0,10,435.0,1697.0,10,897.0,0.0,0.0,0.0,0.0,0.0,0
2023-05-10 09:03:59,CF311P16200,CF311P16200,897.0,0.0,0.0,0.0,2,436.0,1697.0,10,897.0,0.0,0.0,0.0,0.0,0.0,0
2023-05-10 09:03:59,CF311P16200,CF311P16200,897.0,0.0,0.0,0.0,10,437.0,1697.0,10,897.0,0.0,0.0,0.0,0.0,0.0,0
2023-05-10 09:04:00,CF311P16200,CF311P16200,897.0,0.0,0.0,0.0,2,438.0,1697.0,10,897.0,0.0,0.0,0.0,0.0,0.0,0
2023-05-10 09:04:00,CF311P16200,CF311P16200,897.0,0.0,0.0,0.0,10,442.0,1697.0,10,897.0,0.0,0.0,0.0,0.0,0.0,0
2023-05-10 09:04:08,CF311P16200,CF311P16200,897.0,0.0,0.0,0.0,1,445.0,1694.0,1,897.0,0.0,0.0,0.0,0.0,0.0,0
2023-05-10 09:04:08,CF311P16200,CF311P16200,897.0,0.0,0.0,0.0,10,446.0,1693.0,10,897.0,0.0,0.0,0.0,0.0,0.0,0
2023-05-10 09:04:10,CF311P16200,CF311P16200,897.0,0.0,0.0,0.0,10,446.0,1690.0,1,897.0,0.0,0.0,0.0,0.0,0.0,0
2023-05-10 09:04:10,CF311P16200,CF311P16200,897.0,0.0,0.0,0.0,10,446.0,1689.0,10,897.0,0.0,0.0,0.0,0.0,0.0,0
2023-05-10 09:04:12,CF311P16200,CF311P16200,897.0,0.0,0.0,0.0,1,449.0,1686.0,1,897.0,0.0,0.0,0.0,0.0,0.0,0
2023-05-10 09:04:12,CF311P16200,CF311P16200,897.0,0.0,0.0,0.0,10,450.0,1685.0,10,897.0,0.0,0.0,0.0,0.0,0.0,0
2023-05-10 09:04:19,CF311P16200,CF311P16200,897.0,0.0,0.0,0.0,1,453.0,1682.0,1,897.0,0.0,0.0,0.0,0.0,0.0,0
2023-05-10 09:04:19,CF311P16200,CF311P16200,897.0,0.0,0.0,0.0,10,454.0,1681.0,10,897.0,0.0,0.0,0.0,0.0,0.0,0
2023-05-10 09:04:26,CF311P16200,CF311P16200,897.0,0.0,0.0,0.0,1,457.0,1678.0,1,897.0,0.0,0.0,0.0,0.0,0.0,0
2023-05-10 09:04:26,CF311P16200,CF311P16200,897.0,0.0,0.0,0.0,10,458.0,1677.0,10,897.0,0.0,0.0,0.0,0.0,0.0,0
2023-05-10 09:04:29,CF311P16200,CF311P16200,897.0,0.0,0.0,0.0,1,461.0,1674.0,1,897.0,0.0,0.0,0.0,0.0,0.0,0
2023-05-10 09:04:29,CF311P16200,CF311P16200,897.0,0.0,0.0,0.0,10,462.0,1673.0,10,897.0,0.0,0.0,0.0,0.0,0.0,0
2023-05-10 09:04:30,CF311P16200,CF311P16200,897.0,0.0,0.0,0.0,1,465.0,1673.0,10,897.0,0.0,0.0,0.0,0.0,0.0,0
2023-05-10 09:04:30,CF311P16200,CF311P16200,897.0,0.0,0.0,0.0,10,466.0,1670.0,1,897.0,0.0,0.0,0.0,0.0,0.0,0
2023-05-10 09:04:31,CF311P16200,CF311P16200,897.0,0.0,0.0,0.0,10,466.0,1669.0,10,897.0,0.0,0.0,0.0,0.0,0.0,0
2023-05-10 09:04:32,CF311P16200,CF311P16200,897.0,0.0,0.0,0.0,1,469.0,1669.0,10,897.0,0.0,0.0,0.0,0.0,0.0,0
2023-05-10 09:04:33,CF311P16200,CF311P16200,897.0,0.0,0.0,0.0,10,470.0,1666.0,1,897.0,0.0,0.0,0.0,0.0,0.0,0
2023-05-10 09:04:33,CF311P16200,CF311P16200,897.0,0.0,0.0,0.0,10,470.0,1665.0,10,897.0,0.0,0.0,0.0,0.0,0.0,0
2023-05-10 09:04:35,CF311P16200,CF311P16200,897.0,0.0,0.0,0.0,2,471.0,1665.0,10,897.0,0.0,0.0,0.0,0.0,0.0,0
2023-05-10 09:04:35,CF311P16200,CF311P16200,897.0,0.0,0.0,0.0,10,472.0,1665.0,10,897.0,0.0,0.0,0.0,0.0,0.0,0
2023-05-10 09:04:35,CF311P16200,CF311P16200,897.0,0.0,0.0,0.0,1,475.0,1665.0,10,897.0,0.0,0.0,0.0,0.0,0.0,0
2023-05-10 09:04:36,CF311P16200,CF311P16200,897.0,0.0,0.0,0.0,10,476.0,1665.0,10,897.0,0.0,0.0,0.0,0.0,0.0,0
2023-05-10 09:04:36,CF311P16200,CF311P16200,897.0,0.0,0.0,0.0,1,479.0,1662.0,1,897.0,0.0,0.0,0.0,0.0,0.0,0
2023-05-10 09:04:37,CF311P16200,CF311P16200,897.0,0.0,0.0,0.0,10,480.0,1661.0,10,897.0,0.0,0.0,0.0,0.0,0.0,0
2023-05-10 09:04:37,CF311P16200,CF311P16200,897.0,0.0,0.0,0.0,1,483.0,1658.0,1,897.0,0.0,0.0,0.0,0.0,0.0,0
2023-05-10 09:04:38,CF311P16200,CF311P16200,897.0,0.0,0.0,0.0,10,484.0,1657.0,10,897.0,0.0,0.0,0.0,0.0,0.0,0
2023-05-10 09:04:41,CF311P16200,CF311P16200,897.0,0.0,0.0,0.0,2,485.0,1657.0,10,897.0,0.0,0.0,0.0,0.0,0.0,0
2023-05-10 09:04:41,CF311P16200,CF311P16200,897.0,0.0,0.0,0.0,10,486.0,1657.0,10,897.0,0.0,0.0,0.0,0.0,0.0,0
2023-05-10 09:04:41,CF311P16200,CF311P16200,897.0,0.0,0.0,0.0,1,489.0,1654.0,1,897.0,0.0,0.0,0.0,0.0,0.0,0
2023-05-10 09:04:42,CF311P16200,CF311P16200,897.0,0.0,0.0,0.0,10,490.0,1653.0,10,897.0,0.0,0.0,0.0,0.0,0.0,0
2023-05-10 09:04:42,CF311P16200,CF311P16200,897.0,0.0,0.0,0.0,1,493.0,1650.0,1,897.0,0.0,0.0,0.0,0.0,0.0,0
2023-05-10 09:04:43,CF311P16200,CF311P16200,897.0,0.0,0.0,0.0,10,494.0,1649.0,10,897.0,0.0,0.0,0.0,0.0,0.0,0
2023-05-10 09:04:43,CF311P16200,CF311P16200,897.0,0.0,0.0,0.0,1,497.0,1646.0,1,897.0,0.0,0.0,0.0,0.0,0.0,0
2023-05-10 09:04:44,CF311P16200,CF311P16200,897.0,0.0,0.0,0.0,10,498.0,1645.0,10,897.0,0.0,0.0,0.0,0.0,0.0,0
2023-05-10 09:04:44,CF311P16200,CF311P16200,897.0,0.0,0.0,0.0,1,501.0,1642.0,1,897.0,0.0,0.0,0.0,0.0,0.0,0
2023-05-10 09:04:45,CF311P16200,CF311P16200,897.0,0.0,0.0,0.0,10,502.0,1641.0,10,897.0,0.0,0.0,0.0,0.0,0.0,0
2023-05-10 09:04:45,CF311P16200,CF311P16200,897.0,0.0,0.0,0.0,1,505.0,1641.0,10,897.0,0.0,0.0,0.0,0.0,0.0,0
2023-05-10 09:04:46,CF311P16200,CF311P16200,897.0,0.0,0.0,0.0,10,506.0,1641.0,10,897.0,0.0,0.0,0.0,0.0,0.0,0
2023-05-10 09:04:47,CF311P16200,CF311P16200,897.0,0.0,0.0,0.0,1,509.0,1638.0,1,897.0,0.0,0.0,0.0,0.0,0.0,0
2023-05-10 09:04:48,CF311P16200,CF311P16200,897.0,0.0,0.0,0.0,10,510.0,1637.0,10,897.0,0.0,0.0,0.0,0.0,0.0,0
2023-05-10 09:04:51,CF311P16200,CF311P16200,897.0,0.0,0.0,0.0,1,513.0,1634.0,1,897.0,0.0,0.0,0.0,0.0,0.0,0
2023-05-10 09:04:52,CF311P16200,CF311P16200,897.0,0.0,0.0,0.0,10,514.0,1633.0,10,897.0,0.0,0.0,0.0,0.0,0.0,0
2023-05-10 09:04:52,CF311P16200,CF311P16200,897.0,0.0,0.0,0.0,1,517.0,1633.0,10,897.0,0.0,0.0,0.0,0.0,0.0,0
2023-05-10 09:04:53,CF311P16200,CF311P16200,897.0,0.0,0.0,0.0,10,518.0,1630.0,1,897.0,0.0,0.0,0.0,0.0,0.0,0
2023-05-10 09:04:53,CF311P16200,CF311P16200,897.0,0.0,0.0,0.0,10,518.0,1629.0,10,897.0,0.0,0.0,0.0,0.0,0.0,0
2023-05-10 09:04:54,CF311P16200,CF311P16200,897.0,0.0,0.0,0.0,1,521.0,1626.0,1,897.0,0.0,0.0,0.0,0.0,0.0,0
2023-05-10 09:04:54,CF311P16200,CF311P16200,897.0,0.0,0.0,0.0,10,522.0,1625.0,10,897.0,0.0,0.0,0.0,0.0,0.0,0
2023-05-10 09:04:56,CF311P16200,CF311P16200,897.0,0.0,0.0,0.0,1,525.0,1622.0,1,897.0,0.0,0.0,0.0,0.0,0.0,0
2023-05-10 09:04:56,CF311P16200,CF311P16200,897.0,0.0,0.0,0.0,10,526.0,1621.0,10,897.0,0.0,0.0,0.0,0.0,0.0,0
2023-05-10 09:04:58,CF311P16200,CF311P16200,897.0,0.0,0.0,0.0,1,529.0,1618.0,1,897.0,0.0,0.0,0.0,0.0,0.0,0
2023-05-10 09:04:58,CF311P16200,CF311P16200,897.0,0.0,0.0,0.0,10,530.0,1617.0,10,897.0,0.0,0.0,0.0,0.0,0.0,0
2023-05-10 09:04:59,CF311P16200,CF311P16200,897.0,0.0,0.0,0.0,1,533.0,1614.0,1,897.0,0.0,0.0,0.0,0.0,0.0,0
2023-05-10 09:04:59,CF311P16200,CF311P16200,897.0,0.0,0.0,0.0,10,534.0,1613.0,10,897.0,0.0,0.0,0.0,0.0,0.0,0
2023-05-10 09:05:00,CF311P16200,CF311P16200,897.0,0.0,0.0,0.0,1,537.0,1610.0,1,897.0,0.0,0.0,0.0,0.0,0.0,0
2023-05-10 09:05:00,CF311P16200,CF311P16200,897.0,0.0,0.0,0.0,10,538.0,1609.0,10,897.0,0.0,0.0,0.0,0.0,0.0,0
2023-05-10 09:05:02,CF311P16200,CF311P16200,897.0,0.0,0.0,0.0,1,541.0,1606.0,1,897.0,0.0,0.0,0.0,0.0,0.0,0
2023-05-10 09:05:02,CF311P16200,CF311P16200,897.0,0.0,0.0,0.0,10,542.0,1605.0,10,897.0,0.0,0.0,0.0,0.0,0.0,0
2023-05-10 09:05:04,CF311P16200,CF311P16200,897.0,0.0,0.0,0.0,1,545.0,1602.0,1,897.0,0.0,0.0,0.0,0.0,0.0,0
2023-05-10 09:05:04,CF311P16200,CF311P16200,897.0,0.0,0.0,0.0,10,546.0,1601.0,10,897.0,0.0,0.0,0.0,0.0,0.0,0
2023-05-10 09:05:05,CF311P16200,CF311P16200,897.0,0.0,0.0,0.0,1,549.0,1598.0,1,897.0,0.0,0.0,0.0,0.0,0.0,0
2023-05-10 09:05:05,CF311P16200,CF311P16200,897.0,0.0,0.0,0.0,10,550.0,1597.0,10,897.0,0.0,0.0,0.0,0.0,0.0,0
2023-05-10 09:05:06,CF311P16200,CF311P16200,897.0,0.0,0.0,0.0,1,553.0,1594.0,1,897.0,0.0,0.0,0.0,0.0,0.0,0
2023-05-10 09:05:06,CF311P16200,CF311P16200,897.0,0.0,0.0,0.0,10,554.0,1593.0,10,897.0,0.0,0.0,0.0,0.0,0.0,0
2023-05-10 09:05:07,CF311P16200,CF311P16200,897.0,0.0,0.0,0.0,1,557.0,1590.0,1,897.0,0.0,0.0,0.0,0.0,0.0,0
2023-05-10 09:05:07,CF311P16200,CF311P16200,897.0,0.0,0.0,0.0,10,558.0,1589.0,10,897.0,0.0,0.0,0.0,0.0,0.0,0
2023-05-10 09:05:08,CF311P16200,CF311P16200,897.0,0.0,0.0,0.0,1,561.0,1589.0,10,897.0,0.0,0.0,0.0,0.0,0.0,0
2023-05-10 09:05:08,CF311P16200,CF311P16200,897.0,0.0,0.0,0.0,10,562.0,1586.0,1,897.0,0.0,0.0,0.0,0.0,0.0,0
2023-05-10 09:05:09,CF311P16200,CF311P16200,897.0,0.0,0.0,0.0,1,565.0,1585.0,10,897.0,0.0,0.0,0.0,0.0,0.0,0
2023-05-10 09:05:09,CF311P16200,CF311P16200,897.0,0.0,0.0,0.0,10,566.0,1585.0,10,897.0,0.0,0.0,0.0,0.0,0.0,0
2023-05-10 09:05:10,CF311P16200,CF311P16200,897.0,0.0,0.0,0.0,1,569.0,1582.0,1,897.0,0.0,0.0,0.0,0.0,0.0,0
2023-05-10 09:05:10,CF311P16200,CF311P16200,897.0,0.0,0.0,0.0,10,570.0,1581.0,10,897.0,0.0,0.0,0.0,0.0,0.0,0
2023-05-10 09:05:11,CF311P16200,CF311P16200,897.0,0.0,0.0,0.0,1,573.0,1578.0,1,897.0,0.0,0.0,0.0,0.0,0.0,0
2023-05-10 09:05:11,CF311P16200,CF311P16200,897.0,0.0,0.0,0.0,10,574.0,1577.0,10,897.0,0.0,0.0,0.0,0.0,0.0,0
2023-05-10 09:05:12,CF311P16200,CF311P16200,897.0,0.0,0.0,0.0,1,577.0,1574.0,1,897.0,0.0,0.0,0.0,0.0,0.0,0
2023-05-10 09:05:12,CF311P16200,CF311P16200,897.0,0.0,0.0,0.0,10,578.0,1573.0,10,897.0,0.0,0.0,0.0,0.0,0.0,0
2023-05-10 09:05:13,CF311P16200,CF311P16200,897.0,0.0,0.0,0.0,1,581.0,1570.0,1,897.0,0.0,0.0,0.0,0.0,0.0,0
2023-05-10 09:05:13,CF311P16200,CF311P16200,897.0,0.0,0.0,0.0,10,582.0,1569.0,10,897.0,0.0,0.0,0.0,0.0,0.0,0
2023-05-10 09:05:14,CF311P16200,CF311P16200,897.0,0.0,0.0,0.0,1,585.0,1566.0,1,897.0,0.0,0.0,0.0,0.0,0.0,0
2023-05-10 09:05:14,CF311P16200,CF311P16200,897.0,0.0,0.0,0.0,10,586.0,1565.0,10,897.0,0.0,0.0,0.0,0.0,0.0,0
2023-05-10 09:05:15,CF311P16200,CF311P16200,897.0,0.0,0.0,0.0,1,589.0,1562.0,1,897.0,0.0,0.0,0.0,0.0,0.0,0
2023-05-10 09:05:15,CF311P16200,CF311P16200,897.0,0.0,0.0,0.0,10,590.0,1561.0,10,897.0,0.0,0.0,0.0,0.0,0.0,0
2023-05-10 09:05:16,CF311P16200,CF311P16200,897.0,0.0,0.0,0.0,1,593.0,1558.0,1,897.0,0.0,0.0,0.0,0.0,0.0,0
2023-05-10 09:05:16,CF311P16200,CF311P16200,897.0,0.0,0.0,0.0,10,594.0,1557.0,10,897.0,0.0,0.0,0.0,0.0,0.0,0
2023-05-10 09:05:17,CF311P16200,CF311P16200,897.0,0.0,0.0,0.0,1,597.0,1554.0,1,897.0,0.0,0.0,0.0,0.0,0.0,0
2023-05-10 09:05:17,CF311P16200,CF311P16200,897.0,0.0,0.0,0.0,10,598.0,1553.0,10,897.0,0.0,0.0,0.0,0.0,0.0,0
2023-05-10 09:05:18,CF311P16200,CF311P16200,897.0,0.0,0.0,0.0,1,601.0,1550.0,1,897.0,0.0,0.0,0.0,0.0,0.0,0
2023-05-10 09:05:18,CF311P16200,CF311P16200,897.0,0.0,0.0,0.0,10,602.0,1549.0,10,897.0,0.0,0.0,0.0,0.0,0.0,0
2023-05-10 09:05:20,CF311P16200,CF311P16200,897.0,0.0,0.0,0.0,1,605.0,1546.0,1,897.0,0.0,0.0,0.0,0.0,0.0,0
2023-05-10 09:05:20,CF311P16200,CF311P16200,897.0,0.0,0.0,0.0,10,606.0,1545.0,10,897.0,0.0,0.0,0.0,0.0,0.0,0
2023-05-10 09:05:21,CF311P16200,CF311P16200,897.0,0.0,0.0,0.0,1,609.0,1542.0,1,897.0,0.0,0.0,0.0,0.0,0.0,0
2023-05-10 09:05:21,CF311P16200,CF311P16200,897.0,0.0,0.0,0.0,10,610.0,1541.0,10,897.0,0.0,0.0,0.0,0.0,0.0,0
2023-05-10 09:05:22,CF311P16200,CF311P16200,897.0,0.0,0.0,0.0,1,613.0,1538.0,1,897.0,0.0,0.0,0.0,0.0,0.0,0
2023-05-10 09:05:22,CF311P16200,CF311P16200,897.0,0.0,0.0,0.0,10,614.0,1537.0,10,897.0,0.0,0.0,0.0,0.0,0.0,0
2023-05-10 09:05:23,CF311P16200,CF311P16200,897.0,0.0,0.0,0.0,1,617.0,1534.0,1,897.0,0.0,0.0,0.0,0.0,0.0,0
2023-05-10 09:05:23,CF311P16200,CF311P16200,897.0,0.0,0.0,0.0,10,618.0,1533.0,10,897.0,0.0,0.0,0.0,0.0,0.0,0
2023-05-10 09:05:24,CF311P16200,CF311P16200,897.0,0.0,0.0,0.0,1,621.0,1530.0,1,897.0,0.0,0.0,0.0,0.0,0.0,0
2023-05-10 09:05:24,CF311P16200,CF311P16200,897.0,0.0,0.0,0.0,10,622.0,1529.0,10,897.0,0.0,0.0,0.0,0.0,0.0,0
2023-05-10 09:24:59,CF311P16200,CF311P16200,897.0,0.0,0.0,0.0,1,625.0,1526.0,1,897.0,0.0,0.0,0.0,0.0,0.0,0
2023-05-10 09:25:00,CF311P16200,CF311P16200,897.0,0.0,0.0,0.0,10,626.0,1525.0,10,897.0,0.0,0.0,0.0,0.0,0.0,0
2023-05-10 09:25:00,CF311P16200,CF311P16200,897.0,0.0,0.0,0.0,1,629.0,1522.0,1,897.0,0.0,0.0,0.0,0.0,0.0,0
2023-05-10 09:25:01,CF311P16200,CF311P16200,897.0,0.0,0.0,0.0,10,630.0,1521.0,10,897.0,0.0,0.0,0.0,0.0,0.0,0
2023-05-10 09:25:01,CF311P16200,CF311P16200,897.0,0.0,0.0,0.0,10,630.0,1518.0,1,897.0,0.0,0.0,0.0,0.0,0.0,0
2023-05-10 09:25:02,CF311P16200,CF311P16200,897.0,0.0,0.0,0.0,10,630.0,1517.0,10,897.0,0.0,0.0,0.0,0.0,0.0,0
2023-05-10 09:25:02,CF311P16200,CF311P16200,897.0,0.0,0.0,0.0,10,630.0,1514.0,1,897.0,0.0,0.0,0.0,0.0,0.0,0
2023-05-10 09:25:03,CF311P16200,CF311P16200,897.0,0.0,0.0,0.0,10,630.0,1513.0,10,897.0,0.0,0.0,0.0,0.0,0.0,0
2023-05-10 09:25:03,CF311P16200,CF311P16200,897.0,0.0,0.0,0.0,10,630.0,1510.0,1,897.0,0.0,0.0,0.0,0.0,0.0,0
2023-05-10 09:25:04,CF311P16200,CF311P16200,897.0,0.0,0.0,0.0,10,630.0,1509.0,10,897.0,0.0,0.0,0.0,0.0,0.0,0
2023-05-10 09:25:04,CF311P16200,CF311P16200,897.0,0.0,0.0,0.0,10,630.0,1506.0,1,897.0,0.0,0.0,0.0,0.0,0.0,0
2023-05-10 09:25:05,CF311P16200,CF311P16200,897.0,0.0,0.0,0.0,10,630.0,1505.0,10,897.0,0.0,0.0,0.0,0.0,0.0,0
2023-05-10 09:25:05,CF311P16200,CF311P16200,897.0,0.0,0.0,0.0,10,630.0,1502.0,1,897.0,0.0,0.0,0.0,0.0,0.0,0
2023-05-10 09:25:06,CF311P16200,CF311P16200,897.0,0.0,0.0,0.0,10,630.0,1501.0,10,897.0,0.0,0.0,0.0,0.0,0.0,0
2023-05-10 09:25:06,CF311P16200,CF311P16200,897.0,0.0,0.0,0.0,10,630.0,1498.0,1,897.0,0.0,0.0,0.0,0.0,0.0,0
2023-05-10 09:25:07,CF311P16200,CF311P16200,897.0,0.0,0.0,0.0,10,630.0,1497.0,10,897.0,0.0,0.0,0.0,0.0,0.0,0
2023-05-10 09:34:23,CF311P16200,CF311P16200,897.0,0.0,0.0,0.0,1,207.0,0.0,0,897.0,0.0,0.0,0.0,0.0,0.0,0
2023-05-10 09:34:24,CF311P16200,CF311P16200,897.0,0.0,0.0,0.0,2,223.0,0.0,0,897.0,0.0,0.0,0.0,0.0,0.0,0
2023-05-10 09:35:32,CF311P16200,CF311P16200,897.0,0.0,0.0,0.0,10,224.0,0.0,0,897.0,0.0,0.0,0.0,0.0,0.0,0
2023-05-10 09:35:32,CF311P16200,CF311P16200,897.0,0.0,0.0,0.0,2,240.0,0.0,0,897.0,0.0,0.0,0.0,0.0,0.0,0
2023-05-10 09:35:33,CF311P16200,CF311P16200,897.0,0.0,0.0,0.0,10,241.0,0.0,0,897.0,0.0,0.0,0.0,0.0,0.0,0
2023-05-10 09:35:33,CF311P16200,CF311P16200,897.0,0.0,0.0,0.0,2,257.0,1853.0,10,897.0,0.0,0.0,0.0,0.0,0.0,0
2023-05-10 09:35:34,CF311P16200,CF311P16200,897.0,0.0,0.0,0.0,10,258.0,1853.0,10,897.0,0.0,0.0,0.0,0.0,0.0,0
2023-05-10 09:35:35,CF311P16200,CF311P16200,897.0,0.0,0.0,0.0,2,259.0,1853.0,10,897.0,0.0,0.0,0.0,0.0,0.0,0
2023-05-10 09:35:35,CF311P16200,CF311P16200,897.0,0.0,0.0,0.0,10,263.0,1850.0,1,897.0,0.0,0.0,0.0,0.0,0.0,0
2023-05-10 09:35:35,CF311P16200,CF311P16200,897.0,0.0,0.0,0.0,10,263.0,1849.0,10,897.0,0.0,0.0,0.0,0.0,0.0,0
2023-05-10 09:35:36,CF311P16200,CF311P16200,897.0,0.0,0.0,0.0,2,264.0,1846.0,1,897.0,0.0,0.0,0.0,0.0,0.0,0
2023-05-10 09:35:37,CF311P16200,CF311P16200,897.0,0.0,0.0,0.0,10,268.0,1845.0,10,897.0,0.0,0.0,0.0,0.0,0.0,0
2023-05-10 09:35:37,CF311P16200,CF311P16200,897.0,0.0,0.0,0.0,2,269.0,1845.0,10,897.0,0.0,0.0,0.0,0.0,0.0,0
2023-05-10 09:35:38,CF311P16200,CF311P16200,897.0,0.0,0.0,0.0,10,270.0,1845.0,10,897.0,0.0,0.0,0.0,0.0,0.0,0
2023-05-10 09:35:38,CF311P16200,CF311P16200,897.0,0.0,0.0,0.0,1,273.0,1842.0,1,897.0,0.0,0.0,0.0,0.0,0.0,0
2023-05-10 09:35:39,CF311P16200,CF311P16200,897.0,0.0,0.0,0.0,10,274.0,1841.0,10,897.0,0.0,0.0,0.0,0.0,0.0,0
2023-05-10 09:35:39,CF311P16200,CF311P16200,897.0,0.0,0.0,0.0,1,277.0,1838.0,1,897.0,0.0,0.0,0.0,0.0,0.0,0
2023-05-10 09:35:39,CF311P16200,CF311P16200,897.0,0.0,0.0,0.0,10,278.0,1837.0,10,897.0,0.0,0.0,0.0,0.0,0.0,0
2023-05-10 09:35:40,CF311P16200,CF311P16200,897.0,0.0,0.0,0.0,1,281.0,1834.0,1,897.0,0.0,0.0,0.0,0.0,0.0,0
2023-05-10 09:35:40,CF311P16200,CF311P16200,897.0,0.0,0.0,0.0,10,282.0,1833.0,10,897.0,0.0,0.0,0.0,0.0,0.0,0
2023-05-10 09:35:56,CF311P16200,CF311P16200,897.0,0.0,0.0,0.0,2,283.0,1833.0,10,897.0,0.0,0.0,0.0,0.0,0.0,0
2023-05-10 09:35:57,CF311P16200,CF311P16200,897.0,0.0,0.0,0.0,10,284.0,1833.0,10,897.0,0.0,0.0,0.0,0.0,0.0,0
2023-05-10 09:35:58,CF311P16200,CF311P16200,897.0,0.0,0.0,0.0,2,285.0,1833.0,10,897.0,0.0,0.0,0.0,0.0,0.0,0
2023-05-10 09:35:58,CF311P16200,CF311P16200,897.0,0.0,0.0,0.0,10,286.0,1833.0,10,897.0,0.0,0.0,0.0,0.0,0.0,0
2023-05-10 09:36:00,CF311P16200,CF311P16200,897.0,0.0,0.0,0.0,2,287.0,1833.0,10,897.0,0.0,0.0,0.0,0.0,0.0,0
2023-05-10 09:36:00,CF311P16200,CF311P16200,897.0,0.0,0.0,0.0,12,288.0,1833.0,10,897.0,0.0,0.0,0.0,0.0,0.0,0
2023-05-10 09:36:01,CF311P16200,CF311P16200,897.0,0.0,0.0,0.0,2,289.0,1833.0,10,897.0,0.0,0.0,0.0,0.0,0.0,0
2023-05-10 09:36:01,CF311P16200,CF311P16200,897.0,0.0,0.0,0.0,2,290.0,1833.0,10,897.0,0.0,0.0,0.0,0.0,0.0,0
2023-05-10 09:36:02,CF311P16200,CF311P16200,897.0,0.0,0.0,0.0,12,291.0,1833.0,10,897.0,0.0,0.0,0.0,0.0,0.0,0
2023-05-10 09:36:02,CF311P16200,CF311P16200,897.0,0.0,0.0,0.0,2,292.0,1833.0,10,897.0,0.0,0.0,0.0,0.0,0.0,0
2023-05-10 09:36:03,CF311P16200,CF311P16200,897.0,0.0,0.0,0.0,2,293.0,1833.0,10,897.0,0.0,0.0,0.0,0.0,0.0,0
2023-05-10 09:36:03,CF311P16200,CF311P16200,897.0,0.0,0.0,0.0,10,208.0,1833.0,10,897.0,0.0,0.0,0.0,0.0,0.0,0
2023-05-10 09:36:04,CF311P16200,CF311P16200,897.0,0.0,0.0,0.0,2,224.0,1833.0,10,897.0,0.0,0.0,0.0,0.0,0.0,0
2023-05-10 09:36:04,CF311P16200,CF311P16200,897.0,0.0,0.0,0.0,10,225.0,1833.0,10,897.0,0.0,0.0,0.0,0.0,0.0,0
2023-05-10 09:36:05,CF311P16200,CF311P16200,897.0,0.0,0.0,0.0,2,241.0,1833.0,10,897.0,0.0,0.0,0.0,0.0,0.0,0
2023-05-10 09:36:05,CF311P16200,CF311P16200,897.0,0.0,0.0,0.0,10,242.0,1833.0,10,897.0,0.0,0.0,0.0,0.0,0.0,0
2023-05-10 09:36:06,CF311P16200,CF311P16200,897.0,0.0,0.0,0.0,2,258.0,1833.0,10,897.0,0.0,0.0,0.0,0.0,0.0,0
2023-05-10 09:36:07,CF311P16200,CF311P16200,897.0,0.0,0.0,0.0,10,259.0,1833.0,10,897.0,0.0,0.0,0.0,0.0,0.0,0
2023-05-10 09:36:07,CF311P16200,CF311P16200,897.0,0.0,0.0,0.0,2,260.0,1833.0,10,897.0,0.0,0.0,0.0,0.0,0.0,0
2023-05-10 09:36:08,CF311P16200,CF311P16200,897.0,0.0,0.0,0.0,10,261.0,1833.0,10,897.0,0.0,0.0,0.0,0.0,0.0,0
2023-05-10 09:36:09,CF311P16200,CF311P16200,897.0,0.0,0.0,0.0,2,262.0,1833.0,10,897.0,0.0,0.0,0.0,0.0,0.0,0
2023-05-10 09:36:09,CF311P16200,CF311P16200,897.0,0.0,0.0,0.0,10,263.0,1833.0,10,897.0,0.0,0.0,0.0,0.0,0.0,0
2023-05-10 09:36:10,CF311P16200,CF311P16200,897.0,0.0,0.0,0.0,2,279.0,1833.0,10,897.0,0.0,0.0,0.0,0.0,0.0,0
2023-05-10 09:36:10,CF311P16200,CF311P16200,897.0,0.0,0.0,0.0,2,295.0,1833.0,10,897.0,0.0,0.0,0.0,0.0,0.0,0
2023-05-10 09:36:11,CF311P16200,CF311P16200,897.0,0.0,0.0,0.0,12,296.0,1833.0,10,897.0,0.0,0.0,0.0,0.0,0.0,0
2023-05-10 09:36:11,CF311P16200,CF311P16200,897.0,0.0,0.0,0.0,10,296.0,1833.0,10,897.0,0.0,0.0,0.0,0.0,0.0,0
2023-05-10 09:36:12,CF311P16200,CF311P16200,897.0,0.0,0.0,0.0,2,297.0,1833.0,10,897.0,0.0,0.0,0.0,0.0,0.0,0
2023-05-10 09:36:12,CF311P16200,CF311P16200,897.0,0.0,0.0,0.0,10,298.0,1833.0,10,897.0,0.0,0.0,0.0,0.0,0.0,0
2023-05-10 09:36:13,CF311P16200,CF311P16200,897.0,0.0,0.0,0.0,2,299.0,1833.0,10,897.0,0.0,0.0,0.0,0.0,0.0,0
2023-05-10 09:36:14,CF311P16200,CF311P16200,897.0,0.0,0.0,0.0,10,300.0,1833.0,10,897.0,0.0,0.0,0.0,0.0,0.0,0
2023-05-10 09:36:14,CF311P16200,CF311P16200,897.0,0.0,0.0,0.0,2,301.0,1833.0,10,897.0,0.0,0.0,0.0,0.0,0.0,0
2023-05-10 09:36:15,CF311P16200,CF311P16200,897.0,0.0,0.0,0.0,12,302.0,1833.0,10,897.0,0.0,0.0,0.0,0.0,0.0,0
2023-05-10 09:36:15,CF311P16200,CF311P16200,897.0,0.0,0.0,0.0,10,302.0,1833.0,10,897.0,0.0,0.0,0.0,0.0,0.0,0
2023-05-10 09:36:15,CF311P16200,CF311P16200,897.0,0.0,0.0,0.0,2,303.0,1833.0,10,897.0,0.0,0.0,0.0,0.0,0.0,0
2023-05-10 09:36:16,CF311P16200,CF311P16200,897.0,0.0,0.0,0.0,10,304.0,1833.0,10,897.0,0.0,0.0,0.0,0.0,0.0,0
2023-05-10 09:36:17,CF311P16200,CF311P16200,897.0,0.0,0.0,0.0,2,305.0,1833.0,10,897.0,0.0,0.0,0.0,0.0,0.0,0
2023-05-10 09:36:17,CF311P16200,CF311P16200,897.0,0.0,0.0,0.0,10,306.0,1833.0,10,897.0,0.0,0.0,0.0,0.0,0.0,0
2023-05-10 09:36:18,CF311P16200,CF311P16200,897.0,0.0,0.0,0.0,2,307.0,1833.0,10,897.0,0.0,0.0,0.0,0.0,0.0,0
2023-05-10 09:36:19,CF311P16200,CF311P16200,897.0,0.0,0.0,0.0,10,308.0,1833.0,10,897.0,0.0,0.0,0.0,0.0,0.0,0
2023-05-10 09:36:20,CF311P16200,CF311P16200,897.0,0.0,0.0,0.0,2,309.0,1833.0,10,897.0,0.0,0.0,0.0,0.0,0.0,0
2023-05-10 09:36:21,CF311P16200,CF311P16200,897.0,0.0,0.0,0.0,10,310.0,1833.0,10,897.0,0.0,0.0,0.0,0.0,0.0,0
2023-05-10 09:36:21,CF311P16200,CF311P16200,897.0,0.0,0.0,0.0,2,311.0,1833.0,10,897.0,0.0,0.0,0.0,0.0,0.0,0
2023-05-10 09:36:22,CF311P16200,CF311P16200,897.0,0.0,0.0,0.0,10,312.0,1833.0,10,897.0,0.0,0.0,0.0,0.0,0.0,0
2023-05-10 09:36:23,CF311P16200,CF311P16200,897.0,0.0,0.0,0.0,2,313.0,1833.0,10,897.0,0.0,0.0,0.0,0.0,0.0,0
2023-05-10 09:36:23,CF311P16200,CF311P16200,897.0,0.0,0.0,0.0,10,314.0,1833.0,10,897.0,0.0,0.0,0.0,0.0,0.0,0
2023-05-10 09:36:24,CF311P16200,CF311P16200,897.0,0.0,0.0,0.0,2,315.0,1833.0,10,897.0,0.0,0.0,0.0,0.0,0.0,0
2023-05-10 09:36:25,CF311P16200,CF311P16200,897.0,0.0,0.0,0.0,10,316.0,1833.0,10,897.0,0.0,0.0,0.0,0.0,0.0,0
2023-05-10 09:36:25,CF311P16200,CF311P16200,897.0,0.0,0.0,0.0,2,317.0,1833.0,10,897.0,0.0,0.0,0.0,0.0,0.0,0
2023-05-10 09:36:26,CF311P16200,CF311P16200,897.0,0.0,0.0,0.0,10,208.0,1833.0,10,897.0,0.0,0.0,0.0,0.0,0.0,0
2023-05-10 09:36:26,CF311P16200,CF311P16200,897.0,0.0,0.0,0.0,2,224.0,1833.0,10,897.0,0.0,0.0,0.0,0.0,0.0,0
2023-05-10 09:36:26,CF311P16200,CF311P16200,897.0,0.0,0.0,0.0,10,225.0,1833.0,10,897.0,0.0,0.0,0.0,0.0,0.0,0
2023-05-10 09:36:27,CF311P16200,CF311P16200,897.0,0.0,0.0,0.0,2,241.0,1833.0,10,897.0,0.0,0.0,0.0,0.0,0.0,0
2023-05-10 09:36:28,CF311P16200,CF311P16200,897.0,0.0,0.0,0.0,10,242.0,1833.0,10,897.0,0.0,0.0,0.0,0.0,0.0,0
2023-05-10 09:36:28,CF311P16200,CF311P16200,897.0,0.0,0.0,0.0,2,258.0,1833.0,10,897.0,0.0,0.0,0.0,0.0,0.0,0
2023-05-10 09:36:29,CF311P16200,CF311P16200,897.0,0.0,0.0,0.0,10,259.0,1833.0,10,897.0,0.0,0.0,0.0,0.0,0.0,0
2023-05-10 09:36:29,CF311P16200,CF311P16200,897.0,0.0,0.0,0.0,2,275.0,1833.0,10,897.0,0.0,0.0,0.0,0.0,0.0,0
2023-05-10 09:36:30,CF311P16200,CF311P16200,897.0,0.0,0.0,0.0,10,276.0,1833.0,10,897.0,0.0,0.0,0.0,0.0,0.0,0
2023-05-10 09:36:30,CF311P16200,CF311P16200,897.0,0.0,0.0,0.0,2,292.0,1833.0,10,897.0,0.0,0.0,0.0,0.0,0.0,0
2023-05-10 09:36:31,CF311P16200,CF311P16200,897.0,0.0,0.0,0.0,10,293.0,1833.0,10,897.0,0.0,0.0,0.0,0.0,0.0,0
2023-05-10 09:36:31,CF311P16200,CF311P16200,897.0,0.0,0.0,0.0,2,301.0,1833.0,10,897.0,0.0,0.0,0.0,0.0,0.0,0
2023-05-10 09:36:32,CF311P16200,CF311P16200,897.0,0.0,0.0,0.0,10,302.0,1833.0,10,897.0,0.0,0.0,0.0,0.0,0.0,0
2023-05-10 09:36:32,CF311P16200,CF311P16200,897.0,0.0,0.0,0.0,2,303.0,1833.0,10,897.0,0.0,0.0,0.0,0.0,0.0,0
2023-05-10 09:36:33,CF311P16200,CF311P16200,897.0,0.0,0.0,0.0,10,304.0,1833.0,10,897.0,0.0,0.0,0.0,0.0,0.0,0
2023-05-10 09:36:33,CF311P16200,CF311P16200,897.0,0.0,0.0,0.0,2,305.0,1833.0,10,897.0,0.0,0.0,0.0,0.0,0.0,0
2023-05-10 09:36:34,CF311P16200,CF311P16200,897.0,0.0,0.0,0.0,10,306.0,1833.0,10,897.0,0.0,0.0,0.0,0.0,0.0,0
2023-05-10 09:36:34,CF311P16200,CF311P16200,897.0,0.0,0.0,0.0,2,307.0,1833.0,10,897.0,0.0,0.0,0.0,0.0,0.0,0
2023-05-10 09:36:35,CF311P16200,CF311P16200,897.0,0.0,0.0,0.0,10,308.0,1833.0,10,897.0,0.0,0.0,0.0,0.0,0.0,0
2023-05-10 09:36:35,CF311P16200,CF311P16200,897.0,0.0,0.0,0.0,2,309.0,1833.0,10,897.0,0.0,0.0,0.0,0.0,0.0,0
2023-05-10 09:36:36,CF311P16200,CF311P16200,897.0,0.0,0.0,0.0,10,310.0,1833.0,10,897.0,0.0,0.0,0.0,0.0,0.0,0
2023-05-10 09:36:36,CF311P16200,CF311P16200,897.0,0.0,0.0,0.0,2,311.0,1833.0,10,897.0,0.0,0.0,0.0,0.0,0.0,0
2023-05-10 09:36:37,CF311P16200,CF311P16200,897.0,0.0,0.0,0.0,10,312.0,1833.0,10,897.0,0.0,0.0,0.0,0.0,0.0,0
2023-05-10 09:36:37,CF311P16200,CF311P16200,897.0,0.0,0.0,0.0,2,313.0,1833.0,10,897.0,0.0,0.0,0.0,0.0,0.0,0
2023-05-10 09:36:38,CF311P16200,CF311P16200,897.0,0.0,0.0,0.0,10,314.0,1833.0,10,897.0,0.0,0.0,0.0,0.0,0.0,0
2023-05-10 09:36:39,CF311P16200,CF311P16200,897.0,0.0,0.0,0.0,2,330.0,1833.0,10,897.0,0.0,0.0,0.0,0.0,0.0,0
2023-05-10 09:36:39,CF311P16200,CF311P16200,897.0,0.0,0.0,0.0,10,208.0,1833.0,10,897.0,0.0,0.0,0.0,0.0,0.0,0
2023-05-10 09:36:40,CF311P16200,CF311P16200,897.0,0.0,0.0,0.0,2,224.0,1833.0,10,897.0,0.0,0.0,0.0,0.0,0.0,0
2023-05-10 09:36:40,CF311P16200,CF311P16200,897.0,0.0,0.0,0.0,10,225.0,1833.0,10,897.0,0.0,0.0,0.0,0.0,0.0,0
2023-05-10 09:36:41,CF311P16200,CF311P16200,897.0,0.0,0.0,0.0,2,241.0,1833.0,10,897.0,0.0,0.0,0.0,0.0,0.0,0
2023-05-10 09:36:41,CF311P16200,CF311P16200,897.0,0.0,0.0,0.0,10,242.0,1833.0,10,897.0,0.0,0.0,0.0,0.0,0.0,0
2023-05-10 09:36:42,CF311P16200,CF311P16200,897.0,0.0,0.0,0.0,2,258.0,1833.0,10,897.0,0.0,0.0,0.0,0.0,0.0,0
2023-05-10 09:36:42,CF311P16200,CF311P16200,897.0,0.0,0.0,0.0,10,259.0,1833.0,10,897.0,0.0,0.0,0.0,0.0,0.0,0
2023-05-10 09:36:43,CF311P16200,CF311P16200,897.0,0.0,0.0,0.0,2,275.0,1833.0,10,897.0,0.0,0.0,0.0,0.0,0.0,0
2023-05-10 09:36:43,CF311P16200,CF311P16200,897.0,0.0,0.0,0.0,10,276.0,1833.0,10,897.0,0.0,0.0,0.0,0.0,0.0,0
2023-05-10 09:36:44,CF311P16200,CF311P16200,897.0,0.0,0.0,0.0,2,292.0,1833.0,10,897.0,0.0,0.0,0.0,0.0,0.0,0
2023-05-10 09:36:44,CF311P16200,CF311P16200,897.0,0.0,0.0,0.0,10,293.0,1833.0,10,897.0,0.0,0.0,0.0,0.0,0.0,0
2023-05-10 09:36:45,CF311P16200,CF311P16200,897.0,0.0,0.0,0.0,2,309.0,1833.0,10,897.0,0.0,0.0,0.0,0.0,0.0,0
2023-05-10 09:36:45,CF311P16200,CF311P16200,897.0,0.0,0.0,0.0,10,310.0,1833.0,10,897.0,0.0,0.0,0.0,0.0,0.0,0
2023-05-10 09:36:46,CF311P16200,CF311P16200,897.0,0.0,0.0,0.0,2,326.0,1833.0,10,897.0,0.0,0.0,0.0,0.0,0.0,0
2023-05-10 09:36:46,CF311P16200,CF311P16200,897.0,0.0,0.0,0.0,10,327.0,1833.0,10,897.0,0.0,0.0,0.0,0.0,0.0,0
2023-05-10 09:36:47,CF311P16200,CF311P16200,897.0,0.0,0.0,0.0,2,343.0,1833.0,10,897.0,0.0,0.0,0.0,0.0,0.0,0
2023-05-10 09:36:47,CF311P16200,CF311P16200,897.0,0.0,0.0,0.0,10,344.0,1833.0,10,897.0,0.0,0.0,0.0,0.0,0.0,0
2023-05-10 09:36:48,CF311P16200,CF311P16200,897.0,0.0,0.0,0.0,2,352.0,1833.0,10,897.0,0.0,0.0,0.0,0.0,0.0,0
2023-05-10 09:36:48,CF311P16200,CF311P16200,897.0,0.0,0.0,0.0,10,353.0,1833.0,10,897.0,0.0,0.0,0.0,0.0,0.0,0
2023-05-10 09:36:49,CF311P16200,CF311P16200,897.0,0.0,0.0,0.0,2,354.0,1833.0,10,897.0,0.0,0.0,0.0,0.0,0.0,0
2023-05-10 09:36:49,CF311P16200,CF311P16200,897.0,0.0,0.0,0.0,10,355.0,1833.0,10,897.0,0.0,0.0,0.0,0.0,0.0,0
2023-05-10 09:36:50,CF311P16200,CF311P16200,897.0,0.0,0.0,0.0,2,356.0,1833.0,10,897.0,0.0,0.0,0.0,0.0,0.0,0
2023-05-10 09:36:50,CF311P16200,CF311P16200,897.0,0.0,0.0,0.0,10,357.0,1833.0,10,897.0,0.0,0.0,0.0,0.0,0.0,0
2023-05-10 09:54:59,CF311P16200,CF311P16200,897.0,0.0,0.0,0.0,1,360.0,1830.0,1,897.0,0.0,0.0,0.0,0.0,0.0,0
2023-05-10 09:55:00,CF311P16200,CF311P16200,897.0,0.0,0.0,0.0,10,361.0,1829.0,10,897.0,0.0,0.0,0.0,0.0,0.0,0
2023-05-10 09:55:00,CF311P16200,CF311P16200,897.0,0.0,0.0,0.0,1,364.0,1826.0,1,897.0,0.0,0.0,0.0,0.0,0.0,0
2023-05-10 09:55:00,CF311P16200,CF311P16200,897.0,0.0,0.0,0.0,10,365.0,1825.0,10,897.0,0.0,0.0,0.0,0.0,0.0,0
2023-05-10 09:55:01,CF311P16200,CF311P16200,897.0,0.0,0.0,0.0,1,368.0,1822.0,1,897.0,0.0,0.0,0.0,0.0,0.0,0
2023-05-10 09:55:01,CF311P16200,CF311P16200,897.0,0.0,0.0,0.0,10,369.0,1821.0,10,897.0,0.0,0.0,0.0,0.0,0.0,0
2023-05-10 09:55:02,CF311P16200,CF311P16200,897.0,0.0,0.0,0.0,1,372.0,1818.0,1,897.0,0.0,0.0,0.0,0.0,0.0,0
2023-05-10 09:55:02,CF311P16200,CF311P16200,897.0,0.0,0.0,0.0,10,373.0,1817.0,10,897.0,0.0,0.0,0.0,0.0,0.0,0
2023-05-10 09:55:03,CF311P16200,CF311P16200,897.0,0.0,0.0,0.0,1,376.0,1814.0,1,897.0,0.0,0.0,0.0,0.0,0.0,0
2023-05-10 09:55:03,CF311P16200,CF311P16200,897.0,0.0,0.0,0.0,10,377.0,1813.0,10,897.0,0.0,0.0,0.0,0.0,0.0,0
2023-05-10 10:00:41,CF311P16200,CF311P16200,897.0,0.0,0.0,0.0,1,207.0,0.0,0,897.0,0.0,0.0,0.0,0.0,0.0,0
2023-05-10 10:00:42,CF311P16200,CF311P16200,897.0,0.0,0.0,0.0,2,223.0,0.0,0,897.0,0.0,0.0,0.0,0.0,0.0,0
2023-05-10 10:03:02,CF311P16200,CF311P16200,897.0,0.0,0.0,0.0,10,224.0,0.0,0,897.0,0.0,0.0,0.0,0.0,0.0,0
2023-05-10 10:03:07,CF311P16200,CF311P16200,897.0,0.0,0.0,0.0,2,240.0,0.0,0,897.0,0.0,0.0,0.0,0.0,0.0,0
2023-05-10 10:03:08,CF311P16200,CF311P16200,897.0,0.0,0.0,0.0,10,241.0,0.0,0,897.0,0.0,0.0,0.0,0.0,0.0,0
2023-05-10 10:03:32,CF311P16200,CF311P16200,897.0,0.0,0.0,0.0,2,257.0,0.0,0,897.0,0.0,0.0,0.0,0.0,0.0,0
2023-05-10 10:03:32,CF311P16200,CF311P16200,897.0,0.0,0.0,0.0,10,258.0,0.0,0,897.0,0.0,0.0,0.0,0.0,0.0,0
2023-05-10 10:03:35,CF311P16200,CF311P16200,897.0,0.0,0.0,0.0,2,259.0,0.0,0,897.0,0.0,0.0,0.0,0.0,0.0,0
2023-05-10 10:03:35,CF311P16200,CF311P16200,897.0,0.0,0.0,0.0,10,260.0,0.0,0,897.0,0.0,0.0,0.0,0.0,0.0,0
2023-05-10 10:03:37,CF311P16200,CF311P16200,897.0,0.0,0.0,0.0,2,261.0,0.0,0,897.0,0.0,0.0,0.0,0.0,0.0,0
2023-05-10 10:03:37,CF311P16200,CF311P16200,897.0,0.0,0.0,0.0,10,262.0,0.0,0,897.0,0.0,0.0,0.0,0.0,0.0,0
2023-05-10 10:03:38,CF311P16200,CF311P16200,897.0,0.0,0.0,0.0,2,263.0,0.0,0,897.0,0.0,0.0,0.0,0.0,0.0,0
2023-05-10 10:03:38,CF311P16200,CF311P16200,897.0,0.0,0.0,0.0,10,264.0,0.0,0,897.0,0.0,0.0,0.0,0.0,0.0,0
2023-05-10 10:03:40,CF311P16200,CF311P16200,897.0,0.0,0.0,0.0,2,265.0,0.0,0,897.0,0.0,0.0,0.0,0.0,0.0,0
2023-05-10 10:03:40,CF311P16200,CF311P16200,897.0,0.0,0.0,0.0,10,266.0,0.0,0,897.0,0.0,0.0,0.0,0.0,0.0,0
2023-05-10 10:03:41,CF311P16200,CF311P16200,897.0,0.0,0.0,0.0,2,267.0,0.0,0,897.0,0.0,0.0,0.0,0.0,0.0,0
2023-05-10 10:03:41,CF311P16200,CF311P16200,897.0,0.0,0.0,0.0,10,268.0,0.0,0,897.0,0.0,0.0,0.0,0.0,0.0,0
2023-05-10 10:03:43,CF311P16200,CF311P16200,897.0,0.0,0.0,0.0,2,269.0,0.0,0,897.0,0.0,0.0,0.0,0.0,0.0,0
2023-05-10 10:03:44,CF311P16200,CF311P16200,897.0,0.0,0.0,0.0,10,270.0,0.0,0,897.0,0.0,0.0,0.0,0.0,0.0,0
2023-05-10 10:14:33,CF311P16200,CF311P16200,897.0,0.0,0.0,0.0,1,207.0,0.0,0,897.0,0.0,0.0,0.0,0.0,0.0,0
2023-05-10 10:30:16,CF311P16200,CF311P16200,897.0,0.0,0.0,0.0,10,208.0,0.0,0,897.0,0.0,0.0,0.0,0.0,0.0,0
2023-05-10 10:30:52,CF311P16200,CF311P16200,897.0,0.0,0.0,0.0,2,209.0,0.0,0,897.0,0.0,0.0,0.0,0.0,0.0,0
2023-05-10 10:30:53,CF311P16200,CF311P16200,897.0,0.0,0.0,0.0,10,213.0,1853.0,10,897.0,0.0,0.0,0.0,0.0,0.0,0
2023-05-10 10:30:53,CF311P16200,CF311P16200,897.0,0.0,0.0,0.0,1,216.0,1850.0,1,897.0,0.0,0.0,0.0,0.0,0.0,0
2023-05-10 10:30:54,CF311P16200,CF311P16200,897.0,0.0,0.0,0.0,10,217.0,1849.0,10,897.0,0.0,0.0,0.0,0.0,0.0,0
2023-05-10 10:30:54,CF311P16200,CF311P16200,897.0,0.0,0.0,0.0,1,220.0,1846.0,1,897.0,0.0,0.0,0.0,0.0,0.0,0
2023-05-10 10:30:55,CF311P16200,CF311P16200,897.0,0.0,0.0,0.0,10,221.0,1845.0,10,897.0,0.0,0.0,0.0,0.0,0.0,0
2023-05-10 10:30:55,CF311P16200,CF311P16200,897.0,0.0,0.0,0.0,1,224.0,1842.0,1,897.0,0.0,0.0,0.0,0.0,0.0,0
2023-05-10 10:30:56,CF311P16200,CF311P16200,897.0,0.0,0.0,0.0,10,225.0,1841.0,10,897.0,0.0,0.0,0.0,0.0,0.0,0
2023-05-10 10:30:56,CF311P16200,CF311P16200,897.0,0.0,0.0,0.0,1,228.0,1838.0,1,897.0,0.0,0.0,0.0,0.0,0.0,0
2023-05-10 10:30:57,CF311P16200,CF311P16200,897.0,0.0,0.0,0.0,10,229.0,1837.0,10,897.0,0.0,0.0,0.0,0.0,0.0,0
2023-05-10 10:31:09,CF311P16200,CF311P16200,897.0,0.0,0.0,0.0,2,230.0,1837.0,10,897.0,0.0,0.0,0.0,0.0,0.0,0
2023-05-10 10:31:10,CF311P16200,CF311P16200,897.0,0.0,0.0,0.0,10,208.0,1837.0,10,897.0,0.0,0.0,0.0,0.0,0.0,0
2023-05-10 10:31:10,CF311P16200,CF311P16200,897.0,0.0,0.0,0.0,2,209.0,1837.0,10,897.0,0.0,0.0,0.0,0.0,0.0,0
2023-05-10 10:31:11,CF311P16200,CF311P16200,897.0,0.0,0.0,0.0,10,208.0,1837.0,10,897.0,0.0,0.0,0.0,0.0,0.0,0
2023-05-10 10:31:11,CF311P16200,CF311P16200,897.0,0.0,0.0,0.0,2,216.0,1837.0,10,897.0,0.0,0.0,0.0,0.0,0.0,0
2023-05-10 10:31:12,CF311P16200,CF311P16200,897.0,0.0,0.0,0.0,10,208.0,1837.0,10,897.0,0.0,0.0,0.0,0.0,0.0,0
2023-05-10 10:31:12,CF311P16200,CF311P16200,897.0,0.0,0.0,0.0,2,216.0,1837.0,10,897.0,0.0,0.0,0.0,0.0,0.0,0
2023-05-10 10:31:13,CF311P16200,CF311P16200,897.0,0.0,0.0,0.0,10,208.0,1837.0,10,897.0,0.0,0.0,0.0,0.0,0.0,0
2023-05-10 10:31:13,CF311P16200,CF311P16200,897.0,0.0,0.0,0.0,2,216.0,1837.0,10,897.0,0.0,0.0,0.0,0.0,0.0,0
2023-05-10 10:31:14,CF311P16200,CF311P16200,897.0,0.0,0.0,0.0,10,208.0,1837.0,10,897.0,0.0,0.0,0.0,0.0,0.0,0
2023-05-10 10:31:14,CF311P16200,CF311P16200,897.0,0.0,0.0,0.0,2,216.0,1837.0,10,897.0,0.0,0.0,0.0,0.0,0.0,0
2023-05-10 10:31:15,CF311P16200,CF311P16200,897.0,0.0,0.0,0.0,10,208.0,1837.0,10,897.0,0.0,0.0,0.0,0.0,0.0,0
2023-05-10 10:31:15,CF311P16200,CF311P16200,897.0,0.0,0.0,0.0,2,216.0,1837.0,10,897.0,0.0,0.0,0.0,0.0,0.0,0
2023-05-10 10:31:16,CF311P16200,CF311P16200,897.0,0.0,0.0,0.0,10,208.0,1837.0,10,897.0,0.0,0.0,0.0,0.0,0.0,0
2023-05-10 10:31:16,CF311P16200,CF311P16200,897.0,0.0,0.0,0.0,2,216.0,1837.0,10,897.0,0.0,0.0,0.0,0.0,0.0,0
2023-05-10 10:31:17,CF311P16200,CF311P16200,897.0,0.0,0.0,0.0,10,208.0,1837.0,10,897.0,0.0,0.0,0.0,0.0,0.0,0
2023-05-10 10:31:17,CF311P16200,CF311P16200,897.0,0.0,0.0,0.0,2,224.0,1837.0,10,897.0,0.0,0.0,0.0,0.0,0.0,0
2023-05-10 10:31:18,CF311P16200,CF311P16200,897.0,0.0,0.0,0.0,10,208.0,1837.0,10,897.0,0.0,0.0,0.0,0.0,0.0,0
2023-05-10 10:31:18,CF311P16200,CF311P16200,897.0,0.0,0.0,0.0,2,224.0,1837.0,10,897.0,0.0,0.0,0.0,0.0,0.0,0
2023-05-10 10:31:19,CF311P16200,CF311P16200,897.0,0.0,0.0,0.0,10,208.0,1837.0,10,897.0,0.0,0.0,0.0,0.0,0.0,0
2023-05-10 10:31:19,CF311P16200,CF311P16200,897.0,0.0,0.0,0.0,2,224.0,1837.0,10,897.0,0.0,0.0,0.0,0.0,0.0,0
2023-05-10 10:31:20,CF311P16200,CF311P16200,897.0,0.0,0.0,0.0,10,208.0,1837.0,10,897.0,0.0,0.0,0.0,0.0,0.0,0
2023-05-10 10:31:20,CF311P16200,CF311P16200,897.0,0.0,0.0,0.0,2,224.0,1837.0,10,897.0,0.0,0.0,0.0,0.0,0.0,0
2023-05-10 10:31:21,CF311P16200,CF311P16200,897.0,0.0,0.0,0.0,10,225.0,1837.0,10,897.0,0.0,0.0,0.0,0.0,0.0,0
2023-05-10 10:31:21,CF311P16200,CF311P16200,897.0,0.0,0.0,0.0,2,241.0,1837.0,10,897.0,0.0,0.0,0.0,0.0,0.0,0
2023-05-10 10:31:22,CF311P16200,CF311P16200,897.0,0.0,0.0,0.0,2,242.0,1837.0,10,897.0,0.0,0.0,0.0,0.0,0.0,0
2023-05-10 10:31:22,CF311P16200,CF311P16200,897.0,0.0,0.0,0.0,2,243.0,1837.0,10,897.0,0.0,0.0,0.0,0.0,0.0,0
2023-05-10 10:31:23,CF311P16200,CF311P16200,897.0,0.0,0.0,0.0,10,244.0,1837.0,10,897.0,0.0,0.0,0.0,0.0,0.0,0
2023-05-10 10:31:23,CF311P16200,CF311P16200,897.0,0.0,0.0,0.0,2,245.0,1837.0,10,897.0,0.0,0.0,0.0,0.0,0.0,0
2023-05-10 10:31:24,CF311P16200,CF311P16200,897.0,0.0,0.0,0.0,10,208.0,1837.0,10,897.0,0.0,0.0,0.0,0.0,0.0,0
2023-05-10 10:31:24,CF311P16200,CF311P16200,897.0,0.0,0.0,0.0,2,224.0,1837.0,10,897.0,0.0,0.0,0.0,0.0,0.0,0
2023-05-10 10:31:25,CF311P16200,CF311P16200,897.0,0.0,0.0,0.0,2,240.0,1837.0,10,897.0,0.0,0.0,0.0,0.0,0.0,0
2023-05-10 10:31:25,CF311P16200,CF311P16200,897.0,0.0,0.0,0.0,2,241.0,1837.0,10,897.0,0.0,0.0,0.0,0.0,0.0,0
2023-05-10 10:31:26,CF311P16200,CF311P16200,897.0,0.0,0.0,0.0,2,249.0,1837.0,10,897.0,0.0,0.0,0.0,0.0,0.0,0
2023-05-10 10:31:26,CF311P16200,CF311P16200,897.0,0.0,0.0,0.0,12,250.0,1837.0,10,897.0,0.0,0.0,0.0,0.0,0.0,0
2023-05-10 10:31:27,CF311P16200,CF311P16200,897.0,0.0,0.0,0.0,10,250.0,1837.0,10,897.0,0.0,0.0,0.0,0.0,0.0,0
2023-05-10 10:31:27,CF311P16200,CF311P16200,897.0,0.0,0.0,0.0,2,251.0,1837.0,10,897.0,0.0,0.0,0.0,0.0,0.0,0
2023-05-10 10:31:28,CF311P16200,CF311P16200,897.0,0.0,0.0,0.0,10,208.0,1837.0,10,897.0,0.0,0.0,0.0,0.0,0.0,0
2023-05-10 10:31:28,CF311P16200,CF311P16200,897.0,0.0,0.0,0.0,2,224.0,1837.0,10,897.0,0.0,0.0,0.0,0.0,0.0,0
2023-05-10 10:31:29,CF311P16200,CF311P16200,897.0,0.0,0.0,0.0,10,208.0,1837.0,10,897.0,0.0,0.0,0.0,0.0,0.0,0
2023-05-10 10:31:29,CF311P16200,CF311P16200,897.0,0.0,0.0,0.0,2,224.0,1837.0,10,897.0,0.0,0.0,0.0,0.0,0.0,0
2023-05-10 10:31:30,CF311P16200,CF311P16200,897.0,0.0,0.0,0.0,10,208.0,1837.0,10,897.0,0.0,0.0,0.0,0.0,0.0,0
2023-05-10 10:31:30,CF311P16200,CF311P16200,897.0,0.0,0.0,0.0,2,224.0,1837.0,10,897.0,0.0,0.0,0.0,0.0,0.0,0
2023-05-10 10:31:31,CF311P16200,CF311P16200,897.0,0.0,0.0,0.0,10,208.0,1837.0,10,897.0,0.0,0.0,0.0,0.0,0.0,0
2023-05-10 10:31:31,CF311P16200,CF311P16200,897.0,0.0,0.0,0.0,2,224.0,1837.0,10,897.0,0.0,0.0,0.0,0.0,0.0,0
2023-05-10 10:31:32,CF311P16200,CF311P16200,897.0,0.0,0.0,0.0,10,208.0,1837.0,10,897.0,0.0,0.0,0.0,0.0,0.0,0
2023-05-10 10:31:32,CF311P16200,CF311P16200,897.0,0.0,0.0,0.0,2,224.0,1837.0,10,897.0,0.0,0.0,0.0,0.0,0.0,0
2023-05-10 10:31:33,CF311P16200,CF311P16200,897.0,0.0,0.0,0.0,10,208.0,1837.0,10,897.0,0.0,0.0,0.0,0.0,0.0,0
2023-05-10 10:31:34,CF311P16200,CF311P16200,897.0,0.0,0.0,0.0,2,224.0,1837.0,10,897.0,0.0,0.0,0.0,0.0,0.0,0
2023-05-10 10:31:34,CF311P16200,CF311P16200,897.0,0.0,0.0,0.0,10,208.0,1837.0,10,897.0,0.0,0.0,0.0,0.0,0.0,0
2023-05-10 10:31:35,CF311P16200,CF311P16200,897.0,0.0,0.0,0.0,2,224.0,1837.0,10,897.0,0.0,0.0,0.0,0.0,0.0,0
2023-05-10 10:31:35,CF311P16200,CF311P16200,897.0,0.0,0.0,0.0,10,208.0,1837.0,10,897.0,0.0,0.0,0.0,0.0,0.0,0
2023-05-10 10:31:36,CF311P16200,CF311P16200,897.0,0.0,0.0,0.0,2,224.0,1837.0,10,897.0,0.0,0.0,0.0,0.0,0.0,0
2023-05-10 10:31:36,CF311P16200,CF311P16200,897.0,0.0,0.0,0.0,10,225.0,1837.0,10,897.0,0.0,0.0,0.0,0.0,0.0,0
2023-05-10 10:31:37,CF311P16200,CF311P16200,897.0,0.0,0.0,0.0,2,241.0,1837.0,10,897.0,0.0,0.0,0.0,0.0,0.0,0
2023-05-10 10:31:37,CF311P16200,CF311P16200,897.0,0.0,0.0,0.0,2,257.0,1837.0,10,897.0,0.0,0.0,0.0,0.0,0.0,0
2023-05-10 10:31:38,CF311P16200,CF311P16200,897.0,0.0,0.0,0.0,2,265.0,1837.0,10,897.0,0.0,0.0,0.0,0.0,0.0,0
2023-05-10 10:31:38,CF311P16200,CF311P16200,897.0,0.0,0.0,0.0,2,273.0,1837.0,10,897.0,0.0,0.0,0.0,0.0,0.0,0
2023-05-10 10:31:39,CF311P16200,CF311P16200,897.0,0.0,0.0,0.0,2,274.0,1837.0,10,897.0,0.0,0.0,0.0,0.0,0.0,0
2023-05-10 10:31:39,CF311P16200,CF311P16200,897.0,0.0,0.0,0.0,12,275.0,1837.0,10,897.0,0.0,0.0,0.0,0.0,0.0,0
2023-05-10 10:31:40,CF311P16200,CF311P16200,897.0,0.0,0.0,0.0,2,276.0,1837.0,10,897.0,0.0,0.0,0.0,0.0,0.0,0
2023-05-10 10:31:40,CF311P16200,CF311P16200,897.0,0.0,0.0,0.0,10,208.0,1837.0,10,897.0,0.0,0.0,0.0,0.0,0.0,0
2023-05-10 10:31:41,CF311P16200,CF311P16200,897.0,0.0,0.0,0.0,2,224.0,1837.0,10,897.0,0.0,0.0,0.0,0.0,0.0,0
2023-05-10 10:31:41,CF311P16200,CF311P16200,897.0,0.0,0.0,0.0,10,225.0,1837.0,10,897.0,0.0,0.0,0.0,0.0,0.0,0
2023-05-10 10:31:42,CF311P16200,CF311P16200,897.0,0.0,0.0,0.0,2,241.0,1837.0,10,897.0,0.0,0.0,0.0,0.0,0.0,0
2023-05-10 10:31:42,CF311P16200,CF311P16200,897.0,0.0,0.0,0.0,10,208.0,1837.0,10,897.0,0.0,0.0,0.0,0.0,0.0,0
2023-05-10 10:31:43,CF311P16200,CF311P16200,897.0,0.0,0.0,0.0,2,224.0,1837.0,10,897.0,0.0,0.0,0.0,0.0,0.0,0
2023-05-10 10:31:43,CF311P16200,CF311P16200,897.0,0.0,0.0,0.0,10,225.0,1837.0,10,897.0,0.0,0.0,0.0,0.0,0.0,0
2023-05-10 10:31:44,CF311P16200,CF311P16200,897.0,0.0,0.0,0.0,2,241.0,1837.0,10,897.0,0.0,0.0,0.0,0.0,0.0,0
2023-05-10 10:31:44,CF311P16200,CF311P16200,897.0,0.0,0.0,0.0,2,257.0,1837.0,10,897.0,0.0,0.0,0.0,0.0,0.0,0
2023-05-10 10:31:45,CF311P16200,CF311P16200,897.0,0.0,0.0,0.0,2,273.0,1837.0,10,897.0,0.0,0.0,0.0,0.0,0.0,0
2023-05-10 10:31:45,CF311P16200,CF311P16200,897.0,0.0,0.0,0.0,2,281.0,1837.0,10,897.0,0.0,0.0,0.0,0.0,0.0,0
2023-05-10 10:31:45,CF311P16200,CF311P16200,897.0,0.0,0.0,0.0,1,207.0,1837.0,10,897.0,0.0,0.0,0.0,0.0,0.0,0
2023-05-10 10:31:46,CF311P16200,CF311P16200,897.0,0.0,0.0,0.0,2,223.0,1837.0,10,897.0,0.0,0.0,0.0,0.0,0.0,0
2023-05-10 10:31:46,CF311P16200,CF311P16200,897.0,0.0,0.0,0.0,10,208.0,1837.0,10,897.0,0.0,0.0,0.0,0.0,0.0,0
2023-05-10 10:31:47,CF311P16200,CF311P16200,897.0,0.0,0.0,0.0,2,224.0,1837.0,10,897.0,0.0,0.0,0.0,0.0,0.0,0
2023-05-10 10:31:47,CF311P16200,CF311P16200,897.0,0.0,0.0,0.0,10,208.0,1837.0,10,897.0,0.0,0.0,0.0,0.0,0.0,0
2023-05-10 10:31:48,CF311P16200,CF311P16200,897.0,0.0,0.0,0.0,2,224.0,1837.0,10,897.0,0.0,0.0,0.0,0.0,0.0,0
2023-05-10 10:31:49,CF311P16200,CF311P16200,897.0,0.0,0.0,0.0,10,225.0,1837.0,10,897.0,0.0,0.0,0.0,0.0,0.0,0
2023-05-10 10:31:50,CF311P16200,CF311P16200,897.0,0.0,0.0,0.0,2,241.0,1837.0,10,897.0,0.0,0.0,0.0,0.0,0.0,0
2023-05-10 10:31:50,CF311P16200,CF311P16200,897.0,0.0,0.0,0.0,10,242.0,1837.0,10,897.0,0.0,0.0,0.0,0.0,0.0,0
2023-05-10 10:31:51,CF311P16200,CF311P16200,897.0,0.0,0.0,0.0,2,258.0,1837.0,10,897.0,0.0,0.0,0.0,0.0,0.0,0
2023-05-10 10:31:51,CF311P16200,CF311P16200,897.0,0.0,0.0,0.0,10,259.0,1837.0,10,897.0,0.0,0.0,0.0,0.0,0.0,0
2023-05-10 10:31:52,CF311P16200,CF311P16200,897.0,0.0,0.0,0.0,2,275.0,1837.0,10,897.0,0.0,0.0,0.0,0.0,0.0,0
2023-05-10 10:31:52,CF311P16200,CF311P16200,897.0,0.0,0.0,0.0,10,208.0,1837.0,10,897.0,0.0,0.0,0.0,0.0,0.0,0
2023-05-10 10:31:53,CF311P16200,CF311P16200,897.0,0.0,0.0,0.0,2,291.0,1837.0,10,897.0,0.0,0.0,0.0,0.0,0.0,0
2023-05-10 10:31:53,CF311P16200,CF311P16200,897.0,0.0,0.0,0.0,10,292.0,1837.0,10,897.0,0.0,0.0,0.0,0.0,0.0,0
2023-05-10 10:31:54,CF311P16200,CF311P16200,897.0,0.0,0.0,0.0,2,293.0,1837.0,10,897.0,0.0,0.0,0.0,0.0,0.0,0
2023-05-10 10:31:54,CF311P16200,CF311P16200,897.0,0.0,0.0,0.0,10,294.0,1837.0,10,897.0,0.0,0.0,0.0,0.0,0.0,0
2023-05-10 10:31:55,CF311P16200,CF311P16200,897.0,0.0,0.0,0.0,2,295.0,1837.0,10,897.0,0.0,0.0,0.0,0.0,0.0,0
2023-05-10 10:31:55,CF311P16200,CF311P16200,897.0,0.0,0.0,0.0,10,208.0,1837.0,10,897.0,0.0,0.0,0.0,0.0,0.0,0
2023-05-10 10:31:56,CF311P16200,CF311P16200,897.0,0.0,0.0,0.0,2,303.0,1837.0,10,897.0,0.0,0.0,0.0,0.0,0.0,0
2023-05-10 10:31:56,CF311P16200,CF311P16200,897.0,0.0,0.0,0.0,10,304.0,1837.0,10,897.0,0.0,0.0,0.0,0.0,0.0,0
2023-05-10 10:31:57,CF311P16200,CF311P16200,897.0,0.0,0.0,0.0,2,305.0,1837.0,10,897.0,0.0,0.0,0.0,0.0,0.0,0
2023-05-10 10:31:57,CF311P16200,CF311P16200,897.0,0.0,0.0,0.0,10,306.0,1837.0,10,897.0,0.0,0.0,0.0,0.0,0.0,0
2023-05-10 10:31:58,CF311P16200,CF311P16200,897.0,0.0,0.0,0.0,2,307.0,1837.0,10,897.0,0.0,0.0,0.0,0.0,0.0,0
2023-05-10 10:31:58,CF311P16200,CF311P16200,897.0,0.0,0.0,0.0,10,308.0,1837.0,10,897.0,0.0,0.0,0.0,0.0,0.0,0
2023-05-10 10:31:59,CF311P16200,CF311P16200,897.0,0.0,0.0,0.0,2,309.0,1837.0,10,897.0,0.0,0.0,0.0,0.0,0.0,0
2023-05-10 10:31:59,CF311P16200,CF311P16200,897.0,0.0,0.0,0.0,10,310.0,1837.0,10,897.0,0.0,0.0,0.0,0.0,0.0,0
2023-05-10 10:36:48,CF311P16200,CF311P16200,897.0,0.0,0.0,0.0,2,311.0,1837.0,10,897.0,0.0,0.0,0.0,0.0,0.0,0
2023-05-10 10:36:48,CF311P16200,CF311P16200,897.0,0.0,0.0,0.0,10,312.0,1837.0,10,897.0,0.0,0.0,0.0,0.0,0.0,0
2023-05-10 10:36:48,CF311P16200,CF311P16200,897.0,0.0,0.0,0.0,2,311.0,1837.0,10,897.0,0.0,0.0,0.0,0.0,0.0,0
2023-05-10 10:36:48,CF311P16200,CF311P16200,897.0,0.0,0.0,0.0,10,312.0,1837.0,10,897.0,0.0,0.0,0.0,0.0,0.0,0
2023-05-10 10:41:18,CF311P16200,CF311P16200,897.0,0.0,0.0,0.0,2,313.0,1837.0,10,897.0,0.0,0.0,0.0,0.0,0.0,0
2023-05-10 10:41:19,CF311P16200,CF311P16200,897.0,0.0,0.0,0.0,10,314.0,1837.0,10,897.0,0.0,0.0,0.0,0.0,0.0,0
2023-05-10 10:50:05,CF311P16200,CF311P16200,897.0,0.0,0.0,0.0,1,207.0,0.0,0,897.0,0.0,0.0,0.0,0.0,0.0,0
2023-05-10 10:50:06,CF311P16200,CF311P16200,897.0,0.0,0.0,0.0,2,223.0,0.0,0,897.0,0.0,0.0,0.0,0.0,0.0,0
2023-05-10 10:50:36,CF311P16200,CF311P16200,897.0,0.0,0.0,0.0,10,224.0,0.0,0,897.0,0.0,0.0,0.0,0.0,0.0,0
2023-05-10 10:50:37,CF311P16200,CF311P16200,897.0,0.0,0.0,0.0,2,240.0,0.0,0,897.0,0.0,0.0,0.0,0.0,0.0,0
2023-05-10 10:50:38,CF311P16200,CF311P16200,897.0,0.0,0.0,0.0,10,241.0,0.0,0,897.0,0.0,0.0,0.0,0.0,0.0,0
2023-05-10 10:50:40,CF311P16200,CF311P16200,897.0,0.0,0.0,0.0,2,257.0,0.0,0,897.0,0.0,0.0,0.0,0.0,0.0,0
2023-05-10 10:50:41,CF311P16200,CF311P16200,897.0,0.0,0.0,0.0,10,258.0,0.0,0,897.0,0.0,0.0,0.0,0.0,0.0,0
2023-05-10 10:50:43,CF311P16200,CF311P16200,897.0,0.0,0.0,0.0,2,259.0,0.0,0,897.0,0.0,0.0,0.0,0.0,0.0,0
2023-05-10 10:50:44,CF311P16200,CF311P16200,897.0,0.0,0.0,0.0,10,260.0,0.0,0,897.0,0.0,0.0,0.0,0.0,0.0,0
2023-05-10 10:50:46,CF311P16200,CF311P16200,897.0,0.0,0.0,0.0,2,261.0,0.0,0,897.0,0.0,0.0,0.0,0.0,0.0,0
2023-05-10 10:50:47,CF311P16200,CF311P16200,897.0,0.0,0.0,0.0,10,262.0,0.0,0,897.0,0.0,0.0,0.0,0.0,0.0,0
2023-05-10 10:50:49,CF311P16200,CF311P16200,897.0,0.0,0.0,0.0,2,263.0,0.0,0,897.0,0.0,0.0,0.0,0.0,0.0,0
2023-05-10 10:50:50,CF311P16200,CF311P16200,897.0,0.0,0.0,0.0,10,264.0,0.0,0,897.0,0.0,0.0,0.0,0.0,0.0,0
2023-05-10 10:50:52,CF311P16200,CF311P16200,897.0,0.0,0.0,0.0,2,265.0,0.0,0,897.0,0.0,0.0,0.0,0.0,0.0,0
2023-05-10 10:50:53,CF311P16200,CF311P16200,897.0,0.0,0.0,0.0,10,266.0,0.0,0,897.0,0.0,0.0,0.0,0.0,0.0,0
2023-05-10 10:50:55,CF311P16200,CF311P16200,897.0,0.0,0.0,0.0,2,267.0,0.0,0,897.0,0.0,0.0,0.0,0.0,0.0,0
2023-05-10 10:50:56,CF311P16200,CF311P16200,897.0,0.0,0.0,0.0,10,268.0,0.0,0,897.0,0.0,0.0,0.0,0.0,0.0,0
2023-05-10 10:50:58,CF311P16200,CF311P16200,897.0,0.0,0.0,0.0,2,269.0,0.0,0,897.0,0.0,0.0,0.0,0.0,0.0,0
2023-05-10 10:50:59,CF311P16200,CF311P16200,897.0,0.0,0.0,0.0,10,270.0,0.0,0,897.0,0.0,0.0,0.0,0.0,0.0,0
2023-05-10 10:51:08,CF311P16200,CF311P16200,897.0,0.0,0.0,0.0,2,271.0,0.0,0,897.0,0.0,0.0,0.0,0.0,0.0,0
2023-05-10 10:51:09,CF311P16200,CF311P16200,897.0,0.0,0.0,0.0,10,272.0,0.0,0,897.0,0.0,0.0,0.0,0.0,0.0,0
2023-05-10 10:51:10,CF311P16200,CF311P16200,897.0,0.0,0.0,0.0,2,273.0,0.0,0,897.0,0.0,0.0,0.0,0.0,0.0,0
2023-05-10 10:51:10,CF311P16200,CF311P16200,897.0,0.0,0.0,0.0,10,274.0,0.0,0,897.0,0.0,0.0,0.0,0.0,0.0,0
2023-05-10 10:51:11,CF311P16200,CF311P16200,897.0,0.0,0.0,0.0,2,275.0,0.0,0,897.0,0.0,0.0,0.0,0.0,0.0,0
2023-05-10 10:51:12,CF311P16200,CF311P16200,897.0,0.0,0.0,0.0,10,208.0,0.0,0,897.0,0.0,0.0,0.0,0.0,0.0,0
2023-05-10 10:51:12,CF311P16200,CF311P16200,897.0,0.0,0.0,0.0,2,224.0,0.0,0,897.0,0.0,0.0,0.0,0.0,0.0,0
2023-05-10 10:51:13,CF311P16200,CF311P16200,897.0,0.0,0.0,0.0,10,225.0,0.0,0,897.0,0.0,0.0,0.0,0.0,0.0,0
2023-05-10 10:51:14,CF311P16200,CF311P16200,897.0,0.0,0.0,0.0,2,241.0,0.0,0,897.0,0.0,0.0,0.0,0.0,0.0,0
2023-05-10 10:51:14,CF311P16200,CF311P16200,897.0,0.0,0.0,0.0,10,242.0,0.0,0,897.0,0.0,0.0,0.0,0.0,0.0,0
2023-05-10 10:51:16,CF311P16200,CF311P16200,897.0,0.0,0.0,0.0,2,258.0,0.0,0,897.0,0.0,0.0,0.0,0.0,0.0,0
2023-05-10 10:51:16,CF311P16200,CF311P16200,897.0,0.0,0.0,0.0,10,259.0,0.0,0,897.0,0.0,0.0,0.0,0.0,0.0,0
2023-05-10 10:51:17,CF311P16200,CF311P16200,897.0,0.0,0.0,0.0,2,260.0,0.0,0,897.0,0.0,0.0,0.0,0.0,0.0,0
2023-05-10 10:51:17,CF311P16200,CF311P16200,897.0,0.0,0.0,0.0,10,261.0,0.0,0,897.0,0.0,0.0,0.0,0.0,0.0,0
2023-05-10 10:51:18,CF311P16200,CF311P16200,897.0,0.0,0.0,0.0,2,262.0,0.0,0,897.0,0.0,0.0,0.0,0.0,0.0,0
2023-05-10 10:51:19,CF311P16200,CF311P16200,897.0,0.0,0.0,0.0,10,263.0,0.0,0,897.0,0.0,0.0,0.0,0.0,0.0,0
2023-05-10 10:51:20,CF311P16200,CF311P16200,897.0,0.0,0.0,0.0,2,264.0,0.0,0,897.0,0.0,0.0,0.0,0.0,0.0,0
2023-05-10 10:51:20,CF311P16200,CF311P16200,897.0,0.0,0.0,0.0,10,265.0,0.0,0,897.0,0.0,0.0,0.0,0.0,0.0,0
2023-05-10 10:51:21,CF311P16200,CF311P16200,897.0,0.0,0.0,0.0,2,266.0,0.0,0,897.0,0.0,0.0,0.0,0.0,0.0,0
2023-05-10 10:51:21,CF311P16200,CF311P16200,897.0,0.0,0.0,0.0,10,267.0,0.0,0,897.0,0.0,0.0,0.0,0.0,0.0,0
2023-05-10 10:51:22,CF311P16200,CF311P16200,897.0,0.0,0.0,0.0,2,268.0,0.0,0,897.0,0.0,0.0,0.0,0.0,0.0,0
2023-05-10 10:51:22,CF311P16200,CF311P16200,897.0,0.0,0.0,0.0,10,269.0,0.0,0,897.0,0.0,0.0,0.0,0.0,0.0,0
2023-05-10 10:51:24,CF311P16200,CF311P16200,897.0,0.0,0.0,0.0,2,277.0,0.0,0,897.0,0.0,0.0,0.0,0.0,0.0,0
2023-05-10 10:51:25,CF311P16200,CF311P16200,897.0,0.0,0.0,0.0,10,278.0,0.0,0,897.0,0.0,0.0,0.0,0.0,0.0,0
2023-05-10 10:51:25,CF311P16200,CF311P16200,897.0,0.0,0.0,0.0,2,279.0,0.0,0,897.0,0.0,0.0,0.0,0.0,0.0,0
2023-05-10 10:51:26,CF311P16200,CF311P16200,897.0,0.0,0.0,0.0,10,280.0,0.0,0,897.0,0.0,0.0,0.0,0.0,0.0,0
2023-05-10 10:51:26,CF311P16200,CF311P16200,897.0,0.0,0.0,0.0,1,207.0,0.0,0,897.0,0.0,0.0,0.0,0.0,0.0,0
2023-05-10 10:51:27,CF311P16200,CF311P16200,897.0,0.0,0.0,0.0,2,223.0,0.0,0,897.0,0.0,0.0,0.0,0.0,0.0,0
2023-05-10 10:51:27,CF311P16200,CF311P16200,897.0,0.0,0.0,0.0,10,224.0,0.0,0,897.0,0.0,0.0,0.0,0.0,0.0,0
2023-05-10 10:51:28,CF311P16200,CF311P16200,897.0,0.0,0.0,0.0,2,240.0,0.0,0,897.0,0.0,0.0,0.0,0.0,0.0,0
2023-05-10 10:51:28,CF311P16200,CF311P16200,897.0,0.0,0.0,0.0,10,241.0,0.0,0,897.0,0.0,0.0,0.0,0.0,0.0,0
2023-05-10 10:51:29,CF311P16200,CF311P16200,897.0,0.0,0.0,0.0,2,257.0,0.0,0,897.0,0.0,0.0,0.0,0.0,0.0,0
2023-05-10 10:51:30,CF311P16200,CF311P16200,897.0,0.0,0.0,0.0,10,258.0,0.0,0,897.0,0.0,0.0,0.0,0.0,0.0,0
2023-05-10 10:51:31,CF311P16200,CF311P16200,897.0,0.0,0.0,0.0,2,259.0,0.0,0,897.0,0.0,0.0,0.0,0.0,0.0,0
2023-05-10 10:51:31,CF311P16200,CF311P16200,897.0,0.0,0.0,0.0,10,260.0,0.0,0,897.0,0.0,0.0,0.0,0.0,0.0,0
2023-05-10 10:51:32,CF311P16200,CF311P16200,897.0,0.0,0.0,0.0,2,261.0,0.0,0,897.0,0.0,0.0,0.0,0.0,0.0,0
2023-05-10 10:51:33,CF311P16200,CF311P16200,897.0,0.0,0.0,0.0,10,262.0,0.0,0,897.0,0.0,0.0,0.0,0.0,0.0,0
2023-05-10 10:51:34,CF311P16200,CF311P16200,897.0,0.0,0.0,0.0,2,263.0,0.0,0,897.0,0.0,0.0,0.0,0.0,0.0,0
2023-05-10 10:51:34,CF311P16200,CF311P16200,897.0,0.0,0.0,0.0,10,264.0,0.0,0,897.0,0.0,0.0,0.0,0.0,0.0,0
