time,symbol_id,symbol_name,last,trade_volume,trade_amount,open_interest_change,bv1,bp1,ap1,av1,yesterday_close,today_open,today_high,today_low,volume,amount,open_interest
2023-05-09 19:10:58,CF311P15200,棉花2311沽15200,405.0,0.0,0.0,0.0,0,0.0,0.0,0,405.0,0.0,0.0,0.0,0.0,0.0,27
2023-05-09 20:59:00,CF311P15200,棉花2311沽15200,405.0,0.0,0.0,0.0,1,1.0,0.0,0,405.0,0.0,0.0,0.0,0.0,0.0,27
2023-05-09 21:01:12,CF311P15200,棉花2311沽15200,405.0,0.0,0.0,0.0,2,17.0,0.0,0,405.0,0.0,0.0,0.0,0.0,0.0,27
2023-05-09 21:01:12,CF311P15200,棉花2311沽15200,405.0,0.0,0.0,0.0,1,20.0,1362.0,1,405.0,0.0,0.0,0.0,0.0,0.0,27
2023-05-09 21:01:12,CF311P15200,棉花2311沽15200,405.0,0.0,0.0,0.0,2,17.0,0.0,0,405.0,0.0,0.0,0.0,0.0,0.0,27
2023-05-09 21:01:12,CF311P15200,棉花2311沽15200,405.0,0.0,0.0,0.0,1,20.0,1362.0,1,405.0,0.0,0.0,0.0,0.0,0.0,27
2023-05-09 21:01:30,CF311P15200,棉花2311沽15200,405.0,0.0,0.0,0.0,1,21.0,1362.0,1,405.0,0.0,0.0,0.0,0.0,0.0,27
2023-05-09 21:01:32,CF311P15200,棉花2311沽15200,405.0,0.0,0.0,0.0,1,24.0,1362.0,1,405.0,0.0,0.0,0.0,0.0,0.0,27
2023-05-09 21:02:15,CF311P15200,棉花2311沽15200,405.0,0.0,0.0,0.0,2,32.0,1362.0,1,405.0,0.0,0.0,0.0,0.0,0.0,27
2023-05-09 21:02:17,CF311P15200,棉花2311沽15200,405.0,0.0,0.0,0.0,1,35.0,1362.0,1,405.0,0.0,0.0,0.0,0.0,0.0,27
2023-05-09 21:02:20,CF311P15200,棉花2311沽15200,405.0,0.0,0.0,0.0,2,43.0,1362.0,1,405.0,0.0,0.0,0.0,0.0,0.0,27
2023-05-09 21:02:20,CF311P15200,棉花2311沽15200,405.0,0.0,0.0,0.0,1,46.0,1362.0,1,405.0,0.0,0.0,0.0,0.0,0.0,27
2023-05-09 21:02:20,CF311P15200,棉花2311沽15200,405.0,0.0,0.0,0.0,2,43.0,1362.0,1,405.0,0.0,0.0,0.0,0.0,0.0,27
2023-05-09 21:02:23,CF311P15200,棉花2311沽15200,405.0,0.0,0.0,0.0,2,47.0,1362.0,1,405.0,0.0,0.0,0.0,0.0,0.0,27
2023-05-09 21:02:24,CF311P15200,棉花2311沽15200,405.0,0.0,0.0,0.0,1,50.0,1362.0,1,405.0,0.0,0.0,0.0,0.0,0.0,27
2023-05-09 21:02:26,CF311P15200,棉花2311沽15200,405.0,0.0,0.0,0.0,2,51.0,1362.0,1,405.0,0.0,0.0,0.0,0.0,0.0,27
2023-05-09 21:02:28,CF311P15200,棉花2311沽15200,405.0,0.0,0.0,0.0,1,54.0,1362.0,1,405.0,0.0,0.0,0.0,0.0,0.0,27
2023-05-09 21:02:29,CF311P15200,棉花2311沽15200,405.0,0.0,0.0,0.0,2,55.0,1362.0,1,405.0,0.0,0.0,0.0,0.0,0.0,27
2023-05-09 21:02:30,CF311P15200,棉花2311沽15200,405.0,0.0,0.0,0.0,1,58.0,1362.0,1,405.0,0.0,0.0,0.0,0.0,0.0,27
2023-05-09 21:02:31,CF311P15200,棉花2311沽15200,405.0,0.0,0.0,0.0,2,59.0,1362.0,1,405.0,0.0,0.0,0.0,0.0,0.0,27
2023-05-09 21:02:36,CF311P15200,棉花2311沽15200,405.0,0.0,0.0,0.0,1,62.0,1362.0,1,405.0,0.0,0.0,0.0,0.0,0.0,27
2023-05-09 21:02:37,CF311P15200,棉花2311沽15200,405.0,0.0,0.0,0.0,2,63.0,1362.0,1,405.0,0.0,0.0,0.0,0.0,0.0,27
2023-05-09 21:02:40,CF311P15200,棉花2311沽15200,405.0,0.0,0.0,0.0,1,66.0,1362.0,1,405.0,0.0,0.0,0.0,0.0,0.0,27
2023-05-09 21:02:41,CF311P15200,棉花2311沽15200,405.0,0.0,0.0,0.0,2,67.0,1362.0,1,405.0,0.0,0.0,0.0,0.0,0.0,27
2023-05-09 21:02:45,CF311P15200,棉花2311沽15200,405.0,0.0,0.0,0.0,1,70.0,1362.0,1,405.0,0.0,0.0,0.0,0.0,0.0,27
2023-05-09 21:02:46,CF311P15200,棉花2311沽15200,405.0,0.0,0.0,0.0,2,71.0,1362.0,1,405.0,0.0,0.0,0.0,0.0,0.0,27
2023-05-09 21:02:47,CF311P15200,棉花2311沽15200,405.0,0.0,0.0,0.0,1,74.0,1362.0,1,405.0,0.0,0.0,0.0,0.0,0.0,27
2023-05-09 21:02:49,CF311P15200,棉花2311沽15200,405.0,0.0,0.0,0.0,2,75.0,1362.0,1,405.0,0.0,0.0,0.0,0.0,0.0,27
2023-05-09 21:02:52,CF311P15200,棉花2311沽15200,405.0,0.0,0.0,0.0,1,78.0,1362.0,1,405.0,0.0,0.0,0.0,0.0,0.0,27
2023-05-09 21:02:53,CF311P15200,棉花2311沽15200,405.0,0.0,0.0,0.0,2,79.0,1362.0,1,405.0,0.0,0.0,0.0,0.0,0.0,27
2023-05-09 21:02:53,CF311P15200,棉花2311沽15200,405.0,0.0,0.0,0.0,1,82.0,1362.0,1,405.0,0.0,0.0,0.0,0.0,0.0,27
2023-05-09 21:02:54,CF311P15200,棉花2311沽15200,405.0,0.0,0.0,0.0,2,83.0,1362.0,1,405.0,0.0,0.0,0.0,0.0,0.0,27
2023-05-09 21:02:54,CF311P15200,棉花2311沽15200,405.0,0.0,0.0,0.0,1,86.0,1362.0,1,405.0,0.0,0.0,0.0,0.0,0.0,27
2023-05-09 21:02:56,CF311P15200,棉花2311沽15200,405.0,0.0,0.0,0.0,2,87.0,1362.0,1,405.0,0.0,0.0,0.0,0.0,0.0,27
2023-05-09 21:02:56,CF311P15200,棉花2311沽15200,405.0,0.0,0.0,0.0,1,90.0,1362.0,1,405.0,0.0,0.0,0.0,0.0,0.0,27
2023-05-09 21:02:57,CF311P15200,棉花2311沽15200,405.0,0.0,0.0,0.0,2,91.0,1362.0,1,405.0,0.0,0.0,0.0,0.0,0.0,27
2023-05-09 21:02:59,CF311P15200,棉花2311沽15200,405.0,0.0,0.0,0.0,1,94.0,1362.0,1,405.0,0.0,0.0,0.0,0.0,0.0,27
2023-05-09 21:03:01,CF311P15200,棉花2311沽15200,405.0,0.0,0.0,0.0,2,95.0,1362.0,1,405.0,0.0,0.0,0.0,0.0,0.0,27
2023-05-09 21:03:04,CF311P15200,棉花2311沽15200,405.0,0.0,0.0,0.0,1,98.0,1362.0,1,405.0,0.0,0.0,0.0,0.0,0.0,27
2023-05-09 21:03:05,CF311P15200,棉花2311沽15200,405.0,0.0,0.0,0.0,2,99.0,1362.0,1,405.0,0.0,0.0,0.0,0.0,0.0,27
2023-05-09 21:03:05,CF311P15200,棉花2311沽15200,405.0,0.0,0.0,0.0,1,102.0,1362.0,1,405.0,0.0,0.0,0.0,0.0,0.0,27
2023-05-09 21:03:06,CF311P15200,棉花2311沽15200,405.0,0.0,0.0,0.0,2,103.0,1362.0,1,405.0,0.0,0.0,0.0,0.0,0.0,27
2023-05-09 21:03:10,CF311P15200,棉花2311沽15200,405.0,0.0,0.0,0.0,1,106.0,1362.0,1,405.0,0.0,0.0,0.0,0.0,0.0,27
2023-05-09 21:03:11,CF311P15200,棉花2311沽15200,405.0,0.0,0.0,0.0,2,107.0,1362.0,1,405.0,0.0,0.0,0.0,0.0,0.0,27
2023-05-09 21:03:11,CF311P15200,棉花2311沽15200,405.0,0.0,0.0,0.0,1,110.0,1362.0,1,405.0,0.0,0.0,0.0,0.0,0.0,27
2023-05-09 21:03:12,CF311P15200,棉花2311沽15200,405.0,0.0,0.0,0.0,2,111.0,1362.0,1,405.0,0.0,0.0,0.0,0.0,0.0,27
2023-05-09 21:03:13,CF311P15200,棉花2311沽15200,405.0,0.0,0.0,0.0,1,114.0,1362.0,1,405.0,0.0,0.0,0.0,0.0,0.0,27
2023-05-09 21:03:14,CF311P15200,棉花2311沽15200,405.0,0.0,0.0,0.0,2,115.0,1362.0,1,405.0,0.0,0.0,0.0,0.0,0.0,27
2023-05-09 21:03:14,CF311P15200,棉花2311沽15200,405.0,0.0,0.0,0.0,1,118.0,1362.0,1,405.0,0.0,0.0,0.0,0.0,0.0,27
2023-05-09 21:03:15,CF311P15200,棉花2311沽15200,405.0,0.0,0.0,0.0,2,119.0,1362.0,1,405.0,0.0,0.0,0.0,0.0,0.0,27
2023-05-09 21:03:19,CF311P15200,棉花2311沽15200,405.0,0.0,0.0,0.0,1,122.0,1362.0,1,405.0,0.0,0.0,0.0,0.0,0.0,27
2023-05-09 21:03:20,CF311P15200,棉花2311沽15200,405.0,0.0,0.0,0.0,2,123.0,1362.0,1,405.0,0.0,0.0,0.0,0.0,0.0,27
2023-05-09 21:03:24,CF311P15200,棉花2311沽15200,405.0,0.0,0.0,0.0,1,126.0,1362.0,1,405.0,0.0,0.0,0.0,0.0,0.0,27
2023-05-09 21:03:25,CF311P15200,棉花2311沽15200,405.0,0.0,0.0,0.0,2,127.0,1362.0,1,405.0,0.0,0.0,0.0,0.0,0.0,27
2023-05-09 21:03:29,CF311P15200,棉花2311沽15200,405.0,0.0,0.0,0.0,1,130.0,1362.0,1,405.0,0.0,0.0,0.0,0.0,0.0,27
2023-05-09 21:03:30,CF311P15200,棉花2311沽15200,405.0,0.0,0.0,0.0,2,138.0,1362.0,1,405.0,0.0,0.0,0.0,0.0,0.0,27
2023-05-09 21:03:33,CF311P15200,棉花2311沽15200,405.0,0.0,0.0,0.0,1,141.0,1362.0,1,405.0,0.0,0.0,0.0,0.0,0.0,27
2023-05-09 21:03:34,CF311P15200,棉花2311沽15200,405.0,0.0,0.0,0.0,2,149.0,1362.0,1,405.0,0.0,0.0,0.0,0.0,0.0,27
2023-05-09 21:03:34,CF311P15200,棉花2311沽15200,405.0,0.0,0.0,0.0,1,152.0,1362.0,1,405.0,0.0,0.0,0.0,0.0,0.0,27
2023-05-09 21:03:35,CF311P15200,棉花2311沽15200,405.0,0.0,0.0,0.0,2,153.0,1362.0,1,405.0,0.0,0.0,0.0,0.0,0.0,27
2023-05-09 21:03:35,CF311P15200,棉花2311沽15200,405.0,0.0,0.0,0.0,1,156.0,1362.0,1,405.0,0.0,0.0,0.0,0.0,0.0,27
2023-05-09 21:03:36,CF311P15200,棉花2311沽15200,405.0,0.0,0.0,0.0,2,157.0,1362.0,1,405.0,0.0,0.0,0.0,0.0,0.0,27
2023-05-09 21:03:36,CF311P15200,棉花2311沽15200,405.0,0.0,0.0,0.0,1,160.0,1362.0,1,405.0,0.0,0.0,0.0,0.0,0.0,27
2023-05-09 21:03:37,CF311P15200,棉花2311沽15200,405.0,0.0,0.0,0.0,2,161.0,1362.0,1,405.0,0.0,0.0,0.0,0.0,0.0,27
2023-05-09 21:03:38,CF311P15200,棉花2311沽15200,405.0,0.0,0.0,0.0,1,164.0,1362.0,1,405.0,0.0,0.0,0.0,0.0,0.0,27
2023-05-09 21:03:38,CF311P15200,棉花2311沽15200,405.0,0.0,0.0,0.0,2,165.0,1362.0,1,405.0,0.0,0.0,0.0,0.0,0.0,27
2023-05-09 21:03:40,CF311P15200,棉花2311沽15200,405.0,0.0,0.0,0.0,1,168.0,1362.0,1,405.0,0.0,0.0,0.0,0.0,0.0,27
2023-05-09 21:03:41,CF311P15200,棉花2311沽15200,405.0,0.0,0.0,0.0,2,169.0,1362.0,1,405.0,0.0,0.0,0.0,0.0,0.0,27
2023-05-09 21:03:43,CF311P15200,棉花2311沽15200,405.0,0.0,0.0,0.0,1,172.0,1362.0,1,405.0,0.0,0.0,0.0,0.0,0.0,27
2023-05-09 21:03:44,CF311P15200,棉花2311沽15200,405.0,0.0,0.0,0.0,2,173.0,1362.0,1,405.0,0.0,0.0,0.0,0.0,0.0,27
2023-05-09 21:03:47,CF311P15200,棉花2311沽15200,405.0,0.0,0.0,0.0,1,176.0,1362.0,1,405.0,0.0,0.0,0.0,0.0,0.0,27
2023-05-09 21:03:48,CF311P15200,棉花2311沽15200,405.0,0.0,0.0,0.0,2,177.0,1362.0,1,405.0,0.0,0.0,0.0,0.0,0.0,27
2023-05-09 21:03:48,CF311P15200,棉花2311沽15200,405.0,0.0,0.0,0.0,1,180.0,1362.0,1,405.0,0.0,0.0,0.0,0.0,0.0,27
2023-05-09 21:03:49,CF311P15200,棉花2311沽15200,405.0,0.0,0.0,0.0,2,181.0,1362.0,1,405.0,0.0,0.0,0.0,0.0,0.0,27
2023-05-09 21:03:51,CF311P15200,棉花2311沽15200,405.0,0.0,0.0,0.0,1,184.0,1362.0,1,405.0,0.0,0.0,0.0,0.0,0.0,27
2023-05-09 21:03:52,CF311P15200,棉花2311沽15200,405.0,0.0,0.0,0.0,2,185.0,1362.0,1,405.0,0.0,0.0,0.0,0.0,0.0,27
2023-05-09 21:03:55,CF311P15200,棉花2311沽15200,405.0,0.0,0.0,0.0,1,188.0,1362.0,1,405.0,0.0,0.0,0.0,0.0,0.0,27
2023-05-09 21:14:22,CF311P15200,棉花2311沽15200,405.0,0.0,0.0,0.0,1,188.0,1351.0,1,405.0,0.0,0.0,0.0,0.0,0.0,27
2023-05-09 21:14:23,CF311P15200,棉花2311沽15200,405.0,0.0,0.0,0.0,1,188.0,1348.0,1,405.0,0.0,0.0,0.0,0.0,0.0,27
2023-05-09 21:14:32,CF311P15200,棉花2311沽15200,405.0,0.0,0.0,0.0,1,188.0,1337.0,1,405.0,0.0,0.0,0.0,0.0,0.0,27
2023-05-09 21:14:33,CF311P15200,棉花2311沽15200,405.0,0.0,0.0,0.0,1,188.0,1334.0,1,405.0,0.0,0.0,0.0,0.0,0.0,27
2023-05-09 21:14:38,CF311P15200,棉花2311沽15200,405.0,0.0,0.0,0.0,1,188.0,1323.0,1,405.0,0.0,0.0,0.0,0.0,0.0,27
2023-05-09 21:14:38,CF311P15200,棉花2311沽15200,405.0,0.0,0.0,0.0,1,188.0,1320.0,1,405.0,0.0,0.0,0.0,0.0,0.0,27
2023-05-09 21:14:44,CF311P15200,棉花2311沽15200,405.0,0.0,0.0,0.0,1,188.0,1309.0,1,405.0,0.0,0.0,0.0,0.0,0.0,27
2023-05-09 21:14:45,CF311P15200,棉花2311沽15200,405.0,0.0,0.0,0.0,1,188.0,1306.0,1,405.0,0.0,0.0,0.0,0.0,0.0,27
2023-05-09 21:14:55,CF311P15200,棉花2311沽15200,405.0,0.0,0.0,0.0,1,188.0,1295.0,1,405.0,0.0,0.0,0.0,0.0,0.0,27
2023-05-09 21:14:55,CF311P15200,棉花2311沽15200,405.0,0.0,0.0,0.0,1,188.0,1292.0,1,405.0,0.0,0.0,0.0,0.0,0.0,27
2023-05-09 21:15:04,CF311P15200,棉花2311沽15200,405.0,0.0,0.0,0.0,1,188.0,1286.0,1,405.0,0.0,0.0,0.0,0.0,0.0,27
2023-05-09 21:15:04,CF311P15200,棉花2311沽15200,405.0,0.0,0.0,0.0,1,188.0,1283.0,1,405.0,0.0,0.0,0.0,0.0,0.0,27
2023-05-09 21:15:18,CF311P15200,棉花2311沽15200,405.0,0.0,0.0,0.0,1,188.0,1272.0,1,405.0,0.0,0.0,0.0,0.0,0.0,27
2023-05-09 21:15:18,CF311P15200,棉花2311沽15200,405.0,0.0,0.0,0.0,1,188.0,1269.0,1,405.0,0.0,0.0,0.0,0.0,0.0,27
2023-05-09 21:15:25,CF311P15200,棉花2311沽15200,405.0,0.0,0.0,0.0,1,188.0,1258.0,1,405.0,0.0,0.0,0.0,0.0,0.0,27
2023-05-09 21:15:26,CF311P15200,棉花2311沽15200,405.0,0.0,0.0,0.0,1,188.0,1255.0,1,405.0,0.0,0.0,0.0,0.0,0.0,27
2023-05-09 21:15:35,CF311P15200,棉花2311沽15200,405.0,0.0,0.0,0.0,1,188.0,1249.0,1,405.0,0.0,0.0,0.0,0.0,0.0,27
2023-05-09 21:15:36,CF311P15200,棉花2311沽15200,405.0,0.0,0.0,0.0,1,188.0,1246.0,1,405.0,0.0,0.0,0.0,0.0,0.0,27
2023-05-09 21:15:52,CF311P15200,棉花2311沽15200,405.0,0.0,0.0,0.0,1,188.0,1245.0,1,405.0,0.0,0.0,0.0,0.0,0.0,27
2023-05-09 21:15:53,CF311P15200,棉花2311沽15200,405.0,0.0,0.0,0.0,1,188.0,1242.0,1,405.0,0.0,0.0,0.0,0.0,0.0,27
2023-05-09 21:16:01,CF311P15200,棉花2311沽15200,405.0,0.0,0.0,0.0,1,188.0,1241.0,1,405.0,0.0,0.0,0.0,0.0,0.0,27
2023-05-09 21:16:02,CF311P15200,棉花2311沽15200,405.0,0.0,0.0,0.0,1,188.0,1238.0,1,405.0,0.0,0.0,0.0,0.0,0.0,27
2023-05-09 21:16:07,CF311P15200,棉花2311沽15200,405.0,0.0,0.0,0.0,1,188.0,1237.0,1,405.0,0.0,0.0,0.0,0.0,0.0,27
2023-05-09 21:16:08,CF311P15200,棉花2311沽15200,405.0,0.0,0.0,0.0,1,188.0,1234.0,1,405.0,0.0,0.0,0.0,0.0,0.0,27
2023-05-09 21:16:17,CF311P15200,棉花2311沽15200,405.0,0.0,0.0,0.0,1,188.0,1233.0,1,405.0,0.0,0.0,0.0,0.0,0.0,27
2023-05-09 21:16:17,CF311P15200,棉花2311沽15200,405.0,0.0,0.0,0.0,1,188.0,1230.0,1,405.0,0.0,0.0,0.0,0.0,0.0,27
2023-05-09 21:16:26,CF311P15200,棉花2311沽15200,405.0,0.0,0.0,0.0,1,188.0,1229.0,1,405.0,0.0,0.0,0.0,0.0,0.0,27
2023-05-09 21:16:27,CF311P15200,棉花2311沽15200,405.0,0.0,0.0,0.0,1,188.0,1226.0,1,405.0,0.0,0.0,0.0,0.0,0.0,27
2023-05-09 21:16:32,CF311P15200,棉花2311沽15200,405.0,0.0,0.0,0.0,1,188.0,1225.0,1,405.0,0.0,0.0,0.0,0.0,0.0,27
2023-05-09 21:16:32,CF311P15200,棉花2311沽15200,405.0,0.0,0.0,0.0,1,188.0,1222.0,1,405.0,0.0,0.0,0.0,0.0,0.0,27
2023-05-09 21:16:38,CF311P15200,棉花2311沽15200,405.0,0.0,0.0,0.0,1,188.0,1221.0,1,405.0,0.0,0.0,0.0,0.0,0.0,27
2023-05-09 21:16:39,CF311P15200,棉花2311沽15200,405.0,0.0,0.0,0.0,1,188.0,1218.0,1,405.0,0.0,0.0,0.0,0.0,0.0,27
2023-05-09 21:16:45,CF311P15200,棉花2311沽15200,405.0,0.0,0.0,0.0,1,188.0,1217.0,1,405.0,0.0,0.0,0.0,0.0,0.0,27
2023-05-09 21:16:46,CF311P15200,棉花2311沽15200,405.0,0.0,0.0,0.0,1,188.0,1214.0,1,405.0,0.0,0.0,0.0,0.0,0.0,27
2023-05-09 21:16:52,CF311P15200,棉花2311沽15200,405.0,0.0,0.0,0.0,1,188.0,1213.0,1,405.0,0.0,0.0,0.0,0.0,0.0,27
2023-05-09 21:16:52,CF311P15200,棉花2311沽15200,405.0,0.0,0.0,0.0,1,188.0,1210.0,1,405.0,0.0,0.0,0.0,0.0,0.0,27
2023-05-09 21:16:58,CF311P15200,棉花2311沽15200,405.0,0.0,0.0,0.0,1,188.0,1209.0,1,405.0,0.0,0.0,0.0,0.0,0.0,27
2023-05-09 21:16:58,CF311P15200,棉花2311沽15200,405.0,0.0,0.0,0.0,1,188.0,1206.0,1,405.0,0.0,0.0,0.0,0.0,0.0,27
2023-05-09 21:17:08,CF311P15200,棉花2311沽15200,405.0,0.0,0.0,0.0,1,188.0,1205.0,1,405.0,0.0,0.0,0.0,0.0,0.0,27
2023-05-09 21:17:08,CF311P15200,棉花2311沽15200,405.0,0.0,0.0,0.0,1,188.0,1202.0,1,405.0,0.0,0.0,0.0,0.0,0.0,27
2023-05-09 21:17:21,CF311P15200,棉花2311沽15200,405.0,0.0,0.0,0.0,1,188.0,1201.0,1,405.0,0.0,0.0,0.0,0.0,0.0,27
2023-05-09 21:17:21,CF311P15200,棉花2311沽15200,405.0,0.0,0.0,0.0,1,188.0,1198.0,1,405.0,0.0,0.0,0.0,0.0,0.0,27
2023-05-09 21:17:28,CF311P15200,棉花2311沽15200,405.0,0.0,0.0,0.0,1,188.0,1197.0,1,405.0,0.0,0.0,0.0,0.0,0.0,27
2023-05-09 21:17:28,CF311P15200,棉花2311沽15200,405.0,0.0,0.0,0.0,1,188.0,1194.0,1,405.0,0.0,0.0,0.0,0.0,0.0,27
2023-05-09 21:17:39,CF311P15200,棉花2311沽15200,405.0,0.0,0.0,0.0,1,188.0,1193.0,1,405.0,0.0,0.0,0.0,0.0,0.0,27
2023-05-09 21:17:40,CF311P15200,棉花2311沽15200,405.0,0.0,0.0,0.0,1,188.0,1190.0,1,405.0,0.0,0.0,0.0,0.0,0.0,27
2023-05-09 21:17:46,CF311P15200,棉花2311沽15200,405.0,0.0,0.0,0.0,1,188.0,1189.0,1,405.0,0.0,0.0,0.0,0.0,0.0,27
2023-05-09 21:17:47,CF311P15200,棉花2311沽15200,405.0,0.0,0.0,0.0,1,188.0,1186.0,1,405.0,0.0,0.0,0.0,0.0,0.0,27
2023-05-09 21:17:55,CF311P15200,棉花2311沽15200,405.0,0.0,0.0,0.0,1,188.0,1185.0,1,405.0,0.0,0.0,0.0,0.0,0.0,27
2023-05-09 21:17:55,CF311P15200,棉花2311沽15200,405.0,0.0,0.0,0.0,1,188.0,1182.0,1,405.0,0.0,0.0,0.0,0.0,0.0,27
2023-05-09 21:18:06,CF311P15200,棉花2311沽15200,405.0,0.0,0.0,0.0,1,188.0,1181.0,1,405.0,0.0,0.0,0.0,0.0,0.0,27
2023-05-09 21:18:06,CF311P15200,棉花2311沽15200,405.0,0.0,0.0,0.0,1,188.0,1178.0,1,405.0,0.0,0.0,0.0,0.0,0.0,27
2023-05-09 21:18:16,CF311P15200,棉花2311沽15200,405.0,0.0,0.0,0.0,1,188.0,1177.0,1,405.0,0.0,0.0,0.0,0.0,0.0,27
2023-05-09 21:18:17,CF311P15200,棉花2311沽15200,405.0,0.0,0.0,0.0,1,188.0,1174.0,1,405.0,0.0,0.0,0.0,0.0,0.0,27
2023-05-09 21:18:29,CF311P15200,棉花2311沽15200,405.0,0.0,0.0,0.0,1,188.0,1173.0,1,405.0,0.0,0.0,0.0,0.0,0.0,27
2023-05-09 21:18:30,CF311P15200,棉花2311沽15200,405.0,0.0,0.0,0.0,1,188.0,1170.0,1,405.0,0.0,0.0,0.0,0.0,0.0,27
2023-05-09 21:18:38,CF311P15200,棉花2311沽15200,405.0,0.0,0.0,0.0,1,188.0,1169.0,1,405.0,0.0,0.0,0.0,0.0,0.0,27
2023-05-09 21:18:38,CF311P15200,棉花2311沽15200,405.0,0.0,0.0,0.0,1,188.0,1166.0,1,405.0,0.0,0.0,0.0,0.0,0.0,27
2023-05-09 21:18:46,CF311P15200,棉花2311沽15200,405.0,0.0,0.0,0.0,1,188.0,1165.0,1,405.0,0.0,0.0,0.0,0.0,0.0,27
2023-05-09 21:18:46,CF311P15200,棉花2311沽15200,405.0,0.0,0.0,0.0,1,188.0,1162.0,1,405.0,0.0,0.0,0.0,0.0,0.0,27
2023-05-09 21:18:53,CF311P15200,棉花2311沽15200,405.0,0.0,0.0,0.0,1,188.0,1161.0,1,405.0,0.0,0.0,0.0,0.0,0.0,27
2023-05-09 21:18:53,CF311P15200,棉花2311沽15200,405.0,0.0,0.0,0.0,1,188.0,1158.0,1,405.0,0.0,0.0,0.0,0.0,0.0,27
2023-05-09 21:18:57,CF311P15200,棉花2311沽15200,405.0,0.0,0.0,0.0,1,188.0,1157.0,1,405.0,0.0,0.0,0.0,0.0,0.0,27
2023-05-09 21:18:57,CF311P15200,棉花2311沽15200,405.0,0.0,0.0,0.0,1,188.0,1154.0,1,405.0,0.0,0.0,0.0,0.0,0.0,27
2023-05-09 21:19:00,CF311P15200,棉花2311沽15200,405.0,0.0,0.0,0.0,1,188.0,1153.0,1,405.0,0.0,0.0,0.0,0.0,0.0,27
2023-05-09 21:19:00,CF311P15200,棉花2311沽15200,405.0,0.0,0.0,0.0,1,188.0,1150.0,1,405.0,0.0,0.0,0.0,0.0,0.0,27
2023-05-09 21:19:04,CF311P15200,棉花2311沽15200,405.0,0.0,0.0,0.0,1,188.0,1149.0,1,405.0,0.0,0.0,0.0,0.0,0.0,27
2023-05-09 21:19:04,CF311P15200,棉花2311沽15200,405.0,0.0,0.0,0.0,1,188.0,1146.0,1,405.0,0.0,0.0,0.0,0.0,0.0,27
2023-05-09 21:19:09,CF311P15200,棉花2311沽15200,405.0,0.0,0.0,0.0,1,188.0,1145.0,1,405.0,0.0,0.0,0.0,0.0,0.0,27
2023-05-09 21:19:09,CF311P15200,棉花2311沽15200,405.0,0.0,0.0,0.0,1,188.0,1142.0,1,405.0,0.0,0.0,0.0,0.0,0.0,27
2023-05-09 21:19:15,CF311P15200,棉花2311沽15200,405.0,0.0,0.0,0.0,1,188.0,1141.0,1,405.0,0.0,0.0,0.0,0.0,0.0,27
2023-05-09 21:19:15,CF311P15200,棉花2311沽15200,405.0,0.0,0.0,0.0,1,188.0,1138.0,1,405.0,0.0,0.0,0.0,0.0,0.0,27
2023-05-09 21:19:19,CF311P15200,棉花2311沽15200,405.0,0.0,0.0,0.0,1,188.0,1137.0,1,405.0,0.0,0.0,0.0,0.0,0.0,27
2023-05-09 21:19:19,CF311P15200,棉花2311沽15200,405.0,0.0,0.0,0.0,1,188.0,1134.0,1,405.0,0.0,0.0,0.0,0.0,0.0,27
2023-05-09 21:19:24,CF311P15200,棉花2311沽15200,405.0,0.0,0.0,0.0,1,188.0,1133.0,1,405.0,0.0,0.0,0.0,0.0,0.0,27
2023-05-09 21:19:24,CF311P15200,棉花2311沽15200,405.0,0.0,0.0,0.0,1,188.0,1130.0,1,405.0,0.0,0.0,0.0,0.0,0.0,27
2023-05-09 21:19:27,CF311P15200,棉花2311沽15200,405.0,0.0,0.0,0.0,1,188.0,1129.0,1,405.0,0.0,0.0,0.0,0.0,0.0,27
2023-05-09 21:19:28,CF311P15200,棉花2311沽15200,405.0,0.0,0.0,0.0,1,188.0,1126.0,1,405.0,0.0,0.0,0.0,0.0,0.0,27
2023-05-09 21:19:32,CF311P15200,棉花2311沽15200,405.0,0.0,0.0,0.0,1,188.0,1125.0,1,405.0,0.0,0.0,0.0,0.0,0.0,27
2023-05-09 21:19:33,CF311P15200,棉花2311沽15200,405.0,0.0,0.0,0.0,1,188.0,1122.0,1,405.0,0.0,0.0,0.0,0.0,0.0,27
2023-05-09 21:19:36,CF311P15200,棉花2311沽15200,405.0,0.0,0.0,0.0,1,188.0,1121.0,1,405.0,0.0,0.0,0.0,0.0,0.0,27
2023-05-09 21:19:37,CF311P15200,棉花2311沽15200,405.0,0.0,0.0,0.0,1,188.0,1118.0,1,405.0,0.0,0.0,0.0,0.0,0.0,27
2023-05-09 21:19:42,CF311P15200,棉花2311沽15200,405.0,0.0,0.0,0.0,1,188.0,1117.0,1,405.0,0.0,0.0,0.0,0.0,0.0,27
2023-05-09 21:19:43,CF311P15200,棉花2311沽15200,405.0,0.0,0.0,0.0,1,188.0,1114.0,1,405.0,0.0,0.0,0.0,0.0,0.0,27
2023-05-09 21:19:47,CF311P15200,棉花2311沽15200,405.0,0.0,0.0,0.0,1,188.0,1113.0,1,405.0,0.0,0.0,0.0,0.0,0.0,27
2023-05-09 21:19:47,CF311P15200,棉花2311沽15200,405.0,0.0,0.0,0.0,1,188.0,1110.0,1,405.0,0.0,0.0,0.0,0.0,0.0,27
2023-05-09 21:19:52,CF311P15200,棉花2311沽15200,405.0,0.0,0.0,0.0,1,188.0,1109.0,1,405.0,0.0,0.0,0.0,0.0,0.0,27
2023-05-09 21:19:53,CF311P15200,棉花2311沽15200,405.0,0.0,0.0,0.0,1,188.0,1106.0,1,405.0,0.0,0.0,0.0,0.0,0.0,27
2023-05-09 21:19:57,CF311P15200,棉花2311沽15200,405.0,0.0,0.0,0.0,1,188.0,1105.0,1,405.0,0.0,0.0,0.0,0.0,0.0,27
2023-05-09 21:19:58,CF311P15200,棉花2311沽15200,405.0,0.0,0.0,0.0,1,188.0,1102.0,1,405.0,0.0,0.0,0.0,0.0,0.0,27
2023-05-09 21:20:05,CF311P15200,棉花2311沽15200,405.0,0.0,0.0,0.0,1,188.0,1101.0,1,405.0,0.0,0.0,0.0,0.0,0.0,27
2023-05-09 21:20:05,CF311P15200,棉花2311沽15200,405.0,0.0,0.0,0.0,1,188.0,1098.0,1,405.0,0.0,0.0,0.0,0.0,0.0,27
2023-05-09 21:20:09,CF311P15200,棉花2311沽15200,405.0,0.0,0.0,0.0,1,188.0,1097.0,1,405.0,0.0,0.0,0.0,0.0,0.0,27
2023-05-09 21:20:10,CF311P15200,棉花2311沽15200,405.0,0.0,0.0,0.0,1,188.0,1094.0,1,405.0,0.0,0.0,0.0,0.0,0.0,27
2023-05-09 21:20:15,CF311P15200,棉花2311沽15200,405.0,0.0,0.0,0.0,1,188.0,1093.0,1,405.0,0.0,0.0,0.0,0.0,0.0,27
2023-05-09 21:20:16,CF311P15200,棉花2311沽15200,405.0,0.0,0.0,0.0,1,188.0,1090.0,1,405.0,0.0,0.0,0.0,0.0,0.0,27
2023-05-09 21:20:19,CF311P15200,棉花2311沽15200,405.0,0.0,0.0,0.0,1,188.0,1089.0,1,405.0,0.0,0.0,0.0,0.0,0.0,27
2023-05-09 21:20:19,CF311P15200,棉花2311沽15200,405.0,0.0,0.0,0.0,1,188.0,1086.0,1,405.0,0.0,0.0,0.0,0.0,0.0,27
2023-05-09 21:31:30,CF311P15200,棉花2311沽15200,405.0,0.0,0.0,0.0,1,189.0,1086.0,1,405.0,0.0,0.0,0.0,0.0,0.0,27
2023-05-09 21:31:30,CF311P15200,棉花2311沽15200,405.0,0.0,0.0,0.0,1,192.0,1086.0,1,405.0,0.0,0.0,0.0,0.0,0.0,27
2023-05-09 22:01:30,CF311P15200,棉花2311沽15200,405.0,0.0,0.0,0.0,1,193.0,1086.0,1,405.0,0.0,0.0,0.0,0.0,0.0,27
2023-05-09 22:01:31,CF311P15200,棉花2311沽15200,405.0,0.0,0.0,0.0,1,196.0,1086.0,1,405.0,0.0,0.0,0.0,0.0,0.0,27
2023-05-09 22:31:30,CF311P15200,棉花2311沽15200,405.0,0.0,0.0,0.0,1,197.0,1086.0,1,405.0,0.0,0.0,0.0,0.0,0.0,27
2023-05-09 22:31:31,CF311P15200,棉花2311沽15200,405.0,0.0,0.0,0.0,1,200.0,1086.0,1,405.0,0.0,0.0,0.0,0.0,0.0,27
2023-05-09 22:58:00,CF311P15200,棉花2311沽15200,405.0,0.0,0.0,0.0,1,5.0,1086.0,1,405.0,0.0,0.0,0.0,0.0,0.0,27
2023-05-09 22:58:00,CF311P15200,棉花2311沽15200,405.0,0.0,0.0,0.0,1,8.0,1086.0,1,405.0,0.0,0.0,0.0,0.0,0.0,27
2023-05-09 22:59:55,CF311P15200,棉花2311沽15200,405.0,0.0,0.0,0.0,1,5.0,0.0,0,405.0,0.0,0.0,0.0,0.0,0.0,27
2023-05-10 09:00:36,CF311P15200,棉花2311沽15200,405.0,0.0,0.0,0.0,1,6.0,0.0,0,405.0,0.0,0.0,0.0,0.0,0.0,27
2023-05-10 09:01:15,CF311P15200,棉花2311沽15200,405.0,0.0,0.0,0.0,2,14.0,0.0,0,405.0,0.0,0.0,0.0,0.0,0.0,27
2023-05-10 09:01:18,CF311P15200,棉花2311沽15200,405.0,0.0,0.0,0.0,1,17.0,1362.0,1,405.0,0.0,0.0,0.0,0.0,0.0,27
2023-05-10 09:01:59,CF311P15200,棉花2311沽15200,405.0,0.0,0.0,0.0,2,33.0,1362.0,1,405.0,0.0,0.0,0.0,0.0,0.0,27
2023-05-10 09:02:04,CF311P15200,棉花2311沽15200,405.0,0.0,0.0,0.0,1,36.0,1362.0,1,405.0,0.0,0.0,0.0,0.0,0.0,27
2023-05-10 09:02:05,CF311P15200,棉花2311沽15200,405.0,0.0,0.0,0.0,2,44.0,1362.0,1,405.0,0.0,0.0,0.0,0.0,0.0,27
2023-05-10 09:02:07,CF311P15200,棉花2311沽15200,405.0,0.0,0.0,0.0,1,47.0,1362.0,1,405.0,0.0,0.0,0.0,0.0,0.0,27
2023-05-10 09:02:08,CF311P15200,棉花2311沽15200,405.0,0.0,0.0,0.0,2,48.0,1362.0,1,405.0,0.0,0.0,0.0,0.0,0.0,27
2023-05-10 09:02:13,CF311P15200,棉花2311沽15200,405.0,0.0,0.0,0.0,1,51.0,1362.0,1,405.0,0.0,0.0,0.0,0.0,0.0,27
2023-05-10 09:02:14,CF311P15200,棉花2311沽15200,405.0,0.0,0.0,0.0,2,52.0,1362.0,1,405.0,0.0,0.0,0.0,0.0,0.0,27
2023-05-10 09:02:19,CF311P15200,棉花2311沽15200,405.0,0.0,0.0,0.0,1,55.0,1362.0,1,405.0,0.0,0.0,0.0,0.0,0.0,27
2023-05-10 09:02:20,CF311P15200,棉花2311沽15200,405.0,0.0,0.0,0.0,2,56.0,1362.0,1,405.0,0.0,0.0,0.0,0.0,0.0,27
2023-05-10 09:02:22,CF311P15200,棉花2311沽15200,405.0,0.0,0.0,0.0,1,59.0,1362.0,1,405.0,0.0,0.0,0.0,0.0,0.0,27
2023-05-10 09:02:23,CF311P15200,棉花2311沽15200,405.0,0.0,0.0,0.0,2,60.0,1362.0,1,405.0,0.0,0.0,0.0,0.0,0.0,27
2023-05-10 09:02:25,CF311P15200,棉花2311沽15200,405.0,0.0,0.0,0.0,1,63.0,1362.0,1,405.0,0.0,0.0,0.0,0.0,0.0,27
2023-05-10 09:02:26,CF311P15200,棉花2311沽15200,405.0,0.0,0.0,0.0,2,64.0,1362.0,1,405.0,0.0,0.0,0.0,0.0,0.0,27
2023-05-10 09:02:28,CF311P15200,棉花2311沽15200,405.0,0.0,0.0,0.0,1,67.0,1362.0,1,405.0,0.0,0.0,0.0,0.0,0.0,27
2023-05-10 09:02:29,CF311P15200,棉花2311沽15200,405.0,0.0,0.0,0.0,2,68.0,1362.0,1,405.0,0.0,0.0,0.0,0.0,0.0,27
2023-05-10 09:02:31,CF311P15200,棉花2311沽15200,405.0,0.0,0.0,0.0,1,71.0,1362.0,1,405.0,0.0,0.0,0.0,0.0,0.0,27
2023-05-10 09:02:32,CF311P15200,棉花2311沽15200,405.0,0.0,0.0,0.0,2,72.0,1362.0,1,405.0,0.0,0.0,0.0,0.0,0.0,27
2023-05-10 09:02:36,CF311P15200,棉花2311沽15200,405.0,0.0,0.0,0.0,1,75.0,1362.0,1,405.0,0.0,0.0,0.0,0.0,0.0,27
2023-05-10 09:02:37,CF311P15200,棉花2311沽15200,405.0,0.0,0.0,0.0,2,76.0,1362.0,1,405.0,0.0,0.0,0.0,0.0,0.0,27
2023-05-10 09:02:39,CF311P15200,棉花2311沽15200,405.0,0.0,0.0,0.0,1,79.0,1362.0,1,405.0,0.0,0.0,0.0,0.0,0.0,27
2023-05-10 09:02:40,CF311P15200,棉花2311沽15200,405.0,0.0,0.0,0.0,2,80.0,1362.0,1,405.0,0.0,0.0,0.0,0.0,0.0,27
2023-05-10 09:02:42,CF311P15200,棉花2311沽15200,405.0,0.0,0.0,0.0,1,83.0,1362.0,1,405.0,0.0,0.0,0.0,0.0,0.0,27
2023-05-10 09:02:43,CF311P15200,棉花2311沽15200,405.0,0.0,0.0,0.0,2,84.0,1362.0,1,405.0,0.0,0.0,0.0,0.0,0.0,27
2023-05-10 09:02:45,CF311P15200,棉花2311沽15200,405.0,0.0,0.0,0.0,1,87.0,1362.0,1,405.0,0.0,0.0,0.0,0.0,0.0,27
2023-05-10 09:02:46,CF311P15200,棉花2311沽15200,405.0,0.0,0.0,0.0,2,88.0,1362.0,1,405.0,0.0,0.0,0.0,0.0,0.0,27
2023-05-10 09:02:48,CF311P15200,棉花2311沽15200,405.0,0.0,0.0,0.0,1,91.0,1362.0,1,405.0,0.0,0.0,0.0,0.0,0.0,27
2023-05-10 09:02:49,CF311P15200,棉花2311沽15200,405.0,0.0,0.0,0.0,2,92.0,1362.0,1,405.0,0.0,0.0,0.0,0.0,0.0,27
2023-05-10 09:02:49,CF311P15200,棉花2311沽15200,405.0,0.0,0.0,0.0,1,95.0,1362.0,1,405.0,0.0,0.0,0.0,0.0,0.0,27
2023-05-10 09:02:50,CF311P15200,棉花2311沽15200,405.0,0.0,0.0,0.0,2,96.0,1362.0,1,405.0,0.0,0.0,0.0,0.0,0.0,27
2023-05-10 09:02:50,CF311P15200,棉花2311沽15200,405.0,0.0,0.0,0.0,1,99.0,1362.0,1,405.0,0.0,0.0,0.0,0.0,0.0,27
2023-05-10 09:02:51,CF311P15200,棉花2311沽15200,405.0,0.0,0.0,0.0,2,100.0,1362.0,1,405.0,0.0,0.0,0.0,0.0,0.0,27
2023-05-10 09:02:51,CF311P15200,棉花2311沽15200,405.0,0.0,0.0,0.0,1,103.0,1362.0,1,405.0,0.0,0.0,0.0,0.0,0.0,27
2023-05-10 09:02:52,CF311P15200,棉花2311沽15200,405.0,0.0,0.0,0.0,2,104.0,1362.0,1,405.0,0.0,0.0,0.0,0.0,0.0,27
2023-05-10 09:02:58,CF311P15200,棉花2311沽15200,405.0,0.0,0.0,0.0,1,107.0,1362.0,1,405.0,0.0,0.0,0.0,0.0,0.0,27
2023-05-10 09:02:59,CF311P15200,棉花2311沽15200,405.0,0.0,0.0,0.0,2,108.0,1362.0,1,405.0,0.0,0.0,0.0,0.0,0.0,27
2023-05-10 09:03:02,CF311P15200,棉花2311沽15200,405.0,0.0,0.0,0.0,1,111.0,1362.0,1,405.0,0.0,0.0,0.0,0.0,0.0,27
2023-05-10 09:03:03,CF311P15200,棉花2311沽15200,405.0,0.0,0.0,0.0,2,112.0,1362.0,1,405.0,0.0,0.0,0.0,0.0,0.0,27
2023-05-10 09:03:10,CF311P15200,棉花2311沽15200,405.0,0.0,0.0,0.0,1,115.0,1362.0,1,405.0,0.0,0.0,0.0,0.0,0.0,27
2023-05-10 09:03:11,CF311P15200,棉花2311沽15200,405.0,0.0,0.0,0.0,2,116.0,1362.0,1,405.0,0.0,0.0,0.0,0.0,0.0,27
2023-05-10 09:03:14,CF311P15200,棉花2311沽15200,405.0,0.0,0.0,0.0,1,119.0,1362.0,1,405.0,0.0,0.0,0.0,0.0,0.0,27
2023-05-10 09:03:15,CF311P15200,棉花2311沽15200,405.0,0.0,0.0,0.0,2,120.0,1362.0,1,405.0,0.0,0.0,0.0,0.0,0.0,27
2023-05-10 09:03:17,CF311P15200,棉花2311沽15200,405.0,0.0,0.0,0.0,1,123.0,1362.0,1,405.0,0.0,0.0,0.0,0.0,0.0,27
2023-05-10 09:03:18,CF311P15200,棉花2311沽15200,405.0,0.0,0.0,0.0,2,124.0,1362.0,1,405.0,0.0,0.0,0.0,0.0,0.0,27
2023-05-10 09:03:22,CF311P15200,棉花2311沽15200,405.0,0.0,0.0,0.0,1,127.0,1362.0,1,405.0,0.0,0.0,0.0,0.0,0.0,27
2023-05-10 09:03:23,CF311P15200,棉花2311沽15200,405.0,0.0,0.0,0.0,2,128.0,1362.0,1,405.0,0.0,0.0,0.0,0.0,0.0,27
2023-05-10 09:03:25,CF311P15200,棉花2311沽15200,405.0,0.0,0.0,0.0,1,131.0,1362.0,1,405.0,0.0,0.0,0.0,0.0,0.0,27
2023-05-10 09:03:27,CF311P15200,棉花2311沽15200,405.0,0.0,0.0,0.0,2,132.0,1362.0,1,405.0,0.0,0.0,0.0,0.0,0.0,27
2023-05-10 09:03:30,CF311P15200,棉花2311沽15200,405.0,0.0,0.0,0.0,1,135.0,1362.0,1,405.0,0.0,0.0,0.0,0.0,0.0,27
2023-05-10 09:03:31,CF311P15200,棉花2311沽15200,405.0,0.0,0.0,0.0,2,136.0,1362.0,1,405.0,0.0,0.0,0.0,0.0,0.0,27
2023-05-10 09:03:34,CF311P15200,棉花2311沽15200,405.0,0.0,0.0,0.0,1,139.0,1362.0,1,405.0,0.0,0.0,0.0,0.0,0.0,27
2023-05-10 09:03:35,CF311P15200,棉花2311沽15200,405.0,0.0,0.0,0.0,2,140.0,1362.0,1,405.0,0.0,0.0,0.0,0.0,0.0,27
2023-05-10 09:03:39,CF311P15200,棉花2311沽15200,405.0,0.0,0.0,0.0,1,143.0,1362.0,1,405.0,0.0,0.0,0.0,0.0,0.0,27
2023-05-10 09:03:40,CF311P15200,棉花2311沽15200,405.0,0.0,0.0,0.0,2,144.0,1362.0,1,405.0,0.0,0.0,0.0,0.0,0.0,27
2023-05-10 09:03:41,CF311P15200,棉花2311沽15200,405.0,0.0,0.0,0.0,1,147.0,1362.0,1,405.0,0.0,0.0,0.0,0.0,0.0,27
2023-05-10 09:03:42,CF311P15200,棉花2311沽15200,405.0,0.0,0.0,0.0,2,148.0,1362.0,1,405.0,0.0,0.0,0.0,0.0,0.0,27
2023-05-10 09:03:46,CF311P15200,棉花2311沽15200,405.0,0.0,0.0,0.0,1,151.0,1362.0,1,405.0,0.0,0.0,0.0,0.0,0.0,27
2023-05-10 09:03:47,CF311P15200,棉花2311沽15200,405.0,0.0,0.0,0.0,2,152.0,1362.0,1,405.0,0.0,0.0,0.0,0.0,0.0,27
2023-05-10 09:03:52,CF311P15200,棉花2311沽15200,405.0,0.0,0.0,0.0,1,155.0,1362.0,1,405.0,0.0,0.0,0.0,0.0,0.0,27
2023-05-10 09:03:53,CF311P15200,棉花2311沽15200,405.0,0.0,0.0,0.0,2,156.0,1362.0,1,405.0,0.0,0.0,0.0,0.0,0.0,27
2023-05-10 09:03:57,CF311P15200,棉花2311沽15200,405.0,0.0,0.0,0.0,1,159.0,1362.0,1,405.0,0.0,0.0,0.0,0.0,0.0,27
2023-05-10 09:03:58,CF311P15200,棉花2311沽15200,405.0,0.0,0.0,0.0,2,160.0,1362.0,1,405.0,0.0,0.0,0.0,0.0,0.0,27
2023-05-10 09:03:59,CF311P15200,棉花2311沽15200,405.0,0.0,0.0,0.0,1,163.0,1362.0,1,405.0,0.0,0.0,0.0,0.0,0.0,27
2023-05-10 09:04:00,CF311P15200,棉花2311沽15200,405.0,0.0,0.0,0.0,2,164.0,1362.0,1,405.0,0.0,0.0,0.0,0.0,0.0,27
2023-05-10 09:04:07,CF311P15200,棉花2311沽15200,405.0,0.0,0.0,0.0,1,167.0,1362.0,1,405.0,0.0,0.0,0.0,0.0,0.0,27
2023-05-10 09:04:08,CF311P15200,棉花2311沽15200,405.0,0.0,0.0,0.0,2,168.0,1362.0,1,405.0,0.0,0.0,0.0,0.0,0.0,27
2023-05-10 09:04:08,CF311P15200,棉花2311沽15200,405.0,0.0,0.0,0.0,1,171.0,1362.0,1,405.0,0.0,0.0,0.0,0.0,0.0,27
2023-05-10 09:04:09,CF311P15200,棉花2311沽15200,405.0,0.0,0.0,0.0,2,172.0,1362.0,1,405.0,0.0,0.0,0.0,0.0,0.0,27
2023-05-10 09:04:10,CF311P15200,棉花2311沽15200,405.0,0.0,0.0,0.0,1,175.0,1362.0,1,405.0,0.0,0.0,0.0,0.0,0.0,27
2023-05-10 09:04:11,CF311P15200,棉花2311沽15200,405.0,0.0,0.0,0.0,2,176.0,1362.0,1,405.0,0.0,0.0,0.0,0.0,0.0,27
2023-05-10 09:04:19,CF311P15200,棉花2311沽15200,405.0,0.0,0.0,0.0,1,179.0,1362.0,1,405.0,0.0,0.0,0.0,0.0,0.0,27
2023-05-10 09:04:20,CF311P15200,棉花2311沽15200,405.0,0.0,0.0,0.0,2,180.0,1362.0,1,405.0,0.0,0.0,0.0,0.0,0.0,27
2023-05-10 09:04:24,CF311P15200,棉花2311沽15200,405.0,0.0,0.0,0.0,1,183.0,1362.0,1,405.0,0.0,0.0,0.0,0.0,0.0,27
2023-05-10 09:04:25,CF311P15200,棉花2311沽15200,405.0,0.0,0.0,0.0,2,184.0,1362.0,1,405.0,0.0,0.0,0.0,0.0,0.0,27
2023-05-10 09:04:25,CF311P15200,棉花2311沽15200,405.0,0.0,0.0,0.0,1,187.0,1362.0,1,405.0,0.0,0.0,0.0,0.0,0.0,27
2023-05-10 09:14:07,CF311P15200,棉花2311沽15200,405.0,0.0,0.0,0.0,1,187.0,1351.0,1,405.0,0.0,0.0,0.0,0.0,0.0,27
2023-05-10 09:14:08,CF311P15200,棉花2311沽15200,405.0,0.0,0.0,0.0,1,187.0,1348.0,1,405.0,0.0,0.0,0.0,0.0,0.0,27
2023-05-10 09:14:17,CF311P15200,棉花2311沽15200,405.0,0.0,0.0,0.0,1,187.0,1337.0,1,405.0,0.0,0.0,0.0,0.0,0.0,27
2023-05-10 09:14:18,CF311P15200,棉花2311沽15200,405.0,0.0,0.0,0.0,1,187.0,1334.0,1,405.0,0.0,0.0,0.0,0.0,0.0,27
2023-05-10 09:14:25,CF311P15200,棉花2311沽15200,405.0,0.0,0.0,0.0,1,187.0,1323.0,1,405.0,0.0,0.0,0.0,0.0,0.0,27
2023-05-10 09:14:26,CF311P15200,棉花2311沽15200,405.0,0.0,0.0,0.0,1,187.0,1320.0,1,405.0,0.0,0.0,0.0,0.0,0.0,27
2023-05-10 09:14:34,CF311P15200,棉花2311沽15200,405.0,0.0,0.0,0.0,1,187.0,1309.0,1,405.0,0.0,0.0,0.0,0.0,0.0,27
2023-05-10 09:14:35,CF311P15200,棉花2311沽15200,405.0,0.0,0.0,0.0,1,187.0,1306.0,1,405.0,0.0,0.0,0.0,0.0,0.0,27
2023-05-10 09:14:40,CF311P15200,棉花2311沽15200,405.0,0.0,0.0,0.0,1,187.0,1295.0,1,405.0,0.0,0.0,0.0,0.0,0.0,27
2023-05-10 09:14:41,CF311P15200,棉花2311沽15200,405.0,0.0,0.0,0.0,1,187.0,1292.0,1,405.0,0.0,0.0,0.0,0.0,0.0,27
2023-05-10 09:14:44,CF311P15200,棉花2311沽15200,405.0,0.0,0.0,0.0,1,187.0,1281.0,1,405.0,0.0,0.0,0.0,0.0,0.0,27
2023-05-10 09:14:45,CF311P15200,棉花2311沽15200,405.0,0.0,0.0,0.0,1,187.0,1278.0,1,405.0,0.0,0.0,0.0,0.0,0.0,27
2023-05-10 09:14:54,CF311P15200,棉花2311沽15200,405.0,0.0,0.0,0.0,1,187.0,1267.0,1,405.0,0.0,0.0,0.0,0.0,0.0,27
2023-05-10 09:14:54,CF311P15200,棉花2311沽15200,405.0,0.0,0.0,0.0,1,187.0,1264.0,1,405.0,0.0,0.0,0.0,0.0,0.0,27
2023-05-10 09:15:00,CF311P15200,棉花2311沽15200,405.0,0.0,0.0,0.0,1,187.0,1253.0,1,405.0,0.0,0.0,0.0,0.0,0.0,27
2023-05-10 09:15:00,CF311P15200,棉花2311沽15200,405.0,0.0,0.0,0.0,1,187.0,1250.0,1,405.0,0.0,0.0,0.0,0.0,0.0,27
2023-05-10 09:15:09,CF311P15200,棉花2311沽15200,405.0,0.0,0.0,0.0,1,187.0,1239.0,1,405.0,0.0,0.0,0.0,0.0,0.0,27
2023-05-10 09:15:09,CF311P15200,棉花2311沽15200,405.0,0.0,0.0,0.0,1,187.0,1236.0,1,405.0,0.0,0.0,0.0,0.0,0.0,27
2023-05-10 09:15:13,CF311P15200,棉花2311沽15200,405.0,0.0,0.0,0.0,1,187.0,1225.0,1,405.0,0.0,0.0,0.0,0.0,0.0,27
2023-05-10 09:15:14,CF311P15200,棉花2311沽15200,405.0,0.0,0.0,0.0,1,187.0,1222.0,1,405.0,0.0,0.0,0.0,0.0,0.0,27
2023-05-10 09:15:20,CF311P15200,棉花2311沽15200,405.0,0.0,0.0,0.0,1,187.0,1216.0,1,405.0,0.0,0.0,0.0,0.0,0.0,27
2023-05-10 09:15:21,CF311P15200,棉花2311沽15200,405.0,0.0,0.0,0.0,1,187.0,1213.0,1,405.0,0.0,0.0,0.0,0.0,0.0,27
2023-05-10 09:15:24,CF311P15200,棉花2311沽15200,405.0,0.0,0.0,0.0,1,187.0,1212.0,1,405.0,0.0,0.0,0.0,0.0,0.0,27
2023-05-10 09:15:25,CF311P15200,棉花2311沽15200,405.0,0.0,0.0,0.0,1,187.0,1209.0,1,405.0,0.0,0.0,0.0,0.0,0.0,27
2023-05-10 09:15:31,CF311P15200,棉花2311沽15200,405.0,0.0,0.0,0.0,1,187.0,1208.0,1,405.0,0.0,0.0,0.0,0.0,0.0,27
2023-05-10 09:15:31,CF311P15200,棉花2311沽15200,405.0,0.0,0.0,0.0,1,187.0,1205.0,1,405.0,0.0,0.0,0.0,0.0,0.0,27
2023-05-10 09:15:40,CF311P15200,棉花2311沽15200,405.0,0.0,0.0,0.0,1,187.0,1204.0,1,405.0,0.0,0.0,0.0,0.0,0.0,27
2023-05-10 09:15:40,CF311P15200,棉花2311沽15200,405.0,0.0,0.0,0.0,1,187.0,1201.0,1,405.0,0.0,0.0,0.0,0.0,0.0,27
2023-05-10 09:15:47,CF311P15200,棉花2311沽15200,405.0,0.0,0.0,0.0,1,187.0,1200.0,1,405.0,0.0,0.0,0.0,0.0,0.0,27
2023-05-10 09:15:48,CF311P15200,棉花2311沽15200,405.0,0.0,0.0,0.0,1,187.0,1197.0,1,405.0,0.0,0.0,0.0,0.0,0.0,27
2023-05-10 09:15:53,CF311P15200,棉花2311沽15200,405.0,0.0,0.0,0.0,1,187.0,1196.0,1,405.0,0.0,0.0,0.0,0.0,0.0,27
2023-05-10 09:15:54,CF311P15200,棉花2311沽15200,405.0,0.0,0.0,0.0,1,187.0,1193.0,1,405.0,0.0,0.0,0.0,0.0,0.0,27
2023-05-10 09:16:01,CF311P15200,棉花2311沽15200,405.0,0.0,0.0,0.0,1,187.0,1192.0,1,405.0,0.0,0.0,0.0,0.0,0.0,27
2023-05-10 09:16:01,CF311P15200,棉花2311沽15200,405.0,0.0,0.0,0.0,1,187.0,1189.0,1,405.0,0.0,0.0,0.0,0.0,0.0,27
2023-05-10 09:16:10,CF311P15200,棉花2311沽15200,405.0,0.0,0.0,0.0,1,187.0,1188.0,1,405.0,0.0,0.0,0.0,0.0,0.0,27
2023-05-10 09:16:11,CF311P15200,棉花2311沽15200,405.0,0.0,0.0,0.0,1,187.0,1185.0,1,405.0,0.0,0.0,0.0,0.0,0.0,27
2023-05-10 09:16:14,CF311P15200,棉花2311沽15200,405.0,0.0,0.0,0.0,1,187.0,1184.0,1,405.0,0.0,0.0,0.0,0.0,0.0,27
2023-05-10 09:16:15,CF311P15200,棉花2311沽15200,405.0,0.0,0.0,0.0,1,187.0,1181.0,1,405.0,0.0,0.0,0.0,0.0,0.0,27
2023-05-10 09:16:23,CF311P15200,棉花2311沽15200,405.0,0.0,0.0,0.0,1,187.0,1180.0,1,405.0,0.0,0.0,0.0,0.0,0.0,27
2023-05-10 09:16:24,CF311P15200,棉花2311沽15200,405.0,0.0,0.0,0.0,1,187.0,1177.0,1,405.0,0.0,0.0,0.0,0.0,0.0,27
2023-05-10 09:16:29,CF311P15200,棉花2311沽15200,405.0,0.0,0.0,0.0,1,187.0,1176.0,1,405.0,0.0,0.0,0.0,0.0,0.0,27
2023-05-10 09:16:30,CF311P15200,棉花2311沽15200,405.0,0.0,0.0,0.0,1,187.0,1173.0,1,405.0,0.0,0.0,0.0,0.0,0.0,27
2023-05-10 09:16:36,CF311P15200,棉花2311沽15200,405.0,0.0,0.0,0.0,1,187.0,1172.0,1,405.0,0.0,0.0,0.0,0.0,0.0,27
2023-05-10 09:16:36,CF311P15200,棉花2311沽15200,405.0,0.0,0.0,0.0,1,187.0,1169.0,1,405.0,0.0,0.0,0.0,0.0,0.0,27
2023-05-10 09:16:40,CF311P15200,棉花2311沽15200,405.0,0.0,0.0,0.0,1,187.0,1168.0,1,405.0,0.0,0.0,0.0,0.0,0.0,27
2023-05-10 09:16:41,CF311P15200,棉花2311沽15200,405.0,0.0,0.0,0.0,1,187.0,1165.0,1,405.0,0.0,0.0,0.0,0.0,0.0,27
2023-05-10 09:16:45,CF311P15200,棉花2311沽15200,405.0,0.0,0.0,0.0,1,187.0,1164.0,1,405.0,0.0,0.0,0.0,0.0,0.0,27
2023-05-10 09:16:46,CF311P15200,棉花2311沽15200,405.0,0.0,0.0,0.0,1,187.0,1161.0,1,405.0,0.0,0.0,0.0,0.0,0.0,27
2023-05-10 09:16:50,CF311P15200,棉花2311沽15200,405.0,0.0,0.0,0.0,1,187.0,1160.0,1,405.0,0.0,0.0,0.0,0.0,0.0,27
2023-05-10 09:16:50,CF311P15200,棉花2311沽15200,405.0,0.0,0.0,0.0,1,187.0,1157.0,1,405.0,0.0,0.0,0.0,0.0,0.0,27
2023-05-10 09:16:56,CF311P15200,棉花2311沽15200,405.0,0.0,0.0,0.0,1,187.0,1156.0,1,405.0,0.0,0.0,0.0,0.0,0.0,27
2023-05-10 09:16:57,CF311P15200,棉花2311沽15200,405.0,0.0,0.0,0.0,1,187.0,1153.0,1,405.0,0.0,0.0,0.0,0.0,0.0,27
2023-05-10 09:17:02,CF311P15200,棉花2311沽15200,405.0,0.0,0.0,0.0,1,187.0,1152.0,1,405.0,0.0,0.0,0.0,0.0,0.0,27
2023-05-10 09:17:02,CF311P15200,棉花2311沽15200,405.0,0.0,0.0,0.0,1,187.0,1149.0,1,405.0,0.0,0.0,0.0,0.0,0.0,27
2023-05-10 09:17:06,CF311P15200,棉花2311沽15200,405.0,0.0,0.0,0.0,1,187.0,1148.0,1,405.0,0.0,0.0,0.0,0.0,0.0,27
2023-05-10 09:17:07,CF311P15200,棉花2311沽15200,405.0,0.0,0.0,0.0,1,187.0,1145.0,1,405.0,0.0,0.0,0.0,0.0,0.0,27
2023-05-10 09:17:13,CF311P15200,棉花2311沽15200,405.0,0.0,0.0,0.0,1,187.0,1144.0,1,405.0,0.0,0.0,0.0,0.0,0.0,27
2023-05-10 09:17:13,CF311P15200,棉花2311沽15200,405.0,0.0,0.0,0.0,1,187.0,1141.0,1,405.0,0.0,0.0,0.0,0.0,0.0,27
2023-05-10 09:17:18,CF311P15200,棉花2311沽15200,405.0,0.0,0.0,0.0,1,187.0,1140.0,1,405.0,0.0,0.0,0.0,0.0,0.0,27
2023-05-10 09:17:19,CF311P15200,棉花2311沽15200,405.0,0.0,0.0,0.0,1,187.0,1137.0,1,405.0,0.0,0.0,0.0,0.0,0.0,27
2023-05-10 09:17:21,CF311P15200,棉花2311沽15200,405.0,0.0,0.0,0.0,1,187.0,1136.0,1,405.0,0.0,0.0,0.0,0.0,0.0,27
2023-05-10 09:17:22,CF311P15200,棉花2311沽15200,405.0,0.0,0.0,0.0,1,187.0,1133.0,1,405.0,0.0,0.0,0.0,0.0,0.0,27
2023-05-10 09:17:25,CF311P15200,棉花2311沽15200,405.0,0.0,0.0,0.0,1,187.0,1132.0,1,405.0,0.0,0.0,0.0,0.0,0.0,27
2023-05-10 09:17:26,CF311P15200,棉花2311沽15200,405.0,0.0,0.0,0.0,1,187.0,1129.0,1,405.0,0.0,0.0,0.0,0.0,0.0,27
2023-05-10 09:17:28,CF311P15200,棉花2311沽15200,405.0,0.0,0.0,0.0,1,187.0,1128.0,1,405.0,0.0,0.0,0.0,0.0,0.0,27
2023-05-10 09:17:29,CF311P15200,棉花2311沽15200,405.0,0.0,0.0,0.0,1,187.0,1125.0,1,405.0,0.0,0.0,0.0,0.0,0.0,27
2023-05-10 09:17:32,CF311P15200,棉花2311沽15200,405.0,0.0,0.0,0.0,1,187.0,1124.0,1,405.0,0.0,0.0,0.0,0.0,0.0,27
2023-05-10 09:17:33,CF311P15200,棉花2311沽15200,405.0,0.0,0.0,0.0,1,187.0,1121.0,1,405.0,0.0,0.0,0.0,0.0,0.0,27
2023-05-10 09:17:38,CF311P15200,棉花2311沽15200,405.0,0.0,0.0,0.0,1,187.0,1120.0,1,405.0,0.0,0.0,0.0,0.0,0.0,27
2023-05-10 09:17:38,CF311P15200,棉花2311沽15200,405.0,0.0,0.0,0.0,1,187.0,1117.0,1,405.0,0.0,0.0,0.0,0.0,0.0,27
2023-05-10 09:17:44,CF311P15200,棉花2311沽15200,405.0,0.0,0.0,0.0,1,187.0,1116.0,1,405.0,0.0,0.0,0.0,0.0,0.0,27
2023-05-10 09:17:44,CF311P15200,棉花2311沽15200,405.0,0.0,0.0,0.0,1,187.0,1113.0,1,405.0,0.0,0.0,0.0,0.0,0.0,27
2023-05-10 09:17:47,CF311P15200,棉花2311沽15200,405.0,0.0,0.0,0.0,1,187.0,1112.0,1,405.0,0.0,0.0,0.0,0.0,0.0,27
2023-05-10 09:17:48,CF311P15200,棉花2311沽15200,405.0,0.0,0.0,0.0,1,187.0,1109.0,1,405.0,0.0,0.0,0.0,0.0,0.0,27
2023-05-10 09:17:53,CF311P15200,棉花2311沽15200,405.0,0.0,0.0,0.0,1,187.0,1108.0,1,405.0,0.0,0.0,0.0,0.0,0.0,27
2023-05-10 09:17:54,CF311P15200,棉花2311沽15200,405.0,0.0,0.0,0.0,1,187.0,1105.0,1,405.0,0.0,0.0,0.0,0.0,0.0,27
2023-05-10 09:17:56,CF311P15200,棉花2311沽15200,405.0,0.0,0.0,0.0,1,187.0,1104.0,1,405.0,0.0,0.0,0.0,0.0,0.0,27
2023-05-10 09:17:57,CF311P15200,棉花2311沽15200,405.0,0.0,0.0,0.0,1,187.0,1101.0,1,405.0,0.0,0.0,0.0,0.0,0.0,27
2023-05-10 09:18:01,CF311P15200,棉花2311沽15200,405.0,0.0,0.0,0.0,1,187.0,1100.0,1,405.0,0.0,0.0,0.0,0.0,0.0,27
2023-05-10 09:18:02,CF311P15200,棉花2311沽15200,405.0,0.0,0.0,0.0,1,187.0,1097.0,1,405.0,0.0,0.0,0.0,0.0,0.0,27
2023-05-10 09:18:05,CF311P15200,棉花2311沽15200,405.0,0.0,0.0,0.0,1,187.0,1096.0,1,405.0,0.0,0.0,0.0,0.0,0.0,27
2023-05-10 09:18:05,CF311P15200,棉花2311沽15200,405.0,0.0,0.0,0.0,1,187.0,1093.0,1,405.0,0.0,0.0,0.0,0.0,0.0,27
2023-05-10 09:18:10,CF311P15200,棉花2311沽15200,405.0,0.0,0.0,0.0,1,187.0,1092.0,1,405.0,0.0,0.0,0.0,0.0,0.0,27
2023-05-10 09:18:11,CF311P15200,棉花2311沽15200,405.0,0.0,0.0,0.0,1,187.0,1089.0,1,405.0,0.0,0.0,0.0,0.0,0.0,27
2023-05-10 09:18:12,CF311P15200,棉花2311沽15200,405.0,0.0,0.0,0.0,1,187.0,1088.0,1,405.0,0.0,0.0,0.0,0.0,0.0,27
2023-05-10 09:18:13,CF311P15200,棉花2311沽15200,405.0,0.0,0.0,0.0,1,187.0,1085.0,1,405.0,0.0,0.0,0.0,0.0,0.0,27
2023-05-10 09:18:17,CF311P15200,棉花2311沽15200,405.0,0.0,0.0,0.0,1,187.0,1084.0,1,405.0,0.0,0.0,0.0,0.0,0.0,27
2023-05-10 09:18:17,CF311P15200,棉花2311沽15200,405.0,0.0,0.0,0.0,1,187.0,1081.0,1,405.0,0.0,0.0,0.0,0.0,0.0,27
2023-05-10 09:18:20,CF311P15200,棉花2311沽15200,405.0,0.0,0.0,0.0,1,187.0,1080.0,1,405.0,0.0,0.0,0.0,0.0,0.0,27
2023-05-10 09:18:21,CF311P15200,棉花2311沽15200,405.0,0.0,0.0,0.0,1,187.0,1077.0,1,405.0,0.0,0.0,0.0,0.0,0.0,27
2023-05-10 09:18:23,CF311P15200,棉花2311沽15200,405.0,0.0,0.0,0.0,1,187.0,1076.0,1,405.0,0.0,0.0,0.0,0.0,0.0,27
2023-05-10 09:18:24,CF311P15200,棉花2311沽15200,405.0,0.0,0.0,0.0,1,187.0,1073.0,1,405.0,0.0,0.0,0.0,0.0,0.0,27
2023-05-10 09:18:29,CF311P15200,棉花2311沽15200,405.0,0.0,0.0,0.0,1,187.0,1072.0,1,405.0,0.0,0.0,0.0,0.0,0.0,27
2023-05-10 09:18:30,CF311P15200,棉花2311沽15200,405.0,0.0,0.0,0.0,1,187.0,1069.0,1,405.0,0.0,0.0,0.0,0.0,0.0,27
2023-05-10 09:50:23,CF311P15200,棉花2311沽15200,405.0,0.0,0.0,0.0,1,16.0,1069.0,1,405.0,0.0,0.0,0.0,0.0,0.0,27
2023-05-10 09:50:23,CF311P15200,棉花2311沽15200,405.0,0.0,0.0,0.0,2,32.0,1069.0,1,405.0,0.0,0.0,0.0,0.0,0.0,27
2023-05-10 09:50:24,CF311P15200,棉花2311沽15200,405.0,0.0,0.0,0.0,1,35.0,1069.0,1,405.0,0.0,0.0,0.0,0.0,0.0,27
2023-05-10 09:50:25,CF311P15200,棉花2311沽15200,405.0,0.0,0.0,0.0,2,51.0,1069.0,1,405.0,0.0,0.0,0.0,0.0,0.0,27
2023-05-10 09:50:25,CF311P15200,棉花2311沽15200,405.0,0.0,0.0,0.0,1,54.0,1069.0,1,405.0,0.0,0.0,0.0,0.0,0.0,27
2023-05-10 09:50:26,CF311P15200,棉花2311沽15200,405.0,0.0,0.0,0.0,2,55.0,1069.0,1,405.0,0.0,0.0,0.0,0.0,0.0,27
2023-05-10 09:50:26,CF311P15200,棉花2311沽15200,405.0,0.0,0.0,0.0,1,58.0,1069.0,1,405.0,0.0,0.0,0.0,0.0,0.0,27
2023-05-10 09:50:27,CF311P15200,棉花2311沽15200,405.0,0.0,0.0,0.0,2,59.0,1069.0,1,405.0,0.0,0.0,0.0,0.0,0.0,27
2023-05-10 09:50:27,CF311P15200,棉花2311沽15200,405.0,0.0,0.0,0.0,1,62.0,1069.0,1,405.0,0.0,0.0,0.0,0.0,0.0,27
2023-05-10 09:50:28,CF311P15200,棉花2311沽15200,405.0,0.0,0.0,0.0,2,63.0,1069.0,1,405.0,0.0,0.0,0.0,0.0,0.0,27
2023-05-10 09:50:28,CF311P15200,棉花2311沽15200,405.0,0.0,0.0,0.0,1,66.0,1069.0,1,405.0,0.0,0.0,0.0,0.0,0.0,27
2023-05-10 09:50:29,CF311P15200,棉花2311沽15200,405.0,0.0,0.0,0.0,2,67.0,1069.0,1,405.0,0.0,0.0,0.0,0.0,0.0,27
2023-05-10 09:50:30,CF311P15200,棉花2311沽15200,405.0,0.0,0.0,0.0,1,70.0,1069.0,1,405.0,0.0,0.0,0.0,0.0,0.0,27
2023-05-10 09:50:31,CF311P15200,棉花2311沽15200,405.0,0.0,0.0,0.0,2,71.0,1069.0,1,405.0,0.0,0.0,0.0,0.0,0.0,27
2023-05-10 09:50:32,CF311P15200,棉花2311沽15200,405.0,0.0,0.0,0.0,1,74.0,1069.0,1,405.0,0.0,0.0,0.0,0.0,0.0,27
2023-05-10 09:50:33,CF311P15200,棉花2311沽15200,405.0,0.0,0.0,0.0,2,75.0,1069.0,1,405.0,0.0,0.0,0.0,0.0,0.0,27
2023-05-10 09:50:33,CF311P15200,棉花2311沽15200,405.0,0.0,0.0,0.0,1,78.0,1069.0,1,405.0,0.0,0.0,0.0,0.0,0.0,27
2023-05-10 09:50:34,CF311P15200,棉花2311沽15200,405.0,0.0,0.0,0.0,2,79.0,1069.0,1,405.0,0.0,0.0,0.0,0.0,0.0,27
2023-05-10 09:50:34,CF311P15200,棉花2311沽15200,405.0,0.0,0.0,0.0,1,82.0,1069.0,1,405.0,0.0,0.0,0.0,0.0,0.0,27
2023-05-10 09:50:35,CF311P15200,棉花2311沽15200,405.0,0.0,0.0,0.0,2,83.0,1069.0,1,405.0,0.0,0.0,0.0,0.0,0.0,27
2023-05-10 09:50:35,CF311P15200,棉花2311沽15200,405.0,0.0,0.0,0.0,1,86.0,1069.0,1,405.0,0.0,0.0,0.0,0.0,0.0,27
2023-05-10 09:50:36,CF311P15200,棉花2311沽15200,405.0,0.0,0.0,0.0,2,87.0,1069.0,1,405.0,0.0,0.0,0.0,0.0,0.0,27
2023-05-10 09:50:36,CF311P15200,棉花2311沽15200,405.0,0.0,0.0,0.0,1,90.0,1069.0,1,405.0,0.0,0.0,0.0,0.0,0.0,27
2023-05-10 09:50:37,CF311P15200,棉花2311沽15200,405.0,0.0,0.0,0.0,2,91.0,1069.0,1,405.0,0.0,0.0,0.0,0.0,0.0,27
2023-05-10 09:50:37,CF311P15200,棉花2311沽15200,405.0,0.0,0.0,0.0,1,94.0,1069.0,1,405.0,0.0,0.0,0.0,0.0,0.0,27
2023-05-10 09:50:38,CF311P15200,棉花2311沽15200,405.0,0.0,0.0,0.0,2,95.0,1069.0,1,405.0,0.0,0.0,0.0,0.0,0.0,27
2023-05-10 09:50:38,CF311P15200,棉花2311沽15200,405.0,0.0,0.0,0.0,1,98.0,1069.0,1,405.0,0.0,0.0,0.0,0.0,0.0,27
2023-05-10 09:50:39,CF311P15200,棉花2311沽15200,405.0,0.0,0.0,0.0,2,99.0,1069.0,1,405.0,0.0,0.0,0.0,0.0,0.0,27
2023-05-10 09:50:39,CF311P15200,棉花2311沽15200,405.0,0.0,0.0,0.0,1,102.0,1069.0,1,405.0,0.0,0.0,0.0,0.0,0.0,27
2023-05-10 09:50:40,CF311P15200,棉花2311沽15200,405.0,0.0,0.0,0.0,2,103.0,1069.0,1,405.0,0.0,0.0,0.0,0.0,0.0,27
2023-05-10 09:50:40,CF311P15200,棉花2311沽15200,405.0,0.0,0.0,0.0,1,106.0,1069.0,1,405.0,0.0,0.0,0.0,0.0,0.0,27
2023-05-10 09:50:41,CF311P15200,棉花2311沽15200,405.0,0.0,0.0,0.0,2,107.0,1069.0,1,405.0,0.0,0.0,0.0,0.0,0.0,27
2023-05-10 09:50:41,CF311P15200,棉花2311沽15200,405.0,0.0,0.0,0.0,1,110.0,1069.0,1,405.0,0.0,0.0,0.0,0.0,0.0,27
2023-05-10 09:50:42,CF311P15200,棉花2311沽15200,405.0,0.0,0.0,0.0,2,111.0,1069.0,1,405.0,0.0,0.0,0.0,0.0,0.0,27
2023-05-10 09:50:42,CF311P15200,棉花2311沽15200,405.0,0.0,0.0,0.0,1,114.0,1069.0,1,405.0,0.0,0.0,0.0,0.0,0.0,27
2023-05-10 09:50:43,CF311P15200,棉花2311沽15200,405.0,0.0,0.0,0.0,2,115.0,1069.0,1,405.0,0.0,0.0,0.0,0.0,0.0,27
2023-05-10 09:50:43,CF311P15200,棉花2311沽15200,405.0,0.0,0.0,0.0,1,118.0,1069.0,1,405.0,0.0,0.0,0.0,0.0,0.0,27
2023-05-10 09:50:44,CF311P15200,棉花2311沽15200,405.0,0.0,0.0,0.0,2,119.0,1069.0,1,405.0,0.0,0.0,0.0,0.0,0.0,27
2023-05-10 09:50:44,CF311P15200,棉花2311沽15200,405.0,0.0,0.0,0.0,1,122.0,1069.0,1,405.0,0.0,0.0,0.0,0.0,0.0,27
2023-05-10 09:50:45,CF311P15200,棉花2311沽15200,405.0,0.0,0.0,0.0,2,123.0,1069.0,1,405.0,0.0,0.0,0.0,0.0,0.0,27
2023-05-10 09:50:45,CF311P15200,棉花2311沽15200,405.0,0.0,0.0,0.0,1,126.0,1069.0,1,405.0,0.0,0.0,0.0,0.0,0.0,27
2023-05-10 09:50:46,CF311P15200,棉花2311沽15200,405.0,0.0,0.0,0.0,2,127.0,1069.0,1,405.0,0.0,0.0,0.0,0.0,0.0,27
2023-05-10 09:50:46,CF311P15200,棉花2311沽15200,405.0,0.0,0.0,0.0,1,130.0,1069.0,1,405.0,0.0,0.0,0.0,0.0,0.0,27
2023-05-10 09:50:47,CF311P15200,棉花2311沽15200,405.0,0.0,0.0,0.0,2,131.0,1069.0,1,405.0,0.0,0.0,0.0,0.0,0.0,27
2023-05-10 09:50:47,CF311P15200,棉花2311沽15200,405.0,0.0,0.0,0.0,1,134.0,1069.0,1,405.0,0.0,0.0,0.0,0.0,0.0,27
2023-05-10 09:50:48,CF311P15200,棉花2311沽15200,405.0,0.0,0.0,0.0,2,135.0,1069.0,1,405.0,0.0,0.0,0.0,0.0,0.0,27
2023-05-10 09:50:48,CF311P15200,棉花2311沽15200,405.0,0.0,0.0,0.0,1,138.0,1069.0,1,405.0,0.0,0.0,0.0,0.0,0.0,27
2023-05-10 09:50:49,CF311P15200,棉花2311沽15200,405.0,0.0,0.0,0.0,2,139.0,1069.0,1,405.0,0.0,0.0,0.0,0.0,0.0,27
2023-05-10 09:50:49,CF311P15200,棉花2311沽15200,405.0,0.0,0.0,0.0,1,142.0,1069.0,1,405.0,0.0,0.0,0.0,0.0,0.0,27
2023-05-10 09:50:50,CF311P15200,棉花2311沽15200,405.0,0.0,0.0,0.0,2,143.0,1069.0,1,405.0,0.0,0.0,0.0,0.0,0.0,27
2023-05-10 09:50:50,CF311P15200,棉花2311沽15200,405.0,0.0,0.0,0.0,1,146.0,1069.0,1,405.0,0.0,0.0,0.0,0.0,0.0,27
2023-05-10 09:50:51,CF311P15200,棉花2311沽15200,405.0,0.0,0.0,0.0,2,147.0,1069.0,1,405.0,0.0,0.0,0.0,0.0,0.0,27
2023-05-10 09:50:51,CF311P15200,棉花2311沽15200,405.0,0.0,0.0,0.0,1,150.0,1069.0,1,405.0,0.0,0.0,0.0,0.0,0.0,27
2023-05-10 09:50:52,CF311P15200,棉花2311沽15200,405.0,0.0,0.0,0.0,2,151.0,1069.0,1,405.0,0.0,0.0,0.0,0.0,0.0,27
2023-05-10 09:50:52,CF311P15200,棉花2311沽15200,405.0,0.0,0.0,0.0,1,154.0,1069.0,1,405.0,0.0,0.0,0.0,0.0,0.0,27
2023-05-10 09:50:53,CF311P15200,棉花2311沽15200,405.0,0.0,0.0,0.0,2,155.0,1069.0,1,405.0,0.0,0.0,0.0,0.0,0.0,27
2023-05-10 09:50:53,CF311P15200,棉花2311沽15200,405.0,0.0,0.0,0.0,1,158.0,1069.0,1,405.0,0.0,0.0,0.0,0.0,0.0,27
2023-05-10 09:50:54,CF311P15200,棉花2311沽15200,405.0,0.0,0.0,0.0,2,159.0,1069.0,1,405.0,0.0,0.0,0.0,0.0,0.0,27
2023-05-10 09:50:54,CF311P15200,棉花2311沽15200,405.0,0.0,0.0,0.0,1,162.0,1069.0,1,405.0,0.0,0.0,0.0,0.0,0.0,27
2023-05-10 09:50:55,CF311P15200,棉花2311沽15200,405.0,0.0,0.0,0.0,2,163.0,1069.0,1,405.0,0.0,0.0,0.0,0.0,0.0,27
2023-05-10 09:50:55,CF311P15200,棉花2311沽15200,405.0,0.0,0.0,0.0,1,166.0,1069.0,1,405.0,0.0,0.0,0.0,0.0,0.0,27
2023-05-10 09:50:56,CF311P15200,棉花2311沽15200,405.0,0.0,0.0,0.0,2,167.0,1069.0,1,405.0,0.0,0.0,0.0,0.0,0.0,27
2023-05-10 09:50:56,CF311P15200,棉花2311沽15200,405.0,0.0,0.0,0.0,1,170.0,1069.0,1,405.0,0.0,0.0,0.0,0.0,0.0,27
2023-05-10 09:50:57,CF311P15200,棉花2311沽15200,405.0,0.0,0.0,0.0,2,171.0,1069.0,1,405.0,0.0,0.0,0.0,0.0,0.0,27
2023-05-10 09:50:57,CF311P15200,棉花2311沽15200,405.0,0.0,0.0,0.0,1,174.0,1069.0,1,405.0,0.0,0.0,0.0,0.0,0.0,27
2023-05-10 09:50:58,CF311P15200,棉花2311沽15200,405.0,0.0,0.0,0.0,2,175.0,1069.0,1,405.0,0.0,0.0,0.0,0.0,0.0,27
2023-05-10 09:50:58,CF311P15200,棉花2311沽15200,405.0,0.0,0.0,0.0,1,178.0,1069.0,1,405.0,0.0,0.0,0.0,0.0,0.0,27
2023-05-10 09:50:59,CF311P15200,棉花2311沽15200,405.0,0.0,0.0,0.0,2,179.0,1069.0,1,405.0,0.0,0.0,0.0,0.0,0.0,27
2023-05-10 09:50:59,CF311P15200,棉花2311沽15200,405.0,0.0,0.0,0.0,1,182.0,1069.0,1,405.0,0.0,0.0,0.0,0.0,0.0,27
2023-05-10 09:51:00,CF311P15200,棉花2311沽15200,405.0,0.0,0.0,0.0,2,183.0,1069.0,1,405.0,0.0,0.0,0.0,0.0,0.0,27
2023-05-10 09:51:00,CF311P15200,棉花2311沽15200,405.0,0.0,0.0,0.0,1,186.0,1069.0,1,405.0,0.0,0.0,0.0,0.0,0.0,27
2023-05-10 10:01:59,CF311P15200,棉花2311沽15200,405.0,0.0,0.0,0.0,1,16.0,1069.0,1,405.0,0.0,0.0,0.0,0.0,0.0,27
2023-05-10 10:02:00,CF311P15200,棉花2311沽15200,405.0,0.0,0.0,0.0,2,32.0,1069.0,1,405.0,0.0,0.0,0.0,0.0,0.0,27
2023-05-10 10:02:01,CF311P15200,棉花2311沽15200,405.0,0.0,0.0,0.0,1,35.0,1069.0,1,405.0,0.0,0.0,0.0,0.0,0.0,27
2023-05-10 10:02:01,CF311P15200,棉花2311沽15200,405.0,0.0,0.0,0.0,2,51.0,1069.0,1,405.0,0.0,0.0,0.0,0.0,0.0,27
2023-05-10 10:02:02,CF311P15200,棉花2311沽15200,405.0,0.0,0.0,0.0,1,54.0,1069.0,1,405.0,0.0,0.0,0.0,0.0,0.0,27
2023-05-10 10:02:02,CF311P15200,棉花2311沽15200,405.0,0.0,0.0,0.0,2,55.0,1069.0,1,405.0,0.0,0.0,0.0,0.0,0.0,27
2023-05-10 10:02:03,CF311P15200,棉花2311沽15200,405.0,0.0,0.0,0.0,1,58.0,1069.0,1,405.0,0.0,0.0,0.0,0.0,0.0,27
2023-05-10 10:02:03,CF311P15200,棉花2311沽15200,405.0,0.0,0.0,0.0,2,59.0,1069.0,1,405.0,0.0,0.0,0.0,0.0,0.0,27
2023-05-10 10:02:04,CF311P15200,棉花2311沽15200,405.0,0.0,0.0,0.0,1,62.0,1069.0,1,405.0,0.0,0.0,0.0,0.0,0.0,27
2023-05-10 10:02:04,CF311P15200,棉花2311沽15200,405.0,0.0,0.0,0.0,2,63.0,1069.0,1,405.0,0.0,0.0,0.0,0.0,0.0,27
2023-05-10 10:02:05,CF311P15200,棉花2311沽15200,405.0,0.0,0.0,0.0,1,66.0,1069.0,1,405.0,0.0,0.0,0.0,0.0,0.0,27
2023-05-10 10:02:05,CF311P15200,棉花2311沽15200,405.0,0.0,0.0,0.0,2,67.0,1069.0,1,405.0,0.0,0.0,0.0,0.0,0.0,27
2023-05-10 10:02:07,CF311P15200,棉花2311沽15200,405.0,0.0,0.0,0.0,1,70.0,1069.0,1,405.0,0.0,0.0,0.0,0.0,0.0,27
2023-05-10 10:02:08,CF311P15200,棉花2311沽15200,405.0,0.0,0.0,0.0,2,71.0,1069.0,1,405.0,0.0,0.0,0.0,0.0,0.0,27
2023-05-10 10:02:08,CF311P15200,棉花2311沽15200,405.0,0.0,0.0,0.0,1,74.0,1069.0,1,405.0,0.0,0.0,0.0,0.0,0.0,27
2023-05-10 10:02:09,CF311P15200,棉花2311沽15200,405.0,0.0,0.0,0.0,2,75.0,1069.0,1,405.0,0.0,0.0,0.0,0.0,0.0,27
2023-05-10 10:02:09,CF311P15200,棉花2311沽15200,405.0,0.0,0.0,0.0,1,78.0,1069.0,1,405.0,0.0,0.0,0.0,0.0,0.0,27
2023-05-10 10:02:10,CF311P15200,棉花2311沽15200,405.0,0.0,0.0,0.0,2,79.0,1069.0,1,405.0,0.0,0.0,0.0,0.0,0.0,27
2023-05-10 10:02:10,CF311P15200,棉花2311沽15200,405.0,0.0,0.0,0.0,1,82.0,1069.0,1,405.0,0.0,0.0,0.0,0.0,0.0,27
2023-05-10 10:02:11,CF311P15200,棉花2311沽15200,405.0,0.0,0.0,0.0,2,83.0,1069.0,1,405.0,0.0,0.0,0.0,0.0,0.0,27
2023-05-10 10:02:11,CF311P15200,棉花2311沽15200,405.0,0.0,0.0,0.0,1,86.0,1069.0,1,405.0,0.0,0.0,0.0,0.0,0.0,27
2023-05-10 10:02:12,CF311P15200,棉花2311沽15200,405.0,0.0,0.0,0.0,2,87.0,1069.0,1,405.0,0.0,0.0,0.0,0.0,0.0,27
2023-05-10 10:02:12,CF311P15200,棉花2311沽15200,405.0,0.0,0.0,0.0,1,90.0,1069.0,1,405.0,0.0,0.0,0.0,0.0,0.0,27
2023-05-10 10:02:13,CF311P15200,棉花2311沽15200,405.0,0.0,0.0,0.0,2,91.0,1069.0,1,405.0,0.0,0.0,0.0,0.0,0.0,27
2023-05-10 10:02:13,CF311P15200,棉花2311沽15200,405.0,0.0,0.0,0.0,1,94.0,1069.0,1,405.0,0.0,0.0,0.0,0.0,0.0,27
2023-05-10 10:02:14,CF311P15200,棉花2311沽15200,405.0,0.0,0.0,0.0,2,95.0,1069.0,1,405.0,0.0,0.0,0.0,0.0,0.0,27
2023-05-10 10:02:14,CF311P15200,棉花2311沽15200,405.0,0.0,0.0,0.0,1,98.0,1069.0,1,405.0,0.0,0.0,0.0,0.0,0.0,27
2023-05-10 10:02:15,CF311P15200,棉花2311沽15200,405.0,0.0,0.0,0.0,2,99.0,1069.0,1,405.0,0.0,0.0,0.0,0.0,0.0,27
2023-05-10 10:02:15,CF311P15200,棉花2311沽15200,405.0,0.0,0.0,0.0,1,102.0,1069.0,1,405.0,0.0,0.0,0.0,0.0,0.0,27
2023-05-10 10:02:16,CF311P15200,棉花2311沽15200,405.0,0.0,0.0,0.0,2,103.0,1069.0,1,405.0,0.0,0.0,0.0,0.0,0.0,27
2023-05-10 10:02:16,CF311P15200,棉花2311沽15200,405.0,0.0,0.0,0.0,1,106.0,1069.0,1,405.0,0.0,0.0,0.0,0.0,0.0,27
2023-05-10 10:02:17,CF311P15200,棉花2311沽15200,405.0,0.0,0.0,0.0,2,107.0,1069.0,1,405.0,0.0,0.0,0.0,0.0,0.0,27
2023-05-10 10:02:17,CF311P15200,棉花2311沽15200,405.0,0.0,0.0,0.0,1,110.0,1069.0,1,405.0,0.0,0.0,0.0,0.0,0.0,27
2023-05-10 10:02:18,CF311P15200,棉花2311沽15200,405.0,0.0,0.0,0.0,2,111.0,1069.0,1,405.0,0.0,0.0,0.0,0.0,0.0,27
2023-05-10 10:02:18,CF311P15200,棉花2311沽15200,405.0,0.0,0.0,0.0,1,114.0,1069.0,1,405.0,0.0,0.0,0.0,0.0,0.0,27
2023-05-10 10:02:19,CF311P15200,棉花2311沽15200,405.0,0.0,0.0,0.0,2,115.0,1069.0,1,405.0,0.0,0.0,0.0,0.0,0.0,27
2023-05-10 10:02:19,CF311P15200,棉花2311沽15200,405.0,0.0,0.0,0.0,1,118.0,1069.0,1,405.0,0.0,0.0,0.0,0.0,0.0,27
2023-05-10 10:02:20,CF311P15200,棉花2311沽15200,405.0,0.0,0.0,0.0,2,119.0,1069.0,1,405.0,0.0,0.0,0.0,0.0,0.0,27
2023-05-10 10:02:20,CF311P15200,棉花2311沽15200,405.0,0.0,0.0,0.0,1,122.0,1069.0,1,405.0,0.0,0.0,0.0,0.0,0.0,27
2023-05-10 10:02:21,CF311P15200,棉花2311沽15200,405.0,0.0,0.0,0.0,2,123.0,1069.0,1,405.0,0.0,0.0,0.0,0.0,0.0,27
2023-05-10 10:02:21,CF311P15200,棉花2311沽15200,405.0,0.0,0.0,0.0,1,126.0,1069.0,1,405.0,0.0,0.0,0.0,0.0,0.0,27
2023-05-10 10:02:22,CF311P15200,棉花2311沽15200,405.0,0.0,0.0,0.0,2,127.0,1069.0,1,405.0,0.0,0.0,0.0,0.0,0.0,27
2023-05-10 10:02:22,CF311P15200,棉花2311沽15200,405.0,0.0,0.0,0.0,1,130.0,1069.0,1,405.0,0.0,0.0,0.0,0.0,0.0,27
2023-05-10 10:02:23,CF311P15200,棉花2311沽15200,405.0,0.0,0.0,0.0,2,131.0,1069.0,1,405.0,0.0,0.0,0.0,0.0,0.0,27
2023-05-10 10:02:23,CF311P15200,棉花2311沽15200,405.0,0.0,0.0,0.0,1,134.0,1069.0,1,405.0,0.0,0.0,0.0,0.0,0.0,27
2023-05-10 10:02:24,CF311P15200,棉花2311沽15200,405.0,0.0,0.0,0.0,2,135.0,1069.0,1,405.0,0.0,0.0,0.0,0.0,0.0,27
2023-05-10 10:02:24,CF311P15200,棉花2311沽15200,405.0,0.0,0.0,0.0,1,138.0,1069.0,1,405.0,0.0,0.0,0.0,0.0,0.0,27
2023-05-10 10:02:25,CF311P15200,棉花2311沽15200,405.0,0.0,0.0,0.0,2,139.0,1069.0,1,405.0,0.0,0.0,0.0,0.0,0.0,27
2023-05-10 10:02:25,CF311P15200,棉花2311沽15200,405.0,0.0,0.0,0.0,1,142.0,1069.0,1,405.0,0.0,0.0,0.0,0.0,0.0,27
2023-05-10 10:02:26,CF311P15200,棉花2311沽15200,405.0,0.0,0.0,0.0,2,143.0,1069.0,1,405.0,0.0,0.0,0.0,0.0,0.0,27
2023-05-10 10:02:26,CF311P15200,棉花2311沽15200,405.0,0.0,0.0,0.0,1,146.0,1069.0,1,405.0,0.0,0.0,0.0,0.0,0.0,27
2023-05-10 10:02:27,CF311P15200,棉花2311沽15200,405.0,0.0,0.0,0.0,2,147.0,1069.0,1,405.0,0.0,0.0,0.0,0.0,0.0,27
2023-05-10 10:02:27,CF311P15200,棉花2311沽15200,405.0,0.0,0.0,0.0,1,150.0,1069.0,1,405.0,0.0,0.0,0.0,0.0,0.0,27
2023-05-10 10:02:28,CF311P15200,棉花2311沽15200,405.0,0.0,0.0,0.0,2,151.0,1069.0,1,405.0,0.0,0.0,0.0,0.0,0.0,27
2023-05-10 10:02:28,CF311P15200,棉花2311沽15200,405.0,0.0,0.0,0.0,1,154.0,1069.0,1,405.0,0.0,0.0,0.0,0.0,0.0,27
2023-05-10 10:02:29,CF311P15200,棉花2311沽15200,405.0,0.0,0.0,0.0,2,155.0,1069.0,1,405.0,0.0,0.0,0.0,0.0,0.0,27
2023-05-10 10:02:29,CF311P15200,棉花2311沽15200,405.0,0.0,0.0,0.0,1,158.0,1069.0,1,405.0,0.0,0.0,0.0,0.0,0.0,27
2023-05-10 10:02:30,CF311P15200,棉花2311沽15200,405.0,0.0,0.0,0.0,2,159.0,1069.0,1,405.0,0.0,0.0,0.0,0.0,0.0,27
2023-05-10 10:02:30,CF311P15200,棉花2311沽15200,405.0,0.0,0.0,0.0,1,162.0,1069.0,1,405.0,0.0,0.0,0.0,0.0,0.0,27
2023-05-10 10:02:31,CF311P15200,棉花2311沽15200,405.0,0.0,0.0,0.0,2,163.0,1069.0,1,405.0,0.0,0.0,0.0,0.0,0.0,27
2023-05-10 10:02:31,CF311P15200,棉花2311沽15200,405.0,0.0,0.0,0.0,1,166.0,1069.0,1,405.0,0.0,0.0,0.0,0.0,0.0,27
2023-05-10 10:02:32,CF311P15200,棉花2311沽15200,405.0,0.0,0.0,0.0,2,167.0,1069.0,1,405.0,0.0,0.0,0.0,0.0,0.0,27
2023-05-10 10:02:32,CF311P15200,棉花2311沽15200,405.0,0.0,0.0,0.0,1,170.0,1069.0,1,405.0,0.0,0.0,0.0,0.0,0.0,27
2023-05-10 10:02:33,CF311P15200,棉花2311沽15200,405.0,0.0,0.0,0.0,2,171.0,1069.0,1,405.0,0.0,0.0,0.0,0.0,0.0,27
2023-05-10 10:02:33,CF311P15200,棉花2311沽15200,405.0,0.0,0.0,0.0,1,174.0,1069.0,1,405.0,0.0,0.0,0.0,0.0,0.0,27
2023-05-10 10:02:34,CF311P15200,棉花2311沽15200,405.0,0.0,0.0,0.0,2,175.0,1069.0,1,405.0,0.0,0.0,0.0,0.0,0.0,27
2023-05-10 10:02:34,CF311P15200,棉花2311沽15200,405.0,0.0,0.0,0.0,1,178.0,1069.0,1,405.0,0.0,0.0,0.0,0.0,0.0,27
2023-05-10 10:02:35,CF311P15200,棉花2311沽15200,405.0,0.0,0.0,0.0,2,179.0,1069.0,1,405.0,0.0,0.0,0.0,0.0,0.0,27
2023-05-10 10:02:35,CF311P15200,棉花2311沽15200,405.0,0.0,0.0,0.0,1,182.0,1069.0,1,405.0,0.0,0.0,0.0,0.0,0.0,27
2023-05-10 10:02:36,CF311P15200,棉花2311沽15200,405.0,0.0,0.0,0.0,2,183.0,1069.0,1,405.0,0.0,0.0,0.0,0.0,0.0,27
2023-05-10 10:07:05,CF311P15200,棉花2311沽15200,405.0,0.0,0.0,0.0,1,16.0,1069.0,1,405.0,0.0,0.0,0.0,0.0,0.0,27
2023-05-10 10:07:06,CF311P15200,棉花2311沽15200,405.0,0.0,0.0,0.0,2,32.0,1069.0,1,405.0,0.0,0.0,0.0,0.0,0.0,27
2023-05-10 10:07:06,CF311P15200,棉花2311沽15200,405.0,0.0,0.0,0.0,1,35.0,1069.0,1,405.0,0.0,0.0,0.0,0.0,0.0,27
2023-05-10 10:07:07,CF311P15200,棉花2311沽15200,405.0,0.0,0.0,0.0,2,43.0,1069.0,1,405.0,0.0,0.0,0.0,0.0,0.0,27
2023-05-10 10:07:08,CF311P15200,棉花2311沽15200,405.0,0.0,0.0,0.0,1,46.0,1069.0,1,405.0,0.0,0.0,0.0,0.0,0.0,27
2023-05-10 10:07:08,CF311P15200,棉花2311沽15200,405.0,0.0,0.0,0.0,2,47.0,1069.0,1,405.0,0.0,0.0,0.0,0.0,0.0,27
2023-05-10 10:07:09,CF311P15200,棉花2311沽15200,405.0,0.0,0.0,0.0,1,50.0,1069.0,1,405.0,0.0,0.0,0.0,0.0,0.0,27
2023-05-10 10:07:09,CF311P15200,棉花2311沽15200,405.0,0.0,0.0,0.0,2,51.0,1069.0,1,405.0,0.0,0.0,0.0,0.0,0.0,27
2023-05-10 10:07:10,CF311P15200,棉花2311沽15200,405.0,0.0,0.0,0.0,1,54.0,1069.0,1,405.0,0.0,0.0,0.0,0.0,0.0,27
2023-05-10 10:07:11,CF311P15200,棉花2311沽15200,405.0,0.0,0.0,0.0,2,55.0,1069.0,1,405.0,0.0,0.0,0.0,0.0,0.0,27
2023-05-10 10:07:11,CF311P15200,棉花2311沽15200,405.0,0.0,0.0,0.0,1,58.0,1069.0,1,405.0,0.0,0.0,0.0,0.0,0.0,27
2023-05-10 10:07:12,CF311P15200,棉花2311沽15200,405.0,0.0,0.0,0.0,2,59.0,1069.0,1,405.0,0.0,0.0,0.0,0.0,0.0,27
2023-05-10 10:07:12,CF311P15200,棉花2311沽15200,405.0,0.0,0.0,0.0,1,62.0,1069.0,1,405.0,0.0,0.0,0.0,0.0,0.0,27
2023-05-10 10:07:13,CF311P15200,棉花2311沽15200,405.0,0.0,0.0,0.0,2,63.0,1069.0,1,405.0,0.0,0.0,0.0,0.0,0.0,27
2023-05-10 10:07:13,CF311P15200,棉花2311沽15200,405.0,0.0,0.0,0.0,1,66.0,1069.0,1,405.0,0.0,0.0,0.0,0.0,0.0,27
2023-05-10 10:07:14,CF311P15200,棉花2311沽15200,405.0,0.0,0.0,0.0,2,67.0,1069.0,1,405.0,0.0,0.0,0.0,0.0,0.0,27
2023-05-10 10:07:14,CF311P15200,棉花2311沽15200,405.0,0.0,0.0,0.0,1,70.0,1069.0,1,405.0,0.0,0.0,0.0,0.0,0.0,27
2023-05-10 10:07:15,CF311P15200,棉花2311沽15200,405.0,0.0,0.0,0.0,2,71.0,1069.0,1,405.0,0.0,0.0,0.0,0.0,0.0,27
2023-05-10 10:07:15,CF311P15200,棉花2311沽15200,405.0,0.0,0.0,0.0,1,74.0,1069.0,1,405.0,0.0,0.0,0.0,0.0,0.0,27
2023-05-10 10:07:16,CF311P15200,棉花2311沽15200,405.0,0.0,0.0,0.0,2,75.0,1069.0,1,405.0,0.0,0.0,0.0,0.0,0.0,27
2023-05-10 10:07:16,CF311P15200,棉花2311沽15200,405.0,0.0,0.0,0.0,1,78.0,1069.0,1,405.0,0.0,0.0,0.0,0.0,0.0,27
2023-05-10 10:07:17,CF311P15200,棉花2311沽15200,405.0,0.0,0.0,0.0,2,79.0,1069.0,1,405.0,0.0,0.0,0.0,0.0,0.0,27
2023-05-10 10:07:17,CF311P15200,棉花2311沽15200,405.0,0.0,0.0,0.0,1,82.0,1069.0,1,405.0,0.0,0.0,0.0,0.0,0.0,27
2023-05-10 10:07:18,CF311P15200,棉花2311沽15200,405.0,0.0,0.0,0.0,2,83.0,1069.0,1,405.0,0.0,0.0,0.0,0.0,0.0,27
2023-05-10 10:07:18,CF311P15200,棉花2311沽15200,405.0,0.0,0.0,0.0,1,86.0,1069.0,1,405.0,0.0,0.0,0.0,0.0,0.0,27
2023-05-10 10:07:19,CF311P15200,棉花2311沽15200,405.0,0.0,0.0,0.0,2,87.0,1069.0,1,405.0,0.0,0.0,0.0,0.0,0.0,27
2023-05-10 10:07:19,CF311P15200,棉花2311沽15200,405.0,0.0,0.0,0.0,1,90.0,1069.0,1,405.0,0.0,0.0,0.0,0.0,0.0,27
2023-05-10 10:07:20,CF311P15200,棉花2311沽15200,405.0,0.0,0.0,0.0,2,91.0,1069.0,1,405.0,0.0,0.0,0.0,0.0,0.0,27
2023-05-10 10:07:20,CF311P15200,棉花2311沽15200,405.0,0.0,0.0,0.0,1,94.0,1069.0,1,405.0,0.0,0.0,0.0,0.0,0.0,27
2023-05-10 10:07:21,CF311P15200,棉花2311沽15200,405.0,0.0,0.0,0.0,2,95.0,1069.0,1,405.0,0.0,0.0,0.0,0.0,0.0,27
2023-05-10 10:07:21,CF311P15200,棉花2311沽15200,405.0,0.0,0.0,0.0,1,98.0,1069.0,1,405.0,0.0,0.0,0.0,0.0,0.0,27
2023-05-10 10:07:22,CF311P15200,棉花2311沽15200,405.0,0.0,0.0,0.0,2,99.0,1069.0,1,405.0,0.0,0.0,0.0,0.0,0.0,27
2023-05-10 10:07:22,CF311P15200,棉花2311沽15200,405.0,0.0,0.0,0.0,1,102.0,1069.0,1,405.0,0.0,0.0,0.0,0.0,0.0,27
2023-05-10 10:07:23,CF311P15200,棉花2311沽15200,405.0,0.0,0.0,0.0,2,103.0,1069.0,1,405.0,0.0,0.0,0.0,0.0,0.0,27
2023-05-10 10:07:23,CF311P15200,棉花2311沽15200,405.0,0.0,0.0,0.0,1,106.0,1069.0,1,405.0,0.0,0.0,0.0,0.0,0.0,27
2023-05-10 10:07:24,CF311P15200,棉花2311沽15200,405.0,0.0,0.0,0.0,2,107.0,1069.0,1,405.0,0.0,0.0,0.0,0.0,0.0,27
2023-05-10 10:07:24,CF311P15200,棉花2311沽15200,405.0,0.0,0.0,0.0,1,110.0,1069.0,1,405.0,0.0,0.0,0.0,0.0,0.0,27
2023-05-10 10:07:25,CF311P15200,棉花2311沽15200,405.0,0.0,0.0,0.0,2,111.0,1069.0,1,405.0,0.0,0.0,0.0,0.0,0.0,27
2023-05-10 10:07:25,CF311P15200,棉花2311沽15200,405.0,0.0,0.0,0.0,1,114.0,1069.0,1,405.0,0.0,0.0,0.0,0.0,0.0,27
2023-05-10 10:07:25,CF311P15200,棉花2311沽15200,405.0,0.0,0.0,0.0,2,111.0,1069.0,1,405.0,0.0,0.0,0.0,0.0,0.0,27
2023-05-10 10:07:26,CF311P15200,棉花2311沽15200,405.0,0.0,0.0,0.0,2,115.0,1069.0,1,405.0,0.0,0.0,0.0,0.0,0.0,27
2023-05-10 10:07:26,CF311P15200,棉花2311沽15200,405.0,0.0,0.0,0.0,1,118.0,1069.0,1,405.0,0.0,0.0,0.0,0.0,0.0,27
2023-05-10 10:07:27,CF311P15200,棉花2311沽15200,405.0,0.0,0.0,0.0,2,119.0,1069.0,1,405.0,0.0,0.0,0.0,0.0,0.0,27
2023-05-10 10:07:27,CF311P15200,棉花2311沽15200,405.0,0.0,0.0,0.0,1,122.0,1069.0,1,405.0,0.0,0.0,0.0,0.0,0.0,27
2023-05-10 10:07:27,CF311P15200,棉花2311沽15200,405.0,0.0,0.0,0.0,2,123.0,1069.0,1,405.0,0.0,0.0,0.0,0.0,0.0,27
2023-05-10 10:07:28,CF311P15200,棉花2311沽15200,405.0,0.0,0.0,0.0,1,126.0,1069.0,1,405.0,0.0,0.0,0.0,0.0,0.0,27
2023-05-10 10:07:29,CF311P15200,棉花2311沽15200,405.0,0.0,0.0,0.0,2,127.0,1069.0,1,405.0,0.0,0.0,0.0,0.0,0.0,27
2023-05-10 10:07:29,CF311P15200,棉花2311沽15200,405.0,0.0,0.0,0.0,1,130.0,1069.0,1,405.0,0.0,0.0,0.0,0.0,0.0,27
2023-05-10 10:07:29,CF311P15200,棉花2311沽15200,405.0,0.0,0.0,0.0,2,131.0,1069.0,1,405.0,0.0,0.0,0.0,0.0,0.0,27
2023-05-10 10:07:30,CF311P15200,棉花2311沽15200,405.0,0.0,0.0,0.0,1,134.0,1069.0,1,405.0,0.0,0.0,0.0,0.0,0.0,27
2023-05-10 10:07:31,CF311P15200,棉花2311沽15200,405.0,0.0,0.0,0.0,2,135.0,1069.0,1,405.0,0.0,0.0,0.0,0.0,0.0,27
2023-05-10 10:07:31,CF311P15200,棉花2311沽15200,405.0,0.0,0.0,0.0,1,138.0,1069.0,1,405.0,0.0,0.0,0.0,0.0,0.0,27
2023-05-10 10:07:32,CF311P15200,棉花2311沽15200,405.0,0.0,0.0,0.0,2,139.0,1069.0,1,405.0,0.0,0.0,0.0,0.0,0.0,27
2023-05-10 10:07:32,CF311P15200,棉花2311沽15200,405.0,0.0,0.0,0.0,1,142.0,1069.0,1,405.0,0.0,0.0,0.0,0.0,0.0,27
2023-05-10 10:07:33,CF311P15200,棉花2311沽15200,405.0,0.0,0.0,0.0,2,143.0,1069.0,1,405.0,0.0,0.0,0.0,0.0,0.0,27
2023-05-10 10:07:33,CF311P15200,棉花2311沽15200,405.0,0.0,0.0,0.0,1,146.0,1069.0,1,405.0,0.0,0.0,0.0,0.0,0.0,27
2023-05-10 10:07:34,CF311P15200,棉花2311沽15200,405.0,0.0,0.0,0.0,2,147.0,1069.0,1,405.0,0.0,0.0,0.0,0.0,0.0,27
2023-05-10 10:07:34,CF311P15200,棉花2311沽15200,405.0,0.0,0.0,0.0,1,150.0,1069.0,1,405.0,0.0,0.0,0.0,0.0,0.0,27
2023-05-10 10:07:35,CF311P15200,棉花2311沽15200,405.0,0.0,0.0,0.0,2,151.0,1069.0,1,405.0,0.0,0.0,0.0,0.0,0.0,27
2023-05-10 10:07:35,CF311P15200,棉花2311沽15200,405.0,0.0,0.0,0.0,1,154.0,1069.0,1,405.0,0.0,0.0,0.0,0.0,0.0,27
2023-05-10 10:07:36,CF311P15200,棉花2311沽15200,405.0,0.0,0.0,0.0,2,155.0,1069.0,1,405.0,0.0,0.0,0.0,0.0,0.0,27
2023-05-10 10:07:36,CF311P15200,棉花2311沽15200,405.0,0.0,0.0,0.0,1,158.0,1069.0,1,405.0,0.0,0.0,0.0,0.0,0.0,27
2023-05-10 10:07:37,CF311P15200,棉花2311沽15200,405.0,0.0,0.0,0.0,2,159.0,1069.0,1,405.0,0.0,0.0,0.0,0.0,0.0,27
2023-05-10 10:07:37,CF311P15200,棉花2311沽15200,405.0,0.0,0.0,0.0,1,162.0,1069.0,1,405.0,0.0,0.0,0.0,0.0,0.0,27
2023-05-10 10:07:38,CF311P15200,棉花2311沽15200,405.0,0.0,0.0,0.0,2,163.0,1069.0,1,405.0,0.0,0.0,0.0,0.0,0.0,27
2023-05-10 10:07:38,CF311P15200,棉花2311沽15200,405.0,0.0,0.0,0.0,1,166.0,1069.0,1,405.0,0.0,0.0,0.0,0.0,0.0,27
2023-05-10 10:07:39,CF311P15200,棉花2311沽15200,405.0,0.0,0.0,0.0,2,167.0,1069.0,1,405.0,0.0,0.0,0.0,0.0,0.0,27
2023-05-10 10:07:39,CF311P15200,棉花2311沽15200,405.0,0.0,0.0,0.0,1,170.0,1069.0,1,405.0,0.0,0.0,0.0,0.0,0.0,27
2023-05-10 10:07:40,CF311P15200,棉花2311沽15200,405.0,0.0,0.0,0.0,2,171.0,1069.0,1,405.0,0.0,0.0,0.0,0.0,0.0,27
2023-05-10 10:07:40,CF311P15200,棉花2311沽15200,405.0,0.0,0.0,0.0,1,174.0,1069.0,1,405.0,0.0,0.0,0.0,0.0,0.0,27
2023-05-10 10:07:41,CF311P15200,棉花2311沽15200,405.0,0.0,0.0,0.0,2,175.0,1069.0,1,405.0,0.0,0.0,0.0,0.0,0.0,27
2023-05-10 10:07:41,CF311P15200,棉花2311沽15200,405.0,0.0,0.0,0.0,1,178.0,1069.0,1,405.0,0.0,0.0,0.0,0.0,0.0,27
2023-05-10 10:07:42,CF311P15200,棉花2311沽15200,405.0,0.0,0.0,0.0,2,179.0,1069.0,1,405.0,0.0,0.0,0.0,0.0,0.0,27
2023-05-10 10:07:42,CF311P15200,棉花2311沽15200,405.0,0.0,0.0,0.0,1,182.0,1069.0,1,405.0,0.0,0.0,0.0,0.0,0.0,27
2023-05-10 10:07:50,CF311P15200,棉花2311沽15200,405.0,0.0,0.0,0.0,2,183.0,1069.0,1,405.0,0.0,0.0,0.0,0.0,0.0,27
2023-05-10 10:10:10,CF311P15200,棉花2311沽15200,405.0,0.0,0.0,0.0,1,17.0,1069.0,1,405.0,0.0,0.0,0.0,0.0,0.0,27
2023-05-10 10:10:11,CF311P15200,棉花2311沽15200,405.0,0.0,0.0,0.0,2,33.0,1069.0,1,405.0,0.0,0.0,0.0,0.0,0.0,27
2023-05-10 10:10:11,CF311P15200,棉花2311沽15200,405.0,0.0,0.0,0.0,1,36.0,1069.0,1,405.0,0.0,0.0,0.0,0.0,0.0,27
2023-05-10 10:10:12,CF311P15200,棉花2311沽15200,405.0,0.0,0.0,0.0,2,44.0,1069.0,1,405.0,0.0,0.0,0.0,0.0,0.0,27
2023-05-10 10:10:13,CF311P15200,棉花2311沽15200,405.0,0.0,0.0,0.0,1,47.0,1069.0,1,405.0,0.0,0.0,0.0,0.0,0.0,27
2023-05-10 10:10:14,CF311P15200,棉花2311沽15200,405.0,0.0,0.0,0.0,2,48.0,1069.0,1,405.0,0.0,0.0,0.0,0.0,0.0,27
2023-05-10 10:10:14,CF311P15200,棉花2311沽15200,405.0,0.0,0.0,0.0,1,51.0,1069.0,1,405.0,0.0,0.0,0.0,0.0,0.0,27
2023-05-10 10:10:15,CF311P15200,棉花2311沽15200,405.0,0.0,0.0,0.0,2,52.0,1069.0,1,405.0,0.0,0.0,0.0,0.0,0.0,27
2023-05-10 10:10:15,CF311P15200,棉花2311沽15200,405.0,0.0,0.0,0.0,1,55.0,1069.0,1,405.0,0.0,0.0,0.0,0.0,0.0,27
2023-05-10 10:10:16,CF311P15200,棉花2311沽15200,405.0,0.0,0.0,0.0,2,56.0,1069.0,1,405.0,0.0,0.0,0.0,0.0,0.0,27
2023-05-10 10:10:16,CF311P15200,棉花2311沽15200,405.0,0.0,0.0,0.0,1,59.0,1069.0,1,405.0,0.0,0.0,0.0,0.0,0.0,27
2023-05-10 10:10:16,CF311P15200,棉花2311沽15200,405.0,0.0,0.0,0.0,2,56.0,1069.0,1,405.0,0.0,0.0,0.0,0.0,0.0,27
2023-05-10 10:10:17,CF311P15200,棉花2311沽15200,405.0,0.0,0.0,0.0,2,60.0,1069.0,1,405.0,0.0,0.0,0.0,0.0,0.0,27
2023-05-10 10:10:17,CF311P15200,棉花2311沽15200,405.0,0.0,0.0,0.0,1,63.0,1069.0,1,405.0,0.0,0.0,0.0,0.0,0.0,27
2023-05-10 10:10:18,CF311P15200,棉花2311沽15200,405.0,0.0,0.0,0.0,2,64.0,1069.0,1,405.0,0.0,0.0,0.0,0.0,0.0,27
2023-05-10 10:10:18,CF311P15200,棉花2311沽15200,405.0,0.0,0.0,0.0,1,67.0,1069.0,1,405.0,0.0,0.0,0.0,0.0,0.0,27
2023-05-10 10:10:19,CF311P15200,棉花2311沽15200,405.0,0.0,0.0,0.0,2,68.0,1069.0,1,405.0,0.0,0.0,0.0,0.0,0.0,27
2023-05-10 10:10:19,CF311P15200,棉花2311沽15200,405.0,0.0,0.0,0.0,1,71.0,1069.0,1,405.0,0.0,0.0,0.0,0.0,0.0,27
2023-05-10 10:10:20,CF311P15200,棉花2311沽15200,405.0,0.0,0.0,0.0,2,72.0,1069.0,1,405.0,0.0,0.0,0.0,0.0,0.0,27
2023-05-10 10:10:20,CF311P15200,棉花2311沽15200,405.0,0.0,0.0,0.0,1,75.0,1069.0,1,405.0,0.0,0.0,0.0,0.0,0.0,27
2023-05-10 10:10:21,CF311P15200,棉花2311沽15200,405.0,0.0,0.0,0.0,2,76.0,1069.0,1,405.0,0.0,0.0,0.0,0.0,0.0,27
2023-05-10 10:10:21,CF311P15200,棉花2311沽15200,405.0,0.0,0.0,0.0,1,79.0,1069.0,1,405.0,0.0,0.0,0.0,0.0,0.0,27
2023-05-10 10:10:22,CF311P15200,棉花2311沽15200,405.0,0.0,0.0,0.0,2,80.0,1069.0,1,405.0,0.0,0.0,0.0,0.0,0.0,27
2023-05-10 10:10:22,CF311P15200,棉花2311沽15200,405.0,0.0,0.0,0.0,1,83.0,1069.0,1,405.0,0.0,0.0,0.0,0.0,0.0,27
2023-05-10 10:10:23,CF311P15200,棉花2311沽15200,405.0,0.0,0.0,0.0,2,84.0,1069.0,1,405.0,0.0,0.0,0.0,0.0,0.0,27
2023-05-10 10:10:23,CF311P15200,棉花2311沽15200,405.0,0.0,0.0,0.0,1,87.0,1069.0,1,405.0,0.0,0.0,0.0,0.0,0.0,27
2023-05-10 10:10:24,CF311P15200,棉花2311沽15200,405.0,0.0,0.0,0.0,2,88.0,1069.0,1,405.0,0.0,0.0,0.0,0.0,0.0,27
2023-05-10 10:10:24,CF311P15200,棉花2311沽15200,405.0,0.0,0.0,0.0,1,91.0,1069.0,1,405.0,0.0,0.0,0.0,0.0,0.0,27
2023-05-10 10:10:25,CF311P15200,棉花2311沽15200,405.0,0.0,0.0,0.0,2,92.0,1069.0,1,405.0,0.0,0.0,0.0,0.0,0.0,27
2023-05-10 10:10:25,CF311P15200,棉花2311沽15200,405.0,0.0,0.0,0.0,1,95.0,1069.0,1,405.0,0.0,0.0,0.0,0.0,0.0,27
2023-05-10 10:10:26,CF311P15200,棉花2311沽15200,405.0,0.0,0.0,0.0,2,96.0,1069.0,1,405.0,0.0,0.0,0.0,0.0,0.0,27
2023-05-10 10:10:26,CF311P15200,棉花2311沽15200,405.0,0.0,0.0,0.0,1,99.0,1069.0,1,405.0,0.0,0.0,0.0,0.0,0.0,27
2023-05-10 10:10:27,CF311P15200,棉花2311沽15200,405.0,0.0,0.0,0.0,2,100.0,1069.0,1,405.0,0.0,0.0,0.0,0.0,0.0,27
2023-05-10 10:10:27,CF311P15200,棉花2311沽15200,405.0,0.0,0.0,0.0,1,103.0,1069.0,1,405.0,0.0,0.0,0.0,0.0,0.0,27
2023-05-10 10:10:28,CF311P15200,棉花2311沽15200,405.0,0.0,0.0,0.0,2,104.0,1069.0,1,405.0,0.0,0.0,0.0,0.0,0.0,27
2023-05-10 10:10:28,CF311P15200,棉花2311沽15200,405.0,0.0,0.0,0.0,1,107.0,1069.0,1,405.0,0.0,0.0,0.0,0.0,0.0,27
2023-05-10 10:10:29,CF311P15200,棉花2311沽15200,405.0,0.0,0.0,0.0,2,108.0,1069.0,1,405.0,0.0,0.0,0.0,0.0,0.0,27
2023-05-10 10:10:29,CF311P15200,棉花2311沽15200,405.0,0.0,0.0,0.0,1,111.0,1069.0,1,405.0,0.0,0.0,0.0,0.0,0.0,27
2023-05-10 10:10:30,CF311P15200,棉花2311沽15200,405.0,0.0,0.0,0.0,2,112.0,1069.0,1,405.0,0.0,0.0,0.0,0.0,0.0,27
2023-05-10 10:10:30,CF311P15200,棉花2311沽15200,405.0,0.0,0.0,0.0,1,115.0,1069.0,1,405.0,0.0,0.0,0.0,0.0,0.0,27
2023-05-10 10:10:31,CF311P15200,棉花2311沽15200,405.0,0.0,0.0,0.0,2,116.0,1069.0,1,405.0,0.0,0.0,0.0,0.0,0.0,27
2023-05-10 10:10:31,CF311P15200,棉花2311沽15200,405.0,0.0,0.0,0.0,1,119.0,1069.0,1,405.0,0.0,0.0,0.0,0.0,0.0,27
2023-05-10 10:10:32,CF311P15200,棉花2311沽15200,405.0,0.0,0.0,0.0,2,120.0,1069.0,1,405.0,0.0,0.0,0.0,0.0,0.0,27
2023-05-10 10:10:32,CF311P15200,棉花2311沽15200,405.0,0.0,0.0,0.0,1,123.0,1069.0,1,405.0,0.0,0.0,0.0,0.0,0.0,27
2023-05-10 10:10:33,CF311P15200,棉花2311沽15200,405.0,0.0,0.0,0.0,2,124.0,1069.0,1,405.0,0.0,0.0,0.0,0.0,0.0,27
2023-05-10 10:10:33,CF311P15200,棉花2311沽15200,405.0,0.0,0.0,0.0,1,127.0,1069.0,1,405.0,0.0,0.0,0.0,0.0,0.0,27
2023-05-10 10:10:34,CF311P15200,棉花2311沽15200,405.0,0.0,0.0,0.0,2,128.0,1069.0,1,405.0,0.0,0.0,0.0,0.0,0.0,27
2023-05-10 10:10:35,CF311P15200,棉花2311沽15200,405.0,0.0,0.0,0.0,1,131.0,1069.0,1,405.0,0.0,0.0,0.0,0.0,0.0,27
2023-05-10 10:10:36,CF311P15200,棉花2311沽15200,405.0,0.0,0.0,0.0,2,132.0,1069.0,1,405.0,0.0,0.0,0.0,0.0,0.0,27
2023-05-10 10:10:36,CF311P15200,棉花2311沽15200,405.0,0.0,0.0,0.0,1,135.0,1069.0,1,405.0,0.0,0.0,0.0,0.0,0.0,27
2023-05-10 10:10:37,CF311P15200,棉花2311沽15200,405.0,0.0,0.0,0.0,2,136.0,1069.0,1,405.0,0.0,0.0,0.0,0.0,0.0,27
2023-05-10 10:10:38,CF311P15200,棉花2311沽15200,405.0,0.0,0.0,0.0,1,139.0,1069.0,1,405.0,0.0,0.0,0.0,0.0,0.0,27
2023-05-10 10:10:39,CF311P15200,棉花2311沽15200,405.0,0.0,0.0,0.0,2,140.0,1069.0,1,405.0,0.0,0.0,0.0,0.0,0.0,27
2023-05-10 10:10:39,CF311P15200,棉花2311沽15200,405.0,0.0,0.0,0.0,1,143.0,1069.0,1,405.0,0.0,0.0,0.0,0.0,0.0,27
2023-05-10 10:10:40,CF311P15200,棉花2311沽15200,405.0,0.0,0.0,0.0,2,144.0,1069.0,1,405.0,0.0,0.0,0.0,0.0,0.0,27
2023-05-10 10:10:40,CF311P15200,棉花2311沽15200,405.0,0.0,0.0,0.0,1,147.0,1069.0,1,405.0,0.0,0.0,0.0,0.0,0.0,27
2023-05-10 10:10:41,CF311P15200,棉花2311沽15200,405.0,0.0,0.0,0.0,2,148.0,1069.0,1,405.0,0.0,0.0,0.0,0.0,0.0,27
2023-05-10 10:10:42,CF311P15200,棉花2311沽15200,405.0,0.0,0.0,0.0,1,151.0,1069.0,1,405.0,0.0,0.0,0.0,0.0,0.0,27
2023-05-10 10:10:42,CF311P15200,棉花2311沽15200,405.0,0.0,0.0,0.0,2,152.0,1069.0,1,405.0,0.0,0.0,0.0,0.0,0.0,27
2023-05-10 10:10:43,CF311P15200,棉花2311沽15200,405.0,0.0,0.0,0.0,1,155.0,1069.0,1,405.0,0.0,0.0,0.0,0.0,0.0,27
2023-05-10 10:10:43,CF311P15200,棉花2311沽15200,405.0,0.0,0.0,0.0,2,156.0,1069.0,1,405.0,0.0,0.0,0.0,0.0,0.0,27
2023-05-10 10:10:44,CF311P15200,棉花2311沽15200,405.0,0.0,0.0,0.0,1,159.0,1069.0,1,405.0,0.0,0.0,0.0,0.0,0.0,27
2023-05-10 10:10:45,CF311P15200,棉花2311沽15200,405.0,0.0,0.0,0.0,2,160.0,1069.0,1,405.0,0.0,0.0,0.0,0.0,0.0,27
2023-05-10 10:10:45,CF311P15200,棉花2311沽15200,405.0,0.0,0.0,0.0,1,163.0,1069.0,1,405.0,0.0,0.0,0.0,0.0,0.0,27
2023-05-10 10:10:46,CF311P15200,棉花2311沽15200,405.0,0.0,0.0,0.0,2,164.0,1069.0,1,405.0,0.0,0.0,0.0,0.0,0.0,27
2023-05-10 10:10:46,CF311P15200,棉花2311沽15200,405.0,0.0,0.0,0.0,1,167.0,1069.0,1,405.0,0.0,0.0,0.0,0.0,0.0,27
2023-05-10 10:10:47,CF311P15200,棉花2311沽15200,405.0,0.0,0.0,0.0,2,168.0,1069.0,1,405.0,0.0,0.0,0.0,0.0,0.0,27
2023-05-10 10:10:47,CF311P15200,棉花2311沽15200,405.0,0.0,0.0,0.0,1,171.0,1069.0,1,405.0,0.0,0.0,0.0,0.0,0.0,27
2023-05-10 10:10:48,CF311P15200,棉花2311沽15200,405.0,0.0,0.0,0.0,2,172.0,1069.0,1,405.0,0.0,0.0,0.0,0.0,0.0,27
2023-05-10 10:10:48,CF311P15200,棉花2311沽15200,405.0,0.0,0.0,0.0,1,175.0,1069.0,1,405.0,0.0,0.0,0.0,0.0,0.0,27
2023-05-10 10:10:49,CF311P15200,棉花2311沽15200,405.0,0.0,0.0,0.0,2,176.0,1069.0,1,405.0,0.0,0.0,0.0,0.0,0.0,27
2023-05-10 10:10:49,CF311P15200,棉花2311沽15200,405.0,0.0,0.0,0.0,1,179.0,1069.0,1,405.0,0.0,0.0,0.0,0.0,0.0,27
2023-05-10 10:10:50,CF311P15200,棉花2311沽15200,405.0,0.0,0.0,0.0,2,180.0,1069.0,1,405.0,0.0,0.0,0.0,0.0,0.0,27
2023-05-10 10:12:08,CF311P15200,棉花2311沽15200,405.0,0.0,0.0,0.0,1,17.0,1069.0,1,405.0,0.0,0.0,0.0,0.0,0.0,27
2023-05-10 10:12:08,CF311P15200,棉花2311沽15200,405.0,0.0,0.0,0.0,1,20.0,1069.0,1,405.0,0.0,0.0,0.0,0.0,0.0,27
2023-05-10 10:30:01,CF311P15200,棉花2311沽15200,405.0,0.0,0.0,0.0,1,17.0,0.0,0,405.0,0.0,0.0,0.0,0.0,0.0,27
2023-05-10 10:30:16,CF311P15200,棉花2311沽15200,405.0,0.0,0.0,0.0,2,25.0,0.0,0,405.0,0.0,0.0,0.0,0.0,0.0,27
2023-05-10 10:32:04,CF311P15200,棉花2311沽15200,405.0,0.0,0.0,0.0,1,28.0,1362.0,1,405.0,0.0,0.0,0.0,0.0,0.0,27
2023-05-10 10:32:05,CF311P15200,棉花2311沽15200,405.0,0.0,0.0,0.0,2,44.0,1362.0,1,405.0,0.0,0.0,0.0,0.0,0.0,27
2023-05-10 10:32:05,CF311P15200,棉花2311沽15200,405.0,0.0,0.0,0.0,1,47.0,1362.0,1,405.0,0.0,0.0,0.0,0.0,0.0,27
2023-05-10 10:32:06,CF311P15200,棉花2311沽15200,405.0,0.0,0.0,0.0,2,63.0,1362.0,1,405.0,0.0,0.0,0.0,0.0,0.0,27
2023-05-10 10:32:07,CF311P15200,棉花2311沽15200,405.0,0.0,0.0,0.0,1,66.0,1362.0,1,405.0,0.0,0.0,0.0,0.0,0.0,27
2023-05-10 10:32:08,CF311P15200,棉花2311沽15200,405.0,0.0,0.0,0.0,2,82.0,1362.0,1,405.0,0.0,0.0,0.0,0.0,0.0,27
2023-05-10 10:32:08,CF311P15200,棉花2311沽15200,405.0,0.0,0.0,0.0,1,85.0,1362.0,1,405.0,0.0,0.0,0.0,0.0,0.0,27
2023-05-10 10:32:09,CF311P15200,棉花2311沽15200,405.0,0.0,0.0,0.0,2,101.0,1362.0,1,405.0,0.0,0.0,0.0,0.0,0.0,27
2023-05-10 10:32:09,CF311P15200,棉花2311沽15200,405.0,0.0,0.0,0.0,1,104.0,1362.0,1,405.0,0.0,0.0,0.0,0.0,0.0,27
2023-05-10 10:32:10,CF311P15200,棉花2311沽15200,405.0,0.0,0.0,0.0,2,120.0,1362.0,1,405.0,0.0,0.0,0.0,0.0,0.0,27
2023-05-10 10:32:11,CF311P15200,棉花2311沽15200,405.0,0.0,0.0,0.0,1,123.0,1362.0,1,405.0,0.0,0.0,0.0,0.0,0.0,27
2023-05-10 10:32:12,CF311P15200,棉花2311沽15200,405.0,0.0,0.0,0.0,2,139.0,1362.0,1,405.0,0.0,0.0,0.0,0.0,0.0,27
2023-05-10 10:32:12,CF311P15200,棉花2311沽15200,405.0,0.0,0.0,0.0,1,142.0,1362.0,1,405.0,0.0,0.0,0.0,0.0,0.0,27
2023-05-10 10:32:13,CF311P15200,棉花2311沽15200,405.0,0.0,0.0,0.0,2,158.0,1362.0,1,405.0,0.0,0.0,0.0,0.0,0.0,27
2023-05-10 10:32:13,CF311P15200,棉花2311沽15200,405.0,0.0,0.0,0.0,1,161.0,1362.0,1,405.0,0.0,0.0,0.0,0.0,0.0,27
2023-05-10 10:32:14,CF311P15200,棉花2311沽15200,405.0,0.0,0.0,0.0,2,177.0,1362.0,1,405.0,0.0,0.0,0.0,0.0,0.0,27
2023-05-10 10:32:14,CF311P15200,棉花2311沽15200,405.0,0.0,0.0,0.0,1,180.0,1362.0,1,405.0,0.0,0.0,0.0,0.0,0.0,27
2023-05-10 10:32:15,CF311P15200,棉花2311沽15200,405.0,0.0,0.0,0.0,2,188.0,1362.0,1,405.0,0.0,0.0,0.0,0.0,0.0,27
2023-05-10 10:41:26,CF311P15200,棉花2311沽15200,405.0,0.0,0.0,0.0,2,188.0,1361.0,1,405.0,0.0,0.0,0.0,0.0,0.0,27
2023-05-10 10:41:26,CF311P15200,棉花2311沽15200,405.0,0.0,0.0,0.0,1,191.0,1358.0,1,405.0,0.0,0.0,0.0,0.0,0.0,27
2023-05-10 10:41:27,CF311P15200,棉花2311沽15200,405.0,0.0,0.0,0.0,2,192.0,1358.0,1,405.0,0.0,0.0,0.0,0.0,0.0,27
2023-05-10 10:41:40,CF311P15200,棉花2311沽15200,405.0,0.0,0.0,0.0,2,192.0,1357.0,1,405.0,0.0,0.0,0.0,0.0,0.0,27
2023-05-10 10:41:40,CF311P15200,棉花2311沽15200,405.0,0.0,0.0,0.0,1,195.0,1354.0,1,405.0,0.0,0.0,0.0,0.0,0.0,27
2023-05-10 10:41:41,CF311P15200,棉花2311沽15200,405.0,0.0,0.0,0.0,2,196.0,1354.0,1,405.0,0.0,0.0,0.0,0.0,0.0,27
2023-05-10 10:41:51,CF311P15200,棉花2311沽15200,405.0,0.0,0.0,0.0,2,196.0,1353.0,1,405.0,0.0,0.0,0.0,0.0,0.0,27
2023-05-10 10:41:51,CF311P15200,棉花2311沽15200,405.0,0.0,0.0,0.0,2,196.0,1350.0,1,405.0,0.0,0.0,0.0,0.0,0.0,27
2023-05-10 10:42:00,CF311P15200,棉花2311沽15200,405.0,0.0,0.0,0.0,2,196.0,1349.0,1,405.0,0.0,0.0,0.0,0.0,0.0,27
2023-05-10 10:42:01,CF311P15200,棉花2311沽15200,405.0,0.0,0.0,0.0,2,196.0,1346.0,1,405.0,0.0,0.0,0.0,0.0,0.0,27
2023-05-10 10:42:08,CF311P15200,棉花2311沽15200,405.0,0.0,0.0,0.0,2,196.0,1345.0,1,405.0,0.0,0.0,0.0,0.0,0.0,27
2023-05-10 10:42:08,CF311P15200,棉花2311沽15200,405.0,0.0,0.0,0.0,2,196.0,1342.0,1,405.0,0.0,0.0,0.0,0.0,0.0,27
2023-05-10 10:42:15,CF311P15200,棉花2311沽15200,405.0,0.0,0.0,0.0,2,196.0,1341.0,1,405.0,0.0,0.0,0.0,0.0,0.0,27
2023-05-10 10:42:15,CF311P15200,棉花2311沽15200,405.0,0.0,0.0,0.0,2,196.0,1338.0,1,405.0,0.0,0.0,0.0,0.0,0.0,27
2023-05-10 10:42:26,CF311P15200,棉花2311沽15200,405.0,0.0,0.0,0.0,2,196.0,1337.0,1,405.0,0.0,0.0,0.0,0.0,0.0,27
2023-05-10 10:42:26,CF311P15200,棉花2311沽15200,405.0,0.0,0.0,0.0,2,196.0,1334.0,1,405.0,0.0,0.0,0.0,0.0,0.0,27
2023-05-10 10:42:32,CF311P15200,棉花2311沽15200,405.0,0.0,0.0,0.0,2,196.0,1333.0,1,405.0,0.0,0.0,0.0,0.0,0.0,27
2023-05-10 10:42:32,CF311P15200,棉花2311沽15200,405.0,0.0,0.0,0.0,2,196.0,1330.0,1,405.0,0.0,0.0,0.0,0.0,0.0,27
2023-05-10 10:42:39,CF311P15200,棉花2311沽15200,405.0,0.0,0.0,0.0,2,196.0,1329.0,1,405.0,0.0,0.0,0.0,0.0,0.0,27
2023-05-10 10:42:39,CF311P15200,棉花2311沽15200,405.0,0.0,0.0,0.0,2,196.0,1326.0,1,405.0,0.0,0.0,0.0,0.0,0.0,27
2023-05-10 10:42:44,CF311P15200,棉花2311沽15200,405.0,0.0,0.0,0.0,2,196.0,1325.0,1,405.0,0.0,0.0,0.0,0.0,0.0,27
2023-05-10 10:42:44,CF311P15200,棉花2311沽15200,405.0,0.0,0.0,0.0,2,196.0,1322.0,1,405.0,0.0,0.0,0.0,0.0,0.0,27
2023-05-10 10:42:51,CF311P15200,棉花2311沽15200,405.0,0.0,0.0,0.0,2,196.0,1321.0,1,405.0,0.0,0.0,0.0,0.0,0.0,27
2023-05-10 10:42:51,CF311P15200,棉花2311沽15200,405.0,0.0,0.0,0.0,2,196.0,1318.0,1,405.0,0.0,0.0,0.0,0.0,0.0,27
2023-05-10 10:42:56,CF311P15200,棉花2311沽15200,405.0,0.0,0.0,0.0,2,196.0,1317.0,1,405.0,0.0,0.0,0.0,0.0,0.0,27
2023-05-10 10:42:56,CF311P15200,棉花2311沽15200,405.0,0.0,0.0,0.0,2,196.0,1314.0,1,405.0,0.0,0.0,0.0,0.0,0.0,27
2023-05-10 10:43:00,CF311P15200,棉花2311沽15200,405.0,0.0,0.0,0.0,2,196.0,1313.0,1,405.0,0.0,0.0,0.0,0.0,0.0,27
2023-05-10 10:43:00,CF311P15200,棉花2311沽15200,405.0,0.0,0.0,0.0,2,196.0,1310.0,1,405.0,0.0,0.0,0.0,0.0,0.0,27
2023-05-10 10:43:06,CF311P15200,棉花2311沽15200,405.0,0.0,0.0,0.0,2,196.0,1309.0,1,405.0,0.0,0.0,0.0,0.0,0.0,27
2023-05-10 10:43:06,CF311P15200,棉花2311沽15200,405.0,0.0,0.0,0.0,2,196.0,1306.0,1,405.0,0.0,0.0,0.0,0.0,0.0,27
2023-05-10 10:43:11,CF311P15200,棉花2311沽15200,405.0,0.0,0.0,0.0,2,196.0,1305.0,1,405.0,0.0,0.0,0.0,0.0,0.0,27
2023-05-10 10:43:11,CF311P15200,棉花2311沽15200,405.0,0.0,0.0,0.0,2,196.0,1302.0,1,405.0,0.0,0.0,0.0,0.0,0.0,27
2023-05-10 10:43:16,CF311P15200,棉花2311沽15200,405.0,0.0,0.0,0.0,2,196.0,1301.0,1,405.0,0.0,0.0,0.0,0.0,0.0,27
2023-05-10 10:43:17,CF311P15200,棉花2311沽15200,405.0,0.0,0.0,0.0,2,196.0,1298.0,1,405.0,0.0,0.0,0.0,0.0,0.0,27
2023-05-10 10:43:24,CF311P15200,棉花2311沽15200,405.0,0.0,0.0,0.0,2,196.0,1297.0,1,405.0,0.0,0.0,0.0,0.0,0.0,27
2023-05-10 10:43:25,CF311P15200,棉花2311沽15200,405.0,0.0,0.0,0.0,2,196.0,1294.0,1,405.0,0.0,0.0,0.0,0.0,0.0,27
2023-05-10 10:43:33,CF311P15200,棉花2311沽15200,405.0,0.0,0.0,0.0,2,196.0,1293.0,1,405.0,0.0,0.0,0.0,0.0,0.0,27
2023-05-10 10:43:33,CF311P15200,棉花2311沽15200,405.0,0.0,0.0,0.0,2,196.0,1290.0,1,405.0,0.0,0.0,0.0,0.0,0.0,27
2023-05-10 10:43:39,CF311P15200,棉花2311沽15200,405.0,0.0,0.0,0.0,2,196.0,1289.0,1,405.0,0.0,0.0,0.0,0.0,0.0,27
2023-05-10 10:43:39,CF311P15200,棉花2311沽15200,405.0,0.0,0.0,0.0,2,196.0,1286.0,1,405.0,0.0,0.0,0.0,0.0,0.0,27
2023-05-10 10:43:46,CF311P15200,棉花2311沽15200,405.0,0.0,0.0,0.0,2,196.0,1285.0,1,405.0,0.0,0.0,0.0,0.0,0.0,27
2023-05-10 10:43:46,CF311P15200,棉花2311沽15200,405.0,0.0,0.0,0.0,2,196.0,1282.0,1,405.0,0.0,0.0,0.0,0.0,0.0,27
2023-05-10 10:43:54,CF311P15200,棉花2311沽15200,405.0,0.0,0.0,0.0,2,196.0,1281.0,1,405.0,0.0,0.0,0.0,0.0,0.0,27
2023-05-10 10:43:54,CF311P15200,棉花2311沽15200,405.0,0.0,0.0,0.0,2,196.0,1278.0,1,405.0,0.0,0.0,0.0,0.0,0.0,27
2023-05-10 10:43:59,CF311P15200,棉花2311沽15200,405.0,0.0,0.0,0.0,2,196.0,1277.0,1,405.0,0.0,0.0,0.0,0.0,0.0,27
2023-05-10 10:43:59,CF311P15200,棉花2311沽15200,405.0,0.0,0.0,0.0,2,196.0,1274.0,1,405.0,0.0,0.0,0.0,0.0,0.0,27
2023-05-10 10:44:04,CF311P15200,棉花2311沽15200,405.0,0.0,0.0,0.0,2,196.0,1273.0,1,405.0,0.0,0.0,0.0,0.0,0.0,27
2023-05-10 10:44:04,CF311P15200,棉花2311沽15200,405.0,0.0,0.0,0.0,2,196.0,1270.0,1,405.0,0.0,0.0,0.0,0.0,0.0,27
2023-05-10 10:44:12,CF311P15200,棉花2311沽15200,405.0,0.0,0.0,0.0,2,196.0,1269.0,1,405.0,0.0,0.0,0.0,0.0,0.0,27
2023-05-10 10:44:12,CF311P15200,棉花2311沽15200,405.0,0.0,0.0,0.0,2,196.0,1266.0,1,405.0,0.0,0.0,0.0,0.0,0.0,27
2023-05-10 10:44:19,CF311P15200,棉花2311沽15200,405.0,0.0,0.0,0.0,2,196.0,1265.0,1,405.0,0.0,0.0,0.0,0.0,0.0,27
2023-05-10 10:44:19,CF311P15200,棉花2311沽15200,405.0,0.0,0.0,0.0,2,196.0,1262.0,1,405.0,0.0,0.0,0.0,0.0,0.0,27
2023-05-10 10:44:28,CF311P15200,棉花2311沽15200,405.0,0.0,0.0,0.0,2,196.0,1261.0,1,405.0,0.0,0.0,0.0,0.0,0.0,27
2023-05-10 10:44:28,CF311P15200,棉花2311沽15200,405.0,0.0,0.0,0.0,2,196.0,1258.0,1,405.0,0.0,0.0,0.0,0.0,0.0,27
2023-05-10 10:44:35,CF311P15200,棉花2311沽15200,405.0,0.0,0.0,0.0,2,196.0,1257.0,1,405.0,0.0,0.0,0.0,0.0,0.0,27
2023-05-10 10:44:35,CF311P15200,棉花2311沽15200,405.0,0.0,0.0,0.0,2,196.0,1254.0,1,405.0,0.0,0.0,0.0,0.0,0.0,27
2023-05-10 10:44:43,CF311P15200,棉花2311沽15200,405.0,0.0,0.0,0.0,2,196.0,1253.0,1,405.0,0.0,0.0,0.0,0.0,0.0,27
2023-05-10 10:44:43,CF311P15200,棉花2311沽15200,405.0,0.0,0.0,0.0,2,196.0,1250.0,1,405.0,0.0,0.0,0.0,0.0,0.0,27
2023-05-10 10:44:50,CF311P15200,棉花2311沽15200,405.0,0.0,0.0,0.0,2,196.0,1249.0,1,405.0,0.0,0.0,0.0,0.0,0.0,27
2023-05-10 10:44:50,CF311P15200,棉花2311沽15200,405.0,0.0,0.0,0.0,2,196.0,1246.0,1,405.0,0.0,0.0,0.0,0.0,0.0,27
2023-05-10 10:44:57,CF311P15200,棉花2311沽15200,405.0,0.0,0.0,0.0,2,196.0,1245.0,1,405.0,0.0,0.0,0.0,0.0,0.0,27
2023-05-10 10:44:57,CF311P15200,棉花2311沽15200,405.0,0.0,0.0,0.0,2,196.0,1242.0,1,405.0,0.0,0.0,0.0,0.0,0.0,27
2023-05-10 10:45:08,CF311P15200,棉花2311沽15200,405.0,0.0,0.0,0.0,2,196.0,1241.0,1,405.0,0.0,0.0,0.0,0.0,0.0,27
2023-05-10 10:45:08,CF311P15200,棉花2311沽15200,405.0,0.0,0.0,0.0,2,196.0,1238.0,1,405.0,0.0,0.0,0.0,0.0,0.0,27
2023-05-10 10:45:16,CF311P15200,棉花2311沽15200,405.0,0.0,0.0,0.0,2,196.0,1237.0,1,405.0,0.0,0.0,0.0,0.0,0.0,27
2023-05-10 10:45:16,CF311P15200,棉花2311沽15200,405.0,0.0,0.0,0.0,2,196.0,1234.0,1,405.0,0.0,0.0,0.0,0.0,0.0,27
2023-05-10 10:45:20,CF311P15200,棉花2311沽15200,405.0,0.0,0.0,0.0,2,196.0,1233.0,1,405.0,0.0,0.0,0.0,0.0,0.0,27
2023-05-10 10:45:20,CF311P15200,棉花2311沽15200,405.0,0.0,0.0,0.0,2,196.0,1230.0,1,405.0,0.0,0.0,0.0,0.0,0.0,27
2023-05-10 10:45:26,CF311P15200,棉花2311沽15200,405.0,0.0,0.0,0.0,2,196.0,1229.0,1,405.0,0.0,0.0,0.0,0.0,0.0,27
2023-05-10 10:45:26,CF311P15200,棉花2311沽15200,405.0,0.0,0.0,0.0,2,196.0,1226.0,1,405.0,0.0,0.0,0.0,0.0,0.0,27
2023-05-10 10:45:33,CF311P15200,棉花2311沽15200,405.0,0.0,0.0,0.0,2,196.0,1225.0,1,405.0,0.0,0.0,0.0,0.0,0.0,27
2023-05-10 10:45:33,CF311P15200,棉花2311沽15200,405.0,0.0,0.0,0.0,2,196.0,1222.0,1,405.0,0.0,0.0,0.0,0.0,0.0,27
2023-05-10 10:45:39,CF311P15200,棉花2311沽15200,405.0,0.0,0.0,0.0,2,196.0,1221.0,1,405.0,0.0,0.0,0.0,0.0,0.0,27
2023-05-10 10:45:39,CF311P15200,棉花2311沽15200,405.0,0.0,0.0,0.0,2,196.0,1218.0,1,405.0,0.0,0.0,0.0,0.0,0.0,27
2023-05-10 10:45:50,CF311P15200,棉花2311沽15200,405.0,0.0,0.0,0.0,2,196.0,1217.0,1,405.0,0.0,0.0,0.0,0.0,0.0,27
2023-05-10 10:45:50,CF311P15200,棉花2311沽15200,405.0,0.0,0.0,0.0,2,196.0,1214.0,1,405.0,0.0,0.0,0.0,0.0,0.0,27
2023-05-10 10:45:59,CF311P15200,棉花2311沽15200,405.0,0.0,0.0,0.0,2,196.0,1213.0,1,405.0,0.0,0.0,0.0,0.0,0.0,27
2023-05-10 10:45:59,CF311P15200,棉花2311沽15200,405.0,0.0,0.0,0.0,2,196.0,1210.0,1,405.0,0.0,0.0,0.0,0.0,0.0,27
2023-05-10 10:46:07,CF311P15200,棉花2311沽15200,405.0,0.0,0.0,0.0,2,196.0,1209.0,1,405.0,0.0,0.0,0.0,0.0,0.0,27
2023-05-10 10:46:07,CF311P15200,棉花2311沽15200,405.0,0.0,0.0,0.0,2,196.0,1206.0,1,405.0,0.0,0.0,0.0,0.0,0.0,27
2023-05-10 10:46:15,CF311P15200,棉花2311沽15200,405.0,0.0,0.0,0.0,2,196.0,1205.0,1,405.0,0.0,0.0,0.0,0.0,0.0,27
2023-05-10 10:46:15,CF311P15200,棉花2311沽15200,405.0,0.0,0.0,0.0,2,196.0,1202.0,1,405.0,0.0,0.0,0.0,0.0,0.0,27
2023-05-10 10:46:21,CF311P15200,棉花2311沽15200,405.0,0.0,0.0,0.0,2,196.0,1201.0,1,405.0,0.0,0.0,0.0,0.0,0.0,27
2023-05-10 10:46:21,CF311P15200,棉花2311沽15200,405.0,0.0,0.0,0.0,2,196.0,1198.0,1,405.0,0.0,0.0,0.0,0.0,0.0,27
2023-05-10 10:46:27,CF311P15200,棉花2311沽15200,405.0,0.0,0.0,0.0,2,196.0,1197.0,1,405.0,0.0,0.0,0.0,0.0,0.0,27
2023-05-10 10:46:27,CF311P15200,棉花2311沽15200,405.0,0.0,0.0,0.0,2,196.0,1194.0,1,405.0,0.0,0.0,0.0,0.0,0.0,27
2023-05-10 10:46:32,CF311P15200,棉花2311沽15200,405.0,0.0,0.0,0.0,2,196.0,1193.0,1,405.0,0.0,0.0,0.0,0.0,0.0,27
2023-05-10 10:46:32,CF311P15200,棉花2311沽15200,405.0,0.0,0.0,0.0,2,196.0,1190.0,1,405.0,0.0,0.0,0.0,0.0,0.0,27
2023-05-10 10:46:37,CF311P15200,棉花2311沽15200,405.0,0.0,0.0,0.0,2,196.0,1189.0,1,405.0,0.0,0.0,0.0,0.0,0.0,27
2023-05-10 10:46:37,CF311P15200,棉花2311沽15200,405.0,0.0,0.0,0.0,2,196.0,1186.0,1,405.0,0.0,0.0,0.0,0.0,0.0,27
2023-05-10 10:46:43,CF311P15200,棉花2311沽15200,405.0,0.0,0.0,0.0,2,196.0,1185.0,1,405.0,0.0,0.0,0.0,0.0,0.0,27
2023-05-10 10:46:44,CF311P15200,棉花2311沽15200,405.0,0.0,0.0,0.0,2,196.0,1182.0,1,405.0,0.0,0.0,0.0,0.0,0.0,27
2023-05-10 10:46:48,CF311P15200,棉花2311沽15200,405.0,0.0,0.0,0.0,2,196.0,1181.0,1,405.0,0.0,0.0,0.0,0.0,0.0,27
2023-05-10 10:46:48,CF311P15200,棉花2311沽15200,405.0,0.0,0.0,0.0,2,196.0,1178.0,1,405.0,0.0,0.0,0.0,0.0,0.0,27
2023-05-10 10:46:51,CF311P15200,棉花2311沽15200,405.0,0.0,0.0,0.0,2,196.0,1177.0,1,405.0,0.0,0.0,0.0,0.0,0.0,27
2023-05-10 10:46:51,CF311P15200,棉花2311沽15200,405.0,0.0,0.0,0.0,2,196.0,1174.0,1,405.0,0.0,0.0,0.0,0.0,0.0,27
2023-05-10 10:46:55,CF311P15200,棉花2311沽15200,405.0,0.0,0.0,0.0,2,196.0,1173.0,1,405.0,0.0,0.0,0.0,0.0,0.0,27
2023-05-10 10:46:55,CF311P15200,棉花2311沽15200,405.0,0.0,0.0,0.0,2,196.0,1170.0,1,405.0,0.0,0.0,0.0,0.0,0.0,27
2023-05-10 10:46:55,CF311P15200,棉花2311沽15200,405.0,0.0,0.0,0.0,2,196.0,1173.0,1,405.0,0.0,0.0,0.0,0.0,0.0,27
2023-05-10 10:46:55,CF311P15200,棉花2311沽15200,405.0,0.0,0.0,0.0,2,196.0,1170.0,1,405.0,0.0,0.0,0.0,0.0,0.0,27
2023-05-10 10:46:58,CF311P15200,棉花2311沽15200,405.0,0.0,0.0,0.0,2,196.0,1169.0,1,405.0,0.0,0.0,0.0,0.0,0.0,27
2023-05-10 10:46:58,CF311P15200,棉花2311沽15200,405.0,0.0,0.0,0.0,2,196.0,1166.0,1,405.0,0.0,0.0,0.0,0.0,0.0,27
2023-05-10 10:54:58,CF311P15200,棉花2311沽15200,405.0,0.0,0.0,0.0,1,197.0,1166.0,1,405.0,0.0,0.0,0.0,0.0,0.0,27
2023-05-10 10:54:59,CF311P15200,棉花2311沽15200,405.0,0.0,0.0,0.0,2,198.0,1166.0,1,405.0,0.0,0.0,0.0,0.0,0.0,27
2023-05-10 11:05:12,CF311P15200,棉花2311沽15200,405.0,0.0,0.0,0.0,1,201.0,1166.0,1,405.0,0.0,0.0,0.0,0.0,0.0,27
2023-05-10 11:28:00,CF311P15200,棉花2311沽15200,405.0,0.0,0.0,0.0,1,197.0,1166.0,1,405.0,0.0,0.0,0.0,0.0,0.0,27
2023-05-10 11:29:28,CF311P15200,棉花2311沽15200,405.0,0.0,0.0,0.0,1,16.0,1166.0,1,405.0,0.0,0.0,0.0,0.0,0.0,27
2023-05-10 11:29:55,CF311P15200,棉花2311沽15200,405.0,0.0,0.0,0.0,1,16.0,0.0,0,405.0,0.0,0.0,0.0,0.0,0.0,27
2023-05-10 13:31:29,CF311P15200,棉花2311沽15200,405.0,0.0,0.0,0.0,2,32.0,0.0,0,405.0,0.0,0.0,0.0,0.0,0.0,27
2023-05-10 13:31:29,CF311P15200,棉花2311沽15200,405.0,0.0,0.0,0.0,1,35.0,1362.0,1,405.0,0.0,0.0,0.0,0.0,0.0,27
2023-05-10 13:32:12,CF311P15200,棉花2311沽15200,405.0,0.0,0.0,0.0,2,51.0,1362.0,1,405.0,0.0,0.0,0.0,0.0,0.0,27
2023-05-10 13:32:12,CF311P15200,棉花2311沽15200,405.0,0.0,0.0,0.0,1,54.0,1362.0,1,405.0,0.0,0.0,0.0,0.0,0.0,27
2023-05-10 13:32:15,CF311P15200,棉花2311沽15200,405.0,0.0,0.0,0.0,2,70.0,1362.0,1,405.0,0.0,0.0,0.0,0.0,0.0,27
2023-05-10 13:32:15,CF311P15200,棉花2311沽15200,405.0,0.0,0.0,0.0,1,73.0,1362.0,1,405.0,0.0,0.0,0.0,0.0,0.0,27
2023-05-10 13:32:21,CF311P15200,棉花2311沽15200,405.0,0.0,0.0,0.0,2,89.0,1362.0,1,405.0,0.0,0.0,0.0,0.0,0.0,27
2023-05-10 13:32:21,CF311P15200,棉花2311沽15200,405.0,0.0,0.0,0.0,1,92.0,1362.0,1,405.0,0.0,0.0,0.0,0.0,0.0,27
2023-05-10 13:32:23,CF311P15200,棉花2311沽15200,405.0,0.0,0.0,0.0,2,108.0,1362.0,1,405.0,0.0,0.0,0.0,0.0,0.0,27
2023-05-10 13:32:23,CF311P15200,棉花2311沽15200,405.0,0.0,0.0,0.0,1,111.0,1362.0,1,405.0,0.0,0.0,0.0,0.0,0.0,27
2023-05-10 13:32:26,CF311P15200,棉花2311沽15200,405.0,0.0,0.0,0.0,2,127.0,1362.0,1,405.0,0.0,0.0,0.0,0.0,0.0,27
2023-05-10 13:32:26,CF311P15200,棉花2311沽15200,405.0,0.0,0.0,0.0,1,130.0,1362.0,1,405.0,0.0,0.0,0.0,0.0,0.0,27
2023-05-10 13:32:29,CF311P15200,棉花2311沽15200,405.0,0.0,0.0,0.0,2,146.0,1362.0,1,405.0,0.0,0.0,0.0,0.0,0.0,27
2023-05-10 13:32:29,CF311P15200,棉花2311沽15200,405.0,0.0,0.0,0.0,1,149.0,1362.0,1,405.0,0.0,0.0,0.0,0.0,0.0,27
2023-05-10 13:32:31,CF311P15200,棉花2311沽15200,405.0,0.0,0.0,0.0,2,165.0,1362.0,1,405.0,0.0,0.0,0.0,0.0,0.0,27
2023-05-10 13:32:31,CF311P15200,棉花2311沽15200,405.0,0.0,0.0,0.0,1,168.0,1362.0,1,405.0,0.0,0.0,0.0,0.0,0.0,27
2023-05-10 13:32:32,CF311P15200,棉花2311沽15200,405.0,0.0,0.0,0.0,2,184.0,1362.0,1,405.0,0.0,0.0,0.0,0.0,0.0,27
2023-05-10 13:32:32,CF311P15200,棉花2311沽15200,405.0,0.0,0.0,0.0,1,187.0,1362.0,1,405.0,0.0,0.0,0.0,0.0,0.0,27
2023-05-10 13:32:34,CF311P15200,棉花2311沽15200,405.0,0.0,0.0,0.0,2,188.0,1362.0,1,405.0,0.0,0.0,0.0,0.0,0.0,27
2023-05-10 13:36:17,CF311P15200,棉花2311沽15200,405.0,0.0,0.0,0.0,1,189.0,1362.0,1,405.0,0.0,0.0,0.0,0.0,0.0,27
2023-05-10 13:36:18,CF311P15200,棉花2311沽15200,405.0,0.0,0.0,0.0,2,190.0,1362.0,1,405.0,0.0,0.0,0.0,0.0,0.0,27
2023-05-10 13:42:01,CF311P15200,棉花2311沽15200,405.0,0.0,0.0,0.0,2,190.0,1361.0,1,405.0,0.0,0.0,0.0,0.0,0.0,27
2023-05-10 13:45:12,CF311P15200,棉花2311沽15200,405.0,0.0,0.0,0.0,1,193.0,1358.0,1,405.0,0.0,0.0,0.0,0.0,0.0,27
2023-05-10 13:45:12,CF311P15200,棉花2311沽15200,405.0,0.0,0.0,0.0,2,194.0,1358.0,1,405.0,0.0,0.0,0.0,0.0,0.0,27
2023-05-10 13:45:13,CF311P15200,棉花2311沽15200,405.0,0.0,0.0,0.0,1,197.0,1358.0,1,405.0,0.0,0.0,0.0,0.0,0.0,27
2023-05-10 13:45:13,CF311P15200,棉花2311沽15200,405.0,0.0,0.0,0.0,2,198.0,1358.0,1,405.0,0.0,0.0,0.0,0.0,0.0,27
2023-05-10 13:45:14,CF311P15200,棉花2311沽15200,405.0,0.0,0.0,0.0,1,201.0,1358.0,1,405.0,0.0,0.0,0.0,0.0,0.0,27
2023-05-10 13:45:18,CF311P15200,棉花2311沽15200,405.0,0.0,0.0,0.0,1,201.0,1357.0,1,405.0,0.0,0.0,0.0,0.0,0.0,27
2023-05-10 13:45:18,CF311P15200,棉花2311沽15200,405.0,0.0,0.0,0.0,1,201.0,1354.0,1,405.0,0.0,0.0,0.0,0.0,0.0,27
2023-05-10 13:45:25,CF311P15200,棉花2311沽15200,405.0,0.0,0.0,0.0,1,201.0,1353.0,1,405.0,0.0,0.0,0.0,0.0,0.0,27
2023-05-10 13:45:25,CF311P15200,棉花2311沽15200,405.0,0.0,0.0,0.0,1,201.0,1350.0,1,405.0,0.0,0.0,0.0,0.0,0.0,27
2023-05-10 13:45:30,CF311P15200,棉花2311沽15200,405.0,0.0,0.0,0.0,1,201.0,1349.0,1,405.0,0.0,0.0,0.0,0.0,0.0,27
2023-05-10 13:45:31,CF311P15200,棉花2311沽15200,405.0,0.0,0.0,0.0,1,201.0,1346.0,1,405.0,0.0,0.0,0.0,0.0,0.0,27
2023-05-10 13:45:35,CF311P15200,棉花2311沽15200,405.0,0.0,0.0,0.0,1,201.0,1340.0,1,405.0,0.0,0.0,0.0,0.0,0.0,27
2023-05-10 13:45:35,CF311P15200,棉花2311沽15200,405.0,0.0,0.0,0.0,1,201.0,1337.0,1,405.0,0.0,0.0,0.0,0.0,0.0,27
2023-05-10 13:45:42,CF311P15200,棉花2311沽15200,405.0,0.0,0.0,0.0,1,201.0,1331.0,1,405.0,0.0,0.0,0.0,0.0,0.0,27
2023-05-10 13:45:42,CF311P15200,棉花2311沽15200,405.0,0.0,0.0,0.0,1,201.0,1328.0,1,405.0,0.0,0.0,0.0,0.0,0.0,27
2023-05-10 13:45:48,CF311P15200,棉花2311沽15200,405.0,0.0,0.0,0.0,1,201.0,1327.0,1,405.0,0.0,0.0,0.0,0.0,0.0,27
2023-05-10 13:45:48,CF311P15200,棉花2311沽15200,405.0,0.0,0.0,0.0,1,201.0,1324.0,1,405.0,0.0,0.0,0.0,0.0,0.0,27
2023-05-10 13:45:56,CF311P15200,棉花2311沽15200,405.0,0.0,0.0,0.0,1,201.0,1323.0,1,405.0,0.0,0.0,0.0,0.0,0.0,27
2023-05-10 14:05:12,CF311P15200,棉花2311沽15200,405.0,0.0,0.0,0.0,1,201.0,1320.0,1,405.0,0.0,0.0,0.0,0.0,0.0,27
2023-05-10 14:05:13,CF311P15200,棉花2311沽15200,405.0,0.0,0.0,0.0,1,201.0,1319.0,1,405.0,0.0,0.0,0.0,0.0,0.0,27
2023-05-10 14:05:13,CF311P15200,棉花2311沽15200,405.0,0.0,0.0,0.0,1,201.0,1316.0,1,405.0,0.0,0.0,0.0,0.0,0.0,27
2023-05-10 14:05:15,CF311P15200,棉花2311沽15200,405.0,0.0,0.0,0.0,1,201.0,1315.0,1,405.0,0.0,0.0,0.0,0.0,0.0,27
2023-05-10 14:05:16,CF311P15200,棉花2311沽15200,405.0,0.0,0.0,0.0,1,201.0,1312.0,1,405.0,0.0,0.0,0.0,0.0,0.0,27
2023-05-10 14:05:16,CF311P15200,棉花2311沽15200,405.0,0.0,0.0,0.0,1,201.0,1311.0,1,405.0,0.0,0.0,0.0,0.0,0.0,27
2023-05-10 14:05:17,CF311P15200,棉花2311沽15200,405.0,0.0,0.0,0.0,1,201.0,1308.0,1,405.0,0.0,0.0,0.0,0.0,0.0,27
2023-05-10 14:05:18,CF311P15200,棉花2311沽15200,405.0,0.0,0.0,0.0,1,201.0,1307.0,1,405.0,0.0,0.0,0.0,0.0,0.0,27
2023-05-10 14:05:18,CF311P15200,棉花2311沽15200,405.0,0.0,0.0,0.0,1,201.0,1304.0,1,405.0,0.0,0.0,0.0,0.0,0.0,27
2023-05-10 14:05:19,CF311P15200,棉花2311沽15200,405.0,0.0,0.0,0.0,1,201.0,1303.0,1,405.0,0.0,0.0,0.0,0.0,0.0,27
2023-05-10 14:05:20,CF311P15200,棉花2311沽15200,405.0,0.0,0.0,0.0,1,201.0,1300.0,1,405.0,0.0,0.0,0.0,0.0,0.0,27
2023-05-10 14:05:20,CF311P15200,棉花2311沽15200,405.0,0.0,0.0,0.0,1,201.0,1299.0,1,405.0,0.0,0.0,0.0,0.0,0.0,27
2023-05-10 14:05:21,CF311P15200,棉花2311沽15200,405.0,0.0,0.0,0.0,1,201.0,1296.0,1,405.0,0.0,0.0,0.0,0.0,0.0,27
2023-05-10 14:05:22,CF311P15200,棉花2311沽15200,405.0,0.0,0.0,0.0,1,201.0,1295.0,1,405.0,0.0,0.0,0.0,0.0,0.0,27
2023-05-10 14:05:22,CF311P15200,棉花2311沽15200,405.0,0.0,0.0,0.0,1,201.0,1292.0,1,405.0,0.0,0.0,0.0,0.0,0.0,27
2023-05-10 14:05:23,CF311P15200,棉花2311沽15200,405.0,0.0,0.0,0.0,1,201.0,1291.0,1,405.0,0.0,0.0,0.0,0.0,0.0,27
2023-05-10 14:05:24,CF311P15200,棉花2311沽15200,405.0,0.0,0.0,0.0,1,201.0,1288.0,1,405.0,0.0,0.0,0.0,0.0,0.0,27
2023-05-10 14:05:25,CF311P15200,棉花2311沽15200,405.0,0.0,0.0,0.0,1,201.0,1287.0,1,405.0,0.0,0.0,0.0,0.0,0.0,27
2023-05-10 14:05:25,CF311P15200,棉花2311沽15200,405.0,0.0,0.0,0.0,1,201.0,1284.0,1,405.0,0.0,0.0,0.0,0.0,0.0,27
2023-05-10 14:05:26,CF311P15200,棉花2311沽15200,405.0,0.0,0.0,0.0,1,201.0,1283.0,1,405.0,0.0,0.0,0.0,0.0,0.0,27
2023-05-10 14:13:22,CF311P15200,棉花2311沽15200,405.0,0.0,0.0,0.0,6,419.0,460.0,6,405.0,0.0,0.0,0.0,0.0,0.0,27
2023-05-10 14:13:23,CF311P15200,棉花2311沽15200,405.0,0.0,0.0,0.0,15,419.0,460.0,15,405.0,0.0,0.0,0.0,0.0,0.0,27
2023-05-10 14:13:23,CF311P15200,棉花2311沽15200,405.0,0.0,0.0,0.0,18,419.0,460.0,18,405.0,0.0,0.0,0.0,0.0,0.0,27
2023-05-10 14:13:24,CF311P15200,棉花2311沽15200,405.0,0.0,0.0,0.0,21,419.0,459.0,3,405.0,0.0,0.0,0.0,0.0,0.0,27
2023-05-10 14:13:24,CF311P15200,棉花2311沽15200,405.0,0.0,0.0,0.0,21,419.0,459.0,6,405.0,0.0,0.0,0.0,0.0,0.0,27
2023-05-10 14:13:25,CF311P15200,棉花2311沽15200,405.0,0.0,0.0,0.0,21,419.0,457.0,3,405.0,0.0,0.0,0.0,0.0,0.0,27
2023-05-10 14:13:27,CF311P15200,棉花2311沽15200,405.0,0.0,0.0,0.0,21,419.0,457.0,6,405.0,0.0,0.0,0.0,0.0,0.0,27
2023-05-10 14:13:28,CF311P15200,棉花2311沽15200,405.0,0.0,0.0,0.0,21,419.0,457.0,9,405.0,0.0,0.0,0.0,0.0,0.0,27
2023-05-10 14:13:29,CF311P15200,棉花2311沽15200,405.0,0.0,0.0,0.0,21,419.0,456.0,3,405.0,0.0,0.0,0.0,0.0,0.0,27
2023-05-10 14:13:29,CF311P15200,棉花2311沽15200,405.0,0.0,0.0,0.0,18,419.0,447.0,3,405.0,0.0,0.0,0.0,0.0,0.0,27
2023-05-10 14:13:30,CF311P15200,棉花2311沽15200,405.0,0.0,0.0,0.0,18,419.0,447.0,6,405.0,0.0,0.0,0.0,0.0,0.0,27
2023-05-10 14:13:30,CF311P15200,棉花2311沽15200,405.0,0.0,0.0,0.0,21,419.0,447.0,9,405.0,0.0,0.0,0.0,0.0,0.0,27
2023-05-10 14:13:32,CF311P15200,棉花2311沽15200,405.0,0.0,0.0,0.0,24,419.0,447.0,12,405.0,0.0,0.0,0.0,0.0,0.0,27
2023-05-10 14:13:34,CF311P15200,棉花2311沽15200,405.0,0.0,0.0,0.0,27,419.0,447.0,15,405.0,0.0,0.0,0.0,0.0,0.0,27
2023-05-10 14:13:35,CF311P15200,棉花2311沽15200,405.0,0.0,0.0,0.0,24,419.0,447.0,18,405.0,0.0,0.0,0.0,0.0,0.0,27
2023-05-10 14:13:39,CF311P15200,棉花2311沽15200,405.0,0.0,0.0,0.0,21,419.0,447.0,18,405.0,0.0,0.0,0.0,0.0,0.0,27
2023-05-10 14:13:40,CF311P15200,棉花2311沽15200,405.0,0.0,0.0,0.0,21,419.0,447.0,15,405.0,0.0,0.0,0.0,0.0,0.0,27
2023-05-10 14:13:41,CF311P15200,棉花2311沽15200,405.0,0.0,0.0,0.0,15,419.0,447.0,12,405.0,0.0,0.0,0.0,0.0,0.0,27
2023-05-10 14:13:42,CF311P15200,棉花2311沽15200,405.0,0.0,0.0,0.0,12,419.0,447.0,12,405.0,0.0,0.0,0.0,0.0,0.0,27
2023-05-10 14:13:42,CF311P15200,棉花2311沽15200,405.0,0.0,0.0,0.0,9,419.0,447.0,9,405.0,0.0,0.0,0.0,0.0,0.0,27
2023-05-10 14:13:42,CF311P15200,棉花2311沽15200,405.0,0.0,0.0,0.0,6,419.0,447.0,6,405.0,0.0,0.0,0.0,0.0,0.0,27
2023-05-10 14:13:44,CF311P15200,棉花2311沽15200,405.0,0.0,0.0,0.0,3,419.0,447.0,3,405.0,0.0,0.0,0.0,0.0,0.0,27
2023-05-10 14:13:45,CF311P15200,棉花2311沽15200,405.0,0.0,0.0,0.0,1,189.0,0.0,0,405.0,0.0,0.0,0.0,0.0,0.0,27
2023-05-10 14:13:45,CF311P15200,棉花2311沽15200,405.0,0.0,0.0,0.0,2,205.0,0.0,0,405.0,0.0,0.0,0.0,0.0,0.0,27
2023-05-10 14:22:57,CF311P15200,棉花2311沽15200,405.0,0.0,0.0,0.0,1,189.0,0.0,0,405.0,0.0,0.0,0.0,0.0,0.0,27
2023-05-10 14:22:58,CF311P15200,棉花2311沽15200,405.0,0.0,0.0,0.0,1,192.0,1362.0,1,405.0,0.0,0.0,0.0,0.0,0.0,27
2023-05-10 14:22:58,CF311P15200,棉花2311沽15200,405.0,0.0,0.0,0.0,1,192.0,1351.0,1,405.0,0.0,0.0,0.0,0.0,0.0,27
2023-05-10 14:22:58,CF311P15200,棉花2311沽15200,405.0,0.0,0.0,0.0,1,192.0,1348.0,1,405.0,0.0,0.0,0.0,0.0,0.0,27
2023-05-10 14:22:59,CF311P15200,棉花2311沽15200,405.0,0.0,0.0,0.0,1,192.0,1337.0,1,405.0,0.0,0.0,0.0,0.0,0.0,27
2023-05-10 14:23:00,CF311P15200,棉花2311沽15200,405.0,0.0,0.0,0.0,1,192.0,1334.0,1,405.0,0.0,0.0,0.0,0.0,0.0,27
2023-05-10 14:23:01,CF311P15200,棉花2311沽15200,405.0,0.0,0.0,0.0,1,192.0,1323.0,1,405.0,0.0,0.0,0.0,0.0,0.0,27
2023-05-10 14:23:01,CF311P15200,棉花2311沽15200,405.0,0.0,0.0,0.0,1,192.0,1320.0,1,405.0,0.0,0.0,0.0,0.0,0.0,27
2023-05-10 14:23:03,CF311P15200,棉花2311沽15200,405.0,0.0,0.0,0.0,1,192.0,1309.0,1,405.0,0.0,0.0,0.0,0.0,0.0,27
2023-05-10 14:23:03,CF311P15200,棉花2311沽15200,405.0,0.0,0.0,0.0,1,192.0,1306.0,1,405.0,0.0,0.0,0.0,0.0,0.0,27
2023-05-10 14:23:04,CF311P15200,棉花2311沽15200,405.0,0.0,0.0,0.0,1,192.0,1295.0,1,405.0,0.0,0.0,0.0,0.0,0.0,27
2023-05-10 14:23:04,CF311P15200,棉花2311沽15200,405.0,0.0,0.0,0.0,1,192.0,1292.0,1,405.0,0.0,0.0,0.0,0.0,0.0,27
2023-05-10 14:23:04,CF311P15200,棉花2311沽15200,405.0,0.0,0.0,0.0,1,192.0,1295.0,1,405.0,0.0,0.0,0.0,0.0,0.0,27
2023-05-10 14:23:05,CF311P15200,棉花2311沽15200,405.0,0.0,0.0,0.0,1,192.0,1281.0,1,405.0,0.0,0.0,0.0,0.0,0.0,27
2023-05-10 14:23:05,CF311P15200,棉花2311沽15200,405.0,0.0,0.0,0.0,1,192.0,1278.0,1,405.0,0.0,0.0,0.0,0.0,0.0,27
2023-05-10 14:23:06,CF311P15200,棉花2311沽15200,405.0,0.0,0.0,0.0,1,192.0,1267.0,1,405.0,0.0,0.0,0.0,0.0,0.0,27
2023-05-10 14:23:07,CF311P15200,棉花2311沽15200,405.0,0.0,0.0,0.0,1,192.0,1264.0,1,405.0,0.0,0.0,0.0,0.0,0.0,27
2023-05-10 14:23:08,CF311P15200,棉花2311沽15200,405.0,0.0,0.0,0.0,1,192.0,1253.0,1,405.0,0.0,0.0,0.0,0.0,0.0,27
2023-05-10 14:23:08,CF311P15200,棉花2311沽15200,405.0,0.0,0.0,0.0,1,192.0,1250.0,1,405.0,0.0,0.0,0.0,0.0,0.0,27
2023-05-10 14:23:09,CF311P15200,棉花2311沽15200,405.0,0.0,0.0,0.0,1,192.0,1239.0,1,405.0,0.0,0.0,0.0,0.0,0.0,27
2023-05-10 14:33:05,CF311P15200,棉花2311沽15200,405.0,0.0,0.0,0.0,1,193.0,1239.0,1,405.0,0.0,0.0,0.0,0.0,0.0,27
2023-05-10 14:59:44,CF311P15200,棉花2311沽15200,405.0,0.0,0.0,0.0,1,193.0,0.0,0,405.0,0.0,0.0,0.0,0.0,0.0,27
