time,symbol_id,symbol_name,last,trade_volume,trade_amount,open_interest_change,bv1,bp1,ap1,av1,yesterday_close,today_open,today_high,today_low,volume,amount,open_interest
2023-05-09 19:10:58,CF311P14200,CF311P14200,134.0,0.0,0.0,0.0,0,0.0,0.0,0,134.0,0.0,0.0,0.0,0.0,0.0,68
2023-05-09 20:59:00,CF311P14200,CF311P14200,134.0,0.0,0.0,0.0,3,50.0,999.0,3,134.0,0.0,0.0,0.0,0.0,0.0,68
2023-05-09 21:02:04,CF311P14200,CF311P14200,134.0,0.0,0.0,0.0,3,50.0,996.0,1,134.0,0.0,0.0,0.0,0.0,0.0,68
2023-05-09 21:04:38,CF311P14200,CF311P14200,134.0,0.0,0.0,0.0,3,50.0,995.0,1,134.0,0.0,0.0,0.0,0.0,0.0,68
2023-05-09 21:04:40,CF311P14200,CF311P14200,134.0,0.0,0.0,0.0,3,50.0,992.0,1,134.0,0.0,0.0,0.0,0.0,0.0,68
2023-05-09 21:06:20,CF311P14200,CF311P14200,134.0,0.0,0.0,0.0,3,50.0,991.0,1,134.0,0.0,0.0,0.0,0.0,0.0,68
2023-05-09 21:06:20,CF311P14200,CF311P14200,134.0,0.0,0.0,0.0,3,50.0,988.0,1,134.0,0.0,0.0,0.0,0.0,0.0,68
2023-05-09 21:06:20,CF311P14200,CF311P14200,134.0,0.0,0.0,0.0,3,50.0,991.0,1,134.0,0.0,0.0,0.0,0.0,0.0,68
2023-05-09 21:06:20,CF311P14200,CF311P14200,134.0,0.0,0.0,0.0,3,50.0,988.0,1,134.0,0.0,0.0,0.0,0.0,0.0,68
2023-05-09 21:07:07,CF311P14200,CF311P14200,134.0,0.0,0.0,0.0,3,50.0,987.0,1,134.0,0.0,0.0,0.0,0.0,0.0,68
2023-05-09 21:07:07,CF311P14200,CF311P14200,134.0,0.0,0.0,0.0,3,50.0,984.0,1,134.0,0.0,0.0,0.0,0.0,0.0,68
2023-05-09 21:07:22,CF311P14200,CF311P14200,134.0,0.0,0.0,0.0,3,50.0,983.0,1,134.0,0.0,0.0,0.0,0.0,0.0,68
2023-05-09 21:07:22,CF311P14200,CF311P14200,134.0,0.0,0.0,0.0,3,50.0,980.0,1,134.0,0.0,0.0,0.0,0.0,0.0,68
2023-05-09 21:07:31,CF311P14200,CF311P14200,134.0,0.0,0.0,0.0,3,50.0,979.0,1,134.0,0.0,0.0,0.0,0.0,0.0,68
2023-05-09 21:07:32,CF311P14200,CF311P14200,134.0,0.0,0.0,0.0,3,50.0,976.0,1,134.0,0.0,0.0,0.0,0.0,0.0,68
2023-05-09 21:07:37,CF311P14200,CF311P14200,134.0,0.0,0.0,0.0,3,50.0,975.0,1,134.0,0.0,0.0,0.0,0.0,0.0,68
2023-05-09 21:07:37,CF311P14200,CF311P14200,134.0,0.0,0.0,0.0,3,50.0,972.0,1,134.0,0.0,0.0,0.0,0.0,0.0,68
2023-05-09 21:07:46,CF311P14200,CF311P14200,134.0,0.0,0.0,0.0,3,50.0,971.0,1,134.0,0.0,0.0,0.0,0.0,0.0,68
2023-05-09 21:07:46,CF311P14200,CF311P14200,134.0,0.0,0.0,0.0,3,50.0,968.0,1,134.0,0.0,0.0,0.0,0.0,0.0,68
2023-05-09 21:07:59,CF311P14200,CF311P14200,134.0,0.0,0.0,0.0,3,50.0,967.0,1,134.0,0.0,0.0,0.0,0.0,0.0,68
2023-05-09 21:07:59,CF311P14200,CF311P14200,134.0,0.0,0.0,0.0,3,50.0,964.0,1,134.0,0.0,0.0,0.0,0.0,0.0,68
2023-05-09 21:08:08,CF311P14200,CF311P14200,134.0,0.0,0.0,0.0,3,50.0,963.0,1,134.0,0.0,0.0,0.0,0.0,0.0,68
2023-05-09 21:08:08,CF311P14200,CF311P14200,134.0,0.0,0.0,0.0,3,50.0,960.0,1,134.0,0.0,0.0,0.0,0.0,0.0,68
2023-05-09 21:08:15,CF311P14200,CF311P14200,134.0,0.0,0.0,0.0,3,50.0,959.0,1,134.0,0.0,0.0,0.0,0.0,0.0,68
2023-05-09 21:08:15,CF311P14200,CF311P14200,134.0,0.0,0.0,0.0,3,50.0,956.0,1,134.0,0.0,0.0,0.0,0.0,0.0,68
2023-05-09 21:08:22,CF311P14200,CF311P14200,134.0,0.0,0.0,0.0,3,50.0,955.0,1,134.0,0.0,0.0,0.0,0.0,0.0,68
2023-05-09 21:08:22,CF311P14200,CF311P14200,134.0,0.0,0.0,0.0,3,50.0,952.0,1,134.0,0.0,0.0,0.0,0.0,0.0,68
2023-05-09 21:08:27,CF311P14200,CF311P14200,134.0,0.0,0.0,0.0,3,50.0,951.0,1,134.0,0.0,0.0,0.0,0.0,0.0,68
2023-05-09 21:08:27,CF311P14200,CF311P14200,134.0,0.0,0.0,0.0,3,50.0,948.0,1,134.0,0.0,0.0,0.0,0.0,0.0,68
2023-05-09 21:08:35,CF311P14200,CF311P14200,134.0,0.0,0.0,0.0,3,50.0,947.0,1,134.0,0.0,0.0,0.0,0.0,0.0,68
2023-05-09 21:08:35,CF311P14200,CF311P14200,134.0,0.0,0.0,0.0,3,50.0,944.0,1,134.0,0.0,0.0,0.0,0.0,0.0,68
2023-05-09 21:08:41,CF311P14200,CF311P14200,134.0,0.0,0.0,0.0,3,50.0,943.0,1,134.0,0.0,0.0,0.0,0.0,0.0,68
2023-05-09 21:08:41,CF311P14200,CF311P14200,134.0,0.0,0.0,0.0,3,50.0,940.0,1,134.0,0.0,0.0,0.0,0.0,0.0,68
2023-05-09 21:08:49,CF311P14200,CF311P14200,134.0,0.0,0.0,0.0,3,50.0,939.0,1,134.0,0.0,0.0,0.0,0.0,0.0,68
2023-05-09 21:08:49,CF311P14200,CF311P14200,134.0,0.0,0.0,0.0,3,50.0,936.0,1,134.0,0.0,0.0,0.0,0.0,0.0,68
2023-05-09 21:09:03,CF311P14200,CF311P14200,134.0,0.0,0.0,0.0,3,50.0,935.0,1,134.0,0.0,0.0,0.0,0.0,0.0,68
2023-05-09 21:09:03,CF311P14200,CF311P14200,134.0,0.0,0.0,0.0,3,50.0,932.0,1,134.0,0.0,0.0,0.0,0.0,0.0,68
2023-05-09 21:09:19,CF311P14200,CF311P14200,134.0,0.0,0.0,0.0,3,50.0,931.0,1,134.0,0.0,0.0,0.0,0.0,0.0,68
2023-05-09 21:09:19,CF311P14200,CF311P14200,134.0,0.0,0.0,0.0,3,50.0,928.0,1,134.0,0.0,0.0,0.0,0.0,0.0,68
2023-05-09 21:09:30,CF311P14200,CF311P14200,134.0,0.0,0.0,0.0,3,50.0,927.0,1,134.0,0.0,0.0,0.0,0.0,0.0,68
2023-05-09 21:09:30,CF311P14200,CF311P14200,134.0,0.0,0.0,0.0,3,50.0,924.0,1,134.0,0.0,0.0,0.0,0.0,0.0,68
2023-05-09 21:09:41,CF311P14200,CF311P14200,134.0,0.0,0.0,0.0,3,50.0,923.0,1,134.0,0.0,0.0,0.0,0.0,0.0,68
2023-05-09 21:09:41,CF311P14200,CF311P14200,134.0,0.0,0.0,0.0,3,50.0,920.0,1,134.0,0.0,0.0,0.0,0.0,0.0,68
2023-05-09 21:09:49,CF311P14200,CF311P14200,134.0,0.0,0.0,0.0,3,50.0,919.0,1,134.0,0.0,0.0,0.0,0.0,0.0,68
2023-05-09 21:09:50,CF311P14200,CF311P14200,134.0,0.0,0.0,0.0,3,50.0,916.0,1,134.0,0.0,0.0,0.0,0.0,0.0,68
2023-05-09 21:09:53,CF311P14200,CF311P14200,134.0,0.0,0.0,0.0,2,51.0,916.0,1,134.0,0.0,0.0,0.0,0.0,0.0,68
2023-05-09 21:09:57,CF311P14200,CF311P14200,134.0,0.0,0.0,0.0,2,51.0,915.0,1,134.0,0.0,0.0,0.0,0.0,0.0,68
2023-05-09 21:09:58,CF311P14200,CF311P14200,134.0,0.0,0.0,0.0,2,51.0,912.0,1,134.0,0.0,0.0,0.0,0.0,0.0,68
2023-05-09 21:10:03,CF311P14200,CF311P14200,134.0,0.0,0.0,0.0,2,51.0,911.0,1,134.0,0.0,0.0,0.0,0.0,0.0,68
2023-05-09 21:10:03,CF311P14200,CF311P14200,134.0,0.0,0.0,0.0,2,51.0,908.0,1,134.0,0.0,0.0,0.0,0.0,0.0,68
2023-05-09 21:10:11,CF311P14200,CF311P14200,134.0,0.0,0.0,0.0,2,51.0,907.0,1,134.0,0.0,0.0,0.0,0.0,0.0,68
2023-05-09 21:10:11,CF311P14200,CF311P14200,134.0,0.0,0.0,0.0,2,51.0,904.0,1,134.0,0.0,0.0,0.0,0.0,0.0,68
2023-05-09 21:10:20,CF311P14200,CF311P14200,134.0,0.0,0.0,0.0,2,51.0,903.0,1,134.0,0.0,0.0,0.0,0.0,0.0,68
2023-05-09 21:10:20,CF311P14200,CF311P14200,134.0,0.0,0.0,0.0,2,51.0,900.0,1,134.0,0.0,0.0,0.0,0.0,0.0,68
2023-05-09 21:10:32,CF311P14200,CF311P14200,134.0,0.0,0.0,0.0,2,51.0,899.0,1,134.0,0.0,0.0,0.0,0.0,0.0,68
2023-05-09 21:10:32,CF311P14200,CF311P14200,134.0,0.0,0.0,0.0,2,51.0,896.0,1,134.0,0.0,0.0,0.0,0.0,0.0,68
2023-05-09 21:10:37,CF311P14200,CF311P14200,134.0,0.0,0.0,0.0,2,51.0,895.0,1,134.0,0.0,0.0,0.0,0.0,0.0,68
2023-05-09 21:10:37,CF311P14200,CF311P14200,134.0,0.0,0.0,0.0,2,51.0,892.0,1,134.0,0.0,0.0,0.0,0.0,0.0,68
2023-05-09 21:10:48,CF311P14200,CF311P14200,134.0,0.0,0.0,0.0,2,51.0,891.0,1,134.0,0.0,0.0,0.0,0.0,0.0,68
2023-05-09 21:10:48,CF311P14200,CF311P14200,134.0,0.0,0.0,0.0,2,51.0,888.0,1,134.0,0.0,0.0,0.0,0.0,0.0,68
2023-05-09 21:10:55,CF311P14200,CF311P14200,134.0,0.0,0.0,0.0,2,51.0,887.0,1,134.0,0.0,0.0,0.0,0.0,0.0,68
2023-05-09 21:10:56,CF311P14200,CF311P14200,134.0,0.0,0.0,0.0,2,51.0,884.0,1,134.0,0.0,0.0,0.0,0.0,0.0,68
2023-05-09 21:11:01,CF311P14200,CF311P14200,134.0,0.0,0.0,0.0,2,51.0,883.0,1,134.0,0.0,0.0,0.0,0.0,0.0,68
2023-05-09 21:11:01,CF311P14200,CF311P14200,134.0,0.0,0.0,0.0,2,51.0,880.0,1,134.0,0.0,0.0,0.0,0.0,0.0,68
2023-05-09 21:11:09,CF311P14200,CF311P14200,134.0,0.0,0.0,0.0,2,51.0,879.0,1,134.0,0.0,0.0,0.0,0.0,0.0,68
2023-05-09 21:11:09,CF311P14200,CF311P14200,134.0,0.0,0.0,0.0,2,51.0,876.0,1,134.0,0.0,0.0,0.0,0.0,0.0,68
2023-05-09 21:11:14,CF311P14200,CF311P14200,134.0,0.0,0.0,0.0,2,51.0,875.0,1,134.0,0.0,0.0,0.0,0.0,0.0,68
2023-05-09 21:11:14,CF311P14200,CF311P14200,134.0,0.0,0.0,0.0,2,51.0,872.0,1,134.0,0.0,0.0,0.0,0.0,0.0,68
2023-05-09 21:11:20,CF311P14200,CF311P14200,134.0,0.0,0.0,0.0,2,51.0,871.0,1,134.0,0.0,0.0,0.0,0.0,0.0,68
2023-05-09 21:11:21,CF311P14200,CF311P14200,134.0,0.0,0.0,0.0,2,51.0,868.0,1,134.0,0.0,0.0,0.0,0.0,0.0,68
2023-05-09 21:11:27,CF311P14200,CF311P14200,134.0,0.0,0.0,0.0,2,51.0,867.0,1,134.0,0.0,0.0,0.0,0.0,0.0,68
2023-05-09 21:11:27,CF311P14200,CF311P14200,134.0,0.0,0.0,0.0,2,51.0,864.0,1,134.0,0.0,0.0,0.0,0.0,0.0,68
2023-05-09 21:11:33,CF311P14200,CF311P14200,134.0,0.0,0.0,0.0,2,51.0,863.0,1,134.0,0.0,0.0,0.0,0.0,0.0,68
2023-05-09 21:11:33,CF311P14200,CF311P14200,134.0,0.0,0.0,0.0,2,51.0,860.0,1,134.0,0.0,0.0,0.0,0.0,0.0,68
2023-05-09 21:11:40,CF311P14200,CF311P14200,134.0,0.0,0.0,0.0,2,51.0,859.0,1,134.0,0.0,0.0,0.0,0.0,0.0,68
2023-05-09 21:11:40,CF311P14200,CF311P14200,134.0,0.0,0.0,0.0,2,51.0,856.0,1,134.0,0.0,0.0,0.0,0.0,0.0,68
2023-05-09 21:11:50,CF311P14200,CF311P14200,134.0,0.0,0.0,0.0,2,51.0,855.0,1,134.0,0.0,0.0,0.0,0.0,0.0,68
2023-05-09 21:11:50,CF311P14200,CF311P14200,134.0,0.0,0.0,0.0,2,51.0,852.0,1,134.0,0.0,0.0,0.0,0.0,0.0,68
2023-05-09 21:11:56,CF311P14200,CF311P14200,134.0,0.0,0.0,0.0,2,51.0,851.0,1,134.0,0.0,0.0,0.0,0.0,0.0,68
2023-05-09 21:11:56,CF311P14200,CF311P14200,134.0,0.0,0.0,0.0,2,51.0,848.0,1,134.0,0.0,0.0,0.0,0.0,0.0,68
2023-05-09 21:12:02,CF311P14200,CF311P14200,134.0,0.0,0.0,0.0,2,51.0,847.0,1,134.0,0.0,0.0,0.0,0.0,0.0,68
2023-05-09 21:12:03,CF311P14200,CF311P14200,134.0,0.0,0.0,0.0,2,51.0,844.0,1,134.0,0.0,0.0,0.0,0.0,0.0,68
2023-05-09 21:12:12,CF311P14200,CF311P14200,134.0,0.0,0.0,0.0,2,51.0,843.0,1,134.0,0.0,0.0,0.0,0.0,0.0,68
2023-05-09 21:12:12,CF311P14200,CF311P14200,134.0,0.0,0.0,0.0,2,51.0,840.0,1,134.0,0.0,0.0,0.0,0.0,0.0,68
2023-05-09 21:12:17,CF311P14200,CF311P14200,134.0,0.0,0.0,0.0,2,51.0,839.0,1,134.0,0.0,0.0,0.0,0.0,0.0,68
2023-05-09 21:12:17,CF311P14200,CF311P14200,134.0,0.0,0.0,0.0,2,51.0,836.0,1,134.0,0.0,0.0,0.0,0.0,0.0,68
2023-05-09 21:12:26,CF311P14200,CF311P14200,134.0,0.0,0.0,0.0,2,51.0,835.0,1,134.0,0.0,0.0,0.0,0.0,0.0,68
2023-05-09 21:12:27,CF311P14200,CF311P14200,134.0,0.0,0.0,0.0,2,51.0,832.0,1,134.0,0.0,0.0,0.0,0.0,0.0,68
2023-05-09 21:12:38,CF311P14200,CF311P14200,134.0,0.0,0.0,0.0,2,51.0,831.0,1,134.0,0.0,0.0,0.0,0.0,0.0,68
2023-05-09 21:12:39,CF311P14200,CF311P14200,134.0,0.0,0.0,0.0,2,51.0,828.0,1,134.0,0.0,0.0,0.0,0.0,0.0,68
2023-05-09 21:12:52,CF311P14200,CF311P14200,134.0,0.0,0.0,0.0,2,51.0,827.0,1,134.0,0.0,0.0,0.0,0.0,0.0,68
2023-05-09 21:12:52,CF311P14200,CF311P14200,134.0,0.0,0.0,0.0,2,51.0,824.0,1,134.0,0.0,0.0,0.0,0.0,0.0,68
2023-05-09 21:12:59,CF311P14200,CF311P14200,134.0,0.0,0.0,0.0,2,51.0,823.0,1,134.0,0.0,0.0,0.0,0.0,0.0,68
2023-05-09 21:12:59,CF311P14200,CF311P14200,134.0,0.0,0.0,0.0,2,51.0,820.0,1,134.0,0.0,0.0,0.0,0.0,0.0,68
2023-05-09 21:13:06,CF311P14200,CF311P14200,134.0,0.0,0.0,0.0,2,51.0,819.0,1,134.0,0.0,0.0,0.0,0.0,0.0,68
2023-05-09 21:13:07,CF311P14200,CF311P14200,134.0,0.0,0.0,0.0,2,51.0,816.0,1,134.0,0.0,0.0,0.0,0.0,0.0,68
2023-05-09 21:13:11,CF311P14200,CF311P14200,134.0,0.0,0.0,0.0,2,51.0,815.0,1,134.0,0.0,0.0,0.0,0.0,0.0,68
2023-05-09 21:13:11,CF311P14200,CF311P14200,134.0,0.0,0.0,0.0,2,51.0,812.0,1,134.0,0.0,0.0,0.0,0.0,0.0,68
2023-05-09 21:13:16,CF311P14200,CF311P14200,134.0,0.0,0.0,0.0,2,51.0,811.0,1,134.0,0.0,0.0,0.0,0.0,0.0,68
2023-05-09 21:13:16,CF311P14200,CF311P14200,134.0,0.0,0.0,0.0,2,51.0,808.0,1,134.0,0.0,0.0,0.0,0.0,0.0,68
2023-05-09 21:13:20,CF311P14200,CF311P14200,134.0,0.0,0.0,0.0,2,51.0,807.0,1,134.0,0.0,0.0,0.0,0.0,0.0,68
2023-05-09 21:13:20,CF311P14200,CF311P14200,134.0,0.0,0.0,0.0,2,51.0,804.0,1,134.0,0.0,0.0,0.0,0.0,0.0,68
2023-05-09 21:13:26,CF311P14200,CF311P14200,134.0,0.0,0.0,0.0,2,51.0,803.0,1,134.0,0.0,0.0,0.0,0.0,0.0,68
2023-05-09 21:13:26,CF311P14200,CF311P14200,134.0,0.0,0.0,0.0,2,51.0,800.0,1,134.0,0.0,0.0,0.0,0.0,0.0,68
2023-05-09 21:19:00,CF311P14200,CF311P14200,134.0,0.0,0.0,0.0,3,50.0,800.0,1,134.0,0.0,0.0,0.0,0.0,0.0,68
2023-05-09 21:19:47,CF311P14200,CF311P14200,134.0,0.0,0.0,0.0,2,51.0,800.0,1,134.0,0.0,0.0,0.0,0.0,0.0,68
2023-05-09 21:20:01,CF311P14200,CF311P14200,134.0,0.0,0.0,0.0,3,50.0,800.0,1,134.0,0.0,0.0,0.0,0.0,0.0,68
2023-05-09 21:20:03,CF311P14200,CF311P14200,134.0,0.0,0.0,0.0,2,51.0,800.0,1,134.0,0.0,0.0,0.0,0.0,0.0,68
2023-05-09 22:57:10,CF311P14200,CF311P14200,134.0,0.0,0.0,0.0,3,50.0,800.0,1,134.0,0.0,0.0,0.0,0.0,0.0,68
2023-05-09 22:59:55,CF311P14200,CF311P14200,134.0,0.0,0.0,0.0,3,50.0,999.0,3,134.0,0.0,0.0,0.0,0.0,0.0,68
2023-05-10 09:01:16,CF311P14200,CF311P14200,134.0,0.0,0.0,0.0,2,51.0,999.0,3,134.0,0.0,0.0,0.0,0.0,0.0,68
2023-05-10 09:01:18,CF311P14200,CF311P14200,134.0,0.0,0.0,0.0,2,51.0,996.0,1,134.0,0.0,0.0,0.0,0.0,0.0,68
2023-05-10 09:03:24,CF311P14200,CF311P14200,134.0,0.0,0.0,0.0,2,51.0,985.0,1,134.0,0.0,0.0,0.0,0.0,0.0,68
2023-05-10 09:03:29,CF311P14200,CF311P14200,134.0,0.0,0.0,0.0,2,51.0,982.0,1,134.0,0.0,0.0,0.0,0.0,0.0,68
2023-05-10 09:05:20,CF311P14200,CF311P14200,134.0,0.0,0.0,0.0,2,51.0,981.0,1,134.0,0.0,0.0,0.0,0.0,0.0,68
2023-05-10 09:05:21,CF311P14200,CF311P14200,134.0,0.0,0.0,0.0,2,51.0,978.0,1,134.0,0.0,0.0,0.0,0.0,0.0,68
2023-05-10 09:05:27,CF311P14200,CF311P14200,134.0,0.0,0.0,0.0,2,51.0,977.0,1,134.0,0.0,0.0,0.0,0.0,0.0,68
2023-05-10 09:05:27,CF311P14200,CF311P14200,134.0,0.0,0.0,0.0,2,51.0,974.0,1,134.0,0.0,0.0,0.0,0.0,0.0,68
2023-05-10 09:05:33,CF311P14200,CF311P14200,134.0,0.0,0.0,0.0,2,51.0,963.0,1,134.0,0.0,0.0,0.0,0.0,0.0,68
2023-05-10 09:05:33,CF311P14200,CF311P14200,134.0,0.0,0.0,0.0,2,51.0,960.0,1,134.0,0.0,0.0,0.0,0.0,0.0,68
2023-05-10 09:05:40,CF311P14200,CF311P14200,134.0,0.0,0.0,0.0,2,51.0,949.0,1,134.0,0.0,0.0,0.0,0.0,0.0,68
2023-05-10 09:05:40,CF311P14200,CF311P14200,134.0,0.0,0.0,0.0,2,51.0,946.0,1,134.0,0.0,0.0,0.0,0.0,0.0,68
2023-05-10 09:05:49,CF311P14200,CF311P14200,134.0,0.0,0.0,0.0,2,51.0,945.0,1,134.0,0.0,0.0,0.0,0.0,0.0,68
2023-05-10 09:05:50,CF311P14200,CF311P14200,134.0,0.0,0.0,0.0,2,51.0,942.0,1,134.0,0.0,0.0,0.0,0.0,0.0,68
2023-05-10 09:05:57,CF311P14200,CF311P14200,134.0,0.0,0.0,0.0,2,51.0,941.0,1,134.0,0.0,0.0,0.0,0.0,0.0,68
2023-05-10 09:05:58,CF311P14200,CF311P14200,134.0,0.0,0.0,0.0,2,51.0,938.0,1,134.0,0.0,0.0,0.0,0.0,0.0,68
2023-05-10 09:06:02,CF311P14200,CF311P14200,134.0,0.0,0.0,0.0,2,51.0,937.0,1,134.0,0.0,0.0,0.0,0.0,0.0,68
2023-05-10 09:06:03,CF311P14200,CF311P14200,134.0,0.0,0.0,0.0,2,51.0,934.0,1,134.0,0.0,0.0,0.0,0.0,0.0,68
2023-05-10 09:06:14,CF311P14200,CF311P14200,134.0,0.0,0.0,0.0,2,51.0,928.0,1,134.0,0.0,0.0,0.0,0.0,0.0,68
2023-05-10 09:06:15,CF311P14200,CF311P14200,134.0,0.0,0.0,0.0,2,51.0,925.0,1,134.0,0.0,0.0,0.0,0.0,0.0,68
2023-05-10 09:06:38,CF311P14200,CF311P14200,134.0,0.0,0.0,0.0,2,51.0,924.0,1,134.0,0.0,0.0,0.0,0.0,0.0,68
2023-05-10 09:06:38,CF311P14200,CF311P14200,134.0,0.0,0.0,0.0,2,51.0,921.0,1,134.0,0.0,0.0,0.0,0.0,0.0,68
2023-05-10 09:07:03,CF311P14200,CF311P14200,134.0,0.0,0.0,0.0,2,51.0,915.0,1,134.0,0.0,0.0,0.0,0.0,0.0,68
2023-05-10 09:07:03,CF311P14200,CF311P14200,134.0,0.0,0.0,0.0,2,51.0,912.0,1,134.0,0.0,0.0,0.0,0.0,0.0,68
2023-05-10 09:07:15,CF311P14200,CF311P14200,134.0,0.0,0.0,0.0,2,51.0,911.0,1,134.0,0.0,0.0,0.0,0.0,0.0,68
2023-05-10 09:07:15,CF311P14200,CF311P14200,134.0,0.0,0.0,0.0,2,51.0,908.0,1,134.0,0.0,0.0,0.0,0.0,0.0,68
2023-05-10 09:07:23,CF311P14200,CF311P14200,134.0,0.0,0.0,0.0,2,51.0,907.0,1,134.0,0.0,0.0,0.0,0.0,0.0,68
2023-05-10 09:07:23,CF311P14200,CF311P14200,134.0,0.0,0.0,0.0,2,51.0,904.0,1,134.0,0.0,0.0,0.0,0.0,0.0,68
2023-05-10 09:07:32,CF311P14200,CF311P14200,134.0,0.0,0.0,0.0,2,51.0,903.0,1,134.0,0.0,0.0,0.0,0.0,0.0,68
2023-05-10 09:07:32,CF311P14200,CF311P14200,134.0,0.0,0.0,0.0,2,51.0,900.0,1,134.0,0.0,0.0,0.0,0.0,0.0,68
2023-05-10 09:07:39,CF311P14200,CF311P14200,134.0,0.0,0.0,0.0,2,51.0,899.0,1,134.0,0.0,0.0,0.0,0.0,0.0,68
2023-05-10 09:07:39,CF311P14200,CF311P14200,134.0,0.0,0.0,0.0,2,51.0,896.0,1,134.0,0.0,0.0,0.0,0.0,0.0,68
2023-05-10 09:07:44,CF311P14200,CF311P14200,134.0,0.0,0.0,0.0,2,51.0,895.0,1,134.0,0.0,0.0,0.0,0.0,0.0,68
2023-05-10 09:07:44,CF311P14200,CF311P14200,134.0,0.0,0.0,0.0,2,51.0,892.0,1,134.0,0.0,0.0,0.0,0.0,0.0,68
2023-05-10 09:07:53,CF311P14200,CF311P14200,134.0,0.0,0.0,0.0,2,51.0,891.0,1,134.0,0.0,0.0,0.0,0.0,0.0,68
2023-05-10 09:07:54,CF311P14200,CF311P14200,134.0,0.0,0.0,0.0,2,51.0,888.0,1,134.0,0.0,0.0,0.0,0.0,0.0,68
2023-05-10 09:08:02,CF311P14200,CF311P14200,134.0,0.0,0.0,0.0,2,51.0,887.0,1,134.0,0.0,0.0,0.0,0.0,0.0,68
2023-05-10 09:08:02,CF311P14200,CF311P14200,134.0,0.0,0.0,0.0,2,51.0,884.0,1,134.0,0.0,0.0,0.0,0.0,0.0,68
2023-05-10 09:08:09,CF311P14200,CF311P14200,134.0,0.0,0.0,0.0,2,51.0,883.0,1,134.0,0.0,0.0,0.0,0.0,0.0,68
2023-05-10 09:08:09,CF311P14200,CF311P14200,134.0,0.0,0.0,0.0,2,51.0,880.0,1,134.0,0.0,0.0,0.0,0.0,0.0,68
2023-05-10 09:08:16,CF311P14200,CF311P14200,134.0,0.0,0.0,0.0,2,51.0,879.0,1,134.0,0.0,0.0,0.0,0.0,0.0,68
2023-05-10 09:08:16,CF311P14200,CF311P14200,134.0,0.0,0.0,0.0,2,51.0,876.0,1,134.0,0.0,0.0,0.0,0.0,0.0,68
2023-05-10 09:08:22,CF311P14200,CF311P14200,134.0,0.0,0.0,0.0,2,51.0,875.0,1,134.0,0.0,0.0,0.0,0.0,0.0,68
2023-05-10 09:08:22,CF311P14200,CF311P14200,134.0,0.0,0.0,0.0,2,51.0,872.0,1,134.0,0.0,0.0,0.0,0.0,0.0,68
2023-05-10 09:08:28,CF311P14200,CF311P14200,134.0,0.0,0.0,0.0,2,51.0,871.0,1,134.0,0.0,0.0,0.0,0.0,0.0,68
2023-05-10 09:08:28,CF311P14200,CF311P14200,134.0,0.0,0.0,0.0,2,51.0,868.0,1,134.0,0.0,0.0,0.0,0.0,0.0,68
2023-05-10 09:08:32,CF311P14200,CF311P14200,134.0,0.0,0.0,0.0,2,51.0,867.0,1,134.0,0.0,0.0,0.0,0.0,0.0,68
2023-05-10 09:08:32,CF311P14200,CF311P14200,134.0,0.0,0.0,0.0,2,51.0,864.0,1,134.0,0.0,0.0,0.0,0.0,0.0,68
2023-05-10 09:08:38,CF311P14200,CF311P14200,134.0,0.0,0.0,0.0,2,51.0,863.0,1,134.0,0.0,0.0,0.0,0.0,0.0,68
2023-05-10 09:08:38,CF311P14200,CF311P14200,134.0,0.0,0.0,0.0,2,51.0,860.0,1,134.0,0.0,0.0,0.0,0.0,0.0,68
2023-05-10 09:08:46,CF311P14200,CF311P14200,134.0,0.0,0.0,0.0,2,51.0,859.0,1,134.0,0.0,0.0,0.0,0.0,0.0,68
2023-05-10 09:08:46,CF311P14200,CF311P14200,134.0,0.0,0.0,0.0,2,51.0,856.0,1,134.0,0.0,0.0,0.0,0.0,0.0,68
2023-05-10 09:08:53,CF311P14200,CF311P14200,134.0,0.0,0.0,0.0,2,51.0,855.0,1,134.0,0.0,0.0,0.0,0.0,0.0,68
2023-05-10 09:08:53,CF311P14200,CF311P14200,134.0,0.0,0.0,0.0,2,51.0,852.0,1,134.0,0.0,0.0,0.0,0.0,0.0,68
2023-05-10 09:09:03,CF311P14200,CF311P14200,134.0,0.0,0.0,0.0,2,51.0,851.0,1,134.0,0.0,0.0,0.0,0.0,0.0,68
2023-05-10 09:09:03,CF311P14200,CF311P14200,134.0,0.0,0.0,0.0,2,51.0,848.0,1,134.0,0.0,0.0,0.0,0.0,0.0,68
2023-05-10 09:09:12,CF311P14200,CF311P14200,134.0,0.0,0.0,0.0,2,51.0,847.0,1,134.0,0.0,0.0,0.0,0.0,0.0,68
2023-05-10 09:09:12,CF311P14200,CF311P14200,134.0,0.0,0.0,0.0,2,51.0,844.0,1,134.0,0.0,0.0,0.0,0.0,0.0,68
2023-05-10 09:09:16,CF311P14200,CF311P14200,134.0,0.0,0.0,0.0,2,51.0,843.0,1,134.0,0.0,0.0,0.0,0.0,0.0,68
2023-05-10 09:09:16,CF311P14200,CF311P14200,134.0,0.0,0.0,0.0,2,51.0,840.0,1,134.0,0.0,0.0,0.0,0.0,0.0,68
2023-05-10 09:09:24,CF311P14200,CF311P14200,134.0,0.0,0.0,0.0,2,51.0,839.0,1,134.0,0.0,0.0,0.0,0.0,0.0,68
2023-05-10 09:09:24,CF311P14200,CF311P14200,134.0,0.0,0.0,0.0,2,51.0,836.0,1,134.0,0.0,0.0,0.0,0.0,0.0,68
2023-05-10 09:09:31,CF311P14200,CF311P14200,134.0,0.0,0.0,0.0,2,51.0,835.0,1,134.0,0.0,0.0,0.0,0.0,0.0,68
2023-05-10 09:09:31,CF311P14200,CF311P14200,134.0,0.0,0.0,0.0,2,51.0,832.0,1,134.0,0.0,0.0,0.0,0.0,0.0,68
2023-05-10 09:09:38,CF311P14200,CF311P14200,134.0,0.0,0.0,0.0,2,51.0,831.0,1,134.0,0.0,0.0,0.0,0.0,0.0,68
2023-05-10 09:09:38,CF311P14200,CF311P14200,134.0,0.0,0.0,0.0,2,51.0,828.0,1,134.0,0.0,0.0,0.0,0.0,0.0,68
2023-05-10 09:09:46,CF311P14200,CF311P14200,134.0,0.0,0.0,0.0,2,51.0,827.0,1,134.0,0.0,0.0,0.0,0.0,0.0,68
2023-05-10 09:09:46,CF311P14200,CF311P14200,134.0,0.0,0.0,0.0,2,51.0,824.0,1,134.0,0.0,0.0,0.0,0.0,0.0,68
2023-05-10 09:09:51,CF311P14200,CF311P14200,134.0,0.0,0.0,0.0,2,51.0,823.0,1,134.0,0.0,0.0,0.0,0.0,0.0,68
2023-05-10 09:09:51,CF311P14200,CF311P14200,134.0,0.0,0.0,0.0,2,51.0,820.0,1,134.0,0.0,0.0,0.0,0.0,0.0,68
2023-05-10 09:09:58,CF311P14200,CF311P14200,134.0,0.0,0.0,0.0,2,51.0,819.0,1,134.0,0.0,0.0,0.0,0.0,0.0,68
2023-05-10 09:09:58,CF311P14200,CF311P14200,134.0,0.0,0.0,0.0,2,51.0,816.0,1,134.0,0.0,0.0,0.0,0.0,0.0,68
2023-05-10 09:10:05,CF311P14200,CF311P14200,134.0,0.0,0.0,0.0,2,51.0,815.0,1,134.0,0.0,0.0,0.0,0.0,0.0,68
2023-05-10 09:10:05,CF311P14200,CF311P14200,134.0,0.0,0.0,0.0,2,51.0,812.0,1,134.0,0.0,0.0,0.0,0.0,0.0,68
2023-05-10 09:10:05,CF311P14200,CF311P14200,134.0,0.0,0.0,0.0,2,51.0,815.0,1,134.0,0.0,0.0,0.0,0.0,0.0,68
2023-05-10 09:10:05,CF311P14200,CF311P14200,134.0,0.0,0.0,0.0,2,51.0,812.0,1,134.0,0.0,0.0,0.0,0.0,0.0,68
2023-05-10 09:10:10,CF311P14200,CF311P14200,134.0,0.0,0.0,0.0,2,51.0,811.0,1,134.0,0.0,0.0,0.0,0.0,0.0,68
2023-05-10 09:10:11,CF311P14200,CF311P14200,134.0,0.0,0.0,0.0,2,51.0,808.0,1,134.0,0.0,0.0,0.0,0.0,0.0,68
2023-05-10 09:10:14,CF311P14200,CF311P14200,134.0,0.0,0.0,0.0,2,51.0,807.0,1,134.0,0.0,0.0,0.0,0.0,0.0,68
2023-05-10 09:10:15,CF311P14200,CF311P14200,134.0,0.0,0.0,0.0,2,51.0,804.0,1,134.0,0.0,0.0,0.0,0.0,0.0,68
2023-05-10 09:10:20,CF311P14200,CF311P14200,134.0,0.0,0.0,0.0,2,51.0,803.0,1,134.0,0.0,0.0,0.0,0.0,0.0,68
2023-05-10 09:10:20,CF311P14200,CF311P14200,134.0,0.0,0.0,0.0,2,51.0,800.0,1,134.0,0.0,0.0,0.0,0.0,0.0,68
2023-05-10 09:10:28,CF311P14200,CF311P14200,134.0,0.0,0.0,0.0,2,51.0,799.0,1,134.0,0.0,0.0,0.0,0.0,0.0,68
2023-05-10 09:10:28,CF311P14200,CF311P14200,134.0,0.0,0.0,0.0,2,51.0,796.0,1,134.0,0.0,0.0,0.0,0.0,0.0,68
2023-05-10 09:10:35,CF311P14200,CF311P14200,134.0,0.0,0.0,0.0,2,51.0,795.0,1,134.0,0.0,0.0,0.0,0.0,0.0,68
2023-05-10 09:10:36,CF311P14200,CF311P14200,134.0,0.0,0.0,0.0,2,51.0,792.0,1,134.0,0.0,0.0,0.0,0.0,0.0,68
2023-05-10 09:10:47,CF311P14200,CF311P14200,134.0,0.0,0.0,0.0,2,51.0,791.0,1,134.0,0.0,0.0,0.0,0.0,0.0,68
2023-05-10 09:10:47,CF311P14200,CF311P14200,134.0,0.0,0.0,0.0,2,51.0,788.0,1,134.0,0.0,0.0,0.0,0.0,0.0,68
2023-05-10 09:10:52,CF311P14200,CF311P14200,134.0,0.0,0.0,0.0,2,51.0,787.0,1,134.0,0.0,0.0,0.0,0.0,0.0,68
2023-05-10 09:10:52,CF311P14200,CF311P14200,134.0,0.0,0.0,0.0,2,51.0,784.0,1,134.0,0.0,0.0,0.0,0.0,0.0,68
2023-05-10 09:10:56,CF311P14200,CF311P14200,134.0,0.0,0.0,0.0,2,51.0,783.0,1,134.0,0.0,0.0,0.0,0.0,0.0,68
2023-05-10 09:10:56,CF311P14200,CF311P14200,134.0,0.0,0.0,0.0,2,51.0,780.0,1,134.0,0.0,0.0,0.0,0.0,0.0,68
2023-05-10 09:11:05,CF311P14200,CF311P14200,134.0,0.0,0.0,0.0,2,51.0,779.0,1,134.0,0.0,0.0,0.0,0.0,0.0,68
2023-05-10 09:11:05,CF311P14200,CF311P14200,134.0,0.0,0.0,0.0,2,51.0,776.0,1,134.0,0.0,0.0,0.0,0.0,0.0,68
2023-05-10 09:11:13,CF311P14200,CF311P14200,134.0,0.0,0.0,0.0,2,51.0,775.0,1,134.0,0.0,0.0,0.0,0.0,0.0,68
2023-05-10 09:11:13,CF311P14200,CF311P14200,134.0,0.0,0.0,0.0,2,51.0,772.0,1,134.0,0.0,0.0,0.0,0.0,0.0,68
2023-05-10 09:11:21,CF311P14200,CF311P14200,134.0,0.0,0.0,0.0,2,51.0,771.0,1,134.0,0.0,0.0,0.0,0.0,0.0,68
2023-05-10 09:11:21,CF311P14200,CF311P14200,134.0,0.0,0.0,0.0,2,51.0,768.0,1,134.0,0.0,0.0,0.0,0.0,0.0,68
2023-05-10 09:11:32,CF311P14200,CF311P14200,134.0,0.0,0.0,0.0,2,51.0,767.0,1,134.0,0.0,0.0,0.0,0.0,0.0,68
2023-05-10 09:11:32,CF311P14200,CF311P14200,134.0,0.0,0.0,0.0,2,51.0,764.0,1,134.0,0.0,0.0,0.0,0.0,0.0,68
2023-05-10 09:11:36,CF311P14200,CF311P14200,134.0,0.0,0.0,0.0,2,51.0,763.0,1,134.0,0.0,0.0,0.0,0.0,0.0,68
2023-05-10 09:11:36,CF311P14200,CF311P14200,134.0,0.0,0.0,0.0,2,51.0,760.0,1,134.0,0.0,0.0,0.0,0.0,0.0,68
2023-05-10 09:11:36,CF311P14200,CF311P14200,134.0,0.0,0.0,0.0,2,51.0,763.0,1,134.0,0.0,0.0,0.0,0.0,0.0,68
2023-05-10 09:11:36,CF311P14200,CF311P14200,134.0,0.0,0.0,0.0,2,51.0,760.0,1,134.0,0.0,0.0,0.0,0.0,0.0,68
2023-05-10 10:07:40,CF311P14200,CF311P14200,134.0,0.0,0.0,0.0,3,50.0,760.0,1,134.0,0.0,0.0,0.0,0.0,0.0,68
2023-05-10 10:07:57,CF311P14200,CF311P14200,134.0,0.0,0.0,0.0,2,51.0,760.0,1,134.0,0.0,0.0,0.0,0.0,0.0,68
2023-05-10 10:12:08,CF311P14200,CF311P14200,134.0,0.0,0.0,0.0,3,50.0,760.0,1,134.0,0.0,0.0,0.0,0.0,0.0,68
2023-05-10 10:30:01,CF311P14200,CF311P14200,134.0,0.0,0.0,0.0,3,50.0,999.0,3,134.0,0.0,0.0,0.0,0.0,0.0,68
2023-05-10 10:30:17,CF311P14200,CF311P14200,134.0,0.0,0.0,0.0,2,51.0,999.0,3,134.0,0.0,0.0,0.0,0.0,0.0,68
2023-05-10 10:31:33,CF311P14200,CF311P14200,134.0,0.0,0.0,0.0,2,51.0,988.0,1,134.0,0.0,0.0,0.0,0.0,0.0,68
2023-05-10 10:31:34,CF311P14200,CF311P14200,134.0,0.0,0.0,0.0,2,51.0,985.0,1,134.0,0.0,0.0,0.0,0.0,0.0,68
2023-05-10 10:33:09,CF311P14200,CF311P14200,134.0,0.0,0.0,0.0,2,51.0,984.0,1,134.0,0.0,0.0,0.0,0.0,0.0,68
2023-05-10 10:33:09,CF311P14200,CF311P14200,134.0,0.0,0.0,0.0,2,51.0,981.0,1,134.0,0.0,0.0,0.0,0.0,0.0,68
2023-05-10 10:33:50,CF311P14200,CF311P14200,134.0,0.0,0.0,0.0,2,51.0,970.0,1,134.0,0.0,0.0,0.0,0.0,0.0,68
2023-05-10 10:33:51,CF311P14200,CF311P14200,134.0,0.0,0.0,0.0,2,51.0,967.0,1,134.0,0.0,0.0,0.0,0.0,0.0,68
2023-05-10 10:34:21,CF311P14200,CF311P14200,134.0,0.0,0.0,0.0,2,51.0,966.0,1,134.0,0.0,0.0,0.0,0.0,0.0,68
2023-05-10 10:34:21,CF311P14200,CF311P14200,134.0,0.0,0.0,0.0,2,51.0,963.0,1,134.0,0.0,0.0,0.0,0.0,0.0,68
2023-05-10 10:35:39,CF311P14200,CF311P14200,134.0,0.0,0.0,0.0,2,51.0,952.0,1,134.0,0.0,0.0,0.0,0.0,0.0,68
2023-05-10 10:35:39,CF311P14200,CF311P14200,134.0,0.0,0.0,0.0,2,51.0,949.0,1,134.0,0.0,0.0,0.0,0.0,0.0,68
2023-05-10 10:35:39,CF311P14200,CF311P14200,134.0,0.0,0.0,0.0,2,51.0,952.0,1,134.0,0.0,0.0,0.0,0.0,0.0,68
2023-05-10 10:35:39,CF311P14200,CF311P14200,134.0,0.0,0.0,0.0,2,51.0,949.0,1,134.0,0.0,0.0,0.0,0.0,0.0,68
2023-05-10 10:35:48,CF311P14200,CF311P14200,134.0,0.0,0.0,0.0,2,51.0,948.0,1,134.0,0.0,0.0,0.0,0.0,0.0,68
2023-05-10 10:35:48,CF311P14200,CF311P14200,134.0,0.0,0.0,0.0,2,51.0,945.0,1,134.0,0.0,0.0,0.0,0.0,0.0,68
2023-05-10 10:35:48,CF311P14200,CF311P14200,134.0,0.0,0.0,0.0,2,51.0,948.0,1,134.0,0.0,0.0,0.0,0.0,0.0,68
2023-05-10 10:35:48,CF311P14200,CF311P14200,134.0,0.0,0.0,0.0,2,51.0,945.0,1,134.0,0.0,0.0,0.0,0.0,0.0,68
2023-05-10 10:36:00,CF311P14200,CF311P14200,134.0,0.0,0.0,0.0,2,51.0,944.0,1,134.0,0.0,0.0,0.0,0.0,0.0,68
2023-05-10 10:36:00,CF311P14200,CF311P14200,134.0,0.0,0.0,0.0,2,51.0,941.0,1,134.0,0.0,0.0,0.0,0.0,0.0,68
2023-05-10 10:36:08,CF311P14200,CF311P14200,134.0,0.0,0.0,0.0,2,51.0,930.0,1,134.0,0.0,0.0,0.0,0.0,0.0,68
2023-05-10 10:36:08,CF311P14200,CF311P14200,134.0,0.0,0.0,0.0,2,51.0,927.0,1,134.0,0.0,0.0,0.0,0.0,0.0,68
2023-05-10 10:36:13,CF311P14200,CF311P14200,134.0,0.0,0.0,0.0,2,51.0,926.0,1,134.0,0.0,0.0,0.0,0.0,0.0,68
2023-05-10 10:36:13,CF311P14200,CF311P14200,134.0,0.0,0.0,0.0,2,51.0,923.0,1,134.0,0.0,0.0,0.0,0.0,0.0,68
2023-05-10 10:36:20,CF311P14200,CF311P14200,134.0,0.0,0.0,0.0,2,51.0,922.0,1,134.0,0.0,0.0,0.0,0.0,0.0,68
2023-05-10 10:36:20,CF311P14200,CF311P14200,134.0,0.0,0.0,0.0,2,51.0,919.0,1,134.0,0.0,0.0,0.0,0.0,0.0,68
2023-05-10 10:36:24,CF311P14200,CF311P14200,134.0,0.0,0.0,0.0,2,51.0,918.0,1,134.0,0.0,0.0,0.0,0.0,0.0,68
2023-05-10 10:36:25,CF311P14200,CF311P14200,134.0,0.0,0.0,0.0,2,51.0,915.0,1,134.0,0.0,0.0,0.0,0.0,0.0,68
2023-05-10 10:36:33,CF311P14200,CF311P14200,134.0,0.0,0.0,0.0,2,51.0,914.0,1,134.0,0.0,0.0,0.0,0.0,0.0,68
2023-05-10 10:36:33,CF311P14200,CF311P14200,134.0,0.0,0.0,0.0,2,51.0,911.0,1,134.0,0.0,0.0,0.0,0.0,0.0,68
2023-05-10 10:36:39,CF311P14200,CF311P14200,134.0,0.0,0.0,0.0,2,51.0,910.0,1,134.0,0.0,0.0,0.0,0.0,0.0,68
2023-05-10 10:36:39,CF311P14200,CF311P14200,134.0,0.0,0.0,0.0,2,51.0,907.0,1,134.0,0.0,0.0,0.0,0.0,0.0,68
2023-05-10 10:36:48,CF311P14200,CF311P14200,134.0,0.0,0.0,0.0,2,51.0,906.0,1,134.0,0.0,0.0,0.0,0.0,0.0,68
2023-05-10 10:36:49,CF311P14200,CF311P14200,134.0,0.0,0.0,0.0,2,51.0,903.0,1,134.0,0.0,0.0,0.0,0.0,0.0,68
2023-05-10 10:36:58,CF311P14200,CF311P14200,134.0,0.0,0.0,0.0,2,51.0,902.0,1,134.0,0.0,0.0,0.0,0.0,0.0,68
2023-05-10 10:36:58,CF311P14200,CF311P14200,134.0,0.0,0.0,0.0,2,51.0,899.0,1,134.0,0.0,0.0,0.0,0.0,0.0,68
2023-05-10 10:37:11,CF311P14200,CF311P14200,134.0,0.0,0.0,0.0,2,51.0,898.0,1,134.0,0.0,0.0,0.0,0.0,0.0,68
2023-05-10 10:37:11,CF311P14200,CF311P14200,134.0,0.0,0.0,0.0,2,51.0,895.0,1,134.0,0.0,0.0,0.0,0.0,0.0,68
2023-05-10 10:37:18,CF311P14200,CF311P14200,134.0,0.0,0.0,0.0,2,51.0,894.0,1,134.0,0.0,0.0,0.0,0.0,0.0,68
2023-05-10 10:37:18,CF311P14200,CF311P14200,134.0,0.0,0.0,0.0,2,51.0,891.0,1,134.0,0.0,0.0,0.0,0.0,0.0,68
2023-05-10 10:37:27,CF311P14200,CF311P14200,134.0,0.0,0.0,0.0,2,51.0,890.0,1,134.0,0.0,0.0,0.0,0.0,0.0,68
2023-05-10 10:37:27,CF311P14200,CF311P14200,134.0,0.0,0.0,0.0,2,51.0,887.0,1,134.0,0.0,0.0,0.0,0.0,0.0,68
2023-05-10 10:37:33,CF311P14200,CF311P14200,134.0,0.0,0.0,0.0,2,51.0,886.0,1,134.0,0.0,0.0,0.0,0.0,0.0,68
2023-05-10 10:37:33,CF311P14200,CF311P14200,134.0,0.0,0.0,0.0,2,51.0,883.0,1,134.0,0.0,0.0,0.0,0.0,0.0,68
2023-05-10 10:37:41,CF311P14200,CF311P14200,134.0,0.0,0.0,0.0,2,51.0,882.0,1,134.0,0.0,0.0,0.0,0.0,0.0,68
2023-05-10 10:37:42,CF311P14200,CF311P14200,134.0,0.0,0.0,0.0,2,51.0,879.0,1,134.0,0.0,0.0,0.0,0.0,0.0,68
2023-05-10 10:37:49,CF311P14200,CF311P14200,134.0,0.0,0.0,0.0,2,51.0,878.0,1,134.0,0.0,0.0,0.0,0.0,0.0,68
2023-05-10 10:37:49,CF311P14200,CF311P14200,134.0,0.0,0.0,0.0,2,51.0,875.0,1,134.0,0.0,0.0,0.0,0.0,0.0,68
2023-05-10 10:37:56,CF311P14200,CF311P14200,134.0,0.0,0.0,0.0,2,51.0,874.0,1,134.0,0.0,0.0,0.0,0.0,0.0,68
2023-05-10 10:37:56,CF311P14200,CF311P14200,134.0,0.0,0.0,0.0,2,51.0,871.0,1,134.0,0.0,0.0,0.0,0.0,0.0,68
2023-05-10 10:38:06,CF311P14200,CF311P14200,134.0,0.0,0.0,0.0,2,51.0,870.0,1,134.0,0.0,0.0,0.0,0.0,0.0,68
2023-05-10 10:38:06,CF311P14200,CF311P14200,134.0,0.0,0.0,0.0,2,51.0,867.0,1,134.0,0.0,0.0,0.0,0.0,0.0,68
2023-05-10 10:38:11,CF311P14200,CF311P14200,134.0,0.0,0.0,0.0,2,51.0,866.0,1,134.0,0.0,0.0,0.0,0.0,0.0,68
2023-05-10 10:38:12,CF311P14200,CF311P14200,134.0,0.0,0.0,0.0,2,51.0,863.0,1,134.0,0.0,0.0,0.0,0.0,0.0,68
2023-05-10 10:38:20,CF311P14200,CF311P14200,134.0,0.0,0.0,0.0,2,51.0,862.0,1,134.0,0.0,0.0,0.0,0.0,0.0,68
2023-05-10 10:38:20,CF311P14200,CF311P14200,134.0,0.0,0.0,0.0,2,51.0,859.0,1,134.0,0.0,0.0,0.0,0.0,0.0,68
2023-05-10 10:38:27,CF311P14200,CF311P14200,134.0,0.0,0.0,0.0,2,51.0,858.0,1,134.0,0.0,0.0,0.0,0.0,0.0,68
2023-05-10 10:38:27,CF311P14200,CF311P14200,134.0,0.0,0.0,0.0,2,51.0,855.0,1,134.0,0.0,0.0,0.0,0.0,0.0,68
2023-05-10 10:38:33,CF311P14200,CF311P14200,134.0,0.0,0.0,0.0,2,51.0,854.0,1,134.0,0.0,0.0,0.0,0.0,0.0,68
2023-05-10 10:38:33,CF311P14200,CF311P14200,134.0,0.0,0.0,0.0,2,51.0,851.0,1,134.0,0.0,0.0,0.0,0.0,0.0,68
2023-05-10 10:38:43,CF311P14200,CF311P14200,134.0,0.0,0.0,0.0,2,51.0,850.0,1,134.0,0.0,0.0,0.0,0.0,0.0,68
2023-05-10 10:38:43,CF311P14200,CF311P14200,134.0,0.0,0.0,0.0,2,51.0,847.0,1,134.0,0.0,0.0,0.0,0.0,0.0,68
2023-05-10 10:38:50,CF311P14200,CF311P14200,134.0,0.0,0.0,0.0,2,51.0,846.0,1,134.0,0.0,0.0,0.0,0.0,0.0,68
2023-05-10 10:38:50,CF311P14200,CF311P14200,134.0,0.0,0.0,0.0,2,51.0,843.0,1,134.0,0.0,0.0,0.0,0.0,0.0,68
2023-05-10 10:38:59,CF311P14200,CF311P14200,134.0,0.0,0.0,0.0,2,51.0,842.0,1,134.0,0.0,0.0,0.0,0.0,0.0,68
2023-05-10 10:39:00,CF311P14200,CF311P14200,134.0,0.0,0.0,0.0,2,51.0,839.0,1,134.0,0.0,0.0,0.0,0.0,0.0,68
2023-05-10 10:39:06,CF311P14200,CF311P14200,134.0,0.0,0.0,0.0,2,51.0,838.0,1,134.0,0.0,0.0,0.0,0.0,0.0,68
2023-05-10 10:39:06,CF311P14200,CF311P14200,134.0,0.0,0.0,0.0,2,51.0,835.0,1,134.0,0.0,0.0,0.0,0.0,0.0,68
2023-05-10 10:39:14,CF311P14200,CF311P14200,134.0,0.0,0.0,0.0,2,51.0,834.0,1,134.0,0.0,0.0,0.0,0.0,0.0,68
2023-05-10 10:39:14,CF311P14200,CF311P14200,134.0,0.0,0.0,0.0,2,51.0,831.0,1,134.0,0.0,0.0,0.0,0.0,0.0,68
2023-05-10 10:39:21,CF311P14200,CF311P14200,134.0,0.0,0.0,0.0,2,51.0,830.0,1,134.0,0.0,0.0,0.0,0.0,0.0,68
2023-05-10 10:39:21,CF311P14200,CF311P14200,134.0,0.0,0.0,0.0,2,51.0,827.0,1,134.0,0.0,0.0,0.0,0.0,0.0,68
2023-05-10 10:39:27,CF311P14200,CF311P14200,134.0,0.0,0.0,0.0,2,51.0,826.0,1,134.0,0.0,0.0,0.0,0.0,0.0,68
2023-05-10 10:39:28,CF311P14200,CF311P14200,134.0,0.0,0.0,0.0,2,51.0,823.0,1,134.0,0.0,0.0,0.0,0.0,0.0,68
2023-05-10 10:39:34,CF311P14200,CF311P14200,134.0,0.0,0.0,0.0,2,51.0,822.0,1,134.0,0.0,0.0,0.0,0.0,0.0,68
2023-05-10 10:39:35,CF311P14200,CF311P14200,134.0,0.0,0.0,0.0,2,51.0,819.0,1,134.0,0.0,0.0,0.0,0.0,0.0,68
2023-05-10 10:39:39,CF311P14200,CF311P14200,134.0,0.0,0.0,0.0,2,51.0,818.0,1,134.0,0.0,0.0,0.0,0.0,0.0,68
2023-05-10 10:39:39,CF311P14200,CF311P14200,134.0,0.0,0.0,0.0,2,51.0,815.0,1,134.0,0.0,0.0,0.0,0.0,0.0,68
2023-05-10 10:39:48,CF311P14200,CF311P14200,134.0,0.0,0.0,0.0,2,51.0,814.0,1,134.0,0.0,0.0,0.0,0.0,0.0,68
2023-05-10 10:39:48,CF311P14200,CF311P14200,134.0,0.0,0.0,0.0,2,51.0,811.0,1,134.0,0.0,0.0,0.0,0.0,0.0,68
2023-05-10 10:39:54,CF311P14200,CF311P14200,134.0,0.0,0.0,0.0,2,51.0,810.0,1,134.0,0.0,0.0,0.0,0.0,0.0,68
2023-05-10 10:39:54,CF311P14200,CF311P14200,134.0,0.0,0.0,0.0,2,51.0,807.0,1,134.0,0.0,0.0,0.0,0.0,0.0,68
2023-05-10 10:40:00,CF311P14200,CF311P14200,134.0,0.0,0.0,0.0,2,51.0,806.0,1,134.0,0.0,0.0,0.0,0.0,0.0,68
2023-05-10 10:40:00,CF311P14200,CF311P14200,134.0,0.0,0.0,0.0,2,51.0,803.0,1,134.0,0.0,0.0,0.0,0.0,0.0,68
2023-05-10 10:40:09,CF311P14200,CF311P14200,134.0,0.0,0.0,0.0,2,51.0,802.0,1,134.0,0.0,0.0,0.0,0.0,0.0,68
2023-05-10 10:40:09,CF311P14200,CF311P14200,134.0,0.0,0.0,0.0,2,51.0,799.0,1,134.0,0.0,0.0,0.0,0.0,0.0,68
2023-05-10 10:40:16,CF311P14200,CF311P14200,134.0,0.0,0.0,0.0,2,51.0,798.0,1,134.0,0.0,0.0,0.0,0.0,0.0,68
2023-05-10 10:40:16,CF311P14200,CF311P14200,134.0,0.0,0.0,0.0,2,51.0,795.0,1,134.0,0.0,0.0,0.0,0.0,0.0,68
2023-05-10 10:40:23,CF311P14200,CF311P14200,134.0,0.0,0.0,0.0,2,51.0,794.0,1,134.0,0.0,0.0,0.0,0.0,0.0,68
2023-05-10 10:40:23,CF311P14200,CF311P14200,134.0,0.0,0.0,0.0,2,51.0,791.0,1,134.0,0.0,0.0,0.0,0.0,0.0,68
2023-05-10 10:40:27,CF311P14200,CF311P14200,134.0,0.0,0.0,0.0,2,51.0,790.0,1,134.0,0.0,0.0,0.0,0.0,0.0,68
2023-05-10 10:40:27,CF311P14200,CF311P14200,134.0,0.0,0.0,0.0,2,51.0,787.0,1,134.0,0.0,0.0,0.0,0.0,0.0,68
2023-05-10 10:40:37,CF311P14200,CF311P14200,134.0,0.0,0.0,0.0,2,51.0,786.0,1,134.0,0.0,0.0,0.0,0.0,0.0,68
2023-05-10 10:40:37,CF311P14200,CF311P14200,134.0,0.0,0.0,0.0,2,51.0,783.0,1,134.0,0.0,0.0,0.0,0.0,0.0,68
2023-05-10 10:40:46,CF311P14200,CF311P14200,134.0,0.0,0.0,0.0,2,51.0,782.0,1,134.0,0.0,0.0,0.0,0.0,0.0,68
2023-05-10 10:40:46,CF311P14200,CF311P14200,134.0,0.0,0.0,0.0,2,51.0,779.0,1,134.0,0.0,0.0,0.0,0.0,0.0,68
2023-05-10 10:40:53,CF311P14200,CF311P14200,134.0,0.0,0.0,0.0,2,51.0,778.0,1,134.0,0.0,0.0,0.0,0.0,0.0,68
2023-05-10 10:40:53,CF311P14200,CF311P14200,134.0,0.0,0.0,0.0,2,51.0,775.0,1,134.0,0.0,0.0,0.0,0.0,0.0,68
2023-05-10 10:41:00,CF311P14200,CF311P14200,134.0,0.0,0.0,0.0,2,51.0,774.0,1,134.0,0.0,0.0,0.0,0.0,0.0,68
2023-05-10 10:41:01,CF311P14200,CF311P14200,134.0,0.0,0.0,0.0,2,51.0,771.0,1,134.0,0.0,0.0,0.0,0.0,0.0,68
2023-05-10 10:41:07,CF311P14200,CF311P14200,134.0,0.0,0.0,0.0,2,51.0,770.0,1,134.0,0.0,0.0,0.0,0.0,0.0,68
2023-05-10 10:41:08,CF311P14200,CF311P14200,134.0,0.0,0.0,0.0,2,51.0,767.0,1,134.0,0.0,0.0,0.0,0.0,0.0,68
2023-05-10 10:41:18,CF311P14200,CF311P14200,134.0,0.0,0.0,0.0,2,51.0,766.0,1,134.0,0.0,0.0,0.0,0.0,0.0,68
2023-05-10 10:41:19,CF311P14200,CF311P14200,134.0,0.0,0.0,0.0,2,51.0,763.0,1,134.0,0.0,0.0,0.0,0.0,0.0,68
2023-05-10 10:45:08,CF311P14200,CF311P14200,134.0,0.0,0.0,0.0,2,52.0,763.0,1,134.0,0.0,0.0,0.0,0.0,0.0,68
2023-05-10 11:27:08,CF311P14200,CF311P14200,134.0,0.0,0.0,0.0,3,50.0,763.0,1,134.0,0.0,0.0,0.0,0.0,0.0,68
2023-05-10 11:29:55,CF311P14200,CF311P14200,134.0,0.0,0.0,0.0,3,50.0,999.0,3,134.0,0.0,0.0,0.0,0.0,0.0,68
2023-05-10 13:31:30,CF311P14200,CF311P14200,134.0,0.0,0.0,0.0,2,51.0,999.0,3,134.0,0.0,0.0,0.0,0.0,0.0,68
2023-05-10 13:31:30,CF311P14200,CF311P14200,134.0,0.0,0.0,0.0,2,51.0,996.0,1,134.0,0.0,0.0,0.0,0.0,0.0,68
2023-05-10 13:32:12,CF311P14200,CF311P14200,134.0,0.0,0.0,0.0,2,51.0,985.0,1,134.0,0.0,0.0,0.0,0.0,0.0,68
2023-05-10 13:32:12,CF311P14200,CF311P14200,134.0,0.0,0.0,0.0,2,51.0,982.0,1,134.0,0.0,0.0,0.0,0.0,0.0,68
2023-05-10 13:32:45,CF311P14200,CF311P14200,134.0,0.0,0.0,0.0,2,51.0,971.0,1,134.0,0.0,0.0,0.0,0.0,0.0,68
2023-05-10 13:32:45,CF311P14200,CF311P14200,134.0,0.0,0.0,0.0,2,51.0,968.0,1,134.0,0.0,0.0,0.0,0.0,0.0,68
2023-05-10 13:32:45,CF311P14200,CF311P14200,134.0,0.0,0.0,0.0,2,51.0,971.0,1,134.0,0.0,0.0,0.0,0.0,0.0,68
2023-05-10 13:32:45,CF311P14200,CF311P14200,134.0,0.0,0.0,0.0,2,51.0,968.0,1,134.0,0.0,0.0,0.0,0.0,0.0,68
2023-05-10 13:33:16,CF311P14200,CF311P14200,134.0,0.0,0.0,0.0,2,51.0,957.0,1,134.0,0.0,0.0,0.0,0.0,0.0,68
2023-05-10 13:33:16,CF311P14200,CF311P14200,134.0,0.0,0.0,0.0,2,51.0,954.0,1,134.0,0.0,0.0,0.0,0.0,0.0,68
2023-05-10 13:33:51,CF311P14200,CF311P14200,134.0,0.0,0.0,0.0,2,51.0,953.0,1,134.0,0.0,0.0,0.0,0.0,0.0,68
2023-05-10 13:33:51,CF311P14200,CF311P14200,134.0,0.0,0.0,0.0,2,51.0,950.0,1,134.0,0.0,0.0,0.0,0.0,0.0,68
2023-05-10 13:34:49,CF311P14200,CF311P14200,134.0,0.0,0.0,0.0,2,51.0,949.0,1,134.0,0.0,0.0,0.0,0.0,0.0,68
2023-05-10 13:34:49,CF311P14200,CF311P14200,134.0,0.0,0.0,0.0,2,51.0,946.0,1,134.0,0.0,0.0,0.0,0.0,0.0,68
2023-05-10 13:35:12,CF311P14200,CF311P14200,134.0,0.0,0.0,0.0,2,51.0,945.0,1,134.0,0.0,0.0,0.0,0.0,0.0,68
2023-05-10 13:35:13,CF311P14200,CF311P14200,134.0,0.0,0.0,0.0,2,51.0,942.0,1,134.0,0.0,0.0,0.0,0.0,0.0,68
2023-05-10 13:35:39,CF311P14200,CF311P14200,134.0,0.0,0.0,0.0,2,51.0,941.0,1,134.0,0.0,0.0,0.0,0.0,0.0,68
2023-05-10 13:35:39,CF311P14200,CF311P14200,134.0,0.0,0.0,0.0,2,51.0,938.0,1,134.0,0.0,0.0,0.0,0.0,0.0,68
2023-05-10 13:35:57,CF311P14200,CF311P14200,134.0,0.0,0.0,0.0,2,51.0,937.0,1,134.0,0.0,0.0,0.0,0.0,0.0,68
2023-05-10 13:35:57,CF311P14200,CF311P14200,134.0,0.0,0.0,0.0,2,51.0,934.0,1,134.0,0.0,0.0,0.0,0.0,0.0,68
2023-05-10 13:36:19,CF311P14200,CF311P14200,134.0,0.0,0.0,0.0,2,51.0,933.0,1,134.0,0.0,0.0,0.0,0.0,0.0,68
2023-05-10 13:36:19,CF311P14200,CF311P14200,134.0,0.0,0.0,0.0,2,51.0,930.0,1,134.0,0.0,0.0,0.0,0.0,0.0,68
2023-05-10 13:36:27,CF311P14200,CF311P14200,134.0,0.0,0.0,0.0,2,51.0,929.0,1,134.0,0.0,0.0,0.0,0.0,0.0,68
2023-05-10 13:36:27,CF311P14200,CF311P14200,134.0,0.0,0.0,0.0,2,51.0,926.0,1,134.0,0.0,0.0,0.0,0.0,0.0,68
2023-05-10 13:36:34,CF311P14200,CF311P14200,134.0,0.0,0.0,0.0,2,51.0,925.0,1,134.0,0.0,0.0,0.0,0.0,0.0,68
2023-05-10 13:36:34,CF311P14200,CF311P14200,134.0,0.0,0.0,0.0,2,51.0,922.0,1,134.0,0.0,0.0,0.0,0.0,0.0,68
2023-05-10 13:36:39,CF311P14200,CF311P14200,134.0,0.0,0.0,0.0,2,51.0,921.0,1,134.0,0.0,0.0,0.0,0.0,0.0,68
2023-05-10 13:36:39,CF311P14200,CF311P14200,134.0,0.0,0.0,0.0,2,51.0,918.0,1,134.0,0.0,0.0,0.0,0.0,0.0,68
2023-05-10 13:36:49,CF311P14200,CF311P14200,134.0,0.0,0.0,0.0,2,51.0,917.0,1,134.0,0.0,0.0,0.0,0.0,0.0,68
2023-05-10 13:36:50,CF311P14200,CF311P14200,134.0,0.0,0.0,0.0,2,51.0,914.0,1,134.0,0.0,0.0,0.0,0.0,0.0,68
2023-05-10 13:36:55,CF311P14200,CF311P14200,134.0,0.0,0.0,0.0,2,51.0,913.0,1,134.0,0.0,0.0,0.0,0.0,0.0,68
2023-05-10 13:36:55,CF311P14200,CF311P14200,134.0,0.0,0.0,0.0,2,51.0,910.0,1,134.0,0.0,0.0,0.0,0.0,0.0,68
2023-05-10 13:37:05,CF311P14200,CF311P14200,134.0,0.0,0.0,0.0,2,51.0,909.0,1,134.0,0.0,0.0,0.0,0.0,0.0,68
2023-05-10 13:37:05,CF311P14200,CF311P14200,134.0,0.0,0.0,0.0,2,51.0,906.0,1,134.0,0.0,0.0,0.0,0.0,0.0,68
2023-05-10 13:37:18,CF311P14200,CF311P14200,134.0,0.0,0.0,0.0,2,51.0,905.0,1,134.0,0.0,0.0,0.0,0.0,0.0,68
2023-05-10 13:37:19,CF311P14200,CF311P14200,134.0,0.0,0.0,0.0,2,51.0,902.0,1,134.0,0.0,0.0,0.0,0.0,0.0,68
2023-05-10 13:37:28,CF311P14200,CF311P14200,134.0,0.0,0.0,0.0,2,51.0,901.0,1,134.0,0.0,0.0,0.0,0.0,0.0,68
2023-05-10 13:37:29,CF311P14200,CF311P14200,134.0,0.0,0.0,0.0,2,51.0,898.0,1,134.0,0.0,0.0,0.0,0.0,0.0,68
2023-05-10 13:37:34,CF311P14200,CF311P14200,134.0,0.0,0.0,0.0,2,51.0,897.0,1,134.0,0.0,0.0,0.0,0.0,0.0,68
2023-05-10 13:37:35,CF311P14200,CF311P14200,134.0,0.0,0.0,0.0,2,51.0,894.0,1,134.0,0.0,0.0,0.0,0.0,0.0,68
2023-05-10 13:37:40,CF311P14200,CF311P14200,134.0,0.0,0.0,0.0,2,51.0,893.0,1,134.0,0.0,0.0,0.0,0.0,0.0,68
2023-05-10 13:37:41,CF311P14200,CF311P14200,134.0,0.0,0.0,0.0,2,51.0,890.0,1,134.0,0.0,0.0,0.0,0.0,0.0,68
2023-05-10 13:37:49,CF311P14200,CF311P14200,134.0,0.0,0.0,0.0,2,51.0,889.0,1,134.0,0.0,0.0,0.0,0.0,0.0,68
2023-05-10 13:37:49,CF311P14200,CF311P14200,134.0,0.0,0.0,0.0,2,51.0,886.0,1,134.0,0.0,0.0,0.0,0.0,0.0,68
2023-05-10 13:37:56,CF311P14200,CF311P14200,134.0,0.0,0.0,0.0,2,51.0,885.0,1,134.0,0.0,0.0,0.0,0.0,0.0,68
2023-05-10 13:37:57,CF311P14200,CF311P14200,134.0,0.0,0.0,0.0,2,51.0,882.0,1,134.0,0.0,0.0,0.0,0.0,0.0,68
2023-05-10 13:38:03,CF311P14200,CF311P14200,134.0,0.0,0.0,0.0,2,51.0,881.0,1,134.0,0.0,0.0,0.0,0.0,0.0,68
2023-05-10 13:38:04,CF311P14200,CF311P14200,134.0,0.0,0.0,0.0,2,51.0,878.0,1,134.0,0.0,0.0,0.0,0.0,0.0,68
2023-05-10 13:38:09,CF311P14200,CF311P14200,134.0,0.0,0.0,0.0,2,51.0,877.0,1,134.0,0.0,0.0,0.0,0.0,0.0,68
2023-05-10 13:38:10,CF311P14200,CF311P14200,134.0,0.0,0.0,0.0,2,51.0,874.0,1,134.0,0.0,0.0,0.0,0.0,0.0,68
2023-05-10 13:38:15,CF311P14200,CF311P14200,134.0,0.0,0.0,0.0,2,51.0,873.0,1,134.0,0.0,0.0,0.0,0.0,0.0,68
2023-05-10 13:38:16,CF311P14200,CF311P14200,134.0,0.0,0.0,0.0,2,51.0,870.0,1,134.0,0.0,0.0,0.0,0.0,0.0,68
2023-05-10 13:38:23,CF311P14200,CF311P14200,134.0,0.0,0.0,0.0,2,51.0,869.0,1,134.0,0.0,0.0,0.0,0.0,0.0,68
2023-05-10 13:38:24,CF311P14200,CF311P14200,134.0,0.0,0.0,0.0,2,51.0,866.0,1,134.0,0.0,0.0,0.0,0.0,0.0,68
2023-05-10 13:38:32,CF311P14200,CF311P14200,134.0,0.0,0.0,0.0,2,51.0,865.0,1,134.0,0.0,0.0,0.0,0.0,0.0,68
2023-05-10 13:38:33,CF311P14200,CF311P14200,134.0,0.0,0.0,0.0,2,51.0,862.0,1,134.0,0.0,0.0,0.0,0.0,0.0,68
2023-05-10 13:38:39,CF311P14200,CF311P14200,134.0,0.0,0.0,0.0,2,51.0,861.0,1,134.0,0.0,0.0,0.0,0.0,0.0,68
2023-05-10 13:38:40,CF311P14200,CF311P14200,134.0,0.0,0.0,0.0,2,51.0,858.0,1,134.0,0.0,0.0,0.0,0.0,0.0,68
2023-05-10 13:38:47,CF311P14200,CF311P14200,134.0,0.0,0.0,0.0,2,51.0,857.0,1,134.0,0.0,0.0,0.0,0.0,0.0,68
2023-05-10 13:38:48,CF311P14200,CF311P14200,134.0,0.0,0.0,0.0,2,51.0,854.0,1,134.0,0.0,0.0,0.0,0.0,0.0,68
2023-05-10 13:38:53,CF311P14200,CF311P14200,134.0,0.0,0.0,0.0,2,51.0,853.0,1,134.0,0.0,0.0,0.0,0.0,0.0,68
2023-05-10 13:38:53,CF311P14200,CF311P14200,134.0,0.0,0.0,0.0,2,51.0,850.0,1,134.0,0.0,0.0,0.0,0.0,0.0,68
2023-05-10 13:39:03,CF311P14200,CF311P14200,134.0,0.0,0.0,0.0,2,51.0,849.0,1,134.0,0.0,0.0,0.0,0.0,0.0,68
2023-05-10 13:39:03,CF311P14200,CF311P14200,134.0,0.0,0.0,0.0,2,51.0,846.0,1,134.0,0.0,0.0,0.0,0.0,0.0,68
2023-05-10 13:39:10,CF311P14200,CF311P14200,134.0,0.0,0.0,0.0,2,51.0,845.0,1,134.0,0.0,0.0,0.0,0.0,0.0,68
2023-05-10 13:39:10,CF311P14200,CF311P14200,134.0,0.0,0.0,0.0,2,51.0,842.0,1,134.0,0.0,0.0,0.0,0.0,0.0,68
2023-05-10 13:39:15,CF311P14200,CF311P14200,134.0,0.0,0.0,0.0,2,51.0,841.0,1,134.0,0.0,0.0,0.0,0.0,0.0,68
2023-05-10 13:39:15,CF311P14200,CF311P14200,134.0,0.0,0.0,0.0,2,51.0,838.0,1,134.0,0.0,0.0,0.0,0.0,0.0,68
2023-05-10 13:39:19,CF311P14200,CF311P14200,134.0,0.0,0.0,0.0,2,51.0,837.0,1,134.0,0.0,0.0,0.0,0.0,0.0,68
2023-05-10 13:39:20,CF311P14200,CF311P14200,134.0,0.0,0.0,0.0,2,51.0,834.0,1,134.0,0.0,0.0,0.0,0.0,0.0,68
2023-05-10 13:39:31,CF311P14200,CF311P14200,134.0,0.0,0.0,0.0,2,51.0,833.0,1,134.0,0.0,0.0,0.0,0.0,0.0,68
2023-05-10 13:39:31,CF311P14200,CF311P14200,134.0,0.0,0.0,0.0,2,51.0,830.0,1,134.0,0.0,0.0,0.0,0.0,0.0,68
2023-05-10 13:39:36,CF311P14200,CF311P14200,134.0,0.0,0.0,0.0,2,51.0,829.0,1,134.0,0.0,0.0,0.0,0.0,0.0,68
2023-05-10 13:39:36,CF311P14200,CF311P14200,134.0,0.0,0.0,0.0,2,51.0,826.0,1,134.0,0.0,0.0,0.0,0.0,0.0,68
2023-05-10 13:39:43,CF311P14200,CF311P14200,134.0,0.0,0.0,0.0,2,51.0,825.0,1,134.0,0.0,0.0,0.0,0.0,0.0,68
2023-05-10 13:39:43,CF311P14200,CF311P14200,134.0,0.0,0.0,0.0,2,51.0,822.0,1,134.0,0.0,0.0,0.0,0.0,0.0,68
2023-05-10 13:39:56,CF311P14200,CF311P14200,134.0,0.0,0.0,0.0,2,51.0,821.0,1,134.0,0.0,0.0,0.0,0.0,0.0,68
2023-05-10 13:39:56,CF311P14200,CF311P14200,134.0,0.0,0.0,0.0,2,51.0,818.0,1,134.0,0.0,0.0,0.0,0.0,0.0,68
2023-05-10 13:40:01,CF311P14200,CF311P14200,134.0,0.0,0.0,0.0,2,51.0,817.0,1,134.0,0.0,0.0,0.0,0.0,0.0,68
2023-05-10 13:40:02,CF311P14200,CF311P14200,134.0,0.0,0.0,0.0,2,51.0,814.0,1,134.0,0.0,0.0,0.0,0.0,0.0,68
2023-05-10 13:40:07,CF311P14200,CF311P14200,134.0,0.0,0.0,0.0,2,51.0,813.0,1,134.0,0.0,0.0,0.0,0.0,0.0,68
2023-05-10 13:40:07,CF311P14200,CF311P14200,134.0,0.0,0.0,0.0,2,51.0,810.0,1,134.0,0.0,0.0,0.0,0.0,0.0,68
2023-05-10 13:40:14,CF311P14200,CF311P14200,134.0,0.0,0.0,0.0,2,51.0,809.0,1,134.0,0.0,0.0,0.0,0.0,0.0,68
2023-05-10 13:40:14,CF311P14200,CF311P14200,134.0,0.0,0.0,0.0,2,51.0,806.0,1,134.0,0.0,0.0,0.0,0.0,0.0,68
2023-05-10 13:40:18,CF311P14200,CF311P14200,134.0,0.0,0.0,0.0,2,51.0,805.0,1,134.0,0.0,0.0,0.0,0.0,0.0,68
2023-05-10 13:40:18,CF311P14200,CF311P14200,134.0,0.0,0.0,0.0,2,51.0,802.0,1,134.0,0.0,0.0,0.0,0.0,0.0,68
2023-05-10 13:40:26,CF311P14200,CF311P14200,134.0,0.0,0.0,0.0,2,51.0,801.0,1,134.0,0.0,0.0,0.0,0.0,0.0,68
2023-05-10 13:40:27,CF311P14200,CF311P14200,134.0,0.0,0.0,0.0,2,51.0,798.0,1,134.0,0.0,0.0,0.0,0.0,0.0,68
2023-05-10 13:40:35,CF311P14200,CF311P14200,134.0,0.0,0.0,0.0,2,51.0,797.0,1,134.0,0.0,0.0,0.0,0.0,0.0,68
2023-05-10 13:40:35,CF311P14200,CF311P14200,134.0,0.0,0.0,0.0,2,51.0,794.0,1,134.0,0.0,0.0,0.0,0.0,0.0,68
2023-05-10 13:40:38,CF311P14200,CF311P14200,134.0,0.0,0.0,0.0,2,51.0,793.0,1,134.0,0.0,0.0,0.0,0.0,0.0,68
2023-05-10 13:40:39,CF311P14200,CF311P14200,134.0,0.0,0.0,0.0,2,51.0,790.0,1,134.0,0.0,0.0,0.0,0.0,0.0,68
2023-05-10 13:40:47,CF311P14200,CF311P14200,134.0,0.0,0.0,0.0,2,51.0,789.0,1,134.0,0.0,0.0,0.0,0.0,0.0,68
2023-05-10 13:40:48,CF311P14200,CF311P14200,134.0,0.0,0.0,0.0,2,51.0,786.0,1,134.0,0.0,0.0,0.0,0.0,0.0,68
2023-05-10 13:40:55,CF311P14200,CF311P14200,134.0,0.0,0.0,0.0,2,51.0,785.0,1,134.0,0.0,0.0,0.0,0.0,0.0,68
2023-05-10 13:40:55,CF311P14200,CF311P14200,134.0,0.0,0.0,0.0,2,51.0,782.0,1,134.0,0.0,0.0,0.0,0.0,0.0,68
2023-05-10 13:40:58,CF311P14200,CF311P14200,134.0,0.0,0.0,0.0,2,51.0,781.0,1,134.0,0.0,0.0,0.0,0.0,0.0,68
2023-05-10 13:40:58,CF311P14200,CF311P14200,134.0,0.0,0.0,0.0,2,51.0,778.0,1,134.0,0.0,0.0,0.0,0.0,0.0,68
2023-05-10 13:41:05,CF311P14200,CF311P14200,134.0,0.0,0.0,0.0,2,51.0,777.0,1,134.0,0.0,0.0,0.0,0.0,0.0,68
2023-05-10 13:41:05,CF311P14200,CF311P14200,134.0,0.0,0.0,0.0,2,51.0,774.0,1,134.0,0.0,0.0,0.0,0.0,0.0,68
2023-05-10 13:41:13,CF311P14200,CF311P14200,134.0,0.0,0.0,0.0,2,51.0,773.0,1,134.0,0.0,0.0,0.0,0.0,0.0,68
2023-05-10 13:41:14,CF311P14200,CF311P14200,134.0,0.0,0.0,0.0,2,51.0,770.0,1,134.0,0.0,0.0,0.0,0.0,0.0,68
2023-05-10 14:13:22,CF311P14200,CF311P14200,134.0,0.0,0.0,0.0,6,143.0,160.0,6,134.0,0.0,0.0,0.0,0.0,0.0,68
2023-05-10 14:13:23,CF311P14200,CF311P14200,134.0,0.0,0.0,0.0,15,143.0,160.0,15,134.0,0.0,0.0,0.0,0.0,0.0,68
2023-05-10 14:13:23,CF311P14200,CF311P14200,134.0,0.0,0.0,0.0,18,143.0,160.0,18,134.0,0.0,0.0,0.0,0.0,0.0,68
2023-05-10 14:13:24,CF311P14200,CF311P14200,134.0,0.0,0.0,0.0,24,143.0,160.0,24,134.0,0.0,0.0,0.0,0.0,0.0,68
2023-05-10 14:13:28,CF311P14200,CF311P14200,134.0,0.0,0.0,0.0,27,143.0,160.0,27,134.0,0.0,0.0,0.0,0.0,0.0,68
2023-05-10 14:13:29,CF311P14200,CF311P14200,134.0,0.0,0.0,0.0,3,144.0,160.0,27,134.0,0.0,0.0,0.0,0.0,0.0,68
2023-05-10 14:13:29,CF311P14200,CF311P14200,134.0,0.0,0.0,0.0,9,144.0,156.0,6,134.0,0.0,0.0,0.0,0.0,0.0,68
2023-05-10 14:13:30,CF311P14200,CF311P14200,134.0,0.0,0.0,0.0,9,144.0,156.0,3,134.0,0.0,0.0,0.0,0.0,0.0,68
2023-05-10 14:13:30,CF311P14200,CF311P14200,134.0,0.0,0.0,0.0,12,144.0,156.0,6,134.0,0.0,0.0,0.0,0.0,0.0,68
2023-05-10 14:13:34,CF311P14200,CF311P14200,134.0,0.0,0.0,0.0,15,144.0,156.0,9,134.0,0.0,0.0,0.0,0.0,0.0,68
2023-05-10 14:13:35,CF311P14200,CF311P14200,134.0,0.0,0.0,0.0,21,144.0,156.0,15,134.0,0.0,0.0,0.0,0.0,0.0,68
2023-05-10 14:13:40,CF311P14200,CF311P14200,134.0,0.0,0.0,0.0,18,144.0,156.0,15,134.0,0.0,0.0,0.0,0.0,0.0,68
2023-05-10 14:13:40,CF311P14200,CF311P14200,134.0,0.0,0.0,0.0,15,144.0,156.0,12,134.0,0.0,0.0,0.0,0.0,0.0,68
2023-05-10 14:13:41,CF311P14200,CF311P14200,134.0,0.0,0.0,0.0,12,144.0,156.0,9,134.0,0.0,0.0,0.0,0.0,0.0,68
2023-05-10 14:13:42,CF311P14200,CF311P14200,134.0,0.0,0.0,0.0,9,144.0,156.0,9,134.0,0.0,0.0,0.0,0.0,0.0,68
2023-05-10 14:13:42,CF311P14200,CF311P14200,134.0,0.0,0.0,0.0,6,144.0,156.0,6,134.0,0.0,0.0,0.0,0.0,0.0,68
2023-05-10 14:13:44,CF311P14200,CF311P14200,134.0,0.0,0.0,0.0,3,144.0,156.0,3,134.0,0.0,0.0,0.0,0.0,0.0,68
2023-05-10 14:13:45,CF311P14200,CF311P14200,134.0,0.0,0.0,0.0,3,142.0,158.0,3,134.0,0.0,0.0,0.0,0.0,0.0,68
2023-05-10 14:13:46,CF311P14200,CF311P14200,134.0,0.0,0.0,0.0,3,50.0,999.0,3,134.0,0.0,0.0,0.0,0.0,0.0,68
2023-05-10 14:13:47,CF311P14200,CF311P14200,134.0,0.0,0.0,0.0,2,51.0,996.0,1,134.0,0.0,0.0,0.0,0.0,0.0,68
2023-05-10 14:59:55,CF311P14200,CF311P14200,134.0,0.0,0.0,0.0,2,51.0,999.0,3,134.0,0.0,0.0,0.0,0.0,0.0,68
