time,symbol_id,symbol_name,last,trade_volume,trade_amount,open_interest_change,bv1,bp1,ap1,av1,yesterday_close,today_open,today_high,today_low,volume,amount,open_interest
2023-05-09 19:10:58,CF311C14400,棉花2311购14400,1729.0,0.0,0.0,0.0,0,0.0,0.0,0,1729.0,0.0,0.0,0.0,0.0,0.0,0
2023-05-09 21:02:08,CF311C14400,棉花2311购14400,1729.0,0.0,0.0,0.0,10,773.0,2685.0,10,1729.0,0.0,0.0,0.0,0.0,0.0,0
2023-05-09 21:02:09,CF311C14400,棉花2311购14400,1729.0,0.0,0.0,0.0,1,776.0,2685.0,10,1729.0,0.0,0.0,0.0,0.0,0.0,0
2023-05-09 21:02:10,CF311C14400,棉花2311购14400,1729.0,0.0,0.0,0.0,10,777.0,2685.0,10,1729.0,0.0,0.0,0.0,0.0,0.0,0
2023-05-09 21:02:10,CF311C14400,棉花2311购14400,1729.0,0.0,0.0,0.0,1,780.0,2682.0,1,1729.0,0.0,0.0,0.0,0.0,0.0,0
2023-05-09 21:02:11,CF311C14400,棉花2311购14400,1729.0,0.0,0.0,0.0,10,781.0,2681.0,10,1729.0,0.0,0.0,0.0,0.0,0.0,0
2023-05-09 21:02:17,CF311C14400,棉花2311购14400,1729.0,0.0,0.0,0.0,1,784.0,2678.0,1,1729.0,0.0,0.0,0.0,0.0,0.0,0
2023-05-09 21:02:17,CF311C14400,棉花2311购14400,1729.0,0.0,0.0,0.0,10,785.0,2677.0,10,1729.0,0.0,0.0,0.0,0.0,0.0,0
2023-05-09 21:02:19,CF311C14400,棉花2311购14400,1729.0,0.0,0.0,0.0,1,788.0,2674.0,1,1729.0,0.0,0.0,0.0,0.0,0.0,0
2023-05-09 21:02:20,CF311C14400,棉花2311购14400,1729.0,0.0,0.0,0.0,10,789.0,2673.0,10,1729.0,0.0,0.0,0.0,0.0,0.0,0
2023-05-09 21:02:20,CF311C14400,棉花2311购14400,1729.0,0.0,0.0,0.0,1,792.0,2670.0,1,1729.0,0.0,0.0,0.0,0.0,0.0,0
2023-05-09 21:02:21,CF311C14400,棉花2311购14400,1729.0,0.0,0.0,0.0,10,793.0,2669.0,10,1729.0,0.0,0.0,0.0,0.0,0.0,0
2023-05-09 21:02:21,CF311C14400,棉花2311购14400,1729.0,0.0,0.0,0.0,1,796.0,2666.0,1,1729.0,0.0,0.0,0.0,0.0,0.0,0
2023-05-09 21:02:22,CF311C14400,棉花2311购14400,1729.0,0.0,0.0,0.0,10,797.0,2665.0,10,1729.0,0.0,0.0,0.0,0.0,0.0,0
2023-05-09 21:02:28,CF311C14400,棉花2311购14400,1729.0,0.0,0.0,0.0,1,800.0,2662.0,1,1729.0,0.0,0.0,0.0,0.0,0.0,0
2023-05-09 21:02:28,CF311C14400,棉花2311购14400,1729.0,0.0,0.0,0.0,10,801.0,2661.0,10,1729.0,0.0,0.0,0.0,0.0,0.0,0
2023-05-09 21:02:33,CF311C14400,棉花2311购14400,1729.0,0.0,0.0,0.0,1,804.0,2658.0,1,1729.0,0.0,0.0,0.0,0.0,0.0,0
2023-05-09 21:02:34,CF311C14400,棉花2311购14400,1729.0,0.0,0.0,0.0,10,805.0,2657.0,10,1729.0,0.0,0.0,0.0,0.0,0.0,0
2023-05-09 21:02:37,CF311C14400,棉花2311购14400,1729.0,0.0,0.0,0.0,1,808.0,2654.0,1,1729.0,0.0,0.0,0.0,0.0,0.0,0
2023-05-09 21:02:38,CF311C14400,棉花2311购14400,1729.0,0.0,0.0,0.0,10,809.0,2653.0,10,1729.0,0.0,0.0,0.0,0.0,0.0,0
2023-05-09 21:02:43,CF311C14400,棉花2311购14400,1729.0,0.0,0.0,0.0,1,812.0,2650.0,1,1729.0,0.0,0.0,0.0,0.0,0.0,0
2023-05-09 21:02:43,CF311C14400,棉花2311购14400,1729.0,0.0,0.0,0.0,10,813.0,2649.0,10,1729.0,0.0,0.0,0.0,0.0,0.0,0
2023-05-09 21:02:49,CF311C14400,棉花2311购14400,1729.0,0.0,0.0,0.0,1,816.0,2646.0,1,1729.0,0.0,0.0,0.0,0.0,0.0,0
2023-05-09 21:02:49,CF311C14400,棉花2311购14400,1729.0,0.0,0.0,0.0,10,817.0,2645.0,10,1729.0,0.0,0.0,0.0,0.0,0.0,0
2023-05-09 21:02:49,CF311C14400,棉花2311购14400,1729.0,0.0,0.0,0.0,1,820.0,2642.0,1,1729.0,0.0,0.0,0.0,0.0,0.0,0
2023-05-09 21:02:50,CF311C14400,棉花2311购14400,1729.0,0.0,0.0,0.0,10,821.0,2641.0,10,1729.0,0.0,0.0,0.0,0.0,0.0,0
2023-05-09 21:02:50,CF311C14400,棉花2311购14400,1729.0,0.0,0.0,0.0,1,824.0,2638.0,1,1729.0,0.0,0.0,0.0,0.0,0.0,0
2023-05-09 21:02:51,CF311C14400,棉花2311购14400,1729.0,0.0,0.0,0.0,10,825.0,2637.0,10,1729.0,0.0,0.0,0.0,0.0,0.0,0
2023-05-09 21:02:54,CF311C14400,棉花2311购14400,1729.0,0.0,0.0,0.0,1,828.0,2634.0,1,1729.0,0.0,0.0,0.0,0.0,0.0,0
2023-05-09 21:02:55,CF311C14400,棉花2311购14400,1729.0,0.0,0.0,0.0,10,829.0,2633.0,10,1729.0,0.0,0.0,0.0,0.0,0.0,0
2023-05-09 21:03:02,CF311C14400,棉花2311购14400,1729.0,0.0,0.0,0.0,1,832.0,2630.0,1,1729.0,0.0,0.0,0.0,0.0,0.0,0
2023-05-09 21:03:02,CF311C14400,棉花2311购14400,1729.0,0.0,0.0,0.0,10,833.0,2629.0,10,1729.0,0.0,0.0,0.0,0.0,0.0,0
2023-05-09 21:03:08,CF311C14400,棉花2311购14400,1729.0,0.0,0.0,0.0,1,836.0,2626.0,1,1729.0,0.0,0.0,0.0,0.0,0.0,0
2023-05-09 21:03:08,CF311C14400,棉花2311购14400,1729.0,0.0,0.0,0.0,10,837.0,2625.0,10,1729.0,0.0,0.0,0.0,0.0,0.0,0
2023-05-09 21:03:08,CF311C14400,棉花2311购14400,1729.0,0.0,0.0,0.0,1,840.0,2622.0,1,1729.0,0.0,0.0,0.0,0.0,0.0,0
2023-05-09 21:03:09,CF311C14400,棉花2311购14400,1729.0,0.0,0.0,0.0,10,841.0,2621.0,10,1729.0,0.0,0.0,0.0,0.0,0.0,0
2023-05-09 21:03:09,CF311C14400,棉花2311购14400,1729.0,0.0,0.0,0.0,1,844.0,2618.0,1,1729.0,0.0,0.0,0.0,0.0,0.0,0
2023-05-09 21:03:10,CF311C14400,棉花2311购14400,1729.0,0.0,0.0,0.0,10,845.0,2617.0,10,1729.0,0.0,0.0,0.0,0.0,0.0,0
2023-05-09 21:03:10,CF311C14400,棉花2311购14400,1729.0,0.0,0.0,0.0,1,848.0,2614.0,1,1729.0,0.0,0.0,0.0,0.0,0.0,0
2023-05-09 21:03:11,CF311C14400,棉花2311购14400,1729.0,0.0,0.0,0.0,10,849.0,2613.0,10,1729.0,0.0,0.0,0.0,0.0,0.0,0
2023-05-09 21:03:11,CF311C14400,棉花2311购14400,1729.0,0.0,0.0,0.0,1,852.0,2610.0,1,1729.0,0.0,0.0,0.0,0.0,0.0,0
2023-05-09 21:03:12,CF311C14400,棉花2311购14400,1729.0,0.0,0.0,0.0,10,853.0,2609.0,10,1729.0,0.0,0.0,0.0,0.0,0.0,0
2023-05-09 21:03:15,CF311C14400,棉花2311购14400,1729.0,0.0,0.0,0.0,1,856.0,2606.0,1,1729.0,0.0,0.0,0.0,0.0,0.0,0
2023-05-09 21:03:16,CF311C14400,棉花2311购14400,1729.0,0.0,0.0,0.0,10,857.0,2605.0,10,1729.0,0.0,0.0,0.0,0.0,0.0,0
2023-05-09 21:03:16,CF311C14400,棉花2311购14400,1729.0,0.0,0.0,0.0,1,860.0,2602.0,1,1729.0,0.0,0.0,0.0,0.0,0.0,0
2023-05-09 21:03:17,CF311C14400,棉花2311购14400,1729.0,0.0,0.0,0.0,10,861.0,2601.0,10,1729.0,0.0,0.0,0.0,0.0,0.0,0
2023-05-09 21:03:20,CF311C14400,棉花2311购14400,1729.0,0.0,0.0,0.0,1,864.0,2598.0,1,1729.0,0.0,0.0,0.0,0.0,0.0,0
2023-05-09 21:03:21,CF311C14400,棉花2311购14400,1729.0,0.0,0.0,0.0,10,865.0,2597.0,10,1729.0,0.0,0.0,0.0,0.0,0.0,0
2023-05-09 21:03:21,CF311C14400,棉花2311购14400,1729.0,0.0,0.0,0.0,1,868.0,2594.0,1,1729.0,0.0,0.0,0.0,0.0,0.0,0
2023-05-09 21:03:22,CF311C14400,棉花2311购14400,1729.0,0.0,0.0,0.0,10,869.0,2593.0,10,1729.0,0.0,0.0,0.0,0.0,0.0,0
2023-05-09 21:03:25,CF311C14400,棉花2311购14400,1729.0,0.0,0.0,0.0,1,872.0,2590.0,1,1729.0,0.0,0.0,0.0,0.0,0.0,0
2023-05-09 21:03:26,CF311C14400,棉花2311购14400,1729.0,0.0,0.0,0.0,10,873.0,2589.0,10,1729.0,0.0,0.0,0.0,0.0,0.0,0
2023-05-09 21:03:26,CF311C14400,棉花2311购14400,1729.0,0.0,0.0,0.0,1,876.0,2586.0,1,1729.0,0.0,0.0,0.0,0.0,0.0,0
2023-05-09 21:03:27,CF311C14400,棉花2311购14400,1729.0,0.0,0.0,0.0,10,877.0,2585.0,10,1729.0,0.0,0.0,0.0,0.0,0.0,0
2023-05-09 21:03:27,CF311C14400,棉花2311购14400,1729.0,0.0,0.0,0.0,1,880.0,2582.0,1,1729.0,0.0,0.0,0.0,0.0,0.0,0
2023-05-09 21:03:28,CF311C14400,棉花2311购14400,1729.0,0.0,0.0,0.0,10,881.0,2581.0,10,1729.0,0.0,0.0,0.0,0.0,0.0,0
2023-05-09 21:03:30,CF311C14400,棉花2311购14400,1729.0,0.0,0.0,0.0,1,884.0,2578.0,1,1729.0,0.0,0.0,0.0,0.0,0.0,0
2023-05-09 21:03:31,CF311C14400,棉花2311购14400,1729.0,0.0,0.0,0.0,10,885.0,2577.0,10,1729.0,0.0,0.0,0.0,0.0,0.0,0
2023-05-09 21:03:31,CF311C14400,棉花2311购14400,1729.0,0.0,0.0,0.0,1,888.0,2574.0,1,1729.0,0.0,0.0,0.0,0.0,0.0,0
2023-05-09 21:03:32,CF311C14400,棉花2311购14400,1729.0,0.0,0.0,0.0,10,889.0,2573.0,10,1729.0,0.0,0.0,0.0,0.0,0.0,0
2023-05-09 21:03:36,CF311C14400,棉花2311购14400,1729.0,0.0,0.0,0.0,1,892.0,2570.0,1,1729.0,0.0,0.0,0.0,0.0,0.0,0
2023-05-09 21:03:37,CF311C14400,棉花2311购14400,1729.0,0.0,0.0,0.0,10,893.0,2569.0,10,1729.0,0.0,0.0,0.0,0.0,0.0,0
2023-05-09 21:03:37,CF311C14400,棉花2311购14400,1729.0,0.0,0.0,0.0,1,896.0,2566.0,1,1729.0,0.0,0.0,0.0,0.0,0.0,0
2023-05-09 21:03:38,CF311C14400,棉花2311购14400,1729.0,0.0,0.0,0.0,10,897.0,2565.0,10,1729.0,0.0,0.0,0.0,0.0,0.0,0
2023-05-09 21:03:39,CF311C14400,棉花2311购14400,1729.0,0.0,0.0,0.0,1,900.0,2562.0,1,1729.0,0.0,0.0,0.0,0.0,0.0,0
2023-05-09 21:03:40,CF311C14400,棉花2311购14400,1729.0,0.0,0.0,0.0,10,901.0,2561.0,10,1729.0,0.0,0.0,0.0,0.0,0.0,0
2023-05-09 21:03:40,CF311C14400,棉花2311购14400,1729.0,0.0,0.0,0.0,1,904.0,2558.0,1,1729.0,0.0,0.0,0.0,0.0,0.0,0
2023-05-09 21:03:41,CF311C14400,棉花2311购14400,1729.0,0.0,0.0,0.0,10,905.0,2557.0,10,1729.0,0.0,0.0,0.0,0.0,0.0,0
2023-05-09 21:03:41,CF311C14400,棉花2311购14400,1729.0,0.0,0.0,0.0,1,908.0,2557.0,10,1729.0,0.0,0.0,0.0,0.0,0.0,0
2023-05-09 21:03:42,CF311C14400,棉花2311购14400,1729.0,0.0,0.0,0.0,10,909.0,2554.0,1,1729.0,0.0,0.0,0.0,0.0,0.0,0
2023-05-09 21:03:42,CF311C14400,棉花2311购14400,1729.0,0.0,0.0,0.0,10,909.0,2553.0,10,1729.0,0.0,0.0,0.0,0.0,0.0,0
2023-05-09 21:03:44,CF311C14400,棉花2311购14400,1729.0,0.0,0.0,0.0,1,912.0,2550.0,1,1729.0,0.0,0.0,0.0,0.0,0.0,0
2023-05-09 21:03:44,CF311C14400,棉花2311购14400,1729.0,0.0,0.0,0.0,10,913.0,2549.0,10,1729.0,0.0,0.0,0.0,0.0,0.0,0
2023-05-09 21:03:45,CF311C14400,棉花2311购14400,1729.0,0.0,0.0,0.0,1,916.0,2546.0,1,1729.0,0.0,0.0,0.0,0.0,0.0,0
2023-05-09 21:03:45,CF311C14400,棉花2311购14400,1729.0,0.0,0.0,0.0,10,917.0,2545.0,10,1729.0,0.0,0.0,0.0,0.0,0.0,0
2023-05-09 21:03:46,CF311C14400,棉花2311购14400,1729.0,0.0,0.0,0.0,1,920.0,2542.0,1,1729.0,0.0,0.0,0.0,0.0,0.0,0
2023-05-09 21:03:46,CF311C14400,棉花2311购14400,1729.0,0.0,0.0,0.0,10,921.0,2541.0,10,1729.0,0.0,0.0,0.0,0.0,0.0,0
2023-05-09 21:03:49,CF311C14400,棉花2311购14400,1729.0,0.0,0.0,0.0,1,924.0,2538.0,1,1729.0,0.0,0.0,0.0,0.0,0.0,0
2023-05-09 21:03:49,CF311C14400,棉花2311购14400,1729.0,0.0,0.0,0.0,10,925.0,2537.0,10,1729.0,0.0,0.0,0.0,0.0,0.0,0
2023-05-09 21:03:50,CF311C14400,棉花2311购14400,1729.0,0.0,0.0,0.0,1,928.0,2534.0,1,1729.0,0.0,0.0,0.0,0.0,0.0,0
2023-05-09 21:03:50,CF311C14400,棉花2311购14400,1729.0,0.0,0.0,0.0,10,929.0,2533.0,10,1729.0,0.0,0.0,0.0,0.0,0.0,0
2023-05-09 21:03:51,CF311C14400,棉花2311购14400,1729.0,0.0,0.0,0.0,1,932.0,2530.0,1,1729.0,0.0,0.0,0.0,0.0,0.0,0
2023-05-09 21:03:51,CF311C14400,棉花2311购14400,1729.0,0.0,0.0,0.0,10,933.0,2529.0,10,1729.0,0.0,0.0,0.0,0.0,0.0,0
2023-05-09 21:03:53,CF311C14400,棉花2311购14400,1729.0,0.0,0.0,0.0,1,936.0,2526.0,1,1729.0,0.0,0.0,0.0,0.0,0.0,0
2023-05-09 21:03:53,CF311C14400,棉花2311购14400,1729.0,0.0,0.0,0.0,10,937.0,2525.0,10,1729.0,0.0,0.0,0.0,0.0,0.0,0
2023-05-09 21:03:54,CF311C14400,棉花2311购14400,1729.0,0.0,0.0,0.0,1,940.0,2522.0,1,1729.0,0.0,0.0,0.0,0.0,0.0,0
2023-05-09 21:03:54,CF311C14400,棉花2311购14400,1729.0,0.0,0.0,0.0,10,941.0,2521.0,10,1729.0,0.0,0.0,0.0,0.0,0.0,0
2023-05-09 21:03:57,CF311C14400,棉花2311购14400,1729.0,0.0,0.0,0.0,1,944.0,2518.0,1,1729.0,0.0,0.0,0.0,0.0,0.0,0
2023-05-09 21:03:57,CF311C14400,棉花2311购14400,1729.0,0.0,0.0,0.0,10,945.0,2517.0,10,1729.0,0.0,0.0,0.0,0.0,0.0,0
2023-05-09 21:03:58,CF311C14400,棉花2311购14400,1729.0,0.0,0.0,0.0,1,948.0,2514.0,1,1729.0,0.0,0.0,0.0,0.0,0.0,0
2023-05-09 21:03:58,CF311C14400,棉花2311购14400,1729.0,0.0,0.0,0.0,10,949.0,2513.0,10,1729.0,0.0,0.0,0.0,0.0,0.0,0
2023-05-09 21:04:01,CF311C14400,棉花2311购14400,1729.0,0.0,0.0,0.0,1,952.0,2510.0,1,1729.0,0.0,0.0,0.0,0.0,0.0,0
2023-05-09 21:04:01,CF311C14400,棉花2311购14400,1729.0,0.0,0.0,0.0,10,953.0,2509.0,10,1729.0,0.0,0.0,0.0,0.0,0.0,0
2023-05-09 21:04:02,CF311C14400,棉花2311购14400,1729.0,0.0,0.0,0.0,1,956.0,2506.0,1,1729.0,0.0,0.0,0.0,0.0,0.0,0
2023-05-09 21:04:02,CF311C14400,棉花2311购14400,1729.0,0.0,0.0,0.0,10,957.0,2505.0,10,1729.0,0.0,0.0,0.0,0.0,0.0,0
2023-05-09 21:04:03,CF311C14400,棉花2311购14400,1729.0,0.0,0.0,0.0,1,960.0,2502.0,1,1729.0,0.0,0.0,0.0,0.0,0.0,0
2023-05-09 21:04:03,CF311C14400,棉花2311购14400,1729.0,0.0,0.0,0.0,10,961.0,2501.0,10,1729.0,0.0,0.0,0.0,0.0,0.0,0
2023-05-09 21:04:05,CF311C14400,棉花2311购14400,1729.0,0.0,0.0,0.0,1,964.0,2498.0,1,1729.0,0.0,0.0,0.0,0.0,0.0,0
2023-05-09 21:04:05,CF311C14400,棉花2311购14400,1729.0,0.0,0.0,0.0,10,965.0,2497.0,10,1729.0,0.0,0.0,0.0,0.0,0.0,0
2023-05-09 21:04:06,CF311C14400,棉花2311购14400,1729.0,0.0,0.0,0.0,1,968.0,2494.0,1,1729.0,0.0,0.0,0.0,0.0,0.0,0
2023-05-09 21:04:06,CF311C14400,棉花2311购14400,1729.0,0.0,0.0,0.0,10,969.0,2493.0,10,1729.0,0.0,0.0,0.0,0.0,0.0,0
2023-05-09 21:04:09,CF311C14400,棉花2311购14400,1729.0,0.0,0.0,0.0,1,972.0,2490.0,1,1729.0,0.0,0.0,0.0,0.0,0.0,0
2023-05-09 21:04:09,CF311C14400,棉花2311购14400,1729.0,0.0,0.0,0.0,10,973.0,2489.0,10,1729.0,0.0,0.0,0.0,0.0,0.0,0
2023-05-09 21:04:11,CF311C14400,棉花2311购14400,1729.0,0.0,0.0,0.0,1,976.0,2486.0,1,1729.0,0.0,0.0,0.0,0.0,0.0,0
2023-05-09 21:04:11,CF311C14400,棉花2311购14400,1729.0,0.0,0.0,0.0,10,977.0,2485.0,10,1729.0,0.0,0.0,0.0,0.0,0.0,0
2023-05-09 21:04:12,CF311C14400,棉花2311购14400,1729.0,0.0,0.0,0.0,1,980.0,2482.0,1,1729.0,0.0,0.0,0.0,0.0,0.0,0
2023-05-09 21:04:12,CF311C14400,棉花2311购14400,1729.0,0.0,0.0,0.0,10,981.0,2481.0,10,1729.0,0.0,0.0,0.0,0.0,0.0,0
2023-05-09 21:04:14,CF311C14400,棉花2311购14400,1729.0,0.0,0.0,0.0,1,984.0,2478.0,1,1729.0,0.0,0.0,0.0,0.0,0.0,0
2023-05-09 21:04:14,CF311C14400,棉花2311购14400,1729.0,0.0,0.0,0.0,10,985.0,2477.0,10,1729.0,0.0,0.0,0.0,0.0,0.0,0
2023-05-09 21:04:15,CF311C14400,棉花2311购14400,1729.0,0.0,0.0,0.0,1,988.0,2474.0,1,1729.0,0.0,0.0,0.0,0.0,0.0,0
2023-05-09 21:04:15,CF311C14400,棉花2311购14400,1729.0,0.0,0.0,0.0,10,989.0,2473.0,10,1729.0,0.0,0.0,0.0,0.0,0.0,0
2023-05-09 21:04:18,CF311C14400,棉花2311购14400,1729.0,0.0,0.0,0.0,1,992.0,2470.0,1,1729.0,0.0,0.0,0.0,0.0,0.0,0
2023-05-09 21:04:18,CF311C14400,棉花2311购14400,1729.0,0.0,0.0,0.0,10,993.0,2469.0,10,1729.0,0.0,0.0,0.0,0.0,0.0,0
2023-05-09 21:04:19,CF311C14400,棉花2311购14400,1729.0,0.0,0.0,0.0,1,996.0,2466.0,1,1729.0,0.0,0.0,0.0,0.0,0.0,0
2023-05-09 21:04:19,CF311C14400,棉花2311购14400,1729.0,0.0,0.0,0.0,10,997.0,2465.0,10,1729.0,0.0,0.0,0.0,0.0,0.0,0
2023-05-09 21:04:20,CF311C14400,棉花2311购14400,1729.0,0.0,0.0,0.0,1,1000.0,2462.0,1,1729.0,0.0,0.0,0.0,0.0,0.0,0
2023-05-09 21:04:20,CF311C14400,棉花2311购14400,1729.0,0.0,0.0,0.0,10,1001.0,2461.0,10,1729.0,0.0,0.0,0.0,0.0,0.0,0
2023-05-09 21:04:21,CF311C14400,棉花2311购14400,1729.0,0.0,0.0,0.0,1,1004.0,2458.0,1,1729.0,0.0,0.0,0.0,0.0,0.0,0
2023-05-09 21:04:21,CF311C14400,棉花2311购14400,1729.0,0.0,0.0,0.0,10,1005.0,2457.0,10,1729.0,0.0,0.0,0.0,0.0,0.0,0
2023-05-09 21:04:25,CF311C14400,棉花2311购14400,1729.0,0.0,0.0,0.0,1,1008.0,2454.0,1,1729.0,0.0,0.0,0.0,0.0,0.0,0
2023-05-09 21:04:25,CF311C14400,棉花2311购14400,1729.0,0.0,0.0,0.0,10,1009.0,2453.0,10,1729.0,0.0,0.0,0.0,0.0,0.0,0
2023-05-09 21:04:27,CF311C14400,棉花2311购14400,1729.0,0.0,0.0,0.0,1,1012.0,2450.0,1,1729.0,0.0,0.0,0.0,0.0,0.0,0
2023-05-09 21:04:27,CF311C14400,棉花2311购14400,1729.0,0.0,0.0,0.0,10,1013.0,2449.0,10,1729.0,0.0,0.0,0.0,0.0,0.0,0
2023-05-09 21:04:28,CF311C14400,棉花2311购14400,1729.0,0.0,0.0,0.0,1,1016.0,2446.0,1,1729.0,0.0,0.0,0.0,0.0,0.0,0
2023-05-09 21:04:28,CF311C14400,棉花2311购14400,1729.0,0.0,0.0,0.0,10,1017.0,2445.0,10,1729.0,0.0,0.0,0.0,0.0,0.0,0
2023-05-09 21:04:30,CF311C14400,棉花2311购14400,1729.0,0.0,0.0,0.0,1,1020.0,2442.0,1,1729.0,0.0,0.0,0.0,0.0,0.0,0
2023-05-09 21:04:30,CF311C14400,棉花2311购14400,1729.0,0.0,0.0,0.0,10,1021.0,2441.0,10,1729.0,0.0,0.0,0.0,0.0,0.0,0
2023-05-09 21:04:31,CF311C14400,棉花2311购14400,1729.0,0.0,0.0,0.0,1,1024.0,2438.0,1,1729.0,0.0,0.0,0.0,0.0,0.0,0
2023-05-09 21:04:31,CF311C14400,棉花2311购14400,1729.0,0.0,0.0,0.0,10,1025.0,2437.0,10,1729.0,0.0,0.0,0.0,0.0,0.0,0
2023-05-09 21:04:32,CF311C14400,棉花2311购14400,1729.0,0.0,0.0,0.0,1,1028.0,2434.0,1,1729.0,0.0,0.0,0.0,0.0,0.0,0
2023-05-09 21:04:32,CF311C14400,棉花2311购14400,1729.0,0.0,0.0,0.0,10,1029.0,2433.0,10,1729.0,0.0,0.0,0.0,0.0,0.0,0
2023-05-09 21:04:33,CF311C14400,棉花2311购14400,1729.0,0.0,0.0,0.0,1,1032.0,2430.0,1,1729.0,0.0,0.0,0.0,0.0,0.0,0
2023-05-09 21:04:33,CF311C14400,棉花2311购14400,1729.0,0.0,0.0,0.0,10,1033.0,2429.0,10,1729.0,0.0,0.0,0.0,0.0,0.0,0
2023-05-09 21:04:35,CF311C14400,棉花2311购14400,1729.0,0.0,0.0,0.0,1,1036.0,2426.0,1,1729.0,0.0,0.0,0.0,0.0,0.0,0
2023-05-09 21:04:35,CF311C14400,棉花2311购14400,1729.0,0.0,0.0,0.0,10,1037.0,2425.0,10,1729.0,0.0,0.0,0.0,0.0,0.0,0
2023-05-09 21:04:36,CF311C14400,棉花2311购14400,1729.0,0.0,0.0,0.0,1,1040.0,2422.0,1,1729.0,0.0,0.0,0.0,0.0,0.0,0
2023-05-09 21:04:36,CF311C14400,棉花2311购14400,1729.0,0.0,0.0,0.0,10,1041.0,2421.0,10,1729.0,0.0,0.0,0.0,0.0,0.0,0
2023-05-09 21:04:37,CF311C14400,棉花2311购14400,1729.0,0.0,0.0,0.0,1,1044.0,2418.0,1,1729.0,0.0,0.0,0.0,0.0,0.0,0
2023-05-09 21:04:37,CF311C14400,棉花2311购14400,1729.0,0.0,0.0,0.0,10,1045.0,2417.0,10,1729.0,0.0,0.0,0.0,0.0,0.0,0
2023-05-09 21:04:38,CF311C14400,棉花2311购14400,1729.0,0.0,0.0,0.0,1,1048.0,2417.0,10,1729.0,0.0,0.0,0.0,0.0,0.0,0
2023-05-09 21:04:38,CF311C14400,棉花2311购14400,1729.0,0.0,0.0,0.0,10,1049.0,2414.0,1,1729.0,0.0,0.0,0.0,0.0,0.0,0
2023-05-09 21:04:39,CF311C14400,棉花2311购14400,1729.0,0.0,0.0,0.0,10,1049.0,2413.0,10,1729.0,0.0,0.0,0.0,0.0,0.0,0
2023-05-09 21:04:39,CF311C14400,棉花2311购14400,1729.0,0.0,0.0,0.0,1,1052.0,2410.0,1,1729.0,0.0,0.0,0.0,0.0,0.0,0
2023-05-09 21:04:40,CF311C14400,棉花2311购14400,1729.0,0.0,0.0,0.0,10,1053.0,2409.0,10,1729.0,0.0,0.0,0.0,0.0,0.0,0
2023-05-09 21:04:40,CF311C14400,棉花2311购14400,1729.0,0.0,0.0,0.0,1,1056.0,2406.0,1,1729.0,0.0,0.0,0.0,0.0,0.0,0
2023-05-09 21:04:41,CF311C14400,棉花2311购14400,1729.0,0.0,0.0,0.0,10,1057.0,2405.0,10,1729.0,0.0,0.0,0.0,0.0,0.0,0
2023-05-09 21:04:42,CF311C14400,棉花2311购14400,1729.0,0.0,0.0,0.0,1,1060.0,2402.0,1,1729.0,0.0,0.0,0.0,0.0,0.0,0
2023-05-09 21:04:43,CF311C14400,棉花2311购14400,1729.0,0.0,0.0,0.0,10,1061.0,2401.0,10,1729.0,0.0,0.0,0.0,0.0,0.0,0
2023-05-09 21:04:43,CF311C14400,棉花2311购14400,1729.0,0.0,0.0,0.0,1,1064.0,2398.0,1,1729.0,0.0,0.0,0.0,0.0,0.0,0
2023-05-09 21:04:44,CF311C14400,棉花2311购14400,1729.0,0.0,0.0,0.0,10,1065.0,2397.0,10,1729.0,0.0,0.0,0.0,0.0,0.0,0
2023-05-09 21:04:44,CF311C14400,棉花2311购14400,1729.0,0.0,0.0,0.0,1,1068.0,2394.0,1,1729.0,0.0,0.0,0.0,0.0,0.0,0
2023-05-09 21:04:45,CF311C14400,棉花2311购14400,1729.0,0.0,0.0,0.0,10,1069.0,2393.0,10,1729.0,0.0,0.0,0.0,0.0,0.0,0
2023-05-09 21:04:45,CF311C14400,棉花2311购14400,1729.0,0.0,0.0,0.0,1,1072.0,2390.0,1,1729.0,0.0,0.0,0.0,0.0,0.0,0
2023-05-09 21:04:46,CF311C14400,棉花2311购14400,1729.0,0.0,0.0,0.0,10,1073.0,2389.0,10,1729.0,0.0,0.0,0.0,0.0,0.0,0
2023-05-09 21:04:49,CF311C14400,棉花2311购14400,1729.0,0.0,0.0,0.0,1,1076.0,2386.0,1,1729.0,0.0,0.0,0.0,0.0,0.0,0
2023-05-09 21:04:50,CF311C14400,棉花2311购14400,1729.0,0.0,0.0,0.0,10,1077.0,2385.0,10,1729.0,0.0,0.0,0.0,0.0,0.0,0
2023-05-09 21:04:51,CF311C14400,棉花2311购14400,1729.0,0.0,0.0,0.0,1,1080.0,2382.0,1,1729.0,0.0,0.0,0.0,0.0,0.0,0
2023-05-09 21:04:52,CF311C14400,棉花2311购14400,1729.0,0.0,0.0,0.0,10,1081.0,2381.0,10,1729.0,0.0,0.0,0.0,0.0,0.0,0
2023-05-09 21:04:52,CF311C14400,棉花2311购14400,1729.0,0.0,0.0,0.0,1,1084.0,2378.0,1,1729.0,0.0,0.0,0.0,0.0,0.0,0
2023-05-09 21:04:53,CF311C14400,棉花2311购14400,1729.0,0.0,0.0,0.0,10,1085.0,2377.0,10,1729.0,0.0,0.0,0.0,0.0,0.0,0
2023-05-09 21:04:54,CF311C14400,棉花2311购14400,1729.0,0.0,0.0,0.0,1,1088.0,2374.0,1,1729.0,0.0,0.0,0.0,0.0,0.0,0
2023-05-09 21:04:55,CF311C14400,棉花2311购14400,1729.0,0.0,0.0,0.0,10,1089.0,2373.0,10,1729.0,0.0,0.0,0.0,0.0,0.0,0
2023-05-09 21:04:55,CF311C14400,棉花2311购14400,1729.0,0.0,0.0,0.0,1,1092.0,2370.0,1,1729.0,0.0,0.0,0.0,0.0,0.0,0
2023-05-09 21:04:56,CF311C14400,棉花2311购14400,1729.0,0.0,0.0,0.0,10,1093.0,2369.0,10,1729.0,0.0,0.0,0.0,0.0,0.0,0
2023-05-09 21:04:57,CF311C14400,棉花2311购14400,1729.0,0.0,0.0,0.0,1,1096.0,2366.0,1,1729.0,0.0,0.0,0.0,0.0,0.0,0
2023-05-09 21:04:58,CF311C14400,棉花2311购14400,1729.0,0.0,0.0,0.0,10,1097.0,2365.0,10,1729.0,0.0,0.0,0.0,0.0,0.0,0
2023-05-09 21:04:58,CF311C14400,棉花2311购14400,1729.0,0.0,0.0,0.0,1,1100.0,2362.0,1,1729.0,0.0,0.0,0.0,0.0,0.0,0
2023-05-09 21:04:59,CF311C14400,棉花2311购14400,1729.0,0.0,0.0,0.0,10,1101.0,2361.0,10,1729.0,0.0,0.0,0.0,0.0,0.0,0
2023-05-09 21:04:59,CF311C14400,棉花2311购14400,1729.0,0.0,0.0,0.0,1,1104.0,2358.0,1,1729.0,0.0,0.0,0.0,0.0,0.0,0
2023-05-09 21:05:00,CF311C14400,棉花2311购14400,1729.0,0.0,0.0,0.0,10,1105.0,2357.0,10,1729.0,0.0,0.0,0.0,0.0,0.0,0
2023-05-09 21:05:00,CF311C14400,棉花2311购14400,1729.0,0.0,0.0,0.0,1,1108.0,2354.0,1,1729.0,0.0,0.0,0.0,0.0,0.0,0
2023-05-09 21:05:01,CF311C14400,棉花2311购14400,1729.0,0.0,0.0,0.0,10,1109.0,2353.0,10,1729.0,0.0,0.0,0.0,0.0,0.0,0
2023-05-09 21:05:01,CF311C14400,棉花2311购14400,1729.0,0.0,0.0,0.0,1,1112.0,2350.0,1,1729.0,0.0,0.0,0.0,0.0,0.0,0
2023-05-09 21:05:02,CF311C14400,棉花2311购14400,1729.0,0.0,0.0,0.0,10,1113.0,2349.0,10,1729.0,0.0,0.0,0.0,0.0,0.0,0
2023-05-09 21:05:02,CF311C14400,棉花2311购14400,1729.0,0.0,0.0,0.0,1,1116.0,2349.0,10,1729.0,0.0,0.0,0.0,0.0,0.0,0
2023-05-09 21:05:03,CF311C14400,棉花2311购14400,1729.0,0.0,0.0,0.0,10,1117.0,2349.0,10,1729.0,0.0,0.0,0.0,0.0,0.0,0
2023-05-09 21:15:57,CF311C14400,棉花2311购14400,1729.0,0.0,0.0,0.0,1,1120.0,2346.0,1,1729.0,0.0,0.0,0.0,0.0,0.0,0
2023-05-09 21:15:58,CF311C14400,棉花2311购14400,1729.0,0.0,0.0,0.0,10,1121.0,2345.0,10,1729.0,0.0,0.0,0.0,0.0,0.0,0
2023-05-09 21:15:58,CF311C14400,棉花2311购14400,1729.0,0.0,0.0,0.0,1,1124.0,2342.0,1,1729.0,0.0,0.0,0.0,0.0,0.0,0
2023-05-09 21:15:59,CF311C14400,棉花2311购14400,1729.0,0.0,0.0,0.0,10,1125.0,2341.0,10,1729.0,0.0,0.0,0.0,0.0,0.0,0
2023-05-09 21:15:59,CF311C14400,棉花2311购14400,1729.0,0.0,0.0,0.0,1,1128.0,2338.0,1,1729.0,0.0,0.0,0.0,0.0,0.0,0
2023-05-09 21:16:00,CF311C14400,棉花2311购14400,1729.0,0.0,0.0,0.0,10,1129.0,2337.0,10,1729.0,0.0,0.0,0.0,0.0,0.0,0
2023-05-09 21:16:00,CF311C14400,棉花2311购14400,1729.0,0.0,0.0,0.0,1,1132.0,2334.0,1,1729.0,0.0,0.0,0.0,0.0,0.0,0
2023-05-09 21:16:01,CF311C14400,棉花2311购14400,1729.0,0.0,0.0,0.0,10,1133.0,2333.0,10,1729.0,0.0,0.0,0.0,0.0,0.0,0
2023-05-09 21:16:01,CF311C14400,棉花2311购14400,1729.0,0.0,0.0,0.0,1,1136.0,2330.0,1,1729.0,0.0,0.0,0.0,0.0,0.0,0
2023-05-09 21:16:02,CF311C14400,棉花2311购14400,1729.0,0.0,0.0,0.0,10,1137.0,2329.0,10,1729.0,0.0,0.0,0.0,0.0,0.0,0
2023-05-09 21:16:02,CF311C14400,棉花2311购14400,1729.0,0.0,0.0,0.0,1,1140.0,2326.0,1,1729.0,0.0,0.0,0.0,0.0,0.0,0
2023-05-09 21:16:03,CF311C14400,棉花2311购14400,1729.0,0.0,0.0,0.0,10,1141.0,2325.0,10,1729.0,0.0,0.0,0.0,0.0,0.0,0
2023-05-09 21:35:58,CF311C14400,棉花2311购14400,1729.0,0.0,0.0,0.0,1,1144.0,2322.0,1,1729.0,0.0,0.0,0.0,0.0,0.0,0
2023-05-09 21:35:58,CF311C14400,棉花2311购14400,1729.0,0.0,0.0,0.0,10,1145.0,2321.0,10,1729.0,0.0,0.0,0.0,0.0,0.0,0
2023-05-09 21:35:59,CF311C14400,棉花2311购14400,1729.0,0.0,0.0,0.0,1,1148.0,2318.0,1,1729.0,0.0,0.0,0.0,0.0,0.0,0
2023-05-09 21:35:59,CF311C14400,棉花2311购14400,1729.0,0.0,0.0,0.0,10,1149.0,2317.0,10,1729.0,0.0,0.0,0.0,0.0,0.0,0
2023-05-09 21:36:00,CF311C14400,棉花2311购14400,1729.0,0.0,0.0,0.0,1,1152.0,2314.0,1,1729.0,0.0,0.0,0.0,0.0,0.0,0
2023-05-09 21:36:00,CF311C14400,棉花2311购14400,1729.0,0.0,0.0,0.0,10,1153.0,2313.0,10,1729.0,0.0,0.0,0.0,0.0,0.0,0
2023-05-09 21:36:01,CF311C14400,棉花2311购14400,1729.0,0.0,0.0,0.0,1,1156.0,2310.0,1,1729.0,0.0,0.0,0.0,0.0,0.0,0
2023-05-09 21:36:01,CF311C14400,棉花2311购14400,1729.0,0.0,0.0,0.0,10,1157.0,2309.0,10,1729.0,0.0,0.0,0.0,0.0,0.0,0
2023-05-09 21:36:02,CF311C14400,棉花2311购14400,1729.0,0.0,0.0,0.0,1,1160.0,2306.0,1,1729.0,0.0,0.0,0.0,0.0,0.0,0
2023-05-09 21:36:02,CF311C14400,棉花2311购14400,1729.0,0.0,0.0,0.0,10,1161.0,2305.0,10,1729.0,0.0,0.0,0.0,0.0,0.0,0
2023-05-09 21:55:58,CF311C14400,棉花2311购14400,1729.0,0.0,0.0,0.0,1,1164.0,2302.0,1,1729.0,0.0,0.0,0.0,0.0,0.0,0
2023-05-09 21:55:58,CF311C14400,棉花2311购14400,1729.0,0.0,0.0,0.0,10,1165.0,2301.0,10,1729.0,0.0,0.0,0.0,0.0,0.0,0
2023-05-09 21:55:59,CF311C14400,棉花2311购14400,1729.0,0.0,0.0,0.0,1,1168.0,2298.0,1,1729.0,0.0,0.0,0.0,0.0,0.0,0
2023-05-09 21:55:59,CF311C14400,棉花2311购14400,1729.0,0.0,0.0,0.0,10,1169.0,2297.0,10,1729.0,0.0,0.0,0.0,0.0,0.0,0
2023-05-09 21:56:00,CF311C14400,棉花2311购14400,1729.0,0.0,0.0,0.0,1,1172.0,2294.0,1,1729.0,0.0,0.0,0.0,0.0,0.0,0
2023-05-09 21:56:00,CF311C14400,棉花2311购14400,1729.0,0.0,0.0,0.0,10,1173.0,2293.0,10,1729.0,0.0,0.0,0.0,0.0,0.0,0
2023-05-09 21:56:01,CF311C14400,棉花2311购14400,1729.0,0.0,0.0,0.0,1,1176.0,2290.0,1,1729.0,0.0,0.0,0.0,0.0,0.0,0
2023-05-09 21:56:01,CF311C14400,棉花2311购14400,1729.0,0.0,0.0,0.0,10,1177.0,2289.0,10,1729.0,0.0,0.0,0.0,0.0,0.0,0
2023-05-09 21:56:02,CF311C14400,棉花2311购14400,1729.0,0.0,0.0,0.0,1,1180.0,2286.0,1,1729.0,0.0,0.0,0.0,0.0,0.0,0
2023-05-09 21:56:02,CF311C14400,棉花2311购14400,1729.0,0.0,0.0,0.0,10,1181.0,2285.0,10,1729.0,0.0,0.0,0.0,0.0,0.0,0
2023-05-09 22:15:58,CF311C14400,棉花2311购14400,1729.0,0.0,0.0,0.0,1,1184.0,2282.0,1,1729.0,0.0,0.0,0.0,0.0,0.0,0
2023-05-09 22:15:58,CF311C14400,棉花2311购14400,1729.0,0.0,0.0,0.0,10,1185.0,2281.0,10,1729.0,0.0,0.0,0.0,0.0,0.0,0
2023-05-09 22:15:58,CF311C14400,棉花2311购14400,1729.0,0.0,0.0,0.0,1,1188.0,2278.0,1,1729.0,0.0,0.0,0.0,0.0,0.0,0
2023-05-09 22:15:59,CF311C14400,棉花2311购14400,1729.0,0.0,0.0,0.0,10,1189.0,2277.0,10,1729.0,0.0,0.0,0.0,0.0,0.0,0
2023-05-09 22:16:00,CF311C14400,棉花2311购14400,1729.0,0.0,0.0,0.0,1,1192.0,2274.0,1,1729.0,0.0,0.0,0.0,0.0,0.0,0
2023-05-09 22:16:00,CF311C14400,棉花2311购14400,1729.0,0.0,0.0,0.0,10,1193.0,2273.0,10,1729.0,0.0,0.0,0.0,0.0,0.0,0
2023-05-09 22:16:01,CF311C14400,棉花2311购14400,1729.0,0.0,0.0,0.0,1,1196.0,2270.0,1,1729.0,0.0,0.0,0.0,0.0,0.0,0
2023-05-09 22:16:01,CF311C14400,棉花2311购14400,1729.0,0.0,0.0,0.0,10,1197.0,2269.0,10,1729.0,0.0,0.0,0.0,0.0,0.0,0
2023-05-09 22:16:01,CF311C14400,棉花2311购14400,1729.0,0.0,0.0,0.0,1,1200.0,2266.0,1,1729.0,0.0,0.0,0.0,0.0,0.0,0
2023-05-09 22:16:02,CF311C14400,棉花2311购14400,1729.0,0.0,0.0,0.0,10,1201.0,2265.0,10,1729.0,0.0,0.0,0.0,0.0,0.0,0
2023-05-09 22:57:35,CF311C14400,棉花2311购14400,1729.0,0.0,0.0,0.0,0,0.0,2316.0,1,1729.0,0.0,0.0,0.0,0.0,0.0,0
2023-05-10 09:01:39,CF311C14400,棉花2311购14400,1729.0,0.0,0.0,0.0,0,0.0,2315.0,10,1729.0,0.0,0.0,0.0,0.0,0.0,0
2023-05-10 09:01:39,CF311C14400,棉花2311购14400,1729.0,0.0,0.0,0.0,0,0.0,2312.0,1,1729.0,0.0,0.0,0.0,0.0,0.0,0
2023-05-10 09:01:40,CF311C14400,棉花2311购14400,1729.0,0.0,0.0,0.0,0,0.0,2311.0,10,1729.0,0.0,0.0,0.0,0.0,0.0,0
2023-05-10 09:01:40,CF311C14400,棉花2311购14400,1729.0,0.0,0.0,0.0,10,773.0,2311.0,10,1729.0,0.0,0.0,0.0,0.0,0.0,0
2023-05-10 09:01:41,CF311C14400,棉花2311购14400,1729.0,0.0,0.0,0.0,1,776.0,2308.0,1,1729.0,0.0,0.0,0.0,0.0,0.0,0
2023-05-10 09:01:42,CF311C14400,棉花2311购14400,1729.0,0.0,0.0,0.0,10,777.0,2307.0,10,1729.0,0.0,0.0,0.0,0.0,0.0,0
2023-05-10 09:01:42,CF311C14400,棉花2311购14400,1729.0,0.0,0.0,0.0,1,780.0,2304.0,1,1729.0,0.0,0.0,0.0,0.0,0.0,0
2023-05-10 09:01:43,CF311C14400,棉花2311购14400,1729.0,0.0,0.0,0.0,10,781.0,2303.0,10,1729.0,0.0,0.0,0.0,0.0,0.0,0
2023-05-10 09:01:46,CF311C14400,棉花2311购14400,1729.0,0.0,0.0,0.0,1,784.0,2300.0,1,1729.0,0.0,0.0,0.0,0.0,0.0,0
2023-05-10 09:01:46,CF311C14400,棉花2311购14400,1729.0,0.0,0.0,0.0,10,785.0,2299.0,10,1729.0,0.0,0.0,0.0,0.0,0.0,0
2023-05-10 09:01:50,CF311C14400,棉花2311购14400,1729.0,0.0,0.0,0.0,1,788.0,2296.0,1,1729.0,0.0,0.0,0.0,0.0,0.0,0
2023-05-10 09:01:51,CF311C14400,棉花2311购14400,1729.0,0.0,0.0,0.0,10,789.0,2295.0,10,1729.0,0.0,0.0,0.0,0.0,0.0,0
2023-05-10 09:01:52,CF311C14400,棉花2311购14400,1729.0,0.0,0.0,0.0,1,792.0,2292.0,1,1729.0,0.0,0.0,0.0,0.0,0.0,0
2023-05-10 09:01:53,CF311C14400,棉花2311购14400,1729.0,0.0,0.0,0.0,10,793.0,2291.0,10,1729.0,0.0,0.0,0.0,0.0,0.0,0
2023-05-10 09:01:53,CF311C14400,棉花2311购14400,1729.0,0.0,0.0,0.0,1,796.0,2288.0,1,1729.0,0.0,0.0,0.0,0.0,0.0,0
2023-05-10 09:01:54,CF311C14400,棉花2311购14400,1729.0,0.0,0.0,0.0,10,797.0,2287.0,10,1729.0,0.0,0.0,0.0,0.0,0.0,0
2023-05-10 09:01:54,CF311C14400,棉花2311购14400,1729.0,0.0,0.0,0.0,1,800.0,2284.0,1,1729.0,0.0,0.0,0.0,0.0,0.0,0
2023-05-10 09:01:55,CF311C14400,棉花2311购14400,1729.0,0.0,0.0,0.0,10,801.0,2283.0,10,1729.0,0.0,0.0,0.0,0.0,0.0,0
2023-05-10 09:01:59,CF311C14400,棉花2311购14400,1729.0,0.0,0.0,0.0,1,804.0,2280.0,1,1729.0,0.0,0.0,0.0,0.0,0.0,0
2023-05-10 09:02:00,CF311C14400,棉花2311购14400,1729.0,0.0,0.0,0.0,10,805.0,2279.0,10,1729.0,0.0,0.0,0.0,0.0,0.0,0
2023-05-10 09:02:01,CF311C14400,棉花2311购14400,1729.0,0.0,0.0,0.0,1,808.0,2276.0,1,1729.0,0.0,0.0,0.0,0.0,0.0,0
2023-05-10 09:02:02,CF311C14400,棉花2311购14400,1729.0,0.0,0.0,0.0,10,809.0,2275.0,10,1729.0,0.0,0.0,0.0,0.0,0.0,0
2023-05-10 09:02:02,CF311C14400,棉花2311购14400,1729.0,0.0,0.0,0.0,1,812.0,2275.0,10,1729.0,0.0,0.0,0.0,0.0,0.0,0
2023-05-10 09:02:03,CF311C14400,棉花2311购14400,1729.0,0.0,0.0,0.0,10,813.0,2275.0,10,1729.0,0.0,0.0,0.0,0.0,0.0,0
2023-05-10 09:02:04,CF311C14400,棉花2311购14400,1729.0,0.0,0.0,0.0,1,816.0,2272.0,1,1729.0,0.0,0.0,0.0,0.0,0.0,0
2023-05-10 09:02:05,CF311C14400,棉花2311购14400,1729.0,0.0,0.0,0.0,10,817.0,2271.0,10,1729.0,0.0,0.0,0.0,0.0,0.0,0
2023-05-10 09:02:07,CF311C14400,棉花2311购14400,1729.0,0.0,0.0,0.0,1,820.0,2271.0,10,1729.0,0.0,0.0,0.0,0.0,0.0,0
2023-05-10 09:02:08,CF311C14400,棉花2311购14400,1729.0,0.0,0.0,0.0,10,821.0,2271.0,10,1729.0,0.0,0.0,0.0,0.0,0.0,0
2023-05-10 09:02:08,CF311C14400,棉花2311购14400,1729.0,0.0,0.0,0.0,10,821.0,2268.0,1,1729.0,0.0,0.0,0.0,0.0,0.0,0
2023-05-10 09:02:09,CF311C14400,棉花2311购14400,1729.0,0.0,0.0,0.0,10,821.0,2267.0,10,1729.0,0.0,0.0,0.0,0.0,0.0,0
2023-05-10 09:02:09,CF311C14400,棉花2311购14400,1729.0,0.0,0.0,0.0,1,824.0,2264.0,1,1729.0,0.0,0.0,0.0,0.0,0.0,0
2023-05-10 09:02:10,CF311C14400,棉花2311购14400,1729.0,0.0,0.0,0.0,10,825.0,2263.0,10,1729.0,0.0,0.0,0.0,0.0,0.0,0
2023-05-10 09:02:10,CF311C14400,棉花2311购14400,1729.0,0.0,0.0,0.0,1,828.0,2260.0,1,1729.0,0.0,0.0,0.0,0.0,0.0,0
2023-05-10 09:02:11,CF311C14400,棉花2311购14400,1729.0,0.0,0.0,0.0,10,829.0,2259.0,10,1729.0,0.0,0.0,0.0,0.0,0.0,0
2023-05-10 09:02:11,CF311C14400,棉花2311购14400,1729.0,0.0,0.0,0.0,1,832.0,2256.0,1,1729.0,0.0,0.0,0.0,0.0,0.0,0
2023-05-10 09:02:12,CF311C14400,棉花2311购14400,1729.0,0.0,0.0,0.0,10,833.0,2255.0,10,1729.0,0.0,0.0,0.0,0.0,0.0,0
2023-05-10 09:02:12,CF311C14400,棉花2311购14400,1729.0,0.0,0.0,0.0,1,836.0,2252.0,1,1729.0,0.0,0.0,0.0,0.0,0.0,0
2023-05-10 09:02:13,CF311C14400,棉花2311购14400,1729.0,0.0,0.0,0.0,10,837.0,2251.0,10,1729.0,0.0,0.0,0.0,0.0,0.0,0
2023-05-10 09:02:13,CF311C14400,棉花2311购14400,1729.0,0.0,0.0,0.0,1,840.0,2248.0,1,1729.0,0.0,0.0,0.0,0.0,0.0,0
2023-05-10 09:02:14,CF311C14400,棉花2311购14400,1729.0,0.0,0.0,0.0,10,841.0,2247.0,10,1729.0,0.0,0.0,0.0,0.0,0.0,0
2023-05-10 09:02:14,CF311C14400,棉花2311购14400,1729.0,0.0,0.0,0.0,1,844.0,2244.0,1,1729.0,0.0,0.0,0.0,0.0,0.0,0
2023-05-10 09:02:15,CF311C14400,棉花2311购14400,1729.0,0.0,0.0,0.0,10,845.0,2243.0,10,1729.0,0.0,0.0,0.0,0.0,0.0,0
2023-05-10 09:02:20,CF311C14400,棉花2311购14400,1729.0,0.0,0.0,0.0,1,848.0,2240.0,1,1729.0,0.0,0.0,0.0,0.0,0.0,0
2023-05-10 09:02:21,CF311C14400,棉花2311购14400,1729.0,0.0,0.0,0.0,10,849.0,2239.0,10,1729.0,0.0,0.0,0.0,0.0,0.0,0
2023-05-10 09:02:21,CF311C14400,棉花2311购14400,1729.0,0.0,0.0,0.0,1,852.0,2239.0,10,1729.0,0.0,0.0,0.0,0.0,0.0,0
2023-05-10 09:02:22,CF311C14400,棉花2311购14400,1729.0,0.0,0.0,0.0,10,853.0,2239.0,10,1729.0,0.0,0.0,0.0,0.0,0.0,0
2023-05-10 09:02:22,CF311C14400,棉花2311购14400,1729.0,0.0,0.0,0.0,10,853.0,2236.0,1,1729.0,0.0,0.0,0.0,0.0,0.0,0
2023-05-10 09:02:23,CF311C14400,棉花2311购14400,1729.0,0.0,0.0,0.0,10,853.0,2235.0,10,1729.0,0.0,0.0,0.0,0.0,0.0,0
2023-05-10 09:02:25,CF311C14400,棉花2311购14400,1729.0,0.0,0.0,0.0,1,856.0,2235.0,10,1729.0,0.0,0.0,0.0,0.0,0.0,0
2023-05-10 09:02:26,CF311C14400,棉花2311购14400,1729.0,0.0,0.0,0.0,10,857.0,2235.0,10,1729.0,0.0,0.0,0.0,0.0,0.0,0
2023-05-10 09:02:26,CF311C14400,棉花2311购14400,1729.0,0.0,0.0,0.0,1,860.0,2232.0,1,1729.0,0.0,0.0,0.0,0.0,0.0,0
2023-05-10 09:02:27,CF311C14400,棉花2311购14400,1729.0,0.0,0.0,0.0,10,861.0,2231.0,10,1729.0,0.0,0.0,0.0,0.0,0.0,0
2023-05-10 09:02:27,CF311C14400,棉花2311购14400,1729.0,0.0,0.0,0.0,1,864.0,2228.0,1,1729.0,0.0,0.0,0.0,0.0,0.0,0
2023-05-10 09:02:28,CF311C14400,棉花2311购14400,1729.0,0.0,0.0,0.0,10,865.0,2227.0,10,1729.0,0.0,0.0,0.0,0.0,0.0,0
2023-05-10 09:02:28,CF311C14400,棉花2311购14400,1729.0,0.0,0.0,0.0,1,868.0,2227.0,10,1729.0,0.0,0.0,0.0,0.0,0.0,0
2023-05-10 09:02:29,CF311C14400,棉花2311购14400,1729.0,0.0,0.0,0.0,10,869.0,2224.0,1,1729.0,0.0,0.0,0.0,0.0,0.0,0
2023-05-10 09:02:29,CF311C14400,棉花2311购14400,1729.0,0.0,0.0,0.0,1,872.0,2223.0,10,1729.0,0.0,0.0,0.0,0.0,0.0,0
2023-05-10 09:02:30,CF311C14400,棉花2311购14400,1729.0,0.0,0.0,0.0,10,873.0,2220.0,1,1729.0,0.0,0.0,0.0,0.0,0.0,0
2023-05-10 09:02:30,CF311C14400,棉花2311购14400,1729.0,0.0,0.0,0.0,10,873.0,2219.0,10,1729.0,0.0,0.0,0.0,0.0,0.0,0
2023-05-10 09:02:33,CF311C14400,棉花2311购14400,1729.0,0.0,0.0,0.0,1,876.0,2216.0,1,1729.0,0.0,0.0,0.0,0.0,0.0,0
2023-05-10 09:02:33,CF311C14400,棉花2311购14400,1729.0,0.0,0.0,0.0,10,877.0,2215.0,10,1729.0,0.0,0.0,0.0,0.0,0.0,0
2023-05-10 09:02:34,CF311C14400,棉花2311购14400,1729.0,0.0,0.0,0.0,1,880.0,2212.0,1,1729.0,0.0,0.0,0.0,0.0,0.0,0
2023-05-10 09:02:34,CF311C14400,棉花2311购14400,1729.0,0.0,0.0,0.0,10,881.0,2211.0,10,1729.0,0.0,0.0,0.0,0.0,0.0,0
2023-05-10 09:02:37,CF311C14400,棉花2311购14400,1729.0,0.0,0.0,0.0,1,884.0,2211.0,10,1729.0,0.0,0.0,0.0,0.0,0.0,0
2023-05-10 09:02:37,CF311C14400,棉花2311购14400,1729.0,0.0,0.0,0.0,10,885.0,2208.0,1,1729.0,0.0,0.0,0.0,0.0,0.0,0
2023-05-10 09:02:38,CF311C14400,棉花2311购14400,1729.0,0.0,0.0,0.0,10,885.0,2207.0,10,1729.0,0.0,0.0,0.0,0.0,0.0,0
2023-05-10 09:02:43,CF311C14400,棉花2311购14400,1729.0,0.0,0.0,0.0,1,888.0,2204.0,1,1729.0,0.0,0.0,0.0,0.0,0.0,0
2023-05-10 09:02:44,CF311C14400,棉花2311购14400,1729.0,0.0,0.0,0.0,10,889.0,2203.0,10,1729.0,0.0,0.0,0.0,0.0,0.0,0
2023-05-10 09:02:47,CF311C14400,棉花2311购14400,1729.0,0.0,0.0,0.0,1,892.0,2203.0,10,1729.0,0.0,0.0,0.0,0.0,0.0,0
2023-05-10 09:02:48,CF311C14400,棉花2311购14400,1729.0,0.0,0.0,0.0,10,893.0,2203.0,10,1729.0,0.0,0.0,0.0,0.0,0.0,0
2023-05-10 09:02:49,CF311C14400,棉花2311购14400,1729.0,0.0,0.0,0.0,1,896.0,2200.0,1,1729.0,0.0,0.0,0.0,0.0,0.0,0
2023-05-10 09:02:50,CF311C14400,棉花2311购14400,1729.0,0.0,0.0,0.0,10,897.0,2199.0,10,1729.0,0.0,0.0,0.0,0.0,0.0,0
2023-05-10 09:02:50,CF311C14400,棉花2311购14400,1729.0,0.0,0.0,0.0,1,900.0,2196.0,1,1729.0,0.0,0.0,0.0,0.0,0.0,0
2023-05-10 09:02:51,CF311C14400,棉花2311购14400,1729.0,0.0,0.0,0.0,10,901.0,2195.0,10,1729.0,0.0,0.0,0.0,0.0,0.0,0
2023-05-10 09:02:51,CF311C14400,棉花2311购14400,1729.0,0.0,0.0,0.0,1,904.0,2192.0,1,1729.0,0.0,0.0,0.0,0.0,0.0,0
2023-05-10 09:02:52,CF311C14400,棉花2311购14400,1729.0,0.0,0.0,0.0,10,905.0,2191.0,10,1729.0,0.0,0.0,0.0,0.0,0.0,0
2023-05-10 09:02:53,CF311C14400,棉花2311购14400,1729.0,0.0,0.0,0.0,1,908.0,2188.0,1,1729.0,0.0,0.0,0.0,0.0,0.0,0
2023-05-10 09:02:54,CF311C14400,棉花2311购14400,1729.0,0.0,0.0,0.0,10,909.0,2187.0,10,1729.0,0.0,0.0,0.0,0.0,0.0,0
2023-05-10 09:02:54,CF311C14400,棉花2311购14400,1729.0,0.0,0.0,0.0,10,909.0,2184.0,1,1729.0,0.0,0.0,0.0,0.0,0.0,0
2023-05-10 09:02:55,CF311C14400,棉花2311购14400,1729.0,0.0,0.0,0.0,1,912.0,2183.0,10,1729.0,0.0,0.0,0.0,0.0,0.0,0
2023-05-10 09:02:55,CF311C14400,棉花2311购14400,1729.0,0.0,0.0,0.0,10,913.0,2183.0,10,1729.0,0.0,0.0,0.0,0.0,0.0,0
2023-05-10 09:02:56,CF311C14400,棉花2311购14400,1729.0,0.0,0.0,0.0,1,916.0,2180.0,1,1729.0,0.0,0.0,0.0,0.0,0.0,0
2023-05-10 09:02:56,CF311C14400,棉花2311购14400,1729.0,0.0,0.0,0.0,10,917.0,2179.0,10,1729.0,0.0,0.0,0.0,0.0,0.0,0
2023-05-10 09:02:57,CF311C14400,棉花2311购14400,1729.0,0.0,0.0,0.0,1,920.0,2176.0,1,1729.0,0.0,0.0,0.0,0.0,0.0,0
2023-05-10 09:02:57,CF311C14400,棉花2311购14400,1729.0,0.0,0.0,0.0,10,921.0,2175.0,10,1729.0,0.0,0.0,0.0,0.0,0.0,0
2023-05-10 09:02:58,CF311C14400,棉花2311购14400,1729.0,0.0,0.0,0.0,1,924.0,2172.0,1,1729.0,0.0,0.0,0.0,0.0,0.0,0
2023-05-10 09:02:58,CF311C14400,棉花2311购14400,1729.0,0.0,0.0,0.0,10,925.0,2171.0,10,1729.0,0.0,0.0,0.0,0.0,0.0,0
2023-05-10 09:03:00,CF311C14400,棉花2311购14400,1729.0,0.0,0.0,0.0,1,928.0,2168.0,1,1729.0,0.0,0.0,0.0,0.0,0.0,0
2023-05-10 09:03:00,CF311C14400,棉花2311购14400,1729.0,0.0,0.0,0.0,10,929.0,2167.0,10,1729.0,0.0,0.0,0.0,0.0,0.0,0
2023-05-10 09:03:01,CF311C14400,棉花2311购14400,1729.0,0.0,0.0,0.0,1,932.0,2164.0,1,1729.0,0.0,0.0,0.0,0.0,0.0,0
2023-05-10 09:03:01,CF311C14400,棉花2311购14400,1729.0,0.0,0.0,0.0,10,933.0,2163.0,10,1729.0,0.0,0.0,0.0,0.0,0.0,0
2023-05-10 09:03:08,CF311C14400,棉花2311购14400,1729.0,0.0,0.0,0.0,1,936.0,2160.0,1,1729.0,0.0,0.0,0.0,0.0,0.0,0
2023-05-10 09:03:08,CF311C14400,棉花2311购14400,1729.0,0.0,0.0,0.0,10,937.0,2159.0,10,1729.0,0.0,0.0,0.0,0.0,0.0,0
2023-05-10 09:03:09,CF311C14400,棉花2311购14400,1729.0,0.0,0.0,0.0,10,937.0,2156.0,1,1729.0,0.0,0.0,0.0,0.0,0.0,0
2023-05-10 09:03:09,CF311C14400,棉花2311购14400,1729.0,0.0,0.0,0.0,1,940.0,2155.0,10,1729.0,0.0,0.0,0.0,0.0,0.0,0
2023-05-10 09:03:10,CF311C14400,棉花2311购14400,1729.0,0.0,0.0,0.0,10,941.0,2152.0,1,1729.0,0.0,0.0,0.0,0.0,0.0,0
2023-05-10 09:03:10,CF311C14400,棉花2311购14400,1729.0,0.0,0.0,0.0,1,944.0,2151.0,10,1729.0,0.0,0.0,0.0,0.0,0.0,0
2023-05-10 09:03:11,CF311C14400,棉花2311购14400,1729.0,0.0,0.0,0.0,10,945.0,2148.0,1,1729.0,0.0,0.0,0.0,0.0,0.0,0
2023-05-10 09:03:11,CF311C14400,棉花2311购14400,1729.0,0.0,0.0,0.0,10,945.0,2147.0,10,1729.0,0.0,0.0,0.0,0.0,0.0,0
2023-05-10 09:03:15,CF311C14400,棉花2311购14400,1729.0,0.0,0.0,0.0,1,948.0,2144.0,1,1729.0,0.0,0.0,0.0,0.0,0.0,0
2023-05-10 09:03:15,CF311C14400,棉花2311购14400,1729.0,0.0,0.0,0.0,10,949.0,2143.0,10,1729.0,0.0,0.0,0.0,0.0,0.0,0
2023-05-10 09:03:16,CF311C14400,棉花2311购14400,1729.0,0.0,0.0,0.0,1,952.0,2140.0,1,1729.0,0.0,0.0,0.0,0.0,0.0,0
2023-05-10 09:03:16,CF311C14400,棉花2311购14400,1729.0,0.0,0.0,0.0,10,953.0,2139.0,10,1729.0,0.0,0.0,0.0,0.0,0.0,0
2023-05-10 09:03:17,CF311C14400,棉花2311购14400,1729.0,0.0,0.0,0.0,1,956.0,2136.0,1,1729.0,0.0,0.0,0.0,0.0,0.0,0
2023-05-10 09:03:18,CF311C14400,棉花2311购14400,1729.0,0.0,0.0,0.0,10,957.0,2135.0,10,1729.0,0.0,0.0,0.0,0.0,0.0,0
2023-05-10 09:03:20,CF311C14400,棉花2311购14400,1729.0,0.0,0.0,0.0,1,960.0,2132.0,1,1729.0,0.0,0.0,0.0,0.0,0.0,0
2023-05-10 09:03:21,CF311C14400,棉花2311购14400,1729.0,0.0,0.0,0.0,10,961.0,2131.0,10,1729.0,0.0,0.0,0.0,0.0,0.0,0
2023-05-10 09:03:21,CF311C14400,棉花2311购14400,1729.0,0.0,0.0,0.0,1,964.0,2128.0,1,1729.0,0.0,0.0,0.0,0.0,0.0,0
2023-05-10 09:03:22,CF311C14400,棉花2311购14400,1729.0,0.0,0.0,0.0,10,965.0,2127.0,10,1729.0,0.0,0.0,0.0,0.0,0.0,0
2023-05-10 09:03:24,CF311C14400,棉花2311购14400,1729.0,0.0,0.0,0.0,1,968.0,2124.0,1,1729.0,0.0,0.0,0.0,0.0,0.0,0
2023-05-10 09:03:25,CF311C14400,棉花2311购14400,1729.0,0.0,0.0,0.0,10,969.0,2123.0,10,1729.0,0.0,0.0,0.0,0.0,0.0,0
2023-05-10 09:03:25,CF311C14400,棉花2311购14400,1729.0,0.0,0.0,0.0,1,972.0,2120.0,1,1729.0,0.0,0.0,0.0,0.0,0.0,0
2023-05-10 09:03:26,CF311C14400,棉花2311购14400,1729.0,0.0,0.0,0.0,10,973.0,2119.0,10,1729.0,0.0,0.0,0.0,0.0,0.0,0
2023-05-10 09:03:26,CF311C14400,棉花2311购14400,1729.0,0.0,0.0,0.0,1,976.0,2116.0,1,1729.0,0.0,0.0,0.0,0.0,0.0,0
2023-05-10 09:03:27,CF311C14400,棉花2311购14400,1729.0,0.0,0.0,0.0,10,977.0,2115.0,10,1729.0,0.0,0.0,0.0,0.0,0.0,0
2023-05-10 09:03:33,CF311C14400,棉花2311购14400,1729.0,0.0,0.0,0.0,1,980.0,2112.0,1,1729.0,0.0,0.0,0.0,0.0,0.0,0
2023-05-10 09:03:34,CF311C14400,棉花2311购14400,1729.0,0.0,0.0,0.0,10,981.0,2111.0,10,1729.0,0.0,0.0,0.0,0.0,0.0,0
2023-05-10 09:03:35,CF311C14400,棉花2311购14400,1729.0,0.0,0.0,0.0,1,984.0,2108.0,1,1729.0,0.0,0.0,0.0,0.0,0.0,0
2023-05-10 09:03:36,CF311C14400,棉花2311购14400,1729.0,0.0,0.0,0.0,10,985.0,2107.0,10,1729.0,0.0,0.0,0.0,0.0,0.0,0
2023-05-10 09:03:36,CF311C14400,棉花2311购14400,1729.0,0.0,0.0,0.0,1,988.0,2104.0,1,1729.0,0.0,0.0,0.0,0.0,0.0,0
2023-05-10 09:03:37,CF311C14400,棉花2311购14400,1729.0,0.0,0.0,0.0,10,989.0,2103.0,10,1729.0,0.0,0.0,0.0,0.0,0.0,0
2023-05-10 09:03:37,CF311C14400,棉花2311购14400,1729.0,0.0,0.0,0.0,1,992.0,2100.0,1,1729.0,0.0,0.0,0.0,0.0,0.0,0
2023-05-10 09:03:38,CF311C14400,棉花2311购14400,1729.0,0.0,0.0,0.0,10,993.0,2099.0,10,1729.0,0.0,0.0,0.0,0.0,0.0,0
2023-05-10 09:03:38,CF311C14400,棉花2311购14400,1729.0,0.0,0.0,0.0,1,996.0,2096.0,1,1729.0,0.0,0.0,0.0,0.0,0.0,0
2023-05-10 09:03:39,CF311C14400,棉花2311购14400,1729.0,0.0,0.0,0.0,10,997.0,2095.0,10,1729.0,0.0,0.0,0.0,0.0,0.0,0
2023-05-10 09:03:39,CF311C14400,棉花2311购14400,1729.0,0.0,0.0,0.0,1,1000.0,2092.0,1,1729.0,0.0,0.0,0.0,0.0,0.0,0
2023-05-10 09:03:40,CF311C14400,棉花2311购14400,1729.0,0.0,0.0,0.0,10,1001.0,2091.0,10,1729.0,0.0,0.0,0.0,0.0,0.0,0
2023-05-10 09:03:44,CF311C14400,棉花2311购14400,1729.0,0.0,0.0,0.0,1,1004.0,2088.0,1,1729.0,0.0,0.0,0.0,0.0,0.0,0
2023-05-10 09:03:45,CF311C14400,棉花2311购14400,1729.0,0.0,0.0,0.0,10,1005.0,2087.0,10,1729.0,0.0,0.0,0.0,0.0,0.0,0
2023-05-10 09:03:46,CF311C14400,棉花2311购14400,1729.0,0.0,0.0,0.0,10,1005.0,2084.0,1,1729.0,0.0,0.0,0.0,0.0,0.0,0
2023-05-10 09:03:47,CF311C14400,棉花2311购14400,1729.0,0.0,0.0,0.0,10,1005.0,2083.0,10,1729.0,0.0,0.0,0.0,0.0,0.0,0
2023-05-10 09:03:51,CF311C14400,棉花2311购14400,1729.0,0.0,0.0,0.0,1,1008.0,2080.0,1,1729.0,0.0,0.0,0.0,0.0,0.0,0
2023-05-10 09:03:52,CF311C14400,棉花2311购14400,1729.0,0.0,0.0,0.0,10,1009.0,2079.0,10,1729.0,0.0,0.0,0.0,0.0,0.0,0
2023-05-10 09:03:53,CF311C14400,棉花2311购14400,1729.0,0.0,0.0,0.0,1,1012.0,2076.0,1,1729.0,0.0,0.0,0.0,0.0,0.0,0
2023-05-10 09:03:54,CF311C14400,棉花2311购14400,1729.0,0.0,0.0,0.0,10,1013.0,2075.0,10,1729.0,0.0,0.0,0.0,0.0,0.0,0
2023-05-10 09:03:54,CF311C14400,棉花2311购14400,1729.0,0.0,0.0,0.0,1,1016.0,2075.0,10,1729.0,0.0,0.0,0.0,0.0,0.0,0
2023-05-10 09:03:55,CF311C14400,棉花2311购14400,1729.0,0.0,0.0,0.0,10,1017.0,2075.0,10,1729.0,0.0,0.0,0.0,0.0,0.0,0
2023-05-10 09:03:59,CF311C14400,棉花2311购14400,1729.0,0.0,0.0,0.0,1,1020.0,2072.0,1,1729.0,0.0,0.0,0.0,0.0,0.0,0
2023-05-10 09:04:00,CF311C14400,棉花2311购14400,1729.0,0.0,0.0,0.0,10,1021.0,2071.0,10,1729.0,0.0,0.0,0.0,0.0,0.0,0
2023-05-10 09:04:00,CF311C14400,棉花2311购14400,1729.0,0.0,0.0,0.0,10,1021.0,2068.0,1,1729.0,0.0,0.0,0.0,0.0,0.0,0
2023-05-10 09:04:01,CF311C14400,棉花2311购14400,1729.0,0.0,0.0,0.0,10,1021.0,2067.0,10,1729.0,0.0,0.0,0.0,0.0,0.0,0
2023-05-10 09:04:01,CF311C14400,棉花2311购14400,1729.0,0.0,0.0,0.0,1,1024.0,2064.0,1,1729.0,0.0,0.0,0.0,0.0,0.0,0
2023-05-10 09:04:02,CF311C14400,棉花2311购14400,1729.0,0.0,0.0,0.0,10,1025.0,2063.0,10,1729.0,0.0,0.0,0.0,0.0,0.0,0
2023-05-10 09:04:02,CF311C14400,棉花2311购14400,1729.0,0.0,0.0,0.0,1,1028.0,2060.0,1,1729.0,0.0,0.0,0.0,0.0,0.0,0
2023-05-10 09:04:03,CF311C14400,棉花2311购14400,1729.0,0.0,0.0,0.0,10,1029.0,2059.0,10,1729.0,0.0,0.0,0.0,0.0,0.0,0
2023-05-10 09:04:03,CF311C14400,棉花2311购14400,1729.0,0.0,0.0,0.0,1,1032.0,2056.0,1,1729.0,0.0,0.0,0.0,0.0,0.0,0
2023-05-10 09:04:04,CF311C14400,棉花2311购14400,1729.0,0.0,0.0,0.0,10,1033.0,2055.0,10,1729.0,0.0,0.0,0.0,0.0,0.0,0
2023-05-10 09:04:04,CF311C14400,棉花2311购14400,1729.0,0.0,0.0,0.0,1,1036.0,2052.0,1,1729.0,0.0,0.0,0.0,0.0,0.0,0
2023-05-10 09:04:05,CF311C14400,棉花2311购14400,1729.0,0.0,0.0,0.0,10,1037.0,2051.0,10,1729.0,0.0,0.0,0.0,0.0,0.0,0
2023-05-10 09:04:07,CF311C14400,棉花2311购14400,1729.0,0.0,0.0,0.0,1,1040.0,2051.0,10,1729.0,0.0,0.0,0.0,0.0,0.0,0
2023-05-10 09:04:08,CF311C14400,棉花2311购14400,1729.0,0.0,0.0,0.0,10,1041.0,2051.0,10,1729.0,0.0,0.0,0.0,0.0,0.0,0
2023-05-10 09:04:09,CF311C14400,棉花2311购14400,1729.0,0.0,0.0,0.0,1,1044.0,2048.0,1,1729.0,0.0,0.0,0.0,0.0,0.0,0
2023-05-10 09:04:10,CF311C14400,棉花2311购14400,1729.0,0.0,0.0,0.0,10,1045.0,2047.0,10,1729.0,0.0,0.0,0.0,0.0,0.0,0
2023-05-10 09:04:10,CF311C14400,棉花2311购14400,1729.0,0.0,0.0,0.0,1,1048.0,2044.0,1,1729.0,0.0,0.0,0.0,0.0,0.0,0
2023-05-10 09:04:11,CF311C14400,棉花2311购14400,1729.0,0.0,0.0,0.0,10,1049.0,2043.0,10,1729.0,0.0,0.0,0.0,0.0,0.0,0
2023-05-10 09:04:14,CF311C14400,棉花2311购14400,1729.0,0.0,0.0,0.0,1,1052.0,2040.0,1,1729.0,0.0,0.0,0.0,0.0,0.0,0
2023-05-10 09:04:15,CF311C14400,棉花2311购14400,1729.0,0.0,0.0,0.0,10,1053.0,2039.0,10,1729.0,0.0,0.0,0.0,0.0,0.0,0
2023-05-10 09:04:15,CF311C14400,棉花2311购14400,1729.0,0.0,0.0,0.0,1,1056.0,2036.0,1,1729.0,0.0,0.0,0.0,0.0,0.0,0
2023-05-10 09:04:16,CF311C14400,棉花2311购14400,1729.0,0.0,0.0,0.0,10,1057.0,2035.0,10,1729.0,0.0,0.0,0.0,0.0,0.0,0
2023-05-10 09:04:17,CF311C14400,棉花2311购14400,1729.0,0.0,0.0,0.0,1,1060.0,2032.0,1,1729.0,0.0,0.0,0.0,0.0,0.0,0
2023-05-10 09:04:18,CF311C14400,棉花2311购14400,1729.0,0.0,0.0,0.0,10,1061.0,2031.0,10,1729.0,0.0,0.0,0.0,0.0,0.0,0
2023-05-10 09:04:19,CF311C14400,棉花2311购14400,1729.0,0.0,0.0,0.0,1,1064.0,2031.0,10,1729.0,0.0,0.0,0.0,0.0,0.0,0
2023-05-10 09:04:20,CF311C14400,棉花2311购14400,1729.0,0.0,0.0,0.0,10,1065.0,2031.0,10,1729.0,0.0,0.0,0.0,0.0,0.0,0
2023-05-10 09:04:20,CF311C14400,棉花2311购14400,1729.0,0.0,0.0,0.0,1,1068.0,2031.0,10,1729.0,0.0,0.0,0.0,0.0,0.0,0
2023-05-10 09:04:21,CF311C14400,棉花2311购14400,1729.0,0.0,0.0,0.0,10,1069.0,2031.0,10,1729.0,0.0,0.0,0.0,0.0,0.0,0
2023-05-10 09:04:21,CF311C14400,棉花2311购14400,1729.0,0.0,0.0,0.0,1,1072.0,2028.0,1,1729.0,0.0,0.0,0.0,0.0,0.0,0
2023-05-10 09:04:22,CF311C14400,棉花2311购14400,1729.0,0.0,0.0,0.0,10,1073.0,2027.0,10,1729.0,0.0,0.0,0.0,0.0,0.0,0
2023-05-10 09:04:23,CF311C14400,棉花2311购14400,1729.0,0.0,0.0,0.0,1,1076.0,2024.0,1,1729.0,0.0,0.0,0.0,0.0,0.0,0
2023-05-10 09:04:24,CF311C14400,棉花2311购14400,1729.0,0.0,0.0,0.0,10,1077.0,2023.0,10,1729.0,0.0,0.0,0.0,0.0,0.0,0
2023-05-10 09:04:24,CF311C14400,棉花2311购14400,1729.0,0.0,0.0,0.0,1,1080.0,2020.0,1,1729.0,0.0,0.0,0.0,0.0,0.0,0
2023-05-10 09:04:25,CF311C14400,棉花2311购14400,1729.0,0.0,0.0,0.0,10,1081.0,2019.0,10,1729.0,0.0,0.0,0.0,0.0,0.0,0
2023-05-10 09:04:31,CF311C14400,棉花2311购14400,1729.0,0.0,0.0,0.0,1,1084.0,2016.0,1,1729.0,0.0,0.0,0.0,0.0,0.0,0
2023-05-10 09:04:32,CF311C14400,棉花2311购14400,1729.0,0.0,0.0,0.0,10,1085.0,2015.0,10,1729.0,0.0,0.0,0.0,0.0,0.0,0
2023-05-10 09:04:33,CF311C14400,棉花2311购14400,1729.0,0.0,0.0,0.0,1,1088.0,2012.0,1,1729.0,0.0,0.0,0.0,0.0,0.0,0
2023-05-10 09:04:34,CF311C14400,棉花2311购14400,1729.0,0.0,0.0,0.0,10,1089.0,2011.0,10,1729.0,0.0,0.0,0.0,0.0,0.0,0
2023-05-10 09:04:34,CF311C14400,棉花2311购14400,1729.0,0.0,0.0,0.0,1,1092.0,2008.0,1,1729.0,0.0,0.0,0.0,0.0,0.0,0
2023-05-10 09:04:35,CF311C14400,棉花2311购14400,1729.0,0.0,0.0,0.0,10,1093.0,2007.0,10,1729.0,0.0,0.0,0.0,0.0,0.0,0
2023-05-10 09:04:35,CF311C14400,棉花2311购14400,1729.0,0.0,0.0,0.0,1,1096.0,2004.0,1,1729.0,0.0,0.0,0.0,0.0,0.0,0
2023-05-10 09:04:36,CF311C14400,棉花2311购14400,1729.0,0.0,0.0,0.0,10,1097.0,2003.0,10,1729.0,0.0,0.0,0.0,0.0,0.0,0
2023-05-10 09:04:38,CF311C14400,棉花2311购14400,1729.0,0.0,0.0,0.0,10,1097.0,2000.0,1,1729.0,0.0,0.0,0.0,0.0,0.0,0
2023-05-10 09:04:39,CF311C14400,棉花2311购14400,1729.0,0.0,0.0,0.0,10,1097.0,1999.0,10,1729.0,0.0,0.0,0.0,0.0,0.0,0
2023-05-10 09:04:39,CF311C14400,棉花2311购14400,1729.0,0.0,0.0,0.0,1,1100.0,1996.0,1,1729.0,0.0,0.0,0.0,0.0,0.0,0
2023-05-10 09:04:40,CF311C14400,棉花2311购14400,1729.0,0.0,0.0,0.0,10,1101.0,1995.0,10,1729.0,0.0,0.0,0.0,0.0,0.0,0
2023-05-10 09:04:40,CF311C14400,棉花2311购14400,1729.0,0.0,0.0,0.0,1,1104.0,1992.0,1,1729.0,0.0,0.0,0.0,0.0,0.0,0
2023-05-10 09:04:41,CF311C14400,棉花2311购14400,1729.0,0.0,0.0,0.0,10,1105.0,1991.0,10,1729.0,0.0,0.0,0.0,0.0,0.0,0
2023-05-10 09:04:41,CF311C14400,棉花2311购14400,1729.0,0.0,0.0,0.0,1,1108.0,1988.0,1,1729.0,0.0,0.0,0.0,0.0,0.0,0
2023-05-10 09:04:42,CF311C14400,棉花2311购14400,1729.0,0.0,0.0,0.0,10,1109.0,1987.0,10,1729.0,0.0,0.0,0.0,0.0,0.0,0
2023-05-10 09:15:57,CF311C14400,棉花2311购14400,1729.0,0.0,0.0,0.0,1,1112.0,1987.0,10,1729.0,0.0,0.0,0.0,0.0,0.0,0
2023-05-10 09:15:58,CF311C14400,棉花2311购14400,1729.0,0.0,0.0,0.0,10,1113.0,1987.0,10,1729.0,0.0,0.0,0.0,0.0,0.0,0
2023-05-10 09:15:58,CF311C14400,棉花2311购14400,1729.0,0.0,0.0,0.0,1,1116.0,1987.0,10,1729.0,0.0,0.0,0.0,0.0,0.0,0
2023-05-10 09:15:58,CF311C14400,棉花2311购14400,1729.0,0.0,0.0,0.0,10,1117.0,1987.0,10,1729.0,0.0,0.0,0.0,0.0,0.0,0
2023-05-10 09:15:59,CF311C14400,棉花2311购14400,1729.0,0.0,0.0,0.0,1,1120.0,1987.0,10,1729.0,0.0,0.0,0.0,0.0,0.0,0
2023-05-10 09:15:59,CF311C14400,棉花2311购14400,1729.0,0.0,0.0,0.0,10,1121.0,1987.0,10,1729.0,0.0,0.0,0.0,0.0,0.0,0
2023-05-10 09:16:00,CF311C14400,棉花2311购14400,1729.0,0.0,0.0,0.0,1,1124.0,1987.0,10,1729.0,0.0,0.0,0.0,0.0,0.0,0
2023-05-10 09:16:00,CF311C14400,棉花2311购14400,1729.0,0.0,0.0,0.0,10,1125.0,1987.0,10,1729.0,0.0,0.0,0.0,0.0,0.0,0
2023-05-10 09:16:01,CF311C14400,棉花2311购14400,1729.0,0.0,0.0,0.0,1,1128.0,1987.0,10,1729.0,0.0,0.0,0.0,0.0,0.0,0
2023-05-10 09:16:01,CF311C14400,棉花2311购14400,1729.0,0.0,0.0,0.0,10,1129.0,1987.0,10,1729.0,0.0,0.0,0.0,0.0,0.0,0
2023-05-10 09:16:02,CF311C14400,棉花2311购14400,1729.0,0.0,0.0,0.0,1,1132.0,1987.0,10,1729.0,0.0,0.0,0.0,0.0,0.0,0
2023-05-10 09:16:02,CF311C14400,棉花2311购14400,1729.0,0.0,0.0,0.0,10,1133.0,1987.0,10,1729.0,0.0,0.0,0.0,0.0,0.0,0
2023-05-10 09:16:03,CF311C14400,棉花2311购14400,1729.0,0.0,0.0,0.0,1,1136.0,1987.0,10,1729.0,0.0,0.0,0.0,0.0,0.0,0
2023-05-10 09:16:03,CF311C14400,棉花2311购14400,1729.0,0.0,0.0,0.0,10,1137.0,1987.0,10,1729.0,0.0,0.0,0.0,0.0,0.0,0
2023-05-10 09:16:04,CF311C14400,棉花2311购14400,1729.0,0.0,0.0,0.0,1,1140.0,1987.0,10,1729.0,0.0,0.0,0.0,0.0,0.0,0
2023-05-10 09:16:04,CF311C14400,棉花2311购14400,1729.0,0.0,0.0,0.0,10,1141.0,1987.0,10,1729.0,0.0,0.0,0.0,0.0,0.0,0
2023-05-10 09:16:05,CF311C14400,棉花2311购14400,1729.0,0.0,0.0,0.0,1,1144.0,1987.0,10,1729.0,0.0,0.0,0.0,0.0,0.0,0
2023-05-10 09:16:05,CF311C14400,棉花2311购14400,1729.0,0.0,0.0,0.0,10,1145.0,1987.0,10,1729.0,0.0,0.0,0.0,0.0,0.0,0
2023-05-10 09:16:06,CF311C14400,棉花2311购14400,1729.0,0.0,0.0,0.0,1,1148.0,1987.0,10,1729.0,0.0,0.0,0.0,0.0,0.0,0
2023-05-10 09:16:06,CF311C14400,棉花2311购14400,1729.0,0.0,0.0,0.0,10,1149.0,1987.0,10,1729.0,0.0,0.0,0.0,0.0,0.0,0
2023-05-10 09:16:07,CF311C14400,棉花2311购14400,1729.0,0.0,0.0,0.0,1,1152.0,1987.0,10,1729.0,0.0,0.0,0.0,0.0,0.0,0
2023-05-10 09:16:07,CF311C14400,棉花2311购14400,1729.0,0.0,0.0,0.0,10,1153.0,1987.0,10,1729.0,0.0,0.0,0.0,0.0,0.0,0
2023-05-10 09:34:23,CF311C14400,棉花2311购14400,1729.0,0.0,0.0,0.0,0,0.0,2316.0,1,1729.0,0.0,0.0,0.0,0.0,0.0,0
2023-05-10 09:34:24,CF311C14400,棉花2311购14400,1729.0,0.0,0.0,0.0,1,772.0,2313.0,1,1729.0,0.0,0.0,0.0,0.0,0.0,0
2023-05-10 09:35:32,CF311C14400,棉花2311购14400,1729.0,0.0,0.0,0.0,10,773.0,2312.0,10,1729.0,0.0,0.0,0.0,0.0,0.0,0
2023-05-10 09:35:32,CF311C14400,棉花2311购14400,1729.0,0.0,0.0,0.0,1,776.0,2309.0,1,1729.0,0.0,0.0,0.0,0.0,0.0,0
2023-05-10 09:35:33,CF311C14400,棉花2311购14400,1729.0,0.0,0.0,0.0,10,777.0,2308.0,10,1729.0,0.0,0.0,0.0,0.0,0.0,0
2023-05-10 09:35:33,CF311C14400,棉花2311购14400,1729.0,0.0,0.0,0.0,1,780.0,2305.0,1,1729.0,0.0,0.0,0.0,0.0,0.0,0
2023-05-10 09:35:33,CF311C14400,棉花2311购14400,1729.0,0.0,0.0,0.0,10,781.0,2304.0,10,1729.0,0.0,0.0,0.0,0.0,0.0,0
2023-05-10 09:35:34,CF311C14400,棉花2311购14400,1729.0,0.0,0.0,0.0,1,784.0,2301.0,1,1729.0,0.0,0.0,0.0,0.0,0.0,0
2023-05-10 09:35:34,CF311C14400,棉花2311购14400,1729.0,0.0,0.0,0.0,10,785.0,2300.0,10,1729.0,0.0,0.0,0.0,0.0,0.0,0
2023-05-10 09:35:38,CF311C14400,棉花2311购14400,1729.0,0.0,0.0,0.0,1,788.0,2297.0,1,1729.0,0.0,0.0,0.0,0.0,0.0,0
2023-05-10 09:35:38,CF311C14400,棉花2311购14400,1729.0,0.0,0.0,0.0,10,789.0,2296.0,10,1729.0,0.0,0.0,0.0,0.0,0.0,0
2023-05-10 09:35:39,CF311C14400,棉花2311购14400,1729.0,0.0,0.0,0.0,1,792.0,2293.0,1,1729.0,0.0,0.0,0.0,0.0,0.0,0
2023-05-10 09:35:39,CF311C14400,棉花2311购14400,1729.0,0.0,0.0,0.0,10,793.0,2292.0,10,1729.0,0.0,0.0,0.0,0.0,0.0,0
2023-05-10 09:45:57,CF311C14400,棉花2311购14400,1729.0,0.0,0.0,0.0,1,796.0,2289.0,1,1729.0,0.0,0.0,0.0,0.0,0.0,0
2023-05-10 09:45:58,CF311C14400,棉花2311购14400,1729.0,0.0,0.0,0.0,10,797.0,2288.0,10,1729.0,0.0,0.0,0.0,0.0,0.0,0
2023-05-10 09:45:58,CF311C14400,棉花2311购14400,1729.0,0.0,0.0,0.0,1,800.0,2285.0,1,1729.0,0.0,0.0,0.0,0.0,0.0,0
2023-05-10 09:45:59,CF311C14400,棉花2311购14400,1729.0,0.0,0.0,0.0,10,801.0,2284.0,10,1729.0,0.0,0.0,0.0,0.0,0.0,0
2023-05-10 09:45:59,CF311C14400,棉花2311购14400,1729.0,0.0,0.0,0.0,1,804.0,2281.0,1,1729.0,0.0,0.0,0.0,0.0,0.0,0
2023-05-10 09:46:00,CF311C14400,棉花2311购14400,1729.0,0.0,0.0,0.0,10,805.0,2280.0,10,1729.0,0.0,0.0,0.0,0.0,0.0,0
2023-05-10 09:46:00,CF311C14400,棉花2311购14400,1729.0,0.0,0.0,0.0,1,808.0,2277.0,1,1729.0,0.0,0.0,0.0,0.0,0.0,0
2023-05-10 09:46:01,CF311C14400,棉花2311购14400,1729.0,0.0,0.0,0.0,10,809.0,2276.0,10,1729.0,0.0,0.0,0.0,0.0,0.0,0
2023-05-10 09:46:01,CF311C14400,棉花2311购14400,1729.0,0.0,0.0,0.0,1,812.0,2273.0,1,1729.0,0.0,0.0,0.0,0.0,0.0,0
2023-05-10 09:46:02,CF311C14400,棉花2311购14400,1729.0,0.0,0.0,0.0,10,813.0,2272.0,10,1729.0,0.0,0.0,0.0,0.0,0.0,0
2023-05-10 10:00:41,CF311C14400,棉花2311购14400,1729.0,0.0,0.0,0.0,0,0.0,2316.0,1,1729.0,0.0,0.0,0.0,0.0,0.0,0
2023-05-10 10:00:41,CF311C14400,棉花2311购14400,1729.0,0.0,0.0,0.0,1,772.0,2313.0,1,1729.0,0.0,0.0,0.0,0.0,0.0,0
2023-05-10 10:02:54,CF311C14400,棉花2311购14400,1729.0,0.0,0.0,0.0,10,773.0,2312.0,10,1729.0,0.0,0.0,0.0,0.0,0.0,0
2023-05-10 10:02:55,CF311C14400,棉花2311购14400,1729.0,0.0,0.0,0.0,1,776.0,2309.0,1,1729.0,0.0,0.0,0.0,0.0,0.0,0
2023-05-10 10:02:55,CF311C14400,棉花2311购14400,1729.0,0.0,0.0,0.0,10,777.0,2308.0,10,1729.0,0.0,0.0,0.0,0.0,0.0,0
2023-05-10 10:02:56,CF311C14400,棉花2311购14400,1729.0,0.0,0.0,0.0,1,780.0,2305.0,1,1729.0,0.0,0.0,0.0,0.0,0.0,0
2023-05-10 10:02:56,CF311C14400,棉花2311购14400,1729.0,0.0,0.0,0.0,10,781.0,2304.0,10,1729.0,0.0,0.0,0.0,0.0,0.0,0
2023-05-10 10:02:57,CF311C14400,棉花2311购14400,1729.0,0.0,0.0,0.0,1,784.0,2301.0,1,1729.0,0.0,0.0,0.0,0.0,0.0,0
2023-05-10 10:02:57,CF311C14400,棉花2311购14400,1729.0,0.0,0.0,0.0,10,785.0,2300.0,10,1729.0,0.0,0.0,0.0,0.0,0.0,0
2023-05-10 10:02:58,CF311C14400,棉花2311购14400,1729.0,0.0,0.0,0.0,1,788.0,2297.0,1,1729.0,0.0,0.0,0.0,0.0,0.0,0
2023-05-10 10:02:58,CF311C14400,棉花2311购14400,1729.0,0.0,0.0,0.0,10,789.0,2296.0,10,1729.0,0.0,0.0,0.0,0.0,0.0,0
2023-05-10 10:14:33,CF311C14400,棉花2311购14400,1729.0,0.0,0.0,0.0,0,0.0,2316.0,1,1729.0,0.0,0.0,0.0,0.0,0.0,0
2023-05-10 10:30:16,CF311C14400,棉花2311购14400,1729.0,0.0,0.0,0.0,0,0.0,2315.0,10,1729.0,0.0,0.0,0.0,0.0,0.0,0
2023-05-10 10:50:05,CF311C14400,棉花2311购14400,1729.0,0.0,0.0,0.0,0,0.0,2316.0,1,1729.0,0.0,0.0,0.0,0.0,0.0,0
2023-05-10 10:50:28,CF311C14400,棉花2311购14400,1729.0,0.0,0.0,0.0,0,0.0,2315.0,10,1729.0,0.0,0.0,0.0,0.0,0.0,0
2023-05-10 11:02:51,CF311C14400,棉花2311购14400,1729.0,0.0,0.0,0.0,0,0.0,2316.0,1,1729.0,0.0,0.0,0.0,0.0,0.0,0
2023-05-10 11:02:58,CF311C14400,棉花2311购14400,1729.0,0.0,0.0,0.0,0,0.0,2315.0,10,1729.0,0.0,0.0,0.0,0.0,0.0,0
2023-05-10 11:29:33,CF311C14400,棉花2311购14400,1729.0,0.0,0.0,0.0,0,0.0,2316.0,1,1729.0,0.0,0.0,0.0,0.0,0.0,0
2023-05-10 13:30:02,CF311C14400,棉花2311购14400,1729.0,0.0,0.0,0.0,0,0.0,2315.0,10,1729.0,0.0,0.0,0.0,0.0,0.0,0
2023-05-10 14:59:03,CF311C14400,棉花2311购14400,1729.0,0.0,0.0,0.0,0,0.0,2316.0,1,1729.0,0.0,0.0,0.0,0.0,0.0,0
