time,symbol_id,symbol_name,last,trade_volume,trade_amount,open_interest_change,bv1,bp1,ap1,av1,yesterday_close,today_open,today_high,today_low,volume,amount,open_interest
2023-05-09 19:10:58,CF311P15400,CF311P15400,487.0,0.0,0.0,0.0,0,0.0,0.0,0,487.0,0.0,0.0,0.0,0.0,0.0,24
2023-05-09 20:59:00,CF311P15400,CF311P15400,487.0,0.0,0.0,0.0,1,1.0,0.0,0,487.0,0.0,0.0,0.0,0.0,0.0,24
2023-05-09 21:00:22,CF311P15400,CF311P15400,487.0,0.0,0.0,0.0,1,27.0,0.0,0,487.0,0.0,0.0,0.0,0.0,0.0,24
2023-05-09 21:01:11,CF311P15400,CF311P15400,487.0,0.0,0.0,0.0,2,43.0,0.0,0,487.0,0.0,0.0,0.0,0.0,0.0,24
2023-05-09 21:01:13,CF311P15400,CF311P15400,487.0,0.0,0.0,0.0,1,46.0,1444.0,1,487.0,0.0,0.0,0.0,0.0,0.0,24
2023-05-09 21:01:30,CF311P15400,CF311P15400,487.0,0.0,0.0,0.0,1,47.0,1444.0,1,487.0,0.0,0.0,0.0,0.0,0.0,24
2023-05-09 21:01:32,CF311P15400,CF311P15400,487.0,0.0,0.0,0.0,1,50.0,1444.0,1,487.0,0.0,0.0,0.0,0.0,0.0,24
2023-05-09 21:02:15,CF311P15400,CF311P15400,487.0,0.0,0.0,0.0,2,51.0,1444.0,1,487.0,0.0,0.0,0.0,0.0,0.0,24
2023-05-09 21:02:17,CF311P15400,CF311P15400,487.0,0.0,0.0,0.0,1,54.0,1444.0,1,487.0,0.0,0.0,0.0,0.0,0.0,24
2023-05-09 21:02:20,CF311P15400,CF311P15400,487.0,0.0,0.0,0.0,2,55.0,1444.0,1,487.0,0.0,0.0,0.0,0.0,0.0,24
2023-05-09 21:02:24,CF311P15400,CF311P15400,487.0,0.0,0.0,0.0,1,58.0,1444.0,1,487.0,0.0,0.0,0.0,0.0,0.0,24
2023-05-09 21:02:24,CF311P15400,CF311P15400,487.0,0.0,0.0,0.0,2,59.0,1444.0,1,487.0,0.0,0.0,0.0,0.0,0.0,24
2023-05-09 21:02:25,CF311P15400,CF311P15400,487.0,0.0,0.0,0.0,1,62.0,1444.0,1,487.0,0.0,0.0,0.0,0.0,0.0,24
2023-05-09 21:02:28,CF311P15400,CF311P15400,487.0,0.0,0.0,0.0,2,63.0,1444.0,1,487.0,0.0,0.0,0.0,0.0,0.0,24
2023-05-09 21:02:32,CF311P15400,CF311P15400,487.0,0.0,0.0,0.0,1,66.0,1444.0,1,487.0,0.0,0.0,0.0,0.0,0.0,24
2023-05-09 21:02:33,CF311P15400,CF311P15400,487.0,0.0,0.0,0.0,2,67.0,1444.0,1,487.0,0.0,0.0,0.0,0.0,0.0,24
2023-05-09 21:02:33,CF311P15400,CF311P15400,487.0,0.0,0.0,0.0,1,70.0,1444.0,1,487.0,0.0,0.0,0.0,0.0,0.0,24
2023-05-09 21:02:35,CF311P15400,CF311P15400,487.0,0.0,0.0,0.0,2,71.0,1444.0,1,487.0,0.0,0.0,0.0,0.0,0.0,24
2023-05-09 21:02:39,CF311P15400,CF311P15400,487.0,0.0,0.0,0.0,1,74.0,1444.0,1,487.0,0.0,0.0,0.0,0.0,0.0,24
2023-05-09 21:02:39,CF311P15400,CF311P15400,487.0,0.0,0.0,0.0,2,75.0,1444.0,1,487.0,0.0,0.0,0.0,0.0,0.0,24
2023-05-09 21:02:41,CF311P15400,CF311P15400,487.0,0.0,0.0,0.0,1,78.0,1444.0,1,487.0,0.0,0.0,0.0,0.0,0.0,24
2023-05-09 21:02:42,CF311P15400,CF311P15400,487.0,0.0,0.0,0.0,2,79.0,1444.0,1,487.0,0.0,0.0,0.0,0.0,0.0,24
2023-05-09 21:02:47,CF311P15400,CF311P15400,487.0,0.0,0.0,0.0,1,82.0,1444.0,1,487.0,0.0,0.0,0.0,0.0,0.0,24
2023-05-09 21:02:48,CF311P15400,CF311P15400,487.0,0.0,0.0,0.0,2,83.0,1444.0,1,487.0,0.0,0.0,0.0,0.0,0.0,24
2023-05-09 21:02:50,CF311P15400,CF311P15400,487.0,0.0,0.0,0.0,1,86.0,1444.0,1,487.0,0.0,0.0,0.0,0.0,0.0,24
2023-05-09 21:02:51,CF311P15400,CF311P15400,487.0,0.0,0.0,0.0,2,87.0,1444.0,1,487.0,0.0,0.0,0.0,0.0,0.0,24
2023-05-09 21:02:51,CF311P15400,CF311P15400,487.0,0.0,0.0,0.0,1,90.0,1444.0,1,487.0,0.0,0.0,0.0,0.0,0.0,24
2023-05-09 21:02:52,CF311P15400,CF311P15400,487.0,0.0,0.0,0.0,2,91.0,1444.0,1,487.0,0.0,0.0,0.0,0.0,0.0,24
2023-05-09 21:02:54,CF311P15400,CF311P15400,487.0,0.0,0.0,0.0,1,94.0,1444.0,1,487.0,0.0,0.0,0.0,0.0,0.0,24
2023-05-09 21:02:55,CF311P15400,CF311P15400,487.0,0.0,0.0,0.0,2,95.0,1444.0,1,487.0,0.0,0.0,0.0,0.0,0.0,24
2023-05-09 21:02:56,CF311P15400,CF311P15400,487.0,0.0,0.0,0.0,1,98.0,1444.0,1,487.0,0.0,0.0,0.0,0.0,0.0,24
2023-05-09 21:02:57,CF311P15400,CF311P15400,487.0,0.0,0.0,0.0,2,99.0,1444.0,1,487.0,0.0,0.0,0.0,0.0,0.0,24
2023-05-09 21:03:00,CF311P15400,CF311P15400,487.0,0.0,0.0,0.0,1,102.0,1444.0,1,487.0,0.0,0.0,0.0,0.0,0.0,24
2023-05-09 21:03:01,CF311P15400,CF311P15400,487.0,0.0,0.0,0.0,2,103.0,1444.0,1,487.0,0.0,0.0,0.0,0.0,0.0,24
2023-05-09 21:03:01,CF311P15400,CF311P15400,487.0,0.0,0.0,0.0,1,106.0,1444.0,1,487.0,0.0,0.0,0.0,0.0,0.0,24
2023-05-09 21:03:02,CF311P15400,CF311P15400,487.0,0.0,0.0,0.0,2,107.0,1444.0,1,487.0,0.0,0.0,0.0,0.0,0.0,24
2023-05-09 21:03:03,CF311P15400,CF311P15400,487.0,0.0,0.0,0.0,1,110.0,1444.0,1,487.0,0.0,0.0,0.0,0.0,0.0,24
2023-05-09 21:03:04,CF311P15400,CF311P15400,487.0,0.0,0.0,0.0,2,111.0,1444.0,1,487.0,0.0,0.0,0.0,0.0,0.0,24
2023-05-09 21:03:04,CF311P15400,CF311P15400,487.0,0.0,0.0,0.0,1,114.0,1444.0,1,487.0,0.0,0.0,0.0,0.0,0.0,24
2023-05-09 21:03:05,CF311P15400,CF311P15400,487.0,0.0,0.0,0.0,2,115.0,1444.0,1,487.0,0.0,0.0,0.0,0.0,0.0,24
2023-05-09 21:03:05,CF311P15400,CF311P15400,487.0,0.0,0.0,0.0,1,118.0,1444.0,1,487.0,0.0,0.0,0.0,0.0,0.0,24
2023-05-09 21:03:06,CF311P15400,CF311P15400,487.0,0.0,0.0,0.0,2,119.0,1444.0,1,487.0,0.0,0.0,0.0,0.0,0.0,24
2023-05-09 21:03:06,CF311P15400,CF311P15400,487.0,0.0,0.0,0.0,1,122.0,1444.0,1,487.0,0.0,0.0,0.0,0.0,0.0,24
2023-05-09 21:03:08,CF311P15400,CF311P15400,487.0,0.0,0.0,0.0,2,123.0,1444.0,1,487.0,0.0,0.0,0.0,0.0,0.0,24
2023-05-09 21:03:08,CF311P15400,CF311P15400,487.0,0.0,0.0,0.0,1,126.0,1444.0,1,487.0,0.0,0.0,0.0,0.0,0.0,24
2023-05-09 21:03:09,CF311P15400,CF311P15400,487.0,0.0,0.0,0.0,2,127.0,1444.0,1,487.0,0.0,0.0,0.0,0.0,0.0,24
2023-05-09 21:03:09,CF311P15400,CF311P15400,487.0,0.0,0.0,0.0,1,130.0,1444.0,1,487.0,0.0,0.0,0.0,0.0,0.0,24
2023-05-09 21:03:10,CF311P15400,CF311P15400,487.0,0.0,0.0,0.0,2,131.0,1444.0,1,487.0,0.0,0.0,0.0,0.0,0.0,24
2023-05-09 21:03:10,CF311P15400,CF311P15400,487.0,0.0,0.0,0.0,1,134.0,1444.0,1,487.0,0.0,0.0,0.0,0.0,0.0,24
2023-05-09 21:03:11,CF311P15400,CF311P15400,487.0,0.0,0.0,0.0,2,135.0,1444.0,1,487.0,0.0,0.0,0.0,0.0,0.0,24
2023-05-09 21:03:11,CF311P15400,CF311P15400,487.0,0.0,0.0,0.0,1,138.0,1444.0,1,487.0,0.0,0.0,0.0,0.0,0.0,24
2023-05-09 21:03:13,CF311P15400,CF311P15400,487.0,0.0,0.0,0.0,2,139.0,1444.0,1,487.0,0.0,0.0,0.0,0.0,0.0,24
2023-05-09 21:03:13,CF311P15400,CF311P15400,487.0,0.0,0.0,0.0,1,142.0,1444.0,1,487.0,0.0,0.0,0.0,0.0,0.0,24
2023-05-09 21:03:14,CF311P15400,CF311P15400,487.0,0.0,0.0,0.0,2,143.0,1444.0,1,487.0,0.0,0.0,0.0,0.0,0.0,24
2023-05-09 21:03:15,CF311P15400,CF311P15400,487.0,0.0,0.0,0.0,1,146.0,1444.0,1,487.0,0.0,0.0,0.0,0.0,0.0,24
2023-05-09 21:03:16,CF311P15400,CF311P15400,487.0,0.0,0.0,0.0,2,147.0,1444.0,1,487.0,0.0,0.0,0.0,0.0,0.0,24
2023-05-09 21:03:16,CF311P15400,CF311P15400,487.0,0.0,0.0,0.0,1,150.0,1444.0,1,487.0,0.0,0.0,0.0,0.0,0.0,24
2023-05-09 21:03:17,CF311P15400,CF311P15400,487.0,0.0,0.0,0.0,2,151.0,1444.0,1,487.0,0.0,0.0,0.0,0.0,0.0,24
2023-05-09 21:03:17,CF311P15400,CF311P15400,487.0,0.0,0.0,0.0,1,154.0,1444.0,1,487.0,0.0,0.0,0.0,0.0,0.0,24
2023-05-09 21:03:18,CF311P15400,CF311P15400,487.0,0.0,0.0,0.0,2,155.0,1444.0,1,487.0,0.0,0.0,0.0,0.0,0.0,24
2023-05-09 21:03:20,CF311P15400,CF311P15400,487.0,0.0,0.0,0.0,1,158.0,1444.0,1,487.0,0.0,0.0,0.0,0.0,0.0,24
2023-05-09 21:03:21,CF311P15400,CF311P15400,487.0,0.0,0.0,0.0,2,159.0,1444.0,1,487.0,0.0,0.0,0.0,0.0,0.0,24
2023-05-09 21:03:21,CF311P15400,CF311P15400,487.0,0.0,0.0,0.0,1,162.0,1444.0,1,487.0,0.0,0.0,0.0,0.0,0.0,24
2023-05-09 21:03:22,CF311P15400,CF311P15400,487.0,0.0,0.0,0.0,2,163.0,1444.0,1,487.0,0.0,0.0,0.0,0.0,0.0,24
2023-05-09 21:03:23,CF311P15400,CF311P15400,487.0,0.0,0.0,0.0,1,166.0,1444.0,1,487.0,0.0,0.0,0.0,0.0,0.0,24
2023-05-09 21:03:24,CF311P15400,CF311P15400,487.0,0.0,0.0,0.0,2,167.0,1444.0,1,487.0,0.0,0.0,0.0,0.0,0.0,24
2023-05-09 21:03:24,CF311P15400,CF311P15400,487.0,0.0,0.0,0.0,1,170.0,1444.0,1,487.0,0.0,0.0,0.0,0.0,0.0,24
2023-05-09 21:03:25,CF311P15400,CF311P15400,487.0,0.0,0.0,0.0,2,171.0,1444.0,1,487.0,0.0,0.0,0.0,0.0,0.0,24
2023-05-09 21:03:25,CF311P15400,CF311P15400,487.0,0.0,0.0,0.0,1,174.0,1444.0,1,487.0,0.0,0.0,0.0,0.0,0.0,24
2023-05-09 21:03:26,CF311P15400,CF311P15400,487.0,0.0,0.0,0.0,2,175.0,1444.0,1,487.0,0.0,0.0,0.0,0.0,0.0,24
2023-05-09 21:03:26,CF311P15400,CF311P15400,487.0,0.0,0.0,0.0,1,178.0,1444.0,1,487.0,0.0,0.0,0.0,0.0,0.0,24
2023-05-09 21:03:27,CF311P15400,CF311P15400,487.0,0.0,0.0,0.0,2,179.0,1444.0,1,487.0,0.0,0.0,0.0,0.0,0.0,24
2023-05-09 21:03:27,CF311P15400,CF311P15400,487.0,0.0,0.0,0.0,1,182.0,1444.0,1,487.0,0.0,0.0,0.0,0.0,0.0,24
2023-05-09 21:03:28,CF311P15400,CF311P15400,487.0,0.0,0.0,0.0,2,183.0,1444.0,1,487.0,0.0,0.0,0.0,0.0,0.0,24
2023-05-09 21:03:30,CF311P15400,CF311P15400,487.0,0.0,0.0,0.0,1,186.0,1444.0,1,487.0,0.0,0.0,0.0,0.0,0.0,24
2023-05-09 21:03:31,CF311P15400,CF311P15400,487.0,0.0,0.0,0.0,2,187.0,1444.0,1,487.0,0.0,0.0,0.0,0.0,0.0,24
2023-05-09 21:03:32,CF311P15400,CF311P15400,487.0,0.0,0.0,0.0,1,190.0,1444.0,1,487.0,0.0,0.0,0.0,0.0,0.0,24
2023-05-09 21:03:33,CF311P15400,CF311P15400,487.0,0.0,0.0,0.0,2,191.0,1444.0,1,487.0,0.0,0.0,0.0,0.0,0.0,24
2023-05-09 21:03:34,CF311P15400,CF311P15400,487.0,0.0,0.0,0.0,1,194.0,1444.0,1,487.0,0.0,0.0,0.0,0.0,0.0,24
2023-05-09 21:03:35,CF311P15400,CF311P15400,487.0,0.0,0.0,0.0,2,195.0,1444.0,1,487.0,0.0,0.0,0.0,0.0,0.0,24
2023-05-09 21:03:35,CF311P15400,CF311P15400,487.0,0.0,0.0,0.0,1,198.0,1444.0,1,487.0,0.0,0.0,0.0,0.0,0.0,24
2023-05-09 21:03:36,CF311P15400,CF311P15400,487.0,0.0,0.0,0.0,2,199.0,1444.0,1,487.0,0.0,0.0,0.0,0.0,0.0,24
2023-05-09 21:03:39,CF311P15400,CF311P15400,487.0,0.0,0.0,0.0,1,202.0,1444.0,1,487.0,0.0,0.0,0.0,0.0,0.0,24
2023-05-09 21:03:40,CF311P15400,CF311P15400,487.0,0.0,0.0,0.0,2,203.0,1444.0,1,487.0,0.0,0.0,0.0,0.0,0.0,24
2023-05-09 21:03:42,CF311P15400,CF311P15400,487.0,0.0,0.0,0.0,1,206.0,1444.0,1,487.0,0.0,0.0,0.0,0.0,0.0,24
2023-05-09 21:03:43,CF311P15400,CF311P15400,487.0,0.0,0.0,0.0,2,207.0,1444.0,1,487.0,0.0,0.0,0.0,0.0,0.0,24
2023-05-09 21:03:45,CF311P15400,CF311P15400,487.0,0.0,0.0,0.0,1,210.0,1444.0,1,487.0,0.0,0.0,0.0,0.0,0.0,24
2023-05-09 21:03:46,CF311P15400,CF311P15400,487.0,0.0,0.0,0.0,2,211.0,1444.0,1,487.0,0.0,0.0,0.0,0.0,0.0,24
2023-05-09 21:03:46,CF311P15400,CF311P15400,487.0,0.0,0.0,0.0,1,214.0,1444.0,1,487.0,0.0,0.0,0.0,0.0,0.0,24
2023-05-09 21:03:47,CF311P15400,CF311P15400,487.0,0.0,0.0,0.0,2,215.0,1444.0,1,487.0,0.0,0.0,0.0,0.0,0.0,24
2023-05-09 21:03:51,CF311P15400,CF311P15400,487.0,0.0,0.0,0.0,1,218.0,1444.0,1,487.0,0.0,0.0,0.0,0.0,0.0,24
2023-05-09 21:03:52,CF311P15400,CF311P15400,487.0,0.0,0.0,0.0,2,219.0,1444.0,1,487.0,0.0,0.0,0.0,0.0,0.0,24
2023-05-09 21:03:55,CF311P15400,CF311P15400,487.0,0.0,0.0,0.0,1,222.0,1444.0,1,487.0,0.0,0.0,0.0,0.0,0.0,24
2023-05-09 21:14:33,CF311P15400,CF311P15400,487.0,0.0,0.0,0.0,1,222.0,1433.0,1,487.0,0.0,0.0,0.0,0.0,0.0,24
2023-05-09 21:14:34,CF311P15400,CF311P15400,487.0,0.0,0.0,0.0,1,222.0,1430.0,1,487.0,0.0,0.0,0.0,0.0,0.0,24
2023-05-09 21:14:39,CF311P15400,CF311P15400,487.0,0.0,0.0,0.0,1,222.0,1419.0,1,487.0,0.0,0.0,0.0,0.0,0.0,24
2023-05-09 21:14:40,CF311P15400,CF311P15400,487.0,0.0,0.0,0.0,1,222.0,1416.0,1,487.0,0.0,0.0,0.0,0.0,0.0,24
2023-05-09 21:14:50,CF311P15400,CF311P15400,487.0,0.0,0.0,0.0,1,222.0,1405.0,1,487.0,0.0,0.0,0.0,0.0,0.0,24
2023-05-09 21:14:51,CF311P15400,CF311P15400,487.0,0.0,0.0,0.0,1,222.0,1402.0,1,487.0,0.0,0.0,0.0,0.0,0.0,24
2023-05-09 21:14:58,CF311P15400,CF311P15400,487.0,0.0,0.0,0.0,1,222.0,1391.0,1,487.0,0.0,0.0,0.0,0.0,0.0,24
2023-05-09 21:14:59,CF311P15400,CF311P15400,487.0,0.0,0.0,0.0,1,222.0,1388.0,1,487.0,0.0,0.0,0.0,0.0,0.0,24
2023-05-09 21:15:09,CF311P15400,CF311P15400,487.0,0.0,0.0,0.0,1,222.0,1377.0,1,487.0,0.0,0.0,0.0,0.0,0.0,24
2023-05-09 21:15:10,CF311P15400,CF311P15400,487.0,0.0,0.0,0.0,1,222.0,1374.0,1,487.0,0.0,0.0,0.0,0.0,0.0,24
2023-05-09 21:19:42,CF311P15400,CF311P15400,487.0,0.0,0.0,0.0,1,222.0,1363.0,1,487.0,0.0,0.0,0.0,0.0,0.0,24
2023-05-09 21:19:42,CF311P15400,CF311P15400,487.0,0.0,0.0,0.0,1,222.0,1360.0,1,487.0,0.0,0.0,0.0,0.0,0.0,24
2023-05-09 21:19:47,CF311P15400,CF311P15400,487.0,0.0,0.0,0.0,1,222.0,1349.0,1,487.0,0.0,0.0,0.0,0.0,0.0,24
2023-05-09 21:19:48,CF311P15400,CF311P15400,487.0,0.0,0.0,0.0,1,222.0,1346.0,1,487.0,0.0,0.0,0.0,0.0,0.0,24
2023-05-09 21:19:56,CF311P15400,CF311P15400,487.0,0.0,0.0,0.0,1,222.0,1335.0,1,487.0,0.0,0.0,0.0,0.0,0.0,24
2023-05-09 21:19:57,CF311P15400,CF311P15400,487.0,0.0,0.0,0.0,1,222.0,1332.0,1,487.0,0.0,0.0,0.0,0.0,0.0,24
2023-05-09 21:20:03,CF311P15400,CF311P15400,487.0,0.0,0.0,0.0,1,222.0,1321.0,1,487.0,0.0,0.0,0.0,0.0,0.0,24
2023-05-09 21:20:03,CF311P15400,CF311P15400,487.0,0.0,0.0,0.0,1,222.0,1318.0,1,487.0,0.0,0.0,0.0,0.0,0.0,24
2023-05-09 21:20:07,CF311P15400,CF311P15400,487.0,0.0,0.0,0.0,1,222.0,1307.0,1,487.0,0.0,0.0,0.0,0.0,0.0,24
2023-05-09 21:20:08,CF311P15400,CF311P15400,487.0,0.0,0.0,0.0,1,222.0,1304.0,1,487.0,0.0,0.0,0.0,0.0,0.0,24
2023-05-09 21:20:11,CF311P15400,CF311P15400,487.0,0.0,0.0,0.0,1,222.0,1293.0,1,487.0,0.0,0.0,0.0,0.0,0.0,24
2023-05-09 21:20:11,CF311P15400,CF311P15400,487.0,0.0,0.0,0.0,1,222.0,1290.0,1,487.0,0.0,0.0,0.0,0.0,0.0,24
2023-05-09 21:20:16,CF311P15400,CF311P15400,487.0,0.0,0.0,0.0,1,222.0,1279.0,1,487.0,0.0,0.0,0.0,0.0,0.0,24
2023-05-09 21:20:16,CF311P15400,CF311P15400,487.0,0.0,0.0,0.0,1,222.0,1276.0,1,487.0,0.0,0.0,0.0,0.0,0.0,24
2023-05-09 21:20:19,CF311P15400,CF311P15400,487.0,0.0,0.0,0.0,1,222.0,1265.0,1,487.0,0.0,0.0,0.0,0.0,0.0,24
2023-05-09 21:20:20,CF311P15400,CF311P15400,487.0,0.0,0.0,0.0,1,222.0,1262.0,1,487.0,0.0,0.0,0.0,0.0,0.0,24
2023-05-09 21:20:24,CF311P15400,CF311P15400,487.0,0.0,0.0,0.0,1,222.0,1256.0,1,487.0,0.0,0.0,0.0,0.0,0.0,24
2023-05-09 21:20:24,CF311P15400,CF311P15400,487.0,0.0,0.0,0.0,1,222.0,1253.0,1,487.0,0.0,0.0,0.0,0.0,0.0,24
2023-05-09 21:20:27,CF311P15400,CF311P15400,487.0,0.0,0.0,0.0,1,222.0,1252.0,1,487.0,0.0,0.0,0.0,0.0,0.0,24
2023-05-09 21:20:27,CF311P15400,CF311P15400,487.0,0.0,0.0,0.0,1,222.0,1249.0,1,487.0,0.0,0.0,0.0,0.0,0.0,24
2023-05-09 21:20:29,CF311P15400,CF311P15400,487.0,0.0,0.0,0.0,1,222.0,1248.0,1,487.0,0.0,0.0,0.0,0.0,0.0,24
2023-05-09 21:20:30,CF311P15400,CF311P15400,487.0,0.0,0.0,0.0,1,222.0,1245.0,1,487.0,0.0,0.0,0.0,0.0,0.0,24
2023-05-09 21:20:35,CF311P15400,CF311P15400,487.0,0.0,0.0,0.0,1,222.0,1244.0,1,487.0,0.0,0.0,0.0,0.0,0.0,24
2023-05-09 21:20:36,CF311P15400,CF311P15400,487.0,0.0,0.0,0.0,1,222.0,1241.0,1,487.0,0.0,0.0,0.0,0.0,0.0,24
2023-05-09 21:20:40,CF311P15400,CF311P15400,487.0,0.0,0.0,0.0,1,222.0,1240.0,1,487.0,0.0,0.0,0.0,0.0,0.0,24
2023-05-09 21:20:40,CF311P15400,CF311P15400,487.0,0.0,0.0,0.0,1,222.0,1237.0,1,487.0,0.0,0.0,0.0,0.0,0.0,24
2023-05-09 21:20:41,CF311P15400,CF311P15400,487.0,0.0,0.0,0.0,1,222.0,1236.0,1,487.0,0.0,0.0,0.0,0.0,0.0,24
2023-05-09 21:20:42,CF311P15400,CF311P15400,487.0,0.0,0.0,0.0,1,222.0,1233.0,1,487.0,0.0,0.0,0.0,0.0,0.0,24
2023-05-09 21:20:45,CF311P15400,CF311P15400,487.0,0.0,0.0,0.0,1,222.0,1232.0,1,487.0,0.0,0.0,0.0,0.0,0.0,24
2023-05-09 21:20:45,CF311P15400,CF311P15400,487.0,0.0,0.0,0.0,1,222.0,1229.0,1,487.0,0.0,0.0,0.0,0.0,0.0,24
2023-05-09 21:20:49,CF311P15400,CF311P15400,487.0,0.0,0.0,0.0,1,222.0,1228.0,1,487.0,0.0,0.0,0.0,0.0,0.0,24
2023-05-09 21:20:49,CF311P15400,CF311P15400,487.0,0.0,0.0,0.0,1,222.0,1225.0,1,487.0,0.0,0.0,0.0,0.0,0.0,24
2023-05-09 21:20:52,CF311P15400,CF311P15400,487.0,0.0,0.0,0.0,1,222.0,1224.0,1,487.0,0.0,0.0,0.0,0.0,0.0,24
2023-05-09 21:20:53,CF311P15400,CF311P15400,487.0,0.0,0.0,0.0,1,222.0,1221.0,1,487.0,0.0,0.0,0.0,0.0,0.0,24
2023-05-09 21:20:56,CF311P15400,CF311P15400,487.0,0.0,0.0,0.0,1,222.0,1220.0,1,487.0,0.0,0.0,0.0,0.0,0.0,24
2023-05-09 21:20:56,CF311P15400,CF311P15400,487.0,0.0,0.0,0.0,1,222.0,1217.0,1,487.0,0.0,0.0,0.0,0.0,0.0,24
2023-05-09 21:20:58,CF311P15400,CF311P15400,487.0,0.0,0.0,0.0,1,222.0,1216.0,1,487.0,0.0,0.0,0.0,0.0,0.0,24
2023-05-09 21:20:59,CF311P15400,CF311P15400,487.0,0.0,0.0,0.0,1,222.0,1213.0,1,487.0,0.0,0.0,0.0,0.0,0.0,24
2023-05-09 21:21:02,CF311P15400,CF311P15400,487.0,0.0,0.0,0.0,1,222.0,1212.0,1,487.0,0.0,0.0,0.0,0.0,0.0,24
2023-05-09 21:21:02,CF311P15400,CF311P15400,487.0,0.0,0.0,0.0,1,222.0,1209.0,1,487.0,0.0,0.0,0.0,0.0,0.0,24
2023-05-09 21:21:06,CF311P15400,CF311P15400,487.0,0.0,0.0,0.0,1,222.0,1208.0,1,487.0,0.0,0.0,0.0,0.0,0.0,24
2023-05-09 21:21:06,CF311P15400,CF311P15400,487.0,0.0,0.0,0.0,1,222.0,1205.0,1,487.0,0.0,0.0,0.0,0.0,0.0,24
2023-05-09 21:21:09,CF311P15400,CF311P15400,487.0,0.0,0.0,0.0,1,222.0,1204.0,1,487.0,0.0,0.0,0.0,0.0,0.0,24
2023-05-09 21:21:09,CF311P15400,CF311P15400,487.0,0.0,0.0,0.0,1,222.0,1201.0,1,487.0,0.0,0.0,0.0,0.0,0.0,24
2023-05-09 21:21:13,CF311P15400,CF311P15400,487.0,0.0,0.0,0.0,1,222.0,1200.0,1,487.0,0.0,0.0,0.0,0.0,0.0,24
2023-05-09 21:21:13,CF311P15400,CF311P15400,487.0,0.0,0.0,0.0,1,222.0,1197.0,1,487.0,0.0,0.0,0.0,0.0,0.0,24
2023-05-09 21:21:16,CF311P15400,CF311P15400,487.0,0.0,0.0,0.0,1,222.0,1196.0,1,487.0,0.0,0.0,0.0,0.0,0.0,24
2023-05-09 21:21:16,CF311P15400,CF311P15400,487.0,0.0,0.0,0.0,1,222.0,1193.0,1,487.0,0.0,0.0,0.0,0.0,0.0,24
2023-05-09 21:21:19,CF311P15400,CF311P15400,487.0,0.0,0.0,0.0,1,222.0,1192.0,1,487.0,0.0,0.0,0.0,0.0,0.0,24
2023-05-09 21:21:19,CF311P15400,CF311P15400,487.0,0.0,0.0,0.0,1,222.0,1189.0,1,487.0,0.0,0.0,0.0,0.0,0.0,24
2023-05-09 21:21:22,CF311P15400,CF311P15400,487.0,0.0,0.0,0.0,1,222.0,1188.0,1,487.0,0.0,0.0,0.0,0.0,0.0,24
2023-05-09 21:21:22,CF311P15400,CF311P15400,487.0,0.0,0.0,0.0,1,222.0,1185.0,1,487.0,0.0,0.0,0.0,0.0,0.0,24
2023-05-09 21:21:26,CF311P15400,CF311P15400,487.0,0.0,0.0,0.0,1,222.0,1184.0,1,487.0,0.0,0.0,0.0,0.0,0.0,24
2023-05-09 21:21:26,CF311P15400,CF311P15400,487.0,0.0,0.0,0.0,1,222.0,1181.0,1,487.0,0.0,0.0,0.0,0.0,0.0,24
2023-05-09 21:21:29,CF311P15400,CF311P15400,487.0,0.0,0.0,0.0,1,222.0,1180.0,1,487.0,0.0,0.0,0.0,0.0,0.0,24
2023-05-09 21:21:29,CF311P15400,CF311P15400,487.0,0.0,0.0,0.0,1,222.0,1177.0,1,487.0,0.0,0.0,0.0,0.0,0.0,24
2023-05-09 21:21:33,CF311P15400,CF311P15400,487.0,0.0,0.0,0.0,1,222.0,1176.0,1,487.0,0.0,0.0,0.0,0.0,0.0,24
2023-05-09 21:21:34,CF311P15400,CF311P15400,487.0,0.0,0.0,0.0,1,222.0,1173.0,1,487.0,0.0,0.0,0.0,0.0,0.0,24
2023-05-09 21:21:38,CF311P15400,CF311P15400,487.0,0.0,0.0,0.0,1,222.0,1172.0,1,487.0,0.0,0.0,0.0,0.0,0.0,24
2023-05-09 21:21:38,CF311P15400,CF311P15400,487.0,0.0,0.0,0.0,1,222.0,1169.0,1,487.0,0.0,0.0,0.0,0.0,0.0,24
2023-05-09 21:21:41,CF311P15400,CF311P15400,487.0,0.0,0.0,0.0,1,222.0,1168.0,1,487.0,0.0,0.0,0.0,0.0,0.0,24
2023-05-09 21:21:42,CF311P15400,CF311P15400,487.0,0.0,0.0,0.0,1,222.0,1165.0,1,487.0,0.0,0.0,0.0,0.0,0.0,24
2023-05-09 21:21:43,CF311P15400,CF311P15400,487.0,0.0,0.0,0.0,1,222.0,1164.0,1,487.0,0.0,0.0,0.0,0.0,0.0,24
2023-05-09 21:21:43,CF311P15400,CF311P15400,487.0,0.0,0.0,0.0,1,222.0,1161.0,1,487.0,0.0,0.0,0.0,0.0,0.0,24
2023-05-09 21:21:46,CF311P15400,CF311P15400,487.0,0.0,0.0,0.0,1,222.0,1160.0,1,487.0,0.0,0.0,0.0,0.0,0.0,24
2023-05-09 21:21:47,CF311P15400,CF311P15400,487.0,0.0,0.0,0.0,1,222.0,1157.0,1,487.0,0.0,0.0,0.0,0.0,0.0,24
2023-05-09 21:21:50,CF311P15400,CF311P15400,487.0,0.0,0.0,0.0,1,222.0,1156.0,1,487.0,0.0,0.0,0.0,0.0,0.0,24
2023-05-09 21:21:50,CF311P15400,CF311P15400,487.0,0.0,0.0,0.0,1,222.0,1153.0,1,487.0,0.0,0.0,0.0,0.0,0.0,24
2023-05-09 21:21:52,CF311P15400,CF311P15400,487.0,0.0,0.0,0.0,1,222.0,1152.0,1,487.0,0.0,0.0,0.0,0.0,0.0,24
2023-05-09 21:21:53,CF311P15400,CF311P15400,487.0,0.0,0.0,0.0,1,222.0,1149.0,1,487.0,0.0,0.0,0.0,0.0,0.0,24
2023-05-09 21:21:57,CF311P15400,CF311P15400,487.0,0.0,0.0,0.0,1,222.0,1148.0,1,487.0,0.0,0.0,0.0,0.0,0.0,24
2023-05-09 21:21:57,CF311P15400,CF311P15400,487.0,0.0,0.0,0.0,1,222.0,1145.0,1,487.0,0.0,0.0,0.0,0.0,0.0,24
2023-05-09 21:22:01,CF311P15400,CF311P15400,487.0,0.0,0.0,0.0,1,222.0,1144.0,1,487.0,0.0,0.0,0.0,0.0,0.0,24
2023-05-09 21:22:01,CF311P15400,CF311P15400,487.0,0.0,0.0,0.0,1,222.0,1141.0,1,487.0,0.0,0.0,0.0,0.0,0.0,24
2023-05-09 21:22:03,CF311P15400,CF311P15400,487.0,0.0,0.0,0.0,1,222.0,1140.0,1,487.0,0.0,0.0,0.0,0.0,0.0,24
2023-05-09 21:22:03,CF311P15400,CF311P15400,487.0,0.0,0.0,0.0,1,222.0,1137.0,1,487.0,0.0,0.0,0.0,0.0,0.0,24
2023-05-09 21:22:06,CF311P15400,CF311P15400,487.0,0.0,0.0,0.0,1,222.0,1136.0,1,487.0,0.0,0.0,0.0,0.0,0.0,24
2023-05-09 21:22:06,CF311P15400,CF311P15400,487.0,0.0,0.0,0.0,1,222.0,1133.0,1,487.0,0.0,0.0,0.0,0.0,0.0,24
2023-05-09 21:22:10,CF311P15400,CF311P15400,487.0,0.0,0.0,0.0,1,222.0,1132.0,1,487.0,0.0,0.0,0.0,0.0,0.0,24
2023-05-09 21:22:10,CF311P15400,CF311P15400,487.0,0.0,0.0,0.0,1,222.0,1129.0,1,487.0,0.0,0.0,0.0,0.0,0.0,24
2023-05-09 21:22:14,CF311P15400,CF311P15400,487.0,0.0,0.0,0.0,1,222.0,1128.0,1,487.0,0.0,0.0,0.0,0.0,0.0,24
2023-05-09 21:22:14,CF311P15400,CF311P15400,487.0,0.0,0.0,0.0,1,222.0,1125.0,1,487.0,0.0,0.0,0.0,0.0,0.0,24
2023-05-09 21:22:17,CF311P15400,CF311P15400,487.0,0.0,0.0,0.0,1,222.0,1124.0,1,487.0,0.0,0.0,0.0,0.0,0.0,24
2023-05-09 21:22:17,CF311P15400,CF311P15400,487.0,0.0,0.0,0.0,1,222.0,1121.0,1,487.0,0.0,0.0,0.0,0.0,0.0,24
2023-05-09 21:22:22,CF311P15400,CF311P15400,487.0,0.0,0.0,0.0,1,222.0,1120.0,1,487.0,0.0,0.0,0.0,0.0,0.0,24
2023-05-09 21:22:23,CF311P15400,CF311P15400,487.0,0.0,0.0,0.0,1,222.0,1117.0,1,487.0,0.0,0.0,0.0,0.0,0.0,24
2023-05-09 21:22:28,CF311P15400,CF311P15400,487.0,0.0,0.0,0.0,1,222.0,1116.0,1,487.0,0.0,0.0,0.0,0.0,0.0,24
2023-05-09 21:22:29,CF311P15400,CF311P15400,487.0,0.0,0.0,0.0,1,222.0,1113.0,1,487.0,0.0,0.0,0.0,0.0,0.0,24
2023-05-09 22:59:55,CF311P15400,CF311P15400,487.0,0.0,0.0,0.0,1,47.0,0.0,0,487.0,0.0,0.0,0.0,0.0,0.0,24
2023-05-10 09:01:15,CF311P15400,CF311P15400,487.0,0.0,0.0,0.0,2,55.0,0.0,0,487.0,0.0,0.0,0.0,0.0,0.0,24
2023-05-10 09:01:15,CF311P15400,CF311P15400,487.0,0.0,0.0,0.0,2,55.0,1444.0,1,487.0,0.0,0.0,0.0,0.0,0.0,24
2023-05-10 09:01:16,CF311P15400,CF311P15400,487.0,0.0,0.0,0.0,1,56.0,1444.0,1,487.0,0.0,0.0,0.0,0.0,0.0,24
2023-05-10 09:01:19,CF311P15400,CF311P15400,487.0,0.0,0.0,0.0,1,59.0,1444.0,1,487.0,0.0,0.0,0.0,0.0,0.0,24
2023-05-10 09:01:58,CF311P15400,CF311P15400,487.0,0.0,0.0,0.0,2,60.0,1444.0,1,487.0,0.0,0.0,0.0,0.0,0.0,24
2023-05-10 09:02:00,CF311P15400,CF311P15400,487.0,0.0,0.0,0.0,1,63.0,1444.0,1,487.0,0.0,0.0,0.0,0.0,0.0,24
2023-05-10 09:02:03,CF311P15400,CF311P15400,487.0,0.0,0.0,0.0,2,64.0,1444.0,1,487.0,0.0,0.0,0.0,0.0,0.0,24
2023-05-10 09:02:05,CF311P15400,CF311P15400,487.0,0.0,0.0,0.0,1,67.0,1444.0,1,487.0,0.0,0.0,0.0,0.0,0.0,24
2023-05-10 09:02:06,CF311P15400,CF311P15400,487.0,0.0,0.0,0.0,2,68.0,1444.0,1,487.0,0.0,0.0,0.0,0.0,0.0,24
2023-05-10 09:02:10,CF311P15400,CF311P15400,487.0,0.0,0.0,0.0,1,71.0,1444.0,1,487.0,0.0,0.0,0.0,0.0,0.0,24
2023-05-10 09:02:11,CF311P15400,CF311P15400,487.0,0.0,0.0,0.0,2,72.0,1444.0,1,487.0,0.0,0.0,0.0,0.0,0.0,24
2023-05-10 09:02:16,CF311P15400,CF311P15400,487.0,0.0,0.0,0.0,1,75.0,1444.0,1,487.0,0.0,0.0,0.0,0.0,0.0,24
2023-05-10 09:02:17,CF311P15400,CF311P15400,487.0,0.0,0.0,0.0,2,76.0,1444.0,1,487.0,0.0,0.0,0.0,0.0,0.0,24
2023-05-10 09:02:19,CF311P15400,CF311P15400,487.0,0.0,0.0,0.0,1,79.0,1444.0,1,487.0,0.0,0.0,0.0,0.0,0.0,24
2023-05-10 09:02:20,CF311P15400,CF311P15400,487.0,0.0,0.0,0.0,2,80.0,1444.0,1,487.0,0.0,0.0,0.0,0.0,0.0,24
2023-05-10 09:02:21,CF311P15400,CF311P15400,487.0,0.0,0.0,0.0,1,83.0,1444.0,1,487.0,0.0,0.0,0.0,0.0,0.0,24
2023-05-10 09:02:22,CF311P15400,CF311P15400,487.0,0.0,0.0,0.0,2,84.0,1444.0,1,487.0,0.0,0.0,0.0,0.0,0.0,24
2023-05-10 09:02:23,CF311P15400,CF311P15400,487.0,0.0,0.0,0.0,1,87.0,1444.0,1,487.0,0.0,0.0,0.0,0.0,0.0,24
2023-05-10 09:02:24,CF311P15400,CF311P15400,487.0,0.0,0.0,0.0,2,88.0,1444.0,1,487.0,0.0,0.0,0.0,0.0,0.0,24
2023-05-10 09:02:24,CF311P15400,CF311P15400,487.0,0.0,0.0,0.0,1,91.0,1444.0,1,487.0,0.0,0.0,0.0,0.0,0.0,24
2023-05-10 09:02:25,CF311P15400,CF311P15400,487.0,0.0,0.0,0.0,2,92.0,1444.0,1,487.0,0.0,0.0,0.0,0.0,0.0,24
2023-05-10 09:02:28,CF311P15400,CF311P15400,487.0,0.0,0.0,0.0,1,95.0,1444.0,1,487.0,0.0,0.0,0.0,0.0,0.0,24
2023-05-10 09:02:29,CF311P15400,CF311P15400,487.0,0.0,0.0,0.0,2,96.0,1444.0,1,487.0,0.0,0.0,0.0,0.0,0.0,24
2023-05-10 09:02:29,CF311P15400,CF311P15400,487.0,0.0,0.0,0.0,1,99.0,1444.0,1,487.0,0.0,0.0,0.0,0.0,0.0,24
2023-05-10 09:02:31,CF311P15400,CF311P15400,487.0,0.0,0.0,0.0,2,100.0,1444.0,1,487.0,0.0,0.0,0.0,0.0,0.0,24
2023-05-10 09:02:31,CF311P15400,CF311P15400,487.0,0.0,0.0,0.0,1,103.0,1444.0,1,487.0,0.0,0.0,0.0,0.0,0.0,24
2023-05-10 09:02:32,CF311P15400,CF311P15400,487.0,0.0,0.0,0.0,2,104.0,1444.0,1,487.0,0.0,0.0,0.0,0.0,0.0,24
2023-05-10 09:02:34,CF311P15400,CF311P15400,487.0,0.0,0.0,0.0,1,107.0,1444.0,1,487.0,0.0,0.0,0.0,0.0,0.0,24
2023-05-10 09:02:35,CF311P15400,CF311P15400,487.0,0.0,0.0,0.0,2,108.0,1444.0,1,487.0,0.0,0.0,0.0,0.0,0.0,24
2023-05-10 09:02:39,CF311P15400,CF311P15400,487.0,0.0,0.0,0.0,1,111.0,1444.0,1,487.0,0.0,0.0,0.0,0.0,0.0,24
2023-05-10 09:02:40,CF311P15400,CF311P15400,487.0,0.0,0.0,0.0,2,112.0,1444.0,1,487.0,0.0,0.0,0.0,0.0,0.0,24
2023-05-10 09:02:44,CF311P15400,CF311P15400,487.0,0.0,0.0,0.0,1,115.0,1444.0,1,487.0,0.0,0.0,0.0,0.0,0.0,24
2023-05-10 09:02:45,CF311P15400,CF311P15400,487.0,0.0,0.0,0.0,2,116.0,1444.0,1,487.0,0.0,0.0,0.0,0.0,0.0,24
2023-05-10 09:02:47,CF311P15400,CF311P15400,487.0,0.0,0.0,0.0,1,119.0,1444.0,1,487.0,0.0,0.0,0.0,0.0,0.0,24
2023-05-10 09:02:48,CF311P15400,CF311P15400,487.0,0.0,0.0,0.0,2,120.0,1444.0,1,487.0,0.0,0.0,0.0,0.0,0.0,24
2023-05-10 09:02:53,CF311P15400,CF311P15400,487.0,0.0,0.0,0.0,1,123.0,1444.0,1,487.0,0.0,0.0,0.0,0.0,0.0,24
2023-05-10 09:02:54,CF311P15400,CF311P15400,487.0,0.0,0.0,0.0,2,124.0,1444.0,1,487.0,0.0,0.0,0.0,0.0,0.0,24
2023-05-10 09:02:54,CF311P15400,CF311P15400,487.0,0.0,0.0,0.0,1,127.0,1444.0,1,487.0,0.0,0.0,0.0,0.0,0.0,24
2023-05-10 09:02:55,CF311P15400,CF311P15400,487.0,0.0,0.0,0.0,2,128.0,1444.0,1,487.0,0.0,0.0,0.0,0.0,0.0,24
2023-05-10 09:02:55,CF311P15400,CF311P15400,487.0,0.0,0.0,0.0,1,131.0,1444.0,1,487.0,0.0,0.0,0.0,0.0,0.0,24
2023-05-10 09:02:56,CF311P15400,CF311P15400,487.0,0.0,0.0,0.0,2,132.0,1444.0,1,487.0,0.0,0.0,0.0,0.0,0.0,24
2023-05-10 09:02:58,CF311P15400,CF311P15400,487.0,0.0,0.0,0.0,1,135.0,1444.0,1,487.0,0.0,0.0,0.0,0.0,0.0,24
2023-05-10 09:02:59,CF311P15400,CF311P15400,487.0,0.0,0.0,0.0,2,136.0,1444.0,1,487.0,0.0,0.0,0.0,0.0,0.0,24
2023-05-10 09:03:00,CF311P15400,CF311P15400,487.0,0.0,0.0,0.0,1,139.0,1444.0,1,487.0,0.0,0.0,0.0,0.0,0.0,24
2023-05-10 09:03:01,CF311P15400,CF311P15400,487.0,0.0,0.0,0.0,2,140.0,1444.0,1,487.0,0.0,0.0,0.0,0.0,0.0,24
2023-05-10 09:03:09,CF311P15400,CF311P15400,487.0,0.0,0.0,0.0,1,143.0,1444.0,1,487.0,0.0,0.0,0.0,0.0,0.0,24
2023-05-10 09:03:10,CF311P15400,CF311P15400,487.0,0.0,0.0,0.0,2,144.0,1444.0,1,487.0,0.0,0.0,0.0,0.0,0.0,24
2023-05-10 09:03:11,CF311P15400,CF311P15400,487.0,0.0,0.0,0.0,1,147.0,1444.0,1,487.0,0.0,0.0,0.0,0.0,0.0,24
2023-05-10 09:03:12,CF311P15400,CF311P15400,487.0,0.0,0.0,0.0,2,148.0,1444.0,1,487.0,0.0,0.0,0.0,0.0,0.0,24
2023-05-10 09:03:13,CF311P15400,CF311P15400,487.0,0.0,0.0,0.0,1,151.0,1444.0,1,487.0,0.0,0.0,0.0,0.0,0.0,24
2023-05-10 09:03:14,CF311P15400,CF311P15400,487.0,0.0,0.0,0.0,2,152.0,1444.0,1,487.0,0.0,0.0,0.0,0.0,0.0,24
2023-05-10 09:03:16,CF311P15400,CF311P15400,487.0,0.0,0.0,0.0,1,155.0,1444.0,1,487.0,0.0,0.0,0.0,0.0,0.0,24
2023-05-10 09:03:17,CF311P15400,CF311P15400,487.0,0.0,0.0,0.0,2,156.0,1444.0,1,487.0,0.0,0.0,0.0,0.0,0.0,24
2023-05-10 09:03:19,CF311P15400,CF311P15400,487.0,0.0,0.0,0.0,1,159.0,1444.0,1,487.0,0.0,0.0,0.0,0.0,0.0,24
2023-05-10 09:03:20,CF311P15400,CF311P15400,487.0,0.0,0.0,0.0,2,160.0,1444.0,1,487.0,0.0,0.0,0.0,0.0,0.0,24
2023-05-10 09:03:23,CF311P15400,CF311P15400,487.0,0.0,0.0,0.0,1,163.0,1444.0,1,487.0,0.0,0.0,0.0,0.0,0.0,24
2023-05-10 09:03:24,CF311P15400,CF311P15400,487.0,0.0,0.0,0.0,2,164.0,1444.0,1,487.0,0.0,0.0,0.0,0.0,0.0,24
2023-05-10 09:03:24,CF311P15400,CF311P15400,487.0,0.0,0.0,0.0,1,167.0,1444.0,1,487.0,0.0,0.0,0.0,0.0,0.0,24
2023-05-10 09:03:25,CF311P15400,CF311P15400,487.0,0.0,0.0,0.0,2,168.0,1444.0,1,487.0,0.0,0.0,0.0,0.0,0.0,24
2023-05-10 09:03:27,CF311P15400,CF311P15400,487.0,0.0,0.0,0.0,1,171.0,1444.0,1,487.0,0.0,0.0,0.0,0.0,0.0,24
2023-05-10 09:03:28,CF311P15400,CF311P15400,487.0,0.0,0.0,0.0,2,172.0,1444.0,1,487.0,0.0,0.0,0.0,0.0,0.0,24
2023-05-10 09:03:28,CF311P15400,CF311P15400,487.0,0.0,0.0,0.0,1,175.0,1444.0,1,487.0,0.0,0.0,0.0,0.0,0.0,24
2023-05-10 09:03:29,CF311P15400,CF311P15400,487.0,0.0,0.0,0.0,2,176.0,1444.0,1,487.0,0.0,0.0,0.0,0.0,0.0,24
2023-05-10 09:03:33,CF311P15400,CF311P15400,487.0,0.0,0.0,0.0,1,179.0,1444.0,1,487.0,0.0,0.0,0.0,0.0,0.0,24
2023-05-10 09:03:34,CF311P15400,CF311P15400,487.0,0.0,0.0,0.0,2,180.0,1444.0,1,487.0,0.0,0.0,0.0,0.0,0.0,24
2023-05-10 09:03:34,CF311P15400,CF311P15400,487.0,0.0,0.0,0.0,1,183.0,1444.0,1,487.0,0.0,0.0,0.0,0.0,0.0,24
2023-05-10 09:03:36,CF311P15400,CF311P15400,487.0,0.0,0.0,0.0,2,184.0,1444.0,1,487.0,0.0,0.0,0.0,0.0,0.0,24
2023-05-10 09:03:42,CF311P15400,CF311P15400,487.0,0.0,0.0,0.0,1,187.0,1444.0,1,487.0,0.0,0.0,0.0,0.0,0.0,24
2023-05-10 09:03:43,CF311P15400,CF311P15400,487.0,0.0,0.0,0.0,2,188.0,1444.0,1,487.0,0.0,0.0,0.0,0.0,0.0,24
2023-05-10 09:03:45,CF311P15400,CF311P15400,487.0,0.0,0.0,0.0,1,191.0,1444.0,1,487.0,0.0,0.0,0.0,0.0,0.0,24
2023-05-10 09:03:47,CF311P15400,CF311P15400,487.0,0.0,0.0,0.0,2,192.0,1444.0,1,487.0,0.0,0.0,0.0,0.0,0.0,24
2023-05-10 09:03:48,CF311P15400,CF311P15400,487.0,0.0,0.0,0.0,1,195.0,1444.0,1,487.0,0.0,0.0,0.0,0.0,0.0,24
2023-05-10 09:03:49,CF311P15400,CF311P15400,487.0,0.0,0.0,0.0,2,196.0,1444.0,1,487.0,0.0,0.0,0.0,0.0,0.0,24
2023-05-10 09:03:50,CF311P15400,CF311P15400,487.0,0.0,0.0,0.0,1,199.0,1444.0,1,487.0,0.0,0.0,0.0,0.0,0.0,24
2023-05-10 09:03:51,CF311P15400,CF311P15400,487.0,0.0,0.0,0.0,2,200.0,1444.0,1,487.0,0.0,0.0,0.0,0.0,0.0,24
2023-05-10 09:03:54,CF311P15400,CF311P15400,487.0,0.0,0.0,0.0,1,203.0,1444.0,1,487.0,0.0,0.0,0.0,0.0,0.0,24
2023-05-10 09:03:55,CF311P15400,CF311P15400,487.0,0.0,0.0,0.0,2,204.0,1444.0,1,487.0,0.0,0.0,0.0,0.0,0.0,24
2023-05-10 09:03:57,CF311P15400,CF311P15400,487.0,0.0,0.0,0.0,1,207.0,1444.0,1,487.0,0.0,0.0,0.0,0.0,0.0,24
2023-05-10 09:03:58,CF311P15400,CF311P15400,487.0,0.0,0.0,0.0,2,208.0,1444.0,1,487.0,0.0,0.0,0.0,0.0,0.0,24
2023-05-10 09:04:00,CF311P15400,CF311P15400,487.0,0.0,0.0,0.0,1,211.0,1444.0,1,487.0,0.0,0.0,0.0,0.0,0.0,24
2023-05-10 09:04:01,CF311P15400,CF311P15400,487.0,0.0,0.0,0.0,2,212.0,1444.0,1,487.0,0.0,0.0,0.0,0.0,0.0,24
2023-05-10 09:04:08,CF311P15400,CF311P15400,487.0,0.0,0.0,0.0,1,215.0,1444.0,1,487.0,0.0,0.0,0.0,0.0,0.0,24
2023-05-10 09:04:09,CF311P15400,CF311P15400,487.0,0.0,0.0,0.0,2,216.0,1444.0,1,487.0,0.0,0.0,0.0,0.0,0.0,24
2023-05-10 09:04:14,CF311P15400,CF311P15400,487.0,0.0,0.0,0.0,1,219.0,1444.0,1,487.0,0.0,0.0,0.0,0.0,0.0,24
2023-05-10 09:04:15,CF311P15400,CF311P15400,487.0,0.0,0.0,0.0,2,220.0,1444.0,1,487.0,0.0,0.0,0.0,0.0,0.0,24
2023-05-10 09:04:16,CF311P15400,CF311P15400,487.0,0.0,0.0,0.0,1,223.0,1444.0,1,487.0,0.0,0.0,0.0,0.0,0.0,24
2023-05-10 09:14:43,CF311P15400,CF311P15400,487.0,0.0,0.0,0.0,1,223.0,1433.0,1,487.0,0.0,0.0,0.0,0.0,0.0,24
2023-05-10 09:14:44,CF311P15400,CF311P15400,487.0,0.0,0.0,0.0,1,223.0,1430.0,1,487.0,0.0,0.0,0.0,0.0,0.0,24
2023-05-10 09:14:48,CF311P15400,CF311P15400,487.0,0.0,0.0,0.0,1,223.0,1419.0,1,487.0,0.0,0.0,0.0,0.0,0.0,24
2023-05-10 09:14:49,CF311P15400,CF311P15400,487.0,0.0,0.0,0.0,1,223.0,1416.0,1,487.0,0.0,0.0,0.0,0.0,0.0,24
2023-05-10 09:14:56,CF311P15400,CF311P15400,487.0,0.0,0.0,0.0,1,223.0,1405.0,1,487.0,0.0,0.0,0.0,0.0,0.0,24
2023-05-10 09:14:56,CF311P15400,CF311P15400,487.0,0.0,0.0,0.0,1,223.0,1402.0,1,487.0,0.0,0.0,0.0,0.0,0.0,24
2023-05-10 09:15:05,CF311P15400,CF311P15400,487.0,0.0,0.0,0.0,1,223.0,1391.0,1,487.0,0.0,0.0,0.0,0.0,0.0,24
2023-05-10 09:15:06,CF311P15400,CF311P15400,487.0,0.0,0.0,0.0,1,223.0,1388.0,1,487.0,0.0,0.0,0.0,0.0,0.0,24
2023-05-10 09:15:14,CF311P15400,CF311P15400,487.0,0.0,0.0,0.0,1,223.0,1377.0,1,487.0,0.0,0.0,0.0,0.0,0.0,24
2023-05-10 09:15:14,CF311P15400,CF311P15400,487.0,0.0,0.0,0.0,1,223.0,1374.0,1,487.0,0.0,0.0,0.0,0.0,0.0,24
2023-05-10 09:15:21,CF311P15400,CF311P15400,487.0,0.0,0.0,0.0,1,223.0,1363.0,1,487.0,0.0,0.0,0.0,0.0,0.0,24
2023-05-10 09:15:21,CF311P15400,CF311P15400,487.0,0.0,0.0,0.0,1,223.0,1360.0,1,487.0,0.0,0.0,0.0,0.0,0.0,24
2023-05-10 09:15:26,CF311P15400,CF311P15400,487.0,0.0,0.0,0.0,1,223.0,1349.0,1,487.0,0.0,0.0,0.0,0.0,0.0,24
2023-05-10 09:15:27,CF311P15400,CF311P15400,487.0,0.0,0.0,0.0,1,223.0,1346.0,1,487.0,0.0,0.0,0.0,0.0,0.0,24
2023-05-10 09:15:37,CF311P15400,CF311P15400,487.0,0.0,0.0,0.0,1,223.0,1335.0,1,487.0,0.0,0.0,0.0,0.0,0.0,24
2023-05-10 09:15:38,CF311P15400,CF311P15400,487.0,0.0,0.0,0.0,1,223.0,1332.0,1,487.0,0.0,0.0,0.0,0.0,0.0,24
2023-05-10 09:15:46,CF311P15400,CF311P15400,487.0,0.0,0.0,0.0,1,223.0,1321.0,1,487.0,0.0,0.0,0.0,0.0,0.0,24
2023-05-10 09:15:47,CF311P15400,CF311P15400,487.0,0.0,0.0,0.0,1,223.0,1318.0,1,487.0,0.0,0.0,0.0,0.0,0.0,24
2023-05-10 09:15:52,CF311P15400,CF311P15400,487.0,0.0,0.0,0.0,1,223.0,1307.0,1,487.0,0.0,0.0,0.0,0.0,0.0,24
2023-05-10 09:15:53,CF311P15400,CF311P15400,487.0,0.0,0.0,0.0,1,223.0,1304.0,1,487.0,0.0,0.0,0.0,0.0,0.0,24
2023-05-10 09:16:02,CF311P15400,CF311P15400,487.0,0.0,0.0,0.0,1,223.0,1293.0,1,487.0,0.0,0.0,0.0,0.0,0.0,24
2023-05-10 09:16:02,CF311P15400,CF311P15400,487.0,0.0,0.0,0.0,1,223.0,1290.0,1,487.0,0.0,0.0,0.0,0.0,0.0,24
2023-05-10 09:16:10,CF311P15400,CF311P15400,487.0,0.0,0.0,0.0,1,223.0,1279.0,1,487.0,0.0,0.0,0.0,0.0,0.0,24
2023-05-10 09:16:11,CF311P15400,CF311P15400,487.0,0.0,0.0,0.0,1,223.0,1276.0,1,487.0,0.0,0.0,0.0,0.0,0.0,24
2023-05-10 09:16:18,CF311P15400,CF311P15400,487.0,0.0,0.0,0.0,1,223.0,1265.0,1,487.0,0.0,0.0,0.0,0.0,0.0,24
2023-05-10 09:16:19,CF311P15400,CF311P15400,487.0,0.0,0.0,0.0,1,223.0,1262.0,1,487.0,0.0,0.0,0.0,0.0,0.0,24
2023-05-10 09:16:29,CF311P15400,CF311P15400,487.0,0.0,0.0,0.0,1,223.0,1251.0,1,487.0,0.0,0.0,0.0,0.0,0.0,24
2023-05-10 09:16:29,CF311P15400,CF311P15400,487.0,0.0,0.0,0.0,1,223.0,1248.0,1,487.0,0.0,0.0,0.0,0.0,0.0,24
2023-05-10 09:16:35,CF311P15400,CF311P15400,487.0,0.0,0.0,0.0,1,223.0,1237.0,1,487.0,0.0,0.0,0.0,0.0,0.0,24
2023-05-10 09:16:35,CF311P15400,CF311P15400,487.0,0.0,0.0,0.0,1,223.0,1234.0,1,487.0,0.0,0.0,0.0,0.0,0.0,24
2023-05-10 09:16:39,CF311P15400,CF311P15400,487.0,0.0,0.0,0.0,1,223.0,1223.0,1,487.0,0.0,0.0,0.0,0.0,0.0,24
2023-05-10 09:16:40,CF311P15400,CF311P15400,487.0,0.0,0.0,0.0,1,223.0,1220.0,1,487.0,0.0,0.0,0.0,0.0,0.0,24
2023-05-10 09:16:43,CF311P15400,CF311P15400,487.0,0.0,0.0,0.0,1,223.0,1214.0,1,487.0,0.0,0.0,0.0,0.0,0.0,24
2023-05-10 09:16:43,CF311P15400,CF311P15400,487.0,0.0,0.0,0.0,1,223.0,1211.0,1,487.0,0.0,0.0,0.0,0.0,0.0,24
2023-05-10 09:16:43,CF311P15400,CF311P15400,487.0,0.0,0.0,0.0,1,223.0,1214.0,1,487.0,0.0,0.0,0.0,0.0,0.0,24
2023-05-10 09:16:43,CF311P15400,CF311P15400,487.0,0.0,0.0,0.0,1,223.0,1211.0,1,487.0,0.0,0.0,0.0,0.0,0.0,24
2023-05-10 09:16:47,CF311P15400,CF311P15400,487.0,0.0,0.0,0.0,1,223.0,1210.0,1,487.0,0.0,0.0,0.0,0.0,0.0,24
2023-05-10 09:16:48,CF311P15400,CF311P15400,487.0,0.0,0.0,0.0,1,223.0,1207.0,1,487.0,0.0,0.0,0.0,0.0,0.0,24
2023-05-10 09:16:53,CF311P15400,CF311P15400,487.0,0.0,0.0,0.0,1,223.0,1206.0,1,487.0,0.0,0.0,0.0,0.0,0.0,24
2023-05-10 09:16:53,CF311P15400,CF311P15400,487.0,0.0,0.0,0.0,1,223.0,1203.0,1,487.0,0.0,0.0,0.0,0.0,0.0,24
2023-05-10 09:16:56,CF311P15400,CF311P15400,487.0,0.0,0.0,0.0,1,223.0,1202.0,1,487.0,0.0,0.0,0.0,0.0,0.0,24
2023-05-10 09:16:57,CF311P15400,CF311P15400,487.0,0.0,0.0,0.0,1,223.0,1199.0,1,487.0,0.0,0.0,0.0,0.0,0.0,24
2023-05-10 09:17:05,CF311P15400,CF311P15400,487.0,0.0,0.0,0.0,1,223.0,1198.0,1,487.0,0.0,0.0,0.0,0.0,0.0,24
2023-05-10 09:17:05,CF311P15400,CF311P15400,487.0,0.0,0.0,0.0,1,223.0,1195.0,1,487.0,0.0,0.0,0.0,0.0,0.0,24
2023-05-10 09:17:09,CF311P15400,CF311P15400,487.0,0.0,0.0,0.0,1,223.0,1194.0,1,487.0,0.0,0.0,0.0,0.0,0.0,24
2023-05-10 09:17:10,CF311P15400,CF311P15400,487.0,0.0,0.0,0.0,1,223.0,1191.0,1,487.0,0.0,0.0,0.0,0.0,0.0,24
2023-05-10 09:17:13,CF311P15400,CF311P15400,487.0,0.0,0.0,0.0,1,223.0,1190.0,1,487.0,0.0,0.0,0.0,0.0,0.0,24
2023-05-10 09:17:14,CF311P15400,CF311P15400,487.0,0.0,0.0,0.0,1,223.0,1187.0,1,487.0,0.0,0.0,0.0,0.0,0.0,24
2023-05-10 09:17:19,CF311P15400,CF311P15400,487.0,0.0,0.0,0.0,1,223.0,1186.0,1,487.0,0.0,0.0,0.0,0.0,0.0,24
2023-05-10 09:17:19,CF311P15400,CF311P15400,487.0,0.0,0.0,0.0,1,223.0,1183.0,1,487.0,0.0,0.0,0.0,0.0,0.0,24
2023-05-10 09:17:23,CF311P15400,CF311P15400,487.0,0.0,0.0,0.0,1,223.0,1182.0,1,487.0,0.0,0.0,0.0,0.0,0.0,24
2023-05-10 09:17:23,CF311P15400,CF311P15400,487.0,0.0,0.0,0.0,1,223.0,1179.0,1,487.0,0.0,0.0,0.0,0.0,0.0,24
2023-05-10 09:17:28,CF311P15400,CF311P15400,487.0,0.0,0.0,0.0,1,223.0,1178.0,1,487.0,0.0,0.0,0.0,0.0,0.0,24
2023-05-10 09:17:28,CF311P15400,CF311P15400,487.0,0.0,0.0,0.0,1,223.0,1175.0,1,487.0,0.0,0.0,0.0,0.0,0.0,24
2023-05-10 09:17:33,CF311P15400,CF311P15400,487.0,0.0,0.0,0.0,1,223.0,1174.0,1,487.0,0.0,0.0,0.0,0.0,0.0,24
2023-05-10 09:17:33,CF311P15400,CF311P15400,487.0,0.0,0.0,0.0,1,223.0,1171.0,1,487.0,0.0,0.0,0.0,0.0,0.0,24
2023-05-10 09:17:38,CF311P15400,CF311P15400,487.0,0.0,0.0,0.0,1,223.0,1170.0,1,487.0,0.0,0.0,0.0,0.0,0.0,24
2023-05-10 09:17:39,CF311P15400,CF311P15400,487.0,0.0,0.0,0.0,1,223.0,1167.0,1,487.0,0.0,0.0,0.0,0.0,0.0,24
2023-05-10 09:17:44,CF311P15400,CF311P15400,487.0,0.0,0.0,0.0,1,223.0,1166.0,1,487.0,0.0,0.0,0.0,0.0,0.0,24
2023-05-10 09:17:45,CF311P15400,CF311P15400,487.0,0.0,0.0,0.0,1,223.0,1163.0,1,487.0,0.0,0.0,0.0,0.0,0.0,24
2023-05-10 09:17:50,CF311P15400,CF311P15400,487.0,0.0,0.0,0.0,1,223.0,1162.0,1,487.0,0.0,0.0,0.0,0.0,0.0,24
2023-05-10 09:17:50,CF311P15400,CF311P15400,487.0,0.0,0.0,0.0,1,223.0,1159.0,1,487.0,0.0,0.0,0.0,0.0,0.0,24
2023-05-10 09:17:55,CF311P15400,CF311P15400,487.0,0.0,0.0,0.0,1,223.0,1158.0,1,487.0,0.0,0.0,0.0,0.0,0.0,24
2023-05-10 09:17:56,CF311P15400,CF311P15400,487.0,0.0,0.0,0.0,1,223.0,1155.0,1,487.0,0.0,0.0,0.0,0.0,0.0,24
2023-05-10 09:18:00,CF311P15400,CF311P15400,487.0,0.0,0.0,0.0,1,223.0,1154.0,1,487.0,0.0,0.0,0.0,0.0,0.0,24
2023-05-10 09:18:00,CF311P15400,CF311P15400,487.0,0.0,0.0,0.0,1,223.0,1151.0,1,487.0,0.0,0.0,0.0,0.0,0.0,24
2023-05-10 09:18:05,CF311P15400,CF311P15400,487.0,0.0,0.0,0.0,1,223.0,1150.0,1,487.0,0.0,0.0,0.0,0.0,0.0,24
2023-05-10 09:18:06,CF311P15400,CF311P15400,487.0,0.0,0.0,0.0,1,223.0,1147.0,1,487.0,0.0,0.0,0.0,0.0,0.0,24
2023-05-10 09:18:11,CF311P15400,CF311P15400,487.0,0.0,0.0,0.0,1,223.0,1146.0,1,487.0,0.0,0.0,0.0,0.0,0.0,24
2023-05-10 09:18:11,CF311P15400,CF311P15400,487.0,0.0,0.0,0.0,1,223.0,1143.0,1,487.0,0.0,0.0,0.0,0.0,0.0,24
2023-05-10 09:18:17,CF311P15400,CF311P15400,487.0,0.0,0.0,0.0,1,223.0,1142.0,1,487.0,0.0,0.0,0.0,0.0,0.0,24
2023-05-10 09:18:18,CF311P15400,CF311P15400,487.0,0.0,0.0,0.0,1,223.0,1139.0,1,487.0,0.0,0.0,0.0,0.0,0.0,24
2023-05-10 09:18:19,CF311P15400,CF311P15400,487.0,0.0,0.0,0.0,1,223.0,1138.0,1,487.0,0.0,0.0,0.0,0.0,0.0,24
2023-05-10 09:18:20,CF311P15400,CF311P15400,487.0,0.0,0.0,0.0,1,223.0,1135.0,1,487.0,0.0,0.0,0.0,0.0,0.0,24
2023-05-10 09:18:22,CF311P15400,CF311P15400,487.0,0.0,0.0,0.0,1,223.0,1134.0,1,487.0,0.0,0.0,0.0,0.0,0.0,24
2023-05-10 09:18:23,CF311P15400,CF311P15400,487.0,0.0,0.0,0.0,1,223.0,1131.0,1,487.0,0.0,0.0,0.0,0.0,0.0,24
2023-05-10 09:18:27,CF311P15400,CF311P15400,487.0,0.0,0.0,0.0,1,223.0,1130.0,1,487.0,0.0,0.0,0.0,0.0,0.0,24
2023-05-10 09:18:27,CF311P15400,CF311P15400,487.0,0.0,0.0,0.0,1,223.0,1127.0,1,487.0,0.0,0.0,0.0,0.0,0.0,24
2023-05-10 09:18:31,CF311P15400,CF311P15400,487.0,0.0,0.0,0.0,1,223.0,1126.0,1,487.0,0.0,0.0,0.0,0.0,0.0,24
2023-05-10 09:18:31,CF311P15400,CF311P15400,487.0,0.0,0.0,0.0,1,223.0,1123.0,1,487.0,0.0,0.0,0.0,0.0,0.0,24
2023-05-10 09:18:34,CF311P15400,CF311P15400,487.0,0.0,0.0,0.0,1,223.0,1122.0,1,487.0,0.0,0.0,0.0,0.0,0.0,24
2023-05-10 09:18:35,CF311P15400,CF311P15400,487.0,0.0,0.0,0.0,1,223.0,1119.0,1,487.0,0.0,0.0,0.0,0.0,0.0,24
2023-05-10 09:18:39,CF311P15400,CF311P15400,487.0,0.0,0.0,0.0,1,223.0,1118.0,1,487.0,0.0,0.0,0.0,0.0,0.0,24
2023-05-10 09:18:39,CF311P15400,CF311P15400,487.0,0.0,0.0,0.0,1,223.0,1115.0,1,487.0,0.0,0.0,0.0,0.0,0.0,24
2023-05-10 09:18:41,CF311P15400,CF311P15400,487.0,0.0,0.0,0.0,1,223.0,1114.0,1,487.0,0.0,0.0,0.0,0.0,0.0,24
2023-05-10 09:18:42,CF311P15400,CF311P15400,487.0,0.0,0.0,0.0,1,223.0,1111.0,1,487.0,0.0,0.0,0.0,0.0,0.0,24
2023-05-10 09:18:47,CF311P15400,CF311P15400,487.0,0.0,0.0,0.0,1,223.0,1110.0,1,487.0,0.0,0.0,0.0,0.0,0.0,24
2023-05-10 09:18:47,CF311P15400,CF311P15400,487.0,0.0,0.0,0.0,1,223.0,1107.0,1,487.0,0.0,0.0,0.0,0.0,0.0,24
2023-05-10 09:18:51,CF311P15400,CF311P15400,487.0,0.0,0.0,0.0,1,223.0,1106.0,1,487.0,0.0,0.0,0.0,0.0,0.0,24
2023-05-10 09:18:51,CF311P15400,CF311P15400,487.0,0.0,0.0,0.0,1,223.0,1103.0,1,487.0,0.0,0.0,0.0,0.0,0.0,24
2023-05-10 09:18:55,CF311P15400,CF311P15400,487.0,0.0,0.0,0.0,1,223.0,1102.0,1,487.0,0.0,0.0,0.0,0.0,0.0,24
2023-05-10 09:18:55,CF311P15400,CF311P15400,487.0,0.0,0.0,0.0,1,223.0,1099.0,1,487.0,0.0,0.0,0.0,0.0,0.0,24
2023-05-10 09:18:58,CF311P15400,CF311P15400,487.0,0.0,0.0,0.0,1,223.0,1098.0,1,487.0,0.0,0.0,0.0,0.0,0.0,24
2023-05-10 09:18:59,CF311P15400,CF311P15400,487.0,0.0,0.0,0.0,1,223.0,1095.0,1,487.0,0.0,0.0,0.0,0.0,0.0,24
2023-05-10 09:19:01,CF311P15400,CF311P15400,487.0,0.0,0.0,0.0,1,223.0,1094.0,1,487.0,0.0,0.0,0.0,0.0,0.0,24
2023-05-10 09:19:02,CF311P15400,CF311P15400,487.0,0.0,0.0,0.0,1,223.0,1091.0,1,487.0,0.0,0.0,0.0,0.0,0.0,24
2023-05-10 09:19:05,CF311P15400,CF311P15400,487.0,0.0,0.0,0.0,1,223.0,1090.0,1,487.0,0.0,0.0,0.0,0.0,0.0,24
2023-05-10 09:19:05,CF311P15400,CF311P15400,487.0,0.0,0.0,0.0,1,223.0,1087.0,1,487.0,0.0,0.0,0.0,0.0,0.0,24
2023-05-10 09:19:05,CF311P15400,CF311P15400,487.0,0.0,0.0,0.0,1,223.0,1090.0,1,487.0,0.0,0.0,0.0,0.0,0.0,24
2023-05-10 09:19:05,CF311P15400,CF311P15400,487.0,0.0,0.0,0.0,1,223.0,1087.0,1,487.0,0.0,0.0,0.0,0.0,0.0,24
2023-05-10 10:13:00,CF311P15400,CF311P15400,487.0,0.0,0.0,0.0,1,56.0,1087.0,1,487.0,0.0,0.0,0.0,0.0,0.0,24
2023-05-10 10:13:00,CF311P15400,CF311P15400,487.0,0.0,0.0,0.0,1,59.0,1087.0,1,487.0,0.0,0.0,0.0,0.0,0.0,24
2023-05-10 10:30:01,CF311P15400,CF311P15400,487.0,0.0,0.0,0.0,1,56.0,0.0,0,487.0,0.0,0.0,0.0,0.0,0.0,24
2023-05-10 10:30:16,CF311P15400,CF311P15400,487.0,0.0,0.0,0.0,2,72.0,0.0,0,487.0,0.0,0.0,0.0,0.0,0.0,24
2023-05-10 10:32:04,CF311P15400,CF311P15400,487.0,0.0,0.0,0.0,1,75.0,1444.0,1,487.0,0.0,0.0,0.0,0.0,0.0,24
2023-05-10 10:32:04,CF311P15400,CF311P15400,487.0,0.0,0.0,0.0,2,91.0,1444.0,1,487.0,0.0,0.0,0.0,0.0,0.0,24
2023-05-10 10:32:05,CF311P15400,CF311P15400,487.0,0.0,0.0,0.0,1,94.0,1444.0,1,487.0,0.0,0.0,0.0,0.0,0.0,24
2023-05-10 10:32:06,CF311P15400,CF311P15400,487.0,0.0,0.0,0.0,2,110.0,1444.0,1,487.0,0.0,0.0,0.0,0.0,0.0,24
2023-05-10 10:32:06,CF311P15400,CF311P15400,487.0,0.0,0.0,0.0,1,113.0,1444.0,1,487.0,0.0,0.0,0.0,0.0,0.0,24
2023-05-10 10:32:07,CF311P15400,CF311P15400,487.0,0.0,0.0,0.0,2,129.0,1444.0,1,487.0,0.0,0.0,0.0,0.0,0.0,24
2023-05-10 10:32:08,CF311P15400,CF311P15400,487.0,0.0,0.0,0.0,1,132.0,1444.0,1,487.0,0.0,0.0,0.0,0.0,0.0,24
2023-05-10 10:32:09,CF311P15400,CF311P15400,487.0,0.0,0.0,0.0,2,148.0,1444.0,1,487.0,0.0,0.0,0.0,0.0,0.0,24
2023-05-10 10:32:09,CF311P15400,CF311P15400,487.0,0.0,0.0,0.0,1,151.0,1444.0,1,487.0,0.0,0.0,0.0,0.0,0.0,24
2023-05-10 10:32:10,CF311P15400,CF311P15400,487.0,0.0,0.0,0.0,2,167.0,1444.0,1,487.0,0.0,0.0,0.0,0.0,0.0,24
2023-05-10 10:32:10,CF311P15400,CF311P15400,487.0,0.0,0.0,0.0,1,170.0,1444.0,1,487.0,0.0,0.0,0.0,0.0,0.0,24
2023-05-10 10:32:11,CF311P15400,CF311P15400,487.0,0.0,0.0,0.0,2,186.0,1444.0,1,487.0,0.0,0.0,0.0,0.0,0.0,24
2023-05-10 10:32:12,CF311P15400,CF311P15400,487.0,0.0,0.0,0.0,1,189.0,1444.0,1,487.0,0.0,0.0,0.0,0.0,0.0,24
2023-05-10 10:32:12,CF311P15400,CF311P15400,487.0,0.0,0.0,0.0,2,190.0,1444.0,1,487.0,0.0,0.0,0.0,0.0,0.0,24
2023-05-10 10:32:13,CF311P15400,CF311P15400,487.0,0.0,0.0,0.0,1,193.0,1444.0,1,487.0,0.0,0.0,0.0,0.0,0.0,24
2023-05-10 10:32:14,CF311P15400,CF311P15400,487.0,0.0,0.0,0.0,2,194.0,1444.0,1,487.0,0.0,0.0,0.0,0.0,0.0,24
2023-05-10 10:32:14,CF311P15400,CF311P15400,487.0,0.0,0.0,0.0,1,197.0,1444.0,1,487.0,0.0,0.0,0.0,0.0,0.0,24
2023-05-10 10:32:15,CF311P15400,CF311P15400,487.0,0.0,0.0,0.0,2,198.0,1444.0,1,487.0,0.0,0.0,0.0,0.0,0.0,24
2023-05-10 10:32:15,CF311P15400,CF311P15400,487.0,0.0,0.0,0.0,1,201.0,1444.0,1,487.0,0.0,0.0,0.0,0.0,0.0,24
2023-05-10 10:32:16,CF311P15400,CF311P15400,487.0,0.0,0.0,0.0,2,202.0,1444.0,1,487.0,0.0,0.0,0.0,0.0,0.0,24
2023-05-10 10:32:16,CF311P15400,CF311P15400,487.0,0.0,0.0,0.0,1,205.0,1444.0,1,487.0,0.0,0.0,0.0,0.0,0.0,24
2023-05-10 10:32:17,CF311P15400,CF311P15400,487.0,0.0,0.0,0.0,2,206.0,1444.0,1,487.0,0.0,0.0,0.0,0.0,0.0,24
2023-05-10 10:32:17,CF311P15400,CF311P15400,487.0,0.0,0.0,0.0,1,209.0,1444.0,1,487.0,0.0,0.0,0.0,0.0,0.0,24
2023-05-10 10:32:18,CF311P15400,CF311P15400,487.0,0.0,0.0,0.0,2,210.0,1444.0,1,487.0,0.0,0.0,0.0,0.0,0.0,24
2023-05-10 10:32:18,CF311P15400,CF311P15400,487.0,0.0,0.0,0.0,1,213.0,1444.0,1,487.0,0.0,0.0,0.0,0.0,0.0,24
2023-05-10 10:32:19,CF311P15400,CF311P15400,487.0,0.0,0.0,0.0,2,214.0,1444.0,1,487.0,0.0,0.0,0.0,0.0,0.0,24
2023-05-10 10:32:19,CF311P15400,CF311P15400,487.0,0.0,0.0,0.0,1,217.0,1444.0,1,487.0,0.0,0.0,0.0,0.0,0.0,24
2023-05-10 10:33:07,CF311P15400,CF311P15400,487.0,0.0,0.0,0.0,2,218.0,1444.0,1,487.0,0.0,0.0,0.0,0.0,0.0,24
2023-05-10 10:33:07,CF311P15400,CF311P15400,487.0,0.0,0.0,0.0,1,221.0,1444.0,1,487.0,0.0,0.0,0.0,0.0,0.0,24
2023-05-10 10:42:21,CF311P15400,CF311P15400,487.0,0.0,0.0,0.0,1,221.0,1443.0,1,487.0,0.0,0.0,0.0,0.0,0.0,24
2023-05-10 10:42:21,CF311P15400,CF311P15400,487.0,0.0,0.0,0.0,1,221.0,1440.0,1,487.0,0.0,0.0,0.0,0.0,0.0,24
2023-05-10 10:42:28,CF311P15400,CF311P15400,487.0,0.0,0.0,0.0,1,221.0,1439.0,1,487.0,0.0,0.0,0.0,0.0,0.0,24
2023-05-10 10:42:28,CF311P15400,CF311P15400,487.0,0.0,0.0,0.0,1,221.0,1436.0,1,487.0,0.0,0.0,0.0,0.0,0.0,24
2023-05-10 10:42:38,CF311P15400,CF311P15400,487.0,0.0,0.0,0.0,1,221.0,1435.0,1,487.0,0.0,0.0,0.0,0.0,0.0,24
2023-05-10 10:42:38,CF311P15400,CF311P15400,487.0,0.0,0.0,0.0,1,221.0,1432.0,1,487.0,0.0,0.0,0.0,0.0,0.0,24
2023-05-10 10:42:43,CF311P15400,CF311P15400,487.0,0.0,0.0,0.0,1,221.0,1431.0,1,487.0,0.0,0.0,0.0,0.0,0.0,24
2023-05-10 10:42:43,CF311P15400,CF311P15400,487.0,0.0,0.0,0.0,1,221.0,1428.0,1,487.0,0.0,0.0,0.0,0.0,0.0,24
2023-05-10 10:42:48,CF311P15400,CF311P15400,487.0,0.0,0.0,0.0,1,221.0,1427.0,1,487.0,0.0,0.0,0.0,0.0,0.0,24
2023-05-10 10:42:48,CF311P15400,CF311P15400,487.0,0.0,0.0,0.0,1,221.0,1424.0,1,487.0,0.0,0.0,0.0,0.0,0.0,24
2023-05-10 10:42:54,CF311P15400,CF311P15400,487.0,0.0,0.0,0.0,1,221.0,1423.0,1,487.0,0.0,0.0,0.0,0.0,0.0,24
2023-05-10 10:42:54,CF311P15400,CF311P15400,487.0,0.0,0.0,0.0,1,221.0,1420.0,1,487.0,0.0,0.0,0.0,0.0,0.0,24
2023-05-10 10:42:59,CF311P15400,CF311P15400,487.0,0.0,0.0,0.0,1,221.0,1419.0,1,487.0,0.0,0.0,0.0,0.0,0.0,24
2023-05-10 10:42:59,CF311P15400,CF311P15400,487.0,0.0,0.0,0.0,1,221.0,1416.0,1,487.0,0.0,0.0,0.0,0.0,0.0,24
2023-05-10 10:43:04,CF311P15400,CF311P15400,487.0,0.0,0.0,0.0,1,221.0,1415.0,1,487.0,0.0,0.0,0.0,0.0,0.0,24
2023-05-10 10:43:04,CF311P15400,CF311P15400,487.0,0.0,0.0,0.0,1,221.0,1412.0,1,487.0,0.0,0.0,0.0,0.0,0.0,24
2023-05-10 10:43:09,CF311P15400,CF311P15400,487.0,0.0,0.0,0.0,1,221.0,1411.0,1,487.0,0.0,0.0,0.0,0.0,0.0,24
2023-05-10 10:43:09,CF311P15400,CF311P15400,487.0,0.0,0.0,0.0,1,221.0,1408.0,1,487.0,0.0,0.0,0.0,0.0,0.0,24
2023-05-10 10:43:14,CF311P15400,CF311P15400,487.0,0.0,0.0,0.0,1,221.0,1407.0,1,487.0,0.0,0.0,0.0,0.0,0.0,24
2023-05-10 10:43:14,CF311P15400,CF311P15400,487.0,0.0,0.0,0.0,1,221.0,1404.0,1,487.0,0.0,0.0,0.0,0.0,0.0,24
2023-05-10 10:43:25,CF311P15400,CF311P15400,487.0,0.0,0.0,0.0,1,221.0,1403.0,1,487.0,0.0,0.0,0.0,0.0,0.0,24
2023-05-10 10:43:25,CF311P15400,CF311P15400,487.0,0.0,0.0,0.0,1,221.0,1400.0,1,487.0,0.0,0.0,0.0,0.0,0.0,24
2023-05-10 10:43:30,CF311P15400,CF311P15400,487.0,0.0,0.0,0.0,1,221.0,1399.0,1,487.0,0.0,0.0,0.0,0.0,0.0,24
2023-05-10 10:43:30,CF311P15400,CF311P15400,487.0,0.0,0.0,0.0,1,221.0,1396.0,1,487.0,0.0,0.0,0.0,0.0,0.0,24
2023-05-10 10:43:34,CF311P15400,CF311P15400,487.0,0.0,0.0,0.0,1,221.0,1395.0,1,487.0,0.0,0.0,0.0,0.0,0.0,24
2023-05-10 10:43:34,CF311P15400,CF311P15400,487.0,0.0,0.0,0.0,1,221.0,1392.0,1,487.0,0.0,0.0,0.0,0.0,0.0,24
2023-05-10 10:43:41,CF311P15400,CF311P15400,487.0,0.0,0.0,0.0,1,221.0,1391.0,1,487.0,0.0,0.0,0.0,0.0,0.0,24
2023-05-10 10:43:41,CF311P15400,CF311P15400,487.0,0.0,0.0,0.0,1,221.0,1388.0,1,487.0,0.0,0.0,0.0,0.0,0.0,24
2023-05-10 10:43:52,CF311P15400,CF311P15400,487.0,0.0,0.0,0.0,1,221.0,1387.0,1,487.0,0.0,0.0,0.0,0.0,0.0,24
2023-05-10 10:43:52,CF311P15400,CF311P15400,487.0,0.0,0.0,0.0,1,221.0,1384.0,1,487.0,0.0,0.0,0.0,0.0,0.0,24
2023-05-10 10:43:57,CF311P15400,CF311P15400,487.0,0.0,0.0,0.0,1,221.0,1383.0,1,487.0,0.0,0.0,0.0,0.0,0.0,24
2023-05-10 10:43:57,CF311P15400,CF311P15400,487.0,0.0,0.0,0.0,1,221.0,1380.0,1,487.0,0.0,0.0,0.0,0.0,0.0,24
2023-05-10 10:44:03,CF311P15400,CF311P15400,487.0,0.0,0.0,0.0,1,221.0,1379.0,1,487.0,0.0,0.0,0.0,0.0,0.0,24
2023-05-10 10:44:03,CF311P15400,CF311P15400,487.0,0.0,0.0,0.0,1,221.0,1376.0,1,487.0,0.0,0.0,0.0,0.0,0.0,24
2023-05-10 10:44:14,CF311P15400,CF311P15400,487.0,0.0,0.0,0.0,1,221.0,1375.0,1,487.0,0.0,0.0,0.0,0.0,0.0,24
2023-05-10 10:44:14,CF311P15400,CF311P15400,487.0,0.0,0.0,0.0,1,221.0,1372.0,1,487.0,0.0,0.0,0.0,0.0,0.0,24
2023-05-10 10:44:22,CF311P15400,CF311P15400,487.0,0.0,0.0,0.0,1,221.0,1371.0,1,487.0,0.0,0.0,0.0,0.0,0.0,24
2023-05-10 10:44:22,CF311P15400,CF311P15400,487.0,0.0,0.0,0.0,1,221.0,1368.0,1,487.0,0.0,0.0,0.0,0.0,0.0,24
2023-05-10 10:44:27,CF311P15400,CF311P15400,487.0,0.0,0.0,0.0,1,221.0,1367.0,1,487.0,0.0,0.0,0.0,0.0,0.0,24
2023-05-10 10:44:27,CF311P15400,CF311P15400,487.0,0.0,0.0,0.0,1,221.0,1364.0,1,487.0,0.0,0.0,0.0,0.0,0.0,24
2023-05-10 10:44:30,CF311P15400,CF311P15400,487.0,0.0,0.0,0.0,1,221.0,1363.0,1,487.0,0.0,0.0,0.0,0.0,0.0,24
2023-05-10 10:44:30,CF311P15400,CF311P15400,487.0,0.0,0.0,0.0,1,221.0,1360.0,1,487.0,0.0,0.0,0.0,0.0,0.0,24
2023-05-10 10:44:43,CF311P15400,CF311P15400,487.0,0.0,0.0,0.0,1,221.0,1359.0,1,487.0,0.0,0.0,0.0,0.0,0.0,24
2023-05-10 10:44:43,CF311P15400,CF311P15400,487.0,0.0,0.0,0.0,1,221.0,1356.0,1,487.0,0.0,0.0,0.0,0.0,0.0,24
2023-05-10 10:44:47,CF311P15400,CF311P15400,487.0,0.0,0.0,0.0,1,221.0,1355.0,1,487.0,0.0,0.0,0.0,0.0,0.0,24
2023-05-10 10:44:47,CF311P15400,CF311P15400,487.0,0.0,0.0,0.0,1,221.0,1352.0,1,487.0,0.0,0.0,0.0,0.0,0.0,24
2023-05-10 10:44:53,CF311P15400,CF311P15400,487.0,0.0,0.0,0.0,1,221.0,1351.0,1,487.0,0.0,0.0,0.0,0.0,0.0,24
2023-05-10 10:44:53,CF311P15400,CF311P15400,487.0,0.0,0.0,0.0,1,221.0,1348.0,1,487.0,0.0,0.0,0.0,0.0,0.0,24
2023-05-10 10:45:01,CF311P15400,CF311P15400,487.0,0.0,0.0,0.0,1,221.0,1347.0,1,487.0,0.0,0.0,0.0,0.0,0.0,24
2023-05-10 10:45:01,CF311P15400,CF311P15400,487.0,0.0,0.0,0.0,1,221.0,1344.0,1,487.0,0.0,0.0,0.0,0.0,0.0,24
2023-05-10 10:45:09,CF311P15400,CF311P15400,487.0,0.0,0.0,0.0,1,221.0,1343.0,1,487.0,0.0,0.0,0.0,0.0,0.0,24
2023-05-10 10:45:09,CF311P15400,CF311P15400,487.0,0.0,0.0,0.0,1,221.0,1340.0,1,487.0,0.0,0.0,0.0,0.0,0.0,24
2023-05-10 10:45:17,CF311P15400,CF311P15400,487.0,0.0,0.0,0.0,1,221.0,1339.0,1,487.0,0.0,0.0,0.0,0.0,0.0,24
2023-05-10 10:45:17,CF311P15400,CF311P15400,487.0,0.0,0.0,0.0,1,221.0,1336.0,1,487.0,0.0,0.0,0.0,0.0,0.0,24
2023-05-10 10:45:23,CF311P15400,CF311P15400,487.0,0.0,0.0,0.0,1,221.0,1335.0,1,487.0,0.0,0.0,0.0,0.0,0.0,24
2023-05-10 10:45:23,CF311P15400,CF311P15400,487.0,0.0,0.0,0.0,1,221.0,1332.0,1,487.0,0.0,0.0,0.0,0.0,0.0,24
2023-05-10 10:45:26,CF311P15400,CF311P15400,487.0,0.0,0.0,0.0,1,221.0,1331.0,1,487.0,0.0,0.0,0.0,0.0,0.0,24
2023-05-10 10:45:26,CF311P15400,CF311P15400,487.0,0.0,0.0,0.0,1,221.0,1328.0,1,487.0,0.0,0.0,0.0,0.0,0.0,24
2023-05-10 10:45:34,CF311P15400,CF311P15400,487.0,0.0,0.0,0.0,1,221.0,1327.0,1,487.0,0.0,0.0,0.0,0.0,0.0,24
2023-05-10 10:45:34,CF311P15400,CF311P15400,487.0,0.0,0.0,0.0,1,221.0,1324.0,1,487.0,0.0,0.0,0.0,0.0,0.0,24
2023-05-10 10:45:39,CF311P15400,CF311P15400,487.0,0.0,0.0,0.0,1,221.0,1323.0,1,487.0,0.0,0.0,0.0,0.0,0.0,24
2023-05-10 10:45:39,CF311P15400,CF311P15400,487.0,0.0,0.0,0.0,1,221.0,1320.0,1,487.0,0.0,0.0,0.0,0.0,0.0,24
2023-05-10 10:45:53,CF311P15400,CF311P15400,487.0,0.0,0.0,0.0,1,221.0,1319.0,1,487.0,0.0,0.0,0.0,0.0,0.0,24
2023-05-10 10:45:53,CF311P15400,CF311P15400,487.0,0.0,0.0,0.0,1,221.0,1316.0,1,487.0,0.0,0.0,0.0,0.0,0.0,24
2023-05-10 10:46:02,CF311P15400,CF311P15400,487.0,0.0,0.0,0.0,1,221.0,1315.0,1,487.0,0.0,0.0,0.0,0.0,0.0,24
2023-05-10 10:46:02,CF311P15400,CF311P15400,487.0,0.0,0.0,0.0,1,221.0,1312.0,1,487.0,0.0,0.0,0.0,0.0,0.0,24
2023-05-10 10:46:09,CF311P15400,CF311P15400,487.0,0.0,0.0,0.0,1,221.0,1311.0,1,487.0,0.0,0.0,0.0,0.0,0.0,24
2023-05-10 10:46:09,CF311P15400,CF311P15400,487.0,0.0,0.0,0.0,1,221.0,1308.0,1,487.0,0.0,0.0,0.0,0.0,0.0,24
2023-05-10 10:46:16,CF311P15400,CF311P15400,487.0,0.0,0.0,0.0,1,221.0,1307.0,1,487.0,0.0,0.0,0.0,0.0,0.0,24
2023-05-10 10:46:16,CF311P15400,CF311P15400,487.0,0.0,0.0,0.0,1,221.0,1304.0,1,487.0,0.0,0.0,0.0,0.0,0.0,24
2023-05-10 10:46:20,CF311P15400,CF311P15400,487.0,0.0,0.0,0.0,1,221.0,1303.0,1,487.0,0.0,0.0,0.0,0.0,0.0,24
2023-05-10 10:46:20,CF311P15400,CF311P15400,487.0,0.0,0.0,0.0,1,221.0,1300.0,1,487.0,0.0,0.0,0.0,0.0,0.0,24
2023-05-10 10:46:25,CF311P15400,CF311P15400,487.0,0.0,0.0,0.0,1,221.0,1299.0,1,487.0,0.0,0.0,0.0,0.0,0.0,24
2023-05-10 10:46:25,CF311P15400,CF311P15400,487.0,0.0,0.0,0.0,1,221.0,1296.0,1,487.0,0.0,0.0,0.0,0.0,0.0,24
2023-05-10 10:46:32,CF311P15400,CF311P15400,487.0,0.0,0.0,0.0,1,221.0,1295.0,1,487.0,0.0,0.0,0.0,0.0,0.0,24
2023-05-10 10:46:32,CF311P15400,CF311P15400,487.0,0.0,0.0,0.0,1,221.0,1292.0,1,487.0,0.0,0.0,0.0,0.0,0.0,24
2023-05-10 10:46:40,CF311P15400,CF311P15400,487.0,0.0,0.0,0.0,1,221.0,1291.0,1,487.0,0.0,0.0,0.0,0.0,0.0,24
2023-05-10 10:46:40,CF311P15400,CF311P15400,487.0,0.0,0.0,0.0,1,221.0,1288.0,1,487.0,0.0,0.0,0.0,0.0,0.0,24
2023-05-10 10:46:44,CF311P15400,CF311P15400,487.0,0.0,0.0,0.0,1,221.0,1287.0,1,487.0,0.0,0.0,0.0,0.0,0.0,24
2023-05-10 10:46:44,CF311P15400,CF311P15400,487.0,0.0,0.0,0.0,1,221.0,1284.0,1,487.0,0.0,0.0,0.0,0.0,0.0,24
2023-05-10 10:46:48,CF311P15400,CF311P15400,487.0,0.0,0.0,0.0,1,221.0,1283.0,1,487.0,0.0,0.0,0.0,0.0,0.0,24
2023-05-10 10:46:48,CF311P15400,CF311P15400,487.0,0.0,0.0,0.0,1,221.0,1280.0,1,487.0,0.0,0.0,0.0,0.0,0.0,24
2023-05-10 10:46:52,CF311P15400,CF311P15400,487.0,0.0,0.0,0.0,1,221.0,1279.0,1,487.0,0.0,0.0,0.0,0.0,0.0,24
2023-05-10 10:46:52,CF311P15400,CF311P15400,487.0,0.0,0.0,0.0,1,221.0,1276.0,1,487.0,0.0,0.0,0.0,0.0,0.0,24
2023-05-10 10:46:56,CF311P15400,CF311P15400,487.0,0.0,0.0,0.0,1,221.0,1275.0,1,487.0,0.0,0.0,0.0,0.0,0.0,24
2023-05-10 10:46:56,CF311P15400,CF311P15400,487.0,0.0,0.0,0.0,1,221.0,1272.0,1,487.0,0.0,0.0,0.0,0.0,0.0,24
2023-05-10 10:47:00,CF311P15400,CF311P15400,487.0,0.0,0.0,0.0,1,221.0,1271.0,1,487.0,0.0,0.0,0.0,0.0,0.0,24
2023-05-10 10:47:01,CF311P15400,CF311P15400,487.0,0.0,0.0,0.0,1,221.0,1268.0,1,487.0,0.0,0.0,0.0,0.0,0.0,24
2023-05-10 10:47:06,CF311P15400,CF311P15400,487.0,0.0,0.0,0.0,1,221.0,1267.0,1,487.0,0.0,0.0,0.0,0.0,0.0,24
2023-05-10 10:47:06,CF311P15400,CF311P15400,487.0,0.0,0.0,0.0,1,221.0,1264.0,1,487.0,0.0,0.0,0.0,0.0,0.0,24
2023-05-10 10:47:11,CF311P15400,CF311P15400,487.0,0.0,0.0,0.0,1,221.0,1263.0,1,487.0,0.0,0.0,0.0,0.0,0.0,24
2023-05-10 10:47:12,CF311P15400,CF311P15400,487.0,0.0,0.0,0.0,1,221.0,1260.0,1,487.0,0.0,0.0,0.0,0.0,0.0,24
2023-05-10 10:47:17,CF311P15400,CF311P15400,487.0,0.0,0.0,0.0,1,221.0,1259.0,1,487.0,0.0,0.0,0.0,0.0,0.0,24
2023-05-10 10:47:17,CF311P15400,CF311P15400,487.0,0.0,0.0,0.0,1,221.0,1256.0,1,487.0,0.0,0.0,0.0,0.0,0.0,24
2023-05-10 10:47:22,CF311P15400,CF311P15400,487.0,0.0,0.0,0.0,1,221.0,1255.0,1,487.0,0.0,0.0,0.0,0.0,0.0,24
2023-05-10 10:47:22,CF311P15400,CF311P15400,487.0,0.0,0.0,0.0,1,221.0,1252.0,1,487.0,0.0,0.0,0.0,0.0,0.0,24
2023-05-10 10:47:26,CF311P15400,CF311P15400,487.0,0.0,0.0,0.0,1,221.0,1251.0,1,487.0,0.0,0.0,0.0,0.0,0.0,24
2023-05-10 10:47:26,CF311P15400,CF311P15400,487.0,0.0,0.0,0.0,1,221.0,1248.0,1,487.0,0.0,0.0,0.0,0.0,0.0,24
2023-05-10 10:47:26,CF311P15400,CF311P15400,487.0,0.0,0.0,0.0,1,221.0,1251.0,1,487.0,0.0,0.0,0.0,0.0,0.0,24
2023-05-10 10:47:26,CF311P15400,CF311P15400,487.0,0.0,0.0,0.0,1,221.0,1248.0,1,487.0,0.0,0.0,0.0,0.0,0.0,24
2023-05-10 11:29:55,CF311P15400,CF311P15400,487.0,0.0,0.0,0.0,1,56.0,0.0,0,487.0,0.0,0.0,0.0,0.0,0.0,24
2023-05-10 13:31:28,CF311P15400,CF311P15400,487.0,0.0,0.0,0.0,2,72.0,0.0,0,487.0,0.0,0.0,0.0,0.0,0.0,24
2023-05-10 13:31:28,CF311P15400,CF311P15400,487.0,0.0,0.0,0.0,1,75.0,1444.0,1,487.0,0.0,0.0,0.0,0.0,0.0,24
2023-05-10 13:32:12,CF311P15400,CF311P15400,487.0,0.0,0.0,0.0,2,91.0,1444.0,1,487.0,0.0,0.0,0.0,0.0,0.0,24
2023-05-10 13:32:12,CF311P15400,CF311P15400,487.0,0.0,0.0,0.0,1,94.0,1444.0,1,487.0,0.0,0.0,0.0,0.0,0.0,24
2023-05-10 13:32:15,CF311P15400,CF311P15400,487.0,0.0,0.0,0.0,2,110.0,1444.0,1,487.0,0.0,0.0,0.0,0.0,0.0,24
2023-05-10 13:32:15,CF311P15400,CF311P15400,487.0,0.0,0.0,0.0,1,113.0,1444.0,1,487.0,0.0,0.0,0.0,0.0,0.0,24
2023-05-10 13:32:20,CF311P15400,CF311P15400,487.0,0.0,0.0,0.0,2,129.0,1444.0,1,487.0,0.0,0.0,0.0,0.0,0.0,24
2023-05-10 13:32:20,CF311P15400,CF311P15400,487.0,0.0,0.0,0.0,1,132.0,1444.0,1,487.0,0.0,0.0,0.0,0.0,0.0,24
2023-05-10 13:32:23,CF311P15400,CF311P15400,487.0,0.0,0.0,0.0,2,148.0,1444.0,1,487.0,0.0,0.0,0.0,0.0,0.0,24
2023-05-10 13:32:23,CF311P15400,CF311P15400,487.0,0.0,0.0,0.0,1,151.0,1444.0,1,487.0,0.0,0.0,0.0,0.0,0.0,24
2023-05-10 13:32:26,CF311P15400,CF311P15400,487.0,0.0,0.0,0.0,2,167.0,1444.0,1,487.0,0.0,0.0,0.0,0.0,0.0,24
2023-05-10 13:32:26,CF311P15400,CF311P15400,487.0,0.0,0.0,0.0,1,170.0,1444.0,1,487.0,0.0,0.0,0.0,0.0,0.0,24
2023-05-10 13:32:28,CF311P15400,CF311P15400,487.0,0.0,0.0,0.0,2,186.0,1444.0,1,487.0,0.0,0.0,0.0,0.0,0.0,24
2023-05-10 13:32:28,CF311P15400,CF311P15400,487.0,0.0,0.0,0.0,1,189.0,1444.0,1,487.0,0.0,0.0,0.0,0.0,0.0,24
2023-05-10 13:32:30,CF311P15400,CF311P15400,487.0,0.0,0.0,0.0,2,190.0,1444.0,1,487.0,0.0,0.0,0.0,0.0,0.0,24
2023-05-10 13:32:30,CF311P15400,CF311P15400,487.0,0.0,0.0,0.0,1,193.0,1444.0,1,487.0,0.0,0.0,0.0,0.0,0.0,24
2023-05-10 13:32:32,CF311P15400,CF311P15400,487.0,0.0,0.0,0.0,2,194.0,1444.0,1,487.0,0.0,0.0,0.0,0.0,0.0,24
2023-05-10 13:32:32,CF311P15400,CF311P15400,487.0,0.0,0.0,0.0,1,197.0,1444.0,1,487.0,0.0,0.0,0.0,0.0,0.0,24
2023-05-10 13:32:33,CF311P15400,CF311P15400,487.0,0.0,0.0,0.0,2,198.0,1444.0,1,487.0,0.0,0.0,0.0,0.0,0.0,24
2023-05-10 13:32:34,CF311P15400,CF311P15400,487.0,0.0,0.0,0.0,1,201.0,1444.0,1,487.0,0.0,0.0,0.0,0.0,0.0,24
2023-05-10 13:32:35,CF311P15400,CF311P15400,487.0,0.0,0.0,0.0,2,202.0,1444.0,1,487.0,0.0,0.0,0.0,0.0,0.0,24
2023-05-10 13:32:35,CF311P15400,CF311P15400,487.0,0.0,0.0,0.0,1,205.0,1444.0,1,487.0,0.0,0.0,0.0,0.0,0.0,24
2023-05-10 13:32:37,CF311P15400,CF311P15400,487.0,0.0,0.0,0.0,2,206.0,1444.0,1,487.0,0.0,0.0,0.0,0.0,0.0,24
2023-05-10 13:32:37,CF311P15400,CF311P15400,487.0,0.0,0.0,0.0,1,209.0,1444.0,1,487.0,0.0,0.0,0.0,0.0,0.0,24
2023-05-10 13:32:38,CF311P15400,CF311P15400,487.0,0.0,0.0,0.0,2,210.0,1444.0,1,487.0,0.0,0.0,0.0,0.0,0.0,24
2023-05-10 13:32:38,CF311P15400,CF311P15400,487.0,0.0,0.0,0.0,1,213.0,1444.0,1,487.0,0.0,0.0,0.0,0.0,0.0,24
2023-05-10 13:32:39,CF311P15400,CF311P15400,487.0,0.0,0.0,0.0,2,214.0,1444.0,1,487.0,0.0,0.0,0.0,0.0,0.0,24
2023-05-10 13:32:40,CF311P15400,CF311P15400,487.0,0.0,0.0,0.0,1,217.0,1444.0,1,487.0,0.0,0.0,0.0,0.0,0.0,24
2023-05-10 13:32:41,CF311P15400,CF311P15400,487.0,0.0,0.0,0.0,2,218.0,1444.0,1,487.0,0.0,0.0,0.0,0.0,0.0,24
2023-05-10 13:32:41,CF311P15400,CF311P15400,487.0,0.0,0.0,0.0,1,221.0,1444.0,1,487.0,0.0,0.0,0.0,0.0,0.0,24
2023-05-10 13:42:20,CF311P15400,CF311P15400,487.0,0.0,0.0,0.0,1,221.0,1443.0,1,487.0,0.0,0.0,0.0,0.0,0.0,24
2023-05-10 13:42:21,CF311P15400,CF311P15400,487.0,0.0,0.0,0.0,1,221.0,1440.0,1,487.0,0.0,0.0,0.0,0.0,0.0,24
2023-05-10 13:42:26,CF311P15400,CF311P15400,487.0,0.0,0.0,0.0,1,221.0,1439.0,1,487.0,0.0,0.0,0.0,0.0,0.0,24
2023-05-10 13:42:26,CF311P15400,CF311P15400,487.0,0.0,0.0,0.0,1,221.0,1436.0,1,487.0,0.0,0.0,0.0,0.0,0.0,24
2023-05-10 13:42:31,CF311P15400,CF311P15400,487.0,0.0,0.0,0.0,1,221.0,1435.0,1,487.0,0.0,0.0,0.0,0.0,0.0,24
2023-05-10 13:42:32,CF311P15400,CF311P15400,487.0,0.0,0.0,0.0,1,221.0,1432.0,1,487.0,0.0,0.0,0.0,0.0,0.0,24
2023-05-10 13:42:40,CF311P15400,CF311P15400,487.0,0.0,0.0,0.0,1,221.0,1431.0,1,487.0,0.0,0.0,0.0,0.0,0.0,24
2023-05-10 13:42:40,CF311P15400,CF311P15400,487.0,0.0,0.0,0.0,1,221.0,1428.0,1,487.0,0.0,0.0,0.0,0.0,0.0,24
2023-05-10 13:42:46,CF311P15400,CF311P15400,487.0,0.0,0.0,0.0,1,221.0,1427.0,1,487.0,0.0,0.0,0.0,0.0,0.0,24
2023-05-10 13:42:46,CF311P15400,CF311P15400,487.0,0.0,0.0,0.0,1,221.0,1424.0,1,487.0,0.0,0.0,0.0,0.0,0.0,24
2023-05-10 13:42:52,CF311P15400,CF311P15400,487.0,0.0,0.0,0.0,1,221.0,1423.0,1,487.0,0.0,0.0,0.0,0.0,0.0,24
2023-05-10 13:42:52,CF311P15400,CF311P15400,487.0,0.0,0.0,0.0,1,221.0,1420.0,1,487.0,0.0,0.0,0.0,0.0,0.0,24
2023-05-10 13:42:59,CF311P15400,CF311P15400,487.0,0.0,0.0,0.0,1,221.0,1419.0,1,487.0,0.0,0.0,0.0,0.0,0.0,24
2023-05-10 13:42:59,CF311P15400,CF311P15400,487.0,0.0,0.0,0.0,1,221.0,1416.0,1,487.0,0.0,0.0,0.0,0.0,0.0,24
2023-05-10 13:43:05,CF311P15400,CF311P15400,487.0,0.0,0.0,0.0,1,221.0,1415.0,1,487.0,0.0,0.0,0.0,0.0,0.0,24
2023-05-10 13:43:05,CF311P15400,CF311P15400,487.0,0.0,0.0,0.0,1,221.0,1412.0,1,487.0,0.0,0.0,0.0,0.0,0.0,24
2023-05-10 13:43:12,CF311P15400,CF311P15400,487.0,0.0,0.0,0.0,1,221.0,1411.0,1,487.0,0.0,0.0,0.0,0.0,0.0,24
2023-05-10 13:43:12,CF311P15400,CF311P15400,487.0,0.0,0.0,0.0,1,221.0,1408.0,1,487.0,0.0,0.0,0.0,0.0,0.0,24
2023-05-10 13:43:17,CF311P15400,CF311P15400,487.0,0.0,0.0,0.0,1,221.0,1407.0,1,487.0,0.0,0.0,0.0,0.0,0.0,24
2023-05-10 13:43:17,CF311P15400,CF311P15400,487.0,0.0,0.0,0.0,1,221.0,1404.0,1,487.0,0.0,0.0,0.0,0.0,0.0,24
2023-05-10 13:43:24,CF311P15400,CF311P15400,487.0,0.0,0.0,0.0,1,221.0,1403.0,1,487.0,0.0,0.0,0.0,0.0,0.0,24
2023-05-10 13:43:24,CF311P15400,CF311P15400,487.0,0.0,0.0,0.0,1,221.0,1400.0,1,487.0,0.0,0.0,0.0,0.0,0.0,24
2023-05-10 13:43:32,CF311P15400,CF311P15400,487.0,0.0,0.0,0.0,1,221.0,1399.0,1,487.0,0.0,0.0,0.0,0.0,0.0,24
2023-05-10 13:43:33,CF311P15400,CF311P15400,487.0,0.0,0.0,0.0,1,221.0,1396.0,1,487.0,0.0,0.0,0.0,0.0,0.0,24
2023-05-10 13:43:40,CF311P15400,CF311P15400,487.0,0.0,0.0,0.0,1,221.0,1395.0,1,487.0,0.0,0.0,0.0,0.0,0.0,24
2023-05-10 13:43:41,CF311P15400,CF311P15400,487.0,0.0,0.0,0.0,1,221.0,1392.0,1,487.0,0.0,0.0,0.0,0.0,0.0,24
2023-05-10 13:43:47,CF311P15400,CF311P15400,487.0,0.0,0.0,0.0,1,221.0,1391.0,1,487.0,0.0,0.0,0.0,0.0,0.0,24
2023-05-10 13:43:48,CF311P15400,CF311P15400,487.0,0.0,0.0,0.0,1,221.0,1388.0,1,487.0,0.0,0.0,0.0,0.0,0.0,24
2023-05-10 13:43:53,CF311P15400,CF311P15400,487.0,0.0,0.0,0.0,1,221.0,1387.0,1,487.0,0.0,0.0,0.0,0.0,0.0,24
2023-05-10 13:43:54,CF311P15400,CF311P15400,487.0,0.0,0.0,0.0,1,221.0,1384.0,1,487.0,0.0,0.0,0.0,0.0,0.0,24
2023-05-10 13:43:59,CF311P15400,CF311P15400,487.0,0.0,0.0,0.0,1,221.0,1383.0,1,487.0,0.0,0.0,0.0,0.0,0.0,24
2023-05-10 13:44:00,CF311P15400,CF311P15400,487.0,0.0,0.0,0.0,1,221.0,1380.0,1,487.0,0.0,0.0,0.0,0.0,0.0,24
2023-05-10 13:44:07,CF311P15400,CF311P15400,487.0,0.0,0.0,0.0,1,221.0,1379.0,1,487.0,0.0,0.0,0.0,0.0,0.0,24
2023-05-10 13:44:08,CF311P15400,CF311P15400,487.0,0.0,0.0,0.0,1,221.0,1376.0,1,487.0,0.0,0.0,0.0,0.0,0.0,24
2023-05-10 13:44:13,CF311P15400,CF311P15400,487.0,0.0,0.0,0.0,1,221.0,1375.0,1,487.0,0.0,0.0,0.0,0.0,0.0,24
2023-05-10 13:44:14,CF311P15400,CF311P15400,487.0,0.0,0.0,0.0,1,221.0,1372.0,1,487.0,0.0,0.0,0.0,0.0,0.0,24
2023-05-10 13:44:19,CF311P15400,CF311P15400,487.0,0.0,0.0,0.0,1,221.0,1371.0,1,487.0,0.0,0.0,0.0,0.0,0.0,24
2023-05-10 13:44:19,CF311P15400,CF311P15400,487.0,0.0,0.0,0.0,1,221.0,1368.0,1,487.0,0.0,0.0,0.0,0.0,0.0,24
2023-05-10 13:44:24,CF311P15400,CF311P15400,487.0,0.0,0.0,0.0,1,221.0,1367.0,1,487.0,0.0,0.0,0.0,0.0,0.0,24
2023-05-10 13:44:24,CF311P15400,CF311P15400,487.0,0.0,0.0,0.0,1,221.0,1364.0,1,487.0,0.0,0.0,0.0,0.0,0.0,24
2023-05-10 13:44:29,CF311P15400,CF311P15400,487.0,0.0,0.0,0.0,1,221.0,1363.0,1,487.0,0.0,0.0,0.0,0.0,0.0,24
2023-05-10 13:44:30,CF311P15400,CF311P15400,487.0,0.0,0.0,0.0,1,221.0,1360.0,1,487.0,0.0,0.0,0.0,0.0,0.0,24
2023-05-10 13:44:34,CF311P15400,CF311P15400,487.0,0.0,0.0,0.0,1,221.0,1359.0,1,487.0,0.0,0.0,0.0,0.0,0.0,24
2023-05-10 13:44:35,CF311P15400,CF311P15400,487.0,0.0,0.0,0.0,1,221.0,1356.0,1,487.0,0.0,0.0,0.0,0.0,0.0,24
2023-05-10 13:44:42,CF311P15400,CF311P15400,487.0,0.0,0.0,0.0,1,221.0,1355.0,1,487.0,0.0,0.0,0.0,0.0,0.0,24
2023-05-10 13:44:42,CF311P15400,CF311P15400,487.0,0.0,0.0,0.0,1,221.0,1352.0,1,487.0,0.0,0.0,0.0,0.0,0.0,24
2023-05-10 13:44:45,CF311P15400,CF311P15400,487.0,0.0,0.0,0.0,1,221.0,1351.0,1,487.0,0.0,0.0,0.0,0.0,0.0,24
2023-05-10 13:44:46,CF311P15400,CF311P15400,487.0,0.0,0.0,0.0,1,221.0,1348.0,1,487.0,0.0,0.0,0.0,0.0,0.0,24
2023-05-10 13:44:51,CF311P15400,CF311P15400,487.0,0.0,0.0,0.0,1,221.0,1347.0,1,487.0,0.0,0.0,0.0,0.0,0.0,24
2023-05-10 13:44:52,CF311P15400,CF311P15400,487.0,0.0,0.0,0.0,1,221.0,1344.0,1,487.0,0.0,0.0,0.0,0.0,0.0,24
2023-05-10 13:44:57,CF311P15400,CF311P15400,487.0,0.0,0.0,0.0,1,221.0,1343.0,1,487.0,0.0,0.0,0.0,0.0,0.0,24
2023-05-10 13:44:57,CF311P15400,CF311P15400,487.0,0.0,0.0,0.0,1,221.0,1340.0,1,487.0,0.0,0.0,0.0,0.0,0.0,24
2023-05-10 13:45:03,CF311P15400,CF311P15400,487.0,0.0,0.0,0.0,1,221.0,1339.0,1,487.0,0.0,0.0,0.0,0.0,0.0,24
2023-05-10 13:45:04,CF311P15400,CF311P15400,487.0,0.0,0.0,0.0,1,221.0,1336.0,1,487.0,0.0,0.0,0.0,0.0,0.0,24
2023-05-10 13:45:12,CF311P15400,CF311P15400,487.0,0.0,0.0,0.0,1,221.0,1335.0,1,487.0,0.0,0.0,0.0,0.0,0.0,24
2023-05-10 13:45:12,CF311P15400,CF311P15400,487.0,0.0,0.0,0.0,1,221.0,1332.0,1,487.0,0.0,0.0,0.0,0.0,0.0,24
2023-05-10 13:45:21,CF311P15400,CF311P15400,487.0,0.0,0.0,0.0,1,221.0,1331.0,1,487.0,0.0,0.0,0.0,0.0,0.0,24
2023-05-10 13:45:21,CF311P15400,CF311P15400,487.0,0.0,0.0,0.0,1,221.0,1328.0,1,487.0,0.0,0.0,0.0,0.0,0.0,24
2023-05-10 13:45:26,CF311P15400,CF311P15400,487.0,0.0,0.0,0.0,1,221.0,1327.0,1,487.0,0.0,0.0,0.0,0.0,0.0,24
2023-05-10 13:45:26,CF311P15400,CF311P15400,487.0,0.0,0.0,0.0,1,221.0,1324.0,1,487.0,0.0,0.0,0.0,0.0,0.0,24
2023-05-10 13:45:37,CF311P15400,CF311P15400,487.0,0.0,0.0,0.0,1,221.0,1323.0,1,487.0,0.0,0.0,0.0,0.0,0.0,24
2023-05-10 13:45:37,CF311P15400,CF311P15400,487.0,0.0,0.0,0.0,1,221.0,1320.0,1,487.0,0.0,0.0,0.0,0.0,0.0,24
2023-05-10 13:45:44,CF311P15400,CF311P15400,487.0,0.0,0.0,0.0,1,221.0,1319.0,1,487.0,0.0,0.0,0.0,0.0,0.0,24
2023-05-10 13:45:44,CF311P15400,CF311P15400,487.0,0.0,0.0,0.0,1,221.0,1316.0,1,487.0,0.0,0.0,0.0,0.0,0.0,24
2023-05-10 13:45:50,CF311P15400,CF311P15400,487.0,0.0,0.0,0.0,1,221.0,1315.0,1,487.0,0.0,0.0,0.0,0.0,0.0,24
2023-05-10 13:45:50,CF311P15400,CF311P15400,487.0,0.0,0.0,0.0,1,221.0,1312.0,1,487.0,0.0,0.0,0.0,0.0,0.0,24
2023-05-10 13:45:57,CF311P15400,CF311P15400,487.0,0.0,0.0,0.0,1,221.0,1311.0,1,487.0,0.0,0.0,0.0,0.0,0.0,24
2023-05-10 13:45:57,CF311P15400,CF311P15400,487.0,0.0,0.0,0.0,1,221.0,1308.0,1,487.0,0.0,0.0,0.0,0.0,0.0,24
2023-05-10 13:46:00,CF311P15400,CF311P15400,487.0,0.0,0.0,0.0,1,221.0,1307.0,1,487.0,0.0,0.0,0.0,0.0,0.0,24
2023-05-10 13:46:00,CF311P15400,CF311P15400,487.0,0.0,0.0,0.0,1,221.0,1304.0,1,487.0,0.0,0.0,0.0,0.0,0.0,24
2023-05-10 13:46:04,CF311P15400,CF311P15400,487.0,0.0,0.0,0.0,1,221.0,1303.0,1,487.0,0.0,0.0,0.0,0.0,0.0,24
2023-05-10 13:46:05,CF311P15400,CF311P15400,487.0,0.0,0.0,0.0,1,221.0,1300.0,1,487.0,0.0,0.0,0.0,0.0,0.0,24
2023-05-10 13:46:09,CF311P15400,CF311P15400,487.0,0.0,0.0,0.0,1,221.0,1299.0,1,487.0,0.0,0.0,0.0,0.0,0.0,24
2023-05-10 13:46:10,CF311P15400,CF311P15400,487.0,0.0,0.0,0.0,1,221.0,1296.0,1,487.0,0.0,0.0,0.0,0.0,0.0,24
2023-05-10 13:46:11,CF311P15400,CF311P15400,487.0,0.0,0.0,0.0,1,221.0,1295.0,1,487.0,0.0,0.0,0.0,0.0,0.0,24
2023-05-10 13:46:12,CF311P15400,CF311P15400,487.0,0.0,0.0,0.0,1,221.0,1292.0,1,487.0,0.0,0.0,0.0,0.0,0.0,24
2023-05-10 13:46:16,CF311P15400,CF311P15400,487.0,0.0,0.0,0.0,1,221.0,1291.0,1,487.0,0.0,0.0,0.0,0.0,0.0,24
2023-05-10 13:46:17,CF311P15400,CF311P15400,487.0,0.0,0.0,0.0,1,221.0,1288.0,1,487.0,0.0,0.0,0.0,0.0,0.0,24
2023-05-10 13:46:20,CF311P15400,CF311P15400,487.0,0.0,0.0,0.0,1,221.0,1287.0,1,487.0,0.0,0.0,0.0,0.0,0.0,24
2023-05-10 13:46:20,CF311P15400,CF311P15400,487.0,0.0,0.0,0.0,1,221.0,1284.0,1,487.0,0.0,0.0,0.0,0.0,0.0,24
2023-05-10 13:46:23,CF311P15400,CF311P15400,487.0,0.0,0.0,0.0,1,221.0,1283.0,1,487.0,0.0,0.0,0.0,0.0,0.0,24
2023-05-10 13:46:23,CF311P15400,CF311P15400,487.0,0.0,0.0,0.0,1,221.0,1280.0,1,487.0,0.0,0.0,0.0,0.0,0.0,24
2023-05-10 13:46:25,CF311P15400,CF311P15400,487.0,0.0,0.0,0.0,1,221.0,1279.0,1,487.0,0.0,0.0,0.0,0.0,0.0,24
2023-05-10 13:46:26,CF311P15400,CF311P15400,487.0,0.0,0.0,0.0,1,221.0,1276.0,1,487.0,0.0,0.0,0.0,0.0,0.0,24
2023-05-10 13:46:29,CF311P15400,CF311P15400,487.0,0.0,0.0,0.0,1,221.0,1275.0,1,487.0,0.0,0.0,0.0,0.0,0.0,24
2023-05-10 13:46:29,CF311P15400,CF311P15400,487.0,0.0,0.0,0.0,1,221.0,1272.0,1,487.0,0.0,0.0,0.0,0.0,0.0,24
2023-05-10 13:46:32,CF311P15400,CF311P15400,487.0,0.0,0.0,0.0,1,221.0,1271.0,1,487.0,0.0,0.0,0.0,0.0,0.0,24
2023-05-10 13:46:33,CF311P15400,CF311P15400,487.0,0.0,0.0,0.0,1,221.0,1268.0,1,487.0,0.0,0.0,0.0,0.0,0.0,24
2023-05-10 13:46:36,CF311P15400,CF311P15400,487.0,0.0,0.0,0.0,1,221.0,1267.0,1,487.0,0.0,0.0,0.0,0.0,0.0,24
2023-05-10 13:46:37,CF311P15400,CF311P15400,487.0,0.0,0.0,0.0,1,221.0,1264.0,1,487.0,0.0,0.0,0.0,0.0,0.0,24
2023-05-10 13:46:39,CF311P15400,CF311P15400,487.0,0.0,0.0,0.0,1,221.0,1263.0,1,487.0,0.0,0.0,0.0,0.0,0.0,24
2023-05-10 13:46:39,CF311P15400,CF311P15400,487.0,0.0,0.0,0.0,1,221.0,1260.0,1,487.0,0.0,0.0,0.0,0.0,0.0,24
2023-05-10 13:46:43,CF311P15400,CF311P15400,487.0,0.0,0.0,0.0,1,221.0,1259.0,1,487.0,0.0,0.0,0.0,0.0,0.0,24
2023-05-10 13:46:44,CF311P15400,CF311P15400,487.0,0.0,0.0,0.0,1,221.0,1256.0,1,487.0,0.0,0.0,0.0,0.0,0.0,24
2023-05-10 13:46:47,CF311P15400,CF311P15400,487.0,0.0,0.0,0.0,1,221.0,1255.0,1,487.0,0.0,0.0,0.0,0.0,0.0,24
2023-05-10 13:46:47,CF311P15400,CF311P15400,487.0,0.0,0.0,0.0,1,221.0,1252.0,1,487.0,0.0,0.0,0.0,0.0,0.0,24
2023-05-10 13:46:54,CF311P15400,CF311P15400,487.0,0.0,0.0,0.0,1,221.0,1251.0,1,487.0,0.0,0.0,0.0,0.0,0.0,24
2023-05-10 13:46:54,CF311P15400,CF311P15400,487.0,0.0,0.0,0.0,1,221.0,1248.0,1,487.0,0.0,0.0,0.0,0.0,0.0,24
2023-05-10 14:13:20,CF311P15400,CF311P15400,487.0,0.0,0.0,0.0,3,498.0,546.0,3,487.0,0.0,0.0,0.0,0.0,0.0,24
2023-05-10 14:13:20,CF311P15400,CF311P15400,487.0,0.0,0.0,0.0,3,498.0,546.0,6,487.0,0.0,0.0,0.0,0.0,0.0,24
2023-05-10 14:13:22,CF311P15400,CF311P15400,487.0,0.0,0.0,0.0,3,500.0,546.0,6,487.0,0.0,0.0,0.0,0.0,0.0,24
2023-05-10 14:13:23,CF311P15400,CF311P15400,487.0,0.0,0.0,0.0,6,500.0,546.0,12,487.0,0.0,0.0,0.0,0.0,0.0,24
2023-05-10 14:13:23,CF311P15400,CF311P15400,487.0,0.0,0.0,0.0,6,500.0,546.0,15,487.0,0.0,0.0,0.0,0.0,0.0,24
2023-05-10 14:13:25,CF311P15400,CF311P15400,487.0,0.0,0.0,0.0,6,500.0,546.0,18,487.0,0.0,0.0,0.0,0.0,0.0,24
2023-05-10 14:13:28,CF311P15400,CF311P15400,487.0,0.0,0.0,0.0,9,500.0,546.0,21,487.0,0.0,0.0,0.0,0.0,0.0,24
2023-05-10 14:13:29,CF311P15400,CF311P15400,487.0,0.0,0.0,0.0,9,500.0,545.0,3,487.0,0.0,0.0,0.0,0.0,0.0,24
2023-05-10 14:13:29,CF311P15400,CF311P15400,487.0,0.0,0.0,0.0,6,500.0,536.0,3,487.0,0.0,0.0,0.0,0.0,0.0,24
2023-05-10 14:13:30,CF311P15400,CF311P15400,487.0,0.0,0.0,0.0,9,500.0,536.0,3,487.0,0.0,0.0,0.0,0.0,0.0,24
2023-05-10 14:13:30,CF311P15400,CF311P15400,487.0,0.0,0.0,0.0,12,500.0,536.0,6,487.0,0.0,0.0,0.0,0.0,0.0,24
2023-05-10 14:13:32,CF311P15400,CF311P15400,487.0,0.0,0.0,0.0,15,500.0,536.0,9,487.0,0.0,0.0,0.0,0.0,0.0,24
2023-05-10 14:13:34,CF311P15400,CF311P15400,487.0,0.0,0.0,0.0,18,500.0,536.0,12,487.0,0.0,0.0,0.0,0.0,0.0,24
2023-05-10 14:13:34,CF311P15400,CF311P15400,487.0,0.0,0.0,0.0,21,500.0,536.0,18,487.0,0.0,0.0,0.0,0.0,0.0,24
2023-05-10 14:13:39,CF311P15400,CF311P15400,487.0,0.0,0.0,0.0,18,500.0,536.0,18,487.0,0.0,0.0,0.0,0.0,0.0,24
2023-05-10 14:13:40,CF311P15400,CF311P15400,487.0,0.0,0.0,0.0,18,500.0,536.0,15,487.0,0.0,0.0,0.0,0.0,0.0,24
2023-05-10 14:13:42,CF311P15400,CF311P15400,487.0,0.0,0.0,0.0,12,500.0,536.0,12,487.0,0.0,0.0,0.0,0.0,0.0,24
2023-05-10 14:13:42,CF311P15400,CF311P15400,487.0,0.0,0.0,0.0,9,500.0,536.0,9,487.0,0.0,0.0,0.0,0.0,0.0,24
2023-05-10 14:13:42,CF311P15400,CF311P15400,487.0,0.0,0.0,0.0,6,500.0,536.0,6,487.0,0.0,0.0,0.0,0.0,0.0,24
2023-05-10 14:13:44,CF311P15400,CF311P15400,487.0,0.0,0.0,0.0,3,500.0,536.0,3,487.0,0.0,0.0,0.0,0.0,0.0,24
2023-05-10 14:13:45,CF311P15400,CF311P15400,487.0,0.0,0.0,0.0,1,56.0,0.0,0,487.0,0.0,0.0,0.0,0.0,0.0,24
2023-05-10 14:13:45,CF311P15400,CF311P15400,487.0,0.0,0.0,0.0,1,59.0,1444.0,1,487.0,0.0,0.0,0.0,0.0,0.0,24
2023-05-10 14:13:45,CF311P15400,CF311P15400,487.0,0.0,0.0,0.0,2,75.0,1444.0,1,487.0,0.0,0.0,0.0,0.0,0.0,24
2023-05-10 14:13:46,CF311P15400,CF311P15400,487.0,0.0,0.0,0.0,1,78.0,1444.0,1,487.0,0.0,0.0,0.0,0.0,0.0,24
2023-05-10 14:13:47,CF311P15400,CF311P15400,487.0,0.0,0.0,0.0,2,94.0,1444.0,1,487.0,0.0,0.0,0.0,0.0,0.0,24
2023-05-10 14:13:47,CF311P15400,CF311P15400,487.0,0.0,0.0,0.0,1,97.0,1444.0,1,487.0,0.0,0.0,0.0,0.0,0.0,24
2023-05-10 14:13:48,CF311P15400,CF311P15400,487.0,0.0,0.0,0.0,2,113.0,1444.0,1,487.0,0.0,0.0,0.0,0.0,0.0,24
2023-05-10 14:13:49,CF311P15400,CF311P15400,487.0,0.0,0.0,0.0,1,116.0,1444.0,1,487.0,0.0,0.0,0.0,0.0,0.0,24
2023-05-10 14:13:50,CF311P15400,CF311P15400,487.0,0.0,0.0,0.0,2,132.0,1444.0,1,487.0,0.0,0.0,0.0,0.0,0.0,24
2023-05-10 14:13:50,CF311P15400,CF311P15400,487.0,0.0,0.0,0.0,1,135.0,1444.0,1,487.0,0.0,0.0,0.0,0.0,0.0,24
2023-05-10 14:13:51,CF311P15400,CF311P15400,487.0,0.0,0.0,0.0,2,151.0,1444.0,1,487.0,0.0,0.0,0.0,0.0,0.0,24
2023-05-10 14:13:52,CF311P15400,CF311P15400,487.0,0.0,0.0,0.0,1,154.0,1444.0,1,487.0,0.0,0.0,0.0,0.0,0.0,24
2023-05-10 14:13:53,CF311P15400,CF311P15400,487.0,0.0,0.0,0.0,2,170.0,1444.0,1,487.0,0.0,0.0,0.0,0.0,0.0,24
2023-05-10 14:13:53,CF311P15400,CF311P15400,487.0,0.0,0.0,0.0,1,173.0,1444.0,1,487.0,0.0,0.0,0.0,0.0,0.0,24
2023-05-10 14:13:54,CF311P15400,CF311P15400,487.0,0.0,0.0,0.0,2,189.0,1444.0,1,487.0,0.0,0.0,0.0,0.0,0.0,24
2023-05-10 14:13:54,CF311P15400,CF311P15400,487.0,0.0,0.0,0.0,1,192.0,1444.0,1,487.0,0.0,0.0,0.0,0.0,0.0,24
2023-05-10 14:13:55,CF311P15400,CF311P15400,487.0,0.0,0.0,0.0,2,208.0,1444.0,1,487.0,0.0,0.0,0.0,0.0,0.0,24
2023-05-10 14:13:55,CF311P15400,CF311P15400,487.0,0.0,0.0,0.0,1,211.0,1444.0,1,487.0,0.0,0.0,0.0,0.0,0.0,24
2023-05-10 14:13:56,CF311P15400,CF311P15400,487.0,0.0,0.0,0.0,2,227.0,1444.0,1,487.0,0.0,0.0,0.0,0.0,0.0,24
2023-05-10 14:13:56,CF311P15400,CF311P15400,487.0,0.0,0.0,0.0,1,230.0,1444.0,1,487.0,0.0,0.0,0.0,0.0,0.0,24
2023-05-10 14:13:57,CF311P15400,CF311P15400,487.0,0.0,0.0,0.0,2,246.0,1444.0,1,487.0,0.0,0.0,0.0,0.0,0.0,24
2023-05-10 14:13:58,CF311P15400,CF311P15400,487.0,0.0,0.0,0.0,1,249.0,1444.0,1,487.0,0.0,0.0,0.0,0.0,0.0,24
2023-05-10 14:13:59,CF311P15400,CF311P15400,487.0,0.0,0.0,0.0,2,265.0,1444.0,1,487.0,0.0,0.0,0.0,0.0,0.0,24
2023-05-10 14:13:59,CF311P15400,CF311P15400,487.0,0.0,0.0,0.0,1,268.0,1444.0,1,487.0,0.0,0.0,0.0,0.0,0.0,24
2023-05-10 14:14:00,CF311P15400,CF311P15400,487.0,0.0,0.0,0.0,2,284.0,1444.0,1,487.0,0.0,0.0,0.0,0.0,0.0,24
2023-05-10 14:22:57,CF311P15400,CF311P15400,487.0,0.0,0.0,0.0,1,56.0,1444.0,1,487.0,0.0,0.0,0.0,0.0,0.0,24
2023-05-10 14:22:58,CF311P15400,CF311P15400,487.0,0.0,0.0,0.0,2,72.0,1444.0,1,487.0,0.0,0.0,0.0,0.0,0.0,24
2023-05-10 14:22:58,CF311P15400,CF311P15400,487.0,0.0,0.0,0.0,1,75.0,1444.0,1,487.0,0.0,0.0,0.0,0.0,0.0,24
2023-05-10 14:22:59,CF311P15400,CF311P15400,487.0,0.0,0.0,0.0,2,91.0,1444.0,1,487.0,0.0,0.0,0.0,0.0,0.0,24
2023-05-10 14:22:59,CF311P15400,CF311P15400,487.0,0.0,0.0,0.0,1,94.0,1444.0,1,487.0,0.0,0.0,0.0,0.0,0.0,24
2023-05-10 14:23:00,CF311P15400,CF311P15400,487.0,0.0,0.0,0.0,2,110.0,1444.0,1,487.0,0.0,0.0,0.0,0.0,0.0,24
2023-05-10 14:23:00,CF311P15400,CF311P15400,487.0,0.0,0.0,0.0,1,113.0,1444.0,1,487.0,0.0,0.0,0.0,0.0,0.0,24
2023-05-10 14:23:01,CF311P15400,CF311P15400,487.0,0.0,0.0,0.0,2,129.0,1444.0,1,487.0,0.0,0.0,0.0,0.0,0.0,24
2023-05-10 14:23:01,CF311P15400,CF311P15400,487.0,0.0,0.0,0.0,1,132.0,1444.0,1,487.0,0.0,0.0,0.0,0.0,0.0,24
2023-05-10 14:23:02,CF311P15400,CF311P15400,487.0,0.0,0.0,0.0,2,148.0,1444.0,1,487.0,0.0,0.0,0.0,0.0,0.0,24
2023-05-10 14:23:02,CF311P15400,CF311P15400,487.0,0.0,0.0,0.0,1,151.0,1444.0,1,487.0,0.0,0.0,0.0,0.0,0.0,24
2023-05-10 14:23:03,CF311P15400,CF311P15400,487.0,0.0,0.0,0.0,2,167.0,1444.0,1,487.0,0.0,0.0,0.0,0.0,0.0,24
2023-05-10 14:23:04,CF311P15400,CF311P15400,487.0,0.0,0.0,0.0,1,170.0,1444.0,1,487.0,0.0,0.0,0.0,0.0,0.0,24
2023-05-10 14:23:05,CF311P15400,CF311P15400,487.0,0.0,0.0,0.0,2,186.0,1444.0,1,487.0,0.0,0.0,0.0,0.0,0.0,24
2023-05-10 14:23:05,CF311P15400,CF311P15400,487.0,0.0,0.0,0.0,1,189.0,1444.0,1,487.0,0.0,0.0,0.0,0.0,0.0,24
2023-05-10 14:23:06,CF311P15400,CF311P15400,487.0,0.0,0.0,0.0,2,190.0,1444.0,1,487.0,0.0,0.0,0.0,0.0,0.0,24
2023-05-10 14:23:06,CF311P15400,CF311P15400,487.0,0.0,0.0,0.0,1,193.0,1444.0,1,487.0,0.0,0.0,0.0,0.0,0.0,24
2023-05-10 14:23:07,CF311P15400,CF311P15400,487.0,0.0,0.0,0.0,2,194.0,1444.0,1,487.0,0.0,0.0,0.0,0.0,0.0,24
2023-05-10 14:23:07,CF311P15400,CF311P15400,487.0,0.0,0.0,0.0,1,197.0,1444.0,1,487.0,0.0,0.0,0.0,0.0,0.0,24
2023-05-10 14:23:08,CF311P15400,CF311P15400,487.0,0.0,0.0,0.0,2,198.0,1444.0,1,487.0,0.0,0.0,0.0,0.0,0.0,24
2023-05-10 14:23:08,CF311P15400,CF311P15400,487.0,0.0,0.0,0.0,1,201.0,1444.0,1,487.0,0.0,0.0,0.0,0.0,0.0,24
2023-05-10 14:23:09,CF311P15400,CF311P15400,487.0,0.0,0.0,0.0,2,202.0,1444.0,1,487.0,0.0,0.0,0.0,0.0,0.0,24
2023-05-10 14:23:09,CF311P15400,CF311P15400,487.0,0.0,0.0,0.0,1,205.0,1444.0,1,487.0,0.0,0.0,0.0,0.0,0.0,24
2023-05-10 14:23:10,CF311P15400,CF311P15400,487.0,0.0,0.0,0.0,2,206.0,1444.0,1,487.0,0.0,0.0,0.0,0.0,0.0,24
2023-05-10 14:23:10,CF311P15400,CF311P15400,487.0,0.0,0.0,0.0,1,209.0,1444.0,1,487.0,0.0,0.0,0.0,0.0,0.0,24
2023-05-10 14:23:11,CF311P15400,CF311P15400,487.0,0.0,0.0,0.0,2,210.0,1444.0,1,487.0,0.0,0.0,0.0,0.0,0.0,24
2023-05-10 14:23:11,CF311P15400,CF311P15400,487.0,0.0,0.0,0.0,1,213.0,1444.0,1,487.0,0.0,0.0,0.0,0.0,0.0,24
2023-05-10 14:23:12,CF311P15400,CF311P15400,487.0,0.0,0.0,0.0,2,214.0,1444.0,1,487.0,0.0,0.0,0.0,0.0,0.0,24
2023-05-10 14:23:12,CF311P15400,CF311P15400,487.0,0.0,0.0,0.0,1,217.0,1444.0,1,487.0,0.0,0.0,0.0,0.0,0.0,24
2023-05-10 14:23:13,CF311P15400,CF311P15400,487.0,0.0,0.0,0.0,2,218.0,1444.0,1,487.0,0.0,0.0,0.0,0.0,0.0,24
2023-05-10 14:23:13,CF311P15400,CF311P15400,487.0,0.0,0.0,0.0,1,221.0,1444.0,1,487.0,0.0,0.0,0.0,0.0,0.0,24
2023-05-10 14:59:55,CF311P15400,CF311P15400,487.0,0.0,0.0,0.0,1,56.0,0.0,0,487.0,0.0,0.0,0.0,0.0,0.0,24
2023-05-10 14:59:58,CF311P15400,CF311P15400,487.0,0.0,0.0,0.0,2,72.0,0.0,0,487.0,0.0,0.0,0.0,0.0,0.0,24
