time,symbol_id,symbol_name,last,trade_volume,trade_amount,open_interest_change,bv1,bp1,ap1,av1,yesterday_close,today_open,today_high,today_low,volume,amount,open_interest
2023-05-09 19:10:58,CF311P15000,CF311P15000,337.0,0.0,0.0,0.0,0,0.0,0.0,0,337.0,0.0,0.0,0.0,0.0,0.0,18
2023-05-09 20:59:00,CF311P15000,CF311P15000,337.0,0.0,0.0,0.0,1,1.0,0.0,0,337.0,0.0,0.0,0.0,0.0,0.0,18
2023-05-09 21:01:12,CF311P15000,CF311P15000,337.0,0.0,0.0,0.0,2,17.0,0.0,0,337.0,0.0,0.0,0.0,0.0,0.0,18
2023-05-09 21:01:16,CF311P15000,CF311P15000,337.0,0.0,0.0,0.0,1,20.0,0.0,0,337.0,0.0,0.0,0.0,0.0,0.0,18
2023-05-09 21:01:21,CF311P15000,CF311P15000,337.0,0.0,0.0,0.0,1,20.0,1294.0,1,337.0,0.0,0.0,0.0,0.0,0.0,18
2023-05-09 21:01:30,CF311P15000,CF311P15000,337.0,0.0,0.0,0.0,1,21.0,1294.0,1,337.0,0.0,0.0,0.0,0.0,0.0,18
2023-05-09 21:01:32,CF311P15000,CF311P15000,337.0,0.0,0.0,0.0,1,24.0,1294.0,1,337.0,0.0,0.0,0.0,0.0,0.0,18
2023-05-09 21:02:16,CF311P15000,CF311P15000,337.0,0.0,0.0,0.0,2,32.0,1294.0,1,337.0,0.0,0.0,0.0,0.0,0.0,18
2023-05-09 21:02:23,CF311P15000,CF311P15000,337.0,0.0,0.0,0.0,1,35.0,1294.0,1,337.0,0.0,0.0,0.0,0.0,0.0,18
2023-05-09 21:02:23,CF311P15000,CF311P15000,337.0,0.0,0.0,0.0,2,43.0,1294.0,1,337.0,0.0,0.0,0.0,0.0,0.0,18
2023-05-09 21:02:23,CF311P15000,CF311P15000,337.0,0.0,0.0,0.0,1,35.0,1294.0,1,337.0,0.0,0.0,0.0,0.0,0.0,18
2023-05-09 21:02:23,CF311P15000,CF311P15000,337.0,0.0,0.0,0.0,2,43.0,1294.0,1,337.0,0.0,0.0,0.0,0.0,0.0,18
2023-05-09 21:02:26,CF311P15000,CF311P15000,337.0,0.0,0.0,0.0,1,46.0,1294.0,1,337.0,0.0,0.0,0.0,0.0,0.0,18
2023-05-09 21:02:27,CF311P15000,CF311P15000,337.0,0.0,0.0,0.0,2,47.0,1294.0,1,337.0,0.0,0.0,0.0,0.0,0.0,18
2023-05-09 21:02:27,CF311P15000,CF311P15000,337.0,0.0,0.0,0.0,1,50.0,1294.0,1,337.0,0.0,0.0,0.0,0.0,0.0,18
2023-05-09 21:02:30,CF311P15000,CF311P15000,337.0,0.0,0.0,0.0,2,51.0,1294.0,1,337.0,0.0,0.0,0.0,0.0,0.0,18
2023-05-09 21:02:32,CF311P15000,CF311P15000,337.0,0.0,0.0,0.0,1,54.0,1294.0,1,337.0,0.0,0.0,0.0,0.0,0.0,18
2023-05-09 21:02:33,CF311P15000,CF311P15000,337.0,0.0,0.0,0.0,2,70.0,1294.0,1,337.0,0.0,0.0,0.0,0.0,0.0,18
2023-05-09 21:02:35,CF311P15000,CF311P15000,337.0,0.0,0.0,0.0,1,73.0,1294.0,1,337.0,0.0,0.0,0.0,0.0,0.0,18
2023-05-09 21:02:36,CF311P15000,CF311P15000,337.0,0.0,0.0,0.0,2,74.0,1294.0,1,337.0,0.0,0.0,0.0,0.0,0.0,18
2023-05-09 21:02:39,CF311P15000,CF311P15000,337.0,0.0,0.0,0.0,1,77.0,1294.0,1,337.0,0.0,0.0,0.0,0.0,0.0,18
2023-05-09 21:02:40,CF311P15000,CF311P15000,337.0,0.0,0.0,0.0,2,78.0,1294.0,1,337.0,0.0,0.0,0.0,0.0,0.0,18
2023-05-09 21:02:41,CF311P15000,CF311P15000,337.0,0.0,0.0,0.0,1,81.0,1294.0,1,337.0,0.0,0.0,0.0,0.0,0.0,18
2023-05-09 21:02:42,CF311P15000,CF311P15000,337.0,0.0,0.0,0.0,2,82.0,1294.0,1,337.0,0.0,0.0,0.0,0.0,0.0,18
2023-05-09 21:02:47,CF311P15000,CF311P15000,337.0,0.0,0.0,0.0,1,85.0,1294.0,1,337.0,0.0,0.0,0.0,0.0,0.0,18
2023-05-09 21:02:48,CF311P15000,CF311P15000,337.0,0.0,0.0,0.0,2,86.0,1294.0,1,337.0,0.0,0.0,0.0,0.0,0.0,18
2023-05-09 21:02:50,CF311P15000,CF311P15000,337.0,0.0,0.0,0.0,1,89.0,1294.0,1,337.0,0.0,0.0,0.0,0.0,0.0,18
2023-05-09 21:02:51,CF311P15000,CF311P15000,337.0,0.0,0.0,0.0,2,90.0,1294.0,1,337.0,0.0,0.0,0.0,0.0,0.0,18
2023-05-09 21:02:51,CF311P15000,CF311P15000,337.0,0.0,0.0,0.0,1,93.0,1294.0,1,337.0,0.0,0.0,0.0,0.0,0.0,18
2023-05-09 21:02:52,CF311P15000,CF311P15000,337.0,0.0,0.0,0.0,2,94.0,1294.0,1,337.0,0.0,0.0,0.0,0.0,0.0,18
2023-05-09 21:02:54,CF311P15000,CF311P15000,337.0,0.0,0.0,0.0,1,97.0,1294.0,1,337.0,0.0,0.0,0.0,0.0,0.0,18
2023-05-09 21:02:55,CF311P15000,CF311P15000,337.0,0.0,0.0,0.0,2,98.0,1294.0,1,337.0,0.0,0.0,0.0,0.0,0.0,18
2023-05-09 21:02:55,CF311P15000,CF311P15000,337.0,0.0,0.0,0.0,1,101.0,1294.0,1,337.0,0.0,0.0,0.0,0.0,0.0,18
2023-05-09 21:02:57,CF311P15000,CF311P15000,337.0,0.0,0.0,0.0,2,102.0,1294.0,1,337.0,0.0,0.0,0.0,0.0,0.0,18
2023-05-09 21:02:57,CF311P15000,CF311P15000,337.0,0.0,0.0,0.0,1,105.0,1294.0,1,337.0,0.0,0.0,0.0,0.0,0.0,18
2023-05-09 21:02:58,CF311P15000,CF311P15000,337.0,0.0,0.0,0.0,2,106.0,1294.0,1,337.0,0.0,0.0,0.0,0.0,0.0,18
2023-05-09 21:03:00,CF311P15000,CF311P15000,337.0,0.0,0.0,0.0,1,109.0,1294.0,1,337.0,0.0,0.0,0.0,0.0,0.0,18
2023-05-09 21:03:01,CF311P15000,CF311P15000,337.0,0.0,0.0,0.0,2,110.0,1294.0,1,337.0,0.0,0.0,0.0,0.0,0.0,18
2023-05-09 21:03:02,CF311P15000,CF311P15000,337.0,0.0,0.0,0.0,1,113.0,1294.0,1,337.0,0.0,0.0,0.0,0.0,0.0,18
2023-05-09 21:03:03,CF311P15000,CF311P15000,337.0,0.0,0.0,0.0,2,114.0,1294.0,1,337.0,0.0,0.0,0.0,0.0,0.0,18
2023-05-09 21:03:06,CF311P15000,CF311P15000,337.0,0.0,0.0,0.0,1,117.0,1294.0,1,337.0,0.0,0.0,0.0,0.0,0.0,18
2023-05-09 21:03:07,CF311P15000,CF311P15000,337.0,0.0,0.0,0.0,2,118.0,1294.0,1,337.0,0.0,0.0,0.0,0.0,0.0,18
2023-05-09 21:03:11,CF311P15000,CF311P15000,337.0,0.0,0.0,0.0,1,121.0,1294.0,1,337.0,0.0,0.0,0.0,0.0,0.0,18
2023-05-09 21:03:12,CF311P15000,CF311P15000,337.0,0.0,0.0,0.0,2,122.0,1294.0,1,337.0,0.0,0.0,0.0,0.0,0.0,18
2023-05-09 21:03:15,CF311P15000,CF311P15000,337.0,0.0,0.0,0.0,1,125.0,1294.0,1,337.0,0.0,0.0,0.0,0.0,0.0,18
2023-05-09 21:03:16,CF311P15000,CF311P15000,337.0,0.0,0.0,0.0,2,126.0,1294.0,1,337.0,0.0,0.0,0.0,0.0,0.0,18
2023-05-09 21:03:16,CF311P15000,CF311P15000,337.0,0.0,0.0,0.0,1,129.0,1294.0,1,337.0,0.0,0.0,0.0,0.0,0.0,18
2023-05-09 21:03:17,CF311P15000,CF311P15000,337.0,0.0,0.0,0.0,2,130.0,1294.0,1,337.0,0.0,0.0,0.0,0.0,0.0,18
2023-05-09 21:03:17,CF311P15000,CF311P15000,337.0,0.0,0.0,0.0,1,133.0,1294.0,1,337.0,0.0,0.0,0.0,0.0,0.0,18
2023-05-09 21:03:18,CF311P15000,CF311P15000,337.0,0.0,0.0,0.0,2,134.0,1294.0,1,337.0,0.0,0.0,0.0,0.0,0.0,18
2023-05-09 21:03:20,CF311P15000,CF311P15000,337.0,0.0,0.0,0.0,1,137.0,1294.0,1,337.0,0.0,0.0,0.0,0.0,0.0,18
2023-05-09 21:03:21,CF311P15000,CF311P15000,337.0,0.0,0.0,0.0,2,138.0,1294.0,1,337.0,0.0,0.0,0.0,0.0,0.0,18
2023-05-09 21:03:21,CF311P15000,CF311P15000,337.0,0.0,0.0,0.0,1,141.0,1294.0,1,337.0,0.0,0.0,0.0,0.0,0.0,18
2023-05-09 21:03:23,CF311P15000,CF311P15000,337.0,0.0,0.0,0.0,2,142.0,1294.0,1,337.0,0.0,0.0,0.0,0.0,0.0,18
2023-05-09 21:03:23,CF311P15000,CF311P15000,337.0,0.0,0.0,0.0,1,145.0,1294.0,1,337.0,0.0,0.0,0.0,0.0,0.0,18
2023-05-09 21:03:24,CF311P15000,CF311P15000,337.0,0.0,0.0,0.0,2,146.0,1294.0,1,337.0,0.0,0.0,0.0,0.0,0.0,18
2023-05-09 21:03:24,CF311P15000,CF311P15000,337.0,0.0,0.0,0.0,1,149.0,1294.0,1,337.0,0.0,0.0,0.0,0.0,0.0,18
2023-05-09 21:03:25,CF311P15000,CF311P15000,337.0,0.0,0.0,0.0,2,150.0,1294.0,1,337.0,0.0,0.0,0.0,0.0,0.0,18
2023-05-09 21:03:25,CF311P15000,CF311P15000,337.0,0.0,0.0,0.0,1,153.0,1294.0,1,337.0,0.0,0.0,0.0,0.0,0.0,18
2023-05-09 21:03:26,CF311P15000,CF311P15000,337.0,0.0,0.0,0.0,2,154.0,1294.0,1,337.0,0.0,0.0,0.0,0.0,0.0,18
2023-05-09 21:03:26,CF311P15000,CF311P15000,337.0,0.0,0.0,0.0,1,157.0,1294.0,1,337.0,0.0,0.0,0.0,0.0,0.0,18
2023-05-09 21:03:26,CF311P15000,CF311P15000,337.0,0.0,0.0,0.0,2,154.0,1294.0,1,337.0,0.0,0.0,0.0,0.0,0.0,18
2023-05-09 21:03:26,CF311P15000,CF311P15000,337.0,0.0,0.0,0.0,1,157.0,1294.0,1,337.0,0.0,0.0,0.0,0.0,0.0,18
2023-05-09 21:14:03,CF311P15000,CF311P15000,337.0,0.0,0.0,0.0,1,157.0,1288.0,1,337.0,0.0,0.0,0.0,0.0,0.0,18
2023-05-09 21:14:03,CF311P15000,CF311P15000,337.0,0.0,0.0,0.0,1,157.0,1285.0,1,337.0,0.0,0.0,0.0,0.0,0.0,18
2023-05-09 21:14:11,CF311P15000,CF311P15000,337.0,0.0,0.0,0.0,1,157.0,1284.0,1,337.0,0.0,0.0,0.0,0.0,0.0,18
2023-05-09 21:14:11,CF311P15000,CF311P15000,337.0,0.0,0.0,0.0,1,157.0,1281.0,1,337.0,0.0,0.0,0.0,0.0,0.0,18
2023-05-09 21:14:19,CF311P15000,CF311P15000,337.0,0.0,0.0,0.0,1,157.0,1280.0,1,337.0,0.0,0.0,0.0,0.0,0.0,18
2023-05-09 21:14:20,CF311P15000,CF311P15000,337.0,0.0,0.0,0.0,1,157.0,1277.0,1,337.0,0.0,0.0,0.0,0.0,0.0,18
2023-05-09 21:14:27,CF311P15000,CF311P15000,337.0,0.0,0.0,0.0,1,157.0,1276.0,1,337.0,0.0,0.0,0.0,0.0,0.0,18
2023-05-09 21:14:27,CF311P15000,CF311P15000,337.0,0.0,0.0,0.0,1,157.0,1273.0,1,337.0,0.0,0.0,0.0,0.0,0.0,18
2023-05-09 21:14:32,CF311P15000,CF311P15000,337.0,0.0,0.0,0.0,1,157.0,1272.0,1,337.0,0.0,0.0,0.0,0.0,0.0,18
2023-05-09 21:14:32,CF311P15000,CF311P15000,337.0,0.0,0.0,0.0,1,157.0,1269.0,1,337.0,0.0,0.0,0.0,0.0,0.0,18
2023-05-09 21:14:38,CF311P15000,CF311P15000,337.0,0.0,0.0,0.0,1,157.0,1268.0,1,337.0,0.0,0.0,0.0,0.0,0.0,18
2023-05-09 21:14:39,CF311P15000,CF311P15000,337.0,0.0,0.0,0.0,1,157.0,1265.0,1,337.0,0.0,0.0,0.0,0.0,0.0,18
2023-05-09 21:14:48,CF311P15000,CF311P15000,337.0,0.0,0.0,0.0,1,157.0,1264.0,1,337.0,0.0,0.0,0.0,0.0,0.0,18
2023-05-09 21:14:48,CF311P15000,CF311P15000,337.0,0.0,0.0,0.0,1,157.0,1261.0,1,337.0,0.0,0.0,0.0,0.0,0.0,18
2023-05-09 21:14:56,CF311P15000,CF311P15000,337.0,0.0,0.0,0.0,1,157.0,1260.0,1,337.0,0.0,0.0,0.0,0.0,0.0,18
2023-05-09 21:14:56,CF311P15000,CF311P15000,337.0,0.0,0.0,0.0,1,157.0,1257.0,1,337.0,0.0,0.0,0.0,0.0,0.0,18
2023-05-09 21:15:09,CF311P15000,CF311P15000,337.0,0.0,0.0,0.0,1,157.0,1256.0,1,337.0,0.0,0.0,0.0,0.0,0.0,18
2023-05-09 21:15:09,CF311P15000,CF311P15000,337.0,0.0,0.0,0.0,1,157.0,1253.0,1,337.0,0.0,0.0,0.0,0.0,0.0,18
2023-05-09 21:15:16,CF311P15000,CF311P15000,337.0,0.0,0.0,0.0,1,157.0,1252.0,1,337.0,0.0,0.0,0.0,0.0,0.0,18
2023-05-09 21:15:17,CF311P15000,CF311P15000,337.0,0.0,0.0,0.0,1,157.0,1249.0,1,337.0,0.0,0.0,0.0,0.0,0.0,18
2023-05-09 21:15:25,CF311P15000,CF311P15000,337.0,0.0,0.0,0.0,1,157.0,1248.0,1,337.0,0.0,0.0,0.0,0.0,0.0,18
2023-05-09 21:15:25,CF311P15000,CF311P15000,337.0,0.0,0.0,0.0,1,157.0,1245.0,1,337.0,0.0,0.0,0.0,0.0,0.0,18
2023-05-09 21:15:35,CF311P15000,CF311P15000,337.0,0.0,0.0,0.0,1,157.0,1244.0,1,337.0,0.0,0.0,0.0,0.0,0.0,18
2023-05-09 21:15:35,CF311P15000,CF311P15000,337.0,0.0,0.0,0.0,1,157.0,1241.0,1,337.0,0.0,0.0,0.0,0.0,0.0,18
2023-05-09 21:15:52,CF311P15000,CF311P15000,337.0,0.0,0.0,0.0,1,157.0,1240.0,1,337.0,0.0,0.0,0.0,0.0,0.0,18
2023-05-09 21:15:52,CF311P15000,CF311P15000,337.0,0.0,0.0,0.0,1,157.0,1237.0,1,337.0,0.0,0.0,0.0,0.0,0.0,18
2023-05-09 21:15:57,CF311P15000,CF311P15000,337.0,0.0,0.0,0.0,1,157.0,1236.0,1,337.0,0.0,0.0,0.0,0.0,0.0,18
2023-05-09 21:15:57,CF311P15000,CF311P15000,337.0,0.0,0.0,0.0,1,157.0,1233.0,1,337.0,0.0,0.0,0.0,0.0,0.0,18
2023-05-09 21:16:05,CF311P15000,CF311P15000,337.0,0.0,0.0,0.0,1,157.0,1232.0,1,337.0,0.0,0.0,0.0,0.0,0.0,18
2023-05-09 21:16:06,CF311P15000,CF311P15000,337.0,0.0,0.0,0.0,1,157.0,1229.0,1,337.0,0.0,0.0,0.0,0.0,0.0,18
2023-05-09 21:16:11,CF311P15000,CF311P15000,337.0,0.0,0.0,0.0,1,157.0,1228.0,1,337.0,0.0,0.0,0.0,0.0,0.0,18
2023-05-09 21:16:12,CF311P15000,CF311P15000,337.0,0.0,0.0,0.0,1,157.0,1225.0,1,337.0,0.0,0.0,0.0,0.0,0.0,18
2023-05-09 21:16:22,CF311P15000,CF311P15000,337.0,0.0,0.0,0.0,1,157.0,1224.0,1,337.0,0.0,0.0,0.0,0.0,0.0,18
2023-05-09 21:16:22,CF311P15000,CF311P15000,337.0,0.0,0.0,0.0,1,157.0,1221.0,1,337.0,0.0,0.0,0.0,0.0,0.0,18
2023-05-09 21:16:28,CF311P15000,CF311P15000,337.0,0.0,0.0,0.0,1,157.0,1220.0,1,337.0,0.0,0.0,0.0,0.0,0.0,18
2023-05-09 21:16:28,CF311P15000,CF311P15000,337.0,0.0,0.0,0.0,1,157.0,1217.0,1,337.0,0.0,0.0,0.0,0.0,0.0,18
2023-05-09 21:16:32,CF311P15000,CF311P15000,337.0,0.0,0.0,0.0,1,157.0,1216.0,1,337.0,0.0,0.0,0.0,0.0,0.0,18
2023-05-09 21:16:32,CF311P15000,CF311P15000,337.0,0.0,0.0,0.0,1,157.0,1213.0,1,337.0,0.0,0.0,0.0,0.0,0.0,18
2023-05-09 21:16:37,CF311P15000,CF311P15000,337.0,0.0,0.0,0.0,1,157.0,1212.0,1,337.0,0.0,0.0,0.0,0.0,0.0,18
2023-05-09 21:16:37,CF311P15000,CF311P15000,337.0,0.0,0.0,0.0,1,157.0,1209.0,1,337.0,0.0,0.0,0.0,0.0,0.0,18
2023-05-09 21:16:42,CF311P15000,CF311P15000,337.0,0.0,0.0,0.0,1,157.0,1208.0,1,337.0,0.0,0.0,0.0,0.0,0.0,18
2023-05-09 21:16:42,CF311P15000,CF311P15000,337.0,0.0,0.0,0.0,1,157.0,1205.0,1,337.0,0.0,0.0,0.0,0.0,0.0,18
2023-05-09 21:16:51,CF311P15000,CF311P15000,337.0,0.0,0.0,0.0,1,157.0,1204.0,1,337.0,0.0,0.0,0.0,0.0,0.0,18
2023-05-09 21:16:51,CF311P15000,CF311P15000,337.0,0.0,0.0,0.0,1,157.0,1201.0,1,337.0,0.0,0.0,0.0,0.0,0.0,18
2023-05-09 21:16:58,CF311P15000,CF311P15000,337.0,0.0,0.0,0.0,1,157.0,1200.0,1,337.0,0.0,0.0,0.0,0.0,0.0,18
2023-05-09 21:16:58,CF311P15000,CF311P15000,337.0,0.0,0.0,0.0,1,157.0,1197.0,1,337.0,0.0,0.0,0.0,0.0,0.0,18
2023-05-09 21:17:03,CF311P15000,CF311P15000,337.0,0.0,0.0,0.0,1,157.0,1196.0,1,337.0,0.0,0.0,0.0,0.0,0.0,18
2023-05-09 21:17:03,CF311P15000,CF311P15000,337.0,0.0,0.0,0.0,1,157.0,1193.0,1,337.0,0.0,0.0,0.0,0.0,0.0,18
2023-05-09 21:17:14,CF311P15000,CF311P15000,337.0,0.0,0.0,0.0,1,157.0,1192.0,1,337.0,0.0,0.0,0.0,0.0,0.0,18
2023-05-09 21:17:15,CF311P15000,CF311P15000,337.0,0.0,0.0,0.0,1,157.0,1189.0,1,337.0,0.0,0.0,0.0,0.0,0.0,18
2023-05-09 21:17:20,CF311P15000,CF311P15000,337.0,0.0,0.0,0.0,1,157.0,1188.0,1,337.0,0.0,0.0,0.0,0.0,0.0,18
2023-05-09 21:17:20,CF311P15000,CF311P15000,337.0,0.0,0.0,0.0,1,157.0,1185.0,1,337.0,0.0,0.0,0.0,0.0,0.0,18
2023-05-09 21:17:27,CF311P15000,CF311P15000,337.0,0.0,0.0,0.0,1,157.0,1184.0,1,337.0,0.0,0.0,0.0,0.0,0.0,18
2023-05-09 21:17:28,CF311P15000,CF311P15000,337.0,0.0,0.0,0.0,1,157.0,1181.0,1,337.0,0.0,0.0,0.0,0.0,0.0,18
2023-05-09 21:17:32,CF311P15000,CF311P15000,337.0,0.0,0.0,0.0,1,157.0,1180.0,1,337.0,0.0,0.0,0.0,0.0,0.0,18
2023-05-09 21:17:32,CF311P15000,CF311P15000,337.0,0.0,0.0,0.0,1,157.0,1177.0,1,337.0,0.0,0.0,0.0,0.0,0.0,18
2023-05-09 21:17:39,CF311P15000,CF311P15000,337.0,0.0,0.0,0.0,1,157.0,1176.0,1,337.0,0.0,0.0,0.0,0.0,0.0,18
2023-05-09 21:17:39,CF311P15000,CF311P15000,337.0,0.0,0.0,0.0,1,157.0,1173.0,1,337.0,0.0,0.0,0.0,0.0,0.0,18
2023-05-09 21:17:39,CF311P15000,CF311P15000,337.0,0.0,0.0,0.0,1,157.0,1176.0,1,337.0,0.0,0.0,0.0,0.0,0.0,18
2023-05-09 21:17:39,CF311P15000,CF311P15000,337.0,0.0,0.0,0.0,1,157.0,1173.0,1,337.0,0.0,0.0,0.0,0.0,0.0,18
2023-05-09 21:17:46,CF311P15000,CF311P15000,337.0,0.0,0.0,0.0,1,157.0,1172.0,1,337.0,0.0,0.0,0.0,0.0,0.0,18
2023-05-09 21:17:46,CF311P15000,CF311P15000,337.0,0.0,0.0,0.0,1,157.0,1169.0,1,337.0,0.0,0.0,0.0,0.0,0.0,18
2023-05-09 21:17:51,CF311P15000,CF311P15000,337.0,0.0,0.0,0.0,1,157.0,1168.0,1,337.0,0.0,0.0,0.0,0.0,0.0,18
2023-05-09 21:17:51,CF311P15000,CF311P15000,337.0,0.0,0.0,0.0,1,157.0,1165.0,1,337.0,0.0,0.0,0.0,0.0,0.0,18
2023-05-09 21:18:04,CF311P15000,CF311P15000,337.0,0.0,0.0,0.0,1,157.0,1164.0,1,337.0,0.0,0.0,0.0,0.0,0.0,18
2023-05-09 21:18:05,CF311P15000,CF311P15000,337.0,0.0,0.0,0.0,1,157.0,1161.0,1,337.0,0.0,0.0,0.0,0.0,0.0,18
2023-05-09 21:18:15,CF311P15000,CF311P15000,337.0,0.0,0.0,0.0,1,157.0,1160.0,1,337.0,0.0,0.0,0.0,0.0,0.0,18
2023-05-09 21:18:16,CF311P15000,CF311P15000,337.0,0.0,0.0,0.0,1,157.0,1157.0,1,337.0,0.0,0.0,0.0,0.0,0.0,18
2023-05-09 21:18:21,CF311P15000,CF311P15000,337.0,0.0,0.0,0.0,1,157.0,1156.0,1,337.0,0.0,0.0,0.0,0.0,0.0,18
2023-05-09 21:18:22,CF311P15000,CF311P15000,337.0,0.0,0.0,0.0,1,157.0,1153.0,1,337.0,0.0,0.0,0.0,0.0,0.0,18
2023-05-09 21:18:28,CF311P15000,CF311P15000,337.0,0.0,0.0,0.0,1,157.0,1152.0,1,337.0,0.0,0.0,0.0,0.0,0.0,18
2023-05-09 21:18:29,CF311P15000,CF311P15000,337.0,0.0,0.0,0.0,1,157.0,1149.0,1,337.0,0.0,0.0,0.0,0.0,0.0,18
2023-05-09 21:18:35,CF311P15000,CF311P15000,337.0,0.0,0.0,0.0,1,157.0,1148.0,1,337.0,0.0,0.0,0.0,0.0,0.0,18
2023-05-09 21:18:36,CF311P15000,CF311P15000,337.0,0.0,0.0,0.0,1,157.0,1145.0,1,337.0,0.0,0.0,0.0,0.0,0.0,18
2023-05-09 21:18:41,CF311P15000,CF311P15000,337.0,0.0,0.0,0.0,1,157.0,1144.0,1,337.0,0.0,0.0,0.0,0.0,0.0,18
2023-05-09 21:18:41,CF311P15000,CF311P15000,337.0,0.0,0.0,0.0,1,157.0,1141.0,1,337.0,0.0,0.0,0.0,0.0,0.0,18
2023-05-09 21:18:47,CF311P15000,CF311P15000,337.0,0.0,0.0,0.0,1,157.0,1140.0,1,337.0,0.0,0.0,0.0,0.0,0.0,18
2023-05-09 21:18:48,CF311P15000,CF311P15000,337.0,0.0,0.0,0.0,1,157.0,1137.0,1,337.0,0.0,0.0,0.0,0.0,0.0,18
2023-05-09 21:18:53,CF311P15000,CF311P15000,337.0,0.0,0.0,0.0,1,157.0,1136.0,1,337.0,0.0,0.0,0.0,0.0,0.0,18
2023-05-09 21:18:53,CF311P15000,CF311P15000,337.0,0.0,0.0,0.0,1,157.0,1133.0,1,337.0,0.0,0.0,0.0,0.0,0.0,18
2023-05-09 21:18:54,CF311P15000,CF311P15000,337.0,0.0,0.0,0.0,1,157.0,1132.0,1,337.0,0.0,0.0,0.0,0.0,0.0,18
2023-05-09 21:18:55,CF311P15000,CF311P15000,337.0,0.0,0.0,0.0,1,157.0,1129.0,1,337.0,0.0,0.0,0.0,0.0,0.0,18
2023-05-09 21:18:59,CF311P15000,CF311P15000,337.0,0.0,0.0,0.0,1,157.0,1128.0,1,337.0,0.0,0.0,0.0,0.0,0.0,18
2023-05-09 21:18:59,CF311P15000,CF311P15000,337.0,0.0,0.0,0.0,1,157.0,1125.0,1,337.0,0.0,0.0,0.0,0.0,0.0,18
2023-05-09 21:19:03,CF311P15000,CF311P15000,337.0,0.0,0.0,0.0,1,157.0,1124.0,1,337.0,0.0,0.0,0.0,0.0,0.0,18
2023-05-09 21:19:03,CF311P15000,CF311P15000,337.0,0.0,0.0,0.0,1,157.0,1121.0,1,337.0,0.0,0.0,0.0,0.0,0.0,18
2023-05-09 21:19:07,CF311P15000,CF311P15000,337.0,0.0,0.0,0.0,1,157.0,1120.0,1,337.0,0.0,0.0,0.0,0.0,0.0,18
2023-05-09 21:19:08,CF311P15000,CF311P15000,337.0,0.0,0.0,0.0,1,157.0,1117.0,1,337.0,0.0,0.0,0.0,0.0,0.0,18
2023-05-09 21:19:13,CF311P15000,CF311P15000,337.0,0.0,0.0,0.0,1,157.0,1116.0,1,337.0,0.0,0.0,0.0,0.0,0.0,18
2023-05-09 21:19:13,CF311P15000,CF311P15000,337.0,0.0,0.0,0.0,1,157.0,1113.0,1,337.0,0.0,0.0,0.0,0.0,0.0,18
2023-05-09 21:19:17,CF311P15000,CF311P15000,337.0,0.0,0.0,0.0,1,157.0,1112.0,1,337.0,0.0,0.0,0.0,0.0,0.0,18
2023-05-09 21:19:18,CF311P15000,CF311P15000,337.0,0.0,0.0,0.0,1,157.0,1109.0,1,337.0,0.0,0.0,0.0,0.0,0.0,18
2023-05-09 21:19:23,CF311P15000,CF311P15000,337.0,0.0,0.0,0.0,1,157.0,1108.0,1,337.0,0.0,0.0,0.0,0.0,0.0,18
2023-05-09 21:19:24,CF311P15000,CF311P15000,337.0,0.0,0.0,0.0,1,157.0,1105.0,1,337.0,0.0,0.0,0.0,0.0,0.0,18
2023-05-09 21:19:27,CF311P15000,CF311P15000,337.0,0.0,0.0,0.0,1,157.0,1104.0,1,337.0,0.0,0.0,0.0,0.0,0.0,18
2023-05-09 21:19:28,CF311P15000,CF311P15000,337.0,0.0,0.0,0.0,1,157.0,1101.0,1,337.0,0.0,0.0,0.0,0.0,0.0,18
2023-05-09 21:19:33,CF311P15000,CF311P15000,337.0,0.0,0.0,0.0,1,157.0,1100.0,1,337.0,0.0,0.0,0.0,0.0,0.0,18
2023-05-09 21:19:34,CF311P15000,CF311P15000,337.0,0.0,0.0,0.0,1,157.0,1097.0,1,337.0,0.0,0.0,0.0,0.0,0.0,18
2023-05-09 21:19:39,CF311P15000,CF311P15000,337.0,0.0,0.0,0.0,1,157.0,1096.0,1,337.0,0.0,0.0,0.0,0.0,0.0,18
2023-05-09 21:19:40,CF311P15000,CF311P15000,337.0,0.0,0.0,0.0,1,157.0,1093.0,1,337.0,0.0,0.0,0.0,0.0,0.0,18
2023-05-09 21:41:27,CF311P15000,CF311P15000,337.0,0.0,0.0,0.0,1,158.0,1093.0,1,337.0,0.0,0.0,0.0,0.0,0.0,18
2023-05-09 21:41:27,CF311P15000,CF311P15000,337.0,0.0,0.0,0.0,1,161.0,1093.0,1,337.0,0.0,0.0,0.0,0.0,0.0,18
2023-05-09 22:07:31,CF311P15000,CF311P15000,337.0,0.0,0.0,0.0,1,158.0,1093.0,1,337.0,0.0,0.0,0.0,0.0,0.0,18
2023-05-09 22:25:15,CF311P15000,CF311P15000,337.0,0.0,0.0,0.0,1,161.0,1093.0,1,337.0,0.0,0.0,0.0,0.0,0.0,18
2023-05-09 22:25:49,CF311P15000,CF311P15000,337.0,0.0,0.0,0.0,1,158.0,1093.0,1,337.0,0.0,0.0,0.0,0.0,0.0,18
2023-05-09 22:35:15,CF311P15000,CF311P15000,337.0,0.0,0.0,0.0,1,161.0,1093.0,1,337.0,0.0,0.0,0.0,0.0,0.0,18
2023-05-09 22:45:16,CF311P15000,CF311P15000,337.0,0.0,0.0,0.0,1,158.0,1093.0,1,337.0,0.0,0.0,0.0,0.0,0.0,18
2023-05-09 22:57:49,CF311P15000,CF311P15000,337.0,0.0,0.0,0.0,1,5.0,1093.0,1,337.0,0.0,0.0,0.0,0.0,0.0,18
2023-05-09 22:57:49,CF311P15000,CF311P15000,337.0,0.0,0.0,0.0,1,8.0,1093.0,1,337.0,0.0,0.0,0.0,0.0,0.0,18
2023-05-09 22:59:55,CF311P15000,CF311P15000,337.0,0.0,0.0,0.0,1,5.0,1251.0,1,337.0,0.0,0.0,0.0,0.0,0.0,18
2023-05-10 09:00:36,CF311P15000,CF311P15000,337.0,0.0,0.0,0.0,1,6.0,1251.0,1,337.0,0.0,0.0,0.0,0.0,0.0,18
2023-05-10 09:01:15,CF311P15000,CF311P15000,337.0,0.0,0.0,0.0,2,14.0,1251.0,1,337.0,0.0,0.0,0.0,0.0,0.0,18
2023-05-10 09:01:17,CF311P15000,CF311P15000,337.0,0.0,0.0,0.0,1,17.0,1248.0,1,337.0,0.0,0.0,0.0,0.0,0.0,18
2023-05-10 09:02:00,CF311P15000,CF311P15000,337.0,0.0,0.0,0.0,2,33.0,1248.0,1,337.0,0.0,0.0,0.0,0.0,0.0,18
2023-05-10 09:02:04,CF311P15000,CF311P15000,337.0,0.0,0.0,0.0,1,36.0,1248.0,1,337.0,0.0,0.0,0.0,0.0,0.0,18
2023-05-10 09:02:06,CF311P15000,CF311P15000,337.0,0.0,0.0,0.0,2,52.0,1248.0,1,337.0,0.0,0.0,0.0,0.0,0.0,18
2023-05-10 09:02:10,CF311P15000,CF311P15000,337.0,0.0,0.0,0.0,1,55.0,1248.0,1,337.0,0.0,0.0,0.0,0.0,0.0,18
2023-05-10 09:02:17,CF311P15000,CF311P15000,337.0,0.0,0.0,0.0,2,56.0,1248.0,1,337.0,0.0,0.0,0.0,0.0,0.0,18
2023-05-10 09:02:19,CF311P15000,CF311P15000,337.0,0.0,0.0,0.0,1,59.0,1248.0,1,337.0,0.0,0.0,0.0,0.0,0.0,18
2023-05-10 09:02:20,CF311P15000,CF311P15000,337.0,0.0,0.0,0.0,2,60.0,1248.0,1,337.0,0.0,0.0,0.0,0.0,0.0,18
2023-05-10 09:02:22,CF311P15000,CF311P15000,337.0,0.0,0.0,0.0,1,63.0,1248.0,1,337.0,0.0,0.0,0.0,0.0,0.0,18
2023-05-10 09:02:23,CF311P15000,CF311P15000,337.0,0.0,0.0,0.0,2,64.0,1248.0,1,337.0,0.0,0.0,0.0,0.0,0.0,18
2023-05-10 09:02:29,CF311P15000,CF311P15000,337.0,0.0,0.0,0.0,1,67.0,1248.0,1,337.0,0.0,0.0,0.0,0.0,0.0,18
2023-05-10 09:02:30,CF311P15000,CF311P15000,337.0,0.0,0.0,0.0,2,68.0,1248.0,1,337.0,0.0,0.0,0.0,0.0,0.0,18
2023-05-10 09:02:34,CF311P15000,CF311P15000,337.0,0.0,0.0,0.0,1,71.0,1248.0,1,337.0,0.0,0.0,0.0,0.0,0.0,18
2023-05-10 09:02:35,CF311P15000,CF311P15000,337.0,0.0,0.0,0.0,2,72.0,1248.0,1,337.0,0.0,0.0,0.0,0.0,0.0,18
2023-05-10 09:02:39,CF311P15000,CF311P15000,337.0,0.0,0.0,0.0,1,75.0,1248.0,1,337.0,0.0,0.0,0.0,0.0,0.0,18
2023-05-10 09:02:40,CF311P15000,CF311P15000,337.0,0.0,0.0,0.0,2,76.0,1248.0,1,337.0,0.0,0.0,0.0,0.0,0.0,18
2023-05-10 09:02:43,CF311P15000,CF311P15000,337.0,0.0,0.0,0.0,1,79.0,1248.0,1,337.0,0.0,0.0,0.0,0.0,0.0,18
2023-05-10 09:02:44,CF311P15000,CF311P15000,337.0,0.0,0.0,0.0,2,80.0,1248.0,1,337.0,0.0,0.0,0.0,0.0,0.0,18
2023-05-10 09:02:52,CF311P15000,CF311P15000,337.0,0.0,0.0,0.0,1,83.0,1248.0,1,337.0,0.0,0.0,0.0,0.0,0.0,18
2023-05-10 09:02:53,CF311P15000,CF311P15000,337.0,0.0,0.0,0.0,2,91.0,1248.0,1,337.0,0.0,0.0,0.0,0.0,0.0,18
2023-05-10 09:02:56,CF311P15000,CF311P15000,337.0,0.0,0.0,0.0,1,94.0,1248.0,1,337.0,0.0,0.0,0.0,0.0,0.0,18
2023-05-10 09:02:57,CF311P15000,CF311P15000,337.0,0.0,0.0,0.0,2,95.0,1248.0,1,337.0,0.0,0.0,0.0,0.0,0.0,18
2023-05-10 09:03:02,CF311P15000,CF311P15000,337.0,0.0,0.0,0.0,1,98.0,1248.0,1,337.0,0.0,0.0,0.0,0.0,0.0,18
2023-05-10 09:03:03,CF311P15000,CF311P15000,337.0,0.0,0.0,0.0,2,99.0,1248.0,1,337.0,0.0,0.0,0.0,0.0,0.0,18
2023-05-10 09:03:11,CF311P15000,CF311P15000,337.0,0.0,0.0,0.0,1,102.0,1248.0,1,337.0,0.0,0.0,0.0,0.0,0.0,18
2023-05-10 09:03:12,CF311P15000,CF311P15000,337.0,0.0,0.0,0.0,2,103.0,1248.0,1,337.0,0.0,0.0,0.0,0.0,0.0,18
2023-05-10 09:03:18,CF311P15000,CF311P15000,337.0,0.0,0.0,0.0,1,106.0,1248.0,1,337.0,0.0,0.0,0.0,0.0,0.0,18
2023-05-10 09:03:19,CF311P15000,CF311P15000,337.0,0.0,0.0,0.0,2,107.0,1248.0,1,337.0,0.0,0.0,0.0,0.0,0.0,18
2023-05-10 09:03:23,CF311P15000,CF311P15000,337.0,0.0,0.0,0.0,1,110.0,1248.0,1,337.0,0.0,0.0,0.0,0.0,0.0,18
2023-05-10 09:03:24,CF311P15000,CF311P15000,337.0,0.0,0.0,0.0,2,111.0,1248.0,1,337.0,0.0,0.0,0.0,0.0,0.0,18
2023-05-10 09:03:24,CF311P15000,CF311P15000,337.0,0.0,0.0,0.0,1,114.0,1248.0,1,337.0,0.0,0.0,0.0,0.0,0.0,18
2023-05-10 09:03:26,CF311P15000,CF311P15000,337.0,0.0,0.0,0.0,2,115.0,1248.0,1,337.0,0.0,0.0,0.0,0.0,0.0,18
2023-05-10 09:03:27,CF311P15000,CF311P15000,337.0,0.0,0.0,0.0,1,118.0,1248.0,1,337.0,0.0,0.0,0.0,0.0,0.0,18
2023-05-10 09:03:28,CF311P15000,CF311P15000,337.0,0.0,0.0,0.0,2,119.0,1248.0,1,337.0,0.0,0.0,0.0,0.0,0.0,18
2023-05-10 09:03:34,CF311P15000,CF311P15000,337.0,0.0,0.0,0.0,1,122.0,1248.0,1,337.0,0.0,0.0,0.0,0.0,0.0,18
2023-05-10 09:03:35,CF311P15000,CF311P15000,337.0,0.0,0.0,0.0,2,123.0,1248.0,1,337.0,0.0,0.0,0.0,0.0,0.0,18
2023-05-10 09:03:39,CF311P15000,CF311P15000,337.0,0.0,0.0,0.0,1,126.0,1248.0,1,337.0,0.0,0.0,0.0,0.0,0.0,18
2023-05-10 09:03:40,CF311P15000,CF311P15000,337.0,0.0,0.0,0.0,2,127.0,1248.0,1,337.0,0.0,0.0,0.0,0.0,0.0,18
2023-05-10 09:03:41,CF311P15000,CF311P15000,337.0,0.0,0.0,0.0,1,130.0,1248.0,1,337.0,0.0,0.0,0.0,0.0,0.0,18
2023-05-10 09:03:42,CF311P15000,CF311P15000,337.0,0.0,0.0,0.0,2,131.0,1248.0,1,337.0,0.0,0.0,0.0,0.0,0.0,18
2023-05-10 09:03:46,CF311P15000,CF311P15000,337.0,0.0,0.0,0.0,1,134.0,1248.0,1,337.0,0.0,0.0,0.0,0.0,0.0,18
2023-05-10 09:03:47,CF311P15000,CF311P15000,337.0,0.0,0.0,0.0,2,135.0,1248.0,1,337.0,0.0,0.0,0.0,0.0,0.0,18
2023-05-10 09:03:51,CF311P15000,CF311P15000,337.0,0.0,0.0,0.0,1,138.0,1248.0,1,337.0,0.0,0.0,0.0,0.0,0.0,18
2023-05-10 09:03:52,CF311P15000,CF311P15000,337.0,0.0,0.0,0.0,2,139.0,1248.0,1,337.0,0.0,0.0,0.0,0.0,0.0,18
2023-05-10 09:03:52,CF311P15000,CF311P15000,337.0,0.0,0.0,0.0,1,142.0,1248.0,1,337.0,0.0,0.0,0.0,0.0,0.0,18
2023-05-10 09:03:53,CF311P15000,CF311P15000,337.0,0.0,0.0,0.0,2,143.0,1248.0,1,337.0,0.0,0.0,0.0,0.0,0.0,18
2023-05-10 09:03:54,CF311P15000,CF311P15000,337.0,0.0,0.0,0.0,1,146.0,1248.0,1,337.0,0.0,0.0,0.0,0.0,0.0,18
2023-05-10 09:03:55,CF311P15000,CF311P15000,337.0,0.0,0.0,0.0,2,147.0,1248.0,1,337.0,0.0,0.0,0.0,0.0,0.0,18
2023-05-10 09:03:57,CF311P15000,CF311P15000,337.0,0.0,0.0,0.0,1,150.0,1248.0,1,337.0,0.0,0.0,0.0,0.0,0.0,18
2023-05-10 09:03:58,CF311P15000,CF311P15000,337.0,0.0,0.0,0.0,2,151.0,1248.0,1,337.0,0.0,0.0,0.0,0.0,0.0,18
2023-05-10 09:09:56,CF311P15000,CF311P15000,337.0,0.0,0.0,0.0,2,151.0,1237.0,1,337.0,0.0,0.0,0.0,0.0,0.0,18
2023-05-10 09:09:57,CF311P15000,CF311P15000,337.0,0.0,0.0,0.0,2,151.0,1234.0,1,337.0,0.0,0.0,0.0,0.0,0.0,18
2023-05-10 09:10:01,CF311P15000,CF311P15000,337.0,0.0,0.0,0.0,2,151.0,1223.0,1,337.0,0.0,0.0,0.0,0.0,0.0,18
2023-05-10 09:10:02,CF311P15000,CF311P15000,337.0,0.0,0.0,0.0,2,151.0,1220.0,1,337.0,0.0,0.0,0.0,0.0,0.0,18
2023-05-10 09:10:06,CF311P15000,CF311P15000,337.0,0.0,0.0,0.0,2,151.0,1214.0,1,337.0,0.0,0.0,0.0,0.0,0.0,18
2023-05-10 09:10:07,CF311P15000,CF311P15000,337.0,0.0,0.0,0.0,2,151.0,1211.0,1,337.0,0.0,0.0,0.0,0.0,0.0,18
2023-05-10 09:10:11,CF311P15000,CF311P15000,337.0,0.0,0.0,0.0,2,151.0,1210.0,1,337.0,0.0,0.0,0.0,0.0,0.0,18
2023-05-10 09:10:12,CF311P15000,CF311P15000,337.0,0.0,0.0,0.0,2,151.0,1207.0,1,337.0,0.0,0.0,0.0,0.0,0.0,18
2023-05-10 09:10:20,CF311P15000,CF311P15000,337.0,0.0,0.0,0.0,2,151.0,1206.0,1,337.0,0.0,0.0,0.0,0.0,0.0,18
2023-05-10 09:10:20,CF311P15000,CF311P15000,337.0,0.0,0.0,0.0,2,151.0,1203.0,1,337.0,0.0,0.0,0.0,0.0,0.0,18
2023-05-10 09:10:29,CF311P15000,CF311P15000,337.0,0.0,0.0,0.0,2,151.0,1202.0,1,337.0,0.0,0.0,0.0,0.0,0.0,18
2023-05-10 09:10:29,CF311P15000,CF311P15000,337.0,0.0,0.0,0.0,2,151.0,1199.0,1,337.0,0.0,0.0,0.0,0.0,0.0,18
2023-05-10 09:10:41,CF311P15000,CF311P15000,337.0,0.0,0.0,0.0,2,151.0,1198.0,1,337.0,0.0,0.0,0.0,0.0,0.0,18
2023-05-10 09:10:41,CF311P15000,CF311P15000,337.0,0.0,0.0,0.0,2,151.0,1195.0,1,337.0,0.0,0.0,0.0,0.0,0.0,18
2023-05-10 09:12:37,CF311P15000,CF311P15000,337.0,0.0,0.0,0.0,2,151.0,1194.0,1,337.0,0.0,0.0,0.0,0.0,0.0,18
2023-05-10 09:12:37,CF311P15000,CF311P15000,337.0,0.0,0.0,0.0,2,151.0,1191.0,1,337.0,0.0,0.0,0.0,0.0,0.0,18
2023-05-10 09:12:47,CF311P15000,CF311P15000,337.0,0.0,0.0,0.0,2,151.0,1190.0,1,337.0,0.0,0.0,0.0,0.0,0.0,18
2023-05-10 09:12:47,CF311P15000,CF311P15000,337.0,0.0,0.0,0.0,2,151.0,1187.0,1,337.0,0.0,0.0,0.0,0.0,0.0,18
2023-05-10 09:13:02,CF311P15000,CF311P15000,337.0,0.0,0.0,0.0,2,151.0,1186.0,1,337.0,0.0,0.0,0.0,0.0,0.0,18
2023-05-10 09:13:02,CF311P15000,CF311P15000,337.0,0.0,0.0,0.0,2,151.0,1183.0,1,337.0,0.0,0.0,0.0,0.0,0.0,18
2023-05-10 09:13:13,CF311P15000,CF311P15000,337.0,0.0,0.0,0.0,2,151.0,1182.0,1,337.0,0.0,0.0,0.0,0.0,0.0,18
2023-05-10 09:13:14,CF311P15000,CF311P15000,337.0,0.0,0.0,0.0,2,151.0,1179.0,1,337.0,0.0,0.0,0.0,0.0,0.0,18
2023-05-10 09:13:28,CF311P15000,CF311P15000,337.0,0.0,0.0,0.0,2,151.0,1178.0,1,337.0,0.0,0.0,0.0,0.0,0.0,18
2023-05-10 09:13:28,CF311P15000,CF311P15000,337.0,0.0,0.0,0.0,2,151.0,1175.0,1,337.0,0.0,0.0,0.0,0.0,0.0,18
2023-05-10 09:13:38,CF311P15000,CF311P15000,337.0,0.0,0.0,0.0,2,151.0,1174.0,1,337.0,0.0,0.0,0.0,0.0,0.0,18
2023-05-10 09:13:38,CF311P15000,CF311P15000,337.0,0.0,0.0,0.0,2,151.0,1171.0,1,337.0,0.0,0.0,0.0,0.0,0.0,18
2023-05-10 09:13:47,CF311P15000,CF311P15000,337.0,0.0,0.0,0.0,2,151.0,1170.0,1,337.0,0.0,0.0,0.0,0.0,0.0,18
2023-05-10 09:13:48,CF311P15000,CF311P15000,337.0,0.0,0.0,0.0,2,151.0,1167.0,1,337.0,0.0,0.0,0.0,0.0,0.0,18
2023-05-10 09:13:56,CF311P15000,CF311P15000,337.0,0.0,0.0,0.0,2,151.0,1166.0,1,337.0,0.0,0.0,0.0,0.0,0.0,18
2023-05-10 09:13:57,CF311P15000,CF311P15000,337.0,0.0,0.0,0.0,2,151.0,1163.0,1,337.0,0.0,0.0,0.0,0.0,0.0,18
2023-05-10 09:14:04,CF311P15000,CF311P15000,337.0,0.0,0.0,0.0,2,151.0,1162.0,1,337.0,0.0,0.0,0.0,0.0,0.0,18
2023-05-10 09:14:05,CF311P15000,CF311P15000,337.0,0.0,0.0,0.0,2,151.0,1159.0,1,337.0,0.0,0.0,0.0,0.0,0.0,18
2023-05-10 09:14:11,CF311P15000,CF311P15000,337.0,0.0,0.0,0.0,2,151.0,1158.0,1,337.0,0.0,0.0,0.0,0.0,0.0,18
2023-05-10 09:14:12,CF311P15000,CF311P15000,337.0,0.0,0.0,0.0,2,151.0,1155.0,1,337.0,0.0,0.0,0.0,0.0,0.0,18
2023-05-10 09:14:22,CF311P15000,CF311P15000,337.0,0.0,0.0,0.0,2,151.0,1154.0,1,337.0,0.0,0.0,0.0,0.0,0.0,18
2023-05-10 09:14:22,CF311P15000,CF311P15000,337.0,0.0,0.0,0.0,2,151.0,1151.0,1,337.0,0.0,0.0,0.0,0.0,0.0,18
2023-05-10 09:14:34,CF311P15000,CF311P15000,337.0,0.0,0.0,0.0,2,151.0,1150.0,1,337.0,0.0,0.0,0.0,0.0,0.0,18
2023-05-10 09:14:35,CF311P15000,CF311P15000,337.0,0.0,0.0,0.0,2,151.0,1147.0,1,337.0,0.0,0.0,0.0,0.0,0.0,18
2023-05-10 09:14:43,CF311P15000,CF311P15000,337.0,0.0,0.0,0.0,2,151.0,1146.0,1,337.0,0.0,0.0,0.0,0.0,0.0,18
2023-05-10 09:14:43,CF311P15000,CF311P15000,337.0,0.0,0.0,0.0,2,151.0,1143.0,1,337.0,0.0,0.0,0.0,0.0,0.0,18
2023-05-10 09:14:47,CF311P15000,CF311P15000,337.0,0.0,0.0,0.0,2,151.0,1142.0,1,337.0,0.0,0.0,0.0,0.0,0.0,18
2023-05-10 09:14:48,CF311P15000,CF311P15000,337.0,0.0,0.0,0.0,2,151.0,1139.0,1,337.0,0.0,0.0,0.0,0.0,0.0,18
2023-05-10 09:14:53,CF311P15000,CF311P15000,337.0,0.0,0.0,0.0,2,151.0,1138.0,1,337.0,0.0,0.0,0.0,0.0,0.0,18
2023-05-10 09:14:54,CF311P15000,CF311P15000,337.0,0.0,0.0,0.0,2,151.0,1135.0,1,337.0,0.0,0.0,0.0,0.0,0.0,18
2023-05-10 09:14:59,CF311P15000,CF311P15000,337.0,0.0,0.0,0.0,2,151.0,1134.0,1,337.0,0.0,0.0,0.0,0.0,0.0,18
2023-05-10 09:15:00,CF311P15000,CF311P15000,337.0,0.0,0.0,0.0,2,151.0,1131.0,1,337.0,0.0,0.0,0.0,0.0,0.0,18
2023-05-10 09:15:05,CF311P15000,CF311P15000,337.0,0.0,0.0,0.0,2,151.0,1130.0,1,337.0,0.0,0.0,0.0,0.0,0.0,18
2023-05-10 09:15:05,CF311P15000,CF311P15000,337.0,0.0,0.0,0.0,2,151.0,1127.0,1,337.0,0.0,0.0,0.0,0.0,0.0,18
2023-05-10 09:15:13,CF311P15000,CF311P15000,337.0,0.0,0.0,0.0,2,151.0,1126.0,1,337.0,0.0,0.0,0.0,0.0,0.0,18
2023-05-10 09:15:13,CF311P15000,CF311P15000,337.0,0.0,0.0,0.0,2,151.0,1123.0,1,337.0,0.0,0.0,0.0,0.0,0.0,18
2023-05-10 09:15:17,CF311P15000,CF311P15000,337.0,0.0,0.0,0.0,2,151.0,1122.0,1,337.0,0.0,0.0,0.0,0.0,0.0,18
2023-05-10 09:15:17,CF311P15000,CF311P15000,337.0,0.0,0.0,0.0,2,151.0,1119.0,1,337.0,0.0,0.0,0.0,0.0,0.0,18
2023-05-10 09:15:25,CF311P15000,CF311P15000,337.0,0.0,0.0,0.0,2,151.0,1118.0,1,337.0,0.0,0.0,0.0,0.0,0.0,18
2023-05-10 09:15:25,CF311P15000,CF311P15000,337.0,0.0,0.0,0.0,2,151.0,1115.0,1,337.0,0.0,0.0,0.0,0.0,0.0,18
2023-05-10 09:15:30,CF311P15000,CF311P15000,337.0,0.0,0.0,0.0,2,151.0,1114.0,1,337.0,0.0,0.0,0.0,0.0,0.0,18
2023-05-10 09:15:31,CF311P15000,CF311P15000,337.0,0.0,0.0,0.0,2,151.0,1111.0,1,337.0,0.0,0.0,0.0,0.0,0.0,18
2023-05-10 09:15:36,CF311P15000,CF311P15000,337.0,0.0,0.0,0.0,2,151.0,1110.0,1,337.0,0.0,0.0,0.0,0.0,0.0,18
2023-05-10 09:15:37,CF311P15000,CF311P15000,337.0,0.0,0.0,0.0,2,151.0,1107.0,1,337.0,0.0,0.0,0.0,0.0,0.0,18
2023-05-10 09:15:43,CF311P15000,CF311P15000,337.0,0.0,0.0,0.0,2,151.0,1106.0,1,337.0,0.0,0.0,0.0,0.0,0.0,18
2023-05-10 09:15:44,CF311P15000,CF311P15000,337.0,0.0,0.0,0.0,2,151.0,1103.0,1,337.0,0.0,0.0,0.0,0.0,0.0,18
2023-05-10 09:15:52,CF311P15000,CF311P15000,337.0,0.0,0.0,0.0,2,151.0,1102.0,1,337.0,0.0,0.0,0.0,0.0,0.0,18
2023-05-10 09:15:52,CF311P15000,CF311P15000,337.0,0.0,0.0,0.0,2,151.0,1099.0,1,337.0,0.0,0.0,0.0,0.0,0.0,18
2023-05-10 09:15:56,CF311P15000,CF311P15000,337.0,0.0,0.0,0.0,2,151.0,1098.0,1,337.0,0.0,0.0,0.0,0.0,0.0,18
2023-05-10 09:15:56,CF311P15000,CF311P15000,337.0,0.0,0.0,0.0,2,151.0,1095.0,1,337.0,0.0,0.0,0.0,0.0,0.0,18
2023-05-10 09:15:59,CF311P15000,CF311P15000,337.0,0.0,0.0,0.0,2,151.0,1094.0,1,337.0,0.0,0.0,0.0,0.0,0.0,18
2023-05-10 09:16:00,CF311P15000,CF311P15000,337.0,0.0,0.0,0.0,2,151.0,1091.0,1,337.0,0.0,0.0,0.0,0.0,0.0,18
2023-05-10 09:16:05,CF311P15000,CF311P15000,337.0,0.0,0.0,0.0,2,151.0,1090.0,1,337.0,0.0,0.0,0.0,0.0,0.0,18
2023-05-10 09:16:06,CF311P15000,CF311P15000,337.0,0.0,0.0,0.0,2,151.0,1087.0,1,337.0,0.0,0.0,0.0,0.0,0.0,18
2023-05-10 09:16:14,CF311P15000,CF311P15000,337.0,0.0,0.0,0.0,2,151.0,1086.0,1,337.0,0.0,0.0,0.0,0.0,0.0,18
2023-05-10 09:16:14,CF311P15000,CF311P15000,337.0,0.0,0.0,0.0,2,151.0,1083.0,1,337.0,0.0,0.0,0.0,0.0,0.0,18
2023-05-10 09:16:18,CF311P15000,CF311P15000,337.0,0.0,0.0,0.0,2,151.0,1082.0,1,337.0,0.0,0.0,0.0,0.0,0.0,18
2023-05-10 09:16:18,CF311P15000,CF311P15000,337.0,0.0,0.0,0.0,2,151.0,1079.0,1,337.0,0.0,0.0,0.0,0.0,0.0,18
2023-05-10 09:16:26,CF311P15000,CF311P15000,337.0,0.0,0.0,0.0,2,151.0,1078.0,1,337.0,0.0,0.0,0.0,0.0,0.0,18
2023-05-10 09:16:26,CF311P15000,CF311P15000,337.0,0.0,0.0,0.0,2,151.0,1075.0,1,337.0,0.0,0.0,0.0,0.0,0.0,18
2023-05-10 09:16:35,CF311P15000,CF311P15000,337.0,0.0,0.0,0.0,2,151.0,1074.0,1,337.0,0.0,0.0,0.0,0.0,0.0,18
2023-05-10 09:16:35,CF311P15000,CF311P15000,337.0,0.0,0.0,0.0,2,151.0,1071.0,1,337.0,0.0,0.0,0.0,0.0,0.0,18
2023-05-10 09:16:39,CF311P15000,CF311P15000,337.0,0.0,0.0,0.0,2,151.0,1070.0,1,337.0,0.0,0.0,0.0,0.0,0.0,18
2023-05-10 09:16:39,CF311P15000,CF311P15000,337.0,0.0,0.0,0.0,2,151.0,1067.0,1,337.0,0.0,0.0,0.0,0.0,0.0,18
2023-05-10 09:16:42,CF311P15000,CF311P15000,337.0,0.0,0.0,0.0,2,151.0,1066.0,1,337.0,0.0,0.0,0.0,0.0,0.0,18
2023-05-10 09:16:42,CF311P15000,CF311P15000,337.0,0.0,0.0,0.0,2,151.0,1063.0,1,337.0,0.0,0.0,0.0,0.0,0.0,18
2023-05-10 09:16:42,CF311P15000,CF311P15000,337.0,0.0,0.0,0.0,2,151.0,1066.0,1,337.0,0.0,0.0,0.0,0.0,0.0,18
2023-05-10 09:16:42,CF311P15000,CF311P15000,337.0,0.0,0.0,0.0,2,151.0,1063.0,1,337.0,0.0,0.0,0.0,0.0,0.0,18
2023-05-10 09:16:45,CF311P15000,CF311P15000,337.0,0.0,0.0,0.0,2,151.0,1062.0,1,337.0,0.0,0.0,0.0,0.0,0.0,18
2023-05-10 09:16:45,CF311P15000,CF311P15000,337.0,0.0,0.0,0.0,2,151.0,1059.0,1,337.0,0.0,0.0,0.0,0.0,0.0,18
2023-05-10 09:16:52,CF311P15000,CF311P15000,337.0,0.0,0.0,0.0,2,151.0,1058.0,1,337.0,0.0,0.0,0.0,0.0,0.0,18
2023-05-10 09:16:53,CF311P15000,CF311P15000,337.0,0.0,0.0,0.0,2,151.0,1055.0,1,337.0,0.0,0.0,0.0,0.0,0.0,18
2023-05-10 09:16:56,CF311P15000,CF311P15000,337.0,0.0,0.0,0.0,2,151.0,1054.0,1,337.0,0.0,0.0,0.0,0.0,0.0,18
2023-05-10 09:16:56,CF311P15000,CF311P15000,337.0,0.0,0.0,0.0,2,151.0,1051.0,1,337.0,0.0,0.0,0.0,0.0,0.0,18
2023-05-10 09:16:59,CF311P15000,CF311P15000,337.0,0.0,0.0,0.0,2,151.0,1050.0,1,337.0,0.0,0.0,0.0,0.0,0.0,18
2023-05-10 09:16:59,CF311P15000,CF311P15000,337.0,0.0,0.0,0.0,2,151.0,1047.0,1,337.0,0.0,0.0,0.0,0.0,0.0,18
2023-05-10 09:17:04,CF311P15000,CF311P15000,337.0,0.0,0.0,0.0,2,151.0,1046.0,1,337.0,0.0,0.0,0.0,0.0,0.0,18
2023-05-10 09:17:04,CF311P15000,CF311P15000,337.0,0.0,0.0,0.0,2,151.0,1043.0,1,337.0,0.0,0.0,0.0,0.0,0.0,18
2023-05-10 09:17:08,CF311P15000,CF311P15000,337.0,0.0,0.0,0.0,2,151.0,1042.0,1,337.0,0.0,0.0,0.0,0.0,0.0,18
2023-05-10 09:17:08,CF311P15000,CF311P15000,337.0,0.0,0.0,0.0,2,151.0,1039.0,1,337.0,0.0,0.0,0.0,0.0,0.0,18
2023-05-10 09:17:12,CF311P15000,CF311P15000,337.0,0.0,0.0,0.0,2,151.0,1038.0,1,337.0,0.0,0.0,0.0,0.0,0.0,18
2023-05-10 09:17:12,CF311P15000,CF311P15000,337.0,0.0,0.0,0.0,2,151.0,1035.0,1,337.0,0.0,0.0,0.0,0.0,0.0,18
2023-05-10 09:17:15,CF311P15000,CF311P15000,337.0,0.0,0.0,0.0,2,151.0,1034.0,1,337.0,0.0,0.0,0.0,0.0,0.0,18
2023-05-10 09:17:15,CF311P15000,CF311P15000,337.0,0.0,0.0,0.0,2,151.0,1031.0,1,337.0,0.0,0.0,0.0,0.0,0.0,18
2023-05-10 09:17:21,CF311P15000,CF311P15000,337.0,0.0,0.0,0.0,2,151.0,1030.0,1,337.0,0.0,0.0,0.0,0.0,0.0,18
2023-05-10 09:17:21,CF311P15000,CF311P15000,337.0,0.0,0.0,0.0,2,151.0,1027.0,1,337.0,0.0,0.0,0.0,0.0,0.0,18
2023-05-10 10:10:45,CF311P15000,CF311P15000,337.0,0.0,0.0,0.0,1,15.0,1027.0,1,337.0,0.0,0.0,0.0,0.0,0.0,18
2023-05-10 10:10:46,CF311P15000,CF311P15000,337.0,0.0,0.0,0.0,2,31.0,1027.0,1,337.0,0.0,0.0,0.0,0.0,0.0,18
2023-05-10 10:10:46,CF311P15000,CF311P15000,337.0,0.0,0.0,0.0,1,34.0,1027.0,1,337.0,0.0,0.0,0.0,0.0,0.0,18
2023-05-10 10:10:47,CF311P15000,CF311P15000,337.0,0.0,0.0,0.0,2,42.0,1027.0,1,337.0,0.0,0.0,0.0,0.0,0.0,18
2023-05-10 10:10:47,CF311P15000,CF311P15000,337.0,0.0,0.0,0.0,1,45.0,1027.0,1,337.0,0.0,0.0,0.0,0.0,0.0,18
2023-05-10 10:10:48,CF311P15000,CF311P15000,337.0,0.0,0.0,0.0,2,46.0,1027.0,1,337.0,0.0,0.0,0.0,0.0,0.0,18
2023-05-10 10:10:48,CF311P15000,CF311P15000,337.0,0.0,0.0,0.0,1,49.0,1027.0,1,337.0,0.0,0.0,0.0,0.0,0.0,18
2023-05-10 10:10:49,CF311P15000,CF311P15000,337.0,0.0,0.0,0.0,2,50.0,1027.0,1,337.0,0.0,0.0,0.0,0.0,0.0,18
2023-05-10 10:10:49,CF311P15000,CF311P15000,337.0,0.0,0.0,0.0,1,53.0,1027.0,1,337.0,0.0,0.0,0.0,0.0,0.0,18
2023-05-10 10:10:50,CF311P15000,CF311P15000,337.0,0.0,0.0,0.0,2,54.0,1027.0,1,337.0,0.0,0.0,0.0,0.0,0.0,18
2023-05-10 10:10:50,CF311P15000,CF311P15000,337.0,0.0,0.0,0.0,1,57.0,1027.0,1,337.0,0.0,0.0,0.0,0.0,0.0,18
2023-05-10 10:10:51,CF311P15000,CF311P15000,337.0,0.0,0.0,0.0,2,58.0,1027.0,1,337.0,0.0,0.0,0.0,0.0,0.0,18
2023-05-10 10:10:51,CF311P15000,CF311P15000,337.0,0.0,0.0,0.0,1,61.0,1027.0,1,337.0,0.0,0.0,0.0,0.0,0.0,18
2023-05-10 10:10:52,CF311P15000,CF311P15000,337.0,0.0,0.0,0.0,2,62.0,1027.0,1,337.0,0.0,0.0,0.0,0.0,0.0,18
2023-05-10 10:10:52,CF311P15000,CF311P15000,337.0,0.0,0.0,0.0,1,65.0,1027.0,1,337.0,0.0,0.0,0.0,0.0,0.0,18
2023-05-10 10:10:53,CF311P15000,CF311P15000,337.0,0.0,0.0,0.0,2,66.0,1027.0,1,337.0,0.0,0.0,0.0,0.0,0.0,18
2023-05-10 10:10:53,CF311P15000,CF311P15000,337.0,0.0,0.0,0.0,1,69.0,1027.0,1,337.0,0.0,0.0,0.0,0.0,0.0,18
2023-05-10 10:10:54,CF311P15000,CF311P15000,337.0,0.0,0.0,0.0,2,70.0,1027.0,1,337.0,0.0,0.0,0.0,0.0,0.0,18
2023-05-10 10:10:54,CF311P15000,CF311P15000,337.0,0.0,0.0,0.0,1,73.0,1027.0,1,337.0,0.0,0.0,0.0,0.0,0.0,18
2023-05-10 10:10:55,CF311P15000,CF311P15000,337.0,0.0,0.0,0.0,2,74.0,1027.0,1,337.0,0.0,0.0,0.0,0.0,0.0,18
2023-05-10 10:10:55,CF311P15000,CF311P15000,337.0,0.0,0.0,0.0,1,77.0,1027.0,1,337.0,0.0,0.0,0.0,0.0,0.0,18
2023-05-10 10:10:56,CF311P15000,CF311P15000,337.0,0.0,0.0,0.0,2,78.0,1027.0,1,337.0,0.0,0.0,0.0,0.0,0.0,18
2023-05-10 10:10:56,CF311P15000,CF311P15000,337.0,0.0,0.0,0.0,1,81.0,1027.0,1,337.0,0.0,0.0,0.0,0.0,0.0,18
2023-05-10 10:10:57,CF311P15000,CF311P15000,337.0,0.0,0.0,0.0,2,82.0,1027.0,1,337.0,0.0,0.0,0.0,0.0,0.0,18
2023-05-10 10:10:57,CF311P15000,CF311P15000,337.0,0.0,0.0,0.0,1,85.0,1027.0,1,337.0,0.0,0.0,0.0,0.0,0.0,18
2023-05-10 10:10:58,CF311P15000,CF311P15000,337.0,0.0,0.0,0.0,2,86.0,1027.0,1,337.0,0.0,0.0,0.0,0.0,0.0,18
2023-05-10 10:10:58,CF311P15000,CF311P15000,337.0,0.0,0.0,0.0,1,89.0,1027.0,1,337.0,0.0,0.0,0.0,0.0,0.0,18
2023-05-10 10:10:59,CF311P15000,CF311P15000,337.0,0.0,0.0,0.0,2,90.0,1027.0,1,337.0,0.0,0.0,0.0,0.0,0.0,18
2023-05-10 10:10:59,CF311P15000,CF311P15000,337.0,0.0,0.0,0.0,1,93.0,1027.0,1,337.0,0.0,0.0,0.0,0.0,0.0,18
2023-05-10 10:11:00,CF311P15000,CF311P15000,337.0,0.0,0.0,0.0,2,94.0,1027.0,1,337.0,0.0,0.0,0.0,0.0,0.0,18
2023-05-10 10:11:00,CF311P15000,CF311P15000,337.0,0.0,0.0,0.0,1,97.0,1027.0,1,337.0,0.0,0.0,0.0,0.0,0.0,18
2023-05-10 10:11:01,CF311P15000,CF311P15000,337.0,0.0,0.0,0.0,2,98.0,1027.0,1,337.0,0.0,0.0,0.0,0.0,0.0,18
2023-05-10 10:11:01,CF311P15000,CF311P15000,337.0,0.0,0.0,0.0,1,101.0,1027.0,1,337.0,0.0,0.0,0.0,0.0,0.0,18
2023-05-10 10:11:02,CF311P15000,CF311P15000,337.0,0.0,0.0,0.0,2,102.0,1027.0,1,337.0,0.0,0.0,0.0,0.0,0.0,18
2023-05-10 10:11:02,CF311P15000,CF311P15000,337.0,0.0,0.0,0.0,1,105.0,1027.0,1,337.0,0.0,0.0,0.0,0.0,0.0,18
2023-05-10 10:11:02,CF311P15000,CF311P15000,337.0,0.0,0.0,0.0,2,102.0,1027.0,1,337.0,0.0,0.0,0.0,0.0,0.0,18
2023-05-10 10:11:03,CF311P15000,CF311P15000,337.0,0.0,0.0,0.0,2,106.0,1027.0,1,337.0,0.0,0.0,0.0,0.0,0.0,18
2023-05-10 10:11:03,CF311P15000,CF311P15000,337.0,0.0,0.0,0.0,1,109.0,1027.0,1,337.0,0.0,0.0,0.0,0.0,0.0,18
2023-05-10 10:11:04,CF311P15000,CF311P15000,337.0,0.0,0.0,0.0,2,110.0,1027.0,1,337.0,0.0,0.0,0.0,0.0,0.0,18
2023-05-10 10:11:04,CF311P15000,CF311P15000,337.0,0.0,0.0,0.0,1,113.0,1027.0,1,337.0,0.0,0.0,0.0,0.0,0.0,18
2023-05-10 10:11:05,CF311P15000,CF311P15000,337.0,0.0,0.0,0.0,2,114.0,1027.0,1,337.0,0.0,0.0,0.0,0.0,0.0,18
2023-05-10 10:11:05,CF311P15000,CF311P15000,337.0,0.0,0.0,0.0,1,117.0,1027.0,1,337.0,0.0,0.0,0.0,0.0,0.0,18
2023-05-10 10:11:06,CF311P15000,CF311P15000,337.0,0.0,0.0,0.0,2,118.0,1027.0,1,337.0,0.0,0.0,0.0,0.0,0.0,18
2023-05-10 10:11:06,CF311P15000,CF311P15000,337.0,0.0,0.0,0.0,1,121.0,1027.0,1,337.0,0.0,0.0,0.0,0.0,0.0,18
2023-05-10 10:11:07,CF311P15000,CF311P15000,337.0,0.0,0.0,0.0,2,122.0,1027.0,1,337.0,0.0,0.0,0.0,0.0,0.0,18
2023-05-10 10:11:07,CF311P15000,CF311P15000,337.0,0.0,0.0,0.0,1,125.0,1027.0,1,337.0,0.0,0.0,0.0,0.0,0.0,18
2023-05-10 10:11:08,CF311P15000,CF311P15000,337.0,0.0,0.0,0.0,2,126.0,1027.0,1,337.0,0.0,0.0,0.0,0.0,0.0,18
2023-05-10 10:11:08,CF311P15000,CF311P15000,337.0,0.0,0.0,0.0,1,129.0,1027.0,1,337.0,0.0,0.0,0.0,0.0,0.0,18
2023-05-10 10:11:09,CF311P15000,CF311P15000,337.0,0.0,0.0,0.0,2,130.0,1027.0,1,337.0,0.0,0.0,0.0,0.0,0.0,18
2023-05-10 10:11:09,CF311P15000,CF311P15000,337.0,0.0,0.0,0.0,1,133.0,1027.0,1,337.0,0.0,0.0,0.0,0.0,0.0,18
2023-05-10 10:11:10,CF311P15000,CF311P15000,337.0,0.0,0.0,0.0,2,134.0,1027.0,1,337.0,0.0,0.0,0.0,0.0,0.0,18
2023-05-10 10:12:07,CF311P15000,CF311P15000,337.0,0.0,0.0,0.0,1,15.0,1027.0,1,337.0,0.0,0.0,0.0,0.0,0.0,18
2023-05-10 10:12:08,CF311P15000,CF311P15000,337.0,0.0,0.0,0.0,1,18.0,1027.0,1,337.0,0.0,0.0,0.0,0.0,0.0,18
2023-05-10 10:30:01,CF311P15000,CF311P15000,337.0,0.0,0.0,0.0,1,15.0,1251.0,1,337.0,0.0,0.0,0.0,0.0,0.0,18
2023-05-10 10:30:17,CF311P15000,CF311P15000,337.0,0.0,0.0,0.0,2,23.0,1251.0,1,337.0,0.0,0.0,0.0,0.0,0.0,18
2023-05-10 10:32:05,CF311P15000,CF311P15000,337.0,0.0,0.0,0.0,1,26.0,1248.0,1,337.0,0.0,0.0,0.0,0.0,0.0,18
2023-05-10 10:32:06,CF311P15000,CF311P15000,337.0,0.0,0.0,0.0,2,42.0,1248.0,1,337.0,0.0,0.0,0.0,0.0,0.0,18
2023-05-10 10:32:06,CF311P15000,CF311P15000,337.0,0.0,0.0,0.0,1,45.0,1248.0,1,337.0,0.0,0.0,0.0,0.0,0.0,18
2023-05-10 10:32:07,CF311P15000,CF311P15000,337.0,0.0,0.0,0.0,2,61.0,1248.0,1,337.0,0.0,0.0,0.0,0.0,0.0,18
2023-05-10 10:32:07,CF311P15000,CF311P15000,337.0,0.0,0.0,0.0,1,64.0,1248.0,1,337.0,0.0,0.0,0.0,0.0,0.0,18
2023-05-10 10:32:08,CF311P15000,CF311P15000,337.0,0.0,0.0,0.0,2,80.0,1248.0,1,337.0,0.0,0.0,0.0,0.0,0.0,18
2023-05-10 10:32:09,CF311P15000,CF311P15000,337.0,0.0,0.0,0.0,1,83.0,1248.0,1,337.0,0.0,0.0,0.0,0.0,0.0,18
2023-05-10 10:32:09,CF311P15000,CF311P15000,337.0,0.0,0.0,0.0,2,99.0,1248.0,1,337.0,0.0,0.0,0.0,0.0,0.0,18
2023-05-10 10:32:10,CF311P15000,CF311P15000,337.0,0.0,0.0,0.0,1,102.0,1248.0,1,337.0,0.0,0.0,0.0,0.0,0.0,18
2023-05-10 10:32:11,CF311P15000,CF311P15000,337.0,0.0,0.0,0.0,2,118.0,1248.0,1,337.0,0.0,0.0,0.0,0.0,0.0,18
2023-05-10 10:32:11,CF311P15000,CF311P15000,337.0,0.0,0.0,0.0,1,121.0,1248.0,1,337.0,0.0,0.0,0.0,0.0,0.0,18
2023-05-10 10:32:12,CF311P15000,CF311P15000,337.0,0.0,0.0,0.0,2,137.0,1248.0,1,337.0,0.0,0.0,0.0,0.0,0.0,18
2023-05-10 10:41:03,CF311P15000,CF311P15000,337.0,0.0,0.0,0.0,2,137.0,1247.0,1,337.0,0.0,0.0,0.0,0.0,0.0,18
2023-05-10 10:41:04,CF311P15000,CF311P15000,337.0,0.0,0.0,0.0,1,140.0,1244.0,1,337.0,0.0,0.0,0.0,0.0,0.0,18
2023-05-10 10:41:05,CF311P15000,CF311P15000,337.0,0.0,0.0,0.0,2,156.0,1244.0,1,337.0,0.0,0.0,0.0,0.0,0.0,18
2023-05-10 10:41:12,CF311P15000,CF311P15000,337.0,0.0,0.0,0.0,2,156.0,1243.0,1,337.0,0.0,0.0,0.0,0.0,0.0,18
2023-05-10 10:41:12,CF311P15000,CF311P15000,337.0,0.0,0.0,0.0,2,156.0,1240.0,1,337.0,0.0,0.0,0.0,0.0,0.0,18
2023-05-10 10:41:26,CF311P15000,CF311P15000,337.0,0.0,0.0,0.0,2,156.0,1239.0,1,337.0,0.0,0.0,0.0,0.0,0.0,18
2023-05-10 10:41:26,CF311P15000,CF311P15000,337.0,0.0,0.0,0.0,2,156.0,1236.0,1,337.0,0.0,0.0,0.0,0.0,0.0,18
2023-05-10 10:41:36,CF311P15000,CF311P15000,337.0,0.0,0.0,0.0,2,156.0,1235.0,1,337.0,0.0,0.0,0.0,0.0,0.0,18
2023-05-10 10:41:36,CF311P15000,CF311P15000,337.0,0.0,0.0,0.0,2,156.0,1232.0,1,337.0,0.0,0.0,0.0,0.0,0.0,18
2023-05-10 10:41:46,CF311P15000,CF311P15000,337.0,0.0,0.0,0.0,2,156.0,1231.0,1,337.0,0.0,0.0,0.0,0.0,0.0,18
2023-05-10 10:41:46,CF311P15000,CF311P15000,337.0,0.0,0.0,0.0,2,156.0,1228.0,1,337.0,0.0,0.0,0.0,0.0,0.0,18
2023-05-10 10:41:54,CF311P15000,CF311P15000,337.0,0.0,0.0,0.0,2,156.0,1227.0,1,337.0,0.0,0.0,0.0,0.0,0.0,18
2023-05-10 10:41:54,CF311P15000,CF311P15000,337.0,0.0,0.0,0.0,2,156.0,1224.0,1,337.0,0.0,0.0,0.0,0.0,0.0,18
2023-05-10 10:42:05,CF311P15000,CF311P15000,337.0,0.0,0.0,0.0,2,156.0,1223.0,1,337.0,0.0,0.0,0.0,0.0,0.0,18
2023-05-10 10:42:05,CF311P15000,CF311P15000,337.0,0.0,0.0,0.0,2,156.0,1220.0,1,337.0,0.0,0.0,0.0,0.0,0.0,18
2023-05-10 10:42:14,CF311P15000,CF311P15000,337.0,0.0,0.0,0.0,2,156.0,1219.0,1,337.0,0.0,0.0,0.0,0.0,0.0,18
2023-05-10 10:42:15,CF311P15000,CF311P15000,337.0,0.0,0.0,0.0,2,156.0,1216.0,1,337.0,0.0,0.0,0.0,0.0,0.0,18
2023-05-10 10:42:20,CF311P15000,CF311P15000,337.0,0.0,0.0,0.0,2,156.0,1215.0,1,337.0,0.0,0.0,0.0,0.0,0.0,18
2023-05-10 10:42:21,CF311P15000,CF311P15000,337.0,0.0,0.0,0.0,2,156.0,1212.0,1,337.0,0.0,0.0,0.0,0.0,0.0,18
2023-05-10 10:42:25,CF311P15000,CF311P15000,337.0,0.0,0.0,0.0,2,156.0,1211.0,1,337.0,0.0,0.0,0.0,0.0,0.0,18
2023-05-10 10:42:25,CF311P15000,CF311P15000,337.0,0.0,0.0,0.0,2,156.0,1208.0,1,337.0,0.0,0.0,0.0,0.0,0.0,18
2023-05-10 10:42:30,CF311P15000,CF311P15000,337.0,0.0,0.0,0.0,2,156.0,1207.0,1,337.0,0.0,0.0,0.0,0.0,0.0,18
2023-05-10 10:42:30,CF311P15000,CF311P15000,337.0,0.0,0.0,0.0,2,156.0,1204.0,1,337.0,0.0,0.0,0.0,0.0,0.0,18
2023-05-10 10:42:37,CF311P15000,CF311P15000,337.0,0.0,0.0,0.0,2,156.0,1203.0,1,337.0,0.0,0.0,0.0,0.0,0.0,18
2023-05-10 10:42:37,CF311P15000,CF311P15000,337.0,0.0,0.0,0.0,2,156.0,1200.0,1,337.0,0.0,0.0,0.0,0.0,0.0,18
2023-05-10 10:42:42,CF311P15000,CF311P15000,337.0,0.0,0.0,0.0,2,156.0,1199.0,1,337.0,0.0,0.0,0.0,0.0,0.0,18
2023-05-10 10:42:42,CF311P15000,CF311P15000,337.0,0.0,0.0,0.0,2,156.0,1196.0,1,337.0,0.0,0.0,0.0,0.0,0.0,18
2023-05-10 10:42:46,CF311P15000,CF311P15000,337.0,0.0,0.0,0.0,2,156.0,1195.0,1,337.0,0.0,0.0,0.0,0.0,0.0,18
2023-05-10 10:42:46,CF311P15000,CF311P15000,337.0,0.0,0.0,0.0,2,156.0,1192.0,1,337.0,0.0,0.0,0.0,0.0,0.0,18
2023-05-10 10:42:50,CF311P15000,CF311P15000,337.0,0.0,0.0,0.0,2,156.0,1191.0,1,337.0,0.0,0.0,0.0,0.0,0.0,18
2023-05-10 10:42:50,CF311P15000,CF311P15000,337.0,0.0,0.0,0.0,2,156.0,1188.0,1,337.0,0.0,0.0,0.0,0.0,0.0,18
2023-05-10 10:42:53,CF311P15000,CF311P15000,337.0,0.0,0.0,0.0,2,156.0,1187.0,1,337.0,0.0,0.0,0.0,0.0,0.0,18
2023-05-10 10:42:53,CF311P15000,CF311P15000,337.0,0.0,0.0,0.0,2,156.0,1184.0,1,337.0,0.0,0.0,0.0,0.0,0.0,18
2023-05-10 10:42:58,CF311P15000,CF311P15000,337.0,0.0,0.0,0.0,2,156.0,1183.0,1,337.0,0.0,0.0,0.0,0.0,0.0,18
2023-05-10 10:42:58,CF311P15000,CF311P15000,337.0,0.0,0.0,0.0,2,156.0,1180.0,1,337.0,0.0,0.0,0.0,0.0,0.0,18
2023-05-10 10:43:04,CF311P15000,CF311P15000,337.0,0.0,0.0,0.0,2,156.0,1179.0,1,337.0,0.0,0.0,0.0,0.0,0.0,18
2023-05-10 10:43:04,CF311P15000,CF311P15000,337.0,0.0,0.0,0.0,2,156.0,1176.0,1,337.0,0.0,0.0,0.0,0.0,0.0,18
2023-05-10 10:43:08,CF311P15000,CF311P15000,337.0,0.0,0.0,0.0,2,156.0,1175.0,1,337.0,0.0,0.0,0.0,0.0,0.0,18
2023-05-10 10:43:08,CF311P15000,CF311P15000,337.0,0.0,0.0,0.0,2,156.0,1172.0,1,337.0,0.0,0.0,0.0,0.0,0.0,18
2023-05-10 10:43:12,CF311P15000,CF311P15000,337.0,0.0,0.0,0.0,2,156.0,1171.0,1,337.0,0.0,0.0,0.0,0.0,0.0,18
2023-05-10 10:43:12,CF311P15000,CF311P15000,337.0,0.0,0.0,0.0,2,156.0,1168.0,1,337.0,0.0,0.0,0.0,0.0,0.0,18
2023-05-10 10:43:18,CF311P15000,CF311P15000,337.0,0.0,0.0,0.0,2,156.0,1167.0,1,337.0,0.0,0.0,0.0,0.0,0.0,18
2023-05-10 10:43:18,CF311P15000,CF311P15000,337.0,0.0,0.0,0.0,2,156.0,1164.0,1,337.0,0.0,0.0,0.0,0.0,0.0,18
2023-05-10 10:43:23,CF311P15000,CF311P15000,337.0,0.0,0.0,0.0,2,156.0,1163.0,1,337.0,0.0,0.0,0.0,0.0,0.0,18
2023-05-10 10:43:23,CF311P15000,CF311P15000,337.0,0.0,0.0,0.0,2,156.0,1160.0,1,337.0,0.0,0.0,0.0,0.0,0.0,18
2023-05-10 10:43:28,CF311P15000,CF311P15000,337.0,0.0,0.0,0.0,2,156.0,1159.0,1,337.0,0.0,0.0,0.0,0.0,0.0,18
2023-05-10 10:43:28,CF311P15000,CF311P15000,337.0,0.0,0.0,0.0,2,156.0,1156.0,1,337.0,0.0,0.0,0.0,0.0,0.0,18
2023-05-10 10:43:32,CF311P15000,CF311P15000,337.0,0.0,0.0,0.0,2,156.0,1155.0,1,337.0,0.0,0.0,0.0,0.0,0.0,18
2023-05-10 10:43:32,CF311P15000,CF311P15000,337.0,0.0,0.0,0.0,2,156.0,1152.0,1,337.0,0.0,0.0,0.0,0.0,0.0,18
2023-05-10 10:43:38,CF311P15000,CF311P15000,337.0,0.0,0.0,0.0,2,156.0,1151.0,1,337.0,0.0,0.0,0.0,0.0,0.0,18
2023-05-10 10:43:38,CF311P15000,CF311P15000,337.0,0.0,0.0,0.0,2,156.0,1148.0,1,337.0,0.0,0.0,0.0,0.0,0.0,18
2023-05-10 10:43:46,CF311P15000,CF311P15000,337.0,0.0,0.0,0.0,2,156.0,1147.0,1,337.0,0.0,0.0,0.0,0.0,0.0,18
2023-05-10 10:43:46,CF311P15000,CF311P15000,337.0,0.0,0.0,0.0,2,156.0,1144.0,1,337.0,0.0,0.0,0.0,0.0,0.0,18
2023-05-10 10:43:50,CF311P15000,CF311P15000,337.0,0.0,0.0,0.0,2,156.0,1143.0,1,337.0,0.0,0.0,0.0,0.0,0.0,18
2023-05-10 10:43:50,CF311P15000,CF311P15000,337.0,0.0,0.0,0.0,2,156.0,1140.0,1,337.0,0.0,0.0,0.0,0.0,0.0,18
2023-05-10 10:43:56,CF311P15000,CF311P15000,337.0,0.0,0.0,0.0,2,156.0,1139.0,1,337.0,0.0,0.0,0.0,0.0,0.0,18
2023-05-10 10:43:56,CF311P15000,CF311P15000,337.0,0.0,0.0,0.0,2,156.0,1136.0,1,337.0,0.0,0.0,0.0,0.0,0.0,18
2023-05-10 10:44:00,CF311P15000,CF311P15000,337.0,0.0,0.0,0.0,2,156.0,1135.0,1,337.0,0.0,0.0,0.0,0.0,0.0,18
2023-05-10 10:44:00,CF311P15000,CF311P15000,337.0,0.0,0.0,0.0,2,156.0,1132.0,1,337.0,0.0,0.0,0.0,0.0,0.0,18
2023-05-10 10:44:07,CF311P15000,CF311P15000,337.0,0.0,0.0,0.0,2,156.0,1131.0,1,337.0,0.0,0.0,0.0,0.0,0.0,18
2023-05-10 10:44:07,CF311P15000,CF311P15000,337.0,0.0,0.0,0.0,2,156.0,1128.0,1,337.0,0.0,0.0,0.0,0.0,0.0,18
2023-05-10 10:44:16,CF311P15000,CF311P15000,337.0,0.0,0.0,0.0,2,156.0,1127.0,1,337.0,0.0,0.0,0.0,0.0,0.0,18
2023-05-10 10:44:16,CF311P15000,CF311P15000,337.0,0.0,0.0,0.0,2,156.0,1124.0,1,337.0,0.0,0.0,0.0,0.0,0.0,18
2023-05-10 10:44:23,CF311P15000,CF311P15000,337.0,0.0,0.0,0.0,2,156.0,1123.0,1,337.0,0.0,0.0,0.0,0.0,0.0,18
2023-05-10 10:44:23,CF311P15000,CF311P15000,337.0,0.0,0.0,0.0,2,156.0,1120.0,1,337.0,0.0,0.0,0.0,0.0,0.0,18
2023-05-10 10:44:28,CF311P15000,CF311P15000,337.0,0.0,0.0,0.0,2,156.0,1119.0,1,337.0,0.0,0.0,0.0,0.0,0.0,18
2023-05-10 10:44:28,CF311P15000,CF311P15000,337.0,0.0,0.0,0.0,2,156.0,1116.0,1,337.0,0.0,0.0,0.0,0.0,0.0,18
2023-05-10 10:44:34,CF311P15000,CF311P15000,337.0,0.0,0.0,0.0,2,156.0,1115.0,1,337.0,0.0,0.0,0.0,0.0,0.0,18
2023-05-10 10:44:34,CF311P15000,CF311P15000,337.0,0.0,0.0,0.0,2,156.0,1112.0,1,337.0,0.0,0.0,0.0,0.0,0.0,18
2023-05-10 10:44:42,CF311P15000,CF311P15000,337.0,0.0,0.0,0.0,2,156.0,1111.0,1,337.0,0.0,0.0,0.0,0.0,0.0,18
2023-05-10 10:44:42,CF311P15000,CF311P15000,337.0,0.0,0.0,0.0,2,156.0,1108.0,1,337.0,0.0,0.0,0.0,0.0,0.0,18
2023-05-10 10:44:49,CF311P15000,CF311P15000,337.0,0.0,0.0,0.0,2,156.0,1107.0,1,337.0,0.0,0.0,0.0,0.0,0.0,18
2023-05-10 10:44:49,CF311P15000,CF311P15000,337.0,0.0,0.0,0.0,2,156.0,1104.0,1,337.0,0.0,0.0,0.0,0.0,0.0,18
2023-05-10 10:44:56,CF311P15000,CF311P15000,337.0,0.0,0.0,0.0,2,156.0,1103.0,1,337.0,0.0,0.0,0.0,0.0,0.0,18
2023-05-10 10:44:56,CF311P15000,CF311P15000,337.0,0.0,0.0,0.0,2,156.0,1100.0,1,337.0,0.0,0.0,0.0,0.0,0.0,18
2023-05-10 10:45:04,CF311P15000,CF311P15000,337.0,0.0,0.0,0.0,2,156.0,1099.0,1,337.0,0.0,0.0,0.0,0.0,0.0,18
2023-05-10 10:45:04,CF311P15000,CF311P15000,337.0,0.0,0.0,0.0,2,156.0,1096.0,1,337.0,0.0,0.0,0.0,0.0,0.0,18
2023-05-10 10:45:15,CF311P15000,CF311P15000,337.0,0.0,0.0,0.0,2,156.0,1095.0,1,337.0,0.0,0.0,0.0,0.0,0.0,18
2023-05-10 10:45:15,CF311P15000,CF311P15000,337.0,0.0,0.0,0.0,2,156.0,1092.0,1,337.0,0.0,0.0,0.0,0.0,0.0,18
2023-05-10 10:45:20,CF311P15000,CF311P15000,337.0,0.0,0.0,0.0,2,156.0,1091.0,1,337.0,0.0,0.0,0.0,0.0,0.0,18
2023-05-10 10:45:20,CF311P15000,CF311P15000,337.0,0.0,0.0,0.0,2,156.0,1088.0,1,337.0,0.0,0.0,0.0,0.0,0.0,18
2023-05-10 10:45:24,CF311P15000,CF311P15000,337.0,0.0,0.0,0.0,2,156.0,1087.0,1,337.0,0.0,0.0,0.0,0.0,0.0,18
2023-05-10 10:45:24,CF311P15000,CF311P15000,337.0,0.0,0.0,0.0,2,156.0,1084.0,1,337.0,0.0,0.0,0.0,0.0,0.0,18
2023-05-10 10:45:28,CF311P15000,CF311P15000,337.0,0.0,0.0,0.0,2,156.0,1083.0,1,337.0,0.0,0.0,0.0,0.0,0.0,18
2023-05-10 10:45:28,CF311P15000,CF311P15000,337.0,0.0,0.0,0.0,2,156.0,1080.0,1,337.0,0.0,0.0,0.0,0.0,0.0,18
2023-05-10 10:45:33,CF311P15000,CF311P15000,337.0,0.0,0.0,0.0,2,156.0,1079.0,1,337.0,0.0,0.0,0.0,0.0,0.0,18
2023-05-10 10:45:33,CF311P15000,CF311P15000,337.0,0.0,0.0,0.0,2,156.0,1076.0,1,337.0,0.0,0.0,0.0,0.0,0.0,18
2023-05-10 10:45:38,CF311P15000,CF311P15000,337.0,0.0,0.0,0.0,2,156.0,1075.0,1,337.0,0.0,0.0,0.0,0.0,0.0,18
2023-05-10 10:45:38,CF311P15000,CF311P15000,337.0,0.0,0.0,0.0,2,156.0,1072.0,1,337.0,0.0,0.0,0.0,0.0,0.0,18
2023-05-10 10:45:44,CF311P15000,CF311P15000,337.0,0.0,0.0,0.0,2,156.0,1071.0,1,337.0,0.0,0.0,0.0,0.0,0.0,18
2023-05-10 10:45:44,CF311P15000,CF311P15000,337.0,0.0,0.0,0.0,2,156.0,1068.0,1,337.0,0.0,0.0,0.0,0.0,0.0,18
2023-05-10 10:45:53,CF311P15000,CF311P15000,337.0,0.0,0.0,0.0,2,156.0,1067.0,1,337.0,0.0,0.0,0.0,0.0,0.0,18
2023-05-10 10:45:53,CF311P15000,CF311P15000,337.0,0.0,0.0,0.0,2,156.0,1064.0,1,337.0,0.0,0.0,0.0,0.0,0.0,18
2023-05-10 10:45:59,CF311P15000,CF311P15000,337.0,0.0,0.0,0.0,2,156.0,1063.0,1,337.0,0.0,0.0,0.0,0.0,0.0,18
2023-05-10 10:45:59,CF311P15000,CF311P15000,337.0,0.0,0.0,0.0,2,156.0,1060.0,1,337.0,0.0,0.0,0.0,0.0,0.0,18
2023-05-10 10:46:05,CF311P15000,CF311P15000,337.0,0.0,0.0,0.0,2,156.0,1059.0,1,337.0,0.0,0.0,0.0,0.0,0.0,18
2023-05-10 10:46:05,CF311P15000,CF311P15000,337.0,0.0,0.0,0.0,2,156.0,1056.0,1,337.0,0.0,0.0,0.0,0.0,0.0,18
2023-05-10 10:46:11,CF311P15000,CF311P15000,337.0,0.0,0.0,0.0,2,156.0,1055.0,1,337.0,0.0,0.0,0.0,0.0,0.0,18
2023-05-10 10:46:11,CF311P15000,CF311P15000,337.0,0.0,0.0,0.0,2,156.0,1052.0,1,337.0,0.0,0.0,0.0,0.0,0.0,18
2023-05-10 10:55:14,CF311P15000,CF311P15000,337.0,0.0,0.0,0.0,1,159.0,1052.0,1,337.0,0.0,0.0,0.0,0.0,0.0,18
2023-05-10 10:55:15,CF311P15000,CF311P15000,337.0,0.0,0.0,0.0,2,175.0,1052.0,1,337.0,0.0,0.0,0.0,0.0,0.0,18
2023-05-10 11:27:07,CF311P15000,CF311P15000,337.0,0.0,0.0,0.0,1,15.0,1052.0,1,337.0,0.0,0.0,0.0,0.0,0.0,18
2023-05-10 11:27:07,CF311P15000,CF311P15000,337.0,0.0,0.0,0.0,1,18.0,1052.0,1,337.0,0.0,0.0,0.0,0.0,0.0,18
2023-05-10 11:27:40,CF311P15000,CF311P15000,337.0,0.0,0.0,0.0,1,19.0,1052.0,1,337.0,0.0,0.0,0.0,0.0,0.0,18
2023-05-10 11:27:40,CF311P15000,CF311P15000,337.0,0.0,0.0,0.0,1,22.0,1052.0,1,337.0,0.0,0.0,0.0,0.0,0.0,18
2023-05-10 11:29:55,CF311P15000,CF311P15000,337.0,0.0,0.0,0.0,1,15.0,1251.0,1,337.0,0.0,0.0,0.0,0.0,0.0,18
2023-05-10 13:31:29,CF311P15000,CF311P15000,337.0,0.0,0.0,0.0,2,31.0,1251.0,1,337.0,0.0,0.0,0.0,0.0,0.0,18
2023-05-10 13:31:29,CF311P15000,CF311P15000,337.0,0.0,0.0,0.0,1,34.0,1248.0,1,337.0,0.0,0.0,0.0,0.0,0.0,18
2023-05-10 13:32:12,CF311P15000,CF311P15000,337.0,0.0,0.0,0.0,2,50.0,1248.0,1,337.0,0.0,0.0,0.0,0.0,0.0,18
2023-05-10 13:32:12,CF311P15000,CF311P15000,337.0,0.0,0.0,0.0,1,53.0,1248.0,1,337.0,0.0,0.0,0.0,0.0,0.0,18
2023-05-10 13:32:15,CF311P15000,CF311P15000,337.0,0.0,0.0,0.0,2,69.0,1248.0,1,337.0,0.0,0.0,0.0,0.0,0.0,18
2023-05-10 13:32:16,CF311P15000,CF311P15000,337.0,0.0,0.0,0.0,1,72.0,1248.0,1,337.0,0.0,0.0,0.0,0.0,0.0,18
2023-05-10 13:32:21,CF311P15000,CF311P15000,337.0,0.0,0.0,0.0,2,88.0,1248.0,1,337.0,0.0,0.0,0.0,0.0,0.0,18
2023-05-10 13:32:21,CF311P15000,CF311P15000,337.0,0.0,0.0,0.0,1,91.0,1248.0,1,337.0,0.0,0.0,0.0,0.0,0.0,18
2023-05-10 13:32:24,CF311P15000,CF311P15000,337.0,0.0,0.0,0.0,2,107.0,1248.0,1,337.0,0.0,0.0,0.0,0.0,0.0,18
2023-05-10 13:32:24,CF311P15000,CF311P15000,337.0,0.0,0.0,0.0,1,110.0,1248.0,1,337.0,0.0,0.0,0.0,0.0,0.0,18
2023-05-10 13:32:27,CF311P15000,CF311P15000,337.0,0.0,0.0,0.0,2,126.0,1248.0,1,337.0,0.0,0.0,0.0,0.0,0.0,18
2023-05-10 13:32:27,CF311P15000,CF311P15000,337.0,0.0,0.0,0.0,1,129.0,1248.0,1,337.0,0.0,0.0,0.0,0.0,0.0,18
2023-05-10 13:32:29,CF311P15000,CF311P15000,337.0,0.0,0.0,0.0,2,145.0,1248.0,1,337.0,0.0,0.0,0.0,0.0,0.0,18
2023-05-10 13:32:29,CF311P15000,CF311P15000,337.0,0.0,0.0,0.0,1,148.0,1248.0,1,337.0,0.0,0.0,0.0,0.0,0.0,18
2023-05-10 13:32:31,CF311P15000,CF311P15000,337.0,0.0,0.0,0.0,2,164.0,1248.0,1,337.0,0.0,0.0,0.0,0.0,0.0,18
2023-05-10 13:40:44,CF311P15000,CF311P15000,337.0,0.0,0.0,0.0,2,164.0,1247.0,1,337.0,0.0,0.0,0.0,0.0,0.0,18
2023-05-10 13:40:44,CF311P15000,CF311P15000,337.0,0.0,0.0,0.0,2,164.0,1244.0,1,337.0,0.0,0.0,0.0,0.0,0.0,18
2023-05-10 13:40:52,CF311P15000,CF311P15000,337.0,0.0,0.0,0.0,2,164.0,1243.0,1,337.0,0.0,0.0,0.0,0.0,0.0,18
2023-05-10 13:40:53,CF311P15000,CF311P15000,337.0,0.0,0.0,0.0,2,164.0,1240.0,1,337.0,0.0,0.0,0.0,0.0,0.0,18
2023-05-10 13:41:01,CF311P15000,CF311P15000,337.0,0.0,0.0,0.0,2,164.0,1239.0,1,337.0,0.0,0.0,0.0,0.0,0.0,18
2023-05-10 13:41:01,CF311P15000,CF311P15000,337.0,0.0,0.0,0.0,2,164.0,1236.0,1,337.0,0.0,0.0,0.0,0.0,0.0,18
2023-05-10 13:41:10,CF311P15000,CF311P15000,337.0,0.0,0.0,0.0,2,164.0,1235.0,1,337.0,0.0,0.0,0.0,0.0,0.0,18
2023-05-10 13:41:11,CF311P15000,CF311P15000,337.0,0.0,0.0,0.0,2,164.0,1232.0,1,337.0,0.0,0.0,0.0,0.0,0.0,18
2023-05-10 13:41:15,CF311P15000,CF311P15000,337.0,0.0,0.0,0.0,2,164.0,1231.0,1,337.0,0.0,0.0,0.0,0.0,0.0,18
2023-05-10 13:41:16,CF311P15000,CF311P15000,337.0,0.0,0.0,0.0,2,164.0,1228.0,1,337.0,0.0,0.0,0.0,0.0,0.0,18
2023-05-10 13:41:25,CF311P15000,CF311P15000,337.0,0.0,0.0,0.0,2,164.0,1227.0,1,337.0,0.0,0.0,0.0,0.0,0.0,18
2023-05-10 13:41:26,CF311P15000,CF311P15000,337.0,0.0,0.0,0.0,2,164.0,1224.0,1,337.0,0.0,0.0,0.0,0.0,0.0,18
2023-05-10 13:41:32,CF311P15000,CF311P15000,337.0,0.0,0.0,0.0,2,164.0,1223.0,1,337.0,0.0,0.0,0.0,0.0,0.0,18
2023-05-10 13:41:33,CF311P15000,CF311P15000,337.0,0.0,0.0,0.0,2,164.0,1220.0,1,337.0,0.0,0.0,0.0,0.0,0.0,18
2023-05-10 13:41:37,CF311P15000,CF311P15000,337.0,0.0,0.0,0.0,2,164.0,1219.0,1,337.0,0.0,0.0,0.0,0.0,0.0,18
2023-05-10 13:41:38,CF311P15000,CF311P15000,337.0,0.0,0.0,0.0,2,164.0,1216.0,1,337.0,0.0,0.0,0.0,0.0,0.0,18
2023-05-10 13:41:42,CF311P15000,CF311P15000,337.0,0.0,0.0,0.0,2,164.0,1215.0,1,337.0,0.0,0.0,0.0,0.0,0.0,18
2023-05-10 13:41:42,CF311P15000,CF311P15000,337.0,0.0,0.0,0.0,2,164.0,1212.0,1,337.0,0.0,0.0,0.0,0.0,0.0,18
2023-05-10 13:41:47,CF311P15000,CF311P15000,337.0,0.0,0.0,0.0,2,164.0,1211.0,1,337.0,0.0,0.0,0.0,0.0,0.0,18
2023-05-10 13:41:48,CF311P15000,CF311P15000,337.0,0.0,0.0,0.0,2,164.0,1208.0,1,337.0,0.0,0.0,0.0,0.0,0.0,18
2023-05-10 13:41:53,CF311P15000,CF311P15000,337.0,0.0,0.0,0.0,2,164.0,1207.0,1,337.0,0.0,0.0,0.0,0.0,0.0,18
2023-05-10 13:41:53,CF311P15000,CF311P15000,337.0,0.0,0.0,0.0,2,164.0,1204.0,1,337.0,0.0,0.0,0.0,0.0,0.0,18
2023-05-10 13:42:00,CF311P15000,CF311P15000,337.0,0.0,0.0,0.0,2,164.0,1203.0,1,337.0,0.0,0.0,0.0,0.0,0.0,18
2023-05-10 13:42:00,CF311P15000,CF311P15000,337.0,0.0,0.0,0.0,2,164.0,1200.0,1,337.0,0.0,0.0,0.0,0.0,0.0,18
2023-05-10 13:42:09,CF311P15000,CF311P15000,337.0,0.0,0.0,0.0,2,164.0,1199.0,1,337.0,0.0,0.0,0.0,0.0,0.0,18
2023-05-10 13:42:09,CF311P15000,CF311P15000,337.0,0.0,0.0,0.0,2,164.0,1196.0,1,337.0,0.0,0.0,0.0,0.0,0.0,18
2023-05-10 13:42:20,CF311P15000,CF311P15000,337.0,0.0,0.0,0.0,2,164.0,1195.0,1,337.0,0.0,0.0,0.0,0.0,0.0,18
2023-05-10 13:42:20,CF311P15000,CF311P15000,337.0,0.0,0.0,0.0,2,164.0,1192.0,1,337.0,0.0,0.0,0.0,0.0,0.0,18
2023-05-10 13:42:24,CF311P15000,CF311P15000,337.0,0.0,0.0,0.0,2,164.0,1191.0,1,337.0,0.0,0.0,0.0,0.0,0.0,18
2023-05-10 13:42:24,CF311P15000,CF311P15000,337.0,0.0,0.0,0.0,1,167.0,1188.0,1,337.0,0.0,0.0,0.0,0.0,0.0,18
2023-05-10 13:42:25,CF311P15000,CF311P15000,337.0,0.0,0.0,0.0,2,183.0,1188.0,1,337.0,0.0,0.0,0.0,0.0,0.0,18
2023-05-10 13:42:30,CF311P15000,CF311P15000,337.0,0.0,0.0,0.0,2,183.0,1187.0,1,337.0,0.0,0.0,0.0,0.0,0.0,18
2023-05-10 13:42:30,CF311P15000,CF311P15000,337.0,0.0,0.0,0.0,2,183.0,1184.0,1,337.0,0.0,0.0,0.0,0.0,0.0,18
2023-05-10 13:42:36,CF311P15000,CF311P15000,337.0,0.0,0.0,0.0,2,183.0,1183.0,1,337.0,0.0,0.0,0.0,0.0,0.0,18
2023-05-10 13:42:37,CF311P15000,CF311P15000,337.0,0.0,0.0,0.0,2,183.0,1180.0,1,337.0,0.0,0.0,0.0,0.0,0.0,18
2023-05-10 13:42:45,CF311P15000,CF311P15000,337.0,0.0,0.0,0.0,2,183.0,1179.0,1,337.0,0.0,0.0,0.0,0.0,0.0,18
2023-05-10 13:42:46,CF311P15000,CF311P15000,337.0,0.0,0.0,0.0,2,183.0,1176.0,1,337.0,0.0,0.0,0.0,0.0,0.0,18
2023-05-10 13:42:52,CF311P15000,CF311P15000,337.0,0.0,0.0,0.0,2,183.0,1175.0,1,337.0,0.0,0.0,0.0,0.0,0.0,18
2023-05-10 13:42:52,CF311P15000,CF311P15000,337.0,0.0,0.0,0.0,2,183.0,1172.0,1,337.0,0.0,0.0,0.0,0.0,0.0,18
2023-05-10 13:42:58,CF311P15000,CF311P15000,337.0,0.0,0.0,0.0,2,183.0,1171.0,1,337.0,0.0,0.0,0.0,0.0,0.0,18
2023-05-10 13:42:58,CF311P15000,CF311P15000,337.0,0.0,0.0,0.0,2,183.0,1168.0,1,337.0,0.0,0.0,0.0,0.0,0.0,18
2023-05-10 13:43:05,CF311P15000,CF311P15000,337.0,0.0,0.0,0.0,2,183.0,1167.0,1,337.0,0.0,0.0,0.0,0.0,0.0,18
2023-05-10 13:43:05,CF311P15000,CF311P15000,337.0,0.0,0.0,0.0,2,183.0,1164.0,1,337.0,0.0,0.0,0.0,0.0,0.0,18
2023-05-10 13:43:13,CF311P15000,CF311P15000,337.0,0.0,0.0,0.0,2,183.0,1163.0,1,337.0,0.0,0.0,0.0,0.0,0.0,18
2023-05-10 13:43:13,CF311P15000,CF311P15000,337.0,0.0,0.0,0.0,2,183.0,1160.0,1,337.0,0.0,0.0,0.0,0.0,0.0,18
2023-05-10 13:43:16,CF311P15000,CF311P15000,337.0,0.0,0.0,0.0,2,183.0,1159.0,1,337.0,0.0,0.0,0.0,0.0,0.0,18
2023-05-10 13:43:17,CF311P15000,CF311P15000,337.0,0.0,0.0,0.0,2,183.0,1156.0,1,337.0,0.0,0.0,0.0,0.0,0.0,18
2023-05-10 13:43:21,CF311P15000,CF311P15000,337.0,0.0,0.0,0.0,2,183.0,1155.0,1,337.0,0.0,0.0,0.0,0.0,0.0,18
2023-05-10 13:43:22,CF311P15000,CF311P15000,337.0,0.0,0.0,0.0,2,183.0,1152.0,1,337.0,0.0,0.0,0.0,0.0,0.0,18
2023-05-10 13:43:28,CF311P15000,CF311P15000,337.0,0.0,0.0,0.0,2,183.0,1151.0,1,337.0,0.0,0.0,0.0,0.0,0.0,18
2023-05-10 13:43:29,CF311P15000,CF311P15000,337.0,0.0,0.0,0.0,2,183.0,1148.0,1,337.0,0.0,0.0,0.0,0.0,0.0,18
2023-05-10 13:43:36,CF311P15000,CF311P15000,337.0,0.0,0.0,0.0,2,183.0,1147.0,1,337.0,0.0,0.0,0.0,0.0,0.0,18
2023-05-10 13:43:36,CF311P15000,CF311P15000,337.0,0.0,0.0,0.0,2,183.0,1144.0,1,337.0,0.0,0.0,0.0,0.0,0.0,18
2023-05-10 13:43:40,CF311P15000,CF311P15000,337.0,0.0,0.0,0.0,2,183.0,1143.0,1,337.0,0.0,0.0,0.0,0.0,0.0,18
2023-05-10 13:43:40,CF311P15000,CF311P15000,337.0,0.0,0.0,0.0,2,183.0,1140.0,1,337.0,0.0,0.0,0.0,0.0,0.0,18
2023-05-10 13:43:46,CF311P15000,CF311P15000,337.0,0.0,0.0,0.0,2,183.0,1139.0,1,337.0,0.0,0.0,0.0,0.0,0.0,18
2023-05-10 13:43:46,CF311P15000,CF311P15000,337.0,0.0,0.0,0.0,2,183.0,1136.0,1,337.0,0.0,0.0,0.0,0.0,0.0,18
2023-05-10 13:43:51,CF311P15000,CF311P15000,337.0,0.0,0.0,0.0,2,183.0,1135.0,1,337.0,0.0,0.0,0.0,0.0,0.0,18
2023-05-10 13:43:52,CF311P15000,CF311P15000,337.0,0.0,0.0,0.0,2,183.0,1132.0,1,337.0,0.0,0.0,0.0,0.0,0.0,18
2023-05-10 13:43:59,CF311P15000,CF311P15000,337.0,0.0,0.0,0.0,2,183.0,1131.0,1,337.0,0.0,0.0,0.0,0.0,0.0,18
2023-05-10 13:44:00,CF311P15000,CF311P15000,337.0,0.0,0.0,0.0,2,183.0,1128.0,1,337.0,0.0,0.0,0.0,0.0,0.0,18
2023-05-10 13:44:07,CF311P15000,CF311P15000,337.0,0.0,0.0,0.0,2,183.0,1127.0,1,337.0,0.0,0.0,0.0,0.0,0.0,18
2023-05-10 13:44:07,CF311P15000,CF311P15000,337.0,0.0,0.0,0.0,2,183.0,1124.0,1,337.0,0.0,0.0,0.0,0.0,0.0,18
2023-05-10 13:44:12,CF311P15000,CF311P15000,337.0,0.0,0.0,0.0,2,183.0,1123.0,1,337.0,0.0,0.0,0.0,0.0,0.0,18
2023-05-10 13:44:13,CF311P15000,CF311P15000,337.0,0.0,0.0,0.0,2,183.0,1120.0,1,337.0,0.0,0.0,0.0,0.0,0.0,18
2023-05-10 13:44:16,CF311P15000,CF311P15000,337.0,0.0,0.0,0.0,2,183.0,1119.0,1,337.0,0.0,0.0,0.0,0.0,0.0,18
2023-05-10 13:44:17,CF311P15000,CF311P15000,337.0,0.0,0.0,0.0,2,183.0,1116.0,1,337.0,0.0,0.0,0.0,0.0,0.0,18
2023-05-10 13:44:23,CF311P15000,CF311P15000,337.0,0.0,0.0,0.0,2,183.0,1115.0,1,337.0,0.0,0.0,0.0,0.0,0.0,18
2023-05-10 13:44:23,CF311P15000,CF311P15000,337.0,0.0,0.0,0.0,2,183.0,1112.0,1,337.0,0.0,0.0,0.0,0.0,0.0,18
2023-05-10 13:44:27,CF311P15000,CF311P15000,337.0,0.0,0.0,0.0,2,183.0,1111.0,1,337.0,0.0,0.0,0.0,0.0,0.0,18
2023-05-10 13:44:28,CF311P15000,CF311P15000,337.0,0.0,0.0,0.0,2,183.0,1108.0,1,337.0,0.0,0.0,0.0,0.0,0.0,18
2023-05-10 13:44:33,CF311P15000,CF311P15000,337.0,0.0,0.0,0.0,2,183.0,1107.0,1,337.0,0.0,0.0,0.0,0.0,0.0,18
2023-05-10 13:44:33,CF311P15000,CF311P15000,337.0,0.0,0.0,0.0,2,183.0,1104.0,1,337.0,0.0,0.0,0.0,0.0,0.0,18
2023-05-10 13:44:36,CF311P15000,CF311P15000,337.0,0.0,0.0,0.0,2,183.0,1103.0,1,337.0,0.0,0.0,0.0,0.0,0.0,18
2023-05-10 13:44:37,CF311P15000,CF311P15000,337.0,0.0,0.0,0.0,2,183.0,1100.0,1,337.0,0.0,0.0,0.0,0.0,0.0,18
2023-05-10 13:44:41,CF311P15000,CF311P15000,337.0,0.0,0.0,0.0,2,183.0,1099.0,1,337.0,0.0,0.0,0.0,0.0,0.0,18
2023-05-10 13:44:42,CF311P15000,CF311P15000,337.0,0.0,0.0,0.0,2,183.0,1096.0,1,337.0,0.0,0.0,0.0,0.0,0.0,18
2023-05-10 13:44:47,CF311P15000,CF311P15000,337.0,0.0,0.0,0.0,2,183.0,1095.0,1,337.0,0.0,0.0,0.0,0.0,0.0,18
2023-05-10 13:44:47,CF311P15000,CF311P15000,337.0,0.0,0.0,0.0,2,183.0,1092.0,1,337.0,0.0,0.0,0.0,0.0,0.0,18
2023-05-10 13:44:54,CF311P15000,CF311P15000,337.0,0.0,0.0,0.0,2,183.0,1091.0,1,337.0,0.0,0.0,0.0,0.0,0.0,18
2023-05-10 13:44:54,CF311P15000,CF311P15000,337.0,0.0,0.0,0.0,2,183.0,1088.0,1,337.0,0.0,0.0,0.0,0.0,0.0,18
2023-05-10 13:45:01,CF311P15000,CF311P15000,337.0,0.0,0.0,0.0,2,183.0,1087.0,1,337.0,0.0,0.0,0.0,0.0,0.0,18
2023-05-10 13:45:02,CF311P15000,CF311P15000,337.0,0.0,0.0,0.0,2,183.0,1084.0,1,337.0,0.0,0.0,0.0,0.0,0.0,18
2023-05-10 13:45:08,CF311P15000,CF311P15000,337.0,0.0,0.0,0.0,2,183.0,1083.0,1,337.0,0.0,0.0,0.0,0.0,0.0,18
2023-05-10 13:45:08,CF311P15000,CF311P15000,337.0,0.0,0.0,0.0,2,183.0,1080.0,1,337.0,0.0,0.0,0.0,0.0,0.0,18
2023-05-10 13:45:13,CF311P15000,CF311P15000,337.0,0.0,0.0,0.0,2,183.0,1079.0,1,337.0,0.0,0.0,0.0,0.0,0.0,18
2023-05-10 13:45:13,CF311P15000,CF311P15000,337.0,0.0,0.0,0.0,2,183.0,1076.0,1,337.0,0.0,0.0,0.0,0.0,0.0,18
2023-05-10 13:45:20,CF311P15000,CF311P15000,337.0,0.0,0.0,0.0,2,183.0,1075.0,1,337.0,0.0,0.0,0.0,0.0,0.0,18
2023-05-10 13:45:21,CF311P15000,CF311P15000,337.0,0.0,0.0,0.0,2,183.0,1072.0,1,337.0,0.0,0.0,0.0,0.0,0.0,18
2023-05-10 13:45:26,CF311P15000,CF311P15000,337.0,0.0,0.0,0.0,2,183.0,1071.0,1,337.0,0.0,0.0,0.0,0.0,0.0,18
2023-05-10 13:45:26,CF311P15000,CF311P15000,337.0,0.0,0.0,0.0,2,183.0,1068.0,1,337.0,0.0,0.0,0.0,0.0,0.0,18
2023-05-10 13:45:35,CF311P15000,CF311P15000,337.0,0.0,0.0,0.0,2,183.0,1067.0,1,337.0,0.0,0.0,0.0,0.0,0.0,18
2023-05-10 13:45:35,CF311P15000,CF311P15000,337.0,0.0,0.0,0.0,2,183.0,1064.0,1,337.0,0.0,0.0,0.0,0.0,0.0,18
2023-05-10 13:45:42,CF311P15000,CF311P15000,337.0,0.0,0.0,0.0,2,183.0,1063.0,1,337.0,0.0,0.0,0.0,0.0,0.0,18
2023-05-10 13:45:42,CF311P15000,CF311P15000,337.0,0.0,0.0,0.0,2,183.0,1060.0,1,337.0,0.0,0.0,0.0,0.0,0.0,18
2023-05-10 13:45:47,CF311P15000,CF311P15000,337.0,0.0,0.0,0.0,2,183.0,1059.0,1,337.0,0.0,0.0,0.0,0.0,0.0,18
2023-05-10 13:45:47,CF311P15000,CF311P15000,337.0,0.0,0.0,0.0,2,183.0,1056.0,1,337.0,0.0,0.0,0.0,0.0,0.0,18
2023-05-10 13:45:53,CF311P15000,CF311P15000,337.0,0.0,0.0,0.0,2,183.0,1055.0,1,337.0,0.0,0.0,0.0,0.0,0.0,18
2023-05-10 13:45:53,CF311P15000,CF311P15000,337.0,0.0,0.0,0.0,2,183.0,1052.0,1,337.0,0.0,0.0,0.0,0.0,0.0,18
2023-05-10 14:13:22,CF311P15000,CF311P15000,337.0,0.0,0.0,0.0,6,347.0,381.0,6,337.0,0.0,0.0,0.0,0.0,0.0,18
2023-05-10 14:13:23,CF311P15000,CF311P15000,337.0,0.0,0.0,0.0,15,347.0,381.0,15,337.0,0.0,0.0,0.0,0.0,0.0,18
2023-05-10 14:13:23,CF311P15000,CF311P15000,337.0,0.0,0.0,0.0,18,347.0,381.0,18,337.0,0.0,0.0,0.0,0.0,0.0,18
2023-05-10 14:13:24,CF311P15000,CF311P15000,337.0,0.0,0.0,0.0,21,347.0,380.0,3,337.0,0.0,0.0,0.0,0.0,0.0,18
2023-05-10 14:13:24,CF311P15000,CF311P15000,337.0,0.0,0.0,0.0,21,347.0,380.0,6,337.0,0.0,0.0,0.0,0.0,0.0,18
2023-05-10 14:13:27,CF311P15000,CF311P15000,337.0,0.0,0.0,0.0,21,347.0,380.0,9,337.0,0.0,0.0,0.0,0.0,0.0,18
2023-05-10 14:13:28,CF311P15000,CF311P15000,337.0,0.0,0.0,0.0,24,347.0,380.0,12,337.0,0.0,0.0,0.0,0.0,0.0,18
2023-05-10 14:13:29,CF311P15000,CF311P15000,337.0,0.0,0.0,0.0,24,347.0,378.0,6,337.0,0.0,0.0,0.0,0.0,0.0,18
2023-05-10 14:13:29,CF311P15000,CF311P15000,337.0,0.0,0.0,0.0,18,347.0,369.0,3,337.0,0.0,0.0,0.0,0.0,0.0,18
2023-05-10 14:13:30,CF311P15000,CF311P15000,337.0,0.0,0.0,0.0,21,347.0,369.0,6,337.0,0.0,0.0,0.0,0.0,0.0,18
2023-05-10 14:13:32,CF311P15000,CF311P15000,337.0,0.0,0.0,0.0,24,347.0,369.0,9,337.0,0.0,0.0,0.0,0.0,0.0,18
2023-05-10 14:13:34,CF311P15000,CF311P15000,337.0,0.0,0.0,0.0,27,347.0,369.0,12,337.0,0.0,0.0,0.0,0.0,0.0,18
2023-05-10 14:13:35,CF311P15000,CF311P15000,337.0,0.0,0.0,0.0,24,347.0,369.0,15,337.0,0.0,0.0,0.0,0.0,0.0,18
2023-05-10 14:13:39,CF311P15000,CF311P15000,337.0,0.0,0.0,0.0,21,347.0,369.0,15,337.0,0.0,0.0,0.0,0.0,0.0,18
2023-05-10 14:13:40,CF311P15000,CF311P15000,337.0,0.0,0.0,0.0,21,347.0,369.0,12,337.0,0.0,0.0,0.0,0.0,0.0,18
2023-05-10 14:13:40,CF311P15000,CF311P15000,337.0,0.0,0.0,0.0,18,347.0,369.0,12,337.0,0.0,0.0,0.0,0.0,0.0,18
2023-05-10 14:13:41,CF311P15000,CF311P15000,337.0,0.0,0.0,0.0,15,347.0,369.0,12,337.0,0.0,0.0,0.0,0.0,0.0,18
2023-05-10 14:13:41,CF311P15000,CF311P15000,337.0,0.0,0.0,0.0,12,347.0,369.0,12,337.0,0.0,0.0,0.0,0.0,0.0,18
2023-05-10 14:13:42,CF311P15000,CF311P15000,337.0,0.0,0.0,0.0,9,347.0,369.0,9,337.0,0.0,0.0,0.0,0.0,0.0,18
2023-05-10 14:13:42,CF311P15000,CF311P15000,337.0,0.0,0.0,0.0,6,347.0,369.0,6,337.0,0.0,0.0,0.0,0.0,0.0,18
2023-05-10 14:13:44,CF311P15000,CF311P15000,337.0,0.0,0.0,0.0,3,347.0,369.0,3,337.0,0.0,0.0,0.0,0.0,0.0,18
2023-05-10 14:13:45,CF311P15000,CF311P15000,337.0,0.0,0.0,0.0,1,15.0,1251.0,1,337.0,0.0,0.0,0.0,0.0,0.0,18
2023-05-10 14:13:45,CF311P15000,CF311P15000,337.0,0.0,0.0,0.0,1,18.0,1248.0,1,337.0,0.0,0.0,0.0,0.0,0.0,18
2023-05-10 14:13:45,CF311P15000,CF311P15000,337.0,0.0,0.0,0.0,2,34.0,1248.0,1,337.0,0.0,0.0,0.0,0.0,0.0,18
2023-05-10 14:13:46,CF311P15000,CF311P15000,337.0,0.0,0.0,0.0,1,37.0,1248.0,1,337.0,0.0,0.0,0.0,0.0,0.0,18
2023-05-10 14:13:47,CF311P15000,CF311P15000,337.0,0.0,0.0,0.0,2,53.0,1248.0,1,337.0,0.0,0.0,0.0,0.0,0.0,18
2023-05-10 14:13:47,CF311P15000,CF311P15000,337.0,0.0,0.0,0.0,1,56.0,1248.0,1,337.0,0.0,0.0,0.0,0.0,0.0,18
2023-05-10 14:13:49,CF311P15000,CF311P15000,337.0,0.0,0.0,0.0,2,72.0,1248.0,1,337.0,0.0,0.0,0.0,0.0,0.0,18
2023-05-10 14:13:49,CF311P15000,CF311P15000,337.0,0.0,0.0,0.0,1,75.0,1248.0,1,337.0,0.0,0.0,0.0,0.0,0.0,18
2023-05-10 14:13:50,CF311P15000,CF311P15000,337.0,0.0,0.0,0.0,2,91.0,1248.0,1,337.0,0.0,0.0,0.0,0.0,0.0,18
2023-05-10 14:13:50,CF311P15000,CF311P15000,337.0,0.0,0.0,0.0,1,94.0,1248.0,1,337.0,0.0,0.0,0.0,0.0,0.0,18
2023-05-10 14:13:52,CF311P15000,CF311P15000,337.0,0.0,0.0,0.0,2,110.0,1248.0,1,337.0,0.0,0.0,0.0,0.0,0.0,18
2023-05-10 14:13:52,CF311P15000,CF311P15000,337.0,0.0,0.0,0.0,1,113.0,1248.0,1,337.0,0.0,0.0,0.0,0.0,0.0,18
2023-05-10 14:13:53,CF311P15000,CF311P15000,337.0,0.0,0.0,0.0,2,129.0,1248.0,1,337.0,0.0,0.0,0.0,0.0,0.0,18
2023-05-10 14:13:53,CF311P15000,CF311P15000,337.0,0.0,0.0,0.0,1,132.0,1248.0,1,337.0,0.0,0.0,0.0,0.0,0.0,18
2023-05-10 14:13:54,CF311P15000,CF311P15000,337.0,0.0,0.0,0.0,2,148.0,1248.0,1,337.0,0.0,0.0,0.0,0.0,0.0,18
2023-05-10 14:13:54,CF311P15000,CF311P15000,337.0,0.0,0.0,0.0,1,151.0,1248.0,1,337.0,0.0,0.0,0.0,0.0,0.0,18
2023-05-10 14:13:55,CF311P15000,CF311P15000,337.0,0.0,0.0,0.0,2,167.0,1248.0,1,337.0,0.0,0.0,0.0,0.0,0.0,18
2023-05-10 14:59:55,CF311P15000,CF311P15000,337.0,0.0,0.0,0.0,2,167.0,1251.0,1,337.0,0.0,0.0,0.0,0.0,0.0,18
