time,symbol_id,symbol_name,last,trade_volume,trade_amount,open_interest_change,bv1,bp1,ap1,av1,yesterday_close,today_open,today_high,today_low,volume,amount,open_interest
2023-05-09 19:10:58,CF311C17200,棉花2311购17200,370.0,0.0,0.0,0.0,0,0.0,0.0,0,370.0,390.0,0.0,0.0,0.0,0.0,39
2023-05-09 21:01:11,CF311C17200,棉花2311购17200,370.0,0.0,0.0,0.0,2,2.0,0.0,0,370.0,390.0,0.0,0.0,0.0,0.0,39
2023-05-09 21:01:11,CF311C17200,棉花2311购17200,370.0,0.0,0.0,0.0,10,3.0,0.0,0,370.0,390.0,0.0,0.0,0.0,0.0,39
2023-05-09 21:01:12,CF311C17200,棉花2311购17200,370.0,0.0,0.0,0.0,1,6.0,1326.0,1,370.0,390.0,0.0,0.0,0.0,0.0,39
2023-05-09 21:01:12,CF311C17200,棉花2311购17200,370.0,0.0,0.0,0.0,10,7.0,1325.0,10,370.0,390.0,0.0,0.0,0.0,0.0,39
2023-05-09 21:01:13,CF311C17200,棉花2311购17200,370.0,0.0,0.0,0.0,1,10.0,1322.0,1,370.0,390.0,0.0,0.0,0.0,0.0,39
2023-05-09 21:01:13,CF311C17200,棉花2311购17200,370.0,0.0,0.0,0.0,12,11.0,1321.0,10,370.0,390.0,0.0,0.0,0.0,0.0,39
2023-05-09 21:01:16,CF311C17200,棉花2311购17200,370.0,0.0,0.0,0.0,1,14.0,1318.0,1,370.0,390.0,0.0,0.0,0.0,0.0,39
2023-05-09 21:01:17,CF311C17200,棉花2311购17200,370.0,0.0,0.0,0.0,12,15.0,1317.0,10,370.0,390.0,0.0,0.0,0.0,0.0,39
2023-05-09 21:01:21,CF311C17200,棉花2311购17200,370.0,0.0,0.0,0.0,1,18.0,1314.0,1,370.0,390.0,0.0,0.0,0.0,0.0,39
2023-05-09 21:01:22,CF311C17200,棉花2311购17200,370.0,0.0,0.0,0.0,12,19.0,1313.0,10,370.0,390.0,0.0,0.0,0.0,0.0,39
2023-05-09 21:01:22,CF311C17200,棉花2311购17200,370.0,0.0,0.0,0.0,1,22.0,1310.0,1,370.0,390.0,0.0,0.0,0.0,0.0,39
2023-05-09 21:01:22,CF311C17200,棉花2311购17200,370.0,0.0,0.0,0.0,10,23.0,1309.0,10,370.0,390.0,0.0,0.0,0.0,0.0,39
2023-05-09 21:01:24,CF311C17200,棉花2311购17200,370.0,0.0,0.0,0.0,2,24.0,1309.0,10,370.0,390.0,0.0,0.0,0.0,0.0,39
2023-05-09 21:01:24,CF311C17200,棉花2311购17200,370.0,0.0,0.0,0.0,10,25.0,1309.0,10,370.0,390.0,0.0,0.0,0.0,0.0,39
2023-05-09 21:01:26,CF311C17200,棉花2311购17200,370.0,0.0,0.0,0.0,2,26.0,1309.0,10,370.0,390.0,0.0,0.0,0.0,0.0,39
2023-05-09 21:01:26,CF311C17200,棉花2311购17200,370.0,0.0,0.0,0.0,10,27.0,1309.0,10,370.0,390.0,0.0,0.0,0.0,0.0,39
2023-05-09 21:01:26,CF311C17200,棉花2311购17200,370.0,0.0,0.0,0.0,2,26.0,1309.0,10,370.0,390.0,0.0,0.0,0.0,0.0,39
2023-05-09 21:01:26,CF311C17200,棉花2311购17200,370.0,0.0,0.0,0.0,10,27.0,1309.0,10,370.0,390.0,0.0,0.0,0.0,0.0,39
2023-05-09 21:01:28,CF311C17200,棉花2311购17200,370.0,0.0,0.0,0.0,2,28.0,1309.0,10,370.0,390.0,0.0,0.0,0.0,0.0,39
2023-05-09 21:01:28,CF311C17200,棉花2311购17200,370.0,0.0,0.0,0.0,1,30.0,1306.0,1,370.0,390.0,0.0,0.0,0.0,0.0,39
2023-05-09 21:01:29,CF311C17200,棉花2311购17200,370.0,0.0,0.0,0.0,10,31.0,1305.0,10,370.0,390.0,0.0,0.0,0.0,0.0,39
2023-05-09 21:01:30,CF311C17200,棉花2311购17200,370.0,0.0,0.0,0.0,3,32.0,1305.0,10,370.0,390.0,0.0,0.0,0.0,0.0,39
2023-05-09 21:01:31,CF311C17200,棉花2311购17200,370.0,0.0,0.0,0.0,1,35.0,1305.0,10,370.0,390.0,0.0,0.0,0.0,0.0,39
2023-05-09 21:01:31,CF311C17200,棉花2311购17200,370.0,0.0,0.0,0.0,10,36.0,1305.0,10,370.0,390.0,0.0,0.0,0.0,0.0,39
2023-05-09 21:01:32,CF311C17200,棉花2311购17200,370.0,0.0,0.0,0.0,2,37.0,1305.0,10,370.0,390.0,0.0,0.0,0.0,0.0,39
2023-05-09 21:01:32,CF311C17200,棉花2311购17200,370.0,0.0,0.0,0.0,10,38.0,1305.0,10,370.0,390.0,0.0,0.0,0.0,0.0,39
2023-05-09 21:01:33,CF311C17200,棉花2311购17200,370.0,0.0,0.0,0.0,1,41.0,1305.0,10,370.0,390.0,0.0,0.0,0.0,0.0,39
2023-05-09 21:01:33,CF311C17200,棉花2311购17200,370.0,0.0,0.0,0.0,10,43.0,1305.0,10,370.0,390.0,0.0,0.0,0.0,0.0,39
2023-05-09 21:01:34,CF311C17200,棉花2311购17200,370.0,0.0,0.0,0.0,10,43.0,1294.0,1,370.0,390.0,0.0,0.0,0.0,0.0,39
2023-05-09 21:01:34,CF311C17200,棉花2311购17200,370.0,0.0,0.0,0.0,10,43.0,1293.0,10,370.0,390.0,0.0,0.0,0.0,0.0,39
2023-05-09 21:01:36,CF311C17200,棉花2311购17200,370.0,0.0,0.0,0.0,2,44.0,1293.0,10,370.0,390.0,0.0,0.0,0.0,0.0,39
2023-05-09 21:01:36,CF311C17200,棉花2311购17200,370.0,0.0,0.0,0.0,10,45.0,1293.0,10,370.0,390.0,0.0,0.0,0.0,0.0,39
2023-05-09 21:01:36,CF311C17200,棉花2311购17200,370.0,0.0,0.0,0.0,2,44.0,1293.0,10,370.0,390.0,0.0,0.0,0.0,0.0,39
2023-05-09 21:01:36,CF311C17200,棉花2311购17200,370.0,0.0,0.0,0.0,10,45.0,1293.0,10,370.0,390.0,0.0,0.0,0.0,0.0,39
2023-05-09 21:01:38,CF311C17200,棉花2311购17200,370.0,0.0,0.0,0.0,2,46.0,1293.0,10,370.0,390.0,0.0,0.0,0.0,0.0,39
2023-05-09 21:01:38,CF311C17200,棉花2311购17200,370.0,0.0,0.0,0.0,1,49.0,1290.0,1,370.0,390.0,0.0,0.0,0.0,0.0,39
2023-05-09 21:01:38,CF311C17200,棉花2311购17200,370.0,0.0,0.0,0.0,10,50.0,1289.0,10,370.0,390.0,0.0,0.0,0.0,0.0,39
2023-05-09 21:01:39,CF311C17200,棉花2311购17200,370.0,0.0,0.0,0.0,1,53.0,1286.0,1,370.0,390.0,0.0,0.0,0.0,0.0,39
2023-05-09 21:01:40,CF311C17200,棉花2311购17200,370.0,0.0,0.0,0.0,12,54.0,1285.0,10,370.0,390.0,0.0,0.0,0.0,0.0,39
2023-05-09 21:01:43,CF311C17200,棉花2311购17200,370.0,0.0,0.0,0.0,1,57.0,1282.0,1,370.0,390.0,0.0,0.0,0.0,0.0,39
2023-05-09 21:01:44,CF311C17200,棉花2311购17200,370.0,0.0,0.0,0.0,12,58.0,1281.0,10,370.0,390.0,0.0,0.0,0.0,0.0,39
2023-05-09 21:01:44,CF311C17200,棉花2311购17200,370.0,0.0,0.0,0.0,1,61.0,1281.0,10,370.0,390.0,0.0,0.0,0.0,0.0,39
2023-05-09 21:01:44,CF311C17200,棉花2311购17200,370.0,0.0,0.0,0.0,10,62.0,1281.0,10,370.0,390.0,0.0,0.0,0.0,0.0,39
2023-05-09 21:01:45,CF311C17200,棉花2311购17200,370.0,0.0,0.0,0.0,1,65.0,1278.0,1,370.0,390.0,0.0,0.0,0.0,0.0,39
2023-05-09 21:01:46,CF311C17200,棉花2311购17200,370.0,0.0,0.0,0.0,12,66.0,1277.0,10,370.0,390.0,0.0,0.0,0.0,0.0,39
2023-05-09 21:01:46,CF311C17200,棉花2311购17200,370.0,0.0,0.0,0.0,12,66.0,1266.0,1,370.0,390.0,0.0,0.0,0.0,0.0,39
2023-05-09 21:01:46,CF311C17200,棉花2311购17200,370.0,0.0,0.0,0.0,12,66.0,1265.0,10,370.0,390.0,0.0,0.0,0.0,0.0,39
2023-05-09 21:01:48,CF311C17200,棉花2311购17200,370.0,0.0,0.0,0.0,1,69.0,1262.0,1,370.0,390.0,0.0,0.0,0.0,0.0,39
2023-05-09 21:01:48,CF311C17200,棉花2311购17200,370.0,0.0,0.0,0.0,12,70.0,1261.0,10,370.0,390.0,0.0,0.0,0.0,0.0,39
2023-05-09 21:01:53,CF311C17200,棉花2311购17200,370.0,0.0,0.0,0.0,1,73.0,1258.0,1,370.0,390.0,0.0,0.0,0.0,0.0,39
2023-05-09 21:01:54,CF311C17200,棉花2311购17200,370.0,0.0,0.0,0.0,10,74.0,1257.0,10,370.0,390.0,0.0,0.0,0.0,0.0,39
2023-05-09 21:01:54,CF311C17200,棉花2311购17200,370.0,0.0,0.0,0.0,1,77.0,1254.0,1,370.0,390.0,0.0,0.0,0.0,0.0,39
2023-05-09 21:01:55,CF311C17200,棉花2311购17200,370.0,0.0,0.0,0.0,10,78.0,1253.0,10,370.0,390.0,0.0,0.0,0.0,0.0,39
2023-05-09 21:01:56,CF311C17200,棉花2311购17200,370.0,0.0,0.0,0.0,10,78.0,1243.0,1,370.0,390.0,0.0,0.0,0.0,0.0,39
2023-05-09 21:01:56,CF311C17200,棉花2311购17200,370.0,0.0,0.0,0.0,2,79.0,1242.0,10,370.0,390.0,0.0,0.0,0.0,0.0,39
2023-05-09 21:01:57,CF311C17200,棉花2311购17200,370.0,0.0,0.0,0.0,1,82.0,1239.0,1,370.0,390.0,0.0,0.0,0.0,0.0,39
2023-05-09 21:01:57,CF311C17200,棉花2311购17200,370.0,0.0,0.0,0.0,10,83.0,1238.0,10,370.0,390.0,0.0,0.0,0.0,0.0,39
2023-05-09 21:01:58,CF311C17200,棉花2311购17200,370.0,0.0,0.0,0.0,2,84.0,1238.0,10,370.0,390.0,0.0,0.0,0.0,0.0,39
2023-05-09 21:01:58,CF311C17200,棉花2311购17200,370.0,0.0,0.0,0.0,1,87.0,1235.0,1,370.0,390.0,0.0,0.0,0.0,0.0,39
2023-05-09 21:01:59,CF311C17200,棉花2311购17200,370.0,0.0,0.0,0.0,10,88.0,1234.0,10,370.0,390.0,0.0,0.0,0.0,0.0,39
2023-05-09 21:02:00,CF311C17200,棉花2311购17200,370.0,0.0,0.0,0.0,2,89.0,1234.0,10,370.0,390.0,0.0,0.0,0.0,0.0,39
2023-05-09 21:02:00,CF311C17200,棉花2311购17200,370.0,0.0,0.0,0.0,10,90.0,1234.0,10,370.0,390.0,0.0,0.0,0.0,0.0,39
2023-05-09 21:02:02,CF311C17200,棉花2311购17200,370.0,0.0,0.0,0.0,2,91.0,1234.0,10,370.0,390.0,0.0,0.0,0.0,0.0,39
2023-05-09 21:02:02,CF311C17200,棉花2311购17200,370.0,0.0,0.0,0.0,10,92.0,1234.0,10,370.0,390.0,0.0,0.0,0.0,0.0,39
2023-05-09 21:02:04,CF311C17200,棉花2311购17200,370.0,0.0,0.0,0.0,2,93.0,1234.0,10,370.0,390.0,0.0,0.0,0.0,0.0,39
2023-05-09 21:02:04,CF311C17200,棉花2311购17200,370.0,0.0,0.0,0.0,10,94.0,1234.0,10,370.0,390.0,0.0,0.0,0.0,0.0,39
2023-05-09 21:02:04,CF311C17200,棉花2311购17200,370.0,0.0,0.0,0.0,10,94.0,1223.0,1,370.0,390.0,0.0,0.0,0.0,0.0,39
2023-05-09 21:02:05,CF311C17200,棉花2311购17200,370.0,0.0,0.0,0.0,10,94.0,1222.0,10,370.0,390.0,0.0,0.0,0.0,0.0,39
2023-05-09 21:02:06,CF311C17200,棉花2311购17200,370.0,0.0,0.0,0.0,2,95.0,1222.0,10,370.0,390.0,0.0,0.0,0.0,0.0,39
2023-05-09 21:02:06,CF311C17200,棉花2311购17200,370.0,0.0,0.0,0.0,10,96.0,1222.0,10,370.0,390.0,0.0,0.0,0.0,0.0,39
2023-05-09 21:02:08,CF311C17200,棉花2311购17200,370.0,0.0,0.0,0.0,2,97.0,1222.0,10,370.0,390.0,0.0,0.0,0.0,0.0,39
2023-05-09 21:02:08,CF311C17200,棉花2311购17200,370.0,0.0,0.0,0.0,10,98.0,1211.0,1,370.0,390.0,0.0,0.0,0.0,0.0,39
2023-05-09 21:02:08,CF311C17200,棉花2311购17200,370.0,0.0,0.0,0.0,10,98.0,1210.0,10,370.0,390.0,0.0,0.0,0.0,0.0,39
2023-05-09 21:02:09,CF311C17200,棉花2311购17200,370.0,0.0,0.0,0.0,3,311.0,340.0,3,370.0,390.0,0.0,0.0,0.0,0.0,39
2023-05-09 21:02:10,CF311C17200,棉花2311购17200,370.0,0.0,0.0,0.0,3,318.0,340.0,3,370.0,390.0,0.0,0.0,0.0,0.0,39
2023-05-09 21:02:14,CF311C17200,棉花2311购17200,370.0,0.0,0.0,0.0,3,318.0,340.0,6,370.0,390.0,0.0,0.0,0.0,0.0,39
2023-05-09 21:02:18,CF311C17200,棉花2311购17200,370.0,0.0,0.0,0.0,3,318.0,340.0,9,370.0,390.0,0.0,0.0,0.0,0.0,39
2023-05-09 21:02:20,CF311C17200,棉花2311购17200,370.0,0.0,0.0,0.0,3,318.0,340.0,6,370.0,390.0,0.0,0.0,0.0,0.0,39
2023-05-09 21:02:22,CF311C17200,棉花2311购17200,370.0,0.0,0.0,0.0,9,317.0,340.0,6,370.0,390.0,0.0,0.0,0.0,0.0,39
2023-05-09 21:02:27,CF311C17200,棉花2311购17200,370.0,0.0,0.0,0.0,9,317.0,340.0,3,370.0,390.0,0.0,0.0,0.0,0.0,39
2023-05-09 21:02:28,CF311C17200,棉花2311购17200,370.0,0.0,0.0,0.0,6,317.0,340.0,3,370.0,390.0,0.0,0.0,0.0,0.0,39
2023-05-09 21:02:30,CF311C17200,棉花2311购17200,370.0,0.0,0.0,0.0,3,317.0,341.0,3,370.0,390.0,0.0,0.0,0.0,0.0,39
2023-05-09 21:02:32,CF311C17200,棉花2311购17200,370.0,0.0,0.0,0.0,3,313.0,344.0,3,370.0,390.0,0.0,0.0,0.0,0.0,39
2023-05-09 21:02:34,CF311C17200,棉花2311购17200,370.0,0.0,0.0,0.0,10,274.0,0.0,0,370.0,390.0,0.0,0.0,0.0,0.0,39
2023-05-09 21:02:35,CF311C17200,棉花2311购17200,370.0,0.0,0.0,0.0,10,274.0,1325.0,10,370.0,390.0,0.0,0.0,0.0,0.0,39
2023-05-09 21:02:36,CF311C17200,棉花2311购17200,370.0,0.0,0.0,0.0,10,274.0,1314.0,1,370.0,390.0,0.0,0.0,0.0,0.0,39
2023-05-09 21:02:37,CF311C17200,棉花2311购17200,370.0,0.0,0.0,0.0,10,274.0,1313.0,10,370.0,390.0,0.0,0.0,0.0,0.0,39
2023-05-09 21:02:37,CF311C17200,棉花2311购17200,370.0,0.0,0.0,0.0,10,274.0,1310.0,1,370.0,390.0,0.0,0.0,0.0,0.0,39
2023-05-09 21:02:38,CF311C17200,棉花2311购17200,370.0,0.0,0.0,0.0,10,274.0,1309.0,10,370.0,390.0,0.0,0.0,0.0,0.0,39
2023-05-09 21:02:43,CF311C17200,棉花2311购17200,370.0,0.0,0.0,0.0,10,274.0,1306.0,1,370.0,390.0,0.0,0.0,0.0,0.0,39
2023-05-09 21:02:43,CF311C17200,棉花2311购17200,370.0,0.0,0.0,0.0,10,274.0,1305.0,10,370.0,390.0,0.0,0.0,0.0,0.0,39
2023-05-09 21:02:43,CF311C17200,棉花2311购17200,370.0,0.0,0.0,0.0,10,274.0,1302.0,1,370.0,390.0,0.0,0.0,0.0,0.0,39
2023-05-09 21:02:44,CF311C17200,棉花2311购17200,370.0,0.0,0.0,0.0,10,274.0,1301.0,10,370.0,390.0,0.0,0.0,0.0,0.0,39
2023-05-09 21:02:45,CF311C17200,棉花2311购17200,370.0,0.0,0.0,0.0,10,274.0,1290.0,1,370.0,390.0,0.0,0.0,0.0,0.0,39
2023-05-09 21:02:46,CF311C17200,棉花2311购17200,370.0,0.0,0.0,0.0,10,274.0,1287.0,1,370.0,390.0,0.0,0.0,0.0,0.0,39
2023-05-09 21:02:46,CF311C17200,棉花2311购17200,370.0,0.0,0.0,0.0,10,274.0,1286.0,10,370.0,390.0,0.0,0.0,0.0,0.0,39
2023-05-09 21:02:46,CF311C17200,棉花2311购17200,370.0,0.0,0.0,0.0,10,274.0,1287.0,1,370.0,390.0,0.0,0.0,0.0,0.0,39
2023-05-09 21:02:46,CF311C17200,棉花2311购17200,370.0,0.0,0.0,0.0,10,274.0,1286.0,10,370.0,390.0,0.0,0.0,0.0,0.0,39
2023-05-09 21:02:53,CF311C17200,棉花2311购17200,370.0,0.0,0.0,0.0,10,274.0,1283.0,1,370.0,390.0,0.0,0.0,0.0,0.0,39
2023-05-09 21:02:53,CF311C17200,棉花2311购17200,370.0,0.0,0.0,0.0,10,274.0,1282.0,10,370.0,390.0,0.0,0.0,0.0,0.0,39
2023-05-09 21:02:54,CF311C17200,棉花2311购17200,370.0,0.0,0.0,0.0,10,274.0,1275.0,1,370.0,390.0,0.0,0.0,0.0,0.0,39
2023-05-09 21:02:55,CF311C17200,棉花2311购17200,370.0,0.0,0.0,0.0,10,274.0,1272.0,1,370.0,390.0,0.0,0.0,0.0,0.0,39
2023-05-09 21:02:55,CF311C17200,棉花2311购17200,370.0,0.0,0.0,0.0,10,274.0,1271.0,10,370.0,390.0,0.0,0.0,0.0,0.0,39
2023-05-09 21:02:56,CF311C17200,棉花2311购17200,370.0,0.0,0.0,0.0,10,274.0,1268.0,1,370.0,390.0,0.0,0.0,0.0,0.0,39
2023-05-09 21:02:56,CF311C17200,棉花2311购17200,370.0,0.0,0.0,0.0,10,274.0,1267.0,10,370.0,390.0,0.0,0.0,0.0,0.0,39
2023-05-09 21:02:57,CF311C17200,棉花2311购17200,370.0,0.0,0.0,0.0,10,274.0,1264.0,1,370.0,390.0,0.0,0.0,0.0,0.0,39
2023-05-09 21:02:57,CF311C17200,棉花2311购17200,370.0,0.0,0.0,0.0,10,274.0,1263.0,10,370.0,390.0,0.0,0.0,0.0,0.0,39
2023-05-09 21:02:58,CF311C17200,棉花2311购17200,370.0,0.0,0.0,0.0,1,278.0,1260.0,1,370.0,390.0,0.0,0.0,0.0,0.0,39
2023-05-09 21:02:58,CF311C17200,棉花2311购17200,370.0,0.0,0.0,0.0,10,279.0,1259.0,10,370.0,390.0,0.0,0.0,0.0,0.0,39
2023-05-09 21:03:04,CF311C17200,棉花2311购17200,370.0,0.0,0.0,0.0,1,282.0,1256.0,1,370.0,390.0,0.0,0.0,0.0,0.0,39
2023-05-09 21:03:04,CF311C17200,棉花2311购17200,370.0,0.0,0.0,0.0,10,283.0,1255.0,10,370.0,390.0,0.0,0.0,0.0,0.0,39
2023-05-09 21:03:05,CF311C17200,棉花2311购17200,370.0,0.0,0.0,0.0,10,283.0,1248.0,1,370.0,390.0,0.0,0.0,0.0,0.0,39
2023-05-09 21:03:05,CF311C17200,棉花2311购17200,370.0,0.0,0.0,0.0,10,283.0,1245.0,1,370.0,390.0,0.0,0.0,0.0,0.0,39
2023-05-09 21:03:06,CF311C17200,棉花2311购17200,370.0,0.0,0.0,0.0,10,283.0,1244.0,10,370.0,390.0,0.0,0.0,0.0,0.0,39
2023-05-09 21:03:06,CF311C17200,棉花2311购17200,370.0,0.0,0.0,0.0,10,283.0,1241.0,1,370.0,390.0,0.0,0.0,0.0,0.0,39
2023-05-09 21:03:07,CF311C17200,棉花2311购17200,370.0,0.0,0.0,0.0,10,283.0,1240.0,10,370.0,390.0,0.0,0.0,0.0,0.0,39
2023-05-09 21:03:10,CF311C17200,棉花2311购17200,370.0,0.0,0.0,0.0,10,283.0,1229.0,1,370.0,390.0,0.0,0.0,0.0,0.0,39
2023-05-09 21:03:10,CF311C17200,棉花2311购17200,370.0,0.0,0.0,0.0,10,283.0,1228.0,10,370.0,390.0,0.0,0.0,0.0,0.0,39
2023-05-09 21:03:10,CF311C17200,棉花2311购17200,370.0,0.0,0.0,0.0,10,283.0,1225.0,1,370.0,390.0,0.0,0.0,0.0,0.0,39
2023-05-09 21:03:11,CF311C17200,棉花2311购17200,370.0,0.0,0.0,0.0,10,283.0,1224.0,10,370.0,390.0,0.0,0.0,0.0,0.0,39
2023-05-09 21:03:11,CF311C17200,棉花2311购17200,370.0,0.0,0.0,0.0,10,283.0,1221.0,1,370.0,390.0,0.0,0.0,0.0,0.0,39
2023-05-09 21:03:12,CF311C17200,棉花2311购17200,370.0,0.0,0.0,0.0,10,283.0,1220.0,10,370.0,390.0,0.0,0.0,0.0,0.0,39
2023-05-09 21:03:15,CF311C17200,棉花2311购17200,370.0,0.0,0.0,0.0,10,283.0,1217.0,1,370.0,390.0,0.0,0.0,0.0,0.0,39
2023-05-09 21:03:16,CF311C17200,棉花2311购17200,370.0,0.0,0.0,0.0,10,283.0,1216.0,10,370.0,390.0,0.0,0.0,0.0,0.0,39
2023-05-09 21:03:16,CF311C17200,棉花2311购17200,370.0,0.0,0.0,0.0,10,283.0,1213.0,1,370.0,390.0,0.0,0.0,0.0,0.0,39
2023-05-09 21:03:17,CF311C17200,棉花2311购17200,370.0,0.0,0.0,0.0,10,283.0,1212.0,10,370.0,390.0,0.0,0.0,0.0,0.0,39
2023-05-09 21:03:17,CF311C17200,棉花2311购17200,370.0,0.0,0.0,0.0,10,283.0,1209.0,1,370.0,390.0,0.0,0.0,0.0,0.0,39
2023-05-09 21:03:18,CF311C17200,棉花2311购17200,370.0,0.0,0.0,0.0,10,283.0,1208.0,10,370.0,390.0,0.0,0.0,0.0,0.0,39
2023-05-09 21:03:20,CF311C17200,棉花2311购17200,370.0,0.0,0.0,0.0,10,283.0,1205.0,1,370.0,390.0,0.0,0.0,0.0,0.0,39
2023-05-09 21:03:21,CF311C17200,棉花2311购17200,370.0,0.0,0.0,0.0,10,283.0,1204.0,10,370.0,390.0,0.0,0.0,0.0,0.0,39
2023-05-09 21:03:21,CF311C17200,棉花2311购17200,370.0,0.0,0.0,0.0,10,283.0,1201.0,1,370.0,390.0,0.0,0.0,0.0,0.0,39
2023-05-09 21:03:22,CF311C17200,棉花2311购17200,370.0,0.0,0.0,0.0,10,283.0,1200.0,10,370.0,390.0,0.0,0.0,0.0,0.0,39
2023-05-09 21:03:22,CF311C17200,棉花2311购17200,370.0,0.0,0.0,0.0,10,283.0,1197.0,1,370.0,390.0,0.0,0.0,0.0,0.0,39
2023-05-09 21:03:23,CF311C17200,棉花2311购17200,370.0,0.0,0.0,0.0,10,283.0,1196.0,10,370.0,390.0,0.0,0.0,0.0,0.0,39
2023-05-09 21:03:26,CF311C17200,棉花2311购17200,370.0,0.0,0.0,0.0,10,283.0,1185.0,1,370.0,390.0,0.0,0.0,0.0,0.0,39
2023-05-09 21:03:26,CF311C17200,棉花2311购17200,370.0,0.0,0.0,0.0,10,283.0,1182.0,1,370.0,390.0,0.0,0.0,0.0,0.0,39
2023-05-09 21:03:26,CF311C17200,棉花2311购17200,370.0,0.0,0.0,0.0,10,283.0,1181.0,10,370.0,390.0,0.0,0.0,0.0,0.0,39
2023-05-09 21:03:27,CF311C17200,棉花2311购17200,370.0,0.0,0.0,0.0,10,283.0,1178.0,1,370.0,390.0,0.0,0.0,0.0,0.0,39
2023-05-09 21:03:27,CF311C17200,棉花2311购17200,370.0,0.0,0.0,0.0,10,283.0,1177.0,10,370.0,390.0,0.0,0.0,0.0,0.0,39
2023-05-09 21:03:29,CF311C17200,棉花2311购17200,370.0,0.0,0.0,0.0,10,283.0,1174.0,1,370.0,390.0,0.0,0.0,0.0,0.0,39
2023-05-09 21:03:29,CF311C17200,棉花2311购17200,370.0,0.0,0.0,0.0,10,283.0,1173.0,10,370.0,390.0,0.0,0.0,0.0,0.0,39
2023-05-09 21:03:32,CF311C17200,棉花2311购17200,370.0,0.0,0.0,0.0,10,283.0,1162.0,1,370.0,390.0,0.0,0.0,0.0,0.0,39
2023-05-09 21:03:32,CF311C17200,棉花2311购17200,370.0,0.0,0.0,0.0,10,283.0,1159.0,1,370.0,390.0,0.0,0.0,0.0,0.0,39
2023-05-09 21:03:32,CF311C17200,棉花2311购17200,370.0,0.0,0.0,0.0,10,283.0,1162.0,1,370.0,390.0,0.0,0.0,0.0,0.0,39
2023-05-09 21:03:32,CF311C17200,棉花2311购17200,370.0,0.0,0.0,0.0,10,283.0,1159.0,1,370.0,390.0,0.0,0.0,0.0,0.0,39
2023-05-09 21:03:33,CF311C17200,棉花2311购17200,370.0,0.0,0.0,0.0,10,283.0,1158.0,10,370.0,390.0,0.0,0.0,0.0,0.0,39
2023-05-09 21:03:36,CF311C17200,棉花2311购17200,370.0,0.0,0.0,0.0,10,283.0,1155.0,1,370.0,390.0,0.0,0.0,0.0,0.0,39
2023-05-09 21:03:37,CF311C17200,棉花2311购17200,370.0,0.0,0.0,0.0,10,283.0,1154.0,10,370.0,390.0,0.0,0.0,0.0,0.0,39
2023-05-09 21:03:38,CF311C17200,棉花2311购17200,370.0,0.0,0.0,0.0,10,283.0,1147.0,1,370.0,390.0,0.0,0.0,0.0,0.0,39
2023-05-09 21:03:38,CF311C17200,棉花2311购17200,370.0,0.0,0.0,0.0,10,283.0,1146.0,10,370.0,390.0,0.0,0.0,0.0,0.0,39
2023-05-09 21:03:40,CF311C17200,棉花2311购17200,370.0,0.0,0.0,0.0,10,283.0,1143.0,1,370.0,390.0,0.0,0.0,0.0,0.0,39
2023-05-09 21:03:41,CF311C17200,棉花2311购17200,370.0,0.0,0.0,0.0,10,283.0,1142.0,10,370.0,390.0,0.0,0.0,0.0,0.0,39
2023-05-09 21:03:43,CF311C17200,棉花2311购17200,370.0,0.0,0.0,0.0,10,283.0,1131.0,1,370.0,390.0,0.0,0.0,0.0,0.0,39
2023-05-09 21:03:44,CF311C17200,棉花2311购17200,370.0,0.0,0.0,0.0,10,283.0,1128.0,1,370.0,390.0,0.0,0.0,0.0,0.0,39
2023-05-09 21:03:44,CF311C17200,棉花2311购17200,370.0,0.0,0.0,0.0,10,283.0,1127.0,10,370.0,390.0,0.0,0.0,0.0,0.0,39
2023-05-09 21:03:47,CF311C17200,棉花2311购17200,370.0,0.0,0.0,0.0,10,283.0,1124.0,1,370.0,390.0,0.0,0.0,0.0,0.0,39
2023-05-09 21:03:48,CF311C17200,棉花2311购17200,370.0,0.0,0.0,0.0,10,283.0,1123.0,10,370.0,390.0,0.0,0.0,0.0,0.0,39
2023-05-09 21:03:48,CF311C17200,棉花2311购17200,370.0,0.0,0.0,0.0,10,283.0,1120.0,1,370.0,390.0,0.0,0.0,0.0,0.0,39
2023-05-09 21:03:49,CF311C17200,棉花2311购17200,370.0,0.0,0.0,0.0,10,283.0,1119.0,10,370.0,390.0,0.0,0.0,0.0,0.0,39
2023-05-09 21:03:51,CF311C17200,棉花2311购17200,370.0,0.0,0.0,0.0,10,283.0,1116.0,1,370.0,390.0,0.0,0.0,0.0,0.0,39
2023-05-09 21:03:52,CF311C17200,棉花2311购17200,370.0,0.0,0.0,0.0,10,283.0,1108.0,1,370.0,390.0,0.0,0.0,0.0,0.0,39
2023-05-09 21:03:52,CF311C17200,棉花2311购17200,370.0,0.0,0.0,0.0,10,283.0,1107.0,10,370.0,390.0,0.0,0.0,0.0,0.0,39
2023-05-09 21:03:54,CF311C17200,棉花2311购17200,370.0,0.0,0.0,0.0,10,283.0,1104.0,1,370.0,390.0,0.0,0.0,0.0,0.0,39
2023-05-09 21:03:54,CF311C17200,棉花2311购17200,370.0,0.0,0.0,0.0,10,283.0,1103.0,10,370.0,390.0,0.0,0.0,0.0,0.0,39
2023-05-09 21:03:57,CF311C17200,棉花2311购17200,370.0,0.0,0.0,0.0,10,283.0,1100.0,1,370.0,390.0,0.0,0.0,0.0,0.0,39
2023-05-09 21:03:57,CF311C17200,棉花2311购17200,370.0,0.0,0.0,0.0,10,283.0,1099.0,10,370.0,390.0,0.0,0.0,0.0,0.0,39
2023-05-09 21:03:57,CF311C17200,棉花2311购17200,370.0,0.0,0.0,0.0,10,283.0,1100.0,1,370.0,390.0,0.0,0.0,0.0,0.0,39
2023-05-09 21:03:57,CF311C17200,棉花2311购17200,370.0,0.0,0.0,0.0,10,283.0,1099.0,10,370.0,390.0,0.0,0.0,0.0,0.0,39
2023-05-09 21:03:58,CF311C17200,棉花2311购17200,370.0,0.0,0.0,0.0,10,283.0,1092.0,1,370.0,390.0,0.0,0.0,0.0,0.0,39
2023-05-09 21:03:58,CF311C17200,棉花2311购17200,370.0,0.0,0.0,0.0,10,283.0,1088.0,10,370.0,390.0,0.0,0.0,0.0,0.0,39
2023-05-09 21:04:02,CF311C17200,棉花2311购17200,370.0,0.0,0.0,0.0,10,283.0,1085.0,1,370.0,390.0,0.0,0.0,0.0,0.0,39
2023-05-09 21:04:02,CF311C17200,棉花2311购17200,370.0,0.0,0.0,0.0,10,283.0,1084.0,10,370.0,390.0,0.0,0.0,0.0,0.0,39
2023-05-09 21:04:04,CF311C17200,棉花2311购17200,370.0,0.0,0.0,0.0,10,283.0,1081.0,1,370.0,390.0,0.0,0.0,0.0,0.0,39
2023-05-09 21:04:04,CF311C17200,棉花2311购17200,370.0,0.0,0.0,0.0,10,283.0,1080.0,10,370.0,390.0,0.0,0.0,0.0,0.0,39
2023-05-09 21:04:05,CF311C17200,棉花2311购17200,370.0,0.0,0.0,0.0,10,283.0,1073.0,1,370.0,390.0,0.0,0.0,0.0,0.0,39
2023-05-09 21:04:05,CF311C17200,棉花2311购17200,370.0,0.0,0.0,0.0,10,283.0,1072.0,10,370.0,390.0,0.0,0.0,0.0,0.0,39
2023-05-09 21:04:06,CF311C17200,棉花2311购17200,370.0,0.0,0.0,0.0,10,283.0,1069.0,1,370.0,390.0,0.0,0.0,0.0,0.0,39
2023-05-09 21:04:06,CF311C17200,棉花2311购17200,370.0,0.0,0.0,0.0,10,283.0,1068.0,10,370.0,390.0,0.0,0.0,0.0,0.0,39
2023-05-09 21:04:09,CF311C17200,棉花2311购17200,370.0,0.0,0.0,0.0,10,283.0,1065.0,1,370.0,390.0,0.0,0.0,0.0,0.0,39
2023-05-09 21:04:09,CF311C17200,棉花2311购17200,370.0,0.0,0.0,0.0,10,283.0,1064.0,10,370.0,390.0,0.0,0.0,0.0,0.0,39
2023-05-09 21:04:10,CF311C17200,棉花2311购17200,370.0,0.0,0.0,0.0,10,283.0,1061.0,1,370.0,390.0,0.0,0.0,0.0,0.0,39
2023-05-09 21:04:10,CF311C17200,棉花2311购17200,370.0,0.0,0.0,0.0,10,283.0,1060.0,10,370.0,390.0,0.0,0.0,0.0,0.0,39
2023-05-09 21:04:11,CF311C17200,棉花2311购17200,370.0,0.0,0.0,0.0,10,283.0,1057.0,1,370.0,390.0,0.0,0.0,0.0,0.0,39
2023-05-09 21:04:11,CF311C17200,棉花2311购17200,370.0,0.0,0.0,0.0,10,283.0,1056.0,10,370.0,390.0,0.0,0.0,0.0,0.0,39
2023-05-09 21:04:12,CF311C17200,棉花2311购17200,370.0,0.0,0.0,0.0,10,283.0,1053.0,1,370.0,390.0,0.0,0.0,0.0,0.0,39
2023-05-09 21:04:12,CF311C17200,棉花2311购17200,370.0,0.0,0.0,0.0,10,283.0,1052.0,10,370.0,390.0,0.0,0.0,0.0,0.0,39
2023-05-09 21:04:15,CF311C17200,棉花2311购17200,370.0,0.0,0.0,0.0,10,283.0,1049.0,1,370.0,390.0,0.0,0.0,0.0,0.0,39
2023-05-09 21:04:15,CF311C17200,棉花2311购17200,370.0,0.0,0.0,0.0,10,283.0,1048.0,10,370.0,390.0,0.0,0.0,0.0,0.0,39
2023-05-09 21:04:16,CF311C17200,棉花2311购17200,370.0,0.0,0.0,0.0,10,283.0,1045.0,1,370.0,390.0,0.0,0.0,0.0,0.0,39
2023-05-09 21:04:16,CF311C17200,棉花2311购17200,370.0,0.0,0.0,0.0,10,283.0,1044.0,10,370.0,390.0,0.0,0.0,0.0,0.0,39
2023-05-09 21:04:17,CF311C17200,棉花2311购17200,370.0,0.0,0.0,0.0,10,283.0,1037.0,1,370.0,390.0,0.0,0.0,0.0,0.0,39
2023-05-09 21:04:18,CF311C17200,棉花2311购17200,370.0,0.0,0.0,0.0,10,283.0,1034.0,1,370.0,390.0,0.0,0.0,0.0,0.0,39
2023-05-09 21:04:18,CF311C17200,棉花2311购17200,370.0,0.0,0.0,0.0,10,283.0,1033.0,10,370.0,390.0,0.0,0.0,0.0,0.0,39
2023-05-09 21:04:19,CF311C17200,棉花2311购17200,370.0,0.0,0.0,0.0,10,283.0,1030.0,1,370.0,390.0,0.0,0.0,0.0,0.0,39
2023-05-09 21:04:19,CF311C17200,棉花2311购17200,370.0,0.0,0.0,0.0,10,283.0,1029.0,10,370.0,390.0,0.0,0.0,0.0,0.0,39
2023-05-09 21:04:20,CF311C17200,棉花2311购17200,370.0,0.0,0.0,0.0,10,283.0,1026.0,1,370.0,390.0,0.0,0.0,0.0,0.0,39
2023-05-09 21:04:20,CF311C17200,棉花2311购17200,370.0,0.0,0.0,0.0,10,283.0,1025.0,10,370.0,390.0,0.0,0.0,0.0,0.0,39
2023-05-09 21:04:21,CF311C17200,棉花2311购17200,370.0,0.0,0.0,0.0,10,283.0,1022.0,1,370.0,390.0,0.0,0.0,0.0,0.0,39
2023-05-09 21:04:21,CF311C17200,棉花2311购17200,370.0,0.0,0.0,0.0,10,283.0,1021.0,10,370.0,390.0,0.0,0.0,0.0,0.0,39
2023-05-09 21:04:23,CF311C17200,棉花2311购17200,370.0,0.0,0.0,0.0,10,283.0,1010.0,1,370.0,390.0,0.0,0.0,0.0,0.0,39
2023-05-09 21:04:24,CF311C17200,棉花2311购17200,370.0,0.0,0.0,0.0,10,283.0,1009.0,10,370.0,390.0,0.0,0.0,0.0,0.0,39
2023-05-09 21:04:26,CF311C17200,棉花2311购17200,370.0,0.0,0.0,0.0,10,283.0,1006.0,1,370.0,390.0,0.0,0.0,0.0,0.0,39
2023-05-09 21:04:27,CF311C17200,棉花2311购17200,370.0,0.0,0.0,0.0,10,283.0,1005.0,10,370.0,390.0,0.0,0.0,0.0,0.0,39
2023-05-09 21:04:28,CF311C17200,棉花2311购17200,370.0,0.0,0.0,0.0,10,283.0,995.0,1,370.0,390.0,0.0,0.0,0.0,0.0,39
2023-05-09 21:04:29,CF311C17200,棉花2311购17200,370.0,0.0,0.0,0.0,10,283.0,994.0,10,370.0,390.0,0.0,0.0,0.0,0.0,39
2023-05-09 21:04:29,CF311C17200,棉花2311购17200,370.0,0.0,0.0,0.0,10,283.0,991.0,1,370.0,390.0,0.0,0.0,0.0,0.0,39
2023-05-09 21:04:30,CF311C17200,棉花2311购17200,370.0,0.0,0.0,0.0,10,283.0,990.0,10,370.0,390.0,0.0,0.0,0.0,0.0,39
2023-05-09 21:04:30,CF311C17200,棉花2311购17200,370.0,0.0,0.0,0.0,10,283.0,987.0,1,370.0,390.0,0.0,0.0,0.0,0.0,39
2023-05-09 21:04:31,CF311C17200,棉花2311购17200,370.0,0.0,0.0,0.0,10,283.0,986.0,10,370.0,390.0,0.0,0.0,0.0,0.0,39
2023-05-09 21:04:31,CF311C17200,棉花2311购17200,370.0,0.0,0.0,0.0,10,283.0,983.0,1,370.0,390.0,0.0,0.0,0.0,0.0,39
2023-05-09 21:04:32,CF311C17200,棉花2311购17200,370.0,0.0,0.0,0.0,10,283.0,982.0,10,370.0,390.0,0.0,0.0,0.0,0.0,39
2023-05-09 21:04:33,CF311C17200,棉花2311购17200,370.0,0.0,0.0,0.0,10,283.0,971.0,1,370.0,390.0,0.0,0.0,0.0,0.0,39
2023-05-09 21:04:34,CF311C17200,棉花2311购17200,370.0,0.0,0.0,0.0,10,283.0,970.0,10,370.0,390.0,0.0,0.0,0.0,0.0,39
2023-05-09 21:04:34,CF311C17200,棉花2311购17200,370.0,0.0,0.0,0.0,10,283.0,967.0,1,370.0,390.0,0.0,0.0,0.0,0.0,39
2023-05-09 21:04:35,CF311C17200,棉花2311购17200,370.0,0.0,0.0,0.0,10,283.0,966.0,10,370.0,390.0,0.0,0.0,0.0,0.0,39
2023-05-09 21:04:36,CF311C17200,棉花2311购17200,370.0,0.0,0.0,0.0,10,283.0,963.0,1,370.0,390.0,0.0,0.0,0.0,0.0,39
2023-05-09 21:04:37,CF311C17200,棉花2311购17200,370.0,0.0,0.0,0.0,10,283.0,962.0,10,370.0,390.0,0.0,0.0,0.0,0.0,39
2023-05-09 21:04:38,CF311C17200,棉花2311购17200,370.0,0.0,0.0,0.0,10,283.0,959.0,1,370.0,390.0,0.0,0.0,0.0,0.0,39
2023-05-09 21:04:39,CF311C17200,棉花2311购17200,370.0,0.0,0.0,0.0,10,283.0,958.0,10,370.0,390.0,0.0,0.0,0.0,0.0,39
2023-05-09 21:04:39,CF311C17200,棉花2311购17200,370.0,0.0,0.0,0.0,10,283.0,955.0,1,370.0,390.0,0.0,0.0,0.0,0.0,39
2023-05-09 21:04:40,CF311C17200,棉花2311购17200,370.0,0.0,0.0,0.0,10,283.0,954.0,10,370.0,390.0,0.0,0.0,0.0,0.0,39
2023-05-09 21:04:41,CF311C17200,棉花2311购17200,370.0,0.0,0.0,0.0,10,283.0,947.0,1,370.0,390.0,0.0,0.0,0.0,0.0,39
2023-05-09 21:04:41,CF311C17200,棉花2311购17200,370.0,0.0,0.0,0.0,10,283.0,946.0,10,370.0,390.0,0.0,0.0,0.0,0.0,39
2023-05-09 21:04:43,CF311C17200,棉花2311购17200,370.0,0.0,0.0,0.0,10,283.0,943.0,1,370.0,390.0,0.0,0.0,0.0,0.0,39
2023-05-09 21:04:44,CF311C17200,棉花2311购17200,370.0,0.0,0.0,0.0,10,283.0,942.0,10,370.0,390.0,0.0,0.0,0.0,0.0,39
2023-05-09 21:04:44,CF311C17200,棉花2311购17200,370.0,0.0,0.0,0.0,10,283.0,935.0,1,370.0,390.0,0.0,0.0,0.0,0.0,39
2023-05-09 21:04:45,CF311C17200,棉花2311购17200,370.0,0.0,0.0,0.0,10,283.0,932.0,1,370.0,390.0,0.0,0.0,0.0,0.0,39
2023-05-09 21:04:45,CF311C17200,棉花2311购17200,370.0,0.0,0.0,0.0,10,283.0,931.0,10,370.0,390.0,0.0,0.0,0.0,0.0,39
2023-05-09 21:04:46,CF311C17200,棉花2311购17200,370.0,0.0,0.0,0.0,10,283.0,928.0,1,370.0,390.0,0.0,0.0,0.0,0.0,39
2023-05-09 21:04:46,CF311C17200,棉花2311购17200,370.0,0.0,0.0,0.0,10,283.0,927.0,10,370.0,390.0,0.0,0.0,0.0,0.0,39
2023-05-09 21:04:47,CF311C17200,棉花2311购17200,370.0,0.0,0.0,0.0,10,283.0,924.0,1,370.0,390.0,0.0,0.0,0.0,0.0,39
2023-05-09 21:04:47,CF311C17200,棉花2311购17200,370.0,0.0,0.0,0.0,10,283.0,923.0,10,370.0,390.0,0.0,0.0,0.0,0.0,39
2023-05-09 21:04:48,CF311C17200,棉花2311购17200,370.0,0.0,0.0,0.0,10,283.0,920.0,1,370.0,390.0,0.0,0.0,0.0,0.0,39
2023-05-09 21:04:48,CF311C17200,棉花2311购17200,370.0,0.0,0.0,0.0,10,283.0,919.0,10,370.0,390.0,0.0,0.0,0.0,0.0,39
2023-05-09 21:04:50,CF311C17200,棉花2311购17200,370.0,0.0,0.0,0.0,10,283.0,908.0,1,370.0,390.0,0.0,0.0,0.0,0.0,39
2023-05-09 21:04:51,CF311C17200,棉花2311购17200,370.0,0.0,0.0,0.0,10,283.0,905.0,1,370.0,390.0,0.0,0.0,0.0,0.0,39
2023-05-09 21:04:51,CF311C17200,棉花2311购17200,370.0,0.0,0.0,0.0,10,283.0,904.0,10,370.0,390.0,0.0,0.0,0.0,0.0,39
2023-05-09 21:04:52,CF311C17200,棉花2311购17200,370.0,0.0,0.0,0.0,10,283.0,901.0,1,370.0,390.0,0.0,0.0,0.0,0.0,39
2023-05-09 21:04:52,CF311C17200,棉花2311购17200,370.0,0.0,0.0,0.0,10,283.0,900.0,10,370.0,390.0,0.0,0.0,0.0,0.0,39
2023-05-09 21:04:53,CF311C17200,棉花2311购17200,370.0,0.0,0.0,0.0,10,283.0,897.0,1,370.0,390.0,0.0,0.0,0.0,0.0,39
2023-05-09 21:04:53,CF311C17200,棉花2311购17200,370.0,0.0,0.0,0.0,10,283.0,896.0,10,370.0,390.0,0.0,0.0,0.0,0.0,39
2023-05-09 21:04:56,CF311C17200,棉花2311购17200,370.0,0.0,0.0,0.0,10,283.0,893.0,1,370.0,390.0,0.0,0.0,0.0,0.0,39
2023-05-09 21:04:56,CF311C17200,棉花2311购17200,370.0,0.0,0.0,0.0,10,283.0,892.0,10,370.0,390.0,0.0,0.0,0.0,0.0,39
2023-05-09 21:04:57,CF311C17200,棉花2311购17200,370.0,0.0,0.0,0.0,10,283.0,889.0,1,370.0,390.0,0.0,0.0,0.0,0.0,39
2023-05-09 21:04:57,CF311C17200,棉花2311购17200,370.0,0.0,0.0,0.0,10,283.0,888.0,10,370.0,390.0,0.0,0.0,0.0,0.0,39
2023-05-09 21:04:58,CF311C17200,棉花2311购17200,370.0,0.0,0.0,0.0,10,283.0,885.0,1,370.0,390.0,0.0,0.0,0.0,0.0,39
2023-05-09 21:04:58,CF311C17200,棉花2311购17200,370.0,0.0,0.0,0.0,10,283.0,884.0,10,370.0,390.0,0.0,0.0,0.0,0.0,39
2023-05-09 21:05:00,CF311C17200,棉花2311购17200,370.0,0.0,0.0,0.0,10,283.0,881.0,1,370.0,390.0,0.0,0.0,0.0,0.0,39
2023-05-09 21:05:01,CF311C17200,棉花2311购17200,370.0,0.0,0.0,0.0,10,283.0,873.0,1,370.0,390.0,0.0,0.0,0.0,0.0,39
2023-05-09 21:05:01,CF311C17200,棉花2311购17200,370.0,0.0,0.0,0.0,10,283.0,869.0,10,370.0,390.0,0.0,0.0,0.0,0.0,39
2023-05-09 21:05:01,CF311C17200,棉花2311购17200,370.0,0.0,0.0,0.0,10,283.0,866.0,1,370.0,390.0,0.0,0.0,0.0,0.0,39
2023-05-09 21:05:02,CF311C17200,棉花2311购17200,370.0,0.0,0.0,0.0,10,283.0,865.0,10,370.0,390.0,0.0,0.0,0.0,0.0,39
2023-05-09 21:05:02,CF311C17200,棉花2311购17200,370.0,0.0,0.0,0.0,10,283.0,862.0,1,370.0,390.0,0.0,0.0,0.0,0.0,39
2023-05-09 21:05:03,CF311C17200,棉花2311购17200,370.0,0.0,0.0,0.0,10,283.0,861.0,10,370.0,390.0,0.0,0.0,0.0,0.0,39
2023-05-09 21:05:03,CF311C17200,棉花2311购17200,370.0,0.0,0.0,0.0,10,283.0,858.0,1,370.0,390.0,0.0,0.0,0.0,0.0,39
2023-05-09 21:05:03,CF311C17200,棉花2311购17200,370.0,0.0,0.0,0.0,10,283.0,861.0,10,370.0,390.0,0.0,0.0,0.0,0.0,39
2023-05-09 21:05:04,CF311C17200,棉花2311购17200,370.0,0.0,0.0,0.0,10,283.0,857.0,10,370.0,390.0,0.0,0.0,0.0,0.0,39
2023-05-09 21:05:04,CF311C17200,棉花2311购17200,370.0,0.0,0.0,0.0,10,283.0,854.0,1,370.0,390.0,0.0,0.0,0.0,0.0,39
2023-05-09 21:05:05,CF311C17200,棉花2311购17200,370.0,0.0,0.0,0.0,10,283.0,853.0,10,370.0,390.0,0.0,0.0,0.0,0.0,39
2023-05-09 21:05:05,CF311C17200,棉花2311购17200,370.0,0.0,0.0,0.0,10,283.0,850.0,1,370.0,390.0,0.0,0.0,0.0,0.0,39
2023-05-09 21:05:05,CF311C17200,棉花2311购17200,370.0,0.0,0.0,0.0,10,283.0,853.0,10,370.0,390.0,0.0,0.0,0.0,0.0,39
2023-05-09 21:05:06,CF311C17200,棉花2311购17200,370.0,0.0,0.0,0.0,10,283.0,842.0,1,370.0,390.0,0.0,0.0,0.0,0.0,39
2023-05-09 21:05:06,CF311C17200,棉花2311购17200,370.0,0.0,0.0,0.0,10,283.0,841.0,10,370.0,390.0,0.0,0.0,0.0,0.0,39
2023-05-09 21:05:06,CF311C17200,棉花2311购17200,370.0,0.0,0.0,0.0,10,283.0,842.0,1,370.0,390.0,0.0,0.0,0.0,0.0,39
2023-05-09 21:05:08,CF311C17200,棉花2311购17200,370.0,0.0,0.0,0.0,10,283.0,838.0,1,370.0,390.0,0.0,0.0,0.0,0.0,39
2023-05-09 21:05:08,CF311C17200,棉花2311购17200,370.0,0.0,0.0,0.0,10,283.0,837.0,10,370.0,390.0,0.0,0.0,0.0,0.0,39
2023-05-09 21:05:09,CF311C17200,棉花2311购17200,370.0,0.0,0.0,0.0,10,283.0,834.0,1,370.0,390.0,0.0,0.0,0.0,0.0,39
2023-05-09 21:05:09,CF311C17200,棉花2311购17200,370.0,0.0,0.0,0.0,10,283.0,833.0,10,370.0,390.0,0.0,0.0,0.0,0.0,39
2023-05-09 21:05:11,CF311C17200,棉花2311购17200,370.0,0.0,0.0,0.0,10,283.0,822.0,1,370.0,390.0,0.0,0.0,0.0,0.0,39
2023-05-09 21:05:11,CF311C17200,棉花2311购17200,370.0,0.0,0.0,0.0,10,283.0,821.0,10,370.0,390.0,0.0,0.0,0.0,0.0,39
2023-05-09 21:05:12,CF311C17200,棉花2311购17200,370.0,0.0,0.0,0.0,10,283.0,818.0,1,370.0,390.0,0.0,0.0,0.0,0.0,39
2023-05-09 21:05:12,CF311C17200,棉花2311购17200,370.0,0.0,0.0,0.0,10,283.0,817.0,10,370.0,390.0,0.0,0.0,0.0,0.0,39
2023-05-09 21:05:13,CF311C17200,棉花2311购17200,370.0,0.0,0.0,0.0,10,283.0,814.0,1,370.0,390.0,0.0,0.0,0.0,0.0,39
2023-05-09 21:05:13,CF311C17200,棉花2311购17200,370.0,0.0,0.0,0.0,10,283.0,813.0,10,370.0,390.0,0.0,0.0,0.0,0.0,39
2023-05-09 21:05:14,CF311C17200,棉花2311购17200,370.0,0.0,0.0,0.0,10,283.0,810.0,1,370.0,390.0,0.0,0.0,0.0,0.0,39
2023-05-09 21:05:14,CF311C17200,棉花2311购17200,370.0,0.0,0.0,0.0,10,283.0,809.0,10,370.0,390.0,0.0,0.0,0.0,0.0,39
2023-05-09 21:05:15,CF311C17200,棉花2311购17200,370.0,0.0,0.0,0.0,10,283.0,806.0,1,370.0,390.0,0.0,0.0,0.0,0.0,39
2023-05-09 21:05:15,CF311C17200,棉花2311购17200,370.0,0.0,0.0,0.0,10,283.0,805.0,10,370.0,390.0,0.0,0.0,0.0,0.0,39
2023-05-09 21:05:16,CF311C17200,棉花2311购17200,370.0,0.0,0.0,0.0,10,283.0,795.0,1,370.0,390.0,0.0,0.0,0.0,0.0,39
2023-05-09 21:05:16,CF311C17200,棉花2311购17200,370.0,0.0,0.0,0.0,10,283.0,792.0,1,370.0,390.0,0.0,0.0,0.0,0.0,39
2023-05-09 21:05:16,CF311C17200,棉花2311购17200,370.0,0.0,0.0,0.0,10,283.0,795.0,1,370.0,390.0,0.0,0.0,0.0,0.0,39
2023-05-09 21:05:16,CF311C17200,棉花2311购17200,370.0,0.0,0.0,0.0,10,283.0,792.0,1,370.0,390.0,0.0,0.0,0.0,0.0,39
2023-05-09 21:05:17,CF311C17200,棉花2311购17200,370.0,0.0,0.0,0.0,10,283.0,791.0,10,370.0,390.0,0.0,0.0,0.0,0.0,39
2023-05-09 21:05:19,CF311C17200,棉花2311购17200,370.0,0.0,0.0,0.0,10,283.0,788.0,1,370.0,390.0,0.0,0.0,0.0,0.0,39
2023-05-09 21:05:19,CF311C17200,棉花2311购17200,370.0,0.0,0.0,0.0,10,283.0,787.0,10,370.0,390.0,0.0,0.0,0.0,0.0,39
2023-05-09 21:05:20,CF311C17200,棉花2311购17200,370.0,0.0,0.0,0.0,10,283.0,784.0,1,370.0,390.0,0.0,0.0,0.0,0.0,39
2023-05-09 21:05:20,CF311C17200,棉花2311购17200,370.0,0.0,0.0,0.0,10,283.0,783.0,10,370.0,390.0,0.0,0.0,0.0,0.0,39
2023-05-09 21:05:21,CF311C17200,棉花2311购17200,370.0,0.0,0.0,0.0,10,283.0,780.0,1,370.0,390.0,0.0,0.0,0.0,0.0,39
2023-05-09 21:05:21,CF311C17200,棉花2311购17200,370.0,0.0,0.0,0.0,10,283.0,779.0,10,370.0,390.0,0.0,0.0,0.0,0.0,39
2023-05-09 21:05:23,CF311C17200,棉花2311购17200,370.0,0.0,0.0,0.0,10,283.0,768.0,1,370.0,390.0,0.0,0.0,0.0,0.0,39
2023-05-09 21:05:23,CF311C17200,棉花2311购17200,370.0,0.0,0.0,0.0,10,283.0,765.0,1,370.0,390.0,0.0,0.0,0.0,0.0,39
2023-05-09 21:05:24,CF311C17200,棉花2311购17200,370.0,0.0,0.0,0.0,10,283.0,764.0,10,370.0,390.0,0.0,0.0,0.0,0.0,39
2023-05-09 21:05:24,CF311C17200,棉花2311购17200,370.0,0.0,0.0,0.0,10,283.0,761.0,1,370.0,390.0,0.0,0.0,0.0,0.0,39
2023-05-09 21:05:25,CF311C17200,棉花2311购17200,370.0,0.0,0.0,0.0,10,283.0,760.0,10,370.0,390.0,0.0,0.0,0.0,0.0,39
2023-05-09 21:05:25,CF311C17200,棉花2311购17200,370.0,0.0,0.0,0.0,10,283.0,757.0,1,370.0,390.0,0.0,0.0,0.0,0.0,39
2023-05-09 21:05:26,CF311C17200,棉花2311购17200,370.0,0.0,0.0,0.0,10,283.0,756.0,10,370.0,390.0,0.0,0.0,0.0,0.0,39
2023-05-09 21:05:26,CF311C17200,棉花2311购17200,370.0,0.0,0.0,0.0,10,283.0,753.0,1,370.0,390.0,0.0,0.0,0.0,0.0,39
2023-05-09 21:05:27,CF311C17200,棉花2311购17200,370.0,0.0,0.0,0.0,10,283.0,752.0,10,370.0,390.0,0.0,0.0,0.0,0.0,39
2023-05-09 21:05:27,CF311C17200,棉花2311购17200,370.0,0.0,0.0,0.0,10,283.0,749.0,1,370.0,390.0,0.0,0.0,0.0,0.0,39
2023-05-09 21:05:27,CF311C17200,棉花2311购17200,370.0,0.0,0.0,0.0,10,283.0,752.0,10,370.0,390.0,0.0,0.0,0.0,0.0,39
2023-05-09 21:05:28,CF311C17200,棉花2311购17200,370.0,0.0,0.0,0.0,10,283.0,748.0,10,370.0,390.0,0.0,0.0,0.0,0.0,39
2023-05-09 21:05:30,CF311C17200,棉花2311购17200,370.0,0.0,0.0,0.0,10,283.0,738.0,1,370.0,390.0,0.0,0.0,0.0,0.0,39
2023-05-09 21:05:30,CF311C17200,棉花2311购17200,370.0,0.0,0.0,0.0,10,283.0,734.0,10,370.0,390.0,0.0,0.0,0.0,0.0,39
2023-05-09 21:05:30,CF311C17200,棉花2311购17200,370.0,0.0,0.0,0.0,10,283.0,731.0,1,370.0,390.0,0.0,0.0,0.0,0.0,39
2023-05-09 21:05:31,CF311C17200,棉花2311购17200,370.0,0.0,0.0,0.0,10,283.0,730.0,10,370.0,390.0,0.0,0.0,0.0,0.0,39
2023-05-09 21:05:31,CF311C17200,棉花2311购17200,370.0,0.0,0.0,0.0,10,283.0,727.0,1,370.0,390.0,0.0,0.0,0.0,0.0,39
2023-05-09 21:05:32,CF311C17200,棉花2311购17200,370.0,0.0,0.0,0.0,10,283.0,726.0,10,370.0,390.0,0.0,0.0,0.0,0.0,39
2023-05-09 21:05:32,CF311C17200,棉花2311购17200,370.0,0.0,0.0,0.0,10,283.0,723.0,1,370.0,390.0,0.0,0.0,0.0,0.0,39
2023-05-09 21:05:33,CF311C17200,棉花2311购17200,370.0,0.0,0.0,0.0,10,283.0,722.0,10,370.0,390.0,0.0,0.0,0.0,0.0,39
2023-05-09 21:05:33,CF311C17200,棉花2311购17200,370.0,0.0,0.0,0.0,10,283.0,719.0,1,370.0,390.0,0.0,0.0,0.0,0.0,39
2023-05-09 21:05:34,CF311C17200,棉花2311购17200,370.0,0.0,0.0,0.0,10,283.0,718.0,10,370.0,390.0,0.0,0.0,0.0,0.0,39
2023-05-09 21:05:36,CF311C17200,棉花2311购17200,370.0,0.0,0.0,0.0,10,283.0,715.0,1,370.0,390.0,0.0,0.0,0.0,0.0,39
2023-05-09 21:05:36,CF311C17200,棉花2311购17200,370.0,0.0,0.0,0.0,10,283.0,714.0,10,370.0,390.0,0.0,0.0,0.0,0.0,39
2023-05-09 21:05:36,CF311C17200,棉花2311购17200,370.0,0.0,0.0,0.0,10,283.0,715.0,1,370.0,390.0,0.0,0.0,0.0,0.0,39
2023-05-09 21:05:36,CF311C17200,棉花2311购17200,370.0,0.0,0.0,0.0,10,283.0,714.0,10,370.0,390.0,0.0,0.0,0.0,0.0,39
2023-05-09 21:05:37,CF311C17200,棉花2311购17200,370.0,0.0,0.0,0.0,10,283.0,711.0,1,370.0,390.0,0.0,0.0,0.0,0.0,39
2023-05-09 21:05:37,CF311C17200,棉花2311购17200,370.0,0.0,0.0,0.0,10,283.0,710.0,10,370.0,390.0,0.0,0.0,0.0,0.0,39
2023-05-09 21:05:38,CF311C17200,棉花2311购17200,370.0,0.0,0.0,0.0,10,283.0,707.0,1,370.0,390.0,0.0,0.0,0.0,0.0,39
2023-05-09 21:05:38,CF311C17200,棉花2311购17200,370.0,0.0,0.0,0.0,10,283.0,706.0,10,370.0,390.0,0.0,0.0,0.0,0.0,39
2023-05-09 21:05:39,CF311C17200,棉花2311购17200,370.0,0.0,0.0,0.0,10,283.0,703.0,1,370.0,390.0,0.0,0.0,0.0,0.0,39
2023-05-09 21:05:39,CF311C17200,棉花2311购17200,370.0,0.0,0.0,0.0,10,283.0,702.0,10,370.0,390.0,0.0,0.0,0.0,0.0,39
2023-05-09 21:05:40,CF311C17200,棉花2311购17200,370.0,0.0,0.0,0.0,10,283.0,699.0,1,370.0,390.0,0.0,0.0,0.0,0.0,39
2023-05-09 21:05:40,CF311C17200,棉花2311购17200,370.0,0.0,0.0,0.0,10,283.0,698.0,10,370.0,390.0,0.0,0.0,0.0,0.0,39
2023-05-09 21:05:41,CF311C17200,棉花2311购17200,370.0,0.0,0.0,0.0,10,283.0,695.0,1,370.0,390.0,0.0,0.0,0.0,0.0,39
2023-05-09 21:05:41,CF311C17200,棉花2311购17200,370.0,0.0,0.0,0.0,10,283.0,694.0,10,370.0,390.0,0.0,0.0,0.0,0.0,39
2023-05-09 21:05:42,CF311C17200,棉花2311购17200,370.0,0.0,0.0,0.0,10,283.0,688.0,1,370.0,390.0,0.0,0.0,0.0,0.0,39
2023-05-09 21:05:42,CF311C17200,棉花2311购17200,370.0,0.0,0.0,0.0,10,283.0,685.0,1,370.0,390.0,0.0,0.0,0.0,0.0,39
2023-05-09 21:05:43,CF311C17200,棉花2311购17200,370.0,0.0,0.0,0.0,10,283.0,684.0,10,370.0,390.0,0.0,0.0,0.0,0.0,39
2023-05-09 21:05:45,CF311C17200,棉花2311购17200,370.0,0.0,0.0,0.0,10,283.0,681.0,1,370.0,390.0,0.0,0.0,0.0,0.0,39
2023-05-09 21:05:45,CF311C17200,棉花2311购17200,370.0,0.0,0.0,0.0,10,283.0,680.0,10,370.0,390.0,0.0,0.0,0.0,0.0,39
2023-05-09 21:05:46,CF311C17200,棉花2311购17200,370.0,0.0,0.0,0.0,10,283.0,677.0,1,370.0,390.0,0.0,0.0,0.0,0.0,39
2023-05-09 21:05:46,CF311C17200,棉花2311购17200,370.0,0.0,0.0,0.0,10,283.0,676.0,10,370.0,390.0,0.0,0.0,0.0,0.0,39
2023-05-09 21:05:47,CF311C17200,棉花2311购17200,370.0,0.0,0.0,0.0,10,283.0,673.0,1,370.0,390.0,0.0,0.0,0.0,0.0,39
2023-05-09 21:05:47,CF311C17200,棉花2311购17200,370.0,0.0,0.0,0.0,10,283.0,672.0,10,370.0,390.0,0.0,0.0,0.0,0.0,39
2023-05-09 21:05:48,CF311C17200,棉花2311购17200,370.0,0.0,0.0,0.0,10,283.0,669.0,1,370.0,390.0,0.0,0.0,0.0,0.0,39
2023-05-09 21:05:48,CF311C17200,棉花2311购17200,370.0,0.0,0.0,0.0,10,283.0,668.0,10,370.0,390.0,0.0,0.0,0.0,0.0,39
2023-05-09 21:05:49,CF311C17200,棉花2311购17200,370.0,0.0,0.0,0.0,10,283.0,665.0,1,370.0,390.0,0.0,0.0,0.0,0.0,39
2023-05-09 21:05:49,CF311C17200,棉花2311购17200,370.0,0.0,0.0,0.0,10,283.0,664.0,10,370.0,390.0,0.0,0.0,0.0,0.0,39
2023-05-09 21:05:50,CF311C17200,棉花2311购17200,370.0,0.0,0.0,0.0,10,283.0,661.0,1,370.0,390.0,0.0,0.0,0.0,0.0,39
2023-05-09 21:05:50,CF311C17200,棉花2311购17200,370.0,0.0,0.0,0.0,10,283.0,660.0,10,370.0,390.0,0.0,0.0,0.0,0.0,39
2023-05-09 21:05:51,CF311C17200,棉花2311购17200,370.0,0.0,0.0,0.0,10,283.0,657.0,1,370.0,390.0,0.0,0.0,0.0,0.0,39
2023-05-09 21:05:51,CF311C17200,棉花2311购17200,370.0,0.0,0.0,0.0,10,283.0,656.0,10,370.0,390.0,0.0,0.0,0.0,0.0,39
2023-05-09 21:05:52,CF311C17200,棉花2311购17200,370.0,0.0,0.0,0.0,10,283.0,653.0,1,370.0,390.0,0.0,0.0,0.0,0.0,39
2023-05-09 21:05:52,CF311C17200,棉花2311购17200,370.0,0.0,0.0,0.0,10,283.0,652.0,10,370.0,390.0,0.0,0.0,0.0,0.0,39
2023-05-09 21:05:53,CF311C17200,棉花2311购17200,370.0,0.0,0.0,0.0,10,283.0,649.0,1,370.0,390.0,0.0,0.0,0.0,0.0,39
2023-05-09 21:05:53,CF311C17200,棉花2311购17200,370.0,0.0,0.0,0.0,10,283.0,648.0,10,370.0,390.0,0.0,0.0,0.0,0.0,39
2023-05-09 21:05:54,CF311C17200,棉花2311购17200,370.0,0.0,0.0,0.0,10,283.0,645.0,1,370.0,390.0,0.0,0.0,0.0,0.0,39
2023-05-09 21:05:54,CF311C17200,棉花2311购17200,370.0,0.0,0.0,0.0,10,283.0,644.0,10,370.0,390.0,0.0,0.0,0.0,0.0,39
2023-05-09 21:05:55,CF311C17200,棉花2311购17200,370.0,0.0,0.0,0.0,10,283.0,641.0,1,370.0,390.0,0.0,0.0,0.0,0.0,39
2023-05-09 21:05:55,CF311C17200,棉花2311购17200,370.0,0.0,0.0,0.0,10,283.0,640.0,10,370.0,390.0,0.0,0.0,0.0,0.0,39
2023-05-09 21:05:56,CF311C17200,棉花2311购17200,370.0,0.0,0.0,0.0,10,283.0,637.0,1,370.0,390.0,0.0,0.0,0.0,0.0,39
2023-05-09 21:05:56,CF311C17200,棉花2311购17200,370.0,0.0,0.0,0.0,10,283.0,636.0,10,370.0,390.0,0.0,0.0,0.0,0.0,39
2023-05-09 21:05:57,CF311C17200,棉花2311购17200,370.0,0.0,0.0,0.0,10,283.0,633.0,1,370.0,390.0,0.0,0.0,0.0,0.0,39
2023-05-09 21:05:57,CF311C17200,棉花2311购17200,370.0,0.0,0.0,0.0,10,283.0,632.0,10,370.0,390.0,0.0,0.0,0.0,0.0,39
2023-05-09 21:05:58,CF311C17200,棉花2311购17200,370.0,0.0,0.0,0.0,10,283.0,629.0,1,370.0,390.0,0.0,0.0,0.0,0.0,39
2023-05-09 21:05:58,CF311C17200,棉花2311购17200,370.0,0.0,0.0,0.0,10,283.0,628.0,10,370.0,390.0,0.0,0.0,0.0,0.0,39
2023-05-09 21:05:59,CF311C17200,棉花2311购17200,370.0,0.0,0.0,0.0,10,283.0,625.0,1,370.0,390.0,0.0,0.0,0.0,0.0,39
2023-05-09 21:05:59,CF311C17200,棉花2311购17200,370.0,0.0,0.0,0.0,10,283.0,624.0,10,370.0,390.0,0.0,0.0,0.0,0.0,39
2023-05-09 21:06:00,CF311C17200,棉花2311购17200,370.0,0.0,0.0,0.0,10,283.0,621.0,1,370.0,390.0,0.0,0.0,0.0,0.0,39
2023-05-09 21:06:00,CF311C17200,棉花2311购17200,370.0,0.0,0.0,0.0,10,283.0,620.0,10,370.0,390.0,0.0,0.0,0.0,0.0,39
2023-05-09 21:06:01,CF311C17200,棉花2311购17200,370.0,0.0,0.0,0.0,10,283.0,617.0,1,370.0,390.0,0.0,0.0,0.0,0.0,39
2023-05-09 21:06:01,CF311C17200,棉花2311购17200,370.0,0.0,0.0,0.0,10,283.0,616.0,10,370.0,390.0,0.0,0.0,0.0,0.0,39
2023-05-09 21:06:02,CF311C17200,棉花2311购17200,370.0,0.0,0.0,0.0,10,283.0,613.0,1,370.0,390.0,0.0,0.0,0.0,0.0,39
2023-05-09 21:06:02,CF311C17200,棉花2311购17200,370.0,0.0,0.0,0.0,10,283.0,612.0,10,370.0,390.0,0.0,0.0,0.0,0.0,39
2023-05-09 21:06:03,CF311C17200,棉花2311购17200,370.0,0.0,0.0,0.0,10,283.0,609.0,1,370.0,390.0,0.0,0.0,0.0,0.0,39
2023-05-09 21:06:03,CF311C17200,棉花2311购17200,370.0,0.0,0.0,0.0,10,283.0,608.0,10,370.0,390.0,0.0,0.0,0.0,0.0,39
2023-05-09 21:06:04,CF311C17200,棉花2311购17200,370.0,0.0,0.0,0.0,10,283.0,605.0,1,370.0,390.0,0.0,0.0,0.0,0.0,39
2023-05-09 21:06:04,CF311C17200,棉花2311购17200,370.0,0.0,0.0,0.0,10,283.0,604.0,10,370.0,390.0,0.0,0.0,0.0,0.0,39
2023-05-09 21:06:05,CF311C17200,棉花2311购17200,370.0,0.0,0.0,0.0,10,283.0,601.0,1,370.0,390.0,0.0,0.0,0.0,0.0,39
2023-05-09 21:06:05,CF311C17200,棉花2311购17200,370.0,0.0,0.0,0.0,10,283.0,600.0,10,370.0,390.0,0.0,0.0,0.0,0.0,39
2023-05-09 21:06:05,CF311C17200,棉花2311购17200,370.0,0.0,0.0,0.0,10,283.0,601.0,1,370.0,390.0,0.0,0.0,0.0,0.0,39
2023-05-09 21:06:05,CF311C17200,棉花2311购17200,370.0,0.0,0.0,0.0,10,283.0,600.0,10,370.0,390.0,0.0,0.0,0.0,0.0,39
2023-05-09 21:06:06,CF311C17200,棉花2311购17200,370.0,0.0,0.0,0.0,10,283.0,597.0,1,370.0,390.0,0.0,0.0,0.0,0.0,39
2023-05-09 21:06:06,CF311C17200,棉花2311购17200,370.0,0.0,0.0,0.0,10,283.0,596.0,10,370.0,390.0,0.0,0.0,0.0,0.0,39
2023-05-09 21:06:07,CF311C17200,棉花2311购17200,370.0,0.0,0.0,0.0,10,283.0,593.0,1,370.0,390.0,0.0,0.0,0.0,0.0,39
2023-05-09 21:06:07,CF311C17200,棉花2311购17200,370.0,0.0,0.0,0.0,10,283.0,592.0,10,370.0,390.0,0.0,0.0,0.0,0.0,39
2023-05-09 21:06:08,CF311C17200,棉花2311购17200,370.0,0.0,0.0,0.0,10,283.0,589.0,1,370.0,390.0,0.0,0.0,0.0,0.0,39
2023-05-09 21:06:08,CF311C17200,棉花2311购17200,370.0,0.0,0.0,0.0,10,283.0,588.0,10,370.0,390.0,0.0,0.0,0.0,0.0,39
2023-05-09 21:06:09,CF311C17200,棉花2311购17200,370.0,0.0,0.0,0.0,10,283.0,585.0,1,370.0,390.0,0.0,0.0,0.0,0.0,39
2023-05-09 21:06:09,CF311C17200,棉花2311购17200,370.0,0.0,0.0,0.0,10,283.0,584.0,10,370.0,390.0,0.0,0.0,0.0,0.0,39
2023-05-09 21:06:53,CF311C17200,棉花2311购17200,370.0,0.0,0.0,0.0,10,33.0,584.0,10,370.0,390.0,0.0,0.0,0.0,0.0,39
2023-05-09 21:06:53,CF311C17200,棉花2311购17200,370.0,0.0,0.0,0.0,2,34.0,584.0,10,370.0,390.0,0.0,0.0,0.0,0.0,39
2023-05-09 21:06:54,CF311C17200,棉花2311购17200,370.0,0.0,0.0,0.0,10,35.0,584.0,10,370.0,390.0,0.0,0.0,0.0,0.0,39
2023-05-09 21:06:54,CF311C17200,棉花2311购17200,370.0,0.0,0.0,0.0,2,36.0,584.0,10,370.0,390.0,0.0,0.0,0.0,0.0,39
2023-05-09 21:06:54,CF311C17200,棉花2311购17200,370.0,0.0,0.0,0.0,10,35.0,584.0,10,370.0,390.0,0.0,0.0,0.0,0.0,39
2023-05-09 21:06:54,CF311C17200,棉花2311购17200,370.0,0.0,0.0,0.0,2,36.0,584.0,10,370.0,390.0,0.0,0.0,0.0,0.0,39
2023-05-09 21:06:55,CF311C17200,棉花2311购17200,370.0,0.0,0.0,0.0,10,37.0,584.0,10,370.0,390.0,0.0,0.0,0.0,0.0,39
2023-05-09 21:06:55,CF311C17200,棉花2311购17200,370.0,0.0,0.0,0.0,2,38.0,584.0,10,370.0,390.0,0.0,0.0,0.0,0.0,39
2023-05-09 21:06:56,CF311C17200,棉花2311购17200,370.0,0.0,0.0,0.0,10,39.0,584.0,10,370.0,390.0,0.0,0.0,0.0,0.0,39
2023-05-09 21:06:57,CF311C17200,棉花2311购17200,370.0,0.0,0.0,0.0,2,40.0,584.0,10,370.0,390.0,0.0,0.0,0.0,0.0,39
2023-05-09 21:06:57,CF311C17200,棉花2311购17200,370.0,0.0,0.0,0.0,10,41.0,584.0,10,370.0,390.0,0.0,0.0,0.0,0.0,39
2023-05-09 21:06:58,CF311C17200,棉花2311购17200,370.0,0.0,0.0,0.0,2,42.0,584.0,10,370.0,390.0,0.0,0.0,0.0,0.0,39
2023-05-09 21:06:58,CF311C17200,棉花2311购17200,370.0,0.0,0.0,0.0,10,43.0,584.0,10,370.0,390.0,0.0,0.0,0.0,0.0,39
2023-05-09 21:06:59,CF311C17200,棉花2311购17200,370.0,0.0,0.0,0.0,2,44.0,584.0,10,370.0,390.0,0.0,0.0,0.0,0.0,39
2023-05-09 21:06:59,CF311C17200,棉花2311购17200,370.0,0.0,0.0,0.0,10,45.0,584.0,10,370.0,390.0,0.0,0.0,0.0,0.0,39
2023-05-09 21:07:00,CF311C17200,棉花2311购17200,370.0,0.0,0.0,0.0,2,46.0,584.0,10,370.0,390.0,0.0,0.0,0.0,0.0,39
2023-05-09 21:07:00,CF311C17200,棉花2311购17200,370.0,0.0,0.0,0.0,10,47.0,584.0,10,370.0,390.0,0.0,0.0,0.0,0.0,39
2023-05-09 21:07:01,CF311C17200,棉花2311购17200,370.0,0.0,0.0,0.0,2,48.0,584.0,10,370.0,390.0,0.0,0.0,0.0,0.0,39
2023-05-09 21:07:01,CF311C17200,棉花2311购17200,370.0,0.0,0.0,0.0,10,49.0,584.0,10,370.0,390.0,0.0,0.0,0.0,0.0,39
2023-05-09 21:07:02,CF311C17200,棉花2311购17200,370.0,0.0,0.0,0.0,2,50.0,584.0,10,370.0,390.0,0.0,0.0,0.0,0.0,39
2023-05-09 21:07:02,CF311C17200,棉花2311购17200,370.0,0.0,0.0,0.0,10,51.0,584.0,10,370.0,390.0,0.0,0.0,0.0,0.0,39
2023-05-09 21:07:03,CF311C17200,棉花2311购17200,370.0,0.0,0.0,0.0,2,52.0,584.0,10,370.0,390.0,0.0,0.0,0.0,0.0,39
2023-05-09 21:07:03,CF311C17200,棉花2311购17200,370.0,0.0,0.0,0.0,10,53.0,584.0,10,370.0,390.0,0.0,0.0,0.0,0.0,39
2023-05-09 21:07:03,CF311C17200,棉花2311购17200,370.0,0.0,0.0,0.0,2,52.0,584.0,10,370.0,390.0,0.0,0.0,0.0,0.0,39
2023-05-09 21:07:04,CF311C17200,棉花2311购17200,370.0,0.0,0.0,0.0,2,54.0,584.0,10,370.0,390.0,0.0,0.0,0.0,0.0,39
2023-05-09 21:07:04,CF311C17200,棉花2311购17200,370.0,0.0,0.0,0.0,10,55.0,584.0,10,370.0,390.0,0.0,0.0,0.0,0.0,39
2023-05-09 21:07:05,CF311C17200,棉花2311购17200,370.0,0.0,0.0,0.0,2,56.0,584.0,10,370.0,390.0,0.0,0.0,0.0,0.0,39
2023-05-09 21:07:05,CF311C17200,棉花2311购17200,370.0,0.0,0.0,0.0,10,57.0,584.0,10,370.0,390.0,0.0,0.0,0.0,0.0,39
2023-05-09 21:07:06,CF311C17200,棉花2311购17200,370.0,0.0,0.0,0.0,2,58.0,584.0,10,370.0,390.0,0.0,0.0,0.0,0.0,39
2023-05-09 21:07:06,CF311C17200,棉花2311购17200,370.0,0.0,0.0,0.0,10,59.0,584.0,10,370.0,390.0,0.0,0.0,0.0,0.0,39
2023-05-09 21:07:07,CF311C17200,棉花2311购17200,370.0,0.0,0.0,0.0,2,60.0,584.0,10,370.0,390.0,0.0,0.0,0.0,0.0,39
2023-05-09 21:07:07,CF311C17200,棉花2311购17200,370.0,0.0,0.0,0.0,10,61.0,584.0,10,370.0,390.0,0.0,0.0,0.0,0.0,39
2023-05-09 21:07:08,CF311C17200,棉花2311购17200,370.0,0.0,0.0,0.0,2,62.0,584.0,10,370.0,390.0,0.0,0.0,0.0,0.0,39
2023-05-09 21:07:08,CF311C17200,棉花2311购17200,370.0,0.0,0.0,0.0,10,63.0,584.0,10,370.0,390.0,0.0,0.0,0.0,0.0,39
2023-05-09 21:07:09,CF311C17200,棉花2311购17200,370.0,0.0,0.0,0.0,2,64.0,584.0,10,370.0,390.0,0.0,0.0,0.0,0.0,39
2023-05-09 21:07:09,CF311C17200,棉花2311购17200,370.0,0.0,0.0,0.0,10,65.0,584.0,10,370.0,390.0,0.0,0.0,0.0,0.0,39
2023-05-09 21:07:10,CF311C17200,棉花2311购17200,370.0,0.0,0.0,0.0,2,66.0,584.0,10,370.0,390.0,0.0,0.0,0.0,0.0,39
2023-05-09 21:07:10,CF311C17200,棉花2311购17200,370.0,0.0,0.0,0.0,10,67.0,584.0,10,370.0,390.0,0.0,0.0,0.0,0.0,39
2023-05-09 21:07:11,CF311C17200,棉花2311购17200,370.0,0.0,0.0,0.0,2,68.0,584.0,10,370.0,390.0,0.0,0.0,0.0,0.0,39
2023-05-09 21:07:11,CF311C17200,棉花2311购17200,370.0,0.0,0.0,0.0,10,69.0,584.0,10,370.0,390.0,0.0,0.0,0.0,0.0,39
2023-05-09 21:07:12,CF311C17200,棉花2311购17200,370.0,0.0,0.0,0.0,2,70.0,584.0,10,370.0,390.0,0.0,0.0,0.0,0.0,39
2023-05-09 21:07:12,CF311C17200,棉花2311购17200,370.0,0.0,0.0,0.0,10,71.0,584.0,10,370.0,390.0,0.0,0.0,0.0,0.0,39
2023-05-09 21:07:12,CF311C17200,棉花2311购17200,370.0,0.0,0.0,0.0,2,70.0,584.0,10,370.0,390.0,0.0,0.0,0.0,0.0,39
2023-05-09 21:07:12,CF311C17200,棉花2311购17200,370.0,0.0,0.0,0.0,10,71.0,584.0,10,370.0,390.0,0.0,0.0,0.0,0.0,39
2023-05-09 21:07:13,CF311C17200,棉花2311购17200,370.0,0.0,0.0,0.0,2,72.0,584.0,10,370.0,390.0,0.0,0.0,0.0,0.0,39
2023-05-09 21:07:13,CF311C17200,棉花2311购17200,370.0,0.0,0.0,0.0,10,73.0,584.0,10,370.0,390.0,0.0,0.0,0.0,0.0,39
2023-05-09 21:07:14,CF311C17200,棉花2311购17200,370.0,0.0,0.0,0.0,2,74.0,584.0,10,370.0,390.0,0.0,0.0,0.0,0.0,39
2023-05-09 21:07:14,CF311C17200,棉花2311购17200,370.0,0.0,0.0,0.0,10,75.0,584.0,10,370.0,390.0,0.0,0.0,0.0,0.0,39
2023-05-09 21:07:15,CF311C17200,棉花2311购17200,370.0,0.0,0.0,0.0,2,76.0,584.0,10,370.0,390.0,0.0,0.0,0.0,0.0,39
2023-05-09 21:07:15,CF311C17200,棉花2311购17200,370.0,0.0,0.0,0.0,10,77.0,584.0,10,370.0,390.0,0.0,0.0,0.0,0.0,39
2023-05-09 21:07:16,CF311C17200,棉花2311购17200,370.0,0.0,0.0,0.0,2,78.0,584.0,10,370.0,390.0,0.0,0.0,0.0,0.0,39
2023-05-09 21:07:16,CF311C17200,棉花2311购17200,370.0,0.0,0.0,0.0,10,79.0,584.0,10,370.0,390.0,0.0,0.0,0.0,0.0,39
2023-05-09 21:07:17,CF311C17200,棉花2311购17200,370.0,0.0,0.0,0.0,2,80.0,584.0,10,370.0,390.0,0.0,0.0,0.0,0.0,39
2023-05-09 21:07:17,CF311C17200,棉花2311购17200,370.0,0.0,0.0,0.0,10,81.0,584.0,10,370.0,390.0,0.0,0.0,0.0,0.0,39
2023-05-09 21:07:18,CF311C17200,棉花2311购17200,370.0,0.0,0.0,0.0,2,82.0,584.0,10,370.0,390.0,0.0,0.0,0.0,0.0,39
2023-05-09 21:07:18,CF311C17200,棉花2311购17200,370.0,0.0,0.0,0.0,10,83.0,584.0,10,370.0,390.0,0.0,0.0,0.0,0.0,39
2023-05-09 21:07:19,CF311C17200,棉花2311购17200,370.0,0.0,0.0,0.0,2,84.0,584.0,10,370.0,390.0,0.0,0.0,0.0,0.0,39
2023-05-09 21:07:19,CF311C17200,棉花2311购17200,370.0,0.0,0.0,0.0,10,85.0,584.0,10,370.0,390.0,0.0,0.0,0.0,0.0,39
2023-05-09 21:07:20,CF311C17200,棉花2311购17200,370.0,0.0,0.0,0.0,2,86.0,584.0,10,370.0,390.0,0.0,0.0,0.0,0.0,39
2023-05-09 21:07:20,CF311C17200,棉花2311购17200,370.0,0.0,0.0,0.0,10,87.0,584.0,10,370.0,390.0,0.0,0.0,0.0,0.0,39
2023-05-09 21:07:21,CF311C17200,棉花2311购17200,370.0,0.0,0.0,0.0,2,88.0,584.0,10,370.0,390.0,0.0,0.0,0.0,0.0,39
2023-05-09 21:07:21,CF311C17200,棉花2311购17200,370.0,0.0,0.0,0.0,10,89.0,584.0,10,370.0,390.0,0.0,0.0,0.0,0.0,39
2023-05-09 21:07:22,CF311C17200,棉花2311购17200,370.0,0.0,0.0,0.0,2,90.0,584.0,10,370.0,390.0,0.0,0.0,0.0,0.0,39
2023-05-09 21:07:22,CF311C17200,棉花2311购17200,370.0,0.0,0.0,0.0,10,91.0,584.0,10,370.0,390.0,0.0,0.0,0.0,0.0,39
2023-05-09 21:07:23,CF311C17200,棉花2311购17200,370.0,0.0,0.0,0.0,2,92.0,584.0,10,370.0,390.0,0.0,0.0,0.0,0.0,39
2023-05-09 21:07:23,CF311C17200,棉花2311购17200,370.0,0.0,0.0,0.0,10,93.0,584.0,10,370.0,390.0,0.0,0.0,0.0,0.0,39
2023-05-09 21:07:24,CF311C17200,棉花2311购17200,370.0,0.0,0.0,0.0,2,94.0,584.0,10,370.0,390.0,0.0,0.0,0.0,0.0,39
2023-05-09 21:07:24,CF311C17200,棉花2311购17200,370.0,0.0,0.0,0.0,10,95.0,584.0,10,370.0,390.0,0.0,0.0,0.0,0.0,39
2023-05-09 21:07:25,CF311C17200,棉花2311购17200,370.0,0.0,0.0,0.0,2,96.0,584.0,10,370.0,390.0,0.0,0.0,0.0,0.0,39
2023-05-09 21:07:25,CF311C17200,棉花2311购17200,370.0,0.0,0.0,0.0,10,97.0,584.0,10,370.0,390.0,0.0,0.0,0.0,0.0,39
2023-05-09 21:07:26,CF311C17200,棉花2311购17200,370.0,0.0,0.0,0.0,2,98.0,584.0,10,370.0,390.0,0.0,0.0,0.0,0.0,39
2023-05-09 21:07:26,CF311C17200,棉花2311购17200,370.0,0.0,0.0,0.0,10,99.0,584.0,10,370.0,390.0,0.0,0.0,0.0,0.0,39
2023-05-09 21:07:27,CF311C17200,棉花2311购17200,370.0,0.0,0.0,0.0,2,100.0,584.0,10,370.0,390.0,0.0,0.0,0.0,0.0,39
2023-05-09 21:07:27,CF311C17200,棉花2311购17200,370.0,0.0,0.0,0.0,10,101.0,584.0,10,370.0,390.0,0.0,0.0,0.0,0.0,39
2023-05-09 21:07:28,CF311C17200,棉花2311购17200,370.0,0.0,0.0,0.0,2,102.0,584.0,10,370.0,390.0,0.0,0.0,0.0,0.0,39
2023-05-09 21:07:28,CF311C17200,棉花2311购17200,370.0,0.0,0.0,0.0,10,103.0,584.0,10,370.0,390.0,0.0,0.0,0.0,0.0,39
2023-05-09 21:07:29,CF311C17200,棉花2311购17200,370.0,0.0,0.0,0.0,2,104.0,584.0,10,370.0,390.0,0.0,0.0,0.0,0.0,39
2023-05-09 21:07:29,CF311C17200,棉花2311购17200,370.0,0.0,0.0,0.0,10,105.0,584.0,10,370.0,390.0,0.0,0.0,0.0,0.0,39
2023-05-09 21:07:30,CF311C17200,棉花2311购17200,370.0,0.0,0.0,0.0,2,106.0,584.0,10,370.0,390.0,0.0,0.0,0.0,0.0,39
2023-05-09 21:07:30,CF311C17200,棉花2311购17200,370.0,0.0,0.0,0.0,10,107.0,584.0,10,370.0,390.0,0.0,0.0,0.0,0.0,39
2023-05-09 21:07:31,CF311C17200,棉花2311购17200,370.0,0.0,0.0,0.0,2,108.0,584.0,10,370.0,390.0,0.0,0.0,0.0,0.0,39
2023-05-09 21:07:31,CF311C17200,棉花2311购17200,370.0,0.0,0.0,0.0,10,109.0,584.0,10,370.0,390.0,0.0,0.0,0.0,0.0,39
2023-05-09 21:07:32,CF311C17200,棉花2311购17200,370.0,0.0,0.0,0.0,2,110.0,584.0,10,370.0,390.0,0.0,0.0,0.0,0.0,39
2023-05-09 21:07:32,CF311C17200,棉花2311购17200,370.0,0.0,0.0,0.0,10,111.0,584.0,10,370.0,390.0,0.0,0.0,0.0,0.0,39
2023-05-09 21:07:33,CF311C17200,棉花2311购17200,370.0,0.0,0.0,0.0,2,112.0,584.0,10,370.0,390.0,0.0,0.0,0.0,0.0,39
2023-05-09 21:07:33,CF311C17200,棉花2311购17200,370.0,0.0,0.0,0.0,10,113.0,584.0,10,370.0,390.0,0.0,0.0,0.0,0.0,39
2023-05-09 21:07:34,CF311C17200,棉花2311购17200,370.0,0.0,0.0,0.0,2,114.0,584.0,10,370.0,390.0,0.0,0.0,0.0,0.0,39
2023-05-09 21:07:35,CF311C17200,棉花2311购17200,370.0,0.0,0.0,0.0,10,115.0,584.0,10,370.0,390.0,0.0,0.0,0.0,0.0,39
2023-05-09 21:07:35,CF311C17200,棉花2311购17200,370.0,0.0,0.0,0.0,2,116.0,584.0,10,370.0,390.0,0.0,0.0,0.0,0.0,39
2023-05-09 21:07:36,CF311C17200,棉花2311购17200,370.0,0.0,0.0,0.0,10,117.0,584.0,10,370.0,390.0,0.0,0.0,0.0,0.0,39
2023-05-09 21:07:36,CF311C17200,棉花2311购17200,370.0,0.0,0.0,0.0,2,118.0,584.0,10,370.0,390.0,0.0,0.0,0.0,0.0,39
2023-05-09 21:07:37,CF311C17200,棉花2311购17200,370.0,0.0,0.0,0.0,10,119.0,584.0,10,370.0,390.0,0.0,0.0,0.0,0.0,39
2023-05-09 21:07:37,CF311C17200,棉花2311购17200,370.0,0.0,0.0,0.0,2,120.0,584.0,10,370.0,390.0,0.0,0.0,0.0,0.0,39
2023-05-09 21:07:38,CF311C17200,棉花2311购17200,370.0,0.0,0.0,0.0,10,121.0,584.0,10,370.0,390.0,0.0,0.0,0.0,0.0,39
2023-05-09 21:07:38,CF311C17200,棉花2311购17200,370.0,0.0,0.0,0.0,2,122.0,584.0,10,370.0,390.0,0.0,0.0,0.0,0.0,39
2023-05-09 21:07:39,CF311C17200,棉花2311购17200,370.0,0.0,0.0,0.0,10,123.0,584.0,10,370.0,390.0,0.0,0.0,0.0,0.0,39
2023-05-09 21:07:39,CF311C17200,棉花2311购17200,370.0,0.0,0.0,0.0,2,124.0,584.0,10,370.0,390.0,0.0,0.0,0.0,0.0,39
2023-05-09 21:07:40,CF311C17200,棉花2311购17200,370.0,0.0,0.0,0.0,10,125.0,584.0,10,370.0,390.0,0.0,0.0,0.0,0.0,39
2023-05-09 21:07:40,CF311C17200,棉花2311购17200,370.0,0.0,0.0,0.0,2,126.0,584.0,10,370.0,390.0,0.0,0.0,0.0,0.0,39
2023-05-09 21:07:41,CF311C17200,棉花2311购17200,370.0,0.0,0.0,0.0,10,127.0,584.0,10,370.0,390.0,0.0,0.0,0.0,0.0,39
2023-05-09 21:07:41,CF311C17200,棉花2311购17200,370.0,0.0,0.0,0.0,2,128.0,584.0,10,370.0,390.0,0.0,0.0,0.0,0.0,39
2023-05-09 21:07:42,CF311C17200,棉花2311购17200,370.0,0.0,0.0,0.0,10,129.0,584.0,10,370.0,390.0,0.0,0.0,0.0,0.0,39
2023-05-09 21:07:42,CF311C17200,棉花2311购17200,370.0,0.0,0.0,0.0,2,130.0,584.0,10,370.0,390.0,0.0,0.0,0.0,0.0,39
2023-05-09 21:07:43,CF311C17200,棉花2311购17200,370.0,0.0,0.0,0.0,10,131.0,584.0,10,370.0,390.0,0.0,0.0,0.0,0.0,39
2023-05-09 21:07:43,CF311C17200,棉花2311购17200,370.0,0.0,0.0,0.0,2,132.0,584.0,10,370.0,390.0,0.0,0.0,0.0,0.0,39
2023-05-09 21:07:44,CF311C17200,棉花2311购17200,370.0,0.0,0.0,0.0,10,133.0,584.0,10,370.0,390.0,0.0,0.0,0.0,0.0,39
2023-05-09 21:07:44,CF311C17200,棉花2311购17200,370.0,0.0,0.0,0.0,2,134.0,584.0,10,370.0,390.0,0.0,0.0,0.0,0.0,39
2023-05-09 21:07:45,CF311C17200,棉花2311购17200,370.0,0.0,0.0,0.0,10,135.0,584.0,10,370.0,390.0,0.0,0.0,0.0,0.0,39
2023-05-09 21:07:45,CF311C17200,棉花2311购17200,370.0,0.0,0.0,0.0,2,136.0,584.0,10,370.0,390.0,0.0,0.0,0.0,0.0,39
2023-05-09 21:07:46,CF311C17200,棉花2311购17200,370.0,0.0,0.0,0.0,10,137.0,584.0,10,370.0,390.0,0.0,0.0,0.0,0.0,39
2023-05-09 21:07:46,CF311C17200,棉花2311购17200,370.0,0.0,0.0,0.0,2,138.0,584.0,10,370.0,390.0,0.0,0.0,0.0,0.0,39
2023-05-09 21:07:47,CF311C17200,棉花2311购17200,370.0,0.0,0.0,0.0,10,139.0,584.0,10,370.0,390.0,0.0,0.0,0.0,0.0,39
2023-05-09 21:07:47,CF311C17200,棉花2311购17200,370.0,0.0,0.0,0.0,2,140.0,584.0,10,370.0,390.0,0.0,0.0,0.0,0.0,39
2023-05-09 21:07:48,CF311C17200,棉花2311购17200,370.0,0.0,0.0,0.0,10,141.0,584.0,10,370.0,390.0,0.0,0.0,0.0,0.0,39
2023-05-09 21:07:48,CF311C17200,棉花2311购17200,370.0,0.0,0.0,0.0,2,142.0,584.0,10,370.0,390.0,0.0,0.0,0.0,0.0,39
2023-05-09 21:07:49,CF311C17200,棉花2311购17200,370.0,0.0,0.0,0.0,10,143.0,584.0,10,370.0,390.0,0.0,0.0,0.0,0.0,39
2023-05-09 21:07:49,CF311C17200,棉花2311购17200,370.0,0.0,0.0,0.0,2,144.0,584.0,10,370.0,390.0,0.0,0.0,0.0,0.0,39
2023-05-09 21:07:50,CF311C17200,棉花2311购17200,370.0,0.0,0.0,0.0,10,145.0,584.0,10,370.0,390.0,0.0,0.0,0.0,0.0,39
2023-05-09 21:07:50,CF311C17200,棉花2311购17200,370.0,0.0,0.0,0.0,2,146.0,584.0,10,370.0,390.0,0.0,0.0,0.0,0.0,39
2023-05-09 21:07:51,CF311C17200,棉花2311购17200,370.0,0.0,0.0,0.0,10,147.0,584.0,10,370.0,390.0,0.0,0.0,0.0,0.0,39
2023-05-09 21:07:51,CF311C17200,棉花2311购17200,370.0,0.0,0.0,0.0,2,148.0,584.0,10,370.0,390.0,0.0,0.0,0.0,0.0,39
2023-05-09 21:07:52,CF311C17200,棉花2311购17200,370.0,0.0,0.0,0.0,10,149.0,584.0,10,370.0,390.0,0.0,0.0,0.0,0.0,39
2023-05-09 21:07:52,CF311C17200,棉花2311购17200,370.0,0.0,0.0,0.0,2,150.0,584.0,10,370.0,390.0,0.0,0.0,0.0,0.0,39
2023-05-09 21:07:53,CF311C17200,棉花2311购17200,370.0,0.0,0.0,0.0,10,151.0,584.0,10,370.0,390.0,0.0,0.0,0.0,0.0,39
2023-05-09 21:07:53,CF311C17200,棉花2311购17200,370.0,0.0,0.0,0.0,2,152.0,584.0,10,370.0,390.0,0.0,0.0,0.0,0.0,39
2023-05-09 21:07:54,CF311C17200,棉花2311购17200,370.0,0.0,0.0,0.0,10,153.0,584.0,10,370.0,390.0,0.0,0.0,0.0,0.0,39
2023-05-09 21:07:54,CF311C17200,棉花2311购17200,370.0,0.0,0.0,0.0,2,154.0,584.0,10,370.0,390.0,0.0,0.0,0.0,0.0,39
2023-05-09 21:07:55,CF311C17200,棉花2311购17200,370.0,0.0,0.0,0.0,10,155.0,584.0,10,370.0,390.0,0.0,0.0,0.0,0.0,39
2023-05-09 21:07:55,CF311C17200,棉花2311购17200,370.0,0.0,0.0,0.0,2,156.0,584.0,10,370.0,390.0,0.0,0.0,0.0,0.0,39
2023-05-09 21:07:56,CF311C17200,棉花2311购17200,370.0,0.0,0.0,0.0,10,157.0,584.0,10,370.0,390.0,0.0,0.0,0.0,0.0,39
2023-05-09 21:07:56,CF311C17200,棉花2311购17200,370.0,0.0,0.0,0.0,2,158.0,584.0,10,370.0,390.0,0.0,0.0,0.0,0.0,39
2023-05-09 21:07:57,CF311C17200,棉花2311购17200,370.0,0.0,0.0,0.0,10,159.0,584.0,10,370.0,390.0,0.0,0.0,0.0,0.0,39
2023-05-09 21:07:57,CF311C17200,棉花2311购17200,370.0,0.0,0.0,0.0,2,160.0,584.0,10,370.0,390.0,0.0,0.0,0.0,0.0,39
2023-05-09 21:07:58,CF311C17200,棉花2311购17200,370.0,0.0,0.0,0.0,10,161.0,584.0,10,370.0,390.0,0.0,0.0,0.0,0.0,39
2023-05-09 21:07:58,CF311C17200,棉花2311购17200,370.0,0.0,0.0,0.0,2,162.0,584.0,10,370.0,390.0,0.0,0.0,0.0,0.0,39
2023-05-09 21:07:59,CF311C17200,棉花2311购17200,370.0,0.0,0.0,0.0,10,163.0,584.0,10,370.0,390.0,0.0,0.0,0.0,0.0,39
2023-05-09 21:08:00,CF311C17200,棉花2311购17200,370.0,0.0,0.0,0.0,2,164.0,584.0,10,370.0,390.0,0.0,0.0,0.0,0.0,39
2023-05-09 21:08:00,CF311C17200,棉花2311购17200,370.0,0.0,0.0,0.0,10,165.0,584.0,10,370.0,390.0,0.0,0.0,0.0,0.0,39
2023-05-09 21:08:01,CF311C17200,棉花2311购17200,370.0,0.0,0.0,0.0,2,166.0,584.0,10,370.0,390.0,0.0,0.0,0.0,0.0,39
2023-05-09 21:08:01,CF311C17200,棉花2311购17200,370.0,0.0,0.0,0.0,10,167.0,584.0,10,370.0,390.0,0.0,0.0,0.0,0.0,39
2023-05-09 21:08:02,CF311C17200,棉花2311购17200,370.0,0.0,0.0,0.0,2,168.0,584.0,10,370.0,390.0,0.0,0.0,0.0,0.0,39
2023-05-09 21:08:02,CF311C17200,棉花2311购17200,370.0,0.0,0.0,0.0,10,169.0,584.0,10,370.0,390.0,0.0,0.0,0.0,0.0,39
2023-05-09 21:08:03,CF311C17200,棉花2311购17200,370.0,0.0,0.0,0.0,2,170.0,584.0,10,370.0,390.0,0.0,0.0,0.0,0.0,39
2023-05-09 21:08:03,CF311C17200,棉花2311购17200,370.0,0.0,0.0,0.0,10,171.0,584.0,10,370.0,390.0,0.0,0.0,0.0,0.0,39
2023-05-09 21:08:04,CF311C17200,棉花2311购17200,370.0,0.0,0.0,0.0,2,172.0,584.0,10,370.0,390.0,0.0,0.0,0.0,0.0,39
2023-05-09 21:08:04,CF311C17200,棉花2311购17200,370.0,0.0,0.0,0.0,10,173.0,584.0,10,370.0,390.0,0.0,0.0,0.0,0.0,39
2023-05-09 21:08:05,CF311C17200,棉花2311购17200,370.0,0.0,0.0,0.0,2,174.0,584.0,10,370.0,390.0,0.0,0.0,0.0,0.0,39
2023-05-09 21:08:05,CF311C17200,棉花2311购17200,370.0,0.0,0.0,0.0,10,175.0,584.0,10,370.0,390.0,0.0,0.0,0.0,0.0,39
2023-05-09 21:08:06,CF311C17200,棉花2311购17200,370.0,0.0,0.0,0.0,2,176.0,584.0,10,370.0,390.0,0.0,0.0,0.0,0.0,39
2023-05-09 21:08:06,CF311C17200,棉花2311购17200,370.0,0.0,0.0,0.0,10,177.0,584.0,10,370.0,390.0,0.0,0.0,0.0,0.0,39
2023-05-09 21:08:06,CF311C17200,棉花2311购17200,370.0,0.0,0.0,0.0,2,176.0,584.0,10,370.0,390.0,0.0,0.0,0.0,0.0,39
2023-05-09 21:08:06,CF311C17200,棉花2311购17200,370.0,0.0,0.0,0.0,10,177.0,584.0,10,370.0,390.0,0.0,0.0,0.0,0.0,39
2023-05-09 21:14:16,CF311C17200,棉花2311购17200,370.0,0.0,0.0,0.0,2,178.0,584.0,10,370.0,390.0,0.0,0.0,0.0,0.0,39
2023-05-09 21:14:17,CF311C17200,棉花2311购17200,370.0,0.0,0.0,0.0,10,179.0,584.0,10,370.0,390.0,0.0,0.0,0.0,0.0,39
2023-05-09 21:15:37,CF311C17200,棉花2311购17200,370.0,0.0,0.0,0.0,10,179.0,573.0,1,370.0,390.0,0.0,0.0,0.0,0.0,39
2023-05-09 21:15:37,CF311C17200,棉花2311购17200,370.0,0.0,0.0,0.0,10,179.0,572.0,10,370.0,390.0,0.0,0.0,0.0,0.0,39
2023-05-09 21:15:40,CF311C17200,棉花2311购17200,370.0,0.0,0.0,0.0,10,179.0,561.0,1,370.0,390.0,0.0,0.0,0.0,0.0,39
2023-05-09 21:15:41,CF311C17200,棉花2311购17200,370.0,0.0,0.0,0.0,10,179.0,560.0,10,370.0,390.0,0.0,0.0,0.0,0.0,39
2023-05-09 21:15:45,CF311C17200,棉花2311购17200,370.0,0.0,0.0,0.0,10,179.0,549.0,1,370.0,390.0,0.0,0.0,0.0,0.0,39
2023-05-09 21:15:45,CF311C17200,棉花2311购17200,370.0,0.0,0.0,0.0,10,179.0,548.0,10,370.0,390.0,0.0,0.0,0.0,0.0,39
2023-05-09 21:15:49,CF311C17200,棉花2311购17200,370.0,0.0,0.0,0.0,10,179.0,537.0,1,370.0,390.0,0.0,0.0,0.0,0.0,39
2023-05-09 21:15:49,CF311C17200,棉花2311购17200,370.0,0.0,0.0,0.0,10,179.0,536.0,10,370.0,390.0,0.0,0.0,0.0,0.0,39
2023-05-09 21:15:51,CF311C17200,棉花2311购17200,370.0,0.0,0.0,0.0,10,179.0,525.0,1,370.0,390.0,0.0,0.0,0.0,0.0,39
2023-05-09 21:15:52,CF311C17200,棉花2311购17200,370.0,0.0,0.0,0.0,10,179.0,524.0,10,370.0,390.0,0.0,0.0,0.0,0.0,39
2023-05-09 21:15:56,CF311C17200,棉花2311购17200,370.0,0.0,0.0,0.0,10,179.0,513.0,1,370.0,390.0,0.0,0.0,0.0,0.0,39
2023-05-09 21:15:56,CF311C17200,棉花2311购17200,370.0,0.0,0.0,0.0,10,179.0,512.0,10,370.0,390.0,0.0,0.0,0.0,0.0,39
2023-05-09 21:17:26,CF311C17200,棉花2311购17200,370.0,0.0,0.0,0.0,3,324.0,356.0,3,370.0,390.0,0.0,0.0,0.0,0.0,39
2023-05-09 21:17:27,CF311C17200,棉花2311购17200,370.0,0.0,0.0,0.0,12,324.0,356.0,12,370.0,390.0,0.0,0.0,0.0,0.0,39
2023-05-09 21:17:28,CF311C17200,棉花2311购17200,370.0,0.0,0.0,0.0,21,324.0,356.0,21,370.0,390.0,0.0,0.0,0.0,0.0,39
2023-05-09 21:17:29,CF311C17200,棉花2311购17200,370.0,0.0,0.0,0.0,21,324.0,348.0,3,370.0,390.0,0.0,0.0,0.0,0.0,39
2023-05-09 21:17:29,CF311C17200,棉花2311购17200,370.0,0.0,0.0,0.0,15,324.0,348.0,3,370.0,390.0,0.0,0.0,0.0,0.0,39
2023-05-09 21:17:30,CF311C17200,棉花2311购17200,370.0,0.0,0.0,0.0,12,324.0,348.0,3,370.0,390.0,0.0,0.0,0.0,0.0,39
2023-05-09 21:17:32,CF311C17200,棉花2311购17200,370.0,0.0,0.0,0.0,12,324.0,348.0,6,370.0,390.0,0.0,0.0,0.0,0.0,39
2023-05-09 21:17:32,CF311C17200,棉花2311购17200,370.0,0.0,0.0,0.0,15,324.0,346.0,3,370.0,390.0,0.0,0.0,0.0,0.0,39
2023-05-09 21:17:33,CF311C17200,棉花2311购17200,370.0,0.0,0.0,0.0,15,324.0,346.0,6,370.0,390.0,0.0,0.0,0.0,0.0,39
2023-05-09 21:17:35,CF311C17200,棉花2311购17200,370.0,0.0,0.0,0.0,18,324.0,346.0,6,370.0,390.0,0.0,0.0,0.0,0.0,39
2023-05-09 21:17:36,CF311C17200,棉花2311购17200,370.0,0.0,0.0,0.0,21,324.0,346.0,9,370.0,390.0,0.0,0.0,0.0,0.0,39
2023-05-09 21:17:38,CF311C17200,棉花2311购17200,370.0,0.0,0.0,0.0,21,324.0,346.0,12,370.0,390.0,0.0,0.0,0.0,0.0,39
2023-05-09 21:17:39,CF311C17200,棉花2311购17200,370.0,0.0,0.0,0.0,18,324.0,346.0,12,370.0,390.0,0.0,0.0,0.0,0.0,39
2023-05-09 21:17:43,CF311C17200,棉花2311购17200,370.0,0.0,0.0,0.0,15,324.0,346.0,9,370.0,390.0,0.0,0.0,0.0,0.0,39
2023-05-09 21:17:44,CF311C17200,棉花2311购17200,370.0,0.0,0.0,0.0,12,324.0,346.0,6,370.0,390.0,0.0,0.0,0.0,0.0,39
2023-05-09 21:17:46,CF311C17200,棉花2311购17200,370.0,0.0,0.0,0.0,9,324.0,346.0,6,370.0,390.0,0.0,0.0,0.0,0.0,39
2023-05-09 21:17:46,CF311C17200,棉花2311购17200,370.0,0.0,0.0,0.0,6,324.0,346.0,3,370.0,390.0,0.0,0.0,0.0,0.0,39
2023-05-09 21:17:47,CF311C17200,棉花2311购17200,370.0,0.0,0.0,0.0,3,324.0,346.0,3,370.0,390.0,0.0,0.0,0.0,0.0,39
2023-05-09 21:17:49,CF311C17200,棉花2311购17200,370.0,0.0,0.0,0.0,10,284.0,0.0,0,370.0,390.0,0.0,0.0,0.0,0.0,39
2023-05-09 21:17:49,CF311C17200,棉花2311购17200,370.0,0.0,0.0,0.0,10,284.0,1325.0,10,370.0,390.0,0.0,0.0,0.0,0.0,39
2023-05-09 21:17:50,CF311C17200,棉花2311购17200,370.0,0.0,0.0,0.0,10,284.0,1322.0,1,370.0,390.0,0.0,0.0,0.0,0.0,39
2023-05-09 21:17:50,CF311C17200,棉花2311购17200,370.0,0.0,0.0,0.0,10,284.0,1314.0,1,370.0,390.0,0.0,0.0,0.0,0.0,39
2023-05-09 21:17:51,CF311C17200,棉花2311购17200,370.0,0.0,0.0,0.0,10,284.0,1310.0,10,370.0,390.0,0.0,0.0,0.0,0.0,39
2023-05-09 21:17:51,CF311C17200,棉花2311购17200,370.0,0.0,0.0,0.0,10,284.0,1307.0,1,370.0,390.0,0.0,0.0,0.0,0.0,39
2023-05-09 21:17:52,CF311C17200,棉花2311购17200,370.0,0.0,0.0,0.0,10,284.0,1306.0,10,370.0,390.0,0.0,0.0,0.0,0.0,39
2023-05-09 21:17:52,CF311C17200,棉花2311购17200,370.0,0.0,0.0,0.0,10,284.0,1303.0,1,370.0,390.0,0.0,0.0,0.0,0.0,39
2023-05-09 21:17:53,CF311C17200,棉花2311购17200,370.0,0.0,0.0,0.0,10,284.0,1302.0,10,370.0,390.0,0.0,0.0,0.0,0.0,39
2023-05-09 21:17:53,CF311C17200,棉花2311购17200,370.0,0.0,0.0,0.0,10,284.0,1299.0,1,370.0,390.0,0.0,0.0,0.0,0.0,39
2023-05-09 21:17:54,CF311C17200,棉花2311购17200,370.0,0.0,0.0,0.0,10,284.0,1298.0,10,370.0,390.0,0.0,0.0,0.0,0.0,39
2023-05-09 21:17:56,CF311C17200,棉花2311购17200,370.0,0.0,0.0,0.0,10,284.0,1295.0,1,370.0,390.0,0.0,0.0,0.0,0.0,39
2023-05-09 21:17:56,CF311C17200,棉花2311购17200,370.0,0.0,0.0,0.0,10,284.0,1287.0,1,370.0,390.0,0.0,0.0,0.0,0.0,39
2023-05-09 21:17:57,CF311C17200,棉花2311购17200,370.0,0.0,0.0,0.0,10,284.0,1283.0,10,370.0,390.0,0.0,0.0,0.0,0.0,39
2023-05-09 21:17:57,CF311C17200,棉花2311购17200,370.0,0.0,0.0,0.0,1,288.0,1280.0,1,370.0,390.0,0.0,0.0,0.0,0.0,39
2023-05-09 21:17:58,CF311C17200,棉花2311购17200,370.0,0.0,0.0,0.0,10,289.0,1279.0,10,370.0,390.0,0.0,0.0,0.0,0.0,39
2023-05-09 21:17:58,CF311C17200,棉花2311购17200,370.0,0.0,0.0,0.0,10,289.0,1276.0,1,370.0,390.0,0.0,0.0,0.0,0.0,39
2023-05-09 21:17:59,CF311C17200,棉花2311购17200,370.0,0.0,0.0,0.0,10,289.0,1275.0,10,370.0,390.0,0.0,0.0,0.0,0.0,39
2023-05-09 21:18:00,CF311C17200,棉花2311购17200,370.0,0.0,0.0,0.0,10,289.0,1264.0,1,370.0,390.0,0.0,0.0,0.0,0.0,39
2023-05-09 21:18:01,CF311C17200,棉花2311购17200,370.0,0.0,0.0,0.0,10,289.0,1263.0,10,370.0,390.0,0.0,0.0,0.0,0.0,39
2023-05-09 21:18:02,CF311C17200,棉花2311购17200,370.0,0.0,0.0,0.0,1,290.0,1263.0,10,370.0,390.0,0.0,0.0,0.0,0.0,39
2023-05-09 21:18:02,CF311C17200,棉花2311购17200,370.0,0.0,0.0,0.0,10,291.0,1263.0,10,370.0,390.0,0.0,0.0,0.0,0.0,39
2023-05-09 21:18:05,CF311C17200,棉花2311购17200,370.0,0.0,0.0,0.0,10,291.0,1252.0,1,370.0,390.0,0.0,0.0,0.0,0.0,39
2023-05-09 21:18:05,CF311C17200,棉花2311购17200,370.0,0.0,0.0,0.0,10,291.0,1251.0,10,370.0,390.0,0.0,0.0,0.0,0.0,39
2023-05-09 21:18:06,CF311C17200,棉花2311购17200,370.0,0.0,0.0,0.0,1,295.0,1251.0,10,370.0,390.0,0.0,0.0,0.0,0.0,39
2023-05-09 21:18:06,CF311C17200,棉花2311购17200,370.0,0.0,0.0,0.0,11,295.0,1251.0,10,370.0,390.0,0.0,0.0,0.0,0.0,39
2023-05-09 21:18:08,CF311C17200,棉花2311购17200,370.0,0.0,0.0,0.0,11,295.0,1240.0,1,370.0,390.0,0.0,0.0,0.0,0.0,39
2023-05-09 21:18:08,CF311C17200,棉花2311购17200,370.0,0.0,0.0,0.0,11,295.0,1239.0,10,370.0,390.0,0.0,0.0,0.0,0.0,39
2023-05-09 21:18:13,CF311C17200,棉花2311购17200,370.0,0.0,0.0,0.0,11,295.0,1228.0,1,370.0,390.0,0.0,0.0,0.0,0.0,39
2023-05-09 21:18:13,CF311C17200,棉花2311购17200,370.0,0.0,0.0,0.0,11,295.0,1227.0,10,370.0,390.0,0.0,0.0,0.0,0.0,39
2023-05-09 21:18:19,CF311C17200,棉花2311购17200,370.0,0.0,0.0,0.0,11,295.0,1216.0,1,370.0,390.0,0.0,0.0,0.0,0.0,39
2023-05-09 21:18:19,CF311C17200,棉花2311购17200,370.0,0.0,0.0,0.0,11,295.0,1215.0,10,370.0,390.0,0.0,0.0,0.0,0.0,39
2023-05-09 21:18:22,CF311C17200,棉花2311购17200,370.0,0.0,0.0,0.0,11,295.0,1204.0,1,370.0,390.0,0.0,0.0,0.0,0.0,39
2023-05-09 21:18:23,CF311C17200,棉花2311购17200,370.0,0.0,0.0,0.0,11,295.0,1203.0,10,370.0,390.0,0.0,0.0,0.0,0.0,39
2023-05-09 21:18:28,CF311C17200,棉花2311购17200,370.0,0.0,0.0,0.0,11,295.0,1192.0,1,370.0,390.0,0.0,0.0,0.0,0.0,39
2023-05-09 21:18:28,CF311C17200,棉花2311购17200,370.0,0.0,0.0,0.0,11,295.0,1191.0,10,370.0,390.0,0.0,0.0,0.0,0.0,39
2023-05-09 21:19:27,CF311C17200,棉花2311购17200,370.0,0.0,0.0,0.0,1,295.0,1191.0,10,370.0,390.0,0.0,0.0,0.0,0.0,39
2023-05-09 21:20:14,CF311C17200,棉花2311购17200,370.0,0.0,0.0,0.0,10,296.0,1191.0,10,370.0,390.0,0.0,0.0,0.0,0.0,39
2023-05-09 21:29:51,CF311C17200,棉花2311购17200,370.0,0.0,0.0,0.0,11,295.0,1191.0,10,370.0,390.0,0.0,0.0,0.0,0.0,39
2023-05-09 21:29:51,CF311C17200,棉花2311购17200,370.0,0.0,0.0,0.0,11,295.0,1188.0,1,370.0,390.0,0.0,0.0,0.0,0.0,39
2023-05-09 21:29:52,CF311C17200,棉花2311购17200,370.0,0.0,0.0,0.0,11,295.0,1187.0,10,370.0,390.0,0.0,0.0,0.0,0.0,39
2023-05-09 21:29:52,CF311C17200,棉花2311购17200,370.0,0.0,0.0,0.0,11,295.0,1184.0,1,370.0,390.0,0.0,0.0,0.0,0.0,39
2023-05-09 21:29:53,CF311C17200,棉花2311购17200,370.0,0.0,0.0,0.0,11,295.0,1183.0,10,370.0,390.0,0.0,0.0,0.0,0.0,39
2023-05-09 21:29:53,CF311C17200,棉花2311购17200,370.0,0.0,0.0,0.0,11,295.0,1180.0,1,370.0,390.0,0.0,0.0,0.0,0.0,39
2023-05-09 21:29:54,CF311C17200,棉花2311购17200,370.0,0.0,0.0,0.0,11,295.0,1179.0,10,370.0,390.0,0.0,0.0,0.0,0.0,39
2023-05-09 21:29:54,CF311C17200,棉花2311购17200,370.0,0.0,0.0,0.0,11,295.0,1176.0,1,370.0,390.0,0.0,0.0,0.0,0.0,39
2023-05-09 21:29:55,CF311C17200,棉花2311购17200,370.0,0.0,0.0,0.0,11,295.0,1175.0,10,370.0,390.0,0.0,0.0,0.0,0.0,39
2023-05-09 21:29:55,CF311C17200,棉花2311购17200,370.0,0.0,0.0,0.0,11,295.0,1172.0,1,370.0,390.0,0.0,0.0,0.0,0.0,39
2023-05-09 21:29:56,CF311C17200,棉花2311购17200,370.0,0.0,0.0,0.0,11,295.0,1171.0,10,370.0,390.0,0.0,0.0,0.0,0.0,39
2023-05-09 21:29:56,CF311C17200,棉花2311购17200,370.0,0.0,0.0,0.0,11,295.0,1168.0,1,370.0,390.0,0.0,0.0,0.0,0.0,39
2023-05-09 21:29:57,CF311C17200,棉花2311购17200,370.0,0.0,0.0,0.0,11,295.0,1167.0,10,370.0,390.0,0.0,0.0,0.0,0.0,39
2023-05-09 21:29:57,CF311C17200,棉花2311购17200,370.0,0.0,0.0,0.0,11,295.0,1164.0,1,370.0,390.0,0.0,0.0,0.0,0.0,39
2023-05-09 21:29:58,CF311C17200,棉花2311购17200,370.0,0.0,0.0,0.0,11,295.0,1163.0,10,370.0,390.0,0.0,0.0,0.0,0.0,39
2023-05-09 21:29:58,CF311C17200,棉花2311购17200,370.0,0.0,0.0,0.0,11,295.0,1160.0,1,370.0,390.0,0.0,0.0,0.0,0.0,39
2023-05-09 21:29:59,CF311C17200,棉花2311购17200,370.0,0.0,0.0,0.0,11,295.0,1159.0,10,370.0,390.0,0.0,0.0,0.0,0.0,39
2023-05-09 21:29:59,CF311C17200,棉花2311购17200,370.0,0.0,0.0,0.0,11,295.0,1156.0,1,370.0,390.0,0.0,0.0,0.0,0.0,39
2023-05-09 21:30:00,CF311C17200,棉花2311购17200,370.0,0.0,0.0,0.0,11,295.0,1155.0,10,370.0,390.0,0.0,0.0,0.0,0.0,39
2023-05-09 21:30:00,CF311C17200,棉花2311购17200,370.0,0.0,0.0,0.0,11,295.0,1152.0,1,370.0,390.0,0.0,0.0,0.0,0.0,39
2023-05-09 21:30:01,CF311C17200,棉花2311购17200,370.0,0.0,0.0,0.0,11,295.0,1151.0,10,370.0,390.0,0.0,0.0,0.0,0.0,39
2023-05-09 21:30:03,CF311C17200,棉花2311购17200,370.0,0.0,0.0,0.0,1,295.0,1151.0,10,370.0,390.0,0.0,0.0,0.0,0.0,39
2023-05-09 21:33:26,CF311C17200,棉花2311购17200,370.0,0.0,0.0,0.0,10,296.0,1151.0,10,370.0,390.0,0.0,0.0,0.0,0.0,39
2023-05-09 21:35:34,CF311C17200,棉花2311购17200,370.0,0.0,0.0,0.0,11,295.0,1151.0,10,370.0,390.0,0.0,0.0,0.0,0.0,39
2023-05-09 21:35:35,CF311C17200,棉花2311购17200,370.0,0.0,0.0,0.0,11,295.0,1150.0,1,370.0,390.0,0.0,0.0,0.0,0.0,39
2023-05-09 21:35:35,CF311C17200,棉花2311购17200,370.0,0.0,0.0,0.0,11,295.0,1149.0,10,370.0,390.0,0.0,0.0,0.0,0.0,39
2023-05-09 21:35:41,CF311C17200,棉花2311购17200,370.0,0.0,0.0,0.0,1,295.0,1149.0,10,370.0,390.0,0.0,0.0,0.0,0.0,39
2023-05-09 21:35:41,CF311C17200,棉花2311购17200,370.0,0.0,0.0,0.0,11,295.0,1149.0,10,370.0,390.0,0.0,0.0,0.0,0.0,39
2023-05-09 21:35:43,CF311C17200,棉花2311购17200,370.0,0.0,0.0,0.0,1,295.0,1149.0,10,370.0,390.0,0.0,0.0,0.0,0.0,39
2023-05-09 21:35:49,CF311C17200,棉花2311购17200,370.0,0.0,0.0,0.0,11,295.0,1149.0,10,370.0,390.0,0.0,0.0,0.0,0.0,39
2023-05-09 21:35:53,CF311C17200,棉花2311购17200,370.0,0.0,0.0,0.0,1,295.0,1149.0,10,370.0,390.0,0.0,0.0,0.0,0.0,39
2023-05-09 21:35:53,CF311C17200,棉花2311购17200,370.0,0.0,0.0,0.0,11,295.0,1149.0,10,370.0,390.0,0.0,0.0,0.0,0.0,39
2023-05-09 21:35:54,CF311C17200,棉花2311购17200,370.0,0.0,0.0,0.0,1,295.0,1149.0,10,370.0,390.0,0.0,0.0,0.0,0.0,39
2023-05-09 21:35:55,CF311C17200,棉花2311购17200,370.0,0.0,0.0,0.0,1,295.0,1148.0,1,370.0,390.0,0.0,0.0,0.0,0.0,39
2023-05-09 21:35:55,CF311C17200,棉花2311购17200,370.0,0.0,0.0,0.0,1,295.0,1147.0,10,370.0,390.0,0.0,0.0,0.0,0.0,39
2023-05-09 21:36:27,CF311C17200,棉花2311购17200,370.0,0.0,0.0,0.0,11,295.0,1147.0,10,370.0,390.0,0.0,0.0,0.0,0.0,39
2023-05-09 21:36:31,CF311C17200,棉花2311购17200,370.0,0.0,0.0,0.0,1,295.0,1147.0,10,370.0,390.0,0.0,0.0,0.0,0.0,39
2023-05-09 21:36:44,CF311C17200,棉花2311购17200,370.0,0.0,0.0,0.0,11,295.0,1147.0,10,370.0,390.0,0.0,0.0,0.0,0.0,39
2023-05-09 21:37:51,CF311C17200,棉花2311购17200,370.0,0.0,0.0,0.0,1,295.0,1147.0,10,370.0,390.0,0.0,0.0,0.0,0.0,39
2023-05-09 21:44:16,CF311C17200,棉花2311购17200,370.0,0.0,0.0,0.0,1,295.0,1144.0,1,370.0,390.0,0.0,0.0,0.0,0.0,39
2023-05-09 21:44:17,CF311C17200,棉花2311购17200,370.0,0.0,0.0,0.0,1,295.0,1143.0,10,370.0,390.0,0.0,0.0,0.0,0.0,39
2023-05-09 21:44:17,CF311C17200,棉花2311购17200,370.0,0.0,0.0,0.0,1,295.0,1140.0,1,370.0,390.0,0.0,0.0,0.0,0.0,39
2023-05-09 21:44:18,CF311C17200,棉花2311购17200,370.0,0.0,0.0,0.0,1,295.0,1139.0,10,370.0,390.0,0.0,0.0,0.0,0.0,39
2023-05-09 21:44:18,CF311C17200,棉花2311购17200,370.0,0.0,0.0,0.0,1,295.0,1136.0,1,370.0,390.0,0.0,0.0,0.0,0.0,39
2023-05-09 21:44:19,CF311C17200,棉花2311购17200,370.0,0.0,0.0,0.0,1,295.0,1135.0,10,370.0,390.0,0.0,0.0,0.0,0.0,39
2023-05-09 21:44:19,CF311C17200,棉花2311购17200,370.0,0.0,0.0,0.0,1,295.0,1132.0,1,370.0,390.0,0.0,0.0,0.0,0.0,39
2023-05-09 21:44:20,CF311C17200,棉花2311购17200,370.0,0.0,0.0,0.0,1,295.0,1131.0,10,370.0,390.0,0.0,0.0,0.0,0.0,39
2023-05-09 21:44:20,CF311C17200,棉花2311购17200,370.0,0.0,0.0,0.0,1,295.0,1128.0,1,370.0,390.0,0.0,0.0,0.0,0.0,39
2023-05-09 21:44:21,CF311C17200,棉花2311购17200,370.0,0.0,0.0,0.0,1,295.0,1127.0,10,370.0,390.0,0.0,0.0,0.0,0.0,39
2023-05-09 21:44:21,CF311C17200,棉花2311购17200,370.0,0.0,0.0,0.0,1,295.0,1124.0,1,370.0,390.0,0.0,0.0,0.0,0.0,39
2023-05-09 21:44:22,CF311C17200,棉花2311购17200,370.0,0.0,0.0,0.0,1,295.0,1123.0,10,370.0,390.0,0.0,0.0,0.0,0.0,39
2023-05-09 21:44:22,CF311C17200,棉花2311购17200,370.0,0.0,0.0,0.0,1,295.0,1120.0,1,370.0,390.0,0.0,0.0,0.0,0.0,39
2023-05-09 21:44:23,CF311C17200,棉花2311购17200,370.0,0.0,0.0,0.0,1,295.0,1119.0,10,370.0,390.0,0.0,0.0,0.0,0.0,39
2023-05-09 21:44:23,CF311C17200,棉花2311购17200,370.0,0.0,0.0,0.0,1,295.0,1116.0,1,370.0,390.0,0.0,0.0,0.0,0.0,39
2023-05-09 21:44:24,CF311C17200,棉花2311购17200,370.0,0.0,0.0,0.0,1,295.0,1115.0,10,370.0,390.0,0.0,0.0,0.0,0.0,39
2023-05-09 21:44:24,CF311C17200,棉花2311购17200,370.0,0.0,0.0,0.0,1,295.0,1112.0,1,370.0,390.0,0.0,0.0,0.0,0.0,39
2023-05-09 21:44:25,CF311C17200,棉花2311购17200,370.0,0.0,0.0,0.0,1,295.0,1111.0,10,370.0,390.0,0.0,0.0,0.0,0.0,39
2023-05-09 21:44:25,CF311C17200,棉花2311购17200,370.0,0.0,0.0,0.0,1,295.0,1108.0,1,370.0,390.0,0.0,0.0,0.0,0.0,39
2023-05-09 21:44:26,CF311C17200,棉花2311购17200,370.0,0.0,0.0,0.0,1,295.0,1107.0,10,370.0,390.0,0.0,0.0,0.0,0.0,39
2023-05-09 21:48:52,CF311C17200,棉花2311购17200,370.0,0.0,0.0,0.0,10,296.0,1107.0,10,370.0,390.0,0.0,0.0,0.0,0.0,39
2023-05-09 21:55:40,CF311C17200,棉花2311购17200,370.0,0.0,0.0,0.0,1,390.0,1107.0,10,370.0,390.0,0.0,0.0,0.0,0.0,39
2023-05-09 21:55:41,CF311C17200,棉花2311购17200,390.0,1.0,390.0,1.0,10,296.0,1104.0,1,370.0,390.0,390.0,390.0,1.0,390.0,40
2023-05-09 21:55:41,CF311C17200,棉花2311购17200,390.0,0.0,0.0,0.0,10,296.0,1103.0,11,370.0,390.0,390.0,390.0,1.0,390.0,40
2023-05-09 21:55:42,CF311C17200,棉花2311购17200,390.0,0.0,0.0,0.0,10,296.0,1100.0,1,370.0,390.0,390.0,390.0,1.0,390.0,40
2023-05-09 21:55:42,CF311C17200,棉花2311购17200,390.0,0.0,0.0,0.0,10,296.0,1099.0,11,370.0,390.0,390.0,390.0,1.0,390.0,40
2023-05-09 21:55:43,CF311C17200,棉花2311购17200,390.0,0.0,0.0,0.0,10,296.0,1096.0,1,370.0,390.0,390.0,390.0,1.0,390.0,40
2023-05-09 21:55:43,CF311C17200,棉花2311购17200,390.0,0.0,0.0,0.0,10,296.0,1095.0,11,370.0,390.0,390.0,390.0,1.0,390.0,40
2023-05-09 21:55:44,CF311C17200,棉花2311购17200,390.0,0.0,0.0,0.0,10,296.0,1092.0,1,370.0,390.0,390.0,390.0,1.0,390.0,40
2023-05-09 21:55:44,CF311C17200,棉花2311购17200,390.0,0.0,0.0,0.0,10,296.0,1091.0,11,370.0,390.0,390.0,390.0,1.0,390.0,40
2023-05-09 21:55:45,CF311C17200,棉花2311购17200,390.0,0.0,0.0,0.0,10,296.0,1088.0,1,370.0,390.0,390.0,390.0,1.0,390.0,40
2023-05-09 21:55:45,CF311C17200,棉花2311购17200,390.0,0.0,0.0,0.0,10,296.0,1087.0,11,370.0,390.0,390.0,390.0,1.0,390.0,40
2023-05-09 21:55:46,CF311C17200,棉花2311购17200,390.0,0.0,0.0,0.0,10,296.0,1084.0,1,370.0,390.0,390.0,390.0,1.0,390.0,40
2023-05-09 21:55:46,CF311C17200,棉花2311购17200,390.0,0.0,0.0,0.0,10,296.0,1083.0,11,370.0,390.0,390.0,390.0,1.0,390.0,40
2023-05-09 21:55:47,CF311C17200,棉花2311购17200,390.0,0.0,0.0,0.0,10,296.0,1080.0,1,370.0,390.0,390.0,390.0,1.0,390.0,40
2023-05-09 21:55:47,CF311C17200,棉花2311购17200,390.0,0.0,0.0,0.0,10,296.0,1079.0,11,370.0,390.0,390.0,390.0,1.0,390.0,40
2023-05-09 21:55:48,CF311C17200,棉花2311购17200,390.0,0.0,0.0,0.0,10,296.0,1076.0,1,370.0,390.0,390.0,390.0,1.0,390.0,40
2023-05-09 21:55:48,CF311C17200,棉花2311购17200,390.0,0.0,0.0,0.0,10,296.0,1075.0,11,370.0,390.0,390.0,390.0,1.0,390.0,40
2023-05-09 21:55:49,CF311C17200,棉花2311购17200,390.0,0.0,0.0,0.0,10,296.0,1072.0,1,370.0,390.0,390.0,390.0,1.0,390.0,40
2023-05-09 21:55:49,CF311C17200,棉花2311购17200,390.0,0.0,0.0,0.0,10,296.0,1071.0,11,370.0,390.0,390.0,390.0,1.0,390.0,40
2023-05-09 21:55:50,CF311C17200,棉花2311购17200,390.0,0.0,0.0,0.0,10,296.0,1068.0,1,370.0,390.0,390.0,390.0,1.0,390.0,40
2023-05-09 21:55:50,CF311C17200,棉花2311购17200,390.0,0.0,0.0,0.0,10,296.0,1067.0,11,370.0,390.0,390.0,390.0,1.0,390.0,40
2023-05-09 21:56:17,CF311C17200,棉花2311购17200,390.0,0.0,0.0,0.0,11,295.0,1067.0,11,370.0,390.0,390.0,390.0,1.0,390.0,40
2023-05-09 21:56:34,CF311C17200,棉花2311购17200,390.0,0.0,0.0,0.0,1,295.0,1067.0,11,370.0,390.0,390.0,390.0,1.0,390.0,40
2023-05-09 21:56:50,CF311C17200,棉花2311购17200,390.0,0.0,0.0,0.0,11,295.0,1067.0,11,370.0,390.0,390.0,390.0,1.0,390.0,40
2023-05-09 22:57:35,CF311C17200,棉花2311购17200,390.0,0.0,0.0,0.0,1,295.0,1067.0,1,370.0,390.0,390.0,390.0,1.0,390.0,40
2023-05-10 09:00:47,CF311C17200,棉花2311购17200,390.0,0.0,0.0,0.0,1,295.0,1066.0,1,370.0,390.0,390.0,390.0,1.0,390.0,40
2023-05-10 09:00:49,CF311C17200,棉花2311购17200,390.0,0.0,0.0,0.0,1,295.0,1065.0,1,370.0,390.0,390.0,390.0,1.0,390.0,40
2023-05-10 09:01:29,CF311C17200,棉花2311购17200,390.0,0.0,0.0,0.0,10,296.0,1064.0,10,370.0,390.0,390.0,390.0,1.0,390.0,40
2023-05-10 09:01:30,CF311C17200,棉花2311购17200,390.0,0.0,0.0,0.0,10,296.0,1061.0,1,370.0,390.0,390.0,390.0,1.0,390.0,40
2023-05-10 09:01:31,CF311C17200,棉花2311购17200,390.0,0.0,0.0,0.0,10,296.0,1060.0,10,370.0,390.0,390.0,390.0,1.0,390.0,40
2023-05-10 09:01:32,CF311C17200,棉花2311购17200,390.0,0.0,0.0,0.0,10,296.0,1057.0,1,370.0,390.0,390.0,390.0,1.0,390.0,40
2023-05-10 09:01:33,CF311C17200,棉花2311购17200,390.0,0.0,0.0,0.0,10,296.0,1056.0,10,370.0,390.0,390.0,390.0,1.0,390.0,40
2023-05-10 09:01:33,CF311C17200,棉花2311购17200,390.0,0.0,0.0,0.0,10,296.0,1053.0,1,370.0,390.0,390.0,390.0,1.0,390.0,40
2023-05-10 09:01:34,CF311C17200,棉花2311购17200,390.0,0.0,0.0,0.0,10,296.0,1052.0,10,370.0,390.0,390.0,390.0,1.0,390.0,40
2023-05-10 09:01:34,CF311C17200,棉花2311购17200,390.0,0.0,0.0,0.0,10,296.0,1049.0,1,370.0,390.0,390.0,390.0,1.0,390.0,40
2023-05-10 09:01:35,CF311C17200,棉花2311购17200,390.0,0.0,0.0,0.0,10,296.0,1048.0,10,370.0,390.0,390.0,390.0,1.0,390.0,40
2023-05-10 09:01:35,CF311C17200,棉花2311购17200,390.0,0.0,0.0,0.0,10,296.0,1045.0,1,370.0,390.0,390.0,390.0,1.0,390.0,40
2023-05-10 09:01:36,CF311C17200,棉花2311购17200,390.0,0.0,0.0,0.0,10,296.0,1044.0,10,370.0,390.0,390.0,390.0,1.0,390.0,40
2023-05-10 09:01:36,CF311C17200,棉花2311购17200,390.0,0.0,0.0,0.0,10,296.0,1041.0,1,370.0,390.0,390.0,390.0,1.0,390.0,40
2023-05-10 09:01:37,CF311C17200,棉花2311购17200,390.0,0.0,0.0,0.0,10,296.0,1040.0,10,370.0,390.0,390.0,390.0,1.0,390.0,40
2023-05-10 09:01:37,CF311C17200,棉花2311购17200,390.0,0.0,0.0,0.0,10,296.0,1037.0,1,370.0,390.0,390.0,390.0,1.0,390.0,40
2023-05-10 09:01:38,CF311C17200,棉花2311购17200,390.0,0.0,0.0,0.0,10,296.0,1036.0,10,370.0,390.0,390.0,390.0,1.0,390.0,40
2023-05-10 09:01:40,CF311C17200,棉花2311购17200,390.0,0.0,0.0,0.0,10,296.0,1033.0,1,370.0,390.0,390.0,390.0,1.0,390.0,40
2023-05-10 09:01:41,CF311C17200,棉花2311购17200,390.0,0.0,0.0,0.0,10,296.0,1032.0,10,370.0,390.0,390.0,390.0,1.0,390.0,40
2023-05-10 09:01:43,CF311C17200,棉花2311购17200,390.0,0.0,0.0,0.0,10,296.0,1029.0,1,370.0,390.0,390.0,390.0,1.0,390.0,40
2023-05-10 09:01:44,CF311C17200,棉花2311购17200,390.0,0.0,0.0,0.0,10,296.0,1028.0,10,370.0,390.0,390.0,390.0,1.0,390.0,40
2023-05-10 09:01:45,CF311C17200,棉花2311购17200,390.0,0.0,0.0,0.0,10,296.0,1025.0,1,370.0,390.0,390.0,390.0,1.0,390.0,40
2023-05-10 09:01:45,CF311C17200,棉花2311购17200,390.0,0.0,0.0,0.0,10,296.0,1024.0,10,370.0,390.0,390.0,390.0,1.0,390.0,40
2023-05-10 09:01:49,CF311C17200,棉花2311购17200,390.0,0.0,0.0,0.0,10,296.0,1021.0,1,370.0,390.0,390.0,390.0,1.0,390.0,40
2023-05-10 09:01:49,CF311C17200,棉花2311购17200,390.0,0.0,0.0,0.0,10,296.0,1020.0,10,370.0,390.0,390.0,390.0,1.0,390.0,40
2023-05-10 09:01:51,CF311C17200,棉花2311购17200,390.0,0.0,0.0,0.0,10,296.0,1017.0,1,370.0,390.0,390.0,390.0,1.0,390.0,40
2023-05-10 09:01:51,CF311C17200,棉花2311购17200,390.0,0.0,0.0,0.0,10,296.0,1016.0,10,370.0,390.0,390.0,390.0,1.0,390.0,40
2023-05-10 09:01:52,CF311C17200,棉花2311购17200,390.0,0.0,0.0,0.0,10,296.0,1013.0,1,370.0,390.0,390.0,390.0,1.0,390.0,40
2023-05-10 09:01:52,CF311C17200,棉花2311购17200,390.0,0.0,0.0,0.0,10,296.0,1012.0,10,370.0,390.0,390.0,390.0,1.0,390.0,40
2023-05-10 09:01:55,CF311C17200,棉花2311购17200,390.0,0.0,0.0,0.0,10,296.0,1009.0,1,370.0,390.0,390.0,390.0,1.0,390.0,40
2023-05-10 09:01:55,CF311C17200,棉花2311购17200,390.0,0.0,0.0,0.0,10,296.0,1008.0,10,370.0,390.0,390.0,390.0,1.0,390.0,40
2023-05-10 09:01:57,CF311C17200,棉花2311购17200,390.0,0.0,0.0,0.0,10,296.0,1005.0,1,370.0,390.0,390.0,390.0,1.0,390.0,40
2023-05-10 09:01:57,CF311C17200,棉花2311购17200,390.0,0.0,0.0,0.0,10,296.0,1004.0,10,370.0,390.0,390.0,390.0,1.0,390.0,40
2023-05-10 09:01:59,CF311C17200,棉花2311购17200,390.0,0.0,0.0,0.0,10,296.0,1001.0,1,370.0,390.0,390.0,390.0,1.0,390.0,40
2023-05-10 09:01:59,CF311C17200,棉花2311购17200,390.0,0.0,0.0,0.0,10,296.0,1000.0,10,370.0,390.0,390.0,390.0,1.0,390.0,40
2023-05-10 09:02:00,CF311C17200,棉花2311购17200,390.0,0.0,0.0,0.0,10,296.0,997.0,1,370.0,390.0,390.0,390.0,1.0,390.0,40
2023-05-10 09:02:00,CF311C17200,棉花2311购17200,390.0,0.0,0.0,0.0,10,296.0,989.0,1,370.0,390.0,390.0,390.0,1.0,390.0,40
2023-05-10 09:02:01,CF311C17200,棉花2311购17200,390.0,0.0,0.0,0.0,10,296.0,988.0,10,370.0,390.0,390.0,390.0,1.0,390.0,40
2023-05-10 09:02:02,CF311C17200,棉花2311购17200,390.0,0.0,0.0,0.0,10,296.0,985.0,1,370.0,390.0,390.0,390.0,1.0,390.0,40
2023-05-10 09:02:03,CF311C17200,棉花2311购17200,390.0,0.0,0.0,0.0,10,296.0,984.0,10,370.0,390.0,390.0,390.0,1.0,390.0,40
2023-05-10 09:02:05,CF311C17200,棉花2311购17200,390.0,0.0,0.0,0.0,10,296.0,973.0,1,370.0,390.0,390.0,390.0,1.0,390.0,40
2023-05-10 09:02:06,CF311C17200,棉花2311购17200,390.0,0.0,0.0,0.0,10,296.0,972.0,10,370.0,390.0,390.0,390.0,1.0,390.0,40
2023-05-10 09:02:09,CF311C17200,棉花2311购17200,390.0,0.0,0.0,0.0,10,296.0,969.0,1,370.0,390.0,390.0,390.0,1.0,390.0,40
2023-05-10 09:02:10,CF311C17200,棉花2311购17200,390.0,0.0,0.0,0.0,10,296.0,961.0,1,370.0,390.0,390.0,390.0,1.0,390.0,40
2023-05-10 09:02:10,CF311C17200,棉花2311购17200,390.0,0.0,0.0,0.0,10,296.0,960.0,10,370.0,390.0,390.0,390.0,1.0,390.0,40
2023-05-10 09:02:16,CF311C17200,棉花2311购17200,390.0,0.0,0.0,0.0,10,296.0,949.0,1,370.0,390.0,390.0,390.0,1.0,390.0,40
2023-05-10 09:02:16,CF311C17200,棉花2311购17200,390.0,0.0,0.0,0.0,10,296.0,948.0,10,370.0,390.0,390.0,390.0,1.0,390.0,40
2023-05-10 09:02:16,CF311C17200,棉花2311购17200,390.0,0.0,0.0,0.0,10,296.0,946.0,1,370.0,390.0,390.0,390.0,1.0,390.0,40
2023-05-10 09:02:17,CF311C17200,棉花2311购17200,390.0,0.0,0.0,0.0,10,296.0,945.0,10,370.0,390.0,390.0,390.0,1.0,390.0,40
2023-05-10 09:02:22,CF311C17200,棉花2311购17200,390.0,0.0,0.0,0.0,10,296.0,942.0,1,370.0,390.0,390.0,390.0,1.0,390.0,40
2023-05-10 09:02:22,CF311C17200,棉花2311购17200,390.0,0.0,0.0,0.0,10,296.0,934.0,1,370.0,390.0,390.0,390.0,1.0,390.0,40
2023-05-10 09:02:23,CF311C17200,棉花2311购17200,390.0,0.0,0.0,0.0,10,296.0,933.0,10,370.0,390.0,390.0,390.0,1.0,390.0,40
2023-05-10 09:02:28,CF311C17200,棉花2311购17200,390.0,0.0,0.0,0.0,10,296.0,930.0,1,370.0,390.0,390.0,390.0,1.0,390.0,40
2023-05-10 09:02:28,CF311C17200,棉花2311购17200,390.0,0.0,0.0,0.0,10,296.0,929.0,10,370.0,390.0,390.0,390.0,1.0,390.0,40
2023-05-10 09:02:30,CF311C17200,棉花2311购17200,390.0,0.0,0.0,0.0,10,296.0,918.0,1,370.0,390.0,390.0,390.0,1.0,390.0,40
2023-05-10 09:02:30,CF311C17200,棉花2311购17200,390.0,0.0,0.0,0.0,10,296.0,917.0,10,370.0,390.0,390.0,390.0,1.0,390.0,40
2023-05-10 09:02:31,CF311C17200,棉花2311购17200,390.0,0.0,0.0,0.0,10,296.0,914.0,1,370.0,390.0,390.0,390.0,1.0,390.0,40
2023-05-10 09:02:31,CF311C17200,棉花2311购17200,390.0,0.0,0.0,0.0,10,296.0,913.0,10,370.0,390.0,390.0,390.0,1.0,390.0,40
2023-05-10 09:02:34,CF311C17200,棉花2311购17200,390.0,0.0,0.0,0.0,10,296.0,910.0,1,370.0,390.0,390.0,390.0,1.0,390.0,40
2023-05-10 09:02:35,CF311C17200,棉花2311购17200,390.0,0.0,0.0,0.0,10,296.0,902.0,1,370.0,390.0,390.0,390.0,1.0,390.0,40
2023-05-10 09:02:35,CF311C17200,棉花2311购17200,390.0,0.0,0.0,0.0,10,296.0,901.0,10,370.0,390.0,390.0,390.0,1.0,390.0,40
2023-05-10 09:02:39,CF311C17200,棉花2311购17200,390.0,0.0,0.0,0.0,10,296.0,898.0,1,370.0,390.0,390.0,390.0,1.0,390.0,40
2023-05-10 09:02:39,CF311C17200,棉花2311购17200,390.0,0.0,0.0,0.0,10,296.0,897.0,10,370.0,390.0,390.0,390.0,1.0,390.0,40
2023-05-10 09:02:45,CF311C17200,棉花2311购17200,390.0,0.0,0.0,0.0,10,296.0,886.0,1,370.0,390.0,390.0,390.0,1.0,390.0,40
2023-05-10 09:02:45,CF311C17200,棉花2311购17200,390.0,0.0,0.0,0.0,10,296.0,885.0,10,370.0,390.0,390.0,390.0,1.0,390.0,40
2023-05-10 09:02:46,CF311C17200,棉花2311购17200,390.0,0.0,0.0,0.0,10,296.0,882.0,1,370.0,390.0,390.0,390.0,1.0,390.0,40
2023-05-10 09:02:46,CF311C17200,棉花2311购17200,390.0,0.0,0.0,0.0,10,296.0,881.0,10,370.0,390.0,390.0,390.0,1.0,390.0,40
2023-05-10 09:02:47,CF311C17200,棉花2311购17200,390.0,0.0,0.0,0.0,10,296.0,878.0,1,370.0,390.0,390.0,390.0,1.0,390.0,40
2023-05-10 09:02:47,CF311C17200,棉花2311购17200,390.0,0.0,0.0,0.0,10,296.0,877.0,10,370.0,390.0,390.0,390.0,1.0,390.0,40
2023-05-10 09:02:48,CF311C17200,棉花2311购17200,390.0,0.0,0.0,0.0,10,296.0,874.0,1,370.0,390.0,390.0,390.0,1.0,390.0,40
2023-05-10 09:02:48,CF311C17200,棉花2311购17200,390.0,0.0,0.0,0.0,10,296.0,873.0,10,370.0,390.0,390.0,390.0,1.0,390.0,40
2023-05-10 09:02:49,CF311C17200,棉花2311购17200,390.0,0.0,0.0,0.0,10,296.0,870.0,1,370.0,390.0,390.0,390.0,1.0,390.0,40
2023-05-10 09:02:49,CF311C17200,棉花2311购17200,390.0,0.0,0.0,0.0,10,296.0,869.0,10,370.0,390.0,390.0,390.0,1.0,390.0,40
2023-05-10 09:02:50,CF311C17200,棉花2311购17200,390.0,0.0,0.0,0.0,10,296.0,866.0,1,370.0,390.0,390.0,390.0,1.0,390.0,40
2023-05-10 09:02:50,CF311C17200,棉花2311购17200,390.0,0.0,0.0,0.0,10,296.0,865.0,10,370.0,390.0,390.0,390.0,1.0,390.0,40
2023-05-10 09:02:51,CF311C17200,棉花2311购17200,390.0,0.0,0.0,0.0,10,296.0,862.0,1,370.0,390.0,390.0,390.0,1.0,390.0,40
2023-05-10 09:02:51,CF311C17200,棉花2311购17200,390.0,0.0,0.0,0.0,10,296.0,861.0,10,370.0,390.0,390.0,390.0,1.0,390.0,40
2023-05-10 09:02:53,CF311C17200,棉花2311购17200,390.0,0.0,0.0,0.0,10,296.0,858.0,1,370.0,390.0,390.0,390.0,1.0,390.0,40
2023-05-10 09:02:53,CF311C17200,棉花2311购17200,390.0,0.0,0.0,0.0,10,296.0,850.0,1,370.0,390.0,390.0,390.0,1.0,390.0,40
2023-05-10 09:02:54,CF311C17200,棉花2311购17200,390.0,0.0,0.0,0.0,10,296.0,849.0,10,370.0,390.0,390.0,390.0,1.0,390.0,40
2023-05-10 09:02:54,CF311C17200,棉花2311购17200,390.0,0.0,0.0,0.0,10,296.0,846.0,1,370.0,390.0,390.0,390.0,1.0,390.0,40
2023-05-10 09:02:55,CF311C17200,棉花2311购17200,390.0,0.0,0.0,0.0,10,296.0,845.0,10,370.0,390.0,390.0,390.0,1.0,390.0,40
2023-05-10 09:02:55,CF311C17200,棉花2311购17200,390.0,0.0,0.0,0.0,10,296.0,842.0,1,370.0,390.0,390.0,390.0,1.0,390.0,40
2023-05-10 09:02:56,CF311C17200,棉花2311购17200,390.0,0.0,0.0,0.0,10,296.0,841.0,10,370.0,390.0,390.0,390.0,1.0,390.0,40
2023-05-10 09:02:58,CF311C17200,棉花2311购17200,390.0,0.0,0.0,0.0,10,296.0,830.0,1,370.0,390.0,390.0,390.0,1.0,390.0,40
2023-05-10 09:02:58,CF311C17200,棉花2311购17200,390.0,0.0,0.0,0.0,10,296.0,829.0,10,370.0,390.0,390.0,390.0,1.0,390.0,40
2023-05-10 09:02:59,CF311C17200,棉花2311购17200,390.0,0.0,0.0,0.0,10,296.0,826.0,1,370.0,390.0,390.0,390.0,1.0,390.0,40
2023-05-10 09:02:59,CF311C17200,棉花2311购17200,390.0,0.0,0.0,0.0,10,296.0,825.0,10,370.0,390.0,390.0,390.0,1.0,390.0,40
2023-05-10 09:03:02,CF311C17200,棉花2311购17200,390.0,0.0,0.0,0.0,10,296.0,822.0,1,370.0,390.0,390.0,390.0,1.0,390.0,40
2023-05-10 09:03:02,CF311C17200,棉花2311购17200,390.0,0.0,0.0,0.0,10,296.0,821.0,10,370.0,390.0,390.0,390.0,1.0,390.0,40
2023-05-10 09:03:09,CF311C17200,棉花2311购17200,390.0,0.0,0.0,0.0,10,296.0,818.0,1,370.0,390.0,390.0,390.0,1.0,390.0,40
2023-05-10 09:03:09,CF311C17200,棉花2311购17200,390.0,0.0,0.0,0.0,10,296.0,809.0,10,370.0,390.0,390.0,390.0,1.0,390.0,40
2023-05-10 09:03:11,CF311C17200,棉花2311购17200,390.0,0.0,0.0,0.0,10,296.0,806.0,1,370.0,390.0,390.0,390.0,1.0,390.0,40
2023-05-10 09:03:11,CF311C17200,棉花2311购17200,390.0,0.0,0.0,0.0,10,296.0,805.0,10,370.0,390.0,390.0,390.0,1.0,390.0,40
2023-05-10 09:03:17,CF311C17200,棉花2311购17200,390.0,0.0,0.0,0.0,10,296.0,794.0,1,370.0,390.0,390.0,390.0,1.0,390.0,40
2023-05-10 09:03:17,CF311C17200,棉花2311购17200,390.0,0.0,0.0,0.0,10,296.0,793.0,10,370.0,390.0,390.0,390.0,1.0,390.0,40
2023-05-10 09:03:21,CF311C17200,棉花2311购17200,390.0,0.0,0.0,0.0,10,296.0,782.0,1,370.0,390.0,390.0,390.0,1.0,390.0,40
2023-05-10 09:03:21,CF311C17200,棉花2311购17200,390.0,0.0,0.0,0.0,10,296.0,778.0,10,370.0,390.0,390.0,390.0,1.0,390.0,40
2023-05-10 09:03:26,CF311C17200,棉花2311购17200,390.0,0.0,0.0,0.0,10,296.0,775.0,1,370.0,390.0,390.0,390.0,1.0,390.0,40
2023-05-10 09:03:26,CF311C17200,棉花2311购17200,390.0,0.0,0.0,0.0,10,296.0,774.0,10,370.0,390.0,390.0,390.0,1.0,390.0,40
2023-05-10 09:03:27,CF311C17200,棉花2311购17200,390.0,0.0,0.0,0.0,10,296.0,764.0,1,370.0,390.0,390.0,390.0,1.0,390.0,40
2023-05-10 09:03:27,CF311C17200,棉花2311购17200,390.0,0.0,0.0,0.0,10,296.0,761.0,1,370.0,390.0,390.0,390.0,1.0,390.0,40
2023-05-10 09:03:28,CF311C17200,棉花2311购17200,390.0,0.0,0.0,0.0,10,296.0,760.0,10,370.0,390.0,390.0,390.0,1.0,390.0,40
2023-05-10 09:03:33,CF311C17200,棉花2311购17200,390.0,0.0,0.0,0.0,10,296.0,749.0,1,370.0,390.0,390.0,390.0,1.0,390.0,40
2023-05-10 09:03:33,CF311C17200,棉花2311购17200,390.0,0.0,0.0,0.0,10,296.0,745.0,10,370.0,390.0,390.0,390.0,1.0,390.0,40
2023-05-10 09:03:33,CF311C17200,棉花2311购17200,390.0,0.0,0.0,0.0,10,296.0,742.0,1,370.0,390.0,390.0,390.0,1.0,390.0,40
2023-05-10 09:03:34,CF311C17200,棉花2311购17200,390.0,0.0,0.0,0.0,10,296.0,741.0,10,370.0,390.0,390.0,390.0,1.0,390.0,40
2023-05-10 09:03:34,CF311C17200,棉花2311购17200,390.0,0.0,0.0,0.0,10,296.0,738.0,1,370.0,390.0,390.0,390.0,1.0,390.0,40
2023-05-10 09:03:35,CF311C17200,棉花2311购17200,390.0,0.0,0.0,0.0,10,296.0,737.0,10,370.0,390.0,390.0,390.0,1.0,390.0,40
2023-05-10 09:03:39,CF311C17200,棉花2311购17200,390.0,0.0,0.0,0.0,10,296.0,726.0,1,370.0,390.0,390.0,390.0,1.0,390.0,40
2023-05-10 09:03:39,CF311C17200,棉花2311购17200,390.0,0.0,0.0,0.0,10,296.0,725.0,10,370.0,390.0,390.0,390.0,1.0,390.0,40
2023-05-10 09:03:41,CF311C17200,棉花2311购17200,390.0,0.0,0.0,0.0,10,296.0,722.0,1,370.0,390.0,390.0,390.0,1.0,390.0,40
2023-05-10 09:03:41,CF311C17200,棉花2311购17200,390.0,0.0,0.0,0.0,10,296.0,721.0,10,370.0,390.0,390.0,390.0,1.0,390.0,40
2023-05-10 09:03:45,CF311C17200,棉花2311购17200,390.0,0.0,0.0,0.0,10,296.0,710.0,1,370.0,390.0,390.0,390.0,1.0,390.0,40
2023-05-10 09:03:46,CF311C17200,棉花2311购17200,390.0,0.0,0.0,0.0,10,296.0,707.0,1,370.0,390.0,390.0,390.0,1.0,390.0,40
2023-05-10 09:03:46,CF311C17200,棉花2311购17200,390.0,0.0,0.0,0.0,10,296.0,706.0,10,370.0,390.0,390.0,390.0,1.0,390.0,40
2023-05-10 09:03:48,CF311C17200,棉花2311购17200,390.0,0.0,0.0,0.0,10,296.0,703.0,1,370.0,390.0,390.0,390.0,1.0,390.0,40
2023-05-10 09:03:48,CF311C17200,棉花2311购17200,390.0,0.0,0.0,0.0,10,296.0,702.0,10,370.0,390.0,390.0,390.0,1.0,390.0,40
2023-05-10 09:03:49,CF311C17200,棉花2311购17200,390.0,0.0,0.0,0.0,10,296.0,699.0,1,370.0,390.0,390.0,390.0,1.0,390.0,40
2023-05-10 09:03:49,CF311C17200,棉花2311购17200,390.0,0.0,0.0,0.0,10,296.0,698.0,10,370.0,390.0,390.0,390.0,1.0,390.0,40
2023-05-10 09:03:50,CF311C17200,棉花2311购17200,390.0,0.0,0.0,0.0,10,296.0,695.0,1,370.0,390.0,390.0,390.0,1.0,390.0,40
2023-05-10 09:03:50,CF311C17200,棉花2311购17200,390.0,0.0,0.0,0.0,10,296.0,694.0,10,370.0,390.0,390.0,390.0,1.0,390.0,40
2023-05-10 09:03:51,CF311C17200,棉花2311购17200,390.0,0.0,0.0,0.0,10,296.0,691.0,1,370.0,390.0,390.0,390.0,1.0,390.0,40
2023-05-10 09:03:51,CF311C17200,棉花2311购17200,390.0,0.0,0.0,0.0,10,296.0,690.0,10,370.0,390.0,390.0,390.0,1.0,390.0,40
2023-05-10 09:03:53,CF311C17200,棉花2311购17200,390.0,0.0,0.0,0.0,10,296.0,687.0,1,370.0,390.0,390.0,390.0,1.0,390.0,40
2023-05-10 09:03:53,CF311C17200,棉花2311购17200,390.0,0.0,0.0,0.0,10,296.0,686.0,10,370.0,390.0,390.0,390.0,1.0,390.0,40
2023-05-10 09:03:54,CF311C17200,棉花2311购17200,390.0,0.0,0.0,0.0,10,296.0,683.0,1,370.0,390.0,390.0,390.0,1.0,390.0,40
2023-05-10 09:03:54,CF311C17200,棉花2311购17200,390.0,0.0,0.0,0.0,10,296.0,682.0,10,370.0,390.0,390.0,390.0,1.0,390.0,40
2023-05-10 09:03:56,CF311C17200,棉花2311购17200,390.0,0.0,0.0,0.0,10,296.0,679.0,1,370.0,390.0,390.0,390.0,1.0,390.0,40
2023-05-10 09:03:56,CF311C17200,棉花2311购17200,390.0,0.0,0.0,0.0,10,296.0,678.0,10,370.0,390.0,390.0,390.0,1.0,390.0,40
2023-05-10 09:03:59,CF311C17200,棉花2311购17200,390.0,0.0,0.0,0.0,10,296.0,675.0,1,370.0,390.0,390.0,390.0,1.0,390.0,40
2023-05-10 09:03:59,CF311C17200,棉花2311购17200,390.0,0.0,0.0,0.0,10,296.0,674.0,10,370.0,390.0,390.0,390.0,1.0,390.0,40
2023-05-10 09:04:06,CF311C17200,棉花2311购17200,390.0,0.0,0.0,0.0,10,296.0,671.0,1,370.0,390.0,390.0,390.0,1.0,390.0,40
2023-05-10 09:04:06,CF311C17200,棉花2311购17200,390.0,0.0,0.0,0.0,10,296.0,670.0,10,370.0,390.0,390.0,390.0,1.0,390.0,40
2023-05-10 09:04:07,CF311C17200,棉花2311购17200,390.0,0.0,0.0,0.0,10,296.0,667.0,1,370.0,390.0,390.0,390.0,1.0,390.0,40
2023-05-10 09:04:07,CF311C17200,棉花2311购17200,390.0,0.0,0.0,0.0,10,296.0,666.0,10,370.0,390.0,390.0,390.0,1.0,390.0,40
2023-05-10 09:04:11,CF311C17200,棉花2311购17200,390.0,0.0,0.0,0.0,10,296.0,663.0,1,370.0,390.0,390.0,390.0,1.0,390.0,40
2023-05-10 09:04:11,CF311C17200,棉花2311购17200,390.0,0.0,0.0,0.0,10,296.0,662.0,10,370.0,390.0,390.0,390.0,1.0,390.0,40
2023-05-10 09:04:19,CF311C17200,棉花2311购17200,390.0,0.0,0.0,0.0,10,296.0,659.0,1,370.0,390.0,390.0,390.0,1.0,390.0,40
2023-05-10 09:04:19,CF311C17200,棉花2311购17200,390.0,0.0,0.0,0.0,10,296.0,658.0,10,370.0,390.0,390.0,390.0,1.0,390.0,40
2023-05-10 09:04:24,CF311C17200,棉花2311购17200,390.0,0.0,0.0,0.0,10,296.0,655.0,1,370.0,390.0,390.0,390.0,1.0,390.0,40
2023-05-10 09:04:24,CF311C17200,棉花2311购17200,390.0,0.0,0.0,0.0,10,296.0,654.0,10,370.0,390.0,390.0,390.0,1.0,390.0,40
2023-05-10 09:04:25,CF311C17200,棉花2311购17200,390.0,0.0,0.0,0.0,10,296.0,651.0,1,370.0,390.0,390.0,390.0,1.0,390.0,40
2023-05-10 09:04:25,CF311C17200,棉花2311购17200,390.0,0.0,0.0,0.0,10,296.0,650.0,10,370.0,390.0,390.0,390.0,1.0,390.0,40
2023-05-10 09:04:27,CF311C17200,棉花2311购17200,390.0,0.0,0.0,0.0,10,296.0,647.0,1,370.0,390.0,390.0,390.0,1.0,390.0,40
2023-05-10 09:04:27,CF311C17200,棉花2311购17200,390.0,0.0,0.0,0.0,10,296.0,646.0,10,370.0,390.0,390.0,390.0,1.0,390.0,40
2023-05-10 09:04:28,CF311C17200,棉花2311购17200,390.0,0.0,0.0,0.0,10,296.0,643.0,1,370.0,390.0,390.0,390.0,1.0,390.0,40
2023-05-10 09:04:28,CF311C17200,棉花2311购17200,390.0,0.0,0.0,0.0,10,296.0,642.0,10,370.0,390.0,390.0,390.0,1.0,390.0,40
2023-05-10 09:04:29,CF311C17200,棉花2311购17200,390.0,0.0,0.0,0.0,10,296.0,639.0,1,370.0,390.0,390.0,390.0,1.0,390.0,40
2023-05-10 09:04:29,CF311C17200,棉花2311购17200,390.0,0.0,0.0,0.0,10,296.0,638.0,10,370.0,390.0,390.0,390.0,1.0,390.0,40
2023-05-10 09:04:30,CF311C17200,棉花2311购17200,390.0,0.0,0.0,0.0,10,296.0,635.0,1,370.0,390.0,390.0,390.0,1.0,390.0,40
2023-05-10 09:04:30,CF311C17200,棉花2311购17200,390.0,0.0,0.0,0.0,10,296.0,634.0,10,370.0,390.0,390.0,390.0,1.0,390.0,40
2023-05-10 09:04:31,CF311C17200,棉花2311购17200,390.0,0.0,0.0,0.0,10,296.0,631.0,1,370.0,390.0,390.0,390.0,1.0,390.0,40
2023-05-10 09:04:31,CF311C17200,棉花2311购17200,390.0,0.0,0.0,0.0,10,296.0,630.0,10,370.0,390.0,390.0,390.0,1.0,390.0,40
2023-05-10 09:34:23,CF311C17200,棉花2311购17200,390.0,0.0,0.0,0.0,1,295.0,1065.0,1,370.0,390.0,390.0,390.0,1.0,390.0,40
2023-05-10 09:34:24,CF311C17200,棉花2311购17200,390.0,0.0,0.0,0.0,1,295.0,1054.0,1,370.0,390.0,390.0,390.0,1.0,390.0,40
2023-05-10 09:34:26,CF311C17200,棉花2311购17200,390.0,0.0,0.0,0.0,1,295.0,1051.0,1,370.0,390.0,390.0,390.0,1.0,390.0,40
2023-05-10 09:34:29,CF311C17200,棉花2311购17200,390.0,0.0,0.0,0.0,10,296.0,1050.0,10,370.0,390.0,390.0,390.0,1.0,390.0,40
2023-05-10 09:34:29,CF311C17200,棉花2311购17200,390.0,0.0,0.0,0.0,10,296.0,1047.0,1,370.0,390.0,390.0,390.0,1.0,390.0,40
2023-05-10 09:34:29,CF311C17200,棉花2311购17200,390.0,0.0,0.0,0.0,10,296.0,1046.0,10,370.0,390.0,390.0,390.0,1.0,390.0,40
2023-05-10 09:34:31,CF311C17200,棉花2311购17200,390.0,0.0,0.0,0.0,10,296.0,1043.0,1,370.0,390.0,390.0,390.0,1.0,390.0,40
2023-05-10 09:34:31,CF311C17200,棉花2311购17200,390.0,0.0,0.0,0.0,10,296.0,1042.0,10,370.0,390.0,390.0,390.0,1.0,390.0,40
2023-05-10 09:34:32,CF311C17200,棉花2311购17200,390.0,0.0,0.0,0.0,10,296.0,1039.0,1,370.0,390.0,390.0,390.0,1.0,390.0,40
2023-05-10 09:34:32,CF311C17200,棉花2311购17200,390.0,0.0,0.0,0.0,10,296.0,1038.0,10,370.0,390.0,390.0,390.0,1.0,390.0,40
2023-05-10 09:34:33,CF311C17200,棉花2311购17200,390.0,0.0,0.0,0.0,10,296.0,1035.0,1,370.0,390.0,390.0,390.0,1.0,390.0,40
2023-05-10 09:34:33,CF311C17200,棉花2311购17200,390.0,0.0,0.0,0.0,10,296.0,1034.0,10,370.0,390.0,390.0,390.0,1.0,390.0,40
2023-05-10 09:34:34,CF311C17200,棉花2311购17200,390.0,0.0,0.0,0.0,10,296.0,1031.0,1,370.0,390.0,390.0,390.0,1.0,390.0,40
2023-05-10 09:34:34,CF311C17200,棉花2311购17200,390.0,0.0,0.0,0.0,10,296.0,1030.0,10,370.0,390.0,390.0,390.0,1.0,390.0,40
2023-05-10 09:34:35,CF311C17200,棉花2311购17200,390.0,0.0,0.0,0.0,10,296.0,1027.0,1,370.0,390.0,390.0,390.0,1.0,390.0,40
2023-05-10 09:34:35,CF311C17200,棉花2311购17200,390.0,0.0,0.0,0.0,10,296.0,1026.0,10,370.0,390.0,390.0,390.0,1.0,390.0,40
2023-05-10 09:34:36,CF311C17200,棉花2311购17200,390.0,0.0,0.0,0.0,10,296.0,1023.0,1,370.0,390.0,390.0,390.0,1.0,390.0,40
2023-05-10 09:34:36,CF311C17200,棉花2311购17200,390.0,0.0,0.0,0.0,10,296.0,1022.0,10,370.0,390.0,390.0,390.0,1.0,390.0,40
2023-05-10 09:34:37,CF311C17200,棉花2311购17200,390.0,0.0,0.0,0.0,10,296.0,1019.0,1,370.0,390.0,390.0,390.0,1.0,390.0,40
2023-05-10 09:34:37,CF311C17200,棉花2311购17200,390.0,0.0,0.0,0.0,10,296.0,1018.0,10,370.0,390.0,390.0,390.0,1.0,390.0,40
2023-05-10 09:34:38,CF311C17200,棉花2311购17200,390.0,0.0,0.0,0.0,10,296.0,1015.0,1,370.0,390.0,390.0,390.0,1.0,390.0,40
2023-05-10 09:34:38,CF311C17200,棉花2311购17200,390.0,0.0,0.0,0.0,10,296.0,1014.0,10,370.0,390.0,390.0,390.0,1.0,390.0,40
2023-05-10 09:34:39,CF311C17200,棉花2311购17200,390.0,0.0,0.0,0.0,10,296.0,1011.0,1,370.0,390.0,390.0,390.0,1.0,390.0,40
2023-05-10 09:34:39,CF311C17200,棉花2311购17200,390.0,0.0,0.0,0.0,10,296.0,1010.0,10,370.0,390.0,390.0,390.0,1.0,390.0,40
2023-05-10 09:34:40,CF311C17200,棉花2311购17200,390.0,0.0,0.0,0.0,10,296.0,1007.0,1,370.0,390.0,390.0,390.0,1.0,390.0,40
2023-05-10 09:34:40,CF311C17200,棉花2311购17200,390.0,0.0,0.0,0.0,10,296.0,1006.0,10,370.0,390.0,390.0,390.0,1.0,390.0,40
2023-05-10 09:34:41,CF311C17200,棉花2311购17200,390.0,0.0,0.0,0.0,10,296.0,1003.0,1,370.0,390.0,390.0,390.0,1.0,390.0,40
2023-05-10 09:34:41,CF311C17200,棉花2311购17200,390.0,0.0,0.0,0.0,10,296.0,1002.0,10,370.0,390.0,390.0,390.0,1.0,390.0,40
2023-05-10 09:34:42,CF311C17200,棉花2311购17200,390.0,0.0,0.0,0.0,10,296.0,999.0,1,370.0,390.0,390.0,390.0,1.0,390.0,40
2023-05-10 09:34:42,CF311C17200,棉花2311购17200,390.0,0.0,0.0,0.0,10,296.0,998.0,10,370.0,390.0,390.0,390.0,1.0,390.0,40
2023-05-10 09:34:43,CF311C17200,棉花2311购17200,390.0,0.0,0.0,0.0,10,296.0,995.0,1,370.0,390.0,390.0,390.0,1.0,390.0,40
2023-05-10 09:34:43,CF311C17200,棉花2311购17200,390.0,0.0,0.0,0.0,10,296.0,994.0,10,370.0,390.0,390.0,390.0,1.0,390.0,40
2023-05-10 09:34:44,CF311C17200,棉花2311购17200,390.0,0.0,0.0,0.0,10,296.0,991.0,1,370.0,390.0,390.0,390.0,1.0,390.0,40
2023-05-10 09:34:45,CF311C17200,棉花2311购17200,390.0,0.0,0.0,0.0,10,296.0,990.0,10,370.0,390.0,390.0,390.0,1.0,390.0,40
2023-05-10 09:34:45,CF311C17200,棉花2311购17200,390.0,0.0,0.0,0.0,10,296.0,987.0,1,370.0,390.0,390.0,390.0,1.0,390.0,40
2023-05-10 09:34:45,CF311C17200,棉花2311购17200,390.0,0.0,0.0,0.0,10,296.0,986.0,10,370.0,390.0,390.0,390.0,1.0,390.0,40
2023-05-10 09:34:46,CF311C17200,棉花2311购17200,390.0,0.0,0.0,0.0,10,296.0,983.0,1,370.0,390.0,390.0,390.0,1.0,390.0,40
2023-05-10 09:34:47,CF311C17200,棉花2311购17200,390.0,0.0,0.0,0.0,10,296.0,982.0,10,370.0,390.0,390.0,390.0,1.0,390.0,40
2023-05-10 09:34:47,CF311C17200,棉花2311购17200,390.0,0.0,0.0,0.0,10,296.0,979.0,1,370.0,390.0,390.0,390.0,1.0,390.0,40
2023-05-10 09:34:47,CF311C17200,棉花2311购17200,390.0,0.0,0.0,0.0,10,296.0,978.0,10,370.0,390.0,390.0,390.0,1.0,390.0,40
