time,symbol_id,symbol_name,last,trade_volume,trade_amount,open_interest_change,bv1,bp1,ap1,av1,yesterday_close,today_open,today_high,today_low,volume,amount,open_interest
2023-05-09 19:10:58,CF311P13400,CF311P13400,59.0,0.0,0.0,-34.0,0,0.0,0.0,0,59.0,56.0,0.0,0.0,0.0,0.0,138
2023-05-09 20:59:00,CF311P13400,CF311P13400,59.0,0.0,0.0,0.0,19,15.0,0.0,0,59.0,56.0,0.0,0.0,0.0,0.0,138
2023-05-09 21:00:44,CF311P13400,CF311P13400,59.0,0.0,0.0,0.0,10,16.0,0.0,0,59.0,56.0,0.0,0.0,0.0,0.0,138
2023-05-09 21:01:14,CF311P13400,CF311P13400,59.0,0.0,0.0,0.0,2,24.0,0.0,0,59.0,56.0,0.0,0.0,0.0,0.0,138
2023-05-09 21:01:14,CF311P13400,CF311P13400,59.0,0.0,0.0,0.0,10,25.0,0.0,0,59.0,56.0,0.0,0.0,0.0,0.0,138
2023-05-09 21:01:17,CF311P13400,CF311P13400,59.0,0.0,0.0,0.0,10,25.0,1007.0,1,59.0,56.0,0.0,0.0,0.0,0.0,138
2023-05-09 21:01:18,CF311P13400,CF311P13400,59.0,0.0,0.0,0.0,10,25.0,1006.0,10,59.0,56.0,0.0,0.0,0.0,0.0,138
2023-05-09 21:01:18,CF311P13400,CF311P13400,59.0,0.0,0.0,0.0,10,25.0,1003.0,1,59.0,56.0,0.0,0.0,0.0,0.0,138
2023-05-09 21:01:19,CF311P13400,CF311P13400,59.0,0.0,0.0,0.0,10,25.0,1002.0,10,59.0,56.0,0.0,0.0,0.0,0.0,138
2023-05-09 21:01:20,CF311P13400,CF311P13400,59.0,0.0,0.0,0.0,10,25.0,999.0,1,59.0,56.0,0.0,0.0,0.0,0.0,138
2023-05-09 21:01:20,CF311P13400,CF311P13400,59.0,0.0,0.0,0.0,10,25.0,998.0,10,59.0,56.0,0.0,0.0,0.0,0.0,138
2023-05-09 21:01:23,CF311P13400,CF311P13400,59.0,0.0,0.0,0.0,10,25.0,995.0,1,59.0,56.0,0.0,0.0,0.0,0.0,138
2023-05-09 21:01:24,CF311P13400,CF311P13400,59.0,0.0,0.0,0.0,10,25.0,994.0,10,59.0,56.0,0.0,0.0,0.0,0.0,138
2023-05-09 21:01:28,CF311P13400,CF311P13400,59.0,0.0,0.0,0.0,10,25.0,991.0,1,59.0,56.0,0.0,0.0,0.0,0.0,138
2023-05-09 21:01:29,CF311P13400,CF311P13400,59.0,0.0,0.0,0.0,10,25.0,990.0,10,59.0,56.0,0.0,0.0,0.0,0.0,138
2023-05-09 21:01:32,CF311P13400,CF311P13400,59.0,0.0,0.0,0.0,10,25.0,987.0,1,59.0,56.0,0.0,0.0,0.0,0.0,138
2023-05-09 21:01:32,CF311P13400,CF311P13400,59.0,0.0,0.0,0.0,10,25.0,986.0,10,59.0,56.0,0.0,0.0,0.0,0.0,138
2023-05-09 21:01:36,CF311P13400,CF311P13400,59.0,0.0,0.0,0.0,10,25.0,983.0,1,59.0,56.0,0.0,0.0,0.0,0.0,138
2023-05-09 21:01:36,CF311P13400,CF311P13400,59.0,0.0,0.0,0.0,10,25.0,982.0,10,59.0,56.0,0.0,0.0,0.0,0.0,138
2023-05-09 21:01:36,CF311P13400,CF311P13400,59.0,0.0,0.0,0.0,10,25.0,983.0,1,59.0,56.0,0.0,0.0,0.0,0.0,138
2023-05-09 21:01:36,CF311P13400,CF311P13400,59.0,0.0,0.0,0.0,10,25.0,982.0,10,59.0,56.0,0.0,0.0,0.0,0.0,138
2023-05-09 21:01:40,CF311P13400,CF311P13400,59.0,0.0,0.0,0.0,10,25.0,979.0,1,59.0,56.0,0.0,0.0,0.0,0.0,138
2023-05-09 21:01:41,CF311P13400,CF311P13400,59.0,0.0,0.0,0.0,10,25.0,978.0,10,59.0,56.0,0.0,0.0,0.0,0.0,138
2023-05-09 21:01:43,CF311P13400,CF311P13400,59.0,0.0,0.0,0.0,10,25.0,975.0,1,59.0,56.0,0.0,0.0,0.0,0.0,138
2023-05-09 21:01:43,CF311P13400,CF311P13400,59.0,0.0,0.0,0.0,10,25.0,974.0,10,59.0,56.0,0.0,0.0,0.0,0.0,138
2023-05-09 21:01:46,CF311P13400,CF311P13400,59.0,0.0,0.0,0.0,10,25.0,971.0,1,59.0,56.0,0.0,0.0,0.0,0.0,138
2023-05-09 21:01:47,CF311P13400,CF311P13400,59.0,0.0,0.0,0.0,10,25.0,970.0,10,59.0,56.0,0.0,0.0,0.0,0.0,138
2023-05-09 21:01:47,CF311P13400,CF311P13400,59.0,0.0,0.0,0.0,10,25.0,967.0,1,59.0,56.0,0.0,0.0,0.0,0.0,138
2023-05-09 21:01:48,CF311P13400,CF311P13400,59.0,0.0,0.0,0.0,10,25.0,966.0,10,59.0,56.0,0.0,0.0,0.0,0.0,138
2023-05-09 21:01:53,CF311P13400,CF311P13400,59.0,0.0,0.0,0.0,10,25.0,963.0,1,59.0,56.0,0.0,0.0,0.0,0.0,138
2023-05-09 21:01:54,CF311P13400,CF311P13400,59.0,0.0,0.0,0.0,10,25.0,962.0,10,59.0,56.0,0.0,0.0,0.0,0.0,138
2023-05-09 21:01:54,CF311P13400,CF311P13400,59.0,0.0,0.0,0.0,10,25.0,959.0,1,59.0,56.0,0.0,0.0,0.0,0.0,138
2023-05-09 21:01:55,CF311P13400,CF311P13400,59.0,0.0,0.0,0.0,10,25.0,958.0,10,59.0,56.0,0.0,0.0,0.0,0.0,138
2023-05-09 21:01:58,CF311P13400,CF311P13400,59.0,0.0,0.0,0.0,10,25.0,955.0,1,59.0,56.0,0.0,0.0,0.0,0.0,138
2023-05-09 21:01:59,CF311P13400,CF311P13400,59.0,0.0,0.0,0.0,10,25.0,954.0,10,59.0,56.0,0.0,0.0,0.0,0.0,138
2023-05-09 21:02:01,CF311P13400,CF311P13400,59.0,0.0,0.0,0.0,10,25.0,951.0,1,59.0,56.0,0.0,0.0,0.0,0.0,138
2023-05-09 21:02:01,CF311P13400,CF311P13400,59.0,0.0,0.0,0.0,10,25.0,950.0,10,59.0,56.0,0.0,0.0,0.0,0.0,138
2023-05-09 21:02:03,CF311P13400,CF311P13400,59.0,0.0,0.0,0.0,10,25.0,947.0,1,59.0,56.0,0.0,0.0,0.0,0.0,138
2023-05-09 21:02:03,CF311P13400,CF311P13400,59.0,0.0,0.0,0.0,10,25.0,946.0,10,59.0,56.0,0.0,0.0,0.0,0.0,138
2023-05-09 21:02:09,CF311P13400,CF311P13400,59.0,0.0,0.0,0.0,10,25.0,943.0,1,59.0,56.0,0.0,0.0,0.0,0.0,138
2023-05-09 21:02:10,CF311P13400,CF311P13400,59.0,0.0,0.0,0.0,10,25.0,942.0,10,59.0,56.0,0.0,0.0,0.0,0.0,138
2023-05-09 21:02:12,CF311P13400,CF311P13400,59.0,0.0,0.0,0.0,10,25.0,939.0,1,59.0,56.0,0.0,0.0,0.0,0.0,138
2023-05-09 21:02:12,CF311P13400,CF311P13400,59.0,0.0,0.0,0.0,10,25.0,938.0,10,59.0,56.0,0.0,0.0,0.0,0.0,138
2023-05-09 21:02:15,CF311P13400,CF311P13400,59.0,0.0,0.0,0.0,10,25.0,935.0,1,59.0,56.0,0.0,0.0,0.0,0.0,138
2023-05-09 21:02:16,CF311P13400,CF311P13400,59.0,0.0,0.0,0.0,10,25.0,934.0,10,59.0,56.0,0.0,0.0,0.0,0.0,138
2023-05-09 21:02:17,CF311P13400,CF311P13400,59.0,0.0,0.0,0.0,2,26.0,934.0,10,59.0,56.0,0.0,0.0,0.0,0.0,138
2023-05-09 21:02:18,CF311P13400,CF311P13400,59.0,0.0,0.0,0.0,10,27.0,931.0,1,59.0,56.0,0.0,0.0,0.0,0.0,138
2023-05-09 21:02:18,CF311P13400,CF311P13400,59.0,0.0,0.0,0.0,10,27.0,930.0,10,59.0,56.0,0.0,0.0,0.0,0.0,138
2023-05-09 21:02:19,CF311P13400,CF311P13400,59.0,0.0,0.0,0.0,10,27.0,927.0,1,59.0,56.0,0.0,0.0,0.0,0.0,138
2023-05-09 21:02:19,CF311P13400,CF311P13400,59.0,0.0,0.0,0.0,10,27.0,926.0,10,59.0,56.0,0.0,0.0,0.0,0.0,138
2023-05-09 21:02:21,CF311P13400,CF311P13400,59.0,0.0,0.0,0.0,2,28.0,926.0,10,59.0,56.0,0.0,0.0,0.0,0.0,138
2023-05-09 21:02:21,CF311P13400,CF311P13400,59.0,0.0,0.0,0.0,10,29.0,923.0,1,59.0,56.0,0.0,0.0,0.0,0.0,138
2023-05-09 21:02:22,CF311P13400,CF311P13400,59.0,0.0,0.0,0.0,10,29.0,922.0,10,59.0,56.0,0.0,0.0,0.0,0.0,138
2023-05-09 21:02:22,CF311P13400,CF311P13400,59.0,0.0,0.0,0.0,10,29.0,919.0,1,59.0,56.0,0.0,0.0,0.0,0.0,138
2023-05-09 21:02:23,CF311P13400,CF311P13400,59.0,0.0,0.0,0.0,2,30.0,918.0,10,59.0,56.0,0.0,0.0,0.0,0.0,138
2023-05-09 21:02:23,CF311P13400,CF311P13400,59.0,0.0,0.0,0.0,10,31.0,918.0,10,59.0,56.0,0.0,0.0,0.0,0.0,138
2023-05-09 21:02:24,CF311P13400,CF311P13400,59.0,0.0,0.0,0.0,10,31.0,915.0,1,59.0,56.0,0.0,0.0,0.0,0.0,138
2023-05-09 21:02:24,CF311P13400,CF311P13400,59.0,0.0,0.0,0.0,10,31.0,914.0,10,59.0,56.0,0.0,0.0,0.0,0.0,138
2023-05-09 21:02:25,CF311P13400,CF311P13400,59.0,0.0,0.0,0.0,10,31.0,911.0,1,59.0,56.0,0.0,0.0,0.0,0.0,138
2023-05-09 21:02:25,CF311P13400,CF311P13400,59.0,0.0,0.0,0.0,10,31.0,910.0,10,59.0,56.0,0.0,0.0,0.0,0.0,138
2023-05-09 21:02:26,CF311P13400,CF311P13400,59.0,0.0,0.0,0.0,2,32.0,910.0,10,59.0,56.0,0.0,0.0,0.0,0.0,138
2023-05-09 21:02:27,CF311P13400,CF311P13400,59.0,0.0,0.0,0.0,10,33.0,910.0,10,59.0,56.0,0.0,0.0,0.0,0.0,138
2023-05-09 21:02:27,CF311P13400,CF311P13400,59.0,0.0,0.0,0.0,10,33.0,907.0,1,59.0,56.0,0.0,0.0,0.0,0.0,138
2023-05-09 21:02:28,CF311P13400,CF311P13400,59.0,0.0,0.0,0.0,10,33.0,906.0,10,59.0,56.0,0.0,0.0,0.0,0.0,138
2023-05-09 21:02:30,CF311P13400,CF311P13400,59.0,0.0,0.0,0.0,2,34.0,906.0,10,59.0,56.0,0.0,0.0,0.0,0.0,138
2023-05-09 21:02:30,CF311P13400,CF311P13400,59.0,0.0,0.0,0.0,10,35.0,903.0,1,59.0,56.0,0.0,0.0,0.0,0.0,138
2023-05-09 21:02:30,CF311P13400,CF311P13400,59.0,0.0,0.0,0.0,10,35.0,902.0,10,59.0,56.0,0.0,0.0,0.0,0.0,138
2023-05-09 21:02:31,CF311P13400,CF311P13400,59.0,0.0,0.0,0.0,10,35.0,899.0,1,59.0,56.0,0.0,0.0,0.0,0.0,138
2023-05-09 21:02:31,CF311P13400,CF311P13400,59.0,0.0,0.0,0.0,10,35.0,898.0,10,59.0,56.0,0.0,0.0,0.0,0.0,138
2023-05-09 21:02:36,CF311P13400,CF311P13400,59.0,0.0,0.0,0.0,10,35.0,895.0,1,59.0,56.0,0.0,0.0,0.0,0.0,138
2023-05-09 21:02:36,CF311P13400,CF311P13400,59.0,0.0,0.0,0.0,10,35.0,894.0,10,59.0,56.0,0.0,0.0,0.0,0.0,138
2023-05-09 21:02:40,CF311P13400,CF311P13400,59.0,0.0,0.0,0.0,10,35.0,891.0,1,59.0,56.0,0.0,0.0,0.0,0.0,138
2023-05-09 21:02:40,CF311P13400,CF311P13400,59.0,0.0,0.0,0.0,10,35.0,890.0,10,59.0,56.0,0.0,0.0,0.0,0.0,138
2023-05-09 21:02:45,CF311P13400,CF311P13400,59.0,0.0,0.0,0.0,10,35.0,887.0,1,59.0,56.0,0.0,0.0,0.0,0.0,138
2023-05-09 21:02:45,CF311P13400,CF311P13400,59.0,0.0,0.0,0.0,10,35.0,886.0,10,59.0,56.0,0.0,0.0,0.0,0.0,138
2023-05-09 21:02:46,CF311P13400,CF311P13400,59.0,0.0,0.0,0.0,10,35.0,883.0,1,59.0,56.0,0.0,0.0,0.0,0.0,138
2023-05-09 21:02:46,CF311P13400,CF311P13400,59.0,0.0,0.0,0.0,10,35.0,882.0,10,59.0,56.0,0.0,0.0,0.0,0.0,138
2023-05-09 21:02:53,CF311P13400,CF311P13400,59.0,0.0,0.0,0.0,10,35.0,879.0,1,59.0,56.0,0.0,0.0,0.0,0.0,138
2023-05-09 21:02:53,CF311P13400,CF311P13400,59.0,0.0,0.0,0.0,10,35.0,878.0,10,59.0,56.0,0.0,0.0,0.0,0.0,138
2023-05-09 21:02:58,CF311P13400,CF311P13400,59.0,0.0,0.0,0.0,10,35.0,875.0,1,59.0,56.0,0.0,0.0,0.0,0.0,138
2023-05-09 21:02:58,CF311P13400,CF311P13400,59.0,0.0,0.0,0.0,10,35.0,874.0,10,59.0,56.0,0.0,0.0,0.0,0.0,138
2023-05-09 21:03:04,CF311P13400,CF311P13400,59.0,0.0,0.0,0.0,10,35.0,871.0,1,59.0,56.0,0.0,0.0,0.0,0.0,138
2023-05-09 21:03:04,CF311P13400,CF311P13400,59.0,0.0,0.0,0.0,10,35.0,870.0,10,59.0,56.0,0.0,0.0,0.0,0.0,138
2023-05-09 21:03:05,CF311P13400,CF311P13400,59.0,0.0,0.0,0.0,10,35.0,867.0,1,59.0,56.0,0.0,0.0,0.0,0.0,138
2023-05-09 21:03:05,CF311P13400,CF311P13400,59.0,0.0,0.0,0.0,10,35.0,866.0,10,59.0,56.0,0.0,0.0,0.0,0.0,138
2023-05-09 21:03:09,CF311P13400,CF311P13400,59.0,0.0,0.0,0.0,10,35.0,863.0,1,59.0,56.0,0.0,0.0,0.0,0.0,138
2023-05-09 21:03:09,CF311P13400,CF311P13400,59.0,0.0,0.0,0.0,10,35.0,862.0,10,59.0,56.0,0.0,0.0,0.0,0.0,138
2023-05-09 21:03:14,CF311P13400,CF311P13400,59.0,0.0,0.0,0.0,10,35.0,859.0,1,59.0,56.0,0.0,0.0,0.0,0.0,138
2023-05-09 21:03:14,CF311P13400,CF311P13400,59.0,0.0,0.0,0.0,10,35.0,858.0,10,59.0,56.0,0.0,0.0,0.0,0.0,138
2023-05-09 21:03:19,CF311P13400,CF311P13400,59.0,0.0,0.0,0.0,10,35.0,855.0,1,59.0,56.0,0.0,0.0,0.0,0.0,138
2023-05-09 21:03:20,CF311P13400,CF311P13400,59.0,0.0,0.0,0.0,10,35.0,854.0,10,59.0,56.0,0.0,0.0,0.0,0.0,138
2023-05-09 21:03:24,CF311P13400,CF311P13400,59.0,0.0,0.0,0.0,10,35.0,851.0,1,59.0,56.0,0.0,0.0,0.0,0.0,138
2023-05-09 21:03:24,CF311P13400,CF311P13400,59.0,0.0,0.0,0.0,10,35.0,850.0,10,59.0,56.0,0.0,0.0,0.0,0.0,138
2023-05-09 21:03:29,CF311P13400,CF311P13400,59.0,0.0,0.0,0.0,10,35.0,847.0,1,59.0,56.0,0.0,0.0,0.0,0.0,138
2023-05-09 21:03:29,CF311P13400,CF311P13400,59.0,0.0,0.0,0.0,10,35.0,846.0,10,59.0,56.0,0.0,0.0,0.0,0.0,138
2023-05-09 21:03:33,CF311P13400,CF311P13400,59.0,0.0,0.0,0.0,10,35.0,843.0,1,59.0,56.0,0.0,0.0,0.0,0.0,138
2023-05-09 21:03:33,CF311P13400,CF311P13400,59.0,0.0,0.0,0.0,10,35.0,842.0,10,59.0,56.0,0.0,0.0,0.0,0.0,138
2023-05-09 21:03:34,CF311P13400,CF311P13400,59.0,0.0,0.0,0.0,10,35.0,839.0,1,59.0,56.0,0.0,0.0,0.0,0.0,138
2023-05-09 21:03:34,CF311P13400,CF311P13400,59.0,0.0,0.0,0.0,10,35.0,838.0,10,59.0,56.0,0.0,0.0,0.0,0.0,138
2023-05-09 21:03:35,CF311P13400,CF311P13400,59.0,0.0,0.0,0.0,10,35.0,835.0,1,59.0,56.0,0.0,0.0,0.0,0.0,138
2023-05-09 21:03:35,CF311P13400,CF311P13400,59.0,0.0,0.0,0.0,10,35.0,834.0,10,59.0,56.0,0.0,0.0,0.0,0.0,138
2023-05-09 21:03:39,CF311P13400,CF311P13400,59.0,0.0,0.0,0.0,10,35.0,831.0,1,59.0,56.0,0.0,0.0,0.0,0.0,138
2023-05-09 21:03:39,CF311P13400,CF311P13400,59.0,0.0,0.0,0.0,10,35.0,830.0,10,59.0,56.0,0.0,0.0,0.0,0.0,138
2023-05-09 21:03:42,CF311P13400,CF311P13400,59.0,0.0,0.0,0.0,10,35.0,827.0,1,59.0,56.0,0.0,0.0,0.0,0.0,138
2023-05-09 21:03:42,CF311P13400,CF311P13400,59.0,0.0,0.0,0.0,10,35.0,826.0,10,59.0,56.0,0.0,0.0,0.0,0.0,138
2023-05-09 21:03:45,CF311P13400,CF311P13400,59.0,0.0,0.0,0.0,10,35.0,823.0,1,59.0,56.0,0.0,0.0,0.0,0.0,138
2023-05-09 21:03:45,CF311P13400,CF311P13400,59.0,0.0,0.0,0.0,10,35.0,822.0,10,59.0,56.0,0.0,0.0,0.0,0.0,138
2023-05-09 21:03:46,CF311P13400,CF311P13400,59.0,0.0,0.0,0.0,10,35.0,819.0,1,59.0,56.0,0.0,0.0,0.0,0.0,138
2023-05-09 21:03:46,CF311P13400,CF311P13400,59.0,0.0,0.0,0.0,10,35.0,818.0,10,59.0,56.0,0.0,0.0,0.0,0.0,138
2023-05-09 21:03:50,CF311P13400,CF311P13400,59.0,0.0,0.0,0.0,10,35.0,815.0,1,59.0,56.0,0.0,0.0,0.0,0.0,138
2023-05-09 21:03:50,CF311P13400,CF311P13400,59.0,0.0,0.0,0.0,10,35.0,814.0,10,59.0,56.0,0.0,0.0,0.0,0.0,138
2023-05-09 21:03:53,CF311P13400,CF311P13400,59.0,0.0,0.0,0.0,10,35.0,811.0,1,59.0,56.0,0.0,0.0,0.0,0.0,138
2023-05-09 21:03:53,CF311P13400,CF311P13400,59.0,0.0,0.0,0.0,10,35.0,810.0,10,59.0,56.0,0.0,0.0,0.0,0.0,138
2023-05-09 21:03:54,CF311P13400,CF311P13400,59.0,0.0,0.0,0.0,10,35.0,807.0,1,59.0,56.0,0.0,0.0,0.0,0.0,138
2023-05-09 21:03:54,CF311P13400,CF311P13400,59.0,0.0,0.0,0.0,10,35.0,806.0,10,59.0,56.0,0.0,0.0,0.0,0.0,138
2023-05-09 21:03:59,CF311P13400,CF311P13400,59.0,0.0,0.0,0.0,10,35.0,803.0,1,59.0,56.0,0.0,0.0,0.0,0.0,138
2023-05-09 21:03:59,CF311P13400,CF311P13400,59.0,0.0,0.0,0.0,10,35.0,802.0,10,59.0,56.0,0.0,0.0,0.0,0.0,138
2023-05-09 21:04:02,CF311P13400,CF311P13400,59.0,0.0,0.0,0.0,10,35.0,799.0,1,59.0,56.0,0.0,0.0,0.0,0.0,138
2023-05-09 21:04:02,CF311P13400,CF311P13400,59.0,0.0,0.0,0.0,10,35.0,798.0,10,59.0,56.0,0.0,0.0,0.0,0.0,138
2023-05-09 21:04:05,CF311P13400,CF311P13400,59.0,0.0,0.0,0.0,10,35.0,795.0,1,59.0,56.0,0.0,0.0,0.0,0.0,138
2023-05-09 21:04:05,CF311P13400,CF311P13400,59.0,0.0,0.0,0.0,10,35.0,794.0,10,59.0,56.0,0.0,0.0,0.0,0.0,138
2023-05-09 21:04:06,CF311P13400,CF311P13400,59.0,0.0,0.0,0.0,10,35.0,791.0,1,59.0,56.0,0.0,0.0,0.0,0.0,138
2023-05-09 21:04:06,CF311P13400,CF311P13400,59.0,0.0,0.0,0.0,10,35.0,790.0,10,59.0,56.0,0.0,0.0,0.0,0.0,138
2023-05-09 21:04:09,CF311P13400,CF311P13400,59.0,0.0,0.0,0.0,10,35.0,787.0,1,59.0,56.0,0.0,0.0,0.0,0.0,138
2023-05-09 21:04:09,CF311P13400,CF311P13400,59.0,0.0,0.0,0.0,10,35.0,786.0,10,59.0,56.0,0.0,0.0,0.0,0.0,138
2023-05-09 21:04:10,CF311P13400,CF311P13400,59.0,0.0,0.0,0.0,10,35.0,783.0,1,59.0,56.0,0.0,0.0,0.0,0.0,138
2023-05-09 21:04:10,CF311P13400,CF311P13400,59.0,0.0,0.0,0.0,10,35.0,782.0,10,59.0,56.0,0.0,0.0,0.0,0.0,138
2023-05-09 21:04:11,CF311P13400,CF311P13400,59.0,0.0,0.0,0.0,10,35.0,779.0,1,59.0,56.0,0.0,0.0,0.0,0.0,138
2023-05-09 21:04:11,CF311P13400,CF311P13400,59.0,0.0,0.0,0.0,10,35.0,778.0,10,59.0,56.0,0.0,0.0,0.0,0.0,138
2023-05-09 21:04:12,CF311P13400,CF311P13400,59.0,0.0,0.0,0.0,10,35.0,775.0,1,59.0,56.0,0.0,0.0,0.0,0.0,138
2023-05-09 21:04:12,CF311P13400,CF311P13400,59.0,0.0,0.0,0.0,10,35.0,774.0,10,59.0,56.0,0.0,0.0,0.0,0.0,138
2023-05-09 21:04:15,CF311P13400,CF311P13400,59.0,0.0,0.0,0.0,10,35.0,771.0,1,59.0,56.0,0.0,0.0,0.0,0.0,138
2023-05-09 21:04:15,CF311P13400,CF311P13400,59.0,0.0,0.0,0.0,10,35.0,770.0,10,59.0,56.0,0.0,0.0,0.0,0.0,138
2023-05-09 21:04:19,CF311P13400,CF311P13400,59.0,0.0,0.0,0.0,10,35.0,767.0,1,59.0,56.0,0.0,0.0,0.0,0.0,138
2023-05-09 21:04:19,CF311P13400,CF311P13400,59.0,0.0,0.0,0.0,10,35.0,766.0,10,59.0,56.0,0.0,0.0,0.0,0.0,138
2023-05-09 21:04:20,CF311P13400,CF311P13400,59.0,0.0,0.0,0.0,10,35.0,763.0,1,59.0,56.0,0.0,0.0,0.0,0.0,138
2023-05-09 21:04:20,CF311P13400,CF311P13400,59.0,0.0,0.0,0.0,10,35.0,762.0,10,59.0,56.0,0.0,0.0,0.0,0.0,138
2023-05-09 21:04:21,CF311P13400,CF311P13400,59.0,0.0,0.0,0.0,10,35.0,759.0,1,59.0,56.0,0.0,0.0,0.0,0.0,138
2023-05-09 21:04:21,CF311P13400,CF311P13400,59.0,0.0,0.0,0.0,10,35.0,758.0,10,59.0,56.0,0.0,0.0,0.0,0.0,138
2023-05-09 21:04:22,CF311P13400,CF311P13400,59.0,0.0,0.0,0.0,10,35.0,755.0,1,59.0,56.0,0.0,0.0,0.0,0.0,138
2023-05-09 21:04:22,CF311P13400,CF311P13400,59.0,0.0,0.0,0.0,10,35.0,754.0,10,59.0,56.0,0.0,0.0,0.0,0.0,138
2023-05-09 21:04:24,CF311P13400,CF311P13400,59.0,0.0,0.0,0.0,10,35.0,751.0,1,59.0,56.0,0.0,0.0,0.0,0.0,138
2023-05-09 21:04:24,CF311P13400,CF311P13400,59.0,0.0,0.0,0.0,10,35.0,750.0,10,59.0,56.0,0.0,0.0,0.0,0.0,138
2023-05-09 21:04:25,CF311P13400,CF311P13400,59.0,0.0,0.0,0.0,10,35.0,747.0,1,59.0,56.0,0.0,0.0,0.0,0.0,138
2023-05-09 21:04:25,CF311P13400,CF311P13400,59.0,0.0,0.0,0.0,10,35.0,746.0,10,59.0,56.0,0.0,0.0,0.0,0.0,138
2023-05-09 21:04:28,CF311P13400,CF311P13400,59.0,0.0,0.0,0.0,10,35.0,743.0,1,59.0,56.0,0.0,0.0,0.0,0.0,138
2023-05-09 21:04:28,CF311P13400,CF311P13400,59.0,0.0,0.0,0.0,10,35.0,742.0,10,59.0,56.0,0.0,0.0,0.0,0.0,138
2023-05-09 21:04:31,CF311P13400,CF311P13400,59.0,0.0,0.0,0.0,10,35.0,739.0,1,59.0,56.0,0.0,0.0,0.0,0.0,138
2023-05-09 21:04:31,CF311P13400,CF311P13400,59.0,0.0,0.0,0.0,10,35.0,738.0,10,59.0,56.0,0.0,0.0,0.0,0.0,138
2023-05-09 21:04:32,CF311P13400,CF311P13400,59.0,0.0,0.0,0.0,10,35.0,735.0,1,59.0,56.0,0.0,0.0,0.0,0.0,138
2023-05-09 21:04:32,CF311P13400,CF311P13400,59.0,0.0,0.0,0.0,10,35.0,734.0,10,59.0,56.0,0.0,0.0,0.0,0.0,138
2023-05-09 21:04:33,CF311P13400,CF311P13400,59.0,0.0,0.0,0.0,10,35.0,731.0,1,59.0,56.0,0.0,0.0,0.0,0.0,138
2023-05-09 21:04:33,CF311P13400,CF311P13400,59.0,0.0,0.0,0.0,2,36.0,730.0,10,59.0,56.0,0.0,0.0,0.0,0.0,138
2023-05-09 21:04:34,CF311P13400,CF311P13400,59.0,0.0,0.0,0.0,10,37.0,730.0,10,59.0,56.0,0.0,0.0,0.0,0.0,138
2023-05-09 21:04:34,CF311P13400,CF311P13400,59.0,0.0,0.0,0.0,10,37.0,727.0,1,59.0,56.0,0.0,0.0,0.0,0.0,138
2023-05-09 21:04:35,CF311P13400,CF311P13400,59.0,0.0,0.0,0.0,10,37.0,726.0,10,59.0,56.0,0.0,0.0,0.0,0.0,138
2023-05-09 21:04:35,CF311P13400,CF311P13400,59.0,0.0,0.0,0.0,10,37.0,723.0,1,59.0,56.0,0.0,0.0,0.0,0.0,138
2023-05-09 21:04:36,CF311P13400,CF311P13400,59.0,0.0,0.0,0.0,10,37.0,722.0,10,59.0,56.0,0.0,0.0,0.0,0.0,138
2023-05-09 21:04:38,CF311P13400,CF311P13400,59.0,0.0,0.0,0.0,10,37.0,719.0,1,59.0,56.0,0.0,0.0,0.0,0.0,138
2023-05-09 21:04:39,CF311P13400,CF311P13400,59.0,0.0,0.0,0.0,10,37.0,718.0,10,59.0,56.0,0.0,0.0,0.0,0.0,138
2023-05-09 21:04:39,CF311P13400,CF311P13400,59.0,0.0,0.0,0.0,10,37.0,715.0,1,59.0,56.0,0.0,0.0,0.0,0.0,138
2023-05-09 21:04:40,CF311P13400,CF311P13400,59.0,0.0,0.0,0.0,2,38.0,714.0,10,59.0,56.0,0.0,0.0,0.0,0.0,138
2023-05-09 21:04:40,CF311P13400,CF311P13400,59.0,0.0,0.0,0.0,10,39.0,711.0,1,59.0,56.0,0.0,0.0,0.0,0.0,138
2023-05-09 21:04:41,CF311P13400,CF311P13400,59.0,0.0,0.0,0.0,10,39.0,710.0,10,59.0,56.0,0.0,0.0,0.0,0.0,138
2023-05-09 21:04:43,CF311P13400,CF311P13400,59.0,0.0,0.0,0.0,10,39.0,707.0,1,59.0,56.0,0.0,0.0,0.0,0.0,138
2023-05-09 21:04:44,CF311P13400,CF311P13400,59.0,0.0,0.0,0.0,10,39.0,706.0,10,59.0,56.0,0.0,0.0,0.0,0.0,138
2023-05-09 21:04:44,CF311P13400,CF311P13400,59.0,0.0,0.0,0.0,10,39.0,703.0,1,59.0,56.0,0.0,0.0,0.0,0.0,138
2023-05-09 21:04:45,CF311P13400,CF311P13400,59.0,0.0,0.0,0.0,10,39.0,702.0,10,59.0,56.0,0.0,0.0,0.0,0.0,138
2023-05-09 21:04:45,CF311P13400,CF311P13400,59.0,0.0,0.0,0.0,10,39.0,699.0,1,59.0,56.0,0.0,0.0,0.0,0.0,138
2023-05-09 21:04:46,CF311P13400,CF311P13400,59.0,0.0,0.0,0.0,10,39.0,698.0,10,59.0,56.0,0.0,0.0,0.0,0.0,138
2023-05-09 21:04:46,CF311P13400,CF311P13400,59.0,0.0,0.0,0.0,10,39.0,695.0,1,59.0,56.0,0.0,0.0,0.0,0.0,138
2023-05-09 21:04:47,CF311P13400,CF311P13400,59.0,0.0,0.0,0.0,10,39.0,694.0,10,59.0,56.0,0.0,0.0,0.0,0.0,138
2023-05-09 21:04:49,CF311P13400,CF311P13400,59.0,0.0,0.0,0.0,10,39.0,691.0,1,59.0,56.0,0.0,0.0,0.0,0.0,138
2023-05-09 21:04:50,CF311P13400,CF311P13400,59.0,0.0,0.0,0.0,10,39.0,690.0,10,59.0,56.0,0.0,0.0,0.0,0.0,138
2023-05-09 21:04:53,CF311P13400,CF311P13400,59.0,0.0,0.0,0.0,10,39.0,687.0,1,59.0,56.0,0.0,0.0,0.0,0.0,138
2023-05-09 21:04:54,CF311P13400,CF311P13400,59.0,0.0,0.0,0.0,10,39.0,686.0,10,59.0,56.0,0.0,0.0,0.0,0.0,138
2023-05-09 21:04:54,CF311P13400,CF311P13400,59.0,0.0,0.0,0.0,10,39.0,683.0,1,59.0,56.0,0.0,0.0,0.0,0.0,138
2023-05-09 21:04:55,CF311P13400,CF311P13400,59.0,0.0,0.0,0.0,10,39.0,682.0,10,59.0,56.0,0.0,0.0,0.0,0.0,138
2023-05-09 21:04:55,CF311P13400,CF311P13400,59.0,0.0,0.0,0.0,10,39.0,679.0,1,59.0,56.0,0.0,0.0,0.0,0.0,138
2023-05-09 21:04:56,CF311P13400,CF311P13400,59.0,0.0,0.0,0.0,10,39.0,678.0,10,59.0,56.0,0.0,0.0,0.0,0.0,138
2023-05-09 21:04:56,CF311P13400,CF311P13400,59.0,0.0,0.0,0.0,10,39.0,675.0,1,59.0,56.0,0.0,0.0,0.0,0.0,138
2023-05-09 21:04:57,CF311P13400,CF311P13400,59.0,0.0,0.0,0.0,10,39.0,674.0,10,59.0,56.0,0.0,0.0,0.0,0.0,138
2023-05-09 21:04:57,CF311P13400,CF311P13400,59.0,0.0,0.0,0.0,10,39.0,671.0,1,59.0,56.0,0.0,0.0,0.0,0.0,138
2023-05-09 21:04:58,CF311P13400,CF311P13400,59.0,0.0,0.0,0.0,10,39.0,670.0,10,59.0,56.0,0.0,0.0,0.0,0.0,138
2023-05-09 21:04:58,CF311P13400,CF311P13400,59.0,0.0,0.0,0.0,10,39.0,667.0,1,59.0,56.0,0.0,0.0,0.0,0.0,138
2023-05-09 21:04:59,CF311P13400,CF311P13400,59.0,0.0,0.0,0.0,10,39.0,666.0,10,59.0,56.0,0.0,0.0,0.0,0.0,138
2023-05-09 21:04:59,CF311P13400,CF311P13400,59.0,0.0,0.0,0.0,10,39.0,663.0,1,59.0,56.0,0.0,0.0,0.0,0.0,138
2023-05-09 21:05:00,CF311P13400,CF311P13400,59.0,0.0,0.0,0.0,10,39.0,662.0,10,59.0,56.0,0.0,0.0,0.0,0.0,138
2023-05-09 21:05:00,CF311P13400,CF311P13400,59.0,0.0,0.0,0.0,10,39.0,659.0,1,59.0,56.0,0.0,0.0,0.0,0.0,138
2023-05-09 21:05:01,CF311P13400,CF311P13400,59.0,0.0,0.0,0.0,10,39.0,658.0,10,59.0,56.0,0.0,0.0,0.0,0.0,138
2023-05-09 21:05:03,CF311P13400,CF311P13400,59.0,0.0,0.0,0.0,10,39.0,655.0,1,59.0,56.0,0.0,0.0,0.0,0.0,138
2023-05-09 21:05:03,CF311P13400,CF311P13400,59.0,0.0,0.0,0.0,10,39.0,654.0,10,59.0,56.0,0.0,0.0,0.0,0.0,138
2023-05-09 21:05:03,CF311P13400,CF311P13400,59.0,0.0,0.0,0.0,10,39.0,651.0,1,59.0,56.0,0.0,0.0,0.0,0.0,138
2023-05-09 21:05:04,CF311P13400,CF311P13400,59.0,0.0,0.0,0.0,10,39.0,650.0,10,59.0,56.0,0.0,0.0,0.0,0.0,138
2023-05-09 21:05:04,CF311P13400,CF311P13400,59.0,0.0,0.0,0.0,10,39.0,647.0,1,59.0,56.0,0.0,0.0,0.0,0.0,138
2023-05-09 21:05:05,CF311P13400,CF311P13400,59.0,0.0,0.0,0.0,10,39.0,646.0,10,59.0,56.0,0.0,0.0,0.0,0.0,138
2023-05-09 21:05:06,CF311P13400,CF311P13400,59.0,0.0,0.0,0.0,10,39.0,643.0,1,59.0,56.0,0.0,0.0,0.0,0.0,138
2023-05-09 21:05:06,CF311P13400,CF311P13400,59.0,0.0,0.0,0.0,10,39.0,642.0,10,59.0,56.0,0.0,0.0,0.0,0.0,138
2023-05-09 21:05:06,CF311P13400,CF311P13400,59.0,0.0,0.0,0.0,10,39.0,639.0,1,59.0,56.0,0.0,0.0,0.0,0.0,138
2023-05-09 21:05:07,CF311P13400,CF311P13400,59.0,0.0,0.0,0.0,10,39.0,638.0,10,59.0,56.0,0.0,0.0,0.0,0.0,138
2023-05-09 21:05:08,CF311P13400,CF311P13400,59.0,0.0,0.0,0.0,10,39.0,635.0,1,59.0,56.0,0.0,0.0,0.0,0.0,138
2023-05-09 21:05:09,CF311P13400,CF311P13400,59.0,0.0,0.0,0.0,10,39.0,634.0,10,59.0,56.0,0.0,0.0,0.0,0.0,138
2023-05-09 21:05:09,CF311P13400,CF311P13400,59.0,0.0,0.0,0.0,10,39.0,631.0,1,59.0,56.0,0.0,0.0,0.0,0.0,138
2023-05-09 21:05:10,CF311P13400,CF311P13400,59.0,0.0,0.0,0.0,10,39.0,630.0,10,59.0,56.0,0.0,0.0,0.0,0.0,138
2023-05-09 21:05:10,CF311P13400,CF311P13400,59.0,0.0,0.0,0.0,10,39.0,627.0,1,59.0,56.0,0.0,0.0,0.0,0.0,138
2023-05-09 21:05:11,CF311P13400,CF311P13400,59.0,0.0,0.0,0.0,10,39.0,626.0,10,59.0,56.0,0.0,0.0,0.0,0.0,138
2023-05-09 21:05:12,CF311P13400,CF311P13400,59.0,0.0,0.0,0.0,10,39.0,623.0,1,59.0,56.0,0.0,0.0,0.0,0.0,138
2023-05-09 21:05:13,CF311P13400,CF311P13400,59.0,0.0,0.0,0.0,10,39.0,622.0,10,59.0,56.0,0.0,0.0,0.0,0.0,138
2023-05-09 21:05:13,CF311P13400,CF311P13400,59.0,0.0,0.0,0.0,10,39.0,619.0,1,59.0,56.0,0.0,0.0,0.0,0.0,138
2023-05-09 21:05:14,CF311P13400,CF311P13400,59.0,0.0,0.0,0.0,10,39.0,618.0,10,59.0,56.0,0.0,0.0,0.0,0.0,138
2023-05-09 21:05:15,CF311P13400,CF311P13400,59.0,0.0,0.0,0.0,10,39.0,615.0,1,59.0,56.0,0.0,0.0,0.0,0.0,138
2023-05-09 21:05:16,CF311P13400,CF311P13400,59.0,0.0,0.0,0.0,10,39.0,614.0,10,59.0,56.0,0.0,0.0,0.0,0.0,138
2023-05-09 21:05:16,CF311P13400,CF311P13400,59.0,0.0,0.0,0.0,10,39.0,611.0,1,59.0,56.0,0.0,0.0,0.0,0.0,138
2023-05-09 21:05:17,CF311P13400,CF311P13400,59.0,0.0,0.0,0.0,10,39.0,610.0,10,59.0,56.0,0.0,0.0,0.0,0.0,138
2023-05-09 21:05:18,CF311P13400,CF311P13400,59.0,0.0,0.0,0.0,10,39.0,607.0,1,59.0,56.0,0.0,0.0,0.0,0.0,138
2023-05-09 21:05:19,CF311P13400,CF311P13400,59.0,0.0,0.0,0.0,10,39.0,606.0,10,59.0,56.0,0.0,0.0,0.0,0.0,138
2023-05-09 21:05:20,CF311P13400,CF311P13400,59.0,0.0,0.0,0.0,10,39.0,603.0,1,59.0,56.0,0.0,0.0,0.0,0.0,138
2023-05-09 21:05:21,CF311P13400,CF311P13400,59.0,0.0,0.0,0.0,10,39.0,602.0,10,59.0,56.0,0.0,0.0,0.0,0.0,138
2023-05-09 21:05:21,CF311P13400,CF311P13400,59.0,0.0,0.0,0.0,10,39.0,599.0,1,59.0,56.0,0.0,0.0,0.0,0.0,138
2023-05-09 21:05:22,CF311P13400,CF311P13400,59.0,0.0,0.0,0.0,10,39.0,598.0,10,59.0,56.0,0.0,0.0,0.0,0.0,138
2023-05-09 21:05:22,CF311P13400,CF311P13400,59.0,0.0,0.0,0.0,10,39.0,595.0,1,59.0,56.0,0.0,0.0,0.0,0.0,138
2023-05-09 21:05:23,CF311P13400,CF311P13400,59.0,0.0,0.0,0.0,10,39.0,594.0,10,59.0,56.0,0.0,0.0,0.0,0.0,138
2023-05-09 21:05:23,CF311P13400,CF311P13400,59.0,0.0,0.0,0.0,10,39.0,591.0,1,59.0,56.0,0.0,0.0,0.0,0.0,138
2023-05-09 21:05:24,CF311P13400,CF311P13400,59.0,0.0,0.0,0.0,10,39.0,590.0,10,59.0,56.0,0.0,0.0,0.0,0.0,138
2023-05-09 21:05:24,CF311P13400,CF311P13400,59.0,0.0,0.0,0.0,10,39.0,587.0,1,59.0,56.0,0.0,0.0,0.0,0.0,138
2023-05-09 21:05:25,CF311P13400,CF311P13400,59.0,0.0,0.0,0.0,10,39.0,586.0,10,59.0,56.0,0.0,0.0,0.0,0.0,138
2023-05-09 21:05:25,CF311P13400,CF311P13400,59.0,0.0,0.0,0.0,10,39.0,583.0,1,59.0,56.0,0.0,0.0,0.0,0.0,138
2023-05-09 21:05:26,CF311P13400,CF311P13400,59.0,0.0,0.0,0.0,10,39.0,582.0,10,59.0,56.0,0.0,0.0,0.0,0.0,138
2023-05-09 21:05:26,CF311P13400,CF311P13400,59.0,0.0,0.0,0.0,10,39.0,579.0,1,59.0,56.0,0.0,0.0,0.0,0.0,138
2023-05-09 21:05:27,CF311P13400,CF311P13400,59.0,0.0,0.0,0.0,10,39.0,578.0,10,59.0,56.0,0.0,0.0,0.0,0.0,138
2023-05-09 21:05:27,CF311P13400,CF311P13400,59.0,0.0,0.0,0.0,10,39.0,575.0,1,59.0,56.0,0.0,0.0,0.0,0.0,138
2023-05-09 21:05:28,CF311P13400,CF311P13400,59.0,0.0,0.0,0.0,10,39.0,574.0,10,59.0,56.0,0.0,0.0,0.0,0.0,138
2023-05-09 21:05:28,CF311P13400,CF311P13400,59.0,0.0,0.0,0.0,10,39.0,571.0,1,59.0,56.0,0.0,0.0,0.0,0.0,138
2023-05-09 21:05:29,CF311P13400,CF311P13400,59.0,0.0,0.0,0.0,10,39.0,570.0,10,59.0,56.0,0.0,0.0,0.0,0.0,138
2023-05-09 21:05:29,CF311P13400,CF311P13400,59.0,0.0,0.0,0.0,10,39.0,567.0,1,59.0,56.0,0.0,0.0,0.0,0.0,138
2023-05-09 21:05:30,CF311P13400,CF311P13400,59.0,0.0,0.0,0.0,10,39.0,566.0,10,59.0,56.0,0.0,0.0,0.0,0.0,138
2023-05-09 21:05:30,CF311P13400,CF311P13400,59.0,0.0,0.0,0.0,10,39.0,563.0,1,59.0,56.0,0.0,0.0,0.0,0.0,138
2023-05-09 21:05:31,CF311P13400,CF311P13400,59.0,0.0,0.0,0.0,10,39.0,562.0,10,59.0,56.0,0.0,0.0,0.0,0.0,138
2023-05-09 21:05:31,CF311P13400,CF311P13400,59.0,0.0,0.0,0.0,10,39.0,559.0,1,59.0,56.0,0.0,0.0,0.0,0.0,138
2023-05-09 21:05:32,CF311P13400,CF311P13400,59.0,0.0,0.0,0.0,10,39.0,558.0,10,59.0,56.0,0.0,0.0,0.0,0.0,138
2023-05-09 21:05:32,CF311P13400,CF311P13400,59.0,0.0,0.0,0.0,10,39.0,555.0,1,59.0,56.0,0.0,0.0,0.0,0.0,138
2023-05-09 21:05:33,CF311P13400,CF311P13400,59.0,0.0,0.0,0.0,10,39.0,554.0,10,59.0,56.0,0.0,0.0,0.0,0.0,138
2023-05-09 21:05:33,CF311P13400,CF311P13400,59.0,0.0,0.0,0.0,10,39.0,551.0,1,59.0,56.0,0.0,0.0,0.0,0.0,138
2023-05-09 21:05:34,CF311P13400,CF311P13400,59.0,0.0,0.0,0.0,10,39.0,550.0,10,59.0,56.0,0.0,0.0,0.0,0.0,138
2023-05-09 21:05:34,CF311P13400,CF311P13400,59.0,0.0,0.0,0.0,10,39.0,547.0,1,59.0,56.0,0.0,0.0,0.0,0.0,138
2023-05-09 21:05:35,CF311P13400,CF311P13400,59.0,0.0,0.0,0.0,10,39.0,546.0,10,59.0,56.0,0.0,0.0,0.0,0.0,138
2023-05-09 21:05:35,CF311P13400,CF311P13400,59.0,0.0,0.0,0.0,10,39.0,543.0,1,59.0,56.0,0.0,0.0,0.0,0.0,138
2023-05-09 21:05:36,CF311P13400,CF311P13400,59.0,0.0,0.0,0.0,10,39.0,542.0,10,59.0,56.0,0.0,0.0,0.0,0.0,138
2023-05-09 21:05:36,CF311P13400,CF311P13400,59.0,0.0,0.0,0.0,10,39.0,539.0,1,59.0,56.0,0.0,0.0,0.0,0.0,138
2023-05-09 21:05:37,CF311P13400,CF311P13400,59.0,0.0,0.0,0.0,10,39.0,538.0,10,59.0,56.0,0.0,0.0,0.0,0.0,138
2023-05-09 21:05:37,CF311P13400,CF311P13400,59.0,0.0,0.0,0.0,10,39.0,535.0,1,59.0,56.0,0.0,0.0,0.0,0.0,138
2023-05-09 21:05:38,CF311P13400,CF311P13400,59.0,0.0,0.0,0.0,10,39.0,534.0,10,59.0,56.0,0.0,0.0,0.0,0.0,138
2023-05-09 21:05:38,CF311P13400,CF311P13400,59.0,0.0,0.0,0.0,10,39.0,531.0,1,59.0,56.0,0.0,0.0,0.0,0.0,138
2023-05-09 21:05:39,CF311P13400,CF311P13400,59.0,0.0,0.0,0.0,10,39.0,530.0,10,59.0,56.0,0.0,0.0,0.0,0.0,138
2023-05-09 21:05:39,CF311P13400,CF311P13400,59.0,0.0,0.0,0.0,10,39.0,527.0,1,59.0,56.0,0.0,0.0,0.0,0.0,138
2023-05-09 21:05:40,CF311P13400,CF311P13400,59.0,0.0,0.0,0.0,10,39.0,526.0,10,59.0,56.0,0.0,0.0,0.0,0.0,138
2023-05-09 21:05:40,CF311P13400,CF311P13400,59.0,0.0,0.0,0.0,10,39.0,523.0,1,59.0,56.0,0.0,0.0,0.0,0.0,138
2023-05-09 21:05:41,CF311P13400,CF311P13400,59.0,0.0,0.0,0.0,10,39.0,522.0,10,59.0,56.0,0.0,0.0,0.0,0.0,138
2023-05-09 21:05:41,CF311P13400,CF311P13400,59.0,0.0,0.0,0.0,10,39.0,519.0,1,59.0,56.0,0.0,0.0,0.0,0.0,138
2023-05-09 21:05:42,CF311P13400,CF311P13400,59.0,0.0,0.0,0.0,10,39.0,518.0,10,59.0,56.0,0.0,0.0,0.0,0.0,138
2023-05-09 21:05:42,CF311P13400,CF311P13400,59.0,0.0,0.0,0.0,10,39.0,515.0,1,59.0,56.0,0.0,0.0,0.0,0.0,138
2023-05-09 21:05:43,CF311P13400,CF311P13400,59.0,0.0,0.0,0.0,10,39.0,514.0,10,59.0,56.0,0.0,0.0,0.0,0.0,138
2023-05-09 21:05:43,CF311P13400,CF311P13400,59.0,0.0,0.0,0.0,10,39.0,511.0,1,59.0,56.0,0.0,0.0,0.0,0.0,138
2023-05-09 21:05:44,CF311P13400,CF311P13400,59.0,0.0,0.0,0.0,10,39.0,510.0,10,59.0,56.0,0.0,0.0,0.0,0.0,138
2023-05-09 21:05:44,CF311P13400,CF311P13400,59.0,0.0,0.0,0.0,10,39.0,507.0,1,59.0,56.0,0.0,0.0,0.0,0.0,138
2023-05-09 21:05:45,CF311P13400,CF311P13400,59.0,0.0,0.0,0.0,10,39.0,506.0,10,59.0,56.0,0.0,0.0,0.0,0.0,138
2023-05-09 21:05:45,CF311P13400,CF311P13400,59.0,0.0,0.0,0.0,10,39.0,503.0,1,59.0,56.0,0.0,0.0,0.0,0.0,138
2023-05-09 21:05:46,CF311P13400,CF311P13400,59.0,0.0,0.0,0.0,10,39.0,502.0,10,59.0,56.0,0.0,0.0,0.0,0.0,138
2023-05-09 21:05:46,CF311P13400,CF311P13400,59.0,0.0,0.0,0.0,10,39.0,499.0,1,59.0,56.0,0.0,0.0,0.0,0.0,138
2023-05-09 21:05:47,CF311P13400,CF311P13400,59.0,0.0,0.0,0.0,10,39.0,498.0,10,59.0,56.0,0.0,0.0,0.0,0.0,138
2023-05-09 21:05:47,CF311P13400,CF311P13400,59.0,0.0,0.0,0.0,10,39.0,495.0,1,59.0,56.0,0.0,0.0,0.0,0.0,138
2023-05-09 21:05:48,CF311P13400,CF311P13400,59.0,0.0,0.0,0.0,10,39.0,494.0,10,59.0,56.0,0.0,0.0,0.0,0.0,138
2023-05-09 21:05:48,CF311P13400,CF311P13400,59.0,0.0,0.0,0.0,10,39.0,491.0,1,59.0,56.0,0.0,0.0,0.0,0.0,138
2023-05-09 21:05:49,CF311P13400,CF311P13400,59.0,0.0,0.0,0.0,10,39.0,490.0,10,59.0,56.0,0.0,0.0,0.0,0.0,138
2023-05-09 21:05:49,CF311P13400,CF311P13400,59.0,0.0,0.0,0.0,10,39.0,487.0,1,59.0,56.0,0.0,0.0,0.0,0.0,138
2023-05-09 21:05:50,CF311P13400,CF311P13400,59.0,0.0,0.0,0.0,10,39.0,486.0,10,59.0,56.0,0.0,0.0,0.0,0.0,138
2023-05-09 21:05:50,CF311P13400,CF311P13400,59.0,0.0,0.0,0.0,10,39.0,483.0,1,59.0,56.0,0.0,0.0,0.0,0.0,138
2023-05-09 21:05:51,CF311P13400,CF311P13400,59.0,0.0,0.0,0.0,10,39.0,482.0,10,59.0,56.0,0.0,0.0,0.0,0.0,138
2023-05-09 21:05:51,CF311P13400,CF311P13400,59.0,0.0,0.0,0.0,10,39.0,479.0,1,59.0,56.0,0.0,0.0,0.0,0.0,138
2023-05-09 21:05:52,CF311P13400,CF311P13400,59.0,0.0,0.0,0.0,10,39.0,478.0,10,59.0,56.0,0.0,0.0,0.0,0.0,138
2023-05-09 21:05:52,CF311P13400,CF311P13400,59.0,0.0,0.0,0.0,10,39.0,475.0,1,59.0,56.0,0.0,0.0,0.0,0.0,138
2023-05-09 21:05:53,CF311P13400,CF311P13400,59.0,0.0,0.0,0.0,10,39.0,474.0,10,59.0,56.0,0.0,0.0,0.0,0.0,138
2023-05-09 21:05:53,CF311P13400,CF311P13400,59.0,0.0,0.0,0.0,10,39.0,471.0,1,59.0,56.0,0.0,0.0,0.0,0.0,138
2023-05-09 21:05:54,CF311P13400,CF311P13400,59.0,0.0,0.0,0.0,10,39.0,470.0,10,59.0,56.0,0.0,0.0,0.0,0.0,138
2023-05-09 21:05:54,CF311P13400,CF311P13400,59.0,0.0,0.0,0.0,10,39.0,467.0,1,59.0,56.0,0.0,0.0,0.0,0.0,138
2023-05-09 21:05:55,CF311P13400,CF311P13400,59.0,0.0,0.0,0.0,10,39.0,466.0,10,59.0,56.0,0.0,0.0,0.0,0.0,138
2023-05-09 21:05:55,CF311P13400,CF311P13400,59.0,0.0,0.0,0.0,10,39.0,463.0,1,59.0,56.0,0.0,0.0,0.0,0.0,138
2023-05-09 21:05:56,CF311P13400,CF311P13400,59.0,0.0,0.0,0.0,10,39.0,462.0,10,59.0,56.0,0.0,0.0,0.0,0.0,138
2023-05-09 21:05:56,CF311P13400,CF311P13400,59.0,0.0,0.0,0.0,10,39.0,459.0,1,59.0,56.0,0.0,0.0,0.0,0.0,138
2023-05-09 21:05:57,CF311P13400,CF311P13400,59.0,0.0,0.0,0.0,10,39.0,458.0,10,59.0,56.0,0.0,0.0,0.0,0.0,138
2023-05-09 21:05:57,CF311P13400,CF311P13400,59.0,0.0,0.0,0.0,10,39.0,455.0,1,59.0,56.0,0.0,0.0,0.0,0.0,138
2023-05-09 21:05:58,CF311P13400,CF311P13400,59.0,0.0,0.0,0.0,10,39.0,454.0,10,59.0,56.0,0.0,0.0,0.0,0.0,138
2023-05-09 21:05:58,CF311P13400,CF311P13400,59.0,0.0,0.0,0.0,10,39.0,451.0,1,59.0,56.0,0.0,0.0,0.0,0.0,138
2023-05-09 21:05:59,CF311P13400,CF311P13400,59.0,0.0,0.0,0.0,10,39.0,450.0,10,59.0,56.0,0.0,0.0,0.0,0.0,138
2023-05-09 21:05:59,CF311P13400,CF311P13400,59.0,0.0,0.0,0.0,10,39.0,447.0,1,59.0,56.0,0.0,0.0,0.0,0.0,138
2023-05-09 21:06:00,CF311P13400,CF311P13400,59.0,0.0,0.0,0.0,10,39.0,446.0,10,59.0,56.0,0.0,0.0,0.0,0.0,138
2023-05-09 21:06:00,CF311P13400,CF311P13400,59.0,0.0,0.0,0.0,10,39.0,443.0,1,59.0,56.0,0.0,0.0,0.0,0.0,138
2023-05-09 21:06:01,CF311P13400,CF311P13400,59.0,0.0,0.0,0.0,10,39.0,442.0,10,59.0,56.0,0.0,0.0,0.0,0.0,138
2023-05-09 21:06:01,CF311P13400,CF311P13400,59.0,0.0,0.0,0.0,10,39.0,439.0,1,59.0,56.0,0.0,0.0,0.0,0.0,138
2023-05-09 21:06:02,CF311P13400,CF311P13400,59.0,0.0,0.0,0.0,10,39.0,438.0,10,59.0,56.0,0.0,0.0,0.0,0.0,138
2023-05-09 21:06:02,CF311P13400,CF311P13400,59.0,0.0,0.0,0.0,10,39.0,435.0,1,59.0,56.0,0.0,0.0,0.0,0.0,138
2023-05-09 21:06:03,CF311P13400,CF311P13400,59.0,0.0,0.0,0.0,10,39.0,434.0,10,59.0,56.0,0.0,0.0,0.0,0.0,138
2023-05-09 21:06:03,CF311P13400,CF311P13400,59.0,0.0,0.0,0.0,10,39.0,431.0,1,59.0,56.0,0.0,0.0,0.0,0.0,138
2023-05-09 21:06:04,CF311P13400,CF311P13400,59.0,0.0,0.0,0.0,10,39.0,430.0,10,59.0,56.0,0.0,0.0,0.0,0.0,138
2023-05-09 21:06:04,CF311P13400,CF311P13400,59.0,0.0,0.0,0.0,10,39.0,427.0,1,59.0,56.0,0.0,0.0,0.0,0.0,138
2023-05-09 21:06:05,CF311P13400,CF311P13400,59.0,0.0,0.0,0.0,10,39.0,426.0,10,59.0,56.0,0.0,0.0,0.0,0.0,138
2023-05-09 21:06:05,CF311P13400,CF311P13400,59.0,0.0,0.0,0.0,10,39.0,423.0,1,59.0,56.0,0.0,0.0,0.0,0.0,138
2023-05-09 21:06:06,CF311P13400,CF311P13400,59.0,0.0,0.0,0.0,10,39.0,422.0,10,59.0,56.0,0.0,0.0,0.0,0.0,138
2023-05-09 21:06:06,CF311P13400,CF311P13400,59.0,0.0,0.0,0.0,10,39.0,419.0,1,59.0,56.0,0.0,0.0,0.0,0.0,138
2023-05-09 21:06:07,CF311P13400,CF311P13400,59.0,0.0,0.0,0.0,10,39.0,418.0,10,59.0,56.0,0.0,0.0,0.0,0.0,138
2023-05-09 21:06:07,CF311P13400,CF311P13400,59.0,0.0,0.0,0.0,10,39.0,415.0,1,59.0,56.0,0.0,0.0,0.0,0.0,138
2023-05-09 21:06:08,CF311P13400,CF311P13400,59.0,0.0,0.0,0.0,10,39.0,414.0,10,59.0,56.0,0.0,0.0,0.0,0.0,138
2023-05-09 21:06:08,CF311P13400,CF311P13400,59.0,0.0,0.0,0.0,10,39.0,411.0,1,59.0,56.0,0.0,0.0,0.0,0.0,138
2023-05-09 21:06:09,CF311P13400,CF311P13400,59.0,0.0,0.0,0.0,10,39.0,410.0,10,59.0,56.0,0.0,0.0,0.0,0.0,138
2023-05-09 21:06:09,CF311P13400,CF311P13400,59.0,0.0,0.0,0.0,10,39.0,407.0,1,59.0,56.0,0.0,0.0,0.0,0.0,138
2023-05-09 21:06:10,CF311P13400,CF311P13400,59.0,0.0,0.0,0.0,10,39.0,406.0,10,59.0,56.0,0.0,0.0,0.0,0.0,138
2023-05-09 21:06:10,CF311P13400,CF311P13400,59.0,0.0,0.0,0.0,10,39.0,403.0,1,59.0,56.0,0.0,0.0,0.0,0.0,138
2023-05-09 21:06:11,CF311P13400,CF311P13400,59.0,0.0,0.0,0.0,10,39.0,402.0,10,59.0,56.0,0.0,0.0,0.0,0.0,138
2023-05-09 21:06:11,CF311P13400,CF311P13400,59.0,0.0,0.0,0.0,10,39.0,399.0,1,59.0,56.0,0.0,0.0,0.0,0.0,138
2023-05-09 21:06:12,CF311P13400,CF311P13400,59.0,0.0,0.0,0.0,10,39.0,398.0,10,59.0,56.0,0.0,0.0,0.0,0.0,138
2023-05-09 21:06:12,CF311P13400,CF311P13400,59.0,0.0,0.0,0.0,10,39.0,395.0,1,59.0,56.0,0.0,0.0,0.0,0.0,138
2023-05-09 21:06:13,CF311P13400,CF311P13400,59.0,0.0,0.0,0.0,10,39.0,394.0,10,59.0,56.0,0.0,0.0,0.0,0.0,138
2023-05-09 21:06:13,CF311P13400,CF311P13400,59.0,0.0,0.0,0.0,10,39.0,391.0,1,59.0,56.0,0.0,0.0,0.0,0.0,138
2023-05-09 21:06:14,CF311P13400,CF311P13400,59.0,0.0,0.0,0.0,10,39.0,390.0,10,59.0,56.0,0.0,0.0,0.0,0.0,138
2023-05-09 21:06:14,CF311P13400,CF311P13400,59.0,0.0,0.0,0.0,10,39.0,387.0,1,59.0,56.0,0.0,0.0,0.0,0.0,138
2023-05-09 21:06:15,CF311P13400,CF311P13400,59.0,0.0,0.0,0.0,10,39.0,386.0,10,59.0,56.0,0.0,0.0,0.0,0.0,138
2023-05-09 21:06:15,CF311P13400,CF311P13400,59.0,0.0,0.0,0.0,10,39.0,383.0,1,59.0,56.0,0.0,0.0,0.0,0.0,138
2023-05-09 21:06:16,CF311P13400,CF311P13400,59.0,0.0,0.0,0.0,10,39.0,382.0,10,59.0,56.0,0.0,0.0,0.0,0.0,138
2023-05-09 21:06:16,CF311P13400,CF311P13400,59.0,0.0,0.0,0.0,10,39.0,379.0,1,59.0,56.0,0.0,0.0,0.0,0.0,138
2023-05-09 21:06:17,CF311P13400,CF311P13400,59.0,0.0,0.0,0.0,10,39.0,378.0,10,59.0,56.0,0.0,0.0,0.0,0.0,138
2023-05-09 21:06:17,CF311P13400,CF311P13400,59.0,0.0,0.0,0.0,10,39.0,375.0,1,59.0,56.0,0.0,0.0,0.0,0.0,138
2023-05-09 21:06:18,CF311P13400,CF311P13400,59.0,0.0,0.0,0.0,10,39.0,374.0,10,59.0,56.0,0.0,0.0,0.0,0.0,138
2023-05-09 21:06:18,CF311P13400,CF311P13400,59.0,0.0,0.0,0.0,10,39.0,371.0,1,59.0,56.0,0.0,0.0,0.0,0.0,138
2023-05-09 21:06:19,CF311P13400,CF311P13400,59.0,0.0,0.0,0.0,10,39.0,370.0,10,59.0,56.0,0.0,0.0,0.0,0.0,138
2023-05-09 21:06:19,CF311P13400,CF311P13400,59.0,0.0,0.0,0.0,10,39.0,367.0,1,59.0,56.0,0.0,0.0,0.0,0.0,138
2023-05-09 21:06:20,CF311P13400,CF311P13400,59.0,0.0,0.0,0.0,10,39.0,366.0,10,59.0,56.0,0.0,0.0,0.0,0.0,138
2023-05-09 21:06:20,CF311P13400,CF311P13400,59.0,0.0,0.0,0.0,10,39.0,363.0,1,59.0,56.0,0.0,0.0,0.0,0.0,138
2023-05-09 21:06:21,CF311P13400,CF311P13400,59.0,0.0,0.0,0.0,10,39.0,362.0,10,59.0,56.0,0.0,0.0,0.0,0.0,138
2023-05-09 21:06:21,CF311P13400,CF311P13400,59.0,0.0,0.0,0.0,10,39.0,359.0,1,59.0,56.0,0.0,0.0,0.0,0.0,138
2023-05-09 21:06:22,CF311P13400,CF311P13400,59.0,0.0,0.0,0.0,10,39.0,358.0,10,59.0,56.0,0.0,0.0,0.0,0.0,138
2023-05-09 21:06:22,CF311P13400,CF311P13400,59.0,0.0,0.0,0.0,10,39.0,355.0,1,59.0,56.0,0.0,0.0,0.0,0.0,138
2023-05-09 21:06:23,CF311P13400,CF311P13400,59.0,0.0,0.0,0.0,10,39.0,354.0,10,59.0,56.0,0.0,0.0,0.0,0.0,138
2023-05-09 21:06:23,CF311P13400,CF311P13400,59.0,0.0,0.0,0.0,10,39.0,351.0,1,59.0,56.0,0.0,0.0,0.0,0.0,138
2023-05-09 21:06:24,CF311P13400,CF311P13400,59.0,0.0,0.0,0.0,10,39.0,350.0,10,59.0,56.0,0.0,0.0,0.0,0.0,138
2023-05-09 21:06:24,CF311P13400,CF311P13400,59.0,0.0,0.0,0.0,10,39.0,347.0,1,59.0,56.0,0.0,0.0,0.0,0.0,138
2023-05-09 21:06:25,CF311P13400,CF311P13400,59.0,0.0,0.0,0.0,10,39.0,346.0,10,59.0,56.0,0.0,0.0,0.0,0.0,138
2023-05-09 21:06:25,CF311P13400,CF311P13400,59.0,0.0,0.0,0.0,10,39.0,343.0,1,59.0,56.0,0.0,0.0,0.0,0.0,138
2023-05-09 21:06:26,CF311P13400,CF311P13400,59.0,0.0,0.0,0.0,10,39.0,342.0,10,59.0,56.0,0.0,0.0,0.0,0.0,138
2023-05-09 21:06:26,CF311P13400,CF311P13400,59.0,0.0,0.0,0.0,10,39.0,339.0,1,59.0,56.0,0.0,0.0,0.0,0.0,138
2023-05-09 21:06:27,CF311P13400,CF311P13400,59.0,0.0,0.0,0.0,10,39.0,338.0,10,59.0,56.0,0.0,0.0,0.0,0.0,138
2023-05-09 21:06:27,CF311P13400,CF311P13400,59.0,0.0,0.0,0.0,10,39.0,335.0,1,59.0,56.0,0.0,0.0,0.0,0.0,138
2023-05-09 21:06:28,CF311P13400,CF311P13400,59.0,0.0,0.0,0.0,10,39.0,334.0,10,59.0,56.0,0.0,0.0,0.0,0.0,138
2023-05-09 21:06:28,CF311P13400,CF311P13400,59.0,0.0,0.0,0.0,10,39.0,331.0,1,59.0,56.0,0.0,0.0,0.0,0.0,138
2023-05-09 21:06:29,CF311P13400,CF311P13400,59.0,0.0,0.0,0.0,10,39.0,330.0,10,59.0,56.0,0.0,0.0,0.0,0.0,138
2023-05-09 21:06:29,CF311P13400,CF311P13400,59.0,0.0,0.0,0.0,10,39.0,327.0,1,59.0,56.0,0.0,0.0,0.0,0.0,138
2023-05-09 21:06:30,CF311P13400,CF311P13400,59.0,0.0,0.0,0.0,10,39.0,326.0,10,59.0,56.0,0.0,0.0,0.0,0.0,138
2023-05-09 21:06:30,CF311P13400,CF311P13400,59.0,0.0,0.0,0.0,10,39.0,323.0,1,59.0,56.0,0.0,0.0,0.0,0.0,138
2023-05-09 21:06:31,CF311P13400,CF311P13400,59.0,0.0,0.0,0.0,10,39.0,322.0,10,59.0,56.0,0.0,0.0,0.0,0.0,138
2023-05-09 21:06:46,CF311P13400,CF311P13400,59.0,0.0,0.0,0.0,10,39.0,321.0,1,59.0,56.0,0.0,0.0,0.0,0.0,138
2023-05-09 21:06:46,CF311P13400,CF311P13400,59.0,0.0,0.0,0.0,10,39.0,320.0,10,59.0,56.0,0.0,0.0,0.0,0.0,138
2023-05-09 21:06:55,CF311P13400,CF311P13400,59.0,0.0,0.0,0.0,10,39.0,319.0,1,59.0,56.0,0.0,0.0,0.0,0.0,138
2023-05-09 21:06:55,CF311P13400,CF311P13400,59.0,0.0,0.0,0.0,10,39.0,318.0,10,59.0,56.0,0.0,0.0,0.0,0.0,138
2023-05-09 21:07:06,CF311P13400,CF311P13400,59.0,0.0,0.0,0.0,10,39.0,317.0,1,59.0,56.0,0.0,0.0,0.0,0.0,138
2023-05-09 21:07:06,CF311P13400,CF311P13400,59.0,0.0,0.0,0.0,10,39.0,316.0,10,59.0,56.0,0.0,0.0,0.0,0.0,138
2023-05-09 21:07:10,CF311P13400,CF311P13400,59.0,0.0,0.0,0.0,10,39.0,315.0,1,59.0,56.0,0.0,0.0,0.0,0.0,138
2023-05-09 21:07:10,CF311P13400,CF311P13400,59.0,0.0,0.0,0.0,10,39.0,314.0,10,59.0,56.0,0.0,0.0,0.0,0.0,138
2023-05-09 21:07:17,CF311P13400,CF311P13400,59.0,0.0,0.0,0.0,10,39.0,313.0,1,59.0,56.0,0.0,0.0,0.0,0.0,138
2023-05-09 21:07:17,CF311P13400,CF311P13400,59.0,0.0,0.0,0.0,10,39.0,312.0,10,59.0,56.0,0.0,0.0,0.0,0.0,138
2023-05-09 21:07:25,CF311P13400,CF311P13400,59.0,0.0,0.0,0.0,10,39.0,311.0,1,59.0,56.0,0.0,0.0,0.0,0.0,138
2023-05-09 21:07:26,CF311P13400,CF311P13400,59.0,0.0,0.0,0.0,10,39.0,310.0,10,59.0,56.0,0.0,0.0,0.0,0.0,138
2023-05-09 21:07:31,CF311P13400,CF311P13400,59.0,0.0,0.0,0.0,10,39.0,309.0,1,59.0,56.0,0.0,0.0,0.0,0.0,138
2023-05-09 21:07:31,CF311P13400,CF311P13400,59.0,0.0,0.0,0.0,10,39.0,308.0,10,59.0,56.0,0.0,0.0,0.0,0.0,138
2023-05-09 21:07:36,CF311P13400,CF311P13400,59.0,0.0,0.0,0.0,10,39.0,307.0,1,59.0,56.0,0.0,0.0,0.0,0.0,138
2023-05-09 21:07:36,CF311P13400,CF311P13400,59.0,0.0,0.0,0.0,10,39.0,306.0,10,59.0,56.0,0.0,0.0,0.0,0.0,138
2023-05-09 21:07:41,CF311P13400,CF311P13400,59.0,0.0,0.0,0.0,10,39.0,305.0,1,59.0,56.0,0.0,0.0,0.0,0.0,138
2023-05-09 21:07:41,CF311P13400,CF311P13400,59.0,0.0,0.0,0.0,10,39.0,304.0,10,59.0,56.0,0.0,0.0,0.0,0.0,138
2023-05-09 21:07:48,CF311P13400,CF311P13400,59.0,0.0,0.0,0.0,10,39.0,303.0,1,59.0,56.0,0.0,0.0,0.0,0.0,138
2023-05-09 21:07:48,CF311P13400,CF311P13400,59.0,0.0,0.0,0.0,10,39.0,302.0,10,59.0,56.0,0.0,0.0,0.0,0.0,138
2023-05-09 21:07:56,CF311P13400,CF311P13400,59.0,0.0,0.0,0.0,10,39.0,301.0,1,59.0,56.0,0.0,0.0,0.0,0.0,138
2023-05-09 21:07:56,CF311P13400,CF311P13400,59.0,0.0,0.0,0.0,10,39.0,300.0,10,59.0,56.0,0.0,0.0,0.0,0.0,138
2023-05-09 21:08:38,CF311P13400,CF311P13400,59.0,0.0,0.0,0.0,2,40.0,300.0,10,59.0,56.0,0.0,0.0,0.0,0.0,138
2023-05-09 21:08:38,CF311P13400,CF311P13400,59.0,0.0,0.0,0.0,10,41.0,300.0,10,59.0,56.0,0.0,0.0,0.0,0.0,138
2023-05-09 21:08:40,CF311P13400,CF311P13400,59.0,0.0,0.0,0.0,2,42.0,300.0,10,59.0,56.0,0.0,0.0,0.0,0.0,138
2023-05-09 21:08:41,CF311P13400,CF311P13400,59.0,0.0,0.0,0.0,10,43.0,300.0,10,59.0,56.0,0.0,0.0,0.0,0.0,138
2023-05-09 21:09:53,CF311P13400,CF311P13400,59.0,0.0,0.0,0.0,6,53.0,61.0,3,59.0,56.0,0.0,0.0,0.0,0.0,138
2023-05-09 21:09:53,CF311P13400,CF311P13400,59.0,0.0,0.0,0.0,6,53.0,61.0,6,59.0,56.0,0.0,0.0,0.0,0.0,138
2023-05-09 21:09:53,CF311P13400,CF311P13400,59.0,0.0,0.0,0.0,6,53.0,61.0,3,59.0,56.0,0.0,0.0,0.0,0.0,138
2023-05-09 21:09:53,CF311P13400,CF311P13400,59.0,0.0,0.0,0.0,6,53.0,61.0,6,59.0,56.0,0.0,0.0,0.0,0.0,138
2023-05-09 21:09:58,CF311P13400,CF311P13400,59.0,0.0,0.0,0.0,9,53.0,61.0,6,59.0,56.0,0.0,0.0,0.0,0.0,138
2023-05-09 21:09:59,CF311P13400,CF311P13400,59.0,0.0,0.0,0.0,3,56.0,61.0,3,59.0,56.0,0.0,0.0,0.0,0.0,138
2023-05-09 21:09:59,CF311P13400,CF311P13400,56.0,1.0,56.0,1.0,2,56.0,61.0,3,59.0,56.0,56.0,56.0,1.0,56.0,139
2023-05-09 21:10:00,CF311P13400,CF311P13400,56.0,0.0,0.0,0.0,2,56.0,61.0,6,59.0,56.0,56.0,56.0,1.0,56.0,139
2023-05-09 21:10:02,CF311P13400,CF311P13400,56.0,0.0,0.0,0.0,2,56.0,57.0,1,59.0,56.0,56.0,56.0,1.0,56.0,139
2023-05-09 21:10:02,CF311P13400,CF311P13400,56.0,0.0,0.0,0.0,5,56.0,57.0,1,59.0,56.0,56.0,56.0,1.0,56.0,139
2023-05-09 21:10:04,CF311P13400,CF311P13400,58.0,1.0,58.0,0.0,1,57.0,58.0,2,59.0,56.0,58.0,56.0,2.0,114.0,139
2023-05-09 21:10:06,CF311P13400,CF311P13400,58.0,2.0,118.0,2.0,3,57.0,61.0,3,59.0,56.0,58.0,56.0,4.0,232.0,141
2023-05-09 21:10:07,CF311P13400,CF311P13400,58.0,0.0,0.0,0.0,3,57.0,62.0,3,59.0,56.0,58.0,56.0,4.0,232.0,141
2023-05-09 21:10:10,CF311P13400,CF311P13400,58.0,0.0,0.0,0.0,3,57.0,63.0,15,59.0,56.0,58.0,56.0,4.0,232.0,141
2023-05-09 21:10:12,CF311P13400,CF311P13400,58.0,0.0,0.0,0.0,3,57.0,63.0,12,59.0,56.0,58.0,56.0,4.0,232.0,141
2023-05-09 21:10:13,CF311P13400,CF311P13400,58.0,0.0,0.0,0.0,3,57.0,63.0,9,59.0,56.0,58.0,56.0,4.0,232.0,141
2023-05-09 21:10:14,CF311P13400,CF311P13400,58.0,0.0,0.0,0.0,3,57.0,63.0,3,59.0,56.0,58.0,56.0,4.0,232.0,141
2023-05-09 21:10:16,CF311P13400,CF311P13400,58.0,0.0,0.0,0.0,3,57.0,0.0,0,59.0,56.0,58.0,56.0,4.0,232.0,141
2023-05-09 21:10:41,CF311P13400,CF311P13400,58.0,0.0,0.0,0.0,10,16.0,0.0,0,59.0,56.0,58.0,56.0,4.0,232.0,141
2023-05-09 21:10:41,CF311P13400,CF311P13400,58.0,0.0,0.0,0.0,2,32.0,0.0,0,59.0,56.0,58.0,56.0,4.0,232.0,141
2023-05-09 21:10:41,CF311P13400,CF311P13400,58.0,0.0,0.0,0.0,10,33.0,0.0,0,59.0,56.0,58.0,56.0,4.0,232.0,141
2023-05-09 21:10:42,CF311P13400,CF311P13400,58.0,0.0,0.0,0.0,2,34.0,0.0,0,59.0,56.0,58.0,56.0,4.0,232.0,141
2023-05-09 21:10:43,CF311P13400,CF311P13400,58.0,0.0,0.0,0.0,10,35.0,0.0,0,59.0,56.0,58.0,56.0,4.0,232.0,141
2023-05-09 21:10:43,CF311P13400,CF311P13400,58.0,0.0,0.0,0.0,2,36.0,0.0,0,59.0,56.0,58.0,56.0,4.0,232.0,141
2023-05-09 21:10:44,CF311P13400,CF311P13400,58.0,0.0,0.0,0.0,10,37.0,0.0,0,59.0,56.0,58.0,56.0,4.0,232.0,141
2023-05-09 21:10:44,CF311P13400,CF311P13400,58.0,0.0,0.0,0.0,2,38.0,0.0,0,59.0,56.0,58.0,56.0,4.0,232.0,141
2023-05-09 21:10:45,CF311P13400,CF311P13400,58.0,0.0,0.0,0.0,10,39.0,0.0,0,59.0,56.0,58.0,56.0,4.0,232.0,141
2023-05-09 21:10:45,CF311P13400,CF311P13400,58.0,0.0,0.0,0.0,2,40.0,0.0,0,59.0,56.0,58.0,56.0,4.0,232.0,141
2023-05-09 21:10:46,CF311P13400,CF311P13400,58.0,0.0,0.0,0.0,10,41.0,0.0,0,59.0,56.0,58.0,56.0,4.0,232.0,141
2023-05-09 21:10:46,CF311P13400,CF311P13400,58.0,0.0,0.0,0.0,2,42.0,0.0,0,59.0,56.0,58.0,56.0,4.0,232.0,141
2023-05-09 21:10:47,CF311P13400,CF311P13400,58.0,0.0,0.0,0.0,10,43.0,0.0,0,59.0,56.0,58.0,56.0,4.0,232.0,141
2023-05-09 21:11:25,CF311P13400,CF311P13400,58.0,0.0,0.0,0.0,3,53.0,59.0,3,59.0,56.0,58.0,56.0,4.0,232.0,141
2023-05-09 21:11:30,CF311P13400,CF311P13400,58.0,0.0,0.0,0.0,6,53.0,59.0,6,59.0,56.0,58.0,56.0,4.0,232.0,141
2023-05-09 21:11:31,CF311P13400,CF311P13400,58.0,0.0,0.0,0.0,1,58.0,59.0,3,59.0,56.0,58.0,56.0,4.0,232.0,141
2023-05-09 21:11:34,CF311P13400,CF311P13400,58.0,0.0,0.0,0.0,3,55.0,59.0,3,59.0,56.0,58.0,56.0,4.0,232.0,141
2023-05-09 21:11:36,CF311P13400,CF311P13400,58.0,0.0,0.0,0.0,6,55.0,59.0,3,59.0,56.0,58.0,56.0,4.0,232.0,141
2023-05-09 21:11:36,CF311P13400,CF311P13400,58.0,0.0,0.0,0.0,6,55.0,60.0,3,59.0,56.0,58.0,56.0,4.0,232.0,141
2023-05-09 21:11:40,CF311P13400,CF311P13400,58.0,0.0,0.0,0.0,9,55.0,60.0,6,59.0,56.0,58.0,56.0,4.0,232.0,141
2023-05-09 21:11:45,CF311P13400,CF311P13400,58.0,0.0,0.0,0.0,6,55.0,60.0,6,59.0,56.0,58.0,56.0,4.0,232.0,141
2023-05-09 21:11:48,CF311P13400,CF311P13400,58.0,0.0,0.0,0.0,3,55.0,60.0,3,59.0,56.0,58.0,56.0,4.0,232.0,141
2023-05-09 21:11:50,CF311P13400,CF311P13400,58.0,0.0,0.0,0.0,3,52.0,64.0,3,59.0,56.0,58.0,56.0,4.0,232.0,141
2023-05-09 21:11:51,CF311P13400,CF311P13400,58.0,0.0,0.0,0.0,1,17.0,0.0,0,59.0,56.0,58.0,56.0,4.0,232.0,141
2023-05-09 21:11:52,CF311P13400,CF311P13400,58.0,0.0,0.0,0.0,2,25.0,0.0,0,59.0,56.0,58.0,56.0,4.0,232.0,141
2023-05-09 21:11:52,CF311P13400,CF311P13400,58.0,0.0,0.0,0.0,10,26.0,0.0,0,59.0,56.0,58.0,56.0,4.0,232.0,141
2023-05-09 21:11:53,CF311P13400,CF311P13400,58.0,0.0,0.0,0.0,2,34.0,0.0,0,59.0,56.0,58.0,56.0,4.0,232.0,141
2023-05-09 21:11:53,CF311P13400,CF311P13400,58.0,0.0,0.0,0.0,10,35.0,0.0,0,59.0,56.0,58.0,56.0,4.0,232.0,141
2023-05-09 21:11:54,CF311P13400,CF311P13400,58.0,0.0,0.0,0.0,2,36.0,0.0,0,59.0,56.0,58.0,56.0,4.0,232.0,141
2023-05-09 21:11:54,CF311P13400,CF311P13400,58.0,0.0,0.0,0.0,10,37.0,0.0,0,59.0,56.0,58.0,56.0,4.0,232.0,141
2023-05-09 21:11:55,CF311P13400,CF311P13400,58.0,0.0,0.0,0.0,2,38.0,0.0,0,59.0,56.0,58.0,56.0,4.0,232.0,141
2023-05-09 21:11:55,CF311P13400,CF311P13400,58.0,0.0,0.0,0.0,10,39.0,0.0,0,59.0,56.0,58.0,56.0,4.0,232.0,141
2023-05-09 21:11:56,CF311P13400,CF311P13400,58.0,0.0,0.0,0.0,2,40.0,0.0,0,59.0,56.0,58.0,56.0,4.0,232.0,141
2023-05-09 21:11:56,CF311P13400,CF311P13400,58.0,0.0,0.0,0.0,10,41.0,0.0,0,59.0,56.0,58.0,56.0,4.0,232.0,141
2023-05-09 21:11:57,CF311P13400,CF311P13400,58.0,0.0,0.0,0.0,2,42.0,0.0,0,59.0,56.0,58.0,56.0,4.0,232.0,141
2023-05-09 21:11:57,CF311P13400,CF311P13400,58.0,0.0,0.0,0.0,10,43.0,0.0,0,59.0,56.0,58.0,56.0,4.0,232.0,141
2023-05-09 21:11:58,CF311P13400,CF311P13400,58.0,0.0,0.0,0.0,2,44.0,0.0,0,59.0,56.0,58.0,56.0,4.0,232.0,141
2023-05-09 21:11:58,CF311P13400,CF311P13400,58.0,0.0,0.0,0.0,10,45.0,0.0,0,59.0,56.0,58.0,56.0,4.0,232.0,141
2023-05-09 21:12:44,CF311P13400,CF311P13400,58.0,0.0,0.0,0.0,1,59.0,0.0,0,59.0,56.0,58.0,56.0,4.0,232.0,141
2023-05-09 21:12:48,CF311P13400,CF311P13400,58.0,0.0,0.0,0.0,1,59.0,64.0,3,59.0,56.0,58.0,56.0,4.0,232.0,141
2023-05-09 21:12:52,CF311P13400,CF311P13400,59.0,1.0,58.0,1.0,3,57.0,59.0,2,59.0,56.0,59.0,56.0,5.0,290.0,142
2023-05-09 21:12:54,CF311P13400,CF311P13400,59.0,0.0,0.0,0.0,1,58.0,59.0,2,59.0,56.0,59.0,56.0,5.0,290.0,142
2023-05-09 21:12:56,CF311P13400,CF311P13400,59.0,0.0,0.0,0.0,1,58.0,59.0,5,59.0,56.0,59.0,56.0,5.0,290.0,142
2023-05-09 21:13:00,CF311P13400,CF311P13400,57.0,6.0,337.0,-3.0,9,56.0,58.0,3,59.0,56.0,59.0,56.0,11.0,627.0,139
2023-05-09 21:13:00,CF311P13400,CF311P13400,57.0,0.0,0.0,0.0,9,56.0,58.0,6,59.0,56.0,59.0,56.0,11.0,627.0,139
2023-05-09 21:13:00,CF311P13400,CF311P13400,57.0,0.0,0.0,0.0,6,56.0,58.0,6,59.0,56.0,59.0,56.0,11.0,627.0,139
2023-05-09 21:13:05,CF311P13400,CF311P13400,57.0,0.0,0.0,0.0,6,56.0,58.0,3,59.0,56.0,59.0,56.0,11.0,627.0,139
2023-05-09 21:13:10,CF311P13400,CF311P13400,57.0,0.0,0.0,0.0,3,56.0,58.0,3,59.0,56.0,59.0,56.0,11.0,627.0,139
2023-05-09 21:13:11,CF311P13400,CF311P13400,57.0,0.0,0.0,0.0,3,51.0,63.0,3,59.0,56.0,59.0,56.0,11.0,627.0,139
2023-05-09 21:13:12,CF311P13400,CF311P13400,57.0,0.0,0.0,0.0,10,18.0,0.0,0,59.0,56.0,59.0,56.0,11.0,627.0,139
2023-05-09 21:13:12,CF311P13400,CF311P13400,57.0,0.0,0.0,0.0,2,34.0,0.0,0,59.0,56.0,59.0,56.0,11.0,627.0,139
2023-05-09 21:13:12,CF311P13400,CF311P13400,57.0,0.0,0.0,0.0,10,35.0,0.0,0,59.0,56.0,59.0,56.0,11.0,627.0,139
2023-05-09 21:13:13,CF311P13400,CF311P13400,57.0,0.0,0.0,0.0,2,36.0,0.0,0,59.0,56.0,59.0,56.0,11.0,627.0,139
2023-05-09 21:13:14,CF311P13400,CF311P13400,57.0,0.0,0.0,0.0,10,37.0,0.0,0,59.0,56.0,59.0,56.0,11.0,627.0,139
2023-05-09 21:13:14,CF311P13400,CF311P13400,57.0,0.0,0.0,0.0,2,38.0,0.0,0,59.0,56.0,59.0,56.0,11.0,627.0,139
2023-05-09 21:13:15,CF311P13400,CF311P13400,57.0,0.0,0.0,0.0,10,39.0,0.0,0,59.0,56.0,59.0,56.0,11.0,627.0,139
2023-05-09 21:13:15,CF311P13400,CF311P13400,57.0,0.0,0.0,0.0,2,40.0,0.0,0,59.0,56.0,59.0,56.0,11.0,627.0,139
2023-05-09 21:13:16,CF311P13400,CF311P13400,57.0,0.0,0.0,0.0,10,41.0,0.0,0,59.0,56.0,59.0,56.0,11.0,627.0,139
2023-05-09 21:13:16,CF311P13400,CF311P13400,57.0,0.0,0.0,0.0,2,42.0,0.0,0,59.0,56.0,59.0,56.0,11.0,627.0,139
2023-05-09 21:13:17,CF311P13400,CF311P13400,57.0,0.0,0.0,0.0,10,43.0,0.0,0,59.0,56.0,59.0,56.0,11.0,627.0,139
2023-05-09 21:13:17,CF311P13400,CF311P13400,57.0,0.0,0.0,0.0,2,44.0,0.0,0,59.0,56.0,59.0,56.0,11.0,627.0,139
2023-05-09 21:13:18,CF311P13400,CF311P13400,57.0,0.0,0.0,0.0,10,45.0,0.0,0,59.0,56.0,59.0,56.0,11.0,627.0,139
2023-05-09 21:13:40,CF311P13400,CF311P13400,57.0,0.0,0.0,0.0,10,18.0,0.0,0,59.0,56.0,59.0,56.0,11.0,627.0,139
2023-05-09 21:13:40,CF311P13400,CF311P13400,57.0,0.0,0.0,0.0,2,34.0,0.0,0,59.0,56.0,59.0,56.0,11.0,627.0,139
2023-05-09 21:13:40,CF311P13400,CF311P13400,57.0,0.0,0.0,0.0,10,35.0,0.0,0,59.0,56.0,59.0,56.0,11.0,627.0,139
2023-05-09 21:13:41,CF311P13400,CF311P13400,57.0,0.0,0.0,0.0,2,36.0,0.0,0,59.0,56.0,59.0,56.0,11.0,627.0,139
2023-05-09 21:13:42,CF311P13400,CF311P13400,57.0,0.0,0.0,0.0,10,37.0,0.0,0,59.0,56.0,59.0,56.0,11.0,627.0,139
2023-05-09 21:13:42,CF311P13400,CF311P13400,57.0,0.0,0.0,0.0,2,38.0,0.0,0,59.0,56.0,59.0,56.0,11.0,627.0,139
2023-05-09 21:13:43,CF311P13400,CF311P13400,57.0,0.0,0.0,0.0,10,39.0,0.0,0,59.0,56.0,59.0,56.0,11.0,627.0,139
2023-05-09 21:13:43,CF311P13400,CF311P13400,57.0,0.0,0.0,0.0,2,40.0,0.0,0,59.0,56.0,59.0,56.0,11.0,627.0,139
2023-05-09 21:13:44,CF311P13400,CF311P13400,57.0,0.0,0.0,0.0,10,41.0,0.0,0,59.0,56.0,59.0,56.0,11.0,627.0,139
2023-05-09 21:13:44,CF311P13400,CF311P13400,57.0,0.0,0.0,0.0,2,42.0,0.0,0,59.0,56.0,59.0,56.0,11.0,627.0,139
2023-05-09 21:13:45,CF311P13400,CF311P13400,57.0,0.0,0.0,0.0,10,43.0,0.0,0,59.0,56.0,59.0,56.0,11.0,627.0,139
2023-05-09 21:13:45,CF311P13400,CF311P13400,57.0,0.0,0.0,0.0,2,44.0,0.0,0,59.0,56.0,59.0,56.0,11.0,627.0,139
2023-05-09 21:13:46,CF311P13400,CF311P13400,57.0,0.0,0.0,0.0,10,45.0,0.0,0,59.0,56.0,59.0,56.0,11.0,627.0,139
2023-05-09 21:13:52,CF311P13400,CF311P13400,57.0,0.0,0.0,0.0,3,54.0,60.0,3,59.0,56.0,59.0,56.0,11.0,627.0,139
2023-05-09 21:13:57,CF311P13400,CF311P13400,57.0,0.0,0.0,0.0,6,54.0,60.0,3,59.0,56.0,59.0,56.0,11.0,627.0,139
2023-05-09 21:14:02,CF311P13400,CF311P13400,57.0,0.0,0.0,0.0,3,55.0,60.0,3,59.0,56.0,59.0,56.0,11.0,627.0,139
2023-05-09 21:14:03,CF311P13400,CF311P13400,57.0,0.0,0.0,0.0,6,55.0,60.0,3,59.0,56.0,59.0,56.0,11.0,627.0,139
2023-05-09 21:14:03,CF311P13400,CF311P13400,57.0,0.0,0.0,0.0,6,55.0,61.0,3,59.0,56.0,59.0,56.0,11.0,627.0,139
2023-05-09 21:14:07,CF311P13400,CF311P13400,57.0,0.0,0.0,0.0,9,55.0,61.0,6,59.0,56.0,59.0,56.0,11.0,627.0,139
2023-05-09 21:14:13,CF311P13400,CF311P13400,57.0,0.0,0.0,0.0,6,55.0,61.0,6,59.0,56.0,59.0,56.0,11.0,627.0,139
2023-05-09 21:14:15,CF311P13400,CF311P13400,57.0,0.0,0.0,0.0,3,55.0,61.0,3,59.0,56.0,59.0,56.0,11.0,627.0,139
2023-05-09 21:14:17,CF311P13400,CF311P13400,57.0,0.0,0.0,0.0,3,52.0,64.0,3,59.0,56.0,59.0,56.0,11.0,627.0,139
2023-05-09 21:14:18,CF311P13400,CF311P13400,57.0,0.0,0.0,0.0,1,17.0,0.0,0,59.0,56.0,59.0,56.0,11.0,627.0,139
2023-05-09 21:14:19,CF311P13400,CF311P13400,57.0,0.0,0.0,0.0,2,33.0,0.0,0,59.0,56.0,59.0,56.0,11.0,627.0,139
2023-05-09 21:14:19,CF311P13400,CF311P13400,57.0,0.0,0.0,0.0,10,34.0,0.0,0,59.0,56.0,59.0,56.0,11.0,627.0,139
2023-05-09 21:14:20,CF311P13400,CF311P13400,57.0,0.0,0.0,0.0,2,35.0,0.0,0,59.0,56.0,59.0,56.0,11.0,627.0,139
2023-05-09 21:14:20,CF311P13400,CF311P13400,57.0,0.0,0.0,0.0,10,36.0,0.0,0,59.0,56.0,59.0,56.0,11.0,627.0,139
2023-05-09 21:14:21,CF311P13400,CF311P13400,57.0,0.0,0.0,0.0,2,37.0,0.0,0,59.0,56.0,59.0,56.0,11.0,627.0,139
2023-05-09 21:14:21,CF311P13400,CF311P13400,57.0,0.0,0.0,0.0,10,38.0,0.0,0,59.0,56.0,59.0,56.0,11.0,627.0,139
2023-05-09 21:14:22,CF311P13400,CF311P13400,57.0,0.0,0.0,0.0,2,39.0,0.0,0,59.0,56.0,59.0,56.0,11.0,627.0,139
2023-05-09 21:14:22,CF311P13400,CF311P13400,57.0,0.0,0.0,0.0,10,40.0,0.0,0,59.0,56.0,59.0,56.0,11.0,627.0,139
2023-05-09 21:14:23,CF311P13400,CF311P13400,57.0,0.0,0.0,0.0,2,41.0,0.0,0,59.0,56.0,59.0,56.0,11.0,627.0,139
2023-05-09 21:14:23,CF311P13400,CF311P13400,57.0,0.0,0.0,0.0,10,42.0,0.0,0,59.0,56.0,59.0,56.0,11.0,627.0,139
2023-05-09 21:14:24,CF311P13400,CF311P13400,57.0,0.0,0.0,0.0,2,43.0,0.0,0,59.0,56.0,59.0,56.0,11.0,627.0,139
2023-05-09 21:14:24,CF311P13400,CF311P13400,57.0,0.0,0.0,0.0,10,44.0,0.0,0,59.0,56.0,59.0,56.0,11.0,627.0,139
2023-05-09 21:14:45,CF311P13400,CF311P13400,57.0,0.0,0.0,0.0,10,44.0,70.0,1,59.0,56.0,59.0,56.0,11.0,627.0,139
2023-05-09 21:15:05,CF311P13400,CF311P13400,57.0,0.0,0.0,0.0,10,44.0,0.0,0,59.0,56.0,59.0,56.0,11.0,627.0,139
2023-05-09 21:16:37,CF311P13400,CF311P13400,57.0,0.0,0.0,0.0,1,17.0,0.0,0,59.0,56.0,59.0,56.0,11.0,627.0,139
2023-05-09 21:16:38,CF311P13400,CF311P13400,57.0,0.0,0.0,0.0,2,33.0,1006.0,10,59.0,56.0,59.0,56.0,11.0,627.0,139
2023-05-09 21:16:38,CF311P13400,CF311P13400,57.0,0.0,0.0,0.0,10,34.0,1003.0,1,59.0,56.0,59.0,56.0,11.0,627.0,139
2023-05-09 21:16:39,CF311P13400,CF311P13400,57.0,0.0,0.0,0.0,2,35.0,1002.0,10,59.0,56.0,59.0,56.0,11.0,627.0,139
2023-05-09 21:16:39,CF311P13400,CF311P13400,57.0,0.0,0.0,0.0,10,36.0,999.0,1,59.0,56.0,59.0,56.0,11.0,627.0,139
2023-05-09 21:16:40,CF311P13400,CF311P13400,57.0,0.0,0.0,0.0,2,37.0,998.0,10,59.0,56.0,59.0,56.0,11.0,627.0,139
2023-05-09 21:16:40,CF311P13400,CF311P13400,57.0,0.0,0.0,0.0,10,38.0,995.0,1,59.0,56.0,59.0,56.0,11.0,627.0,139
2023-05-09 21:16:41,CF311P13400,CF311P13400,57.0,0.0,0.0,0.0,2,39.0,987.0,1,59.0,56.0,59.0,56.0,11.0,627.0,139
2023-05-09 21:16:41,CF311P13400,CF311P13400,57.0,0.0,0.0,0.0,10,40.0,983.0,10,59.0,56.0,59.0,56.0,11.0,627.0,139
2023-05-09 21:16:42,CF311P13400,CF311P13400,57.0,0.0,0.0,0.0,2,41.0,980.0,1,59.0,56.0,59.0,56.0,11.0,627.0,139
2023-05-09 21:16:42,CF311P13400,CF311P13400,57.0,0.0,0.0,0.0,10,42.0,979.0,10,59.0,56.0,59.0,56.0,11.0,627.0,139
2023-05-09 21:16:43,CF311P13400,CF311P13400,57.0,0.0,0.0,0.0,2,43.0,979.0,10,59.0,56.0,59.0,56.0,11.0,627.0,139
2023-05-09 21:16:43,CF311P13400,CF311P13400,57.0,0.0,0.0,0.0,12,43.0,979.0,10,59.0,56.0,59.0,56.0,11.0,627.0,139
2023-05-09 21:16:44,CF311P13400,CF311P13400,57.0,0.0,0.0,0.0,12,43.0,976.0,1,59.0,56.0,59.0,56.0,11.0,627.0,139
2023-05-09 21:16:45,CF311P13400,CF311P13400,57.0,0.0,0.0,0.0,12,43.0,975.0,10,59.0,56.0,59.0,56.0,11.0,627.0,139
2023-05-09 21:16:45,CF311P13400,CF311P13400,57.0,0.0,0.0,0.0,12,43.0,972.0,1,59.0,56.0,59.0,56.0,11.0,627.0,139
2023-05-09 21:16:46,CF311P13400,CF311P13400,57.0,0.0,0.0,0.0,12,43.0,971.0,10,59.0,56.0,59.0,56.0,11.0,627.0,139
2023-05-09 21:16:46,CF311P13400,CF311P13400,57.0,0.0,0.0,0.0,12,43.0,968.0,1,59.0,56.0,59.0,56.0,11.0,627.0,139
2023-05-09 21:16:47,CF311P13400,CF311P13400,57.0,0.0,0.0,0.0,12,43.0,967.0,10,59.0,56.0,59.0,56.0,11.0,627.0,139
2023-05-09 21:16:47,CF311P13400,CF311P13400,57.0,0.0,0.0,0.0,12,43.0,960.0,1,59.0,56.0,59.0,56.0,11.0,627.0,139
2023-05-09 21:16:48,CF311P13400,CF311P13400,57.0,0.0,0.0,0.0,12,43.0,959.0,10,59.0,56.0,59.0,56.0,11.0,627.0,139
2023-05-09 21:16:56,CF311P13400,CF311P13400,57.0,0.0,0.0,0.0,12,43.0,948.0,1,59.0,56.0,59.0,56.0,11.0,627.0,139
2023-05-09 21:16:57,CF311P13400,CF311P13400,57.0,0.0,0.0,0.0,12,43.0,947.0,10,59.0,56.0,59.0,56.0,11.0,627.0,139
2023-05-09 21:16:59,CF311P13400,CF311P13400,57.0,0.0,0.0,0.0,12,43.0,946.0,1,59.0,56.0,59.0,56.0,11.0,627.0,139
2023-05-09 21:16:59,CF311P13400,CF311P13400,57.0,0.0,0.0,0.0,12,43.0,945.0,10,59.0,56.0,59.0,56.0,11.0,627.0,139
2023-05-09 21:17:02,CF311P13400,CF311P13400,57.0,0.0,0.0,0.0,12,43.0,934.0,1,59.0,56.0,59.0,56.0,11.0,627.0,139
2023-05-09 21:17:02,CF311P13400,CF311P13400,57.0,0.0,0.0,0.0,12,43.0,933.0,10,59.0,56.0,59.0,56.0,11.0,627.0,139
2023-05-09 21:17:07,CF311P13400,CF311P13400,57.0,0.0,0.0,0.0,12,43.0,922.0,1,59.0,56.0,59.0,56.0,11.0,627.0,139
2023-05-09 21:17:07,CF311P13400,CF311P13400,57.0,0.0,0.0,0.0,12,43.0,921.0,10,59.0,56.0,59.0,56.0,11.0,627.0,139
2023-05-09 21:17:09,CF311P13400,CF311P13400,57.0,0.0,0.0,0.0,12,43.0,920.0,1,59.0,56.0,59.0,56.0,11.0,627.0,139
2023-05-09 21:17:09,CF311P13400,CF311P13400,57.0,0.0,0.0,0.0,12,43.0,919.0,10,59.0,56.0,59.0,56.0,11.0,627.0,139
2023-05-09 21:17:10,CF311P13400,CF311P13400,57.0,0.0,0.0,0.0,12,43.0,908.0,1,59.0,56.0,59.0,56.0,11.0,627.0,139
2023-05-09 21:17:11,CF311P13400,CF311P13400,57.0,0.0,0.0,0.0,12,43.0,907.0,10,59.0,56.0,59.0,56.0,11.0,627.0,139
2023-05-09 21:17:17,CF311P13400,CF311P13400,57.0,0.0,0.0,0.0,12,43.0,896.0,1,59.0,56.0,59.0,56.0,11.0,627.0,139
2023-05-09 21:17:17,CF311P13400,CF311P13400,57.0,0.0,0.0,0.0,12,43.0,895.0,10,59.0,56.0,59.0,56.0,11.0,627.0,139
2023-05-09 21:17:20,CF311P13400,CF311P13400,57.0,0.0,0.0,0.0,12,43.0,894.0,1,59.0,56.0,59.0,56.0,11.0,627.0,139
2023-05-09 21:17:20,CF311P13400,CF311P13400,57.0,0.0,0.0,0.0,12,43.0,893.0,10,59.0,56.0,59.0,56.0,11.0,627.0,139
2023-05-09 21:17:24,CF311P13400,CF311P13400,57.0,0.0,0.0,0.0,12,43.0,882.0,1,59.0,56.0,59.0,56.0,11.0,627.0,139
2023-05-09 21:17:24,CF311P13400,CF311P13400,57.0,0.0,0.0,0.0,12,43.0,881.0,10,59.0,56.0,59.0,56.0,11.0,627.0,139
2023-05-09 21:17:31,CF311P13400,CF311P13400,57.0,0.0,0.0,0.0,12,43.0,870.0,1,59.0,56.0,59.0,56.0,11.0,627.0,139
2023-05-09 21:17:31,CF311P13400,CF311P13400,57.0,0.0,0.0,0.0,12,43.0,869.0,10,59.0,56.0,59.0,56.0,11.0,627.0,139
2023-05-09 21:17:37,CF311P13400,CF311P13400,57.0,0.0,0.0,0.0,12,43.0,858.0,1,59.0,56.0,59.0,56.0,11.0,627.0,139
2023-05-09 21:17:37,CF311P13400,CF311P13400,57.0,0.0,0.0,0.0,12,43.0,857.0,10,59.0,56.0,59.0,56.0,11.0,627.0,139
2023-05-09 21:17:38,CF311P13400,CF311P13400,57.0,0.0,0.0,0.0,12,43.0,857.0,11,59.0,56.0,59.0,56.0,11.0,627.0,139
2023-05-09 21:17:45,CF311P13400,CF311P13400,57.0,0.0,0.0,0.0,12,43.0,846.0,1,59.0,56.0,59.0,56.0,11.0,627.0,139
2023-05-09 21:17:45,CF311P13400,CF311P13400,57.0,0.0,0.0,0.0,12,43.0,845.0,10,59.0,56.0,59.0,56.0,11.0,627.0,139
2023-05-09 21:17:49,CF311P13400,CF311P13400,57.0,0.0,0.0,0.0,12,43.0,844.0,1,59.0,56.0,59.0,56.0,11.0,627.0,139
2023-05-09 21:17:49,CF311P13400,CF311P13400,57.0,0.0,0.0,0.0,12,43.0,843.0,10,59.0,56.0,59.0,56.0,11.0,627.0,139
2023-05-09 21:17:52,CF311P13400,CF311P13400,57.0,0.0,0.0,0.0,12,43.0,832.0,1,59.0,56.0,59.0,56.0,11.0,627.0,139
2023-05-09 21:17:52,CF311P13400,CF311P13400,57.0,0.0,0.0,0.0,12,43.0,831.0,10,59.0,56.0,59.0,56.0,11.0,627.0,139
2023-05-09 21:17:59,CF311P13400,CF311P13400,57.0,0.0,0.0,0.0,12,43.0,830.0,1,59.0,56.0,59.0,56.0,11.0,627.0,139
2023-05-09 21:17:59,CF311P13400,CF311P13400,57.0,0.0,0.0,0.0,12,43.0,829.0,10,59.0,56.0,59.0,56.0,11.0,627.0,139
2023-05-09 21:18:04,CF311P13400,CF311P13400,57.0,0.0,0.0,0.0,12,43.0,818.0,1,59.0,56.0,59.0,56.0,11.0,627.0,139
2023-05-09 21:18:04,CF311P13400,CF311P13400,57.0,0.0,0.0,0.0,12,43.0,817.0,10,59.0,56.0,59.0,56.0,11.0,627.0,139
2023-05-09 21:18:09,CF311P13400,CF311P13400,57.0,0.0,0.0,0.0,12,43.0,816.0,1,59.0,56.0,59.0,56.0,11.0,627.0,139
2023-05-09 21:18:09,CF311P13400,CF311P13400,57.0,0.0,0.0,0.0,12,43.0,815.0,10,59.0,56.0,59.0,56.0,11.0,627.0,139
2023-05-09 21:18:11,CF311P13400,CF311P13400,57.0,0.0,0.0,0.0,12,43.0,804.0,1,59.0,56.0,59.0,56.0,11.0,627.0,139
2023-05-09 21:18:11,CF311P13400,CF311P13400,57.0,0.0,0.0,0.0,12,43.0,803.0,10,59.0,56.0,59.0,56.0,11.0,627.0,139
2023-05-09 21:18:20,CF311P13400,CF311P13400,57.0,0.0,0.0,0.0,12,43.0,792.0,1,59.0,56.0,59.0,56.0,11.0,627.0,139
2023-05-09 21:18:20,CF311P13400,CF311P13400,57.0,0.0,0.0,0.0,12,43.0,791.0,10,59.0,56.0,59.0,56.0,11.0,627.0,139
2023-05-09 21:18:22,CF311P13400,CF311P13400,57.0,0.0,0.0,0.0,12,43.0,790.0,1,59.0,56.0,59.0,56.0,11.0,627.0,139
2023-05-09 21:18:22,CF311P13400,CF311P13400,57.0,0.0,0.0,0.0,12,43.0,789.0,10,59.0,56.0,59.0,56.0,11.0,627.0,139
2023-05-09 21:18:28,CF311P13400,CF311P13400,57.0,0.0,0.0,0.0,12,43.0,778.0,1,59.0,56.0,59.0,56.0,11.0,627.0,139
2023-05-09 21:18:28,CF311P13400,CF311P13400,57.0,0.0,0.0,0.0,12,43.0,777.0,10,59.0,56.0,59.0,56.0,11.0,627.0,139
2023-05-09 21:18:33,CF311P13400,CF311P13400,57.0,0.0,0.0,0.0,12,43.0,766.0,1,59.0,56.0,59.0,56.0,11.0,627.0,139
2023-05-09 21:18:34,CF311P13400,CF311P13400,57.0,0.0,0.0,0.0,12,43.0,765.0,10,59.0,56.0,59.0,56.0,11.0,627.0,139
2023-05-09 21:18:40,CF311P13400,CF311P13400,57.0,0.0,0.0,0.0,12,43.0,754.0,1,59.0,56.0,59.0,56.0,11.0,627.0,139
2023-05-09 21:18:40,CF311P13400,CF311P13400,57.0,0.0,0.0,0.0,12,43.0,753.0,10,59.0,56.0,59.0,56.0,11.0,627.0,139
2023-05-09 21:18:41,CF311P13400,CF311P13400,57.0,0.0,0.0,0.0,12,43.0,753.0,11,59.0,56.0,59.0,56.0,11.0,627.0,139
2023-05-09 21:18:45,CF311P13400,CF311P13400,57.0,0.0,0.0,0.0,12,43.0,742.0,1,59.0,56.0,59.0,56.0,11.0,627.0,139
2023-05-09 21:18:46,CF311P13400,CF311P13400,57.0,0.0,0.0,0.0,12,43.0,741.0,10,59.0,56.0,59.0,56.0,11.0,627.0,139
2023-05-09 21:18:51,CF311P13400,CF311P13400,57.0,0.0,0.0,0.0,12,43.0,740.0,1,59.0,56.0,59.0,56.0,11.0,627.0,139
2023-05-09 21:18:51,CF311P13400,CF311P13400,57.0,0.0,0.0,0.0,12,43.0,739.0,10,59.0,56.0,59.0,56.0,11.0,627.0,139
2023-05-09 21:18:52,CF311P13400,CF311P13400,57.0,0.0,0.0,0.0,12,43.0,729.0,1,59.0,56.0,59.0,56.0,11.0,627.0,139
2023-05-09 21:18:52,CF311P13400,CF311P13400,57.0,0.0,0.0,0.0,12,43.0,728.0,10,59.0,56.0,59.0,56.0,11.0,627.0,139
2023-05-09 21:18:55,CF311P13400,CF311P13400,57.0,0.0,0.0,0.0,12,43.0,717.0,1,59.0,56.0,59.0,56.0,11.0,627.0,139
2023-05-09 21:18:56,CF311P13400,CF311P13400,57.0,0.0,0.0,0.0,12,43.0,716.0,10,59.0,56.0,59.0,56.0,11.0,627.0,139
2023-05-09 21:19:01,CF311P13400,CF311P13400,57.0,0.0,0.0,0.0,12,43.0,705.0,1,59.0,56.0,59.0,56.0,11.0,627.0,139
2023-05-09 21:19:02,CF311P13400,CF311P13400,57.0,0.0,0.0,0.0,12,43.0,704.0,10,59.0,56.0,59.0,56.0,11.0,627.0,139
2023-05-09 21:19:06,CF311P13400,CF311P13400,57.0,0.0,0.0,0.0,12,43.0,693.0,1,59.0,56.0,59.0,56.0,11.0,627.0,139
2023-05-09 21:19:07,CF311P13400,CF311P13400,57.0,0.0,0.0,0.0,12,43.0,692.0,10,59.0,56.0,59.0,56.0,11.0,627.0,139
2023-05-09 21:19:10,CF311P13400,CF311P13400,57.0,0.0,0.0,0.0,12,43.0,681.0,1,59.0,56.0,59.0,56.0,11.0,627.0,139
2023-05-09 21:19:10,CF311P13400,CF311P13400,57.0,0.0,0.0,0.0,12,43.0,680.0,10,59.0,56.0,59.0,56.0,11.0,627.0,139
2023-05-09 21:19:14,CF311P13400,CF311P13400,57.0,0.0,0.0,0.0,12,43.0,669.0,1,59.0,56.0,59.0,56.0,11.0,627.0,139
2023-05-09 21:19:14,CF311P13400,CF311P13400,57.0,0.0,0.0,0.0,12,43.0,668.0,10,59.0,56.0,59.0,56.0,11.0,627.0,139
2023-05-09 21:19:17,CF311P13400,CF311P13400,57.0,0.0,0.0,0.0,12,43.0,657.0,1,59.0,56.0,59.0,56.0,11.0,627.0,139
2023-05-09 21:19:17,CF311P13400,CF311P13400,57.0,0.0,0.0,0.0,12,43.0,656.0,10,59.0,56.0,59.0,56.0,11.0,627.0,139
2023-05-09 21:19:21,CF311P13400,CF311P13400,57.0,0.0,0.0,0.0,12,43.0,645.0,1,59.0,56.0,59.0,56.0,11.0,627.0,139
2023-05-09 21:19:21,CF311P13400,CF311P13400,57.0,0.0,0.0,0.0,12,43.0,644.0,10,59.0,56.0,59.0,56.0,11.0,627.0,139
2023-05-09 21:19:22,CF311P13400,CF311P13400,57.0,0.0,0.0,0.0,12,43.0,644.0,11,59.0,56.0,59.0,56.0,11.0,627.0,139
2023-05-09 21:19:26,CF311P13400,CF311P13400,57.0,0.0,0.0,0.0,12,43.0,633.0,1,59.0,56.0,59.0,56.0,11.0,627.0,139
2023-05-09 21:19:27,CF311P13400,CF311P13400,57.0,0.0,0.0,0.0,12,43.0,632.0,10,59.0,56.0,59.0,56.0,11.0,627.0,139
2023-05-09 21:19:29,CF311P13400,CF311P13400,57.0,0.0,0.0,0.0,12,43.0,621.0,1,59.0,56.0,59.0,56.0,11.0,627.0,139
2023-05-09 21:19:30,CF311P13400,CF311P13400,57.0,0.0,0.0,0.0,12,43.0,620.0,10,59.0,56.0,59.0,56.0,11.0,627.0,139
2023-05-09 21:19:32,CF311P13400,CF311P13400,57.0,0.0,0.0,0.0,12,43.0,609.0,1,59.0,56.0,59.0,56.0,11.0,627.0,139
2023-05-09 21:19:33,CF311P13400,CF311P13400,57.0,0.0,0.0,0.0,12,43.0,608.0,10,59.0,56.0,59.0,56.0,11.0,627.0,139
2023-05-09 21:19:34,CF311P13400,CF311P13400,57.0,0.0,0.0,0.0,3,44.0,608.0,10,59.0,56.0,59.0,56.0,11.0,627.0,139
2023-05-09 21:19:38,CF311P13400,CF311P13400,57.0,0.0,0.0,0.0,3,44.0,597.0,1,59.0,56.0,59.0,56.0,11.0,627.0,139
2023-05-09 21:19:38,CF311P13400,CF311P13400,57.0,0.0,0.0,0.0,3,44.0,596.0,10,59.0,56.0,59.0,56.0,11.0,627.0,139
2023-05-09 21:19:41,CF311P13400,CF311P13400,57.0,0.0,0.0,0.0,3,44.0,585.0,1,59.0,56.0,59.0,56.0,11.0,627.0,139
2023-05-09 21:19:42,CF311P13400,CF311P13400,57.0,0.0,0.0,0.0,3,44.0,584.0,10,59.0,56.0,59.0,56.0,11.0,627.0,139
2023-05-09 21:19:45,CF311P13400,CF311P13400,57.0,0.0,0.0,0.0,3,44.0,573.0,1,59.0,56.0,59.0,56.0,11.0,627.0,139
2023-05-09 21:19:46,CF311P13400,CF311P13400,57.0,0.0,0.0,0.0,3,44.0,572.0,10,59.0,56.0,59.0,56.0,11.0,627.0,139
2023-05-09 21:19:49,CF311P13400,CF311P13400,57.0,0.0,0.0,0.0,3,44.0,561.0,1,59.0,56.0,59.0,56.0,11.0,627.0,139
2023-05-09 21:19:50,CF311P13400,CF311P13400,57.0,0.0,0.0,0.0,3,44.0,560.0,10,59.0,56.0,59.0,56.0,11.0,627.0,139
2023-05-09 21:25:51,CF311P13400,CF311P13400,57.0,0.0,0.0,0.0,13,44.0,560.0,10,59.0,56.0,59.0,56.0,11.0,627.0,139
2023-05-09 21:25:58,CF311P13400,CF311P13400,57.0,0.0,0.0,0.0,3,44.0,560.0,10,59.0,56.0,59.0,56.0,11.0,627.0,139
2023-05-09 21:29:24,CF311P13400,CF311P13400,57.0,0.0,0.0,0.0,13,44.0,560.0,10,59.0,56.0,59.0,56.0,11.0,627.0,139
2023-05-09 21:29:24,CF311P13400,CF311P13400,57.0,0.0,0.0,0.0,13,44.0,557.0,1,59.0,56.0,59.0,56.0,11.0,627.0,139
2023-05-09 21:29:25,CF311P13400,CF311P13400,57.0,0.0,0.0,0.0,13,44.0,556.0,10,59.0,56.0,59.0,56.0,11.0,627.0,139
2023-05-09 21:29:25,CF311P13400,CF311P13400,57.0,0.0,0.0,0.0,13,44.0,553.0,1,59.0,56.0,59.0,56.0,11.0,627.0,139
2023-05-09 21:29:26,CF311P13400,CF311P13400,57.0,0.0,0.0,0.0,13,44.0,552.0,10,59.0,56.0,59.0,56.0,11.0,627.0,139
2023-05-09 21:29:26,CF311P13400,CF311P13400,57.0,0.0,0.0,0.0,13,44.0,549.0,1,59.0,56.0,59.0,56.0,11.0,627.0,139
2023-05-09 21:29:27,CF311P13400,CF311P13400,57.0,0.0,0.0,0.0,13,44.0,548.0,10,59.0,56.0,59.0,56.0,11.0,627.0,139
2023-05-09 21:29:27,CF311P13400,CF311P13400,57.0,0.0,0.0,0.0,13,44.0,545.0,1,59.0,56.0,59.0,56.0,11.0,627.0,139
2023-05-09 21:29:28,CF311P13400,CF311P13400,57.0,0.0,0.0,0.0,13,44.0,544.0,10,59.0,56.0,59.0,56.0,11.0,627.0,139
2023-05-09 21:29:29,CF311P13400,CF311P13400,57.0,0.0,0.0,0.0,13,44.0,540.0,10,59.0,56.0,59.0,56.0,11.0,627.0,139
2023-05-09 21:29:29,CF311P13400,CF311P13400,57.0,0.0,0.0,0.0,13,44.0,537.0,1,59.0,56.0,59.0,56.0,11.0,627.0,139
2023-05-09 21:29:29,CF311P13400,CF311P13400,57.0,0.0,0.0,0.0,13,44.0,536.0,10,59.0,56.0,59.0,56.0,11.0,627.0,139
2023-05-09 21:29:30,CF311P13400,CF311P13400,57.0,0.0,0.0,0.0,13,44.0,533.0,1,59.0,56.0,59.0,56.0,11.0,627.0,139
2023-05-09 21:29:30,CF311P13400,CF311P13400,57.0,0.0,0.0,0.0,13,44.0,532.0,10,59.0,56.0,59.0,56.0,11.0,627.0,139
2023-05-09 21:29:32,CF311P13400,CF311P13400,57.0,0.0,0.0,0.0,13,44.0,529.0,1,59.0,56.0,59.0,56.0,11.0,627.0,139
2023-05-09 21:29:33,CF311P13400,CF311P13400,57.0,0.0,0.0,0.0,13,44.0,528.0,10,59.0,56.0,59.0,56.0,11.0,627.0,139
2023-05-09 21:29:33,CF311P13400,CF311P13400,57.0,0.0,0.0,0.0,13,44.0,525.0,1,59.0,56.0,59.0,56.0,11.0,627.0,139
2023-05-09 21:29:34,CF311P13400,CF311P13400,57.0,0.0,0.0,0.0,13,44.0,524.0,10,59.0,56.0,59.0,56.0,11.0,627.0,139
2023-05-09 21:29:34,CF311P13400,CF311P13400,57.0,0.0,0.0,0.0,13,44.0,521.0,1,59.0,56.0,59.0,56.0,11.0,627.0,139
2023-05-09 21:29:35,CF311P13400,CF311P13400,57.0,0.0,0.0,0.0,13,44.0,520.0,10,59.0,56.0,59.0,56.0,11.0,627.0,139
2023-05-09 21:32:50,CF311P13400,CF311P13400,57.0,0.0,0.0,0.0,3,44.0,520.0,10,59.0,56.0,59.0,56.0,11.0,627.0,139
2023-05-09 21:33:26,CF311P13400,CF311P13400,57.0,0.0,0.0,0.0,13,44.0,520.0,10,59.0,56.0,59.0,56.0,11.0,627.0,139
2023-05-09 21:33:26,CF311P13400,CF311P13400,57.0,0.0,0.0,0.0,3,44.0,520.0,10,59.0,56.0,59.0,56.0,11.0,627.0,139
2023-05-09 21:33:26,CF311P13400,CF311P13400,57.0,0.0,0.0,0.0,13,44.0,520.0,10,59.0,56.0,59.0,56.0,11.0,627.0,139
2023-05-09 21:33:26,CF311P13400,CF311P13400,57.0,0.0,0.0,0.0,3,44.0,520.0,10,59.0,56.0,59.0,56.0,11.0,627.0,139
2023-05-09 21:35:49,CF311P13400,CF311P13400,57.0,0.0,0.0,0.0,13,44.0,520.0,10,59.0,56.0,59.0,56.0,11.0,627.0,139
2023-05-09 21:36:56,CF311P13400,CF311P13400,57.0,0.0,0.0,0.0,3,51.0,57.0,3,59.0,56.0,59.0,56.0,11.0,627.0,139
2023-05-09 21:37:04,CF311P13400,CF311P13400,57.0,0.0,0.0,0.0,3,53.0,57.0,3,59.0,56.0,59.0,56.0,11.0,627.0,139
2023-05-09 21:37:06,CF311P13400,CF311P13400,57.0,0.0,0.0,0.0,6,53.0,57.0,3,59.0,56.0,59.0,56.0,11.0,627.0,139
2023-05-09 21:37:07,CF311P13400,CF311P13400,57.0,0.0,0.0,0.0,6,53.0,58.0,6,59.0,56.0,59.0,56.0,11.0,627.0,139
2023-05-09 21:37:09,CF311P13400,CF311P13400,57.0,0.0,0.0,0.0,9,53.0,58.0,9,59.0,56.0,59.0,56.0,11.0,627.0,139
2023-05-09 21:37:13,CF311P13400,CF311P13400,57.0,0.0,0.0,0.0,9,53.0,58.0,6,59.0,56.0,59.0,56.0,11.0,627.0,139
2023-05-09 21:37:15,CF311P13400,CF311P13400,57.0,0.0,0.0,0.0,6,53.0,58.0,6,59.0,56.0,59.0,56.0,11.0,627.0,139
2023-05-09 21:37:18,CF311P13400,CF311P13400,57.0,0.0,0.0,0.0,3,53.0,58.0,3,59.0,56.0,59.0,56.0,11.0,627.0,139
2023-05-09 21:37:20,CF311P13400,CF311P13400,57.0,0.0,0.0,0.0,3,50.0,62.0,3,59.0,56.0,59.0,56.0,11.0,627.0,139
2023-05-09 21:37:22,CF311P13400,CF311P13400,57.0,0.0,0.0,0.0,3,44.0,644.0,1,59.0,56.0,59.0,56.0,11.0,627.0,139
2023-05-09 21:37:22,CF311P13400,CF311P13400,57.0,0.0,0.0,0.0,13,44.0,643.0,10,59.0,56.0,59.0,56.0,11.0,627.0,139
2023-05-09 21:37:57,CF311P13400,CF311P13400,57.0,0.0,0.0,0.0,13,44.0,642.0,1,59.0,56.0,59.0,56.0,11.0,627.0,139
2023-05-09 21:37:57,CF311P13400,CF311P13400,57.0,0.0,0.0,0.0,13,44.0,641.0,10,59.0,56.0,59.0,56.0,11.0,627.0,139
2023-05-09 21:38:07,CF311P13400,CF311P13400,57.0,0.0,0.0,0.0,13,44.0,640.0,1,59.0,56.0,59.0,56.0,11.0,627.0,139
2023-05-09 21:38:07,CF311P13400,CF311P13400,57.0,0.0,0.0,0.0,13,44.0,639.0,10,59.0,56.0,59.0,56.0,11.0,627.0,139
2023-05-09 21:38:17,CF311P13400,CF311P13400,57.0,0.0,0.0,0.0,13,44.0,638.0,1,59.0,56.0,59.0,56.0,11.0,627.0,139
2023-05-09 21:38:17,CF311P13400,CF311P13400,57.0,0.0,0.0,0.0,13,44.0,637.0,10,59.0,56.0,59.0,56.0,11.0,627.0,139
2023-05-09 21:38:27,CF311P13400,CF311P13400,57.0,0.0,0.0,0.0,13,44.0,636.0,1,59.0,56.0,59.0,56.0,11.0,627.0,139
2023-05-09 21:38:27,CF311P13400,CF311P13400,57.0,0.0,0.0,0.0,13,44.0,635.0,10,59.0,56.0,59.0,56.0,11.0,627.0,139
2023-05-09 21:38:40,CF311P13400,CF311P13400,57.0,0.0,0.0,0.0,13,44.0,634.0,1,59.0,56.0,59.0,56.0,11.0,627.0,139
2023-05-09 21:38:40,CF311P13400,CF311P13400,57.0,0.0,0.0,0.0,13,44.0,633.0,10,59.0,56.0,59.0,56.0,11.0,627.0,139
2023-05-09 21:44:39,CF311P13400,CF311P13400,57.0,0.0,0.0,0.0,13,44.0,630.0,1,59.0,56.0,59.0,56.0,11.0,627.0,139
2023-05-09 21:44:39,CF311P13400,CF311P13400,57.0,0.0,0.0,0.0,13,44.0,629.0,10,59.0,56.0,59.0,56.0,11.0,627.0,139
2023-05-09 21:44:40,CF311P13400,CF311P13400,57.0,0.0,0.0,0.0,13,44.0,626.0,1,59.0,56.0,59.0,56.0,11.0,627.0,139
2023-05-09 21:44:40,CF311P13400,CF311P13400,57.0,0.0,0.0,0.0,13,44.0,625.0,10,59.0,56.0,59.0,56.0,11.0,627.0,139
2023-05-09 21:44:41,CF311P13400,CF311P13400,57.0,0.0,0.0,0.0,13,44.0,622.0,1,59.0,56.0,59.0,56.0,11.0,627.0,139
2023-05-09 21:44:41,CF311P13400,CF311P13400,57.0,0.0,0.0,0.0,13,44.0,621.0,10,59.0,56.0,59.0,56.0,11.0,627.0,139
2023-05-09 21:44:42,CF311P13400,CF311P13400,57.0,0.0,0.0,0.0,13,44.0,618.0,1,59.0,56.0,59.0,56.0,11.0,627.0,139
2023-05-09 21:44:42,CF311P13400,CF311P13400,57.0,0.0,0.0,0.0,13,44.0,617.0,10,59.0,56.0,59.0,56.0,11.0,627.0,139
2023-05-09 21:44:43,CF311P13400,CF311P13400,57.0,0.0,0.0,0.0,13,44.0,614.0,1,59.0,56.0,59.0,56.0,11.0,627.0,139
2023-05-09 21:44:43,CF311P13400,CF311P13400,57.0,0.0,0.0,0.0,13,44.0,613.0,10,59.0,56.0,59.0,56.0,11.0,627.0,139
2023-05-09 21:44:44,CF311P13400,CF311P13400,57.0,0.0,0.0,0.0,13,44.0,610.0,1,59.0,56.0,59.0,56.0,11.0,627.0,139
2023-05-09 21:44:44,CF311P13400,CF311P13400,57.0,0.0,0.0,0.0,13,44.0,609.0,10,59.0,56.0,59.0,56.0,11.0,627.0,139
2023-05-09 21:44:45,CF311P13400,CF311P13400,57.0,0.0,0.0,0.0,13,44.0,606.0,1,59.0,56.0,59.0,56.0,11.0,627.0,139
2023-05-09 21:44:45,CF311P13400,CF311P13400,57.0,0.0,0.0,0.0,13,44.0,605.0,10,59.0,56.0,59.0,56.0,11.0,627.0,139
2023-05-09 21:44:46,CF311P13400,CF311P13400,57.0,0.0,0.0,0.0,13,44.0,602.0,1,59.0,56.0,59.0,56.0,11.0,627.0,139
2023-05-09 21:44:46,CF311P13400,CF311P13400,57.0,0.0,0.0,0.0,13,44.0,601.0,10,59.0,56.0,59.0,56.0,11.0,627.0,139
2023-05-09 21:44:47,CF311P13400,CF311P13400,57.0,0.0,0.0,0.0,13,44.0,598.0,1,59.0,56.0,59.0,56.0,11.0,627.0,139
2023-05-09 21:44:47,CF311P13400,CF311P13400,57.0,0.0,0.0,0.0,13,44.0,597.0,10,59.0,56.0,59.0,56.0,11.0,627.0,139
2023-05-09 21:44:48,CF311P13400,CF311P13400,57.0,0.0,0.0,0.0,13,44.0,594.0,1,59.0,56.0,59.0,56.0,11.0,627.0,139
2023-05-09 21:44:48,CF311P13400,CF311P13400,57.0,0.0,0.0,0.0,13,44.0,593.0,10,59.0,56.0,59.0,56.0,11.0,627.0,139
2023-05-09 21:49:50,CF311P13400,CF311P13400,57.0,0.0,0.0,0.0,3,44.0,593.0,10,59.0,56.0,59.0,56.0,11.0,627.0,139
2023-05-09 21:56:13,CF311P13400,CF311P13400,57.0,0.0,0.0,0.0,13,44.0,593.0,10,59.0,56.0,59.0,56.0,11.0,627.0,139
2023-05-09 21:56:14,CF311P13400,CF311P13400,57.0,0.0,0.0,0.0,13,44.0,590.0,1,59.0,56.0,59.0,56.0,11.0,627.0,139
2023-05-09 21:56:14,CF311P13400,CF311P13400,57.0,0.0,0.0,0.0,13,44.0,589.0,10,59.0,56.0,59.0,56.0,11.0,627.0,139
2023-05-09 21:56:15,CF311P13400,CF311P13400,57.0,0.0,0.0,0.0,13,44.0,586.0,1,59.0,56.0,59.0,56.0,11.0,627.0,139
2023-05-09 21:56:15,CF311P13400,CF311P13400,57.0,0.0,0.0,0.0,13,44.0,585.0,10,59.0,56.0,59.0,56.0,11.0,627.0,139
2023-05-09 21:56:16,CF311P13400,CF311P13400,57.0,0.0,0.0,0.0,13,44.0,582.0,1,59.0,56.0,59.0,56.0,11.0,627.0,139
2023-05-09 21:56:16,CF311P13400,CF311P13400,57.0,0.0,0.0,0.0,13,44.0,581.0,10,59.0,56.0,59.0,56.0,11.0,627.0,139
2023-05-09 21:56:17,CF311P13400,CF311P13400,57.0,0.0,0.0,0.0,13,44.0,578.0,1,59.0,56.0,59.0,56.0,11.0,627.0,139
2023-05-09 21:56:17,CF311P13400,CF311P13400,57.0,0.0,0.0,0.0,13,44.0,577.0,10,59.0,56.0,59.0,56.0,11.0,627.0,139
2023-05-09 21:56:18,CF311P13400,CF311P13400,57.0,0.0,0.0,0.0,13,44.0,574.0,1,59.0,56.0,59.0,56.0,11.0,627.0,139
2023-05-09 21:56:18,CF311P13400,CF311P13400,57.0,0.0,0.0,0.0,13,44.0,573.0,10,59.0,56.0,59.0,56.0,11.0,627.0,139
2023-05-09 21:56:19,CF311P13400,CF311P13400,57.0,0.0,0.0,0.0,13,44.0,570.0,1,59.0,56.0,59.0,56.0,11.0,627.0,139
2023-05-09 21:56:19,CF311P13400,CF311P13400,57.0,0.0,0.0,0.0,13,44.0,569.0,10,59.0,56.0,59.0,56.0,11.0,627.0,139
2023-05-09 21:56:20,CF311P13400,CF311P13400,57.0,0.0,0.0,0.0,13,44.0,566.0,1,59.0,56.0,59.0,56.0,11.0,627.0,139
2023-05-09 21:56:20,CF311P13400,CF311P13400,57.0,0.0,0.0,0.0,13,44.0,565.0,10,59.0,56.0,59.0,56.0,11.0,627.0,139
2023-05-09 21:56:21,CF311P13400,CF311P13400,57.0,0.0,0.0,0.0,13,44.0,562.0,1,59.0,56.0,59.0,56.0,11.0,627.0,139
2023-05-09 21:56:21,CF311P13400,CF311P13400,57.0,0.0,0.0,0.0,13,44.0,561.0,10,59.0,56.0,59.0,56.0,11.0,627.0,139
2023-05-09 21:56:22,CF311P13400,CF311P13400,57.0,0.0,0.0,0.0,13,44.0,558.0,1,59.0,56.0,59.0,56.0,11.0,627.0,139
2023-05-09 21:56:22,CF311P13400,CF311P13400,57.0,0.0,0.0,0.0,13,44.0,557.0,10,59.0,56.0,59.0,56.0,11.0,627.0,139
2023-05-09 21:56:23,CF311P13400,CF311P13400,57.0,0.0,0.0,0.0,13,44.0,554.0,1,59.0,56.0,59.0,56.0,11.0,627.0,139
2023-05-09 21:56:23,CF311P13400,CF311P13400,57.0,0.0,0.0,0.0,13,44.0,553.0,10,59.0,56.0,59.0,56.0,11.0,627.0,139
2023-05-09 21:57:16,CF311P13400,CF311P13400,57.0,0.0,0.0,0.0,3,44.0,553.0,10,59.0,56.0,59.0,56.0,11.0,627.0,139
2023-05-09 21:59:13,CF311P13400,CF311P13400,57.0,0.0,0.0,0.0,3,44.0,552.0,1,59.0,56.0,59.0,56.0,11.0,627.0,139
2023-05-09 21:59:13,CF311P13400,CF311P13400,57.0,0.0,0.0,0.0,3,44.0,551.0,10,59.0,56.0,59.0,56.0,11.0,627.0,139
2023-05-09 21:59:28,CF311P13400,CF311P13400,57.0,0.0,0.0,0.0,3,44.0,550.0,1,59.0,56.0,59.0,56.0,11.0,627.0,139
2023-05-09 21:59:28,CF311P13400,CF311P13400,57.0,0.0,0.0,0.0,3,44.0,549.0,10,59.0,56.0,59.0,56.0,11.0,627.0,139
2023-05-09 21:59:38,CF311P13400,CF311P13400,57.0,0.0,0.0,0.0,3,44.0,548.0,1,59.0,56.0,59.0,56.0,11.0,627.0,139
2023-05-09 21:59:38,CF311P13400,CF311P13400,57.0,0.0,0.0,0.0,3,44.0,547.0,10,59.0,56.0,59.0,56.0,11.0,627.0,139
2023-05-09 21:59:48,CF311P13400,CF311P13400,57.0,0.0,0.0,0.0,3,44.0,546.0,1,59.0,56.0,59.0,56.0,11.0,627.0,139
2023-05-09 21:59:48,CF311P13400,CF311P13400,57.0,0.0,0.0,0.0,3,44.0,545.0,10,59.0,56.0,59.0,56.0,11.0,627.0,139
2023-05-09 21:59:58,CF311P13400,CF311P13400,57.0,0.0,0.0,0.0,3,44.0,544.0,1,59.0,56.0,59.0,56.0,11.0,627.0,139
2023-05-09 21:59:58,CF311P13400,CF311P13400,57.0,0.0,0.0,0.0,3,44.0,543.0,10,59.0,56.0,59.0,56.0,11.0,627.0,139
2023-05-09 22:00:08,CF311P13400,CF311P13400,57.0,0.0,0.0,0.0,3,44.0,542.0,1,59.0,56.0,59.0,56.0,11.0,627.0,139
2023-05-09 22:00:08,CF311P13400,CF311P13400,57.0,0.0,0.0,0.0,3,44.0,541.0,10,59.0,56.0,59.0,56.0,11.0,627.0,139
2023-05-09 22:00:18,CF311P13400,CF311P13400,57.0,0.0,0.0,0.0,3,44.0,540.0,1,59.0,56.0,59.0,56.0,11.0,627.0,139
2023-05-09 22:00:18,CF311P13400,CF311P13400,57.0,0.0,0.0,0.0,3,44.0,539.0,10,59.0,56.0,59.0,56.0,11.0,627.0,139
2023-05-09 22:00:29,CF311P13400,CF311P13400,57.0,0.0,0.0,0.0,3,44.0,538.0,1,59.0,56.0,59.0,56.0,11.0,627.0,139
2023-05-09 22:00:29,CF311P13400,CF311P13400,57.0,0.0,0.0,0.0,3,44.0,537.0,10,59.0,56.0,59.0,56.0,11.0,627.0,139
2023-05-09 22:00:39,CF311P13400,CF311P13400,57.0,0.0,0.0,0.0,3,44.0,536.0,1,59.0,56.0,59.0,56.0,11.0,627.0,139
2023-05-09 22:00:39,CF311P13400,CF311P13400,57.0,0.0,0.0,0.0,3,44.0,535.0,10,59.0,56.0,59.0,56.0,11.0,627.0,139
2023-05-09 22:00:50,CF311P13400,CF311P13400,57.0,0.0,0.0,0.0,3,44.0,534.0,1,59.0,56.0,59.0,56.0,11.0,627.0,139
2023-05-09 22:00:50,CF311P13400,CF311P13400,57.0,0.0,0.0,0.0,3,44.0,533.0,10,59.0,56.0,59.0,56.0,11.0,627.0,139
2023-05-09 22:02:27,CF311P13400,CF311P13400,57.0,0.0,0.0,0.0,3,44.0,532.0,1,59.0,56.0,59.0,56.0,11.0,627.0,139
2023-05-09 22:02:27,CF311P13400,CF311P13400,57.0,0.0,0.0,0.0,3,44.0,531.0,10,59.0,56.0,59.0,56.0,11.0,627.0,139
2023-05-09 22:02:45,CF311P13400,CF311P13400,57.0,0.0,0.0,0.0,3,44.0,530.0,1,59.0,56.0,59.0,56.0,11.0,627.0,139
2023-05-09 22:02:45,CF311P13400,CF311P13400,57.0,0.0,0.0,0.0,3,44.0,529.0,10,59.0,56.0,59.0,56.0,11.0,627.0,139
2023-05-09 22:03:29,CF311P13400,CF311P13400,57.0,0.0,0.0,0.0,3,44.0,528.0,1,59.0,56.0,59.0,56.0,11.0,627.0,139
2023-05-09 22:03:29,CF311P13400,CF311P13400,57.0,0.0,0.0,0.0,3,44.0,527.0,10,59.0,56.0,59.0,56.0,11.0,627.0,139
2023-05-09 22:03:39,CF311P13400,CF311P13400,57.0,0.0,0.0,0.0,3,44.0,526.0,1,59.0,56.0,59.0,56.0,11.0,627.0,139
2023-05-09 22:03:39,CF311P13400,CF311P13400,57.0,0.0,0.0,0.0,3,44.0,525.0,10,59.0,56.0,59.0,56.0,11.0,627.0,139
2023-05-09 22:05:03,CF311P13400,CF311P13400,57.0,0.0,0.0,0.0,3,44.0,524.0,1,59.0,56.0,59.0,56.0,11.0,627.0,139
2023-05-09 22:05:03,CF311P13400,CF311P13400,57.0,0.0,0.0,0.0,3,44.0,523.0,10,59.0,56.0,59.0,56.0,11.0,627.0,139
2023-05-09 22:09:24,CF311P13400,CF311P13400,57.0,0.0,0.0,0.0,3,44.0,522.0,1,59.0,56.0,59.0,56.0,11.0,627.0,139
2023-05-09 22:09:24,CF311P13400,CF311P13400,57.0,0.0,0.0,0.0,3,44.0,521.0,10,59.0,56.0,59.0,56.0,11.0,627.0,139
2023-05-09 22:20:35,CF311P13400,CF311P13400,57.0,0.0,0.0,0.0,3,44.0,520.0,1,59.0,56.0,59.0,56.0,11.0,627.0,139
2023-05-09 22:20:35,CF311P13400,CF311P13400,57.0,0.0,0.0,0.0,3,44.0,519.0,10,59.0,56.0,59.0,56.0,11.0,627.0,139
2023-05-09 22:20:47,CF311P13400,CF311P13400,57.0,0.0,0.0,0.0,3,44.0,518.0,1,59.0,56.0,59.0,56.0,11.0,627.0,139
2023-05-09 22:20:47,CF311P13400,CF311P13400,57.0,0.0,0.0,0.0,3,44.0,517.0,10,59.0,56.0,59.0,56.0,11.0,627.0,139
2023-05-09 22:20:57,CF311P13400,CF311P13400,57.0,0.0,0.0,0.0,3,44.0,516.0,1,59.0,56.0,59.0,56.0,11.0,627.0,139
2023-05-09 22:20:57,CF311P13400,CF311P13400,57.0,0.0,0.0,0.0,3,44.0,515.0,10,59.0,56.0,59.0,56.0,11.0,627.0,139
2023-05-09 22:21:07,CF311P13400,CF311P13400,57.0,0.0,0.0,0.0,3,44.0,514.0,1,59.0,56.0,59.0,56.0,11.0,627.0,139
2023-05-09 22:21:07,CF311P13400,CF311P13400,57.0,0.0,0.0,0.0,3,44.0,513.0,10,59.0,56.0,59.0,56.0,11.0,627.0,139
2023-05-09 22:21:17,CF311P13400,CF311P13400,57.0,0.0,0.0,0.0,3,44.0,512.0,1,59.0,56.0,59.0,56.0,11.0,627.0,139
2023-05-09 22:21:17,CF311P13400,CF311P13400,57.0,0.0,0.0,0.0,3,44.0,511.0,10,59.0,56.0,59.0,56.0,11.0,627.0,139
2023-05-09 22:21:27,CF311P13400,CF311P13400,57.0,0.0,0.0,0.0,3,44.0,510.0,1,59.0,56.0,59.0,56.0,11.0,627.0,139
2023-05-09 22:21:27,CF311P13400,CF311P13400,57.0,0.0,0.0,0.0,3,44.0,509.0,10,59.0,56.0,59.0,56.0,11.0,627.0,139
2023-05-09 22:21:37,CF311P13400,CF311P13400,57.0,0.0,0.0,0.0,3,44.0,508.0,1,59.0,56.0,59.0,56.0,11.0,627.0,139
2023-05-09 22:21:37,CF311P13400,CF311P13400,57.0,0.0,0.0,0.0,3,44.0,507.0,10,59.0,56.0,59.0,56.0,11.0,627.0,139
2023-05-09 22:21:47,CF311P13400,CF311P13400,57.0,0.0,0.0,0.0,3,44.0,506.0,1,59.0,56.0,59.0,56.0,11.0,627.0,139
2023-05-09 22:21:47,CF311P13400,CF311P13400,57.0,0.0,0.0,0.0,3,44.0,505.0,10,59.0,56.0,59.0,56.0,11.0,627.0,139
2023-05-09 22:21:57,CF311P13400,CF311P13400,57.0,0.0,0.0,0.0,3,44.0,504.0,1,59.0,56.0,59.0,56.0,11.0,627.0,139
2023-05-09 22:21:57,CF311P13400,CF311P13400,57.0,0.0,0.0,0.0,3,44.0,503.0,10,59.0,56.0,59.0,56.0,11.0,627.0,139
2023-05-09 22:22:07,CF311P13400,CF311P13400,57.0,0.0,0.0,0.0,3,44.0,502.0,1,59.0,56.0,59.0,56.0,11.0,627.0,139
2023-05-09 22:22:07,CF311P13400,CF311P13400,57.0,0.0,0.0,0.0,3,44.0,501.0,10,59.0,56.0,59.0,56.0,11.0,627.0,139
2023-05-09 22:22:18,CF311P13400,CF311P13400,57.0,0.0,0.0,0.0,3,44.0,500.0,1,59.0,56.0,59.0,56.0,11.0,627.0,139
2023-05-09 22:22:18,CF311P13400,CF311P13400,57.0,0.0,0.0,0.0,3,44.0,499.0,10,59.0,56.0,59.0,56.0,11.0,627.0,139
2023-05-09 22:22:28,CF311P13400,CF311P13400,57.0,0.0,0.0,0.0,3,44.0,498.0,1,59.0,56.0,59.0,56.0,11.0,627.0,139
2023-05-09 22:22:28,CF311P13400,CF311P13400,57.0,0.0,0.0,0.0,3,44.0,497.0,10,59.0,56.0,59.0,56.0,11.0,627.0,139
2023-05-09 22:22:38,CF311P13400,CF311P13400,57.0,0.0,0.0,0.0,3,44.0,496.0,1,59.0,56.0,59.0,56.0,11.0,627.0,139
2023-05-09 22:22:38,CF311P13400,CF311P13400,57.0,0.0,0.0,0.0,3,44.0,495.0,10,59.0,56.0,59.0,56.0,11.0,627.0,139
2023-05-09 22:22:48,CF311P13400,CF311P13400,57.0,0.0,0.0,0.0,3,44.0,494.0,1,59.0,56.0,59.0,56.0,11.0,627.0,139
2023-05-09 22:22:48,CF311P13400,CF311P13400,57.0,0.0,0.0,0.0,3,44.0,493.0,10,59.0,56.0,59.0,56.0,11.0,627.0,139
2023-05-09 22:22:58,CF311P13400,CF311P13400,57.0,0.0,0.0,0.0,3,44.0,492.0,1,59.0,56.0,59.0,56.0,11.0,627.0,139
2023-05-09 22:22:58,CF311P13400,CF311P13400,57.0,0.0,0.0,0.0,3,44.0,491.0,10,59.0,56.0,59.0,56.0,11.0,627.0,139
2023-05-09 22:23:33,CF311P13400,CF311P13400,57.0,0.0,0.0,0.0,3,44.0,490.0,1,59.0,56.0,59.0,56.0,11.0,627.0,139
2023-05-09 22:23:33,CF311P13400,CF311P13400,57.0,0.0,0.0,0.0,3,44.0,489.0,10,59.0,56.0,59.0,56.0,11.0,627.0,139
2023-05-09 22:23:48,CF311P13400,CF311P13400,57.0,0.0,0.0,0.0,3,44.0,488.0,1,59.0,56.0,59.0,56.0,11.0,627.0,139
2023-05-09 22:23:48,CF311P13400,CF311P13400,57.0,0.0,0.0,0.0,3,44.0,487.0,10,59.0,56.0,59.0,56.0,11.0,627.0,139
2023-05-09 22:33:34,CF311P13400,CF311P13400,57.0,0.0,0.0,0.0,13,44.0,487.0,10,59.0,56.0,59.0,56.0,11.0,627.0,139
2023-05-09 22:33:47,CF311P13400,CF311P13400,57.0,0.0,0.0,0.0,3,44.0,487.0,10,59.0,56.0,59.0,56.0,11.0,627.0,139
2023-05-09 22:39:17,CF311P13400,CF311P13400,57.0,0.0,0.0,0.0,6,48.0,60.0,6,59.0,56.0,59.0,56.0,11.0,627.0,139
2023-05-09 22:39:17,CF311P13400,CF311P13400,57.0,0.0,0.0,0.0,12,48.0,60.0,12,59.0,56.0,59.0,56.0,11.0,627.0,139
2023-05-09 22:39:18,CF311P13400,CF311P13400,57.0,0.0,0.0,0.0,15,48.0,60.0,15,59.0,56.0,59.0,56.0,11.0,627.0,139
2023-05-09 22:39:18,CF311P13400,CF311P13400,57.0,0.0,0.0,0.0,18,48.0,60.0,18,59.0,56.0,59.0,56.0,11.0,627.0,139
2023-05-09 22:39:19,CF311P13400,CF311P13400,57.0,0.0,0.0,0.0,3,49.0,59.0,3,59.0,56.0,59.0,56.0,11.0,627.0,139
2023-05-09 22:39:22,CF311P13400,CF311P13400,57.0,0.0,0.0,0.0,6,49.0,59.0,6,59.0,56.0,59.0,56.0,11.0,627.0,139
2023-05-09 22:39:22,CF311P13400,CF311P13400,57.0,0.0,0.0,0.0,9,49.0,53.0,3,59.0,56.0,59.0,56.0,11.0,627.0,139
2023-05-09 22:39:23,CF311P13400,CF311P13400,57.0,0.0,0.0,0.0,3,51.0,53.0,3,59.0,56.0,59.0,56.0,11.0,627.0,139
2023-05-09 22:39:25,CF311P13400,CF311P13400,57.0,0.0,0.0,0.0,6,51.0,53.0,3,59.0,56.0,59.0,56.0,11.0,627.0,139
2023-05-09 22:39:28,CF311P13400,CF311P13400,57.0,0.0,0.0,0.0,9,51.0,53.0,3,59.0,56.0,59.0,56.0,11.0,627.0,139
2023-05-09 22:39:33,CF311P13400,CF311P13400,57.0,0.0,0.0,0.0,9,51.0,54.0,6,59.0,56.0,59.0,56.0,11.0,627.0,139
2023-05-09 22:39:34,CF311P13400,CF311P13400,57.0,0.0,0.0,0.0,6,51.0,54.0,6,59.0,56.0,59.0,56.0,11.0,627.0,139
2023-05-09 22:39:37,CF311P13400,CF311P13400,57.0,0.0,0.0,0.0,3,51.0,54.0,3,59.0,56.0,59.0,56.0,11.0,627.0,139
2023-05-09 22:39:39,CF311P13400,CF311P13400,57.0,0.0,0.0,0.0,3,44.0,488.0,1,59.0,56.0,59.0,56.0,11.0,627.0,139
2023-05-09 22:39:39,CF311P13400,CF311P13400,57.0,0.0,0.0,0.0,3,44.0,487.0,10,59.0,56.0,59.0,56.0,11.0,627.0,139
2023-05-09 22:42:04,CF311P13400,CF311P13400,57.0,0.0,0.0,0.0,3,44.0,486.0,1,59.0,56.0,59.0,56.0,11.0,627.0,139
2023-05-09 22:42:04,CF311P13400,CF311P13400,57.0,0.0,0.0,0.0,3,44.0,485.0,10,59.0,56.0,59.0,56.0,11.0,627.0,139
2023-05-09 22:42:38,CF311P13400,CF311P13400,57.0,0.0,0.0,0.0,3,44.0,484.0,1,59.0,56.0,59.0,56.0,11.0,627.0,139
2023-05-09 22:42:38,CF311P13400,CF311P13400,57.0,0.0,0.0,0.0,3,44.0,483.0,10,59.0,56.0,59.0,56.0,11.0,627.0,139
2023-05-09 22:42:50,CF311P13400,CF311P13400,57.0,0.0,0.0,0.0,3,44.0,482.0,1,59.0,56.0,59.0,56.0,11.0,627.0,139
2023-05-09 22:42:50,CF311P13400,CF311P13400,57.0,0.0,0.0,0.0,3,44.0,481.0,10,59.0,56.0,59.0,56.0,11.0,627.0,139
2023-05-09 22:43:01,CF311P13400,CF311P13400,57.0,0.0,0.0,0.0,3,44.0,480.0,1,59.0,56.0,59.0,56.0,11.0,627.0,139
2023-05-09 22:43:01,CF311P13400,CF311P13400,57.0,0.0,0.0,0.0,3,44.0,479.0,10,59.0,56.0,59.0,56.0,11.0,627.0,139
2023-05-09 22:43:11,CF311P13400,CF311P13400,57.0,0.0,0.0,0.0,3,44.0,478.0,1,59.0,56.0,59.0,56.0,11.0,627.0,139
2023-05-09 22:43:11,CF311P13400,CF311P13400,57.0,0.0,0.0,0.0,3,44.0,477.0,10,59.0,56.0,59.0,56.0,11.0,627.0,139
2023-05-09 22:43:21,CF311P13400,CF311P13400,57.0,0.0,0.0,0.0,3,44.0,476.0,1,59.0,56.0,59.0,56.0,11.0,627.0,139
2023-05-09 22:43:21,CF311P13400,CF311P13400,57.0,0.0,0.0,0.0,3,44.0,475.0,10,59.0,56.0,59.0,56.0,11.0,627.0,139
2023-05-09 22:43:31,CF311P13400,CF311P13400,57.0,0.0,0.0,0.0,3,44.0,474.0,1,59.0,56.0,59.0,56.0,11.0,627.0,139
2023-05-09 22:43:31,CF311P13400,CF311P13400,57.0,0.0,0.0,0.0,3,44.0,473.0,10,59.0,56.0,59.0,56.0,11.0,627.0,139
2023-05-09 22:43:41,CF311P13400,CF311P13400,57.0,0.0,0.0,0.0,3,44.0,472.0,1,59.0,56.0,59.0,56.0,11.0,627.0,139
2023-05-09 22:43:41,CF311P13400,CF311P13400,57.0,0.0,0.0,0.0,3,44.0,471.0,10,59.0,56.0,59.0,56.0,11.0,627.0,139
2023-05-09 22:43:51,CF311P13400,CF311P13400,57.0,0.0,0.0,0.0,3,44.0,470.0,1,59.0,56.0,59.0,56.0,11.0,627.0,139
2023-05-09 22:43:51,CF311P13400,CF311P13400,57.0,0.0,0.0,0.0,3,44.0,469.0,10,59.0,56.0,59.0,56.0,11.0,627.0,139
2023-05-09 22:44:01,CF311P13400,CF311P13400,57.0,0.0,0.0,0.0,3,44.0,468.0,1,59.0,56.0,59.0,56.0,11.0,627.0,139
2023-05-09 22:44:01,CF311P13400,CF311P13400,57.0,0.0,0.0,0.0,3,44.0,467.0,10,59.0,56.0,59.0,56.0,11.0,627.0,139
2023-05-09 22:44:11,CF311P13400,CF311P13400,57.0,0.0,0.0,0.0,3,44.0,466.0,1,59.0,56.0,59.0,56.0,11.0,627.0,139
2023-05-09 22:44:11,CF311P13400,CF311P13400,57.0,0.0,0.0,0.0,3,44.0,465.0,10,59.0,56.0,59.0,56.0,11.0,627.0,139
2023-05-09 22:44:21,CF311P13400,CF311P13400,57.0,0.0,0.0,0.0,3,44.0,464.0,1,59.0,56.0,59.0,56.0,11.0,627.0,139
2023-05-09 22:44:21,CF311P13400,CF311P13400,57.0,0.0,0.0,0.0,3,44.0,463.0,10,59.0,56.0,59.0,56.0,11.0,627.0,139
2023-05-09 22:44:31,CF311P13400,CF311P13400,57.0,0.0,0.0,0.0,3,44.0,462.0,1,59.0,56.0,59.0,56.0,11.0,627.0,139
2023-05-09 22:44:31,CF311P13400,CF311P13400,57.0,0.0,0.0,0.0,3,44.0,461.0,10,59.0,56.0,59.0,56.0,11.0,627.0,139
2023-05-09 22:44:41,CF311P13400,CF311P13400,57.0,0.0,0.0,0.0,3,44.0,460.0,1,59.0,56.0,59.0,56.0,11.0,627.0,139
2023-05-09 22:44:41,CF311P13400,CF311P13400,57.0,0.0,0.0,0.0,3,44.0,459.0,10,59.0,56.0,59.0,56.0,11.0,627.0,139
2023-05-09 22:44:53,CF311P13400,CF311P13400,57.0,0.0,0.0,0.0,3,44.0,458.0,1,59.0,56.0,59.0,56.0,11.0,627.0,139
2023-05-09 22:44:53,CF311P13400,CF311P13400,57.0,0.0,0.0,0.0,3,44.0,457.0,10,59.0,56.0,59.0,56.0,11.0,627.0,139
2023-05-09 22:45:07,CF311P13400,CF311P13400,57.0,0.0,0.0,0.0,3,44.0,456.0,1,59.0,56.0,59.0,56.0,11.0,627.0,139
2023-05-09 22:45:07,CF311P13400,CF311P13400,57.0,0.0,0.0,0.0,3,44.0,455.0,10,59.0,56.0,59.0,56.0,11.0,627.0,139
2023-05-09 22:45:55,CF311P13400,CF311P13400,57.0,0.0,0.0,0.0,3,44.0,454.0,1,59.0,56.0,59.0,56.0,11.0,627.0,139
2023-05-09 22:45:55,CF311P13400,CF311P13400,57.0,0.0,0.0,0.0,3,44.0,453.0,10,59.0,56.0,59.0,56.0,11.0,627.0,139
2023-05-09 22:57:35,CF311P13400,CF311P13400,57.0,0.0,0.0,0.0,3,44.0,454.0,1,59.0,56.0,59.0,56.0,11.0,627.0,139
2023-05-10 09:01:39,CF311P13400,CF311P13400,57.0,0.0,0.0,0.0,3,44.0,453.0,10,59.0,56.0,59.0,56.0,11.0,627.0,139
2023-05-10 09:01:44,CF311P13400,CF311P13400,57.0,0.0,0.0,0.0,3,44.0,452.0,1,59.0,56.0,59.0,56.0,11.0,627.0,139
2023-05-10 09:01:44,CF311P13400,CF311P13400,57.0,0.0,0.0,0.0,3,44.0,451.0,10,59.0,56.0,59.0,56.0,11.0,627.0,139
2023-05-10 09:01:51,CF311P13400,CF311P13400,57.0,0.0,0.0,0.0,3,44.0,448.0,1,59.0,56.0,59.0,56.0,11.0,627.0,139
2023-05-10 09:01:51,CF311P13400,CF311P13400,57.0,0.0,0.0,0.0,3,44.0,447.0,10,59.0,56.0,59.0,56.0,11.0,627.0,139
2023-05-10 09:01:52,CF311P13400,CF311P13400,57.0,0.0,0.0,0.0,3,44.0,444.0,1,59.0,56.0,59.0,56.0,11.0,627.0,139
2023-05-10 09:01:52,CF311P13400,CF311P13400,57.0,0.0,0.0,0.0,3,44.0,443.0,10,59.0,56.0,59.0,56.0,11.0,627.0,139
2023-05-10 09:01:55,CF311P13400,CF311P13400,57.0,0.0,0.0,0.0,3,44.0,440.0,1,59.0,56.0,59.0,56.0,11.0,627.0,139
2023-05-10 09:01:55,CF311P13400,CF311P13400,57.0,0.0,0.0,0.0,3,44.0,439.0,10,59.0,56.0,59.0,56.0,11.0,627.0,139
2023-05-10 09:01:57,CF311P13400,CF311P13400,57.0,0.0,0.0,0.0,3,44.0,436.0,1,59.0,56.0,59.0,56.0,11.0,627.0,139
2023-05-10 09:01:57,CF311P13400,CF311P13400,57.0,0.0,0.0,0.0,3,44.0,435.0,10,59.0,56.0,59.0,56.0,11.0,627.0,139
2023-05-10 09:01:59,CF311P13400,CF311P13400,57.0,0.0,0.0,0.0,3,44.0,432.0,1,59.0,56.0,59.0,56.0,11.0,627.0,139
2023-05-10 09:01:59,CF311P13400,CF311P13400,57.0,0.0,0.0,0.0,3,44.0,431.0,10,59.0,56.0,59.0,56.0,11.0,627.0,139
2023-05-10 09:02:04,CF311P13400,CF311P13400,57.0,0.0,0.0,0.0,3,44.0,430.0,1,59.0,56.0,59.0,56.0,11.0,627.0,139
2023-05-10 09:02:04,CF311P13400,CF311P13400,57.0,0.0,0.0,0.0,3,44.0,429.0,10,59.0,56.0,59.0,56.0,11.0,627.0,139
2023-05-10 09:02:04,CF311P13400,CF311P13400,57.0,0.0,0.0,0.0,3,44.0,430.0,1,59.0,56.0,59.0,56.0,11.0,627.0,139
2023-05-10 09:02:04,CF311P13400,CF311P13400,57.0,0.0,0.0,0.0,3,44.0,429.0,10,59.0,56.0,59.0,56.0,11.0,627.0,139
2023-05-10 09:02:07,CF311P13400,CF311P13400,57.0,0.0,0.0,0.0,3,44.0,426.0,1,59.0,56.0,59.0,56.0,11.0,627.0,139
2023-05-10 09:02:08,CF311P13400,CF311P13400,57.0,0.0,0.0,0.0,3,44.0,425.0,10,59.0,56.0,59.0,56.0,11.0,627.0,139
2023-05-10 09:02:10,CF311P13400,CF311P13400,57.0,0.0,0.0,0.0,3,44.0,422.0,1,59.0,56.0,59.0,56.0,11.0,627.0,139
2023-05-10 09:02:11,CF311P13400,CF311P13400,57.0,0.0,0.0,0.0,3,44.0,421.0,10,59.0,56.0,59.0,56.0,11.0,627.0,139
2023-05-10 09:02:11,CF311P13400,CF311P13400,57.0,0.0,0.0,0.0,3,44.0,418.0,1,59.0,56.0,59.0,56.0,11.0,627.0,139
2023-05-10 09:02:12,CF311P13400,CF311P13400,57.0,0.0,0.0,0.0,3,44.0,417.0,10,59.0,56.0,59.0,56.0,11.0,627.0,139
2023-05-10 09:02:12,CF311P13400,CF311P13400,57.0,0.0,0.0,0.0,3,44.0,414.0,1,59.0,56.0,59.0,56.0,11.0,627.0,139
2023-05-10 09:02:13,CF311P13400,CF311P13400,57.0,0.0,0.0,0.0,3,44.0,413.0,10,59.0,56.0,59.0,56.0,11.0,627.0,139
2023-05-10 09:02:16,CF311P13400,CF311P13400,57.0,0.0,0.0,0.0,3,44.0,410.0,1,59.0,56.0,59.0,56.0,11.0,627.0,139
2023-05-10 09:02:17,CF311P13400,CF311P13400,57.0,0.0,0.0,0.0,3,44.0,409.0,10,59.0,56.0,59.0,56.0,11.0,627.0,139
2023-05-10 09:02:21,CF311P13400,CF311P13400,57.0,0.0,0.0,0.0,3,44.0,406.0,1,59.0,56.0,59.0,56.0,11.0,627.0,139
2023-05-10 09:02:22,CF311P13400,CF311P13400,57.0,0.0,0.0,0.0,3,44.0,405.0,10,59.0,56.0,59.0,56.0,11.0,627.0,139
2023-05-10 09:02:27,CF311P13400,CF311P13400,57.0,0.0,0.0,0.0,3,44.0,402.0,1,59.0,56.0,59.0,56.0,11.0,627.0,139
2023-05-10 09:02:28,CF311P13400,CF311P13400,57.0,0.0,0.0,0.0,3,44.0,401.0,10,59.0,56.0,59.0,56.0,11.0,627.0,139
2023-05-10 09:02:28,CF311P13400,CF311P13400,57.0,0.0,0.0,0.0,3,44.0,398.0,1,59.0,56.0,59.0,56.0,11.0,627.0,139
2023-05-10 09:02:29,CF311P13400,CF311P13400,57.0,0.0,0.0,0.0,3,44.0,397.0,10,59.0,56.0,59.0,56.0,11.0,627.0,139
2023-05-10 09:02:31,CF311P13400,CF311P13400,57.0,0.0,0.0,0.0,3,44.0,394.0,1,59.0,56.0,59.0,56.0,11.0,627.0,139
2023-05-10 09:02:32,CF311P13400,CF311P13400,57.0,0.0,0.0,0.0,3,44.0,393.0,10,59.0,56.0,59.0,56.0,11.0,627.0,139
2023-05-10 09:02:35,CF311P13400,CF311P13400,57.0,0.0,0.0,0.0,3,44.0,390.0,1,59.0,56.0,59.0,56.0,11.0,627.0,139
2023-05-10 09:02:36,CF311P13400,CF311P13400,57.0,0.0,0.0,0.0,3,44.0,389.0,10,59.0,56.0,59.0,56.0,11.0,627.0,139
2023-05-10 09:02:38,CF311P13400,CF311P13400,57.0,0.0,0.0,0.0,3,44.0,386.0,1,59.0,56.0,59.0,56.0,11.0,627.0,139
2023-05-10 09:02:39,CF311P13400,CF311P13400,57.0,0.0,0.0,0.0,3,44.0,385.0,10,59.0,56.0,59.0,56.0,11.0,627.0,139
2023-05-10 09:02:40,CF311P13400,CF311P13400,57.0,0.0,0.0,0.0,3,44.0,382.0,1,59.0,56.0,59.0,56.0,11.0,627.0,139
2023-05-10 09:02:41,CF311P13400,CF311P13400,57.0,0.0,0.0,0.0,3,44.0,381.0,10,59.0,56.0,59.0,56.0,11.0,627.0,139
2023-05-10 09:02:41,CF311P13400,CF311P13400,57.0,0.0,0.0,0.0,3,44.0,378.0,1,59.0,56.0,59.0,56.0,11.0,627.0,139
2023-05-10 09:02:42,CF311P13400,CF311P13400,57.0,0.0,0.0,0.0,3,44.0,377.0,10,59.0,56.0,59.0,56.0,11.0,627.0,139
2023-05-10 09:02:44,CF311P13400,CF311P13400,57.0,0.0,0.0,0.0,3,44.0,374.0,1,59.0,56.0,59.0,56.0,11.0,627.0,139
2023-05-10 09:02:45,CF311P13400,CF311P13400,57.0,0.0,0.0,0.0,3,44.0,373.0,10,59.0,56.0,59.0,56.0,11.0,627.0,139
2023-05-10 09:02:53,CF311P13400,CF311P13400,57.0,0.0,0.0,0.0,3,44.0,370.0,1,59.0,56.0,59.0,56.0,11.0,627.0,139
2023-05-10 09:02:54,CF311P13400,CF311P13400,57.0,0.0,0.0,0.0,3,44.0,369.0,10,59.0,56.0,59.0,56.0,11.0,627.0,139
2023-05-10 09:02:54,CF311P13400,CF311P13400,57.0,0.0,0.0,0.0,3,44.0,366.0,1,59.0,56.0,59.0,56.0,11.0,627.0,139
2023-05-10 09:02:55,CF311P13400,CF311P13400,57.0,0.0,0.0,0.0,3,44.0,365.0,10,59.0,56.0,59.0,56.0,11.0,627.0,139
2023-05-10 09:02:55,CF311P13400,CF311P13400,57.0,0.0,0.0,0.0,3,44.0,362.0,1,59.0,56.0,59.0,56.0,11.0,627.0,139
2023-05-10 09:02:56,CF311P13400,CF311P13400,57.0,0.0,0.0,0.0,3,44.0,361.0,10,59.0,56.0,59.0,56.0,11.0,627.0,139
2023-05-10 09:03:00,CF311P13400,CF311P13400,57.0,0.0,0.0,0.0,3,44.0,358.0,1,59.0,56.0,59.0,56.0,11.0,627.0,139
2023-05-10 09:03:01,CF311P13400,CF311P13400,57.0,0.0,0.0,0.0,3,44.0,357.0,10,59.0,56.0,59.0,56.0,11.0,627.0,139
2023-05-10 09:03:05,CF311P13400,CF311P13400,57.0,0.0,0.0,0.0,3,44.0,354.0,1,59.0,56.0,59.0,56.0,11.0,627.0,139
2023-05-10 09:03:06,CF311P13400,CF311P13400,57.0,0.0,0.0,0.0,3,44.0,353.0,10,59.0,56.0,59.0,56.0,11.0,627.0,139
2023-05-10 09:03:07,CF311P13400,CF311P13400,57.0,0.0,0.0,0.0,3,44.0,350.0,1,59.0,56.0,59.0,56.0,11.0,627.0,139
2023-05-10 09:03:08,CF311P13400,CF311P13400,57.0,0.0,0.0,0.0,3,44.0,349.0,10,59.0,56.0,59.0,56.0,11.0,627.0,139
2023-05-10 09:03:09,CF311P13400,CF311P13400,57.0,0.0,0.0,0.0,3,44.0,346.0,1,59.0,56.0,59.0,56.0,11.0,627.0,139
2023-05-10 09:03:10,CF311P13400,CF311P13400,57.0,0.0,0.0,0.0,3,44.0,345.0,10,59.0,56.0,59.0,56.0,11.0,627.0,139
2023-05-10 09:03:13,CF311P13400,CF311P13400,57.0,0.0,0.0,0.0,3,44.0,342.0,1,59.0,56.0,59.0,56.0,11.0,627.0,139
2023-05-10 09:03:14,CF311P13400,CF311P13400,57.0,0.0,0.0,0.0,3,44.0,341.0,10,59.0,56.0,59.0,56.0,11.0,627.0,139
2023-05-10 09:03:14,CF311P13400,CF311P13400,57.0,0.0,0.0,0.0,3,44.0,338.0,1,59.0,56.0,59.0,56.0,11.0,627.0,139
2023-05-10 09:03:15,CF311P13400,CF311P13400,57.0,0.0,0.0,0.0,3,44.0,337.0,10,59.0,56.0,59.0,56.0,11.0,627.0,139
2023-05-10 09:03:25,CF311P13400,CF311P13400,57.0,0.0,0.0,0.0,3,44.0,334.0,1,59.0,56.0,59.0,56.0,11.0,627.0,139
2023-05-10 09:03:26,CF311P13400,CF311P13400,57.0,0.0,0.0,0.0,3,44.0,333.0,10,59.0,56.0,59.0,56.0,11.0,627.0,139
2023-05-10 09:03:29,CF311P13400,CF311P13400,57.0,0.0,0.0,0.0,3,44.0,330.0,1,59.0,56.0,59.0,56.0,11.0,627.0,139
2023-05-10 09:03:30,CF311P13400,CF311P13400,57.0,0.0,0.0,0.0,3,44.0,329.0,10,59.0,56.0,59.0,56.0,11.0,627.0,139
2023-05-10 09:03:30,CF311P13400,CF311P13400,57.0,0.0,0.0,0.0,3,44.0,326.0,1,59.0,56.0,59.0,56.0,11.0,627.0,139
2023-05-10 09:03:31,CF311P13400,CF311P13400,57.0,0.0,0.0,0.0,3,44.0,325.0,10,59.0,56.0,59.0,56.0,11.0,627.0,139
2023-05-10 09:03:34,CF311P13400,CF311P13400,57.0,0.0,0.0,0.0,3,44.0,322.0,1,59.0,56.0,59.0,56.0,11.0,627.0,139
2023-05-10 09:03:35,CF311P13400,CF311P13400,57.0,0.0,0.0,0.0,3,44.0,321.0,10,59.0,56.0,59.0,56.0,11.0,627.0,139
2023-05-10 09:03:39,CF311P13400,CF311P13400,57.0,0.0,0.0,0.0,3,44.0,318.0,1,59.0,56.0,59.0,56.0,11.0,627.0,139
2023-05-10 09:03:40,CF311P13400,CF311P13400,57.0,0.0,0.0,0.0,3,44.0,317.0,10,59.0,56.0,59.0,56.0,11.0,627.0,139
2023-05-10 09:03:41,CF311P13400,CF311P13400,57.0,0.0,0.0,0.0,3,44.0,314.0,1,59.0,56.0,59.0,56.0,11.0,627.0,139
2023-05-10 09:03:42,CF311P13400,CF311P13400,57.0,0.0,0.0,0.0,3,44.0,313.0,10,59.0,56.0,59.0,56.0,11.0,627.0,139
2023-05-10 09:03:46,CF311P13400,CF311P13400,57.0,0.0,0.0,0.0,3,44.0,310.0,1,59.0,56.0,59.0,56.0,11.0,627.0,139
2023-05-10 09:03:47,CF311P13400,CF311P13400,57.0,0.0,0.0,0.0,3,44.0,309.0,10,59.0,56.0,59.0,56.0,11.0,627.0,139
2023-05-10 09:03:51,CF311P13400,CF311P13400,57.0,0.0,0.0,0.0,3,44.0,306.0,1,59.0,56.0,59.0,56.0,11.0,627.0,139
2023-05-10 09:03:52,CF311P13400,CF311P13400,57.0,0.0,0.0,0.0,3,44.0,305.0,10,59.0,56.0,59.0,56.0,11.0,627.0,139
2023-05-10 09:03:54,CF311P13400,CF311P13400,57.0,0.0,0.0,0.0,3,44.0,302.0,1,59.0,56.0,59.0,56.0,11.0,627.0,139
2023-05-10 09:03:55,CF311P13400,CF311P13400,57.0,0.0,0.0,0.0,3,44.0,301.0,10,59.0,56.0,59.0,56.0,11.0,627.0,139
2023-05-10 09:03:55,CF311P13400,CF311P13400,57.0,0.0,0.0,0.0,3,44.0,298.0,1,59.0,56.0,59.0,56.0,11.0,627.0,139
2023-05-10 09:03:56,CF311P13400,CF311P13400,57.0,0.0,0.0,0.0,3,44.0,297.0,10,59.0,56.0,59.0,56.0,11.0,627.0,139
2023-05-10 09:03:59,CF311P13400,CF311P13400,57.0,0.0,0.0,0.0,3,44.0,294.0,1,59.0,56.0,59.0,56.0,11.0,627.0,139
2023-05-10 09:04:00,CF311P13400,CF311P13400,57.0,0.0,0.0,0.0,3,44.0,293.0,10,59.0,56.0,59.0,56.0,11.0,627.0,139
2023-05-10 09:04:00,CF311P13400,CF311P13400,57.0,0.0,0.0,0.0,3,44.0,290.0,1,59.0,56.0,59.0,56.0,11.0,627.0,139
2023-05-10 09:04:01,CF311P13400,CF311P13400,57.0,0.0,0.0,0.0,3,44.0,289.0,10,59.0,56.0,59.0,56.0,11.0,627.0,139
2023-05-10 09:04:01,CF311P13400,CF311P13400,57.0,0.0,0.0,0.0,3,44.0,286.0,1,59.0,56.0,59.0,56.0,11.0,627.0,139
2023-05-10 09:04:02,CF311P13400,CF311P13400,57.0,0.0,0.0,0.0,3,44.0,285.0,10,59.0,56.0,59.0,56.0,11.0,627.0,139
2023-05-10 09:04:02,CF311P13400,CF311P13400,57.0,0.0,0.0,0.0,3,44.0,282.0,1,59.0,56.0,59.0,56.0,11.0,627.0,139
2023-05-10 09:04:03,CF311P13400,CF311P13400,57.0,0.0,0.0,0.0,3,44.0,281.0,10,59.0,56.0,59.0,56.0,11.0,627.0,139
2023-05-10 09:04:05,CF311P13400,CF311P13400,57.0,0.0,0.0,0.0,3,44.0,278.0,1,59.0,56.0,59.0,56.0,11.0,627.0,139
2023-05-10 09:04:06,CF311P13400,CF311P13400,57.0,0.0,0.0,0.0,3,44.0,277.0,10,59.0,56.0,59.0,56.0,11.0,627.0,139
2023-05-10 09:04:11,CF311P13400,CF311P13400,57.0,0.0,0.0,0.0,3,44.0,274.0,1,59.0,56.0,59.0,56.0,11.0,627.0,139
