time,symbol_id,symbol_name,last,trade_volume,trade_amount,open_interest_change,bv1,bp1,ap1,av1,yesterday_close,today_open,today_high,today_low,volume,amount,open_interest
2023-05-09 19:10:58,CF311P14800,CF311P14800,263.0,0.0,0.0,0.0,0,0.0,0.0,0,263.0,301.0,0.0,0.0,0.0,0.0,18
2023-05-09 20:59:00,CF311P14800,CF311P14800,263.0,0.0,0.0,0.0,1,1.0,0.0,0,263.0,301.0,0.0,0.0,0.0,0.0,18
2023-05-09 21:01:12,CF311P14800,CF311P14800,263.0,0.0,0.0,0.0,2,17.0,0.0,0,263.0,301.0,0.0,0.0,0.0,0.0,18
2023-05-09 21:01:13,CF311P14800,CF311P14800,263.0,0.0,0.0,0.0,1,20.0,0.0,0,263.0,301.0,0.0,0.0,0.0,0.0,18
2023-05-09 21:01:16,CF311P14800,CF311P14800,263.0,0.0,0.0,0.0,1,20.0,1232.0,1,263.0,301.0,0.0,0.0,0.0,0.0,18
2023-05-09 21:01:30,CF311P14800,CF311P14800,263.0,0.0,0.0,0.0,1,21.0,1232.0,1,263.0,301.0,0.0,0.0,0.0,0.0,18
2023-05-09 21:01:32,CF311P14800,CF311P14800,263.0,0.0,0.0,0.0,1,24.0,1232.0,1,263.0,301.0,0.0,0.0,0.0,0.0,18
2023-05-09 21:02:16,CF311P14800,CF311P14800,263.0,0.0,0.0,0.0,2,32.0,1232.0,1,263.0,301.0,0.0,0.0,0.0,0.0,18
2023-05-09 21:02:23,CF311P14800,CF311P14800,263.0,0.0,0.0,0.0,1,35.0,1232.0,1,263.0,301.0,0.0,0.0,0.0,0.0,18
2023-05-09 21:02:24,CF311P14800,CF311P14800,263.0,0.0,0.0,0.0,2,43.0,1232.0,1,263.0,301.0,0.0,0.0,0.0,0.0,18
2023-05-09 21:02:26,CF311P14800,CF311P14800,263.0,0.0,0.0,0.0,1,46.0,1232.0,1,263.0,301.0,0.0,0.0,0.0,0.0,18
2023-05-09 21:02:27,CF311P14800,CF311P14800,263.0,0.0,0.0,0.0,2,47.0,1232.0,1,263.0,301.0,0.0,0.0,0.0,0.0,18
2023-05-09 21:02:29,CF311P14800,CF311P14800,263.0,0.0,0.0,0.0,1,50.0,1232.0,1,263.0,301.0,0.0,0.0,0.0,0.0,18
2023-05-09 21:02:31,CF311P14800,CF311P14800,263.0,0.0,0.0,0.0,2,51.0,1232.0,1,263.0,301.0,0.0,0.0,0.0,0.0,18
2023-05-09 21:02:32,CF311P14800,CF311P14800,263.0,0.0,0.0,0.0,1,54.0,1232.0,1,263.0,301.0,0.0,0.0,0.0,0.0,18
2023-05-09 21:02:34,CF311P14800,CF311P14800,263.0,0.0,0.0,0.0,2,55.0,1232.0,1,263.0,301.0,0.0,0.0,0.0,0.0,18
2023-05-09 21:02:39,CF311P14800,CF311P14800,263.0,0.0,0.0,0.0,1,58.0,1232.0,1,263.0,301.0,0.0,0.0,0.0,0.0,18
2023-05-09 21:02:39,CF311P14800,CF311P14800,263.0,0.0,0.0,0.0,2,59.0,1232.0,1,263.0,301.0,0.0,0.0,0.0,0.0,18
2023-05-09 21:02:41,CF311P14800,CF311P14800,263.0,0.0,0.0,0.0,1,62.0,1232.0,1,263.0,301.0,0.0,0.0,0.0,0.0,18
2023-05-09 21:02:42,CF311P14800,CF311P14800,263.0,0.0,0.0,0.0,2,63.0,1232.0,1,263.0,301.0,0.0,0.0,0.0,0.0,18
2023-05-09 21:02:47,CF311P14800,CF311P14800,263.0,0.0,0.0,0.0,1,66.0,1232.0,1,263.0,301.0,0.0,0.0,0.0,0.0,18
2023-05-09 21:02:48,CF311P14800,CF311P14800,263.0,0.0,0.0,0.0,2,67.0,1232.0,1,263.0,301.0,0.0,0.0,0.0,0.0,18
2023-05-09 21:02:48,CF311P14800,CF311P14800,263.0,0.0,0.0,0.0,1,70.0,1232.0,1,263.0,301.0,0.0,0.0,0.0,0.0,18
2023-05-09 21:02:49,CF311P14800,CF311P14800,263.0,0.0,0.0,0.0,2,71.0,1232.0,1,263.0,301.0,0.0,0.0,0.0,0.0,18
2023-05-09 21:02:50,CF311P14800,CF311P14800,263.0,0.0,0.0,0.0,1,74.0,1232.0,1,263.0,301.0,0.0,0.0,0.0,0.0,18
2023-05-09 21:02:51,CF311P14800,CF311P14800,263.0,0.0,0.0,0.0,2,75.0,1232.0,1,263.0,301.0,0.0,0.0,0.0,0.0,18
2023-05-09 21:02:56,CF311P14800,CF311P14800,263.0,0.0,0.0,0.0,1,78.0,1232.0,1,263.0,301.0,0.0,0.0,0.0,0.0,18
2023-05-09 21:02:56,CF311P14800,CF311P14800,263.0,0.0,0.0,0.0,2,79.0,1232.0,1,263.0,301.0,0.0,0.0,0.0,0.0,18
2023-05-09 21:02:59,CF311P14800,CF311P14800,263.0,0.0,0.0,0.0,1,82.0,1232.0,1,263.0,301.0,0.0,0.0,0.0,0.0,18
2023-05-09 21:03:00,CF311P14800,CF311P14800,263.0,0.0,0.0,0.0,2,83.0,1232.0,1,263.0,301.0,0.0,0.0,0.0,0.0,18
2023-05-09 21:03:00,CF311P14800,CF311P14800,263.0,0.0,0.0,0.0,1,86.0,1232.0,1,263.0,301.0,0.0,0.0,0.0,0.0,18
2023-05-09 21:03:02,CF311P14800,CF311P14800,263.0,0.0,0.0,0.0,2,87.0,1232.0,1,263.0,301.0,0.0,0.0,0.0,0.0,18
2023-05-09 21:03:02,CF311P14800,CF311P14800,263.0,0.0,0.0,0.0,1,90.0,1232.0,1,263.0,301.0,0.0,0.0,0.0,0.0,18
2023-05-09 21:03:03,CF311P14800,CF311P14800,263.0,0.0,0.0,0.0,2,91.0,1232.0,1,263.0,301.0,0.0,0.0,0.0,0.0,18
2023-05-09 21:03:06,CF311P14800,CF311P14800,263.0,0.0,0.0,0.0,1,94.0,1232.0,1,263.0,301.0,0.0,0.0,0.0,0.0,18
2023-05-09 21:03:07,CF311P14800,CF311P14800,263.0,0.0,0.0,0.0,2,95.0,1232.0,1,263.0,301.0,0.0,0.0,0.0,0.0,18
2023-05-09 21:03:11,CF311P14800,CF311P14800,263.0,0.0,0.0,0.0,1,98.0,1232.0,1,263.0,301.0,0.0,0.0,0.0,0.0,18
2023-05-09 21:03:12,CF311P14800,CF311P14800,263.0,0.0,0.0,0.0,2,99.0,1232.0,1,263.0,301.0,0.0,0.0,0.0,0.0,18
2023-05-09 21:03:13,CF311P14800,CF311P14800,263.0,0.0,0.0,0.0,1,102.0,1232.0,1,263.0,301.0,0.0,0.0,0.0,0.0,18
2023-05-09 21:03:14,CF311P14800,CF311P14800,263.0,0.0,0.0,0.0,2,103.0,1232.0,1,263.0,301.0,0.0,0.0,0.0,0.0,18
2023-05-09 21:03:14,CF311P14800,CF311P14800,263.0,0.0,0.0,0.0,1,106.0,1232.0,1,263.0,301.0,0.0,0.0,0.0,0.0,18
2023-05-09 21:03:15,CF311P14800,CF311P14800,263.0,0.0,0.0,0.0,2,107.0,1232.0,1,263.0,301.0,0.0,0.0,0.0,0.0,18
2023-05-09 21:03:15,CF311P14800,CF311P14800,263.0,0.0,0.0,0.0,1,110.0,1232.0,1,263.0,301.0,0.0,0.0,0.0,0.0,18
2023-05-09 21:03:17,CF311P14800,CF311P14800,263.0,0.0,0.0,0.0,2,111.0,1232.0,1,263.0,301.0,0.0,0.0,0.0,0.0,18
2023-05-09 21:03:17,CF311P14800,CF311P14800,263.0,0.0,0.0,0.0,1,114.0,1232.0,1,263.0,301.0,0.0,0.0,0.0,0.0,18
2023-05-09 21:03:18,CF311P14800,CF311P14800,263.0,0.0,0.0,0.0,2,115.0,1232.0,1,263.0,301.0,0.0,0.0,0.0,0.0,18
2023-05-09 21:03:18,CF311P14800,CF311P14800,263.0,0.0,0.0,0.0,1,118.0,1232.0,1,263.0,301.0,0.0,0.0,0.0,0.0,18
2023-05-09 21:03:19,CF311P14800,CF311P14800,263.0,0.0,0.0,0.0,2,119.0,1232.0,1,263.0,301.0,0.0,0.0,0.0,0.0,18
2023-05-09 21:03:19,CF311P14800,CF311P14800,263.0,0.0,0.0,0.0,1,122.0,1232.0,1,263.0,301.0,0.0,0.0,0.0,0.0,18
2023-05-09 21:03:20,CF311P14800,CF311P14800,263.0,0.0,0.0,0.0,2,123.0,1232.0,1,263.0,301.0,0.0,0.0,0.0,0.0,18
2023-05-09 21:03:22,CF311P14800,CF311P14800,263.0,0.0,0.0,0.0,1,126.0,1232.0,1,263.0,301.0,0.0,0.0,0.0,0.0,18
2023-05-09 21:03:22,CF311P14800,CF311P14800,263.0,0.0,0.0,0.0,2,127.0,1232.0,1,263.0,301.0,0.0,0.0,0.0,0.0,18
2023-05-09 21:05:17,CF311P14800,CF311P14800,263.0,0.0,0.0,0.0,1,130.0,1232.0,1,263.0,301.0,0.0,0.0,0.0,0.0,18
2023-05-09 21:12:21,CF311P14800,CF311P14800,263.0,0.0,0.0,0.0,1,130.0,1231.0,1,263.0,301.0,0.0,0.0,0.0,0.0,18
2023-05-09 21:12:21,CF311P14800,CF311P14800,263.0,0.0,0.0,0.0,1,130.0,1228.0,1,263.0,301.0,0.0,0.0,0.0,0.0,18
2023-05-09 21:12:39,CF311P14800,CF311P14800,263.0,0.0,0.0,0.0,1,130.0,1227.0,1,263.0,301.0,0.0,0.0,0.0,0.0,18
2023-05-09 21:12:39,CF311P14800,CF311P14800,263.0,0.0,0.0,0.0,1,130.0,1224.0,1,263.0,301.0,0.0,0.0,0.0,0.0,18
2023-05-09 21:12:50,CF311P14800,CF311P14800,263.0,0.0,0.0,0.0,1,21.0,1224.0,1,263.0,301.0,0.0,0.0,0.0,0.0,18
2023-05-09 21:12:51,CF311P14800,CF311P14800,263.0,0.0,0.0,0.0,2,37.0,1224.0,1,263.0,301.0,0.0,0.0,0.0,0.0,18
2023-05-09 21:12:51,CF311P14800,CF311P14800,263.0,0.0,0.0,0.0,1,40.0,1224.0,1,263.0,301.0,0.0,0.0,0.0,0.0,18
2023-05-09 21:12:52,CF311P14800,CF311P14800,263.0,0.0,0.0,0.0,2,48.0,1224.0,1,263.0,301.0,0.0,0.0,0.0,0.0,18
2023-05-09 21:12:52,CF311P14800,CF311P14800,263.0,0.0,0.0,0.0,1,51.0,1224.0,1,263.0,301.0,0.0,0.0,0.0,0.0,18
2023-05-09 21:12:53,CF311P14800,CF311P14800,263.0,0.0,0.0,0.0,2,52.0,1224.0,1,263.0,301.0,0.0,0.0,0.0,0.0,18
2023-05-09 21:12:53,CF311P14800,CF311P14800,263.0,0.0,0.0,0.0,1,55.0,1224.0,1,263.0,301.0,0.0,0.0,0.0,0.0,18
2023-05-09 21:12:54,CF311P14800,CF311P14800,263.0,0.0,0.0,0.0,2,56.0,1224.0,1,263.0,301.0,0.0,0.0,0.0,0.0,18
2023-05-09 21:12:54,CF311P14800,CF311P14800,263.0,0.0,0.0,0.0,1,59.0,1224.0,1,263.0,301.0,0.0,0.0,0.0,0.0,18
2023-05-09 21:12:55,CF311P14800,CF311P14800,263.0,0.0,0.0,0.0,2,60.0,1224.0,1,263.0,301.0,0.0,0.0,0.0,0.0,18
2023-05-09 21:12:55,CF311P14800,CF311P14800,263.0,0.0,0.0,0.0,1,63.0,1223.0,1,263.0,301.0,0.0,0.0,0.0,0.0,18
2023-05-09 21:12:56,CF311P14800,CF311P14800,263.0,0.0,0.0,0.0,2,64.0,1220.0,1,263.0,301.0,0.0,0.0,0.0,0.0,18
2023-05-09 21:12:57,CF311P14800,CF311P14800,263.0,0.0,0.0,0.0,1,67.0,1220.0,1,263.0,301.0,0.0,0.0,0.0,0.0,18
2023-05-09 21:12:58,CF311P14800,CF311P14800,263.0,0.0,0.0,0.0,2,68.0,1220.0,1,263.0,301.0,0.0,0.0,0.0,0.0,18
2023-05-09 21:12:59,CF311P14800,CF311P14800,263.0,0.0,0.0,0.0,1,71.0,1220.0,1,263.0,301.0,0.0,0.0,0.0,0.0,18
2023-05-09 21:12:59,CF311P14800,CF311P14800,263.0,0.0,0.0,0.0,2,72.0,1220.0,1,263.0,301.0,0.0,0.0,0.0,0.0,18
2023-05-09 21:12:59,CF311P14800,CF311P14800,263.0,0.0,0.0,0.0,1,75.0,1220.0,1,263.0,301.0,0.0,0.0,0.0,0.0,18
2023-05-09 21:13:00,CF311P14800,CF311P14800,263.0,0.0,0.0,0.0,2,76.0,1220.0,1,263.0,301.0,0.0,0.0,0.0,0.0,18
2023-05-09 21:13:01,CF311P14800,CF311P14800,263.0,0.0,0.0,0.0,1,79.0,1220.0,1,263.0,301.0,0.0,0.0,0.0,0.0,18
2023-05-09 21:13:01,CF311P14800,CF311P14800,263.0,0.0,0.0,0.0,2,80.0,1220.0,1,263.0,301.0,0.0,0.0,0.0,0.0,18
2023-05-09 21:13:02,CF311P14800,CF311P14800,263.0,0.0,0.0,0.0,1,83.0,1220.0,1,263.0,301.0,0.0,0.0,0.0,0.0,18
2023-05-09 21:13:02,CF311P14800,CF311P14800,263.0,0.0,0.0,0.0,2,84.0,1220.0,1,263.0,301.0,0.0,0.0,0.0,0.0,18
2023-05-09 21:13:03,CF311P14800,CF311P14800,263.0,0.0,0.0,0.0,1,87.0,1220.0,1,263.0,301.0,0.0,0.0,0.0,0.0,18
2023-05-09 21:13:03,CF311P14800,CF311P14800,263.0,0.0,0.0,0.0,2,88.0,1219.0,1,263.0,301.0,0.0,0.0,0.0,0.0,18
2023-05-09 21:13:04,CF311P14800,CF311P14800,263.0,0.0,0.0,0.0,1,91.0,1216.0,1,263.0,301.0,0.0,0.0,0.0,0.0,18
2023-05-09 21:13:04,CF311P14800,CF311P14800,263.0,0.0,0.0,0.0,2,92.0,1216.0,1,263.0,301.0,0.0,0.0,0.0,0.0,18
2023-05-09 21:13:05,CF311P14800,CF311P14800,263.0,0.0,0.0,0.0,1,95.0,1216.0,1,263.0,301.0,0.0,0.0,0.0,0.0,18
2023-05-09 21:13:05,CF311P14800,CF311P14800,263.0,0.0,0.0,0.0,2,96.0,1216.0,1,263.0,301.0,0.0,0.0,0.0,0.0,18
2023-05-09 21:13:06,CF311P14800,CF311P14800,263.0,0.0,0.0,0.0,1,99.0,1216.0,1,263.0,301.0,0.0,0.0,0.0,0.0,18
2023-05-09 21:13:07,CF311P14800,CF311P14800,263.0,0.0,0.0,0.0,2,100.0,1216.0,1,263.0,301.0,0.0,0.0,0.0,0.0,18
2023-05-09 21:13:07,CF311P14800,CF311P14800,263.0,0.0,0.0,0.0,1,103.0,1216.0,1,263.0,301.0,0.0,0.0,0.0,0.0,18
2023-05-09 21:13:08,CF311P14800,CF311P14800,263.0,0.0,0.0,0.0,2,104.0,1215.0,2,263.0,301.0,0.0,0.0,0.0,0.0,18
2023-05-09 21:13:08,CF311P14800,CF311P14800,263.0,0.0,0.0,0.0,1,107.0,1212.0,1,263.0,301.0,0.0,0.0,0.0,0.0,18
2023-05-09 21:13:09,CF311P14800,CF311P14800,263.0,0.0,0.0,0.0,2,108.0,1212.0,1,263.0,301.0,0.0,0.0,0.0,0.0,18
2023-05-09 21:13:09,CF311P14800,CF311P14800,263.0,0.0,0.0,0.0,1,111.0,1212.0,1,263.0,301.0,0.0,0.0,0.0,0.0,18
2023-05-09 21:13:10,CF311P14800,CF311P14800,263.0,0.0,0.0,0.0,2,112.0,1212.0,1,263.0,301.0,0.0,0.0,0.0,0.0,18
2023-05-09 21:13:10,CF311P14800,CF311P14800,263.0,0.0,0.0,0.0,1,115.0,1212.0,1,263.0,301.0,0.0,0.0,0.0,0.0,18
2023-05-09 21:13:11,CF311P14800,CF311P14800,263.0,0.0,0.0,0.0,2,116.0,1212.0,1,263.0,301.0,0.0,0.0,0.0,0.0,18
2023-05-09 21:13:11,CF311P14800,CF311P14800,263.0,0.0,0.0,0.0,1,119.0,1212.0,1,263.0,301.0,0.0,0.0,0.0,0.0,18
2023-05-09 21:13:12,CF311P14800,CF311P14800,263.0,0.0,0.0,0.0,2,120.0,1212.0,1,263.0,301.0,0.0,0.0,0.0,0.0,18
2023-05-09 21:13:12,CF311P14800,CF311P14800,263.0,0.0,0.0,0.0,1,123.0,1212.0,1,263.0,301.0,0.0,0.0,0.0,0.0,18
2023-05-09 21:13:13,CF311P14800,CF311P14800,263.0,0.0,0.0,0.0,2,124.0,1212.0,1,263.0,301.0,0.0,0.0,0.0,0.0,18
2023-05-09 21:13:13,CF311P14800,CF311P14800,263.0,0.0,0.0,0.0,1,127.0,1212.0,1,263.0,301.0,0.0,0.0,0.0,0.0,18
2023-05-09 21:13:15,CF311P14800,CF311P14800,263.0,0.0,0.0,0.0,1,127.0,1211.0,1,263.0,301.0,0.0,0.0,0.0,0.0,18
2023-05-09 21:13:15,CF311P14800,CF311P14800,263.0,0.0,0.0,0.0,1,127.0,1208.0,1,263.0,301.0,0.0,0.0,0.0,0.0,18
2023-05-09 21:13:21,CF311P14800,CF311P14800,263.0,0.0,0.0,0.0,1,127.0,1207.0,1,263.0,301.0,0.0,0.0,0.0,0.0,18
2023-05-09 21:13:21,CF311P14800,CF311P14800,263.0,0.0,0.0,0.0,1,127.0,1204.0,1,263.0,301.0,0.0,0.0,0.0,0.0,18
2023-05-09 21:13:29,CF311P14800,CF311P14800,263.0,0.0,0.0,0.0,1,127.0,1203.0,1,263.0,301.0,0.0,0.0,0.0,0.0,18
2023-05-09 21:13:30,CF311P14800,CF311P14800,263.0,0.0,0.0,0.0,1,127.0,1200.0,1,263.0,301.0,0.0,0.0,0.0,0.0,18
2023-05-09 21:13:35,CF311P14800,CF311P14800,263.0,0.0,0.0,0.0,1,127.0,1199.0,1,263.0,301.0,0.0,0.0,0.0,0.0,18
2023-05-09 21:13:35,CF311P14800,CF311P14800,263.0,0.0,0.0,0.0,1,127.0,1196.0,1,263.0,301.0,0.0,0.0,0.0,0.0,18
2023-05-09 21:13:41,CF311P14800,CF311P14800,263.0,0.0,0.0,0.0,1,127.0,1195.0,1,263.0,301.0,0.0,0.0,0.0,0.0,18
2023-05-09 21:13:42,CF311P14800,CF311P14800,263.0,0.0,0.0,0.0,1,127.0,1192.0,1,263.0,301.0,0.0,0.0,0.0,0.0,18
2023-05-09 21:13:46,CF311P14800,CF311P14800,263.0,0.0,0.0,0.0,1,127.0,1191.0,1,263.0,301.0,0.0,0.0,0.0,0.0,18
2023-05-09 21:13:47,CF311P14800,CF311P14800,263.0,0.0,0.0,0.0,1,127.0,1188.0,1,263.0,301.0,0.0,0.0,0.0,0.0,18
2023-05-09 21:13:53,CF311P14800,CF311P14800,263.0,0.0,0.0,0.0,1,127.0,1187.0,1,263.0,301.0,0.0,0.0,0.0,0.0,18
2023-05-09 21:13:53,CF311P14800,CF311P14800,263.0,0.0,0.0,0.0,1,127.0,1184.0,1,263.0,301.0,0.0,0.0,0.0,0.0,18
2023-05-09 21:14:02,CF311P14800,CF311P14800,263.0,0.0,0.0,0.0,1,127.0,1183.0,1,263.0,301.0,0.0,0.0,0.0,0.0,18
2023-05-09 21:14:02,CF311P14800,CF311P14800,263.0,0.0,0.0,0.0,1,127.0,1180.0,1,263.0,301.0,0.0,0.0,0.0,0.0,18
2023-05-09 21:14:09,CF311P14800,CF311P14800,263.0,0.0,0.0,0.0,1,127.0,1179.0,1,263.0,301.0,0.0,0.0,0.0,0.0,18
2023-05-09 21:14:09,CF311P14800,CF311P14800,263.0,0.0,0.0,0.0,1,127.0,1176.0,1,263.0,301.0,0.0,0.0,0.0,0.0,18
2023-05-09 21:14:18,CF311P14800,CF311P14800,263.0,0.0,0.0,0.0,1,127.0,1175.0,1,263.0,301.0,0.0,0.0,0.0,0.0,18
2023-05-09 21:14:19,CF311P14800,CF311P14800,263.0,0.0,0.0,0.0,1,127.0,1172.0,1,263.0,301.0,0.0,0.0,0.0,0.0,18
2023-05-09 21:14:26,CF311P14800,CF311P14800,263.0,0.0,0.0,0.0,1,127.0,1171.0,1,263.0,301.0,0.0,0.0,0.0,0.0,18
2023-05-09 21:14:27,CF311P14800,CF311P14800,263.0,0.0,0.0,0.0,1,127.0,1168.0,1,263.0,301.0,0.0,0.0,0.0,0.0,18
2023-05-09 21:14:32,CF311P14800,CF311P14800,263.0,0.0,0.0,0.0,1,127.0,1167.0,1,263.0,301.0,0.0,0.0,0.0,0.0,18
2023-05-09 21:14:32,CF311P14800,CF311P14800,263.0,0.0,0.0,0.0,1,127.0,1164.0,1,263.0,301.0,0.0,0.0,0.0,0.0,18
2023-05-09 21:14:37,CF311P14800,CF311P14800,263.0,0.0,0.0,0.0,1,127.0,1163.0,1,263.0,301.0,0.0,0.0,0.0,0.0,18
2023-05-09 21:14:37,CF311P14800,CF311P14800,263.0,0.0,0.0,0.0,1,127.0,1160.0,1,263.0,301.0,0.0,0.0,0.0,0.0,18
2023-05-09 21:14:44,CF311P14800,CF311P14800,263.0,0.0,0.0,0.0,1,127.0,1159.0,1,263.0,301.0,0.0,0.0,0.0,0.0,18
2023-05-09 21:14:44,CF311P14800,CF311P14800,263.0,0.0,0.0,0.0,1,127.0,1156.0,1,263.0,301.0,0.0,0.0,0.0,0.0,18
2023-05-09 21:14:52,CF311P14800,CF311P14800,263.0,0.0,0.0,0.0,1,127.0,1155.0,1,263.0,301.0,0.0,0.0,0.0,0.0,18
2023-05-09 21:14:53,CF311P14800,CF311P14800,263.0,0.0,0.0,0.0,1,127.0,1152.0,1,263.0,301.0,0.0,0.0,0.0,0.0,18
2023-05-09 21:15:03,CF311P14800,CF311P14800,263.0,0.0,0.0,0.0,1,127.0,1151.0,1,263.0,301.0,0.0,0.0,0.0,0.0,18
2023-05-09 21:15:03,CF311P14800,CF311P14800,263.0,0.0,0.0,0.0,1,127.0,1148.0,1,263.0,301.0,0.0,0.0,0.0,0.0,18
2023-05-09 21:15:14,CF311P14800,CF311P14800,263.0,0.0,0.0,0.0,1,127.0,1147.0,1,263.0,301.0,0.0,0.0,0.0,0.0,18
2023-05-09 21:15:15,CF311P14800,CF311P14800,263.0,0.0,0.0,0.0,1,127.0,1144.0,1,263.0,301.0,0.0,0.0,0.0,0.0,18
2023-05-09 21:15:21,CF311P14800,CF311P14800,263.0,0.0,0.0,0.0,1,127.0,1143.0,1,263.0,301.0,0.0,0.0,0.0,0.0,18
2023-05-09 21:15:22,CF311P14800,CF311P14800,263.0,0.0,0.0,0.0,1,127.0,1140.0,1,263.0,301.0,0.0,0.0,0.0,0.0,18
2023-05-09 21:15:26,CF311P14800,CF311P14800,263.0,0.0,0.0,0.0,1,127.0,1139.0,1,263.0,301.0,0.0,0.0,0.0,0.0,18
2023-05-09 21:15:27,CF311P14800,CF311P14800,263.0,0.0,0.0,0.0,1,127.0,1136.0,1,263.0,301.0,0.0,0.0,0.0,0.0,18
2023-05-09 21:15:35,CF311P14800,CF311P14800,263.0,0.0,0.0,0.0,1,127.0,1135.0,1,263.0,301.0,0.0,0.0,0.0,0.0,18
2023-05-09 21:15:35,CF311P14800,CF311P14800,263.0,0.0,0.0,0.0,1,127.0,1132.0,1,263.0,301.0,0.0,0.0,0.0,0.0,18
2023-05-09 21:15:44,CF311P14800,CF311P14800,263.0,0.0,0.0,0.0,1,127.0,1131.0,1,263.0,301.0,0.0,0.0,0.0,0.0,18
2023-05-09 21:15:45,CF311P14800,CF311P14800,263.0,0.0,0.0,0.0,1,127.0,1128.0,1,263.0,301.0,0.0,0.0,0.0,0.0,18
2023-05-09 21:15:56,CF311P14800,CF311P14800,263.0,0.0,0.0,0.0,1,127.0,1127.0,1,263.0,301.0,0.0,0.0,0.0,0.0,18
2023-05-09 21:15:57,CF311P14800,CF311P14800,263.0,0.0,0.0,0.0,1,127.0,1124.0,1,263.0,301.0,0.0,0.0,0.0,0.0,18
2023-05-09 21:16:07,CF311P14800,CF311P14800,263.0,0.0,0.0,0.0,1,127.0,1123.0,1,263.0,301.0,0.0,0.0,0.0,0.0,18
2023-05-09 21:16:07,CF311P14800,CF311P14800,263.0,0.0,0.0,0.0,1,127.0,1120.0,1,263.0,301.0,0.0,0.0,0.0,0.0,18
2023-05-09 21:16:16,CF311P14800,CF311P14800,263.0,0.0,0.0,0.0,1,127.0,1119.0,1,263.0,301.0,0.0,0.0,0.0,0.0,18
2023-05-09 21:16:17,CF311P14800,CF311P14800,263.0,0.0,0.0,0.0,1,127.0,1116.0,1,263.0,301.0,0.0,0.0,0.0,0.0,18
2023-05-09 21:16:24,CF311P14800,CF311P14800,263.0,0.0,0.0,0.0,1,127.0,1115.0,1,263.0,301.0,0.0,0.0,0.0,0.0,18
2023-05-09 21:16:25,CF311P14800,CF311P14800,263.0,0.0,0.0,0.0,1,127.0,1112.0,1,263.0,301.0,0.0,0.0,0.0,0.0,18
2023-05-09 21:16:31,CF311P14800,CF311P14800,263.0,0.0,0.0,0.0,1,127.0,1111.0,1,263.0,301.0,0.0,0.0,0.0,0.0,18
2023-05-09 21:16:32,CF311P14800,CF311P14800,263.0,0.0,0.0,0.0,1,127.0,1108.0,1,263.0,301.0,0.0,0.0,0.0,0.0,18
2023-05-09 21:16:36,CF311P14800,CF311P14800,263.0,0.0,0.0,0.0,1,127.0,1107.0,1,263.0,301.0,0.0,0.0,0.0,0.0,18
2023-05-09 21:16:37,CF311P14800,CF311P14800,263.0,0.0,0.0,0.0,1,127.0,1104.0,1,263.0,301.0,0.0,0.0,0.0,0.0,18
2023-05-09 21:16:42,CF311P14800,CF311P14800,263.0,0.0,0.0,0.0,1,127.0,1103.0,1,263.0,301.0,0.0,0.0,0.0,0.0,18
2023-05-09 21:16:42,CF311P14800,CF311P14800,263.0,0.0,0.0,0.0,1,127.0,1100.0,1,263.0,301.0,0.0,0.0,0.0,0.0,18
2023-05-09 21:16:50,CF311P14800,CF311P14800,263.0,0.0,0.0,0.0,1,127.0,1099.0,1,263.0,301.0,0.0,0.0,0.0,0.0,18
2023-05-09 21:16:51,CF311P14800,CF311P14800,263.0,0.0,0.0,0.0,1,127.0,1096.0,1,263.0,301.0,0.0,0.0,0.0,0.0,18
2023-05-09 21:16:57,CF311P14800,CF311P14800,263.0,0.0,0.0,0.0,1,127.0,1095.0,1,263.0,301.0,0.0,0.0,0.0,0.0,18
2023-05-09 21:16:57,CF311P14800,CF311P14800,263.0,0.0,0.0,0.0,1,127.0,1092.0,1,263.0,301.0,0.0,0.0,0.0,0.0,18
2023-05-09 21:17:03,CF311P14800,CF311P14800,263.0,0.0,0.0,0.0,1,127.0,1091.0,1,263.0,301.0,0.0,0.0,0.0,0.0,18
2023-05-09 21:17:03,CF311P14800,CF311P14800,263.0,0.0,0.0,0.0,1,127.0,1088.0,1,263.0,301.0,0.0,0.0,0.0,0.0,18
2023-05-09 21:17:11,CF311P14800,CF311P14800,263.0,0.0,0.0,0.0,1,127.0,1087.0,1,263.0,301.0,0.0,0.0,0.0,0.0,18
2023-05-09 21:17:12,CF311P14800,CF311P14800,263.0,0.0,0.0,0.0,1,127.0,1084.0,1,263.0,301.0,0.0,0.0,0.0,0.0,18
2023-05-09 21:17:19,CF311P14800,CF311P14800,263.0,0.0,0.0,0.0,1,127.0,1083.0,1,263.0,301.0,0.0,0.0,0.0,0.0,18
2023-05-09 21:17:19,CF311P14800,CF311P14800,263.0,0.0,0.0,0.0,1,127.0,1080.0,1,263.0,301.0,0.0,0.0,0.0,0.0,18
2023-05-09 21:17:19,CF311P14800,CF311P14800,263.0,0.0,0.0,0.0,1,127.0,1083.0,1,263.0,301.0,0.0,0.0,0.0,0.0,18
2023-05-09 21:17:19,CF311P14800,CF311P14800,263.0,0.0,0.0,0.0,1,127.0,1080.0,1,263.0,301.0,0.0,0.0,0.0,0.0,18
2023-05-09 21:17:25,CF311P14800,CF311P14800,263.0,0.0,0.0,0.0,1,127.0,1079.0,1,263.0,301.0,0.0,0.0,0.0,0.0,18
2023-05-09 21:17:25,CF311P14800,CF311P14800,263.0,0.0,0.0,0.0,1,127.0,1076.0,1,263.0,301.0,0.0,0.0,0.0,0.0,18
2023-05-09 21:17:31,CF311P14800,CF311P14800,263.0,0.0,0.0,0.0,1,127.0,1075.0,1,263.0,301.0,0.0,0.0,0.0,0.0,18
2023-05-09 21:17:32,CF311P14800,CF311P14800,263.0,0.0,0.0,0.0,1,127.0,1072.0,1,263.0,301.0,0.0,0.0,0.0,0.0,18
2023-05-09 21:17:38,CF311P14800,CF311P14800,263.0,0.0,0.0,0.0,1,127.0,1071.0,1,263.0,301.0,0.0,0.0,0.0,0.0,18
2023-05-09 21:17:39,CF311P14800,CF311P14800,263.0,0.0,0.0,0.0,1,127.0,1068.0,1,263.0,301.0,0.0,0.0,0.0,0.0,18
2023-05-09 21:17:44,CF311P14800,CF311P14800,263.0,0.0,0.0,0.0,1,127.0,1067.0,1,263.0,301.0,0.0,0.0,0.0,0.0,18
2023-05-09 21:17:44,CF311P14800,CF311P14800,263.0,0.0,0.0,0.0,1,127.0,1064.0,1,263.0,301.0,0.0,0.0,0.0,0.0,18
2023-05-09 21:17:49,CF311P14800,CF311P14800,263.0,0.0,0.0,0.0,1,127.0,1063.0,1,263.0,301.0,0.0,0.0,0.0,0.0,18
2023-05-09 21:17:49,CF311P14800,CF311P14800,263.0,0.0,0.0,0.0,1,127.0,1060.0,1,263.0,301.0,0.0,0.0,0.0,0.0,18
2023-05-09 21:17:57,CF311P14800,CF311P14800,263.0,0.0,0.0,0.0,1,127.0,1059.0,1,263.0,301.0,0.0,0.0,0.0,0.0,18
2023-05-09 21:17:58,CF311P14800,CF311P14800,263.0,0.0,0.0,0.0,1,127.0,1056.0,1,263.0,301.0,0.0,0.0,0.0,0.0,18
2023-05-09 21:18:09,CF311P14800,CF311P14800,263.0,0.0,0.0,0.0,1,127.0,1055.0,1,263.0,301.0,0.0,0.0,0.0,0.0,18
2023-05-09 21:18:10,CF311P14800,CF311P14800,263.0,0.0,0.0,0.0,1,127.0,1052.0,1,263.0,301.0,0.0,0.0,0.0,0.0,18
2023-05-09 21:18:20,CF311P14800,CF311P14800,263.0,0.0,0.0,0.0,1,127.0,1051.0,1,263.0,301.0,0.0,0.0,0.0,0.0,18
2023-05-09 21:18:21,CF311P14800,CF311P14800,263.0,0.0,0.0,0.0,1,127.0,1048.0,1,263.0,301.0,0.0,0.0,0.0,0.0,18
2023-05-09 21:18:28,CF311P14800,CF311P14800,263.0,0.0,0.0,0.0,1,127.0,1047.0,1,263.0,301.0,0.0,0.0,0.0,0.0,18
2023-05-09 21:18:29,CF311P14800,CF311P14800,263.0,0.0,0.0,0.0,1,127.0,1044.0,1,263.0,301.0,0.0,0.0,0.0,0.0,18
2023-05-09 21:18:35,CF311P14800,CF311P14800,263.0,0.0,0.0,0.0,1,127.0,1043.0,1,263.0,301.0,0.0,0.0,0.0,0.0,18
2023-05-09 21:18:35,CF311P14800,CF311P14800,263.0,0.0,0.0,0.0,1,127.0,1040.0,1,263.0,301.0,0.0,0.0,0.0,0.0,18
2023-05-09 21:18:40,CF311P14800,CF311P14800,263.0,0.0,0.0,0.0,1,127.0,1039.0,1,263.0,301.0,0.0,0.0,0.0,0.0,18
2023-05-09 21:18:41,CF311P14800,CF311P14800,263.0,0.0,0.0,0.0,1,127.0,1036.0,1,263.0,301.0,0.0,0.0,0.0,0.0,18
2023-05-09 21:19:00,CF311P14800,CF311P14800,263.0,0.0,0.0,0.0,1,21.0,1036.0,1,263.0,301.0,0.0,0.0,0.0,0.0,18
2023-05-09 21:19:00,CF311P14800,CF311P14800,263.0,0.0,0.0,0.0,2,37.0,1036.0,1,263.0,301.0,0.0,0.0,0.0,0.0,18
2023-05-09 21:19:01,CF311P14800,CF311P14800,263.0,0.0,0.0,0.0,1,40.0,1036.0,1,263.0,301.0,0.0,0.0,0.0,0.0,18
2023-05-09 21:19:02,CF311P14800,CF311P14800,263.0,0.0,0.0,0.0,2,41.0,1036.0,1,263.0,301.0,0.0,0.0,0.0,0.0,18
2023-05-09 21:19:02,CF311P14800,CF311P14800,263.0,0.0,0.0,0.0,1,44.0,1036.0,1,263.0,301.0,0.0,0.0,0.0,0.0,18
2023-05-09 21:19:03,CF311P14800,CF311P14800,263.0,0.0,0.0,0.0,2,45.0,1036.0,1,263.0,301.0,0.0,0.0,0.0,0.0,18
2023-05-09 21:19:03,CF311P14800,CF311P14800,263.0,0.0,0.0,0.0,1,48.0,1036.0,1,263.0,301.0,0.0,0.0,0.0,0.0,18
2023-05-09 21:19:47,CF311P14800,CF311P14800,263.0,0.0,0.0,0.0,2,49.0,1036.0,1,263.0,301.0,0.0,0.0,0.0,0.0,18
2023-05-09 21:19:47,CF311P14800,CF311P14800,263.0,0.0,0.0,0.0,1,52.0,1036.0,1,263.0,301.0,0.0,0.0,0.0,0.0,18
2023-05-09 21:19:55,CF311P14800,CF311P14800,263.0,0.0,0.0,0.0,2,53.0,1036.0,1,263.0,301.0,0.0,0.0,0.0,0.0,18
2023-05-09 21:19:55,CF311P14800,CF311P14800,263.0,0.0,0.0,0.0,1,56.0,1036.0,1,263.0,301.0,0.0,0.0,0.0,0.0,18
2023-05-09 21:19:56,CF311P14800,CF311P14800,263.0,0.0,0.0,0.0,2,57.0,1036.0,1,263.0,301.0,0.0,0.0,0.0,0.0,18
2023-05-09 21:19:56,CF311P14800,CF311P14800,263.0,0.0,0.0,0.0,1,60.0,1036.0,1,263.0,301.0,0.0,0.0,0.0,0.0,18
2023-05-09 21:19:57,CF311P14800,CF311P14800,263.0,0.0,0.0,0.0,2,61.0,1036.0,1,263.0,301.0,0.0,0.0,0.0,0.0,18
2023-05-09 21:19:57,CF311P14800,CF311P14800,263.0,0.0,0.0,0.0,1,64.0,1036.0,1,263.0,301.0,0.0,0.0,0.0,0.0,18
2023-05-09 21:19:58,CF311P14800,CF311P14800,263.0,0.0,0.0,0.0,2,65.0,1036.0,1,263.0,301.0,0.0,0.0,0.0,0.0,18
2023-05-09 21:19:59,CF311P14800,CF311P14800,263.0,0.0,0.0,0.0,1,68.0,1036.0,1,263.0,301.0,0.0,0.0,0.0,0.0,18
2023-05-09 21:20:00,CF311P14800,CF311P14800,263.0,0.0,0.0,0.0,2,69.0,1036.0,1,263.0,301.0,0.0,0.0,0.0,0.0,18
2023-05-09 21:20:00,CF311P14800,CF311P14800,263.0,0.0,0.0,0.0,1,72.0,1036.0,1,263.0,301.0,0.0,0.0,0.0,0.0,18
2023-05-09 21:20:01,CF311P14800,CF311P14800,263.0,0.0,0.0,0.0,2,73.0,1036.0,1,263.0,301.0,0.0,0.0,0.0,0.0,18
2023-05-09 21:20:01,CF311P14800,CF311P14800,263.0,0.0,0.0,0.0,1,76.0,1036.0,1,263.0,301.0,0.0,0.0,0.0,0.0,18
2023-05-09 21:20:02,CF311P14800,CF311P14800,263.0,0.0,0.0,0.0,2,77.0,1036.0,1,263.0,301.0,0.0,0.0,0.0,0.0,18
2023-05-09 21:20:02,CF311P14800,CF311P14800,263.0,0.0,0.0,0.0,1,80.0,1036.0,1,263.0,301.0,0.0,0.0,0.0,0.0,18
2023-05-09 21:20:03,CF311P14800,CF311P14800,263.0,0.0,0.0,0.0,2,81.0,1036.0,1,263.0,301.0,0.0,0.0,0.0,0.0,18
2023-05-09 21:20:03,CF311P14800,CF311P14800,263.0,0.0,0.0,0.0,1,84.0,1036.0,1,263.0,301.0,0.0,0.0,0.0,0.0,18
2023-05-09 21:20:04,CF311P14800,CF311P14800,263.0,0.0,0.0,0.0,2,85.0,1036.0,1,263.0,301.0,0.0,0.0,0.0,0.0,18
2023-05-09 21:20:05,CF311P14800,CF311P14800,263.0,0.0,0.0,0.0,1,88.0,1036.0,1,263.0,301.0,0.0,0.0,0.0,0.0,18
2023-05-09 21:20:06,CF311P14800,CF311P14800,263.0,0.0,0.0,0.0,2,89.0,1036.0,1,263.0,301.0,0.0,0.0,0.0,0.0,18
2023-05-09 21:20:06,CF311P14800,CF311P14800,263.0,0.0,0.0,0.0,1,92.0,1036.0,1,263.0,301.0,0.0,0.0,0.0,0.0,18
2023-05-09 21:20:07,CF311P14800,CF311P14800,263.0,0.0,0.0,0.0,2,93.0,1036.0,1,263.0,301.0,0.0,0.0,0.0,0.0,18
2023-05-09 21:20:07,CF311P14800,CF311P14800,263.0,0.0,0.0,0.0,1,96.0,1036.0,1,263.0,301.0,0.0,0.0,0.0,0.0,18
2023-05-09 21:20:08,CF311P14800,CF311P14800,263.0,0.0,0.0,0.0,2,97.0,1036.0,1,263.0,301.0,0.0,0.0,0.0,0.0,18
2023-05-09 21:20:08,CF311P14800,CF311P14800,263.0,0.0,0.0,0.0,1,100.0,1036.0,1,263.0,301.0,0.0,0.0,0.0,0.0,18
2023-05-09 21:20:09,CF311P14800,CF311P14800,263.0,0.0,0.0,0.0,2,101.0,1036.0,1,263.0,301.0,0.0,0.0,0.0,0.0,18
2023-05-09 21:20:09,CF311P14800,CF311P14800,263.0,0.0,0.0,0.0,1,104.0,1036.0,1,263.0,301.0,0.0,0.0,0.0,0.0,18
2023-05-09 21:20:10,CF311P14800,CF311P14800,263.0,0.0,0.0,0.0,2,105.0,1036.0,1,263.0,301.0,0.0,0.0,0.0,0.0,18
2023-05-09 21:20:10,CF311P14800,CF311P14800,263.0,0.0,0.0,0.0,1,108.0,1036.0,1,263.0,301.0,0.0,0.0,0.0,0.0,18
2023-05-09 21:20:11,CF311P14800,CF311P14800,263.0,0.0,0.0,0.0,2,109.0,1036.0,1,263.0,301.0,0.0,0.0,0.0,0.0,18
2023-05-09 21:20:11,CF311P14800,CF311P14800,263.0,0.0,0.0,0.0,1,112.0,1036.0,1,263.0,301.0,0.0,0.0,0.0,0.0,18
2023-05-09 21:20:12,CF311P14800,CF311P14800,263.0,0.0,0.0,0.0,2,113.0,1036.0,1,263.0,301.0,0.0,0.0,0.0,0.0,18
2023-05-09 21:20:12,CF311P14800,CF311P14800,263.0,0.0,0.0,0.0,1,116.0,1036.0,1,263.0,301.0,0.0,0.0,0.0,0.0,18
2023-05-09 21:20:13,CF311P14800,CF311P14800,263.0,0.0,0.0,0.0,2,117.0,1036.0,1,263.0,301.0,0.0,0.0,0.0,0.0,18
2023-05-09 21:20:13,CF311P14800,CF311P14800,263.0,0.0,0.0,0.0,1,120.0,1036.0,1,263.0,301.0,0.0,0.0,0.0,0.0,18
2023-05-09 21:20:14,CF311P14800,CF311P14800,263.0,0.0,0.0,0.0,2,121.0,1036.0,1,263.0,301.0,0.0,0.0,0.0,0.0,18
2023-05-09 21:45:17,CF311P14800,CF311P14800,263.0,0.0,0.0,0.0,1,124.0,1036.0,1,263.0,301.0,0.0,0.0,0.0,0.0,18
2023-05-09 21:45:18,CF311P14800,CF311P14800,263.0,0.0,0.0,0.0,2,125.0,1036.0,1,263.0,301.0,0.0,0.0,0.0,0.0,18
2023-05-09 22:57:12,CF311P14800,CF311P14800,263.0,0.0,0.0,0.0,1,21.0,1036.0,1,263.0,301.0,0.0,0.0,0.0,0.0,18
2023-05-09 22:57:12,CF311P14800,CF311P14800,263.0,0.0,0.0,0.0,1,24.0,1036.0,1,263.0,301.0,0.0,0.0,0.0,0.0,18
2023-05-09 22:57:13,CF311P14800,CF311P14800,263.0,0.0,0.0,0.0,1,25.0,1036.0,1,263.0,301.0,0.0,0.0,0.0,0.0,18
2023-05-09 22:57:13,CF311P14800,CF311P14800,263.0,0.0,0.0,0.0,1,28.0,1036.0,1,263.0,301.0,0.0,0.0,0.0,0.0,18
2023-05-09 22:59:55,CF311P14800,CF311P14800,263.0,0.0,0.0,0.0,1,25.0,1215.0,1,263.0,301.0,0.0,0.0,0.0,0.0,18
2023-05-10 09:01:15,CF311P14800,CF311P14800,263.0,0.0,0.0,0.0,2,41.0,1215.0,1,263.0,301.0,0.0,0.0,0.0,0.0,18
2023-05-10 09:01:16,CF311P14800,CF311P14800,263.0,0.0,0.0,0.0,1,42.0,1215.0,1,263.0,301.0,0.0,0.0,0.0,0.0,18
2023-05-10 09:01:18,CF311P14800,CF311P14800,263.0,0.0,0.0,0.0,1,45.0,1212.0,1,263.0,301.0,0.0,0.0,0.0,0.0,18
2023-05-10 09:02:01,CF311P14800,CF311P14800,263.0,0.0,0.0,0.0,2,46.0,1212.0,1,263.0,301.0,0.0,0.0,0.0,0.0,18
2023-05-10 09:02:02,CF311P14800,CF311P14800,263.0,0.0,0.0,0.0,1,49.0,1212.0,1,263.0,301.0,0.0,0.0,0.0,0.0,18
2023-05-10 09:02:03,CF311P14800,CF311P14800,263.0,0.0,0.0,0.0,2,50.0,1212.0,1,263.0,301.0,0.0,0.0,0.0,0.0,18
2023-05-10 09:02:05,CF311P14800,CF311P14800,263.0,0.0,0.0,0.0,1,53.0,1212.0,1,263.0,301.0,0.0,0.0,0.0,0.0,18
2023-05-10 09:02:07,CF311P14800,CF311P14800,263.0,0.0,0.0,0.0,2,54.0,1212.0,1,263.0,301.0,0.0,0.0,0.0,0.0,18
2023-05-10 09:02:10,CF311P14800,CF311P14800,263.0,0.0,0.0,0.0,1,57.0,1212.0,1,263.0,301.0,0.0,0.0,0.0,0.0,18
2023-05-10 09:02:11,CF311P14800,CF311P14800,263.0,0.0,0.0,0.0,2,58.0,1212.0,1,263.0,301.0,0.0,0.0,0.0,0.0,18
2023-05-10 09:02:16,CF311P14800,CF311P14800,263.0,0.0,0.0,0.0,1,61.0,1212.0,1,263.0,301.0,0.0,0.0,0.0,0.0,18
2023-05-10 09:02:17,CF311P14800,CF311P14800,263.0,0.0,0.0,0.0,2,62.0,1212.0,1,263.0,301.0,0.0,0.0,0.0,0.0,18
2023-05-10 09:02:21,CF311P14800,CF311P14800,263.0,0.0,0.0,0.0,1,65.0,1212.0,1,263.0,301.0,0.0,0.0,0.0,0.0,18
2023-05-10 09:02:22,CF311P14800,CF311P14800,263.0,0.0,0.0,0.0,2,66.0,1212.0,1,263.0,301.0,0.0,0.0,0.0,0.0,18
2023-05-10 09:02:23,CF311P14800,CF311P14800,263.0,0.0,0.0,0.0,1,69.0,1212.0,1,263.0,301.0,0.0,0.0,0.0,0.0,18
2023-05-10 09:02:24,CF311P14800,CF311P14800,263.0,0.0,0.0,0.0,2,70.0,1212.0,1,263.0,301.0,0.0,0.0,0.0,0.0,18
2023-05-10 09:02:24,CF311P14800,CF311P14800,263.0,0.0,0.0,0.0,1,73.0,1212.0,1,263.0,301.0,0.0,0.0,0.0,0.0,18
2023-05-10 09:02:25,CF311P14800,CF311P14800,263.0,0.0,0.0,0.0,2,74.0,1212.0,1,263.0,301.0,0.0,0.0,0.0,0.0,18
2023-05-10 09:02:26,CF311P14800,CF311P14800,263.0,0.0,0.0,0.0,1,77.0,1212.0,1,263.0,301.0,0.0,0.0,0.0,0.0,18
2023-05-10 09:02:27,CF311P14800,CF311P14800,263.0,0.0,0.0,0.0,2,78.0,1212.0,1,263.0,301.0,0.0,0.0,0.0,0.0,18
2023-05-10 09:02:30,CF311P14800,CF311P14800,263.0,0.0,0.0,0.0,1,81.0,1212.0,1,263.0,301.0,0.0,0.0,0.0,0.0,18
2023-05-10 09:02:31,CF311P14800,CF311P14800,263.0,0.0,0.0,0.0,2,82.0,1212.0,1,263.0,301.0,0.0,0.0,0.0,0.0,18
2023-05-10 09:02:34,CF311P14800,CF311P14800,263.0,0.0,0.0,0.0,1,85.0,1212.0,1,263.0,301.0,0.0,0.0,0.0,0.0,18
2023-05-10 09:02:35,CF311P14800,CF311P14800,263.0,0.0,0.0,0.0,2,86.0,1212.0,1,263.0,301.0,0.0,0.0,0.0,0.0,18
2023-05-10 09:02:39,CF311P14800,CF311P14800,263.0,0.0,0.0,0.0,1,89.0,1212.0,1,263.0,301.0,0.0,0.0,0.0,0.0,18
2023-05-10 09:02:40,CF311P14800,CF311P14800,263.0,0.0,0.0,0.0,2,90.0,1212.0,1,263.0,301.0,0.0,0.0,0.0,0.0,18
2023-05-10 09:02:41,CF311P14800,CF311P14800,263.0,0.0,0.0,0.0,1,93.0,1212.0,1,263.0,301.0,0.0,0.0,0.0,0.0,18
2023-05-10 09:02:42,CF311P14800,CF311P14800,263.0,0.0,0.0,0.0,2,94.0,1212.0,1,263.0,301.0,0.0,0.0,0.0,0.0,18
2023-05-10 09:02:45,CF311P14800,CF311P14800,263.0,0.0,0.0,0.0,1,97.0,1212.0,1,263.0,301.0,0.0,0.0,0.0,0.0,18
2023-05-10 09:02:46,CF311P14800,CF311P14800,263.0,0.0,0.0,0.0,2,98.0,1212.0,1,263.0,301.0,0.0,0.0,0.0,0.0,18
2023-05-10 09:02:47,CF311P14800,CF311P14800,263.0,0.0,0.0,0.0,1,101.0,1212.0,1,263.0,301.0,0.0,0.0,0.0,0.0,18
2023-05-10 09:02:48,CF311P14800,CF311P14800,263.0,0.0,0.0,0.0,2,102.0,1212.0,1,263.0,301.0,0.0,0.0,0.0,0.0,18
2023-05-10 09:02:52,CF311P14800,CF311P14800,263.0,0.0,0.0,0.0,1,105.0,1212.0,1,263.0,301.0,0.0,0.0,0.0,0.0,18
2023-05-10 09:02:53,CF311P14800,CF311P14800,263.0,0.0,0.0,0.0,2,106.0,1212.0,1,263.0,301.0,0.0,0.0,0.0,0.0,18
2023-05-10 09:02:55,CF311P14800,CF311P14800,263.0,0.0,0.0,0.0,1,109.0,1212.0,1,263.0,301.0,0.0,0.0,0.0,0.0,18
2023-05-10 09:02:56,CF311P14800,CF311P14800,263.0,0.0,0.0,0.0,2,110.0,1212.0,1,263.0,301.0,0.0,0.0,0.0,0.0,18
2023-05-10 09:09:41,CF311P14800,CF311P14800,263.0,0.0,0.0,0.0,2,110.0,1211.0,1,263.0,301.0,0.0,0.0,0.0,0.0,18
2023-05-10 09:09:41,CF311P14800,CF311P14800,263.0,0.0,0.0,0.0,2,110.0,1208.0,1,263.0,301.0,0.0,0.0,0.0,0.0,18
2023-05-10 09:09:49,CF311P14800,CF311P14800,263.0,0.0,0.0,0.0,2,110.0,1207.0,1,263.0,301.0,0.0,0.0,0.0,0.0,18
2023-05-10 09:09:49,CF311P14800,CF311P14800,263.0,0.0,0.0,0.0,2,110.0,1204.0,1,263.0,301.0,0.0,0.0,0.0,0.0,18
2023-05-10 09:10:52,CF311P14800,CF311P14800,263.0,0.0,0.0,0.0,2,110.0,1203.0,1,263.0,301.0,0.0,0.0,0.0,0.0,18
2023-05-10 09:10:52,CF311P14800,CF311P14800,263.0,0.0,0.0,0.0,2,110.0,1200.0,1,263.0,301.0,0.0,0.0,0.0,0.0,18
2023-05-10 09:11:02,CF311P14800,CF311P14800,263.0,0.0,0.0,0.0,2,110.0,1199.0,1,263.0,301.0,0.0,0.0,0.0,0.0,18
2023-05-10 09:11:02,CF311P14800,CF311P14800,263.0,0.0,0.0,0.0,2,110.0,1196.0,1,263.0,301.0,0.0,0.0,0.0,0.0,18
2023-05-10 09:11:11,CF311P14800,CF311P14800,263.0,0.0,0.0,0.0,2,110.0,1195.0,1,263.0,301.0,0.0,0.0,0.0,0.0,18
2023-05-10 09:11:11,CF311P14800,CF311P14800,263.0,0.0,0.0,0.0,2,110.0,1192.0,1,263.0,301.0,0.0,0.0,0.0,0.0,18
2023-05-10 09:11:17,CF311P14800,CF311P14800,263.0,0.0,0.0,0.0,2,110.0,1191.0,1,263.0,301.0,0.0,0.0,0.0,0.0,18
2023-05-10 09:11:17,CF311P14800,CF311P14800,263.0,0.0,0.0,0.0,2,110.0,1188.0,1,263.0,301.0,0.0,0.0,0.0,0.0,18
2023-05-10 09:11:24,CF311P14800,CF311P14800,263.0,0.0,0.0,0.0,2,110.0,1187.0,1,263.0,301.0,0.0,0.0,0.0,0.0,18
2023-05-10 09:11:24,CF311P14800,CF311P14800,263.0,0.0,0.0,0.0,2,110.0,1184.0,1,263.0,301.0,0.0,0.0,0.0,0.0,18
2023-05-10 09:11:34,CF311P14800,CF311P14800,263.0,0.0,0.0,0.0,2,110.0,1183.0,1,263.0,301.0,0.0,0.0,0.0,0.0,18
2023-05-10 09:11:34,CF311P14800,CF311P14800,263.0,0.0,0.0,0.0,2,110.0,1180.0,1,263.0,301.0,0.0,0.0,0.0,0.0,18
2023-05-10 09:11:39,CF311P14800,CF311P14800,263.0,0.0,0.0,0.0,2,110.0,1179.0,1,263.0,301.0,0.0,0.0,0.0,0.0,18
2023-05-10 09:11:39,CF311P14800,CF311P14800,263.0,0.0,0.0,0.0,2,110.0,1176.0,1,263.0,301.0,0.0,0.0,0.0,0.0,18
2023-05-10 09:11:47,CF311P14800,CF311P14800,263.0,0.0,0.0,0.0,2,110.0,1175.0,1,263.0,301.0,0.0,0.0,0.0,0.0,18
2023-05-10 09:11:47,CF311P14800,CF311P14800,263.0,0.0,0.0,0.0,2,110.0,1172.0,1,263.0,301.0,0.0,0.0,0.0,0.0,18
2023-05-10 09:11:51,CF311P14800,CF311P14800,263.0,0.0,0.0,0.0,2,110.0,1171.0,1,263.0,301.0,0.0,0.0,0.0,0.0,18
2023-05-10 09:11:51,CF311P14800,CF311P14800,263.0,0.0,0.0,0.0,2,110.0,1168.0,1,263.0,301.0,0.0,0.0,0.0,0.0,18
2023-05-10 09:11:56,CF311P14800,CF311P14800,263.0,0.0,0.0,0.0,2,110.0,1167.0,1,263.0,301.0,0.0,0.0,0.0,0.0,18
2023-05-10 09:11:56,CF311P14800,CF311P14800,263.0,0.0,0.0,0.0,2,110.0,1164.0,1,263.0,301.0,0.0,0.0,0.0,0.0,18
2023-05-10 09:11:59,CF311P14800,CF311P14800,263.0,0.0,0.0,0.0,2,110.0,1163.0,1,263.0,301.0,0.0,0.0,0.0,0.0,18
2023-05-10 09:11:59,CF311P14800,CF311P14800,263.0,0.0,0.0,0.0,2,110.0,1160.0,1,263.0,301.0,0.0,0.0,0.0,0.0,18
2023-05-10 09:12:03,CF311P14800,CF311P14800,263.0,0.0,0.0,0.0,2,110.0,1159.0,1,263.0,301.0,0.0,0.0,0.0,0.0,18
2023-05-10 09:12:03,CF311P14800,CF311P14800,263.0,0.0,0.0,0.0,2,110.0,1156.0,1,263.0,301.0,0.0,0.0,0.0,0.0,18
2023-05-10 09:12:06,CF311P14800,CF311P14800,263.0,0.0,0.0,0.0,2,110.0,1155.0,1,263.0,301.0,0.0,0.0,0.0,0.0,18
2023-05-10 09:12:06,CF311P14800,CF311P14800,263.0,0.0,0.0,0.0,2,110.0,1152.0,1,263.0,301.0,0.0,0.0,0.0,0.0,18
2023-05-10 09:12:37,CF311P14800,CF311P14800,263.0,0.0,0.0,0.0,2,110.0,1151.0,1,263.0,301.0,0.0,0.0,0.0,0.0,18
2023-05-10 09:12:37,CF311P14800,CF311P14800,263.0,0.0,0.0,0.0,2,110.0,1148.0,1,263.0,301.0,0.0,0.0,0.0,0.0,18
2023-05-10 09:12:44,CF311P14800,CF311P14800,263.0,0.0,0.0,0.0,2,110.0,1147.0,1,263.0,301.0,0.0,0.0,0.0,0.0,18
2023-05-10 09:12:45,CF311P14800,CF311P14800,263.0,0.0,0.0,0.0,2,110.0,1144.0,1,263.0,301.0,0.0,0.0,0.0,0.0,18
2023-05-10 09:12:59,CF311P14800,CF311P14800,263.0,0.0,0.0,0.0,2,110.0,1143.0,1,263.0,301.0,0.0,0.0,0.0,0.0,18
2023-05-10 09:13:00,CF311P14800,CF311P14800,263.0,0.0,0.0,0.0,2,110.0,1140.0,1,263.0,301.0,0.0,0.0,0.0,0.0,18
2023-05-10 09:13:11,CF311P14800,CF311P14800,263.0,0.0,0.0,0.0,2,110.0,1139.0,1,263.0,301.0,0.0,0.0,0.0,0.0,18
2023-05-10 09:13:11,CF311P14800,CF311P14800,263.0,0.0,0.0,0.0,2,110.0,1136.0,1,263.0,301.0,0.0,0.0,0.0,0.0,18
2023-05-10 09:13:27,CF311P14800,CF311P14800,263.0,0.0,0.0,0.0,2,110.0,1135.0,1,263.0,301.0,0.0,0.0,0.0,0.0,18
2023-05-10 09:13:27,CF311P14800,CF311P14800,263.0,0.0,0.0,0.0,2,110.0,1132.0,1,263.0,301.0,0.0,0.0,0.0,0.0,18
2023-05-10 09:13:38,CF311P14800,CF311P14800,263.0,0.0,0.0,0.0,2,110.0,1131.0,1,263.0,301.0,0.0,0.0,0.0,0.0,18
2023-05-10 09:13:38,CF311P14800,CF311P14800,263.0,0.0,0.0,0.0,2,110.0,1128.0,1,263.0,301.0,0.0,0.0,0.0,0.0,18
2023-05-10 09:13:45,CF311P14800,CF311P14800,263.0,0.0,0.0,0.0,2,110.0,1127.0,1,263.0,301.0,0.0,0.0,0.0,0.0,18
2023-05-10 09:13:46,CF311P14800,CF311P14800,263.0,0.0,0.0,0.0,2,110.0,1124.0,1,263.0,301.0,0.0,0.0,0.0,0.0,18
2023-05-10 09:13:54,CF311P14800,CF311P14800,263.0,0.0,0.0,0.0,2,110.0,1123.0,1,263.0,301.0,0.0,0.0,0.0,0.0,18
2023-05-10 09:13:55,CF311P14800,CF311P14800,263.0,0.0,0.0,0.0,2,110.0,1120.0,1,263.0,301.0,0.0,0.0,0.0,0.0,18
2023-05-10 09:14:01,CF311P14800,CF311P14800,263.0,0.0,0.0,0.0,2,110.0,1119.0,1,263.0,301.0,0.0,0.0,0.0,0.0,18
2023-05-10 09:14:02,CF311P14800,CF311P14800,263.0,0.0,0.0,0.0,2,110.0,1116.0,1,263.0,301.0,0.0,0.0,0.0,0.0,18
2023-05-10 09:14:07,CF311P14800,CF311P14800,263.0,0.0,0.0,0.0,2,110.0,1115.0,1,263.0,301.0,0.0,0.0,0.0,0.0,18
2023-05-10 09:14:08,CF311P14800,CF311P14800,263.0,0.0,0.0,0.0,2,110.0,1112.0,1,263.0,301.0,0.0,0.0,0.0,0.0,18
2023-05-10 09:14:16,CF311P14800,CF311P14800,263.0,0.0,0.0,0.0,2,110.0,1111.0,1,263.0,301.0,0.0,0.0,0.0,0.0,18
2023-05-10 09:14:16,CF311P14800,CF311P14800,263.0,0.0,0.0,0.0,2,110.0,1108.0,1,263.0,301.0,0.0,0.0,0.0,0.0,18
2023-05-10 09:14:21,CF311P14800,CF311P14800,263.0,0.0,0.0,0.0,2,110.0,1107.0,1,263.0,301.0,0.0,0.0,0.0,0.0,18
2023-05-10 09:14:22,CF311P14800,CF311P14800,263.0,0.0,0.0,0.0,2,110.0,1104.0,1,263.0,301.0,0.0,0.0,0.0,0.0,18
2023-05-10 09:14:33,CF311P14800,CF311P14800,263.0,0.0,0.0,0.0,2,110.0,1103.0,1,263.0,301.0,0.0,0.0,0.0,0.0,18
2023-05-10 09:14:33,CF311P14800,CF311P14800,263.0,0.0,0.0,0.0,2,110.0,1100.0,1,263.0,301.0,0.0,0.0,0.0,0.0,18
2023-05-10 09:14:38,CF311P14800,CF311P14800,263.0,0.0,0.0,0.0,2,110.0,1099.0,1,263.0,301.0,0.0,0.0,0.0,0.0,18
2023-05-10 09:14:39,CF311P14800,CF311P14800,263.0,0.0,0.0,0.0,2,110.0,1096.0,1,263.0,301.0,0.0,0.0,0.0,0.0,18
2023-05-10 09:14:44,CF311P14800,CF311P14800,263.0,0.0,0.0,0.0,2,110.0,1095.0,1,263.0,301.0,0.0,0.0,0.0,0.0,18
2023-05-10 09:14:44,CF311P14800,CF311P14800,263.0,0.0,0.0,0.0,2,110.0,1092.0,1,263.0,301.0,0.0,0.0,0.0,0.0,18
2023-05-10 09:14:50,CF311P14800,CF311P14800,263.0,0.0,0.0,0.0,2,110.0,1091.0,1,263.0,301.0,0.0,0.0,0.0,0.0,18
2023-05-10 09:14:51,CF311P14800,CF311P14800,263.0,0.0,0.0,0.0,2,110.0,1088.0,1,263.0,301.0,0.0,0.0,0.0,0.0,18
2023-05-10 09:14:57,CF311P14800,CF311P14800,263.0,0.0,0.0,0.0,2,110.0,1087.0,1,263.0,301.0,0.0,0.0,0.0,0.0,18
2023-05-10 09:14:57,CF311P14800,CF311P14800,263.0,0.0,0.0,0.0,2,110.0,1084.0,1,263.0,301.0,0.0,0.0,0.0,0.0,18
2023-05-10 09:15:04,CF311P14800,CF311P14800,263.0,0.0,0.0,0.0,2,110.0,1083.0,1,263.0,301.0,0.0,0.0,0.0,0.0,18
2023-05-10 09:15:05,CF311P14800,CF311P14800,263.0,0.0,0.0,0.0,2,110.0,1080.0,1,263.0,301.0,0.0,0.0,0.0,0.0,18
2023-05-10 09:15:11,CF311P14800,CF311P14800,263.0,0.0,0.0,0.0,2,110.0,1079.0,1,263.0,301.0,0.0,0.0,0.0,0.0,18
2023-05-10 09:15:12,CF311P14800,CF311P14800,263.0,0.0,0.0,0.0,2,110.0,1076.0,1,263.0,301.0,0.0,0.0,0.0,0.0,18
2023-05-10 09:15:16,CF311P14800,CF311P14800,263.0,0.0,0.0,0.0,2,110.0,1075.0,1,263.0,301.0,0.0,0.0,0.0,0.0,18
2023-05-10 09:15:17,CF311P14800,CF311P14800,263.0,0.0,0.0,0.0,2,110.0,1072.0,1,263.0,301.0,0.0,0.0,0.0,0.0,18
2023-05-10 09:15:20,CF311P14800,CF311P14800,263.0,0.0,0.0,0.0,2,110.0,1071.0,1,263.0,301.0,0.0,0.0,0.0,0.0,18
2023-05-10 09:15:20,CF311P14800,CF311P14800,263.0,0.0,0.0,0.0,2,110.0,1068.0,1,263.0,301.0,0.0,0.0,0.0,0.0,18
2023-05-10 09:15:23,CF311P14800,CF311P14800,263.0,0.0,0.0,0.0,2,110.0,1067.0,1,263.0,301.0,0.0,0.0,0.0,0.0,18
2023-05-10 09:15:24,CF311P14800,CF311P14800,263.0,0.0,0.0,0.0,2,110.0,1064.0,1,263.0,301.0,0.0,0.0,0.0,0.0,18
2023-05-10 09:15:30,CF311P14800,CF311P14800,263.0,0.0,0.0,0.0,2,110.0,1063.0,1,263.0,301.0,0.0,0.0,0.0,0.0,18
2023-05-10 09:15:30,CF311P14800,CF311P14800,263.0,0.0,0.0,0.0,2,110.0,1060.0,1,263.0,301.0,0.0,0.0,0.0,0.0,18
2023-05-10 09:15:36,CF311P14800,CF311P14800,263.0,0.0,0.0,0.0,2,110.0,1059.0,1,263.0,301.0,0.0,0.0,0.0,0.0,18
2023-05-10 09:15:37,CF311P14800,CF311P14800,263.0,0.0,0.0,0.0,2,110.0,1056.0,1,263.0,301.0,0.0,0.0,0.0,0.0,18
2023-05-10 09:15:42,CF311P14800,CF311P14800,263.0,0.0,0.0,0.0,2,110.0,1055.0,1,263.0,301.0,0.0,0.0,0.0,0.0,18
2023-05-10 09:15:43,CF311P14800,CF311P14800,263.0,0.0,0.0,0.0,2,110.0,1052.0,1,263.0,301.0,0.0,0.0,0.0,0.0,18
2023-05-10 09:15:50,CF311P14800,CF311P14800,263.0,0.0,0.0,0.0,2,110.0,1051.0,1,263.0,301.0,0.0,0.0,0.0,0.0,18
2023-05-10 09:15:51,CF311P14800,CF311P14800,263.0,0.0,0.0,0.0,2,110.0,1048.0,1,263.0,301.0,0.0,0.0,0.0,0.0,18
2023-05-10 09:15:55,CF311P14800,CF311P14800,263.0,0.0,0.0,0.0,2,110.0,1047.0,1,263.0,301.0,0.0,0.0,0.0,0.0,18
2023-05-10 09:15:56,CF311P14800,CF311P14800,263.0,0.0,0.0,0.0,2,110.0,1044.0,1,263.0,301.0,0.0,0.0,0.0,0.0,18
2023-05-10 09:15:59,CF311P14800,CF311P14800,263.0,0.0,0.0,0.0,2,110.0,1043.0,1,263.0,301.0,0.0,0.0,0.0,0.0,18
2023-05-10 09:16:00,CF311P14800,CF311P14800,263.0,0.0,0.0,0.0,2,110.0,1040.0,1,263.0,301.0,0.0,0.0,0.0,0.0,18
2023-05-10 09:16:05,CF311P14800,CF311P14800,263.0,0.0,0.0,0.0,2,110.0,1039.0,1,263.0,301.0,0.0,0.0,0.0,0.0,18
2023-05-10 09:16:05,CF311P14800,CF311P14800,263.0,0.0,0.0,0.0,2,110.0,1036.0,1,263.0,301.0,0.0,0.0,0.0,0.0,18
2023-05-10 09:16:13,CF311P14800,CF311P14800,263.0,0.0,0.0,0.0,2,110.0,1035.0,1,263.0,301.0,0.0,0.0,0.0,0.0,18
2023-05-10 09:16:14,CF311P14800,CF311P14800,263.0,0.0,0.0,0.0,2,110.0,1032.0,1,263.0,301.0,0.0,0.0,0.0,0.0,18
2023-05-10 09:16:17,CF311P14800,CF311P14800,263.0,0.0,0.0,0.0,2,110.0,1031.0,1,263.0,301.0,0.0,0.0,0.0,0.0,18
2023-05-10 09:16:18,CF311P14800,CF311P14800,263.0,0.0,0.0,0.0,2,110.0,1028.0,1,263.0,301.0,0.0,0.0,0.0,0.0,18
2023-05-10 09:16:23,CF311P14800,CF311P14800,263.0,0.0,0.0,0.0,2,110.0,1027.0,1,263.0,301.0,0.0,0.0,0.0,0.0,18
2023-05-10 09:16:24,CF311P14800,CF311P14800,263.0,0.0,0.0,0.0,2,110.0,1024.0,1,263.0,301.0,0.0,0.0,0.0,0.0,18
2023-05-10 09:16:28,CF311P14800,CF311P14800,263.0,0.0,0.0,0.0,2,110.0,1023.0,1,263.0,301.0,0.0,0.0,0.0,0.0,18
2023-05-10 09:16:29,CF311P14800,CF311P14800,263.0,0.0,0.0,0.0,2,110.0,1020.0,1,263.0,301.0,0.0,0.0,0.0,0.0,18
2023-05-10 10:12:08,CF311P14800,CF311P14800,263.0,0.0,0.0,0.0,1,42.0,1020.0,1,263.0,301.0,0.0,0.0,0.0,0.0,18
2023-05-10 10:12:08,CF311P14800,CF311P14800,263.0,0.0,0.0,0.0,1,45.0,1020.0,1,263.0,301.0,0.0,0.0,0.0,0.0,18
2023-05-10 10:30:01,CF311P14800,CF311P14800,263.0,0.0,0.0,0.0,1,42.0,1215.0,1,263.0,301.0,0.0,0.0,0.0,0.0,18
2023-05-10 10:30:17,CF311P14800,CF311P14800,263.0,0.0,0.0,0.0,2,58.0,1215.0,1,263.0,301.0,0.0,0.0,0.0,0.0,18
2023-05-10 10:32:05,CF311P14800,CF311P14800,263.0,0.0,0.0,0.0,1,61.0,1212.0,1,263.0,301.0,0.0,0.0,0.0,0.0,18
2023-05-10 10:32:06,CF311P14800,CF311P14800,263.0,0.0,0.0,0.0,2,77.0,1212.0,1,263.0,301.0,0.0,0.0,0.0,0.0,18
2023-05-10 10:32:06,CF311P14800,CF311P14800,263.0,0.0,0.0,0.0,1,80.0,1212.0,1,263.0,301.0,0.0,0.0,0.0,0.0,18
2023-05-10 10:32:07,CF311P14800,CF311P14800,263.0,0.0,0.0,0.0,2,96.0,1212.0,1,263.0,301.0,0.0,0.0,0.0,0.0,18
2023-05-10 10:32:07,CF311P14800,CF311P14800,263.0,0.0,0.0,0.0,1,99.0,1212.0,1,263.0,301.0,0.0,0.0,0.0,0.0,18
2023-05-10 10:32:08,CF311P14800,CF311P14800,263.0,0.0,0.0,0.0,2,115.0,1212.0,1,263.0,301.0,0.0,0.0,0.0,0.0,18
2023-05-10 10:41:01,CF311P14800,CF311P14800,263.0,0.0,0.0,0.0,2,115.0,1211.0,1,263.0,301.0,0.0,0.0,0.0,0.0,18
2023-05-10 10:41:02,CF311P14800,CF311P14800,263.0,0.0,0.0,0.0,2,115.0,1208.0,1,263.0,301.0,0.0,0.0,0.0,0.0,18
2023-05-10 10:41:10,CF311P14800,CF311P14800,263.0,0.0,0.0,0.0,2,115.0,1207.0,1,263.0,301.0,0.0,0.0,0.0,0.0,18
2023-05-10 10:41:10,CF311P14800,CF311P14800,263.0,0.0,0.0,0.0,2,115.0,1204.0,1,263.0,301.0,0.0,0.0,0.0,0.0,18
2023-05-10 10:41:25,CF311P14800,CF311P14800,263.0,0.0,0.0,0.0,2,115.0,1203.0,1,263.0,301.0,0.0,0.0,0.0,0.0,18
2023-05-10 10:41:25,CF311P14800,CF311P14800,263.0,0.0,0.0,0.0,2,115.0,1200.0,1,263.0,301.0,0.0,0.0,0.0,0.0,18
2023-05-10 10:41:35,CF311P14800,CF311P14800,263.0,0.0,0.0,0.0,2,115.0,1199.0,1,263.0,301.0,0.0,0.0,0.0,0.0,18
2023-05-10 10:41:35,CF311P14800,CF311P14800,263.0,0.0,0.0,0.0,2,115.0,1196.0,1,263.0,301.0,0.0,0.0,0.0,0.0,18
2023-05-10 10:41:43,CF311P14800,CF311P14800,263.0,0.0,0.0,0.0,2,115.0,1195.0,1,263.0,301.0,0.0,0.0,0.0,0.0,18
2023-05-10 10:41:43,CF311P14800,CF311P14800,263.0,0.0,0.0,0.0,2,115.0,1192.0,1,263.0,301.0,0.0,0.0,0.0,0.0,18
2023-05-10 10:41:51,CF311P14800,CF311P14800,263.0,0.0,0.0,0.0,2,115.0,1191.0,1,263.0,301.0,0.0,0.0,0.0,0.0,18
2023-05-10 10:41:51,CF311P14800,CF311P14800,263.0,0.0,0.0,0.0,2,115.0,1188.0,1,263.0,301.0,0.0,0.0,0.0,0.0,18
2023-05-10 10:41:58,CF311P14800,CF311P14800,263.0,0.0,0.0,0.0,2,115.0,1187.0,1,263.0,301.0,0.0,0.0,0.0,0.0,18
2023-05-10 10:41:58,CF311P14800,CF311P14800,263.0,0.0,0.0,0.0,2,115.0,1184.0,1,263.0,301.0,0.0,0.0,0.0,0.0,18
2023-05-10 10:42:04,CF311P14800,CF311P14800,263.0,0.0,0.0,0.0,2,115.0,1183.0,1,263.0,301.0,0.0,0.0,0.0,0.0,18
2023-05-10 10:42:05,CF311P14800,CF311P14800,263.0,0.0,0.0,0.0,2,115.0,1180.0,1,263.0,301.0,0.0,0.0,0.0,0.0,18
2023-05-10 10:42:11,CF311P14800,CF311P14800,263.0,0.0,0.0,0.0,2,115.0,1179.0,1,263.0,301.0,0.0,0.0,0.0,0.0,18
2023-05-10 10:42:12,CF311P14800,CF311P14800,263.0,0.0,0.0,0.0,2,115.0,1176.0,1,263.0,301.0,0.0,0.0,0.0,0.0,18
2023-05-10 10:42:19,CF311P14800,CF311P14800,263.0,0.0,0.0,0.0,2,115.0,1175.0,1,263.0,301.0,0.0,0.0,0.0,0.0,18
2023-05-10 10:42:19,CF311P14800,CF311P14800,263.0,0.0,0.0,0.0,2,115.0,1172.0,1,263.0,301.0,0.0,0.0,0.0,0.0,18
2023-05-10 10:42:24,CF311P14800,CF311P14800,263.0,0.0,0.0,0.0,2,115.0,1171.0,1,263.0,301.0,0.0,0.0,0.0,0.0,18
2023-05-10 10:42:25,CF311P14800,CF311P14800,263.0,0.0,0.0,0.0,2,115.0,1168.0,1,263.0,301.0,0.0,0.0,0.0,0.0,18
2023-05-10 10:42:31,CF311P14800,CF311P14800,263.0,0.0,0.0,0.0,2,115.0,1167.0,1,263.0,301.0,0.0,0.0,0.0,0.0,18
2023-05-10 10:42:31,CF311P14800,CF311P14800,263.0,0.0,0.0,0.0,2,115.0,1164.0,1,263.0,301.0,0.0,0.0,0.0,0.0,18
2023-05-10 10:42:33,CF311P14800,CF311P14800,263.0,0.0,0.0,0.0,2,115.0,1163.0,1,263.0,301.0,0.0,0.0,0.0,0.0,18
2023-05-10 10:42:33,CF311P14800,CF311P14800,263.0,0.0,0.0,0.0,2,115.0,1160.0,1,263.0,301.0,0.0,0.0,0.0,0.0,18
2023-05-10 10:42:41,CF311P14800,CF311P14800,263.0,0.0,0.0,0.0,2,115.0,1159.0,1,263.0,301.0,0.0,0.0,0.0,0.0,18
2023-05-10 10:42:41,CF311P14800,CF311P14800,263.0,0.0,0.0,0.0,2,115.0,1156.0,1,263.0,301.0,0.0,0.0,0.0,0.0,18
2023-05-10 10:42:47,CF311P14800,CF311P14800,263.0,0.0,0.0,0.0,2,115.0,1155.0,1,263.0,301.0,0.0,0.0,0.0,0.0,18
2023-05-10 10:42:47,CF311P14800,CF311P14800,263.0,0.0,0.0,0.0,2,115.0,1152.0,1,263.0,301.0,0.0,0.0,0.0,0.0,18
2023-05-10 10:42:52,CF311P14800,CF311P14800,263.0,0.0,0.0,0.0,2,115.0,1151.0,1,263.0,301.0,0.0,0.0,0.0,0.0,18
2023-05-10 10:42:52,CF311P14800,CF311P14800,263.0,0.0,0.0,0.0,2,115.0,1148.0,1,263.0,301.0,0.0,0.0,0.0,0.0,18
2023-05-10 10:42:57,CF311P14800,CF311P14800,263.0,0.0,0.0,0.0,2,115.0,1147.0,1,263.0,301.0,0.0,0.0,0.0,0.0,18
2023-05-10 10:42:57,CF311P14800,CF311P14800,263.0,0.0,0.0,0.0,2,115.0,1144.0,1,263.0,301.0,0.0,0.0,0.0,0.0,18
2023-05-10 10:43:01,CF311P14800,CF311P14800,263.0,0.0,0.0,0.0,2,115.0,1143.0,1,263.0,301.0,0.0,0.0,0.0,0.0,18
2023-05-10 10:43:01,CF311P14800,CF311P14800,263.0,0.0,0.0,0.0,2,115.0,1140.0,1,263.0,301.0,0.0,0.0,0.0,0.0,18
2023-05-10 10:43:06,CF311P14800,CF311P14800,263.0,0.0,0.0,0.0,2,115.0,1139.0,1,263.0,301.0,0.0,0.0,0.0,0.0,18
2023-05-10 10:43:06,CF311P14800,CF311P14800,263.0,0.0,0.0,0.0,2,115.0,1136.0,1,263.0,301.0,0.0,0.0,0.0,0.0,18
2023-05-10 10:43:10,CF311P14800,CF311P14800,263.0,0.0,0.0,0.0,2,115.0,1135.0,1,263.0,301.0,0.0,0.0,0.0,0.0,18
2023-05-10 10:43:10,CF311P14800,CF311P14800,263.0,0.0,0.0,0.0,2,115.0,1132.0,1,263.0,301.0,0.0,0.0,0.0,0.0,18
2023-05-10 10:43:14,CF311P14800,CF311P14800,263.0,0.0,0.0,0.0,2,115.0,1131.0,1,263.0,301.0,0.0,0.0,0.0,0.0,18
2023-05-10 10:43:14,CF311P14800,CF311P14800,263.0,0.0,0.0,0.0,2,115.0,1128.0,1,263.0,301.0,0.0,0.0,0.0,0.0,18
2023-05-10 10:43:18,CF311P14800,CF311P14800,263.0,0.0,0.0,0.0,2,115.0,1127.0,1,263.0,301.0,0.0,0.0,0.0,0.0,18
2023-05-10 10:43:18,CF311P14800,CF311P14800,263.0,0.0,0.0,0.0,2,115.0,1124.0,1,263.0,301.0,0.0,0.0,0.0,0.0,18
2023-05-10 10:43:23,CF311P14800,CF311P14800,263.0,0.0,0.0,0.0,2,115.0,1123.0,1,263.0,301.0,0.0,0.0,0.0,0.0,18
2023-05-10 10:43:23,CF311P14800,CF311P14800,263.0,0.0,0.0,0.0,2,115.0,1120.0,1,263.0,301.0,0.0,0.0,0.0,0.0,18
2023-05-10 10:43:27,CF311P14800,CF311P14800,263.0,0.0,0.0,0.0,2,115.0,1119.0,1,263.0,301.0,0.0,0.0,0.0,0.0,18
2023-05-10 10:43:28,CF311P14800,CF311P14800,263.0,0.0,0.0,0.0,2,115.0,1116.0,1,263.0,301.0,0.0,0.0,0.0,0.0,18
2023-05-10 10:43:31,CF311P14800,CF311P14800,263.0,0.0,0.0,0.0,2,115.0,1115.0,1,263.0,301.0,0.0,0.0,0.0,0.0,18
2023-05-10 10:43:31,CF311P14800,CF311P14800,263.0,0.0,0.0,0.0,2,115.0,1112.0,1,263.0,301.0,0.0,0.0,0.0,0.0,18
2023-05-10 10:43:37,CF311P14800,CF311P14800,263.0,0.0,0.0,0.0,2,115.0,1111.0,1,263.0,301.0,0.0,0.0,0.0,0.0,18
2023-05-10 10:43:38,CF311P14800,CF311P14800,263.0,0.0,0.0,0.0,2,115.0,1108.0,1,263.0,301.0,0.0,0.0,0.0,0.0,18
2023-05-10 10:43:41,CF311P14800,CF311P14800,263.0,0.0,0.0,0.0,2,115.0,1107.0,1,263.0,301.0,0.0,0.0,0.0,0.0,18
2023-05-10 10:43:41,CF311P14800,CF311P14800,263.0,0.0,0.0,0.0,2,115.0,1104.0,1,263.0,301.0,0.0,0.0,0.0,0.0,18
2023-05-10 10:43:45,CF311P14800,CF311P14800,263.0,0.0,0.0,0.0,2,115.0,1103.0,1,263.0,301.0,0.0,0.0,0.0,0.0,18
2023-05-10 10:43:45,CF311P14800,CF311P14800,263.0,0.0,0.0,0.0,2,115.0,1100.0,1,263.0,301.0,0.0,0.0,0.0,0.0,18
2023-05-10 10:43:49,CF311P14800,CF311P14800,263.0,0.0,0.0,0.0,2,115.0,1099.0,1,263.0,301.0,0.0,0.0,0.0,0.0,18
2023-05-10 10:43:49,CF311P14800,CF311P14800,263.0,0.0,0.0,0.0,2,115.0,1096.0,1,263.0,301.0,0.0,0.0,0.0,0.0,18
2023-05-10 10:43:54,CF311P14800,CF311P14800,263.0,0.0,0.0,0.0,2,115.0,1095.0,1,263.0,301.0,0.0,0.0,0.0,0.0,18
2023-05-10 10:43:54,CF311P14800,CF311P14800,263.0,0.0,0.0,0.0,2,115.0,1092.0,1,263.0,301.0,0.0,0.0,0.0,0.0,18
2023-05-10 10:43:58,CF311P14800,CF311P14800,263.0,0.0,0.0,0.0,2,115.0,1091.0,1,263.0,301.0,0.0,0.0,0.0,0.0,18
2023-05-10 10:43:58,CF311P14800,CF311P14800,263.0,0.0,0.0,0.0,2,115.0,1088.0,1,263.0,301.0,0.0,0.0,0.0,0.0,18
2023-05-10 10:44:03,CF311P14800,CF311P14800,263.0,0.0,0.0,0.0,2,115.0,1087.0,1,263.0,301.0,0.0,0.0,0.0,0.0,18
2023-05-10 10:44:03,CF311P14800,CF311P14800,263.0,0.0,0.0,0.0,2,115.0,1084.0,1,263.0,301.0,0.0,0.0,0.0,0.0,18
2023-05-10 10:44:11,CF311P14800,CF311P14800,263.0,0.0,0.0,0.0,2,115.0,1083.0,1,263.0,301.0,0.0,0.0,0.0,0.0,18
2023-05-10 10:44:11,CF311P14800,CF311P14800,263.0,0.0,0.0,0.0,2,115.0,1080.0,1,263.0,301.0,0.0,0.0,0.0,0.0,18
2023-05-10 10:44:18,CF311P14800,CF311P14800,263.0,0.0,0.0,0.0,2,115.0,1079.0,1,263.0,301.0,0.0,0.0,0.0,0.0,18
2023-05-10 10:44:18,CF311P14800,CF311P14800,263.0,0.0,0.0,0.0,2,115.0,1076.0,1,263.0,301.0,0.0,0.0,0.0,0.0,18
2023-05-10 10:44:27,CF311P14800,CF311P14800,263.0,0.0,0.0,0.0,2,115.0,1075.0,1,263.0,301.0,0.0,0.0,0.0,0.0,18
2023-05-10 10:44:27,CF311P14800,CF311P14800,263.0,0.0,0.0,0.0,2,115.0,1072.0,1,263.0,301.0,0.0,0.0,0.0,0.0,18
2023-05-10 10:44:31,CF311P14800,CF311P14800,263.0,0.0,0.0,0.0,2,115.0,1071.0,1,263.0,301.0,0.0,0.0,0.0,0.0,18
2023-05-10 10:44:31,CF311P14800,CF311P14800,263.0,0.0,0.0,0.0,2,115.0,1068.0,1,263.0,301.0,0.0,0.0,0.0,0.0,18
2023-05-10 10:44:40,CF311P14800,CF311P14800,263.0,0.0,0.0,0.0,2,115.0,1067.0,1,263.0,301.0,0.0,0.0,0.0,0.0,18
2023-05-10 10:44:40,CF311P14800,CF311P14800,263.0,0.0,0.0,0.0,2,115.0,1064.0,1,263.0,301.0,0.0,0.0,0.0,0.0,18
2023-05-10 10:44:45,CF311P14800,CF311P14800,263.0,0.0,0.0,0.0,2,115.0,1063.0,1,263.0,301.0,0.0,0.0,0.0,0.0,18
2023-05-10 10:44:45,CF311P14800,CF311P14800,263.0,0.0,0.0,0.0,2,115.0,1060.0,1,263.0,301.0,0.0,0.0,0.0,0.0,18
2023-05-10 10:44:49,CF311P14800,CF311P14800,263.0,0.0,0.0,0.0,2,115.0,1059.0,1,263.0,301.0,0.0,0.0,0.0,0.0,18
2023-05-10 10:44:49,CF311P14800,CF311P14800,263.0,0.0,0.0,0.0,2,115.0,1056.0,1,263.0,301.0,0.0,0.0,0.0,0.0,18
2023-05-10 10:44:56,CF311P14800,CF311P14800,263.0,0.0,0.0,0.0,2,115.0,1055.0,1,263.0,301.0,0.0,0.0,0.0,0.0,18
2023-05-10 10:44:56,CF311P14800,CF311P14800,263.0,0.0,0.0,0.0,2,115.0,1052.0,1,263.0,301.0,0.0,0.0,0.0,0.0,18
2023-05-10 10:45:04,CF311P14800,CF311P14800,263.0,0.0,0.0,0.0,2,115.0,1051.0,1,263.0,301.0,0.0,0.0,0.0,0.0,18
2023-05-10 10:45:04,CF311P14800,CF311P14800,263.0,0.0,0.0,0.0,2,115.0,1048.0,1,263.0,301.0,0.0,0.0,0.0,0.0,18
2023-05-10 10:45:15,CF311P14800,CF311P14800,263.0,0.0,0.0,0.0,2,115.0,1047.0,1,263.0,301.0,0.0,0.0,0.0,0.0,18
2023-05-10 10:45:15,CF311P14800,CF311P14800,263.0,0.0,0.0,0.0,2,115.0,1044.0,1,263.0,301.0,0.0,0.0,0.0,0.0,18
2023-05-10 10:45:19,CF311P14800,CF311P14800,263.0,0.0,0.0,0.0,2,115.0,1043.0,1,263.0,301.0,0.0,0.0,0.0,0.0,18
2023-05-10 10:45:19,CF311P14800,CF311P14800,263.0,0.0,0.0,0.0,2,115.0,1040.0,1,263.0,301.0,0.0,0.0,0.0,0.0,18
2023-05-10 10:45:24,CF311P14800,CF311P14800,263.0,0.0,0.0,0.0,2,115.0,1039.0,1,263.0,301.0,0.0,0.0,0.0,0.0,18
2023-05-10 10:45:24,CF311P14800,CF311P14800,263.0,0.0,0.0,0.0,2,115.0,1036.0,1,263.0,301.0,0.0,0.0,0.0,0.0,18
2023-05-10 10:45:28,CF311P14800,CF311P14800,263.0,0.0,0.0,0.0,2,115.0,1035.0,1,263.0,301.0,0.0,0.0,0.0,0.0,18
2023-05-10 10:45:28,CF311P14800,CF311P14800,263.0,0.0,0.0,0.0,2,115.0,1032.0,1,263.0,301.0,0.0,0.0,0.0,0.0,18
2023-05-10 10:45:32,CF311P14800,CF311P14800,263.0,0.0,0.0,0.0,2,115.0,1031.0,1,263.0,301.0,0.0,0.0,0.0,0.0,18
2023-05-10 10:45:32,CF311P14800,CF311P14800,263.0,0.0,0.0,0.0,2,115.0,1028.0,1,263.0,301.0,0.0,0.0,0.0,0.0,18
2023-05-10 10:45:35,CF311P14800,CF311P14800,263.0,0.0,0.0,0.0,2,115.0,1027.0,1,263.0,301.0,0.0,0.0,0.0,0.0,18
2023-05-10 10:45:35,CF311P14800,CF311P14800,263.0,0.0,0.0,0.0,2,115.0,1024.0,1,263.0,301.0,0.0,0.0,0.0,0.0,18
2023-05-10 10:45:43,CF311P14800,CF311P14800,263.0,0.0,0.0,0.0,2,115.0,1023.0,1,263.0,301.0,0.0,0.0,0.0,0.0,18
2023-05-10 10:45:43,CF311P14800,CF311P14800,263.0,0.0,0.0,0.0,2,115.0,1020.0,1,263.0,301.0,0.0,0.0,0.0,0.0,18
2023-05-10 10:45:50,CF311P14800,CF311P14800,263.0,0.0,0.0,0.0,2,115.0,1019.0,1,263.0,301.0,0.0,0.0,0.0,0.0,18
2023-05-10 10:45:50,CF311P14800,CF311P14800,263.0,0.0,0.0,0.0,2,115.0,1016.0,1,263.0,301.0,0.0,0.0,0.0,0.0,18
2023-05-10 11:05:17,CF311P14800,CF311P14800,263.0,0.0,0.0,0.0,1,118.0,1016.0,1,263.0,301.0,0.0,0.0,0.0,0.0,18
2023-05-10 11:05:18,CF311P14800,CF311P14800,263.0,0.0,0.0,0.0,2,134.0,1016.0,1,263.0,301.0,0.0,0.0,0.0,0.0,18
2023-05-10 11:27:07,CF311P14800,CF311P14800,263.0,0.0,0.0,0.0,1,42.0,1016.0,1,263.0,301.0,0.0,0.0,0.0,0.0,18
2023-05-10 11:27:07,CF311P14800,CF311P14800,263.0,0.0,0.0,0.0,1,45.0,1016.0,1,263.0,301.0,0.0,0.0,0.0,0.0,18
2023-05-10 11:27:40,CF311P14800,CF311P14800,263.0,0.0,0.0,0.0,1,46.0,1016.0,1,263.0,301.0,0.0,0.0,0.0,0.0,18
2023-05-10 11:27:40,CF311P14800,CF311P14800,263.0,0.0,0.0,0.0,1,49.0,1016.0,1,263.0,301.0,0.0,0.0,0.0,0.0,18
2023-05-10 11:29:55,CF311P14800,CF311P14800,263.0,0.0,0.0,0.0,1,14.0,1215.0,1,263.0,301.0,0.0,0.0,0.0,0.0,18
2023-05-10 13:31:29,CF311P14800,CF311P14800,263.0,0.0,0.0,0.0,2,30.0,1215.0,1,263.0,301.0,0.0,0.0,0.0,0.0,18
2023-05-10 13:31:30,CF311P14800,CF311P14800,263.0,0.0,0.0,0.0,1,33.0,1212.0,1,263.0,301.0,0.0,0.0,0.0,0.0,18
2023-05-10 13:32:13,CF311P14800,CF311P14800,263.0,0.0,0.0,0.0,2,49.0,1212.0,1,263.0,301.0,0.0,0.0,0.0,0.0,18
2023-05-10 13:32:13,CF311P14800,CF311P14800,263.0,0.0,0.0,0.0,1,52.0,1212.0,1,263.0,301.0,0.0,0.0,0.0,0.0,18
2023-05-10 13:32:16,CF311P14800,CF311P14800,263.0,0.0,0.0,0.0,2,68.0,1212.0,1,263.0,301.0,0.0,0.0,0.0,0.0,18
2023-05-10 13:32:16,CF311P14800,CF311P14800,263.0,0.0,0.0,0.0,1,71.0,1212.0,1,263.0,301.0,0.0,0.0,0.0,0.0,18
2023-05-10 13:32:21,CF311P14800,CF311P14800,263.0,0.0,0.0,0.0,2,87.0,1212.0,1,263.0,301.0,0.0,0.0,0.0,0.0,18
2023-05-10 13:32:21,CF311P14800,CF311P14800,263.0,0.0,0.0,0.0,1,90.0,1212.0,1,263.0,301.0,0.0,0.0,0.0,0.0,18
2023-05-10 13:32:25,CF311P14800,CF311P14800,263.0,0.0,0.0,0.0,2,106.0,1212.0,1,263.0,301.0,0.0,0.0,0.0,0.0,18
2023-05-10 13:32:25,CF311P14800,CF311P14800,263.0,0.0,0.0,0.0,1,109.0,1212.0,1,263.0,301.0,0.0,0.0,0.0,0.0,18
2023-05-10 13:32:27,CF311P14800,CF311P14800,263.0,0.0,0.0,0.0,2,125.0,1212.0,1,263.0,301.0,0.0,0.0,0.0,0.0,18
2023-05-10 13:40:43,CF311P14800,CF311P14800,263.0,0.0,0.0,0.0,2,125.0,1211.0,1,263.0,301.0,0.0,0.0,0.0,0.0,18
2023-05-10 13:40:44,CF311P14800,CF311P14800,263.0,0.0,0.0,0.0,2,125.0,1208.0,1,263.0,301.0,0.0,0.0,0.0,0.0,18
2023-05-10 13:40:51,CF311P14800,CF311P14800,263.0,0.0,0.0,0.0,2,125.0,1207.0,1,263.0,301.0,0.0,0.0,0.0,0.0,18
2023-05-10 13:40:51,CF311P14800,CF311P14800,263.0,0.0,0.0,0.0,2,125.0,1204.0,1,263.0,301.0,0.0,0.0,0.0,0.0,18
2023-05-10 13:40:55,CF311P14800,CF311P14800,263.0,0.0,0.0,0.0,2,125.0,1203.0,1,263.0,301.0,0.0,0.0,0.0,0.0,18
2023-05-10 13:40:56,CF311P14800,CF311P14800,263.0,0.0,0.0,0.0,2,125.0,1200.0,1,263.0,301.0,0.0,0.0,0.0,0.0,18
2023-05-10 13:41:05,CF311P14800,CF311P14800,263.0,0.0,0.0,0.0,2,125.0,1199.0,1,263.0,301.0,0.0,0.0,0.0,0.0,18
2023-05-10 13:41:06,CF311P14800,CF311P14800,263.0,0.0,0.0,0.0,2,125.0,1196.0,1,263.0,301.0,0.0,0.0,0.0,0.0,18
2023-05-10 13:41:14,CF311P14800,CF311P14800,263.0,0.0,0.0,0.0,2,125.0,1195.0,1,263.0,301.0,0.0,0.0,0.0,0.0,18
2023-05-10 13:41:15,CF311P14800,CF311P14800,263.0,0.0,0.0,0.0,2,125.0,1192.0,1,263.0,301.0,0.0,0.0,0.0,0.0,18
2023-05-10 13:41:21,CF311P14800,CF311P14800,263.0,0.0,0.0,0.0,2,125.0,1191.0,1,263.0,301.0,0.0,0.0,0.0,0.0,18
2023-05-10 13:41:21,CF311P14800,CF311P14800,263.0,0.0,0.0,0.0,2,125.0,1188.0,1,263.0,301.0,0.0,0.0,0.0,0.0,18
2023-05-10 13:41:28,CF311P14800,CF311P14800,263.0,0.0,0.0,0.0,2,125.0,1187.0,1,263.0,301.0,0.0,0.0,0.0,0.0,18
2023-05-10 13:41:29,CF311P14800,CF311P14800,263.0,0.0,0.0,0.0,2,125.0,1184.0,1,263.0,301.0,0.0,0.0,0.0,0.0,18
2023-05-10 13:41:34,CF311P14800,CF311P14800,263.0,0.0,0.0,0.0,2,125.0,1183.0,1,263.0,301.0,0.0,0.0,0.0,0.0,18
2023-05-10 13:41:35,CF311P14800,CF311P14800,263.0,0.0,0.0,0.0,2,125.0,1180.0,1,263.0,301.0,0.0,0.0,0.0,0.0,18
2023-05-10 13:41:38,CF311P14800,CF311P14800,263.0,0.0,0.0,0.0,2,125.0,1179.0,1,263.0,301.0,0.0,0.0,0.0,0.0,18
2023-05-10 13:41:38,CF311P14800,CF311P14800,263.0,0.0,0.0,0.0,2,125.0,1176.0,1,263.0,301.0,0.0,0.0,0.0,0.0,18
2023-05-10 13:41:45,CF311P14800,CF311P14800,263.0,0.0,0.0,0.0,2,125.0,1175.0,1,263.0,301.0,0.0,0.0,0.0,0.0,18
2023-05-10 13:41:45,CF311P14800,CF311P14800,263.0,0.0,0.0,0.0,2,125.0,1172.0,1,263.0,301.0,0.0,0.0,0.0,0.0,18
2023-05-10 13:41:50,CF311P14800,CF311P14800,263.0,0.0,0.0,0.0,2,125.0,1171.0,1,263.0,301.0,0.0,0.0,0.0,0.0,18
2023-05-10 13:41:51,CF311P14800,CF311P14800,263.0,0.0,0.0,0.0,2,125.0,1168.0,1,263.0,301.0,0.0,0.0,0.0,0.0,18
2023-05-10 13:41:56,CF311P14800,CF311P14800,263.0,0.0,0.0,0.0,2,125.0,1167.0,1,263.0,301.0,0.0,0.0,0.0,0.0,18
2023-05-10 13:41:56,CF311P14800,CF311P14800,263.0,0.0,0.0,0.0,2,125.0,1164.0,1,263.0,301.0,0.0,0.0,0.0,0.0,18
2023-05-10 13:42:00,CF311P14800,CF311P14800,263.0,0.0,0.0,0.0,2,125.0,1163.0,1,263.0,301.0,0.0,0.0,0.0,0.0,18
2023-05-10 13:42:00,CF311P14800,CF311P14800,263.0,0.0,0.0,0.0,2,125.0,1160.0,1,263.0,301.0,0.0,0.0,0.0,0.0,18
2023-05-10 13:42:05,CF311P14800,CF311P14800,263.0,0.0,0.0,0.0,2,125.0,1159.0,1,263.0,301.0,0.0,0.0,0.0,0.0,18
2023-05-10 13:42:06,CF311P14800,CF311P14800,263.0,0.0,0.0,0.0,2,125.0,1156.0,1,263.0,301.0,0.0,0.0,0.0,0.0,18
2023-05-10 13:42:15,CF311P14800,CF311P14800,263.0,0.0,0.0,0.0,2,125.0,1155.0,1,263.0,301.0,0.0,0.0,0.0,0.0,18
2023-05-10 13:42:15,CF311P14800,CF311P14800,263.0,0.0,0.0,0.0,2,125.0,1152.0,1,263.0,301.0,0.0,0.0,0.0,0.0,18
2023-05-10 13:42:20,CF311P14800,CF311P14800,263.0,0.0,0.0,0.0,2,125.0,1151.0,1,263.0,301.0,0.0,0.0,0.0,0.0,18
2023-05-10 13:42:20,CF311P14800,CF311P14800,263.0,0.0,0.0,0.0,2,125.0,1148.0,1,263.0,301.0,0.0,0.0,0.0,0.0,18
2023-05-10 13:42:25,CF311P14800,CF311P14800,263.0,0.0,0.0,0.0,2,125.0,1147.0,1,263.0,301.0,0.0,0.0,0.0,0.0,18
2023-05-10 13:42:25,CF311P14800,CF311P14800,263.0,0.0,0.0,0.0,2,125.0,1144.0,1,263.0,301.0,0.0,0.0,0.0,0.0,18
2023-05-10 13:42:29,CF311P14800,CF311P14800,263.0,0.0,0.0,0.0,2,125.0,1143.0,1,263.0,301.0,0.0,0.0,0.0,0.0,18
2023-05-10 13:42:29,CF311P14800,CF311P14800,263.0,0.0,0.0,0.0,2,125.0,1140.0,1,263.0,301.0,0.0,0.0,0.0,0.0,18
2023-05-10 13:42:35,CF311P14800,CF311P14800,263.0,0.0,0.0,0.0,2,125.0,1139.0,1,263.0,301.0,0.0,0.0,0.0,0.0,18
2023-05-10 13:42:36,CF311P14800,CF311P14800,263.0,0.0,0.0,0.0,2,125.0,1136.0,1,263.0,301.0,0.0,0.0,0.0,0.0,18
2023-05-10 13:42:45,CF311P14800,CF311P14800,263.0,0.0,0.0,0.0,2,125.0,1135.0,1,263.0,301.0,0.0,0.0,0.0,0.0,18
2023-05-10 13:42:45,CF311P14800,CF311P14800,263.0,0.0,0.0,0.0,2,125.0,1132.0,1,263.0,301.0,0.0,0.0,0.0,0.0,18
2023-05-10 13:42:51,CF311P14800,CF311P14800,263.0,0.0,0.0,0.0,2,125.0,1131.0,1,263.0,301.0,0.0,0.0,0.0,0.0,18
2023-05-10 13:42:51,CF311P14800,CF311P14800,263.0,0.0,0.0,0.0,2,125.0,1128.0,1,263.0,301.0,0.0,0.0,0.0,0.0,18
2023-05-10 13:42:57,CF311P14800,CF311P14800,263.0,0.0,0.0,0.0,2,125.0,1127.0,1,263.0,301.0,0.0,0.0,0.0,0.0,18
2023-05-10 13:42:57,CF311P14800,CF311P14800,263.0,0.0,0.0,0.0,2,125.0,1124.0,1,263.0,301.0,0.0,0.0,0.0,0.0,18
2023-05-10 13:43:04,CF311P14800,CF311P14800,263.0,0.0,0.0,0.0,2,125.0,1123.0,1,263.0,301.0,0.0,0.0,0.0,0.0,18
2023-05-10 13:43:04,CF311P14800,CF311P14800,263.0,0.0,0.0,0.0,2,125.0,1120.0,1,263.0,301.0,0.0,0.0,0.0,0.0,18
2023-05-10 13:43:11,CF311P14800,CF311P14800,263.0,0.0,0.0,0.0,2,125.0,1119.0,1,263.0,301.0,0.0,0.0,0.0,0.0,18
2023-05-10 13:43:11,CF311P14800,CF311P14800,263.0,0.0,0.0,0.0,2,125.0,1116.0,1,263.0,301.0,0.0,0.0,0.0,0.0,18
2023-05-10 13:43:16,CF311P14800,CF311P14800,263.0,0.0,0.0,0.0,2,125.0,1115.0,1,263.0,301.0,0.0,0.0,0.0,0.0,18
2023-05-10 13:43:16,CF311P14800,CF311P14800,263.0,0.0,0.0,0.0,2,125.0,1112.0,1,263.0,301.0,0.0,0.0,0.0,0.0,18
2023-05-10 13:43:20,CF311P14800,CF311P14800,263.0,0.0,0.0,0.0,2,125.0,1111.0,1,263.0,301.0,0.0,0.0,0.0,0.0,18
2023-05-10 13:43:20,CF311P14800,CF311P14800,263.0,0.0,0.0,0.0,2,125.0,1108.0,1,263.0,301.0,0.0,0.0,0.0,0.0,18
2023-05-10 13:43:28,CF311P14800,CF311P14800,263.0,0.0,0.0,0.0,2,125.0,1107.0,1,263.0,301.0,0.0,0.0,0.0,0.0,18
2023-05-10 13:43:28,CF311P14800,CF311P14800,263.0,0.0,0.0,0.0,2,125.0,1104.0,1,263.0,301.0,0.0,0.0,0.0,0.0,18
2023-05-10 13:43:32,CF311P14800,CF311P14800,263.0,0.0,0.0,0.0,2,125.0,1103.0,1,263.0,301.0,0.0,0.0,0.0,0.0,18
2023-05-10 13:43:32,CF311P14800,CF311P14800,263.0,0.0,0.0,0.0,2,125.0,1100.0,1,263.0,301.0,0.0,0.0,0.0,0.0,18
2023-05-10 13:43:43,CF311P14800,CF311P14800,263.0,0.0,0.0,0.0,2,125.0,1099.0,1,263.0,301.0,0.0,0.0,0.0,0.0,18
2023-05-10 13:43:43,CF311P14800,CF311P14800,263.0,0.0,0.0,0.0,2,125.0,1096.0,1,263.0,301.0,0.0,0.0,0.0,0.0,18
2023-05-10 13:43:52,CF311P14800,CF311P14800,263.0,0.0,0.0,0.0,2,125.0,1095.0,1,263.0,301.0,0.0,0.0,0.0,0.0,18
2023-05-10 13:43:52,CF311P14800,CF311P14800,263.0,0.0,0.0,0.0,2,125.0,1092.0,1,263.0,301.0,0.0,0.0,0.0,0.0,18
2023-05-10 13:44:00,CF311P14800,CF311P14800,263.0,0.0,0.0,0.0,2,125.0,1091.0,1,263.0,301.0,0.0,0.0,0.0,0.0,18
2023-05-10 13:44:00,CF311P14800,CF311P14800,263.0,0.0,0.0,0.0,2,125.0,1088.0,1,263.0,301.0,0.0,0.0,0.0,0.0,18
2023-05-10 13:44:06,CF311P14800,CF311P14800,263.0,0.0,0.0,0.0,2,125.0,1087.0,1,263.0,301.0,0.0,0.0,0.0,0.0,18
2023-05-10 13:44:06,CF311P14800,CF311P14800,263.0,0.0,0.0,0.0,2,125.0,1084.0,1,263.0,301.0,0.0,0.0,0.0,0.0,18
2023-05-10 13:44:11,CF311P14800,CF311P14800,263.0,0.0,0.0,0.0,2,125.0,1083.0,1,263.0,301.0,0.0,0.0,0.0,0.0,18
2023-05-10 13:44:12,CF311P14800,CF311P14800,263.0,0.0,0.0,0.0,2,125.0,1080.0,1,263.0,301.0,0.0,0.0,0.0,0.0,18
2023-05-10 13:44:18,CF311P14800,CF311P14800,263.0,0.0,0.0,0.0,2,125.0,1079.0,1,263.0,301.0,0.0,0.0,0.0,0.0,18
2023-05-10 13:44:19,CF311P14800,CF311P14800,263.0,0.0,0.0,0.0,2,125.0,1076.0,1,263.0,301.0,0.0,0.0,0.0,0.0,18
2023-05-10 13:44:25,CF311P14800,CF311P14800,263.0,0.0,0.0,0.0,2,125.0,1075.0,1,263.0,301.0,0.0,0.0,0.0,0.0,18
2023-05-10 13:44:25,CF311P14800,CF311P14800,263.0,0.0,0.0,0.0,2,125.0,1072.0,1,263.0,301.0,0.0,0.0,0.0,0.0,18
2023-05-10 13:44:31,CF311P14800,CF311P14800,263.0,0.0,0.0,0.0,2,125.0,1071.0,1,263.0,301.0,0.0,0.0,0.0,0.0,18
2023-05-10 13:44:31,CF311P14800,CF311P14800,263.0,0.0,0.0,0.0,2,125.0,1068.0,1,263.0,301.0,0.0,0.0,0.0,0.0,18
2023-05-10 13:44:36,CF311P14800,CF311P14800,263.0,0.0,0.0,0.0,2,125.0,1067.0,1,263.0,301.0,0.0,0.0,0.0,0.0,18
2023-05-10 13:44:36,CF311P14800,CF311P14800,263.0,0.0,0.0,0.0,2,125.0,1064.0,1,263.0,301.0,0.0,0.0,0.0,0.0,18
2023-05-10 13:44:40,CF311P14800,CF311P14800,263.0,0.0,0.0,0.0,2,125.0,1063.0,1,263.0,301.0,0.0,0.0,0.0,0.0,18
2023-05-10 13:44:40,CF311P14800,CF311P14800,263.0,0.0,0.0,0.0,2,125.0,1060.0,1,263.0,301.0,0.0,0.0,0.0,0.0,18
2023-05-10 13:44:46,CF311P14800,CF311P14800,263.0,0.0,0.0,0.0,2,125.0,1059.0,1,263.0,301.0,0.0,0.0,0.0,0.0,18
2023-05-10 13:44:47,CF311P14800,CF311P14800,263.0,0.0,0.0,0.0,2,125.0,1056.0,1,263.0,301.0,0.0,0.0,0.0,0.0,18
2023-05-10 13:44:53,CF311P14800,CF311P14800,263.0,0.0,0.0,0.0,2,125.0,1055.0,1,263.0,301.0,0.0,0.0,0.0,0.0,18
2023-05-10 13:44:54,CF311P14800,CF311P14800,263.0,0.0,0.0,0.0,2,125.0,1052.0,1,263.0,301.0,0.0,0.0,0.0,0.0,18
2023-05-10 13:44:59,CF311P14800,CF311P14800,263.0,0.0,0.0,0.0,2,125.0,1051.0,1,263.0,301.0,0.0,0.0,0.0,0.0,18
2023-05-10 13:44:59,CF311P14800,CF311P14800,263.0,0.0,0.0,0.0,2,125.0,1048.0,1,263.0,301.0,0.0,0.0,0.0,0.0,18
2023-05-10 13:45:07,CF311P14800,CF311P14800,263.0,0.0,0.0,0.0,2,125.0,1047.0,1,263.0,301.0,0.0,0.0,0.0,0.0,18
2023-05-10 13:45:07,CF311P14800,CF311P14800,263.0,0.0,0.0,0.0,2,125.0,1044.0,1,263.0,301.0,0.0,0.0,0.0,0.0,18
2023-05-10 13:45:15,CF311P14800,CF311P14800,263.0,0.0,0.0,0.0,2,125.0,1043.0,1,263.0,301.0,0.0,0.0,0.0,0.0,18
2023-05-10 13:45:15,CF311P14800,CF311P14800,263.0,0.0,0.0,0.0,2,125.0,1040.0,1,263.0,301.0,0.0,0.0,0.0,0.0,18
2023-05-10 13:45:22,CF311P14800,CF311P14800,263.0,0.0,0.0,0.0,2,125.0,1039.0,1,263.0,301.0,0.0,0.0,0.0,0.0,18
2023-05-10 13:45:23,CF311P14800,CF311P14800,263.0,0.0,0.0,0.0,2,125.0,1036.0,1,263.0,301.0,0.0,0.0,0.0,0.0,18
2023-05-10 13:45:25,CF311P14800,CF311P14800,263.0,0.0,0.0,0.0,2,125.0,1035.0,1,263.0,301.0,0.0,0.0,0.0,0.0,18
2023-05-10 13:45:26,CF311P14800,CF311P14800,263.0,0.0,0.0,0.0,2,125.0,1032.0,1,263.0,301.0,0.0,0.0,0.0,0.0,18
2023-05-10 13:45:29,CF311P14800,CF311P14800,263.0,0.0,0.0,0.0,2,125.0,1031.0,1,263.0,301.0,0.0,0.0,0.0,0.0,18
2023-05-10 13:45:30,CF311P14800,CF311P14800,263.0,0.0,0.0,0.0,2,125.0,1028.0,1,263.0,301.0,0.0,0.0,0.0,0.0,18
2023-05-10 13:45:35,CF311P14800,CF311P14800,263.0,0.0,0.0,0.0,2,125.0,1027.0,1,263.0,301.0,0.0,0.0,0.0,0.0,18
2023-05-10 13:45:35,CF311P14800,CF311P14800,263.0,0.0,0.0,0.0,2,125.0,1024.0,1,263.0,301.0,0.0,0.0,0.0,0.0,18
2023-05-10 13:45:41,CF311P14800,CF311P14800,263.0,0.0,0.0,0.0,2,125.0,1023.0,1,263.0,301.0,0.0,0.0,0.0,0.0,18
2023-05-10 13:45:41,CF311P14800,CF311P14800,263.0,0.0,0.0,0.0,2,125.0,1020.0,1,263.0,301.0,0.0,0.0,0.0,0.0,18
2023-05-10 13:45:47,CF311P14800,CF311P14800,263.0,0.0,0.0,0.0,2,125.0,1019.0,1,263.0,301.0,0.0,0.0,0.0,0.0,18
2023-05-10 13:45:47,CF311P14800,CF311P14800,263.0,0.0,0.0,0.0,2,125.0,1016.0,1,263.0,301.0,0.0,0.0,0.0,0.0,18
2023-05-10 14:13:22,CF311P14800,CF311P14800,263.0,0.0,0.0,0.0,6,283.0,311.0,6,263.0,301.0,0.0,0.0,0.0,0.0,18
2023-05-10 14:13:23,CF311P14800,CF311P14800,263.0,0.0,0.0,0.0,15,283.0,311.0,15,263.0,301.0,0.0,0.0,0.0,0.0,18
2023-05-10 14:13:23,CF311P14800,CF311P14800,263.0,0.0,0.0,0.0,18,283.0,311.0,18,263.0,301.0,0.0,0.0,0.0,0.0,18
2023-05-10 14:13:24,CF311P14800,CF311P14800,263.0,0.0,0.0,0.0,21,283.0,310.0,3,263.0,301.0,0.0,0.0,0.0,0.0,18
2023-05-10 14:13:24,CF311P14800,CF311P14800,263.0,0.0,0.0,0.0,21,283.0,310.0,9,263.0,301.0,0.0,0.0,0.0,0.0,18
2023-05-10 14:13:27,CF311P14800,CF311P14800,263.0,0.0,0.0,0.0,21,283.0,310.0,12,263.0,301.0,0.0,0.0,0.0,0.0,18
2023-05-10 14:13:28,CF311P14800,CF311P14800,263.0,0.0,0.0,0.0,24,283.0,310.0,15,263.0,301.0,0.0,0.0,0.0,0.0,18
2023-05-10 14:13:29,CF311P14800,CF311P14800,263.0,0.0,0.0,0.0,24,283.0,310.0,18,263.0,301.0,0.0,0.0,0.0,0.0,18
2023-05-10 14:13:29,CF311P14800,CF311P14800,263.0,0.0,0.0,0.0,21,283.0,301.0,3,263.0,301.0,0.0,0.0,0.0,0.0,18
2023-05-10 14:13:30,CF311P14800,CF311P14800,301.0,6.0,1806.0,6.0,15,283.0,302.0,3,263.0,301.0,301.0,301.0,6.0,1806.0,24
2023-05-10 14:13:30,CF311P14800,CF311P14800,302.0,3.0,903.0,3.0,3,301.0,303.0,3,263.0,301.0,302.0,301.0,9.0,2709.0,27
2023-05-10 14:13:30,CF311P14800,CF311P14800,302.0,0.0,0.0,0.0,3,301.0,306.0,3,263.0,301.0,302.0,301.0,9.0,2709.0,27
2023-05-10 14:13:31,CF311P14800,CF311P14800,302.0,0.0,0.0,0.0,3,301.0,305.0,6,263.0,301.0,302.0,301.0,9.0,2709.0,27
2023-05-10 14:13:32,CF311P14800,CF311P14800,302.0,0.0,0.0,0.0,3,301.0,305.0,9,263.0,301.0,302.0,301.0,9.0,2709.0,27
2023-05-10 14:13:34,CF311P14800,CF311P14800,302.0,0.0,0.0,0.0,3,301.0,305.0,12,263.0,301.0,302.0,301.0,9.0,2709.0,27
2023-05-10 14:13:34,CF311P14800,CF311P14800,302.0,0.0,0.0,0.0,6,301.0,305.0,15,263.0,301.0,302.0,301.0,9.0,2709.0,27
2023-05-10 14:13:42,CF311P14800,CF311P14800,302.0,0.0,0.0,0.0,6,301.0,305.0,12,263.0,301.0,302.0,301.0,9.0,2709.0,27
2023-05-10 14:13:43,CF311P14800,CF311P14800,302.0,0.0,0.0,0.0,6,301.0,305.0,9,263.0,301.0,302.0,301.0,9.0,2709.0,27
2023-05-10 14:13:43,CF311P14800,CF311P14800,302.0,0.0,0.0,0.0,6,301.0,305.0,6,263.0,301.0,302.0,301.0,9.0,2709.0,27
2023-05-10 14:13:44,CF311P14800,CF311P14800,302.0,0.0,0.0,0.0,3,301.0,305.0,3,263.0,301.0,302.0,301.0,9.0,2709.0,27
2023-05-10 14:13:45,CF311P14800,CF311P14800,302.0,0.0,0.0,0.0,3,301.0,1215.0,1,263.0,301.0,302.0,301.0,9.0,2709.0,27
2023-05-10 14:13:45,CF311P14800,CF311P14800,302.0,0.0,0.0,0.0,3,301.0,1212.0,1,263.0,301.0,302.0,301.0,9.0,2709.0,27
2023-05-10 14:22:57,CF311P14800,CF311P14800,302.0,0.0,0.0,0.0,1,14.0,1212.0,1,263.0,301.0,302.0,301.0,9.0,2709.0,27
2023-05-10 14:22:57,CF311P14800,CF311P14800,302.0,0.0,0.0,0.0,2,30.0,1212.0,1,263.0,301.0,302.0,301.0,9.0,2709.0,27
2023-05-10 14:22:57,CF311P14800,CF311P14800,302.0,0.0,0.0,0.0,1,33.0,1212.0,1,263.0,301.0,302.0,301.0,9.0,2709.0,27
2023-05-10 14:22:58,CF311P14800,CF311P14800,302.0,0.0,0.0,0.0,2,49.0,1212.0,1,263.0,301.0,302.0,301.0,9.0,2709.0,27
2023-05-10 14:22:58,CF311P14800,CF311P14800,302.0,0.0,0.0,0.0,1,52.0,1212.0,1,263.0,301.0,302.0,301.0,9.0,2709.0,27
2023-05-10 14:22:59,CF311P14800,CF311P14800,302.0,0.0,0.0,0.0,2,68.0,1212.0,1,263.0,301.0,302.0,301.0,9.0,2709.0,27
2023-05-10 14:22:59,CF311P14800,CF311P14800,302.0,0.0,0.0,0.0,1,71.0,1212.0,1,263.0,301.0,302.0,301.0,9.0,2709.0,27
2023-05-10 14:23:00,CF311P14800,CF311P14800,302.0,0.0,0.0,0.0,2,87.0,1212.0,1,263.0,301.0,302.0,301.0,9.0,2709.0,27
2023-05-10 14:23:00,CF311P14800,CF311P14800,302.0,0.0,0.0,0.0,1,90.0,1212.0,1,263.0,301.0,302.0,301.0,9.0,2709.0,27
2023-05-10 14:23:01,CF311P14800,CF311P14800,302.0,0.0,0.0,0.0,2,106.0,1212.0,1,263.0,301.0,302.0,301.0,9.0,2709.0,27
2023-05-10 14:23:01,CF311P14800,CF311P14800,302.0,0.0,0.0,0.0,1,109.0,1212.0,1,263.0,301.0,302.0,301.0,9.0,2709.0,27
2023-05-10 14:23:02,CF311P14800,CF311P14800,302.0,0.0,0.0,0.0,2,125.0,1212.0,1,263.0,301.0,302.0,301.0,9.0,2709.0,27
2023-05-10 14:33:05,CF311P14800,CF311P14800,302.0,0.0,0.0,0.0,2,125.0,1211.0,1,263.0,301.0,302.0,301.0,9.0,2709.0,27
2023-05-10 14:33:05,CF311P14800,CF311P14800,302.0,0.0,0.0,0.0,2,125.0,1208.0,1,263.0,301.0,302.0,301.0,9.0,2709.0,27
2023-05-10 14:59:55,CF311P14800,CF311P14800,302.0,0.0,0.0,0.0,2,125.0,1211.0,1,263.0,301.0,302.0,301.0,9.0,2709.0,27
2023-05-10 14:59:55,CF311P14800,CF311P14800,302.0,0.0,0.0,0.0,2,125.0,1211.0,1,263.0,301.0,302.0,301.0,9.0,2709.0,27
