time,symbol_id,symbol_name,last,trade_volume,trade_amount,open_interest_change,bv1,bp1,ap1,av1,yesterday_close,today_open,today_high,today_low,volume,amount,open_interest
2023-05-09 19:10:58,CF401P16000,CF401P16000,897.0,0.0,0.0,-30.0,0,0.0,0.0,0,897.0,881.0,0.0,0.0,0.0,0.0,306
2023-05-09 20:59:00,CF401P16000,CF401P16000,897.0,0.0,0.0,0.0,19,260.0,0.0,0,897.0,881.0,0.0,0.0,0.0,0.0,306
2023-05-09 21:00:00,CF401P16000,CF401P16000,897.0,0.0,0.0,0.0,10,266.0,0.0,0,897.0,881.0,0.0,0.0,0.0,0.0,306
2023-05-09 21:00:01,CF401P16000,CF401P16000,897.0,0.0,0.0,0.0,12,584.0,1218.0,12,897.0,881.0,0.0,0.0,0.0,0.0,306
2023-05-09 21:00:02,CF401P16000,CF401P16000,897.0,0.0,0.0,0.0,12,584.0,1212.0,10,897.0,881.0,0.0,0.0,0.0,0.0,306
2023-05-09 21:00:02,CF401P16000,CF401P16000,897.0,0.0,0.0,0.0,10,590.0,1212.0,10,897.0,881.0,0.0,0.0,0.0,0.0,306
2023-05-09 21:00:03,CF401P16000,CF401P16000,897.0,0.0,0.0,0.0,10,590.0,1135.0,12,897.0,881.0,0.0,0.0,0.0,0.0,306
2023-05-09 21:00:04,CF401P16000,CF401P16000,897.0,0.0,0.0,0.0,10,591.0,1135.0,12,897.0,881.0,0.0,0.0,0.0,0.0,306
2023-05-09 21:00:04,CF401P16000,CF401P16000,897.0,0.0,0.0,0.0,10,596.0,1129.0,10,897.0,881.0,0.0,0.0,0.0,0.0,306
2023-05-09 21:00:05,CF401P16000,CF401P16000,897.0,0.0,0.0,0.0,12,673.0,1052.0,12,897.0,881.0,0.0,0.0,0.0,0.0,306
2023-05-09 21:00:05,CF401P16000,CF401P16000,897.0,0.0,0.0,0.0,10,679.0,1046.0,10,897.0,881.0,0.0,0.0,0.0,0.0,306
2023-05-09 21:00:05,CF401P16000,CF401P16000,897.0,0.0,0.0,0.0,12,673.0,1052.0,12,897.0,881.0,0.0,0.0,0.0,0.0,306
2023-05-09 21:00:05,CF401P16000,CF401P16000,897.0,0.0,0.0,0.0,10,679.0,1046.0,10,897.0,881.0,0.0,0.0,0.0,0.0,306
2023-05-09 21:00:06,CF401P16000,CF401P16000,897.0,0.0,0.0,0.0,12,756.0,969.0,12,897.0,881.0,0.0,0.0,0.0,0.0,306
2023-05-09 21:00:07,CF401P16000,CF401P16000,897.0,0.0,0.0,0.0,10,768.0,966.0,10,897.0,881.0,0.0,0.0,0.0,0.0,306
2023-05-09 21:00:07,CF401P16000,CF401P16000,897.0,0.0,0.0,0.0,10,775.0,966.0,10,897.0,881.0,0.0,0.0,0.0,0.0,306
2023-05-09 21:00:08,CF401P16000,CF401P16000,897.0,0.0,0.0,0.0,10,776.0,928.0,12,897.0,881.0,0.0,0.0,0.0,0.0,306
2023-05-09 21:00:08,CF401P16000,CF401P16000,897.0,0.0,0.0,0.0,10,782.0,928.0,12,897.0,881.0,0.0,0.0,0.0,0.0,306
2023-05-09 21:00:09,CF401P16000,CF401P16000,897.0,0.0,0.0,0.0,12,849.0,928.0,12,897.0,881.0,0.0,0.0,0.0,0.0,306
2023-05-09 21:00:09,CF401P16000,CF401P16000,897.0,0.0,0.0,0.0,10,850.0,928.0,12,897.0,881.0,0.0,0.0,0.0,0.0,306
2023-05-09 21:00:11,CF401P16000,CF401P16000,897.0,0.0,0.0,0.0,10,850.0,0.0,0,897.0,881.0,0.0,0.0,0.0,0.0,306
2023-05-09 21:00:11,CF401P16000,CF401P16000,897.0,0.0,0.0,0.0,2,851.0,0.0,0,897.0,881.0,0.0,0.0,0.0,0.0,306
2023-05-09 21:00:12,CF401P16000,CF401P16000,897.0,0.0,0.0,0.0,10,852.0,0.0,0,897.0,881.0,0.0,0.0,0.0,0.0,306
2023-05-09 21:00:14,CF401P16000,CF401P16000,897.0,0.0,0.0,0.0,10,852.0,1199.0,10,897.0,881.0,0.0,0.0,0.0,0.0,306
2023-05-09 21:00:15,CF401P16000,CF401P16000,897.0,0.0,0.0,0.0,10,852.0,1116.0,10,897.0,881.0,0.0,0.0,0.0,0.0,306
2023-05-09 21:00:16,CF401P16000,CF401P16000,897.0,0.0,0.0,0.0,10,852.0,1033.0,10,897.0,881.0,0.0,0.0,0.0,0.0,306
2023-05-09 21:00:16,CF401P16000,CF401P16000,897.0,0.0,0.0,0.0,10,852.0,956.0,2,897.0,881.0,0.0,0.0,0.0,0.0,306
2023-05-09 21:00:16,CF401P16000,CF401P16000,897.0,0.0,0.0,0.0,10,852.0,1033.0,10,897.0,881.0,0.0,0.0,0.0,0.0,306
2023-05-09 21:00:16,CF401P16000,CF401P16000,897.0,0.0,0.0,0.0,10,852.0,956.0,2,897.0,881.0,0.0,0.0,0.0,0.0,306
2023-05-09 21:00:48,CF401P16000,CF401P16000,897.0,0.0,0.0,0.0,10,852.0,1033.0,10,897.0,881.0,0.0,0.0,0.0,0.0,306
2023-05-09 21:00:50,CF401P16000,CF401P16000,897.0,0.0,0.0,0.0,10,852.0,956.0,1,897.0,881.0,0.0,0.0,0.0,0.0,306
2023-05-09 21:01:10,CF401P16000,CF401P16000,897.0,0.0,0.0,0.0,3,879.0,894.0,3,897.0,881.0,0.0,0.0,0.0,0.0,306
2023-05-09 21:01:14,CF401P16000,CF401P16000,897.0,0.0,0.0,0.0,3,883.0,894.0,3,897.0,881.0,0.0,0.0,0.0,0.0,306
2023-05-09 21:01:17,CF401P16000,CF401P16000,897.0,0.0,0.0,0.0,3,883.0,956.0,1,897.0,881.0,0.0,0.0,0.0,0.0,306
2023-05-09 21:01:19,CF401P16000,CF401P16000,897.0,0.0,0.0,0.0,3,883.0,901.0,3,897.0,881.0,0.0,0.0,0.0,0.0,306
2023-05-09 21:01:22,CF401P16000,CF401P16000,897.0,0.0,0.0,0.0,3,886.0,901.0,3,897.0,881.0,0.0,0.0,0.0,0.0,306
2023-05-09 21:01:30,CF401P16000,CF401P16000,897.0,0.0,0.0,0.0,3,890.0,901.0,3,897.0,881.0,0.0,0.0,0.0,0.0,306
2023-05-09 21:01:32,CF401P16000,CF401P16000,897.0,0.0,0.0,0.0,3,886.0,897.0,3,897.0,881.0,0.0,0.0,0.0,0.0,306
2023-05-09 21:01:33,CF401P16000,CF401P16000,897.0,0.0,0.0,0.0,10,848.0,897.0,3,897.0,881.0,0.0,0.0,0.0,0.0,306
2023-05-09 21:01:33,CF401P16000,CF401P16000,897.0,0.0,0.0,0.0,3,879.0,897.0,3,897.0,881.0,0.0,0.0,0.0,0.0,306
2023-05-09 21:01:43,CF401P16000,CF401P16000,897.0,0.0,0.0,0.0,3,879.0,894.0,3,897.0,881.0,0.0,0.0,0.0,0.0,306
2023-05-09 21:02:26,CF401P16000,CF401P16000,897.0,0.0,0.0,0.0,3,879.0,891.0,3,897.0,881.0,0.0,0.0,0.0,0.0,306
2023-05-09 21:02:30,CF401P16000,CF401P16000,897.0,0.0,0.0,0.0,3,872.0,887.0,3,897.0,881.0,0.0,0.0,0.0,0.0,306
2023-05-09 21:02:38,CF401P16000,CF401P16000,897.0,0.0,0.0,0.0,3,872.0,884.0,3,897.0,881.0,0.0,0.0,0.0,0.0,306
2023-05-09 21:03:10,CF401P16000,CF401P16000,897.0,0.0,0.0,0.0,10,860.0,884.0,3,897.0,881.0,0.0,0.0,0.0,0.0,306
2023-05-09 21:03:11,CF401P16000,CF401P16000,897.0,0.0,0.0,0.0,3,866.0,884.0,3,897.0,881.0,0.0,0.0,0.0,0.0,306
2023-05-09 21:03:13,CF401P16000,CF401P16000,897.0,0.0,0.0,0.0,3,866.0,880.0,3,897.0,881.0,0.0,0.0,0.0,0.0,306
2023-05-09 21:03:26,CF401P16000,CF401P16000,897.0,0.0,0.0,0.0,3,866.0,876.0,3,897.0,881.0,0.0,0.0,0.0,0.0,306
2023-05-09 21:03:39,CF401P16000,CF401P16000,897.0,0.0,0.0,0.0,3,859.0,876.0,3,897.0,881.0,0.0,0.0,0.0,0.0,306
2023-05-09 21:03:40,CF401P16000,CF401P16000,897.0,0.0,0.0,0.0,3,863.0,876.0,3,897.0,881.0,0.0,0.0,0.0,0.0,306
2023-05-09 21:03:55,CF401P16000,CF401P16000,897.0,0.0,0.0,0.0,3,867.0,876.0,3,897.0,881.0,0.0,0.0,0.0,0.0,306
2023-05-09 21:03:59,CF401P16000,CF401P16000,897.0,0.0,0.0,0.0,3,867.0,880.0,3,897.0,881.0,0.0,0.0,0.0,0.0,306
2023-05-09 21:04:14,CF401P16000,CF401P16000,897.0,0.0,0.0,0.0,3,867.0,877.0,10,897.0,881.0,0.0,0.0,0.0,0.0,306
2023-05-09 21:04:23,CF401P16000,CF401P16000,897.0,0.0,0.0,0.0,3,867.0,880.0,13,897.0,881.0,0.0,0.0,0.0,0.0,306
2023-05-09 21:04:34,CF401P16000,CF401P16000,897.0,0.0,0.0,0.0,3,867.0,877.0,10,897.0,881.0,0.0,0.0,0.0,0.0,306
2023-05-09 21:04:42,CF401P16000,CF401P16000,897.0,0.0,0.0,0.0,3,867.0,880.0,13,897.0,881.0,0.0,0.0,0.0,0.0,306
2023-05-09 21:04:43,CF401P16000,CF401P16000,897.0,0.0,0.0,0.0,13,867.0,880.0,13,897.0,881.0,0.0,0.0,0.0,0.0,306
2023-05-09 21:04:49,CF401P16000,CF401P16000,897.0,0.0,0.0,0.0,3,867.0,880.0,13,897.0,881.0,0.0,0.0,0.0,0.0,306
2023-05-09 21:04:52,CF401P16000,CF401P16000,897.0,0.0,0.0,0.0,13,867.0,880.0,13,897.0,881.0,0.0,0.0,0.0,0.0,306
2023-05-09 21:05:01,CF401P16000,CF401P16000,897.0,0.0,0.0,0.0,13,867.0,880.0,3,897.0,881.0,0.0,0.0,0.0,0.0,306
2023-05-09 21:05:01,CF401P16000,CF401P16000,897.0,0.0,0.0,0.0,3,871.0,880.0,3,897.0,881.0,0.0,0.0,0.0,0.0,306
2023-05-09 21:05:03,CF401P16000,CF401P16000,897.0,0.0,0.0,0.0,13,871.0,880.0,3,897.0,881.0,0.0,0.0,0.0,0.0,306
2023-05-09 21:05:04,CF401P16000,CF401P16000,897.0,0.0,0.0,0.0,13,871.0,882.0,10,897.0,881.0,0.0,0.0,0.0,0.0,306
2023-05-09 21:05:05,CF401P16000,CF401P16000,897.0,0.0,0.0,0.0,13,871.0,885.0,10,897.0,881.0,0.0,0.0,0.0,0.0,306
2023-05-09 21:05:05,CF401P16000,CF401P16000,897.0,0.0,0.0,0.0,10,872.0,885.0,10,897.0,881.0,0.0,0.0,0.0,0.0,306
2023-05-09 21:05:05,CF401P16000,CF401P16000,897.0,0.0,0.0,0.0,13,871.0,885.0,10,897.0,881.0,0.0,0.0,0.0,0.0,306
2023-05-09 21:05:05,CF401P16000,CF401P16000,897.0,0.0,0.0,0.0,10,872.0,885.0,10,897.0,881.0,0.0,0.0,0.0,0.0,306
2023-05-09 21:05:05,CF401P16000,CF401P16000,897.0,0.0,0.0,0.0,13,871.0,885.0,10,897.0,881.0,0.0,0.0,0.0,0.0,306
2023-05-09 21:05:07,CF401P16000,CF401P16000,897.0,0.0,0.0,0.0,10,872.0,885.0,10,897.0,881.0,0.0,0.0,0.0,0.0,306
2023-05-09 21:05:08,CF401P16000,CF401P16000,897.0,0.0,0.0,0.0,3,875.0,885.0,10,897.0,881.0,0.0,0.0,0.0,0.0,306
2023-05-09 21:05:09,CF401P16000,CF401P16000,897.0,0.0,0.0,0.0,13,875.0,885.0,10,897.0,881.0,0.0,0.0,0.0,0.0,306
2023-05-09 21:05:09,CF401P16000,CF401P16000,897.0,0.0,0.0,0.0,13,875.0,887.0,3,897.0,881.0,0.0,0.0,0.0,0.0,306
2023-05-09 21:05:12,CF401P16000,CF401P16000,897.0,0.0,0.0,0.0,23,875.0,887.0,3,897.0,881.0,0.0,0.0,0.0,0.0,306
2023-05-09 21:05:12,CF401P16000,CF401P16000,897.0,0.0,0.0,0.0,13,875.0,887.0,3,897.0,881.0,0.0,0.0,0.0,0.0,306
2023-05-09 21:05:16,CF401P16000,CF401P16000,897.0,0.0,0.0,0.0,13,875.0,885.0,10,897.0,881.0,0.0,0.0,0.0,0.0,306
2023-05-09 21:05:16,CF401P16000,CF401P16000,897.0,0.0,0.0,0.0,23,875.0,885.0,10,897.0,881.0,0.0,0.0,0.0,0.0,306
2023-05-09 21:05:20,CF401P16000,CF401P16000,897.0,0.0,0.0,0.0,13,875.0,885.0,10,897.0,881.0,0.0,0.0,0.0,0.0,306
2023-05-09 21:05:21,CF401P16000,CF401P16000,897.0,0.0,0.0,0.0,3,875.0,885.0,10,897.0,881.0,0.0,0.0,0.0,0.0,306
2023-05-09 21:05:32,CF401P16000,CF401P16000,897.0,0.0,0.0,0.0,3,875.0,886.0,20,897.0,881.0,0.0,0.0,0.0,0.0,306
2023-05-09 21:05:33,CF401P16000,CF401P16000,897.0,0.0,0.0,0.0,10,876.0,887.0,3,897.0,881.0,0.0,0.0,0.0,0.0,306
2023-05-09 21:05:33,CF401P16000,CF401P16000,897.0,0.0,0.0,0.0,10,877.0,890.0,10,897.0,881.0,0.0,0.0,0.0,0.0,306
2023-05-09 21:05:33,CF401P16000,CF401P16000,897.0,0.0,0.0,0.0,10,876.0,890.0,10,897.0,881.0,0.0,0.0,0.0,0.0,306
2023-05-09 21:05:36,CF401P16000,CF401P16000,897.0,0.0,0.0,0.0,10,880.0,890.0,10,897.0,881.0,0.0,0.0,0.0,0.0,306
2023-05-09 21:05:45,CF401P16000,CF401P16000,897.0,0.0,0.0,0.0,10,880.0,892.0,23,897.0,881.0,0.0,0.0,0.0,0.0,306
2023-05-09 21:05:45,CF401P16000,CF401P16000,897.0,0.0,0.0,0.0,20,880.0,892.0,13,897.0,881.0,0.0,0.0,0.0,0.0,306
2023-05-09 21:05:46,CF401P16000,CF401P16000,897.0,0.0,0.0,0.0,10,880.0,892.0,13,897.0,881.0,0.0,0.0,0.0,0.0,306
2023-05-09 21:05:47,CF401P16000,CF401P16000,897.0,0.0,0.0,0.0,10,881.0,892.0,3,897.0,881.0,0.0,0.0,0.0,0.0,306
2023-05-09 21:05:49,CF401P16000,CF401P16000,897.0,0.0,0.0,0.0,10,882.0,892.0,3,897.0,881.0,0.0,0.0,0.0,0.0,306
2023-05-09 21:05:49,CF401P16000,CF401P16000,897.0,0.0,0.0,0.0,10,883.0,892.0,3,897.0,881.0,0.0,0.0,0.0,0.0,306
2023-05-09 21:05:50,CF401P16000,CF401P16000,897.0,0.0,0.0,0.0,10,883.0,896.0,10,897.0,881.0,0.0,0.0,0.0,0.0,306
2023-05-09 21:05:50,CF401P16000,CF401P16000,897.0,0.0,0.0,0.0,10,882.0,896.0,10,897.0,881.0,0.0,0.0,0.0,0.0,306
2023-05-09 21:05:51,CF401P16000,CF401P16000,897.0,0.0,0.0,0.0,20,882.0,896.0,10,897.0,881.0,0.0,0.0,0.0,0.0,306
2023-05-09 21:05:52,CF401P16000,CF401P16000,897.0,0.0,0.0,0.0,20,882.0,896.0,13,897.0,881.0,0.0,0.0,0.0,0.0,306
2023-05-09 21:05:52,CF401P16000,CF401P16000,897.0,0.0,0.0,0.0,10,882.0,896.0,13,897.0,881.0,0.0,0.0,0.0,0.0,306
2023-05-09 21:05:53,CF401P16000,CF401P16000,897.0,0.0,0.0,0.0,10,882.0,893.0,10,897.0,881.0,0.0,0.0,0.0,0.0,306
2023-05-09 21:05:54,CF401P16000,CF401P16000,897.0,0.0,0.0,0.0,13,879.0,893.0,10,897.0,881.0,0.0,0.0,0.0,0.0,306
2023-05-09 21:05:55,CF401P16000,CF401P16000,897.0,0.0,0.0,0.0,23,879.0,893.0,10,897.0,881.0,0.0,0.0,0.0,0.0,306
2023-05-09 21:05:56,CF401P16000,CF401P16000,897.0,0.0,0.0,0.0,13,879.0,890.0,10,897.0,881.0,0.0,0.0,0.0,0.0,306
2023-05-09 21:06:05,CF401P16000,CF401P16000,897.0,0.0,0.0,0.0,13,879.0,888.0,10,897.0,881.0,0.0,0.0,0.0,0.0,306
2023-05-09 21:06:11,CF401P16000,CF401P16000,897.0,0.0,0.0,0.0,3,879.0,888.0,10,897.0,881.0,0.0,0.0,0.0,0.0,306
2023-05-09 21:06:20,CF401P16000,CF401P16000,897.0,0.0,0.0,0.0,3,879.0,890.0,10,897.0,881.0,0.0,0.0,0.0,0.0,306
2023-05-09 21:06:21,CF401P16000,CF401P16000,897.0,0.0,0.0,0.0,3,879.0,892.0,13,897.0,881.0,0.0,0.0,0.0,0.0,306
2023-05-09 21:06:21,CF401P16000,CF401P16000,897.0,0.0,0.0,0.0,10,880.0,892.0,3,897.0,881.0,0.0,0.0,0.0,0.0,306
2023-05-09 21:06:21,CF401P16000,CF401P16000,897.0,0.0,0.0,0.0,3,879.0,892.0,13,897.0,881.0,0.0,0.0,0.0,0.0,306
2023-05-09 21:06:21,CF401P16000,CF401P16000,897.0,0.0,0.0,0.0,10,880.0,892.0,3,897.0,881.0,0.0,0.0,0.0,0.0,306
2023-05-09 21:06:30,CF401P16000,CF401P16000,897.0,0.0,0.0,0.0,10,881.0,892.0,3,897.0,881.0,0.0,0.0,0.0,0.0,306
2023-05-09 21:06:30,CF401P16000,CF401P16000,897.0,0.0,0.0,0.0,10,884.0,892.0,3,897.0,881.0,0.0,0.0,0.0,0.0,306
2023-05-09 21:06:39,CF401P16000,CF401P16000,897.0,0.0,0.0,0.0,10,884.0,896.0,3,897.0,881.0,0.0,0.0,0.0,0.0,306
2023-05-09 21:06:40,CF401P16000,CF401P16000,897.0,0.0,0.0,0.0,10,885.0,896.0,3,897.0,881.0,0.0,0.0,0.0,0.0,306
2023-05-09 21:06:43,CF401P16000,CF401P16000,897.0,0.0,0.0,0.0,10,889.0,896.0,3,897.0,881.0,0.0,0.0,0.0,0.0,306
2023-05-09 21:06:45,CF401P16000,CF401P16000,897.0,0.0,0.0,0.0,10,889.0,899.0,10,897.0,881.0,0.0,0.0,0.0,0.0,306
2023-05-09 21:06:45,CF401P16000,CF401P16000,897.0,0.0,0.0,0.0,10,889.0,901.0,10,897.0,881.0,0.0,0.0,0.0,0.0,306
2023-05-09 21:06:48,CF401P16000,CF401P16000,897.0,0.0,0.0,0.0,10,890.0,901.0,10,897.0,881.0,0.0,0.0,0.0,0.0,306
2023-05-09 21:06:50,CF401P16000,CF401P16000,897.0,0.0,0.0,0.0,3,891.0,901.0,10,897.0,881.0,0.0,0.0,0.0,0.0,306
2023-05-09 21:06:52,CF401P16000,CF401P16000,897.0,0.0,0.0,0.0,10,894.0,901.0,10,897.0,881.0,0.0,0.0,0.0,0.0,306
2023-05-09 21:06:53,CF401P16000,CF401P16000,897.0,0.0,0.0,0.0,10,894.0,903.0,3,897.0,881.0,0.0,0.0,0.0,0.0,306
2023-05-09 21:06:54,CF401P16000,CF401P16000,897.0,0.0,0.0,0.0,3,891.0,902.0,10,897.0,881.0,0.0,0.0,0.0,0.0,306
2023-05-09 21:06:57,CF401P16000,CF401P16000,897.0,0.0,0.0,0.0,10,894.0,902.0,10,897.0,881.0,0.0,0.0,0.0,0.0,306
2023-05-09 21:06:59,CF401P16000,CF401P16000,897.0,0.0,0.0,0.0,3,895.0,902.0,10,897.0,881.0,0.0,0.0,0.0,0.0,306
2023-05-09 21:07:00,CF401P16000,CF401P16000,897.0,0.0,0.0,0.0,3,895.0,906.0,20,897.0,881.0,0.0,0.0,0.0,0.0,306
2023-05-09 21:07:01,CF401P16000,CF401P16000,897.0,0.0,0.0,0.0,3,895.0,906.0,10,897.0,881.0,0.0,0.0,0.0,0.0,306
2023-05-09 21:07:02,CF401P16000,CF401P16000,897.0,0.0,0.0,0.0,13,895.0,908.0,3,897.0,881.0,0.0,0.0,0.0,0.0,306
2023-05-09 21:07:02,CF401P16000,CF401P16000,897.0,0.0,0.0,0.0,10,896.0,908.0,3,897.0,881.0,0.0,0.0,0.0,0.0,306
2023-05-09 21:07:04,CF401P16000,CF401P16000,897.0,0.0,0.0,0.0,3,895.0,908.0,3,897.0,881.0,0.0,0.0,0.0,0.0,306
2023-05-09 21:07:08,CF401P16000,CF401P16000,897.0,0.0,0.0,0.0,10,899.0,908.0,3,897.0,881.0,0.0,0.0,0.0,0.0,306
2023-05-09 21:07:10,CF401P16000,CF401P16000,897.0,0.0,0.0,0.0,13,899.0,908.0,3,897.0,881.0,0.0,0.0,0.0,0.0,306
2023-05-09 21:07:11,CF401P16000,CF401P16000,897.0,0.0,0.0,0.0,13,899.0,909.0,10,897.0,881.0,0.0,0.0,0.0,0.0,306
2023-05-09 21:07:35,CF401P16000,CF401P16000,897.0,0.0,0.0,0.0,3,895.0,907.0,3,897.0,881.0,0.0,0.0,0.0,0.0,306
2023-05-09 21:07:36,CF401P16000,CF401P16000,897.0,0.0,0.0,0.0,3,895.0,907.0,13,897.0,881.0,0.0,0.0,0.0,0.0,306
2023-05-09 21:07:36,CF401P16000,CF401P16000,897.0,0.0,0.0,0.0,3,895.0,907.0,3,897.0,881.0,0.0,0.0,0.0,0.0,306
2023-05-09 21:07:37,CF401P16000,CF401P16000,897.0,0.0,0.0,0.0,3,895.0,905.0,10,897.0,881.0,0.0,0.0,0.0,0.0,306
2023-05-09 21:07:38,CF401P16000,CF401P16000,897.0,0.0,0.0,0.0,3,895.0,905.0,20,897.0,881.0,0.0,0.0,0.0,0.0,306
2023-05-09 21:08:02,CF401P16000,CF401P16000,897.0,0.0,0.0,0.0,10,889.0,903.0,13,897.0,881.0,0.0,0.0,0.0,0.0,306
2023-05-09 21:08:04,CF401P16000,CF401P16000,897.0,0.0,0.0,0.0,3,888.0,901.0,20,897.0,881.0,0.0,0.0,0.0,0.0,306
2023-05-09 21:08:09,CF401P16000,CF401P16000,897.0,0.0,0.0,0.0,3,888.0,901.0,10,897.0,881.0,0.0,0.0,0.0,0.0,306
2023-05-09 21:08:12,CF401P16000,CF401P16000,897.0,0.0,0.0,0.0,3,888.0,903.0,23,897.0,881.0,0.0,0.0,0.0,0.0,306
2023-05-09 21:08:13,CF401P16000,CF401P16000,897.0,0.0,0.0,0.0,3,888.0,903.0,13,897.0,881.0,0.0,0.0,0.0,0.0,306
2023-05-09 21:08:18,CF401P16000,CF401P16000,897.0,0.0,0.0,0.0,3,888.0,903.0,23,897.0,881.0,0.0,0.0,0.0,0.0,306
2023-05-09 21:08:18,CF401P16000,CF401P16000,897.0,0.0,0.0,0.0,3,888.0,901.0,20,897.0,881.0,0.0,0.0,0.0,0.0,306
2023-05-09 21:08:24,CF401P16000,CF401P16000,897.0,0.0,0.0,0.0,3,888.0,901.0,10,897.0,881.0,0.0,0.0,0.0,0.0,306
2023-05-09 21:08:31,CF401P16000,CF401P16000,897.0,0.0,0.0,0.0,10,889.0,901.0,10,897.0,881.0,0.0,0.0,0.0,0.0,306
2023-05-09 21:08:50,CF401P16000,CF401P16000,897.0,0.0,0.0,0.0,3,893.0,903.0,3,897.0,881.0,0.0,0.0,0.0,0.0,306
2023-05-09 21:08:51,CF401P16000,CF401P16000,897.0,0.0,0.0,0.0,13,893.0,903.0,3,897.0,881.0,0.0,0.0,0.0,0.0,306
2023-05-09 21:09:00,CF401P16000,CF401P16000,897.0,0.0,0.0,0.0,3,893.0,903.0,3,897.0,881.0,0.0,0.0,0.0,0.0,306
2023-05-09 21:09:00,CF401P16000,CF401P16000,897.0,0.0,0.0,0.0,3,893.0,901.0,10,897.0,881.0,0.0,0.0,0.0,0.0,306
2023-05-09 21:09:03,CF401P16000,CF401P16000,897.0,0.0,0.0,0.0,3,893.0,897.0,10,897.0,881.0,0.0,0.0,0.0,0.0,306
2023-05-09 21:09:05,CF401P16000,CF401P16000,897.0,0.0,0.0,0.0,3,893.0,895.0,10,897.0,881.0,0.0,0.0,0.0,0.0,306
2023-05-09 21:09:06,CF401P16000,CF401P16000,897.0,0.0,0.0,0.0,3,888.0,895.0,10,897.0,881.0,0.0,0.0,0.0,0.0,306
2023-05-09 21:09:22,CF401P16000,CF401P16000,897.0,0.0,0.0,0.0,3,888.0,896.0,10,897.0,881.0,0.0,0.0,0.0,0.0,306
2023-05-09 21:09:35,CF401P16000,CF401P16000,897.0,0.0,0.0,0.0,3,888.0,894.0,10,897.0,881.0,0.0,0.0,0.0,0.0,306
2023-05-09 21:09:39,CF401P16000,CF401P16000,897.0,0.0,0.0,0.0,3,888.0,896.0,10,897.0,881.0,0.0,0.0,0.0,0.0,306
2023-05-09 21:09:43,CF401P16000,CF401P16000,897.0,0.0,0.0,0.0,3,888.0,894.0,10,897.0,881.0,0.0,0.0,0.0,0.0,306
2023-05-09 21:09:52,CF401P16000,CF401P16000,897.0,0.0,0.0,0.0,3,888.0,896.0,10,897.0,881.0,0.0,0.0,0.0,0.0,306
2023-05-09 21:10:11,CF401P16000,CF401P16000,897.0,0.0,0.0,0.0,3,888.0,894.0,10,897.0,881.0,0.0,0.0,0.0,0.0,306
2023-05-09 21:10:11,CF401P16000,CF401P16000,897.0,0.0,0.0,0.0,10,883.0,893.0,10,897.0,881.0,0.0,0.0,0.0,0.0,306
2023-05-09 21:10:12,CF401P16000,CF401P16000,897.0,0.0,0.0,0.0,10,884.0,893.0,10,897.0,881.0,0.0,0.0,0.0,0.0,306
2023-05-09 21:10:23,CF401P16000,CF401P16000,897.0,0.0,0.0,0.0,10,883.0,893.0,10,897.0,881.0,0.0,0.0,0.0,0.0,306
2023-05-09 21:10:23,CF401P16000,CF401P16000,897.0,0.0,0.0,0.0,20,883.0,893.0,10,897.0,881.0,0.0,0.0,0.0,0.0,306
2023-05-09 21:10:26,CF401P16000,CF401P16000,897.0,0.0,0.0,0.0,10,883.0,890.0,10,897.0,881.0,0.0,0.0,0.0,0.0,306
2023-05-09 21:10:26,CF401P16000,CF401P16000,897.0,0.0,0.0,0.0,10,883.0,892.0,10,897.0,881.0,0.0,0.0,0.0,0.0,306
2023-05-09 21:10:28,CF401P16000,CF401P16000,897.0,0.0,0.0,0.0,20,883.0,892.0,10,897.0,881.0,0.0,0.0,0.0,0.0,306
2023-05-09 21:10:31,CF401P16000,CF401P16000,897.0,0.0,0.0,0.0,10,883.0,892.0,10,897.0,881.0,0.0,0.0,0.0,0.0,306
2023-05-09 21:10:32,CF401P16000,CF401P16000,897.0,0.0,0.0,0.0,10,884.0,892.0,10,897.0,881.0,0.0,0.0,0.0,0.0,306
2023-05-09 21:10:36,CF401P16000,CF401P16000,897.0,0.0,0.0,0.0,20,883.0,892.0,10,897.0,881.0,0.0,0.0,0.0,0.0,306
2023-05-09 21:10:36,CF401P16000,CF401P16000,897.0,0.0,0.0,0.0,10,883.0,892.0,10,897.0,881.0,0.0,0.0,0.0,0.0,306
2023-05-09 21:10:37,CF401P16000,CF401P16000,897.0,0.0,0.0,0.0,20,883.0,892.0,10,897.0,881.0,0.0,0.0,0.0,0.0,306
2023-05-09 21:10:41,CF401P16000,CF401P16000,897.0,0.0,0.0,0.0,10,883.0,890.0,10,897.0,881.0,0.0,0.0,0.0,0.0,306
2023-05-09 21:10:44,CF401P16000,CF401P16000,897.0,0.0,0.0,0.0,10,883.0,892.0,10,897.0,881.0,0.0,0.0,0.0,0.0,306
2023-05-09 21:10:45,CF401P16000,CF401P16000,897.0,0.0,0.0,0.0,20,883.0,892.0,10,897.0,881.0,0.0,0.0,0.0,0.0,306
2023-05-09 21:10:47,CF401P16000,CF401P16000,897.0,0.0,0.0,0.0,10,883.0,892.0,10,897.0,881.0,0.0,0.0,0.0,0.0,306
2023-05-09 21:10:48,CF401P16000,CF401P16000,897.0,0.0,0.0,0.0,20,883.0,892.0,10,897.0,881.0,0.0,0.0,0.0,0.0,306
2023-05-09 21:10:49,CF401P16000,CF401P16000,897.0,0.0,0.0,0.0,10,883.0,892.0,10,897.0,881.0,0.0,0.0,0.0,0.0,306
2023-05-09 21:10:50,CF401P16000,CF401P16000,897.0,0.0,0.0,0.0,20,883.0,892.0,10,897.0,881.0,0.0,0.0,0.0,0.0,306
2023-05-09 21:10:50,CF401P16000,CF401P16000,897.0,0.0,0.0,0.0,10,883.0,892.0,10,897.0,881.0,0.0,0.0,0.0,0.0,306
2023-05-09 21:10:56,CF401P16000,CF401P16000,897.0,0.0,0.0,0.0,20,883.0,892.0,10,897.0,881.0,0.0,0.0,0.0,0.0,306
2023-05-09 21:10:57,CF401P16000,CF401P16000,897.0,0.0,0.0,0.0,10,883.0,892.0,10,897.0,881.0,0.0,0.0,0.0,0.0,306
2023-05-09 21:10:57,CF401P16000,CF401P16000,897.0,0.0,0.0,0.0,20,883.0,892.0,10,897.0,881.0,0.0,0.0,0.0,0.0,306
2023-05-09 21:10:58,CF401P16000,CF401P16000,897.0,0.0,0.0,0.0,10,883.0,892.0,10,897.0,881.0,0.0,0.0,0.0,0.0,306
2023-05-09 21:11:06,CF401P16000,CF401P16000,897.0,0.0,0.0,0.0,10,883.0,890.0,10,897.0,881.0,0.0,0.0,0.0,0.0,306
2023-05-09 21:11:08,CF401P16000,CF401P16000,897.0,0.0,0.0,0.0,3,881.0,890.0,10,897.0,881.0,0.0,0.0,0.0,0.0,306
2023-05-09 21:11:20,CF401P16000,CF401P16000,897.0,0.0,0.0,0.0,3,881.0,888.0,10,897.0,881.0,0.0,0.0,0.0,0.0,306
2023-05-09 21:11:30,CF401P16000,CF401P16000,897.0,0.0,0.0,0.0,3,881.0,889.0,10,897.0,881.0,0.0,0.0,0.0,0.0,306
2023-05-09 21:11:31,CF401P16000,CF401P16000,897.0,0.0,0.0,0.0,3,881.0,890.0,10,897.0,881.0,0.0,0.0,0.0,0.0,306
2023-05-09 21:11:43,CF401P16000,CF401P16000,897.0,0.0,0.0,0.0,13,881.0,892.0,10,897.0,881.0,0.0,0.0,0.0,0.0,306
2023-05-09 21:11:45,CF401P16000,CF401P16000,897.0,0.0,0.0,0.0,10,882.0,892.0,10,897.0,881.0,0.0,0.0,0.0,0.0,306
2023-05-09 21:11:47,CF401P16000,CF401P16000,897.0,0.0,0.0,0.0,13,881.0,891.0,10,897.0,881.0,0.0,0.0,0.0,0.0,306
2023-05-09 21:11:57,CF401P16000,CF401P16000,897.0,0.0,0.0,0.0,3,881.0,890.0,10,897.0,881.0,0.0,0.0,0.0,0.0,306
2023-05-09 21:12:02,CF401P16000,CF401P16000,897.0,0.0,0.0,0.0,3,881.0,888.0,10,897.0,881.0,0.0,0.0,0.0,0.0,306
2023-05-09 21:12:04,CF401P16000,CF401P16000,897.0,0.0,0.0,0.0,3,881.0,890.0,10,897.0,881.0,0.0,0.0,0.0,0.0,306
2023-05-09 21:12:04,CF401P16000,CF401P16000,897.0,0.0,0.0,0.0,13,881.0,890.0,10,897.0,881.0,0.0,0.0,0.0,0.0,306
2023-05-09 21:12:05,CF401P16000,CF401P16000,897.0,0.0,0.0,0.0,23,881.0,890.0,10,897.0,881.0,0.0,0.0,0.0,0.0,306
2023-05-09 21:12:08,CF401P16000,CF401P16000,897.0,0.0,0.0,0.0,13,881.0,890.0,10,897.0,881.0,0.0,0.0,0.0,0.0,306
2023-05-09 21:12:08,CF401P16000,CF401P16000,897.0,0.0,0.0,0.0,23,881.0,890.0,10,897.0,881.0,0.0,0.0,0.0,0.0,306
2023-05-09 21:12:10,CF401P16000,CF401P16000,897.0,0.0,0.0,0.0,13,881.0,890.0,10,897.0,881.0,0.0,0.0,0.0,0.0,306
2023-05-09 21:12:19,CF401P16000,CF401P16000,897.0,0.0,0.0,0.0,3,881.0,888.0,10,897.0,881.0,0.0,0.0,0.0,0.0,306
2023-05-09 21:12:45,CF401P16000,CF401P16000,897.0,0.0,0.0,0.0,13,881.0,888.0,10,897.0,881.0,0.0,0.0,0.0,0.0,306
2023-05-09 21:12:45,CF401P16000,CF401P16000,897.0,0.0,0.0,0.0,3,881.0,888.0,10,897.0,881.0,0.0,0.0,0.0,0.0,306
2023-05-09 21:12:45,CF401P16000,CF401P16000,897.0,0.0,0.0,0.0,13,881.0,888.0,10,897.0,881.0,0.0,0.0,0.0,0.0,306
2023-05-09 21:12:49,CF401P16000,CF401P16000,897.0,0.0,0.0,0.0,3,881.0,888.0,10,897.0,881.0,0.0,0.0,0.0,0.0,306
2023-05-09 21:12:54,CF401P16000,CF401P16000,897.0,0.0,0.0,0.0,10,883.0,888.0,10,897.0,881.0,0.0,0.0,0.0,0.0,306
2023-05-09 21:13:00,CF401P16000,CF401P16000,897.0,0.0,0.0,0.0,10,883.0,890.0,10,897.0,881.0,0.0,0.0,0.0,0.0,306
2023-05-09 21:13:00,CF401P16000,CF401P16000,897.0,0.0,0.0,0.0,10,886.0,890.0,10,897.0,881.0,0.0,0.0,0.0,0.0,306
2023-05-09 21:13:05,CF401P16000,CF401P16000,897.0,0.0,0.0,0.0,10,888.0,892.0,10,897.0,881.0,0.0,0.0,0.0,0.0,306
2023-05-09 21:13:08,CF401P16000,CF401P16000,897.0,0.0,0.0,0.0,10,886.0,890.0,10,897.0,881.0,0.0,0.0,0.0,0.0,306
2023-05-09 21:13:08,CF401P16000,CF401P16000,897.0,0.0,0.0,0.0,10,883.0,890.0,10,897.0,881.0,0.0,0.0,0.0,0.0,306
2023-05-09 21:13:13,CF401P16000,CF401P16000,897.0,0.0,0.0,0.0,10,886.0,890.0,10,897.0,881.0,0.0,0.0,0.0,0.0,306
2023-05-09 21:13:16,CF401P16000,CF401P16000,897.0,0.0,0.0,0.0,20,884.0,890.0,10,897.0,881.0,0.0,0.0,0.0,0.0,306
2023-05-09 21:13:17,CF401P16000,CF401P16000,897.0,0.0,0.0,0.0,10,884.0,890.0,10,897.0,881.0,0.0,0.0,0.0,0.0,306
2023-05-09 21:13:24,CF401P16000,CF401P16000,897.0,0.0,0.0,0.0,23,881.0,890.0,10,897.0,881.0,0.0,0.0,0.0,0.0,306
2023-05-09 21:13:34,CF401P16000,CF401P16000,881.0,1.0,881.0,1.0,22,881.0,890.0,10,897.0,881.0,881.0,881.0,1.0,881.0,307
2023-05-09 21:13:37,CF401P16000,CF401P16000,881.0,0.0,0.0,0.0,22,881.0,888.0,10,897.0,881.0,881.0,881.0,1.0,881.0,307
2023-05-09 21:13:41,CF401P16000,CF401P16000,881.0,0.0,0.0,0.0,22,881.0,890.0,10,897.0,881.0,881.0,881.0,1.0,881.0,307
2023-05-09 21:13:54,CF401P16000,CF401P16000,881.0,0.0,0.0,0.0,10,883.0,890.0,10,897.0,881.0,881.0,881.0,1.0,881.0,307
2023-05-09 21:13:56,CF401P16000,CF401P16000,881.0,0.0,0.0,0.0,10,884.0,890.0,10,897.0,881.0,881.0,881.0,1.0,881.0,307
2023-05-09 21:13:57,CF401P16000,CF401P16000,881.0,0.0,0.0,0.0,10,883.0,890.0,10,897.0,881.0,881.0,881.0,1.0,881.0,307
2023-05-09 21:14:05,CF401P16000,CF401P16000,881.0,0.0,0.0,0.0,10,882.0,890.0,10,897.0,881.0,881.0,881.0,1.0,881.0,307
2023-05-09 21:14:09,CF401P16000,CF401P16000,881.0,0.0,0.0,0.0,10,882.0,888.0,10,897.0,881.0,881.0,881.0,1.0,881.0,307
2023-05-09 21:14:11,CF401P16000,CF401P16000,881.0,0.0,0.0,0.0,2,881.0,888.0,10,897.0,881.0,881.0,881.0,1.0,881.0,307
2023-05-09 21:14:13,CF401P16000,CF401P16000,881.0,0.0,0.0,0.0,12,881.0,888.0,10,897.0,881.0,881.0,881.0,1.0,881.0,307
2023-05-09 21:14:15,CF401P16000,CF401P16000,881.0,0.0,0.0,0.0,2,881.0,888.0,10,897.0,881.0,881.0,881.0,1.0,881.0,307
2023-05-09 21:14:16,CF401P16000,CF401P16000,881.0,0.0,0.0,0.0,10,879.0,888.0,10,897.0,881.0,881.0,881.0,1.0,881.0,307
2023-05-09 21:14:20,CF401P16000,CF401P16000,881.0,0.0,0.0,0.0,10,883.0,888.0,10,897.0,881.0,881.0,881.0,1.0,881.0,307
2023-05-09 21:14:25,CF401P16000,CF401P16000,881.0,0.0,0.0,0.0,10,886.0,888.0,10,897.0,881.0,881.0,881.0,1.0,881.0,307
2023-05-09 21:14:26,CF401P16000,CF401P16000,886.0,10.0,8865.0,10.0,10,881.0,888.0,10,897.0,881.0,886.0,881.0,11.0,9746.0,317
2023-05-09 21:14:26,CF401P16000,CF401P16000,886.0,0.0,0.0,0.0,20,881.0,888.0,10,897.0,881.0,886.0,881.0,11.0,9746.0,317
2023-05-09 21:14:28,CF401P16000,CF401P16000,886.0,0.0,0.0,0.0,10,881.0,888.0,10,897.0,881.0,886.0,881.0,11.0,9746.0,317
2023-05-09 21:14:29,CF401P16000,CF401P16000,886.0,0.0,0.0,0.0,20,881.0,888.0,10,897.0,881.0,886.0,881.0,11.0,9746.0,317
2023-05-09 21:14:38,CF401P16000,CF401P16000,886.0,0.0,0.0,0.0,10,882.0,890.0,10,897.0,881.0,886.0,881.0,11.0,9746.0,317
2023-05-09 21:14:41,CF401P16000,CF401P16000,886.0,0.0,0.0,0.0,10,881.0,890.0,10,897.0,881.0,886.0,881.0,11.0,9746.0,317
2023-05-09 21:14:42,CF401P16000,CF401P16000,886.0,0.0,0.0,0.0,20,881.0,890.0,10,897.0,881.0,886.0,881.0,11.0,9746.0,317
2023-05-09 21:14:48,CF401P16000,CF401P16000,886.0,0.0,0.0,0.0,10,882.0,890.0,10,897.0,881.0,886.0,881.0,11.0,9746.0,317
2023-05-09 21:14:49,CF401P16000,CF401P16000,886.0,0.0,0.0,0.0,10,885.0,890.0,10,897.0,881.0,886.0,881.0,11.0,9746.0,317
2023-05-09 21:14:51,CF401P16000,CF401P16000,886.0,0.0,0.0,0.0,10,883.0,890.0,10,897.0,881.0,886.0,881.0,11.0,9746.0,317
2023-05-09 21:14:53,CF401P16000,CF401P16000,886.0,0.0,0.0,0.0,10,880.0,888.0,10,897.0,881.0,886.0,881.0,11.0,9746.0,317
2023-05-09 21:14:56,CF401P16000,CF401P16000,886.0,0.0,0.0,0.0,20,880.0,888.0,10,897.0,881.0,886.0,881.0,11.0,9746.0,317
2023-05-09 21:14:57,CF401P16000,CF401P16000,886.0,0.0,0.0,0.0,10,880.0,888.0,10,897.0,881.0,886.0,881.0,11.0,9746.0,317
2023-05-09 21:14:59,CF401P16000,CF401P16000,886.0,0.0,0.0,0.0,10,880.0,890.0,10,897.0,881.0,886.0,881.0,11.0,9746.0,317
2023-05-09 21:15:00,CF401P16000,CF401P16000,886.0,0.0,0.0,0.0,10,880.0,888.0,10,897.0,881.0,886.0,881.0,11.0,9746.0,317
2023-05-09 21:15:03,CF401P16000,CF401P16000,886.0,0.0,0.0,0.0,3,879.0,888.0,10,897.0,881.0,886.0,881.0,11.0,9746.0,317
2023-05-09 21:15:22,CF401P16000,CF401P16000,886.0,0.0,0.0,0.0,3,879.0,887.0,10,897.0,881.0,886.0,881.0,11.0,9746.0,317
2023-05-09 21:15:31,CF401P16000,CF401P16000,886.0,0.0,0.0,0.0,13,879.0,887.0,10,897.0,881.0,886.0,881.0,11.0,9746.0,317
2023-05-09 21:15:33,CF401P16000,CF401P16000,886.0,0.0,0.0,0.0,10,880.0,887.0,10,897.0,881.0,886.0,881.0,11.0,9746.0,317
2023-05-09 21:15:36,CF401P16000,CF401P16000,886.0,0.0,0.0,0.0,13,879.0,887.0,10,897.0,881.0,886.0,881.0,11.0,9746.0,317
2023-05-09 21:15:38,CF401P16000,CF401P16000,886.0,0.0,0.0,0.0,10,880.0,887.0,10,897.0,881.0,886.0,881.0,11.0,9746.0,317
2023-05-09 21:15:42,CF401P16000,CF401P16000,886.0,0.0,0.0,0.0,13,879.0,887.0,10,897.0,881.0,886.0,881.0,11.0,9746.0,317
2023-05-09 21:15:47,CF401P16000,CF401P16000,886.0,0.0,0.0,0.0,10,880.0,887.0,10,897.0,881.0,886.0,881.0,11.0,9746.0,317
2023-05-09 21:15:48,CF401P16000,CF401P16000,886.0,0.0,0.0,0.0,13,879.0,889.0,10,897.0,881.0,886.0,881.0,11.0,9746.0,317
2023-05-09 21:15:50,CF401P16000,CF401P16000,886.0,0.0,0.0,0.0,10,880.0,889.0,10,897.0,881.0,886.0,881.0,11.0,9746.0,317
2023-05-09 21:15:53,CF401P16000,CF401P16000,886.0,0.0,0.0,0.0,23,879.0,889.0,10,897.0,881.0,886.0,881.0,11.0,9746.0,317
2023-05-09 21:16:00,CF401P16000,CF401P16000,886.0,0.0,0.0,0.0,13,879.0,889.0,10,897.0,881.0,886.0,881.0,11.0,9746.0,317
2023-05-09 21:16:01,CF401P16000,CF401P16000,886.0,0.0,0.0,0.0,23,879.0,889.0,10,897.0,881.0,886.0,881.0,11.0,9746.0,317
2023-05-09 21:16:01,CF401P16000,CF401P16000,886.0,0.0,0.0,0.0,13,879.0,889.0,10,897.0,881.0,886.0,881.0,11.0,9746.0,317
2023-05-09 21:16:02,CF401P16000,CF401P16000,886.0,0.0,0.0,0.0,23,879.0,889.0,10,897.0,881.0,886.0,881.0,11.0,9746.0,317
2023-05-09 21:16:03,CF401P16000,CF401P16000,886.0,0.0,0.0,0.0,5,883.0,889.0,10,897.0,881.0,886.0,881.0,11.0,9746.0,317
2023-05-09 21:16:09,CF401P16000,CF401P16000,886.0,0.0,0.0,0.0,5,883.0,890.0,20,897.0,881.0,886.0,881.0,11.0,9746.0,317
2023-05-09 21:16:15,CF401P16000,CF401P16000,886.0,0.0,0.0,0.0,5,883.0,889.0,10,897.0,881.0,886.0,881.0,11.0,9746.0,317
2023-05-09 21:16:29,CF401P16000,CF401P16000,886.0,0.0,0.0,0.0,5,883.0,887.0,10,897.0,881.0,886.0,881.0,11.0,9746.0,317
2023-05-09 21:16:35,CF401P16000,CF401P16000,886.0,0.0,0.0,0.0,5,883.0,889.0,30,897.0,881.0,886.0,881.0,11.0,9746.0,317
2023-05-09 21:16:35,CF401P16000,CF401P16000,886.0,0.0,0.0,0.0,3,879.0,887.0,10,897.0,881.0,886.0,881.0,11.0,9746.0,317
2023-05-09 21:16:37,CF401P16000,CF401P16000,886.0,0.0,0.0,0.0,10,876.0,885.0,10,897.0,881.0,886.0,881.0,11.0,9746.0,317
2023-05-09 21:16:43,CF401P16000,CF401P16000,886.0,0.0,0.0,0.0,10,875.0,885.0,10,897.0,881.0,886.0,881.0,11.0,9746.0,317
2023-05-09 21:16:44,CF401P16000,CF401P16000,886.0,0.0,0.0,0.0,10,875.0,883.0,10,897.0,881.0,886.0,881.0,11.0,9746.0,317
2023-05-09 21:16:46,CF401P16000,CF401P16000,886.0,0.0,0.0,0.0,10,872.0,883.0,10,897.0,881.0,886.0,881.0,11.0,9746.0,317
2023-05-09 21:16:47,CF401P16000,CF401P16000,886.0,0.0,0.0,0.0,20,871.0,882.0,20,897.0,881.0,886.0,881.0,11.0,9746.0,317
2023-05-09 21:16:49,CF401P16000,CF401P16000,886.0,0.0,0.0,0.0,30,871.0,882.0,20,897.0,881.0,886.0,881.0,11.0,9746.0,317
2023-05-09 21:16:49,CF401P16000,CF401P16000,886.0,0.0,0.0,0.0,10,871.0,882.0,20,897.0,881.0,886.0,881.0,11.0,9746.0,317
2023-05-09 21:16:50,CF401P16000,CF401P16000,886.0,0.0,0.0,0.0,15,870.0,880.0,10,897.0,881.0,886.0,881.0,11.0,9746.0,317
2023-05-09 21:16:53,CF401P16000,CF401P16000,886.0,0.0,0.0,0.0,5,870.0,880.0,10,897.0,881.0,886.0,881.0,11.0,9746.0,317
2023-05-09 21:16:54,CF401P16000,CF401P16000,886.0,0.0,0.0,0.0,15,870.0,880.0,10,897.0,881.0,886.0,881.0,11.0,9746.0,317
2023-05-09 21:16:56,CF401P16000,CF401P16000,886.0,0.0,0.0,0.0,5,870.0,878.0,10,897.0,881.0,886.0,881.0,11.0,9746.0,317
2023-05-09 21:17:01,CF401P16000,CF401P16000,886.0,0.0,0.0,0.0,5,870.0,880.0,10,897.0,881.0,886.0,881.0,11.0,9746.0,317
2023-05-09 21:17:02,CF401P16000,CF401P16000,886.0,0.0,0.0,0.0,15,870.0,880.0,10,897.0,881.0,886.0,881.0,11.0,9746.0,317
2023-05-09 21:17:02,CF401P16000,CF401P16000,886.0,0.0,0.0,0.0,10,880.0,882.0,25,897.0,881.0,886.0,881.0,11.0,9746.0,317
2023-05-09 21:17:06,CF401P16000,CF401P16000,886.0,0.0,0.0,0.0,10,880.0,882.0,15,897.0,881.0,886.0,881.0,11.0,9746.0,317
2023-05-09 21:17:10,CF401P16000,CF401P16000,880.0,10.0,8797.0,0.0,10,872.0,882.0,15,897.0,881.0,886.0,880.0,21.0,18543.0,317
2023-05-09 21:17:11,CF401P16000,CF401P16000,880.0,0.0,0.0,0.0,10,873.0,882.0,15,897.0,881.0,886.0,880.0,21.0,18543.0,317
2023-05-09 21:17:13,CF401P16000,CF401P16000,880.0,0.0,0.0,0.0,10,874.0,882.0,15,897.0,881.0,886.0,880.0,21.0,18543.0,317
2023-05-09 21:17:16,CF401P16000,CF401P16000,880.0,0.0,0.0,0.0,10,877.0,882.0,10,897.0,881.0,886.0,880.0,21.0,18543.0,317
2023-05-09 21:17:19,CF401P16000,CF401P16000,880.0,0.0,0.0,0.0,10,877.0,884.0,10,897.0,881.0,886.0,880.0,21.0,18543.0,317
2023-05-09 21:17:19,CF401P16000,CF401P16000,880.0,0.0,0.0,0.0,10,874.0,884.0,10,897.0,881.0,886.0,880.0,21.0,18543.0,317
2023-05-09 21:17:21,CF401P16000,CF401P16000,880.0,0.0,0.0,0.0,10,874.0,882.0,10,897.0,881.0,886.0,880.0,21.0,18543.0,317
2023-05-09 21:17:36,CF401P16000,CF401P16000,880.0,0.0,0.0,0.0,5,873.0,882.0,20,897.0,881.0,886.0,880.0,21.0,18543.0,317
2023-05-09 21:17:44,CF401P16000,CF401P16000,880.0,0.0,0.0,0.0,5,873.0,882.0,10,897.0,881.0,886.0,880.0,21.0,18543.0,317
2023-05-09 21:17:54,CF401P16000,CF401P16000,880.0,0.0,0.0,0.0,10,874.0,882.0,10,897.0,881.0,886.0,880.0,21.0,18543.0,317
2023-05-09 21:17:54,CF401P16000,CF401P16000,880.0,0.0,0.0,0.0,10,874.0,885.0,10,897.0,881.0,886.0,880.0,21.0,18543.0,317
2023-05-09 21:17:55,CF401P16000,CF401P16000,880.0,0.0,0.0,0.0,20,874.0,885.0,10,897.0,881.0,886.0,880.0,21.0,18543.0,317
2023-05-09 21:17:55,CF401P16000,CF401P16000,880.0,0.0,0.0,0.0,10,875.0,885.0,10,897.0,881.0,886.0,880.0,21.0,18543.0,317
2023-05-09 21:17:56,CF401P16000,CF401P16000,880.0,0.0,0.0,0.0,10,876.0,883.0,10,897.0,881.0,886.0,880.0,21.0,18543.0,317
2023-05-09 21:17:56,CF401P16000,CF401P16000,880.0,0.0,0.0,0.0,5,873.0,883.0,10,897.0,881.0,886.0,880.0,21.0,18543.0,317
2023-05-09 21:18:06,CF401P16000,CF401P16000,880.0,0.0,0.0,0.0,5,873.0,885.0,30,897.0,881.0,886.0,880.0,21.0,18543.0,317
2023-05-09 21:18:11,CF401P16000,CF401P16000,880.0,0.0,0.0,0.0,15,873.0,885.0,30,897.0,881.0,886.0,880.0,21.0,18543.0,317
2023-05-09 21:18:12,CF401P16000,CF401P16000,880.0,0.0,0.0,0.0,10,874.0,885.0,20,897.0,881.0,886.0,880.0,21.0,18543.0,317
2023-05-09 21:18:16,CF401P16000,CF401P16000,880.0,0.0,0.0,0.0,10,876.0,885.0,20,897.0,881.0,886.0,880.0,21.0,18543.0,317
2023-05-09 21:18:22,CF401P16000,CF401P16000,880.0,0.0,0.0,0.0,10,874.0,885.0,20,897.0,881.0,886.0,880.0,21.0,18543.0,317
2023-05-09 21:18:38,CF401P16000,CF401P16000,880.0,0.0,0.0,0.0,5,873.0,882.0,10,897.0,881.0,886.0,880.0,21.0,18543.0,317
2023-05-09 21:18:39,CF401P16000,CF401P16000,880.0,0.0,0.0,0.0,5,873.0,882.0,25,897.0,881.0,886.0,880.0,21.0,18543.0,317
2023-05-09 21:18:51,CF401P16000,CF401P16000,880.0,0.0,0.0,0.0,5,873.0,879.0,10,897.0,881.0,886.0,880.0,21.0,18543.0,317
2023-05-09 21:18:59,CF401P16000,CF401P16000,880.0,0.0,0.0,0.0,10,871.0,879.0,10,897.0,881.0,886.0,880.0,21.0,18543.0,317
2023-05-09 21:18:59,CF401P16000,CF401P16000,880.0,0.0,0.0,0.0,5,870.0,879.0,20,897.0,881.0,886.0,880.0,21.0,18543.0,317
2023-05-09 21:19:01,CF401P16000,CF401P16000,880.0,0.0,0.0,0.0,5,870.0,879.0,10,897.0,881.0,886.0,880.0,21.0,18543.0,317
2023-05-09 21:19:02,CF401P16000,CF401P16000,880.0,0.0,0.0,0.0,15,870.0,879.0,10,897.0,881.0,886.0,880.0,21.0,18543.0,317
2023-05-09 21:19:03,CF401P16000,CF401P16000,880.0,0.0,0.0,0.0,10,874.0,882.0,5,897.0,881.0,886.0,880.0,21.0,18543.0,317
2023-05-09 21:19:03,CF401P16000,CF401P16000,880.0,0.0,0.0,0.0,10,873.0,882.0,5,897.0,881.0,886.0,880.0,21.0,18543.0,317
2023-05-09 21:19:04,CF401P16000,CF401P16000,880.0,0.0,0.0,0.0,10,874.0,882.0,5,897.0,881.0,886.0,880.0,21.0,18543.0,317
2023-05-09 21:19:23,CF401P16000,CF401P16000,880.0,0.0,0.0,0.0,10,873.0,882.0,5,897.0,881.0,886.0,880.0,21.0,18543.0,317
2023-05-09 21:19:27,CF401P16000,CF401P16000,880.0,0.0,0.0,0.0,15,874.0,882.0,5,897.0,881.0,886.0,880.0,21.0,18543.0,317
2023-05-09 21:19:28,CF401P16000,CF401P16000,880.0,0.0,0.0,0.0,15,874.0,882.0,25,897.0,881.0,886.0,880.0,21.0,18543.0,317
2023-05-09 21:19:29,CF401P16000,CF401P16000,880.0,0.0,0.0,0.0,15,874.0,882.0,15,897.0,881.0,886.0,880.0,21.0,18543.0,317
2023-05-09 21:19:37,CF401P16000,CF401P16000,880.0,0.0,0.0,0.0,5,874.0,882.0,15,897.0,881.0,886.0,880.0,21.0,18543.0,317
2023-05-09 21:19:57,CF401P16000,CF401P16000,880.0,0.0,0.0,0.0,5,874.0,882.0,5,897.0,881.0,886.0,880.0,21.0,18543.0,317
2023-05-09 21:20:02,CF401P16000,CF401P16000,880.0,0.0,0.0,0.0,5,874.0,880.0,10,897.0,881.0,886.0,880.0,21.0,18543.0,317
2023-05-09 21:20:02,CF401P16000,CF401P16000,880.0,0.0,0.0,0.0,5,874.0,880.0,20,897.0,881.0,886.0,880.0,21.0,18543.0,317
2023-05-09 21:20:04,CF401P16000,CF401P16000,880.0,0.0,0.0,0.0,5,870.0,879.0,10,897.0,881.0,886.0,880.0,21.0,18543.0,317
2023-05-09 21:20:04,CF401P16000,CF401P16000,880.0,0.0,0.0,0.0,5,870.0,879.0,20,897.0,881.0,886.0,880.0,21.0,18543.0,317
2023-05-09 21:20:06,CF401P16000,CF401P16000,880.0,0.0,0.0,0.0,10,866.0,879.0,20,897.0,881.0,886.0,880.0,21.0,18543.0,317
2023-05-09 21:20:06,CF401P16000,CF401P16000,880.0,0.0,0.0,0.0,10,866.0,876.0,10,897.0,881.0,886.0,880.0,21.0,18543.0,317
2023-05-09 21:20:06,CF401P16000,CF401P16000,880.0,0.0,0.0,0.0,20,863.0,876.0,10,897.0,881.0,886.0,880.0,21.0,18543.0,317
2023-05-09 21:20:07,CF401P16000,CF401P16000,880.0,0.0,0.0,0.0,10,863.0,876.0,20,897.0,881.0,886.0,880.0,21.0,18543.0,317
2023-05-09 21:20:08,CF401P16000,CF401P16000,880.0,0.0,0.0,0.0,10,863.0,876.0,30,897.0,881.0,886.0,880.0,21.0,18543.0,317
2023-05-09 21:20:08,CF401P16000,CF401P16000,880.0,0.0,0.0,0.0,25,861.0,872.0,10,897.0,881.0,886.0,880.0,21.0,18543.0,317
2023-05-09 21:20:09,CF401P16000,CF401P16000,880.0,0.0,0.0,0.0,15,861.0,872.0,10,897.0,881.0,886.0,880.0,21.0,18543.0,317
2023-05-09 21:20:09,CF401P16000,CF401P16000,880.0,0.0,0.0,0.0,15,861.0,872.0,15,897.0,881.0,886.0,880.0,21.0,18543.0,317
2023-05-09 21:20:10,CF401P16000,CF401P16000,880.0,0.0,0.0,0.0,5,861.0,872.0,25,897.0,881.0,886.0,880.0,21.0,18543.0,317
2023-05-09 21:20:14,CF401P16000,CF401P16000,880.0,0.0,0.0,0.0,5,861.0,871.0,10,897.0,881.0,886.0,880.0,21.0,18543.0,317
2023-05-09 21:20:21,CF401P16000,CF401P16000,880.0,0.0,0.0,0.0,15,861.0,872.0,35,897.0,881.0,886.0,880.0,21.0,18543.0,317
2023-05-09 21:20:23,CF401P16000,CF401P16000,880.0,0.0,0.0,0.0,15,861.0,872.0,25,897.0,881.0,886.0,880.0,21.0,18543.0,317
2023-05-09 21:20:24,CF401P16000,CF401P16000,880.0,0.0,0.0,0.0,15,861.0,872.0,35,897.0,881.0,886.0,880.0,21.0,18543.0,317
2023-05-09 21:20:28,CF401P16000,CF401P16000,880.0,0.0,0.0,0.0,5,861.0,872.0,35,897.0,881.0,886.0,880.0,21.0,18543.0,317
2023-05-09 21:20:30,CF401P16000,CF401P16000,880.0,0.0,0.0,0.0,5,861.0,871.0,10,897.0,881.0,886.0,880.0,21.0,18543.0,317
2023-05-09 21:20:31,CF401P16000,CF401P16000,880.0,0.0,0.0,0.0,5,861.0,869.0,20,897.0,881.0,886.0,880.0,21.0,18543.0,317
2023-05-09 21:20:34,CF401P16000,CF401P16000,880.0,0.0,0.0,0.0,5,861.0,869.0,30,897.0,881.0,886.0,880.0,21.0,18543.0,317
2023-05-09 21:20:44,CF401P16000,CF401P16000,880.0,0.0,0.0,0.0,10,856.0,868.0,10,897.0,881.0,886.0,880.0,21.0,18543.0,317
2023-05-09 21:20:46,CF401P16000,CF401P16000,880.0,0.0,0.0,0.0,25,855.0,868.0,10,897.0,881.0,886.0,880.0,21.0,18543.0,317
2023-05-09 21:20:47,CF401P16000,CF401P16000,880.0,0.0,0.0,0.0,10,856.0,868.0,10,897.0,881.0,886.0,880.0,21.0,18543.0,317
2023-05-09 21:20:48,CF401P16000,CF401P16000,880.0,0.0,0.0,0.0,25,855.0,868.0,10,897.0,881.0,886.0,880.0,21.0,18543.0,317
2023-05-09 21:20:49,CF401P16000,CF401P16000,880.0,0.0,0.0,0.0,10,856.0,868.0,10,897.0,881.0,886.0,880.0,21.0,18543.0,317
2023-05-09 21:20:49,CF401P16000,CF401P16000,880.0,0.0,0.0,0.0,25,855.0,868.0,10,897.0,881.0,886.0,880.0,21.0,18543.0,317
2023-05-09 21:20:50,CF401P16000,CF401P16000,880.0,0.0,0.0,0.0,35,855.0,868.0,10,897.0,881.0,886.0,880.0,21.0,18543.0,317
2023-05-09 21:20:51,CF401P16000,CF401P16000,880.0,0.0,0.0,0.0,25,855.0,868.0,10,897.0,881.0,886.0,880.0,21.0,18543.0,317
2023-05-09 21:20:52,CF401P16000,CF401P16000,880.0,0.0,0.0,0.0,35,855.0,868.0,10,897.0,881.0,886.0,880.0,21.0,18543.0,317
2023-05-09 21:20:53,CF401P16000,CF401P16000,880.0,0.0,0.0,0.0,45,855.0,869.0,40,897.0,881.0,886.0,880.0,21.0,18543.0,317
2023-05-09 21:20:53,CF401P16000,CF401P16000,880.0,0.0,0.0,0.0,10,858.0,869.0,40,897.0,881.0,886.0,880.0,21.0,18543.0,317
2023-05-09 21:20:54,CF401P16000,CF401P16000,880.0,0.0,0.0,0.0,10,858.0,869.0,30,897.0,881.0,886.0,880.0,21.0,18543.0,317
2023-05-09 21:20:57,CF401P16000,CF401P16000,880.0,0.0,0.0,0.0,15,859.0,869.0,30,897.0,881.0,886.0,880.0,21.0,18543.0,317
2023-05-09 21:20:57,CF401P16000,CF401P16000,880.0,0.0,0.0,0.0,15,859.0,869.0,20,897.0,881.0,886.0,880.0,21.0,18543.0,317
2023-05-09 21:20:59,CF401P16000,CF401P16000,880.0,0.0,0.0,0.0,5,859.0,869.0,20,897.0,881.0,886.0,880.0,21.0,18543.0,317
2023-05-09 21:21:00,CF401P16000,CF401P16000,880.0,0.0,0.0,0.0,20,860.0,869.0,20,897.0,881.0,886.0,880.0,21.0,18543.0,317
2023-05-09 21:21:01,CF401P16000,CF401P16000,880.0,0.0,0.0,0.0,10,860.0,869.0,20,897.0,881.0,886.0,880.0,21.0,18543.0,317
2023-05-09 21:21:03,CF401P16000,CF401P16000,880.0,0.0,0.0,0.0,20,860.0,869.0,20,897.0,881.0,886.0,880.0,21.0,18543.0,317
2023-05-09 21:21:05,CF401P16000,CF401P16000,880.0,0.0,0.0,0.0,5,862.0,869.0,20,897.0,881.0,886.0,880.0,21.0,18543.0,317
2023-05-09 21:21:05,CF401P16000,CF401P16000,880.0,0.0,0.0,0.0,5,862.0,872.0,35,897.0,881.0,886.0,880.0,21.0,18543.0,317
2023-05-09 21:21:05,CF401P16000,CF401P16000,880.0,0.0,0.0,0.0,10,863.0,872.0,35,897.0,881.0,886.0,880.0,21.0,18543.0,317
2023-05-09 21:21:05,CF401P16000,CF401P16000,880.0,0.0,0.0,0.0,5,862.0,872.0,35,897.0,881.0,886.0,880.0,21.0,18543.0,317
2023-05-09 21:21:05,CF401P16000,CF401P16000,880.0,0.0,0.0,0.0,10,863.0,872.0,35,897.0,881.0,886.0,880.0,21.0,18543.0,317
2023-05-09 21:21:06,CF401P16000,CF401P16000,880.0,0.0,0.0,0.0,15,862.0,872.0,35,897.0,881.0,886.0,880.0,21.0,18543.0,317
2023-05-09 21:21:07,CF401P16000,CF401P16000,880.0,0.0,0.0,0.0,5,862.0,872.0,35,897.0,881.0,886.0,880.0,21.0,18543.0,317
2023-05-09 21:21:21,CF401P16000,CF401P16000,880.0,0.0,0.0,0.0,5,862.0,872.0,45,897.0,881.0,886.0,880.0,21.0,18543.0,317
2023-05-09 21:21:27,CF401P16000,CF401P16000,880.0,0.0,0.0,0.0,5,862.0,869.0,10,897.0,881.0,886.0,880.0,21.0,18543.0,317
2023-05-09 21:21:27,CF401P16000,CF401P16000,880.0,0.0,0.0,0.0,5,862.0,869.0,20,897.0,881.0,886.0,880.0,21.0,18543.0,317
2023-05-09 21:21:31,CF401P16000,CF401P16000,880.0,0.0,0.0,0.0,5,859.0,869.0,20,897.0,881.0,886.0,880.0,21.0,18543.0,317
2023-05-09 21:21:33,CF401P16000,CF401P16000,880.0,0.0,0.0,0.0,5,859.0,867.0,10,897.0,881.0,886.0,880.0,21.0,18543.0,317
2023-05-09 21:21:35,CF401P16000,CF401P16000,880.0,0.0,0.0,0.0,10,856.0,867.0,10,897.0,881.0,886.0,880.0,21.0,18543.0,317
2023-05-09 21:21:37,CF401P16000,CF401P16000,880.0,0.0,0.0,0.0,10,856.0,865.0,10,897.0,881.0,886.0,880.0,21.0,18543.0,317
2023-05-09 21:21:38,CF401P16000,CF401P16000,880.0,0.0,0.0,0.0,10,855.0,865.0,20,897.0,881.0,886.0,880.0,21.0,18543.0,317
2023-05-09 21:21:38,CF401P16000,CF401P16000,880.0,0.0,0.0,0.0,25,854.0,865.0,20,897.0,881.0,886.0,880.0,21.0,18543.0,317
2023-05-09 21:21:41,CF401P16000,CF401P16000,880.0,0.0,0.0,0.0,25,854.0,865.0,25,897.0,881.0,886.0,880.0,21.0,18543.0,317
2023-05-09 21:21:41,CF401P16000,CF401P16000,880.0,0.0,0.0,0.0,25,854.0,865.0,35,897.0,881.0,886.0,880.0,21.0,18543.0,317
2023-05-09 21:21:42,CF401P16000,CF401P16000,880.0,0.0,0.0,0.0,25,854.0,865.0,25,897.0,881.0,886.0,880.0,21.0,18543.0,317
2023-05-09 21:21:47,CF401P16000,CF401P16000,880.0,0.0,0.0,0.0,10,855.0,865.0,25,897.0,881.0,886.0,880.0,21.0,18543.0,317
2023-05-09 21:21:48,CF401P16000,CF401P16000,880.0,0.0,0.0,0.0,25,854.0,865.0,25,897.0,881.0,886.0,880.0,21.0,18543.0,317
2023-05-09 21:21:52,CF401P16000,CF401P16000,880.0,0.0,0.0,0.0,10,855.0,865.0,25,897.0,881.0,886.0,880.0,21.0,18543.0,317
2023-05-09 21:21:52,CF401P16000,CF401P16000,880.0,0.0,0.0,0.0,20,855.0,865.0,25,897.0,881.0,886.0,880.0,21.0,18543.0,317
2023-05-09 21:21:54,CF401P16000,CF401P16000,880.0,0.0,0.0,0.0,10,855.0,865.0,25,897.0,881.0,886.0,880.0,21.0,18543.0,317
2023-05-09 21:21:56,CF401P16000,CF401P16000,880.0,0.0,0.0,0.0,20,855.0,865.0,25,897.0,881.0,886.0,880.0,21.0,18543.0,317
2023-05-09 21:21:57,CF401P16000,CF401P16000,880.0,0.0,0.0,0.0,10,855.0,865.0,25,897.0,881.0,886.0,880.0,21.0,18543.0,317
2023-05-09 21:22:00,CF401P16000,CF401P16000,880.0,0.0,0.0,0.0,20,855.0,865.0,25,897.0,881.0,886.0,880.0,21.0,18543.0,317
2023-05-09 21:22:03,CF401P16000,CF401P16000,880.0,0.0,0.0,0.0,10,855.0,865.0,25,897.0,881.0,886.0,880.0,21.0,18543.0,317
2023-05-09 21:22:04,CF401P16000,CF401P16000,880.0,0.0,0.0,0.0,20,855.0,865.0,25,897.0,881.0,886.0,880.0,21.0,18543.0,317
2023-05-09 21:22:04,CF401P16000,CF401P16000,880.0,0.0,0.0,0.0,10,855.0,865.0,25,897.0,881.0,886.0,880.0,21.0,18543.0,317
2023-05-09 21:22:13,CF401P16000,CF401P16000,880.0,0.0,0.0,0.0,20,855.0,865.0,25,897.0,881.0,886.0,880.0,21.0,18543.0,317
2023-05-09 21:22:16,CF401P16000,CF401P16000,880.0,0.0,0.0,0.0,10,855.0,865.0,25,897.0,881.0,886.0,880.0,21.0,18543.0,317
2023-05-09 21:22:17,CF401P16000,CF401P16000,880.0,0.0,0.0,0.0,5,857.0,865.0,20,897.0,881.0,886.0,880.0,21.0,18543.0,317
2023-05-09 21:22:25,CF401P16000,CF401P16000,880.0,0.0,0.0,0.0,5,857.0,864.0,10,897.0,881.0,886.0,880.0,21.0,18543.0,317
2023-05-09 21:22:26,CF401P16000,CF401P16000,880.0,0.0,0.0,0.0,5,857.0,864.0,20,897.0,881.0,886.0,880.0,21.0,18543.0,317
2023-05-09 21:22:27,CF401P16000,CF401P16000,880.0,0.0,0.0,0.0,5,857.0,864.0,10,897.0,881.0,886.0,880.0,21.0,18543.0,317
2023-05-09 21:22:30,CF401P16000,CF401P16000,880.0,0.0,0.0,0.0,5,857.0,865.0,20,897.0,881.0,886.0,880.0,21.0,18543.0,317
2023-05-09 21:22:36,CF401P16000,CF401P16000,880.0,0.0,0.0,0.0,5,857.0,865.0,10,897.0,881.0,886.0,880.0,21.0,18543.0,317
2023-05-09 21:22:49,CF401P16000,CF401P16000,880.0,0.0,0.0,0.0,5,857.0,865.0,20,897.0,881.0,886.0,880.0,21.0,18543.0,317
2023-05-09 21:22:53,CF401P16000,CF401P16000,880.0,0.0,0.0,0.0,5,857.0,864.0,10,897.0,881.0,886.0,880.0,21.0,18543.0,317
2023-05-09 21:22:59,CF401P16000,CF401P16000,880.0,0.0,0.0,0.0,5,854.0,861.0,10,897.0,881.0,886.0,880.0,21.0,18543.0,317
2023-05-09 21:23:00,CF401P16000,CF401P16000,880.0,0.0,0.0,0.0,5,854.0,861.0,20,897.0,881.0,886.0,880.0,21.0,18543.0,317
2023-05-09 21:23:00,CF401P16000,CF401P16000,880.0,0.0,0.0,0.0,5,854.0,864.0,20,897.0,881.0,886.0,880.0,21.0,18543.0,317
2023-05-09 21:23:02,CF401P16000,CF401P16000,880.0,0.0,0.0,0.0,25,854.0,864.0,10,897.0,881.0,886.0,880.0,21.0,18543.0,317
2023-05-09 21:23:02,CF401P16000,CF401P16000,880.0,0.0,0.0,0.0,5,858.0,865.0,10,897.0,881.0,886.0,880.0,21.0,18543.0,317
2023-05-09 21:23:03,CF401P16000,CF401P16000,880.0,0.0,0.0,0.0,5,858.0,869.0,15,897.0,881.0,886.0,880.0,21.0,18543.0,317
2023-05-09 21:23:03,CF401P16000,CF401P16000,880.0,0.0,0.0,0.0,5,858.0,869.0,25,897.0,881.0,886.0,880.0,21.0,18543.0,317
2023-05-09 21:23:06,CF401P16000,CF401P16000,880.0,0.0,0.0,0.0,10,860.0,869.0,25,897.0,881.0,886.0,880.0,21.0,18543.0,317
2023-05-09 21:23:06,CF401P16000,CF401P16000,880.0,0.0,0.0,0.0,5,858.0,869.0,25,897.0,881.0,886.0,880.0,21.0,18543.0,317
2023-05-09 21:23:21,CF401P16000,CF401P16000,880.0,0.0,0.0,0.0,5,858.0,869.0,20,897.0,881.0,886.0,880.0,21.0,18543.0,317
2023-05-09 21:23:21,CF401P16000,CF401P16000,880.0,0.0,0.0,0.0,15,858.0,870.0,10,897.0,881.0,886.0,880.0,21.0,18543.0,317
2023-05-09 21:23:22,CF401P16000,CF401P16000,880.0,0.0,0.0,0.0,15,858.0,872.0,10,897.0,881.0,886.0,880.0,21.0,18543.0,317
2023-05-09 21:23:23,CF401P16000,CF401P16000,880.0,0.0,0.0,0.0,15,858.0,872.0,20,897.0,881.0,886.0,880.0,21.0,18543.0,317
2023-05-09 21:23:30,CF401P16000,CF401P16000,880.0,0.0,0.0,0.0,5,861.0,872.0,20,897.0,881.0,886.0,880.0,21.0,18543.0,317
2023-05-09 21:23:45,CF401P16000,CF401P16000,880.0,0.0,0.0,0.0,5,861.0,870.0,10,897.0,881.0,886.0,880.0,21.0,18543.0,317
2023-05-09 21:23:45,CF401P16000,CF401P16000,880.0,0.0,0.0,0.0,5,861.0,870.0,20,897.0,881.0,886.0,880.0,21.0,18543.0,317
2023-05-09 21:23:58,CF401P16000,CF401P16000,880.0,0.0,0.0,0.0,5,861.0,870.0,30,897.0,881.0,886.0,880.0,21.0,18543.0,317
2023-05-09 21:24:05,CF401P16000,CF401P16000,880.0,0.0,0.0,0.0,5,861.0,870.0,20,897.0,881.0,886.0,880.0,21.0,18543.0,317
2023-05-09 21:24:16,CF401P16000,CF401P16000,880.0,0.0,0.0,0.0,5,861.0,872.0,30,897.0,881.0,886.0,880.0,21.0,18543.0,317
2023-05-09 21:24:16,CF401P16000,CF401P16000,880.0,0.0,0.0,0.0,15,861.0,872.0,10,897.0,881.0,886.0,880.0,21.0,18543.0,317
2023-05-09 21:24:17,CF401P16000,CF401P16000,880.0,0.0,0.0,0.0,15,861.0,874.0,45,897.0,881.0,886.0,880.0,21.0,18543.0,317
2023-05-09 21:24:18,CF401P16000,CF401P16000,880.0,0.0,0.0,0.0,10,863.0,874.0,35,897.0,881.0,886.0,880.0,21.0,18543.0,317
2023-05-09 21:24:32,CF401P16000,CF401P16000,880.0,0.0,0.0,0.0,5,865.0,874.0,35,897.0,881.0,886.0,880.0,21.0,18543.0,317
2023-05-09 21:24:32,CF401P16000,CF401P16000,880.0,0.0,0.0,0.0,5,865.0,874.0,15,897.0,881.0,886.0,880.0,21.0,18543.0,317
2023-05-09 21:24:33,CF401P16000,CF401P16000,880.0,0.0,0.0,0.0,5,865.0,875.0,10,897.0,881.0,886.0,880.0,21.0,18543.0,317
2023-05-09 21:24:34,CF401P16000,CF401P16000,880.0,0.0,0.0,0.0,15,865.0,875.0,10,897.0,881.0,886.0,880.0,21.0,18543.0,317
2023-05-09 21:24:36,CF401P16000,CF401P16000,880.0,0.0,0.0,0.0,5,865.0,875.0,10,897.0,881.0,886.0,880.0,21.0,18543.0,317
2023-05-09 21:24:41,CF401P16000,CF401P16000,880.0,0.0,0.0,0.0,15,865.0,875.0,10,897.0,881.0,886.0,880.0,21.0,18543.0,317
2023-05-09 21:24:41,CF401P16000,CF401P16000,880.0,0.0,0.0,0.0,5,865.0,875.0,10,897.0,881.0,886.0,880.0,21.0,18543.0,317
2023-05-09 21:24:44,CF401P16000,CF401P16000,880.0,0.0,0.0,0.0,15,865.0,875.0,10,897.0,881.0,886.0,880.0,21.0,18543.0,317
2023-05-09 21:24:50,CF401P16000,CF401P16000,880.0,0.0,0.0,0.0,15,865.0,876.0,20,897.0,881.0,886.0,880.0,21.0,18543.0,317
2023-05-09 21:24:52,CF401P16000,CF401P16000,880.0,0.0,0.0,0.0,5,865.0,876.0,10,897.0,881.0,886.0,880.0,21.0,18543.0,317
2023-05-09 21:24:53,CF401P16000,CF401P16000,880.0,0.0,0.0,0.0,15,865.0,877.0,20,897.0,881.0,886.0,880.0,21.0,18543.0,317
2023-05-09 21:24:53,CF401P16000,CF401P16000,880.0,0.0,0.0,0.0,5,865.0,877.0,10,897.0,881.0,886.0,880.0,21.0,18543.0,317
2023-05-09 21:24:53,CF401P16000,CF401P16000,880.0,0.0,0.0,0.0,15,865.0,877.0,10,897.0,881.0,886.0,880.0,21.0,18543.0,317
2023-05-09 21:24:58,CF401P16000,CF401P16000,880.0,0.0,0.0,0.0,5,865.0,877.0,10,897.0,881.0,886.0,880.0,21.0,18543.0,317
2023-05-09 21:24:58,CF401P16000,CF401P16000,880.0,0.0,0.0,0.0,15,865.0,877.0,10,897.0,881.0,886.0,880.0,21.0,18543.0,317
2023-05-09 21:25:01,CF401P16000,CF401P16000,880.0,0.0,0.0,0.0,5,865.0,877.0,10,897.0,881.0,886.0,880.0,21.0,18543.0,317
2023-05-09 21:25:01,CF401P16000,CF401P16000,880.0,0.0,0.0,0.0,15,865.0,877.0,10,897.0,881.0,886.0,880.0,21.0,18543.0,317
2023-05-09 21:25:07,CF401P16000,CF401P16000,880.0,0.0,0.0,0.0,25,865.0,878.0,40,897.0,881.0,886.0,880.0,21.0,18543.0,317
2023-05-09 21:25:07,CF401P16000,CF401P16000,880.0,0.0,0.0,0.0,10,869.0,878.0,30,897.0,881.0,886.0,880.0,21.0,18543.0,317
2023-05-09 21:25:08,CF401P16000,CF401P16000,880.0,0.0,0.0,0.0,10,867.0,878.0,30,897.0,881.0,886.0,880.0,21.0,18543.0,317
2023-05-09 21:25:08,CF401P16000,CF401P16000,880.0,0.0,0.0,0.0,5,869.0,878.0,30,897.0,881.0,886.0,880.0,21.0,18543.0,317
2023-05-09 21:25:09,CF401P16000,CF401P16000,880.0,0.0,0.0,0.0,5,869.0,878.0,10,897.0,881.0,886.0,880.0,21.0,18543.0,317
2023-05-09 21:25:11,CF401P16000,CF401P16000,880.0,0.0,0.0,0.0,5,869.0,879.0,20,897.0,881.0,886.0,880.0,21.0,18543.0,317
2023-05-09 21:25:13,CF401P16000,CF401P16000,880.0,0.0,0.0,0.0,5,869.0,879.0,10,897.0,881.0,886.0,880.0,21.0,18543.0,317
2023-05-09 21:25:16,CF401P16000,CF401P16000,880.0,0.0,0.0,0.0,10,870.0,879.0,10,897.0,881.0,886.0,880.0,21.0,18543.0,317
2023-05-09 21:25:16,CF401P16000,CF401P16000,880.0,0.0,0.0,0.0,5,869.0,879.0,10,897.0,881.0,886.0,880.0,21.0,18543.0,317
2023-05-09 21:25:23,CF401P16000,CF401P16000,880.0,0.0,0.0,0.0,5,869.0,881.0,40,897.0,881.0,886.0,880.0,21.0,18543.0,317
2023-05-09 21:25:47,CF401P16000,CF401P16000,880.0,0.0,0.0,0.0,5,869.0,881.0,30,897.0,881.0,886.0,880.0,21.0,18543.0,317
2023-05-09 21:25:52,CF401P16000,CF401P16000,880.0,0.0,0.0,0.0,10,873.0,881.0,30,897.0,881.0,886.0,880.0,21.0,18543.0,317
2023-05-09 21:25:54,CF401P16000,CF401P16000,880.0,0.0,0.0,0.0,10,873.0,881.0,20,897.0,881.0,886.0,880.0,21.0,18543.0,317
2023-05-09 21:26:04,CF401P16000,CF401P16000,880.0,0.0,0.0,0.0,5,872.0,881.0,20,897.0,881.0,886.0,880.0,21.0,18543.0,317
2023-05-09 21:26:11,CF401P16000,CF401P16000,880.0,0.0,0.0,0.0,5,872.0,881.0,30,897.0,881.0,886.0,880.0,21.0,18543.0,317
2023-05-09 21:26:25,CF401P16000,CF401P16000,880.0,0.0,0.0,0.0,10,873.0,881.0,30,897.0,881.0,886.0,880.0,21.0,18543.0,317
2023-05-09 21:26:33,CF401P16000,CF401P16000,880.0,0.0,0.0,0.0,15,872.0,881.0,30,897.0,881.0,886.0,880.0,21.0,18543.0,317
2023-05-09 21:26:33,CF401P16000,CF401P16000,880.0,0.0,0.0,0.0,5,872.0,881.0,30,897.0,881.0,886.0,880.0,21.0,18543.0,317
2023-05-09 21:26:54,CF401P16000,CF401P16000,880.0,0.0,0.0,0.0,10,873.0,881.0,30,897.0,881.0,886.0,880.0,21.0,18543.0,317
2023-05-09 21:26:54,CF401P16000,CF401P16000,880.0,0.0,0.0,0.0,5,872.0,881.0,30,897.0,881.0,886.0,880.0,21.0,18543.0,317
2023-05-09 21:27:00,CF401P16000,CF401P16000,880.0,0.0,0.0,0.0,10,873.0,881.0,30,897.0,881.0,886.0,880.0,21.0,18543.0,317
2023-05-09 21:27:09,CF401P16000,CF401P16000,880.0,0.0,0.0,0.0,5,872.0,881.0,30,897.0,881.0,886.0,880.0,21.0,18543.0,317
2023-05-09 21:27:11,CF401P16000,CF401P16000,880.0,0.0,0.0,0.0,10,873.0,881.0,30,897.0,881.0,886.0,880.0,21.0,18543.0,317
2023-05-09 21:27:14,CF401P16000,CF401P16000,880.0,0.0,0.0,0.0,20,870.0,881.0,30,897.0,881.0,886.0,880.0,21.0,18543.0,317
2023-05-09 21:27:16,CF401P16000,CF401P16000,880.0,0.0,0.0,0.0,10,873.0,881.0,30,897.0,881.0,886.0,880.0,21.0,18543.0,317
2023-05-09 21:27:20,CF401P16000,CF401P16000,880.0,0.0,0.0,0.0,20,870.0,881.0,30,897.0,881.0,886.0,880.0,21.0,18543.0,317
2023-05-09 21:27:30,CF401P16000,CF401P16000,880.0,0.0,0.0,0.0,10,873.0,881.0,30,897.0,881.0,886.0,880.0,21.0,18543.0,317
2023-05-09 21:27:30,CF401P16000,CF401P16000,880.0,0.0,0.0,0.0,10,871.0,881.0,30,897.0,881.0,886.0,880.0,21.0,18543.0,317
2023-05-09 21:27:35,CF401P16000,CF401P16000,880.0,0.0,0.0,0.0,20,870.0,881.0,30,897.0,881.0,886.0,880.0,21.0,18543.0,317
2023-05-09 21:27:45,CF401P16000,CF401P16000,880.0,0.0,0.0,0.0,20,870.0,881.0,20,897.0,881.0,886.0,880.0,21.0,18543.0,317
2023-05-09 21:27:46,CF401P16000,CF401P16000,880.0,0.0,0.0,0.0,30,870.0,881.0,20,897.0,881.0,886.0,880.0,21.0,18543.0,317
2023-05-09 21:27:55,CF401P16000,CF401P16000,880.0,0.0,0.0,0.0,30,870.0,881.0,10,897.0,881.0,886.0,880.0,21.0,18543.0,317
2023-05-09 21:28:00,CF401P16000,CF401P16000,880.0,0.0,0.0,0.0,10,873.0,881.0,10,897.0,881.0,886.0,880.0,21.0,18543.0,317
2023-05-09 21:28:00,CF401P16000,CF401P16000,880.0,0.0,0.0,0.0,10,872.0,881.0,10,897.0,881.0,886.0,880.0,21.0,18543.0,317
2023-05-09 21:28:03,CF401P16000,CF401P16000,880.0,0.0,0.0,0.0,10,873.0,883.0,23,897.0,881.0,886.0,880.0,21.0,18543.0,317
2023-05-09 21:28:04,CF401P16000,CF401P16000,880.0,0.0,0.0,0.0,10,872.0,883.0,13,897.0,881.0,886.0,880.0,21.0,18543.0,317
2023-05-09 21:28:19,CF401P16000,CF401P16000,880.0,0.0,0.0,0.0,10,873.0,883.0,13,897.0,881.0,886.0,880.0,21.0,18543.0,317
2023-05-09 21:28:20,CF401P16000,CF401P16000,880.0,0.0,0.0,0.0,10,872.0,883.0,13,897.0,881.0,886.0,880.0,21.0,18543.0,317
2023-05-09 21:28:22,CF401P16000,CF401P16000,880.0,0.0,0.0,0.0,10,873.0,883.0,13,897.0,881.0,886.0,880.0,21.0,18543.0,317
2023-05-09 21:28:22,CF401P16000,CF401P16000,880.0,0.0,0.0,0.0,10,872.0,883.0,13,897.0,881.0,886.0,880.0,21.0,18543.0,317
2023-05-09 21:28:30,CF401P16000,CF401P16000,880.0,0.0,0.0,0.0,10,872.0,883.0,23,897.0,881.0,886.0,880.0,21.0,18543.0,317
2023-05-09 21:28:36,CF401P16000,CF401P16000,880.0,0.0,0.0,0.0,20,872.0,883.0,23,897.0,881.0,886.0,880.0,21.0,18543.0,317
2023-05-09 21:28:36,CF401P16000,CF401P16000,880.0,0.0,0.0,0.0,10,872.0,883.0,23,897.0,881.0,886.0,880.0,21.0,18543.0,317
2023-05-09 21:28:44,CF401P16000,CF401P16000,880.0,0.0,0.0,0.0,20,872.0,883.0,23,897.0,881.0,886.0,880.0,21.0,18543.0,317
2023-05-09 21:28:44,CF401P16000,CF401P16000,880.0,0.0,0.0,0.0,10,872.0,883.0,23,897.0,881.0,886.0,880.0,21.0,18543.0,317
2023-05-09 21:28:45,CF401P16000,CF401P16000,880.0,0.0,0.0,0.0,10,873.0,883.0,23,897.0,881.0,886.0,880.0,21.0,18543.0,317
2023-05-09 21:28:45,CF401P16000,CF401P16000,880.0,0.0,0.0,0.0,10,872.0,883.0,23,897.0,881.0,886.0,880.0,21.0,18543.0,317
2023-05-09 21:28:55,CF401P16000,CF401P16000,880.0,0.0,0.0,0.0,10,872.0,883.0,33,897.0,881.0,886.0,880.0,21.0,18543.0,317
2023-05-09 21:28:59,CF401P16000,CF401P16000,880.0,0.0,0.0,0.0,10,872.0,881.0,10,897.0,881.0,886.0,880.0,21.0,18543.0,317
2023-05-09 21:28:59,CF401P16000,CF401P16000,880.0,0.0,0.0,0.0,10,871.0,881.0,10,897.0,881.0,886.0,880.0,21.0,18543.0,317
2023-05-09 21:29:01,CF401P16000,CF401P16000,880.0,0.0,0.0,0.0,10,872.0,881.0,10,897.0,881.0,886.0,880.0,21.0,18543.0,317
2023-05-09 21:29:02,CF401P16000,CF401P16000,880.0,0.0,0.0,0.0,10,871.0,881.0,10,897.0,881.0,886.0,880.0,21.0,18543.0,317
2023-05-09 21:29:03,CF401P16000,CF401P16000,880.0,0.0,0.0,0.0,10,872.0,881.0,10,897.0,881.0,886.0,880.0,21.0,18543.0,317
2023-05-09 21:29:03,CF401P16000,CF401P16000,880.0,0.0,0.0,0.0,10,871.0,881.0,10,897.0,881.0,886.0,880.0,21.0,18543.0,317
2023-05-09 21:29:04,CF401P16000,CF401P16000,880.0,0.0,0.0,0.0,10,872.0,881.0,10,897.0,881.0,886.0,880.0,21.0,18543.0,317
2023-05-09 21:29:05,CF401P16000,CF401P16000,880.0,0.0,0.0,0.0,10,871.0,881.0,10,897.0,881.0,886.0,880.0,21.0,18543.0,317
2023-05-09 21:29:06,CF401P16000,CF401P16000,880.0,0.0,0.0,0.0,10,872.0,882.0,30,897.0,881.0,886.0,880.0,21.0,18543.0,317
2023-05-09 21:29:06,CF401P16000,CF401P16000,880.0,0.0,0.0,0.0,10,872.0,882.0,20,897.0,881.0,886.0,880.0,21.0,18543.0,317
2023-05-09 21:29:06,CF401P16000,CF401P16000,880.0,0.0,0.0,0.0,10,875.0,882.0,20,897.0,881.0,886.0,880.0,21.0,18543.0,317
2023-05-09 21:29:08,CF401P16000,CF401P16000,880.0,0.0,0.0,0.0,10,874.0,882.0,20,897.0,881.0,886.0,880.0,21.0,18543.0,317
2023-05-09 21:29:08,CF401P16000,CF401P16000,880.0,0.0,0.0,0.0,10,873.0,882.0,20,897.0,881.0,886.0,880.0,21.0,18543.0,317
2023-05-09 21:29:09,CF401P16000,CF401P16000,880.0,0.0,0.0,0.0,10,875.0,882.0,20,897.0,881.0,886.0,880.0,21.0,18543.0,317
2023-05-09 21:29:17,CF401P16000,CF401P16000,880.0,0.0,0.0,0.0,10,873.0,882.0,20,897.0,881.0,886.0,880.0,21.0,18543.0,317
2023-05-09 21:29:17,CF401P16000,CF401P16000,880.0,0.0,0.0,0.0,10,872.0,882.0,20,897.0,881.0,886.0,880.0,21.0,18543.0,317
2023-05-09 21:29:27,CF401P16000,CF401P16000,880.0,0.0,0.0,0.0,10,873.0,882.0,20,897.0,881.0,886.0,880.0,21.0,18543.0,317
2023-05-09 21:29:29,CF401P16000,CF401P16000,880.0,0.0,0.0,0.0,20,872.0,882.0,20,897.0,881.0,886.0,880.0,21.0,18543.0,317
2023-05-09 21:29:35,CF401P16000,CF401P16000,880.0,0.0,0.0,0.0,10,872.0,882.0,20,897.0,881.0,886.0,880.0,21.0,18543.0,317
2023-05-09 21:29:47,CF401P16000,CF401P16000,880.0,0.0,0.0,0.0,20,872.0,882.0,20,897.0,881.0,886.0,880.0,21.0,18543.0,317
2023-05-09 21:29:49,CF401P16000,CF401P16000,880.0,0.0,0.0,0.0,10,872.0,882.0,20,897.0,881.0,886.0,880.0,21.0,18543.0,317
2023-05-09 21:29:50,CF401P16000,CF401P16000,880.0,0.0,0.0,0.0,20,872.0,882.0,20,897.0,881.0,886.0,880.0,21.0,18543.0,317
2023-05-09 21:29:51,CF401P16000,CF401P16000,880.0,0.0,0.0,0.0,10,873.0,882.0,20,897.0,881.0,886.0,880.0,21.0,18543.0,317
2023-05-09 21:29:52,CF401P16000,CF401P16000,880.0,0.0,0.0,0.0,20,872.0,882.0,20,897.0,881.0,886.0,880.0,21.0,18543.0,317
2023-05-09 21:30:03,CF401P16000,CF401P16000,880.0,0.0,0.0,0.0,3,874.0,882.0,20,897.0,881.0,886.0,880.0,21.0,18543.0,317
2023-05-09 21:30:03,CF401P16000,CF401P16000,880.0,0.0,0.0,0.0,10,877.0,886.0,30,897.0,881.0,886.0,880.0,21.0,18543.0,317
2023-05-09 21:30:04,CF401P16000,CF401P16000,880.0,0.0,0.0,0.0,10,877.0,886.0,40,897.0,881.0,886.0,880.0,21.0,18543.0,317
2023-05-09 21:30:05,CF401P16000,CF401P16000,880.0,0.0,0.0,0.0,13,874.0,886.0,50,897.0,881.0,886.0,880.0,21.0,18543.0,317
2023-05-09 21:30:05,CF401P16000,CF401P16000,880.0,0.0,0.0,0.0,10,875.0,886.0,30,897.0,881.0,886.0,880.0,21.0,18543.0,317
2023-05-09 21:30:05,CF401P16000,CF401P16000,880.0,0.0,0.0,0.0,10,877.0,886.0,30,897.0,881.0,886.0,880.0,21.0,18543.0,317
2023-05-09 21:30:12,CF401P16000,CF401P16000,880.0,0.0,0.0,0.0,20,877.0,886.0,30,897.0,881.0,886.0,880.0,21.0,18543.0,317
2023-05-09 21:30:13,CF401P16000,CF401P16000,880.0,0.0,0.0,0.0,10,879.0,886.0,30,897.0,881.0,886.0,880.0,21.0,18543.0,317
2023-05-09 21:30:14,CF401P16000,CF401P16000,880.0,0.0,0.0,0.0,10,879.0,886.0,20,897.0,881.0,886.0,880.0,21.0,18543.0,317
2023-05-09 21:30:17,CF401P16000,CF401P16000,880.0,0.0,0.0,0.0,10,879.0,888.0,33,897.0,881.0,886.0,880.0,21.0,18543.0,317
2023-05-09 21:30:18,CF401P16000,CF401P16000,880.0,0.0,0.0,0.0,10,879.0,888.0,23,897.0,881.0,886.0,880.0,21.0,18543.0,317
2023-05-09 21:30:19,CF401P16000,CF401P16000,880.0,0.0,0.0,0.0,10,880.0,888.0,13,897.0,881.0,886.0,880.0,21.0,18543.0,317
2023-05-09 21:30:19,CF401P16000,CF401P16000,880.0,0.0,0.0,0.0,10,879.0,888.0,13,897.0,881.0,886.0,880.0,21.0,18543.0,317
2023-05-09 21:30:21,CF401P16000,CF401P16000,880.0,0.0,0.0,0.0,10,882.0,888.0,13,897.0,881.0,886.0,880.0,21.0,18543.0,317
2023-05-09 21:30:23,CF401P16000,CF401P16000,880.0,0.0,0.0,0.0,13,878.0,888.0,13,897.0,881.0,886.0,880.0,21.0,18543.0,317
2023-05-09 21:30:25,CF401P16000,CF401P16000,880.0,0.0,0.0,0.0,3,878.0,887.0,10,897.0,881.0,886.0,880.0,21.0,18543.0,317
2023-05-09 21:30:27,CF401P16000,CF401P16000,880.0,0.0,0.0,0.0,13,878.0,887.0,10,897.0,881.0,886.0,880.0,21.0,18543.0,317
2023-05-09 21:30:28,CF401P16000,CF401P16000,880.0,0.0,0.0,0.0,13,878.0,888.0,23,897.0,881.0,886.0,880.0,21.0,18543.0,317
2023-05-09 21:30:29,CF401P16000,CF401P16000,880.0,0.0,0.0,0.0,13,878.0,888.0,13,897.0,881.0,886.0,880.0,21.0,18543.0,317
2023-05-09 21:30:29,CF401P16000,CF401P16000,880.0,0.0,0.0,0.0,3,878.0,888.0,13,897.0,881.0,886.0,880.0,21.0,18543.0,317
2023-05-09 21:30:30,CF401P16000,CF401P16000,880.0,0.0,0.0,0.0,13,878.0,888.0,13,897.0,881.0,886.0,880.0,21.0,18543.0,317
2023-05-09 21:30:31,CF401P16000,CF401P16000,880.0,0.0,0.0,0.0,3,878.0,888.0,13,897.0,881.0,886.0,880.0,21.0,18543.0,317
2023-05-09 21:30:33,CF401P16000,CF401P16000,880.0,0.0,0.0,0.0,13,878.0,888.0,13,897.0,881.0,886.0,880.0,21.0,18543.0,317
2023-05-09 21:30:34,CF401P16000,CF401P16000,880.0,0.0,0.0,0.0,3,878.0,888.0,13,897.0,881.0,886.0,880.0,21.0,18543.0,317
2023-05-09 21:30:34,CF401P16000,CF401P16000,880.0,0.0,0.0,0.0,13,878.0,888.0,13,897.0,881.0,886.0,880.0,21.0,18543.0,317
2023-05-09 21:30:42,CF401P16000,CF401P16000,880.0,0.0,0.0,0.0,3,878.0,888.0,13,897.0,881.0,886.0,880.0,21.0,18543.0,317
2023-05-09 21:30:48,CF401P16000,CF401P16000,880.0,0.0,0.0,0.0,3,878.0,886.0,10,897.0,881.0,886.0,880.0,21.0,18543.0,317
2023-05-09 21:31:21,CF401P16000,CF401P16000,880.0,0.0,0.0,0.0,10,875.0,886.0,20,897.0,881.0,886.0,880.0,21.0,18543.0,317
2023-05-09 21:31:21,CF401P16000,CF401P16000,880.0,0.0,0.0,0.0,3,874.0,886.0,20,897.0,881.0,886.0,880.0,21.0,18543.0,317
2023-05-09 21:31:23,CF401P16000,CF401P16000,880.0,0.0,0.0,0.0,10,875.0,886.0,20,897.0,881.0,886.0,880.0,21.0,18543.0,317
2023-05-09 21:31:23,CF401P16000,CF401P16000,880.0,0.0,0.0,0.0,13,874.0,886.0,20,897.0,881.0,886.0,880.0,21.0,18543.0,317
2023-05-09 21:31:26,CF401P16000,CF401P16000,880.0,0.0,0.0,0.0,10,875.0,886.0,20,897.0,881.0,886.0,880.0,21.0,18543.0,317
2023-05-09 21:31:27,CF401P16000,CF401P16000,880.0,0.0,0.0,0.0,13,874.0,886.0,20,897.0,881.0,886.0,880.0,21.0,18543.0,317
2023-05-09 21:31:31,CF401P16000,CF401P16000,880.0,0.0,0.0,0.0,23,874.0,886.0,20,897.0,881.0,886.0,880.0,21.0,18543.0,317
2023-05-09 21:31:31,CF401P16000,CF401P16000,880.0,0.0,0.0,0.0,23,874.0,886.0,10,897.0,881.0,886.0,880.0,21.0,18543.0,317
2023-05-09 21:31:32,CF401P16000,CF401P16000,880.0,0.0,0.0,0.0,10,877.0,886.0,10,897.0,881.0,886.0,880.0,21.0,18543.0,317
2023-05-09 21:31:36,CF401P16000,CF401P16000,880.0,0.0,0.0,0.0,10,876.0,886.0,10,897.0,881.0,886.0,880.0,21.0,18543.0,317
2023-05-09 21:31:39,CF401P16000,CF401P16000,880.0,0.0,0.0,0.0,10,877.0,886.0,10,897.0,881.0,886.0,880.0,21.0,18543.0,317
2023-05-09 21:31:42,CF401P16000,CF401P16000,880.0,0.0,0.0,0.0,20,877.0,886.0,10,897.0,881.0,886.0,880.0,21.0,18543.0,317
2023-05-09 21:31:44,CF401P16000,CF401P16000,880.0,0.0,0.0,0.0,10,877.0,886.0,10,897.0,881.0,886.0,880.0,21.0,18543.0,317
2023-05-09 21:31:53,CF401P16000,CF401P16000,880.0,0.0,0.0,0.0,20,875.0,886.0,10,897.0,881.0,886.0,880.0,21.0,18543.0,317
2023-05-09 21:31:57,CF401P16000,CF401P16000,880.0,0.0,0.0,0.0,10,875.0,886.0,30,897.0,881.0,886.0,880.0,21.0,18543.0,317
2023-05-09 21:31:58,CF401P16000,CF401P16000,880.0,0.0,0.0,0.0,3,874.0,886.0,30,897.0,881.0,886.0,880.0,21.0,18543.0,317
2023-05-09 21:32:00,CF401P16000,CF401P16000,880.0,0.0,0.0,0.0,3,874.0,886.0,40,897.0,881.0,886.0,880.0,21.0,18543.0,317
2023-05-09 21:32:00,CF401P16000,CF401P16000,880.0,0.0,0.0,0.0,3,874.0,884.0,10,897.0,881.0,886.0,880.0,21.0,18543.0,317
2023-05-09 21:32:00,CF401P16000,CF401P16000,880.0,0.0,0.0,0.0,3,874.0,886.0,40,897.0,881.0,886.0,880.0,21.0,18543.0,317
2023-05-09 21:32:00,CF401P16000,CF401P16000,880.0,0.0,0.0,0.0,3,874.0,884.0,10,897.0,881.0,886.0,880.0,21.0,18543.0,317
2023-05-09 21:32:08,CF401P16000,CF401P16000,880.0,0.0,0.0,0.0,3,874.0,882.0,10,897.0,881.0,886.0,880.0,21.0,18543.0,317
2023-05-09 21:32:09,CF401P16000,CF401P16000,880.0,0.0,0.0,0.0,3,874.0,882.0,40,897.0,881.0,886.0,880.0,21.0,18543.0,317
2023-05-09 21:32:09,CF401P16000,CF401P16000,880.0,0.0,0.0,0.0,10,869.0,882.0,30,897.0,881.0,886.0,880.0,21.0,18543.0,317
2023-05-09 21:32:10,CF401P16000,CF401P16000,880.0,0.0,0.0,0.0,10,869.0,881.0,10,897.0,881.0,886.0,880.0,21.0,18543.0,317
2023-05-09 21:32:10,CF401P16000,CF401P16000,880.0,0.0,0.0,0.0,20,869.0,881.0,10,897.0,881.0,886.0,880.0,21.0,18543.0,317
2023-05-09 21:32:13,CF401P16000,CF401P16000,880.0,0.0,0.0,0.0,30,869.0,882.0,40,897.0,881.0,886.0,880.0,21.0,18543.0,317
2023-05-09 21:32:15,CF401P16000,CF401P16000,880.0,0.0,0.0,0.0,20,869.0,882.0,40,897.0,881.0,886.0,880.0,21.0,18543.0,317
2023-05-09 21:32:21,CF401P16000,CF401P16000,880.0,0.0,0.0,0.0,3,870.0,882.0,40,897.0,881.0,886.0,880.0,21.0,18543.0,317
2023-05-09 21:32:22,CF401P16000,CF401P16000,880.0,0.0,0.0,0.0,10,873.0,882.0,30,897.0,881.0,886.0,880.0,21.0,18543.0,317
2023-05-09 21:32:22,CF401P16000,CF401P16000,880.0,0.0,0.0,0.0,10,873.0,882.0,20,897.0,881.0,886.0,880.0,21.0,18543.0,317
2023-05-09 21:32:23,CF401P16000,CF401P16000,880.0,0.0,0.0,0.0,10,872.0,882.0,20,897.0,881.0,886.0,880.0,21.0,18543.0,317
2023-05-09 21:32:23,CF401P16000,CF401P16000,880.0,0.0,0.0,0.0,10,873.0,882.0,20,897.0,881.0,886.0,880.0,21.0,18543.0,317
2023-05-09 21:32:24,CF401P16000,CF401P16000,880.0,0.0,0.0,0.0,13,870.0,882.0,20,897.0,881.0,886.0,880.0,21.0,18543.0,317
2023-05-09 21:32:26,CF401P16000,CF401P16000,880.0,0.0,0.0,0.0,13,870.0,881.0,10,897.0,881.0,886.0,880.0,21.0,18543.0,317
2023-05-09 21:32:34,CF401P16000,CF401P16000,880.0,0.0,0.0,0.0,3,870.0,881.0,10,897.0,881.0,886.0,880.0,21.0,18543.0,317
2023-05-09 21:32:34,CF401P16000,CF401P16000,880.0,0.0,0.0,0.0,3,870.0,878.0,10,897.0,881.0,886.0,880.0,21.0,18543.0,317
2023-05-09 21:32:35,CF401P16000,CF401P16000,880.0,0.0,0.0,0.0,3,870.0,878.0,20,897.0,881.0,886.0,880.0,21.0,18543.0,317
2023-05-09 21:32:41,CF401P16000,CF401P16000,880.0,0.0,0.0,0.0,13,870.0,878.0,20,897.0,881.0,886.0,880.0,21.0,18543.0,317
2023-05-09 21:32:41,CF401P16000,CF401P16000,880.0,0.0,0.0,0.0,3,870.0,878.0,20,897.0,881.0,886.0,880.0,21.0,18543.0,317
2023-05-09 21:33:06,CF401P16000,CF401P16000,880.0,0.0,0.0,0.0,3,867.0,878.0,20,897.0,881.0,886.0,880.0,21.0,18543.0,317
2023-05-09 21:33:06,CF401P16000,CF401P16000,880.0,0.0,0.0,0.0,3,867.0,877.0,10,897.0,881.0,886.0,880.0,21.0,18543.0,317
2023-05-09 21:33:27,CF401P16000,CF401P16000,880.0,0.0,0.0,0.0,3,867.0,875.0,20,897.0,881.0,886.0,880.0,21.0,18543.0,317
2023-05-09 21:33:29,CF401P16000,CF401P16000,880.0,0.0,0.0,0.0,13,867.0,877.0,40,897.0,881.0,886.0,880.0,21.0,18543.0,317
2023-05-09 21:33:29,CF401P16000,CF401P16000,880.0,0.0,0.0,0.0,3,867.0,877.0,30,897.0,881.0,886.0,880.0,21.0,18543.0,317
2023-05-09 21:33:32,CF401P16000,CF401P16000,880.0,0.0,0.0,0.0,13,867.0,877.0,30,897.0,881.0,886.0,880.0,21.0,18543.0,317
2023-05-09 21:33:33,CF401P16000,CF401P16000,880.0,0.0,0.0,0.0,3,867.0,877.0,30,897.0,881.0,886.0,880.0,21.0,18543.0,317
2023-05-09 21:33:38,CF401P16000,CF401P16000,880.0,0.0,0.0,0.0,3,867.0,877.0,40,897.0,881.0,886.0,880.0,21.0,18543.0,317
2023-05-09 21:33:46,CF401P16000,CF401P16000,880.0,0.0,0.0,0.0,3,867.0,875.0,10,897.0,881.0,886.0,880.0,21.0,18543.0,317
2023-05-09 21:33:47,CF401P16000,CF401P16000,880.0,0.0,0.0,0.0,3,867.0,875.0,20,897.0,881.0,886.0,880.0,21.0,18543.0,317
2023-05-09 21:34:11,CF401P16000,CF401P16000,880.0,0.0,0.0,0.0,10,868.0,875.0,20,897.0,881.0,886.0,880.0,21.0,18543.0,317
2023-05-09 21:34:12,CF401P16000,CF401P16000,880.0,0.0,0.0,0.0,3,867.0,875.0,20,897.0,881.0,886.0,880.0,21.0,18543.0,317
2023-05-09 21:35:05,CF401P16000,CF401P16000,880.0,0.0,0.0,0.0,3,867.0,875.0,10,897.0,881.0,886.0,880.0,21.0,18543.0,317
2023-05-09 21:35:10,CF401P16000,CF401P16000,880.0,0.0,0.0,0.0,10,868.0,875.0,10,897.0,881.0,886.0,880.0,21.0,18543.0,317
2023-05-09 21:35:13,CF401P16000,CF401P16000,880.0,0.0,0.0,0.0,13,867.0,875.0,10,897.0,881.0,886.0,880.0,21.0,18543.0,317
2023-05-09 21:35:13,CF401P16000,CF401P16000,880.0,0.0,0.0,0.0,3,867.0,875.0,10,897.0,881.0,886.0,880.0,21.0,18543.0,317
2023-05-09 21:35:21,CF401P16000,CF401P16000,880.0,0.0,0.0,0.0,20,865.0,875.0,10,897.0,881.0,886.0,880.0,21.0,18543.0,317
2023-05-09 21:35:22,CF401P16000,CF401P16000,880.0,0.0,0.0,0.0,10,868.0,875.0,10,897.0,881.0,886.0,880.0,21.0,18543.0,317
2023-05-09 21:35:26,CF401P16000,CF401P16000,880.0,0.0,0.0,0.0,10,869.0,876.0,3,897.0,881.0,886.0,880.0,21.0,18543.0,317
2023-05-09 21:35:34,CF401P16000,CF401P16000,880.0,0.0,0.0,0.0,20,869.0,876.0,3,897.0,881.0,886.0,880.0,21.0,18543.0,317
2023-05-09 21:35:35,CF401P16000,CF401P16000,880.0,0.0,0.0,0.0,10,869.0,876.0,3,897.0,881.0,886.0,880.0,21.0,18543.0,317
2023-05-09 21:35:41,CF401P16000,CF401P16000,880.0,0.0,0.0,0.0,10,870.0,876.0,3,897.0,881.0,886.0,880.0,21.0,18543.0,317
2023-05-09 21:35:41,CF401P16000,CF401P16000,880.0,0.0,0.0,0.0,10,869.0,876.0,3,897.0,881.0,886.0,880.0,21.0,18543.0,317
2023-05-09 21:35:43,CF401P16000,CF401P16000,880.0,0.0,0.0,0.0,10,870.0,879.0,20,897.0,881.0,886.0,880.0,21.0,18543.0,317
2023-05-09 21:35:45,CF401P16000,CF401P16000,880.0,0.0,0.0,0.0,3,871.0,879.0,20,897.0,881.0,886.0,880.0,21.0,18543.0,317
2023-05-09 21:35:46,CF401P16000,CF401P16000,880.0,0.0,0.0,0.0,3,871.0,879.0,30,897.0,881.0,886.0,880.0,21.0,18543.0,317
2023-05-09 21:35:52,CF401P16000,CF401P16000,880.0,0.0,0.0,0.0,3,871.0,879.0,20,897.0,881.0,886.0,880.0,21.0,18543.0,317
2023-05-09 21:36:05,CF401P16000,CF401P16000,880.0,0.0,0.0,0.0,13,871.0,879.0,20,897.0,881.0,886.0,880.0,21.0,18543.0,317
2023-05-09 21:36:11,CF401P16000,CF401P16000,880.0,0.0,0.0,0.0,13,871.0,879.0,10,897.0,881.0,886.0,880.0,21.0,18543.0,317
2023-05-09 21:36:15,CF401P16000,CF401P16000,880.0,0.0,0.0,0.0,10,872.0,879.0,10,897.0,881.0,886.0,880.0,21.0,18543.0,317
2023-05-09 21:36:16,CF401P16000,CF401P16000,879.0,10.0,8799.0,0.0,10,872.0,880.0,10,897.0,881.0,886.0,879.0,31.0,27342.0,317
2023-05-09 21:36:17,CF401P16000,CF401P16000,879.0,0.0,0.0,0.0,20,872.0,881.0,10,897.0,881.0,886.0,879.0,31.0,27342.0,317
2023-05-09 21:36:22,CF401P16000,CF401P16000,879.0,0.0,0.0,0.0,10,872.0,881.0,10,897.0,881.0,886.0,879.0,31.0,27342.0,317
2023-05-09 21:36:24,CF401P16000,CF401P16000,879.0,0.0,0.0,0.0,10,873.0,881.0,10,897.0,881.0,886.0,879.0,31.0,27342.0,317
2023-05-09 21:36:25,CF401P16000,CF401P16000,879.0,0.0,0.0,0.0,10,872.0,881.0,10,897.0,881.0,886.0,879.0,31.0,27342.0,317
2023-05-09 21:36:31,CF401P16000,CF401P16000,879.0,0.0,0.0,0.0,10,873.0,881.0,10,897.0,881.0,886.0,879.0,31.0,27342.0,317
2023-05-09 21:36:37,CF401P16000,CF401P16000,879.0,0.0,0.0,0.0,10,872.0,881.0,10,897.0,881.0,886.0,879.0,31.0,27342.0,317
2023-05-09 21:36:59,CF401P16000,CF401P16000,879.0,0.0,0.0,0.0,10,872.0,881.0,20,897.0,881.0,886.0,879.0,31.0,27342.0,317
2023-05-09 21:37:05,CF401P16000,CF401P16000,879.0,0.0,0.0,0.0,10,873.0,881.0,20,897.0,881.0,886.0,879.0,31.0,27342.0,317
2023-05-09 21:37:05,CF401P16000,CF401P16000,879.0,0.0,0.0,0.0,10,873.0,881.0,10,897.0,881.0,886.0,879.0,31.0,27342.0,317
2023-05-09 21:37:06,CF401P16000,CF401P16000,879.0,0.0,0.0,0.0,10,872.0,881.0,10,897.0,881.0,886.0,879.0,31.0,27342.0,317
2023-05-09 21:37:07,CF401P16000,CF401P16000,879.0,0.0,0.0,0.0,20,872.0,881.0,10,897.0,881.0,886.0,879.0,31.0,27342.0,317
2023-05-09 21:37:10,CF401P16000,CF401P16000,879.0,0.0,0.0,0.0,10,872.0,881.0,10,897.0,881.0,886.0,879.0,31.0,27342.0,317
2023-05-09 21:37:10,CF401P16000,CF401P16000,879.0,0.0,0.0,0.0,20,872.0,881.0,10,897.0,881.0,886.0,879.0,31.0,27342.0,317
2023-05-09 21:37:16,CF401P16000,CF401P16000,879.0,0.0,0.0,0.0,10,872.0,881.0,10,897.0,881.0,886.0,879.0,31.0,27342.0,317
2023-05-09 21:38:00,CF401P16000,CF401P16000,879.0,0.0,0.0,0.0,20,872.0,881.0,10,897.0,881.0,886.0,879.0,31.0,27342.0,317
2023-05-09 21:38:00,CF401P16000,CF401P16000,879.0,0.0,0.0,0.0,10,872.0,881.0,10,897.0,881.0,886.0,879.0,31.0,27342.0,317
2023-05-09 21:38:01,CF401P16000,CF401P16000,879.0,0.0,0.0,0.0,20,872.0,881.0,10,897.0,881.0,886.0,879.0,31.0,27342.0,317
2023-05-09 21:38:02,CF401P16000,CF401P16000,879.0,0.0,0.0,0.0,10,872.0,882.0,20,897.0,881.0,886.0,879.0,31.0,27342.0,317
2023-05-09 21:38:06,CF401P16000,CF401P16000,879.0,0.0,0.0,0.0,20,872.0,882.0,10,897.0,881.0,886.0,879.0,31.0,27342.0,317
2023-05-09 21:38:07,CF401P16000,CF401P16000,879.0,0.0,0.0,0.0,10,873.0,882.0,10,897.0,881.0,886.0,879.0,31.0,27342.0,317
2023-05-09 21:38:09,CF401P16000,CF401P16000,879.0,0.0,0.0,0.0,20,874.0,882.0,10,897.0,881.0,886.0,879.0,31.0,27342.0,317
2023-05-09 21:38:10,CF401P16000,CF401P16000,879.0,0.0,0.0,0.0,20,874.0,883.0,15,897.0,881.0,886.0,879.0,31.0,27342.0,317
2023-05-09 21:38:13,CF401P16000,CF401P16000,879.0,0.0,0.0,0.0,10,874.0,883.0,15,897.0,881.0,886.0,879.0,31.0,27342.0,317
2023-05-09 21:38:16,CF401P16000,CF401P16000,879.0,0.0,0.0,0.0,20,874.0,883.0,15,897.0,881.0,886.0,879.0,31.0,27342.0,317
2023-05-09 21:38:17,CF401P16000,CF401P16000,879.0,0.0,0.0,0.0,10,874.0,883.0,15,897.0,881.0,886.0,879.0,31.0,27342.0,317
2023-05-09 21:38:23,CF401P16000,CF401P16000,879.0,0.0,0.0,0.0,10,874.0,883.0,5,897.0,881.0,886.0,879.0,31.0,27342.0,317
2023-05-09 21:38:38,CF401P16000,CF401P16000,879.0,0.0,0.0,0.0,20,874.0,883.0,5,897.0,881.0,886.0,879.0,31.0,27342.0,317
2023-05-09 21:38:40,CF401P16000,CF401P16000,879.0,0.0,0.0,0.0,10,874.0,883.0,5,897.0,881.0,886.0,879.0,31.0,27342.0,317
2023-05-09 21:38:43,CF401P16000,CF401P16000,879.0,0.0,0.0,0.0,20,874.0,883.0,5,897.0,881.0,886.0,879.0,31.0,27342.0,317
2023-05-09 21:38:49,CF401P16000,CF401P16000,879.0,0.0,0.0,0.0,10,874.0,883.0,5,897.0,881.0,886.0,879.0,31.0,27342.0,317
2023-05-09 21:39:02,CF401P16000,CF401P16000,879.0,0.0,0.0,0.0,20,874.0,883.0,5,897.0,881.0,886.0,879.0,31.0,27342.0,317
2023-05-09 21:39:03,CF401P16000,CF401P16000,879.0,0.0,0.0,0.0,10,874.0,883.0,5,897.0,881.0,886.0,879.0,31.0,27342.0,317
2023-05-09 21:39:05,CF401P16000,CF401P16000,879.0,0.0,0.0,0.0,10,875.0,883.0,5,897.0,881.0,886.0,879.0,31.0,27342.0,317
2023-05-09 21:39:06,CF401P16000,CF401P16000,879.0,0.0,0.0,0.0,10,878.0,886.0,20,897.0,881.0,886.0,879.0,31.0,27342.0,317
2023-05-09 21:39:07,CF401P16000,CF401P16000,879.0,0.0,0.0,0.0,20,878.0,886.0,20,897.0,881.0,886.0,879.0,31.0,27342.0,317
2023-05-09 21:39:08,CF401P16000,CF401P16000,879.0,0.0,0.0,0.0,10,878.0,886.0,20,897.0,881.0,886.0,879.0,31.0,27342.0,317
2023-05-09 21:39:29,CF401P16000,CF401P16000,879.0,0.0,0.0,0.0,20,878.0,886.0,10,897.0,881.0,886.0,879.0,31.0,27342.0,317
2023-05-09 21:39:29,CF401P16000,CF401P16000,879.0,0.0,0.0,0.0,20,878.0,888.0,20,897.0,881.0,886.0,879.0,31.0,27342.0,317
2023-05-09 21:39:33,CF401P16000,CF401P16000,879.0,0.0,0.0,0.0,20,878.0,888.0,10,897.0,881.0,886.0,879.0,31.0,27342.0,317
2023-05-09 21:39:35,CF401P16000,CF401P16000,879.0,0.0,0.0,0.0,20,878.0,889.0,30,897.0,881.0,886.0,879.0,31.0,27342.0,317
2023-05-09 21:39:37,CF401P16000,CF401P16000,879.0,0.0,0.0,0.0,10,878.0,889.0,30,897.0,881.0,886.0,879.0,31.0,27342.0,317
2023-05-09 21:39:39,CF401P16000,CF401P16000,879.0,0.0,0.0,0.0,20,878.0,889.0,30,897.0,881.0,886.0,879.0,31.0,27342.0,317
2023-05-09 21:39:45,CF401P16000,CF401P16000,879.0,0.0,0.0,0.0,10,878.0,889.0,30,897.0,881.0,886.0,879.0,31.0,27342.0,317
2023-05-09 21:39:47,CF401P16000,CF401P16000,879.0,0.0,0.0,0.0,20,878.0,889.0,30,897.0,881.0,886.0,879.0,31.0,27342.0,317
2023-05-09 21:39:52,CF401P16000,CF401P16000,879.0,0.0,0.0,0.0,10,878.0,889.0,30,897.0,881.0,886.0,879.0,31.0,27342.0,317
2023-05-09 21:39:53,CF401P16000,CF401P16000,879.0,0.0,0.0,0.0,20,878.0,889.0,30,897.0,881.0,886.0,879.0,31.0,27342.0,317
2023-05-09 21:39:57,CF401P16000,CF401P16000,879.0,0.0,0.0,0.0,20,878.0,889.0,20,897.0,881.0,886.0,879.0,31.0,27342.0,317
2023-05-09 21:40:02,CF401P16000,CF401P16000,879.0,0.0,0.0,0.0,10,878.0,889.0,30,897.0,881.0,886.0,879.0,31.0,27342.0,317
2023-05-09 21:40:02,CF401P16000,CF401P16000,879.0,0.0,0.0,0.0,15,877.0,888.0,20,897.0,881.0,886.0,879.0,31.0,27342.0,317
2023-05-09 21:40:03,CF401P16000,CF401P16000,879.0,0.0,0.0,0.0,15,877.0,888.0,30,897.0,881.0,886.0,879.0,31.0,27342.0,317
2023-05-09 21:40:05,CF401P16000,CF401P16000,879.0,0.0,0.0,0.0,10,878.0,888.0,30,897.0,881.0,886.0,879.0,31.0,27342.0,317
2023-05-09 21:40:06,CF401P16000,CF401P16000,879.0,0.0,0.0,0.0,10,880.0,889.0,20,897.0,881.0,886.0,879.0,31.0,27342.0,317
2023-05-09 21:40:08,CF401P16000,CF401P16000,879.0,0.0,0.0,0.0,10,881.0,889.0,20,897.0,881.0,886.0,879.0,31.0,27342.0,317
2023-05-09 21:40:16,CF401P16000,CF401P16000,879.0,0.0,0.0,0.0,10,880.0,889.0,20,897.0,881.0,886.0,879.0,31.0,27342.0,317
2023-05-09 21:40:17,CF401P16000,CF401P16000,879.0,0.0,0.0,0.0,10,881.0,889.0,20,897.0,881.0,886.0,879.0,31.0,27342.0,317
2023-05-09 21:40:21,CF401P16000,CF401P16000,879.0,0.0,0.0,0.0,10,880.0,889.0,20,897.0,881.0,886.0,879.0,31.0,27342.0,317
2023-05-09 21:40:28,CF401P16000,CF401P16000,879.0,0.0,0.0,0.0,20,880.0,889.0,10,897.0,881.0,886.0,879.0,31.0,27342.0,317
2023-05-09 21:40:29,CF401P16000,CF401P16000,879.0,0.0,0.0,0.0,20,880.0,891.0,25,897.0,881.0,886.0,879.0,31.0,27342.0,317
2023-05-09 21:40:30,CF401P16000,CF401P16000,879.0,0.0,0.0,0.0,20,880.0,891.0,15,897.0,881.0,886.0,879.0,31.0,27342.0,317
2023-05-09 21:40:44,CF401P16000,CF401P16000,879.0,0.0,0.0,0.0,10,885.0,891.0,5,897.0,881.0,886.0,879.0,31.0,27342.0,317
2023-05-09 21:40:46,CF401P16000,CF401P16000,879.0,0.0,0.0,0.0,20,885.0,891.0,5,897.0,881.0,886.0,879.0,31.0,27342.0,317
2023-05-09 21:40:52,CF401P16000,CF401P16000,879.0,0.0,0.0,0.0,10,885.0,891.0,5,897.0,881.0,886.0,879.0,31.0,27342.0,317
2023-05-09 21:40:52,CF401P16000,CF401P16000,879.0,0.0,0.0,0.0,10,882.0,891.0,5,897.0,881.0,886.0,879.0,31.0,27342.0,317
2023-05-09 21:40:55,CF401P16000,CF401P16000,879.0,0.0,0.0,0.0,10,883.0,891.0,5,897.0,881.0,886.0,879.0,31.0,27342.0,317
2023-05-09 21:40:57,CF401P16000,CF401P16000,879.0,0.0,0.0,0.0,10,884.0,891.0,5,897.0,881.0,886.0,879.0,31.0,27342.0,317
2023-05-09 21:40:59,CF401P16000,CF401P16000,879.0,0.0,0.0,0.0,10,885.0,891.0,5,897.0,881.0,886.0,879.0,31.0,27342.0,317
2023-05-09 21:41:14,CF401P16000,CF401P16000,879.0,0.0,0.0,0.0,20,884.0,891.0,5,897.0,881.0,886.0,879.0,31.0,27342.0,317
2023-05-09 21:41:26,CF401P16000,CF401P16000,879.0,0.0,0.0,0.0,30,884.0,897.0,10,897.0,881.0,886.0,879.0,31.0,27342.0,317
2023-05-09 21:41:27,CF401P16000,CF401P16000,879.0,0.0,0.0,0.0,10,886.0,897.0,10,897.0,881.0,886.0,879.0,31.0,27342.0,317
2023-05-09 21:41:28,CF401P16000,CF401P16000,879.0,0.0,0.0,0.0,10,889.0,897.0,10,897.0,881.0,886.0,879.0,31.0,27342.0,317
2023-05-09 21:41:28,CF401P16000,CF401P16000,879.0,0.0,0.0,0.0,10,886.0,897.0,10,897.0,881.0,886.0,879.0,31.0,27342.0,317
2023-05-09 21:41:29,CF401P16000,CF401P16000,879.0,0.0,0.0,0.0,10,887.0,897.0,10,897.0,881.0,886.0,879.0,31.0,27342.0,317
2023-05-09 21:41:30,CF401P16000,CF401P16000,879.0,0.0,0.0,0.0,10,889.0,897.0,10,897.0,881.0,886.0,879.0,31.0,27342.0,317
2023-05-09 21:41:57,CF401P16000,CF401P16000,879.0,0.0,0.0,0.0,20,889.0,897.0,10,897.0,881.0,886.0,879.0,31.0,27342.0,317
2023-05-09 21:42:10,CF401P16000,CF401P16000,879.0,0.0,0.0,0.0,5,887.0,897.0,10,897.0,881.0,886.0,879.0,31.0,27342.0,317
2023-05-09 21:42:11,CF401P16000,CF401P16000,879.0,0.0,0.0,0.0,5,887.0,896.0,10,897.0,881.0,886.0,879.0,31.0,27342.0,317
2023-05-09 21:42:11,CF401P16000,CF401P16000,879.0,0.0,0.0,0.0,5,887.0,897.0,10,897.0,881.0,886.0,879.0,31.0,27342.0,317
2023-05-09 21:42:12,CF401P16000,CF401P16000,879.0,0.0,0.0,0.0,15,887.0,897.0,10,897.0,881.0,886.0,879.0,31.0,27342.0,317
2023-05-09 21:42:14,CF401P16000,CF401P16000,879.0,0.0,0.0,0.0,5,887.0,897.0,10,897.0,881.0,886.0,879.0,31.0,27342.0,317
2023-05-09 21:42:14,CF401P16000,CF401P16000,879.0,0.0,0.0,0.0,5,887.0,896.0,10,897.0,881.0,886.0,879.0,31.0,27342.0,317
2023-05-09 21:42:18,CF401P16000,CF401P16000,879.0,0.0,0.0,0.0,5,887.0,896.0,20,897.0,881.0,886.0,879.0,31.0,27342.0,317
2023-05-09 21:42:19,CF401P16000,CF401P16000,879.0,0.0,0.0,0.0,5,887.0,897.0,30,897.0,881.0,886.0,879.0,31.0,27342.0,317
2023-05-09 21:42:20,CF401P16000,CF401P16000,879.0,0.0,0.0,0.0,5,887.0,897.0,20,897.0,881.0,886.0,879.0,31.0,27342.0,317
2023-05-09 21:42:21,CF401P16000,CF401P16000,879.0,0.0,0.0,0.0,10,889.0,897.0,20,897.0,881.0,886.0,879.0,31.0,27342.0,317
2023-05-09 21:42:22,CF401P16000,CF401P16000,879.0,0.0,0.0,0.0,15,887.0,897.0,20,897.0,881.0,886.0,879.0,31.0,27342.0,317
2023-05-09 21:42:25,CF401P16000,CF401P16000,879.0,0.0,0.0,0.0,5,887.0,897.0,20,897.0,881.0,886.0,879.0,31.0,27342.0,317
2023-05-09 21:42:26,CF401P16000,CF401P16000,879.0,0.0,0.0,0.0,5,887.0,897.0,30,897.0,881.0,886.0,879.0,31.0,27342.0,317
2023-05-09 21:42:32,CF401P16000,CF401P16000,879.0,0.0,0.0,0.0,10,885.0,895.0,25,897.0,881.0,886.0,879.0,31.0,27342.0,317
2023-05-09 21:42:32,CF401P16000,CF401P16000,879.0,0.0,0.0,0.0,5,883.0,894.0,20,897.0,881.0,886.0,879.0,31.0,27342.0,317
2023-05-09 21:42:43,CF401P16000,CF401P16000,879.0,0.0,0.0,0.0,5,883.0,891.0,10,897.0,881.0,886.0,879.0,31.0,27342.0,317
2023-05-09 21:42:43,CF401P16000,CF401P16000,879.0,0.0,0.0,0.0,5,883.0,891.0,20,897.0,881.0,886.0,879.0,31.0,27342.0,317
2023-05-09 21:42:59,CF401P16000,CF401P16000,879.0,0.0,0.0,0.0,10,880.0,891.0,20,897.0,881.0,886.0,879.0,31.0,27342.0,317
2023-05-09 21:43:00,CF401P16000,CF401P16000,879.0,0.0,0.0,0.0,10,880.0,891.0,30,897.0,881.0,886.0,879.0,31.0,27342.0,317
2023-05-09 21:43:04,CF401P16000,CF401P16000,879.0,0.0,0.0,0.0,10,873.0,886.0,10,897.0,881.0,886.0,879.0,31.0,27342.0,317
2023-05-09 21:43:05,CF401P16000,CF401P16000,879.0,0.0,0.0,0.0,5,874.0,886.0,20,897.0,881.0,886.0,879.0,31.0,27342.0,317
2023-05-09 21:43:06,CF401P16000,CF401P16000,879.0,0.0,0.0,0.0,15,874.0,886.0,20,897.0,881.0,886.0,879.0,31.0,27342.0,317
2023-05-09 21:43:07,CF401P16000,CF401P16000,879.0,0.0,0.0,0.0,5,874.0,886.0,20,897.0,881.0,886.0,879.0,31.0,27342.0,317
2023-05-09 21:43:12,CF401P16000,CF401P16000,879.0,0.0,0.0,0.0,5,874.0,886.0,30,897.0,881.0,886.0,879.0,31.0,27342.0,317
2023-05-09 21:43:14,CF401P16000,CF401P16000,879.0,0.0,0.0,0.0,5,874.0,886.0,20,897.0,881.0,886.0,879.0,31.0,27342.0,317
2023-05-09 21:43:25,CF401P16000,CF401P16000,879.0,0.0,0.0,0.0,10,875.0,886.0,10,897.0,881.0,886.0,879.0,31.0,27342.0,317
2023-05-09 21:43:26,CF401P16000,CF401P16000,879.0,0.0,0.0,0.0,20,875.0,886.0,10,897.0,881.0,886.0,879.0,31.0,27342.0,317
2023-05-09 21:43:53,CF401P16000,CF401P16000,879.0,0.0,0.0,0.0,10,875.0,886.0,20,897.0,881.0,886.0,879.0,31.0,27342.0,317
2023-05-09 21:43:54,CF401P16000,CF401P16000,879.0,0.0,0.0,0.0,10,875.0,885.0,10,897.0,881.0,886.0,879.0,31.0,27342.0,317
2023-05-09 21:44:02,CF401P16000,CF401P16000,879.0,0.0,0.0,0.0,5,874.0,885.0,10,897.0,881.0,886.0,879.0,31.0,27342.0,317
2023-05-09 21:44:37,CF401P16000,CF401P16000,879.0,0.0,0.0,0.0,5,874.0,883.0,10,897.0,881.0,886.0,879.0,31.0,27342.0,317
2023-05-09 21:44:37,CF401P16000,CF401P16000,879.0,0.0,0.0,0.0,5,874.0,882.0,10,897.0,881.0,886.0,879.0,31.0,27342.0,317
2023-05-09 21:45:17,CF401P16000,CF401P16000,879.0,0.0,0.0,0.0,5,874.0,883.0,10,897.0,881.0,886.0,879.0,31.0,27342.0,317
2023-05-09 21:45:39,CF401P16000,CF401P16000,879.0,0.0,0.0,0.0,10,873.0,881.0,10,897.0,881.0,886.0,879.0,31.0,27342.0,317
2023-05-09 21:45:42,CF401P16000,CF401P16000,879.0,0.0,0.0,0.0,10,870.0,881.0,10,897.0,881.0,886.0,879.0,31.0,27342.0,317
2023-05-09 21:45:45,CF401P16000,CF401P16000,879.0,0.0,0.0,0.0,10,872.0,881.0,10,897.0,881.0,886.0,879.0,31.0,27342.0,317
2023-05-09 21:45:47,CF401P16000,CF401P16000,879.0,0.0,0.0,0.0,20,869.0,881.0,10,897.0,881.0,886.0,879.0,31.0,27342.0,317
2023-05-09 21:45:57,CF401P16000,CF401P16000,879.0,0.0,0.0,0.0,20,869.0,880.0,15,897.0,881.0,886.0,879.0,31.0,27342.0,317
2023-05-09 21:46:02,CF401P16000,CF401P16000,879.0,0.0,0.0,0.0,30,869.0,880.0,5,897.0,881.0,886.0,879.0,31.0,27342.0,317
2023-05-09 21:46:13,CF401P16000,CF401P16000,879.0,0.0,0.0,0.0,30,869.0,880.0,15,897.0,881.0,886.0,879.0,31.0,27342.0,317
2023-05-09 21:46:18,CF401P16000,CF401P16000,879.0,0.0,0.0,0.0,30,869.0,880.0,10,897.0,881.0,886.0,879.0,31.0,27342.0,317
2023-05-09 21:46:18,CF401P16000,CF401P16000,879.0,0.0,0.0,0.0,30,869.0,878.0,10,897.0,881.0,886.0,879.0,31.0,27342.0,317
2023-05-09 21:46:23,CF401P16000,CF401P16000,879.0,0.0,0.0,0.0,40,869.0,878.0,10,897.0,881.0,886.0,879.0,31.0,27342.0,317
2023-05-09 21:46:23,CF401P16000,CF401P16000,879.0,0.0,0.0,0.0,40,869.0,880.0,30,897.0,881.0,886.0,879.0,31.0,27342.0,317
2023-05-09 21:46:36,CF401P16000,CF401P16000,879.0,0.0,0.0,0.0,30,869.0,878.0,10,897.0,881.0,886.0,879.0,31.0,27342.0,317
2023-05-09 21:46:39,CF401P16000,CF401P16000,879.0,0.0,0.0,0.0,40,869.0,878.0,10,897.0,881.0,886.0,879.0,31.0,27342.0,317
2023-05-09 21:46:40,CF401P16000,CF401P16000,879.0,0.0,0.0,0.0,40,869.0,880.0,20,897.0,881.0,886.0,879.0,31.0,27342.0,317
2023-05-09 21:46:47,CF401P16000,CF401P16000,879.0,0.0,0.0,0.0,30,869.0,878.0,10,897.0,881.0,886.0,879.0,31.0,27342.0,317
2023-05-09 21:46:48,CF401P16000,CF401P16000,879.0,0.0,0.0,0.0,20,869.0,878.0,10,897.0,881.0,886.0,879.0,31.0,27342.0,317
2023-05-09 21:46:51,CF401P16000,CF401P16000,879.0,0.0,0.0,0.0,30,869.0,878.0,10,897.0,881.0,886.0,879.0,31.0,27342.0,317
2023-05-09 21:46:51,CF401P16000,CF401P16000,879.0,0.0,0.0,0.0,30,869.0,880.0,40,897.0,881.0,886.0,879.0,31.0,27342.0,317
2023-05-09 21:46:52,CF401P16000,CF401P16000,879.0,0.0,0.0,0.0,10,873.0,880.0,30,897.0,881.0,886.0,879.0,31.0,27342.0,317
2023-05-09 21:47:00,CF401P16000,CF401P16000,879.0,0.0,0.0,0.0,10,872.0,880.0,30,897.0,881.0,886.0,879.0,31.0,27342.0,317
2023-05-09 21:47:06,CF401P16000,CF401P16000,879.0,0.0,0.0,0.0,13,870.0,880.0,20,897.0,881.0,886.0,879.0,31.0,27342.0,317
2023-05-09 21:47:28,CF401P16000,CF401P16000,879.0,0.0,0.0,0.0,10,873.0,880.0,20,897.0,881.0,886.0,879.0,31.0,27342.0,317
2023-05-09 21:47:29,CF401P16000,CF401P16000,879.0,0.0,0.0,0.0,10,873.0,882.0,43,897.0,881.0,886.0,879.0,31.0,27342.0,317
2023-05-09 21:47:38,CF401P16000,CF401P16000,879.0,0.0,0.0,0.0,10,872.0,882.0,43,897.0,881.0,886.0,879.0,31.0,27342.0,317
2023-05-09 21:47:38,CF401P16000,CF401P16000,879.0,0.0,0.0,0.0,13,870.0,882.0,53,897.0,881.0,886.0,879.0,31.0,27342.0,317
2023-05-09 21:47:39,CF401P16000,CF401P16000,879.0,0.0,0.0,0.0,13,870.0,881.0,10,897.0,881.0,886.0,879.0,31.0,27342.0,317
2023-05-09 21:47:42,CF401P16000,CF401P16000,879.0,0.0,0.0,0.0,13,870.0,880.0,10,897.0,881.0,886.0,879.0,31.0,27342.0,317
2023-05-09 21:47:50,CF401P16000,CF401P16000,879.0,0.0,0.0,0.0,13,870.0,881.0,20,897.0,881.0,886.0,879.0,31.0,27342.0,317
2023-05-09 21:48:00,CF401P16000,CF401P16000,879.0,0.0,0.0,0.0,10,873.0,881.0,20,897.0,881.0,886.0,879.0,31.0,27342.0,317
2023-05-09 21:48:07,CF401P16000,CF401P16000,879.0,0.0,0.0,0.0,13,870.0,881.0,20,897.0,881.0,886.0,879.0,31.0,27342.0,317
2023-05-09 21:48:12,CF401P16000,CF401P16000,879.0,0.0,0.0,0.0,23,870.0,881.0,20,897.0,881.0,886.0,879.0,31.0,27342.0,317
2023-05-09 21:48:20,CF401P16000,CF401P16000,879.0,0.0,0.0,0.0,23,870.0,881.0,10,897.0,881.0,886.0,879.0,31.0,27342.0,317
2023-05-09 21:48:23,CF401P16000,CF401P16000,879.0,0.0,0.0,0.0,13,870.0,881.0,10,897.0,881.0,886.0,879.0,31.0,27342.0,317
2023-05-09 21:48:32,CF401P16000,CF401P16000,879.0,0.0,0.0,0.0,13,870.0,880.0,10,897.0,881.0,886.0,879.0,31.0,27342.0,317
2023-05-09 21:48:34,CF401P16000,CF401P16000,879.0,0.0,0.0,0.0,3,870.0,877.0,10,897.0,881.0,886.0,879.0,31.0,27342.0,317
2023-05-09 21:48:34,CF401P16000,CF401P16000,879.0,0.0,0.0,0.0,3,870.0,877.0,20,897.0,881.0,886.0,879.0,31.0,27342.0,317
2023-05-09 21:49:02,CF401P16000,CF401P16000,879.0,0.0,0.0,0.0,3,867.0,877.0,20,897.0,881.0,886.0,879.0,31.0,27342.0,317
2023-05-09 21:49:11,CF401P16000,CF401P16000,879.0,0.0,0.0,0.0,13,867.0,877.0,20,897.0,881.0,886.0,879.0,31.0,27342.0,317
2023-05-09 21:49:21,CF401P16000,CF401P16000,879.0,0.0,0.0,0.0,13,867.0,876.0,10,897.0,881.0,886.0,879.0,31.0,27342.0,317
2023-05-09 21:49:24,CF401P16000,CF401P16000,879.0,0.0,0.0,0.0,3,867.0,876.0,10,897.0,881.0,886.0,879.0,31.0,27342.0,317
2023-05-09 21:49:40,CF401P16000,CF401P16000,879.0,0.0,0.0,0.0,13,867.0,876.0,10,897.0,881.0,886.0,879.0,31.0,27342.0,317
2023-05-09 21:49:41,CF401P16000,CF401P16000,879.0,0.0,0.0,0.0,3,867.0,876.0,10,897.0,881.0,886.0,879.0,31.0,27342.0,317
2023-05-09 21:49:50,CF401P16000,CF401P16000,879.0,0.0,0.0,0.0,3,867.0,874.0,10,897.0,881.0,886.0,879.0,31.0,27342.0,317
2023-05-09 21:49:51,CF401P16000,CF401P16000,879.0,0.0,0.0,0.0,3,867.0,874.0,20,897.0,881.0,886.0,879.0,31.0,27342.0,317
2023-05-09 21:49:54,CF401P16000,CF401P16000,879.0,0.0,0.0,0.0,3,867.0,874.0,10,897.0,881.0,886.0,879.0,31.0,27342.0,317
2023-05-09 21:49:56,CF401P16000,CF401P16000,879.0,0.0,0.0,0.0,3,867.0,876.0,20,897.0,881.0,886.0,879.0,31.0,27342.0,317
2023-05-09 21:50:15,CF401P16000,CF401P16000,879.0,0.0,0.0,0.0,3,867.0,875.0,10,897.0,881.0,886.0,879.0,31.0,27342.0,317
2023-05-09 21:50:20,CF401P16000,CF401P16000,879.0,0.0,0.0,0.0,3,867.0,873.0,10,897.0,881.0,886.0,879.0,31.0,27342.0,317
2023-05-09 21:50:22,CF401P16000,CF401P16000,879.0,0.0,0.0,0.0,3,867.0,873.0,20,897.0,881.0,886.0,879.0,31.0,27342.0,317
2023-05-09 21:50:29,CF401P16000,CF401P16000,879.0,0.0,0.0,0.0,10,863.0,873.0,20,897.0,881.0,886.0,879.0,31.0,27342.0,317
2023-05-09 21:50:30,CF401P16000,CF401P16000,879.0,0.0,0.0,0.0,10,863.0,873.0,10,897.0,881.0,886.0,879.0,31.0,27342.0,317
2023-05-09 21:50:31,CF401P16000,CF401P16000,879.0,0.0,0.0,0.0,20,863.0,873.0,10,897.0,881.0,886.0,879.0,31.0,27342.0,317
2023-05-09 21:50:34,CF401P16000,CF401P16000,879.0,0.0,0.0,0.0,20,863.0,873.0,20,897.0,881.0,886.0,879.0,31.0,27342.0,317
2023-05-09 21:50:35,CF401P16000,CF401P16000,879.0,0.0,0.0,0.0,10,863.0,873.0,20,897.0,881.0,886.0,879.0,31.0,27342.0,317
2023-05-09 21:50:36,CF401P16000,CF401P16000,879.0,0.0,0.0,0.0,10,863.0,873.0,10,897.0,881.0,886.0,879.0,31.0,27342.0,317
2023-05-09 21:50:38,CF401P16000,CF401P16000,879.0,0.0,0.0,0.0,10,863.0,873.0,20,897.0,881.0,886.0,879.0,31.0,27342.0,317
2023-05-09 21:50:44,CF401P16000,CF401P16000,879.0,0.0,0.0,0.0,10,863.0,873.0,10,897.0,881.0,886.0,879.0,31.0,27342.0,317
2023-05-09 21:50:48,CF401P16000,CF401P16000,879.0,0.0,0.0,0.0,10,863.0,873.0,20,897.0,881.0,886.0,879.0,31.0,27342.0,317
2023-05-09 21:50:54,CF401P16000,CF401P16000,879.0,0.0,0.0,0.0,10,864.0,873.0,20,897.0,881.0,886.0,879.0,31.0,27342.0,317
2023-05-09 21:51:30,CF401P16000,CF401P16000,879.0,0.0,0.0,0.0,10,864.0,873.0,10,897.0,881.0,886.0,879.0,31.0,27342.0,317
2023-05-09 21:51:52,CF401P16000,CF401P16000,879.0,0.0,0.0,0.0,20,864.0,873.0,10,897.0,881.0,886.0,879.0,31.0,27342.0,317
2023-05-09 21:51:57,CF401P16000,CF401P16000,879.0,0.0,0.0,0.0,23,864.0,873.0,10,897.0,881.0,886.0,879.0,31.0,27342.0,317
2023-05-09 21:51:59,CF401P16000,CF401P16000,879.0,0.0,0.0,0.0,23,864.0,874.0,30,897.0,881.0,886.0,879.0,31.0,27342.0,317
2023-05-09 21:52:00,CF401P16000,CF401P16000,879.0,0.0,0.0,0.0,23,864.0,874.0,20,897.0,881.0,886.0,879.0,31.0,27342.0,317
2023-05-09 21:52:02,CF401P16000,CF401P16000,879.0,0.0,0.0,0.0,23,864.0,874.0,10,897.0,881.0,886.0,879.0,31.0,27342.0,317
2023-05-09 21:52:03,CF401P16000,CF401P16000,879.0,0.0,0.0,0.0,33,864.0,874.0,10,897.0,881.0,886.0,879.0,31.0,27342.0,317
2023-05-09 21:52:07,CF401P16000,CF401P16000,879.0,0.0,0.0,0.0,23,864.0,874.0,10,897.0,881.0,886.0,879.0,31.0,27342.0,317
2023-05-09 21:52:08,CF401P16000,CF401P16000,879.0,0.0,0.0,0.0,13,864.0,874.0,10,897.0,881.0,886.0,879.0,31.0,27342.0,317
2023-05-09 21:52:08,CF401P16000,CF401P16000,879.0,0.0,0.0,0.0,23,864.0,874.0,20,897.0,881.0,886.0,879.0,31.0,27342.0,317
2023-05-09 21:52:09,CF401P16000,CF401P16000,879.0,0.0,0.0,0.0,13,864.0,874.0,20,897.0,881.0,886.0,879.0,31.0,27342.0,317
2023-05-09 21:52:36,CF401P16000,CF401P16000,879.0,0.0,0.0,0.0,3,864.0,873.0,10,897.0,881.0,886.0,879.0,31.0,27342.0,317
2023-05-09 21:52:36,CF401P16000,CF401P16000,879.0,0.0,0.0,0.0,3,864.0,873.0,20,897.0,881.0,886.0,879.0,31.0,27342.0,317
2023-05-09 21:52:45,CF401P16000,CF401P16000,879.0,0.0,0.0,0.0,3,864.0,873.0,10,897.0,881.0,886.0,879.0,31.0,27342.0,317
2023-05-09 21:52:59,CF401P16000,CF401P16000,879.0,0.0,0.0,0.0,10,866.0,874.0,30,897.0,881.0,886.0,879.0,31.0,27342.0,317
2023-05-09 21:52:59,CF401P16000,CF401P16000,879.0,0.0,0.0,0.0,10,866.0,876.0,43,897.0,881.0,886.0,879.0,31.0,27342.0,317
2023-05-09 21:52:59,CF401P16000,CF401P16000,879.0,0.0,0.0,0.0,10,866.0,876.0,23,897.0,881.0,886.0,879.0,31.0,27342.0,317
2023-05-09 21:53:08,CF401P16000,CF401P16000,879.0,0.0,0.0,0.0,10,866.0,875.0,10,897.0,881.0,886.0,879.0,31.0,27342.0,317
2023-05-09 21:53:42,CF401P16000,CF401P16000,879.0,0.0,0.0,0.0,10,866.0,875.0,20,897.0,881.0,886.0,879.0,31.0,27342.0,317
2023-05-09 21:53:42,CF401P16000,CF401P16000,879.0,0.0,0.0,0.0,13,864.0,875.0,20,897.0,881.0,886.0,879.0,31.0,27342.0,317
2023-05-09 21:53:51,CF401P16000,CF401P16000,879.0,0.0,0.0,0.0,10,865.0,875.0,20,897.0,881.0,886.0,879.0,31.0,27342.0,317
2023-05-09 21:53:55,CF401P16000,CF401P16000,879.0,0.0,0.0,0.0,13,864.0,875.0,20,897.0,881.0,886.0,879.0,31.0,27342.0,317
2023-05-09 21:53:56,CF401P16000,CF401P16000,879.0,0.0,0.0,0.0,10,865.0,875.0,20,897.0,881.0,886.0,879.0,31.0,27342.0,317
2023-05-09 21:53:56,CF401P16000,CF401P16000,879.0,0.0,0.0,0.0,10,865.0,873.0,10,897.0,881.0,886.0,879.0,31.0,27342.0,317
2023-05-09 21:54:01,CF401P16000,CF401P16000,879.0,0.0,0.0,0.0,13,864.0,873.0,20,897.0,881.0,886.0,879.0,31.0,27342.0,317
2023-05-09 21:54:04,CF401P16000,CF401P16000,879.0,0.0,0.0,0.0,23,864.0,873.0,20,897.0,881.0,886.0,879.0,31.0,27342.0,317
2023-05-09 21:54:05,CF401P16000,CF401P16000,879.0,0.0,0.0,0.0,23,864.0,873.0,10,897.0,881.0,886.0,879.0,31.0,27342.0,317
2023-05-09 21:54:22,CF401P16000,CF401P16000,879.0,0.0,0.0,0.0,10,865.0,873.0,10,897.0,881.0,886.0,879.0,31.0,27342.0,317
2023-05-09 21:54:52,CF401P16000,CF401P16000,879.0,0.0,0.0,0.0,10,865.0,875.0,30,897.0,881.0,886.0,879.0,31.0,27342.0,317
2023-05-09 21:54:53,CF401P16000,CF401P16000,879.0,0.0,0.0,0.0,10,865.0,875.0,40,897.0,881.0,886.0,879.0,31.0,27342.0,317
2023-05-09 21:54:56,CF401P16000,CF401P16000,879.0,0.0,0.0,0.0,10,865.0,875.0,20,897.0,881.0,886.0,879.0,31.0,27342.0,317
2023-05-09 21:54:56,CF401P16000,CF401P16000,879.0,0.0,0.0,0.0,10,865.0,875.0,10,897.0,881.0,886.0,879.0,31.0,27342.0,317
2023-05-09 21:55:01,CF401P16000,CF401P16000,879.0,0.0,0.0,0.0,10,865.0,874.0,10,897.0,881.0,886.0,879.0,31.0,27342.0,317
2023-05-09 21:55:02,CF401P16000,CF401P16000,879.0,0.0,0.0,0.0,10,865.0,874.0,20,897.0,881.0,886.0,879.0,31.0,27342.0,317
2023-05-09 21:55:05,CF401P16000,CF401P16000,879.0,0.0,0.0,0.0,3,864.0,874.0,30,897.0,881.0,886.0,879.0,31.0,27342.0,317
2023-05-09 21:55:05,CF401P16000,CF401P16000,879.0,0.0,0.0,0.0,3,864.0,874.0,40,897.0,881.0,886.0,879.0,31.0,27342.0,317
2023-05-09 21:55:09,CF401P16000,CF401P16000,879.0,0.0,0.0,0.0,10,865.0,874.0,40,897.0,881.0,886.0,879.0,31.0,27342.0,317
2023-05-09 21:55:10,CF401P16000,CF401P16000,879.0,0.0,0.0,0.0,10,865.0,874.0,20,897.0,881.0,886.0,879.0,31.0,27342.0,317
2023-05-09 21:55:12,CF401P16000,CF401P16000,879.0,0.0,0.0,0.0,20,865.0,874.0,30,897.0,881.0,886.0,879.0,31.0,27342.0,317
2023-05-09 21:55:12,CF401P16000,CF401P16000,879.0,0.0,0.0,0.0,10,865.0,874.0,30,897.0,881.0,886.0,879.0,31.0,27342.0,317
2023-05-09 21:55:14,CF401P16000,CF401P16000,879.0,0.0,0.0,0.0,3,864.0,874.0,40,897.0,881.0,886.0,879.0,31.0,27342.0,317
2023-05-09 21:55:15,CF401P16000,CF401P16000,879.0,0.0,0.0,0.0,3,864.0,874.0,50,897.0,881.0,886.0,879.0,31.0,27342.0,317
2023-05-09 21:55:16,CF401P16000,CF401P16000,879.0,0.0,0.0,0.0,3,864.0,874.0,40,897.0,881.0,886.0,879.0,31.0,27342.0,317
2023-05-09 21:55:19,CF401P16000,CF401P16000,879.0,0.0,0.0,0.0,3,864.0,874.0,30,897.0,881.0,886.0,879.0,31.0,27342.0,317
2023-05-09 21:55:19,CF401P16000,CF401P16000,879.0,0.0,0.0,0.0,10,865.0,874.0,30,897.0,881.0,886.0,879.0,31.0,27342.0,317
2023-05-09 21:55:25,CF401P16000,CF401P16000,879.0,0.0,0.0,0.0,10,865.0,874.0,20,897.0,881.0,886.0,879.0,31.0,27342.0,317
2023-05-09 21:56:00,CF401P16000,CF401P16000,879.0,0.0,0.0,0.0,10,865.0,875.0,10,897.0,881.0,886.0,879.0,31.0,27342.0,317
2023-05-09 21:56:06,CF401P16000,CF401P16000,879.0,0.0,0.0,0.0,10,865.0,876.0,13,897.0,881.0,886.0,879.0,31.0,27342.0,317
2023-05-09 21:56:15,CF401P16000,CF401P16000,879.0,0.0,0.0,0.0,10,867.0,876.0,13,897.0,881.0,886.0,879.0,31.0,27342.0,317
2023-05-09 21:56:16,CF401P16000,CF401P16000,879.0,0.0,0.0,0.0,13,867.0,876.0,3,897.0,881.0,886.0,879.0,31.0,27342.0,317
2023-05-09 21:56:17,CF401P16000,CF401P16000,879.0,0.0,0.0,0.0,10,869.0,878.0,10,897.0,881.0,886.0,879.0,31.0,27342.0,317
2023-05-09 21:56:23,CF401P16000,CF401P16000,879.0,0.0,0.0,0.0,10,869.0,879.0,13,897.0,881.0,886.0,879.0,31.0,27342.0,317
2023-05-09 21:56:27,CF401P16000,CF401P16000,879.0,0.0,0.0,0.0,10,872.0,879.0,13,897.0,881.0,886.0,879.0,31.0,27342.0,317
2023-05-09 21:56:28,CF401P16000,CF401P16000,879.0,0.0,0.0,0.0,10,872.0,879.0,3,897.0,881.0,886.0,879.0,31.0,27342.0,317
2023-05-09 21:56:43,CF401P16000,CF401P16000,879.0,0.0,0.0,0.0,10,872.0,881.0,20,897.0,881.0,886.0,879.0,31.0,27342.0,317
2023-05-09 21:56:46,CF401P16000,CF401P16000,879.0,0.0,0.0,0.0,10,872.0,881.0,10,897.0,881.0,886.0,879.0,31.0,27342.0,317
2023-05-09 21:56:49,CF401P16000,CF401P16000,879.0,0.0,0.0,0.0,10,872.0,881.0,20,897.0,881.0,886.0,879.0,31.0,27342.0,317
2023-05-09 21:57:02,CF401P16000,CF401P16000,879.0,0.0,0.0,0.0,3,870.0,881.0,30,897.0,881.0,886.0,879.0,31.0,27342.0,317
2023-05-09 21:57:07,CF401P16000,CF401P16000,879.0,0.0,0.0,0.0,3,870.0,879.0,3,897.0,881.0,886.0,879.0,31.0,27342.0,317
2023-05-09 21:57:16,CF401P16000,CF401P16000,879.0,0.0,0.0,0.0,3,867.0,877.0,20,897.0,881.0,886.0,879.0,31.0,27342.0,317
2023-05-09 21:57:16,CF401P16000,CF401P16000,879.0,0.0,0.0,0.0,3,867.0,877.0,30,897.0,881.0,886.0,879.0,31.0,27342.0,317
2023-05-09 21:57:22,CF401P16000,CF401P16000,879.0,0.0,0.0,0.0,10,862.0,874.0,10,897.0,881.0,886.0,879.0,31.0,27342.0,317
2023-05-09 21:57:22,CF401P16000,CF401P16000,879.0,0.0,0.0,0.0,10,862.0,874.0,20,897.0,881.0,886.0,879.0,31.0,27342.0,317
2023-05-09 21:57:24,CF401P16000,CF401P16000,879.0,0.0,0.0,0.0,10,862.0,873.0,10,897.0,881.0,886.0,879.0,31.0,27342.0,317
2023-05-09 21:57:42,CF401P16000,CF401P16000,879.0,0.0,0.0,0.0,13,860.0,873.0,10,897.0,881.0,886.0,879.0,31.0,27342.0,317
2023-05-09 21:57:54,CF401P16000,CF401P16000,879.0,0.0,0.0,0.0,13,860.0,872.0,10,897.0,881.0,886.0,879.0,31.0,27342.0,317
2023-05-09 21:57:54,CF401P16000,CF401P16000,879.0,0.0,0.0,0.0,3,860.0,872.0,20,897.0,881.0,886.0,879.0,31.0,27342.0,317
2023-05-09 21:58:00,CF401P16000,CF401P16000,879.0,0.0,0.0,0.0,3,860.0,871.0,10,897.0,881.0,886.0,879.0,31.0,27342.0,317
2023-05-09 21:58:21,CF401P16000,CF401P16000,879.0,0.0,0.0,0.0,13,860.0,871.0,10,897.0,881.0,886.0,879.0,31.0,27342.0,317
2023-05-09 21:58:35,CF401P16000,CF401P16000,879.0,0.0,0.0,0.0,13,860.0,869.0,10,897.0,881.0,886.0,879.0,31.0,27342.0,317
2023-05-09 21:58:35,CF401P16000,CF401P16000,879.0,0.0,0.0,0.0,3,860.0,869.0,20,897.0,881.0,886.0,879.0,31.0,27342.0,317
2023-05-09 21:58:36,CF401P16000,CF401P16000,879.0,0.0,0.0,0.0,3,860.0,869.0,30,897.0,881.0,886.0,879.0,31.0,27342.0,317
2023-05-09 21:58:38,CF401P16000,CF401P16000,879.0,0.0,0.0,0.0,3,860.0,869.0,20,897.0,881.0,886.0,879.0,31.0,27342.0,317
2023-05-09 21:58:45,CF401P16000,CF401P16000,879.0,0.0,0.0,0.0,3,860.0,869.0,23,897.0,881.0,886.0,879.0,31.0,27342.0,317
2023-05-09 21:58:49,CF401P16000,CF401P16000,879.0,0.0,0.0,0.0,3,860.0,868.0,10,897.0,881.0,886.0,879.0,31.0,27342.0,317
2023-05-09 21:58:49,CF401P16000,CF401P16000,879.0,0.0,0.0,0.0,3,860.0,869.0,33,897.0,881.0,886.0,879.0,31.0,27342.0,317
2023-05-09 21:58:52,CF401P16000,CF401P16000,879.0,0.0,0.0,0.0,20,855.0,869.0,33,897.0,881.0,886.0,879.0,31.0,27342.0,317
2023-05-09 21:58:53,CF401P16000,CF401P16000,879.0,0.0,0.0,0.0,10,855.0,867.0,10,897.0,881.0,886.0,879.0,31.0,27342.0,317
2023-05-09 21:58:54,CF401P16000,CF401P16000,879.0,0.0,0.0,0.0,10,855.0,867.0,20,897.0,881.0,886.0,879.0,31.0,27342.0,317
2023-05-09 21:58:56,CF401P16000,CF401P16000,879.0,0.0,0.0,0.0,10,855.0,867.0,10,897.0,881.0,886.0,879.0,31.0,27342.0,317
