time,symbol_id,symbol_name,last,trade_volume,trade_amount,open_interest_change,bv1,bp1,ap1,av1,yesterday_close,today_open,today_high,today_low,volume,amount,open_interest
2023-05-09 19:10:58,CF401C14200,CF401C14200,1992.0,0.0,0.0,0.0,0,0.0,0.0,0,1992.0,0.0,0.0,0.0,0.0,0.0,70
2023-05-09 21:02:03,CF401C14200,CF401C14200,1992.0,0.0,0.0,0.0,1,1030.0,2954.0,1,1992.0,0.0,0.0,0.0,0.0,0.0,70
2023-05-09 22:37:30,CF401C14200,CF401C14200,1992.0,0.0,0.0,0.0,6,1877.0,1989.0,6,1992.0,0.0,0.0,0.0,0.0,0.0,70
2023-05-09 22:37:30,CF401C14200,CF401C14200,1992.0,0.0,0.0,0.0,12,1877.0,1989.0,12,1992.0,0.0,0.0,0.0,0.0,0.0,70
2023-05-09 22:37:31,CF401C14200,CF401C14200,1992.0,0.0,0.0,0.0,13,1910.0,1937.0,10,1992.0,0.0,0.0,0.0,0.0,0.0,70
2023-05-09 22:37:31,CF401C14200,CF401C14200,1992.0,0.0,0.0,0.0,16,1910.0,1937.0,13,1992.0,0.0,0.0,0.0,0.0,0.0,70
2023-05-09 22:37:36,CF401C14200,CF401C14200,1992.0,0.0,0.0,0.0,19,1910.0,1937.0,16,1992.0,0.0,0.0,0.0,0.0,0.0,70
2023-05-09 22:37:36,CF401C14200,CF401C14200,1992.0,0.0,0.0,0.0,3,1912.0,1937.0,16,1992.0,0.0,0.0,0.0,0.0,0.0,70
2023-05-09 22:37:37,CF401C14200,CF401C14200,1992.0,0.0,0.0,0.0,3,1925.0,1937.0,16,1992.0,0.0,0.0,0.0,0.0,0.0,70
2023-05-09 22:37:37,CF401C14200,CF401C14200,1992.0,0.0,0.0,0.0,3,1925.0,1937.0,13,1992.0,0.0,0.0,0.0,0.0,0.0,70
2023-05-09 22:37:37,CF401C14200,CF401C14200,1992.0,0.0,0.0,0.0,6,1925.0,1937.0,16,1992.0,0.0,0.0,0.0,0.0,0.0,70
2023-05-09 22:37:38,CF401C14200,CF401C14200,1992.0,0.0,0.0,0.0,9,1925.0,1937.0,19,1992.0,0.0,0.0,0.0,0.0,0.0,70
2023-05-09 22:37:40,CF401C14200,CF401C14200,1992.0,0.0,0.0,0.0,12,1925.0,1937.0,22,1992.0,0.0,0.0,0.0,0.0,0.0,70
2023-05-09 22:37:48,CF401C14200,CF401C14200,1992.0,0.0,0.0,0.0,9,1925.0,1937.0,19,1992.0,0.0,0.0,0.0,0.0,0.0,70
2023-05-09 22:37:49,CF401C14200,CF401C14200,1992.0,0.0,0.0,0.0,9,1925.0,1937.0,9,1992.0,0.0,0.0,0.0,0.0,0.0,70
2023-05-09 22:37:49,CF401C14200,CF401C14200,1992.0,0.0,0.0,0.0,6,1925.0,1937.0,6,1992.0,0.0,0.0,0.0,0.0,0.0,70
2023-05-09 22:37:50,CF401C14200,CF401C14200,1992.0,0.0,0.0,0.0,3,1925.0,1937.0,3,1992.0,0.0,0.0,0.0,0.0,0.0,70
2023-05-09 22:37:50,CF401C14200,CF401C14200,1992.0,0.0,0.0,0.0,3,1915.0,1944.0,3,1992.0,0.0,0.0,0.0,0.0,0.0,70
2023-05-09 22:37:52,CF401C14200,CF401C14200,1992.0,0.0,0.0,0.0,0,0.0,0.0,0,1992.0,0.0,0.0,0.0,0.0,0.0,70
2023-05-09 22:37:53,CF401C14200,CF401C14200,1992.0,0.0,0.0,0.0,1,1030.0,2954.0,1,1992.0,0.0,0.0,0.0,0.0,0.0,70
2023-05-09 22:59:55,CF401C14200,CF401C14200,1992.0,0.0,0.0,0.0,0,0.0,0.0,0,1992.0,0.0,0.0,0.0,0.0,0.0,70
2023-05-10 09:02:07,CF401C14200,CF401C14200,1992.0,0.0,0.0,0.0,1,1030.0,2954.0,1,1992.0,0.0,0.0,0.0,0.0,0.0,70
2023-05-10 10:30:01,CF401C14200,CF401C14200,1992.0,0.0,0.0,0.0,0,0.0,0.0,0,1992.0,0.0,0.0,0.0,0.0,0.0,70
2023-05-10 10:32:02,CF401C14200,CF401C14200,1992.0,0.0,0.0,0.0,1,1030.0,2954.0,1,1992.0,0.0,0.0,0.0,0.0,0.0,70
2023-05-10 11:29:55,CF401C14200,CF401C14200,1992.0,0.0,0.0,0.0,0,0.0,0.0,0,1992.0,0.0,0.0,0.0,0.0,0.0,70
2023-05-10 13:32:02,CF401C14200,CF401C14200,1992.0,0.0,0.0,0.0,1,1030.0,2954.0,1,1992.0,0.0,0.0,0.0,0.0,0.0,70
2023-05-10 14:59:55,CF401C14200,CF401C14200,1992.0,0.0,0.0,0.0,0,0.0,0.0,0,1992.0,0.0,0.0,0.0,0.0,0.0,70
