time,symbol_id,symbol_name,last,trade_volume,trade_amount,open_interest_change,bv1,bp1,ap1,av1,yesterday_close,today_open,today_high,today_low,volume,amount,open_interest
2023-05-09 19:10:58,CF401P16200,CF401P16200,1013.0,0.0,0.0,-33.0,0,0.0,0.0,0,1013.0,932.0,0.0,0.0,0.0,0.0,367
2023-05-09 20:59:00,CF401P16200,CF401P16200,1013.0,0.0,0.0,0.0,10,187.0,0.0,0,1013.0,932.0,0.0,0.0,0.0,0.0,367
2023-05-09 21:00:00,CF401P16200,CF401P16200,1013.0,0.0,0.0,0.0,12,704.0,0.0,0,1013.0,932.0,0.0,0.0,0.0,0.0,367
2023-05-09 21:00:01,CF401P16200,CF401P16200,1013.0,0.0,0.0,0.0,12,704.0,1333.0,12,1013.0,932.0,0.0,0.0,0.0,0.0,367
2023-05-09 21:00:02,CF401P16200,CF401P16200,1013.0,0.0,0.0,0.0,10,710.0,1327.0,10,1013.0,932.0,0.0,0.0,0.0,0.0,367
2023-05-09 21:00:03,CF401P16200,CF401P16200,1013.0,0.0,0.0,0.0,12,787.0,1250.0,12,1013.0,932.0,0.0,0.0,0.0,0.0,367
2023-05-09 21:00:04,CF401P16200,CF401P16200,1013.0,0.0,0.0,0.0,10,793.0,1244.0,10,1013.0,932.0,0.0,0.0,0.0,0.0,367
2023-05-09 21:00:05,CF401P16200,CF401P16200,1013.0,0.0,0.0,0.0,12,870.0,1167.0,12,1013.0,932.0,0.0,0.0,0.0,0.0,367
2023-05-09 21:00:05,CF401P16200,CF401P16200,1013.0,0.0,0.0,0.0,10,876.0,1161.0,10,1013.0,932.0,0.0,0.0,0.0,0.0,367
2023-05-09 21:00:06,CF401P16200,CF401P16200,1013.0,0.0,0.0,0.0,12,870.0,1161.0,10,1013.0,932.0,0.0,0.0,0.0,0.0,367
2023-05-09 21:00:06,CF401P16200,CF401P16200,1013.0,0.0,0.0,0.0,10,871.0,1084.0,12,1013.0,932.0,0.0,0.0,0.0,0.0,367
2023-05-09 21:00:07,CF401P16200,CF401P16200,1013.0,0.0,0.0,0.0,10,871.0,1082.0,10,1013.0,932.0,0.0,0.0,0.0,0.0,367
2023-05-09 21:00:08,CF401P16200,CF401P16200,1013.0,0.0,0.0,0.0,12,948.0,1044.0,12,1013.0,932.0,0.0,0.0,0.0,0.0,367
2023-05-09 21:00:08,CF401P16200,CF401P16200,1013.0,0.0,0.0,0.0,10,949.0,1044.0,12,1013.0,932.0,0.0,0.0,0.0,0.0,367
2023-05-09 21:00:11,CF401P16200,CF401P16200,1013.0,0.0,0.0,0.0,10,949.0,0.0,0,1013.0,932.0,0.0,0.0,0.0,0.0,367
2023-05-09 21:00:11,CF401P16200,CF401P16200,1013.0,0.0,0.0,0.0,2,963.0,0.0,0,1013.0,932.0,0.0,0.0,0.0,0.0,367
2023-05-09 21:00:12,CF401P16200,CF401P16200,1013.0,0.0,0.0,0.0,10,964.0,0.0,0,1013.0,932.0,0.0,0.0,0.0,0.0,367
2023-05-09 21:00:15,CF401P16200,CF401P16200,1013.0,0.0,0.0,0.0,10,964.0,1313.0,10,1013.0,932.0,0.0,0.0,0.0,0.0,367
2023-05-09 21:00:16,CF401P16200,CF401P16200,1013.0,0.0,0.0,0.0,10,964.0,1230.0,10,1013.0,932.0,0.0,0.0,0.0,0.0,367
2023-05-09 21:00:16,CF401P16200,CF401P16200,1013.0,0.0,0.0,0.0,10,964.0,1147.0,10,1013.0,932.0,0.0,0.0,0.0,0.0,367
2023-05-09 21:00:17,CF401P16200,CF401P16200,1013.0,0.0,0.0,0.0,10,964.0,1070.0,2,1013.0,932.0,0.0,0.0,0.0,0.0,367
2023-05-09 21:00:48,CF401P16200,CF401P16200,1013.0,0.0,0.0,0.0,10,964.0,1147.0,10,1013.0,932.0,0.0,0.0,0.0,0.0,367
2023-05-09 21:00:50,CF401P16200,CF401P16200,1013.0,0.0,0.0,0.0,10,964.0,1070.0,1,1013.0,932.0,0.0,0.0,0.0,0.0,367
2023-05-09 21:01:10,CF401P16200,CF401P16200,1013.0,0.0,0.0,0.0,3,993.0,1008.0,3,1013.0,932.0,0.0,0.0,0.0,0.0,367
2023-05-09 21:01:15,CF401P16200,CF401P16200,1013.0,0.0,0.0,0.0,3,998.0,1008.0,3,1013.0,932.0,0.0,0.0,0.0,0.0,367
2023-05-09 21:01:17,CF401P16200,CF401P16200,1013.0,0.0,0.0,0.0,3,998.0,1070.0,1,1013.0,932.0,0.0,0.0,0.0,0.0,367
2023-05-09 21:01:18,CF401P16200,CF401P16200,1013.0,0.0,0.0,0.0,3,998.0,1015.0,3,1013.0,932.0,0.0,0.0,0.0,0.0,367
2023-05-09 21:01:29,CF401P16200,CF401P16200,1013.0,0.0,0.0,0.0,3,1002.0,1015.0,3,1013.0,932.0,0.0,0.0,0.0,0.0,367
2023-05-09 21:01:32,CF401P16200,CF401P16200,1013.0,0.0,0.0,0.0,3,998.0,1010.0,3,1013.0,932.0,0.0,0.0,0.0,0.0,367
2023-05-09 21:01:43,CF401P16200,CF401P16200,1013.0,0.0,0.0,0.0,3,993.0,1006.0,3,1013.0,932.0,0.0,0.0,0.0,0.0,367
2023-05-09 21:02:29,CF401P16200,CF401P16200,1013.0,0.0,0.0,0.0,1,958.0,1006.0,3,1013.0,932.0,0.0,0.0,0.0,0.0,367
2023-05-09 21:02:29,CF401P16200,CF401P16200,1013.0,0.0,0.0,0.0,3,986.0,1002.0,3,1013.0,932.0,0.0,0.0,0.0,0.0,367
2023-05-09 21:02:37,CF401P16200,CF401P16200,1013.0,0.0,0.0,0.0,3,986.0,997.0,3,1013.0,932.0,0.0,0.0,0.0,0.0,367
2023-05-09 21:03:10,CF401P16200,CF401P16200,1013.0,0.0,0.0,0.0,30,967.0,997.0,3,1013.0,932.0,0.0,0.0,0.0,0.0,367
2023-05-09 21:03:10,CF401P16200,CF401P16200,1013.0,0.0,0.0,0.0,10,967.0,997.0,3,1013.0,932.0,0.0,0.0,0.0,0.0,367
2023-05-09 21:03:11,CF401P16200,CF401P16200,1013.0,0.0,0.0,0.0,3,979.0,997.0,3,1013.0,932.0,0.0,0.0,0.0,0.0,367
2023-05-09 21:03:14,CF401P16200,CF401P16200,1013.0,0.0,0.0,0.0,3,979.0,992.0,3,1013.0,932.0,0.0,0.0,0.0,0.0,367
2023-05-09 21:04:01,CF401P16200,CF401P16200,1013.0,0.0,0.0,0.0,3,983.0,997.0,3,1013.0,932.0,0.0,0.0,0.0,0.0,367
2023-05-09 21:04:14,CF401P16200,CF401P16200,1013.0,0.0,0.0,0.0,3,983.0,993.0,10,1013.0,932.0,0.0,0.0,0.0,0.0,367
2023-05-09 21:04:19,CF401P16200,CF401P16200,1013.0,0.0,0.0,0.0,3,983.0,993.0,20,1013.0,932.0,0.0,0.0,0.0,0.0,367
2023-05-09 21:04:23,CF401P16200,CF401P16200,1013.0,0.0,0.0,0.0,3,983.0,993.0,10,1013.0,932.0,0.0,0.0,0.0,0.0,367
2023-05-09 21:04:23,CF401P16200,CF401P16200,1013.0,0.0,0.0,0.0,3,983.0,997.0,23,1013.0,932.0,0.0,0.0,0.0,0.0,367
2023-05-09 21:04:34,CF401P16200,CF401P16200,1013.0,0.0,0.0,0.0,3,983.0,993.0,10,1013.0,932.0,0.0,0.0,0.0,0.0,367
2023-05-09 21:04:34,CF401P16200,CF401P16200,1013.0,0.0,0.0,0.0,3,983.0,993.0,20,1013.0,932.0,0.0,0.0,0.0,0.0,367
2023-05-09 21:04:42,CF401P16200,CF401P16200,1013.0,0.0,0.0,0.0,3,983.0,993.0,10,1013.0,932.0,0.0,0.0,0.0,0.0,367
2023-05-09 21:04:54,CF401P16200,CF401P16200,1013.0,0.0,0.0,0.0,3,983.0,996.0,20,1013.0,932.0,0.0,0.0,0.0,0.0,367
2023-05-09 21:05:01,CF401P16200,CF401P16200,1013.0,0.0,0.0,0.0,3,983.0,996.0,10,1013.0,932.0,0.0,0.0,0.0,0.0,367
2023-05-09 21:05:02,CF401P16200,CF401P16200,1013.0,0.0,0.0,0.0,13,983.0,997.0,3,1013.0,932.0,0.0,0.0,0.0,0.0,367
2023-05-09 21:05:04,CF401P16200,CF401P16200,1013.0,0.0,0.0,0.0,3,988.0,999.0,10,1013.0,932.0,0.0,0.0,0.0,0.0,367
2023-05-09 21:05:05,CF401P16200,CF401P16200,1013.0,0.0,0.0,0.0,3,988.0,1000.0,10,1013.0,932.0,0.0,0.0,0.0,0.0,367
2023-05-09 21:05:08,CF401P16200,CF401P16200,1013.0,0.0,0.0,0.0,10,989.0,1000.0,10,1013.0,932.0,0.0,0.0,0.0,0.0,367
2023-05-09 21:05:09,CF401P16200,CF401P16200,1013.0,0.0,0.0,0.0,10,989.0,1002.0,3,1013.0,932.0,0.0,0.0,0.0,0.0,367
2023-05-09 21:05:10,CF401P16200,CF401P16200,1013.0,0.0,0.0,0.0,3,992.0,1002.0,3,1013.0,932.0,0.0,0.0,0.0,0.0,367
2023-05-09 21:05:16,CF401P16200,CF401P16200,1013.0,0.0,0.0,0.0,3,992.0,1001.0,10,1013.0,932.0,0.0,0.0,0.0,0.0,367
2023-05-09 21:05:20,CF401P16200,CF401P16200,1013.0,0.0,0.0,0.0,3,992.0,1001.0,20,1013.0,932.0,0.0,0.0,0.0,0.0,367
2023-05-09 21:05:25,CF401P16200,CF401P16200,1013.0,0.0,0.0,0.0,3,988.0,1001.0,20,1013.0,932.0,0.0,0.0,0.0,0.0,367
2023-05-09 21:05:26,CF401P16200,CF401P16200,1013.0,0.0,0.0,0.0,3,988.0,1001.0,30,1013.0,932.0,0.0,0.0,0.0,0.0,367
2023-05-09 21:05:28,CF401P16200,CF401P16200,1013.0,0.0,0.0,0.0,3,988.0,1001.0,20,1013.0,932.0,0.0,0.0,0.0,0.0,367
2023-05-09 21:05:32,CF401P16200,CF401P16200,1013.0,0.0,0.0,0.0,3,988.0,1001.0,10,1013.0,932.0,0.0,0.0,0.0,0.0,367
2023-05-09 21:05:33,CF401P16200,CF401P16200,1013.0,0.0,0.0,0.0,10,990.0,1002.0,3,1013.0,932.0,0.0,0.0,0.0,0.0,367
2023-05-09 21:05:33,CF401P16200,CF401P16200,1013.0,0.0,0.0,0.0,20,990.0,1005.0,10,1013.0,932.0,0.0,0.0,0.0,0.0,367
2023-05-09 21:05:33,CF401P16200,CF401P16200,1013.0,0.0,0.0,0.0,10,990.0,1006.0,3,1013.0,932.0,0.0,0.0,0.0,0.0,367
2023-05-09 21:05:35,CF401P16200,CF401P16200,1013.0,0.0,0.0,0.0,3,992.0,1006.0,3,1013.0,932.0,0.0,0.0,0.0,0.0,367
2023-05-09 21:05:36,CF401P16200,CF401P16200,1013.0,0.0,0.0,0.0,10,995.0,1006.0,3,1013.0,932.0,0.0,0.0,0.0,0.0,367
2023-05-09 21:05:46,CF401P16200,CF401P16200,1013.0,0.0,0.0,0.0,20,995.0,1006.0,3,1013.0,932.0,0.0,0.0,0.0,0.0,367
2023-05-09 21:05:47,CF401P16200,CF401P16200,1013.0,0.0,0.0,0.0,3,996.0,1006.0,3,1013.0,932.0,0.0,0.0,0.0,0.0,367
2023-05-09 21:05:49,CF401P16200,CF401P16200,1013.0,0.0,0.0,0.0,10,997.0,1011.0,10,1013.0,932.0,0.0,0.0,0.0,0.0,367
2023-05-09 21:05:50,CF401P16200,CF401P16200,1013.0,0.0,0.0,0.0,20,997.0,1011.0,10,1013.0,932.0,0.0,0.0,0.0,0.0,367
2023-05-09 21:05:50,CF401P16200,CF401P16200,1013.0,0.0,0.0,0.0,10,997.0,1011.0,10,1013.0,932.0,0.0,0.0,0.0,0.0,367
2023-05-09 21:05:51,CF401P16200,CF401P16200,1013.0,0.0,0.0,0.0,20,997.0,1011.0,10,1013.0,932.0,0.0,0.0,0.0,0.0,367
2023-05-09 21:05:52,CF401P16200,CF401P16200,1013.0,0.0,0.0,0.0,10,997.0,1011.0,20,1013.0,932.0,0.0,0.0,0.0,0.0,367
2023-05-09 21:05:54,CF401P16200,CF401P16200,1013.0,0.0,0.0,0.0,10,997.0,1011.0,30,1013.0,932.0,0.0,0.0,0.0,0.0,367
2023-05-09 21:05:54,CF401P16200,CF401P16200,1013.0,0.0,0.0,0.0,3,996.0,1009.0,3,1013.0,932.0,0.0,0.0,0.0,0.0,367
2023-05-09 21:05:57,CF401P16200,CF401P16200,1013.0,0.0,0.0,0.0,3,996.0,1007.0,20,1013.0,932.0,0.0,0.0,0.0,0.0,367
2023-05-09 21:05:57,CF401P16200,CF401P16200,1013.0,0.0,0.0,0.0,3,996.0,1007.0,30,1013.0,932.0,0.0,0.0,0.0,0.0,367
2023-05-09 21:05:57,CF401P16200,CF401P16200,1013.0,0.0,0.0,0.0,3,996.0,1007.0,20,1013.0,932.0,0.0,0.0,0.0,0.0,367
2023-05-09 21:05:59,CF401P16200,CF401P16200,1013.0,0.0,0.0,0.0,3,996.0,1007.0,30,1013.0,932.0,0.0,0.0,0.0,0.0,367
2023-05-09 21:06:04,CF401P16200,CF401P16200,1013.0,0.0,0.0,0.0,3,996.0,1005.0,3,1013.0,932.0,0.0,0.0,0.0,0.0,367
2023-05-09 21:06:05,CF401P16200,CF401P16200,1013.0,0.0,0.0,0.0,3,992.0,1005.0,3,1013.0,932.0,0.0,0.0,0.0,0.0,367
2023-05-09 21:06:21,CF401P16200,CF401P16200,1013.0,0.0,0.0,0.0,10,995.0,1005.0,3,1013.0,932.0,0.0,0.0,0.0,0.0,367
2023-05-09 21:06:30,CF401P16200,CF401P16200,1013.0,0.0,0.0,0.0,3,996.0,1009.0,3,1013.0,932.0,0.0,0.0,0.0,0.0,367
2023-05-09 21:06:30,CF401P16200,CF401P16200,1013.0,0.0,0.0,0.0,10,999.0,1009.0,3,1013.0,932.0,0.0,0.0,0.0,0.0,367
2023-05-09 21:06:39,CF401P16200,CF401P16200,1013.0,0.0,0.0,0.0,20,999.0,1013.0,23,1013.0,932.0,0.0,0.0,0.0,0.0,367
2023-05-09 21:06:39,CF401P16200,CF401P16200,1013.0,0.0,0.0,0.0,10,999.0,1013.0,3,1013.0,932.0,0.0,0.0,0.0,0.0,367
2023-05-09 21:06:40,CF401P16200,CF401P16200,1013.0,0.0,0.0,0.0,3,1000.0,1013.0,3,1013.0,932.0,0.0,0.0,0.0,0.0,367
2023-05-09 21:06:43,CF401P16200,CF401P16200,1013.0,0.0,0.0,0.0,10,1005.0,1013.0,3,1013.0,932.0,0.0,0.0,0.0,0.0,367
2023-05-09 21:06:48,CF401P16200,CF401P16200,1013.0,0.0,0.0,0.0,10,1005.0,1017.0,10,1013.0,932.0,0.0,0.0,0.0,0.0,367
2023-05-09 21:06:48,CF401P16200,CF401P16200,1013.0,0.0,0.0,0.0,20,1005.0,1017.0,10,1013.0,932.0,0.0,0.0,0.0,0.0,367
2023-05-09 21:06:52,CF401P16200,CF401P16200,1013.0,0.0,0.0,0.0,10,1010.0,1020.0,10,1013.0,932.0,0.0,0.0,0.0,0.0,367
2023-05-09 21:06:53,CF401P16200,CF401P16200,1013.0,0.0,0.0,0.0,10,1010.0,1021.0,10,1013.0,932.0,0.0,0.0,0.0,0.0,367
2023-05-09 21:06:54,CF401P16200,CF401P16200,1013.0,0.0,0.0,0.0,3,1009.0,1021.0,30,1013.0,932.0,0.0,0.0,0.0,0.0,367
2023-05-09 21:06:54,CF401P16200,CF401P16200,1013.0,0.0,0.0,0.0,3,1009.0,1021.0,20,1013.0,932.0,0.0,0.0,0.0,0.0,367
2023-05-09 21:06:55,CF401P16200,CF401P16200,1013.0,0.0,0.0,0.0,3,1009.0,1021.0,30,1013.0,932.0,0.0,0.0,0.0,0.0,367
2023-05-09 21:06:57,CF401P16200,CF401P16200,1013.0,0.0,0.0,0.0,10,1010.0,1021.0,30,1013.0,932.0,0.0,0.0,0.0,0.0,367
2023-05-09 21:07:00,CF401P16200,CF401P16200,1013.0,0.0,0.0,0.0,10,1010.0,1021.0,20,1013.0,932.0,0.0,0.0,0.0,0.0,367
2023-05-09 21:07:01,CF401P16200,CF401P16200,1013.0,0.0,0.0,0.0,20,1010.0,1021.0,10,1013.0,932.0,0.0,0.0,0.0,0.0,367
2023-05-09 21:07:02,CF401P16200,CF401P16200,1013.0,0.0,0.0,0.0,20,1010.0,1023.0,3,1013.0,932.0,0.0,0.0,0.0,0.0,367
2023-05-09 21:07:02,CF401P16200,CF401P16200,1013.0,0.0,0.0,0.0,10,1012.0,1023.0,3,1013.0,932.0,0.0,0.0,0.0,0.0,367
2023-05-09 21:07:03,CF401P16200,CF401P16200,1013.0,0.0,0.0,0.0,20,1012.0,1023.0,3,1013.0,932.0,0.0,0.0,0.0,0.0,367
2023-05-09 21:07:04,CF401P16200,CF401P16200,1013.0,0.0,0.0,0.0,10,1012.0,1023.0,3,1013.0,932.0,0.0,0.0,0.0,0.0,367
2023-05-09 21:07:04,CF401P16200,CF401P16200,1013.0,0.0,0.0,0.0,10,1010.0,1023.0,3,1013.0,932.0,0.0,0.0,0.0,0.0,367
2023-05-09 21:07:08,CF401P16200,CF401P16200,1013.0,0.0,0.0,0.0,10,1015.0,1023.0,3,1013.0,932.0,0.0,0.0,0.0,0.0,367
2023-05-09 21:07:09,CF401P16200,CF401P16200,1013.0,0.0,0.0,0.0,10,1015.0,1027.0,20,1013.0,932.0,0.0,0.0,0.0,0.0,367
2023-05-09 21:07:10,CF401P16200,CF401P16200,1013.0,0.0,0.0,0.0,10,1015.0,1027.0,10,1013.0,932.0,0.0,0.0,0.0,0.0,367
2023-05-09 21:07:12,CF401P16200,CF401P16200,1013.0,0.0,0.0,0.0,10,1015.0,1027.0,20,1013.0,932.0,0.0,0.0,0.0,0.0,367
2023-05-09 21:07:27,CF401P16200,CF401P16200,1013.0,0.0,0.0,0.0,10,1015.0,1027.0,10,1013.0,932.0,0.0,0.0,0.0,0.0,367
2023-05-09 21:07:35,CF401P16200,CF401P16200,1013.0,0.0,0.0,0.0,10,1015.0,1025.0,3,1013.0,932.0,0.0,0.0,0.0,0.0,367
2023-05-09 21:07:35,CF401P16200,CF401P16200,1013.0,0.0,0.0,0.0,3,1014.0,1025.0,3,1013.0,932.0,0.0,0.0,0.0,0.0,367
2023-05-09 21:07:36,CF401P16200,CF401P16200,1013.0,0.0,0.0,0.0,10,1010.0,1023.0,10,1013.0,932.0,0.0,0.0,0.0,0.0,367
2023-05-09 21:07:36,CF401P16200,CF401P16200,1013.0,0.0,0.0,0.0,10,1010.0,1023.0,20,1013.0,932.0,0.0,0.0,0.0,0.0,367
2023-05-09 21:07:40,CF401P16200,CF401P16200,1013.0,0.0,0.0,0.0,3,1009.0,1021.0,13,1013.0,932.0,0.0,0.0,0.0,0.0,367
2023-05-09 21:07:45,CF401P16200,CF401P16200,1013.0,0.0,0.0,0.0,3,1009.0,1020.0,10,1013.0,932.0,0.0,0.0,0.0,0.0,367
2023-05-09 21:08:02,CF401P16200,CF401P16200,1013.0,0.0,0.0,0.0,3,1009.0,1020.0,20,1013.0,932.0,0.0,0.0,0.0,0.0,367
2023-05-09 21:08:02,CF401P16200,CF401P16200,1013.0,0.0,0.0,0.0,13,1004.0,1020.0,20,1013.0,932.0,0.0,0.0,0.0,0.0,367
2023-05-09 21:08:03,CF401P16200,CF401P16200,1013.0,0.0,0.0,0.0,3,1004.0,1019.0,10,1013.0,932.0,0.0,0.0,0.0,0.0,367
2023-05-09 21:08:18,CF401P16200,CF401P16200,1013.0,0.0,0.0,0.0,3,1004.0,1017.0,3,1013.0,932.0,0.0,0.0,0.0,0.0,367
2023-05-09 21:08:18,CF401P16200,CF401P16200,1013.0,0.0,0.0,0.0,3,1004.0,1017.0,13,1013.0,932.0,0.0,0.0,0.0,0.0,367
2023-05-09 21:08:19,CF401P16200,CF401P16200,1013.0,0.0,0.0,0.0,3,1004.0,1017.0,23,1013.0,932.0,0.0,0.0,0.0,0.0,367
2023-05-09 21:08:21,CF401P16200,CF401P16200,1013.0,0.0,0.0,0.0,3,1004.0,1017.0,13,1013.0,932.0,0.0,0.0,0.0,0.0,367
2023-05-09 21:08:27,CF401P16200,CF401P16200,1013.0,0.0,0.0,0.0,10,1005.0,1017.0,13,1013.0,932.0,0.0,0.0,0.0,0.0,367
2023-05-09 21:08:30,CF401P16200,CF401P16200,1013.0,0.0,0.0,0.0,10,1005.0,1017.0,3,1013.0,932.0,0.0,0.0,0.0,0.0,367
2023-05-09 21:08:50,CF401P16200,CF401P16200,1013.0,0.0,0.0,0.0,10,1005.0,1020.0,10,1013.0,932.0,0.0,0.0,0.0,0.0,367
2023-05-09 21:08:50,CF401P16200,CF401P16200,1013.0,0.0,0.0,0.0,20,1005.0,1021.0,3,1013.0,932.0,0.0,0.0,0.0,0.0,367
2023-05-09 21:08:51,CF401P16200,CF401P16200,1013.0,0.0,0.0,0.0,10,1009.0,1021.0,3,1013.0,932.0,0.0,0.0,0.0,0.0,367
2023-05-09 21:08:57,CF401P16200,CF401P16200,1013.0,0.0,0.0,0.0,10,1009.0,1019.0,10,1013.0,932.0,0.0,0.0,0.0,0.0,367
2023-05-09 21:08:57,CF401P16200,CF401P16200,1013.0,0.0,0.0,0.0,10,1009.0,1019.0,20,1013.0,932.0,0.0,0.0,0.0,0.0,367
2023-05-09 21:09:00,CF401P16200,CF401P16200,1013.0,0.0,0.0,0.0,3,1008.0,1019.0,10,1013.0,932.0,0.0,0.0,0.0,0.0,367
2023-05-09 21:09:03,CF401P16200,CF401P16200,1013.0,0.0,0.0,0.0,3,1008.0,1019.0,20,1013.0,932.0,0.0,0.0,0.0,0.0,367
2023-05-09 21:09:05,CF401P16200,CF401P16200,1013.0,0.0,0.0,0.0,13,1004.0,1015.0,20,1013.0,932.0,0.0,0.0,0.0,0.0,367
2023-05-09 21:09:06,CF401P16200,CF401P16200,1013.0,0.0,0.0,0.0,3,1004.0,1015.0,20,1013.0,932.0,0.0,0.0,0.0,0.0,367
2023-05-09 21:09:26,CF401P16200,CF401P16200,1013.0,0.0,0.0,0.0,3,1004.0,1013.0,13,1013.0,932.0,0.0,0.0,0.0,0.0,367
2023-05-09 21:09:34,CF401P16200,CF401P16200,1013.0,0.0,0.0,0.0,3,1000.0,1013.0,13,1013.0,932.0,0.0,0.0,0.0,0.0,367
2023-05-09 21:09:39,CF401P16200,CF401P16200,1013.0,0.0,0.0,0.0,13,1000.0,1013.0,13,1013.0,932.0,0.0,0.0,0.0,0.0,367
2023-05-09 21:10:12,CF401P16200,CF401P16200,1013.0,0.0,0.0,0.0,3,1000.0,1013.0,33,1013.0,932.0,0.0,0.0,0.0,0.0,367
2023-05-09 21:10:18,CF401P16200,CF401P16200,1013.0,0.0,0.0,0.0,3,1000.0,1011.0,10,1013.0,932.0,0.0,0.0,0.0,0.0,367
2023-05-09 21:10:18,CF401P16200,CF401P16200,1013.0,0.0,0.0,0.0,3,1000.0,1011.0,20,1013.0,932.0,0.0,0.0,0.0,0.0,367
2023-05-09 21:10:23,CF401P16200,CF401P16200,1013.0,0.0,0.0,0.0,3,1000.0,1011.0,30,1013.0,932.0,0.0,0.0,0.0,0.0,367
2023-05-09 21:10:23,CF401P16200,CF401P16200,1013.0,0.0,0.0,0.0,3,1000.0,1011.0,40,1013.0,932.0,0.0,0.0,0.0,0.0,367
2023-05-09 21:10:25,CF401P16200,CF401P16200,1013.0,0.0,0.0,0.0,20,997.0,1009.0,3,1013.0,932.0,0.0,0.0,0.0,0.0,367
2023-05-09 21:10:26,CF401P16200,CF401P16200,1013.0,0.0,0.0,0.0,10,994.0,1009.0,3,1013.0,932.0,0.0,0.0,0.0,0.0,367
2023-05-09 21:10:26,CF401P16200,CF401P16200,1013.0,0.0,0.0,0.0,33,993.0,1008.0,20,1013.0,932.0,0.0,0.0,0.0,0.0,367
2023-05-09 21:10:37,CF401P16200,CF401P16200,1013.0,0.0,0.0,0.0,33,993.0,1008.0,30,1013.0,932.0,0.0,0.0,0.0,0.0,367
2023-05-09 21:10:45,CF401P16200,CF401P16200,1013.0,0.0,0.0,0.0,33,993.0,1008.0,20,1013.0,932.0,0.0,0.0,0.0,0.0,367
2023-05-09 21:10:46,CF401P16200,CF401P16200,1013.0,0.0,0.0,0.0,33,993.0,1008.0,30,1013.0,932.0,0.0,0.0,0.0,0.0,367
2023-05-09 21:10:49,CF401P16200,CF401P16200,1013.0,0.0,0.0,0.0,43,993.0,1008.0,20,1013.0,932.0,0.0,0.0,0.0,0.0,367
2023-05-09 21:10:52,CF401P16200,CF401P16200,1013.0,0.0,0.0,0.0,43,993.0,1008.0,10,1013.0,932.0,0.0,0.0,0.0,0.0,367
2023-05-09 21:10:53,CF401P16200,CF401P16200,1013.0,0.0,0.0,0.0,43,993.0,1009.0,23,1013.0,932.0,0.0,0.0,0.0,0.0,367
2023-05-09 21:10:54,CF401P16200,CF401P16200,1013.0,0.0,0.0,0.0,43,993.0,1009.0,13,1013.0,932.0,0.0,0.0,0.0,0.0,367
2023-05-09 21:10:54,CF401P16200,CF401P16200,1013.0,0.0,0.0,0.0,20,994.0,1009.0,23,1013.0,932.0,0.0,0.0,0.0,0.0,367
2023-05-09 21:10:55,CF401P16200,CF401P16200,1013.0,0.0,0.0,0.0,30,994.0,1009.0,23,1013.0,932.0,0.0,0.0,0.0,0.0,367
2023-05-09 21:10:56,CF401P16200,CF401P16200,1013.0,0.0,0.0,0.0,30,994.0,1009.0,13,1013.0,932.0,0.0,0.0,0.0,0.0,367
2023-05-09 21:11:07,CF401P16200,CF401P16200,1013.0,0.0,0.0,0.0,20,994.0,1009.0,13,1013.0,932.0,0.0,0.0,0.0,0.0,367
2023-05-09 21:11:08,CF401P16200,CF401P16200,1013.0,0.0,0.0,0.0,30,994.0,1009.0,23,1013.0,932.0,0.0,0.0,0.0,0.0,367
2023-05-09 21:11:08,CF401P16200,CF401P16200,1013.0,0.0,0.0,0.0,30,994.0,1008.0,20,1013.0,932.0,0.0,0.0,0.0,0.0,367
2023-05-09 21:11:11,CF401P16200,CF401P16200,1013.0,0.0,0.0,0.0,30,994.0,1008.0,30,1013.0,932.0,0.0,0.0,0.0,0.0,367
2023-05-09 21:11:11,CF401P16200,CF401P16200,1013.0,0.0,0.0,0.0,20,994.0,1008.0,30,1013.0,932.0,0.0,0.0,0.0,0.0,367
2023-05-09 21:11:12,CF401P16200,CF401P16200,1013.0,0.0,0.0,0.0,10,994.0,1008.0,30,1013.0,932.0,0.0,0.0,0.0,0.0,367
2023-05-09 21:11:13,CF401P16200,CF401P16200,1013.0,0.0,0.0,0.0,13,993.0,1008.0,30,1013.0,932.0,0.0,0.0,0.0,0.0,367
2023-05-09 21:11:16,CF401P16200,CF401P16200,1013.0,0.0,0.0,0.0,23,993.0,1008.0,30,1013.0,932.0,0.0,0.0,0.0,0.0,367
2023-05-09 21:11:20,CF401P16200,CF401P16200,1013.0,0.0,0.0,0.0,13,993.0,1008.0,30,1013.0,932.0,0.0,0.0,0.0,0.0,367
2023-05-09 21:11:20,CF401P16200,CF401P16200,1013.0,0.0,0.0,0.0,23,993.0,1008.0,30,1013.0,932.0,0.0,0.0,0.0,0.0,367
2023-05-09 21:11:21,CF401P16200,CF401P16200,1013.0,0.0,0.0,0.0,13,993.0,1008.0,30,1013.0,932.0,0.0,0.0,0.0,0.0,367
2023-05-09 21:11:21,CF401P16200,CF401P16200,1013.0,0.0,0.0,0.0,23,993.0,1008.0,20,1013.0,932.0,0.0,0.0,0.0,0.0,367
2023-05-09 21:11:22,CF401P16200,CF401P16200,1013.0,0.0,0.0,0.0,3,993.0,1008.0,40,1013.0,932.0,0.0,0.0,0.0,0.0,367
2023-05-09 21:11:23,CF401P16200,CF401P16200,1013.0,0.0,0.0,0.0,3,993.0,1005.0,3,1013.0,932.0,0.0,0.0,0.0,0.0,367
2023-05-09 21:11:24,CF401P16200,CF401P16200,1013.0,0.0,0.0,0.0,3,993.0,1005.0,13,1013.0,932.0,0.0,0.0,0.0,0.0,367
2023-05-09 21:11:24,CF401P16200,CF401P16200,1013.0,0.0,0.0,0.0,3,993.0,1005.0,23,1013.0,932.0,0.0,0.0,0.0,0.0,367
2023-05-09 21:11:30,CF401P16200,CF401P16200,1013.0,0.0,0.0,0.0,13,993.0,1005.0,13,1013.0,932.0,0.0,0.0,0.0,0.0,367
2023-05-09 21:11:40,CF401P16200,CF401P16200,1013.0,0.0,0.0,0.0,23,993.0,1005.0,13,1013.0,932.0,0.0,0.0,0.0,0.0,367
2023-05-09 21:11:43,CF401P16200,CF401P16200,1013.0,0.0,0.0,0.0,33,993.0,1005.0,3,1013.0,932.0,0.0,0.0,0.0,0.0,367
2023-05-09 21:11:43,CF401P16200,CF401P16200,1013.0,0.0,0.0,0.0,23,993.0,1005.0,3,1013.0,932.0,0.0,0.0,0.0,0.0,367
2023-05-09 21:11:44,CF401P16200,CF401P16200,1013.0,0.0,0.0,0.0,23,993.0,1005.0,13,1013.0,932.0,0.0,0.0,0.0,0.0,367
2023-05-09 21:11:44,CF401P16200,CF401P16200,1013.0,0.0,0.0,0.0,33,993.0,1005.0,13,1013.0,932.0,0.0,0.0,0.0,0.0,367
2023-05-09 21:11:57,CF401P16200,CF401P16200,1013.0,0.0,0.0,0.0,10,995.0,1005.0,13,1013.0,932.0,0.0,0.0,0.0,0.0,367
2023-05-09 21:12:26,CF401P16200,CF401P16200,1013.0,0.0,0.0,0.0,23,993.0,1005.0,23,1013.0,932.0,0.0,0.0,0.0,0.0,367
2023-05-09 21:12:27,CF401P16200,CF401P16200,1013.0,0.0,0.0,0.0,13,993.0,1005.0,13,1013.0,932.0,0.0,0.0,0.0,0.0,367
2023-05-09 21:12:28,CF401P16200,CF401P16200,1013.0,0.0,0.0,0.0,23,993.0,1005.0,23,1013.0,932.0,0.0,0.0,0.0,0.0,367
2023-05-09 21:12:30,CF401P16200,CF401P16200,1013.0,0.0,0.0,0.0,13,993.0,1005.0,23,1013.0,932.0,0.0,0.0,0.0,0.0,367
2023-05-09 21:12:32,CF401P16200,CF401P16200,1013.0,0.0,0.0,0.0,23,993.0,1005.0,23,1013.0,932.0,0.0,0.0,0.0,0.0,367
2023-05-09 21:12:32,CF401P16200,CF401P16200,1013.0,0.0,0.0,0.0,23,993.0,1005.0,13,1013.0,932.0,0.0,0.0,0.0,0.0,367
2023-05-09 21:12:34,CF401P16200,CF401P16200,1013.0,0.0,0.0,0.0,23,993.0,1005.0,23,1013.0,932.0,0.0,0.0,0.0,0.0,367
2023-05-09 21:12:45,CF401P16200,CF401P16200,1013.0,0.0,0.0,0.0,13,993.0,1005.0,23,1013.0,932.0,0.0,0.0,0.0,0.0,367
2023-05-09 21:12:45,CF401P16200,CF401P16200,1013.0,0.0,0.0,0.0,3,993.0,1005.0,23,1013.0,932.0,0.0,0.0,0.0,0.0,367
2023-05-09 21:12:49,CF401P16200,CF401P16200,1013.0,0.0,0.0,0.0,3,993.0,1005.0,33,1013.0,932.0,0.0,0.0,0.0,0.0,367
2023-05-09 21:12:56,CF401P16200,CF401P16200,1013.0,0.0,0.0,0.0,3,993.0,1005.0,23,1013.0,932.0,0.0,0.0,0.0,0.0,367
2023-05-09 21:12:57,CF401P16200,CF401P16200,1013.0,0.0,0.0,0.0,13,993.0,1005.0,23,1013.0,932.0,0.0,0.0,0.0,0.0,367
2023-05-09 21:13:01,CF401P16200,CF401P16200,1013.0,0.0,0.0,0.0,23,993.0,1005.0,23,1013.0,932.0,0.0,0.0,0.0,0.0,367
2023-05-09 21:13:04,CF401P16200,CF401P16200,1013.0,0.0,0.0,0.0,30,995.0,1005.0,13,1013.0,932.0,0.0,0.0,0.0,0.0,367
2023-05-09 21:13:05,CF401P16200,CF401P16200,1013.0,0.0,0.0,0.0,30,995.0,1005.0,3,1013.0,932.0,0.0,0.0,0.0,0.0,367
2023-05-09 21:13:08,CF401P16200,CF401P16200,1013.0,0.0,0.0,0.0,30,995.0,1005.0,13,1013.0,932.0,0.0,0.0,0.0,0.0,367
2023-05-09 21:13:23,CF401P16200,CF401P16200,1013.0,0.0,0.0,0.0,20,995.0,1005.0,13,1013.0,932.0,0.0,0.0,0.0,0.0,367
2023-05-09 21:13:24,CF401P16200,CF401P16200,1013.0,0.0,0.0,0.0,10,995.0,1005.0,23,1013.0,932.0,0.0,0.0,0.0,0.0,367
2023-05-09 21:13:25,CF401P16200,CF401P16200,1013.0,0.0,0.0,0.0,33,993.0,1005.0,13,1013.0,932.0,0.0,0.0,0.0,0.0,367
2023-05-09 21:13:27,CF401P16200,CF401P16200,1013.0,0.0,0.0,0.0,33,993.0,1005.0,23,1013.0,932.0,0.0,0.0,0.0,0.0,367
2023-05-09 21:13:33,CF401P16200,CF401P16200,1013.0,0.0,0.0,0.0,33,993.0,1005.0,13,1013.0,932.0,0.0,0.0,0.0,0.0,367
2023-05-09 21:13:34,CF401P16200,CF401P16200,1013.0,0.0,0.0,0.0,33,993.0,1005.0,23,1013.0,932.0,0.0,0.0,0.0,0.0,367
2023-05-09 21:13:37,CF401P16200,CF401P16200,1013.0,0.0,0.0,0.0,23,993.0,1005.0,23,1013.0,932.0,0.0,0.0,0.0,0.0,367
2023-05-09 21:13:41,CF401P16200,CF401P16200,1013.0,0.0,0.0,0.0,33,993.0,1005.0,23,1013.0,932.0,0.0,0.0,0.0,0.0,367
2023-05-09 21:13:54,CF401P16200,CF401P16200,1013.0,0.0,0.0,0.0,33,993.0,1005.0,13,1013.0,932.0,0.0,0.0,0.0,0.0,367
2023-05-09 21:14:09,CF401P16200,CF401P16200,1013.0,0.0,0.0,0.0,23,993.0,1005.0,13,1013.0,932.0,0.0,0.0,0.0,0.0,367
2023-05-09 21:14:11,CF401P16200,CF401P16200,1013.0,0.0,0.0,0.0,13,993.0,1003.0,10,1013.0,932.0,0.0,0.0,0.0,0.0,367
2023-05-09 21:14:11,CF401P16200,CF401P16200,1013.0,0.0,0.0,0.0,3,993.0,1003.0,20,1013.0,932.0,0.0,0.0,0.0,0.0,367
2023-05-09 21:14:12,CF401P16200,CF401P16200,1013.0,0.0,0.0,0.0,3,993.0,1004.0,30,1013.0,932.0,0.0,0.0,0.0,0.0,367
2023-05-09 21:14:12,CF401P16200,CF401P16200,1013.0,0.0,0.0,0.0,3,993.0,1003.0,10,1013.0,932.0,0.0,0.0,0.0,0.0,367
2023-05-09 21:14:14,CF401P16200,CF401P16200,1013.0,0.0,0.0,0.0,3,993.0,1005.0,13,1013.0,932.0,0.0,0.0,0.0,0.0,367
2023-05-09 21:14:15,CF401P16200,CF401P16200,1013.0,0.0,0.0,0.0,3,993.0,1004.0,10,1013.0,932.0,0.0,0.0,0.0,0.0,367
2023-05-09 21:14:16,CF401P16200,CF401P16200,1013.0,0.0,0.0,0.0,3,993.0,1004.0,30,1013.0,932.0,0.0,0.0,0.0,0.0,367
2023-05-09 21:14:20,CF401P16200,CF401P16200,1013.0,0.0,0.0,0.0,3,993.0,1004.0,20,1013.0,932.0,0.0,0.0,0.0,0.0,367
2023-05-09 21:14:22,CF401P16200,CF401P16200,1013.0,0.0,0.0,0.0,3,993.0,1004.0,30,1013.0,932.0,0.0,0.0,0.0,0.0,367
2023-05-09 21:14:25,CF401P16200,CF401P16200,1013.0,0.0,0.0,0.0,10,994.0,1004.0,30,1013.0,932.0,0.0,0.0,0.0,0.0,367
2023-05-09 21:14:26,CF401P16200,CF401P16200,1013.0,0.0,0.0,0.0,10,994.0,1004.0,20,1013.0,932.0,0.0,0.0,0.0,0.0,367
2023-05-09 21:14:26,CF401P16200,CF401P16200,1013.0,0.0,0.0,0.0,20,994.0,1004.0,20,1013.0,932.0,0.0,0.0,0.0,0.0,367
2023-05-09 21:14:28,CF401P16200,CF401P16200,1013.0,0.0,0.0,0.0,20,994.0,1004.0,30,1013.0,932.0,0.0,0.0,0.0,0.0,367
2023-05-09 21:14:28,CF401P16200,CF401P16200,1013.0,0.0,0.0,0.0,10,994.0,1004.0,30,1013.0,932.0,0.0,0.0,0.0,0.0,367
2023-05-09 21:14:29,CF401P16200,CF401P16200,1013.0,0.0,0.0,0.0,20,994.0,1004.0,20,1013.0,932.0,0.0,0.0,0.0,0.0,367
2023-05-09 21:14:37,CF401P16200,CF401P16200,1013.0,0.0,0.0,0.0,20,994.0,1004.0,10,1013.0,932.0,0.0,0.0,0.0,0.0,367
2023-05-09 21:14:38,CF401P16200,CF401P16200,1013.0,0.0,0.0,0.0,30,994.0,1005.0,13,1013.0,932.0,0.0,0.0,0.0,0.0,367
2023-05-09 21:14:41,CF401P16200,CF401P16200,1013.0,0.0,0.0,0.0,20,994.0,1005.0,13,1013.0,932.0,0.0,0.0,0.0,0.0,367
2023-05-09 21:14:48,CF401P16200,CF401P16200,1013.0,0.0,0.0,0.0,10,996.0,1005.0,13,1013.0,932.0,0.0,0.0,0.0,0.0,367
2023-05-09 21:14:53,CF401P16200,CF401P16200,1013.0,0.0,0.0,0.0,13,993.0,1005.0,33,1013.0,932.0,0.0,0.0,0.0,0.0,367
2023-05-09 21:14:53,CF401P16200,CF401P16200,1013.0,0.0,0.0,0.0,13,993.0,1005.0,23,1013.0,932.0,0.0,0.0,0.0,0.0,367
2023-05-09 21:14:56,CF401P16200,CF401P16200,1013.0,0.0,0.0,0.0,23,993.0,1005.0,33,1013.0,932.0,0.0,0.0,0.0,0.0,367
2023-05-09 21:14:58,CF401P16200,CF401P16200,1013.0,0.0,0.0,0.0,13,993.0,1005.0,33,1013.0,932.0,0.0,0.0,0.0,0.0,367
2023-05-09 21:14:59,CF401P16200,CF401P16200,1013.0,0.0,0.0,0.0,3,993.0,1005.0,33,1013.0,932.0,0.0,0.0,0.0,0.0,367
2023-05-09 21:14:59,CF401P16200,CF401P16200,1013.0,0.0,0.0,0.0,13,993.0,1005.0,33,1013.0,932.0,0.0,0.0,0.0,0.0,367
2023-05-09 21:15:00,CF401P16200,CF401P16200,1013.0,0.0,0.0,0.0,3,993.0,1005.0,33,1013.0,932.0,0.0,0.0,0.0,0.0,367
2023-05-09 21:15:11,CF401P16200,CF401P16200,1013.0,0.0,0.0,0.0,3,993.0,1005.0,43,1013.0,932.0,0.0,0.0,0.0,0.0,367
2023-05-09 21:16:03,CF401P16200,CF401P16200,1013.0,0.0,0.0,0.0,3,993.0,1005.0,23,1013.0,932.0,0.0,0.0,0.0,0.0,367
2023-05-09 21:16:04,CF401P16200,CF401P16200,1013.0,0.0,0.0,0.0,3,993.0,1005.0,13,1013.0,932.0,0.0,0.0,0.0,0.0,367
2023-05-09 21:16:06,CF401P16200,CF401P16200,1013.0,0.0,0.0,0.0,10,996.0,1005.0,13,1013.0,932.0,0.0,0.0,0.0,0.0,367
2023-05-09 21:16:07,CF401P16200,CF401P16200,1013.0,0.0,0.0,0.0,20,996.0,1005.0,13,1013.0,932.0,0.0,0.0,0.0,0.0,367
2023-05-09 21:16:10,CF401P16200,CF401P16200,1013.0,0.0,0.0,0.0,10,996.0,1005.0,13,1013.0,932.0,0.0,0.0,0.0,0.0,367
2023-05-09 21:16:10,CF401P16200,CF401P16200,1013.0,0.0,0.0,0.0,20,996.0,1005.0,13,1013.0,932.0,0.0,0.0,0.0,0.0,367
2023-05-09 21:16:13,CF401P16200,CF401P16200,1013.0,0.0,0.0,0.0,10,996.0,1005.0,13,1013.0,932.0,0.0,0.0,0.0,0.0,367
2023-05-09 21:16:15,CF401P16200,CF401P16200,1013.0,0.0,0.0,0.0,10,996.0,1005.0,23,1013.0,932.0,0.0,0.0,0.0,0.0,367
2023-05-09 21:16:20,CF401P16200,CF401P16200,1013.0,0.0,0.0,0.0,20,996.0,1005.0,13,1013.0,932.0,0.0,0.0,0.0,0.0,367
2023-05-09 21:16:27,CF401P16200,CF401P16200,1013.0,0.0,0.0,0.0,10,996.0,1005.0,13,1013.0,932.0,0.0,0.0,0.0,0.0,367
2023-05-09 21:16:27,CF401P16200,CF401P16200,1013.0,0.0,0.0,0.0,10,994.0,1005.0,13,1013.0,932.0,0.0,0.0,0.0,0.0,367
2023-05-09 21:16:28,CF401P16200,CF401P16200,1013.0,0.0,0.0,0.0,13,993.0,1005.0,13,1013.0,932.0,0.0,0.0,0.0,0.0,367
2023-05-09 21:16:29,CF401P16200,CF401P16200,1013.0,0.0,0.0,0.0,13,993.0,1005.0,33,1013.0,932.0,0.0,0.0,0.0,0.0,367
2023-05-09 21:16:30,CF401P16200,CF401P16200,1013.0,0.0,0.0,0.0,3,993.0,1005.0,33,1013.0,932.0,0.0,0.0,0.0,0.0,367
2023-05-09 21:16:32,CF401P16200,CF401P16200,1013.0,0.0,0.0,0.0,3,993.0,1005.0,43,1013.0,932.0,0.0,0.0,0.0,0.0,367
2023-05-09 21:16:35,CF401P16200,CF401P16200,1013.0,0.0,0.0,0.0,3,993.0,1003.0,10,1013.0,932.0,0.0,0.0,0.0,0.0,367
2023-05-09 21:16:36,CF401P16200,CF401P16200,1013.0,0.0,0.0,0.0,10,990.0,1003.0,20,1013.0,932.0,0.0,0.0,0.0,0.0,367
2023-05-09 21:16:36,CF401P16200,CF401P16200,1013.0,0.0,0.0,0.0,30,988.0,1003.0,40,1013.0,932.0,0.0,0.0,0.0,0.0,367
2023-05-09 21:16:38,CF401P16200,CF401P16200,1013.0,0.0,0.0,0.0,30,988.0,1001.0,10,1013.0,932.0,0.0,0.0,0.0,0.0,367
2023-05-09 21:16:38,CF401P16200,CF401P16200,1013.0,0.0,0.0,0.0,30,988.0,999.0,13,1013.0,932.0,0.0,0.0,0.0,0.0,367
2023-05-09 21:16:43,CF401P16200,CF401P16200,1013.0,0.0,0.0,0.0,20,988.0,999.0,13,1013.0,932.0,0.0,0.0,0.0,0.0,367
2023-05-09 21:16:44,CF401P16200,CF401P16200,1013.0,0.0,0.0,0.0,10,988.0,999.0,23,1013.0,932.0,0.0,0.0,0.0,0.0,367
2023-05-09 21:16:44,CF401P16200,CF401P16200,1013.0,0.0,0.0,0.0,10,988.0,999.0,33,1013.0,932.0,0.0,0.0,0.0,0.0,367
2023-05-09 21:16:46,CF401P16200,CF401P16200,1013.0,0.0,0.0,0.0,10,988.0,998.0,20,1013.0,932.0,0.0,0.0,0.0,0.0,367
2023-05-09 21:16:46,CF401P16200,CF401P16200,1013.0,0.0,0.0,0.0,13,986.0,998.0,20,1013.0,932.0,0.0,0.0,0.0,0.0,367
2023-05-09 21:16:47,CF401P16200,CF401P16200,1013.0,0.0,0.0,0.0,3,986.0,998.0,30,1013.0,932.0,0.0,0.0,0.0,0.0,367
2023-05-09 21:16:50,CF401P16200,CF401P16200,1013.0,0.0,0.0,0.0,3,986.0,995.0,13,1013.0,932.0,0.0,0.0,0.0,0.0,367
2023-05-09 21:16:50,CF401P16200,CF401P16200,1013.0,0.0,0.0,0.0,3,986.0,995.0,23,1013.0,932.0,0.0,0.0,0.0,0.0,367
2023-05-09 21:16:51,CF401P16200,CF401P16200,1013.0,0.0,0.0,0.0,40,981.0,995.0,33,1013.0,932.0,0.0,0.0,0.0,0.0,367
2023-05-09 21:17:01,CF401P16200,CF401P16200,1013.0,0.0,0.0,0.0,50,981.0,995.0,33,1013.0,932.0,0.0,0.0,0.0,0.0,367
2023-05-09 21:17:02,CF401P16200,CF401P16200,1013.0,0.0,0.0,0.0,3,984.0,995.0,33,1013.0,932.0,0.0,0.0,0.0,0.0,367
2023-05-09 21:17:02,CF401P16200,CF401P16200,1013.0,0.0,0.0,0.0,23,984.0,995.0,13,1013.0,932.0,0.0,0.0,0.0,0.0,367
2023-05-09 21:17:03,CF401P16200,CF401P16200,1013.0,0.0,0.0,0.0,43,984.0,995.0,3,1013.0,932.0,0.0,0.0,0.0,0.0,367
2023-05-09 21:17:04,CF401P16200,CF401P16200,1013.0,0.0,0.0,0.0,53,984.0,995.0,3,1013.0,932.0,0.0,0.0,0.0,0.0,367
2023-05-09 21:17:06,CF401P16200,CF401P16200,1013.0,0.0,0.0,0.0,43,984.0,995.0,3,1013.0,932.0,0.0,0.0,0.0,0.0,367
2023-05-09 21:17:07,CF401P16200,CF401P16200,1013.0,0.0,0.0,0.0,53,984.0,995.0,3,1013.0,932.0,0.0,0.0,0.0,0.0,367
2023-05-09 21:17:08,CF401P16200,CF401P16200,1013.0,0.0,0.0,0.0,43,984.0,995.0,3,1013.0,932.0,0.0,0.0,0.0,0.0,367
2023-05-09 21:17:09,CF401P16200,CF401P16200,1013.0,0.0,0.0,0.0,43,984.0,995.0,13,1013.0,932.0,0.0,0.0,0.0,0.0,367
2023-05-09 21:17:10,CF401P16200,CF401P16200,1013.0,0.0,0.0,0.0,33,984.0,995.0,23,1013.0,932.0,0.0,0.0,0.0,0.0,367
2023-05-09 21:17:11,CF401P16200,CF401P16200,1013.0,0.0,0.0,0.0,43,984.0,995.0,13,1013.0,932.0,0.0,0.0,0.0,0.0,367
2023-05-09 21:17:13,CF401P16200,CF401P16200,1013.0,0.0,0.0,0.0,10,987.0,995.0,13,1013.0,932.0,0.0,0.0,0.0,0.0,367
2023-05-09 21:17:14,CF401P16200,CF401P16200,1013.0,0.0,0.0,0.0,20,987.0,995.0,13,1013.0,932.0,0.0,0.0,0.0,0.0,367
2023-05-09 21:17:17,CF401P16200,CF401P16200,1013.0,0.0,0.0,0.0,20,987.0,995.0,3,1013.0,932.0,0.0,0.0,0.0,0.0,367
2023-05-09 21:17:19,CF401P16200,CF401P16200,1013.0,0.0,0.0,0.0,10,987.0,995.0,3,1013.0,932.0,0.0,0.0,0.0,0.0,367
2023-05-09 21:17:21,CF401P16200,CF401P16200,1013.0,0.0,0.0,0.0,10,987.0,995.0,13,1013.0,932.0,0.0,0.0,0.0,0.0,367
2023-05-09 21:17:26,CF401P16200,CF401P16200,1013.0,0.0,0.0,0.0,10,985.0,995.0,13,1013.0,932.0,0.0,0.0,0.0,0.0,367
2023-05-09 21:17:26,CF401P16200,CF401P16200,1013.0,0.0,0.0,0.0,43,984.0,995.0,13,1013.0,932.0,0.0,0.0,0.0,0.0,367
2023-05-09 21:17:27,CF401P16200,CF401P16200,1013.0,0.0,0.0,0.0,33,984.0,995.0,13,1013.0,932.0,0.0,0.0,0.0,0.0,367
2023-05-09 21:17:27,CF401P16200,CF401P16200,1013.0,0.0,0.0,0.0,43,984.0,995.0,13,1013.0,932.0,0.0,0.0,0.0,0.0,367
2023-05-09 21:17:31,CF401P16200,CF401P16200,1013.0,0.0,0.0,0.0,33,984.0,995.0,13,1013.0,932.0,0.0,0.0,0.0,0.0,367
2023-05-09 21:17:31,CF401P16200,CF401P16200,1013.0,0.0,0.0,0.0,43,984.0,995.0,13,1013.0,932.0,0.0,0.0,0.0,0.0,367
2023-05-09 21:17:36,CF401P16200,CF401P16200,1013.0,0.0,0.0,0.0,33,984.0,995.0,13,1013.0,932.0,0.0,0.0,0.0,0.0,367
2023-05-09 21:17:44,CF401P16200,CF401P16200,1013.0,0.0,0.0,0.0,23,984.0,995.0,13,1013.0,932.0,0.0,0.0,0.0,0.0,367
2023-05-09 21:17:46,CF401P16200,CF401P16200,1013.0,0.0,0.0,0.0,13,984.0,995.0,13,1013.0,932.0,0.0,0.0,0.0,0.0,367
2023-05-09 21:17:48,CF401P16200,CF401P16200,1013.0,0.0,0.0,0.0,3,984.0,995.0,13,1013.0,932.0,0.0,0.0,0.0,0.0,367
2023-05-09 21:17:51,CF401P16200,CF401P16200,1013.0,0.0,0.0,0.0,13,984.0,995.0,3,1013.0,932.0,0.0,0.0,0.0,0.0,367
2023-05-09 21:17:52,CF401P16200,CF401P16200,1013.0,0.0,0.0,0.0,23,984.0,995.0,3,1013.0,932.0,0.0,0.0,0.0,0.0,367
2023-05-09 21:17:54,CF401P16200,CF401P16200,1013.0,0.0,0.0,0.0,20,986.0,995.0,3,1013.0,932.0,0.0,0.0,0.0,0.0,367
2023-05-09 21:17:54,CF401P16200,CF401P16200,1013.0,0.0,0.0,0.0,40,986.0,999.0,13,1013.0,932.0,0.0,0.0,0.0,0.0,367
2023-05-09 21:17:55,CF401P16200,CF401P16200,1013.0,0.0,0.0,0.0,3,988.0,999.0,13,1013.0,932.0,0.0,0.0,0.0,0.0,367
2023-05-09 21:17:56,CF401P16200,CF401P16200,1013.0,0.0,0.0,0.0,3,988.0,999.0,23,1013.0,932.0,0.0,0.0,0.0,0.0,367
2023-05-09 21:17:56,CF401P16200,CF401P16200,1013.0,0.0,0.0,0.0,3,988.0,999.0,43,1013.0,932.0,0.0,0.0,0.0,0.0,367
2023-05-09 21:18:35,CF401P16200,CF401P16200,1013.0,0.0,0.0,0.0,3,988.0,999.0,53,1013.0,932.0,0.0,0.0,0.0,0.0,367
2023-05-09 21:18:37,CF401P16200,CF401P16200,1013.0,0.0,0.0,0.0,20,986.0,999.0,53,1013.0,932.0,0.0,0.0,0.0,0.0,367
2023-05-09 21:18:38,CF401P16200,CF401P16200,1013.0,0.0,0.0,0.0,13,984.0,995.0,13,1013.0,932.0,0.0,0.0,0.0,0.0,367
2023-05-09 21:18:38,CF401P16200,CF401P16200,1013.0,0.0,0.0,0.0,13,984.0,995.0,23,1013.0,932.0,0.0,0.0,0.0,0.0,367
2023-05-09 21:18:39,CF401P16200,CF401P16200,1013.0,0.0,0.0,0.0,23,984.0,995.0,23,1013.0,932.0,0.0,0.0,0.0,0.0,367
2023-05-09 21:18:48,CF401P16200,CF401P16200,1013.0,0.0,0.0,0.0,33,984.0,995.0,13,1013.0,932.0,0.0,0.0,0.0,0.0,367
2023-05-09 21:18:49,CF401P16200,CF401P16200,1013.0,0.0,0.0,0.0,23,984.0,995.0,23,1013.0,932.0,0.0,0.0,0.0,0.0,367
2023-05-09 21:18:59,CF401P16200,CF401P16200,1013.0,0.0,0.0,0.0,20,984.0,995.0,23,1013.0,932.0,0.0,0.0,0.0,0.0,367
2023-05-09 21:18:59,CF401P16200,CF401P16200,1013.0,0.0,0.0,0.0,10,982.0,993.0,20,1013.0,932.0,0.0,0.0,0.0,0.0,367
2023-05-09 21:19:00,CF401P16200,CF401P16200,1013.0,0.0,0.0,0.0,33,980.0,993.0,30,1013.0,932.0,0.0,0.0,0.0,0.0,367
2023-05-09 21:19:01,CF401P16200,CF401P16200,1013.0,0.0,0.0,0.0,20,983.0,993.0,10,1013.0,932.0,0.0,0.0,0.0,0.0,367
2023-05-09 21:19:02,CF401P16200,CF401P16200,1013.0,0.0,0.0,0.0,30,983.0,995.0,13,1013.0,932.0,0.0,0.0,0.0,0.0,367
2023-05-09 21:19:03,CF401P16200,CF401P16200,1013.0,0.0,0.0,0.0,10,986.0,995.0,3,1013.0,932.0,0.0,0.0,0.0,0.0,367
2023-05-09 21:19:03,CF401P16200,CF401P16200,1013.0,0.0,0.0,0.0,20,986.0,995.0,3,1013.0,932.0,0.0,0.0,0.0,0.0,367
2023-05-09 21:19:04,CF401P16200,CF401P16200,1013.0,0.0,0.0,0.0,30,986.0,995.0,3,1013.0,932.0,0.0,0.0,0.0,0.0,367
2023-05-09 21:19:07,CF401P16200,CF401P16200,1013.0,0.0,0.0,0.0,20,986.0,995.0,3,1013.0,932.0,0.0,0.0,0.0,0.0,367
2023-05-09 21:19:22,CF401P16200,CF401P16200,1013.0,0.0,0.0,0.0,10,986.0,995.0,3,1013.0,932.0,0.0,0.0,0.0,0.0,367
2023-05-09 21:19:23,CF401P16200,CF401P16200,1013.0,0.0,0.0,0.0,10,988.0,995.0,3,1013.0,932.0,0.0,0.0,0.0,0.0,367
2023-05-09 21:19:28,CF401P16200,CF401P16200,1013.0,0.0,0.0,0.0,20,988.0,995.0,3,1013.0,932.0,0.0,0.0,0.0,0.0,367
2023-05-09 21:19:28,CF401P16200,CF401P16200,1013.0,0.0,0.0,0.0,10,988.0,995.0,13,1013.0,932.0,0.0,0.0,0.0,0.0,367
2023-05-09 21:19:29,CF401P16200,CF401P16200,1013.0,0.0,0.0,0.0,10,985.0,995.0,23,1013.0,932.0,0.0,0.0,0.0,0.0,367
2023-05-09 21:19:30,CF401P16200,CF401P16200,1013.0,0.0,0.0,0.0,10,985.0,995.0,13,1013.0,932.0,0.0,0.0,0.0,0.0,367
2023-05-09 21:19:31,CF401P16200,CF401P16200,1013.0,0.0,0.0,0.0,20,985.0,995.0,13,1013.0,932.0,0.0,0.0,0.0,0.0,367
2023-05-09 21:20:01,CF401P16200,CF401P16200,1013.0,0.0,0.0,0.0,3,984.0,995.0,23,1013.0,932.0,0.0,0.0,0.0,0.0,367
2023-05-09 21:20:02,CF401P16200,CF401P16200,1013.0,0.0,0.0,0.0,3,984.0,995.0,33,1013.0,932.0,0.0,0.0,0.0,0.0,367
2023-05-09 21:20:04,CF401P16200,CF401P16200,1013.0,0.0,0.0,0.0,3,984.0,995.0,23,1013.0,932.0,0.0,0.0,0.0,0.0,367
2023-05-09 21:20:06,CF401P16200,CF401P16200,1013.0,0.0,0.0,0.0,20,980.0,993.0,40,1013.0,932.0,0.0,0.0,0.0,0.0,367
2023-05-09 21:20:06,CF401P16200,CF401P16200,1013.0,0.0,0.0,0.0,10,978.0,991.0,20,1013.0,932.0,0.0,0.0,0.0,0.0,367
2023-05-09 21:20:06,CF401P16200,CF401P16200,1013.0,0.0,0.0,0.0,40,975.0,991.0,20,1013.0,932.0,0.0,0.0,0.0,0.0,367
2023-05-09 21:20:07,CF401P16200,CF401P16200,1013.0,0.0,0.0,0.0,50,975.0,991.0,30,1013.0,932.0,0.0,0.0,0.0,0.0,367
2023-05-09 21:20:08,CF401P16200,CF401P16200,1013.0,0.0,0.0,0.0,50,975.0,985.0,3,1013.0,932.0,0.0,0.0,0.0,0.0,367
2023-05-09 21:20:09,CF401P16200,CF401P16200,1013.0,0.0,0.0,0.0,10,975.0,985.0,13,1013.0,932.0,0.0,0.0,0.0,0.0,367
2023-05-09 21:20:09,CF401P16200,CF401P16200,1013.0,0.0,0.0,0.0,10,974.0,985.0,3,1013.0,932.0,0.0,0.0,0.0,0.0,367
2023-05-09 21:20:09,CF401P16200,CF401P16200,1013.0,0.0,0.0,0.0,10,974.0,985.0,13,1013.0,932.0,0.0,0.0,0.0,0.0,367
2023-05-09 21:20:10,CF401P16200,CF401P16200,1013.0,0.0,0.0,0.0,20,971.0,985.0,13,1013.0,932.0,0.0,0.0,0.0,0.0,367
2023-05-09 21:20:10,CF401P16200,CF401P16200,1013.0,0.0,0.0,0.0,20,971.0,985.0,23,1013.0,932.0,0.0,0.0,0.0,0.0,367
2023-05-09 21:20:11,CF401P16200,CF401P16200,1013.0,0.0,0.0,0.0,20,971.0,985.0,13,1013.0,932.0,0.0,0.0,0.0,0.0,367
2023-05-09 21:20:12,CF401P16200,CF401P16200,1013.0,0.0,0.0,0.0,20,971.0,985.0,23,1013.0,932.0,0.0,0.0,0.0,0.0,367
2023-05-09 21:20:12,CF401P16200,CF401P16200,1013.0,0.0,0.0,0.0,30,971.0,985.0,23,1013.0,932.0,0.0,0.0,0.0,0.0,367
2023-05-09 21:20:14,CF401P16200,CF401P16200,1013.0,0.0,0.0,0.0,20,971.0,985.0,23,1013.0,932.0,0.0,0.0,0.0,0.0,367
2023-05-09 21:20:17,CF401P16200,CF401P16200,1013.0,0.0,0.0,0.0,30,970.0,985.0,23,1013.0,932.0,0.0,0.0,0.0,0.0,367
2023-05-09 21:20:21,CF401P16200,CF401P16200,1013.0,0.0,0.0,0.0,40,970.0,985.0,23,1013.0,932.0,0.0,0.0,0.0,0.0,367
2023-05-09 21:20:21,CF401P16200,CF401P16200,1013.0,0.0,0.0,0.0,20,971.0,985.0,23,1013.0,932.0,0.0,0.0,0.0,0.0,367
2023-05-09 21:20:23,CF401P16200,CF401P16200,1013.0,0.0,0.0,0.0,40,971.0,985.0,13,1013.0,932.0,0.0,0.0,0.0,0.0,367
2023-05-09 21:20:24,CF401P16200,CF401P16200,1013.0,0.0,0.0,0.0,40,971.0,985.0,23,1013.0,932.0,0.0,0.0,0.0,0.0,367
2023-05-09 21:20:29,CF401P16200,CF401P16200,1013.0,0.0,0.0,0.0,30,971.0,985.0,23,1013.0,932.0,0.0,0.0,0.0,0.0,367
2023-05-09 21:20:30,CF401P16200,CF401P16200,1013.0,0.0,0.0,0.0,10,971.0,985.0,23,1013.0,932.0,0.0,0.0,0.0,0.0,367
2023-05-09 21:20:30,CF401P16200,CF401P16200,1013.0,0.0,0.0,0.0,10,971.0,985.0,33,1013.0,932.0,0.0,0.0,0.0,0.0,367
2023-05-09 21:20:31,CF401P16200,CF401P16200,1013.0,0.0,0.0,0.0,10,971.0,985.0,43,1013.0,932.0,0.0,0.0,0.0,0.0,367
2023-05-09 21:20:33,CF401P16200,CF401P16200,1013.0,0.0,0.0,0.0,23,969.0,985.0,33,1013.0,932.0,0.0,0.0,0.0,0.0,367
2023-05-09 21:20:34,CF401P16200,CF401P16200,1013.0,0.0,0.0,0.0,23,969.0,983.0,20,1013.0,932.0,0.0,0.0,0.0,0.0,367
2023-05-09 21:20:34,CF401P16200,CF401P16200,1013.0,0.0,0.0,0.0,23,969.0,983.0,30,1013.0,932.0,0.0,0.0,0.0,0.0,367
2023-05-09 21:20:35,CF401P16200,CF401P16200,1013.0,0.0,0.0,0.0,13,969.0,983.0,30,1013.0,932.0,0.0,0.0,0.0,0.0,367
2023-05-09 21:20:36,CF401P16200,CF401P16200,1013.0,0.0,0.0,0.0,23,969.0,983.0,40,1013.0,932.0,0.0,0.0,0.0,0.0,367
2023-05-09 21:20:40,CF401P16200,CF401P16200,1013.0,0.0,0.0,0.0,13,969.0,983.0,40,1013.0,932.0,0.0,0.0,0.0,0.0,367
2023-05-09 21:20:41,CF401P16200,CF401P16200,1013.0,0.0,0.0,0.0,23,969.0,983.0,40,1013.0,932.0,0.0,0.0,0.0,0.0,367
2023-05-09 21:20:44,CF401P16200,CF401P16200,1013.0,0.0,0.0,0.0,23,969.0,981.0,13,1013.0,932.0,0.0,0.0,0.0,0.0,367
2023-05-09 21:20:45,CF401P16200,CF401P16200,1013.0,0.0,0.0,0.0,13,969.0,981.0,13,1013.0,932.0,0.0,0.0,0.0,0.0,367
2023-05-09 21:20:46,CF401P16200,CF401P16200,1013.0,0.0,0.0,0.0,3,969.0,981.0,23,1013.0,932.0,0.0,0.0,0.0,0.0,367
2023-05-09 21:20:47,CF401P16200,CF401P16200,1013.0,0.0,0.0,0.0,3,969.0,981.0,13,1013.0,932.0,0.0,0.0,0.0,0.0,367
2023-05-09 21:20:48,CF401P16200,CF401P16200,1013.0,0.0,0.0,0.0,3,969.0,981.0,23,1013.0,932.0,0.0,0.0,0.0,0.0,367
2023-05-09 21:20:51,CF401P16200,CF401P16200,1013.0,0.0,0.0,0.0,3,969.0,980.0,20,1013.0,932.0,0.0,0.0,0.0,0.0,367
2023-05-09 21:20:53,CF401P16200,CF401P16200,1013.0,0.0,0.0,0.0,3,969.0,980.0,10,1013.0,932.0,0.0,0.0,0.0,0.0,367
2023-05-09 21:20:53,CF401P16200,CF401P16200,1013.0,0.0,0.0,0.0,10,970.0,980.0,10,1013.0,932.0,0.0,0.0,0.0,0.0,367
2023-05-09 21:20:57,CF401P16200,CF401P16200,1013.0,0.0,0.0,0.0,20,970.0,981.0,13,1013.0,932.0,0.0,0.0,0.0,0.0,367
2023-05-09 21:21:00,CF401P16200,CF401P16200,1013.0,0.0,0.0,0.0,10,971.0,981.0,13,1013.0,932.0,0.0,0.0,0.0,0.0,367
2023-05-09 21:21:01,CF401P16200,CF401P16200,1013.0,0.0,0.0,0.0,20,970.0,981.0,23,1013.0,932.0,0.0,0.0,0.0,0.0,367
2023-05-09 21:21:03,CF401P16200,CF401P16200,1013.0,0.0,0.0,0.0,10,971.0,981.0,23,1013.0,932.0,0.0,0.0,0.0,0.0,367
2023-05-09 21:21:04,CF401P16200,CF401P16200,1013.0,0.0,0.0,0.0,20,971.0,981.0,13,1013.0,932.0,0.0,0.0,0.0,0.0,367
2023-05-09 21:21:05,CF401P16200,CF401P16200,1013.0,0.0,0.0,0.0,3,973.0,981.0,10,1013.0,932.0,0.0,0.0,0.0,0.0,367
2023-05-09 21:21:05,CF401P16200,CF401P16200,1013.0,0.0,0.0,0.0,3,973.0,984.0,10,1013.0,932.0,0.0,0.0,0.0,0.0,367
2023-05-09 21:21:05,CF401P16200,CF401P16200,1013.0,0.0,0.0,0.0,10,974.0,984.0,10,1013.0,932.0,0.0,0.0,0.0,0.0,367
2023-05-09 21:21:05,CF401P16200,CF401P16200,1013.0,0.0,0.0,0.0,3,973.0,984.0,10,1013.0,932.0,0.0,0.0,0.0,0.0,367
2023-05-09 21:21:05,CF401P16200,CF401P16200,1013.0,0.0,0.0,0.0,10,974.0,984.0,10,1013.0,932.0,0.0,0.0,0.0,0.0,367
2023-05-09 21:21:06,CF401P16200,CF401P16200,1013.0,0.0,0.0,0.0,13,973.0,984.0,10,1013.0,932.0,0.0,0.0,0.0,0.0,367
2023-05-09 21:21:07,CF401P16200,CF401P16200,1013.0,0.0,0.0,0.0,3,973.0,984.0,10,1013.0,932.0,0.0,0.0,0.0,0.0,367
2023-05-09 21:21:08,CF401P16200,CF401P16200,1013.0,0.0,0.0,0.0,3,973.0,984.0,20,1013.0,932.0,0.0,0.0,0.0,0.0,367
2023-05-09 21:21:11,CF401P16200,CF401P16200,1013.0,0.0,0.0,0.0,3,973.0,984.0,30,1013.0,932.0,0.0,0.0,0.0,0.0,367
2023-05-09 21:21:27,CF401P16200,CF401P16200,1013.0,0.0,0.0,0.0,3,973.0,983.0,10,1013.0,932.0,0.0,0.0,0.0,0.0,367
2023-05-09 21:21:30,CF401P16200,CF401P16200,1013.0,0.0,0.0,0.0,3,973.0,983.0,20,1013.0,932.0,0.0,0.0,0.0,0.0,367
2023-05-09 21:21:31,CF401P16200,CF401P16200,1013.0,0.0,0.0,0.0,23,969.0,981.0,3,1013.0,932.0,0.0,0.0,0.0,0.0,367
2023-05-09 21:21:32,CF401P16200,CF401P16200,1013.0,0.0,0.0,0.0,23,969.0,981.0,13,1013.0,932.0,0.0,0.0,0.0,0.0,367
2023-05-09 21:21:33,CF401P16200,CF401P16200,1013.0,0.0,0.0,0.0,3,969.0,981.0,33,1013.0,932.0,0.0,0.0,0.0,0.0,367
2023-05-09 21:21:38,CF401P16200,CF401P16200,1013.0,0.0,0.0,0.0,3,969.0,979.0,10,1013.0,932.0,0.0,0.0,0.0,0.0,367
2023-05-09 21:21:39,CF401P16200,CF401P16200,1013.0,0.0,0.0,0.0,3,969.0,979.0,20,1013.0,932.0,0.0,0.0,0.0,0.0,367
2023-05-09 21:21:41,CF401P16200,CF401P16200,1013.0,0.0,0.0,0.0,10,967.0,976.0,3,1013.0,932.0,0.0,0.0,0.0,0.0,367
2023-05-09 21:21:41,CF401P16200,CF401P16200,1013.0,0.0,0.0,0.0,20,965.0,976.0,23,1013.0,932.0,0.0,0.0,0.0,0.0,367
2023-05-09 21:21:42,CF401P16200,CF401P16200,1013.0,0.0,0.0,0.0,30,965.0,976.0,23,1013.0,932.0,0.0,0.0,0.0,0.0,367
2023-05-09 21:21:42,CF401P16200,CF401P16200,1013.0,0.0,0.0,0.0,20,965.0,976.0,3,1013.0,932.0,0.0,0.0,0.0,0.0,367
2023-05-09 21:21:44,CF401P16200,CF401P16200,1013.0,0.0,0.0,0.0,30,965.0,976.0,3,1013.0,932.0,0.0,0.0,0.0,0.0,367
2023-05-09 21:21:46,CF401P16200,CF401P16200,1013.0,0.0,0.0,0.0,20,965.0,976.0,13,1013.0,932.0,0.0,0.0,0.0,0.0,367
2023-05-09 21:21:47,CF401P16200,CF401P16200,1013.0,0.0,0.0,0.0,30,965.0,976.0,13,1013.0,932.0,0.0,0.0,0.0,0.0,367
2023-05-09 21:21:47,CF401P16200,CF401P16200,1013.0,0.0,0.0,0.0,10,966.0,976.0,3,1013.0,932.0,0.0,0.0,0.0,0.0,367
2023-05-09 21:21:48,CF401P16200,CF401P16200,1013.0,0.0,0.0,0.0,30,965.0,976.0,3,1013.0,932.0,0.0,0.0,0.0,0.0,367
2023-05-09 21:21:52,CF401P16200,CF401P16200,1013.0,0.0,0.0,0.0,10,966.0,976.0,3,1013.0,932.0,0.0,0.0,0.0,0.0,367
2023-05-09 21:21:55,CF401P16200,CF401P16200,1013.0,0.0,0.0,0.0,30,965.0,976.0,3,1013.0,932.0,0.0,0.0,0.0,0.0,367
2023-05-09 21:21:56,CF401P16200,CF401P16200,1013.0,0.0,0.0,0.0,10,966.0,976.0,3,1013.0,932.0,0.0,0.0,0.0,0.0,367
2023-05-09 21:21:57,CF401P16200,CF401P16200,1013.0,0.0,0.0,0.0,30,965.0,976.0,3,1013.0,932.0,0.0,0.0,0.0,0.0,367
2023-05-09 21:22:00,CF401P16200,CF401P16200,1013.0,0.0,0.0,0.0,10,966.0,976.0,3,1013.0,932.0,0.0,0.0,0.0,0.0,367
2023-05-09 21:22:02,CF401P16200,CF401P16200,1013.0,0.0,0.0,0.0,20,966.0,976.0,3,1013.0,932.0,0.0,0.0,0.0,0.0,367
2023-05-09 21:22:03,CF401P16200,CF401P16200,1013.0,0.0,0.0,0.0,10,966.0,976.0,3,1013.0,932.0,0.0,0.0,0.0,0.0,367
2023-05-09 21:22:04,CF401P16200,CF401P16200,1013.0,0.0,0.0,0.0,20,966.0,976.0,3,1013.0,932.0,0.0,0.0,0.0,0.0,367
2023-05-09 21:22:04,CF401P16200,CF401P16200,1013.0,0.0,0.0,0.0,10,966.0,976.0,3,1013.0,932.0,0.0,0.0,0.0,0.0,367
2023-05-09 21:22:07,CF401P16200,CF401P16200,1013.0,0.0,0.0,0.0,10,966.0,976.0,13,1013.0,932.0,0.0,0.0,0.0,0.0,367
2023-05-09 21:22:07,CF401P16200,CF401P16200,1013.0,0.0,0.0,0.0,20,965.0,976.0,33,1013.0,932.0,0.0,0.0,0.0,0.0,367
2023-05-09 21:22:09,CF401P16200,CF401P16200,1013.0,0.0,0.0,0.0,30,965.0,976.0,23,1013.0,932.0,0.0,0.0,0.0,0.0,367
2023-05-09 21:22:09,CF401P16200,CF401P16200,1013.0,0.0,0.0,0.0,30,965.0,976.0,13,1013.0,932.0,0.0,0.0,0.0,0.0,367
2023-05-09 21:22:11,CF401P16200,CF401P16200,1013.0,0.0,0.0,0.0,30,965.0,976.0,3,1013.0,932.0,0.0,0.0,0.0,0.0,367
2023-05-09 21:22:13,CF401P16200,CF401P16200,1013.0,0.0,0.0,0.0,3,968.0,978.0,20,1013.0,932.0,0.0,0.0,0.0,0.0,367
2023-05-09 21:22:16,CF401P16200,CF401P16200,1013.0,0.0,0.0,0.0,3,968.0,978.0,10,1013.0,932.0,0.0,0.0,0.0,0.0,367
2023-05-09 21:22:17,CF401P16200,CF401P16200,1013.0,0.0,0.0,0.0,3,968.0,978.0,20,1013.0,932.0,0.0,0.0,0.0,0.0,367
2023-05-09 21:22:25,CF401P16200,CF401P16200,1013.0,0.0,0.0,0.0,3,968.0,978.0,30,1013.0,932.0,0.0,0.0,0.0,0.0,367
2023-05-09 21:22:26,CF401P16200,CF401P16200,1013.0,0.0,0.0,0.0,3,968.0,978.0,40,1013.0,932.0,0.0,0.0,0.0,0.0,367
2023-05-09 21:22:27,CF401P16200,CF401P16200,1013.0,0.0,0.0,0.0,3,968.0,978.0,30,1013.0,932.0,0.0,0.0,0.0,0.0,367
2023-05-09 21:22:34,CF401P16200,CF401P16200,1013.0,0.0,0.0,0.0,3,968.0,978.0,20,1013.0,932.0,0.0,0.0,0.0,0.0,367
2023-05-09 21:22:36,CF401P16200,CF401P16200,1013.0,0.0,0.0,0.0,3,968.0,978.0,10,1013.0,932.0,0.0,0.0,0.0,0.0,367
2023-05-09 21:22:36,CF401P16200,CF401P16200,1013.0,0.0,0.0,0.0,3,968.0,981.0,43,1013.0,932.0,0.0,0.0,0.0,0.0,367
2023-05-09 21:22:49,CF401P16200,CF401P16200,1013.0,0.0,0.0,0.0,3,968.0,979.0,10,1013.0,932.0,0.0,0.0,0.0,0.0,367
2023-05-09 21:22:50,CF401P16200,CF401P16200,1013.0,0.0,0.0,0.0,3,968.0,979.0,20,1013.0,932.0,0.0,0.0,0.0,0.0,367
2023-05-09 21:22:52,CF401P16200,CF401P16200,1013.0,0.0,0.0,0.0,3,968.0,978.0,10,1013.0,932.0,0.0,0.0,0.0,0.0,367
2023-05-09 21:22:53,CF401P16200,CF401P16200,1013.0,0.0,0.0,0.0,3,968.0,978.0,30,1013.0,932.0,0.0,0.0,0.0,0.0,367
2023-05-09 21:22:55,CF401P16200,CF401P16200,1013.0,0.0,0.0,0.0,3,968.0,977.0,3,1013.0,932.0,0.0,0.0,0.0,0.0,367
2023-05-09 21:22:56,CF401P16200,CF401P16200,1013.0,0.0,0.0,0.0,10,965.0,977.0,3,1013.0,932.0,0.0,0.0,0.0,0.0,367
2023-05-09 21:22:59,CF401P16200,CF401P16200,1013.0,0.0,0.0,0.0,13,964.0,977.0,3,1013.0,932.0,0.0,0.0,0.0,0.0,367
2023-05-09 21:22:59,CF401P16200,CF401P16200,1013.0,0.0,0.0,0.0,3,964.0,975.0,10,1013.0,932.0,0.0,0.0,0.0,0.0,367
2023-05-09 21:23:00,CF401P16200,CF401P16200,1013.0,0.0,0.0,0.0,3,964.0,975.0,20,1013.0,932.0,0.0,0.0,0.0,0.0,367
2023-05-09 21:23:01,CF401P16200,CF401P16200,1013.0,0.0,0.0,0.0,3,964.0,977.0,3,1013.0,932.0,0.0,0.0,0.0,0.0,367
2023-05-09 21:23:01,CF401P16200,CF401P16200,1013.0,0.0,0.0,0.0,13,964.0,977.0,23,1013.0,932.0,0.0,0.0,0.0,0.0,367
2023-05-09 21:23:02,CF401P16200,CF401P16200,1013.0,0.0,0.0,0.0,20,965.0,977.0,13,1013.0,932.0,0.0,0.0,0.0,0.0,367
2023-05-09 21:23:03,CF401P16200,CF401P16200,1013.0,0.0,0.0,0.0,10,968.0,981.0,3,1013.0,932.0,0.0,0.0,0.0,0.0,367
2023-05-09 21:23:04,CF401P16200,CF401P16200,1013.0,0.0,0.0,0.0,3,970.0,981.0,13,1013.0,932.0,0.0,0.0,0.0,0.0,367
2023-05-09 21:23:09,CF401P16200,CF401P16200,1013.0,0.0,0.0,0.0,3,970.0,981.0,23,1013.0,932.0,0.0,0.0,0.0,0.0,367
2023-05-09 21:23:09,CF401P16200,CF401P16200,1013.0,0.0,0.0,0.0,13,970.0,981.0,13,1013.0,932.0,0.0,0.0,0.0,0.0,367
2023-05-09 21:23:13,CF401P16200,CF401P16200,1013.0,0.0,0.0,0.0,3,970.0,981.0,13,1013.0,932.0,0.0,0.0,0.0,0.0,367
2023-05-09 21:23:21,CF401P16200,CF401P16200,1013.0,0.0,0.0,0.0,3,970.0,981.0,3,1013.0,932.0,0.0,0.0,0.0,0.0,367
2023-05-09 21:23:22,CF401P16200,CF401P16200,1013.0,0.0,0.0,0.0,13,970.0,981.0,3,1013.0,932.0,0.0,0.0,0.0,0.0,367
2023-05-09 21:23:33,CF401P16200,CF401P16200,1013.0,0.0,0.0,0.0,13,970.0,982.0,10,1013.0,932.0,0.0,0.0,0.0,0.0,367
2023-05-09 21:23:33,CF401P16200,CF401P16200,1013.0,0.0,0.0,0.0,13,970.0,985.0,33,1013.0,932.0,0.0,0.0,0.0,0.0,367
2023-05-09 21:23:39,CF401P16200,CF401P16200,1013.0,0.0,0.0,0.0,10,972.0,985.0,33,1013.0,932.0,0.0,0.0,0.0,0.0,367
2023-05-09 21:23:46,CF401P16200,CF401P16200,1013.0,0.0,0.0,0.0,20,972.0,985.0,43,1013.0,932.0,0.0,0.0,0.0,0.0,367
2023-05-09 21:23:49,CF401P16200,CF401P16200,1013.0,0.0,0.0,0.0,20,972.0,985.0,33,1013.0,932.0,0.0,0.0,0.0,0.0,367
2023-05-09 21:23:55,CF401P16200,CF401P16200,1013.0,0.0,0.0,0.0,10,972.0,985.0,33,1013.0,932.0,0.0,0.0,0.0,0.0,367
2023-05-09 21:23:59,CF401P16200,CF401P16200,1013.0,0.0,0.0,0.0,10,972.0,985.0,43,1013.0,932.0,0.0,0.0,0.0,0.0,367
2023-05-09 21:24:00,CF401P16200,CF401P16200,1013.0,0.0,0.0,0.0,13,970.0,985.0,43,1013.0,932.0,0.0,0.0,0.0,0.0,367
2023-05-09 21:24:08,CF401P16200,CF401P16200,1013.0,0.0,0.0,0.0,23,970.0,985.0,33,1013.0,932.0,0.0,0.0,0.0,0.0,367
2023-05-09 21:24:14,CF401P16200,CF401P16200,1013.0,0.0,0.0,0.0,20,972.0,985.0,33,1013.0,932.0,0.0,0.0,0.0,0.0,367
2023-05-09 21:24:15,CF401P16200,CF401P16200,1013.0,0.0,0.0,0.0,20,972.0,985.0,23,1013.0,932.0,0.0,0.0,0.0,0.0,367
2023-05-09 21:24:16,CF401P16200,CF401P16200,1013.0,0.0,0.0,0.0,30,972.0,985.0,23,1013.0,932.0,0.0,0.0,0.0,0.0,367
2023-05-09 21:24:16,CF401P16200,CF401P16200,1013.0,0.0,0.0,0.0,30,972.0,985.0,13,1013.0,932.0,0.0,0.0,0.0,0.0,367
2023-05-09 21:24:18,CF401P16200,CF401P16200,1013.0,0.0,0.0,0.0,3,974.0,985.0,13,1013.0,932.0,0.0,0.0,0.0,0.0,367
2023-05-09 21:24:21,CF401P16200,CF401P16200,1013.0,0.0,0.0,0.0,10,975.0,985.0,13,1013.0,932.0,0.0,0.0,0.0,0.0,367
2023-05-09 21:24:21,CF401P16200,CF401P16200,1013.0,0.0,0.0,0.0,20,975.0,985.0,13,1013.0,932.0,0.0,0.0,0.0,0.0,367
2023-05-09 21:24:23,CF401P16200,CF401P16200,1013.0,0.0,0.0,0.0,20,975.0,985.0,23,1013.0,932.0,0.0,0.0,0.0,0.0,367
2023-05-09 21:24:31,CF401P16200,CF401P16200,1013.0,0.0,0.0,0.0,20,975.0,985.0,13,1013.0,932.0,0.0,0.0,0.0,0.0,367
2023-05-09 21:24:32,CF401P16200,CF401P16200,1013.0,0.0,0.0,0.0,30,975.0,985.0,3,1013.0,932.0,0.0,0.0,0.0,0.0,367
2023-05-09 21:24:32,CF401P16200,CF401P16200,1013.0,0.0,0.0,0.0,30,975.0,987.0,10,1013.0,932.0,0.0,0.0,0.0,0.0,367
2023-05-09 21:24:36,CF401P16200,CF401P16200,1013.0,0.0,0.0,0.0,20,975.0,987.0,20,1013.0,932.0,0.0,0.0,0.0,0.0,367
2023-05-09 21:24:38,CF401P16200,CF401P16200,1013.0,0.0,0.0,0.0,30,975.0,987.0,20,1013.0,932.0,0.0,0.0,0.0,0.0,367
2023-05-09 21:24:38,CF401P16200,CF401P16200,1013.0,0.0,0.0,0.0,20,975.0,988.0,10,1013.0,932.0,0.0,0.0,0.0,0.0,367
2023-05-09 21:24:39,CF401P16200,CF401P16200,1013.0,0.0,0.0,0.0,20,975.0,989.0,33,1013.0,932.0,0.0,0.0,0.0,0.0,367
2023-05-09 21:24:42,CF401P16200,CF401P16200,1013.0,0.0,0.0,0.0,20,975.0,989.0,23,1013.0,932.0,0.0,0.0,0.0,0.0,367
2023-05-09 21:24:44,CF401P16200,CF401P16200,1013.0,0.0,0.0,0.0,30,975.0,989.0,33,1013.0,932.0,0.0,0.0,0.0,0.0,367
2023-05-09 21:24:50,CF401P16200,CF401P16200,1013.0,0.0,0.0,0.0,3,978.0,989.0,33,1013.0,932.0,0.0,0.0,0.0,0.0,367
2023-05-09 21:24:50,CF401P16200,CF401P16200,1013.0,0.0,0.0,0.0,10,979.0,989.0,33,1013.0,932.0,0.0,0.0,0.0,0.0,367
2023-05-09 21:24:51,CF401P16200,CF401P16200,1013.0,0.0,0.0,0.0,20,979.0,989.0,23,1013.0,932.0,0.0,0.0,0.0,0.0,367
2023-05-09 21:24:52,CF401P16200,CF401P16200,1013.0,0.0,0.0,0.0,10,979.0,989.0,13,1013.0,932.0,0.0,0.0,0.0,0.0,367
2023-05-09 21:24:52,CF401P16200,CF401P16200,1013.0,0.0,0.0,0.0,20,979.0,989.0,13,1013.0,932.0,0.0,0.0,0.0,0.0,367
2023-05-09 21:24:53,CF401P16200,CF401P16200,1013.0,0.0,0.0,0.0,10,979.0,989.0,13,1013.0,932.0,0.0,0.0,0.0,0.0,367
2023-05-09 21:24:53,CF401P16200,CF401P16200,1013.0,0.0,0.0,0.0,20,979.0,989.0,13,1013.0,932.0,0.0,0.0,0.0,0.0,367
2023-05-09 21:24:58,CF401P16200,CF401P16200,1013.0,0.0,0.0,0.0,10,979.0,989.0,13,1013.0,932.0,0.0,0.0,0.0,0.0,367
2023-05-09 21:24:58,CF401P16200,CF401P16200,1013.0,0.0,0.0,0.0,20,979.0,989.0,13,1013.0,932.0,0.0,0.0,0.0,0.0,367
2023-05-09 21:25:01,CF401P16200,CF401P16200,1013.0,0.0,0.0,0.0,10,979.0,989.0,13,1013.0,932.0,0.0,0.0,0.0,0.0,367
2023-05-09 21:25:02,CF401P16200,CF401P16200,1013.0,0.0,0.0,0.0,20,979.0,989.0,13,1013.0,932.0,0.0,0.0,0.0,0.0,367
2023-05-09 21:25:05,CF401P16200,CF401P16200,1013.0,0.0,0.0,0.0,10,979.0,989.0,13,1013.0,932.0,0.0,0.0,0.0,0.0,367
2023-05-09 21:25:06,CF401P16200,CF401P16200,1013.0,0.0,0.0,0.0,20,979.0,989.0,13,1013.0,932.0,0.0,0.0,0.0,0.0,367
2023-05-09 21:25:06,CF401P16200,CF401P16200,1013.0,0.0,0.0,0.0,20,979.0,989.0,3,1013.0,932.0,0.0,0.0,0.0,0.0,367
2023-05-09 21:25:07,CF401P16200,CF401P16200,1013.0,0.0,0.0,0.0,30,979.0,991.0,10,1013.0,932.0,0.0,0.0,0.0,0.0,367
2023-05-09 21:25:07,CF401P16200,CF401P16200,1013.0,0.0,0.0,0.0,20,979.0,991.0,10,1013.0,932.0,0.0,0.0,0.0,0.0,367
2023-05-09 21:25:09,CF401P16200,CF401P16200,1013.0,0.0,0.0,0.0,30,979.0,991.0,10,1013.0,932.0,0.0,0.0,0.0,0.0,367
2023-05-09 21:25:13,CF401P16200,CF401P16200,1013.0,0.0,0.0,0.0,30,979.0,993.0,30,1013.0,932.0,0.0,0.0,0.0,0.0,367
2023-05-09 21:25:16,CF401P16200,CF401P16200,1013.0,0.0,0.0,0.0,10,982.0,993.0,30,1013.0,932.0,0.0,0.0,0.0,0.0,367
2023-05-09 21:25:16,CF401P16200,CF401P16200,1013.0,0.0,0.0,0.0,20,982.0,993.0,30,1013.0,932.0,0.0,0.0,0.0,0.0,367
2023-05-09 21:25:16,CF401P16200,CF401P16200,1013.0,0.0,0.0,0.0,30,982.0,993.0,20,1013.0,932.0,0.0,0.0,0.0,0.0,367
2023-05-09 21:25:17,CF401P16200,CF401P16200,1013.0,0.0,0.0,0.0,20,982.0,993.0,20,1013.0,932.0,0.0,0.0,0.0,0.0,367
2023-05-09 21:25:17,CF401P16200,CF401P16200,1013.0,0.0,0.0,0.0,30,982.0,993.0,20,1013.0,932.0,0.0,0.0,0.0,0.0,367
2023-05-09 21:25:18,CF401P16200,CF401P16200,1013.0,0.0,0.0,0.0,20,982.0,993.0,20,1013.0,932.0,0.0,0.0,0.0,0.0,367
2023-05-09 21:25:18,CF401P16200,CF401P16200,1013.0,0.0,0.0,0.0,30,982.0,993.0,20,1013.0,932.0,0.0,0.0,0.0,0.0,367
2023-05-09 21:25:21,CF401P16200,CF401P16200,1013.0,0.0,0.0,0.0,10,982.0,993.0,30,1013.0,932.0,0.0,0.0,0.0,0.0,367
2023-05-09 21:25:22,CF401P16200,CF401P16200,1013.0,0.0,0.0,0.0,10,982.0,993.0,20,1013.0,932.0,0.0,0.0,0.0,0.0,367
2023-05-09 21:25:22,CF401P16200,CF401P16200,1013.0,0.0,0.0,0.0,10,982.0,993.0,30,1013.0,932.0,0.0,0.0,0.0,0.0,367
2023-05-09 21:25:23,CF401P16200,CF401P16200,1013.0,0.0,0.0,0.0,30,982.0,993.0,10,1013.0,932.0,0.0,0.0,0.0,0.0,367
2023-05-09 21:25:36,CF401P16200,CF401P16200,1013.0,0.0,0.0,0.0,20,982.0,993.0,20,1013.0,932.0,0.0,0.0,0.0,0.0,367
2023-05-09 21:25:45,CF401P16200,CF401P16200,1013.0,0.0,0.0,0.0,3,983.0,993.0,20,1013.0,932.0,0.0,0.0,0.0,0.0,367
2023-05-09 21:25:46,CF401P16200,CF401P16200,1013.0,0.0,0.0,0.0,3,983.0,993.0,10,1013.0,932.0,0.0,0.0,0.0,0.0,367
2023-05-09 21:25:46,CF401P16200,CF401P16200,1013.0,0.0,0.0,0.0,3,983.0,993.0,20,1013.0,932.0,0.0,0.0,0.0,0.0,367
2023-05-09 21:25:47,CF401P16200,CF401P16200,1013.0,0.0,0.0,0.0,3,983.0,993.0,10,1013.0,932.0,0.0,0.0,0.0,0.0,367
2023-05-09 21:25:47,CF401P16200,CF401P16200,1013.0,0.0,0.0,0.0,3,983.0,995.0,23,1013.0,932.0,0.0,0.0,0.0,0.0,367
2023-05-09 21:25:54,CF401P16200,CF401P16200,1013.0,0.0,0.0,0.0,3,983.0,995.0,33,1013.0,932.0,0.0,0.0,0.0,0.0,367
2023-05-09 21:25:57,CF401P16200,CF401P16200,1013.0,0.0,0.0,0.0,10,986.0,995.0,33,1013.0,932.0,0.0,0.0,0.0,0.0,367
2023-05-09 21:25:57,CF401P16200,CF401P16200,1013.0,0.0,0.0,0.0,10,986.0,995.0,23,1013.0,932.0,0.0,0.0,0.0,0.0,367
2023-05-09 21:25:58,CF401P16200,CF401P16200,1013.0,0.0,0.0,0.0,10,986.0,995.0,33,1013.0,932.0,0.0,0.0,0.0,0.0,367
2023-05-09 21:26:05,CF401P16200,CF401P16200,1013.0,0.0,0.0,0.0,3,983.0,995.0,23,1013.0,932.0,0.0,0.0,0.0,0.0,367
2023-05-09 21:26:06,CF401P16200,CF401P16200,1013.0,0.0,0.0,0.0,3,983.0,995.0,33,1013.0,932.0,0.0,0.0,0.0,0.0,367
2023-05-09 21:26:25,CF401P16200,CF401P16200,1013.0,0.0,0.0,0.0,10,985.0,995.0,23,1013.0,932.0,0.0,0.0,0.0,0.0,367
2023-05-09 21:26:33,CF401P16200,CF401P16200,1013.0,0.0,0.0,0.0,20,985.0,995.0,23,1013.0,932.0,0.0,0.0,0.0,0.0,367
2023-05-09 21:26:33,CF401P16200,CF401P16200,1013.0,0.0,0.0,0.0,23,983.0,995.0,43,1013.0,932.0,0.0,0.0,0.0,0.0,367
2023-05-09 21:26:42,CF401P16200,CF401P16200,1013.0,0.0,0.0,0.0,23,983.0,995.0,33,1013.0,932.0,0.0,0.0,0.0,0.0,367
2023-05-09 21:26:45,CF401P16200,CF401P16200,1013.0,0.0,0.0,0.0,23,983.0,995.0,23,1013.0,932.0,0.0,0.0,0.0,0.0,367
2023-05-09 21:26:47,CF401P16200,CF401P16200,1013.0,0.0,0.0,0.0,23,983.0,995.0,33,1013.0,932.0,0.0,0.0,0.0,0.0,367
2023-05-09 21:26:54,CF401P16200,CF401P16200,1013.0,0.0,0.0,0.0,10,985.0,995.0,23,1013.0,932.0,0.0,0.0,0.0,0.0,367
2023-05-09 21:26:54,CF401P16200,CF401P16200,1013.0,0.0,0.0,0.0,23,983.0,995.0,33,1013.0,932.0,0.0,0.0,0.0,0.0,367
2023-05-09 21:27:00,CF401P16200,CF401P16200,1013.0,0.0,0.0,0.0,23,983.0,995.0,23,1013.0,932.0,0.0,0.0,0.0,0.0,367
2023-05-09 21:27:11,CF401P16200,CF401P16200,1013.0,0.0,0.0,0.0,13,983.0,995.0,33,1013.0,932.0,0.0,0.0,0.0,0.0,367
2023-05-09 21:27:11,CF401P16200,CF401P16200,1013.0,0.0,0.0,0.0,23,983.0,995.0,33,1013.0,932.0,0.0,0.0,0.0,0.0,367
2023-05-09 21:27:14,CF401P16200,CF401P16200,1013.0,0.0,0.0,0.0,23,983.0,995.0,43,1013.0,932.0,0.0,0.0,0.0,0.0,367
2023-05-09 21:27:16,CF401P16200,CF401P16200,1013.0,0.0,0.0,0.0,13,983.0,995.0,43,1013.0,932.0,0.0,0.0,0.0,0.0,367
2023-05-09 21:27:20,CF401P16200,CF401P16200,1013.0,0.0,0.0,0.0,23,983.0,995.0,43,1013.0,932.0,0.0,0.0,0.0,0.0,367
2023-05-09 21:27:27,CF401P16200,CF401P16200,1013.0,0.0,0.0,0.0,10,985.0,995.0,33,1013.0,932.0,0.0,0.0,0.0,0.0,367
2023-05-09 21:27:28,CF401P16200,CF401P16200,1013.0,0.0,0.0,0.0,20,985.0,995.0,23,1013.0,932.0,0.0,0.0,0.0,0.0,367
2023-05-09 21:27:30,CF401P16200,CF401P16200,1013.0,0.0,0.0,0.0,10,985.0,995.0,33,1013.0,932.0,0.0,0.0,0.0,0.0,367
2023-05-09 21:27:30,CF401P16200,CF401P16200,1013.0,0.0,0.0,0.0,23,983.0,995.0,33,1013.0,932.0,0.0,0.0,0.0,0.0,367
2023-05-09 21:27:46,CF401P16200,CF401P16200,1013.0,0.0,0.0,0.0,33,983.0,995.0,33,1013.0,932.0,0.0,0.0,0.0,0.0,367
2023-05-09 21:28:00,CF401P16200,CF401P16200,1013.0,0.0,0.0,0.0,10,987.0,995.0,23,1013.0,932.0,0.0,0.0,0.0,0.0,367
2023-05-09 21:28:02,CF401P16200,CF401P16200,1013.0,0.0,0.0,0.0,10,987.0,995.0,13,1013.0,932.0,0.0,0.0,0.0,0.0,367
2023-05-09 21:28:03,CF401P16200,CF401P16200,1013.0,0.0,0.0,0.0,30,987.0,995.0,3,1013.0,932.0,0.0,0.0,0.0,0.0,367
2023-05-09 21:28:03,CF401P16200,CF401P16200,1013.0,0.0,0.0,0.0,20,987.0,995.0,3,1013.0,932.0,0.0,0.0,0.0,0.0,367
2023-05-09 21:28:04,CF401P16200,CF401P16200,1013.0,0.0,0.0,0.0,10,987.0,995.0,13,1013.0,932.0,0.0,0.0,0.0,0.0,367
2023-05-09 21:28:19,CF401P16200,CF401P16200,1013.0,0.0,0.0,0.0,20,987.0,995.0,3,1013.0,932.0,0.0,0.0,0.0,0.0,367
2023-05-09 21:28:20,CF401P16200,CF401P16200,1013.0,0.0,0.0,0.0,10,987.0,995.0,3,1013.0,932.0,0.0,0.0,0.0,0.0,367
2023-05-09 21:28:22,CF401P16200,CF401P16200,1013.0,0.0,0.0,0.0,10,986.0,995.0,3,1013.0,932.0,0.0,0.0,0.0,0.0,367
2023-05-09 21:28:22,CF401P16200,CF401P16200,1013.0,0.0,0.0,0.0,20,984.0,995.0,3,1013.0,932.0,0.0,0.0,0.0,0.0,367
2023-05-09 21:28:36,CF401P16200,CF401P16200,1013.0,0.0,0.0,0.0,30,984.0,995.0,3,1013.0,932.0,0.0,0.0,0.0,0.0,367
2023-05-09 21:28:36,CF401P16200,CF401P16200,1013.0,0.0,0.0,0.0,20,984.0,995.0,3,1013.0,932.0,0.0,0.0,0.0,0.0,367
2023-05-09 21:28:44,CF401P16200,CF401P16200,1013.0,0.0,0.0,0.0,30,984.0,995.0,3,1013.0,932.0,0.0,0.0,0.0,0.0,367
2023-05-09 21:28:44,CF401P16200,CF401P16200,1013.0,0.0,0.0,0.0,20,984.0,995.0,3,1013.0,932.0,0.0,0.0,0.0,0.0,367
2023-05-09 21:28:45,CF401P16200,CF401P16200,1013.0,0.0,0.0,0.0,30,984.0,995.0,3,1013.0,932.0,0.0,0.0,0.0,0.0,367
2023-05-09 21:28:45,CF401P16200,CF401P16200,1013.0,0.0,0.0,0.0,20,984.0,995.0,3,1013.0,932.0,0.0,0.0,0.0,0.0,367
2023-05-09 21:28:46,CF401P16200,CF401P16200,1013.0,0.0,0.0,0.0,20,984.0,995.0,13,1013.0,932.0,0.0,0.0,0.0,0.0,367
2023-05-09 21:28:59,CF401P16200,CF401P16200,1013.0,0.0,0.0,0.0,10,984.0,995.0,33,1013.0,932.0,0.0,0.0,0.0,0.0,367
2023-05-09 21:28:59,CF401P16200,CF401P16200,1013.0,0.0,0.0,0.0,13,983.0,995.0,33,1013.0,932.0,0.0,0.0,0.0,0.0,367
2023-05-09 21:29:01,CF401P16200,CF401P16200,1013.0,0.0,0.0,0.0,33,983.0,995.0,23,1013.0,932.0,0.0,0.0,0.0,0.0,367
2023-05-09 21:29:03,CF401P16200,CF401P16200,1013.0,0.0,0.0,0.0,23,983.0,995.0,23,1013.0,932.0,0.0,0.0,0.0,0.0,367
2023-05-09 21:29:04,CF401P16200,CF401P16200,1013.0,0.0,0.0,0.0,33,983.0,995.0,23,1013.0,932.0,0.0,0.0,0.0,0.0,367
2023-05-09 21:29:05,CF401P16200,CF401P16200,1013.0,0.0,0.0,0.0,23,983.0,995.0,23,1013.0,932.0,0.0,0.0,0.0,0.0,367
2023-05-09 21:29:05,CF401P16200,CF401P16200,1013.0,0.0,0.0,0.0,33,983.0,995.0,13,1013.0,932.0,0.0,0.0,0.0,0.0,367
2023-05-09 21:29:06,CF401P16200,CF401P16200,1013.0,0.0,0.0,0.0,10,988.0,995.0,13,1013.0,932.0,0.0,0.0,0.0,0.0,367
2023-05-09 21:29:08,CF401P16200,CF401P16200,1013.0,0.0,0.0,0.0,10,987.0,995.0,13,1013.0,932.0,0.0,0.0,0.0,0.0,367
2023-05-09 21:29:08,CF401P16200,CF401P16200,1013.0,0.0,0.0,0.0,20,985.0,995.0,13,1013.0,932.0,0.0,0.0,0.0,0.0,367
2023-05-09 21:29:09,CF401P16200,CF401P16200,1013.0,0.0,0.0,0.0,10,988.0,995.0,13,1013.0,932.0,0.0,0.0,0.0,0.0,367
2023-05-09 21:29:17,CF401P16200,CF401P16200,1013.0,0.0,0.0,0.0,30,985.0,995.0,13,1013.0,932.0,0.0,0.0,0.0,0.0,367
2023-05-09 21:29:17,CF401P16200,CF401P16200,1013.0,0.0,0.0,0.0,10,985.0,995.0,13,1013.0,932.0,0.0,0.0,0.0,0.0,367
2023-05-09 21:29:27,CF401P16200,CF401P16200,1013.0,0.0,0.0,0.0,20,985.0,995.0,23,1013.0,932.0,0.0,0.0,0.0,0.0,367
2023-05-09 21:29:28,CF401P16200,CF401P16200,1013.0,0.0,0.0,0.0,20,985.0,995.0,13,1013.0,932.0,0.0,0.0,0.0,0.0,367
2023-05-09 21:29:30,CF401P16200,CF401P16200,1013.0,0.0,0.0,0.0,10,985.0,995.0,13,1013.0,932.0,0.0,0.0,0.0,0.0,367
2023-05-09 21:29:35,CF401P16200,CF401P16200,1013.0,0.0,0.0,0.0,10,985.0,995.0,23,1013.0,932.0,0.0,0.0,0.0,0.0,367
2023-05-09 21:29:36,CF401P16200,CF401P16200,1013.0,0.0,0.0,0.0,10,985.0,995.0,13,1013.0,932.0,0.0,0.0,0.0,0.0,367
2023-05-09 21:29:44,CF401P16200,CF401P16200,1013.0,0.0,0.0,0.0,20,985.0,995.0,13,1013.0,932.0,0.0,0.0,0.0,0.0,367
2023-05-09 21:29:46,CF401P16200,CF401P16200,1013.0,0.0,0.0,0.0,10,985.0,995.0,13,1013.0,932.0,0.0,0.0,0.0,0.0,367
2023-05-09 21:29:50,CF401P16200,CF401P16200,1013.0,0.0,0.0,0.0,20,985.0,995.0,13,1013.0,932.0,0.0,0.0,0.0,0.0,367
2023-05-09 21:29:51,CF401P16200,CF401P16200,1013.0,0.0,0.0,0.0,10,985.0,995.0,13,1013.0,932.0,0.0,0.0,0.0,0.0,367
2023-05-09 21:29:53,CF401P16200,CF401P16200,1013.0,0.0,0.0,0.0,20,985.0,995.0,13,1013.0,932.0,0.0,0.0,0.0,0.0,367
2023-05-09 21:30:02,CF401P16200,CF401P16200,1013.0,0.0,0.0,0.0,10,987.0,995.0,13,1013.0,932.0,0.0,0.0,0.0,0.0,367
2023-05-09 21:30:03,CF401P16200,CF401P16200,1013.0,0.0,0.0,0.0,10,987.0,995.0,10,1013.0,932.0,0.0,0.0,0.0,0.0,367
2023-05-09 21:30:04,CF401P16200,CF401P16200,1013.0,0.0,0.0,0.0,10,990.0,1000.0,20,1013.0,932.0,0.0,0.0,0.0,0.0,367
2023-05-09 21:30:04,CF401P16200,CF401P16200,1013.0,0.0,0.0,0.0,10,990.0,1000.0,30,1013.0,932.0,0.0,0.0,0.0,0.0,367
2023-05-09 21:30:05,CF401P16200,CF401P16200,1013.0,0.0,0.0,0.0,10,987.0,1000.0,40,1013.0,932.0,0.0,0.0,0.0,0.0,367
2023-05-09 21:30:05,CF401P16200,CF401P16200,1013.0,0.0,0.0,0.0,20,987.0,1000.0,30,1013.0,932.0,0.0,0.0,0.0,0.0,367
2023-05-09 21:30:05,CF401P16200,CF401P16200,1013.0,0.0,0.0,0.0,10,990.0,1000.0,20,1013.0,932.0,0.0,0.0,0.0,0.0,367
2023-05-09 21:30:12,CF401P16200,CF401P16200,1013.0,0.0,0.0,0.0,20,990.0,1000.0,10,1013.0,932.0,0.0,0.0,0.0,0.0,367
2023-05-09 21:30:13,CF401P16200,CF401P16200,1013.0,0.0,0.0,0.0,10,993.0,1000.0,10,1013.0,932.0,0.0,0.0,0.0,0.0,367
2023-05-09 21:30:13,CF401P16200,CF401P16200,1013.0,0.0,0.0,0.0,10,991.0,1000.0,10,1013.0,932.0,0.0,0.0,0.0,0.0,367
2023-05-09 21:30:17,CF401P16200,CF401P16200,1013.0,0.0,0.0,0.0,10,993.0,1001.0,3,1013.0,932.0,0.0,0.0,0.0,0.0,367
2023-05-09 21:30:21,CF401P16200,CF401P16200,1013.0,0.0,0.0,0.0,10,996.0,1001.0,3,1013.0,932.0,0.0,0.0,0.0,0.0,367
2023-05-09 21:30:21,CF401P16200,CF401P16200,1013.0,0.0,0.0,0.0,10,993.0,1001.0,3,1013.0,932.0,0.0,0.0,0.0,0.0,367
2023-05-09 21:30:23,CF401P16200,CF401P16200,1013.0,0.0,0.0,0.0,10,992.0,1001.0,3,1013.0,932.0,0.0,0.0,0.0,0.0,367
2023-05-09 21:30:25,CF401P16200,CF401P16200,1013.0,0.0,0.0,0.0,13,991.0,1001.0,23,1013.0,932.0,0.0,0.0,0.0,0.0,367
2023-05-09 21:30:27,CF401P16200,CF401P16200,1013.0,0.0,0.0,0.0,23,991.0,1001.0,13,1013.0,932.0,0.0,0.0,0.0,0.0,367
2023-05-09 21:30:31,CF401P16200,CF401P16200,1013.0,0.0,0.0,0.0,13,991.0,1001.0,13,1013.0,932.0,0.0,0.0,0.0,0.0,367
2023-05-09 21:30:33,CF401P16200,CF401P16200,1013.0,0.0,0.0,0.0,23,991.0,1001.0,13,1013.0,932.0,0.0,0.0,0.0,0.0,367
2023-05-09 21:30:34,CF401P16200,CF401P16200,1013.0,0.0,0.0,0.0,13,991.0,1001.0,13,1013.0,932.0,0.0,0.0,0.0,0.0,367
2023-05-09 21:30:34,CF401P16200,CF401P16200,1013.0,0.0,0.0,0.0,23,991.0,1001.0,13,1013.0,932.0,0.0,0.0,0.0,0.0,367
2023-05-09 21:30:37,CF401P16200,CF401P16200,1013.0,0.0,0.0,0.0,33,991.0,1001.0,13,1013.0,932.0,0.0,0.0,0.0,0.0,367
2023-05-09 21:30:42,CF401P16200,CF401P16200,1013.0,0.0,0.0,0.0,23,991.0,1001.0,13,1013.0,932.0,0.0,0.0,0.0,0.0,367
2023-05-09 21:30:43,CF401P16200,CF401P16200,1013.0,0.0,0.0,0.0,33,991.0,1001.0,13,1013.0,932.0,0.0,0.0,0.0,0.0,367
2023-05-09 21:30:44,CF401P16200,CF401P16200,1013.0,0.0,0.0,0.0,23,991.0,1001.0,13,1013.0,932.0,0.0,0.0,0.0,0.0,367
2023-05-09 21:30:45,CF401P16200,CF401P16200,1013.0,0.0,0.0,0.0,33,991.0,1001.0,13,1013.0,932.0,0.0,0.0,0.0,0.0,367
2023-05-09 21:30:47,CF401P16200,CF401P16200,1013.0,0.0,0.0,0.0,23,991.0,1001.0,13,1013.0,932.0,0.0,0.0,0.0,0.0,367
2023-05-09 21:30:48,CF401P16200,CF401P16200,1013.0,0.0,0.0,0.0,13,991.0,1001.0,13,1013.0,932.0,0.0,0.0,0.0,0.0,367
2023-05-09 21:30:48,CF401P16200,CF401P16200,1013.0,0.0,0.0,0.0,3,991.0,1001.0,13,1013.0,932.0,0.0,0.0,0.0,0.0,367
2023-05-09 21:30:48,CF401P16200,CF401P16200,1013.0,0.0,0.0,0.0,10,988.0,1001.0,23,1013.0,932.0,0.0,0.0,0.0,0.0,367
2023-05-09 21:30:50,CF401P16200,CF401P16200,1013.0,0.0,0.0,0.0,20,988.0,1001.0,33,1013.0,932.0,0.0,0.0,0.0,0.0,367
2023-05-09 21:30:57,CF401P16200,CF401P16200,1013.0,0.0,0.0,0.0,40,988.0,1001.0,23,1013.0,932.0,0.0,0.0,0.0,0.0,367
2023-05-09 21:30:58,CF401P16200,CF401P16200,1013.0,0.0,0.0,0.0,30,988.0,1001.0,33,1013.0,932.0,0.0,0.0,0.0,0.0,367
2023-05-09 21:31:21,CF401P16200,CF401P16200,1013.0,0.0,0.0,0.0,10,988.0,1001.0,33,1013.0,932.0,0.0,0.0,0.0,0.0,367
2023-05-09 21:31:21,CF401P16200,CF401P16200,1013.0,0.0,0.0,0.0,3,987.0,1001.0,33,1013.0,932.0,0.0,0.0,0.0,0.0,367
2023-05-09 21:31:27,CF401P16200,CF401P16200,1013.0,0.0,0.0,0.0,3,987.0,1001.0,43,1013.0,932.0,0.0,0.0,0.0,0.0,367
2023-05-09 21:31:32,CF401P16200,CF401P16200,1013.0,0.0,0.0,0.0,13,987.0,1001.0,33,1013.0,932.0,0.0,0.0,0.0,0.0,367
2023-05-09 21:31:32,CF401P16200,CF401P16200,1013.0,0.0,0.0,0.0,10,989.0,1001.0,13,1013.0,932.0,0.0,0.0,0.0,0.0,367
2023-05-09 21:31:34,CF401P16200,CF401P16200,1013.0,0.0,0.0,0.0,20,989.0,1001.0,13,1013.0,932.0,0.0,0.0,0.0,0.0,367
2023-05-09 21:31:34,CF401P16200,CF401P16200,1013.0,0.0,0.0,0.0,10,989.0,1001.0,13,1013.0,932.0,0.0,0.0,0.0,0.0,367
2023-05-09 21:31:46,CF401P16200,CF401P16200,1013.0,0.0,0.0,0.0,10,989.0,1001.0,23,1013.0,932.0,0.0,0.0,0.0,0.0,367
2023-05-09 21:31:50,CF401P16200,CF401P16200,1013.0,0.0,0.0,0.0,20,989.0,1001.0,23,1013.0,932.0,0.0,0.0,0.0,0.0,367
2023-05-09 21:31:51,CF401P16200,CF401P16200,1013.0,0.0,0.0,0.0,10,989.0,1001.0,23,1013.0,932.0,0.0,0.0,0.0,0.0,367
2023-05-09 21:31:53,CF401P16200,CF401P16200,1013.0,0.0,0.0,0.0,20,989.0,1001.0,23,1013.0,932.0,0.0,0.0,0.0,0.0,367
2023-05-09 21:31:57,CF401P16200,CF401P16200,1013.0,0.0,0.0,0.0,10,989.0,1001.0,43,1013.0,932.0,0.0,0.0,0.0,0.0,367
2023-05-09 21:31:57,CF401P16200,CF401P16200,1013.0,0.0,0.0,0.0,3,987.0,1001.0,43,1013.0,932.0,0.0,0.0,0.0,0.0,367
2023-05-09 21:31:57,CF401P16200,CF401P16200,1013.0,0.0,0.0,0.0,10,989.0,1001.0,43,1013.0,932.0,0.0,0.0,0.0,0.0,367
2023-05-09 21:31:57,CF401P16200,CF401P16200,1013.0,0.0,0.0,0.0,3,987.0,1001.0,43,1013.0,932.0,0.0,0.0,0.0,0.0,367
2023-05-09 21:32:05,CF401P16200,CF401P16200,1013.0,0.0,0.0,0.0,3,987.0,998.0,30,1013.0,932.0,0.0,0.0,0.0,0.0,367
2023-05-09 21:32:08,CF401P16200,CF401P16200,1013.0,0.0,0.0,0.0,3,987.0,997.0,3,1013.0,932.0,0.0,0.0,0.0,0.0,367
2023-05-09 21:32:09,CF401P16200,CF401P16200,1013.0,0.0,0.0,0.0,10,984.0,997.0,23,1013.0,932.0,0.0,0.0,0.0,0.0,367
2023-05-09 21:32:09,CF401P16200,CF401P16200,1013.0,0.0,0.0,0.0,3,983.0,995.0,10,1013.0,932.0,0.0,0.0,0.0,0.0,367
2023-05-09 21:32:10,CF401P16200,CF401P16200,1013.0,0.0,0.0,0.0,3,983.0,995.0,20,1013.0,932.0,0.0,0.0,0.0,0.0,367
2023-05-09 21:32:12,CF401P16200,CF401P16200,1013.0,0.0,0.0,0.0,3,983.0,995.0,30,1013.0,932.0,0.0,0.0,0.0,0.0,367
2023-05-09 21:32:13,CF401P16200,CF401P16200,1013.0,0.0,0.0,0.0,13,983.0,995.0,30,1013.0,932.0,0.0,0.0,0.0,0.0,367
2023-05-09 21:32:13,CF401P16200,CF401P16200,1013.0,0.0,0.0,0.0,13,983.0,995.0,20,1013.0,932.0,0.0,0.0,0.0,0.0,367
2023-05-09 21:32:15,CF401P16200,CF401P16200,1013.0,0.0,0.0,0.0,3,983.0,995.0,30,1013.0,932.0,0.0,0.0,0.0,0.0,367
2023-05-09 21:32:21,CF401P16200,CF401P16200,1013.0,0.0,0.0,0.0,13,983.0,995.0,20,1013.0,932.0,0.0,0.0,0.0,0.0,367
2023-05-09 21:32:21,CF401P16200,CF401P16200,1013.0,0.0,0.0,0.0,33,983.0,995.0,10,1013.0,932.0,0.0,0.0,0.0,0.0,367
2023-05-09 21:32:24,CF401P16200,CF401P16200,1013.0,0.0,0.0,0.0,23,983.0,995.0,10,1013.0,932.0,0.0,0.0,0.0,0.0,367
2023-05-09 21:32:25,CF401P16200,CF401P16200,1013.0,0.0,0.0,0.0,23,983.0,995.0,20,1013.0,932.0,0.0,0.0,0.0,0.0,367
2023-05-09 21:32:26,CF401P16200,CF401P16200,1013.0,0.0,0.0,0.0,13,983.0,995.0,30,1013.0,932.0,0.0,0.0,0.0,0.0,367
2023-05-09 21:32:26,CF401P16200,CF401P16200,1013.0,0.0,0.0,0.0,3,983.0,995.0,30,1013.0,932.0,0.0,0.0,0.0,0.0,367
2023-05-09 21:32:34,CF401P16200,CF401P16200,1013.0,0.0,0.0,0.0,3,983.0,993.0,13,1013.0,932.0,0.0,0.0,0.0,0.0,367
2023-05-09 21:32:34,CF401P16200,CF401P16200,1013.0,0.0,0.0,0.0,3,983.0,993.0,23,1013.0,932.0,0.0,0.0,0.0,0.0,367
2023-05-09 21:32:35,CF401P16200,CF401P16200,1013.0,0.0,0.0,0.0,3,983.0,993.0,33,1013.0,932.0,0.0,0.0,0.0,0.0,367
2023-05-09 21:32:44,CF401P16200,CF401P16200,1013.0,0.0,0.0,0.0,3,983.0,993.0,23,1013.0,932.0,0.0,0.0,0.0,0.0,367
2023-05-09 21:32:49,CF401P16200,CF401P16200,1013.0,0.0,0.0,0.0,3,983.0,993.0,33,1013.0,932.0,0.0,0.0,0.0,0.0,367
2023-05-09 21:32:50,CF401P16200,CF401P16200,1013.0,0.0,0.0,0.0,13,978.0,993.0,23,1013.0,932.0,0.0,0.0,0.0,0.0,367
2023-05-09 21:32:52,CF401P16200,CF401P16200,1013.0,0.0,0.0,0.0,23,978.0,993.0,33,1013.0,932.0,0.0,0.0,0.0,0.0,367
2023-05-09 21:32:53,CF401P16200,CF401P16200,1013.0,0.0,0.0,0.0,13,978.0,993.0,43,1013.0,932.0,0.0,0.0,0.0,0.0,367
2023-05-09 21:33:02,CF401P16200,CF401P16200,1013.0,0.0,0.0,0.0,23,978.0,993.0,43,1013.0,932.0,0.0,0.0,0.0,0.0,367
2023-05-09 21:33:02,CF401P16200,CF401P16200,1013.0,0.0,0.0,0.0,13,978.0,993.0,43,1013.0,932.0,0.0,0.0,0.0,0.0,367
2023-05-09 21:33:06,CF401P16200,CF401P16200,1013.0,0.0,0.0,0.0,13,978.0,991.0,10,1013.0,932.0,0.0,0.0,0.0,0.0,367
2023-05-09 21:33:06,CF401P16200,CF401P16200,1013.0,0.0,0.0,0.0,13,978.0,991.0,20,1013.0,932.0,0.0,0.0,0.0,0.0,367
2023-05-09 21:33:07,CF401P16200,CF401P16200,1013.0,0.0,0.0,0.0,13,978.0,989.0,13,1013.0,932.0,0.0,0.0,0.0,0.0,367
2023-05-09 21:33:12,CF401P16200,CF401P16200,1013.0,0.0,0.0,0.0,3,978.0,989.0,13,1013.0,932.0,0.0,0.0,0.0,0.0,367
2023-05-09 21:33:22,CF401P16200,CF401P16200,1013.0,0.0,0.0,0.0,3,978.0,989.0,23,1013.0,932.0,0.0,0.0,0.0,0.0,367
2023-05-09 21:33:26,CF401P16200,CF401P16200,1013.0,0.0,0.0,0.0,3,978.0,989.0,33,1013.0,932.0,0.0,0.0,0.0,0.0,367
2023-05-09 21:33:27,CF401P16200,CF401P16200,1013.0,0.0,0.0,0.0,3,978.0,989.0,23,1013.0,932.0,0.0,0.0,0.0,0.0,367
2023-05-09 21:33:29,CF401P16200,CF401P16200,1013.0,0.0,0.0,0.0,23,978.0,989.0,13,1013.0,932.0,0.0,0.0,0.0,0.0,367
2023-05-09 21:33:30,CF401P16200,CF401P16200,1013.0,0.0,0.0,0.0,3,978.0,989.0,13,1013.0,932.0,0.0,0.0,0.0,0.0,367
2023-05-09 21:33:32,CF401P16200,CF401P16200,1013.0,0.0,0.0,0.0,13,978.0,989.0,13,1013.0,932.0,0.0,0.0,0.0,0.0,367
2023-05-09 21:33:33,CF401P16200,CF401P16200,1013.0,0.0,0.0,0.0,3,978.0,989.0,13,1013.0,932.0,0.0,0.0,0.0,0.0,367
2023-05-09 21:33:38,CF401P16200,CF401P16200,1013.0,0.0,0.0,0.0,13,978.0,989.0,13,1013.0,932.0,0.0,0.0,0.0,0.0,367
2023-05-09 21:33:46,CF401P16200,CF401P16200,1013.0,0.0,0.0,0.0,13,978.0,989.0,23,1013.0,932.0,0.0,0.0,0.0,0.0,367
2023-05-09 21:33:46,CF401P16200,CF401P16200,1013.0,0.0,0.0,0.0,13,978.0,989.0,33,1013.0,932.0,0.0,0.0,0.0,0.0,367
2023-05-09 21:33:48,CF401P16200,CF401P16200,1013.0,0.0,0.0,0.0,3,978.0,989.0,23,1013.0,932.0,0.0,0.0,0.0,0.0,367
2023-05-09 21:33:48,CF401P16200,CF401P16200,1013.0,0.0,0.0,0.0,3,978.0,989.0,33,1013.0,932.0,0.0,0.0,0.0,0.0,367
2023-05-09 21:33:48,CF401P16200,CF401P16200,1013.0,0.0,0.0,0.0,13,978.0,989.0,33,1013.0,932.0,0.0,0.0,0.0,0.0,367
2023-05-09 21:33:49,CF401P16200,CF401P16200,1013.0,0.0,0.0,0.0,3,978.0,989.0,33,1013.0,932.0,0.0,0.0,0.0,0.0,367
2023-05-09 21:33:51,CF401P16200,CF401P16200,1013.0,0.0,0.0,0.0,13,978.0,989.0,33,1013.0,932.0,0.0,0.0,0.0,0.0,367
2023-05-09 21:33:54,CF401P16200,CF401P16200,1013.0,0.0,0.0,0.0,3,978.0,989.0,33,1013.0,932.0,0.0,0.0,0.0,0.0,367
2023-05-09 21:33:55,CF401P16200,CF401P16200,1013.0,0.0,0.0,0.0,13,978.0,989.0,33,1013.0,932.0,0.0,0.0,0.0,0.0,367
2023-05-09 21:33:58,CF401P16200,CF401P16200,1013.0,0.0,0.0,0.0,3,978.0,989.0,33,1013.0,932.0,0.0,0.0,0.0,0.0,367
2023-05-09 21:33:59,CF401P16200,CF401P16200,1013.0,0.0,0.0,0.0,13,978.0,989.0,33,1013.0,932.0,0.0,0.0,0.0,0.0,367
2023-05-09 21:34:04,CF401P16200,CF401P16200,1013.0,0.0,0.0,0.0,13,978.0,989.0,23,1013.0,932.0,0.0,0.0,0.0,0.0,367
2023-05-09 21:34:11,CF401P16200,CF401P16200,1013.0,0.0,0.0,0.0,23,978.0,989.0,23,1013.0,932.0,0.0,0.0,0.0,0.0,367
2023-05-09 21:34:12,CF401P16200,CF401P16200,1013.0,0.0,0.0,0.0,13,978.0,989.0,23,1013.0,932.0,0.0,0.0,0.0,0.0,367
2023-05-09 21:34:15,CF401P16200,CF401P16200,1013.0,0.0,0.0,0.0,13,978.0,989.0,33,1013.0,932.0,0.0,0.0,0.0,0.0,367
2023-05-09 21:34:26,CF401P16200,CF401P16200,1013.0,0.0,0.0,0.0,13,978.0,989.0,23,1013.0,932.0,0.0,0.0,0.0,0.0,367
2023-05-09 21:34:29,CF401P16200,CF401P16200,1013.0,0.0,0.0,0.0,23,978.0,989.0,23,1013.0,932.0,0.0,0.0,0.0,0.0,367
2023-05-09 21:34:30,CF401P16200,CF401P16200,1013.0,0.0,0.0,0.0,13,978.0,989.0,33,1013.0,932.0,0.0,0.0,0.0,0.0,367
2023-05-09 21:34:47,CF401P16200,CF401P16200,1013.0,0.0,0.0,0.0,23,978.0,989.0,23,1013.0,932.0,0.0,0.0,0.0,0.0,367
2023-05-09 21:34:48,CF401P16200,CF401P16200,1013.0,0.0,0.0,0.0,23,978.0,989.0,33,1013.0,932.0,0.0,0.0,0.0,0.0,367
2023-05-09 21:34:52,CF401P16200,CF401P16200,1013.0,0.0,0.0,0.0,23,978.0,989.0,23,1013.0,932.0,0.0,0.0,0.0,0.0,367
2023-05-09 21:34:53,CF401P16200,CF401P16200,1013.0,0.0,0.0,0.0,23,978.0,989.0,33,1013.0,932.0,0.0,0.0,0.0,0.0,367
2023-05-09 21:34:56,CF401P16200,CF401P16200,1013.0,0.0,0.0,0.0,3,978.0,989.0,33,1013.0,932.0,0.0,0.0,0.0,0.0,367
2023-05-09 21:34:58,CF401P16200,CF401P16200,1013.0,0.0,0.0,0.0,13,978.0,989.0,33,1013.0,932.0,0.0,0.0,0.0,0.0,367
2023-05-09 21:34:58,CF401P16200,CF401P16200,1013.0,0.0,0.0,0.0,3,978.0,989.0,33,1013.0,932.0,0.0,0.0,0.0,0.0,367
2023-05-09 21:35:02,CF401P16200,CF401P16200,1013.0,0.0,0.0,0.0,3,978.0,989.0,23,1013.0,932.0,0.0,0.0,0.0,0.0,367
2023-05-09 21:35:05,CF401P16200,CF401P16200,1013.0,0.0,0.0,0.0,23,978.0,989.0,23,1013.0,932.0,0.0,0.0,0.0,0.0,367
2023-05-09 21:35:10,CF401P16200,CF401P16200,1013.0,0.0,0.0,0.0,33,978.0,989.0,23,1013.0,932.0,0.0,0.0,0.0,0.0,367
2023-05-09 21:35:13,CF401P16200,CF401P16200,1013.0,0.0,0.0,0.0,23,978.0,989.0,23,1013.0,932.0,0.0,0.0,0.0,0.0,367
2023-05-09 21:35:21,CF401P16200,CF401P16200,1013.0,0.0,0.0,0.0,23,978.0,989.0,33,1013.0,932.0,0.0,0.0,0.0,0.0,367
2023-05-09 21:35:22,CF401P16200,CF401P16200,1013.0,0.0,0.0,0.0,10,980.0,989.0,23,1013.0,932.0,0.0,0.0,0.0,0.0,367
2023-05-09 21:35:26,CF401P16200,CF401P16200,1013.0,0.0,0.0,0.0,10,983.0,989.0,13,1013.0,932.0,0.0,0.0,0.0,0.0,367
2023-05-09 21:35:32,CF401P16200,CF401P16200,1013.0,0.0,0.0,0.0,20,983.0,989.0,13,1013.0,932.0,0.0,0.0,0.0,0.0,367
2023-05-09 21:35:34,CF401P16200,CF401P16200,1013.0,0.0,0.0,0.0,10,983.0,989.0,3,1013.0,932.0,0.0,0.0,0.0,0.0,367
2023-05-09 21:35:41,CF401P16200,CF401P16200,1013.0,0.0,0.0,0.0,20,983.0,989.0,3,1013.0,932.0,0.0,0.0,0.0,0.0,367
2023-05-09 21:35:41,CF401P16200,CF401P16200,1013.0,0.0,0.0,0.0,10,983.0,989.0,3,1013.0,932.0,0.0,0.0,0.0,0.0,367
2023-05-09 21:35:43,CF401P16200,CF401P16200,1013.0,0.0,0.0,0.0,20,983.0,993.0,23,1013.0,932.0,0.0,0.0,0.0,0.0,367
2023-05-09 21:35:44,CF401P16200,CF401P16200,1013.0,0.0,0.0,0.0,23,983.0,993.0,23,1013.0,932.0,0.0,0.0,0.0,0.0,367
2023-05-09 21:35:46,CF401P16200,CF401P16200,1013.0,0.0,0.0,0.0,13,983.0,993.0,23,1013.0,932.0,0.0,0.0,0.0,0.0,367
2023-05-09 21:35:53,CF401P16200,CF401P16200,1013.0,0.0,0.0,0.0,23,983.0,993.0,23,1013.0,932.0,0.0,0.0,0.0,0.0,367
2023-05-09 21:35:53,CF401P16200,CF401P16200,1013.0,0.0,0.0,0.0,13,983.0,993.0,23,1013.0,932.0,0.0,0.0,0.0,0.0,367
2023-05-09 21:35:54,CF401P16200,CF401P16200,1013.0,0.0,0.0,0.0,23,983.0,993.0,23,1013.0,932.0,0.0,0.0,0.0,0.0,367
2023-05-09 21:36:03,CF401P16200,CF401P16200,1013.0,0.0,0.0,0.0,13,983.0,993.0,13,1013.0,932.0,0.0,0.0,0.0,0.0,367
2023-05-09 21:36:04,CF401P16200,CF401P16200,1013.0,0.0,0.0,0.0,13,983.0,993.0,23,1013.0,932.0,0.0,0.0,0.0,0.0,367
2023-05-09 21:36:05,CF401P16200,CF401P16200,1013.0,0.0,0.0,0.0,23,983.0,993.0,13,1013.0,932.0,0.0,0.0,0.0,0.0,367
2023-05-09 21:36:16,CF401P16200,CF401P16200,1013.0,0.0,0.0,0.0,23,983.0,993.0,10,1013.0,932.0,0.0,0.0,0.0,0.0,367
2023-05-09 21:36:18,CF401P16200,CF401P16200,1013.0,0.0,0.0,0.0,3,986.0,993.0,10,1013.0,932.0,0.0,0.0,0.0,0.0,367
2023-05-09 21:36:20,CF401P16200,CF401P16200,1013.0,0.0,0.0,0.0,13,986.0,993.0,10,1013.0,932.0,0.0,0.0,0.0,0.0,367
2023-05-09 21:36:22,CF401P16200,CF401P16200,1013.0,0.0,0.0,0.0,13,986.0,995.0,30,1013.0,932.0,0.0,0.0,0.0,0.0,367
2023-05-09 21:36:23,CF401P16200,CF401P16200,1013.0,0.0,0.0,0.0,13,986.0,995.0,20,1013.0,932.0,0.0,0.0,0.0,0.0,367
2023-05-09 21:36:24,CF401P16200,CF401P16200,1013.0,0.0,0.0,0.0,23,986.0,995.0,20,1013.0,932.0,0.0,0.0,0.0,0.0,367
2023-05-09 21:36:25,CF401P16200,CF401P16200,1013.0,0.0,0.0,0.0,13,986.0,995.0,20,1013.0,932.0,0.0,0.0,0.0,0.0,367
2023-05-09 21:36:27,CF401P16200,CF401P16200,1013.0,0.0,0.0,0.0,23,986.0,995.0,10,1013.0,932.0,0.0,0.0,0.0,0.0,367
2023-05-09 21:36:29,CF401P16200,CF401P16200,1013.0,0.0,0.0,0.0,23,986.0,997.0,43,1013.0,932.0,0.0,0.0,0.0,0.0,367
2023-05-09 21:36:30,CF401P16200,CF401P16200,1013.0,0.0,0.0,0.0,13,986.0,997.0,43,1013.0,932.0,0.0,0.0,0.0,0.0,367
2023-05-09 21:36:31,CF401P16200,CF401P16200,1013.0,0.0,0.0,0.0,23,986.0,997.0,43,1013.0,932.0,0.0,0.0,0.0,0.0,367
2023-05-09 21:36:32,CF401P16200,CF401P16200,1013.0,0.0,0.0,0.0,33,986.0,997.0,43,1013.0,932.0,0.0,0.0,0.0,0.0,367
2023-05-09 21:36:37,CF401P16200,CF401P16200,1013.0,0.0,0.0,0.0,23,986.0,997.0,43,1013.0,932.0,0.0,0.0,0.0,0.0,367
2023-05-09 21:36:56,CF401P16200,CF401P16200,1013.0,0.0,0.0,0.0,13,986.0,997.0,43,1013.0,932.0,0.0,0.0,0.0,0.0,367
2023-05-09 21:36:59,CF401P16200,CF401P16200,1013.0,0.0,0.0,0.0,3,986.0,997.0,53,1013.0,932.0,0.0,0.0,0.0,0.0,367
2023-05-09 21:37:09,CF401P16200,CF401P16200,1013.0,0.0,0.0,0.0,3,986.0,997.0,43,1013.0,932.0,0.0,0.0,0.0,0.0,367
2023-05-09 21:37:10,CF401P16200,CF401P16200,1013.0,0.0,0.0,0.0,13,986.0,997.0,43,1013.0,932.0,0.0,0.0,0.0,0.0,367
2023-05-09 21:37:10,CF401P16200,CF401P16200,1013.0,0.0,0.0,0.0,23,986.0,997.0,43,1013.0,932.0,0.0,0.0,0.0,0.0,367
2023-05-09 21:37:16,CF401P16200,CF401P16200,1013.0,0.0,0.0,0.0,13,986.0,997.0,43,1013.0,932.0,0.0,0.0,0.0,0.0,367
2023-05-09 21:38:06,CF401P16200,CF401P16200,1013.0,0.0,0.0,0.0,23,986.0,997.0,43,1013.0,932.0,0.0,0.0,0.0,0.0,367
2023-05-09 21:38:07,CF401P16200,CF401P16200,1013.0,0.0,0.0,0.0,23,986.0,997.0,23,1013.0,932.0,0.0,0.0,0.0,0.0,367
2023-05-09 21:38:07,CF401P16200,CF401P16200,1013.0,0.0,0.0,0.0,33,986.0,997.0,13,1013.0,932.0,0.0,0.0,0.0,0.0,367
2023-05-09 21:38:09,CF401P16200,CF401P16200,1013.0,0.0,0.0,0.0,20,987.0,997.0,13,1013.0,932.0,0.0,0.0,0.0,0.0,367
2023-05-09 21:38:13,CF401P16200,CF401P16200,1013.0,0.0,0.0,0.0,10,990.0,997.0,13,1013.0,932.0,0.0,0.0,0.0,0.0,367
2023-05-09 21:38:16,CF401P16200,CF401P16200,1013.0,0.0,0.0,0.0,10,988.0,997.0,13,1013.0,932.0,0.0,0.0,0.0,0.0,367
2023-05-09 21:38:17,CF401P16200,CF401P16200,1013.0,0.0,0.0,0.0,20,987.0,997.0,13,1013.0,932.0,0.0,0.0,0.0,0.0,367
2023-05-09 21:38:18,CF401P16200,CF401P16200,1013.0,0.0,0.0,0.0,10,987.0,997.0,13,1013.0,932.0,0.0,0.0,0.0,0.0,367
2023-05-09 21:38:19,CF401P16200,CF401P16200,1013.0,0.0,0.0,0.0,20,987.0,997.0,13,1013.0,932.0,0.0,0.0,0.0,0.0,367
2023-05-09 21:38:20,CF401P16200,CF401P16200,1013.0,0.0,0.0,0.0,10,987.0,997.0,13,1013.0,932.0,0.0,0.0,0.0,0.0,367
2023-05-09 21:38:25,CF401P16200,CF401P16200,1013.0,0.0,0.0,0.0,20,987.0,997.0,13,1013.0,932.0,0.0,0.0,0.0,0.0,367
2023-05-09 21:38:26,CF401P16200,CF401P16200,1013.0,0.0,0.0,0.0,10,987.0,997.0,13,1013.0,932.0,0.0,0.0,0.0,0.0,367
2023-05-09 21:38:28,CF401P16200,CF401P16200,1013.0,0.0,0.0,0.0,20,987.0,997.0,13,1013.0,932.0,0.0,0.0,0.0,0.0,367
2023-05-09 21:38:28,CF401P16200,CF401P16200,1013.0,0.0,0.0,0.0,20,987.0,997.0,23,1013.0,932.0,0.0,0.0,0.0,0.0,367
2023-05-09 21:38:29,CF401P16200,CF401P16200,1013.0,0.0,0.0,0.0,10,987.0,997.0,23,1013.0,932.0,0.0,0.0,0.0,0.0,367
2023-05-09 21:38:30,CF401P16200,CF401P16200,1013.0,0.0,0.0,0.0,20,987.0,997.0,23,1013.0,932.0,0.0,0.0,0.0,0.0,367
2023-05-09 21:38:30,CF401P16200,CF401P16200,1013.0,0.0,0.0,0.0,10,987.0,997.0,23,1013.0,932.0,0.0,0.0,0.0,0.0,367
2023-05-09 21:38:31,CF401P16200,CF401P16200,1013.0,0.0,0.0,0.0,20,987.0,997.0,23,1013.0,932.0,0.0,0.0,0.0,0.0,367
2023-05-09 21:38:31,CF401P16200,CF401P16200,1013.0,0.0,0.0,0.0,20,987.0,997.0,13,1013.0,932.0,0.0,0.0,0.0,0.0,367
2023-05-09 21:38:32,CF401P16200,CF401P16200,1013.0,0.0,0.0,0.0,20,987.0,997.0,23,1013.0,932.0,0.0,0.0,0.0,0.0,367
2023-05-09 21:38:33,CF401P16200,CF401P16200,1013.0,0.0,0.0,0.0,10,987.0,997.0,13,1013.0,932.0,0.0,0.0,0.0,0.0,367
2023-05-09 21:38:35,CF401P16200,CF401P16200,1013.0,0.0,0.0,0.0,20,987.0,997.0,13,1013.0,932.0,0.0,0.0,0.0,0.0,367
2023-05-09 21:38:40,CF401P16200,CF401P16200,1013.0,0.0,0.0,0.0,10,987.0,997.0,13,1013.0,932.0,0.0,0.0,0.0,0.0,367
2023-05-09 21:38:43,CF401P16200,CF401P16200,1013.0,0.0,0.0,0.0,20,987.0,997.0,13,1013.0,932.0,0.0,0.0,0.0,0.0,367
2023-05-09 21:38:49,CF401P16200,CF401P16200,1013.0,0.0,0.0,0.0,10,987.0,997.0,13,1013.0,932.0,0.0,0.0,0.0,0.0,367
2023-05-09 21:38:55,CF401P16200,CF401P16200,1013.0,0.0,0.0,0.0,20,987.0,997.0,13,1013.0,932.0,0.0,0.0,0.0,0.0,367
2023-05-09 21:38:55,CF401P16200,CF401P16200,1013.0,0.0,0.0,0.0,20,987.0,997.0,23,1013.0,932.0,0.0,0.0,0.0,0.0,367
2023-05-09 21:38:56,CF401P16200,CF401P16200,1013.0,0.0,0.0,0.0,20,987.0,997.0,13,1013.0,932.0,0.0,0.0,0.0,0.0,367
2023-05-09 21:38:58,CF401P16200,CF401P16200,1013.0,0.0,0.0,0.0,30,987.0,997.0,13,1013.0,932.0,0.0,0.0,0.0,0.0,367
2023-05-09 21:39:03,CF401P16200,CF401P16200,1013.0,0.0,0.0,0.0,20,987.0,997.0,13,1013.0,932.0,0.0,0.0,0.0,0.0,367
2023-05-09 21:39:04,CF401P16200,CF401P16200,1013.0,0.0,0.0,0.0,10,987.0,997.0,13,1013.0,932.0,0.0,0.0,0.0,0.0,367
2023-05-09 21:39:05,CF401P16200,CF401P16200,1013.0,0.0,0.0,0.0,10,987.0,997.0,3,1013.0,932.0,0.0,0.0,0.0,0.0,367
2023-05-09 21:39:06,CF401P16200,CF401P16200,1013.0,0.0,0.0,0.0,10,989.0,997.0,3,1013.0,932.0,0.0,0.0,0.0,0.0,367
2023-05-09 21:39:06,CF401P16200,CF401P16200,1013.0,0.0,0.0,0.0,10,991.0,997.0,3,1013.0,932.0,0.0,0.0,0.0,0.0,367
2023-05-09 21:39:07,CF401P16200,CF401P16200,1013.0,0.0,0.0,0.0,20,989.0,997.0,3,1013.0,932.0,0.0,0.0,0.0,0.0,367
2023-05-09 21:39:07,CF401P16200,CF401P16200,1013.0,0.0,0.0,0.0,10,992.0,997.0,3,1013.0,932.0,0.0,0.0,0.0,0.0,367
2023-05-09 21:39:09,CF401P16200,CF401P16200,1013.0,0.0,0.0,0.0,20,989.0,997.0,3,1013.0,932.0,0.0,0.0,0.0,0.0,367
2023-05-09 21:39:10,CF401P16200,CF401P16200,1013.0,0.0,0.0,0.0,10,992.0,997.0,3,1013.0,932.0,0.0,0.0,0.0,0.0,367
2023-05-09 21:39:25,CF401P16200,CF401P16200,1013.0,0.0,0.0,0.0,20,989.0,997.0,3,1013.0,932.0,0.0,0.0,0.0,0.0,367
2023-05-09 21:39:25,CF401P16200,CF401P16200,1013.0,0.0,0.0,0.0,10,992.0,997.0,3,1013.0,932.0,0.0,0.0,0.0,0.0,367
2023-05-09 21:39:28,CF401P16200,CF401P16200,1013.0,0.0,0.0,0.0,10,992.0,1001.0,23,1013.0,932.0,0.0,0.0,0.0,0.0,367
2023-05-09 21:39:29,CF401P16200,CF401P16200,1013.0,0.0,0.0,0.0,20,992.0,1001.0,13,1013.0,932.0,0.0,0.0,0.0,0.0,367
2023-05-09 21:39:34,CF401P16200,CF401P16200,1013.0,0.0,0.0,0.0,20,992.0,1001.0,3,1013.0,932.0,0.0,0.0,0.0,0.0,367
2023-05-09 21:39:37,CF401P16200,CF401P16200,1013.0,0.0,0.0,0.0,10,992.0,1001.0,3,1013.0,932.0,0.0,0.0,0.0,0.0,367
2023-05-09 21:39:39,CF401P16200,CF401P16200,1013.0,0.0,0.0,0.0,20,992.0,1001.0,3,1013.0,932.0,0.0,0.0,0.0,0.0,367
2023-05-09 21:39:45,CF401P16200,CF401P16200,1013.0,0.0,0.0,0.0,10,992.0,1001.0,3,1013.0,932.0,0.0,0.0,0.0,0.0,367
2023-05-09 21:39:46,CF401P16200,CF401P16200,1013.0,0.0,0.0,0.0,20,992.0,1001.0,3,1013.0,932.0,0.0,0.0,0.0,0.0,367
2023-05-09 21:40:02,CF401P16200,CF401P16200,1013.0,0.0,0.0,0.0,10,992.0,1001.0,3,1013.0,932.0,0.0,0.0,0.0,0.0,367
2023-05-09 21:40:02,CF401P16200,CF401P16200,1013.0,0.0,0.0,0.0,10,991.0,1001.0,3,1013.0,932.0,0.0,0.0,0.0,0.0,367
2023-05-09 21:40:03,CF401P16200,CF401P16200,1013.0,0.0,0.0,0.0,3,990.0,1001.0,13,1013.0,932.0,0.0,0.0,0.0,0.0,367
2023-05-09 21:40:03,CF401P16200,CF401P16200,1013.0,0.0,0.0,0.0,3,990.0,1001.0,23,1013.0,932.0,0.0,0.0,0.0,0.0,367
2023-05-09 21:40:04,CF401P16200,CF401P16200,1013.0,0.0,0.0,0.0,10,991.0,1001.0,13,1013.0,932.0,0.0,0.0,0.0,0.0,367
2023-05-09 21:40:05,CF401P16200,CF401P16200,1013.0,0.0,0.0,0.0,20,991.0,1001.0,13,1013.0,932.0,0.0,0.0,0.0,0.0,367
2023-05-09 21:40:06,CF401P16200,CF401P16200,1013.0,0.0,0.0,0.0,10,994.0,1001.0,3,1013.0,932.0,0.0,0.0,0.0,0.0,367
2023-05-09 21:40:08,CF401P16200,CF401P16200,1013.0,0.0,0.0,0.0,20,994.0,1001.0,3,1013.0,932.0,0.0,0.0,0.0,0.0,367
2023-05-09 21:40:21,CF401P16200,CF401P16200,1013.0,0.0,0.0,0.0,10,994.0,1001.0,3,1013.0,932.0,0.0,0.0,0.0,0.0,367
2023-05-09 21:40:24,CF401P16200,CF401P16200,1013.0,0.0,0.0,0.0,20,994.0,1001.0,3,1013.0,932.0,0.0,0.0,0.0,0.0,367
2023-05-09 21:40:28,CF401P16200,CF401P16200,1013.0,0.0,0.0,0.0,20,994.0,1003.0,10,1013.0,932.0,0.0,0.0,0.0,0.0,367
2023-05-09 21:40:28,CF401P16200,CF401P16200,1013.0,0.0,0.0,0.0,30,994.0,1005.0,20,1013.0,932.0,0.0,0.0,0.0,0.0,367
2023-05-09 21:40:30,CF401P16200,CF401P16200,1013.0,0.0,0.0,0.0,20,994.0,1005.0,10,1013.0,932.0,0.0,0.0,0.0,0.0,367
2023-05-09 21:40:30,CF401P16200,CF401P16200,1013.0,0.0,0.0,0.0,30,994.0,1005.0,20,1013.0,932.0,0.0,0.0,0.0,0.0,367
2023-05-09 21:40:42,CF401P16200,CF401P16200,1013.0,0.0,0.0,0.0,30,994.0,1005.0,10,1013.0,932.0,0.0,0.0,0.0,0.0,367
2023-05-09 21:40:44,CF401P16200,CF401P16200,1013.0,0.0,0.0,0.0,10,999.0,1006.0,10,1013.0,932.0,0.0,0.0,0.0,0.0,367
2023-05-09 21:40:46,CF401P16200,CF401P16200,1013.0,0.0,0.0,0.0,20,999.0,1006.0,10,1013.0,932.0,0.0,0.0,0.0,0.0,367
2023-05-09 21:40:49,CF401P16200,CF401P16200,1013.0,0.0,0.0,0.0,20,999.0,1007.0,3,1013.0,932.0,0.0,0.0,0.0,0.0,367
2023-05-09 21:40:52,CF401P16200,CF401P16200,1013.0,0.0,0.0,0.0,10,999.0,1007.0,3,1013.0,932.0,0.0,0.0,0.0,0.0,367
2023-05-09 21:40:52,CF401P16200,CF401P16200,1013.0,0.0,0.0,0.0,10,996.0,1007.0,13,1013.0,932.0,0.0,0.0,0.0,0.0,367
2023-05-09 21:40:53,CF401P16200,CF401P16200,1013.0,0.0,0.0,0.0,20,996.0,1007.0,13,1013.0,932.0,0.0,0.0,0.0,0.0,367
2023-05-09 21:40:53,CF401P16200,CF401P16200,1013.0,0.0,0.0,0.0,30,996.0,1007.0,13,1013.0,932.0,0.0,0.0,0.0,0.0,367
2023-05-09 21:40:57,CF401P16200,CF401P16200,1013.0,0.0,0.0,0.0,10,998.0,1007.0,13,1013.0,932.0,0.0,0.0,0.0,0.0,367
2023-05-09 21:40:57,CF401P16200,CF401P16200,1013.0,0.0,0.0,0.0,10,998.0,1007.0,23,1013.0,932.0,0.0,0.0,0.0,0.0,367
2023-05-09 21:41:12,CF401P16200,CF401P16200,1013.0,0.0,0.0,0.0,20,998.0,1007.0,3,1013.0,932.0,0.0,0.0,0.0,0.0,367
2023-05-09 21:41:13,CF401P16200,CF401P16200,1013.0,0.0,0.0,0.0,30,998.0,1007.0,3,1013.0,932.0,0.0,0.0,0.0,0.0,367
2023-05-09 21:41:14,CF401P16200,CF401P16200,1013.0,0.0,0.0,0.0,20,998.0,1007.0,3,1013.0,932.0,0.0,0.0,0.0,0.0,367
2023-05-09 21:41:15,CF401P16200,CF401P16200,1013.0,0.0,0.0,0.0,10,998.0,1007.0,3,1013.0,932.0,0.0,0.0,0.0,0.0,367
2023-05-09 21:41:20,CF401P16200,CF401P16200,1013.0,0.0,0.0,0.0,10,998.0,1007.0,13,1013.0,932.0,0.0,0.0,0.0,0.0,367
2023-05-09 21:41:22,CF401P16200,CF401P16200,1013.0,0.0,0.0,0.0,20,998.0,1007.0,13,1013.0,932.0,0.0,0.0,0.0,0.0,367
2023-05-09 21:41:26,CF401P16200,CF401P16200,1013.0,0.0,0.0,0.0,33,998.0,1007.0,3,1013.0,932.0,0.0,0.0,0.0,0.0,367
2023-05-09 21:41:27,CF401P16200,CF401P16200,1013.0,0.0,0.0,0.0,10,1000.0,1011.0,10,1013.0,932.0,0.0,0.0,0.0,0.0,367
2023-05-09 21:41:27,CF401P16200,CF401P16200,1013.0,0.0,0.0,0.0,20,1000.0,1014.0,30,1013.0,932.0,0.0,0.0,0.0,0.0,367
2023-05-09 21:41:28,CF401P16200,CF401P16200,1013.0,0.0,0.0,0.0,10,1003.0,1014.0,30,1013.0,932.0,0.0,0.0,0.0,0.0,367
2023-05-09 21:41:28,CF401P16200,CF401P16200,1013.0,0.0,0.0,0.0,10,1002.0,1014.0,30,1013.0,932.0,0.0,0.0,0.0,0.0,367
2023-05-09 21:41:29,CF401P16200,CF401P16200,1013.0,0.0,0.0,0.0,20,1000.0,1013.0,3,1013.0,932.0,0.0,0.0,0.0,0.0,367
2023-05-09 21:41:30,CF401P16200,CF401P16200,1013.0,0.0,0.0,0.0,10,1003.0,1013.0,3,1013.0,932.0,0.0,0.0,0.0,0.0,367
2023-05-09 21:41:38,CF401P16200,CF401P16200,1013.0,0.0,0.0,0.0,10,1003.0,1013.0,13,1013.0,932.0,0.0,0.0,0.0,0.0,367
2023-05-09 21:41:40,CF401P16200,CF401P16200,1013.0,0.0,0.0,0.0,10,1003.0,1013.0,3,1013.0,932.0,0.0,0.0,0.0,0.0,367
2023-05-09 21:41:53,CF401P16200,CF401P16200,1013.0,0.0,0.0,0.0,10,1003.0,1013.0,13,1013.0,932.0,0.0,0.0,0.0,0.0,367
2023-05-09 21:41:55,CF401P16200,CF401P16200,1013.0,0.0,0.0,0.0,10,1003.0,1013.0,23,1013.0,932.0,0.0,0.0,0.0,0.0,367
2023-05-09 21:41:57,CF401P16200,CF401P16200,1013.0,0.0,0.0,0.0,20,1003.0,1013.0,23,1013.0,932.0,0.0,0.0,0.0,0.0,367
2023-05-09 21:42:10,CF401P16200,CF401P16200,1013.0,0.0,0.0,0.0,10,1001.0,1013.0,23,1013.0,932.0,0.0,0.0,0.0,0.0,367
2023-05-09 21:42:11,CF401P16200,CF401P16200,1013.0,0.0,0.0,0.0,20,999.0,1011.0,20,1013.0,932.0,0.0,0.0,0.0,0.0,367
2023-05-09 21:42:11,CF401P16200,CF401P16200,1013.0,0.0,0.0,0.0,20,999.0,1013.0,33,1013.0,932.0,0.0,0.0,0.0,0.0,367
2023-05-09 21:42:12,CF401P16200,CF401P16200,1013.0,0.0,0.0,0.0,10,1001.0,1013.0,33,1013.0,932.0,0.0,0.0,0.0,0.0,367
2023-05-09 21:42:14,CF401P16200,CF401P16200,1013.0,0.0,0.0,0.0,20,999.0,1013.0,33,1013.0,932.0,0.0,0.0,0.0,0.0,367
2023-05-09 21:42:14,CF401P16200,CF401P16200,1013.0,0.0,0.0,0.0,20,999.0,1011.0,10,1013.0,932.0,0.0,0.0,0.0,0.0,367
2023-05-09 21:42:18,CF401P16200,CF401P16200,1013.0,0.0,0.0,0.0,30,999.0,1011.0,10,1013.0,932.0,0.0,0.0,0.0,0.0,367
2023-05-09 21:42:20,CF401P16200,CF401P16200,1013.0,0.0,0.0,0.0,20,1001.0,1013.0,43,1013.0,932.0,0.0,0.0,0.0,0.0,367
2023-05-09 21:42:20,CF401P16200,CF401P16200,1013.0,0.0,0.0,0.0,20,1001.0,1013.0,33,1013.0,932.0,0.0,0.0,0.0,0.0,367
2023-05-09 21:42:21,CF401P16200,CF401P16200,1013.0,0.0,0.0,0.0,20,1001.0,1013.0,23,1013.0,932.0,0.0,0.0,0.0,0.0,367
2023-05-09 21:42:22,CF401P16200,CF401P16200,1013.0,0.0,0.0,0.0,20,1001.0,1013.0,33,1013.0,932.0,0.0,0.0,0.0,0.0,367
2023-05-09 21:42:25,CF401P16200,CF401P16200,1013.0,0.0,0.0,0.0,10,1001.0,1013.0,23,1013.0,932.0,0.0,0.0,0.0,0.0,367
2023-05-09 21:42:25,CF401P16200,CF401P16200,1013.0,0.0,0.0,0.0,20,999.0,1013.0,33,1013.0,932.0,0.0,0.0,0.0,0.0,367
2023-05-09 21:42:26,CF401P16200,CF401P16200,1013.0,0.0,0.0,0.0,10,999.0,1013.0,33,1013.0,932.0,0.0,0.0,0.0,0.0,367
2023-05-09 21:42:32,CF401P16200,CF401P16200,1013.0,0.0,0.0,0.0,10,999.0,1009.0,13,1013.0,932.0,0.0,0.0,0.0,0.0,367
2023-05-09 21:42:32,CF401P16200,CF401P16200,1013.0,0.0,0.0,0.0,3,998.0,1009.0,23,1013.0,932.0,0.0,0.0,0.0,0.0,367
2023-05-09 21:42:34,CF401P16200,CF401P16200,1013.0,0.0,0.0,0.0,3,998.0,1009.0,33,1013.0,932.0,0.0,0.0,0.0,0.0,367
2023-05-09 21:42:43,CF401P16200,CF401P16200,1013.0,0.0,0.0,0.0,23,994.0,1007.0,10,1013.0,932.0,0.0,0.0,0.0,0.0,367
2023-05-09 21:42:50,CF401P16200,CF401P16200,1013.0,0.0,0.0,0.0,33,994.0,1007.0,10,1013.0,932.0,0.0,0.0,0.0,0.0,367
2023-05-09 21:42:52,CF401P16200,CF401P16200,1013.0,0.0,0.0,0.0,33,994.0,1007.0,20,1013.0,932.0,0.0,0.0,0.0,0.0,367
2023-05-09 21:42:56,CF401P16200,CF401P16200,1013.0,0.0,0.0,0.0,23,994.0,1007.0,20,1013.0,932.0,0.0,0.0,0.0,0.0,367
2023-05-09 21:42:59,CF401P16200,CF401P16200,1013.0,0.0,0.0,0.0,23,994.0,1006.0,3,1013.0,932.0,0.0,0.0,0.0,0.0,367
2023-05-09 21:43:00,CF401P16200,CF401P16200,1013.0,0.0,0.0,0.0,3,994.0,1006.0,33,1013.0,932.0,0.0,0.0,0.0,0.0,367
2023-05-09 21:43:00,CF401P16200,CF401P16200,1013.0,0.0,0.0,0.0,3,994.0,1006.0,23,1013.0,932.0,0.0,0.0,0.0,0.0,367
2023-05-09 21:43:04,CF401P16200,CF401P16200,1013.0,0.0,0.0,0.0,3,990.0,1002.0,10,1013.0,932.0,0.0,0.0,0.0,0.0,367
2023-05-09 21:43:04,CF401P16200,CF401P16200,1013.0,0.0,0.0,0.0,3,990.0,1002.0,30,1013.0,932.0,0.0,0.0,0.0,0.0,367
2023-05-09 21:43:04,CF401P16200,CF401P16200,1013.0,0.0,0.0,0.0,3,990.0,1002.0,10,1013.0,932.0,0.0,0.0,0.0,0.0,367
2023-05-09 21:43:04,CF401P16200,CF401P16200,1013.0,0.0,0.0,0.0,3,990.0,1002.0,30,1013.0,932.0,0.0,0.0,0.0,0.0,367
2023-05-09 21:43:05,CF401P16200,CF401P16200,1013.0,0.0,0.0,0.0,3,990.0,1001.0,3,1013.0,932.0,0.0,0.0,0.0,0.0,367
2023-05-09 21:43:14,CF401P16200,CF401P16200,1013.0,0.0,0.0,0.0,3,990.0,1001.0,13,1013.0,932.0,0.0,0.0,0.0,0.0,367
2023-05-09 21:43:19,CF401P16200,CF401P16200,1013.0,0.0,0.0,0.0,3,990.0,1001.0,23,1013.0,932.0,0.0,0.0,0.0,0.0,367
2023-05-09 21:43:26,CF401P16200,CF401P16200,1013.0,0.0,0.0,0.0,3,990.0,1001.0,33,1013.0,932.0,0.0,0.0,0.0,0.0,367
2023-05-09 21:44:02,CF401P16200,CF401P16200,1013.0,0.0,0.0,0.0,3,990.0,1001.0,43,1013.0,932.0,0.0,0.0,0.0,0.0,367
2023-05-09 21:44:37,CF401P16200,CF401P16200,1013.0,0.0,0.0,0.0,3,986.0,997.0,3,1013.0,932.0,0.0,0.0,0.0,0.0,367
2023-05-09 21:44:37,CF401P16200,CF401P16200,1013.0,0.0,0.0,0.0,3,986.0,997.0,23,1013.0,932.0,0.0,0.0,0.0,0.0,367
2023-05-09 21:44:56,CF401P16200,CF401P16200,1013.0,0.0,0.0,0.0,3,986.0,997.0,33,1013.0,932.0,0.0,0.0,0.0,0.0,367
2023-05-09 21:45:17,CF401P16200,CF401P16200,1013.0,0.0,0.0,0.0,3,986.0,997.0,23,1013.0,932.0,0.0,0.0,0.0,0.0,367
2023-05-09 21:45:39,CF401P16200,CF401P16200,1013.0,0.0,0.0,0.0,20,983.0,997.0,33,1013.0,932.0,0.0,0.0,0.0,0.0,367
2023-05-09 21:45:45,CF401P16200,CF401P16200,1013.0,0.0,0.0,0.0,30,983.0,997.0,33,1013.0,932.0,0.0,0.0,0.0,0.0,367
2023-05-09 21:45:47,CF401P16200,CF401P16200,1013.0,0.0,0.0,0.0,10,983.0,997.0,33,1013.0,932.0,0.0,0.0,0.0,0.0,367
2023-05-09 21:45:56,CF401P16200,CF401P16200,1013.0,0.0,0.0,0.0,23,981.0,997.0,33,1013.0,932.0,0.0,0.0,0.0,0.0,367
2023-05-09 21:45:57,CF401P16200,CF401P16200,1013.0,0.0,0.0,0.0,23,981.0,993.0,13,1013.0,932.0,0.0,0.0,0.0,0.0,367
2023-05-09 21:45:57,CF401P16200,CF401P16200,1013.0,0.0,0.0,0.0,23,981.0,993.0,33,1013.0,932.0,0.0,0.0,0.0,0.0,367
2023-05-09 21:45:59,CF401P16200,CF401P16200,1013.0,0.0,0.0,0.0,13,981.0,993.0,33,1013.0,932.0,0.0,0.0,0.0,0.0,367
2023-05-09 21:46:02,CF401P16200,CF401P16200,1013.0,0.0,0.0,0.0,10,984.0,993.0,23,1013.0,932.0,0.0,0.0,0.0,0.0,367
2023-05-09 21:46:03,CF401P16200,CF401P16200,1013.0,0.0,0.0,0.0,10,984.0,993.0,13,1013.0,932.0,0.0,0.0,0.0,0.0,367
2023-05-09 21:46:03,CF401P16200,CF401P16200,1013.0,0.0,0.0,0.0,10,984.0,993.0,3,1013.0,932.0,0.0,0.0,0.0,0.0,367
2023-05-09 21:46:10,CF401P16200,CF401P16200,1013.0,0.0,0.0,0.0,10,984.0,993.0,13,1013.0,932.0,0.0,0.0,0.0,0.0,367
2023-05-09 21:46:10,CF401P16200,CF401P16200,1013.0,0.0,0.0,0.0,10,984.0,993.0,23,1013.0,932.0,0.0,0.0,0.0,0.0,367
2023-05-09 21:46:26,CF401P16200,CF401P16200,1013.0,0.0,0.0,0.0,20,984.0,993.0,23,1013.0,932.0,0.0,0.0,0.0,0.0,367
2023-05-09 21:46:40,CF401P16200,CF401P16200,1013.0,0.0,0.0,0.0,10,984.0,993.0,23,1013.0,932.0,0.0,0.0,0.0,0.0,367
2023-05-09 21:46:47,CF401P16200,CF401P16200,1013.0,0.0,0.0,0.0,10,984.0,993.0,33,1013.0,932.0,0.0,0.0,0.0,0.0,367
2023-05-09 21:46:48,CF401P16200,CF401P16200,1013.0,0.0,0.0,0.0,20,984.0,993.0,33,1013.0,932.0,0.0,0.0,0.0,0.0,367
2023-05-09 21:46:52,CF401P16200,CF401P16200,1013.0,0.0,0.0,0.0,10,986.0,993.0,33,1013.0,932.0,0.0,0.0,0.0,0.0,367
2023-05-09 21:47:00,CF401P16200,CF401P16200,1013.0,0.0,0.0,0.0,10,984.0,993.0,33,1013.0,932.0,0.0,0.0,0.0,0.0,367
2023-05-09 21:47:01,CF401P16200,CF401P16200,1013.0,0.0,0.0,0.0,30,983.0,993.0,33,1013.0,932.0,0.0,0.0,0.0,0.0,367
2023-05-09 21:47:02,CF401P16200,CF401P16200,1013.0,0.0,0.0,0.0,20,983.0,993.0,33,1013.0,932.0,0.0,0.0,0.0,0.0,367
2023-05-09 21:47:06,CF401P16200,CF401P16200,1013.0,0.0,0.0,0.0,10,983.0,993.0,33,1013.0,932.0,0.0,0.0,0.0,0.0,367
2023-05-09 21:47:06,CF401P16200,CF401P16200,1013.0,0.0,0.0,0.0,10,983.0,993.0,23,1013.0,932.0,0.0,0.0,0.0,0.0,367
2023-05-09 21:47:08,CF401P16200,CF401P16200,1013.0,0.0,0.0,0.0,10,983.0,993.0,33,1013.0,932.0,0.0,0.0,0.0,0.0,367
2023-05-09 21:47:28,CF401P16200,CF401P16200,1013.0,0.0,0.0,0.0,10,986.0,993.0,23,1013.0,932.0,0.0,0.0,0.0,0.0,367
2023-05-09 21:47:29,CF401P16200,CF401P16200,1013.0,0.0,0.0,0.0,10,986.0,993.0,3,1013.0,932.0,0.0,0.0,0.0,0.0,367
2023-05-09 21:47:38,CF401P16200,CF401P16200,1013.0,0.0,0.0,0.0,3,984.0,993.0,3,1013.0,932.0,0.0,0.0,0.0,0.0,367
2023-05-09 21:48:00,CF401P16200,CF401P16200,1013.0,0.0,0.0,0.0,10,986.0,993.0,3,1013.0,932.0,0.0,0.0,0.0,0.0,367
2023-05-09 21:48:07,CF401P16200,CF401P16200,1013.0,0.0,0.0,0.0,3,984.0,993.0,3,1013.0,932.0,0.0,0.0,0.0,0.0,367
2023-05-09 21:48:10,CF401P16200,CF401P16200,1013.0,0.0,0.0,0.0,13,984.0,993.0,3,1013.0,932.0,0.0,0.0,0.0,0.0,367
2023-05-09 21:48:12,CF401P16200,CF401P16200,1013.0,0.0,0.0,0.0,3,984.0,993.0,3,1013.0,932.0,0.0,0.0,0.0,0.0,367
2023-05-09 21:48:29,CF401P16200,CF401P16200,1013.0,0.0,0.0,0.0,3,984.0,993.0,13,1013.0,932.0,0.0,0.0,0.0,0.0,367
2023-05-09 21:48:31,CF401P16200,CF401P16200,1013.0,0.0,0.0,0.0,3,984.0,993.0,23,1013.0,932.0,0.0,0.0,0.0,0.0,367
2023-05-09 21:48:34,CF401P16200,CF401P16200,1013.0,0.0,0.0,0.0,33,981.0,993.0,23,1013.0,932.0,0.0,0.0,0.0,0.0,367
2023-05-09 21:48:34,CF401P16200,CF401P16200,1013.0,0.0,0.0,0.0,3,981.0,991.0,20,1013.0,932.0,0.0,0.0,0.0,0.0,367
2023-05-09 21:48:34,CF401P16200,CF401P16200,1013.0,0.0,0.0,0.0,3,981.0,991.0,10,1013.0,932.0,0.0,0.0,0.0,0.0,367
2023-05-09 21:48:37,CF401P16200,CF401P16200,1013.0,0.0,0.0,0.0,3,981.0,991.0,20,1013.0,932.0,0.0,0.0,0.0,0.0,367
2023-05-09 21:48:37,CF401P16200,CF401P16200,1013.0,0.0,0.0,0.0,3,981.0,991.0,30,1013.0,932.0,0.0,0.0,0.0,0.0,367
2023-05-09 21:48:41,CF401P16200,CF401P16200,1013.0,0.0,0.0,0.0,3,981.0,991.0,20,1013.0,932.0,0.0,0.0,0.0,0.0,367
2023-05-09 21:49:01,CF401P16200,CF401P16200,1013.0,0.0,0.0,0.0,3,981.0,991.0,30,1013.0,932.0,0.0,0.0,0.0,0.0,367
2023-05-09 21:49:03,CF401P16200,CF401P16200,1013.0,0.0,0.0,0.0,3,981.0,991.0,40,1013.0,932.0,0.0,0.0,0.0,0.0,367
2023-05-09 21:49:06,CF401P16200,CF401P16200,1013.0,0.0,0.0,0.0,3,981.0,990.0,3,1013.0,932.0,0.0,0.0,0.0,0.0,367
2023-05-09 21:49:06,CF401P16200,CF401P16200,1013.0,0.0,0.0,0.0,10,978.0,990.0,23,1013.0,932.0,0.0,0.0,0.0,0.0,367
2023-05-09 21:49:08,CF401P16200,CF401P16200,1013.0,0.0,0.0,0.0,10,978.0,990.0,13,1013.0,932.0,0.0,0.0,0.0,0.0,367
2023-05-09 21:49:20,CF401P16200,CF401P16200,1013.0,0.0,0.0,0.0,10,978.0,990.0,23,1013.0,932.0,0.0,0.0,0.0,0.0,367
2023-05-09 21:49:24,CF401P16200,CF401P16200,1013.0,0.0,0.0,0.0,20,978.0,990.0,23,1013.0,932.0,0.0,0.0,0.0,0.0,367
2023-05-09 21:49:24,CF401P16200,CF401P16200,1013.0,0.0,0.0,0.0,20,978.0,990.0,33,1013.0,932.0,0.0,0.0,0.0,0.0,367
2023-05-09 21:49:25,CF401P16200,CF401P16200,1013.0,0.0,0.0,0.0,20,978.0,990.0,23,1013.0,932.0,0.0,0.0,0.0,0.0,367
2023-05-09 21:49:27,CF401P16200,CF401P16200,1013.0,0.0,0.0,0.0,20,978.0,990.0,33,1013.0,932.0,0.0,0.0,0.0,0.0,367
2023-05-09 21:49:31,CF401P16200,CF401P16200,1013.0,0.0,0.0,0.0,20,978.0,990.0,23,1013.0,932.0,0.0,0.0,0.0,0.0,367
2023-05-09 21:49:33,CF401P16200,CF401P16200,1013.0,0.0,0.0,0.0,20,978.0,990.0,33,1013.0,932.0,0.0,0.0,0.0,0.0,367
2023-05-09 21:49:34,CF401P16200,CF401P16200,1013.0,0.0,0.0,0.0,20,978.0,990.0,23,1013.0,932.0,0.0,0.0,0.0,0.0,367
