time,symbol_id,symbol_name,last,trade_volume,trade_amount,open_interest_change,bv1,bp1,ap1,av1,yesterday_close,today_open,today_high,today_low,volume,amount,open_interest
2023-05-09 19:10:58,CF401P17200,CF401P17200,1543.0,0.0,0.0,0.0,0,0.0,0.0,0,1543.0,0.0,0.0,0.0,0.0,0.0,12
2023-05-09 21:00:15,CF401P17200,CF401P17200,1543.0,0.0,0.0,0.0,2,1366.0,2001.0,2,1543.0,0.0,0.0,0.0,0.0,0.0,12
2023-05-09 21:02:01,CF401P17200,CF401P17200,1543.0,0.0,0.0,0.0,1,1369.0,2001.0,2,1543.0,0.0,0.0,0.0,0.0,0.0,12
2023-05-09 21:02:01,CF401P17200,CF401P17200,1543.0,0.0,0.0,0.0,2,1497.0,2001.0,2,1543.0,0.0,0.0,0.0,0.0,0.0,12
2023-05-09 21:22:10,CF401P17200,CF401P17200,1543.0,0.0,0.0,0.0,2,1497.0,1998.0,1,1543.0,0.0,0.0,0.0,0.0,0.0,12
2023-05-09 21:22:10,CF401P17200,CF401P17200,1543.0,0.0,0.0,0.0,2,1497.0,1870.0,2,1543.0,0.0,0.0,0.0,0.0,0.0,12
2023-05-09 22:42:33,CF401P17200,CF401P17200,1543.0,0.0,0.0,0.0,2,1320.0,1870.0,2,1543.0,0.0,0.0,0.0,0.0,0.0,12
2023-05-09 22:42:34,CF401P17200,CF401P17200,1543.0,0.0,0.0,0.0,2,1451.0,1870.0,2,1543.0,0.0,0.0,0.0,0.0,0.0,12
2023-05-09 22:56:30,CF401P17200,CF401P17200,1543.0,0.0,0.0,0.0,1,748.0,0.0,0,1543.0,0.0,0.0,0.0,0.0,0.0,12
2023-05-09 22:56:30,CF401P17200,CF401P17200,1543.0,0.0,0.0,0.0,1,751.0,2556.0,1,1543.0,0.0,0.0,0.0,0.0,0.0,12
2023-05-09 22:59:55,CF401P17200,CF401P17200,1543.0,0.0,0.0,0.0,0,0.0,0.0,0,1543.0,0.0,0.0,0.0,0.0,0.0,12
2023-05-10 09:00:08,CF401P17200,CF401P17200,1543.0,0.0,0.0,0.0,2,1285.0,0.0,0,1543.0,0.0,0.0,0.0,0.0,0.0,12
2023-05-10 09:00:09,CF401P17200,CF401P17200,1543.0,0.0,0.0,0.0,2,1285.0,1925.0,2,1543.0,0.0,0.0,0.0,0.0,0.0,12
2023-05-10 09:02:04,CF401P17200,CF401P17200,1543.0,0.0,0.0,0.0,2,1417.0,1925.0,2,1543.0,0.0,0.0,0.0,0.0,0.0,12
2023-05-10 09:05:45,CF401P17200,CF401P17200,1543.0,0.0,0.0,0.0,2,1576.0,1595.0,2,1543.0,0.0,0.0,0.0,0.0,0.0,12
2023-05-10 09:05:54,CF401P17200,CF401P17200,1543.0,0.0,0.0,0.0,2,1581.0,1595.0,2,1543.0,0.0,0.0,0.0,0.0,0.0,12
2023-05-10 09:06:00,CF401P17200,CF401P17200,1543.0,0.0,0.0,0.0,2,1581.0,1601.0,2,1543.0,0.0,0.0,0.0,0.0,0.0,12
2023-05-10 09:06:03,CF401P17200,CF401P17200,1543.0,0.0,0.0,0.0,2,1586.0,1601.0,2,1543.0,0.0,0.0,0.0,0.0,0.0,12
2023-05-10 09:06:11,CF401P17200,CF401P17200,1543.0,0.0,0.0,0.0,2,1586.0,1608.0,2,1543.0,0.0,0.0,0.0,0.0,0.0,12
2023-05-10 09:06:14,CF401P17200,CF401P17200,1543.0,0.0,0.0,0.0,2,1591.0,1608.0,2,1543.0,0.0,0.0,0.0,0.0,0.0,12
2023-05-10 09:06:33,CF401P17200,CF401P17200,1543.0,0.0,0.0,0.0,2,1586.0,1602.0,2,1543.0,0.0,0.0,0.0,0.0,0.0,12
2023-05-10 09:06:37,CF401P17200,CF401P17200,1543.0,0.0,0.0,0.0,2,1579.0,1598.0,2,1543.0,0.0,0.0,0.0,0.0,0.0,12
2023-05-10 09:06:58,CF401P17200,CF401P17200,1543.0,0.0,0.0,0.0,2,1579.0,1594.0,2,1543.0,0.0,0.0,0.0,0.0,0.0,12
2023-05-10 09:06:59,CF401P17200,CF401P17200,1543.0,0.0,0.0,0.0,1,1416.0,1594.0,2,1543.0,0.0,0.0,0.0,0.0,0.0,12
2023-05-10 09:07:01,CF401P17200,CF401P17200,1543.0,0.0,0.0,0.0,2,1573.0,1594.0,2,1543.0,0.0,0.0,0.0,0.0,0.0,12
2023-05-10 09:07:05,CF401P17200,CF401P17200,1543.0,0.0,0.0,0.0,2,1578.0,1594.0,2,1543.0,0.0,0.0,0.0,0.0,0.0,12
2023-05-10 09:08:16,CF401P17200,CF401P17200,1543.0,0.0,0.0,0.0,2,1583.0,1598.0,2,1543.0,0.0,0.0,0.0,0.0,0.0,12
2023-05-10 09:08:24,CF401P17200,CF401P17200,1543.0,0.0,0.0,0.0,2,1583.0,1605.0,2,1543.0,0.0,0.0,0.0,0.0,0.0,12
2023-05-10 09:08:32,CF401P17200,CF401P17200,1543.0,0.0,0.0,0.0,2,1583.0,1600.0,2,1543.0,0.0,0.0,0.0,0.0,0.0,12
2023-05-10 09:08:53,CF401P17200,CF401P17200,1543.0,0.0,0.0,0.0,2,1578.0,1594.0,2,1543.0,0.0,0.0,0.0,0.0,0.0,12
2023-05-10 09:09:23,CF401P17200,CF401P17200,1543.0,0.0,0.0,0.0,2,1584.0,1600.0,2,1543.0,0.0,0.0,0.0,0.0,0.0,12
2023-05-10 09:09:29,CF401P17200,CF401P17200,1543.0,0.0,0.0,0.0,2,1584.0,1606.0,2,1543.0,0.0,0.0,0.0,0.0,0.0,12
2023-05-10 09:10:09,CF401P17200,CF401P17200,1543.0,0.0,0.0,0.0,2,1584.0,1601.0,2,1543.0,0.0,0.0,0.0,0.0,0.0,12
2023-05-10 09:10:18,CF401P17200,CF401P17200,1543.0,0.0,0.0,0.0,2,1584.0,1596.0,2,1543.0,0.0,0.0,0.0,0.0,0.0,12
2023-05-10 09:10:19,CF401P17200,CF401P17200,1543.0,0.0,0.0,0.0,2,1578.0,1596.0,2,1543.0,0.0,0.0,0.0,0.0,0.0,12
2023-05-10 09:10:37,CF401P17200,CF401P17200,1543.0,0.0,0.0,0.0,2,1578.0,1591.0,2,1543.0,0.0,0.0,0.0,0.0,0.0,12
2023-05-10 09:11:00,CF401P17200,CF401P17200,1543.0,0.0,0.0,0.0,2,1572.0,1591.0,2,1543.0,0.0,0.0,0.0,0.0,0.0,12
2023-05-10 09:11:07,CF401P17200,CF401P17200,1543.0,0.0,0.0,0.0,2,1572.0,1586.0,2,1543.0,0.0,0.0,0.0,0.0,0.0,12
2023-05-10 09:11:08,CF401P17200,CF401P17200,1543.0,0.0,0.0,0.0,1,1416.0,1586.0,2,1543.0,0.0,0.0,0.0,0.0,0.0,12
2023-05-10 09:11:09,CF401P17200,CF401P17200,1543.0,0.0,0.0,0.0,2,1566.0,1586.0,2,1543.0,0.0,0.0,0.0,0.0,0.0,12
2023-05-10 09:12:33,CF401P17200,CF401P17200,1543.0,0.0,0.0,0.0,2,1572.0,1586.0,2,1543.0,0.0,0.0,0.0,0.0,0.0,12
2023-05-10 09:13:28,CF401P17200,CF401P17200,1543.0,0.0,0.0,0.0,2,1566.0,1586.0,2,1543.0,0.0,0.0,0.0,0.0,0.0,12
2023-05-10 09:13:54,CF401P17200,CF401P17200,1543.0,0.0,0.0,0.0,2,1566.0,1582.0,2,1543.0,0.0,0.0,0.0,0.0,0.0,12
2023-05-10 09:14:21,CF401P17200,CF401P17200,1543.0,0.0,0.0,0.0,2,1566.0,1586.0,2,1543.0,0.0,0.0,0.0,0.0,0.0,12
2023-05-10 09:14:26,CF401P17200,CF401P17200,1543.0,0.0,0.0,0.0,2,1571.0,1586.0,2,1543.0,0.0,0.0,0.0,0.0,0.0,12
2023-05-10 09:14:56,CF401P17200,CF401P17200,1543.0,0.0,0.0,0.0,2,1571.0,1926.0,1,1543.0,0.0,0.0,0.0,0.0,0.0,12
2023-05-10 09:14:57,CF401P17200,CF401P17200,1543.0,0.0,0.0,0.0,2,1571.0,1592.0,2,1543.0,0.0,0.0,0.0,0.0,0.0,12
2023-05-10 09:15:07,CF401P17200,CF401P17200,1543.0,0.0,0.0,0.0,2,1571.0,1587.0,2,1543.0,0.0,0.0,0.0,0.0,0.0,12
2023-05-10 09:15:52,CF401P17200,CF401P17200,1543.0,0.0,0.0,0.0,2,1571.0,1592.0,2,1543.0,0.0,0.0,0.0,0.0,0.0,12
2023-05-10 09:16:09,CF401P17200,CF401P17200,1543.0,0.0,0.0,0.0,2,1576.0,1592.0,2,1543.0,0.0,0.0,0.0,0.0,0.0,12
2023-05-10 09:16:33,CF401P17200,CF401P17200,1543.0,0.0,0.0,0.0,2,1576.0,1598.0,2,1543.0,0.0,0.0,0.0,0.0,0.0,12
2023-05-10 09:16:56,CF401P17200,CF401P17200,1543.0,0.0,0.0,0.0,2,1581.0,1598.0,2,1543.0,0.0,0.0,0.0,0.0,0.0,12
2023-05-10 09:18:11,CF401P17200,CF401P17200,1543.0,0.0,0.0,0.0,2,1586.0,1794.0,1,1543.0,0.0,0.0,0.0,0.0,0.0,12
2023-05-10 09:18:13,CF401P17200,CF401P17200,1543.0,0.0,0.0,0.0,2,1586.0,1602.0,2,1543.0,0.0,0.0,0.0,0.0,0.0,12
2023-05-10 09:18:59,CF401P17200,CF401P17200,1543.0,0.0,0.0,0.0,2,1591.0,1794.0,1,1543.0,0.0,0.0,0.0,0.0,0.0,12
2023-05-10 09:19:00,CF401P17200,CF401P17200,1543.0,0.0,0.0,0.0,2,1591.0,1610.0,2,1543.0,0.0,0.0,0.0,0.0,0.0,12
2023-05-10 09:19:06,CF401P17200,CF401P17200,1543.0,0.0,0.0,0.0,2,1591.0,1606.0,2,1543.0,0.0,0.0,0.0,0.0,0.0,12
2023-05-10 09:19:11,CF401P17200,CF401P17200,1543.0,0.0,0.0,0.0,2,1586.0,1606.0,2,1543.0,0.0,0.0,0.0,0.0,0.0,12
2023-05-10 09:19:21,CF401P17200,CF401P17200,1543.0,0.0,0.0,0.0,2,1586.0,1601.0,2,1543.0,0.0,0.0,0.0,0.0,0.0,12
2023-05-10 09:19:28,CF401P17200,CF401P17200,1543.0,0.0,0.0,0.0,1,1416.0,1601.0,2,1543.0,0.0,0.0,0.0,0.0,0.0,12
2023-05-10 09:19:29,CF401P17200,CF401P17200,1543.0,0.0,0.0,0.0,2,1578.0,1601.0,2,1543.0,0.0,0.0,0.0,0.0,0.0,12
2023-05-10 09:19:30,CF401P17200,CF401P17200,1543.0,0.0,0.0,0.0,2,1578.0,1596.0,2,1543.0,0.0,0.0,0.0,0.0,0.0,12
2023-05-10 09:21:15,CF401P17200,CF401P17200,1543.0,0.0,0.0,0.0,2,1583.0,1596.0,2,1543.0,0.0,0.0,0.0,0.0,0.0,12
2023-05-10 09:21:23,CF401P17200,CF401P17200,1543.0,0.0,0.0,0.0,2,1583.0,1601.0,2,1543.0,0.0,0.0,0.0,0.0,0.0,12
2023-05-10 09:21:44,CF401P17200,CF401P17200,1543.0,0.0,0.0,0.0,2,1588.0,1601.0,2,1543.0,0.0,0.0,0.0,0.0,0.0,12
2023-05-10 09:22:01,CF401P17200,CF401P17200,1543.0,0.0,0.0,0.0,2,1588.0,1607.0,2,1543.0,0.0,0.0,0.0,0.0,0.0,12
2023-05-10 09:22:16,CF401P17200,CF401P17200,1543.0,0.0,0.0,0.0,2,1588.0,1603.0,2,1543.0,0.0,0.0,0.0,0.0,0.0,12
2023-05-10 09:22:37,CF401P17200,CF401P17200,1543.0,0.0,0.0,0.0,2,1583.0,1603.0,2,1543.0,0.0,0.0,0.0,0.0,0.0,12
2023-05-10 09:22:39,CF401P17200,CF401P17200,1543.0,0.0,0.0,0.0,2,1583.0,1599.0,2,1543.0,0.0,0.0,0.0,0.0,0.0,12
2023-05-10 09:24:26,CF401P17200,CF401P17200,1543.0,0.0,0.0,0.0,2,1576.0,1599.0,2,1543.0,0.0,0.0,0.0,0.0,0.0,12
2023-05-10 09:24:31,CF401P17200,CF401P17200,1543.0,0.0,0.0,0.0,2,1576.0,1595.0,2,1543.0,0.0,0.0,0.0,0.0,0.0,12
2023-05-10 09:25:32,CF401P17200,CF401P17200,1543.0,0.0,0.0,0.0,2,1576.0,1590.0,2,1543.0,0.0,0.0,0.0,0.0,0.0,12
2023-05-10 09:25:40,CF401P17200,CF401P17200,1543.0,0.0,0.0,0.0,2,1569.0,1590.0,2,1543.0,0.0,0.0,0.0,0.0,0.0,12
2023-05-10 09:26:42,CF401P17200,CF401P17200,1543.0,0.0,0.0,0.0,2,1569.0,1585.0,2,1543.0,0.0,0.0,0.0,0.0,0.0,12
2023-05-10 09:27:00,CF401P17200,CF401P17200,1543.0,0.0,0.0,0.0,2,1569.0,1590.0,2,1543.0,0.0,0.0,0.0,0.0,0.0,12
2023-05-10 09:27:09,CF401P17200,CF401P17200,1543.0,0.0,0.0,0.0,2,1574.0,1590.0,2,1543.0,0.0,0.0,0.0,0.0,0.0,12
2023-05-10 09:28:22,CF401P17200,CF401P17200,1543.0,0.0,0.0,0.0,2,1574.0,1596.0,2,1543.0,0.0,0.0,0.0,0.0,0.0,12
2023-05-10 09:28:51,CF401P17200,CF401P17200,1543.0,0.0,0.0,0.0,2,1579.0,1596.0,2,1543.0,0.0,0.0,0.0,0.0,0.0,12
2023-05-10 09:29:06,CF401P17200,CF401P17200,1543.0,0.0,0.0,0.0,2,1584.0,1596.0,2,1543.0,0.0,0.0,0.0,0.0,0.0,12
2023-05-10 09:29:08,CF401P17200,CF401P17200,1543.0,0.0,0.0,0.0,2,1584.0,1602.0,2,1543.0,0.0,0.0,0.0,0.0,0.0,12
2023-05-10 09:31:12,CF401P17200,CF401P17200,1543.0,0.0,0.0,0.0,2,1584.0,1794.0,1,1543.0,0.0,0.0,0.0,0.0,0.0,12
2023-05-10 09:31:12,CF401P17200,CF401P17200,1543.0,0.0,0.0,0.0,2,1584.0,1607.0,2,1543.0,0.0,0.0,0.0,0.0,0.0,12
2023-05-10 09:31:13,CF401P17200,CF401P17200,1543.0,0.0,0.0,0.0,2,1589.0,1607.0,2,1543.0,0.0,0.0,0.0,0.0,0.0,12
2023-05-10 09:31:28,CF401P17200,CF401P17200,1543.0,0.0,0.0,0.0,2,1594.0,1607.0,2,1543.0,0.0,0.0,0.0,0.0,0.0,12
2023-05-10 09:32:19,CF401P17200,CF401P17200,1543.0,0.0,0.0,0.0,2,1594.0,1614.0,2,1543.0,0.0,0.0,0.0,0.0,0.0,12
2023-05-10 09:33:26,CF401P17200,CF401P17200,1543.0,0.0,0.0,0.0,2,1594.0,1609.0,2,1543.0,0.0,0.0,0.0,0.0,0.0,12
2023-05-10 09:33:35,CF401P17200,CF401P17200,1543.0,0.0,0.0,0.0,2,1589.0,1609.0,2,1543.0,0.0,0.0,0.0,0.0,0.0,12
2023-05-10 09:33:38,CF401P17200,CF401P17200,1543.0,0.0,0.0,0.0,2,1589.0,1605.0,2,1543.0,0.0,0.0,0.0,0.0,0.0,12
2023-05-10 09:35:34,CF401P17200,CF401P17200,1543.0,0.0,0.0,0.0,2,1583.0,1605.0,2,1543.0,0.0,0.0,0.0,0.0,0.0,12
2023-05-10 09:35:36,CF401P17200,CF401P17200,1543.0,0.0,0.0,0.0,2,1583.0,1601.0,2,1543.0,0.0,0.0,0.0,0.0,0.0,12
2023-05-10 09:35:52,CF401P17200,CF401P17200,1543.0,0.0,0.0,0.0,2,1583.0,1596.0,2,1543.0,0.0,0.0,0.0,0.0,0.0,12
2023-05-10 09:36:02,CF401P17200,CF401P17200,1543.0,0.0,0.0,0.0,2,1577.0,1596.0,2,1543.0,0.0,0.0,0.0,0.0,0.0,12
2023-05-10 09:36:15,CF401P17200,CF401P17200,1543.0,0.0,0.0,0.0,2,1577.0,1591.0,2,1543.0,0.0,0.0,0.0,0.0,0.0,12
2023-05-10 09:36:39,CF401P17200,CF401P17200,1543.0,0.0,0.0,0.0,2,1577.0,1596.0,2,1543.0,0.0,0.0,0.0,0.0,0.0,12
2023-05-10 09:37:01,CF401P17200,CF401P17200,1543.0,0.0,0.0,0.0,2,1582.0,1596.0,2,1543.0,0.0,0.0,0.0,0.0,0.0,12
2023-05-10 09:37:06,CF401P17200,CF401P17200,1543.0,0.0,0.0,0.0,2,1582.0,1602.0,2,1543.0,0.0,0.0,0.0,0.0,0.0,12
2023-05-10 09:37:32,CF401P17200,CF401P17200,1543.0,0.0,0.0,0.0,2,1587.0,1602.0,2,1543.0,0.0,0.0,0.0,0.0,0.0,12
2023-05-10 09:38:37,CF401P17200,CF401P17200,1543.0,0.0,0.0,0.0,2,1582.0,1597.0,2,1543.0,0.0,0.0,0.0,0.0,0.0,12
2023-05-10 09:41:35,CF401P17200,CF401P17200,1543.0,0.0,0.0,0.0,2,1582.0,1602.0,2,1543.0,0.0,0.0,0.0,0.0,0.0,12
2023-05-10 09:41:35,CF401P17200,CF401P17200,1543.0,0.0,0.0,0.0,2,1587.0,1602.0,2,1543.0,0.0,0.0,0.0,0.0,0.0,12
2023-05-10 09:44:19,CF401P17200,CF401P17200,1543.0,0.0,0.0,0.0,2,1582.0,1602.0,2,1543.0,0.0,0.0,0.0,0.0,0.0,12
2023-05-10 09:44:19,CF401P17200,CF401P17200,1543.0,0.0,0.0,0.0,2,1582.0,1597.0,2,1543.0,0.0,0.0,0.0,0.0,0.0,12
2023-05-10 09:44:25,CF401P17200,CF401P17200,1543.0,0.0,0.0,0.0,2,1576.0,1597.0,2,1543.0,0.0,0.0,0.0,0.0,0.0,12
2023-05-10 09:45:08,CF401P17200,CF401P17200,1543.0,0.0,0.0,0.0,2,1581.0,1597.0,2,1543.0,0.0,0.0,0.0,0.0,0.0,12
2023-05-10 09:45:48,CF401P17200,CF401P17200,1543.0,0.0,0.0,0.0,2,1576.0,1597.0,2,1543.0,0.0,0.0,0.0,0.0,0.0,12
2023-05-10 09:46:14,CF401P17200,CF401P17200,1543.0,0.0,0.0,0.0,2,1582.0,1597.0,2,1543.0,0.0,0.0,0.0,0.0,0.0,12
2023-05-10 09:47:32,CF401P17200,CF401P17200,1543.0,0.0,0.0,0.0,2,1576.0,1597.0,2,1543.0,0.0,0.0,0.0,0.0,0.0,12
2023-05-10 09:48:12,CF401P17200,CF401P17200,1543.0,0.0,0.0,0.0,2,1576.0,1592.0,2,1543.0,0.0,0.0,0.0,0.0,0.0,12
2023-05-10 09:49:59,CF401P17200,CF401P17200,1543.0,0.0,0.0,0.0,2,1570.0,1592.0,2,1543.0,0.0,0.0,0.0,0.0,0.0,12
2023-05-10 09:50:00,CF401P17200,CF401P17200,1543.0,0.0,0.0,0.0,2,1570.0,1588.0,2,1543.0,0.0,0.0,0.0,0.0,0.0,12
2023-05-10 09:50:14,CF401P17200,CF401P17200,1543.0,0.0,0.0,0.0,2,1570.0,1584.0,2,1543.0,0.0,0.0,0.0,0.0,0.0,12
2023-05-10 09:50:14,CF401P17200,CF401P17200,1543.0,0.0,0.0,0.0,1,1416.0,1584.0,2,1543.0,0.0,0.0,0.0,0.0,0.0,12
2023-05-10 09:50:16,CF401P17200,CF401P17200,1543.0,0.0,0.0,0.0,2,1563.0,1584.0,2,1543.0,0.0,0.0,0.0,0.0,0.0,12
2023-05-10 09:50:18,CF401P17200,CF401P17200,1543.0,0.0,0.0,0.0,2,1563.0,1580.0,2,1543.0,0.0,0.0,0.0,0.0,0.0,12
2023-05-10 09:50:25,CF401P17200,CF401P17200,1543.0,0.0,0.0,0.0,1,1416.0,1575.0,2,1543.0,0.0,0.0,0.0,0.0,0.0,12
2023-05-10 09:50:26,CF401P17200,CF401P17200,1543.0,0.0,0.0,0.0,2,1556.0,1575.0,2,1543.0,0.0,0.0,0.0,0.0,0.0,12
2023-05-10 09:52:17,CF401P17200,CF401P17200,1543.0,0.0,0.0,0.0,2,1562.0,1575.0,2,1543.0,0.0,0.0,0.0,0.0,0.0,12
2023-05-10 09:52:19,CF401P17200,CF401P17200,1543.0,0.0,0.0,0.0,2,1562.0,1580.0,2,1543.0,0.0,0.0,0.0,0.0,0.0,12
2023-05-10 09:53:05,CF401P17200,CF401P17200,1543.0,0.0,0.0,0.0,2,1567.0,1580.0,2,1543.0,0.0,0.0,0.0,0.0,0.0,12
2023-05-10 09:53:19,CF401P17200,CF401P17200,1543.0,0.0,0.0,0.0,2,1567.0,1794.0,1,1543.0,0.0,0.0,0.0,0.0,0.0,12
2023-05-10 09:53:20,CF401P17200,CF401P17200,1543.0,0.0,0.0,0.0,2,1567.0,1585.0,2,1543.0,0.0,0.0,0.0,0.0,0.0,12
2023-05-10 09:55:47,CF401P17200,CF401P17200,1543.0,0.0,0.0,0.0,2,1572.0,1585.0,2,1543.0,0.0,0.0,0.0,0.0,0.0,12
2023-05-10 09:56:23,CF401P17200,CF401P17200,1543.0,0.0,0.0,0.0,2,1572.0,1592.0,2,1543.0,0.0,0.0,0.0,0.0,0.0,12
2023-05-10 09:56:59,CF401P17200,CF401P17200,1543.0,0.0,0.0,0.0,2,1577.0,1592.0,2,1543.0,0.0,0.0,0.0,0.0,0.0,12
2023-05-10 09:58:04,CF401P17200,CF401P17200,1543.0,0.0,0.0,0.0,2,1577.0,1598.0,2,1543.0,0.0,0.0,0.0,0.0,0.0,12
2023-05-10 09:58:37,CF401P17200,CF401P17200,1543.0,0.0,0.0,0.0,2,1577.0,1593.0,2,1543.0,0.0,0.0,0.0,0.0,0.0,12
2023-05-10 10:00:04,CF401P17200,CF401P17200,1543.0,0.0,0.0,0.0,2,1572.0,1589.0,2,1543.0,0.0,0.0,0.0,0.0,0.0,12
2023-05-10 10:00:10,CF401P17200,CF401P17200,1543.0,0.0,0.0,0.0,2,1566.0,1584.0,2,1543.0,0.0,0.0,0.0,0.0,0.0,12
2023-05-10 10:00:36,CF401P17200,CF401P17200,1543.0,0.0,0.0,0.0,2,1566.0,1580.0,2,1543.0,0.0,0.0,0.0,0.0,0.0,12
2023-05-10 10:00:39,CF401P17200,CF401P17200,1543.0,0.0,0.0,0.0,1,1416.0,1580.0,2,1543.0,0.0,0.0,0.0,0.0,0.0,12
2023-05-10 10:00:39,CF401P17200,CF401P17200,1543.0,0.0,0.0,0.0,2,1559.0,1580.0,2,1543.0,0.0,0.0,0.0,0.0,0.0,12
2023-05-10 10:00:43,CF401P17200,CF401P17200,1543.0,0.0,0.0,0.0,2,1559.0,1575.0,2,1543.0,0.0,0.0,0.0,0.0,0.0,12
2023-05-10 10:04:50,CF401P17200,CF401P17200,1543.0,0.0,0.0,0.0,2,1553.0,1575.0,2,1543.0,0.0,0.0,0.0,0.0,0.0,12
2023-05-10 10:05:31,CF401P17200,CF401P17200,1543.0,0.0,0.0,0.0,2,1558.0,1575.0,2,1543.0,0.0,0.0,0.0,0.0,0.0,12
2023-05-10 10:07:02,CF401P17200,CF401P17200,1543.0,0.0,0.0,0.0,2,1558.0,1571.0,2,1543.0,0.0,0.0,0.0,0.0,0.0,12
2023-05-10 10:07:03,CF401P17200,CF401P17200,1543.0,0.0,0.0,0.0,2,1553.0,1571.0,2,1543.0,0.0,0.0,0.0,0.0,0.0,12
2023-05-10 10:07:04,CF401P17200,CF401P17200,1543.0,0.0,0.0,0.0,1,1416.0,1571.0,2,1543.0,0.0,0.0,0.0,0.0,0.0,12
2023-05-10 10:07:08,CF401P17200,CF401P17200,1543.0,0.0,0.0,0.0,2,1546.0,1564.0,2,1543.0,0.0,0.0,0.0,0.0,0.0,12
2023-05-10 10:07:47,CF401P17200,CF401P17200,1543.0,0.0,0.0,0.0,2,1551.0,1564.0,2,1543.0,0.0,0.0,0.0,0.0,0.0,12
2023-05-10 10:07:48,CF401P17200,CF401P17200,1543.0,0.0,0.0,0.0,2,1551.0,1571.0,2,1543.0,0.0,0.0,0.0,0.0,0.0,12
2023-05-10 10:08:47,CF401P17200,CF401P17200,1543.0,0.0,0.0,0.0,2,1551.0,1567.0,2,1543.0,0.0,0.0,0.0,0.0,0.0,12
2023-05-10 10:10:11,CF401P17200,CF401P17200,1543.0,0.0,0.0,0.0,2,1546.0,1562.0,2,1543.0,0.0,0.0,0.0,0.0,0.0,12
2023-05-10 10:10:47,CF401P17200,CF401P17200,1543.0,0.0,0.0,0.0,1,1416.0,1562.0,2,1543.0,0.0,0.0,0.0,0.0,0.0,12
2023-05-10 10:10:48,CF401P17200,CF401P17200,1543.0,0.0,0.0,0.0,2,1540.0,1558.0,2,1543.0,0.0,0.0,0.0,0.0,0.0,12
2023-05-10 10:11:19,CF401P17200,CF401P17200,1543.0,0.0,0.0,0.0,2,1545.0,1558.0,2,1543.0,0.0,0.0,0.0,0.0,0.0,12
2023-05-10 10:11:26,CF401P17200,CF401P17200,1543.0,0.0,0.0,0.0,2,1545.0,1562.0,2,1543.0,0.0,0.0,0.0,0.0,0.0,12
2023-05-10 10:13:02,CF401P17200,CF401P17200,1543.0,0.0,0.0,0.0,2,1551.0,1794.0,1,1543.0,0.0,0.0,0.0,0.0,0.0,12
2023-05-10 10:13:03,CF401P17200,CF401P17200,1543.0,0.0,0.0,0.0,2,1551.0,1569.0,2,1543.0,0.0,0.0,0.0,0.0,0.0,12
2023-05-10 10:14:42,CF401P17200,CF401P17200,1543.0,0.0,0.0,0.0,2,1556.0,1569.0,2,1543.0,0.0,0.0,0.0,0.0,0.0,12
2023-05-10 10:30:04,CF401P17200,CF401P17200,1543.0,0.0,0.0,0.0,2,1556.0,1576.0,2,1543.0,0.0,0.0,0.0,0.0,0.0,12
2023-05-10 10:30:23,CF401P17200,CF401P17200,1543.0,0.0,0.0,0.0,2,1561.0,1576.0,2,1543.0,0.0,0.0,0.0,0.0,0.0,12
2023-05-10 10:31:39,CF401P17200,CF401P17200,1543.0,0.0,0.0,0.0,2,1556.0,1572.0,2,1543.0,0.0,0.0,0.0,0.0,0.0,12
2023-05-10 10:33:30,CF401P17200,CF401P17200,1543.0,0.0,0.0,0.0,2,1556.0,1576.0,2,1543.0,0.0,0.0,0.0,0.0,0.0,12
2023-05-10 10:33:40,CF401P17200,CF401P17200,1543.0,0.0,0.0,0.0,2,1562.0,1576.0,2,1543.0,0.0,0.0,0.0,0.0,0.0,12
2023-05-10 10:33:50,CF401P17200,CF401P17200,1543.0,0.0,0.0,0.0,2,1562.0,1582.0,2,1543.0,0.0,0.0,0.0,0.0,0.0,12
2023-05-10 10:34:05,CF401P17200,CF401P17200,1543.0,0.0,0.0,0.0,2,1567.0,1582.0,2,1543.0,0.0,0.0,0.0,0.0,0.0,12
2023-05-10 10:34:33,CF401P17200,CF401P17200,1543.0,0.0,0.0,0.0,2,1562.0,1577.0,2,1543.0,0.0,0.0,0.0,0.0,0.0,12
2023-05-10 10:35:46,CF401P17200,CF401P17200,1543.0,0.0,0.0,0.0,2,1562.0,1582.0,2,1543.0,0.0,0.0,0.0,0.0,0.0,12
2023-05-10 10:35:50,CF401P17200,CF401P17200,1543.0,0.0,0.0,0.0,2,1567.0,1582.0,2,1543.0,0.0,0.0,0.0,0.0,0.0,12
2023-05-10 10:36:04,CF401P17200,CF401P17200,1543.0,0.0,0.0,0.0,2,1567.0,1794.0,1,1543.0,0.0,0.0,0.0,0.0,0.0,12
2023-05-10 10:36:05,CF401P17200,CF401P17200,1543.0,0.0,0.0,0.0,2,1567.0,1587.0,2,1543.0,0.0,0.0,0.0,0.0,0.0,12
2023-05-10 10:36:35,CF401P17200,CF401P17200,1543.0,0.0,0.0,0.0,2,1572.0,1587.0,2,1543.0,0.0,0.0,0.0,0.0,0.0,12
2023-05-10 10:36:57,CF401P17200,CF401P17200,1543.0,0.0,0.0,0.0,2,1572.0,1593.0,2,1543.0,0.0,0.0,0.0,0.0,0.0,12
2023-05-10 10:37:27,CF401P17200,CF401P17200,1543.0,0.0,0.0,0.0,2,1572.0,1589.0,2,1543.0,0.0,0.0,0.0,0.0,0.0,12
2023-05-10 10:38:05,CF401P17200,CF401P17200,1543.0,0.0,0.0,0.0,2,1572.0,1593.0,2,1543.0,0.0,0.0,0.0,0.0,0.0,12
2023-05-10 10:38:06,CF401P17200,CF401P17200,1543.0,0.0,0.0,0.0,2,1578.0,1593.0,2,1543.0,0.0,0.0,0.0,0.0,0.0,12
2023-05-10 10:38:47,CF401P17200,CF401P17200,1543.0,0.0,0.0,0.0,2,1572.0,1593.0,2,1543.0,0.0,0.0,0.0,0.0,0.0,12
2023-05-10 10:39:40,CF401P17200,CF401P17200,1543.0,0.0,0.0,0.0,2,1579.0,1593.0,2,1543.0,0.0,0.0,0.0,0.0,0.0,12
2023-05-10 10:39:58,CF401P17200,CF401P17200,1543.0,0.0,0.0,0.0,2,1572.0,1593.0,2,1543.0,0.0,0.0,0.0,0.0,0.0,12
2023-05-10 10:40:29,CF401P17200,CF401P17200,1543.0,0.0,0.0,0.0,2,1572.0,1589.0,2,1543.0,0.0,0.0,0.0,0.0,0.0,12
2023-05-10 10:40:46,CF401P17200,CF401P17200,1543.0,0.0,0.0,0.0,2,1577.0,1589.0,2,1543.0,0.0,0.0,0.0,0.0,0.0,12
2023-05-10 10:40:47,CF401P17200,CF401P17200,1543.0,0.0,0.0,0.0,2,1577.0,1593.0,2,1543.0,0.0,0.0,0.0,0.0,0.0,12
2023-05-10 10:41:00,CF401P17200,CF401P17200,1543.0,0.0,0.0,0.0,2,1582.0,1600.0,2,1543.0,0.0,0.0,0.0,0.0,0.0,12
2023-05-10 10:41:15,CF401P17200,CF401P17200,1543.0,0.0,0.0,0.0,2,1587.0,1600.0,2,1543.0,0.0,0.0,0.0,0.0,0.0,12
2023-05-10 10:41:17,CF401P17200,CF401P17200,1543.0,0.0,0.0,0.0,2,1587.0,1606.0,2,1543.0,0.0,0.0,0.0,0.0,0.0,12
2023-05-10 10:41:38,CF401P17200,CF401P17200,1543.0,0.0,0.0,0.0,2,1592.0,1606.0,2,1543.0,0.0,0.0,0.0,0.0,0.0,12
2023-05-10 10:41:44,CF401P17200,CF401P17200,1543.0,0.0,0.0,0.0,2,1592.0,1613.0,2,1543.0,0.0,0.0,0.0,0.0,0.0,12
2023-05-10 10:41:51,CF401P17200,CF401P17200,1543.0,0.0,0.0,0.0,2,1597.0,1613.0,2,1543.0,0.0,0.0,0.0,0.0,0.0,12
2023-05-10 10:42:01,CF401P17200,CF401P17200,1543.0,0.0,0.0,0.0,2,1592.0,1613.0,2,1543.0,0.0,0.0,0.0,0.0,0.0,12
2023-05-10 10:42:03,CF401P17200,CF401P17200,1543.0,0.0,0.0,0.0,2,1592.0,1608.0,2,1543.0,0.0,0.0,0.0,0.0,0.0,12
2023-05-10 10:42:14,CF401P17200,CF401P17200,1543.0,0.0,0.0,0.0,1,1416.0,1603.0,2,1543.0,0.0,0.0,0.0,0.0,0.0,12
2023-05-10 10:42:15,CF401P17200,CF401P17200,1543.0,0.0,0.0,0.0,2,1587.0,1603.0,2,1543.0,0.0,0.0,0.0,0.0,0.0,12
2023-05-10 10:43:25,CF401P17200,CF401P17200,1543.0,0.0,0.0,0.0,2,1581.0,1603.0,2,1543.0,0.0,0.0,0.0,0.0,0.0,12
2023-05-10 10:43:43,CF401P17200,CF401P17200,1543.0,0.0,0.0,0.0,2,1581.0,1597.0,2,1543.0,0.0,0.0,0.0,0.0,0.0,12
2023-05-10 10:44:17,CF401P17200,CF401P17200,1543.0,0.0,0.0,0.0,2,1581.0,1603.0,2,1543.0,0.0,0.0,0.0,0.0,0.0,12
2023-05-10 10:44:24,CF401P17200,CF401P17200,1543.0,0.0,0.0,0.0,2,1586.0,1603.0,2,1543.0,0.0,0.0,0.0,0.0,0.0,12
2023-05-10 10:45:22,CF401P17200,CF401P17200,1543.0,0.0,0.0,0.0,2,1586.0,1599.0,2,1543.0,0.0,0.0,0.0,0.0,0.0,12
2023-05-10 10:45:49,CF401P17200,CF401P17200,1543.0,0.0,0.0,0.0,2,1586.0,1603.0,2,1543.0,0.0,0.0,0.0,0.0,0.0,12
2023-05-10 10:46:15,CF401P17200,CF401P17200,1543.0,0.0,0.0,0.0,2,1591.0,1794.0,1,1543.0,0.0,0.0,0.0,0.0,0.0,12
2023-05-10 10:46:16,CF401P17200,CF401P17200,1543.0,0.0,0.0,0.0,2,1591.0,1608.0,2,1543.0,0.0,0.0,0.0,0.0,0.0,12
2023-05-10 10:47:12,CF401P17200,CF401P17200,1543.0,0.0,0.0,0.0,2,1591.0,1794.0,1,1543.0,0.0,0.0,0.0,0.0,0.0,12
2023-05-10 10:47:13,CF401P17200,CF401P17200,1543.0,0.0,0.0,0.0,2,1591.0,1614.0,2,1543.0,0.0,0.0,0.0,0.0,0.0,12
2023-05-10 10:47:23,CF401P17200,CF401P17200,1543.0,0.0,0.0,0.0,2,1596.0,1614.0,2,1543.0,0.0,0.0,0.0,0.0,0.0,12
2023-05-10 10:47:35,CF401P17200,CF401P17200,1543.0,0.0,0.0,0.0,2,1596.0,1794.0,1,1543.0,0.0,0.0,0.0,0.0,0.0,12
2023-05-10 10:47:38,CF401P17200,CF401P17200,1543.0,0.0,0.0,0.0,2,1601.0,1794.0,1,1543.0,0.0,0.0,0.0,0.0,0.0,12
2023-05-10 10:47:39,CF401P17200,CF401P17200,1543.0,0.0,0.0,0.0,2,1601.0,1621.0,2,1543.0,0.0,0.0,0.0,0.0,0.0,12
2023-05-10 10:47:43,CF401P17200,CF401P17200,1543.0,0.0,0.0,0.0,2,1607.0,1794.0,1,1543.0,0.0,0.0,0.0,0.0,0.0,12
2023-05-10 10:47:46,CF401P17200,CF401P17200,1543.0,0.0,0.0,0.0,2,1607.0,1627.0,2,1543.0,0.0,0.0,0.0,0.0,0.0,12
2023-05-10 10:48:13,CF401P17200,CF401P17200,1543.0,0.0,0.0,0.0,2,1607.0,1794.0,1,1543.0,0.0,0.0,0.0,0.0,0.0,12
2023-05-10 10:48:14,CF401P17200,CF401P17200,1543.0,0.0,0.0,0.0,2,1615.0,1634.0,2,1543.0,0.0,0.0,0.0,0.0,0.0,12
2023-05-10 10:48:17,CF401P17200,CF401P17200,1543.0,0.0,0.0,0.0,2,1615.0,1794.0,1,1543.0,0.0,0.0,0.0,0.0,0.0,12
2023-05-10 10:48:18,CF401P17200,CF401P17200,1543.0,0.0,0.0,0.0,2,1621.0,1640.0,2,1543.0,0.0,0.0,0.0,0.0,0.0,12
2023-05-10 10:48:19,CF401P17200,CF401P17200,1543.0,0.0,0.0,0.0,2,1621.0,1635.0,2,1543.0,0.0,0.0,0.0,0.0,0.0,12
2023-05-10 10:48:27,CF401P17200,CF401P17200,1543.0,0.0,0.0,0.0,2,1615.0,1635.0,2,1543.0,0.0,0.0,0.0,0.0,0.0,12
2023-05-10 10:48:34,CF401P17200,CF401P17200,1543.0,0.0,0.0,0.0,2,1615.0,1630.0,2,1543.0,0.0,0.0,0.0,0.0,0.0,12
2023-05-10 10:48:39,CF401P17200,CF401P17200,1543.0,0.0,0.0,0.0,2,1609.0,1630.0,2,1543.0,0.0,0.0,0.0,0.0,0.0,12
2023-05-10 10:48:50,CF401P17200,CF401P17200,1543.0,0.0,0.0,0.0,2,1614.0,1630.0,2,1543.0,0.0,0.0,0.0,0.0,0.0,12
2023-05-10 10:49:17,CF401P17200,CF401P17200,1543.0,0.0,0.0,0.0,2,1609.0,1630.0,2,1543.0,0.0,0.0,0.0,0.0,0.0,12
2023-05-10 10:49:23,CF401P17200,CF401P17200,1543.0,0.0,0.0,0.0,2,1609.0,1625.0,2,1543.0,0.0,0.0,0.0,0.0,0.0,12
2023-05-10 10:50:14,CF401P17200,CF401P17200,1543.0,0.0,0.0,0.0,2,1602.0,1620.0,2,1543.0,0.0,0.0,0.0,0.0,0.0,12
2023-05-10 10:52:05,CF401P17200,CF401P17200,1543.0,0.0,0.0,0.0,2,1608.0,1625.0,2,1543.0,0.0,0.0,0.0,0.0,0.0,12
2023-05-10 10:52:05,CF401P17200,CF401P17200,1543.0,0.0,0.0,0.0,2,1608.0,1794.0,1,1543.0,0.0,0.0,0.0,0.0,0.0,12
2023-05-10 10:52:07,CF401P17200,CF401P17200,1543.0,0.0,0.0,0.0,2,1608.0,1631.0,2,1543.0,0.0,0.0,0.0,0.0,0.0,12
2023-05-10 10:52:09,CF401P17200,CF401P17200,1543.0,0.0,0.0,0.0,2,1613.0,1631.0,2,1543.0,0.0,0.0,0.0,0.0,0.0,12
2023-05-10 10:53:22,CF401P17200,CF401P17200,1543.0,0.0,0.0,0.0,2,1608.0,1626.0,2,1543.0,0.0,0.0,0.0,0.0,0.0,12
2023-05-10 10:53:42,CF401P17200,CF401P17200,1543.0,0.0,0.0,0.0,2,1613.0,1631.0,2,1543.0,0.0,0.0,0.0,0.0,0.0,12
2023-05-10 10:53:54,CF401P17200,CF401P17200,1543.0,0.0,0.0,0.0,2,1618.0,1631.0,2,1543.0,0.0,0.0,0.0,0.0,0.0,12
2023-05-10 10:53:55,CF401P17200,CF401P17200,1543.0,0.0,0.0,0.0,2,1618.0,1637.0,2,1543.0,0.0,0.0,0.0,0.0,0.0,12
2023-05-10 10:54:06,CF401P17200,CF401P17200,1543.0,0.0,0.0,0.0,2,1623.0,1637.0,2,1543.0,0.0,0.0,0.0,0.0,0.0,12
2023-05-10 10:54:09,CF401P17200,CF401P17200,1543.0,0.0,0.0,0.0,2,1623.0,1643.0,2,1543.0,0.0,0.0,0.0,0.0,0.0,12
2023-05-10 10:55:36,CF401P17200,CF401P17200,1543.0,0.0,0.0,0.0,2,1623.0,1638.0,2,1543.0,0.0,0.0,0.0,0.0,0.0,12
2023-05-10 10:55:39,CF401P17200,CF401P17200,1543.0,0.0,0.0,0.0,2,1618.0,1638.0,2,1543.0,0.0,0.0,0.0,0.0,0.0,12
2023-05-10 10:55:41,CF401P17200,CF401P17200,1543.0,0.0,0.0,0.0,2,1618.0,1633.0,2,1543.0,0.0,0.0,0.0,0.0,0.0,12
2023-05-10 10:55:54,CF401P17200,CF401P17200,1543.0,0.0,0.0,0.0,2,1611.0,1633.0,2,1543.0,0.0,0.0,0.0,0.0,0.0,12
2023-05-10 10:56:11,CF401P17200,CF401P17200,1543.0,0.0,0.0,0.0,2,1616.0,1633.0,2,1543.0,0.0,0.0,0.0,0.0,0.0,12
2023-05-10 10:56:39,CF401P17200,CF401P17200,1543.0,0.0,0.0,0.0,2,1621.0,1638.0,2,1543.0,0.0,0.0,0.0,0.0,0.0,12
2023-05-10 10:56:57,CF401P17200,CF401P17200,1543.0,0.0,0.0,0.0,2,1621.0,1645.0,2,1543.0,0.0,0.0,0.0,0.0,0.0,12
2023-05-10 10:57:00,CF401P17200,CF401P17200,1543.0,0.0,0.0,0.0,2,1621.0,1640.0,2,1543.0,0.0,0.0,0.0,0.0,0.0,12
2023-05-10 10:57:10,CF401P17200,CF401P17200,1543.0,0.0,0.0,0.0,2,1621.0,1635.0,2,1543.0,0.0,0.0,0.0,0.0,0.0,12
2023-05-10 10:57:13,CF401P17200,CF401P17200,1543.0,0.0,0.0,0.0,2,1616.0,1635.0,2,1543.0,0.0,0.0,0.0,0.0,0.0,12
2023-05-10 10:57:44,CF401P17200,CF401P17200,1543.0,0.0,0.0,0.0,2,1621.0,1635.0,2,1543.0,0.0,0.0,0.0,0.0,0.0,12
2023-05-10 10:58:02,CF401P17200,CF401P17200,1543.0,0.0,0.0,0.0,2,1621.0,1640.0,2,1543.0,0.0,0.0,0.0,0.0,0.0,12
2023-05-10 10:58:17,CF401P17200,CF401P17200,1543.0,0.0,0.0,0.0,2,1621.0,1635.0,2,1543.0,0.0,0.0,0.0,0.0,0.0,12
2023-05-10 10:58:24,CF401P17200,CF401P17200,1543.0,0.0,0.0,0.0,2,1616.0,1635.0,2,1543.0,0.0,0.0,0.0,0.0,0.0,12
2023-05-10 11:00:35,CF401P17200,CF401P17200,1543.0,0.0,0.0,0.0,2,1621.0,1635.0,2,1543.0,0.0,0.0,0.0,0.0,0.0,12
2023-05-10 11:01:24,CF401P17200,CF401P17200,1543.0,0.0,0.0,0.0,2,1621.0,1640.0,2,1543.0,0.0,0.0,0.0,0.0,0.0,12
2023-05-10 11:01:33,CF401P17200,CF401P17200,1543.0,0.0,0.0,0.0,2,1626.0,1640.0,2,1543.0,0.0,0.0,0.0,0.0,0.0,12
2023-05-10 11:01:50,CF401P17200,CF401P17200,1543.0,0.0,0.0,0.0,2,1626.0,1646.0,2,1543.0,0.0,0.0,0.0,0.0,0.0,12
2023-05-10 11:03:08,CF401P17200,CF401P17200,1543.0,0.0,0.0,0.0,2,1626.0,1641.0,2,1543.0,0.0,0.0,0.0,0.0,0.0,12
2023-05-10 11:03:11,CF401P17200,CF401P17200,1543.0,0.0,0.0,0.0,2,1621.0,1641.0,2,1543.0,0.0,0.0,0.0,0.0,0.0,12
2023-05-10 11:03:59,CF401P17200,CF401P17200,1543.0,0.0,0.0,0.0,2,1626.0,1641.0,2,1543.0,0.0,0.0,0.0,0.0,0.0,12
2023-05-10 11:04:20,CF401P17200,CF401P17200,1543.0,0.0,0.0,0.0,2,1626.0,1646.0,2,1543.0,0.0,0.0,0.0,0.0,0.0,12
2023-05-10 11:04:24,CF401P17200,CF401P17200,1543.0,0.0,0.0,0.0,2,1626.0,1794.0,1,1543.0,0.0,0.0,0.0,0.0,0.0,12
2023-05-10 11:04:28,CF401P17200,CF401P17200,1543.0,0.0,0.0,0.0,2,1638.0,1657.0,2,1543.0,0.0,0.0,0.0,0.0,0.0,12
2023-05-10 11:04:40,CF401P17200,CF401P17200,1543.0,0.0,0.0,0.0,2,1643.0,1657.0,2,1543.0,0.0,0.0,0.0,0.0,0.0,12
2023-05-10 11:04:42,CF401P17200,CF401P17200,1543.0,0.0,0.0,0.0,2,1643.0,1663.0,2,1543.0,0.0,0.0,0.0,0.0,0.0,12
2023-05-10 11:04:46,CF401P17200,CF401P17200,1543.0,0.0,0.0,0.0,2,1643.0,1658.0,2,1543.0,0.0,0.0,0.0,0.0,0.0,12
2023-05-10 11:05:16,CF401P17200,CF401P17200,1543.0,0.0,0.0,0.0,2,1638.0,1658.0,2,1543.0,0.0,0.0,0.0,0.0,0.0,12
2023-05-10 11:05:19,CF401P17200,CF401P17200,1543.0,0.0,0.0,0.0,2,1638.0,1653.0,2,1543.0,0.0,0.0,0.0,0.0,0.0,12
2023-05-10 11:05:33,CF401P17200,CF401P17200,1543.0,0.0,0.0,0.0,2,1631.0,1653.0,2,1543.0,0.0,0.0,0.0,0.0,0.0,12
2023-05-10 11:06:10,CF401P17200,CF401P17200,1543.0,0.0,0.0,0.0,2,1631.0,1648.0,2,1543.0,0.0,0.0,0.0,0.0,0.0,12
2023-05-10 11:06:24,CF401P17200,CF401P17200,1543.0,0.0,0.0,0.0,2,1623.0,1642.0,2,1543.0,0.0,0.0,0.0,0.0,0.0,12
2023-05-10 11:07:01,CF401P17200,CF401P17200,1543.0,0.0,0.0,0.0,2,1629.0,1642.0,2,1543.0,0.0,0.0,0.0,0.0,0.0,12
2023-05-10 11:07:04,CF401P17200,CF401P17200,1543.0,0.0,0.0,0.0,2,1629.0,1648.0,2,1543.0,0.0,0.0,0.0,0.0,0.0,12
2023-05-10 11:08:07,CF401P17200,CF401P17200,1543.0,0.0,0.0,0.0,2,1634.0,1648.0,2,1543.0,0.0,0.0,0.0,0.0,0.0,12
2023-05-10 11:08:11,CF401P17200,CF401P17200,1543.0,0.0,0.0,0.0,2,1634.0,1654.0,2,1543.0,0.0,0.0,0.0,0.0,0.0,12
2023-05-10 11:08:15,CF401P17200,CF401P17200,1543.0,0.0,0.0,0.0,2,1634.0,1794.0,1,1543.0,0.0,0.0,0.0,0.0,0.0,12
2023-05-10 11:08:16,CF401P17200,CF401P17200,1543.0,0.0,0.0,0.0,2,1634.0,1660.0,2,1543.0,0.0,0.0,0.0,0.0,0.0,12
2023-05-10 11:08:16,CF401P17200,CF401P17200,1543.0,0.0,0.0,0.0,2,1642.0,1660.0,2,1543.0,0.0,0.0,0.0,0.0,0.0,12
2023-05-10 11:09:05,CF401P17200,CF401P17200,1543.0,0.0,0.0,0.0,2,1634.0,1655.0,2,1543.0,0.0,0.0,0.0,0.0,0.0,12
2023-05-10 11:09:13,CF401P17200,CF401P17200,1543.0,0.0,0.0,0.0,2,1634.0,1650.0,2,1543.0,0.0,0.0,0.0,0.0,0.0,12
2023-05-10 11:10:01,CF401P17200,CF401P17200,1543.0,0.0,0.0,0.0,1,1416.0,1650.0,2,1543.0,0.0,0.0,0.0,0.0,0.0,12
2023-05-10 11:10:02,CF401P17200,CF401P17200,1543.0,0.0,0.0,0.0,2,1627.0,1650.0,2,1543.0,0.0,0.0,0.0,0.0,0.0,12
2023-05-10 11:10:07,CF401P17200,CF401P17200,1543.0,0.0,0.0,0.0,2,1627.0,1645.0,2,1543.0,0.0,0.0,0.0,0.0,0.0,12
2023-05-10 11:10:36,CF401P17200,CF401P17200,1543.0,0.0,0.0,0.0,2,1627.0,1640.0,2,1543.0,0.0,0.0,0.0,0.0,0.0,12
2023-05-10 11:10:55,CF401P17200,CF401P17200,1543.0,0.0,0.0,0.0,2,1620.0,1640.0,2,1543.0,0.0,0.0,0.0,0.0,0.0,12
2023-05-10 11:11:05,CF401P17200,CF401P17200,1543.0,0.0,0.0,0.0,2,1625.0,1640.0,2,1543.0,0.0,0.0,0.0,0.0,0.0,12
2023-05-10 11:11:09,CF401P17200,CF401P17200,1543.0,0.0,0.0,0.0,2,1625.0,1645.0,2,1543.0,0.0,0.0,0.0,0.0,0.0,12
2023-05-10 11:11:13,CF401P17200,CF401P17200,1543.0,0.0,0.0,0.0,2,1630.0,1645.0,2,1543.0,0.0,0.0,0.0,0.0,0.0,12
2023-05-10 11:11:19,CF401P17200,CF401P17200,1543.0,0.0,0.0,0.0,2,1630.0,1651.0,2,1543.0,0.0,0.0,0.0,0.0,0.0,12
2023-05-10 11:11:54,CF401P17200,CF401P17200,1543.0,0.0,0.0,0.0,2,1635.0,1651.0,2,1543.0,0.0,0.0,0.0,0.0,0.0,12
2023-05-10 11:15:00,CF401P17200,CF401P17200,1543.0,0.0,0.0,0.0,2,1635.0,1657.0,2,1543.0,0.0,0.0,0.0,0.0,0.0,12
2023-05-10 11:15:02,CF401P17200,CF401P17200,1543.0,0.0,0.0,0.0,2,1640.0,1657.0,2,1543.0,0.0,0.0,0.0,0.0,0.0,12
2023-05-10 11:16:39,CF401P17200,CF401P17200,1543.0,0.0,0.0,0.0,2,1635.0,1657.0,2,1543.0,0.0,0.0,0.0,0.0,0.0,12
2023-05-10 11:16:46,CF401P17200,CF401P17200,1543.0,0.0,0.0,0.0,2,1635.0,1652.0,2,1543.0,0.0,0.0,0.0,0.0,0.0,12
2023-05-10 11:17:39,CF401P17200,CF401P17200,1543.0,0.0,0.0,0.0,2,1628.0,1647.0,2,1543.0,0.0,0.0,0.0,0.0,0.0,12
2023-05-10 11:22:05,CF401P17200,CF401P17200,1543.0,0.0,0.0,0.0,1,1416.0,1641.0,2,1543.0,0.0,0.0,0.0,0.0,0.0,12
2023-05-10 11:22:06,CF401P17200,CF401P17200,1543.0,0.0,0.0,0.0,2,1621.0,1641.0,2,1543.0,0.0,0.0,0.0,0.0,0.0,12
2023-05-10 11:22:15,CF401P17200,CF401P17200,1543.0,0.0,0.0,0.0,2,1621.0,1635.0,2,1543.0,0.0,0.0,0.0,0.0,0.0,12
2023-05-10 11:23:34,CF401P17200,CF401P17200,1543.0,0.0,0.0,0.0,2,1621.0,1641.0,2,1543.0,0.0,0.0,0.0,0.0,0.0,12
2023-05-10 11:24:14,CF401P17200,CF401P17200,1543.0,0.0,0.0,0.0,2,1621.0,1636.0,2,1543.0,0.0,0.0,0.0,0.0,0.0,12
2023-05-10 11:24:23,CF401P17200,CF401P17200,1543.0,0.0,0.0,0.0,2,1621.0,1641.0,2,1543.0,0.0,0.0,0.0,0.0,0.0,12
2023-05-10 11:24:54,CF401P17200,CF401P17200,1543.0,0.0,0.0,0.0,2,1626.0,1641.0,2,1543.0,0.0,0.0,0.0,0.0,0.0,12
2023-05-10 11:25:42,CF401P17200,CF401P17200,1543.0,0.0,0.0,0.0,2,1626.0,1648.0,2,1543.0,0.0,0.0,0.0,0.0,0.0,12
2023-05-10 11:25:48,CF401P17200,CF401P17200,1543.0,0.0,0.0,0.0,2,1631.0,1648.0,2,1543.0,0.0,0.0,0.0,0.0,0.0,12
2023-05-10 11:26:31,CF401P17200,CF401P17200,1543.0,0.0,0.0,0.0,2,1631.0,1794.0,1,1543.0,0.0,0.0,0.0,0.0,0.0,12
2023-05-10 11:26:32,CF401P17200,CF401P17200,1543.0,0.0,0.0,0.0,2,1636.0,1655.0,2,1543.0,0.0,0.0,0.0,0.0,0.0,12
2023-05-10 11:27:23,CF401P17200,CF401P17200,1543.0,0.0,0.0,0.0,2,1631.0,1649.0,2,1543.0,0.0,0.0,0.0,0.0,0.0,12
2023-05-10 11:29:25,CF401P17200,CF401P17200,1543.0,0.0,0.0,0.0,1,1416.0,1794.0,1,1543.0,0.0,0.0,0.0,0.0,0.0,12
2023-05-10 13:30:57,CF401P17200,CF401P17200,1543.0,0.0,0.0,0.0,2,1627.0,1794.0,1,1543.0,0.0,0.0,0.0,0.0,0.0,12
2023-05-10 13:31:00,CF401P17200,CF401P17200,1543.0,0.0,0.0,0.0,2,1627.0,1644.0,2,1543.0,0.0,0.0,0.0,0.0,0.0,12
2023-05-10 13:31:13,CF401P17200,CF401P17200,1543.0,0.0,0.0,0.0,2,1632.0,1644.0,2,1543.0,0.0,0.0,0.0,0.0,0.0,12
2023-05-10 13:31:40,CF401P17200,CF401P17200,1543.0,0.0,0.0,0.0,2,1632.0,1650.0,2,1543.0,0.0,0.0,0.0,0.0,0.0,12
2023-05-10 13:32:24,CF401P17200,CF401P17200,1543.0,0.0,0.0,0.0,2,1632.0,1646.0,2,1543.0,0.0,0.0,0.0,0.0,0.0,12
2023-05-10 13:32:31,CF401P17200,CF401P17200,1543.0,0.0,0.0,0.0,2,1627.0,1641.0,2,1543.0,0.0,0.0,0.0,0.0,0.0,12
2023-05-10 13:32:40,CF401P17200,CF401P17200,1543.0,0.0,0.0,0.0,2,1627.0,1646.0,2,1543.0,0.0,0.0,0.0,0.0,0.0,12
2023-05-10 13:32:41,CF401P17200,CF401P17200,1543.0,0.0,0.0,0.0,2,1631.0,1646.0,2,1543.0,0.0,0.0,0.0,0.0,0.0,12
2023-05-10 13:34:06,CF401P17200,CF401P17200,1543.0,0.0,0.0,0.0,2,1631.0,1794.0,1,1543.0,0.0,0.0,0.0,0.0,0.0,12
2023-05-10 13:34:08,CF401P17200,CF401P17200,1543.0,0.0,0.0,0.0,2,1636.0,1653.0,2,1543.0,0.0,0.0,0.0,0.0,0.0,12
2023-05-10 13:34:32,CF401P17200,CF401P17200,1543.0,0.0,0.0,0.0,2,1636.0,1649.0,2,1543.0,0.0,0.0,0.0,0.0,0.0,12
2023-05-10 13:35:31,CF401P17200,CF401P17200,1543.0,0.0,0.0,0.0,2,1636.0,1653.0,2,1543.0,0.0,0.0,0.0,0.0,0.0,12
2023-05-10 13:35:37,CF401P17200,CF401P17200,1543.0,0.0,0.0,0.0,2,1640.0,1653.0,2,1543.0,0.0,0.0,0.0,0.0,0.0,12
2023-05-10 13:35:40,CF401P17200,CF401P17200,1543.0,0.0,0.0,0.0,2,1640.0,1794.0,1,1543.0,0.0,0.0,0.0,0.0,0.0,12
2023-05-10 13:35:41,CF401P17200,CF401P17200,1543.0,0.0,0.0,0.0,2,1640.0,1659.0,2,1543.0,0.0,0.0,0.0,0.0,0.0,12
2023-05-10 13:35:52,CF401P17200,CF401P17200,1543.0,0.0,0.0,0.0,2,1645.0,1659.0,2,1543.0,0.0,0.0,0.0,0.0,0.0,12
2023-05-10 13:36:19,CF401P17200,CF401P17200,1543.0,0.0,0.0,0.0,2,1640.0,1655.0,2,1543.0,0.0,0.0,0.0,0.0,0.0,12
2023-05-10 13:39:01,CF401P17200,CF401P17200,1543.0,0.0,0.0,0.0,2,1644.0,1659.0,2,1543.0,0.0,0.0,0.0,0.0,0.0,12
2023-05-10 13:39:15,CF401P17200,CF401P17200,1543.0,0.0,0.0,0.0,2,1644.0,1655.0,2,1543.0,0.0,0.0,0.0,0.0,0.0,12
2023-05-10 13:39:22,CF401P17200,CF401P17200,1543.0,0.0,0.0,0.0,2,1640.0,1655.0,2,1543.0,0.0,0.0,0.0,0.0,0.0,12
2023-05-10 13:39:44,CF401P17200,CF401P17200,1543.0,0.0,0.0,0.0,2,1634.0,1651.0,2,1543.0,0.0,0.0,0.0,0.0,0.0,12
2023-05-10 13:40:37,CF401P17200,CF401P17200,1543.0,0.0,0.0,0.0,2,1638.0,1651.0,2,1543.0,0.0,0.0,0.0,0.0,0.0,12
2023-05-10 13:40:38,CF401P17200,CF401P17200,1543.0,0.0,0.0,0.0,2,1638.0,1655.0,2,1543.0,0.0,0.0,0.0,0.0,0.0,12
2023-05-10 13:40:39,CF401P17200,CF401P17200,1543.0,0.0,0.0,0.0,2,1642.0,1655.0,2,1543.0,0.0,0.0,0.0,0.0,0.0,12
2023-05-10 13:41:27,CF401P17200,CF401P17200,1543.0,0.0,0.0,0.0,2,1642.0,1794.0,1,1543.0,0.0,0.0,0.0,0.0,0.0,12
2023-05-10 13:41:29,CF401P17200,CF401P17200,1543.0,0.0,0.0,0.0,2,1642.0,1661.0,2,1543.0,0.0,0.0,0.0,0.0,0.0,12
2023-05-10 13:41:29,CF401P17200,CF401P17200,1543.0,0.0,0.0,0.0,2,1646.0,1661.0,2,1543.0,0.0,0.0,0.0,0.0,0.0,12
2023-05-10 13:41:38,CF401P17200,CF401P17200,1543.0,0.0,0.0,0.0,2,1646.0,1794.0,1,1543.0,0.0,0.0,0.0,0.0,0.0,12
2023-05-10 13:41:39,CF401P17200,CF401P17200,1543.0,0.0,0.0,0.0,2,1650.0,1666.0,2,1543.0,0.0,0.0,0.0,0.0,0.0,12
2023-05-10 13:41:43,CF401P17200,CF401P17200,1543.0,0.0,0.0,0.0,2,1654.0,1666.0,2,1543.0,0.0,0.0,0.0,0.0,0.0,12
2023-05-10 13:41:51,CF401P17200,CF401P17200,1543.0,0.0,0.0,0.0,2,1654.0,1672.0,2,1543.0,0.0,0.0,0.0,0.0,0.0,12
2023-05-10 13:41:57,CF401P17200,CF401P17200,1543.0,0.0,0.0,0.0,2,1654.0,1794.0,1,1543.0,0.0,0.0,0.0,0.0,0.0,12
2023-05-10 13:41:58,CF401P17200,CF401P17200,1543.0,0.0,0.0,0.0,2,1654.0,1675.0,2,1543.0,0.0,0.0,0.0,0.0,0.0,12
2023-05-10 13:42:05,CF401P17200,CF401P17200,1543.0,0.0,0.0,0.0,2,1654.0,1671.0,2,1543.0,0.0,0.0,0.0,0.0,0.0,12
2023-05-10 13:42:12,CF401P17200,CF401P17200,1543.0,0.0,0.0,0.0,2,1658.0,1671.0,2,1543.0,0.0,0.0,0.0,0.0,0.0,12
2023-05-10 13:42:18,CF401P17200,CF401P17200,1543.0,0.0,0.0,0.0,2,1658.0,1675.0,2,1543.0,0.0,0.0,0.0,0.0,0.0,12
2023-05-10 13:42:24,CF401P17200,CF401P17200,1543.0,0.0,0.0,0.0,2,1662.0,1675.0,2,1543.0,0.0,0.0,0.0,0.0,0.0,12
2023-05-10 13:42:30,CF401P17200,CF401P17200,1543.0,0.0,0.0,0.0,2,1658.0,1675.0,2,1543.0,0.0,0.0,0.0,0.0,0.0,12
2023-05-10 13:42:55,CF401P17200,CF401P17200,1543.0,0.0,0.0,0.0,2,1658.0,1671.0,2,1543.0,0.0,0.0,0.0,0.0,0.0,12
2023-05-10 13:43:41,CF401P17200,CF401P17200,1543.0,0.0,0.0,0.0,2,1652.0,1671.0,2,1543.0,0.0,0.0,0.0,0.0,0.0,12
2023-05-10 13:44:02,CF401P17200,CF401P17200,1543.0,0.0,0.0,0.0,2,1652.0,1667.0,2,1543.0,0.0,0.0,0.0,0.0,0.0,12
2023-05-10 13:44:10,CF401P17200,CF401P17200,1543.0,0.0,0.0,0.0,1,1416.0,1667.0,2,1543.0,0.0,0.0,0.0,0.0,0.0,12
2023-05-10 13:44:11,CF401P17200,CF401P17200,1543.0,0.0,0.0,0.0,2,1646.0,1663.0,2,1543.0,0.0,0.0,0.0,0.0,0.0,12
2023-05-10 13:44:56,CF401P17200,CF401P17200,1543.0,0.0,0.0,0.0,2,1650.0,1663.0,2,1543.0,0.0,0.0,0.0,0.0,0.0,12
2023-05-10 13:45:18,CF401P17200,CF401P17200,1543.0,0.0,0.0,0.0,2,1646.0,1663.0,2,1543.0,0.0,0.0,0.0,0.0,0.0,12
2023-05-10 13:45:23,CF401P17200,CF401P17200,1543.0,0.0,0.0,0.0,2,1646.0,1658.0,2,1543.0,0.0,0.0,0.0,0.0,0.0,12
2023-05-10 13:47:01,CF401P17200,CF401P17200,1543.0,0.0,0.0,0.0,2,1640.0,1658.0,2,1543.0,0.0,0.0,0.0,0.0,0.0,12
2023-05-10 13:47:08,CF401P17200,CF401P17200,1543.0,0.0,0.0,0.0,2,1640.0,1654.0,2,1543.0,0.0,0.0,0.0,0.0,0.0,12
2023-05-10 13:49:20,CF401P17200,CF401P17200,1543.0,0.0,0.0,0.0,2,1640.0,1658.0,2,1543.0,0.0,0.0,0.0,0.0,0.0,12
2023-05-10 13:49:43,CF401P17200,CF401P17200,1543.0,0.0,0.0,0.0,2,1646.0,1794.0,1,1543.0,0.0,0.0,0.0,0.0,0.0,12
2023-05-10 13:49:44,CF401P17200,CF401P17200,1543.0,0.0,0.0,0.0,2,1646.0,1663.0,2,1543.0,0.0,0.0,0.0,0.0,0.0,12
2023-05-10 13:50:06,CF401P17200,CF401P17200,1543.0,0.0,0.0,0.0,2,1646.0,1659.0,2,1543.0,0.0,0.0,0.0,0.0,0.0,12
2023-05-10 13:50:10,CF401P17200,CF401P17200,1543.0,0.0,0.0,0.0,2,1640.0,1659.0,2,1543.0,0.0,0.0,0.0,0.0,0.0,12
2023-05-10 13:50:23,CF401P17200,CF401P17200,1543.0,0.0,0.0,0.0,2,1640.0,1655.0,2,1543.0,0.0,0.0,0.0,0.0,0.0,12
2023-05-10 13:55:18,CF401P17200,CF401P17200,1543.0,0.0,0.0,0.0,2,1634.0,1651.0,2,1543.0,0.0,0.0,0.0,0.0,0.0,12
2023-05-10 13:56:37,CF401P17200,CF401P17200,1543.0,0.0,0.0,0.0,2,1634.0,1647.0,2,1543.0,0.0,0.0,0.0,0.0,0.0,12
2023-05-10 13:56:56,CF401P17200,CF401P17200,1543.0,0.0,0.0,0.0,2,1628.0,1647.0,2,1543.0,0.0,0.0,0.0,0.0,0.0,12
2023-05-10 13:57:25,CF401P17200,CF401P17200,1543.0,0.0,0.0,0.0,2,1628.0,1643.0,2,1543.0,0.0,0.0,0.0,0.0,0.0,12
2023-05-10 13:57:39,CF401P17200,CF401P17200,1543.0,0.0,0.0,0.0,2,1622.0,1638.0,2,1543.0,0.0,0.0,0.0,0.0,0.0,12
2023-05-10 13:57:50,CF401P17200,CF401P17200,1543.0,0.0,0.0,0.0,2,1627.0,1643.0,2,1543.0,0.0,0.0,0.0,0.0,0.0,12
2023-05-10 13:58:28,CF401P17200,CF401P17200,1543.0,0.0,0.0,0.0,2,1627.0,1639.0,2,1543.0,0.0,0.0,0.0,0.0,0.0,12
2023-05-10 13:58:45,CF401P17200,CF401P17200,1543.0,0.0,0.0,0.0,2,1622.0,1639.0,2,1543.0,0.0,0.0,0.0,0.0,0.0,12
2023-05-10 13:59:00,CF401P17200,CF401P17200,1543.0,0.0,0.0,0.0,2,1622.0,1635.0,2,1543.0,0.0,0.0,0.0,0.0,0.0,12
2023-05-10 13:59:07,CF401P17200,CF401P17200,1543.0,0.0,0.0,0.0,1,1416.0,1635.0,2,1543.0,0.0,0.0,0.0,0.0,0.0,12
2023-05-10 13:59:07,CF401P17200,CF401P17200,1543.0,0.0,0.0,0.0,2,1617.0,1635.0,2,1543.0,0.0,0.0,0.0,0.0,0.0,12
2023-05-10 13:59:19,CF401P17200,CF401P17200,1543.0,0.0,0.0,0.0,2,1617.0,1631.0,2,1543.0,0.0,0.0,0.0,0.0,0.0,12
2023-05-10 13:59:22,CF401P17200,CF401P17200,1543.0,0.0,0.0,0.0,2,1612.0,1631.0,2,1543.0,0.0,0.0,0.0,0.0,0.0,12
2023-05-10 14:00:04,CF401P17200,CF401P17200,1543.0,0.0,0.0,0.0,2,1612.0,1626.0,2,1543.0,0.0,0.0,0.0,0.0,0.0,12
2023-05-10 14:01:10,CF401P17200,CF401P17200,1543.0,0.0,0.0,0.0,2,1612.0,1631.0,2,1543.0,0.0,0.0,0.0,0.0,0.0,12
2023-05-10 14:01:13,CF401P17200,CF401P17200,1543.0,0.0,0.0,0.0,2,1616.0,1631.0,2,1543.0,0.0,0.0,0.0,0.0,0.0,12
2023-05-10 14:01:18,CF401P17200,CF401P17200,1543.0,0.0,0.0,0.0,2,1622.0,1794.0,1,1543.0,0.0,0.0,0.0,0.0,0.0,12
2023-05-10 14:01:19,CF401P17200,CF401P17200,1543.0,0.0,0.0,0.0,2,1622.0,1640.0,2,1543.0,0.0,0.0,0.0,0.0,0.0,12
2023-05-10 14:01:38,CF401P17200,CF401P17200,1543.0,0.0,0.0,0.0,2,1622.0,1636.0,2,1543.0,0.0,0.0,0.0,0.0,0.0,12
2023-05-10 14:01:39,CF401P17200,CF401P17200,1543.0,0.0,0.0,0.0,2,1616.0,1632.0,2,1543.0,0.0,0.0,0.0,0.0,0.0,12
2023-05-10 14:02:02,CF401P17200,CF401P17200,1543.0,0.0,0.0,0.0,2,1621.0,1636.0,2,1543.0,0.0,0.0,0.0,0.0,0.0,12
2023-05-10 14:02:15,CF401P17200,CF401P17200,1543.0,0.0,0.0,0.0,2,1625.0,1642.0,2,1543.0,0.0,0.0,0.0,0.0,0.0,12
2023-05-10 14:03:32,CF401P17200,CF401P17200,1543.0,0.0,0.0,0.0,2,1629.0,1642.0,2,1543.0,0.0,0.0,0.0,0.0,0.0,12
2023-05-10 14:05:30,CF401P17200,CF401P17200,1543.0,0.0,0.0,0.0,2,1629.0,1648.0,2,1543.0,0.0,0.0,0.0,0.0,0.0,12
2023-05-10 14:05:55,CF401P17200,CF401P17200,1543.0,0.0,0.0,0.0,2,1633.0,1648.0,2,1543.0,0.0,0.0,0.0,0.0,0.0,12
2023-05-10 14:07:36,CF401P17200,CF401P17200,1543.0,0.0,0.0,0.0,2,1629.0,1644.0,2,1543.0,0.0,0.0,0.0,0.0,0.0,12
2023-05-10 14:08:59,CF401P17200,CF401P17200,1543.0,0.0,0.0,0.0,2,1629.0,1648.0,2,1543.0,0.0,0.0,0.0,0.0,0.0,12
2023-05-10 14:09:00,CF401P17200,CF401P17200,1543.0,0.0,0.0,0.0,2,1633.0,1648.0,2,1543.0,0.0,0.0,0.0,0.0,0.0,12
2023-05-10 14:09:13,CF401P17200,CF401P17200,1543.0,0.0,0.0,0.0,2,1637.0,1654.0,2,1543.0,0.0,0.0,0.0,0.0,0.0,12
2023-05-10 14:09:49,CF401P17200,CF401P17200,1543.0,0.0,0.0,0.0,2,1641.0,1654.0,2,1543.0,0.0,0.0,0.0,0.0,0.0,12
2023-05-10 14:10:08,CF401P17200,CF401P17200,1543.0,0.0,0.0,0.0,2,1637.0,1654.0,2,1543.0,0.0,0.0,0.0,0.0,0.0,12
2023-05-10 14:13:35,CF401P17200,CF401P17200,1543.0,0.0,0.0,0.0,2,1642.0,1654.0,2,1543.0,0.0,0.0,0.0,0.0,0.0,12
2023-05-10 14:13:39,CF401P17200,CF401P17200,1543.0,0.0,0.0,0.0,2,1642.0,1794.0,1,1543.0,0.0,0.0,0.0,0.0,0.0,12
2023-05-10 14:13:40,CF401P17200,CF401P17200,1543.0,0.0,0.0,0.0,2,1642.0,1662.0,2,1543.0,0.0,0.0,0.0,0.0,0.0,12
2023-05-10 14:13:54,CF401P17200,CF401P17200,1543.0,0.0,0.0,0.0,2,1642.0,1658.0,2,1543.0,0.0,0.0,0.0,0.0,0.0,12
2023-05-10 14:14:46,CF401P17200,CF401P17200,1543.0,0.0,0.0,0.0,2,1637.0,1653.0,2,1543.0,0.0,0.0,0.0,0.0,0.0,12
2023-05-10 14:15:01,CF401P17200,CF401P17200,1543.0,0.0,0.0,0.0,2,1637.0,1649.0,2,1543.0,0.0,0.0,0.0,0.0,0.0,12
2023-05-10 14:15:09,CF401P17200,CF401P17200,1543.0,0.0,0.0,0.0,2,1631.0,1649.0,2,1543.0,0.0,0.0,0.0,0.0,0.0,12
2023-05-10 14:18:40,CF401P17200,CF401P17200,1543.0,0.0,0.0,0.0,2,1636.0,1649.0,2,1543.0,0.0,0.0,0.0,0.0,0.0,12
2023-05-10 14:18:40,CF401P17200,CF401P17200,1543.0,0.0,0.0,0.0,2,1636.0,1653.0,2,1543.0,0.0,0.0,0.0,0.0,0.0,12
2023-05-10 14:19:10,CF401P17200,CF401P17200,1543.0,0.0,0.0,0.0,2,1641.0,1794.0,1,1543.0,0.0,0.0,0.0,0.0,0.0,12
2023-05-10 14:19:11,CF401P17200,CF401P17200,1543.0,0.0,0.0,0.0,2,1641.0,1659.0,2,1543.0,0.0,0.0,0.0,0.0,0.0,12
2023-05-10 14:19:17,CF401P17200,CF401P17200,1543.0,0.0,0.0,0.0,2,1645.0,1659.0,2,1543.0,0.0,0.0,0.0,0.0,0.0,12
2023-05-10 14:19:26,CF401P17200,CF401P17200,1543.0,0.0,0.0,0.0,2,1645.0,1794.0,1,1543.0,0.0,0.0,0.0,0.0,0.0,12
2023-05-10 14:19:27,CF401P17200,CF401P17200,1543.0,0.0,0.0,0.0,2,1645.0,1665.0,2,1543.0,0.0,0.0,0.0,0.0,0.0,12
2023-05-10 14:19:28,CF401P17200,CF401P17200,1543.0,0.0,0.0,0.0,2,1650.0,1665.0,2,1543.0,0.0,0.0,0.0,0.0,0.0,12
2023-05-10 14:19:40,CF401P17200,CF401P17200,1543.0,0.0,0.0,0.0,2,1650.0,1671.0,2,1543.0,0.0,0.0,0.0,0.0,0.0,12
2023-05-10 14:19:50,CF401P17200,CF401P17200,1543.0,0.0,0.0,0.0,2,1650.0,1667.0,2,1543.0,0.0,0.0,0.0,0.0,0.0,12
2023-05-10 14:20:20,CF401P17200,CF401P17200,1543.0,0.0,0.0,0.0,2,1650.0,1663.0,2,1543.0,0.0,0.0,0.0,0.0,0.0,12
2023-05-10 14:20:25,CF401P17200,CF401P17200,1543.0,0.0,0.0,0.0,2,1645.0,1663.0,2,1543.0,0.0,0.0,0.0,0.0,0.0,12
2023-05-10 14:21:15,CF401P17200,CF401P17200,1543.0,0.0,0.0,0.0,2,1650.0,1663.0,2,1543.0,0.0,0.0,0.0,0.0,0.0,12
2023-05-10 14:21:18,CF401P17200,CF401P17200,1543.0,0.0,0.0,0.0,2,1650.0,1667.0,2,1543.0,0.0,0.0,0.0,0.0,0.0,12
2023-05-10 14:21:42,CF401P17200,CF401P17200,1543.0,0.0,0.0,0.0,2,1655.0,1667.0,2,1543.0,0.0,0.0,0.0,0.0,0.0,12
2023-05-10 14:21:47,CF401P17200,CF401P17200,1543.0,0.0,0.0,0.0,2,1655.0,1673.0,2,1543.0,0.0,0.0,0.0,0.0,0.0,12
2023-05-10 14:21:52,CF401P17200,CF401P17200,1543.0,0.0,0.0,0.0,2,1655.0,1669.0,2,1543.0,0.0,0.0,0.0,0.0,0.0,12
2023-05-10 14:22:16,CF401P17200,CF401P17200,1543.0,0.0,0.0,0.0,2,1650.0,1669.0,2,1543.0,0.0,0.0,0.0,0.0,0.0,12
2023-05-10 14:22:23,CF401P17200,CF401P17200,1543.0,0.0,0.0,0.0,2,1650.0,1664.0,2,1543.0,0.0,0.0,0.0,0.0,0.0,12
2023-05-10 14:23:54,CF401P17200,CF401P17200,1543.0,0.0,0.0,0.0,2,1644.0,1664.0,2,1543.0,0.0,0.0,0.0,0.0,0.0,12
2023-05-10 14:24:13,CF401P17200,CF401P17200,1543.0,0.0,0.0,0.0,2,1649.0,1664.0,2,1543.0,0.0,0.0,0.0,0.0,0.0,12
2023-05-10 14:25:34,CF401P17200,CF401P17200,1543.0,0.0,0.0,0.0,2,1653.0,1669.0,2,1543.0,0.0,0.0,0.0,0.0,0.0,12
2023-05-10 14:25:43,CF401P17200,CF401P17200,1543.0,0.0,0.0,0.0,2,1658.0,1675.0,2,1543.0,0.0,0.0,0.0,0.0,0.0,12
2023-05-10 14:25:52,CF401P17200,CF401P17200,1543.0,0.0,0.0,0.0,2,1664.0,1681.0,2,1543.0,0.0,0.0,0.0,0.0,0.0,12
2023-05-10 14:26:06,CF401P17200,CF401P17200,1543.0,0.0,0.0,0.0,2,1664.0,1794.0,1,1543.0,0.0,0.0,0.0,0.0,0.0,12
2023-05-10 14:26:07,CF401P17200,CF401P17200,1543.0,0.0,0.0,0.0,2,1664.0,1687.0,2,1543.0,0.0,0.0,0.0,0.0,0.0,12
2023-05-10 14:26:09,CF401P17200,CF401P17200,1543.0,0.0,0.0,0.0,2,1669.0,1687.0,2,1543.0,0.0,0.0,0.0,0.0,0.0,12
2023-05-10 14:26:25,CF401P17200,CF401P17200,1543.0,0.0,0.0,0.0,2,1674.0,1687.0,2,1543.0,0.0,0.0,0.0,0.0,0.0,12
2023-05-10 14:26:33,CF401P17200,CF401P17200,1543.0,0.0,0.0,0.0,2,1669.0,1687.0,2,1543.0,0.0,0.0,0.0,0.0,0.0,12
2023-05-10 14:26:42,CF401P17200,CF401P17200,1543.0,0.0,0.0,0.0,2,1673.0,1687.0,2,1543.0,0.0,0.0,0.0,0.0,0.0,12
2023-05-10 14:26:42,CF401P17200,CF401P17200,1543.0,0.0,0.0,0.0,2,1673.0,1794.0,1,1543.0,0.0,0.0,0.0,0.0,0.0,12
2023-05-10 14:26:44,CF401P17200,CF401P17200,1543.0,0.0,0.0,0.0,2,1673.0,1690.0,2,1543.0,0.0,0.0,0.0,0.0,0.0,12
2023-05-10 14:26:49,CF401P17200,CF401P17200,1543.0,0.0,0.0,0.0,2,1678.0,1690.0,2,1543.0,0.0,0.0,0.0,0.0,0.0,12
2023-05-10 14:26:51,CF401P17200,CF401P17200,1543.0,0.0,0.0,0.0,2,1678.0,1695.0,2,1543.0,0.0,0.0,0.0,0.0,0.0,12
2023-05-10 14:26:51,CF401P17200,CF401P17200,1543.0,0.0,0.0,0.0,2,1678.0,1794.0,1,1543.0,0.0,0.0,0.0,0.0,0.0,12
2023-05-10 14:26:54,CF401P17200,CF401P17200,1543.0,0.0,0.0,0.0,2,1685.0,1794.0,1,1543.0,0.0,0.0,0.0,0.0,0.0,12
2023-05-10 14:26:56,CF401P17200,CF401P17200,1543.0,0.0,0.0,0.0,2,1690.0,1794.0,1,1543.0,0.0,0.0,0.0,0.0,0.0,12
2023-05-10 14:26:57,CF401P17200,CF401P17200,1543.0,0.0,0.0,0.0,2,1690.0,1706.0,2,1543.0,0.0,0.0,0.0,0.0,0.0,12
2023-05-10 14:27:01,CF401P17200,CF401P17200,1543.0,0.0,0.0,0.0,2,1690.0,1702.0,2,1543.0,0.0,0.0,0.0,0.0,0.0,12
2023-05-10 14:27:02,CF401P17200,CF401P17200,1543.0,0.0,0.0,0.0,2,1685.0,1702.0,2,1543.0,0.0,0.0,0.0,0.0,0.0,12
2023-05-10 14:27:05,CF401P17200,CF401P17200,1543.0,0.0,0.0,0.0,1,1416.0,1697.0,2,1543.0,0.0,0.0,0.0,0.0,0.0,12
2023-05-10 14:27:06,CF401P17200,CF401P17200,1543.0,0.0,0.0,0.0,2,1677.0,1697.0,2,1543.0,0.0,0.0,0.0,0.0,0.0,12
2023-05-10 14:27:13,CF401P17200,CF401P17200,1543.0,0.0,0.0,0.0,2,1677.0,1693.0,2,1543.0,0.0,0.0,0.0,0.0,0.0,12
2023-05-10 14:27:41,CF401P17200,CF401P17200,1543.0,0.0,0.0,0.0,2,1681.0,1693.0,2,1543.0,0.0,0.0,0.0,0.0,0.0,12
2023-05-10 14:28:25,CF401P17200,CF401P17200,1543.0,0.0,0.0,0.0,2,1677.0,1693.0,2,1543.0,0.0,0.0,0.0,0.0,0.0,12
2023-05-10 14:28:35,CF401P17200,CF401P17200,1543.0,0.0,0.0,0.0,2,1677.0,1689.0,2,1543.0,0.0,0.0,0.0,0.0,0.0,12
2023-05-10 14:28:58,CF401P17200,CF401P17200,1543.0,0.0,0.0,0.0,2,1677.0,1693.0,2,1543.0,0.0,0.0,0.0,0.0,0.0,12
2023-05-10 14:30:12,CF401P17200,CF401P17200,1543.0,0.0,0.0,0.0,2,1677.0,1689.0,2,1543.0,0.0,0.0,0.0,0.0,0.0,12
2023-05-10 14:30:13,CF401P17200,CF401P17200,1543.0,0.0,0.0,0.0,2,1670.0,1689.0,2,1543.0,0.0,0.0,0.0,0.0,0.0,12
2023-05-10 14:30:36,CF401P17200,CF401P17200,1543.0,0.0,0.0,0.0,2,1674.0,1689.0,2,1543.0,0.0,0.0,0.0,0.0,0.0,12
2023-05-10 14:32:49,CF401P17200,CF401P17200,1543.0,0.0,0.0,0.0,2,1678.0,1693.0,2,1543.0,0.0,0.0,0.0,0.0,0.0,12
2023-05-10 14:33:02,CF401P17200,CF401P17200,1543.0,0.0,0.0,0.0,2,1678.0,1699.0,2,1543.0,0.0,0.0,0.0,0.0,0.0,12
2023-05-10 14:33:15,CF401P17200,CF401P17200,1543.0,0.0,0.0,0.0,2,1682.0,1699.0,2,1543.0,0.0,0.0,0.0,0.0,0.0,12
2023-05-10 14:33:43,CF401P17200,CF401P17200,1543.0,0.0,0.0,0.0,2,1682.0,1694.0,2,1543.0,0.0,0.0,0.0,0.0,0.0,12
2023-05-10 14:33:47,CF401P17200,CF401P17200,1543.0,0.0,0.0,0.0,2,1678.0,1694.0,2,1543.0,0.0,0.0,0.0,0.0,0.0,12
2023-05-10 14:33:54,CF401P17200,CF401P17200,1543.0,0.0,0.0,0.0,2,1678.0,1690.0,2,1543.0,0.0,0.0,0.0,0.0,0.0,12
2023-05-10 14:33:59,CF401P17200,CF401P17200,1543.0,0.0,0.0,0.0,2,1672.0,1690.0,2,1543.0,0.0,0.0,0.0,0.0,0.0,12
2023-05-10 14:34:07,CF401P17200,CF401P17200,1543.0,0.0,0.0,0.0,2,1672.0,1685.0,2,1543.0,0.0,0.0,0.0,0.0,0.0,12
2023-05-10 14:34:14,CF401P17200,CF401P17200,1543.0,0.0,0.0,0.0,1,1416.0,1685.0,2,1543.0,0.0,0.0,0.0,0.0,0.0,12
2023-05-10 14:34:16,CF401P17200,CF401P17200,1543.0,0.0,0.0,0.0,2,1663.0,1680.0,2,1543.0,0.0,0.0,0.0,0.0,0.0,12
2023-05-10 14:35:15,CF401P17200,CF401P17200,1543.0,0.0,0.0,0.0,2,1663.0,1675.0,2,1543.0,0.0,0.0,0.0,0.0,0.0,12
2023-05-10 14:35:49,CF401P17200,CF401P17200,1543.0,0.0,0.0,0.0,1,1416.0,1675.0,2,1543.0,0.0,0.0,0.0,0.0,0.0,12
2023-05-10 14:35:50,CF401P17200,CF401P17200,1543.0,0.0,0.0,0.0,2,1657.0,1675.0,2,1543.0,0.0,0.0,0.0,0.0,0.0,12
2023-05-10 14:36:57,CF401P17200,CF401P17200,1543.0,0.0,0.0,0.0,2,1657.0,1671.0,2,1543.0,0.0,0.0,0.0,0.0,0.0,12
2023-05-10 14:40:26,CF401P17200,CF401P17200,1543.0,0.0,0.0,0.0,2,1650.0,1671.0,2,1543.0,0.0,0.0,0.0,0.0,0.0,12
2023-05-10 14:40:31,CF401P17200,CF401P17200,1543.0,0.0,0.0,0.0,2,1650.0,1666.0,2,1543.0,0.0,0.0,0.0,0.0,0.0,12
2023-05-10 14:40:53,CF401P17200,CF401P17200,1543.0,0.0,0.0,0.0,1,1416.0,1666.0,2,1543.0,0.0,0.0,0.0,0.0,0.0,12
2023-05-10 14:40:54,CF401P17200,CF401P17200,1543.0,0.0,0.0,0.0,2,1645.0,1662.0,2,1543.0,0.0,0.0,0.0,0.0,0.0,12
2023-05-10 14:41:06,CF401P17200,CF401P17200,1543.0,0.0,0.0,0.0,2,1649.0,1662.0,2,1543.0,0.0,0.0,0.0,0.0,0.0,12
2023-05-10 14:41:11,CF401P17200,CF401P17200,1543.0,0.0,0.0,0.0,2,1649.0,1666.0,2,1543.0,0.0,0.0,0.0,0.0,0.0,12
2023-05-10 14:41:48,CF401P17200,CF401P17200,1543.0,0.0,0.0,0.0,2,1654.0,1666.0,2,1543.0,0.0,0.0,0.0,0.0,0.0,12
2023-05-10 14:42:48,CF401P17200,CF401P17200,1543.0,0.0,0.0,0.0,2,1649.0,1666.0,2,1543.0,0.0,0.0,0.0,0.0,0.0,12
2023-05-10 14:45:07,CF401P17200,CF401P17200,1543.0,0.0,0.0,0.0,2,1649.0,1662.0,2,1543.0,0.0,0.0,0.0,0.0,0.0,12
2023-05-10 14:46:02,CF401P17200,CF401P17200,1543.0,0.0,0.0,0.0,2,1643.0,1662.0,2,1543.0,0.0,0.0,0.0,0.0,0.0,12
2023-05-10 14:46:16,CF401P17200,CF401P17200,1543.0,0.0,0.0,0.0,2,1643.0,1656.0,2,1543.0,0.0,0.0,0.0,0.0,0.0,12
2023-05-10 14:46:22,CF401P17200,CF401P17200,1543.0,0.0,0.0,0.0,2,1637.0,1656.0,2,1543.0,0.0,0.0,0.0,0.0,0.0,12
2023-05-10 14:46:27,CF401P17200,CF401P17200,1543.0,0.0,0.0,0.0,2,1637.0,1652.0,2,1543.0,0.0,0.0,0.0,0.0,0.0,12
2023-05-10 14:47:16,CF401P17200,CF401P17200,1543.0,0.0,0.0,0.0,2,1642.0,1656.0,2,1543.0,0.0,0.0,0.0,0.0,0.0,12
2023-05-10 14:48:17,CF401P17200,CF401P17200,1543.0,0.0,0.0,0.0,2,1642.0,1662.0,2,1543.0,0.0,0.0,0.0,0.0,0.0,12
2023-05-10 14:48:17,CF401P17200,CF401P17200,1543.0,0.0,0.0,0.0,2,1646.0,1662.0,2,1543.0,0.0,0.0,0.0,0.0,0.0,12
2023-05-10 14:48:57,CF401P17200,CF401P17200,1543.0,0.0,0.0,0.0,2,1650.0,1662.0,2,1543.0,0.0,0.0,0.0,0.0,0.0,12
2023-05-10 14:49:01,CF401P17200,CF401P17200,1543.0,0.0,0.0,0.0,2,1650.0,1668.0,2,1543.0,0.0,0.0,0.0,0.0,0.0,12
2023-05-10 14:49:36,CF401P17200,CF401P17200,1543.0,0.0,0.0,0.0,2,1650.0,1664.0,2,1543.0,0.0,0.0,0.0,0.0,0.0,12
2023-05-10 14:50:01,CF401P17200,CF401P17200,1543.0,0.0,0.0,0.0,2,1646.0,1664.0,2,1543.0,0.0,0.0,0.0,0.0,0.0,12
2023-05-10 14:52:25,CF401P17200,CF401P17200,1543.0,0.0,0.0,0.0,2,1646.0,1660.0,2,1543.0,0.0,0.0,0.0,0.0,0.0,12
2023-05-10 14:54:53,CF401P17200,CF401P17200,1543.0,0.0,0.0,0.0,2,1646.0,1664.0,2,1543.0,0.0,0.0,0.0,0.0,0.0,12
2023-05-10 14:55:03,CF401P17200,CF401P17200,1543.0,0.0,0.0,0.0,2,1646.0,1659.0,2,1543.0,0.0,0.0,0.0,0.0,0.0,12
2023-05-10 14:55:08,CF401P17200,CF401P17200,1543.0,0.0,0.0,0.0,2,1640.0,1659.0,2,1543.0,0.0,0.0,0.0,0.0,0.0,12
2023-05-10 14:55:16,CF401P17200,CF401P17200,1543.0,0.0,0.0,0.0,2,1645.0,1659.0,2,1543.0,0.0,0.0,0.0,0.0,0.0,12
2023-05-10 14:56:12,CF401P17200,CF401P17200,1543.0,0.0,0.0,0.0,2,1650.0,1664.0,2,1543.0,0.0,0.0,0.0,0.0,0.0,12
2023-05-10 14:58:02,CF401P17200,CF401P17200,1543.0,0.0,0.0,0.0,2,1645.0,1664.0,2,1543.0,0.0,0.0,0.0,0.0,0.0,12
2023-05-10 14:58:13,CF401P17200,CF401P17200,1543.0,0.0,0.0,0.0,2,1645.0,1660.0,2,1543.0,0.0,0.0,0.0,0.0,0.0,12
2023-05-10 14:58:26,CF401P17200,CF401P17200,1543.0,0.0,0.0,0.0,2,1638.0,1660.0,2,1543.0,0.0,0.0,0.0,0.0,0.0,12
2023-05-10 14:58:55,CF401P17200,CF401P17200,1543.0,0.0,0.0,0.0,1,1416.0,1794.0,1,1543.0,0.0,0.0,0.0,0.0,0.0,12
