time,symbol_id,symbol_name,last,trade_volume,trade_amount,open_interest_change,bv1,bp1,ap1,av1,yesterday_close,today_open,today_high,today_low,volume,amount,open_interest
2023-05-09 19:10:58,CF401P13800,CF401P13800,131.0,0.0,0.0,-1.0,0,0.0,0.0,0,131.0,115.0,0.0,0.0,0.0,0.0,424
2023-05-09 20:59:00,CF401P13800,CF401P13800,131.0,0.0,0.0,0.0,101,3.0,0.0,0,131.0,115.0,0.0,0.0,0.0,0.0,424
2023-05-09 21:00:15,CF401P13800,CF401P13800,131.0,0.0,0.0,0.0,2,80.0,444.0,2,131.0,115.0,0.0,0.0,0.0,0.0,424
2023-05-09 21:00:48,CF401P13800,CF401P13800,131.0,0.0,0.0,0.0,101,3.0,0.0,0,131.0,115.0,0.0,0.0,0.0,0.0,424
2023-05-09 21:00:51,CF401P13800,CF401P13800,131.0,0.0,0.0,0.0,1,80.0,444.0,1,131.0,115.0,0.0,0.0,0.0,0.0,424
2023-05-09 21:01:09,CF401P13800,CF401P13800,131.0,0.0,0.0,0.0,1,80.0,128.0,2,131.0,115.0,0.0,0.0,0.0,0.0,424
2023-05-09 21:01:10,CF401P13800,CF401P13800,131.0,0.0,0.0,0.0,2,124.0,128.0,2,131.0,115.0,0.0,0.0,0.0,0.0,424
2023-05-09 21:01:14,CF401P13800,CF401P13800,131.0,0.0,0.0,0.0,2,125.0,128.0,2,131.0,115.0,0.0,0.0,0.0,0.0,424
2023-05-09 21:01:17,CF401P13800,CF401P13800,131.0,0.0,0.0,0.0,2,125.0,130.0,2,131.0,115.0,0.0,0.0,0.0,0.0,424
2023-05-09 21:01:18,CF401P13800,CF401P13800,131.0,0.0,0.0,0.0,2,126.0,130.0,2,131.0,115.0,0.0,0.0,0.0,0.0,424
2023-05-09 21:01:32,CF401P13800,CF401P13800,131.0,0.0,0.0,0.0,2,126.0,129.0,2,131.0,115.0,0.0,0.0,0.0,0.0,424
2023-05-09 21:01:32,CF401P13800,CF401P13800,131.0,0.0,0.0,0.0,1,80.0,129.0,2,131.0,115.0,0.0,0.0,0.0,0.0,424
2023-05-09 21:01:33,CF401P13800,CF401P13800,131.0,0.0,0.0,0.0,2,88.0,129.0,2,131.0,115.0,0.0,0.0,0.0,0.0,424
2023-05-09 21:01:33,CF401P13800,CF401P13800,131.0,0.0,0.0,0.0,1,115.0,129.0,2,131.0,115.0,0.0,0.0,0.0,0.0,424
2023-05-09 21:01:34,CF401P13800,CF401P13800,131.0,0.0,0.0,0.0,2,124.0,129.0,2,131.0,115.0,0.0,0.0,0.0,0.0,424
2023-05-09 21:01:39,CF401P13800,CF401P13800,131.0,0.0,0.0,0.0,2,124.0,128.0,2,131.0,115.0,0.0,0.0,0.0,0.0,424
2023-05-09 21:02:09,CF401P13800,CF401P13800,131.0,0.0,0.0,0.0,2,125.0,128.0,2,131.0,115.0,0.0,0.0,0.0,0.0,424
2023-05-09 21:02:24,CF401P13800,CF401P13800,131.0,0.0,0.0,0.0,2,122.0,126.0,2,131.0,115.0,0.0,0.0,0.0,0.0,424
2023-05-09 21:02:32,CF401P13800,CF401P13800,131.0,0.0,0.0,0.0,2,122.0,125.0,2,131.0,115.0,0.0,0.0,0.0,0.0,424
2023-05-09 21:02:59,CF401P13800,CF401P13800,131.0,0.0,0.0,0.0,2,120.0,124.0,2,131.0,115.0,0.0,0.0,0.0,0.0,424
2023-05-09 21:03:09,CF401P13800,CF401P13800,131.0,0.0,0.0,0.0,2,118.0,123.0,2,131.0,115.0,0.0,0.0,0.0,0.0,424
2023-05-09 21:03:10,CF401P13800,CF401P13800,131.0,0.0,0.0,0.0,2,118.0,122.0,2,131.0,115.0,0.0,0.0,0.0,0.0,424
2023-05-09 21:03:13,CF401P13800,CF401P13800,131.0,0.0,0.0,0.0,2,118.0,121.0,2,131.0,115.0,0.0,0.0,0.0,0.0,424
2023-05-09 21:03:20,CF401P13800,CF401P13800,131.0,0.0,0.0,0.0,2,116.0,120.0,2,131.0,115.0,0.0,0.0,0.0,0.0,424
2023-05-09 21:03:22,CF401P13800,CF401P13800,131.0,0.0,0.0,0.0,2,117.0,120.0,2,131.0,115.0,0.0,0.0,0.0,0.0,424
2023-05-09 21:03:26,CF401P13800,CF401P13800,131.0,0.0,0.0,0.0,2,116.0,119.0,2,131.0,115.0,0.0,0.0,0.0,0.0,424
2023-05-09 21:03:29,CF401P13800,CF401P13800,131.0,0.0,0.0,0.0,2,114.0,119.0,2,131.0,115.0,0.0,0.0,0.0,0.0,424
2023-05-09 21:03:29,CF401P13800,CF401P13800,131.0,0.0,0.0,0.0,2,115.0,119.0,2,131.0,115.0,0.0,0.0,0.0,0.0,424
2023-05-09 21:03:30,CF401P13800,CF401P13800,131.0,0.0,0.0,0.0,2,115.0,118.0,2,131.0,115.0,0.0,0.0,0.0,0.0,424
2023-05-09 21:03:31,CF401P13800,CF401P13800,131.0,0.0,0.0,0.0,2,114.0,118.0,2,131.0,115.0,0.0,0.0,0.0,0.0,424
2023-05-09 21:03:34,CF401P13800,CF401P13800,131.0,0.0,0.0,0.0,2,114.0,117.0,2,131.0,115.0,0.0,0.0,0.0,0.0,424
2023-05-09 21:03:46,CF401P13800,CF401P13800,131.0,0.0,0.0,0.0,2,115.0,118.0,2,131.0,115.0,0.0,0.0,0.0,0.0,424
2023-05-09 21:04:01,CF401P13800,CF401P13800,131.0,0.0,0.0,0.0,2,115.0,444.0,1,131.0,115.0,0.0,0.0,0.0,0.0,424
2023-05-09 21:04:02,CF401P13800,CF401P13800,131.0,0.0,0.0,0.0,2,116.0,119.0,2,131.0,115.0,0.0,0.0,0.0,0.0,424
2023-05-09 21:05:02,CF401P13800,CF401P13800,131.0,0.0,0.0,0.0,2,117.0,121.0,2,131.0,115.0,0.0,0.0,0.0,0.0,424
2023-05-09 21:05:03,CF401P13800,CF401P13800,131.0,0.0,0.0,0.0,2,117.0,120.0,2,131.0,115.0,0.0,0.0,0.0,0.0,424
2023-05-09 21:05:09,CF401P13800,CF401P13800,131.0,0.0,0.0,0.0,2,117.0,121.0,2,131.0,115.0,0.0,0.0,0.0,0.0,424
2023-05-09 21:05:10,CF401P13800,CF401P13800,131.0,0.0,0.0,0.0,2,118.0,121.0,2,131.0,115.0,0.0,0.0,0.0,0.0,424
2023-05-09 21:05:21,CF401P13800,CF401P13800,131.0,0.0,0.0,0.0,2,118.0,121.0,12,131.0,115.0,0.0,0.0,0.0,0.0,424
2023-05-09 21:05:33,CF401P13800,CF401P13800,131.0,0.0,0.0,0.0,2,118.0,121.0,10,131.0,115.0,0.0,0.0,0.0,0.0,424
2023-05-09 21:05:34,CF401P13800,CF401P13800,131.0,0.0,0.0,0.0,2,118.0,122.0,2,131.0,115.0,0.0,0.0,0.0,0.0,424
2023-05-09 21:05:34,CF401P13800,CF401P13800,131.0,0.0,0.0,0.0,2,119.0,122.0,12,131.0,115.0,0.0,0.0,0.0,0.0,424
2023-05-09 21:05:47,CF401P13800,CF401P13800,131.0,0.0,0.0,0.0,2,119.0,122.0,2,131.0,115.0,0.0,0.0,0.0,0.0,424
2023-05-09 21:05:49,CF401P13800,CF401P13800,131.0,0.0,0.0,0.0,2,120.0,122.0,2,131.0,115.0,0.0,0.0,0.0,0.0,424
2023-05-09 21:05:50,CF401P13800,CF401P13800,131.0,0.0,0.0,0.0,2,120.0,123.0,10,131.0,115.0,0.0,0.0,0.0,0.0,424
2023-05-09 21:05:50,CF401P13800,CF401P13800,131.0,0.0,0.0,0.0,2,120.0,130.0,11,131.0,115.0,0.0,0.0,0.0,0.0,424
2023-05-09 21:05:51,CF401P13800,CF401P13800,131.0,0.0,0.0,0.0,2,120.0,123.0,2,131.0,115.0,0.0,0.0,0.0,0.0,424
2023-05-09 21:05:51,CF401P13800,CF401P13800,131.0,0.0,0.0,0.0,2,120.0,123.0,12,131.0,115.0,0.0,0.0,0.0,0.0,424
2023-05-09 21:05:56,CF401P13800,CF401P13800,131.0,0.0,0.0,0.0,2,119.0,122.0,2,131.0,115.0,0.0,0.0,0.0,0.0,424
2023-05-09 21:05:56,CF401P13800,CF401P13800,131.0,0.0,0.0,0.0,2,119.0,122.0,12,131.0,115.0,0.0,0.0,0.0,0.0,424
2023-05-09 21:06:19,CF401P13800,CF401P13800,131.0,0.0,0.0,0.0,2,119.0,122.0,2,131.0,115.0,0.0,0.0,0.0,0.0,424
2023-05-09 21:06:21,CF401P13800,CF401P13800,131.0,0.0,0.0,0.0,2,120.0,123.0,12,131.0,115.0,0.0,0.0,0.0,0.0,424
2023-05-09 21:06:30,CF401P13800,CF401P13800,131.0,0.0,0.0,0.0,2,120.0,123.0,2,131.0,115.0,0.0,0.0,0.0,0.0,424
2023-05-09 21:06:39,CF401P13800,CF401P13800,131.0,0.0,0.0,0.0,2,120.0,124.0,10,131.0,115.0,0.0,0.0,0.0,0.0,424
2023-05-09 21:06:39,CF401P13800,CF401P13800,131.0,0.0,0.0,0.0,2,120.0,130.0,11,131.0,115.0,0.0,0.0,0.0,0.0,424
2023-05-09 21:06:40,CF401P13800,CF401P13800,131.0,0.0,0.0,0.0,2,120.0,124.0,12,131.0,115.0,0.0,0.0,0.0,0.0,424
2023-05-09 21:06:40,CF401P13800,CF401P13800,131.0,0.0,0.0,0.0,2,121.0,124.0,12,131.0,115.0,0.0,0.0,0.0,0.0,424
2023-05-09 21:06:40,CF401P13800,CF401P13800,131.0,0.0,0.0,0.0,2,121.0,124.0,2,131.0,115.0,0.0,0.0,0.0,0.0,424
2023-05-09 21:06:48,CF401P13800,CF401P13800,131.0,0.0,0.0,0.0,2,122.0,125.0,10,131.0,115.0,0.0,0.0,0.0,0.0,424
2023-05-09 21:06:48,CF401P13800,CF401P13800,131.0,0.0,0.0,0.0,2,122.0,126.0,12,131.0,115.0,0.0,0.0,0.0,0.0,424
2023-05-09 21:06:53,CF401P13800,CF401P13800,131.0,0.0,0.0,0.0,2,123.0,126.0,12,131.0,115.0,0.0,0.0,0.0,0.0,424
2023-05-09 21:07:02,CF401P13800,CF401P13800,131.0,0.0,0.0,0.0,2,123.0,130.0,1,131.0,115.0,0.0,0.0,0.0,0.0,424
2023-05-09 21:07:03,CF401P13800,CF401P13800,131.0,0.0,0.0,0.0,2,124.0,130.0,1,131.0,115.0,0.0,0.0,0.0,0.0,424
2023-05-09 21:07:04,CF401P13800,CF401P13800,131.0,0.0,0.0,0.0,2,124.0,127.0,12,131.0,115.0,0.0,0.0,0.0,0.0,424
2023-05-09 21:07:10,CF401P13800,CF401P13800,131.0,0.0,0.0,0.0,2,124.0,127.0,2,131.0,115.0,0.0,0.0,0.0,0.0,424
2023-05-09 21:07:11,CF401P13800,CF401P13800,131.0,0.0,0.0,0.0,2,124.0,127.0,12,131.0,115.0,0.0,0.0,0.0,0.0,424
2023-05-09 21:07:27,CF401P13800,CF401P13800,131.0,0.0,0.0,0.0,2,124.0,127.0,2,131.0,115.0,0.0,0.0,0.0,0.0,424
2023-05-09 21:07:36,CF401P13800,CF401P13800,131.0,0.0,0.0,0.0,2,124.0,127.0,12,131.0,115.0,0.0,0.0,0.0,0.0,424
2023-05-09 21:07:37,CF401P13800,CF401P13800,131.0,0.0,0.0,0.0,2,123.0,126.0,12,131.0,115.0,0.0,0.0,0.0,0.0,424
2023-05-09 21:08:03,CF401P13800,CF401P13800,131.0,0.0,0.0,0.0,2,121.0,125.0,2,131.0,115.0,0.0,0.0,0.0,0.0,424
2023-05-09 21:08:04,CF401P13800,CF401P13800,131.0,0.0,0.0,0.0,2,122.0,125.0,2,131.0,115.0,0.0,0.0,0.0,0.0,424
2023-05-09 21:08:30,CF401P13800,CF401P13800,131.0,0.0,0.0,0.0,2,123.0,126.0,2,131.0,115.0,0.0,0.0,0.0,0.0,424
2023-05-09 21:08:34,CF401P13800,CF401P13800,131.0,0.0,0.0,0.0,2,124.0,128.0,12,131.0,115.0,0.0,0.0,0.0,0.0,424
2023-05-09 21:08:35,CF401P13800,CF401P13800,131.0,0.0,0.0,0.0,2,124.0,127.0,12,131.0,115.0,0.0,0.0,0.0,0.0,424
2023-05-09 21:08:50,CF401P13800,CF401P13800,131.0,0.0,0.0,0.0,2,124.0,127.0,2,131.0,115.0,0.0,0.0,0.0,0.0,424
2023-05-09 21:08:53,CF401P13800,CF401P13800,131.0,0.0,0.0,0.0,2,124.0,127.0,12,131.0,115.0,0.0,0.0,0.0,0.0,424
2023-05-09 21:08:54,CF401P13800,CF401P13800,131.0,0.0,0.0,0.0,2,124.0,127.0,2,131.0,115.0,0.0,0.0,0.0,0.0,424
2023-05-09 21:08:55,CF401P13800,CF401P13800,131.0,0.0,0.0,0.0,2,124.0,127.0,12,131.0,115.0,0.0,0.0,0.0,0.0,424
2023-05-09 21:08:57,CF401P13800,CF401P13800,131.0,0.0,0.0,0.0,2,124.0,127.0,2,131.0,115.0,0.0,0.0,0.0,0.0,424
2023-05-09 21:09:05,CF401P13800,CF401P13800,131.0,0.0,0.0,0.0,2,124.0,127.0,12,131.0,115.0,0.0,0.0,0.0,0.0,424
2023-05-09 21:09:10,CF401P13800,CF401P13800,131.0,0.0,0.0,0.0,2,125.0,127.0,10,131.0,115.0,0.0,0.0,0.0,0.0,424
2023-05-09 21:09:11,CF401P13800,CF401P13800,131.0,0.0,0.0,0.0,2,125.0,128.0,12,131.0,115.0,0.0,0.0,0.0,0.0,424
2023-05-09 21:10:26,CF401P13800,CF401P13800,131.0,0.0,0.0,0.0,2,125.0,128.0,2,131.0,115.0,0.0,0.0,0.0,0.0,424
2023-05-09 21:11:02,CF401P13800,CF401P13800,131.0,0.0,0.0,0.0,2,125.0,128.0,12,131.0,115.0,0.0,0.0,0.0,0.0,424
2023-05-09 21:11:23,CF401P13800,CF401P13800,131.0,0.0,0.0,0.0,2,125.0,127.0,2,131.0,115.0,0.0,0.0,0.0,0.0,424
2023-05-09 21:11:23,CF401P13800,CF401P13800,131.0,0.0,0.0,0.0,2,125.0,127.0,12,131.0,115.0,0.0,0.0,0.0,0.0,424
2023-05-09 21:11:27,CF401P13800,CF401P13800,131.0,0.0,0.0,0.0,2,125.0,128.0,12,131.0,115.0,0.0,0.0,0.0,0.0,424
2023-05-09 21:13:01,CF401P13800,CF401P13800,131.0,0.0,0.0,0.0,2,126.0,128.0,10,131.0,115.0,0.0,0.0,0.0,0.0,424
2023-05-09 21:13:01,CF401P13800,CF401P13800,131.0,0.0,0.0,0.0,2,126.0,130.0,13,131.0,115.0,0.0,0.0,0.0,0.0,424
2023-05-09 21:13:05,CF401P13800,CF401P13800,131.0,0.0,0.0,0.0,2,126.0,130.0,12,131.0,115.0,0.0,0.0,0.0,0.0,424
2023-05-09 21:13:24,CF401P13800,CF401P13800,131.0,0.0,0.0,0.0,2,126.0,129.0,2,131.0,115.0,0.0,0.0,0.0,0.0,424
2023-05-09 21:13:24,CF401P13800,CF401P13800,131.0,0.0,0.0,0.0,2,126.0,129.0,12,131.0,115.0,0.0,0.0,0.0,0.0,424
2023-05-09 21:13:26,CF401P13800,CF401P13800,131.0,0.0,0.0,0.0,2,126.0,129.0,2,131.0,115.0,0.0,0.0,0.0,0.0,424
2023-05-09 21:13:27,CF401P13800,CF401P13800,131.0,0.0,0.0,0.0,2,126.0,129.0,12,131.0,115.0,0.0,0.0,0.0,0.0,424
2023-05-09 21:13:32,CF401P13800,CF401P13800,131.0,0.0,0.0,0.0,2,126.0,129.0,2,131.0,115.0,0.0,0.0,0.0,0.0,424
2023-05-09 21:13:37,CF401P13800,CF401P13800,131.0,0.0,0.0,0.0,2,126.0,129.0,12,131.0,115.0,0.0,0.0,0.0,0.0,424
2023-05-09 21:13:41,CF401P13800,CF401P13800,131.0,0.0,0.0,0.0,2,126.0,129.0,2,131.0,115.0,0.0,0.0,0.0,0.0,424
2023-05-09 21:14:16,CF401P13800,CF401P13800,131.0,0.0,0.0,0.0,2,126.0,129.0,12,131.0,115.0,0.0,0.0,0.0,0.0,424
2023-05-09 21:14:18,CF401P13800,CF401P13800,131.0,0.0,0.0,0.0,2,126.0,129.0,2,131.0,115.0,0.0,0.0,0.0,0.0,424
2023-05-09 21:14:28,CF401P13800,CF401P13800,131.0,0.0,0.0,0.0,2,126.0,129.0,12,131.0,115.0,0.0,0.0,0.0,0.0,424
2023-05-09 21:14:37,CF401P13800,CF401P13800,131.0,0.0,0.0,0.0,2,126.0,129.0,2,131.0,115.0,0.0,0.0,0.0,0.0,424
2023-05-09 21:14:38,CF401P13800,CF401P13800,131.0,0.0,0.0,0.0,2,127.0,130.0,12,131.0,115.0,0.0,0.0,0.0,0.0,424
2023-05-09 21:14:48,CF401P13800,CF401P13800,131.0,0.0,0.0,0.0,2,127.0,130.0,2,131.0,115.0,0.0,0.0,0.0,0.0,424
2023-05-09 21:14:50,CF401P13800,CF401P13800,131.0,0.0,0.0,0.0,2,127.0,130.0,12,131.0,115.0,0.0,0.0,0.0,0.0,424
2023-05-09 21:15:04,CF401P13800,CF401P13800,131.0,0.0,0.0,0.0,2,126.0,129.0,2,131.0,115.0,0.0,0.0,0.0,0.0,424
2023-05-09 21:15:22,CF401P13800,CF401P13800,131.0,0.0,0.0,0.0,2,127.0,130.0,12,131.0,115.0,0.0,0.0,0.0,0.0,424
2023-05-09 21:15:22,CF401P13800,CF401P13800,131.0,0.0,0.0,0.0,2,127.0,130.0,2,131.0,115.0,0.0,0.0,0.0,0.0,424
2023-05-09 21:15:26,CF401P13800,CF401P13800,131.0,0.0,0.0,0.0,2,127.0,130.0,12,131.0,115.0,0.0,0.0,0.0,0.0,424
2023-05-09 21:15:28,CF401P13800,CF401P13800,131.0,0.0,0.0,0.0,2,127.0,130.0,2,131.0,115.0,0.0,0.0,0.0,0.0,424
2023-05-09 21:15:28,CF401P13800,CF401P13800,131.0,0.0,0.0,0.0,2,127.0,130.0,12,131.0,115.0,0.0,0.0,0.0,0.0,424
2023-05-09 21:15:29,CF401P13800,CF401P13800,131.0,0.0,0.0,0.0,2,127.0,130.0,2,131.0,115.0,0.0,0.0,0.0,0.0,424
2023-05-09 21:15:31,CF401P13800,CF401P13800,131.0,0.0,0.0,0.0,2,127.0,130.0,12,131.0,115.0,0.0,0.0,0.0,0.0,424
2023-05-09 21:15:31,CF401P13800,CF401P13800,131.0,0.0,0.0,0.0,2,127.0,130.0,2,131.0,115.0,0.0,0.0,0.0,0.0,424
2023-05-09 21:15:48,CF401P13800,CF401P13800,131.0,0.0,0.0,0.0,2,128.0,131.0,10,131.0,115.0,0.0,0.0,0.0,0.0,424
2023-05-09 21:15:49,CF401P13800,CF401P13800,131.0,0.0,0.0,0.0,2,128.0,132.0,12,131.0,115.0,0.0,0.0,0.0,0.0,424
2023-05-09 21:15:57,CF401P13800,CF401P13800,131.0,0.0,0.0,0.0,2,128.0,131.0,2,131.0,115.0,0.0,0.0,0.0,0.0,424
2023-05-09 21:15:57,CF401P13800,CF401P13800,131.0,0.0,0.0,0.0,2,128.0,131.0,12,131.0,115.0,0.0,0.0,0.0,0.0,424
2023-05-09 21:16:02,CF401P13800,CF401P13800,131.0,0.0,0.0,0.0,2,128.0,131.0,2,131.0,115.0,0.0,0.0,0.0,0.0,424
2023-05-09 21:16:14,CF401P13800,CF401P13800,131.0,0.0,0.0,0.0,2,128.0,131.0,12,131.0,115.0,0.0,0.0,0.0,0.0,424
2023-05-09 21:16:27,CF401P13800,CF401P13800,131.0,0.0,0.0,0.0,2,128.0,131.0,2,131.0,115.0,0.0,0.0,0.0,0.0,424
2023-05-09 21:16:30,CF401P13800,CF401P13800,131.0,0.0,0.0,0.0,2,128.0,131.0,12,131.0,115.0,0.0,0.0,0.0,0.0,424
2023-05-09 21:16:36,CF401P13800,CF401P13800,131.0,0.0,0.0,0.0,1,120.0,130.0,2,131.0,115.0,0.0,0.0,0.0,0.0,424
2023-05-09 21:16:36,CF401P13800,CF401P13800,131.0,0.0,0.0,0.0,2,125.0,128.0,2,131.0,115.0,0.0,0.0,0.0,0.0,424
2023-05-09 21:16:42,CF401P13800,CF401P13800,131.0,0.0,0.0,0.0,2,125.0,128.0,4,131.0,115.0,0.0,0.0,0.0,0.0,424
2023-05-09 21:16:45,CF401P13800,CF401P13800,131.0,0.0,0.0,0.0,2,125.0,128.0,14,131.0,115.0,0.0,0.0,0.0,0.0,424
2023-05-09 21:17:02,CF401P13800,CF401P13800,131.0,0.0,0.0,0.0,2,125.0,128.0,4,131.0,115.0,0.0,0.0,0.0,0.0,424
2023-05-09 21:17:03,CF401P13800,CF401P13800,131.0,0.0,0.0,0.0,2,126.0,128.0,2,131.0,115.0,0.0,0.0,0.0,0.0,424
2023-05-09 21:17:08,CF401P13800,CF401P13800,131.0,0.0,0.0,0.0,2,126.0,128.0,12,131.0,115.0,0.0,0.0,0.0,0.0,424
2023-05-09 21:17:14,CF401P13800,CF401P13800,131.0,0.0,0.0,0.0,2,126.0,128.0,2,131.0,115.0,0.0,0.0,0.0,0.0,424
2023-05-09 21:17:21,CF401P13800,CF401P13800,131.0,0.0,0.0,0.0,2,125.0,128.0,4,131.0,115.0,0.0,0.0,0.0,0.0,424
2023-05-09 21:17:47,CF401P13800,CF401P13800,131.0,0.0,0.0,0.0,2,125.0,128.0,14,131.0,115.0,0.0,0.0,0.0,0.0,424
2023-05-09 21:17:54,CF401P13800,CF401P13800,131.0,0.0,0.0,0.0,2,125.0,128.0,4,131.0,115.0,0.0,0.0,0.0,0.0,424
2023-05-09 21:17:56,CF401P13800,CF401P13800,131.0,0.0,0.0,0.0,2,125.0,128.0,14,131.0,115.0,0.0,0.0,0.0,0.0,424
2023-05-09 21:18:00,CF401P13800,CF401P13800,131.0,0.0,0.0,0.0,12,123.0,127.0,2,131.0,115.0,0.0,0.0,0.0,0.0,424
2023-05-09 21:18:14,CF401P13800,CF401P13800,131.0,0.0,0.0,0.0,12,123.0,126.0,2,131.0,115.0,0.0,0.0,0.0,0.0,424
2023-05-09 21:18:20,CF401P13800,CF401P13800,131.0,0.0,0.0,0.0,2,123.0,126.0,2,131.0,115.0,0.0,0.0,0.0,0.0,424
2023-05-09 21:18:35,CF401P13800,CF401P13800,131.0,0.0,0.0,0.0,2,123.0,126.0,4,131.0,115.0,0.0,0.0,0.0,0.0,424
2023-05-09 21:18:46,CF401P13800,CF401P13800,131.0,0.0,0.0,0.0,2,123.0,126.0,14,131.0,115.0,0.0,0.0,0.0,0.0,424
2023-05-09 21:18:47,CF401P13800,CF401P13800,131.0,0.0,0.0,0.0,2,123.0,126.0,4,131.0,115.0,0.0,0.0,0.0,0.0,424
2023-05-09 21:18:49,CF401P13800,CF401P13800,131.0,0.0,0.0,0.0,2,123.0,126.0,14,131.0,115.0,0.0,0.0,0.0,0.0,424
2023-05-09 21:18:59,CF401P13800,CF401P13800,131.0,0.0,0.0,0.0,2,123.0,126.0,4,131.0,115.0,0.0,0.0,0.0,0.0,424
2023-05-09 21:19:00,CF401P13800,CF401P13800,131.0,0.0,0.0,0.0,2,123.0,126.0,14,131.0,115.0,0.0,0.0,0.0,0.0,424
2023-05-09 21:19:03,CF401P13800,CF401P13800,131.0,0.0,0.0,0.0,2,123.0,126.0,4,131.0,115.0,0.0,0.0,0.0,0.0,424
2023-05-09 21:19:04,CF401P13800,CF401P13800,131.0,0.0,0.0,0.0,2,123.0,126.0,14,131.0,115.0,0.0,0.0,0.0,0.0,424
2023-05-09 21:19:29,CF401P13800,CF401P13800,131.0,0.0,0.0,0.0,2,123.0,126.0,4,131.0,115.0,0.0,0.0,0.0,0.0,424
2023-05-09 21:19:33,CF401P13800,CF401P13800,131.0,0.0,0.0,0.0,2,123.0,126.0,14,131.0,115.0,0.0,0.0,0.0,0.0,424
2023-05-09 21:19:55,CF401P13800,CF401P13800,131.0,0.0,0.0,0.0,2,123.0,125.0,12,131.0,115.0,0.0,0.0,0.0,0.0,424
2023-05-09 21:19:57,CF401P13800,CF401P13800,131.0,0.0,0.0,0.0,2,123.0,125.0,2,131.0,115.0,0.0,0.0,0.0,0.0,424
2023-05-09 21:19:57,CF401P13800,CF401P13800,131.0,0.0,0.0,0.0,2,123.0,125.0,12,131.0,115.0,0.0,0.0,0.0,0.0,424
2023-05-09 21:20:01,CF401P13800,CF401P13800,131.0,0.0,0.0,0.0,2,123.0,125.0,2,131.0,115.0,0.0,0.0,0.0,0.0,424
2023-05-09 21:20:02,CF401P13800,CF401P13800,131.0,0.0,0.0,0.0,2,123.0,125.0,12,131.0,115.0,0.0,0.0,0.0,0.0,424
2023-05-09 21:20:05,CF401P13800,CF401P13800,131.0,0.0,0.0,0.0,2,121.0,125.0,14,131.0,115.0,0.0,0.0,0.0,0.0,424
2023-05-09 21:20:06,CF401P13800,CF401P13800,131.0,0.0,0.0,0.0,2,121.0,125.0,4,131.0,115.0,0.0,0.0,0.0,0.0,424
2023-05-09 21:20:06,CF401P13800,CF401P13800,131.0,0.0,0.0,0.0,2,121.0,125.0,14,131.0,115.0,0.0,0.0,0.0,0.0,424
2023-05-09 21:20:07,CF401P13800,CF401P13800,131.0,0.0,0.0,0.0,2,121.0,124.0,2,131.0,115.0,0.0,0.0,0.0,0.0,424
2023-05-09 21:20:07,CF401P13800,CF401P13800,131.0,0.0,0.0,0.0,2,121.0,124.0,12,131.0,115.0,0.0,0.0,0.0,0.0,424
2023-05-09 21:20:31,CF401P13800,CF401P13800,131.0,0.0,0.0,0.0,1,120.0,123.0,12,131.0,115.0,0.0,0.0,0.0,0.0,424
2023-05-09 21:20:32,CF401P13800,CF401P13800,131.0,0.0,0.0,0.0,2,119.0,123.0,12,131.0,115.0,0.0,0.0,0.0,0.0,424
2023-05-09 21:20:35,CF401P13800,CF401P13800,131.0,0.0,0.0,0.0,2,120.0,123.0,12,131.0,115.0,0.0,0.0,0.0,0.0,424
2023-05-09 21:21:05,CF401P13800,CF401P13800,131.0,0.0,0.0,0.0,2,121.0,123.0,10,131.0,115.0,0.0,0.0,0.0,0.0,424
2023-05-09 21:21:05,CF401P13800,CF401P13800,131.0,0.0,0.0,0.0,2,121.0,124.0,2,131.0,115.0,0.0,0.0,0.0,0.0,424
2023-05-09 21:21:06,CF401P13800,CF401P13800,131.0,0.0,0.0,0.0,2,121.0,124.0,12,131.0,115.0,0.0,0.0,0.0,0.0,424
2023-05-09 21:21:19,CF401P13800,CF401P13800,131.0,0.0,0.0,0.0,2,121.0,123.0,12,131.0,115.0,0.0,0.0,0.0,0.0,424
2023-05-09 21:21:22,CF401P13800,CF401P13800,131.0,0.0,0.0,0.0,2,121.0,123.0,22,131.0,115.0,0.0,0.0,0.0,0.0,424
2023-05-09 21:21:22,CF401P13800,CF401P13800,131.0,0.0,0.0,0.0,2,121.0,122.0,10,131.0,115.0,0.0,0.0,0.0,0.0,424
2023-05-09 21:21:22,CF401P13800,CF401P13800,131.0,0.0,0.0,0.0,2,121.0,122.0,20,131.0,115.0,0.0,0.0,0.0,0.0,424
2023-05-09 21:21:23,CF401P13800,CF401P13800,131.0,0.0,0.0,0.0,2,121.0,122.0,10,131.0,115.0,0.0,0.0,0.0,0.0,424
2023-05-09 21:21:23,CF401P13800,CF401P13800,131.0,0.0,0.0,0.0,2,121.0,123.0,12,131.0,115.0,0.0,0.0,0.0,0.0,424
2023-05-09 21:21:26,CF401P13800,CF401P13800,131.0,0.0,0.0,0.0,2,120.0,123.0,12,131.0,115.0,0.0,0.0,0.0,0.0,424
2023-05-09 21:21:33,CF401P13800,CF401P13800,131.0,0.0,0.0,0.0,1,111.0,123.0,2,131.0,115.0,0.0,0.0,0.0,0.0,424
2023-05-09 21:21:34,CF401P13800,CF401P13800,131.0,0.0,0.0,0.0,2,118.0,123.0,2,131.0,115.0,0.0,0.0,0.0,0.0,424
2023-05-09 21:21:35,CF401P13800,CF401P13800,131.0,0.0,0.0,0.0,2,118.0,123.0,12,131.0,115.0,0.0,0.0,0.0,0.0,424
2023-05-09 21:21:35,CF401P13800,CF401P13800,131.0,0.0,0.0,0.0,2,118.0,122.0,2,131.0,115.0,0.0,0.0,0.0,0.0,424
2023-05-09 21:21:36,CF401P13800,CF401P13800,131.0,0.0,0.0,0.0,2,118.0,122.0,12,131.0,115.0,0.0,0.0,0.0,0.0,424
2023-05-09 21:21:42,CF401P13800,CF401P13800,131.0,0.0,0.0,0.0,2,119.0,122.0,12,131.0,115.0,0.0,0.0,0.0,0.0,424
2023-05-09 21:22:28,CF401P13800,CF401P13800,131.0,0.0,0.0,0.0,2,120.0,123.0,12,131.0,115.0,0.0,0.0,0.0,0.0,424
2023-05-09 21:22:52,CF401P13800,CF401P13800,131.0,0.0,0.0,0.0,2,120.0,123.0,2,131.0,115.0,0.0,0.0,0.0,0.0,424
2023-05-09 21:22:59,CF401P13800,CF401P13800,131.0,0.0,0.0,0.0,2,119.0,122.0,2,131.0,115.0,0.0,0.0,0.0,0.0,424
2023-05-09 21:23:00,CF401P13800,CF401P13800,131.0,0.0,0.0,0.0,2,119.0,122.0,12,131.0,115.0,0.0,0.0,0.0,0.0,424
2023-05-09 21:23:02,CF401P13800,CF401P13800,131.0,0.0,0.0,0.0,2,120.0,123.0,2,131.0,115.0,0.0,0.0,0.0,0.0,424
2023-05-09 21:23:02,CF401P13800,CF401P13800,131.0,0.0,0.0,0.0,2,120.0,123.0,12,131.0,115.0,0.0,0.0,0.0,0.0,424
2023-05-09 21:23:03,CF401P13800,CF401P13800,131.0,0.0,0.0,0.0,2,120.0,132.0,1,131.0,115.0,0.0,0.0,0.0,0.0,424
2023-05-09 21:23:04,CF401P13800,CF401P13800,131.0,0.0,0.0,0.0,2,120.0,132.0,11,131.0,115.0,0.0,0.0,0.0,0.0,424
2023-05-09 21:23:05,CF401P13800,CF401P13800,131.0,0.0,0.0,0.0,2,121.0,125.0,2,131.0,115.0,0.0,0.0,0.0,0.0,424
2023-05-09 21:23:05,CF401P13800,CF401P13800,131.0,0.0,0.0,0.0,2,121.0,125.0,12,131.0,115.0,0.0,0.0,0.0,0.0,424
2023-05-09 21:23:05,CF401P13800,CF401P13800,131.0,0.0,0.0,0.0,2,121.0,124.0,2,131.0,115.0,0.0,0.0,0.0,0.0,424
2023-05-09 21:23:06,CF401P13800,CF401P13800,131.0,0.0,0.0,0.0,2,121.0,124.0,12,131.0,115.0,0.0,0.0,0.0,0.0,424
2023-05-09 21:24:17,CF401P13800,CF401P13800,131.0,0.0,0.0,0.0,2,121.0,124.0,2,131.0,115.0,0.0,0.0,0.0,0.0,424
2023-05-09 21:24:18,CF401P13800,CF401P13800,131.0,0.0,0.0,0.0,2,122.0,125.0,12,131.0,115.0,0.0,0.0,0.0,0.0,424
2023-05-09 21:24:44,CF401P13800,CF401P13800,131.0,0.0,0.0,0.0,2,122.0,125.0,2,131.0,115.0,0.0,0.0,0.0,0.0,424
2023-05-09 21:24:50,CF401P13800,CF401P13800,131.0,0.0,0.0,0.0,2,123.0,127.0,2,131.0,115.0,0.0,0.0,0.0,0.0,424
2023-05-09 21:24:51,CF401P13800,CF401P13800,131.0,0.0,0.0,0.0,2,123.0,126.0,2,131.0,115.0,0.0,0.0,0.0,0.0,424
2023-05-09 21:25:07,CF401P13800,CF401P13800,131.0,0.0,0.0,0.0,2,123.0,127.0,12,131.0,115.0,0.0,0.0,0.0,0.0,424
2023-05-09 21:25:08,CF401P13800,CF401P13800,131.0,0.0,0.0,0.0,2,123.0,127.0,2,131.0,115.0,0.0,0.0,0.0,0.0,424
2023-05-09 21:25:09,CF401P13800,CF401P13800,131.0,0.0,0.0,0.0,2,124.0,127.0,2,131.0,115.0,0.0,0.0,0.0,0.0,424
2023-05-09 21:26:34,CF401P13800,CF401P13800,131.0,0.0,0.0,0.0,2,124.0,127.0,12,131.0,115.0,0.0,0.0,0.0,0.0,424
2023-05-09 21:27:32,CF401P13800,CF401P13800,131.0,0.0,0.0,0.0,2,123.0,126.0,2,131.0,115.0,0.0,0.0,0.0,0.0,424
2023-05-09 21:28:47,CF401P13800,CF401P13800,131.0,0.0,0.0,0.0,2,123.0,126.0,12,131.0,115.0,0.0,0.0,0.0,0.0,424
2023-05-09 21:28:59,CF401P13800,CF401P13800,131.0,0.0,0.0,0.0,2,123.0,126.0,2,131.0,115.0,0.0,0.0,0.0,0.0,424
2023-05-09 21:28:59,CF401P13800,CF401P13800,131.0,0.0,0.0,0.0,2,121.0,125.0,2,131.0,115.0,0.0,0.0,0.0,0.0,424
2023-05-09 21:29:01,CF401P13800,CF401P13800,131.0,0.0,0.0,0.0,2,122.0,125.0,2,131.0,115.0,0.0,0.0,0.0,0.0,424
2023-05-09 21:29:17,CF401P13800,CF401P13800,131.0,0.0,0.0,0.0,2,122.0,125.0,12,131.0,115.0,0.0,0.0,0.0,0.0,424
2023-05-09 21:30:03,CF401P13800,CF401P13800,131.0,0.0,0.0,0.0,2,123.0,125.0,10,131.0,115.0,0.0,0.0,0.0,0.0,424
2023-05-09 21:30:03,CF401P13800,CF401P13800,131.0,0.0,0.0,0.0,2,123.0,126.0,2,131.0,115.0,0.0,0.0,0.0,0.0,424
2023-05-09 21:30:04,CF401P13800,CF401P13800,131.0,0.0,0.0,0.0,2,123.0,126.0,12,131.0,115.0,0.0,0.0,0.0,0.0,424
2023-05-09 21:30:17,CF401P13800,CF401P13800,131.0,0.0,0.0,0.0,2,124.0,126.0,10,131.0,115.0,0.0,0.0,0.0,0.0,424
2023-05-09 21:30:18,CF401P13800,CF401P13800,131.0,0.0,0.0,0.0,2,124.0,130.0,10,131.0,115.0,0.0,0.0,0.0,0.0,424
2023-05-09 21:30:18,CF401P13800,CF401P13800,131.0,0.0,0.0,0.0,2,124.0,128.0,2,131.0,115.0,0.0,0.0,0.0,0.0,424
2023-05-09 21:30:21,CF401P13800,CF401P13800,131.0,0.0,0.0,0.0,2,124.0,127.0,2,131.0,115.0,0.0,0.0,0.0,0.0,424
2023-05-09 21:30:25,CF401P13800,CF401P13800,131.0,0.0,0.0,0.0,2,123.0,126.0,2,131.0,115.0,0.0,0.0,0.0,0.0,424
2023-05-09 21:30:25,CF401P13800,CF401P13800,131.0,0.0,0.0,0.0,2,123.0,126.0,12,131.0,115.0,0.0,0.0,0.0,0.0,424
2023-05-09 21:30:49,CF401P13800,CF401P13800,131.0,0.0,0.0,0.0,2,123.0,125.0,2,131.0,115.0,0.0,0.0,0.0,0.0,424
2023-05-09 21:30:50,CF401P13800,CF401P13800,131.0,0.0,0.0,0.0,2,121.0,125.0,12,131.0,115.0,0.0,0.0,0.0,0.0,424
2023-05-09 21:30:54,CF401P13800,CF401P13800,131.0,0.0,0.0,0.0,2,122.0,125.0,12,131.0,115.0,0.0,0.0,0.0,0.0,424
2023-05-09 21:32:09,CF401P13800,CF401P13800,131.0,0.0,0.0,0.0,2,122.0,125.0,2,131.0,115.0,0.0,0.0,0.0,0.0,424
2023-05-09 21:32:09,CF401P13800,CF401P13800,131.0,0.0,0.0,0.0,2,122.0,125.0,12,131.0,115.0,0.0,0.0,0.0,0.0,424
2023-05-09 21:32:50,CF401P13800,CF401P13800,131.0,0.0,0.0,0.0,2,121.0,124.0,12,131.0,115.0,0.0,0.0,0.0,0.0,424
2023-05-09 21:35:21,CF401P13800,CF401P13800,131.0,0.0,0.0,0.0,11,111.0,123.0,12,131.0,115.0,0.0,0.0,0.0,0.0,424
2023-05-09 21:35:22,CF401P13800,CF401P13800,131.0,0.0,0.0,0.0,2,119.0,123.0,12,131.0,115.0,0.0,0.0,0.0,0.0,424
2023-05-09 21:35:25,CF401P13800,CF401P13800,131.0,0.0,0.0,0.0,2,120.0,123.0,12,131.0,115.0,0.0,0.0,0.0,0.0,424
2023-05-09 21:35:34,CF401P13800,CF401P13800,131.0,0.0,0.0,0.0,2,120.0,123.0,2,131.0,115.0,0.0,0.0,0.0,0.0,424
2023-05-09 21:35:37,CF401P13800,CF401P13800,131.0,0.0,0.0,0.0,2,120.0,123.0,12,131.0,115.0,0.0,0.0,0.0,0.0,424
2023-05-09 21:35:43,CF401P13800,CF401P13800,131.0,0.0,0.0,0.0,2,121.0,124.0,10,131.0,115.0,0.0,0.0,0.0,0.0,424
2023-05-09 21:35:43,CF401P13800,CF401P13800,131.0,0.0,0.0,0.0,2,121.0,127.0,11,131.0,115.0,0.0,0.0,0.0,0.0,424
2023-05-09 21:35:44,CF401P13800,CF401P13800,131.0,0.0,0.0,0.0,2,122.0,126.0,2,131.0,115.0,0.0,0.0,0.0,0.0,424
2023-05-09 21:35:44,CF401P13800,CF401P13800,131.0,0.0,0.0,0.0,2,122.0,126.0,12,131.0,115.0,0.0,0.0,0.0,0.0,424
2023-05-09 21:35:46,CF401P13800,CF401P13800,131.0,0.0,0.0,0.0,2,122.0,125.0,12,131.0,115.0,0.0,0.0,0.0,0.0,424
2023-05-09 21:36:16,CF401P13800,CF401P13800,131.0,0.0,0.0,0.0,2,123.0,125.0,10,131.0,115.0,0.0,0.0,0.0,0.0,424
2023-05-09 21:36:17,CF401P13800,CF401P13800,131.0,0.0,0.0,0.0,2,123.0,126.0,12,131.0,115.0,0.0,0.0,0.0,0.0,424
2023-05-09 21:36:57,CF401P13800,CF401P13800,131.0,0.0,0.0,0.0,2,122.0,125.0,12,131.0,115.0,0.0,0.0,0.0,0.0,424
2023-05-09 21:38:06,CF401P13800,CF401P13800,131.0,0.0,0.0,0.0,2,122.0,125.0,2,131.0,115.0,0.0,0.0,0.0,0.0,424
2023-05-09 21:38:55,CF401P13800,CF401P13800,131.0,0.0,0.0,0.0,2,122.0,125.0,12,131.0,115.0,0.0,0.0,0.0,0.0,424
2023-05-09 21:38:57,CF401P13800,CF401P13800,131.0,0.0,0.0,0.0,2,122.0,125.0,2,131.0,115.0,0.0,0.0,0.0,0.0,424
2023-05-09 21:39:35,CF401P13800,CF401P13800,131.0,0.0,0.0,0.0,2,123.0,126.0,12,131.0,115.0,0.0,0.0,0.0,0.0,424
2023-05-09 21:40:02,CF401P13800,CF401P13800,131.0,0.0,0.0,0.0,2,123.0,126.0,2,131.0,115.0,0.0,0.0,0.0,0.0,424
2023-05-09 21:40:03,CF401P13800,CF401P13800,131.0,0.0,0.0,0.0,2,123.0,126.0,12,131.0,115.0,0.0,0.0,0.0,0.0,424
2023-05-09 21:40:49,CF401P13800,CF401P13800,131.0,0.0,0.0,0.0,2,124.0,127.0,10,131.0,115.0,0.0,0.0,0.0,0.0,424
2023-05-09 21:40:49,CF401P13800,CF401P13800,131.0,0.0,0.0,0.0,2,124.0,128.0,12,131.0,115.0,0.0,0.0,0.0,0.0,424
2023-05-09 21:40:52,CF401P13800,CF401P13800,131.0,0.0,0.0,0.0,2,124.0,127.0,2,131.0,115.0,0.0,0.0,0.0,0.0,424
2023-05-09 21:40:52,CF401P13800,CF401P13800,131.0,0.0,0.0,0.0,2,124.0,127.0,12,131.0,115.0,0.0,0.0,0.0,0.0,424
2023-05-09 21:41:26,CF401P13800,CF401P13800,131.0,0.0,0.0,0.0,2,124.0,127.0,2,131.0,115.0,0.0,0.0,0.0,0.0,424
2023-05-09 21:41:53,CF401P13800,CF401P13800,131.0,0.0,0.0,0.0,2,124.0,127.0,12,131.0,115.0,0.0,0.0,0.0,0.0,424
2023-05-09 21:42:21,CF401P13800,CF401P13800,131.0,0.0,0.0,0.0,2,124.0,127.0,2,131.0,115.0,0.0,0.0,0.0,0.0,424
2023-05-09 21:42:33,CF401P13800,CF401P13800,131.0,0.0,0.0,0.0,2,124.0,127.0,12,131.0,115.0,0.0,0.0,0.0,0.0,424
2023-05-09 21:42:43,CF401P13800,CF401P13800,131.0,0.0,0.0,0.0,2,123.0,126.0,12,131.0,115.0,0.0,0.0,0.0,0.0,424
2023-05-09 21:43:04,CF401P13800,CF401P13800,131.0,0.0,0.0,0.0,1,111.0,126.0,2,131.0,115.0,0.0,0.0,0.0,0.0,424
2023-05-09 21:43:05,CF401P13800,CF401P13800,131.0,0.0,0.0,0.0,2,122.0,126.0,12,131.0,115.0,0.0,0.0,0.0,0.0,424
2023-05-09 21:43:08,CF401P13800,CF401P13800,131.0,0.0,0.0,0.0,2,122.0,125.0,12,131.0,115.0,0.0,0.0,0.0,0.0,424
2023-05-09 21:43:25,CF401P13800,CF401P13800,131.0,0.0,0.0,0.0,2,122.0,125.0,2,131.0,115.0,0.0,0.0,0.0,0.0,424
2023-05-09 21:43:28,CF401P13800,CF401P13800,131.0,0.0,0.0,0.0,2,122.0,125.0,12,131.0,115.0,0.0,0.0,0.0,0.0,424
2023-05-09 21:43:28,CF401P13800,CF401P13800,131.0,0.0,0.0,0.0,2,122.0,125.0,2,131.0,115.0,0.0,0.0,0.0,0.0,424
2023-05-09 21:43:37,CF401P13800,CF401P13800,131.0,0.0,0.0,0.0,2,122.0,125.0,12,131.0,115.0,0.0,0.0,0.0,0.0,424
2023-05-09 21:43:56,CF401P13800,CF401P13800,131.0,0.0,0.0,0.0,2,122.0,125.0,2,131.0,115.0,0.0,0.0,0.0,0.0,424
2023-05-09 21:43:56,CF401P13800,CF401P13800,131.0,0.0,0.0,0.0,2,122.0,125.0,12,131.0,115.0,0.0,0.0,0.0,0.0,424
2023-05-09 21:44:37,CF401P13800,CF401P13800,131.0,0.0,0.0,0.0,2,122.0,125.0,2,131.0,115.0,0.0,0.0,0.0,0.0,424
2023-05-09 21:44:51,CF401P13800,CF401P13800,131.0,0.0,0.0,0.0,2,122.0,125.0,12,131.0,115.0,0.0,0.0,0.0,0.0,424
2023-05-09 21:45:39,CF401P13800,CF401P13800,131.0,0.0,0.0,0.0,2,120.0,124.0,2,131.0,115.0,0.0,0.0,0.0,0.0,424
2023-05-09 21:45:39,CF401P13800,CF401P13800,131.0,0.0,0.0,0.0,2,120.0,124.0,12,131.0,115.0,0.0,0.0,0.0,0.0,424
2023-05-09 21:45:40,CF401P13800,CF401P13800,131.0,0.0,0.0,0.0,2,120.0,124.0,2,131.0,115.0,0.0,0.0,0.0,0.0,424
2023-05-09 21:45:45,CF401P13800,CF401P13800,131.0,0.0,0.0,0.0,2,121.0,124.0,2,131.0,115.0,0.0,0.0,0.0,0.0,424
2023-05-09 21:45:46,CF401P13800,CF401P13800,131.0,0.0,0.0,0.0,2,121.0,124.0,12,131.0,115.0,0.0,0.0,0.0,0.0,424
2023-05-09 21:46:02,CF401P13800,CF401P13800,131.0,0.0,0.0,0.0,2,121.0,124.0,2,131.0,115.0,0.0,0.0,0.0,0.0,424
2023-05-09 21:46:18,CF401P13800,CF401P13800,131.0,0.0,0.0,0.0,2,121.0,124.0,12,131.0,115.0,0.0,0.0,0.0,0.0,424
2023-05-09 21:46:21,CF401P13800,CF401P13800,131.0,0.0,0.0,0.0,2,121.0,124.0,2,131.0,115.0,0.0,0.0,0.0,0.0,424
2023-05-09 21:47:28,CF401P13800,CF401P13800,131.0,0.0,0.0,0.0,2,122.0,125.0,12,131.0,115.0,0.0,0.0,0.0,0.0,424
2023-05-09 21:50:20,CF401P13800,CF401P13800,131.0,0.0,0.0,0.0,2,122.0,124.0,2,131.0,115.0,0.0,0.0,0.0,0.0,424
2023-05-09 21:50:25,CF401P13800,CF401P13800,131.0,0.0,0.0,0.0,2,121.0,124.0,2,131.0,115.0,0.0,0.0,0.0,0.0,424
2023-05-09 21:56:18,CF401P13800,CF401P13800,131.0,0.0,0.0,0.0,2,122.0,125.0,2,131.0,115.0,0.0,0.0,0.0,0.0,424
2023-05-09 21:56:41,CF401P13800,CF401P13800,131.0,0.0,0.0,0.0,2,122.0,125.0,12,131.0,115.0,0.0,0.0,0.0,0.0,424
2023-05-09 21:56:43,CF401P13800,CF401P13800,131.0,0.0,0.0,0.0,2,122.0,125.0,2,131.0,115.0,0.0,0.0,0.0,0.0,424
2023-05-09 21:56:50,CF401P13800,CF401P13800,131.0,0.0,0.0,0.0,2,122.0,125.0,12,131.0,115.0,0.0,0.0,0.0,0.0,424
2023-05-09 21:56:57,CF401P13800,CF401P13800,131.0,0.0,0.0,0.0,2,122.0,125.0,2,131.0,115.0,0.0,0.0,0.0,0.0,424
2023-05-09 21:57:00,CF401P13800,CF401P13800,131.0,0.0,0.0,0.0,2,122.0,125.0,12,131.0,115.0,0.0,0.0,0.0,0.0,424
2023-05-09 21:57:07,CF401P13800,CF401P13800,131.0,0.0,0.0,0.0,2,121.0,124.0,2,131.0,115.0,0.0,0.0,0.0,0.0,424
2023-05-09 21:57:17,CF401P13800,CF401P13800,131.0,0.0,0.0,0.0,2,121.0,124.0,12,131.0,115.0,0.0,0.0,0.0,0.0,424
2023-05-09 21:57:24,CF401P13800,CF401P13800,131.0,0.0,0.0,0.0,2,119.0,123.0,2,131.0,115.0,0.0,0.0,0.0,0.0,424
2023-05-09 21:57:24,CF401P13800,CF401P13800,131.0,0.0,0.0,0.0,12,119.0,123.0,2,131.0,115.0,0.0,0.0,0.0,0.0,424
2023-05-09 21:58:00,CF401P13800,CF401P13800,131.0,0.0,0.0,0.0,2,119.0,123.0,2,131.0,115.0,0.0,0.0,0.0,0.0,424
2023-05-09 21:58:27,CF401P13800,CF401P13800,131.0,0.0,0.0,0.0,2,119.0,123.0,12,131.0,115.0,0.0,0.0,0.0,0.0,424
2023-05-09 21:58:39,CF401P13800,CF401P13800,131.0,0.0,0.0,0.0,2,119.0,122.0,2,131.0,115.0,0.0,0.0,0.0,0.0,424
2023-05-09 22:00:42,CF401P13800,CF401P13800,131.0,0.0,0.0,0.0,2,120.0,123.0,2,131.0,115.0,0.0,0.0,0.0,0.0,424
2023-05-09 22:00:50,CF401P13800,CF401P13800,131.0,0.0,0.0,0.0,2,120.0,123.0,12,131.0,115.0,0.0,0.0,0.0,0.0,424
2023-05-09 22:00:59,CF401P13800,CF401P13800,131.0,0.0,0.0,0.0,2,120.0,123.0,2,131.0,115.0,0.0,0.0,0.0,0.0,424
2023-05-09 22:01:25,CF401P13800,CF401P13800,131.0,0.0,0.0,0.0,2,120.0,123.0,12,131.0,115.0,0.0,0.0,0.0,0.0,424
2023-05-09 22:01:37,CF401P13800,CF401P13800,131.0,0.0,0.0,0.0,2,119.0,122.0,2,131.0,115.0,0.0,0.0,0.0,0.0,424
2023-05-09 22:01:39,CF401P13800,CF401P13800,131.0,0.0,0.0,0.0,2,119.0,122.0,12,131.0,115.0,0.0,0.0,0.0,0.0,424
2023-05-09 22:01:40,CF401P13800,CF401P13800,131.0,0.0,0.0,0.0,2,119.0,122.0,2,131.0,115.0,0.0,0.0,0.0,0.0,424
2023-05-09 22:01:41,CF401P13800,CF401P13800,131.0,0.0,0.0,0.0,2,119.0,122.0,3,131.0,115.0,0.0,0.0,0.0,0.0,424
2023-05-09 22:01:42,CF401P13800,CF401P13800,131.0,0.0,0.0,0.0,2,119.0,122.0,13,131.0,115.0,0.0,0.0,0.0,0.0,424
2023-05-09 22:01:45,CF401P13800,CF401P13800,131.0,0.0,0.0,0.0,2,119.0,122.0,12,131.0,115.0,0.0,0.0,0.0,0.0,424
2023-05-09 22:01:47,CF401P13800,CF401P13800,131.0,0.0,0.0,0.0,2,119.0,122.0,13,131.0,115.0,0.0,0.0,0.0,0.0,424
2023-05-09 22:01:47,CF401P13800,CF401P13800,131.0,0.0,0.0,0.0,2,119.0,122.0,12,131.0,115.0,0.0,0.0,0.0,0.0,424
2023-05-09 22:01:49,CF401P13800,CF401P13800,131.0,0.0,0.0,0.0,2,119.0,122.0,2,131.0,115.0,0.0,0.0,0.0,0.0,424
2023-05-09 22:01:49,CF401P13800,CF401P13800,131.0,0.0,0.0,0.0,2,119.0,122.0,12,131.0,115.0,0.0,0.0,0.0,0.0,424
2023-05-09 22:01:50,CF401P13800,CF401P13800,131.0,0.0,0.0,0.0,2,119.0,122.0,2,131.0,115.0,0.0,0.0,0.0,0.0,424
2023-05-09 22:01:52,CF401P13800,CF401P13800,131.0,0.0,0.0,0.0,2,119.0,122.0,12,131.0,115.0,0.0,0.0,0.0,0.0,424
2023-05-09 22:01:53,CF401P13800,CF401P13800,131.0,0.0,0.0,0.0,2,119.0,122.0,2,131.0,115.0,0.0,0.0,0.0,0.0,424
2023-05-09 22:01:54,CF401P13800,CF401P13800,131.0,0.0,0.0,0.0,2,119.0,122.0,12,131.0,115.0,0.0,0.0,0.0,0.0,424
2023-05-09 22:01:58,CF401P13800,CF401P13800,131.0,0.0,0.0,0.0,2,119.0,122.0,13,131.0,115.0,0.0,0.0,0.0,0.0,424
2023-05-09 22:01:58,CF401P13800,CF401P13800,131.0,0.0,0.0,0.0,2,119.0,122.0,12,131.0,115.0,0.0,0.0,0.0,0.0,424
2023-05-09 22:02:02,CF401P13800,CF401P13800,131.0,0.0,0.0,0.0,2,119.0,122.0,2,131.0,115.0,0.0,0.0,0.0,0.0,424
2023-05-09 22:02:03,CF401P13800,CF401P13800,131.0,0.0,0.0,0.0,2,119.0,122.0,12,131.0,115.0,0.0,0.0,0.0,0.0,424
2023-05-09 22:02:04,CF401P13800,CF401P13800,131.0,0.0,0.0,0.0,2,119.0,122.0,2,131.0,115.0,0.0,0.0,0.0,0.0,424
2023-05-09 22:02:09,CF401P13800,CF401P13800,131.0,0.0,0.0,0.0,2,119.0,122.0,12,131.0,115.0,0.0,0.0,0.0,0.0,424
2023-05-09 22:02:10,CF401P13800,CF401P13800,131.0,0.0,0.0,0.0,2,119.0,122.0,13,131.0,115.0,0.0,0.0,0.0,0.0,424
2023-05-09 22:02:10,CF401P13800,CF401P13800,131.0,0.0,0.0,0.0,2,119.0,122.0,12,131.0,115.0,0.0,0.0,0.0,0.0,424
2023-05-09 22:02:11,CF401P13800,CF401P13800,131.0,0.0,0.0,0.0,2,119.0,122.0,13,131.0,115.0,0.0,0.0,0.0,0.0,424
2023-05-09 22:02:13,CF401P13800,CF401P13800,131.0,0.0,0.0,0.0,2,119.0,122.0,12,131.0,115.0,0.0,0.0,0.0,0.0,424
2023-05-09 22:02:21,CF401P13800,CF401P13800,131.0,0.0,0.0,0.0,2,119.0,122.0,2,131.0,115.0,0.0,0.0,0.0,0.0,424
2023-05-09 22:02:23,CF401P13800,CF401P13800,131.0,0.0,0.0,0.0,2,119.0,122.0,12,131.0,115.0,0.0,0.0,0.0,0.0,424
2023-05-09 22:02:37,CF401P13800,CF401P13800,131.0,0.0,0.0,0.0,2,119.0,122.0,13,131.0,115.0,0.0,0.0,0.0,0.0,424
2023-05-09 22:02:38,CF401P13800,CF401P13800,131.0,0.0,0.0,0.0,2,119.0,122.0,12,131.0,115.0,0.0,0.0,0.0,0.0,424
2023-05-09 22:02:39,CF401P13800,CF401P13800,131.0,0.0,0.0,0.0,2,119.0,122.0,13,131.0,115.0,0.0,0.0,0.0,0.0,424
2023-05-09 22:02:42,CF401P13800,CF401P13800,131.0,0.0,0.0,0.0,2,119.0,122.0,12,131.0,115.0,0.0,0.0,0.0,0.0,424
2023-05-09 22:03:07,CF401P13800,CF401P13800,131.0,0.0,0.0,0.0,2,119.0,122.0,2,131.0,115.0,0.0,0.0,0.0,0.0,424
2023-05-09 22:05:06,CF401P13800,CF401P13800,131.0,0.0,0.0,0.0,2,119.0,122.0,12,131.0,115.0,0.0,0.0,0.0,0.0,424
2023-05-09 22:05:13,CF401P13800,CF401P13800,131.0,0.0,0.0,0.0,2,119.0,122.0,2,131.0,115.0,0.0,0.0,0.0,0.0,424
2023-05-09 22:05:40,CF401P13800,CF401P13800,131.0,0.0,0.0,0.0,2,119.0,122.0,12,131.0,115.0,0.0,0.0,0.0,0.0,424
2023-05-09 22:05:46,CF401P13800,CF401P13800,131.0,0.0,0.0,0.0,2,119.0,122.0,2,131.0,115.0,0.0,0.0,0.0,0.0,424
2023-05-09 22:06:56,CF401P13800,CF401P13800,131.0,0.0,0.0,0.0,2,119.0,122.0,12,131.0,115.0,0.0,0.0,0.0,0.0,424
2023-05-09 22:07:26,CF401P13800,CF401P13800,131.0,0.0,0.0,0.0,12,116.0,122.0,12,131.0,115.0,0.0,0.0,0.0,0.0,424
2023-05-09 22:07:27,CF401P13800,CF401P13800,131.0,0.0,0.0,0.0,2,117.0,121.0,2,131.0,115.0,0.0,0.0,0.0,0.0,424
2023-05-09 22:07:30,CF401P13800,CF401P13800,131.0,0.0,0.0,0.0,2,118.0,121.0,2,131.0,115.0,0.0,0.0,0.0,0.0,424
2023-05-09 22:07:31,CF401P13800,CF401P13800,131.0,0.0,0.0,0.0,2,118.0,121.0,12,131.0,115.0,0.0,0.0,0.0,0.0,424
2023-05-09 22:07:56,CF401P13800,CF401P13800,131.0,0.0,0.0,0.0,2,118.0,121.0,2,131.0,115.0,0.0,0.0,0.0,0.0,424
2023-05-09 22:08:22,CF401P13800,CF401P13800,131.0,0.0,0.0,0.0,2,119.0,122.0,12,131.0,115.0,0.0,0.0,0.0,0.0,424
2023-05-09 22:08:55,CF401P13800,CF401P13800,131.0,0.0,0.0,0.0,2,119.0,122.0,13,131.0,115.0,0.0,0.0,0.0,0.0,424
2023-05-09 22:08:56,CF401P13800,CF401P13800,131.0,0.0,0.0,0.0,2,119.0,122.0,12,131.0,115.0,0.0,0.0,0.0,0.0,424
2023-05-09 22:09:01,CF401P13800,CF401P13800,131.0,0.0,0.0,0.0,2,119.0,122.0,13,131.0,115.0,0.0,0.0,0.0,0.0,424
2023-05-09 22:09:15,CF401P13800,CF401P13800,131.0,0.0,0.0,0.0,2,119.0,122.0,12,131.0,115.0,0.0,0.0,0.0,0.0,424
2023-05-09 22:09:22,CF401P13800,CF401P13800,131.0,0.0,0.0,0.0,2,119.0,122.0,13,131.0,115.0,0.0,0.0,0.0,0.0,424
2023-05-09 22:09:23,CF401P13800,CF401P13800,131.0,0.0,0.0,0.0,2,119.0,122.0,12,131.0,115.0,0.0,0.0,0.0,0.0,424
2023-05-09 22:09:28,CF401P13800,CF401P13800,131.0,0.0,0.0,0.0,2,119.0,122.0,2,131.0,115.0,0.0,0.0,0.0,0.0,424
2023-05-09 22:09:31,CF401P13800,CF401P13800,131.0,0.0,0.0,0.0,2,119.0,122.0,12,131.0,115.0,0.0,0.0,0.0,0.0,424
2023-05-09 22:09:31,CF401P13800,CF401P13800,131.0,0.0,0.0,0.0,2,119.0,122.0,2,131.0,115.0,0.0,0.0,0.0,0.0,424
2023-05-09 22:09:32,CF401P13800,CF401P13800,131.0,0.0,0.0,0.0,2,119.0,122.0,12,131.0,115.0,0.0,0.0,0.0,0.0,424
2023-05-09 22:09:33,CF401P13800,CF401P13800,131.0,0.0,0.0,0.0,2,119.0,122.0,2,131.0,115.0,0.0,0.0,0.0,0.0,424
2023-05-09 22:09:34,CF401P13800,CF401P13800,131.0,0.0,0.0,0.0,2,119.0,122.0,13,131.0,115.0,0.0,0.0,0.0,0.0,424
2023-05-09 22:10:12,CF401P13800,CF401P13800,131.0,0.0,0.0,0.0,2,119.0,122.0,3,131.0,115.0,0.0,0.0,0.0,0.0,424
2023-05-09 22:10:14,CF401P13800,CF401P13800,131.0,0.0,0.0,0.0,2,119.0,122.0,2,131.0,115.0,0.0,0.0,0.0,0.0,424
2023-05-09 22:10:17,CF401P13800,CF401P13800,131.0,0.0,0.0,0.0,2,119.0,122.0,3,131.0,115.0,0.0,0.0,0.0,0.0,424
2023-05-09 22:10:18,CF401P13800,CF401P13800,131.0,0.0,0.0,0.0,2,119.0,122.0,13,131.0,115.0,0.0,0.0,0.0,0.0,424
2023-05-09 22:10:25,CF401P13800,CF401P13800,131.0,0.0,0.0,0.0,2,119.0,121.0,1,131.0,115.0,0.0,0.0,0.0,0.0,424
2023-05-09 22:10:32,CF401P13800,CF401P13800,131.0,0.0,0.0,0.0,2,119.0,122.0,13,131.0,115.0,0.0,0.0,0.0,0.0,424
2023-05-09 22:11:08,CF401P13800,CF401P13800,131.0,0.0,0.0,0.0,2,119.0,121.0,1,131.0,115.0,0.0,0.0,0.0,0.0,424
2023-05-09 22:11:23,CF401P13800,CF401P13800,131.0,0.0,0.0,0.0,10,117.0,121.0,3,131.0,115.0,0.0,0.0,0.0,0.0,424
2023-05-09 22:11:23,CF401P13800,CF401P13800,131.0,0.0,0.0,0.0,1,111.0,121.0,3,131.0,115.0,0.0,0.0,0.0,0.0,424
2023-05-09 22:11:25,CF401P13800,CF401P13800,131.0,0.0,0.0,0.0,2,117.0,121.0,3,131.0,115.0,0.0,0.0,0.0,0.0,424
2023-05-09 22:11:25,CF401P13800,CF401P13800,131.0,0.0,0.0,0.0,2,117.0,121.0,13,131.0,115.0,0.0,0.0,0.0,0.0,424
2023-05-09 22:11:30,CF401P13800,CF401P13800,131.0,0.0,0.0,0.0,2,117.0,120.0,2,131.0,115.0,0.0,0.0,0.0,0.0,424
2023-05-09 22:11:32,CF401P13800,CF401P13800,131.0,0.0,0.0,0.0,2,117.0,120.0,3,131.0,115.0,0.0,0.0,0.0,0.0,424
2023-05-09 22:11:32,CF401P13800,CF401P13800,131.0,0.0,0.0,0.0,2,117.0,120.0,2,131.0,115.0,0.0,0.0,0.0,0.0,424
2023-05-09 22:11:33,CF401P13800,CF401P13800,131.0,0.0,0.0,0.0,2,117.0,120.0,3,131.0,115.0,0.0,0.0,0.0,0.0,424
2023-05-09 22:11:33,CF401P13800,CF401P13800,131.0,0.0,0.0,0.0,2,116.0,120.0,13,131.0,115.0,0.0,0.0,0.0,0.0,424
2023-05-09 22:11:34,CF401P13800,CF401P13800,131.0,0.0,0.0,0.0,2,116.0,119.0,3,131.0,115.0,0.0,0.0,0.0,0.0,424
2023-05-09 22:11:45,CF401P13800,CF401P13800,131.0,0.0,0.0,0.0,2,116.0,119.0,2,131.0,115.0,0.0,0.0,0.0,0.0,424
2023-05-09 22:11:45,CF401P13800,CF401P13800,131.0,0.0,0.0,0.0,2,116.0,119.0,3,131.0,115.0,0.0,0.0,0.0,0.0,424
2023-05-09 22:11:52,CF401P13800,CF401P13800,131.0,0.0,0.0,0.0,2,116.0,119.0,2,131.0,115.0,0.0,0.0,0.0,0.0,424
2023-05-09 22:11:53,CF401P13800,CF401P13800,131.0,0.0,0.0,0.0,2,116.0,119.0,3,131.0,115.0,0.0,0.0,0.0,0.0,424
2023-05-09 22:11:58,CF401P13800,CF401P13800,131.0,0.0,0.0,0.0,2,116.0,119.0,2,131.0,115.0,0.0,0.0,0.0,0.0,424
2023-05-09 22:11:58,CF401P13800,CF401P13800,131.0,0.0,0.0,0.0,2,116.0,119.0,3,131.0,115.0,0.0,0.0,0.0,0.0,424
2023-05-09 22:12:00,CF401P13800,CF401P13800,131.0,0.0,0.0,0.0,2,116.0,119.0,2,131.0,115.0,0.0,0.0,0.0,0.0,424
2023-05-09 22:12:01,CF401P13800,CF401P13800,131.0,0.0,0.0,0.0,2,116.0,119.0,3,131.0,115.0,0.0,0.0,0.0,0.0,424
2023-05-09 22:12:03,CF401P13800,CF401P13800,131.0,0.0,0.0,0.0,2,116.0,119.0,2,131.0,115.0,0.0,0.0,0.0,0.0,424
2023-05-09 22:12:14,CF401P13800,CF401P13800,131.0,0.0,0.0,0.0,2,117.0,120.0,12,131.0,115.0,0.0,0.0,0.0,0.0,424
2023-05-09 22:12:14,CF401P13800,CF401P13800,131.0,0.0,0.0,0.0,2,117.0,120.0,2,131.0,115.0,0.0,0.0,0.0,0.0,424
2023-05-09 22:12:22,CF401P13800,CF401P13800,131.0,0.0,0.0,0.0,2,117.0,120.0,12,131.0,115.0,0.0,0.0,0.0,0.0,424
2023-05-09 22:12:27,CF401P13800,CF401P13800,131.0,0.0,0.0,0.0,2,117.0,120.0,2,131.0,115.0,0.0,0.0,0.0,0.0,424
2023-05-09 22:12:28,CF401P13800,CF401P13800,131.0,0.0,0.0,0.0,2,117.0,120.0,12,131.0,115.0,0.0,0.0,0.0,0.0,424
2023-05-09 22:12:28,CF401P13800,CF401P13800,131.0,0.0,0.0,0.0,2,117.0,120.0,13,131.0,115.0,0.0,0.0,0.0,0.0,424
2023-05-09 22:12:30,CF401P13800,CF401P13800,131.0,0.0,0.0,0.0,2,117.0,120.0,12,131.0,115.0,0.0,0.0,0.0,0.0,424
2023-05-09 22:12:33,CF401P13800,CF401P13800,131.0,0.0,0.0,0.0,2,117.0,120.0,13,131.0,115.0,0.0,0.0,0.0,0.0,424
2023-05-09 22:12:49,CF401P13800,CF401P13800,131.0,0.0,0.0,0.0,2,117.0,120.0,12,131.0,115.0,0.0,0.0,0.0,0.0,424
2023-05-09 22:12:59,CF401P13800,CF401P13800,131.0,0.0,0.0,0.0,2,117.0,120.0,13,131.0,115.0,0.0,0.0,0.0,0.0,424
2023-05-09 22:13:06,CF401P13800,CF401P13800,131.0,0.0,0.0,0.0,2,117.0,120.0,12,131.0,115.0,0.0,0.0,0.0,0.0,424
2023-05-09 22:13:10,CF401P13800,CF401P13800,131.0,0.0,0.0,0.0,2,117.0,120.0,13,131.0,115.0,0.0,0.0,0.0,0.0,424
2023-05-09 22:13:11,CF401P13800,CF401P13800,131.0,0.0,0.0,0.0,2,117.0,120.0,12,131.0,115.0,0.0,0.0,0.0,0.0,424
2023-05-09 22:13:17,CF401P13800,CF401P13800,131.0,0.0,0.0,0.0,2,117.0,120.0,2,131.0,115.0,0.0,0.0,0.0,0.0,424
2023-05-09 22:13:20,CF401P13800,CF401P13800,131.0,0.0,0.0,0.0,2,117.0,120.0,12,131.0,115.0,0.0,0.0,0.0,0.0,424
2023-05-09 22:13:29,CF401P13800,CF401P13800,131.0,0.0,0.0,0.0,2,117.0,120.0,13,131.0,115.0,0.0,0.0,0.0,0.0,424
2023-05-09 22:13:38,CF401P13800,CF401P13800,131.0,0.0,0.0,0.0,2,117.0,119.0,1,131.0,115.0,0.0,0.0,0.0,0.0,424
2023-05-09 22:13:40,CF401P13800,CF401P13800,131.0,0.0,0.0,0.0,2,117.0,120.0,13,131.0,115.0,0.0,0.0,0.0,0.0,424
2023-05-09 22:13:42,CF401P13800,CF401P13800,131.0,0.0,0.0,0.0,2,117.0,120.0,3,131.0,115.0,0.0,0.0,0.0,0.0,424
2023-05-09 22:13:52,CF401P13800,CF401P13800,131.0,0.0,0.0,0.0,2,117.0,120.0,2,131.0,115.0,0.0,0.0,0.0,0.0,424
2023-05-09 22:13:56,CF401P13800,CF401P13800,131.0,0.0,0.0,0.0,2,117.0,120.0,3,131.0,115.0,0.0,0.0,0.0,0.0,424
2023-05-09 22:14:06,CF401P13800,CF401P13800,131.0,0.0,0.0,0.0,2,117.0,120.0,13,131.0,115.0,0.0,0.0,0.0,0.0,424
2023-05-09 22:14:06,CF401P13800,CF401P13800,131.0,0.0,0.0,0.0,2,117.0,119.0,1,131.0,115.0,0.0,0.0,0.0,0.0,424
2023-05-09 22:14:09,CF401P13800,CF401P13800,131.0,0.0,0.0,0.0,2,117.0,120.0,3,131.0,115.0,0.0,0.0,0.0,0.0,424
2023-05-09 22:14:16,CF401P13800,CF401P13800,131.0,0.0,0.0,0.0,2,117.0,120.0,13,131.0,115.0,0.0,0.0,0.0,0.0,424
2023-05-09 22:14:20,CF401P13800,CF401P13800,131.0,0.0,0.0,0.0,2,117.0,120.0,3,131.0,115.0,0.0,0.0,0.0,0.0,424
2023-05-09 22:14:23,CF401P13800,CF401P13800,131.0,0.0,0.0,0.0,2,117.0,120.0,2,131.0,115.0,0.0,0.0,0.0,0.0,424
2023-05-09 22:14:23,CF401P13800,CF401P13800,131.0,0.0,0.0,0.0,2,117.0,120.0,3,131.0,115.0,0.0,0.0,0.0,0.0,424
2023-05-09 22:14:25,CF401P13800,CF401P13800,131.0,0.0,0.0,0.0,2,117.0,120.0,13,131.0,115.0,0.0,0.0,0.0,0.0,424
2023-05-09 22:14:29,CF401P13800,CF401P13800,131.0,0.0,0.0,0.0,2,117.0,119.0,1,131.0,115.0,0.0,0.0,0.0,0.0,424
2023-05-09 22:14:51,CF401P13800,CF401P13800,131.0,0.0,0.0,0.0,2,117.0,120.0,13,131.0,115.0,0.0,0.0,0.0,0.0,424
2023-05-09 22:14:55,CF401P13800,CF401P13800,131.0,0.0,0.0,0.0,2,117.0,119.0,1,131.0,115.0,0.0,0.0,0.0,0.0,424
2023-05-09 22:15:18,CF401P13800,CF401P13800,131.0,0.0,0.0,0.0,2,117.0,119.0,11,131.0,115.0,0.0,0.0,0.0,0.0,424
2023-05-09 22:15:34,CF401P13800,CF401P13800,131.0,0.0,0.0,0.0,2,117.0,120.0,3,131.0,115.0,0.0,0.0,0.0,0.0,424
2023-05-09 22:15:35,CF401P13800,CF401P13800,131.0,0.0,0.0,0.0,2,117.0,120.0,13,131.0,115.0,0.0,0.0,0.0,0.0,424
2023-05-09 22:15:39,CF401P13800,CF401P13800,131.0,0.0,0.0,0.0,2,117.0,120.0,12,131.0,115.0,0.0,0.0,0.0,0.0,424
2023-05-09 22:15:43,CF401P13800,CF401P13800,131.0,0.0,0.0,0.0,2,117.0,120.0,13,131.0,115.0,0.0,0.0,0.0,0.0,424
2023-05-09 22:15:53,CF401P13800,CF401P13800,131.0,0.0,0.0,0.0,2,117.0,119.0,1,131.0,115.0,0.0,0.0,0.0,0.0,424
2023-05-09 22:15:54,CF401P13800,CF401P13800,131.0,0.0,0.0,0.0,2,117.0,120.0,13,131.0,115.0,0.0,0.0,0.0,0.0,424
2023-05-09 22:15:59,CF401P13800,CF401P13800,131.0,0.0,0.0,0.0,2,117.0,119.0,1,131.0,115.0,0.0,0.0,0.0,0.0,424
2023-05-09 22:16:00,CF401P13800,CF401P13800,131.0,0.0,0.0,0.0,2,117.0,120.0,13,131.0,115.0,0.0,0.0,0.0,0.0,424
2023-05-09 22:16:00,CF401P13800,CF401P13800,131.0,0.0,0.0,0.0,2,117.0,119.0,1,131.0,115.0,0.0,0.0,0.0,0.0,424
2023-05-09 22:16:02,CF401P13800,CF401P13800,131.0,0.0,0.0,0.0,2,117.0,120.0,13,131.0,115.0,0.0,0.0,0.0,0.0,424
2023-05-09 22:16:09,CF401P13800,CF401P13800,131.0,0.0,0.0,0.0,2,117.0,119.0,1,131.0,115.0,0.0,0.0,0.0,0.0,424
2023-05-09 22:16:10,CF401P13800,CF401P13800,131.0,0.0,0.0,0.0,2,117.0,120.0,13,131.0,115.0,0.0,0.0,0.0,0.0,424
2023-05-09 22:16:12,CF401P13800,CF401P13800,131.0,0.0,0.0,0.0,2,117.0,119.0,1,131.0,115.0,0.0,0.0,0.0,0.0,424
2023-05-09 22:16:26,CF401P13800,CF401P13800,131.0,0.0,0.0,0.0,2,117.0,120.0,12,131.0,115.0,0.0,0.0,0.0,0.0,424
2023-05-09 22:16:41,CF401P13800,CF401P13800,131.0,0.0,0.0,0.0,2,116.0,120.0,12,131.0,115.0,0.0,0.0,0.0,0.0,424
2023-05-09 22:16:41,CF401P13800,CF401P13800,131.0,0.0,0.0,0.0,2,116.0,119.0,2,131.0,115.0,0.0,0.0,0.0,0.0,424
2023-05-09 22:16:42,CF401P13800,CF401P13800,131.0,0.0,0.0,0.0,2,116.0,119.0,12,131.0,115.0,0.0,0.0,0.0,0.0,424
2023-05-09 22:16:46,CF401P13800,CF401P13800,131.0,0.0,0.0,0.0,11,111.0,119.0,13,131.0,115.0,0.0,0.0,0.0,0.0,424
2023-05-09 22:16:46,CF401P13800,CF401P13800,131.0,0.0,0.0,0.0,2,115.0,119.0,13,131.0,115.0,0.0,0.0,0.0,0.0,424
2023-05-09 22:16:48,CF401P13800,CF401P13800,131.0,0.0,0.0,0.0,2,115.0,119.0,3,131.0,115.0,0.0,0.0,0.0,0.0,424
2023-05-09 22:16:51,CF401P13800,CF401P13800,131.0,0.0,0.0,0.0,2,115.0,118.0,2,131.0,115.0,0.0,0.0,0.0,0.0,424
2023-05-09 22:17:20,CF401P13800,CF401P13800,115.0,2.0,230.0,2.0,10,113.0,118.0,12,131.0,115.0,115.0,115.0,2.0,230.0,426
2023-05-09 22:17:20,CF401P13800,CF401P13800,115.0,0.0,0.0,0.0,2,114.0,118.0,2,131.0,115.0,115.0,115.0,2.0,230.0,426
2023-05-09 22:17:34,CF401P13800,CF401P13800,115.0,0.0,0.0,0.0,3,115.0,118.0,2,131.0,115.0,115.0,115.0,2.0,230.0,426
2023-05-09 22:17:47,CF401P13800,CF401P13800,115.0,0.0,0.0,0.0,3,115.0,118.0,3,131.0,115.0,115.0,115.0,2.0,230.0,426
2023-05-09 22:17:49,CF401P13800,CF401P13800,115.0,0.0,0.0,0.0,2,114.0,117.0,3,131.0,115.0,115.0,115.0,2.0,230.0,426
2023-05-09 22:17:53,CF401P13800,CF401P13800,115.0,0.0,0.0,0.0,2,114.0,117.0,13,131.0,115.0,115.0,115.0,2.0,230.0,426
2023-05-09 22:17:54,CF401P13800,CF401P13800,115.0,0.0,0.0,0.0,2,114.0,117.0,3,131.0,115.0,115.0,115.0,2.0,230.0,426
2023-05-09 22:19:07,CF401P13800,CF401P13800,115.0,0.0,0.0,0.0,3,115.0,118.0,12,131.0,115.0,115.0,115.0,2.0,230.0,426
2023-05-09 22:19:08,CF401P13800,CF401P13800,115.0,0.0,0.0,0.0,3,115.0,118.0,2,131.0,115.0,115.0,115.0,2.0,230.0,426
2023-05-09 22:19:13,CF401P13800,CF401P13800,115.0,0.0,0.0,0.0,3,115.0,118.0,12,131.0,115.0,115.0,115.0,2.0,230.0,426
2023-05-09 22:19:15,CF401P13800,CF401P13800,115.0,0.0,0.0,0.0,3,115.0,118.0,2,131.0,115.0,115.0,115.0,2.0,230.0,426
2023-05-09 22:19:40,CF401P13800,CF401P13800,115.0,0.0,0.0,0.0,3,116.0,120.0,13,131.0,115.0,115.0,115.0,2.0,230.0,426
2023-05-09 22:19:41,CF401P13800,CF401P13800,116.0,3.0,350.0,3.0,10,116.0,120.0,13,131.0,115.0,116.0,115.0,5.0,580.0,429
2023-05-09 22:19:53,CF401P13800,CF401P13800,116.0,0.0,0.0,0.0,3,117.0,120.0,13,131.0,115.0,116.0,115.0,5.0,580.0,429
2023-05-09 22:20:39,CF401P13800,CF401P13800,116.0,0.0,0.0,0.0,10,116.0,119.0,3,131.0,115.0,116.0,115.0,5.0,580.0,429
2023-05-09 22:20:39,CF401P13800,CF401P13800,116.0,0.0,0.0,0.0,10,116.0,119.0,13,131.0,115.0,116.0,115.0,5.0,580.0,429
2023-05-09 22:20:47,CF401P13800,CF401P13800,116.0,0.0,0.0,0.0,10,116.0,119.0,3,131.0,115.0,116.0,115.0,5.0,580.0,429
2023-05-09 22:21:07,CF401P13800,CF401P13800,116.0,0.0,0.0,0.0,3,117.0,119.0,3,131.0,115.0,116.0,115.0,5.0,580.0,429
2023-05-09 22:21:14,CF401P13800,CF401P13800,116.0,0.0,0.0,0.0,3,117.0,120.0,13,131.0,115.0,116.0,115.0,5.0,580.0,429
2023-05-09 22:21:15,CF401P13800,CF401P13800,116.0,0.0,0.0,0.0,3,118.0,122.0,1,131.0,115.0,116.0,115.0,5.0,580.0,429
2023-05-09 22:21:16,CF401P13800,CF401P13800,116.0,0.0,0.0,0.0,3,118.0,122.0,11,131.0,115.0,116.0,115.0,5.0,580.0,429
2023-05-09 22:21:17,CF401P13800,CF401P13800,116.0,0.0,0.0,0.0,3,118.0,122.0,14,131.0,115.0,116.0,115.0,5.0,580.0,429
2023-05-09 22:21:21,CF401P13800,CF401P13800,116.0,0.0,0.0,0.0,3,118.0,121.0,3,131.0,115.0,116.0,115.0,5.0,580.0,429
2023-05-09 22:21:21,CF401P13800,CF401P13800,116.0,0.0,0.0,0.0,3,118.0,121.0,13,131.0,115.0,116.0,115.0,5.0,580.0,429
2023-05-09 22:21:31,CF401P13800,CF401P13800,116.0,0.0,0.0,0.0,3,118.0,120.0,3,131.0,115.0,116.0,115.0,5.0,580.0,429
2023-05-09 22:21:31,CF401P13800,CF401P13800,116.0,0.0,0.0,0.0,3,117.0,120.0,13,131.0,115.0,116.0,115.0,5.0,580.0,429
2023-05-09 22:21:32,CF401P13800,CF401P13800,116.0,0.0,0.0,0.0,3,117.0,120.0,3,131.0,115.0,116.0,115.0,5.0,580.0,429
2023-05-09 22:22:29,CF401P13800,CF401P13800,116.0,0.0,0.0,0.0,3,118.0,120.0,3,131.0,115.0,116.0,115.0,5.0,580.0,429
2023-05-09 22:22:29,CF401P13800,CF401P13800,116.0,0.0,0.0,0.0,3,118.0,121.0,3,131.0,115.0,116.0,115.0,5.0,580.0,429
2023-05-09 22:23:07,CF401P13800,CF401P13800,116.0,0.0,0.0,0.0,3,118.0,121.0,13,131.0,115.0,116.0,115.0,5.0,580.0,429
2023-05-09 22:23:08,CF401P13800,CF401P13800,116.0,0.0,0.0,0.0,3,118.0,121.0,3,131.0,115.0,116.0,115.0,5.0,580.0,429
2023-05-09 22:24:50,CF401P13800,CF401P13800,116.0,0.0,0.0,0.0,13,118.0,121.0,3,131.0,115.0,116.0,115.0,5.0,580.0,429
2023-05-09 22:24:51,CF401P13800,CF401P13800,116.0,0.0,0.0,0.0,3,118.0,125.0,1,131.0,115.0,116.0,115.0,5.0,580.0,429
2023-05-09 22:24:52,CF401P13800,CF401P13800,116.0,0.0,0.0,0.0,3,118.0,124.0,1,131.0,115.0,116.0,115.0,5.0,580.0,429
2023-05-09 22:24:52,CF401P13800,CF401P13800,116.0,0.0,0.0,0.0,13,118.0,123.0,13,131.0,115.0,116.0,115.0,5.0,580.0,429
2023-05-09 22:24:53,CF401P13800,CF401P13800,116.0,0.0,0.0,0.0,3,119.0,123.0,13,131.0,115.0,116.0,115.0,5.0,580.0,429
2023-05-09 22:24:54,CF401P13800,CF401P13800,116.0,0.0,0.0,0.0,3,119.0,123.0,3,131.0,115.0,116.0,115.0,5.0,580.0,429
2023-05-09 22:24:55,CF401P13800,CF401P13800,116.0,0.0,0.0,0.0,3,119.0,122.0,3,131.0,115.0,116.0,115.0,5.0,580.0,429
2023-05-09 22:25:07,CF401P13800,CF401P13800,116.0,0.0,0.0,0.0,3,119.0,122.0,13,131.0,115.0,116.0,115.0,5.0,580.0,429
2023-05-09 22:25:07,CF401P13800,CF401P13800,116.0,0.0,0.0,0.0,3,119.0,122.0,3,131.0,115.0,116.0,115.0,5.0,580.0,429
2023-05-09 22:25:13,CF401P13800,CF401P13800,116.0,0.0,0.0,0.0,3,119.0,122.0,13,131.0,115.0,116.0,115.0,5.0,580.0,429
2023-05-09 22:25:24,CF401P13800,CF401P13800,116.0,0.0,0.0,0.0,10,117.0,121.0,3,131.0,115.0,116.0,115.0,5.0,580.0,429
2023-05-09 22:25:24,CF401P13800,CF401P13800,116.0,0.0,0.0,0.0,20,116.0,121.0,3,131.0,115.0,116.0,115.0,5.0,580.0,429
2023-05-09 22:25:25,CF401P13800,CF401P13800,116.0,0.0,0.0,0.0,20,116.0,120.0,3,131.0,115.0,116.0,115.0,5.0,580.0,429
2023-05-09 22:26:08,CF401P13800,CF401P13800,116.0,0.0,0.0,0.0,10,116.0,120.0,3,131.0,115.0,116.0,115.0,5.0,580.0,429
2023-05-09 22:26:12,CF401P13800,CF401P13800,116.0,0.0,0.0,0.0,10,116.0,120.0,13,131.0,115.0,116.0,115.0,5.0,580.0,429
2023-05-09 22:26:15,CF401P13800,CF401P13800,116.0,0.0,0.0,0.0,10,116.0,120.0,3,131.0,115.0,116.0,115.0,5.0,580.0,429
2023-05-09 22:26:34,CF401P13800,CF401P13800,116.0,0.0,0.0,0.0,10,116.0,119.0,3,131.0,115.0,116.0,115.0,5.0,580.0,429
2023-05-09 22:26:57,CF401P13800,CF401P13800,116.0,0.0,0.0,0.0,3,117.0,120.0,3,131.0,115.0,116.0,115.0,5.0,580.0,429
2023-05-09 22:26:58,CF401P13800,CF401P13800,116.0,0.0,0.0,0.0,3,117.0,120.0,13,131.0,115.0,116.0,115.0,5.0,580.0,429
2023-05-09 22:27:04,CF401P13800,CF401P13800,116.0,0.0,0.0,0.0,3,117.0,120.0,3,131.0,115.0,116.0,115.0,5.0,580.0,429
2023-05-09 22:27:12,CF401P13800,CF401P13800,116.0,0.0,0.0,0.0,3,117.0,120.0,13,131.0,115.0,116.0,115.0,5.0,580.0,429
2023-05-09 22:27:16,CF401P13800,CF401P13800,116.0,0.0,0.0,0.0,3,117.0,120.0,3,131.0,115.0,116.0,115.0,5.0,580.0,429
2023-05-09 22:27:16,CF401P13800,CF401P13800,116.0,0.0,0.0,0.0,3,117.0,120.0,13,131.0,115.0,116.0,115.0,5.0,580.0,429
2023-05-09 22:27:33,CF401P13800,CF401P13800,116.0,0.0,0.0,0.0,3,117.0,120.0,3,131.0,115.0,116.0,115.0,5.0,580.0,429
2023-05-09 22:27:37,CF401P13800,CF401P13800,116.0,0.0,0.0,0.0,3,117.0,120.0,13,131.0,115.0,116.0,115.0,5.0,580.0,429
2023-05-09 22:27:45,CF401P13800,CF401P13800,116.0,0.0,0.0,0.0,3,117.0,120.0,3,131.0,115.0,116.0,115.0,5.0,580.0,429
2023-05-09 22:29:42,CF401P13800,CF401P13800,116.0,0.0,0.0,0.0,2,117.0,121.0,12,131.0,115.0,116.0,115.0,5.0,580.0,429
2023-05-09 22:29:50,CF401P13800,CF401P13800,116.0,0.0,0.0,0.0,2,117.0,120.0,12,131.0,115.0,116.0,115.0,5.0,580.0,429
2023-05-09 22:29:50,CF401P13800,CF401P13800,116.0,0.0,0.0,0.0,2,117.0,120.0,2,131.0,115.0,116.0,115.0,5.0,580.0,429
2023-05-09 22:29:51,CF401P13800,CF401P13800,116.0,0.0,0.0,0.0,2,117.0,120.0,12,131.0,115.0,116.0,115.0,5.0,580.0,429
2023-05-09 22:30:00,CF401P13800,CF401P13800,116.0,0.0,0.0,0.0,2,117.0,120.0,2,131.0,115.0,116.0,115.0,5.0,580.0,429
2023-05-09 22:30:08,CF401P13800,CF401P13800,116.0,0.0,0.0,0.0,2,118.0,121.0,2,131.0,115.0,116.0,115.0,5.0,580.0,429
2023-05-09 22:30:09,CF401P13800,CF401P13800,116.0,0.0,0.0,0.0,2,118.0,122.0,10,131.0,115.0,116.0,115.0,5.0,580.0,429
2023-05-09 22:30:09,CF401P13800,CF401P13800,116.0,0.0,0.0,0.0,2,118.0,126.0,2,131.0,115.0,116.0,115.0,5.0,580.0,429
2023-05-09 22:30:10,CF401P13800,CF401P13800,116.0,0.0,0.0,0.0,2,118.0,122.0,2,131.0,115.0,116.0,115.0,5.0,580.0,429
2023-05-09 22:30:10,CF401P13800,CF401P13800,116.0,0.0,0.0,0.0,2,118.0,122.0,12,131.0,115.0,116.0,115.0,5.0,580.0,429
2023-05-09 22:30:16,CF401P13800,CF401P13800,116.0,0.0,0.0,0.0,2,118.0,121.0,2,131.0,115.0,116.0,115.0,5.0,580.0,429
2023-05-09 22:30:16,CF401P13800,CF401P13800,116.0,0.0,0.0,0.0,2,118.0,121.0,12,131.0,115.0,116.0,115.0,5.0,580.0,429
2023-05-09 22:30:20,CF401P13800,CF401P13800,116.0,0.0,0.0,0.0,2,118.0,121.0,2,131.0,115.0,116.0,115.0,5.0,580.0,429
2023-05-09 22:30:24,CF401P13800,CF401P13800,116.0,0.0,0.0,0.0,2,118.0,121.0,12,131.0,115.0,116.0,115.0,5.0,580.0,429
2023-05-09 22:30:30,CF401P13800,CF401P13800,116.0,0.0,0.0,0.0,2,118.0,121.0,2,131.0,115.0,116.0,115.0,5.0,580.0,429
2023-05-09 22:30:45,CF401P13800,CF401P13800,116.0,0.0,0.0,0.0,2,119.0,122.0,12,131.0,115.0,116.0,115.0,5.0,580.0,429
2023-05-09 22:31:14,CF401P13800,CF401P13800,116.0,0.0,0.0,0.0,2,118.0,121.0,2,131.0,115.0,116.0,115.0,5.0,580.0,429
2023-05-09 22:31:44,CF401P13800,CF401P13800,116.0,0.0,0.0,0.0,2,118.0,121.0,12,131.0,115.0,116.0,115.0,5.0,580.0,429
2023-05-09 22:32:09,CF401P13800,CF401P13800,116.0,0.0,0.0,0.0,2,118.0,121.0,2,131.0,115.0,116.0,115.0,5.0,580.0,429
2023-05-09 22:32:10,CF401P13800,CF401P13800,116.0,0.0,0.0,0.0,2,119.0,122.0,12,131.0,115.0,116.0,115.0,5.0,580.0,429
2023-05-09 22:32:11,CF401P13800,CF401P13800,116.0,0.0,0.0,0.0,2,119.0,123.0,10,131.0,115.0,116.0,115.0,5.0,580.0,429
2023-05-09 22:32:12,CF401P13800,CF401P13800,116.0,0.0,0.0,0.0,2,119.0,123.0,2,131.0,115.0,116.0,115.0,5.0,580.0,429
2023-05-09 22:32:12,CF401P13800,CF401P13800,116.0,0.0,0.0,0.0,2,119.0,123.0,12,131.0,115.0,116.0,115.0,5.0,580.0,429
2023-05-09 22:32:12,CF401P13800,CF401P13800,116.0,0.0,0.0,0.0,2,119.0,123.0,2,131.0,115.0,116.0,115.0,5.0,580.0,429
2023-05-09 22:32:12,CF401P13800,CF401P13800,116.0,0.0,0.0,0.0,2,119.0,123.0,12,131.0,115.0,116.0,115.0,5.0,580.0,429
2023-05-09 22:32:20,CF401P13800,CF401P13800,116.0,0.0,0.0,0.0,2,119.0,122.0,12,131.0,115.0,116.0,115.0,5.0,580.0,429
2023-05-09 22:32:22,CF401P13800,CF401P13800,116.0,0.0,0.0,0.0,2,119.0,122.0,2,131.0,115.0,116.0,115.0,5.0,580.0,429
2023-05-09 22:32:23,CF401P13800,CF401P13800,116.0,0.0,0.0,0.0,2,119.0,122.0,12,131.0,115.0,116.0,115.0,5.0,580.0,429
2023-05-09 22:32:23,CF401P13800,CF401P13800,116.0,0.0,0.0,0.0,2,119.0,122.0,2,131.0,115.0,116.0,115.0,5.0,580.0,429
2023-05-09 22:32:42,CF401P13800,CF401P13800,116.0,0.0,0.0,0.0,2,120.0,123.0,2,131.0,115.0,116.0,115.0,5.0,580.0,429
2023-05-09 22:32:45,CF401P13800,CF401P13800,116.0,0.0,0.0,0.0,2,120.0,123.0,12,131.0,115.0,116.0,115.0,5.0,580.0,429
2023-05-09 22:32:45,CF401P13800,CF401P13800,116.0,0.0,0.0,0.0,2,120.0,123.0,2,131.0,115.0,116.0,115.0,5.0,580.0,429
2023-05-09 22:32:48,CF401P13800,CF401P13800,116.0,0.0,0.0,0.0,2,120.0,123.0,12,131.0,115.0,116.0,115.0,5.0,580.0,429
2023-05-09 22:32:50,CF401P13800,CF401P13800,116.0,0.0,0.0,0.0,2,120.0,123.0,2,131.0,115.0,116.0,115.0,5.0,580.0,429
2023-05-09 22:32:51,CF401P13800,CF401P13800,116.0,0.0,0.0,0.0,2,120.0,123.0,12,131.0,115.0,116.0,115.0,5.0,580.0,429
2023-05-09 22:32:52,CF401P13800,CF401P13800,116.0,0.0,0.0,0.0,2,120.0,123.0,2,131.0,115.0,116.0,115.0,5.0,580.0,429
2023-05-09 22:32:56,CF401P13800,CF401P13800,116.0,0.0,0.0,0.0,2,120.0,123.0,12,131.0,115.0,116.0,115.0,5.0,580.0,429
2023-05-09 22:32:57,CF401P13800,CF401P13800,116.0,0.0,0.0,0.0,2,119.0,122.0,2,131.0,115.0,116.0,115.0,5.0,580.0,429
2023-05-09 22:33:21,CF401P13800,CF401P13800,116.0,0.0,0.0,0.0,12,119.0,122.0,2,131.0,115.0,116.0,115.0,5.0,580.0,429
2023-05-09 22:33:22,CF401P13800,CF401P13800,116.0,0.0,0.0,0.0,2,119.0,122.0,2,131.0,115.0,116.0,115.0,5.0,580.0,429
2023-05-09 22:33:25,CF401P13800,CF401P13800,116.0,0.0,0.0,0.0,12,119.0,122.0,2,131.0,115.0,116.0,115.0,5.0,580.0,429
2023-05-09 22:33:30,CF401P13800,CF401P13800,116.0,0.0,0.0,0.0,2,119.0,122.0,2,131.0,115.0,116.0,115.0,5.0,580.0,429
2023-05-09 22:33:32,CF401P13800,CF401P13800,116.0,0.0,0.0,0.0,12,119.0,122.0,2,131.0,115.0,116.0,115.0,5.0,580.0,429
2023-05-09 22:33:36,CF401P13800,CF401P13800,116.0,0.0,0.0,0.0,2,119.0,122.0,2,131.0,115.0,116.0,115.0,5.0,580.0,429
2023-05-09 22:33:59,CF401P13800,CF401P13800,116.0,0.0,0.0,0.0,2,119.0,121.0,2,131.0,115.0,116.0,115.0,5.0,580.0,429
2023-05-09 22:34:10,CF401P13800,CF401P13800,116.0,0.0,0.0,0.0,12,117.0,121.0,2,131.0,115.0,116.0,115.0,5.0,580.0,429
2023-05-09 22:34:35,CF401P13800,CF401P13800,116.0,0.0,0.0,0.0,2,118.0,121.0,2,131.0,115.0,116.0,115.0,5.0,580.0,429
2023-05-09 22:35:15,CF401P13800,CF401P13800,116.0,0.0,0.0,0.0,2,117.0,120.0,2,131.0,115.0,116.0,115.0,5.0,580.0,429
2023-05-09 22:35:24,CF401P13800,CF401P13800,116.0,0.0,0.0,0.0,12,117.0,120.0,2,131.0,115.0,116.0,115.0,5.0,580.0,429
2023-05-09 22:36:02,CF401P13800,CF401P13800,116.0,0.0,0.0,0.0,2,117.0,120.0,2,131.0,115.0,116.0,115.0,5.0,580.0,429
2023-05-09 22:36:16,CF401P13800,CF401P13800,116.0,0.0,0.0,0.0,2,117.0,120.0,12,131.0,115.0,116.0,115.0,5.0,580.0,429
2023-05-09 22:36:24,CF401P13800,CF401P13800,116.0,0.0,0.0,0.0,2,117.0,120.0,2,131.0,115.0,116.0,115.0,5.0,580.0,429
2023-05-09 22:36:27,CF401P13800,CF401P13800,116.0,0.0,0.0,0.0,2,117.0,120.0,12,131.0,115.0,116.0,115.0,5.0,580.0,429
2023-05-09 22:36:28,CF401P13800,CF401P13800,116.0,0.0,0.0,0.0,2,117.0,120.0,2,131.0,115.0,116.0,115.0,5.0,580.0,429
2023-05-09 22:36:28,CF401P13800,CF401P13800,116.0,0.0,0.0,0.0,2,117.0,120.0,12,131.0,115.0,116.0,115.0,5.0,580.0,429
2023-05-09 22:36:42,CF401P13800,CF401P13800,116.0,0.0,0.0,0.0,2,117.0,120.0,2,131.0,115.0,116.0,115.0,5.0,580.0,429
2023-05-09 22:36:49,CF401P13800,CF401P13800,116.0,0.0,0.0,0.0,2,117.0,120.0,12,131.0,115.0,116.0,115.0,5.0,580.0,429
2023-05-09 22:37:27,CF401P13800,CF401P13800,116.0,0.0,0.0,0.0,10,116.0,119.0,2,131.0,115.0,116.0,115.0,5.0,580.0,429
2023-05-09 22:37:29,CF401P13800,CF401P13800,116.0,0.0,0.0,0.0,12,115.0,119.0,2,131.0,115.0,116.0,115.0,5.0,580.0,429
2023-05-09 22:37:34,CF401P13800,CF401P13800,116.0,0.0,0.0,0.0,2,115.0,119.0,2,131.0,115.0,116.0,115.0,5.0,580.0,429
2023-05-09 22:37:38,CF401P13800,CF401P13800,116.0,0.0,0.0,0.0,2,115.0,119.0,12,131.0,115.0,116.0,115.0,5.0,580.0,429
2023-05-09 22:37:49,CF401P13800,CF401P13800,116.0,0.0,0.0,0.0,2,115.0,119.0,2,131.0,115.0,116.0,115.0,5.0,580.0,429
2023-05-09 22:37:51,CF401P13800,CF401P13800,116.0,0.0,0.0,0.0,2,115.0,119.0,12,131.0,115.0,116.0,115.0,5.0,580.0,429
2023-05-09 22:37:57,CF401P13800,CF401P13800,116.0,0.0,0.0,0.0,2,115.0,119.0,2,131.0,115.0,116.0,115.0,5.0,580.0,429
2023-05-09 22:38:05,CF401P13800,CF401P13800,116.0,0.0,0.0,0.0,2,115.0,119.0,12,131.0,115.0,116.0,115.0,5.0,580.0,429
2023-05-09 22:38:11,CF401P13800,CF401P13800,116.0,0.0,0.0,0.0,2,115.0,119.0,2,131.0,115.0,116.0,115.0,5.0,580.0,429
2023-05-09 22:38:14,CF401P13800,CF401P13800,116.0,0.0,0.0,0.0,2,116.0,119.0,2,131.0,115.0,116.0,115.0,5.0,580.0,429
2023-05-09 22:40:10,CF401P13800,CF401P13800,116.0,0.0,0.0,0.0,12,116.0,119.0,2,131.0,115.0,116.0,115.0,5.0,580.0,429
2023-05-09 22:40:10,CF401P13800,CF401P13800,116.0,0.0,0.0,0.0,2,117.0,120.0,2,131.0,115.0,116.0,115.0,5.0,580.0,429
2023-05-09 22:41:24,CF401P13800,CF401P13800,116.0,0.0,0.0,0.0,12,116.0,119.0,2,131.0,115.0,116.0,115.0,5.0,580.0,429
2023-05-09 22:42:17,CF401P13800,CF401P13800,116.0,0.0,0.0,0.0,2,117.0,120.0,2,131.0,115.0,116.0,115.0,5.0,580.0,429
2023-05-09 22:43:44,CF401P13800,CF401P13800,116.0,0.0,0.0,0.0,2,117.0,119.0,2,131.0,115.0,116.0,115.0,5.0,580.0,429
2023-05-09 22:43:45,CF401P13800,CF401P13800,116.0,0.0,0.0,0.0,2,117.0,118.0,2,131.0,115.0,116.0,115.0,5.0,580.0,429
2023-05-09 22:43:46,CF401P13800,CF401P13800,117.0,2.0,232.0,0.0,12,116.0,120.0,2,131.0,115.0,117.0,115.0,7.0,812.0,429
2023-05-09 22:43:46,CF401P13800,CF401P13800,117.0,0.0,0.0,0.0,2,116.0,120.0,2,131.0,115.0,117.0,115.0,7.0,812.0,429
2023-05-09 22:43:48,CF401P13800,CF401P13800,117.0,0.0,0.0,0.0,2,116.0,119.0,2,131.0,115.0,117.0,115.0,7.0,812.0,429
2023-05-09 22:43:52,CF401P13800,CF401P13800,117.0,0.0,0.0,0.0,12,116.0,119.0,2,131.0,115.0,117.0,115.0,7.0,812.0,429
2023-05-09 22:44:01,CF401P13800,CF401P13800,117.0,0.0,0.0,0.0,2,116.0,119.0,2,131.0,115.0,117.0,115.0,7.0,812.0,429
2023-05-09 22:44:29,CF401P13800,CF401P13800,117.0,0.0,0.0,0.0,10,114.0,119.0,12,131.0,115.0,117.0,115.0,7.0,812.0,429
2023-05-09 22:44:30,CF401P13800,CF401P13800,117.0,0.0,0.0,0.0,11,111.0,119.0,12,131.0,115.0,117.0,115.0,7.0,812.0,429
2023-05-09 22:44:30,CF401P13800,CF401P13800,117.0,0.0,0.0,0.0,13,114.0,118.0,3,131.0,115.0,117.0,115.0,7.0,812.0,429
2023-05-09 22:44:44,CF401P13800,CF401P13800,117.0,0.0,0.0,0.0,3,114.0,118.0,3,131.0,115.0,117.0,115.0,7.0,812.0,429
2023-05-09 22:44:49,CF401P13800,CF401P13800,117.0,0.0,0.0,0.0,3,114.0,118.0,13,131.0,115.0,117.0,115.0,7.0,812.0,429
2023-05-09 22:44:58,CF401P13800,CF401P13800,117.0,0.0,0.0,0.0,3,114.0,118.0,14,131.0,115.0,117.0,115.0,7.0,812.0,429
2023-05-09 22:45:00,CF401P13800,CF401P13800,117.0,0.0,0.0,0.0,3,114.0,117.0,1,131.0,115.0,117.0,115.0,7.0,812.0,429
2023-05-09 22:45:02,CF401P13800,CF401P13800,117.0,0.0,0.0,0.0,3,114.0,118.0,14,131.0,115.0,117.0,115.0,7.0,812.0,429
2023-05-09 22:45:10,CF401P13800,CF401P13800,117.0,0.0,0.0,0.0,3,114.0,117.0,1,131.0,115.0,117.0,115.0,7.0,812.0,429
2023-05-09 22:45:13,CF401P13800,CF401P13800,117.0,0.0,0.0,0.0,3,114.0,117.0,11,131.0,115.0,117.0,115.0,7.0,812.0,429
2023-05-09 22:45:14,CF401P13800,CF401P13800,117.0,0.0,0.0,0.0,3,114.0,117.0,1,131.0,115.0,117.0,115.0,7.0,812.0,429
2023-05-09 22:45:16,CF401P13800,CF401P13800,117.0,0.0,0.0,0.0,3,114.0,117.0,11,131.0,115.0,117.0,115.0,7.0,812.0,429
2023-05-09 22:45:18,CF401P13800,CF401P13800,117.0,0.0,0.0,0.0,3,114.0,118.0,13,131.0,115.0,117.0,115.0,7.0,812.0,429
2023-05-09 22:45:33,CF401P13800,CF401P13800,117.0,0.0,0.0,0.0,3,115.0,118.0,13,131.0,115.0,117.0,115.0,7.0,812.0,429
2023-05-09 22:45:58,CF401P13800,CF401P13800,117.0,0.0,0.0,0.0,3,116.0,118.0,13,131.0,115.0,117.0,115.0,7.0,812.0,429
2023-05-09 22:46:02,CF401P13800,CF401P13800,117.0,0.0,0.0,0.0,3,116.0,119.0,12,131.0,115.0,117.0,115.0,7.0,812.0,429
2023-05-09 22:46:18,CF401P13800,CF401P13800,117.0,0.0,0.0,0.0,3,116.0,119.0,2,131.0,115.0,117.0,115.0,7.0,812.0,429
2023-05-09 22:46:22,CF401P13800,CF401P13800,117.0,0.0,0.0,0.0,3,116.0,119.0,12,131.0,115.0,117.0,115.0,7.0,812.0,429
2023-05-09 22:46:28,CF401P13800,CF401P13800,117.0,0.0,0.0,0.0,3,116.0,119.0,2,131.0,115.0,117.0,115.0,7.0,812.0,429
2023-05-09 22:46:42,CF401P13800,CF401P13800,117.0,0.0,0.0,0.0,3,115.0,118.0,3,131.0,115.0,117.0,115.0,7.0,812.0,429
2023-05-09 22:46:46,CF401P13800,CF401P13800,117.0,0.0,0.0,0.0,13,113.0,118.0,3,131.0,115.0,117.0,115.0,7.0,812.0,429
2023-05-09 22:46:47,CF401P13800,CF401P13800,117.0,0.0,0.0,0.0,3,114.0,118.0,3,131.0,115.0,117.0,115.0,7.0,812.0,429
2023-05-09 22:46:47,CF401P13800,CF401P13800,117.0,0.0,0.0,0.0,13,114.0,118.0,3,131.0,115.0,117.0,115.0,7.0,812.0,429
2023-05-09 22:46:54,CF401P13800,CF401P13800,117.0,0.0,0.0,0.0,13,114.0,117.0,3,131.0,115.0,117.0,115.0,7.0,812.0,429
2023-05-09 22:47:20,CF401P13800,CF401P13800,117.0,0.0,0.0,0.0,3,115.0,118.0,3,131.0,115.0,117.0,115.0,7.0,812.0,429
2023-05-09 22:47:51,CF401P13800,CF401P13800,117.0,0.0,0.0,0.0,3,115.0,118.0,13,131.0,115.0,117.0,115.0,7.0,812.0,429
2023-05-09 22:47:55,CF401P13800,CF401P13800,117.0,0.0,0.0,0.0,3,115.0,118.0,3,131.0,115.0,117.0,115.0,7.0,812.0,429
2023-05-09 22:47:56,CF401P13800,CF401P13800,117.0,0.0,0.0,0.0,3,115.0,118.0,13,131.0,115.0,117.0,115.0,7.0,812.0,429
2023-05-09 22:47:58,CF401P13800,CF401P13800,117.0,0.0,0.0,0.0,3,115.0,118.0,3,131.0,115.0,117.0,115.0,7.0,812.0,429
2023-05-09 22:48:00,CF401P13800,CF401P13800,117.0,0.0,0.0,0.0,3,115.0,118.0,13,131.0,115.0,117.0,115.0,7.0,812.0,429
2023-05-09 22:48:08,CF401P13800,CF401P13800,117.0,0.0,0.0,0.0,3,115.0,118.0,3,131.0,115.0,117.0,115.0,7.0,812.0,429
2023-05-09 22:49:21,CF401P13800,CF401P13800,117.0,0.0,0.0,0.0,3,116.0,120.0,13,131.0,115.0,117.0,115.0,7.0,812.0,429
2023-05-09 22:49:22,CF401P13800,CF401P13800,117.0,0.0,0.0,0.0,3,116.0,119.0,3,131.0,115.0,117.0,115.0,7.0,812.0,429
2023-05-09 22:49:26,CF401P13800,CF401P13800,117.0,0.0,0.0,0.0,3,116.0,119.0,13,131.0,115.0,117.0,115.0,7.0,812.0,429
2023-05-09 22:49:45,CF401P13800,CF401P13800,117.0,0.0,0.0,0.0,3,116.0,119.0,14,131.0,115.0,117.0,115.0,7.0,812.0,429
2023-05-09 22:49:46,CF401P13800,CF401P13800,117.0,0.0,0.0,0.0,3,116.0,119.0,13,131.0,115.0,117.0,115.0,7.0,812.0,429
2023-05-09 22:49:48,CF401P13800,CF401P13800,117.0,0.0,0.0,0.0,3,116.0,119.0,14,131.0,115.0,117.0,115.0,7.0,812.0,429
2023-05-09 22:50:00,CF401P13800,CF401P13800,117.0,0.0,0.0,0.0,3,116.0,119.0,3,131.0,115.0,117.0,115.0,7.0,812.0,429
2023-05-09 22:51:11,CF401P13800,CF401P13800,117.0,0.0,0.0,0.0,3,116.0,119.0,4,131.0,115.0,117.0,115.0,7.0,812.0,429
2023-05-09 22:51:18,CF401P13800,CF401P13800,117.0,0.0,0.0,0.0,3,116.0,119.0,3,131.0,115.0,117.0,115.0,7.0,812.0,429
2023-05-09 22:51:29,CF401P13800,CF401P13800,117.0,0.0,0.0,0.0,3,117.0,119.0,3,131.0,115.0,117.0,115.0,7.0,812.0,429
2023-05-09 22:51:30,CF401P13800,CF401P13800,117.0,0.0,0.0,0.0,3,117.0,119.0,4,131.0,115.0,117.0,115.0,7.0,812.0,429
2023-05-09 22:51:35,CF401P13800,CF401P13800,117.0,0.0,0.0,0.0,3,117.0,119.0,3,131.0,115.0,117.0,115.0,7.0,812.0,429
2023-05-09 22:51:39,CF401P13800,CF401P13800,117.0,0.0,0.0,0.0,3,117.0,120.0,4,131.0,115.0,117.0,115.0,7.0,812.0,429
2023-05-09 22:52:03,CF401P13800,CF401P13800,117.0,0.0,0.0,0.0,3,117.0,119.0,1,131.0,115.0,117.0,115.0,7.0,812.0,429
2023-05-09 22:52:11,CF401P13800,CF401P13800,117.0,0.0,0.0,0.0,3,117.0,120.0,4,131.0,115.0,117.0,115.0,7.0,812.0,429
2023-05-09 22:53:12,CF401P13800,CF401P13800,117.0,0.0,0.0,0.0,3,117.0,119.0,1,131.0,115.0,117.0,115.0,7.0,812.0,429
2023-05-09 22:53:13,CF401P13800,CF401P13800,117.0,3.0,348.0,3.0,13,116.0,120.0,4,131.0,115.0,117.0,115.0,10.0,1160.0,432
2023-05-09 22:53:15,CF401P13800,CF401P13800,117.0,0.0,0.0,0.0,13,116.0,119.0,1,131.0,115.0,117.0,115.0,10.0,1160.0,432
2023-05-09 22:53:26,CF401P13800,CF401P13800,117.0,0.0,0.0,0.0,13,116.0,119.0,4,131.0,115.0,117.0,115.0,10.0,1160.0,432
2023-05-09 22:53:39,CF401P13800,CF401P13800,117.0,0.0,0.0,0.0,3,116.0,119.0,4,131.0,115.0,117.0,115.0,10.0,1160.0,432
2023-05-09 22:55:13,CF401P13800,CF401P13800,117.0,0.0,0.0,0.0,13,114.0,118.0,1,131.0,115.0,117.0,115.0,10.0,1160.0,432
2023-05-09 22:55:18,CF401P13800,CF401P13800,117.0,0.0,0.0,0.0,13,114.0,118.0,4,131.0,115.0,117.0,115.0,10.0,1160.0,432
2023-05-09 22:55:56,CF401P13800,CF401P13800,117.0,0.0,0.0,0.0,11,111.0,118.0,1,131.0,115.0,117.0,115.0,10.0,1160.0,432
2023-05-09 22:56:00,CF401P13800,CF401P13800,117.0,0.0,0.0,0.0,11,111.0,119.0,11,131.0,115.0,117.0,115.0,10.0,1160.0,432
2023-05-09 22:56:01,CF401P13800,CF401P13800,117.0,0.0,0.0,0.0,11,111.0,118.0,1,131.0,115.0,117.0,115.0,10.0,1160.0,432
2023-05-09 22:56:15,CF401P13800,CF401P13800,117.0,0.0,0.0,0.0,11,111.0,119.0,1,131.0,115.0,117.0,115.0,10.0,1160.0,432
2023-05-09 22:56:16,CF401P13800,CF401P13800,117.0,0.0,0.0,0.0,11,111.0,118.0,1,131.0,115.0,117.0,115.0,10.0,1160.0,432
2023-05-09 22:56:30,CF401P13800,CF401P13800,117.0,0.0,0.0,0.0,1,7.0,118.0,1,131.0,115.0,117.0,115.0,10.0,1160.0,432
2023-05-09 22:56:30,CF401P13800,CF401P13800,117.0,0.0,0.0,0.0,2,23.0,118.0,1,131.0,115.0,117.0,115.0,10.0,1160.0,432
2023-05-09 22:56:30,CF401P13800,CF401P13800,117.0,0.0,0.0,0.0,1,26.0,118.0,1,131.0,115.0,117.0,115.0,10.0,1160.0,432
2023-05-09 22:56:31,CF401P13800,CF401P13800,117.0,0.0,0.0,0.0,2,42.0,118.0,1,131.0,115.0,117.0,115.0,10.0,1160.0,432
2023-05-09 22:57:09,CF401P13800,CF401P13800,117.0,0.0,0.0,0.0,2,42.0,117.0,1,131.0,115.0,117.0,115.0,10.0,1160.0,432
2023-05-09 22:57:10,CF401P13800,CF401P13800,117.0,0.0,0.0,0.0,1,8.0,117.0,1,131.0,115.0,117.0,115.0,10.0,1160.0,432
2023-05-09 22:57:10,CF401P13800,CF401P13800,117.0,0.0,0.0,0.0,1,11.0,117.0,1,131.0,115.0,117.0,115.0,10.0,1160.0,432
2023-05-09 22:57:14,CF401P13800,CF401P13800,117.0,0.0,0.0,0.0,1,11.0,118.0,1,131.0,115.0,117.0,115.0,10.0,1160.0,432
2023-05-09 22:57:42,CF401P13800,CF401P13800,117.0,0.0,0.0,0.0,1,11.0,121.0,1,131.0,115.0,117.0,115.0,10.0,1160.0,432
2023-05-09 22:58:00,CF401P13800,CF401P13800,117.0,0.0,0.0,0.0,1,8.0,121.0,1,131.0,115.0,117.0,115.0,10.0,1160.0,432
2023-05-09 22:58:15,CF401P13800,CF401P13800,117.0,0.0,0.0,0.0,1,8.0,120.0,1,131.0,115.0,117.0,115.0,10.0,1160.0,432
2023-05-09 22:58:21,CF401P13800,CF401P13800,117.0,0.0,0.0,0.0,1,8.0,123.0,1,131.0,115.0,117.0,115.0,10.0,1160.0,432
2023-05-09 22:59:05,CF401P13800,CF401P13800,117.0,0.0,0.0,0.0,1,8.0,0.0,0,131.0,115.0,117.0,115.0,10.0,1160.0,432
2023-05-09 22:59:07,CF401P13800,CF401P13800,117.0,0.0,0.0,0.0,1,8.0,1081.0,1,131.0,115.0,117.0,115.0,10.0,1160.0,432
2023-05-09 22:59:56,CF401P13800,CF401P13800,117.0,0.0,0.0,0.0,1,8.0,0.0,0,131.0,115.0,117.0,115.0,10.0,1160.0,432
2023-05-10 09:00:09,CF401P13800,CF401P13800,117.0,0.0,0.0,0.0,1,85.0,434.0,1,131.0,115.0,117.0,115.0,10.0,1160.0,432
2023-05-10 09:00:21,CF401P13800,CF401P13800,117.0,0.0,0.0,0.0,1,85.0,356.0,2,131.0,115.0,117.0,115.0,10.0,1160.0,432
2023-05-10 09:01:24,CF401P13800,CF401P13800,117.0,0.0,0.0,0.0,2,112.0,116.0,2,131.0,115.0,117.0,115.0,10.0,1160.0,432
2023-05-10 09:01:29,CF401P13800,CF401P13800,117.0,0.0,0.0,0.0,2,112.0,115.0,2,131.0,115.0,117.0,115.0,10.0,1160.0,432
2023-05-10 09:02:13,CF401P13800,CF401P13800,117.0,0.0,0.0,0.0,2,113.0,115.0,2,131.0,115.0,117.0,115.0,10.0,1160.0,432
2023-05-10 09:02:30,CF401P13800,CF401P13800,117.0,0.0,0.0,0.0,2,113.0,116.0,2,131.0,115.0,117.0,115.0,10.0,1160.0,432
2023-05-10 09:04:27,CF401P13800,CF401P13800,117.0,0.0,0.0,0.0,2,113.0,115.0,2,131.0,115.0,117.0,115.0,10.0,1160.0,432
2023-05-10 09:04:34,CF401P13800,CF401P13800,117.0,0.0,0.0,0.0,2,113.0,116.0,2,131.0,115.0,117.0,115.0,10.0,1160.0,432
2023-05-10 09:05:10,CF401P13800,CF401P13800,117.0,0.0,0.0,0.0,2,113.0,115.0,2,131.0,115.0,117.0,115.0,10.0,1160.0,432
2023-05-10 09:05:10,CF401P13800,CF401P13800,117.0,0.0,0.0,0.0,2,113.0,116.0,2,131.0,115.0,117.0,115.0,10.0,1160.0,432
2023-05-10 09:05:16,CF401P13800,CF401P13800,117.0,0.0,0.0,0.0,2,113.0,115.0,2,131.0,115.0,117.0,115.0,10.0,1160.0,432
2023-05-10 09:05:40,CF401P13800,CF401P13800,117.0,0.0,0.0,0.0,2,112.0,115.0,2,131.0,115.0,117.0,115.0,10.0,1160.0,432
2023-05-10 09:05:47,CF401P13800,CF401P13800,117.0,0.0,0.0,0.0,2,112.0,114.0,2,131.0,115.0,117.0,115.0,10.0,1160.0,432
2023-05-10 09:05:52,CF401P13800,CF401P13800,117.0,0.0,0.0,0.0,2,112.0,115.0,2,131.0,115.0,117.0,115.0,10.0,1160.0,432
2023-05-10 09:05:55,CF401P13800,CF401P13800,117.0,0.0,0.0,0.0,2,113.0,115.0,2,131.0,115.0,117.0,115.0,10.0,1160.0,432
2023-05-10 09:06:01,CF401P13800,CF401P13800,117.0,0.0,0.0,0.0,2,113.0,118.0,10,131.0,115.0,117.0,115.0,10.0,1160.0,432
2023-05-10 09:06:02,CF401P13800,CF401P13800,117.0,0.0,0.0,0.0,2,113.0,116.0,2,131.0,115.0,117.0,115.0,10.0,1160.0,432
2023-05-10 09:06:03,CF401P13800,CF401P13800,117.0,0.0,0.0,0.0,2,114.0,116.0,2,131.0,115.0,117.0,115.0,10.0,1160.0,432
2023-05-10 09:06:12,CF401P13800,CF401P13800,117.0,0.0,0.0,0.0,2,114.0,118.0,10,131.0,115.0,117.0,115.0,10.0,1160.0,432
2023-05-10 09:06:13,CF401P13800,CF401P13800,117.0,0.0,0.0,0.0,2,114.0,118.0,2,131.0,115.0,117.0,115.0,10.0,1160.0,432
2023-05-10 09:06:13,CF401P13800,CF401P13800,117.0,0.0,0.0,0.0,2,114.0,118.0,12,131.0,115.0,117.0,115.0,10.0,1160.0,432
2023-05-10 09:06:14,CF401P13800,CF401P13800,117.0,0.0,0.0,0.0,2,114.0,117.0,2,131.0,115.0,117.0,115.0,10.0,1160.0,432
2023-05-10 09:06:25,CF401P13800,CF401P13800,117.0,0.0,0.0,0.0,2,114.0,117.0,12,131.0,115.0,117.0,115.0,10.0,1160.0,432
2023-05-10 09:06:26,CF401P13800,CF401P13800,117.0,0.0,0.0,0.0,2,114.0,117.0,2,131.0,115.0,117.0,115.0,10.0,1160.0,432
2023-05-10 09:06:33,CF401P13800,CF401P13800,117.0,0.0,0.0,0.0,2,114.0,117.0,12,131.0,115.0,117.0,115.0,10.0,1160.0,432
2023-05-10 09:06:34,CF401P13800,CF401P13800,117.0,0.0,0.0,0.0,2,114.0,116.0,2,131.0,115.0,117.0,115.0,10.0,1160.0,432
2023-05-10 09:06:35,CF401P13800,CF401P13800,117.0,0.0,0.0,0.0,2,113.0,116.0,2,131.0,115.0,117.0,115.0,10.0,1160.0,432
2023-05-10 09:06:39,CF401P13800,CF401P13800,117.0,0.0,0.0,0.0,2,113.0,115.0,2,131.0,115.0,117.0,115.0,10.0,1160.0,432
2023-05-10 09:07:00,CF401P13800,CF401P13800,117.0,0.0,0.0,0.0,1,104.0,115.0,2,131.0,115.0,117.0,115.0,10.0,1160.0,432
2023-05-10 09:07:00,CF401P13800,CF401P13800,117.0,0.0,0.0,0.0,11,104.0,115.0,2,131.0,115.0,117.0,115.0,10.0,1160.0,432
2023-05-10 09:07:01,CF401P13800,CF401P13800,117.0,0.0,0.0,0.0,2,112.0,115.0,2,131.0,115.0,117.0,115.0,10.0,1160.0,432
2023-05-10 09:07:05,CF401P13800,CF401P13800,117.0,0.0,0.0,0.0,2,113.0,115.0,2,131.0,115.0,117.0,115.0,10.0,1160.0,432
2023-05-10 09:07:22,CF401P13800,CF401P13800,117.0,0.0,0.0,0.0,2,113.0,116.0,2,131.0,115.0,117.0,115.0,10.0,1160.0,432
2023-05-10 09:07:25,CF401P13800,CF401P13800,117.0,0.0,0.0,0.0,2,113.0,115.0,2,131.0,115.0,117.0,115.0,10.0,1160.0,432
2023-05-10 09:07:36,CF401P13800,CF401P13800,117.0,0.0,0.0,0.0,2,113.0,116.0,2,131.0,115.0,117.0,115.0,10.0,1160.0,432
2023-05-10 09:07:49,CF401P13800,CF401P13800,117.0,0.0,0.0,0.0,2,113.0,115.0,2,131.0,115.0,117.0,115.0,10.0,1160.0,432
2023-05-10 09:08:06,CF401P13800,CF401P13800,117.0,0.0,0.0,0.0,2,114.0,116.0,2,131.0,115.0,117.0,115.0,10.0,1160.0,432
2023-05-10 09:08:16,CF401P13800,CF401P13800,117.0,0.0,0.0,0.0,2,114.0,118.0,2,131.0,115.0,117.0,115.0,10.0,1160.0,432
2023-05-10 09:08:18,CF401P13800,CF401P13800,117.0,0.0,0.0,0.0,2,114.0,118.0,12,131.0,115.0,117.0,115.0,10.0,1160.0,432
2023-05-10 09:08:19,CF401P13800,CF401P13800,117.0,0.0,0.0,0.0,2,114.0,118.0,2,131.0,115.0,117.0,115.0,10.0,1160.0,432
2023-05-10 09:08:32,CF401P13800,CF401P13800,117.0,0.0,0.0,0.0,2,114.0,117.0,2,131.0,115.0,117.0,115.0,10.0,1160.0,432
2023-05-10 09:08:45,CF401P13800,CF401P13800,117.0,0.0,0.0,0.0,2,114.0,116.0,2,131.0,115.0,117.0,115.0,10.0,1160.0,432
2023-05-10 09:08:46,CF401P13800,CF401P13800,117.0,0.0,0.0,0.0,2,113.0,116.0,2,131.0,115.0,117.0,115.0,10.0,1160.0,432
2023-05-10 09:08:48,CF401P13800,CF401P13800,117.0,0.0,0.0,0.0,2,113.0,115.0,2,131.0,115.0,117.0,115.0,10.0,1160.0,432
2023-05-10 09:09:15,CF401P13800,CF401P13800,117.0,0.0,0.0,0.0,2,113.0,116.0,2,131.0,115.0,117.0,115.0,10.0,1160.0,432
2023-05-10 09:09:16,CF401P13800,CF401P13800,117.0,0.0,0.0,0.0,2,114.0,116.0,2,131.0,115.0,117.0,115.0,10.0,1160.0,432
2023-05-10 09:09:25,CF401P13800,CF401P13800,117.0,0.0,0.0,0.0,2,114.0,118.0,2,131.0,115.0,117.0,115.0,10.0,1160.0,432
2023-05-10 09:09:34,CF401P13800,CF401P13800,117.0,0.0,0.0,0.0,2,114.0,118.0,12,131.0,115.0,117.0,115.0,10.0,1160.0,432
2023-05-10 09:09:40,CF401P13800,CF401P13800,117.0,0.0,0.0,0.0,2,114.0,118.0,2,131.0,115.0,117.0,115.0,10.0,1160.0,432
2023-05-10 09:09:42,CF401P13800,CF401P13800,117.0,0.0,0.0,0.0,2,114.0,118.0,12,131.0,115.0,117.0,115.0,10.0,1160.0,432
2023-05-10 09:09:50,CF401P13800,CF401P13800,117.0,0.0,0.0,0.0,2,114.0,118.0,2,131.0,115.0,117.0,115.0,10.0,1160.0,432
2023-05-10 09:09:51,CF401P13800,CF401P13800,117.0,0.0,0.0,0.0,2,114.0,118.0,12,131.0,115.0,117.0,115.0,10.0,1160.0,432
2023-05-10 09:09:51,CF401P13800,CF401P13800,117.0,0.0,0.0,0.0,2,114.0,117.0,2,131.0,115.0,117.0,115.0,10.0,1160.0,432
2023-05-10 09:10:18,CF401P13800,CF401P13800,117.0,0.0,0.0,0.0,2,114.0,116.0,2,131.0,115.0,117.0,115.0,10.0,1160.0,432
2023-05-10 09:10:19,CF401P13800,CF401P13800,117.0,0.0,0.0,0.0,2,113.0,116.0,2,131.0,115.0,117.0,115.0,10.0,1160.0,432
2023-05-10 09:10:33,CF401P13800,CF401P13800,117.0,0.0,0.0,0.0,2,113.0,115.0,2,131.0,115.0,117.0,115.0,10.0,1160.0,432
2023-05-10 09:11:04,CF401P13800,CF401P13800,117.0,0.0,0.0,0.0,2,112.0,115.0,2,131.0,115.0,117.0,115.0,10.0,1160.0,432
2023-05-10 09:11:05,CF401P13800,CF401P13800,117.0,0.0,0.0,0.0,2,112.0,115.0,12,131.0,115.0,117.0,115.0,10.0,1160.0,432
2023-05-10 09:11:06,CF401P13800,CF401P13800,117.0,0.0,0.0,0.0,2,112.0,114.0,2,131.0,115.0,117.0,115.0,10.0,1160.0,432
2023-05-10 09:11:12,CF401P13800,CF401P13800,117.0,0.0,0.0,0.0,2,111.0,114.0,12,131.0,115.0,117.0,115.0,10.0,1160.0,432
2023-05-10 09:11:13,CF401P13800,CF401P13800,117.0,0.0,0.0,0.0,2,111.0,114.0,2,131.0,115.0,117.0,115.0,10.0,1160.0,432
2023-05-10 09:11:20,CF401P13800,CF401P13800,117.0,0.0,0.0,0.0,2,112.0,114.0,2,131.0,115.0,117.0,115.0,10.0,1160.0,432
2023-05-10 09:11:28,CF401P13800,CF401P13800,117.0,0.0,0.0,0.0,2,111.0,114.0,2,131.0,115.0,117.0,115.0,10.0,1160.0,432
2023-05-10 09:11:33,CF401P13800,CF401P13800,117.0,0.0,0.0,0.0,2,111.0,113.0,2,131.0,115.0,117.0,115.0,10.0,1160.0,432
2023-05-10 09:12:33,CF401P13800,CF401P13800,117.0,0.0,0.0,0.0,2,111.0,114.0,2,131.0,115.0,117.0,115.0,10.0,1160.0,432
2023-05-10 09:12:47,CF401P13800,CF401P13800,117.0,0.0,0.0,0.0,2,111.0,114.0,12,131.0,115.0,117.0,115.0,10.0,1160.0,432
2023-05-10 09:13:16,CF401P13800,CF401P13800,117.0,0.0,0.0,0.0,2,111.0,113.0,2,131.0,115.0,117.0,115.0,10.0,1160.0,432
2023-05-10 09:13:28,CF401P13800,CF401P13800,117.0,0.0,0.0,0.0,2,110.0,113.0,12,131.0,115.0,117.0,115.0,10.0,1160.0,432
2023-05-10 09:13:30,CF401P13800,CF401P13800,117.0,0.0,0.0,0.0,2,110.0,113.0,2,131.0,115.0,117.0,115.0,10.0,1160.0,432
2023-05-10 09:13:43,CF401P13800,CF401P13800,117.0,0.0,0.0,0.0,2,110.0,113.0,12,131.0,115.0,117.0,115.0,10.0,1160.0,432
2023-05-10 09:13:44,CF401P13800,CF401P13800,117.0,0.0,0.0,0.0,2,110.0,113.0,2,131.0,115.0,117.0,115.0,10.0,1160.0,432
2023-05-10 09:13:48,CF401P13800,CF401P13800,117.0,0.0,0.0,0.0,2,110.0,113.0,12,131.0,115.0,117.0,115.0,10.0,1160.0,432
2023-05-10 09:13:54,CF401P13800,CF401P13800,117.0,0.0,0.0,0.0,2,110.0,112.0,2,131.0,115.0,117.0,115.0,10.0,1160.0,432
2023-05-10 09:14:14,CF401P13800,CF401P13800,117.0,0.0,0.0,0.0,2,110.0,113.0,12,131.0,115.0,117.0,115.0,10.0,1160.0,432
2023-05-10 09:14:14,CF401P13800,CF401P13800,117.0,0.0,0.0,0.0,2,111.0,113.0,12,131.0,115.0,117.0,115.0,10.0,1160.0,432
2023-05-10 09:14:56,CF401P13800,CF401P13800,117.0,0.0,0.0,0.0,2,111.0,114.0,12,131.0,115.0,117.0,115.0,10.0,1160.0,432
2023-05-10 09:14:57,CF401P13800,CF401P13800,117.0,0.0,0.0,0.0,2,112.0,114.0,12,131.0,115.0,117.0,115.0,10.0,1160.0,432
2023-05-10 09:15:07,CF401P13800,CF401P13800,117.0,0.0,0.0,0.0,2,111.0,114.0,12,131.0,115.0,117.0,115.0,10.0,1160.0,432
2023-05-10 09:15:14,CF401P13800,CF401P13800,117.0,0.0,0.0,0.0,2,111.0,113.0,2,131.0,115.0,117.0,115.0,10.0,1160.0,432
2023-05-10 09:15:14,CF401P13800,CF401P13800,117.0,0.0,0.0,0.0,2,111.0,113.0,12,131.0,115.0,117.0,115.0,10.0,1160.0,432
2023-05-10 09:15:19,CF401P13800,CF401P13800,117.0,0.0,0.0,0.0,2,111.0,114.0,12,131.0,115.0,117.0,115.0,10.0,1160.0,432
2023-05-10 09:15:42,CF401P13800,CF401P13800,117.0,0.0,0.0,0.0,2,112.0,114.0,12,131.0,115.0,117.0,115.0,10.0,1160.0,432
2023-05-10 09:16:21,CF401P13800,CF401P13800,117.0,0.0,0.0,0.0,2,112.0,114.0,10,131.0,115.0,117.0,115.0,10.0,1160.0,432
2023-05-10 09:16:21,CF401P13800,CF401P13800,117.0,0.0,0.0,0.0,2,112.0,115.0,12,131.0,115.0,117.0,115.0,10.0,1160.0,432
2023-05-10 09:16:33,CF401P13800,CF401P13800,117.0,0.0,0.0,0.0,2,113.0,115.0,12,131.0,115.0,117.0,115.0,10.0,1160.0,432
2023-05-10 09:18:11,CF401P13800,CF401P13800,117.0,0.0,0.0,0.0,2,113.0,115.0,10,131.0,115.0,117.0,115.0,10.0,1160.0,432
2023-05-10 09:18:12,CF401P13800,CF401P13800,117.0,0.0,0.0,0.0,2,113.0,124.0,1,131.0,115.0,117.0,115.0,10.0,1160.0,432
2023-05-10 09:18:12,CF401P13800,CF401P13800,117.0,0.0,0.0,0.0,2,113.0,122.0,10,131.0,115.0,117.0,115.0,10.0,1160.0,432
2023-05-10 09:18:13,CF401P13800,CF401P13800,117.0,0.0,0.0,0.0,2,113.0,116.0,12,131.0,115.0,117.0,115.0,10.0,1160.0,432
2023-05-10 09:18:14,CF401P13800,CF401P13800,117.0,0.0,0.0,0.0,2,113.0,115.0,2,131.0,115.0,117.0,115.0,10.0,1160.0,432
2023-05-10 09:18:14,CF401P13800,CF401P13800,117.0,0.0,0.0,0.0,2,113.0,115.0,12,131.0,115.0,117.0,115.0,10.0,1160.0,432
2023-05-10 09:18:56,CF401P13800,CF401P13800,117.0,0.0,0.0,0.0,2,113.0,116.0,12,131.0,115.0,117.0,115.0,10.0,1160.0,432
2023-05-10 09:18:57,CF401P13800,CF401P13800,117.0,0.0,0.0,0.0,2,114.0,116.0,12,131.0,115.0,117.0,115.0,10.0,1160.0,432
2023-05-10 09:19:18,CF401P13800,CF401P13800,117.0,0.0,0.0,0.0,2,113.0,116.0,12,131.0,115.0,117.0,115.0,10.0,1160.0,432
2023-05-10 09:19:26,CF401P13800,CF401P13800,117.0,0.0,0.0,0.0,2,113.0,115.0,12,131.0,115.0,117.0,115.0,10.0,1160.0,432
2023-05-10 09:19:31,CF401P13800,CF401P13800,117.0,0.0,0.0,0.0,10,109.0,115.0,12,131.0,115.0,117.0,115.0,10.0,1160.0,432
2023-05-10 09:19:31,CF401P13800,CF401P13800,117.0,0.0,0.0,0.0,2,112.0,115.0,2,131.0,115.0,117.0,115.0,10.0,1160.0,432
2023-05-10 09:19:34,CF401P13800,CF401P13800,117.0,0.0,0.0,0.0,2,112.0,115.0,12,131.0,115.0,117.0,115.0,10.0,1160.0,432
2023-05-10 09:20:04,CF401P13800,CF401P13800,117.0,0.0,0.0,0.0,2,113.0,115.0,12,131.0,115.0,117.0,115.0,10.0,1160.0,432
2023-05-10 09:20:26,CF401P13800,CF401P13800,117.0,0.0,0.0,0.0,2,113.0,115.0,2,131.0,115.0,117.0,115.0,10.0,1160.0,432
2023-05-10 09:20:56,CF401P13800,CF401P13800,117.0,0.0,0.0,0.0,2,113.0,115.0,12,131.0,115.0,117.0,115.0,10.0,1160.0,432
2023-05-10 09:20:57,CF401P13800,CF401P13800,117.0,0.0,0.0,0.0,2,113.0,115.0,2,131.0,115.0,117.0,115.0,10.0,1160.0,432
2023-05-10 09:21:15,CF401P13800,CF401P13800,117.0,0.0,0.0,0.0,2,113.0,116.0,12,131.0,115.0,117.0,115.0,10.0,1160.0,432
2023-05-10 09:21:16,CF401P13800,CF401P13800,117.0,0.0,0.0,0.0,2,113.0,116.0,2,131.0,115.0,117.0,115.0,10.0,1160.0,432
2023-05-10 09:21:17,CF401P13800,CF401P13800,117.0,0.0,0.0,0.0,2,113.0,116.0,12,131.0,115.0,117.0,115.0,10.0,1160.0,432
2023-05-10 09:21:23,CF401P13800,CF401P13800,117.0,0.0,0.0,0.0,2,114.0,116.0,12,131.0,115.0,117.0,115.0,10.0,1160.0,432
2023-05-10 09:21:41,CF401P13800,CF401P13800,117.0,0.0,0.0,0.0,2,114.0,116.0,2,131.0,115.0,117.0,115.0,10.0,1160.0,432
2023-05-10 09:21:51,CF401P13800,CF401P13800,117.0,0.0,0.0,0.0,2,114.0,116.0,12,131.0,115.0,117.0,115.0,10.0,1160.0,432
2023-05-10 09:22:02,CF401P13800,CF401P13800,117.0,0.0,0.0,0.0,2,114.0,116.0,2,131.0,115.0,117.0,115.0,10.0,1160.0,432
2023-05-10 09:22:03,CF401P13800,CF401P13800,117.0,0.0,0.0,0.0,2,114.0,116.0,12,131.0,115.0,117.0,115.0,10.0,1160.0,432
2023-05-10 09:22:58,CF401P13800,CF401P13800,117.0,0.0,0.0,0.0,2,113.0,116.0,12,131.0,115.0,117.0,115.0,10.0,1160.0,432
2023-05-10 09:23:14,CF401P13800,CF401P13800,117.0,0.0,0.0,0.0,2,113.0,116.0,2,131.0,115.0,117.0,115.0,10.0,1160.0,432
2023-05-10 09:23:15,CF401P13800,CF401P13800,117.0,0.0,0.0,0.0,2,113.0,116.0,12,131.0,115.0,117.0,115.0,10.0,1160.0,432
2023-05-10 09:23:21,CF401P13800,CF401P13800,117.0,0.0,0.0,0.0,2,114.0,116.0,2,131.0,115.0,117.0,115.0,10.0,1160.0,432
2023-05-10 09:23:21,CF401P13800,CF401P13800,117.0,0.0,0.0,0.0,2,114.0,116.0,12,131.0,115.0,117.0,115.0,10.0,1160.0,432
2023-05-10 09:23:40,CF401P13800,CF401P13800,117.0,0.0,0.0,0.0,2,113.0,116.0,12,131.0,115.0,117.0,115.0,10.0,1160.0,432
2023-05-10 09:24:13,CF401P13800,CF401P13800,117.0,0.0,0.0,0.0,2,113.0,116.0,2,131.0,115.0,117.0,115.0,10.0,1160.0,432
2023-05-10 09:24:17,CF401P13800,CF401P13800,117.0,0.0,0.0,0.0,2,113.0,116.0,12,131.0,115.0,117.0,115.0,10.0,1160.0,432
2023-05-10 09:24:52,CF401P13800,CF401P13800,117.0,0.0,0.0,0.0,2,113.0,115.0,2,131.0,115.0,117.0,115.0,10.0,1160.0,432
2023-05-10 09:25:40,CF401P13800,CF401P13800,117.0,0.0,0.0,0.0,10,111.0,115.0,2,131.0,115.0,117.0,115.0,10.0,1160.0,432
2023-05-10 09:25:40,CF401P13800,CF401P13800,117.0,0.0,0.0,0.0,10,110.0,115.0,2,131.0,115.0,117.0,115.0,10.0,1160.0,432
2023-05-10 09:25:41,CF401P13800,CF401P13800,117.0,0.0,0.0,0.0,2,112.0,115.0,2,131.0,115.0,117.0,115.0,10.0,1160.0,432
2023-05-10 09:25:45,CF401P13800,CF401P13800,117.0,0.0,0.0,0.0,2,113.0,115.0,2,131.0,115.0,117.0,115.0,10.0,1160.0,432
2023-05-10 09:26:01,CF401P13800,CF401P13800,117.0,0.0,0.0,0.0,2,113.0,115.0,12,131.0,115.0,117.0,115.0,10.0,1160.0,432
2023-05-10 09:26:01,CF401P13800,CF401P13800,117.0,0.0,0.0,0.0,2,113.0,115.0,2,131.0,115.0,117.0,115.0,10.0,1160.0,432
2023-05-10 09:26:05,CF401P13800,CF401P13800,117.0,0.0,0.0,0.0,2,113.0,115.0,12,131.0,115.0,117.0,115.0,10.0,1160.0,432
2023-05-10 09:26:32,CF401P13800,CF401P13800,117.0,0.0,0.0,0.0,2,113.0,115.0,2,131.0,115.0,117.0,115.0,10.0,1160.0,432
2023-05-10 09:26:42,CF401P13800,CF401P13800,117.0,0.0,0.0,0.0,2,112.0,115.0,2,131.0,115.0,117.0,115.0,10.0,1160.0,432
2023-05-10 09:26:43,CF401P13800,CF401P13800,117.0,0.0,0.0,0.0,2,112.0,115.0,12,131.0,115.0,117.0,115.0,10.0,1160.0,432
2023-05-10 09:26:46,CF401P13800,CF401P13800,117.0,0.0,0.0,0.0,2,112.0,115.0,2,131.0,115.0,117.0,115.0,10.0,1160.0,432
2023-05-10 09:26:59,CF401P13800,CF401P13800,117.0,0.0,0.0,0.0,2,113.0,115.0,2,131.0,115.0,117.0,115.0,10.0,1160.0,432
2023-05-10 09:27:40,CF401P13800,CF401P13800,117.0,0.0,0.0,0.0,2,113.0,115.0,12,131.0,115.0,117.0,115.0,10.0,1160.0,432
2023-05-10 09:27:56,CF401P13800,CF401P13800,117.0,0.0,0.0,0.0,2,112.0,115.0,12,131.0,115.0,117.0,115.0,10.0,1160.0,432
2023-05-10 09:28:22,CF401P13800,CF401P13800,117.0,0.0,0.0,0.0,2,113.0,115.0,12,131.0,115.0,117.0,115.0,10.0,1160.0,432
2023-05-10 09:28:22,CF401P13800,CF401P13800,117.0,0.0,0.0,0.0,2,113.0,115.0,2,131.0,115.0,117.0,115.0,10.0,1160.0,432
2023-05-10 09:28:23,CF401P13800,CF401P13800,117.0,0.0,0.0,0.0,2,113.0,115.0,12,131.0,115.0,117.0,115.0,10.0,1160.0,432
2023-05-10 09:28:27,CF401P13800,CF401P13800,117.0,0.0,0.0,0.0,2,113.0,115.0,2,131.0,115.0,117.0,115.0,10.0,1160.0,432
2023-05-10 09:28:31,CF401P13800,CF401P13800,117.0,0.0,0.0,0.0,2,113.0,115.0,12,131.0,115.0,117.0,115.0,10.0,1160.0,432
2023-05-10 09:28:51,CF401P13800,CF401P13800,117.0,0.0,0.0,0.0,2,113.0,115.0,2,131.0,115.0,117.0,115.0,10.0,1160.0,432
2023-05-10 09:28:53,CF401P13800,CF401P13800,117.0,0.0,0.0,0.0,2,113.0,116.0,12,131.0,115.0,117.0,115.0,10.0,1160.0,432
2023-05-10 09:30:14,CF401P13800,CF401P13800,117.0,0.0,0.0,0.0,2,113.0,115.0,2,131.0,115.0,117.0,115.0,10.0,1160.0,432
2023-05-10 09:30:15,CF401P13800,CF401P13800,117.0,0.0,0.0,0.0,2,113.0,115.0,12,131.0,115.0,117.0,115.0,10.0,1160.0,432
2023-05-10 09:30:16,CF401P13800,CF401P13800,117.0,0.0,0.0,0.0,2,112.0,115.0,12,131.0,115.0,117.0,115.0,10.0,1160.0,432
2023-05-10 09:30:19,CF401P13800,CF401P13800,117.0,0.0,0.0,0.0,2,112.0,114.0,2,131.0,115.0,117.0,115.0,10.0,1160.0,432
2023-05-10 09:31:04,CF401P13800,CF401P13800,117.0,0.0,0.0,0.0,2,112.0,115.0,12,131.0,115.0,117.0,115.0,10.0,1160.0,432
2023-05-10 09:31:12,CF401P13800,CF401P13800,117.0,0.0,0.0,0.0,2,112.0,115.0,2,131.0,115.0,117.0,115.0,10.0,1160.0,432
2023-05-10 09:31:28,CF401P13800,CF401P13800,117.0,0.0,0.0,0.0,2,113.0,115.0,2,131.0,115.0,117.0,115.0,10.0,1160.0,432
2023-05-10 09:31:35,CF401P13800,CF401P13800,117.0,0.0,0.0,0.0,2,113.0,115.0,12,131.0,115.0,117.0,115.0,10.0,1160.0,432
2023-05-10 09:31:37,CF401P13800,CF401P13800,117.0,0.0,0.0,0.0,2,113.0,115.0,2,131.0,115.0,117.0,115.0,10.0,1160.0,432
2023-05-10 09:31:37,CF401P13800,CF401P13800,117.0,0.0,0.0,0.0,2,113.0,115.0,12,131.0,115.0,117.0,115.0,10.0,1160.0,432
2023-05-10 09:31:40,CF401P13800,CF401P13800,117.0,0.0,0.0,0.0,2,113.0,115.0,2,131.0,115.0,117.0,115.0,10.0,1160.0,432
2023-05-10 09:31:44,CF401P13800,CF401P13800,117.0,0.0,0.0,0.0,2,113.0,115.0,12,131.0,115.0,117.0,115.0,10.0,1160.0,432
2023-05-10 09:31:53,CF401P13800,CF401P13800,117.0,0.0,0.0,0.0,2,113.0,115.0,2,131.0,115.0,117.0,115.0,10.0,1160.0,432
2023-05-10 09:32:06,CF401P13800,CF401P13800,117.0,0.0,0.0,0.0,2,113.0,116.0,10,131.0,115.0,117.0,115.0,10.0,1160.0,432
2023-05-10 09:32:06,CF401P13800,CF401P13800,117.0,0.0,0.0,0.0,2,113.0,117.0,12,131.0,115.0,117.0,115.0,10.0,1160.0,432
2023-05-10 09:32:10,CF401P13800,CF401P13800,117.0,0.0,0.0,0.0,2,113.0,116.0,12,131.0,115.0,117.0,115.0,10.0,1160.0,432
2023-05-10 09:33:26,CF401P13800,CF401P13800,117.0,0.0,0.0,0.0,2,113.0,116.0,2,131.0,115.0,117.0,115.0,10.0,1160.0,432
2023-05-10 09:33:27,CF401P13800,CF401P13800,117.0,0.0,0.0,0.0,2,113.0,116.0,12,131.0,115.0,117.0,115.0,10.0,1160.0,432
2023-05-10 09:33:34,CF401P13800,CF401P13800,117.0,0.0,0.0,0.0,2,112.0,115.0,12,131.0,115.0,117.0,115.0,10.0,1160.0,432
2023-05-10 09:33:55,CF401P13800,CF401P13800,117.0,0.0,0.0,0.0,2,112.0,114.0,2,131.0,115.0,117.0,115.0,10.0,1160.0,432
2023-05-10 09:35:33,CF401P13800,CF401P13800,117.0,0.0,0.0,0.0,2,111.0,114.0,2,131.0,115.0,117.0,115.0,10.0,1160.0,432
2023-05-10 09:35:37,CF401P13800,CF401P13800,117.0,0.0,0.0,0.0,2,111.0,114.0,12,131.0,115.0,117.0,115.0,10.0,1160.0,432
2023-05-10 09:35:40,CF401P13800,CF401P13800,117.0,0.0,0.0,0.0,2,111.0,114.0,2,131.0,115.0,117.0,115.0,10.0,1160.0,432
2023-05-10 09:35:41,CF401P13800,CF401P13800,117.0,0.0,0.0,0.0,2,111.0,114.0,12,131.0,115.0,117.0,115.0,10.0,1160.0,432
2023-05-10 09:35:45,CF401P13800,CF401P13800,117.0,0.0,0.0,0.0,2,111.0,113.0,2,131.0,115.0,117.0,115.0,10.0,1160.0,432
2023-05-10 09:36:09,CF401P13800,CF401P13800,117.0,0.0,0.0,0.0,2,110.0,113.0,2,131.0,115.0,117.0,115.0,10.0,1160.0,432
2023-05-10 09:36:09,CF401P13800,CF401P13800,117.0,0.0,0.0,0.0,2,110.0,113.0,12,131.0,115.0,117.0,115.0,10.0,1160.0,432
2023-05-10 09:36:15,CF401P13800,CF401P13800,117.0,0.0,0.0,0.0,2,110.0,112.0,2,131.0,115.0,117.0,115.0,10.0,1160.0,432
2023-05-10 09:36:39,CF401P13800,CF401P13800,117.0,0.0,0.0,0.0,2,110.0,113.0,2,131.0,115.0,117.0,115.0,10.0,1160.0,432
2023-05-10 09:36:47,CF401P13800,CF401P13800,117.0,0.0,0.0,0.0,2,110.0,113.0,12,131.0,115.0,117.0,115.0,10.0,1160.0,432
2023-05-10 09:36:48,CF401P13800,CF401P13800,117.0,0.0,0.0,0.0,2,110.0,113.0,2,131.0,115.0,117.0,115.0,10.0,1160.0,432
2023-05-10 09:36:51,CF401P13800,CF401P13800,117.0,0.0,0.0,0.0,2,111.0,113.0,2,131.0,115.0,117.0,115.0,10.0,1160.0,432
2023-05-10 09:37:00,CF401P13800,CF401P13800,117.0,0.0,0.0,0.0,2,111.0,114.0,12,131.0,115.0,117.0,115.0,10.0,1160.0,432
2023-05-10 09:37:04,CF401P13800,CF401P13800,117.0,0.0,0.0,0.0,2,112.0,114.0,12,131.0,115.0,117.0,115.0,10.0,1160.0,432
2023-05-10 09:37:37,CF401P13800,CF401P13800,117.0,0.0,0.0,0.0,2,112.0,114.0,10,131.0,115.0,117.0,115.0,10.0,1160.0,432
2023-05-10 09:37:37,CF401P13800,CF401P13800,117.0,0.0,0.0,0.0,2,112.0,116.0,12,131.0,115.0,117.0,115.0,10.0,1160.0,432
2023-05-10 09:37:58,CF401P13800,CF401P13800,117.0,0.0,0.0,0.0,2,112.0,115.0,12,131.0,115.0,117.0,115.0,10.0,1160.0,432
2023-05-10 09:38:08,CF401P13800,CF401P13800,117.0,0.0,0.0,0.0,2,112.0,115.0,2,131.0,115.0,117.0,115.0,10.0,1160.0,432
2023-05-10 09:38:09,CF401P13800,CF401P13800,117.0,0.0,0.0,0.0,2,112.0,115.0,12,131.0,115.0,117.0,115.0,10.0,1160.0,432
2023-05-10 09:38:15,CF401P13800,CF401P13800,117.0,0.0,0.0,0.0,2,112.0,114.0,2,131.0,115.0,117.0,115.0,10.0,1160.0,432
2023-05-10 09:38:17,CF401P13800,CF401P13800,117.0,0.0,0.0,0.0,2,112.0,114.0,12,131.0,115.0,117.0,115.0,10.0,1160.0,432
2023-05-10 09:38:37,CF401P13800,CF401P13800,117.0,0.0,0.0,0.0,2,111.0,114.0,12,131.0,115.0,117.0,115.0,10.0,1160.0,432
2023-05-10 09:38:42,CF401P13800,CF401P13800,117.0,0.0,0.0,0.0,2,111.0,113.0,2,131.0,115.0,117.0,115.0,10.0,1160.0,432
2023-05-10 09:41:27,CF401P13800,CF401P13800,117.0,0.0,0.0,0.0,2,111.0,114.0,2,131.0,115.0,117.0,115.0,10.0,1160.0,432
2023-05-10 09:41:35,CF401P13800,CF401P13800,117.0,0.0,0.0,0.0,2,112.0,114.0,2,131.0,115.0,117.0,115.0,10.0,1160.0,432
2023-05-10 09:41:47,CF401P13800,CF401P13800,117.0,0.0,0.0,0.0,2,112.0,114.0,12,131.0,115.0,117.0,115.0,10.0,1160.0,432
2023-05-10 09:44:00,CF401P13800,CF401P13800,117.0,0.0,0.0,0.0,2,111.0,114.0,12,131.0,115.0,117.0,115.0,10.0,1160.0,432
2023-05-10 09:44:19,CF401P13800,CF401P13800,117.0,0.0,0.0,0.0,2,111.0,113.0,12,131.0,115.0,117.0,115.0,10.0,1160.0,432
2023-05-10 09:44:25,CF401P13800,CF401P13800,117.0,0.0,0.0,0.0,2,110.0,113.0,12,131.0,115.0,117.0,115.0,10.0,1160.0,432
2023-05-10 09:44:44,CF401P13800,CF401P13800,117.0,0.0,0.0,0.0,2,110.0,113.0,2,131.0,115.0,117.0,115.0,10.0,1160.0,432
2023-05-10 09:45:07,CF401P13800,CF401P13800,117.0,0.0,0.0,0.0,2,111.0,113.0,2,131.0,115.0,117.0,115.0,10.0,1160.0,432
2023-05-10 09:45:19,CF401P13800,CF401P13800,117.0,0.0,0.0,0.0,2,111.0,113.0,12,131.0,115.0,117.0,115.0,10.0,1160.0,432
2023-05-10 09:45:20,CF401P13800,CF401P13800,117.0,0.0,0.0,0.0,2,111.0,113.0,2,131.0,115.0,117.0,115.0,10.0,1160.0,432
2023-05-10 09:45:21,CF401P13800,CF401P13800,117.0,0.0,0.0,0.0,2,111.0,113.0,12,131.0,115.0,117.0,115.0,10.0,1160.0,432
2023-05-10 09:45:22,CF401P13800,CF401P13800,117.0,0.0,0.0,0.0,2,111.0,113.0,2,131.0,115.0,117.0,115.0,10.0,1160.0,432
2023-05-10 09:45:28,CF401P13800,CF401P13800,117.0,0.0,0.0,0.0,2,111.0,113.0,12,131.0,115.0,117.0,115.0,10.0,1160.0,432
2023-05-10 09:45:29,CF401P13800,CF401P13800,117.0,0.0,0.0,0.0,2,111.0,113.0,2,131.0,115.0,117.0,115.0,10.0,1160.0,432
2023-05-10 09:45:30,CF401P13800,CF401P13800,117.0,0.0,0.0,0.0,2,111.0,113.0,12,131.0,115.0,117.0,115.0,10.0,1160.0,432
2023-05-10 09:45:48,CF401P13800,CF401P13800,117.0,0.0,0.0,0.0,2,110.0,113.0,12,131.0,115.0,117.0,115.0,10.0,1160.0,432
2023-05-10 09:46:06,CF401P13800,CF401P13800,117.0,0.0,0.0,0.0,2,111.0,113.0,12,131.0,115.0,117.0,115.0,10.0,1160.0,432
2023-05-10 09:46:07,CF401P13800,CF401P13800,117.0,0.0,0.0,0.0,2,111.0,113.0,2,131.0,115.0,117.0,115.0,10.0,1160.0,432
2023-05-10 09:46:39,CF401P13800,CF401P13800,117.0,0.0,0.0,0.0,2,111.0,113.0,12,131.0,115.0,117.0,115.0,10.0,1160.0,432
2023-05-10 09:46:49,CF401P13800,CF401P13800,117.0,0.0,0.0,0.0,2,110.0,113.0,12,131.0,115.0,117.0,115.0,10.0,1160.0,432
2023-05-10 09:46:50,CF401P13800,CF401P13800,117.0,0.0,0.0,0.0,2,110.0,112.0,2,131.0,115.0,117.0,115.0,10.0,1160.0,432
2023-05-10 09:48:12,CF401P13800,CF401P13800,117.0,0.0,0.0,0.0,2,109.0,112.0,2,131.0,115.0,117.0,115.0,10.0,1160.0,432
2023-05-10 09:48:13,CF401P13800,CF401P13800,117.0,0.0,0.0,0.0,2,109.0,111.0,2,131.0,115.0,117.0,115.0,10.0,1160.0,432
2023-05-10 09:50:11,CF401P13800,CF401P13800,117.0,0.0,0.0,0.0,2,109.0,111.0,12,131.0,115.0,117.0,115.0,10.0,1160.0,432
2023-05-10 09:50:14,CF401P13800,CF401P13800,117.0,0.0,0.0,0.0,2,108.0,111.0,12,131.0,115.0,117.0,115.0,10.0,1160.0,432
2023-05-10 09:50:16,CF401P13800,CF401P13800,117.0,0.0,0.0,0.0,2,108.0,110.0,2,131.0,115.0,117.0,115.0,10.0,1160.0,432
2023-05-10 09:50:18,CF401P13800,CF401P13800,117.0,0.0,0.0,0.0,2,108.0,110.0,12,131.0,115.0,117.0,115.0,10.0,1160.0,432
2023-05-10 09:50:23,CF401P13800,CF401P13800,117.0,0.0,0.0,0.0,11,104.0,110.0,12,131.0,115.0,117.0,115.0,10.0,1160.0,432
2023-05-10 09:50:24,CF401P13800,CF401P13800,117.0,0.0,0.0,0.0,2,107.0,110.0,12,131.0,115.0,117.0,115.0,10.0,1160.0,432
2023-05-10 09:50:27,CF401P13800,CF401P13800,117.0,0.0,0.0,0.0,2,107.0,109.0,2,131.0,115.0,117.0,115.0,10.0,1160.0,432
2023-05-10 09:50:32,CF401P13800,CF401P13800,117.0,0.0,0.0,0.0,2,107.0,110.0,12,131.0,115.0,117.0,115.0,10.0,1160.0,432
2023-05-10 09:50:42,CF401P13800,CF401P13800,117.0,0.0,0.0,0.0,2,107.0,109.0,2,131.0,115.0,117.0,115.0,10.0,1160.0,432
2023-05-10 09:50:57,CF401P13800,CF401P13800,117.0,0.0,0.0,0.0,2,107.0,109.0,12,131.0,115.0,117.0,115.0,10.0,1160.0,432
2023-05-10 09:50:58,CF401P13800,CF401P13800,117.0,0.0,0.0,0.0,2,107.0,109.0,2,131.0,115.0,117.0,115.0,10.0,1160.0,432
2023-05-10 09:51:02,CF401P13800,CF401P13800,117.0,0.0,0.0,0.0,2,107.0,110.0,12,131.0,115.0,117.0,115.0,10.0,1160.0,432
2023-05-10 09:51:04,CF401P13800,CF401P13800,117.0,0.0,0.0,0.0,2,108.0,110.0,12,131.0,115.0,117.0,115.0,10.0,1160.0,432
2023-05-10 09:51:46,CF401P13800,CF401P13800,117.0,0.0,0.0,0.0,2,107.0,110.0,12,131.0,115.0,117.0,115.0,10.0,1160.0,432
2023-05-10 09:51:50,CF401P13800,CF401P13800,117.0,0.0,0.0,0.0,2,107.0,109.0,2,131.0,115.0,117.0,115.0,10.0,1160.0,432
2023-05-10 09:51:50,CF401P13800,CF401P13800,117.0,0.0,0.0,0.0,2,107.0,109.0,12,131.0,115.0,117.0,115.0,10.0,1160.0,432
2023-05-10 09:52:01,CF401P13800,CF401P13800,117.0,0.0,0.0,0.0,2,107.0,110.0,2,131.0,115.0,117.0,115.0,10.0,1160.0,432
2023-05-10 09:52:02,CF401P13800,CF401P13800,117.0,0.0,0.0,0.0,2,107.0,110.0,12,131.0,115.0,117.0,115.0,10.0,1160.0,432
2023-05-10 09:52:17,CF401P13800,CF401P13800,117.0,0.0,0.0,0.0,2,108.0,110.0,12,131.0,115.0,117.0,115.0,10.0,1160.0,432
2023-05-10 09:53:05,CF401P13800,CF401P13800,117.0,0.0,0.0,0.0,2,108.0,111.0,12,131.0,115.0,117.0,115.0,10.0,1160.0,432
2023-05-10 09:53:19,CF401P13800,CF401P13800,117.0,0.0,0.0,0.0,2,109.0,111.0,12,131.0,115.0,117.0,115.0,10.0,1160.0,432
2023-05-10 09:56:48,CF401P13800,CF401P13800,117.0,0.0,0.0,0.0,2,109.0,111.0,10,131.0,115.0,117.0,115.0,10.0,1160.0,432
2023-05-10 09:56:48,CF401P13800,CF401P13800,117.0,0.0,0.0,0.0,2,109.0,112.0,12,131.0,115.0,117.0,115.0,10.0,1160.0,432
2023-05-10 09:57:01,CF401P13800,CF401P13800,117.0,0.0,0.0,0.0,2,110.0,112.0,12,131.0,115.0,117.0,115.0,10.0,1160.0,432
2023-05-10 09:58:20,CF401P13800,CF401P13800,117.0,0.0,0.0,0.0,2,109.0,112.0,12,131.0,115.0,117.0,115.0,10.0,1160.0,432
2023-05-10 09:58:37,CF401P13800,CF401P13800,117.0,0.0,0.0,0.0,2,109.0,111.0,2,131.0,115.0,117.0,115.0,10.0,1160.0,432
2023-05-10 09:58:38,CF401P13800,CF401P13800,117.0,0.0,0.0,0.0,2,109.0,111.0,12,131.0,115.0,117.0,115.0,10.0,1160.0,432
2023-05-10 10:00:05,CF401P13800,CF401P13800,117.0,0.0,0.0,0.0,11,104.0,111.0,12,131.0,115.0,117.0,115.0,10.0,1160.0,432
2023-05-10 10:00:05,CF401P13800,CF401P13800,117.0,0.0,0.0,0.0,2,107.0,110.0,2,131.0,115.0,117.0,115.0,10.0,1160.0,432
2023-05-10 10:00:05,CF401P13800,CF401P13800,117.0,0.0,0.0,0.0,2,107.0,110.0,12,131.0,115.0,117.0,115.0,10.0,1160.0,432
2023-05-10 10:00:29,CF401P13800,CF401P13800,117.0,0.0,0.0,0.0,2,107.0,109.0,2,131.0,115.0,117.0,115.0,10.0,1160.0,432
2023-05-10 10:00:42,CF401P13800,CF401P13800,117.0,0.0,0.0,0.0,2,107.0,109.0,12,131.0,115.0,117.0,115.0,10.0,1160.0,432
2023-05-10 10:00:43,CF401P13800,CF401P13800,117.0,0.0,0.0,0.0,2,106.0,109.0,12,131.0,115.0,117.0,115.0,10.0,1160.0,432
2023-05-10 10:00:46,CF401P13800,CF401P13800,117.0,0.0,0.0,0.0,2,106.0,109.0,2,131.0,115.0,117.0,115.0,10.0,1160.0,432
2023-05-10 10:00:47,CF401P13800,CF401P13800,117.0,0.0,0.0,0.0,2,106.0,109.0,12,131.0,115.0,117.0,115.0,10.0,1160.0,432
2023-05-10 10:00:52,CF401P13800,CF401P13800,117.0,0.0,0.0,0.0,2,106.0,108.0,2,131.0,115.0,117.0,115.0,10.0,1160.0,432
2023-05-10 10:01:46,CF401P13800,CF401P13800,117.0,0.0,0.0,0.0,2,106.0,109.0,12,131.0,115.0,117.0,115.0,10.0,1160.0,432
2023-05-10 10:01:53,CF401P13800,CF401P13800,117.0,0.0,0.0,0.0,2,106.0,108.0,12,131.0,115.0,117.0,115.0,10.0,1160.0,432
2023-05-10 10:02:10,CF401P13800,CF401P13800,117.0,0.0,0.0,0.0,2,106.0,108.0,2,131.0,115.0,117.0,115.0,10.0,1160.0,432
2023-05-10 10:02:12,CF401P13800,CF401P13800,117.0,0.0,0.0,0.0,2,106.0,108.0,12,131.0,115.0,117.0,115.0,10.0,1160.0,432
2023-05-10 10:02:22,CF401P13800,CF401P13800,117.0,0.0,0.0,0.0,2,106.0,108.0,2,131.0,115.0,117.0,115.0,10.0,1160.0,432
