time,symbol_id,symbol_name,last,trade_volume,trade_amount,open_interest_change,bv1,bp1,ap1,av1,yesterday_close,today_open,today_high,today_low,volume,amount,open_interest
2023-05-09 19:10:58,CF401P12800,CF401P12800,39.0,0.0,0.0,0.0,0,0.0,0.0,0,39.0,38.0,0.0,0.0,0.0,0.0,1046
2023-05-09 20:59:00,CF401P12800,CF401P12800,39.0,0.0,0.0,0.0,2,25.0,88.0,5,39.0,38.0,0.0,0.0,0.0,0.0,1046
2023-05-09 21:00:00,CF401P12800,CF401P12800,39.0,0.0,0.0,0.0,12,32.0,44.0,12,39.0,38.0,0.0,0.0,0.0,0.0,1046
2023-05-09 21:00:11,CF401P12800,CF401P12800,39.0,0.0,0.0,0.0,2,25.0,88.0,5,39.0,38.0,0.0,0.0,0.0,0.0,1046
2023-05-09 21:00:11,CF401P12800,CF401P12800,39.0,0.0,0.0,0.0,2,29.0,45.0,2,39.0,38.0,0.0,0.0,0.0,0.0,1046
2023-05-09 21:00:11,CF401P12800,CF401P12800,39.0,0.0,0.0,0.0,2,25.0,88.0,5,39.0,38.0,0.0,0.0,0.0,0.0,1046
2023-05-09 21:00:50,CF401P12800,CF401P12800,39.0,0.0,0.0,0.0,1,28.0,45.0,1,39.0,38.0,0.0,0.0,0.0,0.0,1046
2023-05-09 21:01:09,CF401P12800,CF401P12800,39.0,0.0,0.0,0.0,3,35.0,38.0,3,39.0,38.0,0.0,0.0,0.0,0.0,1046
2023-05-09 21:02:29,CF401P12800,CF401P12800,39.0,0.0,0.0,0.0,3,35.0,37.0,3,39.0,38.0,0.0,0.0,0.0,0.0,1046
2023-05-09 21:02:59,CF401P12800,CF401P12800,39.0,0.0,0.0,0.0,3,34.0,37.0,3,39.0,38.0,0.0,0.0,0.0,0.0,1046
2023-05-09 21:03:09,CF401P12800,CF401P12800,39.0,0.0,0.0,0.0,3,34.0,36.0,3,39.0,38.0,0.0,0.0,0.0,0.0,1046
2023-05-09 21:03:20,CF401P12800,CF401P12800,39.0,0.0,0.0,0.0,3,33.0,36.0,3,39.0,38.0,0.0,0.0,0.0,0.0,1046
2023-05-09 21:03:25,CF401P12800,CF401P12800,39.0,0.0,0.0,0.0,3,33.0,35.0,3,39.0,38.0,0.0,0.0,0.0,0.0,1046
2023-05-09 21:03:31,CF401P12800,CF401P12800,39.0,0.0,0.0,0.0,3,32.0,35.0,3,39.0,38.0,0.0,0.0,0.0,0.0,1046
2023-05-09 21:05:00,CF401P12800,CF401P12800,39.0,0.0,0.0,0.0,3,33.0,35.0,3,39.0,38.0,0.0,0.0,0.0,0.0,1046
2023-05-09 21:05:21,CF401P12800,CF401P12800,39.0,0.0,0.0,0.0,3,33.0,34.0,10,39.0,38.0,0.0,0.0,0.0,0.0,1046
2023-05-09 21:05:28,CF401P12800,CF401P12800,39.0,0.0,0.0,0.0,3,33.0,35.0,13,39.0,38.0,0.0,0.0,0.0,0.0,1046
2023-05-09 21:05:50,CF401P12800,CF401P12800,39.0,0.0,0.0,0.0,3,33.0,35.0,10,39.0,38.0,0.0,0.0,0.0,0.0,1046
2023-05-09 21:06:15,CF401P12800,CF401P12800,39.0,0.0,0.0,0.0,3,33.0,36.0,13,39.0,38.0,0.0,0.0,0.0,0.0,1046
2023-05-09 21:06:30,CF401P12800,CF401P12800,39.0,0.0,0.0,0.0,3,34.0,36.0,13,39.0,38.0,0.0,0.0,0.0,0.0,1046
2023-05-09 21:07:02,CF401P12800,CF401P12800,39.0,0.0,0.0,0.0,3,34.0,37.0,3,39.0,38.0,0.0,0.0,0.0,0.0,1046
2023-05-09 21:07:03,CF401P12800,CF401P12800,39.0,0.0,0.0,0.0,3,34.0,37.0,13,39.0,38.0,0.0,0.0,0.0,0.0,1046
2023-05-09 21:07:09,CF401P12800,CF401P12800,39.0,0.0,0.0,0.0,3,35.0,37.0,13,39.0,38.0,0.0,0.0,0.0,0.0,1046
2023-05-09 21:07:35,CF401P12800,CF401P12800,39.0,0.0,0.0,0.0,3,35.0,37.0,3,39.0,38.0,0.0,0.0,0.0,0.0,1046
2023-05-09 21:07:36,CF401P12800,CF401P12800,39.0,0.0,0.0,0.0,3,35.0,37.0,13,39.0,38.0,0.0,0.0,0.0,0.0,1046
2023-05-09 21:08:02,CF401P12800,CF401P12800,39.0,0.0,0.0,0.0,3,34.0,37.0,13,39.0,38.0,0.0,0.0,0.0,0.0,1046
2023-05-09 21:08:34,CF401P12800,CF401P12800,39.0,0.0,0.0,0.0,3,35.0,37.0,13,39.0,38.0,0.0,0.0,0.0,0.0,1046
2023-05-09 21:11:30,CF401P12800,CF401P12800,39.0,0.0,0.0,0.0,3,35.0,37.0,10,39.0,38.0,0.0,0.0,0.0,0.0,1046
2023-05-09 21:11:30,CF401P12800,CF401P12800,39.0,0.0,0.0,0.0,3,35.0,38.0,13,39.0,38.0,0.0,0.0,0.0,0.0,1046
2023-05-09 21:12:43,CF401P12800,CF401P12800,39.0,0.0,0.0,0.0,3,36.0,38.0,13,39.0,38.0,0.0,0.0,0.0,0.0,1046
2023-05-09 21:15:38,CF401P12800,CF401P12800,39.0,0.0,0.0,0.0,3,37.0,38.0,13,39.0,38.0,0.0,0.0,0.0,0.0,1046
2023-05-09 21:15:48,CF401P12800,CF401P12800,39.0,0.0,0.0,0.0,3,37.0,39.0,13,39.0,38.0,0.0,0.0,0.0,0.0,1046
2023-05-09 21:16:36,CF401P12800,CF401P12800,39.0,0.0,0.0,0.0,3,36.0,38.0,3,39.0,38.0,0.0,0.0,0.0,0.0,1046
2023-05-09 21:16:36,CF401P12800,CF401P12800,38.0,2.0,76.0,0.0,3,36.0,38.0,20,39.0,38.0,38.0,38.0,2.0,76.0,1046
2023-05-09 21:18:14,CF401P12800,CF401P12800,38.0,0.0,0.0,0.0,3,36.0,37.0,3,39.0,38.0,38.0,38.0,2.0,76.0,1046
2023-05-09 21:18:14,CF401P12800,CF401P12800,38.0,0.0,0.0,0.0,3,36.0,37.0,13,39.0,38.0,38.0,38.0,2.0,76.0,1046
2023-05-09 21:18:17,CF401P12800,CF401P12800,38.0,0.0,0.0,0.0,3,35.0,37.0,13,39.0,38.0,38.0,38.0,2.0,76.0,1046
2023-05-09 21:18:38,CF401P12800,CF401P12800,38.0,0.0,0.0,0.0,3,35.0,37.0,3,39.0,38.0,38.0,38.0,2.0,76.0,1046
2023-05-09 21:18:39,CF401P12800,CF401P12800,38.0,0.0,0.0,0.0,3,35.0,37.0,13,39.0,38.0,38.0,38.0,2.0,76.0,1046
2023-05-09 21:20:01,CF401P12800,CF401P12800,38.0,0.0,0.0,0.0,3,35.0,37.0,3,39.0,38.0,38.0,38.0,2.0,76.0,1046
2023-05-09 21:20:02,CF401P12800,CF401P12800,38.0,0.0,0.0,0.0,3,35.0,37.0,13,39.0,38.0,38.0,38.0,2.0,76.0,1046
2023-05-09 21:21:29,CF401P12800,CF401P12800,35.0,2.0,72.0,0.0,1,35.0,37.0,13,39.0,38.0,38.0,35.0,4.0,148.0,1046
2023-05-09 21:21:33,CF401P12800,CF401P12800,35.0,0.0,0.0,0.0,1,35.0,36.0,3,39.0,38.0,38.0,35.0,4.0,148.0,1046
2023-05-09 21:21:33,CF401P12800,CF401P12800,35.0,0.0,0.0,0.0,3,34.0,36.0,13,39.0,38.0,38.0,35.0,4.0,148.0,1046
2023-05-09 21:22:25,CF401P12800,CF401P12800,35.0,0.0,0.0,0.0,3,34.0,36.0,3,39.0,38.0,38.0,35.0,4.0,148.0,1046
2023-05-09 21:22:26,CF401P12800,CF401P12800,35.0,0.0,0.0,0.0,3,34.0,36.0,13,39.0,38.0,38.0,35.0,4.0,148.0,1046
2023-05-09 21:22:34,CF401P12800,CF401P12800,35.0,0.0,0.0,0.0,5,35.0,36.0,13,39.0,38.0,38.0,35.0,4.0,148.0,1046
2023-05-09 21:22:34,CF401P12800,CF401P12800,35.0,0.0,0.0,0.0,5,35.0,37.0,13,39.0,38.0,38.0,35.0,4.0,148.0,1046
2023-05-09 21:25:07,CF401P12800,CF401P12800,35.0,0.0,0.0,0.0,5,35.0,37.0,10,39.0,38.0,38.0,35.0,4.0,148.0,1046
2023-05-09 21:25:07,CF401P12800,CF401P12800,35.0,0.0,0.0,0.0,5,35.0,38.0,20,39.0,38.0,38.0,35.0,4.0,148.0,1046
2023-05-09 21:25:08,CF401P12800,CF401P12800,35.0,0.0,0.0,0.0,5,36.0,38.0,20,39.0,38.0,38.0,35.0,4.0,148.0,1046
2023-05-09 21:26:36,CF401P12800,CF401P12800,35.0,0.0,0.0,0.0,3,35.0,38.0,20,39.0,38.0,38.0,35.0,4.0,148.0,1046
2023-05-09 21:27:54,CF401P12800,CF401P12800,35.0,0.0,0.0,0.0,3,35.0,37.0,13,39.0,38.0,38.0,35.0,4.0,148.0,1046
2023-05-09 21:35:20,CF401P12800,CF401P12800,35.0,0.0,0.0,0.0,3,35.0,36.0,3,39.0,38.0,38.0,35.0,4.0,148.0,1046
2023-05-09 21:35:20,CF401P12800,CF401P12800,35.0,0.0,0.0,0.0,3,34.0,36.0,13,39.0,38.0,38.0,35.0,4.0,148.0,1046
2023-05-09 21:35:45,CF401P12800,CF401P12800,35.0,0.0,0.0,0.0,3,35.0,36.0,13,39.0,38.0,38.0,35.0,4.0,148.0,1046
2023-05-09 21:36:11,CF401P12800,CF401P12800,35.0,0.0,0.0,0.0,3,35.0,37.0,13,39.0,38.0,38.0,35.0,4.0,148.0,1046
2023-05-09 21:40:02,CF401P12800,CF401P12800,35.0,0.0,0.0,0.0,3,35.0,37.0,3,39.0,38.0,38.0,35.0,4.0,148.0,1046
2023-05-09 21:40:03,CF401P12800,CF401P12800,35.0,0.0,0.0,0.0,3,35.0,37.0,13,39.0,38.0,38.0,35.0,4.0,148.0,1046
2023-05-09 21:43:04,CF401P12800,CF401P12800,35.0,0.0,0.0,0.0,3,35.0,37.0,3,39.0,38.0,38.0,35.0,4.0,148.0,1046
2023-05-09 21:43:05,CF401P12800,CF401P12800,35.0,0.0,0.0,0.0,3,35.0,37.0,13,39.0,38.0,38.0,35.0,4.0,148.0,1046
2023-05-09 21:45:39,CF401P12800,CF401P12800,35.0,0.0,0.0,0.0,3,35.0,36.0,3,39.0,38.0,38.0,35.0,4.0,148.0,1046
2023-05-09 21:45:39,CF401P12800,CF401P12800,35.0,0.0,0.0,0.0,3,34.0,36.0,3,39.0,38.0,38.0,35.0,4.0,148.0,1046
2023-05-09 21:45:50,CF401P12800,CF401P12800,35.0,0.0,0.0,0.0,3,34.0,36.0,13,39.0,38.0,38.0,35.0,4.0,148.0,1046
2023-05-09 21:46:52,CF401P12800,CF401P12800,35.0,0.0,0.0,0.0,3,35.0,36.0,13,39.0,38.0,38.0,35.0,4.0,148.0,1046
2023-05-09 21:47:30,CF401P12800,CF401P12800,35.0,0.0,0.0,0.0,3,35.0,36.0,10,39.0,38.0,38.0,35.0,4.0,148.0,1046
2023-05-09 21:47:30,CF401P12800,CF401P12800,35.0,0.0,0.0,0.0,3,35.0,37.0,13,39.0,38.0,38.0,35.0,4.0,148.0,1046
2023-05-09 21:48:34,CF401P12800,CF401P12800,35.0,0.0,0.0,0.0,3,35.0,37.0,3,39.0,38.0,38.0,35.0,4.0,148.0,1046
2023-05-09 21:48:50,CF401P12800,CF401P12800,35.0,0.0,0.0,0.0,3,35.0,37.0,13,39.0,38.0,38.0,35.0,4.0,148.0,1046
2023-05-09 21:57:24,CF401P12800,CF401P12800,35.0,0.0,0.0,0.0,3,35.0,36.0,3,39.0,38.0,38.0,35.0,4.0,148.0,1046
2023-05-09 21:57:24,CF401P12800,CF401P12800,35.0,0.0,0.0,0.0,3,35.0,36.0,13,39.0,38.0,38.0,35.0,4.0,148.0,1046
2023-05-09 21:58:00,CF401P12800,CF401P12800,35.0,0.0,0.0,0.0,3,34.0,36.0,13,39.0,38.0,38.0,35.0,4.0,148.0,1046
2023-05-09 21:58:53,CF401P12800,CF401P12800,35.0,0.0,0.0,0.0,3,34.0,36.0,3,39.0,38.0,38.0,35.0,4.0,148.0,1046
2023-05-09 21:59:07,CF401P12800,CF401P12800,35.0,0.0,0.0,0.0,3,34.0,36.0,13,39.0,38.0,38.0,35.0,4.0,148.0,1046
2023-05-09 22:00:32,CF401P12800,CF401P12800,35.0,0.0,0.0,0.0,3,34.0,36.0,3,39.0,38.0,38.0,35.0,4.0,148.0,1046
2023-05-09 22:00:37,CF401P12800,CF401P12800,35.0,0.0,0.0,0.0,3,34.0,36.0,13,39.0,38.0,38.0,35.0,4.0,148.0,1046
2023-05-09 22:00:56,CF401P12800,CF401P12800,35.0,0.0,0.0,0.0,3,34.0,36.0,3,39.0,38.0,38.0,35.0,4.0,148.0,1046
2023-05-09 22:00:56,CF401P12800,CF401P12800,35.0,0.0,0.0,0.0,3,34.0,36.0,13,39.0,38.0,38.0,35.0,4.0,148.0,1046
2023-05-09 22:01:37,CF401P12800,CF401P12800,35.0,0.0,0.0,0.0,3,34.0,36.0,3,39.0,38.0,38.0,35.0,4.0,148.0,1046
2023-05-09 22:01:38,CF401P12800,CF401P12800,35.0,0.0,0.0,0.0,3,34.0,36.0,13,39.0,38.0,38.0,35.0,4.0,148.0,1046
2023-05-09 22:05:05,CF401P12800,CF401P12800,35.0,0.0,0.0,0.0,3,34.0,36.0,3,39.0,38.0,38.0,35.0,4.0,148.0,1046
2023-05-09 22:05:06,CF401P12800,CF401P12800,35.0,0.0,0.0,0.0,3,34.0,36.0,13,39.0,38.0,38.0,35.0,4.0,148.0,1046
2023-05-09 22:06:55,CF401P12800,CF401P12800,35.0,0.0,0.0,0.0,3,34.0,36.0,3,39.0,38.0,38.0,35.0,4.0,148.0,1046
2023-05-09 22:06:56,CF401P12800,CF401P12800,35.0,0.0,0.0,0.0,3,34.0,36.0,13,39.0,38.0,38.0,35.0,4.0,148.0,1046
2023-05-09 22:10:17,CF401P12800,CF401P12800,35.0,0.0,0.0,0.0,3,34.0,36.0,3,39.0,38.0,38.0,35.0,4.0,148.0,1046
2023-05-09 22:10:17,CF401P12800,CF401P12800,35.0,0.0,0.0,0.0,3,34.0,36.0,13,39.0,38.0,38.0,35.0,4.0,148.0,1046
2023-05-09 22:11:33,CF401P12800,CF401P12800,35.0,0.0,0.0,0.0,3,33.0,36.0,13,39.0,38.0,38.0,35.0,4.0,148.0,1046
2023-05-09 22:11:34,CF401P12800,CF401P12800,35.0,0.0,0.0,0.0,3,33.0,35.0,3,39.0,38.0,38.0,35.0,4.0,148.0,1046
2023-05-09 22:11:34,CF401P12800,CF401P12800,35.0,0.0,0.0,0.0,3,33.0,35.0,13,39.0,38.0,38.0,35.0,4.0,148.0,1046
2023-05-09 22:12:14,CF401P12800,CF401P12800,35.0,0.0,0.0,0.0,3,34.0,35.0,13,39.0,38.0,38.0,35.0,4.0,148.0,1046
2023-05-09 22:12:49,CF401P12800,CF401P12800,35.0,0.0,0.0,0.0,3,34.0,36.0,13,39.0,38.0,38.0,35.0,4.0,148.0,1046
2023-05-09 22:16:46,CF401P12800,CF401P12800,35.0,0.0,0.0,0.0,3,33.0,36.0,13,39.0,38.0,38.0,35.0,4.0,148.0,1046
2023-05-09 22:16:46,CF401P12800,CF401P12800,35.0,0.0,0.0,0.0,3,33.0,36.0,3,39.0,38.0,38.0,35.0,4.0,148.0,1046
2023-05-09 22:16:47,CF401P12800,CF401P12800,35.0,0.0,0.0,0.0,3,33.0,36.0,13,39.0,38.0,38.0,35.0,4.0,148.0,1046
2023-05-09 22:16:49,CF401P12800,CF401P12800,35.0,0.0,0.0,0.0,3,33.0,35.0,3,39.0,38.0,38.0,35.0,4.0,148.0,1046
2023-05-09 22:16:49,CF401P12800,CF401P12800,35.0,0.0,0.0,0.0,3,33.0,35.0,13,39.0,38.0,38.0,35.0,4.0,148.0,1046
2023-05-09 22:17:19,CF401P12800,CF401P12800,35.0,0.0,0.0,0.0,3,33.0,35.0,3,39.0,38.0,38.0,35.0,4.0,148.0,1046
2023-05-09 22:17:20,CF401P12800,CF401P12800,35.0,2.0,68.0,0.0,3,33.0,35.0,20,39.0,38.0,38.0,35.0,6.0,216.0,1046
2023-05-09 22:17:20,CF401P12800,CF401P12800,35.0,0.0,0.0,0.0,3,33.0,35.0,10,39.0,38.0,38.0,35.0,6.0,216.0,1046
2023-05-09 22:17:46,CF401P12800,CF401P12800,35.0,0.0,0.0,0.0,3,33.0,35.0,20,39.0,38.0,38.0,35.0,6.0,216.0,1046
2023-05-09 22:19:41,CF401P12800,CF401P12800,35.0,3.0,108.0,0.0,3,33.0,35.0,17,39.0,38.0,38.0,35.0,9.0,324.0,1046
2023-05-09 22:19:42,CF401P12800,CF401P12800,35.0,0.0,0.0,0.0,3,34.0,35.0,17,39.0,38.0,38.0,35.0,9.0,324.0,1046
2023-05-09 22:19:49,CF401P12800,CF401P12800,35.0,0.0,0.0,0.0,3,34.0,36.0,3,39.0,38.0,38.0,35.0,9.0,324.0,1046
2023-05-09 22:20:08,CF401P12800,CF401P12800,35.0,0.0,0.0,0.0,3,34.0,36.0,13,39.0,38.0,38.0,35.0,9.0,324.0,1046
2023-05-09 22:25:07,CF401P12800,CF401P12800,35.0,0.0,0.0,0.0,3,34.0,36.0,3,39.0,38.0,38.0,35.0,9.0,324.0,1046
2023-05-09 22:25:08,CF401P12800,CF401P12800,35.0,0.0,0.0,0.0,3,34.0,36.0,13,39.0,38.0,38.0,35.0,9.0,324.0,1046
2023-05-09 22:32:55,CF401P12800,CF401P12800,35.0,0.0,0.0,0.0,3,34.0,36.0,3,39.0,38.0,38.0,35.0,9.0,324.0,1046
2023-05-09 22:32:59,CF401P12800,CF401P12800,35.0,0.0,0.0,0.0,3,34.0,36.0,13,39.0,38.0,38.0,35.0,9.0,324.0,1046
2023-05-09 22:37:27,CF401P12800,CF401P12800,35.0,0.0,0.0,0.0,3,33.0,35.0,3,39.0,38.0,38.0,35.0,9.0,324.0,1046
2023-05-09 22:37:27,CF401P12800,CF401P12800,35.0,0.0,0.0,0.0,3,33.0,35.0,13,39.0,38.0,38.0,35.0,9.0,324.0,1046
2023-05-09 22:51:24,CF401P12800,CF401P12800,35.0,0.0,0.0,0.0,3,34.0,35.0,10,39.0,38.0,38.0,35.0,9.0,324.0,1046
2023-05-09 22:51:24,CF401P12800,CF401P12800,35.0,0.0,0.0,0.0,3,34.0,36.0,13,39.0,38.0,38.0,35.0,9.0,324.0,1046
2023-05-09 22:53:13,CF401P12800,CF401P12800,36.0,3.0,108.0,0.0,3,34.0,36.0,32,39.0,38.0,38.0,35.0,12.0,432.0,1046
2023-05-09 22:55:12,CF401P12800,CF401P12800,36.0,0.0,0.0,0.0,3,33.0,36.0,32,39.0,38.0,38.0,35.0,12.0,432.0,1046
2023-05-09 22:55:56,CF401P12800,CF401P12800,36.0,0.0,0.0,0.0,11,31.0,38.0,11,39.0,38.0,38.0,35.0,12.0,432.0,1046
2023-05-09 22:56:30,CF401P12800,CF401P12800,36.0,0.0,0.0,0.0,10,29.0,38.0,10,39.0,38.0,38.0,35.0,12.0,432.0,1046
2023-05-09 22:57:09,CF401P12800,CF401P12800,36.0,0.0,0.0,0.0,10,28.0,38.0,10,39.0,38.0,38.0,35.0,12.0,432.0,1046
2023-05-09 22:57:13,CF401P12800,CF401P12800,36.0,0.0,0.0,0.0,10,28.0,37.0,10,39.0,38.0,38.0,35.0,12.0,432.0,1046
2023-05-09 22:57:13,CF401P12800,CF401P12800,36.0,0.0,0.0,0.0,10,28.0,38.0,10,39.0,38.0,38.0,35.0,12.0,432.0,1046
2023-05-09 22:57:14,CF401P12800,CF401P12800,36.0,0.0,0.0,0.0,10,29.0,38.0,10,39.0,38.0,38.0,35.0,12.0,432.0,1046
2023-05-09 22:57:15,CF401P12800,CF401P12800,36.0,0.0,0.0,0.0,10,28.0,38.0,10,39.0,38.0,38.0,35.0,12.0,432.0,1046
2023-05-09 22:57:15,CF401P12800,CF401P12800,36.0,0.0,0.0,0.0,10,29.0,38.0,10,39.0,38.0,38.0,35.0,12.0,432.0,1046
2023-05-09 22:57:29,CF401P12800,CF401P12800,36.0,0.0,0.0,0.0,2,25.0,43.0,2,39.0,38.0,38.0,35.0,12.0,432.0,1046
2023-05-10 09:00:02,CF401P12800,CF401P12800,36.0,0.0,0.0,0.0,6,28.0,40.0,6,39.0,38.0,38.0,35.0,12.0,432.0,1046
2023-05-10 09:00:14,CF401P12800,CF401P12800,36.0,0.0,0.0,0.0,2,27.0,41.0,2,39.0,38.0,38.0,35.0,12.0,432.0,1046
2023-05-10 09:01:23,CF401P12800,CF401P12800,36.0,0.0,0.0,0.0,3,32.0,35.0,3,39.0,38.0,38.0,35.0,12.0,432.0,1046
2023-05-10 09:02:08,CF401P12800,CF401P12800,36.0,0.0,0.0,0.0,3,32.0,35.0,13,39.0,38.0,38.0,35.0,12.0,432.0,1046
2023-05-10 09:02:09,CF401P12800,CF401P12800,36.0,0.0,0.0,0.0,3,33.0,35.0,13,39.0,38.0,38.0,35.0,12.0,432.0,1046
2023-05-10 09:03:59,CF401P12800,CF401P12800,36.0,0.0,0.0,0.0,3,33.0,35.0,3,39.0,38.0,38.0,35.0,12.0,432.0,1046
2023-05-10 09:03:59,CF401P12800,CF401P12800,36.0,0.0,0.0,0.0,3,33.0,35.0,13,39.0,38.0,38.0,35.0,12.0,432.0,1046
2023-05-10 09:11:08,CF401P12800,CF401P12800,36.0,0.0,0.0,0.0,3,33.0,34.0,3,39.0,38.0,38.0,35.0,12.0,432.0,1046
2023-05-10 09:11:08,CF401P12800,CF401P12800,36.0,0.0,0.0,0.0,3,33.0,34.0,13,39.0,38.0,38.0,35.0,12.0,432.0,1046
2023-05-10 09:13:16,CF401P12800,CF401P12800,36.0,0.0,0.0,0.0,3,32.0,34.0,13,39.0,38.0,38.0,35.0,12.0,432.0,1046
2023-05-10 09:14:57,CF401P12800,CF401P12800,36.0,0.0,0.0,0.0,3,33.0,34.0,13,39.0,38.0,38.0,35.0,12.0,432.0,1046
2023-05-10 09:16:21,CF401P12800,CF401P12800,36.0,0.0,0.0,0.0,3,33.0,34.0,10,39.0,38.0,38.0,35.0,12.0,432.0,1046
2023-05-10 09:16:21,CF401P12800,CF401P12800,36.0,0.0,0.0,0.0,3,33.0,35.0,13,39.0,38.0,38.0,35.0,12.0,432.0,1046
2023-05-10 09:19:15,CF401P12800,CF401P12800,36.0,0.0,0.0,0.0,3,33.0,35.0,3,39.0,38.0,38.0,35.0,12.0,432.0,1046
2023-05-10 09:19:24,CF401P12800,CF401P12800,36.0,0.0,0.0,0.0,3,33.0,35.0,13,39.0,38.0,38.0,35.0,12.0,432.0,1046
2023-05-10 09:24:52,CF401P12800,CF401P12800,36.0,0.0,0.0,0.0,3,33.0,35.0,3,39.0,38.0,38.0,35.0,12.0,432.0,1046
2023-05-10 09:24:52,CF401P12800,CF401P12800,36.0,0.0,0.0,0.0,3,33.0,35.0,13,39.0,38.0,38.0,35.0,12.0,432.0,1046
2023-05-10 09:30:17,CF401P12800,CF401P12800,36.0,0.0,0.0,0.0,3,33.0,34.0,13,39.0,38.0,38.0,35.0,12.0,432.0,1046
2023-05-10 09:33:35,CF401P12800,CF401P12800,36.0,0.0,0.0,0.0,3,32.0,34.0,3,39.0,38.0,38.0,35.0,12.0,432.0,1046
2023-05-10 09:33:36,CF401P12800,CF401P12800,36.0,0.0,0.0,0.0,3,32.0,34.0,13,39.0,38.0,38.0,35.0,12.0,432.0,1046
2023-05-10 09:35:33,CF401P12800,CF401P12800,36.0,0.0,0.0,0.0,3,32.0,34.0,3,39.0,38.0,38.0,35.0,12.0,432.0,1046
2023-05-10 09:35:37,CF401P12800,CF401P12800,36.0,0.0,0.0,0.0,3,32.0,34.0,13,39.0,38.0,38.0,35.0,12.0,432.0,1046
2023-05-10 09:47:11,CF401P12800,CF401P12800,36.0,0.0,0.0,0.0,3,32.0,33.0,13,39.0,38.0,38.0,35.0,12.0,432.0,1046
2023-05-10 09:49:34,CF401P12800,CF401P12800,36.0,0.0,0.0,0.0,3,31.0,33.0,13,39.0,38.0,38.0,35.0,12.0,432.0,1046
2023-05-10 09:57:01,CF401P12800,CF401P12800,36.0,0.0,0.0,0.0,3,32.0,33.0,13,39.0,38.0,38.0,35.0,12.0,432.0,1046
2023-05-10 09:59:14,CF401P12800,CF401P12800,36.0,0.0,0.0,0.0,3,31.0,33.0,13,39.0,38.0,38.0,35.0,12.0,432.0,1046
2023-05-10 10:02:03,CF401P12800,CF401P12800,36.0,0.0,0.0,0.0,3,31.0,32.0,13,39.0,38.0,38.0,35.0,12.0,432.0,1046
2023-05-10 10:07:03,CF401P12800,CF401P12800,36.0,0.0,0.0,0.0,4,30.0,32.0,13,39.0,38.0,38.0,35.0,12.0,432.0,1046
2023-05-10 10:07:04,CF401P12800,CF401P12800,36.0,0.0,0.0,0.0,4,30.0,32.0,3,39.0,38.0,38.0,35.0,12.0,432.0,1046
2023-05-10 10:07:05,CF401P12800,CF401P12800,36.0,0.0,0.0,0.0,4,30.0,32.0,13,39.0,38.0,38.0,35.0,12.0,432.0,1046
2023-05-10 10:10:47,CF401P12800,CF401P12800,36.0,0.0,0.0,0.0,3,30.0,32.0,13,39.0,38.0,38.0,35.0,12.0,432.0,1046
2023-05-10 10:14:49,CF401P12800,CF401P12800,36.0,0.0,0.0,0.0,3,30.0,32.0,3,39.0,38.0,38.0,35.0,12.0,432.0,1046
2023-05-10 10:30:17,CF401P12800,CF401P12800,36.0,0.0,0.0,0.0,3,30.0,32.0,13,39.0,38.0,38.0,35.0,12.0,432.0,1046
2023-05-10 10:33:16,CF401P12800,CF401P12800,36.0,0.0,0.0,0.0,3,31.0,32.0,13,39.0,38.0,38.0,35.0,12.0,432.0,1046
2023-05-10 10:33:40,CF401P12800,CF401P12800,36.0,0.0,0.0,0.0,3,31.0,32.0,10,39.0,38.0,38.0,35.0,12.0,432.0,1046
2023-05-10 10:33:41,CF401P12800,CF401P12800,36.0,0.0,0.0,0.0,3,31.0,33.0,13,39.0,38.0,38.0,35.0,12.0,432.0,1046
2023-05-10 10:33:41,CF401P12800,CF401P12800,36.0,0.0,0.0,0.0,3,31.0,33.0,3,39.0,38.0,38.0,35.0,12.0,432.0,1046
2023-05-10 10:33:43,CF401P12800,CF401P12800,36.0,0.0,0.0,0.0,3,31.0,33.0,13,39.0,38.0,38.0,35.0,12.0,432.0,1046
2023-05-10 10:39:58,CF401P12800,CF401P12800,36.0,0.0,0.0,0.0,3,31.0,33.0,3,39.0,38.0,38.0,35.0,12.0,432.0,1046
2023-05-10 10:40:03,CF401P12800,CF401P12800,36.0,0.0,0.0,0.0,3,31.0,33.0,13,39.0,38.0,38.0,35.0,12.0,432.0,1046
2023-05-10 10:41:08,CF401P12800,CF401P12800,36.0,0.0,0.0,0.0,3,32.0,33.0,13,39.0,38.0,38.0,35.0,12.0,432.0,1046
2023-05-10 10:41:17,CF401P12800,CF401P12800,36.0,0.0,0.0,0.0,3,32.0,33.0,10,39.0,38.0,38.0,35.0,12.0,432.0,1046
2023-05-10 10:41:17,CF401P12800,CF401P12800,36.0,0.0,0.0,0.0,3,32.0,34.0,13,39.0,38.0,38.0,35.0,12.0,432.0,1046
2023-05-10 10:42:28,CF401P12800,CF401P12800,36.0,0.0,0.0,0.0,3,32.0,33.0,13,39.0,38.0,38.0,35.0,12.0,432.0,1046
2023-05-10 10:44:17,CF401P12800,CF401P12800,36.0,0.0,0.0,0.0,3,32.0,33.0,3,39.0,38.0,38.0,35.0,12.0,432.0,1046
2023-05-10 10:44:18,CF401P12800,CF401P12800,36.0,0.0,0.0,0.0,3,32.0,33.0,13,39.0,38.0,38.0,35.0,12.0,432.0,1046
2023-05-10 10:45:49,CF401P12800,CF401P12800,36.0,0.0,0.0,0.0,3,32.0,34.0,3,39.0,38.0,38.0,35.0,12.0,432.0,1046
2023-05-10 10:45:50,CF401P12800,CF401P12800,36.0,0.0,0.0,0.0,3,32.0,34.0,13,39.0,38.0,38.0,35.0,12.0,432.0,1046
2023-05-10 10:47:37,CF401P12800,CF401P12800,36.0,0.0,0.0,0.0,3,32.0,34.0,3,39.0,38.0,38.0,35.0,12.0,432.0,1046
2023-05-10 10:47:37,CF401P12800,CF401P12800,36.0,0.0,0.0,0.0,3,32.0,34.0,13,39.0,38.0,38.0,35.0,12.0,432.0,1046
2023-05-10 10:48:39,CF401P12800,CF401P12800,36.0,0.0,0.0,0.0,3,32.0,34.0,3,39.0,38.0,38.0,35.0,12.0,432.0,1046
2023-05-10 10:48:40,CF401P12800,CF401P12800,36.0,0.0,0.0,0.0,3,32.0,34.0,13,39.0,38.0,38.0,35.0,12.0,432.0,1046
2023-05-10 10:49:05,CF401P12800,CF401P12800,36.0,0.0,0.0,0.0,3,32.0,34.0,3,39.0,38.0,38.0,35.0,12.0,432.0,1046
2023-05-10 10:49:05,CF401P12800,CF401P12800,36.0,0.0,0.0,0.0,3,32.0,34.0,13,39.0,38.0,38.0,35.0,12.0,432.0,1046
2023-05-10 10:49:32,CF401P12800,CF401P12800,36.0,0.0,0.0,0.0,3,32.0,34.0,3,39.0,38.0,38.0,35.0,12.0,432.0,1046
2023-05-10 10:50:14,CF401P12800,CF401P12800,36.0,0.0,0.0,0.0,3,32.0,34.0,13,39.0,38.0,38.0,35.0,12.0,432.0,1046
2023-05-10 10:50:17,CF401P12800,CF401P12800,36.0,0.0,0.0,0.0,3,32.0,33.0,3,39.0,38.0,38.0,35.0,12.0,432.0,1046
2023-05-10 10:50:17,CF401P12800,CF401P12800,36.0,0.0,0.0,0.0,3,32.0,33.0,13,39.0,38.0,38.0,35.0,12.0,432.0,1046
2023-05-10 10:52:05,CF401P12800,CF401P12800,36.0,0.0,0.0,0.0,3,32.0,33.0,10,39.0,38.0,38.0,35.0,12.0,432.0,1046
2023-05-10 10:52:06,CF401P12800,CF401P12800,36.0,0.0,0.0,0.0,3,32.0,34.0,3,39.0,38.0,38.0,35.0,12.0,432.0,1046
2023-05-10 10:52:06,CF401P12800,CF401P12800,36.0,0.0,0.0,0.0,3,32.0,34.0,13,39.0,38.0,38.0,35.0,12.0,432.0,1046
2023-05-10 10:54:08,CF401P12800,CF401P12800,34.0,10.0,338.0,7.0,3,32.0,34.0,27,39.0,38.0,38.0,34.0,22.0,770.0,1053
2023-05-10 10:54:10,CF401P12800,CF401P12800,34.0,0.0,0.0,0.0,3,32.0,34.0,37,39.0,38.0,38.0,34.0,22.0,770.0,1053
2023-05-10 10:55:50,CF401P12800,CF401P12800,34.0,0.0,0.0,0.0,3,32.0,33.0,15,39.0,38.0,38.0,34.0,22.0,770.0,1053
2023-05-10 10:56:39,CF401P12800,CF401P12800,34.0,0.0,0.0,0.0,3,32.0,34.0,37,39.0,38.0,38.0,34.0,22.0,770.0,1053
2023-05-10 11:04:24,CF401P12800,CF401P12800,34.0,0.0,0.0,0.0,3,32.0,34.0,10,39.0,38.0,38.0,34.0,22.0,770.0,1053
2023-05-10 11:04:24,CF401P12800,CF401P12800,34.0,0.0,0.0,0.0,3,32.0,35.0,4,39.0,38.0,38.0,34.0,22.0,770.0,1053
2023-05-10 11:04:25,CF401P12800,CF401P12800,34.0,0.0,0.0,0.0,3,32.0,35.0,14,39.0,38.0,38.0,34.0,22.0,770.0,1053
2023-05-10 11:04:25,CF401P12800,CF401P12800,34.0,0.0,0.0,0.0,3,33.0,35.0,14,39.0,38.0,38.0,34.0,22.0,770.0,1053
2023-05-10 11:04:25,CF401P12800,CF401P12800,34.0,0.0,0.0,0.0,3,32.0,35.0,14,39.0,38.0,38.0,34.0,22.0,770.0,1053
2023-05-10 11:04:25,CF401P12800,CF401P12800,34.0,0.0,0.0,0.0,3,33.0,35.0,14,39.0,38.0,38.0,34.0,22.0,770.0,1053
2023-05-10 11:04:29,CF401P12800,CF401P12800,34.0,0.0,0.0,0.0,3,33.0,34.0,13,39.0,38.0,38.0,34.0,22.0,770.0,1053
2023-05-10 11:05:17,CF401P12800,CF401P12800,34.0,0.0,0.0,0.0,3,32.0,34.0,13,39.0,38.0,38.0,34.0,22.0,770.0,1053
2023-05-10 11:08:16,CF401P12800,CF401P12800,34.0,0.0,0.0,0.0,3,33.0,34.0,13,39.0,38.0,38.0,34.0,22.0,770.0,1053
2023-05-10 11:08:17,CF401P12800,CF401P12800,34.0,2.0,70.0,0.0,3,33.0,34.0,11,39.0,38.0,38.0,34.0,24.0,840.0,1053
2023-05-10 11:09:13,CF401P12800,CF401P12800,34.0,0.0,0.0,0.0,3,32.0,34.0,1,39.0,38.0,38.0,34.0,24.0,840.0,1053
2023-05-10 11:09:14,CF401P12800,CF401P12800,34.0,0.0,0.0,0.0,3,32.0,34.0,11,39.0,38.0,38.0,34.0,24.0,840.0,1053
2023-05-10 11:13:16,CF401P12800,CF401P12800,34.0,0.0,0.0,0.0,3,33.0,34.0,11,39.0,38.0,38.0,34.0,24.0,840.0,1053
2023-05-10 11:15:01,CF401P12800,CF401P12800,34.0,0.0,0.0,0.0,3,33.0,34.0,10,39.0,38.0,38.0,34.0,24.0,840.0,1053
2023-05-10 11:15:01,CF401P12800,CF401P12800,34.0,0.0,0.0,0.0,3,33.0,35.0,14,39.0,38.0,38.0,34.0,24.0,840.0,1053
2023-05-10 11:15:02,CF401P12800,CF401P12800,34.0,0.0,0.0,0.0,3,33.0,35.0,4,39.0,38.0,38.0,34.0,24.0,840.0,1053
2023-05-10 11:15:24,CF401P12800,CF401P12800,34.0,0.0,0.0,0.0,3,33.0,35.0,14,39.0,38.0,38.0,34.0,24.0,840.0,1053
2023-05-10 11:16:17,CF401P12800,CF401P12800,34.0,0.0,0.0,0.0,3,33.0,35.0,4,39.0,38.0,38.0,34.0,24.0,840.0,1053
2023-05-10 11:16:28,CF401P12800,CF401P12800,34.0,0.0,0.0,0.0,3,33.0,35.0,14,39.0,38.0,38.0,34.0,24.0,840.0,1053
2023-05-10 11:16:39,CF401P12800,CF401P12800,34.0,0.0,0.0,0.0,3,33.0,34.0,13,39.0,38.0,38.0,34.0,24.0,840.0,1053
2023-05-10 11:21:02,CF401P12800,CF401P12800,34.0,0.0,0.0,0.0,3,33.0,34.0,10,39.0,38.0,38.0,34.0,24.0,840.0,1053
2023-05-10 11:21:02,CF401P12800,CF401P12800,34.0,0.0,0.0,0.0,3,33.0,35.0,14,39.0,38.0,38.0,34.0,24.0,840.0,1053
2023-05-10 11:24:54,CF401P12800,CF401P12800,34.0,0.0,0.0,0.0,3,33.0,35.0,13,39.0,38.0,38.0,34.0,24.0,840.0,1053
2023-05-10 11:26:32,CF401P12800,CF401P12800,34.0,0.0,0.0,0.0,3,34.0,35.0,13,39.0,38.0,38.0,34.0,24.0,840.0,1053
2023-05-10 11:29:25,CF401P12800,CF401P12800,34.0,0.0,0.0,0.0,10,32.0,35.0,10,39.0,38.0,38.0,34.0,24.0,840.0,1053
2023-05-10 11:29:25,CF401P12800,CF401P12800,34.0,0.0,0.0,0.0,11,29.0,38.0,11,39.0,38.0,38.0,34.0,24.0,840.0,1053
2023-05-10 11:29:42,CF401P12800,CF401P12800,34.0,0.0,0.0,0.0,1,29.0,38.0,1,39.0,38.0,38.0,34.0,24.0,840.0,1053
2023-05-10 13:30:54,CF401P12800,CF401P12800,34.0,0.0,0.0,0.0,3,33.0,35.0,3,39.0,38.0,38.0,34.0,24.0,840.0,1053
2023-05-10 13:31:26,CF401P12800,CF401P12800,34.0,0.0,0.0,0.0,3,33.0,35.0,13,39.0,38.0,38.0,34.0,24.0,840.0,1053
2023-05-10 13:32:31,CF401P12800,CF401P12800,34.0,0.0,0.0,0.0,3,33.0,35.0,3,39.0,38.0,38.0,34.0,24.0,840.0,1053
2023-05-10 13:32:31,CF401P12800,CF401P12800,34.0,0.0,0.0,0.0,3,33.0,35.0,13,39.0,38.0,38.0,34.0,24.0,840.0,1053
2023-05-10 13:34:08,CF401P12800,CF401P12800,34.0,0.0,0.0,0.0,3,34.0,35.0,13,39.0,38.0,38.0,34.0,24.0,840.0,1053
2023-05-10 13:35:35,CF401P12800,CF401P12800,34.0,0.0,0.0,0.0,3,34.0,36.0,13,39.0,38.0,38.0,34.0,24.0,840.0,1053
2023-05-10 13:44:25,CF401P12800,CF401P12800,34.0,0.0,0.0,0.0,13,34.0,36.0,13,39.0,38.0,38.0,34.0,24.0,840.0,1053
2023-05-10 13:44:34,CF401P12800,CF401P12800,34.0,0.0,0.0,0.0,3,34.0,36.0,13,39.0,38.0,38.0,34.0,24.0,840.0,1053
2023-05-10 13:44:37,CF401P12800,CF401P12800,34.0,0.0,0.0,0.0,13,34.0,36.0,13,39.0,38.0,38.0,34.0,24.0,840.0,1053
2023-05-10 13:44:57,CF401P12800,CF401P12800,34.0,0.0,0.0,0.0,13,34.0,36.0,3,39.0,38.0,38.0,34.0,24.0,840.0,1053
2023-05-10 13:45:00,CF401P12800,CF401P12800,34.0,0.0,0.0,0.0,13,34.0,36.0,13,39.0,38.0,38.0,34.0,24.0,840.0,1053
2023-05-10 13:45:15,CF401P12800,CF401P12800,34.0,0.0,0.0,0.0,3,34.0,36.0,13,39.0,38.0,38.0,34.0,24.0,840.0,1053
2023-05-10 13:45:16,CF401P12800,CF401P12800,34.0,0.0,0.0,0.0,3,34.0,36.0,3,39.0,38.0,38.0,34.0,24.0,840.0,1053
2023-05-10 13:45:18,CF401P12800,CF401P12800,34.0,0.0,0.0,0.0,3,34.0,36.0,13,39.0,38.0,38.0,34.0,24.0,840.0,1053
2023-05-10 13:46:20,CF401P12800,CF401P12800,34.0,0.0,0.0,0.0,13,34.0,36.0,13,39.0,38.0,38.0,34.0,24.0,840.0,1053
2023-05-10 13:46:23,CF401P12800,CF401P12800,34.0,0.0,0.0,0.0,3,34.0,36.0,13,39.0,38.0,38.0,34.0,24.0,840.0,1053
2023-05-10 13:50:06,CF401P12800,CF401P12800,34.0,0.0,0.0,0.0,3,34.0,36.0,3,39.0,38.0,38.0,34.0,24.0,840.0,1053
2023-05-10 13:50:07,CF401P12800,CF401P12800,34.0,0.0,0.0,0.0,3,34.0,36.0,13,39.0,38.0,38.0,34.0,24.0,840.0,1053
2023-05-10 13:50:24,CF401P12800,CF401P12800,34.0,0.0,0.0,0.0,3,34.0,35.0,3,39.0,38.0,38.0,34.0,24.0,840.0,1053
2023-05-10 13:50:25,CF401P12800,CF401P12800,34.0,0.0,0.0,0.0,3,34.0,35.0,13,39.0,38.0,38.0,34.0,24.0,840.0,1053
2023-05-10 13:55:12,CF401P12800,CF401P12800,34.0,0.0,0.0,0.0,3,33.0,35.0,13,39.0,38.0,38.0,34.0,24.0,840.0,1053
2023-05-10 13:58:35,CF401P12800,CF401P12800,34.0,0.0,0.0,0.0,3,33.0,34.0,10,39.0,38.0,38.0,34.0,24.0,840.0,1053
2023-05-10 13:58:35,CF401P12800,CF401P12800,34.0,0.0,0.0,0.0,3,33.0,34.0,20,39.0,38.0,38.0,34.0,24.0,840.0,1053
2023-05-10 13:58:46,CF401P12800,CF401P12800,34.0,0.0,0.0,0.0,3,33.0,34.0,10,39.0,38.0,38.0,34.0,24.0,840.0,1053
2023-05-10 13:58:46,CF401P12800,CF401P12800,34.0,0.0,0.0,0.0,3,33.0,34.0,20,39.0,38.0,38.0,34.0,24.0,840.0,1053
2023-05-10 13:59:06,CF401P12800,CF401P12800,34.0,0.0,0.0,0.0,3,33.0,34.0,10,39.0,38.0,38.0,34.0,24.0,840.0,1053
2023-05-10 13:59:07,CF401P12800,CF401P12800,34.0,0.0,0.0,0.0,3,33.0,34.0,20,39.0,38.0,38.0,34.0,24.0,840.0,1053
2023-05-10 13:59:08,CF401P12800,CF401P12800,33.0,3.0,105.0,3.0,13,32.0,33.0,7,39.0,38.0,38.0,33.0,27.0,945.0,1056
2023-05-10 13:59:09,CF401P12800,CF401P12800,33.0,7.0,211.0,5.0,13,32.0,34.0,23,39.0,38.0,38.0,33.0,34.0,1156.0,1061
2023-05-10 13:59:13,CF401P12800,CF401P12800,33.0,0.0,0.0,0.0,13,32.0,33.0,10,39.0,38.0,38.0,33.0,34.0,1156.0,1061
2023-05-10 13:59:13,CF401P12800,CF401P12800,33.0,4.0,136.0,0.0,13,32.0,33.0,6,39.0,38.0,38.0,33.0,38.0,1292.0,1061
2023-05-10 13:59:14,CF401P12800,CF401P12800,33.0,4.0,136.0,0.0,13,32.0,33.0,2,39.0,38.0,38.0,33.0,42.0,1428.0,1061
2023-05-10 13:59:18,CF401P12800,CF401P12800,33.0,0.0,0.0,0.0,3,32.0,33.0,2,39.0,38.0,38.0,33.0,42.0,1428.0,1061
2023-05-10 13:59:29,CF401P12800,CF401P12800,33.0,0.0,0.0,0.0,13,32.0,33.0,2,39.0,38.0,38.0,33.0,42.0,1428.0,1061
2023-05-10 13:59:29,CF401P12800,CF401P12800,33.0,0.0,0.0,0.0,3,32.0,33.0,2,39.0,38.0,38.0,33.0,42.0,1428.0,1061
2023-05-10 13:59:33,CF401P12800,CF401P12800,33.0,0.0,0.0,0.0,13,32.0,33.0,2,39.0,38.0,38.0,33.0,42.0,1428.0,1061
2023-05-10 13:59:33,CF401P12800,CF401P12800,33.0,0.0,0.0,0.0,3,32.0,33.0,2,39.0,38.0,38.0,33.0,42.0,1428.0,1061
2023-05-10 13:59:34,CF401P12800,CF401P12800,33.0,0.0,0.0,0.0,13,32.0,33.0,2,39.0,38.0,38.0,33.0,42.0,1428.0,1061
2023-05-10 13:59:34,CF401P12800,CF401P12800,33.0,0.0,0.0,0.0,3,32.0,33.0,2,39.0,38.0,38.0,33.0,42.0,1428.0,1061
2023-05-10 13:59:49,CF401P12800,CF401P12800,33.0,0.0,0.0,0.0,13,32.0,33.0,2,39.0,38.0,38.0,33.0,42.0,1428.0,1061
2023-05-10 14:00:56,CF401P12800,CF401P12800,33.0,2.0,68.0,0.0,13,32.0,34.0,13,39.0,38.0,38.0,33.0,44.0,1496.0,1061
2023-05-10 14:01:08,CF401P12800,CF401P12800,33.0,2.0,68.0,0.0,13,32.0,33.0,21,39.0,38.0,38.0,33.0,46.0,1564.0,1061
2023-05-10 14:01:08,CF401P12800,CF401P12800,33.0,2.0,68.0,0.0,13,32.0,33.0,19,39.0,38.0,38.0,33.0,48.0,1632.0,1061
2023-05-10 14:01:12,CF401P12800,CF401P12800,33.0,2.0,68.0,0.0,13,32.0,33.0,17,39.0,38.0,38.0,33.0,50.0,1700.0,1061
2023-05-10 14:01:13,CF401P12800,CF401P12800,33.0,2.0,68.0,0.0,13,32.0,33.0,15,39.0,38.0,38.0,33.0,52.0,1768.0,1061
2023-05-10 14:01:14,CF401P12800,CF401P12800,33.0,2.0,68.0,0.0,13,32.0,33.0,13,39.0,38.0,38.0,33.0,54.0,1836.0,1061
2023-05-10 14:01:36,CF401P12800,CF401P12800,33.0,0.0,0.0,0.0,3,32.0,33.0,13,39.0,38.0,38.0,33.0,54.0,1836.0,1061
2023-05-10 14:02:02,CF401P12800,CF401P12800,33.0,0.0,0.0,0.0,13,32.0,33.0,13,39.0,38.0,38.0,33.0,54.0,1836.0,1061
2023-05-10 14:02:03,CF401P12800,CF401P12800,33.0,0.0,0.0,0.0,3,32.0,33.0,13,39.0,38.0,38.0,33.0,54.0,1836.0,1061
2023-05-10 14:02:17,CF401P12800,CF401P12800,33.0,0.0,0.0,0.0,13,32.0,33.0,13,39.0,38.0,38.0,33.0,54.0,1836.0,1061
2023-05-10 14:02:18,CF401P12800,CF401P12800,33.0,0.0,0.0,0.0,3,32.0,33.0,13,39.0,38.0,38.0,33.0,54.0,1836.0,1061
2023-05-10 14:03:44,CF401P12800,CF401P12800,33.0,0.0,0.0,0.0,3,32.0,33.0,23,39.0,38.0,38.0,33.0,54.0,1836.0,1061
2023-05-10 14:03:45,CF401P12800,CF401P12800,33.0,0.0,0.0,0.0,3,32.0,33.0,13,39.0,38.0,38.0,33.0,54.0,1836.0,1061
2023-05-10 14:03:46,CF401P12800,CF401P12800,33.0,0.0,0.0,0.0,3,32.0,33.0,23,39.0,38.0,38.0,33.0,54.0,1836.0,1061
2023-05-10 14:03:46,CF401P12800,CF401P12800,33.0,0.0,0.0,0.0,3,32.0,33.0,13,39.0,38.0,38.0,33.0,54.0,1836.0,1061
2023-05-10 14:03:47,CF401P12800,CF401P12800,33.0,0.0,0.0,0.0,3,32.0,33.0,23,39.0,38.0,38.0,33.0,54.0,1836.0,1061
2023-05-10 14:05:56,CF401P12800,CF401P12800,33.0,0.0,0.0,0.0,3,32.0,33.0,13,39.0,38.0,38.0,33.0,54.0,1836.0,1061
2023-05-10 14:05:58,CF401P12800,CF401P12800,33.0,0.0,0.0,0.0,3,32.0,33.0,23,39.0,38.0,38.0,33.0,54.0,1836.0,1061
2023-05-10 14:05:58,CF401P12800,CF401P12800,33.0,0.0,0.0,0.0,3,32.0,33.0,13,39.0,38.0,38.0,33.0,54.0,1836.0,1061
2023-05-10 14:05:59,CF401P12800,CF401P12800,33.0,0.0,0.0,0.0,3,32.0,33.0,23,39.0,38.0,38.0,33.0,54.0,1836.0,1061
2023-05-10 14:08:24,CF401P12800,CF401P12800,33.0,0.0,0.0,0.0,3,32.0,33.0,13,39.0,38.0,38.0,33.0,54.0,1836.0,1061
2023-05-10 14:08:36,CF401P12800,CF401P12800,33.0,0.0,0.0,0.0,3,32.0,33.0,23,39.0,38.0,38.0,33.0,54.0,1836.0,1061
2023-05-10 14:08:47,CF401P12800,CF401P12800,33.0,0.0,0.0,0.0,3,32.0,33.0,13,39.0,38.0,38.0,33.0,54.0,1836.0,1061
2023-05-10 14:10:17,CF401P12800,CF401P12800,33.0,0.0,0.0,0.0,13,32.0,33.0,13,39.0,38.0,38.0,33.0,54.0,1836.0,1061
2023-05-10 14:21:18,CF401P12800,CF401P12800,33.0,13.0,442.0,13.0,13,32.0,34.0,20,39.0,38.0,38.0,33.0,67.0,2278.0,1074
2023-05-10 14:24:16,CF401P12800,CF401P12800,33.0,0.0,0.0,0.0,5,33.0,34.0,20,39.0,38.0,38.0,33.0,67.0,2278.0,1074
2023-05-10 14:24:59,CF401P12800,CF401P12800,33.0,0.0,0.0,0.0,15,33.0,34.0,20,39.0,38.0,38.0,33.0,67.0,2278.0,1074
2023-05-10 14:25:01,CF401P12800,CF401P12800,33.0,0.0,0.0,0.0,5,33.0,34.0,20,39.0,38.0,38.0,33.0,67.0,2278.0,1074
2023-05-10 14:25:35,CF401P12800,CF401P12800,33.0,0.0,0.0,0.0,5,33.0,34.0,17,39.0,38.0,38.0,33.0,67.0,2278.0,1074
2023-05-10 14:25:51,CF401P12800,CF401P12800,33.0,0.0,0.0,0.0,15,33.0,34.0,17,39.0,38.0,38.0,33.0,67.0,2278.0,1074
2023-05-10 14:26:06,CF401P12800,CF401P12800,33.0,0.0,0.0,0.0,5,33.0,34.0,17,39.0,38.0,38.0,33.0,67.0,2278.0,1074
2023-05-10 14:26:07,CF401P12800,CF401P12800,33.0,0.0,0.0,0.0,15,33.0,34.0,17,39.0,38.0,38.0,33.0,67.0,2278.0,1074
2023-05-10 14:26:43,CF401P12800,CF401P12800,34.0,17.0,578.0,17.0,15,33.0,35.0,3,39.0,38.0,38.0,33.0,84.0,2856.0,1091
2023-05-10 14:26:52,CF401P12800,CF401P12800,34.0,0.0,0.0,0.0,5,33.0,35.0,3,39.0,38.0,38.0,33.0,84.0,2856.0,1091
2023-05-10 14:26:52,CF401P12800,CF401P12800,34.0,0.0,0.0,0.0,15,33.0,35.0,3,39.0,38.0,38.0,33.0,84.0,2856.0,1091
2023-05-10 14:26:55,CF401P12800,CF401P12800,34.0,0.0,0.0,0.0,15,34.0,36.0,13,39.0,38.0,38.0,33.0,84.0,2856.0,1091
2023-05-10 14:26:56,CF401P12800,CF401P12800,34.0,0.0,0.0,0.0,15,34.0,36.0,3,39.0,38.0,38.0,33.0,84.0,2856.0,1091
2023-05-10 14:27:02,CF401P12800,CF401P12800,34.0,0.0,0.0,0.0,15,34.0,36.0,13,39.0,38.0,38.0,33.0,84.0,2856.0,1091
2023-05-10 14:27:03,CF401P12800,CF401P12800,34.0,0.0,0.0,0.0,15,34.0,36.0,3,39.0,38.0,38.0,33.0,84.0,2856.0,1091
2023-05-10 14:27:06,CF401P12800,CF401P12800,34.0,0.0,0.0,0.0,15,34.0,35.0,5,39.0,38.0,38.0,33.0,84.0,2856.0,1091
2023-05-10 14:27:54,CF401P12800,CF401P12800,34.0,0.0,0.0,0.0,15,34.0,35.0,15,39.0,38.0,38.0,33.0,84.0,2856.0,1091
2023-05-10 14:28:25,CF401P12800,CF401P12800,34.0,0.0,0.0,0.0,10,34.0,35.0,15,39.0,38.0,38.0,33.0,84.0,2856.0,1091
2023-05-10 14:28:26,CF401P12800,CF401P12800,34.0,0.0,0.0,0.0,5,33.0,35.0,15,39.0,38.0,38.0,33.0,84.0,2856.0,1091
2023-05-10 14:28:26,CF401P12800,CF401P12800,34.0,0.0,0.0,0.0,15,33.0,35.0,15,39.0,38.0,38.0,33.0,84.0,2856.0,1091
2023-05-10 14:28:37,CF401P12800,CF401P12800,34.0,0.0,0.0,0.0,5,33.0,35.0,15,39.0,38.0,38.0,33.0,84.0,2856.0,1091
2023-05-10 14:28:39,CF401P12800,CF401P12800,34.0,0.0,0.0,0.0,15,33.0,35.0,15,39.0,38.0,38.0,33.0,84.0,2856.0,1091
2023-05-10 14:28:42,CF401P12800,CF401P12800,34.0,0.0,0.0,0.0,15,33.0,34.0,10,39.0,38.0,38.0,33.0,84.0,2856.0,1091
2023-05-10 14:30:13,CF401P12800,CF401P12800,33.0,20.0,680.0,10.0,16,33.0,34.0,10,39.0,38.0,38.0,33.0,104.0,3536.0,1101
2023-05-10 14:30:15,CF401P12800,CF401P12800,33.0,0.0,0.0,0.0,26,33.0,34.0,10,39.0,38.0,38.0,33.0,104.0,3536.0,1101
2023-05-10 14:30:20,CF401P12800,CF401P12800,33.0,0.0,0.0,0.0,26,33.0,34.0,21,39.0,38.0,38.0,33.0,104.0,3536.0,1101
2023-05-10 14:30:58,CF401P12800,CF401P12800,33.0,12.0,408.0,12.0,14,33.0,34.0,21,39.0,38.0,38.0,33.0,116.0,3944.0,1113
2023-05-10 14:31:16,CF401P12800,CF401P12800,33.0,11.0,247.0,10.0,11,33.0,34.0,21,39.0,38.0,38.0,33.0,127.0,4191.0,1123
2023-05-10 14:31:18,CF401P12800,CF401P12800,33.0,0.0,0.0,0.0,21,33.0,34.0,21,39.0,38.0,38.0,33.0,127.0,4191.0,1123
2023-05-10 14:31:19,CF401P12800,CF401P12800,33.0,20.0,660.0,11.0,3,32.0,34.0,21,39.0,38.0,38.0,33.0,147.0,4851.0,1134
2023-05-10 14:31:22,CF401P12800,CF401P12800,33.0,0.0,0.0,0.0,15,33.0,34.0,21,39.0,38.0,38.0,33.0,147.0,4851.0,1134
2023-05-10 14:31:27,CF401P12800,CF401P12800,33.0,17.0,561.0,5.0,3,32.0,33.0,13,39.0,38.0,38.0,33.0,164.0,5412.0,1139
2023-05-10 14:31:28,CF401P12800,CF401P12800,33.0,4.0,132.0,0.0,3,32.0,33.0,9,39.0,38.0,38.0,33.0,168.0,5544.0,1139
2023-05-10 14:31:28,CF401P12800,CF401P12800,33.0,4.0,132.0,0.0,3,32.0,33.0,5,39.0,38.0,38.0,33.0,172.0,5676.0,1139
2023-05-10 14:31:29,CF401P12800,CF401P12800,33.0,0.0,0.0,0.0,13,32.0,33.0,5,39.0,38.0,38.0,33.0,172.0,5676.0,1139
2023-05-10 14:31:32,CF401P12800,CF401P12800,33.0,5.0,165.0,5.0,13,32.0,34.0,26,39.0,38.0,38.0,33.0,177.0,5841.0,1144
2023-05-10 14:31:36,CF401P12800,CF401P12800,33.0,0.0,0.0,0.0,13,32.0,33.0,18,39.0,38.0,38.0,33.0,177.0,5841.0,1144
2023-05-10 14:32:11,CF401P12800,CF401P12800,33.0,0.0,0.0,0.0,13,32.0,33.0,48,39.0,38.0,38.0,33.0,177.0,5841.0,1144
2023-05-10 14:32:20,CF401P12800,CF401P12800,33.0,2.0,66.0,0.0,13,32.0,33.0,46,39.0,38.0,38.0,33.0,179.0,5907.0,1144
2023-05-10 14:32:21,CF401P12800,CF401P12800,33.0,2.0,66.0,0.0,13,32.0,33.0,44,39.0,38.0,38.0,33.0,181.0,5973.0,1144
2023-05-10 14:32:55,CF401P12800,CF401P12800,33.0,4.0,132.0,0.0,13,32.0,33.0,40,39.0,38.0,38.0,33.0,185.0,6105.0,1144
2023-05-10 14:36:57,CF401P12800,CF401P12800,33.0,0.0,0.0,0.0,13,32.0,33.0,45,39.0,38.0,38.0,33.0,185.0,6105.0,1144
2023-05-10 14:37:26,CF401P12800,CF401P12800,32.0,10.0,330.0,3.0,6,31.0,33.0,45,39.0,38.0,38.0,32.0,195.0,6435.0,1147
2023-05-10 14:37:27,CF401P12800,CF401P12800,32.0,0.0,0.0,0.0,6,31.0,32.0,10,39.0,38.0,38.0,32.0,195.0,6435.0,1147
2023-05-10 14:37:28,CF401P12800,CF401P12800,32.0,0.0,0.0,0.0,16,31.0,32.0,10,39.0,38.0,38.0,32.0,195.0,6435.0,1147
2023-05-10 14:37:43,CF401P12800,CF401P12800,32.0,0.0,0.0,0.0,16,31.0,32.0,15,39.0,38.0,38.0,32.0,195.0,6435.0,1147
2023-05-10 14:37:45,CF401P12800,CF401P12800,32.0,0.0,0.0,0.0,16,31.0,32.0,18,39.0,38.0,38.0,32.0,195.0,6435.0,1147
2023-05-10 14:40:03,CF401P12800,CF401P12800,32.0,0.0,0.0,0.0,16,31.0,32.0,23,39.0,38.0,38.0,32.0,195.0,6435.0,1147
2023-05-10 14:40:08,CF401P12800,CF401P12800,32.0,0.0,0.0,0.0,16,31.0,32.0,28,39.0,38.0,38.0,32.0,195.0,6435.0,1147
2023-05-10 14:40:15,CF401P12800,CF401P12800,32.0,0.0,0.0,0.0,16,31.0,32.0,33,39.0,38.0,38.0,32.0,195.0,6435.0,1147
2023-05-10 14:40:18,CF401P12800,CF401P12800,32.0,0.0,0.0,0.0,16,31.0,32.0,36,39.0,38.0,38.0,32.0,195.0,6435.0,1147
2023-05-10 14:40:22,CF401P12800,CF401P12800,32.0,0.0,0.0,0.0,16,31.0,32.0,46,39.0,38.0,38.0,32.0,195.0,6435.0,1147
2023-05-10 14:40:25,CF401P12800,CF401P12800,32.0,0.0,0.0,0.0,16,31.0,32.0,50,39.0,38.0,38.0,32.0,195.0,6435.0,1147
2023-05-10 14:43:20,CF401P12800,CF401P12800,32.0,0.0,0.0,0.0,16,31.0,32.0,18,39.0,38.0,38.0,32.0,195.0,6435.0,1147
2023-05-10 14:43:23,CF401P12800,CF401P12800,32.0,0.0,0.0,0.0,16,31.0,32.0,10,39.0,38.0,38.0,32.0,195.0,6435.0,1147
2023-05-10 14:46:09,CF401P12800,CF401P12800,32.0,0.0,0.0,0.0,15,31.0,32.0,10,39.0,38.0,38.0,32.0,195.0,6435.0,1147
2023-05-10 14:46:25,CF401P12800,CF401P12800,32.0,0.0,0.0,0.0,15,31.0,32.0,15,39.0,38.0,38.0,32.0,195.0,6435.0,1147
2023-05-10 14:46:28,CF401P12800,CF401P12800,32.0,0.0,0.0,0.0,15,31.0,32.0,10,39.0,38.0,38.0,32.0,195.0,6435.0,1147
2023-05-10 14:47:28,CF401P12800,CF401P12800,32.0,0.0,0.0,0.0,13,31.0,32.0,10,39.0,38.0,38.0,32.0,195.0,6435.0,1147
2023-05-10 14:48:18,CF401P12800,CF401P12800,32.0,0.0,0.0,0.0,3,31.0,32.0,10,39.0,38.0,38.0,32.0,195.0,6435.0,1147
2023-05-10 14:48:22,CF401P12800,CF401P12800,32.0,0.0,0.0,0.0,13,31.0,32.0,10,39.0,38.0,38.0,32.0,195.0,6435.0,1147
2023-05-10 14:54:04,CF401P12800,CF401P12800,32.0,3.0,99.0,0.0,13,31.0,32.0,7,39.0,38.0,38.0,32.0,198.0,6534.0,1147
2023-05-10 14:54:14,CF401P12800,CF401P12800,32.0,3.0,99.0,0.0,13,31.0,32.0,4,39.0,38.0,38.0,32.0,201.0,6633.0,1147
2023-05-10 14:57:29,CF401P12800,CF401P12800,32.0,0.0,0.0,0.0,3,31.0,32.0,4,39.0,38.0,38.0,32.0,201.0,6633.0,1147
2023-05-10 14:58:53,CF401P12800,CF401P12800,32.0,0.0,0.0,0.0,3,31.0,32.0,9,39.0,38.0,38.0,32.0,201.0,6633.0,1147
2023-05-10 14:58:54,CF401P12800,CF401P12800,32.0,0.0,0.0,0.0,3,30.0,32.0,9,39.0,38.0,38.0,32.0,201.0,6633.0,1147
2023-05-10 14:58:55,CF401P12800,CF401P12800,32.0,0.0,0.0,0.0,1,27.0,32.0,4,39.0,38.0,38.0,32.0,201.0,6633.0,1147
2023-05-10 14:59:32,CF401P12800,CF401P12800,32.0,0.0,0.0,0.0,1,27.0,34.0,10,39.0,38.0,38.0,32.0,201.0,6633.0,1147
2023-05-10 14:59:32,CF401P12800,CF401P12800,32.0,0.0,0.0,0.0,1,27.0,34.0,10,39.0,38.0,38.0,32.0,201.0,6633.0,1147
2023-05-10 14:59:32,CF401P12800,CF401P12800,32.0,0.0,0.0,0.0,1,27.0,34.0,10,39.0,38.0,38.0,32.0,201.0,6633.0,1147
2023-05-10 14:59:32,CF401P12800,CF401P12800,32.0,0.0,0.0,0.0,1,27.0,34.0,10,39.0,38.0,38.0,32.0,201.0,6633.0,1147
