time,symbol_id,symbol_name,last,trade_volume,trade_amount,open_interest_change,bv1,bp1,ap1,av1,yesterday_close,today_open,today_high,today_low,volume,amount,open_interest
2023-05-09 19:10:58,CF401P13000,CF401P13000,49.0,0.0,0.0,0.0,0,0.0,0.0,0,49.0,46.0,0.0,0.0,0.0,0.0,417
2023-05-09 20:59:00,CF401P13000,CF401P13000,49.0,0.0,0.0,0.0,19,13.0,0.0,0,49.0,46.0,0.0,0.0,0.0,0.0,417
2023-05-09 21:00:00,CF401P13000,CF401P13000,49.0,0.0,0.0,0.0,2,42.0,0.0,0,49.0,46.0,0.0,0.0,0.0,0.0,417
2023-05-09 21:00:15,CF401P13000,CF401P13000,49.0,0.0,0.0,0.0,2,42.0,364.0,2,49.0,46.0,0.0,0.0,0.0,0.0,417
2023-05-09 21:00:48,CF401P13000,CF401P13000,49.0,0.0,0.0,0.0,1,38.0,0.0,0,49.0,46.0,0.0,0.0,0.0,0.0,417
2023-05-09 21:00:51,CF401P13000,CF401P13000,49.0,0.0,0.0,0.0,1,38.0,364.0,1,49.0,46.0,0.0,0.0,0.0,0.0,417
2023-05-09 21:01:09,CF401P13000,CF401P13000,49.0,0.0,0.0,0.0,2,45.0,48.0,2,49.0,46.0,0.0,0.0,0.0,0.0,417
2023-05-09 21:01:29,CF401P13000,CF401P13000,49.0,0.0,0.0,0.0,2,46.0,48.0,2,49.0,46.0,0.0,0.0,0.0,0.0,417
2023-05-09 21:01:43,CF401P13000,CF401P13000,49.0,0.0,0.0,0.0,2,45.0,48.0,2,49.0,46.0,0.0,0.0,0.0,0.0,417
2023-05-09 21:02:24,CF401P13000,CF401P13000,49.0,0.0,0.0,0.0,2,45.0,47.0,2,49.0,46.0,0.0,0.0,0.0,0.0,417
2023-05-09 21:02:36,CF401P13000,CF401P13000,49.0,0.0,0.0,0.0,2,44.0,47.0,2,49.0,46.0,0.0,0.0,0.0,0.0,417
2023-05-09 21:02:59,CF401P13000,CF401P13000,49.0,0.0,0.0,0.0,2,44.0,46.0,2,49.0,46.0,0.0,0.0,0.0,0.0,417
2023-05-09 21:03:09,CF401P13000,CF401P13000,49.0,0.0,0.0,0.0,2,43.0,46.0,2,49.0,46.0,0.0,0.0,0.0,0.0,417
2023-05-09 21:03:13,CF401P13000,CF401P13000,49.0,0.0,0.0,0.0,2,43.0,45.0,2,49.0,46.0,0.0,0.0,0.0,0.0,417
2023-05-09 21:03:24,CF401P13000,CF401P13000,49.0,0.0,0.0,0.0,2,42.0,45.0,2,49.0,46.0,0.0,0.0,0.0,0.0,417
2023-05-09 21:03:26,CF401P13000,CF401P13000,49.0,0.0,0.0,0.0,2,42.0,44.0,2,49.0,46.0,0.0,0.0,0.0,0.0,417
2023-05-09 21:03:31,CF401P13000,CF401P13000,49.0,0.0,0.0,0.0,2,41.0,44.0,2,49.0,46.0,0.0,0.0,0.0,0.0,417
2023-05-09 21:04:32,CF401P13000,CF401P13000,49.0,0.0,0.0,0.0,2,42.0,44.0,2,49.0,46.0,0.0,0.0,0.0,0.0,417
2023-05-09 21:05:20,CF401P13000,CF401P13000,49.0,0.0,0.0,0.0,2,42.0,45.0,2,49.0,46.0,0.0,0.0,0.0,0.0,417
2023-05-09 21:05:21,CF401P13000,CF401P13000,49.0,0.0,0.0,0.0,2,42.0,45.0,12,49.0,46.0,0.0,0.0,0.0,0.0,417
2023-05-09 21:05:25,CF401P13000,CF401P13000,49.0,0.0,0.0,0.0,2,42.0,44.0,10,49.0,46.0,0.0,0.0,0.0,0.0,417
2023-05-09 21:05:27,CF401P13000,CF401P13000,49.0,0.0,0.0,0.0,2,42.0,45.0,12,49.0,46.0,0.0,0.0,0.0,0.0,417
2023-05-09 21:05:47,CF401P13000,CF401P13000,49.0,0.0,0.0,0.0,2,43.0,45.0,12,49.0,46.0,0.0,0.0,0.0,0.0,417
2023-05-09 21:06:43,CF401P13000,CF401P13000,49.0,0.0,0.0,0.0,2,43.0,45.0,10,49.0,46.0,0.0,0.0,0.0,0.0,417
2023-05-09 21:06:43,CF401P13000,CF401P13000,49.0,0.0,0.0,0.0,2,43.0,47.0,10,49.0,46.0,0.0,0.0,0.0,0.0,417
2023-05-09 21:06:44,CF401P13000,CF401P13000,49.0,0.0,0.0,0.0,2,43.0,46.0,2,49.0,46.0,0.0,0.0,0.0,0.0,417
2023-05-09 21:06:44,CF401P13000,CF401P13000,49.0,0.0,0.0,0.0,2,43.0,46.0,12,49.0,46.0,0.0,0.0,0.0,0.0,417
2023-05-09 21:06:48,CF401P13000,CF401P13000,49.0,0.0,0.0,0.0,2,44.0,46.0,12,49.0,46.0,0.0,0.0,0.0,0.0,417
2023-05-09 21:07:09,CF401P13000,CF401P13000,49.0,0.0,0.0,0.0,2,44.0,46.0,10,49.0,46.0,0.0,0.0,0.0,0.0,417
2023-05-09 21:07:09,CF401P13000,CF401P13000,49.0,0.0,0.0,0.0,2,44.0,47.0,12,49.0,46.0,0.0,0.0,0.0,0.0,417
2023-05-09 21:07:42,CF401P13000,CF401P13000,49.0,0.0,0.0,0.0,2,44.0,46.0,2,49.0,46.0,0.0,0.0,0.0,0.0,417
2023-05-09 21:07:42,CF401P13000,CF401P13000,49.0,0.0,0.0,0.0,2,44.0,46.0,12,49.0,46.0,0.0,0.0,0.0,0.0,417
2023-05-09 21:08:35,CF401P13000,CF401P13000,49.0,0.0,0.0,0.0,2,44.0,47.0,12,49.0,46.0,0.0,0.0,0.0,0.0,417
2023-05-09 21:08:46,CF401P13000,CF401P13000,49.0,0.0,0.0,0.0,2,45.0,47.0,12,49.0,46.0,0.0,0.0,0.0,0.0,417
2023-05-09 21:08:57,CF401P13000,CF401P13000,49.0,0.0,0.0,0.0,2,45.0,47.0,2,49.0,46.0,0.0,0.0,0.0,0.0,417
2023-05-09 21:09:05,CF401P13000,CF401P13000,49.0,0.0,0.0,0.0,2,45.0,47.0,12,49.0,46.0,0.0,0.0,0.0,0.0,417
2023-05-09 21:11:30,CF401P13000,CF401P13000,49.0,0.0,0.0,0.0,2,45.0,47.0,10,49.0,46.0,0.0,0.0,0.0,0.0,417
2023-05-09 21:11:30,CF401P13000,CF401P13000,49.0,0.0,0.0,0.0,2,45.0,48.0,12,49.0,46.0,0.0,0.0,0.0,0.0,417
2023-05-09 21:11:32,CF401P13000,CF401P13000,49.0,0.0,0.0,0.0,2,46.0,48.0,12,49.0,46.0,0.0,0.0,0.0,0.0,417
2023-05-09 21:14:53,CF401P13000,CF401P13000,49.0,0.0,0.0,0.0,2,46.0,48.0,2,49.0,46.0,0.0,0.0,0.0,0.0,417
2023-05-09 21:15:30,CF401P13000,CF401P13000,49.0,0.0,0.0,0.0,2,47.0,48.0,2,49.0,46.0,0.0,0.0,0.0,0.0,417
2023-05-09 21:15:32,CF401P13000,CF401P13000,49.0,0.0,0.0,0.0,2,47.0,49.0,2,49.0,46.0,0.0,0.0,0.0,0.0,417
2023-05-09 21:16:04,CF401P13000,CF401P13000,49.0,0.0,0.0,0.0,2,47.0,49.0,12,49.0,46.0,0.0,0.0,0.0,0.0,417
2023-05-09 21:16:36,CF401P13000,CF401P13000,49.0,0.0,0.0,0.0,2,46.0,48.0,2,49.0,46.0,0.0,0.0,0.0,0.0,417
2023-05-09 21:16:36,CF401P13000,CF401P13000,49.0,0.0,0.0,0.0,2,46.0,48.0,12,49.0,46.0,0.0,0.0,0.0,0.0,417
2023-05-09 21:18:00,CF401P13000,CF401P13000,49.0,0.0,0.0,0.0,2,45.0,47.0,12,49.0,46.0,0.0,0.0,0.0,0.0,417
2023-05-09 21:18:59,CF401P13000,CF401P13000,49.0,0.0,0.0,0.0,2,45.0,47.0,2,49.0,46.0,0.0,0.0,0.0,0.0,417
2023-05-09 21:19:00,CF401P13000,CF401P13000,49.0,0.0,0.0,0.0,2,45.0,47.0,12,49.0,46.0,0.0,0.0,0.0,0.0,417
2023-05-09 21:20:06,CF401P13000,CF401P13000,49.0,0.0,0.0,0.0,10,42.0,47.0,12,49.0,46.0,0.0,0.0,0.0,0.0,417
2023-05-09 21:20:06,CF401P13000,CF401P13000,49.0,0.0,0.0,0.0,2,44.0,47.0,2,49.0,46.0,0.0,0.0,0.0,0.0,417
2023-05-09 21:20:06,CF401P13000,CF401P13000,49.0,0.0,0.0,0.0,2,44.0,46.0,12,49.0,46.0,0.0,0.0,0.0,0.0,417
2023-05-09 21:23:33,CF401P13000,CF401P13000,49.0,0.0,0.0,0.0,2,45.0,46.0,10,49.0,46.0,0.0,0.0,0.0,0.0,417
2023-05-09 21:23:33,CF401P13000,CF401P13000,49.0,0.0,0.0,0.0,2,45.0,47.0,12,49.0,46.0,0.0,0.0,0.0,0.0,417
2023-05-09 21:25:07,CF401P13000,CF401P13000,49.0,0.0,0.0,0.0,2,45.0,47.0,10,49.0,46.0,0.0,0.0,0.0,0.0,417
2023-05-09 21:25:07,CF401P13000,CF401P13000,49.0,0.0,0.0,0.0,2,45.0,48.0,12,49.0,46.0,0.0,0.0,0.0,0.0,417
2023-05-09 21:25:47,CF401P13000,CF401P13000,49.0,0.0,0.0,0.0,2,46.0,48.0,12,49.0,46.0,0.0,0.0,0.0,0.0,417
2023-05-09 21:26:33,CF401P13000,CF401P13000,49.0,0.0,0.0,0.0,2,46.0,47.0,2,49.0,46.0,0.0,0.0,0.0,0.0,417
2023-05-09 21:26:33,CF401P13000,CF401P13000,49.0,0.0,0.0,0.0,2,46.0,47.0,12,49.0,46.0,0.0,0.0,0.0,0.0,417
2023-05-09 21:27:31,CF401P13000,CF401P13000,49.0,0.0,0.0,0.0,2,45.0,47.0,12,49.0,46.0,0.0,0.0,0.0,0.0,417
2023-05-09 21:28:59,CF401P13000,CF401P13000,49.0,0.0,0.0,0.0,2,45.0,47.0,2,49.0,46.0,0.0,0.0,0.0,0.0,417
2023-05-09 21:28:59,CF401P13000,CF401P13000,49.0,0.0,0.0,0.0,2,45.0,47.0,12,49.0,46.0,0.0,0.0,0.0,0.0,417
2023-05-09 21:29:18,CF401P13000,CF401P13000,49.0,0.0,0.0,0.0,2,44.0,46.0,12,49.0,46.0,0.0,0.0,0.0,0.0,417
2023-05-09 21:30:03,CF401P13000,CF401P13000,49.0,0.0,0.0,0.0,2,44.0,46.0,10,49.0,46.0,0.0,0.0,0.0,0.0,417
2023-05-09 21:30:04,CF401P13000,CF401P13000,49.0,0.0,0.0,0.0,2,45.0,47.0,2,49.0,46.0,0.0,0.0,0.0,0.0,417
2023-05-09 21:30:25,CF401P13000,CF401P13000,49.0,0.0,0.0,0.0,2,45.0,47.0,12,49.0,46.0,0.0,0.0,0.0,0.0,417
2023-05-09 21:30:48,CF401P13000,CF401P13000,49.0,0.0,0.0,0.0,2,44.0,46.0,2,49.0,46.0,0.0,0.0,0.0,0.0,417
2023-05-09 21:30:49,CF401P13000,CF401P13000,49.0,0.0,0.0,0.0,2,44.0,46.0,12,49.0,46.0,0.0,0.0,0.0,0.0,417
2023-05-09 21:31:21,CF401P13000,CF401P13000,49.0,0.0,0.0,0.0,2,44.0,46.0,2,49.0,46.0,0.0,0.0,0.0,0.0,417
2023-05-09 21:31:58,CF401P13000,CF401P13000,49.0,0.0,0.0,0.0,2,44.0,46.0,12,49.0,46.0,0.0,0.0,0.0,0.0,417
2023-05-09 21:35:21,CF401P13000,CF401P13000,49.0,0.0,0.0,0.0,11,41.0,46.0,12,49.0,46.0,0.0,0.0,0.0,0.0,417
2023-05-09 21:35:21,CF401P13000,CF401P13000,49.0,0.0,0.0,0.0,2,43.0,46.0,12,49.0,46.0,0.0,0.0,0.0,0.0,417
2023-05-09 21:35:33,CF401P13000,CF401P13000,49.0,0.0,0.0,0.0,2,44.0,46.0,12,49.0,46.0,0.0,0.0,0.0,0.0,417
2023-05-09 21:36:16,CF401P13000,CF401P13000,49.0,0.0,0.0,0.0,2,44.0,46.0,10,49.0,46.0,0.0,0.0,0.0,0.0,417
2023-05-09 21:36:17,CF401P13000,CF401P13000,49.0,0.0,0.0,0.0,2,44.0,47.0,12,49.0,46.0,0.0,0.0,0.0,0.0,417
2023-05-09 21:36:29,CF401P13000,CF401P13000,49.0,0.0,0.0,0.0,2,44.0,46.0,2,49.0,46.0,0.0,0.0,0.0,0.0,417
2023-05-09 21:36:29,CF401P13000,CF401P13000,49.0,0.0,0.0,0.0,2,44.0,46.0,12,49.0,46.0,0.0,0.0,0.0,0.0,417
2023-05-09 21:40:28,CF401P13000,CF401P13000,49.0,0.0,0.0,0.0,2,45.0,46.0,12,49.0,46.0,0.0,0.0,0.0,0.0,417
2023-05-09 21:40:44,CF401P13000,CF401P13000,49.0,0.0,0.0,0.0,2,45.0,47.0,12,49.0,46.0,0.0,0.0,0.0,0.0,417
2023-05-09 21:43:00,CF401P13000,CF401P13000,49.0,0.0,0.0,0.0,2,45.0,46.0,12,49.0,46.0,0.0,0.0,0.0,0.0,417
2023-05-09 21:43:03,CF401P13000,CF401P13000,49.0,0.0,0.0,0.0,2,44.0,46.0,12,49.0,46.0,0.0,0.0,0.0,0.0,417
2023-05-09 21:48:45,CF401P13000,CF401P13000,46.0,15.0,690.0,-5.0,2,44.0,47.0,2,49.0,46.0,46.0,46.0,15.0,690.0,412
2023-05-09 21:48:45,CF401P13000,CF401P13000,46.0,0.0,0.0,0.0,2,44.0,46.0,2,49.0,46.0,46.0,46.0,15.0,690.0,412
2023-05-09 21:48:47,CF401P13000,CF401P13000,46.0,0.0,0.0,0.0,2,44.0,46.0,12,49.0,46.0,46.0,46.0,15.0,690.0,412
2023-05-09 21:53:56,CF401P13000,CF401P13000,46.0,0.0,0.0,0.0,2,44.0,46.0,2,49.0,46.0,46.0,46.0,15.0,690.0,412
2023-05-09 21:53:57,CF401P13000,CF401P13000,46.0,0.0,0.0,0.0,2,44.0,46.0,12,49.0,46.0,46.0,46.0,15.0,690.0,412
2023-05-09 21:57:07,CF401P13000,CF401P13000,46.0,0.0,0.0,0.0,2,44.0,46.0,2,49.0,46.0,46.0,46.0,15.0,690.0,412
2023-05-09 21:57:07,CF401P13000,CF401P13000,46.0,0.0,0.0,0.0,2,44.0,46.0,12,49.0,46.0,46.0,46.0,15.0,690.0,412
2023-05-09 21:58:52,CF401P13000,CF401P13000,46.0,0.0,0.0,0.0,2,44.0,45.0,2,49.0,46.0,46.0,46.0,15.0,690.0,412
2023-05-09 21:58:53,CF401P13000,CF401P13000,46.0,0.0,0.0,0.0,2,44.0,45.0,12,49.0,46.0,46.0,46.0,15.0,690.0,412
2023-05-09 22:00:03,CF401P13000,CF401P13000,46.0,0.0,0.0,0.0,2,43.0,45.0,12,49.0,46.0,46.0,46.0,15.0,690.0,412
2023-05-09 22:00:12,CF401P13000,CF401P13000,46.0,0.0,0.0,0.0,2,44.0,45.0,12,49.0,46.0,46.0,46.0,15.0,690.0,412
2023-05-09 22:00:42,CF401P13000,CF401P13000,46.0,0.0,0.0,0.0,2,44.0,46.0,2,49.0,46.0,46.0,46.0,15.0,690.0,412
2023-05-09 22:00:49,CF401P13000,CF401P13000,46.0,0.0,0.0,0.0,2,44.0,46.0,12,49.0,46.0,46.0,46.0,15.0,690.0,412
2023-05-09 22:01:38,CF401P13000,CF401P13000,46.0,0.0,0.0,0.0,2,43.0,45.0,2,49.0,46.0,46.0,46.0,15.0,690.0,412
2023-05-09 22:01:39,CF401P13000,CF401P13000,46.0,0.0,0.0,0.0,2,43.0,45.0,12,49.0,46.0,46.0,46.0,15.0,690.0,412
2023-05-09 22:05:41,CF401P13000,CF401P13000,46.0,0.0,0.0,0.0,2,43.0,45.0,2,49.0,46.0,46.0,46.0,15.0,690.0,412
2023-05-09 22:05:42,CF401P13000,CF401P13000,46.0,0.0,0.0,0.0,2,43.0,45.0,12,49.0,46.0,46.0,46.0,15.0,690.0,412
2023-05-09 22:06:15,CF401P13000,CF401P13000,46.0,0.0,0.0,0.0,2,44.0,45.0,12,49.0,46.0,46.0,46.0,15.0,690.0,412
2023-05-09 22:06:57,CF401P13000,CF401P13000,46.0,0.0,0.0,0.0,2,43.0,45.0,2,49.0,46.0,46.0,46.0,15.0,690.0,412
2023-05-09 22:06:59,CF401P13000,CF401P13000,46.0,0.0,0.0,0.0,2,43.0,45.0,12,49.0,46.0,46.0,46.0,15.0,690.0,412
2023-05-09 22:09:01,CF401P13000,CF401P13000,46.0,0.0,0.0,0.0,2,43.0,45.0,2,49.0,46.0,46.0,46.0,15.0,690.0,412
2023-05-09 22:09:03,CF401P13000,CF401P13000,46.0,0.0,0.0,0.0,2,43.0,45.0,12,49.0,46.0,46.0,46.0,15.0,690.0,412
2023-05-09 22:09:49,CF401P13000,CF401P13000,46.0,0.0,0.0,0.0,2,43.0,45.0,2,49.0,46.0,46.0,46.0,15.0,690.0,412
2023-05-09 22:10:12,CF401P13000,CF401P13000,46.0,0.0,0.0,0.0,2,43.0,45.0,12,49.0,46.0,46.0,46.0,15.0,690.0,412
2023-05-09 22:11:33,CF401P13000,CF401P13000,46.0,0.0,0.0,0.0,11,41.0,45.0,12,49.0,46.0,46.0,46.0,15.0,690.0,412
2023-05-09 22:11:34,CF401P13000,CF401P13000,46.0,0.0,0.0,0.0,2,42.0,44.0,2,49.0,46.0,46.0,46.0,15.0,690.0,412
2023-05-09 22:11:34,CF401P13000,CF401P13000,46.0,0.0,0.0,0.0,2,42.0,44.0,12,49.0,46.0,46.0,46.0,15.0,690.0,412
2023-05-09 22:12:08,CF401P13000,CF401P13000,46.0,0.0,0.0,0.0,2,43.0,45.0,2,49.0,46.0,46.0,46.0,15.0,690.0,412
2023-05-09 22:12:15,CF401P13000,CF401P13000,46.0,0.0,0.0,0.0,2,43.0,45.0,12,49.0,46.0,46.0,46.0,15.0,690.0,412
2023-05-09 22:16:46,CF401P13000,CF401P13000,46.0,0.0,0.0,0.0,2,42.0,45.0,12,49.0,46.0,46.0,46.0,15.0,690.0,412
2023-05-09 22:16:48,CF401P13000,CF401P13000,46.0,0.0,0.0,0.0,2,42.0,45.0,2,49.0,46.0,46.0,46.0,15.0,690.0,412
2023-05-09 22:16:49,CF401P13000,CF401P13000,46.0,0.0,0.0,0.0,2,42.0,44.0,2,49.0,46.0,46.0,46.0,15.0,690.0,412
2023-05-09 22:17:02,CF401P13000,CF401P13000,46.0,0.0,0.0,0.0,2,42.0,44.0,12,49.0,46.0,46.0,46.0,15.0,690.0,412
2023-05-09 22:17:19,CF401P13000,CF401P13000,46.0,0.0,0.0,0.0,2,42.0,44.0,2,49.0,46.0,46.0,46.0,15.0,690.0,412
2023-05-09 22:17:20,CF401P13000,CF401P13000,46.0,0.0,0.0,0.0,2,42.0,44.0,12,49.0,46.0,46.0,46.0,15.0,690.0,412
2023-05-09 22:19:40,CF401P13000,CF401P13000,46.0,0.0,0.0,0.0,2,43.0,44.0,12,49.0,46.0,46.0,46.0,15.0,690.0,412
2023-05-09 22:19:42,CF401P13000,CF401P13000,46.0,0.0,0.0,0.0,2,43.0,44.0,10,49.0,46.0,46.0,46.0,15.0,690.0,412
2023-05-09 22:19:42,CF401P13000,CF401P13000,46.0,0.0,0.0,0.0,2,43.0,45.0,12,49.0,46.0,46.0,46.0,15.0,690.0,412
2023-05-09 22:21:15,CF401P13000,CF401P13000,46.0,0.0,0.0,0.0,2,43.0,48.0,1,49.0,46.0,46.0,46.0,15.0,690.0,412
2023-05-09 22:21:16,CF401P13000,CF401P13000,46.0,0.0,0.0,0.0,2,43.0,48.0,11,49.0,46.0,46.0,46.0,15.0,690.0,412
2023-05-09 22:21:16,CF401P13000,CF401P13000,46.0,0.0,0.0,0.0,2,43.0,46.0,12,49.0,46.0,46.0,46.0,15.0,690.0,412
2023-05-09 22:21:26,CF401P13000,CF401P13000,46.0,0.0,0.0,0.0,2,43.0,45.0,12,49.0,46.0,46.0,46.0,15.0,690.0,412
2023-05-09 22:22:56,CF401P13000,CF401P13000,46.0,0.0,0.0,0.0,2,44.0,45.0,12,49.0,46.0,46.0,46.0,15.0,690.0,412
2023-05-09 22:23:06,CF401P13000,CF401P13000,46.0,0.0,0.0,0.0,2,43.0,45.0,2,49.0,46.0,46.0,46.0,15.0,690.0,412
2023-05-09 22:23:07,CF401P13000,CF401P13000,46.0,0.0,0.0,0.0,2,43.0,45.0,12,49.0,46.0,46.0,46.0,15.0,690.0,412
2023-05-09 22:24:51,CF401P13000,CF401P13000,46.0,0.0,0.0,0.0,2,44.0,45.0,12,49.0,46.0,46.0,46.0,15.0,690.0,412
2023-05-09 22:24:51,CF401P13000,CF401P13000,46.0,0.0,0.0,0.0,2,44.0,46.0,2,49.0,46.0,46.0,46.0,15.0,690.0,412
2023-05-09 22:24:52,CF401P13000,CF401P13000,46.0,0.0,0.0,0.0,2,44.0,46.0,12,49.0,46.0,46.0,46.0,15.0,690.0,412
2023-05-09 22:25:24,CF401P13000,CF401P13000,46.0,0.0,0.0,0.0,2,43.0,45.0,2,49.0,46.0,46.0,46.0,15.0,690.0,412
2023-05-09 22:25:24,CF401P13000,CF401P13000,46.0,0.0,0.0,0.0,2,43.0,45.0,12,49.0,46.0,46.0,46.0,15.0,690.0,412
2023-05-09 22:30:45,CF401P13000,CF401P13000,46.0,0.0,0.0,0.0,2,44.0,45.0,10,49.0,46.0,46.0,46.0,15.0,690.0,412
2023-05-09 22:30:45,CF401P13000,CF401P13000,46.0,0.0,0.0,0.0,2,44.0,46.0,12,49.0,46.0,46.0,46.0,15.0,690.0,412
2023-05-09 22:31:08,CF401P13000,CF401P13000,46.0,0.0,0.0,0.0,2,44.0,45.0,12,49.0,46.0,46.0,46.0,15.0,690.0,412
2023-05-09 22:31:14,CF401P13000,CF401P13000,46.0,0.0,0.0,0.0,2,43.0,45.0,12,49.0,46.0,46.0,46.0,15.0,690.0,412
2023-05-09 22:32:11,CF401P13000,CF401P13000,46.0,0.0,0.0,0.0,2,43.0,46.0,2,49.0,46.0,46.0,46.0,15.0,690.0,412
2023-05-09 22:32:11,CF401P13000,CF401P13000,46.0,0.0,0.0,0.0,2,43.0,46.0,12,49.0,46.0,46.0,46.0,15.0,690.0,412
2023-05-09 22:32:12,CF401P13000,CF401P13000,46.0,0.0,0.0,0.0,2,44.0,46.0,12,49.0,46.0,46.0,46.0,15.0,690.0,412
2023-05-09 22:33:57,CF401P13000,CF401P13000,46.0,0.0,0.0,0.0,2,43.0,45.0,2,49.0,46.0,46.0,46.0,15.0,690.0,412
2023-05-09 22:33:57,CF401P13000,CF401P13000,46.0,0.0,0.0,0.0,2,43.0,45.0,12,49.0,46.0,46.0,46.0,15.0,690.0,412
2023-05-09 22:37:27,CF401P13000,CF401P13000,46.0,0.0,0.0,0.0,2,42.0,44.0,2,49.0,46.0,46.0,46.0,15.0,690.0,412
2023-05-09 22:37:27,CF401P13000,CF401P13000,46.0,0.0,0.0,0.0,2,42.0,44.0,12,49.0,46.0,46.0,46.0,15.0,690.0,412
2023-05-09 22:38:54,CF401P13000,CF401P13000,46.0,0.0,0.0,0.0,2,43.0,44.0,10,49.0,46.0,46.0,46.0,15.0,690.0,412
2023-05-09 22:38:54,CF401P13000,CF401P13000,46.0,0.0,0.0,0.0,2,43.0,45.0,12,49.0,46.0,46.0,46.0,15.0,690.0,412
2023-05-09 22:41:18,CF401P13000,CF401P13000,46.0,0.0,0.0,0.0,2,43.0,44.0,12,49.0,46.0,46.0,46.0,15.0,690.0,412
2023-05-09 22:41:24,CF401P13000,CF401P13000,46.0,0.0,0.0,0.0,2,42.0,44.0,12,49.0,46.0,46.0,46.0,15.0,690.0,412
2023-05-09 22:42:00,CF401P13000,CF401P13000,46.0,0.0,0.0,0.0,2,42.0,44.0,2,49.0,46.0,46.0,46.0,15.0,690.0,412
2023-05-09 22:42:01,CF401P13000,CF401P13000,46.0,0.0,0.0,0.0,2,42.0,44.0,12,49.0,46.0,46.0,46.0,15.0,690.0,412
2023-05-09 22:42:02,CF401P13000,CF401P13000,46.0,0.0,0.0,0.0,2,42.0,44.0,2,49.0,46.0,46.0,46.0,15.0,690.0,412
2023-05-09 22:42:03,CF401P13000,CF401P13000,46.0,0.0,0.0,0.0,2,42.0,44.0,12,49.0,46.0,46.0,46.0,15.0,690.0,412
2023-05-09 22:42:17,CF401P13000,CF401P13000,46.0,0.0,0.0,0.0,2,43.0,44.0,12,49.0,46.0,46.0,46.0,15.0,690.0,412
2023-05-09 22:43:48,CF401P13000,CF401P13000,46.0,0.0,0.0,0.0,2,42.0,44.0,12,49.0,46.0,46.0,46.0,15.0,690.0,412
2023-05-09 22:46:02,CF401P13000,CF401P13000,46.0,0.0,0.0,0.0,2,43.0,44.0,10,49.0,46.0,46.0,46.0,15.0,690.0,412
2023-05-09 22:46:02,CF401P13000,CF401P13000,46.0,0.0,0.0,0.0,2,43.0,45.0,12,49.0,46.0,46.0,46.0,15.0,690.0,412
2023-05-09 22:46:38,CF401P13000,CF401P13000,46.0,0.0,0.0,0.0,2,42.0,44.0,2,49.0,46.0,46.0,46.0,15.0,690.0,412
2023-05-09 22:46:39,CF401P13000,CF401P13000,46.0,0.0,0.0,0.0,2,42.0,44.0,12,49.0,46.0,46.0,46.0,15.0,690.0,412
2023-05-09 22:49:21,CF401P13000,CF401P13000,46.0,0.0,0.0,0.0,2,43.0,44.0,12,49.0,46.0,46.0,46.0,15.0,690.0,412
2023-05-09 22:50:09,CF401P13000,CF401P13000,46.0,0.0,0.0,0.0,2,43.0,45.0,12,49.0,46.0,46.0,46.0,15.0,690.0,412
2023-05-09 22:55:12,CF401P13000,CF401P13000,46.0,0.0,0.0,0.0,2,42.0,45.0,12,49.0,46.0,46.0,46.0,15.0,690.0,412
2023-05-09 22:55:56,CF401P13000,CF401P13000,46.0,0.0,0.0,0.0,11,41.0,48.0,11,49.0,46.0,46.0,46.0,15.0,690.0,412
2023-05-09 22:56:30,CF401P13000,CF401P13000,46.0,0.0,0.0,0.0,10,37.0,48.0,10,49.0,46.0,46.0,46.0,15.0,690.0,412
2023-05-09 22:57:29,CF401P13000,CF401P13000,46.0,0.0,0.0,0.0,10,15.0,55.0,1,49.0,46.0,46.0,46.0,15.0,690.0,412
2023-05-10 09:00:02,CF401P13000,CF401P13000,46.0,0.0,0.0,0.0,1,37.0,49.0,1,49.0,46.0,46.0,46.0,15.0,690.0,412
2023-05-10 09:01:23,CF401P13000,CF401P13000,46.0,0.0,0.0,0.0,2,41.0,44.0,2,49.0,46.0,46.0,46.0,15.0,690.0,412
2023-05-10 09:02:08,CF401P13000,CF401P13000,46.0,0.0,0.0,0.0,2,41.0,44.0,12,49.0,46.0,46.0,46.0,15.0,690.0,412
2023-05-10 09:02:32,CF401P13000,CF401P13000,46.0,0.0,0.0,0.0,2,42.0,44.0,12,49.0,46.0,46.0,46.0,15.0,690.0,412
2023-05-10 09:03:26,CF401P13000,CF401P13000,46.0,0.0,0.0,0.0,2,42.0,43.0,12,49.0,46.0,46.0,46.0,15.0,690.0,412
2023-05-10 09:03:32,CF401P13000,CF401P13000,46.0,0.0,0.0,0.0,2,42.0,43.0,2,49.0,46.0,46.0,46.0,15.0,690.0,412
2023-05-10 09:03:32,CF401P13000,CF401P13000,46.0,0.0,0.0,0.0,2,42.0,43.0,12,49.0,46.0,46.0,46.0,15.0,690.0,412
2023-05-10 09:03:33,CF401P13000,CF401P13000,46.0,0.0,0.0,0.0,2,42.0,43.0,10,49.0,46.0,46.0,46.0,15.0,690.0,412
2023-05-10 09:03:34,CF401P13000,CF401P13000,46.0,0.0,0.0,0.0,2,42.0,44.0,12,49.0,46.0,46.0,46.0,15.0,690.0,412
2023-05-10 09:05:32,CF401P13000,CF401P13000,46.0,0.0,0.0,0.0,2,42.0,43.0,2,49.0,46.0,46.0,46.0,15.0,690.0,412
2023-05-10 09:05:44,CF401P13000,CF401P13000,46.0,0.0,0.0,0.0,2,42.0,43.0,12,49.0,46.0,46.0,46.0,15.0,690.0,412
2023-05-10 09:05:51,CF401P13000,CF401P13000,46.0,0.0,0.0,0.0,2,42.0,43.0,2,49.0,46.0,46.0,46.0,15.0,690.0,412
2023-05-10 09:06:01,CF401P13000,CF401P13000,46.0,0.0,0.0,0.0,2,42.0,44.0,12,49.0,46.0,46.0,46.0,15.0,690.0,412
2023-05-10 09:06:33,CF401P13000,CF401P13000,46.0,0.0,0.0,0.0,2,42.0,44.0,2,49.0,46.0,46.0,46.0,15.0,690.0,412
2023-05-10 09:06:44,CF401P13000,CF401P13000,46.0,0.0,0.0,0.0,2,42.0,44.0,12,49.0,46.0,46.0,46.0,15.0,690.0,412
2023-05-10 09:07:00,CF401P13000,CF401P13000,46.0,0.0,0.0,0.0,2,42.0,44.0,2,49.0,46.0,46.0,46.0,15.0,690.0,412
2023-05-10 09:07:00,CF401P13000,CF401P13000,46.0,0.0,0.0,0.0,2,42.0,44.0,12,49.0,46.0,46.0,46.0,15.0,690.0,412
2023-05-10 09:11:00,CF401P13000,CF401P13000,46.0,0.0,0.0,0.0,2,42.0,43.0,2,49.0,46.0,46.0,46.0,15.0,690.0,412
2023-05-10 09:11:05,CF401P13000,CF401P13000,46.0,0.0,0.0,0.0,2,42.0,43.0,12,49.0,46.0,46.0,46.0,15.0,690.0,412
2023-05-10 09:11:05,CF401P13000,CF401P13000,46.0,0.0,0.0,0.0,2,41.0,43.0,12,49.0,46.0,46.0,46.0,15.0,690.0,412
2023-05-10 09:13:54,CF401P13000,CF401P13000,46.0,0.0,0.0,0.0,2,41.0,42.0,2,49.0,46.0,46.0,46.0,15.0,690.0,412
2023-05-10 09:13:55,CF401P13000,CF401P13000,46.0,0.0,0.0,0.0,2,41.0,42.0,12,49.0,46.0,46.0,46.0,15.0,690.0,412
2023-05-10 09:14:14,CF401P13000,CF401P13000,46.0,0.0,0.0,0.0,2,41.0,43.0,2,49.0,46.0,46.0,46.0,15.0,690.0,412
2023-05-10 09:14:26,CF401P13000,CF401P13000,46.0,0.0,0.0,0.0,2,41.0,43.0,12,49.0,46.0,46.0,46.0,15.0,690.0,412
2023-05-10 09:16:25,CF401P13000,CF401P13000,46.0,0.0,0.0,0.0,2,42.0,43.0,12,49.0,46.0,46.0,46.0,15.0,690.0,412
2023-05-10 09:17:56,CF401P13000,CF401P13000,46.0,0.0,0.0,0.0,2,42.0,43.0,10,49.0,46.0,46.0,46.0,15.0,690.0,412
2023-05-10 09:17:56,CF401P13000,CF401P13000,46.0,0.0,0.0,0.0,2,42.0,44.0,12,49.0,46.0,46.0,46.0,15.0,690.0,412
2023-05-10 09:30:14,CF401P13000,CF401P13000,46.0,0.0,0.0,0.0,2,42.0,43.0,2,49.0,46.0,46.0,46.0,15.0,690.0,412
2023-05-10 09:30:16,CF401P13000,CF401P13000,46.0,0.0,0.0,0.0,2,42.0,43.0,12,49.0,46.0,46.0,46.0,15.0,690.0,412
2023-05-10 09:30:16,CF401P13000,CF401P13000,46.0,0.0,0.0,0.0,2,41.0,43.0,12,49.0,46.0,46.0,46.0,15.0,690.0,412
2023-05-10 09:36:02,CF401P13000,CF401P13000,46.0,0.0,0.0,0.0,2,41.0,42.0,2,49.0,46.0,46.0,46.0,15.0,690.0,412
2023-05-10 09:36:02,CF401P13000,CF401P13000,46.0,0.0,0.0,0.0,2,41.0,42.0,12,49.0,46.0,46.0,46.0,15.0,690.0,412
2023-05-10 09:36:15,CF401P13000,CF401P13000,46.0,0.0,0.0,0.0,2,40.0,42.0,12,49.0,46.0,46.0,46.0,15.0,690.0,412
2023-05-10 09:36:52,CF401P13000,CF401P13000,46.0,0.0,0.0,0.0,2,41.0,42.0,12,49.0,46.0,46.0,46.0,15.0,690.0,412
2023-05-10 09:37:01,CF401P13000,CF401P13000,46.0,0.0,0.0,0.0,2,41.0,43.0,12,49.0,46.0,46.0,46.0,15.0,690.0,412
2023-05-10 09:44:19,CF401P13000,CF401P13000,46.0,0.0,0.0,0.0,2,41.0,42.0,12,49.0,46.0,46.0,46.0,15.0,690.0,412
2023-05-10 09:44:25,CF401P13000,CF401P13000,46.0,0.0,0.0,0.0,2,40.0,42.0,12,49.0,46.0,46.0,46.0,15.0,690.0,412
2023-05-10 09:45:08,CF401P13000,CF401P13000,46.0,0.0,0.0,0.0,2,41.0,42.0,12,49.0,46.0,46.0,46.0,15.0,690.0,412
2023-05-10 09:45:20,CF401P13000,CF401P13000,46.0,0.0,0.0,0.0,2,41.0,42.0,2,49.0,46.0,46.0,46.0,15.0,690.0,412
2023-05-10 09:45:21,CF401P13000,CF401P13000,46.0,0.0,0.0,0.0,2,41.0,42.0,12,49.0,46.0,46.0,46.0,15.0,690.0,412
2023-05-10 09:45:48,CF401P13000,CF401P13000,46.0,0.0,0.0,0.0,2,40.0,42.0,12,49.0,46.0,46.0,46.0,15.0,690.0,412
2023-05-10 09:50:15,CF401P13000,CF401P13000,46.0,0.0,0.0,0.0,2,40.0,41.0,2,49.0,46.0,46.0,46.0,15.0,690.0,412
2023-05-10 09:50:15,CF401P13000,CF401P13000,46.0,0.0,0.0,0.0,2,40.0,41.0,12,49.0,46.0,46.0,46.0,15.0,690.0,412
2023-05-10 09:50:23,CF401P13000,CF401P13000,46.0,0.0,0.0,0.0,3,39.0,41.0,12,49.0,46.0,46.0,46.0,15.0,690.0,412
2023-05-10 09:52:18,CF401P13000,CF401P13000,46.0,0.0,0.0,0.0,2,40.0,41.0,12,49.0,46.0,46.0,46.0,15.0,690.0,412
2023-05-10 09:54:05,CF401P13000,CF401P13000,46.0,0.0,0.0,0.0,2,40.0,42.0,12,49.0,46.0,46.0,46.0,15.0,690.0,412
2023-05-10 10:00:05,CF401P13000,CF401P13000,46.0,0.0,0.0,0.0,2,40.0,41.0,12,49.0,46.0,46.0,46.0,15.0,690.0,412
2023-05-10 10:00:10,CF401P13000,CF401P13000,46.0,0.0,0.0,0.0,3,39.0,41.0,12,49.0,46.0,46.0,46.0,15.0,690.0,412
2023-05-10 10:00:50,CF401P13000,CF401P13000,46.0,0.0,0.0,0.0,2,39.0,41.0,12,49.0,46.0,46.0,46.0,15.0,690.0,412
2023-05-10 10:03:08,CF401P13000,CF401P13000,46.0,0.0,0.0,0.0,2,39.0,40.0,2,49.0,46.0,46.0,46.0,15.0,690.0,412
2023-05-10 10:03:08,CF401P13000,CF401P13000,46.0,0.0,0.0,0.0,2,39.0,40.0,12,49.0,46.0,46.0,46.0,15.0,690.0,412
2023-05-10 10:04:27,CF401P13000,CF401P13000,46.0,0.0,0.0,0.0,2,39.0,40.0,10,49.0,46.0,46.0,46.0,15.0,690.0,412
2023-05-10 10:04:28,CF401P13000,CF401P13000,46.0,0.0,0.0,0.0,2,39.0,41.0,12,49.0,46.0,46.0,46.0,15.0,690.0,412
2023-05-10 10:06:27,CF401P13000,CF401P13000,46.0,0.0,0.0,0.0,2,39.0,40.0,2,49.0,46.0,46.0,46.0,15.0,690.0,412
2023-05-10 10:06:28,CF401P13000,CF401P13000,46.0,0.0,0.0,0.0,2,39.0,40.0,12,49.0,46.0,46.0,46.0,15.0,690.0,412
2023-05-10 10:07:03,CF401P13000,CF401P13000,46.0,0.0,0.0,0.0,2,38.0,40.0,2,49.0,46.0,46.0,46.0,15.0,690.0,412
2023-05-10 10:07:05,CF401P13000,CF401P13000,46.0,0.0,0.0,0.0,2,38.0,40.0,12,49.0,46.0,46.0,46.0,15.0,690.0,412
2023-05-10 10:12:02,CF401P13000,CF401P13000,46.0,0.0,0.0,0.0,2,38.0,40.0,2,49.0,46.0,46.0,46.0,15.0,690.0,412
2023-05-10 10:12:09,CF401P13000,CF401P13000,46.0,0.0,0.0,0.0,2,38.0,40.0,12,49.0,46.0,46.0,46.0,15.0,690.0,412
2023-05-10 10:14:49,CF401P13000,CF401P13000,46.0,0.0,0.0,0.0,2,38.0,40.0,2,49.0,46.0,46.0,46.0,15.0,690.0,412
2023-05-10 10:30:16,CF401P13000,CF401P13000,46.0,0.0,0.0,0.0,2,38.0,40.0,12,49.0,46.0,46.0,46.0,15.0,690.0,412
2023-05-10 10:32:48,CF401P13000,CF401P13000,46.0,0.0,0.0,0.0,2,39.0,40.0,12,49.0,46.0,46.0,46.0,15.0,690.0,412
2023-05-10 10:33:21,CF401P13000,CF401P13000,46.0,0.0,0.0,0.0,2,39.0,41.0,12,49.0,46.0,46.0,46.0,15.0,690.0,412
2023-05-10 10:36:57,CF401P13000,CF401P13000,46.0,0.0,0.0,0.0,2,40.0,41.0,12,49.0,46.0,46.0,46.0,15.0,690.0,412
2023-05-10 10:39:40,CF401P13000,CF401P13000,46.0,0.0,0.0,0.0,2,40.0,42.0,2,49.0,46.0,46.0,46.0,15.0,690.0,412
2023-05-10 10:39:41,CF401P13000,CF401P13000,46.0,0.0,0.0,0.0,2,40.0,42.0,12,49.0,46.0,46.0,46.0,15.0,690.0,412
2023-05-10 10:41:50,CF401P13000,CF401P13000,46.0,0.0,0.0,0.0,2,41.0,42.0,12,49.0,46.0,46.0,46.0,15.0,690.0,412
2023-05-10 10:42:06,CF401P13000,CF401P13000,46.0,0.0,0.0,0.0,2,40.0,42.0,12,49.0,46.0,46.0,46.0,15.0,690.0,412
2023-05-10 10:44:17,CF401P13000,CF401P13000,46.0,0.0,0.0,0.0,12,40.0,42.0,12,49.0,46.0,46.0,46.0,15.0,690.0,412
2023-05-10 10:44:18,CF401P13000,CF401P13000,46.0,0.0,0.0,0.0,2,40.0,42.0,12,49.0,46.0,46.0,46.0,15.0,690.0,412
2023-05-10 10:46:21,CF401P13000,CF401P13000,46.0,0.0,0.0,0.0,2,41.0,42.0,12,49.0,46.0,46.0,46.0,15.0,690.0,412
2023-05-10 10:47:34,CF401P13000,CF401P13000,46.0,0.0,0.0,0.0,2,41.0,42.0,10,49.0,46.0,46.0,46.0,15.0,690.0,412
2023-05-10 10:47:34,CF401P13000,CF401P13000,46.0,0.0,0.0,0.0,2,41.0,43.0,3,49.0,46.0,46.0,46.0,15.0,690.0,412
2023-05-10 10:47:37,CF401P13000,CF401P13000,46.0,0.0,0.0,0.0,2,41.0,43.0,13,49.0,46.0,46.0,46.0,15.0,690.0,412
2023-05-10 10:48:12,CF401P13000,CF401P13000,46.0,0.0,0.0,0.0,2,41.0,43.0,12,49.0,46.0,46.0,46.0,15.0,690.0,412
2023-05-10 10:49:04,CF401P13000,CF401P13000,46.0,0.0,0.0,0.0,2,41.0,43.0,2,49.0,46.0,46.0,46.0,15.0,690.0,412
2023-05-10 10:49:05,CF401P13000,CF401P13000,46.0,0.0,0.0,0.0,2,41.0,43.0,12,49.0,46.0,46.0,46.0,15.0,690.0,412
2023-05-10 10:49:17,CF401P13000,CF401P13000,46.0,0.0,0.0,0.0,2,41.0,42.0,2,49.0,46.0,46.0,46.0,15.0,690.0,412
2023-05-10 10:49:17,CF401P13000,CF401P13000,46.0,0.0,0.0,0.0,2,41.0,42.0,12,49.0,46.0,46.0,46.0,15.0,690.0,412
2023-05-10 10:49:17,CF401P13000,CF401P13000,46.0,0.0,0.0,0.0,2,41.0,42.0,2,49.0,46.0,46.0,46.0,15.0,690.0,412
2023-05-10 10:49:17,CF401P13000,CF401P13000,46.0,0.0,0.0,0.0,2,41.0,42.0,12,49.0,46.0,46.0,46.0,15.0,690.0,412
2023-05-10 10:49:22,CF401P13000,CF401P13000,46.0,0.0,0.0,0.0,2,40.0,42.0,12,49.0,46.0,46.0,46.0,15.0,690.0,412
2023-05-10 10:52:09,CF401P13000,CF401P13000,46.0,0.0,0.0,0.0,2,41.0,42.0,12,49.0,46.0,46.0,46.0,15.0,690.0,412
2023-05-10 10:53:22,CF401P13000,CF401P13000,46.0,0.0,0.0,0.0,2,40.0,42.0,12,49.0,46.0,46.0,46.0,15.0,690.0,412
2023-05-10 10:53:42,CF401P13000,CF401P13000,46.0,0.0,0.0,0.0,2,41.0,42.0,12,49.0,46.0,46.0,46.0,15.0,690.0,412
2023-05-10 10:53:48,CF401P13000,CF401P13000,46.0,0.0,0.0,0.0,2,40.0,42.0,12,49.0,46.0,46.0,46.0,15.0,690.0,412
2023-05-10 10:53:55,CF401P13000,CF401P13000,42.0,1.0,46.0,0.0,2,40.0,42.0,11,49.0,46.0,46.0,42.0,16.0,736.0,412
2023-05-10 10:54:08,CF401P13000,CF401P13000,42.0,0.0,0.0,0.0,2,41.0,42.0,11,49.0,46.0,46.0,42.0,16.0,736.0,412
2023-05-10 10:55:39,CF401P13000,CF401P13000,42.0,0.0,0.0,0.0,2,40.0,42.0,11,49.0,46.0,46.0,42.0,16.0,736.0,412
2023-05-10 10:56:40,CF401P13000,CF401P13000,42.0,0.0,0.0,0.0,2,41.0,42.0,11,49.0,46.0,46.0,42.0,16.0,736.0,412
2023-05-10 10:57:02,CF401P13000,CF401P13000,42.0,0.0,0.0,0.0,2,40.0,42.0,11,49.0,46.0,46.0,42.0,16.0,736.0,412
2023-05-10 10:58:02,CF401P13000,CF401P13000,42.0,0.0,0.0,0.0,2,41.0,42.0,11,49.0,46.0,46.0,42.0,16.0,736.0,412
2023-05-10 10:59:29,CF401P13000,CF401P13000,42.0,0.0,0.0,0.0,2,41.0,42.0,10,49.0,46.0,46.0,42.0,16.0,736.0,412
2023-05-10 10:59:29,CF401P13000,CF401P13000,42.0,0.0,0.0,0.0,2,41.0,43.0,12,49.0,46.0,46.0,42.0,16.0,736.0,412
2023-05-10 11:04:26,CF401P13000,CF401P13000,42.0,0.0,0.0,0.0,2,41.0,43.0,2,49.0,46.0,46.0,42.0,16.0,736.0,412
2023-05-10 11:04:39,CF401P13000,CF401P13000,42.0,0.0,0.0,0.0,2,41.0,43.0,12,49.0,46.0,46.0,42.0,16.0,736.0,412
2023-05-10 11:04:42,CF401P13000,CF401P13000,42.0,0.0,0.0,0.0,2,42.0,43.0,12,49.0,46.0,46.0,42.0,16.0,736.0,412
2023-05-10 11:04:47,CF401P13000,CF401P13000,42.0,0.0,0.0,0.0,2,42.0,43.0,2,49.0,46.0,46.0,42.0,16.0,736.0,412
2023-05-10 11:05:01,CF401P13000,CF401P13000,42.0,0.0,0.0,0.0,2,42.0,43.0,12,49.0,46.0,46.0,42.0,16.0,736.0,412
2023-05-10 11:05:05,CF401P13000,CF401P13000,42.0,0.0,0.0,0.0,2,41.0,43.0,12,49.0,46.0,46.0,42.0,16.0,736.0,412
2023-05-10 11:05:18,CF401P13000,CF401P13000,42.0,0.0,0.0,0.0,2,41.0,43.0,2,49.0,46.0,46.0,42.0,16.0,736.0,412
2023-05-10 11:05:19,CF401P13000,CF401P13000,42.0,0.0,0.0,0.0,2,41.0,43.0,12,49.0,46.0,46.0,42.0,16.0,736.0,412
2023-05-10 11:06:15,CF401P13000,CF401P13000,42.0,0.0,0.0,0.0,2,41.0,42.0,12,49.0,46.0,46.0,42.0,16.0,736.0,412
2023-05-10 11:06:26,CF401P13000,CF401P13000,42.0,0.0,0.0,0.0,2,41.0,42.0,2,49.0,46.0,46.0,42.0,16.0,736.0,412
2023-05-10 11:06:29,CF401P13000,CF401P13000,42.0,0.0,0.0,0.0,2,41.0,42.0,12,49.0,46.0,46.0,42.0,16.0,736.0,412
2023-05-10 11:06:53,CF401P13000,CF401P13000,42.0,0.0,0.0,0.0,2,41.0,43.0,12,49.0,46.0,46.0,42.0,16.0,736.0,412
2023-05-10 11:08:16,CF401P13000,CF401P13000,42.0,0.0,0.0,0.0,2,42.0,43.0,12,49.0,46.0,46.0,42.0,16.0,736.0,412
2023-05-10 11:08:40,CF401P13000,CF401P13000,42.0,0.0,0.0,0.0,2,42.0,43.0,10,49.0,46.0,46.0,42.0,16.0,736.0,412
2023-05-10 11:08:41,CF401P13000,CF401P13000,42.0,0.0,0.0,0.0,2,42.0,44.0,12,49.0,46.0,46.0,42.0,16.0,736.0,412
2023-05-10 11:08:41,CF401P13000,CF401P13000,42.0,0.0,0.0,0.0,2,42.0,44.0,2,49.0,46.0,46.0,42.0,16.0,736.0,412
2023-05-10 11:08:42,CF401P13000,CF401P13000,42.0,0.0,0.0,0.0,2,42.0,44.0,12,49.0,46.0,46.0,42.0,16.0,736.0,412
2023-05-10 11:08:53,CF401P13000,CF401P13000,42.0,0.0,0.0,0.0,2,42.0,43.0,12,49.0,46.0,46.0,42.0,16.0,736.0,412
2023-05-10 11:09:11,CF401P13000,CF401P13000,42.0,0.0,0.0,0.0,2,41.0,43.0,12,49.0,46.0,46.0,42.0,16.0,736.0,412
2023-05-10 11:13:16,CF401P13000,CF401P13000,42.0,0.0,0.0,0.0,2,42.0,43.0,12,49.0,46.0,46.0,42.0,16.0,736.0,412
2023-05-10 11:15:01,CF401P13000,CF401P13000,42.0,0.0,0.0,0.0,2,42.0,44.0,2,49.0,46.0,46.0,42.0,16.0,736.0,412
2023-05-10 11:15:01,CF401P13000,CF401P13000,42.0,0.0,0.0,0.0,2,42.0,44.0,12,49.0,46.0,46.0,42.0,16.0,736.0,412
2023-05-10 11:16:38,CF401P13000,CF401P13000,42.0,0.0,0.0,0.0,2,42.0,43.0,2,49.0,46.0,46.0,42.0,16.0,736.0,412
2023-05-10 11:16:39,CF401P13000,CF401P13000,42.0,0.0,0.0,0.0,2,42.0,43.0,12,49.0,46.0,46.0,42.0,16.0,736.0,412
2023-05-10 11:16:47,CF401P13000,CF401P13000,42.0,0.0,0.0,0.0,2,41.0,43.0,12,49.0,46.0,46.0,42.0,16.0,736.0,412
2023-05-10 11:20:00,CF401P13000,CF401P13000,42.0,0.0,0.0,0.0,2,42.0,43.0,12,49.0,46.0,46.0,42.0,16.0,736.0,412
2023-05-10 11:21:02,CF401P13000,CF401P13000,42.0,0.0,0.0,0.0,2,42.0,43.0,10,49.0,46.0,46.0,42.0,16.0,736.0,412
2023-05-10 11:21:02,CF401P13000,CF401P13000,42.0,0.0,0.0,0.0,2,42.0,44.0,12,49.0,46.0,46.0,42.0,16.0,736.0,412
2023-05-10 11:22:10,CF401P13000,CF401P13000,42.0,0.0,0.0,0.0,2,42.0,43.0,2,49.0,46.0,46.0,42.0,16.0,736.0,412
2023-05-10 11:22:10,CF401P13000,CF401P13000,42.0,0.0,0.0,0.0,2,42.0,43.0,12,49.0,46.0,46.0,42.0,16.0,736.0,412
2023-05-10 11:22:39,CF401P13000,CF401P13000,42.0,0.0,0.0,0.0,2,42.0,43.0,10,49.0,46.0,46.0,42.0,16.0,736.0,412
2023-05-10 11:22:40,CF401P13000,CF401P13000,42.0,0.0,0.0,0.0,2,42.0,44.0,12,49.0,46.0,46.0,42.0,16.0,736.0,412
2023-05-10 11:25:44,CF401P13000,CF401P13000,42.0,0.0,0.0,0.0,2,43.0,44.0,12,49.0,46.0,46.0,42.0,16.0,736.0,412
2023-05-10 11:26:32,CF401P13000,CF401P13000,42.0,0.0,0.0,0.0,2,43.0,45.0,2,49.0,46.0,46.0,42.0,16.0,736.0,412
2023-05-10 11:26:32,CF401P13000,CF401P13000,42.0,0.0,0.0,0.0,2,43.0,45.0,12,49.0,46.0,46.0,42.0,16.0,736.0,412
2023-05-10 11:27:22,CF401P13000,CF401P13000,42.0,0.0,0.0,0.0,2,43.0,44.0,2,49.0,46.0,46.0,42.0,16.0,736.0,412
2023-05-10 11:27:23,CF401P13000,CF401P13000,42.0,0.0,0.0,0.0,2,43.0,44.0,12,49.0,46.0,46.0,42.0,16.0,736.0,412
2023-05-10 11:29:25,CF401P13000,CF401P13000,42.0,0.0,0.0,0.0,10,41.0,44.0,10,49.0,46.0,46.0,42.0,16.0,736.0,412
2023-05-10 11:29:25,CF401P13000,CF401P13000,42.0,0.0,0.0,0.0,11,38.0,46.0,11,49.0,46.0,46.0,42.0,16.0,736.0,412
2023-05-10 11:29:42,CF401P13000,CF401P13000,42.0,0.0,0.0,0.0,1,38.0,46.0,1,49.0,46.0,46.0,42.0,16.0,736.0,412
2023-05-10 13:30:54,CF401P13000,CF401P13000,42.0,0.0,0.0,0.0,2,42.0,44.0,2,49.0,46.0,46.0,42.0,16.0,736.0,412
2023-05-10 13:31:26,CF401P13000,CF401P13000,42.0,0.0,0.0,0.0,2,42.0,44.0,12,49.0,46.0,46.0,42.0,16.0,736.0,412
2023-05-10 13:32:04,CF401P13000,CF401P13000,42.0,0.0,0.0,0.0,2,43.0,44.0,12,49.0,46.0,46.0,42.0,16.0,736.0,412
2023-05-10 13:32:24,CF401P13000,CF401P13000,42.0,0.0,0.0,0.0,2,42.0,44.0,2,49.0,46.0,46.0,42.0,16.0,736.0,412
2023-05-10 13:32:25,CF401P13000,CF401P13000,42.0,0.0,0.0,0.0,2,42.0,44.0,12,49.0,46.0,46.0,42.0,16.0,736.0,412
2023-05-10 13:32:31,CF401P13000,CF401P13000,42.0,0.0,0.0,0.0,2,42.0,44.0,2,49.0,46.0,46.0,42.0,16.0,736.0,412
2023-05-10 13:32:31,CF401P13000,CF401P13000,42.0,0.0,0.0,0.0,2,42.0,44.0,12,49.0,46.0,46.0,42.0,16.0,736.0,412
2023-05-10 13:33:31,CF401P13000,CF401P13000,42.0,0.0,0.0,0.0,2,43.0,44.0,12,49.0,46.0,46.0,42.0,16.0,736.0,412
2023-05-10 13:34:07,CF401P13000,CF401P13000,42.0,0.0,0.0,0.0,2,43.0,46.0,1,49.0,46.0,46.0,42.0,16.0,736.0,412
2023-05-10 13:34:08,CF401P13000,CF401P13000,42.0,0.0,0.0,0.0,2,43.0,45.0,2,49.0,46.0,46.0,42.0,16.0,736.0,412
2023-05-10 13:34:08,CF401P13000,CF401P13000,42.0,0.0,0.0,0.0,2,43.0,45.0,12,49.0,46.0,46.0,42.0,16.0,736.0,412
2023-05-10 13:40:38,CF401P13000,CF401P13000,42.0,0.0,0.0,0.0,2,43.0,45.0,2,49.0,46.0,46.0,42.0,16.0,736.0,412
2023-05-10 13:40:40,CF401P13000,CF401P13000,42.0,0.0,0.0,0.0,2,43.0,45.0,12,49.0,46.0,46.0,42.0,16.0,736.0,412
2023-05-10 13:41:29,CF401P13000,CF401P13000,42.0,0.0,0.0,0.0,2,44.0,45.0,12,49.0,46.0,46.0,42.0,16.0,736.0,412
2023-05-10 13:41:38,CF401P13000,CF401P13000,42.0,0.0,0.0,0.0,2,44.0,46.0,3,49.0,46.0,46.0,42.0,16.0,736.0,412
2023-05-10 13:41:39,CF401P13000,CF401P13000,42.0,0.0,0.0,0.0,2,44.0,46.0,13,49.0,46.0,46.0,42.0,16.0,736.0,412
2023-05-10 13:44:10,CF401P13000,CF401P13000,42.0,0.0,0.0,0.0,2,44.0,45.0,2,49.0,46.0,46.0,42.0,16.0,736.0,412
2023-05-10 13:44:32,CF401P13000,CF401P13000,45.0,2.0,92.0,-2.0,2,44.0,46.0,13,49.0,46.0,46.0,42.0,18.0,828.0,410
2023-05-10 13:45:18,CF401P13000,CF401P13000,45.0,0.0,0.0,0.0,2,44.0,45.0,3,49.0,46.0,46.0,42.0,18.0,828.0,410
2023-05-10 13:46:25,CF401P13000,CF401P13000,45.0,0.0,0.0,0.0,12,43.0,45.0,3,49.0,46.0,46.0,42.0,18.0,828.0,410
2023-05-10 13:48:03,CF401P13000,CF401P13000,45.0,0.0,0.0,0.0,2,43.0,45.0,3,49.0,46.0,46.0,42.0,18.0,828.0,410
2023-05-10 13:48:05,CF401P13000,CF401P13000,45.0,0.0,0.0,0.0,12,43.0,45.0,3,49.0,46.0,46.0,42.0,18.0,828.0,410
2023-05-10 13:48:06,CF401P13000,CF401P13000,45.0,0.0,0.0,0.0,2,43.0,45.0,3,49.0,46.0,46.0,42.0,18.0,828.0,410
2023-05-10 13:48:12,CF401P13000,CF401P13000,45.0,0.0,0.0,0.0,12,43.0,45.0,3,49.0,46.0,46.0,42.0,18.0,828.0,410
2023-05-10 13:48:15,CF401P13000,CF401P13000,45.0,0.0,0.0,0.0,2,43.0,45.0,3,49.0,46.0,46.0,42.0,18.0,828.0,410
2023-05-10 13:48:27,CF401P13000,CF401P13000,45.0,0.0,0.0,0.0,2,43.0,45.0,13,49.0,46.0,46.0,42.0,18.0,828.0,410
2023-05-10 13:49:14,CF401P13000,CF401P13000,45.0,0.0,0.0,0.0,2,43.0,45.0,3,49.0,46.0,46.0,42.0,18.0,828.0,410
2023-05-10 13:49:22,CF401P13000,CF401P13000,45.0,0.0,0.0,0.0,2,43.0,45.0,13,49.0,46.0,46.0,42.0,18.0,828.0,410
2023-05-10 13:49:43,CF401P13000,CF401P13000,45.0,0.0,0.0,0.0,2,43.0,45.0,3,49.0,46.0,46.0,42.0,18.0,828.0,410
2023-05-10 13:49:45,CF401P13000,CF401P13000,45.0,0.0,0.0,0.0,2,43.0,45.0,13,49.0,46.0,46.0,42.0,18.0,828.0,410
2023-05-10 13:52:07,CF401P13000,CF401P13000,45.0,0.0,0.0,0.0,2,43.0,44.0,3,49.0,46.0,46.0,42.0,18.0,828.0,410
2023-05-10 13:52:07,CF401P13000,CF401P13000,45.0,0.0,0.0,0.0,2,43.0,44.0,13,49.0,46.0,46.0,42.0,18.0,828.0,410
2023-05-10 13:54:34,CF401P13000,CF401P13000,45.0,0.0,0.0,0.0,2,43.0,45.0,12,49.0,46.0,46.0,42.0,18.0,828.0,410
2023-05-10 13:55:01,CF401P13000,CF401P13000,45.0,0.0,0.0,0.0,2,43.0,44.0,2,49.0,46.0,46.0,42.0,18.0,828.0,410
2023-05-10 13:55:01,CF401P13000,CF401P13000,45.0,0.0,0.0,0.0,2,43.0,44.0,12,49.0,46.0,46.0,42.0,18.0,828.0,410
2023-05-10 13:55:18,CF401P13000,CF401P13000,45.0,0.0,0.0,0.0,2,42.0,44.0,12,49.0,46.0,46.0,42.0,18.0,828.0,410
2023-05-10 13:59:08,CF401P13000,CF401P13000,45.0,0.0,0.0,0.0,2,42.0,43.0,2,49.0,46.0,46.0,42.0,18.0,828.0,410
2023-05-10 13:59:08,CF401P13000,CF401P13000,45.0,0.0,0.0,0.0,2,42.0,43.0,12,49.0,46.0,46.0,42.0,18.0,828.0,410
2023-05-10 13:59:15,CF401P13000,CF401P13000,45.0,0.0,0.0,0.0,2,41.0,43.0,12,49.0,46.0,46.0,42.0,18.0,828.0,410
2023-05-10 13:59:56,CF401P13000,CF401P13000,45.0,0.0,0.0,0.0,12,41.0,43.0,2,49.0,46.0,46.0,42.0,18.0,828.0,410
2023-05-10 14:00:02,CF401P13000,CF401P13000,45.0,0.0,0.0,0.0,2,41.0,43.0,12,49.0,46.0,46.0,42.0,18.0,828.0,410
2023-05-10 14:00:05,CF401P13000,CF401P13000,45.0,0.0,0.0,0.0,12,41.0,43.0,2,49.0,46.0,46.0,42.0,18.0,828.0,410
2023-05-10 14:01:30,CF401P13000,CF401P13000,45.0,0.0,0.0,0.0,2,41.0,43.0,12,49.0,46.0,46.0,42.0,18.0,828.0,410
2023-05-10 14:01:31,CF401P13000,CF401P13000,45.0,0.0,0.0,0.0,12,41.0,43.0,2,49.0,46.0,46.0,42.0,18.0,828.0,410
2023-05-10 14:01:33,CF401P13000,CF401P13000,45.0,0.0,0.0,0.0,2,41.0,43.0,12,49.0,46.0,46.0,42.0,18.0,828.0,410
2023-05-10 14:10:26,CF401P13000,CF401P13000,45.0,0.0,0.0,0.0,12,41.0,43.0,2,49.0,46.0,46.0,42.0,18.0,828.0,410
2023-05-10 14:13:40,CF401P13000,CF401P13000,45.0,0.0,0.0,0.0,2,42.0,43.0,2,49.0,46.0,46.0,42.0,18.0,828.0,410
2023-05-10 14:14:23,CF401P13000,CF401P13000,43.0,2.0,72.0,-2.0,12,41.0,44.0,12,49.0,46.0,46.0,42.0,20.0,900.0,408
2023-05-10 14:14:24,CF401P13000,CF401P13000,43.0,0.0,0.0,0.0,12,41.0,43.0,2,49.0,46.0,46.0,42.0,20.0,900.0,408
2023-05-10 14:16:03,CF401P13000,CF401P13000,43.0,2.0,90.0,-2.0,12,41.0,43.0,14,49.0,46.0,46.0,42.0,22.0,990.0,406
2023-05-10 14:18:41,CF401P13000,CF401P13000,43.0,0.0,0.0,0.0,2,41.0,43.0,14,49.0,46.0,46.0,42.0,22.0,990.0,406
2023-05-10 14:18:42,CF401P13000,CF401P13000,43.0,0.0,0.0,0.0,12,41.0,43.0,14,49.0,46.0,46.0,42.0,22.0,990.0,406
2023-05-10 14:19:28,CF401P13000,CF401P13000,43.0,0.0,0.0,0.0,3,42.0,43.0,14,49.0,46.0,46.0,42.0,22.0,990.0,406
2023-05-10 14:19:29,CF401P13000,CF401P13000,43.0,0.0,0.0,0.0,13,42.0,43.0,14,49.0,46.0,46.0,42.0,22.0,990.0,406
2023-05-10 14:19:30,CF401P13000,CF401P13000,43.0,0.0,0.0,0.0,3,42.0,43.0,14,49.0,46.0,46.0,42.0,22.0,990.0,406
2023-05-10 14:19:32,CF401P13000,CF401P13000,43.0,0.0,0.0,0.0,3,42.0,44.0,12,49.0,46.0,46.0,42.0,22.0,990.0,406
2023-05-10 14:19:58,CF401P13000,CF401P13000,43.0,0.0,0.0,0.0,3,42.0,43.0,3,49.0,46.0,46.0,42.0,22.0,990.0,406
2023-05-10 14:19:59,CF401P13000,CF401P13000,43.0,3.0,135.0,-3.0,3,42.0,44.0,12,49.0,46.0,46.0,42.0,25.0,1125.0,403
2023-05-10 14:20:14,CF401P13000,CF401P13000,43.0,0.0,0.0,0.0,3,42.0,43.0,3,49.0,46.0,46.0,42.0,25.0,1125.0,403
2023-05-10 14:20:15,CF401P13000,CF401P13000,43.0,3.0,135.0,-3.0,3,42.0,44.0,12,49.0,46.0,46.0,42.0,28.0,1260.0,400
2023-05-10 14:20:17,CF401P13000,CF401P13000,43.0,0.0,0.0,0.0,3,42.0,43.0,3,49.0,46.0,46.0,42.0,28.0,1260.0,400
2023-05-10 14:20:22,CF401P13000,CF401P13000,43.0,3.0,135.0,-3.0,3,42.0,44.0,12,49.0,46.0,46.0,42.0,31.0,1395.0,397
2023-05-10 14:20:24,CF401P13000,CF401P13000,43.0,0.0,0.0,0.0,3,42.0,43.0,3,49.0,46.0,46.0,42.0,31.0,1395.0,397
2023-05-10 14:21:12,CF401P13000,CF401P13000,43.0,2.0,57.0,-2.0,13,42.0,43.0,1,49.0,46.0,46.0,42.0,33.0,1452.0,395
2023-05-10 14:21:12,CF401P13000,CF401P13000,43.0,1.0,44.0,-1.0,3,42.0,44.0,2,49.0,46.0,46.0,42.0,34.0,1496.0,394
2023-05-10 14:21:14,CF401P13000,CF401P13000,43.0,0.0,0.0,0.0,13,42.0,44.0,2,49.0,46.0,46.0,42.0,34.0,1496.0,394
2023-05-10 14:21:30,CF401P13000,CF401P13000,43.0,0.0,0.0,0.0,3,42.0,44.0,2,49.0,46.0,46.0,42.0,34.0,1496.0,394
2023-05-10 14:21:33,CF401P13000,CF401P13000,43.0,0.0,0.0,0.0,13,42.0,44.0,2,49.0,46.0,46.0,42.0,34.0,1496.0,394
2023-05-10 14:22:00,CF401P13000,CF401P13000,43.0,0.0,0.0,0.0,3,42.0,44.0,2,49.0,46.0,46.0,42.0,34.0,1496.0,394
2023-05-10 14:22:01,CF401P13000,CF401P13000,43.0,0.0,0.0,0.0,3,42.0,44.0,12,49.0,46.0,46.0,42.0,34.0,1496.0,394
2023-05-10 14:22:01,CF401P13000,CF401P13000,43.0,0.0,0.0,0.0,3,42.0,43.0,3,49.0,46.0,46.0,42.0,34.0,1496.0,394
2023-05-10 14:22:18,CF401P13000,CF401P13000,43.0,2.0,88.0,-2.0,3,42.0,43.0,1,49.0,46.0,46.0,42.0,36.0,1584.0,392
2023-05-10 14:22:20,CF401P13000,CF401P13000,43.0,1.0,44.0,-1.0,3,42.0,44.0,12,49.0,46.0,46.0,42.0,37.0,1628.0,391
2023-05-10 14:22:23,CF401P13000,CF401P13000,43.0,0.0,0.0,0.0,3,42.0,43.0,3,49.0,46.0,46.0,42.0,37.0,1628.0,391
2023-05-10 14:23:06,CF401P13000,CF401P13000,43.0,0.0,0.0,0.0,13,42.0,43.0,3,49.0,46.0,46.0,42.0,37.0,1628.0,391
2023-05-10 14:23:49,CF401P13000,CF401P13000,43.0,2.0,88.0,-2.0,13,42.0,43.0,1,49.0,46.0,46.0,42.0,39.0,1716.0,389
2023-05-10 14:23:52,CF401P13000,CF401P13000,43.0,0.0,0.0,0.0,3,42.0,43.0,1,49.0,46.0,46.0,42.0,39.0,1716.0,389
2023-05-10 14:24:06,CF401P13000,CF401P13000,43.0,0.0,0.0,0.0,13,42.0,43.0,1,49.0,46.0,46.0,42.0,39.0,1716.0,389
2023-05-10 14:24:11,CF401P13000,CF401P13000,43.0,1.0,44.0,-1.0,13,42.0,44.0,2,49.0,46.0,46.0,42.0,40.0,1760.0,388
2023-05-10 14:25:22,CF401P13000,CF401P13000,43.0,0.0,0.0,0.0,3,42.0,44.0,2,49.0,46.0,46.0,42.0,40.0,1760.0,388
2023-05-10 14:25:23,CF401P13000,CF401P13000,43.0,0.0,0.0,0.0,3,42.0,44.0,12,49.0,46.0,46.0,42.0,40.0,1760.0,388
2023-05-10 14:25:35,CF401P13000,CF401P13000,43.0,0.0,0.0,0.0,13,42.0,44.0,2,49.0,46.0,46.0,42.0,40.0,1760.0,388
2023-05-10 14:25:35,CF401P13000,CF401P13000,43.0,0.0,0.0,0.0,3,42.0,44.0,2,49.0,46.0,46.0,42.0,40.0,1760.0,388
2023-05-10 14:25:36,CF401P13000,CF401P13000,43.0,0.0,0.0,0.0,13,42.0,44.0,2,49.0,46.0,46.0,42.0,40.0,1760.0,388
2023-05-10 14:25:45,CF401P13000,CF401P13000,43.0,0.0,0.0,0.0,3,43.0,44.0,2,49.0,46.0,46.0,42.0,40.0,1760.0,388
2023-05-10 14:26:06,CF401P13000,CF401P13000,43.0,0.0,0.0,0.0,3,43.0,45.0,10,49.0,46.0,46.0,42.0,40.0,1760.0,388
2023-05-10 14:26:06,CF401P13000,CF401P13000,43.0,0.0,0.0,0.0,3,43.0,45.0,3,49.0,46.0,46.0,42.0,40.0,1760.0,388
2023-05-10 14:26:07,CF401P13000,CF401P13000,43.0,0.0,0.0,0.0,3,43.0,45.0,13,49.0,46.0,46.0,42.0,40.0,1760.0,388
2023-05-10 14:26:09,CF401P13000,CF401P13000,43.0,0.0,0.0,0.0,3,43.0,45.0,3,49.0,46.0,46.0,42.0,40.0,1760.0,388
2023-05-10 14:26:10,CF401P13000,CF401P13000,43.0,0.0,0.0,0.0,13,43.0,45.0,3,49.0,46.0,46.0,42.0,40.0,1760.0,388
2023-05-10 14:26:12,CF401P13000,CF401P13000,43.0,0.0,0.0,0.0,3,43.0,45.0,3,49.0,46.0,46.0,42.0,40.0,1760.0,388
2023-05-10 14:26:33,CF401P13000,CF401P13000,43.0,0.0,0.0,0.0,13,43.0,45.0,3,49.0,46.0,46.0,42.0,40.0,1760.0,388
2023-05-10 14:26:55,CF401P13000,CF401P13000,43.0,0.0,0.0,0.0,3,44.0,45.0,3,49.0,46.0,46.0,42.0,40.0,1760.0,388
2023-05-10 14:26:56,CF401P13000,CF401P13000,43.0,0.0,0.0,0.0,13,44.0,45.0,3,49.0,46.0,46.0,42.0,40.0,1760.0,388
2023-05-10 14:27:01,CF401P13000,CF401P13000,45.0,2.0,88.0,-2.0,13,44.0,45.0,1,49.0,46.0,46.0,42.0,42.0,1848.0,386
2023-05-10 14:27:02,CF401P13000,CF401P13000,45.0,1.0,44.0,-1.0,3,44.0,46.0,4,49.0,46.0,46.0,42.0,43.0,1892.0,385
2023-05-10 14:27:03,CF401P13000,CF401P13000,45.0,0.0,0.0,0.0,3,44.0,45.0,3,49.0,46.0,46.0,42.0,43.0,1892.0,385
2023-05-10 14:27:05,CF401P13000,CF401P13000,45.0,0.0,0.0,0.0,3,43.0,45.0,3,49.0,46.0,46.0,42.0,43.0,1892.0,385
2023-05-10 14:27:06,CF401P13000,CF401P13000,45.0,0.0,0.0,0.0,13,43.0,45.0,3,49.0,46.0,46.0,42.0,43.0,1892.0,385
2023-05-10 14:27:08,CF401P13000,CF401P13000,45.0,0.0,0.0,0.0,3,43.0,45.0,3,49.0,46.0,46.0,42.0,43.0,1892.0,385
2023-05-10 14:27:37,CF401P13000,CF401P13000,45.0,0.0,0.0,0.0,13,43.0,45.0,3,49.0,46.0,46.0,42.0,43.0,1892.0,385
2023-05-10 14:28:37,CF401P13000,CF401P13000,45.0,0.0,0.0,0.0,3,43.0,45.0,3,49.0,46.0,46.0,42.0,43.0,1892.0,385
2023-05-10 14:28:39,CF401P13000,CF401P13000,45.0,0.0,0.0,0.0,13,43.0,45.0,3,49.0,46.0,46.0,42.0,43.0,1892.0,385
2023-05-10 14:31:19,CF401P13000,CF401P13000,44.0,2.0,88.0,-2.0,13,43.0,44.0,1,49.0,46.0,46.0,42.0,45.0,1980.0,383
2023-05-10 14:31:27,CF401P13000,CF401P13000,44.0,0.0,0.0,0.0,10,43.0,44.0,1,49.0,46.0,46.0,42.0,45.0,1980.0,383
2023-05-10 14:31:28,CF401P13000,CF401P13000,44.0,0.0,0.0,0.0,13,42.0,44.0,1,49.0,46.0,46.0,42.0,45.0,1980.0,383
2023-05-10 14:34:14,CF401P13000,CF401P13000,44.0,0.0,0.0,0.0,1,40.0,44.0,1,49.0,46.0,46.0,42.0,45.0,1980.0,383
2023-05-10 14:34:15,CF401P13000,CF401P13000,44.0,0.0,0.0,0.0,11,40.0,44.0,1,49.0,46.0,46.0,42.0,45.0,1980.0,383
2023-05-10 14:34:15,CF401P13000,CF401P13000,44.0,0.0,0.0,0.0,13,41.0,43.0,3,49.0,46.0,46.0,42.0,45.0,1980.0,383
2023-05-10 14:40:26,CF401P13000,CF401P13000,44.0,0.0,0.0,0.0,13,41.0,42.0,3,49.0,46.0,46.0,42.0,45.0,1980.0,383
2023-05-10 14:40:34,CF401P13000,CF401P13000,44.0,0.0,0.0,0.0,10,41.0,42.0,3,49.0,46.0,46.0,42.0,45.0,1980.0,383
2023-05-10 14:40:34,CF401P13000,CF401P13000,44.0,0.0,0.0,0.0,14,40.0,42.0,3,49.0,46.0,46.0,42.0,45.0,1980.0,383
2023-05-10 14:41:15,CF401P13000,CF401P13000,44.0,0.0,0.0,0.0,13,40.0,43.0,2,49.0,46.0,46.0,42.0,45.0,1980.0,383
2023-05-10 14:41:30,CF401P13000,CF401P13000,44.0,0.0,0.0,0.0,12,41.0,43.0,2,49.0,46.0,46.0,42.0,45.0,1980.0,383
2023-05-10 14:42:48,CF401P13000,CF401P13000,44.0,0.0,0.0,0.0,12,41.0,42.0,2,49.0,46.0,46.0,42.0,45.0,1980.0,383
2023-05-10 14:43:09,CF401P13000,CF401P13000,41.0,12.0,528.0,2.0,3,40.0,41.0,18,49.0,46.0,46.0,41.0,57.0,2508.0,385
2023-05-10 14:43:11,CF401P13000,CF401P13000,41.0,0.0,0.0,0.0,13,40.0,41.0,18,49.0,46.0,46.0,41.0,57.0,2508.0,385
2023-05-10 14:46:15,CF401P13000,CF401P13000,41.0,0.0,0.0,0.0,12,40.0,41.0,18,49.0,46.0,46.0,41.0,57.0,2508.0,385
2023-05-10 14:47:16,CF401P13000,CF401P13000,41.0,0.0,0.0,0.0,2,40.0,41.0,18,49.0,46.0,46.0,41.0,57.0,2508.0,385
2023-05-10 14:47:16,CF401P13000,CF401P13000,41.0,0.0,0.0,0.0,12,40.0,41.0,18,49.0,46.0,46.0,41.0,57.0,2508.0,385
2023-05-10 14:48:56,CF401P13000,CF401P13000,41.0,18.0,717.0,18.0,12,40.0,42.0,3,49.0,46.0,46.0,41.0,75.0,3225.0,403
2023-05-10 14:57:29,CF401P13000,CF401P13000,41.0,0.0,0.0,0.0,2,40.0,42.0,3,49.0,46.0,46.0,41.0,75.0,3225.0,403
2023-05-10 14:58:54,CF401P13000,CF401P13000,41.0,0.0,0.0,0.0,5,39.0,42.0,3,49.0,46.0,46.0,41.0,75.0,3225.0,403
2023-05-10 14:58:55,CF401P13000,CF401P13000,41.0,0.0,0.0,0.0,1,36.0,46.0,1,49.0,46.0,46.0,41.0,75.0,3225.0,403
2023-05-10 14:58:55,CF401P13000,CF401P13000,41.0,0.0,0.0,0.0,1,36.0,46.0,1,49.0,46.0,46.0,41.0,75.0,3225.0,403
