time,symbol_id,symbol_name,last,trade_volume,trade_amount,open_interest_change,bv1,bp1,ap1,av1,yesterday_close,today_open,today_high,today_low,volume,amount,open_interest
2023-05-09 19:10:58,CF401C15600,CF401C15600,968.0,0.0,0.0,-10.0,0,0.0,0.0,0,968.0,962.0,0.0,0.0,0.0,0.0,472
2023-05-09 20:59:00,CF401C15600,CF401C15600,968.0,0.0,0.0,0.0,1,962.0,0.0,0,968.0,962.0,0.0,0.0,0.0,0.0,472
2023-05-09 21:00:03,CF401C15600,CF401C15600,968.0,0.0,0.0,0.0,1,962.0,1290.0,12,968.0,962.0,0.0,0.0,0.0,0.0,472
2023-05-09 21:00:04,CF401C15600,CF401C15600,968.0,0.0,0.0,0.0,1,962.0,1284.0,10,968.0,962.0,0.0,0.0,0.0,0.0,472
2023-05-09 21:00:04,CF401C15600,CF401C15600,968.0,0.0,0.0,0.0,1,962.0,1290.0,12,968.0,962.0,0.0,0.0,0.0,0.0,472
2023-05-09 21:00:05,CF401C15600,CF401C15600,968.0,0.0,0.0,0.0,1,962.0,1289.0,10,968.0,962.0,0.0,0.0,0.0,0.0,472
2023-05-09 21:00:10,CF401C15600,CF401C15600,968.0,0.0,0.0,0.0,1,962.0,1283.0,10,968.0,962.0,0.0,0.0,0.0,0.0,472
2023-05-09 21:00:10,CF401C15600,CF401C15600,968.0,0.0,0.0,0.0,1,962.0,1282.0,10,968.0,962.0,0.0,0.0,0.0,0.0,472
2023-05-09 21:00:11,CF401C15600,CF401C15600,968.0,0.0,0.0,0.0,1,962.0,1276.0,10,968.0,962.0,0.0,0.0,0.0,0.0,472
2023-05-09 21:00:11,CF401C15600,CF401C15600,968.0,0.0,0.0,0.0,1,962.0,1269.0,10,968.0,962.0,0.0,0.0,0.0,0.0,472
2023-05-09 21:00:12,CF401C15600,CF401C15600,968.0,0.0,0.0,0.0,1,962.0,1268.0,10,968.0,962.0,0.0,0.0,0.0,0.0,472
2023-05-09 21:00:12,CF401C15600,CF401C15600,968.0,0.0,0.0,0.0,1,962.0,1262.0,10,968.0,962.0,0.0,0.0,0.0,0.0,472
2023-05-09 21:00:13,CF401C15600,CF401C15600,968.0,0.0,0.0,0.0,1,962.0,1255.0,10,968.0,962.0,0.0,0.0,0.0,0.0,472
2023-05-09 21:00:13,CF401C15600,CF401C15600,968.0,0.0,0.0,0.0,1,962.0,1254.0,10,968.0,962.0,0.0,0.0,0.0,0.0,472
2023-05-09 21:00:14,CF401C15600,CF401C15600,968.0,0.0,0.0,0.0,1,962.0,1171.0,10,968.0,962.0,0.0,0.0,0.0,0.0,472
2023-05-09 21:00:14,CF401C15600,CF401C15600,968.0,0.0,0.0,0.0,1,962.0,1164.0,10,968.0,962.0,0.0,0.0,0.0,0.0,472
2023-05-09 21:00:15,CF401C15600,CF401C15600,968.0,0.0,0.0,0.0,1,962.0,1081.0,10,968.0,962.0,0.0,0.0,0.0,0.0,472
2023-05-09 21:00:15,CF401C15600,CF401C15600,968.0,0.0,0.0,0.0,1,962.0,1029.0,10,968.0,962.0,0.0,0.0,0.0,0.0,472
2023-05-09 21:00:15,CF401C15600,CF401C15600,968.0,0.0,0.0,0.0,1,962.0,1081.0,10,968.0,962.0,0.0,0.0,0.0,0.0,472
2023-05-09 21:00:15,CF401C15600,CF401C15600,968.0,0.0,0.0,0.0,1,962.0,1029.0,10,968.0,962.0,0.0,0.0,0.0,0.0,472
2023-05-09 21:01:11,CF401C15600,CF401C15600,968.0,0.0,0.0,0.0,1,962.0,990.0,2,968.0,962.0,0.0,0.0,0.0,0.0,472
2023-05-09 21:01:13,CF401C15600,CF401C15600,968.0,0.0,0.0,0.0,2,968.0,990.0,2,968.0,962.0,0.0,0.0,0.0,0.0,472
2023-05-09 21:01:14,CF401C15600,CF401C15600,968.0,0.0,0.0,0.0,2,968.0,985.0,2,968.0,962.0,0.0,0.0,0.0,0.0,472
2023-05-09 21:01:29,CF401C15600,CF401C15600,968.0,0.0,0.0,0.0,1,962.0,981.0,2,968.0,962.0,0.0,0.0,0.0,0.0,472
2023-05-09 21:01:31,CF401C15600,CF401C15600,968.0,0.0,0.0,0.0,2,966.0,981.0,2,968.0,962.0,0.0,0.0,0.0,0.0,472
2023-05-09 21:01:32,CF401C15600,CF401C15600,968.0,0.0,0.0,0.0,2,966.0,985.0,2,968.0,962.0,0.0,0.0,0.0,0.0,472
2023-05-09 21:01:39,CF401C15600,CF401C15600,968.0,0.0,0.0,0.0,2,971.0,985.0,2,968.0,962.0,0.0,0.0,0.0,0.0,472
2023-05-09 21:02:28,CF401C15600,CF401C15600,968.0,0.0,0.0,0.0,2,971.0,1030.0,10,968.0,962.0,0.0,0.0,0.0,0.0,472
2023-05-09 21:02:29,CF401C15600,CF401C15600,968.0,0.0,0.0,0.0,2,976.0,1030.0,10,968.0,962.0,0.0,0.0,0.0,0.0,472
2023-05-09 21:02:32,CF401C15600,CF401C15600,968.0,0.0,0.0,0.0,2,976.0,994.0,2,968.0,962.0,0.0,0.0,0.0,0.0,472
2023-05-09 21:03:27,CF401C15600,CF401C15600,968.0,0.0,0.0,0.0,2,971.0,989.0,2,968.0,962.0,0.0,0.0,0.0,0.0,472
2023-05-09 21:03:33,CF401C15600,CF401C15600,968.0,0.0,0.0,0.0,2,971.0,985.0,2,968.0,962.0,0.0,0.0,0.0,0.0,472
2023-05-09 21:03:47,CF401C15600,CF401C15600,968.0,0.0,0.0,0.0,2,964.0,985.0,2,968.0,962.0,0.0,0.0,0.0,0.0,472
2023-05-09 21:03:48,CF401C15600,CF401C15600,968.0,0.0,0.0,0.0,2,964.0,980.0,2,968.0,962.0,0.0,0.0,0.0,0.0,472
2023-05-09 21:03:59,CF401C15600,CF401C15600,968.0,0.0,0.0,0.0,2,964.0,975.0,2,968.0,962.0,0.0,0.0,0.0,0.0,472
2023-05-09 21:04:00,CF401C15600,CF401C15600,968.0,0.0,0.0,0.0,1,962.0,975.0,2,968.0,962.0,0.0,0.0,0.0,0.0,472
2023-05-09 21:04:23,CF401C15600,CF401C15600,968.0,0.0,0.0,0.0,1,962.0,973.0,20,968.0,962.0,0.0,0.0,0.0,0.0,472
2023-05-09 21:04:25,CF401C15600,CF401C15600,968.0,0.0,0.0,0.0,1,962.0,973.0,10,968.0,962.0,0.0,0.0,0.0,0.0,472
2023-05-09 21:04:34,CF401C15600,CF401C15600,968.0,0.0,0.0,0.0,2,964.0,973.0,10,968.0,962.0,0.0,0.0,0.0,0.0,472
2023-05-09 21:04:34,CF401C15600,CF401C15600,968.0,0.0,0.0,0.0,2,964.0,975.0,2,968.0,962.0,0.0,0.0,0.0,0.0,472
2023-05-09 21:04:34,CF401C15600,CF401C15600,968.0,0.0,0.0,0.0,2,964.0,977.0,10,968.0,962.0,0.0,0.0,0.0,0.0,472
2023-05-09 21:04:52,CF401C15600,CF401C15600,968.0,0.0,0.0,0.0,2,964.0,977.0,20,968.0,962.0,0.0,0.0,0.0,0.0,472
2023-05-09 21:05:00,CF401C15600,CF401C15600,968.0,0.0,0.0,0.0,2,964.0,977.0,10,968.0,962.0,0.0,0.0,0.0,0.0,472
2023-05-09 21:05:01,CF401C15600,CF401C15600,968.0,0.0,0.0,0.0,2,964.0,977.0,20,968.0,962.0,0.0,0.0,0.0,0.0,472
2023-05-09 21:05:02,CF401C15600,CF401C15600,968.0,0.0,0.0,0.0,2,964.0,975.0,10,968.0,962.0,0.0,0.0,0.0,0.0,472
2023-05-09 21:05:05,CF401C15600,CF401C15600,968.0,0.0,0.0,0.0,2,964.0,974.0,20,968.0,962.0,0.0,0.0,0.0,0.0,472
2023-05-09 21:05:06,CF401C15600,CF401C15600,968.0,0.0,0.0,0.0,2,964.0,974.0,10,968.0,962.0,0.0,0.0,0.0,0.0,472
2023-05-09 21:05:07,CF401C15600,CF401C15600,968.0,0.0,0.0,0.0,2,964.0,974.0,20,968.0,962.0,0.0,0.0,0.0,0.0,472
2023-05-09 21:05:08,CF401C15600,CF401C15600,968.0,0.0,0.0,0.0,2,964.0,969.0,10,968.0,962.0,0.0,0.0,0.0,0.0,472
2023-05-09 21:05:08,CF401C15600,CF401C15600,968.0,0.0,0.0,0.0,1,962.0,969.0,10,968.0,962.0,0.0,0.0,0.0,0.0,472
2023-05-09 21:05:13,CF401C15600,CF401C15600,968.0,0.0,0.0,0.0,1,962.0,973.0,10,968.0,962.0,0.0,0.0,0.0,0.0,472
2023-05-09 21:05:23,CF401C15600,CF401C15600,968.0,0.0,0.0,0.0,1,962.0,974.0,10,968.0,962.0,0.0,0.0,0.0,0.0,472
2023-05-09 21:05:25,CF401C15600,CF401C15600,968.0,0.0,0.0,0.0,2,965.0,974.0,10,968.0,962.0,0.0,0.0,0.0,0.0,472
2023-05-09 21:05:26,CF401C15600,CF401C15600,968.0,0.0,0.0,0.0,2,965.0,976.0,2,968.0,962.0,0.0,0.0,0.0,0.0,472
2023-05-09 21:05:32,CF401C15600,CF401C15600,968.0,0.0,0.0,0.0,2,965.0,973.0,10,968.0,962.0,0.0,0.0,0.0,0.0,472
2023-05-09 21:05:33,CF401C15600,CF401C15600,968.0,0.0,0.0,0.0,1,962.0,972.0,10,968.0,962.0,0.0,0.0,0.0,0.0,472
2023-05-09 21:05:33,CF401C15600,CF401C15600,968.0,0.0,0.0,0.0,1,962.0,970.0,10,968.0,962.0,0.0,0.0,0.0,0.0,472
2023-05-09 21:05:45,CF401C15600,CF401C15600,968.0,0.0,0.0,0.0,1,962.0,967.0,10,968.0,962.0,0.0,0.0,0.0,0.0,472
2023-05-09 21:05:47,CF401C15600,CF401C15600,962.0,1.0,962.0,1.0,1,952.0,967.0,10,968.0,962.0,962.0,962.0,1.0,962.0,473
2023-05-09 21:05:48,CF401C15600,CF401C15600,962.0,0.0,0.0,0.0,3,952.0,967.0,10,968.0,962.0,962.0,962.0,1.0,962.0,473
2023-05-09 21:05:49,CF401C15600,CF401C15600,962.0,0.0,0.0,0.0,3,952.0,967.0,20,968.0,962.0,962.0,962.0,1.0,962.0,473
2023-05-09 21:05:49,CF401C15600,CF401C15600,962.0,0.0,0.0,0.0,3,952.0,966.0,10,968.0,962.0,962.0,962.0,1.0,962.0,473
2023-05-09 21:05:50,CF401C15600,CF401C15600,962.0,0.0,0.0,0.0,3,952.0,966.0,20,968.0,962.0,962.0,962.0,1.0,962.0,473
2023-05-09 21:05:50,CF401C15600,CF401C15600,962.0,0.0,0.0,0.0,3,952.0,966.0,10,968.0,962.0,962.0,962.0,1.0,962.0,473
2023-05-09 21:05:51,CF401C15600,CF401C15600,962.0,0.0,0.0,0.0,3,952.0,966.0,20,968.0,962.0,962.0,962.0,1.0,962.0,473
2023-05-09 21:05:54,CF401C15600,CF401C15600,962.0,0.0,0.0,0.0,3,952.0,966.0,10,968.0,962.0,962.0,962.0,1.0,962.0,473
2023-05-09 21:05:57,CF401C15600,CF401C15600,962.0,0.0,0.0,0.0,13,952.0,969.0,10,968.0,962.0,962.0,962.0,1.0,962.0,473
2023-05-09 21:05:59,CF401C15600,CF401C15600,962.0,0.0,0.0,0.0,23,952.0,969.0,10,968.0,962.0,962.0,962.0,1.0,962.0,473
2023-05-09 21:06:04,CF401C15600,CF401C15600,962.0,0.0,0.0,0.0,2,957.0,969.0,10,968.0,962.0,962.0,962.0,1.0,962.0,473
2023-05-09 21:06:09,CF401C15600,CF401C15600,962.0,0.0,0.0,0.0,3,957.0,969.0,10,968.0,962.0,962.0,962.0,1.0,962.0,473
2023-05-09 21:06:21,CF401C15600,CF401C15600,962.0,0.0,0.0,0.0,3,957.0,966.0,10,968.0,962.0,962.0,962.0,1.0,962.0,473
2023-05-09 21:06:21,CF401C15600,CF401C15600,962.0,0.0,0.0,0.0,3,957.0,965.0,10,968.0,962.0,962.0,962.0,1.0,962.0,473
2023-05-09 21:06:21,CF401C15600,CF401C15600,962.0,0.0,0.0,0.0,3,957.0,966.0,10,968.0,962.0,962.0,962.0,1.0,962.0,473
2023-05-09 21:06:21,CF401C15600,CF401C15600,962.0,0.0,0.0,0.0,3,957.0,965.0,10,968.0,962.0,962.0,962.0,1.0,962.0,473
2023-05-09 21:06:26,CF401C15600,CF401C15600,962.0,0.0,0.0,0.0,3,957.0,969.0,10,968.0,962.0,962.0,962.0,1.0,962.0,473
2023-05-09 21:06:30,CF401C15600,CF401C15600,962.0,0.0,0.0,0.0,3,957.0,969.0,20,968.0,962.0,962.0,962.0,1.0,962.0,473
2023-05-09 21:06:30,CF401C15600,CF401C15600,962.0,0.0,0.0,0.0,3,957.0,963.0,10,968.0,962.0,962.0,962.0,1.0,962.0,473
2023-05-09 21:06:38,CF401C15600,CF401C15600,962.0,0.0,0.0,0.0,1,957.0,963.0,10,968.0,962.0,962.0,962.0,1.0,962.0,473
2023-05-09 21:06:43,CF401C15600,CF401C15600,957.0,1.0,958.0,1.0,4,952.0,963.0,10,968.0,962.0,962.0,957.0,2.0,1920.0,474
2023-05-09 21:06:43,CF401C15600,CF401C15600,957.0,0.0,0.0,0.0,4,952.0,958.0,10,968.0,962.0,962.0,957.0,2.0,1920.0,474
2023-05-09 21:06:48,CF401C15600,CF401C15600,957.0,0.0,0.0,0.0,2,952.0,962.0,10,968.0,962.0,962.0,957.0,2.0,1920.0,474
2023-05-09 21:06:49,CF401C15600,CF401C15600,957.0,0.0,0.0,0.0,2,952.0,962.0,20,968.0,962.0,962.0,957.0,2.0,1920.0,474
2023-05-09 21:06:50,CF401C15600,CF401C15600,957.0,0.0,0.0,0.0,2,952.0,960.0,3,968.0,962.0,962.0,957.0,2.0,1920.0,474
2023-05-09 21:06:50,CF401C15600,CF401C15600,957.0,0.0,0.0,0.0,2,952.0,956.0,10,968.0,962.0,962.0,957.0,2.0,1920.0,474
2023-05-09 21:06:52,CF401C15600,CF401C15600,952.0,2.0,1904.0,2.0,1,942.0,953.0,10,968.0,962.0,962.0,952.0,4.0,3824.0,476
2023-05-09 21:06:52,CF401C15600,CF401C15600,952.0,0.0,0.0,0.0,4,942.0,953.0,10,968.0,962.0,962.0,952.0,4.0,3824.0,476
2023-05-09 21:06:54,CF401C15600,CF401C15600,952.0,0.0,0.0,0.0,4,942.0,956.0,10,968.0,962.0,962.0,952.0,4.0,3824.0,476
2023-05-09 21:06:57,CF401C15600,CF401C15600,952.0,0.0,0.0,0.0,4,942.0,953.0,10,968.0,962.0,962.0,952.0,4.0,3824.0,476
2023-05-09 21:07:02,CF401C15600,CF401C15600,952.0,0.0,0.0,0.0,4,942.0,951.0,10,968.0,962.0,962.0,952.0,4.0,3824.0,476
2023-05-09 21:07:02,CF401C15600,CF401C15600,952.0,0.0,0.0,0.0,1,942.0,950.0,10,968.0,962.0,962.0,952.0,4.0,3824.0,476
2023-05-09 21:07:04,CF401C15600,CF401C15600,952.0,0.0,0.0,0.0,1,942.0,951.0,10,968.0,962.0,962.0,952.0,4.0,3824.0,476
2023-05-09 21:07:05,CF401C15600,CF401C15600,952.0,0.0,0.0,0.0,1,942.0,952.0,10,968.0,962.0,962.0,952.0,4.0,3824.0,476
2023-05-09 21:07:06,CF401C15600,CF401C15600,952.0,0.0,0.0,0.0,1,942.0,952.0,20,968.0,962.0,962.0,952.0,4.0,3824.0,476
2023-05-09 21:07:06,CF401C15600,CF401C15600,952.0,0.0,0.0,0.0,2,942.0,952.0,20,968.0,962.0,962.0,952.0,4.0,3824.0,476
2023-05-09 21:07:08,CF401C15600,CF401C15600,952.0,0.0,0.0,0.0,2,942.0,947.0,10,968.0,962.0,962.0,952.0,4.0,3824.0,476
2023-05-09 21:07:14,CF401C15600,CF401C15600,952.0,0.0,0.0,0.0,2,942.0,945.0,10,968.0,962.0,962.0,952.0,4.0,3824.0,476
2023-05-09 21:07:16,CF401C15600,CF401C15600,952.0,0.0,0.0,0.0,2,942.0,947.0,10,968.0,962.0,962.0,952.0,4.0,3824.0,476
2023-05-09 21:07:16,CF401C15600,CF401C15600,952.0,0.0,0.0,0.0,2,942.0,945.0,10,968.0,962.0,962.0,952.0,4.0,3824.0,476
2023-05-09 21:07:17,CF401C15600,CF401C15600,952.0,0.0,0.0,0.0,2,942.0,947.0,10,968.0,962.0,962.0,952.0,4.0,3824.0,476
2023-05-09 21:07:23,CF401C15600,CF401C15600,952.0,0.0,0.0,0.0,2,942.0,945.0,10,968.0,962.0,962.0,952.0,4.0,3824.0,476
2023-05-09 21:07:23,CF401C15600,CF401C15600,952.0,0.0,0.0,0.0,2,942.0,947.0,10,968.0,962.0,962.0,952.0,4.0,3824.0,476
2023-05-09 21:07:24,CF401C15600,CF401C15600,952.0,0.0,0.0,0.0,2,942.0,945.0,10,968.0,962.0,962.0,952.0,4.0,3824.0,476
2023-05-09 21:07:24,CF401C15600,CF401C15600,952.0,0.0,0.0,0.0,2,942.0,947.0,10,968.0,962.0,962.0,952.0,4.0,3824.0,476
2023-05-09 21:07:27,CF401C15600,CF401C15600,952.0,0.0,0.0,0.0,2,942.0,945.0,10,968.0,962.0,962.0,952.0,4.0,3824.0,476
2023-05-09 21:07:31,CF401C15600,CF401C15600,952.0,0.0,0.0,0.0,2,942.0,947.0,10,968.0,962.0,962.0,952.0,4.0,3824.0,476
2023-05-09 21:07:35,CF401C15600,CF401C15600,952.0,0.0,0.0,0.0,2,942.0,950.0,10,968.0,962.0,962.0,952.0,4.0,3824.0,476
2023-05-09 21:07:36,CF401C15600,CF401C15600,952.0,0.0,0.0,0.0,2,942.0,952.0,10,968.0,962.0,962.0,952.0,4.0,3824.0,476
2023-05-09 21:07:37,CF401C15600,CF401C15600,952.0,0.0,0.0,0.0,2,942.0,953.0,10,968.0,962.0,962.0,952.0,4.0,3824.0,476
2023-05-09 21:07:40,CF401C15600,CF401C15600,952.0,0.0,0.0,0.0,3,945.0,954.0,10,968.0,962.0,962.0,952.0,4.0,3824.0,476
2023-05-09 21:07:42,CF401C15600,CF401C15600,952.0,0.0,0.0,0.0,3,945.0,956.0,10,968.0,962.0,962.0,952.0,4.0,3824.0,476
2023-05-09 21:07:44,CF401C15600,CF401C15600,952.0,0.0,0.0,0.0,3,945.0,954.0,10,968.0,962.0,962.0,952.0,4.0,3824.0,476
2023-05-09 21:07:44,CF401C15600,CF401C15600,952.0,0.0,0.0,0.0,3,945.0,956.0,10,968.0,962.0,962.0,952.0,4.0,3824.0,476
2023-05-09 21:07:49,CF401C15600,CF401C15600,952.0,0.0,0.0,0.0,3,945.0,954.0,10,968.0,962.0,962.0,952.0,4.0,3824.0,476
2023-05-09 21:07:51,CF401C15600,CF401C15600,952.0,0.0,0.0,0.0,3,945.0,956.0,10,968.0,962.0,962.0,952.0,4.0,3824.0,476
2023-05-09 21:07:53,CF401C15600,CF401C15600,952.0,0.0,0.0,0.0,4,945.0,956.0,10,968.0,962.0,962.0,952.0,4.0,3824.0,476
2023-05-09 21:08:03,CF401C15600,CF401C15600,952.0,0.0,0.0,0.0,4,945.0,959.0,10,968.0,962.0,962.0,952.0,4.0,3824.0,476
2023-05-09 21:08:09,CF401C15600,CF401C15600,952.0,0.0,0.0,0.0,4,945.0,957.0,10,968.0,962.0,962.0,952.0,4.0,3824.0,476
2023-05-09 21:08:18,CF401C15600,CF401C15600,952.0,0.0,0.0,0.0,4,945.0,959.0,10,968.0,962.0,962.0,952.0,4.0,3824.0,476
2023-05-09 21:08:19,CF401C15600,CF401C15600,952.0,0.0,0.0,0.0,3,950.0,959.0,10,968.0,962.0,962.0,952.0,4.0,3824.0,476
2023-05-09 21:08:24,CF401C15600,CF401C15600,952.0,0.0,0.0,0.0,3,950.0,957.0,10,968.0,962.0,962.0,952.0,4.0,3824.0,476
2023-05-09 21:08:28,CF401C15600,CF401C15600,952.0,0.0,0.0,0.0,3,950.0,959.0,10,968.0,962.0,962.0,952.0,4.0,3824.0,476
2023-05-09 21:08:30,CF401C15600,CF401C15600,952.0,0.0,0.0,0.0,3,950.0,957.0,10,968.0,962.0,962.0,952.0,4.0,3824.0,476
2023-05-09 21:08:50,CF401C15600,CF401C15600,952.0,0.0,0.0,0.0,3,950.0,954.0,10,968.0,962.0,962.0,952.0,4.0,3824.0,476
2023-05-09 21:08:56,CF401C15600,CF401C15600,952.0,0.0,0.0,0.0,3,950.0,957.0,10,968.0,962.0,962.0,952.0,4.0,3824.0,476
2023-05-09 21:09:00,CF401C15600,CF401C15600,952.0,0.0,0.0,0.0,3,950.0,960.0,10,968.0,962.0,962.0,952.0,4.0,3824.0,476
2023-05-09 21:09:01,CF401C15600,CF401C15600,952.0,0.0,0.0,0.0,4,950.0,960.0,10,968.0,962.0,962.0,952.0,4.0,3824.0,476
2023-05-09 21:09:03,CF401C15600,CF401C15600,952.0,0.0,0.0,0.0,4,950.0,959.0,10,968.0,962.0,962.0,952.0,4.0,3824.0,476
2023-05-09 21:09:05,CF401C15600,CF401C15600,952.0,0.0,0.0,0.0,4,950.0,960.0,10,968.0,962.0,962.0,952.0,4.0,3824.0,476
2023-05-09 21:09:06,CF401C15600,CF401C15600,952.0,0.0,0.0,0.0,4,950.0,961.0,10,968.0,962.0,962.0,952.0,4.0,3824.0,476
2023-05-09 21:09:09,CF401C15600,CF401C15600,952.0,0.0,0.0,0.0,3,954.0,961.0,10,968.0,962.0,962.0,952.0,4.0,3824.0,476
2023-05-09 21:09:21,CF401C15600,CF401C15600,954.0,1.0,951.0,-1.0,12,954.0,961.0,10,968.0,962.0,962.0,952.0,5.0,4775.0,475
2023-05-09 21:09:35,CF401C15600,CF401C15600,954.0,0.0,0.0,0.0,12,954.0,962.0,10,968.0,962.0,962.0,952.0,5.0,4775.0,475
2023-05-09 21:09:38,CF401C15600,CF401C15600,954.0,0.0,0.0,0.0,12,954.0,961.0,10,968.0,962.0,962.0,952.0,5.0,4775.0,475
2023-05-09 21:09:39,CF401C15600,CF401C15600,954.0,0.0,0.0,0.0,12,954.0,959.0,10,968.0,962.0,962.0,952.0,5.0,4775.0,475
2023-05-09 21:09:43,CF401C15600,CF401C15600,954.0,0.0,0.0,0.0,12,954.0,961.0,20,968.0,962.0,962.0,952.0,5.0,4775.0,475
2023-05-09 21:10:08,CF401C15600,CF401C15600,954.0,0.0,0.0,0.0,12,954.0,961.0,10,968.0,962.0,962.0,952.0,5.0,4775.0,475
2023-05-09 21:10:11,CF401C15600,CF401C15600,961.0,10.0,9610.0,10.0,12,954.0,963.0,10,968.0,962.0,962.0,952.0,15.0,14385.0,485
2023-05-09 21:10:11,CF401C15600,CF401C15600,961.0,0.0,0.0,0.0,12,954.0,964.0,10,968.0,962.0,962.0,952.0,15.0,14385.0,485
2023-05-09 21:10:23,CF401C15600,CF401C15600,961.0,0.0,0.0,0.0,32,954.0,965.0,20,968.0,962.0,962.0,952.0,15.0,14385.0,485
2023-05-09 21:10:23,CF401C15600,CF401C15600,961.0,0.0,0.0,0.0,32,954.0,965.0,10,968.0,962.0,962.0,952.0,15.0,14385.0,485
2023-05-09 21:10:26,CF401C15600,CF401C15600,961.0,0.0,0.0,0.0,10,957.0,967.0,10,968.0,962.0,962.0,952.0,15.0,14385.0,485
2023-05-09 21:10:26,CF401C15600,CF401C15600,961.0,0.0,0.0,0.0,10,956.0,967.0,20,968.0,962.0,962.0,952.0,15.0,14385.0,485
2023-05-09 21:10:26,CF401C15600,CF401C15600,961.0,0.0,0.0,0.0,10,955.0,967.0,20,968.0,962.0,962.0,952.0,15.0,14385.0,485
2023-05-09 21:10:28,CF401C15600,CF401C15600,961.0,0.0,0.0,0.0,20,955.0,967.0,20,968.0,962.0,962.0,952.0,15.0,14385.0,485
2023-05-09 21:10:31,CF401C15600,CF401C15600,961.0,0.0,0.0,0.0,10,955.0,966.0,10,968.0,962.0,962.0,952.0,15.0,14385.0,485
2023-05-09 21:10:34,CF401C15600,CF401C15600,961.0,0.0,0.0,0.0,10,955.0,967.0,20,968.0,962.0,962.0,952.0,15.0,14385.0,485
2023-05-09 21:10:36,CF401C15600,CF401C15600,961.0,0.0,0.0,0.0,20,955.0,966.0,10,968.0,962.0,962.0,952.0,15.0,14385.0,485
2023-05-09 21:10:36,CF401C15600,CF401C15600,961.0,0.0,0.0,0.0,10,955.0,966.0,10,968.0,962.0,962.0,952.0,15.0,14385.0,485
2023-05-09 21:10:37,CF401C15600,CF401C15600,961.0,0.0,0.0,0.0,10,955.0,967.0,20,968.0,962.0,962.0,952.0,15.0,14385.0,485
2023-05-09 21:10:37,CF401C15600,CF401C15600,961.0,0.0,0.0,0.0,20,955.0,967.0,20,968.0,962.0,962.0,952.0,15.0,14385.0,485
2023-05-09 21:10:41,CF401C15600,CF401C15600,961.0,0.0,0.0,0.0,10,957.0,967.0,10,968.0,962.0,962.0,952.0,15.0,14385.0,485
2023-05-09 21:10:44,CF401C15600,CF401C15600,961.0,0.0,0.0,0.0,20,955.0,967.0,20,968.0,962.0,962.0,952.0,15.0,14385.0,485
2023-05-09 21:10:44,CF401C15600,CF401C15600,961.0,0.0,0.0,0.0,20,955.0,966.0,10,968.0,962.0,962.0,952.0,15.0,14385.0,485
2023-05-09 21:10:45,CF401C15600,CF401C15600,961.0,0.0,0.0,0.0,10,955.0,967.0,20,968.0,962.0,962.0,952.0,15.0,14385.0,485
2023-05-09 21:10:46,CF401C15600,CF401C15600,961.0,0.0,0.0,0.0,20,955.0,967.0,20,968.0,962.0,962.0,952.0,15.0,14385.0,485
2023-05-09 21:10:47,CF401C15600,CF401C15600,961.0,0.0,0.0,0.0,20,955.0,966.0,10,968.0,962.0,962.0,952.0,15.0,14385.0,485
2023-05-09 21:10:52,CF401C15600,CF401C15600,961.0,0.0,0.0,0.0,10,955.0,967.0,20,968.0,962.0,962.0,952.0,15.0,14385.0,485
2023-05-09 21:10:52,CF401C15600,CF401C15600,961.0,0.0,0.0,0.0,20,955.0,966.0,10,968.0,962.0,962.0,952.0,15.0,14385.0,485
2023-05-09 21:10:54,CF401C15600,CF401C15600,961.0,0.0,0.0,0.0,10,955.0,967.0,20,968.0,962.0,962.0,952.0,15.0,14385.0,485
2023-05-09 21:10:54,CF401C15600,CF401C15600,961.0,0.0,0.0,0.0,20,955.0,966.0,10,968.0,962.0,962.0,952.0,15.0,14385.0,485
2023-05-09 21:10:54,CF401C15600,CF401C15600,961.0,0.0,0.0,0.0,10,955.0,967.0,20,968.0,962.0,962.0,952.0,15.0,14385.0,485
2023-05-09 21:10:56,CF401C15600,CF401C15600,961.0,0.0,0.0,0.0,20,955.0,967.0,20,968.0,962.0,962.0,952.0,15.0,14385.0,485
2023-05-09 21:10:56,CF401C15600,CF401C15600,961.0,0.0,0.0,0.0,10,955.0,967.0,20,968.0,962.0,962.0,952.0,15.0,14385.0,485
2023-05-09 21:10:56,CF401C15600,CF401C15600,961.0,0.0,0.0,0.0,20,955.0,966.0,10,968.0,962.0,962.0,952.0,15.0,14385.0,485
2023-05-09 21:10:57,CF401C15600,CF401C15600,961.0,0.0,0.0,0.0,10,955.0,967.0,20,968.0,962.0,962.0,952.0,15.0,14385.0,485
2023-05-09 21:10:57,CF401C15600,CF401C15600,961.0,0.0,0.0,0.0,20,955.0,967.0,20,968.0,962.0,962.0,952.0,15.0,14385.0,485
2023-05-09 21:10:58,CF401C15600,CF401C15600,961.0,0.0,0.0,0.0,20,955.0,966.0,10,968.0,962.0,962.0,952.0,15.0,14385.0,485
2023-05-09 21:11:06,CF401C15600,CF401C15600,961.0,0.0,0.0,0.0,10,957.0,968.0,20,968.0,962.0,962.0,952.0,15.0,14385.0,485
2023-05-09 21:11:08,CF401C15600,CF401C15600,961.0,0.0,0.0,0.0,20,957.0,968.0,20,968.0,962.0,962.0,952.0,15.0,14385.0,485
2023-05-09 21:11:08,CF401C15600,CF401C15600,961.0,0.0,0.0,0.0,10,958.0,968.0,10,968.0,962.0,962.0,952.0,15.0,14385.0,485
2023-05-09 21:11:12,CF401C15600,CF401C15600,961.0,0.0,0.0,0.0,10,958.0,970.0,10,968.0,962.0,962.0,952.0,15.0,14385.0,485
2023-05-09 21:11:12,CF401C15600,CF401C15600,961.0,0.0,0.0,0.0,10,958.0,968.0,10,968.0,962.0,962.0,952.0,15.0,14385.0,485
2023-05-09 21:11:13,CF401C15600,CF401C15600,961.0,0.0,0.0,0.0,10,958.0,970.0,10,968.0,962.0,962.0,952.0,15.0,14385.0,485
2023-05-09 21:11:13,CF401C15600,CF401C15600,961.0,0.0,0.0,0.0,10,958.0,968.0,10,968.0,962.0,962.0,952.0,15.0,14385.0,485
2023-05-09 21:11:16,CF401C15600,CF401C15600,961.0,0.0,0.0,0.0,10,958.0,970.0,10,968.0,962.0,962.0,952.0,15.0,14385.0,485
2023-05-09 21:11:18,CF401C15600,CF401C15600,961.0,0.0,0.0,0.0,10,958.0,968.0,10,968.0,962.0,962.0,952.0,15.0,14385.0,485
2023-05-09 21:11:18,CF401C15600,CF401C15600,961.0,0.0,0.0,0.0,10,958.0,970.0,10,968.0,962.0,962.0,952.0,15.0,14385.0,485
2023-05-09 21:11:20,CF401C15600,CF401C15600,961.0,0.0,0.0,0.0,10,958.0,968.0,10,968.0,962.0,962.0,952.0,15.0,14385.0,485
2023-05-09 21:11:21,CF401C15600,CF401C15600,961.0,0.0,0.0,0.0,10,958.0,970.0,10,968.0,962.0,962.0,952.0,15.0,14385.0,485
2023-05-09 21:11:21,CF401C15600,CF401C15600,961.0,0.0,0.0,0.0,10,958.0,968.0,10,968.0,962.0,962.0,952.0,15.0,14385.0,485
2023-05-09 21:11:21,CF401C15600,CF401C15600,961.0,0.0,0.0,0.0,10,958.0,970.0,10,968.0,962.0,962.0,952.0,15.0,14385.0,485
2023-05-09 21:11:22,CF401C15600,CF401C15600,961.0,0.0,0.0,0.0,10,960.0,971.0,30,968.0,962.0,962.0,952.0,15.0,14385.0,485
2023-05-09 21:11:22,CF401C15600,CF401C15600,961.0,0.0,0.0,0.0,20,960.0,971.0,30,968.0,962.0,962.0,952.0,15.0,14385.0,485
2023-05-09 21:11:24,CF401C15600,CF401C15600,961.0,0.0,0.0,0.0,10,961.0,971.0,20,968.0,962.0,962.0,952.0,15.0,14385.0,485
2023-05-09 21:11:30,CF401C15600,CF401C15600,961.0,0.0,0.0,0.0,10,959.0,969.0,10,968.0,962.0,962.0,952.0,15.0,14385.0,485
2023-05-09 21:11:30,CF401C15600,CF401C15600,961.0,0.0,0.0,0.0,10,959.0,968.0,10,968.0,962.0,962.0,952.0,15.0,14385.0,485
2023-05-09 21:11:39,CF401C15600,CF401C15600,961.0,0.0,0.0,0.0,20,959.0,968.0,10,968.0,962.0,962.0,952.0,15.0,14385.0,485
2023-05-09 21:11:40,CF401C15600,CF401C15600,961.0,0.0,0.0,0.0,10,959.0,970.0,10,968.0,962.0,962.0,952.0,15.0,14385.0,485
2023-05-09 21:11:40,CF401C15600,CF401C15600,961.0,0.0,0.0,0.0,20,959.0,970.0,10,968.0,962.0,962.0,952.0,15.0,14385.0,485
2023-05-09 21:11:42,CF401C15600,CF401C15600,961.0,0.0,0.0,0.0,20,959.0,968.0,10,968.0,962.0,962.0,952.0,15.0,14385.0,485
2023-05-09 21:11:43,CF401C15600,CF401C15600,961.0,0.0,0.0,0.0,3,958.0,968.0,20,968.0,962.0,962.0,952.0,15.0,14385.0,485
2023-05-09 21:11:44,CF401C15600,CF401C15600,961.0,0.0,0.0,0.0,13,958.0,968.0,10,968.0,962.0,962.0,952.0,15.0,14385.0,485
2023-05-09 21:11:44,CF401C15600,CF401C15600,961.0,0.0,0.0,0.0,23,958.0,968.0,10,968.0,962.0,962.0,952.0,15.0,14385.0,485
2023-05-09 21:11:55,CF401C15600,CF401C15600,961.0,0.0,0.0,0.0,10,960.0,968.0,10,968.0,962.0,962.0,952.0,15.0,14385.0,485
2023-05-09 21:11:57,CF401C15600,CF401C15600,961.0,0.0,0.0,0.0,20,960.0,968.0,10,968.0,962.0,962.0,952.0,15.0,14385.0,485
2023-05-09 21:12:00,CF401C15600,CF401C15600,961.0,0.0,0.0,0.0,10,960.0,968.0,10,968.0,962.0,962.0,952.0,15.0,14385.0,485
2023-05-09 21:12:02,CF401C15600,CF401C15600,961.0,0.0,0.0,0.0,10,962.0,970.0,10,968.0,962.0,962.0,952.0,15.0,14385.0,485
2023-05-09 21:12:02,CF401C15600,CF401C15600,961.0,0.0,0.0,0.0,10,962.0,974.0,10,968.0,962.0,962.0,952.0,15.0,14385.0,485
2023-05-09 21:12:04,CF401C15600,CF401C15600,961.0,0.0,0.0,0.0,10,961.0,972.0,10,968.0,962.0,962.0,952.0,15.0,14385.0,485
2023-05-09 21:12:04,CF401C15600,CF401C15600,961.0,0.0,0.0,0.0,10,961.0,972.0,20,968.0,962.0,962.0,952.0,15.0,14385.0,485
2023-05-09 21:12:12,CF401C15600,CF401C15600,961.0,0.0,0.0,0.0,11,961.0,972.0,20,968.0,962.0,962.0,952.0,15.0,14385.0,485
2023-05-09 21:12:13,CF401C15600,CF401C15600,961.0,0.0,0.0,0.0,21,961.0,972.0,20,968.0,962.0,962.0,952.0,15.0,14385.0,485
2023-05-09 21:12:19,CF401C15600,CF401C15600,961.0,0.0,0.0,0.0,10,962.0,974.0,10,968.0,962.0,962.0,952.0,15.0,14385.0,485
2023-05-09 21:12:19,CF401C15600,CF401C15600,961.0,0.0,0.0,0.0,20,964.0,975.0,40,968.0,962.0,962.0,952.0,15.0,14385.0,485
2023-05-09 21:12:21,CF401C15600,CF401C15600,961.0,0.0,0.0,0.0,20,964.0,975.0,30,968.0,962.0,962.0,952.0,15.0,14385.0,485
2023-05-09 21:12:23,CF401C15600,CF401C15600,961.0,0.0,0.0,0.0,10,964.0,974.0,10,968.0,962.0,962.0,952.0,15.0,14385.0,485
2023-05-09 21:12:23,CF401C15600,CF401C15600,961.0,0.0,0.0,0.0,20,962.0,974.0,10,968.0,962.0,962.0,952.0,15.0,14385.0,485
2023-05-09 21:12:27,CF401C15600,CF401C15600,961.0,0.0,0.0,0.0,10,962.0,974.0,10,968.0,962.0,962.0,952.0,15.0,14385.0,485
2023-05-09 21:12:27,CF401C15600,CF401C15600,961.0,0.0,0.0,0.0,20,962.0,974.0,10,968.0,962.0,962.0,952.0,15.0,14385.0,485
2023-05-09 21:12:28,CF401C15600,CF401C15600,961.0,0.0,0.0,0.0,13,962.0,974.0,10,968.0,962.0,962.0,952.0,15.0,14385.0,485
2023-05-09 21:12:30,CF401C15600,CF401C15600,961.0,0.0,0.0,0.0,23,962.0,974.0,10,968.0,962.0,962.0,952.0,15.0,14385.0,485
2023-05-09 21:12:32,CF401C15600,CF401C15600,961.0,0.0,0.0,0.0,13,962.0,974.0,10,968.0,962.0,962.0,952.0,15.0,14385.0,485
2023-05-09 21:12:34,CF401C15600,CF401C15600,961.0,0.0,0.0,0.0,10,964.0,975.0,20,968.0,962.0,962.0,952.0,15.0,14385.0,485
2023-05-09 21:12:38,CF401C15600,CF401C15600,961.0,0.0,0.0,0.0,10,964.0,975.0,10,968.0,962.0,962.0,952.0,15.0,14385.0,485
2023-05-09 21:12:43,CF401C15600,CF401C15600,961.0,0.0,0.0,0.0,10,965.0,976.0,23,968.0,962.0,962.0,952.0,15.0,14385.0,485
2023-05-09 21:12:52,CF401C15600,CF401C15600,961.0,0.0,0.0,0.0,20,965.0,976.0,23,968.0,962.0,962.0,952.0,15.0,14385.0,485
2023-05-09 21:12:52,CF401C15600,CF401C15600,961.0,0.0,0.0,0.0,20,965.0,976.0,13,968.0,962.0,962.0,952.0,15.0,14385.0,485
2023-05-09 21:12:53,CF401C15600,CF401C15600,961.0,0.0,0.0,0.0,20,965.0,976.0,10,968.0,962.0,962.0,952.0,15.0,14385.0,485
2023-05-09 21:12:53,CF401C15600,CF401C15600,961.0,0.0,0.0,0.0,20,965.0,977.0,10,968.0,962.0,962.0,952.0,15.0,14385.0,485
2023-05-09 21:12:54,CF401C15600,CF401C15600,961.0,0.0,0.0,0.0,13,967.0,978.0,10,968.0,962.0,962.0,952.0,15.0,14385.0,485
2023-05-09 21:12:57,CF401C15600,CF401C15600,961.0,0.0,0.0,0.0,20,968.0,979.0,10,968.0,962.0,962.0,952.0,15.0,14385.0,485
2023-05-09 21:12:58,CF401C15600,CF401C15600,961.0,0.0,0.0,0.0,10,968.0,979.0,10,968.0,962.0,962.0,952.0,15.0,14385.0,485
2023-05-09 21:12:58,CF401C15600,CF401C15600,961.0,0.0,0.0,0.0,20,968.0,979.0,10,968.0,962.0,962.0,952.0,15.0,14385.0,485
2023-05-09 21:13:00,CF401C15600,CF401C15600,961.0,0.0,0.0,0.0,20,968.0,979.0,20,968.0,962.0,962.0,952.0,15.0,14385.0,485
2023-05-09 21:13:01,CF401C15600,CF401C15600,961.0,0.0,0.0,0.0,10,968.0,979.0,20,968.0,962.0,962.0,952.0,15.0,14385.0,485
2023-05-09 21:13:01,CF401C15600,CF401C15600,961.0,0.0,0.0,0.0,20,968.0,979.0,20,968.0,962.0,962.0,952.0,15.0,14385.0,485
2023-05-09 21:13:02,CF401C15600,CF401C15600,961.0,0.0,0.0,0.0,10,968.0,979.0,20,968.0,962.0,962.0,952.0,15.0,14385.0,485
2023-05-09 21:13:02,CF401C15600,CF401C15600,961.0,0.0,0.0,0.0,20,968.0,979.0,20,968.0,962.0,962.0,952.0,15.0,14385.0,485
2023-05-09 21:13:04,CF401C15600,CF401C15600,961.0,0.0,0.0,0.0,13,967.0,978.0,10,968.0,962.0,962.0,952.0,15.0,14385.0,485
2023-05-09 21:13:04,CF401C15600,CF401C15600,961.0,0.0,0.0,0.0,13,967.0,978.0,20,968.0,962.0,962.0,952.0,15.0,14385.0,485
2023-05-09 21:13:05,CF401C15600,CF401C15600,961.0,0.0,0.0,0.0,10,963.0,975.0,10,968.0,962.0,962.0,952.0,15.0,14385.0,485
2023-05-09 21:13:07,CF401C15600,CF401C15600,961.0,0.0,0.0,0.0,10,965.0,976.0,10,968.0,962.0,962.0,952.0,15.0,14385.0,485
2023-05-09 21:13:08,CF401C15600,CF401C15600,961.0,0.0,0.0,0.0,20,965.0,977.0,10,968.0,962.0,962.0,952.0,15.0,14385.0,485
2023-05-09 21:13:08,CF401C15600,CF401C15600,961.0,0.0,0.0,0.0,10,965.0,977.0,10,968.0,962.0,962.0,952.0,15.0,14385.0,485
2023-05-09 21:13:09,CF401C15600,CF401C15600,961.0,0.0,0.0,0.0,10,967.0,978.0,20,968.0,962.0,962.0,952.0,15.0,14385.0,485
2023-05-09 21:13:13,CF401C15600,CF401C15600,961.0,0.0,0.0,0.0,10,967.0,978.0,30,968.0,962.0,962.0,952.0,15.0,14385.0,485
2023-05-09 21:13:14,CF401C15600,CF401C15600,961.0,0.0,0.0,0.0,20,967.0,978.0,30,968.0,962.0,962.0,952.0,15.0,14385.0,485
2023-05-09 21:13:16,CF401C15600,CF401C15600,961.0,0.0,0.0,0.0,10,967.0,978.0,20,968.0,962.0,962.0,952.0,15.0,14385.0,485
2023-05-09 21:13:18,CF401C15600,CF401C15600,961.0,0.0,0.0,0.0,10,968.0,978.0,10,968.0,962.0,962.0,952.0,15.0,14385.0,485
2023-05-09 21:13:24,CF401C15600,CF401C15600,961.0,0.0,0.0,0.0,10,971.0,978.0,10,968.0,962.0,962.0,952.0,15.0,14385.0,485
2023-05-09 21:13:24,CF401C15600,CF401C15600,961.0,0.0,0.0,0.0,10,971.0,981.0,3,968.0,962.0,962.0,952.0,15.0,14385.0,485
2023-05-09 21:13:27,CF401C15600,CF401C15600,961.0,0.0,0.0,0.0,10,970.0,981.0,13,968.0,962.0,962.0,952.0,15.0,14385.0,485
2023-05-09 21:13:27,CF401C15600,CF401C15600,961.0,0.0,0.0,0.0,20,970.0,981.0,13,968.0,962.0,962.0,952.0,15.0,14385.0,485
2023-05-09 21:13:37,CF401C15600,CF401C15600,961.0,0.0,0.0,0.0,10,971.0,981.0,3,968.0,962.0,962.0,952.0,15.0,14385.0,485
2023-05-09 21:13:41,CF401C15600,CF401C15600,961.0,0.0,0.0,0.0,20,970.0,981.0,13,968.0,962.0,962.0,952.0,15.0,14385.0,485
2023-05-09 21:13:54,CF401C15600,CF401C15600,961.0,0.0,0.0,0.0,20,970.0,981.0,23,968.0,962.0,962.0,952.0,15.0,14385.0,485
2023-05-09 21:14:00,CF401C15600,CF401C15600,961.0,0.0,0.0,0.0,21,970.0,981.0,23,968.0,962.0,962.0,952.0,15.0,14385.0,485
2023-05-09 21:14:05,CF401C15600,CF401C15600,961.0,0.0,0.0,0.0,21,970.0,981.0,13,968.0,962.0,962.0,952.0,15.0,14385.0,485
2023-05-09 21:14:09,CF401C15600,CF401C15600,961.0,0.0,0.0,0.0,20,971.0,981.0,3,968.0,962.0,962.0,952.0,15.0,14385.0,485
2023-05-09 21:14:09,CF401C15600,CF401C15600,961.0,0.0,0.0,0.0,10,973.0,981.0,3,968.0,962.0,962.0,952.0,15.0,14385.0,485
2023-05-09 21:14:15,CF401C15600,CF401C15600,961.0,0.0,0.0,0.0,10,973.0,985.0,10,968.0,962.0,962.0,952.0,15.0,14385.0,485
2023-05-09 21:14:20,CF401C15600,CF401C15600,961.0,0.0,0.0,0.0,20,975.0,986.0,20,968.0,962.0,962.0,952.0,15.0,14385.0,485
2023-05-09 21:14:23,CF401C15600,CF401C15600,961.0,0.0,0.0,0.0,10,975.0,986.0,20,968.0,962.0,962.0,952.0,15.0,14385.0,485
2023-05-09 21:14:25,CF401C15600,CF401C15600,961.0,0.0,0.0,0.0,10,975.0,984.0,10,968.0,962.0,962.0,952.0,15.0,14385.0,485
2023-05-09 21:14:28,CF401C15600,CF401C15600,961.0,0.0,0.0,0.0,10,977.0,984.0,10,968.0,962.0,962.0,952.0,15.0,14385.0,485
2023-05-09 21:14:29,CF401C15600,CF401C15600,961.0,0.0,0.0,0.0,20,977.0,984.0,10,968.0,962.0,962.0,952.0,15.0,14385.0,485
2023-05-09 21:14:29,CF401C15600,CF401C15600,961.0,0.0,0.0,0.0,10,977.0,984.0,10,968.0,962.0,962.0,952.0,15.0,14385.0,485
2023-05-09 21:14:37,CF401C15600,CF401C15600,961.0,0.0,0.0,0.0,10,975.0,984.0,10,968.0,962.0,962.0,952.0,15.0,14385.0,485
2023-05-09 21:14:41,CF401C15600,CF401C15600,961.0,0.0,0.0,0.0,10,977.0,984.0,10,968.0,962.0,962.0,952.0,15.0,14385.0,485
2023-05-09 21:14:48,CF401C15600,CF401C15600,961.0,0.0,0.0,0.0,20,975.0,984.0,10,968.0,962.0,962.0,952.0,15.0,14385.0,485
2023-05-09 21:14:53,CF401C15600,CF401C15600,961.0,0.0,0.0,0.0,10,978.0,987.0,10,968.0,962.0,962.0,952.0,15.0,14385.0,485
2023-05-09 21:14:56,CF401C15600,CF401C15600,961.0,0.0,0.0,0.0,20,978.0,987.0,10,968.0,962.0,962.0,952.0,15.0,14385.0,485
2023-05-09 21:14:59,CF401C15600,CF401C15600,961.0,0.0,0.0,0.0,20,978.0,988.0,3,968.0,962.0,962.0,952.0,15.0,14385.0,485
2023-05-09 21:14:59,CF401C15600,CF401C15600,961.0,0.0,0.0,0.0,20,975.0,987.0,10,968.0,962.0,962.0,952.0,15.0,14385.0,485
2023-05-09 21:15:00,CF401C15600,CF401C15600,961.0,0.0,0.0,0.0,10,977.0,988.0,13,968.0,962.0,962.0,952.0,15.0,14385.0,485
2023-05-09 21:15:05,CF401C15600,CF401C15600,961.0,0.0,0.0,0.0,10,978.0,988.0,3,968.0,962.0,962.0,952.0,15.0,14385.0,485
2023-05-09 21:15:09,CF401C15600,CF401C15600,961.0,0.0,0.0,0.0,20,978.0,988.0,3,968.0,962.0,962.0,952.0,15.0,14385.0,485
2023-05-09 21:15:12,CF401C15600,CF401C15600,961.0,0.0,0.0,0.0,10,977.0,988.0,13,968.0,962.0,962.0,952.0,15.0,14385.0,485
2023-05-09 21:15:15,CF401C15600,CF401C15600,961.0,0.0,0.0,0.0,10,978.0,988.0,3,968.0,962.0,962.0,952.0,15.0,14385.0,485
2023-05-09 21:15:17,CF401C15600,CF401C15600,961.0,0.0,0.0,0.0,20,978.0,988.0,3,968.0,962.0,962.0,952.0,15.0,14385.0,485
2023-05-09 21:15:22,CF401C15600,CF401C15600,961.0,0.0,0.0,0.0,20,980.0,988.0,3,968.0,962.0,962.0,952.0,15.0,14385.0,485
2023-05-09 21:15:26,CF401C15600,CF401C15600,961.0,0.0,0.0,0.0,10,981.0,988.0,3,968.0,962.0,962.0,952.0,15.0,14385.0,485
2023-05-09 21:15:28,CF401C15600,CF401C15600,961.0,0.0,0.0,0.0,20,981.0,988.0,3,968.0,962.0,962.0,952.0,15.0,14385.0,485
2023-05-09 21:15:31,CF401C15600,CF401C15600,961.0,0.0,0.0,0.0,20,981.0,990.0,10,968.0,962.0,962.0,952.0,15.0,14385.0,485
2023-05-09 21:15:31,CF401C15600,CF401C15600,961.0,0.0,0.0,0.0,20,981.0,990.0,20,968.0,962.0,962.0,952.0,15.0,14385.0,485
2023-05-09 21:15:32,CF401C15600,CF401C15600,961.0,0.0,0.0,0.0,10,981.0,990.0,20,968.0,962.0,962.0,952.0,15.0,14385.0,485
2023-05-09 21:15:35,CF401C15600,CF401C15600,961.0,0.0,0.0,0.0,20,981.0,990.0,20,968.0,962.0,962.0,952.0,15.0,14385.0,485
2023-05-09 21:15:35,CF401C15600,CF401C15600,961.0,0.0,0.0,0.0,10,981.0,990.0,20,968.0,962.0,962.0,952.0,15.0,14385.0,485
2023-05-09 21:15:37,CF401C15600,CF401C15600,961.0,0.0,0.0,0.0,20,981.0,990.0,20,968.0,962.0,962.0,952.0,15.0,14385.0,485
2023-05-09 21:15:38,CF401C15600,CF401C15600,961.0,0.0,0.0,0.0,10,981.0,990.0,20,968.0,962.0,962.0,952.0,15.0,14385.0,485
2023-05-09 21:15:42,CF401C15600,CF401C15600,961.0,0.0,0.0,0.0,20,981.0,990.0,20,968.0,962.0,962.0,952.0,15.0,14385.0,485
2023-05-09 21:15:49,CF401C15600,CF401C15600,961.0,0.0,0.0,0.0,10,981.0,990.0,20,968.0,962.0,962.0,952.0,15.0,14385.0,485
2023-05-09 21:15:52,CF401C15600,CF401C15600,961.0,0.0,0.0,0.0,10,980.0,990.0,20,968.0,962.0,962.0,952.0,15.0,14385.0,485
2023-05-09 21:15:56,CF401C15600,CF401C15600,961.0,0.0,0.0,0.0,20,980.0,990.0,20,968.0,962.0,962.0,952.0,15.0,14385.0,485
2023-05-09 21:15:58,CF401C15600,CF401C15600,961.0,0.0,0.0,0.0,21,980.0,990.0,20,968.0,962.0,962.0,952.0,15.0,14385.0,485
2023-05-09 21:16:00,CF401C15600,CF401C15600,961.0,0.0,0.0,0.0,11,980.0,990.0,20,968.0,962.0,962.0,952.0,15.0,14385.0,485
2023-05-09 21:16:03,CF401C15600,CF401C15600,961.0,0.0,0.0,0.0,11,980.0,988.0,10,968.0,962.0,962.0,952.0,15.0,14385.0,485
2023-05-09 21:16:05,CF401C15600,CF401C15600,961.0,0.0,0.0,0.0,11,980.0,990.0,20,968.0,962.0,962.0,952.0,15.0,14385.0,485
2023-05-09 21:16:06,CF401C15600,CF401C15600,961.0,0.0,0.0,0.0,11,980.0,988.0,10,968.0,962.0,962.0,952.0,15.0,14385.0,485
2023-05-09 21:16:07,CF401C15600,CF401C15600,961.0,0.0,0.0,0.0,11,980.0,990.0,20,968.0,962.0,962.0,952.0,15.0,14385.0,485
2023-05-09 21:16:10,CF401C15600,CF401C15600,961.0,0.0,0.0,0.0,11,980.0,988.0,10,968.0,962.0,962.0,952.0,15.0,14385.0,485
2023-05-09 21:16:10,CF401C15600,CF401C15600,961.0,0.0,0.0,0.0,11,980.0,990.0,20,968.0,962.0,962.0,952.0,15.0,14385.0,485
2023-05-09 21:16:13,CF401C15600,CF401C15600,961.0,0.0,0.0,0.0,11,980.0,988.0,10,968.0,962.0,962.0,952.0,15.0,14385.0,485
2023-05-09 21:16:14,CF401C15600,CF401C15600,961.0,0.0,0.0,0.0,11,980.0,990.0,20,968.0,962.0,962.0,952.0,15.0,14385.0,485
2023-05-09 21:16:15,CF401C15600,CF401C15600,961.0,0.0,0.0,0.0,21,980.0,990.0,20,968.0,962.0,962.0,952.0,15.0,14385.0,485
2023-05-09 21:16:20,CF401C15600,CF401C15600,961.0,0.0,0.0,0.0,1,980.0,990.0,30,968.0,962.0,962.0,952.0,15.0,14385.0,485
2023-05-09 21:16:27,CF401C15600,CF401C15600,961.0,0.0,0.0,0.0,1,980.0,988.0,10,968.0,962.0,962.0,952.0,15.0,14385.0,485
2023-05-09 21:16:27,CF401C15600,CF401C15600,961.0,0.0,0.0,0.0,10,982.0,990.0,10,968.0,962.0,962.0,952.0,15.0,14385.0,485
2023-05-09 21:16:28,CF401C15600,CF401C15600,961.0,0.0,0.0,0.0,11,980.0,990.0,10,968.0,962.0,962.0,952.0,15.0,14385.0,485
2023-05-09 21:16:29,CF401C15600,CF401C15600,961.0,0.0,0.0,0.0,10,982.0,992.0,13,968.0,962.0,962.0,952.0,15.0,14385.0,485
2023-05-09 21:16:31,CF401C15600,CF401C15600,961.0,0.0,0.0,0.0,10,982.0,992.0,3,968.0,962.0,962.0,952.0,15.0,14385.0,485
2023-05-09 21:16:32,CF401C15600,CF401C15600,961.0,0.0,0.0,0.0,13,982.0,994.0,20,968.0,962.0,962.0,952.0,15.0,14385.0,485
2023-05-09 21:16:35,CF401C15600,CF401C15600,961.0,0.0,0.0,0.0,3,982.0,992.0,10,968.0,962.0,962.0,952.0,15.0,14385.0,485
2023-05-09 21:16:35,CF401C15600,CF401C15600,961.0,0.0,0.0,0.0,10,984.0,995.0,20,968.0,962.0,962.0,952.0,15.0,14385.0,485
2023-05-09 21:16:36,CF401C15600,CF401C15600,961.0,0.0,0.0,0.0,10,985.0,997.0,20,968.0,962.0,962.0,952.0,15.0,14385.0,485
2023-05-09 21:16:37,CF401C15600,CF401C15600,961.0,0.0,0.0,0.0,10,985.0,997.0,23,968.0,962.0,962.0,952.0,15.0,14385.0,485
2023-05-09 21:16:42,CF401C15600,CF401C15600,961.0,0.0,0.0,0.0,20,985.0,997.0,23,968.0,962.0,962.0,952.0,15.0,14385.0,485
2023-05-09 21:16:43,CF401C15600,CF401C15600,961.0,0.0,0.0,0.0,10,985.0,997.0,23,968.0,962.0,962.0,952.0,15.0,14385.0,485
2023-05-09 21:16:44,CF401C15600,CF401C15600,961.0,0.0,0.0,0.0,10,988.0,997.0,3,968.0,962.0,962.0,952.0,15.0,14385.0,485
2023-05-09 21:16:50,CF401C15600,CF401C15600,961.0,0.0,0.0,0.0,10,988.0,1000.0,20,968.0,962.0,962.0,952.0,15.0,14385.0,485
2023-05-09 21:16:51,CF401C15600,CF401C15600,961.0,0.0,0.0,0.0,30,990.0,1001.0,20,968.0,962.0,962.0,952.0,15.0,14385.0,485
2023-05-09 21:16:54,CF401C15600,CF401C15600,961.0,0.0,0.0,0.0,20,990.0,1001.0,20,968.0,962.0,962.0,952.0,15.0,14385.0,485
2023-05-09 21:16:56,CF401C15600,CF401C15600,961.0,0.0,0.0,0.0,10,991.0,1001.0,10,968.0,962.0,962.0,952.0,15.0,14385.0,485
2023-05-09 21:17:00,CF401C15600,CF401C15600,961.0,0.0,0.0,0.0,11,991.0,1001.0,10,968.0,962.0,962.0,952.0,15.0,14385.0,485
2023-05-09 21:17:01,CF401C15600,CF401C15600,961.0,0.0,0.0,0.0,1,991.0,1000.0,10,968.0,962.0,962.0,952.0,15.0,14385.0,485
2023-05-09 21:17:02,CF401C15600,CF401C15600,961.0,0.0,0.0,0.0,1,991.0,1000.0,20,968.0,962.0,962.0,952.0,15.0,14385.0,485
2023-05-09 21:17:02,CF401C15600,CF401C15600,961.0,0.0,0.0,0.0,1,991.0,998.0,10,968.0,962.0,962.0,952.0,15.0,14385.0,485
2023-05-09 21:17:03,CF401C15600,CF401C15600,991.0,1.0,991.0,0.0,10,987.0,998.0,20,968.0,962.0,991.0,952.0,16.0,15376.0,485
2023-05-09 21:17:09,CF401C15600,CF401C15600,991.0,0.0,0.0,0.0,10,988.0,998.0,10,968.0,962.0,991.0,952.0,16.0,15376.0,485
2023-05-09 21:17:10,CF401C15600,CF401C15600,991.0,0.0,0.0,0.0,20,988.0,998.0,10,968.0,962.0,991.0,952.0,16.0,15376.0,485
2023-05-09 21:17:11,CF401C15600,CF401C15600,991.0,0.0,0.0,0.0,10,988.0,998.0,10,968.0,962.0,991.0,952.0,16.0,15376.0,485
2023-05-09 21:17:16,CF401C15600,CF401C15600,991.0,0.0,0.0,0.0,10,988.0,995.0,10,968.0,962.0,991.0,952.0,16.0,15376.0,485
2023-05-09 21:17:19,CF401C15600,CF401C15600,991.0,0.0,0.0,0.0,13,986.0,995.0,10,968.0,962.0,991.0,952.0,16.0,15376.0,485
2023-05-09 21:17:21,CF401C15600,CF401C15600,991.0,0.0,0.0,0.0,10,987.0,995.0,10,968.0,962.0,991.0,952.0,16.0,15376.0,485
2023-05-09 21:17:21,CF401C15600,CF401C15600,991.0,0.0,0.0,0.0,10,989.0,995.0,10,968.0,962.0,991.0,952.0,16.0,15376.0,485
2023-05-09 21:17:24,CF401C15600,CF401C15600,991.0,0.0,0.0,0.0,20,987.0,995.0,10,968.0,962.0,991.0,952.0,16.0,15376.0,485
2023-05-09 21:17:26,CF401C15600,CF401C15600,991.0,0.0,0.0,0.0,20,987.0,998.0,10,968.0,962.0,991.0,952.0,16.0,15376.0,485
2023-05-09 21:17:40,CF401C15600,CF401C15600,991.0,0.0,0.0,0.0,20,987.0,998.0,20,968.0,962.0,991.0,952.0,16.0,15376.0,485
2023-05-09 21:17:44,CF401C15600,CF401C15600,991.0,0.0,0.0,0.0,10,987.0,998.0,20,968.0,962.0,991.0,952.0,16.0,15376.0,485
2023-05-09 21:17:47,CF401C15600,CF401C15600,991.0,0.0,0.0,0.0,10,987.0,998.0,10,968.0,962.0,991.0,952.0,16.0,15376.0,485
2023-05-09 21:17:48,CF401C15600,CF401C15600,991.0,0.0,0.0,0.0,20,987.0,998.0,10,968.0,962.0,991.0,952.0,16.0,15376.0,485
2023-05-09 21:17:51,CF401C15600,CF401C15600,991.0,0.0,0.0,0.0,10,987.0,998.0,20,968.0,962.0,991.0,952.0,16.0,15376.0,485
2023-05-09 21:17:52,CF401C15600,CF401C15600,991.0,0.0,0.0,0.0,3,986.0,997.0,10,968.0,962.0,991.0,952.0,16.0,15376.0,485
2023-05-09 21:17:54,CF401C15600,CF401C15600,991.0,0.0,0.0,0.0,10,984.0,995.0,10,968.0,962.0,991.0,952.0,16.0,15376.0,485
2023-05-09 21:17:55,CF401C15600,CF401C15600,991.0,0.0,0.0,0.0,13,982.0,995.0,10,968.0,962.0,991.0,952.0,16.0,15376.0,485
2023-05-09 21:17:56,CF401C15600,CF401C15600,991.0,0.0,0.0,0.0,10,984.0,994.0,10,968.0,962.0,991.0,952.0,16.0,15376.0,485
2023-05-09 21:17:56,CF401C15600,CF401C15600,991.0,0.0,0.0,0.0,10,984.0,997.0,10,968.0,962.0,991.0,952.0,16.0,15376.0,485
2023-05-09 21:18:02,CF401C15600,CF401C15600,991.0,0.0,0.0,0.0,10,983.0,997.0,20,968.0,962.0,991.0,952.0,16.0,15376.0,485
2023-05-09 21:18:16,CF401C15600,CF401C15600,991.0,0.0,0.0,0.0,10,983.0,994.0,10,968.0,962.0,991.0,952.0,16.0,15376.0,485
2023-05-09 21:18:17,CF401C15600,CF401C15600,991.0,0.0,0.0,0.0,10,983.0,997.0,30,968.0,962.0,991.0,952.0,16.0,15376.0,485
2023-05-09 21:18:38,CF401C15600,CF401C15600,991.0,0.0,0.0,0.0,10,987.0,998.0,10,968.0,962.0,991.0,952.0,16.0,15376.0,485
2023-05-09 21:18:38,CF401C15600,CF401C15600,991.0,0.0,0.0,0.0,10,987.0,999.0,3,968.0,962.0,991.0,952.0,16.0,15376.0,485
2023-05-09 21:18:39,CF401C15600,CF401C15600,991.0,0.0,0.0,0.0,20,987.0,999.0,3,968.0,962.0,991.0,952.0,16.0,15376.0,485
2023-05-09 21:18:39,CF401C15600,CF401C15600,991.0,0.0,0.0,0.0,30,987.0,999.0,3,968.0,962.0,991.0,952.0,16.0,15376.0,485
2023-05-09 21:18:44,CF401C15600,CF401C15600,991.0,0.0,0.0,0.0,20,987.0,999.0,3,968.0,962.0,991.0,952.0,16.0,15376.0,485
2023-05-09 21:18:59,CF401C15600,CF401C15600,991.0,0.0,0.0,0.0,3,989.0,1000.0,20,968.0,962.0,991.0,952.0,16.0,15376.0,485
2023-05-09 21:18:59,CF401C15600,CF401C15600,991.0,0.0,0.0,0.0,3,989.0,1000.0,10,968.0,962.0,991.0,952.0,16.0,15376.0,485
2023-05-09 21:19:01,CF401C15600,CF401C15600,991.0,0.0,0.0,0.0,3,989.0,998.0,20,968.0,962.0,991.0,952.0,16.0,15376.0,485
2023-05-09 21:19:02,CF401C15600,CF401C15600,991.0,0.0,0.0,0.0,10,987.0,998.0,23,968.0,962.0,991.0,952.0,16.0,15376.0,485
2023-05-09 21:19:03,CF401C15600,CF401C15600,991.0,0.0,0.0,0.0,3,982.0,994.0,20,968.0,962.0,991.0,952.0,16.0,15376.0,485
2023-05-09 21:19:03,CF401C15600,CF401C15600,991.0,0.0,0.0,0.0,3,982.0,993.0,10,968.0,962.0,991.0,952.0,16.0,15376.0,485
2023-05-09 21:19:06,CF401C15600,CF401C15600,991.0,0.0,0.0,0.0,13,982.0,993.0,10,968.0,962.0,991.0,952.0,16.0,15376.0,485
2023-05-09 21:19:10,CF401C15600,CF401C15600,991.0,0.0,0.0,0.0,10,984.0,993.0,10,968.0,962.0,991.0,952.0,16.0,15376.0,485
2023-05-09 21:19:27,CF401C15600,CF401C15600,991.0,0.0,0.0,0.0,13,982.0,993.0,10,968.0,962.0,991.0,952.0,16.0,15376.0,485
2023-05-09 21:19:27,CF401C15600,CF401C15600,991.0,0.0,0.0,0.0,13,982.0,993.0,20,968.0,962.0,991.0,952.0,16.0,15376.0,485
2023-05-09 21:19:28,CF401C15600,CF401C15600,991.0,0.0,0.0,0.0,10,986.0,993.0,10,968.0,962.0,991.0,952.0,16.0,15376.0,485
2023-05-09 21:19:29,CF401C15600,CF401C15600,991.0,0.0,0.0,0.0,10,984.0,993.0,10,968.0,962.0,991.0,952.0,16.0,15376.0,485
2023-05-09 21:19:37,CF401C15600,CF401C15600,991.0,0.0,0.0,0.0,20,984.0,993.0,10,968.0,962.0,991.0,952.0,16.0,15376.0,485
2023-05-09 21:19:41,CF401C15600,CF401C15600,991.0,0.0,0.0,0.0,10,984.0,993.0,10,968.0,962.0,991.0,952.0,16.0,15376.0,485
2023-05-09 21:19:42,CF401C15600,CF401C15600,991.0,0.0,0.0,0.0,10,983.0,993.0,10,968.0,962.0,991.0,952.0,16.0,15376.0,485
2023-05-09 21:19:42,CF401C15600,CF401C15600,991.0,0.0,0.0,0.0,10,983.0,996.0,20,968.0,962.0,991.0,952.0,16.0,15376.0,485
2023-05-09 21:19:43,CF401C15600,CF401C15600,991.0,0.0,0.0,0.0,10,983.0,996.0,10,968.0,962.0,991.0,952.0,16.0,15376.0,485
2023-05-09 21:19:51,CF401C15600,CF401C15600,991.0,0.0,0.0,0.0,11,983.0,996.0,10,968.0,962.0,991.0,952.0,16.0,15376.0,485
2023-05-09 21:19:57,CF401C15600,CF401C15600,991.0,0.0,0.0,0.0,21,983.0,996.0,10,968.0,962.0,991.0,952.0,16.0,15376.0,485
2023-05-09 21:20:01,CF401C15600,CF401C15600,991.0,0.0,0.0,0.0,21,983.0,997.0,10,968.0,962.0,991.0,952.0,16.0,15376.0,485
2023-05-09 21:20:02,CF401C15600,CF401C15600,991.0,0.0,0.0,0.0,20,986.0,998.0,13,968.0,962.0,991.0,952.0,16.0,15376.0,485
2023-05-09 21:20:04,CF401C15600,CF401C15600,991.0,0.0,0.0,0.0,10,989.0,998.0,3,968.0,962.0,991.0,952.0,16.0,15376.0,485
2023-05-09 21:20:04,CF401C15600,CF401C15600,991.0,0.0,0.0,0.0,20,989.0,999.0,10,968.0,962.0,991.0,952.0,16.0,15376.0,485
2023-05-09 21:20:05,CF401C15600,CF401C15600,991.0,0.0,0.0,0.0,10,989.0,1000.0,10,968.0,962.0,991.0,952.0,16.0,15376.0,485
2023-05-09 21:20:05,CF401C15600,CF401C15600,991.0,0.0,0.0,0.0,10,989.0,1001.0,10,968.0,962.0,991.0,952.0,16.0,15376.0,485
2023-05-09 21:20:06,CF401C15600,CF401C15600,991.0,0.0,0.0,0.0,10,991.0,1002.0,10,968.0,962.0,991.0,952.0,16.0,15376.0,485
2023-05-09 21:20:07,CF401C15600,CF401C15600,991.0,0.0,0.0,0.0,10,991.0,1003.0,13,968.0,962.0,991.0,952.0,16.0,15376.0,485
2023-05-09 21:20:08,CF401C15600,CF401C15600,991.0,0.0,0.0,0.0,3,992.0,1003.0,3,968.0,962.0,991.0,952.0,16.0,15376.0,485
2023-05-09 21:20:08,CF401C15600,CF401C15600,991.0,0.0,0.0,0.0,10,993.0,1005.0,10,968.0,962.0,991.0,952.0,16.0,15376.0,485
2023-05-09 21:20:09,CF401C15600,CF401C15600,991.0,0.0,0.0,0.0,20,993.0,1005.0,10,968.0,962.0,991.0,952.0,16.0,15376.0,485
2023-05-09 21:20:11,CF401C15600,CF401C15600,991.0,0.0,0.0,0.0,20,993.0,1007.0,20,968.0,962.0,991.0,952.0,16.0,15376.0,485
2023-05-09 21:20:11,CF401C15600,CF401C15600,991.0,0.0,0.0,0.0,10,995.0,1007.0,10,968.0,962.0,991.0,952.0,16.0,15376.0,485
2023-05-09 21:20:11,CF401C15600,CF401C15600,991.0,0.0,0.0,0.0,10,995.0,1009.0,20,968.0,962.0,991.0,952.0,16.0,15376.0,485
2023-05-09 21:20:13,CF401C15600,CF401C15600,991.0,0.0,0.0,0.0,10,995.0,1009.0,22,968.0,962.0,991.0,952.0,16.0,15376.0,485
2023-05-09 21:20:17,CF401C15600,CF401C15600,991.0,0.0,0.0,0.0,10,998.0,1009.0,22,968.0,962.0,991.0,952.0,16.0,15376.0,485
2023-05-09 21:20:18,CF401C15600,CF401C15600,991.0,0.0,0.0,0.0,10,997.0,1009.0,22,968.0,962.0,991.0,952.0,16.0,15376.0,485
2023-05-09 21:20:21,CF401C15600,CF401C15600,991.0,0.0,0.0,0.0,10,994.0,1008.0,10,968.0,962.0,991.0,952.0,16.0,15376.0,485
2023-05-09 21:20:24,CF401C15600,CF401C15600,991.0,0.0,0.0,0.0,10,994.0,1008.0,20,968.0,962.0,991.0,952.0,16.0,15376.0,485
2023-05-09 21:20:26,CF401C15600,CF401C15600,991.0,0.0,0.0,0.0,10,995.0,1008.0,10,968.0,962.0,991.0,952.0,16.0,15376.0,485
2023-05-09 21:20:26,CF401C15600,CF401C15600,991.0,0.0,0.0,0.0,20,995.0,1009.0,22,968.0,962.0,991.0,952.0,16.0,15376.0,485
2023-05-09 21:20:30,CF401C15600,CF401C15600,991.0,0.0,0.0,0.0,10,998.0,1009.0,22,968.0,962.0,991.0,952.0,16.0,15376.0,485
2023-05-09 21:20:31,CF401C15600,CF401C15600,991.0,0.0,0.0,0.0,20,998.0,1009.0,12,968.0,962.0,991.0,952.0,16.0,15376.0,485
2023-05-09 21:20:33,CF401C15600,CF401C15600,991.0,0.0,0.0,0.0,10,998.0,1009.0,12,968.0,962.0,991.0,952.0,16.0,15376.0,485
2023-05-09 21:20:33,CF401C15600,CF401C15600,991.0,0.0,0.0,0.0,20,998.0,1009.0,12,968.0,962.0,991.0,952.0,16.0,15376.0,485
2023-05-09 21:20:35,CF401C15600,CF401C15600,991.0,0.0,0.0,0.0,10,1000.0,1013.0,20,968.0,962.0,991.0,952.0,16.0,15376.0,485
2023-05-09 21:20:36,CF401C15600,CF401C15600,991.0,0.0,0.0,0.0,10,1000.0,1013.0,10,968.0,962.0,991.0,952.0,16.0,15376.0,485
2023-05-09 21:20:36,CF401C15600,CF401C15600,991.0,0.0,0.0,0.0,10,1000.0,1013.0,20,968.0,962.0,991.0,952.0,16.0,15376.0,485
2023-05-09 21:20:44,CF401C15600,CF401C15600,991.0,0.0,0.0,0.0,20,1000.0,1013.0,20,968.0,962.0,991.0,952.0,16.0,15376.0,485
2023-05-09 21:20:44,CF401C15600,CF401C15600,991.0,0.0,0.0,0.0,10,1002.0,1013.0,20,968.0,962.0,991.0,952.0,16.0,15376.0,485
2023-05-09 21:20:45,CF401C15600,CF401C15600,991.0,0.0,0.0,0.0,10,1002.0,1013.0,10,968.0,962.0,991.0,952.0,16.0,15376.0,485
2023-05-09 21:20:52,CF401C15600,CF401C15600,991.0,0.0,0.0,0.0,20,1002.0,1013.0,10,968.0,962.0,991.0,952.0,16.0,15376.0,485
2023-05-09 21:20:53,CF401C15600,CF401C15600,991.0,0.0,0.0,0.0,10,1002.0,1013.0,20,968.0,962.0,991.0,952.0,16.0,15376.0,485
2023-05-09 21:20:53,CF401C15600,CF401C15600,991.0,0.0,0.0,0.0,10,1000.0,1013.0,10,968.0,962.0,991.0,952.0,16.0,15376.0,485
2023-05-09 21:20:57,CF401C15600,CF401C15600,991.0,0.0,0.0,0.0,12,999.0,1013.0,30,968.0,962.0,991.0,952.0,16.0,15376.0,485
2023-05-09 21:20:57,CF401C15600,CF401C15600,991.0,0.0,0.0,0.0,2,999.0,1013.0,30,968.0,962.0,991.0,952.0,16.0,15376.0,485
2023-05-09 21:20:59,CF401C15600,CF401C15600,991.0,0.0,0.0,0.0,2,999.0,1013.0,40,968.0,962.0,991.0,952.0,16.0,15376.0,485
2023-05-09 21:21:00,CF401C15600,CF401C15600,991.0,0.0,0.0,0.0,2,999.0,1010.0,10,968.0,962.0,991.0,952.0,16.0,15376.0,485
2023-05-09 21:21:05,CF401C15600,CF401C15600,991.0,0.0,0.0,0.0,10,998.0,1009.0,2,968.0,962.0,991.0,952.0,16.0,15376.0,485
2023-05-09 21:21:05,CF401C15600,CF401C15600,991.0,0.0,0.0,0.0,10,997.0,1009.0,12,968.0,962.0,991.0,952.0,16.0,15376.0,485
2023-05-09 21:21:06,CF401C15600,CF401C15600,991.0,0.0,0.0,0.0,10,997.0,1009.0,22,968.0,962.0,991.0,952.0,16.0,15376.0,485
2023-05-09 21:21:07,CF401C15600,CF401C15600,991.0,0.0,0.0,0.0,10,999.0,1009.0,12,968.0,962.0,991.0,952.0,16.0,15376.0,485
2023-05-09 21:21:10,CF401C15600,CF401C15600,991.0,0.0,0.0,0.0,10,999.0,1009.0,2,968.0,962.0,991.0,952.0,16.0,15376.0,485
2023-05-09 21:21:11,CF401C15600,CF401C15600,991.0,0.0,0.0,0.0,20,999.0,1009.0,2,968.0,962.0,991.0,952.0,16.0,15376.0,485
2023-05-09 21:21:15,CF401C15600,CF401C15600,991.0,0.0,0.0,0.0,10,999.0,1009.0,2,968.0,962.0,991.0,952.0,16.0,15376.0,485
2023-05-09 21:21:19,CF401C15600,CF401C15600,991.0,0.0,0.0,0.0,20,997.0,1009.0,2,968.0,962.0,991.0,952.0,16.0,15376.0,485
2023-05-09 21:21:26,CF401C15600,CF401C15600,991.0,0.0,0.0,0.0,2,998.0,1009.0,2,968.0,962.0,991.0,952.0,16.0,15376.0,485
2023-05-09 21:21:27,CF401C15600,CF401C15600,991.0,0.0,0.0,0.0,2,998.0,1011.0,20,968.0,962.0,991.0,952.0,16.0,15376.0,485
2023-05-09 21:21:27,CF401C15600,CF401C15600,991.0,0.0,0.0,0.0,2,998.0,1011.0,10,968.0,962.0,991.0,952.0,16.0,15376.0,485
2023-05-09 21:21:28,CF401C15600,CF401C15600,991.0,0.0,0.0,0.0,12,998.0,1011.0,10,968.0,962.0,991.0,952.0,16.0,15376.0,485
2023-05-09 21:21:30,CF401C15600,CF401C15600,991.0,0.0,0.0,0.0,10,999.0,1011.0,10,968.0,962.0,991.0,952.0,16.0,15376.0,485
2023-05-09 21:21:33,CF401C15600,CF401C15600,991.0,0.0,0.0,0.0,10,1003.0,1013.0,20,968.0,962.0,991.0,952.0,16.0,15376.0,485
2023-05-09 21:21:34,CF401C15600,CF401C15600,991.0,0.0,0.0,0.0,10,1002.0,1013.0,20,968.0,962.0,991.0,952.0,16.0,15376.0,485
2023-05-09 21:21:34,CF401C15600,CF401C15600,991.0,0.0,0.0,0.0,20,1002.0,1013.0,20,968.0,962.0,991.0,952.0,16.0,15376.0,485
2023-05-09 21:21:35,CF401C15600,CF401C15600,991.0,0.0,0.0,0.0,2,1003.0,1013.0,10,968.0,962.0,991.0,952.0,16.0,15376.0,485
2023-05-09 21:21:39,CF401C15600,CF401C15600,991.0,0.0,0.0,0.0,10,1004.0,1013.0,10,968.0,962.0,991.0,952.0,16.0,15376.0,485
2023-05-09 21:21:41,CF401C15600,CF401C15600,991.0,0.0,0.0,0.0,10,1006.0,1016.0,10,968.0,962.0,991.0,952.0,16.0,15376.0,485
2023-05-09 21:21:42,CF401C15600,CF401C15600,991.0,0.0,0.0,0.0,20,1004.0,1017.0,10,968.0,962.0,991.0,952.0,16.0,15376.0,485
2023-05-09 21:21:42,CF401C15600,CF401C15600,991.0,0.0,0.0,0.0,2,1003.0,1016.0,10,968.0,962.0,991.0,952.0,16.0,15376.0,485
2023-05-09 21:21:43,CF401C15600,CF401C15600,991.0,0.0,0.0,0.0,2,1003.0,1014.0,10,968.0,962.0,991.0,952.0,16.0,15376.0,485
2023-05-09 21:21:44,CF401C15600,CF401C15600,991.0,0.0,0.0,0.0,2,1003.0,1014.0,20,968.0,962.0,991.0,952.0,16.0,15376.0,485
2023-05-09 21:21:45,CF401C15600,CF401C15600,991.0,0.0,0.0,0.0,10,1004.0,1014.0,20,968.0,962.0,991.0,952.0,16.0,15376.0,485
2023-05-09 21:21:50,CF401C15600,CF401C15600,991.0,0.0,0.0,0.0,10,1004.0,1014.0,10,968.0,962.0,991.0,952.0,16.0,15376.0,485
2023-05-09 21:21:50,CF401C15600,CF401C15600,991.0,0.0,0.0,0.0,10,1004.0,1017.0,30,968.0,962.0,991.0,952.0,16.0,15376.0,485
2023-05-09 21:22:00,CF401C15600,CF401C15600,991.0,0.0,0.0,0.0,20,1004.0,1017.0,20,968.0,962.0,991.0,952.0,16.0,15376.0,485
2023-05-09 21:22:03,CF401C15600,CF401C15600,991.0,0.0,0.0,0.0,10,1004.0,1017.0,20,968.0,962.0,991.0,952.0,16.0,15376.0,485
2023-05-09 21:22:04,CF401C15600,CF401C15600,991.0,0.0,0.0,0.0,20,1004.0,1017.0,20,968.0,962.0,991.0,952.0,16.0,15376.0,485
2023-05-09 21:22:04,CF401C15600,CF401C15600,991.0,0.0,0.0,0.0,10,1006.0,1017.0,20,968.0,962.0,991.0,952.0,16.0,15376.0,485
2023-05-09 21:22:07,CF401C15600,CF401C15600,991.0,0.0,0.0,0.0,10,1006.0,1017.0,30,968.0,962.0,991.0,952.0,16.0,15376.0,485
2023-05-09 21:22:10,CF401C15600,CF401C15600,991.0,0.0,0.0,0.0,10,1004.0,1017.0,30,968.0,962.0,991.0,952.0,16.0,15376.0,485
2023-05-09 21:22:18,CF401C15600,CF401C15600,991.0,0.0,0.0,0.0,20,1004.0,1017.0,20,968.0,962.0,991.0,952.0,16.0,15376.0,485
2023-05-09 21:22:22,CF401C15600,CF401C15600,991.0,0.0,0.0,0.0,20,1004.0,1017.0,10,968.0,962.0,991.0,952.0,16.0,15376.0,485
2023-05-09 21:22:25,CF401C15600,CF401C15600,991.0,0.0,0.0,0.0,12,1007.0,1019.0,22,968.0,962.0,991.0,952.0,16.0,15376.0,485
2023-05-09 21:22:26,CF401C15600,CF401C15600,991.0,0.0,0.0,0.0,10,1009.0,1019.0,12,968.0,962.0,991.0,952.0,16.0,15376.0,485
2023-05-09 21:22:26,CF401C15600,CF401C15600,991.0,0.0,0.0,0.0,20,1009.0,1019.0,2,968.0,962.0,991.0,952.0,16.0,15376.0,485
2023-05-09 21:22:27,CF401C15600,CF401C15600,991.0,0.0,0.0,0.0,10,1009.0,1019.0,2,968.0,962.0,991.0,952.0,16.0,15376.0,485
2023-05-09 21:22:28,CF401C15600,CF401C15600,991.0,0.0,0.0,0.0,22,1007.0,1019.0,2,968.0,962.0,991.0,952.0,16.0,15376.0,485
2023-05-09 21:22:34,CF401C15600,CF401C15600,991.0,0.0,0.0,0.0,32,1007.0,1019.0,2,968.0,962.0,991.0,952.0,16.0,15376.0,485
2023-05-09 21:22:44,CF401C15600,CF401C15600,991.0,0.0,0.0,0.0,10,1010.0,1019.0,2,968.0,962.0,991.0,952.0,16.0,15376.0,485
2023-05-09 21:22:44,CF401C15600,CF401C15600,991.0,0.0,0.0,0.0,20,1010.0,1019.0,2,968.0,962.0,991.0,952.0,16.0,15376.0,485
2023-05-09 21:22:46,CF401C15600,CF401C15600,991.0,0.0,0.0,0.0,10,1010.0,1019.0,2,968.0,962.0,991.0,952.0,16.0,15376.0,485
2023-05-09 21:22:48,CF401C15600,CF401C15600,991.0,0.0,0.0,0.0,10,1010.0,1022.0,10,968.0,962.0,991.0,952.0,16.0,15376.0,485
2023-05-09 21:22:49,CF401C15600,CF401C15600,991.0,0.0,0.0,0.0,20,1010.0,1022.0,10,968.0,962.0,991.0,952.0,16.0,15376.0,485
2023-05-09 21:22:52,CF401C15600,CF401C15600,991.0,0.0,0.0,0.0,20,1010.0,1023.0,10,968.0,962.0,991.0,952.0,16.0,15376.0,485
2023-05-09 21:22:53,CF401C15600,CF401C15600,991.0,0.0,0.0,0.0,10,1011.0,1025.0,10,968.0,962.0,991.0,952.0,16.0,15376.0,485
2023-05-09 21:22:56,CF401C15600,CF401C15600,991.0,0.0,0.0,0.0,2,1012.0,1025.0,10,968.0,962.0,991.0,952.0,16.0,15376.0,485
2023-05-09 21:22:57,CF401C15600,CF401C15600,991.0,0.0,0.0,0.0,12,1012.0,1025.0,10,968.0,962.0,991.0,952.0,16.0,15376.0,485
2023-05-09 21:22:59,CF401C15600,CF401C15600,991.0,0.0,0.0,0.0,10,1013.0,1026.0,10,968.0,962.0,991.0,952.0,16.0,15376.0,485
2023-05-09 21:23:00,CF401C15600,CF401C15600,991.0,0.0,0.0,0.0,12,1012.0,1023.0,10,968.0,962.0,991.0,952.0,16.0,15376.0,485
2023-05-09 21:23:02,CF401C15600,CF401C15600,991.0,0.0,0.0,0.0,2,1012.0,1021.0,10,968.0,962.0,991.0,952.0,16.0,15376.0,485
2023-05-09 21:23:02,CF401C15600,CF401C15600,991.0,0.0,0.0,0.0,10,1009.0,1019.0,10,968.0,962.0,991.0,952.0,16.0,15376.0,485
2023-05-09 21:23:03,CF401C15600,CF401C15600,991.0,0.0,0.0,0.0,2,1007.0,1018.0,10,968.0,962.0,991.0,952.0,16.0,15376.0,485
2023-05-09 21:23:06,CF401C15600,CF401C15600,991.0,0.0,0.0,0.0,2,1007.0,1019.0,10,968.0,962.0,991.0,952.0,16.0,15376.0,485
2023-05-09 21:23:21,CF401C15600,CF401C15600,991.0,0.0,0.0,0.0,2,1007.0,1018.0,2,968.0,962.0,991.0,952.0,16.0,15376.0,485
2023-05-09 21:23:45,CF401C15600,CF401C15600,991.0,0.0,0.0,0.0,12,1007.0,1018.0,2,968.0,962.0,991.0,952.0,16.0,15376.0,485
2023-05-09 21:23:45,CF401C15600,CF401C15600,991.0,0.0,0.0,0.0,22,1007.0,1018.0,2,968.0,962.0,991.0,952.0,16.0,15376.0,485
2023-05-09 21:23:48,CF401C15600,CF401C15600,991.0,0.0,0.0,0.0,2,1007.0,1018.0,2,968.0,962.0,991.0,952.0,16.0,15376.0,485
2023-05-09 21:24:16,CF401C15600,CF401C15600,991.0,0.0,0.0,0.0,2,1007.0,1018.0,12,968.0,962.0,991.0,952.0,16.0,15376.0,485
2023-05-09 21:24:17,CF401C15600,CF401C15600,991.0,0.0,0.0,0.0,2,1007.0,1018.0,22,968.0,962.0,991.0,952.0,16.0,15376.0,485
2023-05-09 21:24:18,CF401C15600,CF401C15600,991.0,0.0,0.0,0.0,2,1007.0,1017.0,10,968.0,962.0,991.0,952.0,16.0,15376.0,485
2023-05-09 21:24:18,CF401C15600,CF401C15600,991.0,0.0,0.0,0.0,2,1007.0,1017.0,30,968.0,962.0,991.0,952.0,16.0,15376.0,485
2023-05-09 21:24:32,CF401C15600,CF401C15600,991.0,0.0,0.0,0.0,30,1003.0,1017.0,30,968.0,962.0,991.0,952.0,16.0,15376.0,485
2023-05-09 21:24:32,CF401C15600,CF401C15600,991.0,0.0,0.0,0.0,20,1003.0,1016.0,10,968.0,962.0,991.0,952.0,16.0,15376.0,485
2023-05-09 21:24:36,CF401C15600,CF401C15600,991.0,0.0,0.0,0.0,10,1004.0,1017.0,20,968.0,962.0,991.0,952.0,16.0,15376.0,485
2023-05-09 21:24:37,CF401C15600,CF401C15600,991.0,0.0,0.0,0.0,20,1004.0,1017.0,20,968.0,962.0,991.0,952.0,16.0,15376.0,485
2023-05-09 21:24:38,CF401C15600,CF401C15600,991.0,0.0,0.0,0.0,10,1004.0,1017.0,20,968.0,962.0,991.0,952.0,16.0,15376.0,485
2023-05-09 21:24:40,CF401C15600,CF401C15600,991.0,0.0,0.0,0.0,20,1004.0,1017.0,20,968.0,962.0,991.0,952.0,16.0,15376.0,485
2023-05-09 21:24:41,CF401C15600,CF401C15600,991.0,0.0,0.0,0.0,10,1004.0,1017.0,30,968.0,962.0,991.0,952.0,16.0,15376.0,485
2023-05-09 21:24:41,CF401C15600,CF401C15600,991.0,0.0,0.0,0.0,20,1004.0,1017.0,20,968.0,962.0,991.0,952.0,16.0,15376.0,485
2023-05-09 21:24:42,CF401C15600,CF401C15600,991.0,0.0,0.0,0.0,10,1004.0,1017.0,20,968.0,962.0,991.0,952.0,16.0,15376.0,485
2023-05-09 21:24:42,CF401C15600,CF401C15600,991.0,0.0,0.0,0.0,10,1003.0,1017.0,30,968.0,962.0,991.0,952.0,16.0,15376.0,485
2023-05-09 21:24:44,CF401C15600,CF401C15600,991.0,0.0,0.0,0.0,10,1003.0,1017.0,40,968.0,962.0,991.0,952.0,16.0,15376.0,485
2023-05-09 21:24:50,CF401C15600,CF401C15600,991.0,0.0,0.0,0.0,20,1002.0,1017.0,50,968.0,962.0,991.0,952.0,16.0,15376.0,485
2023-05-09 21:24:50,CF401C15600,CF401C15600,991.0,0.0,0.0,0.0,20,1002.0,1014.0,10,968.0,962.0,991.0,952.0,16.0,15376.0,485
2023-05-09 21:24:53,CF401C15600,CF401C15600,991.0,0.0,0.0,0.0,10,1002.0,1014.0,10,968.0,962.0,991.0,952.0,16.0,15376.0,485
2023-05-09 21:24:53,CF401C15600,CF401C15600,991.0,0.0,0.0,0.0,20,1001.0,1014.0,10,968.0,962.0,991.0,952.0,16.0,15376.0,485
2023-05-09 21:24:54,CF401C15600,CF401C15600,991.0,0.0,0.0,0.0,20,1001.0,1015.0,10,968.0,962.0,991.0,952.0,16.0,15376.0,485
2023-05-09 21:24:55,CF401C15600,CF401C15600,991.0,0.0,0.0,0.0,20,1001.0,1014.0,10,968.0,962.0,991.0,952.0,16.0,15376.0,485
2023-05-09 21:24:56,CF401C15600,CF401C15600,991.0,0.0,0.0,0.0,10,1001.0,1015.0,10,968.0,962.0,991.0,952.0,16.0,15376.0,485
2023-05-09 21:24:57,CF401C15600,CF401C15600,991.0,0.0,0.0,0.0,20,1001.0,1015.0,10,968.0,962.0,991.0,952.0,16.0,15376.0,485
2023-05-09 21:24:58,CF401C15600,CF401C15600,991.0,0.0,0.0,0.0,20,1001.0,1014.0,10,968.0,962.0,991.0,952.0,16.0,15376.0,485
2023-05-09 21:24:59,CF401C15600,CF401C15600,991.0,0.0,0.0,0.0,10,1001.0,1015.0,10,968.0,962.0,991.0,952.0,16.0,15376.0,485
2023-05-09 21:25:00,CF401C15600,CF401C15600,991.0,0.0,0.0,0.0,20,1001.0,1015.0,20,968.0,962.0,991.0,952.0,16.0,15376.0,485
2023-05-09 21:25:00,CF401C15600,CF401C15600,991.0,0.0,0.0,0.0,20,1001.0,1014.0,10,968.0,962.0,991.0,952.0,16.0,15376.0,485
2023-05-09 21:25:02,CF401C15600,CF401C15600,991.0,0.0,0.0,0.0,10,1001.0,1014.0,10,968.0,962.0,991.0,952.0,16.0,15376.0,485
2023-05-09 21:25:02,CF401C15600,CF401C15600,991.0,0.0,0.0,0.0,20,1001.0,1014.0,10,968.0,962.0,991.0,952.0,16.0,15376.0,485
2023-05-09 21:25:06,CF401C15600,CF401C15600,991.0,0.0,0.0,0.0,10,1001.0,1014.0,10,968.0,962.0,991.0,952.0,16.0,15376.0,485
2023-05-09 21:25:07,CF401C15600,CF401C15600,991.0,0.0,0.0,0.0,10,1000.0,1013.0,2,968.0,962.0,991.0,952.0,16.0,15376.0,485
2023-05-09 21:25:07,CF401C15600,CF401C15600,991.0,0.0,0.0,0.0,10,1000.0,1011.0,10,968.0,962.0,991.0,952.0,16.0,15376.0,485
2023-05-09 21:25:09,CF401C15600,CF401C15600,991.0,0.0,0.0,0.0,10,1000.0,1013.0,12,968.0,962.0,991.0,952.0,16.0,15376.0,485
2023-05-09 21:25:09,CF401C15600,CF401C15600,991.0,0.0,0.0,0.0,20,1000.0,1011.0,10,968.0,962.0,991.0,952.0,16.0,15376.0,485
2023-05-09 21:25:17,CF401C15600,CF401C15600,991.0,0.0,0.0,0.0,10,1000.0,1011.0,10,968.0,962.0,991.0,952.0,16.0,15376.0,485
2023-05-09 21:25:18,CF401C15600,CF401C15600,991.0,0.0,0.0,0.0,22,999.0,1011.0,10,968.0,962.0,991.0,952.0,16.0,15376.0,485
2023-05-09 21:25:21,CF401C15600,CF401C15600,991.0,0.0,0.0,0.0,22,999.0,1013.0,2,968.0,962.0,991.0,952.0,16.0,15376.0,485
2023-05-09 21:25:21,CF401C15600,CF401C15600,991.0,0.0,0.0,0.0,10,1002.0,1013.0,2,968.0,962.0,991.0,952.0,16.0,15376.0,485
2023-05-09 21:25:23,CF401C15600,CF401C15600,991.0,0.0,0.0,0.0,20,1002.0,1013.0,2,968.0,962.0,991.0,952.0,16.0,15376.0,485
2023-05-09 21:25:23,CF401C15600,CF401C15600,991.0,0.0,0.0,0.0,20,1001.0,1013.0,2,968.0,962.0,991.0,952.0,16.0,15376.0,485
2023-05-09 21:25:27,CF401C15600,CF401C15600,991.0,0.0,0.0,0.0,10,1001.0,1013.0,2,968.0,962.0,991.0,952.0,16.0,15376.0,485
2023-05-09 21:25:32,CF401C15600,CF401C15600,991.0,0.0,0.0,0.0,10,1001.0,1011.0,10,968.0,962.0,991.0,952.0,16.0,15376.0,485
2023-05-09 21:25:33,CF401C15600,CF401C15600,991.0,0.0,0.0,0.0,2,999.0,1011.0,10,968.0,962.0,991.0,952.0,16.0,15376.0,485
2023-05-09 21:25:52,CF401C15600,CF401C15600,991.0,0.0,0.0,0.0,2,999.0,1009.0,10,968.0,962.0,991.0,952.0,16.0,15376.0,485
2023-05-09 21:25:58,CF401C15600,CF401C15600,991.0,0.0,0.0,0.0,2,999.0,1011.0,20,968.0,962.0,991.0,952.0,16.0,15376.0,485
2023-05-09 21:26:04,CF401C15600,CF401C15600,991.0,0.0,0.0,0.0,2,999.0,1011.0,10,968.0,962.0,991.0,952.0,16.0,15376.0,485
2023-05-09 21:26:06,CF401C15600,CF401C15600,991.0,0.0,0.0,0.0,2,999.0,1012.0,10,968.0,962.0,991.0,952.0,16.0,15376.0,485
2023-05-09 21:26:19,CF401C15600,CF401C15600,991.0,0.0,0.0,0.0,2,999.0,1012.0,20,968.0,962.0,991.0,952.0,16.0,15376.0,485
2023-05-09 21:26:25,CF401C15600,CF401C15600,991.0,0.0,0.0,0.0,2,999.0,1011.0,10,968.0,962.0,991.0,952.0,16.0,15376.0,485
2023-05-09 21:26:33,CF401C15600,CF401C15600,991.0,0.0,0.0,0.0,2,999.0,1012.0,10,968.0,962.0,991.0,952.0,16.0,15376.0,485
2023-05-09 21:26:34,CF401C15600,CF401C15600,991.0,0.0,0.0,0.0,2,999.0,1013.0,12,968.0,962.0,991.0,952.0,16.0,15376.0,485
2023-05-09 21:26:46,CF401C15600,CF401C15600,991.0,0.0,0.0,0.0,10,1000.0,1013.0,2,968.0,962.0,991.0,952.0,16.0,15376.0,485
2023-05-09 21:27:01,CF401C15600,CF401C15600,991.0,0.0,0.0,0.0,20,1000.0,1013.0,2,968.0,962.0,991.0,952.0,16.0,15376.0,485
2023-05-09 21:27:01,CF401C15600,CF401C15600,991.0,0.0,0.0,0.0,30,1000.0,1013.0,2,968.0,962.0,991.0,952.0,16.0,15376.0,485
2023-05-09 21:27:17,CF401C15600,CF401C15600,991.0,0.0,0.0,0.0,20,1000.0,1013.0,12,968.0,962.0,991.0,952.0,16.0,15376.0,485
2023-05-09 21:27:28,CF401C15600,CF401C15600,991.0,0.0,0.0,0.0,10,1000.0,1013.0,12,968.0,962.0,991.0,952.0,16.0,15376.0,485
2023-05-09 21:27:34,CF401C15600,CF401C15600,991.0,0.0,0.0,0.0,10,1000.0,1012.0,10,968.0,962.0,991.0,952.0,16.0,15376.0,485
2023-05-09 21:27:45,CF401C15600,CF401C15600,991.0,0.0,0.0,0.0,10,1000.0,1010.0,10,968.0,962.0,991.0,952.0,16.0,15376.0,485
2023-05-09 21:28:00,CF401C15600,CF401C15600,991.0,0.0,0.0,0.0,2,999.0,1010.0,20,968.0,962.0,991.0,952.0,16.0,15376.0,485
2023-05-09 21:28:03,CF401C15600,CF401C15600,991.0,0.0,0.0,0.0,10,997.0,1007.0,10,968.0,962.0,991.0,952.0,16.0,15376.0,485
2023-05-09 21:28:04,CF401C15600,CF401C15600,991.0,0.0,0.0,0.0,20,993.0,1007.0,10,968.0,962.0,991.0,952.0,16.0,15376.0,485
2023-05-09 21:28:04,CF401C15600,CF401C15600,991.0,0.0,0.0,0.0,20,995.0,1009.0,12,968.0,962.0,991.0,952.0,16.0,15376.0,485
2023-05-09 21:28:19,CF401C15600,CF401C15600,991.0,0.0,0.0,0.0,10,995.0,1008.0,10,968.0,962.0,991.0,952.0,16.0,15376.0,485
2023-05-09 21:28:19,CF401C15600,CF401C15600,991.0,0.0,0.0,0.0,32,993.0,1008.0,20,968.0,962.0,991.0,952.0,16.0,15376.0,485
2023-05-09 21:28:20,CF401C15600,CF401C15600,991.0,0.0,0.0,0.0,22,993.0,1008.0,10,968.0,962.0,991.0,952.0,16.0,15376.0,485
2023-05-09 21:28:22,CF401C15600,CF401C15600,991.0,0.0,0.0,0.0,32,993.0,1008.0,10,968.0,962.0,991.0,952.0,16.0,15376.0,485
2023-05-09 21:28:27,CF401C15600,CF401C15600,991.0,0.0,0.0,0.0,32,993.0,1006.0,10,968.0,962.0,991.0,952.0,16.0,15376.0,485
2023-05-09 21:28:36,CF401C15600,CF401C15600,991.0,0.0,0.0,0.0,32,993.0,1008.0,10,968.0,962.0,991.0,952.0,16.0,15376.0,485
2023-05-09 21:28:44,CF401C15600,CF401C15600,991.0,0.0,0.0,0.0,22,993.0,1008.0,10,968.0,962.0,991.0,952.0,16.0,15376.0,485
2023-05-09 21:28:45,CF401C15600,CF401C15600,991.0,0.0,0.0,0.0,32,993.0,1008.0,20,968.0,962.0,991.0,952.0,16.0,15376.0,485
2023-05-09 21:28:45,CF401C15600,CF401C15600,991.0,0.0,0.0,0.0,32,993.0,1008.0,10,968.0,962.0,991.0,952.0,16.0,15376.0,485
2023-05-09 21:28:59,CF401C15600,CF401C15600,991.0,0.0,0.0,0.0,10,996.0,1009.0,12,968.0,962.0,991.0,952.0,16.0,15376.0,485
2023-05-09 21:29:00,CF401C15600,CF401C15600,991.0,0.0,0.0,0.0,30,996.0,1009.0,12,968.0,962.0,991.0,952.0,16.0,15376.0,485
2023-05-09 21:29:01,CF401C15600,CF401C15600,991.0,0.0,0.0,0.0,20,996.0,1009.0,22,968.0,962.0,991.0,952.0,16.0,15376.0,485
2023-05-09 21:29:02,CF401C15600,CF401C15600,991.0,0.0,0.0,0.0,10,996.0,1008.0,10,968.0,962.0,991.0,952.0,16.0,15376.0,485
2023-05-09 21:29:02,CF401C15600,CF401C15600,991.0,0.0,0.0,0.0,32,993.0,1008.0,10,968.0,962.0,991.0,952.0,16.0,15376.0,485
2023-05-09 21:29:03,CF401C15600,CF401C15600,991.0,0.0,0.0,0.0,12,993.0,1006.0,10,968.0,962.0,991.0,952.0,16.0,15376.0,485
2023-05-09 21:29:06,CF401C15600,CF401C15600,991.0,0.0,0.0,0.0,12,993.0,1006.0,20,968.0,962.0,991.0,952.0,16.0,15376.0,485
2023-05-09 21:29:06,CF401C15600,CF401C15600,991.0,0.0,0.0,0.0,12,993.0,1003.0,10,968.0,962.0,991.0,952.0,16.0,15376.0,485
2023-05-09 21:29:17,CF401C15600,CF401C15600,991.0,0.0,0.0,0.0,22,993.0,1003.0,10,968.0,962.0,991.0,952.0,16.0,15376.0,485
2023-05-09 21:29:17,CF401C15600,CF401C15600,991.0,0.0,0.0,0.0,12,993.0,1003.0,10,968.0,962.0,991.0,952.0,16.0,15376.0,485
2023-05-09 21:29:18,CF401C15600,CF401C15600,991.0,0.0,0.0,0.0,22,993.0,1005.0,10,968.0,962.0,991.0,952.0,16.0,15376.0,485
2023-05-09 21:29:25,CF401C15600,CF401C15600,991.0,0.0,0.0,0.0,22,993.0,1005.0,12,968.0,962.0,991.0,952.0,16.0,15376.0,485
2023-05-09 21:29:25,CF401C15600,CF401C15600,991.0,0.0,0.0,0.0,12,993.0,1005.0,12,968.0,962.0,991.0,952.0,16.0,15376.0,485
2023-05-09 21:29:27,CF401C15600,CF401C15600,991.0,0.0,0.0,0.0,22,993.0,1005.0,2,968.0,962.0,991.0,952.0,16.0,15376.0,485
2023-05-09 21:29:28,CF401C15600,CF401C15600,991.0,0.0,0.0,0.0,2,993.0,1005.0,12,968.0,962.0,991.0,952.0,16.0,15376.0,485
2023-05-09 21:29:29,CF401C15600,CF401C15600,991.0,0.0,0.0,0.0,2,993.0,1002.0,10,968.0,962.0,991.0,952.0,16.0,15376.0,485
2023-05-09 21:29:39,CF401C15600,CF401C15600,991.0,0.0,0.0,0.0,20,991.0,1002.0,10,968.0,962.0,991.0,952.0,16.0,15376.0,485
2023-05-09 21:29:40,CF401C15600,CF401C15600,991.0,0.0,0.0,0.0,10,991.0,1002.0,10,968.0,962.0,991.0,952.0,16.0,15376.0,485
2023-05-09 21:29:44,CF401C15600,CF401C15600,991.0,0.0,0.0,0.0,10,990.0,1002.0,10,968.0,962.0,991.0,952.0,16.0,15376.0,485
2023-05-09 21:29:46,CF401C15600,CF401C15600,991.0,0.0,0.0,0.0,20,990.0,1002.0,10,968.0,962.0,991.0,952.0,16.0,15376.0,485
2023-05-09 21:29:48,CF401C15600,CF401C15600,991.0,0.0,0.0,0.0,10,990.0,1002.0,20,968.0,962.0,991.0,952.0,16.0,15376.0,485
2023-05-09 21:29:50,CF401C15600,CF401C15600,991.0,0.0,0.0,0.0,10,990.0,1001.0,10,968.0,962.0,991.0,952.0,16.0,15376.0,485
2023-05-09 21:29:51,CF401C15600,CF401C15600,991.0,0.0,0.0,0.0,20,986.0,999.0,10,968.0,962.0,991.0,952.0,16.0,15376.0,485
2023-05-09 21:30:02,CF401C15600,CF401C15600,991.0,0.0,0.0,0.0,10,986.0,999.0,20,968.0,962.0,991.0,952.0,16.0,15376.0,485
2023-05-09 21:30:02,CF401C15600,CF401C15600,991.0,0.0,0.0,0.0,10,986.0,997.0,10,968.0,962.0,991.0,952.0,16.0,15376.0,485
2023-05-09 21:30:03,CF401C15600,CF401C15600,991.0,0.0,0.0,0.0,2,984.0,996.0,10,968.0,962.0,991.0,952.0,16.0,15376.0,485
2023-05-09 21:30:12,CF401C15600,CF401C15600,991.0,0.0,0.0,0.0,2,984.0,994.0,10,968.0,962.0,991.0,952.0,16.0,15376.0,485
2023-05-09 21:30:12,CF401C15600,CF401C15600,991.0,0.0,0.0,0.0,2,984.0,994.0,20,968.0,962.0,991.0,952.0,16.0,15376.0,485
2023-05-09 21:30:17,CF401C15600,CF401C15600,991.0,0.0,0.0,0.0,1,983.0,994.0,30,968.0,962.0,991.0,952.0,16.0,15376.0,485
2023-05-09 21:30:19,CF401C15600,CF401C15600,991.0,0.0,0.0,0.0,1,983.0,993.0,10,968.0,962.0,991.0,952.0,16.0,15376.0,485
2023-05-09 21:30:21,CF401C15600,CF401C15600,991.0,0.0,0.0,0.0,1,983.0,988.0,10,968.0,962.0,991.0,952.0,16.0,15376.0,485
2023-05-09 21:30:21,CF401C15600,CF401C15600,991.0,0.0,0.0,0.0,1,983.0,992.0,10,968.0,962.0,991.0,952.0,16.0,15376.0,485
2023-05-09 21:30:25,CF401C15600,CF401C15600,991.0,0.0,0.0,0.0,1,983.0,993.0,12,968.0,962.0,991.0,952.0,16.0,15376.0,485
2023-05-09 21:30:25,CF401C15600,CF401C15600,991.0,0.0,0.0,0.0,11,983.0,993.0,2,968.0,962.0,991.0,952.0,16.0,15376.0,485
2023-05-09 21:30:27,CF401C15600,CF401C15600,991.0,0.0,0.0,0.0,1,983.0,993.0,2,968.0,962.0,991.0,952.0,16.0,15376.0,485
2023-05-09 21:30:31,CF401C15600,CF401C15600,991.0,0.0,0.0,0.0,1,983.0,993.0,12,968.0,962.0,991.0,952.0,16.0,15376.0,485
2023-05-09 21:30:33,CF401C15600,CF401C15600,991.0,0.0,0.0,0.0,1,983.0,993.0,22,968.0,962.0,991.0,952.0,16.0,15376.0,485
2023-05-09 21:30:36,CF401C15600,CF401C15600,991.0,0.0,0.0,0.0,1,983.0,992.0,10,968.0,962.0,991.0,952.0,16.0,15376.0,485
2023-05-09 21:30:44,CF401C15600,CF401C15600,991.0,0.0,0.0,0.0,1,983.0,990.0,10,968.0,962.0,991.0,952.0,16.0,15376.0,485
2023-05-09 21:30:48,CF401C15600,CF401C15600,991.0,0.0,0.0,0.0,1,983.0,993.0,22,968.0,962.0,991.0,952.0,16.0,15376.0,485
2023-05-09 21:30:57,CF401C15600,CF401C15600,991.0,0.0,0.0,0.0,1,983.0,992.0,10,968.0,962.0,991.0,952.0,16.0,15376.0,485
2023-05-09 21:31:21,CF401C15600,CF401C15600,991.0,0.0,0.0,0.0,1,983.0,993.0,12,968.0,962.0,991.0,952.0,16.0,15376.0,485
2023-05-09 21:31:30,CF401C15600,CF401C15600,991.0,0.0,0.0,0.0,1,983.0,993.0,22,968.0,962.0,991.0,952.0,16.0,15376.0,485
2023-05-09 21:31:32,CF401C15600,CF401C15600,991.0,0.0,0.0,0.0,1,983.0,992.0,10,968.0,962.0,991.0,952.0,16.0,15376.0,485
2023-05-09 21:31:43,CF401C15600,CF401C15600,991.0,0.0,0.0,0.0,2,983.0,992.0,10,968.0,962.0,991.0,952.0,16.0,15376.0,485
2023-05-09 21:31:57,CF401C15600,CF401C15600,991.0,0.0,0.0,0.0,2,983.0,993.0,22,968.0,962.0,991.0,952.0,16.0,15376.0,485
2023-05-09 21:32:00,CF401C15600,CF401C15600,991.0,0.0,0.0,0.0,2,983.0,993.0,12,968.0,962.0,991.0,952.0,16.0,15376.0,485
2023-05-09 21:32:01,CF401C15600,CF401C15600,991.0,0.0,0.0,0.0,2,983.0,993.0,2,968.0,962.0,991.0,952.0,16.0,15376.0,485
2023-05-09 21:32:08,CF401C15600,CF401C15600,991.0,0.0,0.0,0.0,2,983.0,995.0,20,968.0,962.0,991.0,952.0,16.0,15376.0,485
2023-05-09 21:32:09,CF401C15600,CF401C15600,991.0,0.0,0.0,0.0,2,983.0,995.0,10,968.0,962.0,991.0,952.0,16.0,15376.0,485
2023-05-09 21:32:09,CF401C15600,CF401C15600,991.0,0.0,0.0,0.0,10,986.0,997.0,12,968.0,962.0,991.0,952.0,16.0,15376.0,485
2023-05-09 21:32:10,CF401C15600,CF401C15600,991.0,0.0,0.0,0.0,20,986.0,997.0,12,968.0,962.0,991.0,952.0,16.0,15376.0,485
2023-05-09 21:32:10,CF401C15600,CF401C15600,991.0,0.0,0.0,0.0,22,986.0,997.0,12,968.0,962.0,991.0,952.0,16.0,15376.0,485
2023-05-09 21:32:13,CF401C15600,CF401C15600,991.0,0.0,0.0,0.0,12,986.0,997.0,12,968.0,962.0,991.0,952.0,16.0,15376.0,485
2023-05-09 21:32:14,CF401C15600,CF401C15600,991.0,0.0,0.0,0.0,12,986.0,997.0,22,968.0,962.0,991.0,952.0,16.0,15376.0,485
2023-05-09 21:32:16,CF401C15600,CF401C15600,991.0,0.0,0.0,0.0,12,986.0,997.0,12,968.0,962.0,991.0,952.0,16.0,15376.0,485
2023-05-09 21:32:21,CF401C15600,CF401C15600,991.0,0.0,0.0,0.0,2,986.0,997.0,12,968.0,962.0,991.0,952.0,16.0,15376.0,485
2023-05-09 21:32:26,CF401C15600,CF401C15600,991.0,0.0,0.0,0.0,2,986.0,997.0,2,968.0,962.0,991.0,952.0,16.0,15376.0,485
2023-05-09 21:32:34,CF401C15600,CF401C15600,991.0,0.0,0.0,0.0,10,987.0,1000.0,10,968.0,962.0,991.0,952.0,16.0,15376.0,485
2023-05-09 21:32:35,CF401C15600,CF401C15600,991.0,0.0,0.0,0.0,30,987.0,1000.0,10,968.0,962.0,991.0,952.0,16.0,15376.0,485
2023-05-09 21:32:44,CF401C15600,CF401C15600,991.0,0.0,0.0,0.0,20,987.0,1000.0,10,968.0,962.0,991.0,952.0,16.0,15376.0,485
2023-05-09 21:32:49,CF401C15600,CF401C15600,991.0,0.0,0.0,0.0,20,989.0,1000.0,10,968.0,962.0,991.0,952.0,16.0,15376.0,485
2023-05-09 21:32:56,CF401C15600,CF401C15600,991.0,0.0,0.0,0.0,20,989.0,1003.0,20,968.0,962.0,991.0,952.0,16.0,15376.0,485
2023-05-09 21:33:06,CF401C15600,CF401C15600,991.0,0.0,0.0,0.0,2,990.0,1003.0,10,968.0,962.0,991.0,952.0,16.0,15376.0,485
2023-05-09 21:33:06,CF401C15600,CF401C15600,991.0,0.0,0.0,0.0,10,991.0,1004.0,10,968.0,962.0,991.0,952.0,16.0,15376.0,485
2023-05-09 21:33:07,CF401C15600,CF401C15600,991.0,0.0,0.0,0.0,20,991.0,1004.0,10,968.0,962.0,991.0,952.0,16.0,15376.0,485
2023-05-09 21:33:08,CF401C15600,CF401C15600,991.0,0.0,0.0,0.0,2,990.0,1004.0,20,968.0,962.0,991.0,952.0,16.0,15376.0,485
2023-05-09 21:33:38,CF401C15600,CF401C15600,991.0,0.0,0.0,0.0,2,990.0,1004.0,30,968.0,962.0,991.0,952.0,16.0,15376.0,485
2023-05-09 21:33:46,CF401C15600,CF401C15600,991.0,0.0,0.0,0.0,10,992.0,1004.0,20,968.0,962.0,991.0,952.0,16.0,15376.0,485
2023-05-09 21:33:52,CF401C15600,CF401C15600,991.0,0.0,0.0,0.0,20,992.0,1004.0,20,968.0,962.0,991.0,952.0,16.0,15376.0,485
2023-05-09 21:34:03,CF401C15600,CF401C15600,991.0,0.0,0.0,0.0,10,992.0,1004.0,20,968.0,962.0,991.0,952.0,16.0,15376.0,485
2023-05-09 21:34:03,CF401C15600,CF401C15600,991.0,0.0,0.0,0.0,22,990.0,1004.0,20,968.0,962.0,991.0,952.0,16.0,15376.0,485
2023-05-09 21:34:04,CF401C15600,CF401C15600,991.0,0.0,0.0,0.0,12,990.0,1004.0,20,968.0,962.0,991.0,952.0,16.0,15376.0,485
2023-05-09 21:34:04,CF401C15600,CF401C15600,991.0,0.0,0.0,0.0,22,990.0,1004.0,20,968.0,962.0,991.0,952.0,16.0,15376.0,485
2023-05-09 21:34:06,CF401C15600,CF401C15600,991.0,0.0,0.0,0.0,12,990.0,1004.0,20,968.0,962.0,991.0,952.0,16.0,15376.0,485
2023-05-09 21:34:06,CF401C15600,CF401C15600,991.0,0.0,0.0,0.0,22,990.0,1004.0,20,968.0,962.0,991.0,952.0,16.0,15376.0,485
2023-05-09 21:34:12,CF401C15600,CF401C15600,991.0,0.0,0.0,0.0,12,990.0,1004.0,20,968.0,962.0,991.0,952.0,16.0,15376.0,485
2023-05-09 21:34:13,CF401C15600,CF401C15600,991.0,0.0,0.0,0.0,22,990.0,1004.0,20,968.0,962.0,991.0,952.0,16.0,15376.0,485
2023-05-09 21:34:13,CF401C15600,CF401C15600,991.0,0.0,0.0,0.0,12,990.0,1004.0,20,968.0,962.0,991.0,952.0,16.0,15376.0,485
2023-05-09 21:34:14,CF401C15600,CF401C15600,991.0,0.0,0.0,0.0,22,990.0,1004.0,20,968.0,962.0,991.0,952.0,16.0,15376.0,485
2023-05-09 21:34:26,CF401C15600,CF401C15600,991.0,0.0,0.0,0.0,12,990.0,1004.0,20,968.0,962.0,991.0,952.0,16.0,15376.0,485
2023-05-09 21:34:29,CF401C15600,CF401C15600,991.0,0.0,0.0,0.0,22,990.0,1004.0,20,968.0,962.0,991.0,952.0,16.0,15376.0,485
2023-05-09 21:35:01,CF401C15600,CF401C15600,991.0,0.0,0.0,0.0,10,991.0,1004.0,10,968.0,962.0,991.0,952.0,16.0,15376.0,485
2023-05-09 21:35:02,CF401C15600,CF401C15600,991.0,0.0,0.0,0.0,22,990.0,1004.0,10,968.0,962.0,991.0,952.0,16.0,15376.0,485
2023-05-09 21:35:05,CF401C15600,CF401C15600,991.0,0.0,0.0,0.0,12,990.0,1004.0,20,968.0,962.0,991.0,952.0,16.0,15376.0,485
2023-05-09 21:35:10,CF401C15600,CF401C15600,991.0,0.0,0.0,0.0,12,990.0,1001.0,10,968.0,962.0,991.0,952.0,16.0,15376.0,485
2023-05-09 21:35:12,CF401C15600,CF401C15600,991.0,0.0,0.0,0.0,22,990.0,1001.0,10,968.0,962.0,991.0,952.0,16.0,15376.0,485
2023-05-09 21:35:13,CF401C15600,CF401C15600,991.0,0.0,0.0,0.0,12,990.0,1001.0,10,968.0,962.0,991.0,952.0,16.0,15376.0,485
2023-05-09 21:35:25,CF401C15600,CF401C15600,991.0,0.0,0.0,0.0,12,990.0,1001.0,12,968.0,962.0,991.0,952.0,16.0,15376.0,485
2023-05-09 21:35:26,CF401C15600,CF401C15600,991.0,0.0,0.0,0.0,2,986.0,1000.0,20,968.0,962.0,991.0,952.0,16.0,15376.0,485
2023-05-09 21:35:27,CF401C15600,CF401C15600,991.0,0.0,0.0,0.0,2,986.0,997.0,10,968.0,962.0,991.0,952.0,16.0,15376.0,485
2023-05-09 21:35:34,CF401C15600,CF401C15600,991.0,0.0,0.0,0.0,2,986.0,997.0,20,968.0,962.0,991.0,952.0,16.0,15376.0,485
2023-05-09 21:35:34,CF401C15600,CF401C15600,991.0,0.0,0.0,0.0,10,984.0,995.0,10,968.0,962.0,991.0,952.0,16.0,15376.0,485
2023-05-09 21:35:35,CF401C15600,CF401C15600,991.0,0.0,0.0,0.0,2,983.0,995.0,10,968.0,962.0,991.0,952.0,16.0,15376.0,485
2023-05-09 21:35:36,CF401C15600,CF401C15600,991.0,0.0,0.0,0.0,2,983.0,993.0,10,968.0,962.0,991.0,952.0,16.0,15376.0,485
2023-05-09 21:35:41,CF401C15600,CF401C15600,991.0,0.0,0.0,0.0,2,983.0,993.0,20,968.0,962.0,991.0,952.0,16.0,15376.0,485
2023-05-09 21:35:41,CF401C15600,CF401C15600,991.0,0.0,0.0,0.0,2,983.0,993.0,10,968.0,962.0,991.0,952.0,16.0,15376.0,485
2023-05-09 21:35:43,CF401C15600,CF401C15600,991.0,0.0,0.0,0.0,2,983.0,993.0,20,968.0,962.0,991.0,952.0,16.0,15376.0,485
2023-05-09 21:35:46,CF401C15600,CF401C15600,991.0,0.0,0.0,0.0,10,984.0,996.0,12,968.0,962.0,991.0,952.0,16.0,15376.0,485
2023-05-09 21:35:46,CF401C15600,CF401C15600,991.0,0.0,0.0,0.0,10,984.0,995.0,10,968.0,962.0,991.0,952.0,16.0,15376.0,485
2023-05-09 21:35:53,CF401C15600,CF401C15600,991.0,0.0,0.0,0.0,2,983.0,995.0,20,968.0,962.0,991.0,952.0,16.0,15376.0,485
2023-05-09 21:35:54,CF401C15600,CF401C15600,991.0,0.0,0.0,0.0,2,983.0,995.0,30,968.0,962.0,991.0,952.0,16.0,15376.0,485
2023-05-09 21:35:57,CF401C15600,CF401C15600,991.0,0.0,0.0,0.0,3,983.0,995.0,30,968.0,962.0,991.0,952.0,16.0,15376.0,485
2023-05-09 21:36:03,CF401C15600,CF401C15600,991.0,0.0,0.0,0.0,13,983.0,995.0,10,968.0,962.0,991.0,952.0,16.0,15376.0,485
2023-05-09 21:36:05,CF401C15600,CF401C15600,991.0,0.0,0.0,0.0,13,983.0,995.0,20,968.0,962.0,991.0,952.0,16.0,15376.0,485
2023-05-09 21:36:22,CF401C15600,CF401C15600,991.0,0.0,0.0,0.0,23,983.0,995.0,10,968.0,962.0,991.0,952.0,16.0,15376.0,485
2023-05-09 21:36:24,CF401C15600,CF401C15600,991.0,0.0,0.0,0.0,13,983.0,995.0,20,968.0,962.0,991.0,952.0,16.0,15376.0,485
2023-05-09 21:36:25,CF401C15600,CF401C15600,991.0,0.0,0.0,0.0,13,983.0,995.0,10,968.0,962.0,991.0,952.0,16.0,15376.0,485
2023-05-09 21:36:31,CF401C15600,CF401C15600,991.0,0.0,0.0,0.0,13,983.0,995.0,20,968.0,962.0,991.0,952.0,16.0,15376.0,485
2023-05-09 21:36:32,CF401C15600,CF401C15600,991.0,0.0,0.0,0.0,13,983.0,995.0,30,968.0,962.0,991.0,952.0,16.0,15376.0,485
2023-05-09 21:36:34,CF401C15600,CF401C15600,991.0,0.0,0.0,0.0,13,983.0,995.0,20,968.0,962.0,991.0,952.0,16.0,15376.0,485
2023-05-09 21:36:36,CF401C15600,CF401C15600,991.0,0.0,0.0,0.0,13,983.0,995.0,30,968.0,962.0,991.0,952.0,16.0,15376.0,485
2023-05-09 21:36:37,CF401C15600,CF401C15600,991.0,0.0,0.0,0.0,33,983.0,995.0,10,968.0,962.0,991.0,952.0,16.0,15376.0,485
2023-05-09 21:36:37,CF401C15600,CF401C15600,991.0,0.0,0.0,0.0,23,983.0,995.0,10,968.0,962.0,991.0,952.0,16.0,15376.0,485
2023-05-09 21:36:58,CF401C15600,CF401C15600,991.0,0.0,0.0,0.0,10,985.0,995.0,10,968.0,962.0,991.0,952.0,16.0,15376.0,485
2023-05-09 21:36:59,CF401C15600,CF401C15600,991.0,0.0,0.0,0.0,10,987.0,997.0,20,968.0,962.0,991.0,952.0,16.0,15376.0,485
2023-05-09 21:36:59,CF401C15600,CF401C15600,991.0,0.0,0.0,0.0,20,987.0,997.0,20,968.0,962.0,991.0,952.0,16.0,15376.0,485
2023-05-09 21:37:02,CF401C15600,CF401C15600,991.0,0.0,0.0,0.0,20,987.0,997.0,10,968.0,962.0,991.0,952.0,16.0,15376.0,485
2023-05-09 21:37:04,CF401C15600,CF401C15600,991.0,0.0,0.0,0.0,10,987.0,997.0,10,968.0,962.0,991.0,952.0,16.0,15376.0,485
2023-05-09 21:37:05,CF401C15600,CF401C15600,991.0,0.0,0.0,0.0,12,986.0,997.0,10,968.0,962.0,991.0,952.0,16.0,15376.0,485
2023-05-09 21:37:10,CF401C15600,CF401C15600,991.0,0.0,0.0,0.0,12,986.0,995.0,10,968.0,962.0,991.0,952.0,16.0,15376.0,485
2023-05-09 21:37:59,CF401C15600,CF401C15600,991.0,0.0,0.0,0.0,12,986.0,997.0,10,968.0,962.0,991.0,952.0,16.0,15376.0,485
2023-05-09 21:38:00,CF401C15600,CF401C15600,991.0,0.0,0.0,0.0,12,986.0,995.0,10,968.0,962.0,991.0,952.0,16.0,15376.0,485
2023-05-09 21:38:06,CF401C15600,CF401C15600,991.0,0.0,0.0,0.0,22,986.0,995.0,10,968.0,962.0,991.0,952.0,16.0,15376.0,485
2023-05-09 21:38:06,CF401C15600,CF401C15600,991.0,0.0,0.0,0.0,12,986.0,995.0,10,968.0,962.0,991.0,952.0,16.0,15376.0,485
2023-05-09 21:38:12,CF401C15600,CF401C15600,991.0,0.0,0.0,0.0,2,986.0,995.0,10,968.0,962.0,991.0,952.0,16.0,15376.0,485
2023-05-09 21:38:13,CF401C15600,CF401C15600,991.0,0.0,0.0,0.0,20,984.0,992.0,10,968.0,962.0,991.0,952.0,16.0,15376.0,485
2023-05-09 21:38:16,CF401C15600,CF401C15600,991.0,0.0,0.0,0.0,10,984.0,992.0,10,968.0,962.0,991.0,952.0,16.0,15376.0,485
2023-05-09 21:38:17,CF401C15600,CF401C15600,991.0,0.0,0.0,0.0,23,983.0,992.0,10,968.0,962.0,991.0,952.0,16.0,15376.0,485
2023-05-09 21:38:31,CF401C15600,CF401C15600,991.0,0.0,0.0,0.0,13,983.0,995.0,10,968.0,962.0,991.0,952.0,16.0,15376.0,485
2023-05-09 21:38:32,CF401C15600,CF401C15600,991.0,0.0,0.0,0.0,23,983.0,995.0,10,968.0,962.0,991.0,952.0,16.0,15376.0,485
2023-05-09 21:38:33,CF401C15600,CF401C15600,991.0,0.0,0.0,0.0,23,983.0,992.0,10,968.0,962.0,991.0,952.0,16.0,15376.0,485
2023-05-09 21:38:37,CF401C15600,CF401C15600,991.0,0.0,0.0,0.0,13,983.0,995.0,10,968.0,962.0,991.0,952.0,16.0,15376.0,485
2023-05-09 21:38:38,CF401C15600,CF401C15600,991.0,0.0,0.0,0.0,23,983.0,995.0,10,968.0,962.0,991.0,952.0,16.0,15376.0,485
2023-05-09 21:38:39,CF401C15600,CF401C15600,991.0,0.0,0.0,0.0,13,983.0,995.0,10,968.0,962.0,991.0,952.0,16.0,15376.0,485
2023-05-09 21:38:39,CF401C15600,CF401C15600,991.0,0.0,0.0,0.0,23,983.0,995.0,10,968.0,962.0,991.0,952.0,16.0,15376.0,485
2023-05-09 21:38:40,CF401C15600,CF401C15600,991.0,0.0,0.0,0.0,23,983.0,992.0,10,968.0,962.0,991.0,952.0,16.0,15376.0,485
2023-05-09 21:38:55,CF401C15600,CF401C15600,991.0,0.0,0.0,0.0,13,983.0,995.0,10,968.0,962.0,991.0,952.0,16.0,15376.0,485
2023-05-09 21:39:03,CF401C15600,CF401C15600,991.0,0.0,0.0,0.0,13,983.0,992.0,10,968.0,962.0,991.0,952.0,16.0,15376.0,485
2023-05-09 21:39:05,CF401C15600,CF401C15600,991.0,0.0,0.0,0.0,13,983.0,992.0,20,968.0,962.0,991.0,952.0,16.0,15376.0,485
2023-05-09 21:39:06,CF401C15600,CF401C15600,991.0,0.0,0.0,0.0,3,983.0,992.0,20,968.0,962.0,991.0,952.0,16.0,15376.0,485
2023-05-09 21:39:06,CF401C15600,CF401C15600,991.0,0.0,0.0,0.0,3,983.0,990.0,20,968.0,962.0,991.0,952.0,16.0,15376.0,485
2023-05-09 21:39:07,CF401C15600,CF401C15600,991.0,0.0,0.0,0.0,3,983.0,990.0,10,968.0,962.0,991.0,952.0,16.0,15376.0,485
2023-05-09 21:39:07,CF401C15600,CF401C15600,991.0,0.0,0.0,0.0,3,983.0,990.0,20,968.0,962.0,991.0,952.0,16.0,15376.0,485
2023-05-09 21:39:09,CF401C15600,CF401C15600,991.0,0.0,0.0,0.0,3,983.0,990.0,10,968.0,962.0,991.0,952.0,16.0,15376.0,485
2023-05-09 21:39:10,CF401C15600,CF401C15600,991.0,0.0,0.0,0.0,3,983.0,990.0,20,968.0,962.0,991.0,952.0,16.0,15376.0,485
2023-05-09 21:39:33,CF401C15600,CF401C15600,991.0,0.0,0.0,0.0,3,983.0,987.0,10,968.0,962.0,991.0,952.0,16.0,15376.0,485
2023-05-09 21:39:34,CF401C15600,CF401C15600,991.0,0.0,0.0,0.0,3,983.0,990.0,20,968.0,962.0,991.0,952.0,16.0,15376.0,485
2023-05-09 21:39:35,CF401C15600,CF401C15600,991.0,0.0,0.0,0.0,3,983.0,987.0,10,968.0,962.0,991.0,952.0,16.0,15376.0,485
2023-05-09 21:39:52,CF401C15600,CF401C15600,983.0,3.0,2959.0,0.0,1,980.0,987.0,10,968.0,962.0,991.0,952.0,19.0,18335.0,485
2023-05-09 21:39:57,CF401C15600,CF401C15600,983.0,0.0,0.0,0.0,1,980.0,987.0,20,968.0,962.0,991.0,952.0,19.0,18335.0,485
2023-05-09 21:39:59,CF401C15600,CF401C15600,983.0,0.0,0.0,0.0,1,980.0,987.0,10,968.0,962.0,991.0,952.0,19.0,18335.0,485
2023-05-09 21:40:02,CF401C15600,CF401C15600,983.0,0.0,0.0,0.0,1,980.0,989.0,20,968.0,962.0,991.0,952.0,19.0,18335.0,485
2023-05-09 21:40:02,CF401C15600,CF401C15600,983.0,0.0,0.0,0.0,1,980.0,989.0,10,968.0,962.0,991.0,952.0,19.0,18335.0,485
2023-05-09 21:40:03,CF401C15600,CF401C15600,983.0,0.0,0.0,0.0,1,980.0,991.0,10,968.0,962.0,991.0,952.0,19.0,18335.0,485
2023-05-09 21:40:04,CF401C15600,CF401C15600,983.0,0.0,0.0,0.0,1,980.0,990.0,10,968.0,962.0,991.0,952.0,19.0,18335.0,485
2023-05-09 21:40:05,CF401C15600,CF401C15600,983.0,0.0,0.0,0.0,1,980.0,990.0,30,968.0,962.0,991.0,952.0,19.0,18335.0,485
2023-05-09 21:40:06,CF401C15600,CF401C15600,983.0,0.0,0.0,0.0,1,980.0,987.0,20,968.0,962.0,991.0,952.0,19.0,18335.0,485
2023-05-09 21:40:06,CF401C15600,CF401C15600,983.0,0.0,0.0,0.0,1,980.0,987.0,30,968.0,962.0,991.0,952.0,19.0,18335.0,485
2023-05-09 21:40:08,CF401C15600,CF401C15600,983.0,0.0,0.0,0.0,1,980.0,987.0,20,968.0,962.0,991.0,952.0,19.0,18335.0,485
2023-05-09 21:40:08,CF401C15600,CF401C15600,983.0,0.0,0.0,0.0,1,980.0,987.0,30,968.0,962.0,991.0,952.0,19.0,18335.0,485
2023-05-09 21:40:13,CF401C15600,CF401C15600,983.0,0.0,0.0,0.0,1,980.0,986.0,10,968.0,962.0,991.0,952.0,19.0,18335.0,485
2023-05-09 21:40:14,CF401C15600,CF401C15600,983.0,0.0,0.0,0.0,1,980.0,984.0,10,968.0,962.0,991.0,952.0,19.0,18335.0,485
2023-05-09 21:40:19,CF401C15600,CF401C15600,983.0,0.0,0.0,0.0,1,980.0,986.0,10,968.0,962.0,991.0,952.0,19.0,18335.0,485
2023-05-09 21:40:21,CF401C15600,CF401C15600,983.0,0.0,0.0,0.0,1,980.0,984.0,10,968.0,962.0,991.0,952.0,19.0,18335.0,485
2023-05-09 21:40:24,CF401C15600,CF401C15600,983.0,0.0,0.0,0.0,1,980.0,986.0,10,968.0,962.0,991.0,952.0,19.0,18335.0,485
2023-05-09 21:40:28,CF401C15600,CF401C15600,980.0,1.0,965.0,0.0,10,974.0,984.0,10,968.0,962.0,991.0,952.0,20.0,19300.0,485
2023-05-09 21:40:28,CF401C15600,CF401C15600,980.0,0.0,0.0,0.0,10,974.0,984.0,20,968.0,962.0,991.0,952.0,20.0,19300.0,485
2023-05-09 21:40:29,CF401C15600,CF401C15600,980.0,0.0,0.0,0.0,10,973.0,984.0,20,968.0,962.0,991.0,952.0,20.0,19300.0,485
2023-05-09 21:40:30,CF401C15600,CF401C15600,980.0,0.0,0.0,0.0,3,972.0,984.0,10,968.0,962.0,991.0,952.0,20.0,19300.0,485
2023-05-09 21:40:42,CF401C15600,CF401C15600,980.0,0.0,0.0,0.0,3,972.0,984.0,20,968.0,962.0,991.0,952.0,20.0,19300.0,485
2023-05-09 21:40:44,CF401C15600,CF401C15600,980.0,0.0,0.0,0.0,3,972.0,980.0,10,968.0,962.0,991.0,952.0,20.0,19300.0,485
2023-05-09 21:40:46,CF401C15600,CF401C15600,980.0,0.0,0.0,0.0,3,972.0,980.0,20,968.0,962.0,991.0,952.0,20.0,19300.0,485
2023-05-09 21:40:49,CF401C15600,CF401C15600,980.0,0.0,0.0,0.0,3,972.0,980.0,10,968.0,962.0,991.0,952.0,20.0,19300.0,485
2023-05-09 21:40:52,CF401C15600,CF401C15600,980.0,0.0,0.0,0.0,3,972.0,983.0,10,968.0,962.0,991.0,952.0,20.0,19300.0,485
2023-05-09 21:40:53,CF401C15600,CF401C15600,980.0,0.0,0.0,0.0,3,972.0,983.0,20,968.0,962.0,991.0,952.0,20.0,19300.0,485
2023-05-09 21:40:53,CF401C15600,CF401C15600,980.0,0.0,0.0,0.0,3,972.0,983.0,30,968.0,962.0,991.0,952.0,20.0,19300.0,485
2023-05-09 21:40:54,CF401C15600,CF401C15600,980.0,0.0,0.0,0.0,3,972.0,983.0,40,968.0,962.0,991.0,952.0,20.0,19300.0,485
2023-05-09 21:40:57,CF401C15600,CF401C15600,980.0,0.0,0.0,0.0,3,972.0,981.0,10,968.0,962.0,991.0,952.0,20.0,19300.0,485
2023-05-09 21:41:12,CF401C15600,CF401C15600,980.0,0.0,0.0,0.0,3,972.0,981.0,20,968.0,962.0,991.0,952.0,20.0,19300.0,485
2023-05-09 21:41:13,CF401C15600,CF401C15600,980.0,0.0,0.0,0.0,3,972.0,977.0,10,968.0,962.0,991.0,952.0,20.0,19300.0,485
2023-05-09 21:41:14,CF401C15600,CF401C15600,980.0,0.0,0.0,0.0,3,972.0,980.0,20,968.0,962.0,991.0,952.0,20.0,19300.0,485
2023-05-09 21:41:15,CF401C15600,CF401C15600,980.0,0.0,0.0,0.0,3,972.0,980.0,10,968.0,962.0,991.0,952.0,20.0,19300.0,485
2023-05-09 21:41:17,CF401C15600,CF401C15600,980.0,0.0,0.0,0.0,3,972.0,980.0,20,968.0,962.0,991.0,952.0,20.0,19300.0,485
2023-05-09 21:41:26,CF401C15600,CF401C15600,980.0,0.0,0.0,0.0,1,970.0,978.0,10,968.0,962.0,991.0,952.0,20.0,19300.0,485
2023-05-09 21:41:27,CF401C15600,CF401C15600,980.0,0.0,0.0,0.0,1,970.0,978.0,20,968.0,962.0,991.0,952.0,20.0,19300.0,485
2023-05-09 21:41:28,CF401C15600,CF401C15600,980.0,0.0,0.0,0.0,1,970.0,974.0,10,968.0,962.0,991.0,952.0,20.0,19300.0,485
2023-05-09 21:41:28,CF401C15600,CF401C15600,980.0,0.0,0.0,0.0,1,970.0,976.0,20,968.0,962.0,991.0,952.0,20.0,19300.0,485
2023-05-09 21:41:31,CF401C15600,CF401C15600,980.0,0.0,0.0,0.0,1,970.0,977.0,20,968.0,962.0,991.0,952.0,20.0,19300.0,485
2023-05-09 21:41:33,CF401C15600,CF401C15600,980.0,0.0,0.0,0.0,1,970.0,976.0,10,968.0,962.0,991.0,952.0,20.0,19300.0,485
2023-05-09 21:41:40,CF401C15600,CF401C15600,980.0,0.0,0.0,0.0,1,970.0,976.0,20,968.0,962.0,991.0,952.0,20.0,19300.0,485
2023-05-09 21:41:53,CF401C15600,CF401C15600,980.0,0.0,0.0,0.0,1,970.0,977.0,10,968.0,962.0,991.0,952.0,20.0,19300.0,485
2023-05-09 21:42:11,CF401C15600,CF401C15600,980.0,0.0,0.0,0.0,1,970.0,978.0,30,968.0,962.0,991.0,952.0,20.0,19300.0,485
2023-05-09 21:42:12,CF401C15600,CF401C15600,980.0,0.0,0.0,0.0,1,970.0,978.0,40,968.0,962.0,991.0,952.0,20.0,19300.0,485
2023-05-09 21:42:14,CF401C15600,CF401C15600,980.0,0.0,0.0,0.0,1,970.0,978.0,30,968.0,962.0,991.0,952.0,20.0,19300.0,485
2023-05-09 21:42:20,CF401C15600,CF401C15600,980.0,0.0,0.0,0.0,1,970.0,978.0,40,968.0,962.0,991.0,952.0,20.0,19300.0,485
2023-05-09 21:42:21,CF401C15600,CF401C15600,980.0,0.0,0.0,0.0,1,970.0,977.0,10,968.0,962.0,991.0,952.0,20.0,19300.0,485
2023-05-09 21:42:21,CF401C15600,CF401C15600,980.0,0.0,0.0,0.0,1,970.0,974.0,10,968.0,962.0,991.0,952.0,20.0,19300.0,485
2023-05-09 21:42:22,CF401C15600,CF401C15600,980.0,0.0,0.0,0.0,1,970.0,976.0,10,968.0,962.0,991.0,952.0,20.0,19300.0,485
2023-05-09 21:42:26,CF401C15600,CF401C15600,980.0,0.0,0.0,0.0,1,970.0,977.0,20,968.0,962.0,991.0,952.0,20.0,19300.0,485
2023-05-09 21:42:30,CF401C15600,CF401C15600,980.0,0.0,0.0,0.0,1,970.0,977.0,10,968.0,962.0,991.0,952.0,20.0,19300.0,485
2023-05-09 21:42:31,CF401C15600,CF401C15600,980.0,0.0,0.0,0.0,1,970.0,978.0,10,968.0,962.0,991.0,952.0,20.0,19300.0,485
2023-05-09 21:42:32,CF401C15600,CF401C15600,980.0,0.0,0.0,0.0,1,970.0,979.0,33,968.0,962.0,991.0,952.0,20.0,19300.0,485
2023-05-09 21:42:32,CF401C15600,CF401C15600,980.0,0.0,0.0,0.0,1,970.0,979.0,13,968.0,962.0,991.0,952.0,20.0,19300.0,485
2023-05-09 21:42:43,CF401C15600,CF401C15600,980.0,0.0,0.0,0.0,1,970.0,982.0,10,968.0,962.0,991.0,952.0,20.0,19300.0,485
2023-05-09 21:42:44,CF401C15600,CF401C15600,980.0,0.0,0.0,0.0,1,970.0,982.0,20,968.0,962.0,991.0,952.0,20.0,19300.0,485
2023-05-09 21:42:56,CF401C15600,CF401C15600,980.0,0.0,0.0,0.0,11,970.0,982.0,10,968.0,962.0,991.0,952.0,20.0,19300.0,485
2023-05-09 21:42:58,CF401C15600,CF401C15600,980.0,0.0,0.0,0.0,11,970.0,982.0,20,968.0,962.0,991.0,952.0,20.0,19300.0,485
2023-05-09 21:43:00,CF401C15600,CF401C15600,980.0,0.0,0.0,0.0,11,970.0,982.0,10,968.0,962.0,991.0,952.0,20.0,19300.0,485
2023-05-09 21:43:03,CF401C15600,CF401C15600,980.0,0.0,0.0,0.0,3,973.0,982.0,10,968.0,962.0,991.0,952.0,20.0,19300.0,485
2023-05-09 21:43:04,CF401C15600,CF401C15600,980.0,0.0,0.0,0.0,10,976.0,987.0,10,968.0,962.0,991.0,952.0,20.0,19300.0,485
2023-05-09 21:43:04,CF401C15600,CF401C15600,980.0,0.0,0.0,0.0,20,975.0,987.0,10,968.0,962.0,991.0,952.0,20.0,19300.0,485
2023-05-09 21:43:05,CF401C15600,CF401C15600,980.0,0.0,0.0,0.0,10,975.0,987.0,10,968.0,962.0,991.0,952.0,20.0,19300.0,485
2023-05-09 21:43:07,CF401C15600,CF401C15600,980.0,0.0,0.0,0.0,20,975.0,987.0,20,968.0,962.0,991.0,952.0,20.0,19300.0,485
2023-05-09 21:43:07,CF401C15600,CF401C15600,980.0,0.0,0.0,0.0,20,975.0,987.0,10,968.0,962.0,991.0,952.0,20.0,19300.0,485
2023-05-09 21:43:09,CF401C15600,CF401C15600,980.0,0.0,0.0,0.0,20,975.0,987.0,20,968.0,962.0,991.0,952.0,20.0,19300.0,485
2023-05-09 21:43:10,CF401C15600,CF401C15600,980.0,0.0,0.0,0.0,20,975.0,987.0,10,968.0,962.0,991.0,952.0,20.0,19300.0,485
2023-05-09 21:43:17,CF401C15600,CF401C15600,980.0,0.0,0.0,0.0,20,975.0,987.0,20,968.0,962.0,991.0,952.0,20.0,19300.0,485
2023-05-09 21:43:18,CF401C15600,CF401C15600,980.0,0.0,0.0,0.0,20,975.0,987.0,10,968.0,962.0,991.0,952.0,20.0,19300.0,485
2023-05-09 21:43:21,CF401C15600,CF401C15600,980.0,0.0,0.0,0.0,20,975.0,987.0,20,968.0,962.0,991.0,952.0,20.0,19300.0,485
2023-05-09 21:43:25,CF401C15600,CF401C15600,980.0,0.0,0.0,0.0,10,975.0,986.0,10,968.0,962.0,991.0,952.0,20.0,19300.0,485
2023-05-09 21:43:26,CF401C15600,CF401C15600,980.0,0.0,0.0,0.0,13,973.0,986.0,20,968.0,962.0,991.0,952.0,20.0,19300.0,485
2023-05-09 21:43:37,CF401C15600,CF401C15600,980.0,0.0,0.0,0.0,3,973.0,986.0,10,968.0,962.0,991.0,952.0,20.0,19300.0,485
2023-05-09 21:43:38,CF401C15600,CF401C15600,980.0,0.0,0.0,0.0,10,974.0,987.0,20,968.0,962.0,991.0,952.0,20.0,19300.0,485
2023-05-09 21:43:53,CF401C15600,CF401C15600,980.0,0.0,0.0,0.0,10,974.0,988.0,43,968.0,962.0,991.0,952.0,20.0,19300.0,485
2023-05-09 21:43:56,CF401C15600,CF401C15600,980.0,0.0,0.0,0.0,13,973.0,987.0,20,968.0,962.0,991.0,952.0,20.0,19300.0,485
2023-05-09 21:43:58,CF401C15600,CF401C15600,980.0,0.0,0.0,0.0,3,973.0,987.0,30,968.0,962.0,991.0,952.0,20.0,19300.0,485
2023-05-09 21:44:01,CF401C15600,CF401C15600,980.0,0.0,0.0,0.0,10,975.0,988.0,33,968.0,962.0,991.0,952.0,20.0,19300.0,485
2023-05-09 21:44:02,CF401C15600,CF401C15600,980.0,0.0,0.0,0.0,3,977.0,988.0,3,968.0,962.0,991.0,952.0,20.0,19300.0,485
2023-05-09 21:44:15,CF401C15600,CF401C15600,980.0,0.0,0.0,0.0,3,977.0,988.0,13,968.0,962.0,991.0,952.0,20.0,19300.0,485
2023-05-09 21:44:37,CF401C15600,CF401C15600,980.0,0.0,0.0,0.0,3,977.0,989.0,10,968.0,962.0,991.0,952.0,20.0,19300.0,485
2023-05-09 21:44:37,CF401C15600,CF401C15600,980.0,0.0,0.0,0.0,13,977.0,990.0,10,968.0,962.0,991.0,952.0,20.0,19300.0,485
2023-05-09 21:44:38,CF401C15600,CF401C15600,980.0,0.0,0.0,0.0,23,977.0,990.0,20,968.0,962.0,991.0,952.0,20.0,19300.0,485
2023-05-09 21:44:41,CF401C15600,CF401C15600,980.0,0.0,0.0,0.0,10,978.0,990.0,20,968.0,962.0,991.0,952.0,20.0,19300.0,485
2023-05-09 21:44:42,CF401C15600,CF401C15600,980.0,0.0,0.0,0.0,10,978.0,990.0,10,968.0,962.0,991.0,952.0,20.0,19300.0,485
2023-05-09 21:45:06,CF401C15600,CF401C15600,980.0,0.0,0.0,0.0,10,978.0,990.0,20,968.0,962.0,991.0,952.0,20.0,19300.0,485
2023-05-09 21:45:07,CF401C15600,CF401C15600,980.0,0.0,0.0,0.0,23,977.0,990.0,20,968.0,962.0,991.0,952.0,20.0,19300.0,485
2023-05-09 21:45:16,CF401C15600,CF401C15600,980.0,0.0,0.0,0.0,23,977.0,990.0,40,968.0,962.0,991.0,952.0,20.0,19300.0,485
2023-05-09 21:45:17,CF401C15600,CF401C15600,980.0,0.0,0.0,0.0,3,977.0,989.0,30,968.0,962.0,991.0,952.0,20.0,19300.0,485
2023-05-09 21:45:39,CF401C15600,CF401C15600,980.0,0.0,0.0,0.0,10,979.0,990.0,30,968.0,962.0,991.0,952.0,20.0,19300.0,485
2023-05-09 21:45:39,CF401C15600,CF401C15600,980.0,0.0,0.0,0.0,13,977.0,990.0,30,968.0,962.0,991.0,952.0,20.0,19300.0,485
2023-05-09 21:45:41,CF401C15600,CF401C15600,980.0,0.0,0.0,0.0,13,977.0,990.0,40,968.0,962.0,991.0,952.0,20.0,19300.0,485
2023-05-09 21:45:45,CF401C15600,CF401C15600,980.0,0.0,0.0,0.0,13,977.0,989.0,20,968.0,962.0,991.0,952.0,20.0,19300.0,485
2023-05-09 21:45:47,CF401C15600,CF401C15600,980.0,0.0,0.0,0.0,23,977.0,990.0,30,968.0,962.0,991.0,952.0,20.0,19300.0,485
2023-05-09 21:45:47,CF401C15600,CF401C15600,980.0,0.0,0.0,0.0,33,977.0,990.0,20,968.0,962.0,991.0,952.0,20.0,19300.0,485
2023-05-09 21:45:56,CF401C15600,CF401C15600,980.0,0.0,0.0,0.0,33,977.0,990.0,10,968.0,962.0,991.0,952.0,20.0,19300.0,485
2023-05-09 21:46:02,CF401C15600,CF401C15600,980.0,0.0,0.0,0.0,33,977.0,989.0,10,968.0,962.0,991.0,952.0,20.0,19300.0,485
2023-05-09 21:46:03,CF401C15600,CF401C15600,980.0,0.0,0.0,0.0,23,977.0,989.0,20,968.0,962.0,991.0,952.0,20.0,19300.0,485
2023-05-09 21:46:18,CF401C15600,CF401C15600,980.0,0.0,0.0,0.0,10,980.0,989.0,10,968.0,962.0,991.0,952.0,20.0,19300.0,485
2023-05-09 21:46:22,CF401C15600,CF401C15600,980.0,0.0,0.0,0.0,10,979.0,989.0,10,968.0,962.0,991.0,952.0,20.0,19300.0,485
2023-05-09 21:46:23,CF401C15600,CF401C15600,980.0,0.0,0.0,0.0,10,979.0,989.0,20,968.0,962.0,991.0,952.0,20.0,19300.0,485
2023-05-09 21:46:23,CF401C15600,CF401C15600,980.0,0.0,0.0,0.0,23,977.0,989.0,20,968.0,962.0,991.0,952.0,20.0,19300.0,485
2023-05-09 21:46:24,CF401C15600,CF401C15600,980.0,0.0,0.0,0.0,23,977.0,989.0,30,968.0,962.0,991.0,952.0,20.0,19300.0,485
2023-05-09 21:46:36,CF401C15600,CF401C15600,980.0,0.0,0.0,0.0,10,980.0,989.0,30,968.0,962.0,991.0,952.0,20.0,19300.0,485
2023-05-09 21:46:37,CF401C15600,CF401C15600,980.0,0.0,0.0,0.0,10,980.0,989.0,20,968.0,962.0,991.0,952.0,20.0,19300.0,485
2023-05-09 21:46:37,CF401C15600,CF401C15600,980.0,0.0,0.0,0.0,10,980.0,989.0,10,968.0,962.0,991.0,952.0,20.0,19300.0,485
2023-05-09 21:46:39,CF401C15600,CF401C15600,980.0,0.0,0.0,0.0,10,980.0,989.0,20,968.0,962.0,991.0,952.0,20.0,19300.0,485
2023-05-09 21:46:39,CF401C15600,CF401C15600,980.0,0.0,0.0,0.0,10,978.0,989.0,20,968.0,962.0,991.0,952.0,20.0,19300.0,485
2023-05-09 21:46:47,CF401C15600,CF401C15600,980.0,0.0,0.0,0.0,10,978.0,989.0,10,968.0,962.0,991.0,952.0,20.0,19300.0,485
2023-05-09 21:46:51,CF401C15600,CF401C15600,980.0,0.0,0.0,0.0,10,978.0,989.0,20,968.0,962.0,991.0,952.0,20.0,19300.0,485
2023-05-09 21:46:52,CF401C15600,CF401C15600,980.0,0.0,0.0,0.0,10,978.0,989.0,40,968.0,962.0,991.0,952.0,20.0,19300.0,485
2023-05-09 21:46:52,CF401C15600,CF401C15600,980.0,0.0,0.0,0.0,10,978.0,989.0,30,968.0,962.0,991.0,952.0,20.0,19300.0,485
2023-05-09 21:47:01,CF401C15600,CF401C15600,980.0,0.0,0.0,0.0,13,977.0,989.0,30,968.0,962.0,991.0,952.0,20.0,19300.0,485
2023-05-09 21:47:06,CF401C15600,CF401C15600,980.0,0.0,0.0,0.0,13,977.0,989.0,10,968.0,962.0,991.0,952.0,20.0,19300.0,485
2023-05-09 21:47:08,CF401C15600,CF401C15600,980.0,0.0,0.0,0.0,13,977.0,989.0,20,968.0,962.0,991.0,952.0,20.0,19300.0,485
2023-05-09 21:47:28,CF401C15600,CF401C15600,980.0,0.0,0.0,0.0,3,977.0,985.0,10,968.0,962.0,991.0,952.0,20.0,19300.0,485
2023-05-09 21:47:38,CF401C15600,CF401C15600,980.0,0.0,0.0,0.0,3,977.0,987.0,20,968.0,962.0,991.0,952.0,20.0,19300.0,485
2023-05-09 21:47:39,CF401C15600,CF401C15600,980.0,0.0,0.0,0.0,3,977.0,987.0,10,968.0,962.0,991.0,952.0,20.0,19300.0,485
2023-05-09 21:48:16,CF401C15600,CF401C15600,980.0,0.0,0.0,0.0,3,977.0,988.0,30,968.0,962.0,991.0,952.0,20.0,19300.0,485
2023-05-09 21:48:29,CF401C15600,CF401C15600,980.0,0.0,0.0,0.0,3,977.0,988.0,20,968.0,962.0,991.0,952.0,20.0,19300.0,485
2023-05-09 21:48:32,CF401C15600,CF401C15600,980.0,0.0,0.0,0.0,3,977.0,988.0,10,968.0,962.0,991.0,952.0,20.0,19300.0,485
2023-05-09 21:48:34,CF401C15600,CF401C15600,980.0,0.0,0.0,0.0,3,982.0,988.0,10,968.0,962.0,991.0,952.0,20.0,19300.0,485
2023-05-09 21:48:35,CF401C15600,CF401C15600,980.0,0.0,0.0,0.0,3,982.0,990.0,20,968.0,962.0,991.0,952.0,20.0,19300.0,485
2023-05-09 21:48:36,CF401C15600,CF401C15600,980.0,0.0,0.0,0.0,3,982.0,990.0,10,968.0,962.0,991.0,952.0,20.0,19300.0,485
2023-05-09 21:48:36,CF401C15600,CF401C15600,980.0,0.0,0.0,0.0,3,982.0,992.0,3,968.0,962.0,991.0,952.0,20.0,19300.0,485
2023-05-09 21:48:53,CF401C15600,CF401C15600,980.0,0.0,0.0,0.0,3,982.0,994.0,20,968.0,962.0,991.0,952.0,20.0,19300.0,485
2023-05-09 21:48:55,CF401C15600,CF401C15600,980.0,0.0,0.0,0.0,13,982.0,994.0,20,968.0,962.0,991.0,952.0,20.0,19300.0,485
2023-05-09 21:49:01,CF401C15600,CF401C15600,980.0,0.0,0.0,0.0,13,982.0,994.0,10,968.0,962.0,991.0,952.0,20.0,19300.0,485
2023-05-09 21:49:02,CF401C15600,CF401C15600,980.0,0.0,0.0,0.0,23,982.0,994.0,10,968.0,962.0,991.0,952.0,20.0,19300.0,485
2023-05-09 21:49:03,CF401C15600,CF401C15600,980.0,0.0,0.0,0.0,33,982.0,994.0,10,968.0,962.0,991.0,952.0,20.0,19300.0,485
2023-05-09 21:49:04,CF401C15600,CF401C15600,980.0,0.0,0.0,0.0,43,982.0,994.0,10,968.0,962.0,991.0,952.0,20.0,19300.0,485
2023-05-09 21:49:06,CF401C15600,CF401C15600,980.0,0.0,0.0,0.0,53,982.0,994.0,10,968.0,962.0,991.0,952.0,20.0,19300.0,485
2023-05-09 21:49:06,CF401C15600,CF401C15600,980.0,0.0,0.0,0.0,3,986.0,994.0,10,968.0,962.0,991.0,952.0,20.0,19300.0,485
2023-05-09 21:49:17,CF401C15600,CF401C15600,980.0,0.0,0.0,0.0,3,986.0,997.0,30,968.0,962.0,991.0,952.0,20.0,19300.0,485
2023-05-09 21:49:19,CF401C15600,CF401C15600,980.0,0.0,0.0,0.0,3,986.0,997.0,20,968.0,962.0,991.0,952.0,20.0,19300.0,485
2023-05-09 21:49:37,CF401C15600,CF401C15600,980.0,0.0,0.0,0.0,3,986.0,997.0,10,968.0,962.0,991.0,952.0,20.0,19300.0,485
2023-05-09 21:49:39,CF401C15600,CF401C15600,980.0,0.0,0.0,0.0,13,986.0,997.0,20,968.0,962.0,991.0,952.0,20.0,19300.0,485
2023-05-09 21:49:41,CF401C15600,CF401C15600,980.0,0.0,0.0,0.0,13,986.0,997.0,10,968.0,962.0,991.0,952.0,20.0,19300.0,485
2023-05-09 21:49:50,CF401C15600,CF401C15600,980.0,0.0,0.0,0.0,10,989.0,999.0,10,968.0,962.0,991.0,952.0,20.0,19300.0,485
2023-05-09 21:49:54,CF401C15600,CF401C15600,980.0,0.0,0.0,0.0,10,987.0,999.0,10,968.0,962.0,991.0,952.0,20.0,19300.0,485
2023-05-09 21:50:00,CF401C15600,CF401C15600,980.0,0.0,0.0,0.0,10,987.0,999.0,20,968.0,962.0,991.0,952.0,20.0,19300.0,485
2023-05-09 21:50:10,CF401C15600,CF401C15600,980.0,0.0,0.0,0.0,20,987.0,999.0,10,968.0,962.0,991.0,952.0,20.0,19300.0,485
2023-05-09 21:50:15,CF401C15600,CF401C15600,980.0,0.0,0.0,0.0,20,987.0,1000.0,10,968.0,962.0,991.0,952.0,20.0,19300.0,485
2023-05-09 21:50:15,CF401C15600,CF401C15600,980.0,0.0,0.0,0.0,10,987.0,1000.0,10,968.0,962.0,991.0,952.0,20.0,19300.0,485
2023-05-09 21:50:17,CF401C15600,CF401C15600,980.0,0.0,0.0,0.0,10,987.0,1001.0,30,968.0,962.0,991.0,952.0,20.0,19300.0,485
2023-05-09 21:50:20,CF401C15600,CF401C15600,980.0,0.0,0.0,0.0,20,987.0,1001.0,20,968.0,962.0,991.0,952.0,20.0,19300.0,485
2023-05-09 21:50:20,CF401C15600,CF401C15600,980.0,0.0,0.0,0.0,12,990.0,1001.0,10,968.0,962.0,991.0,952.0,20.0,19300.0,485
2023-05-09 21:50:20,CF401C15600,CF401C15600,980.0,0.0,0.0,0.0,22,990.0,1001.0,10,968.0,962.0,991.0,952.0,20.0,19300.0,485
