time,symbol_id,symbol_name,last,trade_volume,trade_amount,open_interest_change,bv1,bp1,ap1,av1,yesterday_close,today_open,today_high,today_low,volume,amount,open_interest
2023-05-09 19:10:58,CF401P15200,CF401P15200,512.0,0.0,0.0,-28.0,0,0.0,0.0,0,512.0,493.0,0.0,0.0,0.0,0.0,273
2023-05-09 20:59:00,CF401P15200,CF401P15200,512.0,0.0,0.0,0.0,19,138.0,0.0,0,512.0,493.0,0.0,0.0,0.0,0.0,273
2023-05-09 21:00:00,CF401P15200,CF401P15200,512.0,0.0,0.0,0.0,10,144.0,0.0,0,512.0,493.0,0.0,0.0,0.0,0.0,273
2023-05-09 21:00:01,CF401P15200,CF401P15200,512.0,0.0,0.0,0.0,10,144.0,828.0,12,512.0,493.0,0.0,0.0,0.0,0.0,273
2023-05-09 21:00:02,CF401P15200,CF401P15200,512.0,0.0,0.0,0.0,12,221.0,822.0,10,512.0,493.0,0.0,0.0,0.0,0.0,273
2023-05-09 21:00:03,CF401P15200,CF401P15200,512.0,0.0,0.0,0.0,12,221.0,745.0,12,512.0,493.0,0.0,0.0,0.0,0.0,273
2023-05-09 21:00:04,CF401P15200,CF401P15200,512.0,0.0,0.0,0.0,10,222.0,739.0,10,512.0,493.0,0.0,0.0,0.0,0.0,273
2023-05-09 21:00:05,CF401P15200,CF401P15200,512.0,0.0,0.0,0.0,12,299.0,662.0,12,512.0,493.0,0.0,0.0,0.0,0.0,273
2023-05-09 21:00:06,CF401P15200,CF401P15200,512.0,0.0,0.0,0.0,10,300.0,656.0,10,512.0,493.0,0.0,0.0,0.0,0.0,273
2023-05-09 21:00:06,CF401P15200,CF401P15200,512.0,0.0,0.0,0.0,10,300.0,649.0,10,512.0,493.0,0.0,0.0,0.0,0.0,273
2023-05-09 21:00:06,CF401P15200,CF401P15200,512.0,0.0,0.0,0.0,12,377.0,643.0,10,512.0,493.0,0.0,0.0,0.0,0.0,273
2023-05-09 21:00:07,CF401P15200,CF401P15200,512.0,0.0,0.0,0.0,10,378.0,636.0,10,512.0,493.0,0.0,0.0,0.0,0.0,273
2023-05-09 21:00:07,CF401P15200,CF401P15200,512.0,0.0,0.0,0.0,10,378.0,635.0,10,512.0,493.0,0.0,0.0,0.0,0.0,273
2023-05-09 21:00:08,CF401P15200,CF401P15200,512.0,0.0,0.0,0.0,10,378.0,629.0,10,512.0,493.0,0.0,0.0,0.0,0.0,273
2023-05-09 21:00:08,CF401P15200,CF401P15200,512.0,0.0,0.0,0.0,10,378.0,622.0,10,512.0,493.0,0.0,0.0,0.0,0.0,273
2023-05-09 21:00:09,CF401P15200,CF401P15200,512.0,0.0,0.0,0.0,12,455.0,621.0,10,512.0,493.0,0.0,0.0,0.0,0.0,273
2023-05-09 21:00:09,CF401P15200,CF401P15200,512.0,0.0,0.0,0.0,10,456.0,615.0,10,512.0,493.0,0.0,0.0,0.0,0.0,273
2023-05-09 21:00:10,CF401P15200,CF401P15200,512.0,0.0,0.0,0.0,10,456.0,608.0,10,512.0,493.0,0.0,0.0,0.0,0.0,273
2023-05-09 21:00:10,CF401P15200,CF401P15200,512.0,0.0,0.0,0.0,12,477.0,536.0,10,512.0,493.0,0.0,0.0,0.0,0.0,273
2023-05-09 21:00:11,CF401P15200,CF401P15200,512.0,0.0,0.0,0.0,10,478.0,536.0,10,512.0,493.0,0.0,0.0,0.0,0.0,273
2023-05-09 21:00:13,CF401P15200,CF401P15200,512.0,0.0,0.0,0.0,10,478.0,530.0,2,512.0,493.0,0.0,0.0,0.0,0.0,273
2023-05-09 21:00:13,CF401P15200,CF401P15200,512.0,0.0,0.0,0.0,10,478.0,529.0,10,512.0,493.0,0.0,0.0,0.0,0.0,273
2023-05-09 21:00:48,CF401P15200,CF401P15200,512.0,0.0,0.0,0.0,10,478.0,527.0,1,512.0,493.0,0.0,0.0,0.0,0.0,273
2023-05-09 21:00:49,CF401P15200,CF401P15200,512.0,0.0,0.0,0.0,10,478.0,526.0,10,512.0,493.0,0.0,0.0,0.0,0.0,273
2023-05-09 21:01:11,CF401P15200,CF401P15200,512.0,0.0,0.0,0.0,10,478.0,505.0,3,512.0,493.0,0.0,0.0,0.0,0.0,273
2023-05-09 21:01:12,CF401P15200,CF401P15200,512.0,0.0,0.0,0.0,3,496.0,505.0,3,512.0,493.0,0.0,0.0,0.0,0.0,273
2023-05-09 21:01:15,CF401P15200,CF401P15200,512.0,0.0,0.0,0.0,3,499.0,505.0,3,512.0,493.0,0.0,0.0,0.0,0.0,273
2023-05-09 21:01:17,CF401P15200,CF401P15200,512.0,0.0,0.0,0.0,3,499.0,527.0,1,512.0,493.0,0.0,0.0,0.0,0.0,273
2023-05-09 21:01:17,CF401P15200,CF401P15200,512.0,0.0,0.0,0.0,3,499.0,526.0,10,512.0,493.0,0.0,0.0,0.0,0.0,273
2023-05-09 21:01:18,CF401P15200,CF401P15200,512.0,0.0,0.0,0.0,3,499.0,510.0,3,512.0,493.0,0.0,0.0,0.0,0.0,273
2023-05-09 21:01:29,CF401P15200,CF401P15200,512.0,0.0,0.0,0.0,3,501.0,510.0,3,512.0,493.0,0.0,0.0,0.0,0.0,273
2023-05-09 21:01:32,CF401P15200,CF401P15200,512.0,0.0,0.0,0.0,3,499.0,510.0,3,512.0,493.0,0.0,0.0,0.0,0.0,273
2023-05-09 21:01:34,CF401P15200,CF401P15200,512.0,0.0,0.0,0.0,3,499.0,506.0,3,512.0,493.0,0.0,0.0,0.0,0.0,273
2023-05-09 21:01:43,CF401P15200,CF401P15200,512.0,0.0,0.0,0.0,3,496.0,506.0,3,512.0,493.0,0.0,0.0,0.0,0.0,273
2023-05-09 21:01:50,CF401P15200,CF401P15200,512.0,0.0,0.0,0.0,3,496.0,504.0,3,512.0,493.0,0.0,0.0,0.0,0.0,273
2023-05-09 21:02:28,CF401P15200,CF401P15200,512.0,0.0,0.0,0.0,10,474.0,501.0,3,512.0,493.0,0.0,0.0,0.0,0.0,273
2023-05-09 21:02:29,CF401P15200,CF401P15200,512.0,0.0,0.0,0.0,3,490.0,501.0,3,512.0,493.0,0.0,0.0,0.0,0.0,273
2023-05-09 21:02:36,CF401P15200,CF401P15200,512.0,0.0,0.0,0.0,3,490.0,498.0,3,512.0,493.0,0.0,0.0,0.0,0.0,273
2023-05-09 21:03:09,CF401P15200,CF401P15200,512.0,0.0,0.0,0.0,3,485.0,496.0,3,512.0,493.0,0.0,0.0,0.0,0.0,273
2023-05-09 21:03:10,CF401P15200,CF401P15200,512.0,0.0,0.0,0.0,3,485.0,494.0,3,512.0,493.0,0.0,0.0,0.0,0.0,273
2023-05-09 21:03:14,CF401P15200,CF401P15200,512.0,0.0,0.0,0.0,20,478.0,491.0,3,512.0,493.0,0.0,0.0,0.0,0.0,273
2023-05-09 21:03:15,CF401P15200,CF401P15200,512.0,0.0,0.0,0.0,3,481.0,491.0,3,512.0,493.0,0.0,0.0,0.0,0.0,273
2023-05-09 21:03:25,CF401P15200,CF401P15200,512.0,0.0,0.0,0.0,3,481.0,489.0,3,512.0,493.0,0.0,0.0,0.0,0.0,273
2023-05-09 21:03:31,CF401P15200,CF401P15200,512.0,0.0,0.0,0.0,10,474.0,489.0,3,512.0,493.0,0.0,0.0,0.0,0.0,273
2023-05-09 21:03:33,CF401P15200,CF401P15200,512.0,0.0,0.0,0.0,3,476.0,486.0,3,512.0,493.0,0.0,0.0,0.0,0.0,273
2023-05-09 21:03:46,CF401P15200,CF401P15200,512.0,0.0,0.0,0.0,3,478.0,486.0,3,512.0,493.0,0.0,0.0,0.0,0.0,273
2023-05-09 21:03:59,CF401P15200,CF401P15200,512.0,0.0,0.0,0.0,3,481.0,489.0,3,512.0,493.0,0.0,0.0,0.0,0.0,273
2023-05-09 21:04:42,CF401P15200,CF401P15200,512.0,0.0,0.0,0.0,23,481.0,489.0,3,512.0,493.0,0.0,0.0,0.0,0.0,273
2023-05-09 21:05:01,CF401P15200,CF401P15200,512.0,0.0,0.0,0.0,3,483.0,491.0,3,512.0,493.0,0.0,0.0,0.0,0.0,273
2023-05-09 21:05:02,CF401P15200,CF401P15200,512.0,0.0,0.0,0.0,13,483.0,491.0,3,512.0,493.0,0.0,0.0,0.0,0.0,273
2023-05-09 21:05:05,CF401P15200,CF401P15200,512.0,0.0,0.0,0.0,13,483.0,494.0,3,512.0,493.0,0.0,0.0,0.0,0.0,273
2023-05-09 21:05:07,CF401P15200,CF401P15200,512.0,0.0,0.0,0.0,3,485.0,494.0,3,512.0,493.0,0.0,0.0,0.0,0.0,273
2023-05-09 21:05:08,CF401P15200,CF401P15200,512.0,0.0,0.0,0.0,10,486.0,494.0,3,512.0,493.0,0.0,0.0,0.0,0.0,273
2023-05-09 21:05:08,CF401P15200,CF401P15200,512.0,0.0,0.0,0.0,20,486.0,494.0,3,512.0,493.0,0.0,0.0,0.0,0.0,273
2023-05-09 21:05:09,CF401P15200,CF401P15200,512.0,0.0,0.0,0.0,3,487.0,494.0,3,512.0,493.0,0.0,0.0,0.0,0.0,273
2023-05-09 21:05:33,CF401P15200,CF401P15200,512.0,0.0,0.0,0.0,10,489.0,499.0,13,512.0,493.0,0.0,0.0,0.0,0.0,273
2023-05-09 21:05:33,CF401P15200,CF401P15200,512.0,0.0,0.0,0.0,20,489.0,499.0,3,512.0,493.0,0.0,0.0,0.0,0.0,273
2023-05-09 21:05:33,CF401P15200,CF401P15200,512.0,0.0,0.0,0.0,10,489.0,499.0,3,512.0,493.0,0.0,0.0,0.0,0.0,273
2023-05-09 21:05:34,CF401P15200,CF401P15200,512.0,0.0,0.0,0.0,23,489.0,499.0,3,512.0,493.0,0.0,0.0,0.0,0.0,273
2023-05-09 21:05:45,CF401P15200,CF401P15200,512.0,0.0,0.0,0.0,10,492.0,499.0,3,512.0,493.0,0.0,0.0,0.0,0.0,273
2023-05-09 21:05:45,CF401P15200,CF401P15200,512.0,0.0,0.0,0.0,20,492.0,499.0,3,512.0,493.0,0.0,0.0,0.0,0.0,273
2023-05-09 21:05:46,CF401P15200,CF401P15200,512.0,0.0,0.0,0.0,10,492.0,499.0,3,512.0,493.0,0.0,0.0,0.0,0.0,273
2023-05-09 21:05:47,CF401P15200,CF401P15200,512.0,0.0,0.0,0.0,13,492.0,499.0,3,512.0,493.0,0.0,0.0,0.0,0.0,273
2023-05-09 21:05:48,CF401P15200,CF401P15200,512.0,0.0,0.0,0.0,23,492.0,499.0,3,512.0,493.0,0.0,0.0,0.0,0.0,273
2023-05-09 21:05:50,CF401P15200,CF401P15200,512.0,0.0,0.0,0.0,23,492.0,505.0,20,512.0,493.0,0.0,0.0,0.0,0.0,273
2023-05-09 21:05:50,CF401P15200,CF401P15200,512.0,0.0,0.0,0.0,13,492.0,503.0,3,512.0,493.0,0.0,0.0,0.0,0.0,273
2023-05-09 21:05:51,CF401P15200,CF401P15200,512.0,0.0,0.0,0.0,23,492.0,503.0,3,512.0,493.0,0.0,0.0,0.0,0.0,273
2023-05-09 21:05:54,CF401P15200,CF401P15200,512.0,0.0,0.0,0.0,13,492.0,501.0,3,512.0,493.0,0.0,0.0,0.0,0.0,273
2023-05-09 21:05:55,CF401P15200,CF401P15200,512.0,0.0,0.0,0.0,23,492.0,501.0,3,512.0,493.0,0.0,0.0,0.0,0.0,273
2023-05-09 21:05:57,CF401P15200,CF401P15200,512.0,0.0,0.0,0.0,23,492.0,500.0,10,512.0,493.0,0.0,0.0,0.0,0.0,273
2023-05-09 21:05:57,CF401P15200,CF401P15200,512.0,0.0,0.0,0.0,13,492.0,500.0,10,512.0,493.0,0.0,0.0,0.0,0.0,273
2023-05-09 21:05:57,CF401P15200,CF401P15200,512.0,0.0,0.0,0.0,3,492.0,499.0,3,512.0,493.0,0.0,0.0,0.0,0.0,273
2023-05-09 21:06:04,CF401P15200,CF401P15200,512.0,0.0,0.0,0.0,23,489.0,499.0,3,512.0,493.0,0.0,0.0,0.0,0.0,273
2023-05-09 21:06:21,CF401P15200,CF401P15200,512.0,0.0,0.0,0.0,3,492.0,499.0,3,512.0,493.0,0.0,0.0,0.0,0.0,273
2023-05-09 21:06:24,CF401P15200,CF401P15200,512.0,0.0,0.0,0.0,13,492.0,499.0,3,512.0,493.0,0.0,0.0,0.0,0.0,273
2023-05-09 21:06:30,CF401P15200,CF401P15200,512.0,0.0,0.0,0.0,13,492.0,501.0,3,512.0,493.0,0.0,0.0,0.0,0.0,273
2023-05-09 21:06:33,CF401P15200,CF401P15200,512.0,0.0,0.0,0.0,23,492.0,501.0,3,512.0,493.0,0.0,0.0,0.0,0.0,273
2023-05-09 21:06:34,CF401P15200,CF401P15200,512.0,0.0,0.0,0.0,33,492.0,501.0,3,512.0,493.0,0.0,0.0,0.0,0.0,273
2023-05-09 21:06:39,CF401P15200,CF401P15200,512.0,0.0,0.0,0.0,13,494.0,501.0,3,512.0,493.0,0.0,0.0,0.0,0.0,273
2023-05-09 21:06:39,CF401P15200,CF401P15200,512.0,0.0,0.0,0.0,13,494.0,503.0,3,512.0,493.0,0.0,0.0,0.0,0.0,273
2023-05-09 21:06:41,CF401P15200,CF401P15200,512.0,0.0,0.0,0.0,23,494.0,503.0,3,512.0,493.0,0.0,0.0,0.0,0.0,273
2023-05-09 21:06:43,CF401P15200,CF401P15200,512.0,0.0,0.0,0.0,10,498.0,503.0,3,512.0,493.0,0.0,0.0,0.0,0.0,273
2023-05-09 21:06:45,CF401P15200,CF401P15200,512.0,0.0,0.0,0.0,10,498.0,508.0,11,512.0,493.0,0.0,0.0,0.0,0.0,273
2023-05-09 21:06:46,CF401P15200,CF401P15200,512.0,0.0,0.0,0.0,10,498.0,508.0,14,512.0,493.0,0.0,0.0,0.0,0.0,273
2023-05-09 21:06:49,CF401P15200,CF401P15200,512.0,0.0,0.0,0.0,13,498.0,508.0,14,512.0,493.0,0.0,0.0,0.0,0.0,273
2023-05-09 21:06:50,CF401P15200,CF401P15200,512.0,0.0,0.0,0.0,13,498.0,508.0,4,512.0,493.0,0.0,0.0,0.0,0.0,273
2023-05-09 21:06:51,CF401P15200,CF401P15200,512.0,0.0,0.0,0.0,23,498.0,508.0,4,512.0,493.0,0.0,0.0,0.0,0.0,273
2023-05-09 21:06:52,CF401P15200,CF401P15200,512.0,0.0,0.0,0.0,10,501.0,508.0,4,512.0,493.0,0.0,0.0,0.0,0.0,273
2023-05-09 21:06:53,CF401P15200,CF401P15200,512.0,0.0,0.0,0.0,13,501.0,508.0,3,512.0,493.0,0.0,0.0,0.0,0.0,273
2023-05-09 21:06:54,CF401P15200,CF401P15200,512.0,0.0,0.0,0.0,3,501.0,508.0,3,512.0,493.0,0.0,0.0,0.0,0.0,273
2023-05-09 21:06:57,CF401P15200,CF401P15200,512.0,0.0,0.0,0.0,13,501.0,508.0,3,512.0,493.0,0.0,0.0,0.0,0.0,273
2023-05-09 21:07:01,CF401P15200,CF401P15200,512.0,0.0,0.0,0.0,13,501.0,511.0,10,512.0,493.0,0.0,0.0,0.0,0.0,273
2023-05-09 21:07:02,CF401P15200,CF401P15200,512.0,0.0,0.0,0.0,23,501.0,513.0,3,512.0,493.0,0.0,0.0,0.0,0.0,273
2023-05-09 21:07:02,CF401P15200,CF401P15200,512.0,0.0,0.0,0.0,10,503.0,513.0,3,512.0,493.0,0.0,0.0,0.0,0.0,273
2023-05-09 21:07:04,CF401P15200,CF401P15200,512.0,0.0,0.0,0.0,23,501.0,513.0,3,512.0,493.0,0.0,0.0,0.0,0.0,273
2023-05-09 21:07:04,CF401P15200,CF401P15200,512.0,0.0,0.0,0.0,13,501.0,513.0,3,512.0,493.0,0.0,0.0,0.0,0.0,273
2023-05-09 21:07:06,CF401P15200,CF401P15200,512.0,0.0,0.0,0.0,13,503.0,513.0,3,512.0,493.0,0.0,0.0,0.0,0.0,273
2023-05-09 21:07:11,CF401P15200,CF401P15200,512.0,0.0,0.0,0.0,23,503.0,513.0,3,512.0,493.0,0.0,0.0,0.0,0.0,273
2023-05-09 21:07:11,CF401P15200,CF401P15200,512.0,0.0,0.0,0.0,3,505.0,513.0,3,512.0,493.0,0.0,0.0,0.0,0.0,273
2023-05-09 21:07:35,CF401P15200,CF401P15200,512.0,0.0,0.0,0.0,23,503.0,512.0,10,512.0,493.0,0.0,0.0,0.0,0.0,273
2023-05-09 21:07:35,CF401P15200,CF401P15200,512.0,0.0,0.0,0.0,23,503.0,511.0,3,512.0,493.0,0.0,0.0,0.0,0.0,273
2023-05-09 21:07:36,CF401P15200,CF401P15200,512.0,0.0,0.0,0.0,3,503.0,511.0,3,512.0,493.0,0.0,0.0,0.0,0.0,273
2023-05-09 21:07:42,CF401P15200,CF401P15200,512.0,0.0,0.0,0.0,3,501.0,511.0,13,512.0,493.0,0.0,0.0,0.0,0.0,273
2023-05-09 21:07:44,CF401P15200,CF401P15200,512.0,0.0,0.0,0.0,3,501.0,511.0,3,512.0,493.0,0.0,0.0,0.0,0.0,273
2023-05-09 21:07:44,CF401P15200,CF401P15200,512.0,0.0,0.0,0.0,3,501.0,511.0,13,512.0,493.0,0.0,0.0,0.0,0.0,273
2023-05-09 21:07:45,CF401P15200,CF401P15200,512.0,0.0,0.0,0.0,3,501.0,508.0,3,512.0,493.0,0.0,0.0,0.0,0.0,273
2023-05-09 21:08:02,CF401P15200,CF401P15200,512.0,0.0,0.0,0.0,10,499.0,508.0,3,512.0,493.0,0.0,0.0,0.0,0.0,273
2023-05-09 21:08:16,CF401P15200,CF401P15200,512.0,0.0,0.0,0.0,3,498.0,508.0,3,512.0,493.0,0.0,0.0,0.0,0.0,273
2023-05-09 21:08:19,CF401P15200,CF401P15200,512.0,0.0,0.0,0.0,3,498.0,507.0,10,512.0,493.0,0.0,0.0,0.0,0.0,273
2023-05-09 21:08:21,CF401P15200,CF401P15200,512.0,0.0,0.0,0.0,3,498.0,508.0,3,512.0,493.0,0.0,0.0,0.0,0.0,273
2023-05-09 21:08:24,CF401P15200,CF401P15200,512.0,0.0,0.0,0.0,10,499.0,508.0,3,512.0,493.0,0.0,0.0,0.0,0.0,273
2023-05-09 21:08:39,CF401P15200,CF401P15200,512.0,0.0,0.0,0.0,3,500.0,508.0,3,512.0,493.0,0.0,0.0,0.0,0.0,273
2023-05-09 21:08:49,CF401P15200,CF401P15200,512.0,0.0,0.0,0.0,3,500.0,511.0,13,512.0,493.0,0.0,0.0,0.0,0.0,273
2023-05-09 21:08:50,CF401P15200,CF401P15200,512.0,0.0,0.0,0.0,13,500.0,511.0,3,512.0,493.0,0.0,0.0,0.0,0.0,273
2023-05-09 21:08:54,CF401P15200,CF401P15200,512.0,0.0,0.0,0.0,10,502.0,511.0,3,512.0,493.0,0.0,0.0,0.0,0.0,273
2023-05-09 21:08:56,CF401P15200,CF401P15200,512.0,0.0,0.0,0.0,10,502.0,511.0,13,512.0,493.0,0.0,0.0,0.0,0.0,273
2023-05-09 21:09:00,CF401P15200,CF401P15200,512.0,0.0,0.0,0.0,3,500.0,511.0,13,512.0,493.0,0.0,0.0,0.0,0.0,273
2023-05-09 21:09:00,CF401P15200,CF401P15200,512.0,0.0,0.0,0.0,3,500.0,509.0,10,512.0,493.0,0.0,0.0,0.0,0.0,273
2023-05-09 21:09:03,CF401P15200,CF401P15200,512.0,0.0,0.0,0.0,3,500.0,506.0,10,512.0,493.0,0.0,0.0,0.0,0.0,273
2023-05-09 21:09:05,CF401P15200,CF401P15200,512.0,0.0,0.0,0.0,3,500.0,505.0,10,512.0,493.0,0.0,0.0,0.0,0.0,273
2023-05-09 21:09:39,CF401P15200,CF401P15200,512.0,0.0,0.0,0.0,3,500.0,506.0,10,512.0,493.0,0.0,0.0,0.0,0.0,273
2023-05-09 21:09:43,CF401P15200,CF401P15200,512.0,0.0,0.0,0.0,3,500.0,505.0,10,512.0,493.0,0.0,0.0,0.0,0.0,273
2023-05-09 21:09:53,CF401P15200,CF401P15200,512.0,0.0,0.0,0.0,3,500.0,507.0,10,512.0,493.0,0.0,0.0,0.0,0.0,273
2023-05-09 21:09:55,CF401P15200,CF401P15200,512.0,0.0,0.0,0.0,3,500.0,506.0,10,512.0,493.0,0.0,0.0,0.0,0.0,273
2023-05-09 21:10:11,CF401P15200,CF401P15200,512.0,0.0,0.0,0.0,3,498.0,505.0,13,512.0,493.0,0.0,0.0,0.0,0.0,273
2023-05-09 21:10:23,CF401P15200,CF401P15200,512.0,0.0,0.0,0.0,3,498.0,505.0,23,512.0,493.0,0.0,0.0,0.0,0.0,273
2023-05-09 21:10:26,CF401P15200,CF401P15200,512.0,0.0,0.0,0.0,3,498.0,503.0,10,512.0,493.0,0.0,0.0,0.0,0.0,273
2023-05-09 21:10:26,CF401P15200,CF401P15200,512.0,0.0,0.0,0.0,3,498.0,505.0,23,512.0,493.0,0.0,0.0,0.0,0.0,273
2023-05-09 21:10:26,CF401P15200,CF401P15200,512.0,0.0,0.0,0.0,3,498.0,504.0,10,512.0,493.0,0.0,0.0,0.0,0.0,273
2023-05-09 21:10:27,CF401P15200,CF401P15200,512.0,0.0,0.0,0.0,3,498.0,505.0,23,512.0,493.0,0.0,0.0,0.0,0.0,273
2023-05-09 21:10:27,CF401P15200,CF401P15200,512.0,0.0,0.0,0.0,3,498.0,505.0,33,512.0,493.0,0.0,0.0,0.0,0.0,273
2023-05-09 21:10:29,CF401P15200,CF401P15200,512.0,0.0,0.0,0.0,3,498.0,505.0,23,512.0,493.0,0.0,0.0,0.0,0.0,273
2023-05-09 21:10:31,CF401P15200,CF401P15200,512.0,0.0,0.0,0.0,3,498.0,505.0,13,512.0,493.0,0.0,0.0,0.0,0.0,273
2023-05-09 21:10:34,CF401P15200,CF401P15200,512.0,0.0,0.0,0.0,3,498.0,505.0,23,512.0,493.0,0.0,0.0,0.0,0.0,273
2023-05-09 21:10:35,CF401P15200,CF401P15200,512.0,0.0,0.0,0.0,3,498.0,505.0,13,512.0,493.0,0.0,0.0,0.0,0.0,273
2023-05-09 21:10:37,CF401P15200,CF401P15200,512.0,0.0,0.0,0.0,3,498.0,505.0,23,512.0,493.0,0.0,0.0,0.0,0.0,273
2023-05-09 21:10:44,CF401P15200,CF401P15200,512.0,0.0,0.0,0.0,3,498.0,505.0,13,512.0,493.0,0.0,0.0,0.0,0.0,273
2023-05-09 21:10:45,CF401P15200,CF401P15200,512.0,0.0,0.0,0.0,3,498.0,505.0,23,512.0,493.0,0.0,0.0,0.0,0.0,273
2023-05-09 21:10:47,CF401P15200,CF401P15200,512.0,0.0,0.0,0.0,3,498.0,505.0,13,512.0,493.0,0.0,0.0,0.0,0.0,273
2023-05-09 21:10:52,CF401P15200,CF401P15200,512.0,0.0,0.0,0.0,3,498.0,505.0,23,512.0,493.0,0.0,0.0,0.0,0.0,273
2023-05-09 21:10:52,CF401P15200,CF401P15200,512.0,0.0,0.0,0.0,3,498.0,505.0,13,512.0,493.0,0.0,0.0,0.0,0.0,273
2023-05-09 21:10:54,CF401P15200,CF401P15200,512.0,0.0,0.0,0.0,3,498.0,505.0,23,512.0,493.0,0.0,0.0,0.0,0.0,273
2023-05-09 21:10:54,CF401P15200,CF401P15200,512.0,0.0,0.0,0.0,3,498.0,505.0,13,512.0,493.0,0.0,0.0,0.0,0.0,273
2023-05-09 21:10:54,CF401P15200,CF401P15200,512.0,0.0,0.0,0.0,3,498.0,505.0,23,512.0,493.0,0.0,0.0,0.0,0.0,273
2023-05-09 21:10:56,CF401P15200,CF401P15200,512.0,0.0,0.0,0.0,3,498.0,505.0,13,512.0,493.0,0.0,0.0,0.0,0.0,273
2023-05-09 21:10:57,CF401P15200,CF401P15200,512.0,0.0,0.0,0.0,3,498.0,505.0,23,512.0,493.0,0.0,0.0,0.0,0.0,273
2023-05-09 21:10:58,CF401P15200,CF401P15200,512.0,0.0,0.0,0.0,3,498.0,505.0,13,512.0,493.0,0.0,0.0,0.0,0.0,273
2023-05-09 21:11:06,CF401P15200,CF401P15200,512.0,0.0,0.0,0.0,3,498.0,503.0,10,512.0,493.0,0.0,0.0,0.0,0.0,273
2023-05-09 21:11:08,CF401P15200,CF401P15200,512.0,0.0,0.0,0.0,20,495.0,503.0,10,512.0,493.0,0.0,0.0,0.0,0.0,273
2023-05-09 21:11:12,CF401P15200,CF401P15200,512.0,0.0,0.0,0.0,20,495.0,503.0,20,512.0,493.0,0.0,0.0,0.0,0.0,273
2023-05-09 21:11:12,CF401P15200,CF401P15200,512.0,0.0,0.0,0.0,10,495.0,503.0,10,512.0,493.0,0.0,0.0,0.0,0.0,273
2023-05-09 21:11:13,CF401P15200,CF401P15200,512.0,0.0,0.0,0.0,20,495.0,503.0,20,512.0,493.0,0.0,0.0,0.0,0.0,273
2023-05-09 21:11:13,CF401P15200,CF401P15200,512.0,0.0,0.0,0.0,10,495.0,503.0,10,512.0,493.0,0.0,0.0,0.0,0.0,273
2023-05-09 21:11:16,CF401P15200,CF401P15200,512.0,0.0,0.0,0.0,20,495.0,503.0,20,512.0,493.0,0.0,0.0,0.0,0.0,273
2023-05-09 21:11:18,CF401P15200,CF401P15200,512.0,0.0,0.0,0.0,20,495.0,503.0,10,512.0,493.0,0.0,0.0,0.0,0.0,273
2023-05-09 21:11:18,CF401P15200,CF401P15200,512.0,0.0,0.0,0.0,20,495.0,503.0,20,512.0,493.0,0.0,0.0,0.0,0.0,273
2023-05-09 21:11:20,CF401P15200,CF401P15200,512.0,0.0,0.0,0.0,10,495.0,503.0,10,512.0,493.0,0.0,0.0,0.0,0.0,273
2023-05-09 21:11:21,CF401P15200,CF401P15200,512.0,0.0,0.0,0.0,20,495.0,503.0,20,512.0,493.0,0.0,0.0,0.0,0.0,273
2023-05-09 21:11:21,CF401P15200,CF401P15200,512.0,0.0,0.0,0.0,10,495.0,503.0,10,512.0,493.0,0.0,0.0,0.0,0.0,273
2023-05-09 21:11:21,CF401P15200,CF401P15200,512.0,0.0,0.0,0.0,20,495.0,503.0,20,512.0,493.0,0.0,0.0,0.0,0.0,273
2023-05-09 21:11:23,CF401P15200,CF401P15200,512.0,0.0,0.0,0.0,10,495.0,503.0,33,512.0,493.0,0.0,0.0,0.0,0.0,273
2023-05-09 21:11:23,CF401P15200,CF401P15200,512.0,0.0,0.0,0.0,10,495.0,502.0,10,512.0,493.0,0.0,0.0,0.0,0.0,273
2023-05-09 21:11:24,CF401P15200,CF401P15200,512.0,0.0,0.0,0.0,23,493.0,502.0,10,512.0,493.0,0.0,0.0,0.0,0.0,273
2023-05-09 21:11:24,CF401P15200,CF401P15200,512.0,0.0,0.0,0.0,13,493.0,502.0,10,512.0,493.0,0.0,0.0,0.0,0.0,273
2023-05-09 21:11:27,CF401P15200,CF401P15200,512.0,0.0,0.0,0.0,23,493.0,502.0,10,512.0,493.0,0.0,0.0,0.0,0.0,273
2023-05-09 21:11:30,CF401P15200,CF401P15200,512.0,0.0,0.0,0.0,13,495.0,503.0,13,512.0,493.0,0.0,0.0,0.0,0.0,273
2023-05-09 21:11:30,CF401P15200,CF401P15200,512.0,0.0,0.0,0.0,23,495.0,503.0,13,512.0,493.0,0.0,0.0,0.0,0.0,273
2023-05-09 21:11:32,CF401P15200,CF401P15200,512.0,0.0,0.0,0.0,33,495.0,503.0,13,512.0,493.0,0.0,0.0,0.0,0.0,273
2023-05-09 21:11:34,CF401P15200,CF401P15200,512.0,0.0,0.0,0.0,23,495.0,503.0,13,512.0,493.0,0.0,0.0,0.0,0.0,273
2023-05-09 21:11:35,CF401P15200,CF401P15200,512.0,0.0,0.0,0.0,23,495.0,503.0,3,512.0,493.0,0.0,0.0,0.0,0.0,273
2023-05-09 21:11:40,CF401P15200,CF401P15200,512.0,0.0,0.0,0.0,33,495.0,503.0,3,512.0,493.0,0.0,0.0,0.0,0.0,273
2023-05-09 21:11:42,CF401P15200,CF401P15200,512.0,0.0,0.0,0.0,23,495.0,503.0,3,512.0,493.0,0.0,0.0,0.0,0.0,273
2023-05-09 21:11:43,CF401P15200,CF401P15200,512.0,0.0,0.0,0.0,33,495.0,503.0,3,512.0,493.0,0.0,0.0,0.0,0.0,273
2023-05-09 21:11:43,CF401P15200,CF401P15200,512.0,0.0,0.0,0.0,23,495.0,503.0,3,512.0,493.0,0.0,0.0,0.0,0.0,273
2023-05-09 21:11:45,CF401P15200,CF401P15200,512.0,0.0,0.0,0.0,33,495.0,503.0,3,512.0,493.0,0.0,0.0,0.0,0.0,273
2023-05-09 21:12:02,CF401P15200,CF401P15200,512.0,0.0,0.0,0.0,23,495.0,503.0,13,512.0,493.0,0.0,0.0,0.0,0.0,273
2023-05-09 21:12:27,CF401P15200,CF401P15200,512.0,0.0,0.0,0.0,3,495.0,503.0,13,512.0,493.0,0.0,0.0,0.0,0.0,273
2023-05-09 21:12:33,CF401P15200,CF401P15200,512.0,0.0,0.0,0.0,13,495.0,503.0,13,512.0,493.0,0.0,0.0,0.0,0.0,273
2023-05-09 21:12:38,CF401P15200,CF401P15200,512.0,0.0,0.0,0.0,3,495.0,503.0,13,512.0,493.0,0.0,0.0,0.0,0.0,273
2023-05-09 21:12:57,CF401P15200,CF401P15200,512.0,0.0,0.0,0.0,23,495.0,503.0,13,512.0,493.0,0.0,0.0,0.0,0.0,273
2023-05-09 21:13:00,CF401P15200,CF401P15200,512.0,0.0,0.0,0.0,33,495.0,503.0,3,512.0,493.0,0.0,0.0,0.0,0.0,273
2023-05-09 21:13:01,CF401P15200,CF401P15200,512.0,0.0,0.0,0.0,20,497.0,503.0,3,512.0,493.0,0.0,0.0,0.0,0.0,273
2023-05-09 21:13:01,CF401P15200,CF401P15200,512.0,0.0,0.0,0.0,33,495.0,503.0,3,512.0,493.0,0.0,0.0,0.0,0.0,273
2023-05-09 21:13:02,CF401P15200,CF401P15200,512.0,0.0,0.0,0.0,43,495.0,503.0,3,512.0,493.0,0.0,0.0,0.0,0.0,273
2023-05-09 21:13:02,CF401P15200,CF401P15200,512.0,0.0,0.0,0.0,33,495.0,503.0,3,512.0,493.0,0.0,0.0,0.0,0.0,273
2023-05-09 21:13:04,CF401P15200,CF401P15200,512.0,0.0,0.0,0.0,10,497.0,503.0,3,512.0,493.0,0.0,0.0,0.0,0.0,273
2023-05-09 21:13:05,CF401P15200,CF401P15200,512.0,0.0,0.0,0.0,33,497.0,505.0,13,512.0,493.0,0.0,0.0,0.0,0.0,273
2023-05-09 21:13:06,CF401P15200,CF401P15200,512.0,0.0,0.0,0.0,33,497.0,505.0,3,512.0,493.0,0.0,0.0,0.0,0.0,273
2023-05-09 21:13:07,CF401P15200,CF401P15200,512.0,0.0,0.0,0.0,23,497.0,505.0,13,512.0,493.0,0.0,0.0,0.0,0.0,273
2023-05-09 21:13:08,CF401P15200,CF401P15200,512.0,0.0,0.0,0.0,13,497.0,505.0,13,512.0,493.0,0.0,0.0,0.0,0.0,273
2023-05-09 21:13:13,CF401P15200,CF401P15200,512.0,0.0,0.0,0.0,23,497.0,505.0,13,512.0,493.0,0.0,0.0,0.0,0.0,273
2023-05-09 21:13:13,CF401P15200,CF401P15200,512.0,0.0,0.0,0.0,20,499.0,505.0,13,512.0,493.0,0.0,0.0,0.0,0.0,273
2023-05-09 21:13:16,CF401P15200,CF401P15200,512.0,0.0,0.0,0.0,10,499.0,505.0,13,512.0,493.0,0.0,0.0,0.0,0.0,273
2023-05-09 21:13:16,CF401P15200,CF401P15200,512.0,0.0,0.0,0.0,33,497.0,505.0,13,512.0,493.0,0.0,0.0,0.0,0.0,273
2023-05-09 21:13:18,CF401P15200,CF401P15200,512.0,0.0,0.0,0.0,23,497.0,505.0,13,512.0,493.0,0.0,0.0,0.0,0.0,273
2023-05-09 21:13:33,CF401P15200,CF401P15200,512.0,0.0,0.0,0.0,13,497.0,505.0,13,512.0,493.0,0.0,0.0,0.0,0.0,273
2023-05-09 21:13:33,CF401P15200,CF401P15200,512.0,0.0,0.0,0.0,3,497.0,505.0,13,512.0,493.0,0.0,0.0,0.0,0.0,273
2023-05-09 21:13:38,CF401P15200,CF401P15200,512.0,0.0,0.0,0.0,3,497.0,505.0,23,512.0,493.0,0.0,0.0,0.0,0.0,273
2023-05-09 21:13:54,CF401P15200,CF401P15200,512.0,0.0,0.0,0.0,3,497.0,505.0,13,512.0,493.0,0.0,0.0,0.0,0.0,273
2023-05-09 21:14:05,CF401P15200,CF401P15200,512.0,0.0,0.0,0.0,3,497.0,505.0,23,512.0,493.0,0.0,0.0,0.0,0.0,273
2023-05-09 21:14:09,CF401P15200,CF401P15200,512.0,0.0,0.0,0.0,3,497.0,505.0,33,512.0,493.0,0.0,0.0,0.0,0.0,273
2023-05-09 21:14:09,CF401P15200,CF401P15200,512.0,0.0,0.0,0.0,3,497.0,504.0,10,512.0,493.0,0.0,0.0,0.0,0.0,273
2023-05-09 21:14:11,CF401P15200,CF401P15200,512.0,0.0,0.0,0.0,3,497.0,504.0,30,512.0,493.0,0.0,0.0,0.0,0.0,273
2023-05-09 21:14:11,CF401P15200,CF401P15200,512.0,0.0,0.0,0.0,3,497.0,504.0,20,512.0,493.0,0.0,0.0,0.0,0.0,273
2023-05-09 21:14:13,CF401P15200,CF401P15200,512.0,0.0,0.0,0.0,3,497.0,504.0,10,512.0,493.0,0.0,0.0,0.0,0.0,273
2023-05-09 21:14:15,CF401P15200,CF401P15200,512.0,0.0,0.0,0.0,3,497.0,504.0,20,512.0,493.0,0.0,0.0,0.0,0.0,273
2023-05-09 21:14:16,CF401P15200,CF401P15200,512.0,0.0,0.0,0.0,20,496.0,502.0,3,512.0,493.0,0.0,0.0,0.0,0.0,273
2023-05-09 21:14:25,CF401P15200,CF401P15200,512.0,0.0,0.0,0.0,10,497.0,502.0,3,512.0,493.0,0.0,0.0,0.0,0.0,273
2023-05-09 21:14:26,CF401P15200,CF401P15200,512.0,0.0,0.0,0.0,20,497.0,502.0,3,512.0,493.0,0.0,0.0,0.0,0.0,273
2023-05-09 21:14:27,CF401P15200,CF401P15200,512.0,0.0,0.0,0.0,43,495.0,502.0,3,512.0,493.0,0.0,0.0,0.0,0.0,273
2023-05-09 21:14:28,CF401P15200,CF401P15200,512.0,0.0,0.0,0.0,33,495.0,502.0,3,512.0,493.0,0.0,0.0,0.0,0.0,273
2023-05-09 21:14:37,CF401P15200,CF401P15200,512.0,0.0,0.0,0.0,20,498.0,502.0,3,512.0,493.0,0.0,0.0,0.0,0.0,273
2023-05-09 21:14:38,CF401P15200,CF401P15200,512.0,0.0,0.0,0.0,20,498.0,504.0,20,512.0,493.0,0.0,0.0,0.0,0.0,273
2023-05-09 21:14:38,CF401P15200,CF401P15200,512.0,0.0,0.0,0.0,20,498.0,503.0,10,512.0,493.0,0.0,0.0,0.0,0.0,273
2023-05-09 21:14:39,CF401P15200,CF401P15200,512.0,0.0,0.0,0.0,20,498.0,505.0,3,512.0,493.0,0.0,0.0,0.0,0.0,273
2023-05-09 21:14:39,CF401P15200,CF401P15200,512.0,0.0,0.0,0.0,20,498.0,505.0,13,512.0,493.0,0.0,0.0,0.0,0.0,273
2023-05-09 21:14:40,CF401P15200,CF401P15200,512.0,0.0,0.0,0.0,20,498.0,505.0,3,512.0,493.0,0.0,0.0,0.0,0.0,273
2023-05-09 21:14:49,CF401P15200,CF401P15200,512.0,0.0,0.0,0.0,20,500.0,505.0,3,512.0,493.0,0.0,0.0,0.0,0.0,273
2023-05-09 21:14:51,CF401P15200,CF401P15200,512.0,0.0,0.0,0.0,20,498.0,505.0,3,512.0,493.0,0.0,0.0,0.0,0.0,273
2023-05-09 21:14:52,CF401P15200,CF401P15200,512.0,0.0,0.0,0.0,10,498.0,505.0,3,512.0,493.0,0.0,0.0,0.0,0.0,273
2023-05-09 21:14:53,CF401P15200,CF401P15200,512.0,0.0,0.0,0.0,3,497.0,504.0,10,512.0,493.0,0.0,0.0,0.0,0.0,273
2023-05-09 21:14:57,CF401P15200,CF401P15200,512.0,0.0,0.0,0.0,3,497.0,504.0,20,512.0,493.0,0.0,0.0,0.0,0.0,273
2023-05-09 21:14:59,CF401P15200,CF401P15200,512.0,0.0,0.0,0.0,3,497.0,505.0,3,512.0,493.0,0.0,0.0,0.0,0.0,273
2023-05-09 21:15:00,CF401P15200,CF401P15200,512.0,0.0,0.0,0.0,3,497.0,505.0,23,512.0,493.0,0.0,0.0,0.0,0.0,273
2023-05-09 21:15:01,CF401P15200,CF401P15200,512.0,0.0,0.0,0.0,3,497.0,505.0,13,512.0,493.0,0.0,0.0,0.0,0.0,273
2023-05-09 21:15:11,CF401P15200,CF401P15200,512.0,0.0,0.0,0.0,3,497.0,505.0,23,512.0,493.0,0.0,0.0,0.0,0.0,273
2023-05-09 21:15:13,CF401P15200,CF401P15200,512.0,0.0,0.0,0.0,3,497.0,505.0,33,512.0,493.0,0.0,0.0,0.0,0.0,273
2023-05-09 21:15:17,CF401P15200,CF401P15200,512.0,0.0,0.0,0.0,3,497.0,505.0,23,512.0,493.0,0.0,0.0,0.0,0.0,273
2023-05-09 21:15:23,CF401P15200,CF401P15200,512.0,0.0,0.0,0.0,3,497.0,505.0,33,512.0,493.0,0.0,0.0,0.0,0.0,273
2023-05-09 21:15:26,CF401P15200,CF401P15200,512.0,0.0,0.0,0.0,13,497.0,505.0,23,512.0,493.0,0.0,0.0,0.0,0.0,273
2023-05-09 21:15:28,CF401P15200,CF401P15200,512.0,0.0,0.0,0.0,3,497.0,505.0,23,512.0,493.0,0.0,0.0,0.0,0.0,273
2023-05-09 21:16:03,CF401P15200,CF401P15200,512.0,0.0,0.0,0.0,13,497.0,505.0,13,512.0,493.0,0.0,0.0,0.0,0.0,273
2023-05-09 21:16:04,CF401P15200,CF401P15200,512.0,0.0,0.0,0.0,23,497.0,505.0,13,512.0,493.0,0.0,0.0,0.0,0.0,273
2023-05-09 21:16:26,CF401P15200,CF401P15200,512.0,0.0,0.0,0.0,23,497.0,505.0,3,512.0,493.0,0.0,0.0,0.0,0.0,273
2023-05-09 21:16:26,CF401P15200,CF401P15200,512.0,0.0,0.0,0.0,3,499.0,505.0,3,512.0,493.0,0.0,0.0,0.0,0.0,273
2023-05-09 21:16:27,CF401P15200,CF401P15200,512.0,0.0,0.0,0.0,23,499.0,505.0,3,512.0,493.0,0.0,0.0,0.0,0.0,273
2023-05-09 21:16:27,CF401P15200,CF401P15200,512.0,0.0,0.0,0.0,13,499.0,505.0,13,512.0,493.0,0.0,0.0,0.0,0.0,273
2023-05-09 21:16:28,CF401P15200,CF401P15200,512.0,0.0,0.0,0.0,13,499.0,505.0,3,512.0,493.0,0.0,0.0,0.0,0.0,273
2023-05-09 21:16:29,CF401P15200,CF401P15200,512.0,0.0,0.0,0.0,13,499.0,504.0,10,512.0,493.0,0.0,0.0,0.0,0.0,273
2023-05-09 21:16:30,CF401P15200,CF401P15200,512.0,0.0,0.0,0.0,3,499.0,505.0,13,512.0,493.0,0.0,0.0,0.0,0.0,273
2023-05-09 21:16:31,CF401P15200,CF401P15200,512.0,0.0,0.0,0.0,3,499.0,505.0,23,512.0,493.0,0.0,0.0,0.0,0.0,273
2023-05-09 21:16:35,CF401P15200,CF401P15200,512.0,0.0,0.0,0.0,3,499.0,505.0,13,512.0,493.0,0.0,0.0,0.0,0.0,273
2023-05-09 21:16:35,CF401P15200,CF401P15200,512.0,0.0,0.0,0.0,3,499.0,504.0,10,512.0,493.0,0.0,0.0,0.0,0.0,273
2023-05-09 21:16:36,CF401P15200,CF401P15200,512.0,0.0,0.0,0.0,43,495.0,504.0,10,512.0,493.0,0.0,0.0,0.0,0.0,273
2023-05-09 21:16:38,CF401P15200,CF401P15200,512.0,0.0,0.0,0.0,33,495.0,504.0,10,512.0,493.0,0.0,0.0,0.0,0.0,273
2023-05-09 21:16:38,CF401P15200,CF401P15200,512.0,0.0,0.0,0.0,33,495.0,502.0,3,512.0,493.0,0.0,0.0,0.0,0.0,273
2023-05-09 21:16:41,CF401P15200,CF401P15200,512.0,0.0,0.0,0.0,30,495.0,502.0,3,512.0,493.0,0.0,0.0,0.0,0.0,273
2023-05-09 21:16:42,CF401P15200,CF401P15200,512.0,0.0,0.0,0.0,30,495.0,502.0,13,512.0,493.0,0.0,0.0,0.0,0.0,273
2023-05-09 21:16:43,CF401P15200,CF401P15200,512.0,0.0,0.0,0.0,20,495.0,502.0,13,512.0,493.0,0.0,0.0,0.0,0.0,273
2023-05-09 21:16:43,CF401P15200,CF401P15200,512.0,0.0,0.0,0.0,10,495.0,500.0,3,512.0,493.0,0.0,0.0,0.0,0.0,273
2023-05-09 21:16:44,CF401P15200,CF401P15200,512.0,0.0,0.0,0.0,33,493.0,500.0,3,512.0,493.0,0.0,0.0,0.0,0.0,273
2023-05-09 21:16:45,CF401P15200,CF401P15200,512.0,0.0,0.0,0.0,23,493.0,500.0,3,512.0,493.0,0.0,0.0,0.0,0.0,273
2023-05-09 21:16:46,CF401P15200,CF401P15200,512.0,0.0,0.0,0.0,23,493.0,500.0,13,512.0,493.0,0.0,0.0,0.0,0.0,273
2023-05-09 21:16:47,CF401P15200,CF401P15200,512.0,0.0,0.0,0.0,13,493.0,500.0,13,512.0,493.0,0.0,0.0,0.0,0.0,273
2023-05-09 21:16:47,CF401P15200,CF401P15200,512.0,0.0,0.0,0.0,13,493.0,500.0,23,512.0,493.0,0.0,0.0,0.0,0.0,273
2023-05-09 21:16:49,CF401P15200,CF401P15200,512.0,0.0,0.0,0.0,3,493.0,500.0,23,512.0,493.0,0.0,0.0,0.0,0.0,273
2023-05-09 21:16:50,CF401P15200,CF401P15200,512.0,0.0,0.0,0.0,3,493.0,499.0,10,512.0,493.0,0.0,0.0,0.0,0.0,273
2023-05-09 21:16:51,CF401P15200,CF401P15200,512.0,0.0,0.0,0.0,10,491.0,499.0,10,512.0,493.0,0.0,0.0,0.0,0.0,273
2023-05-09 21:16:52,CF401P15200,CF401P15200,512.0,0.0,0.0,0.0,10,491.0,499.0,20,512.0,493.0,0.0,0.0,0.0,0.0,273
2023-05-09 21:16:54,CF401P15200,CF401P15200,512.0,0.0,0.0,0.0,20,491.0,499.0,10,512.0,493.0,0.0,0.0,0.0,0.0,273
2023-05-09 21:16:56,CF401P15200,CF401P15200,512.0,0.0,0.0,0.0,10,491.0,498.0,10,512.0,493.0,0.0,0.0,0.0,0.0,273
2023-05-09 21:17:01,CF401P15200,CF401P15200,512.0,0.0,0.0,0.0,10,491.0,499.0,10,512.0,493.0,0.0,0.0,0.0,0.0,273
2023-05-09 21:17:02,CF401P15200,CF401P15200,512.0,0.0,0.0,0.0,23,491.0,499.0,10,512.0,493.0,0.0,0.0,0.0,0.0,273
2023-05-09 21:17:02,CF401P15200,CF401P15200,512.0,0.0,0.0,0.0,23,491.0,500.0,23,512.0,493.0,0.0,0.0,0.0,0.0,273
2023-05-09 21:17:03,CF401P15200,CF401P15200,512.0,0.0,0.0,0.0,43,491.0,500.0,23,512.0,493.0,0.0,0.0,0.0,0.0,273
2023-05-09 21:17:03,CF401P15200,CF401P15200,512.0,0.0,0.0,0.0,33,491.0,500.0,23,512.0,493.0,0.0,0.0,0.0,0.0,273
2023-05-09 21:17:05,CF401P15200,CF401P15200,512.0,0.0,0.0,0.0,10,492.0,500.0,3,512.0,493.0,0.0,0.0,0.0,0.0,273
2023-05-09 21:17:06,CF401P15200,CF401P15200,512.0,0.0,0.0,0.0,20,492.0,500.0,3,512.0,493.0,0.0,0.0,0.0,0.0,273
2023-05-09 21:17:10,CF401P15200,CF401P15200,512.0,0.0,0.0,0.0,10,492.0,500.0,3,512.0,493.0,0.0,0.0,0.0,0.0,273
2023-05-09 21:17:13,CF401P15200,CF401P15200,512.0,0.0,0.0,0.0,20,493.0,500.0,3,512.0,493.0,0.0,0.0,0.0,0.0,273
2023-05-09 21:17:19,CF401P15200,CF401P15200,512.0,0.0,0.0,0.0,10,493.0,500.0,3,512.0,493.0,0.0,0.0,0.0,0.0,273
2023-05-09 21:17:21,CF401P15200,CF401P15200,512.0,0.0,0.0,0.0,20,493.0,500.0,3,512.0,493.0,0.0,0.0,0.0,0.0,273
2023-05-09 21:17:22,CF401P15200,CF401P15200,512.0,0.0,0.0,0.0,10,493.0,500.0,3,512.0,493.0,0.0,0.0,0.0,0.0,273
2023-05-09 21:17:23,CF401P15200,CF401P15200,512.0,0.0,0.0,0.0,20,493.0,500.0,3,512.0,493.0,0.0,0.0,0.0,0.0,273
2023-05-09 21:17:31,CF401P15200,CF401P15200,512.0,0.0,0.0,0.0,10,493.0,500.0,3,512.0,493.0,0.0,0.0,0.0,0.0,273
2023-05-09 21:17:32,CF401P15200,CF401P15200,512.0,0.0,0.0,0.0,10,493.0,500.0,13,512.0,493.0,0.0,0.0,0.0,0.0,273
2023-05-09 21:17:36,CF401P15200,CF401P15200,512.0,0.0,0.0,0.0,10,493.0,500.0,23,512.0,493.0,0.0,0.0,0.0,0.0,273
2023-05-09 21:17:37,CF401P15200,CF401P15200,512.0,0.0,0.0,0.0,20,492.0,500.0,23,512.0,493.0,0.0,0.0,0.0,0.0,273
2023-05-09 21:17:37,CF401P15200,CF401P15200,512.0,0.0,0.0,0.0,20,492.0,500.0,33,512.0,493.0,0.0,0.0,0.0,0.0,273
2023-05-09 21:17:37,CF401P15200,CF401P15200,512.0,0.0,0.0,0.0,20,492.0,500.0,23,512.0,493.0,0.0,0.0,0.0,0.0,273
2023-05-09 21:17:37,CF401P15200,CF401P15200,512.0,0.0,0.0,0.0,20,492.0,500.0,33,512.0,493.0,0.0,0.0,0.0,0.0,273
2023-05-09 21:17:43,CF401P15200,CF401P15200,512.0,0.0,0.0,0.0,20,492.0,500.0,23,512.0,493.0,0.0,0.0,0.0,0.0,273
2023-05-09 21:17:43,CF401P15200,CF401P15200,512.0,0.0,0.0,0.0,10,492.0,500.0,23,512.0,493.0,0.0,0.0,0.0,0.0,273
2023-05-09 21:17:51,CF401P15200,CF401P15200,512.0,0.0,0.0,0.0,10,492.0,500.0,13,512.0,493.0,0.0,0.0,0.0,0.0,273
2023-05-09 21:17:54,CF401P15200,CF401P15200,512.0,0.0,0.0,0.0,3,493.0,500.0,3,512.0,493.0,0.0,0.0,0.0,0.0,273
2023-05-09 21:17:56,CF401P15200,CF401P15200,512.0,0.0,0.0,0.0,10,494.0,500.0,3,512.0,493.0,0.0,0.0,0.0,0.0,273
2023-05-09 21:17:56,CF401P15200,CF401P15200,512.0,0.0,0.0,0.0,3,493.0,500.0,3,512.0,493.0,0.0,0.0,0.0,0.0,273
2023-05-09 21:18:01,CF401P15200,CF401P15200,512.0,0.0,0.0,0.0,13,493.0,500.0,3,512.0,493.0,0.0,0.0,0.0,0.0,273
2023-05-09 21:18:03,CF401P15200,CF401P15200,512.0,0.0,0.0,0.0,3,493.0,500.0,3,512.0,493.0,0.0,0.0,0.0,0.0,273
2023-05-09 21:18:16,CF401P15200,CF401P15200,512.0,0.0,0.0,0.0,13,493.0,500.0,3,512.0,493.0,0.0,0.0,0.0,0.0,273
2023-05-09 21:18:37,CF401P15200,CF401P15200,512.0,0.0,0.0,0.0,10,493.0,500.0,3,512.0,493.0,0.0,0.0,0.0,0.0,273
2023-05-09 21:18:38,CF401P15200,CF401P15200,493.0,10.0,4930.0,0.0,10,491.0,498.0,3,512.0,493.0,493.0,493.0,10.0,4930.0,273
2023-05-09 21:18:38,CF401P15200,CF401P15200,493.0,0.0,0.0,0.0,13,489.0,498.0,3,512.0,493.0,493.0,493.0,10.0,4930.0,273
2023-05-09 21:18:39,CF401P15200,CF401P15200,493.0,0.0,0.0,0.0,23,489.0,498.0,3,512.0,493.0,493.0,493.0,10.0,4930.0,273
2023-05-09 21:18:39,CF401P15200,CF401P15200,493.0,0.0,0.0,0.0,13,489.0,498.0,3,512.0,493.0,493.0,493.0,10.0,4930.0,273
2023-05-09 21:18:40,CF401P15200,CF401P15200,493.0,0.0,0.0,0.0,23,489.0,498.0,3,512.0,493.0,493.0,493.0,10.0,4930.0,273
2023-05-09 21:18:43,CF401P15200,CF401P15200,493.0,0.0,0.0,0.0,23,489.0,497.0,10,512.0,493.0,493.0,493.0,10.0,4930.0,273
2023-05-09 21:18:46,CF401P15200,CF401P15200,493.0,0.0,0.0,0.0,33,489.0,497.0,10,512.0,493.0,493.0,493.0,10.0,4930.0,273
2023-05-09 21:18:59,CF401P15200,CF401P15200,493.0,0.0,0.0,0.0,33,489.0,496.0,5,512.0,493.0,493.0,493.0,10.0,4930.0,273
2023-05-09 21:18:59,CF401P15200,CF401P15200,493.0,0.0,0.0,0.0,3,489.0,496.0,5,512.0,493.0,493.0,493.0,10.0,4930.0,273
2023-05-09 21:19:02,CF401P15200,CF401P15200,493.0,0.0,0.0,0.0,13,489.0,496.0,5,512.0,493.0,493.0,493.0,10.0,4930.0,273
2023-05-09 21:19:03,CF401P15200,CF401P15200,493.0,0.0,0.0,0.0,33,489.0,498.0,13,512.0,493.0,493.0,493.0,10.0,4930.0,273
2023-05-09 21:19:03,CF401P15200,CF401P15200,493.0,0.0,0.0,0.0,10,492.0,498.0,13,512.0,493.0,493.0,493.0,10.0,4930.0,273
2023-05-09 21:19:04,CF401P15200,CF401P15200,493.0,0.0,0.0,0.0,20,492.0,498.0,3,512.0,493.0,493.0,493.0,10.0,4930.0,273
2023-05-09 21:19:04,CF401P15200,CF401P15200,493.0,0.0,0.0,0.0,10,492.0,498.0,3,512.0,493.0,493.0,493.0,10.0,4930.0,273
2023-05-09 21:19:05,CF401P15200,CF401P15200,493.0,0.0,0.0,0.0,20,492.0,498.0,3,512.0,493.0,493.0,493.0,10.0,4930.0,273
2023-05-09 21:19:43,CF401P15200,CF401P15200,493.0,0.0,0.0,0.0,10,492.0,498.0,3,512.0,493.0,493.0,493.0,10.0,4930.0,273
2023-05-09 21:19:45,CF401P15200,CF401P15200,493.0,0.0,0.0,0.0,30,491.0,498.0,3,512.0,493.0,493.0,493.0,10.0,4930.0,273
2023-05-09 21:19:46,CF401P15200,CF401P15200,493.0,0.0,0.0,0.0,20,491.0,498.0,3,512.0,493.0,493.0,493.0,10.0,4930.0,273
2023-05-09 21:20:04,CF401P15200,CF401P15200,493.0,0.0,0.0,0.0,10,491.0,497.0,10,512.0,493.0,493.0,493.0,10.0,4930.0,273
2023-05-09 21:20:04,CF401P15200,CF401P15200,493.0,0.0,0.0,0.0,3,489.0,497.0,10,512.0,493.0,493.0,493.0,10.0,4930.0,273
2023-05-09 21:20:05,CF401P15200,CF401P15200,493.0,0.0,0.0,0.0,23,489.0,497.0,20,512.0,493.0,493.0,493.0,10.0,4930.0,273
2023-05-09 21:20:06,CF401P15200,CF401P15200,493.0,0.0,0.0,0.0,10,489.0,497.0,20,512.0,493.0,493.0,493.0,10.0,4930.0,273
2023-05-09 21:20:06,CF401P15200,CF401P15200,493.0,0.0,0.0,0.0,10,486.0,494.0,10,512.0,493.0,493.0,493.0,10.0,4930.0,273
2023-05-09 21:20:06,CF401P15200,CF401P15200,493.0,0.0,0.0,0.0,20,485.0,494.0,20,512.0,493.0,493.0,493.0,10.0,4930.0,273
2023-05-09 21:20:08,CF401P15200,CF401P15200,493.0,0.0,0.0,0.0,10,485.0,492.0,10,512.0,493.0,493.0,493.0,10.0,4930.0,273
2023-05-09 21:20:09,CF401P15200,CF401P15200,493.0,0.0,0.0,0.0,5,483.0,492.0,10,512.0,493.0,493.0,493.0,10.0,4930.0,273
2023-05-09 21:20:09,CF401P15200,CF401P15200,493.0,0.0,0.0,0.0,5,483.0,492.0,20,512.0,493.0,493.0,493.0,10.0,4930.0,273
2023-05-09 21:20:09,CF401P15200,CF401P15200,493.0,0.0,0.0,0.0,5,483.0,492.0,10,512.0,493.0,493.0,493.0,10.0,4930.0,273
2023-05-09 21:20:10,CF401P15200,CF401P15200,493.0,0.0,0.0,0.0,5,483.0,492.0,30,512.0,493.0,493.0,493.0,10.0,4930.0,273
2023-05-09 21:20:11,CF401P15200,CF401P15200,493.0,0.0,0.0,0.0,5,483.0,491.0,5,512.0,493.0,493.0,493.0,10.0,4930.0,273
2023-05-09 21:20:31,CF401P15200,CF401P15200,493.0,0.0,0.0,0.0,5,483.0,491.0,15,512.0,493.0,493.0,493.0,10.0,4930.0,273
2023-05-09 21:20:34,CF401P15200,CF401P15200,493.0,0.0,0.0,0.0,5,483.0,491.0,25,512.0,493.0,493.0,493.0,10.0,4930.0,273
2023-05-09 21:20:35,CF401P15200,CF401P15200,493.0,0.0,0.0,0.0,5,483.0,489.0,10,512.0,493.0,493.0,493.0,10.0,4930.0,273
2023-05-09 21:20:37,CF401P15200,CF401P15200,493.0,0.0,0.0,0.0,5,483.0,489.0,20,512.0,493.0,493.0,493.0,10.0,4930.0,273
2023-05-09 21:20:43,CF401P15200,CF401P15200,493.0,0.0,0.0,0.0,5,483.0,489.0,10,512.0,493.0,493.0,493.0,10.0,4930.0,273
2023-05-09 21:20:44,CF401P15200,CF401P15200,493.0,0.0,0.0,0.0,20,480.0,488.0,5,512.0,493.0,493.0,493.0,10.0,4930.0,273
2023-05-09 21:20:53,CF401P15200,CF401P15200,493.0,0.0,0.0,0.0,5,481.0,488.0,5,512.0,493.0,493.0,493.0,10.0,4930.0,273
2023-05-09 21:20:55,CF401P15200,CF401P15200,493.0,0.0,0.0,0.0,15,481.0,488.0,5,512.0,493.0,493.0,493.0,10.0,4930.0,273
2023-05-09 21:20:57,CF401P15200,CF401P15200,493.0,0.0,0.0,0.0,25,481.0,488.0,5,512.0,493.0,493.0,493.0,10.0,4930.0,273
2023-05-09 21:20:58,CF401P15200,CF401P15200,493.0,0.0,0.0,0.0,35,481.0,488.0,5,512.0,493.0,493.0,493.0,10.0,4930.0,273
2023-05-09 21:21:00,CF401P15200,CF401P15200,493.0,0.0,0.0,0.0,10,482.0,488.0,5,512.0,493.0,493.0,493.0,10.0,4930.0,273
2023-05-09 21:21:03,CF401P15200,CF401P15200,493.0,0.0,0.0,0.0,20,482.0,491.0,25,512.0,493.0,493.0,493.0,10.0,4930.0,273
2023-05-09 21:21:05,CF401P15200,CF401P15200,493.0,0.0,0.0,0.0,5,484.0,491.0,25,512.0,493.0,493.0,493.0,10.0,4930.0,273
2023-05-09 21:21:05,CF401P15200,CF401P15200,493.0,0.0,0.0,0.0,5,484.0,491.0,15,512.0,493.0,493.0,493.0,10.0,4930.0,273
2023-05-09 21:21:05,CF401P15200,CF401P15200,493.0,0.0,0.0,0.0,5,484.0,491.0,5,512.0,493.0,493.0,493.0,10.0,4930.0,273
2023-05-09 21:21:05,CF401P15200,CF401P15200,493.0,0.0,0.0,0.0,5,484.0,491.0,15,512.0,493.0,493.0,493.0,10.0,4930.0,273
2023-05-09 21:21:05,CF401P15200,CF401P15200,493.0,0.0,0.0,0.0,5,484.0,491.0,5,512.0,493.0,493.0,493.0,10.0,4930.0,273
2023-05-09 21:21:26,CF401P15200,CF401P15200,493.0,0.0,0.0,0.0,35,481.0,491.0,5,512.0,493.0,493.0,493.0,10.0,4930.0,273
2023-05-09 21:21:27,CF401P15200,CF401P15200,493.0,0.0,0.0,0.0,15,481.0,491.0,35,512.0,493.0,493.0,493.0,10.0,4930.0,273
2023-05-09 21:21:27,CF401P15200,CF401P15200,493.0,0.0,0.0,0.0,15,481.0,489.0,10,512.0,493.0,493.0,493.0,10.0,4930.0,273
2023-05-09 21:21:28,CF401P15200,CF401P15200,493.0,0.0,0.0,0.0,5,481.0,489.0,20,512.0,493.0,493.0,493.0,10.0,4930.0,273
2023-05-09 21:21:30,CF401P15200,CF401P15200,493.0,0.0,0.0,0.0,5,481.0,489.0,10,512.0,493.0,493.0,493.0,10.0,4930.0,273
2023-05-09 21:21:32,CF401P15200,CF401P15200,493.0,0.0,0.0,0.0,5,481.0,489.0,15,512.0,493.0,493.0,493.0,10.0,4930.0,273
2023-05-09 21:21:32,CF401P15200,CF401P15200,493.0,0.0,0.0,0.0,5,481.0,489.0,25,512.0,493.0,493.0,493.0,10.0,4930.0,273
2023-05-09 21:21:33,CF401P15200,CF401P15200,493.0,0.0,0.0,0.0,5,481.0,489.0,45,512.0,493.0,493.0,493.0,10.0,4930.0,273
2023-05-09 21:21:35,CF401P15200,CF401P15200,493.0,0.0,0.0,0.0,10,479.0,487.0,10,512.0,493.0,493.0,493.0,10.0,4930.0,273
2023-05-09 21:21:36,CF401P15200,CF401P15200,493.0,0.0,0.0,0.0,15,478.0,487.0,10,512.0,493.0,493.0,493.0,10.0,4930.0,273
2023-05-09 21:21:36,CF401P15200,CF401P15200,493.0,0.0,0.0,0.0,25,478.0,487.0,10,512.0,493.0,493.0,493.0,10.0,4930.0,273
2023-05-09 21:21:37,CF401P15200,CF401P15200,493.0,0.0,0.0,0.0,25,478.0,487.0,20,512.0,493.0,493.0,493.0,10.0,4930.0,273
2023-05-09 21:21:40,CF401P15200,CF401P15200,493.0,0.0,0.0,0.0,25,478.0,487.0,25,512.0,493.0,493.0,493.0,10.0,4930.0,273
2023-05-09 21:21:41,CF401P15200,CF401P15200,493.0,0.0,0.0,0.0,25,478.0,487.0,35,512.0,493.0,493.0,493.0,10.0,4930.0,273
2023-05-09 21:21:42,CF401P15200,CF401P15200,493.0,0.0,0.0,0.0,25,478.0,487.0,45,512.0,493.0,493.0,493.0,10.0,4930.0,273
2023-05-09 21:21:42,CF401P15200,CF401P15200,493.0,0.0,0.0,0.0,15,478.0,487.0,25,512.0,493.0,493.0,493.0,10.0,4930.0,273
2023-05-09 21:21:43,CF401P15200,CF401P15200,493.0,0.0,0.0,0.0,35,478.0,487.0,25,512.0,493.0,493.0,493.0,10.0,4930.0,273
2023-05-09 21:21:45,CF401P15200,CF401P15200,493.0,0.0,0.0,0.0,35,478.0,487.0,35,512.0,493.0,493.0,493.0,10.0,4930.0,273
2023-05-09 21:21:51,CF401P15200,CF401P15200,493.0,0.0,0.0,0.0,35,478.0,487.0,25,512.0,493.0,493.0,493.0,10.0,4930.0,273
2023-05-09 21:21:54,CF401P15200,CF401P15200,493.0,0.0,0.0,0.0,35,478.0,487.0,15,512.0,493.0,493.0,493.0,10.0,4930.0,273
2023-05-09 21:22:17,CF401P15200,CF401P15200,493.0,0.0,0.0,0.0,5,480.0,487.0,15,512.0,493.0,493.0,493.0,10.0,4930.0,273
2023-05-09 21:22:25,CF401P15200,CF401P15200,493.0,0.0,0.0,0.0,5,480.0,487.0,25,512.0,493.0,493.0,493.0,10.0,4930.0,273
2023-05-09 21:22:26,CF401P15200,CF401P15200,493.0,0.0,0.0,0.0,5,480.0,487.0,45,512.0,493.0,493.0,493.0,10.0,4930.0,273
2023-05-09 21:22:28,CF401P15200,CF401P15200,493.0,0.0,0.0,0.0,5,480.0,487.0,35,512.0,493.0,493.0,493.0,10.0,4930.0,273
2023-05-09 21:22:31,CF401P15200,CF401P15200,493.0,0.0,0.0,0.0,5,480.0,487.0,25,512.0,493.0,493.0,493.0,10.0,4930.0,273
2023-05-09 21:22:33,CF401P15200,CF401P15200,493.0,0.0,0.0,0.0,5,480.0,487.0,15,512.0,493.0,493.0,493.0,10.0,4930.0,273
2023-05-09 21:22:34,CF401P15200,CF401P15200,493.0,0.0,0.0,0.0,15,480.0,487.0,5,512.0,493.0,493.0,493.0,10.0,4930.0,273
2023-05-09 21:22:35,CF401P15200,CF401P15200,493.0,0.0,0.0,0.0,5,480.0,487.0,5,512.0,493.0,493.0,493.0,10.0,4930.0,273
2023-05-09 21:22:36,CF401P15200,CF401P15200,493.0,0.0,0.0,0.0,5,480.0,489.0,35,512.0,493.0,493.0,493.0,10.0,4930.0,273
2023-05-09 21:22:36,CF401P15200,CF401P15200,493.0,0.0,0.0,0.0,5,480.0,489.0,45,512.0,493.0,493.0,493.0,10.0,4930.0,273
2023-05-09 21:22:52,CF401P15200,CF401P15200,493.0,0.0,0.0,0.0,5,480.0,487.0,10,512.0,493.0,493.0,493.0,10.0,4930.0,273
2023-05-09 21:22:56,CF401P15200,CF401P15200,493.0,0.0,0.0,0.0,5,480.0,486.0,5,512.0,493.0,493.0,493.0,10.0,4930.0,273
2023-05-09 21:23:02,CF401P15200,CF401P15200,493.0,0.0,0.0,0.0,5,480.0,488.0,10,512.0,493.0,493.0,493.0,10.0,4930.0,273
2023-05-09 21:23:03,CF401P15200,CF401P15200,493.0,0.0,0.0,0.0,15,480.0,489.0,5,512.0,493.0,493.0,493.0,10.0,4930.0,273
2023-05-09 21:23:03,CF401P15200,CF401P15200,493.0,0.0,0.0,0.0,25,480.0,489.0,5,512.0,493.0,493.0,493.0,10.0,4930.0,273
2023-05-09 21:23:04,CF401P15200,CF401P15200,493.0,0.0,0.0,0.0,5,482.0,489.0,5,512.0,493.0,493.0,493.0,10.0,4930.0,273
2023-05-09 21:23:22,CF401P15200,CF401P15200,493.0,0.0,0.0,0.0,5,482.0,491.0,5,512.0,493.0,493.0,493.0,10.0,4930.0,273
2023-05-09 21:23:33,CF401P15200,CF401P15200,493.0,0.0,0.0,0.0,5,484.0,491.0,5,512.0,493.0,493.0,493.0,10.0,4930.0,273
2023-05-09 21:24:18,CF401P15200,CF401P15200,493.0,0.0,0.0,0.0,5,484.0,493.0,10,512.0,493.0,493.0,493.0,10.0,4930.0,273
2023-05-09 21:24:20,CF401P15200,CF401P15200,493.0,0.0,0.0,0.0,5,484.0,494.0,30,512.0,493.0,493.0,493.0,10.0,4930.0,273
2023-05-09 21:24:21,CF401P15200,CF401P15200,493.0,0.0,0.0,0.0,5,484.0,494.0,20,512.0,493.0,493.0,493.0,10.0,4930.0,273
2023-05-09 21:24:22,CF401P15200,CF401P15200,493.0,0.0,0.0,0.0,15,484.0,494.0,10,512.0,493.0,493.0,493.0,10.0,4930.0,273
2023-05-09 21:24:32,CF401P15200,CF401P15200,493.0,0.0,0.0,0.0,5,487.0,494.0,10,512.0,493.0,493.0,493.0,10.0,4930.0,273
2023-05-09 21:24:32,CF401P15200,CF401P15200,493.0,0.0,0.0,0.0,5,487.0,495.0,20,512.0,493.0,493.0,493.0,10.0,4930.0,273
2023-05-09 21:24:34,CF401P15200,CF401P15200,493.0,0.0,0.0,0.0,5,487.0,495.0,30,512.0,493.0,493.0,493.0,10.0,4930.0,273
2023-05-09 21:24:36,CF401P15200,CF401P15200,493.0,0.0,0.0,0.0,5,487.0,495.0,20,512.0,493.0,493.0,493.0,10.0,4930.0,273
2023-05-09 21:24:38,CF401P15200,CF401P15200,493.0,0.0,0.0,0.0,5,487.0,495.0,10,512.0,493.0,493.0,493.0,10.0,4930.0,273
2023-05-09 21:24:40,CF401P15200,CF401P15200,493.0,0.0,0.0,0.0,5,487.0,495.0,20,512.0,493.0,493.0,493.0,10.0,4930.0,273
2023-05-09 21:24:41,CF401P15200,CF401P15200,493.0,0.0,0.0,0.0,5,487.0,495.0,10,512.0,493.0,493.0,493.0,10.0,4930.0,273
2023-05-09 21:24:47,CF401P15200,CF401P15200,493.0,0.0,0.0,0.0,5,487.0,496.0,25,512.0,493.0,493.0,493.0,10.0,4930.0,273
2023-05-09 21:24:48,CF401P15200,CF401P15200,493.0,0.0,0.0,0.0,5,487.0,496.0,15,512.0,493.0,493.0,493.0,10.0,4930.0,273
2023-05-09 21:24:52,CF401P15200,CF401P15200,493.0,0.0,0.0,0.0,5,487.0,496.0,5,512.0,493.0,493.0,493.0,10.0,4930.0,273
2023-05-09 21:25:07,CF401P15200,CF401P15200,493.0,0.0,0.0,0.0,15,487.0,497.0,30,512.0,493.0,493.0,493.0,10.0,4930.0,273
2023-05-09 21:25:07,CF401P15200,CF401P15200,493.0,0.0,0.0,0.0,20,489.0,497.0,30,512.0,493.0,493.0,493.0,10.0,4930.0,273
2023-05-09 21:25:08,CF401P15200,CF401P15200,493.0,0.0,0.0,0.0,20,489.0,497.0,20,512.0,493.0,493.0,493.0,10.0,4930.0,273
2023-05-09 21:25:08,CF401P15200,CF401P15200,493.0,0.0,0.0,0.0,5,490.0,497.0,20,512.0,493.0,493.0,493.0,10.0,4930.0,273
2023-05-09 21:25:09,CF401P15200,CF401P15200,493.0,0.0,0.0,0.0,5,490.0,497.0,10,512.0,493.0,493.0,493.0,10.0,4930.0,273
2023-05-09 21:25:10,CF401P15200,CF401P15200,493.0,0.0,0.0,0.0,5,490.0,498.0,33,512.0,493.0,493.0,493.0,10.0,4930.0,273
2023-05-09 21:25:11,CF401P15200,CF401P15200,493.0,0.0,0.0,0.0,5,490.0,498.0,23,512.0,493.0,493.0,493.0,10.0,4930.0,273
2023-05-09 21:25:21,CF401P15200,CF401P15200,493.0,0.0,0.0,0.0,5,490.0,498.0,33,512.0,493.0,493.0,493.0,10.0,4930.0,273
2023-05-09 21:25:22,CF401P15200,CF401P15200,493.0,0.0,0.0,0.0,5,490.0,498.0,23,512.0,493.0,493.0,493.0,10.0,4930.0,273
2023-05-09 21:25:32,CF401P15200,CF401P15200,493.0,0.0,0.0,0.0,5,490.0,498.0,13,512.0,493.0,493.0,493.0,10.0,4930.0,273
2023-05-09 21:25:32,CF401P15200,CF401P15200,493.0,0.0,0.0,0.0,5,490.0,498.0,3,512.0,493.0,493.0,493.0,10.0,4930.0,273
2023-05-09 21:25:45,CF401P15200,CF401P15200,493.0,0.0,0.0,0.0,15,490.0,498.0,3,512.0,493.0,493.0,493.0,10.0,4930.0,273
2023-05-09 21:25:52,CF401P15200,CF401P15200,493.0,0.0,0.0,0.0,10,492.0,498.0,3,512.0,493.0,493.0,493.0,10.0,4930.0,273
2023-05-09 21:25:57,CF401P15200,CF401P15200,493.0,0.0,0.0,0.0,20,492.0,498.0,3,512.0,493.0,493.0,493.0,10.0,4930.0,273
2023-05-09 21:25:58,CF401P15200,CF401P15200,493.0,0.0,0.0,0.0,10,492.0,498.0,3,512.0,493.0,493.0,493.0,10.0,4930.0,273
2023-05-09 21:26:05,CF401P15200,CF401P15200,493.0,0.0,0.0,0.0,35,490.0,498.0,3,512.0,493.0,493.0,493.0,10.0,4930.0,273
2023-05-09 21:26:06,CF401P15200,CF401P15200,493.0,0.0,0.0,0.0,35,490.0,498.0,13,512.0,493.0,493.0,493.0,10.0,4930.0,273
2023-05-09 21:26:06,CF401P15200,CF401P15200,493.0,0.0,0.0,0.0,25,490.0,498.0,13,512.0,493.0,493.0,493.0,10.0,4930.0,273
2023-05-09 21:26:19,CF401P15200,CF401P15200,493.0,0.0,0.0,0.0,10,491.0,498.0,13,512.0,493.0,493.0,493.0,10.0,4930.0,273
2023-05-09 21:26:25,CF401P15200,CF401P15200,493.0,0.0,0.0,0.0,10,491.0,498.0,3,512.0,493.0,493.0,493.0,10.0,4930.0,273
2023-05-09 21:26:30,CF401P15200,CF401P15200,493.0,0.0,0.0,0.0,20,491.0,498.0,3,512.0,493.0,493.0,493.0,10.0,4930.0,273
2023-05-09 21:26:33,CF401P15200,CF401P15200,493.0,0.0,0.0,0.0,10,491.0,498.0,13,512.0,493.0,493.0,493.0,10.0,4930.0,273
2023-05-09 21:26:42,CF401P15200,CF401P15200,493.0,0.0,0.0,0.0,10,491.0,498.0,3,512.0,493.0,493.0,493.0,10.0,4930.0,273
2023-05-09 21:26:45,CF401P15200,CF401P15200,493.0,0.0,0.0,0.0,20,491.0,498.0,3,512.0,493.0,493.0,493.0,10.0,4930.0,273
2023-05-09 21:26:54,CF401P15200,CF401P15200,493.0,0.0,0.0,0.0,10,492.0,498.0,3,512.0,493.0,493.0,493.0,10.0,4930.0,273
2023-05-09 21:26:54,CF401P15200,CF401P15200,493.0,0.0,0.0,0.0,20,491.0,498.0,3,512.0,493.0,493.0,493.0,10.0,4930.0,273
2023-05-09 21:27:01,CF401P15200,CF401P15200,493.0,0.0,0.0,0.0,30,491.0,498.0,3,512.0,493.0,493.0,493.0,10.0,4930.0,273
2023-05-09 21:27:09,CF401P15200,CF401P15200,493.0,0.0,0.0,0.0,20,491.0,498.0,3,512.0,493.0,493.0,493.0,10.0,4930.0,273
2023-05-09 21:27:10,CF401P15200,CF401P15200,493.0,0.0,0.0,0.0,45,490.0,498.0,3,512.0,493.0,493.0,493.0,10.0,4930.0,273
2023-05-09 21:27:11,CF401P15200,CF401P15200,493.0,0.0,0.0,0.0,10,492.0,498.0,3,512.0,493.0,493.0,493.0,10.0,4930.0,273
2023-05-09 21:27:11,CF401P15200,CF401P15200,493.0,0.0,0.0,0.0,20,492.0,498.0,3,512.0,493.0,493.0,493.0,10.0,4930.0,273
2023-05-09 21:27:14,CF401P15200,CF401P15200,493.0,0.0,0.0,0.0,10,492.0,498.0,3,512.0,493.0,493.0,493.0,10.0,4930.0,273
2023-05-09 21:27:14,CF401P15200,CF401P15200,493.0,0.0,0.0,0.0,55,490.0,498.0,3,512.0,493.0,493.0,493.0,10.0,4930.0,273
2023-05-09 21:27:15,CF401P15200,CF401P15200,493.0,0.0,0.0,0.0,45,490.0,498.0,3,512.0,493.0,493.0,493.0,10.0,4930.0,273
2023-05-09 21:27:16,CF401P15200,CF401P15200,493.0,0.0,0.0,0.0,35,490.0,498.0,3,512.0,493.0,493.0,493.0,10.0,4930.0,273
2023-05-09 21:27:31,CF401P15200,CF401P15200,493.0,0.0,0.0,0.0,45,490.0,498.0,3,512.0,493.0,493.0,493.0,10.0,4930.0,273
2023-05-09 21:27:35,CF401P15200,CF401P15200,493.0,0.0,0.0,0.0,35,490.0,498.0,3,512.0,493.0,493.0,493.0,10.0,4930.0,273
2023-05-09 21:28:00,CF401P15200,CF401P15200,493.0,0.0,0.0,0.0,10,493.0,498.0,3,512.0,493.0,493.0,493.0,10.0,4930.0,273
2023-05-09 21:28:01,CF401P15200,CF401P15200,493.0,0.0,0.0,0.0,20,493.0,498.0,3,512.0,493.0,493.0,493.0,10.0,4930.0,273
2023-05-09 21:28:03,CF401P15200,CF401P15200,493.0,0.0,0.0,0.0,30,493.0,498.0,3,512.0,493.0,493.0,493.0,10.0,4930.0,273
2023-05-09 21:28:04,CF401P15200,CF401P15200,493.0,0.0,0.0,0.0,20,493.0,498.0,3,512.0,493.0,493.0,493.0,10.0,4930.0,273
2023-05-09 21:28:19,CF401P15200,CF401P15200,493.0,0.0,0.0,0.0,30,493.0,498.0,3,512.0,493.0,493.0,493.0,10.0,4930.0,273
2023-05-09 21:28:20,CF401P15200,CF401P15200,493.0,0.0,0.0,0.0,20,493.0,498.0,3,512.0,493.0,493.0,493.0,10.0,4930.0,273
2023-05-09 21:28:22,CF401P15200,CF401P15200,493.0,0.0,0.0,0.0,10,493.0,498.0,3,512.0,493.0,493.0,493.0,10.0,4930.0,273
2023-05-09 21:28:23,CF401P15200,CF401P15200,493.0,0.0,0.0,0.0,30,492.0,498.0,3,512.0,493.0,493.0,493.0,10.0,4930.0,273
2023-05-09 21:28:27,CF401P15200,CF401P15200,493.0,0.0,0.0,0.0,20,492.0,498.0,3,512.0,493.0,493.0,493.0,10.0,4930.0,273
2023-05-09 21:28:35,CF401P15200,CF401P15200,493.0,0.0,0.0,0.0,10,492.0,498.0,3,512.0,493.0,493.0,493.0,10.0,4930.0,273
2023-05-09 21:28:36,CF401P15200,CF401P15200,493.0,0.0,0.0,0.0,30,490.0,498.0,3,512.0,493.0,493.0,493.0,10.0,4930.0,273
2023-05-09 21:28:36,CF401P15200,CF401P15200,493.0,0.0,0.0,0.0,40,490.0,498.0,3,512.0,493.0,493.0,493.0,10.0,4930.0,273
2023-05-09 21:28:37,CF401P15200,CF401P15200,493.0,0.0,0.0,0.0,30,490.0,498.0,3,512.0,493.0,493.0,493.0,10.0,4930.0,273
2023-05-09 21:28:50,CF401P15200,CF401P15200,493.0,0.0,0.0,0.0,20,490.0,498.0,3,512.0,493.0,493.0,493.0,10.0,4930.0,273
2023-05-09 21:28:54,CF401P15200,CF401P15200,493.0,0.0,0.0,0.0,30,490.0,498.0,3,512.0,493.0,493.0,493.0,10.0,4930.0,273
2023-05-09 21:28:59,CF401P15200,CF401P15200,493.0,0.0,0.0,0.0,20,490.0,498.0,13,512.0,493.0,493.0,493.0,10.0,4930.0,273
2023-05-09 21:28:59,CF401P15200,CF401P15200,493.0,0.0,0.0,0.0,20,490.0,498.0,23,512.0,493.0,493.0,493.0,10.0,4930.0,273
2023-05-09 21:29:01,CF401P15200,CF401P15200,493.0,0.0,0.0,0.0,20,490.0,498.0,13,512.0,493.0,493.0,493.0,10.0,4930.0,273
2023-05-09 21:29:07,CF401P15200,CF401P15200,493.0,0.0,0.0,0.0,20,492.0,498.0,13,512.0,493.0,493.0,493.0,10.0,4930.0,273
2023-05-09 21:29:08,CF401P15200,CF401P15200,493.0,0.0,0.0,0.0,20,492.0,498.0,3,512.0,493.0,493.0,493.0,10.0,4930.0,273
2023-05-09 21:29:09,CF401P15200,CF401P15200,493.0,0.0,0.0,0.0,10,492.0,498.0,3,512.0,493.0,493.0,493.0,10.0,4930.0,273
2023-05-09 21:29:10,CF401P15200,CF401P15200,493.0,0.0,0.0,0.0,20,492.0,498.0,3,512.0,493.0,493.0,493.0,10.0,4930.0,273
2023-05-09 21:29:18,CF401P15200,CF401P15200,493.0,0.0,0.0,0.0,13,490.0,498.0,3,512.0,493.0,493.0,493.0,10.0,4930.0,273
2023-05-09 21:29:18,CF401P15200,CF401P15200,493.0,0.0,0.0,0.0,23,490.0,498.0,3,512.0,493.0,493.0,493.0,10.0,4930.0,273
2023-05-09 21:29:22,CF401P15200,CF401P15200,493.0,0.0,0.0,0.0,13,490.0,498.0,3,512.0,493.0,493.0,493.0,10.0,4930.0,273
2023-05-09 21:29:23,CF401P15200,CF401P15200,493.0,0.0,0.0,0.0,23,490.0,498.0,3,512.0,493.0,493.0,493.0,10.0,4930.0,273
2023-05-09 21:29:26,CF401P15200,CF401P15200,493.0,0.0,0.0,0.0,13,490.0,498.0,3,512.0,493.0,493.0,493.0,10.0,4930.0,273
2023-05-09 21:29:27,CF401P15200,CF401P15200,493.0,0.0,0.0,0.0,23,490.0,498.0,3,512.0,493.0,493.0,493.0,10.0,4930.0,273
2023-05-09 21:29:29,CF401P15200,CF401P15200,493.0,0.0,0.0,0.0,33,490.0,498.0,3,512.0,493.0,493.0,493.0,10.0,4930.0,273
2023-05-09 21:29:29,CF401P15200,CF401P15200,493.0,0.0,0.0,0.0,23,490.0,498.0,3,512.0,493.0,493.0,493.0,10.0,4930.0,273
2023-05-09 21:29:30,CF401P15200,CF401P15200,493.0,0.0,0.0,0.0,10,492.0,498.0,3,512.0,493.0,493.0,493.0,10.0,4930.0,273
2023-05-09 21:29:32,CF401P15200,CF401P15200,493.0,0.0,0.0,0.0,20,492.0,498.0,3,512.0,493.0,493.0,493.0,10.0,4930.0,273
2023-05-09 21:29:36,CF401P15200,CF401P15200,493.0,0.0,0.0,0.0,10,491.0,498.0,3,512.0,493.0,493.0,493.0,10.0,4930.0,273
2023-05-09 21:29:36,CF401P15200,CF401P15200,493.0,0.0,0.0,0.0,20,491.0,498.0,3,512.0,493.0,493.0,493.0,10.0,4930.0,273
2023-05-09 21:29:40,CF401P15200,CF401P15200,493.0,0.0,0.0,0.0,10,491.0,498.0,3,512.0,493.0,493.0,493.0,10.0,4930.0,273
2023-05-09 21:29:40,CF401P15200,CF401P15200,493.0,0.0,0.0,0.0,3,490.0,498.0,3,512.0,493.0,493.0,493.0,10.0,4930.0,273
2023-05-09 21:29:40,CF401P15200,CF401P15200,493.0,0.0,0.0,0.0,13,490.0,498.0,3,512.0,493.0,493.0,493.0,10.0,4930.0,273
2023-05-09 21:29:42,CF401P15200,CF401P15200,493.0,0.0,0.0,0.0,3,490.0,498.0,3,512.0,493.0,493.0,493.0,10.0,4930.0,273
2023-05-09 21:29:44,CF401P15200,CF401P15200,493.0,0.0,0.0,0.0,3,490.0,498.0,13,512.0,493.0,493.0,493.0,10.0,4930.0,273
2023-05-09 21:29:46,CF401P15200,CF401P15200,493.0,0.0,0.0,0.0,3,490.0,498.0,3,512.0,493.0,493.0,493.0,10.0,4930.0,273
2023-05-09 21:29:49,CF401P15200,CF401P15200,493.0,0.0,0.0,0.0,3,490.0,498.0,13,512.0,493.0,493.0,493.0,10.0,4930.0,273
2023-05-09 21:30:02,CF401P15200,CF401P15200,493.0,0.0,0.0,0.0,10,491.0,498.0,13,512.0,493.0,493.0,493.0,10.0,4930.0,273
2023-05-09 21:30:03,CF401P15200,CF401P15200,493.0,0.0,0.0,0.0,20,491.0,498.0,13,512.0,493.0,493.0,493.0,10.0,4930.0,273
2023-05-09 21:30:03,CF401P15200,CF401P15200,493.0,0.0,0.0,0.0,20,491.0,498.0,3,512.0,493.0,493.0,493.0,10.0,4930.0,273
2023-05-09 21:30:11,CF401P15200,CF401P15200,493.0,0.0,0.0,0.0,3,492.0,500.0,10,512.0,493.0,493.0,493.0,10.0,4930.0,273
2023-05-09 21:30:12,CF401P15200,CF401P15200,493.0,0.0,0.0,0.0,10,493.0,500.0,10,512.0,493.0,493.0,493.0,10.0,4930.0,273
2023-05-09 21:30:12,CF401P15200,CF401P15200,493.0,0.0,0.0,0.0,10,493.0,501.0,10,512.0,493.0,493.0,493.0,10.0,4930.0,273
2023-05-09 21:30:14,CF401P15200,CF401P15200,493.0,0.0,0.0,0.0,20,493.0,501.0,10,512.0,493.0,493.0,493.0,10.0,4930.0,273
2023-05-09 21:30:17,CF401P15200,CF401P15200,493.0,0.0,0.0,0.0,20,493.0,502.0,10,512.0,493.0,493.0,493.0,10.0,4930.0,273
2023-05-09 21:30:18,CF401P15200,CF401P15200,493.0,0.0,0.0,0.0,20,493.0,503.0,23,512.0,493.0,493.0,493.0,10.0,4930.0,273
2023-05-09 21:30:19,CF401P15200,CF401P15200,493.0,0.0,0.0,0.0,3,494.0,503.0,3,512.0,493.0,493.0,493.0,10.0,4930.0,273
2023-05-09 21:30:21,CF401P15200,CF401P15200,493.0,0.0,0.0,0.0,10,496.0,503.0,3,512.0,493.0,493.0,493.0,10.0,4930.0,273
2023-05-09 21:30:22,CF401P15200,CF401P15200,493.0,0.0,0.0,0.0,20,496.0,503.0,3,512.0,493.0,493.0,493.0,10.0,4930.0,273
2023-05-09 21:30:23,CF401P15200,CF401P15200,493.0,0.0,0.0,0.0,10,496.0,503.0,3,512.0,493.0,493.0,493.0,10.0,4930.0,273
2023-05-09 21:30:23,CF401P15200,CF401P15200,493.0,0.0,0.0,0.0,20,496.0,503.0,3,512.0,493.0,493.0,493.0,10.0,4930.0,273
2023-05-09 21:30:25,CF401P15200,CF401P15200,493.0,0.0,0.0,0.0,23,494.0,503.0,23,512.0,493.0,493.0,493.0,10.0,4930.0,273
2023-05-09 21:30:26,CF401P15200,CF401P15200,493.0,0.0,0.0,0.0,3,494.0,503.0,33,512.0,493.0,493.0,493.0,10.0,4930.0,273
2023-05-09 21:30:28,CF401P15200,CF401P15200,493.0,0.0,0.0,0.0,3,494.0,503.0,23,512.0,493.0,493.0,493.0,10.0,4930.0,273
2023-05-09 21:30:31,CF401P15200,CF401P15200,493.0,0.0,0.0,0.0,3,494.0,503.0,33,512.0,493.0,493.0,493.0,10.0,4930.0,273
2023-05-09 21:30:42,CF401P15200,CF401P15200,493.0,0.0,0.0,0.0,3,494.0,503.0,23,512.0,493.0,493.0,493.0,10.0,4930.0,273
2023-05-09 21:30:48,CF401P15200,CF401P15200,493.0,0.0,0.0,0.0,3,494.0,503.0,33,512.0,493.0,493.0,493.0,10.0,4930.0,273
2023-05-09 21:30:48,CF401P15200,CF401P15200,493.0,0.0,0.0,0.0,3,494.0,500.0,13,512.0,493.0,493.0,493.0,10.0,4930.0,273
2023-05-09 21:30:48,CF401P15200,CF401P15200,493.0,0.0,0.0,0.0,10,493.0,500.0,13,512.0,493.0,493.0,493.0,10.0,4930.0,273
2023-05-09 21:30:51,CF401P15200,CF401P15200,493.0,0.0,0.0,0.0,13,492.0,500.0,13,512.0,493.0,493.0,493.0,10.0,4930.0,273
2023-05-09 21:30:54,CF401P15200,CF401P15200,493.0,0.0,0.0,0.0,3,492.0,500.0,13,512.0,493.0,493.0,493.0,10.0,4930.0,273
2023-05-09 21:30:57,CF401P15200,CF401P15200,493.0,0.0,0.0,0.0,13,492.0,500.0,13,512.0,493.0,493.0,493.0,10.0,4930.0,273
2023-05-09 21:30:58,CF401P15200,CF401P15200,493.0,0.0,0.0,0.0,3,492.0,500.0,13,512.0,493.0,493.0,493.0,10.0,4930.0,273
2023-05-09 21:31:21,CF401P15200,CF401P15200,493.0,0.0,0.0,0.0,3,492.0,500.0,23,512.0,493.0,493.0,493.0,10.0,4930.0,273
2023-05-09 21:31:23,CF401P15200,CF401P15200,493.0,0.0,0.0,0.0,3,492.0,500.0,13,512.0,493.0,493.0,493.0,10.0,4930.0,273
2023-05-09 21:31:32,CF401P15200,CF401P15200,493.0,0.0,0.0,0.0,23,492.0,500.0,13,512.0,493.0,493.0,493.0,10.0,4930.0,273
2023-05-09 21:31:36,CF401P15200,CF401P15200,493.0,0.0,0.0,0.0,3,492.0,500.0,13,512.0,493.0,493.0,493.0,10.0,4930.0,273
2023-05-09 21:31:39,CF401P15200,CF401P15200,493.0,0.0,0.0,0.0,13,492.0,500.0,13,512.0,493.0,493.0,493.0,10.0,4930.0,273
2023-05-09 21:31:53,CF401P15200,CF401P15200,493.0,0.0,0.0,0.0,3,492.0,500.0,13,512.0,493.0,493.0,493.0,10.0,4930.0,273
2023-05-09 21:31:57,CF401P15200,CF401P15200,493.0,0.0,0.0,0.0,3,492.0,500.0,23,512.0,493.0,493.0,493.0,10.0,4930.0,273
2023-05-09 21:32:00,CF401P15200,CF401P15200,493.0,0.0,0.0,0.0,3,492.0,500.0,33,512.0,493.0,493.0,493.0,10.0,4930.0,273
2023-05-09 21:32:08,CF401P15200,CF401P15200,493.0,0.0,0.0,0.0,3,492.0,498.0,10,512.0,493.0,493.0,493.0,10.0,4930.0,273
2023-05-09 21:32:09,CF401P15200,CF401P15200,493.0,0.0,0.0,0.0,3,490.0,498.0,20,512.0,493.0,493.0,493.0,10.0,4930.0,273
2023-05-09 21:32:09,CF401P15200,CF401P15200,493.0,0.0,0.0,0.0,3,490.0,498.0,30,512.0,493.0,493.0,493.0,10.0,4930.0,273
2023-05-09 21:32:10,CF401P15200,CF401P15200,493.0,0.0,0.0,0.0,3,490.0,498.0,40,512.0,493.0,493.0,493.0,10.0,4930.0,273
2023-05-09 21:32:10,CF401P15200,CF401P15200,493.0,0.0,0.0,0.0,3,490.0,497.0,3,512.0,493.0,493.0,493.0,10.0,4930.0,273
2023-05-09 21:32:34,CF401P15200,CF401P15200,493.0,0.0,0.0,0.0,3,490.0,497.0,13,512.0,493.0,493.0,493.0,10.0,4930.0,273
2023-05-09 21:32:48,CF401P15200,CF401P15200,493.0,0.0,0.0,0.0,3,490.0,497.0,23,512.0,493.0,493.0,493.0,10.0,4930.0,273
2023-05-09 21:32:49,CF401P15200,CF401P15200,493.0,0.0,0.0,0.0,3,488.0,497.0,23,512.0,493.0,493.0,493.0,10.0,4930.0,273
2023-05-09 21:32:51,CF401P15200,CF401P15200,493.0,0.0,0.0,0.0,3,488.0,495.0,20,512.0,493.0,493.0,493.0,10.0,4930.0,273
2023-05-09 21:33:06,CF401P15200,CF401P15200,493.0,0.0,0.0,0.0,3,488.0,495.0,23,512.0,493.0,493.0,493.0,10.0,4930.0,273
2023-05-09 21:33:07,CF401P15200,CF401P15200,493.0,0.0,0.0,0.0,30,484.0,495.0,23,512.0,493.0,493.0,493.0,10.0,4930.0,273
2023-05-09 21:33:08,CF401P15200,CF401P15200,493.0,0.0,0.0,0.0,33,484.0,495.0,23,512.0,493.0,493.0,493.0,10.0,4930.0,273
2023-05-09 21:33:12,CF401P15200,CF401P15200,493.0,0.0,0.0,0.0,33,484.0,495.0,33,512.0,493.0,493.0,493.0,10.0,4930.0,273
2023-05-09 21:33:25,CF401P15200,CF401P15200,493.0,0.0,0.0,0.0,33,484.0,495.0,23,512.0,493.0,493.0,493.0,10.0,4930.0,273
2023-05-09 21:33:26,CF401P15200,CF401P15200,493.0,0.0,0.0,0.0,23,484.0,494.0,10,512.0,493.0,493.0,493.0,10.0,4930.0,273
2023-05-09 21:33:29,CF401P15200,CF401P15200,493.0,0.0,0.0,0.0,10,485.0,494.0,10,512.0,493.0,493.0,493.0,10.0,4930.0,273
2023-05-09 21:33:30,CF401P15200,CF401P15200,493.0,0.0,0.0,0.0,23,484.0,494.0,10,512.0,493.0,493.0,493.0,10.0,4930.0,273
2023-05-09 21:33:32,CF401P15200,CF401P15200,493.0,0.0,0.0,0.0,10,485.0,494.0,10,512.0,493.0,493.0,493.0,10.0,4930.0,273
2023-05-09 21:33:33,CF401P15200,CF401P15200,493.0,0.0,0.0,0.0,23,484.0,494.0,10,512.0,493.0,493.0,493.0,10.0,4930.0,273
2023-05-09 21:33:48,CF401P15200,CF401P15200,493.0,0.0,0.0,0.0,23,484.0,493.0,10,512.0,493.0,493.0,493.0,10.0,4930.0,273
2023-05-09 21:33:48,CF401P15200,CF401P15200,493.0,0.0,0.0,0.0,23,484.0,494.0,10,512.0,493.0,493.0,493.0,10.0,4930.0,273
2023-05-09 21:33:51,CF401P15200,CF401P15200,493.0,0.0,0.0,0.0,10,486.0,494.0,10,512.0,493.0,493.0,493.0,10.0,4930.0,273
2023-05-09 21:33:54,CF401P15200,CF401P15200,493.0,0.0,0.0,0.0,10,485.0,494.0,10,512.0,493.0,493.0,493.0,10.0,4930.0,273
2023-05-09 21:33:54,CF401P15200,CF401P15200,493.0,0.0,0.0,0.0,23,484.0,494.0,20,512.0,493.0,493.0,493.0,10.0,4930.0,273
2023-05-09 21:33:55,CF401P15200,CF401P15200,493.0,0.0,0.0,0.0,10,486.0,494.0,20,512.0,493.0,493.0,493.0,10.0,4930.0,273
2023-05-09 21:33:58,CF401P15200,CF401P15200,493.0,0.0,0.0,0.0,10,485.0,494.0,20,512.0,493.0,493.0,493.0,10.0,4930.0,273
2023-05-09 21:33:59,CF401P15200,CF401P15200,493.0,0.0,0.0,0.0,10,486.0,494.0,20,512.0,493.0,493.0,493.0,10.0,4930.0,273
2023-05-09 21:33:59,CF401P15200,CF401P15200,493.0,0.0,0.0,0.0,20,486.0,494.0,20,512.0,493.0,493.0,493.0,10.0,4930.0,273
2023-05-09 21:34:02,CF401P15200,CF401P15200,493.0,0.0,0.0,0.0,10,486.0,494.0,20,512.0,493.0,493.0,493.0,10.0,4930.0,273
2023-05-09 21:34:03,CF401P15200,CF401P15200,493.0,0.0,0.0,0.0,20,486.0,494.0,20,512.0,493.0,493.0,493.0,10.0,4930.0,273
2023-05-09 21:34:04,CF401P15200,CF401P15200,493.0,0.0,0.0,0.0,20,486.0,494.0,10,512.0,493.0,493.0,493.0,10.0,4930.0,273
2023-05-09 21:34:15,CF401P15200,CF401P15200,493.0,0.0,0.0,0.0,20,486.0,494.0,20,512.0,493.0,493.0,493.0,10.0,4930.0,273
2023-05-09 21:34:26,CF401P15200,CF401P15200,493.0,0.0,0.0,0.0,20,486.0,494.0,10,512.0,493.0,493.0,493.0,10.0,4930.0,273
2023-05-09 21:34:29,CF401P15200,CF401P15200,493.0,0.0,0.0,0.0,10,486.0,494.0,10,512.0,493.0,493.0,493.0,10.0,4930.0,273
2023-05-09 21:34:30,CF401P15200,CF401P15200,493.0,0.0,0.0,0.0,20,485.0,494.0,10,512.0,493.0,493.0,493.0,10.0,4930.0,273
2023-05-09 21:35:02,CF401P15200,CF401P15200,493.0,0.0,0.0,0.0,10,485.0,494.0,20,512.0,493.0,493.0,493.0,10.0,4930.0,273
2023-05-09 21:35:05,CF401P15200,CF401P15200,493.0,0.0,0.0,0.0,10,486.0,495.0,43,512.0,493.0,493.0,493.0,10.0,4930.0,273
2023-05-09 21:35:06,CF401P15200,CF401P15200,493.0,0.0,0.0,0.0,10,486.0,495.0,33,512.0,493.0,493.0,493.0,10.0,4930.0,273
2023-05-09 21:35:13,CF401P15200,CF401P15200,493.0,0.0,0.0,0.0,20,485.0,494.0,10,512.0,493.0,493.0,493.0,10.0,4930.0,273
2023-05-09 21:35:14,CF401P15200,CF401P15200,493.0,0.0,0.0,0.0,20,485.0,495.0,33,512.0,493.0,493.0,493.0,10.0,4930.0,273
2023-05-09 21:35:15,CF401P15200,CF401P15200,493.0,0.0,0.0,0.0,20,485.0,494.0,10,512.0,493.0,493.0,493.0,10.0,4930.0,273
2023-05-09 21:35:16,CF401P15200,CF401P15200,493.0,0.0,0.0,0.0,20,485.0,495.0,33,512.0,493.0,493.0,493.0,10.0,4930.0,273
2023-05-09 21:35:19,CF401P15200,CF401P15200,493.0,0.0,0.0,0.0,30,485.0,495.0,33,512.0,493.0,493.0,493.0,10.0,4930.0,273
2023-05-09 21:35:20,CF401P15200,CF401P15200,493.0,0.0,0.0,0.0,20,485.0,495.0,33,512.0,493.0,493.0,493.0,10.0,4930.0,273
2023-05-09 21:35:21,CF401P15200,CF401P15200,493.0,0.0,0.0,0.0,20,485.0,492.0,3,512.0,493.0,493.0,493.0,10.0,4930.0,273
2023-05-09 21:35:22,CF401P15200,CF401P15200,493.0,0.0,0.0,0.0,10,487.0,492.0,3,512.0,493.0,493.0,493.0,10.0,4930.0,273
2023-05-09 21:35:22,CF401P15200,CF401P15200,493.0,0.0,0.0,0.0,20,487.0,492.0,3,512.0,493.0,493.0,493.0,10.0,4930.0,273
2023-05-09 21:35:24,CF401P15200,CF401P15200,493.0,0.0,0.0,0.0,30,487.0,492.0,3,512.0,493.0,493.0,493.0,10.0,4930.0,273
2023-05-09 21:35:30,CF401P15200,CF401P15200,493.0,0.0,0.0,0.0,40,487.0,492.0,3,512.0,493.0,493.0,493.0,10.0,4930.0,273
2023-05-09 21:35:31,CF401P15200,CF401P15200,493.0,0.0,0.0,0.0,30,487.0,492.0,3,512.0,493.0,493.0,493.0,10.0,4930.0,273
2023-05-09 21:35:34,CF401P15200,CF401P15200,493.0,0.0,0.0,0.0,40,487.0,492.0,3,512.0,493.0,493.0,493.0,10.0,4930.0,273
2023-05-09 21:35:34,CF401P15200,CF401P15200,493.0,0.0,0.0,0.0,20,487.0,492.0,3,512.0,493.0,493.0,493.0,10.0,4930.0,273
2023-05-09 21:35:41,CF401P15200,CF401P15200,493.0,0.0,0.0,0.0,10,487.0,492.0,3,512.0,493.0,493.0,493.0,10.0,4930.0,273
2023-05-09 21:35:42,CF401P15200,CF401P15200,493.0,0.0,0.0,0.0,20,487.0,492.0,3,512.0,493.0,493.0,493.0,10.0,4930.0,273
2023-05-09 21:35:43,CF401P15200,CF401P15200,493.0,0.0,0.0,0.0,30,487.0,494.0,10,512.0,493.0,493.0,493.0,10.0,4930.0,273
2023-05-09 21:35:44,CF401P15200,CF401P15200,493.0,0.0,0.0,0.0,3,489.0,495.0,23,512.0,493.0,493.0,493.0,10.0,4930.0,273
2023-05-09 21:35:46,CF401P15200,CF401P15200,493.0,0.0,0.0,0.0,3,489.0,495.0,13,512.0,493.0,493.0,493.0,10.0,4930.0,273
2023-05-09 21:35:53,CF401P15200,CF401P15200,493.0,0.0,0.0,0.0,3,489.0,495.0,3,512.0,493.0,493.0,493.0,10.0,4930.0,273
2023-05-09 21:36:11,CF401P15200,CF401P15200,493.0,0.0,0.0,0.0,3,489.0,496.0,10,512.0,493.0,493.0,493.0,10.0,4930.0,273
2023-05-09 21:36:11,CF401P15200,CF401P15200,493.0,0.0,0.0,0.0,3,489.0,497.0,3,512.0,493.0,493.0,493.0,10.0,4930.0,273
2023-05-09 21:36:12,CF401P15200,CF401P15200,493.0,0.0,0.0,0.0,23,489.0,497.0,3,512.0,493.0,493.0,493.0,10.0,4930.0,273
2023-05-09 21:36:16,CF401P15200,CF401P15200,493.0,0.0,0.0,0.0,3,492.0,498.0,50,512.0,493.0,493.0,493.0,10.0,4930.0,273
2023-05-09 21:36:31,CF401P15200,CF401P15200,493.0,0.0,0.0,0.0,3,492.0,498.0,30,512.0,493.0,493.0,493.0,10.0,4930.0,273
2023-05-09 21:36:42,CF401P15200,CF401P15200,493.0,0.0,0.0,0.0,3,492.0,498.0,20,512.0,493.0,493.0,493.0,10.0,4930.0,273
2023-05-09 21:36:59,CF401P15200,CF401P15200,493.0,0.0,0.0,0.0,20,490.0,498.0,23,512.0,493.0,493.0,493.0,10.0,4930.0,273
2023-05-09 21:37:00,CF401P15200,CF401P15200,493.0,0.0,0.0,0.0,10,490.0,498.0,23,512.0,493.0,493.0,493.0,10.0,4930.0,273
2023-05-09 21:37:59,CF401P15200,CF401P15200,493.0,0.0,0.0,0.0,33,489.0,498.0,23,512.0,493.0,493.0,493.0,10.0,4930.0,273
2023-05-09 21:38:00,CF401P15200,CF401P15200,493.0,0.0,0.0,0.0,10,491.0,498.0,23,512.0,493.0,493.0,493.0,10.0,4930.0,273
2023-05-09 21:38:00,CF401P15200,CF401P15200,493.0,0.0,0.0,0.0,10,491.0,498.0,13,512.0,493.0,493.0,493.0,10.0,4930.0,273
2023-05-09 21:38:01,CF401P15200,CF401P15200,493.0,0.0,0.0,0.0,33,489.0,498.0,23,512.0,493.0,493.0,493.0,10.0,4930.0,273
2023-05-09 21:38:02,CF401P15200,CF401P15200,493.0,0.0,0.0,0.0,10,491.0,498.0,23,512.0,493.0,493.0,493.0,10.0,4930.0,273
2023-05-09 21:38:06,CF401P15200,CF401P15200,493.0,0.0,0.0,0.0,30,491.0,498.0,23,512.0,493.0,493.0,493.0,10.0,4930.0,273
2023-05-09 21:38:06,CF401P15200,CF401P15200,493.0,0.0,0.0,0.0,30,491.0,498.0,13,512.0,493.0,493.0,493.0,10.0,4930.0,273
2023-05-09 21:38:08,CF401P15200,CF401P15200,493.0,0.0,0.0,0.0,30,491.0,498.0,3,512.0,493.0,493.0,493.0,10.0,4930.0,273
2023-05-09 21:38:26,CF401P15200,CF401P15200,493.0,0.0,0.0,0.0,20,491.0,498.0,3,512.0,493.0,493.0,493.0,10.0,4930.0,273
2023-05-09 21:38:28,CF401P15200,CF401P15200,493.0,0.0,0.0,0.0,30,491.0,498.0,3,512.0,493.0,493.0,493.0,10.0,4930.0,273
2023-05-09 21:38:29,CF401P15200,CF401P15200,493.0,0.0,0.0,0.0,20,491.0,498.0,3,512.0,493.0,493.0,493.0,10.0,4930.0,273
2023-05-09 21:38:30,CF401P15200,CF401P15200,493.0,0.0,0.0,0.0,30,491.0,498.0,3,512.0,493.0,493.0,493.0,10.0,4930.0,273
2023-05-09 21:38:30,CF401P15200,CF401P15200,493.0,0.0,0.0,0.0,20,491.0,498.0,3,512.0,493.0,493.0,493.0,10.0,4930.0,273
2023-05-09 21:38:31,CF401P15200,CF401P15200,493.0,0.0,0.0,0.0,30,491.0,498.0,3,512.0,493.0,493.0,493.0,10.0,4930.0,273
2023-05-09 21:38:31,CF401P15200,CF401P15200,493.0,0.0,0.0,0.0,20,491.0,498.0,3,512.0,493.0,493.0,493.0,10.0,4930.0,273
2023-05-09 21:38:33,CF401P15200,CF401P15200,493.0,0.0,0.0,0.0,10,492.0,498.0,3,512.0,493.0,493.0,493.0,10.0,4930.0,273
2023-05-09 21:38:35,CF401P15200,CF401P15200,493.0,0.0,0.0,0.0,20,491.0,498.0,3,512.0,493.0,493.0,493.0,10.0,4930.0,273
2023-05-09 21:38:36,CF401P15200,CF401P15200,493.0,0.0,0.0,0.0,10,492.0,498.0,3,512.0,493.0,493.0,493.0,10.0,4930.0,273
2023-05-09 21:38:37,CF401P15200,CF401P15200,493.0,0.0,0.0,0.0,20,491.0,498.0,3,512.0,493.0,493.0,493.0,10.0,4930.0,273
2023-05-09 21:38:37,CF401P15200,CF401P15200,493.0,0.0,0.0,0.0,10,492.0,498.0,3,512.0,493.0,493.0,493.0,10.0,4930.0,273
2023-05-09 21:38:38,CF401P15200,CF401P15200,493.0,0.0,0.0,0.0,20,491.0,498.0,3,512.0,493.0,493.0,493.0,10.0,4930.0,273
2023-05-09 21:38:40,CF401P15200,CF401P15200,493.0,0.0,0.0,0.0,10,492.0,498.0,3,512.0,493.0,493.0,493.0,10.0,4930.0,273
2023-05-09 21:38:55,CF401P15200,CF401P15200,493.0,0.0,0.0,0.0,20,491.0,498.0,3,512.0,493.0,493.0,493.0,10.0,4930.0,273
2023-05-09 21:39:03,CF401P15200,CF401P15200,493.0,0.0,0.0,0.0,10,492.0,498.0,3,512.0,493.0,493.0,493.0,10.0,4930.0,273
2023-05-09 21:39:05,CF401P15200,CF401P15200,493.0,0.0,0.0,0.0,20,492.0,498.0,3,512.0,493.0,493.0,493.0,10.0,4930.0,273
2023-05-09 21:39:06,CF401P15200,CF401P15200,493.0,0.0,0.0,0.0,30,492.0,498.0,3,512.0,493.0,493.0,493.0,10.0,4930.0,273
2023-05-09 21:39:29,CF401P15200,CF401P15200,493.0,0.0,0.0,0.0,10,493.0,500.0,3,512.0,493.0,493.0,493.0,10.0,4930.0,273
2023-05-09 21:39:30,CF401P15200,CF401P15200,493.0,0.0,0.0,0.0,20,493.0,500.0,3,512.0,493.0,493.0,493.0,10.0,4930.0,273
2023-05-09 21:39:35,CF401P15200,CF401P15200,493.0,0.0,0.0,0.0,23,493.0,500.0,3,512.0,493.0,493.0,493.0,10.0,4930.0,273
2023-05-09 21:39:52,CF401P15200,CF401P15200,493.0,0.0,0.0,0.0,33,493.0,500.0,3,512.0,493.0,493.0,493.0,10.0,4930.0,273
2023-05-09 21:40:02,CF401P15200,CF401P15200,493.0,0.0,0.0,0.0,23,493.0,500.0,3,512.0,493.0,493.0,493.0,10.0,4930.0,273
2023-05-09 21:40:02,CF401P15200,CF401P15200,493.0,0.0,0.0,0.0,13,493.0,500.0,3,512.0,493.0,493.0,493.0,10.0,4930.0,273
2023-05-09 21:40:03,CF401P15200,CF401P15200,493.0,0.0,0.0,0.0,3,493.0,500.0,3,512.0,493.0,493.0,493.0,10.0,4930.0,273
2023-05-09 21:40:06,CF401P15200,CF401P15200,493.0,0.0,0.0,0.0,10,494.0,500.0,3,512.0,493.0,493.0,493.0,10.0,4930.0,273
2023-05-09 21:40:08,CF401P15200,CF401P15200,493.0,0.0,0.0,0.0,20,494.0,500.0,3,512.0,493.0,493.0,493.0,10.0,4930.0,273
2023-05-09 21:40:28,CF401P15200,CF401P15200,493.0,0.0,0.0,0.0,20,494.0,503.0,20,512.0,493.0,493.0,493.0,10.0,4930.0,273
2023-05-09 21:40:28,CF401P15200,CF401P15200,493.0,0.0,0.0,0.0,30,494.0,502.0,10,512.0,493.0,493.0,493.0,10.0,4930.0,273
2023-05-09 21:40:29,CF401P15200,CF401P15200,493.0,0.0,0.0,0.0,30,494.0,503.0,20,512.0,493.0,493.0,493.0,10.0,4930.0,273
2023-05-09 21:40:30,CF401P15200,CF401P15200,493.0,0.0,0.0,0.0,20,494.0,503.0,20,512.0,493.0,493.0,493.0,10.0,4930.0,273
2023-05-09 21:40:42,CF401P15200,CF401P15200,493.0,0.0,0.0,0.0,20,494.0,503.0,10,512.0,493.0,493.0,493.0,10.0,4930.0,273
2023-05-09 21:40:44,CF401P15200,CF401P15200,493.0,0.0,0.0,0.0,10,497.0,504.0,20,512.0,493.0,493.0,493.0,10.0,4930.0,273
2023-05-09 21:40:45,CF401P15200,CF401P15200,493.0,0.0,0.0,0.0,20,497.0,504.0,10,512.0,493.0,493.0,493.0,10.0,4930.0,273
2023-05-09 21:40:46,CF401P15200,CF401P15200,493.0,0.0,0.0,0.0,30,497.0,504.0,10,512.0,493.0,493.0,493.0,10.0,4930.0,273
2023-05-09 21:40:49,CF401P15200,CF401P15200,493.0,0.0,0.0,0.0,30,497.0,505.0,13,512.0,493.0,493.0,493.0,10.0,4930.0,273
2023-05-09 21:40:52,CF401P15200,CF401P15200,493.0,0.0,0.0,0.0,30,497.0,505.0,23,512.0,493.0,493.0,493.0,10.0,4930.0,273
2023-05-09 21:40:52,CF401P15200,CF401P15200,493.0,0.0,0.0,0.0,10,497.0,505.0,23,512.0,493.0,493.0,493.0,10.0,4930.0,273
2023-05-09 21:40:53,CF401P15200,CF401P15200,493.0,0.0,0.0,0.0,10,497.0,505.0,33,512.0,493.0,493.0,493.0,10.0,4930.0,273
2023-05-09 21:40:53,CF401P15200,CF401P15200,493.0,0.0,0.0,0.0,33,495.0,505.0,33,512.0,493.0,493.0,493.0,10.0,4930.0,273
2023-05-09 21:40:57,CF401P15200,CF401P15200,493.0,0.0,0.0,0.0,10,498.0,505.0,23,512.0,493.0,493.0,493.0,10.0,4930.0,273
2023-05-09 21:40:57,CF401P15200,CF401P15200,493.0,0.0,0.0,0.0,20,498.0,505.0,13,512.0,493.0,493.0,493.0,10.0,4930.0,273
2023-05-09 21:40:58,CF401P15200,CF401P15200,493.0,0.0,0.0,0.0,30,498.0,505.0,13,512.0,493.0,493.0,493.0,10.0,4930.0,273
2023-05-09 21:41:12,CF401P15200,CF401P15200,493.0,0.0,0.0,0.0,30,498.0,505.0,3,512.0,493.0,493.0,493.0,10.0,4930.0,273
2023-05-09 21:41:13,CF401P15200,CF401P15200,493.0,0.0,0.0,0.0,20,499.0,505.0,3,512.0,493.0,493.0,493.0,10.0,4930.0,273
2023-05-09 21:41:14,CF401P15200,CF401P15200,493.0,0.0,0.0,0.0,20,498.0,505.0,3,512.0,493.0,493.0,493.0,10.0,4930.0,273
2023-05-09 21:41:14,CF401P15200,CF401P15200,493.0,0.0,0.0,0.0,30,498.0,505.0,3,512.0,493.0,493.0,493.0,10.0,4930.0,273
2023-05-09 21:41:15,CF401P15200,CF401P15200,493.0,0.0,0.0,0.0,10,497.0,505.0,3,512.0,493.0,493.0,493.0,10.0,4930.0,273
2023-05-09 21:41:15,CF401P15200,CF401P15200,493.0,0.0,0.0,0.0,30,497.0,505.0,3,512.0,493.0,493.0,493.0,10.0,4930.0,273
2023-05-09 21:41:26,CF401P15200,CF401P15200,493.0,0.0,0.0,0.0,20,497.0,505.0,3,512.0,493.0,493.0,493.0,10.0,4930.0,273
2023-05-09 21:41:27,CF401P15200,CF401P15200,493.0,0.0,0.0,0.0,3,498.0,505.0,3,512.0,493.0,493.0,493.0,10.0,4930.0,273
2023-05-09 21:41:28,CF401P15200,CF401P15200,493.0,0.0,0.0,0.0,20,501.0,505.0,3,512.0,493.0,493.0,493.0,10.0,4930.0,273
2023-05-09 21:41:28,CF401P15200,CF401P15200,493.0,0.0,0.0,0.0,10,501.0,505.0,3,512.0,493.0,493.0,493.0,10.0,4930.0,273
2023-05-09 21:41:29,CF401P15200,CF401P15200,493.0,0.0,0.0,0.0,10,500.0,505.0,3,512.0,493.0,493.0,493.0,10.0,4930.0,273
2023-05-09 21:41:30,CF401P15200,CF401P15200,493.0,0.0,0.0,0.0,20,501.0,505.0,3,512.0,493.0,493.0,493.0,10.0,4930.0,273
2023-05-09 21:41:31,CF401P15200,CF401P15200,493.0,0.0,0.0,0.0,20,500.0,505.0,3,512.0,493.0,493.0,493.0,10.0,4930.0,273
2023-05-09 21:41:32,CF401P15200,CF401P15200,493.0,0.0,0.0,0.0,20,499.0,505.0,3,512.0,493.0,493.0,493.0,10.0,4930.0,273
2023-05-09 21:41:33,CF401P15200,CF401P15200,493.0,0.0,0.0,0.0,10,499.0,505.0,3,512.0,493.0,493.0,493.0,10.0,4930.0,273
2023-05-09 21:41:54,CF401P15200,CF401P15200,493.0,0.0,0.0,0.0,43,498.0,505.0,3,512.0,493.0,493.0,493.0,10.0,4930.0,273
2023-05-09 21:41:55,CF401P15200,CF401P15200,493.0,0.0,0.0,0.0,33,498.0,505.0,3,512.0,493.0,493.0,493.0,10.0,4930.0,273
2023-05-09 21:42:11,CF401P15200,CF401P15200,493.0,0.0,0.0,0.0,23,498.0,505.0,3,512.0,493.0,493.0,493.0,10.0,4930.0,273
2023-05-09 21:42:19,CF401P15200,CF401P15200,493.0,0.0,0.0,0.0,13,498.0,505.0,3,512.0,493.0,493.0,493.0,10.0,4930.0,273
2023-05-09 21:42:21,CF401P15200,CF401P15200,493.0,0.0,0.0,0.0,20,500.0,505.0,3,512.0,493.0,493.0,493.0,10.0,4930.0,273
2023-05-09 21:42:22,CF401P15200,CF401P15200,493.0,0.0,0.0,0.0,20,499.0,505.0,3,512.0,493.0,493.0,493.0,10.0,4930.0,273
2023-05-09 21:42:25,CF401P15200,CF401P15200,493.0,0.0,0.0,0.0,10,499.0,505.0,3,512.0,493.0,493.0,493.0,10.0,4930.0,273
2023-05-09 21:42:25,CF401P15200,CF401P15200,493.0,0.0,0.0,0.0,23,498.0,505.0,3,512.0,493.0,493.0,493.0,10.0,4930.0,273
2023-05-09 21:42:26,CF401P15200,CF401P15200,493.0,0.0,0.0,0.0,13,498.0,505.0,3,512.0,493.0,493.0,493.0,10.0,4930.0,273
2023-05-09 21:42:32,CF401P15200,CF401P15200,493.0,0.0,0.0,0.0,3,498.0,505.0,23,512.0,493.0,493.0,493.0,10.0,4930.0,273
2023-05-09 21:42:34,CF401P15200,CF401P15200,493.0,0.0,0.0,0.0,3,498.0,505.0,33,512.0,493.0,493.0,493.0,10.0,4930.0,273
2023-05-09 21:42:42,CF401P15200,CF401P15200,493.0,0.0,0.0,0.0,3,498.0,505.0,23,512.0,493.0,493.0,493.0,10.0,4930.0,273
2023-05-09 21:42:43,CF401P15200,CF401P15200,493.0,0.0,0.0,0.0,13,495.0,505.0,33,512.0,493.0,493.0,493.0,10.0,4930.0,273
2023-05-09 21:42:46,CF401P15200,CF401P15200,493.0,0.0,0.0,0.0,23,495.0,505.0,33,512.0,493.0,493.0,493.0,10.0,4930.0,273
2023-05-09 21:42:59,CF401P15200,CF401P15200,493.0,0.0,0.0,0.0,23,495.0,503.0,3,512.0,493.0,493.0,493.0,10.0,4930.0,273
2023-05-09 21:43:00,CF401P15200,CF401P15200,493.0,0.0,0.0,0.0,13,495.0,503.0,3,512.0,493.0,493.0,493.0,10.0,4930.0,273
2023-05-09 21:43:04,CF401P15200,CF401P15200,493.0,0.0,0.0,0.0,3,493.0,502.0,20,512.0,493.0,493.0,493.0,10.0,4930.0,273
2023-05-09 21:43:05,CF401P15200,CF401P15200,493.0,0.0,0.0,0.0,3,493.0,502.0,30,512.0,493.0,493.0,493.0,10.0,4930.0,273
2023-05-09 21:43:05,CF401P15200,CF401P15200,493.0,0.0,0.0,0.0,3,493.0,502.0,40,512.0,493.0,493.0,493.0,10.0,4930.0,273
2023-05-09 21:43:06,CF401P15200,CF401P15200,493.0,0.0,0.0,0.0,3,493.0,500.0,3,512.0,493.0,493.0,493.0,10.0,4930.0,273
2023-05-09 21:43:54,CF401P15200,CF401P15200,493.0,0.0,0.0,0.0,3,493.0,500.0,13,512.0,493.0,493.0,493.0,10.0,4930.0,273
2023-05-09 21:44:04,CF401P15200,CF401P15200,493.0,0.0,0.0,0.0,3,493.0,499.0,20,512.0,493.0,493.0,493.0,10.0,4930.0,273
2023-05-09 21:44:04,CF401P15200,CF401P15200,493.0,0.0,0.0,0.0,3,493.0,499.0,10,512.0,493.0,493.0,493.0,10.0,4930.0,273
2023-05-09 21:44:06,CF401P15200,CF401P15200,493.0,0.0,0.0,0.0,3,493.0,499.0,20,512.0,493.0,493.0,493.0,10.0,4930.0,273
2023-05-09 21:44:13,CF401P15200,CF401P15200,493.0,0.0,0.0,0.0,3,491.0,499.0,20,512.0,493.0,493.0,493.0,10.0,4930.0,273
2023-05-09 21:44:37,CF401P15200,CF401P15200,493.0,0.0,0.0,0.0,3,491.0,498.0,3,512.0,493.0,493.0,493.0,10.0,4930.0,273
2023-05-09 21:44:41,CF401P15200,CF401P15200,493.0,0.0,0.0,0.0,3,491.0,497.0,20,512.0,493.0,493.0,493.0,10.0,4930.0,273
2023-05-09 21:44:45,CF401P15200,CF401P15200,493.0,0.0,0.0,0.0,3,491.0,497.0,10,512.0,493.0,493.0,493.0,10.0,4930.0,273
2023-05-09 21:44:49,CF401P15200,CF401P15200,493.0,0.0,0.0,0.0,3,491.0,497.0,20,512.0,493.0,493.0,493.0,10.0,4930.0,273
2023-05-09 21:45:16,CF401P15200,CF401P15200,493.0,0.0,0.0,0.0,3,491.0,497.0,10,512.0,493.0,493.0,493.0,10.0,4930.0,273
2023-05-09 21:45:17,CF401P15200,CF401P15200,493.0,0.0,0.0,0.0,3,491.0,498.0,3,512.0,493.0,493.0,493.0,10.0,4930.0,273
2023-05-09 21:45:39,CF401P15200,CF401P15200,493.0,0.0,0.0,0.0,20,489.0,498.0,3,512.0,493.0,493.0,493.0,10.0,4930.0,273
2023-05-09 21:45:39,CF401P15200,CF401P15200,493.0,0.0,0.0,0.0,20,489.0,496.0,3,512.0,493.0,493.0,493.0,10.0,4930.0,273
2023-05-09 21:45:47,CF401P15200,CF401P15200,493.0,0.0,0.0,0.0,10,489.0,496.0,3,512.0,493.0,493.0,493.0,10.0,4930.0,273
2023-05-09 21:45:56,CF401P15200,CF401P15200,493.0,0.0,0.0,0.0,40,488.0,496.0,3,512.0,493.0,493.0,493.0,10.0,4930.0,273
2023-05-09 21:45:57,CF401P15200,CF401P15200,493.0,0.0,0.0,0.0,30,488.0,496.0,3,512.0,493.0,493.0,493.0,10.0,4930.0,273
2023-05-09 21:45:57,CF401P15200,CF401P15200,493.0,0.0,0.0,0.0,20,488.0,496.0,3,512.0,493.0,493.0,493.0,10.0,4930.0,273
2023-05-09 21:46:02,CF401P15200,CF401P15200,493.0,0.0,0.0,0.0,10,489.0,496.0,3,512.0,493.0,493.0,493.0,10.0,4930.0,273
2023-05-09 21:46:03,CF401P15200,CF401P15200,493.0,0.0,0.0,0.0,40,488.0,496.0,3,512.0,493.0,493.0,493.0,10.0,4930.0,273
2023-05-09 21:46:04,CF401P15200,CF401P15200,493.0,0.0,0.0,0.0,30,488.0,496.0,3,512.0,493.0,493.0,493.0,10.0,4930.0,273
2023-05-09 21:46:18,CF401P15200,CF401P15200,493.0,0.0,0.0,0.0,20,488.0,496.0,3,512.0,493.0,493.0,493.0,10.0,4930.0,273
2023-05-09 21:46:23,CF401P15200,CF401P15200,493.0,0.0,0.0,0.0,30,488.0,496.0,3,512.0,493.0,493.0,493.0,10.0,4930.0,273
2023-05-09 21:47:29,CF401P15200,CF401P15200,493.0,0.0,0.0,0.0,3,489.0,496.0,3,512.0,493.0,493.0,493.0,10.0,4930.0,273
2023-05-09 21:47:30,CF401P15200,CF401P15200,493.0,0.0,0.0,0.0,13,489.0,496.0,3,512.0,493.0,493.0,493.0,10.0,4930.0,273
2023-05-09 21:47:37,CF401P15200,CF401P15200,493.0,0.0,0.0,0.0,3,489.0,496.0,3,512.0,493.0,493.0,493.0,10.0,4930.0,273
2023-05-09 21:47:47,CF401P15200,CF401P15200,493.0,0.0,0.0,0.0,13,489.0,496.0,3,512.0,493.0,493.0,493.0,10.0,4930.0,273
2023-05-09 21:47:50,CF401P15200,CF401P15200,493.0,0.0,0.0,0.0,3,489.0,496.0,3,512.0,493.0,493.0,493.0,10.0,4930.0,273
2023-05-09 21:48:34,CF401P15200,CF401P15200,493.0,0.0,0.0,0.0,3,489.0,495.0,10,512.0,493.0,493.0,493.0,10.0,4930.0,273
2023-05-09 21:48:35,CF401P15200,CF401P15200,493.0,0.0,0.0,0.0,3,489.0,496.0,13,512.0,493.0,493.0,493.0,10.0,4930.0,273
2023-05-09 21:48:35,CF401P15200,CF401P15200,493.0,0.0,0.0,0.0,3,489.0,495.0,20,512.0,493.0,493.0,493.0,10.0,4930.0,273
2023-05-09 21:48:41,CF401P15200,CF401P15200,493.0,0.0,0.0,0.0,3,489.0,495.0,10,512.0,493.0,493.0,493.0,10.0,4930.0,273
2023-05-09 21:49:01,CF401P15200,CF401P15200,493.0,0.0,0.0,0.0,3,489.0,495.0,20,512.0,493.0,493.0,493.0,10.0,4930.0,273
2023-05-09 21:49:01,CF401P15200,CF401P15200,493.0,0.0,0.0,0.0,3,487.0,495.0,20,512.0,493.0,493.0,493.0,10.0,4930.0,273
2023-05-09 21:49:02,CF401P15200,CF401P15200,493.0,0.0,0.0,0.0,3,487.0,495.0,10,512.0,493.0,493.0,493.0,10.0,4930.0,273
2023-05-09 21:49:05,CF401P15200,CF401P15200,493.0,0.0,0.0,0.0,3,487.0,494.0,3,512.0,493.0,493.0,493.0,10.0,4930.0,273
2023-05-09 21:49:07,CF401P15200,CF401P15200,493.0,0.0,0.0,0.0,3,487.0,494.0,23,512.0,493.0,493.0,493.0,10.0,4930.0,273
2023-05-09 21:49:11,CF401P15200,CF401P15200,493.0,0.0,0.0,0.0,10,488.0,494.0,23,512.0,493.0,493.0,493.0,10.0,4930.0,273
2023-05-09 21:49:11,CF401P15200,CF401P15200,493.0,0.0,0.0,0.0,20,488.0,494.0,23,512.0,493.0,493.0,493.0,10.0,4930.0,273
2023-05-09 21:49:14,CF401P15200,CF401P15200,493.0,0.0,0.0,0.0,3,487.0,494.0,23,512.0,493.0,493.0,493.0,10.0,4930.0,273
2023-05-09 21:49:23,CF401P15200,CF401P15200,493.0,0.0,0.0,0.0,3,487.0,494.0,13,512.0,493.0,493.0,493.0,10.0,4930.0,273
2023-05-09 21:49:23,CF401P15200,CF401P15200,493.0,0.0,0.0,0.0,3,487.0,494.0,23,512.0,493.0,493.0,493.0,10.0,4930.0,273
2023-05-09 21:49:24,CF401P15200,CF401P15200,493.0,0.0,0.0,0.0,3,487.0,494.0,13,512.0,493.0,493.0,493.0,10.0,4930.0,273
2023-05-09 21:49:25,CF401P15200,CF401P15200,493.0,0.0,0.0,0.0,10,488.0,494.0,13,512.0,493.0,493.0,493.0,10.0,4930.0,273
2023-05-09 21:49:25,CF401P15200,CF401P15200,493.0,0.0,0.0,0.0,3,487.0,494.0,13,512.0,493.0,493.0,493.0,10.0,4930.0,273
2023-05-09 21:49:27,CF401P15200,CF401P15200,493.0,0.0,0.0,0.0,3,487.0,494.0,23,512.0,493.0,493.0,493.0,10.0,4930.0,273
2023-05-09 21:49:31,CF401P15200,CF401P15200,493.0,0.0,0.0,0.0,3,487.0,494.0,13,512.0,493.0,493.0,493.0,10.0,4930.0,273
2023-05-09 21:49:33,CF401P15200,CF401P15200,493.0,0.0,0.0,0.0,10,488.0,494.0,23,512.0,493.0,493.0,493.0,10.0,4930.0,273
2023-05-09 21:49:34,CF401P15200,CF401P15200,493.0,0.0,0.0,0.0,3,487.0,494.0,13,512.0,493.0,493.0,493.0,10.0,4930.0,273
2023-05-09 21:49:34,CF401P15200,CF401P15200,493.0,0.0,0.0,0.0,10,488.0,494.0,23,512.0,493.0,493.0,493.0,10.0,4930.0,273
2023-05-09 21:49:34,CF401P15200,CF401P15200,493.0,0.0,0.0,0.0,3,487.0,494.0,13,512.0,493.0,493.0,493.0,10.0,4930.0,273
2023-05-09 21:49:37,CF401P15200,CF401P15200,493.0,0.0,0.0,0.0,3,487.0,494.0,23,512.0,493.0,493.0,493.0,10.0,4930.0,273
2023-05-09 21:49:40,CF401P15200,CF401P15200,493.0,0.0,0.0,0.0,10,488.0,494.0,23,512.0,493.0,493.0,493.0,10.0,4930.0,273
2023-05-09 21:49:40,CF401P15200,CF401P15200,493.0,0.0,0.0,0.0,20,488.0,494.0,23,512.0,493.0,493.0,493.0,10.0,4930.0,273
2023-05-09 21:49:41,CF401P15200,CF401P15200,493.0,0.0,0.0,0.0,3,487.0,494.0,13,512.0,493.0,493.0,493.0,10.0,4930.0,273
2023-05-09 21:49:41,CF401P15200,CF401P15200,493.0,0.0,0.0,0.0,3,487.0,494.0,23,512.0,493.0,493.0,493.0,10.0,4930.0,273
2023-05-09 21:49:42,CF401P15200,CF401P15200,493.0,0.0,0.0,0.0,10,488.0,494.0,23,512.0,493.0,493.0,493.0,10.0,4930.0,273
2023-05-09 21:49:45,CF401P15200,CF401P15200,493.0,0.0,0.0,0.0,3,487.0,494.0,23,512.0,493.0,493.0,493.0,10.0,4930.0,273
2023-05-09 21:49:57,CF401P15200,CF401P15200,493.0,0.0,0.0,0.0,13,487.0,494.0,23,512.0,493.0,493.0,493.0,10.0,4930.0,273
2023-05-09 21:50:02,CF401P15200,CF401P15200,493.0,0.0,0.0,0.0,13,487.0,494.0,13,512.0,493.0,493.0,493.0,10.0,4930.0,273
2023-05-09 21:50:03,CF401P15200,CF401P15200,493.0,0.0,0.0,0.0,13,487.0,494.0,23,512.0,493.0,493.0,493.0,10.0,4930.0,273
2023-05-09 21:50:09,CF401P15200,CF401P15200,493.0,0.0,0.0,0.0,3,487.0,494.0,23,512.0,493.0,493.0,493.0,10.0,4930.0,273
2023-05-09 21:50:15,CF401P15200,CF401P15200,493.0,0.0,0.0,0.0,3,487.0,494.0,33,512.0,493.0,493.0,493.0,10.0,4930.0,273
2023-05-09 21:50:29,CF401P15200,CF401P15200,493.0,0.0,0.0,0.0,10,485.0,494.0,33,512.0,493.0,493.0,493.0,10.0,4930.0,273
2023-05-09 21:50:37,CF401P15200,CF401P15200,493.0,0.0,0.0,0.0,20,485.0,494.0,33,512.0,493.0,493.0,493.0,10.0,4930.0,273
2023-05-09 21:50:43,CF401P15200,CF401P15200,493.0,0.0,0.0,0.0,10,485.0,494.0,33,512.0,493.0,493.0,493.0,10.0,4930.0,273
2023-05-09 21:50:46,CF401P15200,CF401P15200,493.0,0.0,0.0,0.0,20,485.0,494.0,33,512.0,493.0,493.0,493.0,10.0,4930.0,273
2023-05-09 21:50:54,CF401P15200,CF401P15200,493.0,0.0,0.0,0.0,20,485.0,494.0,23,512.0,493.0,493.0,493.0,10.0,4930.0,273
2023-05-09 21:50:57,CF401P15200,CF401P15200,493.0,0.0,0.0,0.0,20,485.0,494.0,33,512.0,493.0,493.0,493.0,10.0,4930.0,273
2023-05-09 21:50:59,CF401P15200,CF401P15200,493.0,0.0,0.0,0.0,20,485.0,494.0,23,512.0,493.0,493.0,493.0,10.0,4930.0,273
2023-05-09 21:50:59,CF401P15200,CF401P15200,493.0,0.0,0.0,0.0,20,485.0,494.0,33,512.0,493.0,493.0,493.0,10.0,4930.0,273
2023-05-09 21:51:02,CF401P15200,CF401P15200,493.0,0.0,0.0,0.0,20,485.0,494.0,23,512.0,493.0,493.0,493.0,10.0,4930.0,273
2023-05-09 21:51:02,CF401P15200,CF401P15200,493.0,0.0,0.0,0.0,20,485.0,494.0,33,512.0,493.0,493.0,493.0,10.0,4930.0,273
2023-05-09 21:51:04,CF401P15200,CF401P15200,493.0,0.0,0.0,0.0,20,485.0,494.0,23,512.0,493.0,493.0,493.0,10.0,4930.0,273
2023-05-09 21:51:07,CF401P15200,CF401P15200,493.0,0.0,0.0,0.0,20,485.0,494.0,33,512.0,493.0,493.0,493.0,10.0,4930.0,273
2023-05-09 21:51:30,CF401P15200,CF401P15200,493.0,0.0,0.0,0.0,30,485.0,494.0,23,512.0,493.0,493.0,493.0,10.0,4930.0,273
2023-05-09 21:51:32,CF401P15200,CF401P15200,493.0,0.0,0.0,0.0,30,485.0,494.0,33,512.0,493.0,493.0,493.0,10.0,4930.0,273
2023-05-09 21:51:32,CF401P15200,CF401P15200,493.0,0.0,0.0,0.0,30,485.0,494.0,23,512.0,493.0,493.0,493.0,10.0,4930.0,273
2023-05-09 21:51:37,CF401P15200,CF401P15200,493.0,0.0,0.0,0.0,30,485.0,494.0,33,512.0,493.0,493.0,493.0,10.0,4930.0,273
2023-05-09 21:51:52,CF401P15200,CF401P15200,493.0,0.0,0.0,0.0,30,485.0,494.0,23,512.0,493.0,493.0,493.0,10.0,4930.0,273
2023-05-09 21:51:52,CF401P15200,CF401P15200,493.0,0.0,0.0,0.0,10,487.0,494.0,23,512.0,493.0,493.0,493.0,10.0,4930.0,273
2023-05-09 21:51:53,CF401P15200,CF401P15200,493.0,0.0,0.0,0.0,20,487.0,494.0,23,512.0,493.0,493.0,493.0,10.0,4930.0,273
2023-05-09 21:51:59,CF401P15200,CF401P15200,493.0,0.0,0.0,0.0,30,487.0,494.0,23,512.0,493.0,493.0,493.0,10.0,4930.0,273
2023-05-09 21:52:01,CF401P15200,CF401P15200,493.0,0.0,0.0,0.0,20,487.0,494.0,23,512.0,493.0,493.0,493.0,10.0,4930.0,273
2023-05-09 21:52:03,CF401P15200,CF401P15200,493.0,0.0,0.0,0.0,30,487.0,494.0,23,512.0,493.0,493.0,493.0,10.0,4930.0,273
2023-05-09 21:52:07,CF401P15200,CF401P15200,493.0,0.0,0.0,0.0,20,487.0,494.0,23,512.0,493.0,493.0,493.0,10.0,4930.0,273
2023-05-09 21:52:08,CF401P15200,CF401P15200,493.0,0.0,0.0,0.0,20,486.0,494.0,23,512.0,493.0,493.0,493.0,10.0,4930.0,273
2023-05-09 21:52:10,CF401P15200,CF401P15200,493.0,0.0,0.0,0.0,20,486.0,494.0,33,512.0,493.0,493.0,493.0,10.0,4930.0,273
2023-05-09 21:52:15,CF401P15200,CF401P15200,493.0,0.0,0.0,0.0,20,486.0,494.0,23,512.0,493.0,493.0,493.0,10.0,4930.0,273
2023-05-09 21:52:20,CF401P15200,CF401P15200,493.0,0.0,0.0,0.0,20,486.0,494.0,33,512.0,493.0,493.0,493.0,10.0,4930.0,273
2023-05-09 21:52:29,CF401P15200,CF401P15200,493.0,0.0,0.0,0.0,10,486.0,494.0,33,512.0,493.0,493.0,493.0,10.0,4930.0,273
2023-05-09 21:52:29,CF401P15200,CF401P15200,493.0,0.0,0.0,0.0,20,485.0,494.0,33,512.0,493.0,493.0,493.0,10.0,4930.0,273
2023-05-09 21:52:34,CF401P15200,CF401P15200,493.0,0.0,0.0,0.0,30,485.0,494.0,33,512.0,493.0,493.0,493.0,10.0,4930.0,273
2023-05-09 21:52:34,CF401P15200,CF401P15200,493.0,0.0,0.0,0.0,20,485.0,494.0,33,512.0,493.0,493.0,493.0,10.0,4930.0,273
2023-05-09 21:52:35,CF401P15200,CF401P15200,493.0,0.0,0.0,0.0,20,485.0,492.0,3,512.0,493.0,493.0,493.0,10.0,4930.0,273
2023-05-09 21:52:35,CF401P15200,CF401P15200,493.0,0.0,0.0,0.0,30,485.0,492.0,3,512.0,493.0,493.0,493.0,10.0,4930.0,273
2023-05-09 21:52:59,CF401P15200,CF401P15200,493.0,0.0,0.0,0.0,10,487.0,492.0,3,512.0,493.0,493.0,493.0,10.0,4930.0,273
2023-05-09 21:53:08,CF401P15200,CF401P15200,493.0,0.0,0.0,0.0,43,485.0,492.0,3,512.0,493.0,493.0,493.0,10.0,4930.0,273
2023-05-09 21:53:08,CF401P15200,CF401P15200,493.0,0.0,0.0,0.0,33,485.0,492.0,3,512.0,493.0,493.0,493.0,10.0,4930.0,273
2023-05-09 21:53:09,CF401P15200,CF401P15200,493.0,0.0,0.0,0.0,23,485.0,492.0,3,512.0,493.0,493.0,493.0,10.0,4930.0,273
2023-05-09 21:53:16,CF401P15200,CF401P15200,493.0,0.0,0.0,0.0,33,485.0,492.0,3,512.0,493.0,493.0,493.0,10.0,4930.0,273
2023-05-09 21:53:50,CF401P15200,CF401P15200,493.0,0.0,0.0,0.0,43,485.0,492.0,3,512.0,493.0,493.0,493.0,10.0,4930.0,273
2023-05-09 21:53:56,CF401P15200,CF401P15200,493.0,0.0,0.0,0.0,33,485.0,492.0,3,512.0,493.0,493.0,493.0,10.0,4930.0,273
2023-05-09 21:54:22,CF401P15200,CF401P15200,493.0,0.0,0.0,0.0,20,486.0,492.0,3,512.0,493.0,493.0,493.0,10.0,4930.0,273
2023-05-09 21:54:27,CF401P15200,CF401P15200,493.0,0.0,0.0,0.0,10,486.0,492.0,3,512.0,493.0,493.0,493.0,10.0,4930.0,273
2023-05-09 21:54:34,CF401P15200,CF401P15200,493.0,0.0,0.0,0.0,33,485.0,492.0,3,512.0,493.0,493.0,493.0,10.0,4930.0,273
2023-05-09 21:54:38,CF401P15200,CF401P15200,493.0,0.0,0.0,0.0,10,486.0,492.0,3,512.0,493.0,493.0,493.0,10.0,4930.0,273
2023-05-09 21:54:39,CF401P15200,CF401P15200,493.0,0.0,0.0,0.0,33,485.0,492.0,3,512.0,493.0,493.0,493.0,10.0,4930.0,273
2023-05-09 21:54:50,CF401P15200,CF401P15200,493.0,0.0,0.0,0.0,10,486.0,492.0,3,512.0,493.0,493.0,493.0,10.0,4930.0,273
2023-05-09 21:54:53,CF401P15200,CF401P15200,493.0,0.0,0.0,0.0,33,485.0,492.0,3,512.0,493.0,493.0,493.0,10.0,4930.0,273
2023-05-09 21:54:56,CF401P15200,CF401P15200,493.0,0.0,0.0,0.0,10,487.0,492.0,3,512.0,493.0,493.0,493.0,10.0,4930.0,273
2023-05-09 21:55:01,CF401P15200,CF401P15200,493.0,0.0,0.0,0.0,10,486.0,492.0,3,512.0,493.0,493.0,493.0,10.0,4930.0,273
2023-05-09 21:55:02,CF401P15200,CF401P15200,493.0,0.0,0.0,0.0,43,485.0,492.0,3,512.0,493.0,493.0,493.0,10.0,4930.0,273
2023-05-09 21:55:03,CF401P15200,CF401P15200,493.0,0.0,0.0,0.0,33,485.0,492.0,3,512.0,493.0,493.0,493.0,10.0,4930.0,273
2023-05-09 21:55:03,CF401P15200,CF401P15200,493.0,0.0,0.0,0.0,10,486.0,492.0,3,512.0,493.0,493.0,493.0,10.0,4930.0,273
2023-05-09 21:55:05,CF401P15200,CF401P15200,493.0,0.0,0.0,0.0,3,485.0,492.0,3,512.0,493.0,493.0,493.0,10.0,4930.0,273
2023-05-09 21:55:09,CF401P15200,CF401P15200,493.0,0.0,0.0,0.0,10,486.0,492.0,3,512.0,493.0,493.0,493.0,10.0,4930.0,273
2023-05-09 21:55:10,CF401P15200,CF401P15200,493.0,0.0,0.0,0.0,20,486.0,492.0,3,512.0,493.0,493.0,493.0,10.0,4930.0,273
2023-05-09 21:55:12,CF401P15200,CF401P15200,493.0,0.0,0.0,0.0,10,486.0,492.0,3,512.0,493.0,493.0,493.0,10.0,4930.0,273
2023-05-09 21:55:14,CF401P15200,CF401P15200,493.0,0.0,0.0,0.0,3,485.0,492.0,3,512.0,493.0,493.0,493.0,10.0,4930.0,273
2023-05-09 21:55:19,CF401P15200,CF401P15200,493.0,0.0,0.0,0.0,10,486.0,492.0,3,512.0,493.0,493.0,493.0,10.0,4930.0,273
2023-05-09 21:56:00,CF401P15200,CF401P15200,493.0,0.0,0.0,0.0,10,487.0,492.0,3,512.0,493.0,493.0,493.0,10.0,4930.0,273
2023-05-09 21:56:16,CF401P15200,CF401P15200,493.0,0.0,0.0,0.0,10,487.0,494.0,3,512.0,493.0,493.0,493.0,10.0,4930.0,273
2023-05-09 21:56:17,CF401P15200,CF401P15200,493.0,0.0,0.0,0.0,10,488.0,494.0,3,512.0,493.0,493.0,493.0,10.0,4930.0,273
2023-05-09 21:56:31,CF401P15200,CF401P15200,493.0,0.0,0.0,0.0,10,488.0,496.0,3,512.0,493.0,493.0,493.0,10.0,4930.0,273
2023-05-09 21:56:31,CF401P15200,CF401P15200,493.0,0.0,0.0,0.0,20,488.0,496.0,3,512.0,493.0,493.0,493.0,10.0,4930.0,273
2023-05-09 21:56:36,CF401P15200,CF401P15200,493.0,0.0,0.0,0.0,10,489.0,496.0,3,512.0,493.0,493.0,493.0,10.0,4930.0,273
2023-05-09 21:56:36,CF401P15200,CF401P15200,493.0,0.0,0.0,0.0,20,489.0,496.0,3,512.0,493.0,493.0,493.0,10.0,4930.0,273
2023-05-09 21:56:40,CF401P15200,CF401P15200,493.0,0.0,0.0,0.0,10,489.0,496.0,3,512.0,493.0,493.0,493.0,10.0,4930.0,273
2023-05-09 21:56:43,CF401P15200,CF401P15200,493.0,0.0,0.0,0.0,3,490.0,496.0,3,512.0,493.0,493.0,493.0,10.0,4930.0,273
2023-05-09 21:57:07,CF401P15200,CF401P15200,493.0,0.0,0.0,0.0,20,488.0,496.0,13,512.0,493.0,493.0,493.0,10.0,4930.0,273
2023-05-09 21:57:07,CF401P15200,CF401P15200,493.0,0.0,0.0,0.0,33,487.0,496.0,13,512.0,493.0,493.0,493.0,10.0,4930.0,273
2023-05-09 21:57:08,CF401P15200,CF401P15200,493.0,0.0,0.0,0.0,10,488.0,496.0,13,512.0,493.0,493.0,493.0,10.0,4930.0,273
2023-05-09 21:57:12,CF401P15200,CF401P15200,493.0,0.0,0.0,0.0,20,488.0,496.0,13,512.0,493.0,493.0,493.0,10.0,4930.0,273
2023-05-09 21:57:15,CF401P15200,CF401P15200,493.0,0.0,0.0,0.0,23,487.0,496.0,13,512.0,493.0,493.0,493.0,10.0,4930.0,273
2023-05-09 21:57:16,CF401P15200,CF401P15200,493.0,0.0,0.0,0.0,3,487.0,494.0,3,512.0,493.0,493.0,493.0,10.0,4930.0,273
2023-05-09 21:57:17,CF401P15200,CF401P15200,493.0,0.0,0.0,0.0,3,487.0,494.0,13,512.0,493.0,493.0,493.0,10.0,4930.0,273
2023-05-09 21:57:22,CF401P15200,CF401P15200,493.0,0.0,0.0,0.0,13,485.0,493.0,10,512.0,493.0,493.0,493.0,10.0,4930.0,273
2023-05-09 21:57:23,CF401P15200,CF401P15200,493.0,0.0,0.0,0.0,13,485.0,492.0,3,512.0,493.0,493.0,493.0,10.0,4930.0,273
2023-05-09 21:57:31,CF401P15200,CF401P15200,493.0,0.0,0.0,0.0,3,485.0,492.0,3,512.0,493.0,493.0,493.0,10.0,4930.0,273
2023-05-09 21:58:00,CF401P15200,CF401P15200,493.0,0.0,0.0,0.0,3,483.0,491.0,10,512.0,493.0,493.0,493.0,10.0,4930.0,273
2023-05-09 21:58:01,CF401P15200,CF401P15200,493.0,0.0,0.0,0.0,3,483.0,491.0,20,512.0,493.0,493.0,493.0,10.0,4930.0,273
2023-05-09 21:58:21,CF401P15200,CF401P15200,493.0,0.0,0.0,0.0,3,483.0,491.0,30,512.0,493.0,493.0,493.0,10.0,4930.0,273
2023-05-09 21:58:22,CF401P15200,CF401P15200,493.0,0.0,0.0,0.0,3,483.0,491.0,20,512.0,493.0,493.0,493.0,10.0,4930.0,273
2023-05-09 21:58:26,CF401P15200,CF401P15200,493.0,0.0,0.0,0.0,3,483.0,491.0,30,512.0,493.0,493.0,493.0,10.0,4930.0,273
2023-05-09 21:58:30,CF401P15200,CF401P15200,493.0,0.0,0.0,0.0,3,483.0,490.0,3,512.0,493.0,493.0,493.0,10.0,4930.0,273
2023-05-09 21:58:39,CF401P15200,CF401P15200,493.0,0.0,0.0,0.0,30,480.0,490.0,3,512.0,493.0,493.0,493.0,10.0,4930.0,273
2023-05-09 21:58:48,CF401P15200,CF401P15200,493.0,0.0,0.0,0.0,10,480.0,490.0,23,512.0,493.0,493.0,493.0,10.0,4930.0,273
2023-05-09 21:58:49,CF401P15200,CF401P15200,493.0,0.0,0.0,0.0,40,479.0,490.0,33,512.0,493.0,493.0,493.0,10.0,4930.0,273
2023-05-09 21:58:49,CF401P15200,CF401P15200,493.0,0.0,0.0,0.0,60,479.0,490.0,13,512.0,493.0,493.0,493.0,10.0,4930.0,273
2023-05-09 21:58:50,CF401P15200,CF401P15200,493.0,0.0,0.0,0.0,50,479.0,490.0,13,512.0,493.0,493.0,493.0,10.0,4930.0,273
2023-05-09 21:58:52,CF401P15200,CF401P15200,493.0,0.0,0.0,0.0,50,479.0,487.0,3,512.0,493.0,493.0,493.0,10.0,4930.0,273
2023-05-09 21:58:53,CF401P15200,CF401P15200,493.0,0.0,0.0,0.0,40,479.0,487.0,3,512.0,493.0,493.0,493.0,10.0,4930.0,273
2023-05-09 21:59:46,CF401P15200,CF401P15200,493.0,0.0,0.0,0.0,30,479.0,487.0,3,512.0,493.0,493.0,493.0,10.0,4930.0,273
2023-05-09 22:00:03,CF401P15200,CF401P15200,493.0,0.0,0.0,0.0,20,479.0,487.0,3,512.0,493.0,493.0,493.0,10.0,4930.0,273
2023-05-09 22:00:04,CF401P15200,CF401P15200,493.0,0.0,0.0,0.0,10,479.0,487.0,3,512.0,493.0,493.0,493.0,10.0,4930.0,273
2023-05-09 22:00:07,CF401P15200,CF401P15200,493.0,0.0,0.0,0.0,10,481.0,487.0,3,512.0,493.0,493.0,493.0,10.0,4930.0,273
2023-05-09 22:00:08,CF401P15200,CF401P15200,493.0,0.0,0.0,0.0,20,481.0,487.0,3,512.0,493.0,493.0,493.0,10.0,4930.0,273
2023-05-09 22:00:12,CF401P15200,CF401P15200,493.0,0.0,0.0,0.0,30,481.0,487.0,3,512.0,493.0,493.0,493.0,10.0,4930.0,273
2023-05-09 22:00:15,CF401P15200,CF401P15200,493.0,0.0,0.0,0.0,10,483.0,487.0,3,512.0,493.0,493.0,493.0,10.0,4930.0,273
2023-05-09 22:00:15,CF401P15200,CF401P15200,493.0,0.0,0.0,0.0,30,481.0,487.0,3,512.0,493.0,493.0,493.0,10.0,4930.0,273
2023-05-09 22:00:31,CF401P15200,CF401P15200,493.0,0.0,0.0,0.0,10,481.0,487.0,3,512.0,493.0,493.0,493.0,10.0,4930.0,273
2023-05-09 22:00:35,CF401P15200,CF401P15200,493.0,0.0,0.0,0.0,20,481.0,487.0,3,512.0,493.0,493.0,493.0,10.0,4930.0,273
2023-05-09 22:00:40,CF401P15200,CF401P15200,493.0,0.0,0.0,0.0,30,481.0,487.0,3,512.0,493.0,493.0,493.0,10.0,4930.0,273
2023-05-09 22:00:42,CF401P15200,CF401P15200,493.0,0.0,0.0,0.0,10,483.0,490.0,23,512.0,493.0,493.0,493.0,10.0,4930.0,273
2023-05-09 22:00:43,CF401P15200,CF401P15200,493.0,0.0,0.0,0.0,10,483.0,490.0,13,512.0,493.0,493.0,493.0,10.0,4930.0,273
2023-05-09 22:00:44,CF401P15200,CF401P15200,493.0,0.0,0.0,0.0,10,483.0,490.0,3,512.0,493.0,493.0,493.0,10.0,4930.0,273
2023-05-09 22:00:46,CF401P15200,CF401P15200,493.0,0.0,0.0,0.0,20,483.0,490.0,3,512.0,493.0,493.0,493.0,10.0,4930.0,273
2023-05-09 22:00:50,CF401P15200,CF401P15200,493.0,0.0,0.0,0.0,10,483.0,490.0,3,512.0,493.0,493.0,493.0,10.0,4930.0,273
2023-05-09 22:00:58,CF401P15200,CF401P15200,493.0,0.0,0.0,0.0,20,483.0,490.0,3,512.0,493.0,493.0,493.0,10.0,4930.0,273
2023-05-09 22:00:59,CF401P15200,CF401P15200,493.0,0.0,0.0,0.0,23,482.0,490.0,3,512.0,493.0,493.0,493.0,10.0,4930.0,273
2023-05-09 22:01:00,CF401P15200,CF401P15200,493.0,0.0,0.0,0.0,33,482.0,490.0,3,512.0,493.0,493.0,493.0,10.0,4930.0,273
2023-05-09 22:01:04,CF401P15200,CF401P15200,493.0,0.0,0.0,0.0,23,482.0,490.0,3,512.0,493.0,493.0,493.0,10.0,4930.0,273
2023-05-09 22:01:05,CF401P15200,CF401P15200,493.0,0.0,0.0,0.0,33,482.0,490.0,3,512.0,493.0,493.0,493.0,10.0,4930.0,273
2023-05-09 22:01:08,CF401P15200,CF401P15200,493.0,0.0,0.0,0.0,23,482.0,490.0,3,512.0,493.0,493.0,493.0,10.0,4930.0,273
2023-05-09 22:01:10,CF401P15200,CF401P15200,493.0,0.0,0.0,0.0,33,482.0,490.0,3,512.0,493.0,493.0,493.0,10.0,4930.0,273
2023-05-09 22:01:18,CF401P15200,CF401P15200,493.0,0.0,0.0,0.0,23,482.0,490.0,3,512.0,493.0,493.0,493.0,10.0,4930.0,273
2023-05-09 22:01:28,CF401P15200,CF401P15200,493.0,0.0,0.0,0.0,13,482.0,490.0,3,512.0,493.0,493.0,493.0,10.0,4930.0,273
2023-05-09 22:01:36,CF401P15200,CF401P15200,493.0,0.0,0.0,0.0,23,482.0,490.0,3,512.0,493.0,493.0,493.0,10.0,4930.0,273
2023-05-09 22:01:37,CF401P15200,CF401P15200,493.0,0.0,0.0,0.0,13,482.0,490.0,13,512.0,493.0,493.0,493.0,10.0,4930.0,273
2023-05-09 22:01:37,CF401P15200,CF401P15200,493.0,0.0,0.0,0.0,10,481.0,487.0,3,512.0,493.0,493.0,493.0,10.0,4930.0,273
2023-05-09 22:01:38,CF401P15200,CF401P15200,493.0,0.0,0.0,0.0,23,480.0,487.0,3,512.0,493.0,493.0,493.0,10.0,4930.0,273
2023-05-09 22:01:38,CF401P15200,CF401P15200,493.0,0.0,0.0,0.0,13,480.0,487.0,3,512.0,493.0,493.0,493.0,10.0,4930.0,273
2023-05-09 22:01:45,CF401P15200,CF401P15200,493.0,0.0,0.0,0.0,3,480.0,487.0,3,512.0,493.0,493.0,493.0,10.0,4930.0,273
2023-05-09 22:02:12,CF401P15200,CF401P15200,493.0,0.0,0.0,0.0,13,478.0,487.0,3,512.0,493.0,493.0,493.0,10.0,4930.0,273
2023-05-09 22:03:07,CF401P15200,CF401P15200,493.0,0.0,0.0,0.0,20,479.0,487.0,3,512.0,493.0,493.0,493.0,10.0,4930.0,273
2023-05-09 22:03:17,CF401P15200,CF401P15200,493.0,0.0,0.0,0.0,3,480.0,487.0,3,512.0,493.0,493.0,493.0,10.0,4930.0,273
2023-05-09 22:03:30,CF401P15200,CF401P15200,493.0,0.0,0.0,0.0,13,480.0,487.0,3,512.0,493.0,493.0,493.0,10.0,4930.0,273
2023-05-09 22:03:38,CF401P15200,CF401P15200,493.0,0.0,0.0,0.0,23,480.0,487.0,3,512.0,493.0,493.0,493.0,10.0,4930.0,273
2023-05-09 22:03:45,CF401P15200,CF401P15200,493.0,0.0,0.0,0.0,33,480.0,490.0,33,512.0,493.0,493.0,493.0,10.0,4930.0,273
2023-05-09 22:03:45,CF401P15200,CF401P15200,493.0,0.0,0.0,0.0,43,480.0,490.0,23,512.0,493.0,493.0,493.0,10.0,4930.0,273
2023-05-09 22:03:46,CF401P15200,CF401P15200,493.0,0.0,0.0,0.0,33,480.0,490.0,23,512.0,493.0,493.0,493.0,10.0,4930.0,273
2023-05-09 22:03:52,CF401P15200,CF401P15200,493.0,0.0,0.0,0.0,10,483.0,490.0,23,512.0,493.0,493.0,493.0,10.0,4930.0,273
2023-05-09 22:03:53,CF401P15200,CF401P15200,493.0,0.0,0.0,0.0,10,483.0,490.0,3,512.0,493.0,493.0,493.0,10.0,4930.0,273
2023-05-09 22:03:53,CF401P15200,CF401P15200,493.0,0.0,0.0,0.0,20,482.0,490.0,3,512.0,493.0,493.0,493.0,10.0,4930.0,273
2023-05-09 22:03:59,CF401P15200,CF401P15200,493.0,0.0,0.0,0.0,10,484.0,490.0,3,512.0,493.0,493.0,493.0,10.0,4930.0,273
2023-05-09 22:04:04,CF401P15200,CF401P15200,493.0,0.0,0.0,0.0,20,482.0,490.0,3,512.0,493.0,493.0,493.0,10.0,4930.0,273
2023-05-09 22:04:11,CF401P15200,CF401P15200,493.0,0.0,0.0,0.0,10,482.0,490.0,3,512.0,493.0,493.0,493.0,10.0,4930.0,273
2023-05-09 22:04:26,CF401P15200,CF401P15200,493.0,0.0,0.0,0.0,10,482.0,490.0,13,512.0,493.0,493.0,493.0,10.0,4930.0,273
2023-05-09 22:04:47,CF401P15200,CF401P15200,493.0,0.0,0.0,0.0,20,482.0,490.0,13,512.0,493.0,493.0,493.0,10.0,4930.0,273
2023-05-09 22:05:05,CF401P15200,CF401P15200,493.0,0.0,0.0,0.0,13,480.0,488.0,23,512.0,493.0,493.0,493.0,10.0,4930.0,273
2023-05-09 22:05:06,CF401P15200,CF401P15200,493.0,0.0,0.0,0.0,3,480.0,487.0,10,512.0,493.0,493.0,493.0,10.0,4930.0,273
2023-05-09 22:05:06,CF401P15200,CF401P15200,493.0,0.0,0.0,0.0,3,480.0,488.0,33,512.0,493.0,493.0,493.0,10.0,4930.0,273
