time,symbol_id,symbol_name,last,trade_volume,trade_amount,open_interest_change,bv1,bp1,ap1,av1,yesterday_close,today_open,today_high,today_low,volume,amount,open_interest
2023-05-09 19:10:58,CF401P15400,CF401P15400,590.0,0.0,0.0,-34.0,0,0.0,0.0,0,590.0,580.0,0.0,0.0,0.0,0.0,305
2023-05-09 20:59:00,CF401P15400,CF401P15400,590.0,0.0,0.0,0.0,19,168.0,0.0,0,590.0,580.0,0.0,0.0,0.0,0.0,305
2023-05-09 21:00:00,CF401P15400,CF401P15400,590.0,0.0,0.0,0.0,10,174.0,0.0,0,590.0,580.0,0.0,0.0,0.0,0.0,305
2023-05-09 21:00:02,CF401P15400,CF401P15400,590.0,0.0,0.0,0.0,12,280.0,914.0,12,590.0,580.0,0.0,0.0,0.0,0.0,305
2023-05-09 21:00:03,CF401P15400,CF401P15400,590.0,0.0,0.0,0.0,10,281.0,908.0,10,590.0,580.0,0.0,0.0,0.0,0.0,305
2023-05-09 21:00:04,CF401P15400,CF401P15400,590.0,0.0,0.0,0.0,12,358.0,831.0,12,590.0,580.0,0.0,0.0,0.0,0.0,305
2023-05-09 21:00:05,CF401P15400,CF401P15400,590.0,0.0,0.0,0.0,10,359.0,831.0,12,590.0,580.0,0.0,0.0,0.0,0.0,305
2023-05-09 21:00:05,CF401P15400,CF401P15400,590.0,0.0,0.0,0.0,10,359.0,819.0,10,590.0,580.0,0.0,0.0,0.0,0.0,305
2023-05-09 21:00:05,CF401P15400,CF401P15400,590.0,0.0,0.0,0.0,10,359.0,831.0,12,590.0,580.0,0.0,0.0,0.0,0.0,305
2023-05-09 21:00:05,CF401P15400,CF401P15400,590.0,0.0,0.0,0.0,10,359.0,819.0,10,590.0,580.0,0.0,0.0,0.0,0.0,305
2023-05-09 21:00:06,CF401P15400,CF401P15400,590.0,0.0,0.0,0.0,10,359.0,742.0,12,590.0,580.0,0.0,0.0,0.0,0.0,305
2023-05-09 21:00:07,CF401P15400,CF401P15400,590.0,0.0,0.0,0.0,10,359.0,736.0,10,590.0,580.0,0.0,0.0,0.0,0.0,305
2023-05-09 21:00:08,CF401P15400,CF401P15400,590.0,0.0,0.0,0.0,10,359.0,659.0,12,590.0,580.0,0.0,0.0,0.0,0.0,305
2023-05-09 21:00:09,CF401P15400,CF401P15400,590.0,0.0,0.0,0.0,12,436.0,659.0,22,590.0,580.0,0.0,0.0,0.0,0.0,305
2023-05-09 21:00:09,CF401P15400,CF401P15400,590.0,0.0,0.0,0.0,10,437.0,659.0,12,590.0,580.0,0.0,0.0,0.0,0.0,305
2023-05-09 21:00:10,CF401P15400,CF401P15400,590.0,0.0,0.0,0.0,10,443.0,659.0,12,590.0,580.0,0.0,0.0,0.0,0.0,305
2023-05-09 21:00:10,CF401P15400,CF401P15400,590.0,0.0,0.0,0.0,10,515.0,659.0,12,590.0,580.0,0.0,0.0,0.0,0.0,305
2023-05-09 21:00:11,CF401P15400,CF401P15400,590.0,0.0,0.0,0.0,10,515.0,824.0,10,590.0,580.0,0.0,0.0,0.0,0.0,305
2023-05-09 21:00:13,CF401P15400,CF401P15400,590.0,0.0,0.0,0.0,2,556.0,824.0,10,590.0,580.0,0.0,0.0,0.0,0.0,305
2023-05-09 21:00:13,CF401P15400,CF401P15400,590.0,0.0,0.0,0.0,10,557.0,824.0,10,590.0,580.0,0.0,0.0,0.0,0.0,305
2023-05-09 21:00:14,CF401P15400,CF401P15400,590.0,0.0,0.0,0.0,10,557.0,741.0,10,590.0,580.0,0.0,0.0,0.0,0.0,305
2023-05-09 21:00:15,CF401P15400,CF401P15400,590.0,0.0,0.0,0.0,10,557.0,659.0,10,590.0,580.0,0.0,0.0,0.0,0.0,305
2023-05-09 21:00:15,CF401P15400,CF401P15400,590.0,0.0,0.0,0.0,10,557.0,658.0,10,590.0,580.0,0.0,0.0,0.0,0.0,305
2023-05-09 21:00:16,CF401P15400,CF401P15400,590.0,0.0,0.0,0.0,10,557.0,613.0,2,590.0,580.0,0.0,0.0,0.0,0.0,305
2023-05-09 21:00:23,CF401P15400,CF401P15400,590.0,0.0,0.0,0.0,10,557.0,741.0,10,590.0,580.0,0.0,0.0,0.0,0.0,305
2023-05-09 21:00:24,CF401P15400,CF401P15400,590.0,0.0,0.0,0.0,10,557.0,660.0,10,590.0,580.0,0.0,0.0,0.0,0.0,305
2023-05-09 21:00:24,CF401P15400,CF401P15400,590.0,0.0,0.0,0.0,10,557.0,616.0,2,590.0,580.0,0.0,0.0,0.0,0.0,305
2023-05-09 21:00:30,CF401P15400,CF401P15400,590.0,0.0,0.0,0.0,10,557.0,741.0,10,590.0,580.0,0.0,0.0,0.0,0.0,305
2023-05-09 21:00:30,CF401P15400,CF401P15400,590.0,0.0,0.0,0.0,10,557.0,658.0,10,590.0,580.0,0.0,0.0,0.0,0.0,305
2023-05-09 21:00:31,CF401P15400,CF401P15400,590.0,0.0,0.0,0.0,10,557.0,615.0,2,590.0,580.0,0.0,0.0,0.0,0.0,305
2023-05-09 21:00:37,CF401P15400,CF401P15400,590.0,0.0,0.0,0.0,10,557.0,747.0,2,590.0,580.0,0.0,0.0,0.0,0.0,305
2023-05-09 21:00:37,CF401P15400,CF401P15400,590.0,0.0,0.0,0.0,10,557.0,664.0,2,590.0,580.0,0.0,0.0,0.0,0.0,305
2023-05-09 21:00:38,CF401P15400,CF401P15400,590.0,0.0,0.0,0.0,10,557.0,616.0,2,590.0,580.0,0.0,0.0,0.0,0.0,305
2023-05-09 21:00:48,CF401P15400,CF401P15400,590.0,0.0,0.0,0.0,10,557.0,659.0,10,590.0,580.0,0.0,0.0,0.0,0.0,305
2023-05-09 21:00:50,CF401P15400,CF401P15400,590.0,0.0,0.0,0.0,10,557.0,615.0,1,590.0,580.0,0.0,0.0,0.0,0.0,305
2023-05-09 21:01:11,CF401P15400,CF401P15400,590.0,0.0,0.0,0.0,10,557.0,590.0,3,590.0,580.0,0.0,0.0,0.0,0.0,305
2023-05-09 21:01:12,CF401P15400,CF401P15400,590.0,0.0,0.0,0.0,3,580.0,590.0,3,590.0,580.0,0.0,0.0,0.0,0.0,305
2023-05-09 21:01:15,CF401P15400,CF401P15400,590.0,0.0,0.0,0.0,3,583.0,590.0,3,590.0,580.0,0.0,0.0,0.0,0.0,305
2023-05-09 21:01:17,CF401P15400,CF401P15400,590.0,0.0,0.0,0.0,3,583.0,615.0,1,590.0,580.0,0.0,0.0,0.0,0.0,305
2023-05-09 21:01:18,CF401P15400,CF401P15400,590.0,0.0,0.0,0.0,3,583.0,595.0,3,590.0,580.0,0.0,0.0,0.0,0.0,305
2023-05-09 21:01:29,CF401P15400,CF401P15400,590.0,0.0,0.0,0.0,3,586.0,595.0,3,590.0,580.0,0.0,0.0,0.0,0.0,305
2023-05-09 21:01:32,CF401P15400,CF401P15400,590.0,0.0,0.0,0.0,3,583.0,595.0,3,590.0,580.0,0.0,0.0,0.0,0.0,305
2023-05-09 21:01:33,CF401P15400,CF401P15400,590.0,0.0,0.0,0.0,3,583.0,590.0,3,590.0,580.0,0.0,0.0,0.0,0.0,305
2023-05-09 21:01:43,CF401P15400,CF401P15400,590.0,0.0,0.0,0.0,3,580.0,590.0,3,590.0,580.0,0.0,0.0,0.0,0.0,305
2023-05-09 21:02:24,CF401P15400,CF401P15400,590.0,0.0,0.0,0.0,3,580.0,587.0,3,590.0,580.0,0.0,0.0,0.0,0.0,305
2023-05-09 21:02:28,CF401P15400,CF401P15400,590.0,0.0,0.0,0.0,10,555.0,587.0,3,590.0,580.0,0.0,0.0,0.0,0.0,305
2023-05-09 21:02:29,CF401P15400,CF401P15400,590.0,0.0,0.0,0.0,3,573.0,587.0,3,590.0,580.0,0.0,0.0,0.0,0.0,305
2023-05-09 21:02:30,CF401P15400,CF401P15400,590.0,0.0,0.0,0.0,3,573.0,584.0,3,590.0,580.0,0.0,0.0,0.0,0.0,305
2023-05-09 21:02:37,CF401P15400,CF401P15400,590.0,0.0,0.0,0.0,3,573.0,581.0,3,590.0,580.0,0.0,0.0,0.0,0.0,305
2023-05-09 21:03:09,CF401P15400,CF401P15400,590.0,0.0,0.0,0.0,10,558.0,581.0,3,590.0,580.0,0.0,0.0,0.0,0.0,305
2023-05-09 21:03:09,CF401P15400,CF401P15400,590.0,0.0,0.0,0.0,10,556.0,581.0,3,590.0,580.0,0.0,0.0,0.0,0.0,305
2023-05-09 21:03:10,CF401P15400,CF401P15400,590.0,0.0,0.0,0.0,3,567.0,578.0,3,590.0,580.0,0.0,0.0,0.0,0.0,305
2023-05-09 21:03:17,CF401P15400,CF401P15400,590.0,0.0,0.0,0.0,3,567.0,575.0,3,590.0,580.0,0.0,0.0,0.0,0.0,305
2023-05-09 21:03:25,CF401P15400,CF401P15400,590.0,0.0,0.0,0.0,3,562.0,575.0,3,590.0,580.0,0.0,0.0,0.0,0.0,305
2023-05-09 21:03:29,CF401P15400,CF401P15400,590.0,0.0,0.0,0.0,3,562.0,572.0,3,590.0,580.0,0.0,0.0,0.0,0.0,305
2023-05-09 21:03:59,CF401P15400,CF401P15400,590.0,0.0,0.0,0.0,3,565.0,575.0,3,590.0,580.0,0.0,0.0,0.0,0.0,305
2023-05-09 21:04:42,CF401P15400,CF401P15400,590.0,0.0,0.0,0.0,23,565.0,575.0,3,590.0,580.0,0.0,0.0,0.0,0.0,305
2023-05-09 21:04:49,CF401P15400,CF401P15400,590.0,0.0,0.0,0.0,13,565.0,575.0,3,590.0,580.0,0.0,0.0,0.0,0.0,305
2023-05-09 21:05:01,CF401P15400,CF401P15400,590.0,0.0,0.0,0.0,3,568.0,575.0,3,590.0,580.0,0.0,0.0,0.0,0.0,305
2023-05-09 21:05:04,CF401P15400,CF401P15400,590.0,0.0,0.0,0.0,3,568.0,578.0,3,590.0,580.0,0.0,0.0,0.0,0.0,305
2023-05-09 21:05:08,CF401P15400,CF401P15400,590.0,0.0,0.0,0.0,10,570.0,578.0,3,590.0,580.0,0.0,0.0,0.0,0.0,305
2023-05-09 21:05:08,CF401P15400,CF401P15400,590.0,0.0,0.0,0.0,3,571.0,578.0,3,590.0,580.0,0.0,0.0,0.0,0.0,305
2023-05-09 21:05:09,CF401P15400,CF401P15400,590.0,0.0,0.0,0.0,10,573.0,581.0,3,590.0,580.0,0.0,0.0,0.0,0.0,305
2023-05-09 21:05:11,CF401P15400,CF401P15400,590.0,0.0,0.0,0.0,20,573.0,581.0,3,590.0,580.0,0.0,0.0,0.0,0.0,305
2023-05-09 21:05:12,CF401P15400,CF401P15400,590.0,0.0,0.0,0.0,10,573.0,581.0,3,590.0,580.0,0.0,0.0,0.0,0.0,305
2023-05-09 21:05:14,CF401P15400,CF401P15400,590.0,0.0,0.0,0.0,3,571.0,581.0,3,590.0,580.0,0.0,0.0,0.0,0.0,305
2023-05-09 21:05:16,CF401P15400,CF401P15400,590.0,0.0,0.0,0.0,10,572.0,581.0,3,590.0,580.0,0.0,0.0,0.0,0.0,305
2023-05-09 21:05:16,CF401P15400,CF401P15400,590.0,0.0,0.0,0.0,20,572.0,581.0,3,590.0,580.0,0.0,0.0,0.0,0.0,305
2023-05-09 21:05:20,CF401P15400,CF401P15400,590.0,0.0,0.0,0.0,10,572.0,581.0,3,590.0,580.0,0.0,0.0,0.0,0.0,305
2023-05-09 21:05:21,CF401P15400,CF401P15400,590.0,0.0,0.0,0.0,3,571.0,581.0,3,590.0,580.0,0.0,0.0,0.0,0.0,305
2023-05-09 21:05:25,CF401P15400,CF401P15400,590.0,0.0,0.0,0.0,3,571.0,581.0,13,590.0,580.0,0.0,0.0,0.0,0.0,305
2023-05-09 21:05:32,CF401P15400,CF401P15400,590.0,0.0,0.0,0.0,3,571.0,581.0,3,590.0,580.0,0.0,0.0,0.0,0.0,305
2023-05-09 21:05:33,CF401P15400,CF401P15400,590.0,0.0,0.0,0.0,10,573.0,581.0,3,590.0,580.0,0.0,0.0,0.0,0.0,305
2023-05-09 21:05:33,CF401P15400,CF401P15400,590.0,0.0,0.0,0.0,20,573.0,586.0,10,590.0,580.0,0.0,0.0,0.0,0.0,305
2023-05-09 21:05:34,CF401P15400,CF401P15400,590.0,0.0,0.0,0.0,10,573.0,585.0,3,590.0,580.0,0.0,0.0,0.0,0.0,305
2023-05-09 21:05:34,CF401P15400,CF401P15400,590.0,0.0,0.0,0.0,3,574.0,585.0,3,590.0,580.0,0.0,0.0,0.0,0.0,305
2023-05-09 21:05:36,CF401P15400,CF401P15400,590.0,0.0,0.0,0.0,10,576.0,585.0,3,590.0,580.0,0.0,0.0,0.0,0.0,305
2023-05-09 21:05:47,CF401P15400,CF401P15400,590.0,0.0,0.0,0.0,20,576.0,585.0,3,590.0,580.0,0.0,0.0,0.0,0.0,305
2023-05-09 21:05:49,CF401P15400,CF401P15400,590.0,0.0,0.0,0.0,10,578.0,585.0,3,590.0,580.0,0.0,0.0,0.0,0.0,305
2023-05-09 21:05:49,CF401P15400,CF401P15400,590.0,0.0,0.0,0.0,20,578.0,585.0,3,590.0,580.0,0.0,0.0,0.0,0.0,305
2023-05-09 21:05:50,CF401P15400,CF401P15400,590.0,0.0,0.0,0.0,20,578.0,590.0,10,590.0,580.0,0.0,0.0,0.0,0.0,305
2023-05-09 21:05:50,CF401P15400,CF401P15400,590.0,0.0,0.0,0.0,10,578.0,589.0,3,590.0,580.0,0.0,0.0,0.0,0.0,305
2023-05-09 21:05:54,CF401P15400,CF401P15400,590.0,0.0,0.0,0.0,3,577.0,586.0,3,590.0,580.0,0.0,0.0,0.0,0.0,305
2023-05-09 21:06:04,CF401P15400,CF401P15400,590.0,0.0,0.0,0.0,20,575.0,583.0,3,590.0,580.0,0.0,0.0,0.0,0.0,305
2023-05-09 21:06:05,CF401P15400,CF401P15400,590.0,0.0,0.0,0.0,3,574.0,583.0,3,590.0,580.0,0.0,0.0,0.0,0.0,305
2023-05-09 21:06:21,CF401P15400,CF401P15400,590.0,0.0,0.0,0.0,3,577.0,586.0,13,590.0,580.0,0.0,0.0,0.0,0.0,305
2023-05-09 21:06:21,CF401P15400,CF401P15400,590.0,0.0,0.0,0.0,3,577.0,586.0,3,590.0,580.0,0.0,0.0,0.0,0.0,305
2023-05-09 21:06:21,CF401P15400,CF401P15400,590.0,0.0,0.0,0.0,3,577.0,586.0,13,590.0,580.0,0.0,0.0,0.0,0.0,305
2023-05-09 21:06:21,CF401P15400,CF401P15400,590.0,0.0,0.0,0.0,3,577.0,586.0,3,590.0,580.0,0.0,0.0,0.0,0.0,305
2023-05-09 21:06:30,CF401P15400,CF401P15400,590.0,0.0,0.0,0.0,10,579.0,586.0,3,590.0,580.0,0.0,0.0,0.0,0.0,305
2023-05-09 21:06:31,CF401P15400,CF401P15400,590.0,0.0,0.0,0.0,20,579.0,586.0,3,590.0,580.0,0.0,0.0,0.0,0.0,305
2023-05-09 21:06:32,CF401P15400,CF401P15400,590.0,0.0,0.0,0.0,10,579.0,586.0,3,590.0,580.0,0.0,0.0,0.0,0.0,305
2023-05-09 21:06:34,CF401P15400,CF401P15400,590.0,0.0,0.0,0.0,3,577.0,586.0,3,590.0,580.0,0.0,0.0,0.0,0.0,305
2023-05-09 21:06:36,CF401P15400,CF401P15400,590.0,0.0,0.0,0.0,10,579.0,586.0,3,590.0,580.0,0.0,0.0,0.0,0.0,305
2023-05-09 21:06:36,CF401P15400,CF401P15400,590.0,0.0,0.0,0.0,20,579.0,586.0,3,590.0,580.0,0.0,0.0,0.0,0.0,305
2023-05-09 21:06:38,CF401P15400,CF401P15400,590.0,0.0,0.0,0.0,10,579.0,586.0,3,590.0,580.0,0.0,0.0,0.0,0.0,305
2023-05-09 21:06:39,CF401P15400,CF401P15400,590.0,0.0,0.0,0.0,20,579.0,589.0,3,590.0,580.0,0.0,0.0,0.0,0.0,305
2023-05-09 21:06:40,CF401P15400,CF401P15400,590.0,0.0,0.0,0.0,3,580.0,589.0,3,590.0,580.0,0.0,0.0,0.0,0.0,305
2023-05-09 21:06:43,CF401P15400,CF401P15400,590.0,0.0,0.0,0.0,10,583.0,589.0,3,590.0,580.0,0.0,0.0,0.0,0.0,305
2023-05-09 21:06:45,CF401P15400,CF401P15400,590.0,0.0,0.0,0.0,20,583.0,589.0,3,590.0,580.0,0.0,0.0,0.0,0.0,305
2023-05-09 21:06:45,CF401P15400,CF401P15400,590.0,0.0,0.0,0.0,10,583.0,594.0,3,590.0,580.0,0.0,0.0,0.0,0.0,305
2023-05-09 21:06:46,CF401P15400,CF401P15400,590.0,0.0,0.0,0.0,20,583.0,594.0,3,590.0,580.0,0.0,0.0,0.0,0.0,305
2023-05-09 21:06:48,CF401P15400,CF401P15400,590.0,0.0,0.0,0.0,23,583.0,594.0,3,590.0,580.0,0.0,0.0,0.0,0.0,305
2023-05-09 21:06:48,CF401P15400,CF401P15400,590.0,0.0,0.0,0.0,13,583.0,594.0,3,590.0,580.0,0.0,0.0,0.0,0.0,305
2023-05-09 21:06:48,CF401P15400,CF401P15400,590.0,0.0,0.0,0.0,23,583.0,594.0,3,590.0,580.0,0.0,0.0,0.0,0.0,305
2023-05-09 21:06:49,CF401P15400,CF401P15400,590.0,0.0,0.0,0.0,10,584.0,594.0,3,590.0,580.0,0.0,0.0,0.0,0.0,305
2023-05-09 21:06:52,CF401P15400,CF401P15400,590.0,0.0,0.0,0.0,10,587.0,594.0,3,590.0,580.0,0.0,0.0,0.0,0.0,305
2023-05-09 21:06:54,CF401P15400,CF401P15400,590.0,0.0,0.0,0.0,3,586.0,594.0,3,590.0,580.0,0.0,0.0,0.0,0.0,305
2023-05-09 21:06:57,CF401P15400,CF401P15400,590.0,0.0,0.0,0.0,10,587.0,594.0,3,590.0,580.0,0.0,0.0,0.0,0.0,305
2023-05-09 21:06:59,CF401P15400,CF401P15400,590.0,0.0,0.0,0.0,10,587.0,598.0,20,590.0,580.0,0.0,0.0,0.0,0.0,305
2023-05-09 21:07:02,CF401P15400,CF401P15400,590.0,0.0,0.0,0.0,20,587.0,599.0,3,590.0,580.0,0.0,0.0,0.0,0.0,305
2023-05-09 21:07:02,CF401P15400,CF401P15400,590.0,0.0,0.0,0.0,10,589.0,599.0,3,590.0,580.0,0.0,0.0,0.0,0.0,305
2023-05-09 21:07:03,CF401P15400,CF401P15400,590.0,0.0,0.0,0.0,20,589.0,599.0,3,590.0,580.0,0.0,0.0,0.0,0.0,305
2023-05-09 21:07:04,CF401P15400,CF401P15400,590.0,0.0,0.0,0.0,10,589.0,599.0,3,590.0,580.0,0.0,0.0,0.0,0.0,305
2023-05-09 21:07:04,CF401P15400,CF401P15400,590.0,0.0,0.0,0.0,10,587.0,599.0,3,590.0,580.0,0.0,0.0,0.0,0.0,305
2023-05-09 21:07:05,CF401P15400,CF401P15400,590.0,0.0,0.0,0.0,10,587.0,599.0,13,590.0,580.0,0.0,0.0,0.0,0.0,305
2023-05-09 21:07:06,CF401P15400,CF401P15400,590.0,0.0,0.0,0.0,13,589.0,599.0,13,590.0,580.0,0.0,0.0,0.0,0.0,305
2023-05-09 21:07:06,CF401P15400,CF401P15400,590.0,0.0,0.0,0.0,13,589.0,599.0,3,590.0,580.0,0.0,0.0,0.0,0.0,305
2023-05-09 21:07:36,CF401P15400,CF401P15400,590.0,0.0,0.0,0.0,3,589.0,599.0,13,590.0,580.0,0.0,0.0,0.0,0.0,305
2023-05-09 21:07:36,CF401P15400,CF401P15400,590.0,0.0,0.0,0.0,3,589.0,599.0,23,590.0,580.0,0.0,0.0,0.0,0.0,305
2023-05-09 21:07:37,CF401P15400,CF401P15400,590.0,0.0,0.0,0.0,3,589.0,596.0,3,590.0,580.0,0.0,0.0,0.0,0.0,305
2023-05-09 21:07:40,CF401P15400,CF401P15400,590.0,0.0,0.0,0.0,13,586.0,596.0,3,590.0,580.0,0.0,0.0,0.0,0.0,305
2023-05-09 21:07:42,CF401P15400,CF401P15400,590.0,0.0,0.0,0.0,3,586.0,596.0,3,590.0,580.0,0.0,0.0,0.0,0.0,305
2023-05-09 21:08:02,CF401P15400,CF401P15400,590.0,0.0,0.0,0.0,3,586.0,593.0,3,590.0,580.0,0.0,0.0,0.0,0.0,305
2023-05-09 21:08:19,CF401P15400,CF401P15400,590.0,0.0,0.0,0.0,3,583.0,593.0,3,590.0,580.0,0.0,0.0,0.0,0.0,305
2023-05-09 21:08:19,CF401P15400,CF401P15400,590.0,0.0,0.0,0.0,3,583.0,593.0,13,590.0,580.0,0.0,0.0,0.0,0.0,305
2023-05-09 21:08:21,CF401P15400,CF401P15400,590.0,0.0,0.0,0.0,3,583.0,593.0,3,590.0,580.0,0.0,0.0,0.0,0.0,305
2023-05-09 21:08:24,CF401P15400,CF401P15400,590.0,0.0,0.0,0.0,10,584.0,593.0,3,590.0,580.0,0.0,0.0,0.0,0.0,305
2023-05-09 21:08:42,CF401P15400,CF401P15400,590.0,0.0,0.0,0.0,10,585.0,593.0,3,590.0,580.0,0.0,0.0,0.0,0.0,305
2023-05-09 21:08:47,CF401P15400,CF401P15400,590.0,0.0,0.0,0.0,3,586.0,593.0,3,590.0,580.0,0.0,0.0,0.0,0.0,305
2023-05-09 21:08:49,CF401P15400,CF401P15400,590.0,0.0,0.0,0.0,3,586.0,596.0,3,590.0,580.0,0.0,0.0,0.0,0.0,305
2023-05-09 21:09:00,CF401P15400,CF401P15400,590.0,0.0,0.0,0.0,3,586.0,595.0,10,590.0,580.0,0.0,0.0,0.0,0.0,305
2023-05-09 21:09:03,CF401P15400,CF401P15400,590.0,0.0,0.0,0.0,3,586.0,592.0,10,590.0,580.0,0.0,0.0,0.0,0.0,305
2023-05-09 21:09:05,CF401P15400,CF401P15400,590.0,0.0,0.0,0.0,3,586.0,590.0,10,590.0,580.0,0.0,0.0,0.0,0.0,305
2023-05-09 21:09:06,CF401P15400,CF401P15400,590.0,0.0,0.0,0.0,3,583.0,590.0,10,590.0,580.0,0.0,0.0,0.0,0.0,305
2023-05-09 21:09:39,CF401P15400,CF401P15400,590.0,0.0,0.0,0.0,3,583.0,591.0,10,590.0,580.0,0.0,0.0,0.0,0.0,305
2023-05-09 21:09:43,CF401P15400,CF401P15400,590.0,0.0,0.0,0.0,3,583.0,590.0,10,590.0,580.0,0.0,0.0,0.0,0.0,305
2023-05-09 21:09:53,CF401P15400,CF401P15400,590.0,0.0,0.0,0.0,3,583.0,592.0,13,590.0,580.0,0.0,0.0,0.0,0.0,305
2023-05-09 21:10:11,CF401P15400,CF401P15400,590.0,0.0,0.0,0.0,3,583.0,591.0,10,590.0,580.0,0.0,0.0,0.0,0.0,305
2023-05-09 21:10:11,CF401P15400,CF401P15400,590.0,0.0,0.0,0.0,3,583.0,590.0,10,590.0,580.0,0.0,0.0,0.0,0.0,305
2023-05-09 21:10:14,CF401P15400,CF401P15400,590.0,0.0,0.0,0.0,3,583.0,590.0,20,590.0,580.0,0.0,0.0,0.0,0.0,305
2023-05-09 21:10:16,CF401P15400,CF401P15400,590.0,0.0,0.0,0.0,3,583.0,590.0,10,590.0,580.0,0.0,0.0,0.0,0.0,305
2023-05-09 21:10:25,CF401P15400,CF401P15400,590.0,0.0,0.0,0.0,10,581.0,589.0,3,590.0,580.0,0.0,0.0,0.0,0.0,305
2023-05-09 21:10:26,CF401P15400,CF401P15400,590.0,0.0,0.0,0.0,10,581.0,588.0,10,590.0,580.0,0.0,0.0,0.0,0.0,305
2023-05-09 21:10:26,CF401P15400,CF401P15400,590.0,0.0,0.0,0.0,13,580.0,588.0,10,590.0,580.0,0.0,0.0,0.0,0.0,305
2023-05-09 21:10:27,CF401P15400,CF401P15400,590.0,0.0,0.0,0.0,23,580.0,588.0,10,590.0,580.0,0.0,0.0,0.0,0.0,305
2023-05-09 21:10:31,CF401P15400,CF401P15400,590.0,0.0,0.0,0.0,13,580.0,588.0,10,590.0,580.0,0.0,0.0,0.0,0.0,305
2023-05-09 21:10:32,CF401P15400,CF401P15400,590.0,0.0,0.0,0.0,23,580.0,588.0,10,590.0,580.0,0.0,0.0,0.0,0.0,305
2023-05-09 21:10:36,CF401P15400,CF401P15400,590.0,0.0,0.0,0.0,13,580.0,588.0,10,590.0,580.0,0.0,0.0,0.0,0.0,305
2023-05-09 21:10:37,CF401P15400,CF401P15400,590.0,0.0,0.0,0.0,23,580.0,588.0,10,590.0,580.0,0.0,0.0,0.0,0.0,305
2023-05-09 21:10:41,CF401P15400,CF401P15400,590.0,0.0,0.0,0.0,13,580.0,588.0,10,590.0,580.0,0.0,0.0,0.0,0.0,305
2023-05-09 21:10:43,CF401P15400,CF401P15400,590.0,0.0,0.0,0.0,23,580.0,588.0,10,590.0,580.0,0.0,0.0,0.0,0.0,305
2023-05-09 21:10:44,CF401P15400,CF401P15400,590.0,0.0,0.0,0.0,23,580.0,589.0,23,590.0,580.0,0.0,0.0,0.0,0.0,305
2023-05-09 21:10:45,CF401P15400,CF401P15400,590.0,0.0,0.0,0.0,33,580.0,589.0,23,590.0,580.0,0.0,0.0,0.0,0.0,305
2023-05-09 21:10:45,CF401P15400,CF401P15400,590.0,0.0,0.0,0.0,23,580.0,588.0,10,590.0,580.0,0.0,0.0,0.0,0.0,305
2023-05-09 21:10:48,CF401P15400,CF401P15400,590.0,0.0,0.0,0.0,13,580.0,588.0,10,590.0,580.0,0.0,0.0,0.0,0.0,305
2023-05-09 21:10:48,CF401P15400,CF401P15400,590.0,0.0,0.0,0.0,23,580.0,588.0,10,590.0,580.0,0.0,0.0,0.0,0.0,305
2023-05-09 21:10:50,CF401P15400,CF401P15400,590.0,0.0,0.0,0.0,13,580.0,588.0,10,590.0,580.0,0.0,0.0,0.0,0.0,305
2023-05-09 21:10:52,CF401P15400,CF401P15400,590.0,0.0,0.0,0.0,23,580.0,588.0,10,590.0,580.0,0.0,0.0,0.0,0.0,305
2023-05-09 21:10:54,CF401P15400,CF401P15400,590.0,0.0,0.0,0.0,13,580.0,588.0,10,590.0,580.0,0.0,0.0,0.0,0.0,305
2023-05-09 21:10:54,CF401P15400,CF401P15400,590.0,0.0,0.0,0.0,23,580.0,588.0,10,590.0,580.0,0.0,0.0,0.0,0.0,305
2023-05-09 21:10:58,CF401P15400,CF401P15400,590.0,0.0,0.0,0.0,13,580.0,588.0,10,590.0,580.0,0.0,0.0,0.0,0.0,305
2023-05-09 21:11:00,CF401P15400,CF401P15400,590.0,0.0,0.0,0.0,23,580.0,588.0,10,590.0,580.0,0.0,0.0,0.0,0.0,305
2023-05-09 21:11:01,CF401P15400,CF401P15400,590.0,0.0,0.0,0.0,13,580.0,588.0,10,590.0,580.0,0.0,0.0,0.0,0.0,305
2023-05-09 21:11:07,CF401P15400,CF401P15400,590.0,0.0,0.0,0.0,13,580.0,587.0,10,590.0,580.0,0.0,0.0,0.0,0.0,305
2023-05-09 21:11:08,CF401P15400,CF401P15400,590.0,0.0,0.0,0.0,3,580.0,587.0,10,590.0,580.0,0.0,0.0,0.0,0.0,305
2023-05-09 21:11:22,CF401P15400,CF401P15400,590.0,0.0,0.0,0.0,3,580.0,586.0,10,590.0,580.0,0.0,0.0,0.0,0.0,305
2023-05-09 21:11:30,CF401P15400,CF401P15400,590.0,0.0,0.0,0.0,3,580.0,587.0,10,590.0,580.0,0.0,0.0,0.0,0.0,305
2023-05-09 21:11:30,CF401P15400,CF401P15400,590.0,0.0,0.0,0.0,3,580.0,588.0,20,590.0,580.0,0.0,0.0,0.0,0.0,305
2023-05-09 21:11:31,CF401P15400,CF401P15400,590.0,0.0,0.0,0.0,3,580.0,588.0,10,590.0,580.0,0.0,0.0,0.0,0.0,305
2023-05-09 21:12:02,CF401P15400,CF401P15400,590.0,0.0,0.0,0.0,3,580.0,587.0,20,590.0,580.0,0.0,0.0,0.0,0.0,305
2023-05-09 21:12:03,CF401P15400,CF401P15400,590.0,0.0,0.0,0.0,3,580.0,587.0,10,590.0,580.0,0.0,0.0,0.0,0.0,305
2023-05-09 21:12:57,CF401P15400,CF401P15400,590.0,0.0,0.0,0.0,3,580.0,588.0,10,590.0,580.0,0.0,0.0,0.0,0.0,305
2023-05-09 21:13:00,CF401P15400,CF401P15400,590.0,0.0,0.0,0.0,10,581.0,588.0,10,590.0,580.0,0.0,0.0,0.0,0.0,305
2023-05-09 21:13:01,CF401P15400,CF401P15400,590.0,0.0,0.0,0.0,3,580.0,588.0,10,590.0,580.0,0.0,0.0,0.0,0.0,305
2023-05-09 21:13:03,CF401P15400,CF401P15400,590.0,0.0,0.0,0.0,13,580.0,589.0,3,590.0,580.0,0.0,0.0,0.0,0.0,305
2023-05-09 21:13:05,CF401P15400,CF401P15400,590.0,0.0,0.0,0.0,10,581.0,589.0,3,590.0,580.0,0.0,0.0,0.0,0.0,305
2023-05-09 21:13:08,CF401P15400,CF401P15400,590.0,0.0,0.0,0.0,33,580.0,589.0,3,590.0,580.0,0.0,0.0,0.0,0.0,305
2023-05-09 21:13:13,CF401P15400,CF401P15400,590.0,0.0,0.0,0.0,10,583.0,589.0,3,590.0,580.0,0.0,0.0,0.0,0.0,305
2023-05-09 21:13:16,CF401P15400,CF401P15400,590.0,0.0,0.0,0.0,30,581.0,589.0,3,590.0,580.0,0.0,0.0,0.0,0.0,305
2023-05-09 21:13:18,CF401P15400,CF401P15400,590.0,0.0,0.0,0.0,20,581.0,589.0,3,590.0,580.0,0.0,0.0,0.0,0.0,305
2023-05-09 21:13:18,CF401P15400,CF401P15400,590.0,0.0,0.0,0.0,30,581.0,589.0,3,590.0,580.0,0.0,0.0,0.0,0.0,305
2023-05-09 21:13:19,CF401P15400,CF401P15400,590.0,0.0,0.0,0.0,20,581.0,589.0,3,590.0,580.0,0.0,0.0,0.0,0.0,305
2023-05-09 21:13:24,CF401P15400,CF401P15400,590.0,0.0,0.0,0.0,10,581.0,589.0,3,590.0,580.0,0.0,0.0,0.0,0.0,305
2023-05-09 21:13:24,CF401P15400,CF401P15400,590.0,0.0,0.0,0.0,23,580.0,589.0,3,590.0,580.0,0.0,0.0,0.0,0.0,305
2023-05-09 21:13:25,CF401P15400,CF401P15400,590.0,0.0,0.0,0.0,33,580.0,589.0,3,590.0,580.0,0.0,0.0,0.0,0.0,305
2023-05-09 21:13:27,CF401P15400,CF401P15400,590.0,0.0,0.0,0.0,23,580.0,589.0,3,590.0,580.0,0.0,0.0,0.0,0.0,305
2023-05-09 21:13:37,CF401P15400,CF401P15400,590.0,0.0,0.0,0.0,13,580.0,588.0,10,590.0,580.0,0.0,0.0,0.0,0.0,305
2023-05-09 21:13:41,CF401P15400,CF401P15400,590.0,0.0,0.0,0.0,23,580.0,589.0,3,590.0,580.0,0.0,0.0,0.0,0.0,305
2023-05-09 21:13:54,CF401P15400,CF401P15400,590.0,0.0,0.0,0.0,10,582.0,589.0,3,590.0,580.0,0.0,0.0,0.0,0.0,305
2023-05-09 21:13:54,CF401P15400,CF401P15400,590.0,0.0,0.0,0.0,20,582.0,589.0,3,590.0,580.0,0.0,0.0,0.0,0.0,305
2023-05-09 21:14:05,CF401P15400,CF401P15400,590.0,0.0,0.0,0.0,10,581.0,589.0,3,590.0,580.0,0.0,0.0,0.0,0.0,305
2023-05-09 21:14:09,CF401P15400,CF401P15400,590.0,0.0,0.0,0.0,23,580.0,588.0,10,590.0,580.0,0.0,0.0,0.0,0.0,305
2023-05-09 21:14:11,CF401P15400,CF401P15400,590.0,0.0,0.0,0.0,13,580.0,588.0,20,590.0,580.0,0.0,0.0,0.0,0.0,305
2023-05-09 21:14:11,CF401P15400,CF401P15400,590.0,0.0,0.0,0.0,3,580.0,588.0,20,590.0,580.0,0.0,0.0,0.0,0.0,305
2023-05-09 21:14:12,CF401P15400,CF401P15400,590.0,0.0,0.0,0.0,13,580.0,588.0,20,590.0,580.0,0.0,0.0,0.0,0.0,305
2023-05-09 21:14:12,CF401P15400,CF401P15400,590.0,0.0,0.0,0.0,3,580.0,588.0,20,590.0,580.0,0.0,0.0,0.0,0.0,305
2023-05-09 21:14:13,CF401P15400,CF401P15400,590.0,0.0,0.0,0.0,3,580.0,588.0,10,590.0,580.0,0.0,0.0,0.0,0.0,305
2023-05-09 21:14:15,CF401P15400,CF401P15400,590.0,0.0,0.0,0.0,3,580.0,588.0,20,590.0,580.0,0.0,0.0,0.0,0.0,305
2023-05-09 21:14:16,CF401P15400,CF401P15400,590.0,0.0,0.0,0.0,3,580.0,586.0,3,590.0,580.0,0.0,0.0,0.0,0.0,305
2023-05-09 21:14:25,CF401P15400,CF401P15400,590.0,0.0,0.0,0.0,10,581.0,586.0,3,590.0,580.0,0.0,0.0,0.0,0.0,305
2023-05-09 21:14:26,CF401P15400,CF401P15400,590.0,0.0,0.0,0.0,20,581.0,586.0,3,590.0,580.0,0.0,0.0,0.0,0.0,305
2023-05-09 21:14:27,CF401P15400,CF401P15400,590.0,0.0,0.0,0.0,3,580.0,586.0,3,590.0,580.0,0.0,0.0,0.0,0.0,305
2023-05-09 21:14:37,CF401P15400,CF401P15400,590.0,0.0,0.0,0.0,20,582.0,586.0,3,590.0,580.0,0.0,0.0,0.0,0.0,305
2023-05-09 21:14:38,CF401P15400,CF401P15400,590.0,0.0,0.0,0.0,20,582.0,588.0,10,590.0,580.0,0.0,0.0,0.0,0.0,305
2023-05-09 21:14:38,CF401P15400,CF401P15400,590.0,0.0,0.0,0.0,20,582.0,587.0,10,590.0,580.0,0.0,0.0,0.0,0.0,305
2023-05-09 21:14:39,CF401P15400,CF401P15400,590.0,0.0,0.0,0.0,20,582.0,589.0,13,590.0,580.0,0.0,0.0,0.0,0.0,305
2023-05-09 21:14:39,CF401P15400,CF401P15400,590.0,0.0,0.0,0.0,20,582.0,589.0,23,590.0,580.0,0.0,0.0,0.0,0.0,305
2023-05-09 21:14:40,CF401P15400,CF401P15400,590.0,0.0,0.0,0.0,20,582.0,589.0,13,590.0,580.0,0.0,0.0,0.0,0.0,305
2023-05-09 21:14:49,CF401P15400,CF401P15400,590.0,0.0,0.0,0.0,20,582.0,589.0,3,590.0,580.0,0.0,0.0,0.0,0.0,305
2023-05-09 21:14:53,CF401P15400,CF401P15400,590.0,0.0,0.0,0.0,33,580.0,588.0,10,590.0,580.0,0.0,0.0,0.0,0.0,305
2023-05-09 21:14:54,CF401P15400,CF401P15400,590.0,0.0,0.0,0.0,23,580.0,588.0,10,590.0,580.0,0.0,0.0,0.0,0.0,305
2023-05-09 21:14:54,CF401P15400,CF401P15400,590.0,0.0,0.0,0.0,13,580.0,588.0,10,590.0,580.0,0.0,0.0,0.0,0.0,305
2023-05-09 21:14:56,CF401P15400,CF401P15400,590.0,0.0,0.0,0.0,23,580.0,588.0,10,590.0,580.0,0.0,0.0,0.0,0.0,305
2023-05-09 21:14:59,CF401P15400,CF401P15400,590.0,0.0,0.0,0.0,13,580.0,588.0,10,590.0,580.0,0.0,0.0,0.0,0.0,305
2023-05-09 21:14:59,CF401P15400,CF401P15400,590.0,0.0,0.0,0.0,23,580.0,589.0,13,590.0,580.0,0.0,0.0,0.0,0.0,305
2023-05-09 21:15:00,CF401P15400,CF401P15400,590.0,0.0,0.0,0.0,13,580.0,588.0,10,590.0,580.0,0.0,0.0,0.0,0.0,305
2023-05-09 21:15:08,CF401P15400,CF401P15400,590.0,0.0,0.0,0.0,3,580.0,588.0,10,590.0,580.0,0.0,0.0,0.0,0.0,305
2023-05-09 21:15:26,CF401P15400,CF401P15400,590.0,0.0,0.0,0.0,13,580.0,588.0,10,590.0,580.0,0.0,0.0,0.0,0.0,305
2023-05-09 21:15:27,CF401P15400,CF401P15400,590.0,0.0,0.0,0.0,3,580.0,588.0,10,590.0,580.0,0.0,0.0,0.0,0.0,305
2023-05-09 21:15:31,CF401P15400,CF401P15400,590.0,0.0,0.0,0.0,13,580.0,588.0,10,590.0,580.0,0.0,0.0,0.0,0.0,305
2023-05-09 21:15:33,CF401P15400,CF401P15400,590.0,0.0,0.0,0.0,3,580.0,588.0,10,590.0,580.0,0.0,0.0,0.0,0.0,305
2023-05-09 21:16:03,CF401P15400,CF401P15400,590.0,0.0,0.0,0.0,13,580.0,588.0,10,590.0,580.0,0.0,0.0,0.0,0.0,305
2023-05-09 21:16:03,CF401P15400,CF401P15400,590.0,0.0,0.0,0.0,23,580.0,589.0,13,590.0,580.0,0.0,0.0,0.0,0.0,305
2023-05-09 21:16:14,CF401P15400,CF401P15400,590.0,0.0,0.0,0.0,33,580.0,589.0,13,590.0,580.0,0.0,0.0,0.0,0.0,305
2023-05-09 21:16:26,CF401P15400,CF401P15400,590.0,0.0,0.0,0.0,3,583.0,589.0,13,590.0,580.0,0.0,0.0,0.0,0.0,305
2023-05-09 21:16:29,CF401P15400,CF401P15400,590.0,0.0,0.0,0.0,3,583.0,588.0,10,590.0,580.0,0.0,0.0,0.0,0.0,305
2023-05-09 21:16:35,CF401P15400,CF401P15400,590.0,0.0,0.0,0.0,3,583.0,589.0,3,590.0,580.0,0.0,0.0,0.0,0.0,305
2023-05-09 21:16:35,CF401P15400,CF401P15400,590.0,0.0,0.0,0.0,10,581.0,588.0,10,590.0,580.0,0.0,0.0,0.0,0.0,305
2023-05-09 21:16:36,CF401P15400,CF401P15400,590.0,0.0,0.0,0.0,40,578.0,588.0,10,590.0,580.0,0.0,0.0,0.0,0.0,305
2023-05-09 21:16:37,CF401P15400,CF401P15400,590.0,0.0,0.0,0.0,40,578.0,588.0,20,590.0,580.0,0.0,0.0,0.0,0.0,305
2023-05-09 21:16:38,CF401P15400,CF401P15400,590.0,0.0,0.0,0.0,30,578.0,588.0,20,590.0,580.0,0.0,0.0,0.0,0.0,305
2023-05-09 21:16:38,CF401P15400,CF401P15400,590.0,0.0,0.0,0.0,30,578.0,585.0,3,590.0,580.0,0.0,0.0,0.0,0.0,305
2023-05-09 21:16:41,CF401P15400,CF401P15400,590.0,0.0,0.0,0.0,20,578.0,585.0,3,590.0,580.0,0.0,0.0,0.0,0.0,305
2023-05-09 21:16:43,CF401P15400,CF401P15400,590.0,0.0,0.0,0.0,10,578.0,585.0,3,590.0,580.0,0.0,0.0,0.0,0.0,305
2023-05-09 21:16:44,CF401P15400,CF401P15400,590.0,0.0,0.0,0.0,30,576.0,585.0,13,590.0,580.0,0.0,0.0,0.0,0.0,305
2023-05-09 21:16:44,CF401P15400,CF401P15400,590.0,0.0,0.0,0.0,20,576.0,585.0,23,590.0,580.0,0.0,0.0,0.0,0.0,305
2023-05-09 21:16:45,CF401P15400,CF401P15400,590.0,0.0,0.0,0.0,10,576.0,585.0,23,590.0,580.0,0.0,0.0,0.0,0.0,305
2023-05-09 21:16:47,CF401P15400,CF401P15400,590.0,0.0,0.0,0.0,20,574.0,584.0,10,590.0,580.0,0.0,0.0,0.0,0.0,305
2023-05-09 21:16:50,CF401P15400,CF401P15400,590.0,0.0,0.0,0.0,10,574.0,582.0,13,590.0,580.0,0.0,0.0,0.0,0.0,305
2023-05-09 21:16:52,CF401P15400,CF401P15400,590.0,0.0,0.0,0.0,10,574.0,582.0,23,590.0,580.0,0.0,0.0,0.0,0.0,305
2023-05-09 21:16:54,CF401P15400,CF401P15400,590.0,0.0,0.0,0.0,20,574.0,582.0,13,590.0,580.0,0.0,0.0,0.0,0.0,305
2023-05-09 21:16:55,CF401P15400,CF401P15400,590.0,0.0,0.0,0.0,30,574.0,582.0,13,590.0,580.0,0.0,0.0,0.0,0.0,305
2023-05-09 21:16:56,CF401P15400,CF401P15400,590.0,0.0,0.0,0.0,33,573.0,581.0,10,590.0,580.0,0.0,0.0,0.0,0.0,305
2023-05-09 21:17:00,CF401P15400,CF401P15400,590.0,0.0,0.0,0.0,23,573.0,581.0,20,590.0,580.0,0.0,0.0,0.0,0.0,305
2023-05-09 21:17:01,CF401P15400,CF401P15400,590.0,0.0,0.0,0.0,33,573.0,582.0,3,590.0,580.0,0.0,0.0,0.0,0.0,305
2023-05-09 21:17:03,CF401P15400,CF401P15400,590.0,0.0,0.0,0.0,20,574.0,582.0,3,590.0,580.0,0.0,0.0,0.0,0.0,305
2023-05-09 21:17:03,CF401P15400,CF401P15400,590.0,0.0,0.0,0.0,3,575.0,583.0,10,590.0,580.0,0.0,0.0,0.0,0.0,305
2023-05-09 21:17:10,CF401P15400,CF401P15400,590.0,0.0,0.0,0.0,3,575.0,583.0,20,590.0,580.0,0.0,0.0,0.0,0.0,305
2023-05-09 21:17:11,CF401P15400,CF401P15400,590.0,0.0,0.0,0.0,3,575.0,583.0,10,590.0,580.0,0.0,0.0,0.0,0.0,305
2023-05-09 21:17:15,CF401P15400,CF401P15400,590.0,0.0,0.0,0.0,13,575.0,584.0,10,590.0,580.0,0.0,0.0,0.0,0.0,305
2023-05-09 21:17:16,CF401P15400,CF401P15400,590.0,0.0,0.0,0.0,10,578.0,584.0,10,590.0,580.0,0.0,0.0,0.0,0.0,305
2023-05-09 21:17:17,CF401P15400,CF401P15400,590.0,0.0,0.0,0.0,20,578.0,584.0,10,590.0,580.0,0.0,0.0,0.0,0.0,305
2023-05-09 21:17:19,CF401P15400,CF401P15400,590.0,0.0,0.0,0.0,20,578.0,585.0,3,590.0,580.0,0.0,0.0,0.0,0.0,305
2023-05-09 21:17:19,CF401P15400,CF401P15400,590.0,0.0,0.0,0.0,20,576.0,585.0,13,590.0,580.0,0.0,0.0,0.0,0.0,305
2023-05-09 21:17:21,CF401P15400,CF401P15400,590.0,0.0,0.0,0.0,20,576.0,583.0,10,590.0,580.0,0.0,0.0,0.0,0.0,305
2023-05-09 21:17:22,CF401P15400,CF401P15400,590.0,0.0,0.0,0.0,10,576.0,583.0,10,590.0,580.0,0.0,0.0,0.0,0.0,305
2023-05-09 21:17:23,CF401P15400,CF401P15400,590.0,0.0,0.0,0.0,20,576.0,583.0,10,590.0,580.0,0.0,0.0,0.0,0.0,305
2023-05-09 21:17:26,CF401P15400,CF401P15400,590.0,0.0,0.0,0.0,10,576.0,583.0,10,590.0,580.0,0.0,0.0,0.0,0.0,305
2023-05-09 21:17:26,CF401P15400,CF401P15400,590.0,0.0,0.0,0.0,23,575.0,583.0,10,590.0,580.0,0.0,0.0,0.0,0.0,305
2023-05-09 21:17:27,CF401P15400,CF401P15400,590.0,0.0,0.0,0.0,13,575.0,583.0,10,590.0,580.0,0.0,0.0,0.0,0.0,305
2023-05-09 21:17:43,CF401P15400,CF401P15400,590.0,0.0,0.0,0.0,3,575.0,583.0,10,590.0,580.0,0.0,0.0,0.0,0.0,305
2023-05-09 21:17:44,CF401P15400,CF401P15400,590.0,0.0,0.0,0.0,3,575.0,585.0,33,590.0,580.0,0.0,0.0,0.0,0.0,305
2023-05-09 21:17:48,CF401P15400,CF401P15400,590.0,0.0,0.0,0.0,3,575.0,585.0,43,590.0,580.0,0.0,0.0,0.0,0.0,305
2023-05-09 21:17:52,CF401P15400,CF401P15400,590.0,0.0,0.0,0.0,3,575.0,585.0,33,590.0,580.0,0.0,0.0,0.0,0.0,305
2023-05-09 21:17:53,CF401P15400,CF401P15400,590.0,0.0,0.0,0.0,3,575.0,585.0,23,590.0,580.0,0.0,0.0,0.0,0.0,305
2023-05-09 21:17:54,CF401P15400,CF401P15400,590.0,0.0,0.0,0.0,13,575.0,585.0,23,590.0,580.0,0.0,0.0,0.0,0.0,305
2023-05-09 21:17:54,CF401P15400,CF401P15400,590.0,0.0,0.0,0.0,23,575.0,585.0,3,590.0,580.0,0.0,0.0,0.0,0.0,305
2023-05-09 21:17:56,CF401P15400,CF401P15400,590.0,0.0,0.0,0.0,20,577.0,584.0,10,590.0,580.0,0.0,0.0,0.0,0.0,305
2023-05-09 21:17:56,CF401P15400,CF401P15400,590.0,0.0,0.0,0.0,13,575.0,584.0,10,590.0,580.0,0.0,0.0,0.0,0.0,305
2023-05-09 21:17:58,CF401P15400,CF401P15400,590.0,0.0,0.0,0.0,23,575.0,584.0,10,590.0,580.0,0.0,0.0,0.0,0.0,305
2023-05-09 21:18:02,CF401P15400,CF401P15400,590.0,0.0,0.0,0.0,23,575.0,585.0,13,590.0,580.0,0.0,0.0,0.0,0.0,305
2023-05-09 21:18:11,CF401P15400,CF401P15400,590.0,0.0,0.0,0.0,10,576.0,585.0,13,590.0,580.0,0.0,0.0,0.0,0.0,305
2023-05-09 21:18:16,CF401P15400,CF401P15400,590.0,0.0,0.0,0.0,10,577.0,585.0,13,590.0,580.0,0.0,0.0,0.0,0.0,305
2023-05-09 21:18:17,CF401P15400,CF401P15400,590.0,0.0,0.0,0.0,33,575.0,585.0,13,590.0,580.0,0.0,0.0,0.0,0.0,305
2023-05-09 21:18:35,CF401P15400,CF401P15400,590.0,0.0,0.0,0.0,33,575.0,583.0,3,590.0,580.0,0.0,0.0,0.0,0.0,305
2023-05-09 21:18:38,CF401P15400,CF401P15400,590.0,0.0,0.0,0.0,10,575.0,583.0,13,590.0,580.0,0.0,0.0,0.0,0.0,305
2023-05-09 21:18:39,CF401P15400,CF401P15400,590.0,0.0,0.0,0.0,13,573.0,580.0,3,590.0,580.0,0.0,0.0,0.0,0.0,305
2023-05-09 21:18:40,CF401P15400,CF401P15400,590.0,0.0,0.0,0.0,23,573.0,580.0,3,590.0,580.0,0.0,0.0,0.0,0.0,305
2023-05-09 21:18:59,CF401P15400,CF401P15400,590.0,0.0,0.0,0.0,20,573.0,580.0,3,590.0,580.0,0.0,0.0,0.0,0.0,305
2023-05-09 21:18:59,CF401P15400,CF401P15400,590.0,0.0,0.0,0.0,30,571.0,580.0,13,590.0,580.0,0.0,0.0,0.0,0.0,305
2023-05-09 21:19:00,CF401P15400,CF401P15400,590.0,0.0,0.0,0.0,20,571.0,580.0,13,590.0,580.0,0.0,0.0,0.0,0.0,305
2023-05-09 21:19:01,CF401P15400,CF401P15400,590.0,0.0,0.0,0.0,20,571.0,580.0,3,590.0,580.0,0.0,0.0,0.0,0.0,305
2023-05-09 21:19:02,CF401P15400,CF401P15400,590.0,0.0,0.0,0.0,3,572.0,580.0,3,590.0,580.0,0.0,0.0,0.0,0.0,305
2023-05-09 21:19:03,CF401P15400,CF401P15400,590.0,0.0,0.0,0.0,10,574.0,580.0,3,590.0,580.0,0.0,0.0,0.0,0.0,305
2023-05-09 21:19:03,CF401P15400,CF401P15400,590.0,0.0,0.0,0.0,10,576.0,580.0,3,590.0,580.0,0.0,0.0,0.0,0.0,305
2023-05-09 21:19:04,CF401P15400,CF401P15400,590.0,0.0,0.0,0.0,20,574.0,580.0,3,590.0,580.0,0.0,0.0,0.0,0.0,305
2023-05-09 21:19:04,CF401P15400,CF401P15400,590.0,0.0,0.0,0.0,10,575.0,580.0,3,590.0,580.0,0.0,0.0,0.0,0.0,305
2023-05-09 21:19:05,CF401P15400,CF401P15400,590.0,0.0,0.0,0.0,20,574.0,580.0,3,590.0,580.0,0.0,0.0,0.0,0.0,305
2023-05-09 21:19:05,CF401P15400,CF401P15400,590.0,0.0,0.0,0.0,40,574.0,580.0,3,590.0,580.0,0.0,0.0,0.0,0.0,305
2023-05-09 21:19:07,CF401P15400,CF401P15400,590.0,0.0,0.0,0.0,30,574.0,580.0,3,590.0,580.0,0.0,0.0,0.0,0.0,305
2023-05-09 21:19:25,CF401P15400,CF401P15400,590.0,0.0,0.0,0.0,20,574.0,580.0,3,590.0,580.0,0.0,0.0,0.0,0.0,305
2023-05-09 21:19:27,CF401P15400,CF401P15400,590.0,0.0,0.0,0.0,20,574.0,582.0,10,590.0,580.0,0.0,0.0,0.0,0.0,305
2023-05-09 21:19:28,CF401P15400,CF401P15400,590.0,0.0,0.0,0.0,20,574.0,583.0,3,590.0,580.0,0.0,0.0,0.0,0.0,305
2023-05-09 21:19:37,CF401P15400,CF401P15400,590.0,0.0,0.0,0.0,20,574.0,583.0,13,590.0,580.0,0.0,0.0,0.0,0.0,305
2023-05-09 21:20:01,CF401P15400,CF401P15400,590.0,0.0,0.0,0.0,23,572.0,582.0,10,590.0,580.0,0.0,0.0,0.0,0.0,305
2023-05-09 21:20:04,CF401P15400,CF401P15400,590.0,0.0,0.0,0.0,13,572.0,580.0,10,590.0,580.0,0.0,0.0,0.0,0.0,305
2023-05-09 21:20:04,CF401P15400,CF401P15400,590.0,0.0,0.0,0.0,3,572.0,580.0,20,590.0,580.0,0.0,0.0,0.0,0.0,305
2023-05-09 21:20:06,CF401P15400,CF401P15400,590.0,0.0,0.0,0.0,20,571.0,580.0,30,590.0,580.0,0.0,0.0,0.0,0.0,305
2023-05-09 21:20:06,CF401P15400,CF401P15400,590.0,0.0,0.0,0.0,10,568.0,580.0,30,590.0,580.0,0.0,0.0,0.0,0.0,305
2023-05-09 21:20:06,CF401P15400,CF401P15400,590.0,0.0,0.0,0.0,20,567.0,578.0,20,590.0,580.0,0.0,0.0,0.0,0.0,305
2023-05-09 21:20:07,CF401P15400,CF401P15400,590.0,0.0,0.0,0.0,10,567.0,578.0,30,590.0,580.0,0.0,0.0,0.0,0.0,305
2023-05-09 21:20:08,CF401P15400,CF401P15400,590.0,0.0,0.0,0.0,10,567.0,573.0,3,590.0,580.0,0.0,0.0,0.0,0.0,305
2023-05-09 21:20:09,CF401P15400,CF401P15400,590.0,0.0,0.0,0.0,20,564.0,573.0,3,590.0,580.0,0.0,0.0,0.0,0.0,305
2023-05-09 21:20:17,CF401P15400,CF401P15400,590.0,0.0,0.0,0.0,20,563.0,573.0,3,590.0,580.0,0.0,0.0,0.0,0.0,305
2023-05-09 21:20:21,CF401P15400,CF401P15400,590.0,0.0,0.0,0.0,30,563.0,573.0,3,590.0,580.0,0.0,0.0,0.0,0.0,305
2023-05-09 21:20:21,CF401P15400,CF401P15400,590.0,0.0,0.0,0.0,50,563.0,573.0,3,590.0,580.0,0.0,0.0,0.0,0.0,305
2023-05-09 21:20:23,CF401P15400,CF401P15400,590.0,0.0,0.0,0.0,10,564.0,573.0,3,590.0,580.0,0.0,0.0,0.0,0.0,305
2023-05-09 21:20:24,CF401P15400,CF401P15400,590.0,0.0,0.0,0.0,23,564.0,573.0,3,590.0,580.0,0.0,0.0,0.0,0.0,305
2023-05-09 21:20:31,CF401P15400,CF401P15400,590.0,0.0,0.0,0.0,23,564.0,573.0,33,590.0,580.0,0.0,0.0,0.0,0.0,305
2023-05-09 21:20:33,CF401P15400,CF401P15400,590.0,0.0,0.0,0.0,3,564.0,573.0,33,590.0,580.0,0.0,0.0,0.0,0.0,305
2023-05-09 21:20:36,CF401P15400,CF401P15400,590.0,0.0,0.0,0.0,3,564.0,573.0,23,590.0,580.0,0.0,0.0,0.0,0.0,305
2023-05-09 21:20:38,CF401P15400,CF401P15400,590.0,0.0,0.0,0.0,3,564.0,573.0,33,590.0,580.0,0.0,0.0,0.0,0.0,305
2023-05-09 21:20:44,CF401P15400,CF401P15400,590.0,0.0,0.0,0.0,3,564.0,571.0,3,590.0,580.0,0.0,0.0,0.0,0.0,305
2023-05-09 21:21:00,CF401P15400,CF401P15400,590.0,0.0,0.0,0.0,10,565.0,571.0,3,590.0,580.0,0.0,0.0,0.0,0.0,305
2023-05-09 21:21:01,CF401P15400,CF401P15400,590.0,0.0,0.0,0.0,20,565.0,571.0,3,590.0,580.0,0.0,0.0,0.0,0.0,305
2023-05-09 21:21:02,CF401P15400,CF401P15400,590.0,0.0,0.0,0.0,30,565.0,571.0,3,590.0,580.0,0.0,0.0,0.0,0.0,305
2023-05-09 21:21:03,CF401P15400,CF401P15400,590.0,0.0,0.0,0.0,20,565.0,571.0,3,590.0,580.0,0.0,0.0,0.0,0.0,305
2023-05-09 21:21:04,CF401P15400,CF401P15400,590.0,0.0,0.0,0.0,30,565.0,571.0,3,590.0,580.0,0.0,0.0,0.0,0.0,305
2023-05-09 21:21:05,CF401P15400,CF401P15400,590.0,0.0,0.0,0.0,30,565.0,573.0,23,590.0,580.0,0.0,0.0,0.0,0.0,305
2023-05-09 21:21:05,CF401P15400,CF401P15400,590.0,0.0,0.0,0.0,20,565.0,573.0,3,590.0,580.0,0.0,0.0,0.0,0.0,305
2023-05-09 21:21:05,CF401P15400,CF401P15400,590.0,0.0,0.0,0.0,30,565.0,573.0,3,590.0,580.0,0.0,0.0,0.0,0.0,305
2023-05-09 21:21:05,CF401P15400,CF401P15400,590.0,0.0,0.0,0.0,20,565.0,573.0,3,590.0,580.0,0.0,0.0,0.0,0.0,305
2023-05-09 21:21:05,CF401P15400,CF401P15400,590.0,0.0,0.0,0.0,30,565.0,573.0,3,590.0,580.0,0.0,0.0,0.0,0.0,305
2023-05-09 21:21:07,CF401P15400,CF401P15400,590.0,0.0,0.0,0.0,20,565.0,573.0,3,590.0,580.0,0.0,0.0,0.0,0.0,305
2023-05-09 21:21:11,CF401P15400,CF401P15400,590.0,0.0,0.0,0.0,10,565.0,573.0,23,590.0,580.0,0.0,0.0,0.0,0.0,305
2023-05-09 21:21:14,CF401P15400,CF401P15400,590.0,0.0,0.0,0.0,3,564.0,573.0,13,590.0,580.0,0.0,0.0,0.0,0.0,305
2023-05-09 21:21:26,CF401P15400,CF401P15400,590.0,0.0,0.0,0.0,3,564.0,573.0,23,590.0,580.0,0.0,0.0,0.0,0.0,305
2023-05-09 21:21:33,CF401P15400,CF401P15400,590.0,0.0,0.0,0.0,3,564.0,573.0,33,590.0,580.0,0.0,0.0,0.0,0.0,305
2023-05-09 21:21:33,CF401P15400,CF401P15400,590.0,0.0,0.0,0.0,13,562.0,570.0,3,590.0,580.0,0.0,0.0,0.0,0.0,305
2023-05-09 21:21:34,CF401P15400,CF401P15400,590.0,0.0,0.0,0.0,3,562.0,570.0,3,590.0,580.0,0.0,0.0,0.0,0.0,305
2023-05-09 21:21:35,CF401P15400,CF401P15400,590.0,0.0,0.0,0.0,3,562.0,570.0,23,590.0,580.0,0.0,0.0,0.0,0.0,305
2023-05-09 21:21:37,CF401P15400,CF401P15400,590.0,0.0,0.0,0.0,3,562.0,570.0,33,590.0,580.0,0.0,0.0,0.0,0.0,305
2023-05-09 21:21:41,CF401P15400,CF401P15400,590.0,0.0,0.0,0.0,10,560.0,568.0,3,590.0,580.0,0.0,0.0,0.0,0.0,305
2023-05-09 21:21:41,CF401P15400,CF401P15400,590.0,0.0,0.0,0.0,40,558.0,568.0,3,590.0,580.0,0.0,0.0,0.0,0.0,305
2023-05-09 21:21:42,CF401P15400,CF401P15400,590.0,0.0,0.0,0.0,3,559.0,568.0,3,590.0,580.0,0.0,0.0,0.0,0.0,305
2023-05-09 21:21:47,CF401P15400,CF401P15400,590.0,0.0,0.0,0.0,10,561.0,568.0,3,590.0,580.0,0.0,0.0,0.0,0.0,305
2023-05-09 21:21:50,CF401P15400,CF401P15400,590.0,0.0,0.0,0.0,20,561.0,568.0,3,590.0,580.0,0.0,0.0,0.0,0.0,305
2023-05-09 21:21:51,CF401P15400,CF401P15400,590.0,0.0,0.0,0.0,30,561.0,568.0,3,590.0,580.0,0.0,0.0,0.0,0.0,305
2023-05-09 21:22:17,CF401P15400,CF401P15400,590.0,0.0,0.0,0.0,13,562.0,570.0,23,590.0,580.0,0.0,0.0,0.0,0.0,305
2023-05-09 21:22:18,CF401P15400,CF401P15400,590.0,0.0,0.0,0.0,3,562.0,570.0,23,590.0,580.0,0.0,0.0,0.0,0.0,305
2023-05-09 21:22:20,CF401P15400,CF401P15400,590.0,0.0,0.0,0.0,3,562.0,570.0,33,590.0,580.0,0.0,0.0,0.0,0.0,305
2023-05-09 21:22:25,CF401P15400,CF401P15400,590.0,0.0,0.0,0.0,3,562.0,570.0,43,590.0,580.0,0.0,0.0,0.0,0.0,305
2023-05-09 21:22:28,CF401P15400,CF401P15400,590.0,0.0,0.0,0.0,3,562.0,570.0,33,590.0,580.0,0.0,0.0,0.0,0.0,305
2023-05-09 21:22:29,CF401P15400,CF401P15400,590.0,0.0,0.0,0.0,3,562.0,570.0,43,590.0,580.0,0.0,0.0,0.0,0.0,305
2023-05-09 21:22:30,CF401P15400,CF401P15400,590.0,0.0,0.0,0.0,3,562.0,570.0,33,590.0,580.0,0.0,0.0,0.0,0.0,305
2023-05-09 21:22:32,CF401P15400,CF401P15400,590.0,0.0,0.0,0.0,3,562.0,570.0,23,590.0,580.0,0.0,0.0,0.0,0.0,305
2023-05-09 21:22:34,CF401P15400,CF401P15400,590.0,0.0,0.0,0.0,3,562.0,570.0,13,590.0,580.0,0.0,0.0,0.0,0.0,305
2023-05-09 21:22:36,CF401P15400,CF401P15400,590.0,0.0,0.0,0.0,3,562.0,570.0,3,590.0,580.0,0.0,0.0,0.0,0.0,305
2023-05-09 21:22:44,CF401P15400,CF401P15400,590.0,0.0,0.0,0.0,3,562.0,570.0,13,590.0,580.0,0.0,0.0,0.0,0.0,305
2023-05-09 21:22:52,CF401P15400,CF401P15400,590.0,0.0,0.0,0.0,3,562.0,570.0,23,590.0,580.0,0.0,0.0,0.0,0.0,305
2023-05-09 21:22:56,CF401P15400,CF401P15400,590.0,0.0,0.0,0.0,33,559.0,570.0,23,590.0,580.0,0.0,0.0,0.0,0.0,305
2023-05-09 21:22:58,CF401P15400,CF401P15400,590.0,0.0,0.0,0.0,23,559.0,570.0,23,590.0,580.0,0.0,0.0,0.0,0.0,305
2023-05-09 21:22:59,CF401P15400,CF401P15400,590.0,0.0,0.0,0.0,13,559.0,567.0,3,590.0,580.0,0.0,0.0,0.0,0.0,305
2023-05-09 21:23:02,CF401P15400,CF401P15400,590.0,0.0,0.0,0.0,23,559.0,570.0,23,590.0,580.0,0.0,0.0,0.0,0.0,305
2023-05-09 21:23:02,CF401P15400,CF401P15400,590.0,0.0,0.0,0.0,3,562.0,570.0,3,590.0,580.0,0.0,0.0,0.0,0.0,305
2023-05-09 21:23:03,CF401P15400,CF401P15400,590.0,0.0,0.0,0.0,13,562.0,573.0,13,590.0,580.0,0.0,0.0,0.0,0.0,305
2023-05-09 21:23:04,CF401P15400,CF401P15400,590.0,0.0,0.0,0.0,10,564.0,573.0,3,590.0,580.0,0.0,0.0,0.0,0.0,305
2023-05-09 21:23:08,CF401P15400,CF401P15400,590.0,0.0,0.0,0.0,10,564.0,573.0,13,590.0,580.0,0.0,0.0,0.0,0.0,305
2023-05-09 21:23:21,CF401P15400,CF401P15400,590.0,0.0,0.0,0.0,3,565.0,573.0,3,590.0,580.0,0.0,0.0,0.0,0.0,305
2023-05-09 21:24:16,CF401P15400,CF401P15400,590.0,0.0,0.0,0.0,13,565.0,573.0,3,590.0,580.0,0.0,0.0,0.0,0.0,305
2023-05-09 21:24:18,CF401P15400,CF401P15400,590.0,0.0,0.0,0.0,13,565.0,575.0,10,590.0,580.0,0.0,0.0,0.0,0.0,305
2023-05-09 21:24:18,CF401P15400,CF401P15400,590.0,0.0,0.0,0.0,20,567.0,577.0,20,590.0,580.0,0.0,0.0,0.0,0.0,305
2023-05-09 21:24:19,CF401P15400,CF401P15400,590.0,0.0,0.0,0.0,20,567.0,577.0,10,590.0,580.0,0.0,0.0,0.0,0.0,305
2023-05-09 21:24:21,CF401P15400,CF401P15400,590.0,0.0,0.0,0.0,10,567.0,578.0,40,590.0,580.0,0.0,0.0,0.0,0.0,305
2023-05-09 21:24:28,CF401P15400,CF401P15400,590.0,0.0,0.0,0.0,20,567.0,578.0,40,590.0,580.0,0.0,0.0,0.0,0.0,305
2023-05-09 21:24:31,CF401P15400,CF401P15400,590.0,0.0,0.0,0.0,10,567.0,578.0,40,590.0,580.0,0.0,0.0,0.0,0.0,305
2023-05-09 21:24:32,CF401P15400,CF401P15400,590.0,0.0,0.0,0.0,3,568.0,578.0,40,590.0,580.0,0.0,0.0,0.0,0.0,305
2023-05-09 21:24:32,CF401P15400,CF401P15400,590.0,0.0,0.0,0.0,3,568.0,578.0,20,590.0,580.0,0.0,0.0,0.0,0.0,305
2023-05-09 21:24:32,CF401P15400,CF401P15400,590.0,0.0,0.0,0.0,3,568.0,578.0,10,590.0,580.0,0.0,0.0,0.0,0.0,305
2023-05-09 21:24:37,CF401P15400,CF401P15400,590.0,0.0,0.0,0.0,3,568.0,579.0,23,590.0,580.0,0.0,0.0,0.0,0.0,305
2023-05-09 21:24:38,CF401P15400,CF401P15400,590.0,0.0,0.0,0.0,3,568.0,579.0,13,590.0,580.0,0.0,0.0,0.0,0.0,305
2023-05-09 21:24:40,CF401P15400,CF401P15400,590.0,0.0,0.0,0.0,3,568.0,579.0,3,590.0,580.0,0.0,0.0,0.0,0.0,305
2023-05-09 21:24:46,CF401P15400,CF401P15400,590.0,0.0,0.0,0.0,13,568.0,579.0,3,590.0,580.0,0.0,0.0,0.0,0.0,305
2023-05-09 21:25:06,CF401P15400,CF401P15400,590.0,0.0,0.0,0.0,10,569.0,579.0,3,590.0,580.0,0.0,0.0,0.0,0.0,305
2023-05-09 21:25:07,CF401P15400,CF401P15400,590.0,0.0,0.0,0.0,10,569.0,580.0,10,590.0,580.0,0.0,0.0,0.0,0.0,305
2023-05-09 21:25:07,CF401P15400,CF401P15400,590.0,0.0,0.0,0.0,20,572.0,581.0,23,590.0,580.0,0.0,0.0,0.0,0.0,305
2023-05-09 21:25:08,CF401P15400,CF401P15400,590.0,0.0,0.0,0.0,23,572.0,581.0,23,590.0,580.0,0.0,0.0,0.0,0.0,305
2023-05-09 21:25:09,CF401P15400,CF401P15400,590.0,0.0,0.0,0.0,23,572.0,581.0,13,590.0,580.0,0.0,0.0,0.0,0.0,305
2023-05-09 21:25:17,CF401P15400,CF401P15400,590.0,0.0,0.0,0.0,23,572.0,581.0,3,590.0,580.0,0.0,0.0,0.0,0.0,305
2023-05-09 21:25:18,CF401P15400,CF401P15400,590.0,0.0,0.0,0.0,13,572.0,581.0,3,590.0,580.0,0.0,0.0,0.0,0.0,305
2023-05-09 21:25:18,CF401P15400,CF401P15400,590.0,0.0,0.0,0.0,23,572.0,581.0,3,590.0,580.0,0.0,0.0,0.0,0.0,305
2023-05-09 21:25:22,CF401P15400,CF401P15400,590.0,0.0,0.0,0.0,13,572.0,581.0,3,590.0,580.0,0.0,0.0,0.0,0.0,305
2023-05-09 21:25:23,CF401P15400,CF401P15400,590.0,0.0,0.0,0.0,33,572.0,581.0,3,590.0,580.0,0.0,0.0,0.0,0.0,305
2023-05-09 21:25:48,CF401P15400,CF401P15400,590.0,0.0,0.0,0.0,10,573.0,581.0,3,590.0,580.0,0.0,0.0,0.0,0.0,305
2023-05-09 21:26:06,CF401P15400,CF401P15400,590.0,0.0,0.0,0.0,33,572.0,581.0,3,590.0,580.0,0.0,0.0,0.0,0.0,305
2023-05-09 21:26:25,CF401P15400,CF401P15400,590.0,0.0,0.0,0.0,10,575.0,581.0,3,590.0,580.0,0.0,0.0,0.0,0.0,305
2023-05-09 21:26:33,CF401P15400,CF401P15400,590.0,0.0,0.0,0.0,30,573.0,581.0,3,590.0,580.0,0.0,0.0,0.0,0.0,305
2023-05-09 21:26:35,CF401P15400,CF401P15400,590.0,0.0,0.0,0.0,20,573.0,581.0,3,590.0,580.0,0.0,0.0,0.0,0.0,305
2023-05-09 21:28:00,CF401P15400,CF401P15400,590.0,0.0,0.0,0.0,10,576.0,581.0,3,590.0,580.0,0.0,0.0,0.0,0.0,305
2023-05-09 21:28:01,CF401P15400,CF401P15400,590.0,0.0,0.0,0.0,20,576.0,581.0,3,590.0,580.0,0.0,0.0,0.0,0.0,305
2023-05-09 21:28:03,CF401P15400,CF401P15400,590.0,0.0,0.0,0.0,30,576.0,581.0,3,590.0,580.0,0.0,0.0,0.0,0.0,305
2023-05-09 21:28:04,CF401P15400,CF401P15400,590.0,0.0,0.0,0.0,20,576.0,581.0,3,590.0,580.0,0.0,0.0,0.0,0.0,305
2023-05-09 21:28:19,CF401P15400,CF401P15400,590.0,0.0,0.0,0.0,30,576.0,581.0,3,590.0,580.0,0.0,0.0,0.0,0.0,305
2023-05-09 21:28:20,CF401P15400,CF401P15400,590.0,0.0,0.0,0.0,20,576.0,581.0,3,590.0,580.0,0.0,0.0,0.0,0.0,305
2023-05-09 21:28:22,CF401P15400,CF401P15400,590.0,0.0,0.0,0.0,10,576.0,581.0,3,590.0,580.0,0.0,0.0,0.0,0.0,305
2023-05-09 21:28:23,CF401P15400,CF401P15400,590.0,0.0,0.0,0.0,20,574.0,581.0,3,590.0,580.0,0.0,0.0,0.0,0.0,305
2023-05-09 21:28:23,CF401P15400,CF401P15400,590.0,0.0,0.0,0.0,10,574.0,581.0,3,590.0,580.0,0.0,0.0,0.0,0.0,305
2023-05-09 21:28:30,CF401P15400,CF401P15400,590.0,0.0,0.0,0.0,20,574.0,581.0,3,590.0,580.0,0.0,0.0,0.0,0.0,305
2023-05-09 21:28:34,CF401P15400,CF401P15400,590.0,0.0,0.0,0.0,10,574.0,581.0,3,590.0,580.0,0.0,0.0,0.0,0.0,305
2023-05-09 21:28:36,CF401P15400,CF401P15400,590.0,0.0,0.0,0.0,20,574.0,581.0,3,590.0,580.0,0.0,0.0,0.0,0.0,305
2023-05-09 21:28:36,CF401P15400,CF401P15400,590.0,0.0,0.0,0.0,10,574.0,581.0,3,590.0,580.0,0.0,0.0,0.0,0.0,305
2023-05-09 21:28:40,CF401P15400,CF401P15400,590.0,0.0,0.0,0.0,20,574.0,581.0,3,590.0,580.0,0.0,0.0,0.0,0.0,305
2023-05-09 21:28:40,CF401P15400,CF401P15400,590.0,0.0,0.0,0.0,10,574.0,581.0,3,590.0,580.0,0.0,0.0,0.0,0.0,305
2023-05-09 21:28:44,CF401P15400,CF401P15400,590.0,0.0,0.0,0.0,20,574.0,581.0,3,590.0,580.0,0.0,0.0,0.0,0.0,305
2023-05-09 21:28:44,CF401P15400,CF401P15400,590.0,0.0,0.0,0.0,10,574.0,581.0,3,590.0,580.0,0.0,0.0,0.0,0.0,305
2023-05-09 21:28:45,CF401P15400,CF401P15400,590.0,0.0,0.0,0.0,20,574.0,581.0,3,590.0,580.0,0.0,0.0,0.0,0.0,305
2023-05-09 21:28:45,CF401P15400,CF401P15400,590.0,0.0,0.0,0.0,20,573.0,581.0,3,590.0,580.0,0.0,0.0,0.0,0.0,305
2023-05-09 21:28:45,CF401P15400,CF401P15400,590.0,0.0,0.0,0.0,30,573.0,581.0,3,590.0,580.0,0.0,0.0,0.0,0.0,305
2023-05-09 21:28:50,CF401P15400,CF401P15400,590.0,0.0,0.0,0.0,20,573.0,581.0,3,590.0,580.0,0.0,0.0,0.0,0.0,305
2023-05-09 21:28:54,CF401P15400,CF401P15400,590.0,0.0,0.0,0.0,30,573.0,581.0,3,590.0,580.0,0.0,0.0,0.0,0.0,305
2023-05-09 21:28:58,CF401P15400,CF401P15400,590.0,0.0,0.0,0.0,20,573.0,581.0,3,590.0,580.0,0.0,0.0,0.0,0.0,305
2023-05-09 21:29:06,CF401P15400,CF401P15400,590.0,0.0,0.0,0.0,10,576.0,581.0,3,590.0,580.0,0.0,0.0,0.0,0.0,305
2023-05-09 21:29:07,CF401P15400,CF401P15400,590.0,0.0,0.0,0.0,20,576.0,581.0,3,590.0,580.0,0.0,0.0,0.0,0.0,305
2023-05-09 21:29:09,CF401P15400,CF401P15400,590.0,0.0,0.0,0.0,10,576.0,581.0,3,590.0,580.0,0.0,0.0,0.0,0.0,305
2023-05-09 21:29:10,CF401P15400,CF401P15400,590.0,0.0,0.0,0.0,10,575.0,581.0,3,590.0,580.0,0.0,0.0,0.0,0.0,305
2023-05-09 21:29:11,CF401P15400,CF401P15400,590.0,0.0,0.0,0.0,40,574.0,581.0,3,590.0,580.0,0.0,0.0,0.0,0.0,305
2023-05-09 21:29:11,CF401P15400,CF401P15400,590.0,0.0,0.0,0.0,30,574.0,581.0,3,590.0,580.0,0.0,0.0,0.0,0.0,305
2023-05-09 21:29:11,CF401P15400,CF401P15400,590.0,0.0,0.0,0.0,20,574.0,581.0,3,590.0,580.0,0.0,0.0,0.0,0.0,305
2023-05-09 21:29:17,CF401P15400,CF401P15400,590.0,0.0,0.0,0.0,20,573.0,581.0,3,590.0,580.0,0.0,0.0,0.0,0.0,305
2023-05-09 21:29:18,CF401P15400,CF401P15400,590.0,0.0,0.0,0.0,10,573.0,581.0,3,590.0,580.0,0.0,0.0,0.0,0.0,305
2023-05-09 21:29:26,CF401P15400,CF401P15400,590.0,0.0,0.0,0.0,3,572.0,581.0,3,590.0,580.0,0.0,0.0,0.0,0.0,305
2023-05-09 21:29:29,CF401P15400,CF401P15400,590.0,0.0,0.0,0.0,10,575.0,581.0,3,590.0,580.0,0.0,0.0,0.0,0.0,305
2023-05-09 21:29:29,CF401P15400,CF401P15400,590.0,0.0,0.0,0.0,20,573.0,581.0,3,590.0,580.0,0.0,0.0,0.0,0.0,305
2023-05-09 21:29:30,CF401P15400,CF401P15400,590.0,0.0,0.0,0.0,30,573.0,581.0,3,590.0,580.0,0.0,0.0,0.0,0.0,305
2023-05-09 21:29:35,CF401P15400,CF401P15400,590.0,0.0,0.0,0.0,20,573.0,581.0,3,590.0,580.0,0.0,0.0,0.0,0.0,305
2023-05-09 21:29:44,CF401P15400,CF401P15400,590.0,0.0,0.0,0.0,10,573.0,581.0,3,590.0,580.0,0.0,0.0,0.0,0.0,305
2023-05-09 21:29:46,CF401P15400,CF401P15400,590.0,0.0,0.0,0.0,23,572.0,581.0,3,590.0,580.0,0.0,0.0,0.0,0.0,305
2023-05-09 21:30:02,CF401P15400,CF401P15400,590.0,0.0,0.0,0.0,10,575.0,581.0,3,590.0,580.0,0.0,0.0,0.0,0.0,305
2023-05-09 21:30:03,CF401P15400,CF401P15400,590.0,0.0,0.0,0.0,20,575.0,583.0,20,590.0,580.0,0.0,0.0,0.0,0.0,305
2023-05-09 21:30:03,CF401P15400,CF401P15400,590.0,0.0,0.0,0.0,10,576.0,583.0,10,590.0,580.0,0.0,0.0,0.0,0.0,305
2023-05-09 21:30:04,CF401P15400,CF401P15400,590.0,0.0,0.0,0.0,10,576.0,584.0,10,590.0,580.0,0.0,0.0,0.0,0.0,305
2023-05-09 21:30:05,CF401P15400,CF401P15400,590.0,0.0,0.0,0.0,33,575.0,584.0,20,590.0,580.0,0.0,0.0,0.0,0.0,305
2023-05-09 21:30:05,CF401P15400,CF401P15400,590.0,0.0,0.0,0.0,33,575.0,585.0,13,590.0,580.0,0.0,0.0,0.0,0.0,305
2023-05-09 21:30:05,CF401P15400,CF401P15400,590.0,0.0,0.0,0.0,23,575.0,585.0,13,590.0,580.0,0.0,0.0,0.0,0.0,305
2023-05-09 21:30:12,CF401P15400,CF401P15400,590.0,0.0,0.0,0.0,23,575.0,585.0,3,590.0,580.0,0.0,0.0,0.0,0.0,305
2023-05-09 21:30:13,CF401P15400,CF401P15400,590.0,0.0,0.0,0.0,10,578.0,585.0,3,590.0,580.0,0.0,0.0,0.0,0.0,305
2023-05-09 21:30:13,CF401P15400,CF401P15400,590.0,0.0,0.0,0.0,20,578.0,585.0,3,590.0,580.0,0.0,0.0,0.0,0.0,305
2023-05-09 21:30:17,CF401P15400,CF401P15400,590.0,0.0,0.0,0.0,23,578.0,585.0,3,590.0,580.0,0.0,0.0,0.0,0.0,305
2023-05-09 21:30:21,CF401P15400,CF401P15400,590.0,0.0,0.0,0.0,10,580.0,585.0,3,590.0,580.0,0.0,0.0,0.0,0.0,305
2023-05-09 21:30:22,CF401P15400,CF401P15400,590.0,0.0,0.0,0.0,20,580.0,585.0,3,590.0,580.0,0.0,0.0,0.0,0.0,305
2023-05-09 21:30:23,CF401P15400,CF401P15400,590.0,0.0,0.0,0.0,10,579.0,585.0,3,590.0,580.0,0.0,0.0,0.0,0.0,305
2023-05-09 21:30:23,CF401P15400,CF401P15400,590.0,0.0,0.0,0.0,20,579.0,585.0,3,590.0,580.0,0.0,0.0,0.0,0.0,305
2023-05-09 21:30:24,CF401P15400,CF401P15400,590.0,0.0,0.0,0.0,3,578.0,585.0,3,590.0,580.0,0.0,0.0,0.0,0.0,305
2023-05-09 21:30:25,CF401P15400,CF401P15400,590.0,0.0,0.0,0.0,3,578.0,585.0,13,590.0,580.0,0.0,0.0,0.0,0.0,305
2023-05-09 21:30:28,CF401P15400,CF401P15400,590.0,0.0,0.0,0.0,3,578.0,585.0,3,590.0,580.0,0.0,0.0,0.0,0.0,305
2023-05-09 21:30:48,CF401P15400,CF401P15400,590.0,0.0,0.0,0.0,20,577.0,585.0,13,590.0,580.0,0.0,0.0,0.0,0.0,305
2023-05-09 21:30:51,CF401P15400,CF401P15400,590.0,0.0,0.0,0.0,10,577.0,585.0,13,590.0,580.0,0.0,0.0,0.0,0.0,305
2023-05-09 21:30:51,CF401P15400,CF401P15400,590.0,0.0,0.0,0.0,3,575.0,585.0,13,590.0,580.0,0.0,0.0,0.0,0.0,305
2023-05-09 21:30:57,CF401P15400,CF401P15400,590.0,0.0,0.0,0.0,10,576.0,585.0,13,590.0,580.0,0.0,0.0,0.0,0.0,305
2023-05-09 21:30:58,CF401P15400,CF401P15400,590.0,0.0,0.0,0.0,3,575.0,585.0,13,590.0,580.0,0.0,0.0,0.0,0.0,305
2023-05-09 21:31:21,CF401P15400,CF401P15400,590.0,0.0,0.0,0.0,3,575.0,583.0,3,590.0,580.0,0.0,0.0,0.0,0.0,305
2023-05-09 21:31:32,CF401P15400,CF401P15400,590.0,0.0,0.0,0.0,10,576.0,583.0,3,590.0,580.0,0.0,0.0,0.0,0.0,305
2023-05-09 21:31:36,CF401P15400,CF401P15400,590.0,0.0,0.0,0.0,3,575.0,583.0,3,590.0,580.0,0.0,0.0,0.0,0.0,305
2023-05-09 21:31:39,CF401P15400,CF401P15400,590.0,0.0,0.0,0.0,10,576.0,583.0,3,590.0,580.0,0.0,0.0,0.0,0.0,305
2023-05-09 21:31:53,CF401P15400,CF401P15400,590.0,0.0,0.0,0.0,3,575.0,583.0,3,590.0,580.0,0.0,0.0,0.0,0.0,305
2023-05-09 21:32:00,CF401P15400,CF401P15400,590.0,0.0,0.0,0.0,3,575.0,583.0,13,590.0,580.0,0.0,0.0,0.0,0.0,305
2023-05-09 21:32:09,CF401P15400,CF401P15400,590.0,0.0,0.0,0.0,13,572.0,583.0,23,590.0,580.0,0.0,0.0,0.0,0.0,305
2023-05-09 21:32:09,CF401P15400,CF401P15400,590.0,0.0,0.0,0.0,3,572.0,582.0,20,590.0,580.0,0.0,0.0,0.0,0.0,305
2023-05-09 21:32:10,CF401P15400,CF401P15400,590.0,0.0,0.0,0.0,3,572.0,582.0,30,590.0,580.0,0.0,0.0,0.0,0.0,305
2023-05-09 21:32:10,CF401P15400,CF401P15400,590.0,0.0,0.0,0.0,3,572.0,580.0,3,590.0,580.0,0.0,0.0,0.0,0.0,305
2023-05-09 21:32:21,CF401P15400,CF401P15400,590.0,0.0,0.0,0.0,23,572.0,580.0,3,590.0,580.0,0.0,0.0,0.0,0.0,305
2023-05-09 21:32:24,CF401P15400,CF401P15400,590.0,0.0,0.0,0.0,13,572.0,580.0,3,590.0,580.0,0.0,0.0,0.0,0.0,305
2023-05-09 21:32:26,CF401P15400,CF401P15400,590.0,0.0,0.0,0.0,13,572.0,580.0,13,590.0,580.0,0.0,0.0,0.0,0.0,305
2023-05-09 21:32:34,CF401P15400,CF401P15400,590.0,0.0,0.0,0.0,3,572.0,580.0,23,590.0,580.0,0.0,0.0,0.0,0.0,305
2023-05-09 21:32:35,CF401P15400,CF401P15400,590.0,0.0,0.0,0.0,3,572.0,580.0,33,590.0,580.0,0.0,0.0,0.0,0.0,305
2023-05-09 21:32:41,CF401P15400,CF401P15400,590.0,0.0,0.0,0.0,3,572.0,580.0,23,590.0,580.0,0.0,0.0,0.0,0.0,305
2023-05-09 21:32:48,CF401P15400,CF401P15400,590.0,0.0,0.0,0.0,3,572.0,580.0,33,590.0,580.0,0.0,0.0,0.0,0.0,305
2023-05-09 21:32:50,CF401P15400,CF401P15400,590.0,0.0,0.0,0.0,10,569.0,580.0,23,590.0,580.0,0.0,0.0,0.0,0.0,305
2023-05-09 21:32:50,CF401P15400,CF401P15400,590.0,0.0,0.0,0.0,23,568.0,580.0,33,590.0,580.0,0.0,0.0,0.0,0.0,305
2023-05-09 21:33:02,CF401P15400,CF401P15400,590.0,0.0,0.0,0.0,10,570.0,580.0,33,590.0,580.0,0.0,0.0,0.0,0.0,305
2023-05-09 21:33:06,CF401P15400,CF401P15400,590.0,0.0,0.0,0.0,10,570.0,579.0,10,590.0,580.0,0.0,0.0,0.0,0.0,305
2023-05-09 21:33:07,CF401P15400,CF401P15400,590.0,0.0,0.0,0.0,13,568.0,577.0,13,590.0,580.0,0.0,0.0,0.0,0.0,305
2023-05-09 21:33:08,CF401P15400,CF401P15400,590.0,0.0,0.0,0.0,3,568.0,577.0,13,590.0,580.0,0.0,0.0,0.0,0.0,305
2023-05-09 21:33:26,CF401P15400,CF401P15400,590.0,0.0,0.0,0.0,3,568.0,577.0,23,590.0,580.0,0.0,0.0,0.0,0.0,305
2023-05-09 21:33:29,CF401P15400,CF401P15400,590.0,0.0,0.0,0.0,13,568.0,577.0,13,590.0,580.0,0.0,0.0,0.0,0.0,305
2023-05-09 21:33:30,CF401P15400,CF401P15400,590.0,0.0,0.0,0.0,3,568.0,577.0,13,590.0,580.0,0.0,0.0,0.0,0.0,305
2023-05-09 21:33:33,CF401P15400,CF401P15400,590.0,0.0,0.0,0.0,23,568.0,577.0,13,590.0,580.0,0.0,0.0,0.0,0.0,305
2023-05-09 21:33:34,CF401P15400,CF401P15400,590.0,0.0,0.0,0.0,3,568.0,577.0,13,590.0,580.0,0.0,0.0,0.0,0.0,305
2023-05-09 21:33:46,CF401P15400,CF401P15400,590.0,0.0,0.0,0.0,3,568.0,577.0,33,590.0,580.0,0.0,0.0,0.0,0.0,305
2023-05-09 21:33:48,CF401P15400,CF401P15400,590.0,0.0,0.0,0.0,13,568.0,577.0,23,590.0,580.0,0.0,0.0,0.0,0.0,305
2023-05-09 21:33:50,CF401P15400,CF401P15400,590.0,0.0,0.0,0.0,3,568.0,577.0,23,590.0,580.0,0.0,0.0,0.0,0.0,305
2023-05-09 21:33:51,CF401P15400,CF401P15400,590.0,0.0,0.0,0.0,10,569.0,577.0,23,590.0,580.0,0.0,0.0,0.0,0.0,305
2023-05-09 21:33:54,CF401P15400,CF401P15400,590.0,0.0,0.0,0.0,13,568.0,577.0,23,590.0,580.0,0.0,0.0,0.0,0.0,305
2023-05-09 21:33:54,CF401P15400,CF401P15400,590.0,0.0,0.0,0.0,3,568.0,577.0,23,590.0,580.0,0.0,0.0,0.0,0.0,305
2023-05-09 21:34:11,CF401P15400,CF401P15400,590.0,0.0,0.0,0.0,10,570.0,577.0,23,590.0,580.0,0.0,0.0,0.0,0.0,305
2023-05-09 21:34:12,CF401P15400,CF401P15400,590.0,0.0,0.0,0.0,23,568.0,577.0,23,590.0,580.0,0.0,0.0,0.0,0.0,305
2023-05-09 21:34:15,CF401P15400,CF401P15400,590.0,0.0,0.0,0.0,23,568.0,577.0,33,590.0,580.0,0.0,0.0,0.0,0.0,305
2023-05-09 21:34:26,CF401P15400,CF401P15400,590.0,0.0,0.0,0.0,23,568.0,577.0,23,590.0,580.0,0.0,0.0,0.0,0.0,305
2023-05-09 21:35:02,CF401P15400,CF401P15400,590.0,0.0,0.0,0.0,13,568.0,577.0,33,590.0,580.0,0.0,0.0,0.0,0.0,305
2023-05-09 21:35:03,CF401P15400,CF401P15400,590.0,0.0,0.0,0.0,13,568.0,577.0,23,590.0,580.0,0.0,0.0,0.0,0.0,305
2023-05-09 21:35:06,CF401P15400,CF401P15400,590.0,0.0,0.0,0.0,3,568.0,577.0,23,590.0,580.0,0.0,0.0,0.0,0.0,305
2023-05-09 21:35:10,CF401P15400,CF401P15400,590.0,0.0,0.0,0.0,20,570.0,577.0,23,590.0,580.0,0.0,0.0,0.0,0.0,305
2023-05-09 21:35:13,CF401P15400,CF401P15400,590.0,0.0,0.0,0.0,33,568.0,577.0,23,590.0,580.0,0.0,0.0,0.0,0.0,305
2023-05-09 21:35:13,CF401P15400,CF401P15400,590.0,0.0,0.0,0.0,23,568.0,577.0,23,590.0,580.0,0.0,0.0,0.0,0.0,305
2023-05-09 21:35:19,CF401P15400,CF401P15400,590.0,0.0,0.0,0.0,33,568.0,577.0,23,590.0,580.0,0.0,0.0,0.0,0.0,305
2023-05-09 21:35:20,CF401P15400,CF401P15400,590.0,0.0,0.0,0.0,23,568.0,577.0,23,590.0,580.0,0.0,0.0,0.0,0.0,305
2023-05-09 21:35:22,CF401P15400,CF401P15400,590.0,0.0,0.0,0.0,33,568.0,577.0,23,590.0,580.0,0.0,0.0,0.0,0.0,305
2023-05-09 21:35:25,CF401P15400,CF401P15400,590.0,0.0,0.0,0.0,43,568.0,577.0,23,590.0,580.0,0.0,0.0,0.0,0.0,305
2023-05-09 21:35:26,CF401P15400,CF401P15400,590.0,0.0,0.0,0.0,10,571.0,577.0,3,590.0,580.0,0.0,0.0,0.0,0.0,305
2023-05-09 21:35:28,CF401P15400,CF401P15400,590.0,0.0,0.0,0.0,20,571.0,577.0,3,590.0,580.0,0.0,0.0,0.0,0.0,305
2023-05-09 21:35:41,CF401P15400,CF401P15400,590.0,0.0,0.0,0.0,10,571.0,577.0,3,590.0,580.0,0.0,0.0,0.0,0.0,305
2023-05-09 21:35:41,CF401P15400,CF401P15400,590.0,0.0,0.0,0.0,20,570.0,577.0,3,590.0,580.0,0.0,0.0,0.0,0.0,305
2023-05-09 21:35:43,CF401P15400,CF401P15400,590.0,0.0,0.0,0.0,20,570.0,579.0,10,590.0,580.0,0.0,0.0,0.0,0.0,305
2023-05-09 21:35:44,CF401P15400,CF401P15400,590.0,0.0,0.0,0.0,3,572.0,580.0,33,590.0,580.0,0.0,0.0,0.0,0.0,305
2023-05-09 21:35:45,CF401P15400,CF401P15400,590.0,0.0,0.0,0.0,23,572.0,580.0,23,590.0,580.0,0.0,0.0,0.0,0.0,305
2023-05-09 21:35:46,CF401P15400,CF401P15400,590.0,0.0,0.0,0.0,13,572.0,580.0,33,590.0,580.0,0.0,0.0,0.0,0.0,305
2023-05-09 21:35:46,CF401P15400,CF401P15400,590.0,0.0,0.0,0.0,13,572.0,580.0,23,590.0,580.0,0.0,0.0,0.0,0.0,305
2023-05-09 21:35:53,CF401P15400,CF401P15400,590.0,0.0,0.0,0.0,23,572.0,580.0,23,590.0,580.0,0.0,0.0,0.0,0.0,305
2023-05-09 21:36:03,CF401P15400,CF401P15400,590.0,0.0,0.0,0.0,13,572.0,580.0,23,590.0,580.0,0.0,0.0,0.0,0.0,305
2023-05-09 21:36:05,CF401P15400,CF401P15400,590.0,0.0,0.0,0.0,23,572.0,580.0,23,590.0,580.0,0.0,0.0,0.0,0.0,305
2023-05-09 21:36:14,CF401P15400,CF401P15400,590.0,0.0,0.0,0.0,23,572.0,580.0,13,590.0,580.0,0.0,0.0,0.0,0.0,305
2023-05-09 21:36:15,CF401P15400,CF401P15400,590.0,0.0,0.0,0.0,10,573.0,580.0,13,590.0,580.0,0.0,0.0,0.0,0.0,305
2023-05-09 21:36:16,CF401P15400,CF401P15400,590.0,0.0,0.0,0.0,3,574.0,581.0,10,590.0,580.0,0.0,0.0,0.0,0.0,305
2023-05-09 21:36:31,CF401P15400,CF401P15400,590.0,0.0,0.0,0.0,13,574.0,582.0,10,590.0,580.0,0.0,0.0,0.0,0.0,305
2023-05-09 21:36:59,CF401P15400,CF401P15400,590.0,0.0,0.0,0.0,20,573.0,583.0,53,590.0,580.0,0.0,0.0,0.0,0.0,305
2023-05-09 21:37:00,CF401P15400,CF401P15400,590.0,0.0,0.0,0.0,20,573.0,580.0,3,590.0,580.0,0.0,0.0,0.0,0.0,305
2023-05-09 21:37:04,CF401P15400,CF401P15400,590.0,0.0,0.0,0.0,30,573.0,580.0,3,590.0,580.0,0.0,0.0,0.0,0.0,305
2023-05-09 21:38:13,CF401P15400,CF401P15400,590.0,0.0,0.0,0.0,10,576.0,583.0,3,590.0,580.0,0.0,0.0,0.0,0.0,305
2023-05-09 21:38:16,CF401P15400,CF401P15400,590.0,0.0,0.0,0.0,20,574.0,583.0,3,590.0,580.0,0.0,0.0,0.0,0.0,305
2023-05-09 21:38:17,CF401P15400,CF401P15400,590.0,0.0,0.0,0.0,30,574.0,583.0,3,590.0,580.0,0.0,0.0,0.0,0.0,305
2023-05-09 21:38:18,CF401P15400,CF401P15400,590.0,0.0,0.0,0.0,20,574.0,583.0,3,590.0,580.0,0.0,0.0,0.0,0.0,305
2023-05-09 21:38:26,CF401P15400,CF401P15400,590.0,0.0,0.0,0.0,10,574.0,583.0,3,590.0,580.0,0.0,0.0,0.0,0.0,305
2023-05-09 21:38:28,CF401P15400,CF401P15400,590.0,0.0,0.0,0.0,20,574.0,583.0,3,590.0,580.0,0.0,0.0,0.0,0.0,305
2023-05-09 21:38:29,CF401P15400,CF401P15400,590.0,0.0,0.0,0.0,10,574.0,583.0,3,590.0,580.0,0.0,0.0,0.0,0.0,305
2023-05-09 21:38:30,CF401P15400,CF401P15400,590.0,0.0,0.0,0.0,20,574.0,583.0,3,590.0,580.0,0.0,0.0,0.0,0.0,305
2023-05-09 21:38:30,CF401P15400,CF401P15400,590.0,0.0,0.0,0.0,10,574.0,583.0,3,590.0,580.0,0.0,0.0,0.0,0.0,305
2023-05-09 21:38:31,CF401P15400,CF401P15400,590.0,0.0,0.0,0.0,20,574.0,583.0,3,590.0,580.0,0.0,0.0,0.0,0.0,305
2023-05-09 21:39:05,CF401P15400,CF401P15400,590.0,0.0,0.0,0.0,23,574.0,583.0,3,590.0,580.0,0.0,0.0,0.0,0.0,305
2023-05-09 21:39:06,CF401P15400,CF401P15400,590.0,0.0,0.0,0.0,20,577.0,583.0,3,590.0,580.0,0.0,0.0,0.0,0.0,305
2023-05-09 21:39:07,CF401P15400,CF401P15400,590.0,0.0,0.0,0.0,10,577.0,583.0,3,590.0,580.0,0.0,0.0,0.0,0.0,305
2023-05-09 21:39:08,CF401P15400,CF401P15400,590.0,0.0,0.0,0.0,20,577.0,583.0,3,590.0,580.0,0.0,0.0,0.0,0.0,305
2023-05-09 21:39:10,CF401P15400,CF401P15400,590.0,0.0,0.0,0.0,10,577.0,583.0,3,590.0,580.0,0.0,0.0,0.0,0.0,305
2023-05-09 21:39:11,CF401P15400,CF401P15400,590.0,0.0,0.0,0.0,40,576.0,583.0,3,590.0,580.0,0.0,0.0,0.0,0.0,305
2023-05-09 21:39:11,CF401P15400,CF401P15400,590.0,0.0,0.0,0.0,30,576.0,583.0,3,590.0,580.0,0.0,0.0,0.0,0.0,305
2023-05-09 21:39:14,CF401P15400,CF401P15400,590.0,0.0,0.0,0.0,20,576.0,583.0,3,590.0,580.0,0.0,0.0,0.0,0.0,305
2023-05-09 21:39:17,CF401P15400,CF401P15400,590.0,0.0,0.0,0.0,30,576.0,583.0,3,590.0,580.0,0.0,0.0,0.0,0.0,305
2023-05-09 21:39:29,CF401P15400,CF401P15400,590.0,0.0,0.0,0.0,40,576.0,583.0,3,590.0,580.0,0.0,0.0,0.0,0.0,305
2023-05-09 21:39:33,CF401P15400,CF401P15400,590.0,0.0,0.0,0.0,10,579.0,583.0,3,590.0,580.0,0.0,0.0,0.0,0.0,305
2023-05-09 21:39:34,CF401P15400,CF401P15400,590.0,0.0,0.0,0.0,20,577.0,583.0,3,590.0,580.0,0.0,0.0,0.0,0.0,305
2023-05-09 21:39:34,CF401P15400,CF401P15400,590.0,0.0,0.0,0.0,20,578.0,583.0,3,590.0,580.0,0.0,0.0,0.0,0.0,305
2023-05-09 21:39:35,CF401P15400,CF401P15400,590.0,0.0,0.0,0.0,20,577.0,583.0,3,590.0,580.0,0.0,0.0,0.0,0.0,305
2023-05-09 21:40:02,CF401P15400,CF401P15400,590.0,0.0,0.0,0.0,10,577.0,583.0,3,590.0,580.0,0.0,0.0,0.0,0.0,305
2023-05-09 21:40:03,CF401P15400,CF401P15400,590.0,0.0,0.0,0.0,13,576.0,583.0,3,590.0,580.0,0.0,0.0,0.0,0.0,305
2023-05-09 21:40:03,CF401P15400,CF401P15400,590.0,0.0,0.0,0.0,23,576.0,583.0,3,590.0,580.0,0.0,0.0,0.0,0.0,305
2023-05-09 21:40:04,CF401P15400,CF401P15400,590.0,0.0,0.0,0.0,3,576.0,583.0,3,590.0,580.0,0.0,0.0,0.0,0.0,305
2023-05-09 21:40:06,CF401P15400,CF401P15400,590.0,0.0,0.0,0.0,10,579.0,583.0,3,590.0,580.0,0.0,0.0,0.0,0.0,305
2023-05-09 21:40:08,CF401P15400,CF401P15400,590.0,0.0,0.0,0.0,20,579.0,583.0,3,590.0,580.0,0.0,0.0,0.0,0.0,305
2023-05-09 21:40:13,CF401P15400,CF401P15400,590.0,0.0,0.0,0.0,20,579.0,585.0,3,590.0,580.0,0.0,0.0,0.0,0.0,305
2023-05-09 21:40:14,CF401P15400,CF401P15400,590.0,0.0,0.0,0.0,30,579.0,585.0,3,590.0,580.0,0.0,0.0,0.0,0.0,305
2023-05-09 21:40:28,CF401P15400,CF401P15400,590.0,0.0,0.0,0.0,20,579.0,585.0,3,590.0,580.0,0.0,0.0,0.0,0.0,305
2023-05-09 21:40:28,CF401P15400,CF401P15400,590.0,0.0,0.0,0.0,30,579.0,585.0,3,590.0,580.0,0.0,0.0,0.0,0.0,305
2023-05-09 21:40:30,CF401P15400,CF401P15400,590.0,0.0,0.0,0.0,20,579.0,585.0,3,590.0,580.0,0.0,0.0,0.0,0.0,305
2023-05-09 21:40:30,CF401P15400,CF401P15400,590.0,0.0,0.0,0.0,30,579.0,585.0,3,590.0,580.0,0.0,0.0,0.0,0.0,305
2023-05-09 21:40:44,CF401P15400,CF401P15400,590.0,0.0,0.0,0.0,10,582.0,589.0,20,590.0,580.0,0.0,0.0,0.0,0.0,305
2023-05-09 21:40:45,CF401P15400,CF401P15400,590.0,0.0,0.0,0.0,20,582.0,587.0,10,590.0,580.0,0.0,0.0,0.0,0.0,305
2023-05-09 21:40:45,CF401P15400,CF401P15400,590.0,0.0,0.0,0.0,20,582.0,589.0,10,590.0,580.0,0.0,0.0,0.0,0.0,305
2023-05-09 21:40:49,CF401P15400,CF401P15400,590.0,0.0,0.0,0.0,20,582.0,590.0,3,590.0,580.0,0.0,0.0,0.0,0.0,305
2023-05-09 21:40:49,CF401P15400,CF401P15400,590.0,0.0,0.0,0.0,30,582.0,590.0,3,590.0,580.0,0.0,0.0,0.0,0.0,305
2023-05-09 21:40:52,CF401P15400,CF401P15400,590.0,0.0,0.0,0.0,10,582.0,590.0,23,590.0,580.0,0.0,0.0,0.0,0.0,305
2023-05-09 21:40:53,CF401P15400,CF401P15400,590.0,0.0,0.0,0.0,10,582.0,590.0,13,590.0,580.0,0.0,0.0,0.0,0.0,305
2023-05-09 21:40:54,CF401P15400,CF401P15400,590.0,0.0,0.0,0.0,30,580.0,590.0,13,590.0,580.0,0.0,0.0,0.0,0.0,305
2023-05-09 21:40:56,CF401P15400,CF401P15400,590.0,0.0,0.0,0.0,20,580.0,590.0,13,590.0,580.0,0.0,0.0,0.0,0.0,305
2023-05-09 21:40:57,CF401P15400,CF401P15400,590.0,0.0,0.0,0.0,10,582.0,590.0,13,590.0,580.0,0.0,0.0,0.0,0.0,305
2023-05-09 21:40:57,CF401P15400,CF401P15400,590.0,0.0,0.0,0.0,20,582.0,590.0,3,590.0,580.0,0.0,0.0,0.0,0.0,305
2023-05-09 21:40:58,CF401P15400,CF401P15400,590.0,0.0,0.0,0.0,30,582.0,590.0,3,590.0,580.0,0.0,0.0,0.0,0.0,305
2023-05-09 21:41:13,CF401P15400,CF401P15400,590.0,0.0,0.0,0.0,20,584.0,590.0,3,590.0,580.0,0.0,0.0,0.0,0.0,305
2023-05-09 21:41:14,CF401P15400,CF401P15400,590.0,0.0,0.0,0.0,30,582.0,590.0,3,590.0,580.0,0.0,0.0,0.0,0.0,305
2023-05-09 21:41:14,CF401P15400,CF401P15400,590.0,0.0,0.0,0.0,40,582.0,590.0,3,590.0,580.0,0.0,0.0,0.0,0.0,305
2023-05-09 21:41:15,CF401P15400,CF401P15400,590.0,0.0,0.0,0.0,20,582.0,590.0,3,590.0,580.0,0.0,0.0,0.0,0.0,305
2023-05-09 21:41:17,CF401P15400,CF401P15400,590.0,0.0,0.0,0.0,30,582.0,590.0,3,590.0,580.0,0.0,0.0,0.0,0.0,305
2023-05-09 21:41:26,CF401P15400,CF401P15400,590.0,0.0,0.0,0.0,20,582.0,590.0,3,590.0,580.0,0.0,0.0,0.0,0.0,305
2023-05-09 21:41:27,CF401P15400,CF401P15400,590.0,0.0,0.0,0.0,30,582.0,590.0,3,590.0,580.0,0.0,0.0,0.0,0.0,305
2023-05-09 21:41:27,CF401P15400,CF401P15400,590.0,0.0,0.0,0.0,33,582.0,590.0,3,590.0,580.0,0.0,0.0,0.0,0.0,305
2023-05-09 21:41:28,CF401P15400,CF401P15400,590.0,0.0,0.0,0.0,20,586.0,590.0,3,590.0,580.0,0.0,0.0,0.0,0.0,305
2023-05-09 21:41:28,CF401P15400,CF401P15400,590.0,0.0,0.0,0.0,10,586.0,590.0,3,590.0,580.0,0.0,0.0,0.0,0.0,305
2023-05-09 21:41:29,CF401P15400,CF401P15400,590.0,0.0,0.0,0.0,10,585.0,590.0,3,590.0,580.0,0.0,0.0,0.0,0.0,305
2023-05-09 21:41:30,CF401P15400,CF401P15400,590.0,0.0,0.0,0.0,20,584.0,590.0,3,590.0,580.0,0.0,0.0,0.0,0.0,305
2023-05-09 21:41:30,CF401P15400,CF401P15400,590.0,0.0,0.0,0.0,30,584.0,590.0,3,590.0,580.0,0.0,0.0,0.0,0.0,305
2023-05-09 21:41:31,CF401P15400,CF401P15400,590.0,0.0,0.0,0.0,20,584.0,590.0,3,590.0,580.0,0.0,0.0,0.0,0.0,305
2023-05-09 21:42:11,CF401P15400,CF401P15400,590.0,0.0,0.0,0.0,63,582.0,590.0,3,590.0,580.0,0.0,0.0,0.0,0.0,305
2023-05-09 21:42:12,CF401P15400,CF401P15400,590.0,0.0,0.0,0.0,53,582.0,590.0,3,590.0,580.0,0.0,0.0,0.0,0.0,305
2023-05-09 21:42:21,CF401P15400,CF401P15400,590.0,0.0,0.0,0.0,20,585.0,590.0,3,590.0,580.0,0.0,0.0,0.0,0.0,305
2023-05-09 21:42:22,CF401P15400,CF401P15400,590.0,0.0,0.0,0.0,10,585.0,590.0,3,590.0,580.0,0.0,0.0,0.0,0.0,305
2023-05-09 21:42:22,CF401P15400,CF401P15400,590.0,0.0,0.0,0.0,20,583.0,590.0,3,590.0,580.0,0.0,0.0,0.0,0.0,305
2023-05-09 21:42:31,CF401P15400,CF401P15400,590.0,0.0,0.0,0.0,10,583.0,590.0,3,590.0,580.0,0.0,0.0,0.0,0.0,305
2023-05-09 21:42:32,CF401P15400,CF401P15400,590.0,0.0,0.0,0.0,23,582.0,590.0,13,590.0,580.0,0.0,0.0,0.0,0.0,305
2023-05-09 21:42:42,CF401P15400,CF401P15400,590.0,0.0,0.0,0.0,3,582.0,590.0,13,590.0,580.0,0.0,0.0,0.0,0.0,305
2023-05-09 21:42:43,CF401P15400,CF401P15400,590.0,0.0,0.0,0.0,20,580.0,588.0,3,590.0,580.0,0.0,0.0,0.0,0.0,305
2023-05-09 21:42:44,CF401P15400,CF401P15400,590.0,0.0,0.0,0.0,10,580.0,588.0,3,590.0,580.0,0.0,0.0,0.0,0.0,305
2023-05-09 21:42:46,CF401P15400,CF401P15400,590.0,0.0,0.0,0.0,20,580.0,588.0,3,590.0,580.0,0.0,0.0,0.0,0.0,305
2023-05-09 21:43:00,CF401P15400,CF401P15400,590.0,0.0,0.0,0.0,10,580.0,588.0,3,590.0,580.0,0.0,0.0,0.0,0.0,305
2023-05-09 21:43:00,CF401P15400,CF401P15400,590.0,0.0,0.0,0.0,20,580.0,588.0,3,590.0,580.0,0.0,0.0,0.0,0.0,305
2023-05-09 21:43:02,CF401P15400,CF401P15400,590.0,0.0,0.0,0.0,10,580.0,588.0,3,590.0,580.0,0.0,0.0,0.0,0.0,305
2023-05-09 21:43:04,CF401P15400,CF401P15400,580.0,10.0,5800.0,0.0,3,576.0,587.0,10,590.0,580.0,580.0,580.0,10.0,5800.0,305
2023-05-09 21:43:04,CF401P15400,CF401P15400,580.0,0.0,0.0,0.0,3,576.0,586.0,10,590.0,580.0,580.0,580.0,10.0,5800.0,305
2023-05-09 21:43:05,CF401P15400,CF401P15400,580.0,0.0,0.0,0.0,3,576.0,585.0,3,590.0,580.0,580.0,580.0,10.0,5800.0,305
2023-05-09 21:43:06,CF401P15400,CF401P15400,580.0,0.0,0.0,0.0,3,576.0,581.0,10,590.0,580.0,580.0,580.0,10.0,5800.0,305
2023-05-09 21:43:09,CF401P15400,CF401P15400,580.0,0.0,0.0,0.0,13,576.0,585.0,3,590.0,580.0,580.0,580.0,10.0,5800.0,305
2023-05-09 21:43:09,CF401P15400,CF401P15400,580.0,0.0,0.0,0.0,23,576.0,585.0,3,590.0,580.0,580.0,580.0,10.0,5800.0,305
2023-05-09 21:43:10,CF401P15400,CF401P15400,580.0,0.0,0.0,0.0,3,576.0,585.0,3,590.0,580.0,580.0,580.0,10.0,5800.0,305
2023-05-09 21:43:20,CF401P15400,CF401P15400,580.0,0.0,0.0,0.0,13,576.0,585.0,3,590.0,580.0,580.0,580.0,10.0,5800.0,305
2023-05-09 21:43:22,CF401P15400,CF401P15400,580.0,0.0,0.0,0.0,3,576.0,585.0,3,590.0,580.0,580.0,580.0,10.0,5800.0,305
2023-05-09 21:43:25,CF401P15400,CF401P15400,580.0,0.0,0.0,0.0,13,576.0,585.0,3,590.0,580.0,580.0,580.0,10.0,5800.0,305
2023-05-09 21:43:26,CF401P15400,CF401P15400,580.0,0.0,0.0,0.0,23,576.0,585.0,3,590.0,580.0,580.0,580.0,10.0,5800.0,305
2023-05-09 21:43:28,CF401P15400,CF401P15400,580.0,0.0,0.0,0.0,13,576.0,585.0,3,590.0,580.0,580.0,580.0,10.0,5800.0,305
2023-05-09 21:43:28,CF401P15400,CF401P15400,580.0,0.0,0.0,0.0,3,576.0,585.0,3,590.0,580.0,580.0,580.0,10.0,5800.0,305
2023-05-09 21:43:56,CF401P15400,CF401P15400,580.0,0.0,0.0,0.0,13,576.0,585.0,3,590.0,580.0,580.0,580.0,10.0,5800.0,305
2023-05-09 21:43:58,CF401P15400,CF401P15400,580.0,0.0,0.0,0.0,3,576.0,585.0,3,590.0,580.0,580.0,580.0,10.0,5800.0,305
2023-05-09 21:44:01,CF401P15400,CF401P15400,580.0,0.0,0.0,0.0,3,576.0,584.0,20,590.0,580.0,580.0,580.0,10.0,5800.0,305
2023-05-09 21:44:03,CF401P15400,CF401P15400,580.0,0.0,0.0,0.0,3,576.0,584.0,30,590.0,580.0,580.0,580.0,10.0,5800.0,305
2023-05-09 21:44:03,CF401P15400,CF401P15400,580.0,0.0,0.0,0.0,3,576.0,584.0,40,590.0,580.0,580.0,580.0,10.0,5800.0,305
2023-05-09 21:44:13,CF401P15400,CF401P15400,580.0,0.0,0.0,0.0,3,576.0,583.0,5,590.0,580.0,580.0,580.0,10.0,5800.0,305
2023-05-09 21:44:37,CF401P15400,CF401P15400,580.0,0.0,0.0,0.0,3,574.0,583.0,5,590.0,580.0,580.0,580.0,10.0,5800.0,305
2023-05-09 21:44:37,CF401P15400,CF401P15400,580.0,0.0,0.0,0.0,3,574.0,582.0,10,590.0,580.0,580.0,580.0,10.0,5800.0,305
2023-05-09 21:44:41,CF401P15400,CF401P15400,580.0,0.0,0.0,0.0,3,574.0,582.0,20,590.0,580.0,580.0,580.0,10.0,5800.0,305
2023-05-09 21:44:46,CF401P15400,CF401P15400,580.0,0.0,0.0,0.0,3,574.0,581.0,5,590.0,580.0,580.0,580.0,10.0,5800.0,305
2023-05-09 21:44:46,CF401P15400,CF401P15400,580.0,0.0,0.0,0.0,3,574.0,581.0,15,590.0,580.0,580.0,580.0,10.0,5800.0,305
2023-05-09 21:44:49,CF401P15400,CF401P15400,580.0,0.0,0.0,0.0,3,574.0,581.0,25,590.0,580.0,580.0,580.0,10.0,5800.0,305
2023-05-09 21:45:06,CF401P15400,CF401P15400,580.0,0.0,0.0,0.0,3,574.0,581.0,5,590.0,580.0,580.0,580.0,10.0,5800.0,305
2023-05-09 21:45:39,CF401P15400,CF401P15400,580.0,0.0,0.0,0.0,20,572.0,581.0,5,590.0,580.0,580.0,580.0,10.0,5800.0,305
2023-05-09 21:45:39,CF401P15400,CF401P15400,580.0,0.0,0.0,0.0,30,572.0,581.0,5,590.0,580.0,580.0,580.0,10.0,5800.0,305
2023-05-09 21:45:40,CF401P15400,CF401P15400,580.0,0.0,0.0,0.0,20,572.0,581.0,5,590.0,580.0,580.0,580.0,10.0,5800.0,305
2023-05-09 21:45:47,CF401P15400,CF401P15400,580.0,0.0,0.0,0.0,10,572.0,581.0,5,590.0,580.0,580.0,580.0,10.0,5800.0,305
2023-05-09 21:45:56,CF401P15400,CF401P15400,580.0,0.0,0.0,0.0,10,571.0,581.0,5,590.0,580.0,580.0,580.0,10.0,5800.0,305
2023-05-09 21:45:57,CF401P15400,CF401P15400,580.0,0.0,0.0,0.0,10,571.0,579.0,5,590.0,580.0,580.0,580.0,10.0,5800.0,305
2023-05-09 21:45:58,CF401P15400,CF401P15400,580.0,0.0,0.0,0.0,20,571.0,579.0,5,590.0,580.0,580.0,580.0,10.0,5800.0,305
2023-05-09 21:46:02,CF401P15400,CF401P15400,580.0,0.0,0.0,0.0,10,572.0,579.0,5,590.0,580.0,580.0,580.0,10.0,5800.0,305
2023-05-09 21:46:23,CF401P15400,CF401P15400,580.0,0.0,0.0,0.0,20,572.0,579.0,5,590.0,580.0,580.0,580.0,10.0,5800.0,305
2023-05-09 21:47:06,CF401P15400,CF401P15400,580.0,0.0,0.0,0.0,10,572.0,579.0,5,590.0,580.0,580.0,580.0,10.0,5800.0,305
2023-05-09 21:47:29,CF401P15400,CF401P15400,580.0,0.0,0.0,0.0,15,572.0,579.0,5,590.0,580.0,580.0,580.0,10.0,5800.0,305
2023-05-09 21:47:33,CF401P15400,CF401P15400,580.0,0.0,0.0,0.0,15,572.0,581.0,25,590.0,580.0,580.0,580.0,10.0,5800.0,305
2023-05-09 21:47:33,CF401P15400,CF401P15400,580.0,0.0,0.0,0.0,25,572.0,581.0,25,590.0,580.0,580.0,580.0,10.0,5800.0,305
2023-05-09 21:47:34,CF401P15400,CF401P15400,580.0,0.0,0.0,0.0,15,572.0,581.0,25,590.0,580.0,580.0,580.0,10.0,5800.0,305
2023-05-09 21:47:36,CF401P15400,CF401P15400,580.0,0.0,0.0,0.0,15,572.0,581.0,15,590.0,580.0,580.0,580.0,10.0,5800.0,305
2023-05-09 21:48:23,CF401P15400,CF401P15400,580.0,0.0,0.0,0.0,15,572.0,581.0,5,590.0,580.0,580.0,580.0,10.0,5800.0,305
2023-05-09 21:48:25,CF401P15400,CF401P15400,580.0,0.0,0.0,0.0,15,572.0,581.0,15,590.0,580.0,580.0,580.0,10.0,5800.0,305
2023-05-09 21:48:29,CF401P15400,CF401P15400,580.0,0.0,0.0,0.0,5,572.0,580.0,10,590.0,580.0,580.0,580.0,10.0,5800.0,305
2023-05-09 21:48:30,CF401P15400,CF401P15400,580.0,0.0,0.0,0.0,5,572.0,580.0,20,590.0,580.0,580.0,580.0,10.0,5800.0,305
2023-05-09 21:48:34,CF401P15400,CF401P15400,580.0,0.0,0.0,0.0,5,572.0,580.0,40,590.0,580.0,580.0,580.0,10.0,5800.0,305
2023-05-09 21:48:52,CF401P15400,CF401P15400,580.0,0.0,0.0,0.0,5,572.0,580.0,50,590.0,580.0,580.0,580.0,10.0,5800.0,305
2023-05-09 21:49:01,CF401P15400,CF401P15400,580.0,0.0,0.0,0.0,15,570.0,578.0,5,590.0,580.0,580.0,580.0,10.0,5800.0,305
2023-05-09 21:49:02,CF401P15400,CF401P15400,580.0,0.0,0.0,0.0,5,570.0,578.0,5,590.0,580.0,580.0,580.0,10.0,5800.0,305
2023-05-09 21:49:06,CF401P15400,CF401P15400,580.0,0.0,0.0,0.0,5,570.0,578.0,15,590.0,580.0,580.0,580.0,10.0,5800.0,305
2023-05-09 21:49:25,CF401P15400,CF401P15400,580.0,0.0,0.0,0.0,15,570.0,578.0,25,590.0,580.0,580.0,580.0,10.0,5800.0,305
2023-05-09 21:49:25,CF401P15400,CF401P15400,580.0,0.0,0.0,0.0,5,570.0,578.0,15,590.0,580.0,580.0,580.0,10.0,5800.0,305
2023-05-09 21:49:27,CF401P15400,CF401P15400,580.0,0.0,0.0,0.0,5,570.0,578.0,25,590.0,580.0,580.0,580.0,10.0,5800.0,305
2023-05-09 21:49:31,CF401P15400,CF401P15400,580.0,0.0,0.0,0.0,5,570.0,578.0,15,590.0,580.0,580.0,580.0,10.0,5800.0,305
2023-05-09 21:49:33,CF401P15400,CF401P15400,580.0,0.0,0.0,0.0,5,570.0,578.0,25,590.0,580.0,580.0,580.0,10.0,5800.0,305
2023-05-09 21:49:34,CF401P15400,CF401P15400,580.0,0.0,0.0,0.0,5,570.0,578.0,15,590.0,580.0,580.0,580.0,10.0,5800.0,305
2023-05-09 21:49:37,CF401P15400,CF401P15400,580.0,0.0,0.0,0.0,5,570.0,578.0,25,590.0,580.0,580.0,580.0,10.0,5800.0,305
2023-05-09 21:49:41,CF401P15400,CF401P15400,580.0,0.0,0.0,0.0,5,570.0,578.0,15,590.0,580.0,580.0,580.0,10.0,5800.0,305
2023-05-09 21:49:41,CF401P15400,CF401P15400,580.0,0.0,0.0,0.0,5,570.0,578.0,25,590.0,580.0,580.0,580.0,10.0,5800.0,305
2023-05-09 21:49:50,CF401P15400,CF401P15400,580.0,0.0,0.0,0.0,5,570.0,578.0,35,590.0,580.0,580.0,580.0,10.0,5800.0,305
2023-05-09 21:50:02,CF401P15400,CF401P15400,580.0,0.0,0.0,0.0,5,570.0,578.0,25,590.0,580.0,580.0,580.0,10.0,5800.0,305
2023-05-09 21:50:03,CF401P15400,CF401P15400,580.0,0.0,0.0,0.0,5,570.0,578.0,35,590.0,580.0,580.0,580.0,10.0,5800.0,305
2023-05-09 21:50:15,CF401P15400,CF401P15400,580.0,0.0,0.0,0.0,5,570.0,577.0,10,590.0,580.0,580.0,580.0,10.0,5800.0,305
2023-05-09 21:50:20,CF401P15400,CF401P15400,580.0,0.0,0.0,0.0,10,568.0,577.0,20,590.0,580.0,580.0,580.0,10.0,5800.0,305
2023-05-09 21:50:20,CF401P15400,CF401P15400,580.0,0.0,0.0,0.0,10,568.0,577.0,10,590.0,580.0,580.0,580.0,10.0,5800.0,305
2023-05-09 21:50:21,CF401P15400,CF401P15400,580.0,0.0,0.0,0.0,20,567.0,577.0,20,590.0,580.0,580.0,580.0,10.0,5800.0,305
2023-05-09 21:50:21,CF401P15400,CF401P15400,580.0,0.0,0.0,0.0,20,567.0,577.0,30,590.0,580.0,580.0,580.0,10.0,5800.0,305
2023-05-09 21:50:29,CF401P15400,CF401P15400,580.0,0.0,0.0,0.0,20,567.0,575.0,5,590.0,580.0,580.0,580.0,10.0,5800.0,305
2023-05-09 21:50:35,CF401P15400,CF401P15400,580.0,0.0,0.0,0.0,10,567.0,575.0,5,590.0,580.0,580.0,580.0,10.0,5800.0,305
2023-05-09 21:50:37,CF401P15400,CF401P15400,580.0,0.0,0.0,0.0,20,567.0,575.0,5,590.0,580.0,580.0,580.0,10.0,5800.0,305
2023-05-09 21:50:37,CF401P15400,CF401P15400,580.0,0.0,0.0,0.0,10,567.0,575.0,5,590.0,580.0,580.0,580.0,10.0,5800.0,305
2023-05-09 21:50:39,CF401P15400,CF401P15400,580.0,0.0,0.0,0.0,20,567.0,575.0,5,590.0,580.0,580.0,580.0,10.0,5800.0,305
2023-05-09 21:50:43,CF401P15400,CF401P15400,580.0,0.0,0.0,0.0,10,567.0,575.0,5,590.0,580.0,580.0,580.0,10.0,5800.0,305
2023-05-09 21:50:46,CF401P15400,CF401P15400,580.0,0.0,0.0,0.0,20,567.0,575.0,5,590.0,580.0,580.0,580.0,10.0,5800.0,305
2023-05-09 21:50:47,CF401P15400,CF401P15400,580.0,0.0,0.0,0.0,10,567.0,575.0,5,590.0,580.0,580.0,580.0,10.0,5800.0,305
2023-05-09 21:50:48,CF401P15400,CF401P15400,580.0,0.0,0.0,0.0,20,567.0,575.0,5,590.0,580.0,580.0,580.0,10.0,5800.0,305
2023-05-09 21:51:30,CF401P15400,CF401P15400,580.0,0.0,0.0,0.0,30,567.0,575.0,5,590.0,580.0,580.0,580.0,10.0,5800.0,305
2023-05-09 21:51:57,CF401P15400,CF401P15400,580.0,0.0,0.0,0.0,40,567.0,575.0,5,590.0,580.0,580.0,580.0,10.0,5800.0,305
2023-05-09 21:52:35,CF401P15400,CF401P15400,580.0,0.0,0.0,0.0,30,567.0,575.0,5,590.0,580.0,580.0,580.0,10.0,5800.0,305
2023-05-09 21:52:36,CF401P15400,CF401P15400,580.0,0.0,0.0,0.0,20,567.0,575.0,5,590.0,580.0,580.0,580.0,10.0,5800.0,305
2023-05-09 21:52:59,CF401P15400,CF401P15400,580.0,0.0,0.0,0.0,10,570.0,575.0,5,590.0,580.0,580.0,580.0,10.0,5800.0,305
2023-05-09 21:53:06,CF401P15400,CF401P15400,580.0,0.0,0.0,0.0,10,570.0,576.0,20,590.0,580.0,580.0,580.0,10.0,5800.0,305
2023-05-09 21:53:07,CF401P15400,CF401P15400,580.0,0.0,0.0,0.0,10,570.0,577.0,20,590.0,580.0,580.0,580.0,10.0,5800.0,305
2023-05-09 21:53:08,CF401P15400,CF401P15400,580.0,0.0,0.0,0.0,10,569.0,577.0,20,590.0,580.0,580.0,580.0,10.0,5800.0,305
2023-05-09 21:53:08,CF401P15400,CF401P15400,580.0,0.0,0.0,0.0,10,568.0,577.0,10,590.0,580.0,580.0,580.0,10.0,5800.0,305
2023-05-09 21:53:08,CF401P15400,CF401P15400,580.0,0.0,0.0,0.0,20,568.0,577.0,10,590.0,580.0,580.0,580.0,10.0,5800.0,305
2023-05-09 21:53:09,CF401P15400,CF401P15400,580.0,0.0,0.0,0.0,10,568.0,578.0,33,590.0,580.0,580.0,580.0,10.0,5800.0,305
2023-05-09 21:53:10,CF401P15400,CF401P15400,580.0,0.0,0.0,0.0,20,568.0,578.0,43,590.0,580.0,580.0,580.0,10.0,5800.0,305
2023-05-09 21:53:10,CF401P15400,CF401P15400,580.0,0.0,0.0,0.0,23,567.0,578.0,33,590.0,580.0,580.0,580.0,10.0,5800.0,305
2023-05-09 21:53:56,CF401P15400,CF401P15400,580.0,0.0,0.0,0.0,13,567.0,578.0,33,590.0,580.0,580.0,580.0,10.0,5800.0,305
2023-05-09 21:53:56,CF401P15400,CF401P15400,580.0,0.0,0.0,0.0,23,567.0,578.0,43,590.0,580.0,580.0,580.0,10.0,5800.0,305
2023-05-09 21:53:58,CF401P15400,CF401P15400,580.0,0.0,0.0,0.0,13,567.0,578.0,43,590.0,580.0,580.0,580.0,10.0,5800.0,305
2023-05-09 21:54:00,CF401P15400,CF401P15400,580.0,0.0,0.0,0.0,23,567.0,578.0,43,590.0,580.0,580.0,580.0,10.0,5800.0,305
2023-05-09 21:54:06,CF401P15400,CF401P15400,580.0,0.0,0.0,0.0,13,567.0,578.0,43,590.0,580.0,580.0,580.0,10.0,5800.0,305
2023-05-09 21:54:26,CF401P15400,CF401P15400,580.0,0.0,0.0,0.0,10,570.0,578.0,43,590.0,580.0,580.0,580.0,10.0,5800.0,305
2023-05-09 21:54:27,CF401P15400,CF401P15400,580.0,0.0,0.0,0.0,10,569.0,578.0,43,590.0,580.0,580.0,580.0,10.0,5800.0,305
2023-05-09 21:54:28,CF401P15400,CF401P15400,580.0,0.0,0.0,0.0,20,568.0,578.0,43,590.0,580.0,580.0,580.0,10.0,5800.0,305
2023-05-09 21:54:28,CF401P15400,CF401P15400,580.0,0.0,0.0,0.0,30,568.0,578.0,43,590.0,580.0,580.0,580.0,10.0,5800.0,305
2023-05-09 21:54:37,CF401P15400,CF401P15400,580.0,0.0,0.0,0.0,20,568.0,578.0,43,590.0,580.0,580.0,580.0,10.0,5800.0,305
2023-05-09 21:54:38,CF401P15400,CF401P15400,580.0,0.0,0.0,0.0,30,568.0,578.0,43,590.0,580.0,580.0,580.0,10.0,5800.0,305
2023-05-09 21:54:39,CF401P15400,CF401P15400,580.0,0.0,0.0,0.0,20,568.0,578.0,43,590.0,580.0,580.0,580.0,10.0,5800.0,305
2023-05-09 21:54:56,CF401P15400,CF401P15400,580.0,0.0,0.0,0.0,10,568.0,578.0,33,590.0,580.0,580.0,580.0,10.0,5800.0,305
2023-05-09 21:54:58,CF401P15400,CF401P15400,580.0,0.0,0.0,0.0,20,568.0,578.0,23,590.0,580.0,580.0,580.0,10.0,5800.0,305
2023-05-09 21:54:58,CF401P15400,CF401P15400,580.0,0.0,0.0,0.0,30,568.0,578.0,33,590.0,580.0,580.0,580.0,10.0,5800.0,305
2023-05-09 21:55:01,CF401P15400,CF401P15400,580.0,0.0,0.0,0.0,20,568.0,578.0,33,590.0,580.0,580.0,580.0,10.0,5800.0,305
2023-05-09 21:55:02,CF401P15400,CF401P15400,580.0,0.0,0.0,0.0,20,568.0,578.0,23,590.0,580.0,580.0,580.0,10.0,5800.0,305
2023-05-09 21:55:04,CF401P15400,CF401P15400,580.0,0.0,0.0,0.0,20,568.0,578.0,33,590.0,580.0,580.0,580.0,10.0,5800.0,305
2023-05-09 21:55:05,CF401P15400,CF401P15400,580.0,0.0,0.0,0.0,10,568.0,578.0,33,590.0,580.0,580.0,580.0,10.0,5800.0,305
2023-05-09 21:55:10,CF401P15400,CF401P15400,580.0,0.0,0.0,0.0,30,568.0,578.0,33,590.0,580.0,580.0,580.0,10.0,5800.0,305
2023-05-09 21:55:12,CF401P15400,CF401P15400,580.0,0.0,0.0,0.0,20,568.0,578.0,23,590.0,580.0,580.0,580.0,10.0,5800.0,305
2023-05-09 21:55:15,CF401P15400,CF401P15400,580.0,0.0,0.0,0.0,13,567.0,577.0,10,590.0,580.0,580.0,580.0,10.0,5800.0,305
2023-05-09 21:55:15,CF401P15400,CF401P15400,580.0,0.0,0.0,0.0,13,567.0,577.0,20,590.0,580.0,580.0,580.0,10.0,5800.0,305
2023-05-09 21:55:19,CF401P15400,CF401P15400,580.0,0.0,0.0,0.0,23,567.0,576.0,3,590.0,580.0,580.0,580.0,10.0,5800.0,305
2023-05-09 21:55:20,CF401P15400,CF401P15400,580.0,0.0,0.0,0.0,13,567.0,576.0,3,590.0,580.0,580.0,580.0,10.0,5800.0,305
2023-05-09 21:55:23,CF401P15400,CF401P15400,580.0,0.0,0.0,0.0,10,570.0,576.0,3,590.0,580.0,580.0,580.0,10.0,5800.0,305
2023-05-09 21:55:23,CF401P15400,CF401P15400,580.0,0.0,0.0,0.0,10,568.0,576.0,3,590.0,580.0,580.0,580.0,10.0,5800.0,305
2023-05-09 21:55:24,CF401P15400,CF401P15400,580.0,0.0,0.0,0.0,30,568.0,576.0,3,590.0,580.0,580.0,580.0,10.0,5800.0,305
2023-05-09 21:55:25,CF401P15400,CF401P15400,580.0,0.0,0.0,0.0,20,568.0,576.0,3,590.0,580.0,580.0,580.0,10.0,5800.0,305
2023-05-09 21:56:06,CF401P15400,CF401P15400,580.0,0.0,0.0,0.0,30,568.0,576.0,3,590.0,580.0,580.0,580.0,10.0,5800.0,305
2023-05-09 21:56:16,CF401P15400,CF401P15400,580.0,0.0,0.0,0.0,10,571.0,576.0,3,590.0,580.0,580.0,580.0,10.0,5800.0,305
2023-05-09 21:56:17,CF401P15400,CF401P15400,580.0,0.0,0.0,0.0,10,571.0,578.0,3,590.0,580.0,580.0,580.0,10.0,5800.0,305
2023-05-09 21:56:31,CF401P15400,CF401P15400,580.0,0.0,0.0,0.0,10,571.0,581.0,10,590.0,580.0,580.0,580.0,10.0,5800.0,305
2023-05-09 21:56:32,CF401P15400,CF401P15400,580.0,0.0,0.0,0.0,20,571.0,581.0,10,590.0,580.0,580.0,580.0,10.0,5800.0,305
2023-05-09 21:56:32,CF401P15400,CF401P15400,580.0,0.0,0.0,0.0,10,571.0,581.0,10,590.0,580.0,580.0,580.0,10.0,5800.0,305
2023-05-09 21:56:36,CF401P15400,CF401P15400,580.0,0.0,0.0,0.0,10,573.0,581.0,10,590.0,580.0,580.0,580.0,10.0,5800.0,305
2023-05-09 21:56:36,CF401P15400,CF401P15400,580.0,0.0,0.0,0.0,20,573.0,582.0,10,590.0,580.0,580.0,580.0,10.0,5800.0,305
2023-05-09 21:56:37,CF401P15400,CF401P15400,580.0,0.0,0.0,0.0,10,573.0,582.0,10,590.0,580.0,580.0,580.0,10.0,5800.0,305
2023-05-09 21:56:37,CF401P15400,CF401P15400,580.0,0.0,0.0,0.0,20,573.0,582.0,10,590.0,580.0,580.0,580.0,10.0,5800.0,305
2023-05-09 21:56:38,CF401P15400,CF401P15400,580.0,0.0,0.0,0.0,10,573.0,582.0,10,590.0,580.0,580.0,580.0,10.0,5800.0,305
2023-05-09 21:56:43,CF401P15400,CF401P15400,580.0,0.0,0.0,0.0,13,573.0,583.0,33,590.0,580.0,580.0,580.0,10.0,5800.0,305
2023-05-09 21:56:44,CF401P15400,CF401P15400,580.0,0.0,0.0,0.0,13,573.0,583.0,23,590.0,580.0,580.0,580.0,10.0,5800.0,305
2023-05-09 21:57:00,CF401P15400,CF401P15400,580.0,0.0,0.0,0.0,13,573.0,580.0,3,590.0,580.0,580.0,580.0,10.0,5800.0,305
2023-05-09 21:57:07,CF401P15400,CF401P15400,580.0,0.0,0.0,0.0,10,572.0,580.0,13,590.0,580.0,580.0,580.0,10.0,5800.0,305
2023-05-09 21:57:07,CF401P15400,CF401P15400,580.0,0.0,0.0,0.0,20,571.0,580.0,23,590.0,580.0,580.0,580.0,10.0,5800.0,305
2023-05-09 21:57:08,CF401P15400,CF401P15400,580.0,0.0,0.0,0.0,10,571.0,580.0,23,590.0,580.0,580.0,580.0,10.0,5800.0,305
2023-05-09 21:57:15,CF401P15400,CF401P15400,580.0,0.0,0.0,0.0,10,571.0,578.0,3,590.0,580.0,580.0,580.0,10.0,5800.0,305
2023-05-09 21:57:16,CF401P15400,CF401P15400,580.0,0.0,0.0,0.0,3,570.0,578.0,13,590.0,580.0,580.0,580.0,10.0,5800.0,305
2023-05-09 21:57:16,CF401P15400,CF401P15400,580.0,0.0,0.0,0.0,3,570.0,578.0,23,590.0,580.0,580.0,580.0,10.0,5800.0,305
2023-05-09 21:57:22,CF401P15400,CF401P15400,580.0,0.0,0.0,0.0,3,567.0,575.0,3,590.0,580.0,580.0,580.0,10.0,5800.0,305
2023-05-09 21:57:28,CF401P15400,CF401P15400,580.0,0.0,0.0,0.0,13,567.0,575.0,3,590.0,580.0,580.0,580.0,10.0,5800.0,305
2023-05-09 21:57:34,CF401P15400,CF401P15400,580.0,0.0,0.0,0.0,3,567.0,575.0,3,590.0,580.0,580.0,580.0,10.0,5800.0,305
2023-05-09 21:58:00,CF401P15400,CF401P15400,580.0,0.0,0.0,0.0,10,564.0,575.0,13,590.0,580.0,580.0,580.0,10.0,5800.0,305
2023-05-09 21:58:01,CF401P15400,CF401P15400,580.0,0.0,0.0,0.0,10,564.0,574.0,10,590.0,580.0,580.0,580.0,10.0,5800.0,305
2023-05-09 21:58:09,CF401P15400,CF401P15400,580.0,0.0,0.0,0.0,23,562.0,574.0,10,590.0,580.0,580.0,580.0,10.0,5800.0,305
2023-05-09 21:58:21,CF401P15400,CF401P15400,580.0,0.0,0.0,0.0,33,562.0,574.0,10,590.0,580.0,580.0,580.0,10.0,5800.0,305
2023-05-09 21:58:21,CF401P15400,CF401P15400,580.0,0.0,0.0,0.0,33,562.0,574.0,20,590.0,580.0,580.0,580.0,10.0,5800.0,305
2023-05-09 21:58:22,CF401P15400,CF401P15400,580.0,0.0,0.0,0.0,33,562.0,574.0,10,590.0,580.0,580.0,580.0,10.0,5800.0,305
2023-05-09 21:58:26,CF401P15400,CF401P15400,580.0,0.0,0.0,0.0,33,562.0,574.0,20,590.0,580.0,580.0,580.0,10.0,5800.0,305
2023-05-09 21:58:28,CF401P15400,CF401P15400,580.0,0.0,0.0,0.0,33,562.0,574.0,10,590.0,580.0,580.0,580.0,10.0,5800.0,305
2023-05-09 21:58:29,CF401P15400,CF401P15400,580.0,0.0,0.0,0.0,33,562.0,574.0,20,590.0,580.0,580.0,580.0,10.0,5800.0,305
2023-05-09 21:58:30,CF401P15400,CF401P15400,580.0,0.0,0.0,0.0,33,562.0,574.0,10,590.0,580.0,580.0,580.0,10.0,5800.0,305
2023-05-09 21:58:35,CF401P15400,CF401P15400,580.0,0.0,0.0,0.0,33,562.0,572.0,3,590.0,580.0,580.0,580.0,10.0,5800.0,305
2023-05-09 21:58:36,CF401P15400,CF401P15400,580.0,0.0,0.0,0.0,43,562.0,572.0,3,590.0,580.0,580.0,580.0,10.0,5800.0,305
2023-05-09 21:58:40,CF401P15400,CF401P15400,580.0,0.0,0.0,0.0,33,562.0,572.0,13,590.0,580.0,580.0,580.0,10.0,5800.0,305
2023-05-09 21:58:41,CF401P15400,CF401P15400,580.0,0.0,0.0,0.0,33,562.0,572.0,23,590.0,580.0,580.0,580.0,10.0,5800.0,305
2023-05-09 21:58:48,CF401P15400,CF401P15400,580.0,0.0,0.0,0.0,23,562.0,572.0,33,590.0,580.0,580.0,580.0,10.0,5800.0,305
2023-05-09 21:58:49,CF401P15400,CF401P15400,580.0,0.0,0.0,0.0,23,562.0,572.0,13,590.0,580.0,580.0,580.0,10.0,5800.0,305
2023-05-09 21:58:50,CF401P15400,CF401P15400,580.0,0.0,0.0,0.0,13,562.0,572.0,13,590.0,580.0,580.0,580.0,10.0,5800.0,305
2023-05-09 21:58:53,CF401P15400,CF401P15400,580.0,0.0,0.0,0.0,13,562.0,571.0,10,590.0,580.0,580.0,580.0,10.0,5800.0,305
2023-05-09 21:59:44,CF401P15400,CF401P15400,580.0,0.0,0.0,0.0,23,562.0,571.0,10,590.0,580.0,580.0,580.0,10.0,5800.0,305
2023-05-09 22:00:02,CF401P15400,CF401P15400,580.0,0.0,0.0,0.0,13,562.0,569.0,3,590.0,580.0,580.0,580.0,10.0,5800.0,305
2023-05-09 22:00:03,CF401P15400,CF401P15400,580.0,0.0,0.0,0.0,23,562.0,569.0,3,590.0,580.0,580.0,580.0,10.0,5800.0,305
2023-05-09 22:00:05,CF401P15400,CF401P15400,580.0,0.0,0.0,0.0,13,562.0,569.0,3,590.0,580.0,580.0,580.0,10.0,5800.0,305
2023-05-09 22:00:07,CF401P15400,CF401P15400,580.0,0.0,0.0,0.0,23,562.0,569.0,3,590.0,580.0,580.0,580.0,10.0,5800.0,305
2023-05-09 22:00:12,CF401P15400,CF401P15400,580.0,0.0,0.0,0.0,33,562.0,569.0,3,590.0,580.0,580.0,580.0,10.0,5800.0,305
2023-05-09 22:00:15,CF401P15400,CF401P15400,580.0,0.0,0.0,0.0,10,565.0,572.0,13,590.0,580.0,580.0,580.0,10.0,5800.0,305
2023-05-09 22:00:15,CF401P15400,CF401P15400,580.0,0.0,0.0,0.0,20,563.0,572.0,3,590.0,580.0,580.0,580.0,10.0,5800.0,305
2023-05-09 22:00:20,CF401P15400,CF401P15400,580.0,0.0,0.0,0.0,10,563.0,572.0,3,590.0,580.0,580.0,580.0,10.0,5800.0,305
2023-05-09 22:00:34,CF401P15400,CF401P15400,580.0,0.0,0.0,0.0,23,562.0,572.0,13,590.0,580.0,580.0,580.0,10.0,5800.0,305
2023-05-09 22:00:35,CF401P15400,CF401P15400,580.0,0.0,0.0,0.0,23,562.0,572.0,3,590.0,580.0,580.0,580.0,10.0,5800.0,305
2023-05-09 22:00:36,CF401P15400,CF401P15400,580.0,0.0,0.0,0.0,13,562.0,572.0,3,590.0,580.0,580.0,580.0,10.0,5800.0,305
2023-05-09 22:00:38,CF401P15400,CF401P15400,580.0,0.0,0.0,0.0,33,562.0,572.0,3,590.0,580.0,580.0,580.0,10.0,5800.0,305
2023-05-09 22:00:42,CF401P15400,CF401P15400,580.0,0.0,0.0,0.0,10,565.0,572.0,3,590.0,580.0,580.0,580.0,10.0,5800.0,305
2023-05-09 22:00:44,CF401P15400,CF401P15400,580.0,0.0,0.0,0.0,20,565.0,572.0,3,590.0,580.0,580.0,580.0,10.0,5800.0,305
2023-05-09 22:00:46,CF401P15400,CF401P15400,580.0,0.0,0.0,0.0,30,565.0,572.0,3,590.0,580.0,580.0,580.0,10.0,5800.0,305
2023-05-09 22:00:56,CF401P15400,CF401P15400,580.0,0.0,0.0,0.0,10,565.0,572.0,3,590.0,580.0,580.0,580.0,10.0,5800.0,305
2023-05-09 22:00:58,CF401P15400,CF401P15400,580.0,0.0,0.0,0.0,20,565.0,572.0,3,590.0,580.0,580.0,580.0,10.0,5800.0,305
2023-05-09 22:00:59,CF401P15400,CF401P15400,580.0,0.0,0.0,0.0,10,566.0,572.0,3,590.0,580.0,580.0,580.0,10.0,5800.0,305
2023-05-09 22:01:04,CF401P15400,CF401P15400,580.0,0.0,0.0,0.0,20,565.0,572.0,3,590.0,580.0,580.0,580.0,10.0,5800.0,305
2023-05-09 22:01:05,CF401P15400,CF401P15400,580.0,0.0,0.0,0.0,10,565.0,572.0,3,590.0,580.0,580.0,580.0,10.0,5800.0,305
2023-05-09 22:01:08,CF401P15400,CF401P15400,580.0,0.0,0.0,0.0,20,565.0,572.0,3,590.0,580.0,580.0,580.0,10.0,5800.0,305
2023-05-09 22:01:17,CF401P15400,CF401P15400,580.0,0.0,0.0,0.0,10,565.0,572.0,3,590.0,580.0,580.0,580.0,10.0,5800.0,305
2023-05-09 22:01:18,CF401P15400,CF401P15400,580.0,0.0,0.0,0.0,23,564.0,572.0,3,590.0,580.0,580.0,580.0,10.0,5800.0,305
2023-05-09 22:01:18,CF401P15400,CF401P15400,580.0,0.0,0.0,0.0,13,564.0,572.0,3,590.0,580.0,580.0,580.0,10.0,5800.0,305
2023-05-09 22:01:37,CF401P15400,CF401P15400,580.0,0.0,0.0,0.0,13,564.0,572.0,13,590.0,580.0,580.0,580.0,10.0,5800.0,305
2023-05-09 22:01:37,CF401P15400,CF401P15400,580.0,0.0,0.0,0.0,10,563.0,572.0,13,590.0,580.0,580.0,580.0,10.0,5800.0,305
2023-05-09 22:01:38,CF401P15400,CF401P15400,580.0,0.0,0.0,0.0,3,562.0,572.0,33,590.0,580.0,580.0,580.0,10.0,5800.0,305
2023-05-09 22:01:39,CF401P15400,CF401P15400,580.0,0.0,0.0,0.0,3,562.0,571.0,10,590.0,580.0,580.0,580.0,10.0,5800.0,305
2023-05-09 22:01:39,CF401P15400,CF401P15400,580.0,0.0,0.0,0.0,3,562.0,569.0,3,590.0,580.0,580.0,580.0,10.0,5800.0,305
2023-05-09 22:01:58,CF401P15400,CF401P15400,580.0,0.0,0.0,0.0,20,559.0,569.0,3,590.0,580.0,580.0,580.0,10.0,5800.0,305
2023-05-09 22:02:05,CF401P15400,CF401P15400,580.0,0.0,0.0,0.0,23,559.0,569.0,3,590.0,580.0,580.0,580.0,10.0,5800.0,305
2023-05-09 22:02:05,CF401P15400,CF401P15400,580.0,0.0,0.0,0.0,10,561.0,569.0,3,590.0,580.0,580.0,580.0,10.0,5800.0,305
2023-05-09 22:02:06,CF401P15400,CF401P15400,580.0,0.0,0.0,0.0,20,561.0,569.0,3,590.0,580.0,580.0,580.0,10.0,5800.0,305
2023-05-09 22:02:06,CF401P15400,CF401P15400,580.0,0.0,0.0,0.0,30,561.0,569.0,3,590.0,580.0,580.0,580.0,10.0,5800.0,305
2023-05-09 22:02:07,CF401P15400,CF401P15400,580.0,0.0,0.0,0.0,10,561.0,569.0,3,590.0,580.0,580.0,580.0,10.0,5800.0,305
2023-05-09 22:02:09,CF401P15400,CF401P15400,580.0,0.0,0.0,0.0,10,560.0,569.0,3,590.0,580.0,580.0,580.0,10.0,5800.0,305
2023-05-09 22:02:10,CF401P15400,CF401P15400,580.0,0.0,0.0,0.0,23,559.0,569.0,3,590.0,580.0,580.0,580.0,10.0,5800.0,305
2023-05-09 22:02:11,CF401P15400,CF401P15400,580.0,0.0,0.0,0.0,23,559.0,569.0,13,590.0,580.0,580.0,580.0,10.0,5800.0,305
2023-05-09 22:02:39,CF401P15400,CF401P15400,580.0,0.0,0.0,0.0,13,559.0,569.0,13,590.0,580.0,580.0,580.0,10.0,5800.0,305
2023-05-09 22:03:07,CF401P15400,CF401P15400,580.0,0.0,0.0,0.0,20,561.0,569.0,13,590.0,580.0,580.0,580.0,10.0,5800.0,305
2023-05-09 22:03:08,CF401P15400,CF401P15400,580.0,0.0,0.0,0.0,10,561.0,569.0,3,590.0,580.0,580.0,580.0,10.0,5800.0,305
2023-05-09 22:03:08,CF401P15400,CF401P15400,580.0,0.0,0.0,0.0,20,561.0,569.0,3,590.0,580.0,580.0,580.0,10.0,5800.0,305
2023-05-09 22:03:10,CF401P15400,CF401P15400,580.0,0.0,0.0,0.0,30,561.0,569.0,3,590.0,580.0,580.0,580.0,10.0,5800.0,305
2023-05-09 22:03:13,CF401P15400,CF401P15400,580.0,0.0,0.0,0.0,3,562.0,569.0,3,590.0,580.0,580.0,580.0,10.0,5800.0,305
2023-05-09 22:03:24,CF401P15400,CF401P15400,580.0,0.0,0.0,0.0,3,562.0,571.0,10,590.0,580.0,580.0,580.0,10.0,5800.0,305
2023-05-09 22:03:30,CF401P15400,CF401P15400,580.0,0.0,0.0,0.0,3,562.0,572.0,3,590.0,580.0,580.0,580.0,10.0,5800.0,305
2023-05-09 22:03:38,CF401P15400,CF401P15400,580.0,0.0,0.0,0.0,13,562.0,572.0,3,590.0,580.0,580.0,580.0,10.0,5800.0,305
2023-05-09 22:03:45,CF401P15400,CF401P15400,580.0,0.0,0.0,0.0,23,562.0,572.0,3,590.0,580.0,580.0,580.0,10.0,5800.0,305
2023-05-09 22:03:52,CF401P15400,CF401P15400,580.0,0.0,0.0,0.0,10,566.0,572.0,3,590.0,580.0,580.0,580.0,10.0,5800.0,305
2023-05-09 22:03:53,CF401P15400,CF401P15400,580.0,0.0,0.0,0.0,20,564.0,572.0,3,590.0,580.0,580.0,580.0,10.0,5800.0,305
2023-05-09 22:03:54,CF401P15400,CF401P15400,580.0,0.0,0.0,0.0,30,564.0,572.0,3,590.0,580.0,580.0,580.0,10.0,5800.0,305
2023-05-09 22:03:59,CF401P15400,CF401P15400,580.0,0.0,0.0,0.0,10,567.0,572.0,3,590.0,580.0,580.0,580.0,10.0,5800.0,305
2023-05-09 22:04:04,CF401P15400,CF401P15400,580.0,0.0,0.0,0.0,40,564.0,572.0,3,590.0,580.0,580.0,580.0,10.0,5800.0,305
2023-05-09 22:04:05,CF401P15400,CF401P15400,580.0,0.0,0.0,0.0,30,564.0,572.0,3,590.0,580.0,580.0,580.0,10.0,5800.0,305
2023-05-09 22:04:08,CF401P15400,CF401P15400,580.0,0.0,0.0,0.0,20,564.0,572.0,3,590.0,580.0,580.0,580.0,10.0,5800.0,305
2023-05-09 22:04:11,CF401P15400,CF401P15400,580.0,0.0,0.0,0.0,10,564.0,572.0,3,590.0,580.0,580.0,580.0,10.0,5800.0,305
2023-05-09 22:04:17,CF401P15400,CF401P15400,580.0,0.0,0.0,0.0,10,563.0,572.0,3,590.0,580.0,580.0,580.0,10.0,5800.0,305
2023-05-09 22:04:22,CF401P15400,CF401P15400,580.0,0.0,0.0,0.0,20,563.0,572.0,3,590.0,580.0,580.0,580.0,10.0,5800.0,305
2023-05-09 22:04:24,CF401P15400,CF401P15400,580.0,0.0,0.0,0.0,10,563.0,572.0,3,590.0,580.0,580.0,580.0,10.0,5800.0,305
2023-05-09 22:04:42,CF401P15400,CF401P15400,580.0,0.0,0.0,0.0,20,563.0,572.0,3,590.0,580.0,580.0,580.0,10.0,5800.0,305
2023-05-09 22:04:43,CF401P15400,CF401P15400,580.0,0.0,0.0,0.0,10,563.0,572.0,3,590.0,580.0,580.0,580.0,10.0,5800.0,305
2023-05-09 22:04:47,CF401P15400,CF401P15400,580.0,0.0,0.0,0.0,10,564.0,572.0,3,590.0,580.0,580.0,580.0,10.0,5800.0,305
2023-05-09 22:04:47,CF401P15400,CF401P15400,580.0,0.0,0.0,0.0,20,564.0,572.0,3,590.0,580.0,580.0,580.0,10.0,5800.0,305
2023-05-09 22:04:48,CF401P15400,CF401P15400,580.0,0.0,0.0,0.0,30,564.0,572.0,3,590.0,580.0,580.0,580.0,10.0,5800.0,305
2023-05-09 22:05:05,CF401P15400,CF401P15400,580.0,0.0,0.0,0.0,3,562.0,571.0,20,590.0,580.0,580.0,580.0,10.0,5800.0,305
2023-05-09 22:05:05,CF401P15400,CF401P15400,580.0,0.0,0.0,0.0,13,562.0,569.0,3,590.0,580.0,580.0,580.0,10.0,5800.0,305
2023-05-09 22:05:06,CF401P15400,CF401P15400,580.0,0.0,0.0,0.0,3,562.0,569.0,3,590.0,580.0,580.0,580.0,10.0,5800.0,305
2023-05-09 22:05:08,CF401P15400,CF401P15400,580.0,0.0,0.0,0.0,13,559.0,569.0,3,590.0,580.0,580.0,580.0,10.0,5800.0,305
2023-05-09 22:05:12,CF401P15400,CF401P15400,580.0,0.0,0.0,0.0,3,559.0,569.0,3,590.0,580.0,580.0,580.0,10.0,5800.0,305
2023-05-09 22:05:41,CF401P15400,CF401P15400,580.0,0.0,0.0,0.0,3,559.0,568.0,10,590.0,580.0,580.0,580.0,10.0,5800.0,305
2023-05-09 22:05:45,CF401P15400,CF401P15400,580.0,0.0,0.0,0.0,3,559.0,568.0,20,590.0,580.0,580.0,580.0,10.0,5800.0,305
2023-05-09 22:05:46,CF401P15400,CF401P15400,580.0,0.0,0.0,0.0,3,559.0,569.0,23,590.0,580.0,580.0,580.0,10.0,5800.0,305
2023-05-09 22:05:46,CF401P15400,CF401P15400,580.0,0.0,0.0,0.0,3,559.0,569.0,13,590.0,580.0,580.0,580.0,10.0,5800.0,305
2023-05-09 22:05:48,CF401P15400,CF401P15400,580.0,0.0,0.0,0.0,3,559.0,569.0,23,590.0,580.0,580.0,580.0,10.0,5800.0,305
2023-05-09 22:05:56,CF401P15400,CF401P15400,580.0,0.0,0.0,0.0,3,559.0,569.0,13,590.0,580.0,580.0,580.0,10.0,5800.0,305
2023-05-09 22:05:58,CF401P15400,CF401P15400,580.0,0.0,0.0,0.0,13,559.0,569.0,13,590.0,580.0,580.0,580.0,10.0,5800.0,305
2023-05-09 22:06:01,CF401P15400,CF401P15400,580.0,0.0,0.0,0.0,3,562.0,569.0,13,590.0,580.0,580.0,580.0,10.0,5800.0,305
2023-05-09 22:06:02,CF401P15400,CF401P15400,580.0,0.0,0.0,0.0,3,562.0,569.0,3,590.0,580.0,580.0,580.0,10.0,5800.0,305
2023-05-09 22:06:27,CF401P15400,CF401P15400,580.0,0.0,0.0,0.0,10,563.0,569.0,3,590.0,580.0,580.0,580.0,10.0,5800.0,305
2023-05-09 22:06:28,CF401P15400,CF401P15400,580.0,0.0,0.0,0.0,20,563.0,569.0,3,590.0,580.0,580.0,580.0,10.0,5800.0,305
2023-05-09 22:06:33,CF401P15400,CF401P15400,580.0,0.0,0.0,0.0,10,563.0,569.0,3,590.0,580.0,580.0,580.0,10.0,5800.0,305
2023-05-09 22:06:33,CF401P15400,CF401P15400,580.0,0.0,0.0,0.0,3,562.0,569.0,3,590.0,580.0,580.0,580.0,10.0,5800.0,305
2023-05-09 22:06:57,CF401P15400,CF401P15400,580.0,0.0,0.0,0.0,10,560.0,569.0,3,590.0,580.0,580.0,580.0,10.0,5800.0,305
2023-05-09 22:06:58,CF401P15400,CF401P15400,580.0,0.0,0.0,0.0,3,559.0,569.0,3,590.0,580.0,580.0,580.0,10.0,5800.0,305
2023-05-09 22:07:11,CF401P15400,CF401P15400,580.0,0.0,0.0,0.0,3,559.0,568.0,10,590.0,580.0,580.0,580.0,10.0,5800.0,305
2023-05-09 22:07:12,CF401P15400,CF401P15400,580.0,0.0,0.0,0.0,3,559.0,568.0,20,590.0,580.0,580.0,580.0,10.0,5800.0,305
2023-05-09 22:07:13,CF401P15400,CF401P15400,580.0,0.0,0.0,0.0,3,559.0,568.0,10,590.0,580.0,580.0,580.0,10.0,5800.0,305
2023-05-09 22:07:15,CF401P15400,CF401P15400,580.0,0.0,0.0,0.0,3,559.0,568.0,20,590.0,580.0,580.0,580.0,10.0,5800.0,305
2023-05-09 22:07:26,CF401P15400,CF401P15400,580.0,0.0,0.0,0.0,10,558.0,568.0,20,590.0,580.0,580.0,580.0,10.0,5800.0,305
2023-05-09 22:07:27,CF401P15400,CF401P15400,580.0,0.0,0.0,0.0,10,558.0,566.0,3,590.0,580.0,580.0,580.0,10.0,5800.0,305
2023-05-09 22:07:30,CF401P15400,CF401P15400,580.0,0.0,0.0,0.0,13,557.0,566.0,3,590.0,580.0,580.0,580.0,10.0,5800.0,305
2023-05-09 22:07:30,CF401P15400,CF401P15400,580.0,0.0,0.0,0.0,3,557.0,566.0,3,590.0,580.0,580.0,580.0,10.0,5800.0,305
2023-05-09 22:07:33,CF401P15400,CF401P15400,580.0,0.0,0.0,0.0,13,557.0,566.0,3,590.0,580.0,580.0,580.0,10.0,5800.0,305
2023-05-09 22:07:48,CF401P15400,CF401P15400,580.0,0.0,0.0,0.0,23,557.0,566.0,3,590.0,580.0,580.0,580.0,10.0,5800.0,305
2023-05-09 22:07:48,CF401P15400,CF401P15400,580.0,0.0,0.0,0.0,13,557.0,566.0,3,590.0,580.0,580.0,580.0,10.0,5800.0,305
2023-05-09 22:07:56,CF401P15400,CF401P15400,580.0,0.0,0.0,0.0,23,557.0,566.0,3,590.0,580.0,580.0,580.0,10.0,5800.0,305
2023-05-09 22:07:56,CF401P15400,CF401P15400,580.0,0.0,0.0,0.0,13,557.0,566.0,3,590.0,580.0,580.0,580.0,10.0,5800.0,305
2023-05-09 22:08:22,CF401P15400,CF401P15400,580.0,0.0,0.0,0.0,3,560.0,566.0,3,590.0,580.0,580.0,580.0,10.0,5800.0,305
2023-05-09 22:08:25,CF401P15400,CF401P15400,580.0,0.0,0.0,0.0,10,561.0,566.0,3,590.0,580.0,580.0,580.0,10.0,5800.0,305
2023-05-09 22:08:27,CF401P15400,CF401P15400,580.0,0.0,0.0,0.0,3,560.0,566.0,3,590.0,580.0,580.0,580.0,10.0,5800.0,305
2023-05-09 22:09:29,CF401P15400,CF401P15400,580.0,0.0,0.0,0.0,13,560.0,568.0,20,590.0,580.0,580.0,580.0,10.0,5800.0,305
2023-05-09 22:09:30,CF401P15400,CF401P15400,580.0,0.0,0.0,0.0,13,560.0,569.0,3,590.0,580.0,580.0,580.0,10.0,5800.0,305
2023-05-09 22:09:36,CF401P15400,CF401P15400,580.0,0.0,0.0,0.0,3,560.0,569.0,3,590.0,580.0,580.0,580.0,10.0,5800.0,305
2023-05-09 22:09:44,CF401P15400,CF401P15400,580.0,0.0,0.0,0.0,3,560.0,569.0,13,590.0,580.0,580.0,580.0,10.0,5800.0,305
2023-05-09 22:09:44,CF401P15400,CF401P15400,580.0,0.0,0.0,0.0,3,560.0,569.0,3,590.0,580.0,580.0,580.0,10.0,5800.0,305
2023-05-09 22:09:46,CF401P15400,CF401P15400,580.0,0.0,0.0,0.0,3,560.0,569.0,13,590.0,580.0,580.0,580.0,10.0,5800.0,305
2023-05-09 22:09:46,CF401P15400,CF401P15400,580.0,0.0,0.0,0.0,3,560.0,569.0,3,590.0,580.0,580.0,580.0,10.0,5800.0,305
2023-05-09 22:09:48,CF401P15400,CF401P15400,580.0,0.0,0.0,0.0,3,560.0,569.0,13,590.0,580.0,580.0,580.0,10.0,5800.0,305
2023-05-09 22:09:48,CF401P15400,CF401P15400,580.0,0.0,0.0,0.0,3,560.0,568.0,10,590.0,580.0,580.0,580.0,10.0,5800.0,305
2023-05-09 22:09:51,CF401P15400,CF401P15400,580.0,0.0,0.0,0.0,3,560.0,568.0,20,590.0,580.0,580.0,580.0,10.0,5800.0,305
2023-05-09 22:10:00,CF401P15400,CF401P15400,580.0,0.0,0.0,0.0,3,560.0,568.0,10,590.0,580.0,580.0,580.0,10.0,5800.0,305
2023-05-09 22:10:05,CF401P15400,CF401P15400,580.0,0.0,0.0,0.0,3,560.0,568.0,20,590.0,580.0,580.0,580.0,10.0,5800.0,305
2023-05-09 22:10:06,CF401P15400,CF401P15400,580.0,0.0,0.0,0.0,3,560.0,568.0,10,590.0,580.0,580.0,580.0,10.0,5800.0,305
2023-05-09 22:10:12,CF401P15400,CF401P15400,580.0,0.0,0.0,0.0,3,560.0,569.0,23,590.0,580.0,580.0,580.0,10.0,5800.0,305
2023-05-09 22:10:13,CF401P15400,CF401P15400,580.0,0.0,0.0,0.0,3,560.0,569.0,13,590.0,580.0,580.0,580.0,10.0,5800.0,305
2023-05-09 22:10:13,CF401P15400,CF401P15400,580.0,0.0,0.0,0.0,3,560.0,569.0,3,590.0,580.0,580.0,580.0,10.0,5800.0,305
2023-05-09 22:10:14,CF401P15400,CF401P15400,580.0,0.0,0.0,0.0,10,563.0,569.0,3,590.0,580.0,580.0,580.0,10.0,5800.0,305
2023-05-09 22:10:17,CF401P15400,CF401P15400,580.0,0.0,0.0,0.0,13,560.0,569.0,23,590.0,580.0,580.0,580.0,10.0,5800.0,305
2023-05-09 22:10:17,CF401P15400,CF401P15400,580.0,0.0,0.0,0.0,10,561.0,569.0,33,590.0,580.0,580.0,580.0,10.0,5800.0,305
2023-05-09 22:10:18,CF401P15400,CF401P15400,580.0,0.0,0.0,0.0,3,560.0,566.0,3,590.0,580.0,580.0,580.0,10.0,5800.0,305
2023-05-09 22:11:23,CF401P15400,CF401P15400,580.0,0.0,0.0,0.0,20,558.0,566.0,3,590.0,580.0,580.0,580.0,10.0,5800.0,305
2023-05-09 22:11:23,CF401P15400,CF401P15400,580.0,0.0,0.0,0.0,20,558.0,566.0,13,590.0,580.0,580.0,580.0,10.0,5800.0,305
2023-05-09 22:11:23,CF401P15400,CF401P15400,580.0,0.0,0.0,0.0,10,556.0,565.0,10,590.0,580.0,580.0,580.0,10.0,5800.0,305
