time,symbol_id,symbol_name,last,trade_volume,trade_amount,open_interest_change,bv1,bp1,ap1,av1,yesterday_close,today_open,today_high,today_low,volume,amount,open_interest
2023-05-09 19:10:58,CF401P13400,CF401P13400,79.0,0.0,0.0,-2.0,0,0.0,0.0,0,79.0,72.0,0.0,0.0,0.0,0.0,774
2023-05-09 20:59:00,CF401P13400,CF401P13400,79.0,0.0,0.0,0.0,19,22.0,0.0,0,79.0,72.0,0.0,0.0,0.0,0.0,774
2023-05-09 21:00:00,CF401P13400,CF401P13400,79.0,0.0,0.0,0.0,2,72.0,0.0,0,79.0,72.0,0.0,0.0,0.0,0.0,774
2023-05-09 21:00:15,CF401P13400,CF401P13400,79.0,0.0,0.0,0.0,2,72.0,395.0,2,79.0,72.0,0.0,0.0,0.0,0.0,774
2023-05-09 21:00:48,CF401P13400,CF401P13400,79.0,0.0,0.0,0.0,1,67.0,0.0,0,79.0,72.0,0.0,0.0,0.0,0.0,774
2023-05-09 21:00:51,CF401P13400,CF401P13400,79.0,0.0,0.0,0.0,1,67.0,395.0,1,79.0,72.0,0.0,0.0,0.0,0.0,774
2023-05-09 21:01:09,CF401P13400,CF401P13400,79.0,0.0,0.0,0.0,2,75.0,79.0,2,79.0,72.0,0.0,0.0,0.0,0.0,774
2023-05-09 21:01:15,CF401P13400,CF401P13400,79.0,0.0,0.0,0.0,2,76.0,79.0,2,79.0,72.0,0.0,0.0,0.0,0.0,774
2023-05-09 21:01:29,CF401P13400,CF401P13400,79.0,0.0,0.0,0.0,2,76.0,395.0,1,79.0,72.0,0.0,0.0,0.0,0.0,774
2023-05-09 21:01:30,CF401P13400,CF401P13400,79.0,0.0,0.0,0.0,2,77.0,81.0,2,79.0,72.0,0.0,0.0,0.0,0.0,774
2023-05-09 21:01:30,CF401P13400,CF401P13400,79.0,0.0,0.0,0.0,2,77.0,80.0,2,79.0,72.0,0.0,0.0,0.0,0.0,774
2023-05-09 21:01:32,CF401P13400,CF401P13400,79.0,0.0,0.0,0.0,2,76.0,79.0,2,79.0,72.0,0.0,0.0,0.0,0.0,774
2023-05-09 21:02:16,CF401P13400,CF401P13400,79.0,0.0,0.0,0.0,2,76.0,78.0,2,79.0,72.0,0.0,0.0,0.0,0.0,774
2023-05-09 21:02:24,CF401P13400,CF401P13400,79.0,0.0,0.0,0.0,2,74.0,77.0,2,79.0,72.0,0.0,0.0,0.0,0.0,774
2023-05-09 21:02:37,CF401P13400,CF401P13400,79.0,0.0,0.0,0.0,2,74.0,76.0,2,79.0,72.0,0.0,0.0,0.0,0.0,774
2023-05-09 21:02:59,CF401P13400,CF401P13400,79.0,0.0,0.0,0.0,2,72.0,76.0,2,79.0,72.0,0.0,0.0,0.0,0.0,774
2023-05-09 21:03:00,CF401P13400,CF401P13400,79.0,0.0,0.0,0.0,2,73.0,76.0,2,79.0,72.0,0.0,0.0,0.0,0.0,774
2023-05-09 21:03:09,CF401P13400,CF401P13400,79.0,0.0,0.0,0.0,2,72.0,75.0,2,79.0,72.0,0.0,0.0,0.0,0.0,774
2023-05-09 21:03:13,CF401P13400,CF401P13400,79.0,0.0,0.0,0.0,2,72.0,74.0,2,79.0,72.0,0.0,0.0,0.0,0.0,774
2023-05-09 21:03:14,CF401P13400,CF401P13400,79.0,0.0,0.0,0.0,2,71.0,74.0,2,79.0,72.0,0.0,0.0,0.0,0.0,774
2023-05-09 21:03:24,CF401P13400,CF401P13400,79.0,0.0,0.0,0.0,2,70.0,73.0,2,79.0,72.0,0.0,0.0,0.0,0.0,774
2023-05-09 21:03:28,CF401P13400,CF401P13400,79.0,0.0,0.0,0.0,2,70.0,72.0,2,79.0,72.0,0.0,0.0,0.0,0.0,774
2023-05-09 21:03:31,CF401P13400,CF401P13400,79.0,0.0,0.0,0.0,2,69.0,72.0,2,79.0,72.0,0.0,0.0,0.0,0.0,774
2023-05-09 21:03:34,CF401P13400,CF401P13400,79.0,0.0,0.0,0.0,2,69.0,71.0,2,79.0,72.0,0.0,0.0,0.0,0.0,774
2023-05-09 21:03:53,CF401P13400,CF401P13400,79.0,0.0,0.0,0.0,2,69.0,72.0,2,79.0,72.0,0.0,0.0,0.0,0.0,774
2023-05-09 21:04:02,CF401P13400,CF401P13400,79.0,0.0,0.0,0.0,2,70.0,72.0,2,79.0,72.0,0.0,0.0,0.0,0.0,774
2023-05-09 21:05:01,CF401P13400,CF401P13400,79.0,0.0,0.0,0.0,2,70.0,73.0,2,79.0,72.0,0.0,0.0,0.0,0.0,774
2023-05-09 21:05:08,CF401P13400,CF401P13400,79.0,0.0,0.0,0.0,2,71.0,73.0,2,79.0,72.0,0.0,0.0,0.0,0.0,774
2023-05-09 21:05:20,CF401P13400,CF401P13400,79.0,0.0,0.0,0.0,2,71.0,74.0,2,79.0,72.0,0.0,0.0,0.0,0.0,774
2023-05-09 21:05:21,CF401P13400,CF401P13400,79.0,0.0,0.0,0.0,2,71.0,74.0,12,79.0,72.0,0.0,0.0,0.0,0.0,774
2023-05-09 21:05:25,CF401P13400,CF401P13400,79.0,0.0,0.0,0.0,2,71.0,73.0,2,79.0,72.0,0.0,0.0,0.0,0.0,774
2023-05-09 21:05:25,CF401P13400,CF401P13400,79.0,0.0,0.0,0.0,2,71.0,73.0,12,79.0,72.0,0.0,0.0,0.0,0.0,774
2023-05-09 21:05:33,CF401P13400,CF401P13400,79.0,0.0,0.0,0.0,2,71.0,74.0,2,79.0,72.0,0.0,0.0,0.0,0.0,774
2023-05-09 21:05:34,CF401P13400,CF401P13400,79.0,0.0,0.0,0.0,2,71.0,74.0,12,79.0,72.0,0.0,0.0,0.0,0.0,774
2023-05-09 21:05:45,CF401P13400,CF401P13400,79.0,0.0,0.0,0.0,2,72.0,74.0,12,79.0,72.0,0.0,0.0,0.0,0.0,774
2023-05-09 21:05:50,CF401P13400,CF401P13400,79.0,0.0,0.0,0.0,2,72.0,74.0,10,79.0,72.0,0.0,0.0,0.0,0.0,774
2023-05-09 21:05:50,CF401P13400,CF401P13400,79.0,0.0,0.0,0.0,2,72.0,79.0,11,79.0,72.0,0.0,0.0,0.0,0.0,774
2023-05-09 21:05:51,CF401P13400,CF401P13400,79.0,0.0,0.0,0.0,2,72.0,75.0,12,79.0,72.0,0.0,0.0,0.0,0.0,774
2023-05-09 21:05:54,CF401P13400,CF401P13400,79.0,0.0,0.0,0.0,2,72.0,74.0,12,79.0,72.0,0.0,0.0,0.0,0.0,774
2023-05-09 21:06:05,CF401P13400,CF401P13400,79.0,0.0,0.0,0.0,2,71.0,74.0,12,79.0,72.0,0.0,0.0,0.0,0.0,774
2023-05-09 21:06:18,CF401P13400,CF401P13400,79.0,0.0,0.0,0.0,2,72.0,74.0,12,79.0,72.0,0.0,0.0,0.0,0.0,774
2023-05-09 21:06:30,CF401P13400,CF401P13400,79.0,0.0,0.0,0.0,2,72.0,75.0,12,79.0,72.0,0.0,0.0,0.0,0.0,774
2023-05-09 21:06:38,CF401P13400,CF401P13400,79.0,0.0,0.0,0.0,2,73.0,75.0,12,79.0,72.0,0.0,0.0,0.0,0.0,774
2023-05-09 21:06:45,CF401P13400,CF401P13400,79.0,0.0,0.0,0.0,2,73.0,76.0,12,79.0,72.0,0.0,0.0,0.0,0.0,774
2023-05-09 21:06:49,CF401P13400,CF401P13400,79.0,0.0,0.0,0.0,2,74.0,76.0,12,79.0,72.0,0.0,0.0,0.0,0.0,774
2023-05-09 21:06:59,CF401P13400,CF401P13400,79.0,0.0,0.0,0.0,2,74.0,77.0,12,79.0,72.0,0.0,0.0,0.0,0.0,774
2023-05-09 21:07:03,CF401P13400,CF401P13400,79.0,0.0,0.0,0.0,2,75.0,77.0,12,79.0,72.0,0.0,0.0,0.0,0.0,774
2023-05-09 21:07:36,CF401P13400,CF401P13400,79.0,0.0,0.0,0.0,2,75.0,77.0,2,79.0,72.0,0.0,0.0,0.0,0.0,774
2023-05-09 21:07:37,CF401P13400,CF401P13400,79.0,0.0,0.0,0.0,2,74.0,77.0,2,79.0,72.0,0.0,0.0,0.0,0.0,774
2023-05-09 21:07:45,CF401P13400,CF401P13400,79.0,0.0,0.0,0.0,2,74.0,76.0,2,79.0,72.0,0.0,0.0,0.0,0.0,774
2023-05-09 21:08:15,CF401P13400,CF401P13400,79.0,0.0,0.0,0.0,2,74.0,76.0,12,79.0,72.0,0.0,0.0,0.0,0.0,774
2023-05-09 21:08:24,CF401P13400,CF401P13400,79.0,0.0,0.0,0.0,2,74.0,76.0,2,79.0,72.0,0.0,0.0,0.0,0.0,774
2023-05-09 21:08:27,CF401P13400,CF401P13400,79.0,0.0,0.0,0.0,2,74.0,76.0,12,79.0,72.0,0.0,0.0,0.0,0.0,774
2023-05-09 21:08:27,CF401P13400,CF401P13400,79.0,0.0,0.0,0.0,2,74.0,76.0,2,79.0,72.0,0.0,0.0,0.0,0.0,774
2023-05-09 21:08:28,CF401P13400,CF401P13400,79.0,0.0,0.0,0.0,2,74.0,76.0,12,79.0,72.0,0.0,0.0,0.0,0.0,774
2023-05-09 21:08:28,CF401P13400,CF401P13400,79.0,0.0,0.0,0.0,2,74.0,76.0,2,79.0,72.0,0.0,0.0,0.0,0.0,774
2023-05-09 21:08:30,CF401P13400,CF401P13400,79.0,0.0,0.0,0.0,2,74.0,77.0,12,79.0,72.0,0.0,0.0,0.0,0.0,774
2023-05-09 21:08:34,CF401P13400,CF401P13400,79.0,0.0,0.0,0.0,2,75.0,77.0,12,79.0,72.0,0.0,0.0,0.0,0.0,774
2023-05-09 21:08:50,CF401P13400,CF401P13400,79.0,0.0,0.0,0.0,2,75.0,78.0,2,79.0,72.0,0.0,0.0,0.0,0.0,774
2023-05-09 21:08:50,CF401P13400,CF401P13400,79.0,0.0,0.0,0.0,2,75.0,78.0,12,79.0,72.0,0.0,0.0,0.0,0.0,774
2023-05-09 21:09:01,CF401P13400,CF401P13400,79.0,0.0,0.0,0.0,2,75.0,77.0,12,79.0,72.0,0.0,0.0,0.0,0.0,774
2023-05-09 21:09:10,CF401P13400,CF401P13400,79.0,0.0,0.0,0.0,2,75.0,78.0,12,79.0,72.0,0.0,0.0,0.0,0.0,774
2023-05-09 21:09:10,CF401P13400,CF401P13400,79.0,0.0,0.0,0.0,2,76.0,78.0,12,79.0,72.0,0.0,0.0,0.0,0.0,774
2023-05-09 21:11:30,CF401P13400,CF401P13400,79.0,0.0,0.0,0.0,2,76.0,78.0,10,79.0,72.0,0.0,0.0,0.0,0.0,774
2023-05-09 21:11:30,CF401P13400,CF401P13400,79.0,0.0,0.0,0.0,2,76.0,79.0,12,79.0,72.0,0.0,0.0,0.0,0.0,774
2023-05-09 21:13:01,CF401P13400,CF401P13400,79.0,0.0,0.0,0.0,2,77.0,79.0,12,79.0,72.0,0.0,0.0,0.0,0.0,774
2023-05-09 21:13:05,CF401P13400,CF401P13400,79.0,0.0,0.0,0.0,2,77.0,79.0,2,79.0,72.0,0.0,0.0,0.0,0.0,774
2023-05-09 21:14:38,CF401P13400,CF401P13400,79.0,0.0,0.0,0.0,2,77.0,80.0,12,79.0,72.0,0.0,0.0,0.0,0.0,774
2023-05-09 21:14:48,CF401P13400,CF401P13400,79.0,0.0,0.0,0.0,2,77.0,80.0,2,79.0,72.0,0.0,0.0,0.0,0.0,774
2023-05-09 21:14:53,CF401P13400,CF401P13400,79.0,0.0,0.0,0.0,2,77.0,80.0,12,79.0,72.0,0.0,0.0,0.0,0.0,774
2023-05-09 21:15:04,CF401P13400,CF401P13400,79.0,0.0,0.0,0.0,2,77.0,79.0,2,79.0,72.0,0.0,0.0,0.0,0.0,774
2023-05-09 21:15:22,CF401P13400,CF401P13400,79.0,0.0,0.0,0.0,2,77.0,80.0,2,79.0,72.0,0.0,0.0,0.0,0.0,774
2023-05-09 21:15:22,CF401P13400,CF401P13400,79.0,0.0,0.0,0.0,2,78.0,80.0,2,79.0,72.0,0.0,0.0,0.0,0.0,774
2023-05-09 21:16:03,CF401P13400,CF401P13400,79.0,0.0,0.0,0.0,2,78.0,81.0,2,79.0,72.0,0.0,0.0,0.0,0.0,774
2023-05-09 21:16:14,CF401P13400,CF401P13400,79.0,0.0,0.0,0.0,2,78.0,81.0,12,79.0,72.0,0.0,0.0,0.0,0.0,774
2023-05-09 21:16:29,CF401P13400,CF401P13400,79.0,0.0,0.0,0.0,2,78.0,80.0,2,79.0,72.0,0.0,0.0,0.0,0.0,774
2023-05-09 21:16:36,CF401P13400,CF401P13400,79.0,0.0,0.0,0.0,2,77.0,79.0,2,79.0,72.0,0.0,0.0,0.0,0.0,774
2023-05-09 21:16:41,CF401P13400,CF401P13400,79.0,0.0,0.0,0.0,12,76.0,78.0,2,79.0,72.0,0.0,0.0,0.0,0.0,774
2023-05-09 21:16:43,CF401P13400,CF401P13400,79.0,0.0,0.0,0.0,12,76.0,79.0,2,79.0,72.0,0.0,0.0,0.0,0.0,774
2023-05-09 21:16:44,CF401P13400,CF401P13400,79.0,0.0,0.0,0.0,2,76.0,79.0,2,79.0,72.0,0.0,0.0,0.0,0.0,774
2023-05-09 21:16:44,CF401P13400,CF401P13400,79.0,0.0,0.0,0.0,2,76.0,79.0,12,79.0,72.0,0.0,0.0,0.0,0.0,774
2023-05-09 21:17:01,CF401P13400,CF401P13400,79.0,0.0,0.0,0.0,2,77.0,79.0,12,79.0,72.0,0.0,0.0,0.0,0.0,774
2023-05-09 21:17:03,CF401P13400,CF401P13400,79.0,0.0,0.0,0.0,2,77.0,79.0,2,79.0,72.0,0.0,0.0,0.0,0.0,774
2023-05-09 21:17:05,CF401P13400,CF401P13400,79.0,0.0,0.0,0.0,2,77.0,79.0,12,79.0,72.0,0.0,0.0,0.0,0.0,774
2023-05-09 21:17:18,CF401P13400,CF401P13400,79.0,0.0,0.0,0.0,2,77.0,79.0,2,79.0,72.0,0.0,0.0,0.0,0.0,774
2023-05-09 21:17:19,CF401P13400,CF401P13400,79.0,0.0,0.0,0.0,2,77.0,79.0,12,79.0,72.0,0.0,0.0,0.0,0.0,774
2023-05-09 21:17:21,CF401P13400,CF401P13400,79.0,0.0,0.0,0.0,2,76.0,79.0,12,79.0,72.0,0.0,0.0,0.0,0.0,774
2023-05-09 21:17:21,CF401P13400,CF401P13400,79.0,0.0,0.0,0.0,2,76.0,78.0,2,79.0,72.0,0.0,0.0,0.0,0.0,774
2023-05-09 21:17:51,CF401P13400,CF401P13400,79.0,0.0,0.0,0.0,2,76.0,79.0,12,79.0,72.0,0.0,0.0,0.0,0.0,774
2023-05-09 21:17:54,CF401P13400,CF401P13400,79.0,0.0,0.0,0.0,2,77.0,79.0,2,79.0,72.0,0.0,0.0,0.0,0.0,774
2023-05-09 21:17:56,CF401P13400,CF401P13400,79.0,0.0,0.0,0.0,2,77.0,79.0,12,79.0,72.0,0.0,0.0,0.0,0.0,774
2023-05-09 21:17:59,CF401P13400,CF401P13400,79.0,0.0,0.0,0.0,2,76.0,79.0,12,79.0,72.0,0.0,0.0,0.0,0.0,774
2023-05-09 21:18:00,CF401P13400,CF401P13400,79.0,0.0,0.0,0.0,2,76.0,78.0,2,79.0,72.0,0.0,0.0,0.0,0.0,774
2023-05-09 21:18:11,CF401P13400,CF401P13400,79.0,0.0,0.0,0.0,12,75.0,78.0,2,79.0,72.0,0.0,0.0,0.0,0.0,774
2023-05-09 21:18:14,CF401P13400,CF401P13400,79.0,0.0,0.0,0.0,12,75.0,77.0,2,79.0,72.0,0.0,0.0,0.0,0.0,774
2023-05-09 21:18:35,CF401P13400,CF401P13400,79.0,0.0,0.0,0.0,2,75.0,77.0,2,79.0,72.0,0.0,0.0,0.0,0.0,774
2023-05-09 21:19:00,CF401P13400,CF401P13400,79.0,0.0,0.0,0.0,2,75.0,77.0,12,79.0,72.0,0.0,0.0,0.0,0.0,774
2023-05-09 21:19:02,CF401P13400,CF401P13400,79.0,0.0,0.0,0.0,2,75.0,77.0,2,79.0,72.0,0.0,0.0,0.0,0.0,774
2023-05-09 21:19:09,CF401P13400,CF401P13400,79.0,0.0,0.0,0.0,2,75.0,77.0,12,79.0,72.0,0.0,0.0,0.0,0.0,774
2023-05-09 21:19:27,CF401P13400,CF401P13400,79.0,0.0,0.0,0.0,2,75.0,77.0,2,79.0,72.0,0.0,0.0,0.0,0.0,774
2023-05-09 21:19:28,CF401P13400,CF401P13400,79.0,0.0,0.0,0.0,2,75.0,77.0,12,79.0,72.0,0.0,0.0,0.0,0.0,774
2023-05-09 21:20:01,CF401P13400,CF401P13400,79.0,0.0,0.0,0.0,2,75.0,77.0,2,79.0,72.0,0.0,0.0,0.0,0.0,774
2023-05-09 21:20:02,CF401P13400,CF401P13400,79.0,0.0,0.0,0.0,2,75.0,77.0,12,79.0,72.0,0.0,0.0,0.0,0.0,774
2023-05-09 21:20:06,CF401P13400,CF401P13400,79.0,0.0,0.0,0.0,10,72.0,77.0,12,79.0,72.0,0.0,0.0,0.0,0.0,774
2023-05-09 21:20:06,CF401P13400,CF401P13400,79.0,0.0,0.0,0.0,1,71.0,77.0,2,79.0,72.0,0.0,0.0,0.0,0.0,774
2023-05-09 21:20:06,CF401P13400,CF401P13400,79.0,0.0,0.0,0.0,2,73.0,76.0,12,79.0,72.0,0.0,0.0,0.0,0.0,774
2023-05-09 21:20:08,CF401P13400,CF401P13400,79.0,0.0,0.0,0.0,2,73.0,76.0,2,79.0,72.0,0.0,0.0,0.0,0.0,774
2023-05-09 21:20:09,CF401P13400,CF401P13400,79.0,0.0,0.0,0.0,2,73.0,75.0,2,79.0,72.0,0.0,0.0,0.0,0.0,774
2023-05-09 21:20:10,CF401P13400,CF401P13400,79.0,0.0,0.0,0.0,2,73.0,75.0,12,79.0,72.0,0.0,0.0,0.0,0.0,774
2023-05-09 21:20:21,CF401P13400,CF401P13400,79.0,0.0,0.0,0.0,2,73.0,75.0,2,79.0,72.0,0.0,0.0,0.0,0.0,774
2023-05-09 21:20:22,CF401P13400,CF401P13400,79.0,0.0,0.0,0.0,2,73.0,75.0,12,79.0,72.0,0.0,0.0,0.0,0.0,774
2023-05-09 21:20:23,CF401P13400,CF401P13400,79.0,0.0,0.0,0.0,2,73.0,75.0,10,79.0,72.0,0.0,0.0,0.0,0.0,774
2023-05-09 21:20:24,CF401P13400,CF401P13400,79.0,0.0,0.0,0.0,2,73.0,76.0,12,79.0,72.0,0.0,0.0,0.0,0.0,774
2023-05-09 21:20:31,CF401P13400,CF401P13400,79.0,0.0,0.0,0.0,2,73.0,75.0,12,79.0,72.0,0.0,0.0,0.0,0.0,774
2023-05-09 21:21:04,CF401P13400,CF401P13400,79.0,0.0,0.0,0.0,2,73.0,76.0,12,79.0,72.0,0.0,0.0,0.0,0.0,774
2023-05-09 21:21:05,CF401P13400,CF401P13400,79.0,0.0,0.0,0.0,2,74.0,76.0,12,79.0,72.0,0.0,0.0,0.0,0.0,774
2023-05-09 21:21:12,CF401P13400,CF401P13400,79.0,0.0,0.0,0.0,2,73.0,76.0,12,79.0,72.0,0.0,0.0,0.0,0.0,774
2023-05-09 21:21:19,CF401P13400,CF401P13400,79.0,0.0,0.0,0.0,2,73.0,75.0,12,79.0,72.0,0.0,0.0,0.0,0.0,774
2023-05-09 21:21:35,CF401P13400,CF401P13400,79.0,0.0,0.0,0.0,2,72.0,75.0,12,79.0,72.0,0.0,0.0,0.0,0.0,774
2023-05-09 21:21:53,CF401P13400,CF401P13400,79.0,0.0,0.0,0.0,2,73.0,75.0,12,79.0,72.0,0.0,0.0,0.0,0.0,774
2023-05-09 21:22:36,CF401P13400,CF401P13400,79.0,0.0,0.0,0.0,2,73.0,75.0,10,79.0,72.0,0.0,0.0,0.0,0.0,774
2023-05-09 21:22:36,CF401P13400,CF401P13400,79.0,0.0,0.0,0.0,2,73.0,76.0,12,79.0,72.0,0.0,0.0,0.0,0.0,774
2023-05-09 21:22:49,CF401P13400,CF401P13400,79.0,0.0,0.0,0.0,2,73.0,75.0,2,79.0,72.0,0.0,0.0,0.0,0.0,774
2023-05-09 21:22:50,CF401P13400,CF401P13400,79.0,0.0,0.0,0.0,2,73.0,75.0,12,79.0,72.0,0.0,0.0,0.0,0.0,774
2023-05-09 21:23:02,CF401P13400,CF401P13400,79.0,0.0,0.0,0.0,2,73.0,75.0,10,79.0,72.0,0.0,0.0,0.0,0.0,774
2023-05-09 21:23:03,CF401P13400,CF401P13400,79.0,0.0,0.0,0.0,2,74.0,76.0,2,79.0,72.0,0.0,0.0,0.0,0.0,774
2023-05-09 21:23:04,CF401P13400,CF401P13400,79.0,0.0,0.0,0.0,2,74.0,76.0,12,79.0,72.0,0.0,0.0,0.0,0.0,774
2023-05-09 21:24:16,CF401P13400,CF401P13400,79.0,0.0,0.0,0.0,2,74.0,76.0,2,79.0,72.0,0.0,0.0,0.0,0.0,774
2023-05-09 21:24:18,CF401P13400,CF401P13400,79.0,0.0,0.0,0.0,2,74.0,77.0,12,79.0,72.0,0.0,0.0,0.0,0.0,774
2023-05-09 21:24:32,CF401P13400,CF401P13400,79.0,0.0,0.0,0.0,2,75.0,77.0,12,79.0,72.0,0.0,0.0,0.0,0.0,774
2023-05-09 21:24:50,CF401P13400,CF401P13400,79.0,0.0,0.0,0.0,2,75.0,77.0,2,79.0,72.0,0.0,0.0,0.0,0.0,774
2023-05-09 21:25:07,CF401P13400,CF401P13400,79.0,0.0,0.0,0.0,2,76.0,78.0,10,79.0,72.0,0.0,0.0,0.0,0.0,774
2023-05-09 21:25:07,CF401P13400,CF401P13400,79.0,0.0,0.0,0.0,2,76.0,81.0,11,79.0,72.0,0.0,0.0,0.0,0.0,774
2023-05-09 21:25:08,CF401P13400,CF401P13400,79.0,0.0,0.0,0.0,2,76.0,78.0,12,79.0,72.0,0.0,0.0,0.0,0.0,774
2023-05-09 21:25:54,CF401P13400,CF401P13400,79.0,0.0,0.0,0.0,2,76.0,78.0,2,79.0,72.0,0.0,0.0,0.0,0.0,774
2023-05-09 21:25:58,CF401P13400,CF401P13400,79.0,0.0,0.0,0.0,2,76.0,78.0,12,79.0,72.0,0.0,0.0,0.0,0.0,774
2023-05-09 21:27:32,CF401P13400,CF401P13400,79.0,0.0,0.0,0.0,2,75.0,77.0,2,79.0,72.0,0.0,0.0,0.0,0.0,774
2023-05-09 21:28:58,CF401P13400,CF401P13400,79.0,0.0,0.0,0.0,2,74.0,77.0,2,79.0,72.0,0.0,0.0,0.0,0.0,774
2023-05-09 21:28:59,CF401P13400,CF401P13400,79.0,0.0,0.0,0.0,2,74.0,77.0,12,79.0,72.0,0.0,0.0,0.0,0.0,774
2023-05-09 21:29:07,CF401P13400,CF401P13400,79.0,0.0,0.0,0.0,2,75.0,77.0,12,79.0,72.0,0.0,0.0,0.0,0.0,774
2023-05-09 21:29:17,CF401P13400,CF401P13400,79.0,0.0,0.0,0.0,2,74.0,76.0,2,79.0,72.0,0.0,0.0,0.0,0.0,774
2023-05-09 21:29:22,CF401P13400,CF401P13400,79.0,0.0,0.0,0.0,2,74.0,76.0,12,79.0,72.0,0.0,0.0,0.0,0.0,774
2023-05-09 21:29:23,CF401P13400,CF401P13400,79.0,0.0,0.0,0.0,2,74.0,76.0,2,79.0,72.0,0.0,0.0,0.0,0.0,774
2023-05-09 21:29:57,CF401P13400,CF401P13400,79.0,0.0,0.0,0.0,2,74.0,76.0,12,79.0,72.0,0.0,0.0,0.0,0.0,774
2023-05-09 21:30:02,CF401P13400,CF401P13400,79.0,0.0,0.0,0.0,2,74.0,76.0,2,79.0,72.0,0.0,0.0,0.0,0.0,774
2023-05-09 21:30:03,CF401P13400,CF401P13400,79.0,0.0,0.0,0.0,2,75.0,77.0,12,79.0,72.0,0.0,0.0,0.0,0.0,774
2023-05-09 21:30:25,CF401P13400,CF401P13400,79.0,0.0,0.0,0.0,2,75.0,77.0,2,79.0,72.0,0.0,0.0,0.0,0.0,774
2023-05-09 21:30:25,CF401P13400,CF401P13400,79.0,0.0,0.0,0.0,2,75.0,77.0,12,79.0,72.0,0.0,0.0,0.0,0.0,774
2023-05-09 21:30:25,CF401P13400,CF401P13400,79.0,0.0,0.0,0.0,2,75.0,77.0,2,79.0,72.0,0.0,0.0,0.0,0.0,774
2023-05-09 21:30:25,CF401P13400,CF401P13400,79.0,0.0,0.0,0.0,2,75.0,77.0,12,79.0,72.0,0.0,0.0,0.0,0.0,774
2023-05-09 21:30:48,CF401P13400,CF401P13400,79.0,0.0,0.0,0.0,2,74.0,77.0,2,79.0,72.0,0.0,0.0,0.0,0.0,774
2023-05-09 21:30:49,CF401P13400,CF401P13400,79.0,0.0,0.0,0.0,2,74.0,76.0,2,79.0,72.0,0.0,0.0,0.0,0.0,774
2023-05-09 21:30:49,CF401P13400,CF401P13400,79.0,0.0,0.0,0.0,2,74.0,76.0,12,79.0,72.0,0.0,0.0,0.0,0.0,774
2023-05-09 21:30:54,CF401P13400,CF401P13400,79.0,0.0,0.0,0.0,2,74.0,76.0,2,79.0,72.0,0.0,0.0,0.0,0.0,774
2023-05-09 21:30:55,CF401P13400,CF401P13400,79.0,0.0,0.0,0.0,2,74.0,76.0,12,79.0,72.0,0.0,0.0,0.0,0.0,774
2023-05-09 21:30:57,CF401P13400,CF401P13400,79.0,0.0,0.0,0.0,2,74.0,76.0,2,79.0,72.0,0.0,0.0,0.0,0.0,774
2023-05-09 21:30:58,CF401P13400,CF401P13400,79.0,0.0,0.0,0.0,2,74.0,76.0,12,79.0,72.0,0.0,0.0,0.0,0.0,774
2023-05-09 21:32:09,CF401P13400,CF401P13400,79.0,0.0,0.0,0.0,2,74.0,76.0,2,79.0,72.0,0.0,0.0,0.0,0.0,774
2023-05-09 21:32:09,CF401P13400,CF401P13400,79.0,0.0,0.0,0.0,2,74.0,76.0,12,79.0,72.0,0.0,0.0,0.0,0.0,774
2023-05-09 21:32:34,CF401P13400,CF401P13400,79.0,0.0,0.0,0.0,2,74.0,76.0,2,79.0,72.0,0.0,0.0,0.0,0.0,774
2023-05-09 21:32:35,CF401P13400,CF401P13400,79.0,0.0,0.0,0.0,2,74.0,76.0,12,79.0,72.0,0.0,0.0,0.0,0.0,774
2023-05-09 21:33:06,CF401P13400,CF401P13400,79.0,0.0,0.0,0.0,2,73.0,76.0,12,79.0,72.0,0.0,0.0,0.0,0.0,774
2023-05-09 21:33:49,CF401P13400,CF401P13400,79.0,0.0,0.0,0.0,2,73.0,75.0,2,79.0,72.0,0.0,0.0,0.0,0.0,774
2023-05-09 21:33:54,CF401P13400,CF401P13400,79.0,0.0,0.0,0.0,2,73.0,75.0,12,79.0,72.0,0.0,0.0,0.0,0.0,774
2023-05-09 21:34:07,CF401P13400,CF401P13400,79.0,0.0,0.0,0.0,2,73.0,76.0,12,79.0,72.0,0.0,0.0,0.0,0.0,774
2023-05-09 21:35:21,CF401P13400,CF401P13400,79.0,0.0,0.0,0.0,2,73.0,75.0,12,79.0,72.0,0.0,0.0,0.0,0.0,774
2023-05-09 21:35:26,CF401P13400,CF401P13400,79.0,0.0,0.0,0.0,2,73.0,75.0,2,79.0,72.0,0.0,0.0,0.0,0.0,774
2023-05-09 21:35:28,CF401P13400,CF401P13400,79.0,0.0,0.0,0.0,2,73.0,75.0,12,79.0,72.0,0.0,0.0,0.0,0.0,774
2023-05-09 21:35:34,CF401P13400,CF401P13400,79.0,0.0,0.0,0.0,2,73.0,75.0,2,79.0,72.0,0.0,0.0,0.0,0.0,774
2023-05-09 21:35:37,CF401P13400,CF401P13400,79.0,0.0,0.0,0.0,2,73.0,75.0,12,79.0,72.0,0.0,0.0,0.0,0.0,774
2023-05-09 21:35:41,CF401P13400,CF401P13400,79.0,0.0,0.0,0.0,2,73.0,75.0,2,79.0,72.0,0.0,0.0,0.0,0.0,774
2023-05-09 21:35:43,CF401P13400,CF401P13400,79.0,0.0,0.0,0.0,2,74.0,76.0,12,79.0,72.0,0.0,0.0,0.0,0.0,774
2023-05-09 21:35:43,CF401P13400,CF401P13400,79.0,0.0,0.0,0.0,2,74.0,76.0,2,79.0,72.0,0.0,0.0,0.0,0.0,774
2023-05-09 21:35:45,CF401P13400,CF401P13400,79.0,0.0,0.0,0.0,2,74.0,76.0,12,79.0,72.0,0.0,0.0,0.0,0.0,774
2023-05-09 21:36:16,CF401P13400,CF401P13400,79.0,0.0,0.0,0.0,2,74.0,76.0,10,79.0,72.0,0.0,0.0,0.0,0.0,774
2023-05-09 21:36:17,CF401P13400,CF401P13400,79.0,0.0,0.0,0.0,2,74.0,77.0,12,79.0,72.0,0.0,0.0,0.0,0.0,774
2023-05-09 21:36:29,CF401P13400,CF401P13400,79.0,0.0,0.0,0.0,2,74.0,76.0,12,79.0,72.0,0.0,0.0,0.0,0.0,774
2023-05-09 21:36:31,CF401P13400,CF401P13400,79.0,0.0,0.0,0.0,2,74.0,76.0,2,79.0,72.0,0.0,0.0,0.0,0.0,774
2023-05-09 21:39:30,CF401P13400,CF401P13400,79.0,0.0,0.0,0.0,2,74.0,77.0,12,79.0,72.0,0.0,0.0,0.0,0.0,774
2023-05-09 21:39:52,CF401P13400,CF401P13400,79.0,0.0,0.0,0.0,2,75.0,77.0,12,79.0,72.0,0.0,0.0,0.0,0.0,774
2023-05-09 21:40:02,CF401P13400,CF401P13400,79.0,0.0,0.0,0.0,2,74.0,77.0,12,79.0,72.0,0.0,0.0,0.0,0.0,774
2023-05-09 21:40:13,CF401P13400,CF401P13400,79.0,0.0,0.0,0.0,2,75.0,77.0,12,79.0,72.0,0.0,0.0,0.0,0.0,774
2023-05-09 21:41:03,CF401P13400,CF401P13400,79.0,0.0,0.0,0.0,2,75.0,77.0,2,79.0,72.0,0.0,0.0,0.0,0.0,774
2023-05-09 21:41:29,CF401P13400,CF401P13400,79.0,0.0,0.0,0.0,2,75.0,78.0,12,79.0,72.0,0.0,0.0,0.0,0.0,774
2023-05-09 21:41:41,CF401P13400,CF401P13400,79.0,0.0,0.0,0.0,2,76.0,78.0,12,79.0,72.0,0.0,0.0,0.0,0.0,774
2023-05-09 21:42:01,CF401P13400,CF401P13400,79.0,0.0,0.0,0.0,2,75.0,78.0,12,79.0,72.0,0.0,0.0,0.0,0.0,774
2023-05-09 21:42:10,CF401P13400,CF401P13400,79.0,0.0,0.0,0.0,2,75.0,77.0,2,79.0,72.0,0.0,0.0,0.0,0.0,774
2023-05-09 21:42:33,CF401P13400,CF401P13400,79.0,0.0,0.0,0.0,2,75.0,77.0,12,79.0,72.0,0.0,0.0,0.0,0.0,774
2023-05-09 21:42:37,CF401P13400,CF401P13400,79.0,0.0,0.0,0.0,2,75.0,77.0,2,79.0,72.0,0.0,0.0,0.0,0.0,774
2023-05-09 21:42:43,CF401P13400,CF401P13400,79.0,0.0,0.0,0.0,2,75.0,77.0,12,79.0,72.0,0.0,0.0,0.0,0.0,774
2023-05-09 21:43:03,CF401P13400,CF401P13400,79.0,0.0,0.0,0.0,2,74.0,76.0,2,79.0,72.0,0.0,0.0,0.0,0.0,774
2023-05-09 21:44:26,CF401P13400,CF401P13400,79.0,0.0,0.0,0.0,2,74.0,76.0,12,79.0,72.0,0.0,0.0,0.0,0.0,774
2023-05-09 21:45:17,CF401P13400,CF401P13400,79.0,0.0,0.0,0.0,2,74.0,76.0,2,79.0,72.0,0.0,0.0,0.0,0.0,774
2023-05-09 21:45:17,CF401P13400,CF401P13400,79.0,0.0,0.0,0.0,2,74.0,76.0,12,79.0,72.0,0.0,0.0,0.0,0.0,774
2023-05-09 21:45:39,CF401P13400,CF401P13400,79.0,0.0,0.0,0.0,2,73.0,75.0,2,79.0,72.0,0.0,0.0,0.0,0.0,774
2023-05-09 21:46:03,CF401P13400,CF401P13400,79.0,0.0,0.0,0.0,2,73.0,76.0,2,79.0,72.0,0.0,0.0,0.0,0.0,774
2023-05-09 21:46:06,CF401P13400,CF401P13400,79.0,0.0,0.0,0.0,2,73.0,76.0,12,79.0,72.0,0.0,0.0,0.0,0.0,774
2023-05-09 21:46:15,CF401P13400,CF401P13400,79.0,0.0,0.0,0.0,2,73.0,76.0,2,79.0,72.0,0.0,0.0,0.0,0.0,774
2023-05-09 21:46:18,CF401P13400,CF401P13400,79.0,0.0,0.0,0.0,2,73.0,76.0,12,79.0,72.0,0.0,0.0,0.0,0.0,774
2023-05-09 21:46:23,CF401P13400,CF401P13400,79.0,0.0,0.0,0.0,12,73.0,76.0,2,79.0,72.0,0.0,0.0,0.0,0.0,774
2023-05-09 21:46:36,CF401P13400,CF401P13400,79.0,0.0,0.0,0.0,2,73.0,76.0,2,79.0,72.0,0.0,0.0,0.0,0.0,774
2023-05-09 21:46:39,CF401P13400,CF401P13400,79.0,0.0,0.0,0.0,12,73.0,76.0,2,79.0,72.0,0.0,0.0,0.0,0.0,774
2023-05-09 21:46:45,CF401P13400,CF401P13400,79.0,0.0,0.0,0.0,2,74.0,76.0,2,79.0,72.0,0.0,0.0,0.0,0.0,774
2023-05-09 21:48:25,CF401P13400,CF401P13400,79.0,0.0,0.0,0.0,2,74.0,76.0,12,79.0,72.0,0.0,0.0,0.0,0.0,774
2023-05-09 21:48:26,CF401P13400,CF401P13400,79.0,0.0,0.0,0.0,2,74.0,76.0,2,79.0,72.0,0.0,0.0,0.0,0.0,774
2023-05-09 21:48:31,CF401P13400,CF401P13400,79.0,0.0,0.0,0.0,2,74.0,76.0,12,79.0,72.0,0.0,0.0,0.0,0.0,774
2023-05-09 21:48:44,CF401P13400,CF401P13400,79.0,0.0,0.0,0.0,2,74.0,76.0,2,79.0,72.0,0.0,0.0,0.0,0.0,774
2023-05-09 21:51:37,CF401P13400,CF401P13400,79.0,0.0,0.0,0.0,12,73.0,76.0,2,79.0,72.0,0.0,0.0,0.0,0.0,774
2023-05-09 21:52:35,CF401P13400,CF401P13400,79.0,0.0,0.0,0.0,12,73.0,75.0,2,79.0,72.0,0.0,0.0,0.0,0.0,774
2023-05-09 21:52:59,CF401P13400,CF401P13400,79.0,0.0,0.0,0.0,2,74.0,76.0,2,79.0,72.0,0.0,0.0,0.0,0.0,774
2023-05-09 21:55:19,CF401P13400,CF401P13400,79.0,0.0,0.0,0.0,12,73.0,76.0,2,79.0,72.0,0.0,0.0,0.0,0.0,774
2023-05-09 21:56:16,CF401P13400,CF401P13400,79.0,0.0,0.0,0.0,2,74.0,76.0,2,79.0,72.0,0.0,0.0,0.0,0.0,774
2023-05-09 21:57:16,CF401P13400,CF401P13400,79.0,0.0,0.0,0.0,2,74.0,76.0,12,79.0,72.0,0.0,0.0,0.0,0.0,774
2023-05-09 21:57:18,CF401P13400,CF401P13400,79.0,0.0,0.0,0.0,2,74.0,76.0,2,79.0,72.0,0.0,0.0,0.0,0.0,774
2023-05-09 21:57:21,CF401P13400,CF401P13400,79.0,0.0,0.0,0.0,2,73.0,76.0,2,79.0,72.0,0.0,0.0,0.0,0.0,774
2023-05-09 21:57:22,CF401P13400,CF401P13400,79.0,0.0,0.0,0.0,2,73.0,75.0,2,79.0,72.0,0.0,0.0,0.0,0.0,774
2023-05-09 21:58:45,CF401P13400,CF401P13400,79.0,0.0,0.0,0.0,12,72.0,75.0,2,79.0,72.0,0.0,0.0,0.0,0.0,774
2023-05-09 21:58:52,CF401P13400,CF401P13400,79.0,0.0,0.0,0.0,12,72.0,74.0,2,79.0,72.0,0.0,0.0,0.0,0.0,774
2023-05-09 22:00:05,CF401P13400,CF401P13400,79.0,0.0,0.0,0.0,2,72.0,74.0,2,79.0,72.0,0.0,0.0,0.0,0.0,774
2023-05-09 22:00:07,CF401P13400,CF401P13400,79.0,0.0,0.0,0.0,12,72.0,74.0,2,79.0,72.0,0.0,0.0,0.0,0.0,774
2023-05-09 22:00:11,CF401P13400,CF401P13400,79.0,0.0,0.0,0.0,12,72.0,75.0,2,79.0,72.0,0.0,0.0,0.0,0.0,774
2023-05-09 22:00:12,CF401P13400,CF401P13400,79.0,0.0,0.0,0.0,2,73.0,75.0,2,79.0,72.0,0.0,0.0,0.0,0.0,774
2023-05-09 22:01:37,CF401P13400,CF401P13400,79.0,0.0,0.0,0.0,12,72.0,75.0,2,79.0,72.0,0.0,0.0,0.0,0.0,774
2023-05-09 22:01:38,CF401P13400,CF401P13400,79.0,0.0,0.0,0.0,2,72.0,75.0,2,79.0,72.0,0.0,0.0,0.0,0.0,774
2023-05-09 22:01:38,CF401P13400,CF401P13400,79.0,0.0,0.0,0.0,2,72.0,74.0,2,79.0,72.0,0.0,0.0,0.0,0.0,774
2023-05-09 22:02:05,CF401P13400,CF401P13400,79.0,0.0,0.0,0.0,12,72.0,74.0,2,79.0,72.0,0.0,0.0,0.0,0.0,774
2023-05-09 22:02:07,CF401P13400,CF401P13400,79.0,0.0,0.0,0.0,2,72.0,74.0,2,79.0,72.0,0.0,0.0,0.0,0.0,774
2023-05-09 22:03:19,CF401P13400,CF401P13400,79.0,0.0,0.0,0.0,2,72.0,75.0,12,79.0,72.0,0.0,0.0,0.0,0.0,774
2023-05-09 22:03:23,CF401P13400,CF401P13400,79.0,0.0,0.0,0.0,2,72.0,75.0,2,79.0,72.0,0.0,0.0,0.0,0.0,774
2023-05-09 22:03:24,CF401P13400,CF401P13400,79.0,0.0,0.0,0.0,12,72.0,75.0,2,79.0,72.0,0.0,0.0,0.0,0.0,774
2023-05-09 22:03:25,CF401P13400,CF401P13400,79.0,0.0,0.0,0.0,2,72.0,75.0,2,79.0,72.0,0.0,0.0,0.0,0.0,774
2023-05-09 22:03:30,CF401P13400,CF401P13400,79.0,0.0,0.0,0.0,12,72.0,75.0,2,79.0,72.0,0.0,0.0,0.0,0.0,774
2023-05-09 22:03:45,CF401P13400,CF401P13400,79.0,0.0,0.0,0.0,2,73.0,75.0,2,79.0,72.0,0.0,0.0,0.0,0.0,774
2023-05-09 22:05:05,CF401P13400,CF401P13400,79.0,0.0,0.0,0.0,2,72.0,74.0,2,79.0,72.0,0.0,0.0,0.0,0.0,774
2023-05-09 22:05:18,CF401P13400,CF401P13400,79.0,0.0,0.0,0.0,12,72.0,74.0,2,79.0,72.0,0.0,0.0,0.0,0.0,774
2023-05-09 22:05:20,CF401P13400,CF401P13400,79.0,0.0,0.0,0.0,2,72.0,74.0,2,79.0,72.0,0.0,0.0,0.0,0.0,774
2023-05-09 22:05:25,CF401P13400,CF401P13400,79.0,0.0,0.0,0.0,12,72.0,74.0,2,79.0,72.0,0.0,0.0,0.0,0.0,774
2023-05-09 22:05:28,CF401P13400,CF401P13400,79.0,0.0,0.0,0.0,2,72.0,74.0,2,79.0,72.0,0.0,0.0,0.0,0.0,774
2023-05-09 22:05:31,CF401P13400,CF401P13400,79.0,0.0,0.0,0.0,12,72.0,74.0,2,79.0,72.0,0.0,0.0,0.0,0.0,774
2023-05-09 22:05:35,CF401P13400,CF401P13400,79.0,0.0,0.0,0.0,2,72.0,74.0,2,79.0,72.0,0.0,0.0,0.0,0.0,774
2023-05-09 22:05:56,CF401P13400,CF401P13400,79.0,0.0,0.0,0.0,12,72.0,74.0,2,79.0,72.0,0.0,0.0,0.0,0.0,774
2023-05-09 22:05:58,CF401P13400,CF401P13400,79.0,0.0,0.0,0.0,12,72.0,75.0,2,79.0,72.0,0.0,0.0,0.0,0.0,774
2023-05-09 22:06:01,CF401P13400,CF401P13400,79.0,0.0,0.0,0.0,2,73.0,75.0,2,79.0,72.0,0.0,0.0,0.0,0.0,774
2023-05-09 22:06:55,CF401P13400,CF401P13400,79.0,0.0,0.0,0.0,2,72.0,75.0,2,79.0,72.0,0.0,0.0,0.0,0.0,774
2023-05-09 22:06:56,CF401P13400,CF401P13400,79.0,0.0,0.0,0.0,2,72.0,74.0,2,79.0,72.0,0.0,0.0,0.0,0.0,774
2023-05-09 22:07:26,CF401P13400,CF401P13400,79.0,0.0,0.0,0.0,12,71.0,73.0,2,79.0,72.0,0.0,0.0,0.0,0.0,774
2023-05-09 22:07:30,CF401P13400,CF401P13400,79.0,0.0,0.0,0.0,2,72.0,74.0,2,79.0,72.0,0.0,0.0,0.0,0.0,774
2023-05-09 22:08:55,CF401P13400,CF401P13400,79.0,0.0,0.0,0.0,2,72.0,75.0,12,79.0,72.0,0.0,0.0,0.0,0.0,774
2023-05-09 22:09:48,CF401P13400,CF401P13400,79.0,0.0,0.0,0.0,2,72.0,74.0,2,79.0,72.0,0.0,0.0,0.0,0.0,774
2023-05-09 22:10:12,CF401P13400,CF401P13400,79.0,0.0,0.0,0.0,2,72.0,75.0,2,79.0,72.0,0.0,0.0,0.0,0.0,774
2023-05-09 22:10:15,CF401P13400,CF401P13400,79.0,0.0,0.0,0.0,12,72.0,75.0,2,79.0,72.0,0.0,0.0,0.0,0.0,774
2023-05-09 22:10:17,CF401P13400,CF401P13400,79.0,0.0,0.0,0.0,2,72.0,74.0,2,79.0,72.0,0.0,0.0,0.0,0.0,774
2023-05-09 22:11:23,CF401P13400,CF401P13400,79.0,0.0,0.0,0.0,12,71.0,74.0,2,79.0,72.0,0.0,0.0,0.0,0.0,774
2023-05-09 22:11:29,CF401P13400,CF401P13400,79.0,0.0,0.0,0.0,12,71.0,73.0,2,79.0,72.0,0.0,0.0,0.0,0.0,774
2023-05-09 22:11:31,CF401P13400,CF401P13400,79.0,0.0,0.0,0.0,2,71.0,73.0,2,79.0,72.0,0.0,0.0,0.0,0.0,774
2023-05-09 22:11:34,CF401P13400,CF401P13400,79.0,0.0,0.0,0.0,1,65.0,73.0,2,79.0,72.0,0.0,0.0,0.0,0.0,774
2023-05-09 22:11:34,CF401P13400,CF401P13400,79.0,0.0,0.0,0.0,2,70.0,73.0,2,79.0,72.0,0.0,0.0,0.0,0.0,774
2023-05-09 22:11:34,CF401P13400,CF401P13400,79.0,0.0,0.0,0.0,12,70.0,73.0,2,79.0,72.0,0.0,0.0,0.0,0.0,774
2023-05-09 22:12:00,CF401P13400,CF401P13400,79.0,0.0,0.0,0.0,2,71.0,73.0,2,79.0,72.0,0.0,0.0,0.0,0.0,774
2023-05-09 22:12:51,CF401P13400,CF401P13400,79.0,0.0,0.0,0.0,2,71.0,74.0,12,79.0,72.0,0.0,0.0,0.0,0.0,774
2023-05-09 22:13:17,CF401P13400,CF401P13400,79.0,0.0,0.0,0.0,2,72.0,74.0,12,79.0,72.0,0.0,0.0,0.0,0.0,774
2023-05-09 22:13:29,CF401P13400,CF401P13400,79.0,0.0,0.0,0.0,2,71.0,73.0,2,79.0,72.0,0.0,0.0,0.0,0.0,774
2023-05-09 22:15:19,CF401P13400,CF401P13400,79.0,0.0,0.0,0.0,2,71.0,73.0,12,79.0,72.0,0.0,0.0,0.0,0.0,774
2023-05-09 22:15:34,CF401P13400,CF401P13400,79.0,0.0,0.0,0.0,2,71.0,73.0,2,79.0,72.0,0.0,0.0,0.0,0.0,774
2023-05-09 22:15:37,CF401P13400,CF401P13400,79.0,0.0,0.0,0.0,2,71.0,74.0,12,79.0,72.0,0.0,0.0,0.0,0.0,774
2023-05-09 22:16:18,CF401P13400,CF401P13400,79.0,0.0,0.0,0.0,2,71.0,73.0,2,79.0,72.0,0.0,0.0,0.0,0.0,774
2023-05-09 22:16:42,CF401P13400,CF401P13400,79.0,0.0,0.0,0.0,2,71.0,73.0,12,79.0,72.0,0.0,0.0,0.0,0.0,774
2023-05-09 22:16:44,CF401P13400,CF401P13400,79.0,0.0,0.0,0.0,2,71.0,73.0,2,79.0,72.0,0.0,0.0,0.0,0.0,774
2023-05-09 22:16:45,CF401P13400,CF401P13400,79.0,0.0,0.0,0.0,2,70.0,73.0,2,79.0,72.0,0.0,0.0,0.0,0.0,774
2023-05-09 22:16:46,CF401P13400,CF401P13400,79.0,0.0,0.0,0.0,2,70.0,72.0,2,79.0,72.0,0.0,0.0,0.0,0.0,774
2023-05-09 22:17:47,CF401P13400,CF401P13400,79.0,0.0,0.0,0.0,2,70.0,72.0,12,79.0,72.0,0.0,0.0,0.0,0.0,774
2023-05-09 22:17:47,CF401P13400,CF401P13400,79.0,0.0,0.0,0.0,2,70.0,72.0,2,79.0,72.0,0.0,0.0,0.0,0.0,774
2023-05-09 22:17:49,CF401P13400,CF401P13400,79.0,0.0,0.0,0.0,2,70.0,72.0,12,79.0,72.0,0.0,0.0,0.0,0.0,774
2023-05-09 22:17:52,CF401P13400,CF401P13400,79.0,0.0,0.0,0.0,2,70.0,72.0,2,79.0,72.0,0.0,0.0,0.0,0.0,774
2023-05-09 22:19:37,CF401P13400,CF401P13400,79.0,0.0,0.0,0.0,2,70.0,73.0,12,79.0,72.0,0.0,0.0,0.0,0.0,774
2023-05-09 22:19:40,CF401P13400,CF401P13400,79.0,0.0,0.0,0.0,12,70.0,73.0,2,79.0,72.0,0.0,0.0,0.0,0.0,774
2023-05-09 22:19:40,CF401P13400,CF401P13400,79.0,0.0,0.0,0.0,2,71.0,73.0,2,79.0,72.0,0.0,0.0,0.0,0.0,774
2023-05-09 22:20:00,CF401P13400,CF401P13400,79.0,0.0,0.0,0.0,2,71.0,73.0,12,79.0,72.0,0.0,0.0,0.0,0.0,774
2023-05-09 22:20:01,CF401P13400,CF401P13400,79.0,0.0,0.0,0.0,2,71.0,73.0,2,79.0,72.0,0.0,0.0,0.0,0.0,774
2023-05-09 22:20:40,CF401P13400,CF401P13400,79.0,0.0,0.0,0.0,2,71.0,73.0,12,79.0,72.0,0.0,0.0,0.0,0.0,774
2023-05-09 22:20:44,CF401P13400,CF401P13400,79.0,0.0,0.0,0.0,2,71.0,73.0,2,79.0,72.0,0.0,0.0,0.0,0.0,774
2023-05-09 22:21:15,CF401P13400,CF401P13400,79.0,0.0,0.0,0.0,2,71.0,77.0,1,79.0,72.0,0.0,0.0,0.0,0.0,774
2023-05-09 22:21:16,CF401P13400,CF401P13400,79.0,0.0,0.0,0.0,2,71.0,77.0,11,79.0,72.0,0.0,0.0,0.0,0.0,774
2023-05-09 22:21:16,CF401P13400,CF401P13400,79.0,0.0,0.0,0.0,2,72.0,75.0,12,79.0,72.0,0.0,0.0,0.0,0.0,774
2023-05-09 22:21:20,CF401P13400,CF401P13400,79.0,0.0,0.0,0.0,2,72.0,74.0,2,79.0,72.0,0.0,0.0,0.0,0.0,774
2023-05-09 22:21:21,CF401P13400,CF401P13400,79.0,0.0,0.0,0.0,2,72.0,74.0,12,79.0,72.0,0.0,0.0,0.0,0.0,774
2023-05-09 22:21:23,CF401P13400,CF401P13400,79.0,0.0,0.0,0.0,2,72.0,74.0,2,79.0,72.0,0.0,0.0,0.0,0.0,774
2023-05-09 22:21:24,CF401P13400,CF401P13400,79.0,0.0,0.0,0.0,2,72.0,74.0,12,79.0,72.0,0.0,0.0,0.0,0.0,774
2023-05-09 22:21:31,CF401P13400,CF401P13400,79.0,0.0,0.0,0.0,2,71.0,74.0,12,79.0,72.0,0.0,0.0,0.0,0.0,774
2023-05-09 22:21:35,CF401P13400,CF401P13400,79.0,0.0,0.0,0.0,12,71.0,74.0,2,79.0,72.0,0.0,0.0,0.0,0.0,774
2023-05-09 22:21:39,CF401P13400,CF401P13400,79.0,0.0,0.0,0.0,2,72.0,74.0,2,79.0,72.0,0.0,0.0,0.0,0.0,774
2023-05-09 22:21:51,CF401P13400,CF401P13400,79.0,0.0,0.0,0.0,2,72.0,74.0,12,79.0,72.0,0.0,0.0,0.0,0.0,774
2023-05-09 22:21:51,CF401P13400,CF401P13400,79.0,0.0,0.0,0.0,2,72.0,74.0,2,79.0,72.0,0.0,0.0,0.0,0.0,774
2023-05-09 22:21:54,CF401P13400,CF401P13400,79.0,0.0,0.0,0.0,2,72.0,74.0,12,79.0,72.0,0.0,0.0,0.0,0.0,774
2023-05-09 22:21:55,CF401P13400,CF401P13400,79.0,0.0,0.0,0.0,2,72.0,74.0,2,79.0,72.0,0.0,0.0,0.0,0.0,774
2023-05-09 22:21:58,CF401P13400,CF401P13400,79.0,0.0,0.0,0.0,2,72.0,74.0,12,79.0,72.0,0.0,0.0,0.0,0.0,774
2023-05-09 22:22:11,CF401P13400,CF401P13400,79.0,0.0,0.0,0.0,2,72.0,74.0,2,79.0,72.0,0.0,0.0,0.0,0.0,774
2023-05-09 22:22:56,CF401P13400,CF401P13400,79.0,0.0,0.0,0.0,12,72.0,74.0,2,79.0,72.0,0.0,0.0,0.0,0.0,774
2023-05-09 22:22:56,CF401P13400,CF401P13400,79.0,0.0,0.0,0.0,2,72.0,74.0,2,79.0,72.0,0.0,0.0,0.0,0.0,774
2023-05-09 22:24:35,CF401P13400,CF401P13400,79.0,0.0,0.0,0.0,12,72.0,74.0,2,79.0,72.0,0.0,0.0,0.0,0.0,774
2023-05-09 22:24:51,CF401P13400,CF401P13400,79.0,0.0,0.0,0.0,2,73.0,75.0,2,79.0,72.0,0.0,0.0,0.0,0.0,774
2023-05-09 22:25:04,CF401P13400,CF401P13400,79.0,0.0,0.0,0.0,12,72.0,74.0,2,79.0,72.0,0.0,0.0,0.0,0.0,774
2023-05-09 22:25:07,CF401P13400,CF401P13400,79.0,0.0,0.0,0.0,2,72.0,74.0,2,79.0,72.0,0.0,0.0,0.0,0.0,774
2023-05-09 22:25:24,CF401P13400,CF401P13400,79.0,0.0,0.0,0.0,12,71.0,74.0,2,79.0,72.0,0.0,0.0,0.0,0.0,774
2023-05-09 22:25:30,CF401P13400,CF401P13400,79.0,0.0,0.0,0.0,12,71.0,73.0,2,79.0,72.0,0.0,0.0,0.0,0.0,774
2023-05-09 22:26:08,CF401P13400,CF401P13400,79.0,0.0,0.0,0.0,2,71.0,73.0,2,79.0,72.0,0.0,0.0,0.0,0.0,774
2023-05-09 22:27:08,CF401P13400,CF401P13400,79.0,0.0,0.0,0.0,2,71.0,74.0,12,79.0,72.0,0.0,0.0,0.0,0.0,774
2023-05-09 22:27:16,CF401P13400,CF401P13400,79.0,0.0,0.0,0.0,2,71.0,73.0,2,79.0,72.0,0.0,0.0,0.0,0.0,774
2023-05-09 22:28:00,CF401P13400,CF401P13400,79.0,0.0,0.0,0.0,12,71.0,73.0,2,79.0,72.0,0.0,0.0,0.0,0.0,774
2023-05-09 22:28:03,CF401P13400,CF401P13400,79.0,0.0,0.0,0.0,12,71.0,74.0,2,79.0,72.0,0.0,0.0,0.0,0.0,774
2023-05-09 22:28:27,CF401P13400,CF401P13400,79.0,0.0,0.0,0.0,2,72.0,74.0,2,79.0,72.0,0.0,0.0,0.0,0.0,774
2023-05-09 22:28:33,CF401P13400,CF401P13400,79.0,0.0,0.0,0.0,2,72.0,74.0,12,79.0,72.0,0.0,0.0,0.0,0.0,774
2023-05-09 22:28:33,CF401P13400,CF401P13400,79.0,0.0,0.0,0.0,2,72.0,74.0,2,79.0,72.0,0.0,0.0,0.0,0.0,774
2023-05-09 22:29:01,CF401P13400,CF401P13400,79.0,0.0,0.0,0.0,2,72.0,74.0,12,79.0,72.0,0.0,0.0,0.0,0.0,774
2023-05-09 22:29:12,CF401P13400,CF401P13400,79.0,0.0,0.0,0.0,2,72.0,74.0,2,79.0,72.0,0.0,0.0,0.0,0.0,774
2023-05-09 22:29:12,CF401P13400,CF401P13400,79.0,0.0,0.0,0.0,2,72.0,74.0,12,79.0,72.0,0.0,0.0,0.0,0.0,774
2023-05-09 22:29:20,CF401P13400,CF401P13400,79.0,0.0,0.0,0.0,2,72.0,74.0,2,79.0,72.0,0.0,0.0,0.0,0.0,774
2023-05-09 22:29:23,CF401P13400,CF401P13400,79.0,0.0,0.0,0.0,2,72.0,74.0,12,79.0,72.0,0.0,0.0,0.0,0.0,774
2023-05-09 22:29:26,CF401P13400,CF401P13400,79.0,0.0,0.0,0.0,2,72.0,74.0,2,79.0,72.0,0.0,0.0,0.0,0.0,774
2023-05-09 22:29:33,CF401P13400,CF401P13400,79.0,0.0,0.0,0.0,2,72.0,74.0,12,79.0,72.0,0.0,0.0,0.0,0.0,774
2023-05-09 22:29:50,CF401P13400,CF401P13400,79.0,0.0,0.0,0.0,2,71.0,73.0,2,79.0,72.0,0.0,0.0,0.0,0.0,774
2023-05-09 22:30:04,CF401P13400,CF401P13400,79.0,0.0,0.0,0.0,2,72.0,74.0,12,79.0,72.0,0.0,0.0,0.0,0.0,774
2023-05-09 22:30:04,CF401P13400,CF401P13400,79.0,0.0,0.0,0.0,2,72.0,74.0,2,79.0,72.0,0.0,0.0,0.0,0.0,774
2023-05-09 22:30:05,CF401P13400,CF401P13400,79.0,0.0,0.0,0.0,2,72.0,74.0,12,79.0,72.0,0.0,0.0,0.0,0.0,774
2023-05-09 22:30:08,CF401P13400,CF401P13400,79.0,0.0,0.0,0.0,2,72.0,74.0,2,79.0,72.0,0.0,0.0,0.0,0.0,774
2023-05-09 22:30:09,CF401P13400,CF401P13400,79.0,0.0,0.0,0.0,2,72.0,77.0,1,79.0,72.0,0.0,0.0,0.0,0.0,774
2023-05-09 22:30:10,CF401P13400,CF401P13400,79.0,0.0,0.0,0.0,2,72.0,75.0,2,79.0,72.0,0.0,0.0,0.0,0.0,774
2023-05-09 22:30:10,CF401P13400,CF401P13400,79.0,0.0,0.0,0.0,2,72.0,75.0,12,79.0,72.0,0.0,0.0,0.0,0.0,774
2023-05-09 22:30:11,CF401P13400,CF401P13400,79.0,0.0,0.0,0.0,2,72.0,74.0,2,79.0,72.0,0.0,0.0,0.0,0.0,774
2023-05-09 22:30:26,CF401P13400,CF401P13400,79.0,0.0,0.0,0.0,2,72.0,74.0,12,79.0,72.0,0.0,0.0,0.0,0.0,774
2023-05-09 22:30:26,CF401P13400,CF401P13400,79.0,0.0,0.0,0.0,2,72.0,74.0,2,79.0,72.0,0.0,0.0,0.0,0.0,774
2023-05-09 22:30:26,CF401P13400,CF401P13400,79.0,0.0,0.0,0.0,2,72.0,74.0,12,79.0,72.0,0.0,0.0,0.0,0.0,774
2023-05-09 22:30:26,CF401P13400,CF401P13400,79.0,0.0,0.0,0.0,2,72.0,74.0,2,79.0,72.0,0.0,0.0,0.0,0.0,774
2023-05-09 22:30:45,CF401P13400,CF401P13400,79.0,0.0,0.0,0.0,2,73.0,75.0,12,79.0,72.0,0.0,0.0,0.0,0.0,774
2023-05-09 22:31:07,CF401P13400,CF401P13400,79.0,0.0,0.0,0.0,2,72.0,74.0,2,79.0,72.0,0.0,0.0,0.0,0.0,774
2023-05-09 22:32:10,CF401P13400,CF401P13400,79.0,0.0,0.0,0.0,2,73.0,75.0,12,79.0,72.0,0.0,0.0,0.0,0.0,774
2023-05-09 22:32:24,CF401P13400,CF401P13400,79.0,0.0,0.0,0.0,2,73.0,75.0,2,79.0,72.0,0.0,0.0,0.0,0.0,774
2023-05-09 22:32:27,CF401P13400,CF401P13400,79.0,0.0,0.0,0.0,2,73.0,75.0,12,79.0,72.0,0.0,0.0,0.0,0.0,774
2023-05-09 22:32:27,CF401P13400,CF401P13400,79.0,0.0,0.0,0.0,2,73.0,75.0,2,79.0,72.0,0.0,0.0,0.0,0.0,774
2023-05-09 22:33:57,CF401P13400,CF401P13400,79.0,0.0,0.0,0.0,12,72.0,74.0,2,79.0,72.0,0.0,0.0,0.0,0.0,774
2023-05-09 22:34:06,CF401P13400,CF401P13400,79.0,0.0,0.0,0.0,2,72.0,74.0,2,79.0,72.0,0.0,0.0,0.0,0.0,774
2023-05-09 22:34:11,CF401P13400,CF401P13400,79.0,0.0,0.0,0.0,10,71.0,74.0,2,79.0,72.0,0.0,0.0,0.0,0.0,774
2023-05-09 22:34:11,CF401P13400,CF401P13400,79.0,0.0,0.0,0.0,12,71.0,74.0,2,79.0,72.0,0.0,0.0,0.0,0.0,774
2023-05-09 22:34:35,CF401P13400,CF401P13400,79.0,0.0,0.0,0.0,2,72.0,74.0,2,79.0,72.0,0.0,0.0,0.0,0.0,774
2023-05-09 22:35:13,CF401P13400,CF401P13400,79.0,0.0,0.0,0.0,12,71.0,74.0,2,79.0,72.0,0.0,0.0,0.0,0.0,774
2023-05-09 22:35:15,CF401P13400,CF401P13400,79.0,0.0,0.0,0.0,2,71.0,73.0,2,79.0,72.0,0.0,0.0,0.0,0.0,774
2023-05-09 22:35:15,CF401P13400,CF401P13400,79.0,0.0,0.0,0.0,12,71.0,73.0,2,79.0,72.0,0.0,0.0,0.0,0.0,774
2023-05-09 22:35:24,CF401P13400,CF401P13400,79.0,0.0,0.0,0.0,12,71.0,74.0,2,79.0,72.0,0.0,0.0,0.0,0.0,774
2023-05-09 22:36:09,CF401P13400,CF401P13400,79.0,0.0,0.0,0.0,12,71.0,73.0,2,79.0,72.0,0.0,0.0,0.0,0.0,774
2023-05-09 22:36:09,CF401P13400,CF401P13400,79.0,0.0,0.0,0.0,2,71.0,73.0,2,79.0,72.0,0.0,0.0,0.0,0.0,774
2023-05-09 22:36:15,CF401P13400,CF401P13400,79.0,0.0,0.0,0.0,12,71.0,73.0,2,79.0,72.0,0.0,0.0,0.0,0.0,774
2023-05-09 22:36:15,CF401P13400,CF401P13400,79.0,0.0,0.0,0.0,2,71.0,73.0,2,79.0,72.0,0.0,0.0,0.0,0.0,774
2023-05-09 22:37:27,CF401P13400,CF401P13400,79.0,0.0,0.0,0.0,12,70.0,72.0,2,79.0,72.0,0.0,0.0,0.0,0.0,774
2023-05-09 22:37:40,CF401P13400,CF401P13400,79.0,0.0,0.0,0.0,2,70.0,72.0,2,79.0,72.0,0.0,0.0,0.0,0.0,774
2023-05-09 22:37:49,CF401P13400,CF401P13400,79.0,0.0,0.0,0.0,12,70.0,72.0,2,79.0,72.0,0.0,0.0,0.0,0.0,774
2023-05-09 22:37:50,CF401P13400,CF401P13400,79.0,0.0,0.0,0.0,2,70.0,72.0,2,79.0,72.0,0.0,0.0,0.0,0.0,774
2023-05-09 22:38:14,CF401P13400,CF401P13400,79.0,0.0,0.0,0.0,12,70.0,73.0,2,79.0,72.0,0.0,0.0,0.0,0.0,774
2023-05-09 22:38:16,CF401P13400,CF401P13400,79.0,0.0,0.0,0.0,2,71.0,73.0,2,79.0,72.0,0.0,0.0,0.0,0.0,774
2023-05-09 22:40:10,CF401P13400,CF401P13400,79.0,0.0,0.0,0.0,12,71.0,73.0,2,79.0,72.0,0.0,0.0,0.0,0.0,774
2023-05-09 22:40:10,CF401P13400,CF401P13400,79.0,0.0,0.0,0.0,2,71.0,73.0,2,79.0,72.0,0.0,0.0,0.0,0.0,774
2023-05-09 22:40:11,CF401P13400,CF401P13400,79.0,0.0,0.0,0.0,12,71.0,73.0,2,79.0,72.0,0.0,0.0,0.0,0.0,774
2023-05-09 22:40:31,CF401P13400,CF401P13400,79.0,0.0,0.0,0.0,2,71.0,73.0,2,79.0,72.0,0.0,0.0,0.0,0.0,774
2023-05-09 22:40:34,CF401P13400,CF401P13400,79.0,0.0,0.0,0.0,12,71.0,73.0,2,79.0,72.0,0.0,0.0,0.0,0.0,774
2023-05-09 22:41:24,CF401P13400,CF401P13400,79.0,0.0,0.0,0.0,2,71.0,73.0,2,79.0,72.0,0.0,0.0,0.0,0.0,774
2023-05-09 22:41:27,CF401P13400,CF401P13400,79.0,0.0,0.0,0.0,12,71.0,73.0,2,79.0,72.0,0.0,0.0,0.0,0.0,774
2023-05-09 22:43:40,CF401P13400,CF401P13400,79.0,0.0,0.0,0.0,2,71.0,73.0,2,79.0,72.0,0.0,0.0,0.0,0.0,774
2023-05-09 22:43:43,CF401P13400,CF401P13400,79.0,0.0,0.0,0.0,12,71.0,73.0,2,79.0,72.0,0.0,0.0,0.0,0.0,774
2023-05-09 22:43:46,CF401P13400,CF401P13400,79.0,0.0,0.0,0.0,2,71.0,73.0,2,79.0,72.0,0.0,0.0,0.0,0.0,774
2023-05-09 22:44:03,CF401P13400,CF401P13400,79.0,0.0,0.0,0.0,12,70.0,72.0,2,79.0,72.0,0.0,0.0,0.0,0.0,774
2023-05-09 22:44:29,CF401P13400,CF401P13400,79.0,0.0,0.0,0.0,2,70.0,72.0,2,79.0,72.0,0.0,0.0,0.0,0.0,774
2023-05-09 22:44:33,CF401P13400,CF401P13400,79.0,0.0,0.0,0.0,12,70.0,72.0,2,79.0,72.0,0.0,0.0,0.0,0.0,774
2023-05-09 22:44:35,CF401P13400,CF401P13400,79.0,0.0,0.0,0.0,2,70.0,72.0,2,79.0,72.0,0.0,0.0,0.0,0.0,774
2023-05-09 22:44:44,CF401P13400,CF401P13400,79.0,0.0,0.0,0.0,12,69.0,72.0,2,79.0,72.0,0.0,0.0,0.0,0.0,774
2023-05-09 22:44:59,CF401P13400,CF401P13400,79.0,0.0,0.0,0.0,2,69.0,72.0,12,79.0,72.0,0.0,0.0,0.0,0.0,774
2023-05-09 22:45:09,CF401P13400,CF401P13400,79.0,0.0,0.0,0.0,2,70.0,72.0,12,79.0,72.0,0.0,0.0,0.0,0.0,774
2023-05-09 22:45:29,CF401P13400,CF401P13400,79.0,0.0,0.0,0.0,2,70.0,72.0,2,79.0,72.0,0.0,0.0,0.0,0.0,774
2023-05-09 22:45:58,CF401P13400,CF401P13400,79.0,0.0,0.0,0.0,2,71.0,73.0,12,79.0,72.0,0.0,0.0,0.0,0.0,774
2023-05-09 22:46:09,CF401P13400,CF401P13400,79.0,0.0,0.0,0.0,2,71.0,73.0,2,79.0,72.0,0.0,0.0,0.0,0.0,774
2023-05-09 22:46:15,CF401P13400,CF401P13400,79.0,0.0,0.0,0.0,2,71.0,73.0,12,79.0,72.0,0.0,0.0,0.0,0.0,774
2023-05-09 22:46:17,CF401P13400,CF401P13400,79.0,0.0,0.0,0.0,2,71.0,73.0,2,79.0,72.0,0.0,0.0,0.0,0.0,774
2023-05-09 22:46:22,CF401P13400,CF401P13400,79.0,0.0,0.0,0.0,12,70.0,73.0,2,79.0,72.0,0.0,0.0,0.0,0.0,774
2023-05-09 22:46:38,CF401P13400,CF401P13400,79.0,0.0,0.0,0.0,12,70.0,72.0,2,79.0,72.0,0.0,0.0,0.0,0.0,774
2023-05-09 22:46:46,CF401P13400,CF401P13400,79.0,0.0,0.0,0.0,10,70.0,72.0,2,79.0,72.0,0.0,0.0,0.0,0.0,774
2023-05-09 22:46:46,CF401P13400,CF401P13400,79.0,0.0,0.0,0.0,11,65.0,72.0,2,79.0,72.0,0.0,0.0,0.0,0.0,774
2023-05-09 22:46:47,CF401P13400,CF401P13400,79.0,0.0,0.0,0.0,2,69.0,72.0,2,79.0,72.0,0.0,0.0,0.0,0.0,774
2023-05-09 22:46:47,CF401P13400,CF401P13400,79.0,0.0,0.0,0.0,12,69.0,72.0,2,79.0,72.0,0.0,0.0,0.0,0.0,774
2023-05-09 22:47:16,CF401P13400,CF401P13400,79.0,0.0,0.0,0.0,2,70.0,72.0,2,79.0,72.0,0.0,0.0,0.0,0.0,774
2023-05-09 22:47:36,CF401P13400,CF401P13400,79.0,0.0,0.0,0.0,2,70.0,73.0,12,79.0,72.0,0.0,0.0,0.0,0.0,774
2023-05-09 22:47:50,CF401P13400,CF401P13400,79.0,0.0,0.0,0.0,2,70.0,72.0,2,79.0,72.0,0.0,0.0,0.0,0.0,774
2023-05-09 22:48:33,CF401P13400,CF401P13400,79.0,0.0,0.0,0.0,12,70.0,72.0,2,79.0,72.0,0.0,0.0,0.0,0.0,774
2023-05-09 22:48:34,CF401P13400,CF401P13400,79.0,0.0,0.0,0.0,2,70.0,72.0,2,79.0,72.0,0.0,0.0,0.0,0.0,774
2023-05-09 22:48:36,CF401P13400,CF401P13400,79.0,0.0,0.0,0.0,12,70.0,72.0,2,79.0,72.0,0.0,0.0,0.0,0.0,774
2023-05-09 22:48:44,CF401P13400,CF401P13400,79.0,0.0,0.0,0.0,12,70.0,73.0,2,79.0,72.0,0.0,0.0,0.0,0.0,774
2023-05-09 22:48:54,CF401P13400,CF401P13400,79.0,0.0,0.0,0.0,2,70.0,73.0,12,79.0,72.0,0.0,0.0,0.0,0.0,774
2023-05-09 22:49:00,CF401P13400,CF401P13400,79.0,0.0,0.0,0.0,12,70.0,73.0,12,79.0,72.0,0.0,0.0,0.0,0.0,774
2023-05-09 22:49:04,CF401P13400,CF401P13400,79.0,0.0,0.0,0.0,2,70.0,73.0,12,79.0,72.0,0.0,0.0,0.0,0.0,774
2023-05-09 22:49:18,CF401P13400,CF401P13400,79.0,0.0,0.0,0.0,2,70.0,73.0,2,79.0,72.0,0.0,0.0,0.0,0.0,774
2023-05-09 22:49:21,CF401P13400,CF401P13400,79.0,0.0,0.0,0.0,2,71.0,73.0,2,79.0,72.0,0.0,0.0,0.0,0.0,774
2023-05-09 22:49:44,CF401P13400,CF401P13400,79.0,0.0,0.0,0.0,2,71.0,73.0,12,79.0,72.0,0.0,0.0,0.0,0.0,774
2023-05-09 22:49:46,CF401P13400,CF401P13400,79.0,0.0,0.0,0.0,2,71.0,73.0,2,79.0,72.0,0.0,0.0,0.0,0.0,774
2023-05-09 22:49:47,CF401P13400,CF401P13400,79.0,0.0,0.0,0.0,2,71.0,73.0,12,79.0,72.0,0.0,0.0,0.0,0.0,774
2023-05-09 22:50:00,CF401P13400,CF401P13400,79.0,0.0,0.0,0.0,2,71.0,73.0,2,79.0,72.0,0.0,0.0,0.0,0.0,774
2023-05-09 22:51:44,CF401P13400,CF401P13400,79.0,0.0,0.0,0.0,2,71.0,74.0,12,79.0,72.0,0.0,0.0,0.0,0.0,774
2023-05-09 22:51:44,CF401P13400,CF401P13400,79.0,0.0,0.0,0.0,2,72.0,74.0,12,79.0,72.0,0.0,0.0,0.0,0.0,774
2023-05-09 22:51:45,CF401P13400,CF401P13400,79.0,0.0,0.0,0.0,2,72.0,74.0,2,79.0,72.0,0.0,0.0,0.0,0.0,774
2023-05-09 22:52:01,CF401P13400,CF401P13400,79.0,0.0,0.0,0.0,12,71.0,73.0,2,79.0,72.0,0.0,0.0,0.0,0.0,774
2023-05-09 22:53:39,CF401P13400,CF401P13400,79.0,0.0,0.0,0.0,2,71.0,73.0,2,79.0,72.0,0.0,0.0,0.0,0.0,774
2023-05-09 22:55:10,CF401P13400,CF401P13400,79.0,0.0,0.0,0.0,12,70.0,73.0,2,79.0,72.0,0.0,0.0,0.0,0.0,774
2023-05-09 22:55:14,CF401P13400,CF401P13400,79.0,0.0,0.0,0.0,2,70.0,73.0,2,79.0,72.0,0.0,0.0,0.0,0.0,774
2023-05-09 22:55:16,CF401P13400,CF401P13400,79.0,0.0,0.0,0.0,12,70.0,73.0,12,79.0,72.0,0.0,0.0,0.0,0.0,774
2023-05-09 22:55:17,CF401P13400,CF401P13400,79.0,0.0,0.0,0.0,12,70.0,73.0,2,79.0,72.0,0.0,0.0,0.0,0.0,774
2023-05-09 22:55:18,CF401P13400,CF401P13400,79.0,0.0,0.0,0.0,12,70.0,72.0,2,79.0,72.0,0.0,0.0,0.0,0.0,774
2023-05-09 22:55:56,CF401P13400,CF401P13400,79.0,0.0,0.0,0.0,11,65.0,77.0,11,79.0,72.0,0.0,0.0,0.0,0.0,774
2023-05-09 22:56:30,CF401P13400,CF401P13400,79.0,0.0,0.0,0.0,19,22.0,0.0,0,79.0,72.0,0.0,0.0,0.0,0.0,774
2023-05-09 22:56:30,CF401P13400,CF401P13400,79.0,0.0,0.0,0.0,2,30.0,1035.0,1,79.0,72.0,0.0,0.0,0.0,0.0,774
2023-05-09 22:56:31,CF401P13400,CF401P13400,79.0,0.0,0.0,0.0,2,30.0,1024.0,1,79.0,72.0,0.0,0.0,0.0,0.0,774
2023-05-09 22:56:31,CF401P13400,CF401P13400,79.0,0.0,0.0,0.0,2,30.0,1021.0,1,79.0,72.0,0.0,0.0,0.0,0.0,774
2023-05-09 22:56:35,CF401P13400,CF401P13400,79.0,0.0,0.0,0.0,2,30.0,1010.0,1,79.0,72.0,0.0,0.0,0.0,0.0,774
2023-05-09 22:56:35,CF401P13400,CF401P13400,79.0,0.0,0.0,0.0,2,30.0,1007.0,1,79.0,72.0,0.0,0.0,0.0,0.0,774
2023-05-09 22:57:10,CF401P13400,CF401P13400,79.0,0.0,0.0,0.0,19,22.0,1007.0,1,79.0,72.0,0.0,0.0,0.0,0.0,774
2023-05-09 22:59:56,CF401P13400,CF401P13400,79.0,0.0,0.0,0.0,19,22.0,0.0,0,79.0,72.0,0.0,0.0,0.0,0.0,774
2023-05-10 09:00:02,CF401P13400,CF401P13400,79.0,0.0,0.0,0.0,1,63.0,0.0,0,79.0,72.0,0.0,0.0,0.0,0.0,774
2023-05-10 09:00:09,CF401P13400,CF401P13400,79.0,0.0,0.0,0.0,1,63.0,390.0,1,79.0,72.0,0.0,0.0,0.0,0.0,774
2023-05-10 09:01:10,CF401P13400,CF401P13400,79.0,0.0,0.0,0.0,1,63.0,302.0,2,79.0,72.0,0.0,0.0,0.0,0.0,774
2023-05-10 09:01:11,CF401P13400,CF401P13400,79.0,0.0,0.0,0.0,1,63.0,222.0,2,79.0,72.0,0.0,0.0,0.0,0.0,774
2023-05-10 09:01:11,CF401P13400,CF401P13400,79.0,0.0,0.0,0.0,1,63.0,142.0,2,79.0,72.0,0.0,0.0,0.0,0.0,774
2023-05-10 09:01:23,CF401P13400,CF401P13400,79.0,0.0,0.0,0.0,2,68.0,72.0,2,79.0,72.0,0.0,0.0,0.0,0.0,774
2023-05-10 09:01:25,CF401P13400,CF401P13400,79.0,0.0,0.0,0.0,2,68.0,71.0,2,79.0,72.0,0.0,0.0,0.0,0.0,774
2023-05-10 09:02:08,CF401P13400,CF401P13400,79.0,0.0,0.0,0.0,12,68.0,71.0,2,79.0,72.0,0.0,0.0,0.0,0.0,774
2023-05-10 09:02:30,CF401P13400,CF401P13400,79.0,0.0,0.0,0.0,2,69.0,71.0,2,79.0,72.0,0.0,0.0,0.0,0.0,774
2023-05-10 09:05:45,CF401P13400,CF401P13400,79.0,0.0,0.0,0.0,2,68.0,71.0,2,79.0,72.0,0.0,0.0,0.0,0.0,774
2023-05-10 09:05:56,CF401P13400,CF401P13400,79.0,0.0,0.0,0.0,12,68.0,71.0,2,79.0,72.0,0.0,0.0,0.0,0.0,774
2023-05-10 09:05:57,CF401P13400,CF401P13400,79.0,0.0,0.0,0.0,2,68.0,71.0,2,79.0,72.0,0.0,0.0,0.0,0.0,774
2023-05-10 09:06:01,CF401P13400,CF401P13400,79.0,0.0,0.0,0.0,2,69.0,71.0,2,79.0,72.0,0.0,0.0,0.0,0.0,774
2023-05-10 09:06:11,CF401P13400,CF401P13400,79.0,0.0,0.0,0.0,2,69.0,72.0,2,79.0,72.0,0.0,0.0,0.0,0.0,774
2023-05-10 09:06:13,CF401P13400,CF401P13400,79.0,0.0,0.0,0.0,2,70.0,72.0,2,79.0,72.0,0.0,0.0,0.0,0.0,774
2023-05-10 09:06:33,CF401P13400,CF401P13400,79.0,0.0,0.0,0.0,2,69.0,72.0,2,79.0,72.0,0.0,0.0,0.0,0.0,774
2023-05-10 09:06:34,CF401P13400,CF401P13400,79.0,0.0,0.0,0.0,2,69.0,71.0,2,79.0,72.0,0.0,0.0,0.0,0.0,774
2023-05-10 09:08:11,CF401P13400,CF401P13400,79.0,0.0,0.0,0.0,2,69.0,72.0,2,79.0,72.0,0.0,0.0,0.0,0.0,774
2023-05-10 09:08:16,CF401P13400,CF401P13400,79.0,0.0,0.0,0.0,2,70.0,72.0,2,79.0,72.0,0.0,0.0,0.0,0.0,774
2023-05-10 09:08:39,CF401P13400,CF401P13400,79.0,0.0,0.0,0.0,2,69.0,72.0,2,79.0,72.0,0.0,0.0,0.0,0.0,774
2023-05-10 09:08:41,CF401P13400,CF401P13400,79.0,0.0,0.0,0.0,2,69.0,71.0,2,79.0,72.0,0.0,0.0,0.0,0.0,774
2023-05-10 09:09:24,CF401P13400,CF401P13400,79.0,0.0,0.0,0.0,2,70.0,72.0,2,79.0,72.0,0.0,0.0,0.0,0.0,774
2023-05-10 09:10:09,CF401P13400,CF401P13400,79.0,0.0,0.0,0.0,2,69.0,72.0,2,79.0,72.0,0.0,0.0,0.0,0.0,774
2023-05-10 09:10:13,CF401P13400,CF401P13400,79.0,0.0,0.0,0.0,2,69.0,71.0,2,79.0,72.0,0.0,0.0,0.0,0.0,774
2023-05-10 09:11:04,CF401P13400,CF401P13400,79.0,0.0,0.0,0.0,2,68.0,70.0,2,79.0,72.0,0.0,0.0,0.0,0.0,774
2023-05-10 09:11:05,CF401P13400,CF401P13400,79.0,0.0,0.0,0.0,12,68.0,70.0,2,79.0,72.0,0.0,0.0,0.0,0.0,774
2023-05-10 09:11:07,CF401P13400,CF401P13400,79.0,0.0,0.0,0.0,2,68.0,70.0,2,79.0,72.0,0.0,0.0,0.0,0.0,774
2023-05-10 09:13:08,CF401P13400,CF401P13400,79.0,0.0,0.0,0.0,2,68.0,70.0,12,79.0,72.0,0.0,0.0,0.0,0.0,774
2023-05-10 09:13:19,CF401P13400,CF401P13400,79.0,0.0,0.0,0.0,2,67.0,70.0,12,79.0,72.0,0.0,0.0,0.0,0.0,774
2023-05-10 09:13:26,CF401P13400,CF401P13400,79.0,0.0,0.0,0.0,2,67.0,69.0,2,79.0,72.0,0.0,0.0,0.0,0.0,774
2023-05-10 09:13:55,CF401P13400,CF401P13400,79.0,0.0,0.0,0.0,2,67.0,69.0,12,79.0,72.0,0.0,0.0,0.0,0.0,774
2023-05-10 09:14:00,CF401P13400,CF401P13400,79.0,0.0,0.0,0.0,2,67.0,69.0,2,79.0,72.0,0.0,0.0,0.0,0.0,774
2023-05-10 09:14:03,CF401P13400,CF401P13400,79.0,0.0,0.0,0.0,2,67.0,69.0,12,79.0,72.0,0.0,0.0,0.0,0.0,774
2023-05-10 09:14:05,CF401P13400,CF401P13400,79.0,0.0,0.0,0.0,2,67.0,69.0,2,79.0,72.0,0.0,0.0,0.0,0.0,774
2023-05-10 09:14:26,CF401P13400,CF401P13400,79.0,0.0,0.0,0.0,2,67.0,70.0,12,79.0,72.0,0.0,0.0,0.0,0.0,774
2023-05-10 09:14:53,CF401P13400,CF401P13400,79.0,0.0,0.0,0.0,2,68.0,70.0,12,79.0,72.0,0.0,0.0,0.0,0.0,774
2023-05-10 09:16:25,CF401P13400,CF401P13400,79.0,0.0,0.0,0.0,2,68.0,71.0,12,79.0,72.0,0.0,0.0,0.0,0.0,774
2023-05-10 09:16:33,CF401P13400,CF401P13400,79.0,0.0,0.0,0.0,2,69.0,71.0,12,79.0,72.0,0.0,0.0,0.0,0.0,774
2023-05-10 09:18:59,CF401P13400,CF401P13400,79.0,0.0,0.0,0.0,2,69.0,72.0,2,79.0,72.0,0.0,0.0,0.0,0.0,774
2023-05-10 09:18:59,CF401P13400,CF401P13400,79.0,0.0,0.0,0.0,2,69.0,72.0,12,79.0,72.0,0.0,0.0,0.0,0.0,774
2023-05-10 09:19:11,CF401P13400,CF401P13400,79.0,0.0,0.0,0.0,2,69.0,71.0,2,79.0,72.0,0.0,0.0,0.0,0.0,774
2023-05-10 09:19:11,CF401P13400,CF401P13400,79.0,0.0,0.0,0.0,2,69.0,71.0,12,79.0,72.0,0.0,0.0,0.0,0.0,774
2023-05-10 09:20:44,CF401P13400,CF401P13400,79.0,0.0,0.0,0.0,2,69.0,71.0,2,79.0,72.0,0.0,0.0,0.0,0.0,774
2023-05-10 09:21:43,CF401P13400,CF401P13400,79.0,0.0,0.0,0.0,2,70.0,72.0,12,79.0,72.0,0.0,0.0,0.0,0.0,774
2023-05-10 09:22:37,CF401P13400,CF401P13400,79.0,0.0,0.0,0.0,2,69.0,72.0,12,79.0,72.0,0.0,0.0,0.0,0.0,774
2023-05-10 09:23:01,CF401P13400,CF401P13400,79.0,0.0,0.0,0.0,2,69.0,71.0,2,79.0,72.0,0.0,0.0,0.0,0.0,774
2023-05-10 09:27:37,CF401P13400,CF401P13400,79.0,0.0,0.0,0.0,2,69.0,71.0,12,79.0,72.0,0.0,0.0,0.0,0.0,774
2023-05-10 09:27:42,CF401P13400,CF401P13400,79.0,0.0,0.0,0.0,2,69.0,71.0,2,79.0,72.0,0.0,0.0,0.0,0.0,774
2023-05-10 09:27:44,CF401P13400,CF401P13400,79.0,0.0,0.0,0.0,2,69.0,71.0,12,79.0,72.0,0.0,0.0,0.0,0.0,774
2023-05-10 09:28:53,CF401P13400,CF401P13400,79.0,0.0,0.0,0.0,2,69.0,71.0,2,79.0,72.0,0.0,0.0,0.0,0.0,774
2023-05-10 09:29:02,CF401P13400,CF401P13400,79.0,0.0,0.0,0.0,2,69.0,71.0,12,79.0,72.0,0.0,0.0,0.0,0.0,774
2023-05-10 09:30:16,CF401P13400,CF401P13400,79.0,0.0,0.0,0.0,2,68.0,71.0,12,79.0,72.0,0.0,0.0,0.0,0.0,774
2023-05-10 09:30:17,CF401P13400,CF401P13400,79.0,0.0,0.0,0.0,2,68.0,70.0,2,79.0,72.0,0.0,0.0,0.0,0.0,774
2023-05-10 09:30:20,CF401P13400,CF401P13400,79.0,0.0,0.0,0.0,2,68.0,70.0,12,79.0,72.0,0.0,0.0,0.0,0.0,774
2023-05-10 09:30:20,CF401P13400,CF401P13400,79.0,0.0,0.0,0.0,2,68.0,70.0,2,79.0,72.0,0.0,0.0,0.0,0.0,774
2023-05-10 09:31:28,CF401P13400,CF401P13400,79.0,0.0,0.0,0.0,2,68.0,71.0,12,79.0,72.0,0.0,0.0,0.0,0.0,774
2023-05-10 09:31:28,CF401P13400,CF401P13400,79.0,0.0,0.0,0.0,2,69.0,71.0,12,79.0,72.0,0.0,0.0,0.0,0.0,774
2023-05-10 09:31:28,CF401P13400,CF401P13400,79.0,0.0,0.0,0.0,2,68.0,71.0,12,79.0,72.0,0.0,0.0,0.0,0.0,774
2023-05-10 09:31:28,CF401P13400,CF401P13400,79.0,0.0,0.0,0.0,2,69.0,71.0,12,79.0,72.0,0.0,0.0,0.0,0.0,774
2023-05-10 09:31:28,CF401P13400,CF401P13400,79.0,0.0,0.0,0.0,2,68.0,71.0,12,79.0,72.0,0.0,0.0,0.0,0.0,774
2023-05-10 09:31:28,CF401P13400,CF401P13400,79.0,0.0,0.0,0.0,2,69.0,71.0,12,79.0,72.0,0.0,0.0,0.0,0.0,774
2023-05-10 09:32:48,CF401P13400,CF401P13400,79.0,0.0,0.0,0.0,2,68.0,71.0,12,79.0,72.0,0.0,0.0,0.0,0.0,774
2023-05-10 09:33:28,CF401P13400,CF401P13400,79.0,0.0,0.0,0.0,2,68.0,70.0,2,79.0,72.0,0.0,0.0,0.0,0.0,774
2023-05-10 09:35:33,CF401P13400,CF401P13400,79.0,0.0,0.0,0.0,2,68.0,70.0,12,79.0,72.0,0.0,0.0,0.0,0.0,774
2023-05-10 09:35:34,CF401P13400,CF401P13400,79.0,0.0,0.0,0.0,2,68.0,70.0,2,79.0,72.0,0.0,0.0,0.0,0.0,774
2023-05-10 09:35:34,CF401P13400,CF401P13400,79.0,0.0,0.0,0.0,12,67.0,70.0,2,79.0,72.0,0.0,0.0,0.0,0.0,774
2023-05-10 09:35:41,CF401P13400,CF401P13400,79.0,0.0,0.0,0.0,2,67.0,70.0,12,79.0,72.0,0.0,0.0,0.0,0.0,774
2023-05-10 09:35:51,CF401P13400,CF401P13400,79.0,0.0,0.0,0.0,2,67.0,69.0,2,79.0,72.0,0.0,0.0,0.0,0.0,774
2023-05-10 09:37:00,CF401P13400,CF401P13400,79.0,0.0,0.0,0.0,2,67.0,70.0,12,79.0,72.0,0.0,0.0,0.0,0.0,774
2023-05-10 09:37:04,CF401P13400,CF401P13400,79.0,0.0,0.0,0.0,2,68.0,70.0,12,79.0,72.0,0.0,0.0,0.0,0.0,774
2023-05-10 09:38:37,CF401P13400,CF401P13400,79.0,0.0,0.0,0.0,2,67.0,70.0,12,79.0,72.0,0.0,0.0,0.0,0.0,774
2023-05-10 09:39:04,CF401P13400,CF401P13400,79.0,0.0,0.0,0.0,12,67.0,70.0,12,79.0,72.0,0.0,0.0,0.0,0.0,774
2023-05-10 09:39:04,CF401P13400,CF401P13400,79.0,0.0,0.0,0.0,2,67.0,70.0,12,79.0,72.0,0.0,0.0,0.0,0.0,774
2023-05-10 09:39:07,CF401P13400,CF401P13400,79.0,0.0,0.0,0.0,12,67.0,70.0,12,79.0,72.0,0.0,0.0,0.0,0.0,774
2023-05-10 09:39:11,CF401P13400,CF401P13400,79.0,0.0,0.0,0.0,2,67.0,70.0,12,79.0,72.0,0.0,0.0,0.0,0.0,774
2023-05-10 09:39:20,CF401P13400,CF401P13400,79.0,0.0,0.0,0.0,12,67.0,70.0,12,79.0,72.0,0.0,0.0,0.0,0.0,774
2023-05-10 09:39:22,CF401P13400,CF401P13400,79.0,0.0,0.0,0.0,2,67.0,70.0,12,79.0,72.0,0.0,0.0,0.0,0.0,774
2023-05-10 09:39:24,CF401P13400,CF401P13400,79.0,0.0,0.0,0.0,12,67.0,70.0,12,79.0,72.0,0.0,0.0,0.0,0.0,774
2023-05-10 09:39:40,CF401P13400,CF401P13400,79.0,0.0,0.0,0.0,2,67.0,70.0,12,79.0,72.0,0.0,0.0,0.0,0.0,774
2023-05-10 09:39:45,CF401P13400,CF401P13400,79.0,0.0,0.0,0.0,12,67.0,70.0,12,79.0,72.0,0.0,0.0,0.0,0.0,774
2023-05-10 09:39:45,CF401P13400,CF401P13400,79.0,0.0,0.0,0.0,2,67.0,70.0,12,79.0,72.0,0.0,0.0,0.0,0.0,774
2023-05-10 09:39:53,CF401P13400,CF401P13400,79.0,0.0,0.0,0.0,12,67.0,70.0,12,79.0,72.0,0.0,0.0,0.0,0.0,774
2023-05-10 09:40:14,CF401P13400,CF401P13400,79.0,0.0,0.0,0.0,2,67.0,70.0,2,79.0,72.0,0.0,0.0,0.0,0.0,774
2023-05-10 09:40:16,CF401P13400,CF401P13400,79.0,0.0,0.0,0.0,12,67.0,70.0,2,79.0,72.0,0.0,0.0,0.0,0.0,774
2023-05-10 09:40:18,CF401P13400,CF401P13400,79.0,0.0,0.0,0.0,12,67.0,70.0,12,79.0,72.0,0.0,0.0,0.0,0.0,774
2023-05-10 09:40:20,CF401P13400,CF401P13400,79.0,0.0,0.0,0.0,12,67.0,70.0,2,79.0,72.0,0.0,0.0,0.0,0.0,774
2023-05-10 09:40:25,CF401P13400,CF401P13400,79.0,0.0,0.0,0.0,12,67.0,70.0,12,79.0,72.0,0.0,0.0,0.0,0.0,774
2023-05-10 09:40:32,CF401P13400,CF401P13400,79.0,0.0,0.0,0.0,2,67.0,70.0,12,79.0,72.0,0.0,0.0,0.0,0.0,774
2023-05-10 09:40:34,CF401P13400,CF401P13400,79.0,0.0,0.0,0.0,12,67.0,70.0,12,79.0,72.0,0.0,0.0,0.0,0.0,774
2023-05-10 09:40:34,CF401P13400,CF401P13400,79.0,0.0,0.0,0.0,2,67.0,70.0,12,79.0,72.0,0.0,0.0,0.0,0.0,774
2023-05-10 09:41:27,CF401P13400,CF401P13400,79.0,0.0,0.0,0.0,12,67.0,70.0,12,79.0,72.0,0.0,0.0,0.0,0.0,774
2023-05-10 09:41:27,CF401P13400,CF401P13400,79.0,0.0,0.0,0.0,12,67.0,70.0,2,79.0,72.0,0.0,0.0,0.0,0.0,774
2023-05-10 09:41:29,CF401P13400,CF401P13400,79.0,0.0,0.0,0.0,12,67.0,70.0,12,79.0,72.0,0.0,0.0,0.0,0.0,774
2023-05-10 09:41:35,CF401P13400,CF401P13400,79.0,0.0,0.0,0.0,12,67.0,70.0,2,79.0,72.0,0.0,0.0,0.0,0.0,774
2023-05-10 09:41:35,CF401P13400,CF401P13400,79.0,0.0,0.0,0.0,2,68.0,70.0,2,79.0,72.0,0.0,0.0,0.0,0.0,774
2023-05-10 09:41:41,CF401P13400,CF401P13400,79.0,0.0,0.0,0.0,2,68.0,70.0,12,79.0,72.0,0.0,0.0,0.0,0.0,774
2023-05-10 09:44:00,CF401P13400,CF401P13400,79.0,0.0,0.0,0.0,2,67.0,70.0,12,79.0,72.0,0.0,0.0,0.0,0.0,774
2023-05-10 09:44:19,CF401P13400,CF401P13400,79.0,0.0,0.0,0.0,2,67.0,69.0,12,79.0,72.0,0.0,0.0,0.0,0.0,774
2023-05-10 09:44:19,CF401P13400,CF401P13400,79.0,0.0,0.0,0.0,2,67.0,69.0,2,79.0,72.0,0.0,0.0,0.0,0.0,774
2023-05-10 09:44:20,CF401P13400,CF401P13400,79.0,0.0,0.0,0.0,2,67.0,69.0,12,79.0,72.0,0.0,0.0,0.0,0.0,774
2023-05-10 09:44:34,CF401P13400,CF401P13400,79.0,0.0,0.0,0.0,2,67.0,69.0,2,79.0,72.0,0.0,0.0,0.0,0.0,774
2023-05-10 09:45:47,CF401P13400,CF401P13400,79.0,0.0,0.0,0.0,2,67.0,69.0,12,79.0,72.0,0.0,0.0,0.0,0.0,774
2023-05-10 09:45:48,CF401P13400,CF401P13400,79.0,0.0,0.0,0.0,2,67.0,69.0,2,79.0,72.0,0.0,0.0,0.0,0.0,774
2023-05-10 09:46:01,CF401P13400,CF401P13400,79.0,0.0,0.0,0.0,2,67.0,69.0,12,79.0,72.0,0.0,0.0,0.0,0.0,774
2023-05-10 09:46:01,CF401P13400,CF401P13400,79.0,0.0,0.0,0.0,2,67.0,69.0,2,79.0,72.0,0.0,0.0,0.0,0.0,774
2023-05-10 09:47:11,CF401P13400,CF401P13400,79.0,0.0,0.0,0.0,12,66.0,69.0,2,79.0,72.0,0.0,0.0,0.0,0.0,774
2023-05-10 09:47:12,CF401P13400,CF401P13400,79.0,0.0,0.0,0.0,12,66.0,69.0,12,79.0,72.0,0.0,0.0,0.0,0.0,774
2023-05-10 09:47:17,CF401P13400,CF401P13400,79.0,0.0,0.0,0.0,12,66.0,69.0,2,79.0,72.0,0.0,0.0,0.0,0.0,774
2023-05-10 09:47:21,CF401P13400,CF401P13400,79.0,0.0,0.0,0.0,12,66.0,69.0,12,79.0,72.0,0.0,0.0,0.0,0.0,774
2023-05-10 09:47:31,CF401P13400,CF401P13400,79.0,0.0,0.0,0.0,12,66.0,68.0,2,79.0,72.0,0.0,0.0,0.0,0.0,774
2023-05-10 09:48:02,CF401P13400,CF401P13400,79.0,0.0,0.0,0.0,2,66.0,68.0,2,79.0,72.0,0.0,0.0,0.0,0.0,774
2023-05-10 09:49:59,CF401P13400,CF401P13400,79.0,0.0,0.0,0.0,2,66.0,68.0,12,79.0,72.0,0.0,0.0,0.0,0.0,774
2023-05-10 09:50:04,CF401P13400,CF401P13400,79.0,0.0,0.0,0.0,2,66.0,68.0,2,79.0,72.0,0.0,0.0,0.0,0.0,774
2023-05-10 09:50:09,CF401P13400,CF401P13400,79.0,0.0,0.0,0.0,2,66.0,68.0,12,79.0,72.0,0.0,0.0,0.0,0.0,774
2023-05-10 09:50:16,CF401P13400,CF401P13400,79.0,0.0,0.0,0.0,2,65.0,68.0,12,79.0,72.0,0.0,0.0,0.0,0.0,774
2023-05-10 09:50:18,CF401P13400,CF401P13400,79.0,0.0,0.0,0.0,2,65.0,67.0,2,79.0,72.0,0.0,0.0,0.0,0.0,774
2023-05-10 09:50:25,CF401P13400,CF401P13400,79.0,0.0,0.0,0.0,2,65.0,67.0,12,79.0,72.0,0.0,0.0,0.0,0.0,774
2023-05-10 09:50:26,CF401P13400,CF401P13400,79.0,0.0,0.0,0.0,2,65.0,67.0,2,79.0,72.0,0.0,0.0,0.0,0.0,774
2023-05-10 09:50:27,CF401P13400,CF401P13400,79.0,0.0,0.0,0.0,2,65.0,67.0,12,79.0,72.0,0.0,0.0,0.0,0.0,774
2023-05-10 09:50:31,CF401P13400,CF401P13400,79.0,0.0,0.0,0.0,2,65.0,67.0,2,79.0,72.0,0.0,0.0,0.0,0.0,774
2023-05-10 09:50:38,CF401P13400,CF401P13400,79.0,0.0,0.0,0.0,2,65.0,67.0,12,79.0,72.0,0.0,0.0,0.0,0.0,774
2023-05-10 09:50:38,CF401P13400,CF401P13400,79.0,0.0,0.0,0.0,2,65.0,67.0,2,79.0,72.0,0.0,0.0,0.0,0.0,774
2023-05-10 09:50:39,CF401P13400,CF401P13400,79.0,0.0,0.0,0.0,2,65.0,67.0,12,79.0,72.0,0.0,0.0,0.0,0.0,774
2023-05-10 09:53:00,CF401P13400,CF401P13400,79.0,0.0,0.0,0.0,2,65.0,67.0,10,79.0,72.0,0.0,0.0,0.0,0.0,774
2023-05-10 09:53:00,CF401P13400,CF401P13400,79.0,0.0,0.0,0.0,2,65.0,68.0,12,79.0,72.0,0.0,0.0,0.0,0.0,774
2023-05-10 09:53:08,CF401P13400,CF401P13400,79.0,0.0,0.0,0.0,2,66.0,68.0,12,79.0,72.0,0.0,0.0,0.0,0.0,774
2023-05-10 09:59:14,CF401P13400,CF401P13400,79.0,0.0,0.0,0.0,2,66.0,68.0,2,79.0,72.0,0.0,0.0,0.0,0.0,774
2023-05-10 09:59:16,CF401P13400,CF401P13400,79.0,0.0,0.0,0.0,2,66.0,68.0,12,79.0,72.0,0.0,0.0,0.0,0.0,774
2023-05-10 10:00:04,CF401P13400,CF401P13400,79.0,0.0,0.0,0.0,2,65.0,68.0,12,79.0,72.0,0.0,0.0,0.0,0.0,774
2023-05-10 10:00:05,CF401P13400,CF401P13400,79.0,0.0,0.0,0.0,2,65.0,67.0,2,79.0,72.0,0.0,0.0,0.0,0.0,774
2023-05-10 10:00:09,CF401P13400,CF401P13400,79.0,0.0,0.0,0.0,2,65.0,67.0,12,79.0,72.0,0.0,0.0,0.0,0.0,774
2023-05-10 10:00:18,CF401P13400,CF401P13400,79.0,0.0,0.0,0.0,2,65.0,67.0,2,79.0,72.0,0.0,0.0,0.0,0.0,774
2023-05-10 10:00:28,CF401P13400,CF401P13400,79.0,0.0,0.0,0.0,2,65.0,67.0,12,79.0,72.0,0.0,0.0,0.0,0.0,774
2023-05-10 10:00:30,CF401P13400,CF401P13400,79.0,0.0,0.0,0.0,2,65.0,67.0,2,79.0,72.0,0.0,0.0,0.0,0.0,774
2023-05-10 10:00:31,CF401P13400,CF401P13400,79.0,0.0,0.0,0.0,2,65.0,67.0,12,79.0,72.0,0.0,0.0,0.0,0.0,774
2023-05-10 10:00:43,CF401P13400,CF401P13400,79.0,0.0,0.0,0.0,2,64.0,67.0,12,79.0,72.0,0.0,0.0,0.0,0.0,774
2023-05-10 10:00:50,CF401P13400,CF401P13400,79.0,0.0,0.0,0.0,2,64.0,66.0,2,79.0,72.0,0.0,0.0,0.0,0.0,774
2023-05-10 10:01:52,CF401P13400,CF401P13400,79.0,0.0,0.0,0.0,2,64.0,66.0,12,79.0,72.0,0.0,0.0,0.0,0.0,774
2023-05-10 10:02:34,CF401P13400,CF401P13400,79.0,0.0,0.0,0.0,2,64.0,66.0,2,79.0,72.0,0.0,0.0,0.0,0.0,774
2023-05-10 10:02:35,CF401P13400,CF401P13400,79.0,0.0,0.0,0.0,2,64.0,66.0,12,79.0,72.0,0.0,0.0,0.0,0.0,774
2023-05-10 10:02:47,CF401P13400,CF401P13400,79.0,0.0,0.0,0.0,2,64.0,66.0,2,79.0,72.0,0.0,0.0,0.0,0.0,774
2023-05-10 10:02:53,CF401P13400,CF401P13400,79.0,0.0,0.0,0.0,2,64.0,66.0,12,79.0,72.0,0.0,0.0,0.0,0.0,774
2023-05-10 10:03:05,CF401P13400,CF401P13400,79.0,0.0,0.0,0.0,2,64.0,66.0,2,79.0,72.0,0.0,0.0,0.0,0.0,774
2023-05-10 10:03:06,CF401P13400,CF401P13400,79.0,0.0,0.0,0.0,2,64.0,66.0,12,79.0,72.0,0.0,0.0,0.0,0.0,774
2023-05-10 10:03:27,CF401P13400,CF401P13400,79.0,0.0,0.0,0.0,2,64.0,66.0,2,79.0,72.0,0.0,0.0,0.0,0.0,774
2023-05-10 10:03:39,CF401P13400,CF401P13400,79.0,0.0,0.0,0.0,2,64.0,66.0,12,79.0,72.0,0.0,0.0,0.0,0.0,774
2023-05-10 10:03:42,CF401P13400,CF401P13400,79.0,0.0,0.0,0.0,2,64.0,66.0,2,79.0,72.0,0.0,0.0,0.0,0.0,774
2023-05-10 10:03:47,CF401P13400,CF401P13400,79.0,0.0,0.0,0.0,2,64.0,66.0,12,79.0,72.0,0.0,0.0,0.0,0.0,774
2023-05-10 10:03:56,CF401P13400,CF401P13400,79.0,0.0,0.0,0.0,2,64.0,66.0,2,79.0,72.0,0.0,0.0,0.0,0.0,774
2023-05-10 10:04:24,CF401P13400,CF401P13400,79.0,0.0,0.0,0.0,2,64.0,66.0,12,79.0,72.0,0.0,0.0,0.0,0.0,774
2023-05-10 10:04:28,CF401P13400,CF401P13400,79.0,0.0,0.0,0.0,2,64.0,66.0,2,79.0,72.0,0.0,0.0,0.0,0.0,774
2023-05-10 10:04:35,CF401P13400,CF401P13400,79.0,0.0,0.0,0.0,2,64.0,66.0,12,79.0,72.0,0.0,0.0,0.0,0.0,774
2023-05-10 10:07:03,CF401P13400,CF401P13400,79.0,0.0,0.0,0.0,2,63.0,65.0,2,79.0,72.0,0.0,0.0,0.0,0.0,774
2023-05-10 10:07:05,CF401P13400,CF401P13400,79.0,0.0,0.0,0.0,2,63.0,65.0,12,79.0,72.0,0.0,0.0,0.0,0.0,774
2023-05-10 10:10:47,CF401P13400,CF401P13400,79.0,0.0,0.0,0.0,2,62.0,65.0,12,79.0,72.0,0.0,0.0,0.0,0.0,774
2023-05-10 10:10:48,CF401P13400,CF401P13400,79.0,0.0,0.0,0.0,2,62.0,64.0,2,79.0,72.0,0.0,0.0,0.0,0.0,774
2023-05-10 10:10:49,CF401P13400,CF401P13400,79.0,0.0,0.0,0.0,2,62.0,64.0,12,79.0,72.0,0.0,0.0,0.0,0.0,774
2023-05-10 10:11:13,CF401P13400,CF401P13400,79.0,0.0,0.0,0.0,2,62.0,64.0,10,79.0,72.0,0.0,0.0,0.0,0.0,774
2023-05-10 10:11:14,CF401P13400,CF401P13400,79.0,0.0,0.0,0.0,2,62.0,65.0,12,79.0,72.0,0.0,0.0,0.0,0.0,774
2023-05-10 10:11:19,CF401P13400,CF401P13400,79.0,0.0,0.0,0.0,2,63.0,65.0,12,79.0,72.0,0.0,0.0,0.0,0.0,774
2023-05-10 10:14:49,CF401P13400,CF401P13400,79.0,0.0,0.0,0.0,2,63.0,65.0,2,79.0,72.0,0.0,0.0,0.0,0.0,774
2023-05-10 10:30:08,CF401P13400,CF401P13400,79.0,0.0,0.0,0.0,2,63.0,66.0,2,79.0,72.0,0.0,0.0,0.0,0.0,774
2023-05-10 10:30:16,CF401P13400,CF401P13400,79.0,0.0,0.0,0.0,2,63.0,66.0,12,79.0,72.0,0.0,0.0,0.0,0.0,774
2023-05-10 10:32:46,CF401P13400,CF401P13400,79.0,0.0,0.0,0.0,2,64.0,66.0,12,79.0,72.0,0.0,0.0,0.0,0.0,774
2023-05-10 10:33:41,CF401P13400,CF401P13400,79.0,0.0,0.0,0.0,2,64.0,66.0,10,79.0,72.0,0.0,0.0,0.0,0.0,774
2023-05-10 10:33:42,CF401P13400,CF401P13400,79.0,0.0,0.0,0.0,2,64.0,67.0,12,79.0,72.0,0.0,0.0,0.0,0.0,774
2023-05-10 10:34:02,CF401P13400,CF401P13400,79.0,0.0,0.0,0.0,2,65.0,67.0,12,79.0,72.0,0.0,0.0,0.0,0.0,774
2023-05-10 10:35:00,CF401P13400,CF401P13400,79.0,0.0,0.0,0.0,2,64.0,67.0,12,79.0,72.0,0.0,0.0,0.0,0.0,774
2023-05-10 10:35:04,CF401P13400,CF401P13400,79.0,0.0,0.0,0.0,12,64.0,67.0,12,79.0,72.0,0.0,0.0,0.0,0.0,774
2023-05-10 10:35:14,CF401P13400,CF401P13400,79.0,0.0,0.0,0.0,12,64.0,67.0,2,79.0,72.0,0.0,0.0,0.0,0.0,774
2023-05-10 10:35:28,CF401P13400,CF401P13400,79.0,0.0,0.0,0.0,2,65.0,67.0,2,79.0,72.0,0.0,0.0,0.0,0.0,774
2023-05-10 10:35:33,CF401P13400,CF401P13400,79.0,0.0,0.0,0.0,2,65.0,67.0,12,79.0,72.0,0.0,0.0,0.0,0.0,774
2023-05-10 10:35:50,CF401P13400,CF401P13400,79.0,0.0,0.0,0.0,2,65.0,67.0,2,79.0,72.0,0.0,0.0,0.0,0.0,774
2023-05-10 10:35:51,CF401P13400,CF401P13400,79.0,0.0,0.0,0.0,2,65.0,67.0,12,79.0,72.0,0.0,0.0,0.0,0.0,774
2023-05-10 10:36:04,CF401P13400,CF401P13400,79.0,0.0,0.0,0.0,2,65.0,67.0,2,79.0,72.0,0.0,0.0,0.0,0.0,774
2023-05-10 10:36:04,CF401P13400,CF401P13400,79.0,0.0,0.0,0.0,2,65.0,67.0,12,79.0,72.0,0.0,0.0,0.0,0.0,774
2023-05-10 10:36:39,CF401P13400,CF401P13400,79.0,0.0,0.0,0.0,2,65.0,67.0,2,79.0,72.0,0.0,0.0,0.0,0.0,774
2023-05-10 10:36:57,CF401P13400,CF401P13400,79.0,0.0,0.0,0.0,2,65.0,68.0,12,79.0,72.0,0.0,0.0,0.0,0.0,774
2023-05-10 10:37:30,CF401P13400,CF401P13400,79.0,0.0,0.0,0.0,2,65.0,67.0,2,79.0,72.0,0.0,0.0,0.0,0.0,774
2023-05-10 10:37:31,CF401P13400,CF401P13400,79.0,0.0,0.0,0.0,2,65.0,67.0,12,79.0,72.0,0.0,0.0,0.0,0.0,774
2023-05-10 10:37:31,CF401P13400,CF401P13400,79.0,0.0,0.0,0.0,2,65.0,67.0,2,79.0,72.0,0.0,0.0,0.0,0.0,774
2023-05-10 10:38:03,CF401P13400,CF401P13400,79.0,0.0,0.0,0.0,2,65.0,68.0,12,79.0,72.0,0.0,0.0,0.0,0.0,774
2023-05-10 10:38:05,CF401P13400,CF401P13400,79.0,0.0,0.0,0.0,2,66.0,68.0,12,79.0,72.0,0.0,0.0,0.0,0.0,774
2023-05-10 10:38:05,CF401P13400,CF401P13400,79.0,0.0,0.0,0.0,2,66.0,68.0,2,79.0,72.0,0.0,0.0,0.0,0.0,774
2023-05-10 10:38:07,CF401P13400,CF401P13400,79.0,0.0,0.0,0.0,2,66.0,68.0,12,79.0,72.0,0.0,0.0,0.0,0.0,774
2023-05-10 10:39:29,CF401P13400,CF401P13400,79.0,0.0,0.0,0.0,2,66.0,68.0,2,79.0,72.0,0.0,0.0,0.0,0.0,774
2023-05-10 10:39:30,CF401P13400,CF401P13400,79.0,0.0,0.0,0.0,2,66.0,68.0,12,79.0,72.0,0.0,0.0,0.0,0.0,774
2023-05-10 10:39:30,CF401P13400,CF401P13400,79.0,0.0,0.0,0.0,2,66.0,68.0,2,79.0,72.0,0.0,0.0,0.0,0.0,774
2023-05-10 10:39:58,CF401P13400,CF401P13400,79.0,0.0,0.0,0.0,2,66.0,68.0,12,79.0,72.0,0.0,0.0,0.0,0.0,774
2023-05-10 10:40:03,CF401P13400,CF401P13400,79.0,0.0,0.0,0.0,2,66.0,68.0,2,79.0,72.0,0.0,0.0,0.0,0.0,774
2023-05-10 10:40:46,CF401P13400,CF401P13400,79.0,0.0,0.0,0.0,12,66.0,68.0,2,79.0,72.0,0.0,0.0,0.0,0.0,774
2023-05-10 10:40:53,CF401P13400,CF401P13400,79.0,0.0,0.0,0.0,2,66.0,68.0,2,79.0,72.0,0.0,0.0,0.0,0.0,774
2023-05-10 10:40:56,CF401P13400,CF401P13400,79.0,0.0,0.0,0.0,12,66.0,68.0,2,79.0,72.0,0.0,0.0,0.0,0.0,774
2023-05-10 10:40:57,CF401P13400,CF401P13400,79.0,0.0,0.0,0.0,2,66.0,68.0,2,79.0,72.0,0.0,0.0,0.0,0.0,774
2023-05-10 10:40:58,CF401P13400,CF401P13400,79.0,0.0,0.0,0.0,12,66.0,68.0,2,79.0,72.0,0.0,0.0,0.0,0.0,774
2023-05-10 10:41:10,CF401P13400,CF401P13400,79.0,0.0,0.0,0.0,12,66.0,69.0,2,79.0,72.0,0.0,0.0,0.0,0.0,774
2023-05-10 10:41:13,CF401P13400,CF401P13400,79.0,0.0,0.0,0.0,2,67.0,69.0,2,79.0,72.0,0.0,0.0,0.0,0.0,774
2023-05-10 10:41:18,CF401P13400,CF401P13400,79.0,0.0,0.0,0.0,12,67.0,69.0,2,79.0,72.0,0.0,0.0,0.0,0.0,774
2023-05-10 10:41:19,CF401P13400,CF401P13400,79.0,0.0,0.0,0.0,2,67.0,69.0,2,79.0,72.0,0.0,0.0,0.0,0.0,774
2023-05-10 10:41:26,CF401P13400,CF401P13400,79.0,0.0,0.0,0.0,12,67.0,69.0,2,79.0,72.0,0.0,0.0,0.0,0.0,774
2023-05-10 10:41:34,CF401P13400,CF401P13400,79.0,0.0,0.0,0.0,2,67.0,69.0,2,79.0,72.0,0.0,0.0,0.0,0.0,774
2023-05-10 10:41:37,CF401P13400,CF401P13400,79.0,0.0,0.0,0.0,12,67.0,69.0,2,79.0,72.0,0.0,0.0,0.0,0.0,774
2023-05-10 10:42:07,CF401P13400,CF401P13400,79.0,0.0,0.0,0.0,2,67.0,69.0,2,79.0,72.0,0.0,0.0,0.0,0.0,774
2023-05-10 10:42:08,CF401P13400,CF401P13400,79.0,0.0,0.0,0.0,12,67.0,69.0,2,79.0,72.0,0.0,0.0,0.0,0.0,774
2023-05-10 10:42:09,CF401P13400,CF401P13400,79.0,0.0,0.0,0.0,2,67.0,69.0,2,79.0,72.0,0.0,0.0,0.0,0.0,774
2023-05-10 10:42:16,CF401P13400,CF401P13400,79.0,0.0,0.0,0.0,12,67.0,69.0,2,79.0,72.0,0.0,0.0,0.0,0.0,774
2023-05-10 10:42:28,CF401P13400,CF401P13400,79.0,0.0,0.0,0.0,2,67.0,69.0,2,79.0,72.0,0.0,0.0,0.0,0.0,774
2023-05-10 10:42:32,CF401P13400,CF401P13400,79.0,0.0,0.0,0.0,2,66.0,69.0,2,79.0,72.0,0.0,0.0,0.0,0.0,774
2023-05-10 10:42:58,CF401P13400,CF401P13400,79.0,0.0,0.0,0.0,12,66.0,69.0,2,79.0,72.0,0.0,0.0,0.0,0.0,774
2023-05-10 10:44:17,CF401P13400,CF401P13400,79.0,0.0,0.0,0.0,2,67.0,69.0,2,79.0,72.0,0.0,0.0,0.0,0.0,774
2023-05-10 10:44:17,CF401P13400,CF401P13400,79.0,0.0,0.0,0.0,12,67.0,69.0,2,79.0,72.0,0.0,0.0,0.0,0.0,774
2023-05-10 10:44:36,CF401P13400,CF401P13400,79.0,0.0,0.0,0.0,2,67.0,69.0,2,79.0,72.0,0.0,0.0,0.0,0.0,774
2023-05-10 10:44:41,CF401P13400,CF401P13400,79.0,0.0,0.0,0.0,12,67.0,69.0,2,79.0,72.0,0.0,0.0,0.0,0.0,774
2023-05-10 10:44:49,CF401P13400,CF401P13400,79.0,0.0,0.0,0.0,2,67.0,69.0,2,79.0,72.0,0.0,0.0,0.0,0.0,774
2023-05-10 10:44:59,CF401P13400,CF401P13400,79.0,0.0,0.0,0.0,12,67.0,69.0,2,79.0,72.0,0.0,0.0,0.0,0.0,774
2023-05-10 10:45:05,CF401P13400,CF401P13400,79.0,0.0,0.0,0.0,2,67.0,69.0,2,79.0,72.0,0.0,0.0,0.0,0.0,774
2023-05-10 10:45:07,CF401P13400,CF401P13400,79.0,0.0,0.0,0.0,12,67.0,69.0,2,79.0,72.0,0.0,0.0,0.0,0.0,774
2023-05-10 10:45:13,CF401P13400,CF401P13400,79.0,0.0,0.0,0.0,2,67.0,69.0,2,79.0,72.0,0.0,0.0,0.0,0.0,774
2023-05-10 10:45:16,CF401P13400,CF401P13400,79.0,0.0,0.0,0.0,12,67.0,69.0,2,79.0,72.0,0.0,0.0,0.0,0.0,774
2023-05-10 10:45:18,CF401P13400,CF401P13400,79.0,0.0,0.0,0.0,2,67.0,69.0,2,79.0,72.0,0.0,0.0,0.0,0.0,774
2023-05-10 10:45:27,CF401P13400,CF401P13400,79.0,0.0,0.0,0.0,12,67.0,69.0,2,79.0,72.0,0.0,0.0,0.0,0.0,774
2023-05-10 10:46:24,CF401P13400,CF401P13400,79.0,0.0,0.0,0.0,2,67.0,69.0,2,79.0,72.0,0.0,0.0,0.0,0.0,774
2023-05-10 10:47:00,CF401P13400,CF401P13400,79.0,0.0,0.0,0.0,12,67.0,70.0,12,79.0,72.0,0.0,0.0,0.0,0.0,774
2023-05-10 10:47:00,CF401P13400,CF401P13400,79.0,0.0,0.0,0.0,2,68.0,70.0,2,79.0,72.0,0.0,0.0,0.0,0.0,774
2023-05-10 10:47:01,CF401P13400,CF401P13400,79.0,0.0,0.0,0.0,2,68.0,70.0,12,79.0,72.0,0.0,0.0,0.0,0.0,774
2023-05-10 10:47:04,CF401P13400,CF401P13400,79.0,0.0,0.0,0.0,2,68.0,70.0,2,79.0,72.0,0.0,0.0,0.0,0.0,774
2023-05-10 10:47:07,CF401P13400,CF401P13400,79.0,0.0,0.0,0.0,2,68.0,70.0,12,79.0,72.0,0.0,0.0,0.0,0.0,774
2023-05-10 10:47:07,CF401P13400,CF401P13400,79.0,0.0,0.0,0.0,2,68.0,70.0,2,79.0,72.0,0.0,0.0,0.0,0.0,774
2023-05-10 10:47:08,CF401P13400,CF401P13400,79.0,0.0,0.0,0.0,2,68.0,70.0,12,79.0,72.0,0.0,0.0,0.0,0.0,774
2023-05-10 10:47:09,CF401P13400,CF401P13400,79.0,0.0,0.0,0.0,2,68.0,70.0,2,79.0,72.0,0.0,0.0,0.0,0.0,774
2023-05-10 10:47:26,CF401P13400,CF401P13400,79.0,0.0,0.0,0.0,2,68.0,70.0,12,79.0,72.0,0.0,0.0,0.0,0.0,774
2023-05-10 10:47:34,CF401P13400,CF401P13400,79.0,0.0,0.0,0.0,2,68.0,70.0,2,79.0,72.0,0.0,0.0,0.0,0.0,774
2023-05-10 10:47:43,CF401P13400,CF401P13400,79.0,0.0,0.0,0.0,2,68.0,72.0,1,79.0,72.0,0.0,0.0,0.0,0.0,774
2023-05-10 10:47:44,CF401P13400,CF401P13400,79.0,0.0,0.0,0.0,2,68.0,71.0,2,79.0,72.0,0.0,0.0,0.0,0.0,774
2023-05-10 10:47:44,CF401P13400,CF401P13400,79.0,0.0,0.0,0.0,12,68.0,71.0,2,79.0,72.0,0.0,0.0,0.0,0.0,774
2023-05-10 10:47:45,CF401P13400,CF401P13400,79.0,0.0,0.0,0.0,12,68.0,71.0,12,79.0,72.0,0.0,0.0,0.0,0.0,774
2023-05-10 10:47:46,CF401P13400,CF401P13400,79.0,0.0,0.0,0.0,12,68.0,71.0,2,79.0,72.0,0.0,0.0,0.0,0.0,774
2023-05-10 10:47:50,CF401P13400,CF401P13400,79.0,0.0,0.0,0.0,2,68.0,71.0,2,79.0,72.0,0.0,0.0,0.0,0.0,774
2023-05-10 10:47:52,CF401P13400,CF401P13400,79.0,0.0,0.0,0.0,12,68.0,71.0,2,79.0,72.0,0.0,0.0,0.0,0.0,774
2023-05-10 10:47:52,CF401P13400,CF401P13400,79.0,0.0,0.0,0.0,2,68.0,71.0,2,79.0,72.0,0.0,0.0,0.0,0.0,774
2023-05-10 10:47:57,CF401P13400,CF401P13400,79.0,0.0,0.0,0.0,2,68.0,70.0,2,79.0,72.0,0.0,0.0,0.0,0.0,774
2023-05-10 10:48:04,CF401P13400,CF401P13400,79.0,0.0,0.0,0.0,12,68.0,70.0,2,79.0,72.0,0.0,0.0,0.0,0.0,774
2023-05-10 10:48:12,CF401P13400,CF401P13400,79.0,0.0,0.0,0.0,2,69.0,70.0,2,79.0,72.0,0.0,0.0,0.0,0.0,774
2023-05-10 10:48:16,CF401P13400,CF401P13400,79.0,0.0,0.0,0.0,12,69.0,71.0,2,79.0,72.0,0.0,0.0,0.0,0.0,774
2023-05-10 10:48:18,CF401P13400,CF401P13400,79.0,0.0,0.0,0.0,2,69.0,71.0,2,79.0,72.0,0.0,0.0,0.0,0.0,774
2023-05-10 10:48:20,CF401P13400,CF401P13400,79.0,0.0,0.0,0.0,12,68.0,71.0,2,79.0,72.0,0.0,0.0,0.0,0.0,774
2023-05-10 10:48:22,CF401P13400,CF401P13400,79.0,0.0,0.0,0.0,12,68.0,70.0,2,79.0,72.0,0.0,0.0,0.0,0.0,774
2023-05-10 10:48:39,CF401P13400,CF401P13400,79.0,0.0,0.0,0.0,2,68.0,70.0,2,79.0,72.0,0.0,0.0,0.0,0.0,774
2023-05-10 10:48:41,CF401P13400,CF401P13400,79.0,0.0,0.0,0.0,12,68.0,70.0,2,79.0,72.0,0.0,0.0,0.0,0.0,774
2023-05-10 10:49:05,CF401P13400,CF401P13400,79.0,0.0,0.0,0.0,2,68.0,70.0,2,79.0,72.0,0.0,0.0,0.0,0.0,774
2023-05-10 10:49:06,CF401P13400,CF401P13400,79.0,0.0,0.0,0.0,12,68.0,70.0,2,79.0,72.0,0.0,0.0,0.0,0.0,774
2023-05-10 10:49:08,CF401P13400,CF401P13400,79.0,0.0,0.0,0.0,2,68.0,70.0,2,79.0,72.0,0.0,0.0,0.0,0.0,774
2023-05-10 10:49:09,CF401P13400,CF401P13400,79.0,0.0,0.0,0.0,12,68.0,70.0,2,79.0,72.0,0.0,0.0,0.0,0.0,774
2023-05-10 10:49:22,CF401P13400,CF401P13400,79.0,0.0,0.0,0.0,10,68.0,69.0,2,79.0,72.0,0.0,0.0,0.0,0.0,774
2023-05-10 10:49:22,CF401P13400,CF401P13400,79.0,0.0,0.0,0.0,12,67.0,69.0,2,79.0,72.0,0.0,0.0,0.0,0.0,774
2023-05-10 10:49:38,CF401P13400,CF401P13400,79.0,0.0,0.0,0.0,12,67.0,70.0,2,79.0,72.0,0.0,0.0,0.0,0.0,774
2023-05-10 10:49:57,CF401P13400,CF401P13400,79.0,0.0,0.0,0.0,12,67.0,69.0,2,79.0,72.0,0.0,0.0,0.0,0.0,774
2023-05-10 10:50:14,CF401P13400,CF401P13400,79.0,0.0,0.0,0.0,2,67.0,69.0,2,79.0,72.0,0.0,0.0,0.0,0.0,774
2023-05-10 10:50:23,CF401P13400,CF401P13400,79.0,0.0,0.0,0.0,12,67.0,69.0,2,79.0,72.0,0.0,0.0,0.0,0.0,774
2023-05-10 10:50:28,CF401P13400,CF401P13400,79.0,0.0,0.0,0.0,2,67.0,69.0,2,79.0,72.0,0.0,0.0,0.0,0.0,774
2023-05-10 10:52:05,CF401P13400,CF401P13400,79.0,0.0,0.0,0.0,2,67.0,70.0,2,79.0,72.0,0.0,0.0,0.0,0.0,774
2023-05-10 10:52:06,CF401P13400,CF401P13400,79.0,0.0,0.0,0.0,2,67.0,70.0,12,79.0,72.0,0.0,0.0,0.0,0.0,774
2023-05-10 10:52:10,CF401P13400,CF401P13400,79.0,0.0,0.0,0.0,2,68.0,70.0,12,79.0,72.0,0.0,0.0,0.0,0.0,774
2023-05-10 10:53:18,CF401P13400,CF401P13400,79.0,0.0,0.0,0.0,2,67.0,70.0,12,79.0,72.0,0.0,0.0,0.0,0.0,774
2023-05-10 10:53:22,CF401P13400,CF401P13400,79.0,0.0,0.0,0.0,2,67.0,69.0,2,79.0,72.0,0.0,0.0,0.0,0.0,774
2023-05-10 10:53:23,CF401P13400,CF401P13400,79.0,0.0,0.0,0.0,2,67.0,69.0,12,79.0,72.0,0.0,0.0,0.0,0.0,774
2023-05-10 10:53:32,CF401P13400,CF401P13400,79.0,0.0,0.0,0.0,2,67.0,69.0,2,79.0,72.0,0.0,0.0,0.0,0.0,774
2023-05-10 10:53:42,CF401P13400,CF401P13400,79.0,0.0,0.0,0.0,2,68.0,70.0,12,79.0,72.0,0.0,0.0,0.0,0.0,774
2023-05-10 10:53:48,CF401P13400,CF401P13400,79.0,0.0,0.0,0.0,2,67.0,70.0,12,79.0,72.0,0.0,0.0,0.0,0.0,774
2023-05-10 10:54:04,CF401P13400,CF401P13400,79.0,0.0,0.0,0.0,2,67.0,70.0,2,79.0,72.0,0.0,0.0,0.0,0.0,774
2023-05-10 10:54:05,CF401P13400,CF401P13400,79.0,0.0,0.0,0.0,2,67.0,70.0,12,79.0,72.0,0.0,0.0,0.0,0.0,774
2023-05-10 10:54:06,CF401P13400,CF401P13400,79.0,0.0,0.0,0.0,2,68.0,70.0,12,79.0,72.0,0.0,0.0,0.0,0.0,774
2023-05-10 10:54:10,CF401P13400,CF401P13400,79.0,0.0,0.0,0.0,2,68.0,70.0,2,79.0,72.0,0.0,0.0,0.0,0.0,774
2023-05-10 10:54:10,CF401P13400,CF401P13400,79.0,0.0,0.0,0.0,2,68.0,70.0,12,79.0,72.0,0.0,0.0,0.0,0.0,774
2023-05-10 10:55:37,CF401P13400,CF401P13400,79.0,0.0,0.0,0.0,2,68.0,70.0,2,79.0,72.0,0.0,0.0,0.0,0.0,774
2023-05-10 10:55:38,CF401P13400,CF401P13400,79.0,0.0,0.0,0.0,2,68.0,70.0,12,79.0,72.0,0.0,0.0,0.0,0.0,774
2023-05-10 10:55:41,CF401P13400,CF401P13400,79.0,0.0,0.0,0.0,2,67.0,70.0,12,79.0,72.0,0.0,0.0,0.0,0.0,774
2023-05-10 10:55:42,CF401P13400,CF401P13400,79.0,0.0,0.0,0.0,2,67.0,69.0,12,79.0,72.0,0.0,0.0,0.0,0.0,774
2023-05-10 10:55:50,CF401P13400,CF401P13400,79.0,0.0,0.0,0.0,2,67.0,69.0,2,79.0,72.0,0.0,0.0,0.0,0.0,774
2023-05-10 10:55:52,CF401P13400,CF401P13400,79.0,0.0,0.0,0.0,2,67.0,69.0,12,79.0,72.0,0.0,0.0,0.0,0.0,774
2023-05-10 10:55:53,CF401P13400,CF401P13400,79.0,0.0,0.0,0.0,2,67.0,69.0,2,79.0,72.0,0.0,0.0,0.0,0.0,774
2023-05-10 10:56:39,CF401P13400,CF401P13400,79.0,0.0,0.0,0.0,2,67.0,70.0,12,79.0,72.0,0.0,0.0,0.0,0.0,774
2023-05-10 10:56:39,CF401P13400,CF401P13400,79.0,0.0,0.0,0.0,2,68.0,70.0,12,79.0,72.0,0.0,0.0,0.0,0.0,774
2023-05-10 10:56:41,CF401P13400,CF401P13400,79.0,0.0,0.0,0.0,2,68.0,70.0,2,79.0,72.0,0.0,0.0,0.0,0.0,774
2023-05-10 10:56:42,CF401P13400,CF401P13400,79.0,0.0,0.0,0.0,2,68.0,70.0,12,79.0,72.0,0.0,0.0,0.0,0.0,774
2023-05-10 10:56:57,CF401P13400,CF401P13400,79.0,0.0,0.0,0.0,2,68.0,70.0,2,79.0,72.0,0.0,0.0,0.0,0.0,774
2023-05-10 10:56:57,CF401P13400,CF401P13400,79.0,0.0,0.0,0.0,2,68.0,70.0,12,79.0,72.0,0.0,0.0,0.0,0.0,774
2023-05-10 10:57:05,CF401P13400,CF401P13400,79.0,0.0,0.0,0.0,2,67.0,70.0,12,79.0,72.0,0.0,0.0,0.0,0.0,774
2023-05-10 10:57:13,CF401P13400,CF401P13400,79.0,0.0,0.0,0.0,2,67.0,69.0,2,79.0,72.0,0.0,0.0,0.0,0.0,774
2023-05-10 10:57:49,CF401P13400,CF401P13400,79.0,0.0,0.0,0.0,2,67.0,70.0,12,79.0,72.0,0.0,0.0,0.0,0.0,774
2023-05-10 10:58:01,CF401P13400,CF401P13400,79.0,0.0,0.0,0.0,2,68.0,70.0,12,79.0,72.0,0.0,0.0,0.0,0.0,774
2023-05-10 10:58:03,CF401P13400,CF401P13400,79.0,0.0,0.0,0.0,2,68.0,70.0,2,79.0,72.0,0.0,0.0,0.0,0.0,774
2023-05-10 10:58:07,CF401P13400,CF401P13400,79.0,0.0,0.0,0.0,2,68.0,70.0,12,79.0,72.0,0.0,0.0,0.0,0.0,774
2023-05-10 10:59:22,CF401P13400,CF401P13400,79.0,0.0,0.0,0.0,2,68.0,70.0,2,79.0,72.0,0.0,0.0,0.0,0.0,774
2023-05-10 11:00:09,CF401P13400,CF401P13400,79.0,0.0,0.0,0.0,2,68.0,70.0,12,79.0,72.0,0.0,0.0,0.0,0.0,774
2023-05-10 11:00:17,CF401P13400,CF401P13400,79.0,0.0,0.0,0.0,2,68.0,70.0,2,79.0,72.0,0.0,0.0,0.0,0.0,774
2023-05-10 11:00:20,CF401P13400,CF401P13400,79.0,0.0,0.0,0.0,2,68.0,70.0,12,79.0,72.0,0.0,0.0,0.0,0.0,774
2023-05-10 11:00:22,CF401P13400,CF401P13400,79.0,0.0,0.0,0.0,2,68.0,70.0,2,79.0,72.0,0.0,0.0,0.0,0.0,774
2023-05-10 11:01:24,CF401P13400,CF401P13400,79.0,0.0,0.0,0.0,2,68.0,71.0,12,79.0,72.0,0.0,0.0,0.0,0.0,774
2023-05-10 11:02:48,CF401P13400,CF401P13400,79.0,0.0,0.0,0.0,2,68.0,70.0,2,79.0,72.0,0.0,0.0,0.0,0.0,774
2023-05-10 11:03:10,CF401P13400,CF401P13400,79.0,0.0,0.0,0.0,2,68.0,70.0,12,79.0,72.0,0.0,0.0,0.0,0.0,774
2023-05-10 11:03:17,CF401P13400,CF401P13400,79.0,0.0,0.0,0.0,2,68.0,70.0,2,79.0,72.0,0.0,0.0,0.0,0.0,774
2023-05-10 11:03:59,CF401P13400,CF401P13400,79.0,0.0,0.0,0.0,12,68.0,70.0,2,79.0,72.0,0.0,0.0,0.0,0.0,774
2023-05-10 11:03:59,CF401P13400,CF401P13400,79.0,0.0,0.0,0.0,2,68.0,70.0,2,79.0,72.0,0.0,0.0,0.0,0.0,774
2023-05-10 11:04:02,CF401P13400,CF401P13400,79.0,0.0,0.0,0.0,12,68.0,70.0,2,79.0,72.0,0.0,0.0,0.0,0.0,774
2023-05-10 11:04:03,CF401P13400,CF401P13400,79.0,0.0,0.0,0.0,2,68.0,70.0,2,79.0,72.0,0.0,0.0,0.0,0.0,774
2023-05-10 11:04:19,CF401P13400,CF401P13400,79.0,0.0,0.0,0.0,2,68.0,71.0,12,79.0,72.0,0.0,0.0,0.0,0.0,774
2023-05-10 11:04:22,CF401P13400,CF401P13400,79.0,0.0,0.0,0.0,2,69.0,71.0,2,79.0,72.0,0.0,0.0,0.0,0.0,774
2023-05-10 11:04:24,CF401P13400,CF401P13400,79.0,0.0,0.0,0.0,2,69.0,71.0,10,79.0,72.0,0.0,0.0,0.0,0.0,774
2023-05-10 11:04:24,CF401P13400,CF401P13400,79.0,0.0,0.0,0.0,2,69.0,72.0,3,79.0,72.0,0.0,0.0,0.0,0.0,774
2023-05-10 11:04:25,CF401P13400,CF401P13400,79.0,0.0,0.0,0.0,12,69.0,72.0,3,79.0,72.0,0.0,0.0,0.0,0.0,774
2023-05-10 11:04:26,CF401P13400,CF401P13400,79.0,0.0,0.0,0.0,2,69.0,72.0,13,79.0,72.0,0.0,0.0,0.0,0.0,774
2023-05-10 11:04:26,CF401P13400,CF401P13400,79.0,0.0,0.0,0.0,2,69.0,72.0,3,79.0,72.0,0.0,0.0,0.0,0.0,774
2023-05-10 11:04:28,CF401P13400,CF401P13400,79.0,0.0,0.0,0.0,2,69.0,72.0,2,79.0,72.0,0.0,0.0,0.0,0.0,774
2023-05-10 11:04:30,CF401P13400,CF401P13400,79.0,0.0,0.0,0.0,2,69.0,71.0,2,79.0,72.0,0.0,0.0,0.0,0.0,774
2023-05-10 11:04:38,CF401P13400,CF401P13400,79.0,0.0,0.0,0.0,12,69.0,71.0,2,79.0,72.0,0.0,0.0,0.0,0.0,774
2023-05-10 11:04:38,CF401P13400,CF401P13400,79.0,0.0,0.0,0.0,2,69.0,71.0,2,79.0,72.0,0.0,0.0,0.0,0.0,774
2023-05-10 11:04:40,CF401P13400,CF401P13400,79.0,0.0,0.0,0.0,2,69.0,72.0,2,79.0,72.0,0.0,0.0,0.0,0.0,774
2023-05-10 11:04:42,CF401P13400,CF401P13400,79.0,0.0,0.0,0.0,2,70.0,72.0,2,79.0,72.0,0.0,0.0,0.0,0.0,774
2023-05-10 11:04:46,CF401P13400,CF401P13400,79.0,0.0,0.0,0.0,2,69.0,71.0,2,79.0,72.0,0.0,0.0,0.0,0.0,774
2023-05-10 11:04:48,CF401P13400,CF401P13400,79.0,0.0,0.0,0.0,12,69.0,71.0,2,79.0,72.0,0.0,0.0,0.0,0.0,774
2023-05-10 11:05:06,CF401P13400,CF401P13400,79.0,0.0,0.0,0.0,2,69.0,71.0,2,79.0,72.0,0.0,0.0,0.0,0.0,774
2023-05-10 11:05:08,CF401P13400,CF401P13400,79.0,0.0,0.0,0.0,12,69.0,71.0,2,79.0,72.0,0.0,0.0,0.0,0.0,774
2023-05-10 11:05:12,CF401P13400,CF401P13400,79.0,0.0,0.0,0.0,2,69.0,71.0,2,79.0,72.0,0.0,0.0,0.0,0.0,774
2023-05-10 11:05:33,CF401P13400,CF401P13400,79.0,0.0,0.0,0.0,12,68.0,71.0,2,79.0,72.0,0.0,0.0,0.0,0.0,774
2023-05-10 11:05:42,CF401P13400,CF401P13400,79.0,0.0,0.0,0.0,12,68.0,70.0,2,79.0,72.0,0.0,0.0,0.0,0.0,774
2023-05-10 11:07:08,CF401P13400,CF401P13400,79.0,0.0,0.0,0.0,12,68.0,71.0,2,79.0,72.0,0.0,0.0,0.0,0.0,774
2023-05-10 11:07:24,CF401P13400,CF401P13400,79.0,0.0,0.0,0.0,2,69.0,71.0,2,79.0,72.0,0.0,0.0,0.0,0.0,774
2023-05-10 11:07:44,CF401P13400,CF401P13400,79.0,0.0,0.0,0.0,2,69.0,71.0,12,79.0,72.0,0.0,0.0,0.0,0.0,774
2023-05-10 11:07:45,CF401P13400,CF401P13400,79.0,0.0,0.0,0.0,2,69.0,71.0,2,79.0,72.0,0.0,0.0,0.0,0.0,774
2023-05-10 11:07:46,CF401P13400,CF401P13400,79.0,0.0,0.0,0.0,2,69.0,71.0,12,79.0,72.0,0.0,0.0,0.0,0.0,774
2023-05-10 11:08:06,CF401P13400,CF401P13400,79.0,0.0,0.0,0.0,2,69.0,71.0,2,79.0,72.0,0.0,0.0,0.0,0.0,774
2023-05-10 11:08:15,CF401P13400,CF401P13400,79.0,0.0,0.0,0.0,2,69.0,72.0,10,79.0,72.0,0.0,0.0,0.0,0.0,774
2023-05-10 11:08:15,CF401P13400,CF401P13400,79.0,0.0,0.0,0.0,2,69.0,77.0,1,79.0,72.0,0.0,0.0,0.0,0.0,774
2023-05-10 11:08:16,CF401P13400,CF401P13400,79.0,0.0,0.0,0.0,2,70.0,72.0,12,79.0,72.0,0.0,0.0,0.0,0.0,774
2023-05-10 11:09:04,CF401P13400,CF401P13400,79.0,0.0,0.0,0.0,2,69.0,72.0,12,79.0,72.0,0.0,0.0,0.0,0.0,774
2023-05-10 11:09:05,CF401P13400,CF401P13400,79.0,0.0,0.0,0.0,2,69.0,71.0,2,79.0,72.0,0.0,0.0,0.0,0.0,774
2023-05-10 11:09:23,CF401P13400,CF401P13400,79.0,0.0,0.0,0.0,12,69.0,71.0,2,79.0,72.0,0.0,0.0,0.0,0.0,774
2023-05-10 11:09:31,CF401P13400,CF401P13400,79.0,0.0,0.0,0.0,2,69.0,71.0,2,79.0,72.0,0.0,0.0,0.0,0.0,774
2023-05-10 11:09:36,CF401P13400,CF401P13400,79.0,0.0,0.0,0.0,12,69.0,71.0,2,79.0,72.0,0.0,0.0,0.0,0.0,774
2023-05-10 11:09:37,CF401P13400,CF401P13400,79.0,0.0,0.0,0.0,2,69.0,71.0,2,79.0,72.0,0.0,0.0,0.0,0.0,774
2023-05-10 11:09:39,CF401P13400,CF401P13400,79.0,0.0,0.0,0.0,12,69.0,71.0,2,79.0,72.0,0.0,0.0,0.0,0.0,774
2023-05-10 11:09:51,CF401P13400,CF401P13400,79.0,0.0,0.0,0.0,2,69.0,71.0,2,79.0,72.0,0.0,0.0,0.0,0.0,774
2023-05-10 11:09:54,CF401P13400,CF401P13400,79.0,0.0,0.0,0.0,12,69.0,71.0,2,79.0,72.0,0.0,0.0,0.0,0.0,774
2023-05-10 11:09:55,CF401P13400,CF401P13400,79.0,0.0,0.0,0.0,2,69.0,71.0,2,79.0,72.0,0.0,0.0,0.0,0.0,774
2023-05-10 11:10:08,CF401P13400,CF401P13400,79.0,0.0,0.0,0.0,12,69.0,71.0,2,79.0,72.0,0.0,0.0,0.0,0.0,774
2023-05-10 11:10:08,CF401P13400,CF401P13400,79.0,0.0,0.0,0.0,2,69.0,71.0,2,79.0,72.0,0.0,0.0,0.0,0.0,774
2023-05-10 11:10:16,CF401P13400,CF401P13400,79.0,0.0,0.0,0.0,12,69.0,71.0,2,79.0,72.0,0.0,0.0,0.0,0.0,774
2023-05-10 11:10:19,CF401P13400,CF401P13400,79.0,0.0,0.0,0.0,2,69.0,71.0,2,79.0,72.0,0.0,0.0,0.0,0.0,774
2023-05-10 11:10:22,CF401P13400,CF401P13400,79.0,0.0,0.0,0.0,12,69.0,71.0,2,79.0,72.0,0.0,0.0,0.0,0.0,774
2023-05-10 11:10:22,CF401P13400,CF401P13400,79.0,0.0,0.0,0.0,2,69.0,71.0,2,79.0,72.0,0.0,0.0,0.0,0.0,774
2023-05-10 11:10:25,CF401P13400,CF401P13400,79.0,0.0,0.0,0.0,12,69.0,71.0,2,79.0,72.0,0.0,0.0,0.0,0.0,774
2023-05-10 11:10:28,CF401P13400,CF401P13400,79.0,0.0,0.0,0.0,2,69.0,71.0,2,79.0,72.0,0.0,0.0,0.0,0.0,774
2023-05-10 11:10:31,CF401P13400,CF401P13400,79.0,0.0,0.0,0.0,12,68.0,71.0,2,79.0,72.0,0.0,0.0,0.0,0.0,774
2023-05-10 11:10:36,CF401P13400,CF401P13400,79.0,0.0,0.0,0.0,12,68.0,70.0,2,79.0,72.0,0.0,0.0,0.0,0.0,774
2023-05-10 11:11:05,CF401P13400,CF401P13400,79.0,0.0,0.0,0.0,12,68.0,71.0,2,79.0,72.0,0.0,0.0,0.0,0.0,774
2023-05-10 11:11:08,CF401P13400,CF401P13400,79.0,0.0,0.0,0.0,2,69.0,71.0,2,79.0,72.0,0.0,0.0,0.0,0.0,774
2023-05-10 11:11:42,CF401P13400,CF401P13400,79.0,0.0,0.0,0.0,2,69.0,71.0,12,79.0,72.0,0.0,0.0,0.0,0.0,774
2023-05-10 11:11:42,CF401P13400,CF401P13400,79.0,0.0,0.0,0.0,2,69.0,71.0,2,79.0,72.0,0.0,0.0,0.0,0.0,774
2023-05-10 11:12:16,CF401P13400,CF401P13400,79.0,0.0,0.0,0.0,2,69.0,71.0,12,79.0,72.0,0.0,0.0,0.0,0.0,774
2023-05-10 11:12:26,CF401P13400,CF401P13400,79.0,0.0,0.0,0.0,2,69.0,71.0,2,79.0,72.0,0.0,0.0,0.0,0.0,774
2023-05-10 11:12:35,CF401P13400,CF401P13400,79.0,0.0,0.0,0.0,2,69.0,71.0,12,79.0,72.0,0.0,0.0,0.0,0.0,774
2023-05-10 11:13:05,CF401P13400,CF401P13400,79.0,0.0,0.0,0.0,2,69.0,71.0,2,79.0,72.0,0.0,0.0,0.0,0.0,774
2023-05-10 11:13:15,CF401P13400,CF401P13400,79.0,0.0,0.0,0.0,2,69.0,72.0,12,79.0,72.0,0.0,0.0,0.0,0.0,774
2023-05-10 11:14:52,CF401P13400,CF401P13400,79.0,0.0,0.0,0.0,2,70.0,72.0,12,79.0,72.0,0.0,0.0,0.0,0.0,774
2023-05-10 11:15:01,CF401P13400,CF401P13400,79.0,0.0,0.0,0.0,2,70.0,72.0,2,79.0,72.0,0.0,0.0,0.0,0.0,774
2023-05-10 11:15:17,CF401P13400,CF401P13400,79.0,0.0,0.0,0.0,2,70.0,72.0,12,79.0,72.0,0.0,0.0,0.0,0.0,774
2023-05-10 11:15:18,CF401P13400,CF401P13400,79.0,0.0,0.0,0.0,2,70.0,72.0,2,79.0,72.0,0.0,0.0,0.0,0.0,774
2023-05-10 11:15:20,CF401P13400,CF401P13400,79.0,0.0,0.0,0.0,2,70.0,72.0,12,79.0,72.0,0.0,0.0,0.0,0.0,774
2023-05-10 11:15:59,CF401P13400,CF401P13400,79.0,0.0,0.0,0.0,2,70.0,72.0,2,79.0,72.0,0.0,0.0,0.0,0.0,774
2023-05-10 11:16:17,CF401P13400,CF401P13400,79.0,0.0,0.0,0.0,2,70.0,72.0,12,79.0,72.0,0.0,0.0,0.0,0.0,774
2023-05-10 11:16:38,CF401P13400,CF401P13400,79.0,0.0,0.0,0.0,2,69.0,72.0,12,79.0,72.0,0.0,0.0,0.0,0.0,774
2023-05-10 11:16:46,CF401P13400,CF401P13400,79.0,0.0,0.0,0.0,2,69.0,71.0,2,79.0,72.0,0.0,0.0,0.0,0.0,774
2023-05-10 11:17:21,CF401P13400,CF401P13400,79.0,0.0,0.0,0.0,12,69.0,71.0,2,79.0,72.0,0.0,0.0,0.0,0.0,774
2023-05-10 11:20:33,CF401P13400,CF401P13400,79.0,0.0,0.0,0.0,12,69.0,72.0,2,79.0,72.0,0.0,0.0,0.0,0.0,774
2023-05-10 11:20:52,CF401P13400,CF401P13400,79.0,0.0,0.0,0.0,2,70.0,72.0,2,79.0,72.0,0.0,0.0,0.0,0.0,774
2023-05-10 11:22:05,CF401P13400,CF401P13400,79.0,0.0,0.0,0.0,2,70.0,72.0,12,79.0,72.0,0.0,0.0,0.0,0.0,774
2023-05-10 11:22:06,CF401P13400,CF401P13400,79.0,0.0,0.0,0.0,2,70.0,72.0,2,79.0,72.0,0.0,0.0,0.0,0.0,774
2023-05-10 11:22:10,CF401P13400,CF401P13400,79.0,0.0,0.0,0.0,12,69.0,71.0,2,79.0,72.0,0.0,0.0,0.0,0.0,774
2023-05-10 11:22:12,CF401P13400,CF401P13400,79.0,0.0,0.0,0.0,2,69.0,71.0,2,79.0,72.0,0.0,0.0,0.0,0.0,774
2023-05-10 11:22:22,CF401P13400,CF401P13400,79.0,0.0,0.0,0.0,12,69.0,71.0,2,79.0,72.0,0.0,0.0,0.0,0.0,774
2023-05-10 11:22:28,CF401P13400,CF401P13400,79.0,0.0,0.0,0.0,12,69.0,72.0,2,79.0,72.0,0.0,0.0,0.0,0.0,774
2023-05-10 11:22:41,CF401P13400,CF401P13400,79.0,0.0,0.0,0.0,2,70.0,72.0,2,79.0,72.0,0.0,0.0,0.0,0.0,774
2023-05-10 11:24:11,CF401P13400,CF401P13400,79.0,0.0,0.0,0.0,2,70.0,72.0,12,79.0,72.0,0.0,0.0,0.0,0.0,774
2023-05-10 11:24:15,CF401P13400,CF401P13400,79.0,0.0,0.0,0.0,2,70.0,72.0,2,79.0,72.0,0.0,0.0,0.0,0.0,774
2023-05-10 11:24:16,CF401P13400,CF401P13400,79.0,0.0,0.0,0.0,2,70.0,72.0,12,79.0,72.0,0.0,0.0,0.0,0.0,774
2023-05-10 11:24:19,CF401P13400,CF401P13400,79.0,0.0,0.0,0.0,2,70.0,72.0,2,79.0,72.0,0.0,0.0,0.0,0.0,774
2023-05-10 11:24:57,CF401P13400,CF401P13400,79.0,0.0,0.0,0.0,2,70.0,73.0,12,79.0,72.0,0.0,0.0,0.0,0.0,774
2023-05-10 11:25:41,CF401P13400,CF401P13400,79.0,0.0,0.0,0.0,2,71.0,73.0,12,79.0,72.0,0.0,0.0,0.0,0.0,774
2023-05-10 11:26:49,CF401P13400,CF401P13400,79.0,0.0,0.0,0.0,2,71.0,73.0,2,79.0,72.0,0.0,0.0,0.0,0.0,774
2023-05-10 11:27:05,CF401P13400,CF401P13400,79.0,0.0,0.0,0.0,2,71.0,73.0,12,79.0,72.0,0.0,0.0,0.0,0.0,774
2023-05-10 11:27:06,CF401P13400,CF401P13400,79.0,0.0,0.0,0.0,2,71.0,73.0,2,79.0,72.0,0.0,0.0,0.0,0.0,774
2023-05-10 11:27:08,CF401P13400,CF401P13400,79.0,0.0,0.0,0.0,2,71.0,73.0,12,79.0,72.0,0.0,0.0,0.0,0.0,774
2023-05-10 11:27:12,CF401P13400,CF401P13400,79.0,0.0,0.0,0.0,2,71.0,73.0,2,79.0,72.0,0.0,0.0,0.0,0.0,774
2023-05-10 11:27:13,CF401P13400,CF401P13400,79.0,0.0,0.0,0.0,2,71.0,73.0,12,79.0,72.0,0.0,0.0,0.0,0.0,774
2023-05-10 11:27:30,CF401P13400,CF401P13400,79.0,0.0,0.0,0.0,2,71.0,73.0,2,79.0,72.0,0.0,0.0,0.0,0.0,774
2023-05-10 11:27:31,CF401P13400,CF401P13400,79.0,0.0,0.0,0.0,2,71.0,73.0,12,79.0,72.0,0.0,0.0,0.0,0.0,774
2023-05-10 11:27:35,CF401P13400,CF401P13400,79.0,0.0,0.0,0.0,2,71.0,73.0,2,79.0,72.0,0.0,0.0,0.0,0.0,774
2023-05-10 11:29:25,CF401P13400,CF401P13400,79.0,0.0,0.0,0.0,10,70.0,74.0,10,79.0,72.0,0.0,0.0,0.0,0.0,774
2023-05-10 11:29:25,CF401P13400,CF401P13400,79.0,0.0,0.0,0.0,11,66.0,77.0,11,79.0,72.0,0.0,0.0,0.0,0.0,774
2023-05-10 11:29:42,CF401P13400,CF401P13400,79.0,0.0,0.0,0.0,1,66.0,77.0,1,79.0,72.0,0.0,0.0,0.0,0.0,774
2023-05-10 13:30:54,CF401P13400,CF401P13400,79.0,0.0,0.0,0.0,1,66.0,72.0,2,79.0,72.0,0.0,0.0,0.0,0.0,774
2023-05-10 13:30:55,CF401P13400,CF401P13400,79.0,0.0,0.0,0.0,2,69.0,72.0,2,79.0,72.0,0.0,0.0,0.0,0.0,774
2023-05-10 13:31:01,CF401P13400,CF401P13400,79.0,0.0,0.0,0.0,2,70.0,72.0,2,79.0,72.0,0.0,0.0,0.0,0.0,774
2023-05-10 13:31:42,CF401P13400,CF401P13400,79.0,0.0,0.0,0.0,12,70.0,73.0,2,79.0,72.0,0.0,0.0,0.0,0.0,774
2023-05-10 13:31:44,CF401P13400,CF401P13400,79.0,0.0,0.0,0.0,2,71.0,73.0,2,79.0,72.0,0.0,0.0,0.0,0.0,774
2023-05-10 13:31:55,CF401P13400,CF401P13400,79.0,0.0,0.0,0.0,2,71.0,73.0,12,79.0,72.0,0.0,0.0,0.0,0.0,774
2023-05-10 13:31:56,CF401P13400,CF401P13400,79.0,0.0,0.0,0.0,2,71.0,73.0,2,79.0,72.0,0.0,0.0,0.0,0.0,774
2023-05-10 13:32:25,CF401P13400,CF401P13400,79.0,0.0,0.0,0.0,2,71.0,73.0,12,79.0,72.0,0.0,0.0,0.0,0.0,774
2023-05-10 13:32:29,CF401P13400,CF401P13400,79.0,0.0,0.0,0.0,2,71.0,73.0,2,79.0,72.0,0.0,0.0,0.0,0.0,774
2023-05-10 13:32:31,CF401P13400,CF401P13400,79.0,0.0,0.0,0.0,2,70.0,72.0,2,79.0,72.0,0.0,0.0,0.0,0.0,774
2023-05-10 13:32:34,CF401P13400,CF401P13400,79.0,0.0,0.0,0.0,12,70.0,72.0,2,79.0,72.0,0.0,0.0,0.0,0.0,774
2023-05-10 13:33:15,CF401P13400,CF401P13400,79.0,0.0,0.0,0.0,2,71.0,73.0,2,79.0,72.0,0.0,0.0,0.0,0.0,774
2023-05-10 13:34:07,CF401P13400,CF401P13400,79.0,0.0,0.0,0.0,2,71.0,77.0,1,79.0,72.0,0.0,0.0,0.0,0.0,774
2023-05-10 13:34:08,CF401P13400,CF401P13400,79.0,0.0,0.0,0.0,2,71.0,74.0,2,79.0,72.0,0.0,0.0,0.0,0.0,774
2023-05-10 13:34:08,CF401P13400,CF401P13400,79.0,0.0,0.0,0.0,2,71.0,74.0,12,79.0,72.0,0.0,0.0,0.0,0.0,774
2023-05-10 13:34:23,CF401P13400,CF401P13400,79.0,0.0,0.0,0.0,12,71.0,74.0,2,79.0,72.0,0.0,0.0,0.0,0.0,774
2023-05-10 13:34:28,CF401P13400,CF401P13400,79.0,0.0,0.0,0.0,2,71.0,74.0,12,79.0,72.0,0.0,0.0,0.0,0.0,774
2023-05-10 13:34:31,CF401P13400,CF401P13400,79.0,0.0,0.0,0.0,12,71.0,74.0,2,79.0,72.0,0.0,0.0,0.0,0.0,774
2023-05-10 13:34:32,CF401P13400,CF401P13400,79.0,0.0,0.0,0.0,2,71.0,74.0,2,79.0,72.0,0.0,0.0,0.0,0.0,774
2023-05-10 13:34:32,CF401P13400,CF401P13400,79.0,0.0,0.0,0.0,2,71.0,73.0,2,79.0,72.0,0.0,0.0,0.0,0.0,774
2023-05-10 13:35:05,CF401P13400,CF401P13400,79.0,0.0,0.0,0.0,12,71.0,73.0,2,79.0,72.0,0.0,0.0,0.0,0.0,774
2023-05-10 13:35:09,CF401P13400,CF401P13400,79.0,0.0,0.0,0.0,2,71.0,73.0,2,79.0,72.0,0.0,0.0,0.0,0.0,774
2023-05-10 13:35:11,CF401P13400,CF401P13400,79.0,0.0,0.0,0.0,12,71.0,73.0,2,79.0,72.0,0.0,0.0,0.0,0.0,774
2023-05-10 13:35:24,CF401P13400,CF401P13400,79.0,0.0,0.0,0.0,2,71.0,73.0,2,79.0,72.0,0.0,0.0,0.0,0.0,774
2023-05-10 13:35:26,CF401P13400,CF401P13400,79.0,0.0,0.0,0.0,12,71.0,73.0,2,79.0,72.0,0.0,0.0,0.0,0.0,774
2023-05-10 13:35:27,CF401P13400,CF401P13400,79.0,0.0,0.0,0.0,2,71.0,73.0,2,79.0,72.0,0.0,0.0,0.0,0.0,774
2023-05-10 13:35:29,CF401P13400,CF401P13400,79.0,0.0,0.0,0.0,12,71.0,73.0,2,79.0,72.0,0.0,0.0,0.0,0.0,774
2023-05-10 13:35:33,CF401P13400,CF401P13400,79.0,0.0,0.0,0.0,2,72.0,74.0,2,79.0,72.0,0.0,0.0,0.0,0.0,774
2023-05-10 13:36:46,CF401P13400,CF401P13400,79.0,0.0,0.0,0.0,12,72.0,74.0,2,79.0,72.0,0.0,0.0,0.0,0.0,774
2023-05-10 13:36:49,CF401P13400,CF401P13400,79.0,0.0,0.0,0.0,2,72.0,74.0,2,79.0,72.0,0.0,0.0,0.0,0.0,774
2023-05-10 13:36:53,CF401P13400,CF401P13400,79.0,0.0,0.0,0.0,12,72.0,74.0,2,79.0,72.0,0.0,0.0,0.0,0.0,774
2023-05-10 13:37:00,CF401P13400,CF401P13400,79.0,0.0,0.0,0.0,2,72.0,74.0,2,79.0,72.0,0.0,0.0,0.0,0.0,774
2023-05-10 13:37:03,CF401P13400,CF401P13400,79.0,0.0,0.0,0.0,12,72.0,74.0,2,79.0,72.0,0.0,0.0,0.0,0.0,774
2023-05-10 13:37:04,CF401P13400,CF401P13400,79.0,0.0,0.0,0.0,2,72.0,74.0,2,79.0,72.0,0.0,0.0,0.0,0.0,774
2023-05-10 13:37:06,CF401P13400,CF401P13400,79.0,0.0,0.0,0.0,12,72.0,74.0,2,79.0,72.0,0.0,0.0,0.0,0.0,774
2023-05-10 13:37:09,CF401P13400,CF401P13400,79.0,0.0,0.0,0.0,2,72.0,74.0,2,79.0,72.0,0.0,0.0,0.0,0.0,774
2023-05-10 13:37:49,CF401P13400,CF401P13400,79.0,0.0,0.0,0.0,12,72.0,74.0,2,79.0,72.0,0.0,0.0,0.0,0.0,774
2023-05-10 13:39:22,CF401P13400,CF401P13400,79.0,0.0,0.0,0.0,2,72.0,74.0,2,79.0,72.0,0.0,0.0,0.0,0.0,774
2023-05-10 13:39:23,CF401P13400,CF401P13400,79.0,0.0,0.0,0.0,12,72.0,74.0,2,79.0,72.0,0.0,0.0,0.0,0.0,774
2023-05-10 13:39:27,CF401P13400,CF401P13400,79.0,0.0,0.0,0.0,2,72.0,74.0,2,79.0,72.0,0.0,0.0,0.0,0.0,774
2023-05-10 13:39:39,CF401P13400,CF401P13400,79.0,0.0,0.0,0.0,12,72.0,74.0,2,79.0,72.0,0.0,0.0,0.0,0.0,774
2023-05-10 13:39:48,CF401P13400,CF401P13400,79.0,0.0,0.0,0.0,2,72.0,74.0,2,79.0,72.0,0.0,0.0,0.0,0.0,774
2023-05-10 13:39:49,CF401P13400,CF401P13400,79.0,0.0,0.0,0.0,12,72.0,74.0,2,79.0,72.0,0.0,0.0,0.0,0.0,774
2023-05-10 13:39:56,CF401P13400,CF401P13400,79.0,0.0,0.0,0.0,2,72.0,74.0,2,79.0,72.0,0.0,0.0,0.0,0.0,774
2023-05-10 13:39:59,CF401P13400,CF401P13400,79.0,0.0,0.0,0.0,12,72.0,74.0,2,79.0,72.0,0.0,0.0,0.0,0.0,774
2023-05-10 13:40:39,CF401P13400,CF401P13400,79.0,0.0,0.0,0.0,2,72.0,74.0,2,79.0,72.0,0.0,0.0,0.0,0.0,774
2023-05-10 13:40:42,CF401P13400,CF401P13400,79.0,0.0,0.0,0.0,12,72.0,74.0,2,79.0,72.0,0.0,0.0,0.0,0.0,774
2023-05-10 13:41:27,CF401P13400,CF401P13400,79.0,0.0,0.0,0.0,2,73.0,75.0,2,79.0,72.0,0.0,0.0,0.0,0.0,774
2023-05-10 13:41:43,CF401P13400,CF401P13400,79.0,0.0,0.0,0.0,2,73.0,76.0,12,79.0,72.0,0.0,0.0,0.0,0.0,774
2023-05-10 13:41:44,CF401P13400,CF401P13400,79.0,0.0,0.0,0.0,2,73.0,75.0,2,79.0,72.0,0.0,0.0,0.0,0.0,774
2023-05-10 13:41:51,CF401P13400,CF401P13400,79.0,0.0,0.0,0.0,12,73.0,75.0,2,79.0,72.0,0.0,0.0,0.0,0.0,774
2023-05-10 13:41:56,CF401P13400,CF401P13400,79.0,0.0,0.0,0.0,12,73.0,76.0,2,79.0,72.0,0.0,0.0,0.0,0.0,774
2023-05-10 13:42:05,CF401P13400,CF401P13400,79.0,0.0,0.0,0.0,2,73.0,75.0,2,79.0,72.0,0.0,0.0,0.0,0.0,774
2023-05-10 13:42:06,CF401P13400,CF401P13400,79.0,0.0,0.0,0.0,12,73.0,75.0,2,79.0,72.0,0.0,0.0,0.0,0.0,774
2023-05-10 13:42:23,CF401P13400,CF401P13400,79.0,0.0,0.0,0.0,12,73.0,76.0,2,79.0,72.0,0.0,0.0,0.0,0.0,774
2023-05-10 13:42:23,CF401P13400,CF401P13400,79.0,0.0,0.0,0.0,2,74.0,76.0,2,79.0,72.0,0.0,0.0,0.0,0.0,774
2023-05-10 13:42:30,CF401P13400,CF401P13400,79.0,0.0,0.0,0.0,12,73.0,76.0,2,79.0,72.0,0.0,0.0,0.0,0.0,774
2023-05-10 13:42:32,CF401P13400,CF401P13400,79.0,0.0,0.0,0.0,12,73.0,75.0,2,79.0,72.0,0.0,0.0,0.0,0.0,774
2023-05-10 13:45:22,CF401P13400,CF401P13400,79.0,0.0,0.0,0.0,10,73.0,75.0,2,79.0,72.0,0.0,0.0,0.0,0.0,774
2023-05-10 13:45:22,CF401P13400,CF401P13400,79.0,0.0,0.0,0.0,2,72.0,75.0,2,79.0,72.0,0.0,0.0,0.0,0.0,774
2023-05-10 13:45:23,CF401P13400,CF401P13400,79.0,0.0,0.0,0.0,12,72.0,75.0,2,79.0,72.0,0.0,0.0,0.0,0.0,774
2023-05-10 13:45:24,CF401P13400,CF401P13400,79.0,0.0,0.0,0.0,12,72.0,74.0,2,79.0,72.0,0.0,0.0,0.0,0.0,774
2023-05-10 13:47:41,CF401P13400,CF401P13400,79.0,0.0,0.0,0.0,10,72.0,73.0,2,79.0,72.0,0.0,0.0,0.0,0.0,774
2023-05-10 13:47:42,CF401P13400,CF401P13400,79.0,0.0,0.0,0.0,12,71.0,73.0,2,79.0,72.0,0.0,0.0,0.0,0.0,774
2023-05-10 13:48:14,CF401P13400,CF401P13400,79.0,0.0,0.0,0.0,12,71.0,74.0,2,79.0,72.0,0.0,0.0,0.0,0.0,774
2023-05-10 13:49:26,CF401P13400,CF401P13400,79.0,0.0,0.0,0.0,12,72.0,74.0,2,79.0,72.0,0.0,0.0,0.0,0.0,774
2023-05-10 13:49:43,CF401P13400,CF401P13400,79.0,0.0,0.0,0.0,2,72.0,74.0,2,79.0,72.0,0.0,0.0,0.0,0.0,774
2023-05-10 13:49:43,CF401P13400,CF401P13400,79.0,0.0,0.0,0.0,12,72.0,74.0,2,79.0,72.0,0.0,0.0,0.0,0.0,774
2023-05-10 13:50:06,CF401P13400,CF401P13400,79.0,0.0,0.0,0.0,2,72.0,74.0,2,79.0,72.0,0.0,0.0,0.0,0.0,774
2023-05-10 13:50:23,CF401P13400,CF401P13400,79.0,0.0,0.0,0.0,12,71.0,73.0,2,79.0,72.0,0.0,0.0,0.0,0.0,774
2023-05-10 13:51:59,CF401P13400,CF401P13400,79.0,0.0,0.0,0.0,2,71.0,73.0,2,79.0,72.0,0.0,0.0,0.0,0.0,774
2023-05-10 13:52:23,CF401P13400,CF401P13400,79.0,0.0,0.0,0.0,12,71.0,73.0,2,79.0,72.0,0.0,0.0,0.0,0.0,774
2023-05-10 13:52:58,CF401P13400,CF401P13400,79.0,0.0,0.0,0.0,2,71.0,73.0,2,79.0,72.0,0.0,0.0,0.0,0.0,774
2023-05-10 13:53:01,CF401P13400,CF401P13400,79.0,0.0,0.0,0.0,12,71.0,73.0,2,79.0,72.0,0.0,0.0,0.0,0.0,774
2023-05-10 13:53:09,CF401P13400,CF401P13400,79.0,0.0,0.0,0.0,2,71.0,73.0,2,79.0,72.0,0.0,0.0,0.0,0.0,774
2023-05-10 13:54:24,CF401P13400,CF401P13400,79.0,0.0,0.0,0.0,12,71.0,73.0,2,79.0,72.0,0.0,0.0,0.0,0.0,774
2023-05-10 13:54:36,CF401P13400,CF401P13400,79.0,0.0,0.0,0.0,2,71.0,73.0,2,79.0,72.0,0.0,0.0,0.0,0.0,774
2023-05-10 13:55:18,CF401P13400,CF401P13400,79.0,0.0,0.0,0.0,12,70.0,72.0,2,79.0,72.0,0.0,0.0,0.0,0.0,774
2023-05-10 13:57:36,CF401P13400,CF401P13400,79.0,0.0,0.0,0.0,2,70.0,72.0,2,79.0,72.0,0.0,0.0,0.0,0.0,774
2023-05-10 13:57:45,CF401P13400,CF401P13400,79.0,0.0,0.0,0.0,12,70.0,72.0,2,79.0,72.0,0.0,0.0,0.0,0.0,774
2023-05-10 13:57:45,CF401P13400,CF401P13400,79.0,0.0,0.0,0.0,2,70.0,72.0,2,79.0,72.0,0.0,0.0,0.0,0.0,774
2023-05-10 13:57:45,CF401P13400,CF401P13400,79.0,0.0,0.0,0.0,12,70.0,72.0,2,79.0,72.0,0.0,0.0,0.0,0.0,774
2023-05-10 13:57:52,CF401P13400,CF401P13400,79.0,0.0,0.0,0.0,2,70.0,72.0,2,79.0,72.0,0.0,0.0,0.0,0.0,774
2023-05-10 13:57:58,CF401P13400,CF401P13400,79.0,0.0,0.0,0.0,12,70.0,72.0,2,79.0,72.0,0.0,0.0,0.0,0.0,774
2023-05-10 13:58:09,CF401P13400,CF401P13400,79.0,0.0,0.0,0.0,2,70.0,72.0,2,79.0,72.0,0.0,0.0,0.0,0.0,774
2023-05-10 13:59:00,CF401P13400,CF401P13400,79.0,0.0,0.0,0.0,12,69.0,71.0,2,79.0,72.0,0.0,0.0,0.0,0.0,774
2023-05-10 13:59:20,CF401P13400,CF401P13400,79.0,0.0,0.0,0.0,2,69.0,71.0,2,79.0,72.0,0.0,0.0,0.0,0.0,774
2023-05-10 13:59:22,CF401P13400,CF401P13400,79.0,0.0,0.0,0.0,12,69.0,71.0,2,79.0,72.0,0.0,0.0,0.0,0.0,774
2023-05-10 13:59:23,CF401P13400,CF401P13400,79.0,0.0,0.0,0.0,2,69.0,71.0,2,79.0,72.0,0.0,0.0,0.0,0.0,774
2023-05-10 13:59:25,CF401P13400,CF401P13400,79.0,0.0,0.0,0.0,12,69.0,71.0,2,79.0,72.0,0.0,0.0,0.0,0.0,774
2023-05-10 13:59:26,CF401P13400,CF401P13400,79.0,0.0,0.0,0.0,2,69.0,71.0,2,79.0,72.0,0.0,0.0,0.0,0.0,774
2023-05-10 13:59:44,CF401P13400,CF401P13400,79.0,0.0,0.0,0.0,12,69.0,71.0,2,79.0,72.0,0.0,0.0,0.0,0.0,774
2023-05-10 13:59:44,CF401P13400,CF401P13400,79.0,0.0,0.0,0.0,2,69.0,71.0,2,79.0,72.0,0.0,0.0,0.0,0.0,774
2023-05-10 14:00:04,CF401P13400,CF401P13400,79.0,0.0,0.0,0.0,2,68.0,71.0,2,79.0,72.0,0.0,0.0,0.0,0.0,774
2023-05-10 14:00:18,CF401P13400,CF401P13400,79.0,0.0,0.0,0.0,12,68.0,71.0,2,79.0,72.0,0.0,0.0,0.0,0.0,774
2023-05-10 14:01:08,CF401P13400,CF401P13400,79.0,0.0,0.0,0.0,2,68.0,71.0,2,79.0,72.0,0.0,0.0,0.0,0.0,774
2023-05-10 14:01:11,CF401P13400,CF401P13400,79.0,0.0,0.0,0.0,12,68.0,71.0,2,79.0,72.0,0.0,0.0,0.0,0.0,774
2023-05-10 14:01:13,CF401P13400,CF401P13400,79.0,0.0,0.0,0.0,2,69.0,71.0,2,79.0,72.0,0.0,0.0,0.0,0.0,774
2023-05-10 14:01:14,CF401P13400,CF401P13400,79.0,0.0,0.0,0.0,12,69.0,71.0,2,79.0,72.0,0.0,0.0,0.0,0.0,774
2023-05-10 14:02:52,CF401P13400,CF401P13400,79.0,0.0,0.0,0.0,2,69.0,71.0,2,79.0,72.0,0.0,0.0,0.0,0.0,774
2023-05-10 14:03:26,CF401P13400,CF401P13400,79.0,0.0,0.0,0.0,12,69.0,71.0,2,79.0,72.0,0.0,0.0,0.0,0.0,774
2023-05-10 14:03:38,CF401P13400,CF401P13400,79.0,0.0,0.0,0.0,2,69.0,71.0,2,79.0,72.0,0.0,0.0,0.0,0.0,774
2023-05-10 14:05:56,CF401P13400,CF401P13400,79.0,0.0,0.0,0.0,12,69.0,71.0,2,79.0,72.0,0.0,0.0,0.0,0.0,774
2023-05-10 14:05:56,CF401P13400,CF401P13400,79.0,0.0,0.0,0.0,2,69.0,71.0,2,79.0,72.0,0.0,0.0,0.0,0.0,774
2023-05-10 14:06:00,CF401P13400,CF401P13400,79.0,0.0,0.0,0.0,12,69.0,71.0,2,79.0,72.0,0.0,0.0,0.0,0.0,774
2023-05-10 14:06:06,CF401P13400,CF401P13400,79.0,0.0,0.0,0.0,2,69.0,71.0,2,79.0,72.0,0.0,0.0,0.0,0.0,774
2023-05-10 14:08:48,CF401P13400,CF401P13400,79.0,0.0,0.0,0.0,12,69.0,71.0,2,79.0,72.0,0.0,0.0,0.0,0.0,774
2023-05-10 14:08:48,CF401P13400,CF401P13400,79.0,0.0,0.0,0.0,2,69.0,71.0,2,79.0,72.0,0.0,0.0,0.0,0.0,774
2023-05-10 14:08:57,CF401P13400,CF401P13400,79.0,0.0,0.0,0.0,12,69.0,71.0,2,79.0,72.0,0.0,0.0,0.0,0.0,774
2023-05-10 14:10:01,CF401P13400,CF401P13400,79.0,0.0,0.0,0.0,12,69.0,72.0,2,79.0,72.0,0.0,0.0,0.0,0.0,774
2023-05-10 14:10:02,CF401P13400,CF401P13400,79.0,0.0,0.0,0.0,2,70.0,72.0,2,79.0,72.0,0.0,0.0,0.0,0.0,774
2023-05-10 14:10:26,CF401P13400,CF401P13400,79.0,0.0,0.0,0.0,12,70.0,72.0,2,79.0,72.0,0.0,0.0,0.0,0.0,774
2023-05-10 14:11:06,CF401P13400,CF401P13400,72.0,1.0,72.0,0.0,12,70.0,72.0,11,79.0,72.0,72.0,72.0,1.0,72.0,774
2023-05-10 14:13:35,CF401P13400,CF401P13400,72.0,0.0,0.0,0.0,2,70.0,72.0,11,79.0,72.0,72.0,72.0,1.0,72.0,774
2023-05-10 14:13:37,CF401P13400,CF401P13400,72.0,0.0,0.0,0.0,12,70.0,72.0,11,79.0,72.0,72.0,72.0,1.0,72.0,774
2023-05-10 14:14:55,CF401P13400,CF401P13400,72.0,0.0,0.0,0.0,10,70.0,72.0,11,79.0,72.0,72.0,72.0,1.0,72.0,774
2023-05-10 14:14:55,CF401P13400,CF401P13400,72.0,0.0,0.0,0.0,12,69.0,72.0,11,79.0,72.0,72.0,72.0,1.0,72.0,774
2023-05-10 14:15:00,CF401P13400,CF401P13400,72.0,0.0,0.0,0.0,12,69.0,71.0,2,79.0,72.0,72.0,72.0,1.0,72.0,774
2023-05-10 14:18:43,CF401P13400,CF401P13400,72.0,0.0,0.0,0.0,12,69.0,72.0,11,79.0,72.0,72.0,72.0,1.0,72.0,774
2023-05-10 14:19:10,CF401P13400,CF401P13400,72.0,0.0,0.0,0.0,2,70.0,72.0,11,79.0,72.0,72.0,72.0,1.0,72.0,774
2023-05-10 14:19:11,CF401P13400,CF401P13400,72.0,0.0,0.0,0.0,12,70.0,72.0,11,79.0,72.0,72.0,72.0,1.0,72.0,774
2023-05-10 14:19:32,CF401P13400,CF401P13400,72.0,0.0,0.0,0.0,12,70.0,72.0,1,79.0,72.0,72.0,72.0,1.0,72.0,774
2023-05-10 14:21:18,CF401P13400,CF401P13400,72.0,0.0,0.0,0.0,12,70.0,73.0,2,79.0,72.0,72.0,72.0,1.0,72.0,774
