time,symbol_id,symbol_name,last,trade_volume,trade_amount,open_interest_change,bv1,bp1,ap1,av1,yesterday_close,today_open,today_high,today_low,volume,amount,open_interest
2023-05-09 19:10:58,CF401P14400,CF401P14400,256.0,0.0,0.0,-35.0,0,0.0,0.0,0,256.0,246.0,0.0,0.0,0.0,0.0,1037
2023-05-09 20:59:00,CF401P14400,CF401P14400,256.0,0.0,0.0,0.0,19,66.0,0.0,0,256.0,246.0,0.0,0.0,0.0,0.0,1037
2023-05-09 21:00:00,CF401P14400,CF401P14400,256.0,0.0,0.0,0.0,10,72.0,0.0,0,256.0,246.0,0.0,0.0,0.0,0.0,1037
2023-05-09 21:00:15,CF401P14400,CF401P14400,256.0,0.0,0.0,0.0,10,155.0,556.0,10,256.0,246.0,0.0,0.0,0.0,0.0,1037
2023-05-09 21:00:15,CF401P14400,CF401P14400,256.0,0.0,0.0,0.0,10,162.0,549.0,10,256.0,246.0,0.0,0.0,0.0,0.0,1037
2023-05-09 21:00:16,CF401P14400,CF401P14400,256.0,0.0,0.0,0.0,2,226.0,466.0,10,256.0,246.0,0.0,0.0,0.0,0.0,1037
2023-05-09 21:00:16,CF401P14400,CF401P14400,256.0,0.0,0.0,0.0,10,227.0,383.0,10,256.0,246.0,0.0,0.0,0.0,0.0,1037
2023-05-09 21:00:17,CF401P14400,CF401P14400,256.0,0.0,0.0,0.0,10,227.0,300.0,10,256.0,246.0,0.0,0.0,0.0,0.0,1037
2023-05-09 21:00:17,CF401P14400,CF401P14400,256.0,0.0,0.0,0.0,10,227.0,260.0,2,256.0,246.0,0.0,0.0,0.0,0.0,1037
2023-05-09 21:00:18,CF401P14400,CF401P14400,256.0,0.0,0.0,0.0,10,227.0,259.0,10,256.0,246.0,0.0,0.0,0.0,0.0,1037
2023-05-09 21:00:33,CF401P14400,CF401P14400,256.0,0.0,0.0,0.0,10,227.0,260.0,2,256.0,246.0,0.0,0.0,0.0,0.0,1037
2023-05-09 21:00:34,CF401P14400,CF401P14400,256.0,0.0,0.0,0.0,10,227.0,260.0,12,256.0,246.0,0.0,0.0,0.0,0.0,1037
2023-05-09 21:00:48,CF401P14400,CF401P14400,256.0,0.0,0.0,0.0,10,227.0,260.0,10,256.0,246.0,0.0,0.0,0.0,0.0,1037
2023-05-09 21:00:50,CF401P14400,CF401P14400,256.0,0.0,0.0,0.0,11,227.0,260.0,11,256.0,246.0,0.0,0.0,0.0,0.0,1037
2023-05-09 21:01:14,CF401P14400,CF401P14400,256.0,0.0,0.0,0.0,3,242.0,260.0,11,256.0,246.0,0.0,0.0,0.0,0.0,1037
2023-05-09 21:01:15,CF401P14400,CF401P14400,256.0,0.0,0.0,0.0,3,242.0,260.0,1,256.0,246.0,0.0,0.0,0.0,0.0,1037
2023-05-09 21:01:17,CF401P14400,CF401P14400,256.0,0.0,0.0,0.0,3,242.0,248.0,3,256.0,246.0,0.0,0.0,0.0,0.0,1037
2023-05-09 21:01:19,CF401P14400,CF401P14400,256.0,0.0,0.0,0.0,3,243.0,248.0,3,256.0,246.0,0.0,0.0,0.0,0.0,1037
2023-05-09 21:01:22,CF401P14400,CF401P14400,256.0,0.0,0.0,0.0,3,244.0,248.0,3,256.0,246.0,0.0,0.0,0.0,0.0,1037
2023-05-09 21:01:29,CF401P14400,CF401P14400,256.0,0.0,0.0,0.0,3,244.0,260.0,1,256.0,246.0,0.0,0.0,0.0,0.0,1037
2023-05-09 21:01:31,CF401P14400,CF401P14400,256.0,0.0,0.0,0.0,3,244.0,249.0,3,256.0,246.0,0.0,0.0,0.0,0.0,1037
2023-05-09 21:01:32,CF401P14400,CF401P14400,256.0,0.0,0.0,0.0,3,243.0,248.0,3,256.0,246.0,0.0,0.0,0.0,0.0,1037
2023-05-09 21:01:34,CF401P14400,CF401P14400,256.0,0.0,0.0,0.0,3,242.0,248.0,3,256.0,246.0,0.0,0.0,0.0,0.0,1037
2023-05-09 21:01:34,CF401P14400,CF401P14400,256.0,0.0,0.0,0.0,3,242.0,247.0,3,256.0,246.0,0.0,0.0,0.0,0.0,1037
2023-05-09 21:01:43,CF401P14400,CF401P14400,256.0,0.0,0.0,0.0,3,242.0,246.0,3,256.0,246.0,0.0,0.0,0.0,0.0,1037
2023-05-09 21:01:50,CF401P14400,CF401P14400,256.0,0.0,0.0,0.0,3,240.0,246.0,3,256.0,246.0,0.0,0.0,0.0,0.0,1037
2023-05-09 21:01:51,CF401P14400,CF401P14400,256.0,0.0,0.0,0.0,3,241.0,246.0,3,256.0,246.0,0.0,0.0,0.0,0.0,1037
2023-05-09 21:02:09,CF401P14400,CF401P14400,256.0,0.0,0.0,0.0,3,242.0,246.0,3,256.0,246.0,0.0,0.0,0.0,0.0,1037
2023-05-09 21:02:24,CF401P14400,CF401P14400,256.0,0.0,0.0,0.0,3,240.0,246.0,3,256.0,246.0,0.0,0.0,0.0,0.0,1037
2023-05-09 21:02:25,CF401P14400,CF401P14400,256.0,0.0,0.0,0.0,3,240.0,244.0,3,256.0,246.0,0.0,0.0,0.0,0.0,1037
2023-05-09 21:02:28,CF401P14400,CF401P14400,256.0,0.0,0.0,0.0,11,227.0,244.0,3,256.0,246.0,0.0,0.0,0.0,0.0,1037
2023-05-09 21:02:30,CF401P14400,CF401P14400,256.0,0.0,0.0,0.0,1,227.0,244.0,3,256.0,246.0,0.0,0.0,0.0,0.0,1037
2023-05-09 21:02:32,CF401P14400,CF401P14400,256.0,0.0,0.0,0.0,3,237.0,243.0,3,256.0,246.0,0.0,0.0,0.0,0.0,1037
2023-05-09 21:02:32,CF401P14400,CF401P14400,256.0,0.0,0.0,0.0,3,237.0,242.0,3,256.0,246.0,0.0,0.0,0.0,0.0,1037
2023-05-09 21:02:37,CF401P14400,CF401P14400,256.0,0.0,0.0,0.0,3,237.0,241.0,3,256.0,246.0,0.0,0.0,0.0,0.0,1037
2023-05-09 21:02:59,CF401P14400,CF401P14400,256.0,0.0,0.0,0.0,20,229.0,241.0,3,256.0,246.0,0.0,0.0,0.0,0.0,1037
2023-05-09 21:03:01,CF401P14400,CF401P14400,256.0,0.0,0.0,0.0,3,234.0,240.0,3,256.0,246.0,0.0,0.0,0.0,0.0,1037
2023-05-09 21:03:02,CF401P14400,CF401P14400,256.0,0.0,0.0,0.0,3,235.0,240.0,3,256.0,246.0,0.0,0.0,0.0,0.0,1037
2023-05-09 21:03:09,CF401P14400,CF401P14400,256.0,0.0,0.0,0.0,3,234.0,239.0,3,256.0,246.0,0.0,0.0,0.0,0.0,1037
2023-05-09 21:03:10,CF401P14400,CF401P14400,256.0,0.0,0.0,0.0,20,229.0,239.0,3,256.0,246.0,0.0,0.0,0.0,0.0,1037
2023-05-09 21:03:11,CF401P14400,CF401P14400,256.0,0.0,0.0,0.0,3,231.0,238.0,3,256.0,246.0,0.0,0.0,0.0,0.0,1037
2023-05-09 21:03:12,CF401P14400,CF401P14400,256.0,0.0,0.0,0.0,3,232.0,238.0,3,256.0,246.0,0.0,0.0,0.0,0.0,1037
2023-05-09 21:03:13,CF401P14400,CF401P14400,256.0,0.0,0.0,0.0,3,232.0,237.0,3,256.0,246.0,0.0,0.0,0.0,0.0,1037
2023-05-09 21:03:14,CF401P14400,CF401P14400,256.0,0.0,0.0,0.0,3,232.0,236.0,3,256.0,246.0,0.0,0.0,0.0,0.0,1037
2023-05-09 21:03:14,CF401P14400,CF401P14400,256.0,0.0,0.0,0.0,3,231.0,236.0,3,256.0,246.0,0.0,0.0,0.0,0.0,1037
2023-05-09 21:03:17,CF401P14400,CF401P14400,256.0,0.0,0.0,0.0,3,231.0,235.0,3,256.0,246.0,0.0,0.0,0.0,0.0,1037
2023-05-09 21:03:24,CF401P14400,CF401P14400,256.0,0.0,0.0,0.0,1,227.0,235.0,3,256.0,246.0,0.0,0.0,0.0,0.0,1037
2023-05-09 21:03:25,CF401P14400,CF401P14400,256.0,0.0,0.0,0.0,3,228.0,234.0,3,256.0,246.0,0.0,0.0,0.0,0.0,1037
2023-05-09 21:03:27,CF401P14400,CF401P14400,256.0,0.0,0.0,0.0,3,229.0,234.0,3,256.0,246.0,0.0,0.0,0.0,0.0,1037
2023-05-09 21:03:27,CF401P14400,CF401P14400,256.0,0.0,0.0,0.0,3,228.0,234.0,3,256.0,246.0,0.0,0.0,0.0,0.0,1037
2023-05-09 21:03:28,CF401P14400,CF401P14400,256.0,0.0,0.0,0.0,3,228.0,232.0,3,256.0,246.0,0.0,0.0,0.0,0.0,1037
2023-05-09 21:03:31,CF401P14400,CF401P14400,256.0,0.0,0.0,0.0,10,226.0,232.0,3,256.0,246.0,0.0,0.0,0.0,0.0,1037
2023-05-09 21:03:32,CF401P14400,CF401P14400,256.0,0.0,0.0,0.0,20,224.0,232.0,3,256.0,246.0,0.0,0.0,0.0,0.0,1037
2023-05-09 21:03:33,CF401P14400,CF401P14400,256.0,0.0,0.0,0.0,3,225.0,232.0,3,256.0,246.0,0.0,0.0,0.0,0.0,1037
2023-05-09 21:03:34,CF401P14400,CF401P14400,256.0,0.0,0.0,0.0,3,225.0,231.0,3,256.0,246.0,0.0,0.0,0.0,0.0,1037
2023-05-09 21:03:38,CF401P14400,CF401P14400,256.0,0.0,0.0,0.0,3,225.0,230.0,3,256.0,246.0,0.0,0.0,0.0,0.0,1037
2023-05-09 21:03:45,CF401P14400,CF401P14400,256.0,0.0,0.0,0.0,3,226.0,230.0,3,256.0,246.0,0.0,0.0,0.0,0.0,1037
2023-05-09 21:03:46,CF401P14400,CF401P14400,256.0,0.0,0.0,0.0,3,226.0,231.0,3,256.0,246.0,0.0,0.0,0.0,0.0,1037
2023-05-09 21:03:53,CF401P14400,CF401P14400,256.0,0.0,0.0,0.0,3,227.0,231.0,3,256.0,246.0,0.0,0.0,0.0,0.0,1037
2023-05-09 21:03:59,CF401P14400,CF401P14400,256.0,0.0,0.0,0.0,3,227.0,232.0,3,256.0,246.0,0.0,0.0,0.0,0.0,1037
2023-05-09 21:04:01,CF401P14400,CF401P14400,256.0,0.0,0.0,0.0,3,228.0,232.0,3,256.0,246.0,0.0,0.0,0.0,0.0,1037
2023-05-09 21:04:01,CF401P14400,CF401P14400,256.0,0.0,0.0,0.0,3,228.0,234.0,3,256.0,246.0,0.0,0.0,0.0,0.0,1037
2023-05-09 21:04:03,CF401P14400,CF401P14400,256.0,0.0,0.0,0.0,3,228.0,233.0,3,256.0,246.0,0.0,0.0,0.0,0.0,1037
2023-05-09 21:04:32,CF401P14400,CF401P14400,256.0,0.0,0.0,0.0,3,229.0,233.0,3,256.0,246.0,0.0,0.0,0.0,0.0,1037
2023-05-09 21:05:01,CF401P14400,CF401P14400,256.0,0.0,0.0,0.0,3,230.0,234.0,3,256.0,246.0,0.0,0.0,0.0,0.0,1037
2023-05-09 21:05:04,CF401P14400,CF401P14400,256.0,0.0,0.0,0.0,3,230.0,237.0,30,256.0,246.0,0.0,0.0,0.0,0.0,1037
2023-05-09 21:05:05,CF401P14400,CF401P14400,256.0,0.0,0.0,0.0,3,230.0,237.0,33,256.0,246.0,0.0,0.0,0.0,0.0,1037
2023-05-09 21:05:06,CF401P14400,CF401P14400,256.0,0.0,0.0,0.0,3,230.0,236.0,3,256.0,246.0,0.0,0.0,0.0,0.0,1037
2023-05-09 21:05:07,CF401P14400,CF401P14400,256.0,0.0,0.0,0.0,3,231.0,236.0,3,256.0,246.0,0.0,0.0,0.0,0.0,1037
2023-05-09 21:05:10,CF401P14400,CF401P14400,256.0,0.0,0.0,0.0,3,232.0,236.0,3,256.0,246.0,0.0,0.0,0.0,0.0,1037
2023-05-09 21:05:32,CF401P14400,CF401P14400,256.0,0.0,0.0,0.0,3,233.0,237.0,3,256.0,246.0,0.0,0.0,0.0,0.0,1037
2023-05-09 21:05:33,CF401P14400,CF401P14400,256.0,0.0,0.0,0.0,3,233.0,240.0,10,256.0,246.0,0.0,0.0,0.0,0.0,1037
2023-05-09 21:05:35,CF401P14400,CF401P14400,256.0,0.0,0.0,0.0,3,233.0,240.0,13,256.0,246.0,0.0,0.0,0.0,0.0,1037
2023-05-09 21:05:35,CF401P14400,CF401P14400,256.0,0.0,0.0,0.0,3,233.0,240.0,23,256.0,246.0,0.0,0.0,0.0,0.0,1037
2023-05-09 21:05:37,CF401P14400,CF401P14400,256.0,0.0,0.0,0.0,3,233.0,239.0,3,256.0,246.0,0.0,0.0,0.0,0.0,1037
2023-05-09 21:05:45,CF401P14400,CF401P14400,256.0,0.0,0.0,0.0,3,234.0,239.0,3,256.0,246.0,0.0,0.0,0.0,0.0,1037
2023-05-09 21:05:45,CF401P14400,CF401P14400,256.0,0.0,0.0,0.0,13,234.0,239.0,3,256.0,246.0,0.0,0.0,0.0,0.0,1037
2023-05-09 21:05:48,CF401P14400,CF401P14400,256.0,0.0,0.0,0.0,23,234.0,239.0,3,256.0,246.0,0.0,0.0,0.0,0.0,1037
2023-05-09 21:05:50,CF401P14400,CF401P14400,256.0,0.0,0.0,0.0,23,234.0,240.0,3,256.0,246.0,0.0,0.0,0.0,0.0,1037
2023-05-09 21:05:50,CF401P14400,CF401P14400,256.0,0.0,0.0,0.0,13,234.0,240.0,3,256.0,246.0,0.0,0.0,0.0,0.0,1037
2023-05-09 21:05:51,CF401P14400,CF401P14400,256.0,0.0,0.0,0.0,23,234.0,240.0,3,256.0,246.0,0.0,0.0,0.0,0.0,1037
2023-05-09 21:05:52,CF401P14400,CF401P14400,256.0,0.0,0.0,0.0,3,235.0,240.0,3,256.0,246.0,0.0,0.0,0.0,0.0,1037
2023-05-09 21:05:56,CF401P14400,CF401P14400,256.0,0.0,0.0,0.0,3,235.0,239.0,3,256.0,246.0,0.0,0.0,0.0,0.0,1037
2023-05-09 21:05:57,CF401P14400,CF401P14400,256.0,0.0,0.0,0.0,13,234.0,239.0,3,256.0,246.0,0.0,0.0,0.0,0.0,1037
2023-05-09 21:05:57,CF401P14400,CF401P14400,256.0,0.0,0.0,0.0,3,234.0,239.0,3,256.0,246.0,0.0,0.0,0.0,0.0,1037
2023-05-09 21:06:04,CF401P14400,CF401P14400,256.0,0.0,0.0,0.0,3,234.0,238.0,3,256.0,246.0,0.0,0.0,0.0,0.0,1037
2023-05-09 21:06:11,CF401P14400,CF401P14400,256.0,0.0,0.0,0.0,13,234.0,238.0,3,256.0,246.0,0.0,0.0,0.0,0.0,1037
2023-05-09 21:06:16,CF401P14400,CF401P14400,256.0,0.0,0.0,0.0,3,234.0,238.0,3,256.0,246.0,0.0,0.0,0.0,0.0,1037
2023-05-09 21:06:20,CF401P14400,CF401P14400,256.0,0.0,0.0,0.0,3,235.0,239.0,3,256.0,246.0,0.0,0.0,0.0,0.0,1037
2023-05-09 21:06:23,CF401P14400,CF401P14400,256.0,0.0,0.0,0.0,3,235.0,240.0,3,256.0,246.0,0.0,0.0,0.0,0.0,1037
2023-05-09 21:06:27,CF401P14400,CF401P14400,256.0,0.0,0.0,0.0,13,235.0,240.0,3,256.0,246.0,0.0,0.0,0.0,0.0,1037
2023-05-09 21:06:30,CF401P14400,CF401P14400,256.0,0.0,0.0,0.0,3,236.0,240.0,3,256.0,246.0,0.0,0.0,0.0,0.0,1037
2023-05-09 21:06:38,CF401P14400,CF401P14400,256.0,0.0,0.0,0.0,3,237.0,243.0,13,256.0,246.0,0.0,0.0,0.0,0.0,1037
2023-05-09 21:06:43,CF401P14400,CF401P14400,256.0,0.0,0.0,0.0,3,238.0,243.0,13,256.0,246.0,0.0,0.0,0.0,0.0,1037
2023-05-09 21:06:44,CF401P14400,CF401P14400,256.0,0.0,0.0,0.0,3,238.0,243.0,3,256.0,246.0,0.0,0.0,0.0,0.0,1037
2023-05-09 21:06:48,CF401P14400,CF401P14400,256.0,0.0,0.0,0.0,3,239.0,243.0,3,256.0,246.0,0.0,0.0,0.0,0.0,1037
2023-05-09 21:06:50,CF401P14400,CF401P14400,256.0,0.0,0.0,0.0,3,239.0,246.0,20,256.0,246.0,0.0,0.0,0.0,0.0,1037
2023-05-09 21:06:51,CF401P14400,CF401P14400,256.0,0.0,0.0,0.0,3,239.0,246.0,23,256.0,246.0,0.0,0.0,0.0,0.0,1037
2023-05-09 21:06:52,CF401P14400,CF401P14400,256.0,0.0,0.0,0.0,3,240.0,246.0,23,256.0,246.0,0.0,0.0,0.0,0.0,1037
2023-05-09 21:06:52,CF401P14400,CF401P14400,256.0,0.0,0.0,0.0,3,240.0,246.0,13,256.0,246.0,0.0,0.0,0.0,0.0,1037
2023-05-09 21:06:53,CF401P14400,CF401P14400,256.0,0.0,0.0,0.0,3,240.0,246.0,3,256.0,246.0,0.0,0.0,0.0,0.0,1037
2023-05-09 21:06:55,CF401P14400,CF401P14400,256.0,0.0,0.0,0.0,3,240.0,245.0,3,256.0,246.0,0.0,0.0,0.0,0.0,1037
2023-05-09 21:06:59,CF401P14400,CF401P14400,256.0,0.0,0.0,0.0,3,241.0,245.0,3,256.0,246.0,0.0,0.0,0.0,0.0,1037
2023-05-09 21:07:02,CF401P14400,CF401P14400,256.0,0.0,0.0,0.0,3,241.0,246.0,3,256.0,246.0,0.0,0.0,0.0,0.0,1037
2023-05-09 21:07:06,CF401P14400,CF401P14400,256.0,0.0,0.0,0.0,3,242.0,246.0,3,256.0,246.0,0.0,0.0,0.0,0.0,1037
2023-05-09 21:07:09,CF401P14400,CF401P14400,256.0,0.0,0.0,0.0,3,242.0,249.0,4,256.0,246.0,0.0,0.0,0.0,0.0,1037
2023-05-09 21:07:10,CF401P14400,CF401P14400,256.0,0.0,0.0,0.0,3,243.0,249.0,4,256.0,246.0,0.0,0.0,0.0,0.0,1037
2023-05-09 21:07:12,CF401P14400,CF401P14400,256.0,0.0,0.0,0.0,3,243.0,248.0,3,256.0,246.0,0.0,0.0,0.0,0.0,1037
2023-05-09 21:07:13,CF401P14400,CF401P14400,256.0,0.0,0.0,0.0,3,243.0,247.0,10,256.0,246.0,0.0,0.0,0.0,0.0,1037
2023-05-09 21:07:14,CF401P14400,CF401P14400,256.0,0.0,0.0,0.0,3,243.0,248.0,13,256.0,246.0,0.0,0.0,0.0,0.0,1037
2023-05-09 21:07:14,CF401P14400,CF401P14400,256.0,0.0,0.0,0.0,3,243.0,248.0,23,256.0,246.0,0.0,0.0,0.0,0.0,1037
2023-05-09 21:07:15,CF401P14400,CF401P14400,256.0,0.0,0.0,0.0,3,243.0,248.0,13,256.0,246.0,0.0,0.0,0.0,0.0,1037
2023-05-09 21:07:16,CF401P14400,CF401P14400,256.0,0.0,0.0,0.0,3,243.0,247.0,10,256.0,246.0,0.0,0.0,0.0,0.0,1037
2023-05-09 21:07:16,CF401P14400,CF401P14400,256.0,0.0,0.0,0.0,3,243.0,248.0,13,256.0,246.0,0.0,0.0,0.0,0.0,1037
2023-05-09 21:07:17,CF401P14400,CF401P14400,256.0,0.0,0.0,0.0,3,243.0,247.0,10,256.0,246.0,0.0,0.0,0.0,0.0,1037
2023-05-09 21:07:23,CF401P14400,CF401P14400,256.0,0.0,0.0,0.0,3,243.0,248.0,23,256.0,246.0,0.0,0.0,0.0,0.0,1037
2023-05-09 21:07:23,CF401P14400,CF401P14400,256.0,0.0,0.0,0.0,3,243.0,247.0,10,256.0,246.0,0.0,0.0,0.0,0.0,1037
2023-05-09 21:07:24,CF401P14400,CF401P14400,256.0,0.0,0.0,0.0,3,243.0,248.0,13,256.0,246.0,0.0,0.0,0.0,0.0,1037
2023-05-09 21:07:24,CF401P14400,CF401P14400,256.0,0.0,0.0,0.0,3,243.0,247.0,10,256.0,246.0,0.0,0.0,0.0,0.0,1037
2023-05-09 21:07:27,CF401P14400,CF401P14400,256.0,0.0,0.0,0.0,3,243.0,248.0,23,256.0,246.0,0.0,0.0,0.0,0.0,1037
2023-05-09 21:07:27,CF401P14400,CF401P14400,256.0,0.0,0.0,0.0,3,243.0,248.0,13,256.0,246.0,0.0,0.0,0.0,0.0,1037
2023-05-09 21:07:31,CF401P14400,CF401P14400,256.0,0.0,0.0,0.0,3,243.0,247.0,10,256.0,246.0,0.0,0.0,0.0,0.0,1037
2023-05-09 21:07:35,CF401P14400,CF401P14400,256.0,0.0,0.0,0.0,3,243.0,247.0,13,256.0,246.0,0.0,0.0,0.0,0.0,1037
2023-05-09 21:07:35,CF401P14400,CF401P14400,256.0,0.0,0.0,0.0,3,242.0,246.0,10,256.0,246.0,0.0,0.0,0.0,0.0,1037
2023-05-09 21:07:36,CF401P14400,CF401P14400,256.0,0.0,0.0,0.0,3,242.0,247.0,13,256.0,246.0,0.0,0.0,0.0,0.0,1037
2023-05-09 21:07:37,CF401P14400,CF401P14400,256.0,0.0,0.0,0.0,3,242.0,247.0,3,256.0,246.0,0.0,0.0,0.0,0.0,1037
2023-05-09 21:07:38,CF401P14400,CF401P14400,256.0,0.0,0.0,0.0,3,242.0,246.0,3,256.0,246.0,0.0,0.0,0.0,0.0,1037
2023-05-09 21:07:40,CF401P14400,CF401P14400,256.0,0.0,0.0,0.0,3,241.0,246.0,3,256.0,246.0,0.0,0.0,0.0,0.0,1037
2023-05-09 21:07:45,CF401P14400,CF401P14400,256.0,0.0,0.0,0.0,3,241.0,245.0,3,256.0,246.0,0.0,0.0,0.0,0.0,1037
2023-05-09 21:08:02,CF401P14400,CF401P14400,256.0,0.0,0.0,0.0,13,240.0,245.0,3,256.0,246.0,0.0,0.0,0.0,0.0,1037
2023-05-09 21:08:03,CF401P14400,CF401P14400,256.0,0.0,0.0,0.0,3,240.0,244.0,3,256.0,246.0,0.0,0.0,0.0,0.0,1037
2023-05-09 21:08:19,CF401P14400,CF401P14400,256.0,0.0,0.0,0.0,10,237.0,244.0,3,256.0,246.0,0.0,0.0,0.0,0.0,1037
2023-05-09 21:08:20,CF401P14400,CF401P14400,256.0,0.0,0.0,0.0,3,238.0,244.0,3,256.0,246.0,0.0,0.0,0.0,0.0,1037
2023-05-09 21:08:21,CF401P14400,CF401P14400,256.0,0.0,0.0,0.0,13,238.0,244.0,3,256.0,246.0,0.0,0.0,0.0,0.0,1037
2023-05-09 21:08:24,CF401P14400,CF401P14400,256.0,0.0,0.0,0.0,3,239.0,244.0,3,256.0,246.0,0.0,0.0,0.0,0.0,1037
2023-05-09 21:08:29,CF401P14400,CF401P14400,256.0,0.0,0.0,0.0,3,240.0,244.0,3,256.0,246.0,0.0,0.0,0.0,0.0,1037
2023-05-09 21:08:30,CF401P14400,CF401P14400,256.0,0.0,0.0,0.0,3,240.0,245.0,3,256.0,246.0,0.0,0.0,0.0,0.0,1037
2023-05-09 21:08:34,CF401P14400,CF401P14400,256.0,0.0,0.0,0.0,3,241.0,245.0,3,256.0,246.0,0.0,0.0,0.0,0.0,1037
2023-05-09 21:08:39,CF401P14400,CF401P14400,256.0,0.0,0.0,0.0,3,241.0,246.0,3,256.0,246.0,0.0,0.0,0.0,0.0,1037
2023-05-09 21:08:49,CF401P14400,CF401P14400,256.0,0.0,0.0,0.0,3,242.0,246.0,3,256.0,246.0,0.0,0.0,0.0,0.0,1037
2023-05-09 21:08:49,CF401P14400,CF401P14400,256.0,0.0,0.0,0.0,3,242.0,247.0,3,256.0,246.0,0.0,0.0,0.0,0.0,1037
2023-05-09 21:08:57,CF401P14400,CF401P14400,256.0,0.0,0.0,0.0,3,242.0,247.0,13,256.0,246.0,0.0,0.0,0.0,0.0,1037
2023-05-09 21:09:00,CF401P14400,CF401P14400,256.0,0.0,0.0,0.0,3,242.0,247.0,23,256.0,246.0,0.0,0.0,0.0,0.0,1037
2023-05-09 21:09:03,CF401P14400,CF401P14400,256.0,0.0,0.0,0.0,3,242.0,247.0,33,256.0,246.0,0.0,0.0,0.0,0.0,1037
2023-05-09 21:09:05,CF401P14400,CF401P14400,256.0,0.0,0.0,0.0,3,242.0,246.0,13,256.0,246.0,0.0,0.0,0.0,0.0,1037
2023-05-09 21:09:06,CF401P14400,CF401P14400,256.0,0.0,0.0,0.0,3,241.0,246.0,23,256.0,246.0,0.0,0.0,0.0,0.0,1037
2023-05-09 21:09:09,CF401P14400,CF401P14400,256.0,0.0,0.0,0.0,20,245.0,246.0,23,256.0,246.0,0.0,0.0,0.0,0.0,1037
2023-05-09 21:09:10,CF401P14400,CF401P14400,246.0,20.0,4920.0,7.0,20,246.0,247.0,23,256.0,246.0,246.0,246.0,20.0,4920.0,1044
2023-05-09 21:09:10,CF401P14400,CF401P14400,246.0,0.0,0.0,0.0,40,246.0,247.0,23,256.0,246.0,246.0,246.0,20.0,4920.0,1044
2023-05-09 21:09:11,CF401P14400,CF401P14400,246.0,0.0,0.0,0.0,20,245.0,247.0,23,256.0,246.0,246.0,246.0,20.0,4920.0,1044
2023-05-09 21:09:11,CF401P14400,CF401P14400,246.0,0.0,0.0,0.0,3,242.0,247.0,23,256.0,246.0,246.0,246.0,20.0,4920.0,1044
2023-05-09 21:09:11,CF401P14400,CF401P14400,246.0,0.0,0.0,0.0,20,245.0,247.0,23,256.0,246.0,246.0,246.0,20.0,4920.0,1044
2023-05-09 21:09:11,CF401P14400,CF401P14400,246.0,0.0,0.0,0.0,3,242.0,247.0,23,256.0,246.0,246.0,246.0,20.0,4920.0,1044
2023-05-09 21:09:35,CF401P14400,CF401P14400,246.0,0.0,0.0,0.0,3,242.0,246.0,10,256.0,246.0,246.0,246.0,20.0,4920.0,1044
2023-05-09 21:09:37,CF401P14400,CF401P14400,246.0,0.0,0.0,0.0,3,242.0,247.0,23,256.0,246.0,246.0,246.0,20.0,4920.0,1044
2023-05-09 21:09:38,CF401P14400,CF401P14400,246.0,0.0,0.0,0.0,3,242.0,247.0,13,256.0,246.0,246.0,246.0,20.0,4920.0,1044
2023-05-09 21:09:55,CF401P14400,CF401P14400,246.0,0.0,0.0,0.0,3,242.0,247.0,23,256.0,246.0,246.0,246.0,20.0,4920.0,1044
2023-05-09 21:10:08,CF401P14400,CF401P14400,246.0,0.0,0.0,0.0,3,242.0,246.0,20,256.0,246.0,246.0,246.0,20.0,4920.0,1044
2023-05-09 21:10:12,CF401P14400,CF401P14400,246.0,0.0,0.0,0.0,3,242.0,246.0,30,256.0,246.0,246.0,246.0,20.0,4920.0,1044
2023-05-09 21:10:13,CF401P14400,CF401P14400,246.0,0.0,0.0,0.0,20,245.0,246.0,30,256.0,246.0,246.0,246.0,20.0,4920.0,1044
2023-05-09 21:10:13,CF401P14400,CF401P14400,246.0,20.0,4920.0,10.0,20,245.0,246.0,10,256.0,246.0,246.0,246.0,40.0,9840.0,1054
2023-05-09 21:10:14,CF401P14400,CF401P14400,246.0,0.0,0.0,0.0,3,242.0,246.0,10,256.0,246.0,246.0,246.0,40.0,9840.0,1054
2023-05-09 21:10:16,CF401P14400,CF401P14400,246.0,10.0,2460.0,10.0,10,246.0,247.0,13,256.0,246.0,246.0,246.0,50.0,12300.0,1064
2023-05-09 21:10:17,CF401P14400,CF401P14400,246.0,0.0,0.0,0.0,10,245.0,247.0,13,256.0,246.0,246.0,246.0,50.0,12300.0,1064
2023-05-09 21:10:21,CF401P14400,CF401P14400,246.0,0.0,0.0,0.0,3,242.0,247.0,13,256.0,246.0,246.0,246.0,50.0,12300.0,1064
2023-05-09 21:10:23,CF401P14400,CF401P14400,246.0,0.0,0.0,0.0,3,242.0,247.0,23,256.0,246.0,246.0,246.0,50.0,12300.0,1064
2023-05-09 21:10:26,CF401P14400,CF401P14400,246.0,0.0,0.0,0.0,3,242.0,245.0,20,256.0,246.0,246.0,246.0,50.0,12300.0,1064
2023-05-09 21:10:50,CF401P14400,CF401P14400,246.0,0.0,0.0,0.0,3,242.0,246.0,40,256.0,246.0,246.0,246.0,50.0,12300.0,1064
2023-05-09 21:10:50,CF401P14400,CF401P14400,246.0,0.0,0.0,0.0,3,242.0,246.0,30,256.0,246.0,246.0,246.0,50.0,12300.0,1064
2023-05-09 21:11:07,CF401P14400,CF401P14400,246.0,0.0,0.0,0.0,3,242.0,246.0,35,256.0,246.0,246.0,246.0,50.0,12300.0,1064
2023-05-09 21:11:07,CF401P14400,CF401P14400,246.0,0.0,0.0,0.0,3,242.0,246.0,45,256.0,246.0,246.0,246.0,50.0,12300.0,1064
2023-05-09 21:11:10,CF401P14400,CF401P14400,246.0,0.0,0.0,0.0,3,242.0,245.0,10,256.0,246.0,246.0,246.0,50.0,12300.0,1064
2023-05-09 21:11:12,CF401P14400,CF401P14400,246.0,0.0,0.0,0.0,3,242.0,245.0,20,256.0,246.0,246.0,246.0,50.0,12300.0,1064
2023-05-09 21:11:13,CF401P14400,CF401P14400,246.0,0.0,0.0,0.0,3,242.0,245.0,30,256.0,246.0,246.0,246.0,50.0,12300.0,1064
2023-05-09 21:11:13,CF401P14400,CF401P14400,246.0,0.0,0.0,0.0,3,242.0,245.0,20,256.0,246.0,246.0,246.0,50.0,12300.0,1064
2023-05-09 21:11:16,CF401P14400,CF401P14400,246.0,0.0,0.0,0.0,3,242.0,245.0,30,256.0,246.0,246.0,246.0,50.0,12300.0,1064
2023-05-09 21:11:18,CF401P14400,CF401P14400,246.0,0.0,0.0,0.0,3,242.0,245.0,20,256.0,246.0,246.0,246.0,50.0,12300.0,1064
2023-05-09 21:11:18,CF401P14400,CF401P14400,246.0,0.0,0.0,0.0,3,242.0,245.0,30,256.0,246.0,246.0,246.0,50.0,12300.0,1064
2023-05-09 21:11:20,CF401P14400,CF401P14400,246.0,0.0,0.0,0.0,3,242.0,245.0,20,256.0,246.0,246.0,246.0,50.0,12300.0,1064
2023-05-09 21:11:21,CF401P14400,CF401P14400,246.0,0.0,0.0,0.0,3,242.0,245.0,30,256.0,246.0,246.0,246.0,50.0,12300.0,1064
2023-05-09 21:11:21,CF401P14400,CF401P14400,246.0,0.0,0.0,0.0,3,242.0,245.0,20,256.0,246.0,246.0,246.0,50.0,12300.0,1064
2023-05-09 21:11:21,CF401P14400,CF401P14400,246.0,0.0,0.0,0.0,3,242.0,245.0,30,256.0,246.0,246.0,246.0,50.0,12300.0,1064
2023-05-09 21:11:22,CF401P14400,CF401P14400,246.0,0.0,0.0,0.0,3,241.0,245.0,30,256.0,246.0,246.0,246.0,50.0,12300.0,1064
2023-05-09 21:11:24,CF401P14400,CF401P14400,246.0,0.0,0.0,0.0,3,241.0,245.0,20,256.0,246.0,246.0,246.0,50.0,12300.0,1064
2023-05-09 21:11:24,CF401P14400,CF401P14400,246.0,0.0,0.0,0.0,3,241.0,245.0,25,256.0,246.0,246.0,246.0,50.0,12300.0,1064
2023-05-09 21:11:26,CF401P14400,CF401P14400,246.0,0.0,0.0,0.0,30,244.0,245.0,25,256.0,246.0,246.0,246.0,50.0,12300.0,1064
2023-05-09 21:11:27,CF401P14400,CF401P14400,245.0,30.0,7380.0,10.0,30,244.0,246.0,35,256.0,246.0,246.0,245.0,80.0,19680.0,1074
2023-05-09 21:11:27,CF401P14400,CF401P14400,245.0,0.0,0.0,0.0,10,243.0,246.0,35,256.0,246.0,246.0,245.0,80.0,19680.0,1074
2023-05-09 21:11:28,CF401P14400,CF401P14400,245.0,0.0,0.0,0.0,30,244.0,246.0,25,256.0,246.0,246.0,245.0,80.0,19680.0,1074
2023-05-09 21:11:28,CF401P14400,CF401P14400,245.0,0.0,0.0,0.0,3,241.0,246.0,25,256.0,246.0,246.0,245.0,80.0,19680.0,1074
2023-05-09 21:11:30,CF401P14400,CF401P14400,245.0,0.0,0.0,0.0,5,242.0,246.0,25,256.0,246.0,246.0,245.0,80.0,19680.0,1074
2023-05-09 21:11:30,CF401P14400,CF401P14400,245.0,0.0,0.0,0.0,5,242.0,246.0,15,256.0,246.0,246.0,245.0,80.0,19680.0,1074
2023-05-09 21:11:32,CF401P14400,CF401P14400,245.0,0.0,0.0,0.0,5,242.0,246.0,25,256.0,246.0,246.0,245.0,80.0,19680.0,1074
2023-05-09 21:11:40,CF401P14400,CF401P14400,245.0,0.0,0.0,0.0,5,242.0,246.0,35,256.0,246.0,246.0,245.0,80.0,19680.0,1074
2023-05-09 21:11:42,CF401P14400,CF401P14400,245.0,0.0,0.0,0.0,5,242.0,246.0,25,256.0,246.0,246.0,245.0,80.0,19680.0,1074
2023-05-09 21:11:43,CF401P14400,CF401P14400,245.0,0.0,0.0,0.0,5,242.0,246.0,15,256.0,246.0,246.0,245.0,80.0,19680.0,1074
2023-05-09 21:11:55,CF401P14400,CF401P14400,245.0,0.0,0.0,0.0,10,245.0,246.0,15,256.0,246.0,246.0,245.0,80.0,19680.0,1074
2023-05-09 21:11:56,CF401P14400,CF401P14400,245.0,0.0,0.0,0.0,5,242.0,246.0,15,256.0,246.0,246.0,245.0,80.0,19680.0,1074
2023-05-09 21:12:02,CF401P14400,CF401P14400,245.0,0.0,0.0,0.0,5,242.0,246.0,25,256.0,246.0,246.0,245.0,80.0,19680.0,1074
2023-05-09 21:12:03,CF401P14400,CF401P14400,245.0,0.0,0.0,0.0,5,242.0,246.0,15,256.0,246.0,246.0,245.0,80.0,19680.0,1074
2023-05-09 21:12:36,CF401P14400,CF401P14400,245.0,0.0,0.0,0.0,15,245.0,246.0,15,256.0,246.0,246.0,245.0,80.0,19680.0,1074
2023-05-09 21:12:37,CF401P14400,CF401P14400,246.0,15.0,3690.0,0.0,15,245.0,247.0,33,256.0,246.0,246.0,245.0,95.0,23370.0,1074
2023-05-09 21:12:37,CF401P14400,CF401P14400,246.0,0.0,0.0,0.0,10,244.0,247.0,33,256.0,246.0,246.0,245.0,95.0,23370.0,1074
2023-05-09 21:12:37,CF401P14400,CF401P14400,246.0,0.0,0.0,0.0,10,244.0,247.0,23,256.0,246.0,246.0,245.0,95.0,23370.0,1074
2023-05-09 21:12:38,CF401P14400,CF401P14400,246.0,0.0,0.0,0.0,5,242.0,247.0,23,256.0,246.0,246.0,245.0,95.0,23370.0,1074
2023-05-09 21:12:38,CF401P14400,CF401P14400,246.0,0.0,0.0,0.0,5,242.0,247.0,33,256.0,246.0,246.0,245.0,95.0,23370.0,1074
2023-05-09 21:12:57,CF401P14400,CF401P14400,246.0,0.0,0.0,0.0,5,242.0,247.0,23,256.0,246.0,246.0,245.0,95.0,23370.0,1074
2023-05-09 21:13:00,CF401P14400,CF401P14400,246.0,0.0,0.0,0.0,15,242.0,247.0,23,256.0,246.0,246.0,245.0,95.0,23370.0,1074
2023-05-09 21:13:01,CF401P14400,CF401P14400,246.0,0.0,0.0,0.0,25,242.0,247.0,13,256.0,246.0,246.0,245.0,95.0,23370.0,1074
2023-05-09 21:13:04,CF401P14400,CF401P14400,246.0,0.0,0.0,0.0,5,243.0,247.0,13,256.0,246.0,246.0,245.0,95.0,23370.0,1074
2023-05-09 21:13:05,CF401P14400,CF401P14400,246.0,0.0,0.0,0.0,5,243.0,248.0,20,256.0,246.0,246.0,245.0,95.0,23370.0,1074
2023-05-09 21:13:06,CF401P14400,CF401P14400,246.0,0.0,0.0,0.0,5,243.0,248.0,10,256.0,246.0,246.0,245.0,95.0,23370.0,1074
2023-05-09 21:13:07,CF401P14400,CF401P14400,246.0,0.0,0.0,0.0,5,243.0,249.0,46,256.0,246.0,246.0,245.0,95.0,23370.0,1074
2023-05-09 21:13:08,CF401P14400,CF401P14400,246.0,0.0,0.0,0.0,5,243.0,249.0,56,256.0,246.0,246.0,245.0,95.0,23370.0,1074
2023-05-09 21:13:09,CF401P14400,CF401P14400,246.0,0.0,0.0,0.0,5,243.0,249.0,46,256.0,246.0,246.0,245.0,95.0,23370.0,1074
2023-05-09 21:13:13,CF401P14400,CF401P14400,246.0,0.0,0.0,0.0,5,243.0,249.0,36,256.0,246.0,246.0,245.0,95.0,23370.0,1074
2023-05-09 21:13:16,CF401P14400,CF401P14400,246.0,0.0,0.0,0.0,5,243.0,249.0,46,256.0,246.0,246.0,245.0,95.0,23370.0,1074
2023-05-09 21:13:19,CF401P14400,CF401P14400,246.0,0.0,0.0,0.0,5,243.0,249.0,56,256.0,246.0,246.0,245.0,95.0,23370.0,1074
2023-05-09 21:13:23,CF401P14400,CF401P14400,246.0,0.0,0.0,0.0,5,243.0,248.0,5,256.0,246.0,246.0,245.0,95.0,23370.0,1074
2023-05-09 21:13:24,CF401P14400,CF401P14400,246.0,0.0,0.0,0.0,5,243.0,248.0,15,256.0,246.0,246.0,245.0,95.0,23370.0,1074
2023-05-09 21:13:29,CF401P14400,CF401P14400,246.0,0.0,0.0,0.0,5,243.0,247.0,5,256.0,246.0,246.0,245.0,95.0,23370.0,1074
2023-05-09 21:14:16,CF401P14400,CF401P14400,246.0,0.0,0.0,0.0,25,242.0,247.0,15,256.0,246.0,246.0,245.0,95.0,23370.0,1074
2023-05-09 21:14:17,CF401P14400,CF401P14400,246.0,0.0,0.0,0.0,15,242.0,247.0,15,256.0,246.0,246.0,245.0,95.0,23370.0,1074
2023-05-09 21:14:25,CF401P14400,CF401P14400,246.0,0.0,0.0,0.0,25,242.0,247.0,15,256.0,246.0,246.0,245.0,95.0,23370.0,1074
2023-05-09 21:14:26,CF401P14400,CF401P14400,246.0,0.0,0.0,0.0,5,243.0,247.0,15,256.0,246.0,246.0,245.0,95.0,23370.0,1074
2023-05-09 21:14:48,CF401P14400,CF401P14400,246.0,0.0,0.0,0.0,5,243.0,248.0,15,256.0,246.0,246.0,245.0,95.0,23370.0,1074
2023-05-09 21:14:49,CF401P14400,CF401P14400,246.0,0.0,0.0,0.0,5,243.0,248.0,25,256.0,246.0,246.0,245.0,95.0,23370.0,1074
2023-05-09 21:14:49,CF401P14400,CF401P14400,246.0,0.0,0.0,0.0,5,243.0,248.0,15,256.0,246.0,246.0,245.0,95.0,23370.0,1074
2023-05-09 21:14:53,CF401P14400,CF401P14400,246.0,0.0,0.0,0.0,5,243.0,248.0,35,256.0,246.0,246.0,245.0,95.0,23370.0,1074
2023-05-09 21:14:53,CF401P14400,CF401P14400,246.0,0.0,0.0,0.0,5,243.0,248.0,25,256.0,246.0,246.0,245.0,95.0,23370.0,1074
2023-05-09 21:14:59,CF401P14400,CF401P14400,246.0,0.0,0.0,0.0,5,243.0,248.0,15,256.0,246.0,246.0,245.0,95.0,23370.0,1074
2023-05-09 21:15:11,CF401P14400,CF401P14400,246.0,0.0,0.0,0.0,5,243.0,248.0,25,256.0,246.0,246.0,245.0,95.0,23370.0,1074
2023-05-09 21:15:32,CF401P14400,CF401P14400,246.0,0.0,0.0,0.0,5,244.0,248.0,25,256.0,246.0,246.0,245.0,95.0,23370.0,1074
2023-05-09 21:15:33,CF401P14400,CF401P14400,246.0,0.0,0.0,0.0,5,244.0,248.0,15,256.0,246.0,246.0,245.0,95.0,23370.0,1074
2023-05-09 21:15:48,CF401P14400,CF401P14400,246.0,0.0,0.0,0.0,5,244.0,248.0,10,256.0,246.0,246.0,245.0,95.0,23370.0,1074
2023-05-09 21:15:48,CF401P14400,CF401P14400,246.0,0.0,0.0,0.0,5,244.0,249.0,36,256.0,246.0,246.0,245.0,95.0,23370.0,1074
2023-05-09 21:15:49,CF401P14400,CF401P14400,246.0,0.0,0.0,0.0,5,245.0,249.0,25,256.0,246.0,246.0,245.0,95.0,23370.0,1074
2023-05-09 21:16:27,CF401P14400,CF401P14400,246.0,0.0,0.0,0.0,5,245.0,249.0,35,256.0,246.0,246.0,245.0,95.0,23370.0,1074
2023-05-09 21:16:32,CF401P14400,CF401P14400,246.0,0.0,0.0,0.0,5,245.0,249.0,45,256.0,246.0,246.0,245.0,95.0,23370.0,1074
2023-05-09 21:16:33,CF401P14400,CF401P14400,246.0,0.0,0.0,0.0,5,245.0,249.0,35,256.0,246.0,246.0,245.0,95.0,23370.0,1074
2023-05-09 21:16:35,CF401P14400,CF401P14400,246.0,0.0,0.0,0.0,5,245.0,248.0,10,256.0,246.0,246.0,245.0,95.0,23370.0,1074
2023-05-09 21:16:36,CF401P14400,CF401P14400,246.0,0.0,0.0,0.0,10,244.0,248.0,10,256.0,246.0,246.0,245.0,95.0,23370.0,1074
2023-05-09 21:16:36,CF401P14400,CF401P14400,246.0,0.0,0.0,0.0,20,244.0,247.0,5,256.0,246.0,246.0,245.0,95.0,23370.0,1074
2023-05-09 21:16:37,CF401P14400,CF401P14400,246.0,0.0,0.0,0.0,20,244.0,247.0,15,256.0,246.0,246.0,245.0,95.0,23370.0,1074
2023-05-09 21:16:38,CF401P14400,CF401P14400,246.0,0.0,0.0,0.0,15,243.0,247.0,15,256.0,246.0,246.0,245.0,95.0,23370.0,1074
2023-05-09 21:16:38,CF401P14400,CF401P14400,246.0,0.0,0.0,0.0,5,243.0,247.0,15,256.0,246.0,246.0,245.0,95.0,23370.0,1074
2023-05-09 21:16:40,CF401P14400,CF401P14400,246.0,0.0,0.0,0.0,5,243.0,246.0,10,256.0,246.0,246.0,245.0,95.0,23370.0,1074
2023-05-09 21:16:41,CF401P14400,CF401P14400,246.0,0.0,0.0,0.0,20,242.0,246.0,15,256.0,246.0,246.0,245.0,95.0,23370.0,1074
2023-05-09 21:16:41,CF401P14400,CF401P14400,246.0,0.0,0.0,0.0,20,241.0,246.0,15,256.0,246.0,246.0,245.0,95.0,23370.0,1074
2023-05-09 21:16:42,CF401P14400,CF401P14400,246.0,0.0,0.0,0.0,10,241.0,246.0,15,256.0,246.0,246.0,245.0,95.0,23370.0,1074
2023-05-09 21:16:43,CF401P14400,CF401P14400,246.0,0.0,0.0,0.0,45,240.0,245.0,5,256.0,246.0,246.0,245.0,95.0,23370.0,1074
2023-05-09 21:16:44,CF401P14400,CF401P14400,246.0,0.0,0.0,0.0,35,240.0,245.0,15,256.0,246.0,246.0,245.0,95.0,23370.0,1074
2023-05-09 21:16:45,CF401P14400,CF401P14400,246.0,0.0,0.0,0.0,15,240.0,245.0,15,256.0,246.0,246.0,245.0,95.0,23370.0,1074
2023-05-09 21:16:45,CF401P14400,CF401P14400,246.0,0.0,0.0,0.0,5,240.0,245.0,25,256.0,246.0,246.0,245.0,95.0,23370.0,1074
2023-05-09 21:16:46,CF401P14400,CF401P14400,246.0,0.0,0.0,0.0,5,240.0,245.0,35,256.0,246.0,246.0,245.0,95.0,23370.0,1074
2023-05-09 21:16:47,CF401P14400,CF401P14400,246.0,0.0,0.0,0.0,5,240.0,245.0,25,256.0,246.0,246.0,245.0,95.0,23370.0,1074
2023-05-09 21:17:01,CF401P14400,CF401P14400,246.0,0.0,0.0,0.0,15,240.0,245.0,15,256.0,246.0,246.0,245.0,95.0,23370.0,1074
2023-05-09 21:17:02,CF401P14400,CF401P14400,246.0,0.0,0.0,0.0,5,241.0,245.0,15,256.0,246.0,246.0,245.0,95.0,23370.0,1074
2023-05-09 21:17:03,CF401P14400,CF401P14400,246.0,0.0,0.0,0.0,15,241.0,246.0,15,256.0,246.0,246.0,245.0,95.0,23370.0,1074
2023-05-09 21:17:21,CF401P14400,CF401P14400,246.0,0.0,0.0,0.0,15,241.0,246.0,25,256.0,246.0,246.0,245.0,95.0,23370.0,1074
2023-05-09 21:17:22,CF401P14400,CF401P14400,246.0,0.0,0.0,0.0,15,241.0,246.0,15,256.0,246.0,246.0,245.0,95.0,23370.0,1074
2023-05-09 21:17:24,CF401P14400,CF401P14400,246.0,0.0,0.0,0.0,15,241.0,246.0,25,256.0,246.0,246.0,245.0,95.0,23370.0,1074
2023-05-09 21:17:28,CF401P14400,CF401P14400,246.0,0.0,0.0,0.0,15,241.0,245.0,5,256.0,246.0,246.0,245.0,95.0,23370.0,1074
2023-05-09 21:17:36,CF401P14400,CF401P14400,246.0,0.0,0.0,0.0,15,241.0,245.0,15,256.0,246.0,246.0,245.0,95.0,23370.0,1074
2023-05-09 21:17:40,CF401P14400,CF401P14400,246.0,0.0,0.0,0.0,25,241.0,245.0,15,256.0,246.0,246.0,245.0,95.0,23370.0,1074
2023-05-09 21:17:48,CF401P14400,CF401P14400,246.0,0.0,0.0,0.0,15,241.0,245.0,15,256.0,246.0,246.0,245.0,95.0,23370.0,1074
2023-05-09 21:17:51,CF401P14400,CF401P14400,246.0,0.0,0.0,0.0,25,241.0,245.0,15,256.0,246.0,246.0,245.0,95.0,23370.0,1074
2023-05-09 21:17:54,CF401P14400,CF401P14400,246.0,0.0,0.0,0.0,15,241.0,245.0,5,256.0,246.0,246.0,245.0,95.0,23370.0,1074
2023-05-09 21:17:54,CF401P14400,CF401P14400,246.0,0.0,0.0,0.0,25,241.0,245.0,5,256.0,246.0,246.0,245.0,95.0,23370.0,1074
2023-05-09 21:17:55,CF401P14400,CF401P14400,246.0,0.0,0.0,0.0,25,241.0,246.0,15,256.0,246.0,246.0,245.0,95.0,23370.0,1074
2023-05-09 21:17:56,CF401P14400,CF401P14400,246.0,0.0,0.0,0.0,15,241.0,246.0,15,256.0,246.0,246.0,245.0,95.0,23370.0,1074
2023-05-09 21:17:59,CF401P14400,CF401P14400,246.0,0.0,0.0,0.0,25,241.0,246.0,15,256.0,246.0,246.0,245.0,95.0,23370.0,1074
2023-05-09 21:17:59,CF401P14400,CF401P14400,246.0,0.0,0.0,0.0,15,241.0,242.0,30,256.0,246.0,246.0,245.0,95.0,23370.0,1074
2023-05-09 21:18:00,CF401P14400,CF401P14400,241.0,15.0,3580.0,0.0,25,240.0,241.0,45,256.0,246.0,246.0,241.0,110.0,26950.0,1074
2023-05-09 21:18:00,CF401P14400,CF401P14400,241.0,0.0,0.0,0.0,15,240.0,241.0,45,256.0,246.0,246.0,241.0,110.0,26950.0,1074
2023-05-09 21:18:01,CF401P14400,CF401P14400,241.0,0.0,0.0,0.0,5,240.0,241.0,45,256.0,246.0,246.0,241.0,110.0,26950.0,1074
2023-05-09 21:18:01,CF401P14400,CF401P14400,241.0,0.0,0.0,0.0,5,240.0,245.0,5,256.0,246.0,246.0,241.0,110.0,26950.0,1074
2023-05-09 21:18:11,CF401P14400,CF401P14400,241.0,0.0,0.0,0.0,5,240.0,245.0,15,256.0,246.0,246.0,241.0,110.0,26950.0,1074
2023-05-09 21:18:11,CF401P14400,CF401P14400,241.0,0.0,0.0,0.0,15,240.0,244.0,5,256.0,246.0,246.0,241.0,110.0,26950.0,1074
2023-05-09 21:18:14,CF401P14400,CF401P14400,241.0,0.0,0.0,0.0,5,240.0,244.0,5,256.0,246.0,246.0,241.0,110.0,26950.0,1074
2023-05-09 21:18:35,CF401P14400,CF401P14400,241.0,0.0,0.0,0.0,55,239.0,244.0,5,256.0,246.0,246.0,241.0,110.0,26950.0,1074
2023-05-09 21:18:35,CF401P14400,CF401P14400,241.0,0.0,0.0,0.0,55,239.0,243.0,5,256.0,246.0,246.0,241.0,110.0,26950.0,1074
2023-05-09 21:18:36,CF401P14400,CF401P14400,241.0,0.0,0.0,0.0,45,239.0,243.0,5,256.0,246.0,246.0,241.0,110.0,26950.0,1074
2023-05-09 21:18:38,CF401P14400,CF401P14400,241.0,0.0,0.0,0.0,10,239.0,243.0,15,256.0,246.0,246.0,241.0,110.0,26950.0,1074
2023-05-09 21:18:41,CF401P14400,CF401P14400,241.0,0.0,0.0,0.0,30,238.0,243.0,15,256.0,246.0,246.0,241.0,110.0,26950.0,1074
2023-05-09 21:18:42,CF401P14400,CF401P14400,241.0,0.0,0.0,0.0,20,238.0,243.0,15,256.0,246.0,246.0,241.0,110.0,26950.0,1074
2023-05-09 21:18:46,CF401P14400,CF401P14400,241.0,0.0,0.0,0.0,10,238.0,243.0,15,256.0,246.0,246.0,241.0,110.0,26950.0,1074
2023-05-09 21:18:46,CF401P14400,CF401P14400,241.0,0.0,0.0,0.0,65,237.0,243.0,15,256.0,246.0,246.0,241.0,110.0,26950.0,1074
2023-05-09 21:18:47,CF401P14400,CF401P14400,241.0,0.0,0.0,0.0,55,237.0,243.0,15,256.0,246.0,246.0,241.0,110.0,26950.0,1074
2023-05-09 21:18:59,CF401P14400,CF401P14400,241.0,0.0,0.0,0.0,35,237.0,241.0,10,256.0,246.0,246.0,241.0,110.0,26950.0,1074
2023-05-09 21:19:01,CF401P14400,CF401P14400,241.0,0.0,0.0,0.0,45,237.0,242.0,10,256.0,246.0,246.0,241.0,110.0,26950.0,1074
2023-05-09 21:19:02,CF401P14400,CF401P14400,241.0,0.0,0.0,0.0,5,238.0,243.0,15,256.0,246.0,246.0,241.0,110.0,26950.0,1074
2023-05-09 21:19:03,CF401P14400,CF401P14400,241.0,0.0,0.0,0.0,5,238.0,243.0,5,256.0,246.0,246.0,241.0,110.0,26950.0,1074
2023-05-09 21:19:37,CF401P14400,CF401P14400,241.0,0.0,0.0,0.0,5,238.0,243.0,15,256.0,246.0,246.0,241.0,110.0,26950.0,1074
2023-05-09 21:20:02,CF401P14400,CF401P14400,241.0,0.0,0.0,0.0,5,238.0,243.0,25,256.0,246.0,246.0,241.0,110.0,26950.0,1074
2023-05-09 21:20:04,CF401P14400,CF401P14400,241.0,0.0,0.0,0.0,5,238.0,241.0,10,256.0,246.0,246.0,241.0,110.0,26950.0,1074
2023-05-09 21:20:06,CF401P14400,CF401P14400,241.0,0.0,0.0,0.0,20,237.0,241.0,20,256.0,246.0,246.0,241.0,110.0,26950.0,1074
2023-05-09 21:20:06,CF401P14400,CF401P14400,241.0,0.0,0.0,0.0,10,236.0,241.0,10,256.0,246.0,246.0,241.0,110.0,26950.0,1074
2023-05-09 21:20:06,CF401P14400,CF401P14400,241.0,0.0,0.0,0.0,20,235.0,241.0,10,256.0,246.0,246.0,241.0,110.0,26950.0,1074
2023-05-09 21:20:07,CF401P14400,CF401P14400,241.0,0.0,0.0,0.0,10,235.0,241.0,20,256.0,246.0,246.0,241.0,110.0,26950.0,1074
2023-05-09 21:20:07,CF401P14400,CF401P14400,241.0,0.0,0.0,0.0,10,235.0,240.0,20,256.0,246.0,246.0,241.0,110.0,26950.0,1074
2023-05-09 21:20:08,CF401P14400,CF401P14400,241.0,0.0,0.0,0.0,10,235.0,240.0,25,256.0,246.0,246.0,241.0,110.0,26950.0,1074
2023-05-09 21:20:08,CF401P14400,CF401P14400,241.0,0.0,0.0,0.0,10,235.0,239.0,5,256.0,246.0,246.0,241.0,110.0,26950.0,1074
2023-05-09 21:20:09,CF401P14400,CF401P14400,241.0,0.0,0.0,0.0,10,234.0,238.0,10,256.0,246.0,246.0,241.0,110.0,26950.0,1074
2023-05-09 21:20:10,CF401P14400,CF401P14400,241.0,0.0,0.0,0.0,20,233.0,238.0,10,256.0,246.0,246.0,241.0,110.0,26950.0,1074
2023-05-09 21:20:12,CF401P14400,CF401P14400,241.0,0.0,0.0,0.0,15,233.0,238.0,10,256.0,246.0,246.0,241.0,110.0,26950.0,1074
2023-05-09 21:20:13,CF401P14400,CF401P14400,241.0,0.0,0.0,0.0,5,233.0,238.0,20,256.0,246.0,246.0,241.0,110.0,26950.0,1074
2023-05-09 21:20:30,CF401P14400,CF401P14400,241.0,0.0,0.0,0.0,5,233.0,238.0,25,256.0,246.0,246.0,241.0,110.0,26950.0,1074
2023-05-09 21:20:33,CF401P14400,CF401P14400,241.0,0.0,0.0,0.0,5,233.0,238.0,15,256.0,246.0,246.0,241.0,110.0,26950.0,1074
2023-05-09 21:20:33,CF401P14400,CF401P14400,241.0,0.0,0.0,0.0,5,233.0,238.0,25,256.0,246.0,246.0,241.0,110.0,26950.0,1074
2023-05-09 21:20:35,CF401P14400,CF401P14400,241.0,0.0,0.0,0.0,5,233.0,237.0,10,256.0,246.0,246.0,241.0,110.0,26950.0,1074
2023-05-09 21:20:37,CF401P14400,CF401P14400,241.0,0.0,0.0,0.0,5,233.0,237.0,20,256.0,246.0,246.0,241.0,110.0,26950.0,1074
2023-05-09 21:20:41,CF401P14400,CF401P14400,241.0,0.0,0.0,0.0,5,233.0,237.0,10,256.0,246.0,246.0,241.0,110.0,26950.0,1074
2023-05-09 21:20:44,CF401P14400,CF401P14400,241.0,0.0,0.0,0.0,5,233.0,237.0,15,256.0,246.0,246.0,241.0,110.0,26950.0,1074
2023-05-09 21:20:46,CF401P14400,CF401P14400,241.0,0.0,0.0,0.0,5,233.0,237.0,25,256.0,246.0,246.0,241.0,110.0,26950.0,1074
2023-05-09 21:20:47,CF401P14400,CF401P14400,241.0,0.0,0.0,0.0,5,233.0,237.0,15,256.0,246.0,246.0,241.0,110.0,26950.0,1074
2023-05-09 21:20:47,CF401P14400,CF401P14400,241.0,0.0,0.0,0.0,5,233.0,237.0,25,256.0,246.0,246.0,241.0,110.0,26950.0,1074
2023-05-09 21:20:53,CF401P14400,CF401P14400,241.0,0.0,0.0,0.0,5,233.0,237.0,15,256.0,246.0,246.0,241.0,110.0,26950.0,1074
2023-05-09 21:20:53,CF401P14400,CF401P14400,241.0,0.0,0.0,0.0,5,233.0,237.0,5,256.0,246.0,246.0,241.0,110.0,26950.0,1074
2023-05-09 21:21:04,CF401P14400,CF401P14400,241.0,0.0,0.0,0.0,5,233.0,238.0,35,256.0,246.0,246.0,241.0,110.0,26950.0,1074
2023-05-09 21:21:05,CF401P14400,CF401P14400,241.0,0.0,0.0,0.0,5,234.0,238.0,5,256.0,246.0,246.0,241.0,110.0,26950.0,1074
2023-05-09 21:21:14,CF401P14400,CF401P14400,241.0,0.0,0.0,0.0,5,234.0,238.0,15,256.0,246.0,246.0,241.0,110.0,26950.0,1074
2023-05-09 21:21:20,CF401P14400,CF401P14400,241.0,0.0,0.0,0.0,5,234.0,238.0,25,256.0,246.0,246.0,241.0,110.0,26950.0,1074
2023-05-09 21:21:21,CF401P14400,CF401P14400,241.0,0.0,0.0,0.0,5,234.0,238.0,15,256.0,246.0,246.0,241.0,110.0,26950.0,1074
2023-05-09 21:21:23,CF401P14400,CF401P14400,241.0,0.0,0.0,0.0,5,234.0,238.0,25,256.0,246.0,246.0,241.0,110.0,26950.0,1074
2023-05-09 21:21:23,CF401P14400,CF401P14400,241.0,0.0,0.0,0.0,5,234.0,238.0,15,256.0,246.0,246.0,241.0,110.0,26950.0,1074
2023-05-09 21:21:24,CF401P14400,CF401P14400,241.0,0.0,0.0,0.0,5,234.0,238.0,25,256.0,246.0,246.0,241.0,110.0,26950.0,1074
2023-05-09 21:21:27,CF401P14400,CF401P14400,241.0,0.0,0.0,0.0,5,234.0,237.0,10,256.0,246.0,246.0,241.0,110.0,26950.0,1074
2023-05-09 21:21:28,CF401P14400,CF401P14400,241.0,0.0,0.0,0.0,5,234.0,237.0,30,256.0,246.0,246.0,241.0,110.0,26950.0,1074
2023-05-09 21:21:30,CF401P14400,CF401P14400,241.0,0.0,0.0,0.0,5,234.0,237.0,20,256.0,246.0,246.0,241.0,110.0,26950.0,1074
2023-05-09 21:21:32,CF401P14400,CF401P14400,241.0,0.0,0.0,0.0,25,233.0,237.0,25,256.0,246.0,246.0,241.0,110.0,26950.0,1074
2023-05-09 21:21:32,CF401P14400,CF401P14400,241.0,0.0,0.0,0.0,5,233.0,237.0,25,256.0,246.0,246.0,241.0,110.0,26950.0,1074
2023-05-09 21:21:33,CF401P14400,CF401P14400,241.0,0.0,0.0,0.0,25,232.0,237.0,35,256.0,246.0,246.0,241.0,110.0,26950.0,1074
2023-05-09 21:21:35,CF401P14400,CF401P14400,241.0,0.0,0.0,0.0,15,232.0,236.0,5,256.0,246.0,246.0,241.0,110.0,26950.0,1074
2023-05-09 21:21:36,CF401P14400,CF401P14400,241.0,0.0,0.0,0.0,5,232.0,236.0,15,256.0,246.0,246.0,241.0,110.0,26950.0,1074
2023-05-09 21:21:37,CF401P14400,CF401P14400,241.0,0.0,0.0,0.0,5,232.0,236.0,25,256.0,246.0,246.0,241.0,110.0,26950.0,1074
2023-05-09 21:21:39,CF401P14400,CF401P14400,241.0,0.0,0.0,0.0,5,232.0,236.0,35,256.0,246.0,246.0,241.0,110.0,26950.0,1074
2023-05-09 21:21:42,CF401P14400,CF401P14400,241.0,0.0,0.0,0.0,5,232.0,236.0,25,256.0,246.0,246.0,241.0,110.0,26950.0,1074
2023-05-09 21:21:45,CF401P14400,CF401P14400,241.0,0.0,0.0,0.0,5,232.0,236.0,35,256.0,246.0,246.0,241.0,110.0,26950.0,1074
2023-05-09 21:21:51,CF401P14400,CF401P14400,241.0,0.0,0.0,0.0,5,232.0,236.0,15,256.0,246.0,246.0,241.0,110.0,26950.0,1074
2023-05-09 21:21:52,CF401P14400,CF401P14400,241.0,0.0,0.0,0.0,5,232.0,236.0,25,256.0,246.0,246.0,241.0,110.0,26950.0,1074
2023-05-09 21:21:54,CF401P14400,CF401P14400,241.0,0.0,0.0,0.0,5,232.0,236.0,15,256.0,246.0,246.0,241.0,110.0,26950.0,1074
2023-05-09 21:21:55,CF401P14400,CF401P14400,241.0,0.0,0.0,0.0,5,232.0,236.0,25,256.0,246.0,246.0,241.0,110.0,26950.0,1074
2023-05-09 21:21:58,CF401P14400,CF401P14400,241.0,0.0,0.0,0.0,5,232.0,236.0,15,256.0,246.0,246.0,241.0,110.0,26950.0,1074
2023-05-09 21:21:59,CF401P14400,CF401P14400,241.0,0.0,0.0,0.0,5,232.0,236.0,25,256.0,246.0,246.0,241.0,110.0,26950.0,1074
2023-05-09 21:22:02,CF401P14400,CF401P14400,241.0,0.0,0.0,0.0,5,232.0,236.0,15,256.0,246.0,246.0,241.0,110.0,26950.0,1074
2023-05-09 21:22:02,CF401P14400,CF401P14400,241.0,0.0,0.0,0.0,5,232.0,236.0,5,256.0,246.0,246.0,241.0,110.0,26950.0,1074
2023-05-09 21:22:07,CF401P14400,CF401P14400,241.0,0.0,0.0,0.0,5,232.0,236.0,15,256.0,246.0,246.0,241.0,110.0,26950.0,1074
2023-05-09 21:22:12,CF401P14400,CF401P14400,241.0,0.0,0.0,0.0,5,232.0,236.0,5,256.0,246.0,246.0,241.0,110.0,26950.0,1074
2023-05-09 21:22:14,CF401P14400,CF401P14400,241.0,0.0,0.0,0.0,5,232.0,236.0,15,256.0,246.0,246.0,241.0,110.0,26950.0,1074
2023-05-09 21:22:26,CF401P14400,CF401P14400,241.0,0.0,0.0,0.0,5,232.0,236.0,25,256.0,246.0,246.0,241.0,110.0,26950.0,1074
2023-05-09 21:22:29,CF401P14400,CF401P14400,241.0,0.0,0.0,0.0,5,232.0,236.0,15,256.0,246.0,246.0,241.0,110.0,26950.0,1074
2023-05-09 21:22:34,CF401P14400,CF401P14400,241.0,0.0,0.0,0.0,5,232.0,236.0,5,256.0,246.0,246.0,241.0,110.0,26950.0,1074
2023-05-09 21:22:34,CF401P14400,CF401P14400,241.0,0.0,0.0,0.0,5,233.0,237.0,35,256.0,246.0,246.0,241.0,110.0,26950.0,1074
2023-05-09 21:22:35,CF401P14400,CF401P14400,241.0,0.0,0.0,0.0,5,233.0,237.0,25,256.0,246.0,246.0,241.0,110.0,26950.0,1074
2023-05-09 21:22:56,CF401P14400,CF401P14400,241.0,0.0,0.0,0.0,15,232.0,236.0,15,256.0,246.0,246.0,241.0,110.0,26950.0,1074
2023-05-09 21:22:57,CF401P14400,CF401P14400,241.0,0.0,0.0,0.0,5,232.0,236.0,15,256.0,246.0,246.0,241.0,110.0,26950.0,1074
2023-05-09 21:23:00,CF401P14400,CF401P14400,241.0,0.0,0.0,0.0,5,232.0,236.0,25,256.0,246.0,246.0,241.0,110.0,26950.0,1074
2023-05-09 21:23:00,CF401P14400,CF401P14400,241.0,0.0,0.0,0.0,5,232.0,236.0,5,256.0,246.0,246.0,241.0,110.0,26950.0,1074
2023-05-09 21:23:02,CF401P14400,CF401P14400,241.0,0.0,0.0,0.0,5,232.0,237.0,15,256.0,246.0,246.0,241.0,110.0,26950.0,1074
2023-05-09 21:23:03,CF401P14400,CF401P14400,241.0,0.0,0.0,0.0,5,233.0,238.0,15,256.0,246.0,246.0,241.0,110.0,26950.0,1074
2023-05-09 21:23:03,CF401P14400,CF401P14400,241.0,0.0,0.0,0.0,5,233.0,238.0,5,256.0,246.0,246.0,241.0,110.0,26950.0,1074
2023-05-09 21:23:05,CF401P14400,CF401P14400,241.0,0.0,0.0,0.0,5,234.0,238.0,5,256.0,246.0,246.0,241.0,110.0,26950.0,1074
2023-05-09 21:23:11,CF401P14400,CF401P14400,241.0,0.0,0.0,0.0,5,234.0,238.0,15,256.0,246.0,246.0,241.0,110.0,26950.0,1074
2023-05-09 21:23:13,CF401P14400,CF401P14400,241.0,0.0,0.0,0.0,5,234.0,238.0,5,256.0,246.0,246.0,241.0,110.0,26950.0,1074
2023-05-09 21:23:16,CF401P14400,CF401P14400,241.0,0.0,0.0,0.0,5,234.0,238.0,15,256.0,246.0,246.0,241.0,110.0,26950.0,1074
2023-05-09 21:23:17,CF401P14400,CF401P14400,241.0,0.0,0.0,0.0,5,234.0,238.0,5,256.0,246.0,246.0,241.0,110.0,26950.0,1074
2023-05-09 21:23:18,CF401P14400,CF401P14400,241.0,0.0,0.0,0.0,5,234.0,238.0,15,256.0,246.0,246.0,241.0,110.0,26950.0,1074
2023-05-09 21:23:18,CF401P14400,CF401P14400,241.0,0.0,0.0,0.0,5,234.0,238.0,5,256.0,246.0,246.0,241.0,110.0,26950.0,1074
2023-05-09 21:23:30,CF401P14400,CF401P14400,241.0,0.0,0.0,0.0,5,234.0,239.0,15,256.0,246.0,246.0,241.0,110.0,26950.0,1074
2023-05-09 21:23:33,CF401P14400,CF401P14400,241.0,0.0,0.0,0.0,5,235.0,239.0,15,256.0,246.0,246.0,241.0,110.0,26950.0,1074
2023-05-09 21:23:34,CF401P14400,CF401P14400,241.0,0.0,0.0,0.0,5,235.0,239.0,5,256.0,246.0,246.0,241.0,110.0,26950.0,1074
2023-05-09 21:23:36,CF401P14400,CF401P14400,241.0,0.0,0.0,0.0,5,235.0,239.0,15,256.0,246.0,246.0,241.0,110.0,26950.0,1074
2023-05-09 21:23:37,CF401P14400,CF401P14400,241.0,0.0,0.0,0.0,5,235.0,239.0,5,256.0,246.0,246.0,241.0,110.0,26950.0,1074
2023-05-09 21:23:45,CF401P14400,CF401P14400,241.0,0.0,0.0,0.0,5,235.0,239.0,25,256.0,246.0,246.0,241.0,110.0,26950.0,1074
2023-05-09 21:23:46,CF401P14400,CF401P14400,241.0,0.0,0.0,0.0,5,235.0,239.0,35,256.0,246.0,246.0,241.0,110.0,26950.0,1074
2023-05-09 21:23:51,CF401P14400,CF401P14400,241.0,0.0,0.0,0.0,5,235.0,239.0,25,256.0,246.0,246.0,241.0,110.0,26950.0,1074
2023-05-09 21:23:55,CF401P14400,CF401P14400,241.0,0.0,0.0,0.0,5,235.0,239.0,15,256.0,246.0,246.0,241.0,110.0,26950.0,1074
2023-05-09 21:24:00,CF401P14400,CF401P14400,241.0,0.0,0.0,0.0,5,235.0,239.0,25,256.0,246.0,246.0,241.0,110.0,26950.0,1074
2023-05-09 21:24:04,CF401P14400,CF401P14400,241.0,0.0,0.0,0.0,5,235.0,239.0,15,256.0,246.0,246.0,241.0,110.0,26950.0,1074
2023-05-09 21:24:11,CF401P14400,CF401P14400,241.0,0.0,0.0,0.0,5,235.0,239.0,5,256.0,246.0,246.0,241.0,110.0,26950.0,1074
2023-05-09 21:24:18,CF401P14400,CF401P14400,241.0,0.0,0.0,0.0,5,235.0,240.0,20,256.0,246.0,246.0,241.0,110.0,26950.0,1074
2023-05-09 21:24:18,CF401P14400,CF401P14400,241.0,0.0,0.0,0.0,5,236.0,240.0,10,256.0,246.0,246.0,241.0,110.0,26950.0,1074
2023-05-09 21:24:19,CF401P14400,CF401P14400,241.0,0.0,0.0,0.0,5,236.0,241.0,20,256.0,246.0,246.0,241.0,110.0,26950.0,1074
2023-05-09 21:24:32,CF401P14400,CF401P14400,241.0,0.0,0.0,0.0,5,236.0,241.0,10,256.0,246.0,246.0,241.0,110.0,26950.0,1074
2023-05-09 21:24:34,CF401P14400,CF401P14400,241.0,0.0,0.0,0.0,5,237.0,242.0,55,256.0,246.0,246.0,241.0,110.0,26950.0,1074
2023-05-09 21:24:35,CF401P14400,CF401P14400,241.0,0.0,0.0,0.0,5,237.0,242.0,45,256.0,246.0,246.0,241.0,110.0,26950.0,1074
2023-05-09 21:24:36,CF401P14400,CF401P14400,241.0,0.0,0.0,0.0,5,237.0,242.0,35,256.0,246.0,246.0,241.0,110.0,26950.0,1074
2023-05-09 21:24:38,CF401P14400,CF401P14400,241.0,0.0,0.0,0.0,5,237.0,242.0,25,256.0,246.0,246.0,241.0,110.0,26950.0,1074
2023-05-09 21:24:40,CF401P14400,CF401P14400,241.0,0.0,0.0,0.0,5,237.0,242.0,35,256.0,246.0,246.0,241.0,110.0,26950.0,1074
2023-05-09 21:24:41,CF401P14400,CF401P14400,241.0,0.0,0.0,0.0,5,237.0,242.0,25,256.0,246.0,246.0,241.0,110.0,26950.0,1074
2023-05-09 21:24:44,CF401P14400,CF401P14400,241.0,0.0,0.0,0.0,5,237.0,242.0,35,256.0,246.0,246.0,241.0,110.0,26950.0,1074
2023-05-09 21:24:50,CF401P14400,CF401P14400,241.0,0.0,0.0,0.0,5,237.0,242.0,25,256.0,246.0,246.0,241.0,110.0,26950.0,1074
2023-05-09 21:25:02,CF401P14400,CF401P14400,241.0,0.0,0.0,0.0,5,237.0,242.0,15,256.0,246.0,246.0,241.0,110.0,26950.0,1074
2023-05-09 21:25:06,CF401P14400,CF401P14400,241.0,0.0,0.0,0.0,5,237.0,242.0,5,256.0,246.0,246.0,241.0,110.0,26950.0,1074
2023-05-09 21:25:07,CF401P14400,CF401P14400,241.0,0.0,0.0,0.0,5,237.0,243.0,40,256.0,246.0,246.0,241.0,110.0,26950.0,1074
2023-05-09 21:25:07,CF401P14400,CF401P14400,241.0,0.0,0.0,0.0,5,237.0,243.0,20,256.0,246.0,246.0,241.0,110.0,26950.0,1074
2023-05-09 21:25:08,CF401P14400,CF401P14400,241.0,0.0,0.0,0.0,25,237.0,243.0,20,256.0,246.0,246.0,241.0,110.0,26950.0,1074
2023-05-09 21:25:08,CF401P14400,CF401P14400,241.0,0.0,0.0,0.0,5,238.0,243.0,20,256.0,246.0,246.0,241.0,110.0,26950.0,1074
2023-05-09 21:25:10,CF401P14400,CF401P14400,241.0,0.0,0.0,0.0,5,239.0,243.0,20,256.0,246.0,246.0,241.0,110.0,26950.0,1074
2023-05-09 21:25:12,CF401P14400,CF401P14400,241.0,0.0,0.0,0.0,5,239.0,244.0,50,256.0,246.0,246.0,241.0,110.0,26950.0,1074
2023-05-09 21:25:13,CF401P14400,CF401P14400,241.0,0.0,0.0,0.0,5,239.0,244.0,40,256.0,246.0,246.0,241.0,110.0,26950.0,1074
2023-05-09 21:25:21,CF401P14400,CF401P14400,241.0,0.0,0.0,0.0,5,239.0,244.0,50,256.0,246.0,246.0,241.0,110.0,26950.0,1074
2023-05-09 21:25:22,CF401P14400,CF401P14400,241.0,0.0,0.0,0.0,5,239.0,244.0,55,256.0,246.0,246.0,241.0,110.0,26950.0,1074
2023-05-09 21:25:32,CF401P14400,CF401P14400,241.0,0.0,0.0,0.0,5,239.0,244.0,45,256.0,246.0,246.0,241.0,110.0,26950.0,1074
2023-05-09 21:25:33,CF401P14400,CF401P14400,241.0,0.0,0.0,0.0,5,239.0,244.0,35,256.0,246.0,246.0,241.0,110.0,26950.0,1074
2023-05-09 21:25:45,CF401P14400,CF401P14400,241.0,0.0,0.0,0.0,5,239.0,244.0,25,256.0,246.0,246.0,241.0,110.0,26950.0,1074
2023-05-09 21:26:25,CF401P14400,CF401P14400,241.0,0.0,0.0,0.0,5,239.0,244.0,15,256.0,246.0,246.0,241.0,110.0,26950.0,1074
2023-05-09 21:26:33,CF401P14400,CF401P14400,241.0,0.0,0.0,0.0,5,239.0,244.0,25,256.0,246.0,246.0,241.0,110.0,26950.0,1074
2023-05-09 21:26:42,CF401P14400,CF401P14400,241.0,0.0,0.0,0.0,5,239.0,244.0,15,256.0,246.0,246.0,241.0,110.0,26950.0,1074
2023-05-09 21:26:56,CF401P14400,CF401P14400,241.0,0.0,0.0,0.0,5,239.0,244.0,5,256.0,246.0,246.0,241.0,110.0,26950.0,1074
2023-05-09 21:27:32,CF401P14400,CF401P14400,241.0,0.0,0.0,0.0,5,239.0,243.0,5,256.0,246.0,246.0,241.0,110.0,26950.0,1074
2023-05-09 21:28:00,CF401P14400,CF401P14400,241.0,0.0,0.0,0.0,40,238.0,244.0,13,256.0,246.0,246.0,241.0,110.0,26950.0,1074
2023-05-09 21:28:01,CF401P14400,CF401P14400,241.0,0.0,0.0,0.0,43,238.0,244.0,13,256.0,246.0,246.0,241.0,110.0,26950.0,1074
2023-05-09 21:28:02,CF401P14400,CF401P14400,241.0,0.0,0.0,0.0,33,238.0,244.0,3,256.0,246.0,246.0,241.0,110.0,26950.0,1074
2023-05-09 21:28:03,CF401P14400,CF401P14400,241.0,0.0,0.0,0.0,43,238.0,244.0,3,256.0,246.0,246.0,241.0,110.0,26950.0,1074
2023-05-09 21:28:04,CF401P14400,CF401P14400,241.0,0.0,0.0,0.0,33,238.0,244.0,3,256.0,246.0,246.0,241.0,110.0,26950.0,1074
2023-05-09 21:28:06,CF401P14400,CF401P14400,241.0,0.0,0.0,0.0,43,238.0,244.0,3,256.0,246.0,246.0,241.0,110.0,26950.0,1074
2023-05-09 21:28:20,CF401P14400,CF401P14400,241.0,0.0,0.0,0.0,33,238.0,244.0,3,256.0,246.0,246.0,241.0,110.0,26950.0,1074
2023-05-09 21:28:22,CF401P14400,CF401P14400,241.0,0.0,0.0,0.0,43,238.0,244.0,3,256.0,246.0,246.0,241.0,110.0,26950.0,1074
2023-05-09 21:28:24,CF401P14400,CF401P14400,241.0,0.0,0.0,0.0,43,238.0,243.0,3,256.0,246.0,246.0,241.0,110.0,26950.0,1074
2023-05-09 21:28:27,CF401P14400,CF401P14400,241.0,0.0,0.0,0.0,23,238.0,243.0,3,256.0,246.0,246.0,241.0,110.0,26950.0,1074
2023-05-09 21:28:30,CF401P14400,CF401P14400,241.0,0.0,0.0,0.0,33,238.0,243.0,3,256.0,246.0,246.0,241.0,110.0,26950.0,1074
2023-05-09 21:28:36,CF401P14400,CF401P14400,241.0,0.0,0.0,0.0,23,238.0,243.0,3,256.0,246.0,246.0,241.0,110.0,26950.0,1074
2023-05-09 21:28:36,CF401P14400,CF401P14400,241.0,0.0,0.0,0.0,13,238.0,243.0,3,256.0,246.0,246.0,241.0,110.0,26950.0,1074
2023-05-09 21:28:40,CF401P14400,CF401P14400,241.0,0.0,0.0,0.0,23,238.0,243.0,3,256.0,246.0,246.0,241.0,110.0,26950.0,1074
2023-05-09 21:28:40,CF401P14400,CF401P14400,241.0,0.0,0.0,0.0,13,238.0,243.0,3,256.0,246.0,246.0,241.0,110.0,26950.0,1074
2023-05-09 21:28:44,CF401P14400,CF401P14400,241.0,0.0,0.0,0.0,23,238.0,243.0,3,256.0,246.0,246.0,241.0,110.0,26950.0,1074
2023-05-09 21:28:45,CF401P14400,CF401P14400,241.0,0.0,0.0,0.0,13,238.0,243.0,3,256.0,246.0,246.0,241.0,110.0,26950.0,1074
2023-05-09 21:28:46,CF401P14400,CF401P14400,241.0,0.0,0.0,0.0,23,238.0,243.0,3,256.0,246.0,246.0,241.0,110.0,26950.0,1074
2023-05-09 21:28:50,CF401P14400,CF401P14400,241.0,0.0,0.0,0.0,13,238.0,243.0,3,256.0,246.0,246.0,241.0,110.0,26950.0,1074
2023-05-09 21:28:53,CF401P14400,CF401P14400,241.0,0.0,0.0,0.0,13,238.0,243.0,13,256.0,246.0,246.0,241.0,110.0,26950.0,1074
2023-05-09 21:28:55,CF401P14400,CF401P14400,241.0,0.0,0.0,0.0,3,238.0,243.0,13,256.0,246.0,246.0,241.0,110.0,26950.0,1074
2023-05-09 21:28:58,CF401P14400,CF401P14400,241.0,0.0,0.0,0.0,3,238.0,242.0,3,256.0,246.0,246.0,241.0,110.0,26950.0,1074
2023-05-09 21:29:02,CF401P14400,CF401P14400,241.0,0.0,0.0,0.0,13,238.0,242.0,3,256.0,246.0,246.0,241.0,110.0,26950.0,1074
2023-05-09 21:29:03,CF401P14400,CF401P14400,241.0,0.0,0.0,0.0,3,238.0,242.0,3,256.0,246.0,246.0,241.0,110.0,26950.0,1074
2023-05-09 21:29:09,CF401P14400,CF401P14400,241.0,0.0,0.0,0.0,13,238.0,242.0,3,256.0,246.0,246.0,241.0,110.0,26950.0,1074
2023-05-09 21:29:17,CF401P14400,CF401P14400,241.0,0.0,0.0,0.0,3,238.0,242.0,3,256.0,246.0,246.0,241.0,110.0,26950.0,1074
2023-05-09 21:29:17,CF401P14400,CF401P14400,241.0,0.0,0.0,0.0,53,237.0,242.0,3,256.0,246.0,246.0,241.0,110.0,26950.0,1074
2023-05-09 21:29:18,CF401P14400,CF401P14400,241.0,0.0,0.0,0.0,43,237.0,242.0,3,256.0,246.0,246.0,241.0,110.0,26950.0,1074
2023-05-09 21:29:18,CF401P14400,CF401P14400,241.0,0.0,0.0,0.0,33,237.0,242.0,3,256.0,246.0,246.0,241.0,110.0,26950.0,1074
2023-05-09 21:29:20,CF401P14400,CF401P14400,241.0,0.0,0.0,0.0,43,237.0,242.0,3,256.0,246.0,246.0,241.0,110.0,26950.0,1074
2023-05-09 21:29:22,CF401P14400,CF401P14400,241.0,0.0,0.0,0.0,33,237.0,242.0,3,256.0,246.0,246.0,241.0,110.0,26950.0,1074
2023-05-09 21:29:22,CF401P14400,CF401P14400,241.0,0.0,0.0,0.0,23,237.0,242.0,3,256.0,246.0,246.0,241.0,110.0,26950.0,1074
2023-05-09 21:29:23,CF401P14400,CF401P14400,241.0,0.0,0.0,0.0,33,237.0,242.0,3,256.0,246.0,246.0,241.0,110.0,26950.0,1074
2023-05-09 21:29:29,CF401P14400,CF401P14400,241.0,0.0,0.0,0.0,43,237.0,242.0,3,256.0,246.0,246.0,241.0,110.0,26950.0,1074
2023-05-09 21:29:29,CF401P14400,CF401P14400,241.0,0.0,0.0,0.0,33,237.0,242.0,3,256.0,246.0,246.0,241.0,110.0,26950.0,1074
2023-05-09 21:29:30,CF401P14400,CF401P14400,241.0,0.0,0.0,0.0,43,237.0,242.0,3,256.0,246.0,246.0,241.0,110.0,26950.0,1074
2023-05-09 21:29:35,CF401P14400,CF401P14400,241.0,0.0,0.0,0.0,33,237.0,242.0,3,256.0,246.0,246.0,241.0,110.0,26950.0,1074
2023-05-09 21:30:03,CF401P14400,CF401P14400,241.0,0.0,0.0,0.0,33,237.0,243.0,23,256.0,246.0,246.0,241.0,110.0,26950.0,1074
2023-05-09 21:30:04,CF401P14400,CF401P14400,241.0,0.0,0.0,0.0,33,237.0,243.0,13,256.0,246.0,246.0,241.0,110.0,26950.0,1074
2023-05-09 21:30:04,CF401P14400,CF401P14400,241.0,0.0,0.0,0.0,3,238.0,243.0,13,256.0,246.0,246.0,241.0,110.0,26950.0,1074
2023-05-09 21:30:11,CF401P14400,CF401P14400,241.0,0.0,0.0,0.0,3,239.0,243.0,13,256.0,246.0,246.0,241.0,110.0,26950.0,1074
2023-05-09 21:30:13,CF401P14400,CF401P14400,241.0,0.0,0.0,0.0,3,239.0,243.0,3,256.0,246.0,246.0,241.0,110.0,26950.0,1074
2023-05-09 21:30:13,CF401P14400,CF401P14400,241.0,0.0,0.0,0.0,13,239.0,243.0,3,256.0,246.0,246.0,241.0,110.0,26950.0,1074
2023-05-09 21:30:13,CF401P14400,CF401P14400,241.0,0.0,0.0,0.0,23,239.0,243.0,3,256.0,246.0,246.0,241.0,110.0,26950.0,1074
2023-05-09 21:30:17,CF401P14400,CF401P14400,241.0,0.0,0.0,0.0,23,239.0,244.0,13,256.0,246.0,246.0,241.0,110.0,26950.0,1074
2023-05-09 21:30:17,CF401P14400,CF401P14400,241.0,0.0,0.0,0.0,23,239.0,244.0,3,256.0,246.0,246.0,241.0,110.0,26950.0,1074
2023-05-09 21:30:18,CF401P14400,CF401P14400,241.0,0.0,0.0,0.0,3,240.0,244.0,3,256.0,246.0,246.0,241.0,110.0,26950.0,1074
2023-05-09 21:30:25,CF401P14400,CF401P14400,241.0,0.0,0.0,0.0,3,240.0,244.0,13,256.0,246.0,246.0,241.0,110.0,26950.0,1074
2023-05-09 21:30:48,CF401P14400,CF401P14400,241.0,0.0,0.0,0.0,43,239.0,243.0,3,256.0,246.0,246.0,241.0,110.0,26950.0,1074
2023-05-09 21:30:48,CF401P14400,CF401P14400,241.0,0.0,0.0,0.0,33,239.0,243.0,3,256.0,246.0,246.0,241.0,110.0,26950.0,1074
2023-05-09 21:30:54,CF401P14400,CF401P14400,241.0,0.0,0.0,0.0,23,239.0,243.0,3,256.0,246.0,246.0,241.0,110.0,26950.0,1074
2023-05-09 21:30:54,CF401P14400,CF401P14400,241.0,0.0,0.0,0.0,33,239.0,243.0,3,256.0,246.0,246.0,241.0,110.0,26950.0,1074
2023-05-09 21:31:21,CF401P14400,CF401P14400,241.0,0.0,0.0,0.0,30,239.0,242.0,3,256.0,246.0,246.0,241.0,110.0,26950.0,1074
2023-05-09 21:31:23,CF401P14400,CF401P14400,241.0,0.0,0.0,0.0,10,239.0,242.0,3,256.0,246.0,246.0,241.0,110.0,26950.0,1074
2023-05-09 21:31:24,CF401P14400,CF401P14400,241.0,0.0,0.0,0.0,43,238.0,242.0,3,256.0,246.0,246.0,241.0,110.0,26950.0,1074
2023-05-09 21:31:24,CF401P14400,CF401P14400,241.0,0.0,0.0,0.0,33,238.0,242.0,3,256.0,246.0,246.0,241.0,110.0,26950.0,1074
2023-05-09 21:31:29,CF401P14400,CF401P14400,241.0,0.0,0.0,0.0,23,238.0,242.0,3,256.0,246.0,246.0,241.0,110.0,26950.0,1074
2023-05-09 21:31:30,CF401P14400,CF401P14400,241.0,0.0,0.0,0.0,13,238.0,242.0,3,256.0,246.0,246.0,241.0,110.0,26950.0,1074
2023-05-09 21:31:31,CF401P14400,CF401P14400,241.0,0.0,0.0,0.0,23,238.0,242.0,3,256.0,246.0,246.0,241.0,110.0,26950.0,1074
2023-05-09 21:31:32,CF401P14400,CF401P14400,241.0,0.0,0.0,0.0,33,238.0,242.0,3,256.0,246.0,246.0,241.0,110.0,26950.0,1074
2023-05-09 21:31:33,CF401P14400,CF401P14400,241.0,0.0,0.0,0.0,43,238.0,242.0,3,256.0,246.0,246.0,241.0,110.0,26950.0,1074
2023-05-09 21:31:36,CF401P14400,CF401P14400,241.0,0.0,0.0,0.0,33,238.0,242.0,3,256.0,246.0,246.0,241.0,110.0,26950.0,1074
2023-05-09 21:31:39,CF401P14400,CF401P14400,241.0,0.0,0.0,0.0,43,238.0,242.0,3,256.0,246.0,246.0,241.0,110.0,26950.0,1074
2023-05-09 21:31:53,CF401P14400,CF401P14400,241.0,0.0,0.0,0.0,33,238.0,242.0,3,256.0,246.0,246.0,241.0,110.0,26950.0,1074
2023-05-09 21:31:57,CF401P14400,CF401P14400,241.0,0.0,0.0,0.0,33,238.0,242.0,23,256.0,246.0,246.0,241.0,110.0,26950.0,1074
2023-05-09 21:32:09,CF401P14400,CF401P14400,241.0,0.0,0.0,0.0,10,238.0,241.0,13,256.0,246.0,246.0,241.0,110.0,26950.0,1074
2023-05-09 21:32:10,CF401P14400,CF401P14400,241.0,0.0,0.0,0.0,13,237.0,241.0,13,256.0,246.0,246.0,241.0,110.0,26950.0,1074
2023-05-09 21:32:10,CF401P14400,CF401P14400,241.0,0.0,0.0,0.0,23,237.0,241.0,13,256.0,246.0,246.0,241.0,110.0,26950.0,1074
2023-05-09 21:32:20,CF401P14400,CF401P14400,241.0,0.0,0.0,0.0,23,237.0,241.0,3,256.0,246.0,246.0,241.0,110.0,26950.0,1074
2023-05-09 21:32:34,CF401P14400,CF401P14400,241.0,0.0,0.0,0.0,13,237.0,241.0,3,256.0,246.0,246.0,241.0,110.0,26950.0,1074
2023-05-09 21:32:34,CF401P14400,CF401P14400,241.0,0.0,0.0,0.0,23,237.0,241.0,13,256.0,246.0,246.0,241.0,110.0,26950.0,1074
2023-05-09 21:32:35,CF401P14400,CF401P14400,241.0,0.0,0.0,0.0,13,237.0,241.0,13,256.0,246.0,246.0,241.0,110.0,26950.0,1074
2023-05-09 21:32:36,CF401P14400,CF401P14400,241.0,0.0,0.0,0.0,23,237.0,241.0,13,256.0,246.0,246.0,241.0,110.0,26950.0,1074
2023-05-09 21:32:49,CF401P14400,CF401P14400,241.0,0.0,0.0,0.0,13,237.0,241.0,13,256.0,246.0,246.0,241.0,110.0,26950.0,1074
2023-05-09 21:32:50,CF401P14400,CF401P14400,241.0,0.0,0.0,0.0,20,236.0,241.0,13,256.0,246.0,246.0,241.0,110.0,26950.0,1074
2023-05-09 21:32:51,CF401P14400,CF401P14400,241.0,0.0,0.0,0.0,10,236.0,241.0,13,256.0,246.0,246.0,241.0,110.0,26950.0,1074
2023-05-09 21:32:51,CF401P14400,CF401P14400,241.0,0.0,0.0,0.0,20,235.0,241.0,13,256.0,246.0,246.0,241.0,110.0,26950.0,1074
2023-05-09 21:32:51,CF401P14400,CF401P14400,241.0,0.0,0.0,0.0,40,235.0,241.0,13,256.0,246.0,246.0,241.0,110.0,26950.0,1074
2023-05-09 21:32:55,CF401P14400,CF401P14400,241.0,0.0,0.0,0.0,30,235.0,241.0,13,256.0,246.0,246.0,241.0,110.0,26950.0,1074
2023-05-09 21:33:02,CF401P14400,CF401P14400,241.0,0.0,0.0,0.0,33,235.0,241.0,13,256.0,246.0,246.0,241.0,110.0,26950.0,1074
2023-05-09 21:33:07,CF401P14400,CF401P14400,241.0,0.0,0.0,0.0,33,235.0,240.0,13,256.0,246.0,246.0,241.0,110.0,26950.0,1074
2023-05-09 21:33:22,CF401P14400,CF401P14400,241.0,0.0,0.0,0.0,33,235.0,239.0,10,256.0,246.0,246.0,241.0,110.0,26950.0,1074
2023-05-09 21:33:30,CF401P14400,CF401P14400,241.0,0.0,0.0,0.0,13,235.0,239.0,10,256.0,246.0,246.0,241.0,110.0,26950.0,1074
2023-05-09 21:33:30,CF401P14400,CF401P14400,241.0,0.0,0.0,0.0,3,235.0,239.0,10,256.0,246.0,246.0,241.0,110.0,26950.0,1074
2023-05-09 21:33:46,CF401P14400,CF401P14400,241.0,0.0,0.0,0.0,3,235.0,239.0,20,256.0,246.0,246.0,241.0,110.0,26950.0,1074
2023-05-09 21:34:06,CF401P14400,CF401P14400,241.0,0.0,0.0,0.0,3,235.0,239.0,10,256.0,246.0,246.0,241.0,110.0,26950.0,1074
2023-05-09 21:34:15,CF401P14400,CF401P14400,241.0,0.0,0.0,0.0,3,235.0,239.0,20,256.0,246.0,246.0,241.0,110.0,26950.0,1074
2023-05-09 21:34:26,CF401P14400,CF401P14400,241.0,0.0,0.0,0.0,3,235.0,239.0,10,256.0,246.0,246.0,241.0,110.0,26950.0,1074
2023-05-09 21:35:21,CF401P14400,CF401P14400,241.0,0.0,0.0,0.0,23,234.0,239.0,13,256.0,246.0,246.0,241.0,110.0,26950.0,1074
2023-05-09 21:35:22,CF401P14400,CF401P14400,241.0,0.0,0.0,0.0,10,235.0,239.0,13,256.0,246.0,246.0,241.0,110.0,26950.0,1074
2023-05-09 21:35:26,CF401P14400,CF401P14400,241.0,0.0,0.0,0.0,20,235.0,239.0,3,256.0,246.0,246.0,241.0,110.0,26950.0,1074
2023-05-09 21:35:27,CF401P14400,CF401P14400,241.0,0.0,0.0,0.0,10,235.0,239.0,3,256.0,246.0,246.0,241.0,110.0,26950.0,1074
2023-05-09 21:35:34,CF401P14400,CF401P14400,241.0,0.0,0.0,0.0,23,234.0,239.0,3,256.0,246.0,246.0,241.0,110.0,26950.0,1074
2023-05-09 21:35:35,CF401P14400,CF401P14400,241.0,0.0,0.0,0.0,13,234.0,239.0,3,256.0,246.0,246.0,241.0,110.0,26950.0,1074
2023-05-09 21:35:36,CF401P14400,CF401P14400,241.0,0.0,0.0,0.0,3,234.0,239.0,3,256.0,246.0,246.0,241.0,110.0,26950.0,1074
2023-05-09 21:35:41,CF401P14400,CF401P14400,241.0,0.0,0.0,0.0,3,235.0,239.0,3,256.0,246.0,246.0,241.0,110.0,26950.0,1074
2023-05-09 21:35:43,CF401P14400,CF401P14400,241.0,0.0,0.0,0.0,3,235.0,241.0,33,256.0,246.0,246.0,241.0,110.0,26950.0,1074
2023-05-09 21:35:43,CF401P14400,CF401P14400,241.0,0.0,0.0,0.0,13,235.0,241.0,33,256.0,246.0,246.0,241.0,110.0,26950.0,1074
2023-05-09 21:35:44,CF401P14400,CF401P14400,241.0,0.0,0.0,0.0,3,236.0,241.0,33,256.0,246.0,246.0,241.0,110.0,26950.0,1074
2023-05-09 21:35:51,CF401P14400,CF401P14400,241.0,0.0,0.0,0.0,3,236.0,241.0,23,256.0,246.0,246.0,241.0,110.0,26950.0,1074
2023-05-09 21:36:07,CF401P14400,CF401P14400,241.0,0.0,0.0,0.0,3,237.0,241.0,23,256.0,246.0,246.0,241.0,110.0,26950.0,1074
2023-05-09 21:36:13,CF401P14400,CF401P14400,241.0,0.0,0.0,0.0,3,237.0,241.0,13,256.0,246.0,246.0,241.0,110.0,26950.0,1074
2023-05-09 21:36:16,CF401P14400,CF401P14400,241.0,0.0,0.0,0.0,3,238.0,241.0,10,256.0,246.0,246.0,241.0,110.0,26950.0,1074
2023-05-09 21:36:17,CF401P14400,CF401P14400,241.0,0.0,0.0,0.0,3,238.0,242.0,53,256.0,246.0,246.0,241.0,110.0,26950.0,1074
2023-05-09 21:36:18,CF401P14400,CF401P14400,241.0,0.0,0.0,0.0,3,238.0,242.0,43,256.0,246.0,246.0,241.0,110.0,26950.0,1074
2023-05-09 21:36:31,CF401P14400,CF401P14400,241.0,0.0,0.0,0.0,3,238.0,242.0,33,256.0,246.0,246.0,241.0,110.0,26950.0,1074
2023-05-09 21:36:54,CF401P14400,CF401P14400,241.0,0.0,0.0,0.0,3,238.0,242.0,23,256.0,246.0,246.0,241.0,110.0,26950.0,1074
2023-05-09 21:36:59,CF401P14400,CF401P14400,241.0,0.0,0.0,0.0,23,237.0,242.0,33,256.0,246.0,246.0,241.0,110.0,26950.0,1074
2023-05-09 21:37:01,CF401P14400,CF401P14400,241.0,0.0,0.0,0.0,13,237.0,242.0,33,256.0,246.0,246.0,241.0,110.0,26950.0,1074
2023-05-09 21:37:04,CF401P14400,CF401P14400,241.0,0.0,0.0,0.0,13,237.0,241.0,3,256.0,246.0,246.0,241.0,110.0,26950.0,1074
2023-05-09 21:37:04,CF401P14400,CF401P14400,241.0,0.0,0.0,0.0,23,237.0,241.0,3,256.0,246.0,246.0,241.0,110.0,26950.0,1074
2023-05-09 21:37:20,CF401P14400,CF401P14400,241.0,0.0,0.0,0.0,13,237.0,241.0,3,256.0,246.0,246.0,241.0,110.0,26950.0,1074
2023-05-09 21:37:45,CF401P14400,CF401P14400,241.0,0.0,0.0,0.0,3,237.0,241.0,3,256.0,246.0,246.0,241.0,110.0,26950.0,1074
2023-05-09 21:37:48,CF401P14400,CF401P14400,241.0,0.0,0.0,0.0,13,237.0,241.0,3,256.0,246.0,246.0,241.0,110.0,26950.0,1074
2023-05-09 21:37:52,CF401P14400,CF401P14400,241.0,0.0,0.0,0.0,23,237.0,241.0,3,256.0,246.0,246.0,241.0,110.0,26950.0,1074
2023-05-09 21:37:59,CF401P14400,CF401P14400,241.0,0.0,0.0,0.0,13,237.0,241.0,3,256.0,246.0,246.0,241.0,110.0,26950.0,1074
2023-05-09 21:37:59,CF401P14400,CF401P14400,241.0,0.0,0.0,0.0,3,237.0,241.0,3,256.0,246.0,246.0,241.0,110.0,26950.0,1074
2023-05-09 21:38:13,CF401P14400,CF401P14400,241.0,0.0,0.0,0.0,13,237.0,242.0,3,256.0,246.0,246.0,241.0,110.0,26950.0,1074
2023-05-09 21:38:16,CF401P14400,CF401P14400,241.0,0.0,0.0,0.0,3,237.0,242.0,3,256.0,246.0,246.0,241.0,110.0,26950.0,1074
2023-05-09 21:38:18,CF401P14400,CF401P14400,241.0,0.0,0.0,0.0,13,237.0,242.0,3,256.0,246.0,246.0,241.0,110.0,26950.0,1074
2023-05-09 21:38:25,CF401P14400,CF401P14400,241.0,0.0,0.0,0.0,3,237.0,242.0,3,256.0,246.0,246.0,241.0,110.0,26950.0,1074
2023-05-09 21:38:27,CF401P14400,CF401P14400,241.0,0.0,0.0,0.0,13,237.0,242.0,3,256.0,246.0,246.0,241.0,110.0,26950.0,1074
2023-05-09 21:38:30,CF401P14400,CF401P14400,241.0,0.0,0.0,0.0,3,237.0,242.0,3,256.0,246.0,246.0,241.0,110.0,26950.0,1074
2023-05-09 21:38:33,CF401P14400,CF401P14400,241.0,0.0,0.0,0.0,13,237.0,242.0,3,256.0,246.0,246.0,241.0,110.0,26950.0,1074
2023-05-09 21:38:36,CF401P14400,CF401P14400,241.0,0.0,0.0,0.0,3,237.0,242.0,3,256.0,246.0,246.0,241.0,110.0,26950.0,1074
2023-05-09 21:38:40,CF401P14400,CF401P14400,241.0,0.0,0.0,0.0,13,237.0,242.0,3,256.0,246.0,246.0,241.0,110.0,26950.0,1074
2023-05-09 21:38:55,CF401P14400,CF401P14400,241.0,0.0,0.0,0.0,3,237.0,242.0,3,256.0,246.0,246.0,241.0,110.0,26950.0,1074
2023-05-09 21:39:03,CF401P14400,CF401P14400,241.0,0.0,0.0,0.0,13,237.0,242.0,3,256.0,246.0,246.0,241.0,110.0,26950.0,1074
2023-05-09 21:39:05,CF401P14400,CF401P14400,241.0,0.0,0.0,0.0,3,238.0,242.0,3,256.0,246.0,246.0,241.0,110.0,26950.0,1074
2023-05-09 21:39:29,CF401P14400,CF401P14400,241.0,0.0,0.0,0.0,13,238.0,242.0,3,256.0,246.0,246.0,241.0,110.0,26950.0,1074
2023-05-09 21:39:29,CF401P14400,CF401P14400,241.0,0.0,0.0,0.0,23,238.0,242.0,3,256.0,246.0,246.0,241.0,110.0,26950.0,1074
2023-05-09 21:39:30,CF401P14400,CF401P14400,241.0,0.0,0.0,0.0,23,238.0,244.0,10,256.0,246.0,246.0,241.0,110.0,26950.0,1074
2023-05-09 21:39:35,CF401P14400,CF401P14400,241.0,0.0,0.0,0.0,3,239.0,244.0,10,256.0,246.0,246.0,241.0,110.0,26950.0,1074
2023-05-09 21:40:02,CF401P14400,CF401P14400,241.0,0.0,0.0,0.0,3,239.0,244.0,13,256.0,246.0,246.0,241.0,110.0,26950.0,1074
2023-05-09 21:40:02,CF401P14400,CF401P14400,241.0,0.0,0.0,0.0,3,239.0,243.0,10,256.0,246.0,246.0,241.0,110.0,26950.0,1074
2023-05-09 21:40:06,CF401P14400,CF401P14400,241.0,0.0,0.0,0.0,3,239.0,244.0,23,256.0,246.0,246.0,241.0,110.0,26950.0,1074
2023-05-09 21:40:06,CF401P14400,CF401P14400,241.0,0.0,0.0,0.0,3,239.0,244.0,13,256.0,246.0,246.0,241.0,110.0,26950.0,1074
2023-05-09 21:40:06,CF401P14400,CF401P14400,241.0,0.0,0.0,0.0,3,239.0,244.0,23,256.0,246.0,246.0,241.0,110.0,26950.0,1074
2023-05-09 21:40:06,CF401P14400,CF401P14400,241.0,0.0,0.0,0.0,3,239.0,244.0,13,256.0,246.0,246.0,241.0,110.0,26950.0,1074
2023-05-09 21:40:28,CF401P14400,CF401P14400,241.0,0.0,0.0,0.0,3,239.0,244.0,3,256.0,246.0,246.0,241.0,110.0,26950.0,1074
2023-05-09 21:40:44,CF401P14400,CF401P14400,241.0,0.0,0.0,0.0,3,240.0,244.0,3,256.0,246.0,246.0,241.0,110.0,26950.0,1074
2023-05-09 21:40:49,CF401P14400,CF401P14400,241.0,0.0,0.0,0.0,23,240.0,245.0,3,256.0,246.0,246.0,241.0,110.0,26950.0,1074
2023-05-09 21:40:52,CF401P14400,CF401P14400,241.0,0.0,0.0,0.0,3,240.0,245.0,3,256.0,246.0,246.0,241.0,110.0,26950.0,1074
2023-05-09 21:41:13,CF401P14400,CF401P14400,241.0,0.0,0.0,0.0,20,241.0,245.0,3,256.0,246.0,246.0,241.0,110.0,26950.0,1074
2023-05-09 21:41:15,CF401P14400,CF401P14400,241.0,0.0,0.0,0.0,10,241.0,245.0,3,256.0,246.0,246.0,241.0,110.0,26950.0,1074
2023-05-09 21:41:17,CF401P14400,CF401P14400,241.0,0.0,0.0,0.0,20,241.0,245.0,3,256.0,246.0,246.0,241.0,110.0,26950.0,1074
2023-05-09 21:41:26,CF401P14400,CF401P14400,241.0,0.0,0.0,0.0,23,241.0,245.0,3,256.0,246.0,246.0,241.0,110.0,26950.0,1074
2023-05-09 21:41:27,CF401P14400,CF401P14400,241.0,0.0,0.0,0.0,33,241.0,245.0,3,256.0,246.0,246.0,241.0,110.0,26950.0,1074
2023-05-09 21:41:28,CF401P14400,CF401P14400,241.0,0.0,0.0,0.0,43,241.0,246.0,10,256.0,246.0,246.0,241.0,110.0,26950.0,1074
2023-05-09 21:41:29,CF401P14400,CF401P14400,241.0,0.0,0.0,0.0,53,241.0,248.0,33,256.0,246.0,246.0,241.0,110.0,26950.0,1074
2023-05-09 21:41:31,CF401P14400,CF401P14400,241.0,0.0,0.0,0.0,53,241.0,247.0,3,256.0,246.0,246.0,241.0,110.0,26950.0,1074
2023-05-09 21:41:34,CF401P14400,CF401P14400,241.0,0.0,0.0,0.0,43,241.0,247.0,3,256.0,246.0,246.0,241.0,110.0,26950.0,1074
2023-05-09 21:41:36,CF401P14400,CF401P14400,241.0,0.0,0.0,0.0,3,242.0,247.0,3,256.0,246.0,246.0,241.0,110.0,26950.0,1074
2023-05-09 21:42:11,CF401P14400,CF401P14400,241.0,0.0,0.0,0.0,3,242.0,246.0,3,256.0,246.0,246.0,241.0,110.0,26950.0,1074
2023-05-09 21:42:32,CF401P14400,CF401P14400,241.0,0.0,0.0,0.0,43,241.0,245.0,3,256.0,246.0,246.0,241.0,110.0,26950.0,1074
2023-05-09 21:42:32,CF401P14400,CF401P14400,241.0,0.0,0.0,0.0,13,241.0,245.0,13,256.0,246.0,246.0,241.0,110.0,26950.0,1074
2023-05-09 21:42:33,CF401P14400,CF401P14400,241.0,0.0,0.0,0.0,3,241.0,245.0,13,256.0,246.0,246.0,241.0,110.0,26950.0,1074
2023-05-09 21:42:35,CF401P14400,CF401P14400,241.0,0.0,0.0,0.0,3,241.0,245.0,23,256.0,246.0,246.0,241.0,110.0,26950.0,1074
2023-05-09 21:42:43,CF401P14400,CF401P14400,241.0,0.0,0.0,0.0,33,240.0,245.0,23,256.0,246.0,246.0,241.0,110.0,26950.0,1074
2023-05-09 21:42:44,CF401P14400,CF401P14400,241.0,0.0,0.0,0.0,23,240.0,245.0,23,256.0,246.0,246.0,241.0,110.0,26950.0,1074
2023-05-09 21:42:45,CF401P14400,CF401P14400,241.0,0.0,0.0,0.0,3,240.0,245.0,13,256.0,246.0,246.0,241.0,110.0,26950.0,1074
2023-05-09 21:42:59,CF401P14400,CF401P14400,241.0,0.0,0.0,0.0,3,240.0,244.0,3,256.0,246.0,246.0,241.0,110.0,26950.0,1074
2023-05-09 21:43:04,CF401P14400,CF401P14400,241.0,0.0,0.0,0.0,3,239.0,244.0,13,256.0,246.0,246.0,241.0,110.0,26950.0,1074
2023-05-09 21:43:05,CF401P14400,CF401P14400,241.0,0.0,0.0,0.0,3,239.0,243.0,3,256.0,246.0,246.0,241.0,110.0,26950.0,1074
2023-05-09 21:43:08,CF401P14400,CF401P14400,241.0,0.0,0.0,0.0,10,238.0,243.0,3,256.0,246.0,246.0,241.0,110.0,26950.0,1074
2023-05-09 21:43:09,CF401P14400,CF401P14400,241.0,0.0,0.0,0.0,30,237.0,243.0,3,256.0,246.0,246.0,241.0,110.0,26950.0,1074
2023-05-09 21:43:09,CF401P14400,CF401P14400,241.0,0.0,0.0,0.0,33,237.0,243.0,3,256.0,246.0,246.0,241.0,110.0,26950.0,1074
2023-05-09 21:43:14,CF401P14400,CF401P14400,241.0,0.0,0.0,0.0,13,237.0,242.0,20,256.0,246.0,246.0,241.0,110.0,26950.0,1074
2023-05-09 21:43:14,CF401P14400,CF401P14400,241.0,0.0,0.0,0.0,3,237.0,242.0,20,256.0,246.0,246.0,241.0,110.0,26950.0,1074
2023-05-09 21:43:15,CF401P14400,CF401P14400,241.0,0.0,0.0,0.0,13,237.0,242.0,20,256.0,246.0,246.0,241.0,110.0,26950.0,1074
2023-05-09 21:43:25,CF401P14400,CF401P14400,241.0,0.0,0.0,0.0,3,238.0,242.0,10,256.0,246.0,246.0,241.0,110.0,26950.0,1074
2023-05-09 21:43:26,CF401P14400,CF401P14400,241.0,0.0,0.0,0.0,3,238.0,243.0,3,256.0,246.0,246.0,241.0,110.0,26950.0,1074
2023-05-09 21:44:01,CF401P14400,CF401P14400,241.0,0.0,0.0,0.0,3,238.0,243.0,13,256.0,246.0,246.0,241.0,110.0,26950.0,1074
2023-05-09 21:44:13,CF401P14400,CF401P14400,241.0,0.0,0.0,0.0,3,238.0,242.0,3,256.0,246.0,246.0,241.0,110.0,26950.0,1074
2023-05-09 21:44:37,CF401P14400,CF401P14400,241.0,0.0,0.0,0.0,3,238.0,241.0,10,256.0,246.0,246.0,241.0,110.0,26950.0,1074
2023-05-09 21:44:40,CF401P14400,CF401P14400,241.0,0.0,0.0,0.0,3,238.0,241.0,20,256.0,246.0,246.0,241.0,110.0,26950.0,1074
2023-05-09 21:44:41,CF401P14400,CF401P14400,241.0,0.0,0.0,0.0,13,237.0,241.0,23,256.0,246.0,246.0,241.0,110.0,26950.0,1074
2023-05-09 21:44:46,CF401P14400,CF401P14400,241.0,0.0,0.0,0.0,3,237.0,241.0,13,256.0,246.0,246.0,241.0,110.0,26950.0,1074
2023-05-09 21:44:47,CF401P14400,CF401P14400,241.0,0.0,0.0,0.0,3,237.0,241.0,23,256.0,246.0,246.0,241.0,110.0,26950.0,1074
2023-05-09 21:45:17,CF401P14400,CF401P14400,241.0,0.0,0.0,0.0,3,237.0,241.0,3,256.0,246.0,246.0,241.0,110.0,26950.0,1074
2023-05-09 21:45:39,CF401P14400,CF401P14400,241.0,0.0,0.0,0.0,23,236.0,241.0,23,256.0,246.0,246.0,241.0,110.0,26950.0,1074
2023-05-09 21:45:39,CF401P14400,CF401P14400,241.0,0.0,0.0,0.0,23,236.0,241.0,13,256.0,246.0,246.0,241.0,110.0,26950.0,1074
2023-05-09 21:45:40,CF401P14400,CF401P14400,241.0,0.0,0.0,0.0,13,236.0,241.0,13,256.0,246.0,246.0,241.0,110.0,26950.0,1074
2023-05-09 21:45:42,CF401P14400,CF401P14400,241.0,0.0,0.0,0.0,13,236.0,241.0,23,256.0,246.0,246.0,241.0,110.0,26950.0,1074
2023-05-09 21:45:42,CF401P14400,CF401P14400,241.0,0.0,0.0,0.0,3,236.0,241.0,23,256.0,246.0,246.0,241.0,110.0,26950.0,1074
2023-05-09 21:45:57,CF401P14400,CF401P14400,241.0,0.0,0.0,0.0,3,236.0,240.0,3,256.0,246.0,246.0,241.0,110.0,26950.0,1074
2023-05-09 21:46:02,CF401P14400,CF401P14400,241.0,0.0,0.0,0.0,13,236.0,240.0,3,256.0,246.0,246.0,241.0,110.0,26950.0,1074
2023-05-09 21:46:23,CF401P14400,CF401P14400,241.0,0.0,0.0,0.0,23,236.0,240.0,3,256.0,246.0,246.0,241.0,110.0,26950.0,1074
2023-05-09 21:46:28,CF401P14400,CF401P14400,241.0,0.0,0.0,0.0,1,237.0,240.0,3,256.0,246.0,246.0,241.0,110.0,26950.0,1074
2023-05-09 21:46:28,CF401P14400,CF401P14400,241.0,0.0,0.0,0.0,1,238.0,240.0,3,256.0,246.0,246.0,241.0,110.0,26950.0,1074
2023-05-09 21:46:29,CF401P14400,CF401P14400,241.0,0.0,0.0,0.0,1,239.0,240.0,3,256.0,246.0,246.0,241.0,110.0,26950.0,1074
2023-05-09 21:46:29,CF401P14400,CF401P14400,239.0,1.0,245.0,-1.0,1,239.0,240.0,3,256.0,246.0,246.0,239.0,111.0,27195.0,1073
2023-05-09 21:46:29,CF401P14400,CF401P14400,239.0,1.0,245.0,-1.0,11,238.0,240.0,3,256.0,246.0,246.0,239.0,112.0,27440.0,1072
2023-05-09 21:46:30,CF401P14400,CF401P14400,239.0,1.0,245.0,-1.0,11,238.0,240.0,3,256.0,246.0,246.0,239.0,113.0,27685.0,1071
2023-05-09 21:46:30,CF401P14400,CF401P14400,239.0,1.0,245.0,-1.0,11,238.0,240.0,3,256.0,246.0,246.0,239.0,114.0,27930.0,1070
2023-05-09 21:46:31,CF401P14400,CF401P14400,239.0,1.0,245.0,-1.0,11,238.0,240.0,3,256.0,246.0,246.0,239.0,115.0,28175.0,1069
2023-05-09 21:46:32,CF401P14400,CF401P14400,239.0,0.0,0.0,0.0,1,238.0,240.0,3,256.0,246.0,246.0,239.0,115.0,28175.0,1069
2023-05-09 21:46:36,CF401P14400,CF401P14400,239.0,0.0,0.0,0.0,1,239.0,240.0,3,256.0,246.0,246.0,239.0,115.0,28175.0,1069
2023-05-09 21:46:36,CF401P14400,CF401P14400,239.0,1.0,245.0,-1.0,1,238.0,240.0,3,256.0,246.0,246.0,239.0,116.0,28420.0,1068
2023-05-09 21:46:36,CF401P14400,CF401P14400,239.0,0.0,0.0,0.0,11,238.0,240.0,3,256.0,246.0,246.0,239.0,116.0,28420.0,1068
2023-05-09 21:46:37,CF401P14400,CF401P14400,239.0,1.0,245.0,-1.0,11,238.0,240.0,3,256.0,246.0,246.0,239.0,117.0,28665.0,1067
2023-05-09 21:46:38,CF401P14400,CF401P14400,239.0,1.0,245.0,-1.0,11,238.0,240.0,3,256.0,246.0,246.0,239.0,118.0,28910.0,1066
2023-05-09 21:46:39,CF401P14400,CF401P14400,239.0,0.0,0.0,0.0,1,239.0,240.0,3,256.0,246.0,246.0,239.0,118.0,28910.0,1066
2023-05-09 21:46:41,CF401P14400,CF401P14400,239.0,0.0,0.0,0.0,11,238.0,240.0,3,256.0,246.0,246.0,239.0,118.0,28910.0,1066
2023-05-09 21:46:41,CF401P14400,CF401P14400,239.0,0.0,0.0,0.0,10,238.0,240.0,3,256.0,246.0,246.0,239.0,118.0,28910.0,1066
2023-05-09 21:46:42,CF401P14400,CF401P14400,239.0,0.0,0.0,0.0,1,239.0,240.0,3,256.0,246.0,246.0,239.0,118.0,28910.0,1066
2023-05-09 21:46:42,CF401P14400,CF401P14400,239.0,0.0,0.0,0.0,2,239.0,240.0,3,256.0,246.0,246.0,239.0,118.0,28910.0,1066
2023-05-09 21:46:47,CF401P14400,CF401P14400,239.0,2.0,490.0,-2.0,10,237.0,240.0,3,256.0,246.0,246.0,239.0,120.0,29400.0,1064
2023-05-09 21:46:47,CF401P14400,CF401P14400,239.0,0.0,0.0,0.0,10,238.0,240.0,3,256.0,246.0,246.0,239.0,120.0,29400.0,1064
2023-05-09 21:46:48,CF401P14400,CF401P14400,239.0,0.0,0.0,0.0,10,237.0,240.0,3,256.0,246.0,246.0,239.0,120.0,29400.0,1064
2023-05-09 21:46:49,CF401P14400,CF401P14400,239.0,0.0,0.0,0.0,33,236.0,240.0,3,256.0,246.0,246.0,239.0,120.0,29400.0,1064
2023-05-09 21:47:06,CF401P14400,CF401P14400,239.0,0.0,0.0,0.0,23,236.0,240.0,3,256.0,246.0,246.0,239.0,120.0,29400.0,1064
2023-05-09 21:47:07,CF401P14400,CF401P14400,239.0,0.0,0.0,0.0,13,236.0,240.0,3,256.0,246.0,246.0,239.0,120.0,29400.0,1064
2023-05-09 21:47:28,CF401P14400,CF401P14400,239.0,0.0,0.0,0.0,13,236.0,241.0,23,256.0,246.0,246.0,239.0,120.0,29400.0,1064
2023-05-09 21:47:29,CF401P14400,CF401P14400,239.0,0.0,0.0,0.0,5,237.0,241.0,3,256.0,246.0,246.0,239.0,120.0,29400.0,1064
2023-05-09 21:47:39,CF401P14400,CF401P14400,239.0,0.0,0.0,0.0,5,237.0,241.0,13,256.0,246.0,246.0,239.0,120.0,29400.0,1064
2023-05-09 21:48:58,CF401P14400,CF401P14400,239.0,0.0,0.0,0.0,1,239.0,241.0,13,256.0,246.0,246.0,239.0,120.0,29400.0,1064
2023-05-09 21:48:58,CF401P14400,CF401P14400,240.0,2.0,368.0,0.0,5,237.0,241.0,13,256.0,246.0,246.0,239.0,122.0,29768.0,1064
2023-05-09 21:48:59,CF401P14400,CF401P14400,239.0,1.0,244.0,0.0,5,237.0,241.0,13,256.0,246.0,246.0,239.0,123.0,30012.0,1064
2023-05-09 21:48:59,CF401P14400,CF401P14400,239.0,0.0,0.0,0.0,1,238.0,241.0,13,256.0,246.0,246.0,239.0,123.0,30012.0,1064
2023-05-09 21:49:00,CF401P14400,CF401P14400,239.0,0.0,0.0,0.0,5,237.0,241.0,13,256.0,246.0,246.0,239.0,123.0,30012.0,1064
2023-05-09 21:49:05,CF401P14400,CF401P14400,239.0,0.0,0.0,0.0,13,236.0,241.0,13,256.0,246.0,246.0,239.0,123.0,30012.0,1064
2023-05-09 21:49:06,CF401P14400,CF401P14400,239.0,0.0,0.0,0.0,13,236.0,240.0,5,256.0,246.0,246.0,239.0,123.0,30012.0,1064
2023-05-09 21:49:07,CF401P14400,CF401P14400,239.0,0.0,0.0,0.0,3,236.0,240.0,5,256.0,246.0,246.0,239.0,123.0,30012.0,1064
2023-05-09 21:50:15,CF401P14400,CF401P14400,239.0,0.0,0.0,0.0,3,236.0,240.0,25,256.0,246.0,246.0,239.0,123.0,30012.0,1064
2023-05-09 21:50:16,CF401P14400,CF401P14400,239.0,0.0,0.0,0.0,3,236.0,240.0,15,256.0,246.0,246.0,239.0,123.0,30012.0,1064
2023-05-09 21:50:16,CF401P14400,CF401P14400,239.0,0.0,0.0,0.0,3,236.0,240.0,5,256.0,246.0,246.0,239.0,123.0,30012.0,1064
2023-05-09 21:50:20,CF401P14400,CF401P14400,239.0,0.0,0.0,0.0,3,236.0,240.0,15,256.0,246.0,246.0,239.0,123.0,30012.0,1064
2023-05-09 21:50:23,CF401P14400,CF401P14400,239.0,0.0,0.0,0.0,3,236.0,240.0,25,256.0,246.0,246.0,239.0,123.0,30012.0,1064
2023-05-09 21:50:26,CF401P14400,CF401P14400,239.0,0.0,0.0,0.0,3,236.0,240.0,15,256.0,246.0,246.0,239.0,123.0,30012.0,1064
2023-05-09 21:50:27,CF401P14400,CF401P14400,239.0,0.0,0.0,0.0,3,236.0,240.0,25,256.0,246.0,246.0,239.0,123.0,30012.0,1064
2023-05-09 21:50:52,CF401P14400,CF401P14400,239.0,0.0,0.0,0.0,3,236.0,240.0,15,256.0,246.0,246.0,239.0,123.0,30012.0,1064
2023-05-09 21:50:52,CF401P14400,CF401P14400,239.0,0.0,0.0,0.0,3,236.0,240.0,5,256.0,246.0,246.0,239.0,123.0,30012.0,1064
2023-05-09 21:51:37,CF401P14400,CF401P14400,239.0,0.0,0.0,0.0,30,235.0,240.0,5,256.0,246.0,246.0,239.0,123.0,30012.0,1064
2023-05-09 21:51:37,CF401P14400,CF401P14400,239.0,0.0,0.0,0.0,20,235.0,240.0,5,256.0,246.0,246.0,239.0,123.0,30012.0,1064
2023-05-09 21:51:40,CF401P14400,CF401P14400,239.0,0.0,0.0,0.0,10,235.0,240.0,5,256.0,246.0,246.0,239.0,123.0,30012.0,1064
2023-05-09 21:51:52,CF401P14400,CF401P14400,239.0,0.0,0.0,0.0,75,234.0,240.0,5,256.0,246.0,246.0,239.0,123.0,30012.0,1064
2023-05-09 21:51:57,CF401P14400,CF401P14400,239.0,0.0,0.0,0.0,65,234.0,240.0,5,256.0,246.0,246.0,239.0,123.0,30012.0,1064
2023-05-09 21:52:10,CF401P14400,CF401P14400,239.0,0.0,0.0,0.0,55,234.0,240.0,5,256.0,246.0,246.0,239.0,123.0,30012.0,1064
2023-05-09 21:52:15,CF401P14400,CF401P14400,239.0,0.0,0.0,0.0,10,235.0,240.0,5,256.0,246.0,246.0,239.0,123.0,30012.0,1064
2023-05-09 21:52:15,CF401P14400,CF401P14400,239.0,0.0,0.0,0.0,20,235.0,240.0,5,256.0,246.0,246.0,239.0,123.0,30012.0,1064
2023-05-09 21:52:20,CF401P14400,CF401P14400,239.0,0.0,0.0,0.0,10,235.0,240.0,5,256.0,246.0,246.0,239.0,123.0,30012.0,1064
2023-05-09 21:52:20,CF401P14400,CF401P14400,239.0,0.0,0.0,0.0,75,234.0,240.0,5,256.0,246.0,246.0,239.0,123.0,30012.0,1064
2023-05-09 21:52:24,CF401P14400,CF401P14400,239.0,0.0,0.0,0.0,65,234.0,240.0,5,256.0,246.0,246.0,239.0,123.0,30012.0,1064
2023-05-09 21:52:35,CF401P14400,CF401P14400,239.0,0.0,0.0,0.0,65,234.0,239.0,5,256.0,246.0,246.0,239.0,123.0,30012.0,1064
2023-05-09 21:52:36,CF401P14400,CF401P14400,239.0,0.0,0.0,0.0,55,234.0,239.0,5,256.0,246.0,246.0,239.0,123.0,30012.0,1064
2023-05-09 21:52:59,CF401P14400,CF401P14400,239.0,0.0,0.0,0.0,5,235.0,239.0,5,256.0,246.0,246.0,239.0,123.0,30012.0,1064
2023-05-09 21:53:16,CF401P14400,CF401P14400,239.0,0.0,0.0,0.0,15,235.0,239.0,5,256.0,246.0,246.0,239.0,123.0,30012.0,1064
2023-05-09 21:53:56,CF401P14400,CF401P14400,239.0,0.0,0.0,0.0,5,235.0,239.0,5,256.0,246.0,246.0,239.0,123.0,30012.0,1064
2023-05-09 21:54:56,CF401P14400,CF401P14400,239.0,0.0,0.0,0.0,15,235.0,239.0,5,256.0,246.0,246.0,239.0,123.0,30012.0,1064
2023-05-09 21:55:02,CF401P14400,CF401P14400,239.0,0.0,0.0,0.0,5,235.0,239.0,5,256.0,246.0,246.0,239.0,123.0,30012.0,1064
2023-05-09 21:56:16,CF401P14400,CF401P14400,239.0,0.0,0.0,0.0,5,235.0,240.0,5,256.0,246.0,246.0,239.0,123.0,30012.0,1064
2023-05-09 21:56:17,CF401P14400,CF401P14400,239.0,0.0,0.0,0.0,15,235.0,240.0,5,256.0,246.0,246.0,239.0,123.0,30012.0,1064
2023-05-09 21:56:17,CF401P14400,CF401P14400,239.0,0.0,0.0,0.0,5,236.0,240.0,5,256.0,246.0,246.0,239.0,123.0,30012.0,1064
2023-05-09 21:56:31,CF401P14400,CF401P14400,239.0,0.0,0.0,0.0,15,237.0,241.0,3,256.0,246.0,246.0,239.0,123.0,30012.0,1064
2023-05-09 21:56:36,CF401P14400,CF401P14400,239.0,0.0,0.0,0.0,25,237.0,241.0,3,256.0,246.0,246.0,239.0,123.0,30012.0,1064
2023-05-09 21:56:37,CF401P14400,CF401P14400,239.0,0.0,0.0,0.0,15,237.0,241.0,3,256.0,246.0,246.0,239.0,123.0,30012.0,1064
2023-05-09 21:57:02,CF401P14400,CF401P14400,239.0,0.0,0.0,0.0,5,237.0,241.0,3,256.0,246.0,246.0,239.0,123.0,30012.0,1064
2023-05-09 21:57:07,CF401P14400,CF401P14400,239.0,0.0,0.0,0.0,25,236.0,241.0,13,256.0,246.0,246.0,239.0,123.0,30012.0,1064
2023-05-09 21:57:07,CF401P14400,CF401P14400,239.0,0.0,0.0,0.0,15,236.0,241.0,13,256.0,246.0,246.0,239.0,123.0,30012.0,1064
2023-05-09 21:57:08,CF401P14400,CF401P14400,239.0,0.0,0.0,0.0,5,236.0,241.0,13,256.0,246.0,246.0,239.0,123.0,30012.0,1064
2023-05-09 21:57:15,CF401P14400,CF401P14400,239.0,0.0,0.0,0.0,5,236.0,240.0,5,256.0,246.0,246.0,239.0,123.0,30012.0,1064
2023-05-09 21:57:22,CF401P14400,CF401P14400,239.0,0.0,0.0,0.0,5,235.0,239.0,5,256.0,246.0,246.0,239.0,123.0,30012.0,1064
2023-05-09 21:57:24,CF401P14400,CF401P14400,239.0,0.0,0.0,0.0,25,234.0,239.0,5,256.0,246.0,246.0,239.0,123.0,30012.0,1064
2023-05-09 21:57:25,CF401P14400,CF401P14400,239.0,0.0,0.0,0.0,15,234.0,239.0,5,256.0,246.0,246.0,239.0,123.0,30012.0,1064
2023-05-09 21:57:33,CF401P14400,CF401P14400,239.0,0.0,0.0,0.0,5,234.0,239.0,5,256.0,246.0,246.0,239.0,123.0,30012.0,1064
2023-05-09 21:58:00,CF401P14400,CF401P14400,239.0,0.0,0.0,0.0,5,234.0,238.0,5,256.0,246.0,246.0,239.0,123.0,30012.0,1064
2023-05-09 21:58:01,CF401P14400,CF401P14400,239.0,0.0,0.0,0.0,5,234.0,238.0,15,256.0,246.0,246.0,239.0,123.0,30012.0,1064
2023-05-09 21:58:21,CF401P14400,CF401P14400,239.0,0.0,0.0,0.0,5,234.0,238.0,25,256.0,246.0,246.0,239.0,123.0,30012.0,1064
2023-05-09 21:58:35,CF401P14400,CF401P14400,239.0,0.0,0.0,0.0,20,233.0,238.0,25,256.0,246.0,246.0,239.0,123.0,30012.0,1064
2023-05-09 21:58:36,CF401P14400,CF401P14400,239.0,0.0,0.0,0.0,20,233.0,237.0,5,256.0,246.0,246.0,239.0,123.0,30012.0,1064
2023-05-09 21:58:37,CF401P14400,CF401P14400,239.0,0.0,0.0,0.0,50,232.0,237.0,5,256.0,246.0,246.0,239.0,123.0,30012.0,1064
2023-05-09 21:58:42,CF401P14400,CF401P14400,239.0,0.0,0.0,0.0,40,232.0,237.0,5,256.0,246.0,246.0,239.0,123.0,30012.0,1064
2023-05-09 21:58:48,CF401P14400,CF401P14400,239.0,0.0,0.0,0.0,30,232.0,237.0,5,256.0,246.0,246.0,239.0,123.0,30012.0,1064
2023-05-09 21:58:53,CF401P14400,CF401P14400,239.0,0.0,0.0,0.0,20,232.0,237.0,5,256.0,246.0,246.0,239.0,123.0,30012.0,1064
2023-05-09 21:58:54,CF401P14400,CF401P14400,239.0,0.0,0.0,0.0,10,232.0,237.0,5,256.0,246.0,246.0,239.0,123.0,30012.0,1064
2023-05-09 21:58:54,CF401P14400,CF401P14400,239.0,0.0,0.0,0.0,45,231.0,237.0,5,256.0,246.0,246.0,239.0,123.0,30012.0,1064
2023-05-09 21:59:00,CF401P14400,CF401P14400,239.0,0.0,0.0,0.0,43,231.0,237.0,3,256.0,246.0,246.0,239.0,123.0,30012.0,1064
2023-05-09 21:59:19,CF401P14400,CF401P14400,239.0,0.0,0.0,0.0,53,231.0,237.0,3,256.0,246.0,246.0,239.0,123.0,30012.0,1064
2023-05-09 21:59:28,CF401P14400,CF401P14400,239.0,0.0,0.0,0.0,43,231.0,237.0,3,256.0,246.0,246.0,239.0,123.0,30012.0,1064
2023-05-09 21:59:31,CF401P14400,CF401P14400,239.0,0.0,0.0,0.0,53,231.0,237.0,3,256.0,246.0,246.0,239.0,123.0,30012.0,1064
2023-05-09 21:59:36,CF401P14400,CF401P14400,239.0,0.0,0.0,0.0,43,231.0,237.0,3,256.0,246.0,246.0,239.0,123.0,30012.0,1064
2023-05-09 21:59:44,CF401P14400,CF401P14400,239.0,0.0,0.0,0.0,53,231.0,237.0,3,256.0,246.0,246.0,239.0,123.0,30012.0,1064
2023-05-09 21:59:47,CF401P14400,CF401P14400,239.0,0.0,0.0,0.0,43,231.0,237.0,23,256.0,246.0,246.0,239.0,123.0,30012.0,1064
2023-05-09 22:00:02,CF401P14400,CF401P14400,239.0,0.0,0.0,0.0,43,231.0,236.0,3,256.0,246.0,246.0,239.0,123.0,30012.0,1064
2023-05-09 22:00:11,CF401P14400,CF401P14400,239.0,0.0,0.0,0.0,13,232.0,236.0,3,256.0,246.0,246.0,239.0,123.0,30012.0,1064
2023-05-09 22:00:11,CF401P14400,CF401P14400,239.0,0.0,0.0,0.0,23,232.0,236.0,3,256.0,246.0,246.0,239.0,123.0,30012.0,1064
2023-05-09 22:00:14,CF401P14400,CF401P14400,239.0,0.0,0.0,0.0,13,232.0,236.0,3,256.0,246.0,246.0,239.0,123.0,30012.0,1064
2023-05-09 22:00:27,CF401P14400,CF401P14400,239.0,0.0,0.0,0.0,3,232.0,236.0,3,256.0,246.0,246.0,239.0,123.0,30012.0,1064
2023-05-09 22:00:42,CF401P14400,CF401P14400,239.0,0.0,0.0,0.0,3,233.0,237.0,13,256.0,246.0,246.0,239.0,123.0,30012.0,1064
2023-05-09 22:00:43,CF401P14400,CF401P14400,239.0,0.0,0.0,0.0,3,233.0,237.0,3,256.0,246.0,246.0,239.0,123.0,30012.0,1064
2023-05-09 22:00:48,CF401P14400,CF401P14400,239.0,0.0,0.0,0.0,13,233.0,237.0,3,256.0,246.0,246.0,239.0,123.0,30012.0,1064
2023-05-09 22:01:37,CF401P14400,CF401P14400,239.0,0.0,0.0,0.0,13,232.0,237.0,3,256.0,246.0,246.0,239.0,123.0,30012.0,1064
2023-05-09 22:01:38,CF401P14400,CF401P14400,239.0,0.0,0.0,0.0,13,232.0,236.0,10,256.0,246.0,246.0,239.0,123.0,30012.0,1064
2023-05-09 22:01:39,CF401P14400,CF401P14400,239.0,0.0,0.0,0.0,3,232.0,236.0,13,256.0,246.0,246.0,239.0,123.0,30012.0,1064
2023-05-09 22:01:41,CF401P14400,CF401P14400,239.0,0.0,0.0,0.0,3,232.0,236.0,23,256.0,246.0,246.0,239.0,123.0,30012.0,1064
2023-05-09 22:02:07,CF401P14400,CF401P14400,239.0,0.0,0.0,0.0,3,232.0,236.0,13,256.0,246.0,246.0,239.0,123.0,30012.0,1064
2023-05-09 22:02:08,CF401P14400,CF401P14400,239.0,0.0,0.0,0.0,3,232.0,236.0,23,256.0,246.0,246.0,239.0,123.0,30012.0,1064
2023-05-09 22:02:10,CF401P14400,CF401P14400,239.0,0.0,0.0,0.0,23,231.0,236.0,23,256.0,246.0,246.0,239.0,123.0,30012.0,1064
2023-05-09 22:02:11,CF401P14400,CF401P14400,239.0,0.0,0.0,0.0,13,231.0,236.0,33,256.0,246.0,246.0,239.0,123.0,30012.0,1064
2023-05-09 22:02:12,CF401P14400,CF401P14400,239.0,0.0,0.0,0.0,23,231.0,236.0,23,256.0,246.0,246.0,239.0,123.0,30012.0,1064
2023-05-09 22:02:13,CF401P14400,CF401P14400,239.0,0.0,0.0,0.0,13,231.0,236.0,23,256.0,246.0,246.0,239.0,123.0,30012.0,1064
2023-05-09 22:02:14,CF401P14400,CF401P14400,239.0,0.0,0.0,0.0,23,231.0,236.0,23,256.0,246.0,246.0,239.0,123.0,30012.0,1064
2023-05-09 22:02:16,CF401P14400,CF401P14400,239.0,0.0,0.0,0.0,13,231.0,236.0,23,256.0,246.0,246.0,239.0,123.0,30012.0,1064
2023-05-09 22:02:19,CF401P14400,CF401P14400,239.0,0.0,0.0,0.0,23,231.0,236.0,23,256.0,246.0,246.0,239.0,123.0,30012.0,1064
2023-05-09 22:02:26,CF401P14400,CF401P14400,239.0,0.0,0.0,0.0,13,231.0,236.0,23,256.0,246.0,246.0,239.0,123.0,30012.0,1064
2023-05-09 22:02:26,CF401P14400,CF401P14400,239.0,0.0,0.0,0.0,3,231.0,236.0,23,256.0,246.0,246.0,239.0,123.0,30012.0,1064
2023-05-09 22:03:15,CF401P14400,CF401P14400,239.0,0.0,0.0,0.0,3,232.0,236.0,23,256.0,246.0,246.0,239.0,123.0,30012.0,1064
2023-05-09 22:03:23,CF401P14400,CF401P14400,239.0,0.0,0.0,0.0,3,232.0,236.0,3,256.0,246.0,246.0,239.0,123.0,30012.0,1064
2023-05-09 22:03:30,CF401P14400,CF401P14400,239.0,0.0,0.0,0.0,3,232.0,237.0,3,256.0,246.0,246.0,239.0,123.0,30012.0,1064
2023-05-09 22:03:45,CF401P14400,CF401P14400,239.0,0.0,0.0,0.0,3,233.0,237.0,3,256.0,246.0,246.0,239.0,123.0,30012.0,1064
2023-05-09 22:04:46,CF401P14400,CF401P14400,239.0,0.0,0.0,0.0,10,234.0,237.0,3,256.0,246.0,246.0,239.0,123.0,30012.0,1064
2023-05-09 22:04:47,CF401P14400,CF401P14400,239.0,0.0,0.0,0.0,20,234.0,237.0,3,256.0,246.0,246.0,239.0,123.0,30012.0,1064
2023-05-09 22:05:00,CF401P14400,CF401P14400,239.0,0.0,0.0,0.0,10,234.0,237.0,3,256.0,246.0,246.0,239.0,123.0,30012.0,1064
2023-05-09 22:05:05,CF401P14400,CF401P14400,239.0,0.0,0.0,0.0,13,233.0,237.0,13,256.0,246.0,246.0,239.0,123.0,30012.0,1064
2023-05-09 22:05:06,CF401P14400,CF401P14400,239.0,0.0,0.0,0.0,20,233.0,237.0,13,256.0,246.0,246.0,239.0,123.0,30012.0,1064
2023-05-09 22:05:06,CF401P14400,CF401P14400,239.0,0.0,0.0,0.0,3,232.0,236.0,3,256.0,246.0,246.0,239.0,123.0,30012.0,1064
2023-05-09 22:05:41,CF401P14400,CF401P14400,239.0,0.0,0.0,0.0,23,231.0,236.0,3,256.0,246.0,246.0,239.0,123.0,30012.0,1064
2023-05-09 22:05:41,CF401P14400,CF401P14400,239.0,0.0,0.0,0.0,3,231.0,235.0,10,256.0,246.0,246.0,239.0,123.0,30012.0,1064
2023-05-09 22:05:45,CF401P14400,CF401P14400,239.0,0.0,0.0,0.0,3,231.0,235.0,20,256.0,246.0,246.0,239.0,123.0,30012.0,1064
2023-05-09 22:05:46,CF401P14400,CF401P14400,239.0,0.0,0.0,0.0,3,231.0,236.0,3,256.0,246.0,246.0,239.0,123.0,30012.0,1064
2023-05-09 22:06:01,CF401P14400,CF401P14400,239.0,0.0,0.0,0.0,3,232.0,236.0,3,256.0,246.0,246.0,239.0,123.0,30012.0,1064
2023-05-09 22:06:01,CF401P14400,CF401P14400,239.0,0.0,0.0,0.0,13,232.0,236.0,3,256.0,246.0,246.0,239.0,123.0,30012.0,1064
2023-05-09 22:06:02,CF401P14400,CF401P14400,239.0,0.0,0.0,0.0,23,232.0,236.0,3,256.0,246.0,246.0,239.0,123.0,30012.0,1064
2023-05-09 22:06:12,CF401P14400,CF401P14400,239.0,0.0,0.0,0.0,3,232.0,236.0,3,256.0,246.0,246.0,239.0,123.0,30012.0,1064
2023-05-09 22:06:57,CF401P14400,CF401P14400,239.0,0.0,0.0,0.0,13,231.0,236.0,13,256.0,246.0,246.0,239.0,123.0,30012.0,1064
2023-05-09 22:06:58,CF401P14400,CF401P14400,239.0,0.0,0.0,0.0,13,231.0,236.0,23,256.0,246.0,246.0,239.0,123.0,30012.0,1064
2023-05-09 22:06:59,CF401P14400,CF401P14400,239.0,0.0,0.0,0.0,3,231.0,236.0,23,256.0,246.0,246.0,239.0,123.0,30012.0,1064
2023-05-09 22:07:10,CF401P14400,CF401P14400,239.0,0.0,0.0,0.0,3,231.0,235.0,10,256.0,246.0,246.0,239.0,123.0,30012.0,1064
2023-05-09 22:07:10,CF401P14400,CF401P14400,239.0,0.0,0.0,0.0,3,231.0,235.0,20,256.0,246.0,246.0,239.0,123.0,30012.0,1064
2023-05-09 22:07:23,CF401P14400,CF401P14400,239.0,0.0,0.0,0.0,3,231.0,235.0,23,256.0,246.0,246.0,239.0,123.0,30012.0,1064
2023-05-09 22:07:26,CF401P14400,CF401P14400,239.0,0.0,0.0,0.0,23,230.0,235.0,23,256.0,246.0,246.0,239.0,123.0,30012.0,1064
2023-05-09 22:07:27,CF401P14400,CF401P14400,239.0,0.0,0.0,0.0,3,230.0,235.0,23,256.0,246.0,246.0,239.0,123.0,30012.0,1064
2023-05-09 22:07:27,CF401P14400,CF401P14400,239.0,0.0,0.0,0.0,3,230.0,234.0,3,256.0,246.0,246.0,239.0,123.0,30012.0,1064
2023-05-09 22:08:02,CF401P14400,CF401P14400,239.0,0.0,0.0,0.0,3,230.0,235.0,23,256.0,246.0,246.0,239.0,123.0,30012.0,1064
2023-05-09 22:08:22,CF401P14400,CF401P14400,239.0,0.0,0.0,0.0,3,231.0,235.0,23,256.0,246.0,246.0,239.0,123.0,30012.0,1064
2023-05-09 22:09:23,CF401P14400,CF401P14400,239.0,0.0,0.0,0.0,3,231.0,235.0,13,256.0,246.0,246.0,239.0,123.0,30012.0,1064
2023-05-09 22:09:24,CF401P14400,CF401P14400,239.0,0.0,0.0,0.0,13,231.0,235.0,13,256.0,246.0,246.0,239.0,123.0,30012.0,1064
2023-05-09 22:09:25,CF401P14400,CF401P14400,239.0,0.0,0.0,0.0,13,231.0,235.0,3,256.0,246.0,246.0,239.0,123.0,30012.0,1064
2023-05-09 22:09:34,CF401P14400,CF401P14400,239.0,0.0,0.0,0.0,3,231.0,235.0,3,256.0,246.0,246.0,239.0,123.0,30012.0,1064
2023-05-09 22:09:39,CF401P14400,CF401P14400,239.0,0.0,0.0,0.0,13,231.0,235.0,3,256.0,246.0,246.0,239.0,123.0,30012.0,1064
2023-05-09 22:09:46,CF401P14400,CF401P14400,239.0,0.0,0.0,0.0,3,231.0,235.0,3,256.0,246.0,246.0,239.0,123.0,30012.0,1064
2023-05-09 22:09:48,CF401P14400,CF401P14400,239.0,0.0,0.0,0.0,3,231.0,235.0,13,256.0,246.0,246.0,239.0,123.0,30012.0,1064
2023-05-09 22:10:12,CF401P14400,CF401P14400,239.0,0.0,0.0,0.0,3,231.0,235.0,3,256.0,246.0,246.0,239.0,123.0,30012.0,1064
2023-05-09 22:10:14,CF401P14400,CF401P14400,239.0,0.0,0.0,0.0,10,232.0,235.0,3,256.0,246.0,246.0,239.0,123.0,30012.0,1064
2023-05-09 22:10:14,CF401P14400,CF401P14400,239.0,0.0,0.0,0.0,20,232.0,235.0,3,256.0,246.0,246.0,239.0,123.0,30012.0,1064
2023-05-09 22:10:15,CF401P14400,CF401P14400,239.0,0.0,0.0,0.0,10,232.0,235.0,3,256.0,246.0,246.0,239.0,123.0,30012.0,1064
2023-05-09 22:10:17,CF401P14400,CF401P14400,239.0,0.0,0.0,0.0,13,231.0,235.0,3,256.0,246.0,246.0,239.0,123.0,30012.0,1064
2023-05-09 22:10:17,CF401P14400,CF401P14400,239.0,0.0,0.0,0.0,23,231.0,235.0,3,256.0,246.0,246.0,239.0,123.0,30012.0,1064
2023-05-09 22:10:18,CF401P14400,CF401P14400,239.0,0.0,0.0,0.0,3,231.0,235.0,3,256.0,246.0,246.0,239.0,123.0,30012.0,1064
2023-05-09 22:10:25,CF401P14400,CF401P14400,239.0,0.0,0.0,0.0,3,231.0,235.0,13,256.0,246.0,246.0,239.0,123.0,30012.0,1064
2023-05-09 22:10:32,CF401P14400,CF401P14400,239.0,0.0,0.0,0.0,3,231.0,235.0,3,256.0,246.0,246.0,239.0,123.0,30012.0,1064
2023-05-09 22:11:08,CF401P14400,CF401P14400,239.0,0.0,0.0,0.0,3,231.0,235.0,13,256.0,246.0,246.0,239.0,123.0,30012.0,1064
2023-05-09 22:11:14,CF401P14400,CF401P14400,239.0,0.0,0.0,0.0,3,231.0,234.0,20,256.0,246.0,246.0,239.0,123.0,30012.0,1064
2023-05-09 22:11:16,CF401P14400,CF401P14400,239.0,0.0,0.0,0.0,3,231.0,234.0,10,256.0,246.0,246.0,239.0,123.0,30012.0,1064
2023-05-09 22:11:17,CF401P14400,CF401P14400,239.0,0.0,0.0,0.0,3,231.0,234.0,20,256.0,246.0,246.0,239.0,123.0,30012.0,1064
2023-05-09 22:11:23,CF401P14400,CF401P14400,239.0,0.0,0.0,0.0,30,230.0,234.0,20,256.0,246.0,246.0,239.0,123.0,30012.0,1064
2023-05-09 22:11:23,CF401P14400,CF401P14400,239.0,0.0,0.0,0.0,10,230.0,234.0,20,256.0,246.0,246.0,239.0,123.0,30012.0,1064
2023-05-09 22:11:24,CF401P14400,CF401P14400,239.0,0.0,0.0,0.0,10,230.0,234.0,23,256.0,246.0,246.0,239.0,123.0,30012.0,1064
2023-05-09 22:11:25,CF401P14400,CF401P14400,239.0,0.0,0.0,0.0,30,229.0,234.0,33,256.0,246.0,246.0,239.0,123.0,30012.0,1064
2023-05-09 22:11:26,CF401P14400,CF401P14400,239.0,0.0,0.0,0.0,30,229.0,234.0,23,256.0,246.0,246.0,239.0,123.0,30012.0,1064
2023-05-09 22:11:26,CF401P14400,CF401P14400,239.0,0.0,0.0,0.0,20,229.0,234.0,23,256.0,246.0,246.0,239.0,123.0,30012.0,1064
2023-05-09 22:11:27,CF401P14400,CF401P14400,239.0,0.0,0.0,0.0,40,228.0,234.0,23,256.0,246.0,246.0,239.0,123.0,30012.0,1064
2023-05-09 22:11:29,CF401P14400,CF401P14400,239.0,0.0,0.0,0.0,30,228.0,233.0,3,256.0,246.0,246.0,239.0,123.0,30012.0,1064
2023-05-09 22:11:30,CF401P14400,CF401P14400,239.0,0.0,0.0,0.0,20,228.0,233.0,3,256.0,246.0,246.0,239.0,123.0,30012.0,1064
2023-05-09 22:11:31,CF401P14400,CF401P14400,239.0,0.0,0.0,0.0,53,227.0,232.0,3,256.0,246.0,246.0,239.0,123.0,30012.0,1064
2023-05-09 22:11:32,CF401P14400,CF401P14400,239.0,0.0,0.0,0.0,43,227.0,232.0,3,256.0,246.0,246.0,239.0,123.0,30012.0,1064
2023-05-09 22:11:32,CF401P14400,CF401P14400,239.0,0.0,0.0,0.0,33,227.0,232.0,3,256.0,246.0,246.0,239.0,123.0,30012.0,1064
2023-05-09 22:11:33,CF401P14400,CF401P14400,239.0,0.0,0.0,0.0,13,227.0,232.0,3,256.0,246.0,246.0,239.0,123.0,30012.0,1064
2023-05-09 22:11:34,CF401P14400,CF401P14400,239.0,0.0,0.0,0.0,3,227.0,231.0,10,256.0,246.0,246.0,239.0,123.0,30012.0,1064
2023-05-09 22:11:36,CF401P14400,CF401P14400,239.0,0.0,0.0,0.0,3,227.0,231.0,20,256.0,246.0,246.0,239.0,123.0,30012.0,1064
2023-05-09 22:11:38,CF401P14400,CF401P14400,239.0,0.0,0.0,0.0,3,227.0,231.0,10,256.0,246.0,246.0,239.0,123.0,30012.0,1064
2023-05-09 22:11:38,CF401P14400,CF401P14400,239.0,0.0,0.0,0.0,3,227.0,231.0,20,256.0,246.0,246.0,239.0,123.0,30012.0,1064
2023-05-09 22:11:40,CF401P14400,CF401P14400,239.0,0.0,0.0,0.0,3,227.0,231.0,23,256.0,246.0,246.0,239.0,123.0,30012.0,1064
2023-05-09 22:11:46,CF401P14400,CF401P14400,239.0,0.0,0.0,0.0,3,227.0,231.0,33,256.0,246.0,246.0,239.0,123.0,30012.0,1064
2023-05-09 22:11:48,CF401P14400,CF401P14400,239.0,0.0,0.0,0.0,3,227.0,231.0,23,256.0,246.0,246.0,239.0,123.0,30012.0,1064
2023-05-09 22:12:08,CF401P14400,CF401P14400,239.0,0.0,0.0,0.0,3,227.0,231.0,13,256.0,246.0,246.0,239.0,123.0,30012.0,1064
2023-05-09 22:12:13,CF401P14400,CF401P14400,239.0,0.0,0.0,0.0,3,227.0,231.0,3,256.0,246.0,246.0,239.0,123.0,30012.0,1064
2023-05-09 22:12:14,CF401P14400,CF401P14400,239.0,0.0,0.0,0.0,3,227.0,232.0,3,256.0,246.0,246.0,239.0,123.0,30012.0,1064
2023-05-09 22:12:14,CF401P14400,CF401P14400,239.0,0.0,0.0,0.0,13,227.0,232.0,3,256.0,246.0,246.0,239.0,123.0,30012.0,1064
2023-05-09 22:12:15,CF401P14400,CF401P14400,239.0,0.0,0.0,0.0,23,227.0,232.0,3,256.0,246.0,246.0,239.0,123.0,30012.0,1064
2023-05-09 22:12:21,CF401P14400,CF401P14400,239.0,0.0,0.0,0.0,13,227.0,232.0,3,256.0,246.0,246.0,239.0,123.0,30012.0,1064
2023-05-09 22:12:22,CF401P14400,CF401P14400,239.0,0.0,0.0,0.0,3,227.0,232.0,3,256.0,246.0,246.0,239.0,123.0,30012.0,1064
2023-05-09 22:12:33,CF401P14400,CF401P14400,239.0,0.0,0.0,0.0,3,227.0,232.0,13,256.0,246.0,246.0,239.0,123.0,30012.0,1064
2023-05-09 22:12:33,CF401P14400,CF401P14400,239.0,0.0,0.0,0.0,3,227.0,232.0,3,256.0,246.0,246.0,239.0,123.0,30012.0,1064
2023-05-09 22:12:33,CF401P14400,CF401P14400,239.0,0.0,0.0,0.0,3,227.0,232.0,13,256.0,246.0,246.0,239.0,123.0,30012.0,1064
2023-05-09 22:12:33,CF401P14400,CF401P14400,239.0,0.0,0.0,0.0,3,227.0,232.0,3,256.0,246.0,246.0,239.0,123.0,30012.0,1064
2023-05-09 22:12:42,CF401P14400,CF401P14400,239.0,0.0,0.0,0.0,3,227.0,231.0,10,256.0,246.0,246.0,239.0,123.0,30012.0,1064
2023-05-09 22:12:50,CF401P14400,CF401P14400,239.0,0.0,0.0,0.0,3,228.0,232.0,3,256.0,246.0,246.0,239.0,123.0,30012.0,1064
2023-05-09 22:13:17,CF401P14400,CF401P14400,239.0,0.0,0.0,0.0,3,228.0,233.0,23,256.0,246.0,246.0,239.0,123.0,30012.0,1064
2023-05-09 22:13:18,CF401P14400,CF401P14400,239.0,0.0,0.0,0.0,3,228.0,233.0,13,256.0,246.0,246.0,239.0,123.0,30012.0,1064
2023-05-09 22:13:20,CF401P14400,CF401P14400,239.0,0.0,0.0,0.0,3,228.0,233.0,23,256.0,246.0,246.0,239.0,123.0,30012.0,1064
2023-05-09 22:13:29,CF401P14400,CF401P14400,239.0,0.0,0.0,0.0,3,228.0,233.0,33,256.0,246.0,246.0,239.0,123.0,30012.0,1064
2023-05-09 22:13:38,CF401P14400,CF401P14400,239.0,0.0,0.0,0.0,3,228.0,232.0,20,256.0,246.0,246.0,239.0,123.0,30012.0,1064
2023-05-09 22:13:40,CF401P14400,CF401P14400,239.0,0.0,0.0,0.0,3,228.0,233.0,43,256.0,246.0,246.0,239.0,123.0,30012.0,1064
2023-05-09 22:13:41,CF401P14400,CF401P14400,239.0,0.0,0.0,0.0,13,228.0,233.0,43,256.0,246.0,246.0,239.0,123.0,30012.0,1064
2023-05-09 22:13:41,CF401P14400,CF401P14400,239.0,0.0,0.0,0.0,13,228.0,233.0,33,256.0,246.0,246.0,239.0,123.0,30012.0,1064
2023-05-09 22:13:45,CF401P14400,CF401P14400,239.0,0.0,0.0,0.0,3,228.0,233.0,33,256.0,246.0,246.0,239.0,123.0,30012.0,1064
2023-05-09 22:13:52,CF401P14400,CF401P14400,239.0,0.0,0.0,0.0,13,228.0,233.0,23,256.0,246.0,246.0,239.0,123.0,30012.0,1064
2023-05-09 22:13:54,CF401P14400,CF401P14400,239.0,0.0,0.0,0.0,3,228.0,233.0,23,256.0,246.0,246.0,239.0,123.0,30012.0,1064
2023-05-09 22:13:56,CF401P14400,CF401P14400,239.0,0.0,0.0,0.0,3,228.0,233.0,33,256.0,246.0,246.0,239.0,123.0,30012.0,1064
2023-05-09 22:14:06,CF401P14400,CF401P14400,239.0,0.0,0.0,0.0,3,228.0,233.0,43,256.0,246.0,246.0,239.0,123.0,30012.0,1064
2023-05-09 22:14:06,CF401P14400,CF401P14400,239.0,0.0,0.0,0.0,3,228.0,232.0,10,256.0,246.0,246.0,239.0,123.0,30012.0,1064
2023-05-09 22:14:09,CF401P14400,CF401P14400,239.0,0.0,0.0,0.0,3,228.0,233.0,43,256.0,246.0,246.0,239.0,123.0,30012.0,1064
2023-05-09 22:14:10,CF401P14400,CF401P14400,239.0,0.0,0.0,0.0,3,228.0,233.0,33,256.0,246.0,246.0,239.0,123.0,30012.0,1064
2023-05-09 22:14:23,CF401P14400,CF401P14400,239.0,0.0,0.0,0.0,3,228.0,233.0,23,256.0,246.0,246.0,239.0,123.0,30012.0,1064
2023-05-09 22:14:23,CF401P14400,CF401P14400,239.0,0.0,0.0,0.0,3,228.0,233.0,33,256.0,246.0,246.0,239.0,123.0,30012.0,1064
2023-05-09 22:14:29,CF401P14400,CF401P14400,239.0,0.0,0.0,0.0,3,228.0,232.0,10,256.0,246.0,246.0,239.0,123.0,30012.0,1064
2023-05-09 22:14:32,CF401P14400,CF401P14400,239.0,0.0,0.0,0.0,3,228.0,231.0,10,256.0,246.0,246.0,239.0,123.0,30012.0,1064
2023-05-09 22:14:39,CF401P14400,CF401P14400,239.0,0.0,0.0,0.0,3,228.0,232.0,23,256.0,246.0,246.0,239.0,123.0,30012.0,1064
2023-05-09 22:14:39,CF401P14400,CF401P14400,239.0,0.0,0.0,0.0,3,228.0,232.0,33,256.0,246.0,246.0,239.0,123.0,30012.0,1064
2023-05-09 22:14:39,CF401P14400,CF401P14400,239.0,0.0,0.0,0.0,3,228.0,232.0,23,256.0,246.0,246.0,239.0,123.0,30012.0,1064
2023-05-09 22:14:51,CF401P14400,CF401P14400,239.0,0.0,0.0,0.0,3,228.0,232.0,13,256.0,246.0,246.0,239.0,123.0,30012.0,1064
2023-05-09 22:14:55,CF401P14400,CF401P14400,239.0,0.0,0.0,0.0,3,228.0,232.0,23,256.0,246.0,246.0,239.0,123.0,30012.0,1064
2023-05-09 22:15:10,CF401P14400,CF401P14400,239.0,0.0,0.0,0.0,3,228.0,231.0,10,256.0,246.0,246.0,239.0,123.0,30012.0,1064
2023-05-09 22:15:10,CF401P14400,CF401P14400,239.0,0.0,0.0,0.0,3,228.0,232.0,23,256.0,246.0,246.0,239.0,123.0,30012.0,1064
2023-05-09 22:15:11,CF401P14400,CF401P14400,239.0,0.0,0.0,0.0,3,228.0,231.0,10,256.0,246.0,246.0,239.0,123.0,30012.0,1064
2023-05-09 22:15:14,CF401P14400,CF401P14400,239.0,0.0,0.0,0.0,3,228.0,231.0,20,256.0,246.0,246.0,239.0,123.0,30012.0,1064
2023-05-09 22:15:17,CF401P14400,CF401P14400,239.0,0.0,0.0,0.0,3,228.0,231.0,30,256.0,246.0,246.0,239.0,123.0,30012.0,1064
