time,symbol_id,symbol_name,last,trade_volume,trade_amount,open_interest_change,bv1,bp1,ap1,av1,yesterday_close,today_open,today_high,today_low,volume,amount,open_interest
2023-05-11 08:30:03,OP90002131,创业板ETF购12月2450,0.0,0.0,0.0,-153.0,0,0.0,0.0,0,0.0606,0.0625,0.0,0.0,0.0,0.0,2807
2023-05-11 09:25:00,OP90002131,创业板ETF购12月2450,0.0,0.0,0.0,0.0,1,0.06,0.0613,1,0.0606,0.0625,0.0,0.0,0.0,0.0,2807
2023-05-11 09:30:00,OP90002131,创业板ETF购12月2450,0.0,0.0,0.0,0.0,1,0.0601,0.0633,2,0.0606,0.0625,0.0,0.0,0.0,0.0,2807
2023-05-11 09:30:00,OP90002131,创业板ETF购12月2450,0.0,0.0,0.0,0.0,1,0.0601,0.0633,2,0.0606,0.0625,0.0,0.0,0.0,0.0,2807
2023-05-11 09:30:01,OP90002131,创业板ETF购12月2450,0.0,0.0,0.0,0.0,1,0.0601,0.0633,2,0.0606,0.0625,0.0,0.0,0.0,0.0,2807
2023-05-11 09:30:02,OP90002131,创业板ETF购12月2450,0.0,0.0,0.0,0.0,21,0.0601,0.0633,2,0.0606,0.0625,0.0,0.0,0.0,0.0,2807
2023-05-11 09:30:03,OP90002131,创业板ETF购12月2450,0.0,0.0,0.0,0.0,10,0.0602,0.0633,2,0.0606,0.0625,0.0,0.0,0.0,0.0,2807
2023-05-11 09:30:05,OP90002131,创业板ETF购12月2450,0.0,0.0,0.0,0.0,30,0.0602,0.0633,2,0.0606,0.0625,0.0,0.0,0.0,0.0,2807
2023-05-11 09:30:05,OP90002131,创业板ETF购12月2450,0.0,0.0,0.0,0.0,10,0.0603,0.0633,2,0.0606,0.0625,0.0,0.0,0.0,0.0,2807
2023-05-11 09:30:06,OP90002131,创业板ETF购12月2450,0.0,0.0,0.0,0.0,20,0.061,0.0633,2,0.0606,0.0625,0.0,0.0,0.0,0.0,2807
2023-05-11 09:30:06,OP90002131,创业板ETF购12月2450,0.0,0.0,0.0,0.0,10,0.0611,0.0633,2,0.0606,0.0625,0.0,0.0,0.0,0.0,2807
2023-05-11 09:30:07,OP90002131,创业板ETF购12月2450,0.0,0.0,0.0,0.0,10,0.0611,0.0633,2,0.0606,0.0625,0.0,0.0,0.0,0.0,2807
2023-05-11 09:30:08,OP90002131,创业板ETF购12月2450,0.0,0.0,0.0,0.0,10,0.0611,0.0633,2,0.0606,0.0625,0.0,0.0,0.0,0.0,2807
2023-05-11 09:30:08,OP90002131,创业板ETF购12月2450,0.0,0.0,0.0,0.0,10,0.0611,0.0633,2,0.0606,0.0625,0.0,0.0,0.0,0.0,2807
2023-05-11 09:30:10,OP90002131,创业板ETF购12月2450,0.0,0.0,0.0,0.0,10,0.0611,0.0633,2,0.0606,0.0625,0.0,0.0,0.0,0.0,2807
2023-05-11 09:30:11,OP90002131,创业板ETF购12月2450,0.0,0.0,0.0,0.0,10,0.0611,0.0633,2,0.0606,0.0625,0.0,0.0,0.0,0.0,2807
2023-05-11 09:30:12,OP90002131,创业板ETF购12月2450,0.0,0.0,0.0,0.0,10,0.0611,0.0625,5,0.0606,0.0625,0.0,0.0,0.0,0.0,2807
2023-05-11 09:30:12,OP90002131,创业板ETF购12月2450,0.0,0.0,0.0,0.0,10,0.0611,0.0625,5,0.0606,0.0625,0.0,0.0,0.0,0.0,2807
2023-05-11 09:30:13,OP90002131,创业板ETF购12月2450,0.0,0.0,0.0,0.0,20,0.0612,0.0625,5,0.0606,0.0625,0.0,0.0,0.0,0.0,2807
2023-05-11 09:30:14,OP90002131,创业板ETF购12月2450,0.0,0.0,0.0,0.0,10,0.0613,0.0625,5,0.0606,0.0625,0.0,0.0,0.0,0.0,2807
2023-05-11 09:30:14,OP90002131,创业板ETF购12月2450,0.0,0.0,0.0,0.0,30,0.0613,0.0625,5,0.0606,0.0625,0.0,0.0,0.0,0.0,2807
2023-05-11 09:30:15,OP90002131,创业板ETF购12月2450,0.0,0.0,0.0,0.0,10,0.0614,0.0625,5,0.0606,0.0625,0.0,0.0,0.0,0.0,2807
2023-05-11 09:30:15,OP90002131,创业板ETF购12月2450,0.0,0.0,0.0,0.0,10,0.0614,0.0625,5,0.0606,0.0625,0.0,0.0,0.0,0.0,2807
2023-05-11 09:30:17,OP90002131,创业板ETF购12月2450,0.0,0.0,0.0,0.0,10,0.0614,0.0625,5,0.0606,0.0625,0.0,0.0,0.0,0.0,2807
2023-05-11 09:30:17,OP90002131,创业板ETF购12月2450,0.0,0.0,0.0,0.0,10,0.0613,0.0625,5,0.0606,0.0625,0.0,0.0,0.0,0.0,2807
2023-05-11 09:30:18,OP90002131,创业板ETF购12月2450,0.0,0.0,0.0,0.0,10,0.0613,0.0625,5,0.0606,0.0625,0.0,0.0,0.0,0.0,2807
2023-05-11 09:30:20,OP90002131,创业板ETF购12月2450,0.0,0.0,0.0,0.0,20,0.0614,0.0625,5,0.0606,0.0625,0.0,0.0,0.0,0.0,2807
2023-05-11 09:30:21,OP90002131,创业板ETF购12月2450,0.0,0.0,0.0,0.0,20,0.0616,0.0625,5,0.0606,0.0625,0.0,0.0,0.0,0.0,2807
2023-05-11 09:30:21,OP90002131,创业板ETF购12月2450,0.0,0.0,0.0,0.0,10,0.0617,0.0625,5,0.0606,0.0625,0.0,0.0,0.0,0.0,2807
2023-05-11 09:30:23,OP90002131,创业板ETF购12月2450,0.0,0.0,0.0,0.0,30,0.0617,0.0625,5,0.0606,0.0625,0.0,0.0,0.0,0.0,2807
2023-05-11 09:30:24,OP90002131,创业板ETF购12月2450,0.0,0.0,0.0,0.0,10,0.0618,0.0625,5,0.0606,0.0625,0.0,0.0,0.0,0.0,2807
2023-05-11 09:30:24,OP90002131,创业板ETF购12月2450,0.0,0.0,0.0,0.0,10,0.0618,0.0625,5,0.0606,0.0625,0.0,0.0,0.0,0.0,2807
2023-05-11 09:30:25,OP90002131,创业板ETF购12月2450,0.0,0.0,0.0,0.0,10,0.0618,0.0625,5,0.0606,0.0625,0.0,0.0,0.0,0.0,2807
2023-05-11 09:30:26,OP90002131,创业板ETF购12月2450,0.0,0.0,0.0,0.0,10,0.0618,0.0625,5,0.0606,0.0625,0.0,0.0,0.0,0.0,2807
2023-05-11 09:30:26,OP90002131,创业板ETF购12月2450,0.0,0.0,0.0,0.0,10,0.0618,0.0625,5,0.0606,0.0625,0.0,0.0,0.0,0.0,2807
2023-05-11 09:30:28,OP90002131,创业板ETF购12月2450,0.0,0.0,0.0,0.0,10,0.0618,0.0625,5,0.0606,0.0625,0.0,0.0,0.0,0.0,2807
2023-05-11 09:30:29,OP90002131,创业板ETF购12月2450,0.0,0.0,0.0,0.0,10,0.0618,0.0625,5,0.0606,0.0625,0.0,0.0,0.0,0.0,2807
2023-05-11 09:30:30,OP90002131,创业板ETF购12月2450,0.0,0.0,0.0,0.0,10,0.0618,0.0625,5,0.0606,0.0625,0.0,0.0,0.0,0.0,2807
2023-05-11 09:30:30,OP90002131,创业板ETF购12月2450,0.0,0.0,0.0,0.0,10,0.0618,0.0625,5,0.0606,0.0625,0.0,0.0,0.0,0.0,2807
2023-05-11 09:30:33,OP90002131,创业板ETF购12月2450,0.0,0.0,0.0,0.0,10,0.0618,0.0625,5,0.0606,0.0625,0.0,0.0,0.0,0.0,2807
2023-05-11 09:30:33,OP90002131,创业板ETF购12月2450,0.0,0.0,0.0,0.0,10,0.0618,0.0625,5,0.0606,0.0625,0.0,0.0,0.0,0.0,2807
2023-05-11 09:30:34,OP90002131,创业板ETF购12月2450,0.0,0.0,0.0,0.0,10,0.0618,0.0625,5,0.0606,0.0625,0.0,0.0,0.0,0.0,2807
2023-05-11 09:30:34,OP90002131,创业板ETF购12月2450,0.0,0.0,0.0,0.0,10,0.0618,0.0625,5,0.0606,0.0625,0.0,0.0,0.0,0.0,2807
2023-05-11 09:30:35,OP90002131,创业板ETF购12月2450,0.0,0.0,0.0,0.0,30,0.0618,0.0625,5,0.0606,0.0625,0.0,0.0,0.0,0.0,2807
2023-05-11 09:30:36,OP90002131,创业板ETF购12月2450,0.0,0.0,0.0,0.0,10,0.0619,0.0625,5,0.0606,0.0625,0.0,0.0,0.0,0.0,2807
2023-05-11 09:30:36,OP90002131,创业板ETF购12月2450,0.0,0.0,0.0,0.0,10,0.0619,0.0625,5,0.0606,0.0625,0.0,0.0,0.0,0.0,2807
2023-05-11 09:30:37,OP90002131,创业板ETF购12月2450,0.0,0.0,0.0,0.0,10,0.0619,0.0625,5,0.0606,0.0625,0.0,0.0,0.0,0.0,2807
2023-05-11 09:30:38,OP90002131,创业板ETF购12月2450,0.0,0.0,0.0,0.0,10,0.0619,0.0625,5,0.0606,0.0625,0.0,0.0,0.0,0.0,2807
2023-05-11 09:30:39,OP90002131,创业板ETF购12月2450,0.0,0.0,0.0,0.0,10,0.0619,0.0625,5,0.0606,0.0625,0.0,0.0,0.0,0.0,2807
2023-05-11 09:30:41,OP90002131,创业板ETF购12月2450,0.0,0.0,0.0,0.0,10,0.0619,0.0625,5,0.0606,0.0625,0.0,0.0,0.0,0.0,2807
2023-05-11 09:30:42,OP90002131,创业板ETF购12月2450,0.0,0.0,0.0,0.0,10,0.0619,0.0625,5,0.0606,0.0625,0.0,0.0,0.0,0.0,2807
2023-05-11 09:30:42,OP90002131,创业板ETF购12月2450,0.0,0.0,0.0,0.0,10,0.0619,0.0625,5,0.0606,0.0625,0.0,0.0,0.0,0.0,2807
2023-05-11 09:30:44,OP90002131,创业板ETF购12月2450,0.0,0.0,0.0,0.0,10,0.0619,0.0625,5,0.0606,0.0625,0.0,0.0,0.0,0.0,2807
2023-05-11 09:30:44,OP90002131,创业板ETF购12月2450,0.0,0.0,0.0,0.0,10,0.0619,0.0625,5,0.0606,0.0625,0.0,0.0,0.0,0.0,2807
2023-05-11 09:30:45,OP90002131,创业板ETF购12月2450,0.0,0.0,0.0,0.0,10,0.0619,0.0625,5,0.0606,0.0625,0.0,0.0,0.0,0.0,2807
2023-05-11 09:30:45,OP90002131,创业板ETF购12月2450,0.0,0.0,0.0,0.0,10,0.0619,0.0625,5,0.0606,0.0625,0.0,0.0,0.0,0.0,2807
2023-05-11 09:30:47,OP90002131,创业板ETF购12月2450,0.0,0.0,0.0,0.0,30,0.0619,0.0625,5,0.0606,0.0625,0.0,0.0,0.0,0.0,2807
2023-05-11 09:30:48,OP90002131,创业板ETF购12月2450,0.0,0.0,0.0,0.0,10,0.062,0.0625,5,0.0606,0.0625,0.0,0.0,0.0,0.0,2807
2023-05-11 09:30:48,OP90002131,创业板ETF购12月2450,0.0,0.0,0.0,0.0,10,0.062,0.0625,5,0.0606,0.0625,0.0,0.0,0.0,0.0,2807
2023-05-11 09:30:49,OP90002131,创业板ETF购12月2450,0.0,0.0,0.0,0.0,10,0.062,0.0625,5,0.0606,0.0625,0.0,0.0,0.0,0.0,2807
2023-05-11 09:30:51,OP90002131,创业板ETF购12月2450,0.0,0.0,0.0,0.0,30,0.062,0.0625,5,0.0606,0.0625,0.0,0.0,0.0,0.0,2807
2023-05-11 09:30:51,OP90002131,创业板ETF购12月2450,0.0,0.0,0.0,0.0,10,0.0621,0.0625,5,0.0606,0.0625,0.0,0.0,0.0,0.0,2807
2023-05-11 09:30:52,OP90002131,创业板ETF购12月2450,0.0,0.0,0.0,0.0,10,0.0621,0.0625,5,0.0606,0.0625,0.0,0.0,0.0,0.0,2807
2023-05-11 09:30:56,OP90002131,创业板ETF购12月2450,0.0,0.0,0.0,0.0,10,0.0621,0.0625,5,0.0606,0.0625,0.0,0.0,0.0,0.0,2807
2023-05-11 09:30:57,OP90002131,创业板ETF购12月2450,0.0,0.0,0.0,0.0,10,0.0621,0.0625,5,0.0606,0.0625,0.0,0.0,0.0,0.0,2807
2023-05-11 09:31:00,OP90002131,创业板ETF购12月2450,0.0,0.0,0.0,0.0,10,0.0621,0.0625,5,0.0606,0.0625,0.0,0.0,0.0,0.0,2807
2023-05-11 09:31:03,OP90002131,创业板ETF购12月2450,0.0,0.0,0.0,0.0,30,0.0621,0.0625,5,0.0606,0.0625,0.0,0.0,0.0,0.0,2807
2023-05-11 09:31:04,OP90002131,创业板ETF购12月2450,0.0,0.0,0.0,0.0,10,0.0622,0.0625,5,0.0606,0.0625,0.0,0.0,0.0,0.0,2807
2023-05-11 09:31:05,OP90002131,创业板ETF购12月2450,0.0,0.0,0.0,0.0,10,0.0622,0.0625,5,0.0606,0.0625,0.0,0.0,0.0,0.0,2807
2023-05-11 09:31:06,OP90002131,创业板ETF购12月2450,0.0,0.0,0.0,0.0,10,0.0622,0.0625,5,0.0606,0.0625,0.0,0.0,0.0,0.0,2807
2023-05-11 09:31:07,OP90002131,创业板ETF购12月2450,0.0,0.0,0.0,0.0,10,0.0622,0.0625,5,0.0606,0.0625,0.0,0.0,0.0,0.0,2807
2023-05-11 09:31:10,OP90002131,创业板ETF购12月2450,0.0,0.0,0.0,0.0,10,0.0622,0.0625,5,0.0606,0.0625,0.0,0.0,0.0,0.0,2807
2023-05-11 09:31:11,OP90002131,创业板ETF购12月2450,0.0,0.0,0.0,0.0,10,0.0622,0.0625,5,0.0606,0.0625,0.0,0.0,0.0,0.0,2807
2023-05-11 09:31:12,OP90002131,创业板ETF购12月2450,0.0,0.0,0.0,0.0,10,0.0622,0.0625,5,0.0606,0.0625,0.0,0.0,0.0,0.0,2807
2023-05-11 09:31:15,OP90002131,创业板ETF购12月2450,0.0,0.0,0.0,0.0,10,0.0622,0.0625,5,0.0606,0.0625,0.0,0.0,0.0,0.0,2807
2023-05-11 09:31:16,OP90002131,创业板ETF购12月2450,0.0,0.0,0.0,0.0,10,0.0622,0.0625,5,0.0606,0.0625,0.0,0.0,0.0,0.0,2807
2023-05-11 09:31:19,OP90002131,创业板ETF购12月2450,0.0,0.0,0.0,0.0,10,0.0622,0.0625,5,0.0606,0.0625,0.0,0.0,0.0,0.0,2807
2023-05-11 09:31:19,OP90002131,创业板ETF购12月2450,0.0,0.0,0.0,0.0,10,0.0622,0.0625,5,0.0606,0.0625,0.0,0.0,0.0,0.0,2807
2023-05-11 09:31:20,OP90002131,创业板ETF购12月2450,0.0,0.0,0.0,0.0,10,0.0622,0.0625,5,0.0606,0.0625,0.0,0.0,0.0,0.0,2807
2023-05-11 09:31:20,OP90002131,创业板ETF购12月2450,0.0,0.0,0.0,0.0,10,0.0622,0.0625,5,0.0606,0.0625,0.0,0.0,0.0,0.0,2807
2023-05-11 09:31:21,OP90002131,创业板ETF购12月2450,0.0,0.0,0.0,0.0,10,0.0622,0.0625,5,0.0606,0.0625,0.0,0.0,0.0,0.0,2807
2023-05-11 09:31:21,OP90002131,创业板ETF购12月2450,0.0,0.0,0.0,0.0,10,0.0622,0.0625,5,0.0606,0.0625,0.0,0.0,0.0,0.0,2807
2023-05-11 09:31:22,OP90002131,创业板ETF购12月2450,0.0625,5.0,3125.0,5.0,30,0.0622,0.0633,2,0.0606,0.0625,0.0625,0.0625,5.0,3125.0,2812
2023-05-11 09:31:22,OP90002131,创业板ETF购12月2450,0.0625,0.0,0.0,0.0,20,0.0626,0.0633,2,0.0606,0.0625,0.0625,0.0625,5.0,3125.0,2812
2023-05-11 09:31:23,OP90002131,创业板ETF购12月2450,0.0625,0.0,0.0,0.0,10,0.0627,0.0633,2,0.0606,0.0625,0.0625,0.0625,5.0,3125.0,2812
2023-05-11 09:31:23,OP90002131,创业板ETF购12月2450,0.0625,0.0,0.0,0.0,10,0.0627,0.0633,2,0.0606,0.0625,0.0625,0.0625,5.0,3125.0,2812
2023-05-11 09:31:29,OP90002131,创业板ETF购12月2450,0.0625,0.0,0.0,0.0,10,0.0627,0.0633,2,0.0606,0.0625,0.0625,0.0625,5.0,3125.0,2812
2023-05-11 09:31:31,OP90002131,创业板ETF购12月2450,0.0625,0.0,0.0,0.0,10,0.0627,0.0633,2,0.0606,0.0625,0.0625,0.0625,5.0,3125.0,2812
2023-05-11 09:31:32,OP90002131,创业板ETF购12月2450,0.0625,0.0,0.0,0.0,10,0.0627,0.0633,2,0.0606,0.0625,0.0625,0.0625,5.0,3125.0,2812
2023-05-11 09:31:35,OP90002131,创业板ETF购12月2450,0.0625,0.0,0.0,0.0,10,0.0627,0.0633,2,0.0606,0.0625,0.0625,0.0625,5.0,3125.0,2812
2023-05-11 09:31:39,OP90002131,创业板ETF购12月2450,0.0625,0.0,0.0,0.0,30,0.0627,0.0633,2,0.0606,0.0625,0.0625,0.0625,5.0,3125.0,2812
2023-05-11 09:31:40,OP90002131,创业板ETF购12月2450,0.0625,0.0,0.0,0.0,10,0.0628,0.0633,2,0.0606,0.0625,0.0625,0.0625,5.0,3125.0,2812
2023-05-11 09:31:42,OP90002131,创业板ETF购12月2450,0.0625,0.0,0.0,0.0,30,0.0628,0.0633,2,0.0606,0.0625,0.0625,0.0625,5.0,3125.0,2812
2023-05-11 09:31:42,OP90002131,创业板ETF购12月2450,0.0625,0.0,0.0,0.0,10,0.0629,0.0633,2,0.0606,0.0625,0.0625,0.0625,5.0,3125.0,2812
2023-05-11 09:31:43,OP90002131,创业板ETF购12月2450,0.0625,0.0,0.0,0.0,10,0.0629,0.0633,2,0.0606,0.0625,0.0625,0.0625,5.0,3125.0,2812
2023-05-11 09:31:43,OP90002131,创业板ETF购12月2450,0.0625,0.0,0.0,0.0,10,0.0629,0.0633,2,0.0606,0.0625,0.0625,0.0625,5.0,3125.0,2812
2023-05-11 09:31:44,OP90002131,创业板ETF购12月2450,0.0625,0.0,0.0,0.0,10,0.0629,0.0633,2,0.0606,0.0625,0.0625,0.0625,5.0,3125.0,2812
2023-05-11 09:31:47,OP90002131,创业板ETF购12月2450,0.0625,0.0,0.0,0.0,30,0.0629,0.0633,2,0.0606,0.0625,0.0625,0.0625,5.0,3125.0,2812
2023-05-11 09:31:48,OP90002131,创业板ETF购12月2450,0.0625,0.0,0.0,0.0,10,0.063,0.0633,2,0.0606,0.0625,0.0625,0.0625,5.0,3125.0,2812
2023-05-11 09:31:48,OP90002131,创业板ETF购12月2450,0.0625,0.0,0.0,0.0,10,0.063,0.0633,2,0.0606,0.0625,0.0625,0.0625,5.0,3125.0,2812
2023-05-11 09:31:49,OP90002131,创业板ETF购12月2450,0.0625,0.0,0.0,0.0,10,0.063,0.0633,2,0.0606,0.0625,0.0625,0.0625,5.0,3125.0,2812
2023-05-11 09:31:51,OP90002131,创业板ETF购12月2450,0.0625,0.0,0.0,0.0,10,0.063,0.0633,2,0.0606,0.0625,0.0625,0.0625,5.0,3125.0,2812
2023-05-11 09:31:52,OP90002131,创业板ETF购12月2450,0.0625,0.0,0.0,0.0,10,0.063,0.0633,2,0.0606,0.0625,0.0625,0.0625,5.0,3125.0,2812
2023-05-11 09:31:53,OP90002131,创业板ETF购12月2450,0.0625,0.0,0.0,0.0,10,0.063,0.0633,2,0.0606,0.0625,0.0625,0.0625,5.0,3125.0,2812
2023-05-11 09:31:54,OP90002131,创业板ETF购12月2450,0.0625,0.0,0.0,0.0,10,0.063,0.0633,2,0.0606,0.0625,0.0625,0.0625,5.0,3125.0,2812
2023-05-11 09:31:55,OP90002131,创业板ETF购12月2450,0.0625,0.0,0.0,0.0,10,0.063,0.0633,2,0.0606,0.0625,0.0625,0.0625,5.0,3125.0,2812
2023-05-11 09:31:56,OP90002131,创业板ETF购12月2450,0.0625,0.0,0.0,0.0,10,0.063,0.0633,2,0.0606,0.0625,0.0625,0.0625,5.0,3125.0,2812
2023-05-11 09:31:57,OP90002131,创业板ETF购12月2450,0.0625,0.0,0.0,0.0,10,0.063,0.0633,2,0.0606,0.0625,0.0625,0.0625,5.0,3125.0,2812
2023-05-11 09:31:59,OP90002131,创业板ETF购12月2450,0.0625,0.0,0.0,0.0,30,0.063,0.0633,2,0.0606,0.0625,0.0625,0.0625,5.0,3125.0,2812
2023-05-11 09:32:00,OP90002131,创业板ETF购12月2450,0.0625,0.0,0.0,0.0,20,0.063,0.0633,2,0.0606,0.0625,0.0625,0.0625,5.0,3125.0,2812
2023-05-11 09:32:00,OP90002131,创业板ETF购12月2450,0.0625,0.0,0.0,0.0,20,0.063,0.0633,2,0.0606,0.0625,0.0625,0.0625,5.0,3125.0,2812
2023-05-11 09:32:03,OP90002131,创业板ETF购12月2450,0.0625,0.0,0.0,0.0,20,0.063,0.0633,2,0.0606,0.0625,0.0625,0.0625,5.0,3125.0,2812
2023-05-11 09:32:03,OP90002131,创业板ETF购12月2450,0.0625,0.0,0.0,0.0,10,0.0629,0.0633,2,0.0606,0.0625,0.0625,0.0625,5.0,3125.0,2812
2023-05-11 09:32:04,OP90002131,创业板ETF购12月2450,0.0625,0.0,0.0,0.0,30,0.0628,0.0633,2,0.0606,0.0625,0.0625,0.0625,5.0,3125.0,2812
2023-05-11 09:32:05,OP90002131,创业板ETF购12月2450,0.0625,0.0,0.0,0.0,30,0.0628,0.0633,2,0.0606,0.0625,0.0625,0.0625,5.0,3125.0,2812
2023-05-11 09:32:10,OP90002131,创业板ETF购12月2450,0.0625,0.0,0.0,0.0,10,0.0629,0.0633,2,0.0606,0.0625,0.0625,0.0625,5.0,3125.0,2812
2023-05-11 09:32:10,OP90002131,创业板ETF购12月2450,0.0625,0.0,0.0,0.0,10,0.0629,0.0633,2,0.0606,0.0625,0.0625,0.0625,5.0,3125.0,2812
2023-05-11 09:32:11,OP90002131,创业板ETF购12月2450,0.0625,0.0,0.0,0.0,10,0.0629,0.0633,2,0.0606,0.0625,0.0625,0.0625,5.0,3125.0,2812
2023-05-11 09:32:13,OP90002131,创业板ETF购12月2450,0.0625,0.0,0.0,0.0,10,0.0629,0.0633,2,0.0606,0.0625,0.0625,0.0625,5.0,3125.0,2812
2023-05-11 09:32:14,OP90002131,创业板ETF购12月2450,0.0625,0.0,0.0,0.0,10,0.0629,0.0633,2,0.0606,0.0625,0.0625,0.0625,5.0,3125.0,2812
2023-05-11 09:32:16,OP90002131,创业板ETF购12月2450,0.0625,0.0,0.0,0.0,10,0.0629,0.0633,2,0.0606,0.0625,0.0625,0.0625,5.0,3125.0,2812
2023-05-11 09:32:17,OP90002131,创业板ETF购12月2450,0.0625,0.0,0.0,0.0,30,0.0629,0.0633,2,0.0606,0.0625,0.0625,0.0625,5.0,3125.0,2812
2023-05-11 09:32:18,OP90002131,创业板ETF购12月2450,0.0625,0.0,0.0,0.0,10,0.063,0.0633,2,0.0606,0.0625,0.0625,0.0625,5.0,3125.0,2812
2023-05-11 09:32:18,OP90002131,创业板ETF购12月2450,0.0625,0.0,0.0,0.0,10,0.063,0.0633,2,0.0606,0.0625,0.0625,0.0625,5.0,3125.0,2812
2023-05-11 09:32:19,OP90002131,创业板ETF购12月2450,0.0625,0.0,0.0,0.0,10,0.063,0.0633,2,0.0606,0.0625,0.0625,0.0625,5.0,3125.0,2812
2023-05-11 09:32:20,OP90002131,创业板ETF购12月2450,0.0625,0.0,0.0,0.0,10,0.063,0.0633,2,0.0606,0.0625,0.0625,0.0625,5.0,3125.0,2812
2023-05-11 09:32:21,OP90002131,创业板ETF购12月2450,0.0625,0.0,0.0,0.0,10,0.063,0.0633,2,0.0606,0.0625,0.0625,0.0625,5.0,3125.0,2812
2023-05-11 09:32:21,OP90002131,创业板ETF购12月2450,0.0625,0.0,0.0,0.0,10,0.063,0.0633,2,0.0606,0.0625,0.0625,0.0625,5.0,3125.0,2812
2023-05-11 09:32:22,OP90002131,创业板ETF购12月2450,0.0625,0.0,0.0,0.0,10,0.063,0.0633,2,0.0606,0.0625,0.0625,0.0625,5.0,3125.0,2812
2023-05-11 09:32:22,OP90002131,创业板ETF购12月2450,0.0625,0.0,0.0,0.0,10,0.063,0.0633,2,0.0606,0.0625,0.0625,0.0625,5.0,3125.0,2812
2023-05-11 09:32:23,OP90002131,创业板ETF购12月2450,0.0625,0.0,0.0,0.0,10,0.063,0.0633,2,0.0606,0.0625,0.0625,0.0625,5.0,3125.0,2812
2023-05-11 09:32:25,OP90002131,创业板ETF购12月2450,0.0625,0.0,0.0,0.0,10,0.063,0.0633,2,0.0606,0.0625,0.0625,0.0625,5.0,3125.0,2812
2023-05-11 09:32:26,OP90002131,创业板ETF购12月2450,0.0625,0.0,0.0,0.0,10,0.063,0.0633,2,0.0606,0.0625,0.0625,0.0625,5.0,3125.0,2812
2023-05-11 09:32:27,OP90002131,创业板ETF购12月2450,0.0625,0.0,0.0,0.0,10,0.063,0.0633,2,0.0606,0.0625,0.0625,0.0625,5.0,3125.0,2812
2023-05-11 09:32:27,OP90002131,创业板ETF购12月2450,0.0625,0.0,0.0,0.0,10,0.063,0.0633,2,0.0606,0.0625,0.0625,0.0625,5.0,3125.0,2812
2023-05-11 09:32:28,OP90002131,创业板ETF购12月2450,0.0625,0.0,0.0,0.0,10,0.0629,0.0633,2,0.0606,0.0625,0.0625,0.0625,5.0,3125.0,2812
2023-05-11 09:32:31,OP90002131,创业板ETF购12月2450,0.0625,0.0,0.0,0.0,10,0.0629,0.0633,2,0.0606,0.0625,0.0625,0.0625,5.0,3125.0,2812
2023-05-11 09:32:32,OP90002131,创业板ETF购12月2450,0.0625,0.0,0.0,0.0,10,0.0629,0.0633,2,0.0606,0.0625,0.0625,0.0625,5.0,3125.0,2812
2023-05-11 09:32:33,OP90002131,创业板ETF购12月2450,0.0625,0.0,0.0,0.0,20,0.0628,0.0633,2,0.0606,0.0625,0.0625,0.0625,5.0,3125.0,2812
2023-05-11 09:32:34,OP90002131,创业板ETF购12月2450,0.0625,0.0,0.0,0.0,10,0.0628,0.0633,2,0.0606,0.0625,0.0625,0.0625,5.0,3125.0,2812
2023-05-11 09:32:34,OP90002131,创业板ETF购12月2450,0.0625,0.0,0.0,0.0,10,0.0628,0.0633,2,0.0606,0.0625,0.0625,0.0625,5.0,3125.0,2812
2023-05-11 09:32:35,OP90002131,创业板ETF购12月2450,0.0625,0.0,0.0,0.0,10,0.0628,0.0633,2,0.0606,0.0625,0.0625,0.0625,5.0,3125.0,2812
2023-05-11 09:32:36,OP90002131,创业板ETF购12月2450,0.0625,0.0,0.0,0.0,10,0.0628,0.0633,2,0.0606,0.0625,0.0625,0.0625,5.0,3125.0,2812
2023-05-11 09:32:36,OP90002131,创业板ETF购12月2450,0.0625,0.0,0.0,0.0,10,0.0628,0.0633,2,0.0606,0.0625,0.0625,0.0625,5.0,3125.0,2812
2023-05-11 09:32:37,OP90002131,创业板ETF购12月2450,0.0625,0.0,0.0,0.0,10,0.0628,0.0633,2,0.0606,0.0625,0.0625,0.0625,5.0,3125.0,2812
2023-05-11 09:32:38,OP90002131,创业板ETF购12月2450,0.0625,0.0,0.0,0.0,10,0.0628,0.0633,2,0.0606,0.0625,0.0625,0.0625,5.0,3125.0,2812
2023-05-11 09:32:40,OP90002131,创业板ETF购12月2450,0.0625,0.0,0.0,0.0,10,0.0628,0.0633,2,0.0606,0.0625,0.0625,0.0625,5.0,3125.0,2812
2023-05-11 09:32:48,OP90002131,创业板ETF购12月2450,0.0625,0.0,0.0,0.0,10,0.0628,0.0633,2,0.0606,0.0625,0.0625,0.0625,5.0,3125.0,2812
2023-05-11 09:32:52,OP90002131,创业板ETF购12月2450,0.0625,0.0,0.0,0.0,10,0.0628,0.0633,2,0.0606,0.0625,0.0625,0.0625,5.0,3125.0,2812
2023-05-11 09:32:53,OP90002131,创业板ETF购12月2450,0.0625,0.0,0.0,0.0,40,0.0627,0.0633,2,0.0606,0.0625,0.0625,0.0625,5.0,3125.0,2812
2023-05-11 09:32:54,OP90002131,创业板ETF购12月2450,0.0625,0.0,0.0,0.0,40,0.0627,0.0633,2,0.0606,0.0625,0.0625,0.0625,5.0,3125.0,2812
2023-05-11 09:32:54,OP90002131,创业板ETF购12月2450,0.0625,0.0,0.0,0.0,40,0.0627,0.0633,2,0.0606,0.0625,0.0625,0.0625,5.0,3125.0,2812
2023-05-11 09:32:56,OP90002131,创业板ETF购12月2450,0.0625,0.0,0.0,0.0,40,0.0627,0.063,1,0.0606,0.0625,0.0625,0.0625,5.0,3125.0,2812
2023-05-11 09:32:56,OP90002131,创业板ETF购12月2450,0.0625,0.0,0.0,0.0,20,0.0627,0.063,1,0.0606,0.0625,0.0625,0.0625,5.0,3125.0,2812
2023-05-11 09:32:57,OP90002131,创业板ETF购12月2450,0.0625,0.0,0.0,0.0,10,0.0627,0.063,1,0.0606,0.0625,0.0625,0.0625,5.0,3125.0,2812
2023-05-11 09:32:57,OP90002131,创业板ETF购12月2450,0.0625,0.0,0.0,0.0,15,0.0628,0.063,1,0.0606,0.0625,0.0625,0.0625,5.0,3125.0,2812
2023-05-11 09:32:58,OP90002131,创业板ETF购12月2450,0.0625,0.0,0.0,0.0,25,0.0628,0.063,1,0.0606,0.0625,0.0625,0.0625,5.0,3125.0,2812
2023-05-11 09:32:58,OP90002131,创业板ETF购12月2450,0.0625,0.0,0.0,0.0,10,0.0628,0.063,1,0.0606,0.0625,0.0625,0.0625,5.0,3125.0,2812
2023-05-11 09:32:59,OP90002131,创业板ETF购12月2450,0.0625,0.0,0.0,0.0,20,0.0627,0.063,1,0.0606,0.0625,0.0625,0.0625,5.0,3125.0,2812
2023-05-11 09:32:59,OP90002131,创业板ETF购12月2450,0.0625,0.0,0.0,0.0,10,0.0628,0.063,1,0.0606,0.0625,0.0625,0.0625,5.0,3125.0,2812
2023-05-11 09:33:00,OP90002131,创业板ETF购12月2450,0.0625,0.0,0.0,0.0,10,0.0628,0.063,1,0.0606,0.0625,0.0625,0.0625,5.0,3125.0,2812
2023-05-11 09:33:04,OP90002131,创业板ETF购12月2450,0.0625,0.0,0.0,0.0,10,0.0628,0.063,1,0.0606,0.0625,0.0625,0.0625,5.0,3125.0,2812
2023-05-11 09:33:04,OP90002131,创业板ETF购12月2450,0.0625,0.0,0.0,0.0,10,0.0628,0.063,1,0.0606,0.0625,0.0625,0.0625,5.0,3125.0,2812
2023-05-11 09:33:05,OP90002131,创业板ETF购12月2450,0.0625,0.0,0.0,0.0,10,0.0628,0.063,1,0.0606,0.0625,0.0625,0.0625,5.0,3125.0,2812
2023-05-11 09:33:05,OP90002131,创业板ETF购12月2450,0.0625,0.0,0.0,0.0,10,0.0628,0.063,1,0.0606,0.0625,0.0625,0.0625,5.0,3125.0,2812
2023-05-11 09:33:07,OP90002131,创业板ETF购12月2450,0.0625,0.0,0.0,0.0,10,0.0628,0.063,1,0.0606,0.0625,0.0625,0.0625,5.0,3125.0,2812
2023-05-11 09:33:07,OP90002131,创业板ETF购12月2450,0.0625,0.0,0.0,0.0,20,0.0627,0.063,1,0.0606,0.0625,0.0625,0.0625,5.0,3125.0,2812
2023-05-11 09:33:08,OP90002131,创业板ETF购12月2450,0.0625,0.0,0.0,0.0,10,0.0627,0.063,1,0.0606,0.0625,0.0625,0.0625,5.0,3125.0,2812
2023-05-11 09:33:08,OP90002131,创业板ETF购12月2450,0.0625,0.0,0.0,0.0,10,0.0626,0.063,1,0.0606,0.0625,0.0625,0.0625,5.0,3125.0,2812
2023-05-11 09:33:09,OP90002131,创业板ETF购12月2450,0.0625,0.0,0.0,0.0,10,0.0627,0.063,1,0.0606,0.0625,0.0625,0.0625,5.0,3125.0,2812
2023-05-11 09:33:09,OP90002131,创业板ETF购12月2450,0.0625,0.0,0.0,0.0,10,0.0626,0.063,1,0.0606,0.0625,0.0625,0.0625,5.0,3125.0,2812
2023-05-11 09:33:10,OP90002131,创业板ETF购12月2450,0.0625,0.0,0.0,0.0,10,0.0626,0.063,1,0.0606,0.0625,0.0625,0.0625,5.0,3125.0,2812
2023-05-11 09:33:10,OP90002131,创业板ETF购12月2450,0.0625,0.0,0.0,0.0,10,0.0627,0.063,1,0.0606,0.0625,0.0625,0.0625,5.0,3125.0,2812
2023-05-11 09:33:11,OP90002131,创业板ETF购12月2450,0.0625,0.0,0.0,0.0,10,0.0626,0.063,1,0.0606,0.0625,0.0625,0.0625,5.0,3125.0,2812
2023-05-11 09:33:11,OP90002131,创业板ETF购12月2450,0.0625,0.0,0.0,0.0,10,0.0626,0.063,1,0.0606,0.0625,0.0625,0.0625,5.0,3125.0,2812
2023-05-11 09:33:12,OP90002131,创业板ETF购12月2450,0.0625,0.0,0.0,0.0,10,0.0626,0.063,1,0.0606,0.0625,0.0625,0.0625,5.0,3125.0,2812
2023-05-11 09:33:13,OP90002131,创业板ETF购12月2450,0.0625,0.0,0.0,0.0,10,0.0626,0.063,1,0.0606,0.0625,0.0625,0.0625,5.0,3125.0,2812
2023-05-11 09:33:13,OP90002131,创业板ETF购12月2450,0.0625,0.0,0.0,0.0,10,0.0626,0.063,1,0.0606,0.0625,0.0625,0.0625,5.0,3125.0,2812
2023-05-11 09:33:14,OP90002131,创业板ETF购12月2450,0.0625,0.0,0.0,0.0,10,0.0626,0.063,1,0.0606,0.0625,0.0625,0.0625,5.0,3125.0,2812
2023-05-11 09:33:15,OP90002131,创业板ETF购12月2450,0.0625,0.0,0.0,0.0,10,0.0626,0.063,1,0.0606,0.0625,0.0625,0.0625,5.0,3125.0,2812
2023-05-11 09:33:15,OP90002131,创业板ETF购12月2450,0.0625,0.0,0.0,0.0,35,0.0627,0.063,1,0.0606,0.0625,0.0625,0.0625,5.0,3125.0,2812
2023-05-11 09:33:16,OP90002131,创业板ETF购12月2450,0.063,1.0,630.0,1.0,10,0.0628,0.0633,2,0.0606,0.0625,0.063,0.0625,6.0,3755.0,2813
2023-05-11 09:33:16,OP90002131,创业板ETF购12月2450,0.063,0.0,0.0,0.0,15,0.0629,0.0633,2,0.0606,0.0625,0.063,0.0625,6.0,3755.0,2813
2023-05-11 09:33:17,OP90002131,创业板ETF购12月2450,0.063,0.0,0.0,0.0,10,0.0628,0.0633,2,0.0606,0.0625,0.063,0.0625,6.0,3755.0,2813
2023-05-11 09:33:17,OP90002131,创业板ETF购12月2450,0.063,0.0,0.0,0.0,45,0.0628,0.0633,2,0.0606,0.0625,0.063,0.0625,6.0,3755.0,2813
2023-05-11 09:33:18,OP90002131,创业板ETF购12月2450,0.063,0.0,0.0,0.0,35,0.0628,0.0633,2,0.0606,0.0625,0.063,0.0625,6.0,3755.0,2813
2023-05-11 09:33:18,OP90002131,创业板ETF购12月2450,0.063,0.0,0.0,0.0,45,0.0628,0.0633,2,0.0606,0.0625,0.063,0.0625,6.0,3755.0,2813
2023-05-11 09:33:19,OP90002131,创业板ETF购12月2450,0.063,0.0,0.0,0.0,10,0.0629,0.0633,2,0.0606,0.0625,0.063,0.0625,6.0,3755.0,2813
2023-05-11 09:33:19,OP90002131,创业板ETF购12月2450,0.063,0.0,0.0,0.0,10,0.0629,0.0633,2,0.0606,0.0625,0.063,0.0625,6.0,3755.0,2813
2023-05-11 09:33:20,OP90002131,创业板ETF购12月2450,0.063,0.0,0.0,0.0,10,0.0629,0.0633,2,0.0606,0.0625,0.063,0.0625,6.0,3755.0,2813
2023-05-11 09:33:21,OP90002131,创业板ETF购12月2450,0.063,0.0,0.0,0.0,15,0.063,0.0633,2,0.0606,0.0625,0.063,0.0625,6.0,3755.0,2813
2023-05-11 09:33:21,OP90002131,创业板ETF购12月2450,0.063,0.0,0.0,0.0,25,0.063,0.0633,2,0.0606,0.0625,0.063,0.0625,6.0,3755.0,2813
2023-05-11 09:33:22,OP90002131,创业板ETF购12月2450,0.063,0.0,0.0,0.0,10,0.063,0.0633,2,0.0606,0.0625,0.063,0.0625,6.0,3755.0,2813
2023-05-11 09:33:22,OP90002131,创业板ETF购12月2450,0.063,0.0,0.0,0.0,20,0.0629,0.0633,2,0.0606,0.0625,0.063,0.0625,6.0,3755.0,2813
2023-05-11 09:33:23,OP90002131,创业板ETF购12月2450,0.063,0.0,0.0,0.0,10,0.063,0.0633,2,0.0606,0.0625,0.063,0.0625,6.0,3755.0,2813
2023-05-11 09:33:23,OP90002131,创业板ETF购12月2450,0.063,0.0,0.0,0.0,10,0.063,0.0633,2,0.0606,0.0625,0.063,0.0625,6.0,3755.0,2813
2023-05-11 09:33:25,OP90002131,创业板ETF购12月2450,0.063,0.0,0.0,0.0,20,0.0629,0.0633,2,0.0606,0.0625,0.063,0.0625,6.0,3755.0,2813
2023-05-11 09:33:25,OP90002131,创业板ETF购12月2450,0.063,0.0,0.0,0.0,10,0.063,0.0633,2,0.0606,0.0625,0.063,0.0625,6.0,3755.0,2813
2023-05-11 09:33:26,OP90002131,创业板ETF购12月2450,0.063,0.0,0.0,0.0,20,0.0629,0.0633,2,0.0606,0.0625,0.063,0.0625,6.0,3755.0,2813
2023-05-11 09:33:26,OP90002131,创业板ETF购12月2450,0.063,0.0,0.0,0.0,10,0.063,0.0633,2,0.0606,0.0625,0.063,0.0625,6.0,3755.0,2813
2023-05-11 09:33:27,OP90002131,创业板ETF购12月2450,0.063,0.0,0.0,0.0,20,0.0629,0.0633,2,0.0606,0.0625,0.063,0.0625,6.0,3755.0,2813
2023-05-11 09:33:27,OP90002131,创业板ETF购12月2450,0.063,0.0,0.0,0.0,25,0.0629,0.0633,2,0.0606,0.0625,0.063,0.0625,6.0,3755.0,2813
2023-05-11 09:33:28,OP90002131,创业板ETF购12月2450,0.063,0.0,0.0,0.0,20,0.0629,0.0633,2,0.0606,0.0625,0.063,0.0625,6.0,3755.0,2813
2023-05-11 09:33:29,OP90002131,创业板ETF购12月2450,0.063,0.0,0.0,0.0,10,0.063,0.0633,2,0.0606,0.0625,0.063,0.0625,6.0,3755.0,2813
2023-05-11 09:33:29,OP90002131,创业板ETF购12月2450,0.063,0.0,0.0,0.0,10,0.0628,0.0633,2,0.0606,0.0625,0.063,0.0625,6.0,3755.0,2813
2023-05-11 09:33:30,OP90002131,创业板ETF购12月2450,0.063,0.0,0.0,0.0,10,0.0628,0.0633,2,0.0606,0.0625,0.063,0.0625,6.0,3755.0,2813
2023-05-11 09:33:30,OP90002131,创业板ETF购12月2450,0.063,0.0,0.0,0.0,10,0.0628,0.0633,2,0.0606,0.0625,0.063,0.0625,6.0,3755.0,2813
2023-05-11 09:33:32,OP90002131,创业板ETF购12月2450,0.063,0.0,0.0,0.0,10,0.0628,0.0633,2,0.0606,0.0625,0.063,0.0625,6.0,3755.0,2813
2023-05-11 09:33:33,OP90002131,创业板ETF购12月2450,0.063,0.0,0.0,0.0,25,0.0628,0.0633,2,0.0606,0.0625,0.063,0.0625,6.0,3755.0,2813
2023-05-11 09:33:33,OP90002131,创业板ETF购12月2450,0.063,0.0,0.0,0.0,10,0.0629,0.0633,2,0.0606,0.0625,0.063,0.0625,6.0,3755.0,2813
2023-05-11 09:33:34,OP90002131,创业板ETF购12月2450,0.063,0.0,0.0,0.0,10,0.0628,0.0633,2,0.0606,0.0625,0.063,0.0625,6.0,3755.0,2813
2023-05-11 09:33:34,OP90002131,创业板ETF购12月2450,0.063,0.0,0.0,0.0,15,0.0629,0.0633,2,0.0606,0.0625,0.063,0.0625,6.0,3755.0,2813
2023-05-11 09:33:35,OP90002131,创业板ETF购12月2450,0.063,0.0,0.0,0.0,10,0.063,0.0633,2,0.0606,0.0625,0.063,0.0625,6.0,3755.0,2813
2023-05-11 09:33:35,OP90002131,创业板ETF购12月2450,0.063,0.0,0.0,0.0,10,0.0629,0.0633,2,0.0606,0.0625,0.063,0.0625,6.0,3755.0,2813
2023-05-11 09:33:36,OP90002131,创业板ETF购12月2450,0.063,0.0,0.0,0.0,25,0.063,0.0633,2,0.0606,0.0625,0.063,0.0625,6.0,3755.0,2813
2023-05-11 09:33:36,OP90002131,创业板ETF购12月2450,0.063,0.0,0.0,0.0,10,0.0631,0.0633,2,0.0606,0.0625,0.063,0.0625,6.0,3755.0,2813
2023-05-11 09:33:37,OP90002131,创业板ETF购12月2450,0.063,0.0,0.0,0.0,10,0.0628,0.0633,2,0.0606,0.0625,0.063,0.0625,6.0,3755.0,2813
2023-05-11 09:33:37,OP90002131,创业板ETF购12月2450,0.063,0.0,0.0,0.0,10,0.0627,0.0633,2,0.0606,0.0625,0.063,0.0625,6.0,3755.0,2813
2023-05-11 09:33:38,OP90002131,创业板ETF购12月2450,0.063,0.0,0.0,0.0,10,0.0627,0.0633,2,0.0606,0.0625,0.063,0.0625,6.0,3755.0,2813
2023-05-11 09:33:38,OP90002131,创业板ETF购12月2450,0.063,0.0,0.0,0.0,45,0.0627,0.0633,2,0.0606,0.0625,0.063,0.0625,6.0,3755.0,2813
2023-05-11 09:33:39,OP90002131,创业板ETF购12月2450,0.063,0.0,0.0,0.0,10,0.0628,0.0633,2,0.0606,0.0625,0.063,0.0625,6.0,3755.0,2813
2023-05-11 09:33:39,OP90002131,创业板ETF购12月2450,0.063,0.0,0.0,0.0,10,0.0628,0.0633,2,0.0606,0.0625,0.063,0.0625,6.0,3755.0,2813
2023-05-11 09:33:40,OP90002131,创业板ETF购12月2450,0.063,0.0,0.0,0.0,25,0.0628,0.0633,2,0.0606,0.0625,0.063,0.0625,6.0,3755.0,2813
2023-05-11 09:33:41,OP90002131,创业板ETF购12月2450,0.063,0.0,0.0,0.0,10,0.0629,0.0633,2,0.0606,0.0625,0.063,0.0625,6.0,3755.0,2813
2023-05-11 09:33:41,OP90002131,创业板ETF购12月2450,0.063,0.0,0.0,0.0,20,0.0629,0.0633,2,0.0606,0.0625,0.063,0.0625,6.0,3755.0,2813
2023-05-11 09:33:42,OP90002131,创业板ETF购12月2450,0.063,0.0,0.0,0.0,10,0.063,0.0633,2,0.0606,0.0625,0.063,0.0625,6.0,3755.0,2813
2023-05-11 09:33:43,OP90002131,创业板ETF购12月2450,0.063,0.0,0.0,0.0,10,0.063,0.0633,2,0.0606,0.0625,0.063,0.0625,6.0,3755.0,2813
2023-05-11 09:33:44,OP90002131,创业板ETF购12月2450,0.063,0.0,0.0,0.0,10,0.063,0.0633,2,0.0606,0.0625,0.063,0.0625,6.0,3755.0,2813
2023-05-11 09:33:45,OP90002131,创业板ETF购12月2450,0.063,0.0,0.0,0.0,30,0.063,0.0633,2,0.0606,0.0625,0.063,0.0625,6.0,3755.0,2813
2023-05-11 09:33:45,OP90002131,创业板ETF购12月2450,0.063,0.0,0.0,0.0,10,0.0631,0.0633,2,0.0606,0.0625,0.063,0.0625,6.0,3755.0,2813
2023-05-11 09:33:46,OP90002131,创业板ETF购12月2450,0.063,0.0,0.0,0.0,10,0.0631,0.0633,2,0.0606,0.0625,0.063,0.0625,6.0,3755.0,2813
2023-05-11 09:33:46,OP90002131,创业板ETF购12月2450,0.063,0.0,0.0,0.0,10,0.0631,0.0633,2,0.0606,0.0625,0.063,0.0625,6.0,3755.0,2813
2023-05-11 09:33:48,OP90002131,创业板ETF购12月2450,0.063,0.0,0.0,0.0,10,0.0631,0.0633,2,0.0606,0.0625,0.063,0.0625,6.0,3755.0,2813
2023-05-11 09:33:49,OP90002131,创业板ETF购12月2450,0.063,0.0,0.0,0.0,10,0.0631,0.0633,3,0.0606,0.0625,0.063,0.0625,6.0,3755.0,2813
2023-05-11 09:33:49,OP90002131,创业板ETF购12月2450,0.063,0.0,0.0,0.0,10,0.0631,0.0633,3,0.0606,0.0625,0.063,0.0625,6.0,3755.0,2813
2023-05-11 09:33:53,OP90002131,创业板ETF购12月2450,0.063,0.0,0.0,0.0,10,0.0631,0.0633,3,0.0606,0.0625,0.063,0.0625,6.0,3755.0,2813
2023-05-11 09:33:53,OP90002131,创业板ETF购12月2450,0.063,0.0,0.0,0.0,10,0.0631,0.0633,3,0.0606,0.0625,0.063,0.0625,6.0,3755.0,2813
2023-05-11 09:33:56,OP90002131,创业板ETF购12月2450,0.063,0.0,0.0,0.0,10,0.0631,0.0633,3,0.0606,0.0625,0.063,0.0625,6.0,3755.0,2813
2023-05-11 09:33:56,OP90002131,创业板ETF购12月2450,0.063,0.0,0.0,0.0,10,0.0631,0.0633,3,0.0606,0.0625,0.063,0.0625,6.0,3755.0,2813
2023-05-11 09:33:57,OP90002131,创业板ETF购12月2450,0.063,0.0,0.0,0.0,10,0.0631,0.0633,3,0.0606,0.0625,0.063,0.0625,6.0,3755.0,2813
2023-05-11 09:33:57,OP90002131,创业板ETF购12月2450,0.063,0.0,0.0,0.0,10,0.0631,0.0633,3,0.0606,0.0625,0.063,0.0625,6.0,3755.0,2813
2023-05-11 09:33:58,OP90002131,创业板ETF购12月2450,0.063,0.0,0.0,0.0,10,0.0631,0.0633,3,0.0606,0.0625,0.063,0.0625,6.0,3755.0,2813
2023-05-11 09:33:59,OP90002131,创业板ETF购12月2450,0.0633,7.0,4431.0,2.0,10,0.0631,0.0634,1,0.0606,0.0625,0.0633,0.0625,13.0,8186.0,2815
2023-05-11 09:33:59,OP90002131,创业板ETF购12月2450,0.0634,3.0,1902.0,0.0,18,0.0634,0.0635,3,0.0606,0.0625,0.0634,0.0625,16.0,10088.0,2815
2023-05-11 09:34:00,OP90002131,创业板ETF购12月2450,0.0634,0.0,0.0,0.0,10,0.0634,0.0635,3,0.0606,0.0625,0.0634,0.0625,16.0,10088.0,2815
2023-05-11 09:34:00,OP90002131,创业板ETF购12月2450,0.0634,0.0,0.0,0.0,10,0.0633,0.0635,3,0.0606,0.0625,0.0634,0.0625,16.0,10088.0,2815
2023-05-11 09:34:01,OP90002131,创业板ETF购12月2450,0.0634,0.0,0.0,0.0,10,0.0631,0.0635,3,0.0606,0.0625,0.0634,0.0625,16.0,10088.0,2815
2023-05-11 09:34:01,OP90002131,创业板ETF购12月2450,0.0634,0.0,0.0,0.0,10,0.0631,0.0635,3,0.0606,0.0625,0.0634,0.0625,16.0,10088.0,2815
2023-05-11 09:34:02,OP90002131,创业板ETF购12月2450,0.0634,0.0,0.0,0.0,10,0.063,0.0635,3,0.0606,0.0625,0.0634,0.0625,16.0,10088.0,2815
2023-05-11 09:34:02,OP90002131,创业板ETF购12月2450,0.0634,0.0,0.0,0.0,10,0.063,0.0635,3,0.0606,0.0625,0.0634,0.0625,16.0,10088.0,2815
2023-05-11 09:34:03,OP90002131,创业板ETF购12月2450,0.0634,0.0,0.0,0.0,10,0.063,0.0635,3,0.0606,0.0625,0.0634,0.0625,16.0,10088.0,2815
2023-05-11 09:34:04,OP90002131,创业板ETF购12月2450,0.0634,0.0,0.0,0.0,10,0.063,0.0635,3,0.0606,0.0625,0.0634,0.0625,16.0,10088.0,2815
2023-05-11 09:34:08,OP90002131,创业板ETF购12月2450,0.0634,0.0,0.0,0.0,10,0.063,0.0635,3,0.0606,0.0625,0.0634,0.0625,16.0,10088.0,2815
2023-05-11 09:34:10,OP90002131,创业板ETF购12月2450,0.0634,0.0,0.0,0.0,10,0.063,0.0635,3,0.0606,0.0625,0.0634,0.0625,16.0,10088.0,2815
2023-05-11 09:34:11,OP90002131,创业板ETF购12月2450,0.0634,0.0,0.0,0.0,10,0.063,0.0635,3,0.0606,0.0625,0.0634,0.0625,16.0,10088.0,2815
2023-05-11 09:34:11,OP90002131,创业板ETF购12月2450,0.0634,0.0,0.0,0.0,10,0.063,0.0635,3,0.0606,0.0625,0.0634,0.0625,16.0,10088.0,2815
2023-05-11 09:34:13,OP90002131,创业板ETF购12月2450,0.0634,0.0,0.0,0.0,10,0.063,0.0635,3,0.0606,0.0625,0.0634,0.0625,16.0,10088.0,2815
2023-05-11 09:34:17,OP90002131,创业板ETF购12月2450,0.0634,0.0,0.0,0.0,10,0.063,0.0635,3,0.0606,0.0625,0.0634,0.0625,16.0,10088.0,2815
2023-05-11 09:34:18,OP90002131,创业板ETF购12月2450,0.0634,0.0,0.0,0.0,10,0.063,0.0635,3,0.0606,0.0625,0.0634,0.0625,16.0,10088.0,2815
2023-05-11 09:34:19,OP90002131,创业板ETF购12月2450,0.0634,0.0,0.0,0.0,10,0.063,0.0635,3,0.0606,0.0625,0.0634,0.0625,16.0,10088.0,2815
2023-05-11 09:34:20,OP90002131,创业板ETF购12月2450,0.0634,0.0,0.0,0.0,10,0.063,0.0634,1,0.0606,0.0625,0.0634,0.0625,16.0,10088.0,2815
2023-05-11 09:34:21,OP90002131,创业板ETF购12月2450,0.0634,0.0,0.0,0.0,10,0.063,0.0634,1,0.0606,0.0625,0.0634,0.0625,16.0,10088.0,2815
2023-05-11 09:34:22,OP90002131,创业板ETF购12月2450,0.0634,0.0,0.0,0.0,10,0.063,0.0634,1,0.0606,0.0625,0.0634,0.0625,16.0,10088.0,2815
2023-05-11 09:34:23,OP90002131,创业板ETF购12月2450,0.0634,0.0,0.0,0.0,10,0.063,0.0635,2,0.0606,0.0625,0.0634,0.0625,16.0,10088.0,2815
2023-05-11 09:34:24,OP90002131,创业板ETF购12月2450,0.0634,0.0,0.0,0.0,30,0.063,0.0635,2,0.0606,0.0625,0.0634,0.0625,16.0,10088.0,2815
2023-05-11 09:34:24,OP90002131,创业板ETF购12月2450,0.0634,0.0,0.0,0.0,10,0.0631,0.0635,2,0.0606,0.0625,0.0634,0.0625,16.0,10088.0,2815
2023-05-11 09:34:26,OP90002131,创业板ETF购12月2450,0.0634,0.0,0.0,0.0,10,0.0631,0.0635,2,0.0606,0.0625,0.0634,0.0625,16.0,10088.0,2815
2023-05-11 09:34:28,OP90002131,创业板ETF购12月2450,0.0634,0.0,0.0,0.0,10,0.0631,0.0635,2,0.0606,0.0625,0.0634,0.0625,16.0,10088.0,2815
2023-05-11 09:34:28,OP90002131,创业板ETF购12月2450,0.0634,0.0,0.0,0.0,10,0.063,0.0635,2,0.0606,0.0625,0.0634,0.0625,16.0,10088.0,2815
2023-05-11 09:34:29,OP90002131,创业板ETF购12月2450,0.0634,0.0,0.0,0.0,10,0.063,0.0635,2,0.0606,0.0625,0.0634,0.0625,16.0,10088.0,2815
2023-05-11 09:34:30,OP90002131,创业板ETF购12月2450,0.0634,0.0,0.0,0.0,10,0.063,0.0635,2,0.0606,0.0625,0.0634,0.0625,16.0,10088.0,2815
2023-05-11 09:34:33,OP90002131,创业板ETF购12月2450,0.0634,0.0,0.0,0.0,10,0.063,0.0635,2,0.0606,0.0625,0.0634,0.0625,16.0,10088.0,2815
2023-05-11 09:34:35,OP90002131,创业板ETF购12月2450,0.0634,0.0,0.0,0.0,10,0.063,0.0635,2,0.0606,0.0625,0.0634,0.0625,16.0,10088.0,2815
2023-05-11 09:34:36,OP90002131,创业板ETF购12月2450,0.0634,0.0,0.0,0.0,10,0.063,0.0635,2,0.0606,0.0625,0.0634,0.0625,16.0,10088.0,2815
2023-05-11 09:34:36,OP90002131,创业板ETF购12月2450,0.0634,0.0,0.0,0.0,10,0.063,0.0635,12,0.0606,0.0625,0.0634,0.0625,16.0,10088.0,2815
2023-05-11 09:34:38,OP90002131,创业板ETF购12月2450,0.0634,0.0,0.0,0.0,10,0.063,0.0635,12,0.0606,0.0625,0.0634,0.0625,16.0,10088.0,2815
2023-05-11 09:34:40,OP90002131,创业板ETF购12月2450,0.0634,0.0,0.0,0.0,10,0.063,0.0635,12,0.0606,0.0625,0.0634,0.0625,16.0,10088.0,2815
2023-05-11 09:34:42,OP90002131,创业板ETF购12月2450,0.0634,0.0,0.0,0.0,10,0.063,0.0635,12,0.0606,0.0625,0.0634,0.0625,16.0,10088.0,2815
2023-05-11 09:34:44,OP90002131,创业板ETF购12月2450,0.0634,0.0,0.0,0.0,20,0.0629,0.0635,12,0.0606,0.0625,0.0634,0.0625,16.0,10088.0,2815
2023-05-11 09:34:45,OP90002131,创业板ETF购12月2450,0.0634,0.0,0.0,0.0,10,0.0629,0.0635,12,0.0606,0.0625,0.0634,0.0625,16.0,10088.0,2815
2023-05-11 09:34:45,OP90002131,创业板ETF购12月2450,0.0634,0.0,0.0,0.0,10,0.0629,0.0635,12,0.0606,0.0625,0.0634,0.0625,16.0,10088.0,2815
2023-05-11 09:34:48,OP90002131,创业板ETF购12月2450,0.0634,0.0,0.0,0.0,10,0.0629,0.0635,12,0.0606,0.0625,0.0634,0.0625,16.0,10088.0,2815
2023-05-11 09:34:48,OP90002131,创业板ETF购12月2450,0.0634,0.0,0.0,0.0,10,0.0629,0.0635,12,0.0606,0.0625,0.0634,0.0625,16.0,10088.0,2815
2023-05-11 09:34:52,OP90002131,创业板ETF购12月2450,0.0634,0.0,0.0,0.0,10,0.0629,0.0635,12,0.0606,0.0625,0.0634,0.0625,16.0,10088.0,2815
2023-05-11 09:34:53,OP90002131,创业板ETF购12月2450,0.0634,0.0,0.0,0.0,10,0.0629,0.0635,12,0.0606,0.0625,0.0634,0.0625,16.0,10088.0,2815
2023-05-11 09:34:55,OP90002131,创业板ETF购12月2450,0.0634,0.0,0.0,0.0,10,0.0629,0.0635,12,0.0606,0.0625,0.0634,0.0625,16.0,10088.0,2815
2023-05-11 09:34:59,OP90002131,创业板ETF购12月2450,0.0634,0.0,0.0,0.0,10,0.0629,0.0635,12,0.0606,0.0625,0.0634,0.0625,16.0,10088.0,2815
2023-05-11 09:35:02,OP90002131,创业板ETF购12月2450,0.0634,0.0,0.0,0.0,10,0.0629,0.0635,12,0.0606,0.0625,0.0634,0.0625,16.0,10088.0,2815
2023-05-11 09:35:02,OP90002131,创业板ETF购12月2450,0.0634,0.0,0.0,0.0,10,0.0629,0.0635,12,0.0606,0.0625,0.0634,0.0625,16.0,10088.0,2815
2023-05-11 09:35:03,OP90002131,创业板ETF购12月2450,0.0634,0.0,0.0,0.0,10,0.0629,0.0635,12,0.0606,0.0625,0.0634,0.0625,16.0,10088.0,2815
2023-05-11 09:35:04,OP90002131,创业板ETF购12月2450,0.0634,0.0,0.0,0.0,10,0.0629,0.0635,13,0.0606,0.0625,0.0634,0.0625,16.0,10088.0,2815
2023-05-11 09:35:04,OP90002131,创业板ETF购12月2450,0.0634,0.0,0.0,0.0,20,0.0628,0.0635,28,0.0606,0.0625,0.0634,0.0625,16.0,10088.0,2815
2023-05-11 09:35:05,OP90002131,创业板ETF购12月2450,0.0634,0.0,0.0,0.0,10,0.0628,0.0635,13,0.0606,0.0625,0.0634,0.0625,16.0,10088.0,2815
2023-05-11 09:35:05,OP90002131,创业板ETF购12月2450,0.0634,0.0,0.0,0.0,20,0.0627,0.0635,28,0.0606,0.0625,0.0634,0.0625,16.0,10088.0,2815
2023-05-11 09:35:06,OP90002131,创业板ETF购12月2450,0.0634,0.0,0.0,0.0,10,0.0628,0.0635,28,0.0606,0.0625,0.0634,0.0625,16.0,10088.0,2815
2023-05-11 09:35:06,OP90002131,创业板ETF购12月2450,0.0634,0.0,0.0,0.0,20,0.0627,0.0635,28,0.0606,0.0625,0.0634,0.0625,16.0,10088.0,2815
2023-05-11 09:35:07,OP90002131,创业板ETF购12月2450,0.0634,0.0,0.0,0.0,10,0.0628,0.0635,28,0.0606,0.0625,0.0634,0.0625,16.0,10088.0,2815
2023-05-11 09:35:07,OP90002131,创业板ETF购12月2450,0.0634,0.0,0.0,0.0,10,0.0627,0.0635,48,0.0606,0.0625,0.0634,0.0625,16.0,10088.0,2815
2023-05-11 09:35:08,OP90002131,创业板ETF购12月2450,0.0634,0.0,0.0,0.0,10,0.0628,0.0635,48,0.0606,0.0625,0.0634,0.0625,16.0,10088.0,2815
2023-05-11 09:35:08,OP90002131,创业板ETF购12月2450,0.0634,0.0,0.0,0.0,10,0.0627,0.0635,48,0.0606,0.0625,0.0634,0.0625,16.0,10088.0,2815
2023-05-11 09:35:09,OP90002131,创业板ETF购12月2450,0.0634,0.0,0.0,0.0,10,0.0628,0.0635,28,0.0606,0.0625,0.0634,0.0625,16.0,10088.0,2815
2023-05-11 09:35:09,OP90002131,创业板ETF购12月2450,0.0634,0.0,0.0,0.0,10,0.0627,0.0635,28,0.0606,0.0625,0.0634,0.0625,16.0,10088.0,2815
2023-05-11 09:35:10,OP90002131,创业板ETF购12月2450,0.0634,0.0,0.0,0.0,10,0.0628,0.0635,28,0.0606,0.0625,0.0634,0.0625,16.0,10088.0,2815
2023-05-11 09:35:10,OP90002131,创业板ETF购12月2450,0.0634,0.0,0.0,0.0,10,0.0627,0.0635,28,0.0606,0.0625,0.0634,0.0625,16.0,10088.0,2815
2023-05-11 09:35:11,OP90002131,创业板ETF购12月2450,0.0634,0.0,0.0,0.0,10,0.0628,0.0635,28,0.0606,0.0625,0.0634,0.0625,16.0,10088.0,2815
2023-05-11 09:35:11,OP90002131,创业板ETF购12月2450,0.0634,0.0,0.0,0.0,20,0.0627,0.0635,28,0.0606,0.0625,0.0634,0.0625,16.0,10088.0,2815
2023-05-11 09:35:12,OP90002131,创业板ETF购12月2450,0.0634,0.0,0.0,0.0,10,0.0628,0.0635,13,0.0606,0.0625,0.0634,0.0625,16.0,10088.0,2815
2023-05-11 09:35:12,OP90002131,创业板ETF购12月2450,0.0634,0.0,0.0,0.0,20,0.0628,0.0635,13,0.0606,0.0625,0.0634,0.0625,16.0,10088.0,2815
2023-05-11 09:35:13,OP90002131,创业板ETF购12月2450,0.0634,0.0,0.0,0.0,10,0.0629,0.0635,13,0.0606,0.0625,0.0634,0.0625,16.0,10088.0,2815
2023-05-11 09:35:13,OP90002131,创业板ETF购12月2450,0.0634,0.0,0.0,0.0,10,0.0629,0.0635,13,0.0606,0.0625,0.0634,0.0625,16.0,10088.0,2815
2023-05-11 09:35:14,OP90002131,创业板ETF购12月2450,0.0634,0.0,0.0,0.0,10,0.0629,0.0635,13,0.0606,0.0625,0.0634,0.0625,16.0,10088.0,2815
2023-05-11 09:35:15,OP90002131,创业板ETF购12月2450,0.0634,0.0,0.0,0.0,10,0.0628,0.0635,13,0.0606,0.0625,0.0634,0.0625,16.0,10088.0,2815
2023-05-11 09:35:15,OP90002131,创业板ETF购12月2450,0.0634,0.0,0.0,0.0,10,0.0628,0.0635,13,0.0606,0.0625,0.0634,0.0625,16.0,10088.0,2815
2023-05-11 09:35:17,OP90002131,创业板ETF购12月2450,0.0634,0.0,0.0,0.0,10,0.0628,0.0635,13,0.0606,0.0625,0.0634,0.0625,16.0,10088.0,2815
2023-05-11 09:35:18,OP90002131,创业板ETF购12月2450,0.0634,0.0,0.0,0.0,20,0.0629,0.0635,13,0.0606,0.0625,0.0634,0.0625,16.0,10088.0,2815
2023-05-11 09:35:18,OP90002131,创业板ETF购12月2450,0.0634,0.0,0.0,0.0,10,0.063,0.0635,13,0.0606,0.0625,0.0634,0.0625,16.0,10088.0,2815
2023-05-11 09:35:19,OP90002131,创业板ETF购12月2450,0.0634,0.0,0.0,0.0,20,0.0629,0.0635,13,0.0606,0.0625,0.0634,0.0625,16.0,10088.0,2815
2023-05-11 09:35:19,OP90002131,创业板ETF购12月2450,0.0634,0.0,0.0,0.0,10,0.063,0.0635,13,0.0606,0.0625,0.0634,0.0625,16.0,10088.0,2815
2023-05-11 09:35:20,OP90002131,创业板ETF购12月2450,0.0634,0.0,0.0,0.0,30,0.063,0.0635,13,0.0606,0.0625,0.0634,0.0625,16.0,10088.0,2815
2023-05-11 09:35:20,OP90002131,创业板ETF购12月2450,0.0634,0.0,0.0,0.0,10,0.0631,0.0635,13,0.0606,0.0625,0.0634,0.0625,16.0,10088.0,2815
2023-05-11 09:35:21,OP90002131,创业板ETF购12月2450,0.0634,0.0,0.0,0.0,10,0.0631,0.0635,13,0.0606,0.0625,0.0634,0.0625,16.0,10088.0,2815
2023-05-11 09:35:21,OP90002131,创业板ETF购12月2450,0.0634,0.0,0.0,0.0,10,0.0631,0.0635,3,0.0606,0.0625,0.0634,0.0625,16.0,10088.0,2815
2023-05-11 09:35:25,OP90002131,创业板ETF购12月2450,0.0634,0.0,0.0,0.0,10,0.0631,0.0635,3,0.0606,0.0625,0.0634,0.0625,16.0,10088.0,2815
2023-05-11 09:35:25,OP90002131,创业板ETF购12月2450,0.0634,0.0,0.0,0.0,10,0.063,0.0635,3,0.0606,0.0625,0.0634,0.0625,16.0,10088.0,2815
2023-05-11 09:35:27,OP90002131,创业板ETF购12月2450,0.0634,0.0,0.0,0.0,30,0.063,0.0635,13,0.0606,0.0625,0.0634,0.0625,16.0,10088.0,2815
2023-05-11 09:35:28,OP90002131,创业板ETF购12月2450,0.0634,0.0,0.0,0.0,10,0.0631,0.0635,13,0.0606,0.0625,0.0634,0.0625,16.0,10088.0,2815
2023-05-11 09:35:28,OP90002131,创业板ETF购12月2450,0.0634,0.0,0.0,0.0,10,0.0631,0.0634,5,0.0606,0.0625,0.0634,0.0625,16.0,10088.0,2815
2023-05-11 09:35:29,OP90002131,创业板ETF购12月2450,0.0634,0.0,0.0,0.0,10,0.0631,0.0634,5,0.0606,0.0625,0.0634,0.0625,16.0,10088.0,2815
2023-05-11 09:35:30,OP90002131,创业板ETF购12月2450,0.0634,0.0,0.0,0.0,10,0.063,0.0634,5,0.0606,0.0625,0.0634,0.0625,16.0,10088.0,2815
2023-05-11 09:35:30,OP90002131,创业板ETF购12月2450,0.0634,0.0,0.0,0.0,10,0.063,0.0634,5,0.0606,0.0625,0.0634,0.0625,16.0,10088.0,2815
2023-05-11 09:35:31,OP90002131,创业板ETF购12月2450,0.0634,0.0,0.0,0.0,10,0.063,0.0634,5,0.0606,0.0625,0.0634,0.0625,16.0,10088.0,2815
2023-05-11 09:35:32,OP90002131,创业板ETF购12月2450,0.0634,0.0,0.0,0.0,10,0.0629,0.0634,5,0.0606,0.0625,0.0634,0.0625,16.0,10088.0,2815
2023-05-11 09:35:32,OP90002131,创业板ETF购12月2450,0.0634,0.0,0.0,0.0,10,0.0629,0.0634,5,0.0606,0.0625,0.0634,0.0625,16.0,10088.0,2815
2023-05-11 09:35:40,OP90002131,创业板ETF购12月2450,0.0634,0.0,0.0,0.0,10,0.0629,0.0634,5,0.0606,0.0625,0.0634,0.0625,16.0,10088.0,2815
2023-05-11 09:35:40,OP90002131,创业板ETF购12月2450,0.0634,0.0,0.0,0.0,30,0.0629,0.0634,5,0.0606,0.0625,0.0634,0.0625,16.0,10088.0,2815
2023-05-11 09:35:41,OP90002131,创业板ETF购12月2450,0.0634,0.0,0.0,0.0,10,0.063,0.0634,5,0.0606,0.0625,0.0634,0.0625,16.0,10088.0,2815
2023-05-11 09:35:42,OP90002131,创业板ETF购12月2450,0.0634,0.0,0.0,0.0,10,0.063,0.0634,5,0.0606,0.0625,0.0634,0.0625,16.0,10088.0,2815
2023-05-11 09:35:43,OP90002131,创业板ETF购12月2450,0.0634,0.0,0.0,0.0,10,0.0629,0.0634,5,0.0606,0.0625,0.0634,0.0625,16.0,10088.0,2815
2023-05-11 09:35:47,OP90002131,创业板ETF购12月2450,0.0634,0.0,0.0,0.0,10,0.0629,0.0634,15,0.0606,0.0625,0.0634,0.0625,16.0,10088.0,2815
2023-05-11 09:35:49,OP90002131,创业板ETF购12月2450,0.0634,0.0,0.0,0.0,10,0.0629,0.0634,15,0.0606,0.0625,0.0634,0.0625,16.0,10088.0,2815
2023-05-11 09:35:50,OP90002131,创业板ETF购12月2450,0.0634,0.0,0.0,0.0,10,0.0629,0.0634,15,0.0606,0.0625,0.0634,0.0625,16.0,10088.0,2815
2023-05-11 09:35:51,OP90002131,创业板ETF购12月2450,0.0634,0.0,0.0,0.0,10,0.0629,0.0634,5,0.0606,0.0625,0.0634,0.0625,16.0,10088.0,2815
2023-05-11 09:35:58,OP90002131,创业板ETF购12月2450,0.0634,0.0,0.0,0.0,10,0.0629,0.0634,5,0.0606,0.0625,0.0634,0.0625,16.0,10088.0,2815
2023-05-11 09:36:00,OP90002131,创业板ETF购12月2450,0.0634,0.0,0.0,0.0,10,0.0629,0.0635,13,0.0606,0.0625,0.0634,0.0625,16.0,10088.0,2815
2023-05-11 09:36:01,OP90002131,创业板ETF购12月2450,0.0634,0.0,0.0,0.0,10,0.0629,0.0635,13,0.0606,0.0625,0.0634,0.0625,16.0,10088.0,2815
2023-05-11 09:36:08,OP90002131,创业板ETF购12月2450,0.0634,0.0,0.0,0.0,10,0.0629,0.0635,13,0.0606,0.0625,0.0634,0.0625,16.0,10088.0,2815
2023-05-11 09:36:12,OP90002131,创业板ETF购12月2450,0.0634,0.0,0.0,0.0,10,0.0629,0.0635,13,0.0606,0.0625,0.0634,0.0625,16.0,10088.0,2815
2023-05-11 09:36:17,OP90002131,创业板ETF购12月2450,0.0634,0.0,0.0,0.0,10,0.0629,0.0635,13,0.0606,0.0625,0.0634,0.0625,16.0,10088.0,2815
2023-05-11 09:36:18,OP90002131,创业板ETF购12月2450,0.0634,0.0,0.0,0.0,10,0.0629,0.0635,13,0.0606,0.0625,0.0634,0.0625,16.0,10088.0,2815
2023-05-11 09:36:20,OP90002131,创业板ETF购12月2450,0.0634,0.0,0.0,0.0,60,0.0628,0.0635,13,0.0606,0.0625,0.0634,0.0625,16.0,10088.0,2815
2023-05-11 09:36:20,OP90002131,创业板ETF购12月2450,0.0634,0.0,0.0,0.0,10,0.0629,0.0635,13,0.0606,0.0625,0.0634,0.0625,16.0,10088.0,2815
2023-05-11 09:36:21,OP90002131,创业板ETF购12月2450,0.0634,0.0,0.0,0.0,10,0.0629,0.0635,13,0.0606,0.0625,0.0634,0.0625,16.0,10088.0,2815
2023-05-11 09:36:28,OP90002131,创业板ETF购12月2450,0.0634,0.0,0.0,0.0,20,0.0629,0.0635,13,0.0606,0.0625,0.0634,0.0625,16.0,10088.0,2815
2023-05-11 09:36:28,OP90002131,创业板ETF购12月2450,0.0629,5.0,3145.0,0.0,10,0.063,0.0635,13,0.0606,0.0625,0.0634,0.0625,21.0,13233.0,2815
2023-05-11 09:36:30,OP90002131,创业板ETF购12月2450,0.0629,0.0,0.0,0.0,20,0.0629,0.0635,13,0.0606,0.0625,0.0634,0.0625,21.0,13233.0,2815
2023-05-11 09:36:32,OP90002131,创业板ETF购12月2450,0.0629,0.0,0.0,0.0,10,0.063,0.0635,13,0.0606,0.0625,0.0634,0.0625,21.0,13233.0,2815
2023-05-11 09:36:32,OP90002131,创业板ETF购12月2450,0.0629,0.0,0.0,0.0,20,0.0629,0.0635,13,0.0606,0.0625,0.0634,0.0625,21.0,13233.0,2815
2023-05-11 09:36:34,OP90002131,创业板ETF购12月2450,0.0629,0.0,0.0,0.0,10,0.063,0.0635,13,0.0606,0.0625,0.0634,0.0625,21.0,13233.0,2815
2023-05-11 09:36:42,OP90002131,创业板ETF购12月2450,0.0629,0.0,0.0,0.0,10,0.063,0.0635,13,0.0606,0.0625,0.0634,0.0625,21.0,13233.0,2815
2023-05-11 09:36:47,OP90002131,创业板ETF购12月2450,0.0629,0.0,0.0,0.0,10,0.063,0.0635,13,0.0606,0.0625,0.0634,0.0625,21.0,13233.0,2815
2023-05-11 09:36:48,OP90002131,创业板ETF购12月2450,0.0629,0.0,0.0,0.0,10,0.063,0.0635,13,0.0606,0.0625,0.0634,0.0625,21.0,13233.0,2815
2023-05-11 09:36:49,OP90002131,创业板ETF购12月2450,0.0629,0.0,0.0,0.0,10,0.063,0.0635,13,0.0606,0.0625,0.0634,0.0625,21.0,13233.0,2815
2023-05-11 09:37:03,OP90002131,创业板ETF购12月2450,0.0629,0.0,0.0,0.0,10,0.063,0.0635,33,0.0606,0.0625,0.0634,0.0625,21.0,13233.0,2815
2023-05-11 09:37:03,OP90002131,创业板ETF购12月2450,0.0629,0.0,0.0,0.0,10,0.063,0.0635,33,0.0606,0.0625,0.0634,0.0625,21.0,13233.0,2815
2023-05-11 09:37:04,OP90002131,创业板ETF购12月2450,0.0629,0.0,0.0,0.0,10,0.0629,0.0635,33,0.0606,0.0625,0.0634,0.0625,21.0,13233.0,2815
2023-05-11 09:37:04,OP90002131,创业板ETF购12月2450,0.0629,0.0,0.0,0.0,10,0.0629,0.0635,33,0.0606,0.0625,0.0634,0.0625,21.0,13233.0,2815
2023-05-11 09:37:06,OP90002131,创业板ETF购12月2450,0.0629,0.0,0.0,0.0,10,0.0629,0.0635,13,0.0606,0.0625,0.0634,0.0625,21.0,13233.0,2815
2023-05-11 09:37:17,OP90002131,创业板ETF购12月2450,0.0629,0.0,0.0,0.0,20,0.0628,0.0635,13,0.0606,0.0625,0.0634,0.0625,21.0,13233.0,2815
2023-05-11 09:37:17,OP90002131,创业板ETF购12月2450,0.0629,0.0,0.0,0.0,10,0.0628,0.0635,28,0.0606,0.0625,0.0634,0.0625,21.0,13233.0,2815
2023-05-11 09:37:18,OP90002131,创业板ETF购12月2450,0.0629,0.0,0.0,0.0,20,0.0627,0.0635,28,0.0606,0.0625,0.0634,0.0625,21.0,13233.0,2815
2023-05-11 09:37:18,OP90002131,创业板ETF购12月2450,0.0629,0.0,0.0,0.0,10,0.0627,0.0635,28,0.0606,0.0625,0.0634,0.0625,21.0,13233.0,2815
2023-05-11 09:37:19,OP90002131,创业板ETF购12月2450,0.0629,0.0,0.0,0.0,10,0.0627,0.0635,13,0.0606,0.0625,0.0634,0.0625,21.0,13233.0,2815
2023-05-11 09:37:19,OP90002131,创业板ETF购12月2450,0.0629,0.0,0.0,0.0,70,0.0626,0.0635,13,0.0606,0.0625,0.0634,0.0625,21.0,13233.0,2815
2023-05-11 09:37:20,OP90002131,创业板ETF购12月2450,0.0629,0.0,0.0,0.0,10,0.0627,0.0635,13,0.0606,0.0625,0.0634,0.0625,21.0,13233.0,2815
2023-05-11 09:37:21,OP90002131,创业板ETF购12月2450,0.0629,0.0,0.0,0.0,80,0.0626,0.0635,13,0.0606,0.0625,0.0634,0.0625,21.0,13233.0,2815
2023-05-11 09:37:23,OP90002131,创业板ETF购12月2450,0.0629,0.0,0.0,0.0,10,0.0627,0.0635,13,0.0606,0.0625,0.0634,0.0625,21.0,13233.0,2815
2023-05-11 09:37:23,OP90002131,创业板ETF购12月2450,0.0629,0.0,0.0,0.0,25,0.0627,0.0635,13,0.0606,0.0625,0.0634,0.0625,21.0,13233.0,2815
2023-05-11 09:37:26,OP90002131,创业板ETF购12月2450,0.0629,0.0,0.0,0.0,15,0.0627,0.0635,13,0.0606,0.0625,0.0634,0.0625,21.0,13233.0,2815
2023-05-11 09:37:29,OP90002131,创业板ETF购12月2450,0.0629,0.0,0.0,0.0,15,0.0627,0.0635,13,0.0606,0.0625,0.0634,0.0625,21.0,13233.0,2815
2023-05-11 09:37:30,OP90002131,创业板ETF购12月2450,0.0629,0.0,0.0,0.0,80,0.0626,0.0635,13,0.0606,0.0625,0.0634,0.0625,21.0,13233.0,2815
2023-05-11 09:37:32,OP90002131,创业板ETF购12月2450,0.0629,0.0,0.0,0.0,10,0.0627,0.0635,13,0.0606,0.0625,0.0634,0.0625,21.0,13233.0,2815
2023-05-11 09:37:33,OP90002131,创业板ETF购12月2450,0.0629,0.0,0.0,0.0,10,0.0627,0.0635,13,0.0606,0.0625,0.0634,0.0625,21.0,13233.0,2815
2023-05-11 09:37:35,OP90002131,创业板ETF购12月2450,0.0629,0.0,0.0,0.0,10,0.0627,0.0635,13,0.0606,0.0625,0.0634,0.0625,21.0,13233.0,2815
2023-05-11 09:37:35,OP90002131,创业板ETF购12月2450,0.0629,0.0,0.0,0.0,10,0.0627,0.0635,33,0.0606,0.0625,0.0634,0.0625,21.0,13233.0,2815
2023-05-11 09:37:36,OP90002131,创业板ETF购12月2450,0.0629,0.0,0.0,0.0,10,0.0627,0.0635,33,0.0606,0.0625,0.0634,0.0625,21.0,13233.0,2815
2023-05-11 09:37:37,OP90002131,创业板ETF购12月2450,0.0629,0.0,0.0,0.0,80,0.0626,0.0635,13,0.0606,0.0625,0.0634,0.0625,21.0,13233.0,2815
2023-05-11 09:37:38,OP90002131,创业板ETF购12月2450,0.0629,0.0,0.0,0.0,10,0.0627,0.0635,13,0.0606,0.0625,0.0634,0.0625,21.0,13233.0,2815
2023-05-11 09:37:38,OP90002131,创业板ETF购12月2450,0.0629,0.0,0.0,0.0,80,0.0626,0.0635,13,0.0606,0.0625,0.0634,0.0625,21.0,13233.0,2815
2023-05-11 09:37:39,OP90002131,创业板ETF购12月2450,0.0629,0.0,0.0,0.0,10,0.0627,0.0635,13,0.0606,0.0625,0.0634,0.0625,21.0,13233.0,2815
2023-05-11 09:37:39,OP90002131,创业板ETF购12月2450,0.0629,0.0,0.0,0.0,10,0.0627,0.0635,13,0.0606,0.0625,0.0634,0.0625,21.0,13233.0,2815
2023-05-11 09:37:41,OP90002131,创业板ETF购12月2450,0.0629,0.0,0.0,0.0,80,0.0626,0.0635,13,0.0606,0.0625,0.0634,0.0625,21.0,13233.0,2815
2023-05-11 09:37:44,OP90002131,创业板ETF购12月2450,0.0629,0.0,0.0,0.0,80,0.0626,0.0635,14,0.0606,0.0625,0.0634,0.0625,21.0,13233.0,2815
2023-05-11 09:37:46,OP90002131,创业板ETF购12月2450,0.0629,0.0,0.0,0.0,10,0.0627,0.0635,14,0.0606,0.0625,0.0634,0.0625,21.0,13233.0,2815
2023-05-11 09:37:46,OP90002131,创业板ETF购12月2450,0.0629,0.0,0.0,0.0,80,0.0626,0.0635,14,0.0606,0.0625,0.0634,0.0625,21.0,13233.0,2815
2023-05-11 09:37:47,OP90002131,创业板ETF购12月2450,0.0629,0.0,0.0,0.0,10,0.0627,0.0635,14,0.0606,0.0625,0.0634,0.0625,21.0,13233.0,2815
2023-05-11 09:37:50,OP90002131,创业板ETF购12月2450,0.0629,0.0,0.0,0.0,30,0.0627,0.0635,14,0.0606,0.0625,0.0634,0.0625,21.0,13233.0,2815
2023-05-11 09:37:50,OP90002131,创业板ETF购12月2450,0.0629,0.0,0.0,0.0,10,0.0628,0.0635,14,0.0606,0.0625,0.0634,0.0625,21.0,13233.0,2815
2023-05-11 09:37:51,OP90002131,创业板ETF购12月2450,0.0629,0.0,0.0,0.0,10,0.0628,0.0635,14,0.0606,0.0625,0.0634,0.0625,21.0,13233.0,2815
2023-05-11 09:37:52,OP90002131,创业板ETF购12月2450,0.0629,0.0,0.0,0.0,10,0.0628,0.0635,14,0.0606,0.0625,0.0634,0.0625,21.0,13233.0,2815
2023-05-11 09:37:52,OP90002131,创业板ETF购12月2450,0.0629,0.0,0.0,0.0,10,0.0628,0.0635,14,0.0606,0.0625,0.0634,0.0625,21.0,13233.0,2815
2023-05-11 09:37:54,OP90002131,创业板ETF购12月2450,0.0629,0.0,0.0,0.0,10,0.0628,0.0635,14,0.0606,0.0625,0.0634,0.0625,21.0,13233.0,2815
2023-05-11 09:37:59,OP90002131,创业板ETF购12月2450,0.0629,0.0,0.0,0.0,10,0.0628,0.0635,14,0.0606,0.0625,0.0634,0.0625,21.0,13233.0,2815
2023-05-11 09:38:00,OP90002131,创业板ETF购12月2450,0.0629,0.0,0.0,0.0,10,0.0628,0.0635,14,0.0606,0.0625,0.0634,0.0625,21.0,13233.0,2815
2023-05-11 09:38:03,OP90002131,创业板ETF购12月2450,0.0629,0.0,0.0,0.0,10,0.0628,0.0635,13,0.0606,0.0625,0.0634,0.0625,21.0,13233.0,2815
2023-05-11 09:38:05,OP90002131,创业板ETF购12月2450,0.0629,0.0,0.0,0.0,10,0.0628,0.0635,13,0.0606,0.0625,0.0634,0.0625,21.0,13233.0,2815
2023-05-11 09:38:05,OP90002131,创业板ETF购12月2450,0.0629,0.0,0.0,0.0,10,0.0628,0.0635,13,0.0606,0.0625,0.0634,0.0625,21.0,13233.0,2815
2023-05-11 09:38:07,OP90002131,创业板ETF购12月2450,0.0629,0.0,0.0,0.0,10,0.0628,0.0635,13,0.0606,0.0625,0.0634,0.0625,21.0,13233.0,2815
2023-05-11 09:38:07,OP90002131,创业板ETF购12月2450,0.0629,0.0,0.0,0.0,25,0.0628,0.0635,13,0.0606,0.0625,0.0634,0.0625,21.0,13233.0,2815
2023-05-11 09:38:08,OP90002131,创业板ETF购12月2450,0.0629,0.0,0.0,0.0,10,0.0629,0.0635,13,0.0606,0.0625,0.0634,0.0625,21.0,13233.0,2815
2023-05-11 09:38:08,OP90002131,创业板ETF购12月2450,0.0629,0.0,0.0,0.0,10,0.0629,0.0635,13,0.0606,0.0625,0.0634,0.0625,21.0,13233.0,2815
2023-05-11 09:38:10,OP90002131,创业板ETF购12月2450,0.0629,0.0,0.0,0.0,10,0.0629,0.0635,13,0.0606,0.0625,0.0634,0.0625,21.0,13233.0,2815
2023-05-11 09:38:11,OP90002131,创业板ETF购12月2450,0.0629,0.0,0.0,0.0,10,0.0629,0.0635,13,0.0606,0.0625,0.0634,0.0625,21.0,13233.0,2815
2023-05-11 09:38:15,OP90002131,创业板ETF购12月2450,0.0629,0.0,0.0,0.0,10,0.0629,0.0635,3,0.0606,0.0625,0.0634,0.0625,21.0,13233.0,2815
2023-05-11 09:38:16,OP90002131,创业板ETF购12月2450,0.0629,0.0,0.0,0.0,10,0.0629,0.0635,3,0.0606,0.0625,0.0634,0.0625,21.0,13233.0,2815
2023-05-11 09:38:26,OP90002131,创业板ETF购12月2450,0.0629,0.0,0.0,0.0,10,0.0629,0.0635,3,0.0606,0.0625,0.0634,0.0625,21.0,13233.0,2815
2023-05-11 09:38:30,OP90002131,创业板ETF购12月2450,0.0629,0.0,0.0,0.0,10,0.0629,0.0635,3,0.0606,0.0625,0.0634,0.0625,21.0,13233.0,2815
2023-05-11 09:38:35,OP90002131,创业板ETF购12月2450,0.0629,0.0,0.0,0.0,30,0.0629,0.0635,3,0.0606,0.0625,0.0634,0.0625,21.0,13233.0,2815
2023-05-11 09:38:36,OP90002131,创业板ETF购12月2450,0.0629,0.0,0.0,0.0,10,0.063,0.0635,3,0.0606,0.0625,0.0634,0.0625,21.0,13233.0,2815
2023-05-11 09:38:36,OP90002131,创业板ETF购12月2450,0.0629,0.0,0.0,0.0,30,0.063,0.0635,3,0.0606,0.0625,0.0634,0.0625,21.0,13233.0,2815
2023-05-11 09:38:37,OP90002131,创业板ETF购12月2450,0.0629,0.0,0.0,0.0,10,0.0631,0.0635,3,0.0606,0.0625,0.0634,0.0625,21.0,13233.0,2815
2023-05-11 09:38:37,OP90002131,创业板ETF购12月2450,0.0629,0.0,0.0,0.0,10,0.0631,0.0635,3,0.0606,0.0625,0.0634,0.0625,21.0,13233.0,2815
2023-05-11 09:38:38,OP90002131,创业板ETF购12月2450,0.0629,0.0,0.0,0.0,30,0.0631,0.0635,3,0.0606,0.0625,0.0634,0.0625,21.0,13233.0,2815
2023-05-11 09:38:39,OP90002131,创业板ETF购12月2450,0.0629,0.0,0.0,0.0,10,0.0632,0.0635,3,0.0606,0.0625,0.0634,0.0625,21.0,13233.0,2815
2023-05-11 09:38:39,OP90002131,创业板ETF购12月2450,0.0629,0.0,0.0,0.0,10,0.0632,0.0635,3,0.0606,0.0625,0.0634,0.0625,21.0,13233.0,2815
2023-05-11 09:38:41,OP90002131,创业板ETF购12月2450,0.0629,0.0,0.0,0.0,10,0.0632,0.0635,3,0.0606,0.0625,0.0634,0.0625,21.0,13233.0,2815
2023-05-11 09:38:42,OP90002131,创业板ETF购12月2450,0.0629,0.0,0.0,0.0,10,0.0632,0.0635,3,0.0606,0.0625,0.0634,0.0625,21.0,13233.0,2815
2023-05-11 09:38:53,OP90002131,创业板ETF购12月2450,0.0629,0.0,0.0,0.0,10,0.0632,0.0635,3,0.0606,0.0625,0.0634,0.0625,21.0,13233.0,2815
2023-05-11 09:38:58,OP90002131,创业板ETF购12月2450,0.0629,0.0,0.0,0.0,30,0.0632,0.0635,3,0.0606,0.0625,0.0634,0.0625,21.0,13233.0,2815
2023-05-11 09:38:58,OP90002131,创业板ETF购12月2450,0.0629,0.0,0.0,0.0,10,0.0633,0.0635,3,0.0606,0.0625,0.0634,0.0625,21.0,13233.0,2815
2023-05-11 09:39:00,OP90002131,创业板ETF购12月2450,0.0629,0.0,0.0,0.0,10,0.0633,0.0635,3,0.0606,0.0625,0.0634,0.0625,21.0,13233.0,2815
2023-05-11 09:39:03,OP90002131,创业板ETF购12月2450,0.0629,0.0,0.0,0.0,10,0.0633,0.0635,3,0.0606,0.0625,0.0634,0.0625,21.0,13233.0,2815
2023-05-11 09:39:06,OP90002131,创业板ETF购12月2450,0.0629,0.0,0.0,0.0,30,0.0633,0.0635,3,0.0606,0.0625,0.0634,0.0625,21.0,13233.0,2815
2023-05-11 09:39:06,OP90002131,创业板ETF购12月2450,0.0629,0.0,0.0,0.0,10,0.0634,0.0635,3,0.0606,0.0625,0.0634,0.0625,21.0,13233.0,2815
2023-05-11 09:39:07,OP90002131,创业板ETF购12月2450,0.0629,0.0,0.0,0.0,10,0.0634,0.0635,3,0.0606,0.0625,0.0634,0.0625,21.0,13233.0,2815
2023-05-11 09:39:08,OP90002131,创业板ETF购12月2450,0.0629,0.0,0.0,0.0,10,0.0634,0.0635,3,0.0606,0.0625,0.0634,0.0625,21.0,13233.0,2815
2023-05-11 09:39:09,OP90002131,创业板ETF购12月2450,0.0629,0.0,0.0,0.0,10,0.0634,0.0635,3,0.0606,0.0625,0.0634,0.0625,21.0,13233.0,2815
2023-05-11 09:39:10,OP90002131,创业板ETF购12月2450,0.0629,0.0,0.0,0.0,10,0.0634,0.0635,3,0.0606,0.0625,0.0634,0.0625,21.0,13233.0,2815
2023-05-11 09:39:11,OP90002131,创业板ETF购12月2450,0.0629,0.0,0.0,0.0,10,0.0634,0.0635,3,0.0606,0.0625,0.0634,0.0625,21.0,13233.0,2815
2023-05-11 09:39:11,OP90002131,创业板ETF购12月2450,0.0629,0.0,0.0,0.0,10,0.0633,0.0635,3,0.0606,0.0625,0.0634,0.0625,21.0,13233.0,2815
2023-05-11 09:39:14,OP90002131,创业板ETF购12月2450,0.0629,0.0,0.0,0.0,10,0.0633,0.0635,3,0.0606,0.0625,0.0634,0.0625,21.0,13233.0,2815
2023-05-11 09:39:15,OP90002131,创业板ETF购12月2450,0.0629,0.0,0.0,0.0,30,0.0633,0.0635,3,0.0606,0.0625,0.0634,0.0625,21.0,13233.0,2815
2023-05-11 09:39:15,OP90002131,创业板ETF购12月2450,0.0629,0.0,0.0,0.0,10,0.0634,0.0635,3,0.0606,0.0625,0.0634,0.0625,21.0,13233.0,2815
2023-05-11 09:39:20,OP90002131,创业板ETF购12月2450,0.0634,10.0,6340.0,10.0,10,0.0634,0.0635,3,0.0606,0.0625,0.0634,0.0625,31.0,19573.0,2825
2023-05-11 09:39:26,OP90002131,创业板ETF购12月2450,0.0635,3.0,1905.0,3.0,30,0.0634,0.0636,6,0.0606,0.0625,0.0635,0.0625,34.0,21478.0,2828
2023-05-11 09:39:26,OP90002131,创业板ETF购12月2450,0.0635,0.0,0.0,0.0,10,0.0635,0.0636,6,0.0606,0.0625,0.0635,0.0625,34.0,21478.0,2828
2023-05-11 09:39:27,OP90002131,创业板ETF购12月2450,0.0635,0.0,0.0,0.0,10,0.0635,0.0636,6,0.0606,0.0625,0.0635,0.0625,34.0,21478.0,2828
2023-05-11 09:39:27,OP90002131,创业板ETF购12月2450,0.0635,0.0,0.0,0.0,10,0.0635,0.0636,6,0.0606,0.0625,0.0635,0.0625,34.0,21478.0,2828
2023-05-11 09:39:28,OP90002131,创业板ETF购12月2450,0.0635,0.0,0.0,0.0,10,0.0635,0.0636,6,0.0606,0.0625,0.0635,0.0625,34.0,21478.0,2828
2023-05-11 09:39:29,OP90002131,创业板ETF购12月2450,0.0635,0.0,0.0,0.0,10,0.0635,0.0636,6,0.0606,0.0625,0.0635,0.0625,34.0,21478.0,2828
2023-05-11 09:39:30,OP90002131,创业板ETF购12月2450,0.0635,0.0,0.0,0.0,10,0.0635,0.0636,6,0.0606,0.0625,0.0635,0.0625,34.0,21478.0,2828
2023-05-11 09:39:32,OP90002131,创业板ETF购12月2450,0.0635,0.0,0.0,0.0,10,0.0635,0.0636,6,0.0606,0.0625,0.0635,0.0625,34.0,21478.0,2828
2023-05-11 09:39:33,OP90002131,创业板ETF购12月2450,0.0635,0.0,0.0,0.0,10,0.0635,0.0636,6,0.0606,0.0625,0.0635,0.0625,34.0,21478.0,2828
2023-05-11 09:39:33,OP90002131,创业板ETF购12月2450,0.0635,0.0,0.0,0.0,10,0.0635,0.0636,6,0.0606,0.0625,0.0635,0.0625,34.0,21478.0,2828
2023-05-11 09:39:36,OP90002131,创业板ETF购12月2450,0.0635,0.0,0.0,0.0,10,0.0635,0.0636,6,0.0606,0.0625,0.0635,0.0625,34.0,21478.0,2828
2023-05-11 09:39:41,OP90002131,创业板ETF购12月2450,0.0635,0.0,0.0,0.0,10,0.0635,0.0636,6,0.0606,0.0625,0.0635,0.0625,34.0,21478.0,2828
2023-05-11 09:39:44,OP90002131,创业板ETF购12月2450,0.0635,0.0,0.0,0.0,10,0.0635,0.0636,6,0.0606,0.0625,0.0635,0.0625,34.0,21478.0,2828
2023-05-11 09:39:44,OP90002131,创业板ETF购12月2450,0.0635,0.0,0.0,0.0,10,0.0635,0.0636,6,0.0606,0.0625,0.0635,0.0625,34.0,21478.0,2828
2023-05-11 09:39:45,OP90002131,创业板ETF购12月2450,0.0635,0.0,0.0,0.0,30,0.0635,0.0636,6,0.0606,0.0625,0.0635,0.0625,34.0,21478.0,2828
2023-05-11 09:39:46,OP90002131,创业板ETF购12月2450,0.0636,6.0,3816.0,6.0,10,0.0636,0.0638,10,0.0606,0.0625,0.0636,0.0625,40.0,25294.0,2834
2023-05-11 09:39:46,OP90002131,创业板ETF购12月2450,0.0636,0.0,0.0,0.0,10,0.0636,0.0638,10,0.0606,0.0625,0.0636,0.0625,40.0,25294.0,2834
2023-05-11 09:39:47,OP90002131,创业板ETF购12月2450,0.0636,0.0,0.0,0.0,10,0.0636,0.0638,10,0.0606,0.0625,0.0636,0.0625,40.0,25294.0,2834
2023-05-11 09:39:47,OP90002131,创业板ETF购12月2450,0.0636,0.0,0.0,0.0,10,0.0636,0.0638,10,0.0606,0.0625,0.0636,0.0625,40.0,25294.0,2834
2023-05-11 09:39:49,OP90002131,创业板ETF购12月2450,0.0636,0.0,0.0,0.0,10,0.0636,0.0638,10,0.0606,0.0625,0.0636,0.0625,40.0,25294.0,2834
2023-05-11 09:39:54,OP90002131,创业板ETF购12月2450,0.0636,0.0,0.0,0.0,10,0.0636,0.0638,10,0.0606,0.0625,0.0636,0.0625,40.0,25294.0,2834
2023-05-11 09:39:58,OP90002131,创业板ETF购12月2450,0.0636,0.0,0.0,0.0,10,0.0636,0.0639,1,0.0606,0.0625,0.0636,0.0625,40.0,25294.0,2834
2023-05-11 09:39:59,OP90002131,创业板ETF购12月2450,0.0636,0.0,0.0,0.0,10,0.0636,0.0639,1,0.0606,0.0625,0.0636,0.0625,40.0,25294.0,2834
2023-05-11 09:39:59,OP90002131,创业板ETF购12月2450,0.0636,0.0,0.0,0.0,30,0.0636,0.0639,1,0.0606,0.0625,0.0636,0.0625,40.0,25294.0,2834
2023-05-11 09:40:00,OP90002131,创业板ETF购12月2450,0.0636,0.0,0.0,0.0,10,0.0637,0.0639,1,0.0606,0.0625,0.0636,0.0625,40.0,25294.0,2834
2023-05-11 09:40:00,OP90002131,创业板ETF购12月2450,0.0636,0.0,0.0,0.0,30,0.0637,0.0639,1,0.0606,0.0625,0.0636,0.0625,40.0,25294.0,2834
2023-05-11 09:40:01,OP90002131,创业板ETF购12月2450,0.0636,0.0,0.0,0.0,10,0.0638,0.0639,1,0.0606,0.0625,0.0636,0.0625,40.0,25294.0,2834
2023-05-11 09:40:02,OP90002131,创业板ETF购12月2450,0.0639,1.0,639.0,1.0,10,0.0639,0.064,2,0.0606,0.0625,0.0639,0.0625,41.0,25933.0,2835
2023-05-11 09:40:02,OP90002131,创业板ETF购12月2450,0.0639,0.0,0.0,0.0,10,0.0639,0.064,2,0.0606,0.0625,0.0639,0.0625,41.0,25933.0,2835
2023-05-11 09:40:03,OP90002131,创业板ETF购12月2450,0.0639,0.0,0.0,0.0,10,0.0639,0.064,2,0.0606,0.0625,0.0639,0.0625,41.0,25933.0,2835
2023-05-11 09:40:04,OP90002131,创业板ETF购12月2450,0.0639,0.0,0.0,0.0,30,0.0639,0.064,2,0.0606,0.0625,0.0639,0.0625,41.0,25933.0,2835
2023-05-11 09:40:04,OP90002131,创业板ETF购12月2450,0.064,2.0,1280.0,2.0,10,0.064,0.0645,12,0.0606,0.0625,0.064,0.0625,43.0,27213.0,2837
2023-05-11 09:40:05,OP90002131,创业板ETF购12月2450,0.064,0.0,0.0,0.0,10,0.064,0.0645,12,0.0606,0.0625,0.064,0.0625,43.0,27213.0,2837
2023-05-11 09:40:05,OP90002131,创业板ETF购12月2450,0.064,0.0,0.0,0.0,10,0.064,0.0645,2,0.0606,0.0625,0.064,0.0625,43.0,27213.0,2837
2023-05-11 09:40:06,OP90002131,创业板ETF购12月2450,0.064,0.0,0.0,0.0,20,0.0641,0.0645,2,0.0606,0.0625,0.064,0.0625,43.0,27213.0,2837
2023-05-11 09:40:06,OP90002131,创业板ETF购12月2450,0.064,0.0,0.0,0.0,10,0.0642,0.0645,2,0.0606,0.0625,0.064,0.0625,43.0,27213.0,2837
2023-05-11 09:40:07,OP90002131,创业板ETF购12月2450,0.064,0.0,0.0,0.0,10,0.0642,0.0645,2,0.0606,0.0625,0.064,0.0625,43.0,27213.0,2837
2023-05-11 09:40:08,OP90002131,创业板ETF购12月2450,0.064,0.0,0.0,0.0,10,0.0642,0.0645,2,0.0606,0.0625,0.064,0.0625,43.0,27213.0,2837
2023-05-11 09:40:09,OP90002131,创业板ETF购12月2450,0.064,0.0,0.0,0.0,10,0.0642,0.0645,2,0.0606,0.0625,0.064,0.0625,43.0,27213.0,2837
2023-05-11 09:40:10,OP90002131,创业板ETF购12月2450,0.064,0.0,0.0,0.0,10,0.0642,0.0645,2,0.0606,0.0625,0.064,0.0625,43.0,27213.0,2837
2023-05-11 09:40:11,OP90002131,创业板ETF购12月2450,0.064,0.0,0.0,0.0,10,0.0642,0.0645,2,0.0606,0.0625,0.064,0.0625,43.0,27213.0,2837
2023-05-11 09:40:12,OP90002131,创业板ETF购12月2450,0.064,0.0,0.0,0.0,10,0.0642,0.0645,2,0.0606,0.0625,0.064,0.0625,43.0,27213.0,2837
2023-05-11 09:40:12,OP90002131,创业板ETF购12月2450,0.064,0.0,0.0,0.0,10,0.0642,0.0645,2,0.0606,0.0625,0.064,0.0625,43.0,27213.0,2837
2023-05-11 09:40:13,OP90002131,创业板ETF购12月2450,0.064,0.0,0.0,0.0,30,0.0642,0.0645,2,0.0606,0.0625,0.064,0.0625,43.0,27213.0,2837
2023-05-11 09:40:13,OP90002131,创业板ETF购12月2450,0.064,0.0,0.0,0.0,10,0.0643,0.0645,2,0.0606,0.0625,0.064,0.0625,43.0,27213.0,2837
2023-05-11 09:40:14,OP90002131,创业板ETF购12月2450,0.064,0.0,0.0,0.0,10,0.0643,0.0645,2,0.0606,0.0625,0.064,0.0625,43.0,27213.0,2837
2023-05-11 09:40:14,OP90002131,创业板ETF购12月2450,0.064,0.0,0.0,0.0,10,0.0643,0.0645,2,0.0606,0.0625,0.064,0.0625,43.0,27213.0,2837
2023-05-11 09:40:16,OP90002131,创业板ETF购12月2450,0.064,0.0,0.0,0.0,30,0.0643,0.0645,2,0.0606,0.0625,0.064,0.0625,43.0,27213.0,2837
2023-05-11 09:40:16,OP90002131,创业板ETF购12月2450,0.064,0.0,0.0,0.0,10,0.0644,0.0645,2,0.0606,0.0625,0.064,0.0625,43.0,27213.0,2837
2023-05-11 09:40:17,OP90002131,创业板ETF购12月2450,0.0645,1.0,645.0,0.0,10,0.0644,0.0645,1,0.0606,0.0625,0.0645,0.0625,44.0,27858.0,2837
2023-05-11 09:40:17,OP90002131,创业板ETF购12月2450,0.0645,1.0,645.0,0.0,10,0.0644,0.065,12,0.0606,0.0625,0.0645,0.0625,45.0,28503.0,2837
2023-05-11 09:40:18,OP90002131,创业板ETF购12月2450,0.0645,0.0,0.0,0.0,1,0.0645,0.065,27,0.0606,0.0625,0.0645,0.0625,45.0,28503.0,2837
2023-05-11 09:40:18,OP90002131,创业板ETF购12月2450,0.0645,0.0,0.0,0.0,31,0.0645,0.065,17,0.0606,0.0625,0.0645,0.0625,45.0,28503.0,2837
2023-05-11 09:40:19,OP90002131,创业板ETF购12月2450,0.0645,0.0,0.0,0.0,41,0.0645,0.065,2,0.0606,0.0625,0.0645,0.0625,45.0,28503.0,2837
2023-05-11 09:40:19,OP90002131,创业板ETF购12月2450,0.0645,0.0,0.0,0.0,41,0.0645,0.065,2,0.0606,0.0625,0.0645,0.0625,45.0,28503.0,2837
2023-05-11 09:40:20,OP90002131,创业板ETF购12月2450,0.0645,0.0,0.0,0.0,41,0.0645,0.065,2,0.0606,0.0625,0.0645,0.0625,45.0,28503.0,2837
2023-05-11 09:40:21,OP90002131,创业板ETF购12月2450,0.0645,0.0,0.0,0.0,61,0.0645,0.065,2,0.0606,0.0625,0.0645,0.0625,45.0,28503.0,2837
2023-05-11 09:40:22,OP90002131,创业板ETF购12月2450,0.0645,0.0,0.0,0.0,61,0.0645,0.065,2,0.0606,0.0625,0.0645,0.0625,45.0,28503.0,2837
2023-05-11 09:40:23,OP90002131,创业板ETF购12月2450,0.0645,0.0,0.0,0.0,61,0.0645,0.065,2,0.0606,0.0625,0.0645,0.0625,45.0,28503.0,2837
2023-05-11 09:40:23,OP90002131,创业板ETF购12月2450,0.0645,0.0,0.0,0.0,10,0.0646,0.065,2,0.0606,0.0625,0.0645,0.0625,45.0,28503.0,2837
2023-05-11 09:40:24,OP90002131,创业板ETF购12月2450,0.0645,0.0,0.0,0.0,30,0.0646,0.065,2,0.0606,0.0625,0.0645,0.0625,45.0,28503.0,2837
2023-05-11 09:40:25,OP90002131,创业板ETF购12月2450,0.0645,0.0,0.0,0.0,30,0.0646,0.065,2,0.0606,0.0625,0.0645,0.0625,45.0,28503.0,2837
2023-05-11 09:40:26,OP90002131,创业板ETF购12月2450,0.0645,0.0,0.0,0.0,20,0.0646,0.065,2,0.0606,0.0625,0.0645,0.0625,45.0,28503.0,2837
2023-05-11 09:40:27,OP90002131,创业板ETF购12月2450,0.0645,0.0,0.0,0.0,20,0.0646,0.065,2,0.0606,0.0625,0.0645,0.0625,45.0,28503.0,2837
2023-05-11 09:40:27,OP90002131,创业板ETF购12月2450,0.0645,0.0,0.0,0.0,30,0.0646,0.065,2,0.0606,0.0625,0.0645,0.0625,45.0,28503.0,2837
2023-05-11 09:40:29,OP90002131,创业板ETF购12月2450,0.0645,0.0,0.0,0.0,10,0.0647,0.065,2,0.0606,0.0625,0.0645,0.0625,45.0,28503.0,2837
2023-05-11 09:40:29,OP90002131,创业板ETF购12月2450,0.0645,0.0,0.0,0.0,10,0.0647,0.065,2,0.0606,0.0625,0.0645,0.0625,45.0,28503.0,2837
2023-05-11 09:40:31,OP90002131,创业板ETF购12月2450,0.0645,0.0,0.0,0.0,30,0.0646,0.065,2,0.0606,0.0625,0.0645,0.0625,45.0,28503.0,2837
2023-05-11 09:40:32,OP90002131,创业板ETF购12月2450,0.0645,0.0,0.0,0.0,30,0.0646,0.065,2,0.0606,0.0625,0.0645,0.0625,45.0,28503.0,2837
2023-05-11 09:40:33,OP90002131,创业板ETF购12月2450,0.0645,0.0,0.0,0.0,20,0.0646,0.065,2,0.0606,0.0625,0.0645,0.0625,45.0,28503.0,2837
2023-05-11 09:40:34,OP90002131,创业板ETF购12月2450,0.0645,0.0,0.0,0.0,30,0.0646,0.065,2,0.0606,0.0625,0.0645,0.0625,45.0,28503.0,2837
2023-05-11 09:40:35,OP90002131,创业板ETF购12月2450,0.0645,0.0,0.0,0.0,30,0.0646,0.065,4,0.0606,0.0625,0.0645,0.0625,45.0,28503.0,2837
2023-05-11 09:40:36,OP90002131,创业板ETF购12月2450,0.0645,0.0,0.0,0.0,30,0.0646,0.065,4,0.0606,0.0625,0.0645,0.0625,45.0,28503.0,2837
2023-05-11 09:40:37,OP90002131,创业板ETF购12月2450,0.0645,0.0,0.0,0.0,10,0.0646,0.065,4,0.0606,0.0625,0.0645,0.0625,45.0,28503.0,2837
2023-05-11 09:40:37,OP90002131,创业板ETF购12月2450,0.0645,0.0,0.0,0.0,10,0.0646,0.065,4,0.0606,0.0625,0.0645,0.0625,45.0,28503.0,2837
2023-05-11 09:40:38,OP90002131,创业板ETF购12月2450,0.0645,0.0,0.0,0.0,30,0.0646,0.065,4,0.0606,0.0625,0.0645,0.0625,45.0,28503.0,2837
2023-05-11 09:40:39,OP90002131,创业板ETF购12月2450,0.0645,0.0,0.0,0.0,10,0.0646,0.065,4,0.0606,0.0625,0.0645,0.0625,45.0,28503.0,2837
2023-05-11 09:40:39,OP90002131,创业板ETF购12月2450,0.0645,0.0,0.0,0.0,81,0.0645,0.065,4,0.0606,0.0625,0.0645,0.0625,45.0,28503.0,2837
2023-05-11 09:40:40,OP90002131,创业板ETF购12月2450,0.0645,0.0,0.0,0.0,81,0.0645,0.065,4,0.0606,0.0625,0.0645,0.0625,45.0,28503.0,2837
2023-05-11 09:40:41,OP90002131,创业板ETF购12月2450,0.0645,0.0,0.0,0.0,41,0.0645,0.065,4,0.0606,0.0625,0.0645,0.0625,45.0,28503.0,2837
2023-05-11 09:40:42,OP90002131,创业板ETF购12月2450,0.0645,0.0,0.0,0.0,20,0.0646,0.065,4,0.0606,0.0625,0.0645,0.0625,45.0,28503.0,2837
2023-05-11 09:40:42,OP90002131,创业板ETF购12月2450,0.0645,0.0,0.0,0.0,20,0.0646,0.065,4,0.0606,0.0625,0.0645,0.0625,45.0,28503.0,2837
2023-05-11 09:40:43,OP90002131,创业板ETF购12月2450,0.0645,0.0,0.0,0.0,20,0.0646,0.065,4,0.0606,0.0625,0.0645,0.0625,45.0,28503.0,2837
2023-05-11 09:40:43,OP90002131,创业板ETF购12月2450,0.0645,0.0,0.0,0.0,20,0.0646,0.065,4,0.0606,0.0625,0.0645,0.0625,45.0,28503.0,2837
2023-05-11 09:40:44,OP90002131,创业板ETF购12月2450,0.0645,0.0,0.0,0.0,20,0.0646,0.065,4,0.0606,0.0625,0.0645,0.0625,45.0,28503.0,2837
2023-05-11 09:40:44,OP90002131,创业板ETF购12月2450,0.0645,0.0,0.0,0.0,20,0.0646,0.065,4,0.0606,0.0625,0.0645,0.0625,45.0,28503.0,2837
2023-05-11 09:40:45,OP90002131,创业板ETF购12月2450,0.0645,0.0,0.0,0.0,30,0.0646,0.065,4,0.0606,0.0625,0.0645,0.0625,45.0,28503.0,2837
2023-05-11 09:40:47,OP90002131,创业板ETF购12月2450,0.0645,0.0,0.0,0.0,20,0.0646,0.065,4,0.0606,0.0625,0.0645,0.0625,45.0,28503.0,2837
2023-05-11 09:40:50,OP90002131,创业板ETF购12月2450,0.0645,0.0,0.0,0.0,30,0.0646,0.065,4,0.0606,0.0625,0.0645,0.0625,45.0,28503.0,2837
2023-05-11 09:40:50,OP90002131,创业板ETF购12月2450,0.0645,0.0,0.0,0.0,61,0.0645,0.065,4,0.0606,0.0625,0.0645,0.0625,45.0,28503.0,2837
2023-05-11 09:40:51,OP90002131,创业板ETF购12月2450,0.0645,0.0,0.0,0.0,61,0.0645,0.065,4,0.0606,0.0625,0.0645,0.0625,45.0,28503.0,2837
2023-05-11 09:40:51,OP90002131,创业板ETF购12月2450,0.0645,0.0,0.0,0.0,61,0.0645,0.065,4,0.0606,0.0625,0.0645,0.0625,45.0,28503.0,2837
2023-05-11 09:40:52,OP90002131,创业板ETF购12月2450,0.0645,0.0,0.0,0.0,61,0.0645,0.065,4,0.0606,0.0625,0.0645,0.0625,45.0,28503.0,2837
2023-05-11 09:40:53,OP90002131,创业板ETF购12月2450,0.0645,0.0,0.0,0.0,61,0.0645,0.065,4,0.0606,0.0625,0.0645,0.0625,45.0,28503.0,2837
2023-05-11 09:40:54,OP90002131,创业板ETF购12月2450,0.0645,0.0,0.0,0.0,61,0.0645,0.065,4,0.0606,0.0625,0.0645,0.0625,45.0,28503.0,2837
2023-05-11 09:40:55,OP90002131,创业板ETF购12月2450,0.0645,0.0,0.0,0.0,20,0.0646,0.065,4,0.0606,0.0625,0.0645,0.0625,45.0,28503.0,2837
2023-05-11 09:40:56,OP90002131,创业板ETF购12月2450,0.0645,0.0,0.0,0.0,61,0.0645,0.065,4,0.0606,0.0625,0.0645,0.0625,45.0,28503.0,2837
2023-05-11 09:40:56,OP90002131,创业板ETF购12月2450,0.0645,0.0,0.0,0.0,20,0.0646,0.065,4,0.0606,0.0625,0.0645,0.0625,45.0,28503.0,2837
2023-05-11 09:40:57,OP90002131,创业板ETF购12月2450,0.0645,0.0,0.0,0.0,20,0.0646,0.065,4,0.0606,0.0625,0.0645,0.0625,45.0,28503.0,2837
2023-05-11 09:40:57,OP90002131,创业板ETF购12月2450,0.0645,0.0,0.0,0.0,20,0.0646,0.065,4,0.0606,0.0625,0.0645,0.0625,45.0,28503.0,2837
2023-05-11 09:40:59,OP90002131,创业板ETF购12月2450,0.0645,0.0,0.0,0.0,20,0.0646,0.065,4,0.0606,0.0625,0.0645,0.0625,45.0,28503.0,2837
2023-05-11 09:40:59,OP90002131,创业板ETF购12月2450,0.0645,0.0,0.0,0.0,20,0.0646,0.065,4,0.0606,0.0625,0.0645,0.0625,45.0,28503.0,2837
2023-05-11 09:41:00,OP90002131,创业板ETF购12月2450,0.0645,0.0,0.0,0.0,20,0.0646,0.065,4,0.0606,0.0625,0.0645,0.0625,45.0,28503.0,2837
2023-05-11 09:41:00,OP90002131,创业板ETF购12月2450,0.0645,0.0,0.0,0.0,20,0.0646,0.065,4,0.0606,0.0625,0.0645,0.0625,45.0,28503.0,2837
2023-05-11 09:41:01,OP90002131,创业板ETF购12月2450,0.0645,0.0,0.0,0.0,20,0.0646,0.065,4,0.0606,0.0625,0.0645,0.0625,45.0,28503.0,2837
2023-05-11 09:41:02,OP90002131,创业板ETF购12月2450,0.0645,0.0,0.0,0.0,20,0.0646,0.065,4,0.0606,0.0625,0.0645,0.0625,45.0,28503.0,2837
2023-05-11 09:41:03,OP90002131,创业板ETF购12月2450,0.0645,0.0,0.0,0.0,20,0.0646,0.065,4,0.0606,0.0625,0.0645,0.0625,45.0,28503.0,2837
2023-05-11 09:41:04,OP90002131,创业板ETF购12月2450,0.0645,0.0,0.0,0.0,20,0.0646,0.065,4,0.0606,0.0625,0.0645,0.0625,45.0,28503.0,2837
2023-05-11 09:41:06,OP90002131,创业板ETF购12月2450,0.0645,0.0,0.0,0.0,31,0.0645,0.065,4,0.0606,0.0625,0.0645,0.0625,45.0,28503.0,2837
2023-05-11 09:41:06,OP90002131,创业板ETF购12月2450,0.0645,0.0,0.0,0.0,31,0.0645,0.065,4,0.0606,0.0625,0.0645,0.0625,45.0,28503.0,2837
2023-05-11 09:41:07,OP90002131,创业板ETF购12月2450,0.0645,0.0,0.0,0.0,31,0.0645,0.065,4,0.0606,0.0625,0.0645,0.0625,45.0,28503.0,2837
2023-05-11 09:41:07,OP90002131,创业板ETF购12月2450,0.0645,0.0,0.0,0.0,11,0.0645,0.065,4,0.0606,0.0625,0.0645,0.0625,45.0,28503.0,2837
2023-05-11 09:41:08,OP90002131,创业板ETF购12月2450,0.0645,0.0,0.0,0.0,1,0.0645,0.065,4,0.0606,0.0625,0.0645,0.0625,45.0,28503.0,2837
2023-05-11 09:41:08,OP90002131,创业板ETF购12月2450,0.0645,0.0,0.0,0.0,1,0.0645,0.065,14,0.0606,0.0625,0.0645,0.0625,45.0,28503.0,2837
2023-05-11 09:41:09,OP90002131,创业板ETF购12月2450,0.0645,0.0,0.0,0.0,1,0.0645,0.065,14,0.0606,0.0625,0.0645,0.0625,45.0,28503.0,2837
2023-05-11 09:41:09,OP90002131,创业板ETF购12月2450,0.0645,0.0,0.0,0.0,11,0.0645,0.065,14,0.0606,0.0625,0.0645,0.0625,45.0,28503.0,2837
2023-05-11 09:41:10,OP90002131,创业板ETF购12月2450,0.0645,0.0,0.0,0.0,11,0.0645,0.065,14,0.0606,0.0625,0.0645,0.0625,45.0,28503.0,2837
2023-05-11 09:41:11,OP90002131,创业板ETF购12月2450,0.0645,0.0,0.0,0.0,11,0.0645,0.065,14,0.0606,0.0625,0.0645,0.0625,45.0,28503.0,2837
2023-05-11 09:41:12,OP90002131,创业板ETF购12月2450,0.0645,0.0,0.0,0.0,11,0.0645,0.065,14,0.0606,0.0625,0.0645,0.0625,45.0,28503.0,2837
2023-05-11 09:41:16,OP90002131,创业板ETF购12月2450,0.0645,0.0,0.0,0.0,11,0.0645,0.065,14,0.0606,0.0625,0.0645,0.0625,45.0,28503.0,2837
2023-05-11 09:41:16,OP90002131,创业板ETF购12月2450,0.0645,0.0,0.0,0.0,11,0.0645,0.065,14,0.0606,0.0625,0.0645,0.0625,45.0,28503.0,2837
2023-05-11 09:41:20,OP90002131,创业板ETF购12月2450,0.0645,0.0,0.0,0.0,10,0.0647,0.065,14,0.0606,0.0625,0.0645,0.0625,45.0,28503.0,2837
2023-05-11 09:41:20,OP90002131,创业板ETF购12月2450,0.0645,0.0,0.0,0.0,10,0.0647,0.065,14,0.0606,0.0625,0.0645,0.0625,45.0,28503.0,2837
2023-05-11 09:41:23,OP90002131,创业板ETF购12月2450,0.0645,0.0,0.0,0.0,10,0.0647,0.065,14,0.0606,0.0625,0.0645,0.0625,45.0,28503.0,2837
2023-05-11 09:41:24,OP90002131,创业板ETF购12月2450,0.0645,0.0,0.0,0.0,10,0.0647,0.065,14,0.0606,0.0625,0.0645,0.0625,45.0,28503.0,2837
2023-05-11 09:41:26,OP90002131,创业板ETF购12月2450,0.0645,0.0,0.0,0.0,10,0.0647,0.065,14,0.0606,0.0625,0.0645,0.0625,45.0,28503.0,2837
2023-05-11 09:41:27,OP90002131,创业板ETF购12月2450,0.0645,0.0,0.0,0.0,10,0.0647,0.065,14,0.0606,0.0625,0.0645,0.0625,45.0,28503.0,2837
2023-05-11 09:41:28,OP90002131,创业板ETF购12月2450,0.0645,0.0,0.0,0.0,10,0.0647,0.065,14,0.0606,0.0625,0.0645,0.0625,45.0,28503.0,2837
2023-05-11 09:41:28,OP90002131,创业板ETF购12月2450,0.0645,0.0,0.0,0.0,10,0.0647,0.065,14,0.0606,0.0625,0.0645,0.0625,45.0,28503.0,2837
2023-05-11 09:41:29,OP90002131,创业板ETF购12月2450,0.0645,0.0,0.0,0.0,10,0.0647,0.065,14,0.0606,0.0625,0.0645,0.0625,45.0,28503.0,2837
2023-05-11 09:41:29,OP90002131,创业板ETF购12月2450,0.0645,0.0,0.0,0.0,10,0.0646,0.065,34,0.0606,0.0625,0.0645,0.0625,45.0,28503.0,2837
2023-05-11 09:41:30,OP90002131,创业板ETF购12月2450,0.0645,0.0,0.0,0.0,1,0.0645,0.065,34,0.0606,0.0625,0.0645,0.0625,45.0,28503.0,2837
2023-05-11 09:41:30,OP90002131,创业板ETF购12月2450,0.0645,0.0,0.0,0.0,1,0.0645,0.065,34,0.0606,0.0625,0.0645,0.0625,45.0,28503.0,2837
2023-05-11 09:41:31,OP90002131,创业板ETF购12月2450,0.0645,0.0,0.0,0.0,1,0.0645,0.065,14,0.0606,0.0625,0.0645,0.0625,45.0,28503.0,2837
2023-05-11 09:41:32,OP90002131,创业板ETF购12月2450,0.0645,0.0,0.0,0.0,1,0.0645,0.065,14,0.0606,0.0625,0.0645,0.0625,45.0,28503.0,2837
2023-05-11 09:41:35,OP90002131,创业板ETF购12月2450,0.0645,0.0,0.0,0.0,1,0.0645,0.065,14,0.0606,0.0625,0.0645,0.0625,45.0,28503.0,2837
2023-05-11 09:41:36,OP90002131,创业板ETF购12月2450,0.0645,0.0,0.0,0.0,1,0.0645,0.065,14,0.0606,0.0625,0.0645,0.0625,45.0,28503.0,2837
2023-05-11 09:41:43,OP90002131,创业板ETF购12月2450,0.0645,0.0,0.0,0.0,1,0.0645,0.065,14,0.0606,0.0625,0.0645,0.0625,45.0,28503.0,2837
2023-05-11 09:41:43,OP90002131,创业板ETF购12月2450,0.0645,0.0,0.0,0.0,1,0.0645,0.065,14,0.0606,0.0625,0.0645,0.0625,45.0,28503.0,2837
2023-05-11 09:41:45,OP90002131,创业板ETF购12月2450,0.0645,0.0,0.0,0.0,1,0.0645,0.065,14,0.0606,0.0625,0.0645,0.0625,45.0,28503.0,2837
2023-05-11 09:41:45,OP90002131,创业板ETF购12月2450,0.0645,0.0,0.0,0.0,1,0.0645,0.065,14,0.0606,0.0625,0.0645,0.0625,45.0,28503.0,2837
2023-05-11 09:41:46,OP90002131,创业板ETF购12月2450,0.0645,0.0,0.0,0.0,1,0.0645,0.065,14,0.0606,0.0625,0.0645,0.0625,45.0,28503.0,2837
2023-05-11 09:41:47,OP90002131,创业板ETF购12月2450,0.0645,0.0,0.0,0.0,1,0.0645,0.065,14,0.0606,0.0625,0.0645,0.0625,45.0,28503.0,2837
2023-05-11 09:41:48,OP90002131,创业板ETF购12月2450,0.0645,0.0,0.0,0.0,1,0.0645,0.065,14,0.0606,0.0625,0.0645,0.0625,45.0,28503.0,2837
2023-05-11 09:41:48,OP90002131,创业板ETF购12月2450,0.0645,0.0,0.0,0.0,1,0.0645,0.065,14,0.0606,0.0625,0.0645,0.0625,45.0,28503.0,2837
2023-05-11 09:41:49,OP90002131,创业板ETF购12月2450,0.0645,0.0,0.0,0.0,1,0.0645,0.065,14,0.0606,0.0625,0.0645,0.0625,45.0,28503.0,2837
2023-05-11 09:41:49,OP90002131,创业板ETF购12月2450,0.0645,0.0,0.0,0.0,1,0.0645,0.065,14,0.0606,0.0625,0.0645,0.0625,45.0,28503.0,2837
2023-05-11 09:41:51,OP90002131,创业板ETF购12月2450,0.0645,0.0,0.0,0.0,1,0.0645,0.065,14,0.0606,0.0625,0.0645,0.0625,45.0,28503.0,2837
2023-05-11 09:41:51,OP90002131,创业板ETF购12月2450,0.0645,0.0,0.0,0.0,1,0.0645,0.065,14,0.0606,0.0625,0.0645,0.0625,45.0,28503.0,2837
2023-05-11 09:41:54,OP90002131,创业板ETF购12月2450,0.0645,0.0,0.0,0.0,11,0.0645,0.065,14,0.0606,0.0625,0.0645,0.0625,45.0,28503.0,2837
2023-05-11 09:41:55,OP90002131,创业板ETF购12月2450,0.0645,0.0,0.0,0.0,11,0.0645,0.065,19,0.0606,0.0625,0.0645,0.0625,45.0,28503.0,2837
2023-05-11 09:41:58,OP90002131,创业板ETF购12月2450,0.0645,0.0,0.0,0.0,11,0.0645,0.065,19,0.0606,0.0625,0.0645,0.0625,45.0,28503.0,2837
2023-05-11 09:41:58,OP90002131,创业板ETF购12月2450,0.0645,0.0,0.0,0.0,11,0.0645,0.065,19,0.0606,0.0625,0.0645,0.0625,45.0,28503.0,2837
2023-05-11 09:41:59,OP90002131,创业板ETF购12月2450,0.0645,0.0,0.0,0.0,11,0.0645,0.065,19,0.0606,0.0625,0.0645,0.0625,45.0,28503.0,2837
2023-05-11 09:42:00,OP90002131,创业板ETF购12月2450,0.0645,0.0,0.0,0.0,11,0.0645,0.065,19,0.0606,0.0625,0.0645,0.0625,45.0,28503.0,2837
2023-05-11 09:42:01,OP90002131,创业板ETF购12月2450,0.0645,0.0,0.0,0.0,1,0.0645,0.065,19,0.0606,0.0625,0.0645,0.0625,45.0,28503.0,2837
2023-05-11 09:42:01,OP90002131,创业板ETF购12月2450,0.0645,0.0,0.0,0.0,1,0.0646,0.065,19,0.0606,0.0625,0.0645,0.0625,45.0,28503.0,2837
2023-05-11 09:42:04,OP90002131,创业板ETF购12月2450,0.0645,0.0,0.0,0.0,1,0.0646,0.065,19,0.0606,0.0625,0.0645,0.0625,45.0,28503.0,2837
2023-05-11 09:42:05,OP90002131,创业板ETF购12月2450,0.0645,0.0,0.0,0.0,1,0.0646,0.065,19,0.0606,0.0625,0.0645,0.0625,45.0,28503.0,2837
2023-05-11 09:42:07,OP90002131,创业板ETF购12月2450,0.0645,0.0,0.0,0.0,1,0.0646,0.065,19,0.0606,0.0625,0.0645,0.0625,45.0,28503.0,2837
2023-05-11 09:42:07,OP90002131,创业板ETF购12月2450,0.0645,0.0,0.0,0.0,11,0.0646,0.065,19,0.0606,0.0625,0.0645,0.0625,45.0,28503.0,2837
2023-05-11 09:42:08,OP90002131,创业板ETF购12月2450,0.0645,0.0,0.0,0.0,11,0.0646,0.065,19,0.0606,0.0625,0.0645,0.0625,45.0,28503.0,2837
2023-05-11 09:42:08,OP90002131,创业板ETF购12月2450,0.0645,0.0,0.0,0.0,11,0.0646,0.065,19,0.0606,0.0625,0.0645,0.0625,45.0,28503.0,2837
2023-05-11 09:42:14,OP90002131,创业板ETF购12月2450,0.0646,1.0,646.0,1.0,10,0.0646,0.065,19,0.0606,0.0625,0.0646,0.0625,46.0,29149.0,2838
2023-05-11 09:42:14,OP90002131,创业板ETF购12月2450,0.0646,0.0,0.0,0.0,10,0.0646,0.065,19,0.0606,0.0625,0.0646,0.0625,46.0,29149.0,2838
2023-05-11 09:42:15,OP90002131,创业板ETF购12月2450,0.065,1.0,650.0,0.0,10,0.0646,0.065,8,0.0606,0.0625,0.065,0.0625,47.0,29799.0,2838
2023-05-11 09:42:15,OP90002131,创业板ETF购12月2450,0.065,0.0,0.0,0.0,11,0.0645,0.065,8,0.0606,0.0625,0.065,0.0625,47.0,29799.0,2838
2023-05-11 09:42:16,OP90002131,创业板ETF购12月2450,0.065,0.0,0.0,0.0,11,0.0645,0.065,8,0.0606,0.0625,0.065,0.0625,47.0,29799.0,2838
2023-05-11 09:42:16,OP90002131,创业板ETF购12月2450,0.065,0.0,0.0,0.0,1,0.0645,0.065,8,0.0606,0.0625,0.065,0.0625,47.0,29799.0,2838
2023-05-11 09:42:17,OP90002131,创业板ETF购12月2450,0.065,0.0,0.0,0.0,1,0.0645,0.065,8,0.0606,0.0625,0.065,0.0625,47.0,29799.0,2838
2023-05-11 09:42:17,OP90002131,创业板ETF购12月2450,0.065,0.0,0.0,0.0,1,0.0645,0.065,8,0.0606,0.0625,0.065,0.0625,47.0,29799.0,2838
2023-05-11 09:42:18,OP90002131,创业板ETF购12月2450,0.065,0.0,0.0,0.0,1,0.0645,0.065,8,0.0606,0.0625,0.065,0.0625,47.0,29799.0,2838
2023-05-11 09:42:18,OP90002131,创业板ETF购12月2450,0.065,0.0,0.0,0.0,10,0.0644,0.065,18,0.0606,0.0625,0.065,0.0625,47.0,29799.0,2838
2023-05-11 09:42:19,OP90002131,创业板ETF购12月2450,0.065,0.0,0.0,0.0,60,0.0643,0.065,18,0.0606,0.0625,0.065,0.0625,47.0,29799.0,2838
2023-05-11 09:42:19,OP90002131,创业板ETF购12月2450,0.065,0.0,0.0,0.0,70,0.0643,0.065,18,0.0606,0.0625,0.065,0.0625,47.0,29799.0,2838
2023-05-11 09:42:20,OP90002131,创业板ETF购12月2450,0.065,0.0,0.0,0.0,70,0.0643,0.065,18,0.0606,0.0625,0.065,0.0625,47.0,29799.0,2838
2023-05-11 09:42:20,OP90002131,创业板ETF购12月2450,0.065,1.0,650.0,0.0,50,0.0643,0.065,17,0.0606,0.0625,0.065,0.0625,48.0,30449.0,2838
2023-05-11 09:42:21,OP90002131,创业板ETF购12月2450,0.065,0.0,0.0,0.0,40,0.0643,0.065,17,0.0606,0.0625,0.065,0.0625,48.0,30449.0,2838
2023-05-11 09:42:21,OP90002131,创业板ETF购12月2450,0.065,1.0,650.0,0.0,40,0.0643,0.065,16,0.0606,0.0625,0.065,0.0625,49.0,31099.0,2838
2023-05-11 09:42:22,OP90002131,创业板ETF购12月2450,0.065,0.0,0.0,0.0,10,0.0644,0.065,16,0.0606,0.0625,0.065,0.0625,49.0,31099.0,2838
2023-05-11 09:42:22,OP90002131,创业板ETF购12月2450,0.065,0.0,0.0,0.0,20,0.0645,0.065,16,0.0606,0.0625,0.065,0.0625,49.0,31099.0,2838
2023-05-11 09:42:23,OP90002131,创业板ETF购12月2450,0.065,0.0,0.0,0.0,40,0.0645,0.065,16,0.0606,0.0625,0.065,0.0625,49.0,31099.0,2838
2023-05-11 09:42:23,OP90002131,创业板ETF购12月2450,0.065,0.0,0.0,0.0,30,0.0645,0.065,16,0.0606,0.0625,0.065,0.0625,49.0,31099.0,2838
2023-05-11 09:42:24,OP90002131,创业板ETF购12月2450,0.065,0.0,0.0,0.0,40,0.0645,0.065,16,0.0606,0.0625,0.065,0.0625,49.0,31099.0,2838
2023-05-11 09:42:24,OP90002131,创业板ETF购12月2450,0.065,0.0,0.0,0.0,40,0.0645,0.065,6,0.0606,0.0625,0.065,0.0625,49.0,31099.0,2838
2023-05-11 09:42:25,OP90002131,创业板ETF购12月2450,0.065,0.0,0.0,0.0,40,0.0645,0.065,6,0.0606,0.0625,0.065,0.0625,49.0,31099.0,2838
2023-05-11 09:42:25,OP90002131,创业板ETF购12月2450,0.065,0.0,0.0,0.0,40,0.0645,0.065,6,0.0606,0.0625,0.065,0.0625,49.0,31099.0,2838
2023-05-11 09:42:26,OP90002131,创业板ETF购12月2450,0.065,0.0,0.0,0.0,40,0.0645,0.065,6,0.0606,0.0625,0.065,0.0625,49.0,31099.0,2838
2023-05-11 09:42:26,OP90002131,创业板ETF购12月2450,0.065,0.0,0.0,0.0,40,0.0645,0.065,6,0.0606,0.0625,0.065,0.0625,49.0,31099.0,2838
2023-05-11 09:42:27,OP90002131,创业板ETF购12月2450,0.065,0.0,0.0,0.0,10,0.0646,0.065,6,0.0606,0.0625,0.065,0.0625,49.0,31099.0,2838
2023-05-11 09:42:29,OP90002131,创业板ETF购12月2450,0.065,0.0,0.0,0.0,10,0.0646,0.065,6,0.0606,0.0625,0.065,0.0625,49.0,31099.0,2838
2023-05-11 09:42:30,OP90002131,创业板ETF购12月2450,0.065,0.0,0.0,0.0,40,0.0645,0.065,6,0.0606,0.0625,0.065,0.0625,49.0,31099.0,2838
2023-05-11 09:42:32,OP90002131,创业板ETF购12月2450,0.065,0.0,0.0,0.0,30,0.0645,0.065,6,0.0606,0.0625,0.065,0.0625,49.0,31099.0,2838
2023-05-11 09:42:34,OP90002131,创业板ETF购12月2450,0.065,0.0,0.0,0.0,50,0.0645,0.065,6,0.0606,0.0625,0.065,0.0625,49.0,31099.0,2838
2023-05-11 09:42:34,OP90002131,创业板ETF购12月2450,0.065,0.0,0.0,0.0,50,0.0645,0.065,6,0.0606,0.0625,0.065,0.0625,49.0,31099.0,2838
2023-05-11 09:42:36,OP90002131,创业板ETF购12月2450,0.065,0.0,0.0,0.0,60,0.0645,0.065,6,0.0606,0.0625,0.065,0.0625,49.0,31099.0,2838
2023-05-11 09:42:37,OP90002131,创业板ETF购12月2450,0.065,0.0,0.0,0.0,60,0.0645,0.065,6,0.0606,0.0625,0.065,0.0625,49.0,31099.0,2838
2023-05-11 09:42:38,OP90002131,创业板ETF购12月2450,0.065,0.0,0.0,0.0,50,0.0645,0.065,6,0.0606,0.0625,0.065,0.0625,49.0,31099.0,2838
2023-05-11 09:42:38,OP90002131,创业板ETF购12月2450,0.065,0.0,0.0,0.0,50,0.0645,0.065,6,0.0606,0.0625,0.065,0.0625,49.0,31099.0,2838
2023-05-11 09:42:40,OP90002131,创业板ETF购12月2450,0.065,0.0,0.0,0.0,30,0.0645,0.065,6,0.0606,0.0625,0.065,0.0625,49.0,31099.0,2838
2023-05-11 09:42:40,OP90002131,创业板ETF购12月2450,0.065,0.0,0.0,0.0,10,0.0645,0.065,6,0.0606,0.0625,0.065,0.0625,49.0,31099.0,2838
2023-05-11 09:42:41,OP90002131,创业板ETF购12月2450,0.065,0.0,0.0,0.0,30,0.0644,0.065,6,0.0606,0.0625,0.065,0.0625,49.0,31099.0,2838
2023-05-11 09:42:41,OP90002131,创业板ETF购12月2450,0.065,0.0,0.0,0.0,40,0.0644,0.065,6,0.0606,0.0625,0.065,0.0625,49.0,31099.0,2838
2023-05-11 09:42:42,OP90002131,创业板ETF购12月2450,0.065,0.0,0.0,0.0,10,0.0644,0.065,6,0.0606,0.0625,0.065,0.0625,49.0,31099.0,2838
2023-05-11 09:42:42,OP90002131,创业板ETF购12月2450,0.065,0.0,0.0,0.0,10,0.0644,0.065,6,0.0606,0.0625,0.065,0.0625,49.0,31099.0,2838
2023-05-11 09:42:43,OP90002131,创业板ETF购12月2450,0.065,0.0,0.0,0.0,10,0.0644,0.065,6,0.0606,0.0625,0.065,0.0625,49.0,31099.0,2838
2023-05-11 09:42:43,OP90002131,创业板ETF购12月2450,0.065,0.0,0.0,0.0,10,0.0644,0.065,6,0.0606,0.0625,0.065,0.0625,49.0,31099.0,2838
2023-05-11 09:42:44,OP90002131,创业板ETF购12月2450,0.065,0.0,0.0,0.0,80,0.0643,0.065,6,0.0606,0.0625,0.065,0.0625,49.0,31099.0,2838
2023-05-11 09:42:44,OP90002131,创业板ETF购12月2450,0.065,0.0,0.0,0.0,70,0.0643,0.065,6,0.0606,0.0625,0.065,0.0625,49.0,31099.0,2838
2023-05-11 09:42:45,OP90002131,创业板ETF购12月2450,0.065,0.0,0.0,0.0,70,0.0643,0.065,6,0.0606,0.0625,0.065,0.0625,49.0,31099.0,2838
2023-05-11 09:42:45,OP90002131,创业板ETF购12月2450,0.065,0.0,0.0,0.0,70,0.0643,0.065,6,0.0606,0.0625,0.065,0.0625,49.0,31099.0,2838
2023-05-11 09:42:46,OP90002131,创业板ETF购12月2450,0.065,0.0,0.0,0.0,70,0.0643,0.065,16,0.0606,0.0625,0.065,0.0625,49.0,31099.0,2838
2023-05-11 09:42:47,OP90002131,创业板ETF购12月2450,0.065,0.0,0.0,0.0,70,0.0643,0.065,16,0.0606,0.0625,0.065,0.0625,49.0,31099.0,2838
2023-05-11 09:42:47,OP90002131,创业板ETF购12月2450,0.065,0.0,0.0,0.0,70,0.0643,0.065,16,0.0606,0.0625,0.065,0.0625,49.0,31099.0,2838
2023-05-11 09:42:48,OP90002131,创业板ETF购12月2450,0.065,0.0,0.0,0.0,70,0.0643,0.065,16,0.0606,0.0625,0.065,0.0625,49.0,31099.0,2838
2023-05-11 09:42:49,OP90002131,创业板ETF购12月2450,0.065,0.0,0.0,0.0,70,0.0643,0.065,16,0.0606,0.0625,0.065,0.0625,49.0,31099.0,2838
2023-05-11 09:42:50,OP90002131,创业板ETF购12月2450,0.065,0.0,0.0,0.0,70,0.0643,0.065,16,0.0606,0.0625,0.065,0.0625,49.0,31099.0,2838
2023-05-11 09:42:51,OP90002131,创业板ETF购12月2450,0.065,0.0,0.0,0.0,50,0.0643,0.065,16,0.0606,0.0625,0.065,0.0625,49.0,31099.0,2838
2023-05-11 09:42:51,OP90002131,创业板ETF购12月2450,0.065,0.0,0.0,0.0,50,0.0643,0.065,16,0.0606,0.0625,0.065,0.0625,49.0,31099.0,2838
2023-05-11 09:42:52,OP90002131,创业板ETF购12月2450,0.065,0.0,0.0,0.0,50,0.0643,0.065,16,0.0606,0.0625,0.065,0.0625,49.0,31099.0,2838
2023-05-11 09:42:53,OP90002131,创业板ETF购12月2450,0.065,0.0,0.0,0.0,50,0.0643,0.065,16,0.0606,0.0625,0.065,0.0625,49.0,31099.0,2838
2023-05-11 09:42:53,OP90002131,创业板ETF购12月2450,0.065,0.0,0.0,0.0,50,0.0643,0.065,16,0.0606,0.0625,0.065,0.0625,49.0,31099.0,2838
2023-05-11 09:42:54,OP90002131,创业板ETF购12月2450,0.065,0.0,0.0,0.0,50,0.0643,0.065,16,0.0606,0.0625,0.065,0.0625,49.0,31099.0,2838
2023-05-11 09:42:54,OP90002131,创业板ETF购12月2450,0.065,0.0,0.0,0.0,20,0.0644,0.065,16,0.0606,0.0625,0.065,0.0625,49.0,31099.0,2838
2023-05-11 09:42:55,OP90002131,创业板ETF购12月2450,0.065,0.0,0.0,0.0,20,0.0644,0.065,16,0.0606,0.0625,0.065,0.0625,49.0,31099.0,2838
2023-05-11 09:42:55,OP90002131,创业板ETF购12月2450,0.065,0.0,0.0,0.0,30,0.0643,0.065,16,0.0606,0.0625,0.065,0.0625,49.0,31099.0,2838
2023-05-11 09:42:56,OP90002131,创业板ETF购12月2450,0.065,0.0,0.0,0.0,50,0.0643,0.065,16,0.0606,0.0625,0.065,0.0625,49.0,31099.0,2838
2023-05-11 09:42:56,OP90002131,创业板ETF购12月2450,0.065,0.0,0.0,0.0,50,0.0643,0.065,16,0.0606,0.0625,0.065,0.0625,49.0,31099.0,2838
2023-05-11 09:42:57,OP90002131,创业板ETF购12月2450,0.065,0.0,0.0,0.0,50,0.0643,0.065,16,0.0606,0.0625,0.065,0.0625,49.0,31099.0,2838
2023-05-11 09:42:58,OP90002131,创业板ETF购12月2450,0.065,0.0,0.0,0.0,50,0.0643,0.065,16,0.0606,0.0625,0.065,0.0625,49.0,31099.0,2838
2023-05-11 09:42:59,OP90002131,创业板ETF购12月2450,0.065,0.0,0.0,0.0,50,0.0643,0.065,16,0.0606,0.0625,0.065,0.0625,49.0,31099.0,2838
2023-05-11 09:42:59,OP90002131,创业板ETF购12月2450,0.065,0.0,0.0,0.0,30,0.0643,0.065,16,0.0606,0.0625,0.065,0.0625,49.0,31099.0,2838
2023-05-11 09:43:00,OP90002131,创业板ETF购12月2450,0.0643,10.0,6430.0,0.0,50,0.0641,0.065,16,0.0606,0.0625,0.065,0.0625,59.0,37529.0,2838
2023-05-11 09:43:00,OP90002131,创业板ETF购12月2450,0.0643,0.0,0.0,0.0,20,0.0641,0.065,16,0.0606,0.0625,0.065,0.0625,59.0,37529.0,2838
2023-05-11 09:43:01,OP90002131,创业板ETF购12月2450,0.0643,0.0,0.0,0.0,20,0.0641,0.065,16,0.0606,0.0625,0.065,0.0625,59.0,37529.0,2838
2023-05-11 09:43:02,OP90002131,创业板ETF购12月2450,0.0643,0.0,0.0,0.0,90,0.064,0.0649,20,0.0606,0.0625,0.065,0.0625,59.0,37529.0,2838
2023-05-11 09:43:02,OP90002131,创业板ETF购12月2450,0.0643,0.0,0.0,0.0,90,0.064,0.0649,30,0.0606,0.0625,0.065,0.0625,59.0,37529.0,2838
2023-05-11 09:43:03,OP90002131,创业板ETF购12月2450,0.0643,0.0,0.0,0.0,90,0.064,0.0649,30,0.0606,0.0625,0.065,0.0625,59.0,37529.0,2838
2023-05-11 09:43:03,OP90002131,创业板ETF购12月2450,0.0643,0.0,0.0,0.0,90,0.064,0.0649,30,0.0606,0.0625,0.065,0.0625,59.0,37529.0,2838
2023-05-11 09:43:05,OP90002131,创业板ETF购12月2450,0.0643,0.0,0.0,0.0,90,0.064,0.0649,30,0.0606,0.0625,0.065,0.0625,59.0,37529.0,2838
2023-05-11 09:43:05,OP90002131,创业板ETF购12月2450,0.0643,0.0,0.0,0.0,105,0.064,0.0649,30,0.0606,0.0625,0.065,0.0625,59.0,37529.0,2838
2023-05-11 09:43:06,OP90002131,创业板ETF购12月2450,0.0643,0.0,0.0,0.0,85,0.064,0.0649,50,0.0606,0.0625,0.065,0.0625,59.0,37529.0,2838
2023-05-11 09:43:07,OP90002131,创业板ETF购12月2450,0.0643,0.0,0.0,0.0,70,0.064,0.0649,50,0.0606,0.0625,0.065,0.0625,59.0,37529.0,2838
2023-05-11 09:43:12,OP90002131,创业板ETF购12月2450,0.0643,0.0,0.0,0.0,70,0.064,0.0649,50,0.0606,0.0625,0.065,0.0625,59.0,37529.0,2838
2023-05-11 09:43:12,OP90002131,创业板ETF购12月2450,0.0643,0.0,0.0,0.0,70,0.064,0.0649,50,0.0606,0.0625,0.065,0.0625,59.0,37529.0,2838
2023-05-11 09:43:13,OP90002131,创业板ETF购12月2450,0.0643,0.0,0.0,0.0,50,0.064,0.0649,70,0.0606,0.0625,0.065,0.0625,59.0,37529.0,2838
2023-05-11 09:43:13,OP90002131,创业板ETF购12月2450,0.0643,0.0,0.0,0.0,10,0.064,0.0648,20,0.0606,0.0625,0.065,0.0625,59.0,37529.0,2838
2023-05-11 09:43:14,OP90002131,创业板ETF购12月2450,0.0643,0.0,0.0,0.0,10,0.0639,0.0648,30,0.0606,0.0625,0.065,0.0625,59.0,37529.0,2838
2023-05-11 09:43:14,OP90002131,创业板ETF购12月2450,0.0643,0.0,0.0,0.0,10,0.0639,0.0648,30,0.0606,0.0625,0.065,0.0625,59.0,37529.0,2838
2023-05-11 09:43:15,OP90002131,创业板ETF购12月2450,0.0643,0.0,0.0,0.0,10,0.0639,0.0647,20,0.0606,0.0625,0.065,0.0625,59.0,37529.0,2838
2023-05-11 09:43:16,OP90002131,创业板ETF购12月2450,0.0643,0.0,0.0,0.0,10,0.0639,0.0647,30,0.0606,0.0625,0.065,0.0625,59.0,37529.0,2838
2023-05-11 09:43:16,OP90002131,创业板ETF购12月2450,0.0643,0.0,0.0,0.0,10,0.0639,0.0647,30,0.0606,0.0625,0.065,0.0625,59.0,37529.0,2838
2023-05-11 09:43:17,OP90002131,创业板ETF购12月2450,0.0643,0.0,0.0,0.0,10,0.0639,0.0647,30,0.0606,0.0625,0.065,0.0625,59.0,37529.0,2838
2023-05-11 09:43:17,OP90002131,创业板ETF购12月2450,0.0643,0.0,0.0,0.0,10,0.0639,0.0647,30,0.0606,0.0625,0.065,0.0625,59.0,37529.0,2838
2023-05-11 09:43:18,OP90002131,创业板ETF购12月2450,0.0643,0.0,0.0,0.0,10,0.0639,0.0647,30,0.0606,0.0625,0.065,0.0625,59.0,37529.0,2838
2023-05-11 09:43:20,OP90002131,创业板ETF购12月2450,0.0643,0.0,0.0,0.0,20,0.0639,0.0647,30,0.0606,0.0625,0.065,0.0625,59.0,37529.0,2838
2023-05-11 09:43:21,OP90002131,创业板ETF购12月2450,0.0643,0.0,0.0,0.0,20,0.0639,0.0647,10,0.0606,0.0625,0.065,0.0625,59.0,37529.0,2838
2023-05-11 09:43:21,OP90002131,创业板ETF购12月2450,0.0643,0.0,0.0,0.0,10,0.0639,0.0647,10,0.0606,0.0625,0.065,0.0625,59.0,37529.0,2838
2023-05-11 09:43:26,OP90002131,创业板ETF购12月2450,0.0643,0.0,0.0,0.0,20,0.0639,0.0647,10,0.0606,0.0625,0.065,0.0625,59.0,37529.0,2838
2023-05-11 09:43:28,OP90002131,创业板ETF购12月2450,0.0643,0.0,0.0,0.0,10,0.0639,0.0647,10,0.0606,0.0625,0.065,0.0625,59.0,37529.0,2838
2023-05-11 09:43:29,OP90002131,创业板ETF购12月2450,0.0643,0.0,0.0,0.0,20,0.0639,0.0647,10,0.0606,0.0625,0.065,0.0625,59.0,37529.0,2838
2023-05-11 09:43:29,OP90002131,创业板ETF购12月2450,0.0643,0.0,0.0,0.0,10,0.0639,0.0647,10,0.0606,0.0625,0.065,0.0625,59.0,37529.0,2838
2023-05-11 09:43:32,OP90002131,创业板ETF购12月2450,0.0643,0.0,0.0,0.0,10,0.0639,0.0647,30,0.0606,0.0625,0.065,0.0625,59.0,37529.0,2838
2023-05-11 09:43:33,OP90002131,创业板ETF购12月2450,0.0643,0.0,0.0,0.0,10,0.0639,0.0647,30,0.0606,0.0625,0.065,0.0625,59.0,37529.0,2838
2023-05-11 09:43:33,OP90002131,创业板ETF购12月2450,0.0639,2.0,1278.0,2.0,60,0.0638,0.0647,30,0.0606,0.0625,0.065,0.0625,61.0,38807.0,2840
2023-05-11 09:43:34,OP90002131,创业板ETF购12月2450,0.0639,0.0,0.0,0.0,65,0.0638,0.0647,30,0.0606,0.0625,0.065,0.0625,61.0,38807.0,2840
2023-05-11 09:43:34,OP90002131,创业板ETF购12月2450,0.0639,0.0,0.0,0.0,75,0.0638,0.0647,30,0.0606,0.0625,0.065,0.0625,61.0,38807.0,2840
2023-05-11 09:43:35,OP90002131,创业板ETF购12月2450,0.0639,0.0,0.0,0.0,75,0.0638,0.0647,30,0.0606,0.0625,0.065,0.0625,61.0,38807.0,2840
2023-05-11 09:43:36,OP90002131,创业板ETF购12月2450,0.0639,0.0,0.0,0.0,65,0.0638,0.0647,30,0.0606,0.0625,0.065,0.0625,61.0,38807.0,2840
2023-05-11 09:43:37,OP90002131,创业板ETF购12月2450,0.0639,0.0,0.0,0.0,75,0.0638,0.0647,30,0.0606,0.0625,0.065,0.0625,61.0,38807.0,2840
2023-05-11 09:43:38,OP90002131,创业板ETF购12月2450,0.0639,0.0,0.0,0.0,30,0.0638,0.0646,20,0.0606,0.0625,0.065,0.0625,61.0,38807.0,2840
2023-05-11 09:43:39,OP90002131,创业板ETF购12月2450,0.0639,0.0,0.0,0.0,10,0.0638,0.0646,30,0.0606,0.0625,0.065,0.0625,61.0,38807.0,2840
2023-05-11 09:43:39,OP90002131,创业板ETF购12月2450,0.0639,0.0,0.0,0.0,50,0.0637,0.0646,30,0.0606,0.0625,0.065,0.0625,61.0,38807.0,2840
2023-05-11 09:43:40,OP90002131,创业板ETF购12月2450,0.0639,0.0,0.0,0.0,55,0.0637,0.0646,30,0.0606,0.0625,0.065,0.0625,61.0,38807.0,2840
2023-05-11 09:43:41,OP90002131,创业板ETF购12月2450,0.0639,0.0,0.0,0.0,45,0.0637,0.0646,30,0.0606,0.0625,0.065,0.0625,61.0,38807.0,2840
2023-05-11 09:43:45,OP90002131,创业板ETF购12月2450,0.0639,0.0,0.0,0.0,45,0.0637,0.0643,3,0.0606,0.0625,0.065,0.0625,61.0,38807.0,2840
2023-05-11 09:43:46,OP90002131,创业板ETF购12月2450,0.0639,0.0,0.0,0.0,45,0.0637,0.0643,13,0.0606,0.0625,0.065,0.0625,61.0,38807.0,2840
2023-05-11 09:43:46,OP90002131,创业板ETF购12月2450,0.0639,0.0,0.0,0.0,45,0.0637,0.0643,13,0.0606,0.0625,0.065,0.0625,61.0,38807.0,2840
2023-05-11 09:43:47,OP90002131,创业板ETF购12月2450,0.0639,0.0,0.0,0.0,55,0.0637,0.0643,13,0.0606,0.0625,0.065,0.0625,61.0,38807.0,2840
2023-05-11 09:43:49,OP90002131,创业板ETF购12月2450,0.0639,0.0,0.0,0.0,45,0.0637,0.0643,13,0.0606,0.0625,0.065,0.0625,61.0,38807.0,2840
2023-05-11 09:43:51,OP90002131,创业板ETF购12月2450,0.0639,0.0,0.0,0.0,45,0.0637,0.0643,13,0.0606,0.0625,0.065,0.0625,61.0,38807.0,2840
2023-05-11 09:43:52,OP90002131,创业板ETF购12月2450,0.0639,0.0,0.0,0.0,30,0.0637,0.0643,13,0.0606,0.0625,0.065,0.0625,61.0,38807.0,2840
2023-05-11 09:43:55,OP90002131,创业板ETF购12月2450,0.0639,0.0,0.0,0.0,30,0.0637,0.0643,13,0.0606,0.0625,0.065,0.0625,61.0,38807.0,2840
2023-05-11 09:43:56,OP90002131,创业板ETF购12月2450,0.0639,0.0,0.0,0.0,30,0.0637,0.0643,13,0.0606,0.0625,0.065,0.0625,61.0,38807.0,2840
2023-05-11 09:43:57,OP90002131,创业板ETF购12月2450,0.0639,0.0,0.0,0.0,10,0.0637,0.0643,13,0.0606,0.0625,0.065,0.0625,61.0,38807.0,2840
2023-05-11 09:43:58,OP90002131,创业板ETF购12月2450,0.0639,0.0,0.0,0.0,80,0.0635,0.0643,13,0.0606,0.0625,0.065,0.0625,61.0,38807.0,2840
2023-05-11 09:43:58,OP90002131,创业板ETF购12月2450,0.0639,0.0,0.0,0.0,15,0.0636,0.0643,13,0.0606,0.0625,0.065,0.0625,61.0,38807.0,2840
2023-05-11 09:43:59,OP90002131,创业板ETF购12月2450,0.0639,0.0,0.0,0.0,15,0.0636,0.0643,13,0.0606,0.0625,0.065,0.0625,61.0,38807.0,2840
2023-05-11 09:43:59,OP90002131,创业板ETF购12月2450,0.0639,0.0,0.0,0.0,15,0.0636,0.0643,13,0.0606,0.0625,0.065,0.0625,61.0,38807.0,2840
2023-05-11 09:44:00,OP90002131,创业板ETF购12月2450,0.0639,0.0,0.0,0.0,15,0.0636,0.0643,14,0.0606,0.0625,0.065,0.0625,61.0,38807.0,2840
2023-05-11 09:44:02,OP90002131,创业板ETF购12月2450,0.0639,0.0,0.0,0.0,80,0.0635,0.0643,14,0.0606,0.0625,0.065,0.0625,61.0,38807.0,2840
2023-05-11 09:44:03,OP90002131,创业板ETF购12月2450,0.0639,0.0,0.0,0.0,85,0.0635,0.0643,14,0.0606,0.0625,0.065,0.0625,61.0,38807.0,2840
2023-05-11 09:44:03,OP90002131,创业板ETF购12月2450,0.0639,0.0,0.0,0.0,65,0.0635,0.0643,14,0.0606,0.0625,0.065,0.0625,61.0,38807.0,2840
2023-05-11 09:44:04,OP90002131,创业板ETF购12月2450,0.0639,0.0,0.0,0.0,65,0.0635,0.0643,14,0.0606,0.0625,0.065,0.0625,61.0,38807.0,2840
2023-05-11 09:44:09,OP90002131,创业板ETF购12月2450,0.0639,0.0,0.0,0.0,75,0.0635,0.0643,14,0.0606,0.0625,0.065,0.0625,61.0,38807.0,2840
2023-05-11 09:44:11,OP90002131,创业板ETF购12月2450,0.0635,2.0,1270.0,2.0,55,0.0635,0.0639,2,0.0606,0.0625,0.065,0.0625,63.0,40077.0,2842
2023-05-11 09:44:11,OP90002131,创业板ETF购12月2450,0.0635,0.0,0.0,0.0,35,0.0635,0.0639,12,0.0606,0.0625,0.065,0.0625,63.0,40077.0,2842
2023-05-11 09:44:12,OP90002131,创业板ETF购12月2450,0.0635,0.0,0.0,0.0,35,0.0635,0.0639,12,0.0606,0.0625,0.065,0.0625,63.0,40077.0,2842
2023-05-11 09:44:17,OP90002131,创业板ETF购12月2450,0.0635,0.0,0.0,0.0,35,0.0635,0.0639,12,0.0606,0.0625,0.065,0.0625,63.0,40077.0,2842
2023-05-11 09:44:18,OP90002131,创业板ETF购12月2450,0.0635,0.0,0.0,0.0,35,0.0635,0.0639,12,0.0606,0.0625,0.065,0.0625,63.0,40077.0,2842
2023-05-11 09:44:21,OP90002131,创业板ETF购12月2450,0.0635,0.0,0.0,0.0,35,0.0635,0.0639,12,0.0606,0.0625,0.065,0.0625,63.0,40077.0,2842
2023-05-11 09:44:21,OP90002131,创业板ETF购12月2450,0.0635,0.0,0.0,0.0,35,0.0635,0.0639,12,0.0606,0.0625,0.065,0.0625,63.0,40077.0,2842
2023-05-11 09:44:22,OP90002131,创业板ETF购12月2450,0.0635,0.0,0.0,0.0,10,0.0636,0.0639,12,0.0606,0.0625,0.065,0.0625,63.0,40077.0,2842
2023-05-11 09:44:22,OP90002131,创业板ETF购12月2450,0.0635,0.0,0.0,0.0,10,0.0636,0.0639,12,0.0606,0.0625,0.065,0.0625,63.0,40077.0,2842
2023-05-11 09:44:24,OP90002131,创业板ETF购12月2450,0.0635,0.0,0.0,0.0,10,0.0636,0.0639,12,0.0606,0.0625,0.065,0.0625,63.0,40077.0,2842
2023-05-11 09:44:25,OP90002131,创业板ETF购12月2450,0.0635,0.0,0.0,0.0,10,0.0636,0.0639,12,0.0606,0.0625,0.065,0.0625,63.0,40077.0,2842
2023-05-11 09:44:25,OP90002131,创业板ETF购12月2450,0.0635,0.0,0.0,0.0,10,0.0636,0.0639,12,0.0606,0.0625,0.065,0.0625,63.0,40077.0,2842
2023-05-11 09:44:26,OP90002131,创业板ETF购12月2450,0.0635,0.0,0.0,0.0,10,0.0636,0.0638,2,0.0606,0.0625,0.065,0.0625,63.0,40077.0,2842
2023-05-11 09:44:27,OP90002131,创业板ETF购12月2450,0.0635,0.0,0.0,0.0,10,0.0636,0.0638,2,0.0606,0.0625,0.065,0.0625,63.0,40077.0,2842
2023-05-11 09:44:29,OP90002131,创业板ETF购12月2450,0.0635,0.0,0.0,0.0,20,0.0635,0.0638,2,0.0606,0.0625,0.065,0.0625,63.0,40077.0,2842
2023-05-11 09:44:30,OP90002131,创业板ETF购12月2450,0.0635,0.0,0.0,0.0,10,0.0635,0.0638,2,0.0606,0.0625,0.065,0.0625,63.0,40077.0,2842
2023-05-11 09:44:30,OP90002131,创业板ETF购12月2450,0.0635,0.0,0.0,0.0,20,0.0634,0.0638,2,0.0606,0.0625,0.065,0.0625,63.0,40077.0,2842
2023-05-11 09:44:31,OP90002131,创业板ETF购12月2450,0.0635,0.0,0.0,0.0,10,0.0634,0.0638,2,0.0606,0.0625,0.065,0.0625,63.0,40077.0,2842
2023-05-11 09:44:31,OP90002131,创业板ETF购12月2450,0.0635,0.0,0.0,0.0,10,0.0634,0.0638,2,0.0606,0.0625,0.065,0.0625,63.0,40077.0,2842
2023-05-11 09:44:32,OP90002131,创业板ETF购12月2450,0.0635,0.0,0.0,0.0,10,0.0634,0.0638,2,0.0606,0.0625,0.065,0.0625,63.0,40077.0,2842
2023-05-11 09:44:32,OP90002131,创业板ETF购12月2450,0.0635,0.0,0.0,0.0,10,0.0634,0.0638,12,0.0606,0.0625,0.065,0.0625,63.0,40077.0,2842
2023-05-11 09:44:33,OP90002131,创业板ETF购12月2450,0.0635,0.0,0.0,0.0,10,0.0634,0.0638,12,0.0606,0.0625,0.065,0.0625,63.0,40077.0,2842
2023-05-11 09:44:34,OP90002131,创业板ETF购12月2450,0.0635,0.0,0.0,0.0,40,0.0633,0.0638,12,0.0606,0.0625,0.065,0.0625,63.0,40077.0,2842
2023-05-11 09:44:35,OP90002131,创业板ETF购12月2450,0.0635,0.0,0.0,0.0,55,0.0633,0.0638,12,0.0606,0.0625,0.065,0.0625,63.0,40077.0,2842
2023-05-11 09:44:35,OP90002131,创业板ETF购12月2450,0.0635,0.0,0.0,0.0,55,0.0633,0.0638,12,0.0606,0.0625,0.065,0.0625,63.0,40077.0,2842
2023-05-11 09:44:36,OP90002131,创业板ETF购12月2450,0.0635,0.0,0.0,0.0,10,0.0634,0.0638,12,0.0606,0.0625,0.065,0.0625,63.0,40077.0,2842
2023-05-11 09:44:37,OP90002131,创业板ETF购12月2450,0.0635,0.0,0.0,0.0,10,0.0634,0.0638,12,0.0606,0.0625,0.065,0.0625,63.0,40077.0,2842
2023-05-11 09:44:41,OP90002131,创业板ETF购12月2450,0.0635,0.0,0.0,0.0,10,0.0634,0.0638,12,0.0606,0.0625,0.065,0.0625,63.0,40077.0,2842
2023-05-11 09:44:41,OP90002131,创业板ETF购12月2450,0.0635,0.0,0.0,0.0,10,0.0634,0.0638,12,0.0606,0.0625,0.065,0.0625,63.0,40077.0,2842
2023-05-11 09:44:42,OP90002131,创业板ETF购12月2450,0.0635,0.0,0.0,0.0,10,0.0634,0.0638,12,0.0606,0.0625,0.065,0.0625,63.0,40077.0,2842
2023-05-11 09:44:45,OP90002131,创业板ETF购12月2450,0.0635,0.0,0.0,0.0,10,0.0634,0.0638,12,0.0606,0.0625,0.065,0.0625,63.0,40077.0,2842
2023-05-11 09:44:47,OP90002131,创业板ETF购12月2450,0.0635,0.0,0.0,0.0,20,0.0633,0.0638,12,0.0606,0.0625,0.065,0.0625,63.0,40077.0,2842
2023-05-11 09:44:48,OP90002131,创业板ETF购12月2450,0.0635,0.0,0.0,0.0,10,0.0633,0.0638,12,0.0606,0.0625,0.065,0.0625,63.0,40077.0,2842
2023-05-11 09:44:48,OP90002131,创业板ETF购12月2450,0.0635,0.0,0.0,0.0,10,0.0633,0.0638,12,0.0606,0.0625,0.065,0.0625,63.0,40077.0,2842
2023-05-11 09:44:51,OP90002131,创业板ETF购12月2450,0.0635,0.0,0.0,0.0,10,0.0633,0.0638,13,0.0606,0.0625,0.065,0.0625,63.0,40077.0,2842
2023-05-11 09:44:53,OP90002131,创业板ETF购12月2450,0.0635,0.0,0.0,0.0,10,0.0633,0.0638,13,0.0606,0.0625,0.065,0.0625,63.0,40077.0,2842
2023-05-11 09:44:57,OP90002131,创业板ETF购12月2450,0.0635,0.0,0.0,0.0,10,0.0633,0.0638,13,0.0606,0.0625,0.065,0.0625,63.0,40077.0,2842
2023-05-11 09:44:59,OP90002131,创业板ETF购12月2450,0.0635,0.0,0.0,0.0,10,0.0633,0.0638,13,0.0606,0.0625,0.065,0.0625,63.0,40077.0,2842
2023-05-11 09:45:00,OP90002131,创业板ETF购12月2450,0.0635,0.0,0.0,0.0,10,0.0633,0.0638,13,0.0606,0.0625,0.065,0.0625,63.0,40077.0,2842
2023-05-11 09:45:02,OP90002131,创业板ETF购12月2450,0.0635,0.0,0.0,0.0,10,0.0633,0.0638,13,0.0606,0.0625,0.065,0.0625,63.0,40077.0,2842
2023-05-11 09:45:04,OP90002131,创业板ETF购12月2450,0.0635,0.0,0.0,0.0,10,0.0633,0.0638,13,0.0606,0.0625,0.065,0.0625,63.0,40077.0,2842
2023-05-11 09:45:06,OP90002131,创业板ETF购12月2450,0.0635,0.0,0.0,0.0,10,0.0633,0.0638,13,0.0606,0.0625,0.065,0.0625,63.0,40077.0,2842
2023-05-11 09:45:07,OP90002131,创业板ETF购12月2450,0.0635,0.0,0.0,0.0,20,0.0632,0.0638,13,0.0606,0.0625,0.065,0.0625,63.0,40077.0,2842
2023-05-11 09:45:07,OP90002131,创业板ETF购12月2450,0.0635,0.0,0.0,0.0,10,0.0632,0.0638,13,0.0606,0.0625,0.065,0.0625,63.0,40077.0,2842
