time,symbol_id,symbol_name,last,trade_volume,trade_amount,open_interest_change,bv1,bp1,ap1,av1,yesterday_close,today_open,today_high,today_low,volume,amount,open_interest
2023-05-10 08:35:24,OP10005380,500ETF沽12月6750,0.0,0.0,0.0,0.0,0,0.0,0.0,0,0.6002,0.0,0.0,0.0,0.0,0.0,63
2023-05-10 09:24:57,OP10005380,500ETF沽12月6750,0.0,0.0,0.0,0.0,1,0.6196,0.681,1,0.6002,0.0,0.0,0.0,0.0,0.0,63
2023-05-10 09:29:57,OP10005380,500ETF沽12月6750,0.0,0.0,0.0,0.0,10,0.649,0.6647,10,0.6002,0.0,0.0,0.0,0.0,0.0,63
2023-05-10 09:29:57,OP10005380,500ETF沽12月6750,0.0,0.0,0.0,0.0,10,0.649,0.6647,10,0.6002,0.0,0.0,0.0,0.0,0.0,63
2023-05-10 09:29:57,OP10005380,500ETF沽12月6750,0.0,0.0,0.0,0.0,10,0.649,0.6647,10,0.6002,0.0,0.0,0.0,0.0,0.0,63
2023-05-10 09:29:57,OP10005380,500ETF沽12月6750,0.0,0.0,0.0,0.0,20,0.6501,0.6647,10,0.6002,0.0,0.0,0.0,0.0,0.0,63
2023-05-10 09:29:57,OP10005380,500ETF沽12月6750,0.0,0.0,0.0,0.0,20,0.6501,0.6647,10,0.6002,0.0,0.0,0.0,0.0,0.0,63
2023-05-10 09:30:02,OP10005380,500ETF沽12月6750,0.0,0.0,0.0,0.0,10,0.654,0.6649,20,0.6002,0.0,0.0,0.0,0.0,0.0,63
2023-05-10 09:30:02,OP10005380,500ETF沽12月6750,0.0,0.0,0.0,0.0,20,0.654,0.6665,10,0.6002,0.0,0.0,0.0,0.0,0.0,63
2023-05-10 09:30:02,OP10005380,500ETF沽12月6750,0.0,0.0,0.0,0.0,30,0.6525,0.6665,10,0.6002,0.0,0.0,0.0,0.0,0.0,63
2023-05-10 09:30:02,OP10005380,500ETF沽12月6750,0.0,0.0,0.0,0.0,30,0.6525,0.6662,20,0.6002,0.0,0.0,0.0,0.0,0.0,63
2023-05-10 09:30:05,OP10005380,500ETF沽12月6750,0.0,0.0,0.0,0.0,30,0.6525,0.665,20,0.6002,0.0,0.0,0.0,0.0,0.0,63
2023-05-10 09:30:05,OP10005380,500ETF沽12月6750,0.0,0.0,0.0,0.0,10,0.6525,0.6642,20,0.6002,0.0,0.0,0.0,0.0,0.0,63
2023-05-10 09:30:05,OP10005380,500ETF沽12月6750,0.0,0.0,0.0,0.0,10,0.6525,0.665,20,0.6002,0.0,0.0,0.0,0.0,0.0,63
2023-05-10 09:30:05,OP10005380,500ETF沽12月6750,0.0,0.0,0.0,0.0,10,0.6525,0.6643,20,0.6002,0.0,0.0,0.0,0.0,0.0,63
2023-05-10 09:30:08,OP10005380,500ETF沽12月6750,0.0,0.0,0.0,0.0,10,0.6525,0.665,20,0.6002,0.0,0.0,0.0,0.0,0.0,63
2023-05-10 09:30:08,OP10005380,500ETF沽12月6750,0.0,0.0,0.0,0.0,10,0.6525,0.664,20,0.6002,0.0,0.0,0.0,0.0,0.0,63
2023-05-10 09:30:08,OP10005380,500ETF沽12月6750,0.0,0.0,0.0,0.0,20,0.6501,0.664,20,0.6002,0.0,0.0,0.0,0.0,0.0,63
2023-05-10 09:30:11,OP10005380,500ETF沽12月6750,0.0,0.0,0.0,0.0,30,0.6476,0.663,20,0.6002,0.0,0.0,0.0,0.0,0.0,63
2023-05-10 09:30:11,OP10005380,500ETF沽12月6750,0.0,0.0,0.0,0.0,30,0.6476,0.6611,20,0.6002,0.0,0.0,0.0,0.0,0.0,63
2023-05-10 09:30:11,OP10005380,500ETF沽12月6750,0.0,0.0,0.0,0.0,30,0.6476,0.6611,20,0.6002,0.0,0.0,0.0,0.0,0.0,63
2023-05-10 09:30:14,OP10005380,500ETF沽12月6750,0.0,0.0,0.0,0.0,20,0.6476,0.6611,20,0.6002,0.0,0.0,0.0,0.0,0.0,63
2023-05-10 09:30:14,OP10005380,500ETF沽12月6750,0.0,0.0,0.0,0.0,20,0.6476,0.6611,20,0.6002,0.0,0.0,0.0,0.0,0.0,63
2023-05-10 09:30:17,OP10005380,500ETF沽12月6750,0.0,0.0,0.0,0.0,20,0.6476,0.6593,20,0.6002,0.0,0.0,0.0,0.0,0.0,63
2023-05-10 09:30:17,OP10005380,500ETF沽12月6750,0.0,0.0,0.0,0.0,20,0.6476,0.6593,20,0.6002,0.0,0.0,0.0,0.0,0.0,63
2023-05-10 09:30:17,OP10005380,500ETF沽12月6750,0.0,0.0,0.0,0.0,20,0.6476,0.6593,20,0.6002,0.0,0.0,0.0,0.0,0.0,63
2023-05-10 09:30:17,OP10005380,500ETF沽12月6750,0.0,0.0,0.0,0.0,20,0.6476,0.6607,20,0.6002,0.0,0.0,0.0,0.0,0.0,63
2023-05-10 09:30:17,OP10005380,500ETF沽12月6750,0.0,0.0,0.0,0.0,20,0.6476,0.6607,20,0.6002,0.0,0.0,0.0,0.0,0.0,63
2023-05-10 09:30:20,OP10005380,500ETF沽12月6750,0.0,0.0,0.0,0.0,10,0.6489,0.6607,20,0.6002,0.0,0.0,0.0,0.0,0.0,63
2023-05-10 09:30:20,OP10005380,500ETF沽12月6750,0.0,0.0,0.0,0.0,30,0.6489,0.6634,20,0.6002,0.0,0.0,0.0,0.0,0.0,63
2023-05-10 09:30:20,OP10005380,500ETF沽12月6750,0.0,0.0,0.0,0.0,30,0.6489,0.6634,20,0.6002,0.0,0.0,0.0,0.0,0.0,63
2023-05-10 09:30:23,OP10005380,500ETF沽12月6750,0.0,0.0,0.0,0.0,20,0.6489,0.662,10,0.6002,0.0,0.0,0.0,0.0,0.0,63
2023-05-10 09:30:23,OP10005380,500ETF沽12月6750,0.0,0.0,0.0,0.0,10,0.648,0.662,10,0.6002,0.0,0.0,0.0,0.0,0.0,63
2023-05-10 09:30:23,OP10005380,500ETF沽12月6750,0.0,0.0,0.0,0.0,10,0.648,0.6613,20,0.6002,0.0,0.0,0.0,0.0,0.0,63
2023-05-10 09:30:23,OP10005380,500ETF沽12月6750,0.0,0.0,0.0,0.0,10,0.648,0.6613,20,0.6002,0.0,0.0,0.0,0.0,0.0,63
2023-05-10 09:30:23,OP10005380,500ETF沽12月6750,0.0,0.0,0.0,0.0,10,0.648,0.6613,20,0.6002,0.0,0.0,0.0,0.0,0.0,63
2023-05-10 09:30:23,OP10005380,500ETF沽12月6750,0.0,0.0,0.0,0.0,10,0.648,0.6613,20,0.6002,0.0,0.0,0.0,0.0,0.0,63
2023-05-10 09:30:26,OP10005380,500ETF沽12月6750,0.0,0.0,0.0,0.0,20,0.648,0.6613,30,0.6002,0.0,0.0,0.0,0.0,0.0,63
2023-05-10 09:30:29,OP10005380,500ETF沽12月6750,0.0,0.0,0.0,0.0,20,0.648,0.6613,30,0.6002,0.0,0.0,0.0,0.0,0.0,63
2023-05-10 09:30:32,OP10005380,500ETF沽12月6750,0.0,0.0,0.0,0.0,20,0.648,0.6613,30,0.6002,0.0,0.0,0.0,0.0,0.0,63
2023-05-10 09:30:32,OP10005380,500ETF沽12月6750,0.0,0.0,0.0,0.0,20,0.648,0.6613,30,0.6002,0.0,0.0,0.0,0.0,0.0,63
2023-05-10 09:30:32,OP10005380,500ETF沽12月6750,0.0,0.0,0.0,0.0,20,0.648,0.6602,20,0.6002,0.0,0.0,0.0,0.0,0.0,63
2023-05-10 09:30:35,OP10005380,500ETF沽12月6750,0.0,0.0,0.0,0.0,20,0.648,0.6602,20,0.6002,0.0,0.0,0.0,0.0,0.0,63
2023-05-10 09:30:35,OP10005380,500ETF沽12月6750,0.0,0.0,0.0,0.0,20,0.648,0.6613,30,0.6002,0.0,0.0,0.0,0.0,0.0,63
2023-05-10 09:30:35,OP10005380,500ETF沽12月6750,0.0,0.0,0.0,0.0,20,0.648,0.6602,20,0.6002,0.0,0.0,0.0,0.0,0.0,63
2023-05-10 09:30:35,OP10005380,500ETF沽12月6750,0.0,0.0,0.0,0.0,10,0.648,0.6602,30,0.6002,0.0,0.0,0.0,0.0,0.0,63
2023-05-10 09:30:35,OP10005380,500ETF沽12月6750,0.0,0.0,0.0,0.0,20,0.648,0.6602,30,0.6002,0.0,0.0,0.0,0.0,0.0,63
2023-05-10 09:30:38,OP10005380,500ETF沽12月6750,0.0,0.0,0.0,0.0,20,0.648,0.6602,30,0.6002,0.0,0.0,0.0,0.0,0.0,63
2023-05-10 09:30:38,OP10005380,500ETF沽12月6750,0.0,0.0,0.0,0.0,20,0.648,0.6602,30,0.6002,0.0,0.0,0.0,0.0,0.0,63
2023-05-10 09:30:41,OP10005380,500ETF沽12月6750,0.0,0.0,0.0,0.0,20,0.6483,0.6602,30,0.6002,0.0,0.0,0.0,0.0,0.0,63
2023-05-10 09:30:47,OP10005380,500ETF沽12月6750,0.0,0.0,0.0,0.0,20,0.6483,0.6602,30,0.6002,0.0,0.0,0.0,0.0,0.0,63
2023-05-10 09:30:47,OP10005380,500ETF沽12月6750,0.0,0.0,0.0,0.0,30,0.6483,0.6602,30,0.6002,0.0,0.0,0.0,0.0,0.0,63
2023-05-10 09:30:50,OP10005380,500ETF沽12月6750,0.0,0.0,0.0,0.0,10,0.6501,0.6602,30,0.6002,0.0,0.0,0.0,0.0,0.0,63
2023-05-10 09:30:50,OP10005380,500ETF沽12月6750,0.0,0.0,0.0,0.0,40,0.6501,0.6602,30,0.6002,0.0,0.0,0.0,0.0,0.0,63
2023-05-10 09:30:50,OP10005380,500ETF沽12月6750,0.0,0.0,0.0,0.0,40,0.6501,0.6602,30,0.6002,0.0,0.0,0.0,0.0,0.0,63
2023-05-10 09:30:53,OP10005380,500ETF沽12月6750,0.0,0.0,0.0,0.0,40,0.6501,0.6602,30,0.6002,0.0,0.0,0.0,0.0,0.0,63
2023-05-10 09:30:56,OP10005380,500ETF沽12月6750,0.0,0.0,0.0,0.0,40,0.6501,0.6602,30,0.6002,0.0,0.0,0.0,0.0,0.0,63
2023-05-10 09:30:56,OP10005380,500ETF沽12月6750,0.0,0.0,0.0,0.0,40,0.6501,0.6602,30,0.6002,0.0,0.0,0.0,0.0,0.0,63
2023-05-10 09:30:56,OP10005380,500ETF沽12月6750,0.0,0.0,0.0,0.0,40,0.6501,0.6602,30,0.6002,0.0,0.0,0.0,0.0,0.0,63
2023-05-10 09:30:56,OP10005380,500ETF沽12月6750,0.0,0.0,0.0,0.0,40,0.6501,0.6602,30,0.6002,0.0,0.0,0.0,0.0,0.0,63
2023-05-10 09:30:59,OP10005380,500ETF沽12月6750,0.0,0.0,0.0,0.0,10,0.652,0.6602,30,0.6002,0.0,0.0,0.0,0.0,0.0,63
2023-05-10 09:30:59,OP10005380,500ETF沽12月6750,0.0,0.0,0.0,0.0,30,0.652,0.6602,30,0.6002,0.0,0.0,0.0,0.0,0.0,63
2023-05-10 09:31:02,OP10005380,500ETF沽12月6750,0.0,0.0,0.0,0.0,40,0.652,0.6602,30,0.6002,0.0,0.0,0.0,0.0,0.0,63
2023-05-10 09:31:02,OP10005380,500ETF沽12月6750,0.0,0.0,0.0,0.0,30,0.652,0.6602,20,0.6002,0.0,0.0,0.0,0.0,0.0,63
2023-05-10 09:31:02,OP10005380,500ETF沽12月6750,0.0,0.0,0.0,0.0,30,0.652,0.6602,10,0.6002,0.0,0.0,0.0,0.0,0.0,63
2023-05-10 09:31:02,OP10005380,500ETF沽12月6750,0.0,0.0,0.0,0.0,30,0.652,0.6602,20,0.6002,0.0,0.0,0.0,0.0,0.0,63
2023-05-10 09:31:02,OP10005380,500ETF沽12月6750,0.0,0.0,0.0,0.0,40,0.652,0.6602,10,0.6002,0.0,0.0,0.0,0.0,0.0,63
2023-05-10 09:31:05,OP10005380,500ETF沽12月6750,0.0,0.0,0.0,0.0,30,0.652,0.6613,20,0.6002,0.0,0.0,0.0,0.0,0.0,63
2023-05-10 09:31:05,OP10005380,500ETF沽12月6750,0.0,0.0,0.0,0.0,30,0.652,0.6613,20,0.6002,0.0,0.0,0.0,0.0,0.0,63
2023-05-10 09:31:05,OP10005380,500ETF沽12月6750,0.0,0.0,0.0,0.0,40,0.652,0.6613,20,0.6002,0.0,0.0,0.0,0.0,0.0,63
2023-05-10 09:31:05,OP10005380,500ETF沽12月6750,0.0,0.0,0.0,0.0,40,0.652,0.6617,10,0.6002,0.0,0.0,0.0,0.0,0.0,63
2023-05-10 09:31:08,OP10005380,500ETF沽12月6750,0.0,0.0,0.0,0.0,10,0.6541,0.6622,20,0.6002,0.0,0.0,0.0,0.0,0.0,63
2023-05-10 09:31:08,OP10005380,500ETF沽12月6750,0.0,0.0,0.0,0.0,30,0.6541,0.6628,10,0.6002,0.0,0.0,0.0,0.0,0.0,63
2023-05-10 09:31:08,OP10005380,500ETF沽12月6750,0.0,0.0,0.0,0.0,30,0.6541,0.6632,30,0.6002,0.0,0.0,0.0,0.0,0.0,63
2023-05-10 09:31:08,OP10005380,500ETF沽12月6750,0.0,0.0,0.0,0.0,30,0.6541,0.6632,10,0.6002,0.0,0.0,0.0,0.0,0.0,63
2023-05-10 09:31:08,OP10005380,500ETF沽12月6750,0.0,0.0,0.0,0.0,30,0.6541,0.6643,20,0.6002,0.0,0.0,0.0,0.0,0.0,63
2023-05-10 09:31:08,OP10005380,500ETF沽12月6750,0.0,0.0,0.0,0.0,30,0.6541,0.6643,30,0.6002,0.0,0.0,0.0,0.0,0.0,63
2023-05-10 09:31:11,OP10005380,500ETF沽12月6750,0.0,0.0,0.0,0.0,30,0.6541,0.6643,30,0.6002,0.0,0.0,0.0,0.0,0.0,63
2023-05-10 09:31:11,OP10005380,500ETF沽12月6750,0.0,0.0,0.0,0.0,40,0.6541,0.6643,30,0.6002,0.0,0.0,0.0,0.0,0.0,63
2023-05-10 09:31:11,OP10005380,500ETF沽12月6750,0.0,0.0,0.0,0.0,40,0.6541,0.6643,30,0.6002,0.0,0.0,0.0,0.0,0.0,63
2023-05-10 09:31:14,OP10005380,500ETF沽12月6750,0.0,0.0,0.0,0.0,30,0.6541,0.6643,10,0.6002,0.0,0.0,0.0,0.0,0.0,63
2023-05-10 09:31:14,OP10005380,500ETF沽12月6750,0.0,0.0,0.0,0.0,30,0.6541,0.6643,20,0.6002,0.0,0.0,0.0,0.0,0.0,63
2023-05-10 09:31:14,OP10005380,500ETF沽12月6750,0.0,0.0,0.0,0.0,30,0.6541,0.6652,30,0.6002,0.0,0.0,0.0,0.0,0.0,63
2023-05-10 09:31:14,OP10005380,500ETF沽12月6750,0.0,0.0,0.0,0.0,30,0.6541,0.6652,30,0.6002,0.0,0.0,0.0,0.0,0.0,63
2023-05-10 09:31:26,OP10005380,500ETF沽12月6750,0.0,0.0,0.0,0.0,20,0.6541,0.6652,30,0.6002,0.0,0.0,0.0,0.0,0.0,63
2023-05-10 09:31:26,OP10005380,500ETF沽12月6750,0.0,0.0,0.0,0.0,20,0.6541,0.6652,30,0.6002,0.0,0.0,0.0,0.0,0.0,63
2023-05-10 09:31:29,OP10005380,500ETF沽12月6750,0.0,0.0,0.0,0.0,20,0.6541,0.6652,30,0.6002,0.0,0.0,0.0,0.0,0.0,63
2023-05-10 09:31:29,OP10005380,500ETF沽12月6750,0.0,0.0,0.0,0.0,20,0.6541,0.6652,30,0.6002,0.0,0.0,0.0,0.0,0.0,63
2023-05-10 09:31:32,OP10005380,500ETF沽12月6750,0.0,0.0,0.0,0.0,20,0.6541,0.6652,30,0.6002,0.0,0.0,0.0,0.0,0.0,63
2023-05-10 09:31:32,OP10005380,500ETF沽12月6750,0.0,0.0,0.0,0.0,20,0.6541,0.6652,30,0.6002,0.0,0.0,0.0,0.0,0.0,63
2023-05-10 09:31:32,OP10005380,500ETF沽12月6750,0.0,0.0,0.0,0.0,30,0.6541,0.6652,20,0.6002,0.0,0.0,0.0,0.0,0.0,63
2023-05-10 09:31:32,OP10005380,500ETF沽12月6750,0.0,0.0,0.0,0.0,30,0.6541,0.6652,20,0.6002,0.0,0.0,0.0,0.0,0.0,63
2023-05-10 09:31:32,OP10005380,500ETF沽12月6750,0.0,0.0,0.0,0.0,30,0.6541,0.6652,20,0.6002,0.0,0.0,0.0,0.0,0.0,63
2023-05-10 09:31:35,OP10005380,500ETF沽12月6750,0.0,0.0,0.0,0.0,30,0.6541,0.6635,10,0.6002,0.0,0.0,0.0,0.0,0.0,63
2023-05-10 09:31:35,OP10005380,500ETF沽12月6750,0.0,0.0,0.0,0.0,20,0.6541,0.6635,40,0.6002,0.0,0.0,0.0,0.0,0.0,63
2023-05-10 09:31:35,OP10005380,500ETF沽12月6750,0.0,0.0,0.0,0.0,40,0.6533,0.6635,40,0.6002,0.0,0.0,0.0,0.0,0.0,63
2023-05-10 09:31:35,OP10005380,500ETF沽12月6750,0.0,0.0,0.0,0.0,40,0.6533,0.6635,40,0.6002,0.0,0.0,0.0,0.0,0.0,63
2023-05-10 09:31:38,OP10005380,500ETF沽12月6750,0.0,0.0,0.0,0.0,20,0.6533,0.6635,40,0.6002,0.0,0.0,0.0,0.0,0.0,63
2023-05-10 09:31:41,OP10005380,500ETF沽12月6750,0.0,0.0,0.0,0.0,10,0.6533,0.6635,40,0.6002,0.0,0.0,0.0,0.0,0.0,63
2023-05-10 09:31:41,OP10005380,500ETF沽12月6750,0.0,0.0,0.0,0.0,10,0.653,0.6635,40,0.6002,0.0,0.0,0.0,0.0,0.0,63
2023-05-10 09:31:41,OP10005380,500ETF沽12月6750,0.0,0.0,0.0,0.0,20,0.653,0.6635,40,0.6002,0.0,0.0,0.0,0.0,0.0,63
2023-05-10 09:31:41,OP10005380,500ETF沽12月6750,0.0,0.0,0.0,0.0,10,0.653,0.6635,40,0.6002,0.0,0.0,0.0,0.0,0.0,63
2023-05-10 09:31:44,OP10005380,500ETF沽12月6750,0.0,0.0,0.0,0.0,10,0.653,0.6635,40,0.6002,0.0,0.0,0.0,0.0,0.0,63
2023-05-10 09:31:44,OP10005380,500ETF沽12月6750,0.0,0.0,0.0,0.0,30,0.653,0.6635,40,0.6002,0.0,0.0,0.0,0.0,0.0,63
2023-05-10 09:31:47,OP10005380,500ETF沽12月6750,0.0,0.0,0.0,0.0,10,0.653,0.6635,40,0.6002,0.0,0.0,0.0,0.0,0.0,63
2023-05-10 09:31:47,OP10005380,500ETF沽12月6750,0.0,0.0,0.0,0.0,30,0.653,0.6635,40,0.6002,0.0,0.0,0.0,0.0,0.0,63
2023-05-10 09:31:47,OP10005380,500ETF沽12月6750,0.0,0.0,0.0,0.0,10,0.653,0.6635,40,0.6002,0.0,0.0,0.0,0.0,0.0,63
2023-05-10 09:31:47,OP10005380,500ETF沽12月6750,0.0,0.0,0.0,0.0,10,0.653,0.6635,40,0.6002,0.0,0.0,0.0,0.0,0.0,63
2023-05-10 09:31:50,OP10005380,500ETF沽12月6750,0.0,0.0,0.0,0.0,10,0.653,0.6635,40,0.6002,0.0,0.0,0.0,0.0,0.0,63
2023-05-10 09:31:50,OP10005380,500ETF沽12月6750,0.0,0.0,0.0,0.0,10,0.653,0.6635,40,0.6002,0.0,0.0,0.0,0.0,0.0,63
2023-05-10 09:31:50,OP10005380,500ETF沽12月6750,0.0,0.0,0.0,0.0,30,0.653,0.6635,40,0.6002,0.0,0.0,0.0,0.0,0.0,63
2023-05-10 09:31:50,OP10005380,500ETF沽12月6750,0.0,0.0,0.0,0.0,10,0.6548,0.6635,30,0.6002,0.0,0.0,0.0,0.0,0.0,63
2023-05-10 09:31:53,OP10005380,500ETF沽12月6750,0.0,0.0,0.0,0.0,10,0.6548,0.6635,30,0.6002,0.0,0.0,0.0,0.0,0.0,63
2023-05-10 09:31:53,OP10005380,500ETF沽12月6750,0.0,0.0,0.0,0.0,10,0.6548,0.6635,20,0.6002,0.0,0.0,0.0,0.0,0.0,63
2023-05-10 09:31:53,OP10005380,500ETF沽12月6750,0.0,0.0,0.0,0.0,10,0.6537,0.6635,30,0.6002,0.0,0.0,0.0,0.0,0.0,63
2023-05-10 09:31:56,OP10005380,500ETF沽12月6750,0.0,0.0,0.0,0.0,30,0.653,0.6635,40,0.6002,0.0,0.0,0.0,0.0,0.0,63
2023-05-10 09:31:56,OP10005380,500ETF沽12月6750,0.0,0.0,0.0,0.0,30,0.653,0.6635,40,0.6002,0.0,0.0,0.0,0.0,0.0,63
2023-05-10 09:31:59,OP10005380,500ETF沽12月6750,0.0,0.0,0.0,0.0,30,0.653,0.6635,40,0.6002,0.0,0.0,0.0,0.0,0.0,63
2023-05-10 09:31:59,OP10005380,500ETF沽12月6750,0.0,0.0,0.0,0.0,10,0.653,0.6635,40,0.6002,0.0,0.0,0.0,0.0,0.0,63
2023-05-10 09:31:59,OP10005380,500ETF沽12月6750,0.0,0.0,0.0,0.0,10,0.653,0.6624,20,0.6002,0.0,0.0,0.0,0.0,0.0,63
2023-05-10 09:31:59,OP10005380,500ETF沽12月6750,0.0,0.0,0.0,0.0,10,0.653,0.6613,10,0.6002,0.0,0.0,0.0,0.0,0.0,63
2023-05-10 09:32:02,OP10005380,500ETF沽12月6750,0.0,0.0,0.0,0.0,10,0.653,0.6613,40,0.6002,0.0,0.0,0.0,0.0,0.0,63
2023-05-10 09:32:02,OP10005380,500ETF沽12月6750,0.0,0.0,0.0,0.0,10,0.653,0.6613,40,0.6002,0.0,0.0,0.0,0.0,0.0,63
2023-05-10 09:32:02,OP10005380,500ETF沽12月6750,0.0,0.0,0.0,0.0,10,0.652,0.6613,40,0.6002,0.0,0.0,0.0,0.0,0.0,63
2023-05-10 09:32:02,OP10005380,500ETF沽12月6750,0.0,0.0,0.0,0.0,10,0.6515,0.6613,40,0.6002,0.0,0.0,0.0,0.0,0.0,63
2023-05-10 09:32:05,OP10005380,500ETF沽12月6750,0.0,0.0,0.0,0.0,10,0.6511,0.6613,40,0.6002,0.0,0.0,0.0,0.0,0.0,63
2023-05-10 09:32:05,OP10005380,500ETF沽12月6750,0.0,0.0,0.0,0.0,10,0.6511,0.6613,40,0.6002,0.0,0.0,0.0,0.0,0.0,63
2023-05-10 09:32:05,OP10005380,500ETF沽12月6750,0.0,0.0,0.0,0.0,10,0.6511,0.6613,30,0.6002,0.0,0.0,0.0,0.0,0.0,63
2023-05-10 09:32:05,OP10005380,500ETF沽12月6750,0.0,0.0,0.0,0.0,10,0.6511,0.6613,40,0.6002,0.0,0.0,0.0,0.0,0.0,63
2023-05-10 09:32:05,OP10005380,500ETF沽12月6750,0.0,0.0,0.0,0.0,10,0.653,0.6613,30,0.6002,0.0,0.0,0.0,0.0,0.0,63
2023-05-10 09:32:05,OP10005380,500ETF沽12月6750,0.0,0.0,0.0,0.0,10,0.653,0.6613,30,0.6002,0.0,0.0,0.0,0.0,0.0,63
2023-05-10 09:32:08,OP10005380,500ETF沽12月6750,0.0,0.0,0.0,0.0,10,0.653,0.6613,30,0.6002,0.0,0.0,0.0,0.0,0.0,63
2023-05-10 09:32:08,OP10005380,500ETF沽12月6750,0.0,0.0,0.0,0.0,10,0.653,0.6613,30,0.6002,0.0,0.0,0.0,0.0,0.0,63
2023-05-10 09:32:08,OP10005380,500ETF沽12月6750,0.0,0.0,0.0,0.0,10,0.6518,0.6613,30,0.6002,0.0,0.0,0.0,0.0,0.0,63
2023-05-10 09:32:08,OP10005380,500ETF沽12月6750,0.0,0.0,0.0,0.0,10,0.651,0.6613,40,0.6002,0.0,0.0,0.0,0.0,0.0,63
2023-05-10 09:32:11,OP10005380,500ETF沽12月6750,0.0,0.0,0.0,0.0,10,0.651,0.6613,40,0.6002,0.0,0.0,0.0,0.0,0.0,63
2023-05-10 09:32:17,OP10005380,500ETF沽12月6750,0.0,0.0,0.0,0.0,10,0.651,0.6613,40,0.6002,0.0,0.0,0.0,0.0,0.0,63
2023-05-10 09:32:20,OP10005380,500ETF沽12月6750,0.0,0.0,0.0,0.0,10,0.651,0.6613,40,0.6002,0.0,0.0,0.0,0.0,0.0,63
2023-05-10 09:32:20,OP10005380,500ETF沽12月6750,0.0,0.0,0.0,0.0,10,0.651,0.6613,40,0.6002,0.0,0.0,0.0,0.0,0.0,63
2023-05-10 09:32:23,OP10005380,500ETF沽12月6750,0.0,0.0,0.0,0.0,10,0.651,0.6613,50,0.6002,0.0,0.0,0.0,0.0,0.0,63
2023-05-10 09:32:26,OP10005380,500ETF沽12月6750,0.0,0.0,0.0,0.0,10,0.651,0.6613,50,0.6002,0.0,0.0,0.0,0.0,0.0,63
2023-05-10 09:32:29,OP10005380,500ETF沽12月6750,0.0,0.0,0.0,0.0,10,0.651,0.6613,50,0.6002,0.0,0.0,0.0,0.0,0.0,63
2023-05-10 09:32:35,OP10005380,500ETF沽12月6750,0.0,0.0,0.0,0.0,10,0.651,0.6613,50,0.6002,0.0,0.0,0.0,0.0,0.0,63
2023-05-10 09:32:35,OP10005380,500ETF沽12月6750,0.0,0.0,0.0,0.0,10,0.651,0.6613,50,0.6002,0.0,0.0,0.0,0.0,0.0,63
2023-05-10 09:32:35,OP10005380,500ETF沽12月6750,0.0,0.0,0.0,0.0,10,0.651,0.6613,50,0.6002,0.0,0.0,0.0,0.0,0.0,63
2023-05-10 09:32:38,OP10005380,500ETF沽12月6750,0.0,0.0,0.0,0.0,10,0.651,0.6613,50,0.6002,0.0,0.0,0.0,0.0,0.0,63
2023-05-10 09:32:38,OP10005380,500ETF沽12月6750,0.0,0.0,0.0,0.0,10,0.651,0.6613,50,0.6002,0.0,0.0,0.0,0.0,0.0,63
2023-05-10 09:32:44,OP10005380,500ETF沽12月6750,0.0,0.0,0.0,0.0,10,0.651,0.6613,50,0.6002,0.0,0.0,0.0,0.0,0.0,63
2023-05-10 09:32:44,OP10005380,500ETF沽12月6750,0.0,0.0,0.0,0.0,10,0.651,0.6613,50,0.6002,0.0,0.0,0.0,0.0,0.0,63
2023-05-10 09:32:47,OP10005380,500ETF沽12月6750,0.0,0.0,0.0,0.0,10,0.651,0.6613,50,0.6002,0.0,0.0,0.0,0.0,0.0,63
2023-05-10 09:32:47,OP10005380,500ETF沽12月6750,0.0,0.0,0.0,0.0,10,0.651,0.6613,50,0.6002,0.0,0.0,0.0,0.0,0.0,63
2023-05-10 09:32:50,OP10005380,500ETF沽12月6750,0.0,0.0,0.0,0.0,10,0.651,0.6613,50,0.6002,0.0,0.0,0.0,0.0,0.0,63
2023-05-10 09:32:50,OP10005380,500ETF沽12月6750,0.0,0.0,0.0,0.0,10,0.651,0.6613,50,0.6002,0.0,0.0,0.0,0.0,0.0,63
2023-05-10 09:32:53,OP10005380,500ETF沽12月6750,0.0,0.0,0.0,0.0,10,0.651,0.6613,50,0.6002,0.0,0.0,0.0,0.0,0.0,63
2023-05-10 09:32:53,OP10005380,500ETF沽12月6750,0.0,0.0,0.0,0.0,10,0.651,0.6613,50,0.6002,0.0,0.0,0.0,0.0,0.0,63
2023-05-10 09:32:53,OP10005380,500ETF沽12月6750,0.0,0.0,0.0,0.0,10,0.651,0.6613,40,0.6002,0.0,0.0,0.0,0.0,0.0,63
2023-05-10 09:32:53,OP10005380,500ETF沽12月6750,0.0,0.0,0.0,0.0,10,0.651,0.6613,40,0.6002,0.0,0.0,0.0,0.0,0.0,63
2023-05-10 09:32:56,OP10005380,500ETF沽12月6750,0.0,0.0,0.0,0.0,10,0.651,0.6613,40,0.6002,0.0,0.0,0.0,0.0,0.0,63
2023-05-10 09:32:56,OP10005380,500ETF沽12月6750,0.0,0.0,0.0,0.0,10,0.651,0.6613,40,0.6002,0.0,0.0,0.0,0.0,0.0,63
2023-05-10 09:32:56,OP10005380,500ETF沽12月6750,0.0,0.0,0.0,0.0,10,0.651,0.6613,40,0.6002,0.0,0.0,0.0,0.0,0.0,63
2023-05-10 09:32:56,OP10005380,500ETF沽12月6750,0.0,0.0,0.0,0.0,10,0.651,0.6613,40,0.6002,0.0,0.0,0.0,0.0,0.0,63
2023-05-10 09:32:56,OP10005380,500ETF沽12月6750,0.0,0.0,0.0,0.0,10,0.651,0.6613,50,0.6002,0.0,0.0,0.0,0.0,0.0,63
2023-05-10 09:32:56,OP10005380,500ETF沽12月6750,0.0,0.0,0.0,0.0,10,0.651,0.6613,50,0.6002,0.0,0.0,0.0,0.0,0.0,63
2023-05-10 09:32:59,OP10005380,500ETF沽12月6750,0.0,0.0,0.0,0.0,10,0.651,0.6613,50,0.6002,0.0,0.0,0.0,0.0,0.0,63
2023-05-10 09:33:02,OP10005380,500ETF沽12月6750,0.0,0.0,0.0,0.0,10,0.651,0.6606,20,0.6002,0.0,0.0,0.0,0.0,0.0,63
2023-05-10 09:33:02,OP10005380,500ETF沽12月6750,0.0,0.0,0.0,0.0,10,0.651,0.6606,20,0.6002,0.0,0.0,0.0,0.0,0.0,63
2023-05-10 09:33:02,OP10005380,500ETF沽12月6750,0.0,0.0,0.0,0.0,10,0.651,0.6606,30,0.6002,0.0,0.0,0.0,0.0,0.0,63
2023-05-10 09:33:02,OP10005380,500ETF沽12月6750,0.0,0.0,0.0,0.0,10,0.651,0.6606,30,0.6002,0.0,0.0,0.0,0.0,0.0,63
2023-05-10 09:33:02,OP10005380,500ETF沽12月6750,0.0,0.0,0.0,0.0,10,0.651,0.6606,30,0.6002,0.0,0.0,0.0,0.0,0.0,63
2023-05-10 09:33:02,OP10005380,500ETF沽12月6750,0.0,0.0,0.0,0.0,10,0.651,0.6606,30,0.6002,0.0,0.0,0.0,0.0,0.0,63
2023-05-10 09:33:05,OP10005380,500ETF沽12月6750,0.0,0.0,0.0,0.0,10,0.651,0.6606,30,0.6002,0.0,0.0,0.0,0.0,0.0,63
2023-05-10 09:33:05,OP10005380,500ETF沽12月6750,0.0,0.0,0.0,0.0,10,0.651,0.6606,30,0.6002,0.0,0.0,0.0,0.0,0.0,63
2023-05-10 09:33:05,OP10005380,500ETF沽12月6750,0.0,0.0,0.0,0.0,10,0.651,0.6606,30,0.6002,0.0,0.0,0.0,0.0,0.0,63
2023-05-10 09:33:05,OP10005380,500ETF沽12月6750,0.0,0.0,0.0,0.0,10,0.651,0.6606,30,0.6002,0.0,0.0,0.0,0.0,0.0,63
2023-05-10 09:33:05,OP10005380,500ETF沽12月6750,0.0,0.0,0.0,0.0,10,0.651,0.6606,30,0.6002,0.0,0.0,0.0,0.0,0.0,63
2023-05-10 09:33:08,OP10005380,500ETF沽12月6750,0.0,0.0,0.0,0.0,10,0.651,0.6606,30,0.6002,0.0,0.0,0.0,0.0,0.0,63
2023-05-10 09:33:08,OP10005380,500ETF沽12月6750,0.0,0.0,0.0,0.0,10,0.651,0.6606,30,0.6002,0.0,0.0,0.0,0.0,0.0,63
2023-05-10 09:33:08,OP10005380,500ETF沽12月6750,0.0,0.0,0.0,0.0,10,0.651,0.6606,30,0.6002,0.0,0.0,0.0,0.0,0.0,63
2023-05-10 09:33:08,OP10005380,500ETF沽12月6750,0.0,0.0,0.0,0.0,10,0.651,0.6606,30,0.6002,0.0,0.0,0.0,0.0,0.0,63
2023-05-10 09:33:11,OP10005380,500ETF沽12月6750,0.0,0.0,0.0,0.0,10,0.651,0.6606,30,0.6002,0.0,0.0,0.0,0.0,0.0,63
2023-05-10 09:33:11,OP10005380,500ETF沽12月6750,0.0,0.0,0.0,0.0,10,0.651,0.6606,30,0.6002,0.0,0.0,0.0,0.0,0.0,63
2023-05-10 09:33:11,OP10005380,500ETF沽12月6750,0.0,0.0,0.0,0.0,30,0.6508,0.6598,10,0.6002,0.0,0.0,0.0,0.0,0.0,63
2023-05-10 09:33:11,OP10005380,500ETF沽12月6750,0.0,0.0,0.0,0.0,20,0.6508,0.6598,30,0.6002,0.0,0.0,0.0,0.0,0.0,63
2023-05-10 09:33:11,OP10005380,500ETF沽12月6750,0.0,0.0,0.0,0.0,20,0.6499,0.6592,10,0.6002,0.0,0.0,0.0,0.0,0.0,63
2023-05-10 09:33:11,OP10005380,500ETF沽12月6750,0.0,0.0,0.0,0.0,30,0.6499,0.6592,20,0.6002,0.0,0.0,0.0,0.0,0.0,63
2023-05-10 09:33:14,OP10005380,500ETF沽12月6750,0.0,0.0,0.0,0.0,20,0.6499,0.6592,20,0.6002,0.0,0.0,0.0,0.0,0.0,63
2023-05-10 09:33:14,OP10005380,500ETF沽12月6750,0.0,0.0,0.0,0.0,20,0.6499,0.6592,20,0.6002,0.0,0.0,0.0,0.0,0.0,63
2023-05-10 09:33:14,OP10005380,500ETF沽12月6750,0.0,0.0,0.0,0.0,30,0.6499,0.6592,20,0.6002,0.0,0.0,0.0,0.0,0.0,63
2023-05-10 09:33:23,OP10005380,500ETF沽12月6750,0.0,0.0,0.0,0.0,30,0.6499,0.6592,20,0.6002,0.0,0.0,0.0,0.0,0.0,63
2023-05-10 09:33:26,OP10005380,500ETF沽12月6750,0.0,0.0,0.0,0.0,30,0.6499,0.6592,20,0.6002,0.0,0.0,0.0,0.0,0.0,63
2023-05-10 09:33:26,OP10005380,500ETF沽12月6750,0.0,0.0,0.0,0.0,30,0.6499,0.6592,20,0.6002,0.0,0.0,0.0,0.0,0.0,63
2023-05-10 09:33:29,OP10005380,500ETF沽12月6750,0.0,0.0,0.0,0.0,30,0.6499,0.6592,20,0.6002,0.0,0.0,0.0,0.0,0.0,63
2023-05-10 09:33:29,OP10005380,500ETF沽12月6750,0.0,0.0,0.0,0.0,30,0.6499,0.6592,20,0.6002,0.0,0.0,0.0,0.0,0.0,63
2023-05-10 09:33:32,OP10005380,500ETF沽12月6750,0.0,0.0,0.0,0.0,30,0.6499,0.6584,10,0.6002,0.0,0.0,0.0,0.0,0.0,63
2023-05-10 09:33:32,OP10005380,500ETF沽12月6750,0.0,0.0,0.0,0.0,20,0.6499,0.6584,40,0.6002,0.0,0.0,0.0,0.0,0.0,63
2023-05-10 09:33:32,OP10005380,500ETF沽12月6750,0.0,0.0,0.0,0.0,20,0.6499,0.6584,40,0.6002,0.0,0.0,0.0,0.0,0.0,63
2023-05-10 09:33:38,OP10005380,500ETF沽12月6750,0.0,0.0,0.0,0.0,10,0.6502,0.6584,40,0.6002,0.0,0.0,0.0,0.0,0.0,63
2023-05-10 09:33:38,OP10005380,500ETF沽12月6750,0.0,0.0,0.0,0.0,10,0.6508,0.6578,10,0.6002,0.0,0.0,0.0,0.0,0.0,63
2023-05-10 09:33:38,OP10005380,500ETF沽12月6750,0.0,0.0,0.0,0.0,30,0.6508,0.6578,10,0.6002,0.0,0.0,0.0,0.0,0.0,63
2023-05-10 09:33:41,OP10005380,500ETF沽12月6750,0.0,0.0,0.0,0.0,30,0.6508,0.6578,10,0.6002,0.0,0.0,0.0,0.0,0.0,63
2023-05-10 09:33:41,OP10005380,500ETF沽12月6750,0.0,0.0,0.0,0.0,30,0.6508,0.6578,10,0.6002,0.0,0.0,0.0,0.0,0.0,63
2023-05-10 09:33:44,OP10005380,500ETF沽12月6750,0.0,0.0,0.0,0.0,30,0.6508,0.6578,10,0.6002,0.0,0.0,0.0,0.0,0.0,63
2023-05-10 09:33:44,OP10005380,500ETF沽12月6750,0.0,0.0,0.0,0.0,40,0.6508,0.6578,10,0.6002,0.0,0.0,0.0,0.0,0.0,63
2023-05-10 09:33:47,OP10005380,500ETF沽12月6750,0.0,0.0,0.0,0.0,30,0.6508,0.6578,10,0.6002,0.0,0.0,0.0,0.0,0.0,63
2023-05-10 09:33:47,OP10005380,500ETF沽12月6750,0.0,0.0,0.0,0.0,30,0.6508,0.6578,10,0.6002,0.0,0.0,0.0,0.0,0.0,63
2023-05-10 09:33:47,OP10005380,500ETF沽12月6750,0.0,0.0,0.0,0.0,30,0.6508,0.6578,10,0.6002,0.0,0.0,0.0,0.0,0.0,63
2023-05-10 09:33:50,OP10005380,500ETF沽12月6750,0.0,0.0,0.0,0.0,30,0.6508,0.6578,10,0.6002,0.0,0.0,0.0,0.0,0.0,63
2023-05-10 09:33:53,OP10005380,500ETF沽12月6750,0.0,0.0,0.0,0.0,30,0.6508,0.6578,10,0.6002,0.0,0.0,0.0,0.0,0.0,63
2023-05-10 09:33:53,OP10005380,500ETF沽12月6750,0.0,0.0,0.0,0.0,30,0.6508,0.6578,10,0.6002,0.0,0.0,0.0,0.0,0.0,63
2023-05-10 09:33:56,OP10005380,500ETF沽12月6750,0.0,0.0,0.0,0.0,20,0.6508,0.6566,10,0.6002,0.0,0.0,0.0,0.0,0.0,63
2023-05-10 09:33:56,OP10005380,500ETF沽12月6750,0.0,0.0,0.0,0.0,20,0.6508,0.6566,10,0.6002,0.0,0.0,0.0,0.0,0.0,63
2023-05-10 09:33:56,OP10005380,500ETF沽12月6750,0.0,0.0,0.0,0.0,20,0.6508,0.6566,10,0.6002,0.0,0.0,0.0,0.0,0.0,63
2023-05-10 09:33:56,OP10005380,500ETF沽12月6750,0.0,0.0,0.0,0.0,10,0.6502,0.6566,10,0.6002,0.0,0.0,0.0,0.0,0.0,63
2023-05-10 09:33:56,OP10005380,500ETF沽12月6750,0.0,0.0,0.0,0.0,10,0.6502,0.6566,10,0.6002,0.0,0.0,0.0,0.0,0.0,63
2023-05-10 09:33:56,OP10005380,500ETF沽12月6750,0.0,0.0,0.0,0.0,10,0.6502,0.6566,10,0.6002,0.0,0.0,0.0,0.0,0.0,63
2023-05-10 09:33:59,OP10005380,500ETF沽12月6750,0.0,0.0,0.0,0.0,10,0.6502,0.6566,10,0.6002,0.0,0.0,0.0,0.0,0.0,63
2023-05-10 09:33:59,OP10005380,500ETF沽12月6750,0.0,0.0,0.0,0.0,10,0.6502,0.6566,10,0.6002,0.0,0.0,0.0,0.0,0.0,63
2023-05-10 09:33:59,OP10005380,500ETF沽12月6750,0.0,0.0,0.0,0.0,10,0.6502,0.6566,10,0.6002,0.0,0.0,0.0,0.0,0.0,63
2023-05-10 09:33:59,OP10005380,500ETF沽12月6750,0.0,0.0,0.0,0.0,10,0.6502,0.6566,10,0.6002,0.0,0.0,0.0,0.0,0.0,63
2023-05-10 09:34:02,OP10005380,500ETF沽12月6750,0.0,0.0,0.0,0.0,10,0.6502,0.6566,10,0.6002,0.0,0.0,0.0,0.0,0.0,63
2023-05-10 09:34:02,OP10005380,500ETF沽12月6750,0.0,0.0,0.0,0.0,10,0.6502,0.6566,10,0.6002,0.0,0.0,0.0,0.0,0.0,63
2023-05-10 09:34:02,OP10005380,500ETF沽12月6750,0.0,0.0,0.0,0.0,10,0.651,0.6568,10,0.6002,0.0,0.0,0.0,0.0,0.0,63
2023-05-10 09:34:02,OP10005380,500ETF沽12月6750,0.0,0.0,0.0,0.0,30,0.651,0.6577,10,0.6002,0.0,0.0,0.0,0.0,0.0,63
2023-05-10 09:34:02,OP10005380,500ETF沽12月6750,0.0,0.0,0.0,0.0,40,0.651,0.6577,10,0.6002,0.0,0.0,0.0,0.0,0.0,63
2023-05-10 09:34:05,OP10005380,500ETF沽12月6750,0.0,0.0,0.0,0.0,40,0.651,0.6577,10,0.6002,0.0,0.0,0.0,0.0,0.0,63
2023-05-10 09:34:08,OP10005380,500ETF沽12月6750,0.0,0.0,0.0,0.0,40,0.651,0.6577,30,0.6002,0.0,0.0,0.0,0.0,0.0,63
2023-05-10 09:34:11,OP10005380,500ETF沽12月6750,0.0,0.0,0.0,0.0,40,0.651,0.6577,30,0.6002,0.0,0.0,0.0,0.0,0.0,63
2023-05-10 09:34:11,OP10005380,500ETF沽12月6750,0.0,0.0,0.0,0.0,40,0.651,0.6577,30,0.6002,0.0,0.0,0.0,0.0,0.0,63
2023-05-10 09:34:17,OP10005380,500ETF沽12月6750,0.0,0.0,0.0,0.0,40,0.651,0.6577,30,0.6002,0.0,0.0,0.0,0.0,0.0,63
2023-05-10 09:34:17,OP10005380,500ETF沽12月6750,0.0,0.0,0.0,0.0,10,0.6512,0.6577,10,0.6002,0.0,0.0,0.0,0.0,0.0,63
2023-05-10 09:34:17,OP10005380,500ETF沽12月6750,0.0,0.0,0.0,0.0,10,0.6512,0.658,10,0.6002,0.0,0.0,0.0,0.0,0.0,63
2023-05-10 09:34:20,OP10005380,500ETF沽12月6750,0.0,0.0,0.0,0.0,20,0.6512,0.658,10,0.6002,0.0,0.0,0.0,0.0,0.0,63
2023-05-10 09:34:20,OP10005380,500ETF沽12月6750,0.0,0.0,0.0,0.0,10,0.6512,0.658,10,0.6002,0.0,0.0,0.0,0.0,0.0,63
2023-05-10 09:34:20,OP10005380,500ETF沽12月6750,0.0,0.0,0.0,0.0,10,0.6512,0.658,10,0.6002,0.0,0.0,0.0,0.0,0.0,63
2023-05-10 09:34:23,OP10005380,500ETF沽12月6750,0.0,0.0,0.0,0.0,10,0.6512,0.658,10,0.6002,0.0,0.0,0.0,0.0,0.0,63
2023-05-10 09:34:23,OP10005380,500ETF沽12月6750,0.0,0.0,0.0,0.0,10,0.6505,0.6584,20,0.6002,0.0,0.0,0.0,0.0,0.0,63
2023-05-10 09:34:23,OP10005380,500ETF沽12月6750,0.0,0.0,0.0,0.0,10,0.6502,0.6565,10,0.6002,0.0,0.0,0.0,0.0,0.0,63
2023-05-10 09:34:26,OP10005380,500ETF沽12月6750,0.0,0.0,0.0,0.0,20,0.6499,0.6565,10,0.6002,0.0,0.0,0.0,0.0,0.0,63
2023-05-10 09:34:26,OP10005380,500ETF沽12月6750,0.0,0.0,0.0,0.0,20,0.6499,0.6565,10,0.6002,0.0,0.0,0.0,0.0,0.0,63
2023-05-10 09:34:26,OP10005380,500ETF沽12月6750,0.0,0.0,0.0,0.0,20,0.6499,0.6565,10,0.6002,0.0,0.0,0.0,0.0,0.0,63
2023-05-10 09:34:26,OP10005380,500ETF沽12月6750,0.0,0.0,0.0,0.0,10,0.6494,0.6565,10,0.6002,0.0,0.0,0.0,0.0,0.0,63
2023-05-10 09:34:26,OP10005380,500ETF沽12月6750,0.0,0.0,0.0,0.0,30,0.6491,0.6572,10,0.6002,0.0,0.0,0.0,0.0,0.0,63
2023-05-10 09:34:26,OP10005380,500ETF沽12月6750,0.0,0.0,0.0,0.0,20,0.6491,0.6553,10,0.6002,0.0,0.0,0.0,0.0,0.0,63
2023-05-10 09:34:29,OP10005380,500ETF沽12月6750,0.0,0.0,0.0,0.0,20,0.6491,0.6553,10,0.6002,0.0,0.0,0.0,0.0,0.0,63
2023-05-10 09:34:29,OP10005380,500ETF沽12月6750,0.0,0.0,0.0,0.0,20,0.6491,0.6553,10,0.6002,0.0,0.0,0.0,0.0,0.0,63
2023-05-10 09:34:29,OP10005380,500ETF沽12月6750,0.0,0.0,0.0,0.0,10,0.6497,0.6568,10,0.6002,0.0,0.0,0.0,0.0,0.0,63
2023-05-10 09:34:29,OP10005380,500ETF沽12月6750,0.0,0.0,0.0,0.0,10,0.6497,0.6568,10,0.6002,0.0,0.0,0.0,0.0,0.0,63
2023-05-10 09:34:32,OP10005380,500ETF沽12月6750,0.0,0.0,0.0,0.0,10,0.6497,0.6568,10,0.6002,0.0,0.0,0.0,0.0,0.0,63
2023-05-10 09:34:32,OP10005380,500ETF沽12月6750,0.0,0.0,0.0,0.0,10,0.6496,0.6554,10,0.6002,0.0,0.0,0.0,0.0,0.0,63
2023-05-10 09:34:32,OP10005380,500ETF沽12月6750,0.0,0.0,0.0,0.0,10,0.6496,0.6554,10,0.6002,0.0,0.0,0.0,0.0,0.0,63
2023-05-10 09:34:35,OP10005380,500ETF沽12月6750,0.0,0.0,0.0,0.0,20,0.6491,0.6554,10,0.6002,0.0,0.0,0.0,0.0,0.0,63
2023-05-10 09:34:35,OP10005380,500ETF沽12月6750,0.0,0.0,0.0,0.0,20,0.6491,0.6554,10,0.6002,0.0,0.0,0.0,0.0,0.0,63
2023-05-10 09:34:35,OP10005380,500ETF沽12月6750,0.0,0.0,0.0,0.0,20,0.6491,0.6554,10,0.6002,0.0,0.0,0.0,0.0,0.0,63
2023-05-10 09:34:35,OP10005380,500ETF沽12月6750,0.0,0.0,0.0,0.0,20,0.6491,0.6554,10,0.6002,0.0,0.0,0.0,0.0,0.0,63
2023-05-10 09:34:38,OP10005380,500ETF沽12月6750,0.0,0.0,0.0,0.0,20,0.6491,0.6554,10,0.6002,0.0,0.0,0.0,0.0,0.0,63
2023-05-10 09:34:38,OP10005380,500ETF沽12月6750,0.0,0.0,0.0,0.0,20,0.6491,0.6554,10,0.6002,0.0,0.0,0.0,0.0,0.0,63
2023-05-10 09:34:38,OP10005380,500ETF沽12月6750,0.0,0.0,0.0,0.0,20,0.6491,0.6554,10,0.6002,0.0,0.0,0.0,0.0,0.0,63
2023-05-10 09:34:38,OP10005380,500ETF沽12月6750,0.0,0.0,0.0,0.0,20,0.6491,0.6554,10,0.6002,0.0,0.0,0.0,0.0,0.0,63
2023-05-10 09:34:41,OP10005380,500ETF沽12月6750,0.0,0.0,0.0,0.0,20,0.6491,0.6554,10,0.6002,0.0,0.0,0.0,0.0,0.0,63
2023-05-10 09:34:44,OP10005380,500ETF沽12月6750,0.0,0.0,0.0,0.0,10,0.6497,0.6566,10,0.6002,0.0,0.0,0.0,0.0,0.0,63
2023-05-10 09:34:44,OP10005380,500ETF沽12月6750,0.0,0.0,0.0,0.0,10,0.6497,0.6568,20,0.6002,0.0,0.0,0.0,0.0,0.0,63
2023-05-10 09:34:44,OP10005380,500ETF沽12月6750,0.0,0.0,0.0,0.0,10,0.6497,0.6568,10,0.6002,0.0,0.0,0.0,0.0,0.0,63
2023-05-10 09:34:44,OP10005380,500ETF沽12月6750,0.0,0.0,0.0,0.0,20,0.6497,0.6568,10,0.6002,0.0,0.0,0.0,0.0,0.0,63
2023-05-10 09:34:47,OP10005380,500ETF沽12月6750,0.0,0.0,0.0,0.0,10,0.6497,0.6568,10,0.6002,0.0,0.0,0.0,0.0,0.0,63
2023-05-10 09:34:47,OP10005380,500ETF沽12月6750,0.0,0.0,0.0,0.0,10,0.6497,0.6568,20,0.6002,0.0,0.0,0.0,0.0,0.0,63
2023-05-10 09:34:47,OP10005380,500ETF沽12月6750,0.0,0.0,0.0,0.0,10,0.6497,0.6568,10,0.6002,0.0,0.0,0.0,0.0,0.0,63
2023-05-10 09:34:50,OP10005380,500ETF沽12月6750,0.0,0.0,0.0,0.0,10,0.6496,0.6555,10,0.6002,0.0,0.0,0.0,0.0,0.0,63
2023-05-10 09:34:50,OP10005380,500ETF沽12月6750,0.0,0.0,0.0,0.0,30,0.6491,0.6555,30,0.6002,0.0,0.0,0.0,0.0,0.0,63
2023-05-10 09:34:50,OP10005380,500ETF沽12月6750,0.0,0.0,0.0,0.0,20,0.6491,0.6555,40,0.6002,0.0,0.0,0.0,0.0,0.0,63
2023-05-10 09:34:50,OP10005380,500ETF沽12月6750,0.0,0.0,0.0,0.0,20,0.6491,0.6555,40,0.6002,0.0,0.0,0.0,0.0,0.0,63
2023-05-10 09:34:50,OP10005380,500ETF沽12月6750,0.0,0.0,0.0,0.0,20,0.6491,0.6555,40,0.6002,0.0,0.0,0.0,0.0,0.0,63
2023-05-10 09:34:53,OP10005380,500ETF沽12月6750,0.0,0.0,0.0,0.0,20,0.6491,0.6555,40,0.6002,0.0,0.0,0.0,0.0,0.0,63
2023-05-10 09:34:53,OP10005380,500ETF沽12月6750,0.0,0.0,0.0,0.0,20,0.6491,0.6555,40,0.6002,0.0,0.0,0.0,0.0,0.0,63
2023-05-10 09:34:56,OP10005380,500ETF沽12月6750,0.0,0.0,0.0,0.0,20,0.6491,0.6555,40,0.6002,0.0,0.0,0.0,0.0,0.0,63
2023-05-10 09:34:56,OP10005380,500ETF沽12月6750,0.0,0.0,0.0,0.0,20,0.6491,0.6555,40,0.6002,0.0,0.0,0.0,0.0,0.0,63
2023-05-10 09:34:56,OP10005380,500ETF沽12月6750,0.0,0.0,0.0,0.0,20,0.6491,0.6555,40,0.6002,0.0,0.0,0.0,0.0,0.0,63
2023-05-10 09:34:56,OP10005380,500ETF沽12月6750,0.0,0.0,0.0,0.0,20,0.6491,0.6555,40,0.6002,0.0,0.0,0.0,0.0,0.0,63
2023-05-10 09:34:59,OP10005380,500ETF沽12月6750,0.0,0.0,0.0,0.0,20,0.6491,0.6555,30,0.6002,0.0,0.0,0.0,0.0,0.0,63
2023-05-10 09:34:59,OP10005380,500ETF沽12月6750,0.0,0.0,0.0,0.0,20,0.6491,0.654,10,0.6002,0.0,0.0,0.0,0.0,0.0,63
2023-05-10 09:34:59,OP10005380,500ETF沽12月6750,0.0,0.0,0.0,0.0,40,0.6483,0.654,10,0.6002,0.0,0.0,0.0,0.0,0.0,63
2023-05-10 09:34:59,OP10005380,500ETF沽12月6750,0.0,0.0,0.0,0.0,40,0.6483,0.6555,20,0.6002,0.0,0.0,0.0,0.0,0.0,63
2023-05-10 09:35:02,OP10005380,500ETF沽12月6750,0.0,0.0,0.0,0.0,40,0.6483,0.6553,10,0.6002,0.0,0.0,0.0,0.0,0.0,63
2023-05-10 09:35:02,OP10005380,500ETF沽12月6750,0.0,0.0,0.0,0.0,40,0.6483,0.6553,10,0.6002,0.0,0.0,0.0,0.0,0.0,63
2023-05-10 09:35:02,OP10005380,500ETF沽12月6750,0.0,0.0,0.0,0.0,40,0.6483,0.6553,10,0.6002,0.0,0.0,0.0,0.0,0.0,63
2023-05-10 09:35:02,OP10005380,500ETF沽12月6750,0.0,0.0,0.0,0.0,10,0.6489,0.6553,10,0.6002,0.0,0.0,0.0,0.0,0.0,63
2023-05-10 09:35:02,OP10005380,500ETF沽12月6750,0.0,0.0,0.0,0.0,10,0.6489,0.6553,10,0.6002,0.0,0.0,0.0,0.0,0.0,63
2023-05-10 09:35:05,OP10005380,500ETF沽12月6750,0.0,0.0,0.0,0.0,10,0.6489,0.6553,10,0.6002,0.0,0.0,0.0,0.0,0.0,63
2023-05-10 09:35:08,OP10005380,500ETF沽12月6750,0.0,0.0,0.0,0.0,40,0.6483,0.6553,10,0.6002,0.0,0.0,0.0,0.0,0.0,63
2023-05-10 09:35:11,OP10005380,500ETF沽12月6750,0.0,0.0,0.0,0.0,40,0.6483,0.6553,10,0.6002,0.0,0.0,0.0,0.0,0.0,63
2023-05-10 09:35:11,OP10005380,500ETF沽12月6750,0.0,0.0,0.0,0.0,50,0.6483,0.6553,10,0.6002,0.0,0.0,0.0,0.0,0.0,63
2023-05-10 09:35:14,OP10005380,500ETF沽12月6750,0.0,0.0,0.0,0.0,50,0.6483,0.6553,10,0.6002,0.0,0.0,0.0,0.0,0.0,63
2023-05-10 09:35:17,OP10005380,500ETF沽12月6750,0.0,0.0,0.0,0.0,50,0.6483,0.6553,10,0.6002,0.0,0.0,0.0,0.0,0.0,63
2023-05-10 09:35:20,OP10005380,500ETF沽12月6750,0.0,0.0,0.0,0.0,50,0.6483,0.6553,10,0.6002,0.0,0.0,0.0,0.0,0.0,63
2023-05-10 09:35:23,OP10005380,500ETF沽12月6750,0.0,0.0,0.0,0.0,40,0.6483,0.6553,10,0.6002,0.0,0.0,0.0,0.0,0.0,63
2023-05-10 09:35:26,OP10005380,500ETF沽12月6750,0.0,0.0,0.0,0.0,40,0.6483,0.6553,10,0.6002,0.0,0.0,0.0,0.0,0.0,63
2023-05-10 09:35:26,OP10005380,500ETF沽12月6750,0.0,0.0,0.0,0.0,40,0.6483,0.6553,10,0.6002,0.0,0.0,0.0,0.0,0.0,63
2023-05-10 09:35:26,OP10005380,500ETF沽12月6750,0.0,0.0,0.0,0.0,40,0.6483,0.6553,10,0.6002,0.0,0.0,0.0,0.0,0.0,63
2023-05-10 09:35:26,OP10005380,500ETF沽12月6750,0.0,0.0,0.0,0.0,40,0.6483,0.6553,10,0.6002,0.0,0.0,0.0,0.0,0.0,63
2023-05-10 09:35:32,OP10005380,500ETF沽12月6750,0.0,0.0,0.0,0.0,40,0.6483,0.6553,10,0.6002,0.0,0.0,0.0,0.0,0.0,63
2023-05-10 09:35:32,OP10005380,500ETF沽12月6750,0.0,0.0,0.0,0.0,40,0.6483,0.6553,10,0.6002,0.0,0.0,0.0,0.0,0.0,63
2023-05-10 09:35:35,OP10005380,500ETF沽12月6750,0.0,0.0,0.0,0.0,40,0.6483,0.6553,10,0.6002,0.0,0.0,0.0,0.0,0.0,63
2023-05-10 09:35:41,OP10005380,500ETF沽12月6750,0.0,0.0,0.0,0.0,40,0.6483,0.6553,10,0.6002,0.0,0.0,0.0,0.0,0.0,63
2023-05-10 09:35:41,OP10005380,500ETF沽12月6750,0.0,0.0,0.0,0.0,50,0.6483,0.6553,10,0.6002,0.0,0.0,0.0,0.0,0.0,63
2023-05-10 09:35:44,OP10005380,500ETF沽12月6750,0.0,0.0,0.0,0.0,40,0.6483,0.6553,10,0.6002,0.0,0.0,0.0,0.0,0.0,63
2023-05-10 09:35:47,OP10005380,500ETF沽12月6750,0.0,0.0,0.0,0.0,40,0.6483,0.6553,10,0.6002,0.0,0.0,0.0,0.0,0.0,63
2023-05-10 09:35:59,OP10005380,500ETF沽12月6750,0.0,0.0,0.0,0.0,40,0.6483,0.654,10,0.6002,0.0,0.0,0.0,0.0,0.0,63
2023-05-10 09:35:59,OP10005380,500ETF沽12月6750,0.0,0.0,0.0,0.0,40,0.6483,0.654,10,0.6002,0.0,0.0,0.0,0.0,0.0,63
2023-05-10 09:35:59,OP10005380,500ETF沽12月6750,0.0,0.0,0.0,0.0,40,0.6483,0.654,10,0.6002,0.0,0.0,0.0,0.0,0.0,63
2023-05-10 09:36:02,OP10005380,500ETF沽12月6750,0.0,0.0,0.0,0.0,40,0.6483,0.654,10,0.6002,0.0,0.0,0.0,0.0,0.0,63
2023-05-10 09:36:02,OP10005380,500ETF沽12月6750,0.0,0.0,0.0,0.0,40,0.6483,0.654,10,0.6002,0.0,0.0,0.0,0.0,0.0,63
2023-05-10 09:36:05,OP10005380,500ETF沽12月6750,0.0,0.0,0.0,0.0,40,0.6483,0.654,10,0.6002,0.0,0.0,0.0,0.0,0.0,63
2023-05-10 09:36:05,OP10005380,500ETF沽12月6750,0.0,0.0,0.0,0.0,40,0.6483,0.654,10,0.6002,0.0,0.0,0.0,0.0,0.0,63
2023-05-10 09:36:05,OP10005380,500ETF沽12月6750,0.0,0.0,0.0,0.0,30,0.6483,0.654,10,0.6002,0.0,0.0,0.0,0.0,0.0,63
2023-05-10 09:36:05,OP10005380,500ETF沽12月6750,0.0,0.0,0.0,0.0,20,0.6483,0.654,10,0.6002,0.0,0.0,0.0,0.0,0.0,63
2023-05-10 09:36:05,OP10005380,500ETF沽12月6750,0.0,0.0,0.0,0.0,20,0.6475,0.654,10,0.6002,0.0,0.0,0.0,0.0,0.0,63
2023-05-10 09:36:05,OP10005380,500ETF沽12月6750,0.0,0.0,0.0,0.0,20,0.6475,0.654,10,0.6002,0.0,0.0,0.0,0.0,0.0,63
2023-05-10 09:36:08,OP10005380,500ETF沽12月6750,0.0,0.0,0.0,0.0,20,0.6475,0.6526,10,0.6002,0.0,0.0,0.0,0.0,0.0,63
2023-05-10 09:36:08,OP10005380,500ETF沽12月6750,0.0,0.0,0.0,0.0,20,0.6475,0.6526,10,0.6002,0.0,0.0,0.0,0.0,0.0,63
2023-05-10 09:36:08,OP10005380,500ETF沽12月6750,0.0,0.0,0.0,0.0,40,0.6468,0.6526,10,0.6002,0.0,0.0,0.0,0.0,0.0,63
2023-05-10 09:36:08,OP10005380,500ETF沽12月6750,0.0,0.0,0.0,0.0,40,0.6468,0.6526,10,0.6002,0.0,0.0,0.0,0.0,0.0,63
2023-05-10 09:36:08,OP10005380,500ETF沽12月6750,0.0,0.0,0.0,0.0,40,0.6468,0.6526,10,0.6002,0.0,0.0,0.0,0.0,0.0,63
2023-05-10 09:36:11,OP10005380,500ETF沽12月6750,0.0,0.0,0.0,0.0,30,0.6468,0.6526,10,0.6002,0.0,0.0,0.0,0.0,0.0,63
2023-05-10 09:36:11,OP10005380,500ETF沽12月6750,0.0,0.0,0.0,0.0,20,0.6468,0.6526,10,0.6002,0.0,0.0,0.0,0.0,0.0,63
2023-05-10 09:36:11,OP10005380,500ETF沽12月6750,0.0,0.0,0.0,0.0,20,0.6468,0.6526,10,0.6002,0.0,0.0,0.0,0.0,0.0,63
2023-05-10 09:36:11,OP10005380,500ETF沽12月6750,0.0,0.0,0.0,0.0,20,0.6468,0.6526,10,0.6002,0.0,0.0,0.0,0.0,0.0,63
2023-05-10 09:36:11,OP10005380,500ETF沽12月6750,0.0,0.0,0.0,0.0,20,0.6468,0.6526,10,0.6002,0.0,0.0,0.0,0.0,0.0,63
2023-05-10 09:36:14,OP10005380,500ETF沽12月6750,0.0,0.0,0.0,0.0,20,0.6468,0.6526,10,0.6002,0.0,0.0,0.0,0.0,0.0,63
2023-05-10 09:36:14,OP10005380,500ETF沽12月6750,0.0,0.0,0.0,0.0,20,0.6468,0.6526,10,0.6002,0.0,0.0,0.0,0.0,0.0,63
2023-05-10 09:36:17,OP10005380,500ETF沽12月6750,0.0,0.0,0.0,0.0,20,0.6468,0.6526,10,0.6002,0.0,0.0,0.0,0.0,0.0,63
2023-05-10 09:36:17,OP10005380,500ETF沽12月6750,0.0,0.0,0.0,0.0,20,0.6468,0.6526,10,0.6002,0.0,0.0,0.0,0.0,0.0,63
2023-05-10 09:36:20,OP10005380,500ETF沽12月6750,0.0,0.0,0.0,0.0,20,0.6468,0.6526,10,0.6002,0.0,0.0,0.0,0.0,0.0,63
2023-05-10 09:36:20,OP10005380,500ETF沽12月6750,0.0,0.0,0.0,0.0,20,0.6468,0.6526,10,0.6002,0.0,0.0,0.0,0.0,0.0,63
2023-05-10 09:36:20,OP10005380,500ETF沽12月6750,0.0,0.0,0.0,0.0,20,0.6468,0.6527,20,0.6002,0.0,0.0,0.0,0.0,0.0,63
2023-05-10 09:36:20,OP10005380,500ETF沽12月6750,0.0,0.0,0.0,0.0,20,0.6468,0.6513,10,0.6002,0.0,0.0,0.0,0.0,0.0,63
2023-05-10 09:36:20,OP10005380,500ETF沽12月6750,0.0,0.0,0.0,0.0,40,0.6453,0.6513,10,0.6002,0.0,0.0,0.0,0.0,0.0,63
2023-05-10 09:36:20,OP10005380,500ETF沽12月6750,0.0,0.0,0.0,0.0,30,0.6453,0.6513,10,0.6002,0.0,0.0,0.0,0.0,0.0,63
2023-05-10 09:36:20,OP10005380,500ETF沽12月6750,0.0,0.0,0.0,0.0,20,0.6453,0.6513,10,0.6002,0.0,0.0,0.0,0.0,0.0,63
2023-05-10 09:36:23,OP10005380,500ETF沽12月6750,0.0,0.0,0.0,0.0,20,0.6453,0.6513,30,0.6002,0.0,0.0,0.0,0.0,0.0,63
2023-05-10 09:36:23,OP10005380,500ETF沽12月6750,0.0,0.0,0.0,0.0,30,0.6446,0.6513,30,0.6002,0.0,0.0,0.0,0.0,0.0,63
2023-05-10 09:36:23,OP10005380,500ETF沽12月6750,0.0,0.0,0.0,0.0,30,0.6446,0.6513,30,0.6002,0.0,0.0,0.0,0.0,0.0,63
2023-05-10 09:36:23,OP10005380,500ETF沽12月6750,0.0,0.0,0.0,0.0,30,0.6446,0.6513,10,0.6002,0.0,0.0,0.0,0.0,0.0,63
2023-05-10 09:36:26,OP10005380,500ETF沽12月6750,0.0,0.0,0.0,0.0,40,0.6446,0.6513,10,0.6002,0.0,0.0,0.0,0.0,0.0,63
2023-05-10 09:36:26,OP10005380,500ETF沽12月6750,0.0,0.0,0.0,0.0,40,0.6446,0.6513,10,0.6002,0.0,0.0,0.0,0.0,0.0,63
2023-05-10 09:36:26,OP10005380,500ETF沽12月6750,0.0,0.0,0.0,0.0,40,0.6446,0.6513,10,0.6002,0.0,0.0,0.0,0.0,0.0,63
2023-05-10 09:36:26,OP10005380,500ETF沽12月6750,0.0,0.0,0.0,0.0,40,0.6446,0.6513,10,0.6002,0.0,0.0,0.0,0.0,0.0,63
2023-05-10 09:36:29,OP10005380,500ETF沽12月6750,0.0,0.0,0.0,0.0,40,0.6446,0.6513,10,0.6002,0.0,0.0,0.0,0.0,0.0,63
2023-05-10 09:36:29,OP10005380,500ETF沽12月6750,0.0,0.0,0.0,0.0,40,0.6446,0.6513,10,0.6002,0.0,0.0,0.0,0.0,0.0,63
2023-05-10 09:36:29,OP10005380,500ETF沽12月6750,0.0,0.0,0.0,0.0,40,0.6446,0.6513,10,0.6002,0.0,0.0,0.0,0.0,0.0,63
2023-05-10 09:36:29,OP10005380,500ETF沽12月6750,0.0,0.0,0.0,0.0,40,0.6446,0.6513,10,0.6002,0.0,0.0,0.0,0.0,0.0,63
2023-05-10 09:36:29,OP10005380,500ETF沽12月6750,0.0,0.0,0.0,0.0,40,0.6446,0.6513,10,0.6002,0.0,0.0,0.0,0.0,0.0,63
2023-05-10 09:36:29,OP10005380,500ETF沽12月6750,0.0,0.0,0.0,0.0,40,0.6446,0.6513,10,0.6002,0.0,0.0,0.0,0.0,0.0,63
2023-05-10 09:36:32,OP10005380,500ETF沽12月6750,0.0,0.0,0.0,0.0,40,0.6446,0.6513,10,0.6002,0.0,0.0,0.0,0.0,0.0,63
2023-05-10 09:36:32,OP10005380,500ETF沽12月6750,0.0,0.0,0.0,0.0,40,0.6446,0.6513,10,0.6002,0.0,0.0,0.0,0.0,0.0,63
2023-05-10 09:36:32,OP10005380,500ETF沽12月6750,0.0,0.0,0.0,0.0,40,0.6446,0.6513,10,0.6002,0.0,0.0,0.0,0.0,0.0,63
2023-05-10 09:36:32,OP10005380,500ETF沽12月6750,0.0,0.0,0.0,0.0,40,0.6446,0.6513,30,0.6002,0.0,0.0,0.0,0.0,0.0,63
2023-05-10 09:36:32,OP10005380,500ETF沽12月6750,0.0,0.0,0.0,0.0,40,0.6446,0.6513,30,0.6002,0.0,0.0,0.0,0.0,0.0,63
2023-05-10 09:36:35,OP10005380,500ETF沽12月6750,0.0,0.0,0.0,0.0,50,0.6446,0.6513,30,0.6002,0.0,0.0,0.0,0.0,0.0,63
2023-05-10 09:36:35,OP10005380,500ETF沽12月6750,0.0,0.0,0.0,0.0,40,0.6446,0.6513,10,0.6002,0.0,0.0,0.0,0.0,0.0,63
2023-05-10 09:36:35,OP10005380,500ETF沽12月6750,0.0,0.0,0.0,0.0,40,0.6446,0.6513,10,0.6002,0.0,0.0,0.0,0.0,0.0,63
2023-05-10 09:36:38,OP10005380,500ETF沽12月6750,0.0,0.0,0.0,0.0,40,0.6446,0.6513,10,0.6002,0.0,0.0,0.0,0.0,0.0,63
2023-05-10 09:36:38,OP10005380,500ETF沽12月6750,0.0,0.0,0.0,0.0,50,0.6446,0.6513,10,0.6002,0.0,0.0,0.0,0.0,0.0,63
2023-05-10 09:36:41,OP10005380,500ETF沽12月6750,0.0,0.0,0.0,0.0,40,0.6446,0.6513,10,0.6002,0.0,0.0,0.0,0.0,0.0,63
2023-05-10 09:36:41,OP10005380,500ETF沽12月6750,0.0,0.0,0.0,0.0,50,0.6446,0.6513,10,0.6002,0.0,0.0,0.0,0.0,0.0,63
2023-05-10 09:36:47,OP10005380,500ETF沽12月6750,0.0,0.0,0.0,0.0,60,0.6446,0.6513,10,0.6002,0.0,0.0,0.0,0.0,0.0,63
2023-05-10 09:36:47,OP10005380,500ETF沽12月6750,0.0,0.0,0.0,0.0,50,0.6446,0.6513,10,0.6002,0.0,0.0,0.0,0.0,0.0,63
2023-05-10 09:36:50,OP10005380,500ETF沽12月6750,0.0,0.0,0.0,0.0,50,0.6446,0.6513,20,0.6002,0.0,0.0,0.0,0.0,0.0,63
2023-05-10 09:36:50,OP10005380,500ETF沽12月6750,0.0,0.0,0.0,0.0,50,0.6446,0.6513,10,0.6002,0.0,0.0,0.0,0.0,0.0,63
2023-05-10 09:36:50,OP10005380,500ETF沽12月6750,0.0,0.0,0.0,0.0,50,0.6446,0.6513,10,0.6002,0.0,0.0,0.0,0.0,0.0,63
2023-05-10 09:36:53,OP10005380,500ETF沽12月6750,0.0,0.0,0.0,0.0,50,0.6446,0.6502,10,0.6002,0.0,0.0,0.0,0.0,0.0,63
2023-05-10 09:36:53,OP10005380,500ETF沽12月6750,0.0,0.0,0.0,0.0,50,0.6446,0.6502,10,0.6002,0.0,0.0,0.0,0.0,0.0,63
2023-05-10 09:36:53,OP10005380,500ETF沽12月6750,0.0,0.0,0.0,0.0,40,0.6446,0.6502,10,0.6002,0.0,0.0,0.0,0.0,0.0,63
2023-05-10 09:36:53,OP10005380,500ETF沽12月6750,0.0,0.0,0.0,0.0,30,0.6446,0.6502,10,0.6002,0.0,0.0,0.0,0.0,0.0,63
2023-05-10 09:36:53,OP10005380,500ETF沽12月6750,0.0,0.0,0.0,0.0,20,0.6446,0.6489,10,0.6002,0.0,0.0,0.0,0.0,0.0,63
2023-05-10 09:36:56,OP10005380,500ETF沽12月6750,0.0,0.0,0.0,0.0,20,0.6446,0.6489,10,0.6002,0.0,0.0,0.0,0.0,0.0,63
2023-05-10 09:36:56,OP10005380,500ETF沽12月6750,0.0,0.0,0.0,0.0,20,0.6446,0.6489,10,0.6002,0.0,0.0,0.0,0.0,0.0,63
2023-05-10 09:36:56,OP10005380,500ETF沽12月6750,0.0,0.0,0.0,0.0,20,0.6446,0.6489,10,0.6002,0.0,0.0,0.0,0.0,0.0,63
2023-05-10 09:36:56,OP10005380,500ETF沽12月6750,0.0,0.0,0.0,0.0,20,0.6446,0.6489,10,0.6002,0.0,0.0,0.0,0.0,0.0,63
2023-05-10 09:36:59,OP10005380,500ETF沽12月6750,0.0,0.0,0.0,0.0,20,0.6446,0.6504,20,0.6002,0.0,0.0,0.0,0.0,0.0,63
2023-05-10 09:36:59,OP10005380,500ETF沽12月6750,0.0,0.0,0.0,0.0,20,0.6446,0.6505,10,0.6002,0.0,0.0,0.0,0.0,0.0,63
2023-05-10 09:36:59,OP10005380,500ETF沽12月6750,0.0,0.0,0.0,0.0,20,0.6446,0.6505,10,0.6002,0.0,0.0,0.0,0.0,0.0,63
2023-05-10 09:36:59,OP10005380,500ETF沽12月6750,0.0,0.0,0.0,0.0,10,0.6447,0.651,10,0.6002,0.0,0.0,0.0,0.0,0.0,63
2023-05-10 09:36:59,OP10005380,500ETF沽12月6750,0.0,0.0,0.0,0.0,10,0.6447,0.6511,10,0.6002,0.0,0.0,0.0,0.0,0.0,63
2023-05-10 09:37:02,OP10005380,500ETF沽12月6750,0.0,0.0,0.0,0.0,10,0.6447,0.6518,10,0.6002,0.0,0.0,0.0,0.0,0.0,63
2023-05-10 09:37:02,OP10005380,500ETF沽12月6750,0.0,0.0,0.0,0.0,20,0.6447,0.6518,10,0.6002,0.0,0.0,0.0,0.0,0.0,63
2023-05-10 09:37:02,OP10005380,500ETF沽12月6750,0.0,0.0,0.0,0.0,20,0.6447,0.6518,10,0.6002,0.0,0.0,0.0,0.0,0.0,63
2023-05-10 09:37:02,OP10005380,500ETF沽12月6750,0.0,0.0,0.0,0.0,20,0.6447,0.6518,20,0.6002,0.0,0.0,0.0,0.0,0.0,63
2023-05-10 09:37:05,OP10005380,500ETF沽12月6750,0.0,0.0,0.0,0.0,10,0.646,0.6522,10,0.6002,0.0,0.0,0.0,0.0,0.0,63
2023-05-10 09:37:05,OP10005380,500ETF沽12月6750,0.0,0.0,0.0,0.0,30,0.646,0.6524,10,0.6002,0.0,0.0,0.0,0.0,0.0,63
2023-05-10 09:37:05,OP10005380,500ETF沽12月6750,0.0,0.0,0.0,0.0,40,0.646,0.6524,10,0.6002,0.0,0.0,0.0,0.0,0.0,63
2023-05-10 09:37:05,OP10005380,500ETF沽12月6750,0.0,0.0,0.0,0.0,50,0.646,0.6524,10,0.6002,0.0,0.0,0.0,0.0,0.0,63
2023-05-10 09:37:05,OP10005380,500ETF沽12月6750,0.0,0.0,0.0,0.0,40,0.646,0.6524,10,0.6002,0.0,0.0,0.0,0.0,0.0,63
2023-05-10 09:37:08,OP10005380,500ETF沽12月6750,0.0,0.0,0.0,0.0,40,0.646,0.6524,10,0.6002,0.0,0.0,0.0,0.0,0.0,63
2023-05-10 09:37:08,OP10005380,500ETF沽12月6750,0.0,0.0,0.0,0.0,30,0.646,0.6515,10,0.6002,0.0,0.0,0.0,0.0,0.0,63
2023-05-10 09:37:08,OP10005380,500ETF沽12月6750,0.0,0.0,0.0,0.0,30,0.646,0.6515,10,0.6002,0.0,0.0,0.0,0.0,0.0,63
2023-05-10 09:37:08,OP10005380,500ETF沽12月6750,0.0,0.0,0.0,0.0,20,0.646,0.6515,10,0.6002,0.0,0.0,0.0,0.0,0.0,63
2023-05-10 09:37:11,OP10005380,500ETF沽12月6750,0.0,0.0,0.0,0.0,20,0.646,0.6515,10,0.6002,0.0,0.0,0.0,0.0,0.0,63
2023-05-10 09:37:11,OP10005380,500ETF沽12月6750,0.0,0.0,0.0,0.0,20,0.646,0.6502,10,0.6002,0.0,0.0,0.0,0.0,0.0,63
2023-05-10 09:37:11,OP10005380,500ETF沽12月6750,0.0,0.0,0.0,0.0,20,0.646,0.6502,10,0.6002,0.0,0.0,0.0,0.0,0.0,63
2023-05-10 09:37:11,OP10005380,500ETF沽12月6750,0.0,0.0,0.0,0.0,30,0.6453,0.6502,10,0.6002,0.0,0.0,0.0,0.0,0.0,63
2023-05-10 09:37:14,OP10005380,500ETF沽12月6750,0.0,0.0,0.0,0.0,30,0.6453,0.6515,10,0.6002,0.0,0.0,0.0,0.0,0.0,63
2023-05-10 09:37:17,OP10005380,500ETF沽12月6750,0.0,0.0,0.0,0.0,30,0.6453,0.6515,10,0.6002,0.0,0.0,0.0,0.0,0.0,63
2023-05-10 09:37:20,OP10005380,500ETF沽12月6750,0.0,0.0,0.0,0.0,30,0.6453,0.6515,10,0.6002,0.0,0.0,0.0,0.0,0.0,63
2023-05-10 09:37:20,OP10005380,500ETF沽12月6750,0.0,0.0,0.0,0.0,30,0.6453,0.6515,10,0.6002,0.0,0.0,0.0,0.0,0.0,63
2023-05-10 09:37:23,OP10005380,500ETF沽12月6750,0.0,0.0,0.0,0.0,30,0.6453,0.6515,10,0.6002,0.0,0.0,0.0,0.0,0.0,63
2023-05-10 09:37:23,OP10005380,500ETF沽12月6750,0.0,0.0,0.0,0.0,30,0.6453,0.6515,10,0.6002,0.0,0.0,0.0,0.0,0.0,63
2023-05-10 09:37:26,OP10005380,500ETF沽12月6750,0.0,0.0,0.0,0.0,30,0.6453,0.6515,10,0.6002,0.0,0.0,0.0,0.0,0.0,63
2023-05-10 09:37:26,OP10005380,500ETF沽12月6750,0.0,0.0,0.0,0.0,30,0.6453,0.6515,10,0.6002,0.0,0.0,0.0,0.0,0.0,63
2023-05-10 09:37:32,OP10005380,500ETF沽12月6750,0.0,0.0,0.0,0.0,30,0.6453,0.6515,10,0.6002,0.0,0.0,0.0,0.0,0.0,63
2023-05-10 09:37:32,OP10005380,500ETF沽12月6750,0.0,0.0,0.0,0.0,30,0.6453,0.6515,10,0.6002,0.0,0.0,0.0,0.0,0.0,63
2023-05-10 09:37:32,OP10005380,500ETF沽12月6750,0.0,0.0,0.0,0.0,30,0.6453,0.6515,10,0.6002,0.0,0.0,0.0,0.0,0.0,63
2023-05-10 09:37:35,OP10005380,500ETF沽12月6750,0.0,0.0,0.0,0.0,10,0.6461,0.6524,10,0.6002,0.0,0.0,0.0,0.0,0.0,63
2023-05-10 09:37:35,OP10005380,500ETF沽12月6750,0.0,0.0,0.0,0.0,40,0.6461,0.6524,10,0.6002,0.0,0.0,0.0,0.0,0.0,63
2023-05-10 09:37:35,OP10005380,500ETF沽12月6750,0.0,0.0,0.0,0.0,50,0.6461,0.6524,10,0.6002,0.0,0.0,0.0,0.0,0.0,63
2023-05-10 09:37:44,OP10005380,500ETF沽12月6750,0.0,0.0,0.0,0.0,40,0.6461,0.6514,10,0.6002,0.0,0.0,0.0,0.0,0.0,63
2023-05-10 09:37:44,OP10005380,500ETF沽12月6750,0.0,0.0,0.0,0.0,40,0.6461,0.6514,10,0.6002,0.0,0.0,0.0,0.0,0.0,63
2023-05-10 09:37:47,OP10005380,500ETF沽12月6750,0.0,0.0,0.0,0.0,40,0.6461,0.6514,10,0.6002,0.0,0.0,0.0,0.0,0.0,63
2023-05-10 09:37:50,OP10005380,500ETF沽12月6750,0.0,0.0,0.0,0.0,50,0.6461,0.6524,10,0.6002,0.0,0.0,0.0,0.0,0.0,63
2023-05-10 09:37:50,OP10005380,500ETF沽12月6750,0.0,0.0,0.0,0.0,50,0.6461,0.6524,20,0.6002,0.0,0.0,0.0,0.0,0.0,63
2023-05-10 09:37:50,OP10005380,500ETF沽12月6750,0.0,0.0,0.0,0.0,50,0.6461,0.6524,10,0.6002,0.0,0.0,0.0,0.0,0.0,63
2023-05-10 09:37:53,OP10005380,500ETF沽12月6750,0.0,0.0,0.0,0.0,50,0.6461,0.6524,10,0.6002,0.0,0.0,0.0,0.0,0.0,63
2023-05-10 09:37:53,OP10005380,500ETF沽12月6750,0.0,0.0,0.0,0.0,50,0.6461,0.6524,10,0.6002,0.0,0.0,0.0,0.0,0.0,63
2023-05-10 09:37:56,OP10005380,500ETF沽12月6750,0.0,0.0,0.0,0.0,40,0.6461,0.6513,10,0.6002,0.0,0.0,0.0,0.0,0.0,63
2023-05-10 09:37:56,OP10005380,500ETF沽12月6750,0.0,0.0,0.0,0.0,40,0.6461,0.6513,10,0.6002,0.0,0.0,0.0,0.0,0.0,63
2023-05-10 09:37:56,OP10005380,500ETF沽12月6750,0.0,0.0,0.0,0.0,40,0.6461,0.6513,10,0.6002,0.0,0.0,0.0,0.0,0.0,63
2023-05-10 09:37:59,OP10005380,500ETF沽12月6750,0.0,0.0,0.0,0.0,40,0.6461,0.6513,10,0.6002,0.0,0.0,0.0,0.0,0.0,63
2023-05-10 09:37:59,OP10005380,500ETF沽12月6750,0.0,0.0,0.0,0.0,40,0.6461,0.6513,10,0.6002,0.0,0.0,0.0,0.0,0.0,63
2023-05-10 09:37:59,OP10005380,500ETF沽12月6750,0.0,0.0,0.0,0.0,40,0.6461,0.6513,10,0.6002,0.0,0.0,0.0,0.0,0.0,63
2023-05-10 09:38:02,OP10005380,500ETF沽12月6750,0.0,0.0,0.0,0.0,40,0.6461,0.6513,10,0.6002,0.0,0.0,0.0,0.0,0.0,63
2023-05-10 09:38:05,OP10005380,500ETF沽12月6750,0.0,0.0,0.0,0.0,40,0.6461,0.6513,10,0.6002,0.0,0.0,0.0,0.0,0.0,63
2023-05-10 09:38:05,OP10005380,500ETF沽12月6750,0.0,0.0,0.0,0.0,40,0.6461,0.6513,10,0.6002,0.0,0.0,0.0,0.0,0.0,63
2023-05-10 09:38:08,OP10005380,500ETF沽12月6750,0.0,0.0,0.0,0.0,40,0.6461,0.6524,10,0.6002,0.0,0.0,0.0,0.0,0.0,63
2023-05-10 09:38:08,OP10005380,500ETF沽12月6750,0.0,0.0,0.0,0.0,40,0.6461,0.6524,10,0.6002,0.0,0.0,0.0,0.0,0.0,63
2023-05-10 09:38:08,OP10005380,500ETF沽12月6750,0.0,0.0,0.0,0.0,40,0.6461,0.6524,10,0.6002,0.0,0.0,0.0,0.0,0.0,63
2023-05-10 09:38:08,OP10005380,500ETF沽12月6750,0.0,0.0,0.0,0.0,40,0.6461,0.6524,10,0.6002,0.0,0.0,0.0,0.0,0.0,63
2023-05-10 09:38:08,OP10005380,500ETF沽12月6750,0.0,0.0,0.0,0.0,40,0.6461,0.6524,10,0.6002,0.0,0.0,0.0,0.0,0.0,63
2023-05-10 09:38:08,OP10005380,500ETF沽12月6750,0.0,0.0,0.0,0.0,40,0.6461,0.6524,10,0.6002,0.0,0.0,0.0,0.0,0.0,63
2023-05-10 09:38:11,OP10005380,500ETF沽12月6750,0.0,0.0,0.0,0.0,40,0.6461,0.6513,10,0.6002,0.0,0.0,0.0,0.0,0.0,63
2023-05-10 09:38:11,OP10005380,500ETF沽12月6750,0.0,0.0,0.0,0.0,40,0.6461,0.6513,10,0.6002,0.0,0.0,0.0,0.0,0.0,63
2023-05-10 09:38:11,OP10005380,500ETF沽12月6750,0.0,0.0,0.0,0.0,40,0.6461,0.6513,10,0.6002,0.0,0.0,0.0,0.0,0.0,63
2023-05-10 09:38:11,OP10005380,500ETF沽12月6750,0.0,0.0,0.0,0.0,40,0.6461,0.6513,10,0.6002,0.0,0.0,0.0,0.0,0.0,63
2023-05-10 09:38:14,OP10005380,500ETF沽12月6750,0.0,0.0,0.0,0.0,40,0.6461,0.6513,10,0.6002,0.0,0.0,0.0,0.0,0.0,63
2023-05-10 09:38:14,OP10005380,500ETF沽12月6750,0.0,0.0,0.0,0.0,30,0.6461,0.6513,10,0.6002,0.0,0.0,0.0,0.0,0.0,63
2023-05-10 09:38:14,OP10005380,500ETF沽12月6750,0.0,0.0,0.0,0.0,20,0.6461,0.6513,10,0.6002,0.0,0.0,0.0,0.0,0.0,63
2023-05-10 09:38:17,OP10005380,500ETF沽12月6750,0.0,0.0,0.0,0.0,20,0.6461,0.6513,10,0.6002,0.0,0.0,0.0,0.0,0.0,63
2023-05-10 09:38:17,OP10005380,500ETF沽12月6750,0.0,0.0,0.0,0.0,20,0.6461,0.6513,10,0.6002,0.0,0.0,0.0,0.0,0.0,63
2023-05-10 09:38:20,OP10005380,500ETF沽12月6750,0.0,0.0,0.0,0.0,20,0.6461,0.6524,10,0.6002,0.0,0.0,0.0,0.0,0.0,63
2023-05-10 09:38:20,OP10005380,500ETF沽12月6750,0.0,0.0,0.0,0.0,20,0.6461,0.6524,10,0.6002,0.0,0.0,0.0,0.0,0.0,63
2023-05-10 09:38:20,OP10005380,500ETF沽12月6750,0.0,0.0,0.0,0.0,30,0.6461,0.6524,10,0.6002,0.0,0.0,0.0,0.0,0.0,63
2023-05-10 09:38:20,OP10005380,500ETF沽12月6750,0.0,0.0,0.0,0.0,40,0.6461,0.6524,10,0.6002,0.0,0.0,0.0,0.0,0.0,63
2023-05-10 09:38:26,OP10005380,500ETF沽12月6750,0.0,0.0,0.0,0.0,40,0.6461,0.6513,10,0.6002,0.0,0.0,0.0,0.0,0.0,63
2023-05-10 09:38:26,OP10005380,500ETF沽12月6750,0.0,0.0,0.0,0.0,40,0.6461,0.6513,10,0.6002,0.0,0.0,0.0,0.0,0.0,63
2023-05-10 09:38:26,OP10005380,500ETF沽12月6750,0.0,0.0,0.0,0.0,40,0.6461,0.651,10,0.6002,0.0,0.0,0.0,0.0,0.0,63
2023-05-10 09:38:26,OP10005380,500ETF沽12月6750,0.0,0.0,0.0,0.0,30,0.6461,0.651,10,0.6002,0.0,0.0,0.0,0.0,0.0,63
2023-05-10 09:38:26,OP10005380,500ETF沽12月6750,0.0,0.0,0.0,0.0,20,0.6461,0.651,10,0.6002,0.0,0.0,0.0,0.0,0.0,63
2023-05-10 09:38:29,OP10005380,500ETF沽12月6750,0.0,0.0,0.0,0.0,20,0.6461,0.651,10,0.6002,0.0,0.0,0.0,0.0,0.0,63
2023-05-10 09:38:29,OP10005380,500ETF沽12月6750,0.0,0.0,0.0,0.0,20,0.6461,0.651,10,0.6002,0.0,0.0,0.0,0.0,0.0,63
2023-05-10 09:38:29,OP10005380,500ETF沽12月6750,0.0,0.0,0.0,0.0,20,0.6461,0.651,10,0.6002,0.0,0.0,0.0,0.0,0.0,63
2023-05-10 09:38:32,OP10005380,500ETF沽12月6750,0.0,0.0,0.0,0.0,20,0.6461,0.651,10,0.6002,0.0,0.0,0.0,0.0,0.0,63
2023-05-10 09:38:32,OP10005380,500ETF沽12月6750,0.0,0.0,0.0,0.0,20,0.6461,0.651,10,0.6002,0.0,0.0,0.0,0.0,0.0,63
2023-05-10 09:38:32,OP10005380,500ETF沽12月6750,0.0,0.0,0.0,0.0,30,0.6461,0.651,10,0.6002,0.0,0.0,0.0,0.0,0.0,63
2023-05-10 09:38:32,OP10005380,500ETF沽12月6750,0.0,0.0,0.0,0.0,30,0.6461,0.651,10,0.6002,0.0,0.0,0.0,0.0,0.0,63
2023-05-10 09:38:35,OP10005380,500ETF沽12月6750,0.0,0.0,0.0,0.0,30,0.6461,0.6513,10,0.6002,0.0,0.0,0.0,0.0,0.0,63
2023-05-10 09:38:35,OP10005380,500ETF沽12月6750,0.0,0.0,0.0,0.0,30,0.6461,0.6513,10,0.6002,0.0,0.0,0.0,0.0,0.0,63
2023-05-10 09:38:38,OP10005380,500ETF沽12月6750,0.0,0.0,0.0,0.0,30,0.6461,0.6523,10,0.6002,0.0,0.0,0.0,0.0,0.0,63
2023-05-10 09:38:38,OP10005380,500ETF沽12月6750,0.0,0.0,0.0,0.0,30,0.6461,0.6523,10,0.6002,0.0,0.0,0.0,0.0,0.0,63
2023-05-10 09:38:38,OP10005380,500ETF沽12月6750,0.0,0.0,0.0,0.0,30,0.6461,0.6523,10,0.6002,0.0,0.0,0.0,0.0,0.0,63
2023-05-10 09:38:41,OP10005380,500ETF沽12月6750,0.0,0.0,0.0,0.0,30,0.6461,0.6523,10,0.6002,0.0,0.0,0.0,0.0,0.0,63
2023-05-10 09:38:41,OP10005380,500ETF沽12月6750,0.0,0.0,0.0,0.0,30,0.6461,0.6523,10,0.6002,0.0,0.0,0.0,0.0,0.0,63
2023-05-10 09:38:44,OP10005380,500ETF沽12月6750,0.0,0.0,0.0,0.0,30,0.6461,0.6523,10,0.6002,0.0,0.0,0.0,0.0,0.0,63
2023-05-10 09:38:44,OP10005380,500ETF沽12月6750,0.0,0.0,0.0,0.0,40,0.6461,0.6523,10,0.6002,0.0,0.0,0.0,0.0,0.0,63
2023-05-10 09:38:44,OP10005380,500ETF沽12月6750,0.0,0.0,0.0,0.0,30,0.6461,0.6523,10,0.6002,0.0,0.0,0.0,0.0,0.0,63
2023-05-10 09:38:44,OP10005380,500ETF沽12月6750,0.0,0.0,0.0,0.0,30,0.6461,0.6523,10,0.6002,0.0,0.0,0.0,0.0,0.0,63
2023-05-10 09:38:47,OP10005380,500ETF沽12月6750,0.0,0.0,0.0,0.0,30,0.6461,0.6523,10,0.6002,0.0,0.0,0.0,0.0,0.0,63
2023-05-10 09:38:47,OP10005380,500ETF沽12月6750,0.0,0.0,0.0,0.0,30,0.6461,0.6523,10,0.6002,0.0,0.0,0.0,0.0,0.0,63
2023-05-10 09:38:47,OP10005380,500ETF沽12月6750,0.0,0.0,0.0,0.0,30,0.6461,0.6523,10,0.6002,0.0,0.0,0.0,0.0,0.0,63
2023-05-10 09:38:50,OP10005380,500ETF沽12月6750,0.0,0.0,0.0,0.0,30,0.6461,0.6523,10,0.6002,0.0,0.0,0.0,0.0,0.0,63
2023-05-10 09:38:59,OP10005380,500ETF沽12月6750,0.0,0.0,0.0,0.0,30,0.6461,0.6523,20,0.6002,0.0,0.0,0.0,0.0,0.0,63
2023-05-10 09:38:59,OP10005380,500ETF沽12月6750,0.0,0.0,0.0,0.0,30,0.6461,0.6523,10,0.6002,0.0,0.0,0.0,0.0,0.0,63
2023-05-10 09:38:59,OP10005380,500ETF沽12月6750,0.0,0.0,0.0,0.0,30,0.6461,0.6523,10,0.6002,0.0,0.0,0.0,0.0,0.0,63
2023-05-10 09:39:02,OP10005380,500ETF沽12月6750,0.0,0.0,0.0,0.0,40,0.6461,0.6523,10,0.6002,0.0,0.0,0.0,0.0,0.0,63
2023-05-10 09:39:02,OP10005380,500ETF沽12月6750,0.0,0.0,0.0,0.0,40,0.6461,0.6523,10,0.6002,0.0,0.0,0.0,0.0,0.0,63
2023-05-10 09:39:02,OP10005380,500ETF沽12月6750,0.0,0.0,0.0,0.0,40,0.6461,0.6523,10,0.6002,0.0,0.0,0.0,0.0,0.0,63
2023-05-10 09:39:05,OP10005380,500ETF沽12月6750,0.0,0.0,0.0,0.0,30,0.6461,0.6523,10,0.6002,0.0,0.0,0.0,0.0,0.0,63
2023-05-10 09:39:05,OP10005380,500ETF沽12月6750,0.0,0.0,0.0,0.0,30,0.6461,0.6523,10,0.6002,0.0,0.0,0.0,0.0,0.0,63
2023-05-10 09:39:05,OP10005380,500ETF沽12月6750,0.0,0.0,0.0,0.0,30,0.6461,0.6523,10,0.6002,0.0,0.0,0.0,0.0,0.0,63
2023-05-10 09:39:05,OP10005380,500ETF沽12月6750,0.0,0.0,0.0,0.0,30,0.6461,0.6523,10,0.6002,0.0,0.0,0.0,0.0,0.0,63
2023-05-10 09:39:08,OP10005380,500ETF沽12月6750,0.0,0.0,0.0,0.0,30,0.6461,0.6523,10,0.6002,0.0,0.0,0.0,0.0,0.0,63
2023-05-10 09:39:08,OP10005380,500ETF沽12月6750,0.0,0.0,0.0,0.0,30,0.6461,0.6513,10,0.6002,0.0,0.0,0.0,0.0,0.0,63
2023-05-10 09:39:08,OP10005380,500ETF沽12月6750,0.0,0.0,0.0,0.0,30,0.6461,0.6513,10,0.6002,0.0,0.0,0.0,0.0,0.0,63
2023-05-10 09:39:08,OP10005380,500ETF沽12月6750,0.0,0.0,0.0,0.0,30,0.6461,0.6513,10,0.6002,0.0,0.0,0.0,0.0,0.0,63
2023-05-10 09:39:08,OP10005380,500ETF沽12月6750,0.0,0.0,0.0,0.0,30,0.6461,0.6513,10,0.6002,0.0,0.0,0.0,0.0,0.0,63
2023-05-10 09:39:11,OP10005380,500ETF沽12月6750,0.0,0.0,0.0,0.0,30,0.6461,0.6513,10,0.6002,0.0,0.0,0.0,0.0,0.0,63
2023-05-10 09:39:11,OP10005380,500ETF沽12月6750,0.0,0.0,0.0,0.0,30,0.6461,0.6513,10,0.6002,0.0,0.0,0.0,0.0,0.0,63
2023-05-10 09:39:11,OP10005380,500ETF沽12月6750,0.0,0.0,0.0,0.0,30,0.6461,0.6513,10,0.6002,0.0,0.0,0.0,0.0,0.0,63
2023-05-10 09:39:11,OP10005380,500ETF沽12月6750,0.0,0.0,0.0,0.0,30,0.6461,0.6513,30,0.6002,0.0,0.0,0.0,0.0,0.0,63
2023-05-10 09:39:11,OP10005380,500ETF沽12月6750,0.0,0.0,0.0,0.0,30,0.6461,0.6513,30,0.6002,0.0,0.0,0.0,0.0,0.0,63
2023-05-10 09:39:11,OP10005380,500ETF沽12月6750,0.0,0.0,0.0,0.0,30,0.6461,0.65,10,0.6002,0.0,0.0,0.0,0.0,0.0,63
2023-05-10 09:39:14,OP10005380,500ETF沽12月6750,0.0,0.0,0.0,0.0,30,0.6461,0.65,10,0.6002,0.0,0.0,0.0,0.0,0.0,63
2023-05-10 09:39:14,OP10005380,500ETF沽12月6750,0.0,0.0,0.0,0.0,30,0.6461,0.65,10,0.6002,0.0,0.0,0.0,0.0,0.0,63
2023-05-10 09:39:14,OP10005380,500ETF沽12月6750,0.0,0.0,0.0,0.0,30,0.6461,0.65,10,0.6002,0.0,0.0,0.0,0.0,0.0,63
2023-05-10 09:39:14,OP10005380,500ETF沽12月6750,0.0,0.0,0.0,0.0,20,0.6461,0.65,10,0.6002,0.0,0.0,0.0,0.0,0.0,63
2023-05-10 09:39:17,OP10005380,500ETF沽12月6750,0.0,0.0,0.0,0.0,20,0.6461,0.65,10,0.6002,0.0,0.0,0.0,0.0,0.0,63
2023-05-10 09:39:20,OP10005380,500ETF沽12月6750,0.0,0.0,0.0,0.0,20,0.6461,0.65,10,0.6002,0.0,0.0,0.0,0.0,0.0,63
2023-05-10 09:39:23,OP10005380,500ETF沽12月6750,0.0,0.0,0.0,0.0,20,0.6455,0.65,10,0.6002,0.0,0.0,0.0,0.0,0.0,63
2023-05-10 09:39:23,OP10005380,500ETF沽12月6750,0.0,0.0,0.0,0.0,10,0.6455,0.6487,10,0.6002,0.0,0.0,0.0,0.0,0.0,63
2023-05-10 09:39:23,OP10005380,500ETF沽12月6750,0.0,0.0,0.0,0.0,20,0.6453,0.6487,10,0.6002,0.0,0.0,0.0,0.0,0.0,63
2023-05-10 09:39:23,OP10005380,500ETF沽12月6750,0.0,0.0,0.0,0.0,20,0.6453,0.6487,10,0.6002,0.0,0.0,0.0,0.0,0.0,63
2023-05-10 09:39:23,OP10005380,500ETF沽12月6750,0.0,0.0,0.0,0.0,20,0.6453,0.6487,10,0.6002,0.0,0.0,0.0,0.0,0.0,63
2023-05-10 09:39:26,OP10005380,500ETF沽12月6750,0.0,0.0,0.0,0.0,20,0.6453,0.6487,10,0.6002,0.0,0.0,0.0,0.0,0.0,63
2023-05-10 09:39:26,OP10005380,500ETF沽12月6750,0.0,0.0,0.0,0.0,30,0.6446,0.6487,10,0.6002,0.0,0.0,0.0,0.0,0.0,63
2023-05-10 09:39:26,OP10005380,500ETF沽12月6750,0.0,0.0,0.0,0.0,20,0.6446,0.6487,10,0.6002,0.0,0.0,0.0,0.0,0.0,63
2023-05-10 09:39:26,OP10005380,500ETF沽12月6750,0.0,0.0,0.0,0.0,20,0.6446,0.6487,10,0.6002,0.0,0.0,0.0,0.0,0.0,63
2023-05-10 09:39:29,OP10005380,500ETF沽12月6750,0.0,0.0,0.0,0.0,20,0.6446,0.6474,10,0.6002,0.0,0.0,0.0,0.0,0.0,63
2023-05-10 09:39:29,OP10005380,500ETF沽12月6750,0.0,0.0,0.0,0.0,20,0.6446,0.6474,10,0.6002,0.0,0.0,0.0,0.0,0.0,63
2023-05-10 09:39:29,OP10005380,500ETF沽12月6750,0.0,0.0,0.0,0.0,20,0.6446,0.6474,10,0.6002,0.0,0.0,0.0,0.0,0.0,63
2023-05-10 09:39:29,OP10005380,500ETF沽12月6750,0.0,0.0,0.0,0.0,30,0.6437,0.6474,10,0.6002,0.0,0.0,0.0,0.0,0.0,63
2023-05-10 09:39:32,OP10005380,500ETF沽12月6750,0.0,0.0,0.0,0.0,30,0.6437,0.6474,10,0.6002,0.0,0.0,0.0,0.0,0.0,63
2023-05-10 09:39:32,OP10005380,500ETF沽12月6750,0.0,0.0,0.0,0.0,30,0.6437,0.6487,10,0.6002,0.0,0.0,0.0,0.0,0.0,63
2023-05-10 09:39:32,OP10005380,500ETF沽12月6750,0.0,0.0,0.0,0.0,30,0.6437,0.6487,10,0.6002,0.0,0.0,0.0,0.0,0.0,63
2023-05-10 09:39:35,OP10005380,500ETF沽12月6750,0.0,0.0,0.0,0.0,30,0.6437,0.6487,10,0.6002,0.0,0.0,0.0,0.0,0.0,63
2023-05-10 09:39:35,OP10005380,500ETF沽12月6750,0.0,0.0,0.0,0.0,30,0.6437,0.6487,10,0.6002,0.0,0.0,0.0,0.0,0.0,63
2023-05-10 09:39:38,OP10005380,500ETF沽12月6750,0.0,0.0,0.0,0.0,30,0.6437,0.6487,10,0.6002,0.0,0.0,0.0,0.0,0.0,63
2023-05-10 09:39:38,OP10005380,500ETF沽12月6750,0.0,0.0,0.0,0.0,30,0.6437,0.6487,10,0.6002,0.0,0.0,0.0,0.0,0.0,63
2023-05-10 09:39:41,OP10005380,500ETF沽12月6750,0.0,0.0,0.0,0.0,30,0.6437,0.6487,10,0.6002,0.0,0.0,0.0,0.0,0.0,63
2023-05-10 09:39:41,OP10005380,500ETF沽12月6750,0.0,0.0,0.0,0.0,20,0.6437,0.6487,10,0.6002,0.0,0.0,0.0,0.0,0.0,63
2023-05-10 09:39:41,OP10005380,500ETF沽12月6750,0.0,0.0,0.0,0.0,20,0.6437,0.6487,10,0.6002,0.0,0.0,0.0,0.0,0.0,63
2023-05-10 09:39:44,OP10005380,500ETF沽12月6750,0.0,0.0,0.0,0.0,20,0.6437,0.6487,10,0.6002,0.0,0.0,0.0,0.0,0.0,63
2023-05-10 09:39:50,OP10005380,500ETF沽12月6750,0.0,0.0,0.0,0.0,20,0.6437,0.6487,10,0.6002,0.0,0.0,0.0,0.0,0.0,63
2023-05-10 09:39:50,OP10005380,500ETF沽12月6750,0.0,0.0,0.0,0.0,20,0.6437,0.6487,10,0.6002,0.0,0.0,0.0,0.0,0.0,63
2023-05-10 09:39:53,OP10005380,500ETF沽12月6750,0.0,0.0,0.0,0.0,30,0.6437,0.6487,10,0.6002,0.0,0.0,0.0,0.0,0.0,63
2023-05-10 09:39:53,OP10005380,500ETF沽12月6750,0.0,0.0,0.0,0.0,30,0.6437,0.6487,10,0.6002,0.0,0.0,0.0,0.0,0.0,63
2023-05-10 09:39:53,OP10005380,500ETF沽12月6750,0.0,0.0,0.0,0.0,30,0.6437,0.6487,10,0.6002,0.0,0.0,0.0,0.0,0.0,63
2023-05-10 09:39:53,OP10005380,500ETF沽12月6750,0.0,0.0,0.0,0.0,30,0.6437,0.6487,10,0.6002,0.0,0.0,0.0,0.0,0.0,63
2023-05-10 09:39:53,OP10005380,500ETF沽12月6750,0.0,0.0,0.0,0.0,30,0.6437,0.6487,10,0.6002,0.0,0.0,0.0,0.0,0.0,63
2023-05-10 09:39:53,OP10005380,500ETF沽12月6750,0.0,0.0,0.0,0.0,30,0.6437,0.6487,10,0.6002,0.0,0.0,0.0,0.0,0.0,63
2023-05-10 09:39:56,OP10005380,500ETF沽12月6750,0.0,0.0,0.0,0.0,30,0.6437,0.6487,10,0.6002,0.0,0.0,0.0,0.0,0.0,63
2023-05-10 09:39:56,OP10005380,500ETF沽12月6750,0.0,0.0,0.0,0.0,30,0.6437,0.6487,10,0.6002,0.0,0.0,0.0,0.0,0.0,63
2023-05-10 09:39:59,OP10005380,500ETF沽12月6750,0.0,0.0,0.0,0.0,30,0.6437,0.6487,10,0.6002,0.0,0.0,0.0,0.0,0.0,63
2023-05-10 09:39:59,OP10005380,500ETF沽12月6750,0.0,0.0,0.0,0.0,30,0.6437,0.6487,10,0.6002,0.0,0.0,0.0,0.0,0.0,63
2023-05-10 09:40:02,OP10005380,500ETF沽12月6750,0.0,0.0,0.0,0.0,30,0.6437,0.6487,10,0.6002,0.0,0.0,0.0,0.0,0.0,63
2023-05-10 09:40:02,OP10005380,500ETF沽12月6750,0.0,0.0,0.0,0.0,30,0.6437,0.6498,10,0.6002,0.0,0.0,0.0,0.0,0.0,63
2023-05-10 09:40:05,OP10005380,500ETF沽12月6750,0.0,0.0,0.0,0.0,10,0.644,0.6505,10,0.6002,0.0,0.0,0.0,0.0,0.0,63
2023-05-10 09:40:05,OP10005380,500ETF沽12月6750,0.0,0.0,0.0,0.0,20,0.644,0.6505,10,0.6002,0.0,0.0,0.0,0.0,0.0,63
2023-05-10 09:40:05,OP10005380,500ETF沽12月6750,0.0,0.0,0.0,0.0,20,0.644,0.6505,10,0.6002,0.0,0.0,0.0,0.0,0.0,63
2023-05-10 09:40:05,OP10005380,500ETF沽12月6750,0.0,0.0,0.0,0.0,20,0.644,0.6505,10,0.6002,0.0,0.0,0.0,0.0,0.0,63
2023-05-10 09:40:05,OP10005380,500ETF沽12月6750,0.0,0.0,0.0,0.0,20,0.644,0.6505,10,0.6002,0.0,0.0,0.0,0.0,0.0,63
2023-05-10 09:40:08,OP10005380,500ETF沽12月6750,0.0,0.0,0.0,0.0,20,0.644,0.6505,10,0.6002,0.0,0.0,0.0,0.0,0.0,63
2023-05-10 09:40:08,OP10005380,500ETF沽12月6750,0.0,0.0,0.0,0.0,20,0.644,0.6505,10,0.6002,0.0,0.0,0.0,0.0,0.0,63
2023-05-10 09:40:11,OP10005380,500ETF沽12月6750,0.0,0.0,0.0,0.0,10,0.644,0.6492,10,0.6002,0.0,0.0,0.0,0.0,0.0,63
2023-05-10 09:40:11,OP10005380,500ETF沽12月6750,0.0,0.0,0.0,0.0,20,0.6437,0.6492,10,0.6002,0.0,0.0,0.0,0.0,0.0,63
2023-05-10 09:40:11,OP10005380,500ETF沽12月6750,0.0,0.0,0.0,0.0,30,0.6437,0.6492,10,0.6002,0.0,0.0,0.0,0.0,0.0,63
2023-05-10 09:40:14,OP10005380,500ETF沽12月6750,0.0,0.0,0.0,0.0,30,0.6437,0.6492,10,0.6002,0.0,0.0,0.0,0.0,0.0,63
2023-05-10 09:40:17,OP10005380,500ETF沽12月6750,0.0,0.0,0.0,0.0,30,0.6437,0.6492,10,0.6002,0.0,0.0,0.0,0.0,0.0,63
2023-05-10 09:40:17,OP10005380,500ETF沽12月6750,0.0,0.0,0.0,0.0,30,0.6437,0.6492,10,0.6002,0.0,0.0,0.0,0.0,0.0,63
2023-05-10 09:40:20,OP10005380,500ETF沽12月6750,0.0,0.0,0.0,0.0,30,0.6437,0.6492,10,0.6002,0.0,0.0,0.0,0.0,0.0,63
2023-05-10 09:40:20,OP10005380,500ETF沽12月6750,0.0,0.0,0.0,0.0,30,0.6437,0.6492,10,0.6002,0.0,0.0,0.0,0.0,0.0,63
2023-05-10 09:40:23,OP10005380,500ETF沽12月6750,0.0,0.0,0.0,0.0,30,0.6437,0.6492,10,0.6002,0.0,0.0,0.0,0.0,0.0,63
2023-05-10 09:40:23,OP10005380,500ETF沽12月6750,0.0,0.0,0.0,0.0,30,0.6437,0.6492,10,0.6002,0.0,0.0,0.0,0.0,0.0,63
2023-05-10 09:40:26,OP10005380,500ETF沽12月6750,0.0,0.0,0.0,0.0,30,0.6437,0.6492,10,0.6002,0.0,0.0,0.0,0.0,0.0,63
2023-05-10 09:40:26,OP10005380,500ETF沽12月6750,0.0,0.0,0.0,0.0,30,0.6437,0.6492,10,0.6002,0.0,0.0,0.0,0.0,0.0,63
2023-05-10 09:40:29,OP10005380,500ETF沽12月6750,0.0,0.0,0.0,0.0,30,0.6437,0.6492,10,0.6002,0.0,0.0,0.0,0.0,0.0,63
2023-05-10 09:40:29,OP10005380,500ETF沽12月6750,0.0,0.0,0.0,0.0,30,0.6437,0.6492,10,0.6002,0.0,0.0,0.0,0.0,0.0,63
2023-05-10 09:40:29,OP10005380,500ETF沽12月6750,0.0,0.0,0.0,0.0,30,0.6437,0.6494,10,0.6002,0.0,0.0,0.0,0.0,0.0,63
2023-05-10 09:40:29,OP10005380,500ETF沽12月6750,0.0,0.0,0.0,0.0,10,0.6438,0.6503,10,0.6002,0.0,0.0,0.0,0.0,0.0,63
2023-05-10 09:40:32,OP10005380,500ETF沽12月6750,0.0,0.0,0.0,0.0,30,0.6438,0.6503,10,0.6002,0.0,0.0,0.0,0.0,0.0,63
2023-05-10 09:40:32,OP10005380,500ETF沽12月6750,0.0,0.0,0.0,0.0,30,0.6438,0.6503,10,0.6002,0.0,0.0,0.0,0.0,0.0,63
2023-05-10 09:40:32,OP10005380,500ETF沽12月6750,0.0,0.0,0.0,0.0,20,0.6438,0.6503,10,0.6002,0.0,0.0,0.0,0.0,0.0,63
2023-05-10 09:40:32,OP10005380,500ETF沽12月6750,0.0,0.0,0.0,0.0,20,0.6438,0.6503,10,0.6002,0.0,0.0,0.0,0.0,0.0,63
2023-05-10 09:40:38,OP10005380,500ETF沽12月6750,0.0,0.0,0.0,0.0,20,0.6438,0.6503,10,0.6002,0.0,0.0,0.0,0.0,0.0,63
2023-05-10 09:40:38,OP10005380,500ETF沽12月6750,0.0,0.0,0.0,0.0,10,0.6438,0.6506,40,0.6002,0.0,0.0,0.0,0.0,0.0,63
2023-05-10 09:40:38,OP10005380,500ETF沽12月6750,0.0,0.0,0.0,0.0,10,0.6438,0.6488,10,0.6002,0.0,0.0,0.0,0.0,0.0,63
2023-05-10 09:40:38,OP10005380,500ETF沽12月6750,0.0,0.0,0.0,0.0,20,0.6437,0.6488,10,0.6002,0.0,0.0,0.0,0.0,0.0,63
2023-05-10 09:40:41,OP10005380,500ETF沽12月6750,0.0,0.0,0.0,0.0,30,0.6437,0.6488,10,0.6002,0.0,0.0,0.0,0.0,0.0,63
2023-05-10 09:40:41,OP10005380,500ETF沽12月6750,0.0,0.0,0.0,0.0,30,0.6437,0.6488,10,0.6002,0.0,0.0,0.0,0.0,0.0,63
2023-05-10 09:40:41,OP10005380,500ETF沽12月6750,0.0,0.0,0.0,0.0,30,0.6437,0.6488,10,0.6002,0.0,0.0,0.0,0.0,0.0,63
2023-05-10 09:40:41,OP10005380,500ETF沽12月6750,0.0,0.0,0.0,0.0,30,0.6437,0.6488,10,0.6002,0.0,0.0,0.0,0.0,0.0,63
2023-05-10 09:40:44,OP10005380,500ETF沽12月6750,0.0,0.0,0.0,0.0,30,0.6437,0.6488,10,0.6002,0.0,0.0,0.0,0.0,0.0,63
2023-05-10 09:40:44,OP10005380,500ETF沽12月6750,0.0,0.0,0.0,0.0,30,0.6437,0.6495,10,0.6002,0.0,0.0,0.0,0.0,0.0,63
2023-05-10 09:40:44,OP10005380,500ETF沽12月6750,0.0,0.0,0.0,0.0,30,0.6437,0.65,10,0.6002,0.0,0.0,0.0,0.0,0.0,63
2023-05-10 09:40:47,OP10005380,500ETF沽12月6750,0.0,0.0,0.0,0.0,40,0.6437,0.65,10,0.6002,0.0,0.0,0.0,0.0,0.0,63
2023-05-10 09:40:47,OP10005380,500ETF沽12月6750,0.0,0.0,0.0,0.0,40,0.6437,0.65,10,0.6002,0.0,0.0,0.0,0.0,0.0,63
2023-05-10 09:40:47,OP10005380,500ETF沽12月6750,0.0,0.0,0.0,0.0,40,0.6437,0.65,10,0.6002,0.0,0.0,0.0,0.0,0.0,63
2023-05-10 09:40:50,OP10005380,500ETF沽12月6750,0.0,0.0,0.0,0.0,40,0.6437,0.65,10,0.6002,0.0,0.0,0.0,0.0,0.0,63
2023-05-10 09:40:50,OP10005380,500ETF沽12月6750,0.0,0.0,0.0,0.0,10,0.6449,0.6507,20,0.6002,0.0,0.0,0.0,0.0,0.0,63
2023-05-10 09:40:50,OP10005380,500ETF沽12月6750,0.0,0.0,0.0,0.0,40,0.6449,0.6511,10,0.6002,0.0,0.0,0.0,0.0,0.0,63
2023-05-10 09:40:50,OP10005380,500ETF沽12月6750,0.0,0.0,0.0,0.0,40,0.6449,0.6512,10,0.6002,0.0,0.0,0.0,0.0,0.0,63
2023-05-10 09:40:50,OP10005380,500ETF沽12月6750,0.0,0.0,0.0,0.0,50,0.6449,0.6512,10,0.6002,0.0,0.0,0.0,0.0,0.0,63
2023-05-10 09:40:56,OP10005380,500ETF沽12月6750,0.0,0.0,0.0,0.0,50,0.6449,0.6512,10,0.6002,0.0,0.0,0.0,0.0,0.0,63
2023-05-10 09:40:59,OP10005380,500ETF沽12月6750,0.0,0.0,0.0,0.0,50,0.6449,0.6512,10,0.6002,0.0,0.0,0.0,0.0,0.0,63
2023-05-10 09:40:59,OP10005380,500ETF沽12月6750,0.0,0.0,0.0,0.0,40,0.6449,0.6502,10,0.6002,0.0,0.0,0.0,0.0,0.0,63
2023-05-10 09:40:59,OP10005380,500ETF沽12月6750,0.0,0.0,0.0,0.0,40,0.6449,0.6502,10,0.6002,0.0,0.0,0.0,0.0,0.0,63
2023-05-10 09:41:02,OP10005380,500ETF沽12月6750,0.0,0.0,0.0,0.0,40,0.6449,0.6502,10,0.6002,0.0,0.0,0.0,0.0,0.0,63
2023-05-10 09:41:02,OP10005380,500ETF沽12月6750,0.0,0.0,0.0,0.0,40,0.6449,0.6502,10,0.6002,0.0,0.0,0.0,0.0,0.0,63
2023-05-10 09:41:05,OP10005380,500ETF沽12月6750,0.0,0.0,0.0,0.0,40,0.6449,0.6502,10,0.6002,0.0,0.0,0.0,0.0,0.0,63
2023-05-10 09:41:05,OP10005380,500ETF沽12月6750,0.0,0.0,0.0,0.0,40,0.6449,0.6502,30,0.6002,0.0,0.0,0.0,0.0,0.0,63
2023-05-10 09:41:05,OP10005380,500ETF沽12月6750,0.0,0.0,0.0,0.0,40,0.6449,0.6502,30,0.6002,0.0,0.0,0.0,0.0,0.0,63
2023-05-10 09:41:05,OP10005380,500ETF沽12月6750,0.0,0.0,0.0,0.0,40,0.6449,0.6502,30,0.6002,0.0,0.0,0.0,0.0,0.0,63
2023-05-10 09:41:08,OP10005380,500ETF沽12月6750,0.0,0.0,0.0,0.0,40,0.6449,0.6502,30,0.6002,0.0,0.0,0.0,0.0,0.0,63
2023-05-10 09:41:08,OP10005380,500ETF沽12月6750,0.0,0.0,0.0,0.0,40,0.6449,0.6502,30,0.6002,0.0,0.0,0.0,0.0,0.0,63
2023-05-10 09:41:14,OP10005380,500ETF沽12月6750,0.0,0.0,0.0,0.0,40,0.6449,0.6502,30,0.6002,0.0,0.0,0.0,0.0,0.0,63
2023-05-10 09:41:17,OP10005380,500ETF沽12月6750,0.0,0.0,0.0,0.0,50,0.6449,0.6502,30,0.6002,0.0,0.0,0.0,0.0,0.0,63
2023-05-10 09:41:17,OP10005380,500ETF沽12月6750,0.0,0.0,0.0,0.0,40,0.6449,0.6502,30,0.6002,0.0,0.0,0.0,0.0,0.0,63
2023-05-10 09:41:20,OP10005380,500ETF沽12月6750,0.0,0.0,0.0,0.0,40,0.6449,0.6502,30,0.6002,0.0,0.0,0.0,0.0,0.0,63
2023-05-10 09:41:20,OP10005380,500ETF沽12月6750,0.0,0.0,0.0,0.0,40,0.6449,0.6491,10,0.6002,0.0,0.0,0.0,0.0,0.0,63
2023-05-10 09:41:23,OP10005380,500ETF沽12月6750,0.0,0.0,0.0,0.0,40,0.6449,0.6491,30,0.6002,0.0,0.0,0.0,0.0,0.0,63
2023-05-10 09:41:23,OP10005380,500ETF沽12月6750,0.0,0.0,0.0,0.0,40,0.6449,0.6503,10,0.6002,0.0,0.0,0.0,0.0,0.0,63
2023-05-10 09:41:23,OP10005380,500ETF沽12月6750,0.0,0.0,0.0,0.0,40,0.6449,0.6503,10,0.6002,0.0,0.0,0.0,0.0,0.0,63
2023-05-10 09:41:23,OP10005380,500ETF沽12月6750,0.0,0.0,0.0,0.0,40,0.6449,0.6503,10,0.6002,0.0,0.0,0.0,0.0,0.0,63
2023-05-10 09:41:26,OP10005380,500ETF沽12月6750,0.0,0.0,0.0,0.0,40,0.6449,0.6503,10,0.6002,0.0,0.0,0.0,0.0,0.0,63
2023-05-10 09:41:26,OP10005380,500ETF沽12月6750,0.0,0.0,0.0,0.0,40,0.6449,0.6503,10,0.6002,0.0,0.0,0.0,0.0,0.0,63
2023-05-10 09:41:29,OP10005380,500ETF沽12月6750,0.0,0.0,0.0,0.0,40,0.6449,0.6503,10,0.6002,0.0,0.0,0.0,0.0,0.0,63
2023-05-10 09:41:29,OP10005380,500ETF沽12月6750,0.0,0.0,0.0,0.0,10,0.6451,0.6512,10,0.6002,0.0,0.0,0.0,0.0,0.0,63
2023-05-10 09:41:29,OP10005380,500ETF沽12月6750,0.0,0.0,0.0,0.0,20,0.6451,0.6512,10,0.6002,0.0,0.0,0.0,0.0,0.0,63
2023-05-10 09:41:32,OP10005380,500ETF沽12月6750,0.0,0.0,0.0,0.0,20,0.6451,0.6512,10,0.6002,0.0,0.0,0.0,0.0,0.0,63
2023-05-10 09:41:32,OP10005380,500ETF沽12月6750,0.0,0.0,0.0,0.0,20,0.6451,0.6512,10,0.6002,0.0,0.0,0.0,0.0,0.0,63
2023-05-10 09:41:32,OP10005380,500ETF沽12月6750,0.0,0.0,0.0,0.0,20,0.6451,0.6512,10,0.6002,0.0,0.0,0.0,0.0,0.0,63
2023-05-10 09:41:35,OP10005380,500ETF沽12月6750,0.0,0.0,0.0,0.0,20,0.6451,0.6512,10,0.6002,0.0,0.0,0.0,0.0,0.0,63
2023-05-10 09:41:35,OP10005380,500ETF沽12月6750,0.0,0.0,0.0,0.0,20,0.6451,0.6512,10,0.6002,0.0,0.0,0.0,0.0,0.0,63
2023-05-10 09:41:38,OP10005380,500ETF沽12月6750,0.0,0.0,0.0,0.0,20,0.6451,0.6512,10,0.6002,0.0,0.0,0.0,0.0,0.0,63
2023-05-10 09:41:38,OP10005380,500ETF沽12月6750,0.0,0.0,0.0,0.0,20,0.6451,0.6516,10,0.6002,0.0,0.0,0.0,0.0,0.0,63
2023-05-10 09:41:38,OP10005380,500ETF沽12月6750,0.0,0.0,0.0,0.0,20,0.6451,0.6516,10,0.6002,0.0,0.0,0.0,0.0,0.0,63
2023-05-10 09:41:38,OP10005380,500ETF沽12月6750,0.0,0.0,0.0,0.0,30,0.6451,0.6516,10,0.6002,0.0,0.0,0.0,0.0,0.0,63
2023-05-10 09:41:41,OP10005380,500ETF沽12月6750,0.0,0.0,0.0,0.0,20,0.6451,0.6516,20,0.6002,0.0,0.0,0.0,0.0,0.0,63
2023-05-10 09:41:41,OP10005380,500ETF沽12月6750,0.0,0.0,0.0,0.0,20,0.6451,0.6516,10,0.6002,0.0,0.0,0.0,0.0,0.0,63
2023-05-10 09:41:41,OP10005380,500ETF沽12月6750,0.0,0.0,0.0,0.0,20,0.6451,0.6514,10,0.6002,0.0,0.0,0.0,0.0,0.0,63
2023-05-10 09:41:41,OP10005380,500ETF沽12月6750,0.0,0.0,0.0,0.0,20,0.6451,0.6514,10,0.6002,0.0,0.0,0.0,0.0,0.0,63
2023-05-10 09:41:44,OP10005380,500ETF沽12月6750,0.0,0.0,0.0,0.0,10,0.6451,0.6503,10,0.6002,0.0,0.0,0.0,0.0,0.0,63
2023-05-10 09:41:44,OP10005380,500ETF沽12月6750,0.0,0.0,0.0,0.0,30,0.6449,0.6503,30,0.6002,0.0,0.0,0.0,0.0,0.0,63
2023-05-10 09:41:44,OP10005380,500ETF沽12月6750,0.0,0.0,0.0,0.0,30,0.6449,0.6503,30,0.6002,0.0,0.0,0.0,0.0,0.0,63
2023-05-10 09:41:47,OP10005380,500ETF沽12月6750,0.0,0.0,0.0,0.0,30,0.6449,0.6503,30,0.6002,0.0,0.0,0.0,0.0,0.0,63
2023-05-10 09:41:47,OP10005380,500ETF沽12月6750,0.0,0.0,0.0,0.0,30,0.6449,0.6503,30,0.6002,0.0,0.0,0.0,0.0,0.0,63
2023-05-10 09:41:47,OP10005380,500ETF沽12月6750,0.0,0.0,0.0,0.0,30,0.6449,0.6503,30,0.6002,0.0,0.0,0.0,0.0,0.0,63
2023-05-10 09:41:50,OP10005380,500ETF沽12月6750,0.0,0.0,0.0,0.0,30,0.6449,0.6503,30,0.6002,0.0,0.0,0.0,0.0,0.0,63
2023-05-10 09:41:50,OP10005380,500ETF沽12月6750,0.0,0.0,0.0,0.0,30,0.6449,0.6503,30,0.6002,0.0,0.0,0.0,0.0,0.0,63
2023-05-10 09:41:53,OP10005380,500ETF沽12月6750,0.0,0.0,0.0,0.0,30,0.6449,0.6503,30,0.6002,0.0,0.0,0.0,0.0,0.0,63
2023-05-10 09:41:53,OP10005380,500ETF沽12月6750,0.0,0.0,0.0,0.0,30,0.6449,0.6503,30,0.6002,0.0,0.0,0.0,0.0,0.0,63
2023-05-10 09:41:53,OP10005380,500ETF沽12月6750,0.0,0.0,0.0,0.0,10,0.645,0.6508,10,0.6002,0.0,0.0,0.0,0.0,0.0,63
2023-05-10 09:41:53,OP10005380,500ETF沽12月6750,0.0,0.0,0.0,0.0,10,0.645,0.6511,20,0.6002,0.0,0.0,0.0,0.0,0.0,63
2023-05-10 09:41:53,OP10005380,500ETF沽12月6750,0.0,0.0,0.0,0.0,20,0.645,0.6511,20,0.6002,0.0,0.0,0.0,0.0,0.0,63
2023-05-10 09:41:56,OP10005380,500ETF沽12月6750,0.0,0.0,0.0,0.0,20,0.645,0.6514,20,0.6002,0.0,0.0,0.0,0.0,0.0,63
2023-05-10 09:41:56,OP10005380,500ETF沽12月6750,0.0,0.0,0.0,0.0,30,0.645,0.6514,10,0.6002,0.0,0.0,0.0,0.0,0.0,63
2023-05-10 09:41:59,OP10005380,500ETF沽12月6750,0.0,0.0,0.0,0.0,30,0.645,0.6514,10,0.6002,0.0,0.0,0.0,0.0,0.0,63
2023-05-10 09:41:59,OP10005380,500ETF沽12月6750,0.0,0.0,0.0,0.0,30,0.645,0.6515,10,0.6002,0.0,0.0,0.0,0.0,0.0,63
2023-05-10 09:41:59,OP10005380,500ETF沽12月6750,0.0,0.0,0.0,0.0,40,0.645,0.6515,10,0.6002,0.0,0.0,0.0,0.0,0.0,63
2023-05-10 09:41:59,OP10005380,500ETF沽12月6750,0.0,0.0,0.0,0.0,30,0.645,0.6515,10,0.6002,0.0,0.0,0.0,0.0,0.0,63
2023-05-10 09:41:59,OP10005380,500ETF沽12月6750,0.0,0.0,0.0,0.0,10,0.6461,0.6518,30,0.6002,0.0,0.0,0.0,0.0,0.0,63
2023-05-10 09:41:59,OP10005380,500ETF沽12月6750,0.0,0.0,0.0,0.0,40,0.6461,0.6518,20,0.6002,0.0,0.0,0.0,0.0,0.0,63
2023-05-10 09:42:02,OP10005380,500ETF沽12月6750,0.0,0.0,0.0,0.0,40,0.6461,0.6526,20,0.6002,0.0,0.0,0.0,0.0,0.0,63
2023-05-10 09:42:02,OP10005380,500ETF沽12月6750,0.0,0.0,0.0,0.0,50,0.6461,0.6526,10,0.6002,0.0,0.0,0.0,0.0,0.0,63
2023-05-10 09:42:02,OP10005380,500ETF沽12月6750,0.0,0.0,0.0,0.0,50,0.6461,0.6526,10,0.6002,0.0,0.0,0.0,0.0,0.0,63
2023-05-10 09:42:02,OP10005380,500ETF沽12月6750,0.0,0.0,0.0,0.0,50,0.6461,0.6526,10,0.6002,0.0,0.0,0.0,0.0,0.0,63
2023-05-10 09:42:02,OP10005380,500ETF沽12月6750,0.0,0.0,0.0,0.0,50,0.6461,0.6526,10,0.6002,0.0,0.0,0.0,0.0,0.0,63
2023-05-10 09:42:05,OP10005380,500ETF沽12月6750,0.0,0.0,0.0,0.0,40,0.6461,0.6514,10,0.6002,0.0,0.0,0.0,0.0,0.0,63
2023-05-10 09:42:05,OP10005380,500ETF沽12月6750,0.0,0.0,0.0,0.0,40,0.6461,0.6514,10,0.6002,0.0,0.0,0.0,0.0,0.0,63
2023-05-10 09:42:08,OP10005380,500ETF沽12月6750,0.0,0.0,0.0,0.0,40,0.6461,0.6514,10,0.6002,0.0,0.0,0.0,0.0,0.0,63
2023-05-10 09:42:11,OP10005380,500ETF沽12月6750,0.0,0.0,0.0,0.0,40,0.6461,0.6514,10,0.6002,0.0,0.0,0.0,0.0,0.0,63
2023-05-10 09:42:11,OP10005380,500ETF沽12月6750,0.0,0.0,0.0,0.0,40,0.6461,0.6514,10,0.6002,0.0,0.0,0.0,0.0,0.0,63
2023-05-10 09:42:11,OP10005380,500ETF沽12月6750,0.0,0.0,0.0,0.0,40,0.6461,0.6514,10,0.6002,0.0,0.0,0.0,0.0,0.0,63
2023-05-10 09:42:14,OP10005380,500ETF沽12月6750,0.0,0.0,0.0,0.0,40,0.6461,0.6513,10,0.6002,0.0,0.0,0.0,0.0,0.0,63
2023-05-10 09:42:14,OP10005380,500ETF沽12月6750,0.0,0.0,0.0,0.0,40,0.6461,0.6513,10,0.6002,0.0,0.0,0.0,0.0,0.0,63
2023-05-10 09:42:14,OP10005380,500ETF沽12月6750,0.0,0.0,0.0,0.0,40,0.6461,0.6502,10,0.6002,0.0,0.0,0.0,0.0,0.0,63
2023-05-10 09:42:14,OP10005380,500ETF沽12月6750,0.0,0.0,0.0,0.0,40,0.6461,0.6502,30,0.6002,0.0,0.0,0.0,0.0,0.0,63
2023-05-10 09:42:17,OP10005380,500ETF沽12月6750,0.0,0.0,0.0,0.0,40,0.6461,0.6502,10,0.6002,0.0,0.0,0.0,0.0,0.0,63
2023-05-10 09:42:17,OP10005380,500ETF沽12月6750,0.0,0.0,0.0,0.0,40,0.6461,0.6502,10,0.6002,0.0,0.0,0.0,0.0,0.0,63
2023-05-10 09:42:17,OP10005380,500ETF沽12月6750,0.0,0.0,0.0,0.0,40,0.6461,0.6502,10,0.6002,0.0,0.0,0.0,0.0,0.0,63
2023-05-10 09:42:17,OP10005380,500ETF沽12月6750,0.0,0.0,0.0,0.0,40,0.6461,0.6513,10,0.6002,0.0,0.0,0.0,0.0,0.0,63
2023-05-10 09:42:17,OP10005380,500ETF沽12月6750,0.0,0.0,0.0,0.0,40,0.6461,0.6513,10,0.6002,0.0,0.0,0.0,0.0,0.0,63
2023-05-10 09:42:20,OP10005380,500ETF沽12月6750,0.0,0.0,0.0,0.0,40,0.6461,0.6513,10,0.6002,0.0,0.0,0.0,0.0,0.0,63
2023-05-10 09:42:20,OP10005380,500ETF沽12月6750,0.0,0.0,0.0,0.0,40,0.6461,0.6513,10,0.6002,0.0,0.0,0.0,0.0,0.0,63
2023-05-10 09:42:20,OP10005380,500ETF沽12月6750,0.0,0.0,0.0,0.0,40,0.6461,0.6515,10,0.6002,0.0,0.0,0.0,0.0,0.0,63
2023-05-10 09:42:23,OP10005380,500ETF沽12月6750,0.0,0.0,0.0,0.0,40,0.6461,0.6515,10,0.6002,0.0,0.0,0.0,0.0,0.0,63
2023-05-10 09:42:23,OP10005380,500ETF沽12月6750,0.0,0.0,0.0,0.0,40,0.6461,0.6515,10,0.6002,0.0,0.0,0.0,0.0,0.0,63
2023-05-10 09:42:23,OP10005380,500ETF沽12月6750,0.0,0.0,0.0,0.0,40,0.6461,0.6515,10,0.6002,0.0,0.0,0.0,0.0,0.0,63
2023-05-10 09:42:44,OP10005380,500ETF沽12月6750,0.0,0.0,0.0,0.0,40,0.6461,0.6515,10,0.6002,0.0,0.0,0.0,0.0,0.0,63
2023-05-10 09:42:44,OP10005380,500ETF沽12月6750,0.0,0.0,0.0,0.0,40,0.6461,0.6512,10,0.6002,0.0,0.0,0.0,0.0,0.0,63
2023-05-10 09:42:44,OP10005380,500ETF沽12月6750,0.0,0.0,0.0,0.0,40,0.6461,0.6512,10,0.6002,0.0,0.0,0.0,0.0,0.0,63
2023-05-10 09:42:44,OP10005380,500ETF沽12月6750,0.0,0.0,0.0,0.0,40,0.6461,0.6503,10,0.6002,0.0,0.0,0.0,0.0,0.0,63
2023-05-10 09:42:47,OP10005380,500ETF沽12月6750,0.0,0.0,0.0,0.0,40,0.6461,0.6503,30,0.6002,0.0,0.0,0.0,0.0,0.0,63
2023-05-10 09:42:47,OP10005380,500ETF沽12月6750,0.0,0.0,0.0,0.0,40,0.6461,0.6503,30,0.6002,0.0,0.0,0.0,0.0,0.0,63
2023-05-10 09:42:47,OP10005380,500ETF沽12月6750,0.0,0.0,0.0,0.0,30,0.6461,0.6503,30,0.6002,0.0,0.0,0.0,0.0,0.0,63
2023-05-10 09:42:47,OP10005380,500ETF沽12月6750,0.0,0.0,0.0,0.0,20,0.6461,0.6503,30,0.6002,0.0,0.0,0.0,0.0,0.0,63
2023-05-10 09:42:50,OP10005380,500ETF沽12月6750,0.0,0.0,0.0,0.0,20,0.6461,0.6503,30,0.6002,0.0,0.0,0.0,0.0,0.0,63
2023-05-10 09:42:50,OP10005380,500ETF沽12月6750,0.0,0.0,0.0,0.0,20,0.6461,0.6503,30,0.6002,0.0,0.0,0.0,0.0,0.0,63
2023-05-10 09:42:50,OP10005380,500ETF沽12月6750,0.0,0.0,0.0,0.0,30,0.6461,0.6503,20,0.6002,0.0,0.0,0.0,0.0,0.0,63
2023-05-10 09:42:50,OP10005380,500ETF沽12月6750,0.0,0.0,0.0,0.0,30,0.6461,0.6512,10,0.6002,0.0,0.0,0.0,0.0,0.0,63
2023-05-10 09:42:50,OP10005380,500ETF沽12月6750,0.0,0.0,0.0,0.0,30,0.6461,0.6512,10,0.6002,0.0,0.0,0.0,0.0,0.0,63
2023-05-10 09:42:56,OP10005380,500ETF沽12月6750,0.0,0.0,0.0,0.0,20,0.6461,0.6512,10,0.6002,0.0,0.0,0.0,0.0,0.0,63
2023-05-10 09:42:56,OP10005380,500ETF沽12月6750,0.0,0.0,0.0,0.0,10,0.646,0.6512,10,0.6002,0.0,0.0,0.0,0.0,0.0,63
2023-05-10 09:42:56,OP10005380,500ETF沽12月6750,0.0,0.0,0.0,0.0,20,0.6457,0.6512,10,0.6002,0.0,0.0,0.0,0.0,0.0,63
2023-05-10 09:42:56,OP10005380,500ETF沽12月6750,0.0,0.0,0.0,0.0,10,0.6457,0.6512,10,0.6002,0.0,0.0,0.0,0.0,0.0,63
2023-05-10 09:42:59,OP10005380,500ETF沽12月6750,0.0,0.0,0.0,0.0,20,0.6456,0.6512,10,0.6002,0.0,0.0,0.0,0.0,0.0,63
2023-05-10 09:42:59,OP10005380,500ETF沽12月6750,0.0,0.0,0.0,0.0,10,0.6456,0.6512,10,0.6002,0.0,0.0,0.0,0.0,0.0,63
2023-05-10 09:42:59,OP10005380,500ETF沽12月6750,0.0,0.0,0.0,0.0,30,0.6456,0.6512,10,0.6002,0.0,0.0,0.0,0.0,0.0,63
2023-05-10 09:42:59,OP10005380,500ETF沽12月6750,0.0,0.0,0.0,0.0,20,0.6456,0.6512,10,0.6002,0.0,0.0,0.0,0.0,0.0,63
2023-05-10 09:42:59,OP10005380,500ETF沽12月6750,0.0,0.0,0.0,0.0,10,0.6456,0.6512,10,0.6002,0.0,0.0,0.0,0.0,0.0,63
2023-05-10 09:42:59,OP10005380,500ETF沽12月6750,0.0,0.0,0.0,0.0,30,0.6456,0.6512,10,0.6002,0.0,0.0,0.0,0.0,0.0,63
2023-05-10 09:43:02,OP10005380,500ETF沽12月6750,0.0,0.0,0.0,0.0,10,0.6456,0.6512,10,0.6002,0.0,0.0,0.0,0.0,0.0,63
2023-05-10 09:43:02,OP10005380,500ETF沽12月6750,0.0,0.0,0.0,0.0,40,0.6449,0.6512,10,0.6002,0.0,0.0,0.0,0.0,0.0,63
2023-05-10 09:43:02,OP10005380,500ETF沽12月6750,0.0,0.0,0.0,0.0,50,0.6449,0.6512,10,0.6002,0.0,0.0,0.0,0.0,0.0,63
2023-05-10 09:43:05,OP10005380,500ETF沽12月6750,0.0,0.0,0.0,0.0,10,0.6451,0.6514,10,0.6002,0.0,0.0,0.0,0.0,0.0,63
2023-05-10 09:43:05,OP10005380,500ETF沽12月6750,0.0,0.0,0.0,0.0,20,0.6451,0.6514,10,0.6002,0.0,0.0,0.0,0.0,0.0,63
2023-05-10 09:43:08,OP10005380,500ETF沽12月6750,0.0,0.0,0.0,0.0,10,0.6451,0.6514,10,0.6002,0.0,0.0,0.0,0.0,0.0,63
2023-05-10 09:43:11,OP10005380,500ETF沽12月6750,0.0,0.0,0.0,0.0,10,0.6451,0.6514,20,0.6002,0.0,0.0,0.0,0.0,0.0,63
2023-05-10 09:43:11,OP10005380,500ETF沽12月6750,0.0,0.0,0.0,0.0,40,0.6449,0.6514,20,0.6002,0.0,0.0,0.0,0.0,0.0,63
2023-05-10 09:43:11,OP10005380,500ETF沽12月6750,0.0,0.0,0.0,0.0,50,0.6449,0.6514,20,0.6002,0.0,0.0,0.0,0.0,0.0,63
2023-05-10 09:43:14,OP10005380,500ETF沽12月6750,0.0,0.0,0.0,0.0,50,0.6449,0.6514,20,0.6002,0.0,0.0,0.0,0.0,0.0,63
2023-05-10 09:43:14,OP10005380,500ETF沽12月6750,0.0,0.0,0.0,0.0,50,0.6449,0.6514,20,0.6002,0.0,0.0,0.0,0.0,0.0,63
2023-05-10 09:43:17,OP10005380,500ETF沽12月6750,0.0,0.0,0.0,0.0,10,0.6461,0.6516,20,0.6002,0.0,0.0,0.0,0.0,0.0,63
2023-05-10 09:43:17,OP10005380,500ETF沽12月6750,0.0,0.0,0.0,0.0,40,0.6461,0.6516,20,0.6002,0.0,0.0,0.0,0.0,0.0,63
2023-05-10 09:43:17,OP10005380,500ETF沽12月6750,0.0,0.0,0.0,0.0,40,0.6461,0.6526,40,0.6002,0.0,0.0,0.0,0.0,0.0,63
2023-05-10 09:43:17,OP10005380,500ETF沽12月6750,0.0,0.0,0.0,0.0,40,0.6461,0.6526,40,0.6002,0.0,0.0,0.0,0.0,0.0,63
2023-05-10 09:43:26,OP10005380,500ETF沽12月6750,0.0,0.0,0.0,0.0,30,0.6461,0.6513,10,0.6002,0.0,0.0,0.0,0.0,0.0,63
2023-05-10 09:43:26,OP10005380,500ETF沽12月6750,0.0,0.0,0.0,0.0,30,0.6461,0.6513,30,0.6002,0.0,0.0,0.0,0.0,0.0,63
2023-05-10 09:43:29,OP10005380,500ETF沽12月6750,0.0,0.0,0.0,0.0,30,0.6461,0.6513,30,0.6002,0.0,0.0,0.0,0.0,0.0,63
2023-05-10 09:43:29,OP10005380,500ETF沽12月6750,0.0,0.0,0.0,0.0,30,0.6461,0.6513,30,0.6002,0.0,0.0,0.0,0.0,0.0,63
2023-05-10 09:43:32,OP10005380,500ETF沽12月6750,0.0,0.0,0.0,0.0,30,0.6461,0.6513,30,0.6002,0.0,0.0,0.0,0.0,0.0,63
2023-05-10 09:43:32,OP10005380,500ETF沽12月6750,0.0,0.0,0.0,0.0,30,0.6461,0.6513,30,0.6002,0.0,0.0,0.0,0.0,0.0,63
2023-05-10 09:43:32,OP10005380,500ETF沽12月6750,0.0,0.0,0.0,0.0,20,0.6461,0.6502,10,0.6002,0.0,0.0,0.0,0.0,0.0,63
2023-05-10 09:43:32,OP10005380,500ETF沽12月6750,0.0,0.0,0.0,0.0,20,0.6461,0.6502,30,0.6002,0.0,0.0,0.0,0.0,0.0,63
2023-05-10 09:43:35,OP10005380,500ETF沽12月6750,0.0,0.0,0.0,0.0,20,0.6461,0.6502,30,0.6002,0.0,0.0,0.0,0.0,0.0,63
2023-05-10 09:43:35,OP10005380,500ETF沽12月6750,0.0,0.0,0.0,0.0,20,0.6461,0.6502,30,0.6002,0.0,0.0,0.0,0.0,0.0,63
2023-05-10 09:43:35,OP10005380,500ETF沽12月6750,0.0,0.0,0.0,0.0,10,0.6454,0.6502,30,0.6002,0.0,0.0,0.0,0.0,0.0,63
2023-05-10 09:43:38,OP10005380,500ETF沽12月6750,0.0,0.0,0.0,0.0,10,0.6454,0.6502,30,0.6002,0.0,0.0,0.0,0.0,0.0,63
2023-05-10 09:43:41,OP10005380,500ETF沽12月6750,0.0,0.0,0.0,0.0,30,0.6449,0.6502,30,0.6002,0.0,0.0,0.0,0.0,0.0,63
2023-05-10 09:43:41,OP10005380,500ETF沽12月6750,0.0,0.0,0.0,0.0,30,0.6449,0.6502,30,0.6002,0.0,0.0,0.0,0.0,0.0,63
2023-05-10 09:43:41,OP10005380,500ETF沽12月6750,0.0,0.0,0.0,0.0,40,0.6449,0.6507,10,0.6002,0.0,0.0,0.0,0.0,0.0,63
2023-05-10 09:43:41,OP10005380,500ETF沽12月6750,0.0,0.0,0.0,0.0,40,0.6449,0.6513,20,0.6002,0.0,0.0,0.0,0.0,0.0,63
2023-05-10 09:43:41,OP10005380,500ETF沽12月6750,0.0,0.0,0.0,0.0,40,0.6449,0.6513,20,0.6002,0.0,0.0,0.0,0.0,0.0,63
2023-05-10 09:43:44,OP10005380,500ETF沽12月6750,0.0,0.0,0.0,0.0,40,0.6449,0.6513,20,0.6002,0.0,0.0,0.0,0.0,0.0,63
2023-05-10 09:44:02,OP10005380,500ETF沽12月6750,0.0,0.0,0.0,0.0,40,0.6449,0.6513,20,0.6002,0.0,0.0,0.0,0.0,0.0,63
2023-05-10 09:44:02,OP10005380,500ETF沽12月6750,0.0,0.0,0.0,0.0,40,0.6449,0.6513,20,0.6002,0.0,0.0,0.0,0.0,0.0,63
2023-05-10 09:44:05,OP10005380,500ETF沽12月6750,0.0,0.0,0.0,0.0,40,0.6449,0.6513,20,0.6002,0.0,0.0,0.0,0.0,0.0,63
2023-05-10 09:44:11,OP10005380,500ETF沽12月6750,0.0,0.0,0.0,0.0,50,0.6449,0.6513,20,0.6002,0.0,0.0,0.0,0.0,0.0,63
2023-05-10 09:44:14,OP10005380,500ETF沽12月6750,0.0,0.0,0.0,0.0,40,0.6449,0.6503,10,0.6002,0.0,0.0,0.0,0.0,0.0,63
2023-05-10 09:44:14,OP10005380,500ETF沽12月6750,0.0,0.0,0.0,0.0,40,0.6449,0.6503,30,0.6002,0.0,0.0,0.0,0.0,0.0,63
2023-05-10 09:44:14,OP10005380,500ETF沽12月6750,0.0,0.0,0.0,0.0,40,0.6449,0.6503,30,0.6002,0.0,0.0,0.0,0.0,0.0,63
2023-05-10 09:44:20,OP10005380,500ETF沽12月6750,0.0,0.0,0.0,0.0,30,0.6449,0.6503,30,0.6002,0.0,0.0,0.0,0.0,0.0,63
2023-05-10 09:44:26,OP10005380,500ETF沽12月6750,0.0,0.0,0.0,0.0,30,0.6449,0.6503,10,0.6002,0.0,0.0,0.0,0.0,0.0,63
2023-05-10 09:44:26,OP10005380,500ETF沽12月6750,0.0,0.0,0.0,0.0,30,0.6449,0.6503,10,0.6002,0.0,0.0,0.0,0.0,0.0,63
2023-05-10 09:44:26,OP10005380,500ETF沽12月6750,0.0,0.0,0.0,0.0,30,0.6449,0.6503,30,0.6002,0.0,0.0,0.0,0.0,0.0,63
2023-05-10 09:44:26,OP10005380,500ETF沽12月6750,0.0,0.0,0.0,0.0,30,0.6449,0.6503,30,0.6002,0.0,0.0,0.0,0.0,0.0,63
2023-05-10 09:44:26,OP10005380,500ETF沽12月6750,0.0,0.0,0.0,0.0,30,0.6449,0.6503,10,0.6002,0.0,0.0,0.0,0.0,0.0,63
2023-05-10 09:44:29,OP10005380,500ETF沽12月6750,0.0,0.0,0.0,0.0,40,0.6449,0.6513,20,0.6002,0.0,0.0,0.0,0.0,0.0,63
2023-05-10 09:44:29,OP10005380,500ETF沽12月6750,0.0,0.0,0.0,0.0,40,0.6449,0.6513,20,0.6002,0.0,0.0,0.0,0.0,0.0,63
2023-05-10 09:44:41,OP10005380,500ETF沽12月6750,0.0,0.0,0.0,0.0,40,0.6449,0.6513,20,0.6002,0.0,0.0,0.0,0.0,0.0,63
2023-05-10 09:44:44,OP10005380,500ETF沽12月6750,0.0,0.0,0.0,0.0,40,0.6449,0.6514,20,0.6002,0.0,0.0,0.0,0.0,0.0,63
2023-05-10 09:44:44,OP10005380,500ETF沽12月6750,0.0,0.0,0.0,0.0,50,0.6449,0.6514,10,0.6002,0.0,0.0,0.0,0.0,0.0,63
2023-05-10 09:44:44,OP10005380,500ETF沽12月6750,0.0,0.0,0.0,0.0,60,0.6449,0.6514,10,0.6002,0.0,0.0,0.0,0.0,0.0,63
2023-05-10 09:44:44,OP10005380,500ETF沽12月6750,0.0,0.0,0.0,0.0,70,0.6449,0.6514,10,0.6002,0.0,0.0,0.0,0.0,0.0,63
2023-05-10 09:44:47,OP10005380,500ETF沽12月6750,0.0,0.0,0.0,0.0,70,0.6449,0.6514,10,0.6002,0.0,0.0,0.0,0.0,0.0,63
2023-05-10 09:44:47,OP10005380,500ETF沽12月6750,0.0,0.0,0.0,0.0,10,0.646,0.6515,10,0.6002,0.0,0.0,0.0,0.0,0.0,63
2023-05-10 09:44:47,OP10005380,500ETF沽12月6750,0.0,0.0,0.0,0.0,10,0.646,0.6515,10,0.6002,0.0,0.0,0.0,0.0,0.0,63
2023-05-10 09:44:47,OP10005380,500ETF沽12月6750,0.0,0.0,0.0,0.0,30,0.646,0.652,10,0.6002,0.0,0.0,0.0,0.0,0.0,63
2023-05-10 09:44:50,OP10005380,500ETF沽12月6750,0.0,0.0,0.0,0.0,40,0.646,0.6525,10,0.6002,0.0,0.0,0.0,0.0,0.0,63
2023-05-10 09:44:50,OP10005380,500ETF沽12月6750,0.0,0.0,0.0,0.0,40,0.646,0.6525,10,0.6002,0.0,0.0,0.0,0.0,0.0,63
2023-05-10 09:45:02,OP10005380,500ETF沽12月6750,0.0,0.0,0.0,0.0,30,0.646,0.6513,10,0.6002,0.0,0.0,0.0,0.0,0.0,63
2023-05-10 09:45:02,OP10005380,500ETF沽12月6750,0.0,0.0,0.0,0.0,30,0.646,0.6513,10,0.6002,0.0,0.0,0.0,0.0,0.0,63
2023-05-10 09:45:02,OP10005380,500ETF沽12月6750,0.0,0.0,0.0,0.0,30,0.646,0.6513,10,0.6002,0.0,0.0,0.0,0.0,0.0,63
2023-05-10 09:45:05,OP10005380,500ETF沽12月6750,0.0,0.0,0.0,0.0,30,0.646,0.6513,10,0.6002,0.0,0.0,0.0,0.0,0.0,63
2023-05-10 09:45:05,OP10005380,500ETF沽12月6750,0.0,0.0,0.0,0.0,30,0.646,0.6513,10,0.6002,0.0,0.0,0.0,0.0,0.0,63
2023-05-10 09:45:05,OP10005380,500ETF沽12月6750,0.0,0.0,0.0,0.0,30,0.646,0.6524,10,0.6002,0.0,0.0,0.0,0.0,0.0,63
2023-05-10 09:45:05,OP10005380,500ETF沽12月6750,0.0,0.0,0.0,0.0,30,0.646,0.6524,10,0.6002,0.0,0.0,0.0,0.0,0.0,63
2023-05-10 09:45:14,OP10005380,500ETF沽12月6750,0.0,0.0,0.0,0.0,30,0.646,0.6524,10,0.6002,0.0,0.0,0.0,0.0,0.0,63
2023-05-10 09:45:17,OP10005380,500ETF沽12月6750,0.0,0.0,0.0,0.0,30,0.646,0.6524,10,0.6002,0.0,0.0,0.0,0.0,0.0,63
2023-05-10 09:45:17,OP10005380,500ETF沽12月6750,0.0,0.0,0.0,0.0,30,0.646,0.6524,10,0.6002,0.0,0.0,0.0,0.0,0.0,63
2023-05-10 09:45:17,OP10005380,500ETF沽12月6750,0.0,0.0,0.0,0.0,30,0.646,0.6524,10,0.6002,0.0,0.0,0.0,0.0,0.0,63
2023-05-10 09:45:20,OP10005380,500ETF沽12月6750,0.0,0.0,0.0,0.0,30,0.646,0.6524,10,0.6002,0.0,0.0,0.0,0.0,0.0,63
2023-05-10 09:45:20,OP10005380,500ETF沽12月6750,0.0,0.0,0.0,0.0,10,0.6461,0.6524,10,0.6002,0.0,0.0,0.0,0.0,0.0,63
2023-05-10 09:45:20,OP10005380,500ETF沽12月6750,0.0,0.0,0.0,0.0,10,0.6461,0.6529,10,0.6002,0.0,0.0,0.0,0.0,0.0,63
2023-05-10 09:45:20,OP10005380,500ETF沽12月6750,0.0,0.0,0.0,0.0,10,0.6474,0.6536,10,0.6002,0.0,0.0,0.0,0.0,0.0,63
2023-05-10 09:45:23,OP10005380,500ETF沽12月6750,0.0,0.0,0.0,0.0,40,0.6474,0.6539,10,0.6002,0.0,0.0,0.0,0.0,0.0,63
2023-05-10 09:45:23,OP10005380,500ETF沽12月6750,0.0,0.0,0.0,0.0,40,0.6474,0.6539,10,0.6002,0.0,0.0,0.0,0.0,0.0,63
2023-05-10 09:45:23,OP10005380,500ETF沽12月6750,0.0,0.0,0.0,0.0,40,0.6474,0.6539,10,0.6002,0.0,0.0,0.0,0.0,0.0,63
2023-05-10 09:45:26,OP10005380,500ETF沽12月6750,0.0,0.0,0.0,0.0,40,0.6474,0.6539,10,0.6002,0.0,0.0,0.0,0.0,0.0,63
2023-05-10 09:45:26,OP10005380,500ETF沽12月6750,0.0,0.0,0.0,0.0,40,0.6474,0.6539,10,0.6002,0.0,0.0,0.0,0.0,0.0,63
2023-05-10 09:45:32,OP10005380,500ETF沽12月6750,0.0,0.0,0.0,0.0,40,0.6474,0.6539,10,0.6002,0.0,0.0,0.0,0.0,0.0,63
2023-05-10 09:45:38,OP10005380,500ETF沽12月6750,0.0,0.0,0.0,0.0,40,0.6474,0.6539,10,0.6002,0.0,0.0,0.0,0.0,0.0,63
2023-05-10 09:45:38,OP10005380,500ETF沽12月6750,0.0,0.0,0.0,0.0,40,0.6474,0.6539,10,0.6002,0.0,0.0,0.0,0.0,0.0,63
2023-05-10 09:45:41,OP10005380,500ETF沽12月6750,0.0,0.0,0.0,0.0,40,0.6474,0.6539,10,0.6002,0.0,0.0,0.0,0.0,0.0,63
2023-05-10 09:45:44,OP10005380,500ETF沽12月6750,0.0,0.0,0.0,0.0,40,0.6474,0.6539,10,0.6002,0.0,0.0,0.0,0.0,0.0,63
2023-05-10 09:45:44,OP10005380,500ETF沽12月6750,0.0,0.0,0.0,0.0,40,0.6474,0.6539,10,0.6002,0.0,0.0,0.0,0.0,0.0,63
2023-05-10 09:45:47,OP10005380,500ETF沽12月6750,0.0,0.0,0.0,0.0,40,0.6474,0.6539,30,0.6002,0.0,0.0,0.0,0.0,0.0,63
2023-05-10 09:45:47,OP10005380,500ETF沽12月6750,0.0,0.0,0.0,0.0,40,0.6474,0.6539,30,0.6002,0.0,0.0,0.0,0.0,0.0,63
2023-05-10 09:45:53,OP10005380,500ETF沽12月6750,0.0,0.0,0.0,0.0,40,0.6474,0.6539,30,0.6002,0.0,0.0,0.0,0.0,0.0,63
2023-05-10 09:45:59,OP10005380,500ETF沽12月6750,0.0,0.0,0.0,0.0,30,0.6474,0.6523,10,0.6002,0.0,0.0,0.0,0.0,0.0,63
2023-05-10 09:45:59,OP10005380,500ETF沽12月6750,0.0,0.0,0.0,0.0,30,0.6474,0.6523,10,0.6002,0.0,0.0,0.0,0.0,0.0,63
2023-05-10 09:45:59,OP10005380,500ETF沽12月6750,0.0,0.0,0.0,0.0,30,0.6474,0.6523,10,0.6002,0.0,0.0,0.0,0.0,0.0,63
2023-05-10 09:45:59,OP10005380,500ETF沽12月6750,0.0,0.0,0.0,0.0,30,0.6474,0.6523,10,0.6002,0.0,0.0,0.0,0.0,0.0,63
2023-05-10 09:46:02,OP10005380,500ETF沽12月6750,0.0,0.0,0.0,0.0,30,0.6474,0.6523,10,0.6002,0.0,0.0,0.0,0.0,0.0,63
2023-05-10 09:46:02,OP10005380,500ETF沽12月6750,0.0,0.0,0.0,0.0,30,0.6474,0.6523,10,0.6002,0.0,0.0,0.0,0.0,0.0,63
2023-05-10 09:46:02,OP10005380,500ETF沽12月6750,0.0,0.0,0.0,0.0,30,0.6474,0.6523,10,0.6002,0.0,0.0,0.0,0.0,0.0,63
2023-05-10 09:46:05,OP10005380,500ETF沽12月6750,0.0,0.0,0.0,0.0,30,0.6474,0.6523,10,0.6002,0.0,0.0,0.0,0.0,0.0,63
2023-05-10 09:46:05,OP10005380,500ETF沽12月6750,0.0,0.0,0.0,0.0,30,0.6474,0.6523,10,0.6002,0.0,0.0,0.0,0.0,0.0,63
2023-05-10 09:46:05,OP10005380,500ETF沽12月6750,0.0,0.0,0.0,0.0,30,0.6474,0.6523,10,0.6002,0.0,0.0,0.0,0.0,0.0,63
2023-05-10 09:46:08,OP10005380,500ETF沽12月6750,0.0,0.0,0.0,0.0,30,0.6474,0.6529,10,0.6002,0.0,0.0,0.0,0.0,0.0,63
2023-05-10 09:46:08,OP10005380,500ETF沽12月6750,0.0,0.0,0.0,0.0,30,0.6474,0.6529,10,0.6002,0.0,0.0,0.0,0.0,0.0,63
2023-05-10 09:46:08,OP10005380,500ETF沽12月6750,0.0,0.0,0.0,0.0,30,0.6474,0.6535,10,0.6002,0.0,0.0,0.0,0.0,0.0,63
2023-05-10 09:46:08,OP10005380,500ETF沽12月6750,0.0,0.0,0.0,0.0,30,0.6474,0.6535,10,0.6002,0.0,0.0,0.0,0.0,0.0,63
2023-05-10 09:46:08,OP10005380,500ETF沽12月6750,0.0,0.0,0.0,0.0,30,0.6474,0.6535,10,0.6002,0.0,0.0,0.0,0.0,0.0,63
2023-05-10 09:46:11,OP10005380,500ETF沽12月6750,0.0,0.0,0.0,0.0,30,0.6474,0.6535,10,0.6002,0.0,0.0,0.0,0.0,0.0,63
2023-05-10 09:46:11,OP10005380,500ETF沽12月6750,0.0,0.0,0.0,0.0,30,0.6474,0.6535,10,0.6002,0.0,0.0,0.0,0.0,0.0,63
2023-05-10 09:46:17,OP10005380,500ETF沽12月6750,0.0,0.0,0.0,0.0,30,0.6474,0.6532,10,0.6002,0.0,0.0,0.0,0.0,0.0,63
2023-05-10 09:46:17,OP10005380,500ETF沽12月6750,0.0,0.0,0.0,0.0,30,0.6474,0.6532,30,0.6002,0.0,0.0,0.0,0.0,0.0,63
2023-05-10 09:46:17,OP10005380,500ETF沽12月6750,0.0,0.0,0.0,0.0,30,0.6474,0.6532,30,0.6002,0.0,0.0,0.0,0.0,0.0,63
2023-05-10 09:46:17,OP10005380,500ETF沽12月6750,0.0,0.0,0.0,0.0,30,0.6474,0.6522,10,0.6002,0.0,0.0,0.0,0.0,0.0,63
2023-05-10 09:46:17,OP10005380,500ETF沽12月6750,0.0,0.0,0.0,0.0,30,0.6474,0.6522,10,0.6002,0.0,0.0,0.0,0.0,0.0,63
2023-05-10 09:46:20,OP10005380,500ETF沽12月6750,0.0,0.0,0.0,0.0,30,0.6474,0.6522,10,0.6002,0.0,0.0,0.0,0.0,0.0,63
2023-05-10 09:46:20,OP10005380,500ETF沽12月6750,0.0,0.0,0.0,0.0,10,0.6474,0.651,10,0.6002,0.0,0.0,0.0,0.0,0.0,63
2023-05-10 09:46:20,OP10005380,500ETF沽12月6750,0.0,0.0,0.0,0.0,10,0.6474,0.651,10,0.6002,0.0,0.0,0.0,0.0,0.0,63
2023-05-10 09:46:20,OP10005380,500ETF沽12月6750,0.0,0.0,0.0,0.0,30,0.646,0.651,10,0.6002,0.0,0.0,0.0,0.0,0.0,63
2023-05-10 09:46:20,OP10005380,500ETF沽12月6750,0.0,0.0,0.0,0.0,30,0.646,0.651,30,0.6002,0.0,0.0,0.0,0.0,0.0,63
2023-05-10 09:46:23,OP10005380,500ETF沽12月6750,0.0,0.0,0.0,0.0,30,0.646,0.651,30,0.6002,0.0,0.0,0.0,0.0,0.0,63
2023-05-10 09:46:23,OP10005380,500ETF沽12月6750,0.0,0.0,0.0,0.0,30,0.646,0.651,30,0.6002,0.0,0.0,0.0,0.0,0.0,63
2023-05-10 09:46:26,OP10005380,500ETF沽12月6750,0.0,0.0,0.0,0.0,30,0.646,0.651,30,0.6002,0.0,0.0,0.0,0.0,0.0,63
2023-05-10 09:46:26,OP10005380,500ETF沽12月6750,0.0,0.0,0.0,0.0,30,0.646,0.651,30,0.6002,0.0,0.0,0.0,0.0,0.0,63
2023-05-10 09:46:26,OP10005380,500ETF沽12月6750,0.0,0.0,0.0,0.0,10,0.6461,0.6517,30,0.6002,0.0,0.0,0.0,0.0,0.0,63
2023-05-10 09:46:26,OP10005380,500ETF沽12月6750,0.0,0.0,0.0,0.0,20,0.6461,0.6526,10,0.6002,0.0,0.0,0.0,0.0,0.0,63
2023-05-10 09:46:29,OP10005380,500ETF沽12月6750,0.0,0.0,0.0,0.0,10,0.6462,0.6526,10,0.6002,0.0,0.0,0.0,0.0,0.0,63
2023-05-10 09:46:29,OP10005380,500ETF沽12月6750,0.0,0.0,0.0,0.0,20,0.6462,0.6526,10,0.6002,0.0,0.0,0.0,0.0,0.0,63
2023-05-10 09:46:29,OP10005380,500ETF沽12月6750,0.0,0.0,0.0,0.0,20,0.6462,0.6526,10,0.6002,0.0,0.0,0.0,0.0,0.0,63
2023-05-10 09:46:32,OP10005380,500ETF沽12月6750,0.0,0.0,0.0,0.0,20,0.6462,0.6526,10,0.6002,0.0,0.0,0.0,0.0,0.0,63
2023-05-10 09:46:32,OP10005380,500ETF沽12月6750,0.0,0.0,0.0,0.0,20,0.6462,0.6526,10,0.6002,0.0,0.0,0.0,0.0,0.0,63
2023-05-10 09:46:35,OP10005380,500ETF沽12月6750,0.0,0.0,0.0,0.0,30,0.6462,0.6526,10,0.6002,0.0,0.0,0.0,0.0,0.0,63
2023-05-10 09:46:35,OP10005380,500ETF沽12月6750,0.0,0.0,0.0,0.0,20,0.6462,0.6526,10,0.6002,0.0,0.0,0.0,0.0,0.0,63
2023-05-10 09:46:38,OP10005380,500ETF沽12月6750,0.0,0.0,0.0,0.0,20,0.6462,0.6526,10,0.6002,0.0,0.0,0.0,0.0,0.0,63
2023-05-10 09:46:44,OP10005380,500ETF沽12月6750,0.0,0.0,0.0,0.0,20,0.6462,0.6526,10,0.6002,0.0,0.0,0.0,0.0,0.0,63
2023-05-10 09:46:44,OP10005380,500ETF沽12月6750,0.0,0.0,0.0,0.0,20,0.6462,0.6526,10,0.6002,0.0,0.0,0.0,0.0,0.0,63
2023-05-10 09:46:44,OP10005380,500ETF沽12月6750,0.0,0.0,0.0,0.0,20,0.6462,0.6526,10,0.6002,0.0,0.0,0.0,0.0,0.0,63
2023-05-10 09:46:47,OP10005380,500ETF沽12月6750,0.0,0.0,0.0,0.0,10,0.6462,0.6526,10,0.6002,0.0,0.0,0.0,0.0,0.0,63
2023-05-10 09:46:47,OP10005380,500ETF沽12月6750,0.0,0.0,0.0,0.0,10,0.6462,0.6526,10,0.6002,0.0,0.0,0.0,0.0,0.0,63
2023-05-10 09:46:50,OP10005380,500ETF沽12月6750,0.0,0.0,0.0,0.0,30,0.6461,0.6526,10,0.6002,0.0,0.0,0.0,0.0,0.0,63
2023-05-10 09:46:50,OP10005380,500ETF沽12月6750,0.0,0.0,0.0,0.0,30,0.6461,0.6526,10,0.6002,0.0,0.0,0.0,0.0,0.0,63
2023-05-10 09:46:53,OP10005380,500ETF沽12月6750,0.0,0.0,0.0,0.0,10,0.6462,0.6526,10,0.6002,0.0,0.0,0.0,0.0,0.0,63
2023-05-10 09:46:53,OP10005380,500ETF沽12月6750,0.0,0.0,0.0,0.0,20,0.6462,0.6526,10,0.6002,0.0,0.0,0.0,0.0,0.0,63
2023-05-10 09:47:05,OP10005380,500ETF沽12月6750,0.0,0.0,0.0,0.0,10,0.6462,0.6526,10,0.6002,0.0,0.0,0.0,0.0,0.0,63
2023-05-10 09:47:05,OP10005380,500ETF沽12月6750,0.0,0.0,0.0,0.0,10,0.6462,0.6526,10,0.6002,0.0,0.0,0.0,0.0,0.0,63
2023-05-10 09:47:05,OP10005380,500ETF沽12月6750,0.0,0.0,0.0,0.0,10,0.6461,0.6513,10,0.6002,0.0,0.0,0.0,0.0,0.0,63
2023-05-10 09:47:05,OP10005380,500ETF沽12月6750,0.0,0.0,0.0,0.0,20,0.6461,0.6513,30,0.6002,0.0,0.0,0.0,0.0,0.0,63
2023-05-10 09:47:08,OP10005380,500ETF沽12月6750,0.0,0.0,0.0,0.0,20,0.6461,0.6513,30,0.6002,0.0,0.0,0.0,0.0,0.0,63
2023-05-10 09:47:08,OP10005380,500ETF沽12月6750,0.0,0.0,0.0,0.0,20,0.6461,0.6513,30,0.6002,0.0,0.0,0.0,0.0,0.0,63
2023-05-10 09:47:17,OP10005380,500ETF沽12月6750,0.0,0.0,0.0,0.0,30,0.6461,0.6513,30,0.6002,0.0,0.0,0.0,0.0,0.0,63
2023-05-10 09:47:20,OP10005380,500ETF沽12月6750,0.0,0.0,0.0,0.0,20,0.6461,0.6513,30,0.6002,0.0,0.0,0.0,0.0,0.0,63
2023-05-10 09:47:20,OP10005380,500ETF沽12月6750,0.0,0.0,0.0,0.0,20,0.6461,0.6513,30,0.6002,0.0,0.0,0.0,0.0,0.0,63
2023-05-10 09:47:20,OP10005380,500ETF沽12月6750,0.0,0.0,0.0,0.0,20,0.6461,0.6513,30,0.6002,0.0,0.0,0.0,0.0,0.0,63
2023-05-10 09:47:20,OP10005380,500ETF沽12月6750,0.0,0.0,0.0,0.0,20,0.6461,0.6513,30,0.6002,0.0,0.0,0.0,0.0,0.0,63
2023-05-10 09:47:23,OP10005380,500ETF沽12月6750,0.0,0.0,0.0,0.0,20,0.6461,0.6513,30,0.6002,0.0,0.0,0.0,0.0,0.0,63
2023-05-10 09:47:23,OP10005380,500ETF沽12月6750,0.0,0.0,0.0,0.0,20,0.6461,0.6513,30,0.6002,0.0,0.0,0.0,0.0,0.0,63
2023-05-10 09:47:23,OP10005380,500ETF沽12月6750,0.0,0.0,0.0,0.0,30,0.6461,0.6513,30,0.6002,0.0,0.0,0.0,0.0,0.0,63
2023-05-10 09:47:23,OP10005380,500ETF沽12月6750,0.0,0.0,0.0,0.0,20,0.6461,0.6513,30,0.6002,0.0,0.0,0.0,0.0,0.0,63
2023-05-10 09:47:26,OP10005380,500ETF沽12月6750,0.0,0.0,0.0,0.0,20,0.6461,0.6513,30,0.6002,0.0,0.0,0.0,0.0,0.0,63
2023-05-10 09:47:26,OP10005380,500ETF沽12月6750,0.0,0.0,0.0,0.0,20,0.6461,0.6513,30,0.6002,0.0,0.0,0.0,0.0,0.0,63
2023-05-10 09:47:29,OP10005380,500ETF沽12月6750,0.0,0.0,0.0,0.0,20,0.6461,0.6513,30,0.6002,0.0,0.0,0.0,0.0,0.0,63
2023-05-10 09:47:32,OP10005380,500ETF沽12月6750,0.0,0.0,0.0,0.0,10,0.6461,0.6513,30,0.6002,0.0,0.0,0.0,0.0,0.0,63
2023-05-10 09:47:35,OP10005380,500ETF沽12月6750,0.0,0.0,0.0,0.0,10,0.6461,0.6513,30,0.6002,0.0,0.0,0.0,0.0,0.0,63
2023-05-10 09:47:35,OP10005380,500ETF沽12月6750,0.0,0.0,0.0,0.0,30,0.6461,0.6513,30,0.6002,0.0,0.0,0.0,0.0,0.0,63
2023-05-10 09:47:35,OP10005380,500ETF沽12月6750,0.0,0.0,0.0,0.0,30,0.6461,0.6513,30,0.6002,0.0,0.0,0.0,0.0,0.0,63
2023-05-10 09:47:38,OP10005380,500ETF沽12月6750,0.0,0.0,0.0,0.0,30,0.6461,0.6513,30,0.6002,0.0,0.0,0.0,0.0,0.0,63
2023-05-10 09:47:41,OP10005380,500ETF沽12月6750,0.0,0.0,0.0,0.0,30,0.6461,0.6513,30,0.6002,0.0,0.0,0.0,0.0,0.0,63
2023-05-10 09:47:41,OP10005380,500ETF沽12月6750,0.0,0.0,0.0,0.0,30,0.6461,0.6513,30,0.6002,0.0,0.0,0.0,0.0,0.0,63
2023-05-10 09:47:44,OP10005380,500ETF沽12月6750,0.0,0.0,0.0,0.0,30,0.6461,0.6513,30,0.6002,0.0,0.0,0.0,0.0,0.0,63
2023-05-10 09:47:56,OP10005380,500ETF沽12月6750,0.0,0.0,0.0,0.0,30,0.6461,0.6513,30,0.6002,0.0,0.0,0.0,0.0,0.0,63
2023-05-10 09:47:56,OP10005380,500ETF沽12月6750,0.0,0.0,0.0,0.0,30,0.6461,0.6513,30,0.6002,0.0,0.0,0.0,0.0,0.0,63
2023-05-10 09:47:56,OP10005380,500ETF沽12月6750,0.0,0.0,0.0,0.0,30,0.6461,0.6513,20,0.6002,0.0,0.0,0.0,0.0,0.0,63
2023-05-10 09:47:59,OP10005380,500ETF沽12月6750,0.0,0.0,0.0,0.0,30,0.6461,0.6513,20,0.6002,0.0,0.0,0.0,0.0,0.0,63
2023-05-10 09:47:59,OP10005380,500ETF沽12月6750,0.0,0.0,0.0,0.0,30,0.6461,0.6525,20,0.6002,0.0,0.0,0.0,0.0,0.0,63
2023-05-10 09:47:59,OP10005380,500ETF沽12月6750,0.0,0.0,0.0,0.0,40,0.6461,0.6525,10,0.6002,0.0,0.0,0.0,0.0,0.0,63
2023-05-10 09:47:59,OP10005380,500ETF沽12月6750,0.0,0.0,0.0,0.0,40,0.6461,0.6525,10,0.6002,0.0,0.0,0.0,0.0,0.0,63
2023-05-10 09:48:08,OP10005380,500ETF沽12月6750,0.0,0.0,0.0,0.0,40,0.6461,0.6514,10,0.6002,0.0,0.0,0.0,0.0,0.0,63
2023-05-10 09:48:08,OP10005380,500ETF沽12月6750,0.0,0.0,0.0,0.0,40,0.6461,0.6514,30,0.6002,0.0,0.0,0.0,0.0,0.0,63
2023-05-10 09:48:08,OP10005380,500ETF沽12月6750,0.0,0.0,0.0,0.0,40,0.6461,0.6514,30,0.6002,0.0,0.0,0.0,0.0,0.0,63
2023-05-10 09:48:11,OP10005380,500ETF沽12月6750,0.0,0.0,0.0,0.0,40,0.6461,0.6514,30,0.6002,0.0,0.0,0.0,0.0,0.0,63
2023-05-10 09:48:11,OP10005380,500ETF沽12月6750,0.0,0.0,0.0,0.0,40,0.6461,0.6514,30,0.6002,0.0,0.0,0.0,0.0,0.0,63
2023-05-10 09:48:14,OP10005380,500ETF沽12月6750,0.0,0.0,0.0,0.0,40,0.6461,0.6514,30,0.6002,0.0,0.0,0.0,0.0,0.0,63
2023-05-10 09:48:14,OP10005380,500ETF沽12月6750,0.0,0.0,0.0,0.0,40,0.6461,0.6514,30,0.6002,0.0,0.0,0.0,0.0,0.0,63
2023-05-10 09:48:14,OP10005380,500ETF沽12月6750,0.0,0.0,0.0,0.0,40,0.6461,0.6514,30,0.6002,0.0,0.0,0.0,0.0,0.0,63
2023-05-10 09:48:14,OP10005380,500ETF沽12月6750,0.0,0.0,0.0,0.0,10,0.6462,0.6514,20,0.6002,0.0,0.0,0.0,0.0,0.0,63
2023-05-10 09:48:17,OP10005380,500ETF沽12月6750,0.0,0.0,0.0,0.0,10,0.6462,0.6527,20,0.6002,0.0,0.0,0.0,0.0,0.0,63
2023-05-10 09:48:17,OP10005380,500ETF沽12月6750,0.0,0.0,0.0,0.0,20,0.6462,0.6527,20,0.6002,0.0,0.0,0.0,0.0,0.0,63
2023-05-10 09:48:20,OP10005380,500ETF沽12月6750,0.0,0.0,0.0,0.0,20,0.6462,0.6527,20,0.6002,0.0,0.0,0.0,0.0,0.0,63
2023-05-10 09:48:20,OP10005380,500ETF沽12月6750,0.0,0.0,0.0,0.0,30,0.6462,0.6527,20,0.6002,0.0,0.0,0.0,0.0,0.0,63
2023-05-10 09:48:23,OP10005380,500ETF沽12月6750,0.0,0.0,0.0,0.0,30,0.6462,0.6527,10,0.6002,0.0,0.0,0.0,0.0,0.0,63
2023-05-10 09:48:23,OP10005380,500ETF沽12月6750,0.0,0.0,0.0,0.0,30,0.6462,0.6527,10,0.6002,0.0,0.0,0.0,0.0,0.0,63
2023-05-10 09:48:26,OP10005380,500ETF沽12月6750,0.0,0.0,0.0,0.0,30,0.6462,0.6527,10,0.6002,0.0,0.0,0.0,0.0,0.0,63
2023-05-10 09:48:26,OP10005380,500ETF沽12月6750,0.0,0.0,0.0,0.0,30,0.6462,0.6527,10,0.6002,0.0,0.0,0.0,0.0,0.0,63
2023-05-10 09:48:29,OP10005380,500ETF沽12月6750,0.0,0.0,0.0,0.0,30,0.6462,0.6527,10,0.6002,0.0,0.0,0.0,0.0,0.0,63
2023-05-10 09:48:38,OP10005380,500ETF沽12月6750,0.0,0.0,0.0,0.0,30,0.6462,0.6525,10,0.6002,0.0,0.0,0.0,0.0,0.0,63
2023-05-10 09:48:38,OP10005380,500ETF沽12月6750,0.0,0.0,0.0,0.0,30,0.6462,0.6525,10,0.6002,0.0,0.0,0.0,0.0,0.0,63
2023-05-10 09:48:44,OP10005380,500ETF沽12月6750,0.0,0.0,0.0,0.0,20,0.6462,0.6525,10,0.6002,0.0,0.0,0.0,0.0,0.0,63
2023-05-10 09:48:50,OP10005380,500ETF沽12月6750,0.0,0.0,0.0,0.0,20,0.6462,0.6525,10,0.6002,0.0,0.0,0.0,0.0,0.0,63
2023-05-10 09:48:56,OP10005380,500ETF沽12月6750,0.0,0.0,0.0,0.0,20,0.6462,0.6527,10,0.6002,0.0,0.0,0.0,0.0,0.0,63
2023-05-10 09:48:59,OP10005380,500ETF沽12月6750,0.0,0.0,0.0,0.0,20,0.6462,0.6527,10,0.6002,0.0,0.0,0.0,0.0,0.0,63
2023-05-10 09:48:59,OP10005380,500ETF沽12月6750,0.0,0.0,0.0,0.0,20,0.6462,0.6525,10,0.6002,0.0,0.0,0.0,0.0,0.0,63
2023-05-10 09:49:02,OP10005380,500ETF沽12月6750,0.0,0.0,0.0,0.0,20,0.6462,0.6525,10,0.6002,0.0,0.0,0.0,0.0,0.0,63
