time,symbol_id,symbol_name,last,trade_volume,trade_amount,open_interest_change,bv1,bp1,ap1,av1,yesterday_close,today_open,today_high,today_low,volume,amount,open_interest
2023-05-10 08:35:24,OP10005382,500ETF沽12月7250,0.0,0.0,0.0,0.0,0,0.0,0.0,0,1.025,1.097,0.0,0.0,0.0,0.0,560
2023-05-10 09:24:57,OP10005382,500ETF沽12月7250,0.0,0.0,0.0,0.0,1,1.0263,1.1288,1,1.025,1.097,0.0,0.0,0.0,0.0,560
2023-05-10 09:29:57,OP10005382,500ETF沽12月7250,0.0,0.0,0.0,0.0,10,1.075,1.0992,10,1.025,1.097,0.0,0.0,0.0,0.0,560
2023-05-10 09:29:57,OP10005382,500ETF沽12月7250,0.0,0.0,0.0,0.0,20,1.0773,1.0952,20,1.025,1.097,0.0,0.0,0.0,0.0,560
2023-05-10 09:29:57,OP10005382,500ETF沽12月7250,0.0,0.0,0.0,0.0,20,1.0773,1.0992,10,1.025,1.097,0.0,0.0,0.0,0.0,560
2023-05-10 09:29:57,OP10005382,500ETF沽12月7250,0.0,0.0,0.0,0.0,20,1.0787,1.0966,20,1.025,1.097,0.0,0.0,0.0,0.0,560
2023-05-10 09:29:57,OP10005382,500ETF沽12月7250,0.0,0.0,0.0,0.0,20,1.0787,1.0966,20,1.025,1.097,0.0,0.0,0.0,0.0,560
2023-05-10 09:30:02,OP10005382,500ETF沽12月7250,0.0,0.0,0.0,0.0,10,1.0802,1.1072,10,1.025,1.097,0.0,0.0,0.0,0.0,560
2023-05-10 09:30:02,OP10005382,500ETF沽12月7250,0.0,0.0,0.0,0.0,20,1.0802,1.0977,20,1.025,1.097,0.0,0.0,0.0,0.0,560
2023-05-10 09:30:02,OP10005382,500ETF沽12月7250,0.0,0.0,0.0,0.0,20,1.0787,1.0977,20,1.025,1.097,0.0,0.0,0.0,0.0,560
2023-05-10 09:30:02,OP10005382,500ETF沽12月7250,0.0,0.0,0.0,0.0,20,1.0787,1.0964,20,1.025,1.097,0.0,0.0,0.0,0.0,560
2023-05-10 09:30:05,OP10005382,500ETF沽12月7250,0.0,0.0,0.0,0.0,20,1.0787,1.0953,20,1.025,1.097,0.0,0.0,0.0,0.0,560
2023-05-10 09:30:08,OP10005382,500ETF沽12月7250,0.0,0.0,0.0,0.0,20,1.0787,1.0941,20,1.025,1.097,0.0,0.0,0.0,0.0,560
2023-05-10 09:30:11,OP10005382,500ETF沽12月7250,0.0,0.0,0.0,0.0,20,1.0787,1.0926,20,1.025,1.097,0.0,0.0,0.0,0.0,560
2023-05-10 09:30:11,OP10005382,500ETF沽12月7250,0.0,0.0,0.0,0.0,10,1.0716,1.0926,20,1.025,1.097,0.0,0.0,0.0,0.0,560
2023-05-10 09:30:11,OP10005382,500ETF沽12月7250,0.0,0.0,0.0,0.0,20,1.0731,1.091,20,1.025,1.097,0.0,0.0,0.0,0.0,560
2023-05-10 09:30:11,OP10005382,500ETF沽12月7250,0.0,0.0,0.0,0.0,20,1.0731,1.091,20,1.025,1.097,0.0,0.0,0.0,0.0,560
2023-05-10 09:30:14,OP10005382,500ETF沽12月7250,0.0,0.0,0.0,0.0,20,1.0731,1.091,20,1.025,1.097,0.0,0.0,0.0,0.0,560
2023-05-10 09:30:14,OP10005382,500ETF沽12月7250,0.0,0.0,0.0,0.0,30,1.0716,1.0885,20,1.025,1.097,0.0,0.0,0.0,0.0,560
2023-05-10 09:30:17,OP10005382,500ETF沽12月7250,0.0,0.0,0.0,0.0,30,1.0716,1.0885,20,1.025,1.097,0.0,0.0,0.0,0.0,560
2023-05-10 09:30:17,OP10005382,500ETF沽12月7250,0.0,0.0,0.0,0.0,30,1.0716,1.091,20,1.025,1.097,0.0,0.0,0.0,0.0,560
2023-05-10 09:30:17,OP10005382,500ETF沽12月7250,0.0,0.0,0.0,0.0,20,1.0727,1.091,20,1.025,1.097,0.0,0.0,0.0,0.0,560
2023-05-10 09:30:20,OP10005382,500ETF沽12月7250,0.0,0.0,0.0,0.0,20,1.0727,1.091,20,1.025,1.097,0.0,0.0,0.0,0.0,560
2023-05-10 09:30:20,OP10005382,500ETF沽12月7250,0.0,0.0,0.0,0.0,20,1.0755,1.0934,20,1.025,1.097,0.0,0.0,0.0,0.0,560
2023-05-10 09:30:20,OP10005382,500ETF沽12月7250,0.0,0.0,0.0,0.0,20,1.0755,1.0934,20,1.025,1.097,0.0,0.0,0.0,0.0,560
2023-05-10 09:30:23,OP10005382,500ETF沽12月7250,0.0,0.0,0.0,0.0,20,1.0739,1.0918,20,1.025,1.097,0.0,0.0,0.0,0.0,560
2023-05-10 09:30:23,OP10005382,500ETF沽12月7250,0.0,0.0,0.0,0.0,20,1.0739,1.0918,20,1.025,1.097,0.0,0.0,0.0,0.0,560
2023-05-10 09:30:23,OP10005382,500ETF沽12月7250,0.0,0.0,0.0,0.0,20,1.0727,1.0918,20,1.025,1.097,0.0,0.0,0.0,0.0,560
2023-05-10 09:30:23,OP10005382,500ETF沽12月7250,0.0,0.0,0.0,0.0,20,1.0727,1.0918,20,1.025,1.097,0.0,0.0,0.0,0.0,560
2023-05-10 09:30:23,OP10005382,500ETF沽12月7250,0.0,0.0,0.0,0.0,20,1.0727,1.0902,20,1.025,1.097,0.0,0.0,0.0,0.0,560
2023-05-10 09:30:23,OP10005382,500ETF沽12月7250,0.0,0.0,0.0,0.0,20,1.0727,1.0902,20,1.025,1.097,0.0,0.0,0.0,0.0,560
2023-05-10 09:30:26,OP10005382,500ETF沽12月7250,0.0,0.0,0.0,0.0,30,1.0727,1.0902,30,1.025,1.097,0.0,0.0,0.0,0.0,560
2023-05-10 09:30:26,OP10005382,500ETF沽12月7250,0.0,0.0,0.0,0.0,20,1.0739,1.0902,30,1.025,1.097,0.0,0.0,0.0,0.0,560
2023-05-10 09:30:29,OP10005382,500ETF沽12月7250,0.0,0.0,0.0,0.0,20,1.0739,1.0902,30,1.025,1.097,0.0,0.0,0.0,0.0,560
2023-05-10 09:30:29,OP10005382,500ETF沽12月7250,0.0,0.0,0.0,0.0,20,1.0739,1.0902,30,1.025,1.097,0.0,0.0,0.0,0.0,560
2023-05-10 09:30:32,OP10005382,500ETF沽12月7250,0.0,0.0,0.0,0.0,21,1.0739,1.0902,30,1.025,1.097,0.0,0.0,0.0,0.0,560
2023-05-10 09:30:32,OP10005382,500ETF沽12月7250,0.0,0.0,0.0,0.0,21,1.0739,1.0902,30,1.025,1.097,0.0,0.0,0.0,0.0,560
2023-05-10 09:30:32,OP10005382,500ETF沽12月7250,0.0,0.0,0.0,0.0,21,1.0739,1.0902,30,1.025,1.097,0.0,0.0,0.0,0.0,560
2023-05-10 09:30:32,OP10005382,500ETF沽12月7250,0.0,0.0,0.0,0.0,21,1.0739,1.0902,30,1.025,1.097,0.0,0.0,0.0,0.0,560
2023-05-10 09:30:35,OP10005382,500ETF沽12月7250,0.0,0.0,0.0,0.0,21,1.0739,1.0902,30,1.025,1.097,0.0,0.0,0.0,0.0,560
2023-05-10 09:30:35,OP10005382,500ETF沽12月7250,0.0,0.0,0.0,0.0,21,1.0739,1.0902,30,1.025,1.097,0.0,0.0,0.0,0.0,560
2023-05-10 09:30:35,OP10005382,500ETF沽12月7250,0.0,0.0,0.0,0.0,31,1.0739,1.0902,30,1.025,1.097,0.0,0.0,0.0,0.0,560
2023-05-10 09:30:38,OP10005382,500ETF沽12月7250,0.0,0.0,0.0,0.0,31,1.0739,1.0902,30,1.025,1.097,0.0,0.0,0.0,0.0,560
2023-05-10 09:30:38,OP10005382,500ETF沽12月7250,0.0,0.0,0.0,0.0,31,1.0739,1.0902,30,1.025,1.097,0.0,0.0,0.0,0.0,560
2023-05-10 09:30:38,OP10005382,500ETF沽12月7250,0.0,0.0,0.0,0.0,20,1.0753,1.0902,30,1.025,1.097,0.0,0.0,0.0,0.0,560
2023-05-10 09:30:38,OP10005382,500ETF沽12月7250,0.0,0.0,0.0,0.0,30,1.0753,1.0902,30,1.025,1.097,0.0,0.0,0.0,0.0,560
2023-05-10 09:30:41,OP10005382,500ETF沽12月7250,0.0,0.0,0.0,0.0,20,1.0765,1.0902,30,1.025,1.097,0.0,0.0,0.0,0.0,560
2023-05-10 09:30:41,OP10005382,500ETF沽12月7250,0.0,0.0,0.0,0.0,30,1.0753,1.0902,30,1.025,1.097,0.0,0.0,0.0,0.0,560
2023-05-10 09:30:47,OP10005382,500ETF沽12月7250,0.0,0.0,0.0,0.0,20,1.0753,1.0902,30,1.025,1.097,0.0,0.0,0.0,0.0,560
2023-05-10 09:30:47,OP10005382,500ETF沽12月7250,0.0,0.0,0.0,0.0,10,1.0753,1.0902,30,1.025,1.097,0.0,0.0,0.0,0.0,560
2023-05-10 09:30:47,OP10005382,500ETF沽12月7250,0.0,0.0,0.0,0.0,20,1.0753,1.0902,30,1.025,1.097,0.0,0.0,0.0,0.0,560
2023-05-10 09:30:50,OP10005382,500ETF沽12月7250,0.0,0.0,0.0,0.0,31,1.0739,1.0902,30,1.025,1.097,0.0,0.0,0.0,0.0,560
2023-05-10 09:30:50,OP10005382,500ETF沽12月7250,0.0,0.0,0.0,0.0,1,1.074,1.0902,30,1.025,1.097,0.0,0.0,0.0,0.0,560
2023-05-10 09:30:50,OP10005382,500ETF沽12月7250,0.0,0.0,0.0,0.0,10,1.076,1.0902,30,1.025,1.097,0.0,0.0,0.0,0.0,560
2023-05-10 09:30:50,OP10005382,500ETF沽12月7250,0.0,0.0,0.0,0.0,40,1.076,1.0902,30,1.025,1.097,0.0,0.0,0.0,0.0,560
2023-05-10 09:30:50,OP10005382,500ETF沽12月7250,0.0,0.0,0.0,0.0,40,1.076,1.0902,30,1.025,1.097,0.0,0.0,0.0,0.0,560
2023-05-10 09:30:53,OP10005382,500ETF沽12月7250,0.0,0.0,0.0,0.0,50,1.076,1.0902,30,1.025,1.097,0.0,0.0,0.0,0.0,560
2023-05-10 09:30:59,OP10005382,500ETF沽12月7250,0.0,0.0,0.0,0.0,50,1.076,1.0902,30,1.025,1.097,0.0,0.0,0.0,0.0,560
2023-05-10 09:30:59,OP10005382,500ETF沽12月7250,0.0,0.0,0.0,0.0,20,1.0771,1.0902,30,1.025,1.097,0.0,0.0,0.0,0.0,560
2023-05-10 09:30:59,OP10005382,500ETF沽12月7250,0.0,0.0,0.0,0.0,10,1.0771,1.0902,30,1.025,1.097,0.0,0.0,0.0,0.0,560
2023-05-10 09:31:02,OP10005382,500ETF沽12月7250,0.0,0.0,0.0,0.0,30,1.0771,1.0902,30,1.025,1.097,0.0,0.0,0.0,0.0,560
2023-05-10 09:31:02,OP10005382,500ETF沽12月7250,0.0,0.0,0.0,0.0,40,1.0771,1.0902,20,1.025,1.097,0.0,0.0,0.0,0.0,560
2023-05-10 09:31:02,OP10005382,500ETF沽12月7250,0.0,0.0,0.0,0.0,40,1.0771,1.0902,10,1.025,1.097,0.0,0.0,0.0,0.0,560
2023-05-10 09:31:02,OP10005382,500ETF沽12月7250,0.0,0.0,0.0,0.0,40,1.0771,1.0902,20,1.025,1.097,0.0,0.0,0.0,0.0,560
2023-05-10 09:31:02,OP10005382,500ETF沽12月7250,0.0,0.0,0.0,0.0,40,1.0771,1.0902,10,1.025,1.097,0.0,0.0,0.0,0.0,560
2023-05-10 09:31:05,OP10005382,500ETF沽12月7250,0.0,0.0,0.0,0.0,10,1.0789,1.0902,20,1.025,1.097,0.0,0.0,0.0,0.0,560
2023-05-10 09:31:05,OP10005382,500ETF沽12月7250,0.0,0.0,0.0,0.0,40,1.0789,1.0903,10,1.025,1.097,0.0,0.0,0.0,0.0,560
2023-05-10 09:31:05,OP10005382,500ETF沽12月7250,0.0,0.0,0.0,0.0,40,1.0789,1.0905,20,1.025,1.097,0.0,0.0,0.0,0.0,560
2023-05-10 09:31:05,OP10005382,500ETF沽12月7250,0.0,0.0,0.0,0.0,50,1.0789,1.0905,10,1.025,1.097,0.0,0.0,0.0,0.0,560
2023-05-10 09:31:05,OP10005382,500ETF沽12月7250,0.0,0.0,0.0,0.0,50,1.0789,1.0918,30,1.025,1.097,0.0,0.0,0.0,0.0,560
2023-05-10 09:31:08,OP10005382,500ETF沽12月7250,0.0,0.0,0.0,0.0,50,1.0789,1.0918,20,1.025,1.097,0.0,0.0,0.0,0.0,560
2023-05-10 09:31:08,OP10005382,500ETF沽12月7250,0.0,0.0,0.0,0.0,20,1.08,1.0929,10,1.025,1.097,0.0,0.0,0.0,0.0,560
2023-05-10 09:31:08,OP10005382,500ETF沽12月7250,0.0,0.0,0.0,0.0,10,1.0813,1.0936,30,1.025,1.097,0.0,0.0,0.0,0.0,560
2023-05-10 09:31:08,OP10005382,500ETF沽12月7250,0.0,0.0,0.0,0.0,20,1.0813,1.0936,30,1.025,1.097,0.0,0.0,0.0,0.0,560
2023-05-10 09:31:08,OP10005382,500ETF沽12月7250,0.0,0.0,0.0,0.0,20,1.0815,1.0936,30,1.025,1.097,0.0,0.0,0.0,0.0,560
2023-05-10 09:31:08,OP10005382,500ETF沽12月7250,0.0,0.0,0.0,0.0,30,1.0815,1.0936,30,1.025,1.097,0.0,0.0,0.0,0.0,560
2023-05-10 09:31:11,OP10005382,500ETF沽12月7250,0.0,0.0,0.0,0.0,30,1.0815,1.0936,10,1.025,1.097,0.0,0.0,0.0,0.0,560
2023-05-10 09:31:11,OP10005382,500ETF沽12月7250,0.0,0.0,0.0,0.0,40,1.0815,1.0948,30,1.025,1.097,0.0,0.0,0.0,0.0,560
2023-05-10 09:31:11,OP10005382,500ETF沽12月7250,0.0,0.0,0.0,0.0,40,1.0815,1.0948,30,1.025,1.097,0.0,0.0,0.0,0.0,560
2023-05-10 09:31:14,OP10005382,500ETF沽12月7250,0.0,0.0,0.0,0.0,20,1.0826,1.0948,30,1.025,1.097,0.0,0.0,0.0,0.0,560
2023-05-10 09:31:14,OP10005382,500ETF沽12月7250,0.0,0.0,0.0,0.0,10,1.0826,1.0948,30,1.025,1.097,0.0,0.0,0.0,0.0,560
2023-05-10 09:31:14,OP10005382,500ETF沽12月7250,0.0,0.0,0.0,0.0,20,1.0826,1.0948,30,1.025,1.097,0.0,0.0,0.0,0.0,560
2023-05-10 09:31:14,OP10005382,500ETF沽12月7250,0.0,0.0,0.0,0.0,30,1.0815,1.0948,30,1.025,1.097,0.0,0.0,0.0,0.0,560
2023-05-10 09:31:14,OP10005382,500ETF沽12月7250,0.0,0.0,0.0,0.0,40,1.0815,1.0948,30,1.025,1.097,0.0,0.0,0.0,0.0,560
2023-05-10 09:31:26,OP10005382,500ETF沽12月7250,0.0,0.0,0.0,0.0,41,1.0815,1.0948,30,1.025,1.097,0.0,0.0,0.0,0.0,560
2023-05-10 09:31:26,OP10005382,500ETF沽12月7250,0.0,0.0,0.0,0.0,41,1.0815,1.0948,30,1.025,1.097,0.0,0.0,0.0,0.0,560
2023-05-10 09:31:29,OP10005382,500ETF沽12月7250,0.0,0.0,0.0,0.0,31,1.0815,1.0948,30,1.025,1.097,0.0,0.0,0.0,0.0,560
2023-05-10 09:31:32,OP10005382,500ETF沽12月7250,0.0,0.0,0.0,0.0,31,1.0815,1.0948,30,1.025,1.097,0.0,0.0,0.0,0.0,560
2023-05-10 09:31:32,OP10005382,500ETF沽12月7250,0.0,0.0,0.0,0.0,41,1.0815,1.0948,20,1.025,1.097,0.0,0.0,0.0,0.0,560
2023-05-10 09:31:32,OP10005382,500ETF沽12月7250,0.0,0.0,0.0,0.0,41,1.0815,1.0948,10,1.025,1.097,0.0,0.0,0.0,0.0,560
2023-05-10 09:31:32,OP10005382,500ETF沽12月7250,0.0,0.0,0.0,0.0,41,1.0815,1.0945,10,1.025,1.097,0.0,0.0,0.0,0.0,560
2023-05-10 09:31:32,OP10005382,500ETF沽12月7250,0.0,0.0,0.0,0.0,41,1.0815,1.0945,20,1.025,1.097,0.0,0.0,0.0,0.0,560
2023-05-10 09:31:35,OP10005382,500ETF沽12月7250,0.0,0.0,0.0,0.0,40,1.0815,1.0945,20,1.025,1.097,0.0,0.0,0.0,0.0,560
2023-05-10 09:31:35,OP10005382,500ETF沽12月7250,0.0,0.0,0.0,0.0,40,1.0815,1.0945,20,1.025,1.097,0.0,0.0,0.0,0.0,560
2023-05-10 09:31:35,OP10005382,500ETF沽12月7250,0.0,0.0,0.0,0.0,41,1.0815,1.0945,20,1.025,1.097,0.0,0.0,0.0,0.0,560
2023-05-10 09:31:35,OP10005382,500ETF沽12月7250,0.0,0.0,0.0,0.0,41,1.0815,1.0921,10,1.025,1.097,0.0,0.0,0.0,0.0,560
2023-05-10 09:31:38,OP10005382,500ETF沽12月7250,0.0,0.0,0.0,0.0,41,1.0815,1.0921,30,1.025,1.097,0.0,0.0,0.0,0.0,560
2023-05-10 09:31:38,OP10005382,500ETF沽12月7250,0.0,0.0,0.0,0.0,40,1.0815,1.0921,30,1.025,1.097,0.0,0.0,0.0,0.0,560
2023-05-10 09:31:41,OP10005382,500ETF沽12月7250,0.0,0.0,0.0,0.0,30,1.0815,1.0921,40,1.025,1.097,0.0,0.0,0.0,0.0,560
2023-05-10 09:31:41,OP10005382,500ETF沽12月7250,0.0,0.0,0.0,0.0,30,1.0815,1.0921,30,1.025,1.097,0.0,0.0,0.0,0.0,560
2023-05-10 09:31:41,OP10005382,500ETF沽12月7250,0.0,0.0,0.0,0.0,10,1.0814,1.0921,30,1.025,1.097,0.0,0.0,0.0,0.0,560
2023-05-10 09:31:41,OP10005382,500ETF沽12月7250,0.0,0.0,0.0,0.0,1,1.0812,1.0921,30,1.025,1.097,0.0,0.0,0.0,0.0,560
2023-05-10 09:31:44,OP10005382,500ETF沽12月7250,0.0,0.0,0.0,0.0,1,1.0812,1.0921,30,1.025,1.097,0.0,0.0,0.0,0.0,560
2023-05-10 09:31:44,OP10005382,500ETF沽12月7250,0.0,0.0,0.0,0.0,1,1.0812,1.0921,30,1.025,1.097,0.0,0.0,0.0,0.0,560
2023-05-10 09:31:44,OP10005382,500ETF沽12月7250,0.0,0.0,0.0,0.0,1,1.0812,1.0921,30,1.025,1.097,0.0,0.0,0.0,0.0,560
2023-05-10 09:31:44,OP10005382,500ETF沽12月7250,0.0,0.0,0.0,0.0,1,1.0812,1.0921,30,1.025,1.097,0.0,0.0,0.0,0.0,560
2023-05-10 09:31:47,OP10005382,500ETF沽12月7250,0.0,0.0,0.0,0.0,10,1.0808,1.0921,30,1.025,1.097,0.0,0.0,0.0,0.0,560
2023-05-10 09:31:47,OP10005382,500ETF沽12月7250,0.0,0.0,0.0,0.0,1,1.0809,1.0921,30,1.025,1.097,0.0,0.0,0.0,0.0,560
2023-05-10 09:31:47,OP10005382,500ETF沽12月7250,0.0,0.0,0.0,0.0,1,1.0809,1.0921,30,1.025,1.097,0.0,0.0,0.0,0.0,560
2023-05-10 09:31:47,OP10005382,500ETF沽12月7250,0.0,0.0,0.0,0.0,11,1.0809,1.0921,30,1.025,1.097,0.0,0.0,0.0,0.0,560
2023-05-10 09:31:47,OP10005382,500ETF沽12月7250,0.0,0.0,0.0,0.0,10,1.0809,1.0921,30,1.025,1.097,0.0,0.0,0.0,0.0,560
2023-05-10 09:31:50,OP10005382,500ETF沽12月7250,0.0,0.0,0.0,0.0,1,1.0806,1.0921,30,1.025,1.097,0.0,0.0,0.0,0.0,560
2023-05-10 09:31:50,OP10005382,500ETF沽12月7250,0.0,0.0,0.0,0.0,11,1.0806,1.0921,30,1.025,1.097,0.0,0.0,0.0,0.0,560
2023-05-10 09:31:50,OP10005382,500ETF沽12月7250,0.0,0.0,0.0,0.0,1,1.0806,1.0921,30,1.025,1.097,0.0,0.0,0.0,0.0,560
2023-05-10 09:31:50,OP10005382,500ETF沽12月7250,0.0,0.0,0.0,0.0,1,1.0806,1.0921,30,1.025,1.097,0.0,0.0,0.0,0.0,560
2023-05-10 09:31:50,OP10005382,500ETF沽12月7250,0.0,0.0,0.0,0.0,1,1.0806,1.0921,40,1.025,1.097,0.0,0.0,0.0,0.0,560
2023-05-10 09:31:53,OP10005382,500ETF沽12月7250,0.0,0.0,0.0,0.0,1,1.0806,1.0921,30,1.025,1.097,0.0,0.0,0.0,0.0,560
2023-05-10 09:31:53,OP10005382,500ETF沽12月7250,0.0,0.0,0.0,0.0,1,1.0806,1.0921,30,1.025,1.097,0.0,0.0,0.0,0.0,560
2023-05-10 09:31:53,OP10005382,500ETF沽12月7250,0.0,0.0,0.0,0.0,1,1.0806,1.0921,30,1.025,1.097,0.0,0.0,0.0,0.0,560
2023-05-10 09:31:53,OP10005382,500ETF沽12月7250,0.0,0.0,0.0,0.0,11,1.0806,1.0921,30,1.025,1.097,0.0,0.0,0.0,0.0,560
2023-05-10 09:31:56,OP10005382,500ETF沽12月7250,0.0,0.0,0.0,0.0,21,1.0806,1.0921,40,1.025,1.097,0.0,0.0,0.0,0.0,560
2023-05-10 09:31:56,OP10005382,500ETF沽12月7250,0.0,0.0,0.0,0.0,20,1.0806,1.0921,40,1.025,1.097,0.0,0.0,0.0,0.0,560
2023-05-10 09:31:56,OP10005382,500ETF沽12月7250,0.0,0.0,0.0,0.0,10,1.0806,1.0921,40,1.025,1.097,0.0,0.0,0.0,0.0,560
2023-05-10 09:31:56,OP10005382,500ETF沽12月7250,0.0,0.0,0.0,0.0,1,1.0804,1.0921,40,1.025,1.097,0.0,0.0,0.0,0.0,560
2023-05-10 09:31:59,OP10005382,500ETF沽12月7250,0.0,0.0,0.0,0.0,1,1.0804,1.0921,40,1.025,1.097,0.0,0.0,0.0,0.0,560
2023-05-10 09:31:59,OP10005382,500ETF沽12月7250,0.0,0.0,0.0,0.0,1,1.0804,1.0921,40,1.025,1.097,0.0,0.0,0.0,0.0,560
2023-05-10 09:31:59,OP10005382,500ETF沽12月7250,0.0,0.0,0.0,0.0,30,1.0802,1.0896,10,1.025,1.097,0.0,0.0,0.0,0.0,560
2023-05-10 09:31:59,OP10005382,500ETF沽12月7250,0.0,0.0,0.0,0.0,30,1.0802,1.0896,30,1.025,1.097,0.0,0.0,0.0,0.0,560
2023-05-10 09:31:59,OP10005382,500ETF沽12月7250,0.0,0.0,0.0,0.0,10,1.08,1.0896,30,1.025,1.097,0.0,0.0,0.0,0.0,560
2023-05-10 09:31:59,OP10005382,500ETF沽12月7250,0.0,0.0,0.0,0.0,10,1.0797,1.0896,30,1.025,1.097,0.0,0.0,0.0,0.0,560
2023-05-10 09:32:02,OP10005382,500ETF沽12月7250,0.0,0.0,0.0,0.0,20,1.0797,1.0896,30,1.025,1.097,0.0,0.0,0.0,0.0,560
2023-05-10 09:32:02,OP10005382,500ETF沽12月7250,0.0,0.0,0.0,0.0,20,1.0797,1.0896,30,1.025,1.097,0.0,0.0,0.0,0.0,560
2023-05-10 09:32:02,OP10005382,500ETF沽12月7250,0.0,0.0,0.0,0.0,20,1.0797,1.0896,30,1.025,1.097,0.0,0.0,0.0,0.0,560
2023-05-10 09:32:02,OP10005382,500ETF沽12月7250,0.0,0.0,0.0,0.0,10,1.0797,1.0896,30,1.025,1.097,0.0,0.0,0.0,0.0,560
2023-05-10 09:32:05,OP10005382,500ETF沽12月7250,0.0,0.0,0.0,0.0,10,1.078,1.0896,40,1.025,1.097,0.0,0.0,0.0,0.0,560
2023-05-10 09:32:05,OP10005382,500ETF沽12月7250,0.0,0.0,0.0,0.0,1,1.078,1.0896,40,1.025,1.097,0.0,0.0,0.0,0.0,560
2023-05-10 09:32:05,OP10005382,500ETF沽12月7250,0.0,0.0,0.0,0.0,1,1.078,1.0896,30,1.025,1.097,0.0,0.0,0.0,0.0,560
2023-05-10 09:32:05,OP10005382,500ETF沽12月7250,0.0,0.0,0.0,0.0,1,1.078,1.0896,30,1.025,1.097,0.0,0.0,0.0,0.0,560
2023-05-10 09:32:05,OP10005382,500ETF沽12月7250,0.0,0.0,0.0,0.0,11,1.078,1.0896,30,1.025,1.097,0.0,0.0,0.0,0.0,560
2023-05-10 09:32:05,OP10005382,500ETF沽12月7250,0.0,0.0,0.0,0.0,21,1.078,1.0896,30,1.025,1.097,0.0,0.0,0.0,0.0,560
2023-05-10 09:32:08,OP10005382,500ETF沽12月7250,0.0,0.0,0.0,0.0,21,1.078,1.0896,30,1.025,1.097,0.0,0.0,0.0,0.0,560
2023-05-10 09:32:08,OP10005382,500ETF沽12月7250,0.0,0.0,0.0,0.0,21,1.078,1.0896,40,1.025,1.097,0.0,0.0,0.0,0.0,560
2023-05-10 09:32:11,OP10005382,500ETF沽12月7250,0.0,0.0,0.0,0.0,21,1.078,1.0896,30,1.025,1.097,0.0,0.0,0.0,0.0,560
2023-05-10 09:32:14,OP10005382,500ETF沽12月7250,0.0,0.0,0.0,0.0,11,1.078,1.0896,30,1.025,1.097,0.0,0.0,0.0,0.0,560
2023-05-10 09:32:14,OP10005382,500ETF沽12月7250,0.0,0.0,0.0,0.0,1,1.078,1.0896,40,1.025,1.097,0.0,0.0,0.0,0.0,560
2023-05-10 09:32:14,OP10005382,500ETF沽12月7250,0.0,0.0,0.0,0.0,11,1.078,1.0896,40,1.025,1.097,0.0,0.0,0.0,0.0,560
2023-05-10 09:32:14,OP10005382,500ETF沽12月7250,0.0,0.0,0.0,0.0,1,1.0781,1.0896,40,1.025,1.097,0.0,0.0,0.0,0.0,560
2023-05-10 09:32:17,OP10005382,500ETF沽12月7250,0.0,0.0,0.0,0.0,10,1.078,1.0896,40,1.025,1.097,0.0,0.0,0.0,0.0,560
2023-05-10 09:32:17,OP10005382,500ETF沽12月7250,0.0,0.0,0.0,0.0,30,1.0779,1.0896,40,1.025,1.097,0.0,0.0,0.0,0.0,560
2023-05-10 09:32:17,OP10005382,500ETF沽12月7250,0.0,0.0,0.0,0.0,40,1.0779,1.0896,40,1.025,1.097,0.0,0.0,0.0,0.0,560
2023-05-10 09:32:17,OP10005382,500ETF沽12月7250,0.0,0.0,0.0,0.0,40,1.0779,1.0896,40,1.025,1.097,0.0,0.0,0.0,0.0,560
2023-05-10 09:32:20,OP10005382,500ETF沽12月7250,0.0,0.0,0.0,0.0,30,1.0779,1.0896,40,1.025,1.097,0.0,0.0,0.0,0.0,560
2023-05-10 09:32:20,OP10005382,500ETF沽12月7250,0.0,0.0,0.0,0.0,30,1.0779,1.0896,40,1.025,1.097,0.0,0.0,0.0,0.0,560
2023-05-10 09:32:20,OP10005382,500ETF沽12月7250,0.0,0.0,0.0,0.0,30,1.0779,1.0896,40,1.025,1.097,0.0,0.0,0.0,0.0,560
2023-05-10 09:32:23,OP10005382,500ETF沽12月7250,0.0,0.0,0.0,0.0,40,1.0779,1.0896,50,1.025,1.097,0.0,0.0,0.0,0.0,560
2023-05-10 09:32:26,OP10005382,500ETF沽12月7250,0.0,0.0,0.0,0.0,41,1.0779,1.0896,50,1.025,1.097,0.0,0.0,0.0,0.0,560
2023-05-10 09:32:26,OP10005382,500ETF沽12月7250,0.0,0.0,0.0,0.0,41,1.0779,1.0896,50,1.025,1.097,0.0,0.0,0.0,0.0,560
2023-05-10 09:32:29,OP10005382,500ETF沽12月7250,0.0,0.0,0.0,0.0,51,1.0779,1.0896,50,1.025,1.097,0.0,0.0,0.0,0.0,560
2023-05-10 09:32:32,OP10005382,500ETF沽12月7250,0.0,0.0,0.0,0.0,50,1.0779,1.0896,50,1.025,1.097,0.0,0.0,0.0,0.0,560
2023-05-10 09:32:32,OP10005382,500ETF沽12月7250,0.0,0.0,0.0,0.0,50,1.0779,1.0896,50,1.025,1.097,0.0,0.0,0.0,0.0,560
2023-05-10 09:32:35,OP10005382,500ETF沽12月7250,0.0,0.0,0.0,0.0,50,1.0779,1.0896,50,1.025,1.097,0.0,0.0,0.0,0.0,560
2023-05-10 09:32:38,OP10005382,500ETF沽12月7250,0.0,0.0,0.0,0.0,40,1.0779,1.0896,50,1.025,1.097,0.0,0.0,0.0,0.0,560
2023-05-10 09:32:41,OP10005382,500ETF沽12月7250,0.0,0.0,0.0,0.0,40,1.0779,1.0896,50,1.025,1.097,0.0,0.0,0.0,0.0,560
2023-05-10 09:32:41,OP10005382,500ETF沽12月7250,0.0,0.0,0.0,0.0,40,1.0779,1.0896,50,1.025,1.097,0.0,0.0,0.0,0.0,560
2023-05-10 09:32:44,OP10005382,500ETF沽12月7250,0.0,0.0,0.0,0.0,40,1.0779,1.0896,50,1.025,1.097,0.0,0.0,0.0,0.0,560
2023-05-10 09:32:44,OP10005382,500ETF沽12月7250,0.0,0.0,0.0,0.0,40,1.0779,1.0896,50,1.025,1.097,0.0,0.0,0.0,0.0,560
2023-05-10 09:32:44,OP10005382,500ETF沽12月7250,0.0,0.0,0.0,0.0,40,1.0779,1.0896,50,1.025,1.097,0.0,0.0,0.0,0.0,560
2023-05-10 09:32:47,OP10005382,500ETF沽12月7250,0.0,0.0,0.0,0.0,50,1.0779,1.0896,50,1.025,1.097,0.0,0.0,0.0,0.0,560
2023-05-10 09:32:47,OP10005382,500ETF沽12月7250,0.0,0.0,0.0,0.0,50,1.0779,1.0896,50,1.025,1.097,0.0,0.0,0.0,0.0,560
2023-05-10 09:32:47,OP10005382,500ETF沽12月7250,0.0,0.0,0.0,0.0,50,1.0779,1.0896,50,1.025,1.097,0.0,0.0,0.0,0.0,560
2023-05-10 09:32:53,OP10005382,500ETF沽12月7250,0.0,0.0,0.0,0.0,40,1.0779,1.0896,50,1.025,1.097,0.0,0.0,0.0,0.0,560
2023-05-10 09:32:53,OP10005382,500ETF沽12月7250,0.0,0.0,0.0,0.0,40,1.0779,1.0896,50,1.025,1.097,0.0,0.0,0.0,0.0,560
2023-05-10 09:32:53,OP10005382,500ETF沽12月7250,0.0,0.0,0.0,0.0,40,1.0779,1.0896,50,1.025,1.097,0.0,0.0,0.0,0.0,560
2023-05-10 09:32:53,OP10005382,500ETF沽12月7250,0.0,0.0,0.0,0.0,30,1.0779,1.0896,40,1.025,1.097,0.0,0.0,0.0,0.0,560
2023-05-10 09:32:56,OP10005382,500ETF沽12月7250,0.0,0.0,0.0,0.0,30,1.0779,1.0896,40,1.025,1.097,0.0,0.0,0.0,0.0,560
2023-05-10 09:32:56,OP10005382,500ETF沽12月7250,0.0,0.0,0.0,0.0,30,1.0779,1.0896,50,1.025,1.097,0.0,0.0,0.0,0.0,560
2023-05-10 09:32:56,OP10005382,500ETF沽12月7250,0.0,0.0,0.0,0.0,40,1.0779,1.0896,50,1.025,1.097,0.0,0.0,0.0,0.0,560
2023-05-10 09:32:59,OP10005382,500ETF沽12月7250,0.0,0.0,0.0,0.0,40,1.0779,1.0896,50,1.025,1.097,0.0,0.0,0.0,0.0,560
2023-05-10 09:32:59,OP10005382,500ETF沽12月7250,0.0,0.0,0.0,0.0,30,1.0779,1.0896,50,1.025,1.097,0.0,0.0,0.0,0.0,560
2023-05-10 09:32:59,OP10005382,500ETF沽12月7250,0.0,0.0,0.0,0.0,20,1.0779,1.0875,10,1.025,1.097,0.0,0.0,0.0,0.0,560
2023-05-10 09:32:59,OP10005382,500ETF沽12月7250,0.0,0.0,0.0,0.0,20,1.0779,1.0875,30,1.025,1.097,0.0,0.0,0.0,0.0,560
2023-05-10 09:32:59,OP10005382,500ETF沽12月7250,0.0,0.0,0.0,0.0,20,1.0779,1.0875,30,1.025,1.097,0.0,0.0,0.0,0.0,560
2023-05-10 09:33:02,OP10005382,500ETF沽12月7250,0.0,0.0,0.0,0.0,20,1.0779,1.0875,30,1.025,1.097,0.0,0.0,0.0,0.0,560
2023-05-10 09:33:02,OP10005382,500ETF沽12月7250,0.0,0.0,0.0,0.0,20,1.0779,1.0875,30,1.025,1.097,0.0,0.0,0.0,0.0,560
2023-05-10 09:33:02,OP10005382,500ETF沽12月7250,0.0,0.0,0.0,0.0,20,1.0779,1.0875,40,1.025,1.097,0.0,0.0,0.0,0.0,560
2023-05-10 09:33:02,OP10005382,500ETF沽12月7250,0.0,0.0,0.0,0.0,20,1.0779,1.0875,30,1.025,1.097,0.0,0.0,0.0,0.0,560
2023-05-10 09:33:05,OP10005382,500ETF沽12月7250,0.0,0.0,0.0,0.0,20,1.0779,1.0875,30,1.025,1.097,0.0,0.0,0.0,0.0,560
2023-05-10 09:33:05,OP10005382,500ETF沽12月7250,0.0,0.0,0.0,0.0,20,1.0779,1.0875,20,1.025,1.097,0.0,0.0,0.0,0.0,560
2023-05-10 09:33:08,OP10005382,500ETF沽12月7250,0.0,0.0,0.0,0.0,21,1.0779,1.0875,20,1.025,1.097,0.0,0.0,0.0,0.0,560
2023-05-10 09:33:08,OP10005382,500ETF沽12月7250,0.0,0.0,0.0,0.0,21,1.0779,1.0875,20,1.025,1.097,0.0,0.0,0.0,0.0,560
2023-05-10 09:33:08,OP10005382,500ETF沽12月7250,0.0,0.0,0.0,0.0,20,1.0779,1.0875,20,1.025,1.097,0.0,0.0,0.0,0.0,560
2023-05-10 09:33:08,OP10005382,500ETF沽12月7250,0.0,0.0,0.0,0.0,20,1.0779,1.0875,20,1.025,1.097,0.0,0.0,0.0,0.0,560
2023-05-10 09:33:08,OP10005382,500ETF沽12月7250,0.0,0.0,0.0,0.0,20,1.0779,1.0875,20,1.025,1.097,0.0,0.0,0.0,0.0,560
2023-05-10 09:33:11,OP10005382,500ETF沽12月7250,0.0,0.0,0.0,0.0,20,1.0779,1.0875,20,1.025,1.097,0.0,0.0,0.0,0.0,560
2023-05-10 09:33:11,OP10005382,500ETF沽12月7250,0.0,0.0,0.0,0.0,20,1.0779,1.0875,20,1.025,1.097,0.0,0.0,0.0,0.0,560
2023-05-10 09:33:14,OP10005382,500ETF沽12月7250,0.0,0.0,0.0,0.0,20,1.0779,1.0875,20,1.025,1.097,0.0,0.0,0.0,0.0,560
2023-05-10 09:33:14,OP10005382,500ETF沽12月7250,0.0,0.0,0.0,0.0,20,1.0779,1.0875,20,1.025,1.097,0.0,0.0,0.0,0.0,560
2023-05-10 09:33:14,OP10005382,500ETF沽12月7250,0.0,0.0,0.0,0.0,30,1.0779,1.0875,20,1.025,1.097,0.0,0.0,0.0,0.0,560
2023-05-10 09:33:14,OP10005382,500ETF沽12月7250,0.0,0.0,0.0,0.0,30,1.0779,1.0875,20,1.025,1.097,0.0,0.0,0.0,0.0,560
2023-05-10 09:33:14,OP10005382,500ETF沽12月7250,0.0,0.0,0.0,0.0,30,1.0779,1.0875,30,1.025,1.097,0.0,0.0,0.0,0.0,560
2023-05-10 09:33:20,OP10005382,500ETF沽12月7250,0.0,0.0,0.0,0.0,30,1.0779,1.0875,30,1.025,1.097,0.0,0.0,0.0,0.0,560
2023-05-10 09:33:23,OP10005382,500ETF沽12月7250,0.0,0.0,0.0,0.0,30,1.0779,1.0875,30,1.025,1.097,0.0,0.0,0.0,0.0,560
2023-05-10 09:33:23,OP10005382,500ETF沽12月7250,0.0,0.0,0.0,0.0,31,1.0779,1.0875,30,1.025,1.097,0.0,0.0,0.0,0.0,560
2023-05-10 09:33:26,OP10005382,500ETF沽12月7250,0.0,0.0,0.0,0.0,30,1.0779,1.0875,30,1.025,1.097,0.0,0.0,0.0,0.0,560
2023-05-10 09:33:26,OP10005382,500ETF沽12月7250,0.0,0.0,0.0,0.0,30,1.0779,1.0875,30,1.025,1.097,0.0,0.0,0.0,0.0,560
2023-05-10 09:33:29,OP10005382,500ETF沽12月7250,0.0,0.0,0.0,0.0,30,1.0779,1.0875,30,1.025,1.097,0.0,0.0,0.0,0.0,560
2023-05-10 09:33:29,OP10005382,500ETF沽12月7250,0.0,0.0,0.0,0.0,30,1.0779,1.0875,30,1.025,1.097,0.0,0.0,0.0,0.0,560
2023-05-10 09:33:29,OP10005382,500ETF沽12月7250,0.0,0.0,0.0,0.0,30,1.0779,1.0875,30,1.025,1.097,0.0,0.0,0.0,0.0,560
2023-05-10 09:33:32,OP10005382,500ETF沽12月7250,0.0,0.0,0.0,0.0,30,1.0779,1.0875,40,1.025,1.097,0.0,0.0,0.0,0.0,560
2023-05-10 09:33:32,OP10005382,500ETF沽12月7250,0.0,0.0,0.0,0.0,31,1.0779,1.0875,40,1.025,1.097,0.0,0.0,0.0,0.0,560
2023-05-10 09:33:32,OP10005382,500ETF沽12月7250,0.0,0.0,0.0,0.0,31,1.0779,1.0875,30,1.025,1.097,0.0,0.0,0.0,0.0,560
2023-05-10 09:33:32,OP10005382,500ETF沽12月7250,0.0,0.0,0.0,0.0,31,1.0779,1.0875,30,1.025,1.097,0.0,0.0,0.0,0.0,560
2023-05-10 09:33:32,OP10005382,500ETF沽12月7250,0.0,0.0,0.0,0.0,21,1.0779,1.0875,40,1.025,1.097,0.0,0.0,0.0,0.0,560
2023-05-10 09:33:38,OP10005382,500ETF沽12月7250,0.0,0.0,0.0,0.0,10,1.0786,1.0875,40,1.025,1.097,0.0,0.0,0.0,0.0,560
2023-05-10 09:33:38,OP10005382,500ETF沽12月7250,0.0,0.0,0.0,0.0,10,1.0793,1.087,10,1.025,1.097,0.0,0.0,0.0,0.0,560
2023-05-10 09:33:38,OP10005382,500ETF沽12月7250,0.0,0.0,0.0,0.0,30,1.0793,1.087,10,1.025,1.097,0.0,0.0,0.0,0.0,560
2023-05-10 09:33:41,OP10005382,500ETF沽12月7250,0.0,0.0,0.0,0.0,30,1.0793,1.087,10,1.025,1.097,0.0,0.0,0.0,0.0,560
2023-05-10 09:33:41,OP10005382,500ETF沽12月7250,0.0,0.0,0.0,0.0,30,1.0793,1.087,10,1.025,1.097,0.0,0.0,0.0,0.0,560
2023-05-10 09:33:41,OP10005382,500ETF沽12月7250,0.0,0.0,0.0,0.0,30,1.0793,1.087,10,1.025,1.097,0.0,0.0,0.0,0.0,560
2023-05-10 09:33:44,OP10005382,500ETF沽12月7250,0.0,0.0,0.0,0.0,30,1.0793,1.087,10,1.025,1.097,0.0,0.0,0.0,0.0,560
2023-05-10 09:33:44,OP10005382,500ETF沽12月7250,0.0,0.0,0.0,0.0,30,1.0793,1.087,10,1.025,1.097,0.0,0.0,0.0,0.0,560
2023-05-10 09:33:44,OP10005382,500ETF沽12月7250,0.0,0.0,0.0,0.0,40,1.0793,1.087,10,1.025,1.097,0.0,0.0,0.0,0.0,560
2023-05-10 09:33:47,OP10005382,500ETF沽12月7250,0.0,0.0,0.0,0.0,30,1.0793,1.087,10,1.025,1.097,0.0,0.0,0.0,0.0,560
2023-05-10 09:33:47,OP10005382,500ETF沽12月7250,0.0,0.0,0.0,0.0,30,1.0793,1.087,10,1.025,1.097,0.0,0.0,0.0,0.0,560
2023-05-10 09:33:50,OP10005382,500ETF沽12月7250,0.0,0.0,0.0,0.0,30,1.0793,1.087,10,1.025,1.097,0.0,0.0,0.0,0.0,560
2023-05-10 09:33:50,OP10005382,500ETF沽12月7250,0.0,0.0,0.0,0.0,40,1.0793,1.087,10,1.025,1.097,0.0,0.0,0.0,0.0,560
2023-05-10 09:33:53,OP10005382,500ETF沽12月7250,0.0,0.0,0.0,0.0,30,1.0793,1.087,10,1.025,1.097,0.0,0.0,0.0,0.0,560
2023-05-10 09:33:53,OP10005382,500ETF沽12月7250,0.0,0.0,0.0,0.0,30,1.0793,1.087,10,1.025,1.097,0.0,0.0,0.0,0.0,560
2023-05-10 09:33:53,OP10005382,500ETF沽12月7250,0.0,0.0,0.0,0.0,30,1.0793,1.087,10,1.025,1.097,0.0,0.0,0.0,0.0,560
2023-05-10 09:33:56,OP10005382,500ETF沽12月7250,0.0,0.0,0.0,0.0,20,1.0793,1.0872,10,1.025,1.097,0.0,0.0,0.0,0.0,560
2023-05-10 09:33:56,OP10005382,500ETF沽12月7250,0.0,0.0,0.0,0.0,20,1.0793,1.0854,10,1.025,1.097,0.0,0.0,0.0,0.0,560
2023-05-10 09:33:56,OP10005382,500ETF沽12月7250,0.0,0.0,0.0,0.0,20,1.0793,1.0854,30,1.025,1.097,0.0,0.0,0.0,0.0,560
2023-05-10 09:33:56,OP10005382,500ETF沽12月7250,0.0,0.0,0.0,0.0,20,1.0793,1.0854,10,1.025,1.097,0.0,0.0,0.0,0.0,560
2023-05-10 09:33:56,OP10005382,500ETF沽12月7250,0.0,0.0,0.0,0.0,20,1.0793,1.0854,10,1.025,1.097,0.0,0.0,0.0,0.0,560
2023-05-10 09:33:59,OP10005382,500ETF沽12月7250,0.0,0.0,0.0,0.0,20,1.0793,1.0854,10,1.025,1.097,0.0,0.0,0.0,0.0,560
2023-05-10 09:33:59,OP10005382,500ETF沽12月7250,0.0,0.0,0.0,0.0,20,1.0793,1.0854,10,1.025,1.097,0.0,0.0,0.0,0.0,560
2023-05-10 09:34:02,OP10005382,500ETF沽12月7250,0.0,0.0,0.0,0.0,20,1.0793,1.0854,10,1.025,1.097,0.0,0.0,0.0,0.0,560
2023-05-10 09:34:02,OP10005382,500ETF沽12月7250,0.0,0.0,0.0,0.0,20,1.0793,1.0854,10,1.025,1.097,0.0,0.0,0.0,0.0,560
2023-05-10 09:34:02,OP10005382,500ETF沽12月7250,0.0,0.0,0.0,0.0,20,1.0793,1.0872,10,1.025,1.097,0.0,0.0,0.0,0.0,560
2023-05-10 09:34:02,OP10005382,500ETF沽12月7250,0.0,0.0,0.0,0.0,20,1.0793,1.0869,10,1.025,1.097,0.0,0.0,0.0,0.0,560
2023-05-10 09:34:02,OP10005382,500ETF沽12月7250,0.0,0.0,0.0,0.0,20,1.0793,1.0869,10,1.025,1.097,0.0,0.0,0.0,0.0,560
2023-05-10 09:34:05,OP10005382,500ETF沽12月7250,0.0,0.0,0.0,0.0,20,1.0793,1.0869,10,1.025,1.097,0.0,0.0,0.0,0.0,560
2023-05-10 09:34:05,OP10005382,500ETF沽12月7250,0.0,0.0,0.0,0.0,20,1.0793,1.0869,10,1.025,1.097,0.0,0.0,0.0,0.0,560
2023-05-10 09:34:08,OP10005382,500ETF沽12月7250,0.0,0.0,0.0,0.0,20,1.0793,1.0869,10,1.025,1.097,0.0,0.0,0.0,0.0,560
2023-05-10 09:34:08,OP10005382,500ETF沽12月7250,0.0,0.0,0.0,0.0,20,1.0793,1.0869,10,1.025,1.097,0.0,0.0,0.0,0.0,560
2023-05-10 09:34:11,OP10005382,500ETF沽12月7250,0.0,0.0,0.0,0.0,20,1.0793,1.0869,10,1.025,1.097,0.0,0.0,0.0,0.0,560
2023-05-10 09:34:11,OP10005382,500ETF沽12月7250,0.0,0.0,0.0,0.0,20,1.0793,1.0869,10,1.025,1.097,0.0,0.0,0.0,0.0,560
2023-05-10 09:34:11,OP10005382,500ETF沽12月7250,0.0,0.0,0.0,0.0,20,1.0793,1.0869,10,1.025,1.097,0.0,0.0,0.0,0.0,560
2023-05-10 09:34:11,OP10005382,500ETF沽12月7250,0.0,0.0,0.0,0.0,20,1.0793,1.0869,10,1.025,1.097,0.0,0.0,0.0,0.0,560
2023-05-10 09:34:17,OP10005382,500ETF沽12月7250,0.0,0.0,0.0,0.0,20,1.0793,1.0869,10,1.025,1.097,0.0,0.0,0.0,0.0,560
2023-05-10 09:34:17,OP10005382,500ETF沽12月7250,0.0,0.0,0.0,0.0,20,1.0793,1.0869,10,1.025,1.097,0.0,0.0,0.0,0.0,560
2023-05-10 09:34:17,OP10005382,500ETF沽12月7250,0.0,0.0,0.0,0.0,20,1.0793,1.0869,10,1.025,1.097,0.0,0.0,0.0,0.0,560
2023-05-10 09:34:20,OP10005382,500ETF沽12月7250,0.0,0.0,0.0,0.0,30,1.0793,1.0869,10,1.025,1.097,0.0,0.0,0.0,0.0,560
2023-05-10 09:34:20,OP10005382,500ETF沽12月7250,0.0,0.0,0.0,0.0,20,1.0793,1.0869,10,1.025,1.097,0.0,0.0,0.0,0.0,560
2023-05-10 09:34:20,OP10005382,500ETF沽12月7250,0.0,0.0,0.0,0.0,30,1.0793,1.0869,10,1.025,1.097,0.0,0.0,0.0,0.0,560
2023-05-10 09:34:23,OP10005382,500ETF沽12月7250,0.0,0.0,0.0,0.0,20,1.0793,1.0869,10,1.025,1.097,0.0,0.0,0.0,0.0,560
2023-05-10 09:34:23,OP10005382,500ETF沽12月7250,0.0,0.0,0.0,0.0,10,1.079,1.0875,20,1.025,1.097,0.0,0.0,0.0,0.0,560
2023-05-10 09:34:23,OP10005382,500ETF沽12月7250,0.0,0.0,0.0,0.0,10,1.0788,1.0855,10,1.025,1.097,0.0,0.0,0.0,0.0,560
2023-05-10 09:34:26,OP10005382,500ETF沽12月7250,0.0,0.0,0.0,0.0,10,1.0786,1.0855,10,1.025,1.097,0.0,0.0,0.0,0.0,560
2023-05-10 09:34:26,OP10005382,500ETF沽12月7250,0.0,0.0,0.0,0.0,10,1.0784,1.0855,10,1.025,1.097,0.0,0.0,0.0,0.0,560
2023-05-10 09:34:26,OP10005382,500ETF沽12月7250,0.0,0.0,0.0,0.0,20,1.0779,1.0855,10,1.025,1.097,0.0,0.0,0.0,0.0,560
2023-05-10 09:34:26,OP10005382,500ETF沽12月7250,0.0,0.0,0.0,0.0,30,1.0779,1.0855,10,1.025,1.097,0.0,0.0,0.0,0.0,560
2023-05-10 09:34:26,OP10005382,500ETF沽12月7250,0.0,0.0,0.0,0.0,20,1.0779,1.0866,10,1.025,1.097,0.0,0.0,0.0,0.0,560
2023-05-10 09:34:26,OP10005382,500ETF沽12月7250,0.0,0.0,0.0,0.0,20,1.0779,1.0841,10,1.025,1.097,0.0,0.0,0.0,0.0,560
2023-05-10 09:34:29,OP10005382,500ETF沽12月7250,0.0,0.0,0.0,0.0,20,1.0779,1.0841,10,1.025,1.097,0.0,0.0,0.0,0.0,560
2023-05-10 09:34:29,OP10005382,500ETF沽12月7250,0.0,0.0,0.0,0.0,10,1.0783,1.086,10,1.025,1.097,0.0,0.0,0.0,0.0,560
2023-05-10 09:34:29,OP10005382,500ETF沽12月7250,0.0,0.0,0.0,0.0,10,1.0783,1.086,10,1.025,1.097,0.0,0.0,0.0,0.0,560
2023-05-10 09:34:32,OP10005382,500ETF沽12月7250,0.0,0.0,0.0,0.0,10,1.0783,1.086,10,1.025,1.097,0.0,0.0,0.0,0.0,560
2023-05-10 09:34:32,OP10005382,500ETF沽12月7250,0.0,0.0,0.0,0.0,10,1.0783,1.086,10,1.025,1.097,0.0,0.0,0.0,0.0,560
2023-05-10 09:34:32,OP10005382,500ETF沽12月7250,0.0,0.0,0.0,0.0,20,1.0779,1.0844,10,1.025,1.097,0.0,0.0,0.0,0.0,560
2023-05-10 09:34:32,OP10005382,500ETF沽12月7250,0.0,0.0,0.0,0.0,20,1.0779,1.0844,10,1.025,1.097,0.0,0.0,0.0,0.0,560
2023-05-10 09:34:35,OP10005382,500ETF沽12月7250,0.0,0.0,0.0,0.0,20,1.0779,1.0844,10,1.025,1.097,0.0,0.0,0.0,0.0,560
2023-05-10 09:34:35,OP10005382,500ETF沽12月7250,0.0,0.0,0.0,0.0,20,1.0779,1.0844,10,1.025,1.097,0.0,0.0,0.0,0.0,560
2023-05-10 09:34:35,OP10005382,500ETF沽12月7250,0.0,0.0,0.0,0.0,20,1.0779,1.0844,10,1.025,1.097,0.0,0.0,0.0,0.0,560
2023-05-10 09:34:35,OP10005382,500ETF沽12月7250,0.0,0.0,0.0,0.0,20,1.0779,1.0844,10,1.025,1.097,0.0,0.0,0.0,0.0,560
2023-05-10 09:34:38,OP10005382,500ETF沽12月7250,0.0,0.0,0.0,0.0,20,1.0779,1.0844,10,1.025,1.097,0.0,0.0,0.0,0.0,560
2023-05-10 09:34:38,OP10005382,500ETF沽12月7250,0.0,0.0,0.0,0.0,20,1.0779,1.0844,10,1.025,1.097,0.0,0.0,0.0,0.0,560
2023-05-10 09:34:38,OP10005382,500ETF沽12月7250,0.0,0.0,0.0,0.0,20,1.0779,1.0844,10,1.025,1.097,0.0,0.0,0.0,0.0,560
2023-05-10 09:34:38,OP10005382,500ETF沽12月7250,0.0,0.0,0.0,0.0,20,1.0779,1.0844,10,1.025,1.097,0.0,0.0,0.0,0.0,560
2023-05-10 09:34:38,OP10005382,500ETF沽12月7250,0.0,0.0,0.0,0.0,20,1.0779,1.0844,10,1.025,1.097,0.0,0.0,0.0,0.0,560
2023-05-10 09:34:41,OP10005382,500ETF沽12月7250,0.0,0.0,0.0,0.0,20,1.0779,1.0844,10,1.025,1.097,0.0,0.0,0.0,0.0,560
2023-05-10 09:34:41,OP10005382,500ETF沽12月7250,0.0,0.0,0.0,0.0,20,1.0779,1.0844,10,1.025,1.097,0.0,0.0,0.0,0.0,560
2023-05-10 09:34:44,OP10005382,500ETF沽12月7250,0.0,0.0,0.0,0.0,20,1.0779,1.0844,10,1.025,1.097,0.0,0.0,0.0,0.0,560
2023-05-10 09:34:44,OP10005382,500ETF沽12月7250,0.0,0.0,0.0,0.0,10,1.0785,1.0862,10,1.025,1.097,0.0,0.0,0.0,0.0,560
2023-05-10 09:34:44,OP10005382,500ETF沽12月7250,0.0,0.0,0.0,0.0,10,1.0785,1.0862,10,1.025,1.097,0.0,0.0,0.0,0.0,560
2023-05-10 09:34:44,OP10005382,500ETF沽12月7250,0.0,0.0,0.0,0.0,10,1.0785,1.0862,10,1.025,1.097,0.0,0.0,0.0,0.0,560
2023-05-10 09:34:44,OP10005382,500ETF沽12月7250,0.0,0.0,0.0,0.0,10,1.0785,1.0862,10,1.025,1.097,0.0,0.0,0.0,0.0,560
2023-05-10 09:34:47,OP10005382,500ETF沽12月7250,0.0,0.0,0.0,0.0,10,1.0785,1.0862,10,1.025,1.097,0.0,0.0,0.0,0.0,560
2023-05-10 09:34:47,OP10005382,500ETF沽12月7250,0.0,0.0,0.0,0.0,10,1.0785,1.0862,20,1.025,1.097,0.0,0.0,0.0,0.0,560
2023-05-10 09:34:47,OP10005382,500ETF沽12月7250,0.0,0.0,0.0,0.0,10,1.0785,1.0862,10,1.025,1.097,0.0,0.0,0.0,0.0,560
2023-05-10 09:34:47,OP10005382,500ETF沽12月7250,0.0,0.0,0.0,0.0,10,1.0785,1.0862,10,1.025,1.097,0.0,0.0,0.0,0.0,560
2023-05-10 09:34:50,OP10005382,500ETF沽12月7250,0.0,0.0,0.0,0.0,10,1.0784,1.0845,10,1.025,1.097,0.0,0.0,0.0,0.0,560
2023-05-10 09:34:50,OP10005382,500ETF沽12月7250,0.0,0.0,0.0,0.0,30,1.0779,1.0845,30,1.025,1.097,0.0,0.0,0.0,0.0,560
2023-05-10 09:34:50,OP10005382,500ETF沽12月7250,0.0,0.0,0.0,0.0,30,1.0779,1.0845,30,1.025,1.097,0.0,0.0,0.0,0.0,560
2023-05-10 09:34:50,OP10005382,500ETF沽12月7250,0.0,0.0,0.0,0.0,20,1.0779,1.0845,30,1.025,1.097,0.0,0.0,0.0,0.0,560
2023-05-10 09:34:50,OP10005382,500ETF沽12月7250,0.0,0.0,0.0,0.0,20,1.0779,1.0845,30,1.025,1.097,0.0,0.0,0.0,0.0,560
2023-05-10 09:34:53,OP10005382,500ETF沽12月7250,0.0,0.0,0.0,0.0,20,1.0779,1.0845,30,1.025,1.097,0.0,0.0,0.0,0.0,560
2023-05-10 09:34:53,OP10005382,500ETF沽12月7250,0.0,0.0,0.0,0.0,20,1.0779,1.0845,30,1.025,1.097,0.0,0.0,0.0,0.0,560
2023-05-10 09:34:56,OP10005382,500ETF沽12月7250,0.0,0.0,0.0,0.0,20,1.0779,1.0845,30,1.025,1.097,0.0,0.0,0.0,0.0,560
2023-05-10 09:34:56,OP10005382,500ETF沽12月7250,0.0,0.0,0.0,0.0,20,1.0779,1.0845,30,1.025,1.097,0.0,0.0,0.0,0.0,560
2023-05-10 09:34:56,OP10005382,500ETF沽12月7250,0.0,0.0,0.0,0.0,20,1.0779,1.0845,30,1.025,1.097,0.0,0.0,0.0,0.0,560
2023-05-10 09:34:56,OP10005382,500ETF沽12月7250,0.0,0.0,0.0,0.0,20,1.0779,1.0845,30,1.025,1.097,0.0,0.0,0.0,0.0,560
2023-05-10 09:34:59,OP10005382,500ETF沽12月7250,0.0,0.0,0.0,0.0,20,1.0779,1.0831,10,1.025,1.097,0.0,0.0,0.0,0.0,560
2023-05-10 09:34:59,OP10005382,500ETF沽12月7250,0.0,0.0,0.0,0.0,20,1.0779,1.0831,10,1.025,1.097,0.0,0.0,0.0,0.0,560
2023-05-10 09:34:59,OP10005382,500ETF沽12月7250,0.0,0.0,0.0,0.0,40,1.0761,1.0831,10,1.025,1.097,0.0,0.0,0.0,0.0,560
2023-05-10 09:34:59,OP10005382,500ETF沽12月7250,0.0,0.0,0.0,0.0,30,1.0761,1.0831,10,1.025,1.097,0.0,0.0,0.0,0.0,560
2023-05-10 09:34:59,OP10005382,500ETF沽12月7250,0.0,0.0,0.0,0.0,30,1.0761,1.0831,10,1.025,1.097,0.0,0.0,0.0,0.0,560
2023-05-10 09:35:02,OP10005382,500ETF沽12月7250,0.0,0.0,0.0,0.0,30,1.0761,1.0845,20,1.025,1.097,0.0,0.0,0.0,0.0,560
2023-05-10 09:35:02,OP10005382,500ETF沽12月7250,0.0,0.0,0.0,0.0,10,1.0772,1.0849,10,1.025,1.097,0.0,0.0,0.0,0.0,560
2023-05-10 09:35:02,OP10005382,500ETF沽12月7250,0.0,0.0,0.0,0.0,30,1.0772,1.0849,10,1.025,1.097,0.0,0.0,0.0,0.0,560
2023-05-10 09:35:02,OP10005382,500ETF沽12月7250,0.0,0.0,0.0,0.0,30,1.0772,1.0849,10,1.025,1.097,0.0,0.0,0.0,0.0,560
2023-05-10 09:35:05,OP10005382,500ETF沽12月7250,0.0,0.0,0.0,0.0,30,1.0772,1.0849,10,1.025,1.097,0.0,0.0,0.0,0.0,560
2023-05-10 09:35:08,OP10005382,500ETF沽12月7250,0.0,0.0,0.0,0.0,30,1.0772,1.0849,10,1.025,1.097,0.0,0.0,0.0,0.0,560
2023-05-10 09:35:11,OP10005382,500ETF沽12月7250,0.0,0.0,0.0,0.0,30,1.0772,1.0849,10,1.025,1.097,0.0,0.0,0.0,0.0,560
2023-05-10 09:35:11,OP10005382,500ETF沽12月7250,0.0,0.0,0.0,0.0,30,1.0772,1.0849,10,1.025,1.097,0.0,0.0,0.0,0.0,560
2023-05-10 09:35:11,OP10005382,500ETF沽12月7250,0.0,0.0,0.0,0.0,30,1.0772,1.0849,10,1.025,1.097,0.0,0.0,0.0,0.0,560
2023-05-10 09:35:14,OP10005382,500ETF沽12月7250,0.0,0.0,0.0,0.0,20,1.0772,1.0832,10,1.025,1.097,0.0,0.0,0.0,0.0,560
2023-05-10 09:35:14,OP10005382,500ETF沽12月7250,0.0,0.0,0.0,0.0,20,1.0772,1.0832,10,1.025,1.097,0.0,0.0,0.0,0.0,560
2023-05-10 09:35:14,OP10005382,500ETF沽12月7250,0.0,0.0,0.0,0.0,20,1.0772,1.0832,10,1.025,1.097,0.0,0.0,0.0,0.0,560
2023-05-10 09:35:14,OP10005382,500ETF沽12月7250,0.0,0.0,0.0,0.0,20,1.0772,1.0846,10,1.025,1.097,0.0,0.0,0.0,0.0,560
2023-05-10 09:35:14,OP10005382,500ETF沽12月7250,0.0,0.0,0.0,0.0,20,1.0772,1.0846,10,1.025,1.097,0.0,0.0,0.0,0.0,560
2023-05-10 09:35:17,OP10005382,500ETF沽12月7250,0.0,0.0,0.0,0.0,20,1.0772,1.0846,10,1.025,1.097,0.0,0.0,0.0,0.0,560
2023-05-10 09:35:17,OP10005382,500ETF沽12月7250,0.0,0.0,0.0,0.0,20,1.0772,1.0846,10,1.025,1.097,0.0,0.0,0.0,0.0,560
2023-05-10 09:35:20,OP10005382,500ETF沽12月7250,0.0,0.0,0.0,0.0,20,1.0772,1.0846,10,1.025,1.097,0.0,0.0,0.0,0.0,560
2023-05-10 09:35:20,OP10005382,500ETF沽12月7250,0.0,0.0,0.0,0.0,20,1.0772,1.0846,10,1.025,1.097,0.0,0.0,0.0,0.0,560
2023-05-10 09:35:23,OP10005382,500ETF沽12月7250,0.0,0.0,0.0,0.0,20,1.0772,1.0846,10,1.025,1.097,0.0,0.0,0.0,0.0,560
2023-05-10 09:35:26,OP10005382,500ETF沽12月7250,0.0,0.0,0.0,0.0,20,1.0772,1.0846,10,1.025,1.097,0.0,0.0,0.0,0.0,560
2023-05-10 09:35:26,OP10005382,500ETF沽12月7250,0.0,0.0,0.0,0.0,20,1.0772,1.0846,10,1.025,1.097,0.0,0.0,0.0,0.0,560
2023-05-10 09:35:26,OP10005382,500ETF沽12月7250,0.0,0.0,0.0,0.0,20,1.0772,1.0846,10,1.025,1.097,0.0,0.0,0.0,0.0,560
2023-05-10 09:35:26,OP10005382,500ETF沽12月7250,0.0,0.0,0.0,0.0,20,1.0772,1.0846,10,1.025,1.097,0.0,0.0,0.0,0.0,560
2023-05-10 09:35:26,OP10005382,500ETF沽12月7250,0.0,0.0,0.0,0.0,20,1.0772,1.0846,10,1.025,1.097,0.0,0.0,0.0,0.0,560
2023-05-10 09:35:29,OP10005382,500ETF沽12月7250,0.0,0.0,0.0,0.0,20,1.0772,1.0846,10,1.025,1.097,0.0,0.0,0.0,0.0,560
2023-05-10 09:35:29,OP10005382,500ETF沽12月7250,0.0,0.0,0.0,0.0,20,1.0772,1.0846,10,1.025,1.097,0.0,0.0,0.0,0.0,560
2023-05-10 09:35:32,OP10005382,500ETF沽12月7250,0.0,0.0,0.0,0.0,20,1.0772,1.0846,10,1.025,1.097,0.0,0.0,0.0,0.0,560
2023-05-10 09:35:35,OP10005382,500ETF沽12月7250,0.0,0.0,0.0,0.0,20,1.0772,1.0846,10,1.025,1.097,0.0,0.0,0.0,0.0,560
2023-05-10 09:35:35,OP10005382,500ETF沽12月7250,0.0,0.0,0.0,0.0,20,1.0772,1.0846,10,1.025,1.097,0.0,0.0,0.0,0.0,560
2023-05-10 09:35:41,OP10005382,500ETF沽12月7250,0.0,0.0,0.0,0.0,20,1.0772,1.0846,10,1.025,1.097,0.0,0.0,0.0,0.0,560
2023-05-10 09:35:41,OP10005382,500ETF沽12月7250,0.0,0.0,0.0,0.0,20,1.0772,1.0846,10,1.025,1.097,0.0,0.0,0.0,0.0,560
2023-05-10 09:35:41,OP10005382,500ETF沽12月7250,0.0,0.0,0.0,0.0,20,1.0772,1.0846,10,1.025,1.097,0.0,0.0,0.0,0.0,560
2023-05-10 09:35:47,OP10005382,500ETF沽12月7250,0.0,0.0,0.0,0.0,20,1.0772,1.0849,20,1.025,1.097,0.0,0.0,0.0,0.0,560
2023-05-10 09:35:47,OP10005382,500ETF沽12月7250,0.0,0.0,0.0,0.0,20,1.0772,1.0831,10,1.025,1.097,0.0,0.0,0.0,0.0,560
2023-05-10 09:35:47,OP10005382,500ETF沽12月7250,0.0,0.0,0.0,0.0,20,1.0772,1.0831,10,1.025,1.097,0.0,0.0,0.0,0.0,560
2023-05-10 09:35:47,OP10005382,500ETF沽12月7250,0.0,0.0,0.0,0.0,20,1.0772,1.0831,10,1.025,1.097,0.0,0.0,0.0,0.0,560
2023-05-10 09:35:47,OP10005382,500ETF沽12月7250,0.0,0.0,0.0,0.0,20,1.0772,1.0831,10,1.025,1.097,0.0,0.0,0.0,0.0,560
2023-05-10 09:35:50,OP10005382,500ETF沽12月7250,0.0,0.0,0.0,0.0,20,1.0772,1.0831,10,1.025,1.097,0.0,0.0,0.0,0.0,560
2023-05-10 09:35:53,OP10005382,500ETF沽12月7250,0.0,0.0,0.0,0.0,20,1.0772,1.0831,10,1.025,1.097,0.0,0.0,0.0,0.0,560
2023-05-10 09:35:53,OP10005382,500ETF沽12月7250,0.0,0.0,0.0,0.0,20,1.0772,1.0831,10,1.025,1.097,0.0,0.0,0.0,0.0,560
2023-05-10 09:35:53,OP10005382,500ETF沽12月7250,0.0,0.0,0.0,0.0,20,1.0761,1.0831,10,1.025,1.097,0.0,0.0,0.0,0.0,560
2023-05-10 09:35:53,OP10005382,500ETF沽12月7250,0.0,0.0,0.0,0.0,20,1.0761,1.0831,10,1.025,1.097,0.0,0.0,0.0,0.0,560
2023-05-10 09:35:56,OP10005382,500ETF沽12月7250,0.0,0.0,0.0,0.0,20,1.0761,1.0831,10,1.025,1.097,0.0,0.0,0.0,0.0,560
2023-05-10 09:35:56,OP10005382,500ETF沽12月7250,0.0,0.0,0.0,0.0,20,1.0761,1.0831,10,1.025,1.097,0.0,0.0,0.0,0.0,560
2023-05-10 09:35:56,OP10005382,500ETF沽12月7250,0.0,0.0,0.0,0.0,20,1.0761,1.0831,10,1.025,1.097,0.0,0.0,0.0,0.0,560
2023-05-10 09:35:59,OP10005382,500ETF沽12月7250,0.0,0.0,0.0,0.0,20,1.0761,1.0831,10,1.025,1.097,0.0,0.0,0.0,0.0,560
2023-05-10 09:35:59,OP10005382,500ETF沽12月7250,0.0,0.0,0.0,0.0,20,1.0761,1.0831,10,1.025,1.097,0.0,0.0,0.0,0.0,560
2023-05-10 09:36:05,OP10005382,500ETF沽12月7250,0.0,0.0,0.0,0.0,20,1.0761,1.0831,10,1.025,1.097,0.0,0.0,0.0,0.0,560
2023-05-10 09:36:05,OP10005382,500ETF沽12月7250,0.0,0.0,0.0,0.0,20,1.0761,1.0817,10,1.025,1.097,0.0,0.0,0.0,0.0,560
2023-05-10 09:36:05,OP10005382,500ETF沽12月7250,0.0,0.0,0.0,0.0,20,1.0761,1.0817,10,1.025,1.097,0.0,0.0,0.0,0.0,560
2023-05-10 09:36:05,OP10005382,500ETF沽12月7250,0.0,0.0,0.0,0.0,20,1.0761,1.0817,10,1.025,1.097,0.0,0.0,0.0,0.0,560
2023-05-10 09:36:05,OP10005382,500ETF沽12月7250,0.0,0.0,0.0,0.0,20,1.0761,1.0817,10,1.025,1.097,0.0,0.0,0.0,0.0,560
2023-05-10 09:36:05,OP10005382,500ETF沽12月7250,0.0,0.0,0.0,0.0,20,1.0761,1.0817,10,1.025,1.097,0.0,0.0,0.0,0.0,560
2023-05-10 09:36:08,OP10005382,500ETF沽12月7250,0.0,0.0,0.0,0.0,30,1.0745,1.0817,10,1.025,1.097,0.0,0.0,0.0,0.0,560
2023-05-10 09:36:08,OP10005382,500ETF沽12月7250,0.0,0.0,0.0,0.0,30,1.0745,1.0817,10,1.025,1.097,0.0,0.0,0.0,0.0,560
2023-05-10 09:36:08,OP10005382,500ETF沽12月7250,0.0,0.0,0.0,0.0,30,1.0745,1.0817,10,1.025,1.097,0.0,0.0,0.0,0.0,560
2023-05-10 09:36:08,OP10005382,500ETF沽12月7250,0.0,0.0,0.0,0.0,30,1.0745,1.0817,10,1.025,1.097,0.0,0.0,0.0,0.0,560
2023-05-10 09:36:08,OP10005382,500ETF沽12月7250,0.0,0.0,0.0,0.0,30,1.0745,1.0817,10,1.025,1.097,0.0,0.0,0.0,0.0,560
2023-05-10 09:36:11,OP10005382,500ETF沽12月7250,0.0,0.0,0.0,0.0,30,1.0745,1.0817,10,1.025,1.097,0.0,0.0,0.0,0.0,560
2023-05-10 09:36:11,OP10005382,500ETF沽12月7250,0.0,0.0,0.0,0.0,20,1.0745,1.0817,10,1.025,1.097,0.0,0.0,0.0,0.0,560
2023-05-10 09:36:11,OP10005382,500ETF沽12月7250,0.0,0.0,0.0,0.0,20,1.0745,1.0817,10,1.025,1.097,0.0,0.0,0.0,0.0,560
2023-05-10 09:36:11,OP10005382,500ETF沽12月7250,0.0,0.0,0.0,0.0,20,1.0745,1.0817,10,1.025,1.097,0.0,0.0,0.0,0.0,560
2023-05-10 09:36:14,OP10005382,500ETF沽12月7250,0.0,0.0,0.0,0.0,20,1.0745,1.0817,10,1.025,1.097,0.0,0.0,0.0,0.0,560
2023-05-10 09:36:14,OP10005382,500ETF沽12月7250,0.0,0.0,0.0,0.0,20,1.0745,1.0817,10,1.025,1.097,0.0,0.0,0.0,0.0,560
2023-05-10 09:36:17,OP10005382,500ETF沽12月7250,0.0,0.0,0.0,0.0,20,1.0745,1.0817,10,1.025,1.097,0.0,0.0,0.0,0.0,560
2023-05-10 09:36:17,OP10005382,500ETF沽12月7250,0.0,0.0,0.0,0.0,20,1.0745,1.0817,10,1.025,1.097,0.0,0.0,0.0,0.0,560
2023-05-10 09:36:20,OP10005382,500ETF沽12月7250,0.0,0.0,0.0,0.0,20,1.0745,1.0802,10,1.025,1.097,0.0,0.0,0.0,0.0,560
2023-05-10 09:36:20,OP10005382,500ETF沽12月7250,0.0,0.0,0.0,0.0,20,1.0745,1.0802,10,1.025,1.097,0.0,0.0,0.0,0.0,560
2023-05-10 09:36:20,OP10005382,500ETF沽12月7250,0.0,0.0,0.0,0.0,20,1.0745,1.0802,10,1.025,1.097,0.0,0.0,0.0,0.0,560
2023-05-10 09:36:20,OP10005382,500ETF沽12月7250,0.0,0.0,0.0,0.0,20,1.0745,1.0802,10,1.025,1.097,0.0,0.0,0.0,0.0,560
2023-05-10 09:36:20,OP10005382,500ETF沽12月7250,0.0,0.0,0.0,0.0,20,1.0745,1.0802,20,1.025,1.097,0.0,0.0,0.0,0.0,560
2023-05-10 09:36:20,OP10005382,500ETF沽12月7250,0.0,0.0,0.0,0.0,20,1.0745,1.0785,10,1.025,1.097,0.0,0.0,0.0,0.0,560
2023-05-10 09:36:23,OP10005382,500ETF沽12月7250,0.0,0.0,0.0,0.0,30,1.0732,1.0785,10,1.025,1.097,0.0,0.0,0.0,0.0,560
2023-05-10 09:36:23,OP10005382,500ETF沽12月7250,0.0,0.0,0.0,0.0,20,1.0732,1.0785,10,1.025,1.097,0.0,0.0,0.0,0.0,560
2023-05-10 09:36:23,OP10005382,500ETF沽12月7250,0.0,0.0,0.0,0.0,20,1.0732,1.0785,10,1.025,1.097,0.0,0.0,0.0,0.0,560
2023-05-10 09:36:23,OP10005382,500ETF沽12月7250,0.0,0.0,0.0,0.0,20,1.0732,1.0785,10,1.025,1.097,0.0,0.0,0.0,0.0,560
2023-05-10 09:36:26,OP10005382,500ETF沽12月7250,0.0,0.0,0.0,0.0,20,1.0732,1.0785,10,1.025,1.097,0.0,0.0,0.0,0.0,560
2023-05-10 09:36:26,OP10005382,500ETF沽12月7250,0.0,0.0,0.0,0.0,20,1.0732,1.0785,10,1.025,1.097,0.0,0.0,0.0,0.0,560
2023-05-10 09:36:26,OP10005382,500ETF沽12月7250,0.0,0.0,0.0,0.0,20,1.0732,1.0785,10,1.025,1.097,0.0,0.0,0.0,0.0,560
2023-05-10 09:36:26,OP10005382,500ETF沽12月7250,0.0,0.0,0.0,0.0,20,1.0732,1.0785,10,1.025,1.097,0.0,0.0,0.0,0.0,560
2023-05-10 09:36:29,OP10005382,500ETF沽12月7250,0.0,0.0,0.0,0.0,20,1.0732,1.0785,10,1.025,1.097,0.0,0.0,0.0,0.0,560
2023-05-10 09:36:29,OP10005382,500ETF沽12月7250,0.0,0.0,0.0,0.0,20,1.0732,1.0785,10,1.025,1.097,0.0,0.0,0.0,0.0,560
2023-05-10 09:36:29,OP10005382,500ETF沽12月7250,0.0,0.0,0.0,0.0,30,1.072,1.0785,10,1.025,1.097,0.0,0.0,0.0,0.0,560
2023-05-10 09:36:29,OP10005382,500ETF沽12月7250,0.0,0.0,0.0,0.0,31,1.072,1.0785,10,1.025,1.097,0.0,0.0,0.0,0.0,560
2023-05-10 09:36:32,OP10005382,500ETF沽12月7250,0.0,0.0,0.0,0.0,10,1.0723,1.08,10,1.025,1.097,0.0,0.0,0.0,0.0,560
2023-05-10 09:36:32,OP10005382,500ETF沽12月7250,0.0,0.0,0.0,0.0,20,1.0723,1.08,10,1.025,1.097,0.0,0.0,0.0,0.0,560
2023-05-10 09:36:32,OP10005382,500ETF沽12月7250,0.0,0.0,0.0,0.0,20,1.0723,1.08,10,1.025,1.097,0.0,0.0,0.0,0.0,560
2023-05-10 09:36:35,OP10005382,500ETF沽12月7250,0.0,0.0,0.0,0.0,20,1.0723,1.08,10,1.025,1.097,0.0,0.0,0.0,0.0,560
2023-05-10 09:36:35,OP10005382,500ETF沽12月7250,0.0,0.0,0.0,0.0,20,1.0723,1.08,10,1.025,1.097,0.0,0.0,0.0,0.0,560
2023-05-10 09:36:47,OP10005382,500ETF沽12月7250,0.0,0.0,0.0,0.0,30,1.0723,1.08,10,1.025,1.097,0.0,0.0,0.0,0.0,560
2023-05-10 09:36:47,OP10005382,500ETF沽12月7250,0.0,0.0,0.0,0.0,20,1.0723,1.08,10,1.025,1.097,0.0,0.0,0.0,0.0,560
2023-05-10 09:36:50,OP10005382,500ETF沽12月7250,0.0,0.0,0.0,0.0,20,1.0723,1.08,20,1.025,1.097,0.0,0.0,0.0,0.0,560
2023-05-10 09:36:50,OP10005382,500ETF沽12月7250,0.0,0.0,0.0,0.0,20,1.0723,1.08,10,1.025,1.097,0.0,0.0,0.0,0.0,560
2023-05-10 09:36:50,OP10005382,500ETF沽12月7250,0.0,0.0,0.0,0.0,10,1.0723,1.0802,10,1.025,1.097,0.0,0.0,0.0,0.0,560
2023-05-10 09:36:50,OP10005382,500ETF沽12月7250,0.0,0.0,0.0,0.0,20,1.072,1.0786,10,1.025,1.097,0.0,0.0,0.0,0.0,560
2023-05-10 09:36:50,OP10005382,500ETF沽12月7250,0.0,0.0,0.0,0.0,30,1.072,1.0786,10,1.025,1.097,0.0,0.0,0.0,0.0,560
2023-05-10 09:36:53,OP10005382,500ETF沽12月7250,0.0,0.0,0.0,0.0,30,1.072,1.0786,10,1.025,1.097,0.0,0.0,0.0,0.0,560
2023-05-10 09:36:53,OP10005382,500ETF沽12月7250,0.0,0.0,0.0,0.0,30,1.072,1.079,20,1.025,1.097,0.0,0.0,0.0,0.0,560
2023-05-10 09:36:53,OP10005382,500ETF沽12月7250,0.0,0.0,0.0,0.0,30,1.072,1.0771,10,1.025,1.097,0.0,0.0,0.0,0.0,560
2023-05-10 09:36:53,OP10005382,500ETF沽12月7250,0.0,0.0,0.0,0.0,30,1.072,1.0771,10,1.025,1.097,0.0,0.0,0.0,0.0,560
2023-05-10 09:36:53,OP10005382,500ETF沽12月7250,0.0,0.0,0.0,0.0,20,1.072,1.0771,10,1.025,1.097,0.0,0.0,0.0,0.0,560
2023-05-10 09:36:53,OP10005382,500ETF沽12月7250,0.0,0.0,0.0,0.0,20,1.072,1.0771,10,1.025,1.097,0.0,0.0,0.0,0.0,560
2023-05-10 09:36:56,OP10005382,500ETF沽12月7250,0.0,0.0,0.0,0.0,20,1.072,1.0771,10,1.025,1.097,0.0,0.0,0.0,0.0,560
2023-05-10 09:36:56,OP10005382,500ETF沽12月7250,0.0,0.0,0.0,0.0,20,1.072,1.0771,10,1.025,1.097,0.0,0.0,0.0,0.0,560
2023-05-10 09:36:59,OP10005382,500ETF沽12月7250,0.0,0.0,0.0,0.0,20,1.072,1.0771,10,1.025,1.097,0.0,0.0,0.0,0.0,560
2023-05-10 09:36:59,OP10005382,500ETF沽12月7250,0.0,0.0,0.0,0.0,20,1.072,1.0784,20,1.025,1.097,0.0,0.0,0.0,0.0,560
2023-05-10 09:36:59,OP10005382,500ETF沽12月7250,0.0,0.0,0.0,0.0,20,1.072,1.0784,20,1.025,1.097,0.0,0.0,0.0,0.0,560
2023-05-10 09:36:59,OP10005382,500ETF沽12月7250,0.0,0.0,0.0,0.0,20,1.072,1.0786,10,1.025,1.097,0.0,0.0,0.0,0.0,560
2023-05-10 09:36:59,OP10005382,500ETF沽12月7250,0.0,0.0,0.0,0.0,20,1.072,1.0786,10,1.025,1.097,0.0,0.0,0.0,0.0,560
2023-05-10 09:37:02,OP10005382,500ETF沽12月7250,0.0,0.0,0.0,0.0,30,1.072,1.0786,10,1.025,1.097,0.0,0.0,0.0,0.0,560
2023-05-10 09:37:02,OP10005382,500ETF沽12月7250,0.0,0.0,0.0,0.0,10,1.0724,1.0801,10,1.025,1.097,0.0,0.0,0.0,0.0,560
2023-05-10 09:37:02,OP10005382,500ETF沽12月7250,0.0,0.0,0.0,0.0,30,1.0724,1.0801,10,1.025,1.097,0.0,0.0,0.0,0.0,560
2023-05-10 09:37:02,OP10005382,500ETF沽12月7250,0.0,0.0,0.0,0.0,20,1.0724,1.0801,20,1.025,1.097,0.0,0.0,0.0,0.0,560
2023-05-10 09:37:05,OP10005382,500ETF沽12月7250,0.0,0.0,0.0,0.0,20,1.0724,1.0801,10,1.025,1.097,0.0,0.0,0.0,0.0,560
2023-05-10 09:37:05,OP10005382,500ETF沽12月7250,0.0,0.0,0.0,0.0,20,1.0724,1.0801,10,1.025,1.097,0.0,0.0,0.0,0.0,560
2023-05-10 09:37:05,OP10005382,500ETF沽12月7250,0.0,0.0,0.0,0.0,20,1.0724,1.0801,10,1.025,1.097,0.0,0.0,0.0,0.0,560
2023-05-10 09:37:05,OP10005382,500ETF沽12月7250,0.0,0.0,0.0,0.0,20,1.0724,1.0801,10,1.025,1.097,0.0,0.0,0.0,0.0,560
2023-05-10 09:37:08,OP10005382,500ETF沽12月7250,0.0,0.0,0.0,0.0,20,1.0724,1.0801,10,1.025,1.097,0.0,0.0,0.0,0.0,560
2023-05-10 09:37:08,OP10005382,500ETF沽12月7250,0.0,0.0,0.0,0.0,20,1.0724,1.0801,10,1.025,1.097,0.0,0.0,0.0,0.0,560
2023-05-10 09:37:08,OP10005382,500ETF沽12月7250,0.0,0.0,0.0,0.0,20,1.0724,1.08,10,1.025,1.097,0.0,0.0,0.0,0.0,560
2023-05-10 09:37:08,OP10005382,500ETF沽12月7250,0.0,0.0,0.0,0.0,10,1.0724,1.0785,10,1.025,1.097,0.0,0.0,0.0,0.0,560
2023-05-10 09:37:08,OP10005382,500ETF沽12月7250,0.0,0.0,0.0,0.0,20,1.072,1.0785,10,1.025,1.097,0.0,0.0,0.0,0.0,560
2023-05-10 09:37:08,OP10005382,500ETF沽12月7250,0.0,0.0,0.0,0.0,30,1.072,1.0785,10,1.025,1.097,0.0,0.0,0.0,0.0,560
2023-05-10 09:37:11,OP10005382,500ETF沽12月7250,0.0,0.0,0.0,0.0,30,1.072,1.0785,10,1.025,1.097,0.0,0.0,0.0,0.0,560
2023-05-10 09:37:11,OP10005382,500ETF沽12月7250,0.0,0.0,0.0,0.0,30,1.072,1.0785,10,1.025,1.097,0.0,0.0,0.0,0.0,560
2023-05-10 09:37:11,OP10005382,500ETF沽12月7250,0.0,0.0,0.0,0.0,30,1.072,1.0785,10,1.025,1.097,0.0,0.0,0.0,0.0,560
2023-05-10 09:37:17,OP10005382,500ETF沽12月7250,0.0,0.0,0.0,0.0,30,1.072,1.0785,10,1.025,1.097,0.0,0.0,0.0,0.0,560
2023-05-10 09:37:17,OP10005382,500ETF沽12月7250,0.0,0.0,0.0,0.0,10,1.0722,1.0795,10,1.025,1.097,0.0,0.0,0.0,0.0,560
2023-05-10 09:37:17,OP10005382,500ETF沽12月7250,0.0,0.0,0.0,0.0,20,1.0722,1.0795,10,1.025,1.097,0.0,0.0,0.0,0.0,560
2023-05-10 09:37:20,OP10005382,500ETF沽12月7250,0.0,0.0,0.0,0.0,20,1.0722,1.0795,10,1.025,1.097,0.0,0.0,0.0,0.0,560
2023-05-10 09:37:23,OP10005382,500ETF沽12月7250,0.0,0.0,0.0,0.0,20,1.0722,1.0795,10,1.025,1.097,0.0,0.0,0.0,0.0,560
2023-05-10 09:37:23,OP10005382,500ETF沽12月7250,0.0,0.0,0.0,0.0,20,1.0722,1.0795,10,1.025,1.097,0.0,0.0,0.0,0.0,560
2023-05-10 09:37:26,OP10005382,500ETF沽12月7250,0.0,0.0,0.0,0.0,20,1.0722,1.0795,10,1.025,1.097,0.0,0.0,0.0,0.0,560
2023-05-10 09:37:26,OP10005382,500ETF沽12月7250,0.0,0.0,0.0,0.0,20,1.0722,1.0795,10,1.025,1.097,0.0,0.0,0.0,0.0,560
2023-05-10 09:37:26,OP10005382,500ETF沽12月7250,0.0,0.0,0.0,0.0,20,1.0722,1.0795,10,1.025,1.097,0.0,0.0,0.0,0.0,560
2023-05-10 09:37:29,OP10005382,500ETF沽12月7250,0.0,0.0,0.0,0.0,20,1.0722,1.0795,10,1.025,1.097,0.0,0.0,0.0,0.0,560
2023-05-10 09:37:32,OP10005382,500ETF沽12月7250,0.0,0.0,0.0,0.0,20,1.0722,1.0795,10,1.025,1.097,0.0,0.0,0.0,0.0,560
2023-05-10 09:37:32,OP10005382,500ETF沽12月7250,0.0,0.0,0.0,0.0,20,1.0722,1.0795,10,1.025,1.097,0.0,0.0,0.0,0.0,560
2023-05-10 09:37:32,OP10005382,500ETF沽12月7250,0.0,0.0,0.0,0.0,20,1.0722,1.0795,10,1.025,1.097,0.0,0.0,0.0,0.0,560
2023-05-10 09:37:32,OP10005382,500ETF沽12月7250,0.0,0.0,0.0,0.0,20,1.0722,1.0795,10,1.025,1.097,0.0,0.0,0.0,0.0,560
2023-05-10 09:37:35,OP10005382,500ETF沽12月7250,0.0,0.0,0.0,0.0,10,1.0734,1.0808,10,1.025,1.097,0.0,0.0,0.0,0.0,560
2023-05-10 09:37:35,OP10005382,500ETF沽12月7250,0.0,0.0,0.0,0.0,40,1.0734,1.0808,10,1.025,1.097,0.0,0.0,0.0,0.0,560
2023-05-10 09:37:35,OP10005382,500ETF沽12月7250,0.0,0.0,0.0,0.0,40,1.0734,1.0808,10,1.025,1.097,0.0,0.0,0.0,0.0,560
2023-05-10 09:37:44,OP10005382,500ETF沽12月7250,0.0,0.0,0.0,0.0,30,1.0734,1.0794,10,1.025,1.097,0.0,0.0,0.0,0.0,560
2023-05-10 09:37:44,OP10005382,500ETF沽12月7250,0.0,0.0,0.0,0.0,30,1.0734,1.0794,10,1.025,1.097,0.0,0.0,0.0,0.0,560
2023-05-10 09:37:47,OP10005382,500ETF沽12月7250,0.0,0.0,0.0,0.0,30,1.0734,1.0794,10,1.025,1.097,0.0,0.0,0.0,0.0,560
2023-05-10 09:37:50,OP10005382,500ETF沽12月7250,0.0,0.0,0.0,0.0,40,1.0734,1.0808,10,1.025,1.097,0.0,0.0,0.0,0.0,560
2023-05-10 09:37:50,OP10005382,500ETF沽12月7250,0.0,0.0,0.0,0.0,40,1.0734,1.0808,10,1.025,1.097,0.0,0.0,0.0,0.0,560
2023-05-10 09:37:50,OP10005382,500ETF沽12月7250,0.0,0.0,0.0,0.0,40,1.0734,1.0808,10,1.025,1.097,0.0,0.0,0.0,0.0,560
2023-05-10 09:37:53,OP10005382,500ETF沽12月7250,0.0,0.0,0.0,0.0,40,1.0734,1.0808,10,1.025,1.097,0.0,0.0,0.0,0.0,560
2023-05-10 09:37:53,OP10005382,500ETF沽12月7250,0.0,0.0,0.0,0.0,40,1.0734,1.0808,10,1.025,1.097,0.0,0.0,0.0,0.0,560
2023-05-10 09:37:56,OP10005382,500ETF沽12月7250,0.0,0.0,0.0,0.0,30,1.0734,1.0792,10,1.025,1.097,0.0,0.0,0.0,0.0,560
2023-05-10 09:37:56,OP10005382,500ETF沽12月7250,0.0,0.0,0.0,0.0,30,1.0734,1.0792,10,1.025,1.097,0.0,0.0,0.0,0.0,560
2023-05-10 09:37:59,OP10005382,500ETF沽12月7250,0.0,0.0,0.0,0.0,30,1.0734,1.0792,10,1.025,1.097,0.0,0.0,0.0,0.0,560
2023-05-10 09:37:59,OP10005382,500ETF沽12月7250,0.0,0.0,0.0,0.0,30,1.0734,1.0792,10,1.025,1.097,0.0,0.0,0.0,0.0,560
2023-05-10 09:37:59,OP10005382,500ETF沽12月7250,0.0,0.0,0.0,0.0,30,1.0734,1.0792,10,1.025,1.097,0.0,0.0,0.0,0.0,560
2023-05-10 09:38:02,OP10005382,500ETF沽12月7250,0.0,0.0,0.0,0.0,30,1.0734,1.0792,10,1.025,1.097,0.0,0.0,0.0,0.0,560
2023-05-10 09:38:05,OP10005382,500ETF沽12月7250,0.0,0.0,0.0,0.0,30,1.0734,1.0792,10,1.025,1.097,0.0,0.0,0.0,0.0,560
2023-05-10 09:38:05,OP10005382,500ETF沽12月7250,0.0,0.0,0.0,0.0,30,1.0734,1.0792,10,1.025,1.097,0.0,0.0,0.0,0.0,560
2023-05-10 09:38:05,OP10005382,500ETF沽12月7250,0.0,0.0,0.0,0.0,30,1.0734,1.0792,10,1.025,1.097,0.0,0.0,0.0,0.0,560
2023-05-10 09:38:08,OP10005382,500ETF沽12月7250,0.0,0.0,0.0,0.0,30,1.0734,1.0801,10,1.025,1.097,0.0,0.0,0.0,0.0,560
2023-05-10 09:38:08,OP10005382,500ETF沽12月7250,0.0,0.0,0.0,0.0,30,1.0734,1.0801,10,1.025,1.097,0.0,0.0,0.0,0.0,560
2023-05-10 09:38:08,OP10005382,500ETF沽12月7250,0.0,0.0,0.0,0.0,30,1.0734,1.0801,10,1.025,1.097,0.0,0.0,0.0,0.0,560
2023-05-10 09:38:08,OP10005382,500ETF沽12月7250,0.0,0.0,0.0,0.0,40,1.0734,1.0801,10,1.025,1.097,0.0,0.0,0.0,0.0,560
2023-05-10 09:38:08,OP10005382,500ETF沽12月7250,0.0,0.0,0.0,0.0,30,1.0734,1.0801,10,1.025,1.097,0.0,0.0,0.0,0.0,560
2023-05-10 09:38:08,OP10005382,500ETF沽12月7250,0.0,0.0,0.0,0.0,30,1.0734,1.0801,10,1.025,1.097,0.0,0.0,0.0,0.0,560
2023-05-10 09:38:11,OP10005382,500ETF沽12月7250,0.0,0.0,0.0,0.0,30,1.0734,1.0792,10,1.025,1.097,0.0,0.0,0.0,0.0,560
2023-05-10 09:38:11,OP10005382,500ETF沽12月7250,0.0,0.0,0.0,0.0,30,1.0734,1.0792,10,1.025,1.097,0.0,0.0,0.0,0.0,560
2023-05-10 09:38:11,OP10005382,500ETF沽12月7250,0.0,0.0,0.0,0.0,30,1.0734,1.0792,10,1.025,1.097,0.0,0.0,0.0,0.0,560
2023-05-10 09:38:11,OP10005382,500ETF沽12月7250,0.0,0.0,0.0,0.0,30,1.0734,1.0792,10,1.025,1.097,0.0,0.0,0.0,0.0,560
2023-05-10 09:38:14,OP10005382,500ETF沽12月7250,0.0,0.0,0.0,0.0,30,1.0734,1.0792,10,1.025,1.097,0.0,0.0,0.0,0.0,560
2023-05-10 09:38:14,OP10005382,500ETF沽12月7250,0.0,0.0,0.0,0.0,20,1.0734,1.0792,10,1.025,1.097,0.0,0.0,0.0,0.0,560
2023-05-10 09:38:17,OP10005382,500ETF沽12月7250,0.0,0.0,0.0,0.0,20,1.0734,1.0792,10,1.025,1.097,0.0,0.0,0.0,0.0,560
2023-05-10 09:38:17,OP10005382,500ETF沽12月7250,0.0,0.0,0.0,0.0,20,1.0734,1.0792,10,1.025,1.097,0.0,0.0,0.0,0.0,560
2023-05-10 09:38:20,OP10005382,500ETF沽12月7250,0.0,0.0,0.0,0.0,20,1.0734,1.0801,10,1.025,1.097,0.0,0.0,0.0,0.0,560
2023-05-10 09:38:20,OP10005382,500ETF沽12月7250,0.0,0.0,0.0,0.0,20,1.0734,1.0801,10,1.025,1.097,0.0,0.0,0.0,0.0,560
2023-05-10 09:38:20,OP10005382,500ETF沽12月7250,0.0,0.0,0.0,0.0,30,1.0734,1.0801,10,1.025,1.097,0.0,0.0,0.0,0.0,560
2023-05-10 09:38:23,OP10005382,500ETF沽12月7250,0.0,0.0,0.0,0.0,30,1.0734,1.0801,10,1.025,1.097,0.0,0.0,0.0,0.0,560
2023-05-10 09:38:26,OP10005382,500ETF沽12月7250,0.0,0.0,0.0,0.0,30,1.0734,1.0791,10,1.025,1.097,0.0,0.0,0.0,0.0,560
2023-05-10 09:38:26,OP10005382,500ETF沽12月7250,0.0,0.0,0.0,0.0,30,1.0734,1.0791,10,1.025,1.097,0.0,0.0,0.0,0.0,560
2023-05-10 09:38:26,OP10005382,500ETF沽12月7250,0.0,0.0,0.0,0.0,30,1.0734,1.0791,10,1.025,1.097,0.0,0.0,0.0,0.0,560
2023-05-10 09:38:26,OP10005382,500ETF沽12月7250,0.0,0.0,0.0,0.0,20,1.0734,1.0791,10,1.025,1.097,0.0,0.0,0.0,0.0,560
2023-05-10 09:38:29,OP10005382,500ETF沽12月7250,0.0,0.0,0.0,0.0,20,1.0734,1.0791,10,1.025,1.097,0.0,0.0,0.0,0.0,560
2023-05-10 09:38:29,OP10005382,500ETF沽12月7250,0.0,0.0,0.0,0.0,20,1.0734,1.0791,10,1.025,1.097,0.0,0.0,0.0,0.0,560
2023-05-10 09:38:29,OP10005382,500ETF沽12月7250,0.0,0.0,0.0,0.0,20,1.0734,1.0791,10,1.025,1.097,0.0,0.0,0.0,0.0,560
2023-05-10 09:38:32,OP10005382,500ETF沽12月7250,0.0,0.0,0.0,0.0,20,1.0734,1.0791,10,1.025,1.097,0.0,0.0,0.0,0.0,560
2023-05-10 09:38:32,OP10005382,500ETF沽12月7250,0.0,0.0,0.0,0.0,30,1.0734,1.0791,10,1.025,1.097,0.0,0.0,0.0,0.0,560
2023-05-10 09:38:35,OP10005382,500ETF沽12月7250,0.0,0.0,0.0,0.0,30,1.0734,1.0791,10,1.025,1.097,0.0,0.0,0.0,0.0,560
2023-05-10 09:38:38,OP10005382,500ETF沽12月7250,0.0,0.0,0.0,0.0,30,1.0734,1.0801,10,1.025,1.097,0.0,0.0,0.0,0.0,560
2023-05-10 09:38:38,OP10005382,500ETF沽12月7250,0.0,0.0,0.0,0.0,30,1.0734,1.0801,10,1.025,1.097,0.0,0.0,0.0,0.0,560
2023-05-10 09:38:38,OP10005382,500ETF沽12月7250,0.0,0.0,0.0,0.0,30,1.0734,1.0804,10,1.025,1.097,0.0,0.0,0.0,0.0,560
2023-05-10 09:38:41,OP10005382,500ETF沽12月7250,0.0,0.0,0.0,0.0,30,1.0734,1.0804,10,1.025,1.097,0.0,0.0,0.0,0.0,560
2023-05-10 09:38:44,OP10005382,500ETF沽12月7250,0.0,0.0,0.0,0.0,30,1.0734,1.0804,10,1.025,1.097,0.0,0.0,0.0,0.0,560
2023-05-10 09:38:44,OP10005382,500ETF沽12月7250,0.0,0.0,0.0,0.0,40,1.0734,1.0804,10,1.025,1.097,0.0,0.0,0.0,0.0,560
2023-05-10 09:38:44,OP10005382,500ETF沽12月7250,0.0,0.0,0.0,0.0,30,1.0734,1.0804,10,1.025,1.097,0.0,0.0,0.0,0.0,560
2023-05-10 09:38:47,OP10005382,500ETF沽12月7250,0.0,0.0,0.0,0.0,30,1.0734,1.0804,10,1.025,1.097,0.0,0.0,0.0,0.0,560
2023-05-10 09:38:47,OP10005382,500ETF沽12月7250,0.0,0.0,0.0,0.0,30,1.0734,1.0804,10,1.025,1.097,0.0,0.0,0.0,0.0,560
2023-05-10 09:38:47,OP10005382,500ETF沽12月7250,0.0,0.0,0.0,0.0,30,1.0734,1.0804,10,1.025,1.097,0.0,0.0,0.0,0.0,560
2023-05-10 09:38:47,OP10005382,500ETF沽12月7250,0.0,0.0,0.0,0.0,30,1.0734,1.0804,10,1.025,1.097,0.0,0.0,0.0,0.0,560
2023-05-10 09:38:53,OP10005382,500ETF沽12月7250,0.0,0.0,0.0,0.0,30,1.0734,1.0804,10,1.025,1.097,0.0,0.0,0.0,0.0,560
2023-05-10 09:38:53,OP10005382,500ETF沽12月7250,0.0,0.0,0.0,0.0,30,1.0734,1.0804,20,1.025,1.097,0.0,0.0,0.0,0.0,560
2023-05-10 09:38:59,OP10005382,500ETF沽12月7250,0.0,0.0,0.0,0.0,30,1.0734,1.0804,20,1.025,1.097,0.0,0.0,0.0,0.0,560
2023-05-10 09:38:59,OP10005382,500ETF沽12月7250,0.0,0.0,0.0,0.0,30,1.0734,1.0804,20,1.025,1.097,0.0,0.0,0.0,0.0,560
2023-05-10 09:38:59,OP10005382,500ETF沽12月7250,0.0,0.0,0.0,0.0,30,1.0734,1.0804,20,1.025,1.097,0.0,0.0,0.0,0.0,560
2023-05-10 09:39:02,OP10005382,500ETF沽12月7250,0.0,0.0,0.0,0.0,40,1.0734,1.0804,20,1.025,1.097,0.0,0.0,0.0,0.0,560
2023-05-10 09:39:05,OP10005382,500ETF沽12月7250,0.0,0.0,0.0,0.0,30,1.0734,1.0804,20,1.025,1.097,0.0,0.0,0.0,0.0,560
2023-05-10 09:39:05,OP10005382,500ETF沽12月7250,0.0,0.0,0.0,0.0,30,1.0734,1.0804,20,1.025,1.097,0.0,0.0,0.0,0.0,560
2023-05-10 09:39:05,OP10005382,500ETF沽12月7250,0.0,0.0,0.0,0.0,30,1.0734,1.0804,10,1.025,1.097,0.0,0.0,0.0,0.0,560
2023-05-10 09:39:05,OP10005382,500ETF沽12月7250,0.0,0.0,0.0,0.0,30,1.0734,1.0804,10,1.025,1.097,0.0,0.0,0.0,0.0,560
2023-05-10 09:39:05,OP10005382,500ETF沽12月7250,0.0,0.0,0.0,0.0,30,1.0734,1.0804,10,1.025,1.097,0.0,0.0,0.0,0.0,560
2023-05-10 09:39:08,OP10005382,500ETF沽12月7250,0.0,0.0,0.0,0.0,30,1.0734,1.0804,10,1.025,1.097,0.0,0.0,0.0,0.0,560
2023-05-10 09:39:08,OP10005382,500ETF沽12月7250,0.0,0.0,0.0,0.0,30,1.0734,1.0804,10,1.025,1.097,0.0,0.0,0.0,0.0,560
2023-05-10 09:39:08,OP10005382,500ETF沽12月7250,0.0,0.0,0.0,0.0,30,1.0734,1.0801,10,1.025,1.097,0.0,0.0,0.0,0.0,560
2023-05-10 09:39:08,OP10005382,500ETF沽12月7250,0.0,0.0,0.0,0.0,30,1.0734,1.0801,10,1.025,1.097,0.0,0.0,0.0,0.0,560
2023-05-10 09:39:08,OP10005382,500ETF沽12月7250,0.0,0.0,0.0,0.0,30,1.0734,1.0801,10,1.025,1.097,0.0,0.0,0.0,0.0,560
2023-05-10 09:39:11,OP10005382,500ETF沽12月7250,0.0,0.0,0.0,0.0,30,1.0734,1.0801,10,1.025,1.097,0.0,0.0,0.0,0.0,560
2023-05-10 09:39:11,OP10005382,500ETF沽12月7250,0.0,0.0,0.0,0.0,30,1.0734,1.0801,10,1.025,1.097,0.0,0.0,0.0,0.0,560
2023-05-10 09:39:11,OP10005382,500ETF沽12月7250,0.0,0.0,0.0,0.0,30,1.0734,1.0786,10,1.025,1.097,0.0,0.0,0.0,0.0,560
2023-05-10 09:39:11,OP10005382,500ETF沽12月7250,0.0,0.0,0.0,0.0,30,1.0734,1.0786,10,1.025,1.097,0.0,0.0,0.0,0.0,560
2023-05-10 09:39:11,OP10005382,500ETF沽12月7250,0.0,0.0,0.0,0.0,30,1.0734,1.0786,10,1.025,1.097,0.0,0.0,0.0,0.0,560
2023-05-10 09:39:11,OP10005382,500ETF沽12月7250,0.0,0.0,0.0,0.0,30,1.0734,1.0786,10,1.025,1.097,0.0,0.0,0.0,0.0,560
2023-05-10 09:39:14,OP10005382,500ETF沽12月7250,0.0,0.0,0.0,0.0,30,1.0734,1.0773,10,1.025,1.097,0.0,0.0,0.0,0.0,560
2023-05-10 09:39:14,OP10005382,500ETF沽12月7250,0.0,0.0,0.0,0.0,30,1.0734,1.0773,10,1.025,1.097,0.0,0.0,0.0,0.0,560
2023-05-10 09:39:14,OP10005382,500ETF沽12月7250,0.0,0.0,0.0,0.0,30,1.0734,1.0773,10,1.025,1.097,0.0,0.0,0.0,0.0,560
2023-05-10 09:39:14,OP10005382,500ETF沽12月7250,0.0,0.0,0.0,0.0,30,1.0734,1.0785,10,1.025,1.097,0.0,0.0,0.0,0.0,560
2023-05-10 09:39:14,OP10005382,500ETF沽12月7250,0.0,0.0,0.0,0.0,20,1.0734,1.0785,10,1.025,1.097,0.0,0.0,0.0,0.0,560
2023-05-10 09:39:17,OP10005382,500ETF沽12月7250,0.0,0.0,0.0,0.0,20,1.0734,1.0785,10,1.025,1.097,0.0,0.0,0.0,0.0,560
2023-05-10 09:39:17,OP10005382,500ETF沽12月7250,0.0,0.0,0.0,0.0,20,1.0734,1.0783,10,1.025,1.097,0.0,0.0,0.0,0.0,560
2023-05-10 09:39:17,OP10005382,500ETF沽12月7250,0.0,0.0,0.0,0.0,20,1.0734,1.0783,10,1.025,1.097,0.0,0.0,0.0,0.0,560
2023-05-10 09:39:20,OP10005382,500ETF沽12月7250,0.0,0.0,0.0,0.0,20,1.0734,1.0783,10,1.025,1.097,0.0,0.0,0.0,0.0,560
2023-05-10 09:39:23,OP10005382,500ETF沽12月7250,0.0,0.0,0.0,0.0,20,1.0734,1.0766,10,1.025,1.097,0.0,0.0,0.0,0.0,560
2023-05-10 09:39:23,OP10005382,500ETF沽12月7250,0.0,0.0,0.0,0.0,20,1.0734,1.0766,10,1.025,1.097,0.0,0.0,0.0,0.0,560
2023-05-10 09:39:23,OP10005382,500ETF沽12月7250,0.0,0.0,0.0,0.0,20,1.0734,1.0766,10,1.025,1.097,0.0,0.0,0.0,0.0,560
2023-05-10 09:39:23,OP10005382,500ETF沽12月7250,0.0,0.0,0.0,0.0,10,1.0725,1.0766,10,1.025,1.097,0.0,0.0,0.0,0.0,560
2023-05-10 09:39:23,OP10005382,500ETF沽12月7250,0.0,0.0,0.0,0.0,30,1.072,1.0766,10,1.025,1.097,0.0,0.0,0.0,0.0,560
2023-05-10 09:39:23,OP10005382,500ETF沽12月7250,0.0,0.0,0.0,0.0,30,1.072,1.0766,10,1.025,1.097,0.0,0.0,0.0,0.0,560
2023-05-10 09:39:26,OP10005382,500ETF沽12月7250,0.0,0.0,0.0,0.0,20,1.072,1.0766,10,1.025,1.097,0.0,0.0,0.0,0.0,560
2023-05-10 09:39:26,OP10005382,500ETF沽12月7250,0.0,0.0,0.0,0.0,20,1.072,1.0753,10,1.025,1.097,0.0,0.0,0.0,0.0,560
2023-05-10 09:39:26,OP10005382,500ETF沽12月7250,0.0,0.0,0.0,0.0,20,1.072,1.0753,10,1.025,1.097,0.0,0.0,0.0,0.0,560
2023-05-10 09:39:26,OP10005382,500ETF沽12月7250,0.0,0.0,0.0,0.0,20,1.072,1.0753,10,1.025,1.097,0.0,0.0,0.0,0.0,560
2023-05-10 09:39:29,OP10005382,500ETF沽12月7250,0.0,0.0,0.0,0.0,20,1.072,1.0753,10,1.025,1.097,0.0,0.0,0.0,0.0,560
2023-05-10 09:39:29,OP10005382,500ETF沽12月7250,0.0,0.0,0.0,0.0,20,1.072,1.0753,10,1.025,1.097,0.0,0.0,0.0,0.0,560
2023-05-10 09:39:29,OP10005382,500ETF沽12月7250,0.0,0.0,0.0,0.0,20,1.072,1.0753,10,1.025,1.097,0.0,0.0,0.0,0.0,560
2023-05-10 09:39:32,OP10005382,500ETF沽12月7250,0.0,0.0,0.0,0.0,20,1.072,1.0753,10,1.025,1.097,0.0,0.0,0.0,0.0,560
2023-05-10 09:39:32,OP10005382,500ETF沽12月7250,0.0,0.0,0.0,0.0,20,1.072,1.0753,10,1.025,1.097,0.0,0.0,0.0,0.0,560
2023-05-10 09:39:32,OP10005382,500ETF沽12月7250,0.0,0.0,0.0,0.0,20,1.072,1.0769,10,1.025,1.097,0.0,0.0,0.0,0.0,560
2023-05-10 09:39:32,OP10005382,500ETF沽12月7250,0.0,0.0,0.0,0.0,20,1.072,1.0769,10,1.025,1.097,0.0,0.0,0.0,0.0,560
2023-05-10 09:39:35,OP10005382,500ETF沽12月7250,0.0,0.0,0.0,0.0,20,1.072,1.0769,10,1.025,1.097,0.0,0.0,0.0,0.0,560
2023-05-10 09:39:35,OP10005382,500ETF沽12月7250,0.0,0.0,0.0,0.0,20,1.072,1.0769,10,1.025,1.097,0.0,0.0,0.0,0.0,560
2023-05-10 09:39:35,OP10005382,500ETF沽12月7250,0.0,0.0,0.0,0.0,20,1.072,1.0769,10,1.025,1.097,0.0,0.0,0.0,0.0,560
2023-05-10 09:39:38,OP10005382,500ETF沽12月7250,0.0,0.0,0.0,0.0,20,1.072,1.0769,10,1.025,1.097,0.0,0.0,0.0,0.0,560
2023-05-10 09:39:41,OP10005382,500ETF沽12月7250,0.0,0.0,0.0,0.0,20,1.072,1.0769,10,1.025,1.097,0.0,0.0,0.0,0.0,560
2023-05-10 09:39:41,OP10005382,500ETF沽12月7250,0.0,0.0,0.0,0.0,20,1.072,1.0756,10,1.025,1.097,0.0,0.0,0.0,0.0,560
2023-05-10 09:39:41,OP10005382,500ETF沽12月7250,0.0,0.0,0.0,0.0,20,1.072,1.0756,10,1.025,1.097,0.0,0.0,0.0,0.0,560
2023-05-10 09:39:41,OP10005382,500ETF沽12月7250,0.0,0.0,0.0,0.0,30,1.0706,1.0756,10,1.025,1.097,0.0,0.0,0.0,0.0,560
2023-05-10 09:39:44,OP10005382,500ETF沽12月7250,0.0,0.0,0.0,0.0,20,1.0706,1.0756,10,1.025,1.097,0.0,0.0,0.0,0.0,560
2023-05-10 09:39:50,OP10005382,500ETF沽12月7250,0.0,0.0,0.0,0.0,30,1.0706,1.0756,10,1.025,1.097,0.0,0.0,0.0,0.0,560
2023-05-10 09:39:50,OP10005382,500ETF沽12月7250,0.0,0.0,0.0,0.0,30,1.0706,1.077,20,1.025,1.097,0.0,0.0,0.0,0.0,560
2023-05-10 09:39:50,OP10005382,500ETF沽12月7250,0.0,0.0,0.0,0.0,30,1.0706,1.077,20,1.025,1.097,0.0,0.0,0.0,0.0,560
2023-05-10 09:39:53,OP10005382,500ETF沽12月7250,0.0,0.0,0.0,0.0,30,1.0706,1.0771,10,1.025,1.097,0.0,0.0,0.0,0.0,560
2023-05-10 09:39:53,OP10005382,500ETF沽12月7250,0.0,0.0,0.0,0.0,30,1.0706,1.0771,10,1.025,1.097,0.0,0.0,0.0,0.0,560
2023-05-10 09:39:53,OP10005382,500ETF沽12月7250,0.0,0.0,0.0,0.0,30,1.0706,1.0771,30,1.025,1.097,0.0,0.0,0.0,0.0,560
2023-05-10 09:39:53,OP10005382,500ETF沽12月7250,0.0,0.0,0.0,0.0,30,1.0706,1.0771,20,1.025,1.097,0.0,0.0,0.0,0.0,560
2023-05-10 09:39:53,OP10005382,500ETF沽12月7250,0.0,0.0,0.0,0.0,30,1.0706,1.0756,10,1.025,1.097,0.0,0.0,0.0,0.0,560
2023-05-10 09:39:53,OP10005382,500ETF沽12月7250,0.0,0.0,0.0,0.0,30,1.0706,1.0756,10,1.025,1.097,0.0,0.0,0.0,0.0,560
2023-05-10 09:39:56,OP10005382,500ETF沽12月7250,0.0,0.0,0.0,0.0,30,1.0706,1.0756,10,1.025,1.097,0.0,0.0,0.0,0.0,560
2023-05-10 09:39:56,OP10005382,500ETF沽12月7250,0.0,0.0,0.0,0.0,30,1.0706,1.0756,10,1.025,1.097,0.0,0.0,0.0,0.0,560
2023-05-10 09:39:56,OP10005382,500ETF沽12月7250,0.0,0.0,0.0,0.0,30,1.0706,1.0766,10,1.025,1.097,0.0,0.0,0.0,0.0,560
2023-05-10 09:39:56,OP10005382,500ETF沽12月7250,0.0,0.0,0.0,0.0,30,1.0706,1.0766,10,1.025,1.097,0.0,0.0,0.0,0.0,560
2023-05-10 09:39:56,OP10005382,500ETF沽12月7250,0.0,0.0,0.0,0.0,30,1.0706,1.0766,10,1.025,1.097,0.0,0.0,0.0,0.0,560
2023-05-10 09:39:59,OP10005382,500ETF沽12月7250,0.0,0.0,0.0,0.0,30,1.0706,1.0766,10,1.025,1.097,0.0,0.0,0.0,0.0,560
2023-05-10 09:39:59,OP10005382,500ETF沽12月7250,0.0,0.0,0.0,0.0,30,1.0706,1.0766,10,1.025,1.097,0.0,0.0,0.0,0.0,560
2023-05-10 09:40:02,OP10005382,500ETF沽12月7250,0.0,0.0,0.0,0.0,30,1.0706,1.0768,10,1.025,1.097,0.0,0.0,0.0,0.0,560
2023-05-10 09:40:02,OP10005382,500ETF沽12月7250,0.0,0.0,0.0,0.0,30,1.0706,1.0768,10,1.025,1.097,0.0,0.0,0.0,0.0,560
2023-05-10 09:40:02,OP10005382,500ETF沽12月7250,0.0,0.0,0.0,0.0,30,1.0706,1.0781,10,1.025,1.097,0.0,0.0,0.0,0.0,560
2023-05-10 09:40:05,OP10005382,500ETF沽12月7250,0.0,0.0,0.0,0.0,10,1.0713,1.0781,10,1.025,1.097,0.0,0.0,0.0,0.0,560
2023-05-10 09:40:05,OP10005382,500ETF沽12月7250,0.0,0.0,0.0,0.0,20,1.0713,1.0781,10,1.025,1.097,0.0,0.0,0.0,0.0,560
2023-05-10 09:40:05,OP10005382,500ETF沽12月7250,0.0,0.0,0.0,0.0,20,1.0713,1.0786,10,1.025,1.097,0.0,0.0,0.0,0.0,560
2023-05-10 09:40:05,OP10005382,500ETF沽12月7250,0.0,0.0,0.0,0.0,20,1.0713,1.0786,10,1.025,1.097,0.0,0.0,0.0,0.0,560
2023-05-10 09:40:05,OP10005382,500ETF沽12月7250,0.0,0.0,0.0,0.0,20,1.0713,1.0786,10,1.025,1.097,0.0,0.0,0.0,0.0,560
2023-05-10 09:40:08,OP10005382,500ETF沽12月7250,0.0,0.0,0.0,0.0,20,1.0713,1.0786,20,1.025,1.097,0.0,0.0,0.0,0.0,560
2023-05-10 09:40:08,OP10005382,500ETF沽12月7250,0.0,0.0,0.0,0.0,20,1.0713,1.0786,10,1.025,1.097,0.0,0.0,0.0,0.0,560
2023-05-10 09:40:08,OP10005382,500ETF沽12月7250,0.0,0.0,0.0,0.0,20,1.0713,1.0786,10,1.025,1.097,0.0,0.0,0.0,0.0,560
2023-05-10 09:40:11,OP10005382,500ETF沽12月7250,0.0,0.0,0.0,0.0,10,1.0713,1.0771,10,1.025,1.097,0.0,0.0,0.0,0.0,560
2023-05-10 09:40:11,OP10005382,500ETF沽12月7250,0.0,0.0,0.0,0.0,20,1.0706,1.0771,10,1.025,1.097,0.0,0.0,0.0,0.0,560
2023-05-10 09:40:11,OP10005382,500ETF沽12月7250,0.0,0.0,0.0,0.0,30,1.0706,1.0771,10,1.025,1.097,0.0,0.0,0.0,0.0,560
2023-05-10 09:40:17,OP10005382,500ETF沽12月7250,0.0,0.0,0.0,0.0,30,1.0706,1.0771,10,1.025,1.097,0.0,0.0,0.0,0.0,560
2023-05-10 09:40:17,OP10005382,500ETF沽12月7250,0.0,0.0,0.0,0.0,30,1.0706,1.0771,10,1.025,1.097,0.0,0.0,0.0,0.0,560
2023-05-10 09:40:17,OP10005382,500ETF沽12月7250,0.0,0.0,0.0,0.0,30,1.0706,1.0771,10,1.025,1.097,0.0,0.0,0.0,0.0,560
2023-05-10 09:40:20,OP10005382,500ETF沽12月7250,0.0,0.0,0.0,0.0,30,1.0706,1.0771,10,1.025,1.097,0.0,0.0,0.0,0.0,560
2023-05-10 09:40:20,OP10005382,500ETF沽12月7250,0.0,0.0,0.0,0.0,30,1.0706,1.0771,10,1.025,1.097,0.0,0.0,0.0,0.0,560
2023-05-10 09:40:23,OP10005382,500ETF沽12月7250,0.0,0.0,0.0,0.0,30,1.0706,1.0771,10,1.025,1.097,0.0,0.0,0.0,0.0,560
2023-05-10 09:40:26,OP10005382,500ETF沽12月7250,0.0,0.0,0.0,0.0,30,1.0706,1.0771,10,1.025,1.097,0.0,0.0,0.0,0.0,560
2023-05-10 09:40:26,OP10005382,500ETF沽12月7250,0.0,0.0,0.0,0.0,30,1.0706,1.0771,10,1.025,1.097,0.0,0.0,0.0,0.0,560
2023-05-10 09:40:26,OP10005382,500ETF沽12月7250,0.0,0.0,0.0,0.0,30,1.0706,1.0771,10,1.025,1.097,0.0,0.0,0.0,0.0,560
2023-05-10 09:40:26,OP10005382,500ETF沽12月7250,0.0,0.0,0.0,0.0,30,1.0706,1.0771,10,1.025,1.097,0.0,0.0,0.0,0.0,560
2023-05-10 09:40:29,OP10005382,500ETF沽12月7250,0.0,0.0,0.0,0.0,30,1.0706,1.0771,10,1.025,1.097,0.0,0.0,0.0,0.0,560
2023-05-10 09:40:29,OP10005382,500ETF沽12月7250,0.0,0.0,0.0,0.0,30,1.0706,1.0771,10,1.025,1.097,0.0,0.0,0.0,0.0,560
2023-05-10 09:40:29,OP10005382,500ETF沽12月7250,0.0,0.0,0.0,0.0,30,1.0706,1.0776,10,1.025,1.097,0.0,0.0,0.0,0.0,560
2023-05-10 09:40:29,OP10005382,500ETF沽12月7250,0.0,0.0,0.0,0.0,10,1.0712,1.0785,10,1.025,1.097,0.0,0.0,0.0,0.0,560
2023-05-10 09:40:32,OP10005382,500ETF沽12月7250,0.0,0.0,0.0,0.0,30,1.0712,1.0785,10,1.025,1.097,0.0,0.0,0.0,0.0,560
2023-05-10 09:40:32,OP10005382,500ETF沽12月7250,0.0,0.0,0.0,0.0,20,1.0712,1.0785,10,1.025,1.097,0.0,0.0,0.0,0.0,560
2023-05-10 09:40:32,OP10005382,500ETF沽12月7250,0.0,0.0,0.0,0.0,20,1.0712,1.0785,10,1.025,1.097,0.0,0.0,0.0,0.0,560
2023-05-10 09:40:38,OP10005382,500ETF沽12月7250,0.0,0.0,0.0,0.0,10,1.0712,1.0785,10,1.025,1.097,0.0,0.0,0.0,0.0,560
2023-05-10 09:40:38,OP10005382,500ETF沽12月7250,0.0,0.0,0.0,0.0,10,1.0712,1.0771,10,1.025,1.097,0.0,0.0,0.0,0.0,560
2023-05-10 09:40:38,OP10005382,500ETF沽12月7250,0.0,0.0,0.0,0.0,10,1.0712,1.0771,10,1.025,1.097,0.0,0.0,0.0,0.0,560
2023-05-10 09:40:41,OP10005382,500ETF沽12月7250,0.0,0.0,0.0,0.0,10,1.0712,1.0771,10,1.025,1.097,0.0,0.0,0.0,0.0,560
2023-05-10 09:40:44,OP10005382,500ETF沽12月7250,0.0,0.0,0.0,0.0,20,1.0706,1.0771,10,1.025,1.097,0.0,0.0,0.0,0.0,560
2023-05-10 09:40:44,OP10005382,500ETF沽12月7250,0.0,0.0,0.0,0.0,30,1.0706,1.0771,10,1.025,1.097,0.0,0.0,0.0,0.0,560
2023-05-10 09:40:44,OP10005382,500ETF沽12月7250,0.0,0.0,0.0,0.0,30,1.0706,1.0771,10,1.025,1.097,0.0,0.0,0.0,0.0,560
2023-05-10 09:40:44,OP10005382,500ETF沽12月7250,0.0,0.0,0.0,0.0,30,1.0706,1.0771,10,1.025,1.097,0.0,0.0,0.0,0.0,560
2023-05-10 09:40:44,OP10005382,500ETF沽12月7250,0.0,0.0,0.0,0.0,10,1.0713,1.0787,10,1.025,1.097,0.0,0.0,0.0,0.0,560
2023-05-10 09:40:47,OP10005382,500ETF沽12月7250,0.0,0.0,0.0,0.0,20,1.0713,1.0787,10,1.025,1.097,0.0,0.0,0.0,0.0,560
2023-05-10 09:40:50,OP10005382,500ETF沽12月7250,0.0,0.0,0.0,0.0,10,1.0729,1.0791,10,1.025,1.097,0.0,0.0,0.0,0.0,560
2023-05-10 09:40:50,OP10005382,500ETF沽12月7250,0.0,0.0,0.0,0.0,40,1.0729,1.0797,10,1.025,1.097,0.0,0.0,0.0,0.0,560
2023-05-10 09:40:50,OP10005382,500ETF沽12月7250,0.0,0.0,0.0,0.0,40,1.0729,1.0802,10,1.025,1.097,0.0,0.0,0.0,0.0,560
2023-05-10 09:40:50,OP10005382,500ETF沽12月7250,0.0,0.0,0.0,0.0,40,1.0729,1.0802,10,1.025,1.097,0.0,0.0,0.0,0.0,560
2023-05-10 09:40:53,OP10005382,500ETF沽12月7250,0.0,0.0,0.0,0.0,30,1.0729,1.0789,10,1.025,1.097,0.0,0.0,0.0,0.0,560
2023-05-10 09:40:53,OP10005382,500ETF沽12月7250,0.0,0.0,0.0,0.0,30,1.0729,1.0789,10,1.025,1.097,0.0,0.0,0.0,0.0,560
2023-05-10 09:40:59,OP10005382,500ETF沽12月7250,0.0,0.0,0.0,0.0,30,1.0729,1.0789,10,1.025,1.097,0.0,0.0,0.0,0.0,560
2023-05-10 09:40:59,OP10005382,500ETF沽12月7250,0.0,0.0,0.0,0.0,30,1.0729,1.0789,10,1.025,1.097,0.0,0.0,0.0,0.0,560
2023-05-10 09:41:02,OP10005382,500ETF沽12月7250,0.0,0.0,0.0,0.0,30,1.0729,1.0789,10,1.025,1.097,0.0,0.0,0.0,0.0,560
2023-05-10 09:41:02,OP10005382,500ETF沽12月7250,0.0,0.0,0.0,0.0,30,1.0729,1.0789,10,1.025,1.097,0.0,0.0,0.0,0.0,560
2023-05-10 09:41:05,OP10005382,500ETF沽12月7250,0.0,0.0,0.0,0.0,30,1.0729,1.0789,10,1.025,1.097,0.0,0.0,0.0,0.0,560
2023-05-10 09:41:05,OP10005382,500ETF沽12月7250,0.0,0.0,0.0,0.0,30,1.0729,1.0789,10,1.025,1.097,0.0,0.0,0.0,0.0,560
2023-05-10 09:41:08,OP10005382,500ETF沽12月7250,0.0,0.0,0.0,0.0,30,1.0729,1.0789,10,1.025,1.097,0.0,0.0,0.0,0.0,560
2023-05-10 09:41:08,OP10005382,500ETF沽12月7250,0.0,0.0,0.0,0.0,30,1.0729,1.0789,10,1.025,1.097,0.0,0.0,0.0,0.0,560
2023-05-10 09:41:14,OP10005382,500ETF沽12月7250,0.0,0.0,0.0,0.0,30,1.0729,1.0776,10,1.025,1.097,0.0,0.0,0.0,0.0,560
2023-05-10 09:41:14,OP10005382,500ETF沽12月7250,0.0,0.0,0.0,0.0,30,1.0729,1.0776,10,1.025,1.097,0.0,0.0,0.0,0.0,560
2023-05-10 09:41:17,OP10005382,500ETF沽12月7250,0.0,0.0,0.0,0.0,30,1.0729,1.0776,10,1.025,1.097,0.0,0.0,0.0,0.0,560
2023-05-10 09:41:17,OP10005382,500ETF沽12月7250,0.0,0.0,0.0,0.0,30,1.0729,1.0776,10,1.025,1.097,0.0,0.0,0.0,0.0,560
2023-05-10 09:41:20,OP10005382,500ETF沽12月7250,0.0,0.0,0.0,0.0,30,1.0729,1.0776,10,1.025,1.097,0.0,0.0,0.0,0.0,560
2023-05-10 09:41:23,OP10005382,500ETF沽12月7250,0.0,0.0,0.0,0.0,20,1.0729,1.0776,10,1.025,1.097,0.0,0.0,0.0,0.0,560
2023-05-10 09:41:23,OP10005382,500ETF沽12月7250,0.0,0.0,0.0,0.0,30,1.0729,1.0776,10,1.025,1.097,0.0,0.0,0.0,0.0,560
2023-05-10 09:41:23,OP10005382,500ETF沽12月7250,0.0,0.0,0.0,0.0,30,1.0729,1.0776,10,1.025,1.097,0.0,0.0,0.0,0.0,560
2023-05-10 09:41:23,OP10005382,500ETF沽12月7250,0.0,0.0,0.0,0.0,30,1.0729,1.0794,40,1.025,1.097,0.0,0.0,0.0,0.0,560
2023-05-10 09:41:26,OP10005382,500ETF沽12月7250,0.0,0.0,0.0,0.0,20,1.0729,1.0794,30,1.025,1.097,0.0,0.0,0.0,0.0,560
2023-05-10 09:41:26,OP10005382,500ETF沽12月7250,0.0,0.0,0.0,0.0,30,1.0729,1.0794,30,1.025,1.097,0.0,0.0,0.0,0.0,560
2023-05-10 09:41:26,OP10005382,500ETF沽12月7250,0.0,0.0,0.0,0.0,30,1.0729,1.0794,30,1.025,1.097,0.0,0.0,0.0,0.0,560
2023-05-10 09:41:29,OP10005382,500ETF沽12月7250,0.0,0.0,0.0,0.0,30,1.0729,1.0794,30,1.025,1.097,0.0,0.0,0.0,0.0,560
2023-05-10 09:41:29,OP10005382,500ETF沽12月7250,0.0,0.0,0.0,0.0,30,1.0729,1.0794,10,1.025,1.097,0.0,0.0,0.0,0.0,560
2023-05-10 09:41:29,OP10005382,500ETF沽12月7250,0.0,0.0,0.0,0.0,30,1.0729,1.0794,10,1.025,1.097,0.0,0.0,0.0,0.0,560
2023-05-10 09:41:29,OP10005382,500ETF沽12月7250,0.0,0.0,0.0,0.0,30,1.0729,1.0794,10,1.025,1.097,0.0,0.0,0.0,0.0,560
2023-05-10 09:41:32,OP10005382,500ETF沽12月7250,0.0,0.0,0.0,0.0,30,1.0729,1.0794,10,1.025,1.097,0.0,0.0,0.0,0.0,560
2023-05-10 09:41:32,OP10005382,500ETF沽12月7250,0.0,0.0,0.0,0.0,30,1.0729,1.0794,30,1.025,1.097,0.0,0.0,0.0,0.0,560
2023-05-10 09:41:35,OP10005382,500ETF沽12月7250,0.0,0.0,0.0,0.0,30,1.0729,1.0794,10,1.025,1.097,0.0,0.0,0.0,0.0,560
2023-05-10 09:41:35,OP10005382,500ETF沽12月7250,0.0,0.0,0.0,0.0,30,1.0729,1.0794,30,1.025,1.097,0.0,0.0,0.0,0.0,560
2023-05-10 09:41:38,OP10005382,500ETF沽12月7250,0.0,0.0,0.0,0.0,30,1.0729,1.0794,10,1.025,1.097,0.0,0.0,0.0,0.0,560
2023-05-10 09:41:38,OP10005382,500ETF沽12月7250,0.0,0.0,0.0,0.0,30,1.0729,1.0794,10,1.025,1.097,0.0,0.0,0.0,0.0,560
2023-05-10 09:41:38,OP10005382,500ETF沽12月7250,0.0,0.0,0.0,0.0,30,1.0729,1.0794,10,1.025,1.097,0.0,0.0,0.0,0.0,560
2023-05-10 09:41:41,OP10005382,500ETF沽12月7250,0.0,0.0,0.0,0.0,30,1.0729,1.0794,30,1.025,1.097,0.0,0.0,0.0,0.0,560
2023-05-10 09:41:41,OP10005382,500ETF沽12月7250,0.0,0.0,0.0,0.0,30,1.0729,1.0794,30,1.025,1.097,0.0,0.0,0.0,0.0,560
2023-05-10 09:41:41,OP10005382,500ETF沽12月7250,0.0,0.0,0.0,0.0,30,1.0729,1.0794,30,1.025,1.097,0.0,0.0,0.0,0.0,560
2023-05-10 09:41:44,OP10005382,500ETF沽12月7250,0.0,0.0,0.0,0.0,30,1.0729,1.0794,30,1.025,1.097,0.0,0.0,0.0,0.0,560
2023-05-10 09:41:47,OP10005382,500ETF沽12月7250,0.0,0.0,0.0,0.0,30,1.0729,1.0778,10,1.025,1.097,0.0,0.0,0.0,0.0,560
2023-05-10 09:41:47,OP10005382,500ETF沽12月7250,0.0,0.0,0.0,0.0,30,1.0729,1.0778,10,1.025,1.097,0.0,0.0,0.0,0.0,560
2023-05-10 09:41:50,OP10005382,500ETF沽12月7250,0.0,0.0,0.0,0.0,30,1.0729,1.0778,10,1.025,1.097,0.0,0.0,0.0,0.0,560
2023-05-10 09:41:50,OP10005382,500ETF沽12月7250,0.0,0.0,0.0,0.0,30,1.0729,1.0778,10,1.025,1.097,0.0,0.0,0.0,0.0,560
2023-05-10 09:41:50,OP10005382,500ETF沽12月7250,0.0,0.0,0.0,0.0,30,1.0729,1.0793,10,1.025,1.097,0.0,0.0,0.0,0.0,560
2023-05-10 09:41:50,OP10005382,500ETF沽12月7250,0.0,0.0,0.0,0.0,30,1.0729,1.0793,10,1.025,1.097,0.0,0.0,0.0,0.0,560
2023-05-10 09:41:53,OP10005382,500ETF沽12月7250,0.0,0.0,0.0,0.0,30,1.0729,1.0793,10,1.025,1.097,0.0,0.0,0.0,0.0,560
2023-05-10 09:41:53,OP10005382,500ETF沽12月7250,0.0,0.0,0.0,0.0,30,1.0729,1.0793,10,1.025,1.097,0.0,0.0,0.0,0.0,560
2023-05-10 09:41:53,OP10005382,500ETF沽12月7250,0.0,0.0,0.0,0.0,30,1.0729,1.0793,10,1.025,1.097,0.0,0.0,0.0,0.0,560
2023-05-10 09:41:56,OP10005382,500ETF沽12月7250,0.0,0.0,0.0,0.0,10,1.0733,1.0794,20,1.025,1.097,0.0,0.0,0.0,0.0,560
2023-05-10 09:41:56,OP10005382,500ETF沽12月7250,0.0,0.0,0.0,0.0,10,1.0733,1.0806,40,1.025,1.097,0.0,0.0,0.0,0.0,560
2023-05-10 09:41:56,OP10005382,500ETF沽12月7250,0.0,0.0,0.0,0.0,20,1.0733,1.0806,40,1.025,1.097,0.0,0.0,0.0,0.0,560
2023-05-10 09:41:59,OP10005382,500ETF沽12月7250,0.0,0.0,0.0,0.0,20,1.0733,1.0806,40,1.025,1.097,0.0,0.0,0.0,0.0,560
2023-05-10 09:41:59,OP10005382,500ETF沽12月7250,0.0,0.0,0.0,0.0,20,1.0733,1.0806,40,1.025,1.097,0.0,0.0,0.0,0.0,560
2023-05-10 09:41:59,OP10005382,500ETF沽12月7250,0.0,0.0,0.0,0.0,20,1.0733,1.0806,40,1.025,1.097,0.0,0.0,0.0,0.0,560
2023-05-10 09:42:02,OP10005382,500ETF沽12月7250,0.0,0.0,0.0,0.0,20,1.0733,1.0806,40,1.025,1.097,0.0,0.0,0.0,0.0,560
2023-05-10 09:42:02,OP10005382,500ETF沽12月7250,0.0,0.0,0.0,0.0,20,1.0733,1.0806,40,1.025,1.097,0.0,0.0,0.0,0.0,560
2023-05-10 09:42:02,OP10005382,500ETF沽12月7250,0.0,0.0,0.0,0.0,20,1.0733,1.0806,40,1.025,1.097,0.0,0.0,0.0,0.0,560
2023-05-10 09:42:05,OP10005382,500ETF沽12月7250,0.0,0.0,0.0,0.0,10,1.0733,1.0794,10,1.025,1.097,0.0,0.0,0.0,0.0,560
2023-05-10 09:42:08,OP10005382,500ETF沽12月7250,0.0,0.0,0.0,0.0,20,1.0729,1.0794,10,1.025,1.097,0.0,0.0,0.0,0.0,560
2023-05-10 09:42:08,OP10005382,500ETF沽12月7250,0.0,0.0,0.0,0.0,30,1.0729,1.0794,10,1.025,1.097,0.0,0.0,0.0,0.0,560
2023-05-10 09:42:11,OP10005382,500ETF沽12月7250,0.0,0.0,0.0,0.0,30,1.0729,1.0794,30,1.025,1.097,0.0,0.0,0.0,0.0,560
2023-05-10 09:42:14,OP10005382,500ETF沽12月7250,0.0,0.0,0.0,0.0,30,1.0729,1.0794,30,1.025,1.097,0.0,0.0,0.0,0.0,560
2023-05-10 09:42:14,OP10005382,500ETF沽12月7250,0.0,0.0,0.0,0.0,30,1.0729,1.0794,30,1.025,1.097,0.0,0.0,0.0,0.0,560
2023-05-10 09:42:17,OP10005382,500ETF沽12月7250,0.0,0.0,0.0,0.0,30,1.0729,1.0794,10,1.025,1.097,0.0,0.0,0.0,0.0,560
2023-05-10 09:42:17,OP10005382,500ETF沽12月7250,0.0,0.0,0.0,0.0,30,1.0729,1.0794,10,1.025,1.097,0.0,0.0,0.0,0.0,560
2023-05-10 09:42:20,OP10005382,500ETF沽12月7250,0.0,0.0,0.0,0.0,30,1.0729,1.0794,10,1.025,1.097,0.0,0.0,0.0,0.0,560
2023-05-10 09:42:23,OP10005382,500ETF沽12月7250,0.0,0.0,0.0,0.0,30,1.0729,1.0794,10,1.025,1.097,0.0,0.0,0.0,0.0,560
2023-05-10 09:42:26,OP10005382,500ETF沽12月7250,0.0,0.0,0.0,0.0,30,1.0729,1.0794,10,1.025,1.097,0.0,0.0,0.0,0.0,560
2023-05-10 09:42:29,OP10005382,500ETF沽12月7250,0.0,0.0,0.0,0.0,30,1.0729,1.0794,10,1.025,1.097,0.0,0.0,0.0,0.0,560
2023-05-10 09:42:47,OP10005382,500ETF沽12月7250,0.0,0.0,0.0,0.0,30,1.0729,1.0794,10,1.025,1.097,0.0,0.0,0.0,0.0,560
2023-05-10 09:42:47,OP10005382,500ETF沽12月7250,0.0,0.0,0.0,0.0,30,1.0729,1.0794,10,1.025,1.097,0.0,0.0,0.0,0.0,560
2023-05-10 09:42:47,OP10005382,500ETF沽12月7250,0.0,0.0,0.0,0.0,30,1.0729,1.0794,10,1.025,1.097,0.0,0.0,0.0,0.0,560
2023-05-10 09:42:50,OP10005382,500ETF沽12月7250,0.0,0.0,0.0,0.0,30,1.0729,1.0794,10,1.025,1.097,0.0,0.0,0.0,0.0,560
2023-05-10 09:42:56,OP10005382,500ETF沽12月7250,0.0,0.0,0.0,0.0,30,1.0729,1.0791,10,1.025,1.097,0.0,0.0,0.0,0.0,560
2023-05-10 09:42:56,OP10005382,500ETF沽12月7250,0.0,0.0,0.0,0.0,30,1.0729,1.0791,10,1.025,1.097,0.0,0.0,0.0,0.0,560
2023-05-10 09:43:02,OP10005382,500ETF沽12月7250,0.0,0.0,0.0,0.0,30,1.0729,1.0794,10,1.025,1.097,0.0,0.0,0.0,0.0,560
2023-05-10 09:43:05,OP10005382,500ETF沽12月7250,0.0,0.0,0.0,0.0,30,1.0729,1.0794,10,1.025,1.097,0.0,0.0,0.0,0.0,560
2023-05-10 09:43:05,OP10005382,500ETF沽12月7250,0.0,0.0,0.0,0.0,30,1.0729,1.0794,30,1.025,1.097,0.0,0.0,0.0,0.0,560
2023-05-10 09:43:08,OP10005382,500ETF沽12月7250,0.0,0.0,0.0,0.0,30,1.0729,1.0794,30,1.025,1.097,0.0,0.0,0.0,0.0,560
2023-05-10 09:43:08,OP10005382,500ETF沽12月7250,0.0,0.0,0.0,0.0,30,1.0729,1.0794,30,1.025,1.097,0.0,0.0,0.0,0.0,560
2023-05-10 09:43:14,OP10005382,500ETF沽12月7250,0.0,0.0,0.0,0.0,30,1.0729,1.0794,30,1.025,1.097,0.0,0.0,0.0,0.0,560
2023-05-10 09:43:14,OP10005382,500ETF沽12月7250,0.0,0.0,0.0,0.0,10,1.0733,1.0794,20,1.025,1.097,0.0,0.0,0.0,0.0,560
2023-05-10 09:43:17,OP10005382,500ETF沽12月7250,0.0,0.0,0.0,0.0,20,1.0733,1.0806,40,1.025,1.097,0.0,0.0,0.0,0.0,560
2023-05-10 09:43:17,OP10005382,500ETF沽12月7250,0.0,0.0,0.0,0.0,20,1.0733,1.0806,40,1.025,1.097,0.0,0.0,0.0,0.0,560
2023-05-10 09:43:17,OP10005382,500ETF沽12月7250,0.0,0.0,0.0,0.0,20,1.0733,1.0806,40,1.025,1.097,0.0,0.0,0.0,0.0,560
2023-05-10 09:43:26,OP10005382,500ETF沽12月7250,0.0,0.0,0.0,0.0,10,1.0733,1.0793,10,1.025,1.097,0.0,0.0,0.0,0.0,560
2023-05-10 09:43:29,OP10005382,500ETF沽12月7250,0.0,0.0,0.0,0.0,10,1.0733,1.0793,30,1.025,1.097,0.0,0.0,0.0,0.0,560
2023-05-10 09:43:29,OP10005382,500ETF沽12月7250,0.0,0.0,0.0,0.0,10,1.0733,1.0793,30,1.025,1.097,0.0,0.0,0.0,0.0,560
2023-05-10 09:43:29,OP10005382,500ETF沽12月7250,0.0,0.0,0.0,0.0,10,1.0733,1.0793,30,1.025,1.097,0.0,0.0,0.0,0.0,560
2023-05-10 09:43:29,OP10005382,500ETF沽12月7250,0.0,0.0,0.0,0.0,20,1.0729,1.0793,30,1.025,1.097,0.0,0.0,0.0,0.0,560
2023-05-10 09:43:29,OP10005382,500ETF沽12月7250,0.0,0.0,0.0,0.0,30,1.0729,1.0793,30,1.025,1.097,0.0,0.0,0.0,0.0,560
2023-05-10 09:43:32,OP10005382,500ETF沽12月7250,0.0,0.0,0.0,0.0,30,1.0729,1.0793,30,1.025,1.097,0.0,0.0,0.0,0.0,560
2023-05-10 09:43:32,OP10005382,500ETF沽12月7250,0.0,0.0,0.0,0.0,30,1.0729,1.0779,10,1.025,1.097,0.0,0.0,0.0,0.0,560
2023-05-10 09:43:35,OP10005382,500ETF沽12月7250,0.0,0.0,0.0,0.0,30,1.0729,1.0779,30,1.025,1.097,0.0,0.0,0.0,0.0,560
2023-05-10 09:43:38,OP10005382,500ETF沽12月7250,0.0,0.0,0.0,0.0,30,1.0729,1.0779,30,1.025,1.097,0.0,0.0,0.0,0.0,560
2023-05-10 09:43:41,OP10005382,500ETF沽12月7250,0.0,0.0,0.0,0.0,30,1.0729,1.0791,20,1.025,1.097,0.0,0.0,0.0,0.0,560
2023-05-10 09:43:41,OP10005382,500ETF沽12月7250,0.0,0.0,0.0,0.0,30,1.0729,1.0791,20,1.025,1.097,0.0,0.0,0.0,0.0,560
2023-05-10 09:43:41,OP10005382,500ETF沽12月7250,0.0,0.0,0.0,0.0,30,1.0729,1.0791,20,1.025,1.097,0.0,0.0,0.0,0.0,560
2023-05-10 09:43:53,OP10005382,500ETF沽12月7250,0.0,0.0,0.0,0.0,30,1.0729,1.0791,10,1.025,1.097,0.0,0.0,0.0,0.0,560
2023-05-10 09:43:56,OP10005382,500ETF沽12月7250,0.0,0.0,0.0,0.0,30,1.0729,1.0791,10,1.025,1.097,0.0,0.0,0.0,0.0,560
2023-05-10 09:44:02,OP10005382,500ETF沽12月7250,0.0,0.0,0.0,0.0,30,1.0729,1.0791,10,1.025,1.097,0.0,0.0,0.0,0.0,560
2023-05-10 09:44:02,OP10005382,500ETF沽12月7250,0.0,0.0,0.0,0.0,30,1.0729,1.0791,10,1.025,1.097,0.0,0.0,0.0,0.0,560
2023-05-10 09:44:05,OP10005382,500ETF沽12月7250,0.0,0.0,0.0,0.0,30,1.0729,1.0791,10,1.025,1.097,0.0,0.0,0.0,0.0,560
2023-05-10 09:44:11,OP10005382,500ETF沽12月7250,0.0,0.0,0.0,0.0,30,1.0729,1.0791,10,1.025,1.097,0.0,0.0,0.0,0.0,560
2023-05-10 09:44:14,OP10005382,500ETF沽12月7250,0.0,0.0,0.0,0.0,30,1.0729,1.0791,10,1.025,1.097,0.0,0.0,0.0,0.0,560
2023-05-10 09:44:17,OP10005382,500ETF沽12月7250,0.0,0.0,0.0,0.0,30,1.0729,1.0779,10,1.025,1.097,0.0,0.0,0.0,0.0,560
2023-05-10 09:44:17,OP10005382,500ETF沽12月7250,0.0,0.0,0.0,0.0,30,1.0729,1.0779,10,1.025,1.097,0.0,0.0,0.0,0.0,560
2023-05-10 09:44:17,OP10005382,500ETF沽12月7250,0.0,0.0,0.0,0.0,30,1.0729,1.0779,10,1.025,1.097,0.0,0.0,0.0,0.0,560
2023-05-10 09:44:17,OP10005382,500ETF沽12月7250,0.0,0.0,0.0,0.0,30,1.0729,1.0779,10,1.025,1.097,0.0,0.0,0.0,0.0,560
2023-05-10 09:44:23,OP10005382,500ETF沽12月7250,0.0,0.0,0.0,0.0,30,1.0729,1.0779,10,1.025,1.097,0.0,0.0,0.0,0.0,560
2023-05-10 09:44:26,OP10005382,500ETF沽12月7250,0.0,0.0,0.0,0.0,30,1.0729,1.0779,10,1.025,1.097,0.0,0.0,0.0,0.0,560
2023-05-10 09:44:29,OP10005382,500ETF沽12月7250,0.0,0.0,0.0,0.0,30,1.0729,1.0792,20,1.025,1.097,0.0,0.0,0.0,0.0,560
2023-05-10 09:44:29,OP10005382,500ETF沽12月7250,0.0,0.0,0.0,0.0,30,1.0729,1.0792,10,1.025,1.097,0.0,0.0,0.0,0.0,560
2023-05-10 09:44:41,OP10005382,500ETF沽12月7250,0.0,0.0,0.0,0.0,30,1.0729,1.0792,10,1.025,1.097,0.0,0.0,0.0,0.0,560
2023-05-10 09:44:44,OP10005382,500ETF沽12月7250,0.0,0.0,0.0,0.0,10,1.0731,1.0804,30,1.025,1.097,0.0,0.0,0.0,0.0,560
2023-05-10 09:44:44,OP10005382,500ETF沽12月7250,0.0,0.0,0.0,0.0,20,1.0731,1.0804,30,1.025,1.097,0.0,0.0,0.0,0.0,560
2023-05-10 09:44:44,OP10005382,500ETF沽12月7250,0.0,0.0,0.0,0.0,20,1.0731,1.0804,30,1.025,1.097,0.0,0.0,0.0,0.0,560
2023-05-10 09:44:47,OP10005382,500ETF沽12月7250,0.0,0.0,0.0,0.0,20,1.0731,1.0804,10,1.025,1.097,0.0,0.0,0.0,0.0,560
2023-05-10 09:44:50,OP10005382,500ETF沽12月7250,0.0,0.0,0.0,0.0,20,1.0731,1.0804,10,1.025,1.097,0.0,0.0,0.0,0.0,560
2023-05-10 09:44:53,OP10005382,500ETF沽12月7250,0.0,0.0,0.0,0.0,20,1.0731,1.0804,10,1.025,1.097,0.0,0.0,0.0,0.0,560
2023-05-10 09:44:56,OP10005382,500ETF沽12月7250,0.0,0.0,0.0,0.0,20,1.0731,1.0804,10,1.025,1.097,0.0,0.0,0.0,0.0,560
2023-05-10 09:44:59,OP10005382,500ETF沽12月7250,0.0,0.0,0.0,0.0,20,1.0731,1.0804,10,1.025,1.097,0.0,0.0,0.0,0.0,560
2023-05-10 09:45:02,OP10005382,500ETF沽12月7250,0.0,0.0,0.0,0.0,20,1.0731,1.0804,10,1.025,1.097,0.0,0.0,0.0,0.0,560
2023-05-10 09:45:02,OP10005382,500ETF沽12月7250,0.0,0.0,0.0,0.0,20,1.0731,1.0804,10,1.025,1.097,0.0,0.0,0.0,0.0,560
2023-05-10 09:45:02,OP10005382,500ETF沽12月7250,0.0,0.0,0.0,0.0,20,1.0731,1.0804,10,1.025,1.097,0.0,0.0,0.0,0.0,560
2023-05-10 09:45:02,OP10005382,500ETF沽12月7250,0.0,0.0,0.0,0.0,20,1.0731,1.0804,10,1.025,1.097,0.0,0.0,0.0,0.0,560
2023-05-10 09:45:05,OP10005382,500ETF沽12月7250,0.0,0.0,0.0,0.0,30,1.0731,1.0804,10,1.025,1.097,0.0,0.0,0.0,0.0,560
2023-05-10 09:45:05,OP10005382,500ETF沽12月7250,0.0,0.0,0.0,0.0,30,1.0731,1.0804,10,1.025,1.097,0.0,0.0,0.0,0.0,560
2023-05-10 09:45:08,OP10005382,500ETF沽12月7250,0.0,0.0,0.0,0.0,30,1.0731,1.0804,10,1.025,1.097,0.0,0.0,0.0,0.0,560
2023-05-10 09:45:14,OP10005382,500ETF沽12月7250,0.0,0.0,0.0,0.0,30,1.0731,1.0804,10,1.025,1.097,0.0,0.0,0.0,0.0,560
2023-05-10 09:45:14,OP10005382,500ETF沽12月7250,0.0,0.0,0.0,0.0,20,1.0731,1.0804,10,1.025,1.097,0.0,0.0,0.0,0.0,560
2023-05-10 09:45:17,OP10005382,500ETF沽12月7250,0.0,0.0,0.0,0.0,20,1.0731,1.0804,10,1.025,1.097,0.0,0.0,0.0,0.0,560
2023-05-10 09:45:17,OP10005382,500ETF沽12月7250,0.0,0.0,0.0,0.0,30,1.0731,1.0804,10,1.025,1.097,0.0,0.0,0.0,0.0,560
2023-05-10 09:45:20,OP10005382,500ETF沽12月7250,0.0,0.0,0.0,0.0,10,1.0745,1.0807,10,1.025,1.097,0.0,0.0,0.0,0.0,560
2023-05-10 09:45:20,OP10005382,500ETF沽12月7250,0.0,0.0,0.0,0.0,30,1.0745,1.0818,10,1.025,1.097,0.0,0.0,0.0,0.0,560
2023-05-10 09:45:20,OP10005382,500ETF沽12月7250,0.0,0.0,0.0,0.0,10,1.0757,1.0825,10,1.025,1.097,0.0,0.0,0.0,0.0,560
2023-05-10 09:45:23,OP10005382,500ETF沽12月7250,0.0,0.0,0.0,0.0,40,1.0757,1.0825,10,1.025,1.097,0.0,0.0,0.0,0.0,560
2023-05-10 09:45:23,OP10005382,500ETF沽12月7250,0.0,0.0,0.0,0.0,40,1.0757,1.0825,10,1.025,1.097,0.0,0.0,0.0,0.0,560
2023-05-10 09:45:23,OP10005382,500ETF沽12月7250,0.0,0.0,0.0,0.0,40,1.0757,1.0825,10,1.025,1.097,0.0,0.0,0.0,0.0,560
2023-05-10 09:45:26,OP10005382,500ETF沽12月7250,0.0,0.0,0.0,0.0,40,1.0757,1.0825,10,1.025,1.097,0.0,0.0,0.0,0.0,560
2023-05-10 09:45:26,OP10005382,500ETF沽12月7250,0.0,0.0,0.0,0.0,40,1.0757,1.0825,10,1.025,1.097,0.0,0.0,0.0,0.0,560
2023-05-10 09:45:29,OP10005382,500ETF沽12月7250,0.0,0.0,0.0,0.0,30,1.0757,1.0818,10,1.025,1.097,0.0,0.0,0.0,0.0,560
2023-05-10 09:45:29,OP10005382,500ETF沽12月7250,0.0,0.0,0.0,0.0,30,1.0757,1.0818,10,1.025,1.097,0.0,0.0,0.0,0.0,560
2023-05-10 09:45:32,OP10005382,500ETF沽12月7250,0.0,0.0,0.0,0.0,30,1.0757,1.0818,10,1.025,1.097,0.0,0.0,0.0,0.0,560
2023-05-10 09:45:35,OP10005382,500ETF沽12月7250,0.0,0.0,0.0,0.0,30,1.0757,1.0818,10,1.025,1.097,0.0,0.0,0.0,0.0,560
2023-05-10 09:45:38,OP10005382,500ETF沽12月7250,0.0,0.0,0.0,0.0,10,1.0758,1.0825,10,1.025,1.097,0.0,0.0,0.0,0.0,560
2023-05-10 09:45:38,OP10005382,500ETF沽12月7250,0.0,0.0,0.0,0.0,20,1.0758,1.0825,10,1.025,1.097,0.0,0.0,0.0,0.0,560
2023-05-10 09:45:38,OP10005382,500ETF沽12月7250,0.0,0.0,0.0,0.0,20,1.0758,1.0825,10,1.025,1.097,0.0,0.0,0.0,0.0,560
2023-05-10 09:45:44,OP10005382,500ETF沽12月7250,0.0,0.0,0.0,0.0,20,1.0758,1.0825,10,1.025,1.097,0.0,0.0,0.0,0.0,560
2023-05-10 09:45:44,OP10005382,500ETF沽12月7250,0.0,0.0,0.0,0.0,20,1.0758,1.0825,10,1.025,1.097,0.0,0.0,0.0,0.0,560
2023-05-10 09:45:47,OP10005382,500ETF沽12月7250,0.0,0.0,0.0,0.0,20,1.0758,1.0825,10,1.025,1.097,0.0,0.0,0.0,0.0,560
2023-05-10 09:45:47,OP10005382,500ETF沽12月7250,0.0,0.0,0.0,0.0,20,1.0758,1.0825,10,1.025,1.097,0.0,0.0,0.0,0.0,560
2023-05-10 09:45:53,OP10005382,500ETF沽12月7250,0.0,0.0,0.0,0.0,10,1.0758,1.0818,10,1.025,1.097,0.0,0.0,0.0,0.0,560
2023-05-10 09:45:53,OP10005382,500ETF沽12月7250,0.0,0.0,0.0,0.0,20,1.0757,1.0818,10,1.025,1.097,0.0,0.0,0.0,0.0,560
2023-05-10 09:45:53,OP10005382,500ETF沽12月7250,0.0,0.0,0.0,0.0,10,1.0757,1.0818,10,1.025,1.097,0.0,0.0,0.0,0.0,560
2023-05-10 09:45:56,OP10005382,500ETF沽12月7250,0.0,0.0,0.0,0.0,20,1.0757,1.0818,10,1.025,1.097,0.0,0.0,0.0,0.0,560
2023-05-10 09:45:56,OP10005382,500ETF沽12月7250,0.0,0.0,0.0,0.0,10,1.0757,1.0818,10,1.025,1.097,0.0,0.0,0.0,0.0,560
2023-05-10 09:45:56,OP10005382,500ETF沽12月7250,0.0,0.0,0.0,0.0,30,1.0757,1.0818,10,1.025,1.097,0.0,0.0,0.0,0.0,560
2023-05-10 09:45:56,OP10005382,500ETF沽12月7250,0.0,0.0,0.0,0.0,20,1.0757,1.0818,10,1.025,1.097,0.0,0.0,0.0,0.0,560
2023-05-10 09:45:56,OP10005382,500ETF沽12月7250,0.0,0.0,0.0,0.0,10,1.0746,1.0818,10,1.025,1.097,0.0,0.0,0.0,0.0,560
2023-05-10 09:45:56,OP10005382,500ETF沽12月7250,0.0,0.0,0.0,0.0,20,1.0746,1.0818,10,1.025,1.097,0.0,0.0,0.0,0.0,560
2023-05-10 09:45:59,OP10005382,500ETF沽12月7250,0.0,0.0,0.0,0.0,10,1.0746,1.0805,10,1.025,1.097,0.0,0.0,0.0,0.0,560
2023-05-10 09:45:59,OP10005382,500ETF沽12月7250,0.0,0.0,0.0,0.0,20,1.0745,1.0805,10,1.025,1.097,0.0,0.0,0.0,0.0,560
2023-05-10 09:45:59,OP10005382,500ETF沽12月7250,0.0,0.0,0.0,0.0,30,1.0745,1.0805,10,1.025,1.097,0.0,0.0,0.0,0.0,560
2023-05-10 09:45:59,OP10005382,500ETF沽12月7250,0.0,0.0,0.0,0.0,30,1.0745,1.0805,10,1.025,1.097,0.0,0.0,0.0,0.0,560
2023-05-10 09:45:59,OP10005382,500ETF沽12月7250,0.0,0.0,0.0,0.0,30,1.0745,1.0805,10,1.025,1.097,0.0,0.0,0.0,0.0,560
2023-05-10 09:46:02,OP10005382,500ETF沽12月7250,0.0,0.0,0.0,0.0,30,1.0745,1.0805,10,1.025,1.097,0.0,0.0,0.0,0.0,560
2023-05-10 09:46:02,OP10005382,500ETF沽12月7250,0.0,0.0,0.0,0.0,30,1.0745,1.0805,10,1.025,1.097,0.0,0.0,0.0,0.0,560
2023-05-10 09:46:02,OP10005382,500ETF沽12月7250,0.0,0.0,0.0,0.0,30,1.0745,1.0805,10,1.025,1.097,0.0,0.0,0.0,0.0,560
2023-05-10 09:46:05,OP10005382,500ETF沽12月7250,0.0,0.0,0.0,0.0,30,1.0745,1.0805,10,1.025,1.097,0.0,0.0,0.0,0.0,560
2023-05-10 09:46:05,OP10005382,500ETF沽12月7250,0.0,0.0,0.0,0.0,30,1.0745,1.0805,10,1.025,1.097,0.0,0.0,0.0,0.0,560
2023-05-10 09:46:08,OP10005382,500ETF沽12月7250,0.0,0.0,0.0,0.0,10,1.0747,1.0821,10,1.025,1.097,0.0,0.0,0.0,0.0,560
2023-05-10 09:46:08,OP10005382,500ETF沽12月7250,0.0,0.0,0.0,0.0,20,1.0747,1.0821,10,1.025,1.097,0.0,0.0,0.0,0.0,560
2023-05-10 09:46:08,OP10005382,500ETF沽12月7250,0.0,0.0,0.0,0.0,20,1.0747,1.0821,10,1.025,1.097,0.0,0.0,0.0,0.0,560
2023-05-10 09:46:08,OP10005382,500ETF沽12月7250,0.0,0.0,0.0,0.0,20,1.0747,1.0821,10,1.025,1.097,0.0,0.0,0.0,0.0,560
2023-05-10 09:46:11,OP10005382,500ETF沽12月7250,0.0,0.0,0.0,0.0,20,1.0747,1.0821,10,1.025,1.097,0.0,0.0,0.0,0.0,560
2023-05-10 09:46:11,OP10005382,500ETF沽12月7250,0.0,0.0,0.0,0.0,20,1.0747,1.0821,10,1.025,1.097,0.0,0.0,0.0,0.0,560
2023-05-10 09:46:14,OP10005382,500ETF沽12月7250,0.0,0.0,0.0,0.0,20,1.0747,1.0821,10,1.025,1.097,0.0,0.0,0.0,0.0,560
2023-05-10 09:46:17,OP10005382,500ETF沽12月7250,0.0,0.0,0.0,0.0,20,1.0747,1.0821,10,1.025,1.097,0.0,0.0,0.0,0.0,560
2023-05-10 09:46:17,OP10005382,500ETF沽12月7250,0.0,0.0,0.0,0.0,10,1.0747,1.0806,10,1.025,1.097,0.0,0.0,0.0,0.0,560
2023-05-10 09:46:17,OP10005382,500ETF沽12月7250,0.0,0.0,0.0,0.0,20,1.0745,1.0806,10,1.025,1.097,0.0,0.0,0.0,0.0,560
2023-05-10 09:46:17,OP10005382,500ETF沽12月7250,0.0,0.0,0.0,0.0,30,1.0745,1.0806,10,1.025,1.097,0.0,0.0,0.0,0.0,560
2023-05-10 09:46:20,OP10005382,500ETF沽12月7250,0.0,0.0,0.0,0.0,30,1.0745,1.0806,10,1.025,1.097,0.0,0.0,0.0,0.0,560
2023-05-10 09:46:20,OP10005382,500ETF沽12月7250,0.0,0.0,0.0,0.0,30,1.0745,1.079,10,1.025,1.097,0.0,0.0,0.0,0.0,560
2023-05-10 09:46:20,OP10005382,500ETF沽12月7250,0.0,0.0,0.0,0.0,30,1.0745,1.079,10,1.025,1.097,0.0,0.0,0.0,0.0,560
2023-05-10 09:46:20,OP10005382,500ETF沽12月7250,0.0,0.0,0.0,0.0,30,1.0745,1.079,10,1.025,1.097,0.0,0.0,0.0,0.0,560
2023-05-10 09:46:20,OP10005382,500ETF沽12月7250,0.0,0.0,0.0,0.0,30,1.0745,1.079,10,1.025,1.097,0.0,0.0,0.0,0.0,560
2023-05-10 09:46:23,OP10005382,500ETF沽12月7250,0.0,0.0,0.0,0.0,20,1.0745,1.079,10,1.025,1.097,0.0,0.0,0.0,0.0,560
2023-05-10 09:46:23,OP10005382,500ETF沽12月7250,0.0,0.0,0.0,0.0,20,1.0745,1.079,10,1.025,1.097,0.0,0.0,0.0,0.0,560
2023-05-10 09:46:26,OP10005382,500ETF沽12月7250,0.0,0.0,0.0,0.0,20,1.0745,1.0796,20,1.025,1.097,0.0,0.0,0.0,0.0,560
2023-05-10 09:46:26,OP10005382,500ETF沽12月7250,0.0,0.0,0.0,0.0,20,1.0745,1.0809,10,1.025,1.097,0.0,0.0,0.0,0.0,560
2023-05-10 09:46:29,OP10005382,500ETF沽12月7250,0.0,0.0,0.0,0.0,30,1.0745,1.0809,10,1.025,1.097,0.0,0.0,0.0,0.0,560
2023-05-10 09:46:29,OP10005382,500ETF沽12月7250,0.0,0.0,0.0,0.0,30,1.0745,1.0809,10,1.025,1.097,0.0,0.0,0.0,0.0,560
2023-05-10 09:46:29,OP10005382,500ETF沽12月7250,0.0,0.0,0.0,0.0,30,1.0745,1.0809,10,1.025,1.097,0.0,0.0,0.0,0.0,560
2023-05-10 09:46:29,OP10005382,500ETF沽12月7250,0.0,0.0,0.0,0.0,30,1.0745,1.0809,10,1.025,1.097,0.0,0.0,0.0,0.0,560
2023-05-10 09:46:32,OP10005382,500ETF沽12月7250,0.0,0.0,0.0,0.0,30,1.0745,1.0809,10,1.025,1.097,0.0,0.0,0.0,0.0,560
2023-05-10 09:46:35,OP10005382,500ETF沽12月7250,0.0,0.0,0.0,0.0,30,1.0745,1.0809,10,1.025,1.097,0.0,0.0,0.0,0.0,560
2023-05-10 09:46:35,OP10005382,500ETF沽12月7250,0.0,0.0,0.0,0.0,30,1.0745,1.0809,10,1.025,1.097,0.0,0.0,0.0,0.0,560
2023-05-10 09:46:41,OP10005382,500ETF沽12月7250,0.0,0.0,0.0,0.0,30,1.0745,1.0809,10,1.025,1.097,0.0,0.0,0.0,0.0,560
2023-05-10 09:46:44,OP10005382,500ETF沽12月7250,0.0,0.0,0.0,0.0,30,1.0745,1.0809,10,1.025,1.097,0.0,0.0,0.0,0.0,560
2023-05-10 09:46:44,OP10005382,500ETF沽12月7250,0.0,0.0,0.0,0.0,30,1.0745,1.0809,10,1.025,1.097,0.0,0.0,0.0,0.0,560
2023-05-10 09:46:47,OP10005382,500ETF沽12月7250,0.0,0.0,0.0,0.0,30,1.0745,1.0797,10,1.025,1.097,0.0,0.0,0.0,0.0,560
2023-05-10 09:46:47,OP10005382,500ETF沽12月7250,0.0,0.0,0.0,0.0,30,1.0745,1.0797,10,1.025,1.097,0.0,0.0,0.0,0.0,560
2023-05-10 09:46:47,OP10005382,500ETF沽12月7250,0.0,0.0,0.0,0.0,30,1.0745,1.0797,30,1.025,1.097,0.0,0.0,0.0,0.0,560
2023-05-10 09:46:53,OP10005382,500ETF沽12月7250,0.0,0.0,0.0,0.0,30,1.0745,1.0811,10,1.025,1.097,0.0,0.0,0.0,0.0,560
2023-05-10 09:46:53,OP10005382,500ETF沽12月7250,0.0,0.0,0.0,0.0,30,1.0745,1.0811,10,1.025,1.097,0.0,0.0,0.0,0.0,560
2023-05-10 09:47:05,OP10005382,500ETF沽12月7250,0.0,0.0,0.0,0.0,30,1.0745,1.08,10,1.025,1.097,0.0,0.0,0.0,0.0,560
2023-05-10 09:47:05,OP10005382,500ETF沽12月7250,0.0,0.0,0.0,0.0,30,1.0745,1.08,30,1.025,1.097,0.0,0.0,0.0,0.0,560
2023-05-10 09:47:05,OP10005382,500ETF沽12月7250,0.0,0.0,0.0,0.0,30,1.0745,1.08,30,1.025,1.097,0.0,0.0,0.0,0.0,560
2023-05-10 09:47:05,OP10005382,500ETF沽12月7250,0.0,0.0,0.0,0.0,10,1.0745,1.08,30,1.025,1.097,0.0,0.0,0.0,0.0,560
2023-05-10 09:47:08,OP10005382,500ETF沽12月7250,0.0,0.0,0.0,0.0,20,1.0733,1.08,30,1.025,1.097,0.0,0.0,0.0,0.0,560
2023-05-10 09:47:08,OP10005382,500ETF沽12月7250,0.0,0.0,0.0,0.0,30,1.0733,1.08,30,1.025,1.097,0.0,0.0,0.0,0.0,560
2023-05-10 09:47:17,OP10005382,500ETF沽12月7250,0.0,0.0,0.0,0.0,40,1.0733,1.08,30,1.025,1.097,0.0,0.0,0.0,0.0,560
2023-05-10 09:47:20,OP10005382,500ETF沽12月7250,0.0,0.0,0.0,0.0,30,1.0733,1.08,30,1.025,1.097,0.0,0.0,0.0,0.0,560
2023-05-10 09:47:20,OP10005382,500ETF沽12月7250,0.0,0.0,0.0,0.0,30,1.0733,1.08,30,1.025,1.097,0.0,0.0,0.0,0.0,560
2023-05-10 09:47:23,OP10005382,500ETF沽12月7250,0.0,0.0,0.0,0.0,40,1.0733,1.08,30,1.025,1.097,0.0,0.0,0.0,0.0,560
2023-05-10 09:47:23,OP10005382,500ETF沽12月7250,0.0,0.0,0.0,0.0,30,1.0733,1.08,30,1.025,1.097,0.0,0.0,0.0,0.0,560
2023-05-10 09:47:23,OP10005382,500ETF沽12月7250,0.0,0.0,0.0,0.0,30,1.0733,1.08,30,1.025,1.097,0.0,0.0,0.0,0.0,560
2023-05-10 09:47:26,OP10005382,500ETF沽12月7250,0.0,0.0,0.0,0.0,30,1.0733,1.08,30,1.025,1.097,0.0,0.0,0.0,0.0,560
2023-05-10 09:47:32,OP10005382,500ETF沽12月7250,0.0,0.0,0.0,0.0,30,1.0733,1.0781,10,1.025,1.097,0.0,0.0,0.0,0.0,560
2023-05-10 09:47:35,OP10005382,500ETF沽12月7250,0.0,0.0,0.0,0.0,30,1.0733,1.0781,10,1.025,1.097,0.0,0.0,0.0,0.0,560
2023-05-10 09:47:35,OP10005382,500ETF沽12月7250,0.0,0.0,0.0,0.0,30,1.0733,1.0794,20,1.025,1.097,0.0,0.0,0.0,0.0,560
2023-05-10 09:47:35,OP10005382,500ETF沽12月7250,0.0,0.0,0.0,0.0,30,1.0733,1.0794,20,1.025,1.097,0.0,0.0,0.0,0.0,560
2023-05-10 09:47:35,OP10005382,500ETF沽12月7250,0.0,0.0,0.0,0.0,30,1.0733,1.0794,20,1.025,1.097,0.0,0.0,0.0,0.0,560
2023-05-10 09:47:59,OP10005382,500ETF沽12月7250,0.0,0.0,0.0,0.0,30,1.0733,1.0794,10,1.025,1.097,0.0,0.0,0.0,0.0,560
2023-05-10 09:47:59,OP10005382,500ETF沽12月7250,0.0,0.0,0.0,0.0,30,1.0733,1.0794,10,1.025,1.097,0.0,0.0,0.0,0.0,560
2023-05-10 09:48:02,OP10005382,500ETF沽12月7250,0.0,0.0,0.0,0.0,10,1.0735,1.08,20,1.025,1.097,0.0,0.0,0.0,0.0,560
2023-05-10 09:48:02,OP10005382,500ETF沽12月7250,0.0,0.0,0.0,0.0,20,1.0735,1.0809,20,1.025,1.097,0.0,0.0,0.0,0.0,560
2023-05-10 09:48:02,OP10005382,500ETF沽12月7250,0.0,0.0,0.0,0.0,20,1.0735,1.0809,20,1.025,1.097,0.0,0.0,0.0,0.0,560
2023-05-10 09:48:08,OP10005382,500ETF沽12月7250,0.0,0.0,0.0,0.0,10,1.0735,1.0794,10,1.025,1.097,0.0,0.0,0.0,0.0,560
2023-05-10 09:48:08,OP10005382,500ETF沽12月7250,0.0,0.0,0.0,0.0,10,1.0735,1.0794,30,1.025,1.097,0.0,0.0,0.0,0.0,560
2023-05-10 09:48:08,OP10005382,500ETF沽12月7250,0.0,0.0,0.0,0.0,20,1.0733,1.0794,30,1.025,1.097,0.0,0.0,0.0,0.0,560
2023-05-10 09:48:08,OP10005382,500ETF沽12月7250,0.0,0.0,0.0,0.0,30,1.0733,1.0794,30,1.025,1.097,0.0,0.0,0.0,0.0,560
2023-05-10 09:48:11,OP10005382,500ETF沽12月7250,0.0,0.0,0.0,0.0,30,1.0733,1.0794,30,1.025,1.097,0.0,0.0,0.0,0.0,560
2023-05-10 09:48:14,OP10005382,500ETF沽12月7250,0.0,0.0,0.0,0.0,30,1.0733,1.0794,30,1.025,1.097,0.0,0.0,0.0,0.0,560
2023-05-10 09:48:14,OP10005382,500ETF沽12月7250,0.0,0.0,0.0,0.0,30,1.0733,1.0794,30,1.025,1.097,0.0,0.0,0.0,0.0,560
2023-05-10 09:48:17,OP10005382,500ETF沽12月7250,0.0,0.0,0.0,0.0,30,1.0733,1.0794,30,1.025,1.097,0.0,0.0,0.0,0.0,560
2023-05-10 09:48:17,OP10005382,500ETF沽12月7250,0.0,0.0,0.0,0.0,40,1.0733,1.0806,10,1.025,1.097,0.0,0.0,0.0,0.0,560
2023-05-10 09:48:17,OP10005382,500ETF沽12月7250,0.0,0.0,0.0,0.0,40,1.0733,1.0806,10,1.025,1.097,0.0,0.0,0.0,0.0,560
2023-05-10 09:48:20,OP10005382,500ETF沽12月7250,0.0,0.0,0.0,0.0,50,1.0733,1.0806,10,1.025,1.097,0.0,0.0,0.0,0.0,560
2023-05-10 09:48:23,OP10005382,500ETF沽12月7250,0.0,0.0,0.0,0.0,50,1.0733,1.0806,10,1.025,1.097,0.0,0.0,0.0,0.0,560
2023-05-10 09:48:23,OP10005382,500ETF沽12月7250,0.0,0.0,0.0,0.0,50,1.0733,1.0806,10,1.025,1.097,0.0,0.0,0.0,0.0,560
2023-05-10 09:48:26,OP10005382,500ETF沽12月7250,0.0,0.0,0.0,0.0,50,1.0733,1.0806,10,1.025,1.097,0.0,0.0,0.0,0.0,560
2023-05-10 09:48:29,OP10005382,500ETF沽12月7250,0.0,0.0,0.0,0.0,50,1.0733,1.0806,10,1.025,1.097,0.0,0.0,0.0,0.0,560
2023-05-10 09:48:38,OP10005382,500ETF沽12月7250,0.0,0.0,0.0,0.0,40,1.0733,1.0806,10,1.025,1.097,0.0,0.0,0.0,0.0,560
2023-05-10 09:48:38,OP10005382,500ETF沽12月7250,0.0,0.0,0.0,0.0,40,1.0733,1.0806,10,1.025,1.097,0.0,0.0,0.0,0.0,560
2023-05-10 09:48:56,OP10005382,500ETF沽12月7250,0.0,0.0,0.0,0.0,50,1.0733,1.0806,10,1.025,1.097,0.0,0.0,0.0,0.0,560
2023-05-10 09:48:59,OP10005382,500ETF沽12月7250,0.0,0.0,0.0,0.0,60,1.0733,1.0806,10,1.025,1.097,0.0,0.0,0.0,0.0,560
2023-05-10 09:48:59,OP10005382,500ETF沽12月7250,0.0,0.0,0.0,0.0,40,1.0733,1.0806,10,1.025,1.097,0.0,0.0,0.0,0.0,560
2023-05-10 09:48:59,OP10005382,500ETF沽12月7250,0.0,0.0,0.0,0.0,40,1.0733,1.0806,10,1.025,1.097,0.0,0.0,0.0,0.0,560
2023-05-10 09:49:02,OP10005382,500ETF沽12月7250,0.0,0.0,0.0,0.0,30,1.0733,1.0789,10,1.025,1.097,0.0,0.0,0.0,0.0,560
2023-05-10 09:49:02,OP10005382,500ETF沽12月7250,0.0,0.0,0.0,0.0,30,1.0733,1.0789,10,1.025,1.097,0.0,0.0,0.0,0.0,560
2023-05-10 09:49:02,OP10005382,500ETF沽12月7250,0.0,0.0,0.0,0.0,30,1.0733,1.0789,10,1.025,1.097,0.0,0.0,0.0,0.0,560
2023-05-10 09:49:02,OP10005382,500ETF沽12月7250,0.0,0.0,0.0,0.0,30,1.0733,1.0789,10,1.025,1.097,0.0,0.0,0.0,0.0,560
2023-05-10 09:49:02,OP10005382,500ETF沽12月7250,0.0,0.0,0.0,0.0,30,1.0733,1.0805,10,1.025,1.097,0.0,0.0,0.0,0.0,560
