time,symbol_id,symbol_name,last,trade_volume,trade_amount,open_interest_change,bv1,bp1,ap1,av1,yesterday_close,today_open,today_high,today_low,volume,amount,open_interest
2023-05-09 19:10:58,SR2311,SR311,6790.0,0.0,0.0,0.0,0,0.0,0.0,0,6790.0,6825.0,0.0,0.0,0.0,0.0,201581
2023-05-09 20:55:02,SR2311,SR311,6790.0,0.0,0.0,0.0,0,0.0,0.0,0,6790.0,6825.0,0.0,0.0,0.0,0.0,201581
2023-05-09 20:55:12,SR2311,SR311,6790.0,0.0,0.0,0.0,0,0.0,0.0,0,6790.0,6825.0,0.0,0.0,0.0,0.0,201581
2023-05-09 20:55:40,SR2311,SR311,6790.0,0.0,0.0,0.0,0,0.0,0.0,0,6790.0,6825.0,0.0,0.0,0.0,0.0,201581
2023-05-09 20:55:58,SR2311,SR311,6790.0,0.0,0.0,0.0,0,0.0,0.0,0,6790.0,6825.0,0.0,0.0,0.0,0.0,201581
2023-05-09 20:56:25,SR2311,SR311,6790.0,0.0,0.0,0.0,0,0.0,0.0,0,6790.0,6825.0,0.0,0.0,0.0,0.0,201581
2023-05-09 20:56:35,SR2311,SR311,6790.0,0.0,0.0,0.0,0,0.0,0.0,0,6790.0,6825.0,0.0,0.0,0.0,0.0,201581
2023-05-09 20:56:54,SR2311,SR311,6790.0,0.0,0.0,0.0,0,0.0,0.0,0,6790.0,6825.0,0.0,0.0,0.0,0.0,201581
2023-05-09 20:56:59,SR2311,SR311,6790.0,0.0,0.0,0.0,0,0.0,0.0,0,6790.0,6825.0,0.0,0.0,0.0,0.0,201581
2023-05-09 20:57:17,SR2311,SR311,6790.0,0.0,0.0,0.0,0,0.0,0.0,0,6790.0,6825.0,0.0,0.0,0.0,0.0,201581
2023-05-09 20:57:26,SR2311,SR311,6790.0,0.0,0.0,0.0,0,0.0,0.0,0,6790.0,6825.0,0.0,0.0,0.0,0.0,201581
2023-05-09 20:57:28,SR2311,SR311,6790.0,0.0,0.0,0.0,0,0.0,0.0,0,6790.0,6825.0,0.0,0.0,0.0,0.0,201581
2023-05-09 20:57:30,SR2311,SR311,6790.0,0.0,0.0,0.0,0,0.0,0.0,0,6790.0,6825.0,0.0,0.0,0.0,0.0,201581
2023-05-09 20:57:34,SR2311,SR311,6790.0,0.0,0.0,0.0,0,0.0,0.0,0,6790.0,6825.0,0.0,0.0,0.0,0.0,201581
2023-05-09 20:57:42,SR2311,SR311,6790.0,0.0,0.0,0.0,0,0.0,0.0,0,6790.0,6825.0,0.0,0.0,0.0,0.0,201581
2023-05-09 20:57:44,SR2311,SR311,6790.0,0.0,0.0,0.0,0,0.0,0.0,0,6790.0,6825.0,0.0,0.0,0.0,0.0,201581
2023-05-09 20:57:59,SR2311,SR311,6790.0,0.0,0.0,0.0,0,0.0,0.0,0,6790.0,6825.0,0.0,0.0,0.0,0.0,201581
2023-05-09 20:58:03,SR2311,SR311,6790.0,0.0,0.0,0.0,0,0.0,0.0,0,6790.0,6825.0,0.0,0.0,0.0,0.0,201581
2023-05-09 20:58:05,SR2311,SR311,6790.0,0.0,0.0,0.0,0,0.0,0.0,0,6790.0,6825.0,0.0,0.0,0.0,0.0,201581
2023-05-09 20:58:08,SR2311,SR311,6790.0,0.0,0.0,0.0,0,0.0,0.0,0,6790.0,6825.0,0.0,0.0,0.0,0.0,201581
2023-05-09 20:58:09,SR2311,SR311,6790.0,0.0,0.0,0.0,0,0.0,0.0,0,6790.0,6825.0,0.0,0.0,0.0,0.0,201581
2023-05-09 20:58:10,SR2311,SR311,6790.0,0.0,0.0,0.0,0,0.0,0.0,0,6790.0,6825.0,0.0,0.0,0.0,0.0,201581
2023-05-09 20:58:13,SR2311,SR311,6790.0,0.0,0.0,0.0,0,0.0,0.0,0,6790.0,6825.0,0.0,0.0,0.0,0.0,201581
2023-05-09 20:58:14,SR2311,SR311,6790.0,0.0,0.0,0.0,0,0.0,0.0,0,6790.0,6825.0,0.0,0.0,0.0,0.0,201581
2023-05-09 20:58:16,SR2311,SR311,6790.0,0.0,0.0,0.0,0,0.0,0.0,0,6790.0,6825.0,0.0,0.0,0.0,0.0,201581
2023-05-09 20:58:20,SR2311,SR311,6790.0,0.0,0.0,0.0,0,0.0,0.0,0,6790.0,6825.0,0.0,0.0,0.0,0.0,201581
2023-05-09 20:58:22,SR2311,SR311,6790.0,0.0,0.0,0.0,0,0.0,0.0,0,6790.0,6825.0,0.0,0.0,0.0,0.0,201581
2023-05-09 20:58:24,SR2311,SR311,6790.0,0.0,0.0,0.0,0,0.0,0.0,0,6790.0,6825.0,0.0,0.0,0.0,0.0,201581
2023-05-09 20:58:51,SR2311,SR311,6790.0,0.0,0.0,0.0,0,0.0,0.0,0,6790.0,6825.0,0.0,0.0,0.0,0.0,201581
2023-05-09 20:58:53,SR2311,SR311,6790.0,0.0,0.0,0.0,0,0.0,0.0,0,6790.0,6825.0,0.0,0.0,0.0,0.0,201581
2023-05-09 20:58:56,SR2311,SR311,6790.0,0.0,0.0,0.0,0,0.0,0.0,0,6790.0,6825.0,0.0,0.0,0.0,0.0,201581
2023-05-09 20:58:57,SR2311,SR311,6790.0,0.0,0.0,0.0,0,0.0,0.0,0,6790.0,6825.0,0.0,0.0,0.0,0.0,201581
2023-05-09 20:58:57,SR2311,SR311,6790.0,0.0,0.0,0.0,0,0.0,0.0,0,6790.0,6825.0,0.0,0.0,0.0,0.0,201581
2023-05-09 20:58:57,SR2311,SR311,6790.0,0.0,0.0,0.0,0,0.0,0.0,0,6790.0,6825.0,0.0,0.0,0.0,0.0,201581
2023-05-09 20:58:58,SR2311,SR311,6790.0,0.0,0.0,0.0,0,0.0,0.0,0,6790.0,6825.0,0.0,0.0,0.0,0.0,201581
2023-05-09 20:59:00,SR2311,SR311,6825.0,67.0,457275.0,38.0,15,6825.0,6826.0,2,6790.0,6825.0,6825.0,6825.0,67.0,457275.0,201619
2023-05-09 21:00:00,SR2311,SR311,6820.0,19.0,129675.0,19.0,2,6820.0,6821.0,20,6790.0,6825.0,6825.0,6820.0,86.0,586950.0,201638
2023-05-09 21:00:00,SR2311,SR311,6815.0,19.0,129465.0,5.0,1,6812.0,6816.0,7,6790.0,6825.0,6825.0,6811.0,105.0,716415.0,201643
2023-05-09 21:00:00,SR2311,SR311,6815.0,0.0,0.0,0.0,4,6812.0,6817.0,6,6790.0,6825.0,6825.0,6811.0,105.0,716415.0,201643
2023-05-09 21:00:01,SR2311,SR311,6816.0,8.0,54471.0,-1.0,1,6813.0,6816.0,8,6790.0,6825.0,6825.0,6811.0,113.0,770886.0,201642
2023-05-09 21:00:02,SR2311,SR311,6815.0,4.0,27288.0,-1.0,2,6814.0,6815.0,3,6790.0,6825.0,6825.0,6811.0,117.0,798174.0,201641
2023-05-09 21:00:02,SR2311,SR311,6814.0,7.0,47754.0,2.0,1,6814.0,6815.0,1,6790.0,6825.0,6825.0,6811.0,124.0,845928.0,201643
2023-05-09 21:00:03,SR2311,SR311,6816.0,8.0,54444.0,-2.0,1,6815.0,6817.0,7,6790.0,6825.0,6825.0,6811.0,132.0,900372.0,201641
2023-05-09 21:00:03,SR2311,SR311,6815.0,2.0,13642.0,1.0,2,6814.0,6816.0,1,6790.0,6825.0,6825.0,6811.0,134.0,914014.0,201642
2023-05-09 21:00:04,SR2311,SR311,6815.0,0.0,0.0,0.0,3,6814.0,6816.0,6,6790.0,6825.0,6825.0,6811.0,134.0,914014.0,201642
2023-05-09 21:00:04,SR2311,SR311,6814.0,56.0,381786.0,52.0,2,6814.0,6817.0,16,6790.0,6825.0,6825.0,6811.0,190.0,1295800.0,201694
2023-05-09 21:00:05,SR2311,SR311,6814.0,9.0,61181.0,-1.0,1,6814.0,6816.0,10,6790.0,6825.0,6825.0,6811.0,199.0,1356981.0,201693
2023-05-09 21:00:05,SR2311,SR311,6814.0,6.0,40914.0,-3.0,1,6814.0,6815.0,7,6790.0,6825.0,6825.0,6811.0,205.0,1397895.0,201690
2023-05-09 21:00:06,SR2311,SR311,6815.0,8.0,54552.0,-1.0,5,6813.0,6815.0,1,6790.0,6825.0,6825.0,6811.0,213.0,1452447.0,201689
2023-05-09 21:00:06,SR2311,SR311,6814.0,5.0,34095.0,0.0,5,6812.0,6815.0,7,6790.0,6825.0,6825.0,6811.0,218.0,1486542.0,201689
2023-05-09 21:00:07,SR2311,SR311,6814.0,0.0,0.0,0.0,15,6812.0,6814.0,1,6790.0,6825.0,6825.0,6811.0,218.0,1486542.0,201689
2023-05-09 21:00:07,SR2311,SR311,6812.0,10.0,68190.0,3.0,1,6812.0,6813.0,1,6790.0,6825.0,6825.0,6811.0,228.0,1554732.0,201692
2023-05-09 21:00:08,SR2311,SR311,6811.0,9.0,61134.0,1.0,1,6812.0,6814.0,6,6790.0,6825.0,6825.0,6811.0,237.0,1615866.0,201693
2023-05-09 21:00:08,SR2311,SR311,6811.0,0.0,0.0,0.0,2,6812.0,6814.0,16,6790.0,6825.0,6825.0,6811.0,237.0,1615866.0,201693
2023-05-09 21:00:09,SR2311,SR311,6814.0,4.0,27272.0,4.0,3,6813.0,6815.0,1,6790.0,6825.0,6825.0,6811.0,241.0,1643138.0,201697
2023-05-09 21:00:09,SR2311,SR311,6814.0,4.0,27272.0,3.0,17,6814.0,6815.0,7,6790.0,6825.0,6825.0,6811.0,245.0,1670410.0,201700
2023-05-09 21:00:10,SR2311,SR311,6814.0,16.0,109088.0,14.0,1,6814.0,6815.0,1,6790.0,6825.0,6825.0,6811.0,261.0,1779498.0,201714
2023-05-09 21:00:10,SR2311,SR311,6814.0,0.0,0.0,0.0,1,6815.0,6816.0,4,6790.0,6825.0,6825.0,6811.0,261.0,1779498.0,201714
2023-05-09 21:00:11,SR2311,SR311,6816.0,11.0,74998.0,0.0,1,6815.0,6816.0,1,6790.0,6825.0,6825.0,6811.0,272.0,1854496.0,201714
2023-05-09 21:00:12,SR2311,SR311,6817.0,4.0,27272.0,1.0,21,6816.0,6817.0,2,6790.0,6825.0,6825.0,6811.0,276.0,1881768.0,201715
2023-05-09 21:00:12,SR2311,SR311,6817.0,9.0,61362.0,3.0,22,6816.0,6817.0,2,6790.0,6825.0,6825.0,6811.0,285.0,1943130.0,201718
2023-05-09 21:00:13,SR2311,SR311,6817.0,0.0,0.0,0.0,2,6817.0,6818.0,5,6790.0,6825.0,6825.0,6811.0,285.0,1943130.0,201718
2023-05-09 21:00:13,SR2311,SR311,6819.0,14.0,95452.0,5.0,2,6817.0,6819.0,13,6790.0,6825.0,6825.0,6811.0,299.0,2038582.0,201723
2023-05-09 21:00:13,SR2311,SR311,6817.0,2.0,13636.0,1.0,1,6817.0,6819.0,3,6790.0,6825.0,6825.0,6811.0,301.0,2052218.0,201724
2023-05-09 21:00:14,SR2311,SR311,6817.0,0.0,0.0,0.0,5,6817.0,6819.0,3,6790.0,6825.0,6825.0,6811.0,301.0,2052218.0,201724
2023-05-09 21:00:15,SR2311,SR311,6817.0,2.0,13636.0,1.0,2,6818.0,6819.0,1,6790.0,6825.0,6825.0,6811.0,303.0,2065854.0,201725
2023-05-09 21:00:15,SR2311,SR311,6819.0,4.0,27272.0,3.0,13,6818.0,6819.0,4,6790.0,6825.0,6825.0,6811.0,307.0,2093126.0,201728
2023-05-09 21:00:16,SR2311,SR311,6820.0,20.0,136360.0,10.0,1,6819.0,6821.0,27,6790.0,6825.0,6825.0,6811.0,327.0,2229486.0,201738
2023-05-09 21:00:16,SR2311,SR311,6820.0,8.0,54544.0,4.0,6,6820.0,6822.0,14,6790.0,6825.0,6825.0,6811.0,335.0,2284030.0,201742
2023-05-09 21:00:17,SR2311,SR311,6820.0,0.0,0.0,0.0,7,6820.0,6822.0,11,6790.0,6825.0,6825.0,6811.0,335.0,2284030.0,201742
2023-05-09 21:00:17,SR2311,SR311,6822.0,5.0,34090.0,0.0,8,6820.0,6822.0,14,6790.0,6825.0,6825.0,6811.0,340.0,2318120.0,201742
2023-05-09 21:00:18,SR2311,SR311,6820.0,7.0,47726.0,4.0,7,6820.0,6822.0,23,6790.0,6825.0,6825.0,6811.0,347.0,2365846.0,201746
2023-05-09 21:00:18,SR2311,SR311,6820.0,0.0,0.0,0.0,2,6821.0,6822.0,23,6790.0,6825.0,6825.0,6811.0,347.0,2365846.0,201746
2023-05-09 21:00:19,SR2311,SR311,6820.0,1.0,6818.0,0.0,2,6821.0,6822.0,14,6790.0,6825.0,6825.0,6811.0,348.0,2372664.0,201746
2023-05-09 21:00:19,SR2311,SR311,6821.0,7.0,47726.0,-4.0,22,6820.0,6822.0,12,6790.0,6825.0,6825.0,6811.0,355.0,2420390.0,201742
2023-05-09 21:00:20,SR2311,SR311,6820.0,2.0,13636.0,0.0,17,6820.0,6822.0,24,6790.0,6825.0,6825.0,6811.0,357.0,2434026.0,201742
2023-05-09 21:00:20,SR2311,SR311,6820.0,0.0,0.0,0.0,15,6820.0,6821.0,5,6790.0,6825.0,6825.0,6811.0,357.0,2434026.0,201742
2023-05-09 21:00:21,SR2311,SR311,6820.0,6.0,40908.0,4.0,11,6819.0,6821.0,11,6790.0,6825.0,6825.0,6811.0,363.0,2474934.0,201746
2023-05-09 21:00:21,SR2311,SR311,6820.0,0.0,0.0,0.0,2,6820.0,6821.0,18,6790.0,6825.0,6825.0,6811.0,363.0,2474934.0,201746
2023-05-09 21:00:22,SR2311,SR311,6820.0,2.0,13636.0,0.0,12,6819.0,6821.0,8,6790.0,6825.0,6825.0,6811.0,365.0,2488570.0,201746
2023-05-09 21:00:22,SR2311,SR311,6819.0,35.0,238630.0,16.0,9,6819.0,6820.0,2,6790.0,6825.0,6825.0,6811.0,400.0,2727200.0,201762
2023-05-09 21:00:23,SR2311,SR311,6819.0,5.0,34090.0,3.0,7,6819.0,6820.0,1,6790.0,6825.0,6825.0,6811.0,405.0,2761290.0,201765
2023-05-09 21:00:23,SR2311,SR311,6819.0,0.0,0.0,0.0,2,6818.0,6820.0,11,6790.0,6825.0,6825.0,6811.0,405.0,2761290.0,201765
2023-05-09 21:00:24,SR2311,SR311,6818.0,11.0,74998.0,0.0,10,6817.0,6819.0,4,6790.0,6825.0,6825.0,6811.0,416.0,2836288.0,201765
2023-05-09 21:00:24,SR2311,SR311,6818.0,0.0,0.0,0.0,2,6817.0,6818.0,1,6790.0,6825.0,6825.0,6811.0,416.0,2836288.0,201765
2023-05-09 21:00:25,SR2311,SR311,6818.0,1.0,6818.0,1.0,1,6817.0,6818.0,1,6790.0,6825.0,6825.0,6811.0,417.0,2843106.0,201766
2023-05-09 21:00:25,SR2311,SR311,6817.0,1.0,6818.0,1.0,31,6816.0,6817.0,3,6790.0,6825.0,6825.0,6811.0,418.0,2849924.0,201767
2023-05-09 21:00:26,SR2311,SR311,6816.0,10.0,68180.0,10.0,9,6816.0,6817.0,1,6790.0,6825.0,6825.0,6811.0,428.0,2918104.0,201777
2023-05-09 21:00:26,SR2311,SR311,6816.0,9.0,61362.0,7.0,27,6815.0,6816.0,4,6790.0,6825.0,6825.0,6811.0,437.0,2979466.0,201784
2023-05-09 21:00:27,SR2311,SR311,6816.0,1.0,6818.0,1.0,18,6815.0,6817.0,5,6790.0,6825.0,6825.0,6811.0,438.0,2986284.0,201785
2023-05-09 21:00:27,SR2311,SR311,6818.0,18.0,122724.0,9.0,2,6817.0,6818.0,11,6790.0,6825.0,6825.0,6811.0,456.0,3109008.0,201794
2023-05-09 21:00:27,SR2311,SR311,6818.0,0.0,0.0,0.0,22,6817.0,6819.0,23,6790.0,6825.0,6825.0,6811.0,456.0,3109008.0,201794
2023-05-09 21:00:28,SR2311,SR311,6818.0,1.0,6818.0,0.0,1,6818.0,6819.0,23,6790.0,6825.0,6825.0,6811.0,457.0,3115826.0,201794
2023-05-09 21:00:29,SR2311,SR311,6818.0,6.0,40908.0,2.0,34,6817.0,6818.0,5,6790.0,6825.0,6825.0,6811.0,463.0,3156734.0,201796
2023-05-09 21:00:29,SR2311,SR311,6817.0,6.0,40908.0,6.0,36,6817.0,6819.0,13,6790.0,6825.0,6825.0,6811.0,469.0,3197642.0,201802
2023-05-09 21:00:30,SR2311,SR311,6819.0,1.0,6818.0,0.0,37,6817.0,6819.0,10,6790.0,6825.0,6825.0,6811.0,470.0,3204460.0,201802
2023-05-09 21:00:30,SR2311,SR311,6819.0,0.0,0.0,0.0,47,6817.0,6819.0,9,6790.0,6825.0,6825.0,6811.0,470.0,3204460.0,201802
2023-05-09 21:00:31,SR2311,SR311,6818.0,1.0,6818.0,0.0,2,6818.0,6819.0,9,6790.0,6825.0,6825.0,6811.0,471.0,3211278.0,201802
2023-05-09 21:00:31,SR2311,SR311,6819.0,5.0,34090.0,-3.0,11,6818.0,6819.0,7,6790.0,6825.0,6825.0,6811.0,476.0,3245368.0,201799
2023-05-09 21:00:32,SR2311,SR311,6819.0,4.0,27272.0,-2.0,43,6817.0,6819.0,6,6790.0,6825.0,6825.0,6811.0,480.0,3272640.0,201797
2023-05-09 21:00:32,SR2311,SR311,6817.0,33.0,224994.0,30.0,23,6816.0,6818.0,13,6790.0,6825.0,6825.0,6811.0,513.0,3497634.0,201827
2023-05-09 21:00:32,SR2311,SR311,6817.0,0.0,0.0,0.0,2,6816.0,6817.0,3,6790.0,6825.0,6825.0,6811.0,513.0,3497634.0,201827
2023-05-09 21:00:33,SR2311,SR311,6817.0,6.0,40908.0,0.0,6,6815.0,6816.0,2,6790.0,6825.0,6825.0,6811.0,519.0,3538542.0,201827
2023-05-09 21:00:34,SR2311,SR311,6815.0,5.0,34090.0,5.0,1,6814.0,6816.0,14,6790.0,6825.0,6825.0,6811.0,524.0,3572632.0,201832
2023-05-09 21:00:34,SR2311,SR311,6815.0,2.0,13636.0,0.0,4,6813.0,6814.0,2,6790.0,6825.0,6825.0,6811.0,526.0,3586268.0,201832
2023-05-09 21:00:34,SR2311,SR311,6813.0,2.0,13636.0,0.0,1,6813.0,6814.0,11,6790.0,6825.0,6825.0,6811.0,528.0,3599904.0,201832
2023-05-09 21:00:35,SR2311,SR311,6813.0,3.0,20454.0,0.0,1,6812.0,6813.0,3,6790.0,6825.0,6825.0,6811.0,531.0,3620358.0,201832
2023-05-09 21:00:36,SR2311,SR311,6813.0,0.0,0.0,0.0,2,6812.0,6813.0,4,6790.0,6825.0,6825.0,6811.0,531.0,3620358.0,201832
2023-05-09 21:00:36,SR2311,SR311,6812.0,8.0,54544.0,3.0,13,6811.0,6812.0,2,6790.0,6825.0,6825.0,6811.0,539.0,3674902.0,201835
2023-05-09 21:00:37,SR2311,SR311,6812.0,5.0,34090.0,0.0,1,6811.0,6812.0,10,6790.0,6825.0,6825.0,6811.0,544.0,3708992.0,201835
2023-05-09 21:00:37,SR2311,SR311,6813.0,1.0,6818.0,1.0,13,6811.0,6813.0,12,6790.0,6825.0,6825.0,6811.0,545.0,3715810.0,201836
2023-05-09 21:00:38,SR2311,SR311,6813.0,0.0,0.0,0.0,13,6811.0,6813.0,7,6790.0,6825.0,6825.0,6811.0,545.0,3715810.0,201836
2023-05-09 21:00:39,SR2311,SR311,6812.0,14.0,95452.0,0.0,1,6812.0,6813.0,1,6790.0,6825.0,6825.0,6811.0,559.0,3811262.0,201836
2023-05-09 21:00:39,SR2311,SR311,6813.0,3.0,20454.0,0.0,26,6811.0,6814.0,28,6790.0,6825.0,6825.0,6811.0,562.0,3831716.0,201836
2023-05-09 21:00:40,SR2311,SR311,6814.0,9.0,61362.0,-4.0,5,6812.0,6814.0,30,6790.0,6825.0,6825.0,6811.0,571.0,3893078.0,201832
2023-05-09 21:00:41,SR2311,SR311,6812.0,5.0,34090.0,1.0,13,6811.0,6813.0,10,6790.0,6825.0,6825.0,6811.0,576.0,3927168.0,201833
2023-05-09 21:00:41,SR2311,SR311,6811.0,2.0,13636.0,0.0,10,6810.0,6812.0,23,6790.0,6825.0,6825.0,6811.0,578.0,3940804.0,201833
2023-05-09 21:00:42,SR2311,SR311,6810.0,10.0,67592.0,10.0,12,6808.0,6810.0,12,6790.0,6825.0,6825.0,6810.0,588.0,4008396.0,201843
2023-05-09 21:00:42,SR2311,SR311,6809.0,1.0,6817.0,0.0,1,6808.0,6809.0,1,6790.0,6825.0,6825.0,6809.0,589.0,4015213.0,201843
2023-05-09 21:00:43,SR2311,SR311,6810.0,30.0,204510.0,30.0,5,6808.0,6811.0,15,6790.0,6825.0,6825.0,6809.0,619.0,4219723.0,201873
2023-05-09 21:00:43,SR2311,SR311,6809.0,11.0,74987.0,0.0,32,6809.0,6811.0,7,6790.0,6825.0,6825.0,6809.0,630.0,4294710.0,201873
2023-05-09 21:00:44,SR2311,SR311,6809.0,7.0,47719.0,-3.0,2,6809.0,6811.0,7,6790.0,6825.0,6825.0,6809.0,637.0,4342429.0,201870
2023-05-09 21:00:44,SR2311,SR311,6809.0,0.0,0.0,0.0,16,6809.0,6811.0,14,6790.0,6825.0,6825.0,6809.0,637.0,4342429.0,201870
2023-05-09 21:00:45,SR2311,SR311,6809.0,1.0,6817.0,-1.0,3,6810.0,6812.0,48,6790.0,6825.0,6825.0,6809.0,638.0,4349246.0,201869
2023-05-09 21:00:45,SR2311,SR311,6810.0,1.0,6817.0,1.0,44,6809.0,6811.0,5,6790.0,6825.0,6825.0,6809.0,639.0,4356063.0,201870
2023-05-09 21:00:46,SR2311,SR311,6809.0,2.0,13634.0,-2.0,23,6809.0,6811.0,5,6790.0,6825.0,6825.0,6809.0,641.0,4369697.0,201868
2023-05-09 21:00:46,SR2311,SR311,6810.0,5.0,34085.0,3.0,1,6810.0,6811.0,15,6790.0,6825.0,6825.0,6809.0,646.0,4403782.0,201871
2023-05-09 21:00:47,SR2311,SR311,6809.0,2.0,13634.0,0.0,12,6809.0,6811.0,25,6790.0,6825.0,6825.0,6809.0,648.0,4417416.0,201871
2023-05-09 21:00:47,SR2311,SR311,6809.0,1.0,6817.0,0.0,48,6808.0,6810.0,5,6790.0,6825.0,6825.0,6809.0,649.0,4424233.0,201871
2023-05-09 21:00:48,SR2311,SR311,6809.0,0.0,0.0,0.0,18,6808.0,6810.0,26,6790.0,6825.0,6825.0,6809.0,649.0,4424233.0,201871
2023-05-09 21:00:48,SR2311,SR311,6810.0,14.0,95438.0,-2.0,1,6809.0,6810.0,2,6790.0,6825.0,6825.0,6809.0,663.0,4519671.0,201869
2023-05-09 21:00:49,SR2311,SR311,6809.0,5.0,34085.0,0.0,26,6808.0,6810.0,23,6790.0,6825.0,6825.0,6808.0,668.0,4553756.0,201869
2023-05-09 21:00:49,SR2311,SR311,6808.0,8.0,53860.0,3.0,7,6808.0,6809.0,2,6790.0,6825.0,6825.0,6808.0,676.0,4607616.0,201872
2023-05-09 21:00:50,SR2311,SR311,6807.0,9.0,61344.0,4.0,11,6807.0,6808.0,1,6790.0,6825.0,6825.0,6807.0,685.0,4668960.0,201876
2023-05-09 21:00:50,SR2311,SR311,6807.0,0.0,0.0,0.0,1,6807.0,6809.0,32,6790.0,6825.0,6825.0,6807.0,685.0,4668960.0,201876
2023-05-09 21:00:51,SR2311,SR311,6807.0,0.0,0.0,0.0,11,6806.0,6807.0,1,6790.0,6825.0,6825.0,6807.0,685.0,4668960.0,201876
2023-05-09 21:00:51,SR2311,SR311,6807.0,0.0,0.0,0.0,1,6806.0,6807.0,1,6790.0,6825.0,6825.0,6807.0,685.0,4668960.0,201876
2023-05-09 21:00:52,SR2311,SR311,6807.0,0.0,0.0,0.0,21,6806.0,6807.0,1,6790.0,6825.0,6825.0,6807.0,685.0,4668960.0,201876
2023-05-09 21:00:52,SR2311,SR311,6807.0,0.0,0.0,0.0,14,6806.0,6808.0,22,6790.0,6825.0,6825.0,6807.0,685.0,4668960.0,201876
2023-05-09 21:00:53,SR2311,SR311,6807.0,0.0,0.0,0.0,1,6807.0,6808.0,22,6790.0,6825.0,6825.0,6807.0,685.0,4668960.0,201876
2023-05-09 21:00:53,SR2311,SR311,6807.0,42.0,286272.0,21.0,18,6807.0,6808.0,1,6790.0,6825.0,6825.0,6807.0,727.0,4955232.0,201897
2023-05-09 21:00:54,SR2311,SR311,6808.0,12.0,81792.0,-1.0,35,6806.0,6808.0,2,6790.0,6825.0,6825.0,6807.0,739.0,5037024.0,201896
2023-05-09 21:00:54,SR2311,SR311,6808.0,4.0,27264.0,4.0,25,6806.0,6808.0,1,6790.0,6825.0,6825.0,6807.0,743.0,5064288.0,201900
2023-05-09 21:00:55,SR2311,SR311,6808.0,0.0,0.0,0.0,5,6807.0,6808.0,1,6790.0,6825.0,6825.0,6807.0,743.0,5064288.0,201900
2023-05-09 21:00:55,SR2311,SR311,6807.0,1.0,6816.0,0.0,5,6807.0,6808.0,1,6790.0,6825.0,6825.0,6807.0,744.0,5071104.0,201900
2023-05-09 21:00:56,SR2311,SR311,6807.0,1.0,6816.0,1.0,4,6807.0,6808.0,20,6790.0,6825.0,6825.0,6807.0,745.0,5077920.0,201901
2023-05-09 21:00:56,SR2311,SR311,6807.0,0.0,0.0,0.0,8,6807.0,6809.0,33,6790.0,6825.0,6825.0,6807.0,745.0,5077920.0,201901
2023-05-09 21:00:57,SR2311,SR311,6807.0,1.0,6816.0,1.0,3,6807.0,6809.0,24,6790.0,6825.0,6825.0,6807.0,746.0,5084736.0,201902
2023-05-09 21:00:57,SR2311,SR311,6807.0,0.0,0.0,0.0,15,6808.0,6809.0,23,6790.0,6825.0,6825.0,6807.0,746.0,5084736.0,201902
2023-05-09 21:00:58,SR2311,SR311,6808.0,2.0,13632.0,1.0,57,6807.0,6809.0,3,6790.0,6825.0,6825.0,6807.0,748.0,5098368.0,201903
2023-05-09 21:00:58,SR2311,SR311,6808.0,0.0,0.0,0.0,16,6808.0,6809.0,1,6790.0,6825.0,6825.0,6807.0,748.0,5098368.0,201903
2023-05-09 21:00:59,SR2311,SR311,6808.0,6.0,40896.0,2.0,34,6808.0,6810.0,12,6790.0,6825.0,6825.0,6807.0,754.0,5139264.0,201905
2023-05-09 21:00:59,SR2311,SR311,6810.0,1.0,6816.0,1.0,10,6810.0,6811.0,32,6790.0,6825.0,6825.0,6807.0,755.0,5146080.0,201906
2023-05-09 21:01:00,SR2311,SR311,6810.0,0.0,0.0,0.0,11,6810.0,6811.0,2,6790.0,6825.0,6825.0,6807.0,755.0,5146080.0,201906
2023-05-09 21:01:00,SR2311,SR311,6810.0,0.0,0.0,0.0,4,6810.0,6812.0,33,6790.0,6825.0,6825.0,6807.0,755.0,5146080.0,201906
2023-05-09 21:01:01,SR2311,SR311,6810.0,0.0,0.0,0.0,21,6810.0,6812.0,13,6790.0,6825.0,6825.0,6807.0,755.0,5146080.0,201906
2023-05-09 21:01:01,SR2311,SR311,6810.0,12.0,81792.0,12.0,8,6810.0,6812.0,15,6790.0,6825.0,6825.0,6807.0,767.0,5227872.0,201918
2023-05-09 21:01:02,SR2311,SR311,6809.0,33.0,224128.0,29.0,14,6808.0,6811.0,6,6790.0,6825.0,6825.0,6807.0,800.0,5452000.0,201947
2023-05-09 21:01:02,SR2311,SR311,6809.0,15.0,102225.0,11.0,20,6808.0,6809.0,6,6790.0,6825.0,6825.0,6807.0,815.0,5554225.0,201958
2023-05-09 21:01:03,SR2311,SR311,6809.0,0.0,0.0,0.0,50,6807.0,6809.0,8,6790.0,6825.0,6825.0,6807.0,815.0,5554225.0,201958
2023-05-09 21:01:03,SR2311,SR311,6810.0,12.0,81780.0,7.0,1,6809.0,6810.0,23,6790.0,6825.0,6825.0,6807.0,827.0,5636005.0,201965
2023-05-09 21:01:03,SR2311,SR311,6809.0,1.0,6815.0,-1.0,11,6808.0,6809.0,3,6790.0,6825.0,6825.0,6807.0,828.0,5642820.0,201964
2023-05-09 21:01:04,SR2311,SR311,6808.0,3.0,20445.0,2.0,39,6807.0,6809.0,2,6790.0,6825.0,6825.0,6807.0,831.0,5663265.0,201966
2023-05-09 21:01:05,SR2311,SR311,6808.0,6.0,40890.0,0.0,13,6807.0,6808.0,4,6790.0,6825.0,6825.0,6807.0,837.0,5704155.0,201966
2023-05-09 21:01:05,SR2311,SR311,6808.0,0.0,0.0,0.0,12,6807.0,6808.0,4,6790.0,6825.0,6825.0,6807.0,837.0,5704155.0,201966
2023-05-09 21:01:06,SR2311,SR311,6808.0,3.0,20445.0,1.0,11,6807.0,6808.0,13,6790.0,6825.0,6825.0,6807.0,840.0,5724600.0,201967
2023-05-09 21:01:06,SR2311,SR311,6807.0,11.0,74965.0,5.0,28,6806.0,6808.0,14,6790.0,6825.0,6825.0,6807.0,851.0,5799565.0,201972
2023-05-09 21:01:06,SR2311,SR311,6807.0,0.0,0.0,0.0,8,6806.0,6807.0,1,6790.0,6825.0,6825.0,6807.0,851.0,5799565.0,201972
2023-05-09 21:01:07,SR2311,SR311,6808.0,9.0,61335.0,-2.0,8,6806.0,6808.0,37,6790.0,6825.0,6825.0,6807.0,860.0,5860900.0,201970
2023-05-09 21:01:08,SR2311,SR311,6807.0,2.0,13630.0,0.0,2,6807.0,6808.0,21,6790.0,6825.0,6825.0,6807.0,862.0,5874530.0,201970
2023-05-09 21:01:08,SR2311,SR311,6807.0,0.0,0.0,0.0,3,6807.0,6809.0,37,6790.0,6825.0,6825.0,6807.0,862.0,5874530.0,201970
2023-05-09 21:01:09,SR2311,SR311,6807.0,3.0,20445.0,0.0,2,6807.0,6809.0,26,6790.0,6825.0,6825.0,6807.0,865.0,5894975.0,201970
2023-05-09 21:01:09,SR2311,SR311,6808.0,1.0,6815.0,1.0,3,6807.0,6809.0,35,6790.0,6825.0,6825.0,6807.0,866.0,5901790.0,201971
2023-05-09 21:01:10,SR2311,SR311,6808.0,1.0,6815.0,1.0,3,6807.0,6809.0,25,6790.0,6825.0,6825.0,6807.0,867.0,5908605.0,201972
2023-05-09 21:01:10,SR2311,SR311,6809.0,3.0,20445.0,2.0,2,6807.0,6809.0,28,6790.0,6825.0,6825.0,6807.0,870.0,5929050.0,201974
2023-05-09 21:01:11,SR2311,SR311,6809.0,0.0,0.0,0.0,1,6807.0,6809.0,28,6790.0,6825.0,6825.0,6807.0,870.0,5929050.0,201974
2023-05-09 21:01:11,SR2311,SR311,6809.0,0.0,0.0,0.0,1,6807.0,6808.0,5,6790.0,6825.0,6825.0,6807.0,870.0,5929050.0,201974
2023-05-09 21:01:12,SR2311,SR311,6807.0,1.0,6815.0,0.0,50,6806.0,6807.0,1,6790.0,6825.0,6825.0,6807.0,871.0,5935865.0,201974
2023-05-09 21:01:12,SR2311,SR311,6807.0,1.0,6815.0,1.0,9,6806.0,6807.0,4,6790.0,6825.0,6825.0,6807.0,872.0,5942680.0,201975
2023-05-09 21:01:13,SR2311,SR311,6807.0,0.0,0.0,0.0,9,6806.0,6808.0,48,6790.0,6825.0,6825.0,6807.0,872.0,5942680.0,201975
2023-05-09 21:01:13,SR2311,SR311,6808.0,1.0,6815.0,1.0,9,6806.0,6808.0,27,6790.0,6825.0,6825.0,6807.0,873.0,5949495.0,201976
2023-05-09 21:01:14,SR2311,SR311,6808.0,0.0,0.0,0.0,10,6806.0,6808.0,27,6790.0,6825.0,6825.0,6807.0,873.0,5949495.0,201976
2023-05-09 21:01:14,SR2311,SR311,6808.0,1.0,6815.0,1.0,22,6806.0,6808.0,12,6790.0,6825.0,6825.0,6807.0,874.0,5956310.0,201977
2023-05-09 21:01:14,SR2311,SR311,6808.0,1.0,6815.0,0.0,22,6806.0,6808.0,3,6790.0,6825.0,6825.0,6807.0,875.0,5963125.0,201977
2023-05-09 21:01:15,SR2311,SR311,6808.0,0.0,0.0,0.0,11,6806.0,6807.0,2,6790.0,6825.0,6825.0,6807.0,875.0,5963125.0,201977
2023-05-09 21:01:16,SR2311,SR311,6807.0,6.0,40890.0,2.0,6,6806.0,6807.0,11,6790.0,6825.0,6825.0,6806.0,881.0,6004015.0,201979
2023-05-09 21:01:16,SR2311,SR311,6807.0,0.0,0.0,0.0,7,6806.0,6808.0,73,6790.0,6825.0,6825.0,6806.0,881.0,6004015.0,201979
2023-05-09 21:01:17,SR2311,SR311,6807.0,0.0,0.0,0.0,6,6806.0,6807.0,10,6790.0,6825.0,6825.0,6806.0,881.0,6004015.0,201979
2023-05-09 21:01:17,SR2311,SR311,6807.0,7.0,47705.0,6.0,57,6805.0,6807.0,5,6790.0,6825.0,6825.0,6806.0,888.0,6051720.0,201985
2023-05-09 21:01:17,SR2311,SR311,6807.0,0.0,0.0,0.0,37,6805.0,6807.0,6,6790.0,6825.0,6825.0,6806.0,888.0,6051720.0,201985
2023-05-09 21:01:18,SR2311,SR311,6807.0,0.0,0.0,0.0,15,6805.0,6806.0,6,6790.0,6825.0,6825.0,6806.0,888.0,6051720.0,201985
2023-05-09 21:01:18,SR2311,SR311,6807.0,1.0,6815.0,1.0,15,6805.0,6806.0,5,6790.0,6825.0,6825.0,6806.0,889.0,6058535.0,201986
2023-05-09 21:01:19,SR2311,SR311,6807.0,0.0,0.0,0.0,16,6805.0,6806.0,1,6790.0,6825.0,6825.0,6806.0,889.0,6058535.0,201986
2023-05-09 21:01:20,SR2311,SR311,6807.0,0.0,0.0,0.0,15,6805.0,6806.0,2,6790.0,6825.0,6825.0,6806.0,889.0,6058535.0,201986
2023-05-09 21:01:20,SR2311,SR311,6807.0,0.0,0.0,0.0,15,6805.0,6806.0,3,6790.0,6825.0,6825.0,6806.0,889.0,6058535.0,201986
2023-05-09 21:01:20,SR2311,SR311,6807.0,0.0,0.0,0.0,17,6805.0,6806.0,1,6790.0,6825.0,6825.0,6806.0,889.0,6058535.0,201986
2023-05-09 21:01:21,SR2311,SR311,6805.0,3.0,19553.0,0.0,27,6805.0,6807.0,46,6790.0,6825.0,6825.0,6805.0,892.0,6078088.0,201986
2023-05-09 21:01:21,SR2311,SR311,6805.0,0.0,0.0,0.0,5,6806.0,6807.0,1,6790.0,6825.0,6825.0,6805.0,892.0,6078088.0,201986
2023-05-09 21:01:22,SR2311,SR311,6806.0,4.0,27256.0,4.0,7,6806.0,6807.0,3,6790.0,6825.0,6825.0,6805.0,896.0,6105344.0,201990
2023-05-09 21:01:23,SR2311,SR311,6806.0,0.0,0.0,0.0,1,6806.0,6807.0,3,6790.0,6825.0,6825.0,6805.0,896.0,6105344.0,201990
2023-05-09 21:01:23,SR2311,SR311,6806.0,8.0,54512.0,3.0,3,6806.0,6807.0,2,6790.0,6825.0,6825.0,6805.0,904.0,6159856.0,201993
2023-05-09 21:01:24,SR2311,SR311,6806.0,0.0,0.0,0.0,77,6805.0,6807.0,3,6790.0,6825.0,6825.0,6805.0,904.0,6159856.0,201993
2023-05-09 21:01:24,SR2311,SR311,6806.0,0.0,0.0,0.0,28,6805.0,6807.0,38,6790.0,6825.0,6825.0,6805.0,904.0,6159856.0,201993
2023-05-09 21:01:25,SR2311,SR311,6806.0,4.0,27256.0,0.0,19,6805.0,6806.0,2,6790.0,6825.0,6825.0,6805.0,908.0,6187112.0,201993
2023-05-09 21:01:25,SR2311,SR311,6805.0,34.0,231676.0,0.0,73,6804.0,6805.0,4,6790.0,6825.0,6825.0,6805.0,942.0,6418788.0,201993
2023-05-09 21:01:25,SR2311,SR311,6805.0,6.0,40884.0,5.0,33,6804.0,6805.0,1,6790.0,6825.0,6825.0,6805.0,948.0,6459672.0,201998
2023-05-09 21:01:26,SR2311,SR311,6805.0,3.0,20442.0,-1.0,3,6805.0,6806.0,18,6790.0,6825.0,6825.0,6805.0,951.0,6480114.0,201997
2023-05-09 21:01:27,SR2311,SR311,6805.0,0.0,0.0,0.0,54,6804.0,6806.0,8,6790.0,6825.0,6825.0,6805.0,951.0,6480114.0,201997
2023-05-09 21:01:27,SR2311,SR311,6805.0,0.0,0.0,0.0,24,6804.0,6806.0,9,6790.0,6825.0,6825.0,6805.0,951.0,6480114.0,201997
2023-05-09 21:01:27,SR2311,SR311,6805.0,0.0,0.0,0.0,21,6804.0,6806.0,9,6790.0,6825.0,6825.0,6805.0,951.0,6480114.0,201997
2023-05-09 21:01:28,SR2311,SR311,6804.0,1.0,6814.0,1.0,35,6803.0,6804.0,6,6790.0,6825.0,6825.0,6804.0,952.0,6486928.0,201998
2023-05-09 21:01:29,SR2311,SR311,6802.0,29.0,197606.0,13.0,29,6802.0,6804.0,31,6790.0,6825.0,6825.0,6802.0,981.0,6684534.0,202011
2023-05-09 21:01:29,SR2311,SR311,6805.0,46.0,312417.0,17.0,19,6805.0,6806.0,50,6790.0,6825.0,6825.0,6802.0,1027.0,6996951.0,202028
2023-05-09 21:01:30,SR2311,SR311,6805.0,8.0,54504.0,6.0,21,6805.0,6806.0,28,6790.0,6825.0,6825.0,6802.0,1035.0,7051455.0,202034
2023-05-09 21:01:30,SR2311,SR311,6804.0,16.0,109008.0,1.0,23,6804.0,6805.0,5,6790.0,6825.0,6825.0,6802.0,1051.0,7160463.0,202035
2023-05-09 21:01:31,SR2311,SR311,6805.0,4.0,27252.0,1.0,4,6804.0,6806.0,57,6790.0,6825.0,6825.0,6802.0,1055.0,7187715.0,202036
2023-05-09 21:01:31,SR2311,SR311,6806.0,17.0,115821.0,7.0,1,6805.0,6807.0,75,6790.0,6825.0,6825.0,6802.0,1072.0,7303536.0,202043
2023-05-09 21:01:32,SR2311,SR311,6806.0,12.0,81756.0,-1.0,70,6805.0,6806.0,13,6790.0,6825.0,6825.0,6802.0,1084.0,7385292.0,202042
2023-05-09 21:01:32,SR2311,SR311,6807.0,32.0,218016.0,5.0,8,6807.0,6808.0,38,6790.0,6825.0,6825.0,6802.0,1116.0,7603308.0,202047
2023-05-09 21:01:33,SR2311,SR311,6807.0,0.0,0.0,0.0,13,6807.0,6808.0,6,6790.0,6825.0,6825.0,6802.0,1116.0,7603308.0,202047
2023-05-09 21:01:33,SR2311,SR311,6808.0,5.0,34065.0,-5.0,49,6807.0,6808.0,1,6790.0,6825.0,6825.0,6802.0,1121.0,7637373.0,202042
2023-05-09 21:01:34,SR2311,SR311,6807.0,51.0,346291.0,49.0,31,6806.0,6807.0,12,6790.0,6825.0,6825.0,6802.0,1172.0,7983664.0,202091
2023-05-09 21:01:34,SR2311,SR311,6807.0,22.0,149864.0,5.0,8,6807.0,6808.0,64,6790.0,6825.0,6825.0,6802.0,1194.0,8133528.0,202096
2023-05-09 21:01:35,SR2311,SR311,6807.0,3.0,20436.0,1.0,8,6807.0,6808.0,2,6790.0,6825.0,6825.0,6802.0,1197.0,8153964.0,202097
2023-05-09 21:01:35,SR2311,SR311,6807.0,0.0,0.0,0.0,28,6807.0,6808.0,2,6790.0,6825.0,6825.0,6802.0,1197.0,8153964.0,202097
2023-05-09 21:01:36,SR2311,SR311,6806.0,15.0,102180.0,11.0,2,6806.0,6807.0,7,6790.0,6825.0,6825.0,6802.0,1212.0,8256144.0,202108
2023-05-09 21:01:36,SR2311,SR311,6807.0,8.0,54496.0,6.0,33,6806.0,6808.0,35,6790.0,6825.0,6825.0,6802.0,1220.0,8310640.0,202114
2023-05-09 21:01:37,SR2311,SR311,6807.0,0.0,0.0,0.0,1,6806.0,6807.0,4,6790.0,6825.0,6825.0,6802.0,1220.0,8310640.0,202114
2023-05-09 21:01:37,SR2311,SR311,6807.0,1.0,6812.0,-1.0,3,6806.0,6808.0,82,6790.0,6825.0,6825.0,6802.0,1221.0,8317452.0,202113
2023-05-09 21:01:38,SR2311,SR311,6807.0,1.0,6812.0,0.0,22,6806.0,6807.0,1,6790.0,6825.0,6825.0,6802.0,1222.0,8324264.0,202113
2023-05-09 21:01:38,SR2311,SR311,6808.0,41.0,279292.0,-6.0,3,6807.0,6808.0,10,6790.0,6825.0,6825.0,6802.0,1263.0,8603556.0,202107
2023-05-09 21:01:39,SR2311,SR311,6808.0,0.0,0.0,0.0,3,6807.0,6809.0,54,6790.0,6825.0,6825.0,6802.0,1263.0,8603556.0,202107
2023-05-09 21:01:39,SR2311,SR311,6808.0,0.0,0.0,0.0,3,6807.0,6809.0,25,6790.0,6825.0,6825.0,6802.0,1263.0,8603556.0,202107
2023-05-09 21:01:39,SR2311,SR311,6809.0,1.0,6812.0,0.0,3,6807.0,6809.0,24,6790.0,6825.0,6825.0,6802.0,1264.0,8610368.0,202107
2023-05-09 21:01:40,SR2311,SR311,6809.0,0.0,0.0,0.0,3,6808.0,6809.0,12,6790.0,6825.0,6825.0,6802.0,1264.0,8610368.0,202107
2023-05-09 21:01:41,SR2311,SR311,6808.0,1.0,6812.0,0.0,2,6808.0,6809.0,2,6790.0,6825.0,6825.0,6802.0,1265.0,8617180.0,202107
2023-05-09 21:01:42,SR2311,SR311,6808.0,0.0,0.0,0.0,85,6807.0,6809.0,2,6790.0,6825.0,6825.0,6802.0,1265.0,8617180.0,202107
2023-05-09 21:01:42,SR2311,SR311,6808.0,0.0,0.0,0.0,25,6807.0,6809.0,13,6790.0,6825.0,6825.0,6802.0,1265.0,8617180.0,202107
2023-05-09 21:01:42,SR2311,SR311,6808.0,0.0,0.0,0.0,25,6807.0,6809.0,3,6790.0,6825.0,6825.0,6802.0,1265.0,8617180.0,202107
2023-05-09 21:01:43,SR2311,SR311,6808.0,0.0,0.0,0.0,5,6808.0,6809.0,3,6790.0,6825.0,6825.0,6802.0,1265.0,8617180.0,202107
2023-05-09 21:01:44,SR2311,SR311,6808.0,5.0,34060.0,-4.0,54,6807.0,6809.0,24,6790.0,6825.0,6825.0,6802.0,1270.0,8651240.0,202103
2023-05-09 21:01:44,SR2311,SR311,6808.0,0.0,0.0,0.0,14,6807.0,6809.0,14,6790.0,6825.0,6825.0,6802.0,1270.0,8651240.0,202103
2023-05-09 21:01:44,SR2311,SR311,6808.0,0.0,0.0,0.0,25,6807.0,6809.0,3,6790.0,6825.0,6825.0,6802.0,1270.0,8651240.0,202103
2023-05-09 21:01:45,SR2311,SR311,6808.0,0.0,0.0,0.0,1,6808.0,6809.0,3,6790.0,6825.0,6825.0,6802.0,1270.0,8651240.0,202103
2023-05-09 21:01:46,SR2311,SR311,6808.0,2.0,13624.0,-2.0,74,6807.0,6809.0,2,6790.0,6825.0,6825.0,6802.0,1272.0,8664864.0,202101
2023-05-09 21:01:46,SR2311,SR311,6808.0,0.0,0.0,0.0,1,6808.0,6809.0,2,6790.0,6825.0,6825.0,6802.0,1272.0,8664864.0,202101
2023-05-09 21:01:47,SR2311,SR311,6808.0,0.0,0.0,0.0,73,6807.0,6809.0,4,6790.0,6825.0,6825.0,6802.0,1272.0,8664864.0,202101
2023-05-09 21:01:47,SR2311,SR311,6808.0,0.0,0.0,0.0,13,6807.0,6808.0,1,6790.0,6825.0,6825.0,6802.0,1272.0,8664864.0,202101
2023-05-09 21:01:48,SR2311,SR311,6808.0,0.0,0.0,0.0,14,6807.0,6809.0,42,6790.0,6825.0,6825.0,6802.0,1272.0,8664864.0,202101
2023-05-09 21:01:49,SR2311,SR311,6808.0,0.0,0.0,0.0,74,6807.0,6809.0,2,6790.0,6825.0,6825.0,6802.0,1272.0,8664864.0,202101
2023-05-09 21:01:49,SR2311,SR311,6808.0,0.0,0.0,0.0,34,6807.0,6809.0,13,6790.0,6825.0,6825.0,6802.0,1272.0,8664864.0,202101
2023-05-09 21:01:49,SR2311,SR311,6808.0,0.0,0.0,0.0,24,6807.0,6809.0,3,6790.0,6825.0,6825.0,6802.0,1272.0,8664864.0,202101
2023-05-09 21:01:50,SR2311,SR311,6808.0,0.0,0.0,0.0,14,6807.0,6808.0,10,6790.0,6825.0,6825.0,6802.0,1272.0,8664864.0,202101
2023-05-09 21:01:51,SR2311,SR311,6808.0,0.0,0.0,0.0,15,6807.0,6808.0,10,6790.0,6825.0,6825.0,6802.0,1272.0,8664864.0,202101
2023-05-09 21:01:51,SR2311,SR311,6808.0,0.0,0.0,0.0,13,6807.0,6808.0,10,6790.0,6825.0,6825.0,6802.0,1272.0,8664864.0,202101
2023-05-09 21:01:51,SR2311,SR311,6807.0,1.0,6812.0,1.0,3,6807.0,6808.0,10,6790.0,6825.0,6825.0,6802.0,1273.0,8671676.0,202102
2023-05-09 21:01:52,SR2311,SR311,6808.0,3.0,20436.0,-3.0,15,6807.0,6808.0,7,6790.0,6825.0,6825.0,6802.0,1276.0,8692112.0,202099
2023-05-09 21:01:53,SR2311,SR311,6808.0,6.0,40872.0,-2.0,24,6807.0,6808.0,3,6790.0,6825.0,6825.0,6802.0,1282.0,8732984.0,202097
2023-05-09 21:01:53,SR2311,SR311,6808.0,2.0,13624.0,-2.0,22,6807.0,6808.0,1,6790.0,6825.0,6825.0,6802.0,1284.0,8746608.0,202095
2023-05-09 21:01:54,SR2311,SR311,6808.0,0.0,0.0,0.0,13,6807.0,6808.0,1,6790.0,6825.0,6825.0,6802.0,1284.0,8746608.0,202095
2023-05-09 21:01:54,SR2311,SR311,6808.0,0.0,0.0,0.0,12,6807.0,6808.0,4,6790.0,6825.0,6825.0,6802.0,1284.0,8746608.0,202095
2023-05-09 21:01:54,SR2311,SR311,6808.0,1.0,6812.0,0.0,2,6807.0,6808.0,3,6790.0,6825.0,6825.0,6802.0,1285.0,8753420.0,202095
2023-05-09 21:01:55,SR2311,SR311,6808.0,0.0,0.0,0.0,2,6807.0,6808.0,4,6790.0,6825.0,6825.0,6802.0,1285.0,8753420.0,202095
2023-05-09 21:01:56,SR2311,SR311,6807.0,1.0,6812.0,1.0,37,6806.0,6807.0,1,6790.0,6825.0,6825.0,6802.0,1286.0,8760232.0,202096
2023-05-09 21:01:56,SR2311,SR311,6807.0,0.0,0.0,0.0,18,6806.0,6808.0,45,6790.0,6825.0,6825.0,6802.0,1286.0,8760232.0,202096
2023-05-09 21:01:56,SR2311,SR311,6807.0,0.0,0.0,0.0,29,6806.0,6808.0,3,6790.0,6825.0,6825.0,6802.0,1286.0,8760232.0,202096
2023-05-09 21:01:57,SR2311,SR311,6807.0,0.0,0.0,0.0,1,6807.0,6808.0,3,6790.0,6825.0,6825.0,6802.0,1286.0,8760232.0,202096
2023-05-09 21:01:58,SR2311,SR311,6807.0,0.0,0.0,0.0,78,6806.0,6808.0,4,6790.0,6825.0,6825.0,6802.0,1286.0,8760232.0,202096
2023-05-09 21:01:59,SR2311,SR311,6807.0,0.0,0.0,0.0,39,6806.0,6808.0,4,6790.0,6825.0,6825.0,6802.0,1286.0,8760232.0,202096
2023-05-09 21:01:59,SR2311,SR311,6807.0,0.0,0.0,0.0,1,6807.0,6808.0,4,6790.0,6825.0,6825.0,6802.0,1286.0,8760232.0,202096
2023-05-09 21:02:00,SR2311,SR311,6808.0,4.0,27248.0,-2.0,3,6807.0,6809.0,123,6790.0,6825.0,6825.0,6802.0,1290.0,8787480.0,202094
2023-05-09 21:02:00,SR2311,SR311,6808.0,42.0,286104.0,40.0,22,6807.0,6809.0,4,6790.0,6825.0,6825.0,6802.0,1332.0,9073584.0,202134
2023-05-09 21:02:01,SR2311,SR311,6808.0,0.0,0.0,0.0,13,6807.0,6808.0,1,6790.0,6825.0,6825.0,6802.0,1332.0,9073584.0,202134
2023-05-09 21:02:01,SR2311,SR311,6808.0,0.0,0.0,0.0,25,6807.0,6809.0,27,6790.0,6825.0,6825.0,6802.0,1332.0,9073584.0,202134
2023-05-09 21:02:02,SR2311,SR311,6807.0,13.0,88556.0,-1.0,98,6806.0,6808.0,3,6790.0,6825.0,6825.0,6802.0,1345.0,9162140.0,202133
2023-05-09 21:02:02,SR2311,SR311,6807.0,0.0,0.0,0.0,6,6806.0,6807.0,3,6790.0,6825.0,6825.0,6802.0,1345.0,9162140.0,202133
2023-05-09 21:02:03,SR2311,SR311,6807.0,0.0,0.0,0.0,5,6806.0,6807.0,6,6790.0,6825.0,6825.0,6802.0,1345.0,9162140.0,202133
2023-05-09 21:02:03,SR2311,SR311,6807.0,1.0,6812.0,1.0,5,6806.0,6807.0,1,6790.0,6825.0,6825.0,6802.0,1346.0,9168952.0,202134
2023-05-09 21:02:04,SR2311,SR311,6807.0,0.0,0.0,0.0,5,6806.0,6807.0,3,6790.0,6825.0,6825.0,6802.0,1346.0,9168952.0,202134
2023-05-09 21:02:04,SR2311,SR311,6807.0,0.0,0.0,0.0,5,6806.0,6807.0,2,6790.0,6825.0,6825.0,6802.0,1346.0,9168952.0,202134
2023-05-09 21:02:05,SR2311,SR311,6807.0,0.0,0.0,0.0,6,6806.0,6807.0,1,6790.0,6825.0,6825.0,6802.0,1346.0,9168952.0,202134
2023-05-09 21:02:05,SR2311,SR311,6806.0,1.0,6812.0,1.0,16,6806.0,6807.0,1,6790.0,6825.0,6825.0,6802.0,1347.0,9175764.0,202135
2023-05-09 21:02:06,SR2311,SR311,6806.0,0.0,0.0,0.0,4,6807.0,6808.0,54,6790.0,6825.0,6825.0,6802.0,1347.0,9175764.0,202135
2023-05-09 21:02:06,SR2311,SR311,6806.0,0.0,0.0,0.0,4,6807.0,6808.0,13,6790.0,6825.0,6825.0,6802.0,1347.0,9175764.0,202135
2023-05-09 21:02:07,SR2311,SR311,6807.0,1.0,6812.0,0.0,5,6807.0,6808.0,13,6790.0,6825.0,6825.0,6802.0,1348.0,9182576.0,202135
2023-05-09 21:02:07,SR2311,SR311,6807.0,3.0,20436.0,0.0,2,6807.0,6808.0,3,6790.0,6825.0,6825.0,6802.0,1351.0,9203012.0,202135
2023-05-09 21:02:08,SR2311,SR311,6807.0,0.0,0.0,0.0,2,6807.0,6808.0,2,6790.0,6825.0,6825.0,6802.0,1351.0,9203012.0,202135
2023-05-09 21:02:09,SR2311,SR311,6807.0,2.0,13624.0,0.0,79,6806.0,6808.0,4,6790.0,6825.0,6825.0,6802.0,1353.0,9216636.0,202135
2023-05-09 21:02:09,SR2311,SR311,6808.0,1.0,6812.0,1.0,1,6807.0,6808.0,9,6790.0,6825.0,6825.0,6802.0,1354.0,9223448.0,202136
2023-05-09 21:02:10,SR2311,SR311,6808.0,0.0,0.0,0.0,48,6806.0,6807.0,1,6790.0,6825.0,6825.0,6802.0,1354.0,9223448.0,202136
2023-05-09 21:02:10,SR2311,SR311,6807.0,2.0,13624.0,2.0,6,6806.0,6807.0,3,6790.0,6825.0,6825.0,6802.0,1356.0,9237072.0,202138
2023-05-09 21:02:11,SR2311,SR311,6806.0,3.0,20436.0,-1.0,3,6806.0,6807.0,25,6790.0,6825.0,6825.0,6802.0,1359.0,9257508.0,202137
2023-05-09 21:02:11,SR2311,SR311,6806.0,2.0,13624.0,0.0,69,6805.0,6807.0,29,6790.0,6825.0,6825.0,6802.0,1361.0,9271132.0,202137
2023-05-09 21:02:12,SR2311,SR311,6806.0,1.0,6812.0,0.0,28,6805.0,6806.0,1,6790.0,6825.0,6825.0,6802.0,1362.0,9277944.0,202137
2023-05-09 21:02:12,SR2311,SR311,6805.0,12.0,81744.0,-6.0,36,6804.0,6805.0,1,6790.0,6825.0,6825.0,6802.0,1374.0,9359688.0,202131
2023-05-09 21:02:13,SR2311,SR311,6805.0,0.0,0.0,0.0,1,6804.0,6805.0,2,6790.0,6825.0,6825.0,6802.0,1374.0,9359688.0,202131
2023-05-09 21:02:13,SR2311,SR311,6805.0,0.0,0.0,0.0,1,6805.0,6806.0,83,6790.0,6825.0,6825.0,6802.0,1374.0,9359688.0,202131
2023-05-09 21:02:14,SR2311,SR311,6805.0,0.0,0.0,0.0,3,6805.0,6806.0,1,6790.0,6825.0,6825.0,6802.0,1374.0,9359688.0,202131
2023-05-09 21:02:14,SR2311,SR311,6805.0,0.0,0.0,0.0,34,6804.0,6806.0,22,6790.0,6825.0,6825.0,6802.0,1374.0,9359688.0,202131
2023-05-09 21:02:15,SR2311,SR311,6805.0,0.0,0.0,0.0,1,6805.0,6806.0,12,6790.0,6825.0,6825.0,6802.0,1374.0,9359688.0,202131
2023-05-09 21:02:15,SR2311,SR311,6805.0,0.0,0.0,0.0,44,6804.0,6805.0,1,6790.0,6825.0,6825.0,6802.0,1374.0,9359688.0,202131
2023-05-09 21:02:15,SR2311,SR311,6805.0,0.0,0.0,0.0,24,6804.0,6805.0,1,6790.0,6825.0,6825.0,6802.0,1374.0,9359688.0,202131
2023-05-09 21:02:16,SR2311,SR311,6805.0,1.0,6812.0,-1.0,33,6804.0,6806.0,35,6790.0,6825.0,6825.0,6802.0,1375.0,9366500.0,202130
2023-05-09 21:02:17,SR2311,SR311,6805.0,0.0,0.0,0.0,13,6804.0,6806.0,15,6790.0,6825.0,6825.0,6802.0,1375.0,9366500.0,202130
2023-05-09 21:02:17,SR2311,SR311,6805.0,0.0,0.0,0.0,1,6805.0,6806.0,1,6790.0,6825.0,6825.0,6802.0,1375.0,9366500.0,202130
2023-05-09 21:02:18,SR2311,SR311,6805.0,0.0,0.0,0.0,4,6805.0,6806.0,2,6790.0,6825.0,6825.0,6802.0,1375.0,9366500.0,202130
2023-05-09 21:02:18,SR2311,SR311,6805.0,1.0,6812.0,0.0,1,6805.0,6806.0,24,6790.0,6825.0,6825.0,6802.0,1376.0,9373312.0,202130
2023-05-09 21:02:19,SR2311,SR311,6805.0,1.0,6812.0,1.0,12,6804.0,6805.0,2,6790.0,6825.0,6825.0,6802.0,1377.0,9380124.0,202131
2023-05-09 21:02:19,SR2311,SR311,6805.0,0.0,0.0,0.0,2,6804.0,6805.0,5,6790.0,6825.0,6825.0,6802.0,1377.0,9380124.0,202131
2023-05-09 21:02:20,SR2311,SR311,6804.0,2.0,13624.0,2.0,2,6804.0,6805.0,1,6790.0,6825.0,6825.0,6802.0,1379.0,9393748.0,202133
2023-05-09 21:02:20,SR2311,SR311,6803.0,4.0,27248.0,0.0,65,6803.0,6805.0,23,6790.0,6825.0,6825.0,6802.0,1383.0,9420996.0,202133
2023-05-09 21:02:21,SR2311,SR311,6804.0,1.0,6812.0,1.0,75,6803.0,6805.0,14,6790.0,6825.0,6825.0,6802.0,1384.0,9427808.0,202134
2023-05-09 21:02:21,SR2311,SR311,6804.0,0.0,0.0,0.0,45,6803.0,6805.0,24,6790.0,6825.0,6825.0,6802.0,1384.0,9427808.0,202134
2023-05-09 21:02:22,SR2311,SR311,6804.0,0.0,0.0,0.0,44,6803.0,6805.0,5,6790.0,6825.0,6825.0,6802.0,1384.0,9427808.0,202134
2023-05-09 21:02:22,SR2311,SR311,6803.0,52.0,352788.0,36.0,108,6802.0,6804.0,3,6790.0,6825.0,6825.0,6802.0,1436.0,9780596.0,202170
2023-05-09 21:02:22,SR2311,SR311,6803.0,0.0,0.0,0.0,9,6802.0,6804.0,53,6790.0,6825.0,6825.0,6802.0,1436.0,9780596.0,202170
2023-05-09 21:02:23,SR2311,SR311,6803.0,0.0,0.0,0.0,8,6802.0,6804.0,34,6790.0,6825.0,6825.0,6802.0,1436.0,9780596.0,202170
2023-05-09 21:02:24,SR2311,SR311,6803.0,0.0,0.0,0.0,1,6803.0,6804.0,32,6790.0,6825.0,6825.0,6802.0,1436.0,9780596.0,202170
2023-05-09 21:02:24,SR2311,SR311,6803.0,0.0,0.0,0.0,50,6802.0,6804.0,34,6790.0,6825.0,6825.0,6802.0,1436.0,9780596.0,202170
2023-05-09 21:02:25,SR2311,SR311,6803.0,0.0,0.0,0.0,1,6803.0,6804.0,45,6790.0,6825.0,6825.0,6802.0,1436.0,9780596.0,202170
2023-05-09 21:02:25,SR2311,SR311,6804.0,12.0,81732.0,4.0,2,6803.0,6805.0,124,6790.0,6825.0,6825.0,6802.0,1448.0,9862328.0,202174
2023-05-09 21:02:26,SR2311,SR311,6804.0,0.0,0.0,0.0,1,6804.0,6805.0,44,6790.0,6825.0,6825.0,6802.0,1448.0,9862328.0,202174
2023-05-09 21:02:26,SR2311,SR311,6804.0,0.0,0.0,0.0,13,6803.0,6805.0,34,6790.0,6825.0,6825.0,6802.0,1448.0,9862328.0,202174
2023-05-09 21:02:27,SR2311,SR311,6803.0,1.0,6811.0,0.0,1,6804.0,6805.0,26,6790.0,6825.0,6825.0,6802.0,1449.0,9869139.0,202174
2023-05-09 21:02:27,SR2311,SR311,6804.0,1.0,6811.0,0.0,13,6803.0,6805.0,36,6790.0,6825.0,6825.0,6802.0,1450.0,9875950.0,202174
2023-05-09 21:02:27,SR2311,SR311,6805.0,1.0,6811.0,-1.0,3,6803.0,6805.0,25,6790.0,6825.0,6825.0,6802.0,1451.0,9882761.0,202173
2023-05-09 21:02:28,SR2311,SR311,6805.0,0.0,0.0,0.0,1,6804.0,6805.0,24,6790.0,6825.0,6825.0,6802.0,1451.0,9882761.0,202173
2023-05-09 21:02:29,SR2311,SR311,6805.0,0.0,0.0,0.0,1,6804.0,6805.0,34,6790.0,6825.0,6825.0,6802.0,1451.0,9882761.0,202173
2023-05-09 21:02:29,SR2311,SR311,6805.0,4.0,27244.0,0.0,23,6803.0,6805.0,21,6790.0,6825.0,6825.0,6802.0,1455.0,9910005.0,202173
2023-05-09 21:02:29,SR2311,SR311,6805.0,1.0,6811.0,-1.0,7,6804.0,6806.0,114,6790.0,6825.0,6825.0,6802.0,1456.0,9916816.0,202172
2023-05-09 21:02:30,SR2311,SR311,6805.0,0.0,0.0,0.0,3,6804.0,6805.0,7,6790.0,6825.0,6825.0,6802.0,1456.0,9916816.0,202172
2023-05-09 21:02:31,SR2311,SR311,6805.0,0.0,0.0,0.0,3,6804.0,6806.0,56,6790.0,6825.0,6825.0,6802.0,1456.0,9916816.0,202172
2023-05-09 21:02:31,SR2311,SR311,6804.0,6.0,40866.0,2.0,84,6803.0,6805.0,6,6790.0,6825.0,6825.0,6802.0,1462.0,9957682.0,202174
2023-05-09 21:02:32,SR2311,SR311,6804.0,2.0,13622.0,1.0,53,6803.0,6805.0,14,6790.0,6825.0,6825.0,6802.0,1464.0,9971304.0,202175
2023-05-09 21:02:32,SR2311,SR311,6804.0,0.0,0.0,0.0,13,6803.0,6804.0,1,6790.0,6825.0,6825.0,6802.0,1464.0,9971304.0,202175
2023-05-09 21:02:33,SR2311,SR311,6804.0,1.0,6811.0,1.0,1,6803.0,6804.0,10,6790.0,6825.0,6825.0,6802.0,1465.0,9978115.0,202176
2023-05-09 21:02:33,SR2311,SR311,6804.0,0.0,0.0,0.0,3,6803.0,6804.0,10,6790.0,6825.0,6825.0,6802.0,1465.0,9978115.0,202176
2023-05-09 21:02:33,SR2311,SR311,6803.0,1.0,6811.0,1.0,70,6802.0,6804.0,11,6790.0,6825.0,6825.0,6802.0,1466.0,9984926.0,202177
2023-05-09 21:02:34,SR2311,SR311,6803.0,0.0,0.0,0.0,20,6802.0,6804.0,30,6790.0,6825.0,6825.0,6802.0,1466.0,9984926.0,202177
2023-05-09 21:02:34,SR2311,SR311,6803.0,0.0,0.0,0.0,21,6802.0,6804.0,22,6790.0,6825.0,6825.0,6802.0,1466.0,9984926.0,202177
2023-05-09 21:02:35,SR2311,SR311,6803.0,0.0,0.0,0.0,11,6802.0,6803.0,4,6790.0,6825.0,6825.0,6802.0,1466.0,9984926.0,202177
2023-05-09 21:02:36,SR2311,SR311,6803.0,0.0,0.0,0.0,11,6802.0,6804.0,62,6790.0,6825.0,6825.0,6802.0,1466.0,9984926.0,202177
2023-05-09 21:02:36,SR2311,SR311,6803.0,0.0,0.0,0.0,23,6802.0,6804.0,12,6790.0,6825.0,6825.0,6802.0,1466.0,9984926.0,202177
2023-05-09 21:02:36,SR2311,SR311,6803.0,0.0,0.0,0.0,2,6803.0,6804.0,21,6790.0,6825.0,6825.0,6802.0,1466.0,9984926.0,202177
2023-05-09 21:02:37,SR2311,SR311,6804.0,11.0,74921.0,0.0,4,6803.0,6805.0,115,6790.0,6825.0,6825.0,6802.0,1477.0,10059847.0,202177
2023-05-09 21:02:38,SR2311,SR311,6805.0,1.0,6811.0,0.0,5,6803.0,6805.0,44,6790.0,6825.0,6825.0,6802.0,1478.0,10066658.0,202177
2023-05-09 21:02:38,SR2311,SR311,6805.0,0.0,0.0,0.0,5,6803.0,6805.0,23,6790.0,6825.0,6825.0,6802.0,1478.0,10066658.0,202177
2023-05-09 21:02:39,SR2311,SR311,6804.0,1.0,6811.0,-1.0,1,6804.0,6805.0,13,6790.0,6825.0,6825.0,6802.0,1479.0,10073469.0,202176
2023-05-09 21:02:39,SR2311,SR311,6804.0,2.0,13622.0,1.0,2,6804.0,6805.0,13,6790.0,6825.0,6825.0,6802.0,1481.0,10087091.0,202177
2023-05-09 21:02:40,SR2311,SR311,6804.0,0.0,0.0,0.0,46,6803.0,6805.0,2,6790.0,6825.0,6825.0,6802.0,1481.0,10087091.0,202177
2023-05-09 21:02:40,SR2311,SR311,6804.0,0.0,0.0,0.0,7,6804.0,6805.0,2,6790.0,6825.0,6825.0,6802.0,1481.0,10087091.0,202177
2023-05-09 21:02:40,SR2311,SR311,6804.0,0.0,0.0,0.0,4,6804.0,6805.0,2,6790.0,6825.0,6825.0,6802.0,1481.0,10087091.0,202177
2023-05-09 21:02:42,SR2311,SR311,6804.0,0.0,0.0,0.0,3,6804.0,6805.0,2,6790.0,6825.0,6825.0,6802.0,1481.0,10087091.0,202177
2023-05-09 21:02:42,SR2311,SR311,6804.0,0.0,0.0,0.0,5,6804.0,6805.0,2,6790.0,6825.0,6825.0,6802.0,1481.0,10087091.0,202177
2023-05-09 21:02:43,SR2311,SR311,6805.0,2.0,13622.0,0.0,4,6804.0,6806.0,66,6790.0,6825.0,6825.0,6802.0,1483.0,10100713.0,202177
2023-05-09 21:02:43,SR2311,SR311,6806.0,50.0,340550.0,42.0,4,6804.0,6806.0,45,6790.0,6825.0,6825.0,6802.0,1533.0,10441263.0,202219
2023-05-09 21:02:44,SR2311,SR311,6806.0,2.0,13622.0,0.0,4,6804.0,6806.0,35,6790.0,6825.0,6825.0,6802.0,1535.0,10454885.0,202219
2023-05-09 21:02:44,SR2311,SR311,6806.0,0.0,0.0,0.0,3,6804.0,6805.0,4,6790.0,6825.0,6825.0,6802.0,1535.0,10454885.0,202219
2023-05-09 21:02:45,SR2311,SR311,6805.0,14.0,95354.0,0.0,10,6805.0,6806.0,104,6790.0,6825.0,6825.0,6802.0,1549.0,10550239.0,202219
2023-05-09 21:02:45,SR2311,SR311,6805.0,0.0,0.0,0.0,10,6805.0,6806.0,44,6790.0,6825.0,6825.0,6802.0,1549.0,10550239.0,202219
2023-05-09 21:02:45,SR2311,SR311,6805.0,0.0,0.0,0.0,10,6805.0,6806.0,35,6790.0,6825.0,6825.0,6802.0,1549.0,10550239.0,202219
2023-05-09 21:02:46,SR2311,SR311,6805.0,3.0,20433.0,0.0,7,6805.0,6806.0,35,6790.0,6825.0,6825.0,6802.0,1552.0,10570672.0,202219
2023-05-09 21:02:46,SR2311,SR311,6805.0,1.0,6811.0,0.0,6,6805.0,6806.0,24,6790.0,6825.0,6825.0,6802.0,1553.0,10577483.0,202219
2023-05-09 21:02:47,SR2311,SR311,6805.0,0.0,0.0,0.0,26,6805.0,6806.0,26,6790.0,6825.0,6825.0,6802.0,1553.0,10577483.0,202219
2023-05-09 21:02:47,SR2311,SR311,6805.0,0.0,0.0,0.0,27,6805.0,6806.0,24,6790.0,6825.0,6825.0,6802.0,1553.0,10577483.0,202219
2023-05-09 21:02:49,SR2311,SR311,6805.0,0.0,0.0,0.0,27,6805.0,6806.0,14,6790.0,6825.0,6825.0,6802.0,1553.0,10577483.0,202219
2023-05-09 21:02:49,SR2311,SR311,6806.0,29.0,197519.0,0.0,9,6806.0,6807.0,32,6790.0,6825.0,6825.0,6802.0,1582.0,10775002.0,202219
2023-05-09 21:02:50,SR2311,SR311,6806.0,5.0,34055.0,0.0,10,6806.0,6807.0,11,6790.0,6825.0,6825.0,6802.0,1587.0,10809057.0,202219
2023-05-09 21:02:50,SR2311,SR311,6807.0,10.0,68110.0,0.0,2,6806.0,6808.0,134,6790.0,6825.0,6825.0,6802.0,1597.0,10877167.0,202219
2023-05-09 21:02:51,SR2311,SR311,6807.0,0.0,0.0,0.0,1,6806.0,6807.0,11,6790.0,6825.0,6825.0,6802.0,1597.0,10877167.0,202219
2023-05-09 21:02:52,SR2311,SR311,6807.0,0.0,0.0,0.0,17,6806.0,6808.0,54,6790.0,6825.0,6825.0,6802.0,1597.0,10877167.0,202219
2023-05-09 21:02:52,SR2311,SR311,6807.0,0.0,0.0,0.0,26,6806.0,6808.0,15,6790.0,6825.0,6825.0,6802.0,1597.0,10877167.0,202219
2023-05-09 21:02:53,SR2311,SR311,6807.0,0.0,0.0,0.0,5,6806.0,6807.0,1,6790.0,6825.0,6825.0,6802.0,1597.0,10877167.0,202219
2023-05-09 21:02:53,SR2311,SR311,6807.0,0.0,0.0,0.0,5,6806.0,6807.0,2,6790.0,6825.0,6825.0,6802.0,1597.0,10877167.0,202219
2023-05-09 21:02:53,SR2311,SR311,6807.0,1.0,6811.0,0.0,5,6806.0,6807.0,2,6790.0,6825.0,6825.0,6802.0,1598.0,10883978.0,202219
2023-05-09 21:02:55,SR2311,SR311,6807.0,0.0,0.0,0.0,5,6806.0,6807.0,1,6790.0,6825.0,6825.0,6802.0,1598.0,10883978.0,202219
2023-05-09 21:02:55,SR2311,SR311,6806.0,1.0,6811.0,0.0,4,6806.0,6807.0,1,6790.0,6825.0,6825.0,6802.0,1599.0,10890789.0,202219
2023-05-09 21:02:55,SR2311,SR311,6806.0,1.0,6811.0,-1.0,5,6806.0,6807.0,1,6790.0,6825.0,6825.0,6802.0,1600.0,10897600.0,202218
2023-05-09 21:02:57,SR2311,SR311,6806.0,1.0,6811.0,1.0,4,6806.0,6807.0,1,6790.0,6825.0,6825.0,6802.0,1601.0,10904411.0,202219
2023-05-09 21:02:57,SR2311,SR311,6806.0,0.0,0.0,0.0,5,6806.0,6807.0,1,6790.0,6825.0,6825.0,6802.0,1601.0,10904411.0,202219
2023-05-09 21:02:58,SR2311,SR311,6806.0,0.0,0.0,0.0,5,6806.0,6807.0,2,6790.0,6825.0,6825.0,6802.0,1601.0,10904411.0,202219
2023-05-09 21:02:59,SR2311,SR311,6806.0,1.0,6811.0,0.0,5,6806.0,6807.0,2,6790.0,6825.0,6825.0,6802.0,1602.0,10911222.0,202219
2023-05-09 21:03:00,SR2311,SR311,6807.0,1.0,6811.0,0.0,5,6807.0,6808.0,44,6790.0,6825.0,6825.0,6802.0,1603.0,10918033.0,202219
2023-05-09 21:03:00,SR2311,SR311,6807.0,0.0,0.0,0.0,106,6806.0,6808.0,4,6790.0,6825.0,6825.0,6802.0,1603.0,10918033.0,202219
2023-05-09 21:03:01,SR2311,SR311,6807.0,0.0,0.0,0.0,5,6806.0,6807.0,2,6790.0,6825.0,6825.0,6802.0,1603.0,10918033.0,202219
2023-05-09 21:03:01,SR2311,SR311,6807.0,0.0,0.0,0.0,25,6806.0,6807.0,1,6790.0,6825.0,6825.0,6802.0,1603.0,10918033.0,202219
2023-05-09 21:03:01,SR2311,SR311,6807.0,0.0,0.0,0.0,5,6806.0,6807.0,1,6790.0,6825.0,6825.0,6802.0,1603.0,10918033.0,202219
2023-05-09 21:03:02,SR2311,SR311,6806.0,4.0,27244.0,4.0,141,6805.0,6807.0,3,6790.0,6825.0,6825.0,6802.0,1607.0,10945277.0,202223
2023-05-09 21:03:03,SR2311,SR311,6806.0,2.0,13622.0,0.0,60,6805.0,6806.0,1,6790.0,6825.0,6825.0,6802.0,1609.0,10958899.0,202223
2023-05-09 21:03:03,SR2311,SR311,6806.0,0.0,0.0,0.0,30,6805.0,6806.0,2,6790.0,6825.0,6825.0,6802.0,1609.0,10958899.0,202223
2023-05-09 21:03:04,SR2311,SR311,6806.0,0.0,0.0,0.0,40,6805.0,6806.0,2,6790.0,6825.0,6825.0,6802.0,1609.0,10958899.0,202223
2023-05-09 21:03:04,SR2311,SR311,6805.0,5.0,34055.0,3.0,28,6805.0,6806.0,4,6790.0,6825.0,6825.0,6802.0,1614.0,10992954.0,202226
2023-05-09 21:03:05,SR2311,SR311,6805.0,5.0,34055.0,2.0,23,6805.0,6806.0,3,6790.0,6825.0,6825.0,6802.0,1619.0,11027009.0,202228
2023-05-09 21:03:06,SR2311,SR311,6805.0,14.0,95354.0,-1.0,9,6805.0,6806.0,12,6790.0,6825.0,6825.0,6802.0,1633.0,11122363.0,202227
2023-05-09 21:03:06,SR2311,SR311,6805.0,0.0,0.0,0.0,9,6805.0,6806.0,11,6790.0,6825.0,6825.0,6802.0,1633.0,11122363.0,202227
2023-05-09 21:03:07,SR2311,SR311,6805.0,0.0,0.0,0.0,9,6805.0,6806.0,2,6790.0,6825.0,6825.0,6802.0,1633.0,11122363.0,202227
2023-05-09 21:03:07,SR2311,SR311,6805.0,0.0,0.0,0.0,8,6805.0,6806.0,2,6790.0,6825.0,6825.0,6802.0,1633.0,11122363.0,202227
2023-05-09 21:03:08,SR2311,SR311,6805.0,8.0,54488.0,4.0,135,6804.0,6805.0,5,6790.0,6825.0,6825.0,6802.0,1641.0,11176851.0,202231
2023-05-09 21:03:08,SR2311,SR311,6805.0,1.0,6811.0,0.0,35,6804.0,6805.0,4,6790.0,6825.0,6825.0,6802.0,1642.0,11183662.0,202231
2023-05-09 21:03:09,SR2311,SR311,6804.0,5.0,34055.0,0.0,13,6804.0,6805.0,4,6790.0,6825.0,6825.0,6802.0,1647.0,11217717.0,202231
2023-05-09 21:03:09,SR2311,SR311,6804.0,0.0,0.0,0.0,14,6804.0,6805.0,6,6790.0,6825.0,6825.0,6802.0,1647.0,11217717.0,202231
2023-05-09 21:03:10,SR2311,SR311,6804.0,0.0,0.0,0.0,23,6804.0,6805.0,6,6790.0,6825.0,6825.0,6802.0,1647.0,11217717.0,202231
2023-05-09 21:03:10,SR2311,SR311,6804.0,0.0,0.0,0.0,3,6804.0,6805.0,6,6790.0,6825.0,6825.0,6802.0,1647.0,11217717.0,202231
2023-05-09 21:03:11,SR2311,SR311,6804.0,1.0,5163.0,0.0,3,6804.0,6805.0,6,6790.0,6825.0,6825.0,6802.0,1648.0,11222880.0,202231
2023-05-09 21:03:12,SR2311,SR311,6804.0,5.0,34050.0,0.0,3,6804.0,6805.0,6,6790.0,6825.0,6825.0,6802.0,1653.0,11256930.0,202231
2023-05-09 21:03:13,SR2311,SR311,6804.0,0.0,0.0,0.0,4,6804.0,6805.0,6,6790.0,6825.0,6825.0,6802.0,1653.0,11256930.0,202231
2023-05-09 21:03:13,SR2311,SR311,6804.0,0.0,0.0,0.0,5,6804.0,6805.0,6,6790.0,6825.0,6825.0,6802.0,1653.0,11256930.0,202231
2023-05-09 21:03:14,SR2311,SR311,6804.0,0.0,0.0,0.0,13,6804.0,6805.0,6,6790.0,6825.0,6825.0,6802.0,1653.0,11256930.0,202231
2023-05-09 21:03:15,SR2311,SR311,6804.0,5.0,34050.0,0.0,12,6804.0,6805.0,6,6790.0,6825.0,6825.0,6802.0,1658.0,11290980.0,202231
2023-05-09 21:03:16,SR2311,SR311,6804.0,0.0,0.0,0.0,13,6804.0,6805.0,6,6790.0,6825.0,6825.0,6802.0,1658.0,11290980.0,202231
2023-05-09 21:03:16,SR2311,SR311,6804.0,0.0,0.0,0.0,19,6804.0,6805.0,6,6790.0,6825.0,6825.0,6802.0,1658.0,11290980.0,202231
2023-05-09 21:03:18,SR2311,SR311,6805.0,4.0,27240.0,0.0,30,6804.0,6806.0,53,6790.0,6825.0,6825.0,6802.0,1662.0,11318220.0,202231
2023-05-09 21:03:18,SR2311,SR311,6805.0,0.0,0.0,0.0,32,6804.0,6806.0,23,6790.0,6825.0,6825.0,6802.0,1662.0,11318220.0,202231
2023-05-09 21:03:19,SR2311,SR311,6805.0,0.0,0.0,0.0,22,6804.0,6806.0,23,6790.0,6825.0,6825.0,6802.0,1662.0,11318220.0,202231
2023-05-09 21:03:20,SR2311,SR311,6805.0,0.0,0.0,0.0,6,6805.0,6806.0,23,6790.0,6825.0,6825.0,6802.0,1662.0,11318220.0,202231
2023-05-09 21:03:21,SR2311,SR311,6805.0,4.0,27240.0,3.0,122,6804.0,6806.0,2,6790.0,6825.0,6825.0,6802.0,1666.0,11345460.0,202234
2023-05-09 21:03:21,SR2311,SR311,6804.0,5.0,34050.0,0.0,52,6804.0,6806.0,12,6790.0,6825.0,6825.0,6802.0,1671.0,11379510.0,202234
2023-05-09 21:03:21,SR2311,SR311,6804.0,0.0,0.0,0.0,41,6804.0,6806.0,13,6790.0,6825.0,6825.0,6802.0,1671.0,11379510.0,202234
2023-05-09 21:03:22,SR2311,SR311,6806.0,3.0,20430.0,0.0,21,6804.0,6806.0,25,6790.0,6825.0,6825.0,6802.0,1674.0,11399940.0,202234
2023-05-09 21:03:22,SR2311,SR311,6806.0,0.0,0.0,0.0,19,6804.0,6805.0,4,6790.0,6825.0,6825.0,6802.0,1674.0,11399940.0,202234
2023-05-09 21:03:23,SR2311,SR311,6806.0,0.0,0.0,0.0,20,6804.0,6805.0,4,6790.0,6825.0,6825.0,6802.0,1674.0,11399940.0,202234
2023-05-09 21:03:23,SR2311,SR311,6806.0,0.0,0.0,0.0,22,6804.0,6805.0,3,6790.0,6825.0,6825.0,6802.0,1674.0,11399940.0,202234
2023-05-09 21:03:24,SR2311,SR311,6805.0,1.0,6810.0,1.0,21,6804.0,6805.0,3,6790.0,6825.0,6825.0,6802.0,1675.0,11406750.0,202235
2023-05-09 21:03:24,SR2311,SR311,6805.0,0.0,0.0,0.0,22,6804.0,6805.0,3,6790.0,6825.0,6825.0,6802.0,1675.0,11406750.0,202235
2023-05-09 21:03:26,SR2311,SR311,6804.0,2.0,13620.0,2.0,29,6804.0,6805.0,7,6790.0,6825.0,6825.0,6802.0,1677.0,11420370.0,202237
2023-05-09 21:03:27,SR2311,SR311,6805.0,7.0,47670.0,0.0,1,6805.0,6806.0,85,6790.0,6825.0,6825.0,6802.0,1684.0,11468040.0,202237
2023-05-09 21:03:27,SR2311,SR311,6805.0,0.0,0.0,0.0,5,6805.0,6806.0,4,6790.0,6825.0,6825.0,6802.0,1684.0,11468040.0,202237
2023-05-09 21:03:28,SR2311,SR311,6805.0,0.0,0.0,0.0,5,6805.0,6806.0,3,6790.0,6825.0,6825.0,6802.0,1684.0,11468040.0,202237
2023-05-09 21:03:29,SR2311,SR311,6805.0,2.0,13620.0,0.0,3,6805.0,6806.0,3,6790.0,6825.0,6825.0,6802.0,1686.0,11481660.0,202237
2023-05-09 21:03:29,SR2311,SR311,6805.0,4.0,27240.0,0.0,1,6805.0,6806.0,4,6790.0,6825.0,6825.0,6802.0,1690.0,11508900.0,202237
2023-05-09 21:03:29,SR2311,SR311,6805.0,0.0,0.0,0.0,2,6805.0,6806.0,1,6790.0,6825.0,6825.0,6802.0,1690.0,11508900.0,202237
2023-05-09 21:03:30,SR2311,SR311,6806.0,1.0,6810.0,0.0,54,6805.0,6807.0,25,6790.0,6825.0,6825.0,6802.0,1691.0,11515710.0,202237
2023-05-09 21:03:31,SR2311,SR311,6806.0,1.0,6810.0,1.0,1,6805.0,6806.0,6,6790.0,6825.0,6825.0,6802.0,1692.0,11522520.0,202238
2023-05-09 21:03:31,SR2311,SR311,6806.0,0.0,0.0,0.0,13,6805.0,6807.0,67,6790.0,6825.0,6825.0,6802.0,1692.0,11522520.0,202238
2023-05-09 21:03:32,SR2311,SR311,6806.0,0.0,0.0,0.0,2,6805.0,6806.0,6,6790.0,6825.0,6825.0,6802.0,1692.0,11522520.0,202238
2023-05-09 21:03:32,SR2311,SR311,6806.0,0.0,0.0,0.0,12,6805.0,6806.0,5,6790.0,6825.0,6825.0,6802.0,1692.0,11522520.0,202238
2023-05-09 21:03:33,SR2311,SR311,6806.0,0.0,0.0,0.0,12,6805.0,6806.0,3,6790.0,6825.0,6825.0,6802.0,1692.0,11522520.0,202238
2023-05-09 21:03:33,SR2311,SR311,6805.0,2.0,13620.0,1.0,132,6804.0,6806.0,7,6790.0,6825.0,6825.0,6802.0,1694.0,11536140.0,202239
2023-05-09 21:03:33,SR2311,SR311,6805.0,0.0,0.0,0.0,4,6805.0,6806.0,24,6790.0,6825.0,6825.0,6802.0,1694.0,11536140.0,202239
2023-05-09 21:03:34,SR2311,SR311,6806.0,1.0,6810.0,1.0,3,6805.0,6806.0,5,6790.0,6825.0,6825.0,6802.0,1695.0,11542950.0,202240
2023-05-09 21:03:35,SR2311,SR311,6805.0,1.0,6810.0,1.0,2,6805.0,6806.0,5,6790.0,6825.0,6825.0,6802.0,1696.0,11549760.0,202241
2023-05-09 21:03:35,SR2311,SR311,6807.0,93.0,633330.0,83.0,23,6807.0,6808.0,65,6790.0,6825.0,6825.0,6802.0,1789.0,12183090.0,202324
2023-05-09 21:03:36,SR2311,SR311,6808.0,22.0,149820.0,14.0,11,6808.0,6809.0,4,6790.0,6825.0,6825.0,6802.0,1811.0,12332910.0,202338
2023-05-09 21:03:36,SR2311,SR311,6810.0,10.0,68100.0,10.0,26,6808.0,6810.0,61,6790.0,6825.0,6825.0,6802.0,1821.0,12401010.0,202348
2023-05-09 21:03:37,SR2311,SR311,6810.0,0.0,0.0,0.0,22,6808.0,6809.0,2,6790.0,6825.0,6825.0,6802.0,1821.0,12401010.0,202348
2023-05-09 21:03:37,SR2311,SR311,6808.0,2.0,13620.0,0.0,26,6808.0,6810.0,71,6790.0,6825.0,6825.0,6802.0,1823.0,12414630.0,202348
2023-05-09 21:03:37,SR2311,SR311,6808.0,0.0,0.0,0.0,36,6808.0,6810.0,41,6790.0,6825.0,6825.0,6802.0,1823.0,12414630.0,202348
2023-05-09 21:03:38,SR2311,SR311,6808.0,10.0,68100.0,1.0,26,6808.0,6810.0,40,6790.0,6825.0,6825.0,6802.0,1833.0,12482730.0,202349
2023-05-09 21:03:39,SR2311,SR311,6808.0,0.0,0.0,0.0,26,6808.0,6810.0,30,6790.0,6825.0,6825.0,6802.0,1833.0,12482730.0,202349
2023-05-09 21:03:40,SR2311,SR311,6808.0,0.0,0.0,0.0,22,6808.0,6810.0,31,6790.0,6825.0,6825.0,6802.0,1833.0,12482730.0,202349
2023-05-09 21:03:40,SR2311,SR311,6808.0,22.0,149820.0,-1.0,67,6807.0,6809.0,14,6790.0,6825.0,6825.0,6802.0,1855.0,12632550.0,202348
2023-05-09 21:03:40,SR2311,SR311,6808.0,0.0,0.0,0.0,27,6807.0,6809.0,35,6790.0,6825.0,6825.0,6802.0,1855.0,12632550.0,202348
2023-05-09 21:03:41,SR2311,SR311,6808.0,0.0,0.0,0.0,17,6807.0,6809.0,35,6790.0,6825.0,6825.0,6802.0,1855.0,12632550.0,202348
2023-05-09 21:03:42,SR2311,SR311,6807.0,1.0,6810.0,1.0,12,6807.0,6808.0,6,6790.0,6825.0,6825.0,6802.0,1856.0,12639360.0,202349
2023-05-09 21:03:43,SR2311,SR311,6807.0,0.0,0.0,0.0,12,6807.0,6808.0,17,6790.0,6825.0,6825.0,6802.0,1856.0,12639360.0,202349
2023-05-09 21:03:43,SR2311,SR311,6807.0,0.0,0.0,0.0,12,6807.0,6808.0,16,6790.0,6825.0,6825.0,6802.0,1856.0,12639360.0,202349
2023-05-09 21:03:44,SR2311,SR311,6807.0,0.0,0.0,0.0,16,6807.0,6808.0,1,6790.0,6825.0,6825.0,6802.0,1856.0,12639360.0,202349
2023-05-09 21:03:45,SR2311,SR311,6807.0,0.0,0.0,0.0,36,6807.0,6808.0,2,6790.0,6825.0,6825.0,6802.0,1856.0,12639360.0,202349
2023-05-09 21:03:45,SR2311,SR311,6807.0,0.0,0.0,0.0,36,6807.0,6808.0,1,6790.0,6825.0,6825.0,6802.0,1856.0,12639360.0,202349
2023-05-09 21:03:45,SR2311,SR311,6807.0,0.0,0.0,0.0,36,6807.0,6809.0,41,6790.0,6825.0,6825.0,6802.0,1856.0,12639360.0,202349
2023-05-09 21:03:46,SR2311,SR311,6807.0,0.0,0.0,0.0,36,6807.0,6809.0,21,6790.0,6825.0,6825.0,6802.0,1856.0,12639360.0,202349
2023-05-09 21:03:47,SR2311,SR311,6807.0,0.0,0.0,0.0,12,6807.0,6808.0,1,6790.0,6825.0,6825.0,6802.0,1856.0,12639360.0,202349
2023-05-09 21:03:48,SR2311,SR311,6807.0,0.0,0.0,0.0,12,6807.0,6808.0,5,6790.0,6825.0,6825.0,6802.0,1856.0,12639360.0,202349
2023-05-09 21:03:48,SR2311,SR311,6807.0,2.0,13620.0,2.0,10,6807.0,6808.0,4,6790.0,6825.0,6825.0,6802.0,1858.0,12652980.0,202351
2023-05-09 21:03:48,SR2311,SR311,6807.0,0.0,0.0,0.0,10,6807.0,6808.0,8,6790.0,6825.0,6825.0,6802.0,1858.0,12652980.0,202351
2023-05-09 21:03:49,SR2311,SR311,6807.0,2.0,13620.0,2.0,8,6807.0,6808.0,8,6790.0,6825.0,6825.0,6802.0,1860.0,12666600.0,202353
2023-05-09 21:03:49,SR2311,SR311,6807.0,1.0,6810.0,0.0,12,6807.0,6808.0,2,6790.0,6825.0,6825.0,6802.0,1861.0,12673410.0,202353
2023-05-09 21:03:50,SR2311,SR311,6807.0,0.0,0.0,0.0,21,6807.0,6808.0,1,6790.0,6825.0,6825.0,6802.0,1861.0,12673410.0,202353
2023-05-09 21:03:51,SR2311,SR311,6807.0,0.0,0.0,0.0,18,6807.0,6808.0,1,6790.0,6825.0,6825.0,6802.0,1861.0,12673410.0,202353
2023-05-09 21:03:51,SR2311,SR311,6807.0,0.0,0.0,0.0,22,6807.0,6808.0,1,6790.0,6825.0,6825.0,6802.0,1861.0,12673410.0,202353
2023-05-09 21:03:52,SR2311,SR311,6808.0,1.0,6810.0,0.0,31,6807.0,6809.0,60,6790.0,6825.0,6825.0,6802.0,1862.0,12680220.0,202353
2023-05-09 21:03:52,SR2311,SR311,6808.0,0.0,0.0,0.0,33,6807.0,6809.0,20,6790.0,6825.0,6825.0,6802.0,1862.0,12680220.0,202353
2023-05-09 21:03:53,SR2311,SR311,6808.0,0.0,0.0,0.0,23,6807.0,6808.0,1,6790.0,6825.0,6825.0,6802.0,1862.0,12680220.0,202353
2023-05-09 21:03:53,SR2311,SR311,6808.0,0.0,0.0,0.0,22,6807.0,6808.0,1,6790.0,6825.0,6825.0,6802.0,1862.0,12680220.0,202353
2023-05-09 21:03:55,SR2311,SR311,6808.0,0.0,0.0,0.0,23,6807.0,6808.0,1,6790.0,6825.0,6825.0,6802.0,1862.0,12680220.0,202353
2023-05-09 21:03:55,SR2311,SR311,6808.0,0.0,0.0,0.0,22,6807.0,6808.0,1,6790.0,6825.0,6825.0,6802.0,1862.0,12680220.0,202353
2023-05-09 21:03:56,SR2311,SR311,6808.0,0.0,0.0,0.0,12,6807.0,6808.0,1,6790.0,6825.0,6825.0,6802.0,1862.0,12680220.0,202353
2023-05-09 21:03:56,SR2311,SR311,6808.0,0.0,0.0,0.0,13,6807.0,6808.0,1,6790.0,6825.0,6825.0,6802.0,1862.0,12680220.0,202353
2023-05-09 21:03:57,SR2311,SR311,6808.0,0.0,0.0,0.0,13,6807.0,6808.0,3,6790.0,6825.0,6825.0,6802.0,1862.0,12680220.0,202353
2023-05-09 21:03:59,SR2311,SR311,6808.0,1.0,6810.0,1.0,13,6807.0,6808.0,2,6790.0,6825.0,6825.0,6802.0,1863.0,12687030.0,202354
2023-05-09 21:03:59,SR2311,SR311,6808.0,2.0,13620.0,1.0,33,6807.0,6809.0,98,6790.0,6825.0,6825.0,6802.0,1865.0,12700650.0,202355
2023-05-09 21:04:00,SR2311,SR311,6809.0,2.0,13620.0,2.0,32,6807.0,6809.0,27,6790.0,6825.0,6825.0,6802.0,1867.0,12714270.0,202357
2023-05-09 21:04:00,SR2311,SR311,6809.0,0.0,0.0,0.0,33,6807.0,6809.0,16,6790.0,6825.0,6825.0,6802.0,1867.0,12714270.0,202357
2023-05-09 21:04:02,SR2311,SR311,6807.0,5.0,34050.0,0.0,30,6807.0,6808.0,2,6790.0,6825.0,6825.0,6802.0,1872.0,12748320.0,202357
2023-05-09 21:04:02,SR2311,SR311,6807.0,0.0,0.0,0.0,20,6807.0,6808.0,2,6790.0,6825.0,6825.0,6802.0,1872.0,12748320.0,202357
2023-05-09 21:04:03,SR2311,SR311,6808.0,1.0,6810.0,1.0,11,6807.0,6808.0,1,6790.0,6825.0,6825.0,6802.0,1873.0,12755130.0,202358
2023-05-09 21:04:03,SR2311,SR311,6808.0,0.0,0.0,0.0,21,6807.0,6808.0,1,6790.0,6825.0,6825.0,6802.0,1873.0,12755130.0,202358
2023-05-09 21:04:04,SR2311,SR311,6808.0,0.0,0.0,0.0,10,6807.0,6808.0,1,6790.0,6825.0,6825.0,6802.0,1873.0,12755130.0,202358
2023-05-09 21:04:05,SR2311,SR311,6808.0,0.0,0.0,0.0,11,6807.0,6808.0,1,6790.0,6825.0,6825.0,6802.0,1873.0,12755130.0,202358
2023-05-09 21:04:06,SR2311,SR311,6808.0,0.0,0.0,0.0,10,6807.0,6808.0,1,6790.0,6825.0,6825.0,6802.0,1873.0,12755130.0,202358
2023-05-09 21:04:06,SR2311,SR311,6808.0,0.0,0.0,0.0,21,6807.0,6808.0,1,6790.0,6825.0,6825.0,6802.0,1873.0,12755130.0,202358
2023-05-09 21:04:08,SR2311,SR311,6807.0,2.0,13620.0,2.0,19,6807.0,6808.0,1,6790.0,6825.0,6825.0,6802.0,1875.0,12768750.0,202360
2023-05-09 21:04:09,SR2311,SR311,6807.0,1.0,6810.0,1.0,18,6807.0,6808.0,1,6790.0,6825.0,6825.0,6802.0,1876.0,12775560.0,202361
2023-05-09 21:04:10,SR2311,SR311,6807.0,0.0,0.0,0.0,1,6808.0,6809.0,82,6790.0,6825.0,6825.0,6802.0,1876.0,12775560.0,202361
2023-05-09 21:04:10,SR2311,SR311,6807.0,0.0,0.0,0.0,80,6807.0,6809.0,12,6790.0,6825.0,6825.0,6802.0,1876.0,12775560.0,202361
2023-05-09 21:04:11,SR2311,SR311,6807.0,0.0,0.0,0.0,60,6807.0,6809.0,12,6790.0,6825.0,6825.0,6802.0,1876.0,12775560.0,202361
2023-05-09 21:04:11,SR2311,SR311,6807.0,0.0,0.0,0.0,1,6808.0,6809.0,12,6790.0,6825.0,6825.0,6802.0,1876.0,12775560.0,202361
2023-05-09 21:04:14,SR2311,SR311,6809.0,7.0,47670.0,1.0,13,6808.0,6809.0,4,6790.0,6825.0,6825.0,6802.0,1883.0,12823230.0,202362
2023-05-09 21:04:14,SR2311,SR311,6809.0,1.0,6810.0,1.0,13,6808.0,6809.0,3,6790.0,6825.0,6825.0,6802.0,1884.0,12830040.0,202363
2023-05-09 21:04:14,SR2311,SR311,6809.0,0.0,0.0,0.0,12,6808.0,6809.0,3,6790.0,6825.0,6825.0,6802.0,1884.0,12830040.0,202363
2023-05-09 21:04:15,SR2311,SR311,6809.0,0.0,0.0,0.0,23,6808.0,6809.0,3,6790.0,6825.0,6825.0,6802.0,1884.0,12830040.0,202363
2023-05-09 21:04:17,SR2311,SR311,6808.0,2.0,13620.0,0.0,13,6808.0,6809.0,2,6790.0,6825.0,6825.0,6802.0,1886.0,12843660.0,202363
2023-05-09 21:04:18,SR2311,SR311,6809.0,2.0,13620.0,0.0,7,6809.0,6810.0,65,6790.0,6825.0,6825.0,6802.0,1888.0,12857280.0,202363
2023-05-09 21:04:19,SR2311,SR311,6809.0,33.0,224730.0,-24.0,10,6809.0,6810.0,15,6790.0,6825.0,6825.0,6802.0,1921.0,13082010.0,202339
2023-05-09 21:04:19,SR2311,SR311,6808.0,12.0,81720.0,-8.0,124,6808.0,6810.0,16,6790.0,6825.0,6825.0,6802.0,1933.0,13163730.0,202331
2023-05-09 21:04:20,SR2311,SR311,6808.0,0.0,0.0,0.0,64,6808.0,6810.0,17,6790.0,6825.0,6825.0,6802.0,1933.0,13163730.0,202331
2023-05-09 21:04:21,SR2311,SR311,6808.0,0.0,0.0,0.0,24,6808.0,6810.0,17,6790.0,6825.0,6825.0,6802.0,1933.0,13163730.0,202331
2023-05-09 21:04:21,SR2311,SR311,6808.0,0.0,0.0,0.0,24,6808.0,6809.0,1,6790.0,6825.0,6825.0,6802.0,1933.0,13163730.0,202331
2023-05-09 21:04:22,SR2311,SR311,6809.0,1.0,6810.0,1.0,1,6809.0,6810.0,36,6790.0,6825.0,6825.0,6802.0,1934.0,13170540.0,202332
2023-05-09 21:04:22,SR2311,SR311,6809.0,0.0,0.0,0.0,63,6808.0,6810.0,27,6790.0,6825.0,6825.0,6802.0,1934.0,13170540.0,202332
2023-05-09 21:04:23,SR2311,SR311,6809.0,4.0,27240.0,3.0,23,6808.0,6810.0,26,6790.0,6825.0,6825.0,6802.0,1938.0,13197780.0,202335
2023-05-09 21:04:23,SR2311,SR311,6809.0,0.0,0.0,0.0,5,6809.0,6810.0,16,6790.0,6825.0,6825.0,6802.0,1938.0,13197780.0,202335
2023-05-09 21:04:24,SR2311,SR311,6809.0,0.0,0.0,0.0,1,6809.0,6810.0,16,6790.0,6825.0,6825.0,6802.0,1938.0,13197780.0,202335
2023-05-09 21:04:24,SR2311,SR311,6809.0,0.0,0.0,0.0,73,6808.0,6810.0,27,6790.0,6825.0,6825.0,6802.0,1938.0,13197780.0,202335
2023-05-09 21:04:25,SR2311,SR311,6809.0,4.0,27240.0,0.0,33,6808.0,6810.0,30,6790.0,6825.0,6825.0,6802.0,1942.0,13225020.0,202335
2023-05-09 21:04:25,SR2311,SR311,6809.0,0.0,0.0,0.0,23,6808.0,6810.0,18,6790.0,6825.0,6825.0,6802.0,1942.0,13225020.0,202335
2023-05-09 21:04:26,SR2311,SR311,6807.0,210.0,1430100.0,107.0,4,6806.0,6807.0,17,6790.0,6825.0,6825.0,6802.0,2152.0,14655120.0,202442
2023-05-09 21:04:26,SR2311,SR311,6807.0,9.0,61290.0,1.0,14,6806.0,6807.0,18,6790.0,6825.0,6825.0,6802.0,2161.0,14716410.0,202443
2023-05-09 21:04:27,SR2311,SR311,6808.0,90.0,612900.0,-21.0,29,6808.0,6809.0,14,6790.0,6825.0,6825.0,6802.0,2251.0,15329310.0,202422
2023-05-09 21:04:27,SR2311,SR311,6808.0,2.0,13620.0,-2.0,16,6808.0,6809.0,5,6790.0,6825.0,6825.0,6802.0,2253.0,15342930.0,202420
2023-05-09 21:04:28,SR2311,SR311,6808.0,2.0,13620.0,-2.0,14,6808.0,6809.0,5,6790.0,6825.0,6825.0,6802.0,2255.0,15356550.0,202418
2023-05-09 21:04:28,SR2311,SR311,6807.0,16.0,108960.0,7.0,108,6807.0,6808.0,1,6790.0,6825.0,6825.0,6802.0,2271.0,15465510.0,202425
2023-05-09 21:04:28,SR2311,SR311,6807.0,0.0,0.0,0.0,28,6807.0,6808.0,1,6790.0,6825.0,6825.0,6802.0,2271.0,15465510.0,202425
2023-05-09 21:04:29,SR2311,SR311,6808.0,1.0,6810.0,-1.0,28,6807.0,6808.0,2,6790.0,6825.0,6825.0,6802.0,2272.0,15472320.0,202424
2023-05-09 21:04:30,SR2311,SR311,6807.0,11.0,74910.0,10.0,13,6807.0,6808.0,3,6790.0,6825.0,6825.0,6802.0,2283.0,15547230.0,202434
2023-05-09 21:04:31,SR2311,SR311,6807.0,10.0,68100.0,3.0,84,6806.0,6808.0,44,6790.0,6825.0,6825.0,6802.0,2293.0,15615330.0,202437
2023-05-09 21:04:31,SR2311,SR311,6805.0,168.0,1141619.0,101.0,24,6804.0,6805.0,51,6790.0,6825.0,6825.0,6802.0,2461.0,16756949.0,202538
2023-05-09 21:04:32,SR2311,SR311,6804.0,6.0,40854.0,0.0,17,6804.0,6805.0,70,6790.0,6825.0,6825.0,6802.0,2467.0,16797803.0,202538
2023-05-09 21:04:32,SR2311,SR311,6804.0,0.0,0.0,0.0,17,6804.0,6805.0,80,6790.0,6825.0,6825.0,6802.0,2467.0,16797803.0,202538
2023-05-09 21:04:33,SR2311,SR311,6804.0,17.0,115753.0,10.0,27,6803.0,6805.0,91,6790.0,6825.0,6825.0,6802.0,2484.0,16913556.0,202548
2023-05-09 21:04:33,SR2311,SR311,6804.0,0.0,0.0,0.0,17,6803.0,6805.0,101,6790.0,6825.0,6825.0,6802.0,2484.0,16913556.0,202548
2023-05-09 21:04:34,SR2311,SR311,6804.0,0.0,0.0,0.0,2,6804.0,6805.0,71,6790.0,6825.0,6825.0,6802.0,2484.0,16913556.0,202548
2023-05-09 21:04:34,SR2311,SR311,6804.0,0.0,0.0,0.0,2,6804.0,6805.0,61,6790.0,6825.0,6825.0,6802.0,2484.0,16913556.0,202548
2023-05-09 21:04:35,SR2311,SR311,6804.0,0.0,0.0,0.0,37,6803.0,6805.0,71,6790.0,6825.0,6825.0,6802.0,2484.0,16913556.0,202548
2023-05-09 21:04:35,SR2311,SR311,6804.0,0.0,0.0,0.0,37,6803.0,6805.0,72,6790.0,6825.0,6825.0,6802.0,2484.0,16913556.0,202548
2023-05-09 21:04:36,SR2311,SR311,6804.0,2.0,13618.0,-2.0,35,6803.0,6804.0,98,6790.0,6825.0,6825.0,6802.0,2486.0,16927174.0,202546
2023-05-09 21:04:36,SR2311,SR311,6804.0,7.0,47663.0,-5.0,14,6803.0,6804.0,162,6790.0,6825.0,6825.0,6802.0,2493.0,16974837.0,202541
2023-05-09 21:04:37,SR2311,SR311,6803.0,2.0,13618.0,0.0,14,6803.0,6804.0,163,6790.0,6825.0,6825.0,6802.0,2495.0,16988455.0,202541
2023-05-09 21:04:37,SR2311,SR311,6804.0,176.0,1198384.0,-101.0,24,6804.0,6805.0,53,6790.0,6825.0,6825.0,6802.0,2671.0,18186839.0,202440
2023-05-09 21:04:38,SR2311,SR311,6804.0,0.0,0.0,0.0,33,6804.0,6805.0,31,6790.0,6825.0,6825.0,6802.0,2671.0,18186839.0,202440
2023-05-09 21:04:38,SR2311,SR311,6805.0,19.0,129371.0,5.0,27,6804.0,6805.0,14,6790.0,6825.0,6825.0,6802.0,2690.0,18316210.0,202445
2023-05-09 21:04:39,SR2311,SR311,6805.0,14.0,95326.0,0.0,38,6804.0,6806.0,93,6790.0,6825.0,6825.0,6802.0,2704.0,18411536.0,202445
2023-05-09 21:04:39,SR2311,SR311,6805.0,0.0,0.0,0.0,37,6804.0,6805.0,2,6790.0,6825.0,6825.0,6802.0,2704.0,18411536.0,202445
2023-05-09 21:04:40,SR2311,SR311,6805.0,0.0,0.0,0.0,26,6804.0,6805.0,23,6790.0,6825.0,6825.0,6802.0,2704.0,18411536.0,202445
2023-05-09 21:04:41,SR2311,SR311,6804.0,1.0,6809.0,1.0,25,6804.0,6805.0,23,6790.0,6825.0,6825.0,6802.0,2705.0,18418345.0,202446
2023-05-09 21:04:42,SR2311,SR311,6804.0,1.0,6809.0,1.0,24,6804.0,6805.0,23,6790.0,6825.0,6825.0,6802.0,2706.0,18425154.0,202447
2023-05-09 21:04:43,SR2311,SR311,6804.0,20.0,136180.0,10.0,4,6804.0,6805.0,23,6790.0,6825.0,6825.0,6802.0,2726.0,18561334.0,202457
2023-05-09 21:04:43,SR2311,SR311,6804.0,0.0,0.0,0.0,6,6804.0,6805.0,23,6790.0,6825.0,6825.0,6802.0,2726.0,18561334.0,202457
2023-05-09 21:04:44,SR2311,SR311,6804.0,0.0,0.0,0.0,8,6804.0,6805.0,23,6790.0,6825.0,6825.0,6802.0,2726.0,18561334.0,202457
2023-05-09 21:04:44,SR2311,SR311,6804.0,0.0,0.0,0.0,11,6804.0,6805.0,23,6790.0,6825.0,6825.0,6802.0,2726.0,18561334.0,202457
2023-05-09 21:04:44,SR2311,SR311,6804.0,1.0,6809.0,1.0,11,6804.0,6805.0,22,6790.0,6825.0,6825.0,6802.0,2727.0,18568143.0,202458
2023-05-09 21:04:45,SR2311,SR311,6804.0,0.0,0.0,0.0,13,6804.0,6805.0,22,6790.0,6825.0,6825.0,6802.0,2727.0,18568143.0,202458
2023-05-09 21:04:46,SR2311,SR311,6804.0,0.0,0.0,0.0,13,6804.0,6805.0,21,6790.0,6825.0,6825.0,6802.0,2727.0,18568143.0,202458
2023-05-09 21:04:46,SR2311,SR311,6804.0,0.0,0.0,0.0,13,6804.0,6805.0,22,6790.0,6825.0,6825.0,6802.0,2727.0,18568143.0,202458
2023-05-09 21:04:46,SR2311,SR311,6804.0,0.0,0.0,0.0,13,6804.0,6805.0,21,6790.0,6825.0,6825.0,6802.0,2727.0,18568143.0,202458
2023-05-09 21:04:47,SR2311,SR311,6804.0,0.0,0.0,0.0,14,6804.0,6805.0,21,6790.0,6825.0,6825.0,6802.0,2727.0,18568143.0,202458
2023-05-09 21:04:48,SR2311,SR311,6804.0,0.0,0.0,0.0,16,6804.0,6805.0,21,6790.0,6825.0,6825.0,6802.0,2727.0,18568143.0,202458
2023-05-09 21:04:48,SR2311,SR311,6804.0,0.0,0.0,0.0,17,6804.0,6805.0,21,6790.0,6825.0,6825.0,6802.0,2727.0,18568143.0,202458
2023-05-09 21:04:49,SR2311,SR311,6805.0,1.0,6809.0,0.0,17,6804.0,6805.0,22,6790.0,6825.0,6825.0,6802.0,2728.0,18574952.0,202458
2023-05-09 21:04:49,SR2311,SR311,6804.0,2.0,13618.0,0.0,17,6804.0,6805.0,21,6790.0,6825.0,6825.0,6802.0,2730.0,18588570.0,202458
2023-05-09 21:04:50,SR2311,SR311,6804.0,2.0,13618.0,2.0,17,6804.0,6805.0,21,6790.0,6825.0,6825.0,6802.0,2732.0,18602188.0,202460
2023-05-09 21:04:52,SR2311,SR311,6805.0,2.0,13618.0,-2.0,20,6804.0,6805.0,11,6790.0,6825.0,6825.0,6802.0,2734.0,18615806.0,202458
2023-05-09 21:04:52,SR2311,SR311,6805.0,0.0,0.0,0.0,21,6804.0,6805.0,10,6790.0,6825.0,6825.0,6802.0,2734.0,18615806.0,202458
2023-05-09 21:04:53,SR2311,SR311,6805.0,10.0,68090.0,0.0,10,6805.0,6806.0,72,6790.0,6825.0,6825.0,6802.0,2744.0,18683896.0,202458
2023-05-09 21:04:53,SR2311,SR311,6805.0,2.0,13618.0,1.0,93,6804.0,6806.0,22,6790.0,6825.0,6825.0,6802.0,2746.0,18697514.0,202459
2023-05-09 21:04:54,SR2311,SR311,6805.0,1.0,6809.0,0.0,7,6805.0,6806.0,21,6790.0,6825.0,6825.0,6802.0,2747.0,18704323.0,202459
2023-05-09 21:04:54,SR2311,SR311,6805.0,0.0,0.0,0.0,12,6805.0,6806.0,21,6790.0,6825.0,6825.0,6802.0,2747.0,18704323.0,202459
2023-05-09 21:04:55,SR2311,SR311,6805.0,0.0,0.0,0.0,10,6805.0,6806.0,20,6790.0,6825.0,6825.0,6802.0,2747.0,18704323.0,202459
2023-05-09 21:04:55,SR2311,SR311,6806.0,9.0,61281.0,9.0,50,6805.0,6807.0,116,6790.0,6825.0,6825.0,6802.0,2756.0,18765604.0,202468
2023-05-09 21:04:56,SR2311,SR311,6806.0,0.0,0.0,0.0,8,6806.0,6807.0,23,6790.0,6825.0,6825.0,6802.0,2756.0,18765604.0,202468
2023-05-09 21:04:56,SR2311,SR311,6806.0,0.0,0.0,0.0,5,6806.0,6807.0,14,6790.0,6825.0,6825.0,6802.0,2756.0,18765604.0,202468
2023-05-09 21:04:57,SR2311,SR311,6806.0,0.0,0.0,0.0,6,6806.0,6807.0,13,6790.0,6825.0,6825.0,6802.0,2756.0,18765604.0,202468
2023-05-09 21:04:57,SR2311,SR311,6806.0,0.0,0.0,0.0,6,6806.0,6807.0,14,6790.0,6825.0,6825.0,6802.0,2756.0,18765604.0,202468
2023-05-09 21:04:58,SR2311,SR311,6808.0,153.0,1041777.0,100.0,10,6807.0,6808.0,10,6790.0,6825.0,6825.0,6802.0,2909.0,19807381.0,202568
2023-05-09 21:04:59,SR2311,SR311,6808.0,25.0,170225.0,-8.0,14,6808.0,6809.0,22,6790.0,6825.0,6825.0,6802.0,2934.0,19977606.0,202560
2023-05-09 21:04:59,SR2311,SR311,6807.0,12.0,81708.0,12.0,92,6807.0,6808.0,1,6790.0,6825.0,6825.0,6802.0,2946.0,20059314.0,202572
2023-05-09 21:05:00,SR2311,SR311,6808.0,6.0,40854.0,-2.0,63,6807.0,6809.0,25,6790.0,6825.0,6825.0,6802.0,2952.0,20100168.0,202570
2023-05-09 21:05:00,SR2311,SR311,6808.0,0.0,0.0,0.0,37,6807.0,6809.0,4,6790.0,6825.0,6825.0,6802.0,2952.0,20100168.0,202570
2023-05-09 21:05:01,SR2311,SR311,6808.0,0.0,0.0,0.0,2,6808.0,6809.0,4,6790.0,6825.0,6825.0,6802.0,2952.0,20100168.0,202570
2023-05-09 21:05:01,SR2311,SR311,6809.0,1.0,6809.0,0.0,77,6807.0,6809.0,3,6790.0,6825.0,6825.0,6802.0,2953.0,20106977.0,202570
2023-05-09 21:05:02,SR2311,SR311,6809.0,0.0,0.0,0.0,57,6807.0,6809.0,5,6790.0,6825.0,6825.0,6802.0,2953.0,20106977.0,202570
2023-05-09 21:05:02,SR2311,SR311,6809.0,1.0,6809.0,0.0,27,6807.0,6809.0,4,6790.0,6825.0,6825.0,6802.0,2954.0,20113786.0,202570
2023-05-09 21:05:03,SR2311,SR311,6809.0,0.0,0.0,0.0,26,6807.0,6808.0,1,6790.0,6825.0,6825.0,6802.0,2954.0,20113786.0,202570
2023-05-09 21:05:03,SR2311,SR311,6809.0,0.0,0.0,0.0,26,6807.0,6808.0,3,6790.0,6825.0,6825.0,6802.0,2954.0,20113786.0,202570
2023-05-09 21:05:04,SR2311,SR311,6807.0,28.0,190652.0,-4.0,124,6806.0,6808.0,5,6790.0,6825.0,6825.0,6802.0,2982.0,20304438.0,202566
2023-05-09 21:05:04,SR2311,SR311,6807.0,0.0,0.0,0.0,64,6806.0,6808.0,5,6790.0,6825.0,6825.0,6802.0,2982.0,20304438.0,202566
2023-05-09 21:05:05,SR2311,SR311,6807.0,2.0,13618.0,1.0,45,6806.0,6808.0,4,6790.0,6825.0,6825.0,6802.0,2984.0,20318056.0,202567
2023-05-09 21:05:05,SR2311,SR311,6807.0,0.0,0.0,0.0,34,6806.0,6808.0,6,6790.0,6825.0,6825.0,6802.0,2984.0,20318056.0,202567
2023-05-09 21:05:05,SR2311,SR311,6807.0,0.0,0.0,0.0,45,6806.0,6808.0,4,6790.0,6825.0,6825.0,6802.0,2984.0,20318056.0,202567
2023-05-09 21:05:05,SR2311,SR311,6807.0,0.0,0.0,0.0,34,6806.0,6808.0,6,6790.0,6825.0,6825.0,6802.0,2984.0,20318056.0,202567
2023-05-09 21:05:06,SR2311,SR311,6807.0,0.0,0.0,0.0,35,6806.0,6808.0,4,6790.0,6825.0,6825.0,6802.0,2984.0,20318056.0,202567
2023-05-09 21:05:07,SR2311,SR311,6807.0,0.0,0.0,0.0,67,6806.0,6808.0,4,6790.0,6825.0,6825.0,6802.0,2984.0,20318056.0,202567
2023-05-09 21:05:07,SR2311,SR311,6807.0,0.0,0.0,0.0,87,6806.0,6808.0,4,6790.0,6825.0,6825.0,6802.0,2984.0,20318056.0,202567
2023-05-09 21:05:08,SR2311,SR311,6807.0,0.0,0.0,0.0,1,6807.0,6808.0,1,6790.0,6825.0,6825.0,6802.0,2984.0,20318056.0,202567
2023-05-09 21:05:08,SR2311,SR311,6807.0,0.0,0.0,0.0,11,6807.0,6808.0,1,6790.0,6825.0,6825.0,6802.0,2984.0,20318056.0,202567
2023-05-09 21:05:09,SR2311,SR311,6807.0,0.0,0.0,0.0,187,6806.0,6808.0,1,6790.0,6825.0,6825.0,6802.0,2984.0,20318056.0,202567
2023-05-09 21:05:09,SR2311,SR311,6807.0,0.0,0.0,0.0,117,6806.0,6808.0,1,6790.0,6825.0,6825.0,6802.0,2984.0,20318056.0,202567
2023-05-09 21:05:10,SR2311,SR311,6808.0,1.0,6809.0,1.0,97,6806.0,6808.0,5,6790.0,6825.0,6825.0,6802.0,2985.0,20324865.0,202568
2023-05-09 21:05:10,SR2311,SR311,6808.0,0.0,0.0,0.0,87,6806.0,6808.0,5,6790.0,6825.0,6825.0,6802.0,2985.0,20324865.0,202568
2023-05-09 21:05:11,SR2311,SR311,6808.0,0.0,0.0,0.0,76,6806.0,6808.0,6,6790.0,6825.0,6825.0,6802.0,2985.0,20324865.0,202568
2023-05-09 21:05:11,SR2311,SR311,6808.0,0.0,0.0,0.0,47,6806.0,6808.0,37,6790.0,6825.0,6825.0,6802.0,2985.0,20324865.0,202568
2023-05-09 21:05:12,SR2311,SR311,6808.0,0.0,0.0,0.0,67,6806.0,6808.0,6,6790.0,6825.0,6825.0,6802.0,2985.0,20324865.0,202568
2023-05-09 21:05:12,SR2311,SR311,6808.0,0.0,0.0,0.0,77,6806.0,6808.0,6,6790.0,6825.0,6825.0,6802.0,2985.0,20324865.0,202568
2023-05-09 21:05:13,SR2311,SR311,6808.0,0.0,0.0,0.0,1,6807.0,6808.0,4,6790.0,6825.0,6825.0,6802.0,2985.0,20324865.0,202568
2023-05-09 21:05:13,SR2311,SR311,6808.0,0.0,0.0,0.0,22,6807.0,6808.0,4,6790.0,6825.0,6825.0,6802.0,2985.0,20324865.0,202568
2023-05-09 21:05:15,SR2311,SR311,6808.0,4.0,27236.0,-1.0,25,6807.0,6809.0,34,6790.0,6825.0,6825.0,6802.0,2989.0,20352101.0,202567
2023-05-09 21:05:15,SR2311,SR311,6808.0,0.0,0.0,0.0,15,6807.0,6809.0,14,6790.0,6825.0,6825.0,6802.0,2989.0,20352101.0,202567
2023-05-09 21:05:16,SR2311,SR311,6808.0,0.0,0.0,0.0,25,6807.0,6809.0,4,6790.0,6825.0,6825.0,6802.0,2989.0,20352101.0,202567
2023-05-09 21:05:17,SR2311,SR311,6808.0,0.0,0.0,0.0,25,6807.0,6809.0,3,6790.0,6825.0,6825.0,6802.0,2989.0,20352101.0,202567
2023-05-09 21:05:17,SR2311,SR311,6808.0,0.0,0.0,0.0,16,6807.0,6809.0,14,6790.0,6825.0,6825.0,6802.0,2989.0,20352101.0,202567
2023-05-09 21:05:17,SR2311,SR311,6808.0,0.0,0.0,0.0,15,6807.0,6809.0,15,6790.0,6825.0,6825.0,6802.0,2989.0,20352101.0,202567
2023-05-09 21:05:18,SR2311,SR311,6808.0,0.0,0.0,0.0,16,6807.0,6809.0,13,6790.0,6825.0,6825.0,6802.0,2989.0,20352101.0,202567
2023-05-09 21:05:18,SR2311,SR311,6808.0,0.0,0.0,0.0,26,6807.0,6809.0,3,6790.0,6825.0,6825.0,6802.0,2989.0,20352101.0,202567
2023-05-09 21:05:21,SR2311,SR311,6809.0,1.0,6809.0,1.0,14,6808.0,6810.0,118,6790.0,6825.0,6825.0,6802.0,2990.0,20358910.0,202568
2023-05-09 21:05:21,SR2311,SR311,6809.0,0.0,0.0,0.0,25,6808.0,6810.0,58,6790.0,6825.0,6825.0,6802.0,2990.0,20358910.0,202568
2023-05-09 21:05:22,SR2311,SR311,6808.0,3.0,20427.0,3.0,1,6809.0,6810.0,36,6790.0,6825.0,6825.0,6802.0,2993.0,20379337.0,202571
2023-05-09 21:05:22,SR2311,SR311,6810.0,27.0,183843.0,11.0,3,6810.0,6811.0,71,6790.0,6825.0,6825.0,6802.0,3020.0,20563180.0,202582
2023-05-09 21:05:23,SR2311,SR311,6811.0,11.0,74899.0,3.0,4,6811.0,6812.0,133,6790.0,6825.0,6825.0,6802.0,3031.0,20638079.0,202585
2023-05-09 21:05:23,SR2311,SR311,6811.0,0.0,0.0,0.0,12,6811.0,6812.0,14,6790.0,6825.0,6825.0,6802.0,3031.0,20638079.0,202585
2023-05-09 21:05:24,SR2311,SR311,6811.0,11.0,74899.0,2.0,86,6810.0,6812.0,17,6790.0,6825.0,6825.0,6802.0,3042.0,20712978.0,202587
2023-05-09 21:05:24,SR2311,SR311,6810.0,1.0,6809.0,0.0,26,6810.0,6811.0,7,6790.0,6825.0,6825.0,6802.0,3043.0,20719787.0,202587
2023-05-09 21:05:25,SR2311,SR311,6810.0,0.0,0.0,0.0,6,6810.0,6811.0,5,6790.0,6825.0,6825.0,6802.0,3043.0,20719787.0,202587
2023-05-09 21:05:25,SR2311,SR311,6810.0,0.0,0.0,0.0,5,6810.0,6811.0,4,6790.0,6825.0,6825.0,6802.0,3043.0,20719787.0,202587
2023-05-09 21:05:26,SR2311,SR311,6811.0,1.0,6809.0,-1.0,5,6810.0,6811.0,4,6790.0,6825.0,6825.0,6802.0,3044.0,20726596.0,202586
2023-05-09 21:05:27,SR2311,SR311,6811.0,2.0,13618.0,-2.0,5,6810.0,6811.0,3,6790.0,6825.0,6825.0,6802.0,3046.0,20740214.0,202584
2023-05-09 21:05:28,SR2311,SR311,6811.0,2.0,13618.0,0.0,65,6810.0,6811.0,1,6790.0,6825.0,6825.0,6802.0,3048.0,20753832.0,202584
2023-05-09 21:05:29,SR2311,SR311,6811.0,0.0,0.0,0.0,4,6810.0,6811.0,4,6790.0,6825.0,6825.0,6802.0,3048.0,20753832.0,202584
2023-05-09 21:05:29,SR2311,SR311,6810.0,2.0,13618.0,-1.0,2,6810.0,6811.0,4,6790.0,6825.0,6825.0,6802.0,3050.0,20767450.0,202583
2023-05-09 21:05:30,SR2311,SR311,6810.0,0.0,0.0,0.0,95,6809.0,6811.0,16,6790.0,6825.0,6825.0,6802.0,3050.0,20767450.0,202583
2023-05-09 21:05:30,SR2311,SR311,6810.0,0.0,0.0,0.0,23,6809.0,6810.0,4,6790.0,6825.0,6825.0,6802.0,3050.0,20767450.0,202583
2023-05-09 21:05:31,SR2311,SR311,6810.0,3.0,20427.0,0.0,3,6810.0,6811.0,22,6790.0,6825.0,6825.0,6802.0,3053.0,20787877.0,202583
2023-05-09 21:05:31,SR2311,SR311,6811.0,2.0,13618.0,-1.0,2,6810.0,6812.0,147,6790.0,6825.0,6825.0,6802.0,3055.0,20801495.0,202582
2023-05-09 21:05:32,SR2311,SR311,6811.0,2.0,13618.0,-2.0,1,6811.0,6812.0,57,6790.0,6825.0,6825.0,6802.0,3057.0,20815113.0,202580
2023-05-09 21:05:32,SR2311,SR311,6811.0,0.0,0.0,0.0,1,6811.0,6812.0,35,6790.0,6825.0,6825.0,6802.0,3057.0,20815113.0,202580
2023-05-09 21:05:33,SR2311,SR311,6811.0,0.0,0.0,0.0,2,6811.0,6812.0,15,6790.0,6825.0,6825.0,6802.0,3057.0,20815113.0,202580
2023-05-09 21:05:33,SR2311,SR311,6811.0,0.0,0.0,0.0,1,6811.0,6812.0,17,6790.0,6825.0,6825.0,6802.0,3057.0,20815113.0,202580
2023-05-09 21:05:33,SR2311,SR311,6811.0,0.0,0.0,0.0,1,6811.0,6812.0,37,6790.0,6825.0,6825.0,6802.0,3057.0,20815113.0,202580
2023-05-09 21:05:34,SR2311,SR311,6811.0,1.0,6809.0,0.0,13,6810.0,6812.0,57,6790.0,6825.0,6825.0,6802.0,3058.0,20821922.0,202580
2023-05-09 21:05:35,SR2311,SR311,6811.0,0.0,0.0,0.0,3,6810.0,6811.0,9,6790.0,6825.0,6825.0,6802.0,3058.0,20821922.0,202580
2023-05-09 21:05:35,SR2311,SR311,6811.0,0.0,0.0,0.0,3,6810.0,6811.0,5,6790.0,6825.0,6825.0,6802.0,3058.0,20821922.0,202580
2023-05-09 21:05:36,SR2311,SR311,6811.0,1.0,6809.0,0.0,2,6810.0,6812.0,137,6790.0,6825.0,6825.0,6802.0,3059.0,20828731.0,202580
2023-05-09 21:05:36,SR2311,SR311,6811.0,0.0,0.0,0.0,20,6811.0,6812.0,47,6790.0,6825.0,6825.0,6802.0,3059.0,20828731.0,202580
2023-05-09 21:05:37,SR2311,SR311,6811.0,4.0,27236.0,-4.0,16,6811.0,6812.0,15,6790.0,6825.0,6825.0,6802.0,3063.0,20855967.0,202576
2023-05-09 21:05:37,SR2311,SR311,6811.0,1.0,6809.0,-1.0,15,6811.0,6812.0,24,6790.0,6825.0,6825.0,6802.0,3064.0,20862776.0,202575
2023-05-09 21:05:37,SR2311,SR311,6811.0,0.0,0.0,0.0,16,6811.0,6812.0,14,6790.0,6825.0,6825.0,6802.0,3064.0,20862776.0,202575
2023-05-09 21:05:38,SR2311,SR311,6811.0,0.0,0.0,0.0,15,6811.0,6812.0,16,6790.0,6825.0,6825.0,6802.0,3064.0,20862776.0,202575
2023-05-09 21:05:39,SR2311,SR311,6811.0,0.0,0.0,0.0,15,6811.0,6812.0,15,6790.0,6825.0,6825.0,6802.0,3064.0,20862776.0,202575
2023-05-09 21:05:39,SR2311,SR311,6811.0,15.0,102135.0,-15.0,134,6810.0,6812.0,14,6790.0,6825.0,6825.0,6802.0,3079.0,20964911.0,202560
2023-05-09 21:05:40,SR2311,SR311,6811.0,0.0,0.0,0.0,63,6810.0,6812.0,27,6790.0,6825.0,6825.0,6802.0,3079.0,20964911.0,202560
2023-05-09 21:05:40,SR2311,SR311,6811.0,0.0,0.0,0.0,4,6810.0,6811.0,1,6790.0,6825.0,6825.0,6802.0,3079.0,20964911.0,202560
2023-05-09 21:05:42,SR2311,SR311,6811.0,0.0,0.0,0.0,3,6810.0,6811.0,1,6790.0,6825.0,6825.0,6802.0,3079.0,20964911.0,202560
2023-05-09 21:05:42,SR2311,SR311,6811.0,0.0,0.0,0.0,3,6810.0,6811.0,2,6790.0,6825.0,6825.0,6802.0,3079.0,20964911.0,202560
2023-05-09 21:05:43,SR2311,SR311,6811.0,0.0,0.0,0.0,2,6810.0,6811.0,5,6790.0,6825.0,6825.0,6802.0,3079.0,20964911.0,202560
2023-05-09 21:05:44,SR2311,SR311,6809.0,3.0,20427.0,-1.0,87,6809.0,6810.0,2,6790.0,6825.0,6825.0,6802.0,3082.0,20985338.0,202559
2023-05-09 21:05:44,SR2311,SR311,6809.0,0.0,0.0,0.0,17,6809.0,6810.0,1,6790.0,6825.0,6825.0,6802.0,3082.0,20985338.0,202559
2023-05-09 21:05:44,SR2311,SR311,6809.0,1.0,6809.0,0.0,16,6809.0,6810.0,1,6790.0,6825.0,6825.0,6802.0,3083.0,20992147.0,202559
2023-05-09 21:05:46,SR2311,SR311,6809.0,0.0,0.0,0.0,6,6809.0,6810.0,1,6790.0,6825.0,6825.0,6802.0,3083.0,20992147.0,202559
2023-05-09 21:05:47,SR2311,SR311,6809.0,6.0,40854.0,-1.0,152,6808.0,6809.0,1,6790.0,6825.0,6825.0,6802.0,3089.0,21033001.0,202558
2023-05-09 21:05:48,SR2311,SR311,6809.0,0.0,0.0,0.0,11,6808.0,6809.0,13,6790.0,6825.0,6825.0,6802.0,3089.0,21033001.0,202558
2023-05-09 21:05:48,SR2311,SR311,6809.0,0.0,0.0,0.0,1,6808.0,6809.0,13,6790.0,6825.0,6825.0,6802.0,3089.0,21033001.0,202558
2023-05-09 21:05:49,SR2311,SR311,6809.0,0.0,0.0,0.0,2,6808.0,6809.0,12,6790.0,6825.0,6825.0,6802.0,3089.0,21033001.0,202558
2023-05-09 21:05:50,SR2311,SR311,6809.0,0.0,0.0,0.0,1,6808.0,6809.0,12,6790.0,6825.0,6825.0,6802.0,3089.0,21033001.0,202558
2023-05-09 21:05:50,SR2311,SR311,6808.0,1.0,6809.0,0.0,120,6807.0,6808.0,2,6790.0,6825.0,6825.0,6802.0,3090.0,21039810.0,202558
2023-05-09 21:05:51,SR2311,SR311,6808.0,0.0,0.0,0.0,61,6807.0,6809.0,44,6790.0,6825.0,6825.0,6802.0,3090.0,21039810.0,202558
2023-05-09 21:05:51,SR2311,SR311,6808.0,0.0,0.0,0.0,71,6807.0,6809.0,14,6790.0,6825.0,6825.0,6802.0,3090.0,21039810.0,202558
2023-05-09 21:05:52,SR2311,SR311,6808.0,0.0,0.0,0.0,2,6808.0,6809.0,14,6790.0,6825.0,6825.0,6802.0,3090.0,21039810.0,202558
2023-05-09 21:05:52,SR2311,SR311,6808.0,0.0,0.0,0.0,1,6808.0,6809.0,14,6790.0,6825.0,6825.0,6802.0,3090.0,21039810.0,202558
2023-05-09 21:05:53,SR2311,SR311,6808.0,1.0,6809.0,1.0,1,6808.0,6809.0,14,6790.0,6825.0,6825.0,6802.0,3091.0,21046619.0,202559
2023-05-09 21:05:54,SR2311,SR311,6809.0,5.0,34045.0,4.0,23,6808.0,6810.0,131,6790.0,6825.0,6825.0,6802.0,3096.0,21080664.0,202563
2023-05-09 21:05:54,SR2311,SR311,6809.0,0.0,0.0,0.0,1,6809.0,6810.0,11,6790.0,6825.0,6825.0,6802.0,3096.0,21080664.0,202563
2023-05-09 21:05:55,SR2311,SR311,6809.0,0.0,0.0,0.0,104,6808.0,6810.0,4,6790.0,6825.0,6825.0,6802.0,3096.0,21080664.0,202563
2023-05-09 21:05:55,SR2311,SR311,6809.0,0.0,0.0,0.0,1,6809.0,6810.0,3,6790.0,6825.0,6825.0,6802.0,3096.0,21080664.0,202563
2023-05-09 21:05:55,SR2311,SR311,6809.0,0.0,0.0,0.0,1,6809.0,6810.0,1,6790.0,6825.0,6825.0,6802.0,3096.0,21080664.0,202563
2023-05-09 21:05:56,SR2311,SR311,6809.0,0.0,0.0,0.0,13,6809.0,6810.0,1,6790.0,6825.0,6825.0,6802.0,3096.0,21080664.0,202563
2023-05-09 21:05:57,SR2311,SR311,6809.0,0.0,0.0,0.0,3,6809.0,6810.0,3,6790.0,6825.0,6825.0,6802.0,3096.0,21080664.0,202563
2023-05-09 21:05:58,SR2311,SR311,6809.0,0.0,0.0,0.0,2,6809.0,6810.0,3,6790.0,6825.0,6825.0,6802.0,3096.0,21080664.0,202563
2023-05-09 21:05:58,SR2311,SR311,6809.0,0.0,0.0,0.0,3,6809.0,6810.0,3,6790.0,6825.0,6825.0,6802.0,3096.0,21080664.0,202563
2023-05-09 21:05:58,SR2311,SR311,6809.0,0.0,0.0,0.0,3,6809.0,6810.0,4,6790.0,6825.0,6825.0,6802.0,3096.0,21080664.0,202563
2023-05-09 21:05:59,SR2311,SR311,6809.0,0.0,0.0,0.0,2,6809.0,6810.0,4,6790.0,6825.0,6825.0,6802.0,3096.0,21080664.0,202563
2023-05-09 21:05:59,SR2311,SR311,6809.0,0.0,0.0,0.0,2,6809.0,6810.0,5,6790.0,6825.0,6825.0,6802.0,3096.0,21080664.0,202563
2023-05-09 21:06:00,SR2311,SR311,6809.0,0.0,0.0,0.0,2,6809.0,6810.0,6,6790.0,6825.0,6825.0,6802.0,3096.0,21080664.0,202563
2023-05-09 21:06:01,SR2311,SR311,6809.0,2.0,13618.0,0.0,120,6808.0,6810.0,6,6790.0,6825.0,6825.0,6802.0,3098.0,21094282.0,202563
2023-05-09 21:06:01,SR2311,SR311,6809.0,0.0,0.0,0.0,90,6808.0,6810.0,6,6790.0,6825.0,6825.0,6802.0,3098.0,21094282.0,202563
2023-05-09 21:06:02,SR2311,SR311,6809.0,0.0,0.0,0.0,60,6808.0,6810.0,5,6790.0,6825.0,6825.0,6802.0,3098.0,21094282.0,202563
2023-05-09 21:06:02,SR2311,SR311,6809.0,0.0,0.0,0.0,80,6808.0,6810.0,5,6790.0,6825.0,6825.0,6802.0,3098.0,21094282.0,202563
2023-05-09 21:06:03,SR2311,SR311,6809.0,0.0,0.0,0.0,38,6808.0,6809.0,30,6790.0,6825.0,6825.0,6802.0,3098.0,21094282.0,202563
2023-05-09 21:06:03,SR2311,SR311,6809.0,0.0,0.0,0.0,9,6808.0,6810.0,106,6790.0,6825.0,6825.0,6802.0,3098.0,21094282.0,202563
2023-05-09 21:06:04,SR2311,SR311,6809.0,0.0,0.0,0.0,8,6808.0,6810.0,56,6790.0,6825.0,6825.0,6802.0,3098.0,21094282.0,202563
2023-05-09 21:06:04,SR2311,SR311,6809.0,0.0,0.0,0.0,9,6808.0,6810.0,37,6790.0,6825.0,6825.0,6802.0,3098.0,21094282.0,202563
2023-05-09 21:06:05,SR2311,SR311,6809.0,0.0,0.0,0.0,9,6808.0,6810.0,67,6790.0,6825.0,6825.0,6802.0,3098.0,21094282.0,202563
2023-05-09 21:06:06,SR2311,SR311,6809.0,1.0,6809.0,0.0,9,6808.0,6810.0,37,6790.0,6825.0,6825.0,6802.0,3099.0,21101091.0,202563
2023-05-09 21:06:06,SR2311,SR311,6810.0,1.0,6809.0,-1.0,1,6809.0,6810.0,25,6790.0,6825.0,6825.0,6802.0,3100.0,21107900.0,202562
2023-05-09 21:06:07,SR2311,SR311,6810.0,0.0,0.0,0.0,1,6809.0,6810.0,5,6790.0,6825.0,6825.0,6802.0,3100.0,21107900.0,202562
2023-05-09 21:06:07,SR2311,SR311,6810.0,0.0,0.0,0.0,1,6809.0,6810.0,25,6790.0,6825.0,6825.0,6802.0,3100.0,21107900.0,202562
2023-05-09 21:06:07,SR2311,SR311,6810.0,0.0,0.0,0.0,1,6809.0,6810.0,26,6790.0,6825.0,6825.0,6802.0,3100.0,21107900.0,202562
2023-05-09 21:06:08,SR2311,SR311,6809.0,1.0,6809.0,1.0,111,6808.0,6809.0,1,6790.0,6825.0,6825.0,6802.0,3101.0,21114709.0,202563
2023-05-09 21:06:09,SR2311,SR311,6809.0,0.0,0.0,0.0,21,6808.0,6809.0,1,6790.0,6825.0,6825.0,6802.0,3101.0,21114709.0,202563
2023-05-09 21:06:09,SR2311,SR311,6809.0,0.0,0.0,0.0,11,6808.0,6809.0,2,6790.0,6825.0,6825.0,6802.0,3101.0,21114709.0,202563
2023-05-09 21:06:10,SR2311,SR311,6809.0,1.0,6809.0,0.0,10,6808.0,6809.0,3,6790.0,6825.0,6825.0,6802.0,3102.0,21121518.0,202563
2023-05-09 21:06:11,SR2311,SR311,6809.0,0.0,0.0,0.0,10,6808.0,6809.0,13,6790.0,6825.0,6825.0,6802.0,3102.0,21121518.0,202563
2023-05-09 21:06:11,SR2311,SR311,6809.0,1.0,6809.0,0.0,9,6808.0,6809.0,13,6790.0,6825.0,6825.0,6802.0,3103.0,21128327.0,202563
2023-05-09 21:06:11,SR2311,SR311,6808.0,1.0,6809.0,-1.0,10,6808.0,6809.0,12,6790.0,6825.0,6825.0,6802.0,3104.0,21135136.0,202562
2023-05-09 21:06:12,SR2311,SR311,6808.0,0.0,0.0,0.0,9,6808.0,6809.0,12,6790.0,6825.0,6825.0,6802.0,3104.0,21135136.0,202562
2023-05-09 21:06:13,SR2311,SR311,6808.0,0.0,0.0,0.0,8,6808.0,6809.0,3,6790.0,6825.0,6825.0,6802.0,3104.0,21135136.0,202562
2023-05-09 21:06:13,SR2311,SR311,6808.0,0.0,0.0,0.0,9,6808.0,6809.0,2,6790.0,6825.0,6825.0,6802.0,3104.0,21135136.0,202562
2023-05-09 21:06:15,SR2311,SR311,6808.0,0.0,0.0,0.0,10,6808.0,6809.0,2,6790.0,6825.0,6825.0,6802.0,3104.0,21135136.0,202562
2023-05-09 21:06:15,SR2311,SR311,6808.0,5.0,34045.0,-1.0,3,6808.0,6809.0,26,6790.0,6825.0,6825.0,6802.0,3109.0,21169181.0,202561
2023-05-09 21:06:16,SR2311,SR311,6808.0,3.0,20427.0,-1.0,39,6807.0,6808.0,7,6790.0,6825.0,6825.0,6802.0,3112.0,21189608.0,202560
2023-05-09 21:06:16,SR2311,SR311,6808.0,0.0,0.0,0.0,9,6807.0,6808.0,1,6790.0,6825.0,6825.0,6802.0,3112.0,21189608.0,202560
2023-05-09 21:06:17,SR2311,SR311,6808.0,1.0,6809.0,0.0,9,6807.0,6809.0,96,6790.0,6825.0,6825.0,6802.0,3113.0,21196417.0,202560
2023-05-09 21:06:18,SR2311,SR311,6808.0,0.0,0.0,0.0,9,6807.0,6809.0,76,6790.0,6825.0,6825.0,6802.0,3113.0,21196417.0,202560
2023-05-09 21:06:18,SR2311,SR311,6808.0,0.0,0.0,0.0,7,6807.0,6808.0,7,6790.0,6825.0,6825.0,6802.0,3113.0,21196417.0,202560
2023-05-09 21:06:19,SR2311,SR311,6808.0,0.0,0.0,0.0,6,6807.0,6808.0,21,6790.0,6825.0,6825.0,6802.0,3113.0,21196417.0,202560
2023-05-09 21:06:19,SR2311,SR311,6807.0,1.0,6809.0,-1.0,5,6807.0,6808.0,22,6790.0,6825.0,6825.0,6802.0,3114.0,21203226.0,202559
2023-05-09 21:06:19,SR2311,SR311,6807.0,0.0,0.0,0.0,5,6807.0,6808.0,21,6790.0,6825.0,6825.0,6802.0,3114.0,21203226.0,202559
2023-05-09 21:06:20,SR2311,SR311,6807.0,0.0,0.0,0.0,5,6807.0,6808.0,22,6790.0,6825.0,6825.0,6802.0,3114.0,21203226.0,202559
2023-05-09 21:06:21,SR2311,SR311,6807.0,5.0,34045.0,-5.0,104,6806.0,6808.0,23,6790.0,6825.0,6825.0,6802.0,3119.0,21237271.0,202554
2023-05-09 21:06:21,SR2311,SR311,6807.0,0.0,0.0,0.0,64,6806.0,6808.0,23,6790.0,6825.0,6825.0,6802.0,3119.0,21237271.0,202554
2023-05-09 21:06:21,SR2311,SR311,6807.0,0.0,0.0,0.0,54,6806.0,6808.0,23,6790.0,6825.0,6825.0,6802.0,3119.0,21237271.0,202554
2023-05-09 21:06:22,SR2311,SR311,6807.0,0.0,0.0,0.0,2,6807.0,6808.0,13,6790.0,6825.0,6825.0,6802.0,3119.0,21237271.0,202554
2023-05-09 21:06:23,SR2311,SR311,6807.0,0.0,0.0,0.0,114,6806.0,6808.0,13,6790.0,6825.0,6825.0,6802.0,3119.0,21237271.0,202554
2023-05-09 21:06:23,SR2311,SR311,6807.0,0.0,0.0,0.0,94,6806.0,6808.0,13,6790.0,6825.0,6825.0,6802.0,3119.0,21237271.0,202554
2023-05-09 21:06:24,SR2311,SR311,6807.0,0.0,0.0,0.0,2,6807.0,6808.0,10,6790.0,6825.0,6825.0,6802.0,3119.0,21237271.0,202554
2023-05-09 21:06:24,SR2311,SR311,6807.0,2.0,13618.0,2.0,114,6806.0,6808.0,8,6790.0,6825.0,6825.0,6802.0,3121.0,21250889.0,202556
2023-05-09 21:06:25,SR2311,SR311,6807.0,0.0,0.0,0.0,64,6806.0,6808.0,8,6790.0,6825.0,6825.0,6802.0,3121.0,21250889.0,202556
2023-05-09 21:06:25,SR2311,SR311,6807.0,0.0,0.0,0.0,54,6806.0,6808.0,8,6790.0,6825.0,6825.0,6802.0,3121.0,21250889.0,202556
2023-05-09 21:06:26,SR2311,SR311,6807.0,0.0,0.0,0.0,44,6806.0,6808.0,36,6790.0,6825.0,6825.0,6802.0,3121.0,21250889.0,202556
2023-05-09 21:06:26,SR2311,SR311,6807.0,0.0,0.0,0.0,44,6806.0,6808.0,18,6790.0,6825.0,6825.0,6802.0,3121.0,21250889.0,202556
2023-05-09 21:06:26,SR2311,SR311,6807.0,0.0,0.0,0.0,34,6806.0,6808.0,18,6790.0,6825.0,6825.0,6802.0,3121.0,21250889.0,202556
2023-05-09 21:06:27,SR2311,SR311,6807.0,0.0,0.0,0.0,23,6806.0,6808.0,18,6790.0,6825.0,6825.0,6802.0,3121.0,21250889.0,202556
2023-05-09 21:06:28,SR2311,SR311,6807.0,0.0,0.0,0.0,12,6806.0,6807.0,12,6790.0,6825.0,6825.0,6802.0,3121.0,21250889.0,202556
2023-05-09 21:06:28,SR2311,SR311,6806.0,5.0,34045.0,0.0,6,6806.0,6807.0,14,6790.0,6825.0,6825.0,6802.0,3126.0,21284934.0,202556
2023-05-09 21:06:29,SR2311,SR311,6806.0,0.0,0.0,0.0,6,6806.0,6807.0,15,6790.0,6825.0,6825.0,6802.0,3126.0,21284934.0,202556
2023-05-09 21:06:29,SR2311,SR311,6806.0,0.0,0.0,0.0,7,6806.0,6807.0,15,6790.0,6825.0,6825.0,6802.0,3126.0,21284934.0,202556
2023-05-09 21:06:31,SR2311,SR311,6806.0,7.0,47663.0,3.0,129,6805.0,6807.0,15,6790.0,6825.0,6825.0,6802.0,3133.0,21332597.0,202559
2023-05-09 21:06:31,SR2311,SR311,6806.0,0.0,0.0,0.0,69,6805.0,6807.0,15,6790.0,6825.0,6825.0,6802.0,3133.0,21332597.0,202559
2023-05-09 21:06:32,SR2311,SR311,6806.0,0.0,0.0,0.0,49,6805.0,6807.0,15,6790.0,6825.0,6825.0,6802.0,3133.0,21332597.0,202559
2023-05-09 21:06:32,SR2311,SR311,6806.0,0.0,0.0,0.0,49,6805.0,6806.0,2,6790.0,6825.0,6825.0,6802.0,3133.0,21332597.0,202559
2023-05-09 21:06:33,SR2311,SR311,6806.0,0.0,0.0,0.0,40,6805.0,6807.0,64,6790.0,6825.0,6825.0,6802.0,3133.0,21332597.0,202559
2023-05-09 21:06:33,SR2311,SR311,6806.0,0.0,0.0,0.0,60,6805.0,6807.0,15,6790.0,6825.0,6825.0,6802.0,3133.0,21332597.0,202559
2023-05-09 21:06:34,SR2311,SR311,6806.0,0.0,0.0,0.0,19,6805.0,6806.0,2,6790.0,6825.0,6825.0,6802.0,3133.0,21332597.0,202559
2023-05-09 21:06:34,SR2311,SR311,6806.0,1.0,6809.0,0.0,30,6805.0,6807.0,74,6790.0,6825.0,6825.0,6802.0,3134.0,21339406.0,202559
2023-05-09 21:06:35,SR2311,SR311,6806.0,0.0,0.0,0.0,40,6805.0,6807.0,25,6790.0,6825.0,6825.0,6802.0,3134.0,21339406.0,202559
2023-05-09 21:06:35,SR2311,SR311,6806.0,0.0,0.0,0.0,9,6805.0,6806.0,2,6790.0,6825.0,6825.0,6802.0,3134.0,21339406.0,202559
2023-05-09 21:06:36,SR2311,SR311,6806.0,0.0,0.0,0.0,4,6805.0,6806.0,3,6790.0,6825.0,6825.0,6802.0,3134.0,21339406.0,202559
2023-05-09 21:06:37,SR2311,SR311,6806.0,0.0,0.0,0.0,5,6805.0,6806.0,2,6790.0,6825.0,6825.0,6802.0,3134.0,21339406.0,202559
2023-05-09 21:06:37,SR2311,SR311,6805.0,2.0,13618.0,-1.0,1,6805.0,6806.0,1,6790.0,6825.0,6825.0,6802.0,3136.0,21353024.0,202558
2023-05-09 21:06:37,SR2311,SR311,6805.0,0.0,0.0,0.0,1,6805.0,6806.0,13,6790.0,6825.0,6825.0,6802.0,3136.0,21353024.0,202558
2023-05-09 21:06:38,SR2311,SR311,6805.0,0.0,0.0,0.0,1,6805.0,6806.0,14,6790.0,6825.0,6825.0,6802.0,3136.0,21353024.0,202558
2023-05-09 21:06:39,SR2311,SR311,6805.0,1.0,6809.0,0.0,96,6804.0,6806.0,14,6790.0,6825.0,6825.0,6802.0,3137.0,21359833.0,202558
2023-05-09 21:06:40,SR2311,SR311,6805.0,0.0,0.0,0.0,46,6804.0,6806.0,15,6790.0,6825.0,6825.0,6802.0,3137.0,21359833.0,202558
2023-05-09 21:06:40,SR2311,SR311,6805.0,0.0,0.0,0.0,26,6804.0,6806.0,15,6790.0,6825.0,6825.0,6802.0,3137.0,21359833.0,202558
2023-05-09 21:06:41,SR2311,SR311,6805.0,0.0,0.0,0.0,16,6804.0,6805.0,1,6790.0,6825.0,6825.0,6802.0,3137.0,21359833.0,202558
2023-05-09 21:06:41,SR2311,SR311,6805.0,0.0,0.0,0.0,26,6804.0,6805.0,1,6790.0,6825.0,6825.0,6802.0,3137.0,21359833.0,202558
2023-05-09 21:06:41,SR2311,SR311,6805.0,0.0,0.0,0.0,25,6804.0,6805.0,1,6790.0,6825.0,6825.0,6802.0,3137.0,21359833.0,202558
2023-05-09 21:06:42,SR2311,SR311,6805.0,1.0,6809.0,1.0,24,6804.0,6805.0,1,6790.0,6825.0,6825.0,6802.0,3138.0,21366642.0,202559
2023-05-09 21:06:43,SR2311,SR311,6805.0,0.0,0.0,0.0,26,6804.0,6805.0,1,6790.0,6825.0,6825.0,6802.0,3138.0,21366642.0,202559
2023-05-09 21:06:43,SR2311,SR311,6805.0,1.0,6809.0,1.0,25,6804.0,6806.0,84,6790.0,6825.0,6825.0,6802.0,3139.0,21373451.0,202560
2023-05-09 21:06:44,SR2311,SR311,6805.0,0.0,0.0,0.0,26,6804.0,6806.0,34,6790.0,6825.0,6825.0,6802.0,3139.0,21373451.0,202560
2023-05-09 21:06:44,SR2311,SR311,6805.0,0.0,0.0,0.0,15,6804.0,6806.0,35,6790.0,6825.0,6825.0,6802.0,3139.0,21373451.0,202560
2023-05-09 21:06:45,SR2311,SR311,6805.0,0.0,0.0,0.0,14,6804.0,6805.0,1,6790.0,6825.0,6825.0,6802.0,3139.0,21373451.0,202560
2023-05-09 21:06:46,SR2311,SR311,6805.0,0.0,0.0,0.0,25,6804.0,6806.0,74,6790.0,6825.0,6825.0,6802.0,3139.0,21373451.0,202560
2023-05-09 21:06:46,SR2311,SR311,6805.0,0.0,0.0,0.0,25,6804.0,6806.0,44,6790.0,6825.0,6825.0,6802.0,3139.0,21373451.0,202560
2023-05-09 21:06:46,SR2311,SR311,6805.0,0.0,0.0,0.0,15,6804.0,6806.0,35,6790.0,6825.0,6825.0,6802.0,3139.0,21373451.0,202560
2023-05-09 21:06:48,SR2311,SR311,6805.0,0.0,0.0,0.0,16,6804.0,6806.0,35,6790.0,6825.0,6825.0,6802.0,3139.0,21373451.0,202560
2023-05-09 21:06:48,SR2311,SR311,6805.0,0.0,0.0,0.0,36,6804.0,6806.0,15,6790.0,6825.0,6825.0,6802.0,3139.0,21373451.0,202560
2023-05-09 21:06:48,SR2311,SR311,6806.0,1.0,6809.0,-1.0,36,6804.0,6806.0,15,6790.0,6825.0,6825.0,6802.0,3140.0,21380260.0,202559
2023-05-09 21:06:49,SR2311,SR311,6806.0,0.0,0.0,0.0,36,6804.0,6805.0,1,6790.0,6825.0,6825.0,6802.0,3140.0,21380260.0,202559
2023-05-09 21:06:50,SR2311,SR311,6804.0,2.0,13618.0,-1.0,25,6804.0,6806.0,54,6790.0,6825.0,6825.0,6802.0,3142.0,21393878.0,202558
2023-05-09 21:06:50,SR2311,SR311,6804.0,1.0,6809.0,1.0,24,6804.0,6806.0,24,6790.0,6825.0,6825.0,6802.0,3143.0,21400687.0,202559
2023-05-09 21:06:51,SR2311,SR311,6804.0,0.0,0.0,0.0,34,6804.0,6806.0,15,6790.0,6825.0,6825.0,6802.0,3143.0,21400687.0,202559
2023-05-09 21:06:53,SR2311,SR311,6806.0,3.0,20427.0,0.0,2,6805.0,6806.0,32,6790.0,6825.0,6825.0,6802.0,3146.0,21421114.0,202559
2023-05-09 21:06:53,SR2311,SR311,6805.0,1.0,6809.0,0.0,104,6804.0,6806.0,31,6790.0,6825.0,6825.0,6802.0,3147.0,21427923.0,202559
2023-05-09 21:06:54,SR2311,SR311,6805.0,0.0,0.0,0.0,3,6805.0,6806.0,4,6790.0,6825.0,6825.0,6802.0,3147.0,21427923.0,202559
2023-05-09 21:06:54,SR2311,SR311,6806.0,2.0,13618.0,-1.0,22,6805.0,6806.0,2,6790.0,6825.0,6825.0,6802.0,3149.0,21441541.0,202558
2023-05-09 21:06:55,SR2311,SR311,6805.0,1.0,6809.0,0.0,185,6804.0,6806.0,2,6790.0,6825.0,6825.0,6802.0,3150.0,21448350.0,202558
2023-05-09 21:06:55,SR2311,SR311,6805.0,0.0,0.0,0.0,105,6804.0,6806.0,28,6790.0,6825.0,6825.0,6802.0,3150.0,21448350.0,202558
2023-05-09 21:06:56,SR2311,SR311,6805.0,0.0,0.0,0.0,75,6804.0,6806.0,20,6790.0,6825.0,6825.0,6802.0,3150.0,21448350.0,202558
2023-05-09 21:06:56,SR2311,SR311,6805.0,0.0,0.0,0.0,65,6804.0,6806.0,20,6790.0,6825.0,6825.0,6802.0,3150.0,21448350.0,202558
2023-05-09 21:06:57,SR2311,SR311,6805.0,0.0,0.0,0.0,55,6804.0,6806.0,15,6790.0,6825.0,6825.0,6802.0,3150.0,21448350.0,202558
2023-05-09 21:06:58,SR2311,SR311,6805.0,0.0,0.0,0.0,75,6804.0,6806.0,9,6790.0,6825.0,6825.0,6802.0,3150.0,21448350.0,202558
2023-05-09 21:06:58,SR2311,SR311,6805.0,0.0,0.0,0.0,1,6805.0,6806.0,4,6790.0,6825.0,6825.0,6802.0,3150.0,21448350.0,202558
2023-05-09 21:06:59,SR2311,SR311,6805.0,0.0,0.0,0.0,11,6805.0,6806.0,4,6790.0,6825.0,6825.0,6802.0,3150.0,21448350.0,202558
2023-05-09 21:06:59,SR2311,SR311,6805.0,0.0,0.0,0.0,1,6805.0,6806.0,4,6790.0,6825.0,6825.0,6802.0,3150.0,21448350.0,202558
2023-05-09 21:07:00,SR2311,SR311,6805.0,0.0,0.0,0.0,135,6804.0,6806.0,11,6790.0,6825.0,6825.0,6802.0,3150.0,21448350.0,202558
2023-05-09 21:07:00,SR2311,SR311,6806.0,5.0,34045.0,0.0,105,6804.0,6806.0,20,6790.0,6825.0,6825.0,6802.0,3155.0,21482395.0,202558
2023-05-09 21:07:01,SR2311,SR311,6806.0,0.0,0.0,0.0,63,6804.0,6805.0,4,6790.0,6825.0,6825.0,6802.0,3155.0,21482395.0,202558
2023-05-09 21:07:01,SR2311,SR311,6806.0,0.0,0.0,0.0,16,6804.0,6806.0,91,6790.0,6825.0,6825.0,6802.0,3155.0,21482395.0,202558
2023-05-09 21:07:01,SR2311,SR311,6806.0,0.0,0.0,0.0,16,6804.0,6805.0,4,6790.0,6825.0,6825.0,6802.0,3155.0,21482395.0,202558
2023-05-09 21:07:02,SR2311,SR311,6804.0,15.0,102135.0,-2.0,196,6803.0,6805.0,25,6790.0,6825.0,6825.0,6802.0,3170.0,21584530.0,202556
2023-05-09 21:07:03,SR2311,SR311,6804.0,0.0,0.0,0.0,46,6803.0,6805.0,57,6790.0,6825.0,6825.0,6802.0,3170.0,21584530.0,202556
2023-05-09 21:07:03,SR2311,SR311,6804.0,0.0,0.0,0.0,26,6803.0,6805.0,61,6790.0,6825.0,6825.0,6802.0,3170.0,21584530.0,202556
2023-05-09 21:07:04,SR2311,SR311,6804.0,0.0,0.0,0.0,45,6803.0,6805.0,61,6790.0,6825.0,6825.0,6802.0,3170.0,21584530.0,202556
2023-05-09 21:07:04,SR2311,SR311,6803.0,2.0,13618.0,0.0,23,6803.0,6805.0,102,6790.0,6825.0,6825.0,6802.0,3172.0,21598148.0,202556
2023-05-09 21:07:05,SR2311,SR311,6803.0,0.0,0.0,0.0,24,6803.0,6805.0,131,6790.0,6825.0,6825.0,6802.0,3172.0,21598148.0,202556
2023-05-09 21:07:05,SR2311,SR311,6803.0,0.0,0.0,0.0,54,6803.0,6805.0,110,6790.0,6825.0,6825.0,6802.0,3172.0,21598148.0,202556
2023-05-09 21:07:06,SR2311,SR311,6805.0,77.0,524293.0,66.0,10,6805.0,6806.0,131,6790.0,6825.0,6825.0,6802.0,3249.0,22122441.0,202622
2023-05-09 21:07:06,SR2311,SR311,6806.0,42.0,285978.0,9.0,25,6805.0,6806.0,1,6790.0,6825.0,6825.0,6802.0,3291.0,22408419.0,202631
2023-05-09 21:07:07,SR2311,SR311,6805.0,3.0,20427.0,-1.0,48,6805.0,6807.0,47,6790.0,6825.0,6825.0,6802.0,3294.0,22428846.0,202630
2023-05-09 21:07:07,SR2311,SR311,6805.0,0.0,0.0,0.0,70,6805.0,6807.0,16,6790.0,6825.0,6825.0,6802.0,3294.0,22428846.0,202630
2023-05-09 21:07:08,SR2311,SR311,6805.0,0.0,0.0,0.0,31,6806.0,6807.0,3,6790.0,6825.0,6825.0,6802.0,3294.0,22428846.0,202630
2023-05-09 21:07:08,SR2311,SR311,6806.0,3.0,20427.0,0.0,2,6806.0,6807.0,4,6790.0,6825.0,6825.0,6802.0,3297.0,22449273.0,202630
