time,symbol_id,symbol_name,last,trade_volume,trade_amount,open_interest_change,bv1,bp1,ap1,av1,yesterday_close,today_open,today_high,today_low,volume,amount,open_interest
2023-05-09 20:59:00,b2307,b2307,4053.0,2.0,81060.0,2.0,4,4049.0,4053.0,5,4056.0,4053.0,4053.0,4053.0,2.0,81060.0,23198
2023-05-09 21:00:00,b2307,b2307,4064.0,41.0,1663790.0,34.0,34,4056.0,4066.0,2,4056.0,4053.0,4064.0,4053.0,43.0,1744850.0,23232
2023-05-09 21:00:00,b2307,b2307,4064.0,17.0,690150.0,10.0,3,4058.0,4064.0,3,4056.0,4053.0,4064.0,4053.0,60.0,2435000.0,23242
2023-05-09 21:00:01,b2307,b2307,4058.0,17.0,689920.0,0.0,22,4056.0,4062.0,1,4056.0,4053.0,4064.0,4053.0,77.0,3124920.0,23242
2023-05-09 21:00:01,b2307,b2307,4060.0,22.0,892990.0,2.0,1,4058.0,4062.0,1,4056.0,4053.0,4064.0,4053.0,99.0,4017910.0,23244
2023-05-09 21:00:02,b2307,b2307,4059.0,7.0,284270.0,1.0,2,4059.0,4062.0,1,4056.0,4053.0,4064.0,4053.0,106.0,4302180.0,23245
2023-05-09 21:00:02,b2307,b2307,4057.0,37.0,1502450.0,11.0,9,4057.0,4062.0,3,4056.0,4053.0,4064.0,4053.0,143.0,5804630.0,23256
2023-05-09 21:00:03,b2307,b2307,4060.0,34.0,1379790.0,-3.0,16,4056.0,4062.0,2,4056.0,4053.0,4064.0,4053.0,177.0,7184420.0,23253
2023-05-09 21:00:03,b2307,b2307,4057.0,5.0,202870.0,-1.0,6,4056.0,4060.0,5,4056.0,4053.0,4064.0,4053.0,182.0,7387290.0,23252
2023-05-09 21:00:04,b2307,b2307,4058.0,9.0,365140.0,0.0,7,4055.0,4058.0,4,4056.0,4053.0,4064.0,4053.0,191.0,7752430.0,23252
2023-05-09 21:00:04,b2307,b2307,4058.0,13.0,527320.0,2.0,2,4055.0,4058.0,2,4056.0,4053.0,4064.0,4053.0,204.0,8279750.0,23254
2023-05-09 21:00:05,b2307,b2307,4058.0,0.0,0.0,0.0,6,4055.0,4058.0,7,4056.0,4053.0,4064.0,4053.0,204.0,8279750.0,23254
2023-05-09 21:00:05,b2307,b2307,4058.0,0.0,0.0,0.0,3,4055.0,4058.0,10,4056.0,4053.0,4064.0,4053.0,204.0,8279750.0,23254
2023-05-09 21:00:06,b2307,b2307,4058.0,3.0,121740.0,-2.0,4,4055.0,4057.0,2,4056.0,4053.0,4064.0,4053.0,207.0,8401490.0,23252
2023-05-09 21:00:06,b2307,b2307,4058.0,0.0,0.0,0.0,3,4055.0,4056.0,5,4056.0,4053.0,4064.0,4053.0,207.0,8401490.0,23252
2023-05-09 21:00:07,b2307,b2307,4055.0,11.0,446120.0,-1.0,2,4055.0,4057.0,9,4056.0,4053.0,4064.0,4053.0,218.0,8847610.0,23251
2023-05-09 21:00:07,b2307,b2307,4055.0,6.0,243360.0,1.0,1,4055.0,4057.0,10,4056.0,4053.0,4064.0,4053.0,224.0,9090970.0,23252
2023-05-09 21:00:08,b2307,b2307,4055.0,1.0,40550.0,0.0,10,4054.0,4057.0,13,4056.0,4053.0,4064.0,4053.0,225.0,9131520.0,23252
2023-05-09 21:00:08,b2307,b2307,4055.0,0.0,0.0,0.0,4,4054.0,4056.0,9,4056.0,4053.0,4064.0,4053.0,225.0,9131520.0,23252
2023-05-09 21:00:09,b2307,b2307,4056.0,1.0,40560.0,1.0,4,4054.0,4056.0,8,4056.0,4053.0,4064.0,4053.0,226.0,9172080.0,23253
2023-05-09 21:00:09,b2307,b2307,4054.0,1.0,40540.0,0.0,4,4054.0,4056.0,7,4056.0,4053.0,4064.0,4053.0,227.0,9212620.0,23253
2023-05-09 21:00:10,b2307,b2307,4052.0,30.0,1215850.0,-24.0,8,4051.0,4053.0,13,4056.0,4053.0,4064.0,4052.0,257.0,10428470.0,23229
2023-05-09 21:00:10,b2307,b2307,4053.0,3.0,121580.0,1.0,4,4051.0,4053.0,5,4056.0,4053.0,4064.0,4052.0,260.0,10550050.0,23230
2023-05-09 21:00:11,b2307,b2307,4053.0,0.0,0.0,0.0,5,4051.0,4053.0,7,4056.0,4053.0,4064.0,4052.0,260.0,10550050.0,23230
2023-05-09 21:00:11,b2307,b2307,4053.0,0.0,0.0,0.0,3,4051.0,4053.0,7,4056.0,4053.0,4064.0,4052.0,260.0,10550050.0,23230
2023-05-09 21:00:12,b2307,b2307,4053.0,0.0,0.0,0.0,2,4051.0,4053.0,6,4056.0,4053.0,4064.0,4052.0,260.0,10550050.0,23230
2023-05-09 21:00:12,b2307,b2307,4052.0,3.0,121540.0,-1.0,10,4050.0,4053.0,7,4056.0,4053.0,4064.0,4051.0,263.0,10671590.0,23229
2023-05-09 21:00:13,b2307,b2307,4052.0,0.0,0.0,0.0,4,4050.0,4053.0,11,4056.0,4053.0,4064.0,4051.0,263.0,10671590.0,23229
2023-05-09 21:00:13,b2307,b2307,4052.0,1.0,40520.0,-1.0,4,4050.0,4053.0,17,4056.0,4053.0,4064.0,4051.0,264.0,10712110.0,23228
2023-05-09 21:00:14,b2307,b2307,4052.0,0.0,0.0,0.0,3,4050.0,4053.0,17,4056.0,4053.0,4064.0,4051.0,264.0,10712110.0,23228
2023-05-09 21:00:14,b2307,b2307,4052.0,2.0,81050.0,1.0,4,4050.0,4053.0,16,4056.0,4053.0,4064.0,4051.0,266.0,10793160.0,23229
2023-05-09 21:00:15,b2307,b2307,4053.0,2.0,81050.0,0.0,7,4050.0,4053.0,15,4056.0,4053.0,4064.0,4051.0,268.0,10874210.0,23229
2023-05-09 21:00:15,b2307,b2307,4053.0,15.0,607950.0,2.0,5,4053.0,4054.0,8,4056.0,4053.0,4064.0,4051.0,283.0,11482160.0,23231
2023-05-09 21:00:16,b2307,b2307,4053.0,0.0,0.0,0.0,9,4053.0,4054.0,9,4056.0,4053.0,4064.0,4051.0,283.0,11482160.0,23231
2023-05-09 21:00:16,b2307,b2307,4053.0,0.0,0.0,0.0,7,4053.0,4054.0,9,4056.0,4053.0,4064.0,4051.0,283.0,11482160.0,23231
2023-05-09 21:00:17,b2307,b2307,4053.0,0.0,0.0,0.0,6,4053.0,4054.0,11,4056.0,4053.0,4064.0,4051.0,283.0,11482160.0,23231
2023-05-09 21:00:17,b2307,b2307,4053.0,0.0,0.0,0.0,8,4053.0,4054.0,9,4056.0,4053.0,4064.0,4051.0,283.0,11482160.0,23231
2023-05-09 21:00:18,b2307,b2307,4053.0,2.0,81060.0,2.0,3,4053.0,4054.0,10,4056.0,4053.0,4064.0,4051.0,285.0,11563220.0,23233
2023-05-09 21:00:18,b2307,b2307,4054.0,4.0,162130.0,0.0,4,4052.0,4054.0,10,4056.0,4053.0,4064.0,4051.0,289.0,11725350.0,23233
2023-05-09 21:00:19,b2307,b2307,4054.0,0.0,0.0,0.0,8,4051.0,4054.0,9,4056.0,4053.0,4064.0,4051.0,289.0,11725350.0,23233
2023-05-09 21:00:19,b2307,b2307,4054.0,0.0,0.0,0.0,5,4051.0,4054.0,14,4056.0,4053.0,4064.0,4051.0,289.0,11725350.0,23233
2023-05-09 21:00:20,b2307,b2307,4054.0,0.0,0.0,0.0,3,4051.0,4054.0,15,4056.0,4053.0,4064.0,4051.0,289.0,11725350.0,23233
2023-05-09 21:00:20,b2307,b2307,4054.0,0.0,0.0,0.0,3,4051.0,4054.0,14,4056.0,4053.0,4064.0,4051.0,289.0,11725350.0,23233
2023-05-09 21:00:21,b2307,b2307,4052.0,1.0,40520.0,0.0,4,4051.0,4053.0,4,4056.0,4053.0,4064.0,4051.0,290.0,11765870.0,23233
2023-05-09 21:00:21,b2307,b2307,4051.0,2.0,81030.0,-1.0,4,4051.0,4053.0,11,4056.0,4053.0,4064.0,4051.0,292.0,11846900.0,23232
2023-05-09 21:00:22,b2307,b2307,4051.0,4.0,162040.0,-4.0,9,4050.0,4053.0,7,4056.0,4053.0,4064.0,4051.0,296.0,12008940.0,23228
2023-05-09 21:00:24,b2307,b2307,4050.0,2.0,81000.0,1.0,8,4050.0,4053.0,5,4056.0,4053.0,4064.0,4050.0,298.0,12089940.0,23229
2023-05-09 21:00:25,b2307,b2307,4050.0,0.0,0.0,0.0,8,4050.0,4053.0,6,4056.0,4053.0,4064.0,4050.0,298.0,12089940.0,23229
2023-05-09 21:00:26,b2307,b2307,4050.0,0.0,0.0,0.0,4,4051.0,4053.0,5,4056.0,4053.0,4064.0,4050.0,298.0,12089940.0,23229
2023-05-09 21:00:26,b2307,b2307,4050.0,0.0,0.0,0.0,6,4051.0,4053.0,5,4056.0,4053.0,4064.0,4050.0,298.0,12089940.0,23229
2023-05-09 21:00:27,b2307,b2307,4050.0,0.0,0.0,0.0,6,4051.0,4053.0,6,4056.0,4053.0,4064.0,4050.0,298.0,12089940.0,23229
2023-05-09 21:00:27,b2307,b2307,4050.0,0.0,0.0,0.0,6,4051.0,4053.0,5,4056.0,4053.0,4064.0,4050.0,298.0,12089940.0,23229
2023-05-09 21:00:28,b2307,b2307,4050.0,0.0,0.0,0.0,6,4051.0,4052.0,3,4056.0,4053.0,4064.0,4050.0,298.0,12089940.0,23229
2023-05-09 21:00:28,b2307,b2307,4051.0,4.0,162040.0,-4.0,7,4050.0,4052.0,3,4056.0,4053.0,4064.0,4050.0,302.0,12251980.0,23225
2023-05-09 21:00:29,b2307,b2307,4051.0,0.0,0.0,0.0,2,4050.0,4052.0,3,4056.0,4053.0,4064.0,4050.0,302.0,12251980.0,23225
2023-05-09 21:00:29,b2307,b2307,4050.0,2.0,81000.0,-2.0,7,4049.0,4052.0,4,4056.0,4053.0,4064.0,4050.0,304.0,12332980.0,23223
2023-05-09 21:00:30,b2307,b2307,4050.0,0.0,0.0,0.0,7,4049.0,4051.0,2,4056.0,4053.0,4064.0,4050.0,304.0,12332980.0,23223
2023-05-09 21:00:30,b2307,b2307,4050.0,0.0,0.0,0.0,2,4049.0,4051.0,2,4056.0,4053.0,4064.0,4050.0,304.0,12332980.0,23223
2023-05-09 21:00:31,b2307,b2307,4050.0,0.0,0.0,0.0,9,4048.0,4051.0,2,4056.0,4053.0,4064.0,4050.0,304.0,12332980.0,23223
2023-05-09 21:00:31,b2307,b2307,4050.0,0.0,0.0,0.0,11,4048.0,4051.0,2,4056.0,4053.0,4064.0,4050.0,304.0,12332980.0,23223
2023-05-09 21:00:32,b2307,b2307,4050.0,0.0,0.0,0.0,7,4048.0,4050.0,2,4056.0,4053.0,4064.0,4050.0,304.0,12332980.0,23223
2023-05-09 21:00:32,b2307,b2307,4048.0,2.0,80960.0,-1.0,6,4047.0,4049.0,3,4056.0,4053.0,4064.0,4048.0,306.0,12413940.0,23222
2023-05-09 21:00:33,b2307,b2307,4048.0,0.0,0.0,0.0,1,4047.0,4048.0,3,4056.0,4053.0,4064.0,4048.0,306.0,12413940.0,23222
2023-05-09 21:00:33,b2307,b2307,4046.0,3.0,121390.0,-1.0,6,4045.0,4048.0,5,4056.0,4053.0,4064.0,4046.0,309.0,12535330.0,23221
2023-05-09 21:00:34,b2307,b2307,4046.0,0.0,0.0,0.0,7,4045.0,4047.0,2,4056.0,4053.0,4064.0,4046.0,309.0,12535330.0,23221
2023-05-09 21:00:34,b2307,b2307,4046.0,0.0,0.0,0.0,2,4045.0,4047.0,5,4056.0,4053.0,4064.0,4046.0,309.0,12535330.0,23221
2023-05-09 21:00:35,b2307,b2307,4046.0,1.0,40460.0,1.0,2,4045.0,4047.0,4,4056.0,4053.0,4064.0,4046.0,310.0,12575790.0,23222
2023-05-09 21:00:35,b2307,b2307,4046.0,0.0,0.0,0.0,2,4045.0,4047.0,3,4056.0,4053.0,4064.0,4046.0,310.0,12575790.0,23222
2023-05-09 21:00:36,b2307,b2307,4046.0,0.0,0.0,0.0,4,4045.0,4047.0,2,4056.0,4053.0,4064.0,4046.0,310.0,12575790.0,23222
2023-05-09 21:00:36,b2307,b2307,4046.0,0.0,0.0,0.0,2,4046.0,4047.0,1,4056.0,4053.0,4064.0,4046.0,310.0,12575790.0,23222
2023-05-09 21:00:37,b2307,b2307,4046.0,0.0,0.0,0.0,9,4045.0,4047.0,2,4056.0,4053.0,4064.0,4046.0,310.0,12575790.0,23222
2023-05-09 21:00:37,b2307,b2307,4046.0,0.0,0.0,0.0,4,4045.0,4047.0,2,4056.0,4053.0,4064.0,4046.0,310.0,12575790.0,23222
2023-05-09 21:00:38,b2307,b2307,4046.0,0.0,0.0,0.0,2,4045.0,4047.0,2,4056.0,4053.0,4064.0,4046.0,310.0,12575790.0,23222
2023-05-09 21:00:38,b2307,b2307,4046.0,0.0,0.0,0.0,4,4045.0,4047.0,2,4056.0,4053.0,4064.0,4046.0,310.0,12575790.0,23222
2023-05-09 21:00:39,b2307,b2307,4045.0,6.0,242720.0,-6.0,13,4044.0,4047.0,2,4056.0,4053.0,4064.0,4045.0,316.0,12818510.0,23216
2023-05-09 21:00:39,b2307,b2307,4045.0,0.0,0.0,0.0,10,4045.0,4047.0,2,4056.0,4053.0,4064.0,4045.0,316.0,12818510.0,23216
2023-05-09 21:00:40,b2307,b2307,4047.0,2.0,80940.0,-2.0,5,4046.0,4048.0,9,4056.0,4053.0,4064.0,4045.0,318.0,12899450.0,23214
2023-05-09 21:00:40,b2307,b2307,4047.0,0.0,0.0,0.0,4,4046.0,4048.0,3,4056.0,4053.0,4064.0,4045.0,318.0,12899450.0,23214
2023-05-09 21:00:41,b2307,b2307,4048.0,3.0,121440.0,-2.0,4,4046.0,4048.0,6,4056.0,4053.0,4064.0,4045.0,321.0,13020890.0,23212
2023-05-09 21:00:42,b2307,b2307,4047.0,2.0,80940.0,0.0,4,4046.0,4048.0,8,4056.0,4053.0,4064.0,4045.0,323.0,13101830.0,23212
2023-05-09 21:00:42,b2307,b2307,4047.0,0.0,0.0,0.0,16,4046.0,4048.0,8,4056.0,4053.0,4064.0,4045.0,323.0,13101830.0,23212
2023-05-09 21:00:43,b2307,b2307,4047.0,0.0,0.0,0.0,11,4046.0,4048.0,8,4056.0,4053.0,4064.0,4045.0,323.0,13101830.0,23212
2023-05-09 21:00:43,b2307,b2307,4047.0,0.0,0.0,0.0,9,4046.0,4048.0,8,4056.0,4053.0,4064.0,4045.0,323.0,13101830.0,23212
2023-05-09 21:00:44,b2307,b2307,4047.0,0.0,0.0,0.0,2,4046.0,4048.0,8,4056.0,4053.0,4064.0,4045.0,323.0,13101830.0,23212
2023-05-09 21:00:44,b2307,b2307,4047.0,0.0,0.0,0.0,9,4045.0,4047.0,20,4056.0,4053.0,4064.0,4045.0,323.0,13101830.0,23212
2023-05-09 21:00:45,b2307,b2307,4047.0,0.0,0.0,0.0,4,4045.0,4047.0,20,4056.0,4053.0,4064.0,4045.0,323.0,13101830.0,23212
2023-05-09 21:00:46,b2307,b2307,4047.0,0.0,0.0,0.0,2,4045.0,4047.0,20,4056.0,4053.0,4064.0,4045.0,323.0,13101830.0,23212
2023-05-09 21:00:46,b2307,b2307,4045.0,2.0,80900.0,2.0,14,4044.0,4047.0,20,4056.0,4053.0,4064.0,4045.0,325.0,13182730.0,23214
2023-05-09 21:00:47,b2307,b2307,4045.0,1.0,40450.0,0.0,16,4044.0,4047.0,25,4056.0,4053.0,4064.0,4045.0,326.0,13223180.0,23214
2023-05-09 21:00:47,b2307,b2307,4046.0,1.0,40460.0,-1.0,7,4044.0,4047.0,25,4056.0,4053.0,4064.0,4045.0,327.0,13263640.0,23213
2023-05-09 21:00:48,b2307,b2307,4046.0,0.0,0.0,0.0,5,4044.0,4047.0,25,4056.0,4053.0,4064.0,4045.0,327.0,13263640.0,23213
2023-05-09 21:00:48,b2307,b2307,4045.0,2.0,80900.0,-2.0,6,4044.0,4047.0,25,4056.0,4053.0,4064.0,4045.0,329.0,13344540.0,23211
2023-05-09 21:00:49,b2307,b2307,4045.0,0.0,0.0,0.0,5,4044.0,4047.0,25,4056.0,4053.0,4064.0,4045.0,329.0,13344540.0,23211
2023-05-09 21:00:49,b2307,b2307,4045.0,0.0,0.0,0.0,5,4044.0,4046.0,2,4056.0,4053.0,4064.0,4045.0,329.0,13344540.0,23211
2023-05-09 21:00:50,b2307,b2307,4046.0,1.0,40460.0,0.0,4,4044.0,4046.0,1,4056.0,4053.0,4064.0,4045.0,330.0,13385000.0,23211
2023-05-09 21:00:54,b2307,b2307,4046.0,4.0,161840.0,3.0,10,4044.0,4047.0,26,4056.0,4053.0,4064.0,4045.0,334.0,13546840.0,23214
2023-05-09 21:00:54,b2307,b2307,4046.0,0.0,0.0,0.0,4,4044.0,4046.0,4,4056.0,4053.0,4064.0,4045.0,334.0,13546840.0,23214
2023-05-09 21:00:55,b2307,b2307,4046.0,0.0,0.0,0.0,4,4044.0,4046.0,5,4056.0,4053.0,4064.0,4045.0,334.0,13546840.0,23214
2023-05-09 21:00:56,b2307,b2307,4046.0,0.0,0.0,0.0,4,4044.0,4046.0,4,4056.0,4053.0,4064.0,4045.0,334.0,13546840.0,23214
2023-05-09 21:00:56,b2307,b2307,4046.0,0.0,0.0,0.0,4,4044.0,4046.0,5,4056.0,4053.0,4064.0,4045.0,334.0,13546840.0,23214
2023-05-09 21:00:57,b2307,b2307,4046.0,0.0,0.0,0.0,4,4044.0,4046.0,4,4056.0,4053.0,4064.0,4045.0,334.0,13546840.0,23214
2023-05-09 21:00:57,b2307,b2307,4046.0,1.0,40460.0,0.0,4,4044.0,4046.0,3,4056.0,4053.0,4064.0,4045.0,335.0,13587300.0,23214
2023-05-09 21:00:58,b2307,b2307,4044.0,1.0,40440.0,1.0,3,4044.0,4046.0,3,4056.0,4053.0,4064.0,4044.0,336.0,13627740.0,23215
2023-05-09 21:00:58,b2307,b2307,4044.0,1.0,40440.0,1.0,10,4043.0,4045.0,7,4056.0,4053.0,4064.0,4044.0,337.0,13668180.0,23216
2023-05-09 21:00:59,b2307,b2307,4044.0,0.0,0.0,0.0,5,4043.0,4045.0,9,4056.0,4053.0,4064.0,4044.0,337.0,13668180.0,23216
2023-05-09 21:00:59,b2307,b2307,4044.0,0.0,0.0,0.0,6,4043.0,4045.0,9,4056.0,4053.0,4064.0,4044.0,337.0,13668180.0,23216
2023-05-09 21:01:00,b2307,b2307,4044.0,3.0,121320.0,-2.0,3,4043.0,4045.0,3,4056.0,4053.0,4064.0,4044.0,340.0,13789500.0,23214
2023-05-09 21:01:01,b2307,b2307,4043.0,7.0,283010.0,-6.0,17,4042.0,4045.0,3,4056.0,4053.0,4064.0,4043.0,347.0,14072510.0,23208
2023-05-09 21:01:01,b2307,b2307,4043.0,0.0,0.0,0.0,8,4042.0,4044.0,14,4056.0,4053.0,4064.0,4043.0,347.0,14072510.0,23208
2023-05-09 21:01:02,b2307,b2307,4043.0,0.0,0.0,0.0,1,4042.0,4044.0,14,4056.0,4053.0,4064.0,4043.0,347.0,14072510.0,23208
2023-05-09 21:01:02,b2307,b2307,4043.0,0.0,0.0,0.0,3,4042.0,4044.0,14,4056.0,4053.0,4064.0,4043.0,347.0,14072510.0,23208
2023-05-09 21:01:03,b2307,b2307,4043.0,0.0,0.0,0.0,1,4042.0,4044.0,4,4056.0,4053.0,4064.0,4043.0,347.0,14072510.0,23208
2023-05-09 21:01:04,b2307,b2307,4042.0,1.0,40420.0,0.0,10,4041.0,4043.0,2,4056.0,4053.0,4064.0,4042.0,348.0,14112930.0,23208
2023-05-09 21:01:05,b2307,b2307,4042.0,0.0,0.0,0.0,7,4041.0,4043.0,4,4056.0,4053.0,4064.0,4042.0,348.0,14112930.0,23208
2023-05-09 21:01:05,b2307,b2307,4042.0,0.0,0.0,0.0,7,4041.0,4043.0,20,4056.0,4053.0,4064.0,4042.0,348.0,14112930.0,23208
2023-05-09 21:01:06,b2307,b2307,4042.0,0.0,0.0,0.0,7,4041.0,4043.0,14,4056.0,4053.0,4064.0,4042.0,348.0,14112930.0,23208
2023-05-09 21:01:06,b2307,b2307,4042.0,0.0,0.0,0.0,9,4041.0,4043.0,17,4056.0,4053.0,4064.0,4042.0,348.0,14112930.0,23208
2023-05-09 21:01:07,b2307,b2307,4041.0,3.0,121230.0,3.0,14,4041.0,4043.0,3,4056.0,4053.0,4064.0,4041.0,351.0,14234160.0,23211
2023-05-09 21:01:07,b2307,b2307,4041.0,0.0,0.0,0.0,4,4041.0,4043.0,3,4056.0,4053.0,4064.0,4041.0,351.0,14234160.0,23211
2023-05-09 21:01:08,b2307,b2307,4043.0,5.0,202150.0,-5.0,9,4042.0,4044.0,8,4056.0,4053.0,4064.0,4041.0,356.0,14436310.0,23206
2023-05-09 21:01:08,b2307,b2307,4043.0,0.0,0.0,0.0,14,4042.0,4044.0,2,4056.0,4053.0,4064.0,4041.0,356.0,14436310.0,23206
2023-05-09 21:01:09,b2307,b2307,4043.0,0.0,0.0,0.0,13,4042.0,4044.0,2,4056.0,4053.0,4064.0,4041.0,356.0,14436310.0,23206
2023-05-09 21:01:09,b2307,b2307,4043.0,10.0,404300.0,-10.0,5,4042.0,4044.0,10,4056.0,4053.0,4064.0,4041.0,366.0,14840610.0,23196
2023-05-09 21:01:10,b2307,b2307,4043.0,0.0,0.0,0.0,4,4042.0,4044.0,3,4056.0,4053.0,4064.0,4041.0,366.0,14840610.0,23196
2023-05-09 21:01:10,b2307,b2307,4043.0,0.0,0.0,0.0,7,4042.0,4044.0,2,4056.0,4053.0,4064.0,4041.0,366.0,14840610.0,23196
2023-05-09 21:01:11,b2307,b2307,4043.0,0.0,0.0,0.0,12,4042.0,4044.0,2,4056.0,4053.0,4064.0,4041.0,366.0,14840610.0,23196
2023-05-09 21:01:11,b2307,b2307,4043.0,0.0,0.0,0.0,10,4043.0,4044.0,2,4056.0,4053.0,4064.0,4041.0,366.0,14840610.0,23196
2023-05-09 21:01:12,b2307,b2307,4043.0,0.0,0.0,0.0,21,4042.0,4044.0,8,4056.0,4053.0,4064.0,4041.0,366.0,14840610.0,23196
2023-05-09 21:01:12,b2307,b2307,4043.0,0.0,0.0,0.0,15,4042.0,4044.0,8,4056.0,4053.0,4064.0,4041.0,366.0,14840610.0,23196
2023-05-09 21:01:13,b2307,b2307,4044.0,8.0,323520.0,-8.0,3,4042.0,4045.0,14,4056.0,4053.0,4064.0,4041.0,374.0,15164130.0,23188
2023-05-09 21:01:13,b2307,b2307,4044.0,0.0,0.0,0.0,16,4042.0,4044.0,18,4056.0,4053.0,4064.0,4041.0,374.0,15164130.0,23188
2023-05-09 21:01:14,b2307,b2307,4044.0,0.0,0.0,0.0,15,4042.0,4044.0,30,4056.0,4053.0,4064.0,4041.0,374.0,15164130.0,23188
2023-05-09 21:01:14,b2307,b2307,4044.0,0.0,0.0,0.0,1,4042.0,4044.0,26,4056.0,4053.0,4064.0,4041.0,374.0,15164130.0,23188
2023-05-09 21:01:15,b2307,b2307,4044.0,0.0,0.0,0.0,6,4042.0,4044.0,47,4056.0,4053.0,4064.0,4041.0,374.0,15164130.0,23188
2023-05-09 21:01:15,b2307,b2307,4044.0,0.0,0.0,0.0,3,4042.0,4044.0,57,4056.0,4053.0,4064.0,4041.0,374.0,15164130.0,23188
2023-05-09 21:01:16,b2307,b2307,4042.0,10.0,404200.0,-8.0,14,4041.0,4043.0,1,4056.0,4053.0,4064.0,4041.0,384.0,15568330.0,23180
2023-05-09 21:01:16,b2307,b2307,4042.0,0.0,0.0,0.0,4,4041.0,4043.0,3,4056.0,4053.0,4064.0,4041.0,384.0,15568330.0,23180
2023-05-09 21:01:17,b2307,b2307,4042.0,1.0,40420.0,0.0,3,4041.0,4043.0,15,4056.0,4053.0,4064.0,4041.0,385.0,15608750.0,23180
2023-05-09 21:01:17,b2307,b2307,4041.0,9.0,363690.0,-4.0,14,4040.0,4041.0,107,4056.0,4053.0,4064.0,4041.0,394.0,15972440.0,23176
2023-05-09 21:01:18,b2307,b2307,4040.0,17.0,686800.0,7.0,38,4039.0,4041.0,120,4056.0,4053.0,4064.0,4040.0,411.0,16659240.0,23183
2023-05-09 21:01:18,b2307,b2307,4040.0,0.0,0.0,0.0,1,4040.0,4041.0,125,4056.0,4053.0,4064.0,4040.0,411.0,16659240.0,23183
2023-05-09 21:01:19,b2307,b2307,4040.0,1.0,40400.0,0.0,36,4039.0,4041.0,130,4056.0,4053.0,4064.0,4040.0,412.0,16699640.0,23183
2023-05-09 21:01:20,b2307,b2307,4040.0,0.0,0.0,0.0,9,4039.0,4041.0,120,4056.0,4053.0,4064.0,4040.0,412.0,16699640.0,23183
2023-05-09 21:01:20,b2307,b2307,4040.0,0.0,0.0,0.0,3,4040.0,4041.0,128,4056.0,4053.0,4064.0,4040.0,412.0,16699640.0,23183
2023-05-09 21:01:21,b2307,b2307,4041.0,4.0,161630.0,0.0,39,4039.0,4041.0,129,4056.0,4053.0,4064.0,4040.0,416.0,16861270.0,23183
2023-05-09 21:01:21,b2307,b2307,4040.0,4.0,161610.0,0.0,20,4039.0,4041.0,126,4056.0,4053.0,4064.0,4040.0,420.0,17022880.0,23183
2023-05-09 21:01:22,b2307,b2307,4040.0,0.0,0.0,0.0,25,4039.0,4041.0,133,4056.0,4053.0,4064.0,4040.0,420.0,17022880.0,23183
2023-05-09 21:01:22,b2307,b2307,4040.0,0.0,0.0,0.0,29,4039.0,4041.0,132,4056.0,4053.0,4064.0,4040.0,420.0,17022880.0,23183
2023-05-09 21:01:23,b2307,b2307,4040.0,0.0,0.0,0.0,27,4039.0,4041.0,131,4056.0,4053.0,4064.0,4040.0,420.0,17022880.0,23183
2023-05-09 21:01:23,b2307,b2307,4040.0,0.0,0.0,0.0,28,4039.0,4041.0,133,4056.0,4053.0,4064.0,4040.0,420.0,17022880.0,23183
2023-05-09 21:01:24,b2307,b2307,4040.0,0.0,0.0,0.0,35,4039.0,4041.0,133,4056.0,4053.0,4064.0,4040.0,420.0,17022880.0,23183
2023-05-09 21:01:25,b2307,b2307,4039.0,1.0,40390.0,0.0,33,4039.0,4041.0,133,4056.0,4053.0,4064.0,4039.0,421.0,17063270.0,23183
2023-05-09 21:01:25,b2307,b2307,4039.0,0.0,0.0,0.0,36,4039.0,4041.0,133,4056.0,4053.0,4064.0,4039.0,421.0,17063270.0,23183
2023-05-09 21:01:26,b2307,b2307,4039.0,0.0,0.0,0.0,42,4039.0,4041.0,133,4056.0,4053.0,4064.0,4039.0,421.0,17063270.0,23183
2023-05-09 21:01:26,b2307,b2307,4039.0,0.0,0.0,0.0,45,4039.0,4041.0,133,4056.0,4053.0,4064.0,4039.0,421.0,17063270.0,23183
2023-05-09 21:01:27,b2307,b2307,4039.0,0.0,0.0,0.0,44,4039.0,4041.0,133,4056.0,4053.0,4064.0,4039.0,421.0,17063270.0,23183
2023-05-09 21:01:28,b2307,b2307,4039.0,1.0,40390.0,-1.0,20,4039.0,4041.0,126,4056.0,4053.0,4064.0,4039.0,422.0,17103660.0,23182
2023-05-09 21:01:28,b2307,b2307,4039.0,0.0,0.0,0.0,15,4039.0,4041.0,127,4056.0,4053.0,4064.0,4039.0,422.0,17103660.0,23182
2023-05-09 21:01:29,b2307,b2307,4039.0,0.0,0.0,0.0,38,4039.0,4041.0,132,4056.0,4053.0,4064.0,4039.0,422.0,17103660.0,23182
2023-05-09 21:01:29,b2307,b2307,4041.0,1.0,40410.0,0.0,48,4039.0,4041.0,127,4056.0,4053.0,4064.0,4039.0,423.0,17144070.0,23182
2023-05-09 21:01:30,b2307,b2307,4041.0,0.0,0.0,0.0,19,4040.0,4041.0,126,4056.0,4053.0,4064.0,4039.0,423.0,17144070.0,23182
2023-05-09 21:01:30,b2307,b2307,4041.0,2.0,80820.0,0.0,15,4040.0,4041.0,124,4056.0,4053.0,4064.0,4039.0,425.0,17224890.0,23182
2023-05-09 21:01:31,b2307,b2307,4040.0,4.0,161600.0,-4.0,20,4040.0,4041.0,119,4056.0,4053.0,4064.0,4039.0,429.0,17386490.0,23178
2023-05-09 21:01:31,b2307,b2307,4041.0,37.0,1495170.0,-37.0,16,4040.0,4041.0,82,4056.0,4053.0,4064.0,4039.0,466.0,18881660.0,23141
2023-05-09 21:01:32,b2307,b2307,4041.0,87.0,3515670.0,4.0,10,4041.0,4042.0,7,4056.0,4053.0,4064.0,4039.0,553.0,22397330.0,23145
2023-05-09 21:01:32,b2307,b2307,4042.0,1.0,40420.0,-1.0,16,4041.0,4043.0,15,4056.0,4053.0,4064.0,4039.0,554.0,22437750.0,23144
2023-05-09 21:01:33,b2307,b2307,4042.0,0.0,0.0,0.0,26,4041.0,4043.0,2,4056.0,4053.0,4064.0,4039.0,554.0,22437750.0,23144
2023-05-09 21:01:33,b2307,b2307,4042.0,0.0,0.0,0.0,1,4042.0,4043.0,2,4056.0,4053.0,4064.0,4039.0,554.0,22437750.0,23144
2023-05-09 21:01:34,b2307,b2307,4042.0,0.0,0.0,0.0,6,4042.0,4043.0,2,4056.0,4053.0,4064.0,4039.0,554.0,22437750.0,23144
2023-05-09 21:01:34,b2307,b2307,4042.0,0.0,0.0,0.0,7,4042.0,4044.0,14,4056.0,4053.0,4064.0,4039.0,554.0,22437750.0,23144
2023-05-09 21:01:35,b2307,b2307,4042.0,0.0,0.0,0.0,8,4042.0,4044.0,10,4056.0,4053.0,4064.0,4039.0,554.0,22437750.0,23144
2023-05-09 21:01:35,b2307,b2307,4042.0,0.0,0.0,0.0,13,4042.0,4044.0,6,4056.0,4053.0,4064.0,4039.0,554.0,22437750.0,23144
2023-05-09 21:01:36,b2307,b2307,4043.0,1.0,40430.0,-1.0,18,4042.0,4044.0,6,4056.0,4053.0,4064.0,4039.0,555.0,22478180.0,23143
2023-05-09 21:01:37,b2307,b2307,4043.0,0.0,0.0,0.0,19,4042.0,4044.0,6,4056.0,4053.0,4064.0,4039.0,555.0,22478180.0,23143
2023-05-09 21:01:37,b2307,b2307,4043.0,0.0,0.0,0.0,19,4042.0,4044.0,5,4056.0,4053.0,4064.0,4039.0,555.0,22478180.0,23143
2023-05-09 21:01:38,b2307,b2307,4043.0,1.0,40430.0,0.0,18,4042.0,4044.0,5,4056.0,4053.0,4064.0,4039.0,556.0,22518610.0,23143
2023-05-09 21:01:38,b2307,b2307,4043.0,0.0,0.0,0.0,18,4042.0,4044.0,10,4056.0,4053.0,4064.0,4039.0,556.0,22518610.0,23143
2023-05-09 21:01:39,b2307,b2307,4043.0,0.0,0.0,0.0,17,4042.0,4044.0,10,4056.0,4053.0,4064.0,4039.0,556.0,22518610.0,23143
2023-05-09 21:01:39,b2307,b2307,4043.0,2.0,80860.0,0.0,12,4042.0,4044.0,8,4056.0,4053.0,4064.0,4039.0,558.0,22599470.0,23143
2023-05-09 21:01:40,b2307,b2307,4044.0,1.0,40440.0,0.0,12,4042.0,4044.0,6,4056.0,4053.0,4064.0,4039.0,559.0,22639910.0,23143
2023-05-09 21:01:40,b2307,b2307,4044.0,1.0,40440.0,0.0,12,4042.0,4044.0,5,4056.0,4053.0,4064.0,4039.0,560.0,22680350.0,23143
2023-05-09 21:01:41,b2307,b2307,4041.0,21.0,848680.0,-11.0,25,4041.0,4044.0,5,4056.0,4053.0,4064.0,4039.0,581.0,23529030.0,23132
2023-05-09 21:01:41,b2307,b2307,4041.0,0.0,0.0,0.0,20,4041.0,4043.0,12,4056.0,4053.0,4064.0,4039.0,581.0,23529030.0,23132
2023-05-09 21:01:42,b2307,b2307,4041.0,0.0,0.0,0.0,12,4042.0,4043.0,10,4056.0,4053.0,4064.0,4039.0,581.0,23529030.0,23132
2023-05-09 21:01:42,b2307,b2307,4042.0,1.0,40420.0,1.0,6,4042.0,4043.0,8,4056.0,4053.0,4064.0,4039.0,582.0,23569450.0,23133
2023-05-09 21:01:43,b2307,b2307,4043.0,1.0,40430.0,0.0,7,4042.0,4044.0,16,4056.0,4053.0,4064.0,4039.0,583.0,23609880.0,23133
2023-05-09 21:01:43,b2307,b2307,4043.0,0.0,0.0,0.0,17,4042.0,4044.0,5,4056.0,4053.0,4064.0,4039.0,583.0,23609880.0,23133
2023-05-09 21:01:44,b2307,b2307,4043.0,0.0,0.0,0.0,6,4042.0,4044.0,5,4056.0,4053.0,4064.0,4039.0,583.0,23609880.0,23133
2023-05-09 21:01:44,b2307,b2307,4042.0,1.0,40420.0,0.0,30,4041.0,4043.0,9,4056.0,4053.0,4064.0,4039.0,584.0,23650300.0,23133
2023-05-09 21:01:45,b2307,b2307,4042.0,0.0,0.0,0.0,15,4041.0,4043.0,26,4056.0,4053.0,4064.0,4039.0,584.0,23650300.0,23133
2023-05-09 21:01:45,b2307,b2307,4042.0,0.0,0.0,0.0,5,4041.0,4043.0,44,4056.0,4053.0,4064.0,4039.0,584.0,23650300.0,23133
2023-05-09 21:01:46,b2307,b2307,4042.0,3.0,121260.0,-1.0,28,4040.0,4043.0,38,4056.0,4053.0,4064.0,4039.0,587.0,23771560.0,23132
2023-05-09 21:01:46,b2307,b2307,4042.0,0.0,0.0,0.0,15,4041.0,4043.0,25,4056.0,4053.0,4064.0,4039.0,587.0,23771560.0,23132
2023-05-09 21:01:47,b2307,b2307,4042.0,0.0,0.0,0.0,15,4041.0,4043.0,18,4056.0,4053.0,4064.0,4039.0,587.0,23771560.0,23132
2023-05-09 21:01:47,b2307,b2307,4042.0,0.0,0.0,0.0,15,4041.0,4043.0,33,4056.0,4053.0,4064.0,4039.0,587.0,23771560.0,23132
2023-05-09 21:01:48,b2307,b2307,4042.0,0.0,0.0,0.0,10,4041.0,4043.0,14,4056.0,4053.0,4064.0,4039.0,587.0,23771560.0,23132
2023-05-09 21:01:48,b2307,b2307,4042.0,0.0,0.0,0.0,20,4041.0,4043.0,48,4056.0,4053.0,4064.0,4039.0,587.0,23771560.0,23132
2023-05-09 21:01:49,b2307,b2307,4042.0,0.0,0.0,0.0,20,4041.0,4043.0,57,4056.0,4053.0,4064.0,4039.0,587.0,23771560.0,23132
2023-05-09 21:01:49,b2307,b2307,4042.0,0.0,0.0,0.0,20,4041.0,4043.0,56,4056.0,4053.0,4064.0,4039.0,587.0,23771560.0,23132
2023-05-09 21:01:50,b2307,b2307,4042.0,0.0,0.0,0.0,20,4041.0,4043.0,61,4056.0,4053.0,4064.0,4039.0,587.0,23771560.0,23132
2023-05-09 21:01:50,b2307,b2307,4042.0,1.0,40420.0,1.0,17,4041.0,4043.0,66,4056.0,4053.0,4064.0,4039.0,588.0,23811980.0,23133
2023-05-09 21:01:50,b2307,b2307,4043.0,1.0,40430.0,0.0,17,4041.0,4043.0,66,4056.0,4053.0,4064.0,4039.0,589.0,23852410.0,23133
2023-05-09 21:01:51,b2307,b2307,4043.0,0.0,0.0,0.0,17,4041.0,4043.0,64,4056.0,4053.0,4064.0,4039.0,589.0,23852410.0,23133
2023-05-09 21:01:52,b2307,b2307,4041.0,18.0,727380.0,11.0,31,4040.0,4041.0,9,4056.0,4053.0,4064.0,4039.0,607.0,24579790.0,23144
2023-05-09 21:01:52,b2307,b2307,4042.0,20.0,808260.0,10.0,27,4041.0,4043.0,56,4056.0,4053.0,4064.0,4039.0,627.0,25388050.0,23154
2023-05-09 21:01:53,b2307,b2307,4042.0,0.0,0.0,0.0,37,4041.0,4043.0,59,4056.0,4053.0,4064.0,4039.0,627.0,25388050.0,23154
2023-05-09 21:01:53,b2307,b2307,4042.0,0.0,0.0,0.0,36,4041.0,4043.0,53,4056.0,4053.0,4064.0,4039.0,627.0,25388050.0,23154
2023-05-09 21:01:54,b2307,b2307,4042.0,0.0,0.0,0.0,35,4041.0,4043.0,52,4056.0,4053.0,4064.0,4039.0,627.0,25388050.0,23154
2023-05-09 21:01:54,b2307,b2307,4042.0,0.0,0.0,0.0,30,4041.0,4043.0,53,4056.0,4053.0,4064.0,4039.0,627.0,25388050.0,23154
2023-05-09 21:01:55,b2307,b2307,4042.0,0.0,0.0,0.0,30,4041.0,4043.0,40,4056.0,4053.0,4064.0,4039.0,627.0,25388050.0,23154
2023-05-09 21:01:55,b2307,b2307,4041.0,33.0,1333530.0,-5.0,34,4040.0,4041.0,4,4056.0,4053.0,4064.0,4039.0,660.0,26721580.0,23149
2023-05-09 21:01:56,b2307,b2307,4041.0,0.0,0.0,0.0,10,4040.0,4041.0,9,4056.0,4053.0,4064.0,4039.0,660.0,26721580.0,23149
2023-05-09 21:01:56,b2307,b2307,4041.0,14.0,565740.0,1.0,1,4041.0,4042.0,16,4056.0,4053.0,4064.0,4039.0,674.0,27287320.0,23150
2023-05-09 21:01:57,b2307,b2307,4041.0,1.0,40410.0,-1.0,20,4040.0,4042.0,15,4056.0,4053.0,4064.0,4039.0,675.0,27327730.0,23149
2023-05-09 21:01:57,b2307,b2307,4041.0,0.0,0.0,0.0,20,4040.0,4042.0,14,4056.0,4053.0,4064.0,4039.0,675.0,27327730.0,23149
2023-05-09 21:01:58,b2307,b2307,4041.0,0.0,0.0,0.0,20,4040.0,4042.0,5,4056.0,4053.0,4064.0,4039.0,675.0,27327730.0,23149
2023-05-09 21:01:58,b2307,b2307,4041.0,0.0,0.0,0.0,20,4040.0,4042.0,8,4056.0,4053.0,4064.0,4039.0,675.0,27327730.0,23149
2023-05-09 21:01:59,b2307,b2307,4041.0,0.0,0.0,0.0,15,4040.0,4042.0,28,4056.0,4053.0,4064.0,4039.0,675.0,27327730.0,23149
2023-05-09 21:02:00,b2307,b2307,4041.0,0.0,0.0,0.0,20,4040.0,4042.0,37,4056.0,4053.0,4064.0,4039.0,675.0,27327730.0,23149
2023-05-09 21:02:00,b2307,b2307,4041.0,0.0,0.0,0.0,20,4040.0,4042.0,13,4056.0,4053.0,4064.0,4039.0,675.0,27327730.0,23149
2023-05-09 21:02:01,b2307,b2307,4041.0,0.0,0.0,0.0,25,4040.0,4042.0,8,4056.0,4053.0,4064.0,4039.0,675.0,27327730.0,23149
2023-05-09 21:02:01,b2307,b2307,4040.0,1.0,40400.0,-1.0,29,4040.0,4042.0,8,4056.0,4053.0,4064.0,4039.0,676.0,27368130.0,23148
2023-05-09 21:02:02,b2307,b2307,4039.0,41.0,1656210.0,-14.0,22,4038.0,4040.0,13,4056.0,4053.0,4064.0,4039.0,717.0,29024340.0,23134
2023-05-09 21:02:02,b2307,b2307,4040.0,10.0,404000.0,5.0,16,4038.0,4041.0,25,4056.0,4053.0,4064.0,4039.0,727.0,29428340.0,23139
2023-05-09 21:02:03,b2307,b2307,4040.0,0.0,0.0,0.0,6,4039.0,4041.0,34,4056.0,4053.0,4064.0,4039.0,727.0,29428340.0,23139
2023-05-09 21:02:04,b2307,b2307,4040.0,0.0,0.0,0.0,6,4039.0,4041.0,27,4056.0,4053.0,4064.0,4039.0,727.0,29428340.0,23139
2023-05-09 21:02:04,b2307,b2307,4040.0,0.0,0.0,0.0,6,4039.0,4041.0,12,4056.0,4053.0,4064.0,4039.0,727.0,29428340.0,23139
2023-05-09 21:02:05,b2307,b2307,4040.0,0.0,0.0,0.0,6,4039.0,4041.0,5,4056.0,4053.0,4064.0,4039.0,727.0,29428340.0,23139
2023-05-09 21:02:06,b2307,b2307,4040.0,0.0,0.0,0.0,6,4039.0,4041.0,7,4056.0,4053.0,4064.0,4039.0,727.0,29428340.0,23139
2023-05-09 21:02:07,b2307,b2307,4041.0,15.0,606150.0,-5.0,5,4040.0,4042.0,25,4056.0,4053.0,4064.0,4039.0,742.0,30034490.0,23134
2023-05-09 21:02:07,b2307,b2307,4041.0,0.0,0.0,0.0,5,4040.0,4042.0,15,4056.0,4053.0,4064.0,4039.0,742.0,30034490.0,23134
2023-05-09 21:02:08,b2307,b2307,4041.0,0.0,0.0,0.0,5,4040.0,4042.0,11,4056.0,4053.0,4064.0,4039.0,742.0,30034490.0,23134
2023-05-09 21:02:08,b2307,b2307,4041.0,0.0,0.0,0.0,5,4040.0,4042.0,12,4056.0,4053.0,4064.0,4039.0,742.0,30034490.0,23134
2023-05-09 21:02:09,b2307,b2307,4041.0,0.0,0.0,0.0,5,4040.0,4041.0,6,4056.0,4053.0,4064.0,4039.0,742.0,30034490.0,23134
2023-05-09 21:02:10,b2307,b2307,4041.0,0.0,0.0,0.0,5,4040.0,4042.0,32,4056.0,4053.0,4064.0,4039.0,742.0,30034490.0,23134
2023-05-09 21:02:10,b2307,b2307,4041.0,0.0,0.0,0.0,5,4040.0,4042.0,16,4056.0,4053.0,4064.0,4039.0,742.0,30034490.0,23134
2023-05-09 21:02:11,b2307,b2307,4041.0,0.0,0.0,0.0,5,4040.0,4042.0,14,4056.0,4053.0,4064.0,4039.0,742.0,30034490.0,23134
2023-05-09 21:02:12,b2307,b2307,4041.0,0.0,0.0,0.0,5,4040.0,4042.0,16,4056.0,4053.0,4064.0,4039.0,742.0,30034490.0,23134
2023-05-09 21:02:14,b2307,b2307,4040.0,2.0,80800.0,0.0,5,4040.0,4042.0,16,4056.0,4053.0,4064.0,4039.0,744.0,30115290.0,23134
2023-05-09 21:02:14,b2307,b2307,4040.0,0.0,0.0,0.0,8,4040.0,4042.0,11,4056.0,4053.0,4064.0,4039.0,744.0,30115290.0,23134
2023-05-09 21:02:15,b2307,b2307,4040.0,0.0,0.0,0.0,8,4040.0,4042.0,6,4056.0,4053.0,4064.0,4039.0,744.0,30115290.0,23134
2023-05-09 21:02:15,b2307,b2307,4040.0,0.0,0.0,0.0,8,4040.0,4042.0,2,4056.0,4053.0,4064.0,4039.0,744.0,30115290.0,23134
2023-05-09 21:02:16,b2307,b2307,4040.0,0.0,0.0,0.0,5,4040.0,4042.0,7,4056.0,4053.0,4064.0,4039.0,744.0,30115290.0,23134
2023-05-09 21:02:17,b2307,b2307,4040.0,0.0,0.0,0.0,4,4040.0,4042.0,9,4056.0,4053.0,4064.0,4039.0,744.0,30115290.0,23134
2023-05-09 21:02:17,b2307,b2307,4040.0,0.0,0.0,0.0,5,4040.0,4042.0,8,4056.0,4053.0,4064.0,4039.0,744.0,30115290.0,23134
2023-05-09 21:02:18,b2307,b2307,4040.0,0.0,0.0,0.0,6,4040.0,4042.0,9,4056.0,4053.0,4064.0,4039.0,744.0,30115290.0,23134
2023-05-09 21:02:18,b2307,b2307,4040.0,0.0,0.0,0.0,5,4040.0,4042.0,8,4056.0,4053.0,4064.0,4039.0,744.0,30115290.0,23134
2023-05-09 21:02:19,b2307,b2307,4040.0,0.0,0.0,0.0,5,4040.0,4042.0,7,4056.0,4053.0,4064.0,4039.0,744.0,30115290.0,23134
2023-05-09 21:02:19,b2307,b2307,4040.0,0.0,0.0,0.0,5,4040.0,4042.0,9,4056.0,4053.0,4064.0,4039.0,744.0,30115290.0,23134
2023-05-09 21:02:20,b2307,b2307,4040.0,0.0,0.0,0.0,5,4040.0,4042.0,7,4056.0,4053.0,4064.0,4039.0,744.0,30115290.0,23134
2023-05-09 21:02:20,b2307,b2307,4040.0,0.0,0.0,0.0,5,4040.0,4042.0,9,4056.0,4053.0,4064.0,4039.0,744.0,30115290.0,23134
2023-05-09 21:02:21,b2307,b2307,4040.0,0.0,0.0,0.0,8,4040.0,4042.0,9,4056.0,4053.0,4064.0,4039.0,744.0,30115290.0,23134
2023-05-09 21:02:22,b2307,b2307,4040.0,0.0,0.0,0.0,7,4040.0,4042.0,9,4056.0,4053.0,4064.0,4039.0,744.0,30115290.0,23134
2023-05-09 21:02:22,b2307,b2307,4040.0,0.0,0.0,0.0,8,4040.0,4042.0,9,4056.0,4053.0,4064.0,4039.0,744.0,30115290.0,23134
2023-05-09 21:02:23,b2307,b2307,4040.0,0.0,0.0,0.0,5,4040.0,4042.0,9,4056.0,4053.0,4064.0,4039.0,744.0,30115290.0,23134
2023-05-09 21:02:24,b2307,b2307,4040.0,1.0,40400.0,-1.0,4,4040.0,4042.0,10,4056.0,4053.0,4064.0,4039.0,745.0,30155690.0,23133
2023-05-09 21:02:25,b2307,b2307,4040.0,1.0,40400.0,-1.0,4,4040.0,4042.0,10,4056.0,4053.0,4064.0,4039.0,746.0,30196090.0,23132
2023-05-09 21:02:25,b2307,b2307,4040.0,0.0,0.0,0.0,3,4040.0,4042.0,10,4056.0,4053.0,4064.0,4039.0,746.0,30196090.0,23132
2023-05-09 21:02:26,b2307,b2307,4041.0,2.0,80820.0,1.0,3,4040.0,4042.0,10,4056.0,4053.0,4064.0,4039.0,748.0,30276910.0,23133
2023-05-09 21:02:27,b2307,b2307,4041.0,0.0,0.0,0.0,3,4040.0,4042.0,8,4056.0,4053.0,4064.0,4039.0,748.0,30276910.0,23133
2023-05-09 21:02:28,b2307,b2307,4041.0,0.0,0.0,0.0,2,4040.0,4042.0,8,4056.0,4053.0,4064.0,4039.0,748.0,30276910.0,23133
2023-05-09 21:02:28,b2307,b2307,4040.0,2.0,80800.0,-2.0,16,4039.0,4041.0,5,4056.0,4053.0,4064.0,4039.0,750.0,30357710.0,23131
2023-05-09 21:02:29,b2307,b2307,4040.0,0.0,0.0,0.0,10,4039.0,4041.0,12,4056.0,4053.0,4064.0,4039.0,750.0,30357710.0,23131
2023-05-09 21:02:29,b2307,b2307,4040.0,0.0,0.0,0.0,5,4039.0,4041.0,17,4056.0,4053.0,4064.0,4039.0,750.0,30357710.0,23131
2023-05-09 21:02:32,b2307,b2307,4040.0,0.0,0.0,0.0,5,4039.0,4041.0,19,4056.0,4053.0,4064.0,4039.0,750.0,30357710.0,23131
2023-05-09 21:02:33,b2307,b2307,4040.0,0.0,0.0,0.0,17,4038.0,4041.0,19,4056.0,4053.0,4064.0,4039.0,750.0,30357710.0,23131
2023-05-09 21:02:34,b2307,b2307,4040.0,0.0,0.0,0.0,12,4038.0,4041.0,23,4056.0,4053.0,4064.0,4039.0,750.0,30357710.0,23131
2023-05-09 21:02:34,b2307,b2307,4040.0,0.0,0.0,0.0,7,4038.0,4041.0,24,4056.0,4053.0,4064.0,4039.0,750.0,30357710.0,23131
2023-05-09 21:02:35,b2307,b2307,4040.0,1.0,40400.0,0.0,6,4038.0,4040.0,11,4056.0,4053.0,4064.0,4039.0,751.0,30398110.0,23131
2023-05-09 21:02:36,b2307,b2307,4040.0,0.0,0.0,0.0,6,4038.0,4040.0,16,4056.0,4053.0,4064.0,4039.0,751.0,30398110.0,23131
2023-05-09 21:02:37,b2307,b2307,4040.0,0.0,0.0,0.0,6,4038.0,4040.0,9,4056.0,4053.0,4064.0,4039.0,751.0,30398110.0,23131
2023-05-09 21:02:37,b2307,b2307,4040.0,0.0,0.0,0.0,6,4038.0,4040.0,8,4056.0,4053.0,4064.0,4039.0,751.0,30398110.0,23131
2023-05-09 21:02:38,b2307,b2307,4040.0,6.0,242400.0,6.0,3,4039.0,4040.0,6,4056.0,4053.0,4064.0,4039.0,757.0,30640510.0,23137
2023-05-09 21:02:39,b2307,b2307,4040.0,0.0,0.0,0.0,8,4039.0,4040.0,6,4056.0,4053.0,4064.0,4039.0,757.0,30640510.0,23137
2023-05-09 21:02:40,b2307,b2307,4040.0,0.0,0.0,0.0,8,4039.0,4041.0,19,4056.0,4053.0,4064.0,4039.0,757.0,30640510.0,23137
2023-05-09 21:02:41,b2307,b2307,4039.0,2.0,80780.0,-2.0,6,4039.0,4041.0,19,4056.0,4053.0,4064.0,4039.0,759.0,30721290.0,23135
2023-05-09 21:02:42,b2307,b2307,4039.0,6.0,242340.0,-6.0,17,4038.0,4041.0,19,4056.0,4053.0,4064.0,4039.0,765.0,30963630.0,23129
2023-05-09 21:02:42,b2307,b2307,4040.0,1.0,40400.0,1.0,22,4038.0,4040.0,7,4056.0,4053.0,4064.0,4039.0,766.0,31004030.0,23130
2023-05-09 21:02:43,b2307,b2307,4040.0,0.0,0.0,0.0,21,4038.0,4040.0,12,4056.0,4053.0,4064.0,4039.0,766.0,31004030.0,23130
2023-05-09 21:02:45,b2307,b2307,4040.0,0.0,0.0,0.0,21,4038.0,4040.0,13,4056.0,4053.0,4064.0,4039.0,766.0,31004030.0,23130
2023-05-09 21:02:47,b2307,b2307,4038.0,2.0,80760.0,0.0,19,4038.0,4040.0,13,4056.0,4053.0,4064.0,4038.0,768.0,31084790.0,23130
2023-05-09 21:02:47,b2307,b2307,4038.0,5.0,201900.0,-3.0,16,4038.0,4040.0,13,4056.0,4053.0,4064.0,4038.0,773.0,31286690.0,23127
2023-05-09 21:02:48,b2307,b2307,4038.0,2.0,80760.0,0.0,14,4038.0,4040.0,13,4056.0,4053.0,4064.0,4038.0,775.0,31367450.0,23127
2023-05-09 21:02:48,b2307,b2307,4038.0,0.0,0.0,0.0,19,4038.0,4040.0,13,4056.0,4053.0,4064.0,4038.0,775.0,31367450.0,23127
2023-05-09 21:02:49,b2307,b2307,4038.0,0.0,0.0,0.0,19,4038.0,4040.0,8,4056.0,4053.0,4064.0,4038.0,775.0,31367450.0,23127
2023-05-09 21:02:50,b2307,b2307,4038.0,1.0,40380.0,-1.0,18,4038.0,4040.0,8,4056.0,4053.0,4064.0,4038.0,776.0,31407830.0,23126
2023-05-09 21:02:50,b2307,b2307,4039.0,1.0,40390.0,-1.0,18,4038.0,4040.0,8,4056.0,4053.0,4064.0,4038.0,777.0,31448220.0,23125
2023-05-09 21:02:52,b2307,b2307,4038.0,6.0,242280.0,-4.0,6,4038.0,4040.0,9,4056.0,4053.0,4064.0,4038.0,783.0,31690500.0,23121
2023-05-09 21:02:52,b2307,b2307,4038.0,6.0,242280.0,-5.0,15,4037.0,4038.0,11,4056.0,4053.0,4064.0,4038.0,789.0,31932780.0,23116
2023-05-09 21:02:53,b2307,b2307,4039.0,42.0,1696280.0,26.0,57,4039.0,4040.0,8,4056.0,4053.0,4064.0,4038.0,831.0,33629060.0,23142
2023-05-09 21:02:53,b2307,b2307,4039.0,0.0,0.0,0.0,51,4039.0,4040.0,17,4056.0,4053.0,4064.0,4038.0,831.0,33629060.0,23142
2023-05-09 21:02:54,b2307,b2307,4039.0,0.0,0.0,0.0,51,4039.0,4040.0,16,4056.0,4053.0,4064.0,4038.0,831.0,33629060.0,23142
2023-05-09 21:02:54,b2307,b2307,4039.0,3.0,121170.0,0.0,48,4039.0,4040.0,16,4056.0,4053.0,4064.0,4038.0,834.0,33750230.0,23142
2023-05-09 21:02:55,b2307,b2307,4039.0,20.0,807800.0,20.0,18,4039.0,4040.0,7,4056.0,4053.0,4064.0,4038.0,854.0,34558030.0,23162
2023-05-09 21:02:55,b2307,b2307,4039.0,13.0,525070.0,13.0,18,4038.0,4040.0,13,4056.0,4053.0,4064.0,4038.0,867.0,35083100.0,23175
2023-05-09 21:02:56,b2307,b2307,4039.0,0.0,0.0,0.0,18,4038.0,4040.0,14,4056.0,4053.0,4064.0,4038.0,867.0,35083100.0,23175
2023-05-09 21:02:57,b2307,b2307,4039.0,0.0,0.0,0.0,13,4038.0,4039.0,9,4056.0,4053.0,4064.0,4038.0,867.0,35083100.0,23175
2023-05-09 21:02:57,b2307,b2307,4038.0,2.0,80760.0,2.0,6,4038.0,4039.0,13,4056.0,4053.0,4064.0,4038.0,869.0,35163860.0,23177
2023-05-09 21:02:58,b2307,b2307,4038.0,1.0,40380.0,1.0,36,4037.0,4039.0,13,4056.0,4053.0,4064.0,4038.0,870.0,35204240.0,23178
2023-05-09 21:02:58,b2307,b2307,4038.0,3.0,121120.0,-1.0,5,4037.0,4038.0,8,4056.0,4053.0,4064.0,4037.0,873.0,35325360.0,23177
2023-05-09 21:02:59,b2307,b2307,4037.0,8.0,322960.0,-4.0,26,4036.0,4038.0,9,4056.0,4053.0,4064.0,4037.0,881.0,35648320.0,23173
2023-05-09 21:02:59,b2307,b2307,4038.0,21.0,847600.0,-3.0,7,4035.0,4038.0,8,4056.0,4053.0,4064.0,4036.0,902.0,36495920.0,23170
2023-05-09 21:03:00,b2307,b2307,4038.0,0.0,0.0,0.0,17,4035.0,4038.0,18,4056.0,4053.0,4064.0,4036.0,902.0,36495920.0,23170
2023-05-09 21:03:00,b2307,b2307,4038.0,0.0,0.0,0.0,12,4035.0,4038.0,18,4056.0,4053.0,4064.0,4036.0,902.0,36495920.0,23170
2023-05-09 21:03:01,b2307,b2307,4036.0,5.0,201800.0,5.0,12,4035.0,4037.0,18,4056.0,4053.0,4064.0,4036.0,907.0,36697720.0,23175
2023-05-09 21:03:01,b2307,b2307,4035.0,2.0,80700.0,-1.0,14,4034.0,4037.0,42,4056.0,4053.0,4064.0,4035.0,909.0,36778420.0,23174
2023-05-09 21:03:02,b2307,b2307,4035.0,27.0,1089330.0,4.0,1,4034.0,4037.0,17,4056.0,4053.0,4064.0,4034.0,936.0,37867750.0,23178
2023-05-09 21:03:02,b2307,b2307,4035.0,0.0,0.0,0.0,11,4034.0,4037.0,27,4056.0,4053.0,4064.0,4034.0,936.0,37867750.0,23178
2023-05-09 21:03:03,b2307,b2307,4035.0,0.0,0.0,0.0,11,4034.0,4037.0,39,4056.0,4053.0,4064.0,4034.0,936.0,37867750.0,23178
2023-05-09 21:03:04,b2307,b2307,4035.0,0.0,0.0,0.0,11,4034.0,4037.0,38,4056.0,4053.0,4064.0,4034.0,936.0,37867750.0,23178
2023-05-09 21:03:04,b2307,b2307,4035.0,0.0,0.0,0.0,2,4035.0,4037.0,32,4056.0,4053.0,4064.0,4034.0,936.0,37867750.0,23178
2023-05-09 21:03:05,b2307,b2307,4035.0,0.0,0.0,0.0,6,4035.0,4037.0,34,4056.0,4053.0,4064.0,4034.0,936.0,37867750.0,23178
2023-05-09 21:03:05,b2307,b2307,4037.0,22.0,888140.0,-13.0,15,4037.0,4038.0,12,4056.0,4053.0,4064.0,4034.0,958.0,38755890.0,23165
2023-05-09 21:03:06,b2307,b2307,4037.0,2.0,80740.0,0.0,18,4037.0,4038.0,6,4056.0,4053.0,4064.0,4034.0,960.0,38836630.0,23165
2023-05-09 21:03:06,b2307,b2307,4037.0,22.0,888180.0,3.0,17,4036.0,4038.0,12,4056.0,4053.0,4064.0,4034.0,982.0,39724810.0,23168
2023-05-09 21:03:07,b2307,b2307,4037.0,0.0,0.0,0.0,16,4036.0,4038.0,9,4056.0,4053.0,4064.0,4034.0,982.0,39724810.0,23168
2023-05-09 21:03:07,b2307,b2307,4037.0,0.0,0.0,0.0,16,4036.0,4038.0,11,4056.0,4053.0,4064.0,4034.0,982.0,39724810.0,23168
2023-05-09 21:03:09,b2307,b2307,4037.0,0.0,0.0,0.0,16,4036.0,4038.0,9,4056.0,4053.0,4064.0,4034.0,982.0,39724810.0,23168
2023-05-09 21:03:09,b2307,b2307,4037.0,0.0,0.0,0.0,16,4036.0,4038.0,11,4056.0,4053.0,4064.0,4034.0,982.0,39724810.0,23168
2023-05-09 21:03:10,b2307,b2307,4037.0,0.0,0.0,0.0,1,4037.0,4038.0,11,4056.0,4053.0,4064.0,4034.0,982.0,39724810.0,23168
2023-05-09 21:03:12,b2307,b2307,4038.0,1.0,40380.0,0.0,1,4037.0,4038.0,10,4056.0,4053.0,4064.0,4034.0,983.0,39765190.0,23168
2023-05-09 21:03:14,b2307,b2307,4038.0,0.0,0.0,0.0,5,4037.0,4038.0,8,4056.0,4053.0,4064.0,4034.0,983.0,39765190.0,23168
2023-05-09 21:03:14,b2307,b2307,4038.0,0.0,0.0,0.0,8,4037.0,4038.0,7,4056.0,4053.0,4064.0,4034.0,983.0,39765190.0,23168
2023-05-09 21:03:15,b2307,b2307,4038.0,0.0,0.0,0.0,4,4037.0,4038.0,5,4056.0,4053.0,4064.0,4034.0,983.0,39765190.0,23168
2023-05-09 21:03:15,b2307,b2307,4038.0,0.0,0.0,0.0,2,4037.0,4038.0,5,4056.0,4053.0,4064.0,4034.0,983.0,39765190.0,23168
2023-05-09 21:03:16,b2307,b2307,4037.0,3.0,121110.0,-2.0,6,4037.0,4038.0,5,4056.0,4053.0,4064.0,4034.0,986.0,39886300.0,23166
2023-05-09 21:03:16,b2307,b2307,4037.0,1.0,40370.0,-1.0,1,4037.0,4038.0,7,4056.0,4053.0,4064.0,4034.0,987.0,39926670.0,23165
2023-05-09 21:03:17,b2307,b2307,4037.0,1.0,40370.0,0.0,17,4036.0,4038.0,5,4056.0,4053.0,4064.0,4034.0,988.0,39967040.0,23165
2023-05-09 21:03:17,b2307,b2307,4037.0,0.0,0.0,0.0,11,4036.0,4037.0,2,4056.0,4053.0,4064.0,4034.0,988.0,39967040.0,23165
2023-05-09 21:03:18,b2307,b2307,4037.0,0.0,0.0,0.0,6,4036.0,4037.0,6,4056.0,4053.0,4064.0,4034.0,988.0,39967040.0,23165
2023-05-09 21:03:19,b2307,b2307,4036.0,3.0,121080.0,2.0,27,4035.0,4037.0,11,4056.0,4053.0,4064.0,4034.0,991.0,40088120.0,23167
2023-05-09 21:03:19,b2307,b2307,4036.0,0.0,0.0,0.0,17,4035.0,4037.0,11,4056.0,4053.0,4064.0,4034.0,991.0,40088120.0,23167
2023-05-09 21:03:20,b2307,b2307,4035.0,3.0,121050.0,3.0,11,4035.0,4037.0,11,4056.0,4053.0,4064.0,4034.0,994.0,40209170.0,23170
2023-05-09 21:03:20,b2307,b2307,4035.0,0.0,0.0,0.0,6,4035.0,4037.0,16,4056.0,4053.0,4064.0,4034.0,994.0,40209170.0,23170
2023-05-09 21:03:21,b2307,b2307,4035.0,0.0,0.0,0.0,1,4035.0,4037.0,16,4056.0,4053.0,4064.0,4034.0,994.0,40209170.0,23170
2023-05-09 21:03:22,b2307,b2307,4034.0,3.0,121030.0,0.0,2,4035.0,4037.0,16,4056.0,4053.0,4064.0,4034.0,997.0,40330200.0,23170
2023-05-09 21:03:23,b2307,b2307,4035.0,2.0,80700.0,-2.0,10,4034.0,4036.0,11,4056.0,4053.0,4064.0,4034.0,999.0,40410900.0,23168
2023-05-09 21:03:23,b2307,b2307,4035.0,0.0,0.0,0.0,16,4033.0,4036.0,21,4056.0,4053.0,4064.0,4034.0,999.0,40410900.0,23168
2023-05-09 21:03:24,b2307,b2307,4035.0,0.0,0.0,0.0,21,4033.0,4036.0,21,4056.0,4053.0,4064.0,4034.0,999.0,40410900.0,23168
2023-05-09 21:03:25,b2307,b2307,4035.0,0.0,0.0,0.0,2,4034.0,4036.0,20,4056.0,4053.0,4064.0,4034.0,999.0,40410900.0,23168
2023-05-09 21:03:25,b2307,b2307,4035.0,0.0,0.0,0.0,3,4034.0,4036.0,19,4056.0,4053.0,4064.0,4034.0,999.0,40410900.0,23168
2023-05-09 21:03:26,b2307,b2307,4035.0,0.0,0.0,0.0,3,4034.0,4036.0,21,4056.0,4053.0,4064.0,4034.0,999.0,40410900.0,23168
2023-05-09 21:03:27,b2307,b2307,4035.0,0.0,0.0,0.0,3,4034.0,4036.0,22,4056.0,4053.0,4064.0,4034.0,999.0,40410900.0,23168
2023-05-09 21:03:28,b2307,b2307,4035.0,0.0,0.0,0.0,2,4034.0,4036.0,22,4056.0,4053.0,4064.0,4034.0,999.0,40410900.0,23168
2023-05-09 21:03:31,b2307,b2307,4035.0,0.0,0.0,0.0,2,4034.0,4036.0,25,4056.0,4053.0,4064.0,4034.0,999.0,40410900.0,23168
2023-05-09 21:03:31,b2307,b2307,4034.0,1.0,40340.0,0.0,1,4034.0,4036.0,25,4056.0,4053.0,4064.0,4034.0,1000.0,40451240.0,23168
2023-05-09 21:03:32,b2307,b2307,4034.0,0.0,0.0,0.0,10,4033.0,4036.0,27,4056.0,4053.0,4064.0,4034.0,1000.0,40451240.0,23168
2023-05-09 21:03:32,b2307,b2307,4035.0,1.0,40350.0,0.0,5,4033.0,4035.0,8,4056.0,4053.0,4064.0,4034.0,1001.0,40491590.0,23168
2023-05-09 21:03:33,b2307,b2307,4035.0,0.0,0.0,0.0,39,4032.0,4035.0,19,4056.0,4053.0,4064.0,4034.0,1001.0,40491590.0,23168
2023-05-09 21:03:33,b2307,b2307,4035.0,0.0,0.0,0.0,41,4032.0,4035.0,18,4056.0,4053.0,4064.0,4034.0,1001.0,40491590.0,23168
2023-05-09 21:03:35,b2307,b2307,4035.0,0.0,0.0,0.0,7,4033.0,4035.0,18,4056.0,4053.0,4064.0,4034.0,1001.0,40491590.0,23168
2023-05-09 21:03:35,b2307,b2307,4035.0,0.0,0.0,0.0,11,4033.0,4035.0,18,4056.0,4053.0,4064.0,4034.0,1001.0,40491590.0,23168
2023-05-09 21:03:36,b2307,b2307,4035.0,0.0,0.0,0.0,24,4033.0,4035.0,13,4056.0,4053.0,4064.0,4034.0,1001.0,40491590.0,23168
2023-05-09 21:03:36,b2307,b2307,4035.0,0.0,0.0,0.0,30,4033.0,4035.0,8,4056.0,4053.0,4064.0,4034.0,1001.0,40491590.0,23168
2023-05-09 21:03:37,b2307,b2307,4035.0,0.0,0.0,0.0,13,4033.0,4035.0,10,4056.0,4053.0,4064.0,4034.0,1001.0,40491590.0,23168
2023-05-09 21:03:37,b2307,b2307,4034.0,2.0,80680.0,-2.0,12,4033.0,4034.0,4,4056.0,4053.0,4064.0,4034.0,1003.0,40572270.0,23166
2023-05-09 21:03:38,b2307,b2307,4034.0,0.0,0.0,0.0,13,4033.0,4034.0,4,4056.0,4053.0,4064.0,4034.0,1003.0,40572270.0,23166
2023-05-09 21:03:38,b2307,b2307,4034.0,0.0,0.0,0.0,11,4033.0,4034.0,4,4056.0,4053.0,4064.0,4034.0,1003.0,40572270.0,23166
2023-05-09 21:03:39,b2307,b2307,4034.0,0.0,0.0,0.0,16,4033.0,4034.0,4,4056.0,4053.0,4064.0,4034.0,1003.0,40572270.0,23166
2023-05-09 21:03:39,b2307,b2307,4034.0,0.0,0.0,0.0,7,4033.0,4035.0,18,4056.0,4053.0,4064.0,4034.0,1003.0,40572270.0,23166
2023-05-09 21:03:41,b2307,b2307,4034.0,0.0,0.0,0.0,24,4033.0,4035.0,13,4056.0,4053.0,4064.0,4034.0,1003.0,40572270.0,23166
2023-05-09 21:03:41,b2307,b2307,4034.0,0.0,0.0,0.0,34,4033.0,4035.0,8,4056.0,4053.0,4064.0,4034.0,1003.0,40572270.0,23166
2023-05-09 21:03:42,b2307,b2307,4034.0,0.0,0.0,0.0,39,4033.0,4035.0,8,4056.0,4053.0,4064.0,4034.0,1003.0,40572270.0,23166
2023-05-09 21:03:43,b2307,b2307,4033.0,1.0,40330.0,1.0,38,4033.0,4035.0,8,4056.0,4053.0,4064.0,4033.0,1004.0,40612600.0,23167
2023-05-09 21:03:43,b2307,b2307,4033.0,0.0,0.0,0.0,14,4033.0,4035.0,5,4056.0,4053.0,4064.0,4033.0,1004.0,40612600.0,23167
2023-05-09 21:03:44,b2307,b2307,4033.0,4.0,161320.0,2.0,25,4033.0,4035.0,4,4056.0,4053.0,4064.0,4033.0,1008.0,40773920.0,23169
2023-05-09 21:03:44,b2307,b2307,4033.0,0.0,0.0,0.0,18,4033.0,4035.0,4,4056.0,4053.0,4064.0,4033.0,1008.0,40773920.0,23169
2023-05-09 21:03:45,b2307,b2307,4033.0,0.0,0.0,0.0,22,4033.0,4035.0,4,4056.0,4053.0,4064.0,4033.0,1008.0,40773920.0,23169
2023-05-09 21:03:45,b2307,b2307,4033.0,0.0,0.0,0.0,7,4033.0,4035.0,4,4056.0,4053.0,4064.0,4033.0,1008.0,40773920.0,23169
2023-05-09 21:03:46,b2307,b2307,4033.0,27.0,1088910.0,6.0,19,4032.0,4035.0,4,4056.0,4053.0,4064.0,4033.0,1035.0,41862830.0,23175
2023-05-09 21:03:46,b2307,b2307,4035.0,1.0,40350.0,0.0,24,4032.0,4035.0,8,4056.0,4053.0,4064.0,4033.0,1036.0,41903180.0,23175
2023-05-09 21:03:47,b2307,b2307,4035.0,0.0,0.0,0.0,24,4032.0,4035.0,10,4056.0,4053.0,4064.0,4033.0,1036.0,41903180.0,23175
2023-05-09 21:03:47,b2307,b2307,4035.0,0.0,0.0,0.0,24,4032.0,4035.0,8,4056.0,4053.0,4064.0,4033.0,1036.0,41903180.0,23175
2023-05-09 21:03:48,b2307,b2307,4035.0,0.0,0.0,0.0,22,4032.0,4035.0,8,4056.0,4053.0,4064.0,4033.0,1036.0,41903180.0,23175
2023-05-09 21:03:48,b2307,b2307,4035.0,0.0,0.0,0.0,17,4032.0,4035.0,8,4056.0,4053.0,4064.0,4033.0,1036.0,41903180.0,23175
2023-05-09 21:03:49,b2307,b2307,4035.0,0.0,0.0,0.0,19,4032.0,4035.0,10,4056.0,4053.0,4064.0,4033.0,1036.0,41903180.0,23175
2023-05-09 21:03:49,b2307,b2307,4033.0,1.0,40330.0,-1.0,24,4032.0,4035.0,10,4056.0,4053.0,4064.0,4033.0,1037.0,41943510.0,23174
2023-05-09 21:03:50,b2307,b2307,4033.0,0.0,0.0,0.0,2,4033.0,4035.0,8,4056.0,4053.0,4064.0,4033.0,1037.0,41943510.0,23174
2023-05-09 21:03:52,b2307,b2307,4033.0,0.0,0.0,0.0,6,4033.0,4035.0,8,4056.0,4053.0,4064.0,4033.0,1037.0,41943510.0,23174
2023-05-09 21:03:53,b2307,b2307,4033.0,0.0,0.0,0.0,2,4033.0,4035.0,8,4056.0,4053.0,4064.0,4033.0,1037.0,41943510.0,23174
2023-05-09 21:03:54,b2307,b2307,4033.0,0.0,0.0,0.0,6,4033.0,4035.0,8,4056.0,4053.0,4064.0,4033.0,1037.0,41943510.0,23174
2023-05-09 21:03:55,b2307,b2307,4033.0,0.0,0.0,0.0,2,4033.0,4035.0,8,4056.0,4053.0,4064.0,4033.0,1037.0,41943510.0,23174
2023-05-09 21:04:00,b2307,b2307,4035.0,1.0,40350.0,0.0,21,4033.0,4035.0,9,4056.0,4053.0,4064.0,4033.0,1038.0,41983860.0,23174
2023-05-09 21:04:00,b2307,b2307,4035.0,0.0,0.0,0.0,29,4033.0,4035.0,9,4056.0,4053.0,4064.0,4033.0,1038.0,41983860.0,23174
2023-05-09 21:04:01,b2307,b2307,4033.0,2.0,80660.0,2.0,5,4033.0,4034.0,2,4056.0,4053.0,4064.0,4033.0,1040.0,42064520.0,23176
2023-05-09 21:04:01,b2307,b2307,4033.0,0.0,0.0,0.0,43,4032.0,4034.0,8,4056.0,4053.0,4064.0,4033.0,1040.0,42064520.0,23176
2023-05-09 21:04:02,b2307,b2307,4033.0,0.0,0.0,0.0,41,4032.0,4034.0,8,4056.0,4053.0,4064.0,4033.0,1040.0,42064520.0,23176
2023-05-09 21:04:03,b2307,b2307,4033.0,0.0,0.0,0.0,27,4032.0,4034.0,8,4056.0,4053.0,4064.0,4033.0,1040.0,42064520.0,23176
2023-05-09 21:04:03,b2307,b2307,4033.0,0.0,0.0,0.0,17,4032.0,4034.0,8,4056.0,4053.0,4064.0,4033.0,1040.0,42064520.0,23176
2023-05-09 21:04:04,b2307,b2307,4033.0,0.0,0.0,0.0,27,4032.0,4034.0,8,4056.0,4053.0,4064.0,4033.0,1040.0,42064520.0,23176
2023-05-09 21:04:04,b2307,b2307,4033.0,0.0,0.0,0.0,37,4032.0,4034.0,8,4056.0,4053.0,4064.0,4033.0,1040.0,42064520.0,23176
2023-05-09 21:04:05,b2307,b2307,4032.0,1.0,40320.0,1.0,36,4032.0,4034.0,8,4056.0,4053.0,4064.0,4032.0,1041.0,42104840.0,23177
2023-05-09 21:04:05,b2307,b2307,4032.0,11.0,443520.0,-2.0,8,4031.0,4034.0,9,4056.0,4053.0,4064.0,4032.0,1052.0,42548360.0,23175
2023-05-09 21:04:06,b2307,b2307,4032.0,0.0,0.0,0.0,13,4031.0,4033.0,8,4056.0,4053.0,4064.0,4032.0,1052.0,42548360.0,23175
2023-05-09 21:04:06,b2307,b2307,4032.0,0.0,0.0,0.0,18,4031.0,4033.0,8,4056.0,4053.0,4064.0,4032.0,1052.0,42548360.0,23175
2023-05-09 21:04:07,b2307,b2307,4033.0,12.0,483960.0,-8.0,51,4031.0,4034.0,17,4056.0,4053.0,4064.0,4032.0,1064.0,43032320.0,23167
2023-05-09 21:04:07,b2307,b2307,4033.0,0.0,0.0,0.0,1,4033.0,4034.0,11,4056.0,4053.0,4064.0,4032.0,1064.0,43032320.0,23167
2023-05-09 21:04:08,b2307,b2307,4033.0,0.0,0.0,0.0,1,4033.0,4034.0,6,4056.0,4053.0,4064.0,4032.0,1064.0,43032320.0,23167
2023-05-09 21:04:09,b2307,b2307,4033.0,0.0,0.0,0.0,1,4033.0,4034.0,8,4056.0,4053.0,4064.0,4032.0,1064.0,43032320.0,23167
2023-05-09 21:04:09,b2307,b2307,4033.0,1.0,40330.0,0.0,9,4032.0,4033.0,25,4056.0,4053.0,4064.0,4032.0,1065.0,43072650.0,23167
2023-05-09 21:04:10,b2307,b2307,4033.0,0.0,0.0,0.0,30,4031.0,4033.0,23,4056.0,4053.0,4064.0,4032.0,1065.0,43072650.0,23167
2023-05-09 21:04:10,b2307,b2307,4033.0,0.0,0.0,0.0,36,4031.0,4033.0,23,4056.0,4053.0,4064.0,4032.0,1065.0,43072650.0,23167
2023-05-09 21:04:11,b2307,b2307,4033.0,0.0,0.0,0.0,36,4031.0,4033.0,25,4056.0,4053.0,4064.0,4032.0,1065.0,43072650.0,23167
2023-05-09 21:04:11,b2307,b2307,4033.0,0.0,0.0,0.0,31,4031.0,4033.0,33,4056.0,4053.0,4064.0,4032.0,1065.0,43072650.0,23167
2023-05-09 21:04:12,b2307,b2307,4033.0,1.0,40330.0,0.0,10,4031.0,4033.0,42,4056.0,4053.0,4064.0,4032.0,1066.0,43112980.0,23167
2023-05-09 21:04:12,b2307,b2307,4033.0,0.0,0.0,0.0,12,4031.0,4033.0,42,4056.0,4053.0,4064.0,4032.0,1066.0,43112980.0,23167
2023-05-09 21:04:13,b2307,b2307,4033.0,0.0,0.0,0.0,18,4031.0,4033.0,42,4056.0,4053.0,4064.0,4032.0,1066.0,43112980.0,23167
2023-05-09 21:04:13,b2307,b2307,4033.0,1.0,40330.0,1.0,16,4031.0,4033.0,42,4056.0,4053.0,4064.0,4032.0,1067.0,43153310.0,23168
2023-05-09 21:04:14,b2307,b2307,4033.0,0.0,0.0,0.0,17,4031.0,4033.0,46,4056.0,4053.0,4064.0,4032.0,1067.0,43153310.0,23168
2023-05-09 21:04:14,b2307,b2307,4033.0,2.0,80660.0,1.0,10,4031.0,4033.0,40,4056.0,4053.0,4064.0,4032.0,1069.0,43233970.0,23169
2023-05-09 21:04:18,b2307,b2307,4033.0,0.0,0.0,0.0,10,4031.0,4033.0,35,4056.0,4053.0,4064.0,4032.0,1069.0,43233970.0,23169
2023-05-09 21:04:18,b2307,b2307,4033.0,16.0,645280.0,1.0,3,4032.0,4033.0,19,4056.0,4053.0,4064.0,4032.0,1085.0,43879250.0,23170
2023-05-09 21:04:19,b2307,b2307,4033.0,0.0,0.0,0.0,11,4032.0,4034.0,16,4056.0,4053.0,4064.0,4032.0,1085.0,43879250.0,23170
2023-05-09 21:04:20,b2307,b2307,4033.0,0.0,0.0,0.0,12,4032.0,4034.0,16,4056.0,4053.0,4064.0,4032.0,1085.0,43879250.0,23170
2023-05-09 21:04:22,b2307,b2307,4033.0,0.0,0.0,0.0,8,4032.0,4034.0,16,4056.0,4053.0,4064.0,4032.0,1085.0,43879250.0,23170
2023-05-09 21:04:22,b2307,b2307,4033.0,0.0,0.0,0.0,6,4032.0,4034.0,17,4056.0,4053.0,4064.0,4032.0,1085.0,43879250.0,23170
2023-05-09 21:04:23,b2307,b2307,4033.0,0.0,0.0,0.0,2,4032.0,4034.0,16,4056.0,4053.0,4064.0,4032.0,1085.0,43879250.0,23170
2023-05-09 21:04:23,b2307,b2307,4033.0,0.0,0.0,0.0,3,4032.0,4034.0,16,4056.0,4053.0,4064.0,4032.0,1085.0,43879250.0,23170
2023-05-09 21:04:24,b2307,b2307,4033.0,0.0,0.0,0.0,7,4032.0,4034.0,16,4056.0,4053.0,4064.0,4032.0,1085.0,43879250.0,23170
2023-05-09 21:04:25,b2307,b2307,4033.0,0.0,0.0,0.0,8,4032.0,4034.0,16,4056.0,4053.0,4064.0,4032.0,1085.0,43879250.0,23170
2023-05-09 21:04:25,b2307,b2307,4033.0,0.0,0.0,0.0,4,4032.0,4034.0,16,4056.0,4053.0,4064.0,4032.0,1085.0,43879250.0,23170
2023-05-09 21:04:26,b2307,b2307,4033.0,0.0,0.0,0.0,4,4032.0,4034.0,17,4056.0,4053.0,4064.0,4032.0,1085.0,43879250.0,23170
2023-05-09 21:04:27,b2307,b2307,4032.0,3.0,120960.0,0.0,16,4031.0,4034.0,18,4056.0,4053.0,4064.0,4032.0,1088.0,44000210.0,23170
2023-05-09 21:04:28,b2307,b2307,4034.0,1.0,40340.0,0.0,16,4031.0,4034.0,17,4056.0,4053.0,4064.0,4032.0,1089.0,44040550.0,23170
2023-05-09 21:04:28,b2307,b2307,4033.0,1.0,40330.0,0.0,6,4032.0,4033.0,1,4056.0,4053.0,4064.0,4032.0,1090.0,44080880.0,23170
2023-05-09 21:04:29,b2307,b2307,4033.0,0.0,0.0,0.0,10,4032.0,4033.0,5,4056.0,4053.0,4064.0,4032.0,1090.0,44080880.0,23170
2023-05-09 21:04:30,b2307,b2307,4033.0,0.0,0.0,0.0,6,4032.0,4033.0,5,4056.0,4053.0,4064.0,4032.0,1090.0,44080880.0,23170
2023-05-09 21:04:30,b2307,b2307,4033.0,0.0,0.0,0.0,4,4032.0,4033.0,5,4056.0,4053.0,4064.0,4032.0,1090.0,44080880.0,23170
2023-05-09 21:04:31,b2307,b2307,4033.0,1.0,40330.0,-1.0,18,4031.0,4033.0,6,4056.0,4053.0,4064.0,4032.0,1091.0,44121210.0,23169
2023-05-09 21:04:35,b2307,b2307,4033.0,0.0,0.0,0.0,16,4031.0,4033.0,6,4056.0,4053.0,4064.0,4032.0,1091.0,44121210.0,23169
2023-05-09 21:04:35,b2307,b2307,4033.0,0.0,0.0,0.0,20,4031.0,4033.0,6,4056.0,4053.0,4064.0,4032.0,1091.0,44121210.0,23169
2023-05-09 21:04:36,b2307,b2307,4033.0,0.0,0.0,0.0,16,4031.0,4033.0,6,4056.0,4053.0,4064.0,4032.0,1091.0,44121210.0,23169
2023-05-09 21:04:37,b2307,b2307,4033.0,0.0,0.0,0.0,12,4031.0,4033.0,6,4056.0,4053.0,4064.0,4032.0,1091.0,44121210.0,23169
2023-05-09 21:04:37,b2307,b2307,4033.0,0.0,0.0,0.0,11,4031.0,4033.0,6,4056.0,4053.0,4064.0,4032.0,1091.0,44121210.0,23169
2023-05-09 21:04:38,b2307,b2307,4033.0,0.0,0.0,0.0,7,4031.0,4033.0,6,4056.0,4053.0,4064.0,4032.0,1091.0,44121210.0,23169
2023-05-09 21:04:38,b2307,b2307,4033.0,0.0,0.0,0.0,7,4031.0,4032.0,9,4056.0,4053.0,4064.0,4032.0,1091.0,44121210.0,23169
2023-05-09 21:04:39,b2307,b2307,4033.0,0.0,0.0,0.0,2,4031.0,4032.0,9,4056.0,4053.0,4064.0,4032.0,1091.0,44121210.0,23169
2023-05-09 21:04:39,b2307,b2307,4032.0,3.0,120940.0,1.0,11,4030.0,4032.0,8,4056.0,4053.0,4064.0,4031.0,1094.0,44242150.0,23170
2023-05-09 21:04:40,b2307,b2307,4030.0,1.0,40300.0,1.0,5,4030.0,4031.0,2,4056.0,4053.0,4064.0,4030.0,1095.0,44282450.0,23171
2023-05-09 21:04:40,b2307,b2307,4029.0,21.0,846280.0,7.0,17,4028.0,4030.0,8,4056.0,4053.0,4064.0,4029.0,1116.0,45128730.0,23178
2023-05-09 21:04:41,b2307,b2307,4029.0,2.0,80580.0,0.0,33,4028.0,4030.0,9,4056.0,4053.0,4064.0,4029.0,1118.0,45209310.0,23178
2023-05-09 21:04:41,b2307,b2307,4028.0,1.0,40280.0,1.0,32,4028.0,4030.0,8,4056.0,4053.0,4064.0,4028.0,1119.0,45249590.0,23179
2023-05-09 21:04:42,b2307,b2307,4028.0,1.0,40280.0,0.0,14,4028.0,4030.0,8,4056.0,4053.0,4064.0,4028.0,1120.0,45289870.0,23179
2023-05-09 21:04:42,b2307,b2307,4029.0,1.0,40290.0,0.0,6,4028.0,4029.0,9,4056.0,4053.0,4064.0,4028.0,1121.0,45330160.0,23179
2023-05-09 21:04:43,b2307,b2307,4028.0,11.0,443180.0,4.0,15,4027.0,4029.0,7,4056.0,4053.0,4064.0,4028.0,1132.0,45773340.0,23183
2023-05-09 21:04:43,b2307,b2307,4027.0,8.0,322170.0,1.0,20,4026.0,4027.0,5,4056.0,4053.0,4064.0,4027.0,1140.0,46095510.0,23184
2023-05-09 21:04:44,b2307,b2307,4027.0,5.0,201350.0,0.0,13,4026.0,4028.0,15,4056.0,4053.0,4064.0,4027.0,1145.0,46296860.0,23184
2023-05-09 21:04:44,b2307,b2307,4027.0,0.0,0.0,0.0,16,4026.0,4028.0,9,4056.0,4053.0,4064.0,4027.0,1145.0,46296860.0,23184
2023-05-09 21:04:45,b2307,b2307,4027.0,0.0,0.0,0.0,23,4026.0,4028.0,4,4056.0,4053.0,4064.0,4027.0,1145.0,46296860.0,23184
2023-05-09 21:04:45,b2307,b2307,4027.0,0.0,0.0,0.0,4,4027.0,4028.0,4,4056.0,4053.0,4064.0,4027.0,1145.0,46296860.0,23184
2023-05-09 21:04:46,b2307,b2307,4028.0,4.0,161120.0,0.0,4,4027.0,4029.0,19,4056.0,4053.0,4064.0,4027.0,1149.0,46457980.0,23184
2023-05-09 21:04:46,b2307,b2307,4026.0,7.0,281880.0,6.0,4,4027.0,4029.0,17,4056.0,4053.0,4064.0,4026.0,1156.0,46739860.0,23190
2023-05-09 21:04:47,b2307,b2307,4026.0,0.0,0.0,0.0,2,4028.0,4029.0,12,4056.0,4053.0,4064.0,4026.0,1156.0,46739860.0,23190
2023-05-09 21:04:47,b2307,b2307,4026.0,0.0,0.0,0.0,2,4028.0,4029.0,7,4056.0,4053.0,4064.0,4026.0,1156.0,46739860.0,23190
2023-05-09 21:04:48,b2307,b2307,4028.0,2.0,80560.0,0.0,15,4027.0,4029.0,9,4056.0,4053.0,4064.0,4026.0,1158.0,46820420.0,23190
2023-05-09 21:04:48,b2307,b2307,4028.0,0.0,0.0,0.0,10,4027.0,4029.0,9,4056.0,4053.0,4064.0,4026.0,1158.0,46820420.0,23190
2023-05-09 21:04:49,b2307,b2307,4027.0,6.0,241620.0,1.0,26,4026.0,4029.0,9,4056.0,4053.0,4064.0,4026.0,1164.0,47062040.0,23191
2023-05-09 21:04:50,b2307,b2307,4029.0,2.0,80580.0,0.0,8,4027.0,4029.0,12,4056.0,4053.0,4064.0,4026.0,1166.0,47142620.0,23191
2023-05-09 21:04:50,b2307,b2307,4029.0,0.0,0.0,0.0,12,4027.0,4029.0,12,4056.0,4053.0,4064.0,4026.0,1166.0,47142620.0,23191
2023-05-09 21:04:51,b2307,b2307,4029.0,0.0,0.0,0.0,17,4027.0,4029.0,7,4056.0,4053.0,4064.0,4026.0,1166.0,47142620.0,23191
2023-05-09 21:04:52,b2307,b2307,4029.0,0.0,0.0,0.0,17,4027.0,4029.0,5,4056.0,4053.0,4064.0,4026.0,1166.0,47142620.0,23191
2023-05-09 21:04:53,b2307,b2307,4027.0,3.0,120810.0,-3.0,14,4027.0,4029.0,5,4056.0,4053.0,4064.0,4026.0,1169.0,47263430.0,23188
2023-05-09 21:04:54,b2307,b2307,4027.0,2.0,80540.0,-1.0,12,4027.0,4029.0,5,4056.0,4053.0,4064.0,4026.0,1171.0,47343970.0,23187
2023-05-09 21:04:54,b2307,b2307,4027.0,1.0,40270.0,0.0,11,4027.0,4029.0,5,4056.0,4053.0,4064.0,4026.0,1172.0,47384240.0,23187
2023-05-09 21:04:55,b2307,b2307,4027.0,0.0,0.0,0.0,2,4028.0,4029.0,5,4056.0,4053.0,4064.0,4026.0,1172.0,47384240.0,23187
2023-05-09 21:04:55,b2307,b2307,4027.0,0.0,0.0,0.0,6,4028.0,4029.0,5,4056.0,4053.0,4064.0,4026.0,1172.0,47384240.0,23187
2023-05-09 21:04:56,b2307,b2307,4028.0,7.0,282010.0,-2.0,8,4028.0,4030.0,29,4056.0,4053.0,4064.0,4026.0,1179.0,47666250.0,23185
2023-05-09 21:04:56,b2307,b2307,4028.0,0.0,0.0,0.0,8,4028.0,4030.0,17,4056.0,4053.0,4064.0,4026.0,1179.0,47666250.0,23185
2023-05-09 21:04:57,b2307,b2307,4028.0,0.0,0.0,0.0,1,4029.0,4030.0,17,4056.0,4053.0,4064.0,4026.0,1179.0,47666250.0,23185
2023-05-09 21:04:57,b2307,b2307,4028.0,0.0,0.0,0.0,5,4029.0,4030.0,7,4056.0,4053.0,4064.0,4026.0,1179.0,47666250.0,23185
2023-05-09 21:04:58,b2307,b2307,4029.0,1.0,40290.0,1.0,4,4029.0,4030.0,7,4056.0,4053.0,4064.0,4026.0,1180.0,47706540.0,23186
2023-05-09 21:04:59,b2307,b2307,4031.0,20.0,806130.0,-4.0,5,4031.0,4032.0,35,4056.0,4053.0,4064.0,4026.0,1200.0,48512670.0,23182
2023-05-09 21:04:59,b2307,b2307,4031.0,9.0,362790.0,-4.0,15,4030.0,4032.0,8,4056.0,4053.0,4064.0,4026.0,1209.0,48875460.0,23178
2023-05-09 21:05:00,b2307,b2307,4031.0,0.0,0.0,0.0,15,4030.0,4032.0,7,4056.0,4053.0,4064.0,4026.0,1209.0,48875460.0,23178
2023-05-09 21:05:00,b2307,b2307,4030.0,1.0,40300.0,0.0,10,4030.0,4032.0,9,4056.0,4053.0,4064.0,4026.0,1210.0,48915760.0,23178
2023-05-09 21:05:01,b2307,b2307,4030.0,0.0,0.0,0.0,9,4030.0,4032.0,7,4056.0,4053.0,4064.0,4026.0,1210.0,48915760.0,23178
2023-05-09 21:05:01,b2307,b2307,4030.0,0.0,0.0,0.0,13,4030.0,4032.0,7,4056.0,4053.0,4064.0,4026.0,1210.0,48915760.0,23178
2023-05-09 21:05:02,b2307,b2307,4030.0,0.0,0.0,0.0,13,4030.0,4032.0,6,4056.0,4053.0,4064.0,4026.0,1210.0,48915760.0,23178
2023-05-09 21:05:02,b2307,b2307,4030.0,0.0,0.0,0.0,9,4030.0,4032.0,8,4056.0,4053.0,4064.0,4026.0,1210.0,48915760.0,23178
2023-05-09 21:05:03,b2307,b2307,4030.0,0.0,0.0,0.0,9,4030.0,4032.0,9,4056.0,4053.0,4064.0,4026.0,1210.0,48915760.0,23178
2023-05-09 21:05:04,b2307,b2307,4030.0,9.0,362700.0,-3.0,36,4028.0,4030.0,9,4056.0,4053.0,4064.0,4026.0,1219.0,49278460.0,23175
2023-05-09 21:05:05,b2307,b2307,4030.0,0.0,0.0,0.0,10,4028.0,4030.0,14,4056.0,4053.0,4064.0,4026.0,1219.0,49278460.0,23175
2023-05-09 21:05:05,b2307,b2307,4030.0,0.0,0.0,0.0,5,4028.0,4030.0,19,4056.0,4053.0,4064.0,4026.0,1219.0,49278460.0,23175
2023-05-09 21:05:06,b2307,b2307,4030.0,1.0,40300.0,0.0,2,4029.0,4030.0,18,4056.0,4053.0,4064.0,4026.0,1220.0,49318760.0,23175
2023-05-09 21:05:06,b2307,b2307,4030.0,8.0,322400.0,-4.0,4,4029.0,4031.0,9,4056.0,4053.0,4064.0,4026.0,1228.0,49641160.0,23171
2023-05-09 21:05:08,b2307,b2307,4030.0,0.0,0.0,0.0,4,4029.0,4031.0,10,4056.0,4053.0,4064.0,4026.0,1228.0,49641160.0,23171
2023-05-09 21:05:11,b2307,b2307,4030.0,0.0,0.0,0.0,4,4029.0,4031.0,11,4056.0,4053.0,4064.0,4026.0,1228.0,49641160.0,23171
2023-05-09 21:05:13,b2307,b2307,4029.0,1.0,40290.0,0.0,18,4028.0,4031.0,16,4056.0,4053.0,4064.0,4026.0,1229.0,49681450.0,23171
2023-05-09 21:05:13,b2307,b2307,4029.0,0.0,0.0,0.0,23,4028.0,4031.0,16,4056.0,4053.0,4064.0,4026.0,1229.0,49681450.0,23171
2023-05-09 21:05:14,b2307,b2307,4029.0,0.0,0.0,0.0,22,4028.0,4030.0,2,4056.0,4053.0,4064.0,4026.0,1229.0,49681450.0,23171
2023-05-09 21:05:15,b2307,b2307,4029.0,0.0,0.0,0.0,21,4028.0,4030.0,4,4056.0,4053.0,4064.0,4026.0,1229.0,49681450.0,23171
2023-05-09 21:05:15,b2307,b2307,4029.0,0.0,0.0,0.0,22,4028.0,4029.0,1,4056.0,4053.0,4064.0,4026.0,1229.0,49681450.0,23171
2023-05-09 21:05:16,b2307,b2307,4029.0,1.0,40290.0,0.0,1,4029.0,4030.0,14,4056.0,4053.0,4064.0,4026.0,1230.0,49721740.0,23171
2023-05-09 21:05:16,b2307,b2307,4029.0,0.0,0.0,0.0,1,4029.0,4030.0,5,4056.0,4053.0,4064.0,4026.0,1230.0,49721740.0,23171
2023-05-09 21:05:17,b2307,b2307,4029.0,0.0,0.0,0.0,5,4029.0,4030.0,5,4056.0,4053.0,4064.0,4026.0,1230.0,49721740.0,23171
2023-05-09 21:05:18,b2307,b2307,4030.0,1.0,40300.0,0.0,5,4029.0,4031.0,16,4056.0,4053.0,4064.0,4026.0,1231.0,49762040.0,23171
2023-05-09 21:05:19,b2307,b2307,4030.0,0.0,0.0,0.0,5,4029.0,4031.0,17,4056.0,4053.0,4064.0,4026.0,1231.0,49762040.0,23171
2023-05-09 21:05:19,b2307,b2307,4030.0,0.0,0.0,0.0,5,4029.0,4031.0,18,4056.0,4053.0,4064.0,4026.0,1231.0,49762040.0,23171
2023-05-09 21:05:20,b2307,b2307,4030.0,0.0,0.0,0.0,5,4029.0,4031.0,19,4056.0,4053.0,4064.0,4026.0,1231.0,49762040.0,23171
2023-05-09 21:05:20,b2307,b2307,4030.0,0.0,0.0,0.0,5,4029.0,4031.0,21,4056.0,4053.0,4064.0,4026.0,1231.0,49762040.0,23171
2023-05-09 21:05:21,b2307,b2307,4029.0,1.0,40290.0,1.0,7,4029.0,4031.0,21,4056.0,4053.0,4064.0,4026.0,1232.0,49802330.0,23172
2023-05-09 21:05:21,b2307,b2307,4029.0,0.0,0.0,0.0,7,4029.0,4031.0,19,4056.0,4053.0,4064.0,4026.0,1232.0,49802330.0,23172
2023-05-09 21:05:22,b2307,b2307,4029.0,3.0,120870.0,3.0,17,4028.0,4030.0,4,4056.0,4053.0,4064.0,4026.0,1235.0,49923200.0,23175
2023-05-09 21:05:22,b2307,b2307,4029.0,0.0,0.0,0.0,16,4028.0,4030.0,8,4056.0,4053.0,4064.0,4026.0,1235.0,49923200.0,23175
2023-05-09 21:05:22,b2307,b2307,4029.0,0.0,0.0,0.0,16,4028.0,4030.0,9,4056.0,4053.0,4064.0,4026.0,1235.0,49923200.0,23175
2023-05-09 21:05:23,b2307,b2307,4029.0,0.0,0.0,0.0,16,4028.0,4030.0,7,4056.0,4053.0,4064.0,4026.0,1235.0,49923200.0,23175
2023-05-09 21:05:25,b2307,b2307,4029.0,0.0,0.0,0.0,16,4028.0,4030.0,8,4056.0,4053.0,4064.0,4026.0,1235.0,49923200.0,23175
2023-05-09 21:05:27,b2307,b2307,4030.0,5.0,201500.0,5.0,16,4028.0,4030.0,2,4056.0,4053.0,4064.0,4026.0,1240.0,50124700.0,23180
2023-05-09 21:05:27,b2307,b2307,4030.0,0.0,0.0,0.0,2,4029.0,4030.0,7,4056.0,4053.0,4064.0,4026.0,1240.0,50124700.0,23180
2023-05-09 21:05:28,b2307,b2307,4030.0,5.0,201500.0,3.0,4,4029.0,4030.0,2,4056.0,4053.0,4064.0,4026.0,1245.0,50326200.0,23183
2023-05-09 21:05:28,b2307,b2307,4030.0,0.0,0.0,0.0,4,4029.0,4030.0,3,4056.0,4053.0,4064.0,4026.0,1245.0,50326200.0,23183
2023-05-09 21:05:29,b2307,b2307,4030.0,2.0,80600.0,0.0,5,4029.0,4031.0,19,4056.0,4053.0,4064.0,4026.0,1247.0,50406800.0,23183
2023-05-09 21:05:29,b2307,b2307,4031.0,5.0,201550.0,4.0,5,4029.0,4031.0,18,4056.0,4053.0,4064.0,4026.0,1252.0,50608350.0,23187
2023-05-09 21:05:30,b2307,b2307,4031.0,9.0,362790.0,1.0,4,4029.0,4031.0,3,4056.0,4053.0,4064.0,4026.0,1261.0,50971140.0,23188
2023-05-09 21:05:30,b2307,b2307,4031.0,0.0,0.0,0.0,9,4029.0,4031.0,8,4056.0,4053.0,4064.0,4026.0,1261.0,50971140.0,23188
2023-05-09 21:05:31,b2307,b2307,4031.0,5.0,201550.0,4.0,9,4029.0,4031.0,7,4056.0,4053.0,4064.0,4026.0,1266.0,51172690.0,23192
2023-05-09 21:05:31,b2307,b2307,4031.0,5.0,201550.0,4.0,9,4029.0,4031.0,3,4056.0,4053.0,4064.0,4026.0,1271.0,51374240.0,23196
2023-05-09 21:05:32,b2307,b2307,4031.0,0.0,0.0,0.0,9,4029.0,4031.0,2,4056.0,4053.0,4064.0,4026.0,1271.0,51374240.0,23196
2023-05-09 21:05:33,b2307,b2307,4031.0,0.0,0.0,0.0,9,4029.0,4031.0,3,4056.0,4053.0,4064.0,4026.0,1271.0,51374240.0,23196
2023-05-09 21:05:34,b2307,b2307,4031.0,0.0,0.0,0.0,10,4029.0,4031.0,3,4056.0,4053.0,4064.0,4026.0,1271.0,51374240.0,23196
2023-05-09 21:05:35,b2307,b2307,4031.0,0.0,0.0,0.0,9,4029.0,4031.0,7,4056.0,4053.0,4064.0,4026.0,1271.0,51374240.0,23196
2023-05-09 21:05:36,b2307,b2307,4031.0,0.0,0.0,0.0,10,4029.0,4031.0,6,4056.0,4053.0,4064.0,4026.0,1271.0,51374240.0,23196
2023-05-09 21:05:37,b2307,b2307,4031.0,0.0,0.0,0.0,9,4029.0,4031.0,6,4056.0,4053.0,4064.0,4026.0,1271.0,51374240.0,23196
2023-05-09 21:05:37,b2307,b2307,4031.0,0.0,0.0,0.0,11,4029.0,4031.0,6,4056.0,4053.0,4064.0,4026.0,1271.0,51374240.0,23196
2023-05-09 21:05:38,b2307,b2307,4031.0,0.0,0.0,0.0,10,4029.0,4031.0,6,4056.0,4053.0,4064.0,4026.0,1271.0,51374240.0,23196
2023-05-09 21:05:40,b2307,b2307,4031.0,0.0,0.0,0.0,11,4029.0,4031.0,6,4056.0,4053.0,4064.0,4026.0,1271.0,51374240.0,23196
2023-05-09 21:05:41,b2307,b2307,4031.0,0.0,0.0,0.0,10,4029.0,4031.0,8,4056.0,4053.0,4064.0,4026.0,1271.0,51374240.0,23196
2023-05-09 21:05:42,b2307,b2307,4031.0,0.0,0.0,0.0,9,4029.0,4031.0,8,4056.0,4053.0,4064.0,4026.0,1271.0,51374240.0,23196
2023-05-09 21:05:43,b2307,b2307,4031.0,0.0,0.0,0.0,10,4029.0,4031.0,6,4056.0,4053.0,4064.0,4026.0,1271.0,51374240.0,23196
2023-05-09 21:05:43,b2307,b2307,4031.0,0.0,0.0,0.0,11,4029.0,4031.0,7,4056.0,4053.0,4064.0,4026.0,1271.0,51374240.0,23196
2023-05-09 21:05:43,b2307,b2307,4031.0,0.0,0.0,0.0,12,4029.0,4031.0,8,4056.0,4053.0,4064.0,4026.0,1271.0,51374240.0,23196
2023-05-09 21:05:45,b2307,b2307,4031.0,0.0,0.0,0.0,14,4029.0,4031.0,8,4056.0,4053.0,4064.0,4026.0,1271.0,51374240.0,23196
2023-05-09 21:05:47,b2307,b2307,4031.0,0.0,0.0,0.0,14,4029.0,4031.0,7,4056.0,4053.0,4064.0,4026.0,1271.0,51374240.0,23196
2023-05-09 21:05:48,b2307,b2307,4031.0,0.0,0.0,0.0,14,4029.0,4031.0,9,4056.0,4053.0,4064.0,4026.0,1271.0,51374240.0,23196
2023-05-09 21:05:48,b2307,b2307,4031.0,0.0,0.0,0.0,14,4029.0,4031.0,7,4056.0,4053.0,4064.0,4026.0,1271.0,51374240.0,23196
2023-05-09 21:05:50,b2307,b2307,4029.0,6.0,241740.0,0.0,6,4029.0,4031.0,7,4056.0,4053.0,4064.0,4026.0,1277.0,51615980.0,23196
2023-05-09 21:05:50,b2307,b2307,4029.0,0.0,0.0,0.0,6,4029.0,4031.0,12,4056.0,4053.0,4064.0,4026.0,1277.0,51615980.0,23196
2023-05-09 21:05:53,b2307,b2307,4029.0,0.0,0.0,0.0,6,4029.0,4031.0,13,4056.0,4053.0,4064.0,4026.0,1277.0,51615980.0,23196
2023-05-09 21:05:54,b2307,b2307,4029.0,0.0,0.0,0.0,13,4029.0,4031.0,13,4056.0,4053.0,4064.0,4026.0,1277.0,51615980.0,23196
2023-05-09 21:05:54,b2307,b2307,4030.0,10.0,403000.0,-7.0,18,4029.0,4031.0,11,4056.0,4053.0,4064.0,4026.0,1287.0,52018980.0,23189
2023-05-09 21:05:55,b2307,b2307,4030.0,0.0,0.0,0.0,3,4030.0,4031.0,6,4056.0,4053.0,4064.0,4026.0,1287.0,52018980.0,23189
2023-05-09 21:05:55,b2307,b2307,4030.0,0.0,0.0,0.0,7,4030.0,4031.0,6,4056.0,4053.0,4064.0,4026.0,1287.0,52018980.0,23189
2023-05-09 21:05:58,b2307,b2307,4030.0,0.0,0.0,0.0,7,4030.0,4031.0,7,4056.0,4053.0,4064.0,4026.0,1287.0,52018980.0,23189
2023-05-09 21:05:59,b2307,b2307,4031.0,5.0,201550.0,2.0,1,4031.0,4032.0,27,4056.0,4053.0,4064.0,4026.0,1292.0,52220530.0,23191
2023-05-09 21:05:59,b2307,b2307,4031.0,1.0,40310.0,0.0,22,4030.0,4032.0,6,4056.0,4053.0,4064.0,4026.0,1293.0,52260840.0,23191
2023-05-09 21:06:00,b2307,b2307,4030.0,1.0,40300.0,0.0,21,4030.0,4032.0,6,4056.0,4053.0,4064.0,4026.0,1294.0,52301140.0,23191
2023-05-09 21:06:00,b2307,b2307,4030.0,0.0,0.0,0.0,20,4030.0,4032.0,6,4056.0,4053.0,4064.0,4026.0,1294.0,52301140.0,23191
2023-05-09 21:06:01,b2307,b2307,4030.0,0.0,0.0,0.0,16,4030.0,4032.0,7,4056.0,4053.0,4064.0,4026.0,1294.0,52301140.0,23191
2023-05-09 21:06:01,b2307,b2307,4030.0,0.0,0.0,0.0,17,4030.0,4032.0,4,4056.0,4053.0,4064.0,4026.0,1294.0,52301140.0,23191
2023-05-09 21:06:02,b2307,b2307,4030.0,0.0,0.0,0.0,13,4031.0,4033.0,19,4056.0,4053.0,4064.0,4026.0,1294.0,52301140.0,23191
2023-05-09 21:06:02,b2307,b2307,4030.0,0.0,0.0,0.0,13,4031.0,4033.0,17,4056.0,4053.0,4064.0,4026.0,1294.0,52301140.0,23191
2023-05-09 21:06:03,b2307,b2307,4030.0,0.0,0.0,0.0,10,4031.0,4033.0,17,4056.0,4053.0,4064.0,4026.0,1294.0,52301140.0,23191
2023-05-09 21:06:04,b2307,b2307,4030.0,0.0,0.0,0.0,10,4031.0,4033.0,13,4056.0,4053.0,4064.0,4026.0,1294.0,52301140.0,23191
2023-05-09 21:06:05,b2307,b2307,4033.0,12.0,483960.0,-4.0,8,4033.0,4034.0,4,4056.0,4053.0,4064.0,4026.0,1306.0,52785100.0,23187
2023-05-09 21:06:05,b2307,b2307,4035.0,8.0,322760.0,-4.0,10,4033.0,4035.0,27,4056.0,4053.0,4064.0,4026.0,1314.0,53107860.0,23183
2023-05-09 21:06:06,b2307,b2307,4035.0,1.0,40350.0,1.0,38,4033.0,4035.0,7,4056.0,4053.0,4064.0,4026.0,1315.0,53148210.0,23184
2023-05-09 21:06:06,b2307,b2307,4035.0,0.0,0.0,0.0,50,4033.0,4035.0,10,4056.0,4053.0,4064.0,4026.0,1315.0,53148210.0,23184
2023-05-09 21:06:07,b2307,b2307,4035.0,0.0,0.0,0.0,38,4033.0,4035.0,10,4056.0,4053.0,4064.0,4026.0,1315.0,53148210.0,23184
2023-05-09 21:06:07,b2307,b2307,4035.0,0.0,0.0,0.0,30,4033.0,4035.0,6,4056.0,4053.0,4064.0,4026.0,1315.0,53148210.0,23184
2023-05-09 21:06:08,b2307,b2307,4035.0,1.0,40350.0,1.0,30,4033.0,4035.0,5,4056.0,4053.0,4064.0,4026.0,1316.0,53188560.0,23185
2023-05-09 21:06:09,b2307,b2307,4035.0,1.0,40350.0,0.0,30,4033.0,4035.0,5,4056.0,4053.0,4064.0,4026.0,1317.0,53228910.0,23185
2023-05-09 21:06:09,b2307,b2307,4035.0,0.0,0.0,0.0,30,4033.0,4035.0,6,4056.0,4053.0,4064.0,4026.0,1317.0,53228910.0,23185
2023-05-09 21:06:10,b2307,b2307,4035.0,0.0,0.0,0.0,35,4033.0,4035.0,5,4056.0,4053.0,4064.0,4026.0,1317.0,53228910.0,23185
2023-05-09 21:06:11,b2307,b2307,4035.0,0.0,0.0,0.0,8,4034.0,4035.0,5,4056.0,4053.0,4064.0,4026.0,1317.0,53228910.0,23185
2023-05-09 21:06:11,b2307,b2307,4035.0,0.0,0.0,0.0,9,4034.0,4035.0,1,4056.0,4053.0,4064.0,4026.0,1317.0,53228910.0,23185
2023-05-09 21:06:12,b2307,b2307,4035.0,0.0,0.0,0.0,9,4034.0,4035.0,5,4056.0,4053.0,4064.0,4026.0,1317.0,53228910.0,23185
2023-05-09 21:06:15,b2307,b2307,4035.0,0.0,0.0,0.0,9,4034.0,4035.0,1,4056.0,4053.0,4064.0,4026.0,1317.0,53228910.0,23185
2023-05-09 21:06:15,b2307,b2307,4035.0,0.0,0.0,0.0,11,4034.0,4035.0,5,4056.0,4053.0,4064.0,4026.0,1317.0,53228910.0,23185
2023-05-09 21:06:16,b2307,b2307,4035.0,2.0,80700.0,-2.0,12,4034.0,4036.0,31,4056.0,4053.0,4064.0,4026.0,1319.0,53309610.0,23183
2023-05-09 21:06:16,b2307,b2307,4035.0,0.0,0.0,0.0,17,4034.0,4036.0,12,4056.0,4053.0,4064.0,4026.0,1319.0,53309610.0,23183
2023-05-09 21:06:17,b2307,b2307,4035.0,0.0,0.0,0.0,22,4034.0,4036.0,7,4056.0,4053.0,4064.0,4026.0,1319.0,53309610.0,23183
2023-05-09 21:06:21,b2307,b2307,4035.0,0.0,0.0,0.0,22,4034.0,4036.0,8,4056.0,4053.0,4064.0,4026.0,1319.0,53309610.0,23183
2023-05-09 21:06:23,b2307,b2307,4035.0,0.0,0.0,0.0,20,4034.0,4036.0,8,4056.0,4053.0,4064.0,4026.0,1319.0,53309610.0,23183
2023-05-09 21:06:23,b2307,b2307,4035.0,0.0,0.0,0.0,15,4034.0,4036.0,8,4056.0,4053.0,4064.0,4026.0,1319.0,53309610.0,23183
2023-05-09 21:06:24,b2307,b2307,4035.0,0.0,0.0,0.0,1,4035.0,4036.0,8,4056.0,4053.0,4064.0,4026.0,1319.0,53309610.0,23183
2023-05-09 21:06:24,b2307,b2307,4035.0,1.0,40350.0,0.0,19,4034.0,4036.0,8,4056.0,4053.0,4064.0,4026.0,1320.0,53349960.0,23183
2023-05-09 21:06:26,b2307,b2307,4035.0,0.0,0.0,0.0,1,4035.0,4036.0,9,4056.0,4053.0,4064.0,4026.0,1320.0,53349960.0,23183
2023-05-09 21:06:27,b2307,b2307,4035.0,1.0,40350.0,-1.0,19,4034.0,4036.0,9,4056.0,4053.0,4064.0,4026.0,1321.0,53390310.0,23182
2023-05-09 21:06:30,b2307,b2307,4035.0,1.0,40350.0,0.0,11,4034.0,4035.0,3,4056.0,4053.0,4064.0,4026.0,1322.0,53430660.0,23182
2023-05-09 21:06:30,b2307,b2307,4034.0,11.0,443740.0,1.0,11,4033.0,4034.0,10,4056.0,4053.0,4064.0,4026.0,1333.0,53874400.0,23183
2023-05-09 21:06:31,b2307,b2307,4034.0,0.0,0.0,0.0,11,4033.0,4034.0,14,4056.0,4053.0,4064.0,4026.0,1333.0,53874400.0,23183
2023-05-09 21:06:31,b2307,b2307,4034.0,1.0,40340.0,1.0,11,4033.0,4034.0,13,4056.0,4053.0,4064.0,4026.0,1334.0,53914740.0,23184
2023-05-09 21:06:32,b2307,b2307,4034.0,0.0,0.0,0.0,7,4033.0,4034.0,13,4056.0,4053.0,4064.0,4026.0,1334.0,53914740.0,23184
2023-05-09 21:06:33,b2307,b2307,4033.0,7.0,282310.0,-1.0,14,4032.0,4034.0,13,4056.0,4053.0,4064.0,4026.0,1341.0,54197050.0,23183
2023-05-09 21:06:33,b2307,b2307,4033.0,0.0,0.0,0.0,7,4032.0,4034.0,18,4056.0,4053.0,4064.0,4026.0,1341.0,54197050.0,23183
2023-05-09 21:06:34,b2307,b2307,4033.0,0.0,0.0,0.0,24,4031.0,4034.0,24,4056.0,4053.0,4064.0,4026.0,1341.0,54197050.0,23183
2023-05-09 21:06:34,b2307,b2307,4033.0,0.0,0.0,0.0,1,4033.0,4034.0,24,4056.0,4053.0,4064.0,4026.0,1341.0,54197050.0,23183
2023-05-09 21:06:35,b2307,b2307,4032.0,3.0,120970.0,1.0,16,4032.0,4034.0,13,4056.0,4053.0,4064.0,4026.0,1344.0,54318020.0,23184
2023-05-09 21:06:35,b2307,b2307,4032.0,0.0,0.0,0.0,6,4032.0,4034.0,23,4056.0,4053.0,4064.0,4026.0,1344.0,54318020.0,23184
2023-05-09 21:06:36,b2307,b2307,4034.0,7.0,282380.0,0.0,4,4032.0,4034.0,16,4056.0,4053.0,4064.0,4026.0,1351.0,54600400.0,23184
2023-05-09 21:06:36,b2307,b2307,4034.0,0.0,0.0,0.0,4,4032.0,4034.0,17,4056.0,4053.0,4064.0,4026.0,1351.0,54600400.0,23184
2023-05-09 21:06:38,b2307,b2307,4034.0,0.0,0.0,0.0,7,4032.0,4034.0,17,4056.0,4053.0,4064.0,4026.0,1351.0,54600400.0,23184
2023-05-09 21:06:39,b2307,b2307,4034.0,20.0,806800.0,0.0,15,4032.0,4035.0,12,4056.0,4053.0,4064.0,4026.0,1371.0,55407200.0,23184
2023-05-09 21:06:39,b2307,b2307,4034.0,0.0,0.0,0.0,20,4032.0,4035.0,22,4056.0,4053.0,4064.0,4026.0,1371.0,55407200.0,23184
2023-05-09 21:06:39,b2307,b2307,4032.0,1.0,40320.0,1.0,19,4032.0,4035.0,22,4056.0,4053.0,4064.0,4026.0,1372.0,55447520.0,23185
2023-05-09 21:06:40,b2307,b2307,4032.0,0.0,0.0,0.0,20,4032.0,4035.0,22,4056.0,4053.0,4064.0,4026.0,1372.0,55447520.0,23185
2023-05-09 21:06:41,b2307,b2307,4032.0,0.0,0.0,0.0,18,4032.0,4035.0,22,4056.0,4053.0,4064.0,4026.0,1372.0,55447520.0,23185
2023-05-09 21:06:42,b2307,b2307,4035.0,1.0,40350.0,0.0,18,4032.0,4035.0,21,4056.0,4053.0,4064.0,4026.0,1373.0,55487870.0,23185
2023-05-09 21:06:43,b2307,b2307,4035.0,0.0,0.0,0.0,33,4032.0,4035.0,22,4056.0,4053.0,4064.0,4026.0,1373.0,55487870.0,23185
2023-05-09 21:06:43,b2307,b2307,4035.0,0.0,0.0,0.0,6,4033.0,4035.0,22,4056.0,4053.0,4064.0,4026.0,1373.0,55487870.0,23185
2023-05-09 21:06:47,b2307,b2307,4035.0,0.0,0.0,0.0,7,4033.0,4035.0,22,4056.0,4053.0,4064.0,4026.0,1373.0,55487870.0,23185
2023-05-09 21:06:49,b2307,b2307,4035.0,0.0,0.0,0.0,5,4033.0,4035.0,22,4056.0,4053.0,4064.0,4026.0,1373.0,55487870.0,23185
2023-05-09 21:06:50,b2307,b2307,4034.0,1.0,40340.0,0.0,10,4033.0,4035.0,17,4056.0,4053.0,4064.0,4026.0,1374.0,55528210.0,23185
2023-05-09 21:06:50,b2307,b2307,4034.0,0.0,0.0,0.0,7,4033.0,4035.0,22,4056.0,4053.0,4064.0,4026.0,1374.0,55528210.0,23185
2023-05-09 21:06:52,b2307,b2307,4034.0,0.0,0.0,0.0,9,4033.0,4035.0,22,4056.0,4053.0,4064.0,4026.0,1374.0,55528210.0,23185
2023-05-09 21:06:52,b2307,b2307,4034.0,0.0,0.0,0.0,7,4033.0,4035.0,22,4056.0,4053.0,4064.0,4026.0,1374.0,55528210.0,23185
2023-05-09 21:06:52,b2307,b2307,4033.0,1.0,40330.0,0.0,6,4033.0,4035.0,22,4056.0,4053.0,4064.0,4026.0,1375.0,55568540.0,23185
2023-05-09 21:06:54,b2307,b2307,4033.0,0.0,0.0,0.0,6,4033.0,4035.0,18,4056.0,4053.0,4064.0,4026.0,1375.0,55568540.0,23185
2023-05-09 21:06:59,b2307,b2307,4033.0,0.0,0.0,0.0,6,4033.0,4035.0,22,4056.0,4053.0,4064.0,4026.0,1375.0,55568540.0,23185
2023-05-09 21:06:59,b2307,b2307,4033.0,0.0,0.0,0.0,5,4033.0,4035.0,18,4056.0,4053.0,4064.0,4026.0,1375.0,55568540.0,23185
2023-05-09 21:07:00,b2307,b2307,4032.0,7.0,282280.0,-3.0,26,4032.0,4035.0,18,4056.0,4053.0,4064.0,4026.0,1382.0,55850820.0,23182
2023-05-09 21:07:01,b2307,b2307,4032.0,0.0,0.0,0.0,20,4032.0,4035.0,18,4056.0,4053.0,4064.0,4026.0,1382.0,55850820.0,23182
2023-05-09 21:07:05,b2307,b2307,4032.0,0.0,0.0,0.0,16,4032.0,4035.0,23,4056.0,4053.0,4064.0,4026.0,1382.0,55850820.0,23182
2023-05-09 21:07:06,b2307,b2307,4032.0,31.0,1249920.0,-7.0,9,4031.0,4033.0,8,4056.0,4053.0,4064.0,4026.0,1413.0,57100740.0,23175
2023-05-09 21:07:06,b2307,b2307,4032.0,0.0,0.0,0.0,2,4032.0,4033.0,4,4056.0,4053.0,4064.0,4026.0,1413.0,57100740.0,23175
2023-05-09 21:07:07,b2307,b2307,4033.0,4.0,161320.0,4.0,12,4032.0,4034.0,18,4056.0,4053.0,4064.0,4026.0,1417.0,57262060.0,23179
2023-05-09 21:07:09,b2307,b2307,4033.0,0.0,0.0,0.0,12,4032.0,4034.0,19,4056.0,4053.0,4064.0,4026.0,1417.0,57262060.0,23179
2023-05-09 21:07:11,b2307,b2307,4033.0,0.0,0.0,0.0,7,4032.0,4034.0,19,4056.0,4053.0,4064.0,4026.0,1417.0,57262060.0,23179
2023-05-09 21:07:11,b2307,b2307,4033.0,0.0,0.0,0.0,9,4032.0,4034.0,19,4056.0,4053.0,4064.0,4026.0,1417.0,57262060.0,23179
2023-05-09 21:07:14,b2307,b2307,4033.0,0.0,0.0,0.0,9,4032.0,4034.0,20,4056.0,4053.0,4064.0,4026.0,1417.0,57262060.0,23179
2023-05-09 21:07:24,b2307,b2307,4033.0,0.0,0.0,0.0,9,4032.0,4034.0,19,4056.0,4053.0,4064.0,4026.0,1417.0,57262060.0,23179
2023-05-09 21:07:24,b2307,b2307,4032.0,1.0,40320.0,1.0,8,4032.0,4034.0,19,4056.0,4053.0,4064.0,4026.0,1418.0,57302380.0,23180
2023-05-09 21:07:25,b2307,b2307,4032.0,0.0,0.0,0.0,8,4032.0,4034.0,20,4056.0,4053.0,4064.0,4026.0,1418.0,57302380.0,23180
2023-05-09 21:07:26,b2307,b2307,4032.0,1.0,40320.0,1.0,7,4032.0,4034.0,20,4056.0,4053.0,4064.0,4026.0,1419.0,57342700.0,23181
2023-05-09 21:07:29,b2307,b2307,4032.0,0.0,0.0,0.0,9,4032.0,4034.0,16,4056.0,4053.0,4064.0,4026.0,1419.0,57342700.0,23181
2023-05-09 21:07:31,b2307,b2307,4032.0,0.0,0.0,0.0,7,4032.0,4034.0,16,4056.0,4053.0,4064.0,4026.0,1419.0,57342700.0,23181
2023-05-09 21:07:31,b2307,b2307,4032.0,0.0,0.0,0.0,6,4032.0,4034.0,17,4056.0,4053.0,4064.0,4026.0,1419.0,57342700.0,23181
2023-05-09 21:07:33,b2307,b2307,4032.0,0.0,0.0,0.0,6,4032.0,4034.0,18,4056.0,4053.0,4064.0,4026.0,1419.0,57342700.0,23181
2023-05-09 21:07:34,b2307,b2307,4032.0,0.0,0.0,0.0,6,4032.0,4034.0,17,4056.0,4053.0,4064.0,4026.0,1419.0,57342700.0,23181
2023-05-09 21:07:37,b2307,b2307,4032.0,0.0,0.0,0.0,8,4032.0,4034.0,17,4056.0,4053.0,4064.0,4026.0,1419.0,57342700.0,23181
2023-05-09 21:07:40,b2307,b2307,4032.0,0.0,0.0,0.0,8,4032.0,4034.0,18,4056.0,4053.0,4064.0,4026.0,1419.0,57342700.0,23181
2023-05-09 21:07:42,b2307,b2307,4032.0,0.0,0.0,0.0,8,4032.0,4034.0,17,4056.0,4053.0,4064.0,4026.0,1419.0,57342700.0,23181
2023-05-09 21:07:43,b2307,b2307,4032.0,0.0,0.0,0.0,7,4032.0,4034.0,17,4056.0,4053.0,4064.0,4026.0,1419.0,57342700.0,23181
2023-05-09 21:07:44,b2307,b2307,4032.0,0.0,0.0,0.0,9,4032.0,4034.0,17,4056.0,4053.0,4064.0,4026.0,1419.0,57342700.0,23181
2023-05-09 21:07:44,b2307,b2307,4034.0,4.0,161360.0,0.0,9,4032.0,4034.0,5,4056.0,4053.0,4064.0,4026.0,1423.0,57504060.0,23181
2023-05-09 21:07:45,b2307,b2307,4034.0,0.0,0.0,0.0,19,4032.0,4034.0,5,4056.0,4053.0,4064.0,4026.0,1423.0,57504060.0,23181
2023-05-09 21:07:45,b2307,b2307,4033.0,1.0,40330.0,0.0,20,4032.0,4034.0,5,4056.0,4053.0,4064.0,4026.0,1424.0,57544390.0,23181
2023-05-09 21:07:46,b2307,b2307,4033.0,0.0,0.0,0.0,30,4032.0,4034.0,5,4056.0,4053.0,4064.0,4026.0,1424.0,57544390.0,23181
2023-05-09 21:07:46,b2307,b2307,4033.0,0.0,0.0,0.0,40,4032.0,4034.0,5,4056.0,4053.0,4064.0,4026.0,1424.0,57544390.0,23181
2023-05-09 21:07:47,b2307,b2307,4032.0,4.0,161320.0,3.0,42,4032.0,4034.0,5,4056.0,4053.0,4064.0,4026.0,1428.0,57705710.0,23184
2023-05-09 21:07:47,b2307,b2307,4034.0,5.0,201700.0,4.0,48,4032.0,4035.0,19,4056.0,4053.0,4064.0,4026.0,1433.0,57907410.0,23188
2023-05-09 21:07:49,b2307,b2307,4034.0,0.0,0.0,0.0,52,4032.0,4035.0,19,4056.0,4053.0,4064.0,4026.0,1433.0,57907410.0,23188
2023-05-09 21:07:49,b2307,b2307,4034.0,0.0,0.0,0.0,57,4032.0,4035.0,19,4056.0,4053.0,4064.0,4026.0,1433.0,57907410.0,23188
2023-05-09 21:07:53,b2307,b2307,4034.0,0.0,0.0,0.0,4,4033.0,4035.0,19,4056.0,4053.0,4064.0,4026.0,1433.0,57907410.0,23188
2023-05-09 21:07:53,b2307,b2307,4034.0,0.0,0.0,0.0,13,4033.0,4035.0,17,4056.0,4053.0,4064.0,4026.0,1433.0,57907410.0,23188
2023-05-09 21:07:54,b2307,b2307,4034.0,0.0,0.0,0.0,23,4033.0,4035.0,12,4056.0,4053.0,4064.0,4026.0,1433.0,57907410.0,23188
2023-05-09 21:07:54,b2307,b2307,4034.0,0.0,0.0,0.0,33,4033.0,4035.0,7,4056.0,4053.0,4064.0,4026.0,1433.0,57907410.0,23188
2023-05-09 21:07:55,b2307,b2307,4034.0,0.0,0.0,0.0,41,4033.0,4035.0,3,4056.0,4053.0,4064.0,4026.0,1433.0,57907410.0,23188
2023-05-09 21:07:55,b2307,b2307,4035.0,1.0,40350.0,0.0,12,4034.0,4036.0,25,4056.0,4053.0,4064.0,4026.0,1434.0,57947760.0,23188
2023-05-09 21:07:56,b2307,b2307,4035.0,0.0,0.0,0.0,10,4034.0,4036.0,19,4056.0,4053.0,4064.0,4026.0,1434.0,57947760.0,23188
2023-05-09 21:07:56,b2307,b2307,4035.0,0.0,0.0,0.0,10,4034.0,4036.0,18,4056.0,4053.0,4064.0,4026.0,1434.0,57947760.0,23188
2023-05-09 21:07:57,b2307,b2307,4035.0,0.0,0.0,0.0,12,4034.0,4036.0,19,4056.0,4053.0,4064.0,4026.0,1434.0,57947760.0,23188
2023-05-09 21:07:57,b2307,b2307,4035.0,0.0,0.0,0.0,13,4034.0,4036.0,20,4056.0,4053.0,4064.0,4026.0,1434.0,57947760.0,23188
2023-05-09 21:07:59,b2307,b2307,4035.0,0.0,0.0,0.0,8,4034.0,4036.0,20,4056.0,4053.0,4064.0,4026.0,1434.0,57947760.0,23188
2023-05-09 21:07:59,b2307,b2307,4035.0,0.0,0.0,0.0,13,4034.0,4036.0,20,4056.0,4053.0,4064.0,4026.0,1434.0,57947760.0,23188
2023-05-09 21:08:01,b2307,b2307,4034.0,1.0,40340.0,1.0,10,4034.0,4036.0,16,4056.0,4053.0,4064.0,4026.0,1435.0,57988100.0,23189
2023-05-09 21:08:01,b2307,b2307,4034.0,0.0,0.0,0.0,10,4034.0,4036.0,15,4056.0,4053.0,4064.0,4026.0,1435.0,57988100.0,23189
2023-05-09 21:08:02,b2307,b2307,4034.0,0.0,0.0,0.0,10,4034.0,4036.0,10,4056.0,4053.0,4064.0,4026.0,1435.0,57988100.0,23189
2023-05-09 21:08:02,b2307,b2307,4034.0,0.0,0.0,0.0,15,4034.0,4036.0,9,4056.0,4053.0,4064.0,4026.0,1435.0,57988100.0,23189
2023-05-09 21:08:08,b2307,b2307,4034.0,0.0,0.0,0.0,17,4034.0,4036.0,9,4056.0,4053.0,4064.0,4026.0,1435.0,57988100.0,23189
2023-05-09 21:08:08,b2307,b2307,4034.0,0.0,0.0,0.0,15,4034.0,4036.0,10,4056.0,4053.0,4064.0,4026.0,1435.0,57988100.0,23189
2023-05-09 21:08:11,b2307,b2307,4034.0,0.0,0.0,0.0,17,4034.0,4036.0,11,4056.0,4053.0,4064.0,4026.0,1435.0,57988100.0,23189
2023-05-09 21:08:11,b2307,b2307,4034.0,12.0,484080.0,-9.0,8,4033.0,4034.0,3,4056.0,4053.0,4064.0,4026.0,1447.0,58472180.0,23180
2023-05-09 21:08:12,b2307,b2307,4034.0,2.0,80680.0,-1.0,7,4033.0,4035.0,12,4056.0,4053.0,4064.0,4026.0,1449.0,58552860.0,23179
2023-05-09 21:08:12,b2307,b2307,4034.0,0.0,0.0,0.0,7,4033.0,4035.0,16,4056.0,4053.0,4064.0,4026.0,1449.0,58552860.0,23179
2023-05-09 21:08:13,b2307,b2307,4034.0,0.0,0.0,0.0,8,4033.0,4035.0,17,4056.0,4053.0,4064.0,4026.0,1449.0,58552860.0,23179
2023-05-09 21:08:14,b2307,b2307,4034.0,0.0,0.0,0.0,34,4033.0,4035.0,17,4056.0,4053.0,4064.0,4026.0,1449.0,58552860.0,23179
2023-05-09 21:08:14,b2307,b2307,4034.0,0.0,0.0,0.0,26,4033.0,4035.0,7,4056.0,4053.0,4064.0,4026.0,1449.0,58552860.0,23179
2023-05-09 21:08:14,b2307,b2307,4034.0,0.0,0.0,0.0,21,4033.0,4035.0,7,4056.0,4053.0,4064.0,4026.0,1449.0,58552860.0,23179
2023-05-09 21:08:15,b2307,b2307,4034.0,0.0,0.0,0.0,17,4033.0,4035.0,7,4056.0,4053.0,4064.0,4026.0,1449.0,58552860.0,23179
2023-05-09 21:08:16,b2307,b2307,4034.0,0.0,0.0,0.0,16,4033.0,4035.0,7,4056.0,4053.0,4064.0,4026.0,1449.0,58552860.0,23179
2023-05-09 21:08:18,b2307,b2307,4034.0,0.0,0.0,0.0,16,4033.0,4035.0,8,4056.0,4053.0,4064.0,4026.0,1449.0,58552860.0,23179
2023-05-09 21:08:20,b2307,b2307,4034.0,0.0,0.0,0.0,9,4033.0,4035.0,8,4056.0,4053.0,4064.0,4026.0,1449.0,58552860.0,23179
2023-05-09 21:08:22,b2307,b2307,4034.0,0.0,0.0,0.0,9,4033.0,4035.0,9,4056.0,4053.0,4064.0,4026.0,1449.0,58552860.0,23179
2023-05-09 21:08:22,b2307,b2307,4034.0,0.0,0.0,0.0,9,4033.0,4035.0,8,4056.0,4053.0,4064.0,4026.0,1449.0,58552860.0,23179
2023-05-09 21:08:25,b2307,b2307,4034.0,0.0,0.0,0.0,14,4033.0,4035.0,8,4056.0,4053.0,4064.0,4026.0,1449.0,58552860.0,23179
2023-05-09 21:08:26,b2307,b2307,4034.0,1.0,40340.0,0.0,13,4033.0,4035.0,12,4056.0,4053.0,4064.0,4026.0,1450.0,58593200.0,23179
2023-05-09 21:08:26,b2307,b2307,4034.0,0.0,0.0,0.0,9,4033.0,4035.0,12,4056.0,4053.0,4064.0,4026.0,1450.0,58593200.0,23179
2023-05-09 21:08:27,b2307,b2307,4034.0,4.0,161360.0,0.0,4,4033.0,4035.0,17,4056.0,4053.0,4064.0,4026.0,1454.0,58754560.0,23179
2023-05-09 21:08:27,b2307,b2307,4034.0,0.0,0.0,0.0,7,4033.0,4035.0,17,4056.0,4053.0,4064.0,4026.0,1454.0,58754560.0,23179
2023-05-09 21:08:28,b2307,b2307,4034.0,0.0,0.0,0.0,4,4033.0,4035.0,17,4056.0,4053.0,4064.0,4026.0,1454.0,58754560.0,23179
2023-05-09 21:08:29,b2307,b2307,4034.0,0.0,0.0,0.0,4,4033.0,4035.0,19,4056.0,4053.0,4064.0,4026.0,1454.0,58754560.0,23179
2023-05-09 21:08:30,b2307,b2307,4034.0,0.0,0.0,0.0,7,4033.0,4035.0,17,4056.0,4053.0,4064.0,4026.0,1454.0,58754560.0,23179
2023-05-09 21:08:30,b2307,b2307,4034.0,0.0,0.0,0.0,4,4033.0,4035.0,17,4056.0,4053.0,4064.0,4026.0,1454.0,58754560.0,23179
2023-05-09 21:08:31,b2307,b2307,4033.0,1.0,40330.0,-1.0,6,4033.0,4035.0,16,4056.0,4053.0,4064.0,4026.0,1455.0,58794890.0,23178
2023-05-09 21:08:32,b2307,b2307,4033.0,2.0,80660.0,0.0,4,4033.0,4035.0,16,4056.0,4053.0,4064.0,4026.0,1457.0,58875550.0,23178
2023-05-09 21:08:34,b2307,b2307,4033.0,1.0,40330.0,-1.0,50,4032.0,4035.0,19,4056.0,4053.0,4064.0,4026.0,1458.0,58915880.0,23177
2023-05-09 21:08:34,b2307,b2307,4033.0,0.0,0.0,0.0,54,4032.0,4035.0,19,4056.0,4053.0,4064.0,4026.0,1458.0,58915880.0,23177
2023-05-09 21:08:35,b2307,b2307,4033.0,0.0,0.0,0.0,52,4032.0,4035.0,19,4056.0,4053.0,4064.0,4026.0,1458.0,58915880.0,23177
2023-05-09 21:08:35,b2307,b2307,4033.0,0.0,0.0,0.0,44,4032.0,4035.0,19,4056.0,4053.0,4064.0,4026.0,1458.0,58915880.0,23177
2023-05-09 21:08:36,b2307,b2307,4033.0,0.0,0.0,0.0,4,4033.0,4035.0,20,4056.0,4053.0,4064.0,4026.0,1458.0,58915880.0,23177
2023-05-09 21:08:37,b2307,b2307,4033.0,0.0,0.0,0.0,7,4033.0,4035.0,19,4056.0,4053.0,4064.0,4026.0,1458.0,58915880.0,23177
2023-05-09 21:08:38,b2307,b2307,4033.0,5.0,201650.0,0.0,40,4032.0,4035.0,19,4056.0,4053.0,4064.0,4026.0,1463.0,59117530.0,23177
2023-05-09 21:08:38,b2307,b2307,4033.0,0.0,0.0,0.0,8,4033.0,4035.0,19,4056.0,4053.0,4064.0,4026.0,1463.0,59117530.0,23177
2023-05-09 21:08:38,b2307,b2307,4033.0,0.0,0.0,0.0,12,4033.0,4035.0,19,4056.0,4053.0,4064.0,4026.0,1463.0,59117530.0,23177
2023-05-09 21:08:39,b2307,b2307,4033.0,11.0,443630.0,-1.0,41,4032.0,4035.0,19,4056.0,4053.0,4064.0,4026.0,1474.0,59561160.0,23176
2023-05-09 21:08:40,b2307,b2307,4033.0,0.0,0.0,0.0,41,4032.0,4034.0,4,4056.0,4053.0,4064.0,4026.0,1474.0,59561160.0,23176
2023-05-09 21:08:40,b2307,b2307,4033.0,0.0,0.0,0.0,39,4032.0,4034.0,8,4056.0,4053.0,4064.0,4026.0,1474.0,59561160.0,23176
2023-05-09 21:08:42,b2307,b2307,4033.0,0.0,0.0,0.0,40,4032.0,4034.0,8,4056.0,4053.0,4064.0,4026.0,1474.0,59561160.0,23176
2023-05-09 21:08:43,b2307,b2307,4032.0,43.0,1733760.0,-2.0,2,4032.0,4034.0,12,4056.0,4053.0,4064.0,4026.0,1517.0,61294920.0,23174
2023-05-09 21:08:43,b2307,b2307,4032.0,0.0,0.0,0.0,4,4032.0,4034.0,11,4056.0,4053.0,4064.0,4026.0,1517.0,61294920.0,23174
2023-05-09 21:08:44,b2307,b2307,4032.0,0.0,0.0,0.0,4,4032.0,4034.0,16,4056.0,4053.0,4064.0,4026.0,1517.0,61294920.0,23174
2023-05-09 21:08:44,b2307,b2307,4032.0,2.0,80640.0,0.0,2,4032.0,4034.0,11,4056.0,4053.0,4064.0,4026.0,1519.0,61375560.0,23174
2023-05-09 21:08:44,b2307,b2307,4032.0,0.0,0.0,0.0,2,4032.0,4034.0,16,4056.0,4053.0,4064.0,4026.0,1519.0,61375560.0,23174
2023-05-09 21:08:46,b2307,b2307,4032.0,0.0,0.0,0.0,3,4032.0,4034.0,16,4056.0,4053.0,4064.0,4026.0,1519.0,61375560.0,23174
2023-05-09 21:08:48,b2307,b2307,4032.0,0.0,0.0,0.0,4,4032.0,4034.0,16,4056.0,4053.0,4064.0,4026.0,1519.0,61375560.0,23174
2023-05-09 21:08:50,b2307,b2307,4032.0,0.0,0.0,0.0,4,4032.0,4034.0,17,4056.0,4053.0,4064.0,4026.0,1519.0,61375560.0,23174
2023-05-09 21:08:52,b2307,b2307,4032.0,0.0,0.0,0.0,4,4032.0,4034.0,16,4056.0,4053.0,4064.0,4026.0,1519.0,61375560.0,23174
2023-05-09 21:08:53,b2307,b2307,4032.0,0.0,0.0,0.0,1,4032.0,4034.0,10,4056.0,4053.0,4064.0,4026.0,1519.0,61375560.0,23174
2023-05-09 21:08:54,b2307,b2307,4032.0,1.0,40320.0,1.0,40,4031.0,4034.0,10,4056.0,4053.0,4064.0,4026.0,1520.0,61415880.0,23175
2023-05-09 21:08:54,b2307,b2307,4032.0,0.0,0.0,0.0,35,4031.0,4034.0,10,4056.0,4053.0,4064.0,4026.0,1520.0,61415880.0,23175
2023-05-09 21:08:55,b2307,b2307,4031.0,1.0,40310.0,1.0,34,4031.0,4033.0,4,4056.0,4053.0,4064.0,4026.0,1521.0,61456190.0,23176
2023-05-09 21:08:55,b2307,b2307,4031.0,0.0,0.0,0.0,19,4031.0,4033.0,8,4056.0,4053.0,4064.0,4026.0,1521.0,61456190.0,23176
2023-05-09 21:08:56,b2307,b2307,4031.0,1.0,40310.0,1.0,18,4031.0,4033.0,8,4056.0,4053.0,4064.0,4026.0,1522.0,61496500.0,23177
2023-05-09 21:08:56,b2307,b2307,4031.0,0.0,0.0,0.0,18,4031.0,4033.0,9,4056.0,4053.0,4064.0,4026.0,1522.0,61496500.0,23177
2023-05-09 21:09:00,b2307,b2307,4031.0,1.0,40310.0,0.0,17,4031.0,4033.0,9,4056.0,4053.0,4064.0,4026.0,1523.0,61536810.0,23177
2023-05-09 21:09:01,b2307,b2307,4031.0,0.0,0.0,0.0,13,4031.0,4033.0,9,4056.0,4053.0,4064.0,4026.0,1523.0,61536810.0,23177
2023-05-09 21:09:01,b2307,b2307,4031.0,0.0,0.0,0.0,7,4031.0,4032.0,4,4056.0,4053.0,4064.0,4026.0,1523.0,61536810.0,23177
2023-05-09 21:09:02,b2307,b2307,4031.0,0.0,0.0,0.0,2,4031.0,4032.0,4,4056.0,4053.0,4064.0,4026.0,1523.0,61536810.0,23177
2023-05-09 21:09:02,b2307,b2307,4031.0,2.0,80620.0,-1.0,18,4030.0,4032.0,5,4056.0,4053.0,4064.0,4026.0,1525.0,61617430.0,23176
2023-05-09 21:09:03,b2307,b2307,4031.0,0.0,0.0,0.0,17,4030.0,4032.0,5,4056.0,4053.0,4064.0,4026.0,1525.0,61617430.0,23176
2023-05-09 21:09:05,b2307,b2307,4032.0,2.0,80640.0,0.0,17,4030.0,4032.0,3,4056.0,4053.0,4064.0,4026.0,1527.0,61698070.0,23176
2023-05-09 21:09:06,b2307,b2307,4032.0,0.0,0.0,0.0,18,4030.0,4032.0,6,4056.0,4053.0,4064.0,4026.0,1527.0,61698070.0,23176
2023-05-09 21:09:06,b2307,b2307,4032.0,0.0,0.0,0.0,17,4030.0,4032.0,6,4056.0,4053.0,4064.0,4026.0,1527.0,61698070.0,23176
2023-05-09 21:09:07,b2307,b2307,4032.0,0.0,0.0,0.0,16,4030.0,4032.0,7,4056.0,4053.0,4064.0,4026.0,1527.0,61698070.0,23176
2023-05-09 21:09:08,b2307,b2307,4030.0,3.0,120900.0,-2.0,13,4030.0,4032.0,7,4056.0,4053.0,4064.0,4026.0,1530.0,61818970.0,23174
2023-05-09 21:09:08,b2307,b2307,4030.0,0.0,0.0,0.0,8,4030.0,4032.0,7,4056.0,4053.0,4064.0,4026.0,1530.0,61818970.0,23174
2023-05-09 21:09:09,b2307,b2307,4030.0,0.0,0.0,0.0,12,4030.0,4032.0,7,4056.0,4053.0,4064.0,4026.0,1530.0,61818970.0,23174
2023-05-09 21:09:10,b2307,b2307,4030.0,0.0,0.0,0.0,13,4030.0,4032.0,7,4056.0,4053.0,4064.0,4026.0,1530.0,61818970.0,23174
2023-05-09 21:09:10,b2307,b2307,4030.0,0.0,0.0,0.0,12,4030.0,4032.0,7,4056.0,4053.0,4064.0,4026.0,1530.0,61818970.0,23174
2023-05-09 21:09:11,b2307,b2307,4030.0,0.0,0.0,0.0,10,4030.0,4032.0,7,4056.0,4053.0,4064.0,4026.0,1530.0,61818970.0,23174
2023-05-09 21:09:11,b2307,b2307,4030.0,0.0,0.0,0.0,8,4030.0,4032.0,7,4056.0,4053.0,4064.0,4026.0,1530.0,61818970.0,23174
2023-05-09 21:09:12,b2307,b2307,4030.0,0.0,0.0,0.0,12,4030.0,4032.0,7,4056.0,4053.0,4064.0,4026.0,1530.0,61818970.0,23174
2023-05-09 21:09:12,b2307,b2307,4030.0,0.0,0.0,0.0,12,4030.0,4032.0,6,4056.0,4053.0,4064.0,4026.0,1530.0,61818970.0,23174
2023-05-09 21:09:16,b2307,b2307,4030.0,0.0,0.0,0.0,18,4030.0,4032.0,6,4056.0,4053.0,4064.0,4026.0,1530.0,61818970.0,23174
2023-05-09 21:09:16,b2307,b2307,4030.0,0.0,0.0,0.0,2,4031.0,4032.0,3,4056.0,4053.0,4064.0,4026.0,1530.0,61818970.0,23174
2023-05-09 21:09:17,b2307,b2307,4030.0,0.0,0.0,0.0,6,4031.0,4032.0,3,4056.0,4053.0,4064.0,4026.0,1530.0,61818970.0,23174
2023-05-09 21:09:18,b2307,b2307,4030.0,0.0,0.0,0.0,10,4031.0,4032.0,3,4056.0,4053.0,4064.0,4026.0,1530.0,61818970.0,23174
2023-05-09 21:09:18,b2307,b2307,4032.0,4.0,161280.0,-1.0,3,4032.0,4033.0,12,4056.0,4053.0,4064.0,4026.0,1534.0,61980250.0,23173
2023-05-09 21:09:18,b2307,b2307,4032.0,0.0,0.0,0.0,3,4032.0,4033.0,7,4056.0,4053.0,4064.0,4026.0,1534.0,61980250.0,23173
2023-05-09 21:09:20,b2307,b2307,4032.0,0.0,0.0,0.0,7,4032.0,4033.0,5,4056.0,4053.0,4064.0,4026.0,1534.0,61980250.0,23173
2023-05-09 21:09:20,b2307,b2307,4032.0,6.0,241920.0,-3.0,30,4031.0,4033.0,5,4056.0,4053.0,4064.0,4026.0,1540.0,62222170.0,23170
2023-05-09 21:09:21,b2307,b2307,4032.0,0.0,0.0,0.0,30,4031.0,4033.0,7,4056.0,4053.0,4064.0,4026.0,1540.0,62222170.0,23170
2023-05-09 21:09:22,b2307,b2307,4032.0,0.0,0.0,0.0,26,4031.0,4033.0,5,4056.0,4053.0,4064.0,4026.0,1540.0,62222170.0,23170
2023-05-09 21:09:22,b2307,b2307,4033.0,5.0,201650.0,0.0,16,4031.0,4034.0,26,4056.0,4053.0,4064.0,4026.0,1545.0,62423820.0,23170
2023-05-09 21:09:23,b2307,b2307,4033.0,0.0,0.0,0.0,17,4031.0,4034.0,21,4056.0,4053.0,4064.0,4026.0,1545.0,62423820.0,23170
2023-05-09 21:09:26,b2307,b2307,4032.0,3.0,120960.0,3.0,17,4031.0,4034.0,21,4056.0,4053.0,4064.0,4026.0,1548.0,62544780.0,23173
2023-05-09 21:09:31,b2307,b2307,4032.0,0.0,0.0,0.0,22,4031.0,4033.0,2,4056.0,4053.0,4064.0,4026.0,1548.0,62544780.0,23173
2023-05-09 21:09:32,b2307,b2307,4032.0,0.0,0.0,0.0,17,4031.0,4033.0,4,4056.0,4053.0,4064.0,4026.0,1548.0,62544780.0,23173
2023-05-09 21:09:33,b2307,b2307,4032.0,0.0,0.0,0.0,23,4031.0,4033.0,5,4056.0,4053.0,4064.0,4026.0,1548.0,62544780.0,23173
2023-05-09 21:09:34,b2307,b2307,4032.0,0.0,0.0,0.0,23,4031.0,4033.0,7,4056.0,4053.0,4064.0,4026.0,1548.0,62544780.0,23173
2023-05-09 21:09:34,b2307,b2307,4032.0,0.0,0.0,0.0,22,4031.0,4033.0,7,4056.0,4053.0,4064.0,4026.0,1548.0,62544780.0,23173
2023-05-09 21:09:35,b2307,b2307,4032.0,0.0,0.0,0.0,22,4031.0,4033.0,9,4056.0,4053.0,4064.0,4026.0,1548.0,62544780.0,23173
2023-05-09 21:09:37,b2307,b2307,4031.0,1.0,40310.0,0.0,21,4031.0,4033.0,9,4056.0,4053.0,4064.0,4026.0,1549.0,62585090.0,23173
2023-05-09 21:09:40,b2307,b2307,4031.0,17.0,685270.0,-5.0,29,4030.0,4033.0,9,4056.0,4053.0,4064.0,4026.0,1566.0,63270360.0,23168
2023-05-09 21:09:41,b2307,b2307,4031.0,0.0,0.0,0.0,33,4030.0,4032.0,12,4056.0,4053.0,4064.0,4026.0,1566.0,63270360.0,23168
2023-05-09 21:09:41,b2307,b2307,4031.0,0.0,0.0,0.0,38,4030.0,4032.0,12,4056.0,4053.0,4064.0,4026.0,1566.0,63270360.0,23168
2023-05-09 21:09:42,b2307,b2307,4031.0,0.0,0.0,0.0,36,4030.0,4032.0,10,4056.0,4053.0,4064.0,4026.0,1566.0,63270360.0,23168
2023-05-09 21:09:44,b2307,b2307,4031.0,0.0,0.0,0.0,7,4031.0,4032.0,8,4056.0,4053.0,4064.0,4026.0,1566.0,63270360.0,23168
2023-05-09 21:09:45,b2307,b2307,4031.0,0.0,0.0,0.0,7,4031.0,4032.0,9,4056.0,4053.0,4064.0,4026.0,1566.0,63270360.0,23168
2023-05-09 21:09:46,b2307,b2307,4031.0,0.0,0.0,0.0,8,4031.0,4032.0,9,4056.0,4053.0,4064.0,4026.0,1566.0,63270360.0,23168
2023-05-09 21:09:47,b2307,b2307,4031.0,8.0,322480.0,1.0,45,4030.0,4032.0,7,4056.0,4053.0,4064.0,4026.0,1574.0,63592840.0,23169
2023-05-09 21:09:48,b2307,b2307,4031.0,0.0,0.0,0.0,36,4030.0,4032.0,7,4056.0,4053.0,4064.0,4026.0,1574.0,63592840.0,23169
2023-05-09 21:09:48,b2307,b2307,4031.0,0.0,0.0,0.0,37,4030.0,4032.0,7,4056.0,4053.0,4064.0,4026.0,1574.0,63592840.0,23169
2023-05-09 21:09:49,b2307,b2307,4031.0,0.0,0.0,0.0,36,4030.0,4032.0,7,4056.0,4053.0,4064.0,4026.0,1574.0,63592840.0,23169
2023-05-09 21:09:50,b2307,b2307,4031.0,0.0,0.0,0.0,42,4030.0,4032.0,7,4056.0,4053.0,4064.0,4026.0,1574.0,63592840.0,23169
2023-05-09 21:09:51,b2307,b2307,4031.0,0.0,0.0,0.0,39,4030.0,4032.0,5,4056.0,4053.0,4064.0,4026.0,1574.0,63592840.0,23169
2023-05-09 21:09:51,b2307,b2307,4031.0,0.0,0.0,0.0,45,4030.0,4032.0,5,4056.0,4053.0,4064.0,4026.0,1574.0,63592840.0,23169
2023-05-09 21:09:52,b2307,b2307,4031.0,0.0,0.0,0.0,42,4030.0,4032.0,5,4056.0,4053.0,4064.0,4026.0,1574.0,63592840.0,23169
2023-05-09 21:09:52,b2307,b2307,4031.0,0.0,0.0,0.0,38,4030.0,4032.0,5,4056.0,4053.0,4064.0,4026.0,1574.0,63592840.0,23169
2023-05-09 21:09:53,b2307,b2307,4031.0,0.0,0.0,0.0,42,4030.0,4032.0,5,4056.0,4053.0,4064.0,4026.0,1574.0,63592840.0,23169
2023-05-09 21:09:56,b2307,b2307,4031.0,0.0,0.0,0.0,36,4030.0,4032.0,5,4056.0,4053.0,4064.0,4026.0,1574.0,63592840.0,23169
2023-05-09 21:09:56,b2307,b2307,4032.0,5.0,201600.0,-1.0,43,4030.0,4033.0,22,4056.0,4053.0,4064.0,4026.0,1579.0,63794440.0,23168
2023-05-09 21:09:57,b2307,b2307,4032.0,0.0,0.0,0.0,43,4030.0,4033.0,17,4056.0,4053.0,4064.0,4026.0,1579.0,63794440.0,23168
2023-05-09 21:09:57,b2307,b2307,4032.0,0.0,0.0,0.0,10,4032.0,4033.0,17,4056.0,4053.0,4064.0,4026.0,1579.0,63794440.0,23168
2023-05-09 21:09:58,b2307,b2307,4032.0,0.0,0.0,0.0,10,4032.0,4033.0,6,4056.0,4053.0,4064.0,4026.0,1579.0,63794440.0,23168
2023-05-09 21:09:58,b2307,b2307,4032.0,5.0,201600.0,0.0,5,4032.0,4033.0,6,4056.0,4053.0,4064.0,4026.0,1584.0,63996040.0,23168
2023-05-09 21:09:59,b2307,b2307,4032.0,0.0,0.0,0.0,9,4032.0,4033.0,4,4056.0,4053.0,4064.0,4026.0,1584.0,63996040.0,23168
2023-05-09 21:10:00,b2307,b2307,4032.0,0.0,0.0,0.0,5,4032.0,4033.0,4,4056.0,4053.0,4064.0,4026.0,1584.0,63996040.0,23168
2023-05-09 21:10:01,b2307,b2307,4033.0,2.0,80660.0,0.0,1,4033.0,4034.0,25,4056.0,4053.0,4064.0,4026.0,1586.0,64076700.0,23168
2023-05-09 21:10:01,b2307,b2307,4033.0,1.0,40330.0,0.0,23,4032.0,4034.0,7,4056.0,4053.0,4064.0,4026.0,1587.0,64117030.0,23168
2023-05-09 21:10:02,b2307,b2307,4033.0,0.0,0.0,0.0,33,4032.0,4034.0,7,4056.0,4053.0,4064.0,4026.0,1587.0,64117030.0,23168
2023-05-09 21:10:02,b2307,b2307,4033.0,0.0,0.0,0.0,36,4032.0,4034.0,7,4056.0,4053.0,4064.0,4026.0,1587.0,64117030.0,23168
2023-05-09 21:10:02,b2307,b2307,4033.0,0.0,0.0,0.0,37,4032.0,4034.0,7,4056.0,4053.0,4064.0,4026.0,1587.0,64117030.0,23168
2023-05-09 21:10:03,b2307,b2307,4033.0,0.0,0.0,0.0,1,4033.0,4034.0,3,4056.0,4053.0,4064.0,4026.0,1587.0,64117030.0,23168
2023-05-09 21:10:04,b2307,b2307,4033.0,0.0,0.0,0.0,5,4033.0,4034.0,7,4056.0,4053.0,4064.0,4026.0,1587.0,64117030.0,23168
2023-05-09 21:10:04,b2307,b2307,4033.0,0.0,0.0,0.0,1,4033.0,4034.0,7,4056.0,4053.0,4064.0,4026.0,1587.0,64117030.0,23168
2023-05-09 21:10:05,b2307,b2307,4033.0,0.0,0.0,0.0,2,4033.0,4034.0,7,4056.0,4053.0,4064.0,4026.0,1587.0,64117030.0,23168
2023-05-09 21:10:06,b2307,b2307,4033.0,0.0,0.0,0.0,6,4033.0,4034.0,11,4056.0,4053.0,4064.0,4026.0,1587.0,64117030.0,23168
2023-05-09 21:10:06,b2307,b2307,4033.0,4.0,161320.0,-1.0,39,4032.0,4034.0,7,4056.0,4053.0,4064.0,4026.0,1591.0,64278350.0,23167
2023-05-09 21:10:07,b2307,b2307,4033.0,0.0,0.0,0.0,38,4032.0,4034.0,8,4056.0,4053.0,4064.0,4026.0,1591.0,64278350.0,23167
2023-05-09 21:10:07,b2307,b2307,4033.0,0.0,0.0,0.0,25,4032.0,4034.0,9,4056.0,4053.0,4064.0,4026.0,1591.0,64278350.0,23167
2023-05-09 21:10:08,b2307,b2307,4033.0,0.0,0.0,0.0,33,4032.0,4034.0,12,4056.0,4053.0,4064.0,4026.0,1591.0,64278350.0,23167
2023-05-09 21:10:08,b2307,b2307,4033.0,0.0,0.0,0.0,30,4032.0,4034.0,12,4056.0,4053.0,4064.0,4026.0,1591.0,64278350.0,23167
2023-05-09 21:10:09,b2307,b2307,4033.0,0.0,0.0,0.0,31,4032.0,4034.0,12,4056.0,4053.0,4064.0,4026.0,1591.0,64278350.0,23167
2023-05-09 21:10:09,b2307,b2307,4033.0,0.0,0.0,0.0,30,4032.0,4034.0,12,4056.0,4053.0,4064.0,4026.0,1591.0,64278350.0,23167
2023-05-09 21:10:11,b2307,b2307,4033.0,0.0,0.0,0.0,30,4032.0,4034.0,11,4056.0,4053.0,4064.0,4026.0,1591.0,64278350.0,23167
2023-05-09 21:10:12,b2307,b2307,4032.0,2.0,80650.0,2.0,29,4032.0,4034.0,12,4056.0,4053.0,4064.0,4026.0,1593.0,64359000.0,23169
2023-05-09 21:10:12,b2307,b2307,4032.0,0.0,0.0,0.0,19,4032.0,4034.0,12,4056.0,4053.0,4064.0,4026.0,1593.0,64359000.0,23169
2023-05-09 21:10:13,b2307,b2307,4032.0,0.0,0.0,0.0,21,4032.0,4034.0,13,4056.0,4053.0,4064.0,4026.0,1593.0,64359000.0,23169
2023-05-09 21:10:13,b2307,b2307,4032.0,0.0,0.0,0.0,21,4032.0,4034.0,14,4056.0,4053.0,4064.0,4026.0,1593.0,64359000.0,23169
2023-05-09 21:10:15,b2307,b2307,4032.0,0.0,0.0,0.0,16,4032.0,4033.0,5,4056.0,4053.0,4064.0,4026.0,1593.0,64359000.0,23169
2023-05-09 21:10:16,b2307,b2307,4032.0,0.0,0.0,0.0,10,4032.0,4033.0,6,4056.0,4053.0,4064.0,4026.0,1593.0,64359000.0,23169
2023-05-09 21:10:17,b2307,b2307,4032.0,0.0,0.0,0.0,6,4032.0,4033.0,5,4056.0,4053.0,4064.0,4026.0,1593.0,64359000.0,23169
2023-05-09 21:10:17,b2307,b2307,4032.0,0.0,0.0,0.0,12,4032.0,4033.0,5,4056.0,4053.0,4064.0,4026.0,1593.0,64359000.0,23169
2023-05-09 21:10:18,b2307,b2307,4033.0,4.0,161320.0,0.0,18,4032.0,4034.0,24,4056.0,4053.0,4064.0,4026.0,1597.0,64520320.0,23169
2023-05-09 21:10:22,b2307,b2307,4032.0,2.0,80640.0,2.0,16,4032.0,4034.0,24,4056.0,4053.0,4064.0,4026.0,1599.0,64600960.0,23171
2023-05-09 21:10:24,b2307,b2307,4032.0,0.0,0.0,0.0,17,4032.0,4034.0,24,4056.0,4053.0,4064.0,4026.0,1599.0,64600960.0,23171
2023-05-09 21:10:26,b2307,b2307,4032.0,0.0,0.0,0.0,18,4032.0,4034.0,24,4056.0,4053.0,4064.0,4026.0,1599.0,64600960.0,23171
2023-05-09 21:10:27,b2307,b2307,4032.0,0.0,0.0,0.0,17,4032.0,4034.0,23,4056.0,4053.0,4064.0,4026.0,1599.0,64600960.0,23171
