time,symbol_id,symbol_name,last,trade_volume,trade_amount,open_interest_change,bv1,bp1,ap1,av1,yesterday_close,today_open,today_high,today_low,volume,amount,open_interest
2023-05-09 20:55:44,b2404,b2404,4110.0,0.0,0.0,0.0,0,0.0,4081.0,1,4110.0,0.0,0.0,0.0,0.0,0.0,1
2023-05-09 21:00:00,b2404,b2404,4110.0,0.0,0.0,0.0,1,3866.0,4081.0,2,4110.0,0.0,0.0,0.0,0.0,0.0,1
2023-05-09 21:00:02,b2404,b2404,4110.0,0.0,0.0,0.0,2,3867.0,4081.0,2,4110.0,0.0,0.0,0.0,0.0,0.0,1
2023-05-09 21:00:03,b2404,b2404,4110.0,0.0,0.0,0.0,1,3869.0,4081.0,2,4110.0,0.0,0.0,0.0,0.0,0.0,1
2023-05-09 21:00:06,b2404,b2404,4110.0,0.0,0.0,0.0,2,3870.0,4081.0,2,4110.0,0.0,0.0,0.0,0.0,0.0,1
2023-05-09 21:00:12,b2404,b2404,4110.0,0.0,0.0,0.0,1,3872.0,4081.0,2,4110.0,0.0,0.0,0.0,0.0,0.0,1
2023-05-09 21:00:14,b2404,b2404,4110.0,0.0,0.0,0.0,2,3873.0,4081.0,2,4110.0,0.0,0.0,0.0,0.0,0.0,1
2023-05-09 21:00:15,b2404,b2404,4110.0,0.0,0.0,0.0,1,3875.0,4081.0,2,4110.0,0.0,0.0,0.0,0.0,0.0,1
2023-05-09 21:00:20,b2404,b2404,4110.0,0.0,0.0,0.0,4,3876.0,4081.0,2,4110.0,0.0,0.0,0.0,0.0,0.0,1
2023-05-09 21:00:21,b2404,b2404,4110.0,0.0,0.0,0.0,1,3878.0,4081.0,2,4110.0,0.0,0.0,0.0,0.0,0.0,1
2023-05-09 21:00:27,b2404,b2404,4110.0,0.0,0.0,0.0,2,3879.0,4081.0,2,4110.0,0.0,0.0,0.0,0.0,0.0,1
2023-05-09 21:00:27,b2404,b2404,4110.0,0.0,0.0,0.0,1,3881.0,4081.0,2,4110.0,0.0,0.0,0.0,0.0,0.0,1
2023-05-09 21:00:27,b2404,b2404,4110.0,0.0,0.0,0.0,2,3881.0,4081.0,2,4110.0,0.0,0.0,0.0,0.0,0.0,1
2023-05-09 21:00:33,b2404,b2404,4110.0,0.0,0.0,0.0,2,3882.0,4081.0,2,4110.0,0.0,0.0,0.0,0.0,0.0,1
2023-05-09 21:00:34,b2404,b2404,4110.0,0.0,0.0,0.0,1,3884.0,4081.0,2,4110.0,0.0,0.0,0.0,0.0,0.0,1
2023-05-09 21:00:36,b2404,b2404,4110.0,0.0,0.0,0.0,2,3885.0,4081.0,2,4110.0,0.0,0.0,0.0,0.0,0.0,1
2023-05-09 21:00:36,b2404,b2404,4110.0,0.0,0.0,0.0,1,3887.0,4081.0,2,4110.0,0.0,0.0,0.0,0.0,0.0,1
2023-05-09 21:00:38,b2404,b2404,4110.0,0.0,0.0,0.0,1,3888.0,4081.0,2,4110.0,0.0,0.0,0.0,0.0,0.0,1
2023-05-09 21:00:39,b2404,b2404,4110.0,0.0,0.0,0.0,1,3890.0,4081.0,2,4110.0,0.0,0.0,0.0,0.0,0.0,1
2023-05-09 21:00:43,b2404,b2404,4110.0,0.0,0.0,0.0,2,3891.0,4081.0,2,4110.0,0.0,0.0,0.0,0.0,0.0,1
2023-05-09 21:00:43,b2404,b2404,4110.0,0.0,0.0,0.0,1,3893.0,4081.0,2,4110.0,0.0,0.0,0.0,0.0,0.0,1
2023-05-09 21:00:49,b2404,b2404,4110.0,0.0,0.0,0.0,1,3894.0,4081.0,2,4110.0,0.0,0.0,0.0,0.0,0.0,1
2023-05-09 21:00:49,b2404,b2404,4110.0,0.0,0.0,0.0,1,3896.0,4081.0,2,4110.0,0.0,0.0,0.0,0.0,0.0,1
2023-05-09 21:00:53,b2404,b2404,4110.0,0.0,0.0,0.0,2,3897.0,4081.0,2,4110.0,0.0,0.0,0.0,0.0,0.0,1
2023-05-09 21:00:53,b2404,b2404,4110.0,0.0,0.0,0.0,1,3899.0,4081.0,2,4110.0,0.0,0.0,0.0,0.0,0.0,1
2023-05-09 21:00:59,b2404,b2404,4110.0,0.0,0.0,0.0,2,3900.0,4081.0,2,4110.0,0.0,0.0,0.0,0.0,0.0,1
2023-05-09 21:00:59,b2404,b2404,4110.0,0.0,0.0,0.0,1,3902.0,4081.0,2,4110.0,0.0,0.0,0.0,0.0,0.0,1
2023-05-09 21:01:05,b2404,b2404,4110.0,0.0,0.0,0.0,2,3903.0,4081.0,2,4110.0,0.0,0.0,0.0,0.0,0.0,1
2023-05-09 21:01:05,b2404,b2404,4110.0,0.0,0.0,0.0,1,3905.0,4081.0,2,4110.0,0.0,0.0,0.0,0.0,0.0,1
2023-05-09 21:01:11,b2404,b2404,4110.0,0.0,0.0,0.0,2,3906.0,4081.0,2,4110.0,0.0,0.0,0.0,0.0,0.0,1
2023-05-09 21:01:12,b2404,b2404,4110.0,0.0,0.0,0.0,1,3908.0,4081.0,2,4110.0,0.0,0.0,0.0,0.0,0.0,1
2023-05-09 21:01:16,b2404,b2404,4110.0,0.0,0.0,0.0,3,3909.0,4081.0,2,4110.0,0.0,0.0,0.0,0.0,0.0,1
2023-05-09 21:01:17,b2404,b2404,4110.0,0.0,0.0,0.0,1,3911.0,4081.0,2,4110.0,0.0,0.0,0.0,0.0,0.0,1
2023-05-09 21:01:20,b2404,b2404,4110.0,0.0,0.0,0.0,3,3912.0,4081.0,2,4110.0,0.0,0.0,0.0,0.0,0.0,1
2023-05-09 21:01:21,b2404,b2404,4110.0,0.0,0.0,0.0,1,3914.0,4081.0,2,4110.0,0.0,0.0,0.0,0.0,0.0,1
2023-05-09 21:01:21,b2404,b2404,4110.0,0.0,0.0,0.0,2,3914.0,4081.0,2,4110.0,0.0,0.0,0.0,0.0,0.0,1
2023-05-09 21:01:26,b2404,b2404,4110.0,0.0,0.0,0.0,1,3915.0,4081.0,2,4110.0,0.0,0.0,0.0,0.0,0.0,1
2023-05-09 21:01:27,b2404,b2404,4110.0,0.0,0.0,0.0,1,3917.0,4081.0,2,4110.0,0.0,0.0,0.0,0.0,0.0,1
2023-05-09 21:01:27,b2404,b2404,4110.0,0.0,0.0,0.0,2,3918.0,4081.0,2,4110.0,0.0,0.0,0.0,0.0,0.0,1
2023-05-09 21:01:27,b2404,b2404,4110.0,0.0,0.0,0.0,1,3920.0,4081.0,2,4110.0,0.0,0.0,0.0,0.0,0.0,1
2023-05-09 21:01:40,b2404,b2404,4110.0,0.0,0.0,0.0,2,3921.0,4081.0,2,4110.0,0.0,0.0,0.0,0.0,0.0,1
2023-05-09 21:01:40,b2404,b2404,4110.0,0.0,0.0,0.0,1,3923.0,4081.0,2,4110.0,0.0,0.0,0.0,0.0,0.0,1
2023-05-09 21:01:46,b2404,b2404,4110.0,0.0,0.0,0.0,2,3924.0,4081.0,2,4110.0,0.0,0.0,0.0,0.0,0.0,1
2023-05-09 21:01:46,b2404,b2404,4110.0,0.0,0.0,0.0,1,3926.0,4081.0,2,4110.0,0.0,0.0,0.0,0.0,0.0,1
2023-05-09 21:01:49,b2404,b2404,4110.0,0.0,0.0,0.0,3,3926.0,4081.0,2,4110.0,0.0,0.0,0.0,0.0,0.0,1
2023-05-09 21:02:35,b2404,b2404,4110.0,0.0,0.0,0.0,2,3927.0,4081.0,2,4110.0,0.0,0.0,0.0,0.0,0.0,1
2023-05-09 21:02:35,b2404,b2404,4110.0,0.0,0.0,0.0,1,3929.0,4081.0,2,4110.0,0.0,0.0,0.0,0.0,0.0,1
2023-05-09 21:03:00,b2404,b2404,4110.0,0.0,0.0,0.0,2,3930.0,4081.0,2,4110.0,0.0,0.0,0.0,0.0,0.0,1
2023-05-09 21:03:01,b2404,b2404,4110.0,0.0,0.0,0.0,1,3932.0,4081.0,2,4110.0,0.0,0.0,0.0,0.0,0.0,1
2023-05-09 21:03:02,b2404,b2404,4110.0,0.0,0.0,0.0,2,3933.0,4081.0,2,4110.0,0.0,0.0,0.0,0.0,0.0,1
2023-05-09 21:03:03,b2404,b2404,4110.0,0.0,0.0,0.0,1,3935.0,4081.0,2,4110.0,0.0,0.0,0.0,0.0,0.0,1
2023-05-09 21:03:04,b2404,b2404,4110.0,0.0,0.0,0.0,2,3936.0,4081.0,2,4110.0,0.0,0.0,0.0,0.0,0.0,1
2023-05-09 21:03:05,b2404,b2404,4110.0,0.0,0.0,0.0,1,3938.0,4081.0,2,4110.0,0.0,0.0,0.0,0.0,0.0,1
2023-05-09 21:03:06,b2404,b2404,4110.0,0.0,0.0,0.0,2,3939.0,4081.0,2,4110.0,0.0,0.0,0.0,0.0,0.0,1
2023-05-09 21:03:14,b2404,b2404,4110.0,0.0,0.0,0.0,1,3940.0,4081.0,2,4110.0,0.0,0.0,0.0,0.0,0.0,1
2023-05-09 21:03:15,b2404,b2404,4110.0,0.0,0.0,0.0,2,3944.0,4081.0,2,4110.0,0.0,0.0,0.0,0.0,0.0,1
2023-05-09 21:04:04,b2404,b2404,4110.0,0.0,0.0,0.0,2,3945.0,4081.0,2,4110.0,0.0,0.0,0.0,0.0,0.0,1
2023-05-09 21:04:05,b2404,b2404,4110.0,0.0,0.0,0.0,2,3946.0,4081.0,2,4110.0,0.0,0.0,0.0,0.0,0.0,1
2023-05-09 21:04:06,b2404,b2404,4110.0,0.0,0.0,0.0,3,3946.0,4081.0,2,4110.0,0.0,0.0,0.0,0.0,0.0,1
2023-05-09 21:04:52,b2404,b2404,4110.0,0.0,0.0,0.0,2,3947.0,4081.0,2,4110.0,0.0,0.0,0.0,0.0,0.0,1
2023-05-09 21:04:53,b2404,b2404,4110.0,0.0,0.0,0.0,2,3948.0,4081.0,2,4110.0,0.0,0.0,0.0,0.0,0.0,1
2023-05-09 21:04:58,b2404,b2404,4110.0,0.0,0.0,0.0,1,3980.0,4081.0,2,4110.0,0.0,0.0,0.0,0.0,0.0,1
2023-05-09 21:04:58,b2404,b2404,4110.0,0.0,0.0,0.0,2,3980.0,4081.0,2,4110.0,0.0,0.0,0.0,0.0,0.0,1
2023-05-09 21:05:01,b2404,b2404,4110.0,0.0,0.0,0.0,2,3980.0,4081.0,1,4110.0,0.0,0.0,0.0,0.0,0.0,1
2023-05-09 21:05:02,b2404,b2404,4110.0,0.0,0.0,0.0,2,3980.0,4081.0,2,4110.0,0.0,0.0,0.0,0.0,0.0,1
2023-05-09 21:05:15,b2404,b2404,4110.0,0.0,0.0,0.0,2,3980.0,4081.0,3,4110.0,0.0,0.0,0.0,0.0,0.0,1
2023-05-09 21:05:36,b2404,b2404,4110.0,0.0,0.0,0.0,2,3980.0,4080.0,2,4110.0,0.0,0.0,0.0,0.0,0.0,1
2023-05-09 21:09:58,b2404,b2404,4110.0,0.0,0.0,0.0,2,3980.0,4079.0,1,4110.0,0.0,0.0,0.0,0.0,0.0,1
2023-05-09 21:09:59,b2404,b2404,4110.0,0.0,0.0,0.0,1,3980.0,4079.0,1,4110.0,0.0,0.0,0.0,0.0,0.0,1
2023-05-09 21:10:00,b2404,b2404,4110.0,0.0,0.0,0.0,2,3980.0,4079.0,1,4110.0,0.0,0.0,0.0,0.0,0.0,1
2023-05-09 21:10:38,b2404,b2404,4110.0,0.0,0.0,0.0,2,3980.0,4078.0,2,4110.0,0.0,0.0,0.0,0.0,0.0,1
2023-05-09 21:14:12,b2404,b2404,4110.0,0.0,0.0,0.0,2,3980.0,4078.0,3,4110.0,0.0,0.0,0.0,0.0,0.0,1
2023-05-09 21:14:22,b2404,b2404,4110.0,0.0,0.0,0.0,2,3980.0,4075.0,1,4110.0,0.0,0.0,0.0,0.0,0.0,1
2023-05-09 21:15:01,b2404,b2404,4110.0,0.0,0.0,0.0,1,3980.0,4075.0,1,4110.0,0.0,0.0,0.0,0.0,0.0,1
2023-05-09 21:15:02,b2404,b2404,4110.0,0.0,0.0,0.0,2,3980.0,4075.0,1,4110.0,0.0,0.0,0.0,0.0,0.0,1
2023-05-09 21:15:38,b2404,b2404,4110.0,0.0,0.0,0.0,2,3980.0,4074.0,2,4110.0,0.0,0.0,0.0,0.0,0.0,1
2023-05-09 21:16:37,b2404,b2404,4110.0,0.0,0.0,0.0,2,3980.0,4068.0,1,4110.0,0.0,0.0,0.0,0.0,0.0,1
2023-05-09 21:17:47,b2404,b2404,4110.0,0.0,0.0,0.0,2,3981.0,4068.0,1,4110.0,0.0,0.0,0.0,0.0,0.0,1
2023-05-09 21:18:19,b2404,b2404,4110.0,0.0,0.0,0.0,2,3981.0,4068.0,2,4110.0,0.0,0.0,0.0,0.0,0.0,1
2023-05-09 21:18:37,b2404,b2404,4110.0,0.0,0.0,0.0,2,3980.0,4068.0,2,4110.0,0.0,0.0,0.0,0.0,0.0,1
2023-05-09 21:19:11,b2404,b2404,4110.0,0.0,0.0,0.0,2,3980.0,4067.0,2,4110.0,0.0,0.0,0.0,0.0,0.0,1
2023-05-09 21:20:03,b2404,b2404,4110.0,0.0,0.0,0.0,1,3980.0,4067.0,2,4110.0,0.0,0.0,0.0,0.0,0.0,1
2023-05-09 21:20:04,b2404,b2404,4110.0,0.0,0.0,0.0,2,3980.0,4067.0,2,4110.0,0.0,0.0,0.0,0.0,0.0,1
2023-05-09 21:21:29,b2404,b2404,4110.0,0.0,0.0,0.0,2,3980.0,4063.0,1,4110.0,0.0,0.0,0.0,0.0,0.0,1
2023-05-09 21:21:29,b2404,b2404,4110.0,0.0,0.0,0.0,2,3980.0,4063.0,2,4110.0,0.0,0.0,0.0,0.0,0.0,1
2023-05-09 21:22:02,b2404,b2404,4110.0,0.0,0.0,0.0,2,3981.0,4063.0,2,4110.0,0.0,0.0,0.0,0.0,0.0,1
2023-05-09 21:22:33,b2404,b2404,4110.0,0.0,0.0,0.0,2,3980.0,4063.0,2,4110.0,0.0,0.0,0.0,0.0,0.0,1
2023-05-09 21:22:47,b2404,b2404,4110.0,0.0,0.0,0.0,2,3980.0,4062.0,2,4110.0,0.0,0.0,0.0,0.0,0.0,1
2023-05-09 21:23:06,b2404,b2404,4110.0,0.0,0.0,0.0,2,3980.0,4053.0,1,4110.0,0.0,0.0,0.0,0.0,0.0,1
2023-05-09 21:23:31,b2404,b2404,4110.0,0.0,0.0,0.0,2,3981.0,4053.0,1,4110.0,0.0,0.0,0.0,0.0,0.0,1
2023-05-09 21:27:19,b2404,b2404,4110.0,0.0,0.0,0.0,2,3982.0,4053.0,1,4110.0,0.0,0.0,0.0,0.0,0.0,1
2023-05-09 21:27:54,b2404,b2404,4110.0,0.0,0.0,0.0,2,3982.0,4063.0,1,4110.0,0.0,0.0,0.0,0.0,0.0,1
2023-05-09 21:27:54,b2404,b2404,4110.0,0.0,0.0,0.0,2,3982.0,4079.0,1,4110.0,0.0,0.0,0.0,0.0,0.0,1
2023-05-09 21:27:55,b2404,b2404,4110.0,0.0,0.0,0.0,2,3982.0,4079.0,2,4110.0,0.0,0.0,0.0,0.0,0.0,1
2023-05-09 21:28:27,b2404,b2404,4110.0,0.0,0.0,0.0,2,3982.0,4078.0,2,4110.0,0.0,0.0,0.0,0.0,0.0,1
2023-05-09 21:30:04,b2404,b2404,4110.0,0.0,0.0,0.0,2,3980.0,4078.0,2,4110.0,0.0,0.0,0.0,0.0,0.0,1
2023-05-09 21:30:05,b2404,b2404,4110.0,0.0,0.0,0.0,2,3981.0,4078.0,2,4110.0,0.0,0.0,0.0,0.0,0.0,1
2023-05-09 21:30:06,b2404,b2404,4110.0,0.0,0.0,0.0,3,3981.0,4078.0,2,4110.0,0.0,0.0,0.0,0.0,0.0,1
2023-05-09 21:30:21,b2404,b2404,4110.0,0.0,0.0,0.0,1,3981.0,4078.0,2,4110.0,0.0,0.0,0.0,0.0,0.0,1
2023-05-09 21:31:20,b2404,b2404,4110.0,0.0,0.0,0.0,1,3981.0,4063.0,1,4110.0,0.0,0.0,0.0,0.0,0.0,1
2023-05-09 21:31:20,b2404,b2404,4110.0,0.0,0.0,0.0,1,3981.0,4063.0,2,4110.0,0.0,0.0,0.0,0.0,0.0,1
2023-05-09 21:32:04,b2404,b2404,4110.0,0.0,0.0,0.0,1,3981.0,4062.0,2,4110.0,0.0,0.0,0.0,0.0,0.0,1
2023-05-09 21:34:35,b2404,b2404,4110.0,0.0,0.0,0.0,1,3981.0,4063.0,2,4110.0,0.0,0.0,0.0,0.0,0.0,1
2023-05-09 21:34:57,b2404,b2404,4110.0,0.0,0.0,0.0,1,3981.0,4062.0,2,4110.0,0.0,0.0,0.0,0.0,0.0,1
2023-05-09 21:35:03,b2404,b2404,4110.0,0.0,0.0,0.0,1,3981.0,4063.0,2,4110.0,0.0,0.0,0.0,0.0,0.0,1
2023-05-09 21:35:07,b2404,b2404,4110.0,0.0,0.0,0.0,1,3980.0,4063.0,2,4110.0,0.0,0.0,0.0,0.0,0.0,1
2023-05-09 21:35:08,b2404,b2404,4110.0,0.0,0.0,0.0,2,3980.0,4063.0,2,4110.0,0.0,0.0,0.0,0.0,0.0,1
2023-05-09 21:35:39,b2404,b2404,4110.0,0.0,0.0,0.0,2,3980.0,4062.0,2,4110.0,0.0,0.0,0.0,0.0,0.0,1
2023-05-09 21:36:04,b2404,b2404,4110.0,0.0,0.0,0.0,2,3980.0,4063.0,2,4110.0,0.0,0.0,0.0,0.0,0.0,1
2023-05-09 21:36:21,b2404,b2404,4110.0,0.0,0.0,0.0,2,3980.0,4062.0,2,4110.0,0.0,0.0,0.0,0.0,0.0,1
2023-05-09 21:36:22,b2404,b2404,4110.0,0.0,0.0,0.0,2,3980.0,4062.0,3,4110.0,0.0,0.0,0.0,0.0,0.0,1
2023-05-09 21:36:24,b2404,b2404,4110.0,0.0,0.0,0.0,2,3980.0,4062.0,1,4110.0,0.0,0.0,0.0,0.0,0.0,1
2023-05-09 21:37:02,b2404,b2404,4110.0,0.0,0.0,0.0,2,3981.0,4062.0,1,4110.0,0.0,0.0,0.0,0.0,0.0,1
2023-05-09 21:37:07,b2404,b2404,4110.0,0.0,0.0,0.0,2,3980.0,4062.0,1,4110.0,0.0,0.0,0.0,0.0,0.0,1
2023-05-09 21:37:44,b2404,b2404,4110.0,0.0,0.0,0.0,2,3980.0,4061.0,2,4110.0,0.0,0.0,0.0,0.0,0.0,1
2023-05-09 21:38:08,b2404,b2404,4110.0,0.0,0.0,0.0,2,3980.0,4062.0,1,4110.0,0.0,0.0,0.0,0.0,0.0,1
2023-05-09 21:38:27,b2404,b2404,4110.0,0.0,0.0,0.0,2,3981.0,4062.0,1,4110.0,0.0,0.0,0.0,0.0,0.0,1
2023-05-09 21:39:06,b2404,b2404,4110.0,0.0,0.0,0.0,2,3980.0,4062.0,1,4110.0,0.0,0.0,0.0,0.0,0.0,1
2023-05-09 21:39:10,b2404,b2404,4110.0,0.0,0.0,0.0,2,3980.0,4061.0,2,4110.0,0.0,0.0,0.0,0.0,0.0,1
2023-05-09 21:40:09,b2404,b2404,4110.0,0.0,0.0,0.0,1,3980.0,4061.0,2,4110.0,0.0,0.0,0.0,0.0,0.0,1
2023-05-09 21:40:10,b2404,b2404,4110.0,0.0,0.0,0.0,2,3980.0,4061.0,2,4110.0,0.0,0.0,0.0,0.0,0.0,1
2023-05-09 21:42:06,b2404,b2404,4110.0,0.0,0.0,0.0,2,3980.0,4033.0,1,4110.0,0.0,0.0,0.0,0.0,0.0,1
2023-05-09 21:42:06,b2404,b2404,4110.0,0.0,0.0,0.0,2,3980.0,4033.0,2,4110.0,0.0,0.0,0.0,0.0,0.0,1
2023-05-09 21:42:15,b2404,b2404,4110.0,0.0,0.0,0.0,2,3980.0,4033.0,1,4110.0,0.0,0.0,0.0,0.0,0.0,1
2023-05-09 21:42:46,b2404,b2404,4110.0,0.0,0.0,0.0,2,3981.0,4033.0,1,4110.0,0.0,0.0,0.0,0.0,0.0,1
2023-05-09 21:44:36,b2404,b2404,4110.0,0.0,0.0,0.0,2,3981.0,4023.0,1,4110.0,0.0,0.0,0.0,0.0,0.0,1
2023-05-09 21:44:38,b2404,b2404,4110.0,0.0,0.0,0.0,2,3980.0,4023.0,1,4110.0,0.0,0.0,0.0,0.0,0.0,1
2023-05-09 21:44:49,b2404,b2404,4110.0,0.0,0.0,0.0,2,3980.0,4017.0,1,4110.0,0.0,0.0,0.0,0.0,0.0,1
2023-05-09 21:44:55,b2404,b2404,4110.0,0.0,0.0,0.0,2,3981.0,4017.0,1,4110.0,0.0,0.0,0.0,0.0,0.0,1
2023-05-09 21:44:56,b2404,b2404,4110.0,0.0,0.0,0.0,2,3980.0,4017.0,1,4110.0,0.0,0.0,0.0,0.0,0.0,1
2023-05-09 21:45:11,b2404,b2404,4110.0,0.0,0.0,0.0,1,3980.0,4017.0,1,4110.0,0.0,0.0,0.0,0.0,0.0,1
2023-05-09 21:45:13,b2404,b2404,4110.0,0.0,0.0,0.0,2,3980.0,4017.0,1,4110.0,0.0,0.0,0.0,0.0,0.0,1
2023-05-09 21:45:24,b2404,b2404,4110.0,0.0,0.0,0.0,2,3980.0,4033.0,1,4110.0,0.0,0.0,0.0,0.0,0.0,1
2023-05-09 21:45:37,b2404,b2404,4110.0,0.0,0.0,0.0,2,3980.0,4032.0,2,4110.0,0.0,0.0,0.0,0.0,0.0,1
2023-05-09 21:45:42,b2404,b2404,4110.0,0.0,0.0,0.0,2,3980.0,4033.0,1,4110.0,0.0,0.0,0.0,0.0,0.0,1
2023-05-09 21:46:22,b2404,b2404,4110.0,0.0,0.0,0.0,2,3981.0,4033.0,1,4110.0,0.0,0.0,0.0,0.0,0.0,1
2023-05-09 21:46:41,b2404,b2404,4110.0,0.0,0.0,0.0,2,3980.0,4033.0,1,4110.0,0.0,0.0,0.0,0.0,0.0,1
2023-05-09 21:47:04,b2404,b2404,4110.0,0.0,0.0,0.0,2,3980.0,4032.0,2,4110.0,0.0,0.0,0.0,0.0,0.0,1
2023-05-09 21:48:40,b2404,b2404,4110.0,0.0,0.0,0.0,2,3980.0,4033.0,1,4110.0,0.0,0.0,0.0,0.0,0.0,1
2023-05-09 21:48:41,b2404,b2404,4110.0,0.0,0.0,0.0,2,3980.0,4043.0,1,4110.0,0.0,0.0,0.0,0.0,0.0,1
2023-05-09 21:48:42,b2404,b2404,4110.0,0.0,0.0,0.0,2,3980.0,4043.0,2,4110.0,0.0,0.0,0.0,0.0,0.0,1
2023-05-09 21:49:15,b2404,b2404,4110.0,0.0,0.0,0.0,2,3980.0,4042.0,2,4110.0,0.0,0.0,0.0,0.0,0.0,1
2023-05-09 21:49:22,b2404,b2404,4110.0,0.0,0.0,0.0,2,3980.0,4043.0,2,4110.0,0.0,0.0,0.0,0.0,0.0,1
2023-05-09 21:49:59,b2404,b2404,4110.0,0.0,0.0,0.0,2,3980.0,4042.0,2,4110.0,0.0,0.0,0.0,0.0,0.0,1
2023-05-09 21:50:00,b2404,b2404,4110.0,0.0,0.0,0.0,2,3981.0,4042.0,2,4110.0,0.0,0.0,0.0,0.0,0.0,1
2023-05-09 21:50:20,b2404,b2404,4110.0,0.0,0.0,0.0,2,3981.0,4043.0,2,4110.0,0.0,0.0,0.0,0.0,0.0,1
2023-05-09 21:50:44,b2404,b2404,4110.0,0.0,0.0,0.0,2,3982.0,4043.0,2,4110.0,0.0,0.0,0.0,0.0,0.0,1
2023-05-09 21:50:45,b2404,b2404,4110.0,0.0,0.0,0.0,2,3983.0,4043.0,2,4110.0,0.0,0.0,0.0,0.0,0.0,1
2023-05-09 21:51:26,b2404,b2404,4110.0,0.0,0.0,0.0,2,3984.0,4043.0,2,4110.0,0.0,0.0,0.0,0.0,0.0,1
2023-05-09 21:51:28,b2404,b2404,4110.0,0.0,0.0,0.0,2,3985.0,4043.0,2,4110.0,0.0,0.0,0.0,0.0,0.0,1
2023-05-09 21:51:52,b2404,b2404,4110.0,0.0,0.0,0.0,2,3984.0,4043.0,2,4110.0,0.0,0.0,0.0,0.0,0.0,1
2023-05-09 21:51:53,b2404,b2404,4110.0,0.0,0.0,0.0,2,3980.0,4043.0,2,4110.0,0.0,0.0,0.0,0.0,0.0,1
2023-05-09 21:51:54,b2404,b2404,4110.0,0.0,0.0,0.0,1,3980.0,4043.0,2,4110.0,0.0,0.0,0.0,0.0,0.0,1
2023-05-09 21:51:54,b2404,b2404,4110.0,0.0,0.0,0.0,2,3981.0,4043.0,2,4110.0,0.0,0.0,0.0,0.0,0.0,1
2023-05-09 21:51:57,b2404,b2404,4110.0,0.0,0.0,0.0,3,3981.0,4043.0,2,4110.0,0.0,0.0,0.0,0.0,0.0,1
2023-05-09 21:52:08,b2404,b2404,4110.0,0.0,0.0,0.0,2,3982.0,4043.0,2,4110.0,0.0,0.0,0.0,0.0,0.0,1
2023-05-09 21:52:12,b2404,b2404,4110.0,0.0,0.0,0.0,2,3983.0,4043.0,2,4110.0,0.0,0.0,0.0,0.0,0.0,1
2023-05-09 21:52:54,b2404,b2404,4110.0,0.0,0.0,0.0,2,3984.0,4043.0,2,4110.0,0.0,0.0,0.0,0.0,0.0,1
2023-05-09 21:52:55,b2404,b2404,4110.0,0.0,0.0,0.0,2,3984.0,4043.0,1,4110.0,0.0,0.0,0.0,0.0,0.0,1
2023-05-09 21:52:55,b2404,b2404,4110.0,0.0,0.0,0.0,2,3984.0,4023.0,1,4110.0,0.0,0.0,0.0,0.0,0.0,1
2023-05-09 21:52:56,b2404,b2404,4110.0,0.0,0.0,0.0,2,3983.0,4023.0,1,4110.0,0.0,0.0,0.0,0.0,0.0,1
2023-05-09 21:52:59,b2404,b2404,4110.0,0.0,0.0,0.0,1,3981.0,4023.0,1,4110.0,0.0,0.0,0.0,0.0,0.0,1
2023-05-09 21:53:00,b2404,b2404,4110.0,0.0,0.0,0.0,2,3982.0,4023.0,1,4110.0,0.0,0.0,0.0,0.0,0.0,1
2023-05-09 21:53:33,b2404,b2404,4110.0,0.0,0.0,0.0,2,3982.0,4026.0,1,4110.0,0.0,0.0,0.0,0.0,0.0,1
2023-05-09 21:53:36,b2404,b2404,4110.0,0.0,0.0,0.0,2,3983.0,4026.0,1,4110.0,0.0,0.0,0.0,0.0,0.0,1
2023-05-09 21:54:14,b2404,b2404,4110.0,0.0,0.0,0.0,2,3983.0,4043.0,1,4110.0,0.0,0.0,0.0,0.0,0.0,1
2023-05-09 21:54:15,b2404,b2404,4110.0,0.0,0.0,0.0,2,3983.0,4043.0,2,4110.0,0.0,0.0,0.0,0.0,0.0,1
2023-05-09 21:56:44,b2404,b2404,4110.0,0.0,0.0,0.0,1,3981.0,4043.0,2,4110.0,0.0,0.0,0.0,0.0,0.0,1
2023-05-09 21:56:58,b2404,b2404,4110.0,0.0,0.0,0.0,1,3980.0,4043.0,2,4110.0,0.0,0.0,0.0,0.0,0.0,1
2023-05-09 21:56:59,b2404,b2404,4110.0,0.0,0.0,0.0,2,3980.0,4043.0,2,4110.0,0.0,0.0,0.0,0.0,0.0,1
2023-05-09 21:57:12,b2404,b2404,4110.0,0.0,0.0,0.0,2,3981.0,4043.0,2,4110.0,0.0,0.0,0.0,0.0,0.0,1
2023-05-09 21:58:12,b2404,b2404,4110.0,0.0,0.0,0.0,1,3982.0,4043.0,2,4110.0,0.0,0.0,0.0,0.0,0.0,1
2023-05-09 21:58:27,b2404,b2404,4110.0,0.0,0.0,0.0,2,3982.0,4043.0,2,4110.0,0.0,0.0,0.0,0.0,0.0,1
2023-05-09 21:59:16,b2404,b2404,4110.0,0.0,0.0,0.0,2,3982.0,4043.0,1,4110.0,0.0,0.0,0.0,0.0,0.0,1
2023-05-09 21:59:17,b2404,b2404,4110.0,0.0,0.0,0.0,2,3982.0,4043.0,2,4110.0,0.0,0.0,0.0,0.0,0.0,1
2023-05-09 21:59:23,b2404,b2404,4110.0,0.0,0.0,0.0,2,3983.0,4043.0,2,4110.0,0.0,0.0,0.0,0.0,0.0,1
2023-05-09 21:59:24,b2404,b2404,4110.0,0.0,0.0,0.0,1,3984.0,4043.0,2,4110.0,0.0,0.0,0.0,0.0,0.0,1
2023-05-09 21:59:29,b2404,b2404,4110.0,0.0,0.0,0.0,1,3984.0,4043.0,3,4110.0,0.0,0.0,0.0,0.0,0.0,1
2023-05-09 21:59:38,b2404,b2404,4110.0,0.0,0.0,0.0,1,3984.0,4043.0,2,4110.0,0.0,0.0,0.0,0.0,0.0,1
2023-05-09 21:59:38,b2404,b2404,4110.0,0.0,0.0,0.0,1,3984.0,4042.0,1,4110.0,0.0,0.0,0.0,0.0,0.0,1
2023-05-09 21:59:59,b2404,b2404,4110.0,0.0,0.0,0.0,2,3983.0,4042.0,1,4110.0,0.0,0.0,0.0,0.0,0.0,1
2023-05-09 22:00:18,b2404,b2404,4110.0,0.0,0.0,0.0,1,3984.0,4042.0,1,4110.0,0.0,0.0,0.0,0.0,0.0,1
2023-05-09 22:00:19,b2404,b2404,4110.0,0.0,0.0,0.0,2,3984.0,4042.0,1,4110.0,0.0,0.0,0.0,0.0,0.0,1
2023-05-09 22:00:19,b2404,b2404,4110.0,0.0,0.0,0.0,1,3984.0,4042.0,1,4110.0,0.0,0.0,0.0,0.0,0.0,1
2023-05-09 22:00:34,b2404,b2404,4110.0,0.0,0.0,0.0,2,3984.0,4042.0,1,4110.0,0.0,0.0,0.0,0.0,0.0,1
2023-05-09 22:01:00,b2404,b2404,4110.0,0.0,0.0,0.0,1,3984.0,4042.0,1,4110.0,0.0,0.0,0.0,0.0,0.0,1
2023-05-09 22:01:33,b2404,b2404,4110.0,0.0,0.0,0.0,2,3985.0,4042.0,1,4110.0,0.0,0.0,0.0,0.0,0.0,1
2023-05-09 22:03:31,b2404,b2404,4110.0,0.0,0.0,0.0,2,3985.0,4043.0,2,4110.0,0.0,0.0,0.0,0.0,0.0,1
2023-05-09 22:04:18,b2404,b2404,4110.0,0.0,0.0,0.0,2,3985.0,4043.0,1,4110.0,0.0,0.0,0.0,0.0,0.0,1
2023-05-09 22:04:19,b2404,b2404,4110.0,0.0,0.0,0.0,2,3985.0,4043.0,2,4110.0,0.0,0.0,0.0,0.0,0.0,1
2023-05-09 22:06:18,b2404,b2404,4110.0,0.0,0.0,0.0,1,3986.0,4043.0,2,4110.0,0.0,0.0,0.0,0.0,0.0,1
2023-05-09 22:06:37,b2404,b2404,4110.0,0.0,0.0,0.0,2,3987.0,4043.0,2,4110.0,0.0,0.0,0.0,0.0,0.0,1
2023-05-09 22:09:25,b2404,b2404,4110.0,0.0,0.0,0.0,2,3987.0,4043.0,1,4110.0,0.0,0.0,0.0,0.0,0.0,1
2023-05-09 22:09:26,b2404,b2404,4110.0,0.0,0.0,0.0,2,3987.0,4043.0,2,4110.0,0.0,0.0,0.0,0.0,0.0,1
2023-05-09 22:10:57,b2404,b2404,4110.0,0.0,0.0,0.0,2,3987.0,4021.0,1,4110.0,0.0,0.0,0.0,0.0,0.0,1
2023-05-09 22:10:57,b2404,b2404,4110.0,0.0,0.0,0.0,2,3980.0,4021.0,1,4110.0,0.0,0.0,0.0,0.0,0.0,1
2023-05-09 22:10:58,b2404,b2404,4110.0,0.0,0.0,0.0,2,3981.0,4021.0,1,4110.0,0.0,0.0,0.0,0.0,0.0,1
2023-05-09 22:11:00,b2404,b2404,4110.0,0.0,0.0,0.0,3,3981.0,4021.0,1,4110.0,0.0,0.0,0.0,0.0,0.0,1
2023-05-09 22:11:11,b2404,b2404,4110.0,0.0,0.0,0.0,3,3981.0,4043.0,2,4110.0,0.0,0.0,0.0,0.0,0.0,1
2023-05-09 22:11:35,b2404,b2404,4110.0,0.0,0.0,0.0,2,3982.0,4043.0,2,4110.0,0.0,0.0,0.0,0.0,0.0,1
2023-05-09 22:11:36,b2404,b2404,4110.0,0.0,0.0,0.0,2,3983.0,4043.0,2,4110.0,0.0,0.0,0.0,0.0,0.0,1
2023-05-09 22:12:18,b2404,b2404,4110.0,0.0,0.0,0.0,2,3984.0,4043.0,2,4110.0,0.0,0.0,0.0,0.0,0.0,1
2023-05-09 22:12:19,b2404,b2404,4110.0,0.0,0.0,0.0,2,3985.0,4043.0,2,4110.0,0.0,0.0,0.0,0.0,0.0,1
2023-05-09 22:12:59,b2404,b2404,4110.0,0.0,0.0,0.0,2,3986.0,4043.0,2,4110.0,0.0,0.0,0.0,0.0,0.0,1
2023-05-09 22:13:01,b2404,b2404,4110.0,0.0,0.0,0.0,2,3987.0,4043.0,2,4110.0,0.0,0.0,0.0,0.0,0.0,1
2023-05-09 22:13:43,b2404,b2404,4110.0,0.0,0.0,0.0,2,3988.0,4043.0,2,4110.0,0.0,0.0,0.0,0.0,0.0,1
2023-05-09 22:14:07,b2404,b2404,4110.0,0.0,0.0,0.0,2,3989.0,4043.0,2,4110.0,0.0,0.0,0.0,0.0,0.0,1
2023-05-09 22:14:10,b2404,b2404,4110.0,0.0,0.0,0.0,1,3989.0,4043.0,2,4110.0,0.0,0.0,0.0,0.0,0.0,1
2023-05-09 22:14:28,b2404,b2404,4110.0,0.0,0.0,0.0,1,3989.0,4043.0,1,4110.0,0.0,0.0,0.0,0.0,0.0,1
2023-05-09 22:14:29,b2404,b2404,4110.0,0.0,0.0,0.0,1,3989.0,4043.0,2,4110.0,0.0,0.0,0.0,0.0,0.0,1
2023-05-09 22:14:32,b2404,b2404,4110.0,0.0,0.0,0.0,2,3988.0,4043.0,2,4110.0,0.0,0.0,0.0,0.0,0.0,1
2023-05-09 22:18:43,b2404,b2404,4110.0,0.0,0.0,0.0,1,3981.0,4043.0,2,4110.0,0.0,0.0,0.0,0.0,0.0,1
2023-05-09 22:18:43,b2404,b2404,4110.0,0.0,0.0,0.0,1,3980.0,4043.0,2,4110.0,0.0,0.0,0.0,0.0,0.0,1
2023-05-09 22:18:43,b2404,b2404,4110.0,0.0,0.0,0.0,2,3981.0,4043.0,2,4110.0,0.0,0.0,0.0,0.0,0.0,1
2023-05-09 22:18:44,b2404,b2404,4110.0,0.0,0.0,0.0,3,3981.0,4043.0,2,4110.0,0.0,0.0,0.0,0.0,0.0,1
2023-05-09 22:19:23,b2404,b2404,4110.0,0.0,0.0,0.0,2,3982.0,4043.0,2,4110.0,0.0,0.0,0.0,0.0,0.0,1
2023-05-09 22:19:26,b2404,b2404,4110.0,0.0,0.0,0.0,1,3983.0,4043.0,2,4110.0,0.0,0.0,0.0,0.0,0.0,1
2023-05-09 22:19:30,b2404,b2404,4110.0,0.0,0.0,0.0,1,3983.0,4043.0,1,4110.0,0.0,0.0,0.0,0.0,0.0,1
2023-05-09 22:19:33,b2404,b2404,4110.0,0.0,0.0,0.0,1,3983.0,4043.0,2,4110.0,0.0,0.0,0.0,0.0,0.0,1
2023-05-09 22:19:42,b2404,b2404,4110.0,0.0,0.0,0.0,1,3983.0,4043.0,1,4110.0,0.0,0.0,0.0,0.0,0.0,1
2023-05-09 22:20:07,b2404,b2404,4110.0,0.0,0.0,0.0,2,3984.0,4043.0,1,4110.0,0.0,0.0,0.0,0.0,0.0,1
2023-05-09 22:22:03,b2404,b2404,4110.0,0.0,0.0,0.0,1,3981.0,4043.0,1,4110.0,0.0,0.0,0.0,0.0,0.0,1
2023-05-09 22:22:17,b2404,b2404,4110.0,0.0,0.0,0.0,1,3981.0,4042.0,2,4110.0,0.0,0.0,0.0,0.0,0.0,1
2023-05-09 22:23:45,b2404,b2404,4110.0,0.0,0.0,0.0,1,3980.0,4042.0,2,4110.0,0.0,0.0,0.0,0.0,0.0,1
2023-05-09 22:23:51,b2404,b2404,4110.0,0.0,0.0,0.0,2,3980.0,4042.0,2,4110.0,0.0,0.0,0.0,0.0,0.0,1
2023-05-09 22:27:15,b2404,b2404,4110.0,0.0,0.0,0.0,2,3980.0,4043.0,1,4110.0,0.0,0.0,0.0,0.0,0.0,1
2023-05-09 22:27:15,b2404,b2404,4110.0,0.0,0.0,0.0,2,3980.0,4079.0,1,4110.0,0.0,0.0,0.0,0.0,0.0,1
2023-05-09 22:27:16,b2404,b2404,4110.0,0.0,0.0,0.0,2,3980.0,4079.0,2,4110.0,0.0,0.0,0.0,0.0,0.0,1
2023-05-09 22:27:19,b2404,b2404,4110.0,0.0,0.0,0.0,2,3980.0,4079.0,4,4110.0,0.0,0.0,0.0,0.0,0.0,1
2023-05-09 22:27:21,b2404,b2404,4110.0,0.0,0.0,0.0,2,3980.0,4078.0,2,4110.0,0.0,0.0,0.0,0.0,0.0,1
2023-05-09 22:27:26,b2404,b2404,4110.0,0.0,0.0,0.0,2,3980.0,4077.0,2,4110.0,0.0,0.0,0.0,0.0,0.0,1
2023-05-09 22:27:48,b2404,b2404,4110.0,0.0,0.0,0.0,2,3980.0,4078.0,2,4110.0,0.0,0.0,0.0,0.0,0.0,1
2023-05-09 22:27:49,b2404,b2404,4110.0,0.0,0.0,0.0,2,3980.0,4078.0,4,4110.0,0.0,0.0,0.0,0.0,0.0,1
2023-05-09 22:28:52,b2404,b2404,4110.0,0.0,0.0,0.0,1,3980.0,4078.0,4,4110.0,0.0,0.0,0.0,0.0,0.0,1
2023-05-09 22:28:54,b2404,b2404,4110.0,0.0,0.0,0.0,2,3980.0,4078.0,4,4110.0,0.0,0.0,0.0,0.0,0.0,1
2023-05-09 22:29:04,b2404,b2404,4110.0,0.0,0.0,0.0,2,3980.0,4043.0,1,4110.0,0.0,0.0,0.0,0.0,0.0,1
2023-05-09 22:29:04,b2404,b2404,4110.0,0.0,0.0,0.0,2,3980.0,4043.0,2,4110.0,0.0,0.0,0.0,0.0,0.0,1
2023-05-09 22:29:44,b2404,b2404,4110.0,0.0,0.0,0.0,2,3980.0,4043.0,1,4110.0,0.0,0.0,0.0,0.0,0.0,1
2023-05-09 22:30:10,b2404,b2404,4110.0,0.0,0.0,0.0,2,3980.0,4042.0,2,4110.0,0.0,0.0,0.0,0.0,0.0,1
2023-05-09 22:31:50,b2404,b2404,4110.0,0.0,0.0,0.0,2,3980.0,4043.0,1,4110.0,0.0,0.0,0.0,0.0,0.0,1
2023-05-09 22:32:15,b2404,b2404,4110.0,0.0,0.0,0.0,2,3980.0,4042.0,2,4110.0,0.0,0.0,0.0,0.0,0.0,1
2023-05-09 22:33:55,b2404,b2404,4110.0,0.0,0.0,0.0,1,3980.0,4042.0,2,4110.0,0.0,0.0,0.0,0.0,0.0,1
2023-05-09 22:33:57,b2404,b2404,4110.0,0.0,0.0,0.0,2,3980.0,4042.0,2,4110.0,0.0,0.0,0.0,0.0,0.0,1
2023-05-09 22:37:15,b2404,b2404,4110.0,0.0,0.0,0.0,2,3980.0,4043.0,1,4110.0,0.0,0.0,0.0,0.0,0.0,1
2023-05-09 22:37:15,b2404,b2404,4110.0,0.0,0.0,0.0,2,3980.0,4079.0,1,4110.0,0.0,0.0,0.0,0.0,0.0,1
2023-05-09 22:37:16,b2404,b2404,4110.0,0.0,0.0,0.0,2,3980.0,4079.0,2,4110.0,0.0,0.0,0.0,0.0,0.0,1
2023-05-09 22:37:19,b2404,b2404,4110.0,0.0,0.0,0.0,2,3980.0,4078.0,2,4110.0,0.0,0.0,0.0,0.0,0.0,1
2023-05-09 22:37:26,b2404,b2404,4110.0,0.0,0.0,0.0,2,3980.0,4077.0,2,4110.0,0.0,0.0,0.0,0.0,0.0,1
2023-05-09 22:38:44,b2404,b2404,4110.0,0.0,0.0,0.0,2,3980.0,4076.0,2,4110.0,0.0,0.0,0.0,0.0,0.0,1
2023-05-09 22:38:50,b2404,b2404,4110.0,0.0,0.0,0.0,2,3980.0,4076.0,3,4110.0,0.0,0.0,0.0,0.0,0.0,1
2023-05-09 22:38:51,b2404,b2404,4110.0,0.0,0.0,0.0,2,3980.0,4075.0,2,4110.0,0.0,0.0,0.0,0.0,0.0,1
2023-05-09 22:38:58,b2404,b2404,4110.0,0.0,0.0,0.0,1,3980.0,4075.0,2,4110.0,0.0,0.0,0.0,0.0,0.0,1
2023-05-09 22:38:59,b2404,b2404,4110.0,0.0,0.0,0.0,2,3980.0,4075.0,2,4110.0,0.0,0.0,0.0,0.0,0.0,1
2023-05-09 22:39:11,b2404,b2404,4110.0,0.0,0.0,0.0,2,3980.0,4068.0,1,4110.0,0.0,0.0,0.0,0.0,0.0,1
2023-05-09 22:40:11,b2404,b2404,4110.0,0.0,0.0,0.0,2,3980.0,4067.0,2,4110.0,0.0,0.0,0.0,0.0,0.0,1
2023-05-09 22:41:37,b2404,b2404,4110.0,0.0,0.0,0.0,2,3980.0,4066.0,1,4110.0,0.0,0.0,0.0,0.0,0.0,1
2023-05-09 22:42:23,b2404,b2404,4110.0,0.0,0.0,0.0,2,3980.0,4065.0,2,4110.0,0.0,0.0,0.0,0.0,0.0,1
2023-05-09 22:44:00,b2404,b2404,4110.0,0.0,0.0,0.0,1,3980.0,4065.0,2,4110.0,0.0,0.0,0.0,0.0,0.0,1
2023-05-09 22:44:04,b2404,b2404,4110.0,0.0,0.0,0.0,2,3980.0,4065.0,2,4110.0,0.0,0.0,0.0,0.0,0.0,1
2023-05-09 22:44:36,b2404,b2404,4110.0,0.0,0.0,0.0,2,3980.0,4064.0,1,4110.0,0.0,0.0,0.0,0.0,0.0,1
2023-05-09 22:45:11,b2404,b2404,4110.0,0.0,0.0,0.0,2,3981.0,4064.0,1,4110.0,0.0,0.0,0.0,0.0,0.0,1
2023-05-09 22:48:43,b2404,b2404,4110.0,0.0,0.0,0.0,2,3981.0,4079.0,2,4110.0,0.0,0.0,0.0,0.0,0.0,1
2023-05-09 22:48:44,b2404,b2404,4110.0,0.0,0.0,0.0,2,3980.0,4079.0,1,4110.0,0.0,0.0,0.0,0.0,0.0,1
2023-05-09 22:48:44,b2404,b2404,4110.0,0.0,0.0,0.0,2,3980.0,4079.0,2,4110.0,0.0,0.0,0.0,0.0,0.0,1
2023-05-09 22:48:49,b2404,b2404,4110.0,0.0,0.0,0.0,2,3980.0,4078.0,2,4110.0,0.0,0.0,0.0,0.0,0.0,1
2023-05-09 22:48:52,b2404,b2404,4110.0,0.0,0.0,0.0,2,3980.0,4077.0,2,4110.0,0.0,0.0,0.0,0.0,0.0,1
2023-05-09 22:49:07,b2404,b2404,4110.0,0.0,0.0,0.0,1,3980.0,4077.0,2,4110.0,0.0,0.0,0.0,0.0,0.0,1
2023-05-09 22:49:12,b2404,b2404,4110.0,0.0,0.0,0.0,2,3980.0,4077.0,2,4110.0,0.0,0.0,0.0,0.0,0.0,1
2023-05-09 22:50:13,b2404,b2404,4110.0,0.0,0.0,0.0,2,3980.0,4076.0,2,4110.0,0.0,0.0,0.0,0.0,0.0,1
2023-05-09 22:50:25,b2404,b2404,4110.0,0.0,0.0,0.0,2,3980.0,4076.0,4,4110.0,0.0,0.0,0.0,0.0,0.0,1
2023-05-09 22:51:01,b2404,b2404,4110.0,0.0,0.0,0.0,2,3980.0,4076.0,2,4110.0,0.0,0.0,0.0,0.0,0.0,1
2023-05-09 22:51:02,b2404,b2404,4110.0,0.0,0.0,0.0,2,3980.0,4075.0,2,4110.0,0.0,0.0,0.0,0.0,0.0,1
2023-05-09 22:51:20,b2404,b2404,4110.0,0.0,0.0,0.0,2,3980.0,4076.0,2,4110.0,0.0,0.0,0.0,0.0,0.0,1
2023-05-09 22:51:20,b2404,b2404,4110.0,0.0,0.0,0.0,2,3980.0,4076.0,4,4110.0,0.0,0.0,0.0,0.0,0.0,1
2023-05-09 22:52:35,b2404,b2404,4110.0,0.0,0.0,0.0,2,3980.0,4076.0,5,4110.0,0.0,0.0,0.0,0.0,0.0,1
2023-05-09 22:53:14,b2404,b2404,4110.0,0.0,0.0,0.0,2,3980.0,4076.0,3,4110.0,0.0,0.0,0.0,0.0,0.0,1
2023-05-09 22:53:15,b2404,b2404,4110.0,0.0,0.0,0.0,2,3980.0,4075.0,2,4110.0,0.0,0.0,0.0,0.0,0.0,1
2023-05-09 22:53:58,b2404,b2404,4110.0,0.0,0.0,0.0,2,3980.0,4076.0,1,4110.0,0.0,0.0,0.0,0.0,0.0,1
2023-05-09 22:53:59,b2404,b2404,4110.0,0.0,0.0,0.0,2,3980.0,4076.0,3,4110.0,0.0,0.0,0.0,0.0,0.0,1
2023-05-09 22:54:03,b2404,b2404,4110.0,0.0,0.0,0.0,2,3980.0,4076.0,2,4110.0,0.0,0.0,0.0,0.0,0.0,1
2023-05-09 22:54:13,b2404,b2404,4110.0,0.0,0.0,0.0,1,3980.0,4076.0,2,4110.0,0.0,0.0,0.0,0.0,0.0,1
2023-05-09 22:54:15,b2404,b2404,4110.0,0.0,0.0,0.0,2,3980.0,4076.0,2,4110.0,0.0,0.0,0.0,0.0,0.0,1
2023-05-09 22:54:28,b2404,b2404,4110.0,0.0,0.0,0.0,2,3980.0,4075.0,2,4110.0,0.0,0.0,0.0,0.0,0.0,1
2023-05-09 22:54:36,b2404,b2404,4110.0,0.0,0.0,0.0,2,3980.0,4075.0,4,4110.0,0.0,0.0,0.0,0.0,0.0,1
2023-05-09 22:59:16,b2404,b2404,4110.0,0.0,0.0,0.0,1,3980.0,4075.0,4,4110.0,0.0,0.0,0.0,0.0,0.0,1
2023-05-09 22:59:18,b2404,b2404,4110.0,0.0,0.0,0.0,2,3980.0,4075.0,4,4110.0,0.0,0.0,0.0,0.0,0.0,1
2023-05-09 22:59:27,b2404,b2404,4110.0,0.0,0.0,0.0,2,3980.0,4079.0,1,4110.0,0.0,0.0,0.0,0.0,0.0,1
2023-05-09 22:59:27,b2404,b2404,4110.0,0.0,0.0,0.0,2,3980.0,4093.0,1,4110.0,0.0,0.0,0.0,0.0,0.0,1
2023-05-09 22:59:28,b2404,b2404,4110.0,0.0,0.0,0.0,2,3980.0,4093.0,2,4110.0,0.0,0.0,0.0,0.0,0.0,1
2023-05-09 22:59:29,b2404,b2404,4110.0,0.0,0.0,0.0,2,3980.0,4092.0,6,4110.0,0.0,0.0,0.0,0.0,0.0,1
2023-05-09 22:59:50,b2404,b2404,4110.0,0.0,0.0,0.0,1,3980.0,4092.0,6,4110.0,0.0,0.0,0.0,0.0,0.0,1
2023-05-09 22:59:51,b2404,b2404,4110.0,0.0,0.0,0.0,1,3980.0,4093.0,1,4110.0,0.0,0.0,0.0,0.0,0.0,1
2023-05-10 09:00:00,b2404,b2404,4110.0,0.0,0.0,0.0,2,3980.0,4093.0,2,4110.0,0.0,0.0,0.0,0.0,0.0,1
2023-05-10 09:00:06,b2404,b2404,4110.0,0.0,0.0,0.0,2,3980.0,4092.0,1,4110.0,0.0,0.0,0.0,0.0,0.0,1
2023-05-10 09:00:07,b2404,b2404,4110.0,0.0,0.0,0.0,2,3980.0,4092.0,2,4110.0,0.0,0.0,0.0,0.0,0.0,1
2023-05-10 09:00:09,b2404,b2404,4110.0,0.0,0.0,0.0,2,3980.0,4091.0,2,4110.0,0.0,0.0,0.0,0.0,0.0,1
2023-05-10 09:00:21,b2404,b2404,4110.0,0.0,0.0,0.0,2,3981.0,4091.0,2,4110.0,0.0,0.0,0.0,0.0,0.0,1
2023-05-10 09:00:22,b2404,b2404,4110.0,0.0,0.0,0.0,2,3980.0,4091.0,2,4110.0,0.0,0.0,0.0,0.0,0.0,1
2023-05-10 09:00:32,b2404,b2404,4110.0,0.0,0.0,0.0,2,3980.0,4088.0,1,4110.0,0.0,0.0,0.0,0.0,0.0,1
2023-05-10 09:00:36,b2404,b2404,4110.0,0.0,0.0,0.0,2,3980.0,4087.0,2,4110.0,0.0,0.0,0.0,0.0,0.0,1
2023-05-10 09:01:05,b2404,b2404,4110.0,0.0,0.0,0.0,2,3981.0,4087.0,2,4110.0,0.0,0.0,0.0,0.0,0.0,1
2023-05-10 09:04:05,b2404,b2404,4110.0,0.0,0.0,0.0,2,3981.0,4086.0,1,4110.0,0.0,0.0,0.0,0.0,0.0,1
2023-05-10 09:04:05,b2404,b2404,4110.0,0.0,0.0,0.0,2,3981.0,4086.0,4,4110.0,0.0,0.0,0.0,0.0,0.0,1
2023-05-10 09:04:11,b2404,b2404,4110.0,0.0,0.0,0.0,2,3981.0,4085.0,2,4110.0,0.0,0.0,0.0,0.0,0.0,1
2023-05-10 09:06:02,b2404,b2404,4110.0,0.0,0.0,0.0,2,3980.0,4085.0,2,4110.0,0.0,0.0,0.0,0.0,0.0,1
2023-05-10 09:06:02,b2404,b2404,4110.0,0.0,0.0,0.0,1,3980.0,4085.0,2,4110.0,0.0,0.0,0.0,0.0,0.0,1
2023-05-10 09:06:04,b2404,b2404,4110.0,0.0,0.0,0.0,2,3980.0,4085.0,2,4110.0,0.0,0.0,0.0,0.0,0.0,1
2023-05-10 09:06:13,b2404,b2404,4110.0,0.0,0.0,0.0,2,3981.0,4085.0,2,4110.0,0.0,0.0,0.0,0.0,0.0,1
2023-05-10 09:09:29,b2404,b2404,4110.0,0.0,0.0,0.0,2,3981.0,4085.0,3,4110.0,0.0,0.0,0.0,0.0,0.0,1
2023-05-10 09:09:29,b2404,b2404,4110.0,0.0,0.0,0.0,2,3981.0,4085.0,6,4110.0,0.0,0.0,0.0,0.0,0.0,1
2023-05-10 09:09:46,b2404,b2404,4110.0,0.0,0.0,0.0,2,3981.0,4085.0,4,4110.0,0.0,0.0,0.0,0.0,0.0,1
2023-05-10 09:09:50,b2404,b2404,4110.0,0.0,0.0,0.0,2,3981.0,4085.0,2,4110.0,0.0,0.0,0.0,0.0,0.0,1
2023-05-10 09:10:53,b2404,b2404,4110.0,0.0,0.0,0.0,2,3980.0,4085.0,2,4110.0,0.0,0.0,0.0,0.0,0.0,1
2023-05-10 09:11:04,b2404,b2404,4110.0,0.0,0.0,0.0,1,3980.0,4085.0,2,4110.0,0.0,0.0,0.0,0.0,0.0,1
2023-05-10 09:11:06,b2404,b2404,4110.0,0.0,0.0,0.0,2,3980.0,4085.0,2,4110.0,0.0,0.0,0.0,0.0,0.0,1
2023-05-10 09:11:14,b2404,b2404,4110.0,0.0,0.0,0.0,2,3980.0,4084.0,2,4110.0,0.0,0.0,0.0,0.0,0.0,1
2023-05-10 09:11:21,b2404,b2404,4110.0,0.0,0.0,0.0,2,3980.0,4083.0,2,4110.0,0.0,0.0,0.0,0.0,0.0,1
2023-05-10 09:11:56,b2404,b2404,4110.0,0.0,0.0,0.0,2,3980.0,4082.0,2,4110.0,0.0,0.0,0.0,0.0,0.0,1
2023-05-10 09:12:00,b2404,b2404,4110.0,0.0,0.0,0.0,2,3980.0,4081.0,2,4110.0,0.0,0.0,0.0,0.0,0.0,1
2023-05-10 09:12:41,b2404,b2404,4110.0,0.0,0.0,0.0,2,3981.0,4081.0,2,4110.0,0.0,0.0,0.0,0.0,0.0,1
2023-05-10 09:15:18,b2404,b2404,4110.0,0.0,0.0,0.0,2,3980.0,4081.0,2,4110.0,0.0,0.0,0.0,0.0,0.0,1
2023-05-10 09:15:34,b2404,b2404,4110.0,0.0,0.0,0.0,2,3980.0,4080.0,2,4110.0,0.0,0.0,0.0,0.0,0.0,1
2023-05-10 09:15:40,b2404,b2404,4110.0,0.0,0.0,0.0,2,3980.0,4081.0,2,4110.0,0.0,0.0,0.0,0.0,0.0,1
2023-05-10 09:16:07,b2404,b2404,4110.0,0.0,0.0,0.0,1,3980.0,4081.0,2,4110.0,0.0,0.0,0.0,0.0,0.0,1
2023-05-10 09:16:07,b2404,b2404,4110.0,0.0,0.0,0.0,2,3980.0,4081.0,2,4110.0,0.0,0.0,0.0,0.0,0.0,1
2023-05-10 09:16:17,b2404,b2404,4110.0,0.0,0.0,0.0,2,3981.0,4081.0,2,4110.0,0.0,0.0,0.0,0.0,0.0,1
2023-05-10 09:17:56,b2404,b2404,4110.0,0.0,0.0,0.0,2,3980.0,4081.0,2,4110.0,0.0,0.0,0.0,0.0,0.0,1
2023-05-10 09:18:23,b2404,b2404,4110.0,0.0,0.0,0.0,2,3981.0,4081.0,2,4110.0,0.0,0.0,0.0,0.0,0.0,1
2023-05-10 09:20:30,b2404,b2404,4110.0,0.0,0.0,0.0,2,3982.0,4081.0,2,4110.0,0.0,0.0,0.0,0.0,0.0,1
2023-05-10 09:20:52,b2404,b2404,4110.0,0.0,0.0,0.0,2,3981.0,4081.0,2,4110.0,0.0,0.0,0.0,0.0,0.0,1
2023-05-10 09:21:58,b2404,b2404,4110.0,0.0,0.0,0.0,2,3982.0,4081.0,2,4110.0,0.0,0.0,0.0,0.0,0.0,1
2023-05-10 09:22:40,b2404,b2404,4110.0,0.0,0.0,0.0,2,3983.0,4081.0,2,4110.0,0.0,0.0,0.0,0.0,0.0,1
2023-05-10 09:22:47,b2404,b2404,4110.0,0.0,0.0,0.0,2,3984.0,4081.0,2,4110.0,0.0,0.0,0.0,0.0,0.0,1
2023-05-10 09:22:48,b2404,b2404,4110.0,0.0,0.0,0.0,2,3983.0,4081.0,2,4110.0,0.0,0.0,0.0,0.0,0.0,1
2023-05-10 09:24:49,b2404,b2404,4110.0,0.0,0.0,0.0,2,3984.0,4081.0,2,4110.0,0.0,0.0,0.0,0.0,0.0,1
2023-05-10 09:25:13,b2404,b2404,4110.0,0.0,0.0,0.0,2,3984.0,4088.0,1,4110.0,0.0,0.0,0.0,0.0,0.0,1
2023-05-10 09:25:13,b2404,b2404,4110.0,0.0,0.0,0.0,2,3984.0,4087.0,2,4110.0,0.0,0.0,0.0,0.0,0.0,1
2023-05-10 09:25:32,b2404,b2404,4110.0,0.0,0.0,0.0,2,3985.0,4087.0,2,4110.0,0.0,0.0,0.0,0.0,0.0,1
2023-05-10 09:25:33,b2404,b2404,4110.0,0.0,0.0,0.0,1,3986.0,4087.0,2,4110.0,0.0,0.0,0.0,0.0,0.0,1
2023-05-10 09:25:46,b2404,b2404,4110.0,0.0,0.0,0.0,2,3985.0,4087.0,2,4110.0,0.0,0.0,0.0,0.0,0.0,1
2023-05-10 09:25:48,b2404,b2404,4110.0,0.0,0.0,0.0,1,3986.0,4087.0,2,4110.0,0.0,0.0,0.0,0.0,0.0,1
2023-05-10 09:26:16,b2404,b2404,4110.0,0.0,0.0,0.0,2,3986.0,4087.0,2,4110.0,0.0,0.0,0.0,0.0,0.0,1
2023-05-10 09:27:01,b2404,b2404,4110.0,0.0,0.0,0.0,2,3987.0,4087.0,2,4110.0,0.0,0.0,0.0,0.0,0.0,1
2023-05-10 09:27:03,b2404,b2404,4110.0,0.0,0.0,0.0,1,3988.0,4087.0,2,4110.0,0.0,0.0,0.0,0.0,0.0,1
2023-05-10 09:27:43,b2404,b2404,4110.0,0.0,0.0,0.0,1,3988.0,4086.0,2,4110.0,0.0,0.0,0.0,0.0,0.0,1
2023-05-10 09:27:46,b2404,b2404,4110.0,0.0,0.0,0.0,1,3988.0,4086.0,4,4110.0,0.0,0.0,0.0,0.0,0.0,1
2023-05-10 09:27:46,b2404,b2404,4110.0,0.0,0.0,0.0,2,3980.0,4086.0,4,4110.0,0.0,0.0,0.0,0.0,0.0,1
2023-05-10 09:27:47,b2404,b2404,4110.0,0.0,0.0,0.0,1,3980.0,4086.0,4,4110.0,0.0,0.0,0.0,0.0,0.0,1
2023-05-10 09:27:47,b2404,b2404,4110.0,0.0,0.0,0.0,2,3981.0,4086.0,4,4110.0,0.0,0.0,0.0,0.0,0.0,1
2023-05-10 09:27:48,b2404,b2404,4110.0,0.0,0.0,0.0,2,3981.0,4086.0,2,4110.0,0.0,0.0,0.0,0.0,0.0,1
2023-05-10 09:28:27,b2404,b2404,4110.0,0.0,0.0,0.0,2,3982.0,4086.0,2,4110.0,0.0,0.0,0.0,0.0,0.0,1
2023-05-10 09:28:28,b2404,b2404,4110.0,0.0,0.0,0.0,2,3983.0,4086.0,2,4110.0,0.0,0.0,0.0,0.0,0.0,1
2023-05-10 09:28:56,b2404,b2404,4110.0,0.0,0.0,0.0,1,3983.0,4086.0,2,4110.0,0.0,0.0,0.0,0.0,0.0,1
2023-05-10 09:29:09,b2404,b2404,4110.0,0.0,0.0,0.0,1,3983.0,4085.0,2,4110.0,0.0,0.0,0.0,0.0,0.0,1
2023-05-10 09:29:30,b2404,b2404,4110.0,0.0,0.0,0.0,1,3983.0,4085.0,4,4110.0,0.0,0.0,0.0,0.0,0.0,1
2023-05-10 09:29:47,b2404,b2404,4110.0,0.0,0.0,0.0,2,3980.0,4085.0,4,4110.0,0.0,0.0,0.0,0.0,0.0,1
2023-05-10 09:29:47,b2404,b2404,4110.0,0.0,0.0,0.0,2,3981.0,4085.0,4,4110.0,0.0,0.0,0.0,0.0,0.0,1
2023-05-10 09:30:00,b2404,b2404,4110.0,0.0,0.0,0.0,2,3980.0,4085.0,4,4110.0,0.0,0.0,0.0,0.0,0.0,1
2023-05-10 09:30:42,b2404,b2404,4110.0,0.0,0.0,0.0,2,3980.0,4085.0,2,4110.0,0.0,0.0,0.0,0.0,0.0,1
2023-05-10 09:30:43,b2404,b2404,4110.0,0.0,0.0,0.0,2,3980.0,4084.0,2,4110.0,0.0,0.0,0.0,0.0,0.0,1
2023-05-10 09:31:34,b2404,b2404,4110.0,0.0,0.0,0.0,2,3981.0,4084.0,2,4110.0,0.0,0.0,0.0,0.0,0.0,1
2023-05-10 09:32:00,b2404,b2404,4110.0,0.0,0.0,0.0,2,3982.0,4084.0,2,4110.0,0.0,0.0,0.0,0.0,0.0,1
2023-05-10 09:32:08,b2404,b2404,4110.0,0.0,0.0,0.0,2,3981.0,4084.0,2,4110.0,0.0,0.0,0.0,0.0,0.0,1
2023-05-10 09:32:43,b2404,b2404,4110.0,0.0,0.0,0.0,2,3981.0,4083.0,2,4110.0,0.0,0.0,0.0,0.0,0.0,1
2023-05-10 09:33:27,b2404,b2404,4110.0,0.0,0.0,0.0,2,3981.0,4088.0,1,4110.0,0.0,0.0,0.0,0.0,0.0,1
2023-05-10 09:33:33,b2404,b2404,4110.0,0.0,0.0,0.0,2,3981.0,4087.0,2,4110.0,0.0,0.0,0.0,0.0,0.0,1
2023-05-10 09:34:08,b2404,b2404,4110.0,0.0,0.0,0.0,2,3981.0,4086.0,2,4110.0,0.0,0.0,0.0,0.0,0.0,1
2023-05-10 09:34:10,b2404,b2404,4110.0,0.0,0.0,0.0,2,3981.0,4085.0,2,4110.0,0.0,0.0,0.0,0.0,0.0,1
2023-05-10 09:34:52,b2404,b2404,4110.0,0.0,0.0,0.0,2,3981.0,4084.0,2,4110.0,0.0,0.0,0.0,0.0,0.0,1
2023-05-10 09:34:53,b2404,b2404,4110.0,0.0,0.0,0.0,2,3981.0,4084.0,4,4110.0,0.0,0.0,0.0,0.0,0.0,1
2023-05-10 09:35:35,b2404,b2404,4110.0,0.0,0.0,0.0,2,3981.0,4084.0,2,4110.0,0.0,0.0,0.0,0.0,0.0,1
2023-05-10 09:35:38,b2404,b2404,4110.0,0.0,0.0,0.0,2,3980.0,4084.0,2,4110.0,0.0,0.0,0.0,0.0,0.0,1
2023-05-10 09:35:39,b2404,b2404,4110.0,0.0,0.0,0.0,1,3980.0,4084.0,2,4110.0,0.0,0.0,0.0,0.0,0.0,1
2023-05-10 09:35:39,b2404,b2404,4110.0,0.0,0.0,0.0,2,3980.0,4084.0,2,4110.0,0.0,0.0,0.0,0.0,0.0,1
2023-05-10 09:36:03,b2404,b2404,4110.0,0.0,0.0,0.0,2,3981.0,4084.0,2,4110.0,0.0,0.0,0.0,0.0,0.0,1
2023-05-10 09:38:05,b2404,b2404,4110.0,0.0,0.0,0.0,2,3980.0,4084.0,2,4110.0,0.0,0.0,0.0,0.0,0.0,1
2023-05-10 09:39:51,b2404,b2404,4110.0,0.0,0.0,0.0,2,3980.0,4088.0,1,4110.0,0.0,0.0,0.0,0.0,0.0,1
2023-05-10 09:39:54,b2404,b2404,4110.0,0.0,0.0,0.0,2,3980.0,4087.0,2,4110.0,0.0,0.0,0.0,0.0,0.0,1
2023-05-10 09:39:55,b2404,b2404,4110.0,0.0,0.0,0.0,2,3980.0,4087.0,4,4110.0,0.0,0.0,0.0,0.0,0.0,1
2023-05-10 09:39:59,b2404,b2404,4110.0,0.0,0.0,0.0,1,3981.0,4087.0,4,4110.0,0.0,0.0,0.0,0.0,0.0,1
2023-05-10 09:40:07,b2404,b2404,4110.0,0.0,0.0,0.0,2,3980.0,4087.0,4,4110.0,0.0,0.0,0.0,0.0,0.0,1
2023-05-10 09:40:15,b2404,b2404,4110.0,0.0,0.0,0.0,1,3981.0,4087.0,4,4110.0,0.0,0.0,0.0,0.0,0.0,1
2023-05-10 09:41:13,b2404,b2404,4110.0,0.0,0.0,0.0,2,3980.0,4087.0,4,4110.0,0.0,0.0,0.0,0.0,0.0,1
2023-05-10 09:41:14,b2404,b2404,4110.0,0.0,0.0,0.0,1,3980.0,4087.0,4,4110.0,0.0,0.0,0.0,0.0,0.0,1
2023-05-10 09:41:15,b2404,b2404,4110.0,0.0,0.0,0.0,2,3980.0,4087.0,4,4110.0,0.0,0.0,0.0,0.0,0.0,1
2023-05-10 09:41:16,b2404,b2404,4110.0,0.0,0.0,0.0,1,3981.0,4087.0,4,4110.0,0.0,0.0,0.0,0.0,0.0,1
2023-05-10 09:41:43,b2404,b2404,4110.0,0.0,0.0,0.0,2,3980.0,4087.0,4,4110.0,0.0,0.0,0.0,0.0,0.0,1
2023-05-10 09:42:39,b2404,b2404,4110.0,0.0,0.0,0.0,2,3980.0,4087.0,5,4110.0,0.0,0.0,0.0,0.0,0.0,1
2023-05-10 09:42:46,b2404,b2404,4110.0,0.0,0.0,0.0,2,3980.0,4087.0,4,4110.0,0.0,0.0,0.0,0.0,0.0,1
2023-05-10 09:42:46,b2404,b2404,4110.0,0.0,0.0,0.0,2,3980.0,4080.0,1,4110.0,0.0,0.0,0.0,0.0,0.0,1
2023-05-10 09:42:48,b2404,b2404,4110.0,0.0,0.0,0.0,2,3980.0,4079.0,2,4110.0,0.0,0.0,0.0,0.0,0.0,1
2023-05-10 09:43:30,b2404,b2404,4110.0,0.0,0.0,0.0,2,3981.0,4079.0,2,4110.0,0.0,0.0,0.0,0.0,0.0,1
2023-05-10 09:45:19,b2404,b2404,4110.0,0.0,0.0,0.0,1,3982.0,4079.0,2,4110.0,0.0,0.0,0.0,0.0,0.0,1
2023-05-10 09:45:20,b2404,b2404,4110.0,0.0,0.0,0.0,2,3982.0,4079.0,2,4110.0,0.0,0.0,0.0,0.0,0.0,1
2023-05-10 09:46:19,b2404,b2404,4110.0,0.0,0.0,0.0,2,3983.0,4079.0,2,4110.0,0.0,0.0,0.0,0.0,0.0,1
2023-05-10 09:46:23,b2404,b2404,4110.0,0.0,0.0,0.0,1,3984.0,4079.0,2,4110.0,0.0,0.0,0.0,0.0,0.0,1
2023-05-10 09:46:43,b2404,b2404,4110.0,0.0,0.0,0.0,2,3983.0,4079.0,2,4110.0,0.0,0.0,0.0,0.0,0.0,1
2023-05-10 09:47:29,b2404,b2404,4110.0,0.0,0.0,0.0,2,3983.0,4031.0,1,4110.0,0.0,0.0,0.0,0.0,0.0,1
2023-05-10 09:47:30,b2404,b2404,4110.0,0.0,0.0,0.0,1,3982.0,4031.0,1,4110.0,0.0,0.0,0.0,0.0,0.0,1
2023-05-10 09:47:30,b2404,b2404,4110.0,0.0,0.0,0.0,2,3980.0,4031.0,1,4110.0,0.0,0.0,0.0,0.0,0.0,1
2023-05-10 09:47:31,b2404,b2404,4110.0,0.0,0.0,0.0,1,3980.0,4031.0,1,4110.0,0.0,0.0,0.0,0.0,0.0,1
2023-05-10 09:47:32,b2404,b2404,4110.0,0.0,0.0,0.0,2,3980.0,4031.0,1,4110.0,0.0,0.0,0.0,0.0,0.0,1
2023-05-10 09:47:33,b2404,b2404,4110.0,0.0,0.0,0.0,2,3981.0,4031.0,1,4110.0,0.0,0.0,0.0,0.0,0.0,1
2023-05-10 09:47:45,b2404,b2404,4110.0,0.0,0.0,0.0,2,3981.0,4068.0,1,4110.0,0.0,0.0,0.0,0.0,0.0,1
2023-05-10 09:47:46,b2404,b2404,4110.0,0.0,0.0,0.0,2,3982.0,4068.0,1,4110.0,0.0,0.0,0.0,0.0,0.0,1
2023-05-10 09:47:48,b2404,b2404,4110.0,0.0,0.0,0.0,2,3983.0,4068.0,1,4110.0,0.0,0.0,0.0,0.0,0.0,1
2023-05-10 09:48:29,b2404,b2404,4110.0,0.0,0.0,0.0,2,3984.0,4068.0,1,4110.0,0.0,0.0,0.0,0.0,0.0,1
2023-05-10 09:48:30,b2404,b2404,4110.0,0.0,0.0,0.0,2,3985.0,4068.0,1,4110.0,0.0,0.0,0.0,0.0,0.0,1
2023-05-10 09:49:12,b2404,b2404,4110.0,0.0,0.0,0.0,2,3986.0,4068.0,1,4110.0,0.0,0.0,0.0,0.0,0.0,1
2023-05-10 09:49:59,b2404,b2404,4110.0,0.0,0.0,0.0,1,3987.0,4068.0,1,4110.0,0.0,0.0,0.0,0.0,0.0,1
2023-05-10 09:50:00,b2404,b2404,4110.0,0.0,0.0,0.0,2,3987.0,4068.0,1,4110.0,0.0,0.0,0.0,0.0,0.0,1
2023-05-10 09:51:22,b2404,b2404,4110.0,0.0,0.0,0.0,2,3988.0,4068.0,1,4110.0,0.0,0.0,0.0,0.0,0.0,1
2023-05-10 09:51:23,b2404,b2404,4110.0,0.0,0.0,0.0,2,3989.0,4068.0,1,4110.0,0.0,0.0,0.0,0.0,0.0,1
2023-05-10 09:52:06,b2404,b2404,4110.0,0.0,0.0,0.0,2,3990.0,4068.0,1,4110.0,0.0,0.0,0.0,0.0,0.0,1
2023-05-10 09:52:30,b2404,b2404,4110.0,0.0,0.0,0.0,2,3990.0,4088.0,1,4110.0,0.0,0.0,0.0,0.0,0.0,1
2023-05-10 09:52:32,b2404,b2404,4110.0,0.0,0.0,0.0,2,3989.0,4088.0,2,4110.0,0.0,0.0,0.0,0.0,0.0,1
2023-05-10 09:52:33,b2404,b2404,4110.0,0.0,0.0,0.0,2,3989.0,4087.0,2,4110.0,0.0,0.0,0.0,0.0,0.0,1
2023-05-10 09:52:49,b2404,b2404,4110.0,0.0,0.0,0.0,2,3989.0,4086.0,2,4110.0,0.0,0.0,0.0,0.0,0.0,1
2023-05-10 09:52:50,b2404,b2404,4110.0,0.0,0.0,0.0,2,3989.0,4086.0,4,4110.0,0.0,0.0,0.0,0.0,0.0,1
2023-05-10 09:52:54,b2404,b2404,4110.0,0.0,0.0,0.0,2,3980.0,4086.0,4,4110.0,0.0,0.0,0.0,0.0,0.0,1
2023-05-10 09:52:54,b2404,b2404,4110.0,0.0,0.0,0.0,1,3980.0,4086.0,4,4110.0,0.0,0.0,0.0,0.0,0.0,1
2023-05-10 09:52:55,b2404,b2404,4110.0,0.0,0.0,0.0,2,3981.0,4086.0,4,4110.0,0.0,0.0,0.0,0.0,0.0,1
2023-05-10 09:54:53,b2404,b2404,4110.0,0.0,0.0,0.0,2,3981.0,4086.0,2,4110.0,0.0,0.0,0.0,0.0,0.0,1
2023-05-10 09:54:54,b2404,b2404,4110.0,0.0,0.0,0.0,2,3981.0,4085.0,2,4110.0,0.0,0.0,0.0,0.0,0.0,1
2023-05-10 09:54:59,b2404,b2404,4110.0,0.0,0.0,0.0,1,3980.0,4085.0,2,4110.0,0.0,0.0,0.0,0.0,0.0,1
2023-05-10 09:55:41,b2404,b2404,4110.0,0.0,0.0,0.0,1,3980.0,4084.0,2,4110.0,0.0,0.0,0.0,0.0,0.0,1
2023-05-10 09:55:42,b2404,b2404,4110.0,0.0,0.0,0.0,1,3980.0,4083.0,2,4110.0,0.0,0.0,0.0,0.0,0.0,1
2023-05-10 09:56:28,b2404,b2404,4110.0,0.0,0.0,0.0,1,3980.0,4082.0,2,4110.0,0.0,0.0,0.0,0.0,0.0,1
2023-05-10 09:56:31,b2404,b2404,4110.0,0.0,0.0,0.0,1,3980.0,4082.0,4,4110.0,0.0,0.0,0.0,0.0,0.0,1
2023-05-10 09:57:13,b2404,b2404,4110.0,0.0,0.0,0.0,1,3980.0,4082.0,2,4110.0,0.0,0.0,0.0,0.0,0.0,1
2023-05-10 09:57:13,b2404,b2404,4110.0,0.0,0.0,0.0,1,3980.0,4081.0,2,4110.0,0.0,0.0,0.0,0.0,0.0,1
2023-05-10 09:57:55,b2404,b2404,4110.0,0.0,0.0,0.0,1,3980.0,4080.0,2,4110.0,0.0,0.0,0.0,0.0,0.0,1
2023-05-10 09:57:56,b2404,b2404,4110.0,0.0,0.0,0.0,1,3970.0,4080.0,2,4110.0,0.0,0.0,0.0,0.0,0.0,1
2023-05-10 09:57:57,b2404,b2404,4110.0,0.0,0.0,0.0,1,3970.0,4079.0,2,4110.0,0.0,0.0,0.0,0.0,0.0,1
2023-05-10 09:57:57,b2404,b2404,4110.0,0.0,0.0,0.0,2,3970.0,4079.0,2,4110.0,0.0,0.0,0.0,0.0,0.0,1
2023-05-10 09:58:40,b2404,b2404,4110.0,0.0,0.0,0.0,2,3970.0,4078.0,2,4110.0,0.0,0.0,0.0,0.0,0.0,1
2023-05-10 09:58:51,b2404,b2404,4110.0,0.0,0.0,0.0,2,3970.0,4077.0,2,4110.0,0.0,0.0,0.0,0.0,0.0,1
2023-05-10 09:59:32,b2404,b2404,4110.0,0.0,0.0,0.0,2,3971.0,4077.0,2,4110.0,0.0,0.0,0.0,0.0,0.0,1
2023-05-10 09:59:59,b2404,b2404,4110.0,0.0,0.0,0.0,2,3970.0,4077.0,2,4110.0,0.0,0.0,0.0,0.0,0.0,1
2023-05-10 09:59:59,b2404,b2404,4110.0,0.0,0.0,0.0,2,3970.0,4088.0,2,4110.0,0.0,0.0,0.0,0.0,0.0,1
2023-05-10 10:00:00,b2404,b2404,4110.0,0.0,0.0,0.0,2,3970.0,4088.0,1,4110.0,0.0,0.0,0.0,0.0,0.0,1
2023-05-10 10:00:01,b2404,b2404,4110.0,0.0,0.0,0.0,2,3971.0,4088.0,2,4110.0,0.0,0.0,0.0,0.0,0.0,1
2023-05-10 10:00:02,b2404,b2404,4110.0,0.0,0.0,0.0,2,3970.0,4088.0,2,4110.0,0.0,0.0,0.0,0.0,0.0,1
2023-05-10 10:00:03,b2404,b2404,4110.0,0.0,0.0,0.0,2,3971.0,4088.0,2,4110.0,0.0,0.0,0.0,0.0,0.0,1
2023-05-10 10:00:06,b2404,b2404,4110.0,0.0,0.0,0.0,2,3971.0,4087.0,2,4110.0,0.0,0.0,0.0,0.0,0.0,1
2023-05-10 10:00:08,b2404,b2404,4110.0,0.0,0.0,0.0,2,3971.0,4087.0,4,4110.0,0.0,0.0,0.0,0.0,0.0,1
2023-05-10 10:04:57,b2404,b2404,4110.0,0.0,0.0,0.0,3,3971.0,4087.0,4,4110.0,0.0,0.0,0.0,0.0,0.0,1
2023-05-10 10:05:06,b2404,b2404,4110.0,0.0,0.0,0.0,3,3971.0,4087.0,2,4110.0,0.0,0.0,0.0,0.0,0.0,1
2023-05-10 10:05:45,b2404,b2404,4110.0,0.0,0.0,0.0,3,3971.0,4086.0,2,4110.0,0.0,0.0,0.0,0.0,0.0,1
2023-05-10 10:05:45,b2404,b2404,4110.0,0.0,0.0,0.0,3,3971.0,4086.0,4,4110.0,0.0,0.0,0.0,0.0,0.0,1
2023-05-10 10:06:07,b2404,b2404,4110.0,0.0,0.0,0.0,1,3971.0,4086.0,4,4110.0,0.0,0.0,0.0,0.0,0.0,1
2023-05-10 10:06:21,b2404,b2404,4110.0,0.0,0.0,0.0,2,3972.0,4086.0,4,4110.0,0.0,0.0,0.0,0.0,0.0,1
2023-05-10 10:07:45,b2404,b2404,4110.0,0.0,0.0,0.0,2,3970.0,4086.0,4,4110.0,0.0,0.0,0.0,0.0,0.0,1
2023-05-10 10:07:45,b2404,b2404,4110.0,0.0,0.0,0.0,1,3970.0,4086.0,4,4110.0,0.0,0.0,0.0,0.0,0.0,1
2023-05-10 10:07:46,b2404,b2404,4110.0,0.0,0.0,0.0,2,3970.0,4086.0,4,4110.0,0.0,0.0,0.0,0.0,0.0,1
2023-05-10 10:07:46,b2404,b2404,4110.0,0.0,0.0,0.0,2,3971.0,4086.0,4,4110.0,0.0,0.0,0.0,0.0,0.0,1
2023-05-10 10:07:49,b2404,b2404,4110.0,0.0,0.0,0.0,2,3970.0,4086.0,4,4110.0,0.0,0.0,0.0,0.0,0.0,1
2023-05-10 10:07:52,b2404,b2404,4110.0,0.0,0.0,0.0,2,3971.0,4086.0,4,4110.0,0.0,0.0,0.0,0.0,0.0,1
2023-05-10 10:09:04,b2404,b2404,4110.0,0.0,0.0,0.0,2,3971.0,4086.0,2,4110.0,0.0,0.0,0.0,0.0,0.0,1
2023-05-10 10:09:21,b2404,b2404,4110.0,0.0,0.0,0.0,2,3972.0,4086.0,2,4110.0,0.0,0.0,0.0,0.0,0.0,1
2023-05-10 10:09:23,b2404,b2404,4110.0,0.0,0.0,0.0,2,3973.0,4086.0,2,4110.0,0.0,0.0,0.0,0.0,0.0,1
2023-05-10 10:10:05,b2404,b2404,4110.0,0.0,0.0,0.0,2,3974.0,4086.0,2,4110.0,0.0,0.0,0.0,0.0,0.0,1
2023-05-10 10:10:07,b2404,b2404,4110.0,0.0,0.0,0.0,2,3975.0,4086.0,2,4110.0,0.0,0.0,0.0,0.0,0.0,1
2023-05-10 10:10:47,b2404,b2404,4110.0,0.0,0.0,0.0,2,3975.0,4088.0,2,4110.0,0.0,0.0,0.0,0.0,0.0,1
2023-05-10 10:10:48,b2404,b2404,4110.0,0.0,0.0,0.0,2,3975.0,4087.0,2,4110.0,0.0,0.0,0.0,0.0,0.0,1
2023-05-10 10:10:49,b2404,b2404,4110.0,0.0,0.0,0.0,2,3976.0,4087.0,2,4110.0,0.0,0.0,0.0,0.0,0.0,1
2023-05-10 10:10:49,b2404,b2404,4110.0,0.0,0.0,0.0,2,3976.0,4087.0,3,4110.0,0.0,0.0,0.0,0.0,0.0,1
2023-05-10 10:10:50,b2404,b2404,4110.0,0.0,0.0,0.0,2,3977.0,4087.0,3,4110.0,0.0,0.0,0.0,0.0,0.0,1
2023-05-10 10:11:12,b2404,b2404,4110.0,0.0,0.0,0.0,1,3977.0,4087.0,3,4110.0,0.0,0.0,0.0,0.0,0.0,1
2023-05-10 10:11:33,b2404,b2404,4110.0,0.0,0.0,0.0,1,3977.0,4086.0,2,4110.0,0.0,0.0,0.0,0.0,0.0,1
2023-05-10 10:11:38,b2404,b2404,4110.0,0.0,0.0,0.0,1,3977.0,4086.0,4,4110.0,0.0,0.0,0.0,0.0,0.0,1
2023-05-10 10:12:12,b2404,b2404,4110.0,0.0,0.0,0.0,1,3977.0,4086.0,2,4110.0,0.0,0.0,0.0,0.0,0.0,1
2023-05-10 10:12:18,b2404,b2404,4110.0,0.0,0.0,0.0,2,3978.0,4086.0,2,4110.0,0.0,0.0,0.0,0.0,0.0,1
2023-05-10 10:13:08,b2404,b2404,4110.0,0.0,0.0,0.0,1,3977.0,4086.0,2,4110.0,0.0,0.0,0.0,0.0,0.0,1
2023-05-10 10:13:08,b2404,b2404,4110.0,0.0,0.0,0.0,1,3977.0,4087.0,1,4110.0,0.0,0.0,0.0,0.0,0.0,1
2023-05-10 10:13:08,b2404,b2404,4110.0,0.0,0.0,0.0,2,3970.0,4087.0,1,4110.0,0.0,0.0,0.0,0.0,0.0,1
2023-05-10 10:13:09,b2404,b2404,4110.0,0.0,0.0,0.0,1,3970.0,4087.0,1,4110.0,0.0,0.0,0.0,0.0,0.0,1
2023-05-10 10:13:10,b2404,b2404,4110.0,0.0,0.0,0.0,1,3970.0,4086.0,2,4110.0,0.0,0.0,0.0,0.0,0.0,1
2023-05-10 10:13:10,b2404,b2404,4110.0,0.0,0.0,0.0,2,3970.0,4086.0,2,4110.0,0.0,0.0,0.0,0.0,0.0,1
2023-05-10 10:13:11,b2404,b2404,4110.0,0.0,0.0,0.0,2,3971.0,4086.0,2,4110.0,0.0,0.0,0.0,0.0,0.0,1
2023-05-10 10:13:44,b2404,b2404,4110.0,0.0,0.0,0.0,2,3972.0,4086.0,2,4110.0,0.0,0.0,0.0,0.0,0.0,1
2023-05-10 10:13:50,b2404,b2404,4110.0,0.0,0.0,0.0,2,3973.0,4086.0,2,4110.0,0.0,0.0,0.0,0.0,0.0,1
2023-05-10 10:14:54,b2404,b2404,4110.0,0.0,0.0,0.0,2,3973.0,4088.0,1,4110.0,0.0,0.0,0.0,0.0,0.0,1
2023-05-10 10:30:00,b2404,b2404,4110.0,0.0,0.0,0.0,1,3970.0,4088.0,1,4110.0,0.0,0.0,0.0,0.0,0.0,1
2023-05-10 10:30:01,b2404,b2404,4110.0,0.0,0.0,0.0,2,3971.0,4088.0,2,4110.0,0.0,0.0,0.0,0.0,0.0,1
2023-05-10 10:30:07,b2404,b2404,4110.0,0.0,0.0,0.0,2,3971.0,4087.0,2,4110.0,0.0,0.0,0.0,0.0,0.0,1
2023-05-10 10:30:11,b2404,b2404,4110.0,0.0,0.0,0.0,2,3971.0,4086.0,2,4110.0,0.0,0.0,0.0,0.0,0.0,1
2023-05-10 10:31:00,b2404,b2404,4110.0,0.0,0.0,0.0,2,3971.0,4086.0,4,4110.0,0.0,0.0,0.0,0.0,0.0,1
2023-05-10 10:31:01,b2404,b2404,4110.0,0.0,0.0,0.0,2,3970.0,4086.0,4,4110.0,0.0,0.0,0.0,0.0,0.0,1
2023-05-10 10:32:57,b2404,b2404,4110.0,0.0,0.0,0.0,2,3970.0,4086.0,2,4110.0,0.0,0.0,0.0,0.0,0.0,1
2023-05-10 10:32:58,b2404,b2404,4110.0,0.0,0.0,0.0,2,3970.0,4085.0,2,4110.0,0.0,0.0,0.0,0.0,0.0,1
2023-05-10 10:33:49,b2404,b2404,4110.0,0.0,0.0,0.0,2,3970.0,4084.0,2,4110.0,0.0,0.0,0.0,0.0,0.0,1
2023-05-10 10:33:58,b2404,b2404,4110.0,0.0,0.0,0.0,2,3970.0,4084.0,4,4110.0,0.0,0.0,0.0,0.0,0.0,1
2023-05-10 10:35:02,b2404,b2404,4110.0,0.0,0.0,0.0,1,3970.0,4084.0,4,4110.0,0.0,0.0,0.0,0.0,0.0,1
2023-05-10 10:35:03,b2404,b2404,4110.0,0.0,0.0,0.0,1,3970.0,4084.0,2,4110.0,0.0,0.0,0.0,0.0,0.0,1
2023-05-10 10:35:03,b2404,b2404,4110.0,0.0,0.0,0.0,2,3970.0,4083.0,2,4110.0,0.0,0.0,0.0,0.0,0.0,1
2023-05-10 10:35:59,b2404,b2404,4110.0,0.0,0.0,0.0,2,3970.0,4082.0,2,4110.0,0.0,0.0,0.0,0.0,0.0,1
2023-05-10 10:36:04,b2404,b2404,4110.0,0.0,0.0,0.0,2,3970.0,4081.0,2,4110.0,0.0,0.0,0.0,0.0,0.0,1
2023-05-10 10:37:25,b2404,b2404,4110.0,0.0,0.0,0.0,2,3970.0,4080.0,2,4110.0,0.0,0.0,0.0,0.0,0.0,1
2023-05-10 10:37:29,b2404,b2404,4110.0,0.0,0.0,0.0,2,3970.0,4079.0,2,4110.0,0.0,0.0,0.0,0.0,0.0,1
2023-05-10 10:38:52,b2404,b2404,4110.0,0.0,0.0,0.0,2,3970.0,4078.0,2,4110.0,0.0,0.0,0.0,0.0,0.0,1
2023-05-10 10:39:00,b2404,b2404,4110.0,0.0,0.0,0.0,2,3970.0,4077.0,2,4110.0,0.0,0.0,0.0,0.0,0.0,1
2023-05-10 10:40:04,b2404,b2404,4110.0,0.0,0.0,0.0,1,3970.0,4077.0,2,4110.0,0.0,0.0,0.0,0.0,0.0,1
2023-05-10 10:40:05,b2404,b2404,4110.0,0.0,0.0,0.0,2,3970.0,4077.0,2,4110.0,0.0,0.0,0.0,0.0,0.0,1
2023-05-10 10:40:19,b2404,b2404,4110.0,0.0,0.0,0.0,2,3970.0,4076.0,2,4110.0,0.0,0.0,0.0,0.0,0.0,1
2023-05-10 10:40:24,b2404,b2404,4110.0,0.0,0.0,0.0,2,3970.0,4075.0,2,4110.0,0.0,0.0,0.0,0.0,0.0,1
2023-05-10 10:41:45,b2404,b2404,4110.0,0.0,0.0,0.0,2,3970.0,4074.0,2,4110.0,0.0,0.0,0.0,0.0,0.0,1
2023-05-10 10:45:06,b2404,b2404,4110.0,0.0,0.0,0.0,1,3970.0,4074.0,2,4110.0,0.0,0.0,0.0,0.0,0.0,1
2023-05-10 10:45:10,b2404,b2404,4110.0,0.0,0.0,0.0,2,3970.0,4074.0,2,4110.0,0.0,0.0,0.0,0.0,0.0,1
2023-05-10 10:46:44,b2404,b2404,4110.0,0.0,0.0,0.0,2,3970.0,4088.0,1,4110.0,0.0,0.0,0.0,0.0,0.0,1
2023-05-10 10:46:44,b2404,b2404,4110.0,0.0,0.0,0.0,2,3970.0,4121.0,1,4110.0,0.0,0.0,0.0,0.0,0.0,1
2023-05-10 10:46:45,b2404,b2404,4110.0,0.0,0.0,0.0,2,3970.0,4160.0,1,4110.0,0.0,0.0,0.0,0.0,0.0,1
2023-05-10 10:46:45,b2404,b2404,4110.0,0.0,0.0,0.0,2,3970.0,4159.0,1,4110.0,0.0,0.0,0.0,0.0,0.0,1
2023-05-10 10:46:46,b2404,b2404,4110.0,0.0,0.0,0.0,2,3970.0,4157.0,1,4110.0,0.0,0.0,0.0,0.0,0.0,1
2023-05-10 10:46:47,b2404,b2404,4110.0,0.0,0.0,0.0,2,3970.0,4156.0,1,4110.0,0.0,0.0,0.0,0.0,0.0,1
2023-05-10 10:46:47,b2404,b2404,4110.0,0.0,0.0,0.0,2,3970.0,4154.0,1,4110.0,0.0,0.0,0.0,0.0,0.0,1
2023-05-10 10:46:49,b2404,b2404,4110.0,0.0,0.0,0.0,2,3970.0,4153.0,3,4110.0,0.0,0.0,0.0,0.0,0.0,1
2023-05-10 10:46:49,b2404,b2404,4110.0,0.0,0.0,0.0,2,3970.0,4151.0,1,4110.0,0.0,0.0,0.0,0.0,0.0,1
2023-05-10 10:46:49,b2404,b2404,4110.0,0.0,0.0,0.0,2,3970.0,4150.0,1,4110.0,0.0,0.0,0.0,0.0,0.0,1
2023-05-10 10:46:50,b2404,b2404,4110.0,0.0,0.0,0.0,2,3970.0,4148.0,1,4110.0,0.0,0.0,0.0,0.0,0.0,1
2023-05-10 10:46:54,b2404,b2404,4110.0,0.0,0.0,0.0,2,3970.0,4147.0,6,4110.0,0.0,0.0,0.0,0.0,0.0,1
2023-05-10 10:46:54,b2404,b2404,4110.0,0.0,0.0,0.0,2,3970.0,4145.0,1,4110.0,0.0,0.0,0.0,0.0,0.0,1
2023-05-10 10:46:57,b2404,b2404,4110.0,0.0,0.0,0.0,2,3970.0,4144.0,6,4110.0,0.0,0.0,0.0,0.0,0.0,1
2023-05-10 10:46:57,b2404,b2404,4110.0,0.0,0.0,0.0,2,3970.0,4142.0,1,4110.0,0.0,0.0,0.0,0.0,0.0,1
2023-05-10 10:47:03,b2404,b2404,4110.0,0.0,0.0,0.0,2,3970.0,4141.0,5,4110.0,0.0,0.0,0.0,0.0,0.0,1
2023-05-10 10:47:04,b2404,b2404,4110.0,0.0,0.0,0.0,2,3970.0,4139.0,1,4110.0,0.0,0.0,0.0,0.0,0.0,1
2023-05-10 10:47:10,b2404,b2404,4110.0,0.0,0.0,0.0,2,3970.0,4138.0,2,4110.0,0.0,0.0,0.0,0.0,0.0,1
2023-05-10 10:47:10,b2404,b2404,4110.0,0.0,0.0,0.0,2,3970.0,4136.0,1,4110.0,0.0,0.0,0.0,0.0,0.0,1
2023-05-10 10:47:12,b2404,b2404,4110.0,0.0,0.0,0.0,2,3970.0,4135.0,3,4110.0,0.0,0.0,0.0,0.0,0.0,1
2023-05-10 10:47:12,b2404,b2404,4110.0,0.0,0.0,0.0,2,3970.0,4133.0,1,4110.0,0.0,0.0,0.0,0.0,0.0,1
2023-05-10 10:47:17,b2404,b2404,4110.0,0.0,0.0,0.0,2,3970.0,4132.0,6,4110.0,0.0,0.0,0.0,0.0,0.0,1
2023-05-10 10:47:17,b2404,b2404,4110.0,0.0,0.0,0.0,2,3970.0,4130.0,1,4110.0,0.0,0.0,0.0,0.0,0.0,1
2023-05-10 10:47:24,b2404,b2404,4110.0,0.0,0.0,0.0,2,3970.0,4129.0,6,4110.0,0.0,0.0,0.0,0.0,0.0,1
2023-05-10 10:47:24,b2404,b2404,4110.0,0.0,0.0,0.0,2,3970.0,4127.0,1,4110.0,0.0,0.0,0.0,0.0,0.0,1
2023-05-10 10:47:24,b2404,b2404,4110.0,0.0,0.0,0.0,2,3970.0,4127.0,2,4110.0,0.0,0.0,0.0,0.0,0.0,1
2023-05-10 10:47:30,b2404,b2404,4110.0,0.0,0.0,0.0,2,3970.0,4126.0,2,4110.0,0.0,0.0,0.0,0.0,0.0,1
2023-05-10 10:47:30,b2404,b2404,4110.0,0.0,0.0,0.0,2,3970.0,4124.0,1,4110.0,0.0,0.0,0.0,0.0,0.0,1
2023-05-10 10:47:35,b2404,b2404,4110.0,0.0,0.0,0.0,2,3970.0,4123.0,6,4110.0,0.0,0.0,0.0,0.0,0.0,1
2023-05-10 10:47:35,b2404,b2404,4110.0,0.0,0.0,0.0,2,3970.0,4121.0,1,4110.0,0.0,0.0,0.0,0.0,0.0,1
2023-05-10 10:47:38,b2404,b2404,4110.0,0.0,0.0,0.0,2,3970.0,4120.0,6,4110.0,0.0,0.0,0.0,0.0,0.0,1
2023-05-10 10:47:39,b2404,b2404,4110.0,0.0,0.0,0.0,2,3970.0,4118.0,1,4110.0,0.0,0.0,0.0,0.0,0.0,1
2023-05-10 10:47:42,b2404,b2404,4110.0,0.0,0.0,0.0,2,3970.0,4117.0,6,4110.0,0.0,0.0,0.0,0.0,0.0,1
2023-05-10 10:47:42,b2404,b2404,4110.0,0.0,0.0,0.0,2,3970.0,4115.0,1,4110.0,0.0,0.0,0.0,0.0,0.0,1
2023-05-10 10:47:48,b2404,b2404,4110.0,0.0,0.0,0.0,2,3970.0,4114.0,4,4110.0,0.0,0.0,0.0,0.0,0.0,1
2023-05-10 10:47:48,b2404,b2404,4110.0,0.0,0.0,0.0,2,3970.0,4112.0,1,4110.0,0.0,0.0,0.0,0.0,0.0,1
2023-05-10 10:47:55,b2404,b2404,4110.0,0.0,0.0,0.0,2,3970.0,4111.0,2,4110.0,0.0,0.0,0.0,0.0,0.0,1
2023-05-10 10:47:55,b2404,b2404,4110.0,0.0,0.0,0.0,2,3970.0,4109.0,1,4110.0,0.0,0.0,0.0,0.0,0.0,1
2023-05-10 10:48:01,b2404,b2404,4110.0,0.0,0.0,0.0,2,3970.0,4108.0,1,4110.0,0.0,0.0,0.0,0.0,0.0,1
2023-05-10 10:48:01,b2404,b2404,4110.0,0.0,0.0,0.0,2,3970.0,4106.0,1,4110.0,0.0,0.0,0.0,0.0,0.0,1
2023-05-10 10:48:02,b2404,b2404,4110.0,0.0,0.0,0.0,2,3970.0,4105.0,2,4110.0,0.0,0.0,0.0,0.0,0.0,1
2023-05-10 10:48:02,b2404,b2404,4110.0,0.0,0.0,0.0,2,3970.0,4104.0,1,4110.0,0.0,0.0,0.0,0.0,0.0,1
2023-05-10 10:48:08,b2404,b2404,4110.0,0.0,0.0,0.0,2,3970.0,4103.0,3,4110.0,0.0,0.0,0.0,0.0,0.0,1
2023-05-10 10:48:09,b2404,b2404,4110.0,0.0,0.0,0.0,2,3970.0,4103.0,5,4110.0,0.0,0.0,0.0,0.0,0.0,1
2023-05-10 10:48:14,b2404,b2404,4110.0,0.0,0.0,0.0,2,3970.0,4102.0,1,4110.0,0.0,0.0,0.0,0.0,0.0,1
2023-05-10 10:48:14,b2404,b2404,4110.0,0.0,0.0,0.0,2,3970.0,4101.0,1,4110.0,0.0,0.0,0.0,0.0,0.0,1
2023-05-10 10:48:15,b2404,b2404,4110.0,0.0,0.0,0.0,2,3970.0,4100.0,3,4110.0,0.0,0.0,0.0,0.0,0.0,1
2023-05-10 10:48:21,b2404,b2404,4110.0,0.0,0.0,0.0,2,3970.0,4099.0,1,4110.0,0.0,0.0,0.0,0.0,0.0,1
2023-05-10 10:48:21,b2404,b2404,4110.0,0.0,0.0,0.0,2,3970.0,4099.0,2,4110.0,0.0,0.0,0.0,0.0,0.0,1
2023-05-10 10:48:26,b2404,b2404,4110.0,0.0,0.0,0.0,2,3970.0,4098.0,1,4110.0,0.0,0.0,0.0,0.0,0.0,1
2023-05-10 10:48:27,b2404,b2404,4110.0,0.0,0.0,0.0,2,3970.0,4097.0,3,4110.0,0.0,0.0,0.0,0.0,0.0,1
2023-05-10 10:48:28,b2404,b2404,4110.0,0.0,0.0,0.0,2,3970.0,4096.0,1,4110.0,0.0,0.0,0.0,0.0,0.0,1
2023-05-10 10:48:30,b2404,b2404,4110.0,0.0,0.0,0.0,2,3970.0,4095.0,5,4110.0,0.0,0.0,0.0,0.0,0.0,1
2023-05-10 10:48:31,b2404,b2404,4110.0,0.0,0.0,0.0,2,3970.0,4095.0,6,4110.0,0.0,0.0,0.0,0.0,0.0,1
2023-05-10 10:48:35,b2404,b2404,4110.0,0.0,0.0,0.0,2,3970.0,4094.0,1,4110.0,0.0,0.0,0.0,0.0,0.0,1
2023-05-10 10:48:41,b2404,b2404,4110.0,0.0,0.0,0.0,2,3970.0,4093.0,5,4110.0,0.0,0.0,0.0,0.0,0.0,1
2023-05-10 10:48:54,b2404,b2404,4110.0,0.0,0.0,0.0,2,3970.0,4092.0,1,4110.0,0.0,0.0,0.0,0.0,0.0,1
2023-05-10 10:49:00,b2404,b2404,4110.0,0.0,0.0,0.0,2,3970.0,4091.0,2,4110.0,0.0,0.0,0.0,0.0,0.0,1
2023-05-10 10:49:06,b2404,b2404,4110.0,0.0,0.0,0.0,2,3970.0,4090.0,3,4110.0,0.0,0.0,0.0,0.0,0.0,1
2023-05-10 10:49:06,b2404,b2404,4110.0,0.0,0.0,0.0,2,3970.0,4089.0,1,4110.0,0.0,0.0,0.0,0.0,0.0,1
2023-05-10 10:49:12,b2404,b2404,4110.0,0.0,0.0,0.0,2,3970.0,4088.0,2,4110.0,0.0,0.0,0.0,0.0,0.0,1
2023-05-10 10:49:17,b2404,b2404,4110.0,0.0,0.0,0.0,2,3970.0,4087.0,4,4110.0,0.0,0.0,0.0,0.0,0.0,1
2023-05-10 10:49:20,b2404,b2404,4110.0,0.0,0.0,0.0,2,3970.0,4086.0,2,4110.0,0.0,0.0,0.0,0.0,0.0,1
2023-05-10 10:49:27,b2404,b2404,4110.0,0.0,0.0,0.0,2,3970.0,4086.0,6,4110.0,0.0,0.0,0.0,0.0,0.0,1
2023-05-10 10:49:29,b2404,b2404,4110.0,0.0,0.0,0.0,2,3970.0,4086.0,5,4110.0,0.0,0.0,0.0,0.0,0.0,1
2023-05-10 10:49:29,b2404,b2404,4110.0,0.0,0.0,0.0,2,3970.0,4085.0,1,4110.0,0.0,0.0,0.0,0.0,0.0,1
2023-05-10 10:49:35,b2404,b2404,4110.0,0.0,0.0,0.0,2,3970.0,4084.0,2,4110.0,0.0,0.0,0.0,0.0,0.0,1
2023-05-10 10:49:39,b2404,b2404,4110.0,0.0,0.0,0.0,2,3970.0,4083.0,2,4110.0,0.0,0.0,0.0,0.0,0.0,1
2023-05-10 10:49:43,b2404,b2404,4110.0,0.0,0.0,0.0,2,3970.0,4082.0,2,4110.0,0.0,0.0,0.0,0.0,0.0,1
2023-05-10 10:50:11,b2404,b2404,4110.0,0.0,0.0,0.0,1,3970.0,4082.0,2,4110.0,0.0,0.0,0.0,0.0,0.0,1
2023-05-10 10:50:12,b2404,b2404,4110.0,0.0,0.0,0.0,2,3970.0,4082.0,2,4110.0,0.0,0.0,0.0,0.0,0.0,1
2023-05-10 10:50:25,b2404,b2404,4110.0,0.0,0.0,0.0,2,3970.0,4081.0,2,4110.0,0.0,0.0,0.0,0.0,0.0,1
2023-05-10 10:50:26,b2404,b2404,4110.0,0.0,0.0,0.0,2,3970.0,4080.0,2,4110.0,0.0,0.0,0.0,0.0,0.0,1
2023-05-10 10:51:07,b2404,b2404,4110.0,0.0,0.0,0.0,2,3970.0,4079.0,2,4110.0,0.0,0.0,0.0,0.0,0.0,1
2023-05-10 10:51:08,b2404,b2404,4110.0,0.0,0.0,0.0,2,3970.0,4079.0,3,4110.0,0.0,0.0,0.0,0.0,0.0,1
2023-05-10 10:51:09,b2404,b2404,4110.0,0.0,0.0,0.0,2,3970.0,4078.0,2,4110.0,0.0,0.0,0.0,0.0,0.0,1
2023-05-10 10:51:43,b2404,b2404,4110.0,0.0,0.0,0.0,1,3970.0,4078.0,2,4110.0,0.0,0.0,0.0,0.0,0.0,1
2023-05-10 10:51:50,b2404,b2404,4110.0,0.0,0.0,0.0,1,3970.0,4077.0,2,4110.0,0.0,0.0,0.0,0.0,0.0,1
2023-05-10 10:51:52,b2404,b2404,4110.0,0.0,0.0,0.0,1,3970.0,4076.0,2,4110.0,0.0,0.0,0.0,0.0,0.0,1
2023-05-10 10:52:34,b2404,b2404,4110.0,0.0,0.0,0.0,1,3970.0,4075.0,2,4110.0,0.0,0.0,0.0,0.0,0.0,1
2023-05-10 10:52:36,b2404,b2404,4110.0,0.0,0.0,0.0,1,3970.0,4075.0,4,4110.0,0.0,0.0,0.0,0.0,0.0,1
2023-05-10 10:53:43,b2404,b2404,4110.0,0.0,0.0,0.0,1,3970.0,4075.0,2,4110.0,0.0,0.0,0.0,0.0,0.0,1
2023-05-10 10:53:43,b2404,b2404,4110.0,0.0,0.0,0.0,1,3970.0,4074.0,2,4110.0,0.0,0.0,0.0,0.0,0.0,1
2023-05-10 10:54:19,b2404,b2404,4110.0,0.0,0.0,0.0,1,3970.0,4075.0,2,4110.0,0.0,0.0,0.0,0.0,0.0,1
2023-05-10 10:54:44,b2404,b2404,4110.0,0.0,0.0,0.0,1,3970.0,4075.0,4,4110.0,0.0,0.0,0.0,0.0,0.0,1
2023-05-10 10:56:05,b2404,b2404,4110.0,0.0,0.0,0.0,1,3970.0,4075.0,2,4110.0,0.0,0.0,0.0,0.0,0.0,1
2023-05-10 10:57:32,b2404,b2404,4110.0,0.0,0.0,0.0,1,3970.0,4079.0,1,4110.0,0.0,0.0,0.0,0.0,0.0,1
2023-05-10 10:57:33,b2404,b2404,4110.0,0.0,0.0,0.0,1,3970.0,4104.0,1,4110.0,0.0,0.0,0.0,0.0,0.0,1
2023-05-10 10:57:33,b2404,b2404,4110.0,0.0,0.0,0.0,1,3970.0,4141.0,1,4110.0,0.0,0.0,0.0,0.0,0.0,1
2023-05-10 10:57:34,b2404,b2404,4110.0,0.0,0.0,0.0,1,3970.0,4139.0,1,4110.0,0.0,0.0,0.0,0.0,0.0,1
2023-05-10 10:57:35,b2404,b2404,4110.0,0.0,0.0,0.0,1,3970.0,4138.0,3,4110.0,0.0,0.0,0.0,0.0,0.0,1
2023-05-10 10:57:35,b2404,b2404,4110.0,0.0,0.0,0.0,1,3970.0,4136.0,1,4110.0,0.0,0.0,0.0,0.0,0.0,1
2023-05-10 10:57:40,b2404,b2404,4110.0,0.0,0.0,0.0,1,3970.0,4135.0,1,4110.0,0.0,0.0,0.0,0.0,0.0,1
2023-05-10 10:57:41,b2404,b2404,4110.0,0.0,0.0,0.0,1,3970.0,4133.0,1,4110.0,0.0,0.0,0.0,0.0,0.0,1
2023-05-10 10:57:42,b2404,b2404,4110.0,0.0,0.0,0.0,1,3970.0,4132.0,2,4110.0,0.0,0.0,0.0,0.0,0.0,1
2023-05-10 10:57:42,b2404,b2404,4110.0,0.0,0.0,0.0,1,3970.0,4130.0,1,4110.0,0.0,0.0,0.0,0.0,0.0,1
2023-05-10 10:57:47,b2404,b2404,4110.0,0.0,0.0,0.0,1,3970.0,4129.0,3,4110.0,0.0,0.0,0.0,0.0,0.0,1
2023-05-10 10:57:48,b2404,b2404,4110.0,0.0,0.0,0.0,1,3970.0,4127.0,1,4110.0,0.0,0.0,0.0,0.0,0.0,1
2023-05-10 10:57:48,b2404,b2404,4110.0,0.0,0.0,0.0,1,3970.0,4126.0,2,4110.0,0.0,0.0,0.0,0.0,0.0,1
2023-05-10 10:57:49,b2404,b2404,4110.0,0.0,0.0,0.0,1,3970.0,4124.0,1,4110.0,0.0,0.0,0.0,0.0,0.0,1
2023-05-10 10:58:00,b2404,b2404,4110.0,0.0,0.0,0.0,1,3970.0,4123.0,1,4110.0,0.0,0.0,0.0,0.0,0.0,1
2023-05-10 10:58:00,b2404,b2404,4110.0,0.0,0.0,0.0,1,3970.0,4121.0,1,4110.0,0.0,0.0,0.0,0.0,0.0,1
2023-05-10 10:58:01,b2404,b2404,4110.0,0.0,0.0,0.0,1,3970.0,4120.0,2,4110.0,0.0,0.0,0.0,0.0,0.0,1
2023-05-10 10:58:01,b2404,b2404,4110.0,0.0,0.0,0.0,1,3970.0,4118.0,1,4110.0,0.0,0.0,0.0,0.0,0.0,1
2023-05-10 10:58:07,b2404,b2404,4110.0,0.0,0.0,0.0,1,3970.0,4117.0,2,4110.0,0.0,0.0,0.0,0.0,0.0,1
2023-05-10 10:58:07,b2404,b2404,4110.0,0.0,0.0,0.0,1,3970.0,4115.0,1,4110.0,0.0,0.0,0.0,0.0,0.0,1
2023-05-10 10:58:08,b2404,b2404,4110.0,0.0,0.0,0.0,1,3970.0,4114.0,2,4110.0,0.0,0.0,0.0,0.0,0.0,1
2023-05-10 10:58:08,b2404,b2404,4110.0,0.0,0.0,0.0,1,3970.0,4112.0,1,4110.0,0.0,0.0,0.0,0.0,0.0,1
2023-05-10 10:58:13,b2404,b2404,4110.0,0.0,0.0,0.0,1,3970.0,4111.0,4,4110.0,0.0,0.0,0.0,0.0,0.0,1
2023-05-10 10:58:14,b2404,b2404,4110.0,0.0,0.0,0.0,1,3970.0,4109.0,1,4110.0,0.0,0.0,0.0,0.0,0.0,1
2023-05-10 10:58:14,b2404,b2404,4110.0,0.0,0.0,0.0,1,3970.0,4108.0,2,4110.0,0.0,0.0,0.0,0.0,0.0,1
2023-05-10 10:58:15,b2404,b2404,4110.0,0.0,0.0,0.0,1,3970.0,4107.0,1,4110.0,0.0,0.0,0.0,0.0,0.0,1
2023-05-10 10:58:15,b2404,b2404,4110.0,0.0,0.0,0.0,1,3970.0,4107.0,2,4110.0,0.0,0.0,0.0,0.0,0.0,1
2023-05-10 10:58:20,b2404,b2404,4110.0,0.0,0.0,0.0,1,3970.0,4106.0,1,4110.0,0.0,0.0,0.0,0.0,0.0,1
2023-05-10 10:58:25,b2404,b2404,4110.0,0.0,0.0,0.0,1,3970.0,4105.0,1,4110.0,0.0,0.0,0.0,0.0,0.0,1
2023-05-10 10:58:26,b2404,b2404,4110.0,0.0,0.0,0.0,1,3970.0,4104.0,2,4110.0,0.0,0.0,0.0,0.0,0.0,1
2023-05-10 10:58:26,b2404,b2404,4110.0,0.0,0.0,0.0,1,3970.0,4104.0,3,4110.0,0.0,0.0,0.0,0.0,0.0,1
2023-05-10 10:58:27,b2404,b2404,4110.0,0.0,0.0,0.0,1,3970.0,4103.0,1,4110.0,0.0,0.0,0.0,0.0,0.0,1
2023-05-10 10:58:27,b2404,b2404,4110.0,0.0,0.0,0.0,1,3970.0,4103.0,3,4110.0,0.0,0.0,0.0,0.0,0.0,1
2023-05-10 10:58:33,b2404,b2404,4110.0,0.0,0.0,0.0,1,3970.0,4102.0,1,4110.0,0.0,0.0,0.0,0.0,0.0,1
2023-05-10 10:58:36,b2404,b2404,4110.0,0.0,0.0,0.0,1,3970.0,4101.0,5,4110.0,0.0,0.0,0.0,0.0,0.0,1
2023-05-10 10:58:37,b2404,b2404,4110.0,0.0,0.0,0.0,1,3970.0,4100.0,1,4110.0,0.0,0.0,0.0,0.0,0.0,1
2023-05-10 10:58:41,b2404,b2404,4110.0,0.0,0.0,0.0,1,3970.0,4099.0,5,4110.0,0.0,0.0,0.0,0.0,0.0,1
2023-05-10 10:58:47,b2404,b2404,4110.0,0.0,0.0,0.0,1,3970.0,4098.0,1,4110.0,0.0,0.0,0.0,0.0,0.0,1
2023-05-10 10:58:52,b2404,b2404,4110.0,0.0,0.0,0.0,1,3970.0,4097.0,2,4110.0,0.0,0.0,0.0,0.0,0.0,1
2023-05-10 10:58:52,b2404,b2404,4110.0,0.0,0.0,0.0,1,3970.0,4096.0,2,4110.0,0.0,0.0,0.0,0.0,0.0,1
2023-05-10 10:58:53,b2404,b2404,4110.0,0.0,0.0,0.0,1,3970.0,4095.0,1,4110.0,0.0,0.0,0.0,0.0,0.0,1
2023-05-10 10:58:59,b2404,b2404,4110.0,0.0,0.0,0.0,1,3970.0,4094.0,1,4110.0,0.0,0.0,0.0,0.0,0.0,1
2023-05-10 10:58:59,b2404,b2404,4110.0,0.0,0.0,0.0,1,3970.0,4093.0,4,4110.0,0.0,0.0,0.0,0.0,0.0,1
2023-05-10 10:59:00,b2404,b2404,4110.0,0.0,0.0,0.0,1,3970.0,4092.0,1,4110.0,0.0,0.0,0.0,0.0,0.0,1
2023-05-10 10:59:03,b2404,b2404,4110.0,0.0,0.0,0.0,1,3970.0,4091.0,5,4110.0,0.0,0.0,0.0,0.0,0.0,1
2023-05-10 10:59:03,b2404,b2404,4110.0,0.0,0.0,0.0,1,3970.0,4091.0,6,4110.0,0.0,0.0,0.0,0.0,0.0,1
2023-05-10 10:59:09,b2404,b2404,4110.0,0.0,0.0,0.0,1,3970.0,4090.0,1,4110.0,0.0,0.0,0.0,0.0,0.0,1
2023-05-10 10:59:14,b2404,b2404,4110.0,0.0,0.0,0.0,1,3970.0,4089.0,5,4110.0,0.0,0.0,0.0,0.0,0.0,1
2023-05-10 10:59:20,b2404,b2404,4110.0,0.0,0.0,0.0,1,3970.0,4088.0,1,4110.0,0.0,0.0,0.0,0.0,0.0,1
2023-05-10 10:59:26,b2404,b2404,4110.0,0.0,0.0,0.0,1,3970.0,4087.0,2,4110.0,0.0,0.0,0.0,0.0,0.0,1
2023-05-10 10:59:32,b2404,b2404,4110.0,0.0,0.0,0.0,1,3970.0,4086.0,4,4110.0,0.0,0.0,0.0,0.0,0.0,1
2023-05-10 10:59:35,b2404,b2404,4110.0,0.0,0.0,0.0,1,3970.0,4085.0,2,4110.0,0.0,0.0,0.0,0.0,0.0,1
2023-05-10 10:59:39,b2404,b2404,4110.0,0.0,0.0,0.0,1,3970.0,4085.0,3,4110.0,0.0,0.0,0.0,0.0,0.0,1
2023-05-10 10:59:39,b2404,b2404,4110.0,0.0,0.0,0.0,1,3970.0,4085.0,4,4110.0,0.0,0.0,0.0,0.0,0.0,1
2023-05-10 10:59:45,b2404,b2404,4110.0,0.0,0.0,0.0,1,3970.0,4084.0,2,4110.0,0.0,0.0,0.0,0.0,0.0,1
2023-05-10 11:01:00,b2404,b2404,4110.0,0.0,0.0,0.0,1,3970.0,4083.0,2,4110.0,0.0,0.0,0.0,0.0,0.0,1
2023-05-10 11:01:03,b2404,b2404,4110.0,0.0,0.0,0.0,1,3970.0,4082.0,2,4110.0,0.0,0.0,0.0,0.0,0.0,1
2023-05-10 11:02:23,b2404,b2404,4110.0,0.0,0.0,0.0,1,3970.0,4081.0,2,4110.0,0.0,0.0,0.0,0.0,0.0,1
2023-05-10 11:02:26,b2404,b2404,4110.0,0.0,0.0,0.0,1,3970.0,4080.0,2,4110.0,0.0,0.0,0.0,0.0,0.0,1
2023-05-10 11:03:07,b2404,b2404,4110.0,0.0,0.0,0.0,1,3970.0,4079.0,2,4110.0,0.0,0.0,0.0,0.0,0.0,1
2023-05-10 11:03:10,b2404,b2404,4110.0,0.0,0.0,0.0,1,3970.0,4078.0,2,4110.0,0.0,0.0,0.0,0.0,0.0,1
2023-05-10 11:04:30,b2404,b2404,4110.0,0.0,0.0,0.0,1,3970.0,4077.0,2,4110.0,0.0,0.0,0.0,0.0,0.0,1
2023-05-10 11:04:31,b2404,b2404,4110.0,0.0,0.0,0.0,1,3970.0,4076.0,2,4110.0,0.0,0.0,0.0,0.0,0.0,1
2023-05-10 11:05:13,b2404,b2404,4110.0,0.0,0.0,0.0,1,3970.0,4075.0,2,4110.0,0.0,0.0,0.0,0.0,0.0,1
2023-05-10 11:05:13,b2404,b2404,4110.0,0.0,0.0,0.0,1,3970.0,4075.0,3,4110.0,0.0,0.0,0.0,0.0,0.0,1
2023-05-10 11:07:16,b2404,b2404,4110.0,0.0,0.0,0.0,2,3970.0,4075.0,3,4110.0,0.0,0.0,0.0,0.0,0.0,1
2023-05-10 11:07:25,b2404,b2404,4110.0,0.0,0.0,0.0,1,3970.0,4075.0,3,4110.0,0.0,0.0,0.0,0.0,0.0,1
2023-05-10 11:07:25,b2404,b2404,4110.0,0.0,0.0,0.0,1,3971.0,4075.0,3,4110.0,0.0,0.0,0.0,0.0,0.0,1
2023-05-10 11:07:40,b2404,b2404,4110.0,0.0,0.0,0.0,1,3971.0,4075.0,1,4110.0,0.0,0.0,0.0,0.0,0.0,1
2023-05-10 11:07:59,b2404,b2404,4110.0,0.0,0.0,0.0,2,3972.0,4075.0,1,4110.0,0.0,0.0,0.0,0.0,0.0,1
2023-05-10 11:10:14,b2404,b2404,4110.0,0.0,0.0,0.0,2,3972.0,4115.0,1,4110.0,0.0,0.0,0.0,0.0,0.0,1
2023-05-10 11:10:14,b2404,b2404,4110.0,0.0,0.0,0.0,2,3972.0,4128.0,1,4110.0,0.0,0.0,0.0,0.0,0.0,1
2023-05-10 11:10:15,b2404,b2404,4110.0,0.0,0.0,0.0,1,3971.0,4126.0,1,4110.0,0.0,0.0,0.0,0.0,0.0,1
2023-05-10 11:10:15,b2404,b2404,4110.0,0.0,0.0,0.0,1,3971.0,4126.0,2,4110.0,0.0,0.0,0.0,0.0,0.0,1
2023-05-10 11:10:18,b2404,b2404,4110.0,0.0,0.0,0.0,1,3971.0,4125.0,3,4110.0,0.0,0.0,0.0,0.0,0.0,1
2023-05-10 11:10:18,b2404,b2404,4110.0,0.0,0.0,0.0,1,3971.0,4123.0,1,4110.0,0.0,0.0,0.0,0.0,0.0,1
2023-05-10 11:10:20,b2404,b2404,4110.0,0.0,0.0,0.0,1,3971.0,4122.0,3,4110.0,0.0,0.0,0.0,0.0,0.0,1
2023-05-10 11:10:20,b2404,b2404,4110.0,0.0,0.0,0.0,1,3971.0,4121.0,4,4110.0,0.0,0.0,0.0,0.0,0.0,1
2023-05-10 11:10:27,b2404,b2404,4110.0,0.0,0.0,0.0,1,3971.0,4120.0,3,4110.0,0.0,0.0,0.0,0.0,0.0,1
2023-05-10 11:10:31,b2404,b2404,4110.0,0.0,0.0,0.0,1,3971.0,4119.0,3,4110.0,0.0,0.0,0.0,0.0,0.0,1
2023-05-10 11:10:38,b2404,b2404,4110.0,0.0,0.0,0.0,1,3971.0,4118.0,3,4110.0,0.0,0.0,0.0,0.0,0.0,1
2023-05-10 11:10:44,b2404,b2404,4110.0,0.0,0.0,0.0,1,3971.0,4117.0,2,4110.0,0.0,0.0,0.0,0.0,0.0,1
2023-05-10 11:10:48,b2404,b2404,4110.0,0.0,0.0,0.0,1,3971.0,4116.0,2,4110.0,0.0,0.0,0.0,0.0,0.0,1
2023-05-10 11:10:50,b2404,b2404,4110.0,0.0,0.0,0.0,1,3971.0,4115.0,1,4110.0,0.0,0.0,0.0,0.0,0.0,1
2023-05-10 11:10:51,b2404,b2404,4110.0,0.0,0.0,0.0,1,3971.0,4114.0,4,4110.0,0.0,0.0,0.0,0.0,0.0,1
2023-05-10 11:10:57,b2404,b2404,4110.0,0.0,0.0,0.0,1,3971.0,4113.0,1,4110.0,0.0,0.0,0.0,0.0,0.0,1
2023-05-10 11:11:03,b2404,b2404,4110.0,0.0,0.0,0.0,1,3971.0,4112.0,1,4110.0,0.0,0.0,0.0,0.0,0.0,1
2023-05-10 11:11:03,b2404,b2404,4110.0,0.0,0.0,0.0,1,3971.0,4111.0,1,4110.0,0.0,0.0,0.0,0.0,0.0,1
2023-05-10 11:11:03,b2404,b2404,4110.0,0.0,0.0,0.0,1,3971.0,4111.0,4,4110.0,0.0,0.0,0.0,0.0,0.0,1
2023-05-10 11:11:04,b2404,b2404,4110.0,0.0,0.0,0.0,1,3971.0,4110.0,1,4110.0,0.0,0.0,0.0,0.0,0.0,1
2023-05-10 11:11:04,b2404,b2404,4110.0,0.0,0.0,0.0,1,3971.0,4110.0,2,4110.0,0.0,0.0,0.0,0.0,0.0,1
2023-05-10 11:11:09,b2404,b2404,4110.0,0.0,0.0,0.0,1,3971.0,4109.0,1,4110.0,0.0,0.0,0.0,0.0,0.0,1
2023-05-10 11:11:10,b2404,b2404,4110.0,0.0,0.0,0.0,1,3971.0,4108.0,1,4110.0,0.0,0.0,0.0,0.0,0.0,1
2023-05-10 11:11:11,b2404,b2404,4110.0,0.0,0.0,0.0,1,3971.0,4107.0,1,4110.0,0.0,0.0,0.0,0.0,0.0,1
2023-05-10 11:11:16,b2404,b2404,4110.0,0.0,0.0,0.0,1,3971.0,4106.0,1,4110.0,0.0,0.0,0.0,0.0,0.0,1
2023-05-10 11:11:16,b2404,b2404,4110.0,0.0,0.0,0.0,1,3971.0,4105.0,2,4110.0,0.0,0.0,0.0,0.0,0.0,1
2023-05-10 11:11:17,b2404,b2404,4110.0,0.0,0.0,0.0,1,3971.0,4104.0,1,4110.0,0.0,0.0,0.0,0.0,0.0,1
2023-05-10 11:11:17,b2404,b2404,4110.0,0.0,0.0,0.0,1,3971.0,4103.0,1,4110.0,0.0,0.0,0.0,0.0,0.0,1
2023-05-10 11:11:23,b2404,b2404,4110.0,0.0,0.0,0.0,1,3971.0,4102.0,1,4110.0,0.0,0.0,0.0,0.0,0.0,1
2023-05-10 11:11:28,b2404,b2404,4110.0,0.0,0.0,0.0,1,3971.0,4101.0,1,4110.0,0.0,0.0,0.0,0.0,0.0,1
2023-05-10 11:11:29,b2404,b2404,4110.0,0.0,0.0,0.0,1,3971.0,4100.0,2,4110.0,0.0,0.0,0.0,0.0,0.0,1
2023-05-10 11:11:29,b2404,b2404,4110.0,0.0,0.0,0.0,1,3971.0,4099.0,2,4110.0,0.0,0.0,0.0,0.0,0.0,1
2023-05-10 11:11:30,b2404,b2404,4110.0,0.0,0.0,0.0,1,3971.0,4098.0,1,4110.0,0.0,0.0,0.0,0.0,0.0,1
2023-05-10 11:11:35,b2404,b2404,4110.0,0.0,0.0,0.0,1,3971.0,4097.0,3,4110.0,0.0,0.0,0.0,0.0,0.0,1
2023-05-10 11:11:36,b2404,b2404,4110.0,0.0,0.0,0.0,1,3971.0,4096.0,1,4110.0,0.0,0.0,0.0,0.0,0.0,1
2023-05-10 11:11:36,b2404,b2404,4110.0,0.0,0.0,0.0,1,3971.0,4095.0,2,4110.0,0.0,0.0,0.0,0.0,0.0,1
2023-05-10 11:11:42,b2404,b2404,4110.0,0.0,0.0,0.0,1,3970.0,4095.0,2,4110.0,0.0,0.0,0.0,0.0,0.0,1
2023-05-10 11:11:42,b2404,b2404,4110.0,0.0,0.0,0.0,1,3970.0,4094.0,3,4110.0,0.0,0.0,0.0,0.0,0.0,1
2023-05-10 11:11:43,b2404,b2404,4110.0,0.0,0.0,0.0,1,3970.0,4094.0,5,4110.0,0.0,0.0,0.0,0.0,0.0,1
2023-05-10 11:11:49,b2404,b2404,4110.0,0.0,0.0,0.0,1,3970.0,4093.0,1,4110.0,0.0,0.0,0.0,0.0,0.0,1
2023-05-10 11:11:55,b2404,b2404,4110.0,0.0,0.0,0.0,1,3970.0,4092.0,2,4110.0,0.0,0.0,0.0,0.0,0.0,1
2023-05-10 11:12:15,b2404,b2404,4110.0,0.0,0.0,0.0,1,3970.0,4091.0,2,4110.0,0.0,0.0,0.0,0.0,0.0,1
2023-05-10 11:12:20,b2404,b2404,4110.0,0.0,0.0,0.0,1,3970.0,4090.0,2,4110.0,0.0,0.0,0.0,0.0,0.0,1
2023-05-10 11:13:40,b2404,b2404,4110.0,0.0,0.0,0.0,1,3970.0,4089.0,2,4110.0,0.0,0.0,0.0,0.0,0.0,1
2023-05-10 11:13:44,b2404,b2404,4110.0,0.0,0.0,0.0,1,3970.0,4088.0,2,4110.0,0.0,0.0,0.0,0.0,0.0,1
2023-05-10 11:14:23,b2404,b2404,4110.0,0.0,0.0,0.0,2,3971.0,4088.0,2,4110.0,0.0,0.0,0.0,0.0,0.0,1
2023-05-10 11:14:49,b2404,b2404,4110.0,0.0,0.0,0.0,1,3970.0,4088.0,2,4110.0,0.0,0.0,0.0,0.0,0.0,1
2023-05-10 11:15:05,b2404,b2404,4110.0,0.0,0.0,0.0,2,3971.0,4088.0,2,4110.0,0.0,0.0,0.0,0.0,0.0,1
2023-05-10 11:15:06,b2404,b2404,4110.0,0.0,0.0,0.0,1,3970.0,4088.0,2,4110.0,0.0,0.0,0.0,0.0,0.0,1
2023-05-10 11:15:48,b2404,b2404,4110.0,0.0,0.0,0.0,1,3970.0,4087.0,2,4110.0,0.0,0.0,0.0,0.0,0.0,1
2023-05-10 11:15:57,b2404,b2404,4110.0,0.0,0.0,0.0,1,3970.0,4086.0,2,4110.0,0.0,0.0,0.0,0.0,0.0,1
2023-05-10 11:17:14,b2404,b2404,4110.0,0.0,0.0,0.0,1,3970.0,4085.0,2,4110.0,0.0,0.0,0.0,0.0,0.0,1
2023-05-10 11:17:16,b2404,b2404,4110.0,0.0,0.0,0.0,1,3970.0,4084.0,2,4110.0,0.0,0.0,0.0,0.0,0.0,1
2023-05-10 11:17:58,b2404,b2404,4110.0,0.0,0.0,0.0,1,3970.0,4083.0,2,4110.0,0.0,0.0,0.0,0.0,0.0,1
2023-05-10 11:17:58,b2404,b2404,4110.0,0.0,0.0,0.0,1,3970.0,4082.0,2,4110.0,0.0,0.0,0.0,0.0,0.0,1
2023-05-10 11:18:40,b2404,b2404,4110.0,0.0,0.0,0.0,1,3970.0,4081.0,2,4110.0,0.0,0.0,0.0,0.0,0.0,1
2023-05-10 11:18:53,b2404,b2404,4110.0,0.0,0.0,0.0,1,3970.0,4081.0,4,4110.0,0.0,0.0,0.0,0.0,0.0,1
2023-05-10 11:19:53,b2404,b2404,4110.0,0.0,0.0,0.0,1,3970.0,4081.0,2,4110.0,0.0,0.0,0.0,0.0,0.0,1
2023-05-10 11:19:54,b2404,b2404,4110.0,0.0,0.0,0.0,1,3970.0,4080.0,2,4110.0,0.0,0.0,0.0,0.0,0.0,1
2023-05-10 11:20:46,b2404,b2404,4110.0,0.0,0.0,0.0,2,3971.0,4080.0,2,4110.0,0.0,0.0,0.0,0.0,0.0,1
2023-05-10 11:21:39,b2404,b2404,4110.0,0.0,0.0,0.0,1,3970.0,4080.0,2,4110.0,0.0,0.0,0.0,0.0,0.0,1
2023-05-10 11:22:14,b2404,b2404,4110.0,0.0,0.0,0.0,2,3971.0,4080.0,2,4110.0,0.0,0.0,0.0,0.0,0.0,1
2023-05-10 11:23:42,b2404,b2404,4110.0,0.0,0.0,0.0,2,3971.0,4094.0,1,4110.0,0.0,0.0,0.0,0.0,0.0,1
2023-05-10 11:23:42,b2404,b2404,4110.0,0.0,0.0,0.0,2,3971.0,4121.0,1,4110.0,0.0,0.0,0.0,0.0,0.0,1
2023-05-10 11:23:43,b2404,b2404,4110.0,0.0,0.0,0.0,1,3970.0,4093.0,2,4110.0,0.0,0.0,0.0,0.0,0.0,1
2023-05-10 11:23:43,b2404,b2404,4110.0,0.0,0.0,0.0,1,3970.0,4093.0,3,4110.0,0.0,0.0,0.0,0.0,0.0,1
2023-05-10 11:23:47,b2404,b2404,4110.0,0.0,0.0,0.0,1,3970.0,4093.0,4,4110.0,0.0,0.0,0.0,0.0,0.0,1
2023-05-10 11:23:47,b2404,b2404,4110.0,0.0,0.0,0.0,1,3970.0,4093.0,6,4110.0,0.0,0.0,0.0,0.0,0.0,1
2023-05-10 11:23:48,b2404,b2404,4110.0,0.0,0.0,0.0,1,3970.0,4093.0,7,4110.0,0.0,0.0,0.0,0.0,0.0,1
2023-05-10 11:24:22,b2404,b2404,4110.0,0.0,0.0,0.0,1,3970.0,4092.0,2,4110.0,0.0,0.0,0.0,0.0,0.0,1
2023-05-10 11:24:23,b2404,b2404,4110.0,0.0,0.0,0.0,1,3970.0,4091.0,5,4110.0,0.0,0.0,0.0,0.0,0.0,1
2023-05-10 11:24:30,b2404,b2404,4110.0,0.0,0.0,0.0,1,3970.0,4091.0,6,4110.0,0.0,0.0,0.0,0.0,0.0,1
2023-05-10 11:25:08,b2404,b2404,4110.0,0.0,0.0,0.0,1,3970.0,4090.0,2,4110.0,0.0,0.0,0.0,0.0,0.0,1
2023-05-10 11:25:10,b2404,b2404,4110.0,0.0,0.0,0.0,1,3970.0,4089.0,5,4110.0,0.0,0.0,0.0,0.0,0.0,1
2023-05-10 11:25:10,b2404,b2404,4110.0,0.0,0.0,0.0,1,3970.0,4089.0,6,4110.0,0.0,0.0,0.0,0.0,0.0,1
2023-05-10 11:25:52,b2404,b2404,4110.0,0.0,0.0,0.0,1,3970.0,4088.0,2,4110.0,0.0,0.0,0.0,0.0,0.0,1
2023-05-10 11:25:53,b2404,b2404,4110.0,0.0,0.0,0.0,1,3970.0,4087.0,2,4110.0,0.0,0.0,0.0,0.0,0.0,1
2023-05-10 11:26:35,b2404,b2404,4110.0,0.0,0.0,0.0,2,3971.0,4087.0,2,4110.0,0.0,0.0,0.0,0.0,0.0,1
2023-05-10 11:27:36,b2404,b2404,4110.0,0.0,0.0,0.0,2,3971.0,4086.0,3,4110.0,0.0,0.0,0.0,0.0,0.0,1
2023-05-10 11:27:36,b2404,b2404,4110.0,0.0,0.0,0.0,2,3971.0,4086.0,4,4110.0,0.0,0.0,0.0,0.0,0.0,1
2023-05-10 11:27:39,b2404,b2404,4110.0,0.0,0.0,0.0,2,3971.0,4085.0,2,4110.0,0.0,0.0,0.0,0.0,0.0,1
2023-05-10 11:27:41,b2404,b2404,4110.0,0.0,0.0,0.0,2,3971.0,4084.0,4,4110.0,0.0,0.0,0.0,0.0,0.0,1
2023-05-10 11:27:48,b2404,b2404,4110.0,0.0,0.0,0.0,2,3971.0,4083.0,2,4110.0,0.0,0.0,0.0,0.0,0.0,1
2023-05-10 11:29:46,b2404,b2404,4110.0,0.0,0.0,0.0,1,3970.0,4083.0,2,4110.0,0.0,0.0,0.0,0.0,0.0,1
2023-05-10 11:29:58,b2404,b2404,4110.0,0.0,0.0,0.0,1,3970.0,0.0,0,4110.0,0.0,0.0,0.0,0.0,0.0,1
2023-05-10 13:30:04,b2404,b2404,4110.0,0.0,0.0,0.0,2,3970.0,4356.0,1,4110.0,0.0,0.0,0.0,0.0,0.0,1
2023-05-10 13:30:04,b2404,b2404,4110.0,0.0,0.0,0.0,2,3970.0,4354.0,1,4110.0,0.0,0.0,0.0,0.0,0.0,1
2023-05-10 13:30:06,b2404,b2404,4110.0,0.0,0.0,0.0,2,3970.0,4353.0,2,4110.0,0.0,0.0,0.0,0.0,0.0,1
2023-05-10 13:30:07,b2404,b2404,4110.0,0.0,0.0,0.0,2,3970.0,4351.0,1,4110.0,0.0,0.0,0.0,0.0,0.0,1
2023-05-10 13:30:11,b2404,b2404,4110.0,0.0,0.0,0.0,2,3970.0,4350.0,1,4110.0,0.0,0.0,0.0,0.0,0.0,1
2023-05-10 13:30:11,b2404,b2404,4110.0,0.0,0.0,0.0,2,3970.0,4348.0,1,4110.0,0.0,0.0,0.0,0.0,0.0,1
2023-05-10 13:30:14,b2404,b2404,4110.0,0.0,0.0,0.0,2,3970.0,4154.0,1,4110.0,0.0,0.0,0.0,0.0,0.0,1
2023-05-10 13:30:14,b2404,b2404,4110.0,0.0,0.0,0.0,2,3970.0,4152.0,1,4110.0,0.0,0.0,0.0,0.0,0.0,1
2023-05-10 13:30:17,b2404,b2404,4110.0,0.0,0.0,0.0,2,3970.0,4151.0,1,4110.0,0.0,0.0,0.0,0.0,0.0,1
2023-05-10 13:30:17,b2404,b2404,4110.0,0.0,0.0,0.0,2,3970.0,4149.0,1,4110.0,0.0,0.0,0.0,0.0,0.0,1
2023-05-10 13:30:19,b2404,b2404,4110.0,0.0,0.0,0.0,2,3970.0,4148.0,5,4110.0,0.0,0.0,0.0,0.0,0.0,1
2023-05-10 13:30:19,b2404,b2404,4110.0,0.0,0.0,0.0,2,3970.0,4146.0,1,4110.0,0.0,0.0,0.0,0.0,0.0,1
2023-05-10 13:30:22,b2404,b2404,4110.0,0.0,0.0,0.0,2,3970.0,4145.0,5,4110.0,0.0,0.0,0.0,0.0,0.0,1
2023-05-10 13:30:22,b2404,b2404,4110.0,0.0,0.0,0.0,2,3970.0,4143.0,1,4110.0,0.0,0.0,0.0,0.0,0.0,1
2023-05-10 13:30:22,b2404,b2404,4110.0,0.0,0.0,0.0,2,3970.0,4142.0,1,4110.0,0.0,0.0,0.0,0.0,0.0,1
2023-05-10 13:30:23,b2404,b2404,4110.0,0.0,0.0,0.0,2,3970.0,4140.0,1,4110.0,0.0,0.0,0.0,0.0,0.0,1
2023-05-10 13:30:26,b2404,b2404,4110.0,0.0,0.0,0.0,2,3970.0,4139.0,6,4110.0,0.0,0.0,0.0,0.0,0.0,1
2023-05-10 13:30:26,b2404,b2404,4110.0,0.0,0.0,0.0,2,3970.0,4137.0,1,4110.0,0.0,0.0,0.0,0.0,0.0,1
2023-05-10 13:30:27,b2404,b2404,4110.0,0.0,0.0,0.0,2,3970.0,4137.0,2,4110.0,0.0,0.0,0.0,0.0,0.0,1
2023-05-10 13:30:30,b2404,b2404,4110.0,0.0,0.0,0.0,2,3970.0,4136.0,6,4110.0,0.0,0.0,0.0,0.0,0.0,1
2023-05-10 13:30:31,b2404,b2404,4110.0,0.0,0.0,0.0,2,3970.0,4134.0,1,4110.0,0.0,0.0,0.0,0.0,0.0,1
2023-05-10 13:30:35,b2404,b2404,4110.0,0.0,0.0,0.0,2,3970.0,4133.0,6,4110.0,0.0,0.0,0.0,0.0,0.0,1
2023-05-10 13:30:35,b2404,b2404,4110.0,0.0,0.0,0.0,2,3970.0,4131.0,1,4110.0,0.0,0.0,0.0,0.0,0.0,1
2023-05-10 13:30:38,b2404,b2404,4110.0,0.0,0.0,0.0,2,3970.0,4130.0,6,4110.0,0.0,0.0,0.0,0.0,0.0,1
2023-05-10 13:30:38,b2404,b2404,4110.0,0.0,0.0,0.0,2,3970.0,4128.0,1,4110.0,0.0,0.0,0.0,0.0,0.0,1
2023-05-10 13:30:41,b2404,b2404,4110.0,0.0,0.0,0.0,2,3970.0,4127.0,6,4110.0,0.0,0.0,0.0,0.0,0.0,1
2023-05-10 13:30:42,b2404,b2404,4110.0,0.0,0.0,0.0,2,3970.0,4125.0,1,4110.0,0.0,0.0,0.0,0.0,0.0,1
2023-05-10 13:30:44,b2404,b2404,4110.0,0.0,0.0,0.0,2,3970.0,4124.0,6,4110.0,0.0,0.0,0.0,0.0,0.0,1
2023-05-10 13:30:44,b2404,b2404,4110.0,0.0,0.0,0.0,2,3970.0,4122.0,1,4110.0,0.0,0.0,0.0,0.0,0.0,1
2023-05-10 13:30:47,b2404,b2404,4110.0,0.0,0.0,0.0,2,3970.0,4121.0,6,4110.0,0.0,0.0,0.0,0.0,0.0,1
2023-05-10 13:30:48,b2404,b2404,4110.0,0.0,0.0,0.0,2,3970.0,4119.0,1,4110.0,0.0,0.0,0.0,0.0,0.0,1
2023-05-10 13:30:51,b2404,b2404,4110.0,0.0,0.0,0.0,2,3970.0,4118.0,5,4110.0,0.0,0.0,0.0,0.0,0.0,1
2023-05-10 13:30:51,b2404,b2404,4110.0,0.0,0.0,0.0,2,3970.0,4116.0,1,4110.0,0.0,0.0,0.0,0.0,0.0,1
2023-05-10 13:30:54,b2404,b2404,4110.0,0.0,0.0,0.0,2,3970.0,4115.0,6,4110.0,0.0,0.0,0.0,0.0,0.0,1
2023-05-10 13:30:55,b2404,b2404,4110.0,0.0,0.0,0.0,2,3970.0,4113.0,1,4110.0,0.0,0.0,0.0,0.0,0.0,1
2023-05-10 13:31:02,b2404,b2404,4110.0,0.0,0.0,0.0,2,3970.0,4112.0,6,4110.0,0.0,0.0,0.0,0.0,0.0,1
2023-05-10 13:31:02,b2404,b2404,4110.0,0.0,0.0,0.0,2,3970.0,4111.0,1,4110.0,0.0,0.0,0.0,0.0,0.0,1
2023-05-10 13:31:08,b2404,b2404,4110.0,0.0,0.0,0.0,2,3970.0,4110.0,4,4110.0,0.0,0.0,0.0,0.0,0.0,1
2023-05-10 13:31:09,b2404,b2404,4110.0,0.0,0.0,0.0,2,3970.0,4108.0,1,4110.0,0.0,0.0,0.0,0.0,0.0,1
2023-05-10 13:31:14,b2404,b2404,4110.0,0.0,0.0,0.0,2,3970.0,4107.0,1,4110.0,0.0,0.0,0.0,0.0,0.0,1
2023-05-10 13:31:15,b2404,b2404,4110.0,0.0,0.0,0.0,2,3970.0,4106.0,4,4110.0,0.0,0.0,0.0,0.0,0.0,1
2023-05-10 13:31:15,b2404,b2404,4110.0,0.0,0.0,0.0,2,3970.0,4106.0,5,4110.0,0.0,0.0,0.0,0.0,0.0,1
2023-05-10 13:31:21,b2404,b2404,4110.0,0.0,0.0,0.0,2,3970.0,4105.0,1,4110.0,0.0,0.0,0.0,0.0,0.0,1
2023-05-10 13:31:21,b2404,b2404,4110.0,0.0,0.0,0.0,2,3970.0,4105.0,2,4110.0,0.0,0.0,0.0,0.0,0.0,1
2023-05-10 13:31:22,b2404,b2404,4110.0,0.0,0.0,0.0,2,3970.0,4104.0,2,4110.0,0.0,0.0,0.0,0.0,0.0,1
2023-05-10 13:31:27,b2404,b2404,4110.0,0.0,0.0,0.0,2,3970.0,4103.0,2,4110.0,0.0,0.0,0.0,0.0,0.0,1
2023-05-10 13:31:28,b2404,b2404,4110.0,0.0,0.0,0.0,2,3970.0,4103.0,5,4110.0,0.0,0.0,0.0,0.0,0.0,1
2023-05-10 13:31:28,b2404,b2404,4110.0,0.0,0.0,0.0,2,3970.0,4102.0,1,4110.0,0.0,0.0,0.0,0.0,0.0,1
2023-05-10 13:31:31,b2404,b2404,4110.0,0.0,0.0,0.0,2,3970.0,4101.0,1,4110.0,0.0,0.0,0.0,0.0,0.0,1
2023-05-10 13:31:34,b2404,b2404,4110.0,0.0,0.0,0.0,2,3970.0,4100.0,1,4110.0,0.0,0.0,0.0,0.0,0.0,1
2023-05-10 13:31:34,b2404,b2404,4110.0,0.0,0.0,0.0,2,3970.0,4099.0,2,4110.0,0.0,0.0,0.0,0.0,0.0,1
2023-05-10 13:31:37,b2404,b2404,4110.0,0.0,0.0,0.0,2,3970.0,4098.0,1,4110.0,0.0,0.0,0.0,0.0,0.0,1
2023-05-10 13:31:38,b2404,b2404,4110.0,0.0,0.0,0.0,2,3970.0,4097.0,5,4110.0,0.0,0.0,0.0,0.0,0.0,1
2023-05-10 13:31:44,b2404,b2404,4110.0,0.0,0.0,0.0,2,3970.0,4096.0,1,4110.0,0.0,0.0,0.0,0.0,0.0,1
2023-05-10 13:31:47,b2404,b2404,4110.0,0.0,0.0,0.0,2,3970.0,4096.0,3,4110.0,0.0,0.0,0.0,0.0,0.0,1
2023-05-10 13:31:48,b2404,b2404,4110.0,0.0,0.0,0.0,2,3970.0,4095.0,5,4110.0,0.0,0.0,0.0,0.0,0.0,1
2023-05-10 13:31:53,b2404,b2404,4110.0,0.0,0.0,0.0,2,3970.0,4094.0,1,4110.0,0.0,0.0,0.0,0.0,0.0,1
2023-05-10 13:31:56,b2404,b2404,4110.0,0.0,0.0,0.0,2,3970.0,4093.0,5,4110.0,0.0,0.0,0.0,0.0,0.0,1
2023-05-10 13:32:01,b2404,b2404,4110.0,0.0,0.0,0.0,2,3970.0,4092.0,1,4110.0,0.0,0.0,0.0,0.0,0.0,1
2023-05-10 13:32:06,b2404,b2404,4110.0,0.0,0.0,0.0,1,3970.0,4092.0,1,4110.0,0.0,0.0,0.0,0.0,0.0,1
2023-05-10 13:32:08,b2404,b2404,4110.0,0.0,0.0,0.0,1,3970.0,4091.0,2,4110.0,0.0,0.0,0.0,0.0,0.0,1
2023-05-10 13:32:14,b2404,b2404,4110.0,0.0,0.0,0.0,1,3970.0,4090.0,4,4110.0,0.0,0.0,0.0,0.0,0.0,1
2023-05-10 13:32:21,b2404,b2404,4110.0,0.0,0.0,0.0,1,3970.0,4089.0,2,4110.0,0.0,0.0,0.0,0.0,0.0,1
2023-05-10 13:32:21,b2404,b2404,4110.0,0.0,0.0,0.0,1,3970.0,4089.0,3,4110.0,0.0,0.0,0.0,0.0,0.0,1
2023-05-10 13:32:27,b2404,b2404,4110.0,0.0,0.0,0.0,1,3970.0,4088.0,3,4110.0,0.0,0.0,0.0,0.0,0.0,1
2023-05-10 13:32:27,b2404,b2404,4110.0,0.0,0.0,0.0,1,3970.0,4088.0,4,4110.0,0.0,0.0,0.0,0.0,0.0,1
2023-05-10 13:32:31,b2404,b2404,4110.0,0.0,0.0,0.0,1,3970.0,4087.0,2,4110.0,0.0,0.0,0.0,0.0,0.0,1
2023-05-10 13:32:31,b2404,b2404,4110.0,0.0,0.0,0.0,1,3970.0,4087.0,4,4110.0,0.0,0.0,0.0,0.0,0.0,1
2023-05-10 13:32:37,b2404,b2404,4110.0,0.0,0.0,0.0,1,3970.0,4086.0,4,4110.0,0.0,0.0,0.0,0.0,0.0,1
2023-05-10 13:32:44,b2404,b2404,4110.0,0.0,0.0,0.0,1,3970.0,4085.0,2,4110.0,0.0,0.0,0.0,0.0,0.0,1
2023-05-10 13:32:50,b2404,b2404,4110.0,0.0,0.0,0.0,1,3970.0,4084.0,4,4110.0,0.0,0.0,0.0,0.0,0.0,1
2023-05-10 13:32:56,b2404,b2404,4110.0,0.0,0.0,0.0,1,3970.0,4083.0,2,4110.0,0.0,0.0,0.0,0.0,0.0,1
2023-05-10 13:33:57,b2404,b2404,4110.0,0.0,0.0,0.0,1,3970.0,4082.0,2,4110.0,0.0,0.0,0.0,0.0,0.0,1
2023-05-10 13:33:59,b2404,b2404,4110.0,0.0,0.0,0.0,1,3970.0,4089.0,1,4110.0,0.0,0.0,0.0,0.0,0.0,1
2023-05-10 13:34:00,b2404,b2404,4110.0,0.0,0.0,0.0,1,3970.0,4088.0,6,4110.0,0.0,0.0,0.0,0.0,0.0,1
2023-05-10 13:34:39,b2404,b2404,4110.0,0.0,0.0,0.0,2,3971.0,4088.0,6,4110.0,0.0,0.0,0.0,0.0,0.0,1
2023-05-10 13:34:49,b2404,b2404,4110.0,0.0,0.0,0.0,1,3970.0,4088.0,6,4110.0,0.0,0.0,0.0,0.0,0.0,1
2023-05-10 13:35:22,b2404,b2404,4110.0,0.0,0.0,0.0,1,3970.0,4087.0,2,4110.0,0.0,0.0,0.0,0.0,0.0,1
2023-05-10 13:35:23,b2404,b2404,4110.0,0.0,0.0,0.0,1,3970.0,4086.0,6,4110.0,0.0,0.0,0.0,0.0,0.0,1
2023-05-10 13:36:05,b2404,b2404,4110.0,0.0,0.0,0.0,2,3971.0,4086.0,6,4110.0,0.0,0.0,0.0,0.0,0.0,1
2023-05-10 13:37:46,b2404,b2404,4110.0,0.0,0.0,0.0,1,3970.0,4086.0,6,4110.0,0.0,0.0,0.0,0.0,0.0,1
2023-05-10 13:38:12,b2404,b2404,4110.0,0.0,0.0,0.0,2,3971.0,4086.0,6,4110.0,0.0,0.0,0.0,0.0,0.0,1
2023-05-10 13:41:07,b2404,b2404,4110.0,0.0,0.0,0.0,1,3970.0,4086.0,6,4110.0,0.0,0.0,0.0,0.0,0.0,1
2023-05-10 13:41:46,b2404,b2404,4110.0,0.0,0.0,0.0,1,3970.0,4085.0,2,4110.0,0.0,0.0,0.0,0.0,0.0,1
2023-05-10 13:41:50,b2404,b2404,4110.0,0.0,0.0,0.0,1,3970.0,4084.0,6,4110.0,0.0,0.0,0.0,0.0,0.0,1
2023-05-10 13:41:53,b2404,b2404,4110.0,0.0,0.0,0.0,1,3970.0,4066.0,1,4110.0,0.0,0.0,0.0,0.0,0.0,1
2023-05-10 13:41:53,b2404,b2404,4110.0,0.0,0.0,0.0,1,3970.0,4066.0,2,4110.0,0.0,0.0,0.0,0.0,0.0,1
2023-05-10 13:42:29,b2404,b2404,4110.0,0.0,0.0,0.0,2,3971.0,4066.0,2,4110.0,0.0,0.0,0.0,0.0,0.0,1
2023-05-10 13:46:54,b2404,b2404,4110.0,0.0,0.0,0.0,2,3971.0,4066.0,1,4110.0,0.0,0.0,0.0,0.0,0.0,1
2023-05-10 13:46:55,b2404,b2404,4110.0,0.0,0.0,0.0,2,3971.0,4066.0,2,4110.0,0.0,0.0,0.0,0.0,0.0,1
2023-05-10 13:47:28,b2404,b2404,4110.0,0.0,0.0,0.0,1,3970.0,4066.0,2,4110.0,0.0,0.0,0.0,0.0,0.0,1
2023-05-10 13:48:06,b2404,b2404,4110.0,0.0,0.0,0.0,2,3971.0,4066.0,2,4110.0,0.0,0.0,0.0,0.0,0.0,1
2023-05-10 13:48:33,b2404,b2404,4110.0,0.0,0.0,0.0,1,3970.0,4066.0,2,4110.0,0.0,0.0,0.0,0.0,0.0,1
2023-05-10 13:48:49,b2404,b2404,4110.0,0.0,0.0,0.0,1,3970.0,4065.0,2,4110.0,0.0,0.0,0.0,0.0,0.0,1
2023-05-10 13:49:10,b2404,b2404,4110.0,0.0,0.0,0.0,1,3970.0,4065.0,3,4110.0,0.0,0.0,0.0,0.0,0.0,1
2023-05-10 13:49:26,b2404,b2404,4110.0,0.0,0.0,0.0,1,3970.0,4064.0,1,4110.0,0.0,0.0,0.0,0.0,0.0,1
2023-05-10 13:50:12,b2404,b2404,4110.0,0.0,0.0,0.0,1,3970.0,4063.0,2,4110.0,0.0,0.0,0.0,0.0,0.0,1
2023-05-10 13:50:36,b2404,b2404,4110.0,0.0,0.0,0.0,1,3970.0,4063.0,3,4110.0,0.0,0.0,0.0,0.0,0.0,1
2023-05-10 13:50:45,b2404,b2404,4110.0,0.0,0.0,0.0,1,3970.0,4062.0,1,4110.0,0.0,0.0,0.0,0.0,0.0,1
2023-05-10 13:51:37,b2404,b2404,4110.0,0.0,0.0,0.0,1,3970.0,4061.0,2,4110.0,0.0,0.0,0.0,0.0,0.0,1
2023-05-10 13:53:49,b2404,b2404,4110.0,0.0,0.0,0.0,1,3970.0,4061.0,3,4110.0,0.0,0.0,0.0,0.0,0.0,1
2023-05-10 13:53:54,b2404,b2404,4110.0,0.0,0.0,0.0,1,3970.0,4061.0,2,4110.0,0.0,0.0,0.0,0.0,0.0,1
2023-05-10 13:53:54,b2404,b2404,4110.0,0.0,0.0,0.0,1,3970.0,4060.0,1,4110.0,0.0,0.0,0.0,0.0,0.0,1
2023-05-10 13:54:32,b2404,b2404,4110.0,0.0,0.0,0.0,2,3971.0,4060.0,1,4110.0,0.0,0.0,0.0,0.0,0.0,1
2023-05-10 13:54:38,b2404,b2404,4110.0,0.0,0.0,0.0,2,3971.0,4066.0,1,4110.0,0.0,0.0,0.0,0.0,0.0,1
2023-05-10 13:54:38,b2404,b2404,4110.0,0.0,0.0,0.0,2,3971.0,4104.0,1,4110.0,0.0,0.0,0.0,0.0,0.0,1
2023-05-10 13:54:39,b2404,b2404,4110.0,0.0,0.0,0.0,1,3970.0,4104.0,1,4110.0,0.0,0.0,0.0,0.0,0.0,1
2023-05-10 13:54:39,b2404,b2404,4110.0,0.0,0.0,0.0,1,3970.0,4103.0,6,4110.0,0.0,0.0,0.0,0.0,0.0,1
2023-05-10 13:54:40,b2404,b2404,4110.0,0.0,0.0,0.0,1,3970.0,4101.0,1,4110.0,0.0,0.0,0.0,0.0,0.0,1
2023-05-10 13:54:44,b2404,b2404,4110.0,0.0,0.0,0.0,1,3970.0,4100.0,6,4110.0,0.0,0.0,0.0,0.0,0.0,1
2023-05-10 13:55:15,b2404,b2404,4110.0,0.0,0.0,0.0,1,3970.0,4099.0,2,4110.0,0.0,0.0,0.0,0.0,0.0,1
2023-05-10 13:55:21,b2404,b2404,4110.0,0.0,0.0,0.0,1,3970.0,4098.0,6,4110.0,0.0,0.0,0.0,0.0,0.0,1
2023-05-10 13:56:41,b2404,b2404,4110.0,0.0,0.0,0.0,1,3970.0,4097.0,2,4110.0,0.0,0.0,0.0,0.0,0.0,1
2023-05-10 13:56:45,b2404,b2404,4110.0,0.0,0.0,0.0,1,3970.0,4096.0,6,4110.0,0.0,0.0,0.0,0.0,0.0,1
2023-05-10 13:56:55,b2404,b2404,4110.0,0.0,0.0,0.0,1,3970.0,4096.0,7,4110.0,0.0,0.0,0.0,0.0,0.0,1
2023-05-10 13:57:02,b2404,b2404,4110.0,0.0,0.0,0.0,1,3970.0,4085.0,1,4110.0,0.0,0.0,0.0,0.0,0.0,1
2023-05-10 13:57:02,b2404,b2404,4110.0,0.0,0.0,0.0,1,3970.0,4085.0,2,4110.0,0.0,0.0,0.0,0.0,0.0,1
2023-05-10 13:57:04,b2404,b2404,4110.0,0.0,0.0,0.0,1,3970.0,4084.0,2,4110.0,0.0,0.0,0.0,0.0,0.0,1
2023-05-10 13:57:27,b2404,b2404,4110.0,0.0,0.0,0.0,1,3970.0,4083.0,2,4110.0,0.0,0.0,0.0,0.0,0.0,1
2023-05-10 13:57:28,b2404,b2404,4110.0,0.0,0.0,0.0,1,3970.0,4082.0,2,4110.0,0.0,0.0,0.0,0.0,0.0,1
2023-05-10 13:58:10,b2404,b2404,4110.0,0.0,0.0,0.0,1,3970.0,4081.0,2,4110.0,0.0,0.0,0.0,0.0,0.0,1
2023-05-10 13:58:12,b2404,b2404,4110.0,0.0,0.0,0.0,1,3970.0,4080.0,2,4110.0,0.0,0.0,0.0,0.0,0.0,1
2023-05-10 13:58:42,b2404,b2404,4110.0,0.0,0.0,0.0,1,3970.0,4068.0,1,4110.0,0.0,0.0,0.0,0.0,0.0,1
2023-05-10 13:58:42,b2404,b2404,4110.0,0.0,0.0,0.0,1,3970.0,4068.0,2,4110.0,0.0,0.0,0.0,0.0,0.0,1
2023-05-10 13:58:53,b2404,b2404,4110.0,0.0,0.0,0.0,2,3971.0,4068.0,2,4110.0,0.0,0.0,0.0,0.0,0.0,1
2023-05-10 13:58:57,b2404,b2404,4110.0,0.0,0.0,0.0,2,3971.0,4068.0,3,4110.0,0.0,0.0,0.0,0.0,0.0,1
2023-05-10 13:59:17,b2404,b2404,4110.0,0.0,0.0,0.0,2,3971.0,4068.0,2,4110.0,0.0,0.0,0.0,0.0,0.0,1
2023-05-10 14:02:01,b2404,b2404,4110.0,0.0,0.0,0.0,1,3970.0,4068.0,2,4110.0,0.0,0.0,0.0,0.0,0.0,1
2023-05-10 14:02:24,b2404,b2404,4110.0,0.0,0.0,0.0,1,3970.0,4067.0,2,4110.0,0.0,0.0,0.0,0.0,0.0,1
2023-05-10 14:07:22,b2404,b2404,4110.0,0.0,0.0,0.0,2,3970.0,4067.0,2,4110.0,0.0,0.0,0.0,0.0,0.0,1
2023-05-10 14:07:25,b2404,b2404,4110.0,0.0,0.0,0.0,2,3970.0,4068.0,2,4110.0,0.0,0.0,0.0,0.0,0.0,1
2023-05-10 14:07:25,b2404,b2404,4110.0,0.0,0.0,0.0,2,3970.0,4068.0,1,4110.0,0.0,0.0,0.0,0.0,0.0,1
2023-05-10 14:07:26,b2404,b2404,4110.0,0.0,0.0,0.0,2,3970.0,4068.0,2,4110.0,0.0,0.0,0.0,0.0,0.0,1
2023-05-10 14:07:31,b2404,b2404,4110.0,0.0,0.0,0.0,1,3971.0,4068.0,2,4110.0,0.0,0.0,0.0,0.0,0.0,1
2023-05-10 14:08:09,b2404,b2404,4110.0,0.0,0.0,0.0,1,3971.0,4067.0,2,4110.0,0.0,0.0,0.0,0.0,0.0,1
2023-05-10 14:13:08,b2404,b2404,4110.0,0.0,0.0,0.0,1,3971.0,4068.0,2,4110.0,0.0,0.0,0.0,0.0,0.0,1
2023-05-10 14:13:08,b2404,b2404,4110.0,0.0,0.0,0.0,1,3971.0,4068.0,1,4110.0,0.0,0.0,0.0,0.0,0.0,1
2023-05-10 14:13:11,b2404,b2404,4110.0,0.0,0.0,0.0,1,3971.0,4067.0,2,4110.0,0.0,0.0,0.0,0.0,0.0,1
2023-05-10 14:13:11,b2404,b2404,4110.0,0.0,0.0,0.0,1,3971.0,4067.0,3,4110.0,0.0,0.0,0.0,0.0,0.0,1
2023-05-10 14:14:34,b2404,b2404,4110.0,0.0,0.0,0.0,1,3970.0,4067.0,3,4110.0,0.0,0.0,0.0,0.0,0.0,1
2023-05-10 14:14:41,b2404,b2404,4110.0,0.0,0.0,0.0,1,3970.0,4067.0,4,4110.0,0.0,0.0,0.0,0.0,0.0,1
2023-05-10 14:14:50,b2404,b2404,4110.0,0.0,0.0,0.0,1,3970.0,4066.0,1,4110.0,0.0,0.0,0.0,0.0,0.0,1
2023-05-10 14:16:00,b2404,b2404,4110.0,0.0,0.0,0.0,1,3970.0,4065.0,2,4110.0,0.0,0.0,0.0,0.0,0.0,1
2023-05-10 14:16:32,b2404,b2404,4110.0,0.0,0.0,0.0,1,3970.0,4064.0,1,4110.0,0.0,0.0,0.0,0.0,0.0,1
2023-05-10 14:16:43,b2404,b2404,4110.0,0.0,0.0,0.0,2,3971.0,4064.0,1,4110.0,0.0,0.0,0.0,0.0,0.0,1
2023-05-10 14:17:28,b2404,b2404,4110.0,0.0,0.0,0.0,2,3971.0,4067.0,1,4110.0,0.0,0.0,0.0,0.0,0.0,1
2023-05-10 14:18:04,b2404,b2404,4110.0,0.0,0.0,0.0,1,3970.0,4067.0,1,4110.0,0.0,0.0,0.0,0.0,0.0,1
2023-05-10 14:18:09,b2404,b2404,4110.0,0.0,0.0,0.0,1,3970.0,4066.0,2,4110.0,0.0,0.0,0.0,0.0,0.0,1
2023-05-10 14:18:27,b2404,b2404,4110.0,0.0,0.0,0.0,1,3970.0,4067.0,1,4110.0,0.0,0.0,0.0,0.0,0.0,1
2023-05-10 14:18:28,b2404,b2404,4110.0,0.0,0.0,0.0,1,3970.0,4068.0,1,4110.0,0.0,0.0,0.0,0.0,0.0,1
2023-05-10 14:18:30,b2404,b2404,4110.0,0.0,0.0,0.0,1,3970.0,4068.0,2,4110.0,0.0,0.0,0.0,0.0,0.0,1
2023-05-10 14:18:53,b2404,b2404,4110.0,0.0,0.0,0.0,1,3970.0,4067.0,2,4110.0,0.0,0.0,0.0,0.0,0.0,1
2023-05-10 14:19:37,b2404,b2404,4110.0,0.0,0.0,0.0,1,3970.0,4067.0,4,4110.0,0.0,0.0,0.0,0.0,0.0,1
2023-05-10 14:19:44,b2404,b2404,4110.0,0.0,0.0,0.0,1,3970.0,4067.0,2,4110.0,0.0,0.0,0.0,0.0,0.0,1
2023-05-10 14:23:13,b2404,b2404,4110.0,0.0,0.0,0.0,1,3970.0,4067.0,3,4110.0,0.0,0.0,0.0,0.0,0.0,1
2023-05-10 14:23:18,b2404,b2404,4110.0,0.0,0.0,0.0,1,3970.0,4067.0,5,4110.0,0.0,0.0,0.0,0.0,0.0,1
2023-05-10 14:23:20,b2404,b2404,4110.0,0.0,0.0,0.0,1,3970.0,4066.0,1,4110.0,0.0,0.0,0.0,0.0,0.0,1
2023-05-10 14:23:59,b2404,b2404,4110.0,0.0,0.0,0.0,1,3970.0,4065.0,2,4110.0,0.0,0.0,0.0,0.0,0.0,1
2023-05-10 14:26:01,b2404,b2404,4110.0,0.0,0.0,0.0,1,3970.0,4039.0,1,4110.0,0.0,0.0,0.0,0.0,0.0,1
2023-05-10 14:26:01,b2404,b2404,4110.0,0.0,0.0,0.0,1,3970.0,4039.0,2,4110.0,0.0,0.0,0.0,0.0,0.0,1
2023-05-10 14:26:10,b2404,b2404,4110.0,0.0,0.0,0.0,2,3971.0,4039.0,2,4110.0,0.0,0.0,0.0,0.0,0.0,1
2023-05-10 14:26:11,b2404,b2404,4110.0,0.0,0.0,0.0,2,3971.0,4039.0,1,4110.0,0.0,0.0,0.0,0.0,0.0,1
2023-05-10 14:31:07,b2404,b2404,4110.0,0.0,0.0,0.0,2,3971.0,4101.0,1,4110.0,0.0,0.0,0.0,0.0,0.0,1
2023-05-10 14:31:07,b2404,b2404,4110.0,0.0,0.0,0.0,2,3971.0,4154.0,1,4110.0,0.0,0.0,0.0,0.0,0.0,1
2023-05-10 14:31:08,b2404,b2404,4110.0,0.0,0.0,0.0,2,3971.0,4154.0,2,4110.0,0.0,0.0,0.0,0.0,0.0,1
2023-05-10 14:31:08,b2404,b2404,4110.0,0.0,0.0,0.0,1,3970.0,4152.0,1,4110.0,0.0,0.0,0.0,0.0,0.0,1
2023-05-10 14:31:12,b2404,b2404,4110.0,0.0,0.0,0.0,1,3970.0,4151.0,4,4110.0,0.0,0.0,0.0,0.0,0.0,1
2023-05-10 14:31:12,b2404,b2404,4110.0,0.0,0.0,0.0,1,3970.0,4149.0,1,4110.0,0.0,0.0,0.0,0.0,0.0,1
2023-05-10 14:31:18,b2404,b2404,4110.0,0.0,0.0,0.0,1,3970.0,4148.0,4,4110.0,0.0,0.0,0.0,0.0,0.0,1
2023-05-10 14:31:18,b2404,b2404,4110.0,0.0,0.0,0.0,1,3970.0,4146.0,1,4110.0,0.0,0.0,0.0,0.0,0.0,1
2023-05-10 14:31:19,b2404,b2404,4110.0,0.0,0.0,0.0,1,3970.0,4145.0,1,4110.0,0.0,0.0,0.0,0.0,0.0,1
2023-05-10 14:31:19,b2404,b2404,4110.0,0.0,0.0,0.0,1,3970.0,4143.0,1,4110.0,0.0,0.0,0.0,0.0,0.0,1
2023-05-10 14:31:24,b2404,b2404,4110.0,0.0,0.0,0.0,1,3970.0,4142.0,1,4110.0,0.0,0.0,0.0,0.0,0.0,1
2023-05-10 14:31:25,b2404,b2404,4110.0,0.0,0.0,0.0,1,3970.0,4140.0,1,4110.0,0.0,0.0,0.0,0.0,0.0,1
2023-05-10 14:31:25,b2404,b2404,4110.0,0.0,0.0,0.0,1,3970.0,4139.0,1,4110.0,0.0,0.0,0.0,0.0,0.0,1
2023-05-10 14:31:26,b2404,b2404,4110.0,0.0,0.0,0.0,1,3970.0,4137.0,1,4110.0,0.0,0.0,0.0,0.0,0.0,1
2023-05-10 14:31:26,b2404,b2404,4110.0,0.0,0.0,0.0,1,3970.0,4137.0,2,4110.0,0.0,0.0,0.0,0.0,0.0,1
2023-05-10 14:31:28,b2404,b2404,4110.0,0.0,0.0,0.0,1,3970.0,4136.0,3,4110.0,0.0,0.0,0.0,0.0,0.0,1
2023-05-10 14:31:28,b2404,b2404,4110.0,0.0,0.0,0.0,1,3970.0,4134.0,1,4110.0,0.0,0.0,0.0,0.0,0.0,1
2023-05-10 14:31:34,b2404,b2404,4110.0,0.0,0.0,0.0,1,3970.0,4133.0,7,4110.0,0.0,0.0,0.0,0.0,0.0,1
2023-05-10 14:31:34,b2404,b2404,4110.0,0.0,0.0,0.0,1,3970.0,4131.0,1,4110.0,0.0,0.0,0.0,0.0,0.0,1
2023-05-10 14:31:37,b2404,b2404,4110.0,0.0,0.0,0.0,1,3970.0,4130.0,6,4110.0,0.0,0.0,0.0,0.0,0.0,1
2023-05-10 14:31:38,b2404,b2404,4110.0,0.0,0.0,0.0,1,3970.0,4128.0,1,4110.0,0.0,0.0,0.0,0.0,0.0,1
2023-05-10 14:31:44,b2404,b2404,4110.0,0.0,0.0,0.0,1,3970.0,4127.0,6,4110.0,0.0,0.0,0.0,0.0,0.0,1
2023-05-10 14:31:44,b2404,b2404,4110.0,0.0,0.0,0.0,1,3970.0,4125.0,1,4110.0,0.0,0.0,0.0,0.0,0.0,1
2023-05-10 14:31:48,b2404,b2404,4110.0,0.0,0.0,0.0,1,3970.0,4124.0,6,4110.0,0.0,0.0,0.0,0.0,0.0,1
2023-05-10 14:31:48,b2404,b2404,4110.0,0.0,0.0,0.0,1,3970.0,4122.0,1,4110.0,0.0,0.0,0.0,0.0,0.0,1
2023-05-10 14:31:51,b2404,b2404,4110.0,0.0,0.0,0.0,1,3970.0,4121.0,6,4110.0,0.0,0.0,0.0,0.0,0.0,1
2023-05-10 14:31:52,b2404,b2404,4110.0,0.0,0.0,0.0,1,3970.0,4119.0,1,4110.0,0.0,0.0,0.0,0.0,0.0,1
2023-05-10 14:31:57,b2404,b2404,4110.0,0.0,0.0,0.0,1,3970.0,4118.0,6,4110.0,0.0,0.0,0.0,0.0,0.0,1
2023-05-10 14:31:57,b2404,b2404,4110.0,0.0,0.0,0.0,1,3970.0,4116.0,1,4110.0,0.0,0.0,0.0,0.0,0.0,1
2023-05-10 14:32:00,b2404,b2404,4110.0,0.0,0.0,0.0,1,3970.0,4115.0,6,4110.0,0.0,0.0,0.0,0.0,0.0,1
2023-05-10 14:32:00,b2404,b2404,4110.0,0.0,0.0,0.0,1,3970.0,4113.0,1,4110.0,0.0,0.0,0.0,0.0,0.0,1
2023-05-10 14:32:06,b2404,b2404,4110.0,0.0,0.0,0.0,1,3970.0,4112.0,6,4110.0,0.0,0.0,0.0,0.0,0.0,1
2023-05-10 14:32:07,b2404,b2404,4110.0,0.0,0.0,0.0,1,3970.0,4110.0,1,4110.0,0.0,0.0,0.0,0.0,0.0,1
2023-05-10 14:32:13,b2404,b2404,4110.0,0.0,0.0,0.0,1,3970.0,4109.0,1,4110.0,0.0,0.0,0.0,0.0,0.0,1
2023-05-10 14:32:13,b2404,b2404,4110.0,0.0,0.0,0.0,1,3970.0,4107.0,1,4110.0,0.0,0.0,0.0,0.0,0.0,1
2023-05-10 14:32:19,b2404,b2404,4110.0,0.0,0.0,0.0,1,3970.0,4106.0,4,4110.0,0.0,0.0,0.0,0.0,0.0,1
2023-05-10 14:32:19,b2404,b2404,4110.0,0.0,0.0,0.0,1,3970.0,4104.0,1,4110.0,0.0,0.0,0.0,0.0,0.0,1
2023-05-10 14:32:20,b2404,b2404,4110.0,0.0,0.0,0.0,1,3970.0,4103.0,1,4110.0,0.0,0.0,0.0,0.0,0.0,1
2023-05-10 14:32:20,b2404,b2404,4110.0,0.0,0.0,0.0,1,3970.0,4101.0,1,4110.0,0.0,0.0,0.0,0.0,0.0,1
2023-05-10 14:32:25,b2404,b2404,4110.0,0.0,0.0,0.0,1,3970.0,4100.0,2,4110.0,0.0,0.0,0.0,0.0,0.0,1
2023-05-10 14:32:31,b2404,b2404,4110.0,0.0,0.0,0.0,1,3970.0,4099.0,4,4110.0,0.0,0.0,0.0,0.0,0.0,1
2023-05-10 14:32:35,b2404,b2404,4110.0,0.0,0.0,0.0,1,3970.0,4098.0,2,4110.0,0.0,0.0,0.0,0.0,0.0,1
2023-05-10 14:32:35,b2404,b2404,4110.0,0.0,0.0,0.0,1,3970.0,4098.0,4,4110.0,0.0,0.0,0.0,0.0,0.0,1
2023-05-10 14:32:37,b2404,b2404,4110.0,0.0,0.0,0.0,1,3970.0,4097.0,4,4110.0,0.0,0.0,0.0,0.0,0.0,1
2023-05-10 14:32:43,b2404,b2404,4110.0,0.0,0.0,0.0,1,3970.0,4096.0,2,4110.0,0.0,0.0,0.0,0.0,0.0,1
2023-05-10 14:32:50,b2404,b2404,4110.0,0.0,0.0,0.0,1,3970.0,4095.0,1,4110.0,0.0,0.0,0.0,0.0,0.0,1
2023-05-10 14:32:56,b2404,b2404,4110.0,0.0,0.0,0.0,1,3970.0,4094.0,5,4110.0,0.0,0.0,0.0,0.0,0.0,1
2023-05-10 14:33:05,b2404,b2404,4110.0,0.0,0.0,0.0,1,3970.0,4093.0,1,4110.0,0.0,0.0,0.0,0.0,0.0,1
2023-05-10 14:33:06,b2404,b2404,4110.0,0.0,0.0,0.0,1,3970.0,4092.0,3,4110.0,0.0,0.0,0.0,0.0,0.0,1
2023-05-10 14:33:12,b2404,b2404,4110.0,0.0,0.0,0.0,1,3970.0,4091.0,3,4110.0,0.0,0.0,0.0,0.0,0.0,1
2023-05-10 14:33:21,b2404,b2404,4110.0,0.0,0.0,0.0,1,3970.0,4090.0,2,4110.0,0.0,0.0,0.0,0.0,0.0,1
2023-05-10 14:33:25,b2404,b2404,4110.0,0.0,0.0,0.0,1,3970.0,4089.0,5,4110.0,0.0,0.0,0.0,0.0,0.0,1
2023-05-10 14:33:25,b2404,b2404,4110.0,0.0,0.0,0.0,1,3970.0,4088.0,1,4110.0,0.0,0.0,0.0,0.0,0.0,1
2023-05-10 14:33:25,b2404,b2404,4110.0,0.0,0.0,0.0,1,3970.0,4088.0,2,4110.0,0.0,0.0,0.0,0.0,0.0,1
2023-05-10 14:33:30,b2404,b2404,4110.0,0.0,0.0,0.0,1,3970.0,4087.0,5,4110.0,0.0,0.0,0.0,0.0,0.0,1
2023-05-10 14:33:35,b2404,b2404,4110.0,0.0,0.0,0.0,1,3970.0,4086.0,1,4110.0,0.0,0.0,0.0,0.0,0.0,1
2023-05-10 14:33:36,b2404,b2404,4110.0,0.0,0.0,0.0,1,3970.0,4085.0,5,4110.0,0.0,0.0,0.0,0.0,0.0,1
2023-05-10 14:33:42,b2404,b2404,4110.0,0.0,0.0,0.0,1,3970.0,4084.0,1,4110.0,0.0,0.0,0.0,0.0,0.0,1
2023-05-10 14:33:47,b2404,b2404,4110.0,0.0,0.0,0.0,2,3970.0,4084.0,1,4110.0,0.0,0.0,0.0,0.0,0.0,1
2023-05-10 14:33:51,b2404,b2404,4110.0,0.0,0.0,0.0,2,3970.0,4083.0,5,4110.0,0.0,0.0,0.0,0.0,0.0,1
2023-05-10 14:33:53,b2404,b2404,4110.0,0.0,0.0,0.0,1,3971.0,4083.0,5,4110.0,0.0,0.0,0.0,0.0,0.0,1
2023-05-10 14:33:57,b2404,b2404,4110.0,0.0,0.0,0.0,1,3971.0,4082.0,1,4110.0,0.0,0.0,0.0,0.0,0.0,1
2023-05-10 14:34:07,b2404,b2404,4110.0,0.0,0.0,0.0,1,3971.0,4081.0,5,4110.0,0.0,0.0,0.0,0.0,0.0,1
2023-05-10 14:34:13,b2404,b2404,4110.0,0.0,0.0,0.0,1,3971.0,4080.0,1,4110.0,0.0,0.0,0.0,0.0,0.0,1
2023-05-10 14:34:20,b2404,b2404,4110.0,0.0,0.0,0.0,1,3971.0,4079.0,3,4110.0,0.0,0.0,0.0,0.0,0.0,1
2023-05-10 14:34:21,b2404,b2404,4110.0,0.0,0.0,0.0,1,3971.0,4078.0,3,4110.0,0.0,0.0,0.0,0.0,0.0,1
2023-05-10 14:34:27,b2404,b2404,4110.0,0.0,0.0,0.0,1,3971.0,4077.0,3,4110.0,0.0,0.0,0.0,0.0,0.0,1
2023-05-10 14:34:34,b2404,b2404,4110.0,0.0,0.0,0.0,1,3971.0,4077.0,4,4110.0,0.0,0.0,0.0,0.0,0.0,1
2023-05-10 14:34:40,b2404,b2404,4110.0,0.0,0.0,0.0,1,3970.0,4077.0,4,4110.0,0.0,0.0,0.0,0.0,0.0,1
2023-05-10 14:34:40,b2404,b2404,4110.0,0.0,0.0,0.0,1,3970.0,4077.0,6,4110.0,0.0,0.0,0.0,0.0,0.0,1
2023-05-10 14:34:45,b2404,b2404,4110.0,0.0,0.0,0.0,1,3970.0,4076.0,2,4110.0,0.0,0.0,0.0,0.0,0.0,1
2023-05-10 14:34:51,b2404,b2404,4110.0,0.0,0.0,0.0,1,3970.0,4075.0,2,4110.0,0.0,0.0,0.0,0.0,0.0,1
2023-05-10 14:36:11,b2404,b2404,4110.0,0.0,0.0,0.0,1,3970.0,4074.0,2,4110.0,0.0,0.0,0.0,0.0,0.0,1
2023-05-10 14:36:13,b2404,b2404,4110.0,0.0,0.0,0.0,1,3970.0,4073.0,2,4110.0,0.0,0.0,0.0,0.0,0.0,1
2023-05-10 14:36:56,b2404,b2404,4110.0,0.0,0.0,0.0,1,3970.0,4072.0,2,4110.0,0.0,0.0,0.0,0.0,0.0,1
2023-05-10 14:36:56,b2404,b2404,4110.0,0.0,0.0,0.0,1,3970.0,4072.0,3,4110.0,0.0,0.0,0.0,0.0,0.0,1
2023-05-10 14:36:58,b2404,b2404,4110.0,0.0,0.0,0.0,1,3970.0,4071.0,2,4110.0,0.0,0.0,0.0,0.0,0.0,1
2023-05-10 14:37:39,b2404,b2404,4110.0,0.0,0.0,0.0,1,3970.0,4070.0,2,4110.0,0.0,0.0,0.0,0.0,0.0,1
2023-05-10 14:37:41,b2404,b2404,4110.0,0.0,0.0,0.0,1,3970.0,4069.0,2,4110.0,0.0,0.0,0.0,0.0,0.0,1
2023-05-10 14:38:22,b2404,b2404,4110.0,0.0,0.0,0.0,1,3970.0,4068.0,2,4110.0,0.0,0.0,0.0,0.0,0.0,1
2023-05-10 14:38:23,b2404,b2404,4110.0,0.0,0.0,0.0,1,3970.0,4067.0,2,4110.0,0.0,0.0,0.0,0.0,0.0,1
2023-05-10 14:39:04,b2404,b2404,4110.0,0.0,0.0,0.0,1,3970.0,4066.0,2,4110.0,0.0,0.0,0.0,0.0,0.0,1
2023-05-10 14:40:04,b2404,b2404,4110.0,0.0,0.0,0.0,1,3970.0,4072.0,1,4110.0,0.0,0.0,0.0,0.0,0.0,1
2023-05-10 14:40:05,b2404,b2404,4110.0,0.0,0.0,0.0,1,3970.0,4071.0,2,4110.0,0.0,0.0,0.0,0.0,0.0,1
2023-05-10 14:40:33,b2404,b2404,4110.0,0.0,0.0,0.0,1,3970.0,4070.0,2,4110.0,0.0,0.0,0.0,0.0,0.0,1
2023-05-10 14:40:39,b2404,b2404,4110.0,0.0,0.0,0.0,1,3970.0,4069.0,2,4110.0,0.0,0.0,0.0,0.0,0.0,1
2023-05-10 14:41:09,b2404,b2404,4110.0,0.0,0.0,0.0,2,3970.0,4069.0,2,4110.0,0.0,0.0,0.0,0.0,0.0,1
2023-05-10 14:41:14,b2404,b2404,4110.0,0.0,0.0,0.0,1,3971.0,4069.0,2,4110.0,0.0,0.0,0.0,0.0,0.0,1
2023-05-10 14:41:16,b2404,b2404,4110.0,0.0,0.0,0.0,1,3971.0,4068.0,2,4110.0,0.0,0.0,0.0,0.0,0.0,1
2023-05-10 14:41:22,b2404,b2404,4110.0,0.0,0.0,0.0,1,3971.0,4068.0,4,4110.0,0.0,0.0,0.0,0.0,0.0,1
2023-05-10 14:41:26,b2404,b2404,4110.0,0.0,0.0,0.0,1,3971.0,4068.0,2,4110.0,0.0,0.0,0.0,0.0,0.0,1
2023-05-10 14:41:27,b2404,b2404,4110.0,0.0,0.0,0.0,1,3971.0,4067.0,2,4110.0,0.0,0.0,0.0,0.0,0.0,1
2023-05-10 14:41:33,b2404,b2404,4110.0,0.0,0.0,0.0,1,3971.0,4068.0,2,4110.0,0.0,0.0,0.0,0.0,0.0,1
2023-05-10 14:41:39,b2404,b2404,4110.0,0.0,0.0,0.0,1,3971.0,4068.0,4,4110.0,0.0,0.0,0.0,0.0,0.0,1
2023-05-10 14:41:50,b2404,b2404,4110.0,0.0,0.0,0.0,1,3971.0,4068.0,2,4110.0,0.0,0.0,0.0,0.0,0.0,1
2023-05-10 14:42:00,b2404,b2404,4110.0,0.0,0.0,0.0,2,3972.0,4068.0,2,4110.0,0.0,0.0,0.0,0.0,0.0,1
2023-05-10 14:46:02,b2404,b2404,4110.0,0.0,0.0,0.0,2,3972.0,4072.0,1,4110.0,0.0,0.0,0.0,0.0,0.0,1
2023-05-10 14:46:02,b2404,b2404,4110.0,0.0,0.0,0.0,2,3972.0,4109.0,1,4110.0,0.0,0.0,0.0,0.0,0.0,1
2023-05-10 14:46:03,b2404,b2404,4110.0,0.0,0.0,0.0,2,3972.0,4108.0,5,4110.0,0.0,0.0,0.0,0.0,0.0,1
2023-05-10 14:46:05,b2404,b2404,4110.0,0.0,0.0,0.0,1,3970.0,4108.0,6,4110.0,0.0,0.0,0.0,0.0,0.0,1
2023-05-10 14:46:09,b2404,b2404,4110.0,0.0,0.0,0.0,1,3970.0,4107.0,1,4110.0,0.0,0.0,0.0,0.0,0.0,1
2023-05-10 14:46:16,b2404,b2404,4110.0,0.0,0.0,0.0,1,3970.0,4106.0,6,4110.0,0.0,0.0,0.0,0.0,0.0,1
2023-05-10 14:46:17,b2404,b2404,4110.0,0.0,0.0,0.0,1,3970.0,4105.0,2,4110.0,0.0,0.0,0.0,0.0,0.0,1
2023-05-10 14:46:20,b2404,b2404,4110.0,0.0,0.0,0.0,1,3970.0,4104.0,4,4110.0,0.0,0.0,0.0,0.0,0.0,1
2023-05-10 14:46:26,b2404,b2404,4110.0,0.0,0.0,0.0,1,3970.0,4103.0,2,4110.0,0.0,0.0,0.0,0.0,0.0,1
2023-05-10 14:46:32,b2404,b2404,4110.0,0.0,0.0,0.0,1,3970.0,4102.0,3,4110.0,0.0,0.0,0.0,0.0,0.0,1
