time,symbol_id,symbol_name,last,trade_volume,trade_amount,open_interest_change,bv1,bp1,ap1,av1,yesterday_close,today_open,today_high,today_low,volume,amount,open_interest
2023-05-09 20:56:05,b2401,b2401,4030.0,0.0,0.0,0.0,1,4012.0,4040.0,1,4030.0,4025.0,0.0,0.0,0.0,0.0,489
2023-05-09 21:00:00,b2401,b2401,4030.0,0.0,0.0,0.0,2,4012.0,4040.0,1,4030.0,4025.0,0.0,0.0,0.0,0.0,489
2023-05-09 21:00:02,b2401,b2401,4025.0,1.0,40250.0,0.0,2,4012.0,4040.0,1,4030.0,4025.0,4025.0,4025.0,1.0,40250.0,489
2023-05-09 21:00:05,b2401,b2401,4025.0,0.0,0.0,0.0,2,4012.0,4039.0,1,4030.0,4025.0,4025.0,4025.0,1.0,40250.0,489
2023-05-09 21:00:13,b2401,b2401,4025.0,0.0,0.0,0.0,1,4012.0,4039.0,1,4030.0,4025.0,4025.0,4025.0,1.0,40250.0,489
2023-05-09 21:00:19,b2401,b2401,4025.0,0.0,0.0,0.0,1,4012.0,4038.0,2,4030.0,4025.0,4025.0,4025.0,1.0,40250.0,489
2023-05-09 21:00:20,b2401,b2401,4025.0,0.0,0.0,0.0,1,4012.0,4037.0,1,4030.0,4025.0,4025.0,4025.0,1.0,40250.0,489
2023-05-09 21:00:35,b2401,b2401,4025.0,0.0,0.0,0.0,1,4012.0,4036.0,3,4030.0,4025.0,4025.0,4025.0,1.0,40250.0,489
2023-05-09 21:00:36,b2401,b2401,4025.0,0.0,0.0,0.0,1,4012.0,4035.0,1,4030.0,4025.0,4025.0,4025.0,1.0,40250.0,489
2023-05-09 21:00:52,b2401,b2401,4025.0,1.0,40250.0,0.0,1,4012.0,4035.0,1,4030.0,4025.0,4025.0,4025.0,2.0,80500.0,489
2023-05-09 21:00:57,b2401,b2401,4025.0,0.0,0.0,0.0,1,4012.0,4034.0,3,4030.0,4025.0,4025.0,4025.0,2.0,80500.0,489
2023-05-09 21:00:58,b2401,b2401,4025.0,0.0,0.0,0.0,1,4012.0,4033.0,1,4030.0,4025.0,4025.0,4025.0,2.0,80500.0,489
2023-05-09 21:01:04,b2401,b2401,4025.0,0.0,0.0,0.0,1,4012.0,4032.0,2,4030.0,4025.0,4025.0,4025.0,2.0,80500.0,489
2023-05-09 21:01:05,b2401,b2401,4025.0,0.0,0.0,0.0,1,4012.0,4031.0,1,4030.0,4025.0,4025.0,4025.0,2.0,80500.0,489
2023-05-09 21:01:15,b2401,b2401,4012.0,1.0,40120.0,1.0,1,4006.0,4031.0,1,4030.0,4025.0,4025.0,4012.0,3.0,120620.0,490
2023-05-09 21:01:17,b2401,b2401,4012.0,0.0,0.0,0.0,2,4006.0,4031.0,1,4030.0,4025.0,4025.0,4012.0,3.0,120620.0,490
2023-05-09 21:01:17,b2401,b2401,4012.0,0.0,0.0,0.0,3,4006.0,4031.0,1,4030.0,4025.0,4025.0,4012.0,3.0,120620.0,490
2023-05-09 21:01:20,b2401,b2401,4012.0,0.0,0.0,0.0,1,4006.0,4031.0,1,4030.0,4025.0,4025.0,4012.0,3.0,120620.0,490
2023-05-09 21:01:48,b2401,b2401,4012.0,0.0,0.0,0.0,1,4006.0,4030.0,2,4030.0,4025.0,4025.0,4012.0,3.0,120620.0,490
2023-05-09 21:01:48,b2401,b2401,4012.0,0.0,0.0,0.0,1,4006.0,4029.0,1,4030.0,4025.0,4025.0,4012.0,3.0,120620.0,490
2023-05-09 21:01:57,b2401,b2401,4012.0,0.0,0.0,0.0,3,4006.0,4029.0,1,4030.0,4025.0,4025.0,4012.0,3.0,120620.0,490
2023-05-09 21:02:06,b2401,b2401,4012.0,0.0,0.0,0.0,1,4006.0,4029.0,1,4030.0,4025.0,4025.0,4012.0,3.0,120620.0,490
2023-05-09 21:02:11,b2401,b2401,4012.0,0.0,0.0,0.0,3,4006.0,4029.0,1,4030.0,4025.0,4025.0,4012.0,3.0,120620.0,490
2023-05-09 21:02:15,b2401,b2401,4012.0,0.0,0.0,0.0,1,4006.0,4029.0,1,4030.0,4025.0,4025.0,4012.0,3.0,120620.0,490
2023-05-09 21:02:16,b2401,b2401,4012.0,0.0,0.0,0.0,3,4006.0,4029.0,1,4030.0,4025.0,4025.0,4012.0,3.0,120620.0,490
2023-05-09 21:02:17,b2401,b2401,4012.0,0.0,0.0,0.0,1,4006.0,4029.0,1,4030.0,4025.0,4025.0,4012.0,3.0,120620.0,490
2023-05-09 21:02:18,b2401,b2401,4012.0,0.0,0.0,0.0,3,4006.0,4029.0,1,4030.0,4025.0,4025.0,4012.0,3.0,120620.0,490
2023-05-09 21:02:24,b2401,b2401,4012.0,0.0,0.0,0.0,3,4006.0,4028.0,1,4030.0,4025.0,4025.0,4012.0,3.0,120620.0,490
2023-05-09 21:02:25,b2401,b2401,4012.0,0.0,0.0,0.0,3,4006.0,4027.0,1,4030.0,4025.0,4025.0,4012.0,3.0,120620.0,490
2023-05-09 21:02:28,b2401,b2401,4012.0,0.0,0.0,0.0,1,4006.0,4027.0,1,4030.0,4025.0,4025.0,4012.0,3.0,120620.0,490
2023-05-09 21:02:34,b2401,b2401,4012.0,0.0,0.0,0.0,1,4006.0,4026.0,2,4030.0,4025.0,4025.0,4012.0,3.0,120620.0,490
2023-05-09 21:02:34,b2401,b2401,4012.0,0.0,0.0,0.0,1,4006.0,4025.0,1,4030.0,4025.0,4025.0,4012.0,3.0,120620.0,490
2023-05-09 21:02:38,b2401,b2401,4012.0,0.0,0.0,0.0,3,4006.0,4025.0,1,4030.0,4025.0,4025.0,4012.0,3.0,120620.0,490
2023-05-09 21:02:41,b2401,b2401,4012.0,0.0,0.0,0.0,1,4006.0,4025.0,1,4030.0,4025.0,4025.0,4012.0,3.0,120620.0,490
2023-05-09 21:02:46,b2401,b2401,4012.0,0.0,0.0,0.0,3,4006.0,4025.0,1,4030.0,4025.0,4025.0,4012.0,3.0,120620.0,490
2023-05-09 21:02:52,b2401,b2401,4012.0,0.0,0.0,0.0,1,4006.0,4025.0,1,4030.0,4025.0,4025.0,4012.0,3.0,120620.0,490
2023-05-09 21:03:01,b2401,b2401,4012.0,0.0,0.0,0.0,1,3993.0,4024.0,3,4030.0,4025.0,4025.0,4012.0,3.0,120620.0,490
2023-05-09 21:03:01,b2401,b2401,4012.0,0.0,0.0,0.0,1,3994.0,4023.0,1,4030.0,4025.0,4025.0,4012.0,3.0,120620.0,490
2023-05-09 21:03:03,b2401,b2401,4012.0,0.0,0.0,0.0,2,3994.0,4023.0,1,4030.0,4025.0,4025.0,4012.0,3.0,120620.0,490
2023-05-09 21:03:05,b2401,b2401,4012.0,0.0,0.0,0.0,1,3994.0,4023.0,1,4030.0,4025.0,4025.0,4012.0,3.0,120620.0,490
2023-05-09 21:03:06,b2401,b2401,4012.0,0.0,0.0,0.0,2,3994.0,4023.0,1,4030.0,4025.0,4025.0,4012.0,3.0,120620.0,490
2023-05-09 21:03:07,b2401,b2401,4012.0,0.0,0.0,0.0,1,3994.0,4023.0,1,4030.0,4025.0,4025.0,4012.0,3.0,120620.0,490
2023-05-09 21:03:19,b2401,b2401,4012.0,0.0,0.0,0.0,1,3994.0,4022.0,2,4030.0,4025.0,4025.0,4012.0,3.0,120620.0,490
2023-05-09 21:03:19,b2401,b2401,4012.0,0.0,0.0,0.0,1,3994.0,4021.0,1,4030.0,4025.0,4025.0,4012.0,3.0,120620.0,490
2023-05-09 21:03:21,b2401,b2401,4012.0,0.0,0.0,0.0,2,3994.0,4021.0,1,4030.0,4025.0,4025.0,4012.0,3.0,120620.0,490
2023-05-09 21:03:22,b2401,b2401,4012.0,0.0,0.0,0.0,1,3994.0,4021.0,1,4030.0,4025.0,4025.0,4012.0,3.0,120620.0,490
2023-05-09 21:04:02,b2401,b2401,4012.0,0.0,0.0,0.0,2,3994.0,4021.0,1,4030.0,4025.0,4025.0,4012.0,3.0,120620.0,490
2023-05-09 21:04:03,b2401,b2401,4012.0,0.0,0.0,0.0,1,3994.0,4021.0,1,4030.0,4025.0,4025.0,4012.0,3.0,120620.0,490
2023-05-09 21:04:03,b2401,b2401,4012.0,0.0,0.0,0.0,1,3994.0,4020.0,2,4030.0,4025.0,4025.0,4012.0,3.0,120620.0,490
2023-05-09 21:04:04,b2401,b2401,4012.0,0.0,0.0,0.0,1,3994.0,4019.0,1,4030.0,4025.0,4025.0,4012.0,3.0,120620.0,490
2023-05-09 21:04:09,b2401,b2401,4012.0,0.0,0.0,0.0,2,3994.0,4019.0,1,4030.0,4025.0,4025.0,4012.0,3.0,120620.0,490
2023-05-09 21:04:13,b2401,b2401,4012.0,0.0,0.0,0.0,1,3994.0,4019.0,1,4030.0,4025.0,4025.0,4012.0,3.0,120620.0,490
2023-05-09 21:04:43,b2401,b2401,4012.0,0.0,0.0,0.0,1,3994.0,4018.0,3,4030.0,4025.0,4025.0,4012.0,3.0,120620.0,490
2023-05-09 21:04:43,b2401,b2401,4012.0,0.0,0.0,0.0,1,3994.0,4017.0,1,4030.0,4025.0,4025.0,4012.0,3.0,120620.0,490
2023-05-09 21:04:51,b2401,b2401,4012.0,0.0,0.0,0.0,1,3994.0,4016.0,2,4030.0,4025.0,4025.0,4012.0,3.0,120620.0,490
2023-05-09 21:05:02,b2401,b2401,4012.0,0.0,0.0,0.0,2,3994.0,4016.0,2,4030.0,4025.0,4025.0,4012.0,3.0,120620.0,490
2023-05-09 21:05:03,b2401,b2401,4012.0,0.0,0.0,0.0,2,3994.0,4016.0,3,4030.0,4025.0,4025.0,4012.0,3.0,120620.0,490
2023-05-09 21:05:03,b2401,b2401,4012.0,0.0,0.0,0.0,2,3994.0,4016.0,2,4030.0,4025.0,4025.0,4012.0,3.0,120620.0,490
2023-05-09 21:05:06,b2401,b2401,4012.0,0.0,0.0,0.0,1,3994.0,4016.0,2,4030.0,4025.0,4025.0,4012.0,3.0,120620.0,490
2023-05-09 21:05:14,b2401,b2401,4012.0,0.0,0.0,0.0,1,3994.0,4016.0,3,4030.0,4025.0,4025.0,4012.0,3.0,120620.0,490
2023-05-09 21:05:18,b2401,b2401,4012.0,0.0,0.0,0.0,2,3994.0,4016.0,3,4030.0,4025.0,4025.0,4012.0,3.0,120620.0,490
2023-05-09 21:05:19,b2401,b2401,4012.0,0.0,0.0,0.0,1,3994.0,4016.0,3,4030.0,4025.0,4025.0,4012.0,3.0,120620.0,490
2023-05-09 21:05:24,b2401,b2401,4012.0,0.0,0.0,0.0,2,3994.0,4016.0,3,4030.0,4025.0,4025.0,4012.0,3.0,120620.0,490
2023-05-09 21:05:25,b2401,b2401,4012.0,0.0,0.0,0.0,1,3994.0,4016.0,3,4030.0,4025.0,4025.0,4012.0,3.0,120620.0,490
2023-05-09 21:05:26,b2401,b2401,4012.0,0.0,0.0,0.0,2,3994.0,4016.0,2,4030.0,4025.0,4025.0,4012.0,3.0,120620.0,490
2023-05-09 21:05:30,b2401,b2401,4012.0,0.0,0.0,0.0,1,3994.0,4016.0,3,4030.0,4025.0,4025.0,4012.0,3.0,120620.0,490
2023-05-09 21:05:32,b2401,b2401,4012.0,0.0,0.0,0.0,2,3994.0,4016.0,2,4030.0,4025.0,4025.0,4012.0,3.0,120620.0,490
2023-05-09 21:05:35,b2401,b2401,4012.0,0.0,0.0,0.0,2,3994.0,4016.0,3,4030.0,4025.0,4025.0,4012.0,3.0,120620.0,490
2023-05-09 21:05:38,b2401,b2401,4012.0,0.0,0.0,0.0,2,3994.0,4016.0,2,4030.0,4025.0,4025.0,4012.0,3.0,120620.0,490
2023-05-09 21:05:40,b2401,b2401,4012.0,0.0,0.0,0.0,2,3994.0,4016.0,3,4030.0,4025.0,4025.0,4012.0,3.0,120620.0,490
2023-05-09 21:05:41,b2401,b2401,4012.0,0.0,0.0,0.0,1,3994.0,4016.0,3,4030.0,4025.0,4025.0,4012.0,3.0,120620.0,490
2023-05-09 21:05:43,b2401,b2401,4012.0,0.0,0.0,0.0,2,3994.0,4016.0,2,4030.0,4025.0,4025.0,4012.0,3.0,120620.0,490
2023-05-09 21:05:46,b2401,b2401,4012.0,0.0,0.0,0.0,1,3994.0,4016.0,3,4030.0,4025.0,4025.0,4012.0,3.0,120620.0,490
2023-05-09 21:05:48,b2401,b2401,4012.0,0.0,0.0,0.0,2,3994.0,4016.0,2,4030.0,4025.0,4025.0,4012.0,3.0,120620.0,490
2023-05-09 21:05:51,b2401,b2401,4012.0,0.0,0.0,0.0,1,3994.0,4016.0,3,4030.0,4025.0,4025.0,4012.0,3.0,120620.0,490
2023-05-09 21:05:52,b2401,b2401,4012.0,0.0,0.0,0.0,1,3994.0,4016.0,2,4030.0,4025.0,4025.0,4012.0,3.0,120620.0,490
2023-05-09 21:05:53,b2401,b2401,4012.0,0.0,0.0,0.0,2,3994.0,4016.0,2,4030.0,4025.0,4025.0,4012.0,3.0,120620.0,490
2023-05-09 21:06:05,b2401,b2401,4012.0,0.0,0.0,0.0,1,3994.0,4016.0,3,4030.0,4025.0,4025.0,4012.0,3.0,120620.0,490
2023-05-09 21:06:06,b2401,b2401,4012.0,0.0,0.0,0.0,1,3994.0,4016.0,2,4030.0,4025.0,4025.0,4012.0,3.0,120620.0,490
2023-05-09 21:07:00,b2401,b2401,4012.0,0.0,0.0,0.0,1,3994.0,4016.0,3,4030.0,4025.0,4025.0,4012.0,3.0,120620.0,490
2023-05-09 21:07:05,b2401,b2401,4012.0,0.0,0.0,0.0,1,3994.0,4016.0,2,4030.0,4025.0,4025.0,4012.0,3.0,120620.0,490
2023-05-09 21:07:07,b2401,b2401,4012.0,0.0,0.0,0.0,1,3994.0,4016.0,3,4030.0,4025.0,4025.0,4012.0,3.0,120620.0,490
2023-05-09 21:07:43,b2401,b2401,4012.0,0.0,0.0,0.0,1,3994.0,4016.0,2,4030.0,4025.0,4025.0,4012.0,3.0,120620.0,490
2023-05-09 21:09:04,b2401,b2401,4012.0,0.0,0.0,0.0,2,3993.0,4016.0,2,4030.0,4025.0,4025.0,4012.0,3.0,120620.0,490
2023-05-09 21:09:05,b2401,b2401,4012.0,0.0,0.0,0.0,1,3993.0,4016.0,2,4030.0,4025.0,4025.0,4012.0,3.0,120620.0,490
2023-05-09 21:09:06,b2401,b2401,4012.0,0.0,0.0,0.0,2,3993.0,4016.0,2,4030.0,4025.0,4025.0,4012.0,3.0,120620.0,490
2023-05-09 21:09:11,b2401,b2401,4012.0,0.0,0.0,0.0,2,3993.0,4015.0,1,4030.0,4025.0,4025.0,4012.0,3.0,120620.0,490
2023-05-09 21:09:27,b2401,b2401,4012.0,0.0,0.0,0.0,1,3994.0,4016.0,2,4030.0,4025.0,4025.0,4012.0,3.0,120620.0,490
2023-05-09 21:09:49,b2401,b2401,4012.0,0.0,0.0,0.0,1,3994.0,4028.0,1,4030.0,4025.0,4025.0,4012.0,3.0,120620.0,490
2023-05-09 21:09:49,b2401,b2401,4012.0,0.0,0.0,0.0,1,3994.0,4027.0,1,4030.0,4025.0,4025.0,4012.0,3.0,120620.0,490
2023-05-09 21:09:50,b2401,b2401,4012.0,0.0,0.0,0.0,1,3994.0,4027.0,8,4030.0,4025.0,4025.0,4012.0,3.0,120620.0,490
2023-05-09 21:09:53,b2401,b2401,4012.0,0.0,0.0,0.0,1,3994.0,4026.0,2,4030.0,4025.0,4025.0,4012.0,3.0,120620.0,490
2023-05-09 21:09:53,b2401,b2401,4012.0,0.0,0.0,0.0,1,3994.0,4025.0,1,4030.0,4025.0,4025.0,4012.0,3.0,120620.0,490
2023-05-09 21:09:54,b2401,b2401,4012.0,0.0,0.0,0.0,1,3994.0,4024.0,6,4030.0,4025.0,4025.0,4012.0,3.0,120620.0,490
2023-05-09 21:09:54,b2401,b2401,4012.0,0.0,0.0,0.0,1,3994.0,4023.0,1,4030.0,4025.0,4025.0,4012.0,3.0,120620.0,490
2023-05-09 21:09:55,b2401,b2401,4012.0,0.0,0.0,0.0,1,3994.0,4022.0,3,4030.0,4025.0,4025.0,4012.0,3.0,120620.0,490
2023-05-09 21:09:56,b2401,b2401,4012.0,0.0,0.0,0.0,1,3994.0,4021.0,1,4030.0,4025.0,4025.0,4012.0,3.0,120620.0,490
2023-05-09 21:10:37,b2401,b2401,4012.0,0.0,0.0,0.0,1,3994.0,4020.0,2,4030.0,4025.0,4025.0,4012.0,3.0,120620.0,490
2023-05-09 21:10:37,b2401,b2401,4012.0,0.0,0.0,0.0,1,3994.0,4019.0,1,4030.0,4025.0,4025.0,4012.0,3.0,120620.0,490
2023-05-09 21:11:21,b2401,b2401,4012.0,0.0,0.0,0.0,1,3994.0,4018.0,2,4030.0,4025.0,4025.0,4012.0,3.0,120620.0,490
2023-05-09 21:12:03,b2401,b2401,4012.0,0.0,0.0,0.0,1,3994.0,4017.0,1,4030.0,4025.0,4025.0,4012.0,3.0,120620.0,490
2023-05-09 21:12:45,b2401,b2401,4012.0,0.0,0.0,0.0,1,3994.0,4016.0,2,4030.0,4025.0,4025.0,4012.0,3.0,120620.0,490
2023-05-09 21:12:51,b2401,b2401,4012.0,0.0,0.0,0.0,1,3994.0,4016.0,3,4030.0,4025.0,4025.0,4012.0,3.0,120620.0,490
2023-05-09 21:12:52,b2401,b2401,4012.0,0.0,0.0,0.0,1,3994.0,4016.0,2,4030.0,4025.0,4025.0,4012.0,3.0,120620.0,490
2023-05-09 21:13:05,b2401,b2401,4012.0,0.0,0.0,0.0,1,3994.0,4016.0,3,4030.0,4025.0,4025.0,4012.0,3.0,120620.0,490
2023-05-09 21:13:21,b2401,b2401,4012.0,0.0,0.0,0.0,2,3994.0,4016.0,3,4030.0,4025.0,4025.0,4012.0,3.0,120620.0,490
2023-05-09 21:13:34,b2401,b2401,4012.0,0.0,0.0,0.0,2,3994.0,4016.0,2,4030.0,4025.0,4025.0,4012.0,3.0,120620.0,490
2023-05-09 21:14:42,b2401,b2401,4012.0,0.0,0.0,0.0,1,3994.0,4016.0,2,4030.0,4025.0,4025.0,4012.0,3.0,120620.0,490
2023-05-09 21:14:42,b2401,b2401,4012.0,0.0,0.0,0.0,1,3994.0,4015.0,1,4030.0,4025.0,4025.0,4012.0,3.0,120620.0,490
2023-05-09 21:15:38,b2401,b2401,4012.0,0.0,0.0,0.0,1,3994.0,4014.0,2,4030.0,4025.0,4025.0,4012.0,3.0,120620.0,490
2023-05-09 21:16:52,b2401,b2401,4012.0,0.0,0.0,0.0,1,3995.0,4014.0,2,4030.0,4025.0,4025.0,4012.0,3.0,120620.0,490
2023-05-09 21:19:17,b2401,b2401,4012.0,0.0,0.0,0.0,4,3995.0,4014.0,2,4030.0,4025.0,4025.0,4012.0,3.0,120620.0,490
2023-05-09 21:19:58,b2401,b2401,4012.0,0.0,0.0,0.0,1,3995.0,4014.0,2,4030.0,4025.0,4025.0,4012.0,3.0,120620.0,490
2023-05-09 21:20:38,b2401,b2401,4012.0,0.0,0.0,0.0,1,3995.0,4027.0,1,4030.0,4025.0,4025.0,4012.0,3.0,120620.0,490
2023-05-09 21:20:38,b2401,b2401,4012.0,0.0,0.0,0.0,1,3995.0,4026.0,7,4030.0,4025.0,4025.0,4012.0,3.0,120620.0,490
2023-05-09 21:20:41,b2401,b2401,4012.0,0.0,0.0,0.0,1,3995.0,4026.0,8,4030.0,4025.0,4025.0,4012.0,3.0,120620.0,490
2023-05-09 21:21:19,b2401,b2401,4012.0,0.0,0.0,0.0,1,3995.0,4025.0,2,4030.0,4025.0,4025.0,4012.0,3.0,120620.0,490
2023-05-09 21:21:19,b2401,b2401,4012.0,0.0,0.0,0.0,1,3995.0,4024.0,1,4030.0,4025.0,4025.0,4012.0,3.0,120620.0,490
2023-05-09 21:21:21,b2401,b2401,4012.0,0.0,0.0,0.0,1,3995.0,4023.0,6,4030.0,4025.0,4025.0,4012.0,3.0,120620.0,490
2023-05-09 21:21:21,b2401,b2401,4012.0,0.0,0.0,0.0,1,3995.0,4022.0,1,4030.0,4025.0,4025.0,4012.0,3.0,120620.0,490
2023-05-09 21:22:01,b2401,b2401,4012.0,0.0,0.0,0.0,1,3995.0,4021.0,2,4030.0,4025.0,4025.0,4012.0,3.0,120620.0,490
2023-05-09 21:22:01,b2401,b2401,4012.0,0.0,0.0,0.0,1,3995.0,4020.0,1,4030.0,4025.0,4025.0,4012.0,3.0,120620.0,490
2023-05-09 21:22:47,b2401,b2401,4012.0,0.0,0.0,0.0,1,3995.0,4019.0,2,4030.0,4025.0,4025.0,4012.0,3.0,120620.0,490
2023-05-09 21:22:47,b2401,b2401,4012.0,0.0,0.0,0.0,1,3995.0,4018.0,2,4030.0,4025.0,4025.0,4012.0,3.0,120620.0,490
2023-05-09 21:22:56,b2401,b2401,4012.0,0.0,0.0,0.0,1,3995.0,4018.0,1,4030.0,4025.0,4025.0,4012.0,3.0,120620.0,490
2023-05-09 21:23:31,b2401,b2401,4012.0,0.0,0.0,0.0,1,3995.0,4017.0,3,4030.0,4025.0,4025.0,4012.0,3.0,120620.0,490
2023-05-09 21:23:58,b2401,b2401,4012.0,0.0,0.0,0.0,1,3995.0,4017.0,2,4030.0,4025.0,4025.0,4012.0,3.0,120620.0,490
2023-05-09 21:23:59,b2401,b2401,4012.0,0.0,0.0,0.0,1,3994.0,4017.0,2,4030.0,4025.0,4025.0,4012.0,3.0,120620.0,490
2023-05-09 21:23:59,b2401,b2401,4012.0,0.0,0.0,0.0,1,3994.0,4016.0,2,4030.0,4025.0,4025.0,4012.0,3.0,120620.0,490
2023-05-09 21:24:09,b2401,b2401,4012.0,0.0,0.0,0.0,1,3994.0,4016.0,1,4030.0,4025.0,4025.0,4012.0,3.0,120620.0,490
2023-05-09 21:24:10,b2401,b2401,4012.0,0.0,0.0,0.0,2,3994.0,4016.0,1,4030.0,4025.0,4025.0,4012.0,3.0,120620.0,490
2023-05-09 21:24:56,b2401,b2401,4012.0,0.0,0.0,0.0,2,3994.0,4015.0,2,4030.0,4025.0,4025.0,4012.0,3.0,120620.0,490
2023-05-09 21:25:15,b2401,b2401,4012.0,0.0,0.0,0.0,1,3995.0,4015.0,2,4030.0,4025.0,4025.0,4012.0,3.0,120620.0,490
2023-05-09 21:25:41,b2401,b2401,4012.0,0.0,0.0,0.0,2,3995.0,4015.0,2,4030.0,4025.0,4025.0,4012.0,3.0,120620.0,490
2023-05-09 21:25:47,b2401,b2401,4012.0,0.0,0.0,0.0,1,3995.0,4015.0,2,4030.0,4025.0,4025.0,4012.0,3.0,120620.0,490
2023-05-09 21:27:14,b2401,b2401,4012.0,0.0,0.0,0.0,1,3995.0,4015.0,3,4030.0,4025.0,4025.0,4012.0,3.0,120620.0,490
2023-05-09 21:27:18,b2401,b2401,4012.0,0.0,0.0,0.0,1,3995.0,4015.0,2,4030.0,4025.0,4025.0,4012.0,3.0,120620.0,490
2023-05-09 21:27:19,b2401,b2401,4012.0,0.0,0.0,0.0,1,3996.0,4015.0,2,4030.0,4025.0,4025.0,4012.0,3.0,120620.0,490
2023-05-09 21:27:19,b2401,b2401,4012.0,0.0,0.0,0.0,1,3997.0,4015.0,2,4030.0,4025.0,4025.0,4012.0,3.0,120620.0,490
2023-05-09 21:27:24,b2401,b2401,4012.0,0.0,0.0,0.0,1,3997.0,4015.0,3,4030.0,4025.0,4025.0,4012.0,3.0,120620.0,490
2023-05-09 21:27:31,b2401,b2401,4012.0,0.0,0.0,0.0,1,3997.0,4015.0,2,4030.0,4025.0,4025.0,4012.0,3.0,120620.0,490
2023-05-09 21:27:35,b2401,b2401,4012.0,0.0,0.0,0.0,1,3997.0,4015.0,3,4030.0,4025.0,4025.0,4012.0,3.0,120620.0,490
2023-05-09 21:27:39,b2401,b2401,4012.0,0.0,0.0,0.0,1,3997.0,4015.0,2,4030.0,4025.0,4025.0,4012.0,3.0,120620.0,490
2023-05-09 21:27:40,b2401,b2401,4012.0,0.0,0.0,0.0,1,3997.0,4015.0,3,4030.0,4025.0,4025.0,4012.0,3.0,120620.0,490
2023-05-09 21:28:03,b2401,b2401,4012.0,0.0,0.0,0.0,1,3997.0,4015.0,2,4030.0,4025.0,4025.0,4012.0,3.0,120620.0,490
2023-05-09 21:28:31,b2401,b2401,4012.0,0.0,0.0,0.0,1,3997.0,4015.0,3,4030.0,4025.0,4025.0,4012.0,3.0,120620.0,490
2023-05-09 21:28:34,b2401,b2401,4012.0,0.0,0.0,0.0,1,3997.0,4015.0,2,4030.0,4025.0,4025.0,4012.0,3.0,120620.0,490
2023-05-09 21:28:35,b2401,b2401,4012.0,0.0,0.0,0.0,1,3998.0,4015.0,2,4030.0,4025.0,4025.0,4012.0,3.0,120620.0,490
2023-05-09 21:28:36,b2401,b2401,4012.0,0.0,0.0,0.0,1,3999.0,4015.0,3,4030.0,4025.0,4025.0,4012.0,3.0,120620.0,490
2023-05-09 21:28:46,b2401,b2401,4012.0,0.0,0.0,0.0,1,3999.0,4015.0,2,4030.0,4025.0,4025.0,4012.0,3.0,120620.0,490
2023-05-09 21:29:00,b2401,b2401,4012.0,0.0,0.0,0.0,1,3999.0,4015.0,3,4030.0,4025.0,4025.0,4012.0,3.0,120620.0,490
2023-05-09 21:29:55,b2401,b2401,4012.0,0.0,0.0,0.0,1,3999.0,4026.0,1,4030.0,4025.0,4025.0,4012.0,3.0,120620.0,490
2023-05-09 21:29:55,b2401,b2401,4012.0,0.0,0.0,0.0,1,3999.0,4025.0,1,4030.0,4025.0,4025.0,4012.0,3.0,120620.0,490
2023-05-09 21:29:57,b2401,b2401,4012.0,0.0,0.0,0.0,1,3999.0,4025.0,2,4030.0,4025.0,4025.0,4012.0,3.0,120620.0,490
2023-05-09 21:30:04,b2401,b2401,4012.0,0.0,0.0,0.0,1,3994.0,4025.0,2,4030.0,4025.0,4025.0,4012.0,3.0,120620.0,490
2023-05-09 21:30:04,b2401,b2401,4012.0,0.0,0.0,0.0,1,3995.0,4025.0,2,4030.0,4025.0,4025.0,4012.0,3.0,120620.0,490
2023-05-09 21:30:04,b2401,b2401,4012.0,0.0,0.0,0.0,1,3995.0,4024.0,3,4030.0,4025.0,4025.0,4012.0,3.0,120620.0,490
2023-05-09 21:30:05,b2401,b2401,4012.0,0.0,0.0,0.0,1,3995.0,4023.0,1,4030.0,4025.0,4025.0,4012.0,3.0,120620.0,490
2023-05-09 21:30:21,b2401,b2401,4012.0,0.0,0.0,0.0,1,3995.0,4022.0,3,4030.0,4025.0,4025.0,4012.0,3.0,120620.0,490
2023-05-09 21:30:22,b2401,b2401,4012.0,0.0,0.0,0.0,1,3995.0,4021.0,1,4030.0,4025.0,4025.0,4012.0,3.0,120620.0,490
2023-05-09 21:30:28,b2401,b2401,4012.0,0.0,0.0,0.0,1,3995.0,4020.0,3,4030.0,4025.0,4025.0,4012.0,3.0,120620.0,490
2023-05-09 21:30:28,b2401,b2401,4012.0,0.0,0.0,0.0,1,3995.0,4019.0,1,4030.0,4025.0,4025.0,4012.0,3.0,120620.0,490
2023-05-09 21:30:34,b2401,b2401,4012.0,0.0,0.0,0.0,1,3995.0,4018.0,2,4030.0,4025.0,4025.0,4012.0,3.0,120620.0,490
2023-05-09 21:30:34,b2401,b2401,4012.0,0.0,0.0,0.0,1,3995.0,4017.0,1,4030.0,4025.0,4025.0,4012.0,3.0,120620.0,490
2023-05-09 21:30:35,b2401,b2401,4012.0,0.0,0.0,0.0,1,3994.0,4017.0,1,4030.0,4025.0,4025.0,4012.0,3.0,120620.0,490
2023-05-09 21:31:04,b2401,b2401,4012.0,0.0,0.0,0.0,1,3994.0,4016.0,1,4030.0,4025.0,4025.0,4012.0,3.0,120620.0,490
2023-05-09 21:31:05,b2401,b2401,4012.0,0.0,0.0,0.0,1,3994.0,4015.0,1,4030.0,4025.0,4025.0,4012.0,3.0,120620.0,490
2023-05-09 21:31:12,b2401,b2401,4012.0,0.0,0.0,0.0,1,3994.0,4015.0,2,4030.0,4025.0,4025.0,4012.0,3.0,120620.0,490
2023-05-09 21:31:13,b2401,b2401,4012.0,0.0,0.0,0.0,1,3994.0,4015.0,1,4030.0,4025.0,4025.0,4012.0,3.0,120620.0,490
2023-05-09 21:31:19,b2401,b2401,4012.0,0.0,0.0,0.0,1,3994.0,4014.0,2,4030.0,4025.0,4025.0,4012.0,3.0,120620.0,490
2023-05-09 21:31:26,b2401,b2401,4012.0,0.0,0.0,0.0,1,3994.0,4013.0,1,4030.0,4025.0,4025.0,4012.0,3.0,120620.0,490
2023-05-09 21:31:41,b2401,b2401,4012.0,0.0,0.0,0.0,1,3994.0,4013.0,2,4030.0,4025.0,4025.0,4012.0,3.0,120620.0,490
2023-05-09 21:31:45,b2401,b2401,4012.0,0.0,0.0,0.0,1,3994.0,4013.0,1,4030.0,4025.0,4025.0,4012.0,3.0,120620.0,490
2023-05-09 21:31:50,b2401,b2401,4012.0,0.0,0.0,0.0,1,3994.0,4013.0,2,4030.0,4025.0,4025.0,4012.0,3.0,120620.0,490
2023-05-09 21:31:50,b2401,b2401,4012.0,0.0,0.0,0.0,1,3994.0,4013.0,1,4030.0,4025.0,4025.0,4012.0,3.0,120620.0,490
2023-05-09 21:32:10,b2401,b2401,4012.0,0.0,0.0,0.0,2,3994.0,4013.0,1,4030.0,4025.0,4025.0,4012.0,3.0,120620.0,490
2023-05-09 21:32:10,b2401,b2401,4012.0,0.0,0.0,0.0,1,3994.0,4013.0,1,4030.0,4025.0,4025.0,4012.0,3.0,120620.0,490
2023-05-09 21:32:11,b2401,b2401,4012.0,0.0,0.0,0.0,1,3994.0,4013.0,2,4030.0,4025.0,4025.0,4012.0,3.0,120620.0,490
2023-05-09 21:32:12,b2401,b2401,4012.0,0.0,0.0,0.0,1,3994.0,4012.0,1,4030.0,4025.0,4025.0,4012.0,3.0,120620.0,490
2023-05-09 21:32:13,b2401,b2401,4012.0,0.0,0.0,0.0,3,3994.0,4011.0,1,4030.0,4025.0,4025.0,4012.0,3.0,120620.0,490
2023-05-09 21:32:13,b2401,b2401,4012.0,0.0,0.0,0.0,1,3994.0,4010.0,1,4030.0,4025.0,4025.0,4012.0,3.0,120620.0,490
2023-05-09 21:32:14,b2401,b2401,4012.0,0.0,0.0,0.0,3,3994.0,4010.0,1,4030.0,4025.0,4025.0,4012.0,3.0,120620.0,490
2023-05-09 21:32:15,b2401,b2401,4012.0,0.0,0.0,0.0,3,3994.0,4009.0,1,4030.0,4025.0,4025.0,4012.0,3.0,120620.0,490
2023-05-09 21:32:15,b2401,b2401,4012.0,0.0,0.0,0.0,3,3994.0,4008.0,1,4030.0,4025.0,4025.0,4012.0,3.0,120620.0,490
2023-05-09 21:32:34,b2401,b2401,3994.0,2.0,79880.0,1.0,1,3993.0,4008.0,1,4030.0,4025.0,4025.0,3994.0,5.0,200500.0,491
2023-05-09 21:32:42,b2401,b2401,3994.0,0.0,0.0,0.0,2,3993.0,4008.0,1,4030.0,4025.0,4025.0,3994.0,5.0,200500.0,491
2023-05-09 21:32:42,b2401,b2401,3994.0,0.0,0.0,0.0,1,3993.0,4008.0,1,4030.0,4025.0,4025.0,3994.0,5.0,200500.0,491
2023-05-09 21:32:48,b2401,b2401,3994.0,0.0,0.0,0.0,1,3993.0,4007.0,2,4030.0,4025.0,4025.0,3994.0,5.0,200500.0,491
2023-05-09 21:32:55,b2401,b2401,3994.0,0.0,0.0,0.0,1,3993.0,4007.0,3,4030.0,4025.0,4025.0,3994.0,5.0,200500.0,491
2023-05-09 21:33:06,b2401,b2401,3994.0,0.0,0.0,0.0,1,3993.0,4007.0,4,4030.0,4025.0,4025.0,3994.0,5.0,200500.0,491
2023-05-09 21:33:11,b2401,b2401,3994.0,0.0,0.0,0.0,1,3993.0,4007.0,3,4030.0,4025.0,4025.0,3994.0,5.0,200500.0,491
2023-05-09 21:33:15,b2401,b2401,3994.0,0.0,0.0,0.0,2,3993.0,4007.0,3,4030.0,4025.0,4025.0,3994.0,5.0,200500.0,491
2023-05-09 21:33:15,b2401,b2401,3994.0,0.0,0.0,0.0,1,3993.0,4007.0,3,4030.0,4025.0,4025.0,3994.0,5.0,200500.0,491
2023-05-09 21:33:31,b2401,b2401,3994.0,0.0,0.0,0.0,1,3993.0,4007.0,4,4030.0,4025.0,4025.0,3994.0,5.0,200500.0,491
2023-05-09 21:33:31,b2401,b2401,3994.0,0.0,0.0,0.0,1,3993.0,4007.0,3,4030.0,4025.0,4025.0,3994.0,5.0,200500.0,491
2023-05-09 21:33:34,b2401,b2401,3994.0,0.0,0.0,0.0,1,3993.0,4007.0,4,4030.0,4025.0,4025.0,3994.0,5.0,200500.0,491
2023-05-09 21:33:37,b2401,b2401,3994.0,0.0,0.0,0.0,1,3993.0,4007.0,3,4030.0,4025.0,4025.0,3994.0,5.0,200500.0,491
2023-05-09 21:33:37,b2401,b2401,3994.0,0.0,0.0,0.0,2,3993.0,4007.0,3,4030.0,4025.0,4025.0,3994.0,5.0,200500.0,491
2023-05-09 21:33:38,b2401,b2401,3994.0,0.0,0.0,0.0,1,3993.0,4007.0,3,4030.0,4025.0,4025.0,3994.0,5.0,200500.0,491
2023-05-09 21:33:39,b2401,b2401,3994.0,0.0,0.0,0.0,2,3993.0,4007.0,3,4030.0,4025.0,4025.0,3994.0,5.0,200500.0,491
2023-05-09 21:33:40,b2401,b2401,3994.0,0.0,0.0,0.0,1,3993.0,4007.0,3,4030.0,4025.0,4025.0,3994.0,5.0,200500.0,491
2023-05-09 21:33:48,b2401,b2401,3994.0,0.0,0.0,0.0,2,3993.0,4007.0,3,4030.0,4025.0,4025.0,3994.0,5.0,200500.0,491
2023-05-09 21:33:53,b2401,b2401,3994.0,0.0,0.0,0.0,1,3993.0,4007.0,3,4030.0,4025.0,4025.0,3994.0,5.0,200500.0,491
2023-05-09 21:33:53,b2401,b2401,3994.0,0.0,0.0,0.0,2,3993.0,4007.0,3,4030.0,4025.0,4025.0,3994.0,5.0,200500.0,491
2023-05-09 21:33:53,b2401,b2401,3994.0,0.0,0.0,0.0,1,3993.0,4007.0,3,4030.0,4025.0,4025.0,3994.0,5.0,200500.0,491
2023-05-09 21:33:58,b2401,b2401,3994.0,0.0,0.0,0.0,2,3993.0,4007.0,3,4030.0,4025.0,4025.0,3994.0,5.0,200500.0,491
2023-05-09 21:34:02,b2401,b2401,3994.0,0.0,0.0,0.0,1,3993.0,4007.0,3,4030.0,4025.0,4025.0,3994.0,5.0,200500.0,491
2023-05-09 21:35:16,b2401,b2401,3994.0,0.0,0.0,0.0,1,3993.0,4007.0,4,4030.0,4025.0,4025.0,3994.0,5.0,200500.0,491
2023-05-09 21:35:21,b2401,b2401,3994.0,0.0,0.0,0.0,1,3993.0,4007.0,3,4030.0,4025.0,4025.0,3994.0,5.0,200500.0,491
2023-05-09 21:35:45,b2401,b2401,3994.0,0.0,0.0,0.0,2,3993.0,4007.0,3,4030.0,4025.0,4025.0,3994.0,5.0,200500.0,491
2023-05-09 21:36:03,b2401,b2401,3994.0,0.0,0.0,0.0,1,3993.0,4007.0,3,4030.0,4025.0,4025.0,3994.0,5.0,200500.0,491
2023-05-09 21:36:09,b2401,b2401,3994.0,0.0,0.0,0.0,1,3994.0,4007.0,3,4030.0,4025.0,4025.0,3994.0,5.0,200500.0,491
2023-05-09 21:36:21,b2401,b2401,3994.0,0.0,0.0,0.0,1,3994.0,4007.0,4,4030.0,4025.0,4025.0,3994.0,5.0,200500.0,491
2023-05-09 21:36:21,b2401,b2401,3994.0,0.0,0.0,0.0,1,3994.0,4007.0,3,4030.0,4025.0,4025.0,3994.0,5.0,200500.0,491
2023-05-09 21:36:23,b2401,b2401,3994.0,0.0,0.0,0.0,1,3994.0,4007.0,4,4030.0,4025.0,4025.0,3994.0,5.0,200500.0,491
2023-05-09 21:36:26,b2401,b2401,3994.0,0.0,0.0,0.0,1,3995.0,4007.0,4,4030.0,4025.0,4025.0,3994.0,5.0,200500.0,491
2023-05-09 21:36:29,b2401,b2401,3994.0,0.0,0.0,0.0,1,3995.0,4007.0,3,4030.0,4025.0,4025.0,3994.0,5.0,200500.0,491
2023-05-09 21:37:00,b2401,b2401,3994.0,0.0,0.0,0.0,1,3995.0,4007.0,4,4030.0,4025.0,4025.0,3994.0,5.0,200500.0,491
2023-05-09 21:37:03,b2401,b2401,3994.0,0.0,0.0,0.0,1,3995.0,4007.0,3,4030.0,4025.0,4025.0,3994.0,5.0,200500.0,491
2023-05-09 21:37:07,b2401,b2401,3994.0,0.0,0.0,0.0,1,3995.0,4007.0,4,4030.0,4025.0,4025.0,3994.0,5.0,200500.0,491
2023-05-09 21:37:09,b2401,b2401,3994.0,0.0,0.0,0.0,1,3995.0,4007.0,3,4030.0,4025.0,4025.0,3994.0,5.0,200500.0,491
2023-05-09 21:37:46,b2401,b2401,3994.0,0.0,0.0,0.0,1,3995.0,4007.0,1,4030.0,4025.0,4025.0,3994.0,5.0,200500.0,491
2023-05-09 21:37:46,b2401,b2401,3994.0,0.0,0.0,0.0,2,3995.0,4007.0,1,4030.0,4025.0,4025.0,3994.0,5.0,200500.0,491
2023-05-09 21:37:48,b2401,b2401,3994.0,0.0,0.0,0.0,2,3995.0,4007.0,2,4030.0,4025.0,4025.0,3994.0,5.0,200500.0,491
2023-05-09 21:37:49,b2401,b2401,3994.0,0.0,0.0,0.0,2,3995.0,4007.0,3,4030.0,4025.0,4025.0,3994.0,5.0,200500.0,491
2023-05-09 21:37:54,b2401,b2401,3994.0,0.0,0.0,0.0,1,3995.0,4007.0,2,4030.0,4025.0,4025.0,3994.0,5.0,200500.0,491
2023-05-09 21:38:07,b2401,b2401,3994.0,0.0,0.0,0.0,1,3995.0,4007.0,1,4030.0,4025.0,4025.0,3994.0,5.0,200500.0,491
2023-05-09 21:38:08,b2401,b2401,3994.0,0.0,0.0,0.0,1,3996.0,4007.0,1,4030.0,4025.0,4025.0,3994.0,5.0,200500.0,491
2023-05-09 21:38:26,b2401,b2401,3994.0,0.0,0.0,0.0,1,3996.0,4006.0,2,4030.0,4025.0,4025.0,3994.0,5.0,200500.0,491
2023-05-09 21:38:28,b2401,b2401,3994.0,0.0,0.0,0.0,1,3996.0,4007.0,1,4030.0,4025.0,4025.0,3994.0,5.0,200500.0,491
2023-05-09 21:38:40,b2401,b2401,4003.0,2.0,79990.0,0.0,1,3996.0,4007.0,1,4030.0,4025.0,4025.0,3994.0,7.0,280490.0,491
2023-05-09 21:39:10,b2401,b2401,4003.0,0.0,0.0,0.0,1,3996.0,4006.0,2,4030.0,4025.0,4025.0,3994.0,7.0,280490.0,491
2023-05-09 21:39:12,b2401,b2401,4003.0,0.0,0.0,0.0,1,3996.0,4007.0,1,4030.0,4025.0,4025.0,3994.0,7.0,280490.0,491
2023-05-09 21:39:20,b2401,b2401,4003.0,0.0,0.0,0.0,2,3996.0,4007.0,1,4030.0,4025.0,4025.0,3994.0,7.0,280490.0,491
2023-05-09 21:39:29,b2401,b2401,4003.0,0.0,0.0,0.0,2,3996.0,4007.0,3,4030.0,4025.0,4025.0,3994.0,7.0,280490.0,491
2023-05-09 21:39:29,b2401,b2401,4003.0,0.0,0.0,0.0,1,3995.0,4007.0,3,4030.0,4025.0,4025.0,3994.0,7.0,280490.0,491
2023-05-09 21:39:30,b2401,b2401,4003.0,0.0,0.0,0.0,2,3995.0,4007.0,3,4030.0,4025.0,4025.0,3994.0,7.0,280490.0,491
2023-05-09 21:39:42,b2401,b2401,4003.0,0.0,0.0,0.0,2,3995.0,4007.0,1,4030.0,4025.0,4025.0,3994.0,7.0,280490.0,491
2023-05-09 21:39:42,b2401,b2401,4003.0,0.0,0.0,0.0,2,3995.0,4007.0,3,4030.0,4025.0,4025.0,3994.0,7.0,280490.0,491
2023-05-09 21:39:45,b2401,b2401,4003.0,0.0,0.0,0.0,2,3995.0,4007.0,1,4030.0,4025.0,4025.0,3994.0,7.0,280490.0,491
2023-05-09 21:39:46,b2401,b2401,4003.0,0.0,0.0,0.0,2,3995.0,4007.0,3,4030.0,4025.0,4025.0,3994.0,7.0,280490.0,491
2023-05-09 21:39:52,b2401,b2401,4003.0,0.0,0.0,0.0,2,3995.0,4006.0,2,4030.0,4025.0,4025.0,3994.0,7.0,280490.0,491
2023-05-09 21:40:00,b2401,b2401,4003.0,0.0,0.0,0.0,1,3995.0,4006.0,2,4030.0,4025.0,4025.0,3994.0,7.0,280490.0,491
2023-05-09 21:40:01,b2401,b2401,4003.0,0.0,0.0,0.0,1,3995.0,4006.0,4,4030.0,4025.0,4025.0,3994.0,7.0,280490.0,491
2023-05-09 21:40:04,b2401,b2401,4003.0,0.0,0.0,0.0,1,3995.0,4006.0,2,4030.0,4025.0,4025.0,3994.0,7.0,280490.0,491
2023-05-09 21:40:18,b2401,b2401,4003.0,0.0,0.0,0.0,1,3995.0,4006.0,3,4030.0,4025.0,4025.0,3994.0,7.0,280490.0,491
2023-05-09 21:40:25,b2401,b2401,4003.0,0.0,0.0,0.0,1,3995.0,4006.0,2,4030.0,4025.0,4025.0,3994.0,7.0,280490.0,491
2023-05-09 21:40:29,b2401,b2401,4003.0,0.0,0.0,0.0,1,3995.0,4006.0,4,4030.0,4025.0,4025.0,3994.0,7.0,280490.0,491
2023-05-09 21:40:31,b2401,b2401,4003.0,0.0,0.0,0.0,1,3995.0,4006.0,2,4030.0,4025.0,4025.0,3994.0,7.0,280490.0,491
2023-05-09 21:40:37,b2401,b2401,4003.0,0.0,0.0,0.0,1,3995.0,4006.0,4,4030.0,4025.0,4025.0,3994.0,7.0,280490.0,491
2023-05-09 21:40:38,b2401,b2401,4003.0,0.0,0.0,0.0,1,3995.0,4006.0,3,4030.0,4025.0,4025.0,3994.0,7.0,280490.0,491
2023-05-09 21:40:38,b2401,b2401,4003.0,0.0,0.0,0.0,1,3995.0,4006.0,2,4030.0,4025.0,4025.0,3994.0,7.0,280490.0,491
2023-05-09 21:41:15,b2401,b2401,4003.0,0.0,0.0,0.0,1,3995.0,4006.0,4,4030.0,4025.0,4025.0,3994.0,7.0,280490.0,491
2023-05-09 21:41:21,b2401,b2401,4003.0,0.0,0.0,0.0,1,3995.0,4006.0,2,4030.0,4025.0,4025.0,3994.0,7.0,280490.0,491
2023-05-09 21:42:37,b2401,b2401,4003.0,0.0,0.0,0.0,1,3995.0,4006.0,3,4030.0,4025.0,4025.0,3994.0,7.0,280490.0,491
2023-05-09 21:42:37,b2401,b2401,4003.0,0.0,0.0,0.0,1,3995.0,4006.0,2,4030.0,4025.0,4025.0,3994.0,7.0,280490.0,491
2023-05-09 21:43:09,b2401,b2401,4003.0,0.0,0.0,0.0,2,3995.0,4006.0,2,4030.0,4025.0,4025.0,3994.0,7.0,280490.0,491
2023-05-09 21:43:12,b2401,b2401,4003.0,0.0,0.0,0.0,1,3995.0,4006.0,2,4030.0,4025.0,4025.0,3994.0,7.0,280490.0,491
2023-05-09 21:43:14,b2401,b2401,4003.0,0.0,0.0,0.0,2,3995.0,4006.0,2,4030.0,4025.0,4025.0,3994.0,7.0,280490.0,491
2023-05-09 21:43:20,b2401,b2401,4003.0,0.0,0.0,0.0,1,3995.0,4006.0,2,4030.0,4025.0,4025.0,3994.0,7.0,280490.0,491
2023-05-09 21:43:22,b2401,b2401,4003.0,0.0,0.0,0.0,2,3995.0,4005.0,3,4030.0,4025.0,4025.0,3994.0,7.0,280490.0,491
2023-05-09 21:43:24,b2401,b2401,4003.0,0.0,0.0,0.0,1,3995.0,4005.0,3,4030.0,4025.0,4025.0,3994.0,7.0,280490.0,491
2023-05-09 21:43:25,b2401,b2401,4003.0,0.0,0.0,0.0,1,3995.0,4006.0,2,4030.0,4025.0,4025.0,3994.0,7.0,280490.0,491
2023-05-09 21:44:00,b2401,b2401,4003.0,0.0,0.0,0.0,1,3995.0,4005.0,1,4030.0,4025.0,4025.0,3994.0,7.0,280490.0,491
2023-05-09 21:44:08,b2401,b2401,4003.0,0.0,0.0,0.0,1,3995.0,4005.0,2,4030.0,4025.0,4025.0,3994.0,7.0,280490.0,491
2023-05-09 21:44:08,b2401,b2401,4003.0,0.0,0.0,0.0,1,3995.0,4005.0,1,4030.0,4025.0,4025.0,3994.0,7.0,280490.0,491
2023-05-09 21:44:23,b2401,b2401,3995.0,1.0,39950.0,1.0,1,3993.0,4005.0,1,4030.0,4025.0,4025.0,3994.0,8.0,320440.0,492
2023-05-09 21:44:54,b2401,b2401,3995.0,0.0,0.0,0.0,1,3993.0,4004.0,2,4030.0,4025.0,4025.0,3994.0,8.0,320440.0,492
2023-05-09 21:45:26,b2401,b2401,3995.0,0.0,0.0,0.0,1,3993.0,4003.0,1,4030.0,4025.0,4025.0,3994.0,8.0,320440.0,492
2023-05-09 21:45:36,b2401,b2401,3995.0,0.0,0.0,0.0,1,3993.0,4003.0,2,4030.0,4025.0,4025.0,3994.0,8.0,320440.0,492
2023-05-09 21:45:36,b2401,b2401,3995.0,0.0,0.0,0.0,1,3993.0,4003.0,1,4030.0,4025.0,4025.0,3994.0,8.0,320440.0,492
2023-05-09 21:46:35,b2401,b2401,3993.0,1.0,39930.0,1.0,1,3982.0,4003.0,1,4030.0,4025.0,4025.0,3993.0,9.0,360370.0,493
2023-05-09 21:46:35,b2401,b2401,3993.0,0.0,0.0,0.0,1,3964.0,4003.0,1,4030.0,4025.0,4025.0,3993.0,9.0,360370.0,493
2023-05-09 21:46:36,b2401,b2401,3993.0,0.0,0.0,0.0,1,3965.0,4003.0,1,4030.0,4025.0,4025.0,3993.0,9.0,360370.0,493
2023-05-09 21:46:39,b2401,b2401,3993.0,0.0,0.0,0.0,1,3965.0,4003.0,2,4030.0,4025.0,4025.0,3993.0,9.0,360370.0,493
2023-05-09 21:46:41,b2401,b2401,3993.0,0.0,0.0,0.0,1,3974.0,4003.0,2,4030.0,4025.0,4025.0,3993.0,9.0,360370.0,493
2023-05-09 21:46:41,b2401,b2401,3993.0,0.0,0.0,0.0,1,3975.0,4003.0,2,4030.0,4025.0,4025.0,3993.0,9.0,360370.0,493
2023-05-09 21:46:43,b2401,b2401,3993.0,0.0,0.0,0.0,1,3975.0,4003.0,1,4030.0,4025.0,4025.0,3993.0,9.0,360370.0,493
2023-05-09 21:46:48,b2401,b2401,3993.0,0.0,0.0,0.0,1,3975.0,4003.0,2,4030.0,4025.0,4025.0,3993.0,9.0,360370.0,493
2023-05-09 21:46:50,b2401,b2401,3993.0,0.0,0.0,0.0,1,3975.0,4003.0,1,4030.0,4025.0,4025.0,3993.0,9.0,360370.0,493
2023-05-09 21:46:50,b2401,b2401,3993.0,0.0,0.0,0.0,1,3975.0,4003.0,2,4030.0,4025.0,4025.0,3993.0,9.0,360370.0,493
2023-05-09 21:47:04,b2401,b2401,3993.0,1.0,39930.0,1.0,1,3975.0,4002.0,2,4030.0,4025.0,4025.0,3993.0,10.0,400300.0,494
2023-05-09 21:47:04,b2401,b2401,3993.0,0.0,0.0,0.0,1,3975.0,4001.0,2,4030.0,4025.0,4025.0,3993.0,10.0,400300.0,494
2023-05-09 21:47:09,b2401,b2401,3993.0,0.0,0.0,0.0,1,3975.0,3995.0,2,4030.0,4025.0,4025.0,3993.0,10.0,400300.0,494
2023-05-09 21:47:10,b2401,b2401,3993.0,0.0,0.0,0.0,1,3976.0,3995.0,2,4030.0,4025.0,4025.0,3993.0,10.0,400300.0,494
2023-05-09 21:47:10,b2401,b2401,3993.0,0.0,0.0,0.0,1,3977.0,3995.0,2,4030.0,4025.0,4025.0,3993.0,10.0,400300.0,494
2023-05-09 21:47:11,b2401,b2401,3993.0,0.0,0.0,0.0,1,3978.0,3995.0,2,4030.0,4025.0,4025.0,3993.0,10.0,400300.0,494
2023-05-09 21:47:11,b2401,b2401,3993.0,0.0,0.0,0.0,1,3979.0,3995.0,2,4030.0,4025.0,4025.0,3993.0,10.0,400300.0,494
2023-05-09 21:47:23,b2401,b2401,3993.0,0.0,0.0,0.0,1,3979.0,3995.0,1,4030.0,4025.0,4025.0,3993.0,10.0,400300.0,494
2023-05-09 21:47:44,b2401,b2401,3993.0,0.0,0.0,0.0,1,3979.0,3995.0,2,4030.0,4025.0,4025.0,3993.0,10.0,400300.0,494
2023-05-09 21:47:46,b2401,b2401,3993.0,0.0,0.0,0.0,1,3979.0,3994.0,2,4030.0,4025.0,4025.0,3993.0,10.0,400300.0,494
2023-05-09 21:47:48,b2401,b2401,3993.0,0.0,0.0,0.0,1,3979.0,3994.0,3,4030.0,4025.0,4025.0,3993.0,10.0,400300.0,494
2023-05-09 21:48:01,b2401,b2401,3993.0,0.0,0.0,0.0,1,3979.0,3994.0,2,4030.0,4025.0,4025.0,3993.0,10.0,400300.0,494
2023-05-09 21:48:04,b2401,b2401,3993.0,0.0,0.0,0.0,1,3979.0,3994.0,3,4030.0,4025.0,4025.0,3993.0,10.0,400300.0,494
2023-05-09 21:48:17,b2401,b2401,3993.0,0.0,0.0,0.0,1,3979.0,3994.0,2,4030.0,4025.0,4025.0,3993.0,10.0,400300.0,494
2023-05-09 21:49:21,b2401,b2401,3994.0,1.0,39940.0,-1.0,1,3979.0,3994.0,1,4030.0,4025.0,4025.0,3993.0,11.0,440240.0,493
2023-05-09 21:49:22,b2401,b2401,3994.0,0.0,0.0,0.0,1,3979.0,3995.0,1,4030.0,4025.0,4025.0,3993.0,11.0,440240.0,493
2023-05-09 21:49:42,b2401,b2401,3994.0,0.0,0.0,0.0,1,3979.0,3995.0,3,4030.0,4025.0,4025.0,3993.0,11.0,440240.0,493
2023-05-09 21:49:59,b2401,b2401,3994.0,0.0,0.0,0.0,1,3979.0,3994.0,1,4030.0,4025.0,4025.0,3993.0,11.0,440240.0,493
2023-05-09 21:50:01,b2401,b2401,3994.0,0.0,0.0,0.0,1,3979.0,3994.0,3,4030.0,4025.0,4025.0,3993.0,11.0,440240.0,493
2023-05-09 21:50:04,b2401,b2401,3994.0,0.0,0.0,0.0,1,3979.0,3994.0,1,4030.0,4025.0,4025.0,3993.0,11.0,440240.0,493
2023-05-09 21:50:09,b2401,b2401,3994.0,0.0,0.0,0.0,1,3979.0,3994.0,3,4030.0,4025.0,4025.0,3993.0,11.0,440240.0,493
2023-05-09 21:50:13,b2401,b2401,3994.0,0.0,0.0,0.0,1,3979.0,3995.0,1,4030.0,4025.0,4025.0,3993.0,11.0,440240.0,493
2023-05-09 21:50:20,b2401,b2401,3994.0,0.0,0.0,0.0,1,3979.0,3995.0,3,4030.0,4025.0,4025.0,3993.0,11.0,440240.0,493
2023-05-09 21:50:23,b2401,b2401,3994.0,0.0,0.0,0.0,1,3979.0,3995.0,1,4030.0,4025.0,4025.0,3993.0,11.0,440240.0,493
2023-05-09 21:50:23,b2401,b2401,3994.0,0.0,0.0,0.0,1,3979.0,3995.0,3,4030.0,4025.0,4025.0,3993.0,11.0,440240.0,493
2023-05-09 21:50:31,b2401,b2401,3994.0,0.0,0.0,0.0,1,3979.0,3995.0,1,4030.0,4025.0,4025.0,3993.0,11.0,440240.0,493
2023-05-09 21:50:33,b2401,b2401,3994.0,0.0,0.0,0.0,1,3979.0,3995.0,3,4030.0,4025.0,4025.0,3993.0,11.0,440240.0,493
2023-05-09 21:50:34,b2401,b2401,3994.0,0.0,0.0,0.0,1,3979.0,3995.0,1,4030.0,4025.0,4025.0,3993.0,11.0,440240.0,493
2023-05-09 21:50:43,b2401,b2401,3994.0,0.0,0.0,0.0,1,3980.0,3995.0,1,4030.0,4025.0,4025.0,3993.0,11.0,440240.0,493
2023-05-09 21:50:44,b2401,b2401,3994.0,0.0,0.0,0.0,1,3981.0,3995.0,1,4030.0,4025.0,4025.0,3993.0,11.0,440240.0,493
2023-05-09 21:51:26,b2401,b2401,3994.0,0.0,0.0,0.0,1,3982.0,3995.0,1,4030.0,4025.0,4025.0,3993.0,11.0,440240.0,493
2023-05-09 21:51:29,b2401,b2401,3994.0,0.0,0.0,0.0,1,3982.0,3995.0,2,4030.0,4025.0,4025.0,3993.0,11.0,440240.0,493
2023-05-09 21:51:30,b2401,b2401,3994.0,0.0,0.0,0.0,1,3982.0,3995.0,3,4030.0,4025.0,4025.0,3993.0,11.0,440240.0,493
2023-05-09 21:51:40,b2401,b2401,3994.0,0.0,0.0,0.0,1,3982.0,3995.0,1,4030.0,4025.0,4025.0,3993.0,11.0,440240.0,493
2023-05-09 21:51:42,b2401,b2401,3994.0,0.0,0.0,0.0,1,3982.0,3995.0,3,4030.0,4025.0,4025.0,3993.0,11.0,440240.0,493
2023-05-09 21:51:52,b2401,b2401,3994.0,0.0,0.0,0.0,4,3982.0,3995.0,1,4030.0,4025.0,4025.0,3993.0,11.0,440240.0,493
2023-05-09 21:52:03,b2401,b2401,3994.0,0.0,0.0,0.0,1,3982.0,3995.0,1,4030.0,4025.0,4025.0,3993.0,11.0,440240.0,493
2023-05-09 21:52:07,b2401,b2401,3994.0,0.0,0.0,0.0,1,3982.0,3995.0,3,4030.0,4025.0,4025.0,3993.0,11.0,440240.0,493
2023-05-09 21:52:09,b2401,b2401,3994.0,0.0,0.0,0.0,1,3982.0,3995.0,2,4030.0,4025.0,4025.0,3993.0,11.0,440240.0,493
2023-05-09 21:52:10,b2401,b2401,3994.0,0.0,0.0,0.0,1,3982.0,3995.0,1,4030.0,4025.0,4025.0,3993.0,11.0,440240.0,493
2023-05-09 21:52:20,b2401,b2401,3994.0,0.0,0.0,0.0,4,3982.0,3995.0,1,4030.0,4025.0,4025.0,3993.0,11.0,440240.0,493
2023-05-09 21:52:44,b2401,b2401,3994.0,0.0,0.0,0.0,1,3982.0,3995.0,1,4030.0,4025.0,4025.0,3993.0,11.0,440240.0,493
2023-05-09 21:52:48,b2401,b2401,3994.0,0.0,0.0,0.0,1,3982.0,3995.0,3,4030.0,4025.0,4025.0,3993.0,11.0,440240.0,493
2023-05-09 21:52:58,b2401,b2401,3994.0,0.0,0.0,0.0,1,3982.0,3995.0,1,4030.0,4025.0,4025.0,3993.0,11.0,440240.0,493
2023-05-09 21:52:59,b2401,b2401,3994.0,0.0,0.0,0.0,1,3982.0,3995.0,3,4030.0,4025.0,4025.0,3993.0,11.0,440240.0,493
2023-05-09 21:53:04,b2401,b2401,3994.0,0.0,0.0,0.0,1,3982.0,3995.0,1,4030.0,4025.0,4025.0,3993.0,11.0,440240.0,493
2023-05-09 21:53:05,b2401,b2401,3994.0,0.0,0.0,0.0,1,3982.0,3995.0,3,4030.0,4025.0,4025.0,3993.0,11.0,440240.0,493
2023-05-09 21:53:10,b2401,b2401,3994.0,0.0,0.0,0.0,1,3982.0,3995.0,1,4030.0,4025.0,4025.0,3993.0,11.0,440240.0,493
2023-05-09 21:53:52,b2401,b2401,3994.0,0.0,0.0,0.0,1,3983.0,3995.0,1,4030.0,4025.0,4025.0,3993.0,11.0,440240.0,493
2023-05-09 21:55:02,b2401,b2401,3994.0,0.0,0.0,0.0,1,3984.0,3995.0,1,4030.0,4025.0,4025.0,3993.0,11.0,440240.0,493
2023-05-09 21:55:14,b2401,b2401,3994.0,0.0,0.0,0.0,1,3984.0,3995.0,2,4030.0,4025.0,4025.0,3993.0,11.0,440240.0,493
2023-05-09 21:55:30,b2401,b2401,3994.0,0.0,0.0,0.0,1,3984.0,3995.0,1,4030.0,4025.0,4025.0,3993.0,11.0,440240.0,493
2023-05-09 21:55:30,b2401,b2401,3994.0,0.0,0.0,0.0,1,3984.0,3995.0,2,4030.0,4025.0,4025.0,3993.0,11.0,440240.0,493
2023-05-09 21:55:31,b2401,b2401,3994.0,0.0,0.0,0.0,1,3984.0,3995.0,1,4030.0,4025.0,4025.0,3993.0,11.0,440240.0,493
2023-05-09 21:55:38,b2401,b2401,3994.0,0.0,0.0,0.0,1,3984.0,3995.0,2,4030.0,4025.0,4025.0,3993.0,11.0,440240.0,493
2023-05-09 21:55:39,b2401,b2401,3994.0,0.0,0.0,0.0,1,3984.0,3995.0,1,4030.0,4025.0,4025.0,3993.0,11.0,440240.0,493
2023-05-09 21:55:44,b2401,b2401,3994.0,0.0,0.0,0.0,1,3984.0,3995.0,2,4030.0,4025.0,4025.0,3993.0,11.0,440240.0,493
2023-05-09 21:55:56,b2401,b2401,3994.0,0.0,0.0,0.0,1,3984.0,3994.0,1,4030.0,4025.0,4025.0,3993.0,11.0,440240.0,493
2023-05-09 21:55:57,b2401,b2401,3994.0,0.0,0.0,0.0,1,3980.0,3994.0,1,4030.0,4025.0,4025.0,3993.0,11.0,440240.0,493
2023-05-09 21:55:57,b2401,b2401,3994.0,0.0,0.0,0.0,1,3981.0,3994.0,1,4030.0,4025.0,4025.0,3993.0,11.0,440240.0,493
2023-05-09 21:56:25,b2401,b2401,3994.0,0.0,0.0,0.0,4,3981.0,3994.0,1,4030.0,4025.0,4025.0,3993.0,11.0,440240.0,493
2023-05-09 21:56:26,b2401,b2401,3994.0,0.0,0.0,0.0,2,3981.0,3994.0,1,4030.0,4025.0,4025.0,3993.0,11.0,440240.0,493
2023-05-09 21:56:27,b2401,b2401,3994.0,0.0,0.0,0.0,1,3981.0,3994.0,1,4030.0,4025.0,4025.0,3993.0,11.0,440240.0,493
2023-05-09 21:56:29,b2401,b2401,3994.0,0.0,0.0,0.0,1,3982.0,3994.0,1,4030.0,4025.0,4025.0,3993.0,11.0,440240.0,493
2023-05-09 21:57:56,b2401,b2401,3994.0,0.0,0.0,0.0,1,3982.0,3995.0,1,4030.0,4025.0,4025.0,3993.0,11.0,440240.0,493
2023-05-09 21:57:56,b2401,b2401,3994.0,0.0,0.0,0.0,1,3982.0,3995.0,2,4030.0,4025.0,4025.0,3993.0,11.0,440240.0,493
2023-05-09 21:58:01,b2401,b2401,3994.0,0.0,0.0,0.0,1,3982.0,3995.0,1,4030.0,4025.0,4025.0,3993.0,11.0,440240.0,493
2023-05-09 21:58:08,b2401,b2401,3994.0,0.0,0.0,0.0,1,3982.0,3995.0,2,4030.0,4025.0,4025.0,3993.0,11.0,440240.0,493
2023-05-09 21:58:09,b2401,b2401,3994.0,0.0,0.0,0.0,1,3982.0,3995.0,1,4030.0,4025.0,4025.0,3993.0,11.0,440240.0,493
2023-05-09 21:58:27,b2401,b2401,3994.0,0.0,0.0,0.0,1,3983.0,3995.0,1,4030.0,4025.0,4025.0,3993.0,11.0,440240.0,493
2023-05-09 21:59:22,b2401,b2401,3994.0,0.0,0.0,0.0,1,3984.0,3995.0,1,4030.0,4025.0,4025.0,3993.0,11.0,440240.0,493
2023-05-09 22:01:59,b2401,b2401,3994.0,0.0,0.0,0.0,1,3985.0,3995.0,1,4030.0,4025.0,4025.0,3993.0,11.0,440240.0,493
2023-05-09 22:02:17,b2401,b2401,3994.0,0.0,0.0,0.0,1,3985.0,3995.0,2,4030.0,4025.0,4025.0,3993.0,11.0,440240.0,493
2023-05-09 22:02:18,b2401,b2401,3994.0,0.0,0.0,0.0,1,3985.0,3995.0,1,4030.0,4025.0,4025.0,3993.0,11.0,440240.0,493
2023-05-09 22:02:18,b2401,b2401,3994.0,0.0,0.0,0.0,1,3985.0,3995.0,2,4030.0,4025.0,4025.0,3993.0,11.0,440240.0,493
2023-05-09 22:02:20,b2401,b2401,3994.0,0.0,0.0,0.0,1,3985.0,3994.0,1,4030.0,4025.0,4025.0,3993.0,11.0,440240.0,493
2023-05-09 22:02:21,b2401,b2401,3994.0,0.0,0.0,0.0,1,3985.0,3995.0,1,4030.0,4025.0,4025.0,3993.0,11.0,440240.0,493
2023-05-09 22:02:22,b2401,b2401,3994.0,0.0,0.0,0.0,1,3985.0,3995.0,2,4030.0,4025.0,4025.0,3993.0,11.0,440240.0,493
2023-05-09 22:02:27,b2401,b2401,3994.0,0.0,0.0,0.0,1,3985.0,3994.0,1,4030.0,4025.0,4025.0,3993.0,11.0,440240.0,493
2023-05-09 22:02:27,b2401,b2401,3994.0,0.0,0.0,0.0,1,3985.0,3995.0,1,4030.0,4025.0,4025.0,3993.0,11.0,440240.0,493
2023-05-09 22:02:28,b2401,b2401,3994.0,0.0,0.0,0.0,1,3985.0,3995.0,2,4030.0,4025.0,4025.0,3993.0,11.0,440240.0,493
2023-05-09 22:02:32,b2401,b2401,3994.0,0.0,0.0,0.0,1,3985.0,3995.0,1,4030.0,4025.0,4025.0,3993.0,11.0,440240.0,493
2023-05-09 22:02:41,b2401,b2401,3994.0,0.0,0.0,0.0,1,3985.0,3995.0,2,4030.0,4025.0,4025.0,3993.0,11.0,440240.0,493
2023-05-09 22:02:43,b2401,b2401,3994.0,0.0,0.0,0.0,1,3985.0,3995.0,1,4030.0,4025.0,4025.0,3993.0,11.0,440240.0,493
2023-05-09 22:02:43,b2401,b2401,3994.0,0.0,0.0,0.0,1,3985.0,3995.0,2,4030.0,4025.0,4025.0,3993.0,11.0,440240.0,493
2023-05-09 22:02:47,b2401,b2401,3994.0,0.0,0.0,0.0,1,3985.0,3995.0,1,4030.0,4025.0,4025.0,3993.0,11.0,440240.0,493
2023-05-09 22:02:56,b2401,b2401,3994.0,0.0,0.0,0.0,1,3985.0,3995.0,2,4030.0,4025.0,4025.0,3993.0,11.0,440240.0,493
2023-05-09 22:02:58,b2401,b2401,3994.0,0.0,0.0,0.0,1,3985.0,3995.0,1,4030.0,4025.0,4025.0,3993.0,11.0,440240.0,493
2023-05-09 22:03:00,b2401,b2401,3994.0,0.0,0.0,0.0,1,3986.0,3995.0,1,4030.0,4025.0,4025.0,3993.0,11.0,440240.0,493
2023-05-09 22:03:00,b2401,b2401,3994.0,0.0,0.0,0.0,1,3986.0,3995.0,2,4030.0,4025.0,4025.0,3993.0,11.0,440240.0,493
2023-05-09 22:03:01,b2401,b2401,3994.0,0.0,0.0,0.0,1,3978.0,3995.0,2,4030.0,4025.0,4025.0,3993.0,11.0,440240.0,493
2023-05-09 22:03:01,b2401,b2401,3994.0,0.0,0.0,0.0,2,3979.0,3995.0,1,4030.0,4025.0,4025.0,3993.0,11.0,440240.0,493
2023-05-09 22:03:02,b2401,b2401,3994.0,0.0,0.0,0.0,3,3979.0,3995.0,2,4030.0,4025.0,4025.0,3993.0,11.0,440240.0,493
2023-05-09 22:03:07,b2401,b2401,3994.0,0.0,0.0,0.0,3,3979.0,3994.0,1,4030.0,4025.0,4025.0,3993.0,11.0,440240.0,493
2023-05-09 22:03:42,b2401,b2401,3994.0,0.0,0.0,0.0,1,3980.0,3994.0,1,4030.0,4025.0,4025.0,3993.0,11.0,440240.0,493
2023-05-09 22:03:42,b2401,b2401,3994.0,0.0,0.0,0.0,1,3981.0,3994.0,1,4030.0,4025.0,4025.0,3993.0,11.0,440240.0,493
2023-05-09 22:04:10,b2401,b2401,3994.0,0.0,0.0,0.0,1,3981.0,3995.0,1,4030.0,4025.0,4025.0,3993.0,11.0,440240.0,493
2023-05-09 22:04:10,b2401,b2401,3994.0,0.0,0.0,0.0,1,3981.0,3994.0,1,4030.0,4025.0,4025.0,3993.0,11.0,440240.0,493
2023-05-09 22:04:12,b2401,b2401,3994.0,0.0,0.0,0.0,1,3981.0,3995.0,1,4030.0,4025.0,4025.0,3993.0,11.0,440240.0,493
2023-05-09 22:04:12,b2401,b2401,3994.0,0.0,0.0,0.0,1,3981.0,3995.0,2,4030.0,4025.0,4025.0,3993.0,11.0,440240.0,493
2023-05-09 22:04:12,b2401,b2401,3994.0,0.0,0.0,0.0,1,3981.0,3994.0,1,4030.0,4025.0,4025.0,3993.0,11.0,440240.0,493
2023-05-09 22:04:25,b2401,b2401,3994.0,0.0,0.0,0.0,1,3982.0,3994.0,1,4030.0,4025.0,4025.0,3993.0,11.0,440240.0,493
2023-05-09 22:04:25,b2401,b2401,3994.0,0.0,0.0,0.0,1,3983.0,3994.0,1,4030.0,4025.0,4025.0,3993.0,11.0,440240.0,493
2023-05-09 22:04:29,b2401,b2401,3994.0,0.0,0.0,0.0,1,3983.0,3995.0,1,4030.0,4025.0,4025.0,3993.0,11.0,440240.0,493
2023-05-09 22:04:29,b2401,b2401,3994.0,0.0,0.0,0.0,1,3983.0,3995.0,2,4030.0,4025.0,4025.0,3993.0,11.0,440240.0,493
2023-05-09 22:04:36,b2401,b2401,3994.0,0.0,0.0,0.0,1,3983.0,3995.0,1,4030.0,4025.0,4025.0,3993.0,11.0,440240.0,493
2023-05-09 22:04:40,b2401,b2401,3994.0,0.0,0.0,0.0,1,3983.0,3995.0,2,4030.0,4025.0,4025.0,3993.0,11.0,440240.0,493
2023-05-09 22:04:43,b2401,b2401,3994.0,0.0,0.0,0.0,1,3983.0,3994.0,1,4030.0,4025.0,4025.0,3993.0,11.0,440240.0,493
2023-05-09 22:05:07,b2401,b2401,3994.0,0.0,0.0,0.0,1,3984.0,3994.0,1,4030.0,4025.0,4025.0,3993.0,11.0,440240.0,493
2023-05-09 22:05:08,b2401,b2401,3994.0,0.0,0.0,0.0,2,3984.0,3994.0,1,4030.0,4025.0,4025.0,3993.0,11.0,440240.0,493
2023-05-09 22:05:10,b2401,b2401,3994.0,0.0,0.0,0.0,1,3984.0,3994.0,1,4030.0,4025.0,4025.0,3993.0,11.0,440240.0,493
2023-05-09 22:05:13,b2401,b2401,3994.0,0.0,0.0,0.0,1,3984.0,3995.0,1,4030.0,4025.0,4025.0,3993.0,11.0,440240.0,493
2023-05-09 22:05:13,b2401,b2401,3994.0,0.0,0.0,0.0,1,3984.0,3995.0,2,4030.0,4025.0,4025.0,3993.0,11.0,440240.0,493
2023-05-09 22:05:16,b2401,b2401,3994.0,0.0,0.0,0.0,1,3985.0,3995.0,2,4030.0,4025.0,4025.0,3993.0,11.0,440240.0,493
2023-05-09 22:05:19,b2401,b2401,3994.0,0.0,0.0,0.0,1,3985.0,3995.0,1,4030.0,4025.0,4025.0,3993.0,11.0,440240.0,493
2023-05-09 22:05:42,b2401,b2401,3994.0,0.0,0.0,0.0,1,3985.0,3995.0,2,4030.0,4025.0,4025.0,3993.0,11.0,440240.0,493
2023-05-09 22:05:52,b2401,b2401,3994.0,0.0,0.0,0.0,1,3986.0,3995.0,2,4030.0,4025.0,4025.0,3993.0,11.0,440240.0,493
2023-05-09 22:05:54,b2401,b2401,3994.0,0.0,0.0,0.0,1,3984.0,3995.0,2,4030.0,4025.0,4025.0,3993.0,11.0,440240.0,493
2023-05-09 22:05:54,b2401,b2401,3994.0,0.0,0.0,0.0,1,3985.0,3995.0,2,4030.0,4025.0,4025.0,3993.0,11.0,440240.0,493
2023-05-09 22:05:56,b2401,b2401,3994.0,1.0,39940.0,-1.0,1,3985.0,3995.0,1,4030.0,4025.0,4025.0,3993.0,12.0,480180.0,492
2023-05-09 22:06:07,b2401,b2401,3994.0,0.0,0.0,0.0,2,3985.0,3995.0,1,4030.0,4025.0,4025.0,3993.0,12.0,480180.0,492
2023-05-09 22:06:17,b2401,b2401,3994.0,0.0,0.0,0.0,1,3986.0,3995.0,1,4030.0,4025.0,4025.0,3993.0,12.0,480180.0,492
2023-05-09 22:06:37,b2401,b2401,3994.0,0.0,0.0,0.0,1,3987.0,3995.0,1,4030.0,4025.0,4025.0,3993.0,12.0,480180.0,492
2023-05-09 22:06:39,b2401,b2401,3994.0,0.0,0.0,0.0,1,3984.0,3995.0,1,4030.0,4025.0,4025.0,3993.0,12.0,480180.0,492
2023-05-09 22:06:39,b2401,b2401,3994.0,0.0,0.0,0.0,2,3985.0,3995.0,1,4030.0,4025.0,4025.0,3993.0,12.0,480180.0,492
2023-05-09 22:07:21,b2401,b2401,3994.0,0.0,0.0,0.0,1,3986.0,3995.0,1,4030.0,4025.0,4025.0,3993.0,12.0,480180.0,492
2023-05-09 22:07:23,b2401,b2401,3994.0,0.0,0.0,0.0,1,3984.0,3995.0,1,4030.0,4025.0,4025.0,3993.0,12.0,480180.0,492
2023-05-09 22:07:23,b2401,b2401,3994.0,0.0,0.0,0.0,2,3985.0,3995.0,1,4030.0,4025.0,4025.0,3993.0,12.0,480180.0,492
2023-05-09 22:07:35,b2401,b2401,3994.0,1.0,39940.0,-1.0,2,3985.0,3997.0,1,4030.0,4025.0,4025.0,3993.0,13.0,520120.0,491
2023-05-09 22:08:03,b2401,b2401,3994.0,0.0,0.0,0.0,2,3985.0,3997.0,2,4030.0,4025.0,4025.0,3993.0,13.0,520120.0,491
2023-05-09 22:08:08,b2401,b2401,3994.0,0.0,0.0,0.0,1,3985.0,3997.0,2,4030.0,4025.0,4025.0,3993.0,13.0,520120.0,491
2023-05-09 22:08:22,b2401,b2401,3994.0,0.0,0.0,0.0,2,3985.0,3997.0,2,4030.0,4025.0,4025.0,3993.0,13.0,520120.0,491
2023-05-09 22:08:28,b2401,b2401,3994.0,0.0,0.0,0.0,1,3985.0,3997.0,2,4030.0,4025.0,4025.0,3993.0,13.0,520120.0,491
2023-05-09 22:08:34,b2401,b2401,3994.0,0.0,0.0,0.0,2,3985.0,3997.0,2,4030.0,4025.0,4025.0,3993.0,13.0,520120.0,491
2023-05-09 22:08:46,b2401,b2401,3994.0,0.0,0.0,0.0,1,3986.0,3997.0,2,4030.0,4025.0,4025.0,3993.0,13.0,520120.0,491
2023-05-09 22:08:47,b2401,b2401,3994.0,0.0,0.0,0.0,1,3984.0,3997.0,2,4030.0,4025.0,4025.0,3993.0,13.0,520120.0,491
2023-05-09 22:08:48,b2401,b2401,3994.0,0.0,0.0,0.0,1,3985.0,3997.0,2,4030.0,4025.0,4025.0,3993.0,13.0,520120.0,491
2023-05-09 22:09:16,b2401,b2401,3994.0,0.0,0.0,0.0,1,3985.0,3997.0,3,4030.0,4025.0,4025.0,3993.0,13.0,520120.0,491
2023-05-09 22:09:54,b2401,b2401,3994.0,0.0,0.0,0.0,1,3985.0,3997.0,2,4030.0,4025.0,4025.0,3993.0,13.0,520120.0,491
2023-05-09 22:10:06,b2401,b2401,3994.0,0.0,0.0,0.0,1,3985.0,3997.0,3,4030.0,4025.0,4025.0,3993.0,13.0,520120.0,491
2023-05-09 22:10:07,b2401,b2401,3994.0,0.0,0.0,0.0,2,3985.0,3997.0,3,4030.0,4025.0,4025.0,3993.0,13.0,520120.0,491
2023-05-09 22:10:10,b2401,b2401,3994.0,0.0,0.0,0.0,2,3985.0,3997.0,2,4030.0,4025.0,4025.0,3993.0,13.0,520120.0,491
2023-05-09 22:10:17,b2401,b2401,3994.0,0.0,0.0,0.0,2,3985.0,3997.0,3,4030.0,4025.0,4025.0,3993.0,13.0,520120.0,491
2023-05-09 22:10:17,b2401,b2401,3994.0,0.0,0.0,0.0,2,3985.0,3997.0,2,4030.0,4025.0,4025.0,3993.0,13.0,520120.0,491
2023-05-09 22:10:20,b2401,b2401,3994.0,0.0,0.0,0.0,2,3985.0,3997.0,3,4030.0,4025.0,4025.0,3993.0,13.0,520120.0,491
2023-05-09 22:10:23,b2401,b2401,3994.0,0.0,0.0,0.0,2,3985.0,3997.0,2,4030.0,4025.0,4025.0,3993.0,13.0,520120.0,491
2023-05-09 22:10:48,b2401,b2401,3994.0,0.0,0.0,0.0,2,3985.0,3996.0,1,4030.0,4025.0,4025.0,3993.0,13.0,520120.0,491
2023-05-09 22:10:53,b2401,b2401,3994.0,0.0,0.0,0.0,2,3985.0,3996.0,2,4030.0,4025.0,4025.0,3993.0,13.0,520120.0,491
2023-05-09 22:11:00,b2401,b2401,3994.0,0.0,0.0,0.0,2,3985.0,3996.0,1,4030.0,4025.0,4025.0,3993.0,13.0,520120.0,491
2023-05-09 22:11:00,b2401,b2401,3994.0,0.0,0.0,0.0,2,3985.0,3996.0,2,4030.0,4025.0,4025.0,3993.0,13.0,520120.0,491
2023-05-09 22:11:01,b2401,b2401,3994.0,0.0,0.0,0.0,2,3985.0,3996.0,1,4030.0,4025.0,4025.0,3993.0,13.0,520120.0,491
2023-05-09 22:11:03,b2401,b2401,3994.0,0.0,0.0,0.0,2,3985.0,3996.0,2,4030.0,4025.0,4025.0,3993.0,13.0,520120.0,491
2023-05-09 22:11:25,b2401,b2401,3994.0,0.0,0.0,0.0,2,3985.0,3996.0,1,4030.0,4025.0,4025.0,3993.0,13.0,520120.0,491
2023-05-09 22:11:25,b2401,b2401,3994.0,0.0,0.0,0.0,2,3985.0,3996.0,2,4030.0,4025.0,4025.0,3993.0,13.0,520120.0,491
2023-05-09 22:11:26,b2401,b2401,3994.0,0.0,0.0,0.0,1,3985.0,3996.0,1,4030.0,4025.0,4025.0,3993.0,13.0,520120.0,491
2023-05-09 22:11:34,b2401,b2401,3994.0,0.0,0.0,0.0,1,3986.0,3996.0,1,4030.0,4025.0,4025.0,3993.0,13.0,520120.0,491
2023-05-09 22:11:35,b2401,b2401,3994.0,0.0,0.0,0.0,1,3987.0,3996.0,1,4030.0,4025.0,4025.0,3993.0,13.0,520120.0,491
2023-05-09 22:12:14,b2401,b2401,3994.0,0.0,0.0,0.0,1,3984.0,3996.0,1,4030.0,4025.0,4025.0,3993.0,13.0,520120.0,491
2023-05-09 22:12:14,b2401,b2401,3994.0,0.0,0.0,0.0,1,3985.0,3996.0,1,4030.0,4025.0,4025.0,3993.0,13.0,520120.0,491
2023-05-09 22:12:18,b2401,b2401,3994.0,0.0,0.0,0.0,1,3985.0,3996.0,2,4030.0,4025.0,4025.0,3993.0,13.0,520120.0,491
2023-05-09 22:12:24,b2401,b2401,3994.0,0.0,0.0,0.0,2,3985.0,3996.0,2,4030.0,4025.0,4025.0,3993.0,13.0,520120.0,491
2023-05-09 22:12:33,b2401,b2401,3994.0,0.0,0.0,0.0,1,3985.0,3996.0,2,4030.0,4025.0,4025.0,3993.0,13.0,520120.0,491
2023-05-09 22:12:35,b2401,b2401,3994.0,0.0,0.0,0.0,1,3985.0,3996.0,1,4030.0,4025.0,4025.0,3993.0,13.0,520120.0,491
2023-05-09 22:12:59,b2401,b2401,3994.0,0.0,0.0,0.0,1,3985.0,3996.0,2,4030.0,4025.0,4025.0,3993.0,13.0,520120.0,491
2023-05-09 22:13:04,b2401,b2401,3994.0,0.0,0.0,0.0,1,3985.0,3996.0,1,4030.0,4025.0,4025.0,3993.0,13.0,520120.0,491
2023-05-09 22:13:42,b2401,b2401,3994.0,0.0,0.0,0.0,1,3986.0,3996.0,1,4030.0,4025.0,4025.0,3993.0,13.0,520120.0,491
2023-05-09 22:13:44,b2401,b2401,3994.0,0.0,0.0,0.0,1,3984.0,3996.0,1,4030.0,4025.0,4025.0,3993.0,13.0,520120.0,491
2023-05-09 22:13:44,b2401,b2401,3994.0,0.0,0.0,0.0,1,3985.0,3996.0,1,4030.0,4025.0,4025.0,3993.0,13.0,520120.0,491
2023-05-09 22:14:25,b2401,b2401,3994.0,0.0,0.0,0.0,1,3986.0,3996.0,1,4030.0,4025.0,4025.0,3993.0,13.0,520120.0,491
2023-05-09 22:14:26,b2401,b2401,3994.0,0.0,0.0,0.0,2,3986.0,3996.0,1,4030.0,4025.0,4025.0,3993.0,13.0,520120.0,491
2023-05-09 22:14:27,b2401,b2401,3994.0,0.0,0.0,0.0,1,3986.0,3996.0,1,4030.0,4025.0,4025.0,3993.0,13.0,520120.0,491
2023-05-09 22:14:51,b2401,b2401,3994.0,0.0,0.0,0.0,1,3984.0,3996.0,1,4030.0,4025.0,4025.0,3993.0,13.0,520120.0,491
2023-05-09 22:14:52,b2401,b2401,3994.0,0.0,0.0,0.0,1,3985.0,3996.0,1,4030.0,4025.0,4025.0,3993.0,13.0,520120.0,491
2023-05-09 22:15:01,b2401,b2401,3994.0,0.0,0.0,0.0,1,3984.0,3996.0,1,4030.0,4025.0,4025.0,3993.0,13.0,520120.0,491
2023-05-09 22:15:01,b2401,b2401,3994.0,0.0,0.0,0.0,2,3984.0,3996.0,1,4030.0,4025.0,4025.0,3993.0,13.0,520120.0,491
2023-05-09 22:15:03,b2401,b2401,3994.0,0.0,0.0,0.0,1,3984.0,3996.0,1,4030.0,4025.0,4025.0,3993.0,13.0,520120.0,491
2023-05-09 22:15:03,b2401,b2401,3994.0,0.0,0.0,0.0,2,3984.0,3996.0,1,4030.0,4025.0,4025.0,3993.0,13.0,520120.0,491
2023-05-09 22:15:08,b2401,b2401,3994.0,0.0,0.0,0.0,2,3984.0,3995.0,1,4030.0,4025.0,4025.0,3993.0,13.0,520120.0,491
2023-05-09 22:15:15,b2401,b2401,3994.0,0.0,0.0,0.0,1,3985.0,3995.0,1,4030.0,4025.0,4025.0,3993.0,13.0,520120.0,491
2023-05-09 22:15:15,b2401,b2401,3994.0,0.0,0.0,0.0,1,3985.0,3996.0,1,4030.0,4025.0,4025.0,3993.0,13.0,520120.0,491
2023-05-09 22:15:15,b2401,b2401,3994.0,0.0,0.0,0.0,1,3984.0,3996.0,1,4030.0,4025.0,4025.0,3993.0,13.0,520120.0,491
2023-05-09 22:15:16,b2401,b2401,3994.0,0.0,0.0,0.0,2,3984.0,3996.0,1,4030.0,4025.0,4025.0,3993.0,13.0,520120.0,491
2023-05-09 22:15:17,b2401,b2401,3994.0,0.0,0.0,0.0,1,3985.0,3996.0,1,4030.0,4025.0,4025.0,3993.0,13.0,520120.0,491
2023-05-09 22:15:20,b2401,b2401,3994.0,0.0,0.0,0.0,1,3984.0,3996.0,1,4030.0,4025.0,4025.0,3993.0,13.0,520120.0,491
2023-05-09 22:15:20,b2401,b2401,3994.0,0.0,0.0,0.0,2,3984.0,3996.0,1,4030.0,4025.0,4025.0,3993.0,13.0,520120.0,491
2023-05-09 22:15:21,b2401,b2401,3994.0,0.0,0.0,0.0,1,3984.0,3996.0,1,4030.0,4025.0,4025.0,3993.0,13.0,520120.0,491
2023-05-09 22:15:21,b2401,b2401,3994.0,0.0,0.0,0.0,2,3984.0,3996.0,1,4030.0,4025.0,4025.0,3993.0,13.0,520120.0,491
2023-05-09 22:15:22,b2401,b2401,3994.0,0.0,0.0,0.0,1,3984.0,3996.0,1,4030.0,4025.0,4025.0,3993.0,13.0,520120.0,491
2023-05-09 22:15:25,b2401,b2401,3994.0,0.0,0.0,0.0,2,3984.0,3996.0,1,4030.0,4025.0,4025.0,3993.0,13.0,520120.0,491
2023-05-09 22:15:27,b2401,b2401,3994.0,0.0,0.0,0.0,1,3984.0,3996.0,1,4030.0,4025.0,4025.0,3993.0,13.0,520120.0,491
2023-05-09 22:15:36,b2401,b2401,3994.0,0.0,0.0,0.0,2,3984.0,3996.0,1,4030.0,4025.0,4025.0,3993.0,13.0,520120.0,491
2023-05-09 22:15:37,b2401,b2401,3994.0,0.0,0.0,0.0,1,3984.0,3996.0,1,4030.0,4025.0,4025.0,3993.0,13.0,520120.0,491
2023-05-09 22:15:50,b2401,b2401,3994.0,0.0,0.0,0.0,1,3984.0,3995.0,1,4030.0,4025.0,4025.0,3993.0,13.0,520120.0,491
2023-05-09 22:16:01,b2401,b2401,3994.0,0.0,0.0,0.0,1,3984.0,3996.0,1,4030.0,4025.0,4025.0,3993.0,13.0,520120.0,491
2023-05-09 22:16:02,b2401,b2401,3994.0,0.0,0.0,0.0,2,3984.0,3996.0,1,4030.0,4025.0,4025.0,3993.0,13.0,520120.0,491
2023-05-09 22:16:09,b2401,b2401,3994.0,0.0,0.0,0.0,1,3985.0,3996.0,1,4030.0,4025.0,4025.0,3993.0,13.0,520120.0,491
2023-05-09 22:16:33,b2401,b2401,3994.0,0.0,0.0,0.0,2,3986.0,3996.0,1,4030.0,4025.0,4025.0,3993.0,13.0,520120.0,491
2023-05-09 22:16:34,b2401,b2401,3994.0,0.0,0.0,0.0,1,3987.0,3996.0,1,4030.0,4025.0,4025.0,3993.0,13.0,520120.0,491
2023-05-09 22:17:16,b2401,b2401,3994.0,0.0,0.0,0.0,1,3988.0,3996.0,1,4030.0,4025.0,4025.0,3993.0,13.0,520120.0,491
2023-05-09 22:17:18,b2401,b2401,3994.0,0.0,0.0,0.0,1,3984.0,3996.0,1,4030.0,4025.0,4025.0,3993.0,13.0,520120.0,491
2023-05-09 22:17:18,b2401,b2401,3994.0,0.0,0.0,0.0,1,3985.0,3996.0,1,4030.0,4025.0,4025.0,3993.0,13.0,520120.0,491
2023-05-09 22:17:29,b2401,b2401,3994.0,0.0,0.0,0.0,1,3984.0,3996.0,1,4030.0,4025.0,4025.0,3993.0,13.0,520120.0,491
2023-05-09 22:17:29,b2401,b2401,3994.0,0.0,0.0,0.0,2,3984.0,3996.0,1,4030.0,4025.0,4025.0,3993.0,13.0,520120.0,491
2023-05-09 22:17:32,b2401,b2401,3994.0,0.0,0.0,0.0,1,3985.0,3996.0,1,4030.0,4025.0,4025.0,3993.0,13.0,520120.0,491
2023-05-09 22:17:59,b2401,b2401,3994.0,0.0,0.0,0.0,2,3986.0,3996.0,1,4030.0,4025.0,4025.0,3993.0,13.0,520120.0,491
2023-05-09 22:17:59,b2401,b2401,3994.0,0.0,0.0,0.0,3,3986.0,3996.0,1,4030.0,4025.0,4025.0,3993.0,13.0,520120.0,491
2023-05-09 22:18:01,b2401,b2401,3994.0,0.0,0.0,0.0,2,3986.0,3996.0,1,4030.0,4025.0,4025.0,3993.0,13.0,520120.0,491
2023-05-09 22:18:02,b2401,b2401,3994.0,0.0,0.0,0.0,1,3984.0,3996.0,1,4030.0,4025.0,4025.0,3993.0,13.0,520120.0,491
2023-05-09 22:18:02,b2401,b2401,3994.0,0.0,0.0,0.0,1,3985.0,3996.0,1,4030.0,4025.0,4025.0,3993.0,13.0,520120.0,491
2023-05-09 22:18:06,b2401,b2401,3994.0,0.0,0.0,0.0,1,3984.0,3996.0,1,4030.0,4025.0,4025.0,3993.0,13.0,520120.0,491
2023-05-09 22:18:06,b2401,b2401,3994.0,0.0,0.0,0.0,2,3984.0,3996.0,1,4030.0,4025.0,4025.0,3993.0,13.0,520120.0,491
2023-05-09 22:18:09,b2401,b2401,3994.0,0.0,0.0,0.0,1,3985.0,3996.0,1,4030.0,4025.0,4025.0,3993.0,13.0,520120.0,491
2023-05-09 22:18:10,b2401,b2401,3994.0,0.0,0.0,0.0,1,3984.0,3996.0,1,4030.0,4025.0,4025.0,3993.0,13.0,520120.0,491
2023-05-09 22:18:10,b2401,b2401,3994.0,0.0,0.0,0.0,2,3984.0,3996.0,1,4030.0,4025.0,4025.0,3993.0,13.0,520120.0,491
2023-05-09 22:18:12,b2401,b2401,3994.0,0.0,0.0,0.0,2,3985.0,3996.0,1,4030.0,4025.0,4025.0,3993.0,13.0,520120.0,491
2023-05-09 22:18:20,b2401,b2401,3994.0,0.0,0.0,0.0,1,3985.0,3996.0,1,4030.0,4025.0,4025.0,3993.0,13.0,520120.0,491
2023-05-09 22:18:24,b2401,b2401,3994.0,0.0,0.0,0.0,1,3984.0,3996.0,1,4030.0,4025.0,4025.0,3993.0,13.0,520120.0,491
2023-05-09 22:18:24,b2401,b2401,3994.0,0.0,0.0,0.0,2,3984.0,3996.0,1,4030.0,4025.0,4025.0,3993.0,13.0,520120.0,491
2023-05-09 22:18:41,b2401,b2401,3994.0,0.0,0.0,0.0,2,3984.0,3995.0,1,4030.0,4025.0,4025.0,3993.0,13.0,520120.0,491
2023-05-09 22:18:50,b2401,b2401,3994.0,0.0,0.0,0.0,1,3984.0,3995.0,1,4030.0,4025.0,4025.0,3993.0,13.0,520120.0,491
2023-05-09 22:19:06,b2401,b2401,3994.0,0.0,0.0,0.0,2,3984.0,3995.0,1,4030.0,4025.0,4025.0,3993.0,13.0,520120.0,491
2023-05-09 22:19:12,b2401,b2401,3994.0,0.0,0.0,0.0,1,3985.0,3995.0,1,4030.0,4025.0,4025.0,3993.0,13.0,520120.0,491
2023-05-09 22:19:12,b2401,b2401,3994.0,0.0,0.0,0.0,1,3984.0,3995.0,1,4030.0,4025.0,4025.0,3993.0,13.0,520120.0,491
2023-05-09 22:19:13,b2401,b2401,3994.0,0.0,0.0,0.0,2,3984.0,3995.0,1,4030.0,4025.0,4025.0,3993.0,13.0,520120.0,491
2023-05-09 22:19:26,b2401,b2401,3994.0,0.0,0.0,0.0,1,3985.0,3995.0,1,4030.0,4025.0,4025.0,3993.0,13.0,520120.0,491
2023-05-09 22:19:27,b2401,b2401,3994.0,0.0,0.0,0.0,1,3984.0,3996.0,1,4030.0,4025.0,4025.0,3993.0,13.0,520120.0,491
2023-05-09 22:20:07,b2401,b2401,3994.0,0.0,0.0,0.0,1,3984.0,3995.0,1,4030.0,4025.0,4025.0,3993.0,13.0,520120.0,491
2023-05-09 22:20:32,b2401,b2401,3994.0,0.0,0.0,0.0,1,3985.0,3995.0,1,4030.0,4025.0,4025.0,3993.0,13.0,520120.0,491
2023-05-09 22:20:33,b2401,b2401,3994.0,0.0,0.0,0.0,1,3985.0,3996.0,1,4030.0,4025.0,4025.0,3993.0,13.0,520120.0,491
2023-05-09 22:20:50,b2401,b2401,3994.0,0.0,0.0,0.0,1,3985.0,3995.0,1,4030.0,4025.0,4025.0,3993.0,13.0,520120.0,491
2023-05-09 22:20:51,b2401,b2401,3994.0,0.0,0.0,0.0,1,3985.0,3996.0,1,4030.0,4025.0,4025.0,3993.0,13.0,520120.0,491
2023-05-09 22:21:07,b2401,b2401,3994.0,0.0,0.0,0.0,4,3985.0,3996.0,1,4030.0,4025.0,4025.0,3993.0,13.0,520120.0,491
2023-05-09 22:21:21,b2401,b2401,3994.0,0.0,0.0,0.0,1,3984.0,3996.0,1,4030.0,4025.0,4025.0,3993.0,13.0,520120.0,491
2023-05-09 22:21:21,b2401,b2401,3994.0,0.0,0.0,0.0,2,3984.0,3996.0,1,4030.0,4025.0,4025.0,3993.0,13.0,520120.0,491
2023-05-09 22:21:24,b2401,b2401,3994.0,0.0,0.0,0.0,4,3985.0,3996.0,1,4030.0,4025.0,4025.0,3993.0,13.0,520120.0,491
2023-05-09 22:21:26,b2401,b2401,3994.0,0.0,0.0,0.0,1,3984.0,3996.0,1,4030.0,4025.0,4025.0,3993.0,13.0,520120.0,491
2023-05-09 22:21:27,b2401,b2401,3994.0,0.0,0.0,0.0,2,3984.0,3996.0,1,4030.0,4025.0,4025.0,3993.0,13.0,520120.0,491
2023-05-09 22:21:33,b2401,b2401,3994.0,0.0,0.0,0.0,2,3984.0,3995.0,1,4030.0,4025.0,4025.0,3993.0,13.0,520120.0,491
2023-05-09 22:21:43,b2401,b2401,3994.0,0.0,0.0,0.0,1,3984.0,3995.0,1,4030.0,4025.0,4025.0,3993.0,13.0,520120.0,491
2023-05-09 22:22:02,b2401,b2401,3994.0,0.0,0.0,0.0,4,3984.0,3995.0,1,4030.0,4025.0,4025.0,3993.0,13.0,520120.0,491
2023-05-09 22:22:02,b2401,b2401,3994.0,0.0,0.0,0.0,1,3984.0,3995.0,1,4030.0,4025.0,4025.0,3993.0,13.0,520120.0,491
2023-05-09 22:23:55,b2401,b2401,3994.0,0.0,0.0,0.0,1,3984.0,3995.0,2,4030.0,4025.0,4025.0,3993.0,13.0,520120.0,491
2023-05-09 22:25:51,b2401,b2401,3994.0,0.0,0.0,0.0,1,3984.0,3995.0,1,4030.0,4025.0,4025.0,3993.0,13.0,520120.0,491
2023-05-09 22:25:51,b2401,b2401,3994.0,0.0,0.0,0.0,2,3984.0,3995.0,1,4030.0,4025.0,4025.0,3993.0,13.0,520120.0,491
2023-05-09 22:25:52,b2401,b2401,3994.0,0.0,0.0,0.0,1,3984.0,3995.0,1,4030.0,4025.0,4025.0,3993.0,13.0,520120.0,491
2023-05-09 22:26:32,b2401,b2401,3994.0,0.0,0.0,0.0,1,3984.0,4007.0,1,4030.0,4025.0,4025.0,3993.0,13.0,520120.0,491
2023-05-09 22:26:32,b2401,b2401,3994.0,0.0,0.0,0.0,1,3984.0,4006.0,8,4030.0,4025.0,4025.0,3993.0,13.0,520120.0,491
2023-05-09 22:26:36,b2401,b2401,3994.0,0.0,0.0,0.0,1,3984.0,4005.0,1,4030.0,4025.0,4025.0,3993.0,13.0,520120.0,491
2023-05-09 22:26:36,b2401,b2401,3994.0,0.0,0.0,0.0,1,3984.0,4004.0,2,4030.0,4025.0,4025.0,3993.0,13.0,520120.0,491
2023-05-09 22:26:36,b2401,b2401,3994.0,0.0,0.0,0.0,1,3984.0,4002.0,3,4030.0,4025.0,4025.0,3993.0,13.0,520120.0,491
2023-05-09 22:26:37,b2401,b2401,3994.0,0.0,0.0,0.0,1,3984.0,4001.0,1,4030.0,4025.0,4025.0,3993.0,13.0,520120.0,491
2023-05-09 22:27:03,b2401,b2401,3994.0,0.0,0.0,0.0,2,3984.0,4001.0,1,4030.0,4025.0,4025.0,3993.0,13.0,520120.0,491
2023-05-09 22:27:04,b2401,b2401,3994.0,0.0,0.0,0.0,1,3984.0,4001.0,1,4030.0,4025.0,4025.0,3993.0,13.0,520120.0,491
2023-05-09 22:27:05,b2401,b2401,3984.0,1.0,39840.0,0.0,1,3983.0,4001.0,1,4030.0,4025.0,4025.0,3984.0,14.0,559960.0,491
2023-05-09 22:27:07,b2401,b2401,3984.0,0.0,0.0,0.0,1,3983.0,4000.0,6,4030.0,4025.0,4025.0,3984.0,14.0,559960.0,491
2023-05-09 22:27:08,b2401,b2401,3984.0,0.0,0.0,0.0,1,3983.0,3999.0,1,4030.0,4025.0,4025.0,3984.0,14.0,559960.0,491
2023-05-09 22:27:20,b2401,b2401,3984.0,0.0,0.0,0.0,1,3983.0,3998.0,1,4030.0,4025.0,4025.0,3984.0,14.0,559960.0,491
2023-05-09 22:27:21,b2401,b2401,3984.0,0.0,0.0,0.0,1,3983.0,3997.0,1,4030.0,4025.0,4025.0,3984.0,14.0,559960.0,491
2023-05-09 22:27:25,b2401,b2401,3984.0,0.0,0.0,0.0,2,3983.0,3997.0,1,4030.0,4025.0,4025.0,3984.0,14.0,559960.0,491
2023-05-09 22:27:27,b2401,b2401,3984.0,0.0,0.0,0.0,1,3983.0,3997.0,1,4030.0,4025.0,4025.0,3984.0,14.0,559960.0,491
2023-05-09 22:27:30,b2401,b2401,3984.0,0.0,0.0,0.0,2,3983.0,3997.0,1,4030.0,4025.0,4025.0,3984.0,14.0,559960.0,491
2023-05-09 22:27:30,b2401,b2401,3984.0,0.0,0.0,0.0,1,3983.0,3997.0,1,4030.0,4025.0,4025.0,3984.0,14.0,559960.0,491
2023-05-09 22:27:41,b2401,b2401,3984.0,0.0,0.0,0.0,1,3983.0,3998.0,1,4030.0,4025.0,4025.0,3984.0,14.0,559960.0,491
2023-05-09 22:28:26,b2401,b2401,3984.0,0.0,0.0,0.0,2,3983.0,3998.0,1,4030.0,4025.0,4025.0,3984.0,14.0,559960.0,491
2023-05-09 22:28:30,b2401,b2401,3984.0,0.0,0.0,0.0,1,3983.0,3998.0,1,4030.0,4025.0,4025.0,3984.0,14.0,559960.0,491
2023-05-09 22:28:30,b2401,b2401,3984.0,0.0,0.0,0.0,2,3983.0,3998.0,1,4030.0,4025.0,4025.0,3984.0,14.0,559960.0,491
2023-05-09 22:28:35,b2401,b2401,3984.0,0.0,0.0,0.0,1,3983.0,3998.0,1,4030.0,4025.0,4025.0,3984.0,14.0,559960.0,491
2023-05-09 22:30:15,b2401,b2401,3984.0,0.0,0.0,0.0,2,3983.0,3998.0,1,4030.0,4025.0,4025.0,3984.0,14.0,559960.0,491
2023-05-09 22:30:15,b2401,b2401,3984.0,0.0,0.0,0.0,1,3983.0,3998.0,1,4030.0,4025.0,4025.0,3984.0,14.0,559960.0,491
2023-05-09 22:30:16,b2401,b2401,3984.0,0.0,0.0,0.0,2,3983.0,3997.0,1,4030.0,4025.0,4025.0,3984.0,14.0,559960.0,491
2023-05-09 22:30:22,b2401,b2401,3984.0,0.0,0.0,0.0,1,3983.0,3997.0,1,4030.0,4025.0,4025.0,3984.0,14.0,559960.0,491
2023-05-09 22:30:26,b2401,b2401,3984.0,0.0,0.0,0.0,1,3983.0,3998.0,1,4030.0,4025.0,4025.0,3984.0,14.0,559960.0,491
2023-05-09 22:31:02,b2401,b2401,3991.0,1.0,39910.0,1.0,1,3983.0,3998.0,1,4030.0,4025.0,4025.0,3984.0,15.0,599870.0,492
2023-05-09 22:31:19,b2401,b2401,3991.0,0.0,0.0,0.0,1,3983.0,3998.0,2,4030.0,4025.0,4025.0,3984.0,15.0,599870.0,492
2023-05-09 22:31:24,b2401,b2401,3991.0,0.0,0.0,0.0,1,3983.0,3998.0,1,4030.0,4025.0,4025.0,3984.0,15.0,599870.0,492
2023-05-09 22:31:38,b2401,b2401,3991.0,0.0,0.0,0.0,1,3983.0,3998.0,2,4030.0,4025.0,4025.0,3984.0,15.0,599870.0,492
2023-05-09 22:32:02,b2401,b2401,3991.0,0.0,0.0,0.0,1,3983.0,3998.0,1,4030.0,4025.0,4025.0,3984.0,15.0,599870.0,492
2023-05-09 22:32:05,b2401,b2401,3991.0,0.0,0.0,0.0,1,3983.0,3998.0,2,4030.0,4025.0,4025.0,3984.0,15.0,599870.0,492
2023-05-09 22:32:12,b2401,b2401,3991.0,0.0,0.0,0.0,1,3983.0,3998.0,1,4030.0,4025.0,4025.0,3984.0,15.0,599870.0,492
2023-05-09 22:32:17,b2401,b2401,3991.0,0.0,0.0,0.0,1,3983.0,3998.0,2,4030.0,4025.0,4025.0,3984.0,15.0,599870.0,492
2023-05-09 22:32:19,b2401,b2401,3991.0,0.0,0.0,0.0,1,3983.0,4007.0,1,4030.0,4025.0,4025.0,3984.0,15.0,599870.0,492
2023-05-09 22:32:19,b2401,b2401,3991.0,0.0,0.0,0.0,1,3983.0,4006.0,8,4030.0,4025.0,4025.0,3984.0,15.0,599870.0,492
2023-05-09 22:32:59,b2401,b2401,3991.0,0.0,0.0,0.0,1,3983.0,4005.0,1,4030.0,4025.0,4025.0,3984.0,15.0,599870.0,492
2023-05-09 22:33:00,b2401,b2401,3991.0,0.0,0.0,0.0,1,3983.0,4004.0,2,4030.0,4025.0,4025.0,3984.0,15.0,599870.0,492
2023-05-09 22:33:21,b2401,b2401,3991.0,0.0,0.0,0.0,3,3983.0,4004.0,2,4030.0,4025.0,4025.0,3984.0,15.0,599870.0,492
2023-05-09 22:33:22,b2401,b2401,3991.0,0.0,0.0,0.0,1,3983.0,4003.0,6,4030.0,4025.0,4025.0,3984.0,15.0,599870.0,492
2023-05-09 22:33:22,b2401,b2401,3991.0,0.0,0.0,0.0,1,3983.0,4002.0,2,4030.0,4025.0,4025.0,3984.0,15.0,599870.0,492
2023-05-09 22:33:24,b2401,b2401,3991.0,0.0,0.0,0.0,3,3983.0,4002.0,2,4030.0,4025.0,4025.0,3984.0,15.0,599870.0,492
2023-05-09 22:33:28,b2401,b2401,3991.0,0.0,0.0,0.0,3,3983.0,4001.0,6,4030.0,4025.0,4025.0,3984.0,15.0,599870.0,492
2023-05-09 22:33:28,b2401,b2401,3991.0,0.0,0.0,0.0,3,3983.0,4000.0,1,4030.0,4025.0,4025.0,3984.0,15.0,599870.0,492
2023-05-09 22:33:29,b2401,b2401,3991.0,0.0,0.0,0.0,1,3983.0,4000.0,1,4030.0,4025.0,4025.0,3984.0,15.0,599870.0,492
2023-05-09 22:33:43,b2401,b2401,3991.0,0.0,0.0,0.0,1,3983.0,3999.0,1,4030.0,4025.0,4025.0,3984.0,15.0,599870.0,492
2023-05-09 22:34:14,b2401,b2401,3991.0,0.0,0.0,0.0,3,3983.0,3999.0,1,4030.0,4025.0,4025.0,3984.0,15.0,599870.0,492
2023-05-09 22:34:14,b2401,b2401,3991.0,0.0,0.0,0.0,1,3983.0,3999.0,1,4030.0,4025.0,4025.0,3984.0,15.0,599870.0,492
2023-05-09 22:34:18,b2401,b2401,3991.0,0.0,0.0,0.0,3,3983.0,3999.0,1,4030.0,4025.0,4025.0,3984.0,15.0,599870.0,492
2023-05-09 22:34:19,b2401,b2401,3991.0,0.0,0.0,0.0,1,3983.0,3999.0,1,4030.0,4025.0,4025.0,3984.0,15.0,599870.0,492
2023-05-09 22:34:31,b2401,b2401,3991.0,0.0,0.0,0.0,3,3983.0,3999.0,1,4030.0,4025.0,4025.0,3984.0,15.0,599870.0,492
2023-05-09 22:34:31,b2401,b2401,3991.0,0.0,0.0,0.0,1,3983.0,3999.0,1,4030.0,4025.0,4025.0,3984.0,15.0,599870.0,492
2023-05-09 22:35:22,b2401,b2401,3991.0,0.0,0.0,0.0,1,3983.0,3996.0,1,4030.0,4025.0,4025.0,3984.0,15.0,599870.0,492
2023-05-09 22:35:27,b2401,b2401,3991.0,0.0,0.0,0.0,3,3983.0,3996.0,1,4030.0,4025.0,4025.0,3984.0,15.0,599870.0,492
2023-05-09 22:36:29,b2401,b2401,3991.0,0.0,0.0,0.0,1,3983.0,3996.0,1,4030.0,4025.0,4025.0,3984.0,15.0,599870.0,492
2023-05-09 22:36:36,b2401,b2401,3991.0,0.0,0.0,0.0,1,3983.0,3995.0,1,4030.0,4025.0,4025.0,3984.0,15.0,599870.0,492
2023-05-09 22:38:11,b2401,b2401,3991.0,0.0,0.0,0.0,1,3983.0,3995.0,3,4030.0,4025.0,4025.0,3984.0,15.0,599870.0,492
2023-05-09 22:38:12,b2401,b2401,3991.0,0.0,0.0,0.0,1,3983.0,3995.0,1,4030.0,4025.0,4025.0,3984.0,15.0,599870.0,492
2023-05-09 22:38:17,b2401,b2401,3991.0,0.0,0.0,0.0,1,3983.0,3995.0,3,4030.0,4025.0,4025.0,3984.0,15.0,599870.0,492
2023-05-09 22:38:41,b2401,b2401,3991.0,0.0,0.0,0.0,1,3983.0,3995.0,1,4030.0,4025.0,4025.0,3984.0,15.0,599870.0,492
2023-05-09 22:38:54,b2401,b2401,3991.0,0.0,0.0,0.0,1,3983.0,3995.0,2,4030.0,4025.0,4025.0,3984.0,15.0,599870.0,492
2023-05-09 22:39:01,b2401,b2401,3991.0,0.0,0.0,0.0,1,3983.0,3995.0,4,4030.0,4025.0,4025.0,3984.0,15.0,599870.0,492
2023-05-09 22:39:01,b2401,b2401,3991.0,0.0,0.0,0.0,1,3983.0,3995.0,2,4030.0,4025.0,4025.0,3984.0,15.0,599870.0,492
2023-05-09 22:39:07,b2401,b2401,3991.0,0.0,0.0,0.0,1,3983.0,3995.0,1,4030.0,4025.0,4025.0,3984.0,15.0,599870.0,492
2023-05-09 22:39:32,b2401,b2401,3991.0,0.0,0.0,0.0,1,3983.0,3995.0,3,4030.0,4025.0,4025.0,3984.0,15.0,599870.0,492
2023-05-09 22:39:32,b2401,b2401,3991.0,0.0,0.0,0.0,1,3983.0,3995.0,1,4030.0,4025.0,4025.0,3984.0,15.0,599870.0,492
2023-05-09 22:39:33,b2401,b2401,3991.0,0.0,0.0,0.0,1,3983.0,3995.0,3,4030.0,4025.0,4025.0,3984.0,15.0,599870.0,492
2023-05-09 22:39:40,b2401,b2401,3991.0,0.0,0.0,0.0,1,3983.0,3995.0,1,4030.0,4025.0,4025.0,3984.0,15.0,599870.0,492
2023-05-09 22:40:12,b2401,b2401,3991.0,0.0,0.0,0.0,1,3983.0,3995.0,3,4030.0,4025.0,4025.0,3984.0,15.0,599870.0,492
2023-05-09 22:40:13,b2401,b2401,3991.0,0.0,0.0,0.0,1,3983.0,3995.0,1,4030.0,4025.0,4025.0,3984.0,15.0,599870.0,492
2023-05-09 22:40:15,b2401,b2401,3991.0,0.0,0.0,0.0,1,3983.0,3995.0,3,4030.0,4025.0,4025.0,3984.0,15.0,599870.0,492
2023-05-09 22:40:25,b2401,b2401,3991.0,0.0,0.0,0.0,1,3983.0,3995.0,1,4030.0,4025.0,4025.0,3984.0,15.0,599870.0,492
2023-05-09 22:40:26,b2401,b2401,3991.0,0.0,0.0,0.0,1,3983.0,3995.0,3,4030.0,4025.0,4025.0,3984.0,15.0,599870.0,492
2023-05-09 22:40:47,b2401,b2401,3991.0,0.0,0.0,0.0,1,3983.0,3995.0,1,4030.0,4025.0,4025.0,3984.0,15.0,599870.0,492
2023-05-09 22:41:21,b2401,b2401,3991.0,0.0,0.0,0.0,1,3983.0,3995.0,3,4030.0,4025.0,4025.0,3984.0,15.0,599870.0,492
2023-05-09 22:41:35,b2401,b2401,3991.0,0.0,0.0,0.0,1,3983.0,3996.0,1,4030.0,4025.0,4025.0,3984.0,15.0,599870.0,492
2023-05-09 22:41:37,b2401,b2401,3991.0,0.0,0.0,0.0,1,3983.0,3996.0,3,4030.0,4025.0,4025.0,3984.0,15.0,599870.0,492
2023-05-09 22:41:38,b2401,b2401,3991.0,0.0,0.0,0.0,1,3983.0,3995.0,1,4030.0,4025.0,4025.0,3984.0,15.0,599870.0,492
2023-05-09 22:41:40,b2401,b2401,3991.0,0.0,0.0,0.0,1,3983.0,3996.0,3,4030.0,4025.0,4025.0,3984.0,15.0,599870.0,492
2023-05-09 22:41:41,b2401,b2401,3991.0,0.0,0.0,0.0,1,3983.0,3996.0,1,4030.0,4025.0,4025.0,3984.0,15.0,599870.0,492
2023-05-09 22:42:00,b2401,b2401,3991.0,0.0,0.0,0.0,1,3983.0,3996.0,3,4030.0,4025.0,4025.0,3984.0,15.0,599870.0,492
2023-05-09 22:42:09,b2401,b2401,3991.0,0.0,0.0,0.0,1,3983.0,3996.0,1,4030.0,4025.0,4025.0,3984.0,15.0,599870.0,492
2023-05-09 22:42:22,b2401,b2401,3991.0,0.0,0.0,0.0,1,3983.0,3995.0,3,4030.0,4025.0,4025.0,3984.0,15.0,599870.0,492
2023-05-09 22:42:32,b2401,b2401,3991.0,0.0,0.0,0.0,1,3983.0,3995.0,2,4030.0,4025.0,4025.0,3984.0,15.0,599870.0,492
2023-05-09 22:42:33,b2401,b2401,3991.0,0.0,0.0,0.0,1,3983.0,3995.0,3,4030.0,4025.0,4025.0,3984.0,15.0,599870.0,492
2023-05-09 22:42:41,b2401,b2401,3991.0,0.0,0.0,0.0,1,3983.0,3995.0,2,4030.0,4025.0,4025.0,3984.0,15.0,599870.0,492
2023-05-09 22:42:42,b2401,b2401,3991.0,0.0,0.0,0.0,1,3983.0,3995.0,3,4030.0,4025.0,4025.0,3984.0,15.0,599870.0,492
2023-05-09 22:43:43,b2401,b2401,3991.0,0.0,0.0,0.0,1,3983.0,3995.0,2,4030.0,4025.0,4025.0,3984.0,15.0,599870.0,492
2023-05-09 22:43:45,b2401,b2401,3991.0,0.0,0.0,0.0,1,3983.0,3995.0,3,4030.0,4025.0,4025.0,3984.0,15.0,599870.0,492
2023-05-09 22:43:49,b2401,b2401,3991.0,0.0,0.0,0.0,1,3983.0,3995.0,2,4030.0,4025.0,4025.0,3984.0,15.0,599870.0,492
2023-05-09 22:43:49,b2401,b2401,3991.0,0.0,0.0,0.0,1,3983.0,3995.0,1,4030.0,4025.0,4025.0,3984.0,15.0,599870.0,492
2023-05-09 22:43:57,b2401,b2401,3991.0,0.0,0.0,0.0,1,3983.0,3995.0,3,4030.0,4025.0,4025.0,3984.0,15.0,599870.0,492
2023-05-09 22:43:58,b2401,b2401,3991.0,0.0,0.0,0.0,1,3983.0,3995.0,1,4030.0,4025.0,4025.0,3984.0,15.0,599870.0,492
2023-05-09 22:44:01,b2401,b2401,3991.0,0.0,0.0,0.0,1,3983.0,3995.0,3,4030.0,4025.0,4025.0,3984.0,15.0,599870.0,492
2023-05-09 22:44:08,b2401,b2401,3991.0,0.0,0.0,0.0,1,3983.0,3995.0,1,4030.0,4025.0,4025.0,3984.0,15.0,599870.0,492
2023-05-09 22:44:32,b2401,b2401,3991.0,0.0,0.0,0.0,1,3983.0,3995.0,3,4030.0,4025.0,4025.0,3984.0,15.0,599870.0,492
2023-05-09 22:44:32,b2401,b2401,3991.0,0.0,0.0,0.0,1,3983.0,3995.0,1,4030.0,4025.0,4025.0,3984.0,15.0,599870.0,492
2023-05-09 22:44:36,b2401,b2401,3991.0,0.0,0.0,0.0,1,3983.0,4007.0,1,4030.0,4025.0,4025.0,3984.0,15.0,599870.0,492
2023-05-09 22:44:36,b2401,b2401,3991.0,0.0,0.0,0.0,1,3983.0,4006.0,1,4030.0,4025.0,4025.0,3984.0,15.0,599870.0,492
2023-05-09 22:44:43,b2401,b2401,3991.0,0.0,0.0,0.0,2,3983.0,4006.0,1,4030.0,4025.0,4025.0,3984.0,15.0,599870.0,492
2023-05-09 22:44:51,b2401,b2401,3991.0,0.0,0.0,0.0,1,3983.0,4006.0,1,4030.0,4025.0,4025.0,3984.0,15.0,599870.0,492
2023-05-09 22:45:10,b2401,b2401,3991.0,0.0,0.0,0.0,1,3983.0,4005.0,1,4030.0,4025.0,4025.0,3984.0,15.0,599870.0,492
2023-05-09 22:45:12,b2401,b2401,3991.0,0.0,0.0,0.0,1,3983.0,4004.0,2,4030.0,4025.0,4025.0,3984.0,15.0,599870.0,492
2023-05-09 22:45:29,b2401,b2401,3991.0,0.0,0.0,0.0,1,3983.0,4004.0,1,4030.0,4025.0,4025.0,3984.0,15.0,599870.0,492
2023-05-09 22:45:50,b2401,b2401,3991.0,0.0,0.0,0.0,1,3983.0,4004.0,2,4030.0,4025.0,4025.0,3984.0,15.0,599870.0,492
2023-05-09 22:45:53,b2401,b2401,3991.0,0.0,0.0,0.0,1,3983.0,4003.0,1,4030.0,4025.0,4025.0,3984.0,15.0,599870.0,492
2023-05-09 22:45:54,b2401,b2401,3991.0,0.0,0.0,0.0,1,3983.0,4002.0,1,4030.0,4025.0,4025.0,3984.0,15.0,599870.0,492
2023-05-09 22:45:59,b2401,b2401,3991.0,0.0,0.0,0.0,2,3983.0,4002.0,1,4030.0,4025.0,4025.0,3984.0,15.0,599870.0,492
2023-05-09 22:45:59,b2401,b2401,3991.0,0.0,0.0,0.0,1,3983.0,4002.0,1,4030.0,4025.0,4025.0,3984.0,15.0,599870.0,492
2023-05-09 22:46:03,b2401,b2401,3991.0,0.0,0.0,0.0,1,3991.0,4002.0,2,4030.0,4025.0,4025.0,3984.0,15.0,599870.0,492
2023-05-09 22:46:08,b2401,b2401,3991.0,0.0,0.0,0.0,1,3991.0,4002.0,1,4030.0,4025.0,4025.0,3984.0,15.0,599870.0,492
2023-05-09 22:46:11,b2401,b2401,3991.0,0.0,0.0,0.0,1,3992.0,4002.0,1,4030.0,4025.0,4025.0,3984.0,15.0,599870.0,492
2023-05-09 22:46:19,b2401,b2401,3991.0,0.0,0.0,0.0,1,3993.0,4002.0,1,4030.0,4025.0,4025.0,3984.0,15.0,599870.0,492
2023-05-09 22:46:24,b2401,b2401,3991.0,0.0,0.0,0.0,1,3994.0,4002.0,1,4030.0,4025.0,4025.0,3984.0,15.0,599870.0,492
2023-05-09 22:46:36,b2401,b2401,3991.0,0.0,0.0,0.0,1,3995.0,4002.0,1,4030.0,4025.0,4025.0,3984.0,15.0,599870.0,492
2023-05-09 22:46:38,b2401,b2401,3991.0,0.0,0.0,0.0,1,3994.0,4002.0,1,4030.0,4025.0,4025.0,3984.0,15.0,599870.0,492
2023-05-09 22:46:40,b2401,b2401,3991.0,0.0,0.0,0.0,1,3994.0,4007.0,1,4030.0,4025.0,4025.0,3984.0,15.0,599870.0,492
2023-05-09 22:46:41,b2401,b2401,3991.0,0.0,0.0,0.0,1,3994.0,4006.0,1,4030.0,4025.0,4025.0,3984.0,15.0,599870.0,492
2023-05-09 22:46:51,b2401,b2401,3991.0,0.0,0.0,0.0,1,3991.0,4006.0,1,4030.0,4025.0,4025.0,3984.0,15.0,599870.0,492
2023-05-09 22:46:53,b2401,b2401,3991.0,0.0,0.0,0.0,1,3991.0,4002.0,1,4030.0,4025.0,4025.0,3984.0,15.0,599870.0,492
2023-05-09 22:46:57,b2401,b2401,3991.0,0.0,0.0,0.0,1,3989.0,4002.0,1,4030.0,4025.0,4025.0,3984.0,15.0,599870.0,492
2023-05-09 22:47:03,b2401,b2401,3996.0,1.0,39960.0,1.0,1,3986.0,4002.0,1,4030.0,4025.0,4025.0,3984.0,16.0,639830.0,493
2023-05-09 22:47:11,b2401,b2401,3996.0,0.0,0.0,0.0,1,3986.0,4002.0,2,4030.0,4025.0,4025.0,3984.0,16.0,639830.0,493
2023-05-09 22:47:12,b2401,b2401,3996.0,0.0,0.0,0.0,1,3986.0,4002.0,1,4030.0,4025.0,4025.0,3984.0,16.0,639830.0,493
2023-05-09 22:47:14,b2401,b2401,3996.0,0.0,0.0,0.0,1,3986.0,4002.0,2,4030.0,4025.0,4025.0,3984.0,16.0,639830.0,493
2023-05-09 22:47:20,b2401,b2401,3996.0,0.0,0.0,0.0,1,3986.0,4001.0,1,4030.0,4025.0,4025.0,3984.0,16.0,639830.0,493
2023-05-09 22:48:11,b2401,b2401,3996.0,0.0,0.0,0.0,1,3986.0,3996.0,1,4030.0,4025.0,4025.0,3984.0,16.0,639830.0,493
2023-05-09 22:48:18,b2401,b2401,3996.0,0.0,0.0,0.0,1,3983.0,3996.0,2,4030.0,4025.0,4025.0,3984.0,16.0,639830.0,493
2023-05-09 22:48:18,b2401,b2401,3996.0,0.0,0.0,0.0,1,3983.0,3996.0,1,4030.0,4025.0,4025.0,3984.0,16.0,639830.0,493
2023-05-09 22:48:26,b2401,b2401,3996.0,0.0,0.0,0.0,1,3983.0,3996.0,2,4030.0,4025.0,4025.0,3984.0,16.0,639830.0,493
2023-05-09 22:48:26,b2401,b2401,3996.0,0.0,0.0,0.0,1,3983.0,3996.0,1,4030.0,4025.0,4025.0,3984.0,16.0,639830.0,493
2023-05-09 22:48:27,b2401,b2401,3996.0,0.0,0.0,0.0,1,3983.0,3996.0,2,4030.0,4025.0,4025.0,3984.0,16.0,639830.0,493
2023-05-09 22:48:31,b2401,b2401,3996.0,0.0,0.0,0.0,1,3983.0,3996.0,1,4030.0,4025.0,4025.0,3984.0,16.0,639830.0,493
2023-05-09 22:48:33,b2401,b2401,3996.0,0.0,0.0,0.0,1,3983.0,3996.0,2,4030.0,4025.0,4025.0,3984.0,16.0,639830.0,493
2023-05-09 22:48:52,b2401,b2401,3996.0,0.0,0.0,0.0,1,3983.0,3996.0,1,4030.0,4025.0,4025.0,3984.0,16.0,639830.0,493
2023-05-09 22:49:18,b2401,b2401,3994.0,1.0,39940.0,1.0,1,3983.0,3996.0,1,4030.0,4025.0,4025.0,3984.0,17.0,679770.0,494
2023-05-09 22:49:31,b2401,b2401,3994.0,0.0,0.0,0.0,2,3984.0,3996.0,1,4030.0,4025.0,4025.0,3984.0,17.0,679770.0,494
2023-05-09 22:49:39,b2401,b2401,3994.0,0.0,0.0,0.0,1,3984.0,3996.0,1,4030.0,4025.0,4025.0,3984.0,17.0,679770.0,494
2023-05-09 22:49:57,b2401,b2401,3994.0,0.0,0.0,0.0,1,3984.0,3995.0,1,4030.0,4025.0,4025.0,3984.0,17.0,679770.0,494
2023-05-09 22:50:08,b2401,b2401,3994.0,0.0,0.0,0.0,1,3984.0,3996.0,1,4030.0,4025.0,4025.0,3984.0,17.0,679770.0,494
2023-05-09 22:50:56,b2401,b2401,3994.0,0.0,0.0,0.0,1,3984.0,3995.0,1,4030.0,4025.0,4025.0,3984.0,17.0,679770.0,494
2023-05-09 22:51:14,b2401,b2401,3994.0,0.0,0.0,0.0,1,3984.0,3996.0,1,4030.0,4025.0,4025.0,3984.0,17.0,679770.0,494
2023-05-09 22:53:06,b2401,b2401,3994.0,0.0,0.0,0.0,1,3984.0,3994.0,1,4030.0,4025.0,4025.0,3984.0,17.0,679770.0,494
2023-05-09 22:53:07,b2401,b2401,3994.0,0.0,0.0,0.0,1,3983.0,3994.0,1,4030.0,4025.0,4025.0,3984.0,17.0,679770.0,494
2023-05-09 22:53:16,b2401,b2401,3994.0,0.0,0.0,0.0,1,3983.0,3994.0,2,4030.0,4025.0,4025.0,3984.0,17.0,679770.0,494
2023-05-09 22:53:36,b2401,b2401,3994.0,0.0,0.0,0.0,1,3983.0,3994.0,1,4030.0,4025.0,4025.0,3984.0,17.0,679770.0,494
2023-05-09 22:53:43,b2401,b2401,3994.0,0.0,0.0,0.0,1,3983.0,3996.0,1,4030.0,4025.0,4025.0,3984.0,17.0,679770.0,494
2023-05-09 22:53:45,b2401,b2401,3994.0,0.0,0.0,0.0,1,3983.0,3993.0,2,4030.0,4025.0,4025.0,3984.0,17.0,679770.0,494
2023-05-09 22:53:47,b2401,b2401,3994.0,0.0,0.0,0.0,1,3983.0,3996.0,1,4030.0,4025.0,4025.0,3984.0,17.0,679770.0,494
2023-05-09 22:54:28,b2401,b2401,3994.0,0.0,0.0,0.0,1,3983.0,3995.0,1,4030.0,4025.0,4025.0,3984.0,17.0,679770.0,494
2023-05-09 22:58:49,b2401,b2401,3994.0,0.0,0.0,0.0,2,3983.0,3995.0,1,4030.0,4025.0,4025.0,3984.0,17.0,679770.0,494
2023-05-09 22:59:14,b2401,b2401,3994.0,0.0,0.0,0.0,1,3983.0,3995.0,1,4030.0,4025.0,4025.0,3984.0,17.0,679770.0,494
2023-05-09 22:59:27,b2401,b2401,3994.0,0.0,0.0,0.0,1,3983.0,4002.0,1,4030.0,4025.0,4025.0,3984.0,17.0,679770.0,494
2023-05-09 22:59:27,b2401,b2401,3994.0,0.0,0.0,0.0,1,3983.0,4001.0,1,4030.0,4025.0,4025.0,3984.0,17.0,679770.0,494
2023-05-09 22:59:29,b2401,b2401,3994.0,0.0,0.0,0.0,2,3983.0,4001.0,1,4030.0,4025.0,4025.0,3984.0,17.0,679770.0,494
2023-05-09 22:59:29,b2401,b2401,3994.0,0.0,0.0,0.0,1,3983.0,4001.0,1,4030.0,4025.0,4025.0,3984.0,17.0,679770.0,494
2023-05-09 22:59:47,b2401,b2401,3994.0,0.0,0.0,0.0,2,3983.0,4001.0,1,4030.0,4025.0,4025.0,3984.0,17.0,679770.0,494
2023-05-09 22:59:51,b2401,b2401,3994.0,0.0,0.0,0.0,2,3983.0,4001.0,2,4030.0,4025.0,4025.0,3984.0,17.0,679770.0,494
2023-05-09 22:59:51,b2401,b2401,3994.0,0.0,0.0,0.0,2,3983.0,4001.0,1,4030.0,4025.0,4025.0,3984.0,17.0,679770.0,494
2023-05-09 22:59:53,b2401,b2401,3994.0,0.0,0.0,0.0,1,3983.0,4001.0,1,4030.0,4025.0,4025.0,3984.0,17.0,679770.0,494
2023-05-09 22:59:54,b2401,b2401,3994.0,0.0,0.0,0.0,2,3983.0,4001.0,1,4030.0,4025.0,4025.0,3984.0,17.0,679770.0,494
2023-05-09 22:59:55,b2401,b2401,3994.0,0.0,0.0,0.0,2,3983.0,4002.0,1,4030.0,4025.0,4025.0,3984.0,17.0,679770.0,494
2023-05-09 22:59:55,b2401,b2401,3994.0,0.0,0.0,0.0,1,3983.0,4002.0,1,4030.0,4025.0,4025.0,3984.0,17.0,679770.0,494
2023-05-10 09:00:00,b2401,b2401,3994.0,0.0,0.0,0.0,1,3988.0,4002.0,1,4030.0,4025.0,4025.0,3984.0,17.0,679770.0,494
2023-05-10 09:00:08,b2401,b2401,3994.0,0.0,0.0,0.0,1,3988.0,4002.0,2,4030.0,4025.0,4025.0,3984.0,17.0,679770.0,494
2023-05-10 09:00:09,b2401,b2401,3994.0,0.0,0.0,0.0,2,3988.0,4002.0,1,4030.0,4025.0,4025.0,3984.0,17.0,679770.0,494
2023-05-10 09:00:09,b2401,b2401,3994.0,0.0,0.0,0.0,1,3988.0,4002.0,2,4030.0,4025.0,4025.0,3984.0,17.0,679770.0,494
2023-05-10 09:00:10,b2401,b2401,3994.0,0.0,0.0,0.0,2,3988.0,4002.0,2,4030.0,4025.0,4025.0,3984.0,17.0,679770.0,494
2023-05-10 09:00:10,b2401,b2401,3994.0,0.0,0.0,0.0,1,3988.0,4002.0,2,4030.0,4025.0,4025.0,3984.0,17.0,679770.0,494
2023-05-10 09:00:11,b2401,b2401,3994.0,0.0,0.0,0.0,2,3988.0,4002.0,1,4030.0,4025.0,4025.0,3984.0,17.0,679770.0,494
2023-05-10 09:00:11,b2401,b2401,3994.0,0.0,0.0,0.0,1,3988.0,4002.0,1,4030.0,4025.0,4025.0,3984.0,17.0,679770.0,494
2023-05-10 09:00:13,b2401,b2401,3994.0,0.0,0.0,0.0,1,3989.0,4002.0,1,4030.0,4025.0,4025.0,3984.0,17.0,679770.0,494
2023-05-10 09:00:16,b2401,b2401,3994.0,0.0,0.0,0.0,1,3988.0,4002.0,2,4030.0,4025.0,4025.0,3984.0,17.0,679770.0,494
2023-05-10 09:00:18,b2401,b2401,3994.0,0.0,0.0,0.0,1,3988.0,4002.0,1,4030.0,4025.0,4025.0,3984.0,17.0,679770.0,494
2023-05-10 09:00:20,b2401,b2401,3994.0,0.0,0.0,0.0,1,3989.0,4002.0,1,4030.0,4025.0,4025.0,3984.0,17.0,679770.0,494
2023-05-10 09:00:22,b2401,b2401,3994.0,0.0,0.0,0.0,2,3989.0,4002.0,1,4030.0,4025.0,4025.0,3984.0,17.0,679770.0,494
2023-05-10 09:00:24,b2401,b2401,3994.0,0.0,0.0,0.0,1,3989.0,4002.0,1,4030.0,4025.0,4025.0,3984.0,17.0,679770.0,494
2023-05-10 09:00:35,b2401,b2401,3994.0,0.0,0.0,0.0,2,3989.0,4002.0,2,4030.0,4025.0,4025.0,3984.0,17.0,679770.0,494
2023-05-10 09:00:36,b2401,b2401,3994.0,0.0,0.0,0.0,1,3989.0,4002.0,1,4030.0,4025.0,4025.0,3984.0,17.0,679770.0,494
2023-05-10 09:00:36,b2401,b2401,3994.0,0.0,0.0,0.0,2,3989.0,4002.0,1,4030.0,4025.0,4025.0,3984.0,17.0,679770.0,494
2023-05-10 09:00:38,b2401,b2401,3994.0,0.0,0.0,0.0,2,3989.0,4002.0,2,4030.0,4025.0,4025.0,3984.0,17.0,679770.0,494
2023-05-10 09:00:39,b2401,b2401,3994.0,0.0,0.0,0.0,2,3989.0,4002.0,1,4030.0,4025.0,4025.0,3984.0,17.0,679770.0,494
2023-05-10 09:00:40,b2401,b2401,3994.0,0.0,0.0,0.0,1,3989.0,4002.0,1,4030.0,4025.0,4025.0,3984.0,17.0,679770.0,494
2023-05-10 09:00:42,b2401,b2401,3994.0,0.0,0.0,0.0,1,3989.0,4002.0,2,4030.0,4025.0,4025.0,3984.0,17.0,679770.0,494
2023-05-10 09:00:43,b2401,b2401,3994.0,0.0,0.0,0.0,2,3989.0,4002.0,1,4030.0,4025.0,4025.0,3984.0,17.0,679770.0,494
2023-05-10 09:00:50,b2401,b2401,3994.0,0.0,0.0,0.0,2,3989.0,4002.0,2,4030.0,4025.0,4025.0,3984.0,17.0,679770.0,494
2023-05-10 09:00:50,b2401,b2401,3994.0,0.0,0.0,0.0,2,3989.0,4002.0,1,4030.0,4025.0,4025.0,3984.0,17.0,679770.0,494
2023-05-10 09:00:51,b2401,b2401,3994.0,0.0,0.0,0.0,2,3989.0,4002.0,2,4030.0,4025.0,4025.0,3984.0,17.0,679770.0,494
2023-05-10 09:00:58,b2401,b2401,3994.0,0.0,0.0,0.0,2,3989.0,4002.0,1,4030.0,4025.0,4025.0,3984.0,17.0,679770.0,494
2023-05-10 09:01:00,b2401,b2401,3994.0,0.0,0.0,0.0,2,3989.0,4002.0,2,4030.0,4025.0,4025.0,3984.0,17.0,679770.0,494
2023-05-10 09:01:03,b2401,b2401,3994.0,0.0,0.0,0.0,2,3989.0,4000.0,10,4030.0,4025.0,4025.0,3984.0,17.0,679770.0,494
2023-05-10 09:01:10,b2401,b2401,3994.0,0.0,0.0,0.0,1,3989.0,4000.0,10,4030.0,4025.0,4025.0,3984.0,17.0,679770.0,494
2023-05-10 09:01:23,b2401,b2401,3994.0,0.0,0.0,0.0,2,3989.0,4000.0,10,4030.0,4025.0,4025.0,3984.0,17.0,679770.0,494
2023-05-10 09:01:25,b2401,b2401,3994.0,0.0,0.0,0.0,2,3989.0,4000.0,11,4030.0,4025.0,4025.0,3984.0,17.0,679770.0,494
2023-05-10 09:01:26,b2401,b2401,3994.0,0.0,0.0,0.0,1,3989.0,4000.0,11,4030.0,4025.0,4025.0,3984.0,17.0,679770.0,494
2023-05-10 09:01:28,b2401,b2401,3994.0,0.0,0.0,0.0,1,3989.0,4000.0,10,4030.0,4025.0,4025.0,3984.0,17.0,679770.0,494
2023-05-10 09:01:28,b2401,b2401,3994.0,0.0,0.0,0.0,1,3989.0,4000.0,11,4030.0,4025.0,4025.0,3984.0,17.0,679770.0,494
2023-05-10 09:01:29,b2401,b2401,3994.0,0.0,0.0,0.0,1,3989.0,4000.0,10,4030.0,4025.0,4025.0,3984.0,17.0,679770.0,494
2023-05-10 09:01:32,b2401,b2401,3994.0,0.0,0.0,0.0,1,3989.0,4000.0,11,4030.0,4025.0,4025.0,3984.0,17.0,679770.0,494
2023-05-10 09:01:33,b2401,b2401,3994.0,0.0,0.0,0.0,1,3989.0,4000.0,10,4030.0,4025.0,4025.0,3984.0,17.0,679770.0,494
2023-05-10 09:01:33,b2401,b2401,3994.0,0.0,0.0,0.0,1,3989.0,4000.0,11,4030.0,4025.0,4025.0,3984.0,17.0,679770.0,494
2023-05-10 09:01:35,b2401,b2401,3994.0,0.0,0.0,0.0,1,3989.0,4000.0,10,4030.0,4025.0,4025.0,3984.0,17.0,679770.0,494
2023-05-10 09:01:35,b2401,b2401,3994.0,0.0,0.0,0.0,1,3989.0,3999.0,1,4030.0,4025.0,4025.0,3984.0,17.0,679770.0,494
2023-05-10 09:01:41,b2401,b2401,3994.0,0.0,0.0,0.0,1,3989.0,3999.0,2,4030.0,4025.0,4025.0,3984.0,17.0,679770.0,494
2023-05-10 09:01:50,b2401,b2401,3994.0,0.0,0.0,0.0,1,3989.0,3999.0,1,4030.0,4025.0,4025.0,3984.0,17.0,679770.0,494
2023-05-10 09:01:57,b2401,b2401,3994.0,0.0,0.0,0.0,1,3989.0,3999.0,2,4030.0,4025.0,4025.0,3984.0,17.0,679770.0,494
2023-05-10 09:01:57,b2401,b2401,3994.0,0.0,0.0,0.0,1,3989.0,3999.0,1,4030.0,4025.0,4025.0,3984.0,17.0,679770.0,494
2023-05-10 09:02:18,b2401,b2401,3994.0,0.0,0.0,0.0,1,3989.0,3999.0,2,4030.0,4025.0,4025.0,3984.0,17.0,679770.0,494
2023-05-10 09:02:22,b2401,b2401,3994.0,0.0,0.0,0.0,1,3989.0,3999.0,1,4030.0,4025.0,4025.0,3984.0,17.0,679770.0,494
2023-05-10 09:02:26,b2401,b2401,3994.0,0.0,0.0,0.0,2,3989.0,3999.0,1,4030.0,4025.0,4025.0,3984.0,17.0,679770.0,494
2023-05-10 09:02:27,b2401,b2401,3994.0,0.0,0.0,0.0,1,3989.0,3999.0,1,4030.0,4025.0,4025.0,3984.0,17.0,679770.0,494
2023-05-10 09:02:27,b2401,b2401,3994.0,0.0,0.0,0.0,1,3989.0,3999.0,2,4030.0,4025.0,4025.0,3984.0,17.0,679770.0,494
2023-05-10 09:02:28,b2401,b2401,3994.0,0.0,0.0,0.0,1,3989.0,3999.0,1,4030.0,4025.0,4025.0,3984.0,17.0,679770.0,494
2023-05-10 09:02:28,b2401,b2401,3994.0,0.0,0.0,0.0,2,3989.0,3999.0,1,4030.0,4025.0,4025.0,3984.0,17.0,679770.0,494
2023-05-10 09:02:29,b2401,b2401,3994.0,0.0,0.0,0.0,1,3989.0,3999.0,1,4030.0,4025.0,4025.0,3984.0,17.0,679770.0,494
2023-05-10 09:02:31,b2401,b2401,3994.0,0.0,0.0,0.0,2,3989.0,3999.0,1,4030.0,4025.0,4025.0,3984.0,17.0,679770.0,494
2023-05-10 09:02:33,b2401,b2401,3994.0,0.0,0.0,0.0,1,3989.0,3999.0,1,4030.0,4025.0,4025.0,3984.0,17.0,679770.0,494
2023-05-10 09:02:36,b2401,b2401,3994.0,0.0,0.0,0.0,2,3989.0,3999.0,1,4030.0,4025.0,4025.0,3984.0,17.0,679770.0,494
2023-05-10 09:02:37,b2401,b2401,3994.0,0.0,0.0,0.0,1,3989.0,3999.0,1,4030.0,4025.0,4025.0,3984.0,17.0,679770.0,494
2023-05-10 09:02:43,b2401,b2401,3994.0,0.0,0.0,0.0,2,3989.0,3999.0,1,4030.0,4025.0,4025.0,3984.0,17.0,679770.0,494
2023-05-10 09:02:45,b2401,b2401,3994.0,0.0,0.0,0.0,1,3989.0,3999.0,1,4030.0,4025.0,4025.0,3984.0,17.0,679770.0,494
2023-05-10 09:02:48,b2401,b2401,3994.0,0.0,0.0,0.0,2,3989.0,3999.0,2,4030.0,4025.0,4025.0,3984.0,17.0,679770.0,494
2023-05-10 09:02:48,b2401,b2401,3994.0,0.0,0.0,0.0,2,3989.0,3998.0,1,4030.0,4025.0,4025.0,3984.0,17.0,679770.0,494
2023-05-10 09:02:49,b2401,b2401,3994.0,0.0,0.0,0.0,1,3989.0,3998.0,1,4030.0,4025.0,4025.0,3984.0,17.0,679770.0,494
2023-05-10 09:02:52,b2401,b2401,3994.0,0.0,0.0,0.0,2,3989.0,3998.0,1,4030.0,4025.0,4025.0,3984.0,17.0,679770.0,494
2023-05-10 09:02:59,b2401,b2401,3994.0,0.0,0.0,0.0,1,3989.0,3998.0,1,4030.0,4025.0,4025.0,3984.0,17.0,679770.0,494
2023-05-10 09:03:04,b2401,b2401,3994.0,0.0,0.0,0.0,2,3989.0,3998.0,1,4030.0,4025.0,4025.0,3984.0,17.0,679770.0,494
2023-05-10 09:03:09,b2401,b2401,3994.0,0.0,0.0,0.0,1,3989.0,3998.0,1,4030.0,4025.0,4025.0,3984.0,17.0,679770.0,494
2023-05-10 09:03:26,b2401,b2401,3994.0,0.0,0.0,0.0,1,3989.0,3998.0,2,4030.0,4025.0,4025.0,3984.0,17.0,679770.0,494
2023-05-10 09:03:28,b2401,b2401,3994.0,0.0,0.0,0.0,1,3989.0,3998.0,1,4030.0,4025.0,4025.0,3984.0,17.0,679770.0,494
2023-05-10 09:03:32,b2401,b2401,3994.0,0.0,0.0,0.0,1,3989.0,3998.0,2,4030.0,4025.0,4025.0,3984.0,17.0,679770.0,494
2023-05-10 09:03:33,b2401,b2401,3994.0,0.0,0.0,0.0,1,3989.0,3998.0,1,4030.0,4025.0,4025.0,3984.0,17.0,679770.0,494
2023-05-10 09:03:33,b2401,b2401,3994.0,0.0,0.0,0.0,1,3989.0,3998.0,2,4030.0,4025.0,4025.0,3984.0,17.0,679770.0,494
2023-05-10 09:03:33,b2401,b2401,3994.0,0.0,0.0,0.0,1,3989.0,3998.0,1,4030.0,4025.0,4025.0,3984.0,17.0,679770.0,494
2023-05-10 09:03:34,b2401,b2401,3994.0,0.0,0.0,0.0,1,3989.0,3998.0,2,4030.0,4025.0,4025.0,3984.0,17.0,679770.0,494
2023-05-10 09:03:35,b2401,b2401,3994.0,0.0,0.0,0.0,1,3989.0,3998.0,1,4030.0,4025.0,4025.0,3984.0,17.0,679770.0,494
2023-05-10 09:03:36,b2401,b2401,3994.0,0.0,0.0,0.0,1,3989.0,3998.0,2,4030.0,4025.0,4025.0,3984.0,17.0,679770.0,494
2023-05-10 09:03:40,b2401,b2401,3994.0,0.0,0.0,0.0,1,3989.0,3998.0,1,4030.0,4025.0,4025.0,3984.0,17.0,679770.0,494
2023-05-10 09:04:00,b2401,b2401,3994.0,0.0,0.0,0.0,1,3989.0,3996.0,10,4030.0,4025.0,4025.0,3984.0,17.0,679770.0,494
2023-05-10 09:04:02,b2401,b2401,3994.0,0.0,0.0,0.0,1,3990.0,3996.0,10,4030.0,4025.0,4025.0,3984.0,17.0,679770.0,494
2023-05-10 09:04:47,b2401,b2401,3994.0,0.0,0.0,0.0,2,3990.0,3996.0,10,4030.0,4025.0,4025.0,3984.0,17.0,679770.0,494
2023-05-10 09:04:48,b2401,b2401,3994.0,0.0,0.0,0.0,1,3990.0,3996.0,10,4030.0,4025.0,4025.0,3984.0,17.0,679770.0,494
2023-05-10 09:05:00,b2401,b2401,3996.0,1.0,39960.0,0.0,1,3990.0,3996.0,9,4030.0,4025.0,4025.0,3984.0,18.0,719730.0,494
2023-05-10 09:05:01,b2401,b2401,3996.0,1.0,39960.0,0.0,1,3990.0,3996.0,8,4030.0,4025.0,4025.0,3984.0,19.0,759690.0,494
2023-05-10 09:05:04,b2401,b2401,3996.0,1.0,39960.0,1.0,1,3990.0,3996.0,7,4030.0,4025.0,4025.0,3984.0,20.0,799650.0,495
2023-05-10 09:05:05,b2401,b2401,3996.0,0.0,0.0,0.0,2,3990.0,3996.0,7,4030.0,4025.0,4025.0,3984.0,20.0,799650.0,495
2023-05-10 09:05:05,b2401,b2401,3996.0,0.0,0.0,0.0,1,3990.0,3996.0,7,4030.0,4025.0,4025.0,3984.0,20.0,799650.0,495
2023-05-10 09:05:08,b2401,b2401,3996.0,0.0,0.0,0.0,3,3993.0,3996.0,7,4030.0,4025.0,4025.0,3984.0,20.0,799650.0,495
2023-05-10 09:05:09,b2401,b2401,3996.0,0.0,0.0,0.0,1,3993.0,3996.0,7,4030.0,4025.0,4025.0,3984.0,20.0,799650.0,495
2023-05-10 09:05:19,b2401,b2401,3996.0,0.0,0.0,0.0,3,3995.0,3996.0,7,4030.0,4025.0,4025.0,3984.0,20.0,799650.0,495
2023-05-10 09:05:25,b2401,b2401,3996.0,3.0,119880.0,1.0,1,3983.0,3996.0,4,4030.0,4025.0,4025.0,3984.0,23.0,919530.0,496
2023-05-10 09:05:29,b2401,b2401,3996.0,0.0,0.0,0.0,1,3984.0,3996.0,4,4030.0,4025.0,4025.0,3984.0,23.0,919530.0,496
2023-05-10 09:05:31,b2401,b2401,3996.0,0.0,0.0,0.0,2,3985.0,3996.0,4,4030.0,4025.0,4025.0,3984.0,23.0,919530.0,496
2023-05-10 09:05:37,b2401,b2401,3996.0,0.0,0.0,0.0,2,3985.0,3996.0,5,4030.0,4025.0,4025.0,3984.0,23.0,919530.0,496
2023-05-10 09:05:37,b2401,b2401,3996.0,1.0,39960.0,0.0,2,3985.0,3996.0,4,4030.0,4025.0,4025.0,3984.0,24.0,959490.0,496
2023-05-10 09:06:13,b2401,b2401,3996.0,0.0,0.0,0.0,1,3986.0,3996.0,4,4030.0,4025.0,4025.0,3984.0,24.0,959490.0,496
2023-05-10 09:06:22,b2401,b2401,3996.0,0.0,0.0,0.0,1,3986.0,3996.0,5,4030.0,4025.0,4025.0,3984.0,24.0,959490.0,496
2023-05-10 09:06:27,b2401,b2401,3996.0,0.0,0.0,0.0,1,3986.0,3996.0,4,4030.0,4025.0,4025.0,3984.0,24.0,959490.0,496
2023-05-10 09:07:33,b2401,b2401,3996.0,0.0,0.0,0.0,1,3987.0,3996.0,4,4030.0,4025.0,4025.0,3984.0,24.0,959490.0,496
2023-05-10 09:08:17,b2401,b2401,3996.0,2.0,79920.0,2.0,1,3987.0,3996.0,2,4030.0,4025.0,4025.0,3984.0,26.0,1039410.0,498
2023-05-10 09:08:18,b2401,b2401,3996.0,1.0,39960.0,1.0,1,3987.0,3996.0,1,4030.0,4025.0,4025.0,3984.0,27.0,1079370.0,499
2023-05-10 09:08:21,b2401,b2401,3996.0,0.0,0.0,0.0,1,3988.0,3996.0,1,4030.0,4025.0,4025.0,3984.0,27.0,1079370.0,499
2023-05-10 09:08:22,b2401,b2401,3996.0,0.0,0.0,0.0,1,3983.0,3996.0,1,4030.0,4025.0,4025.0,3984.0,27.0,1079370.0,499
2023-05-10 09:08:22,b2401,b2401,3996.0,0.0,0.0,0.0,2,3984.0,3996.0,1,4030.0,4025.0,4025.0,3984.0,27.0,1079370.0,499
2023-05-10 09:09:05,b2401,b2401,3996.0,0.0,0.0,0.0,1,3985.0,3996.0,1,4030.0,4025.0,4025.0,3984.0,27.0,1079370.0,499
2023-05-10 09:09:05,b2401,b2401,3996.0,0.0,0.0,0.0,1,3986.0,3996.0,1,4030.0,4025.0,4025.0,3984.0,27.0,1079370.0,499
2023-05-10 09:09:13,b2401,b2401,3996.0,0.0,0.0,0.0,1,3985.0,3996.0,1,4030.0,4025.0,4025.0,3984.0,27.0,1079370.0,499
2023-05-10 09:09:21,b2401,b2401,3996.0,0.0,0.0,0.0,1,3985.0,3995.0,1,4030.0,4025.0,4025.0,3984.0,27.0,1079370.0,499
2023-05-10 09:09:46,b2401,b2401,3996.0,0.0,0.0,0.0,1,3985.0,3996.0,1,4030.0,4025.0,4025.0,3984.0,27.0,1079370.0,499
2023-05-10 09:09:49,b2401,b2401,3996.0,0.0,0.0,0.0,2,3985.0,3996.0,1,4030.0,4025.0,4025.0,3984.0,27.0,1079370.0,499
2023-05-10 09:10:21,b2401,b2401,3996.0,0.0,0.0,0.0,2,3985.0,3996.0,3,4030.0,4025.0,4025.0,3984.0,27.0,1079370.0,499
2023-05-10 09:10:22,b2401,b2401,3996.0,0.0,0.0,0.0,2,3985.0,3996.0,1,4030.0,4025.0,4025.0,3984.0,27.0,1079370.0,499
2023-05-10 09:10:22,b2401,b2401,3996.0,0.0,0.0,0.0,3,3985.0,3996.0,1,4030.0,4025.0,4025.0,3984.0,27.0,1079370.0,499
2023-05-10 09:10:26,b2401,b2401,3996.0,0.0,0.0,0.0,3,3985.0,3996.0,3,4030.0,4025.0,4025.0,3984.0,27.0,1079370.0,499
2023-05-10 09:10:30,b2401,b2401,3996.0,0.0,0.0,0.0,2,3985.0,3996.0,3,4030.0,4025.0,4025.0,3984.0,27.0,1079370.0,499
2023-05-10 09:10:34,b2401,b2401,3996.0,0.0,0.0,0.0,2,3985.0,3996.0,1,4030.0,4025.0,4025.0,3984.0,27.0,1079370.0,499
2023-05-10 09:10:35,b2401,b2401,3996.0,0.0,0.0,0.0,3,3985.0,3996.0,1,4030.0,4025.0,4025.0,3984.0,27.0,1079370.0,499
2023-05-10 09:10:39,b2401,b2401,3996.0,0.0,0.0,0.0,3,3985.0,3996.0,3,4030.0,4025.0,4025.0,3984.0,27.0,1079370.0,499
2023-05-10 09:10:47,b2401,b2401,3996.0,0.0,0.0,0.0,2,3985.0,3996.0,3,4030.0,4025.0,4025.0,3984.0,27.0,1079370.0,499
2023-05-10 09:10:48,b2401,b2401,3996.0,0.0,0.0,0.0,2,3985.0,3996.0,1,4030.0,4025.0,4025.0,3984.0,27.0,1079370.0,499
2023-05-10 09:10:49,b2401,b2401,3996.0,0.0,0.0,0.0,2,3985.0,3996.0,3,4030.0,4025.0,4025.0,3984.0,27.0,1079370.0,499
2023-05-10 09:10:50,b2401,b2401,3996.0,0.0,0.0,0.0,2,3985.0,3996.0,1,4030.0,4025.0,4025.0,3984.0,27.0,1079370.0,499
2023-05-10 09:11:29,b2401,b2401,3996.0,0.0,0.0,0.0,1,3985.0,3996.0,1,4030.0,4025.0,4025.0,3984.0,27.0,1079370.0,499
2023-05-10 09:11:45,b2401,b2401,3996.0,0.0,0.0,0.0,2,3985.0,3996.0,1,4030.0,4025.0,4025.0,3984.0,27.0,1079370.0,499
2023-05-10 09:11:45,b2401,b2401,3996.0,0.0,0.0,0.0,1,3985.0,3996.0,1,4030.0,4025.0,4025.0,3984.0,27.0,1079370.0,499
2023-05-10 09:12:00,b2401,b2401,3996.0,0.0,0.0,0.0,2,3985.0,3996.0,1,4030.0,4025.0,4025.0,3984.0,27.0,1079370.0,499
2023-05-10 09:12:01,b2401,b2401,3996.0,0.0,0.0,0.0,1,3985.0,3996.0,1,4030.0,4025.0,4025.0,3984.0,27.0,1079370.0,499
2023-05-10 09:12:01,b2401,b2401,3996.0,0.0,0.0,0.0,2,3985.0,3996.0,1,4030.0,4025.0,4025.0,3984.0,27.0,1079370.0,499
2023-05-10 09:12:08,b2401,b2401,3996.0,0.0,0.0,0.0,1,3985.0,3996.0,1,4030.0,4025.0,4025.0,3984.0,27.0,1079370.0,499
2023-05-10 09:12:11,b2401,b2401,3996.0,0.0,0.0,0.0,2,3985.0,3996.0,1,4030.0,4025.0,4025.0,3984.0,27.0,1079370.0,499
2023-05-10 09:12:13,b2401,b2401,3996.0,0.0,0.0,0.0,1,3985.0,3996.0,1,4030.0,4025.0,4025.0,3984.0,27.0,1079370.0,499
2023-05-10 09:12:14,b2401,b2401,3996.0,0.0,0.0,0.0,2,3985.0,3996.0,1,4030.0,4025.0,4025.0,3984.0,27.0,1079370.0,499
2023-05-10 09:12:16,b2401,b2401,3996.0,0.0,0.0,0.0,1,3985.0,3996.0,1,4030.0,4025.0,4025.0,3984.0,27.0,1079370.0,499
2023-05-10 09:12:18,b2401,b2401,3996.0,0.0,0.0,0.0,2,3985.0,3996.0,1,4030.0,4025.0,4025.0,3984.0,27.0,1079370.0,499
2023-05-10 09:12:20,b2401,b2401,3996.0,0.0,0.0,0.0,1,3985.0,3996.0,1,4030.0,4025.0,4025.0,3984.0,27.0,1079370.0,499
2023-05-10 09:12:33,b2401,b2401,3996.0,0.0,0.0,0.0,2,3985.0,3996.0,1,4030.0,4025.0,4025.0,3984.0,27.0,1079370.0,499
2023-05-10 09:12:42,b2401,b2401,3996.0,0.0,0.0,0.0,2,3985.0,3996.0,16,4030.0,4025.0,4025.0,3984.0,27.0,1079370.0,499
2023-05-10 09:12:56,b2401,b2401,3996.0,0.0,0.0,0.0,1,3985.0,3996.0,16,4030.0,4025.0,4025.0,3984.0,27.0,1079370.0,499
2023-05-10 09:12:59,b2401,b2401,3996.0,0.0,0.0,0.0,1,3985.0,3995.0,1,4030.0,4025.0,4025.0,3984.0,27.0,1079370.0,499
2023-05-10 09:13:13,b2401,b2401,3996.0,0.0,0.0,0.0,2,3985.0,3995.0,1,4030.0,4025.0,4025.0,3984.0,27.0,1079370.0,499
2023-05-10 09:13:15,b2401,b2401,3996.0,0.0,0.0,0.0,1,3985.0,3995.0,1,4030.0,4025.0,4025.0,3984.0,27.0,1079370.0,499
2023-05-10 09:13:16,b2401,b2401,3996.0,0.0,0.0,0.0,2,3985.0,3995.0,1,4030.0,4025.0,4025.0,3984.0,27.0,1079370.0,499
2023-05-10 09:13:20,b2401,b2401,3996.0,0.0,0.0,0.0,1,3985.0,3995.0,1,4030.0,4025.0,4025.0,3984.0,27.0,1079370.0,499
2023-05-10 09:13:44,b2401,b2401,3996.0,0.0,0.0,0.0,2,3985.0,3995.0,1,4030.0,4025.0,4025.0,3984.0,27.0,1079370.0,499
2023-05-10 09:14:03,b2401,b2401,3996.0,0.0,0.0,0.0,1,3983.0,3995.0,1,4030.0,4025.0,4025.0,3984.0,27.0,1079370.0,499
2023-05-10 09:14:07,b2401,b2401,3996.0,0.0,0.0,0.0,1,3983.0,3994.0,1,4030.0,4025.0,4025.0,3984.0,27.0,1079370.0,499
2023-05-10 09:14:18,b2401,b2401,3996.0,0.0,0.0,0.0,2,3983.0,3994.0,1,4030.0,4025.0,4025.0,3984.0,27.0,1079370.0,499
2023-05-10 09:14:20,b2401,b2401,3996.0,0.0,0.0,0.0,1,3983.0,3994.0,1,4030.0,4025.0,4025.0,3984.0,27.0,1079370.0,499
2023-05-10 09:14:37,b2401,b2401,3996.0,0.0,0.0,0.0,1,3983.0,3994.0,3,4030.0,4025.0,4025.0,3984.0,27.0,1079370.0,499
2023-05-10 09:14:39,b2401,b2401,3996.0,0.0,0.0,0.0,1,3983.0,3994.0,1,4030.0,4025.0,4025.0,3984.0,27.0,1079370.0,499
2023-05-10 09:14:43,b2401,b2401,3996.0,0.0,0.0,0.0,1,3983.0,3994.0,3,4030.0,4025.0,4025.0,3984.0,27.0,1079370.0,499
2023-05-10 09:14:44,b2401,b2401,3996.0,0.0,0.0,0.0,2,3983.0,3994.0,3,4030.0,4025.0,4025.0,3984.0,27.0,1079370.0,499
2023-05-10 09:14:50,b2401,b2401,3996.0,0.0,0.0,0.0,1,3983.0,3994.0,3,4030.0,4025.0,4025.0,3984.0,27.0,1079370.0,499
2023-05-10 09:14:51,b2401,b2401,3996.0,0.0,0.0,0.0,1,3983.0,3996.0,16,4030.0,4025.0,4025.0,3984.0,27.0,1079370.0,499
2023-05-10 09:15:10,b2401,b2401,3996.0,0.0,0.0,0.0,3,3983.0,3996.0,16,4030.0,4025.0,4025.0,3984.0,27.0,1079370.0,499
2023-05-10 09:15:19,b2401,b2401,3996.0,0.0,0.0,0.0,2,3983.0,3996.0,16,4030.0,4025.0,4025.0,3984.0,27.0,1079370.0,499
2023-05-10 09:15:27,b2401,b2401,3996.0,0.0,0.0,0.0,1,3983.0,3996.0,16,4030.0,4025.0,4025.0,3984.0,27.0,1079370.0,499
2023-05-10 09:15:28,b2401,b2401,3996.0,0.0,0.0,0.0,2,3983.0,3996.0,16,4030.0,4025.0,4025.0,3984.0,27.0,1079370.0,499
2023-05-10 09:15:29,b2401,b2401,3996.0,0.0,0.0,0.0,1,3983.0,3996.0,16,4030.0,4025.0,4025.0,3984.0,27.0,1079370.0,499
2023-05-10 09:15:33,b2401,b2401,3996.0,0.0,0.0,0.0,1,3983.0,3995.0,1,4030.0,4025.0,4025.0,3984.0,27.0,1079370.0,499
2023-05-10 09:15:42,b2401,b2401,3996.0,0.0,0.0,0.0,1,3983.0,3995.0,3,4030.0,4025.0,4025.0,3984.0,27.0,1079370.0,499
2023-05-10 09:15:43,b2401,b2401,3996.0,0.0,0.0,0.0,1,3983.0,3995.0,1,4030.0,4025.0,4025.0,3984.0,27.0,1079370.0,499
2023-05-10 09:15:44,b2401,b2401,3996.0,0.0,0.0,0.0,2,3983.0,3995.0,1,4030.0,4025.0,4025.0,3984.0,27.0,1079370.0,499
2023-05-10 09:15:45,b2401,b2401,3996.0,0.0,0.0,0.0,2,3983.0,3995.0,3,4030.0,4025.0,4025.0,3984.0,27.0,1079370.0,499
2023-05-10 09:15:46,b2401,b2401,3996.0,0.0,0.0,0.0,2,3983.0,3995.0,1,4030.0,4025.0,4025.0,3984.0,27.0,1079370.0,499
2023-05-10 09:15:51,b2401,b2401,3996.0,0.0,0.0,0.0,2,3983.0,3995.0,3,4030.0,4025.0,4025.0,3984.0,27.0,1079370.0,499
2023-05-10 09:15:51,b2401,b2401,3996.0,0.0,0.0,0.0,2,3983.0,3995.0,1,4030.0,4025.0,4025.0,3984.0,27.0,1079370.0,499
2023-05-10 09:15:53,b2401,b2401,3996.0,0.0,0.0,0.0,2,3983.0,3995.0,3,4030.0,4025.0,4025.0,3984.0,27.0,1079370.0,499
2023-05-10 09:15:53,b2401,b2401,3996.0,0.0,0.0,0.0,2,3983.0,3995.0,1,4030.0,4025.0,4025.0,3984.0,27.0,1079370.0,499
2023-05-10 09:15:56,b2401,b2401,3996.0,0.0,0.0,0.0,2,3983.0,3995.0,3,4030.0,4025.0,4025.0,3984.0,27.0,1079370.0,499
2023-05-10 09:15:56,b2401,b2401,3996.0,0.0,0.0,0.0,2,3983.0,3995.0,1,4030.0,4025.0,4025.0,3984.0,27.0,1079370.0,499
2023-05-10 09:15:56,b2401,b2401,3996.0,0.0,0.0,0.0,2,3983.0,3995.0,3,4030.0,4025.0,4025.0,3984.0,27.0,1079370.0,499
2023-05-10 09:15:59,b2401,b2401,3996.0,0.0,0.0,0.0,2,3983.0,3995.0,1,4030.0,4025.0,4025.0,3984.0,27.0,1079370.0,499
2023-05-10 09:16:04,b2401,b2401,3996.0,0.0,0.0,0.0,2,3983.0,3995.0,3,4030.0,4025.0,4025.0,3984.0,27.0,1079370.0,499
2023-05-10 09:16:08,b2401,b2401,3996.0,0.0,0.0,0.0,2,3983.0,3995.0,1,4030.0,4025.0,4025.0,3984.0,27.0,1079370.0,499
2023-05-10 09:16:11,b2401,b2401,3996.0,0.0,0.0,0.0,2,3983.0,3995.0,3,4030.0,4025.0,4025.0,3984.0,27.0,1079370.0,499
2023-05-10 09:16:11,b2401,b2401,3996.0,0.0,0.0,0.0,2,3983.0,3995.0,1,4030.0,4025.0,4025.0,3984.0,27.0,1079370.0,499
2023-05-10 09:16:14,b2401,b2401,3996.0,0.0,0.0,0.0,2,3983.0,3995.0,3,4030.0,4025.0,4025.0,3984.0,27.0,1079370.0,499
2023-05-10 09:16:16,b2401,b2401,3996.0,0.0,0.0,0.0,2,3983.0,3995.0,1,4030.0,4025.0,4025.0,3984.0,27.0,1079370.0,499
2023-05-10 09:16:17,b2401,b2401,3996.0,0.0,0.0,0.0,2,3983.0,3995.0,3,4030.0,4025.0,4025.0,3984.0,27.0,1079370.0,499
2023-05-10 09:16:17,b2401,b2401,3996.0,0.0,0.0,0.0,2,3983.0,3995.0,1,4030.0,4025.0,4025.0,3984.0,27.0,1079370.0,499
2023-05-10 09:16:18,b2401,b2401,3996.0,0.0,0.0,0.0,2,3983.0,3995.0,3,4030.0,4025.0,4025.0,3984.0,27.0,1079370.0,499
