time,symbol_id,symbol_name,last,trade_volume,trade_amount,open_interest_change,bv1,bp1,ap1,av1,yesterday_close,today_open,today_high,today_low,volume,amount,open_interest
2023-05-09 20:59:00,bc2309,bc2309,59460.0,1.0,297300.0,1.0,9,59450.0,59680.0,2,59430.0,59460.0,59460.0,59460.0,1.0,297300.0,660
2023-05-09 21:00:00,bc2309,bc2309,59460.0,0.0,0.0,0.0,9,59450.0,59630.0,1,59430.0,59460.0,59460.0,59460.0,1.0,297300.0,660
2023-05-09 21:00:01,bc2309,bc2309,59460.0,0.0,0.0,0.0,10,59450.0,59620.0,2,59430.0,59460.0,59460.0,59460.0,1.0,297300.0,660
2023-05-09 21:00:01,bc2309,bc2309,59460.0,0.0,0.0,0.0,9,59450.0,59590.0,1,59430.0,59460.0,59460.0,59460.0,1.0,297300.0,660
2023-05-09 21:00:02,bc2309,bc2309,59460.0,0.0,0.0,0.0,9,59450.0,59580.0,2,59430.0,59460.0,59460.0,59460.0,1.0,297300.0,660
2023-05-09 21:00:02,bc2309,bc2309,59460.0,1.0,297300.0,0.0,9,59450.0,59570.0,1,59430.0,59460.0,59460.0,59460.0,2.0,594600.0,660
2023-05-09 21:00:03,bc2309,bc2309,59460.0,0.0,0.0,0.0,9,59450.0,59560.0,2,59430.0,59460.0,59460.0,59460.0,2.0,594600.0,660
2023-05-09 21:00:03,bc2309,bc2309,59460.0,0.0,0.0,0.0,1,59470.0,59560.0,6,59430.0,59460.0,59460.0,59460.0,2.0,594600.0,660
2023-05-09 21:00:04,bc2309,bc2309,59460.0,0.0,0.0,0.0,1,59470.0,59560.0,4,59430.0,59460.0,59460.0,59460.0,2.0,594600.0,660
2023-05-09 21:00:04,bc2309,bc2309,59460.0,0.0,0.0,0.0,1,59470.0,59560.0,4,59430.0,59460.0,59460.0,59460.0,2.0,594600.0,660
2023-05-09 21:00:05,bc2309,bc2309,59460.0,0.0,0.0,0.0,1,59470.0,59550.0,1,59430.0,59460.0,59460.0,59460.0,2.0,594600.0,660
2023-05-09 21:00:05,bc2309,bc2309,59460.0,0.0,0.0,0.0,1,59470.0,59550.0,5,59430.0,59460.0,59460.0,59460.0,2.0,594600.0,660
2023-05-09 21:00:06,bc2309,bc2309,59460.0,0.0,0.0,0.0,1,59480.0,59550.0,5,59430.0,59460.0,59460.0,59460.0,2.0,594600.0,660
2023-05-09 21:00:06,bc2309,bc2309,59460.0,0.0,0.0,0.0,1,59490.0,59540.0,1,59430.0,59460.0,59460.0,59460.0,2.0,594600.0,660
2023-05-09 21:00:07,bc2309,bc2309,59460.0,0.0,0.0,0.0,1,59490.0,59530.0,1,59430.0,59460.0,59460.0,59460.0,2.0,594600.0,660
2023-05-09 21:00:11,bc2309,bc2309,59460.0,0.0,0.0,0.0,1,59490.0,59520.0,1,59430.0,59460.0,59460.0,59460.0,2.0,594600.0,660
2023-05-09 21:00:11,bc2309,bc2309,59460.0,0.0,0.0,0.0,1,59490.0,59520.0,1,59430.0,59460.0,59460.0,59460.0,2.0,594600.0,660
2023-05-09 21:00:12,bc2309,bc2309,59520.0,1.0,297600.0,1.0,1,59490.0,59530.0,1,59430.0,59460.0,59520.0,59460.0,3.0,892200.0,661
2023-05-09 21:00:13,bc2309,bc2309,59520.0,0.0,0.0,0.0,1,59490.0,59530.0,1,59430.0,59460.0,59520.0,59460.0,3.0,892200.0,661
2023-05-09 21:00:18,bc2309,bc2309,59620.0,5.0,1489250.0,4.0,1,59490.0,59610.0,1,59430.0,59460.0,59620.0,59460.0,8.0,2381450.0,665
2023-05-09 21:00:19,bc2309,bc2309,59610.0,1.0,298050.0,1.0,1,59500.0,59600.0,5,59430.0,59460.0,59620.0,59460.0,9.0,2679500.0,666
2023-05-09 21:00:19,bc2309,bc2309,59610.0,0.0,0.0,0.0,1,59500.0,59570.0,1,59430.0,59460.0,59620.0,59460.0,9.0,2679500.0,666
2023-05-09 21:00:20,bc2309,bc2309,59610.0,0.0,0.0,0.0,1,59510.0,59560.0,1,59430.0,59460.0,59620.0,59460.0,9.0,2679500.0,666
2023-05-09 21:00:20,bc2309,bc2309,59610.0,0.0,0.0,0.0,1,59520.0,59560.0,5,59430.0,59460.0,59620.0,59460.0,9.0,2679500.0,666
2023-05-09 21:00:21,bc2309,bc2309,59610.0,0.0,0.0,0.0,1,59520.0,59560.0,5,59430.0,59460.0,59620.0,59460.0,9.0,2679500.0,666
2023-05-09 21:00:22,bc2309,bc2309,59610.0,0.0,0.0,0.0,1,59520.0,59560.0,5,59430.0,59460.0,59620.0,59460.0,9.0,2679500.0,666
2023-05-09 21:00:23,bc2309,bc2309,59510.0,2.0,595150.0,-1.0,1,59460.0,59520.0,1,59430.0,59460.0,59620.0,59460.0,11.0,3274650.0,665
2023-05-09 21:00:24,bc2309,bc2309,59510.0,1.0,297550.0,1.0,1,59490.0,59520.0,1,59430.0,59460.0,59620.0,59460.0,12.0,3572200.0,666
2023-05-09 21:00:24,bc2309,bc2309,59520.0,1.0,297600.0,0.0,1,59490.0,59570.0,1,59430.0,59460.0,59620.0,59460.0,13.0,3869800.0,666
2023-05-09 21:00:25,bc2309,bc2309,59520.0,0.0,0.0,0.0,1,59490.0,59560.0,1,59430.0,59460.0,59620.0,59460.0,13.0,3869800.0,666
2023-05-09 21:00:25,bc2309,bc2309,59520.0,0.0,0.0,0.0,1,59490.0,59560.0,5,59430.0,59460.0,59620.0,59460.0,13.0,3869800.0,666
2023-05-09 21:00:26,bc2309,bc2309,59520.0,0.0,0.0,0.0,1,59490.0,59560.0,5,59430.0,59460.0,59620.0,59460.0,13.0,3869800.0,666
2023-05-09 21:00:27,bc2309,bc2309,59520.0,0.0,0.0,0.0,1,59490.0,59560.0,5,59430.0,59460.0,59620.0,59460.0,13.0,3869800.0,666
2023-05-09 21:00:28,bc2309,bc2309,59520.0,0.0,0.0,0.0,1,59490.0,59560.0,5,59430.0,59460.0,59620.0,59460.0,13.0,3869800.0,666
2023-05-09 21:00:29,bc2309,bc2309,59520.0,0.0,0.0,0.0,1,59500.0,59560.0,5,59430.0,59460.0,59620.0,59460.0,13.0,3869800.0,666
2023-05-09 21:00:30,bc2309,bc2309,59520.0,0.0,0.0,0.0,1,59500.0,59560.0,5,59430.0,59460.0,59620.0,59460.0,13.0,3869800.0,666
2023-05-09 21:00:30,bc2309,bc2309,59520.0,0.0,0.0,0.0,1,59500.0,59560.0,5,59430.0,59460.0,59620.0,59460.0,13.0,3869800.0,666
2023-05-09 21:00:31,bc2309,bc2309,59520.0,0.0,0.0,0.0,1,59500.0,59560.0,5,59430.0,59460.0,59620.0,59460.0,13.0,3869800.0,666
2023-05-09 21:00:31,bc2309,bc2309,59520.0,0.0,0.0,0.0,1,59510.0,59560.0,5,59430.0,59460.0,59620.0,59460.0,13.0,3869800.0,666
2023-05-09 21:00:32,bc2309,bc2309,59560.0,1.0,297800.0,1.0,1,59520.0,59560.0,4,59430.0,59460.0,59620.0,59460.0,14.0,4167600.0,667
2023-05-09 21:00:32,bc2309,bc2309,59560.0,0.0,0.0,0.0,1,59520.0,59580.0,3,59430.0,59460.0,59620.0,59460.0,14.0,4167600.0,667
2023-05-09 21:00:33,bc2309,bc2309,59560.0,0.0,0.0,0.0,1,59520.0,59580.0,4,59430.0,59460.0,59620.0,59460.0,14.0,4167600.0,667
2023-05-09 21:00:33,bc2309,bc2309,59560.0,0.0,0.0,0.0,1,59520.0,59580.0,4,59430.0,59460.0,59620.0,59460.0,14.0,4167600.0,667
2023-05-09 21:00:34,bc2309,bc2309,59560.0,0.0,0.0,0.0,1,59520.0,59570.0,1,59430.0,59460.0,59620.0,59460.0,14.0,4167600.0,667
2023-05-09 21:00:34,bc2309,bc2309,59560.0,0.0,0.0,0.0,1,59520.0,59570.0,5,59430.0,59460.0,59620.0,59460.0,14.0,4167600.0,667
2023-05-09 21:00:35,bc2309,bc2309,59560.0,0.0,0.0,0.0,1,59520.0,59570.0,5,59430.0,59460.0,59620.0,59460.0,14.0,4167600.0,667
2023-05-09 21:00:35,bc2309,bc2309,59560.0,0.0,0.0,0.0,1,59520.0,59570.0,5,59430.0,59460.0,59620.0,59460.0,14.0,4167600.0,667
2023-05-09 21:00:36,bc2309,bc2309,59560.0,0.0,0.0,0.0,1,59520.0,59570.0,5,59430.0,59460.0,59620.0,59460.0,14.0,4167600.0,667
2023-05-09 21:00:36,bc2309,bc2309,59560.0,0.0,0.0,0.0,1,59520.0,59570.0,5,59430.0,59460.0,59620.0,59460.0,14.0,4167600.0,667
2023-05-09 21:00:37,bc2309,bc2309,59560.0,0.0,0.0,0.0,1,59520.0,59570.0,5,59430.0,59460.0,59620.0,59460.0,14.0,4167600.0,667
2023-05-09 21:00:37,bc2309,bc2309,59560.0,0.0,0.0,0.0,1,59510.0,59570.0,4,59430.0,59460.0,59620.0,59460.0,14.0,4167600.0,667
2023-05-09 21:00:38,bc2309,bc2309,59560.0,0.0,0.0,0.0,1,59510.0,59570.0,4,59430.0,59460.0,59620.0,59460.0,14.0,4167600.0,667
2023-05-09 21:00:38,bc2309,bc2309,59560.0,0.0,0.0,0.0,1,59430.0,59570.0,4,59430.0,59460.0,59620.0,59460.0,14.0,4167600.0,667
2023-05-09 21:00:39,bc2309,bc2309,59560.0,0.0,0.0,0.0,1,59470.0,59570.0,4,59430.0,59460.0,59620.0,59460.0,14.0,4167600.0,667
2023-05-09 21:00:39,bc2309,bc2309,59560.0,0.0,0.0,0.0,2,59480.0,59570.0,5,59430.0,59460.0,59620.0,59460.0,14.0,4167600.0,667
2023-05-09 21:00:40,bc2309,bc2309,59560.0,0.0,0.0,0.0,1,59490.0,59560.0,1,59430.0,59460.0,59620.0,59460.0,14.0,4167600.0,667
2023-05-09 21:00:40,bc2309,bc2309,59560.0,0.0,0.0,0.0,1,59500.0,59560.0,5,59430.0,59460.0,59620.0,59460.0,14.0,4167600.0,667
2023-05-09 21:00:41,bc2309,bc2309,59560.0,0.0,0.0,0.0,1,59500.0,59560.0,4,59430.0,59460.0,59620.0,59460.0,14.0,4167600.0,667
2023-05-09 21:00:41,bc2309,bc2309,59560.0,0.0,0.0,0.0,1,59500.0,59560.0,4,59430.0,59460.0,59620.0,59460.0,14.0,4167600.0,667
2023-05-09 21:00:42,bc2309,bc2309,59560.0,0.0,0.0,0.0,1,59500.0,59560.0,4,59430.0,59460.0,59620.0,59460.0,14.0,4167600.0,667
2023-05-09 21:00:42,bc2309,bc2309,59560.0,0.0,0.0,0.0,1,59500.0,59560.0,4,59430.0,59460.0,59620.0,59460.0,14.0,4167600.0,667
2023-05-09 21:00:43,bc2309,bc2309,59560.0,0.0,0.0,0.0,1,59500.0,59560.0,4,59430.0,59460.0,59620.0,59460.0,14.0,4167600.0,667
2023-05-09 21:00:43,bc2309,bc2309,59560.0,0.0,0.0,0.0,1,59500.0,59560.0,4,59430.0,59460.0,59620.0,59460.0,14.0,4167600.0,667
2023-05-09 21:00:44,bc2309,bc2309,59560.0,0.0,0.0,0.0,1,59500.0,59560.0,4,59430.0,59460.0,59620.0,59460.0,14.0,4167600.0,667
2023-05-09 21:00:44,bc2309,bc2309,59560.0,0.0,0.0,0.0,1,59500.0,59560.0,4,59430.0,59460.0,59620.0,59460.0,14.0,4167600.0,667
2023-05-09 21:00:45,bc2309,bc2309,59560.0,0.0,0.0,0.0,1,59500.0,59560.0,4,59430.0,59460.0,59620.0,59460.0,14.0,4167600.0,667
2023-05-09 21:00:45,bc2309,bc2309,59560.0,0.0,0.0,0.0,1,59500.0,59560.0,6,59430.0,59460.0,59620.0,59460.0,14.0,4167600.0,667
2023-05-09 21:00:46,bc2309,bc2309,59560.0,0.0,0.0,0.0,1,59500.0,59560.0,6,59430.0,59460.0,59620.0,59460.0,14.0,4167600.0,667
2023-05-09 21:00:46,bc2309,bc2309,59560.0,0.0,0.0,0.0,1,59500.0,59560.0,6,59430.0,59460.0,59620.0,59460.0,14.0,4167600.0,667
2023-05-09 21:00:47,bc2309,bc2309,59560.0,0.0,0.0,0.0,1,59500.0,59550.0,1,59430.0,59460.0,59620.0,59460.0,14.0,4167600.0,667
2023-05-09 21:00:47,bc2309,bc2309,59560.0,0.0,0.0,0.0,1,59500.0,59550.0,6,59430.0,59460.0,59620.0,59460.0,14.0,4167600.0,667
2023-05-09 21:00:48,bc2309,bc2309,59550.0,1.0,297750.0,0.0,1,59500.0,59550.0,5,59430.0,59460.0,59620.0,59460.0,15.0,4465350.0,667
2023-05-09 21:00:48,bc2309,bc2309,59550.0,0.0,0.0,0.0,1,59500.0,59550.0,5,59430.0,59460.0,59620.0,59460.0,15.0,4465350.0,667
2023-05-09 21:00:49,bc2309,bc2309,59550.0,0.0,0.0,0.0,1,59490.0,59550.0,5,59430.0,59460.0,59620.0,59460.0,15.0,4465350.0,667
2023-05-09 21:00:49,bc2309,bc2309,59550.0,0.0,0.0,0.0,2,59490.0,59550.0,5,59430.0,59460.0,59620.0,59460.0,15.0,4465350.0,667
2023-05-09 21:00:50,bc2309,bc2309,59550.0,0.0,0.0,0.0,2,59490.0,59550.0,5,59430.0,59460.0,59620.0,59460.0,15.0,4465350.0,667
2023-05-09 21:00:50,bc2309,bc2309,59550.0,0.0,0.0,0.0,2,59490.0,59550.0,5,59430.0,59460.0,59620.0,59460.0,15.0,4465350.0,667
2023-05-09 21:00:51,bc2309,bc2309,59550.0,0.0,0.0,0.0,2,59490.0,59550.0,5,59430.0,59460.0,59620.0,59460.0,15.0,4465350.0,667
2023-05-09 21:00:51,bc2309,bc2309,59550.0,0.0,0.0,0.0,2,59490.0,59550.0,3,59430.0,59460.0,59620.0,59460.0,15.0,4465350.0,667
2023-05-09 21:00:52,bc2309,bc2309,59550.0,1.0,297750.0,0.0,5,59490.0,59530.0,3,59430.0,59460.0,59620.0,59460.0,16.0,4763100.0,667
2023-05-09 21:00:52,bc2309,bc2309,59550.0,0.0,0.0,0.0,5,59490.0,59530.0,3,59430.0,59460.0,59620.0,59460.0,16.0,4763100.0,667
2023-05-09 21:00:53,bc2309,bc2309,59550.0,0.0,0.0,0.0,5,59490.0,59530.0,5,59430.0,59460.0,59620.0,59460.0,16.0,4763100.0,667
2023-05-09 21:00:53,bc2309,bc2309,59550.0,0.0,0.0,0.0,5,59490.0,59530.0,5,59430.0,59460.0,59620.0,59460.0,16.0,4763100.0,667
2023-05-09 21:00:54,bc2309,bc2309,59550.0,0.0,0.0,0.0,5,59490.0,59530.0,5,59430.0,59460.0,59620.0,59460.0,16.0,4763100.0,667
2023-05-09 21:00:54,bc2309,bc2309,59550.0,0.0,0.0,0.0,5,59490.0,59530.0,3,59430.0,59460.0,59620.0,59460.0,16.0,4763100.0,667
2023-05-09 21:00:55,bc2309,bc2309,59550.0,0.0,0.0,0.0,2,59490.0,59600.0,2,59430.0,59460.0,59620.0,59460.0,16.0,4763100.0,667
2023-05-09 21:00:55,bc2309,bc2309,59550.0,0.0,0.0,0.0,2,59490.0,59570.0,1,59430.0,59460.0,59620.0,59460.0,16.0,4763100.0,667
2023-05-09 21:00:56,bc2309,bc2309,59550.0,0.0,0.0,0.0,2,59490.0,59570.0,4,59430.0,59460.0,59620.0,59460.0,16.0,4763100.0,667
2023-05-09 21:00:57,bc2309,bc2309,59550.0,0.0,0.0,0.0,2,59490.0,59570.0,4,59430.0,59460.0,59620.0,59460.0,16.0,4763100.0,667
2023-05-09 21:00:58,bc2309,bc2309,59550.0,0.0,0.0,0.0,1,59490.0,59560.0,2,59430.0,59460.0,59620.0,59460.0,16.0,4763100.0,667
2023-05-09 21:00:58,bc2309,bc2309,59550.0,1.0,297750.0,1.0,1,59480.0,59560.0,6,59430.0,59460.0,59620.0,59460.0,17.0,5060850.0,668
2023-05-09 21:00:59,bc2309,bc2309,59550.0,0.0,0.0,0.0,1,59480.0,59550.0,1,59430.0,59460.0,59620.0,59460.0,17.0,5060850.0,668
2023-05-09 21:01:00,bc2309,bc2309,59550.0,0.0,0.0,0.0,1,59480.0,59550.0,3,59430.0,59460.0,59620.0,59460.0,17.0,5060850.0,668
2023-05-09 21:01:00,bc2309,bc2309,59550.0,0.0,0.0,0.0,1,59480.0,59540.0,1,59430.0,59460.0,59620.0,59460.0,17.0,5060850.0,668
2023-05-09 21:01:01,bc2309,bc2309,59550.0,0.0,0.0,0.0,1,59490.0,59540.0,4,59430.0,59460.0,59620.0,59460.0,17.0,5060850.0,668
2023-05-09 21:01:01,bc2309,bc2309,59550.0,0.0,0.0,0.0,1,59490.0,59530.0,1,59430.0,59460.0,59620.0,59460.0,17.0,5060850.0,668
2023-05-09 21:01:02,bc2309,bc2309,59550.0,0.0,0.0,0.0,1,59490.0,59530.0,3,59430.0,59460.0,59620.0,59460.0,17.0,5060850.0,668
2023-05-09 21:01:02,bc2309,bc2309,59550.0,0.0,0.0,0.0,1,59440.0,59530.0,3,59430.0,59460.0,59620.0,59460.0,17.0,5060850.0,668
2023-05-09 21:01:03,bc2309,bc2309,59550.0,0.0,0.0,0.0,2,59450.0,59530.0,3,59430.0,59460.0,59620.0,59460.0,17.0,5060850.0,668
2023-05-09 21:01:03,bc2309,bc2309,59550.0,0.0,0.0,0.0,2,59450.0,59530.0,4,59430.0,59460.0,59620.0,59460.0,17.0,5060850.0,668
2023-05-09 21:01:04,bc2309,bc2309,59550.0,0.0,0.0,0.0,2,59460.0,59520.0,2,59430.0,59460.0,59620.0,59460.0,17.0,5060850.0,668
2023-05-09 21:01:04,bc2309,bc2309,59550.0,0.0,0.0,0.0,1,59480.0,59510.0,2,59430.0,59460.0,59620.0,59460.0,17.0,5060850.0,668
2023-05-09 21:01:05,bc2309,bc2309,59480.0,1.0,297400.0,-1.0,3,59460.0,59480.0,4,59430.0,59460.0,59620.0,59460.0,18.0,5358250.0,667
2023-05-09 21:01:05,bc2309,bc2309,59480.0,0.0,0.0,0.0,4,59450.0,59480.0,1,59430.0,59460.0,59620.0,59460.0,18.0,5358250.0,667
2023-05-09 21:01:06,bc2309,bc2309,59480.0,0.0,0.0,0.0,3,59460.0,59480.0,1,59430.0,59460.0,59620.0,59460.0,18.0,5358250.0,667
2023-05-09 21:01:06,bc2309,bc2309,59480.0,0.0,0.0,0.0,1,59460.0,59480.0,1,59430.0,59460.0,59620.0,59460.0,18.0,5358250.0,667
2023-05-09 21:01:07,bc2309,bc2309,59480.0,0.0,0.0,0.0,1,59460.0,59480.0,1,59430.0,59460.0,59620.0,59460.0,18.0,5358250.0,667
2023-05-09 21:01:07,bc2309,bc2309,59480.0,0.0,0.0,0.0,4,59450.0,59480.0,1,59430.0,59460.0,59620.0,59460.0,18.0,5358250.0,667
2023-05-09 21:01:08,bc2309,bc2309,59480.0,0.0,0.0,0.0,5,59450.0,59480.0,4,59430.0,59460.0,59620.0,59460.0,18.0,5358250.0,667
2023-05-09 21:01:08,bc2309,bc2309,59450.0,1.0,297250.0,-1.0,3,59440.0,59470.0,3,59430.0,59460.0,59620.0,59450.0,19.0,5655500.0,666
2023-05-09 21:01:09,bc2309,bc2309,59450.0,0.0,0.0,0.0,1,59440.0,59470.0,4,59430.0,59460.0,59620.0,59450.0,19.0,5655500.0,666
2023-05-09 21:01:09,bc2309,bc2309,59450.0,0.0,0.0,0.0,2,59450.0,59470.0,4,59430.0,59460.0,59620.0,59450.0,19.0,5655500.0,666
2023-05-09 21:01:10,bc2309,bc2309,59450.0,0.0,0.0,0.0,5,59440.0,59470.0,4,59430.0,59460.0,59620.0,59450.0,19.0,5655500.0,666
2023-05-09 21:01:10,bc2309,bc2309,59450.0,0.0,0.0,0.0,3,59450.0,59470.0,4,59430.0,59460.0,59620.0,59450.0,19.0,5655500.0,666
2023-05-09 21:01:11,bc2309,bc2309,59450.0,0.0,0.0,0.0,3,59450.0,59470.0,4,59430.0,59460.0,59620.0,59450.0,19.0,5655500.0,666
2023-05-09 21:01:11,bc2309,bc2309,59450.0,0.0,0.0,0.0,3,59450.0,59470.0,4,59430.0,59460.0,59620.0,59450.0,19.0,5655500.0,666
2023-05-09 21:01:12,bc2309,bc2309,59450.0,0.0,0.0,0.0,3,59450.0,59470.0,4,59430.0,59460.0,59620.0,59450.0,19.0,5655500.0,666
2023-05-09 21:01:12,bc2309,bc2309,59450.0,0.0,0.0,0.0,3,59450.0,59470.0,1,59430.0,59460.0,59620.0,59450.0,19.0,5655500.0,666
2023-05-09 21:01:13,bc2309,bc2309,59480.0,8.0,2379150.0,1.0,3,59450.0,59490.0,3,59430.0,59460.0,59620.0,59450.0,27.0,8034650.0,667
2023-05-09 21:01:13,bc2309,bc2309,59480.0,0.0,0.0,0.0,3,59450.0,59490.0,2,59430.0,59460.0,59620.0,59450.0,27.0,8034650.0,667
2023-05-09 21:01:14,bc2309,bc2309,59480.0,0.0,0.0,0.0,9,59450.0,59480.0,5,59430.0,59460.0,59620.0,59450.0,27.0,8034650.0,667
2023-05-09 21:01:14,bc2309,bc2309,59480.0,0.0,0.0,0.0,9,59450.0,59480.0,5,59430.0,59460.0,59620.0,59450.0,27.0,8034650.0,667
2023-05-09 21:01:15,bc2309,bc2309,59480.0,0.0,0.0,0.0,9,59450.0,59480.0,5,59430.0,59460.0,59620.0,59450.0,27.0,8034650.0,667
2023-05-09 21:01:15,bc2309,bc2309,59480.0,0.0,0.0,0.0,9,59450.0,59480.0,5,59430.0,59460.0,59620.0,59450.0,27.0,8034650.0,667
2023-05-09 21:01:16,bc2309,bc2309,59480.0,0.0,0.0,0.0,9,59450.0,59480.0,5,59430.0,59460.0,59620.0,59450.0,27.0,8034650.0,667
2023-05-09 21:01:16,bc2309,bc2309,59480.0,0.0,0.0,0.0,2,59460.0,59490.0,6,59430.0,59460.0,59620.0,59450.0,27.0,8034650.0,667
2023-05-09 21:01:17,bc2309,bc2309,59480.0,0.0,0.0,0.0,2,59460.0,59490.0,6,59430.0,59460.0,59620.0,59450.0,27.0,8034650.0,667
2023-05-09 21:01:17,bc2309,bc2309,59480.0,0.0,0.0,0.0,2,59460.0,59490.0,6,59430.0,59460.0,59620.0,59450.0,27.0,8034650.0,667
2023-05-09 21:01:18,bc2309,bc2309,59480.0,0.0,0.0,0.0,2,59460.0,59490.0,6,59430.0,59460.0,59620.0,59450.0,27.0,8034650.0,667
2023-05-09 21:01:18,bc2309,bc2309,59480.0,0.0,0.0,0.0,2,59460.0,59490.0,6,59430.0,59460.0,59620.0,59450.0,27.0,8034650.0,667
2023-05-09 21:01:19,bc2309,bc2309,59480.0,0.0,0.0,0.0,2,59460.0,59490.0,6,59430.0,59460.0,59620.0,59450.0,27.0,8034650.0,667
2023-05-09 21:01:19,bc2309,bc2309,59480.0,0.0,0.0,0.0,2,59460.0,59490.0,6,59430.0,59460.0,59620.0,59450.0,27.0,8034650.0,667
2023-05-09 21:01:20,bc2309,bc2309,59480.0,0.0,0.0,0.0,2,59460.0,59490.0,6,59430.0,59460.0,59620.0,59450.0,27.0,8034650.0,667
2023-05-09 21:01:20,bc2309,bc2309,59480.0,0.0,0.0,0.0,2,59460.0,59490.0,6,59430.0,59460.0,59620.0,59450.0,27.0,8034650.0,667
2023-05-09 21:01:21,bc2309,bc2309,59480.0,0.0,0.0,0.0,2,59460.0,59490.0,6,59430.0,59460.0,59620.0,59450.0,27.0,8034650.0,667
2023-05-09 21:01:21,bc2309,bc2309,59480.0,0.0,0.0,0.0,2,59460.0,59490.0,6,59430.0,59460.0,59620.0,59450.0,27.0,8034650.0,667
2023-05-09 21:01:22,bc2309,bc2309,59480.0,0.0,0.0,0.0,9,59450.0,59490.0,6,59430.0,59460.0,59620.0,59450.0,27.0,8034650.0,667
2023-05-09 21:01:22,bc2309,bc2309,59480.0,0.0,0.0,0.0,9,59450.0,59490.0,6,59430.0,59460.0,59620.0,59450.0,27.0,8034650.0,667
2023-05-09 21:01:23,bc2309,bc2309,59480.0,0.0,0.0,0.0,9,59450.0,59490.0,6,59430.0,59460.0,59620.0,59450.0,27.0,8034650.0,667
2023-05-09 21:01:23,bc2309,bc2309,59480.0,0.0,0.0,0.0,9,59450.0,59490.0,6,59430.0,59460.0,59620.0,59450.0,27.0,8034650.0,667
2023-05-09 21:01:24,bc2309,bc2309,59500.0,5.0,1487350.0,5.0,3,59490.0,59510.0,5,59430.0,59460.0,59620.0,59450.0,32.0,9522000.0,672
2023-05-09 21:01:24,bc2309,bc2309,59490.0,3.0,892350.0,-1.0,6,59470.0,59490.0,3,59430.0,59460.0,59620.0,59450.0,35.0,10414350.0,671
2023-05-09 21:01:25,bc2309,bc2309,59490.0,0.0,0.0,0.0,3,59480.0,59500.0,3,59430.0,59460.0,59620.0,59450.0,35.0,10414350.0,671
2023-05-09 21:01:25,bc2309,bc2309,59480.0,6.0,1784400.0,-1.0,6,59470.0,59500.0,2,59430.0,59460.0,59620.0,59450.0,41.0,12198750.0,670
2023-05-09 21:01:26,bc2309,bc2309,59480.0,3.0,892200.0,3.0,3,59470.0,59500.0,2,59430.0,59460.0,59620.0,59450.0,44.0,13090950.0,673
2023-05-09 21:01:26,bc2309,bc2309,59480.0,0.0,0.0,0.0,3,59470.0,59500.0,5,59430.0,59460.0,59620.0,59450.0,44.0,13090950.0,673
2023-05-09 21:01:27,bc2309,bc2309,59480.0,0.0,0.0,0.0,3,59470.0,59500.0,5,59430.0,59460.0,59620.0,59450.0,44.0,13090950.0,673
2023-05-09 21:01:28,bc2309,bc2309,59480.0,0.0,0.0,0.0,3,59470.0,59500.0,5,59430.0,59460.0,59620.0,59450.0,44.0,13090950.0,673
2023-05-09 21:01:28,bc2309,bc2309,59480.0,0.0,0.0,0.0,8,59460.0,59490.0,3,59430.0,59460.0,59620.0,59450.0,44.0,13090950.0,673
2023-05-09 21:01:29,bc2309,bc2309,59480.0,0.0,0.0,0.0,8,59460.0,59490.0,3,59430.0,59460.0,59620.0,59450.0,44.0,13090950.0,673
2023-05-09 21:01:29,bc2309,bc2309,59460.0,1.0,297300.0,0.0,7,59460.0,59490.0,3,59430.0,59460.0,59620.0,59450.0,45.0,13388250.0,673
2023-05-09 21:01:30,bc2309,bc2309,59460.0,3.0,891900.0,-1.0,8,59450.0,59480.0,2,59430.0,59460.0,59620.0,59450.0,48.0,14280150.0,672
2023-05-09 21:01:30,bc2309,bc2309,59450.0,1.0,297250.0,-1.0,2,59440.0,59480.0,2,59430.0,59460.0,59620.0,59450.0,49.0,14577400.0,671
2023-05-09 21:01:31,bc2309,bc2309,59450.0,0.0,0.0,0.0,7,59440.0,59470.0,2,59430.0,59460.0,59620.0,59450.0,49.0,14577400.0,671
2023-05-09 21:01:31,bc2309,bc2309,59450.0,0.0,0.0,0.0,5,59440.0,59470.0,2,59430.0,59460.0,59620.0,59450.0,49.0,14577400.0,671
2023-05-09 21:01:32,bc2309,bc2309,59450.0,0.0,0.0,0.0,5,59440.0,59470.0,2,59430.0,59460.0,59620.0,59450.0,49.0,14577400.0,671
2023-05-09 21:01:32,bc2309,bc2309,59450.0,0.0,0.0,0.0,3,59450.0,59480.0,8,59430.0,59460.0,59620.0,59450.0,49.0,14577400.0,671
2023-05-09 21:01:33,bc2309,bc2309,59450.0,1.0,297250.0,0.0,6,59440.0,59480.0,6,59430.0,59460.0,59620.0,59450.0,50.0,14874650.0,671
2023-05-09 21:01:33,bc2309,bc2309,59450.0,0.0,0.0,0.0,1,59450.0,59480.0,6,59430.0,59460.0,59620.0,59450.0,50.0,14874650.0,671
2023-05-09 21:01:34,bc2309,bc2309,59450.0,0.0,0.0,0.0,1,59450.0,59480.0,6,59430.0,59460.0,59620.0,59450.0,50.0,14874650.0,671
2023-05-09 21:01:34,bc2309,bc2309,59450.0,0.0,0.0,0.0,1,59450.0,59480.0,6,59430.0,59460.0,59620.0,59450.0,50.0,14874650.0,671
2023-05-09 21:01:35,bc2309,bc2309,59450.0,0.0,0.0,0.0,1,59450.0,59480.0,6,59430.0,59460.0,59620.0,59450.0,50.0,14874650.0,671
2023-05-09 21:01:35,bc2309,bc2309,59450.0,0.0,0.0,0.0,1,59450.0,59480.0,6,59430.0,59460.0,59620.0,59450.0,50.0,14874650.0,671
2023-05-09 21:01:36,bc2309,bc2309,59450.0,0.0,0.0,0.0,1,59450.0,59480.0,6,59430.0,59460.0,59620.0,59450.0,50.0,14874650.0,671
2023-05-09 21:01:36,bc2309,bc2309,59450.0,0.0,0.0,0.0,3,59450.0,59480.0,6,59430.0,59460.0,59620.0,59450.0,50.0,14874650.0,671
2023-05-09 21:01:37,bc2309,bc2309,59450.0,0.0,0.0,0.0,3,59450.0,59480.0,6,59430.0,59460.0,59620.0,59450.0,50.0,14874650.0,671
2023-05-09 21:01:38,bc2309,bc2309,59450.0,0.0,0.0,0.0,3,59450.0,59480.0,6,59430.0,59460.0,59620.0,59450.0,50.0,14874650.0,671
2023-05-09 21:01:38,bc2309,bc2309,59450.0,0.0,0.0,0.0,3,59450.0,59480.0,6,59430.0,59460.0,59620.0,59450.0,50.0,14874650.0,671
2023-05-09 21:01:39,bc2309,bc2309,59480.0,7.0,2081800.0,2.0,3,59450.0,59490.0,1,59430.0,59460.0,59620.0,59450.0,57.0,16956450.0,673
2023-05-09 21:01:39,bc2309,bc2309,59480.0,0.0,0.0,0.0,6,59450.0,59490.0,4,59430.0,59460.0,59620.0,59450.0,57.0,16956450.0,673
2023-05-09 21:01:40,bc2309,bc2309,59480.0,0.0,0.0,0.0,5,59460.0,59490.0,7,59430.0,59460.0,59620.0,59450.0,57.0,16956450.0,673
2023-05-09 21:01:40,bc2309,bc2309,59480.0,0.0,0.0,0.0,5,59460.0,59490.0,4,59430.0,59460.0,59620.0,59450.0,57.0,16956450.0,673
2023-05-09 21:01:41,bc2309,bc2309,59480.0,0.0,0.0,0.0,8,59460.0,59490.0,4,59430.0,59460.0,59620.0,59450.0,57.0,16956450.0,673
2023-05-09 21:01:41,bc2309,bc2309,59480.0,0.0,0.0,0.0,5,59460.0,59490.0,4,59430.0,59460.0,59620.0,59450.0,57.0,16956450.0,673
2023-05-09 21:01:42,bc2309,bc2309,59480.0,0.0,0.0,0.0,3,59460.0,59490.0,4,59430.0,59460.0,59620.0,59450.0,57.0,16956450.0,673
2023-05-09 21:01:42,bc2309,bc2309,59480.0,0.0,0.0,0.0,7,59450.0,59490.0,7,59430.0,59460.0,59620.0,59450.0,57.0,16956450.0,673
2023-05-09 21:01:43,bc2309,bc2309,59480.0,0.0,0.0,0.0,9,59450.0,59480.0,2,59430.0,59460.0,59620.0,59450.0,57.0,16956450.0,673
2023-05-09 21:01:43,bc2309,bc2309,59480.0,0.0,0.0,0.0,3,59460.0,59480.0,2,59430.0,59460.0,59620.0,59450.0,57.0,16956450.0,673
2023-05-09 21:01:44,bc2309,bc2309,59480.0,0.0,0.0,0.0,7,59450.0,59490.0,7,59430.0,59460.0,59620.0,59450.0,57.0,16956450.0,673
2023-05-09 21:01:44,bc2309,bc2309,59480.0,0.0,0.0,0.0,9,59450.0,59490.0,7,59430.0,59460.0,59620.0,59450.0,57.0,16956450.0,673
2023-05-09 21:01:45,bc2309,bc2309,59480.0,0.0,0.0,0.0,9,59450.0,59490.0,7,59430.0,59460.0,59620.0,59450.0,57.0,16956450.0,673
2023-05-09 21:01:45,bc2309,bc2309,59480.0,0.0,0.0,0.0,9,59450.0,59490.0,7,59430.0,59460.0,59620.0,59450.0,57.0,16956450.0,673
2023-05-09 21:01:46,bc2309,bc2309,59480.0,0.0,0.0,0.0,7,59450.0,59490.0,7,59430.0,59460.0,59620.0,59450.0,57.0,16956450.0,673
2023-05-09 21:01:46,bc2309,bc2309,59480.0,0.0,0.0,0.0,4,59460.0,59490.0,7,59430.0,59460.0,59620.0,59450.0,57.0,16956450.0,673
2023-05-09 21:01:47,bc2309,bc2309,59480.0,0.0,0.0,0.0,7,59450.0,59490.0,7,59430.0,59460.0,59620.0,59450.0,57.0,16956450.0,673
2023-05-09 21:01:47,bc2309,bc2309,59480.0,0.0,0.0,0.0,7,59450.0,59490.0,7,59430.0,59460.0,59620.0,59450.0,57.0,16956450.0,673
2023-05-09 21:01:48,bc2309,bc2309,59480.0,0.0,0.0,0.0,7,59450.0,59490.0,7,59430.0,59460.0,59620.0,59450.0,57.0,16956450.0,673
2023-05-09 21:01:48,bc2309,bc2309,59480.0,0.0,0.0,0.0,7,59450.0,59490.0,7,59430.0,59460.0,59620.0,59450.0,57.0,16956450.0,673
2023-05-09 21:01:49,bc2309,bc2309,59480.0,0.0,0.0,0.0,7,59450.0,59490.0,7,59430.0,59460.0,59620.0,59450.0,57.0,16956450.0,673
2023-05-09 21:01:49,bc2309,bc2309,59480.0,0.0,0.0,0.0,7,59450.0,59490.0,7,59430.0,59460.0,59620.0,59450.0,57.0,16956450.0,673
2023-05-09 21:01:50,bc2309,bc2309,59480.0,0.0,0.0,0.0,7,59450.0,59490.0,7,59430.0,59460.0,59620.0,59450.0,57.0,16956450.0,673
2023-05-09 21:01:50,bc2309,bc2309,59480.0,0.0,0.0,0.0,7,59450.0,59490.0,7,59430.0,59460.0,59620.0,59450.0,57.0,16956450.0,673
2023-05-09 21:01:51,bc2309,bc2309,59480.0,0.0,0.0,0.0,3,59460.0,59490.0,4,59430.0,59460.0,59620.0,59450.0,57.0,16956450.0,673
2023-05-09 21:01:51,bc2309,bc2309,59480.0,0.0,0.0,0.0,3,59460.0,59490.0,4,59430.0,59460.0,59620.0,59450.0,57.0,16956450.0,673
2023-05-09 21:01:52,bc2309,bc2309,59480.0,0.0,0.0,0.0,3,59460.0,59490.0,4,59430.0,59460.0,59620.0,59450.0,57.0,16956450.0,673
2023-05-09 21:01:52,bc2309,bc2309,59480.0,0.0,0.0,0.0,3,59460.0,59490.0,4,59430.0,59460.0,59620.0,59450.0,57.0,16956450.0,673
2023-05-09 21:01:53,bc2309,bc2309,59480.0,0.0,0.0,0.0,3,59460.0,59490.0,4,59430.0,59460.0,59620.0,59450.0,57.0,16956450.0,673
2023-05-09 21:01:53,bc2309,bc2309,59480.0,0.0,0.0,0.0,3,59460.0,59490.0,4,59430.0,59460.0,59620.0,59450.0,57.0,16956450.0,673
2023-05-09 21:01:54,bc2309,bc2309,59480.0,0.0,0.0,0.0,3,59460.0,59490.0,4,59430.0,59460.0,59620.0,59450.0,57.0,16956450.0,673
2023-05-09 21:01:54,bc2309,bc2309,59480.0,0.0,0.0,0.0,3,59460.0,59490.0,4,59430.0,59460.0,59620.0,59450.0,57.0,16956450.0,673
2023-05-09 21:01:55,bc2309,bc2309,59480.0,0.0,0.0,0.0,3,59460.0,59490.0,4,59430.0,59460.0,59620.0,59450.0,57.0,16956450.0,673
2023-05-09 21:01:55,bc2309,bc2309,59480.0,0.0,0.0,0.0,7,59450.0,59490.0,7,59430.0,59460.0,59620.0,59450.0,57.0,16956450.0,673
2023-05-09 21:01:56,bc2309,bc2309,59480.0,0.0,0.0,0.0,9,59450.0,59490.0,7,59430.0,59460.0,59620.0,59450.0,57.0,16956450.0,673
2023-05-09 21:01:56,bc2309,bc2309,59480.0,0.0,0.0,0.0,9,59450.0,59490.0,7,59430.0,59460.0,59620.0,59450.0,57.0,16956450.0,673
2023-05-09 21:01:57,bc2309,bc2309,59480.0,0.0,0.0,0.0,9,59450.0,59490.0,7,59430.0,59460.0,59620.0,59450.0,57.0,16956450.0,673
2023-05-09 21:01:57,bc2309,bc2309,59480.0,0.0,0.0,0.0,2,59460.0,59490.0,7,59430.0,59460.0,59620.0,59450.0,57.0,16956450.0,673
2023-05-09 21:01:58,bc2309,bc2309,59480.0,0.0,0.0,0.0,2,59460.0,59490.0,7,59430.0,59460.0,59620.0,59450.0,57.0,16956450.0,673
2023-05-09 21:02:00,bc2309,bc2309,59480.0,0.0,0.0,0.0,2,59460.0,59490.0,7,59430.0,59460.0,59620.0,59450.0,57.0,16956450.0,673
2023-05-09 21:02:00,bc2309,bc2309,59480.0,0.0,0.0,0.0,7,59450.0,59490.0,7,59430.0,59460.0,59620.0,59450.0,57.0,16956450.0,673
2023-05-09 21:02:01,bc2309,bc2309,59480.0,0.0,0.0,0.0,9,59450.0,59490.0,7,59430.0,59460.0,59620.0,59450.0,57.0,16956450.0,673
2023-05-09 21:02:01,bc2309,bc2309,59480.0,0.0,0.0,0.0,7,59450.0,59480.0,2,59430.0,59460.0,59620.0,59450.0,57.0,16956450.0,673
2023-05-09 21:02:02,bc2309,bc2309,59480.0,0.0,0.0,0.0,7,59450.0,59480.0,2,59430.0,59460.0,59620.0,59450.0,57.0,16956450.0,673
2023-05-09 21:02:02,bc2309,bc2309,59450.0,5.0,1486250.0,-1.0,9,59430.0,59450.0,3,59430.0,59460.0,59620.0,59450.0,62.0,18442700.0,672
2023-05-09 21:02:03,bc2309,bc2309,59450.0,3.0,891750.0,0.0,3,59450.0,59470.0,3,59430.0,59460.0,59620.0,59450.0,65.0,19334450.0,672
2023-05-09 21:02:03,bc2309,bc2309,59450.0,0.0,0.0,0.0,6,59440.0,59470.0,1,59430.0,59460.0,59620.0,59450.0,65.0,19334450.0,672
2023-05-09 21:02:04,bc2309,bc2309,59450.0,0.0,0.0,0.0,8,59440.0,59470.0,1,59430.0,59460.0,59620.0,59450.0,65.0,19334450.0,672
2023-05-09 21:02:04,bc2309,bc2309,59450.0,0.0,0.0,0.0,5,59450.0,59470.0,1,59430.0,59460.0,59620.0,59450.0,65.0,19334450.0,672
2023-05-09 21:02:05,bc2309,bc2309,59450.0,5.0,1486250.0,-2.0,3,59440.0,59470.0,1,59430.0,59460.0,59620.0,59450.0,70.0,20820700.0,670
2023-05-09 21:02:05,bc2309,bc2309,59450.0,0.0,0.0,0.0,5,59440.0,59470.0,1,59430.0,59460.0,59620.0,59450.0,70.0,20820700.0,670
2023-05-09 21:02:06,bc2309,bc2309,59450.0,0.0,0.0,0.0,5,59440.0,59480.0,3,59430.0,59460.0,59620.0,59450.0,70.0,20820700.0,670
2023-05-09 21:02:06,bc2309,bc2309,59450.0,0.0,0.0,0.0,5,59440.0,59480.0,3,59430.0,59460.0,59620.0,59450.0,70.0,20820700.0,670
2023-05-09 21:02:07,bc2309,bc2309,59450.0,0.0,0.0,0.0,8,59440.0,59480.0,6,59430.0,59460.0,59620.0,59450.0,70.0,20820700.0,670
2023-05-09 21:02:07,bc2309,bc2309,59440.0,5.0,1486000.0,-3.0,1,59440.0,59470.0,2,59430.0,59460.0,59620.0,59440.0,75.0,22306700.0,667
2023-05-09 21:02:08,bc2309,bc2309,59440.0,0.0,0.0,0.0,3,59430.0,59470.0,4,59430.0,59460.0,59620.0,59440.0,75.0,22306700.0,667
2023-05-09 21:02:08,bc2309,bc2309,59440.0,0.0,0.0,0.0,3,59440.0,59470.0,7,59430.0,59460.0,59620.0,59440.0,75.0,22306700.0,667
2023-05-09 21:02:09,bc2309,bc2309,59440.0,3.0,891600.0,1.0,1,59440.0,59460.0,3,59430.0,59460.0,59620.0,59440.0,78.0,23198300.0,668
2023-05-09 21:02:09,bc2309,bc2309,59440.0,2.0,594500.0,0.0,3,59430.0,59460.0,4,59430.0,59460.0,59620.0,59440.0,80.0,23792800.0,668
2023-05-09 21:02:10,bc2309,bc2309,59440.0,0.0,0.0,0.0,3,59430.0,59460.0,6,59430.0,59460.0,59620.0,59440.0,80.0,23792800.0,668
2023-05-09 21:02:11,bc2309,bc2309,59430.0,2.0,594300.0,2.0,1,59430.0,59460.0,6,59430.0,59460.0,59620.0,59430.0,82.0,24387100.0,670
2023-05-09 21:02:11,bc2309,bc2309,59430.0,0.0,0.0,0.0,1,59430.0,59460.0,6,59430.0,59460.0,59620.0,59430.0,82.0,24387100.0,670
2023-05-09 21:02:12,bc2309,bc2309,59430.0,0.0,0.0,0.0,1,59430.0,59460.0,6,59430.0,59460.0,59620.0,59430.0,82.0,24387100.0,670
2023-05-09 21:02:13,bc2309,bc2309,59420.0,2.0,594250.0,2.0,3,59430.0,59460.0,6,59430.0,59460.0,59620.0,59420.0,84.0,24981350.0,672
2023-05-09 21:02:13,bc2309,bc2309,59420.0,0.0,0.0,0.0,3,59430.0,59460.0,6,59430.0,59460.0,59620.0,59420.0,84.0,24981350.0,672
2023-05-09 21:02:15,bc2309,bc2309,59420.0,0.0,0.0,0.0,6,59430.0,59460.0,3,59430.0,59460.0,59620.0,59420.0,84.0,24981350.0,672
2023-05-09 21:02:15,bc2309,bc2309,59420.0,8.0,2376800.0,5.0,1,59430.0,59460.0,3,59430.0,59460.0,59620.0,59420.0,92.0,27358150.0,677
2023-05-09 21:02:16,bc2309,bc2309,59420.0,0.0,0.0,0.0,1,59430.0,59450.0,4,59430.0,59460.0,59620.0,59420.0,92.0,27358150.0,677
2023-05-09 21:02:16,bc2309,bc2309,59420.0,0.0,0.0,0.0,1,59430.0,59450.0,4,59430.0,59460.0,59620.0,59420.0,92.0,27358150.0,677
2023-05-09 21:02:17,bc2309,bc2309,59420.0,0.0,0.0,0.0,4,59420.0,59450.0,4,59430.0,59460.0,59620.0,59420.0,92.0,27358150.0,677
2023-05-09 21:02:17,bc2309,bc2309,59420.0,3.0,891300.0,1.0,2,59420.0,59450.0,4,59430.0,59460.0,59620.0,59420.0,95.0,28249450.0,678
2023-05-09 21:02:18,bc2309,bc2309,59420.0,0.0,0.0,0.0,1,59420.0,59440.0,3,59430.0,59460.0,59620.0,59420.0,95.0,28249450.0,678
2023-05-09 21:02:18,bc2309,bc2309,59420.0,0.0,0.0,0.0,1,59420.0,59440.0,3,59430.0,59460.0,59620.0,59420.0,95.0,28249450.0,678
2023-05-09 21:02:19,bc2309,bc2309,59420.0,0.0,0.0,0.0,2,59430.0,59440.0,3,59430.0,59460.0,59620.0,59420.0,95.0,28249450.0,678
2023-05-09 21:02:20,bc2309,bc2309,59420.0,0.0,0.0,0.0,2,59420.0,59450.0,7,59430.0,59460.0,59620.0,59420.0,95.0,28249450.0,678
2023-05-09 21:02:20,bc2309,bc2309,59420.0,0.0,0.0,0.0,2,59440.0,59450.0,7,59430.0,59460.0,59620.0,59420.0,95.0,28249450.0,678
2023-05-09 21:02:21,bc2309,bc2309,59440.0,2.0,594400.0,2.0,3,59430.0,59450.0,4,59430.0,59460.0,59620.0,59420.0,97.0,28843850.0,680
2023-05-09 21:02:21,bc2309,bc2309,59440.0,0.0,0.0,0.0,2,59440.0,59450.0,4,59430.0,59460.0,59620.0,59420.0,97.0,28843850.0,680
2023-05-09 21:02:22,bc2309,bc2309,59440.0,0.0,0.0,0.0,2,59430.0,59450.0,4,59430.0,59460.0,59620.0,59420.0,97.0,28843850.0,680
2023-05-09 21:02:22,bc2309,bc2309,59440.0,0.0,0.0,0.0,2,59430.0,59450.0,4,59430.0,59460.0,59620.0,59420.0,97.0,28843850.0,680
2023-05-09 21:02:23,bc2309,bc2309,59440.0,0.0,0.0,0.0,2,59430.0,59450.0,4,59430.0,59460.0,59620.0,59420.0,97.0,28843850.0,680
2023-05-09 21:02:23,bc2309,bc2309,59440.0,0.0,0.0,0.0,2,59430.0,59450.0,4,59430.0,59460.0,59620.0,59420.0,97.0,28843850.0,680
2023-05-09 21:02:25,bc2309,bc2309,59440.0,0.0,0.0,0.0,2,59430.0,59450.0,4,59430.0,59460.0,59620.0,59420.0,97.0,28843850.0,680
2023-05-09 21:02:26,bc2309,bc2309,59440.0,0.0,0.0,0.0,2,59430.0,59450.0,3,59430.0,59460.0,59620.0,59420.0,97.0,28843850.0,680
2023-05-09 21:02:27,bc2309,bc2309,59440.0,0.0,0.0,0.0,2,59430.0,59460.0,7,59430.0,59460.0,59620.0,59420.0,97.0,28843850.0,680
2023-05-09 21:02:27,bc2309,bc2309,59440.0,0.0,0.0,0.0,2,59430.0,59460.0,7,59430.0,59460.0,59620.0,59420.0,97.0,28843850.0,680
2023-05-09 21:02:28,bc2309,bc2309,59440.0,0.0,0.0,0.0,2,59430.0,59460.0,7,59430.0,59460.0,59620.0,59420.0,97.0,28843850.0,680
2023-05-09 21:02:28,bc2309,bc2309,59440.0,0.0,0.0,0.0,2,59430.0,59460.0,7,59430.0,59460.0,59620.0,59420.0,97.0,28843850.0,680
2023-05-09 21:02:29,bc2309,bc2309,59440.0,0.0,0.0,0.0,2,59430.0,59460.0,7,59430.0,59460.0,59620.0,59420.0,97.0,28843850.0,680
2023-05-09 21:02:30,bc2309,bc2309,59440.0,0.0,0.0,0.0,2,59430.0,59460.0,6,59430.0,59460.0,59620.0,59420.0,97.0,28843850.0,680
2023-05-09 21:02:30,bc2309,bc2309,59440.0,0.0,0.0,0.0,2,59450.0,59460.0,6,59430.0,59460.0,59620.0,59420.0,97.0,28843850.0,680
2023-05-09 21:02:31,bc2309,bc2309,59460.0,1.0,297300.0,-1.0,2,59440.0,59470.0,3,59430.0,59460.0,59620.0,59420.0,98.0,29141150.0,679
2023-05-09 21:02:31,bc2309,bc2309,59460.0,0.0,0.0,0.0,2,59440.0,59460.0,1,59430.0,59460.0,59620.0,59420.0,98.0,29141150.0,679
2023-05-09 21:02:32,bc2309,bc2309,59460.0,0.0,0.0,0.0,2,59440.0,59460.0,4,59430.0,59460.0,59620.0,59420.0,98.0,29141150.0,679
2023-05-09 21:02:32,bc2309,bc2309,59460.0,0.0,0.0,0.0,2,59440.0,59460.0,4,59430.0,59460.0,59620.0,59420.0,98.0,29141150.0,679
2023-05-09 21:02:33,bc2309,bc2309,59460.0,0.0,0.0,0.0,2,59440.0,59460.0,4,59430.0,59460.0,59620.0,59420.0,98.0,29141150.0,679
2023-05-09 21:02:33,bc2309,bc2309,59460.0,0.0,0.0,0.0,1,59440.0,59460.0,4,59430.0,59460.0,59620.0,59420.0,98.0,29141150.0,679
2023-05-09 21:02:34,bc2309,bc2309,59460.0,0.0,0.0,0.0,1,59440.0,59460.0,4,59430.0,59460.0,59620.0,59420.0,98.0,29141150.0,679
2023-05-09 21:02:35,bc2309,bc2309,59460.0,0.0,0.0,0.0,1,59440.0,59460.0,4,59430.0,59460.0,59620.0,59420.0,98.0,29141150.0,679
2023-05-09 21:02:36,bc2309,bc2309,59460.0,0.0,0.0,0.0,1,59440.0,59460.0,4,59430.0,59460.0,59620.0,59420.0,98.0,29141150.0,679
2023-05-09 21:02:37,bc2309,bc2309,59460.0,0.0,0.0,0.0,1,59440.0,59460.0,4,59430.0,59460.0,59620.0,59420.0,98.0,29141150.0,679
2023-05-09 21:02:40,bc2309,bc2309,59460.0,0.0,0.0,0.0,5,59430.0,59450.0,3,59430.0,59460.0,59620.0,59420.0,98.0,29141150.0,679
2023-05-09 21:02:40,bc2309,bc2309,59460.0,0.0,0.0,0.0,2,59430.0,59460.0,7,59430.0,59460.0,59620.0,59420.0,98.0,29141150.0,679
2023-05-09 21:02:41,bc2309,bc2309,59460.0,0.0,0.0,0.0,2,59430.0,59460.0,7,59430.0,59460.0,59620.0,59420.0,98.0,29141150.0,679
2023-05-09 21:02:44,bc2309,bc2309,59460.0,0.0,0.0,0.0,2,59430.0,59450.0,3,59430.0,59460.0,59620.0,59420.0,98.0,29141150.0,679
2023-05-09 21:02:44,bc2309,bc2309,59460.0,0.0,0.0,0.0,2,59430.0,59450.0,3,59430.0,59460.0,59620.0,59420.0,98.0,29141150.0,679
2023-05-09 21:02:45,bc2309,bc2309,59460.0,0.0,0.0,0.0,2,59430.0,59450.0,3,59430.0,59460.0,59620.0,59420.0,98.0,29141150.0,679
2023-05-09 21:02:45,bc2309,bc2309,59460.0,0.0,0.0,0.0,2,59430.0,59450.0,3,59430.0,59460.0,59620.0,59420.0,98.0,29141150.0,679
2023-05-09 21:02:46,bc2309,bc2309,59460.0,0.0,0.0,0.0,2,59430.0,59460.0,7,59430.0,59460.0,59620.0,59420.0,98.0,29141150.0,679
2023-05-09 21:02:46,bc2309,bc2309,59460.0,0.0,0.0,0.0,2,59430.0,59460.0,7,59430.0,59460.0,59620.0,59420.0,98.0,29141150.0,679
2023-05-09 21:02:47,bc2309,bc2309,59460.0,0.0,0.0,0.0,2,59430.0,59460.0,7,59430.0,59460.0,59620.0,59420.0,98.0,29141150.0,679
2023-05-09 21:02:47,bc2309,bc2309,59460.0,0.0,0.0,0.0,2,59430.0,59460.0,7,59430.0,59460.0,59620.0,59420.0,98.0,29141150.0,679
2023-05-09 21:02:48,bc2309,bc2309,59460.0,0.0,0.0,0.0,2,59430.0,59460.0,7,59430.0,59460.0,59620.0,59420.0,98.0,29141150.0,679
2023-05-09 21:02:52,bc2309,bc2309,59460.0,0.0,0.0,0.0,2,59430.0,59450.0,3,59430.0,59460.0,59620.0,59420.0,98.0,29141150.0,679
2023-05-09 21:02:52,bc2309,bc2309,59460.0,0.0,0.0,0.0,2,59430.0,59460.0,7,59430.0,59460.0,59620.0,59420.0,98.0,29141150.0,679
2023-05-09 21:02:53,bc2309,bc2309,59460.0,0.0,0.0,0.0,1,59440.0,59460.0,7,59430.0,59460.0,59620.0,59420.0,98.0,29141150.0,679
2023-05-09 21:02:53,bc2309,bc2309,59460.0,0.0,0.0,0.0,1,59440.0,59460.0,4,59430.0,59460.0,59620.0,59420.0,98.0,29141150.0,679
2023-05-09 21:02:54,bc2309,bc2309,59460.0,0.0,0.0,0.0,1,59440.0,59460.0,4,59430.0,59460.0,59620.0,59420.0,98.0,29141150.0,679
2023-05-09 21:02:54,bc2309,bc2309,59460.0,0.0,0.0,0.0,1,59440.0,59460.0,1,59430.0,59460.0,59620.0,59420.0,98.0,29141150.0,679
2023-05-09 21:02:55,bc2309,bc2309,59480.0,16.0,4757950.0,-4.0,3,59430.0,59490.0,9,59430.0,59460.0,59620.0,59420.0,114.0,33899100.0,675
2023-05-09 21:02:55,bc2309,bc2309,59480.0,0.0,0.0,0.0,4,59460.0,59480.0,1,59430.0,59460.0,59620.0,59420.0,114.0,33899100.0,675
2023-05-09 21:02:56,bc2309,bc2309,59480.0,0.0,0.0,0.0,3,59450.0,59480.0,1,59430.0,59460.0,59620.0,59420.0,114.0,33899100.0,675
2023-05-09 21:02:56,bc2309,bc2309,59480.0,0.0,0.0,0.0,2,59460.0,59480.0,1,59430.0,59460.0,59620.0,59420.0,114.0,33899100.0,675
2023-05-09 21:02:57,bc2309,bc2309,59480.0,0.0,0.0,0.0,2,59460.0,59480.0,1,59430.0,59460.0,59620.0,59420.0,114.0,33899100.0,675
2023-05-09 21:02:57,bc2309,bc2309,59480.0,0.0,0.0,0.0,2,59460.0,59480.0,1,59430.0,59460.0,59620.0,59420.0,114.0,33899100.0,675
2023-05-09 21:02:58,bc2309,bc2309,59480.0,0.0,0.0,0.0,3,59450.0,59480.0,1,59430.0,59460.0,59620.0,59420.0,114.0,33899100.0,675
2023-05-09 21:02:58,bc2309,bc2309,59480.0,0.0,0.0,0.0,3,59450.0,59480.0,1,59430.0,59460.0,59620.0,59420.0,114.0,33899100.0,675
2023-05-09 21:02:59,bc2309,bc2309,59480.0,0.0,0.0,0.0,3,59450.0,59480.0,1,59430.0,59460.0,59620.0,59420.0,114.0,33899100.0,675
2023-05-09 21:02:59,bc2309,bc2309,59480.0,0.0,0.0,0.0,6,59450.0,59480.0,1,59430.0,59460.0,59620.0,59420.0,114.0,33899100.0,675
2023-05-09 21:03:00,bc2309,bc2309,59480.0,0.0,0.0,0.0,6,59450.0,59480.0,1,59430.0,59460.0,59620.0,59420.0,114.0,33899100.0,675
2023-05-09 21:03:00,bc2309,bc2309,59480.0,0.0,0.0,0.0,6,59450.0,59480.0,1,59430.0,59460.0,59620.0,59420.0,114.0,33899100.0,675
2023-05-09 21:03:01,bc2309,bc2309,59480.0,0.0,0.0,0.0,6,59450.0,59480.0,1,59430.0,59460.0,59620.0,59420.0,114.0,33899100.0,675
2023-05-09 21:03:02,bc2309,bc2309,59480.0,0.0,0.0,0.0,3,59460.0,59480.0,1,59430.0,59460.0,59620.0,59420.0,114.0,33899100.0,675
2023-05-09 21:03:02,bc2309,bc2309,59480.0,0.0,0.0,0.0,3,59460.0,59490.0,3,59430.0,59460.0,59620.0,59420.0,114.0,33899100.0,675
2023-05-09 21:03:03,bc2309,bc2309,59480.0,0.0,0.0,0.0,6,59460.0,59490.0,2,59430.0,59460.0,59620.0,59420.0,114.0,33899100.0,675
2023-05-09 21:03:03,bc2309,bc2309,59480.0,0.0,0.0,0.0,6,59460.0,59490.0,2,59430.0,59460.0,59620.0,59420.0,114.0,33899100.0,675
2023-05-09 21:03:04,bc2309,bc2309,59480.0,0.0,0.0,0.0,6,59460.0,59490.0,2,59430.0,59460.0,59620.0,59420.0,114.0,33899100.0,675
2023-05-09 21:03:04,bc2309,bc2309,59480.0,0.0,0.0,0.0,6,59460.0,59490.0,2,59430.0,59460.0,59620.0,59420.0,114.0,33899100.0,675
2023-05-09 21:03:07,bc2309,bc2309,59480.0,0.0,0.0,0.0,5,59470.0,59490.0,2,59430.0,59460.0,59620.0,59420.0,114.0,33899100.0,675
2023-05-09 21:03:08,bc2309,bc2309,59480.0,0.0,0.0,0.0,5,59470.0,59500.0,4,59430.0,59460.0,59620.0,59420.0,114.0,33899100.0,675
2023-05-09 21:03:08,bc2309,bc2309,59480.0,0.0,0.0,0.0,8,59470.0,59500.0,3,59430.0,59460.0,59620.0,59420.0,114.0,33899100.0,675
2023-05-09 21:03:09,bc2309,bc2309,59480.0,0.0,0.0,0.0,2,59480.0,59500.0,3,59430.0,59460.0,59620.0,59420.0,114.0,33899100.0,675
2023-05-09 21:03:09,bc2309,bc2309,59480.0,0.0,0.0,0.0,3,59470.0,59490.0,1,59430.0,59460.0,59620.0,59420.0,114.0,33899100.0,675
2023-05-09 21:03:10,bc2309,bc2309,59480.0,0.0,0.0,0.0,6,59460.0,59490.0,1,59430.0,59460.0,59620.0,59420.0,114.0,33899100.0,675
2023-05-09 21:03:10,bc2309,bc2309,59480.0,0.0,0.0,0.0,6,59460.0,59490.0,1,59430.0,59460.0,59620.0,59420.0,114.0,33899100.0,675
2023-05-09 21:03:11,bc2309,bc2309,59480.0,0.0,0.0,0.0,3,59470.0,59490.0,1,59430.0,59460.0,59620.0,59420.0,114.0,33899100.0,675
2023-05-09 21:03:11,bc2309,bc2309,59480.0,0.0,0.0,0.0,3,59470.0,59490.0,1,59430.0,59460.0,59620.0,59420.0,114.0,33899100.0,675
2023-05-09 21:03:12,bc2309,bc2309,59480.0,0.0,0.0,0.0,3,59470.0,59490.0,1,59430.0,59460.0,59620.0,59420.0,114.0,33899100.0,675
2023-05-09 21:03:12,bc2309,bc2309,59480.0,0.0,0.0,0.0,3,59470.0,59490.0,1,59430.0,59460.0,59620.0,59420.0,114.0,33899100.0,675
2023-05-09 21:03:13,bc2309,bc2309,59480.0,0.0,0.0,0.0,3,59470.0,59500.0,4,59430.0,59460.0,59620.0,59420.0,114.0,33899100.0,675
2023-05-09 21:03:13,bc2309,bc2309,59480.0,0.0,0.0,0.0,3,59470.0,59500.0,6,59430.0,59460.0,59620.0,59420.0,114.0,33899100.0,675
2023-05-09 21:03:14,bc2309,bc2309,59480.0,0.0,0.0,0.0,3,59470.0,59500.0,6,59430.0,59460.0,59620.0,59420.0,114.0,33899100.0,675
2023-05-09 21:03:18,bc2309,bc2309,59480.0,0.0,0.0,0.0,3,59470.0,59500.0,4,59430.0,59460.0,59620.0,59420.0,114.0,33899100.0,675
2023-05-09 21:03:19,bc2309,bc2309,59480.0,0.0,0.0,0.0,3,59470.0,59490.0,1,59430.0,59460.0,59620.0,59420.0,114.0,33899100.0,675
2023-05-09 21:03:19,bc2309,bc2309,59480.0,0.0,0.0,0.0,3,59470.0,59490.0,1,59430.0,59460.0,59620.0,59420.0,114.0,33899100.0,675
2023-05-09 21:03:20,bc2309,bc2309,59480.0,0.0,0.0,0.0,3,59470.0,59490.0,1,59430.0,59460.0,59620.0,59420.0,114.0,33899100.0,675
2023-05-09 21:03:21,bc2309,bc2309,59480.0,0.0,0.0,0.0,7,59460.0,59490.0,1,59430.0,59460.0,59620.0,59420.0,114.0,33899100.0,675
2023-05-09 21:03:21,bc2309,bc2309,59480.0,0.0,0.0,0.0,7,59460.0,59490.0,1,59430.0,59460.0,59620.0,59420.0,114.0,33899100.0,675
2023-05-09 21:03:22,bc2309,bc2309,59480.0,0.0,0.0,0.0,7,59460.0,59490.0,1,59430.0,59460.0,59620.0,59420.0,114.0,33899100.0,675
2023-05-09 21:03:22,bc2309,bc2309,59480.0,0.0,0.0,0.0,7,59460.0,59490.0,1,59430.0,59460.0,59620.0,59420.0,114.0,33899100.0,675
2023-05-09 21:03:24,bc2309,bc2309,59480.0,0.0,0.0,0.0,6,59460.0,59490.0,1,59430.0,59460.0,59620.0,59420.0,114.0,33899100.0,675
2023-05-09 21:03:25,bc2309,bc2309,59480.0,0.0,0.0,0.0,6,59460.0,59490.0,3,59430.0,59460.0,59620.0,59420.0,114.0,33899100.0,675
2023-05-09 21:03:31,bc2309,bc2309,59480.0,0.0,0.0,0.0,6,59460.0,59490.0,6,59430.0,59460.0,59620.0,59420.0,114.0,33899100.0,675
2023-05-09 21:03:32,bc2309,bc2309,59480.0,0.0,0.0,0.0,6,59460.0,59490.0,6,59430.0,59460.0,59620.0,59420.0,114.0,33899100.0,675
2023-05-09 21:03:33,bc2309,bc2309,59480.0,0.0,0.0,0.0,3,59460.0,59480.0,1,59430.0,59460.0,59620.0,59420.0,114.0,33899100.0,675
2023-05-09 21:03:33,bc2309,bc2309,59480.0,0.0,0.0,0.0,6,59450.0,59480.0,4,59430.0,59460.0,59620.0,59420.0,114.0,33899100.0,675
2023-05-09 21:03:34,bc2309,bc2309,59480.0,0.0,0.0,0.0,6,59450.0,59480.0,4,59430.0,59460.0,59620.0,59420.0,114.0,33899100.0,675
2023-05-09 21:03:34,bc2309,bc2309,59480.0,0.0,0.0,0.0,6,59450.0,59480.0,4,59430.0,59460.0,59620.0,59420.0,114.0,33899100.0,675
2023-05-09 21:03:35,bc2309,bc2309,59480.0,0.0,0.0,0.0,6,59450.0,59480.0,4,59430.0,59460.0,59620.0,59420.0,114.0,33899100.0,675
2023-05-09 21:03:38,bc2309,bc2309,59480.0,0.0,0.0,0.0,6,59450.0,59480.0,3,59430.0,59460.0,59620.0,59420.0,114.0,33899100.0,675
2023-05-09 21:03:38,bc2309,bc2309,59480.0,0.0,0.0,0.0,2,59460.0,59480.0,3,59430.0,59460.0,59620.0,59420.0,114.0,33899100.0,675
2023-05-09 21:03:39,bc2309,bc2309,59480.0,0.0,0.0,0.0,6,59450.0,59480.0,3,59430.0,59460.0,59620.0,59420.0,114.0,33899100.0,675
2023-05-09 21:03:56,bc2309,bc2309,59480.0,0.0,0.0,0.0,6,59450.0,59480.0,4,59430.0,59460.0,59620.0,59420.0,114.0,33899100.0,675
2023-05-09 21:03:57,bc2309,bc2309,59480.0,0.0,0.0,0.0,6,59450.0,59480.0,5,59430.0,59460.0,59620.0,59420.0,114.0,33899100.0,675
2023-05-09 21:04:02,bc2309,bc2309,59480.0,0.0,0.0,0.0,3,59450.0,59480.0,5,59430.0,59460.0,59620.0,59420.0,114.0,33899100.0,675
2023-05-09 21:04:02,bc2309,bc2309,59480.0,0.0,0.0,0.0,18,59440.0,59480.0,11,59430.0,59460.0,59620.0,59420.0,114.0,33899100.0,675
2023-05-09 21:04:05,bc2309,bc2309,59480.0,0.0,0.0,0.0,16,59440.0,59460.0,1,59430.0,59460.0,59620.0,59420.0,114.0,33899100.0,675
2023-05-09 21:04:06,bc2309,bc2309,59480.0,0.0,0.0,0.0,6,59440.0,59460.0,3,59430.0,59460.0,59620.0,59420.0,114.0,33899100.0,675
2023-05-09 21:04:06,bc2309,bc2309,59480.0,0.0,0.0,0.0,3,59440.0,59460.0,3,59430.0,59460.0,59620.0,59420.0,114.0,33899100.0,675
2023-05-09 21:04:07,bc2309,bc2309,59480.0,0.0,0.0,0.0,3,59440.0,59460.0,3,59430.0,59460.0,59620.0,59420.0,114.0,33899100.0,675
2023-05-09 21:04:08,bc2309,bc2309,59480.0,0.0,0.0,0.0,15,59430.0,59460.0,4,59430.0,59460.0,59620.0,59420.0,114.0,33899100.0,675
2023-05-09 21:04:08,bc2309,bc2309,59480.0,0.0,0.0,0.0,9,59430.0,59460.0,4,59430.0,59460.0,59620.0,59420.0,114.0,33899100.0,675
2023-05-09 21:04:09,bc2309,bc2309,59480.0,0.0,0.0,0.0,6,59430.0,59460.0,4,59430.0,59460.0,59620.0,59420.0,114.0,33899100.0,675
2023-05-09 21:04:09,bc2309,bc2309,59480.0,0.0,0.0,0.0,6,59430.0,59460.0,4,59430.0,59460.0,59620.0,59420.0,114.0,33899100.0,675
2023-05-09 21:04:19,bc2309,bc2309,59480.0,0.0,0.0,0.0,6,59430.0,59460.0,7,59430.0,59460.0,59620.0,59420.0,114.0,33899100.0,675
2023-05-09 21:04:20,bc2309,bc2309,59480.0,0.0,0.0,0.0,3,59430.0,59460.0,10,59430.0,59460.0,59620.0,59420.0,114.0,33899100.0,675
2023-05-09 21:04:22,bc2309,bc2309,59430.0,2.0,594300.0,0.0,17,59420.0,59450.0,4,59430.0,59460.0,59620.0,59420.0,116.0,34493400.0,675
2023-05-09 21:04:22,bc2309,bc2309,59430.0,0.0,0.0,0.0,12,59420.0,59450.0,7,59430.0,59460.0,59620.0,59420.0,116.0,34493400.0,675
2023-05-09 21:04:23,bc2309,bc2309,59430.0,0.0,0.0,0.0,6,59420.0,59450.0,7,59430.0,59460.0,59620.0,59420.0,116.0,34493400.0,675
2023-05-09 21:04:23,bc2309,bc2309,59430.0,0.0,0.0,0.0,3,59420.0,59450.0,10,59430.0,59460.0,59620.0,59420.0,116.0,34493400.0,675
2023-05-09 21:04:24,bc2309,bc2309,59430.0,0.0,0.0,0.0,7,59410.0,59450.0,10,59430.0,59460.0,59620.0,59420.0,116.0,34493400.0,675
2023-05-09 21:04:24,bc2309,bc2309,59430.0,0.0,0.0,0.0,7,59410.0,59450.0,10,59430.0,59460.0,59620.0,59420.0,116.0,34493400.0,675
2023-05-09 21:04:25,bc2309,bc2309,59430.0,0.0,0.0,0.0,7,59410.0,59450.0,10,59430.0,59460.0,59620.0,59420.0,116.0,34493400.0,675
2023-05-09 21:04:25,bc2309,bc2309,59430.0,0.0,0.0,0.0,2,59420.0,59450.0,10,59430.0,59460.0,59620.0,59420.0,116.0,34493400.0,675
2023-05-09 21:04:26,bc2309,bc2309,59430.0,0.0,0.0,0.0,2,59420.0,59450.0,10,59430.0,59460.0,59620.0,59420.0,116.0,34493400.0,675
2023-05-09 21:04:26,bc2309,bc2309,59430.0,0.0,0.0,0.0,2,59420.0,59450.0,10,59430.0,59460.0,59620.0,59420.0,116.0,34493400.0,675
2023-05-09 21:04:27,bc2309,bc2309,59430.0,0.0,0.0,0.0,2,59420.0,59450.0,10,59430.0,59460.0,59620.0,59420.0,116.0,34493400.0,675
2023-05-09 21:04:27,bc2309,bc2309,59430.0,0.0,0.0,0.0,2,59420.0,59450.0,9,59430.0,59460.0,59620.0,59420.0,116.0,34493400.0,675
2023-05-09 21:04:28,bc2309,bc2309,59430.0,0.0,0.0,0.0,2,59420.0,59450.0,9,59430.0,59460.0,59620.0,59420.0,116.0,34493400.0,675
2023-05-09 21:04:30,bc2309,bc2309,59430.0,0.0,0.0,0.0,6,59420.0,59450.0,6,59430.0,59460.0,59620.0,59420.0,116.0,34493400.0,675
2023-05-09 21:04:31,bc2309,bc2309,59430.0,0.0,0.0,0.0,9,59420.0,59460.0,17,59430.0,59460.0,59620.0,59420.0,116.0,34493400.0,675
2023-05-09 21:04:31,bc2309,bc2309,59430.0,0.0,0.0,0.0,9,59420.0,59460.0,16,59430.0,59460.0,59620.0,59420.0,116.0,34493400.0,675
2023-05-09 21:04:33,bc2309,bc2309,59430.0,0.0,0.0,0.0,2,59430.0,59460.0,16,59430.0,59460.0,59620.0,59420.0,116.0,34493400.0,675
2023-05-09 21:04:33,bc2309,bc2309,59430.0,0.0,0.0,0.0,1,59440.0,59460.0,13,59430.0,59460.0,59620.0,59420.0,116.0,34493400.0,675
2023-05-09 21:04:34,bc2309,bc2309,59440.0,1.0,297200.0,1.0,8,59430.0,59460.0,7,59430.0,59460.0,59620.0,59420.0,117.0,34790600.0,676
2023-05-09 21:04:34,bc2309,bc2309,59440.0,0.0,0.0,0.0,8,59430.0,59460.0,4,59430.0,59460.0,59620.0,59420.0,117.0,34790600.0,676
2023-05-09 21:04:40,bc2309,bc2309,59440.0,0.0,0.0,0.0,6,59430.0,59460.0,4,59430.0,59460.0,59620.0,59420.0,117.0,34790600.0,676
2023-05-09 21:04:41,bc2309,bc2309,59440.0,0.0,0.0,0.0,3,59430.0,59460.0,7,59430.0,59460.0,59620.0,59420.0,117.0,34790600.0,676
2023-05-09 21:04:41,bc2309,bc2309,59440.0,0.0,0.0,0.0,9,59420.0,59460.0,11,59430.0,59460.0,59620.0,59420.0,117.0,34790600.0,676
2023-05-09 21:04:42,bc2309,bc2309,59440.0,0.0,0.0,0.0,9,59420.0,59460.0,11,59430.0,59460.0,59620.0,59420.0,117.0,34790600.0,676
2023-05-09 21:04:42,bc2309,bc2309,59440.0,0.0,0.0,0.0,9,59420.0,59460.0,11,59430.0,59460.0,59620.0,59420.0,117.0,34790600.0,676
2023-05-09 21:04:43,bc2309,bc2309,59440.0,0.0,0.0,0.0,8,59420.0,59460.0,11,59430.0,59460.0,59620.0,59420.0,117.0,34790600.0,676
2023-05-09 21:04:43,bc2309,bc2309,59440.0,0.0,0.0,0.0,8,59420.0,59440.0,1,59430.0,59460.0,59620.0,59420.0,117.0,34790600.0,676
2023-05-09 21:04:44,bc2309,bc2309,59440.0,0.0,0.0,0.0,3,59420.0,59450.0,5,59430.0,59460.0,59620.0,59420.0,117.0,34790600.0,676
2023-05-09 21:04:44,bc2309,bc2309,59440.0,0.0,0.0,0.0,3,59420.0,59450.0,7,59430.0,59460.0,59620.0,59420.0,117.0,34790600.0,676
2023-05-09 21:04:45,bc2309,bc2309,59440.0,0.0,0.0,0.0,3,59420.0,59450.0,7,59430.0,59460.0,59620.0,59420.0,117.0,34790600.0,676
2023-05-09 21:04:45,bc2309,bc2309,59440.0,0.0,0.0,0.0,3,59420.0,59450.0,7,59430.0,59460.0,59620.0,59420.0,117.0,34790600.0,676
2023-05-09 21:04:46,bc2309,bc2309,59440.0,0.0,0.0,0.0,3,59420.0,59450.0,7,59430.0,59460.0,59620.0,59420.0,117.0,34790600.0,676
2023-05-09 21:04:47,bc2309,bc2309,59440.0,0.0,0.0,0.0,3,59420.0,59440.0,1,59430.0,59460.0,59620.0,59420.0,117.0,34790600.0,676
2023-05-09 21:04:47,bc2309,bc2309,59440.0,0.0,0.0,0.0,3,59420.0,59440.0,3,59430.0,59460.0,59620.0,59420.0,117.0,34790600.0,676
2023-05-09 21:04:48,bc2309,bc2309,59440.0,0.0,0.0,0.0,3,59420.0,59440.0,3,59430.0,59460.0,59620.0,59420.0,117.0,34790600.0,676
2023-05-09 21:04:48,bc2309,bc2309,59440.0,0.0,0.0,0.0,3,59420.0,59440.0,3,59430.0,59460.0,59620.0,59420.0,117.0,34790600.0,676
2023-05-09 21:04:49,bc2309,bc2309,59440.0,0.0,0.0,0.0,3,59420.0,59440.0,3,59430.0,59460.0,59620.0,59420.0,117.0,34790600.0,676
2023-05-09 21:04:49,bc2309,bc2309,59440.0,0.0,0.0,0.0,10,59410.0,59440.0,3,59430.0,59460.0,59620.0,59420.0,117.0,34790600.0,676
2023-05-09 21:04:50,bc2309,bc2309,59440.0,0.0,0.0,0.0,7,59410.0,59440.0,3,59430.0,59460.0,59620.0,59420.0,117.0,34790600.0,676
2023-05-09 21:04:50,bc2309,bc2309,59440.0,0.0,0.0,0.0,7,59410.0,59430.0,1,59430.0,59460.0,59620.0,59420.0,117.0,34790600.0,676
2023-05-09 21:04:51,bc2309,bc2309,59410.0,4.0,1188200.0,4.0,19,59400.0,59430.0,7,59430.0,59460.0,59620.0,59410.0,121.0,35978800.0,680
2023-05-09 21:04:51,bc2309,bc2309,59410.0,0.0,0.0,0.0,9,59400.0,59420.0,3,59430.0,59460.0,59620.0,59410.0,121.0,35978800.0,680
2023-05-09 21:04:52,bc2309,bc2309,59410.0,0.0,0.0,0.0,12,59390.0,59420.0,3,59430.0,59460.0,59620.0,59410.0,121.0,35978800.0,680
2023-05-09 21:04:52,bc2309,bc2309,59410.0,0.0,0.0,0.0,1,59400.0,59420.0,3,59430.0,59460.0,59620.0,59410.0,121.0,35978800.0,680
2023-05-09 21:04:53,bc2309,bc2309,59410.0,0.0,0.0,0.0,3,59400.0,59420.0,3,59430.0,59460.0,59620.0,59410.0,121.0,35978800.0,680
2023-05-09 21:04:53,bc2309,bc2309,59410.0,0.0,0.0,0.0,1,59400.0,59430.0,19,59430.0,59460.0,59620.0,59410.0,121.0,35978800.0,680
2023-05-09 21:04:54,bc2309,bc2309,59410.0,0.0,0.0,0.0,1,59400.0,59430.0,15,59430.0,59460.0,59620.0,59410.0,121.0,35978800.0,680
2023-05-09 21:04:55,bc2309,bc2309,59410.0,0.0,0.0,0.0,1,59400.0,59430.0,15,59430.0,59460.0,59620.0,59410.0,121.0,35978800.0,680
2023-05-09 21:04:55,bc2309,bc2309,59410.0,0.0,0.0,0.0,3,59400.0,59430.0,13,59430.0,59460.0,59620.0,59410.0,121.0,35978800.0,680
2023-05-09 21:04:56,bc2309,bc2309,59410.0,0.0,0.0,0.0,3,59400.0,59430.0,10,59430.0,59460.0,59620.0,59410.0,121.0,35978800.0,680
2023-05-09 21:04:56,bc2309,bc2309,59410.0,0.0,0.0,0.0,3,59400.0,59430.0,10,59430.0,59460.0,59620.0,59410.0,121.0,35978800.0,680
2023-05-09 21:05:00,bc2309,bc2309,59410.0,0.0,0.0,0.0,3,59400.0,59430.0,9,59430.0,59460.0,59620.0,59410.0,121.0,35978800.0,680
2023-05-09 21:05:01,bc2309,bc2309,59430.0,2.0,594300.0,-1.0,2,59410.0,59440.0,13,59430.0,59460.0,59620.0,59410.0,123.0,36573100.0,679
2023-05-09 21:05:02,bc2309,bc2309,59430.0,0.0,0.0,0.0,2,59410.0,59430.0,3,59430.0,59460.0,59620.0,59410.0,123.0,36573100.0,679
2023-05-09 21:05:02,bc2309,bc2309,59430.0,0.0,0.0,0.0,2,59410.0,59440.0,10,59430.0,59460.0,59620.0,59410.0,123.0,36573100.0,679
2023-05-09 21:05:03,bc2309,bc2309,59430.0,0.0,0.0,0.0,2,59410.0,59440.0,9,59430.0,59460.0,59620.0,59410.0,123.0,36573100.0,679
2023-05-09 21:05:03,bc2309,bc2309,59430.0,0.0,0.0,0.0,2,59410.0,59430.0,1,59430.0,59460.0,59620.0,59410.0,123.0,36573100.0,679
2023-05-09 21:05:04,bc2309,bc2309,59430.0,0.0,0.0,0.0,18,59400.0,59430.0,4,59430.0,59460.0,59620.0,59410.0,123.0,36573100.0,679
2023-05-09 21:05:04,bc2309,bc2309,59430.0,0.0,0.0,0.0,18,59400.0,59430.0,4,59430.0,59460.0,59620.0,59410.0,123.0,36573100.0,679
2023-05-09 21:05:05,bc2309,bc2309,59430.0,0.0,0.0,0.0,18,59400.0,59430.0,4,59430.0,59460.0,59620.0,59410.0,123.0,36573100.0,679
2023-05-09 21:05:05,bc2309,bc2309,59430.0,0.0,0.0,0.0,18,59400.0,59430.0,1,59430.0,59460.0,59620.0,59410.0,123.0,36573100.0,679
2023-05-09 21:05:06,bc2309,bc2309,59430.0,0.0,0.0,0.0,3,59410.0,59440.0,7,59430.0,59460.0,59620.0,59410.0,123.0,36573100.0,679
2023-05-09 21:05:06,bc2309,bc2309,59430.0,0.0,0.0,0.0,3,59410.0,59440.0,9,59430.0,59460.0,59620.0,59410.0,123.0,36573100.0,679
2023-05-09 21:05:07,bc2309,bc2309,59430.0,0.0,0.0,0.0,3,59410.0,59430.0,3,59430.0,59460.0,59620.0,59410.0,123.0,36573100.0,679
2023-05-09 21:05:07,bc2309,bc2309,59430.0,0.0,0.0,0.0,3,59410.0,59440.0,7,59430.0,59460.0,59620.0,59410.0,123.0,36573100.0,679
2023-05-09 21:05:08,bc2309,bc2309,59430.0,0.0,0.0,0.0,3,59410.0,59440.0,9,59430.0,59460.0,59620.0,59410.0,123.0,36573100.0,679
2023-05-09 21:05:08,bc2309,bc2309,59430.0,0.0,0.0,0.0,3,59410.0,59440.0,9,59430.0,59460.0,59620.0,59410.0,123.0,36573100.0,679
2023-05-09 21:05:10,bc2309,bc2309,59430.0,0.0,0.0,0.0,3,59410.0,59440.0,9,59430.0,59460.0,59620.0,59410.0,123.0,36573100.0,679
2023-05-09 21:05:10,bc2309,bc2309,59430.0,0.0,0.0,0.0,3,59410.0,59440.0,9,59430.0,59460.0,59620.0,59410.0,123.0,36573100.0,679
2023-05-09 21:05:13,bc2309,bc2309,59430.0,0.0,0.0,0.0,3,59410.0,59440.0,8,59430.0,59460.0,59620.0,59410.0,123.0,36573100.0,679
2023-05-09 21:05:14,bc2309,bc2309,59430.0,0.0,0.0,0.0,3,59410.0,59440.0,6,59430.0,59460.0,59620.0,59410.0,123.0,36573100.0,679
2023-05-09 21:05:14,bc2309,bc2309,59440.0,5.0,1486000.0,-1.0,3,59440.0,59450.0,12,59430.0,59460.0,59620.0,59410.0,128.0,38059100.0,678
2023-05-09 21:05:15,bc2309,bc2309,59440.0,0.0,0.0,0.0,3,59440.0,59460.0,7,59430.0,59460.0,59620.0,59410.0,128.0,38059100.0,678
2023-05-09 21:05:15,bc2309,bc2309,59440.0,0.0,0.0,0.0,3,59440.0,59460.0,6,59430.0,59460.0,59620.0,59410.0,128.0,38059100.0,678
2023-05-09 21:05:16,bc2309,bc2309,59440.0,0.0,0.0,0.0,3,59440.0,59460.0,4,59430.0,59460.0,59620.0,59410.0,128.0,38059100.0,678
2023-05-09 21:05:16,bc2309,bc2309,59440.0,0.0,0.0,0.0,3,59440.0,59460.0,3,59430.0,59460.0,59620.0,59410.0,128.0,38059100.0,678
2023-05-09 21:05:17,bc2309,bc2309,59440.0,0.0,0.0,0.0,3,59440.0,59460.0,1,59430.0,59460.0,59620.0,59410.0,128.0,38059100.0,678
2023-05-09 21:05:17,bc2309,bc2309,59440.0,0.0,0.0,0.0,3,59440.0,59460.0,1,59430.0,59460.0,59620.0,59410.0,128.0,38059100.0,678
2023-05-09 21:05:18,bc2309,bc2309,59440.0,0.0,0.0,0.0,6,59440.0,59460.0,3,59430.0,59460.0,59620.0,59410.0,128.0,38059100.0,678
2023-05-09 21:05:18,bc2309,bc2309,59440.0,0.0,0.0,0.0,6,59440.0,59460.0,2,59430.0,59460.0,59620.0,59410.0,128.0,38059100.0,678
2023-05-09 21:05:19,bc2309,bc2309,59440.0,0.0,0.0,0.0,6,59440.0,59460.0,2,59430.0,59460.0,59620.0,59410.0,128.0,38059100.0,678
2023-05-09 21:05:19,bc2309,bc2309,59440.0,0.0,0.0,0.0,6,59440.0,59460.0,2,59430.0,59460.0,59620.0,59410.0,128.0,38059100.0,678
2023-05-09 21:05:21,bc2309,bc2309,59440.0,0.0,0.0,0.0,6,59440.0,59460.0,2,59430.0,59460.0,59620.0,59410.0,128.0,38059100.0,678
2023-05-09 21:05:22,bc2309,bc2309,59440.0,0.0,0.0,0.0,6,59440.0,59470.0,4,59430.0,59460.0,59620.0,59410.0,128.0,38059100.0,678
2023-05-09 21:05:22,bc2309,bc2309,59440.0,0.0,0.0,0.0,9,59440.0,59470.0,1,59430.0,59460.0,59620.0,59410.0,128.0,38059100.0,678
2023-05-09 21:05:23,bc2309,bc2309,59440.0,0.0,0.0,0.0,6,59450.0,59470.0,1,59430.0,59460.0,59620.0,59410.0,128.0,38059100.0,678
2023-05-09 21:05:24,bc2309,bc2309,59440.0,0.0,0.0,0.0,6,59450.0,59470.0,1,59430.0,59460.0,59620.0,59410.0,128.0,38059100.0,678
2023-05-09 21:05:24,bc2309,bc2309,59440.0,0.0,0.0,0.0,6,59450.0,59470.0,1,59430.0,59460.0,59620.0,59410.0,128.0,38059100.0,678
2023-05-09 21:05:25,bc2309,bc2309,59470.0,1.0,297350.0,-1.0,6,59450.0,59480.0,4,59430.0,59460.0,59620.0,59410.0,129.0,38356450.0,677
2023-05-09 21:05:25,bc2309,bc2309,59470.0,0.0,0.0,0.0,9,59450.0,59480.0,3,59430.0,59460.0,59620.0,59410.0,129.0,38356450.0,677
2023-05-09 21:05:26,bc2309,bc2309,59470.0,0.0,0.0,0.0,5,59460.0,59480.0,3,59430.0,59460.0,59620.0,59410.0,129.0,38356450.0,677
2023-05-09 21:05:26,bc2309,bc2309,59470.0,0.0,0.0,0.0,5,59460.0,59490.0,16,59430.0,59460.0,59620.0,59410.0,129.0,38356450.0,677
2023-05-09 21:05:27,bc2309,bc2309,59470.0,0.0,0.0,0.0,5,59460.0,59490.0,9,59430.0,59460.0,59620.0,59410.0,129.0,38356450.0,677
2023-05-09 21:05:27,bc2309,bc2309,59470.0,0.0,0.0,0.0,5,59460.0,59490.0,6,59430.0,59460.0,59620.0,59410.0,129.0,38356450.0,677
2023-05-09 21:05:32,bc2309,bc2309,59470.0,0.0,0.0,0.0,3,59460.0,59490.0,6,59430.0,59460.0,59620.0,59410.0,129.0,38356450.0,677
2023-05-09 21:05:33,bc2309,bc2309,59470.0,0.0,0.0,0.0,21,59450.0,59480.0,3,59430.0,59460.0,59620.0,59410.0,129.0,38356450.0,677
2023-05-09 21:05:33,bc2309,bc2309,59470.0,0.0,0.0,0.0,18,59450.0,59480.0,5,59430.0,59460.0,59620.0,59410.0,129.0,38356450.0,677
2023-05-09 21:05:34,bc2309,bc2309,59470.0,0.0,0.0,0.0,16,59450.0,59480.0,5,59430.0,59460.0,59620.0,59410.0,129.0,38356450.0,677
2023-05-09 21:05:34,bc2309,bc2309,59470.0,0.0,0.0,0.0,13,59450.0,59480.0,5,59430.0,59460.0,59620.0,59410.0,129.0,38356450.0,677
2023-05-09 21:05:35,bc2309,bc2309,59470.0,0.0,0.0,0.0,7,59450.0,59480.0,8,59430.0,59460.0,59620.0,59410.0,129.0,38356450.0,677
2023-05-09 21:05:35,bc2309,bc2309,59470.0,0.0,0.0,0.0,4,59450.0,59480.0,11,59430.0,59460.0,59620.0,59410.0,129.0,38356450.0,677
2023-05-09 21:05:36,bc2309,bc2309,59470.0,0.0,0.0,0.0,1,59450.0,59480.0,11,59430.0,59460.0,59620.0,59410.0,129.0,38356450.0,677
2023-05-09 21:05:36,bc2309,bc2309,59470.0,0.0,0.0,0.0,1,59450.0,59480.0,11,59430.0,59460.0,59620.0,59410.0,129.0,38356450.0,677
2023-05-09 21:05:38,bc2309,bc2309,59470.0,0.0,0.0,0.0,22,59440.0,59480.0,12,59430.0,59460.0,59620.0,59410.0,129.0,38356450.0,677
2023-05-09 21:05:38,bc2309,bc2309,59470.0,0.0,0.0,0.0,22,59440.0,59470.0,1,59430.0,59460.0,59620.0,59410.0,129.0,38356450.0,677
2023-05-09 21:05:39,bc2309,bc2309,59470.0,0.0,0.0,0.0,19,59440.0,59470.0,5,59430.0,59460.0,59620.0,59410.0,129.0,38356450.0,677
2023-05-09 21:05:39,bc2309,bc2309,59470.0,0.0,0.0,0.0,19,59440.0,59470.0,5,59430.0,59460.0,59620.0,59410.0,129.0,38356450.0,677
2023-05-09 21:05:40,bc2309,bc2309,59470.0,0.0,0.0,0.0,22,59440.0,59470.0,5,59430.0,59460.0,59620.0,59410.0,129.0,38356450.0,677
2023-05-09 21:05:42,bc2309,bc2309,59470.0,0.0,0.0,0.0,22,59440.0,59470.0,3,59430.0,59460.0,59620.0,59410.0,129.0,38356450.0,677
2023-05-09 21:05:43,bc2309,bc2309,59470.0,0.0,0.0,0.0,3,59450.0,59470.0,3,59430.0,59460.0,59620.0,59410.0,129.0,38356450.0,677
2023-05-09 21:05:44,bc2309,bc2309,59470.0,0.0,0.0,0.0,3,59450.0,59470.0,3,59430.0,59460.0,59620.0,59410.0,129.0,38356450.0,677
2023-05-09 21:05:44,bc2309,bc2309,59470.0,0.0,0.0,0.0,3,59450.0,59470.0,3,59430.0,59460.0,59620.0,59410.0,129.0,38356450.0,677
2023-05-09 21:05:46,bc2309,bc2309,59470.0,0.0,0.0,0.0,28,59440.0,59470.0,3,59430.0,59460.0,59620.0,59410.0,129.0,38356450.0,677
2023-05-09 21:05:46,bc2309,bc2309,59470.0,0.0,0.0,0.0,28,59440.0,59470.0,3,59430.0,59460.0,59620.0,59410.0,129.0,38356450.0,677
2023-05-09 21:05:52,bc2309,bc2309,59470.0,0.0,0.0,0.0,28,59440.0,59470.0,3,59430.0,59460.0,59620.0,59410.0,129.0,38356450.0,677
2023-05-09 21:05:53,bc2309,bc2309,59470.0,0.0,0.0,0.0,6,59450.0,59470.0,3,59430.0,59460.0,59620.0,59410.0,129.0,38356450.0,677
2023-05-09 21:05:53,bc2309,bc2309,59470.0,0.0,0.0,0.0,4,59450.0,59470.0,3,59430.0,59460.0,59620.0,59410.0,129.0,38356450.0,677
2023-05-09 21:05:54,bc2309,bc2309,59470.0,0.0,0.0,0.0,1,59450.0,59470.0,3,59430.0,59460.0,59620.0,59410.0,129.0,38356450.0,677
2023-05-09 21:05:54,bc2309,bc2309,59470.0,0.0,0.0,0.0,3,59450.0,59470.0,3,59430.0,59460.0,59620.0,59410.0,129.0,38356450.0,677
2023-05-09 21:05:55,bc2309,bc2309,59470.0,0.0,0.0,0.0,3,59450.0,59470.0,3,59430.0,59460.0,59620.0,59410.0,129.0,38356450.0,677
2023-05-09 21:05:56,bc2309,bc2309,59490.0,33.0,9814200.0,7.0,9,59490.0,59500.0,7,59430.0,59460.0,59620.0,59410.0,162.0,48170650.0,684
2023-05-09 21:05:57,bc2309,bc2309,59490.0,10.0,2974500.0,6.0,18,59480.0,59510.0,7,59430.0,59460.0,59620.0,59410.0,172.0,51145150.0,690
2023-05-09 21:05:57,bc2309,bc2309,59490.0,0.0,0.0,0.0,1,59490.0,59500.0,1,59430.0,59460.0,59620.0,59410.0,172.0,51145150.0,690
2023-05-09 21:05:58,bc2309,bc2309,59490.0,1.0,297450.0,0.0,2,59490.0,59500.0,1,59430.0,59460.0,59620.0,59410.0,173.0,51442600.0,690
2023-05-09 21:05:58,bc2309,bc2309,59490.0,0.0,0.0,0.0,23,59480.0,59500.0,1,59430.0,59460.0,59620.0,59410.0,173.0,51442600.0,690
2023-05-09 21:05:59,bc2309,bc2309,59490.0,0.0,0.0,0.0,17,59480.0,59500.0,7,59430.0,59460.0,59620.0,59410.0,173.0,51442600.0,690
2023-05-09 21:05:59,bc2309,bc2309,59490.0,0.0,0.0,0.0,14,59480.0,59500.0,4,59430.0,59460.0,59620.0,59410.0,173.0,51442600.0,690
2023-05-09 21:06:01,bc2309,bc2309,59490.0,0.0,0.0,0.0,14,59480.0,59500.0,4,59430.0,59460.0,59620.0,59410.0,173.0,51442600.0,690
2023-05-09 21:06:02,bc2309,bc2309,59490.0,0.0,0.0,0.0,14,59480.0,59500.0,1,59430.0,59460.0,59620.0,59410.0,173.0,51442600.0,690
2023-05-09 21:06:07,bc2309,bc2309,59480.0,14.0,4163600.0,1.0,20,59470.0,59480.0,3,59430.0,59460.0,59620.0,59410.0,187.0,55606200.0,691
2023-05-09 21:06:08,bc2309,bc2309,59470.0,12.0,3568200.0,12.0,7,59460.0,59470.0,6,59430.0,59460.0,59620.0,59410.0,199.0,59174400.0,703
2023-05-09 21:06:08,bc2309,bc2309,59470.0,6.0,1784100.0,-3.0,10,59450.0,59470.0,3,59430.0,59460.0,59620.0,59410.0,205.0,60958500.0,700
2023-05-09 21:06:09,bc2309,bc2309,59470.0,0.0,0.0,0.0,2,59450.0,59470.0,3,59430.0,59460.0,59620.0,59410.0,205.0,60958500.0,700
2023-05-09 21:06:09,bc2309,bc2309,59470.0,0.0,0.0,0.0,2,59450.0,59470.0,3,59430.0,59460.0,59620.0,59410.0,205.0,60958500.0,700
2023-05-09 21:06:10,bc2309,bc2309,59470.0,0.0,0.0,0.0,2,59450.0,59470.0,3,59430.0,59460.0,59620.0,59410.0,205.0,60958500.0,700
2023-05-09 21:06:10,bc2309,bc2309,59470.0,0.0,0.0,0.0,1,59450.0,59470.0,3,59430.0,59460.0,59620.0,59410.0,205.0,60958500.0,700
2023-05-09 21:06:12,bc2309,bc2309,59470.0,0.0,0.0,0.0,1,59450.0,59470.0,6,59430.0,59460.0,59620.0,59410.0,205.0,60958500.0,700
2023-05-09 21:06:13,bc2309,bc2309,59470.0,0.0,0.0,0.0,26,59440.0,59470.0,6,59430.0,59460.0,59620.0,59410.0,205.0,60958500.0,700
2023-05-09 21:06:13,bc2309,bc2309,59470.0,0.0,0.0,0.0,24,59440.0,59470.0,9,59430.0,59460.0,59620.0,59410.0,205.0,60958500.0,700
2023-05-09 21:06:14,bc2309,bc2309,59470.0,0.0,0.0,0.0,27,59440.0,59470.0,6,59430.0,59460.0,59620.0,59410.0,205.0,60958500.0,700
2023-05-09 21:06:18,bc2309,bc2309,59470.0,0.0,0.0,0.0,23,59440.0,59460.0,1,59430.0,59460.0,59620.0,59410.0,205.0,60958500.0,700
2023-05-09 21:06:18,bc2309,bc2309,59470.0,0.0,0.0,0.0,11,59440.0,59460.0,3,59430.0,59460.0,59620.0,59410.0,205.0,60958500.0,700
2023-05-09 21:06:19,bc2309,bc2309,59470.0,0.0,0.0,0.0,5,59440.0,59460.0,3,59430.0,59460.0,59620.0,59410.0,205.0,60958500.0,700
2023-05-09 21:06:19,bc2309,bc2309,59470.0,0.0,0.0,0.0,4,59440.0,59460.0,3,59430.0,59460.0,59620.0,59410.0,205.0,60958500.0,700
2023-05-09 21:06:20,bc2309,bc2309,59470.0,0.0,0.0,0.0,4,59440.0,59460.0,3,59430.0,59460.0,59620.0,59410.0,205.0,60958500.0,700
2023-05-09 21:06:21,bc2309,bc2309,59470.0,0.0,0.0,0.0,4,59440.0,59460.0,6,59430.0,59460.0,59620.0,59410.0,205.0,60958500.0,700
2023-05-09 21:06:22,bc2309,bc2309,59470.0,0.0,0.0,0.0,4,59440.0,59460.0,6,59430.0,59460.0,59620.0,59410.0,205.0,60958500.0,700
2023-05-09 21:06:22,bc2309,bc2309,59470.0,0.0,0.0,0.0,4,59440.0,59460.0,6,59430.0,59460.0,59620.0,59410.0,205.0,60958500.0,700
2023-05-09 21:06:23,bc2309,bc2309,59470.0,0.0,0.0,0.0,4,59440.0,59460.0,6,59430.0,59460.0,59620.0,59410.0,205.0,60958500.0,700
2023-05-09 21:06:25,bc2309,bc2309,59470.0,0.0,0.0,0.0,4,59440.0,59460.0,3,59430.0,59460.0,59620.0,59410.0,205.0,60958500.0,700
2023-05-09 21:06:26,bc2309,bc2309,59470.0,0.0,0.0,0.0,4,59440.0,59460.0,3,59430.0,59460.0,59620.0,59410.0,205.0,60958500.0,700
2023-05-09 21:06:28,bc2309,bc2309,59470.0,0.0,0.0,0.0,4,59440.0,59460.0,6,59430.0,59460.0,59620.0,59410.0,205.0,60958500.0,700
2023-05-09 21:06:28,bc2309,bc2309,59470.0,0.0,0.0,0.0,4,59440.0,59460.0,6,59430.0,59460.0,59620.0,59410.0,205.0,60958500.0,700
2023-05-09 21:06:30,bc2309,bc2309,59430.0,14.0,4160300.0,-1.0,15,59430.0,59450.0,4,59430.0,59460.0,59620.0,59410.0,219.0,65118800.0,699
2023-05-09 21:06:31,bc2309,bc2309,59430.0,0.0,0.0,0.0,6,59430.0,59440.0,3,59430.0,59460.0,59620.0,59410.0,219.0,65118800.0,699
2023-05-09 21:06:31,bc2309,bc2309,59440.0,6.0,1783200.0,-3.0,16,59420.0,59450.0,4,59430.0,59460.0,59620.0,59410.0,225.0,66902000.0,696
2023-05-09 21:06:32,bc2309,bc2309,59440.0,0.0,0.0,0.0,20,59420.0,59450.0,4,59430.0,59460.0,59620.0,59410.0,225.0,66902000.0,696
2023-05-09 21:06:32,bc2309,bc2309,59440.0,0.0,0.0,0.0,23,59420.0,59450.0,4,59430.0,59460.0,59620.0,59410.0,225.0,66902000.0,696
2023-05-09 21:06:33,bc2309,bc2309,59440.0,0.0,0.0,0.0,23,59420.0,59450.0,4,59430.0,59460.0,59620.0,59410.0,225.0,66902000.0,696
2023-05-09 21:06:34,bc2309,bc2309,59440.0,0.0,0.0,0.0,20,59420.0,59450.0,4,59430.0,59460.0,59620.0,59410.0,225.0,66902000.0,696
2023-05-09 21:06:34,bc2309,bc2309,59440.0,0.0,0.0,0.0,17,59420.0,59450.0,4,59430.0,59460.0,59620.0,59410.0,225.0,66902000.0,696
2023-05-09 21:06:35,bc2309,bc2309,59440.0,0.0,0.0,0.0,14,59420.0,59450.0,4,59430.0,59460.0,59620.0,59410.0,225.0,66902000.0,696
2023-05-09 21:06:35,bc2309,bc2309,59440.0,0.0,0.0,0.0,11,59420.0,59450.0,4,59430.0,59460.0,59620.0,59410.0,225.0,66902000.0,696
2023-05-09 21:06:36,bc2309,bc2309,59440.0,0.0,0.0,0.0,8,59420.0,59450.0,4,59430.0,59460.0,59620.0,59410.0,225.0,66902000.0,696
2023-05-09 21:06:37,bc2309,bc2309,59440.0,0.0,0.0,0.0,11,59420.0,59450.0,1,59430.0,59460.0,59620.0,59410.0,225.0,66902000.0,696
2023-05-09 21:06:38,bc2309,bc2309,59440.0,0.0,0.0,0.0,3,59430.0,59450.0,1,59430.0,59460.0,59620.0,59410.0,225.0,66902000.0,696
2023-05-09 21:06:38,bc2309,bc2309,59440.0,0.0,0.0,0.0,3,59430.0,59450.0,1,59430.0,59460.0,59620.0,59410.0,225.0,66902000.0,696
2023-05-09 21:06:39,bc2309,bc2309,59440.0,0.0,0.0,0.0,4,59430.0,59460.0,22,59430.0,59460.0,59620.0,59410.0,225.0,66902000.0,696
2023-05-09 21:06:39,bc2309,bc2309,59440.0,0.0,0.0,0.0,4,59430.0,59460.0,19,59430.0,59460.0,59620.0,59410.0,225.0,66902000.0,696
2023-05-09 21:06:40,bc2309,bc2309,59440.0,0.0,0.0,0.0,4,59430.0,59460.0,13,59430.0,59460.0,59620.0,59410.0,225.0,66902000.0,696
2023-05-09 21:06:40,bc2309,bc2309,59440.0,0.0,0.0,0.0,4,59430.0,59460.0,7,59430.0,59460.0,59620.0,59410.0,225.0,66902000.0,696
2023-05-09 21:06:41,bc2309,bc2309,59440.0,0.0,0.0,0.0,4,59430.0,59460.0,7,59430.0,59460.0,59620.0,59410.0,225.0,66902000.0,696
2023-05-09 21:06:42,bc2309,bc2309,59440.0,0.0,0.0,0.0,2,59440.0,59460.0,6,59430.0,59460.0,59620.0,59410.0,225.0,66902000.0,696
2023-05-09 21:06:43,bc2309,bc2309,59440.0,0.0,0.0,0.0,3,59440.0,59460.0,3,59430.0,59460.0,59620.0,59410.0,225.0,66902000.0,696
2023-05-09 21:06:43,bc2309,bc2309,59440.0,0.0,0.0,0.0,3,59440.0,59460.0,3,59430.0,59460.0,59620.0,59410.0,225.0,66902000.0,696
2023-05-09 21:06:44,bc2309,bc2309,59440.0,0.0,0.0,0.0,3,59440.0,59460.0,3,59430.0,59460.0,59620.0,59410.0,225.0,66902000.0,696
2023-05-09 21:06:44,bc2309,bc2309,59440.0,0.0,0.0,0.0,3,59440.0,59460.0,3,59430.0,59460.0,59620.0,59410.0,225.0,66902000.0,696
2023-05-09 21:06:47,bc2309,bc2309,59440.0,0.0,0.0,0.0,1,59440.0,59460.0,3,59430.0,59460.0,59620.0,59410.0,225.0,66902000.0,696
2023-05-09 21:06:47,bc2309,bc2309,59440.0,0.0,0.0,0.0,2,59440.0,59460.0,7,59430.0,59460.0,59620.0,59410.0,225.0,66902000.0,696
2023-05-09 21:06:48,bc2309,bc2309,59440.0,0.0,0.0,0.0,1,59440.0,59460.0,7,59430.0,59460.0,59620.0,59410.0,225.0,66902000.0,696
2023-05-09 21:06:48,bc2309,bc2309,59440.0,0.0,0.0,0.0,1,59440.0,59460.0,7,59430.0,59460.0,59620.0,59410.0,225.0,66902000.0,696
2023-05-09 21:06:49,bc2309,bc2309,59440.0,0.0,0.0,0.0,1,59440.0,59460.0,4,59430.0,59460.0,59620.0,59410.0,225.0,66902000.0,696
2023-05-09 21:06:49,bc2309,bc2309,59440.0,0.0,0.0,0.0,1,59440.0,59460.0,4,59430.0,59460.0,59620.0,59410.0,225.0,66902000.0,696
2023-05-09 21:06:50,bc2309,bc2309,59440.0,0.0,0.0,0.0,1,59440.0,59460.0,4,59430.0,59460.0,59620.0,59410.0,225.0,66902000.0,696
2023-05-09 21:06:50,bc2309,bc2309,59440.0,0.0,0.0,0.0,1,59440.0,59460.0,4,59430.0,59460.0,59620.0,59410.0,225.0,66902000.0,696
2023-05-09 21:07:00,bc2309,bc2309,59440.0,1.0,297200.0,-1.0,6,59430.0,59450.0,1,59430.0,59460.0,59620.0,59410.0,226.0,67199200.0,695
2023-05-09 21:07:01,bc2309,bc2309,59440.0,0.0,0.0,0.0,2,59430.0,59450.0,1,59430.0,59460.0,59620.0,59410.0,226.0,67199200.0,695
2023-05-09 21:07:01,bc2309,bc2309,59430.0,2.0,594300.0,-1.0,22,59420.0,59450.0,1,59430.0,59460.0,59620.0,59410.0,228.0,67793500.0,694
2023-05-09 21:07:02,bc2309,bc2309,59430.0,0.0,0.0,0.0,13,59420.0,59450.0,7,59430.0,59460.0,59620.0,59410.0,228.0,67793500.0,694
2023-05-09 21:07:02,bc2309,bc2309,59430.0,0.0,0.0,0.0,4,59420.0,59450.0,5,59430.0,59460.0,59620.0,59410.0,228.0,67793500.0,694
2023-05-09 21:07:03,bc2309,bc2309,59430.0,0.0,0.0,0.0,31,59410.0,59450.0,8,59430.0,59460.0,59620.0,59410.0,228.0,67793500.0,694
2023-05-09 21:07:03,bc2309,bc2309,59430.0,0.0,0.0,0.0,28,59410.0,59450.0,11,59430.0,59460.0,59620.0,59410.0,228.0,67793500.0,694
2023-05-09 21:07:04,bc2309,bc2309,59430.0,0.0,0.0,0.0,31,59410.0,59450.0,8,59430.0,59460.0,59620.0,59410.0,228.0,67793500.0,694
2023-05-09 21:07:04,bc2309,bc2309,59430.0,0.0,0.0,0.0,34,59410.0,59450.0,8,59430.0,59460.0,59620.0,59410.0,228.0,67793500.0,694
2023-05-09 21:07:05,bc2309,bc2309,59430.0,0.0,0.0,0.0,2,59420.0,59450.0,8,59430.0,59460.0,59620.0,59410.0,228.0,67793500.0,694
2023-05-09 21:07:06,bc2309,bc2309,59430.0,0.0,0.0,0.0,2,59420.0,59440.0,3,59430.0,59460.0,59620.0,59410.0,228.0,67793500.0,694
2023-05-09 21:07:06,bc2309,bc2309,59430.0,0.0,0.0,0.0,2,59420.0,59450.0,10,59430.0,59460.0,59620.0,59410.0,228.0,67793500.0,694
2023-05-09 21:07:07,bc2309,bc2309,59430.0,0.0,0.0,0.0,2,59420.0,59450.0,8,59430.0,59460.0,59620.0,59410.0,228.0,67793500.0,694
2023-05-09 21:07:07,bc2309,bc2309,59430.0,0.0,0.0,0.0,2,59420.0,59450.0,7,59430.0,59460.0,59620.0,59410.0,228.0,67793500.0,694
2023-05-09 21:07:09,bc2309,bc2309,59430.0,0.0,0.0,0.0,28,59410.0,59440.0,3,59430.0,59460.0,59620.0,59410.0,228.0,67793500.0,694
2023-05-09 21:07:09,bc2309,bc2309,59430.0,0.0,0.0,0.0,25,59410.0,59440.0,3,59430.0,59460.0,59620.0,59410.0,228.0,67793500.0,694
2023-05-09 21:07:10,bc2309,bc2309,59430.0,0.0,0.0,0.0,22,59410.0,59440.0,3,59430.0,59460.0,59620.0,59410.0,228.0,67793500.0,694
2023-05-09 21:07:10,bc2309,bc2309,59430.0,0.0,0.0,0.0,19,59410.0,59440.0,6,59430.0,59460.0,59620.0,59410.0,228.0,67793500.0,694
2023-05-09 21:07:11,bc2309,bc2309,59430.0,0.0,0.0,0.0,22,59410.0,59440.0,3,59430.0,59460.0,59620.0,59410.0,228.0,67793500.0,694
2023-05-09 21:07:11,bc2309,bc2309,59430.0,0.0,0.0,0.0,19,59410.0,59440.0,6,59430.0,59460.0,59620.0,59410.0,228.0,67793500.0,694
2023-05-09 21:07:12,bc2309,bc2309,59430.0,0.0,0.0,0.0,16,59410.0,59440.0,6,59430.0,59460.0,59620.0,59410.0,228.0,67793500.0,694
2023-05-09 21:07:12,bc2309,bc2309,59430.0,0.0,0.0,0.0,13,59410.0,59440.0,3,59430.0,59460.0,59620.0,59410.0,228.0,67793500.0,694
2023-05-09 21:07:13,bc2309,bc2309,59430.0,0.0,0.0,0.0,7,59410.0,59440.0,3,59430.0,59460.0,59620.0,59410.0,228.0,67793500.0,694
2023-05-09 21:07:13,bc2309,bc2309,59430.0,0.0,0.0,0.0,7,59410.0,59440.0,3,59430.0,59460.0,59620.0,59410.0,228.0,67793500.0,694
2023-05-09 21:07:14,bc2309,bc2309,59430.0,0.0,0.0,0.0,7,59410.0,59440.0,3,59430.0,59460.0,59620.0,59410.0,228.0,67793500.0,694
2023-05-09 21:07:16,bc2309,bc2309,59430.0,0.0,0.0,0.0,7,59410.0,59440.0,4,59430.0,59460.0,59620.0,59410.0,228.0,67793500.0,694
2023-05-09 21:07:17,bc2309,bc2309,59430.0,0.0,0.0,0.0,7,59410.0,59440.0,4,59430.0,59460.0,59620.0,59410.0,228.0,67793500.0,694
2023-05-09 21:07:17,bc2309,bc2309,59430.0,0.0,0.0,0.0,1,59420.0,59440.0,4,59430.0,59460.0,59620.0,59410.0,228.0,67793500.0,694
2023-05-09 21:07:19,bc2309,bc2309,59430.0,0.0,0.0,0.0,1,59420.0,59450.0,29,59430.0,59460.0,59620.0,59410.0,228.0,67793500.0,694
2023-05-09 21:07:20,bc2309,bc2309,59430.0,0.0,0.0,0.0,9,59420.0,59450.0,20,59430.0,59460.0,59620.0,59410.0,228.0,67793500.0,694
2023-05-09 21:07:20,bc2309,bc2309,59430.0,0.0,0.0,0.0,9,59420.0,59450.0,11,59430.0,59460.0,59620.0,59410.0,228.0,67793500.0,694
2023-05-09 21:07:21,bc2309,bc2309,59430.0,0.0,0.0,0.0,6,59420.0,59450.0,8,59430.0,59460.0,59620.0,59410.0,228.0,67793500.0,694
2023-05-09 21:07:24,bc2309,bc2309,59430.0,0.0,0.0,0.0,6,59420.0,59450.0,7,59430.0,59460.0,59620.0,59410.0,228.0,67793500.0,694
2023-05-09 21:07:24,bc2309,bc2309,59430.0,0.0,0.0,0.0,9,59420.0,59450.0,7,59430.0,59460.0,59620.0,59410.0,228.0,67793500.0,694
2023-05-09 21:07:25,bc2309,bc2309,59430.0,0.0,0.0,0.0,12,59420.0,59450.0,4,59430.0,59460.0,59620.0,59410.0,228.0,67793500.0,694
2023-05-09 21:07:25,bc2309,bc2309,59430.0,0.0,0.0,0.0,15,59420.0,59450.0,4,59430.0,59460.0,59620.0,59410.0,228.0,67793500.0,694
2023-05-09 21:07:26,bc2309,bc2309,59430.0,0.0,0.0,0.0,18,59420.0,59450.0,4,59430.0,59460.0,59620.0,59410.0,228.0,67793500.0,694
2023-05-09 21:07:26,bc2309,bc2309,59430.0,0.0,0.0,0.0,24,59420.0,59450.0,4,59430.0,59460.0,59620.0,59410.0,228.0,67793500.0,694
2023-05-09 21:07:27,bc2309,bc2309,59430.0,0.0,0.0,0.0,27,59420.0,59450.0,4,59430.0,59460.0,59620.0,59410.0,228.0,67793500.0,694
2023-05-09 21:07:27,bc2309,bc2309,59430.0,0.0,0.0,0.0,2,59430.0,59450.0,4,59430.0,59460.0,59620.0,59410.0,228.0,67793500.0,694
2023-05-09 21:07:28,bc2309,bc2309,59430.0,0.0,0.0,0.0,2,59430.0,59450.0,4,59430.0,59460.0,59620.0,59410.0,228.0,67793500.0,694
2023-05-09 21:07:31,bc2309,bc2309,59430.0,0.0,0.0,0.0,2,59430.0,59450.0,4,59430.0,59460.0,59620.0,59410.0,228.0,67793500.0,694
2023-05-09 21:07:33,bc2309,bc2309,59430.0,0.0,0.0,0.0,2,59430.0,59450.0,4,59430.0,59460.0,59620.0,59410.0,228.0,67793500.0,694
2023-05-09 21:07:37,bc2309,bc2309,59430.0,0.0,0.0,0.0,2,59430.0,59450.0,1,59430.0,59460.0,59620.0,59410.0,228.0,67793500.0,694
2023-05-09 21:07:38,bc2309,bc2309,59450.0,1.0,297250.0,-1.0,2,59430.0,59460.0,31,59430.0,59460.0,59620.0,59410.0,229.0,68090750.0,693
2023-05-09 21:07:38,bc2309,bc2309,59450.0,0.0,0.0,0.0,2,59430.0,59460.0,28,59430.0,59460.0,59620.0,59410.0,229.0,68090750.0,693
2023-05-09 21:07:39,bc2309,bc2309,59450.0,0.0,0.0,0.0,5,59430.0,59450.0,1,59430.0,59460.0,59620.0,59410.0,229.0,68090750.0,693
2023-05-09 21:07:39,bc2309,bc2309,59450.0,0.0,0.0,0.0,2,59430.0,59450.0,1,59430.0,59460.0,59620.0,59410.0,229.0,68090750.0,693
2023-05-09 21:07:40,bc2309,bc2309,59450.0,0.0,0.0,0.0,2,59430.0,59450.0,1,59430.0,59460.0,59620.0,59410.0,229.0,68090750.0,693
2023-05-09 21:07:44,bc2309,bc2309,59450.0,0.0,0.0,0.0,2,59430.0,59460.0,31,59430.0,59460.0,59620.0,59410.0,229.0,68090750.0,693
2023-05-09 21:07:45,bc2309,bc2309,59450.0,0.0,0.0,0.0,2,59430.0,59460.0,28,59430.0,59460.0,59620.0,59410.0,229.0,68090750.0,693
2023-05-09 21:07:51,bc2309,bc2309,59450.0,0.0,0.0,0.0,1,59430.0,59450.0,3,59430.0,59460.0,59620.0,59410.0,229.0,68090750.0,693
2023-05-09 21:07:51,bc2309,bc2309,59450.0,0.0,0.0,0.0,1,59430.0,59450.0,3,59430.0,59460.0,59620.0,59410.0,229.0,68090750.0,693
2023-05-09 21:07:54,bc2309,bc2309,59450.0,0.0,0.0,0.0,3,59430.0,59450.0,3,59430.0,59460.0,59620.0,59410.0,229.0,68090750.0,693
2023-05-09 21:07:54,bc2309,bc2309,59450.0,0.0,0.0,0.0,3,59430.0,59460.0,31,59430.0,59460.0,59620.0,59410.0,229.0,68090750.0,693
2023-05-09 21:07:55,bc2309,bc2309,59450.0,0.0,0.0,0.0,8,59430.0,59460.0,25,59430.0,59460.0,59620.0,59410.0,229.0,68090750.0,693
2023-05-09 21:07:55,bc2309,bc2309,59450.0,0.0,0.0,0.0,1,59440.0,59460.0,22,59430.0,59460.0,59620.0,59410.0,229.0,68090750.0,693
2023-05-09 21:07:56,bc2309,bc2309,59450.0,0.0,0.0,0.0,3,59440.0,59460.0,13,59430.0,59460.0,59620.0,59410.0,229.0,68090750.0,693
2023-05-09 21:07:56,bc2309,bc2309,59450.0,0.0,0.0,0.0,1,59440.0,59460.0,10,59430.0,59460.0,59620.0,59410.0,229.0,68090750.0,693
2023-05-09 21:07:57,bc2309,bc2309,59450.0,0.0,0.0,0.0,1,59440.0,59460.0,4,59430.0,59460.0,59620.0,59410.0,229.0,68090750.0,693
2023-05-09 21:07:57,bc2309,bc2309,59450.0,0.0,0.0,0.0,1,59440.0,59460.0,4,59430.0,59460.0,59620.0,59410.0,229.0,68090750.0,693
2023-05-09 21:07:58,bc2309,bc2309,59450.0,0.0,0.0,0.0,1,59440.0,59460.0,4,59430.0,59460.0,59620.0,59410.0,229.0,68090750.0,693
2023-05-09 21:07:58,bc2309,bc2309,59450.0,0.0,0.0,0.0,1,59440.0,59460.0,4,59430.0,59460.0,59620.0,59410.0,229.0,68090750.0,693
2023-05-09 21:07:59,bc2309,bc2309,59450.0,0.0,0.0,0.0,1,59440.0,59460.0,4,59430.0,59460.0,59620.0,59410.0,229.0,68090750.0,693
2023-05-09 21:07:59,bc2309,bc2309,59450.0,0.0,0.0,0.0,1,59440.0,59460.0,3,59430.0,59460.0,59620.0,59410.0,229.0,68090750.0,693
2023-05-09 21:08:00,bc2309,bc2309,59450.0,0.0,0.0,0.0,3,59440.0,59460.0,3,59430.0,59460.0,59620.0,59410.0,229.0,68090750.0,693
2023-05-09 21:08:00,bc2309,bc2309,59450.0,0.0,0.0,0.0,3,59440.0,59460.0,3,59430.0,59460.0,59620.0,59410.0,229.0,68090750.0,693
2023-05-09 21:08:05,bc2309,bc2309,59450.0,0.0,0.0,0.0,9,59440.0,59470.0,28,59430.0,59460.0,59620.0,59410.0,229.0,68090750.0,693
2023-05-09 21:08:05,bc2309,bc2309,59450.0,0.0,0.0,0.0,6,59450.0,59470.0,19,59430.0,59460.0,59620.0,59410.0,229.0,68090750.0,693
2023-05-09 21:08:06,bc2309,bc2309,59450.0,0.0,0.0,0.0,7,59450.0,59470.0,13,59430.0,59460.0,59620.0,59410.0,229.0,68090750.0,693
2023-05-09 21:08:06,bc2309,bc2309,59450.0,0.0,0.0,0.0,7,59450.0,59470.0,6,59430.0,59460.0,59620.0,59410.0,229.0,68090750.0,693
2023-05-09 21:08:07,bc2309,bc2309,59450.0,0.0,0.0,0.0,7,59450.0,59470.0,3,59430.0,59460.0,59620.0,59410.0,229.0,68090750.0,693
2023-05-09 21:08:08,bc2309,bc2309,59450.0,0.0,0.0,0.0,4,59450.0,59470.0,3,59430.0,59460.0,59620.0,59410.0,229.0,68090750.0,693
2023-05-09 21:08:09,bc2309,bc2309,59450.0,0.0,0.0,0.0,6,59450.0,59470.0,3,59430.0,59460.0,59620.0,59410.0,229.0,68090750.0,693
2023-05-09 21:08:10,bc2309,bc2309,59450.0,0.0,0.0,0.0,6,59450.0,59480.0,28,59430.0,59460.0,59620.0,59410.0,229.0,68090750.0,693
2023-05-09 21:08:10,bc2309,bc2309,59450.0,0.0,0.0,0.0,6,59450.0,59480.0,25,59430.0,59460.0,59620.0,59410.0,229.0,68090750.0,693
2023-05-09 21:08:12,bc2309,bc2309,59450.0,0.0,0.0,0.0,3,59450.0,59470.0,3,59430.0,59460.0,59620.0,59410.0,229.0,68090750.0,693
2023-05-09 21:08:13,bc2309,bc2309,59450.0,0.0,0.0,0.0,3,59450.0,59470.0,3,59430.0,59460.0,59620.0,59410.0,229.0,68090750.0,693
2023-05-09 21:08:13,bc2309,bc2309,59450.0,0.0,0.0,0.0,7,59450.0,59470.0,3,59430.0,59460.0,59620.0,59410.0,229.0,68090750.0,693
2023-05-09 21:08:14,bc2309,bc2309,59450.0,0.0,0.0,0.0,9,59450.0,59480.0,28,59430.0,59460.0,59620.0,59410.0,229.0,68090750.0,693
2023-05-09 21:08:14,bc2309,bc2309,59450.0,0.0,0.0,0.0,2,59460.0,59480.0,22,59430.0,59460.0,59620.0,59410.0,229.0,68090750.0,693
2023-05-09 21:08:15,bc2309,bc2309,59450.0,0.0,0.0,0.0,5,59460.0,59480.0,13,59430.0,59460.0,59620.0,59410.0,229.0,68090750.0,693
2023-05-09 21:08:15,bc2309,bc2309,59450.0,0.0,0.0,0.0,5,59460.0,59480.0,7,59430.0,59460.0,59620.0,59410.0,229.0,68090750.0,693
2023-05-09 21:08:16,bc2309,bc2309,59450.0,0.0,0.0,0.0,5,59460.0,59480.0,4,59430.0,59460.0,59620.0,59410.0,229.0,68090750.0,693
2023-05-09 21:08:16,bc2309,bc2309,59450.0,0.0,0.0,0.0,5,59460.0,59490.0,28,59430.0,59460.0,59620.0,59410.0,229.0,68090750.0,693
2023-05-09 21:08:17,bc2309,bc2309,59450.0,0.0,0.0,0.0,5,59460.0,59490.0,25,59430.0,59460.0,59620.0,59410.0,229.0,68090750.0,693
2023-05-09 21:08:17,bc2309,bc2309,59450.0,0.0,0.0,0.0,3,59470.0,59490.0,25,59430.0,59460.0,59620.0,59410.0,229.0,68090750.0,693
2023-05-09 21:08:18,bc2309,bc2309,59450.0,0.0,0.0,0.0,3,59470.0,59490.0,19,59430.0,59460.0,59620.0,59410.0,229.0,68090750.0,693
2023-05-09 21:08:18,bc2309,bc2309,59450.0,0.0,0.0,0.0,3,59470.0,59490.0,13,59430.0,59460.0,59620.0,59410.0,229.0,68090750.0,693
2023-05-09 21:08:19,bc2309,bc2309,59450.0,0.0,0.0,0.0,3,59470.0,59490.0,7,59430.0,59460.0,59620.0,59410.0,229.0,68090750.0,693
2023-05-09 21:08:19,bc2309,bc2309,59450.0,0.0,0.0,0.0,3,59470.0,59490.0,4,59430.0,59460.0,59620.0,59410.0,229.0,68090750.0,693
2023-05-09 21:08:20,bc2309,bc2309,59450.0,0.0,0.0,0.0,3,59470.0,59490.0,3,59430.0,59460.0,59620.0,59410.0,229.0,68090750.0,693
2023-05-09 21:08:20,bc2309,bc2309,59450.0,0.0,0.0,0.0,3,59470.0,59500.0,31,59430.0,59460.0,59620.0,59410.0,229.0,68090750.0,693
2023-05-09 21:08:21,bc2309,bc2309,59450.0,0.0,0.0,0.0,3,59470.0,59500.0,28,59430.0,59460.0,59620.0,59410.0,229.0,68090750.0,693
2023-05-09 21:08:21,bc2309,bc2309,59450.0,0.0,0.0,0.0,6,59470.0,59500.0,25,59430.0,59460.0,59620.0,59410.0,229.0,68090750.0,693
2023-05-09 21:08:22,bc2309,bc2309,59450.0,0.0,0.0,0.0,6,59470.0,59500.0,25,59430.0,59460.0,59620.0,59410.0,229.0,68090750.0,693
2023-05-09 21:08:23,bc2309,bc2309,59450.0,0.0,0.0,0.0,6,59470.0,59500.0,25,59430.0,59460.0,59620.0,59410.0,229.0,68090750.0,693
2023-05-09 21:08:24,bc2309,bc2309,59450.0,0.0,0.0,0.0,3,59470.0,59490.0,1,59430.0,59460.0,59620.0,59410.0,229.0,68090750.0,693
2023-05-09 21:08:24,bc2309,bc2309,59450.0,0.0,0.0,0.0,3,59470.0,59490.0,1,59430.0,59460.0,59620.0,59410.0,229.0,68090750.0,693
2023-05-09 21:08:31,bc2309,bc2309,59470.0,1.0,297350.0,0.0,29,59460.0,59490.0,5,59430.0,59460.0,59620.0,59410.0,230.0,68388100.0,693
2023-05-09 21:08:31,bc2309,bc2309,59470.0,0.0,0.0,0.0,21,59460.0,59490.0,9,59430.0,59460.0,59620.0,59410.0,230.0,68388100.0,693
2023-05-09 21:08:32,bc2309,bc2309,59470.0,0.0,0.0,0.0,15,59460.0,59480.0,1,59430.0,59460.0,59620.0,59410.0,230.0,68388100.0,693
2023-05-09 21:08:32,bc2309,bc2309,59470.0,0.0,0.0,0.0,9,59460.0,59480.0,1,59430.0,59460.0,59620.0,59410.0,230.0,68388100.0,693
2023-05-09 21:08:33,bc2309,bc2309,59470.0,0.0,0.0,0.0,36,59450.0,59480.0,1,59430.0,59460.0,59620.0,59410.0,230.0,68388100.0,693
2023-05-09 21:08:33,bc2309,bc2309,59470.0,0.0,0.0,0.0,35,59450.0,59480.0,1,59430.0,59460.0,59620.0,59410.0,230.0,68388100.0,693
2023-05-09 21:08:34,bc2309,bc2309,59470.0,0.0,0.0,0.0,2,59460.0,59490.0,32,59430.0,59460.0,59620.0,59410.0,230.0,68388100.0,693
2023-05-09 21:08:34,bc2309,bc2309,59470.0,0.0,0.0,0.0,2,59460.0,59490.0,30,59430.0,59460.0,59620.0,59410.0,230.0,68388100.0,693
2023-05-09 21:08:36,bc2309,bc2309,59470.0,0.0,0.0,0.0,5,59460.0,59490.0,27,59430.0,59460.0,59620.0,59410.0,230.0,68388100.0,693
2023-05-09 21:08:36,bc2309,bc2309,59470.0,0.0,0.0,0.0,5,59460.0,59490.0,26,59430.0,59460.0,59620.0,59410.0,230.0,68388100.0,693
2023-05-09 21:08:39,bc2309,bc2309,59470.0,0.0,0.0,0.0,3,59470.0,59490.0,26,59430.0,59460.0,59620.0,59410.0,230.0,68388100.0,693
2023-05-09 21:08:39,bc2309,bc2309,59470.0,0.0,0.0,0.0,3,59470.0,59490.0,20,59430.0,59460.0,59620.0,59410.0,230.0,68388100.0,693
2023-05-09 21:08:40,bc2309,bc2309,59470.0,0.0,0.0,0.0,3,59470.0,59490.0,14,59430.0,59460.0,59620.0,59410.0,230.0,68388100.0,693
2023-05-09 21:08:40,bc2309,bc2309,59470.0,0.0,0.0,0.0,3,59470.0,59490.0,11,59430.0,59460.0,59620.0,59410.0,230.0,68388100.0,693
2023-05-09 21:08:41,bc2309,bc2309,59470.0,0.0,0.0,0.0,3,59470.0,59490.0,5,59430.0,59460.0,59620.0,59410.0,230.0,68388100.0,693
2023-05-09 21:08:41,bc2309,bc2309,59470.0,0.0,0.0,0.0,3,59470.0,59490.0,5,59430.0,59460.0,59620.0,59410.0,230.0,68388100.0,693
2023-05-09 21:08:42,bc2309,bc2309,59470.0,0.0,0.0,0.0,1,59470.0,59490.0,5,59430.0,59460.0,59620.0,59410.0,230.0,68388100.0,693
2023-05-09 21:08:44,bc2309,bc2309,59470.0,0.0,0.0,0.0,29,59460.0,59490.0,5,59430.0,59460.0,59620.0,59410.0,230.0,68388100.0,693
2023-05-09 21:08:45,bc2309,bc2309,59470.0,0.0,0.0,0.0,1,59470.0,59490.0,5,59430.0,59460.0,59620.0,59410.0,230.0,68388100.0,693
2023-05-09 21:08:45,bc2309,bc2309,59470.0,0.0,0.0,0.0,29,59460.0,59490.0,5,59430.0,59460.0,59620.0,59410.0,230.0,68388100.0,693
2023-05-09 21:08:49,bc2309,bc2309,59470.0,0.0,0.0,0.0,26,59460.0,59480.0,2,59430.0,59460.0,59620.0,59410.0,230.0,68388100.0,693
2023-05-09 21:08:50,bc2309,bc2309,59470.0,0.0,0.0,0.0,15,59460.0,59480.0,8,59430.0,59460.0,59620.0,59410.0,230.0,68388100.0,693
2023-05-09 21:08:50,bc2309,bc2309,59470.0,0.0,0.0,0.0,6,59460.0,59480.0,6,59430.0,59460.0,59620.0,59410.0,230.0,68388100.0,693
2023-05-09 21:08:51,bc2309,bc2309,59470.0,0.0,0.0,0.0,29,59450.0,59480.0,6,59430.0,59460.0,59620.0,59410.0,230.0,68388100.0,693
2023-05-09 21:08:51,bc2309,bc2309,59470.0,0.0,0.0,0.0,29,59450.0,59480.0,6,59430.0,59460.0,59620.0,59410.0,230.0,68388100.0,693
2023-05-09 21:08:55,bc2309,bc2309,59470.0,0.0,0.0,0.0,32,59450.0,59480.0,3,59430.0,59460.0,59620.0,59410.0,230.0,68388100.0,693
2023-05-09 21:08:55,bc2309,bc2309,59470.0,0.0,0.0,0.0,2,59460.0,59480.0,3,59430.0,59460.0,59620.0,59410.0,230.0,68388100.0,693
2023-05-09 21:09:03,bc2309,bc2309,59470.0,0.0,0.0,0.0,32,59450.0,59480.0,3,59430.0,59460.0,59620.0,59410.0,230.0,68388100.0,693
2023-05-09 21:09:08,bc2309,bc2309,59470.0,0.0,0.0,0.0,26,59450.0,59480.0,9,59430.0,59460.0,59620.0,59410.0,230.0,68388100.0,693
2023-05-09 21:09:08,bc2309,bc2309,59470.0,0.0,0.0,0.0,29,59450.0,59480.0,6,59430.0,59460.0,59620.0,59410.0,230.0,68388100.0,693
2023-05-09 21:09:09,bc2309,bc2309,59470.0,0.0,0.0,0.0,32,59450.0,59480.0,3,59430.0,59460.0,59620.0,59410.0,230.0,68388100.0,693
2023-05-09 21:09:10,bc2309,bc2309,59470.0,0.0,0.0,0.0,2,59460.0,59480.0,3,59430.0,59460.0,59620.0,59410.0,230.0,68388100.0,693
2023-05-09 21:09:15,bc2309,bc2309,59470.0,0.0,0.0,0.0,2,59460.0,59480.0,2,59430.0,59460.0,59620.0,59410.0,230.0,68388100.0,693
2023-05-09 21:09:16,bc2309,bc2309,59470.0,0.0,0.0,0.0,2,59460.0,59480.0,1,59430.0,59460.0,59620.0,59410.0,230.0,68388100.0,693
2023-05-09 21:09:16,bc2309,bc2309,59470.0,0.0,0.0,0.0,2,59460.0,59480.0,1,59430.0,59460.0,59620.0,59410.0,230.0,68388100.0,693
2023-05-09 21:09:26,bc2309,bc2309,59470.0,0.0,0.0,0.0,35,59450.0,59480.0,1,59430.0,59460.0,59620.0,59410.0,230.0,68388100.0,693
2023-05-09 21:09:26,bc2309,bc2309,59470.0,0.0,0.0,0.0,32,59450.0,59480.0,1,59430.0,59460.0,59620.0,59410.0,230.0,68388100.0,693
2023-05-09 21:09:28,bc2309,bc2309,59470.0,0.0,0.0,0.0,2,59460.0,59480.0,1,59430.0,59460.0,59620.0,59410.0,230.0,68388100.0,693
2023-05-09 21:09:28,bc2309,bc2309,59470.0,0.0,0.0,0.0,2,59460.0,59480.0,1,59430.0,59460.0,59620.0,59410.0,230.0,68388100.0,693
2023-05-09 21:09:29,bc2309,bc2309,59470.0,0.0,0.0,0.0,2,59460.0,59490.0,32,59430.0,59460.0,59620.0,59410.0,230.0,68388100.0,693
2023-05-09 21:09:29,bc2309,bc2309,59470.0,0.0,0.0,0.0,2,59460.0,59490.0,30,59430.0,59460.0,59620.0,59410.0,230.0,68388100.0,693
2023-05-09 21:09:32,bc2309,bc2309,59470.0,0.0,0.0,0.0,2,59460.0,59480.0,2,59430.0,59460.0,59620.0,59410.0,230.0,68388100.0,693
2023-05-09 21:09:32,bc2309,bc2309,59470.0,0.0,0.0,0.0,2,59460.0,59480.0,2,59430.0,59460.0,59620.0,59410.0,230.0,68388100.0,693
2023-05-09 21:09:33,bc2309,bc2309,59480.0,2.0,594800.0,-2.0,2,59460.0,59490.0,32,59430.0,59460.0,59620.0,59410.0,232.0,68982900.0,691
2023-05-09 21:09:33,bc2309,bc2309,59480.0,0.0,0.0,0.0,3,59460.0,59490.0,30,59430.0,59460.0,59620.0,59410.0,232.0,68982900.0,691
2023-05-09 21:09:38,bc2309,bc2309,59480.0,0.0,0.0,0.0,1,59460.0,59490.0,30,59430.0,59460.0,59620.0,59410.0,232.0,68982900.0,691
2023-05-09 21:09:39,bc2309,bc2309,59480.0,0.0,0.0,0.0,1,59460.0,59480.0,4,59430.0,59460.0,59620.0,59410.0,232.0,68982900.0,691
2023-05-09 21:09:39,bc2309,bc2309,59480.0,0.0,0.0,0.0,1,59460.0,59480.0,4,59430.0,59460.0,59620.0,59410.0,232.0,68982900.0,691
2023-05-09 21:09:43,bc2309,bc2309,59480.0,0.0,0.0,0.0,3,59460.0,59480.0,4,59430.0,59460.0,59620.0,59410.0,232.0,68982900.0,691
2023-05-09 21:09:46,bc2309,bc2309,59480.0,0.0,0.0,0.0,1,59460.0,59480.0,4,59430.0,59460.0,59620.0,59410.0,232.0,68982900.0,691
2023-05-09 21:09:51,bc2309,bc2309,59480.0,0.0,0.0,0.0,33,59450.0,59480.0,4,59430.0,59460.0,59620.0,59410.0,232.0,68982900.0,691
2023-05-09 21:09:52,bc2309,bc2309,59480.0,0.0,0.0,0.0,27,59450.0,59480.0,7,59430.0,59460.0,59620.0,59410.0,232.0,68982900.0,691
2023-05-09 21:09:53,bc2309,bc2309,59480.0,0.0,0.0,0.0,22,59450.0,59480.0,11,59430.0,59460.0,59620.0,59410.0,232.0,68982900.0,691
2023-05-09 21:09:53,bc2309,bc2309,59480.0,0.0,0.0,0.0,19,59450.0,59480.0,9,59430.0,59460.0,59620.0,59410.0,232.0,68982900.0,691
2023-05-09 21:09:54,bc2309,bc2309,59480.0,0.0,0.0,0.0,16,59450.0,59480.0,9,59430.0,59460.0,59620.0,59410.0,232.0,68982900.0,691
2023-05-09 21:09:54,bc2309,bc2309,59480.0,0.0,0.0,0.0,13,59450.0,59480.0,6,59430.0,59460.0,59620.0,59410.0,232.0,68982900.0,691
2023-05-09 21:09:55,bc2309,bc2309,59480.0,0.0,0.0,0.0,10,59450.0,59480.0,6,59430.0,59460.0,59620.0,59410.0,232.0,68982900.0,691
2023-05-09 21:09:55,bc2309,bc2309,59480.0,0.0,0.0,0.0,4,59450.0,59480.0,6,59430.0,59460.0,59620.0,59410.0,232.0,68982900.0,691
2023-05-09 21:09:56,bc2309,bc2309,59480.0,0.0,0.0,0.0,1,59450.0,59480.0,8,59430.0,59460.0,59620.0,59410.0,232.0,68982900.0,691
2023-05-09 21:09:57,bc2309,bc2309,59480.0,0.0,0.0,0.0,1,59450.0,59480.0,7,59430.0,59460.0,59620.0,59410.0,232.0,68982900.0,691
2023-05-09 21:10:05,bc2309,bc2309,59480.0,0.0,0.0,0.0,1,59450.0,59480.0,7,59430.0,59460.0,59620.0,59410.0,232.0,68982900.0,691
2023-05-09 21:10:06,bc2309,bc2309,59480.0,0.0,0.0,0.0,4,59450.0,59480.0,7,59430.0,59460.0,59620.0,59410.0,232.0,68982900.0,691
2023-05-09 21:10:07,bc2309,bc2309,59480.0,0.0,0.0,0.0,2,59460.0,59480.0,7,59430.0,59460.0,59620.0,59410.0,232.0,68982900.0,691
2023-05-09 21:10:07,bc2309,bc2309,59480.0,0.0,0.0,0.0,2,59460.0,59480.0,4,59430.0,59460.0,59620.0,59410.0,232.0,68982900.0,691
2023-05-09 21:10:08,bc2309,bc2309,59480.0,0.0,0.0,0.0,3,59470.0,59490.0,29,59430.0,59460.0,59620.0,59410.0,232.0,68982900.0,691
2023-05-09 21:10:08,bc2309,bc2309,59480.0,0.0,0.0,0.0,1,59470.0,59490.0,20,59430.0,59460.0,59620.0,59410.0,232.0,68982900.0,691
2023-05-09 21:10:09,bc2309,bc2309,59480.0,0.0,0.0,0.0,27,59460.0,59490.0,14,59430.0,59460.0,59620.0,59410.0,232.0,68982900.0,691
2023-05-09 21:10:09,bc2309,bc2309,59480.0,0.0,0.0,0.0,33,59460.0,59490.0,11,59430.0,59460.0,59620.0,59410.0,232.0,68982900.0,691
2023-05-09 21:10:10,bc2309,bc2309,59480.0,0.0,0.0,0.0,33,59460.0,59490.0,5,59430.0,59460.0,59620.0,59410.0,232.0,68982900.0,691
2023-05-09 21:10:10,bc2309,bc2309,59480.0,0.0,0.0,0.0,33,59460.0,59490.0,5,59430.0,59460.0,59620.0,59410.0,232.0,68982900.0,691
2023-05-09 21:10:11,bc2309,bc2309,59480.0,0.0,0.0,0.0,33,59460.0,59490.0,2,59430.0,59460.0,59620.0,59410.0,232.0,68982900.0,691
2023-05-09 21:10:12,bc2309,bc2309,59480.0,0.0,0.0,0.0,3,59470.0,59490.0,1,59430.0,59460.0,59620.0,59410.0,232.0,68982900.0,691
2023-05-09 21:10:12,bc2309,bc2309,59480.0,0.0,0.0,0.0,3,59470.0,59490.0,1,59430.0,59460.0,59620.0,59410.0,232.0,68982900.0,691
2023-05-09 21:10:13,bc2309,bc2309,59480.0,0.0,0.0,0.0,1,59470.0,59490.0,1,59430.0,59460.0,59620.0,59410.0,232.0,68982900.0,691
2023-05-09 21:10:14,bc2309,bc2309,59480.0,0.0,0.0,0.0,3,59470.0,59490.0,1,59430.0,59460.0,59620.0,59410.0,232.0,68982900.0,691
2023-05-09 21:10:14,bc2309,bc2309,59480.0,0.0,0.0,0.0,3,59470.0,59490.0,1,59430.0,59460.0,59620.0,59410.0,232.0,68982900.0,691
2023-05-09 21:10:18,bc2309,bc2309,59480.0,0.0,0.0,0.0,3,59470.0,59500.0,31,59430.0,59460.0,59620.0,59410.0,232.0,68982900.0,691
2023-05-09 21:10:18,bc2309,bc2309,59480.0,0.0,0.0,0.0,3,59470.0,59500.0,29,59430.0,59460.0,59620.0,59410.0,232.0,68982900.0,691
2023-05-09 21:10:19,bc2309,bc2309,59480.0,0.0,0.0,0.0,6,59470.0,59500.0,26,59430.0,59460.0,59620.0,59410.0,232.0,68982900.0,691
2023-05-09 21:10:19,bc2309,bc2309,59480.0,0.0,0.0,0.0,7,59470.0,59500.0,25,59430.0,59460.0,59620.0,59410.0,232.0,68982900.0,691
2023-05-09 21:10:20,bc2309,bc2309,59480.0,0.0,0.0,0.0,7,59470.0,59500.0,25,59430.0,59460.0,59620.0,59410.0,232.0,68982900.0,691
2023-05-09 21:10:21,bc2309,bc2309,59480.0,0.0,0.0,0.0,2,59480.0,59500.0,25,59430.0,59460.0,59620.0,59410.0,232.0,68982900.0,691
2023-05-09 21:10:21,bc2309,bc2309,59480.0,0.0,0.0,0.0,2,59480.0,59500.0,18,59430.0,59460.0,59620.0,59410.0,232.0,68982900.0,691
2023-05-09 21:10:22,bc2309,bc2309,59480.0,0.0,0.0,0.0,2,59480.0,59500.0,12,59430.0,59460.0,59620.0,59410.0,232.0,68982900.0,691
2023-05-09 21:10:22,bc2309,bc2309,59480.0,0.0,0.0,0.0,2,59480.0,59500.0,6,59430.0,59460.0,59620.0,59410.0,232.0,68982900.0,691
2023-05-09 21:10:23,bc2309,bc2309,59480.0,0.0,0.0,0.0,2,59480.0,59500.0,3,59430.0,59460.0,59620.0,59410.0,232.0,68982900.0,691
2023-05-09 21:10:25,bc2309,bc2309,59500.0,3.0,892500.0,-3.0,9,59480.0,59510.0,28,59430.0,59460.0,59620.0,59410.0,235.0,69875400.0,688
2023-05-09 21:10:25,bc2309,bc2309,59500.0,0.0,0.0,0.0,2,59490.0,59510.0,21,59430.0,59460.0,59620.0,59410.0,235.0,69875400.0,688
2023-05-09 21:10:26,bc2309,bc2309,59500.0,0.0,0.0,0.0,2,59490.0,59510.0,9,59430.0,59460.0,59620.0,59410.0,235.0,69875400.0,688
2023-05-09 21:10:26,bc2309,bc2309,59500.0,0.0,0.0,0.0,2,59490.0,59520.0,31,59430.0,59460.0,59620.0,59410.0,235.0,69875400.0,688
2023-05-09 21:10:27,bc2309,bc2309,59500.0,0.0,0.0,0.0,2,59490.0,59520.0,29,59430.0,59460.0,59620.0,59410.0,235.0,69875400.0,688
2023-05-09 21:10:28,bc2309,bc2309,59500.0,0.0,0.0,0.0,2,59490.0,59510.0,1,59430.0,59460.0,59620.0,59410.0,235.0,69875400.0,688
2023-05-09 21:10:29,bc2309,bc2309,59500.0,0.0,0.0,0.0,2,59490.0,59510.0,1,59430.0,59460.0,59620.0,59410.0,235.0,69875400.0,688
2023-05-09 21:10:30,bc2309,bc2309,59500.0,0.0,0.0,0.0,33,59480.0,59510.0,1,59430.0,59460.0,59620.0,59410.0,235.0,69875400.0,688
2023-05-09 21:10:30,bc2309,bc2309,59500.0,0.0,0.0,0.0,33,59480.0,59510.0,1,59430.0,59460.0,59620.0,59410.0,235.0,69875400.0,688
2023-05-09 21:10:43,bc2309,bc2309,59500.0,0.0,0.0,0.0,2,59490.0,59510.0,1,59430.0,59460.0,59620.0,59410.0,235.0,69875400.0,688
2023-05-09 21:10:44,bc2309,bc2309,59500.0,0.0,0.0,0.0,5,59490.0,59510.0,1,59430.0,59460.0,59620.0,59410.0,235.0,69875400.0,688
2023-05-09 21:10:44,bc2309,bc2309,59500.0,0.0,0.0,0.0,5,59490.0,59510.0,1,59430.0,59460.0,59620.0,59410.0,235.0,69875400.0,688
2023-05-09 21:10:45,bc2309,bc2309,59500.0,0.0,0.0,0.0,5,59490.0,59510.0,1,59430.0,59460.0,59620.0,59410.0,235.0,69875400.0,688
2023-05-09 21:10:47,bc2309,bc2309,59500.0,0.0,0.0,0.0,3,59490.0,59510.0,1,59430.0,59460.0,59620.0,59410.0,235.0,69875400.0,688
2023-05-09 21:10:53,bc2309,bc2309,59500.0,0.0,0.0,0.0,3,59490.0,59510.0,1,59430.0,59460.0,59620.0,59410.0,235.0,69875400.0,688
2023-05-09 21:10:54,bc2309,bc2309,59500.0,0.0,0.0,0.0,3,59490.0,59520.0,28,59430.0,59460.0,59620.0,59410.0,235.0,69875400.0,688
2023-05-09 21:10:54,bc2309,bc2309,59500.0,0.0,0.0,0.0,3,59490.0,59520.0,25,59430.0,59460.0,59620.0,59410.0,235.0,69875400.0,688
2023-05-09 21:10:57,bc2309,bc2309,59500.0,0.0,0.0,0.0,3,59490.0,59520.0,28,59430.0,59460.0,59620.0,59410.0,235.0,69875400.0,688
2023-05-09 21:10:57,bc2309,bc2309,59500.0,0.0,0.0,0.0,3,59490.0,59520.0,28,59430.0,59460.0,59620.0,59410.0,235.0,69875400.0,688
2023-05-09 21:10:58,bc2309,bc2309,59500.0,0.0,0.0,0.0,1,59500.0,59520.0,22,59430.0,59460.0,59620.0,59410.0,235.0,69875400.0,688
2023-05-09 21:10:59,bc2309,bc2309,59500.0,0.0,0.0,0.0,6,59500.0,59520.0,6,59430.0,59460.0,59620.0,59410.0,235.0,69875400.0,688
2023-05-09 21:10:59,bc2309,bc2309,59500.0,0.0,0.0,0.0,6,59500.0,59530.0,28,59430.0,59460.0,59620.0,59410.0,235.0,69875400.0,688
2023-05-09 21:11:00,bc2309,bc2309,59500.0,0.0,0.0,0.0,6,59500.0,59520.0,1,59430.0,59460.0,59620.0,59410.0,235.0,69875400.0,688
2023-05-09 21:11:00,bc2309,bc2309,59500.0,0.0,0.0,0.0,1,59500.0,59520.0,1,59430.0,59460.0,59620.0,59410.0,235.0,69875400.0,688
2023-05-09 21:11:01,bc2309,bc2309,59500.0,0.0,0.0,0.0,31,59490.0,59520.0,4,59430.0,59460.0,59620.0,59410.0,235.0,69875400.0,688
2023-05-09 21:11:01,bc2309,bc2309,59500.0,0.0,0.0,0.0,31,59490.0,59520.0,5,59430.0,59460.0,59620.0,59410.0,235.0,69875400.0,688
2023-05-09 21:11:02,bc2309,bc2309,59500.0,0.0,0.0,0.0,28,59490.0,59520.0,6,59430.0,59460.0,59620.0,59410.0,235.0,69875400.0,688
2023-05-09 21:11:02,bc2309,bc2309,59500.0,0.0,0.0,0.0,1,59500.0,59520.0,12,59430.0,59460.0,59620.0,59410.0,235.0,69875400.0,688
2023-05-09 21:11:03,bc2309,bc2309,59500.0,0.0,0.0,0.0,3,59500.0,59520.0,12,59430.0,59460.0,59620.0,59410.0,235.0,69875400.0,688
2023-05-09 21:11:03,bc2309,bc2309,59500.0,0.0,0.0,0.0,3,59500.0,59520.0,9,59430.0,59460.0,59620.0,59410.0,235.0,69875400.0,688
2023-05-09 21:11:04,bc2309,bc2309,59500.0,0.0,0.0,0.0,3,59500.0,59520.0,6,59430.0,59460.0,59620.0,59410.0,235.0,69875400.0,688
2023-05-09 21:11:04,bc2309,bc2309,59500.0,0.0,0.0,0.0,28,59490.0,59520.0,6,59430.0,59460.0,59620.0,59410.0,235.0,69875400.0,688
2023-05-09 21:11:05,bc2309,bc2309,59500.0,0.0,0.0,0.0,25,59490.0,59520.0,9,59430.0,59460.0,59620.0,59410.0,235.0,69875400.0,688
2023-05-09 21:11:05,bc2309,bc2309,59500.0,0.0,0.0,0.0,28,59490.0,59520.0,6,59430.0,59460.0,59620.0,59410.0,235.0,69875400.0,688
2023-05-09 21:11:06,bc2309,bc2309,59500.0,0.0,0.0,0.0,1,59500.0,59520.0,6,59430.0,59460.0,59620.0,59410.0,235.0,69875400.0,688
2023-05-09 21:11:10,bc2309,bc2309,59500.0,0.0,0.0,0.0,28,59490.0,59520.0,6,59430.0,59460.0,59620.0,59410.0,235.0,69875400.0,688
2023-05-09 21:11:11,bc2309,bc2309,59500.0,0.0,0.0,0.0,1,59500.0,59520.0,3,59430.0,59460.0,59620.0,59410.0,235.0,69875400.0,688
2023-05-09 21:11:11,bc2309,bc2309,59500.0,0.0,0.0,0.0,1,59500.0,59520.0,2,59430.0,59460.0,59620.0,59410.0,235.0,69875400.0,688
2023-05-09 21:11:12,bc2309,bc2309,59500.0,0.0,0.0,0.0,3,59500.0,59520.0,1,59430.0,59460.0,59620.0,59410.0,235.0,69875400.0,688
2023-05-09 21:11:12,bc2309,bc2309,59500.0,0.0,0.0,0.0,9,59500.0,59520.0,1,59430.0,59460.0,59620.0,59410.0,235.0,69875400.0,688
2023-05-09 21:11:13,bc2309,bc2309,59500.0,0.0,0.0,0.0,6,59500.0,59520.0,1,59430.0,59460.0,59620.0,59410.0,235.0,69875400.0,688
2023-05-09 21:11:14,bc2309,bc2309,59500.0,0.0,0.0,0.0,4,59500.0,59520.0,1,59430.0,59460.0,59620.0,59410.0,235.0,69875400.0,688
2023-05-09 21:11:14,bc2309,bc2309,59500.0,0.0,0.0,0.0,4,59500.0,59520.0,1,59430.0,59460.0,59620.0,59410.0,235.0,69875400.0,688
2023-05-09 21:11:15,bc2309,bc2309,59500.0,0.0,0.0,0.0,1,59500.0,59520.0,1,59430.0,59460.0,59620.0,59410.0,235.0,69875400.0,688
2023-05-09 21:11:15,bc2309,bc2309,59500.0,0.0,0.0,0.0,1,59500.0,59520.0,1,59430.0,59460.0,59620.0,59410.0,235.0,69875400.0,688
2023-05-09 21:11:20,bc2309,bc2309,59500.0,0.0,0.0,0.0,3,59500.0,59520.0,1,59430.0,59460.0,59620.0,59410.0,235.0,69875400.0,688
2023-05-09 21:11:20,bc2309,bc2309,59500.0,0.0,0.0,0.0,3,59500.0,59530.0,31,59430.0,59460.0,59620.0,59410.0,235.0,69875400.0,688
2023-05-09 21:11:21,bc2309,bc2309,59500.0,0.0,0.0,0.0,6,59500.0,59530.0,25,59430.0,59460.0,59620.0,59410.0,235.0,69875400.0,688
2023-05-09 21:11:21,bc2309,bc2309,59500.0,0.0,0.0,0.0,3,59500.0,59530.0,28,59430.0,59460.0,59620.0,59410.0,235.0,69875400.0,688
2023-05-09 21:11:22,bc2309,bc2309,59500.0,0.0,0.0,0.0,6,59500.0,59530.0,28,59430.0,59460.0,59620.0,59410.0,235.0,69875400.0,688
2023-05-09 21:11:25,bc2309,bc2309,59500.0,0.0,0.0,0.0,10,59500.0,59530.0,25,59430.0,59460.0,59620.0,59410.0,235.0,69875400.0,688
2023-05-09 21:11:26,bc2309,bc2309,59500.0,0.0,0.0,0.0,10,59500.0,59530.0,25,59430.0,59460.0,59620.0,59410.0,235.0,69875400.0,688
2023-05-09 21:11:28,bc2309,bc2309,59500.0,0.0,0.0,0.0,7,59500.0,59530.0,25,59430.0,59460.0,59620.0,59410.0,235.0,69875400.0,688
2023-05-09 21:11:30,bc2309,bc2309,59500.0,0.0,0.0,0.0,7,59500.0,59530.0,25,59430.0,59460.0,59620.0,59410.0,235.0,69875400.0,688
2023-05-09 21:11:31,bc2309,bc2309,59500.0,0.0,0.0,0.0,7,59500.0,59530.0,25,59430.0,59460.0,59620.0,59410.0,235.0,69875400.0,688
2023-05-09 21:11:32,bc2309,bc2309,59500.0,0.0,0.0,0.0,3,59510.0,59530.0,25,59430.0,59460.0,59620.0,59410.0,235.0,69875400.0,688
2023-05-09 21:11:32,bc2309,bc2309,59500.0,0.0,0.0,0.0,3,59510.0,59530.0,22,59430.0,59460.0,59620.0,59410.0,235.0,69875400.0,688
2023-05-09 21:11:33,bc2309,bc2309,59500.0,0.0,0.0,0.0,3,59510.0,59530.0,13,59430.0,59460.0,59620.0,59410.0,235.0,69875400.0,688
2023-05-09 21:11:33,bc2309,bc2309,59500.0,0.0,0.0,0.0,3,59510.0,59530.0,7,59430.0,59460.0,59620.0,59410.0,235.0,69875400.0,688
2023-05-09 21:11:34,bc2309,bc2309,59500.0,0.0,0.0,0.0,3,59510.0,59540.0,31,59430.0,59460.0,59620.0,59410.0,235.0,69875400.0,688
2023-05-09 21:11:34,bc2309,bc2309,59500.0,0.0,0.0,0.0,3,59510.0,59540.0,28,59430.0,59460.0,59620.0,59410.0,235.0,69875400.0,688
