time,symbol_id,symbol_name,last,trade_volume,trade_amount,open_interest_change,bv1,bp1,ap1,av1,yesterday_close,today_open,today_high,today_low,volume,amount,open_interest
2023-05-09 20:59:00,bu2306,bu2306,3687.0,10.0,368700.0,-1.0,31,3687.0,3690.0,4,3686.0,3687.0,3687.0,3687.0,10.0,368700.0,41870
2023-05-09 21:00:00,bu2306,bu2306,3687.0,31.0,1142970.0,0.0,1,3672.0,3681.0,2,3686.0,3687.0,3687.0,3687.0,41.0,1511670.0,41870
2023-05-09 21:00:01,bu2306,bu2306,3680.0,26.0,956200.0,5.0,3,3676.0,3680.0,4,3686.0,3687.0,3687.0,3676.0,67.0,2467870.0,41875
2023-05-09 21:00:01,bu2306,bu2306,3677.0,1.0,36770.0,-1.0,3,3677.0,3678.0,1,3686.0,3687.0,3687.0,3676.0,68.0,2504640.0,41874
2023-05-09 21:00:02,bu2306,bu2306,3678.0,8.0,294200.0,4.0,9,3676.0,3677.0,14,3686.0,3687.0,3687.0,3676.0,76.0,2798840.0,41878
2023-05-09 21:00:02,bu2306,bu2306,3676.0,13.0,477960.0,2.0,16,3676.0,3677.0,8,3686.0,3687.0,3687.0,3676.0,89.0,3276800.0,41880
2023-05-09 21:00:03,bu2306,bu2306,3676.0,11.0,404440.0,3.0,13,3676.0,3678.0,2,3686.0,3687.0,3687.0,3676.0,100.0,3681240.0,41883
2023-05-09 21:00:03,bu2306,bu2306,3676.0,0.0,0.0,0.0,22,3676.0,3679.0,11,3686.0,3687.0,3687.0,3676.0,100.0,3681240.0,41883
2023-05-09 21:00:04,bu2306,bu2306,3679.0,3.0,110370.0,3.0,22,3676.0,3679.0,5,3686.0,3687.0,3687.0,3676.0,103.0,3791610.0,41886
2023-05-09 21:00:04,bu2306,bu2306,3679.0,0.0,0.0,0.0,22,3676.0,3678.0,1,3686.0,3687.0,3687.0,3676.0,103.0,3791610.0,41886
2023-05-09 21:00:05,bu2306,bu2306,3677.0,1.0,36770.0,0.0,2,3677.0,3678.0,10,3686.0,3687.0,3687.0,3676.0,104.0,3828380.0,41886
2023-05-09 21:00:05,bu2306,bu2306,3679.0,11.0,404540.0,-1.0,4,3677.0,3679.0,3,3686.0,3687.0,3687.0,3676.0,115.0,4232920.0,41885
2023-05-09 21:00:06,bu2306,bu2306,3679.0,2.0,73580.0,0.0,1,3678.0,3680.0,3,3686.0,3687.0,3687.0,3676.0,117.0,4306500.0,41885
2023-05-09 21:00:06,bu2306,bu2306,3679.0,0.0,0.0,0.0,4,3678.0,3680.0,7,3686.0,3687.0,3687.0,3676.0,117.0,4306500.0,41885
2023-05-09 21:00:07,bu2306,bu2306,3679.0,0.0,0.0,0.0,4,3678.0,3679.0,6,3686.0,3687.0,3687.0,3676.0,117.0,4306500.0,41885
2023-05-09 21:00:07,bu2306,bu2306,3678.0,4.0,147120.0,-4.0,5,3677.0,3679.0,3,3686.0,3687.0,3687.0,3676.0,121.0,4453620.0,41881
2023-05-09 21:00:08,bu2306,bu2306,3678.0,0.0,0.0,0.0,5,3677.0,3678.0,7,3686.0,3687.0,3687.0,3676.0,121.0,4453620.0,41881
2023-05-09 21:00:08,bu2306,bu2306,3678.0,0.0,0.0,0.0,1,3677.0,3678.0,2,3686.0,3687.0,3687.0,3676.0,121.0,4453620.0,41881
2023-05-09 21:00:09,bu2306,bu2306,3677.0,1.0,36770.0,0.0,13,3676.0,3677.0,1,3686.0,3687.0,3687.0,3676.0,122.0,4490390.0,41881
2023-05-09 21:00:09,bu2306,bu2306,3677.0,0.0,0.0,0.0,13,3676.0,3677.0,1,3686.0,3687.0,3687.0,3676.0,122.0,4490390.0,41881
2023-05-09 21:00:10,bu2306,bu2306,3675.0,19.0,698380.0,0.0,12,3674.0,3677.0,1,3686.0,3687.0,3687.0,3675.0,141.0,5188770.0,41881
2023-05-09 21:00:10,bu2306,bu2306,3675.0,0.0,0.0,0.0,11,3674.0,3676.0,11,3686.0,3687.0,3687.0,3675.0,141.0,5188770.0,41881
2023-05-09 21:00:11,bu2306,bu2306,3674.0,5.0,183700.0,-1.0,1,3674.0,3675.0,7,3686.0,3687.0,3687.0,3674.0,146.0,5372470.0,41880
2023-05-09 21:00:11,bu2306,bu2306,3674.0,1.0,36740.0,0.0,9,3673.0,3674.0,6,3686.0,3687.0,3687.0,3674.0,147.0,5409210.0,41880
2023-05-09 21:00:12,bu2306,bu2306,3674.0,1.0,36740.0,0.0,5,3673.0,3674.0,4,3686.0,3687.0,3687.0,3674.0,148.0,5445950.0,41880
2023-05-09 21:00:12,bu2306,bu2306,3674.0,0.0,0.0,0.0,9,3673.0,3674.0,4,3686.0,3687.0,3687.0,3674.0,148.0,5445950.0,41880
2023-05-09 21:00:13,bu2306,bu2306,3674.0,0.0,0.0,0.0,9,3673.0,3674.0,5,3686.0,3687.0,3687.0,3674.0,148.0,5445950.0,41880
2023-05-09 21:00:13,bu2306,bu2306,3674.0,0.0,0.0,0.0,10,3673.0,3674.0,5,3686.0,3687.0,3687.0,3674.0,148.0,5445950.0,41880
2023-05-09 21:00:14,bu2306,bu2306,3674.0,4.0,146960.0,0.0,2,3674.0,3675.0,6,3686.0,3687.0,3687.0,3674.0,152.0,5592910.0,41880
2023-05-09 21:00:14,bu2306,bu2306,3674.0,0.0,0.0,0.0,2,3674.0,3675.0,11,3686.0,3687.0,3687.0,3674.0,152.0,5592910.0,41880
2023-05-09 21:00:15,bu2306,bu2306,3675.0,24.0,881970.0,-8.0,10,3673.0,3676.0,9,3686.0,3687.0,3687.0,3674.0,176.0,6474880.0,41872
2023-05-09 21:00:15,bu2306,bu2306,3675.0,0.0,0.0,0.0,2,3675.0,3676.0,7,3686.0,3687.0,3687.0,3674.0,176.0,6474880.0,41872
2023-05-09 21:00:16,bu2306,bu2306,3675.0,0.0,0.0,0.0,2,3675.0,3676.0,7,3686.0,3687.0,3687.0,3674.0,176.0,6474880.0,41872
2023-05-09 21:00:16,bu2306,bu2306,3675.0,0.0,0.0,0.0,2,3675.0,3676.0,8,3686.0,3687.0,3687.0,3674.0,176.0,6474880.0,41872
2023-05-09 21:00:17,bu2306,bu2306,3675.0,2.0,73500.0,0.0,11,3674.0,3676.0,8,3686.0,3687.0,3687.0,3674.0,178.0,6548380.0,41872
2023-05-09 21:00:17,bu2306,bu2306,3675.0,0.0,0.0,0.0,12,3674.0,3676.0,7,3686.0,3687.0,3687.0,3674.0,178.0,6548380.0,41872
2023-05-09 21:00:18,bu2306,bu2306,3675.0,0.0,0.0,0.0,11,3674.0,3676.0,8,3686.0,3687.0,3687.0,3674.0,178.0,6548380.0,41872
2023-05-09 21:00:19,bu2306,bu2306,3675.0,0.0,0.0,0.0,11,3674.0,3675.0,1,3686.0,3687.0,3687.0,3674.0,178.0,6548380.0,41872
2023-05-09 21:00:20,bu2306,bu2306,3675.0,0.0,0.0,0.0,11,3674.0,3675.0,2,3686.0,3687.0,3687.0,3674.0,178.0,6548380.0,41872
2023-05-09 21:00:20,bu2306,bu2306,3675.0,0.0,0.0,0.0,11,3674.0,3675.0,2,3686.0,3687.0,3687.0,3674.0,178.0,6548380.0,41872
2023-05-09 21:00:21,bu2306,bu2306,3674.0,2.0,73480.0,2.0,9,3674.0,3675.0,2,3686.0,3687.0,3687.0,3674.0,180.0,6621860.0,41874
2023-05-09 21:00:22,bu2306,bu2306,3673.0,10.0,367390.0,9.0,8,3673.0,3674.0,2,3686.0,3687.0,3687.0,3673.0,190.0,6989250.0,41883
2023-05-09 21:00:22,bu2306,bu2306,3674.0,16.0,587760.0,3.0,12,3672.0,3675.0,8,3686.0,3687.0,3687.0,3673.0,206.0,7577010.0,41886
2023-05-09 21:00:23,bu2306,bu2306,3674.0,0.0,0.0,0.0,6,3673.0,3674.0,11,3686.0,3687.0,3687.0,3673.0,206.0,7577010.0,41886
2023-05-09 21:00:23,bu2306,bu2306,3673.0,6.0,220380.0,4.0,11,3672.0,3674.0,6,3686.0,3687.0,3687.0,3673.0,212.0,7797390.0,41890
2023-05-09 21:00:24,bu2306,bu2306,3673.0,0.0,0.0,0.0,11,3672.0,3673.0,2,3686.0,3687.0,3687.0,3673.0,212.0,7797390.0,41890
2023-05-09 21:00:24,bu2306,bu2306,3673.0,1.0,36730.0,0.0,6,3672.0,3673.0,1,3686.0,3687.0,3687.0,3673.0,213.0,7834120.0,41890
2023-05-09 21:00:25,bu2306,bu2306,3672.0,1.0,36720.0,0.0,6,3672.0,3673.0,2,3686.0,3687.0,3687.0,3672.0,214.0,7870840.0,41890
2023-05-09 21:00:25,bu2306,bu2306,3672.0,0.0,0.0,0.0,6,3672.0,3673.0,2,3686.0,3687.0,3687.0,3672.0,214.0,7870840.0,41890
2023-05-09 21:00:26,bu2306,bu2306,3672.0,2.0,73440.0,1.0,4,3672.0,3673.0,2,3686.0,3687.0,3687.0,3672.0,216.0,7944280.0,41891
2023-05-09 21:00:27,bu2306,bu2306,3672.0,0.0,0.0,0.0,1,3672.0,3673.0,7,3686.0,3687.0,3687.0,3672.0,216.0,7944280.0,41891
2023-05-09 21:00:27,bu2306,bu2306,3672.0,0.0,0.0,0.0,1,3672.0,3673.0,7,3686.0,3687.0,3687.0,3672.0,216.0,7944280.0,41891
2023-05-09 21:00:28,bu2306,bu2306,3672.0,1.0,36720.0,0.0,6,3671.0,3672.0,1,3686.0,3687.0,3687.0,3672.0,217.0,7981000.0,41891
2023-05-09 21:00:28,bu2306,bu2306,3671.0,1.0,36710.0,1.0,5,3671.0,3672.0,6,3686.0,3687.0,3687.0,3671.0,218.0,8017710.0,41892
2023-05-09 21:00:29,bu2306,bu2306,3671.0,1.0,36710.0,0.0,6,3670.0,3671.0,2,3686.0,3687.0,3687.0,3671.0,219.0,8054420.0,41892
2023-05-09 21:00:29,bu2306,bu2306,3671.0,4.0,146840.0,-2.0,1,3670.0,3672.0,6,3686.0,3687.0,3687.0,3671.0,223.0,8201260.0,41890
2023-05-09 21:00:30,bu2306,bu2306,3671.0,0.0,0.0,0.0,1,3670.0,3671.0,1,3686.0,3687.0,3687.0,3671.0,223.0,8201260.0,41890
2023-05-09 21:00:30,bu2306,bu2306,3671.0,0.0,0.0,0.0,1,3670.0,3671.0,1,3686.0,3687.0,3687.0,3671.0,223.0,8201260.0,41890
2023-05-09 21:00:31,bu2306,bu2306,3671.0,0.0,0.0,0.0,1,3670.0,3671.0,9,3686.0,3687.0,3687.0,3671.0,223.0,8201260.0,41890
2023-05-09 21:00:31,bu2306,bu2306,3670.0,1.0,36700.0,0.0,6,3669.0,3671.0,9,3686.0,3687.0,3687.0,3670.0,224.0,8237960.0,41890
2023-05-09 21:00:32,bu2306,bu2306,3670.0,0.0,0.0,0.0,6,3669.0,3670.0,2,3686.0,3687.0,3687.0,3670.0,224.0,8237960.0,41890
2023-05-09 21:00:32,bu2306,bu2306,3670.0,0.0,0.0,0.0,6,3669.0,3670.0,2,3686.0,3687.0,3687.0,3670.0,224.0,8237960.0,41890
2023-05-09 21:00:33,bu2306,bu2306,3670.0,2.0,73400.0,-1.0,18,3670.0,3671.0,10,3686.0,3687.0,3687.0,3670.0,226.0,8311360.0,41889
2023-05-09 21:00:34,bu2306,bu2306,3670.0,18.0,660600.0,0.0,1,3669.0,3671.0,10,3686.0,3687.0,3687.0,3670.0,244.0,8971960.0,41889
2023-05-09 21:00:34,bu2306,bu2306,3670.0,0.0,0.0,0.0,5,3669.0,3670.0,2,3686.0,3687.0,3687.0,3670.0,244.0,8971960.0,41889
2023-05-09 21:00:35,bu2306,bu2306,3670.0,0.0,0.0,0.0,1,3669.0,3670.0,10,3686.0,3687.0,3687.0,3670.0,244.0,8971960.0,41889
2023-05-09 21:00:35,bu2306,bu2306,3670.0,18.0,660520.0,-6.0,3,3670.0,3671.0,10,3686.0,3687.0,3687.0,3669.0,262.0,9632480.0,41883
2023-05-09 21:00:36,bu2306,bu2306,3670.0,3.0,110100.0,0.0,5,3668.0,3671.0,15,3686.0,3687.0,3687.0,3669.0,265.0,9742580.0,41883
2023-05-09 21:00:36,bu2306,bu2306,3670.0,0.0,0.0,0.0,5,3668.0,3670.0,22,3686.0,3687.0,3687.0,3669.0,265.0,9742580.0,41883
2023-05-09 21:00:37,bu2306,bu2306,3670.0,0.0,0.0,0.0,5,3668.0,3669.0,1,3686.0,3687.0,3687.0,3669.0,265.0,9742580.0,41883
2023-05-09 21:00:37,bu2306,bu2306,3668.0,1.0,36680.0,0.0,4,3668.0,3669.0,15,3686.0,3687.0,3687.0,3668.0,266.0,9779260.0,41883
2023-05-09 21:00:38,bu2306,bu2306,3668.0,1.0,36680.0,-1.0,3,3668.0,3669.0,7,3686.0,3687.0,3687.0,3668.0,267.0,9815940.0,41882
2023-05-09 21:00:38,bu2306,bu2306,3668.0,3.0,110040.0,0.0,5,3667.0,3668.0,1,3686.0,3687.0,3687.0,3668.0,270.0,9925980.0,41882
2023-05-09 21:00:39,bu2306,bu2306,3668.0,0.0,0.0,0.0,10,3666.0,3668.0,6,3686.0,3687.0,3687.0,3668.0,270.0,9925980.0,41882
2023-05-09 21:00:39,bu2306,bu2306,3668.0,0.0,0.0,0.0,2,3667.0,3668.0,10,3686.0,3687.0,3687.0,3668.0,270.0,9925980.0,41882
2023-05-09 21:00:40,bu2306,bu2306,3668.0,0.0,0.0,0.0,2,3667.0,3668.0,6,3686.0,3687.0,3687.0,3668.0,270.0,9925980.0,41882
2023-05-09 21:00:40,bu2306,bu2306,3668.0,0.0,0.0,0.0,2,3667.0,3668.0,5,3686.0,3687.0,3687.0,3668.0,270.0,9925980.0,41882
2023-05-09 21:00:41,bu2306,bu2306,3668.0,0.0,0.0,0.0,2,3667.0,3668.0,7,3686.0,3687.0,3687.0,3668.0,270.0,9925980.0,41882
2023-05-09 21:00:41,bu2306,bu2306,3667.0,1.0,36670.0,0.0,1,3667.0,3668.0,7,3686.0,3687.0,3687.0,3667.0,271.0,9962650.0,41882
2023-05-09 21:00:42,bu2306,bu2306,3667.0,0.0,0.0,0.0,4,3667.0,3668.0,6,3686.0,3687.0,3687.0,3667.0,271.0,9962650.0,41882
2023-05-09 21:00:42,bu2306,bu2306,3668.0,6.0,220080.0,0.0,4,3667.0,3669.0,13,3686.0,3687.0,3687.0,3667.0,277.0,10182730.0,41882
2023-05-09 21:00:43,bu2306,bu2306,3669.0,13.0,476970.0,-1.0,4,3667.0,3670.0,17,3686.0,3687.0,3687.0,3667.0,290.0,10659700.0,41881
2023-05-09 21:00:43,bu2306,bu2306,3669.0,0.0,0.0,0.0,4,3668.0,3670.0,17,3686.0,3687.0,3687.0,3667.0,290.0,10659700.0,41881
2023-05-09 21:00:44,bu2306,bu2306,3669.0,0.0,0.0,0.0,4,3668.0,3670.0,17,3686.0,3687.0,3687.0,3667.0,290.0,10659700.0,41881
2023-05-09 21:00:44,bu2306,bu2306,3669.0,0.0,0.0,0.0,4,3668.0,3669.0,2,3686.0,3687.0,3687.0,3667.0,290.0,10659700.0,41881
2023-05-09 21:00:45,bu2306,bu2306,3669.0,0.0,0.0,0.0,7,3667.0,3669.0,9,3686.0,3687.0,3687.0,3667.0,290.0,10659700.0,41881
2023-05-09 21:00:45,bu2306,bu2306,3667.0,1.0,36670.0,-1.0,6,3667.0,3669.0,10,3686.0,3687.0,3687.0,3667.0,291.0,10696370.0,41880
2023-05-09 21:00:46,bu2306,bu2306,3667.0,0.0,0.0,0.0,6,3667.0,3668.0,1,3686.0,3687.0,3687.0,3667.0,291.0,10696370.0,41880
2023-05-09 21:00:46,bu2306,bu2306,3668.0,1.0,36680.0,1.0,6,3667.0,3669.0,10,3686.0,3687.0,3687.0,3667.0,292.0,10733050.0,41881
2023-05-09 21:00:47,bu2306,bu2306,3667.0,4.0,146690.0,3.0,3,3667.0,3669.0,5,3686.0,3687.0,3687.0,3667.0,296.0,10879740.0,41884
2023-05-09 21:00:47,bu2306,bu2306,3667.0,0.0,0.0,0.0,1,3668.0,3669.0,9,3686.0,3687.0,3687.0,3667.0,296.0,10879740.0,41884
2023-05-09 21:00:48,bu2306,bu2306,3669.0,1.0,36690.0,1.0,1,3668.0,3669.0,4,3686.0,3687.0,3687.0,3667.0,297.0,10916430.0,41885
2023-05-09 21:00:48,bu2306,bu2306,3669.0,0.0,0.0,0.0,1,3668.0,3669.0,1,3686.0,3687.0,3687.0,3667.0,297.0,10916430.0,41885
2023-05-09 21:00:50,bu2306,bu2306,3668.0,1.0,36680.0,1.0,4,3667.0,3669.0,2,3686.0,3687.0,3687.0,3667.0,298.0,10953110.0,41886
2023-05-09 21:00:50,bu2306,bu2306,3668.0,0.0,0.0,0.0,1,3668.0,3669.0,10,3686.0,3687.0,3687.0,3667.0,298.0,10953110.0,41886
2023-05-09 21:00:51,bu2306,bu2306,3668.0,0.0,0.0,0.0,1,3668.0,3669.0,6,3686.0,3687.0,3687.0,3667.0,298.0,10953110.0,41886
2023-05-09 21:00:51,bu2306,bu2306,3669.0,4.0,146760.0,1.0,1,3668.0,3670.0,13,3686.0,3687.0,3687.0,3667.0,302.0,11099870.0,41887
2023-05-09 21:00:52,bu2306,bu2306,3669.0,0.0,0.0,0.0,1,3668.0,3669.0,1,3686.0,3687.0,3687.0,3667.0,302.0,11099870.0,41887
2023-05-09 21:00:53,bu2306,bu2306,3668.0,4.0,146750.0,1.0,4,3667.0,3668.0,2,3686.0,3687.0,3687.0,3667.0,306.0,11246620.0,41888
2023-05-09 21:00:53,bu2306,bu2306,3668.0,2.0,73360.0,0.0,4,3667.0,3669.0,6,3686.0,3687.0,3687.0,3667.0,308.0,11319980.0,41888
2023-05-09 21:00:54,bu2306,bu2306,3668.0,0.0,0.0,0.0,4,3667.0,3669.0,6,3686.0,3687.0,3687.0,3667.0,308.0,11319980.0,41888
2023-05-09 21:00:54,bu2306,bu2306,3669.0,6.0,220140.0,0.0,6,3668.0,3670.0,13,3686.0,3687.0,3687.0,3667.0,314.0,11540120.0,41888
2023-05-09 21:00:55,bu2306,bu2306,3670.0,13.0,477100.0,-2.0,4,3669.0,3671.0,9,3686.0,3687.0,3687.0,3667.0,327.0,12017220.0,41886
2023-05-09 21:00:55,bu2306,bu2306,3670.0,3.0,110100.0,0.0,1,3670.0,3671.0,6,3686.0,3687.0,3687.0,3667.0,330.0,12127320.0,41886
2023-05-09 21:00:56,bu2306,bu2306,3670.0,0.0,0.0,0.0,7,3669.0,3671.0,6,3686.0,3687.0,3687.0,3667.0,330.0,12127320.0,41886
2023-05-09 21:00:56,bu2306,bu2306,3670.0,0.0,0.0,0.0,6,3669.0,3670.0,2,3686.0,3687.0,3687.0,3667.0,330.0,12127320.0,41886
2023-05-09 21:00:57,bu2306,bu2306,3670.0,0.0,0.0,0.0,6,3669.0,3670.0,2,3686.0,3687.0,3687.0,3667.0,330.0,12127320.0,41886
2023-05-09 21:00:57,bu2306,bu2306,3670.0,0.0,0.0,0.0,6,3669.0,3670.0,2,3686.0,3687.0,3687.0,3667.0,330.0,12127320.0,41886
2023-05-09 21:00:58,bu2306,bu2306,3670.0,0.0,0.0,0.0,6,3669.0,3670.0,2,3686.0,3687.0,3687.0,3667.0,330.0,12127320.0,41886
2023-05-09 21:00:58,bu2306,bu2306,3670.0,0.0,0.0,0.0,6,3669.0,3670.0,2,3686.0,3687.0,3687.0,3667.0,330.0,12127320.0,41886
2023-05-09 21:00:59,bu2306,bu2306,3670.0,0.0,0.0,0.0,6,3669.0,3670.0,3,3686.0,3687.0,3687.0,3667.0,330.0,12127320.0,41886
2023-05-09 21:01:00,bu2306,bu2306,3670.0,0.0,0.0,0.0,6,3669.0,3670.0,4,3686.0,3687.0,3687.0,3667.0,330.0,12127320.0,41886
2023-05-09 21:01:00,bu2306,bu2306,3670.0,0.0,0.0,0.0,12,3668.0,3670.0,4,3686.0,3687.0,3687.0,3667.0,330.0,12127320.0,41886
2023-05-09 21:01:01,bu2306,bu2306,3670.0,0.0,0.0,0.0,12,3668.0,3670.0,6,3686.0,3687.0,3687.0,3667.0,330.0,12127320.0,41886
2023-05-09 21:01:01,bu2306,bu2306,3670.0,1.0,36700.0,0.0,12,3668.0,3670.0,5,3686.0,3687.0,3687.0,3667.0,331.0,12164020.0,41886
2023-05-09 21:01:02,bu2306,bu2306,3670.0,0.0,0.0,0.0,1,3669.0,3670.0,5,3686.0,3687.0,3687.0,3667.0,331.0,12164020.0,41886
2023-05-09 21:01:02,bu2306,bu2306,3670.0,0.0,0.0,0.0,1,3669.0,3670.0,1,3686.0,3687.0,3687.0,3667.0,331.0,12164020.0,41886
2023-05-09 21:01:03,bu2306,bu2306,3670.0,0.0,0.0,0.0,1,3669.0,3671.0,8,3686.0,3687.0,3687.0,3667.0,331.0,12164020.0,41886
2023-05-09 21:01:03,bu2306,bu2306,3670.0,0.0,0.0,0.0,6,3669.0,3671.0,8,3686.0,3687.0,3687.0,3667.0,331.0,12164020.0,41886
2023-05-09 21:01:04,bu2306,bu2306,3670.0,0.0,0.0,0.0,6,3669.0,3671.0,8,3686.0,3687.0,3687.0,3667.0,331.0,12164020.0,41886
2023-05-09 21:01:04,bu2306,bu2306,3670.0,0.0,0.0,0.0,8,3669.0,3670.0,1,3686.0,3687.0,3687.0,3667.0,331.0,12164020.0,41886
2023-05-09 21:01:05,bu2306,bu2306,3670.0,0.0,0.0,0.0,3,3669.0,3670.0,2,3686.0,3687.0,3687.0,3667.0,331.0,12164020.0,41886
2023-05-09 21:01:06,bu2306,bu2306,3670.0,0.0,0.0,0.0,3,3669.0,3670.0,1,3686.0,3687.0,3687.0,3667.0,331.0,12164020.0,41886
2023-05-09 21:01:06,bu2306,bu2306,3671.0,11.0,403780.0,-2.0,1,3670.0,3672.0,13,3686.0,3687.0,3687.0,3667.0,342.0,12567800.0,41884
2023-05-09 21:01:07,bu2306,bu2306,3671.0,3.0,110130.0,1.0,2,3671.0,3672.0,13,3686.0,3687.0,3687.0,3667.0,345.0,12677930.0,41885
2023-05-09 21:01:07,bu2306,bu2306,3672.0,1.0,36720.0,0.0,2,3671.0,3672.0,11,3686.0,3687.0,3687.0,3667.0,346.0,12714650.0,41885
2023-05-09 21:01:08,bu2306,bu2306,3672.0,0.0,0.0,0.0,2,3671.0,3672.0,11,3686.0,3687.0,3687.0,3667.0,346.0,12714650.0,41885
2023-05-09 21:01:09,bu2306,bu2306,3672.0,0.0,0.0,0.0,1,3671.0,3672.0,8,3686.0,3687.0,3687.0,3667.0,346.0,12714650.0,41885
2023-05-09 21:01:09,bu2306,bu2306,3672.0,0.0,0.0,0.0,7,3670.0,3672.0,8,3686.0,3687.0,3687.0,3667.0,346.0,12714650.0,41885
2023-05-09 21:01:10,bu2306,bu2306,3672.0,0.0,0.0,0.0,1,3671.0,3672.0,8,3686.0,3687.0,3687.0,3667.0,346.0,12714650.0,41885
2023-05-09 21:01:10,bu2306,bu2306,3672.0,2.0,73440.0,2.0,13,3670.0,3672.0,6,3686.0,3687.0,3687.0,3667.0,348.0,12788090.0,41887
2023-05-09 21:01:11,bu2306,bu2306,3672.0,0.0,0.0,0.0,13,3670.0,3672.0,10,3686.0,3687.0,3687.0,3667.0,348.0,12788090.0,41887
2023-05-09 21:01:12,bu2306,bu2306,3672.0,0.0,0.0,0.0,13,3670.0,3671.0,6,3686.0,3687.0,3687.0,3667.0,348.0,12788090.0,41887
2023-05-09 21:01:13,bu2306,bu2306,3672.0,0.0,0.0,0.0,13,3670.0,3671.0,8,3686.0,3687.0,3687.0,3667.0,348.0,12788090.0,41887
2023-05-09 21:01:13,bu2306,bu2306,3672.0,1.0,36720.0,0.0,7,3670.0,3671.0,7,3686.0,3687.0,3687.0,3667.0,349.0,12824810.0,41887
2023-05-09 21:01:16,bu2306,bu2306,3672.0,0.0,0.0,0.0,7,3670.0,3671.0,1,3686.0,3687.0,3687.0,3667.0,349.0,12824810.0,41887
2023-05-09 21:01:16,bu2306,bu2306,3671.0,1.0,36710.0,0.0,6,3671.0,3672.0,11,3686.0,3687.0,3687.0,3667.0,350.0,12861520.0,41887
2023-05-09 21:01:17,bu2306,bu2306,3671.0,0.0,0.0,0.0,6,3671.0,3672.0,6,3686.0,3687.0,3687.0,3667.0,350.0,12861520.0,41887
2023-05-09 21:01:18,bu2306,bu2306,3671.0,0.0,0.0,0.0,6,3671.0,3672.0,6,3686.0,3687.0,3687.0,3667.0,350.0,12861520.0,41887
2023-05-09 21:01:18,bu2306,bu2306,3671.0,0.0,0.0,0.0,6,3671.0,3672.0,6,3686.0,3687.0,3687.0,3667.0,350.0,12861520.0,41887
2023-05-09 21:01:19,bu2306,bu2306,3671.0,0.0,0.0,0.0,6,3671.0,3672.0,6,3686.0,3687.0,3687.0,3667.0,350.0,12861520.0,41887
2023-05-09 21:01:19,bu2306,bu2306,3671.0,0.0,0.0,0.0,6,3671.0,3672.0,6,3686.0,3687.0,3687.0,3667.0,350.0,12861520.0,41887
2023-05-09 21:01:20,bu2306,bu2306,3671.0,0.0,0.0,0.0,6,3671.0,3672.0,6,3686.0,3687.0,3687.0,3667.0,350.0,12861520.0,41887
2023-05-09 21:01:21,bu2306,bu2306,3671.0,5.0,183570.0,0.0,3,3671.0,3672.0,3,3686.0,3687.0,3687.0,3667.0,355.0,13045090.0,41887
2023-05-09 21:01:21,bu2306,bu2306,3671.0,0.0,0.0,0.0,3,3671.0,3672.0,1,3686.0,3687.0,3687.0,3667.0,355.0,13045090.0,41887
2023-05-09 21:01:22,bu2306,bu2306,3671.0,0.0,0.0,0.0,3,3671.0,3672.0,1,3686.0,3687.0,3687.0,3667.0,355.0,13045090.0,41887
2023-05-09 21:01:23,bu2306,bu2306,3671.0,0.0,0.0,0.0,3,3671.0,3672.0,1,3686.0,3687.0,3687.0,3667.0,355.0,13045090.0,41887
2023-05-09 21:01:23,bu2306,bu2306,3672.0,1.0,36720.0,0.0,1,3672.0,3673.0,6,3686.0,3687.0,3687.0,3667.0,356.0,13081810.0,41887
2023-05-09 21:01:24,bu2306,bu2306,3672.0,0.0,0.0,0.0,6,3672.0,3673.0,1,3686.0,3687.0,3687.0,3667.0,356.0,13081810.0,41887
2023-05-09 21:01:26,bu2306,bu2306,3672.0,0.0,0.0,0.0,7,3672.0,3673.0,1,3686.0,3687.0,3687.0,3667.0,356.0,13081810.0,41887
2023-05-09 21:01:27,bu2306,bu2306,3672.0,0.0,0.0,0.0,7,3672.0,3673.0,1,3686.0,3687.0,3687.0,3667.0,356.0,13081810.0,41887
2023-05-09 21:01:28,bu2306,bu2306,3672.0,0.0,0.0,0.0,7,3672.0,3674.0,5,3686.0,3687.0,3687.0,3667.0,356.0,13081810.0,41887
2023-05-09 21:01:29,bu2306,bu2306,3672.0,0.0,0.0,0.0,7,3672.0,3674.0,5,3686.0,3687.0,3687.0,3667.0,356.0,13081810.0,41887
2023-05-09 21:01:29,bu2306,bu2306,3672.0,0.0,0.0,0.0,7,3672.0,3674.0,5,3686.0,3687.0,3687.0,3667.0,356.0,13081810.0,41887
2023-05-09 21:01:30,bu2306,bu2306,3672.0,0.0,0.0,0.0,7,3672.0,3674.0,5,3686.0,3687.0,3687.0,3667.0,356.0,13081810.0,41887
2023-05-09 21:01:30,bu2306,bu2306,3674.0,1.0,36740.0,-1.0,7,3672.0,3674.0,4,3686.0,3687.0,3687.0,3667.0,357.0,13118550.0,41886
2023-05-09 21:01:31,bu2306,bu2306,3674.0,0.0,0.0,0.0,10,3674.0,3675.0,5,3686.0,3687.0,3687.0,3667.0,357.0,13118550.0,41886
2023-05-09 21:01:31,bu2306,bu2306,3674.0,0.0,0.0,0.0,10,3674.0,3675.0,3,3686.0,3687.0,3687.0,3667.0,357.0,13118550.0,41886
2023-05-09 21:01:32,bu2306,bu2306,3674.0,0.0,0.0,0.0,10,3674.0,3675.0,1,3686.0,3687.0,3687.0,3667.0,357.0,13118550.0,41886
2023-05-09 21:01:32,bu2306,bu2306,3675.0,1.0,36750.0,1.0,10,3674.0,3676.0,7,3686.0,3687.0,3687.0,3667.0,358.0,13155300.0,41887
2023-05-09 21:01:33,bu2306,bu2306,3675.0,0.0,0.0,0.0,10,3674.0,3676.0,7,3686.0,3687.0,3687.0,3667.0,358.0,13155300.0,41887
2023-05-09 21:01:33,bu2306,bu2306,3674.0,3.0,110220.0,-3.0,7,3674.0,3676.0,7,3686.0,3687.0,3687.0,3667.0,361.0,13265520.0,41884
2023-05-09 21:01:34,bu2306,bu2306,3674.0,0.0,0.0,0.0,7,3674.0,3676.0,8,3686.0,3687.0,3687.0,3667.0,361.0,13265520.0,41884
2023-05-09 21:01:35,bu2306,bu2306,3676.0,1.0,36760.0,0.0,7,3674.0,3676.0,6,3686.0,3687.0,3687.0,3667.0,362.0,13302280.0,41884
2023-05-09 21:01:35,bu2306,bu2306,3676.0,1.0,36760.0,0.0,1,3675.0,3676.0,8,3686.0,3687.0,3687.0,3667.0,363.0,13339040.0,41884
2023-05-09 21:01:36,bu2306,bu2306,3676.0,0.0,0.0,0.0,4,3675.0,3676.0,4,3686.0,3687.0,3687.0,3667.0,363.0,13339040.0,41884
2023-05-09 21:01:36,bu2306,bu2306,3676.0,0.0,0.0,0.0,4,3675.0,3677.0,1,3686.0,3687.0,3687.0,3667.0,363.0,13339040.0,41884
2023-05-09 21:01:37,bu2306,bu2306,3676.0,0.0,0.0,0.0,4,3675.0,3677.0,12,3686.0,3687.0,3687.0,3667.0,363.0,13339040.0,41884
2023-05-09 21:01:37,bu2306,bu2306,3676.0,0.0,0.0,0.0,4,3675.0,3677.0,12,3686.0,3687.0,3687.0,3667.0,363.0,13339040.0,41884
2023-05-09 21:01:38,bu2306,bu2306,3676.0,0.0,0.0,0.0,4,3675.0,3677.0,12,3686.0,3687.0,3687.0,3667.0,363.0,13339040.0,41884
2023-05-09 21:01:38,bu2306,bu2306,3676.0,0.0,0.0,0.0,4,3675.0,3677.0,12,3686.0,3687.0,3687.0,3667.0,363.0,13339040.0,41884
2023-05-09 21:01:39,bu2306,bu2306,3676.0,0.0,0.0,0.0,4,3675.0,3677.0,12,3686.0,3687.0,3687.0,3667.0,363.0,13339040.0,41884
2023-05-09 21:01:40,bu2306,bu2306,3676.0,0.0,0.0,0.0,4,3675.0,3677.0,12,3686.0,3687.0,3687.0,3667.0,363.0,13339040.0,41884
2023-05-09 21:01:40,bu2306,bu2306,3677.0,7.0,257390.0,-7.0,4,3675.0,3677.0,5,3686.0,3687.0,3687.0,3667.0,370.0,13596430.0,41877
2023-05-09 21:01:41,bu2306,bu2306,3677.0,0.0,0.0,0.0,5,3676.0,3677.0,6,3686.0,3687.0,3687.0,3667.0,370.0,13596430.0,41877
2023-05-09 21:01:41,bu2306,bu2306,3676.0,10.0,367600.0,10.0,8,3675.0,3676.0,2,3686.0,3687.0,3687.0,3667.0,380.0,13964030.0,41887
2023-05-09 21:01:42,bu2306,bu2306,3676.0,0.0,0.0,0.0,4,3675.0,3676.0,4,3686.0,3687.0,3687.0,3667.0,380.0,13964030.0,41887
2023-05-09 21:01:42,bu2306,bu2306,3675.0,2.0,73500.0,-2.0,2,3675.0,3676.0,4,3686.0,3687.0,3687.0,3667.0,382.0,14037530.0,41885
2023-05-09 21:01:43,bu2306,bu2306,3675.0,2.0,73500.0,-2.0,6,3674.0,3675.0,1,3686.0,3687.0,3687.0,3667.0,384.0,14111030.0,41883
2023-05-09 21:01:43,bu2306,bu2306,3675.0,0.0,0.0,0.0,6,3674.0,3675.0,2,3686.0,3687.0,3687.0,3667.0,384.0,14111030.0,41883
2023-05-09 21:01:44,bu2306,bu2306,3674.0,6.0,220440.0,0.0,16,3673.0,3674.0,1,3686.0,3687.0,3687.0,3667.0,390.0,14331470.0,41883
2023-05-09 21:01:44,bu2306,bu2306,3673.0,10.0,367310.0,5.0,7,3673.0,3674.0,1,3686.0,3687.0,3687.0,3667.0,400.0,14698780.0,41888
2023-05-09 21:01:45,bu2306,bu2306,3673.0,0.0,0.0,0.0,7,3673.0,3674.0,2,3686.0,3687.0,3687.0,3667.0,400.0,14698780.0,41888
2023-05-09 21:01:45,bu2306,bu2306,3673.0,7.0,257110.0,7.0,13,3672.0,3673.0,1,3686.0,3687.0,3687.0,3667.0,407.0,14955890.0,41895
2023-05-09 21:01:46,bu2306,bu2306,3673.0,0.0,0.0,0.0,14,3672.0,3673.0,2,3686.0,3687.0,3687.0,3667.0,407.0,14955890.0,41895
2023-05-09 21:01:47,bu2306,bu2306,3672.0,1.0,36720.0,1.0,13,3672.0,3673.0,4,3686.0,3687.0,3687.0,3667.0,408.0,14992610.0,41896
2023-05-09 21:01:47,bu2306,bu2306,3672.0,11.0,403920.0,7.0,14,3671.0,3673.0,9,3686.0,3687.0,3687.0,3667.0,419.0,15396530.0,41903
2023-05-09 21:01:48,bu2306,bu2306,3672.0,0.0,0.0,0.0,14,3671.0,3672.0,2,3686.0,3687.0,3687.0,3667.0,419.0,15396530.0,41903
2023-05-09 21:01:48,bu2306,bu2306,3672.0,0.0,0.0,0.0,14,3671.0,3673.0,1,3686.0,3687.0,3687.0,3667.0,419.0,15396530.0,41903
2023-05-09 21:01:49,bu2306,bu2306,3672.0,0.0,0.0,0.0,14,3671.0,3673.0,7,3686.0,3687.0,3687.0,3667.0,419.0,15396530.0,41903
2023-05-09 21:01:49,bu2306,bu2306,3672.0,0.0,0.0,0.0,14,3671.0,3673.0,7,3686.0,3687.0,3687.0,3667.0,419.0,15396530.0,41903
2023-05-09 21:01:50,bu2306,bu2306,3672.0,0.0,0.0,0.0,14,3671.0,3672.0,1,3686.0,3687.0,3687.0,3667.0,419.0,15396530.0,41903
2023-05-09 21:01:50,bu2306,bu2306,3672.0,0.0,0.0,0.0,9,3671.0,3673.0,6,3686.0,3687.0,3687.0,3667.0,419.0,15396530.0,41903
2023-05-09 21:01:51,bu2306,bu2306,3672.0,0.0,0.0,0.0,9,3671.0,3673.0,11,3686.0,3687.0,3687.0,3667.0,419.0,15396530.0,41903
2023-05-09 21:01:51,bu2306,bu2306,3672.0,0.0,0.0,0.0,4,3672.0,3673.0,15,3686.0,3687.0,3687.0,3667.0,419.0,15396530.0,41903
2023-05-09 21:01:54,bu2306,bu2306,3673.0,6.0,220380.0,-5.0,4,3672.0,3673.0,11,3686.0,3687.0,3687.0,3667.0,425.0,15616910.0,41898
2023-05-09 21:01:54,bu2306,bu2306,3673.0,4.0,146920.0,2.0,4,3672.0,3673.0,7,3686.0,3687.0,3687.0,3667.0,429.0,15763830.0,41900
2023-05-09 21:01:56,bu2306,bu2306,3673.0,0.0,0.0,0.0,4,3672.0,3673.0,7,3686.0,3687.0,3687.0,3667.0,429.0,15763830.0,41900
2023-05-09 21:01:57,bu2306,bu2306,3673.0,3.0,110190.0,3.0,4,3672.0,3673.0,4,3686.0,3687.0,3687.0,3667.0,432.0,15874020.0,41903
2023-05-09 21:01:58,bu2306,bu2306,3673.0,4.0,146920.0,2.0,4,3672.0,3674.0,3,3686.0,3687.0,3687.0,3667.0,436.0,16020940.0,41905
2023-05-09 21:01:59,bu2306,bu2306,3673.0,0.0,0.0,0.0,4,3672.0,3674.0,3,3686.0,3687.0,3687.0,3667.0,436.0,16020940.0,41905
2023-05-09 21:01:59,bu2306,bu2306,3673.0,0.0,0.0,0.0,4,3672.0,3674.0,3,3686.0,3687.0,3687.0,3667.0,436.0,16020940.0,41905
2023-05-09 21:02:00,bu2306,bu2306,3673.0,0.0,0.0,0.0,4,3672.0,3674.0,7,3686.0,3687.0,3687.0,3667.0,436.0,16020940.0,41905
2023-05-09 21:02:01,bu2306,bu2306,3673.0,0.0,0.0,0.0,4,3672.0,3673.0,2,3686.0,3687.0,3687.0,3667.0,436.0,16020940.0,41905
2023-05-09 21:02:02,bu2306,bu2306,3672.0,4.0,146880.0,2.0,11,3671.0,3673.0,2,3686.0,3687.0,3687.0,3667.0,440.0,16167820.0,41907
2023-05-09 21:02:02,bu2306,bu2306,3671.0,1.0,36710.0,-1.0,10,3671.0,3672.0,4,3686.0,3687.0,3687.0,3667.0,441.0,16204530.0,41906
2023-05-09 21:02:03,bu2306,bu2306,3671.0,4.0,146840.0,2.0,2,3671.0,3673.0,8,3686.0,3687.0,3687.0,3667.0,445.0,16351370.0,41908
2023-05-09 21:02:04,bu2306,bu2306,3671.0,2.0,73420.0,2.0,9,3670.0,3672.0,1,3686.0,3687.0,3687.0,3667.0,447.0,16424790.0,41910
2023-05-09 21:02:05,bu2306,bu2306,3671.0,0.0,0.0,0.0,9,3670.0,3672.0,11,3686.0,3687.0,3687.0,3667.0,447.0,16424790.0,41910
2023-05-09 21:02:05,bu2306,bu2306,3671.0,0.0,0.0,0.0,9,3670.0,3671.0,3,3686.0,3687.0,3687.0,3667.0,447.0,16424790.0,41910
2023-05-09 21:02:06,bu2306,bu2306,3671.0,0.0,0.0,0.0,9,3670.0,3671.0,4,3686.0,3687.0,3687.0,3667.0,447.0,16424790.0,41910
2023-05-09 21:02:06,bu2306,bu2306,3671.0,0.0,0.0,0.0,3,3670.0,3671.0,4,3686.0,3687.0,3687.0,3667.0,447.0,16424790.0,41910
2023-05-09 21:02:07,bu2306,bu2306,3671.0,2.0,73420.0,2.0,3,3670.0,3672.0,10,3686.0,3687.0,3687.0,3667.0,449.0,16498210.0,41912
2023-05-09 21:02:07,bu2306,bu2306,3671.0,0.0,0.0,0.0,8,3670.0,3672.0,7,3686.0,3687.0,3687.0,3667.0,449.0,16498210.0,41912
2023-05-09 21:02:08,bu2306,bu2306,3671.0,0.0,0.0,0.0,2,3671.0,3672.0,7,3686.0,3687.0,3687.0,3667.0,449.0,16498210.0,41912
2023-05-09 21:02:08,bu2306,bu2306,3671.0,0.0,0.0,0.0,2,3671.0,3672.0,7,3686.0,3687.0,3687.0,3667.0,449.0,16498210.0,41912
2023-05-09 21:02:09,bu2306,bu2306,3670.0,10.0,367020.0,2.0,22,3669.0,3670.0,13,3686.0,3687.0,3687.0,3667.0,459.0,16865230.0,41914
2023-05-09 21:02:09,bu2306,bu2306,3670.0,13.0,477100.0,7.0,22,3669.0,3671.0,6,3686.0,3687.0,3687.0,3667.0,472.0,17342330.0,41921
2023-05-09 21:02:10,bu2306,bu2306,3670.0,0.0,0.0,0.0,22,3669.0,3671.0,6,3686.0,3687.0,3687.0,3667.0,472.0,17342330.0,41921
2023-05-09 21:02:11,bu2306,bu2306,3670.0,0.0,0.0,0.0,22,3669.0,3671.0,6,3686.0,3687.0,3687.0,3667.0,472.0,17342330.0,41921
2023-05-09 21:02:11,bu2306,bu2306,3670.0,0.0,0.0,0.0,22,3669.0,3671.0,6,3686.0,3687.0,3687.0,3667.0,472.0,17342330.0,41921
2023-05-09 21:02:12,bu2306,bu2306,3670.0,0.0,0.0,0.0,22,3669.0,3670.0,1,3686.0,3687.0,3687.0,3667.0,472.0,17342330.0,41921
2023-05-09 21:02:13,bu2306,bu2306,3670.0,1.0,36700.0,0.0,22,3669.0,3671.0,11,3686.0,3687.0,3687.0,3667.0,473.0,17379030.0,41921
2023-05-09 21:02:13,bu2306,bu2306,3670.0,0.0,0.0,0.0,23,3669.0,3671.0,6,3686.0,3687.0,3687.0,3667.0,473.0,17379030.0,41921
2023-05-09 21:02:14,bu2306,bu2306,3670.0,0.0,0.0,0.0,23,3669.0,3671.0,6,3686.0,3687.0,3687.0,3667.0,473.0,17379030.0,41921
2023-05-09 21:02:16,bu2306,bu2306,3671.0,1.0,36710.0,0.0,23,3669.0,3671.0,5,3686.0,3687.0,3687.0,3667.0,474.0,17415740.0,41921
2023-05-09 21:02:16,bu2306,bu2306,3671.0,1.0,36710.0,0.0,8,3670.0,3671.0,4,3686.0,3687.0,3687.0,3667.0,475.0,17452450.0,41921
2023-05-09 21:02:17,bu2306,bu2306,3671.0,2.0,73420.0,0.0,8,3670.0,3672.0,16,3686.0,3687.0,3687.0,3667.0,477.0,17525870.0,41921
2023-05-09 21:02:18,bu2306,bu2306,3670.0,6.0,220200.0,0.0,2,3670.0,3672.0,16,3686.0,3687.0,3687.0,3667.0,483.0,17746070.0,41921
2023-05-09 21:02:18,bu2306,bu2306,3670.0,0.0,0.0,0.0,7,3670.0,3672.0,16,3686.0,3687.0,3687.0,3667.0,483.0,17746070.0,41921
2023-05-09 21:02:20,bu2306,bu2306,3670.0,0.0,0.0,0.0,7,3670.0,3672.0,17,3686.0,3687.0,3687.0,3667.0,483.0,17746070.0,41921
2023-05-09 21:02:21,bu2306,bu2306,3670.0,0.0,0.0,0.0,7,3670.0,3672.0,18,3686.0,3687.0,3687.0,3667.0,483.0,17746070.0,41921
2023-05-09 21:02:21,bu2306,bu2306,3670.0,0.0,0.0,0.0,7,3670.0,3672.0,16,3686.0,3687.0,3687.0,3667.0,483.0,17746070.0,41921
2023-05-09 21:02:23,bu2306,bu2306,3670.0,0.0,0.0,0.0,7,3670.0,3672.0,16,3686.0,3687.0,3687.0,3667.0,483.0,17746070.0,41921
2023-05-09 21:02:25,bu2306,bu2306,3670.0,0.0,0.0,0.0,1,3671.0,3672.0,16,3686.0,3687.0,3687.0,3667.0,483.0,17746070.0,41921
2023-05-09 21:02:26,bu2306,bu2306,3672.0,1.0,36720.0,-1.0,9,3671.0,3672.0,15,3686.0,3687.0,3687.0,3667.0,484.0,17782790.0,41920
2023-05-09 21:02:26,bu2306,bu2306,3672.0,4.0,146880.0,0.0,9,3671.0,3672.0,5,3686.0,3687.0,3687.0,3667.0,488.0,17929670.0,41920
2023-05-09 21:02:27,bu2306,bu2306,3672.0,0.0,0.0,0.0,1,3671.0,3672.0,5,3686.0,3687.0,3687.0,3667.0,488.0,17929670.0,41920
2023-05-09 21:02:30,bu2306,bu2306,3672.0,5.0,183600.0,-5.0,2,3671.0,3673.0,8,3686.0,3687.0,3687.0,3667.0,493.0,18113270.0,41915
2023-05-09 21:02:31,bu2306,bu2306,3672.0,0.0,0.0,0.0,7,3671.0,3672.0,2,3686.0,3687.0,3687.0,3667.0,493.0,18113270.0,41915
2023-05-09 21:02:32,bu2306,bu2306,3672.0,0.0,0.0,0.0,7,3671.0,3672.0,2,3686.0,3687.0,3687.0,3667.0,493.0,18113270.0,41915
2023-05-09 21:02:32,bu2306,bu2306,3671.0,1.0,36710.0,-1.0,1,3671.0,3672.0,2,3686.0,3687.0,3687.0,3667.0,494.0,18149980.0,41914
2023-05-09 21:02:33,bu2306,bu2306,3671.0,0.0,0.0,0.0,1,3671.0,3672.0,2,3686.0,3687.0,3687.0,3667.0,494.0,18149980.0,41914
2023-05-09 21:02:34,bu2306,bu2306,3672.0,1.0,36720.0,0.0,1,3671.0,3672.0,1,3686.0,3687.0,3687.0,3667.0,495.0,18186700.0,41914
2023-05-09 21:02:34,bu2306,bu2306,3672.0,0.0,0.0,0.0,2,3671.0,3672.0,1,3686.0,3687.0,3687.0,3667.0,495.0,18186700.0,41914
2023-05-09 21:02:35,bu2306,bu2306,3672.0,0.0,0.0,0.0,2,3671.0,3672.0,1,3686.0,3687.0,3687.0,3667.0,495.0,18186700.0,41914
2023-05-09 21:02:35,bu2306,bu2306,3672.0,1.0,36720.0,-1.0,2,3671.0,3673.0,8,3686.0,3687.0,3687.0,3667.0,496.0,18223420.0,41913
2023-05-09 21:02:36,bu2306,bu2306,3672.0,0.0,0.0,0.0,7,3671.0,3673.0,8,3686.0,3687.0,3687.0,3667.0,496.0,18223420.0,41913
2023-05-09 21:02:36,bu2306,bu2306,3672.0,0.0,0.0,0.0,7,3671.0,3673.0,8,3686.0,3687.0,3687.0,3667.0,496.0,18223420.0,41913
2023-05-09 21:02:40,bu2306,bu2306,3672.0,0.0,0.0,0.0,12,3671.0,3673.0,8,3686.0,3687.0,3687.0,3667.0,496.0,18223420.0,41913
2023-05-09 21:02:41,bu2306,bu2306,3672.0,0.0,0.0,0.0,12,3671.0,3673.0,12,3686.0,3687.0,3687.0,3667.0,496.0,18223420.0,41913
2023-05-09 21:02:41,bu2306,bu2306,3672.0,0.0,0.0,0.0,7,3671.0,3673.0,14,3686.0,3687.0,3687.0,3667.0,496.0,18223420.0,41913
2023-05-09 21:02:42,bu2306,bu2306,3672.0,0.0,0.0,0.0,5,3671.0,3672.0,4,3686.0,3687.0,3687.0,3667.0,496.0,18223420.0,41913
2023-05-09 21:02:42,bu2306,bu2306,3672.0,0.0,0.0,0.0,7,3671.0,3672.0,4,3686.0,3687.0,3687.0,3667.0,496.0,18223420.0,41913
2023-05-09 21:02:44,bu2306,bu2306,3672.0,0.0,0.0,0.0,2,3671.0,3672.0,4,3686.0,3687.0,3687.0,3667.0,496.0,18223420.0,41913
2023-05-09 21:02:44,bu2306,bu2306,3672.0,0.0,0.0,0.0,2,3671.0,3672.0,4,3686.0,3687.0,3687.0,3667.0,496.0,18223420.0,41913
2023-05-09 21:02:45,bu2306,bu2306,3672.0,0.0,0.0,0.0,2,3671.0,3672.0,4,3686.0,3687.0,3687.0,3667.0,496.0,18223420.0,41913
2023-05-09 21:02:46,bu2306,bu2306,3672.0,0.0,0.0,0.0,7,3671.0,3672.0,4,3686.0,3687.0,3687.0,3667.0,496.0,18223420.0,41913
2023-05-09 21:02:47,bu2306,bu2306,3672.0,0.0,0.0,0.0,2,3671.0,3672.0,4,3686.0,3687.0,3687.0,3667.0,496.0,18223420.0,41913
2023-05-09 21:02:48,bu2306,bu2306,3671.0,2.0,73420.0,2.0,7,3670.0,3671.0,2,3686.0,3687.0,3687.0,3667.0,498.0,18296840.0,41915
2023-05-09 21:02:48,bu2306,bu2306,3671.0,0.0,0.0,0.0,12,3670.0,3671.0,2,3686.0,3687.0,3687.0,3667.0,498.0,18296840.0,41915
2023-05-09 21:02:49,bu2306,bu2306,3671.0,0.0,0.0,0.0,12,3670.0,3671.0,2,3686.0,3687.0,3687.0,3667.0,498.0,18296840.0,41915
2023-05-09 21:02:50,bu2306,bu2306,3671.0,0.0,0.0,0.0,12,3670.0,3671.0,2,3686.0,3687.0,3687.0,3667.0,498.0,18296840.0,41915
2023-05-09 21:02:50,bu2306,bu2306,3671.0,0.0,0.0,0.0,14,3670.0,3671.0,2,3686.0,3687.0,3687.0,3667.0,498.0,18296840.0,41915
2023-05-09 21:02:51,bu2306,bu2306,3671.0,2.0,73420.0,0.0,3,3671.0,3672.0,7,3686.0,3687.0,3687.0,3667.0,500.0,18370260.0,41915
2023-05-09 21:02:52,bu2306,bu2306,3671.0,0.0,0.0,0.0,3,3671.0,3672.0,7,3686.0,3687.0,3687.0,3667.0,500.0,18370260.0,41915
2023-05-09 21:02:52,bu2306,bu2306,3671.0,0.0,0.0,0.0,7,3670.0,3672.0,7,3686.0,3687.0,3687.0,3667.0,500.0,18370260.0,41915
2023-05-09 21:02:53,bu2306,bu2306,3671.0,0.0,0.0,0.0,10,3670.0,3672.0,7,3686.0,3687.0,3687.0,3667.0,500.0,18370260.0,41915
2023-05-09 21:02:56,bu2306,bu2306,3671.0,0.0,0.0,0.0,10,3670.0,3672.0,7,3686.0,3687.0,3687.0,3667.0,500.0,18370260.0,41915
2023-05-09 21:02:57,bu2306,bu2306,3671.0,0.0,0.0,0.0,14,3670.0,3672.0,7,3686.0,3687.0,3687.0,3667.0,500.0,18370260.0,41915
2023-05-09 21:02:57,bu2306,bu2306,3671.0,0.0,0.0,0.0,3,3671.0,3672.0,7,3686.0,3687.0,3687.0,3667.0,500.0,18370260.0,41915
2023-05-09 21:02:58,bu2306,bu2306,3671.0,0.0,0.0,0.0,3,3671.0,3672.0,7,3686.0,3687.0,3687.0,3667.0,500.0,18370260.0,41915
2023-05-09 21:02:58,bu2306,bu2306,3671.0,0.0,0.0,0.0,12,3671.0,3672.0,7,3686.0,3687.0,3687.0,3667.0,500.0,18370260.0,41915
2023-05-09 21:02:59,bu2306,bu2306,3671.0,0.0,0.0,0.0,1,3672.0,3673.0,8,3686.0,3687.0,3687.0,3667.0,500.0,18370260.0,41915
2023-05-09 21:02:59,bu2306,bu2306,3671.0,0.0,0.0,0.0,1,3672.0,3673.0,8,3686.0,3687.0,3687.0,3667.0,500.0,18370260.0,41915
2023-05-09 21:03:00,bu2306,bu2306,3671.0,0.0,0.0,0.0,1,3672.0,3673.0,8,3686.0,3687.0,3687.0,3667.0,500.0,18370260.0,41915
2023-05-09 21:03:02,bu2306,bu2306,3671.0,0.0,0.0,0.0,4,3672.0,3673.0,8,3686.0,3687.0,3687.0,3667.0,500.0,18370260.0,41915
2023-05-09 21:03:03,bu2306,bu2306,3671.0,0.0,0.0,0.0,4,3672.0,3673.0,2,3686.0,3687.0,3687.0,3667.0,500.0,18370260.0,41915
2023-05-09 21:03:03,bu2306,bu2306,3671.0,0.0,0.0,0.0,6,3672.0,3673.0,2,3686.0,3687.0,3687.0,3667.0,500.0,18370260.0,41915
2023-05-09 21:03:04,bu2306,bu2306,3671.0,0.0,0.0,0.0,8,3672.0,3673.0,2,3686.0,3687.0,3687.0,3667.0,500.0,18370260.0,41915
2023-05-09 21:03:05,bu2306,bu2306,3673.0,2.0,73460.0,-1.0,8,3672.0,3674.0,8,3686.0,3687.0,3687.0,3667.0,502.0,18443720.0,41914
2023-05-09 21:03:05,bu2306,bu2306,3673.0,1.0,36730.0,0.0,1,3673.0,3674.0,8,3686.0,3687.0,3687.0,3667.0,503.0,18480450.0,41914
2023-05-09 21:03:06,bu2306,bu2306,3673.0,0.0,0.0,0.0,1,3673.0,3674.0,8,3686.0,3687.0,3687.0,3667.0,503.0,18480450.0,41914
2023-05-09 21:03:06,bu2306,bu2306,3673.0,0.0,0.0,0.0,4,3673.0,3674.0,8,3686.0,3687.0,3687.0,3667.0,503.0,18480450.0,41914
2023-05-09 21:03:07,bu2306,bu2306,3673.0,0.0,0.0,0.0,4,3673.0,3674.0,8,3686.0,3687.0,3687.0,3667.0,503.0,18480450.0,41914
2023-05-09 21:03:08,bu2306,bu2306,3674.0,8.0,293920.0,-8.0,4,3673.0,3675.0,7,3686.0,3687.0,3687.0,3667.0,511.0,18774370.0,41906
2023-05-09 21:03:08,bu2306,bu2306,3674.0,0.0,0.0,0.0,1,3674.0,3675.0,7,3686.0,3687.0,3687.0,3667.0,511.0,18774370.0,41906
2023-05-09 21:03:09,bu2306,bu2306,3674.0,0.0,0.0,0.0,1,3674.0,3675.0,7,3686.0,3687.0,3687.0,3667.0,511.0,18774370.0,41906
2023-05-09 21:03:09,bu2306,bu2306,3674.0,0.0,0.0,0.0,4,3674.0,3675.0,7,3686.0,3687.0,3687.0,3667.0,511.0,18774370.0,41906
2023-05-09 21:03:12,bu2306,bu2306,3674.0,2.0,73480.0,0.0,13,3673.0,3675.0,7,3686.0,3687.0,3687.0,3667.0,513.0,18847850.0,41906
2023-05-09 21:03:12,bu2306,bu2306,3674.0,0.0,0.0,0.0,15,3673.0,3674.0,1,3686.0,3687.0,3687.0,3667.0,513.0,18847850.0,41906
2023-05-09 21:03:13,bu2306,bu2306,3674.0,0.0,0.0,0.0,15,3673.0,3674.0,1,3686.0,3687.0,3687.0,3667.0,513.0,18847850.0,41906
2023-05-09 21:03:14,bu2306,bu2306,3674.0,1.0,36740.0,0.0,15,3673.0,3675.0,7,3686.0,3687.0,3687.0,3667.0,514.0,18884590.0,41906
2023-05-09 21:03:14,bu2306,bu2306,3674.0,0.0,0.0,0.0,1,3674.0,3675.0,7,3686.0,3687.0,3687.0,3667.0,514.0,18884590.0,41906
2023-05-09 21:03:15,bu2306,bu2306,3674.0,0.0,0.0,0.0,1,3674.0,3675.0,7,3686.0,3687.0,3687.0,3667.0,514.0,18884590.0,41906
2023-05-09 21:03:15,bu2306,bu2306,3674.0,1.0,36740.0,0.0,2,3674.0,3675.0,7,3686.0,3687.0,3687.0,3667.0,515.0,18921330.0,41906
2023-05-09 21:03:17,bu2306,bu2306,3675.0,1.0,36750.0,-1.0,2,3674.0,3675.0,6,3686.0,3687.0,3687.0,3667.0,516.0,18958080.0,41905
2023-05-09 21:03:20,bu2306,bu2306,3676.0,9.0,330780.0,-4.0,2,3674.0,3676.0,6,3686.0,3687.0,3687.0,3667.0,525.0,19288860.0,41901
2023-05-09 21:03:20,bu2306,bu2306,3676.0,5.0,183800.0,-4.0,2,3675.0,3676.0,1,3686.0,3687.0,3687.0,3667.0,530.0,19472660.0,41897
2023-05-09 21:03:21,bu2306,bu2306,3676.0,0.0,0.0,0.0,2,3675.0,3676.0,1,3686.0,3687.0,3687.0,3667.0,530.0,19472660.0,41897
2023-05-09 21:03:21,bu2306,bu2306,3676.0,0.0,0.0,0.0,4,3675.0,3676.0,1,3686.0,3687.0,3687.0,3667.0,530.0,19472660.0,41897
2023-05-09 21:03:22,bu2306,bu2306,3676.0,0.0,0.0,0.0,9,3675.0,3676.0,1,3686.0,3687.0,3687.0,3667.0,530.0,19472660.0,41897
2023-05-09 21:03:23,bu2306,bu2306,3675.0,5.0,183750.0,1.0,4,3675.0,3676.0,1,3686.0,3687.0,3687.0,3667.0,535.0,19656410.0,41898
2023-05-09 21:03:24,bu2306,bu2306,3675.0,1.0,36750.0,-1.0,3,3675.0,3676.0,1,3686.0,3687.0,3687.0,3667.0,536.0,19693160.0,41897
2023-05-09 21:03:25,bu2306,bu2306,3675.0,0.0,0.0,0.0,3,3675.0,3676.0,1,3686.0,3687.0,3687.0,3667.0,536.0,19693160.0,41897
2023-05-09 21:03:26,bu2306,bu2306,3676.0,1.0,36760.0,1.0,1,3676.0,3677.0,7,3686.0,3687.0,3687.0,3667.0,537.0,19729920.0,41898
2023-05-09 21:03:27,bu2306,bu2306,3676.0,1.0,36760.0,0.0,13,3675.0,3676.0,1,3686.0,3687.0,3687.0,3667.0,538.0,19766680.0,41898
2023-05-09 21:03:27,bu2306,bu2306,3676.0,0.0,0.0,0.0,13,3675.0,3677.0,7,3686.0,3687.0,3687.0,3667.0,538.0,19766680.0,41898
2023-05-09 21:03:28,bu2306,bu2306,3676.0,0.0,0.0,0.0,13,3675.0,3677.0,7,3686.0,3687.0,3687.0,3667.0,538.0,19766680.0,41898
2023-05-09 21:03:32,bu2306,bu2306,3677.0,1.0,36770.0,1.0,13,3675.0,3677.0,6,3686.0,3687.0,3687.0,3667.0,539.0,19803450.0,41899
2023-05-09 21:03:32,bu2306,bu2306,3677.0,0.0,0.0,0.0,13,3675.0,3677.0,10,3686.0,3687.0,3687.0,3667.0,539.0,19803450.0,41899
2023-05-09 21:03:33,bu2306,bu2306,3677.0,0.0,0.0,0.0,13,3675.0,3676.0,1,3686.0,3687.0,3687.0,3667.0,539.0,19803450.0,41899
2023-05-09 21:03:35,bu2306,bu2306,3677.0,0.0,0.0,0.0,17,3675.0,3676.0,1,3686.0,3687.0,3687.0,3667.0,539.0,19803450.0,41899
2023-05-09 21:03:37,bu2306,bu2306,3676.0,1.0,36760.0,0.0,17,3675.0,3677.0,11,3686.0,3687.0,3687.0,3667.0,540.0,19840210.0,41899
2023-05-09 21:03:37,bu2306,bu2306,3676.0,0.0,0.0,0.0,17,3675.0,3677.0,9,3686.0,3687.0,3687.0,3667.0,540.0,19840210.0,41899
2023-05-09 21:03:38,bu2306,bu2306,3676.0,0.0,0.0,0.0,2,3676.0,3677.0,6,3686.0,3687.0,3687.0,3667.0,540.0,19840210.0,41899
2023-05-09 21:03:38,bu2306,bu2306,3676.0,0.0,0.0,0.0,2,3676.0,3677.0,3,3686.0,3687.0,3687.0,3667.0,540.0,19840210.0,41899
2023-05-09 21:03:39,bu2306,bu2306,3676.0,1.0,36760.0,0.0,1,3676.0,3677.0,3,3686.0,3687.0,3687.0,3667.0,541.0,19876970.0,41899
2023-05-09 21:03:40,bu2306,bu2306,3676.0,1.0,36760.0,0.0,17,3675.0,3677.0,3,3686.0,3687.0,3687.0,3667.0,542.0,19913730.0,41899
2023-05-09 21:03:40,bu2306,bu2306,3676.0,0.0,0.0,0.0,17,3675.0,3676.0,1,3686.0,3687.0,3687.0,3667.0,542.0,19913730.0,41899
2023-05-09 21:03:41,bu2306,bu2306,3676.0,0.0,0.0,0.0,1,3676.0,3677.0,7,3686.0,3687.0,3687.0,3667.0,542.0,19913730.0,41899
2023-05-09 21:03:42,bu2306,bu2306,3676.0,0.0,0.0,0.0,1,3676.0,3677.0,3,3686.0,3687.0,3687.0,3667.0,542.0,19913730.0,41899
2023-05-09 21:03:42,bu2306,bu2306,3676.0,0.0,0.0,0.0,3,3676.0,3677.0,3,3686.0,3687.0,3687.0,3667.0,542.0,19913730.0,41899
2023-05-09 21:03:43,bu2306,bu2306,3676.0,0.0,0.0,0.0,6,3676.0,3678.0,9,3686.0,3687.0,3687.0,3667.0,542.0,19913730.0,41899
2023-05-09 21:03:43,bu2306,bu2306,3676.0,0.0,0.0,0.0,6,3676.0,3677.0,5,3686.0,3687.0,3687.0,3667.0,542.0,19913730.0,41899
2023-05-09 21:03:44,bu2306,bu2306,3676.0,3.0,110280.0,2.0,17,3675.0,3677.0,6,3686.0,3687.0,3687.0,3667.0,545.0,20024010.0,41901
2023-05-09 21:03:44,bu2306,bu2306,3676.0,0.0,0.0,0.0,17,3675.0,3676.0,4,3686.0,3687.0,3687.0,3667.0,545.0,20024010.0,41901
2023-05-09 21:03:45,bu2306,bu2306,3676.0,0.0,0.0,0.0,17,3675.0,3676.0,9,3686.0,3687.0,3687.0,3667.0,545.0,20024010.0,41901
2023-05-09 21:03:45,bu2306,bu2306,3676.0,0.0,0.0,0.0,13,3675.0,3676.0,9,3686.0,3687.0,3687.0,3667.0,545.0,20024010.0,41901
2023-05-09 21:03:46,bu2306,bu2306,3676.0,0.0,0.0,0.0,7,3675.0,3676.0,9,3686.0,3687.0,3687.0,3667.0,545.0,20024010.0,41901
2023-05-09 21:03:46,bu2306,bu2306,3676.0,0.0,0.0,0.0,7,3675.0,3676.0,9,3686.0,3687.0,3687.0,3667.0,545.0,20024010.0,41901
2023-05-09 21:03:49,bu2306,bu2306,3676.0,0.0,0.0,0.0,7,3675.0,3676.0,9,3686.0,3687.0,3687.0,3667.0,545.0,20024010.0,41901
2023-05-09 21:03:50,bu2306,bu2306,3676.0,0.0,0.0,0.0,7,3675.0,3676.0,9,3686.0,3687.0,3687.0,3667.0,545.0,20024010.0,41901
2023-05-09 21:03:50,bu2306,bu2306,3676.0,0.0,0.0,0.0,7,3675.0,3676.0,9,3686.0,3687.0,3687.0,3667.0,545.0,20024010.0,41901
2023-05-09 21:03:52,bu2306,bu2306,3675.0,1.0,36750.0,-1.0,6,3675.0,3676.0,9,3686.0,3687.0,3687.0,3667.0,546.0,20060760.0,41900
2023-05-09 21:03:52,bu2306,bu2306,3676.0,9.0,330840.0,4.0,1,3676.0,3677.0,8,3686.0,3687.0,3687.0,3667.0,555.0,20391600.0,41904
2023-05-09 21:03:53,bu2306,bu2306,3676.0,1.0,36760.0,0.0,12,3675.0,3677.0,7,3686.0,3687.0,3687.0,3667.0,556.0,20428360.0,41904
2023-05-09 21:03:53,bu2306,bu2306,3674.0,15.0,551220.0,6.0,8,3674.0,3676.0,2,3686.0,3687.0,3687.0,3667.0,571.0,20979580.0,41910
2023-05-09 21:03:54,bu2306,bu2306,3674.0,0.0,0.0,0.0,8,3674.0,3675.0,1,3686.0,3687.0,3687.0,3667.0,571.0,20979580.0,41910
2023-05-09 21:03:54,bu2306,bu2306,3674.0,0.0,0.0,0.0,6,3674.0,3675.0,2,3686.0,3687.0,3687.0,3667.0,571.0,20979580.0,41910
2023-05-09 21:03:55,bu2306,bu2306,3674.0,0.0,0.0,0.0,6,3674.0,3675.0,4,3686.0,3687.0,3687.0,3667.0,571.0,20979580.0,41910
2023-05-09 21:03:55,bu2306,bu2306,3674.0,0.0,0.0,0.0,1,3674.0,3675.0,4,3686.0,3687.0,3687.0,3667.0,571.0,20979580.0,41910
2023-05-09 21:03:56,bu2306,bu2306,3674.0,1.0,36740.0,0.0,13,3673.0,3675.0,7,3686.0,3687.0,3687.0,3667.0,572.0,21016320.0,41910
2023-05-09 21:03:56,bu2306,bu2306,3674.0,0.0,0.0,0.0,13,3673.0,3674.0,3,3686.0,3687.0,3687.0,3667.0,572.0,21016320.0,41910
2023-05-09 21:03:57,bu2306,bu2306,3674.0,0.0,0.0,0.0,13,3673.0,3674.0,3,3686.0,3687.0,3687.0,3667.0,572.0,21016320.0,41910
2023-05-09 21:03:57,bu2306,bu2306,3674.0,2.0,73480.0,2.0,13,3673.0,3674.0,1,3686.0,3687.0,3687.0,3667.0,574.0,21089800.0,41912
2023-05-09 21:03:58,bu2306,bu2306,3674.0,0.0,0.0,0.0,13,3673.0,3674.0,3,3686.0,3687.0,3687.0,3667.0,574.0,21089800.0,41912
2023-05-09 21:03:58,bu2306,bu2306,3674.0,2.0,73480.0,0.0,13,3673.0,3675.0,4,3686.0,3687.0,3687.0,3667.0,576.0,21163280.0,41912
2023-05-09 21:03:59,bu2306,bu2306,3674.0,0.0,0.0,0.0,13,3673.0,3675.0,8,3686.0,3687.0,3687.0,3667.0,576.0,21163280.0,41912
2023-05-09 21:04:00,bu2306,bu2306,3674.0,0.0,0.0,0.0,13,3673.0,3675.0,9,3686.0,3687.0,3687.0,3667.0,576.0,21163280.0,41912
2023-05-09 21:04:01,bu2306,bu2306,3672.0,22.0,807970.0,12.0,10,3671.0,3674.0,8,3686.0,3687.0,3687.0,3667.0,598.0,21971250.0,41924
2023-05-09 21:04:01,bu2306,bu2306,3672.0,0.0,0.0,0.0,6,3671.0,3673.0,16,3686.0,3687.0,3687.0,3667.0,598.0,21971250.0,41924
2023-05-09 21:04:02,bu2306,bu2306,3672.0,0.0,0.0,0.0,6,3671.0,3673.0,18,3686.0,3687.0,3687.0,3667.0,598.0,21971250.0,41924
2023-05-09 21:04:02,bu2306,bu2306,3672.0,0.0,0.0,0.0,6,3671.0,3672.0,1,3686.0,3687.0,3687.0,3667.0,598.0,21971250.0,41924
2023-05-09 21:04:03,bu2306,bu2306,3672.0,0.0,0.0,0.0,6,3671.0,3672.0,11,3686.0,3687.0,3687.0,3667.0,598.0,21971250.0,41924
2023-05-09 21:04:03,bu2306,bu2306,3671.0,6.0,220260.0,0.0,6,3670.0,3672.0,11,3686.0,3687.0,3687.0,3667.0,604.0,22191510.0,41924
2023-05-09 21:04:04,bu2306,bu2306,3671.0,0.0,0.0,0.0,6,3670.0,3671.0,2,3686.0,3687.0,3687.0,3667.0,604.0,22191510.0,41924
2023-05-09 21:04:04,bu2306,bu2306,3671.0,0.0,0.0,0.0,6,3670.0,3671.0,11,3686.0,3687.0,3687.0,3667.0,604.0,22191510.0,41924
2023-05-09 21:04:05,bu2306,bu2306,3671.0,0.0,0.0,0.0,3,3670.0,3671.0,7,3686.0,3687.0,3687.0,3667.0,604.0,22191510.0,41924
2023-05-09 21:04:05,bu2306,bu2306,3670.0,1.0,36700.0,0.0,2,3670.0,3671.0,7,3686.0,3687.0,3687.0,3667.0,605.0,22228210.0,41924
2023-05-09 21:04:06,bu2306,bu2306,3670.0,0.0,0.0,0.0,2,3670.0,3671.0,7,3686.0,3687.0,3687.0,3667.0,605.0,22228210.0,41924
2023-05-09 21:04:07,bu2306,bu2306,3670.0,1.0,36700.0,0.0,1,3670.0,3671.0,7,3686.0,3687.0,3687.0,3667.0,606.0,22264910.0,41924
2023-05-09 21:04:07,bu2306,bu2306,3670.0,0.0,0.0,0.0,1,3670.0,3671.0,4,3686.0,3687.0,3687.0,3667.0,606.0,22264910.0,41924
2023-05-09 21:04:08,bu2306,bu2306,3670.0,0.0,0.0,0.0,2,3670.0,3671.0,4,3686.0,3687.0,3687.0,3667.0,606.0,22264910.0,41924
2023-05-09 21:04:10,bu2306,bu2306,3670.0,0.0,0.0,0.0,2,3670.0,3671.0,5,3686.0,3687.0,3687.0,3667.0,606.0,22264910.0,41924
2023-05-09 21:04:10,bu2306,bu2306,3670.0,0.0,0.0,0.0,2,3670.0,3671.0,7,3686.0,3687.0,3687.0,3667.0,606.0,22264910.0,41924
2023-05-09 21:04:11,bu2306,bu2306,3671.0,12.0,440500.0,11.0,22,3669.0,3671.0,1,3686.0,3687.0,3687.0,3667.0,618.0,22705410.0,41935
2023-05-09 21:04:11,bu2306,bu2306,3671.0,0.0,0.0,0.0,23,3669.0,3671.0,10,3686.0,3687.0,3687.0,3667.0,618.0,22705410.0,41935
2023-05-09 21:04:12,bu2306,bu2306,3671.0,0.0,0.0,0.0,23,3669.0,3670.0,1,3686.0,3687.0,3687.0,3667.0,618.0,22705410.0,41935
2023-05-09 21:04:12,bu2306,bu2306,3671.0,0.0,0.0,0.0,23,3669.0,3670.0,1,3686.0,3687.0,3687.0,3667.0,618.0,22705410.0,41935
2023-05-09 21:04:13,bu2306,bu2306,3671.0,11.0,403800.0,-4.0,11,3671.0,3672.0,10,3686.0,3687.0,3687.0,3667.0,629.0,23109210.0,41931
2023-05-09 21:04:13,bu2306,bu2306,3673.0,11.0,403970.0,-9.0,6,3670.0,3673.0,7,3686.0,3687.0,3687.0,3667.0,640.0,23513180.0,41922
2023-05-09 21:04:14,bu2306,bu2306,3673.0,0.0,0.0,0.0,6,3671.0,3672.0,1,3686.0,3687.0,3687.0,3667.0,640.0,23513180.0,41922
2023-05-09 21:04:14,bu2306,bu2306,3673.0,0.0,0.0,0.0,6,3671.0,3672.0,1,3686.0,3687.0,3687.0,3667.0,640.0,23513180.0,41922
2023-05-09 21:04:16,bu2306,bu2306,3672.0,1.0,36720.0,1.0,6,3671.0,3673.0,10,3686.0,3687.0,3687.0,3667.0,641.0,23549900.0,41923
2023-05-09 21:04:17,bu2306,bu2306,3672.0,0.0,0.0,0.0,11,3671.0,3672.0,1,3686.0,3687.0,3687.0,3667.0,641.0,23549900.0,41923
2023-05-09 21:04:17,bu2306,bu2306,3672.0,1.0,36720.0,0.0,7,3671.0,3673.0,9,3686.0,3687.0,3687.0,3667.0,642.0,23586620.0,41923
2023-05-09 21:04:18,bu2306,bu2306,3672.0,0.0,0.0,0.0,7,3671.0,3673.0,7,3686.0,3687.0,3687.0,3667.0,642.0,23586620.0,41923
2023-05-09 21:04:18,bu2306,bu2306,3672.0,0.0,0.0,0.0,7,3671.0,3673.0,7,3686.0,3687.0,3687.0,3667.0,642.0,23586620.0,41923
2023-05-09 21:04:19,bu2306,bu2306,3672.0,0.0,0.0,0.0,7,3671.0,3673.0,7,3686.0,3687.0,3687.0,3667.0,642.0,23586620.0,41923
2023-05-09 21:04:20,bu2306,bu2306,3672.0,0.0,0.0,0.0,8,3671.0,3672.0,1,3686.0,3687.0,3687.0,3667.0,642.0,23586620.0,41923
2023-05-09 21:04:20,bu2306,bu2306,3672.0,0.0,0.0,0.0,8,3671.0,3672.0,5,3686.0,3687.0,3687.0,3667.0,642.0,23586620.0,41923
2023-05-09 21:04:21,bu2306,bu2306,3672.0,0.0,0.0,0.0,8,3671.0,3672.0,5,3686.0,3687.0,3687.0,3667.0,642.0,23586620.0,41923
2023-05-09 21:04:21,bu2306,bu2306,3671.0,7.0,256970.0,0.0,6,3670.0,3672.0,13,3686.0,3687.0,3687.0,3667.0,649.0,23843590.0,41923
2023-05-09 21:04:22,bu2306,bu2306,3669.0,8.0,293590.0,1.0,21,3669.0,3671.0,5,3686.0,3687.0,3687.0,3667.0,657.0,24137180.0,41924
2023-05-09 21:04:22,bu2306,bu2306,3669.0,0.0,0.0,0.0,21,3669.0,3670.0,1,3686.0,3687.0,3687.0,3667.0,657.0,24137180.0,41924
2023-05-09 21:04:23,bu2306,bu2306,3669.0,0.0,0.0,0.0,21,3669.0,3670.0,2,3686.0,3687.0,3687.0,3667.0,657.0,24137180.0,41924
2023-05-09 21:04:23,bu2306,bu2306,3669.0,0.0,0.0,0.0,21,3669.0,3670.0,2,3686.0,3687.0,3687.0,3667.0,657.0,24137180.0,41924
2023-05-09 21:04:24,bu2306,bu2306,3669.0,19.0,697110.0,0.0,2,3669.0,3670.0,6,3686.0,3687.0,3687.0,3667.0,676.0,24834290.0,41924
2023-05-09 21:04:24,bu2306,bu2306,3669.0,3.0,110070.0,0.0,24,3668.0,3670.0,7,3686.0,3687.0,3687.0,3667.0,679.0,24944360.0,41924
2023-05-09 21:04:25,bu2306,bu2306,3669.0,0.0,0.0,0.0,24,3668.0,3670.0,2,3686.0,3687.0,3687.0,3667.0,679.0,24944360.0,41924
2023-05-09 21:04:25,bu2306,bu2306,3670.0,1.0,36700.0,0.0,1,3669.0,3671.0,7,3686.0,3687.0,3687.0,3667.0,680.0,24981060.0,41924
2023-05-09 21:04:26,bu2306,bu2306,3670.0,0.0,0.0,0.0,1,3670.0,3671.0,7,3686.0,3687.0,3687.0,3667.0,680.0,24981060.0,41924
2023-05-09 21:04:26,bu2306,bu2306,3670.0,0.0,0.0,0.0,1,3670.0,3671.0,7,3686.0,3687.0,3687.0,3667.0,680.0,24981060.0,41924
2023-05-09 21:04:27,bu2306,bu2306,3670.0,0.0,0.0,0.0,1,3670.0,3671.0,7,3686.0,3687.0,3687.0,3667.0,680.0,24981060.0,41924
2023-05-09 21:04:27,bu2306,bu2306,3670.0,0.0,0.0,0.0,4,3670.0,3671.0,7,3686.0,3687.0,3687.0,3667.0,680.0,24981060.0,41924
2023-05-09 21:04:28,bu2306,bu2306,3670.0,0.0,0.0,0.0,4,3670.0,3671.0,1,3686.0,3687.0,3687.0,3667.0,680.0,24981060.0,41924
2023-05-09 21:04:28,bu2306,bu2306,3670.0,0.0,0.0,0.0,4,3670.0,3671.0,5,3686.0,3687.0,3687.0,3667.0,680.0,24981060.0,41924
2023-05-09 21:04:29,bu2306,bu2306,3671.0,1.0,36710.0,0.0,1,3670.0,3671.0,4,3686.0,3687.0,3687.0,3667.0,681.0,25017770.0,41924
2023-05-09 21:04:29,bu2306,bu2306,3670.0,1.0,36700.0,0.0,3,3670.0,3671.0,9,3686.0,3687.0,3687.0,3667.0,682.0,25054470.0,41924
2023-05-09 21:04:30,bu2306,bu2306,3670.0,3.0,110100.0,3.0,10,3669.0,3671.0,9,3686.0,3687.0,3687.0,3667.0,685.0,25164570.0,41927
2023-05-09 21:04:30,bu2306,bu2306,3669.0,10.0,366900.0,3.0,24,3668.0,3670.0,2,3686.0,3687.0,3687.0,3667.0,695.0,25531470.0,41930
2023-05-09 21:04:31,bu2306,bu2306,3670.0,2.0,73400.0,1.0,24,3668.0,3670.0,5,3686.0,3687.0,3687.0,3667.0,697.0,25604870.0,41931
2023-05-09 21:04:31,bu2306,bu2306,3670.0,0.0,0.0,0.0,24,3668.0,3670.0,5,3686.0,3687.0,3687.0,3667.0,697.0,25604870.0,41931
2023-05-09 21:04:33,bu2306,bu2306,3670.0,0.0,0.0,0.0,24,3668.0,3670.0,4,3686.0,3687.0,3687.0,3667.0,697.0,25604870.0,41931
2023-05-09 21:04:33,bu2306,bu2306,3668.0,3.0,110040.0,-3.0,21,3668.0,3670.0,4,3686.0,3687.0,3687.0,3667.0,700.0,25714910.0,41928
2023-05-09 21:04:35,bu2306,bu2306,3668.0,0.0,0.0,0.0,21,3668.0,3670.0,5,3686.0,3687.0,3687.0,3667.0,700.0,25714910.0,41928
2023-05-09 21:04:36,bu2306,bu2306,3668.0,0.0,0.0,0.0,21,3668.0,3670.0,10,3686.0,3687.0,3687.0,3667.0,700.0,25714910.0,41928
2023-05-09 21:04:38,bu2306,bu2306,3670.0,1.0,36700.0,-1.0,21,3668.0,3670.0,9,3686.0,3687.0,3687.0,3667.0,701.0,25751610.0,41927
2023-05-09 21:04:39,bu2306,bu2306,3670.0,0.0,0.0,0.0,22,3668.0,3670.0,9,3686.0,3687.0,3687.0,3667.0,701.0,25751610.0,41927
2023-05-09 21:04:42,bu2306,bu2306,3668.0,1.0,36680.0,-1.0,21,3668.0,3670.0,9,3686.0,3687.0,3687.0,3667.0,702.0,25788290.0,41926
2023-05-09 21:04:43,bu2306,bu2306,3668.0,0.0,0.0,0.0,22,3668.0,3670.0,9,3686.0,3687.0,3687.0,3667.0,702.0,25788290.0,41926
2023-05-09 21:04:44,bu2306,bu2306,3668.0,0.0,0.0,0.0,27,3668.0,3670.0,8,3686.0,3687.0,3687.0,3667.0,702.0,25788290.0,41926
2023-05-09 21:04:44,bu2306,bu2306,3668.0,0.0,0.0,0.0,2,3669.0,3670.0,3,3686.0,3687.0,3687.0,3667.0,702.0,25788290.0,41926
2023-05-09 21:04:45,bu2306,bu2306,3668.0,0.0,0.0,0.0,7,3669.0,3671.0,10,3686.0,3687.0,3687.0,3667.0,702.0,25788290.0,41926
2023-05-09 21:04:45,bu2306,bu2306,3668.0,0.0,0.0,0.0,7,3669.0,3671.0,15,3686.0,3687.0,3687.0,3667.0,702.0,25788290.0,41926
2023-05-09 21:04:46,bu2306,bu2306,3668.0,0.0,0.0,0.0,7,3669.0,3671.0,15,3686.0,3687.0,3687.0,3667.0,702.0,25788290.0,41926
2023-05-09 21:04:46,bu2306,bu2306,3668.0,0.0,0.0,0.0,8,3669.0,3671.0,11,3686.0,3687.0,3687.0,3667.0,702.0,25788290.0,41926
2023-05-09 21:04:47,bu2306,bu2306,3671.0,2.0,73420.0,0.0,15,3670.0,3671.0,9,3686.0,3687.0,3687.0,3667.0,704.0,25861710.0,41926
2023-05-09 21:04:47,bu2306,bu2306,3670.0,4.0,146800.0,4.0,11,3670.0,3671.0,5,3686.0,3687.0,3687.0,3667.0,708.0,26008510.0,41930
2023-05-09 21:04:48,bu2306,bu2306,3670.0,0.0,0.0,0.0,11,3670.0,3671.0,8,3686.0,3687.0,3687.0,3667.0,708.0,26008510.0,41930
2023-05-09 21:04:51,bu2306,bu2306,3670.0,0.0,0.0,0.0,11,3670.0,3671.0,9,3686.0,3687.0,3687.0,3667.0,708.0,26008510.0,41930
2023-05-09 21:04:52,bu2306,bu2306,3670.0,2.0,73410.0,1.0,11,3670.0,3671.0,7,3686.0,3687.0,3687.0,3667.0,710.0,26081920.0,41931
2023-05-09 21:04:52,bu2306,bu2306,3670.0,0.0,0.0,0.0,11,3670.0,3671.0,7,3686.0,3687.0,3687.0,3667.0,710.0,26081920.0,41931
2023-05-09 21:04:54,bu2306,bu2306,3670.0,0.0,0.0,0.0,12,3670.0,3671.0,3,3686.0,3687.0,3687.0,3667.0,710.0,26081920.0,41931
2023-05-09 21:04:55,bu2306,bu2306,3670.0,0.0,0.0,0.0,12,3670.0,3672.0,7,3686.0,3687.0,3687.0,3667.0,710.0,26081920.0,41931
2023-05-09 21:04:55,bu2306,bu2306,3670.0,0.0,0.0,0.0,12,3670.0,3672.0,11,3686.0,3687.0,3687.0,3667.0,710.0,26081920.0,41931
2023-05-09 21:04:56,bu2306,bu2306,3670.0,0.0,0.0,0.0,12,3670.0,3672.0,12,3686.0,3687.0,3687.0,3667.0,710.0,26081920.0,41931
2023-05-09 21:04:57,bu2306,bu2306,3670.0,10.0,367000.0,0.0,2,3670.0,3672.0,12,3686.0,3687.0,3687.0,3667.0,720.0,26448920.0,41931
2023-05-09 21:04:57,bu2306,bu2306,3670.0,0.0,0.0,0.0,5,3670.0,3672.0,12,3686.0,3687.0,3687.0,3667.0,720.0,26448920.0,41931
2023-05-09 21:04:58,bu2306,bu2306,3672.0,1.0,36720.0,-1.0,5,3670.0,3672.0,11,3686.0,3687.0,3687.0,3667.0,721.0,26485640.0,41930
2023-05-09 21:04:59,bu2306,bu2306,3670.0,3.0,110100.0,1.0,2,3670.0,3672.0,11,3686.0,3687.0,3687.0,3667.0,724.0,26595740.0,41931
2023-05-09 21:04:59,bu2306,bu2306,3670.0,0.0,0.0,0.0,2,3670.0,3672.0,9,3686.0,3687.0,3687.0,3667.0,724.0,26595740.0,41931
2023-05-09 21:05:00,bu2306,bu2306,3670.0,0.0,0.0,0.0,20,3670.0,3672.0,9,3686.0,3687.0,3687.0,3667.0,724.0,26595740.0,41931
2023-05-09 21:05:01,bu2306,bu2306,3670.0,0.0,0.0,0.0,21,3670.0,3672.0,9,3686.0,3687.0,3687.0,3667.0,724.0,26595740.0,41931
2023-05-09 21:05:02,bu2306,bu2306,3670.0,2.0,73400.0,0.0,19,3670.0,3672.0,9,3686.0,3687.0,3687.0,3667.0,726.0,26669140.0,41931
2023-05-09 21:05:03,bu2306,bu2306,3670.0,0.0,0.0,0.0,19,3670.0,3672.0,13,3686.0,3687.0,3687.0,3667.0,726.0,26669140.0,41931
2023-05-09 21:05:04,bu2306,bu2306,3670.0,0.0,0.0,0.0,18,3670.0,3671.0,1,3686.0,3687.0,3687.0,3667.0,726.0,26669140.0,41931
2023-05-09 21:05:04,bu2306,bu2306,3670.0,0.0,0.0,0.0,18,3670.0,3671.0,5,3686.0,3687.0,3687.0,3667.0,726.0,26669140.0,41931
2023-05-09 21:05:05,bu2306,bu2306,3670.0,18.0,660600.0,18.0,10,3669.0,3671.0,5,3686.0,3687.0,3687.0,3667.0,744.0,27329740.0,41949
2023-05-09 21:05:06,bu2306,bu2306,3670.0,0.0,0.0,0.0,11,3669.0,3671.0,9,3686.0,3687.0,3687.0,3667.0,744.0,27329740.0,41949
2023-05-09 21:05:06,bu2306,bu2306,3670.0,0.0,0.0,0.0,11,3669.0,3671.0,5,3686.0,3687.0,3687.0,3667.0,744.0,27329740.0,41949
2023-05-09 21:05:07,bu2306,bu2306,3670.0,0.0,0.0,0.0,11,3669.0,3671.0,1,3686.0,3687.0,3687.0,3667.0,744.0,27329740.0,41949
2023-05-09 21:05:08,bu2306,bu2306,3670.0,0.0,0.0,0.0,11,3669.0,3671.0,1,3686.0,3687.0,3687.0,3667.0,744.0,27329740.0,41949
2023-05-09 21:05:08,bu2306,bu2306,3671.0,1.0,36710.0,-1.0,1,3671.0,3672.0,5,3686.0,3687.0,3687.0,3667.0,745.0,27366450.0,41948
2023-05-09 21:05:09,bu2306,bu2306,3671.0,0.0,0.0,0.0,1,3671.0,3672.0,5,3686.0,3687.0,3687.0,3667.0,745.0,27366450.0,41948
2023-05-09 21:05:09,bu2306,bu2306,3673.0,14.0,514170.0,-9.0,1,3672.0,3674.0,5,3686.0,3687.0,3687.0,3667.0,759.0,27880620.0,41939
2023-05-09 21:05:10,bu2306,bu2306,3673.0,0.0,0.0,0.0,6,3672.0,3674.0,8,3686.0,3687.0,3687.0,3667.0,759.0,27880620.0,41939
2023-05-09 21:05:10,bu2306,bu2306,3674.0,1.0,36740.0,-1.0,6,3672.0,3674.0,3,3686.0,3687.0,3687.0,3667.0,760.0,27917360.0,41938
2023-05-09 21:05:11,bu2306,bu2306,3674.0,1.0,36740.0,1.0,9,3672.0,3674.0,2,3686.0,3687.0,3687.0,3667.0,761.0,27954100.0,41939
2023-05-09 21:05:11,bu2306,bu2306,3674.0,0.0,0.0,0.0,6,3672.0,3674.0,2,3686.0,3687.0,3687.0,3667.0,761.0,27954100.0,41939
2023-05-09 21:05:12,bu2306,bu2306,3674.0,0.0,0.0,0.0,6,3672.0,3674.0,6,3686.0,3687.0,3687.0,3667.0,761.0,27954100.0,41939
2023-05-09 21:05:12,bu2306,bu2306,3674.0,0.0,0.0,0.0,9,3672.0,3674.0,6,3686.0,3687.0,3687.0,3667.0,761.0,27954100.0,41939
2023-05-09 21:05:13,bu2306,bu2306,3674.0,0.0,0.0,0.0,13,3672.0,3674.0,6,3686.0,3687.0,3687.0,3667.0,761.0,27954100.0,41939
2023-05-09 21:05:13,bu2306,bu2306,3674.0,1.0,36740.0,1.0,1,3673.0,3674.0,1,3686.0,3687.0,3687.0,3667.0,762.0,27990840.0,41940
2023-05-09 21:05:14,bu2306,bu2306,3674.0,0.0,0.0,0.0,3,3673.0,3674.0,1,3686.0,3687.0,3687.0,3667.0,762.0,27990840.0,41940
2023-05-09 21:05:14,bu2306,bu2306,3674.0,1.0,36740.0,0.0,3,3673.0,3675.0,4,3686.0,3687.0,3687.0,3667.0,763.0,28027580.0,41940
2023-05-09 21:05:15,bu2306,bu2306,3674.0,0.0,0.0,0.0,3,3673.0,3675.0,8,3686.0,3687.0,3687.0,3667.0,763.0,28027580.0,41940
2023-05-09 21:05:16,bu2306,bu2306,3674.0,0.0,0.0,0.0,3,3673.0,3675.0,8,3686.0,3687.0,3687.0,3667.0,763.0,28027580.0,41940
2023-05-09 21:05:16,bu2306,bu2306,3674.0,0.0,0.0,0.0,7,3673.0,3675.0,4,3686.0,3687.0,3687.0,3667.0,763.0,28027580.0,41940
2023-05-09 21:05:17,bu2306,bu2306,3674.0,0.0,0.0,0.0,3,3673.0,3675.0,4,3686.0,3687.0,3687.0,3667.0,763.0,28027580.0,41940
2023-05-09 21:05:17,bu2306,bu2306,3674.0,0.0,0.0,0.0,4,3673.0,3675.0,4,3686.0,3687.0,3687.0,3667.0,763.0,28027580.0,41940
2023-05-09 21:05:18,bu2306,bu2306,3674.0,0.0,0.0,0.0,8,3673.0,3675.0,4,3686.0,3687.0,3687.0,3667.0,763.0,28027580.0,41940
2023-05-09 21:05:18,bu2306,bu2306,3675.0,4.0,147000.0,0.0,8,3673.0,3676.0,4,3686.0,3687.0,3687.0,3667.0,767.0,28174580.0,41940
2023-05-09 21:05:19,bu2306,bu2306,3675.0,0.0,0.0,0.0,21,3674.0,3676.0,8,3686.0,3687.0,3687.0,3667.0,767.0,28174580.0,41940
2023-05-09 21:05:19,bu2306,bu2306,3676.0,4.0,147040.0,0.0,1,3675.0,3677.0,9,3686.0,3687.0,3687.0,3667.0,771.0,28321620.0,41940
2023-05-09 21:05:20,bu2306,bu2306,3675.0,1.0,36750.0,0.0,5,3675.0,3677.0,9,3686.0,3687.0,3687.0,3667.0,772.0,28358370.0,41940
2023-05-09 21:05:21,bu2306,bu2306,3675.0,0.0,0.0,0.0,5,3675.0,3677.0,9,3686.0,3687.0,3687.0,3667.0,772.0,28358370.0,41940
2023-05-09 21:05:21,bu2306,bu2306,3675.0,0.0,0.0,0.0,6,3675.0,3676.0,4,3686.0,3687.0,3687.0,3667.0,772.0,28358370.0,41940
2023-05-09 21:05:22,bu2306,bu2306,3674.0,2.0,73490.0,-1.0,14,3674.0,3676.0,4,3686.0,3687.0,3687.0,3667.0,774.0,28431860.0,41939
2023-05-09 21:05:22,bu2306,bu2306,3674.0,8.0,293920.0,-6.0,6,3674.0,3676.0,8,3686.0,3687.0,3687.0,3667.0,782.0,28725780.0,41933
2023-05-09 21:05:23,bu2306,bu2306,3674.0,0.0,0.0,0.0,9,3674.0,3676.0,8,3686.0,3687.0,3687.0,3667.0,782.0,28725780.0,41933
2023-05-09 21:05:24,bu2306,bu2306,3674.0,0.0,0.0,0.0,6,3674.0,3676.0,8,3686.0,3687.0,3687.0,3667.0,782.0,28725780.0,41933
2023-05-09 21:05:25,bu2306,bu2306,3674.0,0.0,0.0,0.0,9,3674.0,3676.0,4,3686.0,3687.0,3687.0,3667.0,782.0,28725780.0,41933
2023-05-09 21:05:25,bu2306,bu2306,3674.0,0.0,0.0,0.0,2,3675.0,3677.0,9,3686.0,3687.0,3687.0,3667.0,782.0,28725780.0,41933
2023-05-09 21:05:26,bu2306,bu2306,3674.0,0.0,0.0,0.0,2,3675.0,3677.0,9,3686.0,3687.0,3687.0,3667.0,782.0,28725780.0,41933
2023-05-09 21:05:27,bu2306,bu2306,3677.0,1.0,36770.0,-1.0,2,3675.0,3677.0,8,3686.0,3687.0,3687.0,3667.0,783.0,28762550.0,41932
2023-05-09 21:05:27,bu2306,bu2306,3677.0,0.0,0.0,0.0,14,3675.0,3677.0,8,3686.0,3687.0,3687.0,3667.0,783.0,28762550.0,41932
2023-05-09 21:05:28,bu2306,bu2306,3677.0,8.0,294160.0,-7.0,3,3676.0,3678.0,9,3686.0,3687.0,3687.0,3667.0,791.0,29056710.0,41925
2023-05-09 21:05:28,bu2306,bu2306,3676.0,1.0,36760.0,0.0,12,3676.0,3678.0,9,3686.0,3687.0,3687.0,3667.0,792.0,29093470.0,41925
2023-05-09 21:05:29,bu2306,bu2306,3679.0,19.0,698920.0,-12.0,2,3677.0,3680.0,10,3686.0,3687.0,3687.0,3667.0,811.0,29792390.0,41913
2023-05-09 21:05:29,bu2306,bu2306,3679.0,0.0,0.0,0.0,30,3678.0,3680.0,2,3686.0,3687.0,3687.0,3667.0,811.0,29792390.0,41913
2023-05-09 21:05:30,bu2306,bu2306,3680.0,1.0,36800.0,0.0,34,3678.0,3680.0,1,3686.0,3687.0,3687.0,3667.0,812.0,29829190.0,41913
2023-05-09 21:05:30,bu2306,bu2306,3680.0,0.0,0.0,0.0,30,3678.0,3680.0,1,3686.0,3687.0,3687.0,3667.0,812.0,29829190.0,41913
2023-05-09 21:05:31,bu2306,bu2306,3680.0,0.0,0.0,0.0,30,3678.0,3680.0,1,3686.0,3687.0,3687.0,3667.0,812.0,29829190.0,41913
2023-05-09 21:05:31,bu2306,bu2306,3680.0,0.0,0.0,0.0,30,3678.0,3680.0,5,3686.0,3687.0,3687.0,3667.0,812.0,29829190.0,41913
2023-05-09 21:05:33,bu2306,bu2306,3680.0,0.0,0.0,0.0,30,3678.0,3680.0,1,3686.0,3687.0,3687.0,3667.0,812.0,29829190.0,41913
2023-05-09 21:05:33,bu2306,bu2306,3680.0,0.0,0.0,0.0,28,3678.0,3680.0,1,3686.0,3687.0,3687.0,3667.0,812.0,29829190.0,41913
2023-05-09 21:05:34,bu2306,bu2306,3680.0,0.0,0.0,0.0,30,3678.0,3680.0,1,3686.0,3687.0,3687.0,3667.0,812.0,29829190.0,41913
2023-05-09 21:05:34,bu2306,bu2306,3678.0,24.0,882720.0,16.0,8,3677.0,3680.0,5,3686.0,3687.0,3687.0,3667.0,836.0,30711910.0,41929
2023-05-09 21:05:35,bu2306,bu2306,3677.0,1.0,36770.0,1.0,5,3677.0,3678.0,1,3686.0,3687.0,3687.0,3667.0,837.0,30748680.0,41930
2023-05-09 21:05:35,bu2306,bu2306,3677.0,5.0,183850.0,3.0,13,3676.0,3678.0,15,3686.0,3687.0,3687.0,3667.0,842.0,30932530.0,41933
2023-05-09 21:05:36,bu2306,bu2306,3677.0,0.0,0.0,0.0,11,3676.0,3678.0,15,3686.0,3687.0,3687.0,3667.0,842.0,30932530.0,41933
2023-05-09 21:05:37,bu2306,bu2306,3677.0,0.0,0.0,0.0,11,3676.0,3678.0,15,3686.0,3687.0,3687.0,3667.0,842.0,30932530.0,41933
2023-05-09 21:05:38,bu2306,bu2306,3677.0,0.0,0.0,0.0,11,3676.0,3678.0,15,3686.0,3687.0,3687.0,3667.0,842.0,30932530.0,41933
2023-05-09 21:05:38,bu2306,bu2306,3677.0,0.0,0.0,0.0,11,3676.0,3678.0,16,3686.0,3687.0,3687.0,3667.0,842.0,30932530.0,41933
2023-05-09 21:05:39,bu2306,bu2306,3677.0,0.0,0.0,0.0,11,3676.0,3678.0,12,3686.0,3687.0,3687.0,3667.0,842.0,30932530.0,41933
2023-05-09 21:05:39,bu2306,bu2306,3676.0,4.0,147040.0,4.0,7,3676.0,3678.0,12,3686.0,3687.0,3687.0,3667.0,846.0,31079570.0,41937
2023-05-09 21:05:40,bu2306,bu2306,3676.0,0.0,0.0,0.0,6,3676.0,3678.0,12,3686.0,3687.0,3687.0,3667.0,846.0,31079570.0,41937
2023-05-09 21:05:41,bu2306,bu2306,3676.0,0.0,0.0,0.0,6,3676.0,3678.0,47,3686.0,3687.0,3687.0,3667.0,846.0,31079570.0,41937
2023-05-09 21:05:41,bu2306,bu2306,3676.0,2.0,73520.0,2.0,4,3676.0,3677.0,4,3686.0,3687.0,3687.0,3667.0,848.0,31153090.0,41939
2023-05-09 21:05:42,bu2306,bu2306,3676.0,4.0,147040.0,4.0,12,3675.0,3677.0,4,3686.0,3687.0,3687.0,3667.0,852.0,31300130.0,41943
2023-05-09 21:05:42,bu2306,bu2306,3676.0,0.0,0.0,0.0,12,3675.0,3677.0,4,3686.0,3687.0,3687.0,3667.0,852.0,31300130.0,41943
2023-05-09 21:05:45,bu2306,bu2306,3676.0,0.0,0.0,0.0,12,3675.0,3677.0,4,3686.0,3687.0,3687.0,3667.0,852.0,31300130.0,41943
2023-05-09 21:05:48,bu2306,bu2306,3676.0,0.0,0.0,0.0,2,3676.0,3677.0,4,3686.0,3687.0,3687.0,3667.0,852.0,31300130.0,41943
2023-05-09 21:05:49,bu2306,bu2306,3676.0,0.0,0.0,0.0,2,3676.0,3677.0,4,3686.0,3687.0,3687.0,3667.0,852.0,31300130.0,41943
2023-05-09 21:05:50,bu2306,bu2306,3676.0,0.0,0.0,0.0,12,3675.0,3677.0,4,3686.0,3687.0,3687.0,3667.0,852.0,31300130.0,41943
2023-05-09 21:05:51,bu2306,bu2306,3676.0,0.0,0.0,0.0,12,3675.0,3677.0,4,3686.0,3687.0,3687.0,3667.0,852.0,31300130.0,41943
2023-05-09 21:05:51,bu2306,bu2306,3676.0,0.0,0.0,0.0,16,3675.0,3677.0,4,3686.0,3687.0,3687.0,3667.0,852.0,31300130.0,41943
2023-05-09 21:05:52,bu2306,bu2306,3676.0,0.0,0.0,0.0,12,3675.0,3677.0,4,3686.0,3687.0,3687.0,3667.0,852.0,31300130.0,41943
2023-05-09 21:05:53,bu2306,bu2306,3676.0,0.0,0.0,0.0,12,3675.0,3677.0,4,3686.0,3687.0,3687.0,3667.0,852.0,31300130.0,41943
2023-05-09 21:05:54,bu2306,bu2306,3676.0,0.0,0.0,0.0,12,3675.0,3677.0,4,3686.0,3687.0,3687.0,3667.0,852.0,31300130.0,41943
2023-05-09 21:05:55,bu2306,bu2306,3676.0,0.0,0.0,0.0,16,3675.0,3677.0,4,3686.0,3687.0,3687.0,3667.0,852.0,31300130.0,41943
2023-05-09 21:05:55,bu2306,bu2306,3676.0,0.0,0.0,0.0,16,3675.0,3677.0,4,3686.0,3687.0,3687.0,3667.0,852.0,31300130.0,41943
2023-05-09 21:05:56,bu2306,bu2306,3677.0,4.0,147080.0,-4.0,2,3676.0,3678.0,46,3686.0,3687.0,3687.0,3667.0,856.0,31447210.0,41939
2023-05-09 21:05:57,bu2306,bu2306,3677.0,0.0,0.0,0.0,2,3677.0,3678.0,46,3686.0,3687.0,3687.0,3667.0,856.0,31447210.0,41939
2023-05-09 21:05:57,bu2306,bu2306,3678.0,46.0,1691880.0,0.0,6,3677.0,3679.0,8,3686.0,3687.0,3687.0,3667.0,902.0,33139090.0,41939
2023-05-09 21:05:58,bu2306,bu2306,3678.0,0.0,0.0,0.0,2,3677.0,3679.0,8,3686.0,3687.0,3687.0,3667.0,902.0,33139090.0,41939
2023-05-09 21:05:58,bu2306,bu2306,3678.0,0.0,0.0,0.0,7,3677.0,3679.0,8,3686.0,3687.0,3687.0,3667.0,902.0,33139090.0,41939
2023-05-09 21:06:00,bu2306,bu2306,3678.0,0.0,0.0,0.0,8,3677.0,3679.0,8,3686.0,3687.0,3687.0,3667.0,902.0,33139090.0,41939
2023-05-09 21:06:01,bu2306,bu2306,3678.0,0.0,0.0,0.0,8,3677.0,3679.0,8,3686.0,3687.0,3687.0,3667.0,902.0,33139090.0,41939
2023-05-09 21:06:02,bu2306,bu2306,3677.0,1.0,36770.0,0.0,7,3677.0,3679.0,8,3686.0,3687.0,3687.0,3667.0,903.0,33175860.0,41939
2023-05-09 21:06:02,bu2306,bu2306,3677.0,1.0,36770.0,-1.0,7,3677.0,3679.0,9,3686.0,3687.0,3687.0,3667.0,904.0,33212630.0,41938
2023-05-09 21:06:05,bu2306,bu2306,3677.0,0.0,0.0,0.0,7,3677.0,3679.0,9,3686.0,3687.0,3687.0,3667.0,904.0,33212630.0,41938
2023-05-09 21:06:06,bu2306,bu2306,3677.0,0.0,0.0,0.0,6,3678.0,3679.0,9,3686.0,3687.0,3687.0,3667.0,904.0,33212630.0,41938
2023-05-09 21:06:06,bu2306,bu2306,3679.0,7.0,257530.0,-5.0,8,3678.0,3679.0,1,3686.0,3687.0,3687.0,3667.0,911.0,33470160.0,41933
2023-05-09 21:06:07,bu2306,bu2306,3679.0,0.0,0.0,0.0,8,3678.0,3679.0,1,3686.0,3687.0,3687.0,3667.0,911.0,33470160.0,41933
2023-05-09 21:06:08,bu2306,bu2306,3679.0,0.0,0.0,0.0,4,3678.0,3679.0,3,3686.0,3687.0,3687.0,3667.0,911.0,33470160.0,41933
2023-05-09 21:06:09,bu2306,bu2306,3678.0,1.0,36780.0,1.0,3,3678.0,3679.0,4,3686.0,3687.0,3687.0,3667.0,912.0,33506940.0,41934
2023-05-09 21:06:10,bu2306,bu2306,3678.0,3.0,110340.0,-2.0,8,3677.0,3679.0,4,3686.0,3687.0,3687.0,3667.0,915.0,33617280.0,41932
2023-05-09 21:06:11,bu2306,bu2306,3678.0,0.0,0.0,0.0,8,3677.0,3678.0,2,3686.0,3687.0,3687.0,3667.0,915.0,33617280.0,41932
2023-05-09 21:06:11,bu2306,bu2306,3676.0,17.0,625000.0,8.0,12,3675.0,3678.0,2,3686.0,3687.0,3687.0,3667.0,932.0,34242280.0,41940
2023-05-09 21:06:12,bu2306,bu2306,3675.0,1.0,36750.0,1.0,11,3675.0,3677.0,9,3686.0,3687.0,3687.0,3667.0,933.0,34279030.0,41941
2023-05-09 21:06:12,bu2306,bu2306,3675.0,0.0,0.0,0.0,11,3675.0,3677.0,9,3686.0,3687.0,3687.0,3667.0,933.0,34279030.0,41941
2023-05-09 21:06:13,bu2306,bu2306,3675.0,0.0,0.0,0.0,11,3675.0,3677.0,9,3686.0,3687.0,3687.0,3667.0,933.0,34279030.0,41941
2023-05-09 21:06:14,bu2306,bu2306,3675.0,0.0,0.0,0.0,11,3675.0,3677.0,9,3686.0,3687.0,3687.0,3667.0,933.0,34279030.0,41941
2023-05-09 21:06:15,bu2306,bu2306,3675.0,0.0,0.0,0.0,11,3675.0,3677.0,9,3686.0,3687.0,3687.0,3667.0,933.0,34279030.0,41941
2023-05-09 21:06:16,bu2306,bu2306,3675.0,1.0,36750.0,0.0,10,3675.0,3677.0,9,3686.0,3687.0,3687.0,3667.0,934.0,34315780.0,41941
2023-05-09 21:06:23,bu2306,bu2306,3675.0,0.0,0.0,0.0,10,3675.0,3677.0,9,3686.0,3687.0,3687.0,3667.0,934.0,34315780.0,41941
2023-05-09 21:06:25,bu2306,bu2306,3675.0,0.0,0.0,0.0,11,3675.0,3677.0,9,3686.0,3687.0,3687.0,3667.0,934.0,34315780.0,41941
2023-05-09 21:06:26,bu2306,bu2306,3675.0,1.0,36750.0,0.0,10,3675.0,3677.0,9,3686.0,3687.0,3687.0,3667.0,935.0,34352530.0,41941
2023-05-09 21:06:31,bu2306,bu2306,3674.0,11.0,404240.0,10.0,4,3674.0,3676.0,6,3686.0,3687.0,3687.0,3667.0,946.0,34756770.0,41951
2023-05-09 21:06:32,bu2306,bu2306,3674.0,0.0,0.0,0.0,7,3673.0,3676.0,11,3686.0,3687.0,3687.0,3667.0,946.0,34756770.0,41951
2023-05-09 21:06:32,bu2306,bu2306,3674.0,0.0,0.0,0.0,7,3673.0,3675.0,27,3686.0,3687.0,3687.0,3667.0,946.0,34756770.0,41951
2023-05-09 21:06:33,bu2306,bu2306,3672.0,8.0,293830.0,4.0,3,3672.0,3674.0,4,3686.0,3687.0,3687.0,3667.0,954.0,35050600.0,41955
2023-05-09 21:06:33,bu2306,bu2306,3672.0,0.0,0.0,0.0,3,3672.0,3674.0,14,3686.0,3687.0,3687.0,3667.0,954.0,35050600.0,41955
2023-05-09 21:06:34,bu2306,bu2306,3672.0,3.0,110160.0,3.0,4,3671.0,3673.0,5,3686.0,3687.0,3687.0,3667.0,957.0,35160760.0,41958
2023-05-09 21:06:34,bu2306,bu2306,3672.0,0.0,0.0,0.0,4,3671.0,3673.0,9,3686.0,3687.0,3687.0,3667.0,957.0,35160760.0,41958
2023-05-09 21:06:35,bu2306,bu2306,3672.0,0.0,0.0,0.0,4,3671.0,3673.0,9,3686.0,3687.0,3687.0,3667.0,957.0,35160760.0,41958
2023-05-09 21:06:35,bu2306,bu2306,3673.0,1.0,36730.0,0.0,5,3670.0,3673.0,12,3686.0,3687.0,3687.0,3667.0,958.0,35197490.0,41958
2023-05-09 21:06:36,bu2306,bu2306,3673.0,0.0,0.0,0.0,1,3671.0,3672.0,16,3686.0,3687.0,3687.0,3667.0,958.0,35197490.0,41958
2023-05-09 21:06:36,bu2306,bu2306,3673.0,0.0,0.0,0.0,1,3671.0,3672.0,16,3686.0,3687.0,3687.0,3667.0,958.0,35197490.0,41958
2023-05-09 21:06:37,bu2306,bu2306,3673.0,0.0,0.0,0.0,1,3671.0,3672.0,16,3686.0,3687.0,3687.0,3667.0,958.0,35197490.0,41958
2023-05-09 21:06:37,bu2306,bu2306,3673.0,0.0,0.0,0.0,1,3671.0,3672.0,16,3686.0,3687.0,3687.0,3667.0,958.0,35197490.0,41958
2023-05-09 21:06:38,bu2306,bu2306,3673.0,0.0,0.0,0.0,1,3671.0,3672.0,17,3686.0,3687.0,3687.0,3667.0,958.0,35197490.0,41958
2023-05-09 21:06:38,bu2306,bu2306,3673.0,0.0,0.0,0.0,1,3671.0,3672.0,17,3686.0,3687.0,3687.0,3667.0,958.0,35197490.0,41958
2023-05-09 21:06:39,bu2306,bu2306,3673.0,0.0,0.0,0.0,1,3671.0,3672.0,16,3686.0,3687.0,3687.0,3667.0,958.0,35197490.0,41958
2023-05-09 21:06:39,bu2306,bu2306,3673.0,0.0,0.0,0.0,1,3671.0,3672.0,16,3686.0,3687.0,3687.0,3667.0,958.0,35197490.0,41958
2023-05-09 21:06:40,bu2306,bu2306,3673.0,0.0,0.0,0.0,1,3671.0,3672.0,16,3686.0,3687.0,3687.0,3667.0,958.0,35197490.0,41958
2023-05-09 21:06:42,bu2306,bu2306,3673.0,0.0,0.0,0.0,1,3671.0,3672.0,16,3686.0,3687.0,3687.0,3667.0,958.0,35197490.0,41958
2023-05-09 21:06:43,bu2306,bu2306,3673.0,0.0,0.0,0.0,1,3671.0,3672.0,16,3686.0,3687.0,3687.0,3667.0,958.0,35197490.0,41958
2023-05-09 21:06:44,bu2306,bu2306,3673.0,0.0,0.0,0.0,11,3671.0,3672.0,16,3686.0,3687.0,3687.0,3667.0,958.0,35197490.0,41958
2023-05-09 21:06:45,bu2306,bu2306,3673.0,0.0,0.0,0.0,11,3671.0,3672.0,10,3686.0,3687.0,3687.0,3667.0,958.0,35197490.0,41958
2023-05-09 21:06:45,bu2306,bu2306,3672.0,7.0,257040.0,0.0,11,3671.0,3673.0,14,3686.0,3687.0,3687.0,3667.0,965.0,35454530.0,41958
2023-05-09 21:06:46,bu2306,bu2306,3672.0,0.0,0.0,0.0,1,3672.0,3673.0,7,3686.0,3687.0,3687.0,3667.0,965.0,35454530.0,41958
2023-05-09 21:06:46,bu2306,bu2306,3672.0,0.0,0.0,0.0,1,3672.0,3673.0,7,3686.0,3687.0,3687.0,3667.0,965.0,35454530.0,41958
2023-05-09 21:06:47,bu2306,bu2306,3672.0,0.0,0.0,0.0,1,3672.0,3673.0,7,3686.0,3687.0,3687.0,3667.0,965.0,35454530.0,41958
2023-05-09 21:06:47,bu2306,bu2306,3672.0,1.0,36720.0,0.0,10,3671.0,3673.0,7,3686.0,3687.0,3687.0,3667.0,966.0,35491250.0,41958
2023-05-09 21:06:48,bu2306,bu2306,3672.0,0.0,0.0,0.0,10,3671.0,3673.0,7,3686.0,3687.0,3687.0,3667.0,966.0,35491250.0,41958
2023-05-09 21:06:49,bu2306,bu2306,3672.0,0.0,0.0,0.0,10,3671.0,3673.0,7,3686.0,3687.0,3687.0,3667.0,966.0,35491250.0,41958
2023-05-09 21:06:51,bu2306,bu2306,3671.0,1.0,36710.0,1.0,9,3671.0,3673.0,7,3686.0,3687.0,3687.0,3667.0,967.0,35527960.0,41959
2023-05-09 21:06:52,bu2306,bu2306,3671.0,0.0,0.0,0.0,9,3671.0,3673.0,7,3686.0,3687.0,3687.0,3667.0,967.0,35527960.0,41959
2023-05-09 21:06:52,bu2306,bu2306,3671.0,1.0,36710.0,0.0,8,3671.0,3673.0,7,3686.0,3687.0,3687.0,3667.0,968.0,35564670.0,41959
2023-05-09 21:06:53,bu2306,bu2306,3671.0,8.0,293680.0,8.0,8,3670.0,3673.0,7,3686.0,3687.0,3687.0,3667.0,976.0,35858350.0,41967
2023-05-09 21:06:53,bu2306,bu2306,3671.0,0.0,0.0,0.0,6,3670.0,3672.0,16,3686.0,3687.0,3687.0,3667.0,976.0,35858350.0,41967
2023-05-09 21:06:54,bu2306,bu2306,3671.0,1.0,36710.0,0.0,6,3670.0,3672.0,17,3686.0,3687.0,3687.0,3667.0,977.0,35895060.0,41967
2023-05-09 21:06:55,bu2306,bu2306,3671.0,0.0,0.0,0.0,6,3670.0,3671.0,2,3686.0,3687.0,3687.0,3667.0,977.0,35895060.0,41967
2023-05-09 21:06:55,bu2306,bu2306,3670.0,6.0,220200.0,-2.0,10,3669.0,3671.0,2,3686.0,3687.0,3687.0,3667.0,983.0,36115260.0,41965
2023-05-09 21:06:56,bu2306,bu2306,3670.0,0.0,0.0,0.0,10,3669.0,3671.0,11,3686.0,3687.0,3687.0,3667.0,983.0,36115260.0,41965
2023-05-09 21:06:57,bu2306,bu2306,3670.0,0.0,0.0,0.0,10,3669.0,3671.0,7,3686.0,3687.0,3687.0,3667.0,983.0,36115260.0,41965
2023-05-09 21:06:58,bu2306,bu2306,3670.0,0.0,0.0,0.0,10,3669.0,3671.0,7,3686.0,3687.0,3687.0,3667.0,983.0,36115260.0,41965
2023-05-09 21:06:58,bu2306,bu2306,3671.0,2.0,73420.0,0.0,10,3669.0,3671.0,5,3686.0,3687.0,3687.0,3667.0,985.0,36188680.0,41965
2023-05-09 21:07:01,bu2306,bu2306,3671.0,0.0,0.0,0.0,10,3669.0,3671.0,5,3686.0,3687.0,3687.0,3667.0,985.0,36188680.0,41965
2023-05-09 21:07:02,bu2306,bu2306,3671.0,0.0,0.0,0.0,13,3669.0,3671.0,5,3686.0,3687.0,3687.0,3667.0,985.0,36188680.0,41965
2023-05-09 21:07:02,bu2306,bu2306,3671.0,0.0,0.0,0.0,13,3669.0,3671.0,9,3686.0,3687.0,3687.0,3667.0,985.0,36188680.0,41965
2023-05-09 21:07:03,bu2306,bu2306,3671.0,0.0,0.0,0.0,12,3669.0,3671.0,9,3686.0,3687.0,3687.0,3667.0,985.0,36188680.0,41965
2023-05-09 21:07:04,bu2306,bu2306,3671.0,0.0,0.0,0.0,12,3669.0,3671.0,9,3686.0,3687.0,3687.0,3667.0,985.0,36188680.0,41965
2023-05-09 21:07:06,bu2306,bu2306,3671.0,9.0,330390.0,-9.0,12,3669.0,3672.0,13,3686.0,3687.0,3687.0,3667.0,994.0,36519070.0,41956
2023-05-09 21:07:06,bu2306,bu2306,3671.0,0.0,0.0,0.0,15,3670.0,3672.0,13,3686.0,3687.0,3687.0,3667.0,994.0,36519070.0,41956
2023-05-09 21:07:07,bu2306,bu2306,3672.0,3.0,110160.0,-3.0,16,3670.0,3672.0,9,3686.0,3687.0,3687.0,3667.0,997.0,36629230.0,41953
2023-05-09 21:07:07,bu2306,bu2306,3672.0,0.0,0.0,0.0,16,3670.0,3672.0,9,3686.0,3687.0,3687.0,3667.0,997.0,36629230.0,41953
2023-05-09 21:07:08,bu2306,bu2306,3672.0,0.0,0.0,0.0,4,3671.0,3672.0,9,3686.0,3687.0,3687.0,3667.0,997.0,36629230.0,41953
2023-05-09 21:07:08,bu2306,bu2306,3672.0,2.0,73440.0,-2.0,5,3671.0,3672.0,2,3686.0,3687.0,3687.0,3667.0,999.0,36702670.0,41951
2023-05-09 21:07:09,bu2306,bu2306,3672.0,0.0,0.0,0.0,5,3671.0,3672.0,2,3686.0,3687.0,3687.0,3667.0,999.0,36702670.0,41951
2023-05-09 21:07:09,bu2306,bu2306,3672.0,0.0,0.0,0.0,4,3671.0,3672.0,2,3686.0,3687.0,3687.0,3667.0,999.0,36702670.0,41951
2023-05-09 21:07:10,bu2306,bu2306,3672.0,0.0,0.0,0.0,4,3671.0,3672.0,2,3686.0,3687.0,3687.0,3667.0,999.0,36702670.0,41951
2023-05-09 21:07:10,bu2306,bu2306,3671.0,5.0,183550.0,4.0,8,3670.0,3672.0,2,3686.0,3687.0,3687.0,3667.0,1004.0,36886220.0,41955
2023-05-09 21:07:11,bu2306,bu2306,3671.0,0.0,0.0,0.0,15,3671.0,3672.0,6,3686.0,3687.0,3687.0,3667.0,1004.0,36886220.0,41955
2023-05-09 21:07:11,bu2306,bu2306,3671.0,15.0,550650.0,12.0,8,3670.0,3672.0,2,3686.0,3687.0,3687.0,3667.0,1019.0,37436870.0,41967
2023-05-09 21:07:12,bu2306,bu2306,3670.0,1.0,36700.0,1.0,7,3670.0,3671.0,5,3686.0,3687.0,3687.0,3667.0,1020.0,37473570.0,41968
2023-05-09 21:07:12,bu2306,bu2306,3670.0,0.0,0.0,0.0,10,3669.0,3671.0,5,3686.0,3687.0,3687.0,3667.0,1020.0,37473570.0,41968
2023-05-09 21:07:13,bu2306,bu2306,3670.0,0.0,0.0,0.0,10,3669.0,3671.0,9,3686.0,3687.0,3687.0,3667.0,1020.0,37473570.0,41968
2023-05-09 21:07:16,bu2306,bu2306,3670.0,0.0,0.0,0.0,10,3669.0,3671.0,9,3686.0,3687.0,3687.0,3667.0,1020.0,37473570.0,41968
2023-05-09 21:07:16,bu2306,bu2306,3670.0,0.0,0.0,0.0,10,3669.0,3671.0,9,3686.0,3687.0,3687.0,3667.0,1020.0,37473570.0,41968
2023-05-09 21:07:17,bu2306,bu2306,3670.0,0.0,0.0,0.0,10,3669.0,3671.0,9,3686.0,3687.0,3687.0,3667.0,1020.0,37473570.0,41968
2023-05-09 21:07:18,bu2306,bu2306,3670.0,0.0,0.0,0.0,10,3669.0,3671.0,10,3686.0,3687.0,3687.0,3667.0,1020.0,37473570.0,41968
2023-05-09 21:07:18,bu2306,bu2306,3670.0,0.0,0.0,0.0,10,3669.0,3671.0,14,3686.0,3687.0,3687.0,3667.0,1020.0,37473570.0,41968
2023-05-09 21:07:19,bu2306,bu2306,3670.0,0.0,0.0,0.0,10,3669.0,3671.0,10,3686.0,3687.0,3687.0,3667.0,1020.0,37473570.0,41968
2023-05-09 21:07:20,bu2306,bu2306,3670.0,0.0,0.0,0.0,10,3669.0,3671.0,10,3686.0,3687.0,3687.0,3667.0,1020.0,37473570.0,41968
2023-05-09 21:07:21,bu2306,bu2306,3670.0,0.0,0.0,0.0,10,3669.0,3671.0,10,3686.0,3687.0,3687.0,3667.0,1020.0,37473570.0,41968
2023-05-09 21:07:21,bu2306,bu2306,3670.0,0.0,0.0,0.0,10,3669.0,3671.0,10,3686.0,3687.0,3687.0,3667.0,1020.0,37473570.0,41968
2023-05-09 21:07:22,bu2306,bu2306,3670.0,0.0,0.0,0.0,10,3669.0,3671.0,10,3686.0,3687.0,3687.0,3667.0,1020.0,37473570.0,41968
2023-05-09 21:07:22,bu2306,bu2306,3669.0,3.0,110070.0,0.0,7,3669.0,3671.0,14,3686.0,3687.0,3687.0,3667.0,1023.0,37583640.0,41968
2023-05-09 21:07:23,bu2306,bu2306,3669.0,1.0,36690.0,1.0,6,3669.0,3671.0,14,3686.0,3687.0,3687.0,3667.0,1024.0,37620330.0,41969
2023-05-09 21:07:27,bu2306,bu2306,3669.0,0.0,0.0,0.0,6,3669.0,3671.0,14,3686.0,3687.0,3687.0,3667.0,1024.0,37620330.0,41969
2023-05-09 21:07:29,bu2306,bu2306,3669.0,0.0,0.0,0.0,6,3669.0,3671.0,14,3686.0,3687.0,3687.0,3667.0,1024.0,37620330.0,41969
2023-05-09 21:07:30,bu2306,bu2306,3671.0,1.0,36710.0,0.0,6,3669.0,3671.0,13,3686.0,3687.0,3687.0,3667.0,1025.0,37657040.0,41969
2023-05-09 21:07:31,bu2306,bu2306,3669.0,2.0,73380.0,-2.0,4,3669.0,3671.0,13,3686.0,3687.0,3687.0,3667.0,1027.0,37730420.0,41967
2023-05-09 21:07:32,bu2306,bu2306,3669.0,0.0,0.0,0.0,9,3669.0,3671.0,13,3686.0,3687.0,3687.0,3667.0,1027.0,37730420.0,41967
2023-05-09 21:07:33,bu2306,bu2306,3669.0,0.0,0.0,0.0,9,3669.0,3670.0,1,3686.0,3687.0,3687.0,3667.0,1027.0,37730420.0,41967
2023-05-09 21:07:33,bu2306,bu2306,3670.0,1.0,36700.0,0.0,4,3669.0,3671.0,9,3686.0,3687.0,3687.0,3667.0,1028.0,37767120.0,41967
2023-05-09 21:07:34,bu2306,bu2306,3669.0,1.0,36690.0,0.0,8,3669.0,3671.0,13,3686.0,3687.0,3687.0,3667.0,1029.0,37803810.0,41967
2023-05-09 21:07:35,bu2306,bu2306,3671.0,1.0,36710.0,-1.0,8,3669.0,3671.0,12,3686.0,3687.0,3687.0,3667.0,1030.0,37840520.0,41966
2023-05-09 21:07:37,bu2306,bu2306,3671.0,0.0,0.0,0.0,2,3670.0,3671.0,6,3686.0,3687.0,3687.0,3667.0,1030.0,37840520.0,41966
2023-05-09 21:07:37,bu2306,bu2306,3671.0,0.0,0.0,0.0,2,3670.0,3671.0,2,3686.0,3687.0,3687.0,3667.0,1030.0,37840520.0,41966
2023-05-09 21:07:38,bu2306,bu2306,3671.0,2.0,73420.0,0.0,1,3671.0,3672.0,8,3686.0,3687.0,3687.0,3667.0,1032.0,37913940.0,41966
2023-05-09 21:07:38,bu2306,bu2306,3671.0,0.0,0.0,0.0,1,3671.0,3672.0,8,3686.0,3687.0,3687.0,3667.0,1032.0,37913940.0,41966
2023-05-09 21:07:39,bu2306,bu2306,3671.0,0.0,0.0,0.0,8,3670.0,3672.0,8,3686.0,3687.0,3687.0,3667.0,1032.0,37913940.0,41966
2023-05-09 21:07:39,bu2306,bu2306,3671.0,0.0,0.0,0.0,6,3670.0,3671.0,1,3686.0,3687.0,3687.0,3667.0,1032.0,37913940.0,41966
2023-05-09 21:07:40,bu2306,bu2306,3671.0,0.0,0.0,0.0,6,3670.0,3671.0,1,3686.0,3687.0,3687.0,3667.0,1032.0,37913940.0,41966
2023-05-09 21:07:40,bu2306,bu2306,3671.0,0.0,0.0,0.0,7,3670.0,3671.0,1,3686.0,3687.0,3687.0,3667.0,1032.0,37913940.0,41966
2023-05-09 21:07:41,bu2306,bu2306,3670.0,3.0,110100.0,0.0,4,3670.0,3671.0,5,3686.0,3687.0,3687.0,3667.0,1035.0,38024040.0,41966
2023-05-09 21:07:41,bu2306,bu2306,3670.0,3.0,110100.0,0.0,1,3670.0,3671.0,5,3686.0,3687.0,3687.0,3667.0,1038.0,38134140.0,41966
2023-05-09 21:07:42,bu2306,bu2306,3670.0,0.0,0.0,0.0,1,3670.0,3671.0,1,3686.0,3687.0,3687.0,3667.0,1038.0,38134140.0,41966
2023-05-09 21:07:42,bu2306,bu2306,3671.0,1.0,36710.0,0.0,1,3670.0,3672.0,8,3686.0,3687.0,3687.0,3667.0,1039.0,38170850.0,41966
2023-05-09 21:07:43,bu2306,bu2306,3671.0,0.0,0.0,0.0,6,3670.0,3672.0,8,3686.0,3687.0,3687.0,3667.0,1039.0,38170850.0,41966
2023-05-09 21:07:44,bu2306,bu2306,3670.0,1.0,36700.0,0.0,5,3670.0,3672.0,8,3686.0,3687.0,3687.0,3667.0,1040.0,38207550.0,41966
2023-05-09 21:07:48,bu2306,bu2306,3670.0,0.0,0.0,0.0,5,3670.0,3671.0,1,3686.0,3687.0,3687.0,3667.0,1040.0,38207550.0,41966
2023-05-09 21:07:49,bu2306,bu2306,3670.0,0.0,0.0,0.0,8,3669.0,3671.0,2,3686.0,3687.0,3687.0,3667.0,1040.0,38207550.0,41966
2023-05-09 21:07:49,bu2306,bu2306,3670.0,0.0,0.0,0.0,8,3669.0,3671.0,2,3686.0,3687.0,3687.0,3667.0,1040.0,38207550.0,41966
2023-05-09 21:07:51,bu2306,bu2306,3670.0,0.0,0.0,0.0,8,3669.0,3671.0,2,3686.0,3687.0,3687.0,3667.0,1040.0,38207550.0,41966
2023-05-09 21:07:52,bu2306,bu2306,3669.0,1.0,36690.0,-1.0,7,3669.0,3671.0,2,3686.0,3687.0,3687.0,3667.0,1041.0,38244240.0,41965
2023-05-09 21:07:53,bu2306,bu2306,3671.0,2.0,73420.0,-2.0,7,3669.0,3672.0,8,3686.0,3687.0,3687.0,3667.0,1043.0,38317660.0,41963
2023-05-09 21:07:53,bu2306,bu2306,3671.0,0.0,0.0,0.0,9,3670.0,3672.0,8,3686.0,3687.0,3687.0,3667.0,1043.0,38317660.0,41963
2023-05-09 21:07:54,bu2306,bu2306,3671.0,0.0,0.0,0.0,9,3670.0,3672.0,7,3686.0,3687.0,3687.0,3667.0,1043.0,38317660.0,41963
2023-05-09 21:07:55,bu2306,bu2306,3671.0,0.0,0.0,0.0,9,3670.0,3672.0,7,3686.0,3687.0,3687.0,3667.0,1043.0,38317660.0,41963
2023-05-09 21:07:55,bu2306,bu2306,3671.0,0.0,0.0,0.0,9,3670.0,3672.0,7,3686.0,3687.0,3687.0,3667.0,1043.0,38317660.0,41963
2023-05-09 21:07:56,bu2306,bu2306,3671.0,0.0,0.0,0.0,11,3670.0,3672.0,7,3686.0,3687.0,3687.0,3667.0,1043.0,38317660.0,41963
2023-05-09 21:07:56,bu2306,bu2306,3671.0,0.0,0.0,0.0,11,3670.0,3672.0,7,3686.0,3687.0,3687.0,3667.0,1043.0,38317660.0,41963
2023-05-09 21:07:57,bu2306,bu2306,3671.0,0.0,0.0,0.0,11,3670.0,3672.0,7,3686.0,3687.0,3687.0,3667.0,1043.0,38317660.0,41963
2023-05-09 21:07:57,bu2306,bu2306,3671.0,0.0,0.0,0.0,11,3670.0,3672.0,7,3686.0,3687.0,3687.0,3667.0,1043.0,38317660.0,41963
2023-05-09 21:07:58,bu2306,bu2306,3672.0,7.0,257040.0,-5.0,2,3672.0,3673.0,7,3686.0,3687.0,3687.0,3667.0,1050.0,38574700.0,41958
2023-05-09 21:07:59,bu2306,bu2306,3673.0,1.0,36730.0,-1.0,2,3672.0,3673.0,6,3686.0,3687.0,3687.0,3667.0,1051.0,38611430.0,41957
2023-05-09 21:07:59,bu2306,bu2306,3673.0,6.0,220380.0,0.0,2,3672.0,3674.0,12,3686.0,3687.0,3687.0,3667.0,1057.0,38831810.0,41957
2023-05-09 21:08:00,bu2306,bu2306,3673.0,0.0,0.0,0.0,2,3672.0,3674.0,11,3686.0,3687.0,3687.0,3667.0,1057.0,38831810.0,41957
2023-05-09 21:08:00,bu2306,bu2306,3673.0,0.0,0.0,0.0,7,3672.0,3674.0,11,3686.0,3687.0,3687.0,3667.0,1057.0,38831810.0,41957
2023-05-09 21:08:01,bu2306,bu2306,3673.0,0.0,0.0,0.0,7,3672.0,3674.0,11,3686.0,3687.0,3687.0,3667.0,1057.0,38831810.0,41957
2023-05-09 21:08:01,bu2306,bu2306,3673.0,0.0,0.0,0.0,7,3672.0,3674.0,11,3686.0,3687.0,3687.0,3667.0,1057.0,38831810.0,41957
2023-05-09 21:08:02,bu2306,bu2306,3673.0,0.0,0.0,0.0,12,3672.0,3674.0,11,3686.0,3687.0,3687.0,3667.0,1057.0,38831810.0,41957
2023-05-09 21:08:02,bu2306,bu2306,3673.0,0.0,0.0,0.0,3,3673.0,3674.0,11,3686.0,3687.0,3687.0,3667.0,1057.0,38831810.0,41957
2023-05-09 21:08:03,bu2306,bu2306,3673.0,0.0,0.0,0.0,10,3672.0,3674.0,11,3686.0,3687.0,3687.0,3667.0,1057.0,38831810.0,41957
2023-05-09 21:08:03,bu2306,bu2306,3673.0,0.0,0.0,0.0,10,3672.0,3674.0,11,3686.0,3687.0,3687.0,3667.0,1057.0,38831810.0,41957
2023-05-09 21:08:04,bu2306,bu2306,3673.0,0.0,0.0,0.0,7,3672.0,3673.0,2,3686.0,3687.0,3687.0,3667.0,1057.0,38831810.0,41957
2023-05-09 21:08:04,bu2306,bu2306,3673.0,0.0,0.0,0.0,7,3672.0,3673.0,2,3686.0,3687.0,3687.0,3667.0,1057.0,38831810.0,41957
2023-05-09 21:08:06,bu2306,bu2306,3673.0,0.0,0.0,0.0,9,3672.0,3673.0,2,3686.0,3687.0,3687.0,3667.0,1057.0,38831810.0,41957
2023-05-09 21:08:06,bu2306,bu2306,3673.0,0.0,0.0,0.0,9,3672.0,3673.0,2,3686.0,3687.0,3687.0,3667.0,1057.0,38831810.0,41957
2023-05-09 21:08:11,bu2306,bu2306,3673.0,0.0,0.0,0.0,7,3672.0,3673.0,2,3686.0,3687.0,3687.0,3667.0,1057.0,38831810.0,41957
2023-05-09 21:08:12,bu2306,bu2306,3673.0,0.0,0.0,0.0,2,3672.0,3673.0,2,3686.0,3687.0,3687.0,3667.0,1057.0,38831810.0,41957
2023-05-09 21:08:12,bu2306,bu2306,3673.0,0.0,0.0,0.0,2,3672.0,3673.0,7,3686.0,3687.0,3687.0,3667.0,1057.0,38831810.0,41957
2023-05-09 21:08:13,bu2306,bu2306,3673.0,0.0,0.0,0.0,2,3672.0,3673.0,7,3686.0,3687.0,3687.0,3667.0,1057.0,38831810.0,41957
2023-05-09 21:08:14,bu2306,bu2306,3672.0,2.0,73440.0,0.0,8,3671.0,3673.0,7,3686.0,3687.0,3687.0,3667.0,1059.0,38905250.0,41957
2023-05-09 21:08:15,bu2306,bu2306,3672.0,0.0,0.0,0.0,6,3671.0,3673.0,7,3686.0,3687.0,3687.0,3667.0,1059.0,38905250.0,41957
2023-05-09 21:08:15,bu2306,bu2306,3672.0,0.0,0.0,0.0,6,3671.0,3673.0,7,3686.0,3687.0,3687.0,3667.0,1059.0,38905250.0,41957
2023-05-09 21:08:20,bu2306,bu2306,3672.0,0.0,0.0,0.0,1,3672.0,3673.0,7,3686.0,3687.0,3687.0,3667.0,1059.0,38905250.0,41957
2023-05-09 21:08:20,bu2306,bu2306,3672.0,0.0,0.0,0.0,1,3672.0,3673.0,7,3686.0,3687.0,3687.0,3667.0,1059.0,38905250.0,41957
2023-05-09 21:08:21,bu2306,bu2306,3672.0,0.0,0.0,0.0,3,3672.0,3673.0,7,3686.0,3687.0,3687.0,3667.0,1059.0,38905250.0,41957
2023-05-09 21:08:21,bu2306,bu2306,3672.0,0.0,0.0,0.0,2,3672.0,3673.0,7,3686.0,3687.0,3687.0,3667.0,1059.0,38905250.0,41957
2023-05-09 21:08:22,bu2306,bu2306,3672.0,0.0,0.0,0.0,2,3672.0,3673.0,37,3686.0,3687.0,3687.0,3667.0,1059.0,38905250.0,41957
2023-05-09 21:08:22,bu2306,bu2306,3672.0,1.0,36720.0,0.0,1,3672.0,3673.0,37,3686.0,3687.0,3687.0,3667.0,1060.0,38941970.0,41957
2023-05-09 21:08:23,bu2306,bu2306,3672.0,0.0,0.0,0.0,1,3672.0,3673.0,37,3686.0,3687.0,3687.0,3667.0,1060.0,38941970.0,41957
2023-05-09 21:08:25,bu2306,bu2306,3672.0,0.0,0.0,0.0,1,3672.0,3673.0,37,3686.0,3687.0,3687.0,3667.0,1060.0,38941970.0,41957
2023-05-09 21:08:26,bu2306,bu2306,3672.0,0.0,0.0,0.0,3,3672.0,3673.0,37,3686.0,3687.0,3687.0,3667.0,1060.0,38941970.0,41957
2023-05-09 21:08:27,bu2306,bu2306,3672.0,0.0,0.0,0.0,3,3672.0,3673.0,37,3686.0,3687.0,3687.0,3667.0,1060.0,38941970.0,41957
2023-05-09 21:08:28,bu2306,bu2306,3672.0,0.0,0.0,0.0,4,3672.0,3673.0,37,3686.0,3687.0,3687.0,3667.0,1060.0,38941970.0,41957
2023-05-09 21:08:31,bu2306,bu2306,3672.0,2.0,73440.0,-2.0,2,3672.0,3673.0,37,3686.0,3687.0,3687.0,3667.0,1062.0,39015410.0,41955
2023-05-09 21:08:32,bu2306,bu2306,3672.0,1.0,36720.0,0.0,1,3672.0,3673.0,37,3686.0,3687.0,3687.0,3667.0,1063.0,39052130.0,41955
2023-05-09 21:08:43,bu2306,bu2306,3672.0,0.0,0.0,0.0,1,3672.0,3673.0,37,3686.0,3687.0,3687.0,3667.0,1063.0,39052130.0,41955
2023-05-09 21:08:43,bu2306,bu2306,3672.0,0.0,0.0,0.0,14,3672.0,3673.0,37,3686.0,3687.0,3687.0,3667.0,1063.0,39052130.0,41955
2023-05-09 21:08:44,bu2306,bu2306,3672.0,0.0,0.0,0.0,15,3672.0,3673.0,32,3686.0,3687.0,3687.0,3667.0,1063.0,39052130.0,41955
2023-05-09 21:08:44,bu2306,bu2306,3672.0,0.0,0.0,0.0,6,3672.0,3673.0,32,3686.0,3687.0,3687.0,3667.0,1063.0,39052130.0,41955
2023-05-09 21:08:45,bu2306,bu2306,3672.0,0.0,0.0,0.0,6,3672.0,3673.0,32,3686.0,3687.0,3687.0,3667.0,1063.0,39052130.0,41955
2023-05-09 21:08:46,bu2306,bu2306,3672.0,6.0,220320.0,0.0,7,3671.0,3673.0,32,3686.0,3687.0,3687.0,3667.0,1069.0,39272450.0,41955
2023-05-09 21:08:47,bu2306,bu2306,3672.0,0.0,0.0,0.0,8,3671.0,3673.0,32,3686.0,3687.0,3687.0,3667.0,1069.0,39272450.0,41955
2023-05-09 21:08:47,bu2306,bu2306,3672.0,0.0,0.0,0.0,8,3671.0,3673.0,32,3686.0,3687.0,3687.0,3667.0,1069.0,39272450.0,41955
2023-05-09 21:08:48,bu2306,bu2306,3672.0,0.0,0.0,0.0,8,3671.0,3673.0,32,3686.0,3687.0,3687.0,3667.0,1069.0,39272450.0,41955
2023-05-09 21:08:48,bu2306,bu2306,3672.0,0.0,0.0,0.0,8,3671.0,3672.0,2,3686.0,3687.0,3687.0,3667.0,1069.0,39272450.0,41955
2023-05-09 21:08:49,bu2306,bu2306,3672.0,0.0,0.0,0.0,8,3671.0,3672.0,2,3686.0,3687.0,3687.0,3667.0,1069.0,39272450.0,41955
2023-05-09 21:08:50,bu2306,bu2306,3672.0,0.0,0.0,0.0,8,3671.0,3672.0,2,3686.0,3687.0,3687.0,3667.0,1069.0,39272450.0,41955
2023-05-09 21:08:51,bu2306,bu2306,3672.0,0.0,0.0,0.0,7,3671.0,3673.0,32,3686.0,3687.0,3687.0,3667.0,1069.0,39272450.0,41955
2023-05-09 21:08:52,bu2306,bu2306,3671.0,1.0,36710.0,-1.0,6,3671.0,3673.0,32,3686.0,3687.0,3687.0,3667.0,1070.0,39309160.0,41954
2023-05-09 21:08:53,bu2306,bu2306,3671.0,1.0,36710.0,0.0,5,3671.0,3673.0,32,3686.0,3687.0,3687.0,3667.0,1071.0,39345870.0,41954
2023-05-09 21:08:53,bu2306,bu2306,3671.0,0.0,0.0,0.0,5,3671.0,3673.0,2,3686.0,3687.0,3687.0,3667.0,1071.0,39345870.0,41954
2023-05-09 21:08:54,bu2306,bu2306,3671.0,0.0,0.0,0.0,5,3671.0,3673.0,11,3686.0,3687.0,3687.0,3667.0,1071.0,39345870.0,41954
2023-05-09 21:08:55,bu2306,bu2306,3671.0,0.0,0.0,0.0,5,3671.0,3673.0,11,3686.0,3687.0,3687.0,3667.0,1071.0,39345870.0,41954
2023-05-09 21:08:56,bu2306,bu2306,3671.0,0.0,0.0,0.0,5,3671.0,3673.0,11,3686.0,3687.0,3687.0,3667.0,1071.0,39345870.0,41954
2023-05-09 21:08:57,bu2306,bu2306,3671.0,0.0,0.0,0.0,5,3671.0,3673.0,12,3686.0,3687.0,3687.0,3667.0,1071.0,39345870.0,41954
2023-05-09 21:08:57,bu2306,bu2306,3671.0,0.0,0.0,0.0,5,3671.0,3673.0,12,3686.0,3687.0,3687.0,3667.0,1071.0,39345870.0,41954
2023-05-09 21:09:00,bu2306,bu2306,3671.0,0.0,0.0,0.0,5,3671.0,3673.0,12,3686.0,3687.0,3687.0,3667.0,1071.0,39345870.0,41954
2023-05-09 21:09:01,bu2306,bu2306,3671.0,0.0,0.0,0.0,5,3671.0,3673.0,12,3686.0,3687.0,3687.0,3667.0,1071.0,39345870.0,41954
2023-05-09 21:09:01,bu2306,bu2306,3671.0,0.0,0.0,0.0,5,3671.0,3673.0,12,3686.0,3687.0,3687.0,3667.0,1071.0,39345870.0,41954
2023-05-09 21:09:02,bu2306,bu2306,3671.0,0.0,0.0,0.0,35,3672.0,3673.0,12,3686.0,3687.0,3687.0,3667.0,1071.0,39345870.0,41954
2023-05-09 21:09:03,bu2306,bu2306,3671.0,0.0,0.0,0.0,36,3672.0,3673.0,7,3686.0,3687.0,3687.0,3667.0,1071.0,39345870.0,41954
2023-05-09 21:09:03,bu2306,bu2306,3672.0,1.0,36720.0,0.0,35,3672.0,3673.0,7,3686.0,3687.0,3687.0,3667.0,1072.0,39382590.0,41954
2023-05-09 21:09:05,bu2306,bu2306,3672.0,0.0,0.0,0.0,35,3672.0,3673.0,3,3686.0,3687.0,3687.0,3667.0,1072.0,39382590.0,41954
2023-05-09 21:09:07,bu2306,bu2306,3672.0,1.0,36720.0,0.0,34,3672.0,3673.0,3,3686.0,3687.0,3687.0,3667.0,1073.0,39419310.0,41954
2023-05-09 21:09:07,bu2306,bu2306,3672.0,0.0,0.0,0.0,34,3672.0,3673.0,3,3686.0,3687.0,3687.0,3667.0,1073.0,39419310.0,41954
2023-05-09 21:09:08,bu2306,bu2306,3672.0,0.0,0.0,0.0,34,3672.0,3673.0,3,3686.0,3687.0,3687.0,3667.0,1073.0,39419310.0,41954
2023-05-09 21:09:12,bu2306,bu2306,3672.0,2.0,73450.0,0.0,33,3672.0,3673.0,2,3686.0,3687.0,3687.0,3667.0,1075.0,39492760.0,41954
2023-05-09 21:09:13,bu2306,bu2306,3673.0,1.0,36730.0,1.0,33,3672.0,3673.0,1,3686.0,3687.0,3687.0,3667.0,1076.0,39529490.0,41955
2023-05-09 21:09:14,bu2306,bu2306,3673.0,0.0,0.0,0.0,33,3672.0,3673.0,1,3686.0,3687.0,3687.0,3667.0,1076.0,39529490.0,41955
2023-05-09 21:09:17,bu2306,bu2306,3673.0,0.0,0.0,0.0,33,3672.0,3673.0,1,3686.0,3687.0,3687.0,3667.0,1076.0,39529490.0,41955
2023-05-09 21:09:20,bu2306,bu2306,3672.0,5.0,183600.0,0.0,28,3672.0,3673.0,1,3686.0,3687.0,3687.0,3667.0,1081.0,39713090.0,41955
2023-05-09 21:09:21,bu2306,bu2306,3672.0,0.0,0.0,0.0,28,3672.0,3673.0,6,3686.0,3687.0,3687.0,3667.0,1081.0,39713090.0,41955
2023-05-09 21:09:25,bu2306,bu2306,3672.0,1.0,36720.0,0.0,27,3672.0,3673.0,6,3686.0,3687.0,3687.0,3667.0,1082.0,39749810.0,41955
2023-05-09 21:09:27,bu2306,bu2306,3672.0,1.0,36720.0,0.0,26,3672.0,3673.0,6,3686.0,3687.0,3687.0,3667.0,1083.0,39786530.0,41955
2023-05-09 21:09:28,bu2306,bu2306,3672.0,0.0,0.0,0.0,26,3672.0,3673.0,1,3686.0,3687.0,3687.0,3667.0,1083.0,39786530.0,41955
2023-05-09 21:09:29,bu2306,bu2306,3672.0,0.0,0.0,0.0,27,3672.0,3673.0,1,3686.0,3687.0,3687.0,3667.0,1083.0,39786530.0,41955
2023-05-09 21:09:30,bu2306,bu2306,3672.0,0.0,0.0,0.0,27,3672.0,3673.0,1,3686.0,3687.0,3687.0,3667.0,1083.0,39786530.0,41955
2023-05-09 21:09:30,bu2306,bu2306,3672.0,0.0,0.0,0.0,27,3672.0,3673.0,1,3686.0,3687.0,3687.0,3667.0,1083.0,39786530.0,41955
2023-05-09 21:09:34,bu2306,bu2306,3672.0,1.0,36720.0,0.0,26,3672.0,3673.0,1,3686.0,3687.0,3687.0,3667.0,1084.0,39823250.0,41955
2023-05-09 21:09:35,bu2306,bu2306,3672.0,0.0,0.0,0.0,26,3672.0,3673.0,2,3686.0,3687.0,3687.0,3667.0,1084.0,39823250.0,41955
2023-05-09 21:09:37,bu2306,bu2306,3673.0,2.0,73460.0,0.0,26,3672.0,3674.0,12,3686.0,3687.0,3687.0,3667.0,1086.0,39896710.0,41955
2023-05-09 21:09:37,bu2306,bu2306,3673.0,0.0,0.0,0.0,1,3673.0,3674.0,11,3686.0,3687.0,3687.0,3667.0,1086.0,39896710.0,41955
2023-05-09 21:09:38,bu2306,bu2306,3673.0,0.0,0.0,0.0,2,3673.0,3674.0,11,3686.0,3687.0,3687.0,3667.0,1086.0,39896710.0,41955
2023-05-09 21:09:39,bu2306,bu2306,3673.0,0.0,0.0,0.0,2,3673.0,3674.0,11,3686.0,3687.0,3687.0,3667.0,1086.0,39896710.0,41955
2023-05-09 21:09:40,bu2306,bu2306,3673.0,0.0,0.0,0.0,2,3673.0,3674.0,11,3686.0,3687.0,3687.0,3667.0,1086.0,39896710.0,41955
2023-05-09 21:09:46,bu2306,bu2306,3673.0,0.0,0.0,0.0,2,3673.0,3674.0,12,3686.0,3687.0,3687.0,3667.0,1086.0,39896710.0,41955
2023-05-09 21:09:48,bu2306,bu2306,3673.0,2.0,73460.0,0.0,25,3672.0,3674.0,12,3686.0,3687.0,3687.0,3667.0,1088.0,39970170.0,41955
2023-05-09 21:09:49,bu2306,bu2306,3673.0,0.0,0.0,0.0,25,3672.0,3673.0,1,3686.0,3687.0,3687.0,3667.0,1088.0,39970170.0,41955
2023-05-09 21:09:49,bu2306,bu2306,3673.0,0.0,0.0,0.0,25,3672.0,3673.0,1,3686.0,3687.0,3687.0,3667.0,1088.0,39970170.0,41955
2023-05-09 21:09:50,bu2306,bu2306,3673.0,0.0,0.0,0.0,25,3672.0,3673.0,1,3686.0,3687.0,3687.0,3667.0,1088.0,39970170.0,41955
2023-05-09 21:09:50,bu2306,bu2306,3673.0,0.0,0.0,0.0,25,3672.0,3673.0,5,3686.0,3687.0,3687.0,3667.0,1088.0,39970170.0,41955
2023-05-09 21:09:52,bu2306,bu2306,3673.0,0.0,0.0,0.0,25,3672.0,3673.0,5,3686.0,3687.0,3687.0,3667.0,1088.0,39970170.0,41955
2023-05-09 21:09:53,bu2306,bu2306,3672.0,1.0,36720.0,-1.0,24,3672.0,3673.0,35,3686.0,3687.0,3687.0,3667.0,1089.0,40006890.0,41954
2023-05-09 21:09:53,bu2306,bu2306,3672.0,24.0,881280.0,0.0,4,3671.0,3672.0,1,3686.0,3687.0,3687.0,3667.0,1113.0,40888170.0,41954
2023-05-09 21:09:54,bu2306,bu2306,3671.0,4.0,146840.0,0.0,11,3670.0,3671.0,46,3686.0,3687.0,3687.0,3667.0,1117.0,41035010.0,41954
2023-05-09 21:09:54,bu2306,bu2306,3671.0,0.0,0.0,0.0,3,3670.0,3671.0,46,3686.0,3687.0,3687.0,3667.0,1117.0,41035010.0,41954
2023-05-09 21:09:56,bu2306,bu2306,3670.0,3.0,110100.0,0.0,11,3669.0,3671.0,46,3686.0,3687.0,3687.0,3667.0,1120.0,41145110.0,41954
2023-05-09 21:09:57,bu2306,bu2306,3670.0,0.0,0.0,0.0,11,3669.0,3671.0,46,3686.0,3687.0,3687.0,3667.0,1120.0,41145110.0,41954
2023-05-09 21:09:57,bu2306,bu2306,3670.0,0.0,0.0,0.0,11,3669.0,3671.0,46,3686.0,3687.0,3687.0,3667.0,1120.0,41145110.0,41954
2023-05-09 21:09:59,bu2306,bu2306,3670.0,0.0,0.0,0.0,11,3669.0,3671.0,46,3686.0,3687.0,3687.0,3667.0,1120.0,41145110.0,41954
2023-05-09 21:10:00,bu2306,bu2306,3671.0,2.0,73420.0,0.0,11,3669.0,3671.0,44,3686.0,3687.0,3687.0,3667.0,1122.0,41218530.0,41954
2023-05-09 21:10:03,bu2306,bu2306,3671.0,0.0,0.0,0.0,11,3669.0,3671.0,44,3686.0,3687.0,3687.0,3667.0,1122.0,41218530.0,41954
2023-05-09 21:10:04,bu2306,bu2306,3671.0,0.0,0.0,0.0,11,3669.0,3671.0,44,3686.0,3687.0,3687.0,3667.0,1122.0,41218530.0,41954
2023-05-09 21:10:04,bu2306,bu2306,3671.0,2.0,73420.0,0.0,12,3670.0,3671.0,42,3686.0,3687.0,3687.0,3667.0,1124.0,41291950.0,41954
2023-05-09 21:10:05,bu2306,bu2306,3671.0,4.0,146840.0,2.0,11,3670.0,3671.0,38,3686.0,3687.0,3687.0,3667.0,1128.0,41438790.0,41956
2023-05-09 21:10:05,bu2306,bu2306,3671.0,38.0,1394980.0,6.0,12,3670.0,3672.0,11,3686.0,3687.0,3687.0,3667.0,1166.0,42833770.0,41962
2023-05-09 21:10:06,bu2306,bu2306,3671.0,0.0,0.0,0.0,1,3671.0,3672.0,11,3686.0,3687.0,3687.0,3667.0,1166.0,42833770.0,41962
2023-05-09 21:10:06,bu2306,bu2306,3671.0,0.0,0.0,0.0,1,3671.0,3672.0,11,3686.0,3687.0,3687.0,3667.0,1166.0,42833770.0,41962
2023-05-09 21:10:07,bu2306,bu2306,3672.0,11.0,403920.0,0.0,1,3671.0,3673.0,15,3686.0,3687.0,3687.0,3667.0,1177.0,43237690.0,41962
2023-05-09 21:10:07,bu2306,bu2306,3672.0,0.0,0.0,0.0,1,3672.0,3673.0,15,3686.0,3687.0,3687.0,3667.0,1177.0,43237690.0,41962
2023-05-09 21:10:08,bu2306,bu2306,3671.0,3.0,110140.0,-3.0,7,3671.0,3673.0,15,3686.0,3687.0,3687.0,3667.0,1180.0,43347830.0,41959
2023-05-09 21:10:08,bu2306,bu2306,3671.0,1.0,36710.0,0.0,9,3671.0,3673.0,15,3686.0,3687.0,3687.0,3667.0,1181.0,43384540.0,41959
2023-05-09 21:10:11,bu2306,bu2306,3671.0,0.0,0.0,0.0,7,3671.0,3673.0,15,3686.0,3687.0,3687.0,3667.0,1181.0,43384540.0,41959
2023-05-09 21:10:12,bu2306,bu2306,3671.0,0.0,0.0,0.0,8,3671.0,3673.0,15,3686.0,3687.0,3687.0,3667.0,1181.0,43384540.0,41959
2023-05-09 21:10:15,bu2306,bu2306,3671.0,0.0,0.0,0.0,8,3671.0,3673.0,15,3686.0,3687.0,3687.0,3667.0,1181.0,43384540.0,41959
2023-05-09 21:10:16,bu2306,bu2306,3671.0,0.0,0.0,0.0,8,3671.0,3673.0,15,3686.0,3687.0,3687.0,3667.0,1181.0,43384540.0,41959
2023-05-09 21:10:16,bu2306,bu2306,3671.0,0.0,0.0,0.0,8,3671.0,3673.0,15,3686.0,3687.0,3687.0,3667.0,1181.0,43384540.0,41959
2023-05-09 21:10:17,bu2306,bu2306,3671.0,0.0,0.0,0.0,8,3671.0,3673.0,15,3686.0,3687.0,3687.0,3667.0,1181.0,43384540.0,41959
2023-05-09 21:10:18,bu2306,bu2306,3671.0,0.0,0.0,0.0,8,3671.0,3673.0,15,3686.0,3687.0,3687.0,3667.0,1181.0,43384540.0,41959
2023-05-09 21:10:19,bu2306,bu2306,3671.0,0.0,0.0,0.0,8,3671.0,3673.0,15,3686.0,3687.0,3687.0,3667.0,1181.0,43384540.0,41959
2023-05-09 21:10:19,bu2306,bu2306,3671.0,0.0,0.0,0.0,8,3671.0,3673.0,15,3686.0,3687.0,3687.0,3667.0,1181.0,43384540.0,41959
2023-05-09 21:10:20,bu2306,bu2306,3671.0,0.0,0.0,0.0,8,3671.0,3673.0,15,3686.0,3687.0,3687.0,3667.0,1181.0,43384540.0,41959
2023-05-09 21:10:25,bu2306,bu2306,3671.0,0.0,0.0,0.0,8,3671.0,3673.0,15,3686.0,3687.0,3687.0,3667.0,1181.0,43384540.0,41959
2023-05-09 21:10:27,bu2306,bu2306,3671.0,0.0,0.0,0.0,8,3671.0,3673.0,15,3686.0,3687.0,3687.0,3667.0,1181.0,43384540.0,41959
2023-05-09 21:10:29,bu2306,bu2306,3671.0,0.0,0.0,0.0,8,3671.0,3673.0,15,3686.0,3687.0,3687.0,3667.0,1181.0,43384540.0,41959
2023-05-09 21:10:30,bu2306,bu2306,3671.0,0.0,0.0,0.0,9,3671.0,3673.0,15,3686.0,3687.0,3687.0,3667.0,1181.0,43384540.0,41959
2023-05-09 21:10:31,bu2306,bu2306,3673.0,1.0,36730.0,0.0,9,3671.0,3673.0,14,3686.0,3687.0,3687.0,3667.0,1182.0,43421270.0,41959
2023-05-09 21:10:35,bu2306,bu2306,3673.0,0.0,0.0,0.0,59,3671.0,3673.0,14,3686.0,3687.0,3687.0,3667.0,1182.0,43421270.0,41959
2023-05-09 21:10:35,bu2306,bu2306,3673.0,0.0,0.0,0.0,59,3671.0,3673.0,6,3686.0,3687.0,3687.0,3667.0,1182.0,43421270.0,41959
2023-05-09 21:10:36,bu2306,bu2306,3673.0,0.0,0.0,0.0,59,3671.0,3673.0,10,3686.0,3687.0,3687.0,3667.0,1182.0,43421270.0,41959
2023-05-09 21:10:36,bu2306,bu2306,3673.0,0.0,0.0,0.0,58,3671.0,3673.0,10,3686.0,3687.0,3687.0,3667.0,1182.0,43421270.0,41959
2023-05-09 21:10:37,bu2306,bu2306,3671.0,30.0,1101300.0,-30.0,28,3671.0,3673.0,10,3686.0,3687.0,3687.0,3667.0,1212.0,44522570.0,41929
2023-05-09 21:10:40,bu2306,bu2306,3671.0,0.0,0.0,0.0,28,3671.0,3673.0,6,3686.0,3687.0,3687.0,3667.0,1212.0,44522570.0,41929
2023-05-09 21:10:41,bu2306,bu2306,3671.0,0.0,0.0,0.0,28,3671.0,3673.0,6,3686.0,3687.0,3687.0,3667.0,1212.0,44522570.0,41929
2023-05-09 21:10:41,bu2306,bu2306,3673.0,1.0,36730.0,0.0,28,3671.0,3673.0,5,3686.0,3687.0,3687.0,3667.0,1213.0,44559300.0,41929
2023-05-09 21:10:46,bu2306,bu2306,3673.0,0.0,0.0,0.0,28,3671.0,3673.0,9,3686.0,3687.0,3687.0,3667.0,1213.0,44559300.0,41929
2023-05-09 21:10:48,bu2306,bu2306,3673.0,0.0,0.0,0.0,1,3672.0,3673.0,9,3686.0,3687.0,3687.0,3667.0,1213.0,44559300.0,41929
2023-05-09 21:10:49,bu2306,bu2306,3673.0,0.0,0.0,0.0,1,3672.0,3673.0,5,3686.0,3687.0,3687.0,3667.0,1213.0,44559300.0,41929
2023-05-09 21:10:51,bu2306,bu2306,3673.0,0.0,0.0,0.0,1,3672.0,3673.0,5,3686.0,3687.0,3687.0,3667.0,1213.0,44559300.0,41929
2023-05-09 21:10:52,bu2306,bu2306,3672.0,1.0,36720.0,0.0,28,3671.0,3673.0,5,3686.0,3687.0,3687.0,3667.0,1214.0,44596020.0,41929
2023-05-09 21:10:53,bu2306,bu2306,3672.0,0.0,0.0,0.0,28,3671.0,3673.0,9,3686.0,3687.0,3687.0,3667.0,1214.0,44596020.0,41929
2023-05-09 21:10:56,bu2306,bu2306,3673.0,9.0,330570.0,-4.0,28,3671.0,3674.0,12,3686.0,3687.0,3687.0,3667.0,1223.0,44926590.0,41925
2023-05-09 21:10:57,bu2306,bu2306,3673.0,0.0,0.0,0.0,19,3672.0,3674.0,12,3686.0,3687.0,3687.0,3667.0,1223.0,44926590.0,41925
2023-05-09 21:10:57,bu2306,bu2306,3673.0,0.0,0.0,0.0,19,3672.0,3674.0,11,3686.0,3687.0,3687.0,3667.0,1223.0,44926590.0,41925
2023-05-09 21:10:58,bu2306,bu2306,3673.0,0.0,0.0,0.0,4,3673.0,3674.0,11,3686.0,3687.0,3687.0,3667.0,1223.0,44926590.0,41925
2023-05-09 21:10:58,bu2306,bu2306,3673.0,0.0,0.0,0.0,12,3673.0,3674.0,11,3686.0,3687.0,3687.0,3667.0,1223.0,44926590.0,41925
2023-05-09 21:10:59,bu2306,bu2306,3673.0,0.0,0.0,0.0,12,3673.0,3675.0,15,3686.0,3687.0,3687.0,3667.0,1223.0,44926590.0,41925
2023-05-09 21:10:59,bu2306,bu2306,3673.0,0.0,0.0,0.0,4,3673.0,3674.0,1,3686.0,3687.0,3687.0,3667.0,1223.0,44926590.0,41925
2023-05-09 21:11:00,bu2306,bu2306,3673.0,0.0,0.0,0.0,4,3673.0,3674.0,6,3686.0,3687.0,3687.0,3667.0,1223.0,44926590.0,41925
2023-05-09 21:11:10,bu2306,bu2306,3673.0,0.0,0.0,0.0,4,3673.0,3674.0,6,3686.0,3687.0,3687.0,3667.0,1223.0,44926590.0,41925
2023-05-09 21:11:11,bu2306,bu2306,3674.0,6.0,220440.0,-2.0,4,3673.0,3675.0,16,3686.0,3687.0,3687.0,3667.0,1229.0,45147030.0,41923
