time,symbol_id,symbol_name,last,trade_volume,trade_amount,open_interest_change,bv1,bp1,ap1,av1,yesterday_close,today_open,today_high,today_low,volume,amount,open_interest
2023-05-09 20:59:00,bu2401,bu2401,3462.0,0.0,0.0,0.0,5,3402.0,3499.0,5,3462.0,3433.0,0.0,0.0,0.0,0.0,203
2023-05-09 21:00:01,bu2401,bu2401,3462.0,0.0,0.0,0.0,5,3402.0,3499.0,5,3462.0,3433.0,0.0,0.0,0.0,0.0,203
2023-05-09 21:00:01,bu2401,bu2401,3462.0,0.0,0.0,0.0,3,3403.0,3498.0,2,3462.0,3433.0,0.0,0.0,0.0,0.0,203
2023-05-09 21:00:02,bu2401,bu2401,3462.0,0.0,0.0,0.0,3,3403.0,3497.0,2,3462.0,3433.0,0.0,0.0,0.0,0.0,203
2023-05-09 21:00:02,bu2401,bu2401,3462.0,0.0,0.0,0.0,1,3403.0,3497.0,2,3462.0,3433.0,0.0,0.0,0.0,0.0,203
2023-05-09 21:00:03,bu2401,bu2401,3462.0,0.0,0.0,0.0,1,3403.0,3451.0,1,3462.0,3433.0,0.0,0.0,0.0,0.0,203
2023-05-09 21:00:03,bu2401,bu2401,3462.0,0.0,0.0,0.0,2,3403.0,3451.0,1,3462.0,3433.0,0.0,0.0,0.0,0.0,203
2023-05-09 21:00:04,bu2401,bu2401,3462.0,0.0,0.0,0.0,2,3403.0,3496.0,2,3462.0,3433.0,0.0,0.0,0.0,0.0,203
2023-05-09 21:00:04,bu2401,bu2401,3462.0,0.0,0.0,0.0,2,3403.0,3452.0,1,3462.0,3433.0,0.0,0.0,0.0,0.0,203
2023-05-09 21:00:05,bu2401,bu2401,3462.0,0.0,0.0,0.0,2,3403.0,3494.0,1,3462.0,3433.0,0.0,0.0,0.0,0.0,203
2023-05-09 21:00:05,bu2401,bu2401,3462.0,0.0,0.0,0.0,1,3427.0,3454.0,1,3462.0,3433.0,0.0,0.0,0.0,0.0,203
2023-05-09 21:00:06,bu2401,bu2401,3462.0,0.0,0.0,0.0,1,3428.0,3454.0,1,3462.0,3433.0,0.0,0.0,0.0,0.0,203
2023-05-09 21:00:06,bu2401,bu2401,3462.0,0.0,0.0,0.0,1,3428.0,3454.0,1,3462.0,3433.0,0.0,0.0,0.0,0.0,203
2023-05-09 21:00:07,bu2401,bu2401,3462.0,0.0,0.0,0.0,1,3432.0,3454.0,1,3462.0,3433.0,0.0,0.0,0.0,0.0,203
2023-05-09 21:00:07,bu2401,bu2401,3462.0,0.0,0.0,0.0,1,3432.0,3454.0,3,3462.0,3433.0,0.0,0.0,0.0,0.0,203
2023-05-09 21:00:09,bu2401,bu2401,3462.0,0.0,0.0,0.0,1,3432.0,3454.0,3,3462.0,3433.0,0.0,0.0,0.0,0.0,203
2023-05-09 21:00:10,bu2401,bu2401,3462.0,0.0,0.0,0.0,1,3432.0,3454.0,3,3462.0,3433.0,0.0,0.0,0.0,0.0,203
2023-05-09 21:00:10,bu2401,bu2401,3462.0,0.0,0.0,0.0,1,3432.0,3454.0,3,3462.0,3433.0,0.0,0.0,0.0,0.0,203
2023-05-09 21:00:11,bu2401,bu2401,3462.0,0.0,0.0,0.0,1,3432.0,3454.0,3,3462.0,3433.0,0.0,0.0,0.0,0.0,203
2023-05-09 21:00:11,bu2401,bu2401,3462.0,0.0,0.0,0.0,1,3432.0,3454.0,1,3462.0,3433.0,0.0,0.0,0.0,0.0,203
2023-05-09 21:00:12,bu2401,bu2401,3462.0,0.0,0.0,0.0,1,3422.0,3454.0,1,3462.0,3433.0,0.0,0.0,0.0,0.0,203
2023-05-09 21:00:12,bu2401,bu2401,3462.0,0.0,0.0,0.0,1,3429.0,3454.0,1,3462.0,3433.0,0.0,0.0,0.0,0.0,203
2023-05-09 21:00:13,bu2401,bu2401,3462.0,0.0,0.0,0.0,1,3391.0,3453.0,2,3462.0,3433.0,0.0,0.0,0.0,0.0,203
2023-05-09 21:00:13,bu2401,bu2401,3462.0,0.0,0.0,0.0,1,3418.0,3451.0,1,3462.0,3433.0,0.0,0.0,0.0,0.0,203
2023-05-09 21:00:14,bu2401,bu2401,3462.0,0.0,0.0,0.0,1,3421.0,3451.0,1,3462.0,3433.0,0.0,0.0,0.0,0.0,203
2023-05-09 21:00:14,bu2401,bu2401,3462.0,0.0,0.0,0.0,1,3422.0,3451.0,1,3462.0,3433.0,0.0,0.0,0.0,0.0,203
2023-05-09 21:00:15,bu2401,bu2401,3462.0,0.0,0.0,0.0,1,3422.0,3451.0,1,3462.0,3433.0,0.0,0.0,0.0,0.0,203
2023-05-09 21:00:15,bu2401,bu2401,3462.0,0.0,0.0,0.0,1,3422.0,3451.0,1,3462.0,3433.0,0.0,0.0,0.0,0.0,203
2023-05-09 21:00:16,bu2401,bu2401,3462.0,0.0,0.0,0.0,1,3428.0,3450.0,2,3462.0,3433.0,0.0,0.0,0.0,0.0,203
2023-05-09 21:00:16,bu2401,bu2401,3462.0,0.0,0.0,0.0,1,3420.0,3450.0,2,3462.0,3433.0,0.0,0.0,0.0,0.0,203
2023-05-09 21:00:17,bu2401,bu2401,3462.0,0.0,0.0,0.0,1,3421.0,3450.0,4,3462.0,3433.0,0.0,0.0,0.0,0.0,203
2023-05-09 21:00:17,bu2401,bu2401,3462.0,0.0,0.0,0.0,1,3428.0,3450.0,4,3462.0,3433.0,0.0,0.0,0.0,0.0,203
2023-05-09 21:00:18,bu2401,bu2401,3462.0,0.0,0.0,0.0,1,3428.0,3450.0,4,3462.0,3433.0,0.0,0.0,0.0,0.0,203
2023-05-09 21:00:19,bu2401,bu2401,3462.0,0.0,0.0,0.0,1,3420.0,3450.0,4,3462.0,3433.0,0.0,0.0,0.0,0.0,203
2023-05-09 21:00:19,bu2401,bu2401,3462.0,0.0,0.0,0.0,1,3429.0,3450.0,4,3462.0,3433.0,0.0,0.0,0.0,0.0,203
2023-05-09 21:00:20,bu2401,bu2401,3462.0,0.0,0.0,0.0,1,3429.0,3450.0,4,3462.0,3433.0,0.0,0.0,0.0,0.0,203
2023-05-09 21:00:21,bu2401,bu2401,3462.0,0.0,0.0,0.0,1,3429.0,3450.0,4,3462.0,3433.0,0.0,0.0,0.0,0.0,203
2023-05-09 21:00:21,bu2401,bu2401,3462.0,0.0,0.0,0.0,1,3429.0,3450.0,4,3462.0,3433.0,0.0,0.0,0.0,0.0,203
2023-05-09 21:00:27,bu2401,bu2401,3462.0,0.0,0.0,0.0,1,3420.0,3450.0,4,3462.0,3433.0,0.0,0.0,0.0,0.0,203
2023-05-09 21:00:28,bu2401,bu2401,3462.0,0.0,0.0,0.0,1,3427.0,3450.0,5,3462.0,3433.0,0.0,0.0,0.0,0.0,203
2023-05-09 21:00:28,bu2401,bu2401,3462.0,0.0,0.0,0.0,1,3427.0,3450.0,5,3462.0,3433.0,0.0,0.0,0.0,0.0,203
2023-05-09 21:00:29,bu2401,bu2401,3462.0,0.0,0.0,0.0,1,3427.0,3450.0,7,3462.0,3433.0,0.0,0.0,0.0,0.0,203
2023-05-09 21:00:30,bu2401,bu2401,3462.0,0.0,0.0,0.0,1,3427.0,3450.0,7,3462.0,3433.0,0.0,0.0,0.0,0.0,203
2023-05-09 21:00:30,bu2401,bu2401,3462.0,0.0,0.0,0.0,1,3427.0,3450.0,7,3462.0,3433.0,0.0,0.0,0.0,0.0,203
2023-05-09 21:00:32,bu2401,bu2401,3462.0,0.0,0.0,0.0,1,3427.0,3450.0,5,3462.0,3433.0,0.0,0.0,0.0,0.0,203
2023-05-09 21:00:33,bu2401,bu2401,3462.0,0.0,0.0,0.0,1,3427.0,3449.0,2,3462.0,3433.0,0.0,0.0,0.0,0.0,203
2023-05-09 21:00:33,bu2401,bu2401,3462.0,0.0,0.0,0.0,1,3427.0,3447.0,1,3462.0,3433.0,0.0,0.0,0.0,0.0,203
2023-05-09 21:00:34,bu2401,bu2401,3462.0,0.0,0.0,0.0,1,3427.0,3447.0,1,3462.0,3433.0,0.0,0.0,0.0,0.0,203
2023-05-09 21:00:35,bu2401,bu2401,3462.0,0.0,0.0,0.0,1,3427.0,3446.0,2,3462.0,3433.0,0.0,0.0,0.0,0.0,203
2023-05-09 21:00:35,bu2401,bu2401,3462.0,0.0,0.0,0.0,1,3427.0,3446.0,2,3462.0,3433.0,0.0,0.0,0.0,0.0,203
2023-05-09 21:00:36,bu2401,bu2401,3462.0,0.0,0.0,0.0,1,3427.0,3446.0,2,3462.0,3433.0,0.0,0.0,0.0,0.0,203
2023-05-09 21:00:37,bu2401,bu2401,3462.0,0.0,0.0,0.0,1,3427.0,3446.0,2,3462.0,3433.0,0.0,0.0,0.0,0.0,203
2023-05-09 21:00:37,bu2401,bu2401,3462.0,0.0,0.0,0.0,1,3427.0,3446.0,2,3462.0,3433.0,0.0,0.0,0.0,0.0,203
2023-05-09 21:00:38,bu2401,bu2401,3462.0,0.0,0.0,0.0,1,3420.0,3446.0,3,3462.0,3433.0,0.0,0.0,0.0,0.0,203
2023-05-09 21:00:38,bu2401,bu2401,3462.0,0.0,0.0,0.0,1,3424.0,3446.0,3,3462.0,3433.0,0.0,0.0,0.0,0.0,203
2023-05-09 21:00:39,bu2401,bu2401,3462.0,0.0,0.0,0.0,1,3424.0,3446.0,2,3462.0,3433.0,0.0,0.0,0.0,0.0,203
2023-05-09 21:00:39,bu2401,bu2401,3462.0,0.0,0.0,0.0,1,3424.0,3446.0,2,3462.0,3433.0,0.0,0.0,0.0,0.0,203
2023-05-09 21:00:40,bu2401,bu2401,3462.0,0.0,0.0,0.0,1,3424.0,3446.0,3,3462.0,3433.0,0.0,0.0,0.0,0.0,203
2023-05-09 21:00:43,bu2401,bu2401,3462.0,0.0,0.0,0.0,1,3424.0,3446.0,2,3462.0,3433.0,0.0,0.0,0.0,0.0,203
2023-05-09 21:00:45,bu2401,bu2401,3462.0,0.0,0.0,0.0,1,3424.0,3446.0,3,3462.0,3433.0,0.0,0.0,0.0,0.0,203
2023-05-09 21:00:47,bu2401,bu2401,3462.0,0.0,0.0,0.0,1,3424.0,3446.0,3,3462.0,3433.0,0.0,0.0,0.0,0.0,203
2023-05-09 21:00:47,bu2401,bu2401,3462.0,0.0,0.0,0.0,1,3424.0,3446.0,3,3462.0,3433.0,0.0,0.0,0.0,0.0,203
2023-05-09 21:00:48,bu2401,bu2401,3462.0,0.0,0.0,0.0,1,3424.0,3446.0,3,3462.0,3433.0,0.0,0.0,0.0,0.0,203
2023-05-09 21:00:49,bu2401,bu2401,3462.0,0.0,0.0,0.0,1,3424.0,3446.0,3,3462.0,3433.0,0.0,0.0,0.0,0.0,203
2023-05-09 21:00:50,bu2401,bu2401,3462.0,0.0,0.0,0.0,1,3424.0,3446.0,2,3462.0,3433.0,0.0,0.0,0.0,0.0,203
2023-05-09 21:00:51,bu2401,bu2401,3462.0,0.0,0.0,0.0,1,3424.0,3446.0,3,3462.0,3433.0,0.0,0.0,0.0,0.0,203
2023-05-09 21:00:51,bu2401,bu2401,3462.0,0.0,0.0,0.0,1,3424.0,3446.0,3,3462.0,3433.0,0.0,0.0,0.0,0.0,203
2023-05-09 21:00:52,bu2401,bu2401,3462.0,0.0,0.0,0.0,1,3424.0,3446.0,3,3462.0,3433.0,0.0,0.0,0.0,0.0,203
2023-05-09 21:00:52,bu2401,bu2401,3462.0,0.0,0.0,0.0,1,3424.0,3446.0,2,3462.0,3433.0,0.0,0.0,0.0,0.0,203
2023-05-09 21:00:54,bu2401,bu2401,3462.0,0.0,0.0,0.0,1,3424.0,3446.0,3,3462.0,3433.0,0.0,0.0,0.0,0.0,203
2023-05-09 21:00:54,bu2401,bu2401,3462.0,0.0,0.0,0.0,1,3424.0,3446.0,2,3462.0,3433.0,0.0,0.0,0.0,0.0,203
2023-05-09 21:00:55,bu2401,bu2401,3462.0,0.0,0.0,0.0,1,3424.0,3446.0,3,3462.0,3433.0,0.0,0.0,0.0,0.0,203
2023-05-09 21:00:57,bu2401,bu2401,3462.0,0.0,0.0,0.0,1,3424.0,3446.0,2,3462.0,3433.0,0.0,0.0,0.0,0.0,203
2023-05-09 21:00:58,bu2401,bu2401,3462.0,0.0,0.0,0.0,1,3424.0,3445.0,1,3462.0,3433.0,0.0,0.0,0.0,0.0,203
2023-05-09 21:00:59,bu2401,bu2401,3462.0,0.0,0.0,0.0,1,3424.0,3445.0,1,3462.0,3433.0,0.0,0.0,0.0,0.0,203
2023-05-09 21:01:00,bu2401,bu2401,3462.0,0.0,0.0,0.0,1,3424.0,3445.0,1,3462.0,3433.0,0.0,0.0,0.0,0.0,203
2023-05-09 21:01:00,bu2401,bu2401,3462.0,0.0,0.0,0.0,1,3424.0,3444.0,2,3462.0,3433.0,0.0,0.0,0.0,0.0,203
2023-05-09 21:01:01,bu2401,bu2401,3462.0,0.0,0.0,0.0,1,3424.0,3444.0,2,3462.0,3433.0,0.0,0.0,0.0,0.0,203
2023-05-09 21:01:01,bu2401,bu2401,3462.0,0.0,0.0,0.0,1,3424.0,3444.0,2,3462.0,3433.0,0.0,0.0,0.0,0.0,203
2023-05-09 21:01:02,bu2401,bu2401,3462.0,0.0,0.0,0.0,1,3424.0,3444.0,2,3462.0,3433.0,0.0,0.0,0.0,0.0,203
2023-05-09 21:01:02,bu2401,bu2401,3462.0,0.0,0.0,0.0,1,3424.0,3444.0,2,3462.0,3433.0,0.0,0.0,0.0,0.0,203
2023-05-09 21:01:05,bu2401,bu2401,3462.0,0.0,0.0,0.0,1,3424.0,3444.0,2,3462.0,3433.0,0.0,0.0,0.0,0.0,203
2023-05-09 21:01:06,bu2401,bu2401,3462.0,0.0,0.0,0.0,1,3424.0,3444.0,2,3462.0,3433.0,0.0,0.0,0.0,0.0,203
2023-05-09 21:01:07,bu2401,bu2401,3462.0,0.0,0.0,0.0,1,3425.0,3444.0,2,3462.0,3433.0,0.0,0.0,0.0,0.0,203
2023-05-09 21:01:07,bu2401,bu2401,3462.0,0.0,0.0,0.0,1,3425.0,3450.0,2,3462.0,3433.0,0.0,0.0,0.0,0.0,203
2023-05-09 21:01:08,bu2401,bu2401,3462.0,0.0,0.0,0.0,1,3431.0,3449.0,3,3462.0,3433.0,0.0,0.0,0.0,0.0,203
2023-05-09 21:01:08,bu2401,bu2401,3462.0,0.0,0.0,0.0,1,3431.0,3449.0,3,3462.0,3433.0,0.0,0.0,0.0,0.0,203
2023-05-09 21:01:10,bu2401,bu2401,3462.0,0.0,0.0,0.0,1,3431.0,3449.0,3,3462.0,3433.0,0.0,0.0,0.0,0.0,203
2023-05-09 21:01:11,bu2401,bu2401,3462.0,0.0,0.0,0.0,1,3431.0,3449.0,3,3462.0,3433.0,0.0,0.0,0.0,0.0,203
2023-05-09 21:01:12,bu2401,bu2401,3462.0,0.0,0.0,0.0,1,3431.0,3449.0,5,3462.0,3433.0,0.0,0.0,0.0,0.0,203
2023-05-09 21:01:13,bu2401,bu2401,3462.0,0.0,0.0,0.0,1,3431.0,3449.0,5,3462.0,3433.0,0.0,0.0,0.0,0.0,203
2023-05-09 21:01:15,bu2401,bu2401,3462.0,0.0,0.0,0.0,1,3431.0,3449.0,3,3462.0,3433.0,0.0,0.0,0.0,0.0,203
2023-05-09 21:01:15,bu2401,bu2401,3462.0,0.0,0.0,0.0,1,3431.0,3448.0,2,3462.0,3433.0,0.0,0.0,0.0,0.0,203
2023-05-09 21:01:16,bu2401,bu2401,3462.0,0.0,0.0,0.0,1,3431.0,3447.0,1,3462.0,3433.0,0.0,0.0,0.0,0.0,203
2023-05-09 21:01:16,bu2401,bu2401,3462.0,0.0,0.0,0.0,1,3431.0,3447.0,1,3462.0,3433.0,0.0,0.0,0.0,0.0,203
2023-05-09 21:01:17,bu2401,bu2401,3462.0,0.0,0.0,0.0,1,3431.0,3446.0,2,3462.0,3433.0,0.0,0.0,0.0,0.0,203
2023-05-09 21:01:17,bu2401,bu2401,3462.0,0.0,0.0,0.0,1,3431.0,3446.0,2,3462.0,3433.0,0.0,0.0,0.0,0.0,203
2023-05-09 21:01:19,bu2401,bu2401,3462.0,0.0,0.0,0.0,1,3431.0,3446.0,2,3462.0,3433.0,0.0,0.0,0.0,0.0,203
2023-05-09 21:01:20,bu2401,bu2401,3462.0,0.0,0.0,0.0,1,3431.0,3446.0,2,3462.0,3433.0,0.0,0.0,0.0,0.0,203
2023-05-09 21:01:21,bu2401,bu2401,3462.0,0.0,0.0,0.0,1,3431.0,3446.0,2,3462.0,3433.0,0.0,0.0,0.0,0.0,203
2023-05-09 21:01:23,bu2401,bu2401,3462.0,0.0,0.0,0.0,1,3431.0,3455.0,1,3462.0,3433.0,0.0,0.0,0.0,0.0,203
2023-05-09 21:01:24,bu2401,bu2401,3462.0,0.0,0.0,0.0,1,3431.0,3451.0,1,3462.0,3433.0,0.0,0.0,0.0,0.0,203
2023-05-09 21:01:24,bu2401,bu2401,3462.0,0.0,0.0,0.0,1,3431.0,3451.0,1,3462.0,3433.0,0.0,0.0,0.0,0.0,203
2023-05-09 21:01:25,bu2401,bu2401,3462.0,0.0,0.0,0.0,1,3431.0,3451.0,1,3462.0,3433.0,0.0,0.0,0.0,0.0,203
2023-05-09 21:01:26,bu2401,bu2401,3462.0,0.0,0.0,0.0,1,3431.0,3451.0,1,3462.0,3433.0,0.0,0.0,0.0,0.0,203
2023-05-09 21:01:26,bu2401,bu2401,3462.0,0.0,0.0,0.0,1,3431.0,3451.0,1,3462.0,3433.0,0.0,0.0,0.0,0.0,203
2023-05-09 21:01:27,bu2401,bu2401,3462.0,0.0,0.0,0.0,1,3431.0,3450.0,2,3462.0,3433.0,0.0,0.0,0.0,0.0,203
2023-05-09 21:01:27,bu2401,bu2401,3462.0,0.0,0.0,0.0,1,3431.0,3450.0,3,3462.0,3433.0,0.0,0.0,0.0,0.0,203
2023-05-09 21:01:29,bu2401,bu2401,3462.0,0.0,0.0,0.0,1,3431.0,3450.0,3,3462.0,3433.0,0.0,0.0,0.0,0.0,203
2023-05-09 21:01:29,bu2401,bu2401,3462.0,0.0,0.0,0.0,1,3431.0,3450.0,2,3462.0,3433.0,0.0,0.0,0.0,0.0,203
2023-05-09 21:01:30,bu2401,bu2401,3462.0,0.0,0.0,0.0,1,3431.0,3450.0,3,3462.0,3433.0,0.0,0.0,0.0,0.0,203
2023-05-09 21:01:31,bu2401,bu2401,3462.0,0.0,0.0,0.0,1,3431.0,3450.0,5,3462.0,3433.0,0.0,0.0,0.0,0.0,203
2023-05-09 21:01:31,bu2401,bu2401,3462.0,0.0,0.0,0.0,1,3431.0,3450.0,5,3462.0,3433.0,0.0,0.0,0.0,0.0,203
2023-05-09 21:01:32,bu2401,bu2401,3462.0,0.0,0.0,0.0,1,3431.0,3450.0,5,3462.0,3433.0,0.0,0.0,0.0,0.0,203
2023-05-09 21:01:33,bu2401,bu2401,3462.0,0.0,0.0,0.0,1,3431.0,3450.0,4,3462.0,3433.0,0.0,0.0,0.0,0.0,203
2023-05-09 21:01:33,bu2401,bu2401,3462.0,0.0,0.0,0.0,1,3431.0,3450.0,2,3462.0,3433.0,0.0,0.0,0.0,0.0,203
2023-05-09 21:01:34,bu2401,bu2401,3462.0,0.0,0.0,0.0,1,3431.0,3450.0,2,3462.0,3433.0,0.0,0.0,0.0,0.0,203
2023-05-09 21:01:34,bu2401,bu2401,3462.0,0.0,0.0,0.0,1,3431.0,3450.0,2,3462.0,3433.0,0.0,0.0,0.0,0.0,203
2023-05-09 21:01:36,bu2401,bu2401,3462.0,0.0,0.0,0.0,1,3431.0,3455.0,1,3462.0,3433.0,0.0,0.0,0.0,0.0,203
2023-05-09 21:01:36,bu2401,bu2401,3462.0,0.0,0.0,0.0,1,3431.0,3454.0,3,3462.0,3433.0,0.0,0.0,0.0,0.0,203
2023-05-09 21:01:39,bu2401,bu2401,3462.0,0.0,0.0,0.0,1,3420.0,3454.0,3,3462.0,3433.0,0.0,0.0,0.0,0.0,203
2023-05-09 21:01:39,bu2401,bu2401,3462.0,0.0,0.0,0.0,1,3436.0,3454.0,3,3462.0,3433.0,0.0,0.0,0.0,0.0,203
2023-05-09 21:01:40,bu2401,bu2401,3462.0,0.0,0.0,0.0,1,3436.0,3454.0,3,3462.0,3433.0,0.0,0.0,0.0,0.0,203
2023-05-09 21:01:42,bu2401,bu2401,3462.0,0.0,0.0,0.0,1,3436.0,3454.0,3,3462.0,3433.0,0.0,0.0,0.0,0.0,203
2023-05-09 21:01:43,bu2401,bu2401,3462.0,0.0,0.0,0.0,1,3420.0,3454.0,3,3462.0,3433.0,0.0,0.0,0.0,0.0,203
2023-05-09 21:01:43,bu2401,bu2401,3462.0,0.0,0.0,0.0,1,3433.0,3454.0,3,3462.0,3433.0,0.0,0.0,0.0,0.0,203
2023-05-09 21:01:44,bu2401,bu2401,3462.0,0.0,0.0,0.0,1,3433.0,3454.0,3,3462.0,3433.0,0.0,0.0,0.0,0.0,203
2023-05-09 21:01:44,bu2401,bu2401,3462.0,0.0,0.0,0.0,1,3420.0,3454.0,3,3462.0,3433.0,0.0,0.0,0.0,0.0,203
2023-05-09 21:01:45,bu2401,bu2401,3462.0,0.0,0.0,0.0,1,3435.0,3453.0,2,3462.0,3433.0,0.0,0.0,0.0,0.0,203
2023-05-09 21:01:45,bu2401,bu2401,3462.0,0.0,0.0,0.0,1,3435.0,3452.0,1,3462.0,3433.0,0.0,0.0,0.0,0.0,203
2023-05-09 21:01:46,bu2401,bu2401,3462.0,0.0,0.0,0.0,1,3435.0,3451.0,2,3462.0,3433.0,0.0,0.0,0.0,0.0,203
2023-05-09 21:01:46,bu2401,bu2401,3462.0,0.0,0.0,0.0,1,3435.0,3451.0,2,3462.0,3433.0,0.0,0.0,0.0,0.0,203
2023-05-09 21:01:47,bu2401,bu2401,3462.0,0.0,0.0,0.0,1,3420.0,3451.0,2,3462.0,3433.0,0.0,0.0,0.0,0.0,203
2023-05-09 21:01:47,bu2401,bu2401,3462.0,0.0,0.0,0.0,1,3431.0,3451.0,3,3462.0,3433.0,0.0,0.0,0.0,0.0,203
2023-05-09 21:01:48,bu2401,bu2401,3462.0,0.0,0.0,0.0,1,3431.0,3450.0,2,3462.0,3433.0,0.0,0.0,0.0,0.0,203
2023-05-09 21:01:48,bu2401,bu2401,3462.0,0.0,0.0,0.0,1,3431.0,3450.0,3,3462.0,3433.0,0.0,0.0,0.0,0.0,203
2023-05-09 21:01:49,bu2401,bu2401,3462.0,0.0,0.0,0.0,1,3431.0,3449.0,2,3462.0,3433.0,0.0,0.0,0.0,0.0,203
2023-05-09 21:01:49,bu2401,bu2401,3462.0,0.0,0.0,0.0,1,3431.0,3449.0,2,3462.0,3433.0,0.0,0.0,0.0,0.0,203
2023-05-09 21:01:50,bu2401,bu2401,3462.0,0.0,0.0,0.0,1,3431.0,3449.0,2,3462.0,3433.0,0.0,0.0,0.0,0.0,203
2023-05-09 21:01:50,bu2401,bu2401,3462.0,0.0,0.0,0.0,1,3431.0,3449.0,2,3462.0,3433.0,0.0,0.0,0.0,0.0,203
2023-05-09 21:01:52,bu2401,bu2401,3462.0,0.0,0.0,0.0,1,3431.0,3449.0,2,3462.0,3433.0,0.0,0.0,0.0,0.0,203
2023-05-09 21:01:52,bu2401,bu2401,3462.0,0.0,0.0,0.0,1,3431.0,3449.0,2,3462.0,3433.0,0.0,0.0,0.0,0.0,203
2023-05-09 21:01:56,bu2401,bu2401,3462.0,0.0,0.0,0.0,1,3431.0,3449.0,2,3462.0,3433.0,0.0,0.0,0.0,0.0,203
2023-05-09 21:01:56,bu2401,bu2401,3462.0,0.0,0.0,0.0,1,3431.0,3449.0,2,3462.0,3433.0,0.0,0.0,0.0,0.0,203
2023-05-09 21:01:59,bu2401,bu2401,3462.0,0.0,0.0,0.0,1,3431.0,3449.0,2,3462.0,3433.0,0.0,0.0,0.0,0.0,203
2023-05-09 21:02:00,bu2401,bu2401,3462.0,0.0,0.0,0.0,1,3431.0,3449.0,2,3462.0,3433.0,0.0,0.0,0.0,0.0,203
2023-05-09 21:02:00,bu2401,bu2401,3462.0,0.0,0.0,0.0,1,3431.0,3449.0,2,3462.0,3433.0,0.0,0.0,0.0,0.0,203
2023-05-09 21:02:01,bu2401,bu2401,3462.0,0.0,0.0,0.0,1,3431.0,3449.0,2,3462.0,3433.0,0.0,0.0,0.0,0.0,203
2023-05-09 21:02:02,bu2401,bu2401,3462.0,0.0,0.0,0.0,1,3431.0,3449.0,2,3462.0,3433.0,0.0,0.0,0.0,0.0,203
2023-05-09 21:02:03,bu2401,bu2401,3462.0,0.0,0.0,0.0,1,3431.0,3449.0,2,3462.0,3433.0,0.0,0.0,0.0,0.0,203
2023-05-09 21:02:05,bu2401,bu2401,3462.0,0.0,0.0,0.0,1,3431.0,3449.0,3,3462.0,3433.0,0.0,0.0,0.0,0.0,203
2023-05-09 21:02:06,bu2401,bu2401,3462.0,0.0,0.0,0.0,1,3431.0,3449.0,3,3462.0,3433.0,0.0,0.0,0.0,0.0,203
2023-05-09 21:02:07,bu2401,bu2401,3462.0,0.0,0.0,0.0,1,3431.0,3449.0,3,3462.0,3433.0,0.0,0.0,0.0,0.0,203
2023-05-09 21:02:08,bu2401,bu2401,3462.0,0.0,0.0,0.0,1,3431.0,3449.0,3,3462.0,3433.0,0.0,0.0,0.0,0.0,203
2023-05-09 21:02:10,bu2401,bu2401,3462.0,0.0,0.0,0.0,1,3431.0,3449.0,3,3462.0,3433.0,0.0,0.0,0.0,0.0,203
2023-05-09 21:02:11,bu2401,bu2401,3462.0,0.0,0.0,0.0,1,3431.0,3449.0,3,3462.0,3433.0,0.0,0.0,0.0,0.0,203
2023-05-09 21:02:12,bu2401,bu2401,3462.0,0.0,0.0,0.0,1,3431.0,3449.0,5,3462.0,3433.0,0.0,0.0,0.0,0.0,203
2023-05-09 21:02:16,bu2401,bu2401,3462.0,0.0,0.0,0.0,1,3431.0,3449.0,2,3462.0,3433.0,0.0,0.0,0.0,0.0,203
2023-05-09 21:02:17,bu2401,bu2401,3462.0,0.0,0.0,0.0,1,3431.0,3449.0,3,3462.0,3433.0,0.0,0.0,0.0,0.0,203
2023-05-09 21:02:17,bu2401,bu2401,3462.0,0.0,0.0,0.0,1,3431.0,3449.0,2,3462.0,3433.0,0.0,0.0,0.0,0.0,203
2023-05-09 21:02:20,bu2401,bu2401,3462.0,0.0,0.0,0.0,1,3431.0,3449.0,2,3462.0,3433.0,0.0,0.0,0.0,0.0,203
2023-05-09 21:02:20,bu2401,bu2401,3462.0,0.0,0.0,0.0,1,3431.0,3449.0,2,3462.0,3433.0,0.0,0.0,0.0,0.0,203
2023-05-09 21:02:21,bu2401,bu2401,3462.0,0.0,0.0,0.0,1,3431.0,3449.0,3,3462.0,3433.0,0.0,0.0,0.0,0.0,203
2023-05-09 21:02:21,bu2401,bu2401,3462.0,0.0,0.0,0.0,1,3431.0,3449.0,3,3462.0,3433.0,0.0,0.0,0.0,0.0,203
2023-05-09 21:02:22,bu2401,bu2401,3462.0,0.0,0.0,0.0,1,3431.0,3449.0,3,3462.0,3433.0,0.0,0.0,0.0,0.0,203
2023-05-09 21:02:22,bu2401,bu2401,3462.0,0.0,0.0,0.0,1,3431.0,3449.0,2,3462.0,3433.0,0.0,0.0,0.0,0.0,203
2023-05-09 21:02:23,bu2401,bu2401,3462.0,0.0,0.0,0.0,1,3431.0,3449.0,2,3462.0,3433.0,0.0,0.0,0.0,0.0,203
2023-05-09 21:02:24,bu2401,bu2401,3462.0,0.0,0.0,0.0,1,3431.0,3449.0,3,3462.0,3433.0,0.0,0.0,0.0,0.0,203
2023-05-09 21:02:24,bu2401,bu2401,3462.0,0.0,0.0,0.0,1,3431.0,3449.0,2,3462.0,3433.0,0.0,0.0,0.0,0.0,203
2023-05-09 21:02:27,bu2401,bu2401,3462.0,0.0,0.0,0.0,2,3431.0,3449.0,2,3462.0,3433.0,0.0,0.0,0.0,0.0,203
2023-05-09 21:02:29,bu2401,bu2401,3462.0,0.0,0.0,0.0,2,3431.0,3449.0,2,3462.0,3433.0,0.0,0.0,0.0,0.0,203
2023-05-09 21:02:30,bu2401,bu2401,3462.0,0.0,0.0,0.0,2,3431.0,3449.0,2,3462.0,3433.0,0.0,0.0,0.0,0.0,203
2023-05-09 21:02:31,bu2401,bu2401,3462.0,0.0,0.0,0.0,1,3432.0,3449.0,2,3462.0,3433.0,0.0,0.0,0.0,0.0,203
2023-05-09 21:02:31,bu2401,bu2401,3462.0,0.0,0.0,0.0,1,3432.0,3449.0,2,3462.0,3433.0,0.0,0.0,0.0,0.0,203
2023-05-09 21:02:32,bu2401,bu2401,3462.0,0.0,0.0,0.0,1,3434.0,3449.0,2,3462.0,3433.0,0.0,0.0,0.0,0.0,203
2023-05-09 21:02:32,bu2401,bu2401,3462.0,0.0,0.0,0.0,1,3434.0,3449.0,2,3462.0,3433.0,0.0,0.0,0.0,0.0,203
2023-05-09 21:02:33,bu2401,bu2401,3462.0,0.0,0.0,0.0,1,3434.0,3448.0,2,3462.0,3433.0,0.0,0.0,0.0,0.0,203
2023-05-09 21:02:33,bu2401,bu2401,3462.0,0.0,0.0,0.0,1,3434.0,3448.0,2,3462.0,3433.0,0.0,0.0,0.0,0.0,203
2023-05-09 21:02:34,bu2401,bu2401,3462.0,0.0,0.0,0.0,1,3434.0,3447.0,2,3462.0,3433.0,0.0,0.0,0.0,0.0,203
2023-05-09 21:02:37,bu2401,bu2401,3462.0,0.0,0.0,0.0,1,3434.0,3447.0,2,3462.0,3433.0,0.0,0.0,0.0,0.0,203
2023-05-09 21:02:38,bu2401,bu2401,3462.0,0.0,0.0,0.0,1,3434.0,3447.0,2,3462.0,3433.0,0.0,0.0,0.0,0.0,203
2023-05-09 21:02:51,bu2401,bu2401,3462.0,0.0,0.0,0.0,1,3434.0,3447.0,2,3462.0,3433.0,0.0,0.0,0.0,0.0,203
2023-05-09 21:02:51,bu2401,bu2401,3462.0,0.0,0.0,0.0,1,3434.0,3447.0,2,3462.0,3433.0,0.0,0.0,0.0,0.0,203
2023-05-09 21:02:57,bu2401,bu2401,3462.0,0.0,0.0,0.0,1,3434.0,3447.0,2,3462.0,3433.0,0.0,0.0,0.0,0.0,203
2023-05-09 21:02:58,bu2401,bu2401,3462.0,0.0,0.0,0.0,1,3434.0,3447.0,2,3462.0,3433.0,0.0,0.0,0.0,0.0,203
2023-05-09 21:02:59,bu2401,bu2401,3462.0,0.0,0.0,0.0,1,3434.0,3447.0,2,3462.0,3433.0,0.0,0.0,0.0,0.0,203
2023-05-09 21:03:00,bu2401,bu2401,3462.0,0.0,0.0,0.0,1,3434.0,3447.0,2,3462.0,3433.0,0.0,0.0,0.0,0.0,203
2023-05-09 21:03:05,bu2401,bu2401,3462.0,0.0,0.0,0.0,1,3434.0,3448.0,2,3462.0,3433.0,0.0,0.0,0.0,0.0,203
2023-05-09 21:03:06,bu2401,bu2401,3462.0,0.0,0.0,0.0,1,3434.0,3448.0,4,3462.0,3433.0,0.0,0.0,0.0,0.0,203
2023-05-09 21:03:11,bu2401,bu2401,3462.0,0.0,0.0,0.0,1,3434.0,3448.0,2,3462.0,3433.0,0.0,0.0,0.0,0.0,203
2023-05-09 21:03:12,bu2401,bu2401,3462.0,0.0,0.0,0.0,1,3434.0,3448.0,4,3462.0,3433.0,0.0,0.0,0.0,0.0,203
2023-05-09 21:03:14,bu2401,bu2401,3462.0,0.0,0.0,0.0,1,3434.0,3448.0,4,3462.0,3433.0,0.0,0.0,0.0,0.0,203
2023-05-09 21:03:14,bu2401,bu2401,3462.0,0.0,0.0,0.0,2,3434.0,3448.0,4,3462.0,3433.0,0.0,0.0,0.0,0.0,203
2023-05-09 21:03:15,bu2401,bu2401,3462.0,0.0,0.0,0.0,2,3434.0,3448.0,2,3462.0,3433.0,0.0,0.0,0.0,0.0,203
2023-05-09 21:03:16,bu2401,bu2401,3462.0,0.0,0.0,0.0,2,3434.0,3448.0,2,3462.0,3433.0,0.0,0.0,0.0,0.0,203
2023-05-09 21:03:18,bu2401,bu2401,3462.0,0.0,0.0,0.0,2,3434.0,3448.0,2,3462.0,3433.0,0.0,0.0,0.0,0.0,203
2023-05-09 21:03:19,bu2401,bu2401,3462.0,0.0,0.0,0.0,2,3434.0,3448.0,2,3462.0,3433.0,0.0,0.0,0.0,0.0,203
2023-05-09 21:03:20,bu2401,bu2401,3462.0,0.0,0.0,0.0,1,3435.0,3448.0,2,3462.0,3433.0,0.0,0.0,0.0,0.0,203
2023-05-09 21:03:21,bu2401,bu2401,3462.0,0.0,0.0,0.0,1,3435.0,3448.0,2,3462.0,3433.0,0.0,0.0,0.0,0.0,203
2023-05-09 21:03:21,bu2401,bu2401,3462.0,0.0,0.0,0.0,1,3438.0,3448.0,2,3462.0,3433.0,0.0,0.0,0.0,0.0,203
2023-05-09 21:03:22,bu2401,bu2401,3462.0,0.0,0.0,0.0,1,3438.0,3448.0,2,3462.0,3433.0,0.0,0.0,0.0,0.0,203
2023-05-09 21:03:22,bu2401,bu2401,3462.0,0.0,0.0,0.0,1,3438.0,3448.0,2,3462.0,3433.0,0.0,0.0,0.0,0.0,203
2023-05-09 21:03:23,bu2401,bu2401,3462.0,0.0,0.0,0.0,1,3438.0,3448.0,2,3462.0,3433.0,0.0,0.0,0.0,0.0,203
2023-05-09 21:03:23,bu2401,bu2401,3462.0,0.0,0.0,0.0,1,3438.0,3448.0,2,3462.0,3433.0,0.0,0.0,0.0,0.0,203
2023-05-09 21:03:24,bu2401,bu2401,3462.0,0.0,0.0,0.0,1,3420.0,3448.0,2,3462.0,3433.0,0.0,0.0,0.0,0.0,203
2023-05-09 21:03:24,bu2401,bu2401,3462.0,0.0,0.0,0.0,1,3439.0,3448.0,2,3462.0,3433.0,0.0,0.0,0.0,0.0,203
2023-05-09 21:03:25,bu2401,bu2401,3462.0,0.0,0.0,0.0,1,3439.0,3448.0,2,3462.0,3433.0,0.0,0.0,0.0,0.0,203
2023-05-09 21:03:27,bu2401,bu2401,3462.0,0.0,0.0,0.0,1,3439.0,3448.0,2,3462.0,3433.0,0.0,0.0,0.0,0.0,203
2023-05-09 21:03:27,bu2401,bu2401,3462.0,0.0,0.0,0.0,1,3439.0,3448.0,2,3462.0,3433.0,0.0,0.0,0.0,0.0,203
2023-05-09 21:03:28,bu2401,bu2401,3462.0,0.0,0.0,0.0,1,3439.0,3448.0,2,3462.0,3433.0,0.0,0.0,0.0,0.0,203
2023-05-09 21:03:29,bu2401,bu2401,3462.0,0.0,0.0,0.0,1,3439.0,3448.0,2,3462.0,3433.0,0.0,0.0,0.0,0.0,203
2023-05-09 21:03:29,bu2401,bu2401,3462.0,0.0,0.0,0.0,1,3439.0,3448.0,2,3462.0,3433.0,0.0,0.0,0.0,0.0,203
2023-05-09 21:03:35,bu2401,bu2401,3462.0,0.0,0.0,0.0,1,3439.0,3448.0,2,3462.0,3433.0,0.0,0.0,0.0,0.0,203
2023-05-09 21:03:36,bu2401,bu2401,3462.0,0.0,0.0,0.0,1,3439.0,3448.0,2,3462.0,3433.0,0.0,0.0,0.0,0.0,203
2023-05-09 21:03:37,bu2401,bu2401,3462.0,0.0,0.0,0.0,2,3439.0,3448.0,2,3462.0,3433.0,0.0,0.0,0.0,0.0,203
2023-05-09 21:03:37,bu2401,bu2401,3462.0,0.0,0.0,0.0,2,3439.0,3448.0,2,3462.0,3433.0,0.0,0.0,0.0,0.0,203
2023-05-09 21:03:38,bu2401,bu2401,3462.0,0.0,0.0,0.0,1,3440.0,3448.0,2,3462.0,3433.0,0.0,0.0,0.0,0.0,203
2023-05-09 21:03:38,bu2401,bu2401,3462.0,0.0,0.0,0.0,1,3439.0,3448.0,2,3462.0,3433.0,0.0,0.0,0.0,0.0,203
2023-05-09 21:03:39,bu2401,bu2401,3462.0,0.0,0.0,0.0,1,3440.0,3448.0,2,3462.0,3433.0,0.0,0.0,0.0,0.0,203
2023-05-09 21:03:39,bu2401,bu2401,3462.0,0.0,0.0,0.0,1,3439.0,3448.0,2,3462.0,3433.0,0.0,0.0,0.0,0.0,203
2023-05-09 21:03:40,bu2401,bu2401,3462.0,0.0,0.0,0.0,2,3439.0,3448.0,2,3462.0,3433.0,0.0,0.0,0.0,0.0,203
2023-05-09 21:03:40,bu2401,bu2401,3462.0,0.0,0.0,0.0,1,3439.0,3448.0,2,3462.0,3433.0,0.0,0.0,0.0,0.0,203
2023-05-09 21:03:42,bu2401,bu2401,3462.0,0.0,0.0,0.0,1,3440.0,3448.0,2,3462.0,3433.0,0.0,0.0,0.0,0.0,203
2023-05-09 21:03:43,bu2401,bu2401,3462.0,0.0,0.0,0.0,1,3439.0,3448.0,2,3462.0,3433.0,0.0,0.0,0.0,0.0,203
2023-05-09 21:03:43,bu2401,bu2401,3462.0,0.0,0.0,0.0,2,3439.0,3448.0,2,3462.0,3433.0,0.0,0.0,0.0,0.0,203
2023-05-09 21:03:44,bu2401,bu2401,3462.0,0.0,0.0,0.0,2,3439.0,3448.0,2,3462.0,3433.0,0.0,0.0,0.0,0.0,203
2023-05-09 21:03:44,bu2401,bu2401,3462.0,0.0,0.0,0.0,1,3439.0,3448.0,2,3462.0,3433.0,0.0,0.0,0.0,0.0,203
2023-05-09 21:03:47,bu2401,bu2401,3462.0,0.0,0.0,0.0,2,3439.0,3448.0,2,3462.0,3433.0,0.0,0.0,0.0,0.0,203
2023-05-09 21:03:47,bu2401,bu2401,3462.0,0.0,0.0,0.0,1,3439.0,3448.0,2,3462.0,3433.0,0.0,0.0,0.0,0.0,203
2023-05-09 21:03:48,bu2401,bu2401,3462.0,0.0,0.0,0.0,2,3439.0,3448.0,2,3462.0,3433.0,0.0,0.0,0.0,0.0,203
2023-05-09 21:03:48,bu2401,bu2401,3462.0,0.0,0.0,0.0,2,3439.0,3448.0,2,3462.0,3433.0,0.0,0.0,0.0,0.0,203
2023-05-09 21:03:49,bu2401,bu2401,3462.0,0.0,0.0,0.0,2,3439.0,3448.0,2,3462.0,3433.0,0.0,0.0,0.0,0.0,203
2023-05-09 21:03:51,bu2401,bu2401,3462.0,0.0,0.0,0.0,2,3439.0,3448.0,2,3462.0,3433.0,0.0,0.0,0.0,0.0,203
2023-05-09 21:03:51,bu2401,bu2401,3462.0,0.0,0.0,0.0,2,3439.0,3448.0,2,3462.0,3433.0,0.0,0.0,0.0,0.0,203
2023-05-09 21:03:53,bu2401,bu2401,3462.0,0.0,0.0,0.0,1,3439.0,3448.0,2,3462.0,3433.0,0.0,0.0,0.0,0.0,203
2023-05-09 21:03:54,bu2401,bu2401,3462.0,0.0,0.0,0.0,1,3439.0,3448.0,2,3462.0,3433.0,0.0,0.0,0.0,0.0,203
2023-05-09 21:03:54,bu2401,bu2401,3462.0,0.0,0.0,0.0,1,3439.0,3448.0,2,3462.0,3433.0,0.0,0.0,0.0,0.0,203
2023-05-09 21:03:56,bu2401,bu2401,3462.0,0.0,0.0,0.0,1,3420.0,3448.0,2,3462.0,3433.0,0.0,0.0,0.0,0.0,203
2023-05-09 21:03:57,bu2401,bu2401,3462.0,0.0,0.0,0.0,1,3434.0,3448.0,2,3462.0,3433.0,0.0,0.0,0.0,0.0,203
2023-05-09 21:03:57,bu2401,bu2401,3462.0,0.0,0.0,0.0,1,3435.0,3448.0,2,3462.0,3433.0,0.0,0.0,0.0,0.0,203
2023-05-09 21:03:58,bu2401,bu2401,3462.0,0.0,0.0,0.0,1,3435.0,3448.0,2,3462.0,3433.0,0.0,0.0,0.0,0.0,203
2023-05-09 21:03:58,bu2401,bu2401,3462.0,0.0,0.0,0.0,1,3436.0,3448.0,4,3462.0,3433.0,0.0,0.0,0.0,0.0,203
2023-05-09 21:03:59,bu2401,bu2401,3462.0,0.0,0.0,0.0,1,3437.0,3448.0,4,3462.0,3433.0,0.0,0.0,0.0,0.0,203
2023-05-09 21:03:59,bu2401,bu2401,3462.0,0.0,0.0,0.0,1,3437.0,3448.0,4,3462.0,3433.0,0.0,0.0,0.0,0.0,203
2023-05-09 21:04:00,bu2401,bu2401,3462.0,0.0,0.0,0.0,1,3437.0,3448.0,4,3462.0,3433.0,0.0,0.0,0.0,0.0,203
2023-05-09 21:04:01,bu2401,bu2401,3462.0,0.0,0.0,0.0,1,3437.0,3448.0,2,3462.0,3433.0,0.0,0.0,0.0,0.0,203
2023-05-09 21:04:01,bu2401,bu2401,3462.0,0.0,0.0,0.0,1,3437.0,3448.0,2,3462.0,3433.0,0.0,0.0,0.0,0.0,203
2023-05-09 21:04:02,bu2401,bu2401,3462.0,0.0,0.0,0.0,1,3437.0,3448.0,4,3462.0,3433.0,0.0,0.0,0.0,0.0,203
2023-05-09 21:04:02,bu2401,bu2401,3462.0,0.0,0.0,0.0,1,3420.0,3448.0,4,3462.0,3433.0,0.0,0.0,0.0,0.0,203
2023-05-09 21:04:03,bu2401,bu2401,3462.0,0.0,0.0,0.0,1,3421.0,3448.0,4,3462.0,3433.0,0.0,0.0,0.0,0.0,203
2023-05-09 21:04:03,bu2401,bu2401,3462.0,0.0,0.0,0.0,1,3432.0,3448.0,4,3462.0,3433.0,0.0,0.0,0.0,0.0,203
2023-05-09 21:04:04,bu2401,bu2401,3462.0,0.0,0.0,0.0,1,3432.0,3448.0,4,3462.0,3433.0,0.0,0.0,0.0,0.0,203
2023-05-09 21:04:04,bu2401,bu2401,3462.0,0.0,0.0,0.0,1,3432.0,3448.0,2,3462.0,3433.0,0.0,0.0,0.0,0.0,203
2023-05-09 21:04:05,bu2401,bu2401,3462.0,0.0,0.0,0.0,1,3432.0,3447.0,2,3462.0,3433.0,0.0,0.0,0.0,0.0,203
2023-05-09 21:04:05,bu2401,bu2401,3462.0,0.0,0.0,0.0,2,3432.0,3447.0,2,3462.0,3433.0,0.0,0.0,0.0,0.0,203
2023-05-09 21:04:06,bu2401,bu2401,3462.0,0.0,0.0,0.0,1,3432.0,3447.0,2,3462.0,3433.0,0.0,0.0,0.0,0.0,203
2023-05-09 21:04:06,bu2401,bu2401,3462.0,0.0,0.0,0.0,2,3432.0,3447.0,2,3462.0,3433.0,0.0,0.0,0.0,0.0,203
2023-05-09 21:04:07,bu2401,bu2401,3462.0,0.0,0.0,0.0,1,3433.0,3447.0,2,3462.0,3433.0,0.0,0.0,0.0,0.0,203
2023-05-09 21:04:07,bu2401,bu2401,3462.0,0.0,0.0,0.0,1,3433.0,3447.0,2,3462.0,3433.0,0.0,0.0,0.0,0.0,203
2023-05-09 21:04:08,bu2401,bu2401,3462.0,0.0,0.0,0.0,1,3433.0,3447.0,2,3462.0,3433.0,0.0,0.0,0.0,0.0,203
2023-05-09 21:04:12,bu2401,bu2401,3462.0,0.0,0.0,0.0,1,3432.0,3447.0,2,3462.0,3433.0,0.0,0.0,0.0,0.0,203
2023-05-09 21:04:12,bu2401,bu2401,3462.0,0.0,0.0,0.0,2,3432.0,3447.0,2,3462.0,3433.0,0.0,0.0,0.0,0.0,203
2023-05-09 21:04:13,bu2401,bu2401,3462.0,0.0,0.0,0.0,1,3433.0,3447.0,2,3462.0,3433.0,0.0,0.0,0.0,0.0,203
2023-05-09 21:04:13,bu2401,bu2401,3462.0,0.0,0.0,0.0,1,3433.0,3447.0,2,3462.0,3433.0,0.0,0.0,0.0,0.0,203
2023-05-09 21:04:14,bu2401,bu2401,3462.0,0.0,0.0,0.0,1,3434.0,3448.0,2,3462.0,3433.0,0.0,0.0,0.0,0.0,203
2023-05-09 21:04:14,bu2401,bu2401,3462.0,0.0,0.0,0.0,1,3435.0,3447.0,2,3462.0,3433.0,0.0,0.0,0.0,0.0,203
2023-05-09 21:04:18,bu2401,bu2401,3462.0,0.0,0.0,0.0,1,3435.0,3448.0,2,3462.0,3433.0,0.0,0.0,0.0,0.0,203
2023-05-09 21:04:18,bu2401,bu2401,3462.0,0.0,0.0,0.0,1,3435.0,3447.0,2,3462.0,3433.0,0.0,0.0,0.0,0.0,203
2023-05-09 21:04:20,bu2401,bu2401,3462.0,0.0,0.0,0.0,1,3434.0,3447.0,2,3462.0,3433.0,0.0,0.0,0.0,0.0,203
2023-05-09 21:04:20,bu2401,bu2401,3462.0,0.0,0.0,0.0,2,3434.0,3447.0,2,3462.0,3433.0,0.0,0.0,0.0,0.0,203
2023-05-09 21:04:21,bu2401,bu2401,3462.0,0.0,0.0,0.0,2,3434.0,3448.0,2,3462.0,3433.0,0.0,0.0,0.0,0.0,203
2023-05-09 21:04:21,bu2401,bu2401,3462.0,0.0,0.0,0.0,2,3434.0,3447.0,2,3462.0,3433.0,0.0,0.0,0.0,0.0,203
2023-05-09 21:04:22,bu2401,bu2401,3462.0,0.0,0.0,0.0,1,3434.0,3447.0,2,3462.0,3433.0,0.0,0.0,0.0,0.0,203
2023-05-09 21:04:24,bu2401,bu2401,3462.0,0.0,0.0,0.0,1,3420.0,3447.0,2,3462.0,3433.0,0.0,0.0,0.0,0.0,203
2023-05-09 21:04:25,bu2401,bu2401,3462.0,0.0,0.0,0.0,1,3430.0,3447.0,2,3462.0,3433.0,0.0,0.0,0.0,0.0,203
2023-05-09 21:04:25,bu2401,bu2401,3462.0,0.0,0.0,0.0,1,3431.0,3447.0,2,3462.0,3433.0,0.0,0.0,0.0,0.0,203
2023-05-09 21:04:26,bu2401,bu2401,3462.0,0.0,0.0,0.0,1,3431.0,3447.0,2,3462.0,3433.0,0.0,0.0,0.0,0.0,203
2023-05-09 21:04:27,bu2401,bu2401,3462.0,0.0,0.0,0.0,1,3433.0,3447.0,2,3462.0,3433.0,0.0,0.0,0.0,0.0,203
2023-05-09 21:04:27,bu2401,bu2401,3462.0,0.0,0.0,0.0,2,3433.0,3447.0,2,3462.0,3433.0,0.0,0.0,0.0,0.0,203
2023-05-09 21:04:28,bu2401,bu2401,3462.0,0.0,0.0,0.0,2,3433.0,3447.0,2,3462.0,3433.0,0.0,0.0,0.0,0.0,203
2023-05-09 21:04:28,bu2401,bu2401,3462.0,0.0,0.0,0.0,2,3433.0,3447.0,2,3462.0,3433.0,0.0,0.0,0.0,0.0,203
2023-05-09 21:04:30,bu2401,bu2401,3462.0,0.0,0.0,0.0,1,3433.0,3447.0,2,3462.0,3433.0,0.0,0.0,0.0,0.0,203
2023-05-09 21:04:33,bu2401,bu2401,3462.0,0.0,0.0,0.0,1,3433.0,3447.0,2,3462.0,3433.0,0.0,0.0,0.0,0.0,203
2023-05-09 21:04:34,bu2401,bu2401,3462.0,0.0,0.0,0.0,1,3433.0,3447.0,2,3462.0,3433.0,0.0,0.0,0.0,0.0,203
2023-05-09 21:04:36,bu2401,bu2401,3462.0,0.0,0.0,0.0,1,3433.0,3447.0,3,3462.0,3433.0,0.0,0.0,0.0,0.0,203
2023-05-09 21:04:37,bu2401,bu2401,3462.0,0.0,0.0,0.0,1,3433.0,3447.0,3,3462.0,3433.0,0.0,0.0,0.0,0.0,203
2023-05-09 21:04:37,bu2401,bu2401,3462.0,0.0,0.0,0.0,1,3433.0,3447.0,3,3462.0,3433.0,0.0,0.0,0.0,0.0,203
2023-05-09 21:04:44,bu2401,bu2401,3462.0,0.0,0.0,0.0,2,3433.0,3447.0,3,3462.0,3433.0,0.0,0.0,0.0,0.0,203
2023-05-09 21:04:44,bu2401,bu2401,3462.0,0.0,0.0,0.0,2,3433.0,3447.0,3,3462.0,3433.0,0.0,0.0,0.0,0.0,203
2023-05-09 21:04:45,bu2401,bu2401,3462.0,0.0,0.0,0.0,2,3433.0,3447.0,2,3462.0,3433.0,0.0,0.0,0.0,0.0,203
2023-05-09 21:04:51,bu2401,bu2401,3462.0,0.0,0.0,0.0,2,3433.0,3447.0,2,3462.0,3433.0,0.0,0.0,0.0,0.0,203
2023-05-09 21:04:52,bu2401,bu2401,3462.0,0.0,0.0,0.0,2,3433.0,3447.0,2,3462.0,3433.0,0.0,0.0,0.0,0.0,203
2023-05-09 21:04:52,bu2401,bu2401,3462.0,0.0,0.0,0.0,2,3433.0,3447.0,2,3462.0,3433.0,0.0,0.0,0.0,0.0,203
2023-05-09 21:04:53,bu2401,bu2401,3462.0,0.0,0.0,0.0,2,3433.0,3447.0,2,3462.0,3433.0,0.0,0.0,0.0,0.0,203
2023-05-09 21:04:55,bu2401,bu2401,3462.0,0.0,0.0,0.0,1,3434.0,3447.0,2,3462.0,3433.0,0.0,0.0,0.0,0.0,203
2023-05-09 21:04:55,bu2401,bu2401,3462.0,0.0,0.0,0.0,1,3433.0,3447.0,2,3462.0,3433.0,0.0,0.0,0.0,0.0,203
2023-05-09 21:04:56,bu2401,bu2401,3462.0,0.0,0.0,0.0,2,3433.0,3447.0,2,3462.0,3433.0,0.0,0.0,0.0,0.0,203
2023-05-09 21:04:57,bu2401,bu2401,3462.0,0.0,0.0,0.0,1,3434.0,3447.0,2,3462.0,3433.0,0.0,0.0,0.0,0.0,203
2023-05-09 21:04:57,bu2401,bu2401,3462.0,0.0,0.0,0.0,1,3433.0,3447.0,2,3462.0,3433.0,0.0,0.0,0.0,0.0,203
2023-05-09 21:04:58,bu2401,bu2401,3462.0,0.0,0.0,0.0,1,3434.0,3447.0,2,3462.0,3433.0,0.0,0.0,0.0,0.0,203
2023-05-09 21:04:59,bu2401,bu2401,3462.0,0.0,0.0,0.0,1,3435.0,3447.0,2,3462.0,3433.0,0.0,0.0,0.0,0.0,203
2023-05-09 21:04:59,bu2401,bu2401,3462.0,0.0,0.0,0.0,1,3433.0,3447.0,2,3462.0,3433.0,0.0,0.0,0.0,0.0,203
2023-05-09 21:05:00,bu2401,bu2401,3462.0,0.0,0.0,0.0,1,3434.0,3447.0,2,3462.0,3433.0,0.0,0.0,0.0,0.0,203
2023-05-09 21:05:04,bu2401,bu2401,3462.0,0.0,0.0,0.0,1,3433.0,3447.0,2,3462.0,3433.0,0.0,0.0,0.0,0.0,203
2023-05-09 21:05:04,bu2401,bu2401,3462.0,0.0,0.0,0.0,2,3433.0,3447.0,2,3462.0,3433.0,0.0,0.0,0.0,0.0,203
2023-05-09 21:05:05,bu2401,bu2401,3462.0,0.0,0.0,0.0,2,3433.0,3447.0,2,3462.0,3433.0,0.0,0.0,0.0,0.0,203
2023-05-09 21:05:06,bu2401,bu2401,3462.0,0.0,0.0,0.0,1,3434.0,3447.0,2,3462.0,3433.0,0.0,0.0,0.0,0.0,203
2023-05-09 21:05:06,bu2401,bu2401,3462.0,0.0,0.0,0.0,1,3433.0,3447.0,2,3462.0,3433.0,0.0,0.0,0.0,0.0,203
2023-05-09 21:05:07,bu2401,bu2401,3462.0,0.0,0.0,0.0,1,3434.0,3447.0,2,3462.0,3433.0,0.0,0.0,0.0,0.0,203
2023-05-09 21:05:07,bu2401,bu2401,3462.0,0.0,0.0,0.0,1,3435.0,3447.0,2,3462.0,3433.0,0.0,0.0,0.0,0.0,203
2023-05-09 21:05:10,bu2401,bu2401,3462.0,0.0,0.0,0.0,1,3435.0,3455.0,1,3462.0,3433.0,0.0,0.0,0.0,0.0,203
2023-05-09 21:05:10,bu2401,bu2401,3462.0,0.0,0.0,0.0,1,3435.0,3452.0,1,3462.0,3433.0,0.0,0.0,0.0,0.0,203
2023-05-09 21:05:11,bu2401,bu2401,3462.0,0.0,0.0,0.0,1,3436.0,3452.0,2,3462.0,3433.0,0.0,0.0,0.0,0.0,203
2023-05-09 21:05:11,bu2401,bu2401,3462.0,0.0,0.0,0.0,1,3437.0,3452.0,2,3462.0,3433.0,0.0,0.0,0.0,0.0,203
2023-05-09 21:05:12,bu2401,bu2401,3462.0,0.0,0.0,0.0,1,3437.0,3452.0,2,3462.0,3433.0,0.0,0.0,0.0,0.0,203
2023-05-09 21:05:12,bu2401,bu2401,3462.0,0.0,0.0,0.0,1,3437.0,3452.0,2,3462.0,3433.0,0.0,0.0,0.0,0.0,203
2023-05-09 21:05:13,bu2401,bu2401,3462.0,0.0,0.0,0.0,1,3437.0,3452.0,2,3462.0,3433.0,0.0,0.0,0.0,0.0,203
2023-05-09 21:05:14,bu2401,bu2401,3462.0,0.0,0.0,0.0,1,3437.0,3451.0,4,3462.0,3433.0,0.0,0.0,0.0,0.0,203
2023-05-09 21:05:14,bu2401,bu2401,3462.0,0.0,0.0,0.0,1,3437.0,3451.0,6,3462.0,3433.0,0.0,0.0,0.0,0.0,203
2023-05-09 21:05:16,bu2401,bu2401,3462.0,0.0,0.0,0.0,1,3437.0,3451.0,6,3462.0,3433.0,0.0,0.0,0.0,0.0,203
2023-05-09 21:05:16,bu2401,bu2401,3462.0,0.0,0.0,0.0,2,3437.0,3451.0,2,3462.0,3433.0,0.0,0.0,0.0,0.0,203
2023-05-09 21:05:18,bu2401,bu2401,3462.0,0.0,0.0,0.0,2,3437.0,3451.0,2,3462.0,3433.0,0.0,0.0,0.0,0.0,203
2023-05-09 21:05:18,bu2401,bu2401,3462.0,0.0,0.0,0.0,2,3437.0,3451.0,2,3462.0,3433.0,0.0,0.0,0.0,0.0,203
2023-05-09 21:05:19,bu2401,bu2401,3462.0,0.0,0.0,0.0,2,3437.0,3452.0,1,3462.0,3433.0,0.0,0.0,0.0,0.0,203
2023-05-09 21:05:20,bu2401,bu2401,3462.0,0.0,0.0,0.0,2,3437.0,3451.0,2,3462.0,3433.0,0.0,0.0,0.0,0.0,203
2023-05-09 21:05:23,bu2401,bu2401,3462.0,0.0,0.0,0.0,2,3437.0,3452.0,1,3462.0,3433.0,0.0,0.0,0.0,0.0,203
2023-05-09 21:05:24,bu2401,bu2401,3462.0,0.0,0.0,0.0,2,3437.0,3451.0,2,3462.0,3433.0,0.0,0.0,0.0,0.0,203
2023-05-09 21:05:24,bu2401,bu2401,3462.0,0.0,0.0,0.0,2,3437.0,3450.0,2,3462.0,3433.0,0.0,0.0,0.0,0.0,203
2023-05-09 21:05:25,bu2401,bu2401,3462.0,0.0,0.0,0.0,2,3437.0,3450.0,2,3462.0,3433.0,0.0,0.0,0.0,0.0,203
2023-05-09 21:05:27,bu2401,bu2401,3462.0,0.0,0.0,0.0,2,3437.0,3450.0,2,3462.0,3433.0,0.0,0.0,0.0,0.0,203
2023-05-09 21:05:27,bu2401,bu2401,3462.0,0.0,0.0,0.0,2,3437.0,3450.0,2,3462.0,3433.0,0.0,0.0,0.0,0.0,203
2023-05-09 21:05:28,bu2401,bu2401,3462.0,0.0,0.0,0.0,2,3437.0,3450.0,2,3462.0,3433.0,0.0,0.0,0.0,0.0,203
2023-05-09 21:05:29,bu2401,bu2401,3462.0,0.0,0.0,0.0,2,3437.0,3450.0,2,3462.0,3433.0,0.0,0.0,0.0,0.0,203
2023-05-09 21:05:34,bu2401,bu2401,3462.0,0.0,0.0,0.0,2,3437.0,3450.0,2,3462.0,3433.0,0.0,0.0,0.0,0.0,203
2023-05-09 21:05:34,bu2401,bu2401,3462.0,0.0,0.0,0.0,2,3437.0,3450.0,2,3462.0,3433.0,0.0,0.0,0.0,0.0,203
2023-05-09 21:05:35,bu2401,bu2401,3462.0,0.0,0.0,0.0,1,3437.0,3450.0,2,3462.0,3433.0,0.0,0.0,0.0,0.0,203
2023-05-09 21:05:38,bu2401,bu2401,3462.0,0.0,0.0,0.0,1,3437.0,3450.0,2,3462.0,3433.0,0.0,0.0,0.0,0.0,203
2023-05-09 21:05:39,bu2401,bu2401,3462.0,0.0,0.0,0.0,1,3437.0,3450.0,2,3462.0,3433.0,0.0,0.0,0.0,0.0,203
2023-05-09 21:05:43,bu2401,bu2401,3462.0,0.0,0.0,0.0,1,3437.0,3450.0,2,3462.0,3433.0,0.0,0.0,0.0,0.0,203
2023-05-09 21:05:43,bu2401,bu2401,3462.0,0.0,0.0,0.0,1,3437.0,3450.0,2,3462.0,3433.0,0.0,0.0,0.0,0.0,203
2023-05-09 21:05:48,bu2401,bu2401,3462.0,0.0,0.0,0.0,1,3438.0,3450.0,2,3462.0,3433.0,0.0,0.0,0.0,0.0,203
2023-05-09 21:05:51,bu2401,bu2401,3462.0,0.0,0.0,0.0,1,3438.0,3450.0,2,3462.0,3433.0,0.0,0.0,0.0,0.0,203
2023-05-09 21:05:53,bu2401,bu2401,3462.0,0.0,0.0,0.0,1,3440.0,3450.0,2,3462.0,3433.0,0.0,0.0,0.0,0.0,203
2023-05-09 21:05:53,bu2401,bu2401,3462.0,0.0,0.0,0.0,1,3440.0,3450.0,2,3462.0,3433.0,0.0,0.0,0.0,0.0,203
2023-05-09 21:05:57,bu2401,bu2401,3462.0,0.0,0.0,0.0,2,3440.0,3450.0,2,3462.0,3433.0,0.0,0.0,0.0,0.0,203
2023-05-09 21:05:57,bu2401,bu2401,3462.0,0.0,0.0,0.0,1,3441.0,3450.0,2,3462.0,3433.0,0.0,0.0,0.0,0.0,203
2023-05-09 21:05:58,bu2401,bu2401,3462.0,0.0,0.0,0.0,1,3441.0,3450.0,2,3462.0,3433.0,0.0,0.0,0.0,0.0,203
2023-05-09 21:05:58,bu2401,bu2401,3462.0,0.0,0.0,0.0,1,3442.0,3450.0,2,3462.0,3433.0,0.0,0.0,0.0,0.0,203
2023-05-09 21:06:08,bu2401,bu2401,3462.0,0.0,0.0,0.0,1,3442.0,3450.0,2,3462.0,3433.0,0.0,0.0,0.0,0.0,203
2023-05-09 21:06:09,bu2401,bu2401,3462.0,0.0,0.0,0.0,1,3442.0,3450.0,2,3462.0,3433.0,0.0,0.0,0.0,0.0,203
2023-05-09 21:06:09,bu2401,bu2401,3462.0,0.0,0.0,0.0,1,3442.0,3450.0,2,3462.0,3433.0,0.0,0.0,0.0,0.0,203
2023-05-09 21:06:10,bu2401,bu2401,3462.0,0.0,0.0,0.0,1,3442.0,3450.0,2,3462.0,3433.0,0.0,0.0,0.0,0.0,203
2023-05-09 21:06:12,bu2401,bu2401,3462.0,0.0,0.0,0.0,1,3442.0,3450.0,2,3462.0,3433.0,0.0,0.0,0.0,0.0,203
2023-05-09 21:06:12,bu2401,bu2401,3462.0,0.0,0.0,0.0,1,3436.0,3450.0,2,3462.0,3433.0,0.0,0.0,0.0,0.0,203
2023-05-09 21:06:13,bu2401,bu2401,3462.0,0.0,0.0,0.0,1,3438.0,3450.0,2,3462.0,3433.0,0.0,0.0,0.0,0.0,203
2023-05-09 21:06:13,bu2401,bu2401,3462.0,0.0,0.0,0.0,2,3438.0,3450.0,2,3462.0,3433.0,0.0,0.0,0.0,0.0,203
2023-05-09 21:06:14,bu2401,bu2401,3462.0,0.0,0.0,0.0,1,3438.0,3450.0,2,3462.0,3433.0,0.0,0.0,0.0,0.0,203
2023-05-09 21:06:15,bu2401,bu2401,3462.0,0.0,0.0,0.0,2,3438.0,3450.0,2,3462.0,3433.0,0.0,0.0,0.0,0.0,203
2023-05-09 21:06:16,bu2401,bu2401,3462.0,0.0,0.0,0.0,2,3438.0,3450.0,2,3462.0,3433.0,0.0,0.0,0.0,0.0,203
2023-05-09 21:06:17,bu2401,bu2401,3462.0,0.0,0.0,0.0,2,3438.0,3450.0,2,3462.0,3433.0,0.0,0.0,0.0,0.0,203
2023-05-09 21:06:20,bu2401,bu2401,3462.0,0.0,0.0,0.0,1,3439.0,3450.0,2,3462.0,3433.0,0.0,0.0,0.0,0.0,203
2023-05-09 21:06:21,bu2401,bu2401,3462.0,0.0,0.0,0.0,1,3439.0,3450.0,2,3462.0,3433.0,0.0,0.0,0.0,0.0,203
2023-05-09 21:06:21,bu2401,bu2401,3462.0,0.0,0.0,0.0,2,3439.0,3450.0,2,3462.0,3433.0,0.0,0.0,0.0,0.0,203
2023-05-09 21:06:22,bu2401,bu2401,3462.0,0.0,0.0,0.0,2,3439.0,3450.0,2,3462.0,3433.0,0.0,0.0,0.0,0.0,203
2023-05-09 21:06:23,bu2401,bu2401,3462.0,0.0,0.0,0.0,2,3439.0,3450.0,2,3462.0,3433.0,0.0,0.0,0.0,0.0,203
2023-05-09 21:06:23,bu2401,bu2401,3462.0,0.0,0.0,0.0,1,3439.0,3450.0,2,3462.0,3433.0,0.0,0.0,0.0,0.0,203
2023-05-09 21:06:24,bu2401,bu2401,3462.0,0.0,0.0,0.0,2,3439.0,3450.0,2,3462.0,3433.0,0.0,0.0,0.0,0.0,203
2023-05-09 21:06:25,bu2401,bu2401,3462.0,0.0,0.0,0.0,1,3439.0,3450.0,2,3462.0,3433.0,0.0,0.0,0.0,0.0,203
2023-05-09 21:06:28,bu2401,bu2401,3462.0,0.0,0.0,0.0,1,3439.0,3450.0,4,3462.0,3433.0,0.0,0.0,0.0,0.0,203
2023-05-09 21:06:29,bu2401,bu2401,3462.0,0.0,0.0,0.0,1,3439.0,3450.0,4,3462.0,3433.0,0.0,0.0,0.0,0.0,203
2023-05-09 21:06:31,bu2401,bu2401,3462.0,0.0,0.0,0.0,1,3439.0,3450.0,2,3462.0,3433.0,0.0,0.0,0.0,0.0,203
2023-05-09 21:06:32,bu2401,bu2401,3462.0,0.0,0.0,0.0,1,3439.0,3450.0,2,3462.0,3433.0,0.0,0.0,0.0,0.0,203
2023-05-09 21:06:32,bu2401,bu2401,3462.0,0.0,0.0,0.0,1,3439.0,3450.0,4,3462.0,3433.0,0.0,0.0,0.0,0.0,203
2023-05-09 21:06:33,bu2401,bu2401,3462.0,0.0,0.0,0.0,1,3431.0,3450.0,4,3462.0,3433.0,0.0,0.0,0.0,0.0,203
2023-05-09 21:06:33,bu2401,bu2401,3462.0,0.0,0.0,0.0,1,3436.0,3450.0,4,3462.0,3433.0,0.0,0.0,0.0,0.0,203
2023-05-09 21:06:34,bu2401,bu2401,3462.0,0.0,0.0,0.0,1,3436.0,3450.0,4,3462.0,3433.0,0.0,0.0,0.0,0.0,203
2023-05-09 21:06:35,bu2401,bu2401,3462.0,0.0,0.0,0.0,1,3436.0,3450.0,2,3462.0,3433.0,0.0,0.0,0.0,0.0,203
2023-05-09 21:06:35,bu2401,bu2401,3462.0,0.0,0.0,0.0,1,3436.0,3449.0,2,3462.0,3433.0,0.0,0.0,0.0,0.0,203
2023-05-09 21:06:36,bu2401,bu2401,3462.0,0.0,0.0,0.0,1,3436.0,3449.0,2,3462.0,3433.0,0.0,0.0,0.0,0.0,203
2023-05-09 21:06:36,bu2401,bu2401,3462.0,0.0,0.0,0.0,1,3436.0,3449.0,2,3462.0,3433.0,0.0,0.0,0.0,0.0,203
2023-05-09 21:06:38,bu2401,bu2401,3462.0,0.0,0.0,0.0,1,3436.0,3449.0,2,3462.0,3433.0,0.0,0.0,0.0,0.0,203
2023-05-09 21:06:38,bu2401,bu2401,3462.0,0.0,0.0,0.0,1,3436.0,3450.0,2,3462.0,3433.0,0.0,0.0,0.0,0.0,203
2023-05-09 21:06:39,bu2401,bu2401,3462.0,0.0,0.0,0.0,1,3436.0,3449.0,2,3462.0,3433.0,0.0,0.0,0.0,0.0,203
2023-05-09 21:06:40,bu2401,bu2401,3462.0,0.0,0.0,0.0,1,3436.0,3449.0,2,3462.0,3433.0,0.0,0.0,0.0,0.0,203
2023-05-09 21:06:41,bu2401,bu2401,3462.0,0.0,0.0,0.0,1,3436.0,3449.0,2,3462.0,3433.0,0.0,0.0,0.0,0.0,203
2023-05-09 21:06:46,bu2401,bu2401,3462.0,0.0,0.0,0.0,1,3436.0,3449.0,2,3462.0,3433.0,0.0,0.0,0.0,0.0,203
2023-05-09 21:06:46,bu2401,bu2401,3462.0,0.0,0.0,0.0,2,3436.0,3450.0,2,3462.0,3433.0,0.0,0.0,0.0,0.0,203
2023-05-09 21:06:47,bu2401,bu2401,3462.0,0.0,0.0,0.0,1,3436.0,3450.0,4,3462.0,3433.0,0.0,0.0,0.0,0.0,203
2023-05-09 21:06:49,bu2401,bu2401,3462.0,0.0,0.0,0.0,1,3436.0,3450.0,2,3462.0,3433.0,0.0,0.0,0.0,0.0,203
2023-05-09 21:06:50,bu2401,bu2401,3462.0,0.0,0.0,0.0,1,3436.0,3449.0,2,3462.0,3433.0,0.0,0.0,0.0,0.0,203
2023-05-09 21:06:55,bu2401,bu2401,3462.0,0.0,0.0,0.0,1,3436.0,3449.0,2,3462.0,3433.0,0.0,0.0,0.0,0.0,203
2023-05-09 21:06:55,bu2401,bu2401,3462.0,0.0,0.0,0.0,1,3436.0,3449.0,2,3462.0,3433.0,0.0,0.0,0.0,0.0,203
2023-05-09 21:06:56,bu2401,bu2401,3462.0,0.0,0.0,0.0,1,3436.0,3449.0,2,3462.0,3433.0,0.0,0.0,0.0,0.0,203
2023-05-09 21:06:57,bu2401,bu2401,3462.0,0.0,0.0,0.0,1,3436.0,3449.0,2,3462.0,3433.0,0.0,0.0,0.0,0.0,203
2023-05-09 21:06:57,bu2401,bu2401,3462.0,0.0,0.0,0.0,2,3436.0,3449.0,2,3462.0,3433.0,0.0,0.0,0.0,0.0,203
2023-05-09 21:06:58,bu2401,bu2401,3462.0,0.0,0.0,0.0,1,3436.0,3449.0,2,3462.0,3433.0,0.0,0.0,0.0,0.0,203
2023-05-09 21:06:59,bu2401,bu2401,3462.0,0.0,0.0,0.0,2,3436.0,3449.0,2,3462.0,3433.0,0.0,0.0,0.0,0.0,203
2023-05-09 21:07:00,bu2401,bu2401,3462.0,0.0,0.0,0.0,2,3436.0,3449.0,2,3462.0,3433.0,0.0,0.0,0.0,0.0,203
2023-05-09 21:07:01,bu2401,bu2401,3462.0,0.0,0.0,0.0,2,3436.0,3449.0,2,3462.0,3433.0,0.0,0.0,0.0,0.0,203
2023-05-09 21:07:03,bu2401,bu2401,3462.0,0.0,0.0,0.0,1,3436.0,3449.0,2,3462.0,3433.0,0.0,0.0,0.0,0.0,203
2023-05-09 21:07:05,bu2401,bu2401,3462.0,0.0,0.0,0.0,1,3436.0,3449.0,2,3462.0,3433.0,0.0,0.0,0.0,0.0,203
2023-05-09 21:07:06,bu2401,bu2401,3462.0,0.0,0.0,0.0,1,3436.0,3449.0,2,3462.0,3433.0,0.0,0.0,0.0,0.0,203
2023-05-09 21:07:06,bu2401,bu2401,3462.0,0.0,0.0,0.0,2,3436.0,3449.0,2,3462.0,3433.0,0.0,0.0,0.0,0.0,203
2023-05-09 21:07:07,bu2401,bu2401,3462.0,0.0,0.0,0.0,1,3437.0,3449.0,2,3462.0,3433.0,0.0,0.0,0.0,0.0,203
2023-05-09 21:07:11,bu2401,bu2401,3462.0,0.0,0.0,0.0,1,3436.0,3449.0,2,3462.0,3433.0,0.0,0.0,0.0,0.0,203
2023-05-09 21:07:11,bu2401,bu2401,3462.0,0.0,0.0,0.0,2,3436.0,3449.0,2,3462.0,3433.0,0.0,0.0,0.0,0.0,203
2023-05-09 21:07:12,bu2401,bu2401,3462.0,0.0,0.0,0.0,1,3436.0,3449.0,2,3462.0,3433.0,0.0,0.0,0.0,0.0,203
2023-05-09 21:07:12,bu2401,bu2401,3462.0,0.0,0.0,0.0,1,3436.0,3449.0,6,3462.0,3433.0,0.0,0.0,0.0,0.0,203
2023-05-09 21:07:13,bu2401,bu2401,3462.0,0.0,0.0,0.0,1,3436.0,3449.0,6,3462.0,3433.0,0.0,0.0,0.0,0.0,203
2023-05-09 21:07:13,bu2401,bu2401,3462.0,0.0,0.0,0.0,1,3436.0,3449.0,6,3462.0,3433.0,0.0,0.0,0.0,0.0,203
2023-05-09 21:07:17,bu2401,bu2401,3462.0,0.0,0.0,0.0,1,3436.0,3449.0,2,3462.0,3433.0,0.0,0.0,0.0,0.0,203
2023-05-09 21:07:17,bu2401,bu2401,3462.0,0.0,0.0,0.0,1,3436.0,3449.0,2,3462.0,3433.0,0.0,0.0,0.0,0.0,203
2023-05-09 21:07:18,bu2401,bu2401,3462.0,0.0,0.0,0.0,1,3436.0,3449.0,2,3462.0,3433.0,0.0,0.0,0.0,0.0,203
2023-05-09 21:07:23,bu2401,bu2401,3462.0,0.0,0.0,0.0,1,3436.0,3449.0,2,3462.0,3433.0,0.0,0.0,0.0,0.0,203
2023-05-09 21:07:24,bu2401,bu2401,3462.0,0.0,0.0,0.0,1,3427.0,3449.0,6,3462.0,3433.0,0.0,0.0,0.0,0.0,203
2023-05-09 21:07:24,bu2401,bu2401,3462.0,0.0,0.0,0.0,1,3428.0,3449.0,6,3462.0,3433.0,0.0,0.0,0.0,0.0,203
2023-05-09 21:07:25,bu2401,bu2401,3462.0,0.0,0.0,0.0,1,3428.0,3449.0,6,3462.0,3433.0,0.0,0.0,0.0,0.0,203
2023-05-09 21:07:26,bu2401,bu2401,3462.0,0.0,0.0,0.0,1,3434.0,3449.0,2,3462.0,3433.0,0.0,0.0,0.0,0.0,203
2023-05-09 21:07:27,bu2401,bu2401,3462.0,0.0,0.0,0.0,2,3434.0,3449.0,2,3462.0,3433.0,0.0,0.0,0.0,0.0,203
2023-05-09 21:07:29,bu2401,bu2401,3462.0,0.0,0.0,0.0,2,3434.0,3449.0,2,3462.0,3433.0,0.0,0.0,0.0,0.0,203
2023-05-09 21:07:31,bu2401,bu2401,3462.0,0.0,0.0,0.0,1,3434.0,3449.0,2,3462.0,3433.0,0.0,0.0,0.0,0.0,203
2023-05-09 21:07:32,bu2401,bu2401,3462.0,0.0,0.0,0.0,1,3434.0,3449.0,2,3462.0,3433.0,0.0,0.0,0.0,0.0,203
2023-05-09 21:07:32,bu2401,bu2401,3462.0,0.0,0.0,0.0,1,3434.0,3448.0,2,3462.0,3433.0,0.0,0.0,0.0,0.0,203
2023-05-09 21:07:33,bu2401,bu2401,3462.0,0.0,0.0,0.0,1,3434.0,3448.0,2,3462.0,3433.0,0.0,0.0,0.0,0.0,203
2023-05-09 21:07:33,bu2401,bu2401,3462.0,0.0,0.0,0.0,1,3434.0,3447.0,2,3462.0,3433.0,0.0,0.0,0.0,0.0,203
2023-05-09 21:07:34,bu2401,bu2401,3462.0,0.0,0.0,0.0,2,3434.0,3447.0,2,3462.0,3433.0,0.0,0.0,0.0,0.0,203
2023-05-09 21:07:35,bu2401,bu2401,3462.0,0.0,0.0,0.0,2,3434.0,3447.0,2,3462.0,3433.0,0.0,0.0,0.0,0.0,203
2023-05-09 21:07:35,bu2401,bu2401,3462.0,0.0,0.0,0.0,2,3434.0,3447.0,2,3462.0,3433.0,0.0,0.0,0.0,0.0,203
2023-05-09 21:07:37,bu2401,bu2401,3462.0,0.0,0.0,0.0,1,3435.0,3447.0,2,3462.0,3433.0,0.0,0.0,0.0,0.0,203
2023-05-09 21:07:37,bu2401,bu2401,3462.0,0.0,0.0,0.0,1,3435.0,3448.0,2,3462.0,3433.0,0.0,0.0,0.0,0.0,203
2023-05-09 21:07:38,bu2401,bu2401,3462.0,0.0,0.0,0.0,1,3435.0,3448.0,4,3462.0,3433.0,0.0,0.0,0.0,0.0,203
2023-05-09 21:07:38,bu2401,bu2401,3462.0,0.0,0.0,0.0,2,3435.0,3448.0,4,3462.0,3433.0,0.0,0.0,0.0,0.0,203
2023-05-09 21:07:39,bu2401,bu2401,3462.0,0.0,0.0,0.0,2,3435.0,3448.0,4,3462.0,3433.0,0.0,0.0,0.0,0.0,203
2023-05-09 21:07:39,bu2401,bu2401,3462.0,0.0,0.0,0.0,2,3435.0,3448.0,4,3462.0,3433.0,0.0,0.0,0.0,0.0,203
2023-05-09 21:07:40,bu2401,bu2401,3462.0,0.0,0.0,0.0,1,3435.0,3448.0,4,3462.0,3433.0,0.0,0.0,0.0,0.0,203
2023-05-09 21:07:40,bu2401,bu2401,3462.0,0.0,0.0,0.0,1,3435.0,3448.0,2,3462.0,3433.0,0.0,0.0,0.0,0.0,203
2023-05-09 21:07:41,bu2401,bu2401,3462.0,0.0,0.0,0.0,1,3435.0,3447.0,2,3462.0,3433.0,0.0,0.0,0.0,0.0,203
2023-05-09 21:07:42,bu2401,bu2401,3462.0,0.0,0.0,0.0,2,3435.0,3447.0,2,3462.0,3433.0,0.0,0.0,0.0,0.0,203
2023-05-09 21:07:43,bu2401,bu2401,3462.0,0.0,0.0,0.0,2,3435.0,3447.0,2,3462.0,3433.0,0.0,0.0,0.0,0.0,203
2023-05-09 21:07:43,bu2401,bu2401,3462.0,0.0,0.0,0.0,2,3435.0,3448.0,2,3462.0,3433.0,0.0,0.0,0.0,0.0,203
2023-05-09 21:07:44,bu2401,bu2401,3462.0,0.0,0.0,0.0,2,3435.0,3448.0,4,3462.0,3433.0,0.0,0.0,0.0,0.0,203
2023-05-09 21:07:45,bu2401,bu2401,3462.0,0.0,0.0,0.0,2,3435.0,3448.0,4,3462.0,3433.0,0.0,0.0,0.0,0.0,203
2023-05-09 21:07:46,bu2401,bu2401,3462.0,0.0,0.0,0.0,2,3435.0,3448.0,4,3462.0,3433.0,0.0,0.0,0.0,0.0,203
2023-05-09 21:07:46,bu2401,bu2401,3462.0,0.0,0.0,0.0,2,3435.0,3448.0,4,3462.0,3433.0,0.0,0.0,0.0,0.0,203
2023-05-09 21:07:47,bu2401,bu2401,3462.0,0.0,0.0,0.0,2,3435.0,3448.0,4,3462.0,3433.0,0.0,0.0,0.0,0.0,203
2023-05-09 21:07:53,bu2401,bu2401,3462.0,0.0,0.0,0.0,1,3436.0,3448.0,4,3462.0,3433.0,0.0,0.0,0.0,0.0,203
2023-05-09 21:07:59,bu2401,bu2401,3462.0,0.0,0.0,0.0,1,3436.0,3448.0,2,3462.0,3433.0,0.0,0.0,0.0,0.0,203
2023-05-09 21:07:59,bu2401,bu2401,3462.0,0.0,0.0,0.0,1,3438.0,3448.0,2,3462.0,3433.0,0.0,0.0,0.0,0.0,203
2023-05-09 21:08:00,bu2401,bu2401,3462.0,0.0,0.0,0.0,1,3439.0,3448.0,2,3462.0,3433.0,0.0,0.0,0.0,0.0,203
2023-05-09 21:08:00,bu2401,bu2401,3462.0,0.0,0.0,0.0,1,3438.0,3448.0,2,3462.0,3433.0,0.0,0.0,0.0,0.0,203
2023-05-09 21:08:01,bu2401,bu2401,3462.0,0.0,0.0,0.0,2,3438.0,3448.0,2,3462.0,3433.0,0.0,0.0,0.0,0.0,203
2023-05-09 21:08:01,bu2401,bu2401,3462.0,0.0,0.0,0.0,1,3439.0,3448.0,2,3462.0,3433.0,0.0,0.0,0.0,0.0,203
2023-05-09 21:08:02,bu2401,bu2401,3462.0,0.0,0.0,0.0,1,3439.0,3448.0,2,3462.0,3433.0,0.0,0.0,0.0,0.0,203
2023-05-09 21:08:02,bu2401,bu2401,3462.0,0.0,0.0,0.0,1,3439.0,3448.0,2,3462.0,3433.0,0.0,0.0,0.0,0.0,203
2023-05-09 21:08:03,bu2401,bu2401,3462.0,0.0,0.0,0.0,1,3439.0,3448.0,2,3462.0,3433.0,0.0,0.0,0.0,0.0,203
2023-05-09 21:08:04,bu2401,bu2401,3462.0,0.0,0.0,0.0,1,3438.0,3448.0,2,3462.0,3433.0,0.0,0.0,0.0,0.0,203
2023-05-09 21:08:04,bu2401,bu2401,3462.0,0.0,0.0,0.0,2,3438.0,3448.0,2,3462.0,3433.0,0.0,0.0,0.0,0.0,203
2023-05-09 21:08:06,bu2401,bu2401,3462.0,0.0,0.0,0.0,1,3439.0,3448.0,2,3462.0,3433.0,0.0,0.0,0.0,0.0,203
2023-05-09 21:08:07,bu2401,bu2401,3462.0,0.0,0.0,0.0,1,3439.0,3448.0,2,3462.0,3433.0,0.0,0.0,0.0,0.0,203
2023-05-09 21:08:07,bu2401,bu2401,3462.0,0.0,0.0,0.0,1,3439.0,3448.0,2,3462.0,3433.0,0.0,0.0,0.0,0.0,203
2023-05-09 21:08:11,bu2401,bu2401,3462.0,0.0,0.0,0.0,1,3438.0,3448.0,2,3462.0,3433.0,0.0,0.0,0.0,0.0,203
2023-05-09 21:08:12,bu2401,bu2401,3462.0,0.0,0.0,0.0,2,3438.0,3448.0,2,3462.0,3433.0,0.0,0.0,0.0,0.0,203
2023-05-09 21:08:14,bu2401,bu2401,3462.0,0.0,0.0,0.0,2,3438.0,3448.0,2,3462.0,3433.0,0.0,0.0,0.0,0.0,203
2023-05-09 21:08:14,bu2401,bu2401,3462.0,0.0,0.0,0.0,2,3438.0,3448.0,2,3462.0,3433.0,0.0,0.0,0.0,0.0,203
2023-05-09 21:08:15,bu2401,bu2401,3462.0,0.0,0.0,0.0,1,3438.0,3448.0,2,3462.0,3433.0,0.0,0.0,0.0,0.0,203
2023-05-09 21:08:16,bu2401,bu2401,3462.0,0.0,0.0,0.0,2,3438.0,3448.0,2,3462.0,3433.0,0.0,0.0,0.0,0.0,203
2023-05-09 21:08:19,bu2401,bu2401,3462.0,0.0,0.0,0.0,1,3438.0,3448.0,2,3462.0,3433.0,0.0,0.0,0.0,0.0,203
2023-05-09 21:08:19,bu2401,bu2401,3462.0,0.0,0.0,0.0,1,3438.0,3448.0,2,3462.0,3433.0,0.0,0.0,0.0,0.0,203
2023-05-09 21:08:20,bu2401,bu2401,3462.0,0.0,0.0,0.0,2,3438.0,3448.0,2,3462.0,3433.0,0.0,0.0,0.0,0.0,203
2023-05-09 21:08:23,bu2401,bu2401,3462.0,0.0,0.0,0.0,2,3438.0,3448.0,2,3462.0,3433.0,0.0,0.0,0.0,0.0,203
2023-05-09 21:08:24,bu2401,bu2401,3462.0,0.0,0.0,0.0,2,3438.0,3448.0,2,3462.0,3433.0,0.0,0.0,0.0,0.0,203
2023-05-09 21:08:25,bu2401,bu2401,3462.0,0.0,0.0,0.0,2,3438.0,3448.0,2,3462.0,3433.0,0.0,0.0,0.0,0.0,203
2023-05-09 21:08:25,bu2401,bu2401,3462.0,0.0,0.0,0.0,2,3438.0,3448.0,2,3462.0,3433.0,0.0,0.0,0.0,0.0,203
2023-05-09 21:08:27,bu2401,bu2401,3462.0,0.0,0.0,0.0,1,3439.0,3448.0,2,3462.0,3433.0,0.0,0.0,0.0,0.0,203
2023-05-09 21:08:30,bu2401,bu2401,3462.0,0.0,0.0,0.0,1,3439.0,3448.0,2,3462.0,3433.0,0.0,0.0,0.0,0.0,203
2023-05-09 21:08:31,bu2401,bu2401,3462.0,0.0,0.0,0.0,1,3438.0,3448.0,2,3462.0,3433.0,0.0,0.0,0.0,0.0,203
2023-05-09 21:08:31,bu2401,bu2401,3462.0,0.0,0.0,0.0,2,3438.0,3448.0,2,3462.0,3433.0,0.0,0.0,0.0,0.0,203
2023-05-09 21:08:35,bu2401,bu2401,3462.0,0.0,0.0,0.0,2,3438.0,3448.0,2,3462.0,3433.0,0.0,0.0,0.0,0.0,203
2023-05-09 21:08:35,bu2401,bu2401,3462.0,0.0,0.0,0.0,2,3438.0,3448.0,2,3462.0,3433.0,0.0,0.0,0.0,0.0,203
2023-05-09 21:08:36,bu2401,bu2401,3462.0,0.0,0.0,0.0,1,3439.0,3448.0,2,3462.0,3433.0,0.0,0.0,0.0,0.0,203
2023-05-09 21:08:38,bu2401,bu2401,3462.0,0.0,0.0,0.0,1,3439.0,3448.0,2,3462.0,3433.0,0.0,0.0,0.0,0.0,203
2023-05-09 21:08:39,bu2401,bu2401,3462.0,0.0,0.0,0.0,1,3439.0,3448.0,2,3462.0,3433.0,0.0,0.0,0.0,0.0,203
2023-05-09 21:08:42,bu2401,bu2401,3462.0,0.0,0.0,0.0,1,3439.0,3448.0,2,3462.0,3433.0,0.0,0.0,0.0,0.0,203
2023-05-09 21:08:43,bu2401,bu2401,3462.0,0.0,0.0,0.0,1,3439.0,3448.0,2,3462.0,3433.0,0.0,0.0,0.0,0.0,203
2023-05-09 21:08:43,bu2401,bu2401,3462.0,0.0,0.0,0.0,1,3439.0,3448.0,2,3462.0,3433.0,0.0,0.0,0.0,0.0,203
2023-05-09 21:08:44,bu2401,bu2401,3462.0,0.0,0.0,0.0,2,3439.0,3448.0,2,3462.0,3433.0,0.0,0.0,0.0,0.0,203
2023-05-09 21:08:45,bu2401,bu2401,3462.0,0.0,0.0,0.0,2,3439.0,3448.0,2,3462.0,3433.0,0.0,0.0,0.0,0.0,203
2023-05-09 21:08:45,bu2401,bu2401,3462.0,0.0,0.0,0.0,2,3439.0,3448.0,2,3462.0,3433.0,0.0,0.0,0.0,0.0,203
2023-05-09 21:08:46,bu2401,bu2401,3462.0,0.0,0.0,0.0,2,3439.0,3448.0,2,3462.0,3433.0,0.0,0.0,0.0,0.0,203
2023-05-09 21:08:46,bu2401,bu2401,3462.0,0.0,0.0,0.0,2,3439.0,3448.0,2,3462.0,3433.0,0.0,0.0,0.0,0.0,203
2023-05-09 21:08:47,bu2401,bu2401,3462.0,0.0,0.0,0.0,1,3439.0,3448.0,2,3462.0,3433.0,0.0,0.0,0.0,0.0,203
2023-05-09 21:08:48,bu2401,bu2401,3462.0,0.0,0.0,0.0,1,3439.0,3448.0,2,3462.0,3433.0,0.0,0.0,0.0,0.0,203
2023-05-09 21:08:49,bu2401,bu2401,3462.0,0.0,0.0,0.0,1,3439.0,3448.0,2,3462.0,3433.0,0.0,0.0,0.0,0.0,203
2023-05-09 21:08:51,bu2401,bu2401,3462.0,0.0,0.0,0.0,1,3439.0,3448.0,2,3462.0,3433.0,0.0,0.0,0.0,0.0,203
2023-05-09 21:08:51,bu2401,bu2401,3462.0,0.0,0.0,0.0,1,3439.0,3448.0,2,3462.0,3433.0,0.0,0.0,0.0,0.0,203
2023-05-09 21:08:54,bu2401,bu2401,3462.0,0.0,0.0,0.0,1,3439.0,3448.0,2,3462.0,3433.0,0.0,0.0,0.0,0.0,203
2023-05-09 21:08:55,bu2401,bu2401,3462.0,0.0,0.0,0.0,1,3439.0,3448.0,2,3462.0,3433.0,0.0,0.0,0.0,0.0,203
2023-05-09 21:09:02,bu2401,bu2401,3462.0,0.0,0.0,0.0,1,3439.0,3448.0,2,3462.0,3433.0,0.0,0.0,0.0,0.0,203
2023-05-09 21:09:02,bu2401,bu2401,3462.0,0.0,0.0,0.0,1,3439.0,3448.0,2,3462.0,3433.0,0.0,0.0,0.0,0.0,203
2023-05-09 21:09:03,bu2401,bu2401,3462.0,0.0,0.0,0.0,1,3439.0,3448.0,2,3462.0,3433.0,0.0,0.0,0.0,0.0,203
2023-05-09 21:09:03,bu2401,bu2401,3462.0,0.0,0.0,0.0,1,3439.0,3448.0,2,3462.0,3433.0,0.0,0.0,0.0,0.0,203
2023-05-09 21:09:05,bu2401,bu2401,3462.0,0.0,0.0,0.0,1,3439.0,3448.0,2,3462.0,3433.0,0.0,0.0,0.0,0.0,203
2023-05-09 21:09:05,bu2401,bu2401,3462.0,0.0,0.0,0.0,1,3439.0,3448.0,2,3462.0,3433.0,0.0,0.0,0.0,0.0,203
2023-05-09 21:09:06,bu2401,bu2401,3462.0,0.0,0.0,0.0,1,3439.0,3448.0,2,3462.0,3433.0,0.0,0.0,0.0,0.0,203
2023-05-09 21:09:07,bu2401,bu2401,3462.0,0.0,0.0,0.0,1,3439.0,3448.0,2,3462.0,3433.0,0.0,0.0,0.0,0.0,203
2023-05-09 21:09:09,bu2401,bu2401,3462.0,0.0,0.0,0.0,1,3439.0,3448.0,2,3462.0,3433.0,0.0,0.0,0.0,0.0,203
2023-05-09 21:09:09,bu2401,bu2401,3462.0,0.0,0.0,0.0,1,3439.0,3448.0,2,3462.0,3433.0,0.0,0.0,0.0,0.0,203
2023-05-09 21:09:13,bu2401,bu2401,3462.0,0.0,0.0,0.0,1,3439.0,3448.0,2,3462.0,3433.0,0.0,0.0,0.0,0.0,203
2023-05-09 21:09:14,bu2401,bu2401,3462.0,0.0,0.0,0.0,1,3439.0,3448.0,2,3462.0,3433.0,0.0,0.0,0.0,0.0,203
2023-05-09 21:09:16,bu2401,bu2401,3462.0,0.0,0.0,0.0,1,3439.0,3448.0,2,3462.0,3433.0,0.0,0.0,0.0,0.0,203
2023-05-09 21:09:16,bu2401,bu2401,3462.0,0.0,0.0,0.0,1,3439.0,3448.0,2,3462.0,3433.0,0.0,0.0,0.0,0.0,203
2023-05-09 21:09:17,bu2401,bu2401,3462.0,0.0,0.0,0.0,1,3439.0,3448.0,2,3462.0,3433.0,0.0,0.0,0.0,0.0,203
2023-05-09 21:09:17,bu2401,bu2401,3462.0,0.0,0.0,0.0,1,3439.0,3448.0,2,3462.0,3433.0,0.0,0.0,0.0,0.0,203
2023-05-09 21:09:20,bu2401,bu2401,3462.0,0.0,0.0,0.0,1,3439.0,3448.0,2,3462.0,3433.0,0.0,0.0,0.0,0.0,203
2023-05-09 21:09:20,bu2401,bu2401,3462.0,0.0,0.0,0.0,1,3439.0,3448.0,2,3462.0,3433.0,0.0,0.0,0.0,0.0,203
2023-05-09 21:09:22,bu2401,bu2401,3462.0,0.0,0.0,0.0,1,3439.0,3448.0,2,3462.0,3433.0,0.0,0.0,0.0,0.0,203
2023-05-09 21:09:22,bu2401,bu2401,3462.0,0.0,0.0,0.0,1,3439.0,3448.0,2,3462.0,3433.0,0.0,0.0,0.0,0.0,203
2023-05-09 21:09:25,bu2401,bu2401,3462.0,0.0,0.0,0.0,1,3427.0,3447.0,2,3462.0,3433.0,0.0,0.0,0.0,0.0,203
2023-05-09 21:09:25,bu2401,bu2401,3462.0,0.0,0.0,0.0,1,3435.0,3447.0,2,3462.0,3433.0,0.0,0.0,0.0,0.0,203
2023-05-09 21:09:26,bu2401,bu2401,3462.0,0.0,0.0,0.0,1,3436.0,3447.0,2,3462.0,3433.0,0.0,0.0,0.0,0.0,203
2023-05-09 21:09:26,bu2401,bu2401,3462.0,0.0,0.0,0.0,1,3436.0,3447.0,2,3462.0,3433.0,0.0,0.0,0.0,0.0,203
2023-05-09 21:09:28,bu2401,bu2401,3462.0,0.0,0.0,0.0,1,3436.0,3447.0,2,3462.0,3433.0,0.0,0.0,0.0,0.0,203
2023-05-09 21:09:28,bu2401,bu2401,3462.0,0.0,0.0,0.0,1,3436.0,3447.0,2,3462.0,3433.0,0.0,0.0,0.0,0.0,203
2023-05-09 21:09:30,bu2401,bu2401,3462.0,0.0,0.0,0.0,1,3436.0,3448.0,2,3462.0,3433.0,0.0,0.0,0.0,0.0,203
2023-05-09 21:09:31,bu2401,bu2401,3462.0,0.0,0.0,0.0,1,3436.0,3447.0,2,3462.0,3433.0,0.0,0.0,0.0,0.0,203
2023-05-09 21:09:32,bu2401,bu2401,3462.0,0.0,0.0,0.0,1,3438.0,3447.0,2,3462.0,3433.0,0.0,0.0,0.0,0.0,203
2023-05-09 21:09:32,bu2401,bu2401,3462.0,0.0,0.0,0.0,1,3438.0,3447.0,2,3462.0,3433.0,0.0,0.0,0.0,0.0,203
2023-05-09 21:09:33,bu2401,bu2401,3462.0,0.0,0.0,0.0,1,3427.0,3447.0,2,3462.0,3433.0,0.0,0.0,0.0,0.0,203
2023-05-09 21:09:34,bu2401,bu2401,3462.0,0.0,0.0,0.0,2,3428.0,3447.0,2,3462.0,3433.0,0.0,0.0,0.0,0.0,203
2023-05-09 21:09:34,bu2401,bu2401,3462.0,0.0,0.0,0.0,2,3428.0,3447.0,2,3462.0,3433.0,0.0,0.0,0.0,0.0,203
2023-05-09 21:09:35,bu2401,bu2401,3462.0,0.0,0.0,0.0,1,3435.0,3448.0,2,3462.0,3433.0,0.0,0.0,0.0,0.0,203
2023-05-09 21:09:35,bu2401,bu2401,3462.0,0.0,0.0,0.0,1,3436.0,3448.0,2,3462.0,3433.0,0.0,0.0,0.0,0.0,203
2023-05-09 21:09:36,bu2401,bu2401,3462.0,0.0,0.0,0.0,1,3436.0,3448.0,2,3462.0,3433.0,0.0,0.0,0.0,0.0,203
2023-05-09 21:09:37,bu2401,bu2401,3462.0,0.0,0.0,0.0,1,3437.0,3448.0,2,3462.0,3433.0,0.0,0.0,0.0,0.0,203
2023-05-09 21:09:37,bu2401,bu2401,3462.0,0.0,0.0,0.0,1,3438.0,3448.0,2,3462.0,3433.0,0.0,0.0,0.0,0.0,203
2023-05-09 21:09:38,bu2401,bu2401,3462.0,0.0,0.0,0.0,1,3438.0,3448.0,2,3462.0,3433.0,0.0,0.0,0.0,0.0,203
2023-05-09 21:09:46,bu2401,bu2401,3462.0,0.0,0.0,0.0,1,3427.0,3448.0,2,3462.0,3433.0,0.0,0.0,0.0,0.0,203
2023-05-09 21:09:47,bu2401,bu2401,3462.0,0.0,0.0,0.0,1,3436.0,3448.0,2,3462.0,3433.0,0.0,0.0,0.0,0.0,203
2023-05-09 21:09:47,bu2401,bu2401,3462.0,0.0,0.0,0.0,1,3437.0,3448.0,2,3462.0,3433.0,0.0,0.0,0.0,0.0,203
2023-05-09 21:09:49,bu2401,bu2401,3462.0,0.0,0.0,0.0,1,3437.0,3448.0,2,3462.0,3433.0,0.0,0.0,0.0,0.0,203
2023-05-09 21:09:50,bu2401,bu2401,3462.0,0.0,0.0,0.0,1,3427.0,3448.0,2,3462.0,3433.0,0.0,0.0,0.0,0.0,203
2023-05-09 21:09:50,bu2401,bu2401,3462.0,0.0,0.0,0.0,1,3437.0,3448.0,2,3462.0,3433.0,0.0,0.0,0.0,0.0,203
2023-05-09 21:09:51,bu2401,bu2401,3462.0,0.0,0.0,0.0,1,3437.0,3448.0,2,3462.0,3433.0,0.0,0.0,0.0,0.0,203
2023-05-09 21:09:53,bu2401,bu2401,3462.0,0.0,0.0,0.0,1,3437.0,3448.0,2,3462.0,3433.0,0.0,0.0,0.0,0.0,203
2023-05-09 21:09:53,bu2401,bu2401,3462.0,0.0,0.0,0.0,1,3437.0,3448.0,2,3462.0,3433.0,0.0,0.0,0.0,0.0,203
2023-05-09 21:09:55,bu2401,bu2401,3462.0,0.0,0.0,0.0,1,3437.0,3448.0,2,3462.0,3433.0,0.0,0.0,0.0,0.0,203
2023-05-09 21:09:55,bu2401,bu2401,3462.0,0.0,0.0,0.0,1,3437.0,3448.0,2,3462.0,3433.0,0.0,0.0,0.0,0.0,203
2023-05-09 21:09:57,bu2401,bu2401,3462.0,0.0,0.0,0.0,1,3437.0,3448.0,4,3462.0,3433.0,0.0,0.0,0.0,0.0,203
2023-05-09 21:09:57,bu2401,bu2401,3462.0,0.0,0.0,0.0,1,3437.0,3448.0,4,3462.0,3433.0,0.0,0.0,0.0,0.0,203
2023-05-09 21:10:00,bu2401,bu2401,3462.0,0.0,0.0,0.0,1,3437.0,3448.0,2,3462.0,3433.0,0.0,0.0,0.0,0.0,203
2023-05-09 21:10:01,bu2401,bu2401,3462.0,0.0,0.0,0.0,1,3437.0,3448.0,2,3462.0,3433.0,0.0,0.0,0.0,0.0,203
2023-05-09 21:10:02,bu2401,bu2401,3462.0,0.0,0.0,0.0,1,3437.0,3448.0,2,3462.0,3433.0,0.0,0.0,0.0,0.0,203
2023-05-09 21:10:04,bu2401,bu2401,3462.0,0.0,0.0,0.0,2,3437.0,3448.0,2,3462.0,3433.0,0.0,0.0,0.0,0.0,203
2023-05-09 21:10:06,bu2401,bu2401,3462.0,0.0,0.0,0.0,1,3438.0,3448.0,2,3462.0,3433.0,0.0,0.0,0.0,0.0,203
2023-05-09 21:10:08,bu2401,bu2401,3462.0,0.0,0.0,0.0,1,3438.0,3448.0,2,3462.0,3433.0,0.0,0.0,0.0,0.0,203
2023-05-09 21:10:08,bu2401,bu2401,3462.0,0.0,0.0,0.0,2,3438.0,3448.0,2,3462.0,3433.0,0.0,0.0,0.0,0.0,203
2023-05-09 21:10:12,bu2401,bu2401,3462.0,0.0,0.0,0.0,2,3438.0,3448.0,2,3462.0,3433.0,0.0,0.0,0.0,0.0,203
2023-05-09 21:10:13,bu2401,bu2401,3462.0,0.0,0.0,0.0,2,3438.0,3448.0,2,3462.0,3433.0,0.0,0.0,0.0,0.0,203
2023-05-09 21:10:15,bu2401,bu2401,3462.0,0.0,0.0,0.0,2,3438.0,3448.0,2,3462.0,3433.0,0.0,0.0,0.0,0.0,203
2023-05-09 21:10:15,bu2401,bu2401,3462.0,0.0,0.0,0.0,1,3438.0,3448.0,2,3462.0,3433.0,0.0,0.0,0.0,0.0,203
2023-05-09 21:10:21,bu2401,bu2401,3462.0,0.0,0.0,0.0,2,3438.0,3448.0,2,3462.0,3433.0,0.0,0.0,0.0,0.0,203
2023-05-09 21:10:26,bu2401,bu2401,3462.0,0.0,0.0,0.0,2,3438.0,3448.0,4,3462.0,3433.0,0.0,0.0,0.0,0.0,203
2023-05-09 21:10:33,bu2401,bu2401,3462.0,0.0,0.0,0.0,2,3438.0,3448.0,4,3462.0,3433.0,0.0,0.0,0.0,0.0,203
2023-05-09 21:10:34,bu2401,bu2401,3462.0,0.0,0.0,0.0,2,3438.0,3448.0,4,3462.0,3433.0,0.0,0.0,0.0,0.0,203
2023-05-09 21:10:35,bu2401,bu2401,3462.0,0.0,0.0,0.0,2,3438.0,3448.0,2,3462.0,3433.0,0.0,0.0,0.0,0.0,203
2023-05-09 21:10:39,bu2401,bu2401,3462.0,0.0,0.0,0.0,2,3438.0,3448.0,2,3462.0,3433.0,0.0,0.0,0.0,0.0,203
2023-05-09 21:10:40,bu2401,bu2401,3462.0,0.0,0.0,0.0,2,3438.0,3448.0,2,3462.0,3433.0,0.0,0.0,0.0,0.0,203
2023-05-09 21:10:40,bu2401,bu2401,3462.0,0.0,0.0,0.0,1,3439.0,3448.0,2,3462.0,3433.0,0.0,0.0,0.0,0.0,203
2023-05-09 21:10:46,bu2401,bu2401,3462.0,0.0,0.0,0.0,1,3438.0,3448.0,2,3462.0,3433.0,0.0,0.0,0.0,0.0,203
2023-05-09 21:10:47,bu2401,bu2401,3462.0,0.0,0.0,0.0,2,3438.0,3448.0,2,3462.0,3433.0,0.0,0.0,0.0,0.0,203
2023-05-09 21:10:56,bu2401,bu2401,3462.0,0.0,0.0,0.0,2,3438.0,3448.0,2,3462.0,3433.0,0.0,0.0,0.0,0.0,203
2023-05-09 21:10:56,bu2401,bu2401,3462.0,0.0,0.0,0.0,2,3438.0,3448.0,2,3462.0,3433.0,0.0,0.0,0.0,0.0,203
2023-05-09 21:10:57,bu2401,bu2401,3462.0,0.0,0.0,0.0,1,3439.0,3448.0,2,3462.0,3433.0,0.0,0.0,0.0,0.0,203
2023-05-09 21:10:58,bu2401,bu2401,3462.0,0.0,0.0,0.0,1,3439.0,3448.0,2,3462.0,3433.0,0.0,0.0,0.0,0.0,203
2023-05-09 21:10:58,bu2401,bu2401,3462.0,0.0,0.0,0.0,1,3439.0,3448.0,2,3462.0,3433.0,0.0,0.0,0.0,0.0,203
2023-05-09 21:11:01,bu2401,bu2401,3462.0,0.0,0.0,0.0,1,3439.0,3448.0,2,3462.0,3433.0,0.0,0.0,0.0,0.0,203
2023-05-09 21:11:02,bu2401,bu2401,3462.0,0.0,0.0,0.0,1,3439.0,3448.0,2,3462.0,3433.0,0.0,0.0,0.0,0.0,203
2023-05-09 21:11:02,bu2401,bu2401,3462.0,0.0,0.0,0.0,1,3439.0,3448.0,2,3462.0,3433.0,0.0,0.0,0.0,0.0,203
2023-05-09 21:11:03,bu2401,bu2401,3462.0,0.0,0.0,0.0,1,3439.0,3448.0,2,3462.0,3433.0,0.0,0.0,0.0,0.0,203
2023-05-09 21:11:06,bu2401,bu2401,3462.0,0.0,0.0,0.0,1,3439.0,3448.0,2,3462.0,3433.0,0.0,0.0,0.0,0.0,203
2023-05-09 21:11:06,bu2401,bu2401,3462.0,0.0,0.0,0.0,1,3439.0,3448.0,2,3462.0,3433.0,0.0,0.0,0.0,0.0,203
2023-05-09 21:11:10,bu2401,bu2401,3462.0,0.0,0.0,0.0,1,3439.0,3448.0,2,3462.0,3433.0,0.0,0.0,0.0,0.0,203
2023-05-09 21:11:10,bu2401,bu2401,3462.0,0.0,0.0,0.0,1,3439.0,3448.0,2,3462.0,3433.0,0.0,0.0,0.0,0.0,203
2023-05-09 21:11:13,bu2401,bu2401,3462.0,0.0,0.0,0.0,1,3439.0,3448.0,2,3462.0,3433.0,0.0,0.0,0.0,0.0,203
2023-05-09 21:11:14,bu2401,bu2401,3462.0,0.0,0.0,0.0,2,3439.0,3448.0,2,3462.0,3433.0,0.0,0.0,0.0,0.0,203
2023-05-09 21:11:15,bu2401,bu2401,3462.0,0.0,0.0,0.0,2,3439.0,3448.0,2,3462.0,3433.0,0.0,0.0,0.0,0.0,203
2023-05-09 21:11:16,bu2401,bu2401,3462.0,0.0,0.0,0.0,2,3439.0,3448.0,2,3462.0,3433.0,0.0,0.0,0.0,0.0,203
2023-05-09 21:11:21,bu2401,bu2401,3462.0,0.0,0.0,0.0,2,3439.0,3456.0,1,3462.0,3433.0,0.0,0.0,0.0,0.0,203
2023-05-09 21:11:21,bu2401,bu2401,3462.0,0.0,0.0,0.0,2,3439.0,3455.0,6,3462.0,3433.0,0.0,0.0,0.0,0.0,203
2023-05-09 21:11:22,bu2401,bu2401,3462.0,0.0,0.0,0.0,2,3439.0,3455.0,7,3462.0,3433.0,0.0,0.0,0.0,0.0,203
2023-05-09 21:11:23,bu2401,bu2401,3462.0,0.0,0.0,0.0,2,3439.0,3455.0,6,3462.0,3433.0,0.0,0.0,0.0,0.0,203
2023-05-09 21:11:24,bu2401,bu2401,3462.0,0.0,0.0,0.0,2,3439.0,3455.0,2,3462.0,3433.0,0.0,0.0,0.0,0.0,203
2023-05-09 21:11:24,bu2401,bu2401,3462.0,0.0,0.0,0.0,2,3439.0,3455.0,6,3462.0,3433.0,0.0,0.0,0.0,0.0,203
2023-05-09 21:11:26,bu2401,bu2401,3462.0,0.0,0.0,0.0,2,3439.0,3455.0,7,3462.0,3433.0,0.0,0.0,0.0,0.0,203
2023-05-09 21:11:27,bu2401,bu2401,3462.0,0.0,0.0,0.0,2,3439.0,3455.0,7,3462.0,3433.0,0.0,0.0,0.0,0.0,203
2023-05-09 21:11:27,bu2401,bu2401,3462.0,0.0,0.0,0.0,2,3439.0,3455.0,7,3462.0,3433.0,0.0,0.0,0.0,0.0,203
2023-05-09 21:11:28,bu2401,bu2401,3462.0,0.0,0.0,0.0,2,3439.0,3455.0,3,3462.0,3433.0,0.0,0.0,0.0,0.0,203
2023-05-09 21:11:28,bu2401,bu2401,3462.0,0.0,0.0,0.0,2,3439.0,3454.0,4,3462.0,3433.0,0.0,0.0,0.0,0.0,203
2023-05-09 21:11:29,bu2401,bu2401,3462.0,0.0,0.0,0.0,2,3439.0,3454.0,4,3462.0,3433.0,0.0,0.0,0.0,0.0,203
2023-05-09 21:11:34,bu2401,bu2401,3462.0,0.0,0.0,0.0,2,3439.0,3454.0,4,3462.0,3433.0,0.0,0.0,0.0,0.0,203
2023-05-09 21:11:34,bu2401,bu2401,3462.0,0.0,0.0,0.0,2,3439.0,3453.0,2,3462.0,3433.0,0.0,0.0,0.0,0.0,203
2023-05-09 21:11:41,bu2401,bu2401,3462.0,0.0,0.0,0.0,2,3439.0,3453.0,2,3462.0,3433.0,0.0,0.0,0.0,0.0,203
2023-05-09 21:11:41,bu2401,bu2401,3462.0,0.0,0.0,0.0,2,3439.0,3453.0,2,3462.0,3433.0,0.0,0.0,0.0,0.0,203
2023-05-09 21:11:42,bu2401,bu2401,3462.0,0.0,0.0,0.0,2,3439.0,3453.0,6,3462.0,3433.0,0.0,0.0,0.0,0.0,203
2023-05-09 21:11:43,bu2401,bu2401,3462.0,0.0,0.0,0.0,2,3439.0,3453.0,6,3462.0,3433.0,0.0,0.0,0.0,0.0,203
2023-05-09 21:11:43,bu2401,bu2401,3462.0,0.0,0.0,0.0,2,3439.0,3453.0,6,3462.0,3433.0,0.0,0.0,0.0,0.0,203
2023-05-09 21:11:46,bu2401,bu2401,3462.0,0.0,0.0,0.0,2,3439.0,3453.0,2,3462.0,3433.0,0.0,0.0,0.0,0.0,203
2023-05-09 21:11:51,bu2401,bu2401,3462.0,0.0,0.0,0.0,2,3439.0,3452.0,2,3462.0,3433.0,0.0,0.0,0.0,0.0,203
2023-05-09 21:11:52,bu2401,bu2401,3462.0,0.0,0.0,0.0,2,3439.0,3452.0,2,3462.0,3433.0,0.0,0.0,0.0,0.0,203
2023-05-09 21:11:52,bu2401,bu2401,3462.0,0.0,0.0,0.0,2,3439.0,3451.0,2,3462.0,3433.0,0.0,0.0,0.0,0.0,203
2023-05-09 21:11:57,bu2401,bu2401,3462.0,0.0,0.0,0.0,2,3439.0,3452.0,2,3462.0,3433.0,0.0,0.0,0.0,0.0,203
2023-05-09 21:11:58,bu2401,bu2401,3462.0,0.0,0.0,0.0,2,3439.0,3452.0,4,3462.0,3433.0,0.0,0.0,0.0,0.0,203
2023-05-09 21:12:02,bu2401,bu2401,3462.0,0.0,0.0,0.0,2,3439.0,3452.0,2,3462.0,3433.0,0.0,0.0,0.0,0.0,203
2023-05-09 21:12:03,bu2401,bu2401,3462.0,0.0,0.0,0.0,2,3439.0,3451.0,2,3462.0,3433.0,0.0,0.0,0.0,0.0,203
2023-05-09 21:12:05,bu2401,bu2401,3462.0,0.0,0.0,0.0,2,3439.0,3451.0,2,3462.0,3433.0,0.0,0.0,0.0,0.0,203
2023-05-09 21:12:06,bu2401,bu2401,3462.0,0.0,0.0,0.0,2,3439.0,3451.0,2,3462.0,3433.0,0.0,0.0,0.0,0.0,203
2023-05-09 21:12:12,bu2401,bu2401,3462.0,0.0,0.0,0.0,1,3439.0,3451.0,6,3462.0,3433.0,0.0,0.0,0.0,0.0,203
2023-05-09 21:12:12,bu2401,bu2401,3462.0,0.0,0.0,0.0,1,3439.0,3451.0,6,3462.0,3433.0,0.0,0.0,0.0,0.0,203
2023-05-09 21:12:13,bu2401,bu2401,3462.0,0.0,0.0,0.0,1,3439.0,3451.0,6,3462.0,3433.0,0.0,0.0,0.0,0.0,203
2023-05-09 21:12:16,bu2401,bu2401,3462.0,0.0,0.0,0.0,1,3439.0,3451.0,6,3462.0,3433.0,0.0,0.0,0.0,0.0,203
2023-05-09 21:12:17,bu2401,bu2401,3462.0,0.0,0.0,0.0,1,3439.0,3451.0,6,3462.0,3433.0,0.0,0.0,0.0,0.0,203
2023-05-09 21:12:17,bu2401,bu2401,3462.0,0.0,0.0,0.0,1,3439.0,3451.0,6,3462.0,3433.0,0.0,0.0,0.0,0.0,203
2023-05-09 21:12:18,bu2401,bu2401,3462.0,0.0,0.0,0.0,1,3439.0,3451.0,6,3462.0,3433.0,0.0,0.0,0.0,0.0,203
2023-05-09 21:12:19,bu2401,bu2401,3462.0,0.0,0.0,0.0,1,3439.0,3451.0,6,3462.0,3433.0,0.0,0.0,0.0,0.0,203
2023-05-09 21:12:19,bu2401,bu2401,3462.0,0.0,0.0,0.0,1,3439.0,3451.0,2,3462.0,3433.0,0.0,0.0,0.0,0.0,203
2023-05-09 21:12:20,bu2401,bu2401,3462.0,0.0,0.0,0.0,1,3439.0,3451.0,2,3462.0,3433.0,0.0,0.0,0.0,0.0,203
2023-05-09 21:12:22,bu2401,bu2401,3462.0,0.0,0.0,0.0,1,3439.0,3451.0,2,3462.0,3433.0,0.0,0.0,0.0,0.0,203
2023-05-09 21:12:22,bu2401,bu2401,3462.0,0.0,0.0,0.0,1,3439.0,3451.0,2,3462.0,3433.0,0.0,0.0,0.0,0.0,203
2023-05-09 21:12:24,bu2401,bu2401,3462.0,0.0,0.0,0.0,1,3439.0,3451.0,2,3462.0,3433.0,0.0,0.0,0.0,0.0,203
2023-05-09 21:12:24,bu2401,bu2401,3462.0,0.0,0.0,0.0,1,3439.0,3451.0,2,3462.0,3433.0,0.0,0.0,0.0,0.0,203
2023-05-09 21:12:28,bu2401,bu2401,3462.0,0.0,0.0,0.0,1,3439.0,3451.0,2,3462.0,3433.0,0.0,0.0,0.0,0.0,203
2023-05-09 21:12:28,bu2401,bu2401,3462.0,0.0,0.0,0.0,1,3439.0,3451.0,2,3462.0,3433.0,0.0,0.0,0.0,0.0,203
2023-05-09 21:12:32,bu2401,bu2401,3462.0,0.0,0.0,0.0,1,3439.0,3451.0,6,3462.0,3433.0,0.0,0.0,0.0,0.0,203
2023-05-09 21:12:32,bu2401,bu2401,3462.0,0.0,0.0,0.0,1,3439.0,3451.0,6,3462.0,3433.0,0.0,0.0,0.0,0.0,203
2023-05-09 21:12:33,bu2401,bu2401,3462.0,0.0,0.0,0.0,1,3439.0,3451.0,6,3462.0,3433.0,0.0,0.0,0.0,0.0,203
2023-05-09 21:12:33,bu2401,bu2401,3462.0,0.0,0.0,0.0,1,3439.0,3451.0,6,3462.0,3433.0,0.0,0.0,0.0,0.0,203
2023-05-09 21:12:34,bu2401,bu2401,3462.0,0.0,0.0,0.0,1,3439.0,3451.0,6,3462.0,3433.0,0.0,0.0,0.0,0.0,203
2023-05-09 21:12:35,bu2401,bu2401,3462.0,0.0,0.0,0.0,1,3439.0,3451.0,2,3462.0,3433.0,0.0,0.0,0.0,0.0,203
2023-05-09 21:12:36,bu2401,bu2401,3462.0,0.0,0.0,0.0,1,3439.0,3450.0,4,3462.0,3433.0,0.0,0.0,0.0,0.0,203
2023-05-09 21:12:36,bu2401,bu2401,3462.0,0.0,0.0,0.0,1,3439.0,3450.0,4,3462.0,3433.0,0.0,0.0,0.0,0.0,203
2023-05-09 21:12:37,bu2401,bu2401,3462.0,0.0,0.0,0.0,1,3439.0,3449.0,2,3462.0,3433.0,0.0,0.0,0.0,0.0,203
2023-05-09 21:12:38,bu2401,bu2401,3462.0,0.0,0.0,0.0,1,3439.0,3449.0,2,3462.0,3433.0,0.0,0.0,0.0,0.0,203
2023-05-09 21:12:38,bu2401,bu2401,3462.0,0.0,0.0,0.0,1,3439.0,3449.0,2,3462.0,3433.0,0.0,0.0,0.0,0.0,203
2023-05-09 21:12:39,bu2401,bu2401,3462.0,0.0,0.0,0.0,1,3439.0,3449.0,2,3462.0,3433.0,0.0,0.0,0.0,0.0,203
2023-05-09 21:12:40,bu2401,bu2401,3462.0,0.0,0.0,0.0,1,3439.0,3449.0,2,3462.0,3433.0,0.0,0.0,0.0,0.0,203
2023-05-09 21:12:43,bu2401,bu2401,3462.0,0.0,0.0,0.0,1,3427.0,3449.0,2,3462.0,3433.0,0.0,0.0,0.0,0.0,203
2023-05-09 21:12:43,bu2401,bu2401,3462.0,0.0,0.0,0.0,1,3434.0,3449.0,2,3462.0,3433.0,0.0,0.0,0.0,0.0,203
2023-05-09 21:12:44,bu2401,bu2401,3462.0,0.0,0.0,0.0,1,3435.0,3449.0,2,3462.0,3433.0,0.0,0.0,0.0,0.0,203
2023-05-09 21:12:45,bu2401,bu2401,3462.0,0.0,0.0,0.0,1,3435.0,3449.0,2,3462.0,3433.0,0.0,0.0,0.0,0.0,203
2023-05-09 21:12:46,bu2401,bu2401,3462.0,0.0,0.0,0.0,1,3435.0,3449.0,2,3462.0,3433.0,0.0,0.0,0.0,0.0,203
2023-05-09 21:12:47,bu2401,bu2401,3462.0,0.0,0.0,0.0,1,3435.0,3449.0,2,3462.0,3433.0,0.0,0.0,0.0,0.0,203
2023-05-09 21:12:48,bu2401,bu2401,3462.0,0.0,0.0,0.0,1,3435.0,3449.0,2,3462.0,3433.0,0.0,0.0,0.0,0.0,203
2023-05-09 21:12:48,bu2401,bu2401,3462.0,0.0,0.0,0.0,1,3436.0,3449.0,2,3462.0,3433.0,0.0,0.0,0.0,0.0,203
2023-05-09 21:12:49,bu2401,bu2401,3462.0,0.0,0.0,0.0,1,3437.0,3449.0,2,3462.0,3433.0,0.0,0.0,0.0,0.0,203
2023-05-09 21:13:07,bu2401,bu2401,3462.0,0.0,0.0,0.0,1,3437.0,3449.0,2,3462.0,3433.0,0.0,0.0,0.0,0.0,203
2023-05-09 21:13:08,bu2401,bu2401,3462.0,0.0,0.0,0.0,1,3437.0,3449.0,2,3462.0,3433.0,0.0,0.0,0.0,0.0,203
2023-05-09 21:13:09,bu2401,bu2401,3462.0,0.0,0.0,0.0,1,3437.0,3449.0,2,3462.0,3433.0,0.0,0.0,0.0,0.0,203
2023-05-09 21:13:09,bu2401,bu2401,3462.0,0.0,0.0,0.0,1,3437.0,3449.0,2,3462.0,3433.0,0.0,0.0,0.0,0.0,203
2023-05-09 21:13:14,bu2401,bu2401,3462.0,0.0,0.0,0.0,1,3437.0,3449.0,2,3462.0,3433.0,0.0,0.0,0.0,0.0,203
2023-05-09 21:13:14,bu2401,bu2401,3462.0,0.0,0.0,0.0,1,3437.0,3449.0,2,3462.0,3433.0,0.0,0.0,0.0,0.0,203
2023-05-09 21:13:15,bu2401,bu2401,3462.0,0.0,0.0,0.0,1,3437.0,3449.0,2,3462.0,3433.0,0.0,0.0,0.0,0.0,203
2023-05-09 21:13:16,bu2401,bu2401,3462.0,0.0,0.0,0.0,1,3437.0,3449.0,2,3462.0,3433.0,0.0,0.0,0.0,0.0,203
2023-05-09 21:13:17,bu2401,bu2401,3462.0,0.0,0.0,0.0,1,3437.0,3448.0,2,3462.0,3433.0,0.0,0.0,0.0,0.0,203
2023-05-09 21:13:18,bu2401,bu2401,3462.0,0.0,0.0,0.0,1,3437.0,3448.0,2,3462.0,3433.0,0.0,0.0,0.0,0.0,203
2023-05-09 21:13:18,bu2401,bu2401,3462.0,0.0,0.0,0.0,1,3437.0,3448.0,2,3462.0,3433.0,0.0,0.0,0.0,0.0,203
2023-05-09 21:13:19,bu2401,bu2401,3462.0,0.0,0.0,0.0,1,3437.0,3448.0,2,3462.0,3433.0,0.0,0.0,0.0,0.0,203
2023-05-09 21:13:19,bu2401,bu2401,3462.0,0.0,0.0,0.0,2,3437.0,3448.0,2,3462.0,3433.0,0.0,0.0,0.0,0.0,203
2023-05-09 21:13:21,bu2401,bu2401,3462.0,0.0,0.0,0.0,2,3437.0,3448.0,4,3462.0,3433.0,0.0,0.0,0.0,0.0,203
2023-05-09 21:13:23,bu2401,bu2401,3462.0,0.0,0.0,0.0,2,3437.0,3448.0,4,3462.0,3433.0,0.0,0.0,0.0,0.0,203
2023-05-09 21:13:24,bu2401,bu2401,3462.0,0.0,0.0,0.0,2,3437.0,3448.0,2,3462.0,3433.0,0.0,0.0,0.0,0.0,203
2023-05-09 21:13:27,bu2401,bu2401,3462.0,0.0,0.0,0.0,2,3437.0,3448.0,2,3462.0,3433.0,0.0,0.0,0.0,0.0,203
2023-05-09 21:13:28,bu2401,bu2401,3462.0,0.0,0.0,0.0,2,3437.0,3448.0,2,3462.0,3433.0,0.0,0.0,0.0,0.0,203
2023-05-09 21:13:31,bu2401,bu2401,3462.0,0.0,0.0,0.0,2,3437.0,3448.0,2,3462.0,3433.0,0.0,0.0,0.0,0.0,203
2023-05-09 21:13:32,bu2401,bu2401,3462.0,0.0,0.0,0.0,2,3437.0,3448.0,2,3462.0,3433.0,0.0,0.0,0.0,0.0,203
2023-05-09 21:13:37,bu2401,bu2401,3462.0,0.0,0.0,0.0,2,3437.0,3448.0,2,3462.0,3433.0,0.0,0.0,0.0,0.0,203
2023-05-09 21:13:37,bu2401,bu2401,3462.0,0.0,0.0,0.0,2,3437.0,3448.0,2,3462.0,3433.0,0.0,0.0,0.0,0.0,203
2023-05-09 21:13:39,bu2401,bu2401,3462.0,0.0,0.0,0.0,2,3437.0,3448.0,2,3462.0,3433.0,0.0,0.0,0.0,0.0,203
2023-05-09 21:13:39,bu2401,bu2401,3462.0,0.0,0.0,0.0,2,3437.0,3448.0,2,3462.0,3433.0,0.0,0.0,0.0,0.0,203
2023-05-09 21:13:40,bu2401,bu2401,3462.0,0.0,0.0,0.0,2,3437.0,3448.0,2,3462.0,3433.0,0.0,0.0,0.0,0.0,203
2023-05-09 21:13:40,bu2401,bu2401,3462.0,0.0,0.0,0.0,2,3437.0,3448.0,2,3462.0,3433.0,0.0,0.0,0.0,0.0,203
2023-05-09 21:13:41,bu2401,bu2401,3462.0,0.0,0.0,0.0,2,3437.0,3448.0,2,3462.0,3433.0,0.0,0.0,0.0,0.0,203
2023-05-09 21:13:41,bu2401,bu2401,3462.0,0.0,0.0,0.0,2,3437.0,3448.0,2,3462.0,3433.0,0.0,0.0,0.0,0.0,203
2023-05-09 21:13:44,bu2401,bu2401,3462.0,0.0,0.0,0.0,2,3437.0,3448.0,2,3462.0,3433.0,0.0,0.0,0.0,0.0,203
2023-05-09 21:13:44,bu2401,bu2401,3462.0,0.0,0.0,0.0,2,3437.0,3448.0,2,3462.0,3433.0,0.0,0.0,0.0,0.0,203
2023-05-09 21:13:47,bu2401,bu2401,3462.0,0.0,0.0,0.0,1,3437.0,3448.0,2,3462.0,3433.0,0.0,0.0,0.0,0.0,203
2023-05-09 21:13:49,bu2401,bu2401,3462.0,0.0,0.0,0.0,1,3437.0,3448.0,2,3462.0,3433.0,0.0,0.0,0.0,0.0,203
2023-05-09 21:13:50,bu2401,bu2401,3462.0,0.0,0.0,0.0,1,3437.0,3448.0,2,3462.0,3433.0,0.0,0.0,0.0,0.0,203
2023-05-09 21:13:50,bu2401,bu2401,3462.0,0.0,0.0,0.0,1,3437.0,3448.0,2,3462.0,3433.0,0.0,0.0,0.0,0.0,203
2023-05-09 21:13:51,bu2401,bu2401,3462.0,0.0,0.0,0.0,1,3437.0,3448.0,2,3462.0,3433.0,0.0,0.0,0.0,0.0,203
2023-05-09 21:13:54,bu2401,bu2401,3462.0,0.0,0.0,0.0,1,3437.0,3448.0,2,3462.0,3433.0,0.0,0.0,0.0,0.0,203
2023-05-09 21:13:54,bu2401,bu2401,3462.0,0.0,0.0,0.0,1,3437.0,3448.0,2,3462.0,3433.0,0.0,0.0,0.0,0.0,203
2023-05-09 21:13:56,bu2401,bu2401,3462.0,0.0,0.0,0.0,1,3437.0,3448.0,2,3462.0,3433.0,0.0,0.0,0.0,0.0,203
2023-05-09 21:13:57,bu2401,bu2401,3462.0,0.0,0.0,0.0,1,3437.0,3448.0,2,3462.0,3433.0,0.0,0.0,0.0,0.0,203
2023-05-09 21:13:59,bu2401,bu2401,3462.0,0.0,0.0,0.0,1,3437.0,3448.0,2,3462.0,3433.0,0.0,0.0,0.0,0.0,203
2023-05-09 21:13:59,bu2401,bu2401,3462.0,0.0,0.0,0.0,1,3437.0,3448.0,2,3462.0,3433.0,0.0,0.0,0.0,0.0,203
2023-05-09 21:14:05,bu2401,bu2401,3462.0,0.0,0.0,0.0,1,3437.0,3448.0,2,3462.0,3433.0,0.0,0.0,0.0,0.0,203
2023-05-09 21:14:05,bu2401,bu2401,3462.0,0.0,0.0,0.0,1,3437.0,3448.0,2,3462.0,3433.0,0.0,0.0,0.0,0.0,203
2023-05-09 21:14:06,bu2401,bu2401,3462.0,0.0,0.0,0.0,1,3437.0,3448.0,2,3462.0,3433.0,0.0,0.0,0.0,0.0,203
2023-05-09 21:14:07,bu2401,bu2401,3462.0,0.0,0.0,0.0,2,3437.0,3448.0,2,3462.0,3433.0,0.0,0.0,0.0,0.0,203
2023-05-09 21:14:07,bu2401,bu2401,3462.0,0.0,0.0,0.0,2,3437.0,3448.0,2,3462.0,3433.0,0.0,0.0,0.0,0.0,203
2023-05-09 21:14:08,bu2401,bu2401,3462.0,0.0,0.0,0.0,2,3437.0,3448.0,2,3462.0,3433.0,0.0,0.0,0.0,0.0,203
2023-05-09 21:14:09,bu2401,bu2401,3462.0,0.0,0.0,0.0,2,3437.0,3448.0,2,3462.0,3433.0,0.0,0.0,0.0,0.0,203
2023-05-09 21:14:10,bu2401,bu2401,3462.0,0.0,0.0,0.0,2,3437.0,3448.0,2,3462.0,3433.0,0.0,0.0,0.0,0.0,203
2023-05-09 21:14:11,bu2401,bu2401,3462.0,0.0,0.0,0.0,2,3437.0,3448.0,2,3462.0,3433.0,0.0,0.0,0.0,0.0,203
2023-05-09 21:14:11,bu2401,bu2401,3462.0,0.0,0.0,0.0,2,3437.0,3448.0,2,3462.0,3433.0,0.0,0.0,0.0,0.0,203
2023-05-09 21:14:16,bu2401,bu2401,3462.0,0.0,0.0,0.0,2,3437.0,3448.0,2,3462.0,3433.0,0.0,0.0,0.0,0.0,203
2023-05-09 21:14:17,bu2401,bu2401,3462.0,0.0,0.0,0.0,2,3437.0,3448.0,2,3462.0,3433.0,0.0,0.0,0.0,0.0,203
2023-05-09 21:14:17,bu2401,bu2401,3462.0,0.0,0.0,0.0,2,3437.0,3448.0,2,3462.0,3433.0,0.0,0.0,0.0,0.0,203
2023-05-09 21:14:18,bu2401,bu2401,3462.0,0.0,0.0,0.0,2,3437.0,3448.0,2,3462.0,3433.0,0.0,0.0,0.0,0.0,203
2023-05-09 21:14:19,bu2401,bu2401,3462.0,0.0,0.0,0.0,2,3437.0,3448.0,2,3462.0,3433.0,0.0,0.0,0.0,0.0,203
2023-05-09 21:14:19,bu2401,bu2401,3462.0,0.0,0.0,0.0,2,3437.0,3448.0,2,3462.0,3433.0,0.0,0.0,0.0,0.0,203
2023-05-09 21:14:21,bu2401,bu2401,3462.0,0.0,0.0,0.0,2,3437.0,3448.0,2,3462.0,3433.0,0.0,0.0,0.0,0.0,203
2023-05-09 21:14:22,bu2401,bu2401,3462.0,0.0,0.0,0.0,2,3437.0,3448.0,2,3462.0,3433.0,0.0,0.0,0.0,0.0,203
2023-05-09 21:14:24,bu2401,bu2401,3462.0,0.0,0.0,0.0,1,3437.0,3448.0,2,3462.0,3433.0,0.0,0.0,0.0,0.0,203
2023-05-09 21:14:28,bu2401,bu2401,3462.0,0.0,0.0,0.0,2,3437.0,3448.0,2,3462.0,3433.0,0.0,0.0,0.0,0.0,203
2023-05-09 21:14:41,bu2401,bu2401,3462.0,0.0,0.0,0.0,2,3437.0,3448.0,2,3462.0,3433.0,0.0,0.0,0.0,0.0,203
2023-05-09 21:14:41,bu2401,bu2401,3462.0,0.0,0.0,0.0,2,3437.0,3448.0,2,3462.0,3433.0,0.0,0.0,0.0,0.0,203
2023-05-09 21:14:48,bu2401,bu2401,3462.0,0.0,0.0,0.0,1,3437.0,3448.0,2,3462.0,3433.0,0.0,0.0,0.0,0.0,203
2023-05-09 21:14:52,bu2401,bu2401,3462.0,0.0,0.0,0.0,1,3437.0,3448.0,2,3462.0,3433.0,0.0,0.0,0.0,0.0,203
2023-05-09 21:14:53,bu2401,bu2401,3462.0,0.0,0.0,0.0,1,3437.0,3448.0,2,3462.0,3433.0,0.0,0.0,0.0,0.0,203
2023-05-09 21:14:54,bu2401,bu2401,3462.0,0.0,0.0,0.0,2,3437.0,3448.0,2,3462.0,3433.0,0.0,0.0,0.0,0.0,203
2023-05-09 21:14:55,bu2401,bu2401,3462.0,0.0,0.0,0.0,1,3437.0,3448.0,2,3462.0,3433.0,0.0,0.0,0.0,0.0,203
2023-05-09 21:14:56,bu2401,bu2401,3462.0,0.0,0.0,0.0,1,3437.0,3448.0,2,3462.0,3433.0,0.0,0.0,0.0,0.0,203
2023-05-09 21:14:56,bu2401,bu2401,3462.0,0.0,0.0,0.0,1,3437.0,3448.0,2,3462.0,3433.0,0.0,0.0,0.0,0.0,203
2023-05-09 21:14:57,bu2401,bu2401,3462.0,0.0,0.0,0.0,1,3437.0,3448.0,2,3462.0,3433.0,0.0,0.0,0.0,0.0,203
2023-05-09 21:14:57,bu2401,bu2401,3462.0,0.0,0.0,0.0,1,3437.0,3448.0,2,3462.0,3433.0,0.0,0.0,0.0,0.0,203
2023-05-09 21:14:58,bu2401,bu2401,3462.0,0.0,0.0,0.0,1,3437.0,3448.0,2,3462.0,3433.0,0.0,0.0,0.0,0.0,203
2023-05-09 21:14:59,bu2401,bu2401,3462.0,0.0,0.0,0.0,1,3437.0,3448.0,2,3462.0,3433.0,0.0,0.0,0.0,0.0,203
2023-05-09 21:15:00,bu2401,bu2401,3462.0,0.0,0.0,0.0,1,3437.0,3448.0,2,3462.0,3433.0,0.0,0.0,0.0,0.0,203
2023-05-09 21:15:01,bu2401,bu2401,3462.0,0.0,0.0,0.0,1,3437.0,3448.0,2,3462.0,3433.0,0.0,0.0,0.0,0.0,203
2023-05-09 21:15:02,bu2401,bu2401,3462.0,0.0,0.0,0.0,1,3431.0,3448.0,2,3462.0,3433.0,0.0,0.0,0.0,0.0,203
2023-05-09 21:15:02,bu2401,bu2401,3462.0,0.0,0.0,0.0,1,3438.0,3448.0,2,3462.0,3433.0,0.0,0.0,0.0,0.0,203
2023-05-09 21:15:03,bu2401,bu2401,3462.0,0.0,0.0,0.0,1,3438.0,3448.0,2,3462.0,3433.0,0.0,0.0,0.0,0.0,203
2023-05-09 21:15:06,bu2401,bu2401,3462.0,0.0,0.0,0.0,2,3438.0,3448.0,2,3462.0,3433.0,0.0,0.0,0.0,0.0,203
2023-05-09 21:15:11,bu2401,bu2401,3462.0,0.0,0.0,0.0,1,3438.0,3448.0,2,3462.0,3433.0,0.0,0.0,0.0,0.0,203
2023-05-09 21:15:18,bu2401,bu2401,3462.0,0.0,0.0,0.0,1,3438.0,3448.0,2,3462.0,3433.0,0.0,0.0,0.0,0.0,203
2023-05-09 21:15:18,bu2401,bu2401,3462.0,0.0,0.0,0.0,1,3438.0,3448.0,2,3462.0,3433.0,0.0,0.0,0.0,0.0,203
2023-05-09 21:15:22,bu2401,bu2401,3462.0,0.0,0.0,0.0,2,3438.0,3448.0,2,3462.0,3433.0,0.0,0.0,0.0,0.0,203
2023-05-09 21:15:30,bu2401,bu2401,3462.0,0.0,0.0,0.0,1,3439.0,3448.0,2,3462.0,3433.0,0.0,0.0,0.0,0.0,203
2023-05-09 21:15:31,bu2401,bu2401,3462.0,0.0,0.0,0.0,1,3439.0,3448.0,2,3462.0,3433.0,0.0,0.0,0.0,0.0,203
2023-05-09 21:15:31,bu2401,bu2401,3462.0,0.0,0.0,0.0,2,3439.0,3448.0,2,3462.0,3433.0,0.0,0.0,0.0,0.0,203
2023-05-09 21:15:35,bu2401,bu2401,3462.0,0.0,0.0,0.0,1,3439.0,3448.0,2,3462.0,3433.0,0.0,0.0,0.0,0.0,203
2023-05-09 21:15:41,bu2401,bu2401,3462.0,0.0,0.0,0.0,2,3439.0,3448.0,2,3462.0,3433.0,0.0,0.0,0.0,0.0,203
2023-05-09 21:15:52,bu2401,bu2401,3462.0,0.0,0.0,0.0,2,3439.0,3448.0,2,3462.0,3433.0,0.0,0.0,0.0,0.0,203
2023-05-09 21:15:53,bu2401,bu2401,3462.0,0.0,0.0,0.0,2,3439.0,3448.0,2,3462.0,3433.0,0.0,0.0,0.0,0.0,203
2023-05-09 21:15:56,bu2401,bu2401,3462.0,0.0,0.0,0.0,1,3440.0,3456.0,1,3462.0,3433.0,0.0,0.0,0.0,0.0,203
2023-05-09 21:15:57,bu2401,bu2401,3462.0,0.0,0.0,0.0,1,3440.0,3455.0,2,3462.0,3433.0,0.0,0.0,0.0,0.0,203
2023-05-09 21:15:57,bu2401,bu2401,3462.0,0.0,0.0,0.0,1,3441.0,3455.0,2,3462.0,3433.0,0.0,0.0,0.0,0.0,203
2023-05-09 21:15:58,bu2401,bu2401,3462.0,0.0,0.0,0.0,1,3441.0,3455.0,2,3462.0,3433.0,0.0,0.0,0.0,0.0,203
2023-05-09 21:16:04,bu2401,bu2401,3462.0,0.0,0.0,0.0,1,3431.0,3455.0,2,3462.0,3433.0,0.0,0.0,0.0,0.0,203
2023-05-09 21:16:04,bu2401,bu2401,3462.0,0.0,0.0,0.0,2,3432.0,3455.0,2,3462.0,3433.0,0.0,0.0,0.0,0.0,203
2023-05-09 21:16:09,bu2401,bu2401,3462.0,0.0,0.0,0.0,2,3432.0,3454.0,2,3462.0,3433.0,0.0,0.0,0.0,0.0,203
2023-05-09 21:16:10,bu2401,bu2401,3462.0,0.0,0.0,0.0,2,3432.0,3454.0,2,3462.0,3433.0,0.0,0.0,0.0,0.0,203
2023-05-09 21:16:10,bu2401,bu2401,3462.0,0.0,0.0,0.0,1,3439.0,3453.0,2,3462.0,3433.0,0.0,0.0,0.0,0.0,203
2023-05-09 21:16:11,bu2401,bu2401,3462.0,0.0,0.0,0.0,2,3439.0,3453.0,2,3462.0,3433.0,0.0,0.0,0.0,0.0,203
2023-05-09 21:16:13,bu2401,bu2401,3462.0,0.0,0.0,0.0,1,3439.0,3453.0,2,3462.0,3433.0,0.0,0.0,0.0,0.0,203
2023-05-09 21:16:15,bu2401,bu2401,3462.0,0.0,0.0,0.0,2,3439.0,3453.0,2,3462.0,3433.0,0.0,0.0,0.0,0.0,203
2023-05-09 21:16:18,bu2401,bu2401,3462.0,0.0,0.0,0.0,1,3440.0,3453.0,2,3462.0,3433.0,0.0,0.0,0.0,0.0,203
2023-05-09 21:16:19,bu2401,bu2401,3462.0,0.0,0.0,0.0,1,3440.0,3453.0,2,3462.0,3433.0,0.0,0.0,0.0,0.0,203
2023-05-09 21:16:19,bu2401,bu2401,3462.0,0.0,0.0,0.0,1,3441.0,3453.0,2,3462.0,3433.0,0.0,0.0,0.0,0.0,203
2023-05-09 21:16:20,bu2401,bu2401,3462.0,0.0,0.0,0.0,1,3441.0,3453.0,2,3462.0,3433.0,0.0,0.0,0.0,0.0,203
2023-05-09 21:16:21,bu2401,bu2401,3462.0,0.0,0.0,0.0,2,3441.0,3454.0,2,3462.0,3433.0,0.0,0.0,0.0,0.0,203
2023-05-09 21:16:21,bu2401,bu2401,3462.0,0.0,0.0,0.0,2,3441.0,3453.0,2,3462.0,3433.0,0.0,0.0,0.0,0.0,203
2023-05-09 21:16:24,bu2401,bu2401,3462.0,0.0,0.0,0.0,2,3441.0,3454.0,2,3462.0,3433.0,0.0,0.0,0.0,0.0,203
2023-05-09 21:16:25,bu2401,bu2401,3462.0,0.0,0.0,0.0,2,3441.0,3453.0,2,3462.0,3433.0,0.0,0.0,0.0,0.0,203
2023-05-09 21:16:26,bu2401,bu2401,3462.0,0.0,0.0,0.0,2,3441.0,3453.0,2,3462.0,3433.0,0.0,0.0,0.0,0.0,203
2023-05-09 21:16:26,bu2401,bu2401,3462.0,0.0,0.0,0.0,2,3441.0,3453.0,2,3462.0,3433.0,0.0,0.0,0.0,0.0,203
2023-05-09 21:16:28,bu2401,bu2401,3462.0,0.0,0.0,0.0,2,3441.0,3454.0,2,3462.0,3433.0,0.0,0.0,0.0,0.0,203
2023-05-09 21:16:29,bu2401,bu2401,3462.0,0.0,0.0,0.0,2,3441.0,3453.0,2,3462.0,3433.0,0.0,0.0,0.0,0.0,203
2023-05-09 21:16:30,bu2401,bu2401,3462.0,0.0,0.0,0.0,2,3441.0,3453.0,2,3462.0,3433.0,0.0,0.0,0.0,0.0,203
2023-05-09 21:16:30,bu2401,bu2401,3462.0,0.0,0.0,0.0,2,3441.0,3453.0,2,3462.0,3433.0,0.0,0.0,0.0,0.0,203
2023-05-09 21:16:32,bu2401,bu2401,3462.0,0.0,0.0,0.0,2,3441.0,3454.0,2,3462.0,3433.0,0.0,0.0,0.0,0.0,203
2023-05-09 21:16:33,bu2401,bu2401,3462.0,0.0,0.0,0.0,2,3441.0,3453.0,2,3462.0,3433.0,0.0,0.0,0.0,0.0,203
2023-05-09 21:16:36,bu2401,bu2401,3462.0,0.0,0.0,0.0,2,3441.0,3454.0,2,3462.0,3433.0,0.0,0.0,0.0,0.0,203
2023-05-09 21:16:37,bu2401,bu2401,3462.0,0.0,0.0,0.0,2,3441.0,3453.0,2,3462.0,3433.0,0.0,0.0,0.0,0.0,203
2023-05-09 21:16:42,bu2401,bu2401,3462.0,0.0,0.0,0.0,2,3441.0,3454.0,2,3462.0,3433.0,0.0,0.0,0.0,0.0,203
2023-05-09 21:16:43,bu2401,bu2401,3462.0,0.0,0.0,0.0,2,3441.0,3453.0,2,3462.0,3433.0,0.0,0.0,0.0,0.0,203
2023-05-09 21:16:46,bu2401,bu2401,3462.0,0.0,0.0,0.0,1,3442.0,3454.0,2,3462.0,3433.0,0.0,0.0,0.0,0.0,203
2023-05-09 21:16:47,bu2401,bu2401,3462.0,0.0,0.0,0.0,1,3442.0,3454.0,4,3462.0,3433.0,0.0,0.0,0.0,0.0,203
2023-05-09 21:16:47,bu2401,bu2401,3462.0,0.0,0.0,0.0,1,3443.0,3454.0,4,3462.0,3433.0,0.0,0.0,0.0,0.0,203
2023-05-09 21:16:48,bu2401,bu2401,3462.0,0.0,0.0,0.0,1,3443.0,3454.0,4,3462.0,3433.0,0.0,0.0,0.0,0.0,203
2023-05-09 21:16:53,bu2401,bu2401,3462.0,0.0,0.0,0.0,1,3443.0,3454.0,4,3462.0,3433.0,0.0,0.0,0.0,0.0,203
2023-05-09 21:16:53,bu2401,bu2401,3462.0,0.0,0.0,0.0,1,3443.0,3454.0,4,3462.0,3433.0,0.0,0.0,0.0,0.0,203
2023-05-09 21:16:57,bu2401,bu2401,3462.0,0.0,0.0,0.0,1,3443.0,3454.0,2,3462.0,3433.0,0.0,0.0,0.0,0.0,203
2023-05-09 21:16:58,bu2401,bu2401,3462.0,0.0,0.0,0.0,1,3443.0,3454.0,4,3462.0,3433.0,0.0,0.0,0.0,0.0,203
2023-05-09 21:17:00,bu2401,bu2401,3462.0,0.0,0.0,0.0,2,3443.0,3454.0,4,3462.0,3433.0,0.0,0.0,0.0,0.0,203
2023-05-09 21:17:01,bu2401,bu2401,3462.0,0.0,0.0,0.0,2,3443.0,3454.0,4,3462.0,3433.0,0.0,0.0,0.0,0.0,203
2023-05-09 21:17:01,bu2401,bu2401,3462.0,0.0,0.0,0.0,2,3443.0,3454.0,2,3462.0,3433.0,0.0,0.0,0.0,0.0,203
2023-05-09 21:17:02,bu2401,bu2401,3462.0,0.0,0.0,0.0,2,3443.0,3454.0,4,3462.0,3433.0,0.0,0.0,0.0,0.0,203
2023-05-09 21:17:03,bu2401,bu2401,3462.0,0.0,0.0,0.0,1,3443.0,3454.0,4,3462.0,3433.0,0.0,0.0,0.0,0.0,203
2023-05-09 21:17:04,bu2401,bu2401,3462.0,0.0,0.0,0.0,1,3431.0,3454.0,4,3462.0,3433.0,0.0,0.0,0.0,0.0,203
2023-05-09 21:17:04,bu2401,bu2401,3462.0,0.0,0.0,0.0,1,3440.0,3454.0,4,3462.0,3433.0,0.0,0.0,0.0,0.0,203
2023-05-09 21:17:05,bu2401,bu2401,3462.0,0.0,0.0,0.0,1,3441.0,3454.0,4,3462.0,3433.0,0.0,0.0,0.0,0.0,203
2023-05-09 21:17:09,bu2401,bu2401,3462.0,0.0,0.0,0.0,1,3441.0,3454.0,4,3462.0,3433.0,0.0,0.0,0.0,0.0,203
2023-05-09 21:17:09,bu2401,bu2401,3462.0,0.0,0.0,0.0,1,3442.0,3454.0,4,3462.0,3433.0,0.0,0.0,0.0,0.0,203
2023-05-09 21:17:10,bu2401,bu2401,3462.0,0.0,0.0,0.0,2,3442.0,3454.0,4,3462.0,3433.0,0.0,0.0,0.0,0.0,203
2023-05-09 21:17:10,bu2401,bu2401,3462.0,0.0,0.0,0.0,2,3442.0,3454.0,2,3462.0,3433.0,0.0,0.0,0.0,0.0,203
2023-05-09 21:17:11,bu2401,bu2401,3462.0,0.0,0.0,0.0,1,3443.0,3454.0,2,3462.0,3433.0,0.0,0.0,0.0,0.0,203
2023-05-09 21:17:16,bu2401,bu2401,3462.0,0.0,0.0,0.0,1,3442.0,3454.0,4,3462.0,3433.0,0.0,0.0,0.0,0.0,203
2023-05-09 21:17:17,bu2401,bu2401,3462.0,0.0,0.0,0.0,2,3442.0,3454.0,4,3462.0,3433.0,0.0,0.0,0.0,0.0,203
2023-05-09 21:17:31,bu2401,bu2401,3462.0,0.0,0.0,0.0,1,3442.0,3454.0,4,3462.0,3433.0,0.0,0.0,0.0,0.0,203
2023-05-09 21:17:40,bu2401,bu2401,3462.0,0.0,0.0,0.0,1,3442.0,3454.0,2,3462.0,3433.0,0.0,0.0,0.0,0.0,203
2023-05-09 21:17:43,bu2401,bu2401,3462.0,0.0,0.0,0.0,2,3442.0,3454.0,2,3462.0,3433.0,0.0,0.0,0.0,0.0,203
2023-05-09 21:17:45,bu2401,bu2401,3462.0,0.0,0.0,0.0,2,3442.0,3454.0,2,3462.0,3433.0,0.0,0.0,0.0,0.0,203
2023-05-09 21:17:45,bu2401,bu2401,3462.0,0.0,0.0,0.0,2,3442.0,3454.0,2,3462.0,3433.0,0.0,0.0,0.0,0.0,203
2023-05-09 21:17:51,bu2401,bu2401,3462.0,0.0,0.0,0.0,1,3443.0,3454.0,2,3462.0,3433.0,0.0,0.0,0.0,0.0,203
2023-05-09 21:17:53,bu2401,bu2401,3462.0,0.0,0.0,0.0,1,3443.0,3454.0,2,3462.0,3433.0,0.0,0.0,0.0,0.0,203
2023-05-09 21:17:58,bu2401,bu2401,3462.0,0.0,0.0,0.0,2,3443.0,3454.0,2,3462.0,3433.0,0.0,0.0,0.0,0.0,203
2023-05-09 21:18:01,bu2401,bu2401,3462.0,0.0,0.0,0.0,2,3443.0,3454.0,4,3462.0,3433.0,0.0,0.0,0.0,0.0,203
2023-05-09 21:18:04,bu2401,bu2401,3462.0,0.0,0.0,0.0,2,3443.0,3454.0,2,3462.0,3433.0,0.0,0.0,0.0,0.0,203
2023-05-09 21:18:07,bu2401,bu2401,3462.0,0.0,0.0,0.0,2,3443.0,3454.0,4,3462.0,3433.0,0.0,0.0,0.0,0.0,203
2023-05-09 21:18:10,bu2401,bu2401,3462.0,0.0,0.0,0.0,2,3443.0,3454.0,2,3462.0,3433.0,0.0,0.0,0.0,0.0,203
2023-05-09 21:18:10,bu2401,bu2401,3462.0,0.0,0.0,0.0,2,3443.0,3454.0,4,3462.0,3433.0,0.0,0.0,0.0,0.0,203
2023-05-09 21:18:13,bu2401,bu2401,3462.0,0.0,0.0,0.0,2,3443.0,3454.0,2,3462.0,3433.0,0.0,0.0,0.0,0.0,203
2023-05-09 21:18:31,bu2401,bu2401,3462.0,0.0,0.0,0.0,2,3443.0,3460.0,1,3462.0,3433.0,0.0,0.0,0.0,0.0,203
2023-05-09 21:18:31,bu2401,bu2401,3462.0,0.0,0.0,0.0,2,3443.0,3459.0,2,3462.0,3433.0,0.0,0.0,0.0,0.0,203
2023-05-09 21:18:34,bu2401,bu2401,3462.0,0.0,0.0,0.0,2,3443.0,3460.0,1,3462.0,3433.0,0.0,0.0,0.0,0.0,203
2023-05-09 21:18:35,bu2401,bu2401,3462.0,0.0,0.0,0.0,2,3443.0,3459.0,2,3462.0,3433.0,0.0,0.0,0.0,0.0,203
2023-05-09 21:18:37,bu2401,bu2401,3462.0,0.0,0.0,0.0,2,3443.0,3460.0,1,3462.0,3433.0,0.0,0.0,0.0,0.0,203
2023-05-09 21:18:38,bu2401,bu2401,3462.0,0.0,0.0,0.0,2,3443.0,3459.0,2,3462.0,3433.0,0.0,0.0,0.0,0.0,203
2023-05-09 21:18:45,bu2401,bu2401,3462.0,0.0,0.0,0.0,2,3443.0,3459.0,6,3462.0,3433.0,0.0,0.0,0.0,0.0,203
2023-05-09 21:18:49,bu2401,bu2401,3462.0,0.0,0.0,0.0,2,3443.0,3459.0,6,3462.0,3433.0,0.0,0.0,0.0,0.0,203
2023-05-09 21:18:50,bu2401,bu2401,3462.0,0.0,0.0,0.0,2,3443.0,3459.0,6,3462.0,3433.0,0.0,0.0,0.0,0.0,203
2023-05-09 21:19:02,bu2401,bu2401,3462.0,0.0,0.0,0.0,1,3443.0,3459.0,6,3462.0,3433.0,0.0,0.0,0.0,0.0,203
2023-05-09 21:19:02,bu2401,bu2401,3462.0,0.0,0.0,0.0,1,3444.0,3459.0,3,3462.0,3433.0,0.0,0.0,0.0,0.0,203
2023-05-09 21:19:03,bu2401,bu2401,3462.0,0.0,0.0,0.0,1,3444.0,3458.0,4,3462.0,3433.0,0.0,0.0,0.0,0.0,203
2023-05-09 21:19:03,bu2401,bu2401,3462.0,0.0,0.0,0.0,1,3444.0,3458.0,4,3462.0,3433.0,0.0,0.0,0.0,0.0,203
2023-05-09 21:19:04,bu2401,bu2401,3462.0,0.0,0.0,0.0,1,3444.0,3457.0,2,3462.0,3433.0,0.0,0.0,0.0,0.0,203
2023-05-09 21:19:04,bu2401,bu2401,3462.0,0.0,0.0,0.0,1,3444.0,3457.0,4,3462.0,3433.0,0.0,0.0,0.0,0.0,203
2023-05-09 21:19:07,bu2401,bu2401,3462.0,0.0,0.0,0.0,1,3444.0,3457.0,4,3462.0,3433.0,0.0,0.0,0.0,0.0,203
2023-05-09 21:19:29,bu2401,bu2401,3462.0,0.0,0.0,0.0,1,3444.0,3457.0,8,3462.0,3433.0,0.0,0.0,0.0,0.0,203
2023-05-09 21:19:57,bu2401,bu2401,3462.0,0.0,0.0,0.0,1,3444.0,3457.0,9,3462.0,3433.0,0.0,0.0,0.0,0.0,203
2023-05-09 21:19:57,bu2401,bu2401,3462.0,0.0,0.0,0.0,1,3444.0,3457.0,5,3462.0,3433.0,0.0,0.0,0.0,0.0,203
2023-05-09 21:19:58,bu2401,bu2401,3462.0,0.0,0.0,0.0,1,3444.0,3456.0,4,3462.0,3433.0,0.0,0.0,0.0,0.0,203
2023-05-09 21:19:58,bu2401,bu2401,3462.0,0.0,0.0,0.0,1,3444.0,3456.0,4,3462.0,3433.0,0.0,0.0,0.0,0.0,203
2023-05-09 21:19:59,bu2401,bu2401,3462.0,0.0,0.0,0.0,1,3444.0,3456.0,4,3462.0,3433.0,0.0,0.0,0.0,0.0,203
2023-05-09 21:20:00,bu2401,bu2401,3462.0,0.0,0.0,0.0,1,3444.0,3455.0,2,3462.0,3433.0,0.0,0.0,0.0,0.0,203
2023-05-09 21:20:01,bu2401,bu2401,3462.0,0.0,0.0,0.0,1,3444.0,3455.0,2,3462.0,3433.0,0.0,0.0,0.0,0.0,203
2023-05-09 21:20:06,bu2401,bu2401,3462.0,0.0,0.0,0.0,1,3431.0,3455.0,2,3462.0,3433.0,0.0,0.0,0.0,0.0,203
2023-05-09 21:20:06,bu2401,bu2401,3462.0,0.0,0.0,0.0,1,3440.0,3455.0,6,3462.0,3433.0,0.0,0.0,0.0,0.0,203
2023-05-09 21:20:07,bu2401,bu2401,3462.0,0.0,0.0,0.0,1,3440.0,3455.0,6,3462.0,3433.0,0.0,0.0,0.0,0.0,203
2023-05-09 21:20:32,bu2401,bu2401,3462.0,0.0,0.0,0.0,1,3440.0,3455.0,6,3462.0,3433.0,0.0,0.0,0.0,0.0,203
2023-05-09 21:20:32,bu2401,bu2401,3462.0,0.0,0.0,0.0,1,3440.0,3455.0,6,3462.0,3433.0,0.0,0.0,0.0,0.0,203
2023-05-09 21:20:36,bu2401,bu2401,3462.0,0.0,0.0,0.0,2,3440.0,3455.0,6,3462.0,3433.0,0.0,0.0,0.0,0.0,203
2023-05-09 21:20:36,bu2401,bu2401,3462.0,0.0,0.0,0.0,2,3440.0,3455.0,6,3462.0,3433.0,0.0,0.0,0.0,0.0,203
2023-05-09 21:20:45,bu2401,bu2401,3462.0,0.0,0.0,0.0,3,3440.0,3455.0,6,3462.0,3433.0,0.0,0.0,0.0,0.0,203
2023-05-09 21:20:54,bu2401,bu2401,3462.0,0.0,0.0,0.0,1,3441.0,3455.0,6,3462.0,3433.0,0.0,0.0,0.0,0.0,203
2023-05-09 21:20:55,bu2401,bu2401,3462.0,0.0,0.0,0.0,1,3441.0,3455.0,6,3462.0,3433.0,0.0,0.0,0.0,0.0,203
2023-05-09 21:20:55,bu2401,bu2401,3462.0,0.0,0.0,0.0,2,3441.0,3455.0,6,3462.0,3433.0,0.0,0.0,0.0,0.0,203
2023-05-09 21:20:59,bu2401,bu2401,3462.0,0.0,0.0,0.0,2,3441.0,3455.0,6,3462.0,3433.0,0.0,0.0,0.0,0.0,203
2023-05-09 21:20:59,bu2401,bu2401,3462.0,0.0,0.0,0.0,2,3441.0,3455.0,6,3462.0,3433.0,0.0,0.0,0.0,0.0,203
2023-05-09 21:21:04,bu2401,bu2401,3462.0,0.0,0.0,0.0,1,3441.0,3455.0,6,3462.0,3433.0,0.0,0.0,0.0,0.0,203
2023-05-09 21:21:05,bu2401,bu2401,3462.0,0.0,0.0,0.0,1,3441.0,3455.0,3,3462.0,3433.0,0.0,0.0,0.0,0.0,203
2023-05-09 21:21:05,bu2401,bu2401,3462.0,0.0,0.0,0.0,1,3441.0,3454.0,4,3462.0,3433.0,0.0,0.0,0.0,0.0,203
2023-05-09 21:21:06,bu2401,bu2401,3462.0,0.0,0.0,0.0,1,3441.0,3454.0,4,3462.0,3433.0,0.0,0.0,0.0,0.0,203
2023-05-09 21:21:06,bu2401,bu2401,3462.0,0.0,0.0,0.0,1,3441.0,3453.0,2,3462.0,3433.0,0.0,0.0,0.0,0.0,203
2023-05-09 21:21:09,bu2401,bu2401,3462.0,0.0,0.0,0.0,1,3441.0,3453.0,2,3462.0,3433.0,0.0,0.0,0.0,0.0,203
2023-05-09 21:21:13,bu2401,bu2401,3462.0,0.0,0.0,0.0,1,3441.0,3452.0,2,3462.0,3433.0,0.0,0.0,0.0,0.0,203
2023-05-09 21:21:16,bu2401,bu2401,3462.0,0.0,0.0,0.0,1,3441.0,3452.0,2,3462.0,3433.0,0.0,0.0,0.0,0.0,203
2023-05-09 21:21:17,bu2401,bu2401,3462.0,0.0,0.0,0.0,1,3441.0,3451.0,2,3462.0,3433.0,0.0,0.0,0.0,0.0,203
2023-05-09 21:21:19,bu2401,bu2401,3462.0,0.0,0.0,0.0,1,3441.0,3452.0,2,3462.0,3433.0,0.0,0.0,0.0,0.0,203
2023-05-09 21:21:20,bu2401,bu2401,3462.0,0.0,0.0,0.0,1,3441.0,3451.0,2,3462.0,3433.0,0.0,0.0,0.0,0.0,203
2023-05-09 21:21:22,bu2401,bu2401,3462.0,0.0,0.0,0.0,1,3441.0,3452.0,2,3462.0,3433.0,0.0,0.0,0.0,0.0,203
2023-05-09 21:21:24,bu2401,bu2401,3462.0,0.0,0.0,0.0,1,3441.0,3451.0,2,3462.0,3433.0,0.0,0.0,0.0,0.0,203
2023-05-09 21:21:26,bu2401,bu2401,3462.0,0.0,0.0,0.0,1,3441.0,3452.0,2,3462.0,3433.0,0.0,0.0,0.0,0.0,203
2023-05-09 21:21:27,bu2401,bu2401,3462.0,0.0,0.0,0.0,1,3441.0,3451.0,2,3462.0,3433.0,0.0,0.0,0.0,0.0,203
2023-05-09 21:21:32,bu2401,bu2401,3462.0,0.0,0.0,0.0,1,3441.0,3452.0,2,3462.0,3433.0,0.0,0.0,0.0,0.0,203
2023-05-09 21:21:33,bu2401,bu2401,3462.0,0.0,0.0,0.0,1,3441.0,3452.0,4,3462.0,3433.0,0.0,0.0,0.0,0.0,203
2023-05-09 21:21:45,bu2401,bu2401,3462.0,0.0,0.0,0.0,1,3441.0,3452.0,4,3462.0,3433.0,0.0,0.0,0.0,0.0,203
2023-05-09 21:21:45,bu2401,bu2401,3462.0,0.0,0.0,0.0,1,3441.0,3452.0,4,3462.0,3433.0,0.0,0.0,0.0,0.0,203
2023-05-09 21:21:49,bu2401,bu2401,3462.0,0.0,0.0,0.0,1,3441.0,3452.0,2,3462.0,3433.0,0.0,0.0,0.0,0.0,203
2023-05-09 21:21:50,bu2401,bu2401,3462.0,0.0,0.0,0.0,1,3440.0,3451.0,2,3462.0,3433.0,0.0,0.0,0.0,0.0,203
2023-05-09 21:22:18,bu2401,bu2401,3462.0,0.0,0.0,0.0,1,3440.0,3451.0,2,3462.0,3433.0,0.0,0.0,0.0,0.0,203
2023-05-09 21:22:19,bu2401,bu2401,3462.0,0.0,0.0,0.0,1,3440.0,3451.0,2,3462.0,3433.0,0.0,0.0,0.0,0.0,203
2023-05-09 21:22:26,bu2401,bu2401,3462.0,0.0,0.0,0.0,1,3440.0,3451.0,2,3462.0,3433.0,0.0,0.0,0.0,0.0,203
2023-05-09 21:22:40,bu2401,bu2401,3462.0,0.0,0.0,0.0,1,3440.0,3450.0,2,3462.0,3433.0,0.0,0.0,0.0,0.0,203
2023-05-09 21:22:40,bu2401,bu2401,3462.0,0.0,0.0,0.0,1,3440.0,3450.0,2,3462.0,3433.0,0.0,0.0,0.0,0.0,203
2023-05-09 21:22:41,bu2401,bu2401,3462.0,0.0,0.0,0.0,1,3440.0,3450.0,4,3462.0,3433.0,0.0,0.0,0.0,0.0,203
2023-05-09 21:22:50,bu2401,bu2401,3462.0,0.0,0.0,0.0,1,3440.0,3450.0,4,3462.0,3433.0,0.0,0.0,0.0,0.0,203
2023-05-09 21:22:51,bu2401,bu2401,3462.0,0.0,0.0,0.0,1,3440.0,3450.0,4,3462.0,3433.0,0.0,0.0,0.0,0.0,203
2023-05-09 21:23:06,bu2401,bu2401,3462.0,0.0,0.0,0.0,1,3440.0,3450.0,4,3462.0,3433.0,0.0,0.0,0.0,0.0,203
2023-05-09 21:23:06,bu2401,bu2401,3462.0,0.0,0.0,0.0,1,3440.0,3450.0,2,3462.0,3433.0,0.0,0.0,0.0,0.0,203
2023-05-09 21:23:07,bu2401,bu2401,3462.0,0.0,0.0,0.0,1,3440.0,3449.0,2,3462.0,3433.0,0.0,0.0,0.0,0.0,203
2023-05-09 21:23:12,bu2401,bu2401,3462.0,0.0,0.0,0.0,1,3440.0,3450.0,2,3462.0,3433.0,0.0,0.0,0.0,0.0,203
2023-05-09 21:23:12,bu2401,bu2401,3462.0,0.0,0.0,0.0,1,3440.0,3449.0,2,3462.0,3433.0,0.0,0.0,0.0,0.0,203
2023-05-09 21:23:14,bu2401,bu2401,3462.0,0.0,0.0,0.0,1,3429.0,3449.0,2,3462.0,3433.0,0.0,0.0,0.0,0.0,203
2023-05-09 21:23:14,bu2401,bu2401,3462.0,0.0,0.0,0.0,1,3430.0,3449.0,2,3462.0,3433.0,0.0,0.0,0.0,0.0,203
2023-05-09 21:23:15,bu2401,bu2401,3462.0,0.0,0.0,0.0,1,3437.0,3450.0,2,3462.0,3433.0,0.0,0.0,0.0,0.0,203
2023-05-09 21:23:16,bu2401,bu2401,3462.0,0.0,0.0,0.0,1,3437.0,3449.0,2,3462.0,3433.0,0.0,0.0,0.0,0.0,203
2023-05-09 21:23:21,bu2401,bu2401,3462.0,0.0,0.0,0.0,1,3437.0,3450.0,2,3462.0,3433.0,0.0,0.0,0.0,0.0,203
2023-05-09 21:23:22,bu2401,bu2401,3462.0,0.0,0.0,0.0,1,3437.0,3449.0,2,3462.0,3433.0,0.0,0.0,0.0,0.0,203
2023-05-09 21:23:28,bu2401,bu2401,3462.0,0.0,0.0,0.0,1,3437.0,3450.0,2,3462.0,3433.0,0.0,0.0,0.0,0.0,203
2023-05-09 21:23:29,bu2401,bu2401,3462.0,0.0,0.0,0.0,1,3437.0,3449.0,2,3462.0,3433.0,0.0,0.0,0.0,0.0,203
2023-05-09 21:23:35,bu2401,bu2401,3462.0,0.0,0.0,0.0,1,3437.0,3450.0,2,3462.0,3433.0,0.0,0.0,0.0,0.0,203
2023-05-09 21:23:35,bu2401,bu2401,3462.0,0.0,0.0,0.0,1,3437.0,3449.0,2,3462.0,3433.0,0.0,0.0,0.0,0.0,203
2023-05-09 21:23:38,bu2401,bu2401,3462.0,0.0,0.0,0.0,1,3437.0,3450.0,2,3462.0,3433.0,0.0,0.0,0.0,0.0,203
2023-05-09 21:23:38,bu2401,bu2401,3462.0,0.0,0.0,0.0,1,3437.0,3449.0,2,3462.0,3433.0,0.0,0.0,0.0,0.0,203
2023-05-09 21:23:41,bu2401,bu2401,3462.0,0.0,0.0,0.0,1,3437.0,3450.0,2,3462.0,3433.0,0.0,0.0,0.0,0.0,203
2023-05-09 21:23:41,bu2401,bu2401,3462.0,0.0,0.0,0.0,1,3437.0,3449.0,2,3462.0,3433.0,0.0,0.0,0.0,0.0,203
2023-05-09 21:23:47,bu2401,bu2401,3462.0,0.0,0.0,0.0,1,3437.0,3450.0,2,3462.0,3433.0,0.0,0.0,0.0,0.0,203
2023-05-09 21:23:48,bu2401,bu2401,3462.0,0.0,0.0,0.0,1,3437.0,3449.0,2,3462.0,3433.0,0.0,0.0,0.0,0.0,203
2023-05-09 21:23:50,bu2401,bu2401,3462.0,0.0,0.0,0.0,1,3437.0,3450.0,2,3462.0,3433.0,0.0,0.0,0.0,0.0,203
2023-05-09 21:23:51,bu2401,bu2401,3462.0,0.0,0.0,0.0,1,3437.0,3450.0,4,3462.0,3433.0,0.0,0.0,0.0,0.0,203
2023-05-09 21:24:00,bu2401,bu2401,3462.0,0.0,0.0,0.0,1,3437.0,3450.0,2,3462.0,3433.0,0.0,0.0,0.0,0.0,203
2023-05-09 21:24:01,bu2401,bu2401,3462.0,0.0,0.0,0.0,1,3437.0,3449.0,2,3462.0,3433.0,0.0,0.0,0.0,0.0,203
2023-05-09 21:24:06,bu2401,bu2401,3462.0,0.0,0.0,0.0,1,3437.0,3450.0,2,3462.0,3433.0,0.0,0.0,0.0,0.0,203
2023-05-09 21:24:06,bu2401,bu2401,3462.0,0.0,0.0,0.0,1,3437.0,3449.0,2,3462.0,3433.0,0.0,0.0,0.0,0.0,203
2023-05-09 21:24:08,bu2401,bu2401,3462.0,0.0,0.0,0.0,1,3437.0,3449.0,2,3462.0,3433.0,0.0,0.0,0.0,0.0,203
2023-05-09 21:24:09,bu2401,bu2401,3462.0,0.0,0.0,0.0,1,3437.0,3449.0,2,3462.0,3433.0,0.0,0.0,0.0,0.0,203
2023-05-09 21:24:10,bu2401,bu2401,3462.0,0.0,0.0,0.0,1,3437.0,3450.0,2,3462.0,3433.0,0.0,0.0,0.0,0.0,203
2023-05-09 21:24:11,bu2401,bu2401,3462.0,0.0,0.0,0.0,1,3437.0,3449.0,2,3462.0,3433.0,0.0,0.0,0.0,0.0,203
2023-05-09 21:24:38,bu2401,bu2401,3462.0,0.0,0.0,0.0,1,3437.0,3449.0,2,3462.0,3433.0,0.0,0.0,0.0,0.0,203
2023-05-09 21:24:42,bu2401,bu2401,3462.0,0.0,0.0,0.0,1,3437.0,3449.0,2,3462.0,3433.0,0.0,0.0,0.0,0.0,203
2023-05-09 21:24:43,bu2401,bu2401,3462.0,0.0,0.0,0.0,1,3437.0,3449.0,2,3462.0,3433.0,0.0,0.0,0.0,0.0,203
2023-05-09 21:24:47,bu2401,bu2401,3462.0,0.0,0.0,0.0,1,3437.0,3448.0,2,3462.0,3433.0,0.0,0.0,0.0,0.0,203
2023-05-09 21:24:48,bu2401,bu2401,3462.0,0.0,0.0,0.0,1,3437.0,3448.0,2,3462.0,3433.0,0.0,0.0,0.0,0.0,203
2023-05-09 21:24:48,bu2401,bu2401,3462.0,0.0,0.0,0.0,1,3437.0,3447.0,2,3462.0,3433.0,0.0,0.0,0.0,0.0,203
2023-05-09 21:25:01,bu2401,bu2401,3462.0,0.0,0.0,0.0,1,3429.0,3447.0,2,3462.0,3433.0,0.0,0.0,0.0,0.0,203
2023-05-09 21:25:01,bu2401,bu2401,3462.0,0.0,0.0,0.0,1,3430.0,3447.0,2,3462.0,3433.0,0.0,0.0,0.0,0.0,203
2023-05-09 21:25:04,bu2401,bu2401,3462.0,0.0,0.0,0.0,1,3435.0,3447.0,2,3462.0,3433.0,0.0,0.0,0.0,0.0,203
2023-05-09 21:25:04,bu2401,bu2401,3462.0,0.0,0.0,0.0,1,3435.0,3447.0,2,3462.0,3433.0,0.0,0.0,0.0,0.0,203
2023-05-09 21:25:27,bu2401,bu2401,3462.0,0.0,0.0,0.0,1,3435.0,3447.0,2,3462.0,3433.0,0.0,0.0,0.0,0.0,203
2023-05-09 21:25:32,bu2401,bu2401,3462.0,0.0,0.0,0.0,1,3435.0,3446.0,2,3462.0,3433.0,0.0,0.0,0.0,0.0,203
2023-05-09 21:25:33,bu2401,bu2401,3462.0,0.0,0.0,0.0,1,3435.0,3446.0,2,3462.0,3433.0,0.0,0.0,0.0,0.0,203
2023-05-09 21:25:33,bu2401,bu2401,3462.0,0.0,0.0,0.0,1,3435.0,3446.0,4,3462.0,3433.0,0.0,0.0,0.0,0.0,203
2023-05-09 21:25:52,bu2401,bu2401,3462.0,0.0,0.0,0.0,1,3435.0,3446.0,4,3462.0,3433.0,0.0,0.0,0.0,0.0,203
2023-05-09 21:25:52,bu2401,bu2401,3462.0,0.0,0.0,0.0,1,3435.0,3446.0,4,3462.0,3433.0,0.0,0.0,0.0,0.0,203
2023-05-09 21:25:54,bu2401,bu2401,3462.0,0.0,0.0,0.0,1,3435.0,3446.0,4,3462.0,3433.0,0.0,0.0,0.0,0.0,203
2023-05-09 21:25:55,bu2401,bu2401,3462.0,0.0,0.0,0.0,1,3435.0,3446.0,4,3462.0,3433.0,0.0,0.0,0.0,0.0,203
2023-05-09 21:26:02,bu2401,bu2401,3462.0,0.0,0.0,0.0,1,3435.0,3446.0,2,3462.0,3433.0,0.0,0.0,0.0,0.0,203
2023-05-09 21:26:03,bu2401,bu2401,3462.0,0.0,0.0,0.0,1,3435.0,3445.0,2,3462.0,3433.0,0.0,0.0,0.0,0.0,203
2023-05-09 21:26:05,bu2401,bu2401,3462.0,0.0,0.0,0.0,1,3435.0,3446.0,2,3462.0,3433.0,0.0,0.0,0.0,0.0,203
2023-05-09 21:26:06,bu2401,bu2401,3462.0,0.0,0.0,0.0,1,3435.0,3446.0,4,3462.0,3433.0,0.0,0.0,0.0,0.0,203
2023-05-09 21:26:11,bu2401,bu2401,3462.0,0.0,0.0,0.0,1,3435.0,3446.0,2,3462.0,3433.0,0.0,0.0,0.0,0.0,203
2023-05-09 21:26:11,bu2401,bu2401,3462.0,0.0,0.0,0.0,1,3435.0,3445.0,2,3462.0,3433.0,0.0,0.0,0.0,0.0,203
2023-05-09 21:26:15,bu2401,bu2401,3462.0,0.0,0.0,0.0,1,3435.0,3445.0,2,3462.0,3433.0,0.0,0.0,0.0,0.0,203
2023-05-09 21:26:16,bu2401,bu2401,3462.0,0.0,0.0,0.0,1,3435.0,3446.0,2,3462.0,3433.0,0.0,0.0,0.0,0.0,203
2023-05-09 21:26:16,bu2401,bu2401,3462.0,0.0,0.0,0.0,1,3435.0,3445.0,2,3462.0,3433.0,0.0,0.0,0.0,0.0,203
2023-05-09 21:26:22,bu2401,bu2401,3462.0,0.0,0.0,0.0,1,3435.0,3446.0,2,3462.0,3433.0,0.0,0.0,0.0,0.0,203
2023-05-09 21:26:23,bu2401,bu2401,3462.0,0.0,0.0,0.0,1,3435.0,3445.0,2,3462.0,3433.0,0.0,0.0,0.0,0.0,203
2023-05-09 21:26:30,bu2401,bu2401,3462.0,0.0,0.0,0.0,1,3435.0,3446.0,2,3462.0,3433.0,0.0,0.0,0.0,0.0,203
2023-05-09 21:26:30,bu2401,bu2401,3462.0,0.0,0.0,0.0,1,3435.0,3445.0,2,3462.0,3433.0,0.0,0.0,0.0,0.0,203
2023-05-09 21:26:33,bu2401,bu2401,3462.0,0.0,0.0,0.0,1,3435.0,3446.0,2,3462.0,3433.0,0.0,0.0,0.0,0.0,203
2023-05-09 21:26:33,bu2401,bu2401,3462.0,0.0,0.0,0.0,1,3435.0,3445.0,2,3462.0,3433.0,0.0,0.0,0.0,0.0,203
2023-05-09 21:26:36,bu2401,bu2401,3462.0,0.0,0.0,0.0,1,3435.0,3446.0,2,3462.0,3433.0,0.0,0.0,0.0,0.0,203
2023-05-09 21:26:36,bu2401,bu2401,3462.0,0.0,0.0,0.0,1,3435.0,3445.0,2,3462.0,3433.0,0.0,0.0,0.0,0.0,203
2023-05-09 21:26:39,bu2401,bu2401,3462.0,0.0,0.0,0.0,1,3435.0,3446.0,2,3462.0,3433.0,0.0,0.0,0.0,0.0,203
2023-05-09 21:26:40,bu2401,bu2401,3462.0,0.0,0.0,0.0,1,3435.0,3445.0,2,3462.0,3433.0,0.0,0.0,0.0,0.0,203
2023-05-09 21:26:42,bu2401,bu2401,3462.0,0.0,0.0,0.0,1,3435.0,3446.0,2,3462.0,3433.0,0.0,0.0,0.0,0.0,203
2023-05-09 21:26:42,bu2401,bu2401,3462.0,0.0,0.0,0.0,1,3435.0,3445.0,2,3462.0,3433.0,0.0,0.0,0.0,0.0,203
