time,symbol_id,symbol_name,last,trade_volume,trade_amount,open_interest_change,bv1,bp1,ap1,av1,yesterday_close,today_open,today_high,today_low,volume,amount,open_interest
2023-05-09 20:59:00,bu2403,bu2403,3428.0,0.0,0.0,0.0,2,3398.0,3449.0,1,3428.0,3426.0,0.0,0.0,0.0,0.0,3797
2023-05-09 21:00:01,bu2403,bu2403,3428.0,0.0,0.0,0.0,2,3398.0,3449.0,1,3428.0,3426.0,0.0,0.0,0.0,0.0,3797
2023-05-09 21:00:01,bu2403,bu2403,3428.0,0.0,0.0,0.0,1,3399.0,3449.0,1,3428.0,3426.0,0.0,0.0,0.0,0.0,3797
2023-05-09 21:00:02,bu2403,bu2403,3428.0,0.0,0.0,0.0,1,3399.0,3448.0,2,3428.0,3426.0,0.0,0.0,0.0,0.0,3797
2023-05-09 21:00:03,bu2403,bu2403,3428.0,0.0,0.0,0.0,1,3399.0,3448.0,2,3428.0,3426.0,0.0,0.0,0.0,0.0,3797
2023-05-09 21:00:03,bu2403,bu2403,3428.0,0.0,0.0,0.0,1,3399.0,3447.0,2,3428.0,3426.0,0.0,0.0,0.0,0.0,3797
2023-05-09 21:00:04,bu2403,bu2403,3428.0,0.0,0.0,0.0,1,3399.0,3447.0,2,3428.0,3426.0,0.0,0.0,0.0,0.0,3797
2023-05-09 21:00:04,bu2403,bu2403,3428.0,0.0,0.0,0.0,1,3399.0,3447.0,2,3428.0,3426.0,0.0,0.0,0.0,0.0,3797
2023-05-09 21:00:05,bu2403,bu2403,3428.0,0.0,0.0,0.0,1,3399.0,3447.0,2,3428.0,3426.0,0.0,0.0,0.0,0.0,3797
2023-05-09 21:00:06,bu2403,bu2403,3428.0,0.0,0.0,0.0,1,3399.0,3447.0,2,3428.0,3426.0,0.0,0.0,0.0,0.0,3797
2023-05-09 21:00:08,bu2403,bu2403,3428.0,0.0,0.0,0.0,1,3399.0,3447.0,2,3428.0,3426.0,0.0,0.0,0.0,0.0,3797
2023-05-09 21:00:09,bu2403,bu2403,3428.0,0.0,0.0,0.0,1,3399.0,3446.0,2,3428.0,3426.0,0.0,0.0,0.0,0.0,3797
2023-05-09 21:00:11,bu2403,bu2403,3428.0,0.0,0.0,0.0,2,3398.0,3446.0,2,3428.0,3426.0,0.0,0.0,0.0,0.0,3797
2023-05-09 21:00:12,bu2403,bu2403,3428.0,0.0,0.0,0.0,1,3399.0,3446.0,2,3428.0,3426.0,0.0,0.0,0.0,0.0,3797
2023-05-09 21:00:13,bu2403,bu2403,3428.0,0.0,0.0,0.0,2,3398.0,3446.0,2,3428.0,3426.0,0.0,0.0,0.0,0.0,3797
2023-05-09 21:00:13,bu2403,bu2403,3428.0,0.0,0.0,0.0,1,3399.0,3446.0,2,3428.0,3426.0,0.0,0.0,0.0,0.0,3797
2023-05-09 21:00:14,bu2403,bu2403,3428.0,0.0,0.0,0.0,1,3399.0,3435.0,1,3428.0,3426.0,0.0,0.0,0.0,0.0,3797
2023-05-09 21:00:14,bu2403,bu2403,3428.0,0.0,0.0,0.0,1,3399.0,3435.0,1,3428.0,3426.0,0.0,0.0,0.0,0.0,3797
2023-05-09 21:00:15,bu2403,bu2403,3428.0,0.0,0.0,0.0,1,3400.0,3435.0,1,3428.0,3426.0,0.0,0.0,0.0,0.0,3797
2023-05-09 21:00:15,bu2403,bu2403,3428.0,0.0,0.0,0.0,2,3398.0,3435.0,1,3428.0,3426.0,0.0,0.0,0.0,0.0,3797
2023-05-09 21:00:16,bu2403,bu2403,3428.0,0.0,0.0,0.0,1,3399.0,3435.0,1,3428.0,3426.0,0.0,0.0,0.0,0.0,3797
2023-05-09 21:00:16,bu2403,bu2403,3428.0,0.0,0.0,0.0,1,3399.0,3434.0,2,3428.0,3426.0,0.0,0.0,0.0,0.0,3797
2023-05-09 21:00:17,bu2403,bu2403,3428.0,0.0,0.0,0.0,1,3400.0,3434.0,2,3428.0,3426.0,0.0,0.0,0.0,0.0,3797
2023-05-09 21:00:17,bu2403,bu2403,3428.0,0.0,0.0,0.0,2,3400.0,3434.0,2,3428.0,3426.0,0.0,0.0,0.0,0.0,3797
2023-05-09 21:00:18,bu2403,bu2403,3428.0,0.0,0.0,0.0,1,3401.0,3434.0,2,3428.0,3426.0,0.0,0.0,0.0,0.0,3797
2023-05-09 21:00:19,bu2403,bu2403,3428.0,0.0,0.0,0.0,1,3400.0,3434.0,3,3428.0,3426.0,0.0,0.0,0.0,0.0,3797
2023-05-09 21:00:20,bu2403,bu2403,3428.0,0.0,0.0,0.0,2,3400.0,3434.0,3,3428.0,3426.0,0.0,0.0,0.0,0.0,3797
2023-05-09 21:00:22,bu2403,bu2403,3428.0,0.0,0.0,0.0,2,3400.0,3434.0,3,3428.0,3426.0,0.0,0.0,0.0,0.0,3797
2023-05-09 21:00:22,bu2403,bu2403,3428.0,0.0,0.0,0.0,1,3401.0,3434.0,3,3428.0,3426.0,0.0,0.0,0.0,0.0,3797
2023-05-09 21:00:24,bu2403,bu2403,3428.0,0.0,0.0,0.0,1,3400.0,3434.0,3,3428.0,3426.0,0.0,0.0,0.0,0.0,3797
2023-05-09 21:00:24,bu2403,bu2403,3428.0,0.0,0.0,0.0,2,3400.0,3434.0,3,3428.0,3426.0,0.0,0.0,0.0,0.0,3797
2023-05-09 21:00:25,bu2403,bu2403,3428.0,0.0,0.0,0.0,2,3400.0,3434.0,3,3428.0,3426.0,0.0,0.0,0.0,0.0,3797
2023-05-09 21:00:27,bu2403,bu2403,3428.0,0.0,0.0,0.0,1,3400.0,3434.0,3,3428.0,3426.0,0.0,0.0,0.0,0.0,3797
2023-05-09 21:00:27,bu2403,bu2403,3428.0,0.0,0.0,0.0,2,3400.0,3434.0,3,3428.0,3426.0,0.0,0.0,0.0,0.0,3797
2023-05-09 21:00:28,bu2403,bu2403,3428.0,0.0,0.0,0.0,1,3400.0,3428.0,1,3428.0,3426.0,0.0,0.0,0.0,0.0,3797
2023-05-09 21:00:28,bu2403,bu2403,3428.0,0.0,0.0,0.0,1,3400.0,3428.0,2,3428.0,3426.0,0.0,0.0,0.0,0.0,3797
2023-05-09 21:00:29,bu2403,bu2403,3428.0,0.0,0.0,0.0,1,3400.0,3428.0,2,3428.0,3426.0,0.0,0.0,0.0,0.0,3797
2023-05-09 21:00:31,bu2403,bu2403,3428.0,0.0,0.0,0.0,1,3400.0,3428.0,2,3428.0,3426.0,0.0,0.0,0.0,0.0,3797
2023-05-09 21:00:32,bu2403,bu2403,3428.0,0.0,0.0,0.0,1,3400.0,3428.0,2,3428.0,3426.0,0.0,0.0,0.0,0.0,3797
2023-05-09 21:00:32,bu2403,bu2403,3428.0,0.0,0.0,0.0,2,3398.0,3428.0,2,3428.0,3426.0,0.0,0.0,0.0,0.0,3797
2023-05-09 21:00:33,bu2403,bu2403,3428.0,0.0,0.0,0.0,1,3399.0,3428.0,2,3428.0,3426.0,0.0,0.0,0.0,0.0,3797
2023-05-09 21:00:33,bu2403,bu2403,3428.0,0.0,0.0,0.0,1,3399.0,3428.0,2,3428.0,3426.0,0.0,0.0,0.0,0.0,3797
2023-05-09 21:00:34,bu2403,bu2403,3428.0,0.0,0.0,0.0,2,3398.0,3428.0,2,3428.0,3426.0,0.0,0.0,0.0,0.0,3797
2023-05-09 21:00:35,bu2403,bu2403,3428.0,0.0,0.0,0.0,1,3399.0,3428.0,2,3428.0,3426.0,0.0,0.0,0.0,0.0,3797
2023-05-09 21:00:35,bu2403,bu2403,3428.0,0.0,0.0,0.0,2,3398.0,3428.0,2,3428.0,3426.0,0.0,0.0,0.0,0.0,3797
2023-05-09 21:00:36,bu2403,bu2403,3428.0,0.0,0.0,0.0,2,3398.0,3427.0,1,3428.0,3426.0,0.0,0.0,0.0,0.0,3797
2023-05-09 21:00:36,bu2403,bu2403,3428.0,0.0,0.0,0.0,2,3398.0,3427.0,1,3428.0,3426.0,0.0,0.0,0.0,0.0,3797
2023-05-09 21:00:39,bu2403,bu2403,3428.0,0.0,0.0,0.0,2,3398.0,3427.0,1,3428.0,3426.0,0.0,0.0,0.0,0.0,3797
2023-05-09 21:00:40,bu2403,bu2403,3428.0,0.0,0.0,0.0,2,3398.0,3427.0,1,3428.0,3426.0,0.0,0.0,0.0,0.0,3797
2023-05-09 21:00:42,bu2403,bu2403,3428.0,0.0,0.0,0.0,2,3398.0,3427.0,1,3428.0,3426.0,0.0,0.0,0.0,0.0,3797
2023-05-09 21:00:42,bu2403,bu2403,3428.0,0.0,0.0,0.0,2,3398.0,3427.0,1,3428.0,3426.0,0.0,0.0,0.0,0.0,3797
2023-05-09 21:00:43,bu2403,bu2403,3428.0,0.0,0.0,0.0,2,3398.0,3427.0,1,3428.0,3426.0,0.0,0.0,0.0,0.0,3797
2023-05-09 21:00:46,bu2403,bu2403,3428.0,0.0,0.0,0.0,1,3389.0,3427.0,1,3428.0,3426.0,0.0,0.0,0.0,0.0,3797
2023-05-09 21:00:47,bu2403,bu2403,3428.0,0.0,0.0,0.0,4,3390.0,3427.0,1,3428.0,3426.0,0.0,0.0,0.0,0.0,3797
2023-05-09 21:00:48,bu2403,bu2403,3428.0,0.0,0.0,0.0,5,3390.0,3427.0,1,3428.0,3426.0,0.0,0.0,0.0,0.0,3797
2023-05-09 21:00:49,bu2403,bu2403,3428.0,0.0,0.0,0.0,4,3390.0,3427.0,1,3428.0,3426.0,0.0,0.0,0.0,0.0,3797
2023-05-09 21:00:49,bu2403,bu2403,3428.0,0.0,0.0,0.0,3,3390.0,3427.0,1,3428.0,3426.0,0.0,0.0,0.0,0.0,3797
2023-05-09 21:00:50,bu2403,bu2403,3428.0,0.0,0.0,0.0,1,3391.0,3427.0,1,3428.0,3426.0,0.0,0.0,0.0,0.0,3797
2023-05-09 21:00:50,bu2403,bu2403,3428.0,0.0,0.0,0.0,1,3392.0,3427.0,1,3428.0,3426.0,0.0,0.0,0.0,0.0,3797
2023-05-09 21:00:51,bu2403,bu2403,3428.0,0.0,0.0,0.0,1,3392.0,3427.0,1,3428.0,3426.0,0.0,0.0,0.0,0.0,3797
2023-05-09 21:00:51,bu2403,bu2403,3428.0,0.0,0.0,0.0,1,3392.0,3427.0,1,3428.0,3426.0,0.0,0.0,0.0,0.0,3797
2023-05-09 21:00:52,bu2403,bu2403,3428.0,0.0,0.0,0.0,1,3392.0,3427.0,1,3428.0,3426.0,0.0,0.0,0.0,0.0,3797
2023-05-09 21:00:55,bu2403,bu2403,3428.0,0.0,0.0,0.0,2,3392.0,3427.0,1,3428.0,3426.0,0.0,0.0,0.0,0.0,3797
2023-05-09 21:00:56,bu2403,bu2403,3428.0,0.0,0.0,0.0,2,3392.0,3425.0,1,3428.0,3426.0,0.0,0.0,0.0,0.0,3797
2023-05-09 21:00:56,bu2403,bu2403,3428.0,0.0,0.0,0.0,2,3392.0,3425.0,1,3428.0,3426.0,0.0,0.0,0.0,0.0,3797
2023-05-09 21:00:57,bu2403,bu2403,3428.0,0.0,0.0,0.0,1,3393.0,3425.0,1,3428.0,3426.0,0.0,0.0,0.0,0.0,3797
2023-05-09 21:00:57,bu2403,bu2403,3428.0,0.0,0.0,0.0,1,3394.0,3425.0,1,3428.0,3426.0,0.0,0.0,0.0,0.0,3797
2023-05-09 21:00:59,bu2403,bu2403,3428.0,0.0,0.0,0.0,1,3394.0,3425.0,1,3428.0,3426.0,0.0,0.0,0.0,0.0,3797
2023-05-09 21:00:59,bu2403,bu2403,3428.0,0.0,0.0,0.0,1,3394.0,3425.0,1,3428.0,3426.0,0.0,0.0,0.0,0.0,3797
2023-05-09 21:01:02,bu2403,bu2403,3428.0,0.0,0.0,0.0,1,3394.0,3424.0,2,3428.0,3426.0,0.0,0.0,0.0,0.0,3797
2023-05-09 21:01:03,bu2403,bu2403,3428.0,0.0,0.0,0.0,1,3394.0,3424.0,2,3428.0,3426.0,0.0,0.0,0.0,0.0,3797
2023-05-09 21:01:03,bu2403,bu2403,3428.0,0.0,0.0,0.0,1,3394.0,3424.0,2,3428.0,3426.0,0.0,0.0,0.0,0.0,3797
2023-05-09 21:01:07,bu2403,bu2403,3428.0,0.0,0.0,0.0,1,3394.0,3425.0,1,3428.0,3426.0,0.0,0.0,0.0,0.0,3797
2023-05-09 21:01:08,bu2403,bu2403,3428.0,0.0,0.0,0.0,1,3394.0,3425.0,1,3428.0,3426.0,0.0,0.0,0.0,0.0,3797
2023-05-09 21:01:08,bu2403,bu2403,3428.0,0.0,0.0,0.0,2,3394.0,3425.0,1,3428.0,3426.0,0.0,0.0,0.0,0.0,3797
2023-05-09 21:01:09,bu2403,bu2403,3428.0,0.0,0.0,0.0,1,3394.0,3425.0,1,3428.0,3426.0,0.0,0.0,0.0,0.0,3797
2023-05-09 21:01:11,bu2403,bu2403,3428.0,0.0,0.0,0.0,1,3394.0,3425.0,1,3428.0,3426.0,0.0,0.0,0.0,0.0,3797
2023-05-09 21:01:11,bu2403,bu2403,3428.0,0.0,0.0,0.0,1,3394.0,3425.0,1,3428.0,3426.0,0.0,0.0,0.0,0.0,3797
2023-05-09 21:01:12,bu2403,bu2403,3428.0,0.0,0.0,0.0,1,3394.0,3425.0,1,3428.0,3426.0,0.0,0.0,0.0,0.0,3797
2023-05-09 21:01:13,bu2403,bu2403,3428.0,0.0,0.0,0.0,1,3394.0,3425.0,1,3428.0,3426.0,0.0,0.0,0.0,0.0,3797
2023-05-09 21:01:13,bu2403,bu2403,3428.0,0.0,0.0,0.0,1,3394.0,3425.0,1,3428.0,3426.0,0.0,0.0,0.0,0.0,3797
2023-05-09 21:01:14,bu2403,bu2403,3428.0,0.0,0.0,0.0,1,3394.0,3425.0,1,3428.0,3426.0,0.0,0.0,0.0,0.0,3797
2023-05-09 21:01:16,bu2403,bu2403,3428.0,0.0,0.0,0.0,1,3394.0,3425.0,1,3428.0,3426.0,0.0,0.0,0.0,0.0,3797
2023-05-09 21:01:16,bu2403,bu2403,3428.0,0.0,0.0,0.0,1,3394.0,3425.0,1,3428.0,3426.0,0.0,0.0,0.0,0.0,3797
2023-05-09 21:01:17,bu2403,bu2403,3428.0,0.0,0.0,0.0,1,3394.0,3425.0,1,3428.0,3426.0,0.0,0.0,0.0,0.0,3797
2023-05-09 21:01:19,bu2403,bu2403,3428.0,0.0,0.0,0.0,1,3394.0,3425.0,1,3428.0,3426.0,0.0,0.0,0.0,0.0,3797
2023-05-09 21:01:20,bu2403,bu2403,3428.0,0.0,0.0,0.0,1,3394.0,3425.0,1,3428.0,3426.0,0.0,0.0,0.0,0.0,3797
2023-05-09 21:01:22,bu2403,bu2403,3428.0,0.0,0.0,0.0,1,3394.0,3425.0,1,3428.0,3426.0,0.0,0.0,0.0,0.0,3797
2023-05-09 21:01:22,bu2403,bu2403,3428.0,0.0,0.0,0.0,1,3394.0,3425.0,1,3428.0,3426.0,0.0,0.0,0.0,0.0,3797
2023-05-09 21:01:23,bu2403,bu2403,3428.0,0.0,0.0,0.0,2,3394.0,3425.0,1,3428.0,3426.0,0.0,0.0,0.0,0.0,3797
2023-05-09 21:01:24,bu2403,bu2403,3428.0,0.0,0.0,0.0,1,3395.0,3425.0,1,3428.0,3426.0,0.0,0.0,0.0,0.0,3797
2023-05-09 21:01:24,bu2403,bu2403,3428.0,0.0,0.0,0.0,1,3396.0,3425.0,1,3428.0,3426.0,0.0,0.0,0.0,0.0,3797
2023-05-09 21:01:25,bu2403,bu2403,3428.0,0.0,0.0,0.0,1,3397.0,3425.0,1,3428.0,3426.0,0.0,0.0,0.0,0.0,3797
2023-05-09 21:01:25,bu2403,bu2403,3428.0,0.0,0.0,0.0,1,3398.0,3425.0,1,3428.0,3426.0,0.0,0.0,0.0,0.0,3797
2023-05-09 21:01:26,bu2403,bu2403,3428.0,0.0,0.0,0.0,1,3398.0,3425.0,1,3428.0,3426.0,0.0,0.0,0.0,0.0,3797
2023-05-09 21:01:48,bu2403,bu2403,3428.0,0.0,0.0,0.0,1,3397.0,3425.0,1,3428.0,3426.0,0.0,0.0,0.0,0.0,3797
2023-05-09 21:01:48,bu2403,bu2403,3428.0,0.0,0.0,0.0,1,3398.0,3424.0,2,3428.0,3426.0,0.0,0.0,0.0,0.0,3797
2023-05-09 21:01:51,bu2403,bu2403,3428.0,0.0,0.0,0.0,1,3399.0,3424.0,2,3428.0,3426.0,0.0,0.0,0.0,0.0,3797
2023-05-09 21:01:52,bu2403,bu2403,3428.0,0.0,0.0,0.0,1,3399.0,3424.0,2,3428.0,3426.0,0.0,0.0,0.0,0.0,3797
2023-05-09 21:01:52,bu2403,bu2403,3428.0,0.0,0.0,0.0,1,3400.0,3424.0,2,3428.0,3426.0,0.0,0.0,0.0,0.0,3797
2023-05-09 21:01:53,bu2403,bu2403,3428.0,0.0,0.0,0.0,1,3400.0,3424.0,2,3428.0,3426.0,0.0,0.0,0.0,0.0,3797
2023-05-09 21:01:54,bu2403,bu2403,3428.0,0.0,0.0,0.0,2,3400.0,3424.0,2,3428.0,3426.0,0.0,0.0,0.0,0.0,3797
2023-05-09 21:01:55,bu2403,bu2403,3428.0,0.0,0.0,0.0,1,3400.0,3424.0,2,3428.0,3426.0,0.0,0.0,0.0,0.0,3797
2023-05-09 21:01:56,bu2403,bu2403,3428.0,0.0,0.0,0.0,2,3400.0,3424.0,2,3428.0,3426.0,0.0,0.0,0.0,0.0,3797
2023-05-09 21:01:58,bu2403,bu2403,3428.0,0.0,0.0,0.0,1,3401.0,3424.0,2,3428.0,3426.0,0.0,0.0,0.0,0.0,3797
2023-05-09 21:01:58,bu2403,bu2403,3428.0,0.0,0.0,0.0,1,3401.0,3425.0,1,3428.0,3426.0,0.0,0.0,0.0,0.0,3797
2023-05-09 21:01:59,bu2403,bu2403,3428.0,0.0,0.0,0.0,1,3401.0,3425.0,1,3428.0,3426.0,0.0,0.0,0.0,0.0,3797
2023-05-09 21:02:00,bu2403,bu2403,3428.0,0.0,0.0,0.0,1,3400.0,3425.0,1,3428.0,3426.0,0.0,0.0,0.0,0.0,3797
2023-05-09 21:02:02,bu2403,bu2403,3428.0,0.0,0.0,0.0,1,3400.0,3425.0,1,3428.0,3426.0,0.0,0.0,0.0,0.0,3797
2023-05-09 21:02:03,bu2403,bu2403,3428.0,0.0,0.0,0.0,1,3400.0,3425.0,1,3428.0,3426.0,0.0,0.0,0.0,0.0,3797
2023-05-09 21:02:04,bu2403,bu2403,3428.0,0.0,0.0,0.0,1,3400.0,3425.0,1,3428.0,3426.0,0.0,0.0,0.0,0.0,3797
2023-05-09 21:02:05,bu2403,bu2403,3428.0,0.0,0.0,0.0,1,3394.0,3425.0,1,3428.0,3426.0,0.0,0.0,0.0,0.0,3797
2023-05-09 21:02:05,bu2403,bu2403,3428.0,0.0,0.0,0.0,2,3395.0,3425.0,1,3428.0,3426.0,0.0,0.0,0.0,0.0,3797
2023-05-09 21:02:06,bu2403,bu2403,3428.0,0.0,0.0,0.0,2,3395.0,3425.0,1,3428.0,3426.0,0.0,0.0,0.0,0.0,3797
2023-05-09 21:02:07,bu2403,bu2403,3428.0,0.0,0.0,0.0,2,3395.0,3425.0,1,3428.0,3426.0,0.0,0.0,0.0,0.0,3797
2023-05-09 21:02:07,bu2403,bu2403,3428.0,0.0,0.0,0.0,2,3395.0,3425.0,1,3428.0,3426.0,0.0,0.0,0.0,0.0,3797
2023-05-09 21:02:08,bu2403,bu2403,3428.0,0.0,0.0,0.0,2,3395.0,3425.0,1,3428.0,3426.0,0.0,0.0,0.0,0.0,3797
2023-05-09 21:02:12,bu2403,bu2403,3428.0,0.0,0.0,0.0,2,3395.0,3425.0,1,3428.0,3426.0,0.0,0.0,0.0,0.0,3797
2023-05-09 21:02:12,bu2403,bu2403,3428.0,0.0,0.0,0.0,2,3395.0,3425.0,1,3428.0,3426.0,0.0,0.0,0.0,0.0,3797
2023-05-09 21:02:19,bu2403,bu2403,3428.0,0.0,0.0,0.0,2,3395.0,3425.0,1,3428.0,3426.0,0.0,0.0,0.0,0.0,3797
2023-05-09 21:02:19,bu2403,bu2403,3428.0,0.0,0.0,0.0,2,3395.0,3425.0,1,3428.0,3426.0,0.0,0.0,0.0,0.0,3797
2023-05-09 21:02:20,bu2403,bu2403,3428.0,0.0,0.0,0.0,2,3395.0,3425.0,1,3428.0,3426.0,0.0,0.0,0.0,0.0,3797
2023-05-09 21:02:21,bu2403,bu2403,3428.0,0.0,0.0,0.0,2,3395.0,3425.0,1,3428.0,3426.0,0.0,0.0,0.0,0.0,3797
2023-05-09 21:02:23,bu2403,bu2403,3428.0,0.0,0.0,0.0,2,3395.0,3425.0,1,3428.0,3426.0,0.0,0.0,0.0,0.0,3797
2023-05-09 21:02:23,bu2403,bu2403,3428.0,0.0,0.0,0.0,2,3395.0,3425.0,1,3428.0,3426.0,0.0,0.0,0.0,0.0,3797
2023-05-09 21:02:26,bu2403,bu2403,3428.0,0.0,0.0,0.0,2,3395.0,3425.0,1,3428.0,3426.0,0.0,0.0,0.0,0.0,3797
2023-05-09 21:02:31,bu2403,bu2403,3428.0,0.0,0.0,0.0,2,3395.0,3425.0,1,3428.0,3426.0,0.0,0.0,0.0,0.0,3797
2023-05-09 21:02:31,bu2403,bu2403,3428.0,0.0,0.0,0.0,2,3395.0,3425.0,1,3428.0,3426.0,0.0,0.0,0.0,0.0,3797
2023-05-09 21:02:33,bu2403,bu2403,3428.0,0.0,0.0,0.0,4,3395.0,3425.0,1,3428.0,3426.0,0.0,0.0,0.0,0.0,3797
2023-05-09 21:02:33,bu2403,bu2403,3428.0,0.0,0.0,0.0,2,3396.0,3425.0,1,3428.0,3426.0,0.0,0.0,0.0,0.0,3797
2023-05-09 21:02:34,bu2403,bu2403,3428.0,0.0,0.0,0.0,1,3397.0,3425.0,1,3428.0,3426.0,0.0,0.0,0.0,0.0,3797
2023-05-09 21:02:34,bu2403,bu2403,3428.0,0.0,0.0,0.0,1,3397.0,3425.0,1,3428.0,3426.0,0.0,0.0,0.0,0.0,3797
2023-05-09 21:02:35,bu2403,bu2403,3428.0,0.0,0.0,0.0,1,3398.0,3425.0,1,3428.0,3426.0,0.0,0.0,0.0,0.0,3797
2023-05-09 21:02:35,bu2403,bu2403,3428.0,0.0,0.0,0.0,1,3399.0,3425.0,1,3428.0,3426.0,0.0,0.0,0.0,0.0,3797
2023-05-09 21:02:40,bu2403,bu2403,3428.0,0.0,0.0,0.0,1,3399.0,3425.0,1,3428.0,3426.0,0.0,0.0,0.0,0.0,3797
2023-05-09 21:03:13,bu2403,bu2403,3428.0,0.0,0.0,0.0,1,3399.0,3425.0,1,3428.0,3426.0,0.0,0.0,0.0,0.0,3797
2023-05-09 21:03:14,bu2403,bu2403,3428.0,0.0,0.0,0.0,1,3399.0,3425.0,1,3428.0,3426.0,0.0,0.0,0.0,0.0,3797
2023-05-09 21:03:16,bu2403,bu2403,3428.0,0.0,0.0,0.0,2,3400.0,3425.0,1,3428.0,3426.0,0.0,0.0,0.0,0.0,3797
2023-05-09 21:03:17,bu2403,bu2403,3428.0,0.0,0.0,0.0,1,3401.0,3425.0,1,3428.0,3426.0,0.0,0.0,0.0,0.0,3797
2023-05-09 21:03:17,bu2403,bu2403,3428.0,0.0,0.0,0.0,1,3402.0,3425.0,1,3428.0,3426.0,0.0,0.0,0.0,0.0,3797
2023-05-09 21:03:18,bu2403,bu2403,3428.0,0.0,0.0,0.0,1,3403.0,3425.0,1,3428.0,3426.0,0.0,0.0,0.0,0.0,3797
2023-05-09 21:03:54,bu2403,bu2403,3428.0,0.0,0.0,0.0,1,3402.0,3425.0,1,3428.0,3426.0,0.0,0.0,0.0,0.0,3797
2023-05-09 21:03:54,bu2403,bu2403,3428.0,0.0,0.0,0.0,2,3402.0,3425.0,1,3428.0,3426.0,0.0,0.0,0.0,0.0,3797
2023-05-09 21:03:55,bu2403,bu2403,3428.0,0.0,0.0,0.0,1,3402.0,3425.0,1,3428.0,3426.0,0.0,0.0,0.0,0.0,3797
2023-05-09 21:03:55,bu2403,bu2403,3428.0,0.0,0.0,0.0,1,3402.0,3425.0,1,3428.0,3426.0,0.0,0.0,0.0,0.0,3797
2023-05-09 21:03:56,bu2403,bu2403,3428.0,0.0,0.0,0.0,1,3402.0,3425.0,1,3428.0,3426.0,0.0,0.0,0.0,0.0,3797
2023-05-09 21:03:56,bu2403,bu2403,3428.0,0.0,0.0,0.0,1,3402.0,3425.0,1,3428.0,3426.0,0.0,0.0,0.0,0.0,3797
2023-05-09 21:03:58,bu2403,bu2403,3428.0,0.0,0.0,0.0,2,3402.0,3425.0,1,3428.0,3426.0,0.0,0.0,0.0,0.0,3797
2023-05-09 21:03:58,bu2403,bu2403,3428.0,0.0,0.0,0.0,2,3403.0,3425.0,1,3428.0,3426.0,0.0,0.0,0.0,0.0,3797
2023-05-09 21:03:59,bu2403,bu2403,3428.0,0.0,0.0,0.0,1,3404.0,3425.0,1,3428.0,3426.0,0.0,0.0,0.0,0.0,3797
2023-05-09 21:03:59,bu2403,bu2403,3428.0,0.0,0.0,0.0,1,3404.0,3425.0,1,3428.0,3426.0,0.0,0.0,0.0,0.0,3797
2023-05-09 21:04:00,bu2403,bu2403,3428.0,0.0,0.0,0.0,1,3404.0,3424.0,1,3428.0,3426.0,0.0,0.0,0.0,0.0,3797
2023-05-09 21:04:01,bu2403,bu2403,3428.0,0.0,0.0,0.0,2,3403.0,3424.0,1,3428.0,3426.0,0.0,0.0,0.0,0.0,3797
2023-05-09 21:04:01,bu2403,bu2403,3428.0,0.0,0.0,0.0,3,3403.0,3424.0,1,3428.0,3426.0,0.0,0.0,0.0,0.0,3797
2023-05-09 21:04:02,bu2403,bu2403,3428.0,0.0,0.0,0.0,2,3403.0,3424.0,1,3428.0,3426.0,0.0,0.0,0.0,0.0,3797
2023-05-09 21:04:03,bu2403,bu2403,3428.0,0.0,0.0,0.0,2,3403.0,3424.0,1,3428.0,3426.0,0.0,0.0,0.0,0.0,3797
2023-05-09 21:04:03,bu2403,bu2403,3428.0,0.0,0.0,0.0,3,3389.0,3424.0,1,3428.0,3426.0,0.0,0.0,0.0,0.0,3797
2023-05-09 21:04:04,bu2403,bu2403,3428.0,0.0,0.0,0.0,1,3392.0,3424.0,1,3428.0,3426.0,0.0,0.0,0.0,0.0,3797
2023-05-09 21:04:04,bu2403,bu2403,3428.0,0.0,0.0,0.0,1,3393.0,3424.0,1,3428.0,3426.0,0.0,0.0,0.0,0.0,3797
2023-05-09 21:04:05,bu2403,bu2403,3428.0,0.0,0.0,0.0,1,3393.0,3424.0,1,3428.0,3426.0,0.0,0.0,0.0,0.0,3797
2023-05-09 21:04:05,bu2403,bu2403,3428.0,0.0,0.0,0.0,2,3393.0,3424.0,1,3428.0,3426.0,0.0,0.0,0.0,0.0,3797
2023-05-09 21:04:08,bu2403,bu2403,3428.0,0.0,0.0,0.0,2,3393.0,3424.0,1,3428.0,3426.0,0.0,0.0,0.0,0.0,3797
2023-05-09 21:04:08,bu2403,bu2403,3428.0,0.0,0.0,0.0,1,3394.0,3424.0,1,3428.0,3426.0,0.0,0.0,0.0,0.0,3797
2023-05-09 21:04:09,bu2403,bu2403,3428.0,0.0,0.0,0.0,1,3395.0,3424.0,1,3428.0,3426.0,0.0,0.0,0.0,0.0,3797
2023-05-09 21:04:11,bu2403,bu2403,3428.0,0.0,0.0,0.0,1,3395.0,3424.0,1,3428.0,3426.0,0.0,0.0,0.0,0.0,3797
2023-05-09 21:04:20,bu2403,bu2403,3428.0,0.0,0.0,0.0,3,3395.0,3424.0,1,3428.0,3426.0,0.0,0.0,0.0,0.0,3797
2023-05-09 21:04:22,bu2403,bu2403,3428.0,0.0,0.0,0.0,3,3395.0,3424.0,1,3428.0,3426.0,0.0,0.0,0.0,0.0,3797
2023-05-09 21:04:23,bu2403,bu2403,3428.0,0.0,0.0,0.0,1,3395.0,3424.0,1,3428.0,3426.0,0.0,0.0,0.0,0.0,3797
2023-05-09 21:04:24,bu2403,bu2403,3428.0,0.0,0.0,0.0,1,3395.0,3424.0,1,3428.0,3426.0,0.0,0.0,0.0,0.0,3797
2023-05-09 21:04:24,bu2403,bu2403,3428.0,0.0,0.0,0.0,1,3395.0,3424.0,1,3428.0,3426.0,0.0,0.0,0.0,0.0,3797
2023-05-09 21:04:26,bu2403,bu2403,3428.0,0.0,0.0,0.0,1,3395.0,3424.0,1,3428.0,3426.0,0.0,0.0,0.0,0.0,3797
2023-05-09 21:04:28,bu2403,bu2403,3428.0,0.0,0.0,0.0,1,3395.0,3424.0,1,3428.0,3426.0,0.0,0.0,0.0,0.0,3797
2023-05-09 21:04:28,bu2403,bu2403,3428.0,0.0,0.0,0.0,1,3395.0,3424.0,1,3428.0,3426.0,0.0,0.0,0.0,0.0,3797
2023-05-09 21:04:30,bu2403,bu2403,3428.0,0.0,0.0,0.0,1,3395.0,3424.0,1,3428.0,3426.0,0.0,0.0,0.0,0.0,3797
2023-05-09 21:04:30,bu2403,bu2403,3428.0,0.0,0.0,0.0,1,3395.0,3424.0,1,3428.0,3426.0,0.0,0.0,0.0,0.0,3797
2023-05-09 21:04:31,bu2403,bu2403,3428.0,0.0,0.0,0.0,2,3395.0,3424.0,1,3428.0,3426.0,0.0,0.0,0.0,0.0,3797
2023-05-09 21:04:41,bu2403,bu2403,3428.0,0.0,0.0,0.0,2,3395.0,3423.0,2,3428.0,3426.0,0.0,0.0,0.0,0.0,3797
2023-05-09 21:04:55,bu2403,bu2403,3428.0,0.0,0.0,0.0,2,3395.0,3423.0,2,3428.0,3426.0,0.0,0.0,0.0,0.0,3797
2023-05-09 21:04:59,bu2403,bu2403,3428.0,0.0,0.0,0.0,2,3395.0,3424.0,1,3428.0,3426.0,0.0,0.0,0.0,0.0,3797
2023-05-09 21:05:00,bu2403,bu2403,3428.0,0.0,0.0,0.0,2,3395.0,3424.0,1,3428.0,3426.0,0.0,0.0,0.0,0.0,3797
2023-05-09 21:05:00,bu2403,bu2403,3428.0,0.0,0.0,0.0,2,3395.0,3424.0,1,3428.0,3426.0,0.0,0.0,0.0,0.0,3797
2023-05-09 21:05:01,bu2403,bu2403,3428.0,0.0,0.0,0.0,2,3395.0,3424.0,1,3428.0,3426.0,0.0,0.0,0.0,0.0,3797
2023-05-09 21:05:01,bu2403,bu2403,3428.0,0.0,0.0,0.0,2,3395.0,3424.0,1,3428.0,3426.0,0.0,0.0,0.0,0.0,3797
2023-05-09 21:05:03,bu2403,bu2403,3428.0,0.0,0.0,0.0,2,3395.0,3424.0,1,3428.0,3426.0,0.0,0.0,0.0,0.0,3797
2023-05-09 21:05:04,bu2403,bu2403,3428.0,0.0,0.0,0.0,2,3395.0,3424.0,1,3428.0,3426.0,0.0,0.0,0.0,0.0,3797
2023-05-09 21:05:08,bu2403,bu2403,3428.0,0.0,0.0,0.0,2,3395.0,3424.0,1,3428.0,3426.0,0.0,0.0,0.0,0.0,3797
2023-05-09 21:05:08,bu2403,bu2403,3428.0,0.0,0.0,0.0,2,3395.0,3424.0,1,3428.0,3426.0,0.0,0.0,0.0,0.0,3797
2023-05-09 21:05:09,bu2403,bu2403,3428.0,0.0,0.0,0.0,2,3395.0,3423.0,1,3428.0,3426.0,0.0,0.0,0.0,0.0,3797
2023-05-09 21:05:10,bu2403,bu2403,3428.0,0.0,0.0,0.0,2,3395.0,3423.0,1,3428.0,3426.0,0.0,0.0,0.0,0.0,3797
2023-05-09 21:05:10,bu2403,bu2403,3428.0,0.0,0.0,0.0,1,3396.0,3423.0,1,3428.0,3426.0,0.0,0.0,0.0,0.0,3797
2023-05-09 21:05:11,bu2403,bu2403,3428.0,0.0,0.0,0.0,1,3397.0,3423.0,1,3428.0,3426.0,0.0,0.0,0.0,0.0,3797
2023-05-09 21:05:14,bu2403,bu2403,3428.0,0.0,0.0,0.0,1,3397.0,3423.0,1,3428.0,3426.0,0.0,0.0,0.0,0.0,3797
2023-05-09 21:05:14,bu2403,bu2403,3428.0,0.0,0.0,0.0,1,3397.0,3423.0,1,3428.0,3426.0,0.0,0.0,0.0,0.0,3797
2023-05-09 21:05:16,bu2403,bu2403,3428.0,0.0,0.0,0.0,3,3397.0,3423.0,1,3428.0,3426.0,0.0,0.0,0.0,0.0,3797
2023-05-09 21:05:16,bu2403,bu2403,3428.0,0.0,0.0,0.0,3,3397.0,3423.0,1,3428.0,3426.0,0.0,0.0,0.0,0.0,3797
2023-05-09 21:05:17,bu2403,bu2403,3428.0,0.0,0.0,0.0,1,3398.0,3423.0,1,3428.0,3426.0,0.0,0.0,0.0,0.0,3797
2023-05-09 21:05:17,bu2403,bu2403,3428.0,0.0,0.0,0.0,1,3399.0,3423.0,1,3428.0,3426.0,0.0,0.0,0.0,0.0,3797
2023-05-09 21:05:18,bu2403,bu2403,3428.0,0.0,0.0,0.0,1,3399.0,3423.0,1,3428.0,3426.0,0.0,0.0,0.0,0.0,3797
2023-05-09 21:05:19,bu2403,bu2403,3428.0,0.0,0.0,0.0,1,3399.0,3423.0,1,3428.0,3426.0,0.0,0.0,0.0,0.0,3797
2023-05-09 21:05:24,bu2403,bu2403,3428.0,0.0,0.0,0.0,2,3400.0,3423.0,1,3428.0,3426.0,0.0,0.0,0.0,0.0,3797
2023-05-09 21:05:25,bu2403,bu2403,3428.0,0.0,0.0,0.0,1,3401.0,3423.0,1,3428.0,3426.0,0.0,0.0,0.0,0.0,3797
2023-05-09 21:05:27,bu2403,bu2403,3428.0,0.0,0.0,0.0,1,3403.0,3423.0,1,3428.0,3426.0,0.0,0.0,0.0,0.0,3797
2023-05-09 21:05:27,bu2403,bu2403,3428.0,0.0,0.0,0.0,2,3404.0,3423.0,1,3428.0,3426.0,0.0,0.0,0.0,0.0,3797
2023-05-09 21:05:28,bu2403,bu2403,3428.0,0.0,0.0,0.0,2,3404.0,3423.0,1,3428.0,3426.0,0.0,0.0,0.0,0.0,3797
2023-05-09 21:05:28,bu2403,bu2403,3428.0,0.0,0.0,0.0,1,3414.0,3423.0,1,3428.0,3426.0,0.0,0.0,0.0,0.0,3797
2023-05-09 21:05:29,bu2403,bu2403,3428.0,0.0,0.0,0.0,1,3414.0,3423.0,1,3428.0,3426.0,0.0,0.0,0.0,0.0,3797
2023-05-09 21:05:29,bu2403,bu2403,3428.0,0.0,0.0,0.0,1,3414.0,3423.0,1,3428.0,3426.0,0.0,0.0,0.0,0.0,3797
2023-05-09 21:05:30,bu2403,bu2403,3428.0,0.0,0.0,0.0,1,3405.0,3423.0,1,3428.0,3426.0,0.0,0.0,0.0,0.0,3797
2023-05-09 21:05:30,bu2403,bu2403,3428.0,0.0,0.0,0.0,1,3415.0,3423.0,1,3428.0,3426.0,0.0,0.0,0.0,0.0,3797
2023-05-09 21:05:31,bu2403,bu2403,3428.0,0.0,0.0,0.0,1,3415.0,3423.0,1,3428.0,3426.0,0.0,0.0,0.0,0.0,3797
2023-05-09 21:05:33,bu2403,bu2403,3428.0,0.0,0.0,0.0,1,3405.0,3423.0,1,3428.0,3426.0,0.0,0.0,0.0,0.0,3797
2023-05-09 21:05:33,bu2403,bu2403,3428.0,0.0,0.0,0.0,1,3415.0,3423.0,1,3428.0,3426.0,0.0,0.0,0.0,0.0,3797
2023-05-09 21:05:34,bu2403,bu2403,3428.0,0.0,0.0,0.0,1,3415.0,3423.0,1,3428.0,3426.0,0.0,0.0,0.0,0.0,3797
2023-05-09 21:05:35,bu2403,bu2403,3428.0,0.0,0.0,0.0,1,3415.0,3423.0,1,3428.0,3426.0,0.0,0.0,0.0,0.0,3797
2023-05-09 21:05:35,bu2403,bu2403,3428.0,0.0,0.0,0.0,1,3405.0,3423.0,1,3428.0,3426.0,0.0,0.0,0.0,0.0,3797
2023-05-09 21:05:36,bu2403,bu2403,3428.0,0.0,0.0,0.0,1,3415.0,3423.0,1,3428.0,3426.0,0.0,0.0,0.0,0.0,3797
2023-05-09 21:05:36,bu2403,bu2403,3428.0,0.0,0.0,0.0,1,3415.0,3423.0,1,3428.0,3426.0,0.0,0.0,0.0,0.0,3797
2023-05-09 21:05:38,bu2403,bu2403,3428.0,0.0,0.0,0.0,1,3415.0,3425.0,1,3428.0,3426.0,0.0,0.0,0.0,0.0,3797
2023-05-09 21:05:38,bu2403,bu2403,3428.0,0.0,0.0,0.0,1,3405.0,3424.0,1,3428.0,3426.0,0.0,0.0,0.0,0.0,3797
2023-05-09 21:05:39,bu2403,bu2403,3428.0,0.0,0.0,0.0,1,3415.0,3424.0,1,3428.0,3426.0,0.0,0.0,0.0,0.0,3797
2023-05-09 21:05:39,bu2403,bu2403,3428.0,0.0,0.0,0.0,1,3415.0,3424.0,1,3428.0,3426.0,0.0,0.0,0.0,0.0,3797
2023-05-09 21:05:40,bu2403,bu2403,3428.0,0.0,0.0,0.0,1,3415.0,3424.0,1,3428.0,3426.0,0.0,0.0,0.0,0.0,3797
2023-05-09 21:05:40,bu2403,bu2403,3428.0,0.0,0.0,0.0,1,3405.0,3424.0,1,3428.0,3426.0,0.0,0.0,0.0,0.0,3797
2023-05-09 21:05:41,bu2403,bu2403,3428.0,0.0,0.0,0.0,1,3415.0,3424.0,1,3428.0,3426.0,0.0,0.0,0.0,0.0,3797
2023-05-09 21:05:41,bu2403,bu2403,3428.0,0.0,0.0,0.0,1,3415.0,3424.0,1,3428.0,3426.0,0.0,0.0,0.0,0.0,3797
2023-05-09 21:05:48,bu2403,bu2403,3428.0,0.0,0.0,0.0,1,3405.0,3424.0,1,3428.0,3426.0,0.0,0.0,0.0,0.0,3797
2023-05-09 21:05:48,bu2403,bu2403,3428.0,0.0,0.0,0.0,1,3415.0,3424.0,1,3428.0,3426.0,0.0,0.0,0.0,0.0,3797
2023-05-09 21:05:49,bu2403,bu2403,3428.0,0.0,0.0,0.0,1,3415.0,3424.0,1,3428.0,3426.0,0.0,0.0,0.0,0.0,3797
2023-05-09 21:05:53,bu2403,bu2403,3428.0,0.0,0.0,0.0,1,3415.0,3424.0,1,3428.0,3426.0,0.0,0.0,0.0,0.0,3797
2023-05-09 21:05:53,bu2403,bu2403,3428.0,0.0,0.0,0.0,1,3405.0,3424.0,1,3428.0,3426.0,0.0,0.0,0.0,0.0,3797
2023-05-09 21:05:54,bu2403,bu2403,3428.0,0.0,0.0,0.0,1,3415.0,3424.0,1,3428.0,3426.0,0.0,0.0,0.0,0.0,3797
2023-05-09 21:05:54,bu2403,bu2403,3428.0,0.0,0.0,0.0,1,3415.0,3424.0,1,3428.0,3426.0,0.0,0.0,0.0,0.0,3797
2023-05-09 21:05:55,bu2403,bu2403,3428.0,0.0,0.0,0.0,1,3415.0,3424.0,1,3428.0,3426.0,0.0,0.0,0.0,0.0,3797
2023-05-09 21:05:55,bu2403,bu2403,3428.0,0.0,0.0,0.0,1,3416.0,3424.0,1,3428.0,3426.0,0.0,0.0,0.0,0.0,3797
2023-05-09 21:05:56,bu2403,bu2403,3426.0,1.0,34260.0,0.0,1,3416.0,3425.0,1,3428.0,3426.0,3426.0,3426.0,1.0,34260.0,3797
2023-05-09 21:05:57,bu2403,bu2403,3426.0,0.0,0.0,0.0,1,3416.0,3425.0,1,3428.0,3426.0,3426.0,3426.0,1.0,34260.0,3797
2023-05-09 21:05:57,bu2403,bu2403,3426.0,0.0,0.0,0.0,1,3416.0,3425.0,1,3428.0,3426.0,3426.0,3426.0,1.0,34260.0,3797
2023-05-09 21:05:58,bu2403,bu2403,3426.0,0.0,0.0,0.0,1,3416.0,3425.0,1,3428.0,3426.0,3426.0,3426.0,1.0,34260.0,3797
2023-05-09 21:06:03,bu2403,bu2403,3426.0,0.0,0.0,0.0,1,3416.0,3425.0,1,3428.0,3426.0,3426.0,3426.0,1.0,34260.0,3797
2023-05-09 21:06:03,bu2403,bu2403,3426.0,0.0,0.0,0.0,1,3416.0,3425.0,1,3428.0,3426.0,3426.0,3426.0,1.0,34260.0,3797
2023-05-09 21:06:07,bu2403,bu2403,3426.0,0.0,0.0,0.0,2,3417.0,3425.0,1,3428.0,3426.0,3426.0,3426.0,1.0,34260.0,3797
2023-05-09 21:06:08,bu2403,bu2403,3426.0,0.0,0.0,0.0,3,3417.0,3425.0,1,3428.0,3426.0,3426.0,3426.0,1.0,34260.0,3797
2023-05-09 21:06:08,bu2403,bu2403,3426.0,0.0,0.0,0.0,1,3418.0,3425.0,1,3428.0,3426.0,3426.0,3426.0,1.0,34260.0,3797
2023-05-09 21:06:09,bu2403,bu2403,3426.0,0.0,0.0,0.0,2,3417.0,3425.0,1,3428.0,3426.0,3426.0,3426.0,1.0,34260.0,3797
2023-05-09 21:06:09,bu2403,bu2403,3426.0,0.0,0.0,0.0,3,3417.0,3425.0,1,3428.0,3426.0,3426.0,3426.0,1.0,34260.0,3797
2023-05-09 21:06:10,bu2403,bu2403,3426.0,0.0,0.0,0.0,3,3417.0,3425.0,1,3428.0,3426.0,3426.0,3426.0,1.0,34260.0,3797
2023-05-09 21:06:11,bu2403,bu2403,3426.0,0.0,0.0,0.0,1,3405.0,3425.0,1,3428.0,3426.0,3426.0,3426.0,1.0,34260.0,3797
2023-05-09 21:06:11,bu2403,bu2403,3426.0,0.0,0.0,0.0,2,3406.0,3425.0,1,3428.0,3426.0,3426.0,3426.0,1.0,34260.0,3797
2023-05-09 21:06:12,bu2403,bu2403,3426.0,0.0,0.0,0.0,2,3406.0,3425.0,2,3428.0,3426.0,3426.0,3426.0,1.0,34260.0,3797
2023-05-09 21:06:20,bu2403,bu2403,3426.0,0.0,0.0,0.0,2,3406.0,3425.0,1,3428.0,3426.0,3426.0,3426.0,1.0,34260.0,3797
2023-05-09 21:06:25,bu2403,bu2403,3426.0,0.0,0.0,0.0,2,3406.0,3425.0,2,3428.0,3426.0,3426.0,3426.0,1.0,34260.0,3797
2023-05-09 21:06:32,bu2403,bu2403,3426.0,0.0,0.0,0.0,2,3406.0,3425.0,2,3428.0,3426.0,3426.0,3426.0,1.0,34260.0,3797
2023-05-09 21:06:33,bu2403,bu2403,3426.0,0.0,0.0,0.0,2,3406.0,3425.0,2,3428.0,3426.0,3426.0,3426.0,1.0,34260.0,3797
2023-05-09 21:06:49,bu2403,bu2403,3426.0,0.0,0.0,0.0,2,3406.0,3424.0,2,3428.0,3426.0,3426.0,3426.0,1.0,34260.0,3797
2023-05-09 21:06:50,bu2403,bu2403,3426.0,0.0,0.0,0.0,2,3406.0,3424.0,3,3428.0,3426.0,3426.0,3426.0,1.0,34260.0,3797
2023-05-09 21:06:54,bu2403,bu2403,3426.0,0.0,0.0,0.0,1,3406.0,3424.0,3,3428.0,3426.0,3426.0,3426.0,1.0,34260.0,3797
2023-05-09 21:06:55,bu2403,bu2403,3426.0,0.0,0.0,0.0,1,3406.0,3423.0,1,3428.0,3426.0,3426.0,3426.0,1.0,34260.0,3797
2023-05-09 21:06:56,bu2403,bu2403,3426.0,0.0,0.0,0.0,1,3406.0,3424.0,2,3428.0,3426.0,3426.0,3426.0,1.0,34260.0,3797
2023-05-09 21:06:56,bu2403,bu2403,3426.0,0.0,0.0,0.0,1,3406.0,3423.0,1,3428.0,3426.0,3426.0,3426.0,1.0,34260.0,3797
2023-05-09 21:06:57,bu2403,bu2403,3426.0,0.0,0.0,0.0,1,3406.0,3423.0,2,3428.0,3426.0,3426.0,3426.0,1.0,34260.0,3797
2023-05-09 21:06:58,bu2403,bu2403,3426.0,0.0,0.0,0.0,1,3406.0,3423.0,1,3428.0,3426.0,3426.0,3426.0,1.0,34260.0,3797
2023-05-09 21:07:06,bu2403,bu2403,3426.0,0.0,0.0,0.0,1,3406.0,3422.0,1,3428.0,3426.0,3426.0,3426.0,1.0,34260.0,3797
2023-05-09 21:07:06,bu2403,bu2403,3426.0,0.0,0.0,0.0,1,3406.0,3422.0,2,3428.0,3426.0,3426.0,3426.0,1.0,34260.0,3797
2023-05-09 21:07:07,bu2403,bu2403,3426.0,0.0,0.0,0.0,1,3406.0,3422.0,2,3428.0,3426.0,3426.0,3426.0,1.0,34260.0,3797
2023-05-09 21:07:08,bu2403,bu2403,3426.0,0.0,0.0,0.0,1,3407.0,3422.0,2,3428.0,3426.0,3426.0,3426.0,1.0,34260.0,3797
2023-05-09 21:07:09,bu2403,bu2403,3426.0,0.0,0.0,0.0,1,3408.0,3422.0,2,3428.0,3426.0,3426.0,3426.0,1.0,34260.0,3797
2023-05-09 21:07:11,bu2403,bu2403,3426.0,0.0,0.0,0.0,1,3399.0,3422.0,2,3428.0,3426.0,3426.0,3426.0,1.0,34260.0,3797
2023-05-09 21:07:11,bu2403,bu2403,3426.0,0.0,0.0,0.0,2,3400.0,3422.0,2,3428.0,3426.0,3426.0,3426.0,1.0,34260.0,3797
2023-05-09 21:07:17,bu2403,bu2403,3426.0,0.0,0.0,0.0,2,3400.0,3422.0,2,3428.0,3426.0,3426.0,3426.0,1.0,34260.0,3797
2023-05-09 21:07:18,bu2403,bu2403,3426.0,0.0,0.0,0.0,2,3400.0,3422.0,2,3428.0,3426.0,3426.0,3426.0,1.0,34260.0,3797
2023-05-09 21:07:31,bu2403,bu2403,3426.0,0.0,0.0,0.0,2,3400.0,3422.0,2,3428.0,3426.0,3426.0,3426.0,1.0,34260.0,3797
2023-05-09 21:07:32,bu2403,bu2403,3426.0,0.0,0.0,0.0,2,3400.0,3422.0,2,3428.0,3426.0,3426.0,3426.0,1.0,34260.0,3797
2023-05-09 21:07:33,bu2403,bu2403,3426.0,0.0,0.0,0.0,2,3401.0,3422.0,2,3428.0,3426.0,3426.0,3426.0,1.0,34260.0,3797
2023-05-09 21:07:33,bu2403,bu2403,3426.0,0.0,0.0,0.0,1,3402.0,3422.0,2,3428.0,3426.0,3426.0,3426.0,1.0,34260.0,3797
2023-05-09 21:07:34,bu2403,bu2403,3426.0,0.0,0.0,0.0,1,3402.0,3422.0,2,3428.0,3426.0,3426.0,3426.0,1.0,34260.0,3797
2023-05-09 21:07:34,bu2403,bu2403,3426.0,0.0,0.0,0.0,1,3403.0,3422.0,2,3428.0,3426.0,3426.0,3426.0,1.0,34260.0,3797
2023-05-09 21:07:35,bu2403,bu2403,3426.0,0.0,0.0,0.0,1,3404.0,3422.0,2,3428.0,3426.0,3426.0,3426.0,1.0,34260.0,3797
2023-05-09 21:07:53,bu2403,bu2403,3426.0,0.0,0.0,0.0,1,3404.0,3422.0,2,3428.0,3426.0,3426.0,3426.0,1.0,34260.0,3797
2023-05-09 21:07:59,bu2403,bu2403,3426.0,0.0,0.0,0.0,1,3404.0,3422.0,2,3428.0,3426.0,3426.0,3426.0,1.0,34260.0,3797
2023-05-09 21:07:59,bu2403,bu2403,3426.0,0.0,0.0,0.0,1,3404.0,3422.0,1,3428.0,3426.0,3426.0,3426.0,1.0,34260.0,3797
2023-05-09 21:08:01,bu2403,bu2403,3426.0,0.0,0.0,0.0,1,3404.0,3422.0,2,3428.0,3426.0,3426.0,3426.0,1.0,34260.0,3797
2023-05-09 21:08:01,bu2403,bu2403,3426.0,0.0,0.0,0.0,1,3404.0,3422.0,1,3428.0,3426.0,3426.0,3426.0,1.0,34260.0,3797
2023-05-09 21:08:04,bu2403,bu2403,3426.0,0.0,0.0,0.0,1,3404.0,3422.0,2,3428.0,3426.0,3426.0,3426.0,1.0,34260.0,3797
2023-05-09 21:08:06,bu2403,bu2403,3426.0,0.0,0.0,0.0,1,3404.0,3422.0,1,3428.0,3426.0,3426.0,3426.0,1.0,34260.0,3797
2023-05-09 21:08:11,bu2403,bu2403,3426.0,0.0,0.0,0.0,1,3404.0,3422.0,2,3428.0,3426.0,3426.0,3426.0,1.0,34260.0,3797
2023-05-09 21:08:12,bu2403,bu2403,3426.0,0.0,0.0,0.0,1,3404.0,3422.0,2,3428.0,3426.0,3426.0,3426.0,1.0,34260.0,3797
2023-05-09 21:08:15,bu2403,bu2403,3426.0,0.0,0.0,0.0,2,3405.0,3422.0,2,3428.0,3426.0,3426.0,3426.0,1.0,34260.0,3797
2023-05-09 21:08:16,bu2403,bu2403,3426.0,0.0,0.0,0.0,1,3406.0,3422.0,2,3428.0,3426.0,3426.0,3426.0,1.0,34260.0,3797
2023-05-09 21:08:16,bu2403,bu2403,3426.0,0.0,0.0,0.0,1,3407.0,3422.0,2,3428.0,3426.0,3426.0,3426.0,1.0,34260.0,3797
2023-05-09 21:08:17,bu2403,bu2403,3426.0,0.0,0.0,0.0,1,3408.0,3422.0,2,3428.0,3426.0,3426.0,3426.0,1.0,34260.0,3797
2023-05-09 21:08:27,bu2403,bu2403,3426.0,0.0,0.0,0.0,1,3408.0,3422.0,1,3428.0,3426.0,3426.0,3426.0,1.0,34260.0,3797
2023-05-09 21:08:31,bu2403,bu2403,3426.0,0.0,0.0,0.0,1,3408.0,3422.0,2,3428.0,3426.0,3426.0,3426.0,1.0,34260.0,3797
2023-05-09 21:08:36,bu2403,bu2403,3426.0,0.0,0.0,0.0,1,3408.0,3422.0,1,3428.0,3426.0,3426.0,3426.0,1.0,34260.0,3797
2023-05-09 21:08:47,bu2403,bu2403,3426.0,0.0,0.0,0.0,1,3408.0,3422.0,2,3428.0,3426.0,3426.0,3426.0,1.0,34260.0,3797
2023-05-09 21:08:55,bu2403,bu2403,3426.0,0.0,0.0,0.0,1,3408.0,3422.0,2,3428.0,3426.0,3426.0,3426.0,1.0,34260.0,3797
2023-05-09 21:08:59,bu2403,bu2403,3426.0,0.0,0.0,0.0,1,3408.0,3421.0,2,3428.0,3426.0,3426.0,3426.0,1.0,34260.0,3797
2023-05-09 21:09:00,bu2403,bu2403,3426.0,0.0,0.0,0.0,1,3408.0,3421.0,3,3428.0,3426.0,3426.0,3426.0,1.0,34260.0,3797
2023-05-09 21:09:00,bu2403,bu2403,3426.0,0.0,0.0,0.0,1,3408.0,3421.0,2,3428.0,3426.0,3426.0,3426.0,1.0,34260.0,3797
2023-05-09 21:09:02,bu2403,bu2403,3426.0,0.0,0.0,0.0,1,3408.0,3421.0,3,3428.0,3426.0,3426.0,3426.0,1.0,34260.0,3797
2023-05-09 21:09:21,bu2403,bu2403,3426.0,0.0,0.0,0.0,1,3407.0,3421.0,3,3428.0,3426.0,3426.0,3426.0,1.0,34260.0,3797
2023-05-09 21:09:21,bu2403,bu2403,3426.0,0.0,0.0,0.0,2,3407.0,3421.0,3,3428.0,3426.0,3426.0,3426.0,1.0,34260.0,3797
2023-05-09 21:09:22,bu2403,bu2403,3426.0,0.0,0.0,0.0,1,3408.0,3421.0,3,3428.0,3426.0,3426.0,3426.0,1.0,34260.0,3797
2023-05-09 21:09:29,bu2403,bu2403,3426.0,0.0,0.0,0.0,1,3408.0,3421.0,2,3428.0,3426.0,3426.0,3426.0,1.0,34260.0,3797
2023-05-09 21:09:30,bu2403,bu2403,3426.0,0.0,0.0,0.0,1,3408.0,3422.0,1,3428.0,3426.0,3426.0,3426.0,1.0,34260.0,3797
2023-05-09 21:09:30,bu2403,bu2403,3426.0,0.0,0.0,0.0,1,3408.0,3422.0,2,3428.0,3426.0,3426.0,3426.0,1.0,34260.0,3797
2023-05-09 21:09:31,bu2403,bu2403,3426.0,0.0,0.0,0.0,1,3408.0,3422.0,2,3428.0,3426.0,3426.0,3426.0,1.0,34260.0,3797
2023-05-09 21:09:37,bu2403,bu2403,3426.0,0.0,0.0,0.0,1,3408.0,3422.0,1,3428.0,3426.0,3426.0,3426.0,1.0,34260.0,3797
2023-05-09 21:09:38,bu2403,bu2403,3426.0,0.0,0.0,0.0,1,3408.0,3422.0,2,3428.0,3426.0,3426.0,3426.0,1.0,34260.0,3797
2023-05-09 21:09:43,bu2403,bu2403,3426.0,0.0,0.0,0.0,2,3409.0,3422.0,2,3428.0,3426.0,3426.0,3426.0,1.0,34260.0,3797
2023-05-09 21:09:43,bu2403,bu2403,3426.0,0.0,0.0,0.0,3,3409.0,3422.0,2,3428.0,3426.0,3426.0,3426.0,1.0,34260.0,3797
2023-05-09 21:09:46,bu2403,bu2403,3426.0,0.0,0.0,0.0,2,3409.0,3422.0,2,3428.0,3426.0,3426.0,3426.0,1.0,34260.0,3797
2023-05-09 21:09:51,bu2403,bu2403,3426.0,0.0,0.0,0.0,2,3398.0,3422.0,2,3428.0,3426.0,3426.0,3426.0,1.0,34260.0,3797
2023-05-09 21:09:51,bu2403,bu2403,3426.0,0.0,0.0,0.0,2,3399.0,3422.0,2,3428.0,3426.0,3426.0,3426.0,1.0,34260.0,3797
2023-05-09 21:09:53,bu2403,bu2403,3426.0,0.0,0.0,0.0,2,3399.0,3422.0,2,3428.0,3426.0,3426.0,3426.0,1.0,34260.0,3797
2023-05-09 21:09:55,bu2403,bu2403,3426.0,0.0,0.0,0.0,2,3399.0,3422.0,2,3428.0,3426.0,3426.0,3426.0,1.0,34260.0,3797
2023-05-09 21:09:56,bu2403,bu2403,3426.0,0.0,0.0,0.0,2,3399.0,3422.0,2,3428.0,3426.0,3426.0,3426.0,1.0,34260.0,3797
2023-05-09 21:09:56,bu2403,bu2403,3426.0,0.0,0.0,0.0,2,3399.0,3422.0,2,3428.0,3426.0,3426.0,3426.0,1.0,34260.0,3797
2023-05-09 21:10:01,bu2403,bu2403,3426.0,0.0,0.0,0.0,2,3399.0,3422.0,2,3428.0,3426.0,3426.0,3426.0,1.0,34260.0,3797
2023-05-09 21:10:02,bu2403,bu2403,3426.0,0.0,0.0,0.0,2,3399.0,3422.0,2,3428.0,3426.0,3426.0,3426.0,1.0,34260.0,3797
2023-05-09 21:10:03,bu2403,bu2403,3426.0,0.0,0.0,0.0,2,3399.0,3422.0,2,3428.0,3426.0,3426.0,3426.0,1.0,34260.0,3797
2023-05-09 21:10:06,bu2403,bu2403,3426.0,0.0,0.0,0.0,2,3399.0,3422.0,2,3428.0,3426.0,3426.0,3426.0,1.0,34260.0,3797
2023-05-09 21:10:06,bu2403,bu2403,3426.0,0.0,0.0,0.0,2,3399.0,3422.0,2,3428.0,3426.0,3426.0,3426.0,1.0,34260.0,3797
2023-05-09 21:10:07,bu2403,bu2403,3426.0,0.0,0.0,0.0,2,3399.0,3422.0,2,3428.0,3426.0,3426.0,3426.0,1.0,34260.0,3797
2023-05-09 21:10:07,bu2403,bu2403,3426.0,0.0,0.0,0.0,1,3400.0,3422.0,1,3428.0,3426.0,3426.0,3426.0,1.0,34260.0,3797
2023-05-09 21:10:08,bu2403,bu2403,3426.0,0.0,0.0,0.0,1,3401.0,3422.0,1,3428.0,3426.0,3426.0,3426.0,1.0,34260.0,3797
2023-05-09 21:10:08,bu2403,bu2403,3426.0,0.0,0.0,0.0,1,3401.0,3422.0,1,3428.0,3426.0,3426.0,3426.0,1.0,34260.0,3797
2023-05-09 21:10:09,bu2403,bu2403,3426.0,0.0,0.0,0.0,1,3402.0,3422.0,1,3428.0,3426.0,3426.0,3426.0,1.0,34260.0,3797
2023-05-09 21:10:09,bu2403,bu2403,3426.0,0.0,0.0,0.0,1,3403.0,3422.0,1,3428.0,3426.0,3426.0,3426.0,1.0,34260.0,3797
2023-05-09 21:10:11,bu2403,bu2403,3426.0,0.0,0.0,0.0,1,3403.0,3422.0,2,3428.0,3426.0,3426.0,3426.0,1.0,34260.0,3797
2023-05-09 21:10:25,bu2403,bu2403,3426.0,0.0,0.0,0.0,2,3404.0,3422.0,2,3428.0,3426.0,3426.0,3426.0,1.0,34260.0,3797
2023-05-09 21:10:26,bu2403,bu2403,3426.0,0.0,0.0,0.0,1,3405.0,3422.0,2,3428.0,3426.0,3426.0,3426.0,1.0,34260.0,3797
2023-05-09 21:10:26,bu2403,bu2403,3426.0,0.0,0.0,0.0,1,3406.0,3422.0,2,3428.0,3426.0,3426.0,3426.0,1.0,34260.0,3797
2023-05-09 21:10:27,bu2403,bu2403,3426.0,0.0,0.0,0.0,1,3407.0,3422.0,2,3428.0,3426.0,3426.0,3426.0,1.0,34260.0,3797
2023-05-09 21:10:40,bu2403,bu2403,3426.0,0.0,0.0,0.0,1,3407.0,3422.0,1,3428.0,3426.0,3426.0,3426.0,1.0,34260.0,3797
2023-05-09 21:10:46,bu2403,bu2403,3426.0,0.0,0.0,0.0,1,3407.0,3422.0,2,3428.0,3426.0,3426.0,3426.0,1.0,34260.0,3797
2023-05-09 21:10:57,bu2403,bu2403,3426.0,0.0,0.0,0.0,1,3407.0,3422.0,1,3428.0,3426.0,3426.0,3426.0,1.0,34260.0,3797
2023-05-09 21:10:58,bu2403,bu2403,3426.0,0.0,0.0,0.0,1,3407.0,3422.0,1,3428.0,3426.0,3426.0,3426.0,1.0,34260.0,3797
2023-05-09 21:11:04,bu2403,bu2403,3426.0,0.0,0.0,0.0,1,3407.0,3422.0,1,3428.0,3426.0,3426.0,3426.0,1.0,34260.0,3797
2023-05-09 21:11:08,bu2403,bu2403,3426.0,0.0,0.0,0.0,2,3408.0,3422.0,1,3428.0,3426.0,3426.0,3426.0,1.0,34260.0,3797
2023-05-09 21:11:09,bu2403,bu2403,3426.0,0.0,0.0,0.0,1,3409.0,3422.0,1,3428.0,3426.0,3426.0,3426.0,1.0,34260.0,3797
2023-05-09 21:11:11,bu2403,bu2403,3426.0,0.0,0.0,0.0,1,3410.0,3422.0,1,3428.0,3426.0,3426.0,3426.0,1.0,34260.0,3797
2023-05-09 21:11:12,bu2403,bu2403,3426.0,0.0,0.0,0.0,1,3411.0,3422.0,1,3428.0,3426.0,3426.0,3426.0,1.0,34260.0,3797
2023-05-09 21:11:12,bu2403,bu2403,3426.0,0.0,0.0,0.0,1,3411.0,3422.0,1,3428.0,3426.0,3426.0,3426.0,1.0,34260.0,3797
2023-05-09 21:11:28,bu2403,bu2403,3426.0,0.0,0.0,0.0,1,3411.0,3425.0,1,3428.0,3426.0,3426.0,3426.0,1.0,34260.0,3797
2023-05-09 21:11:36,bu2403,bu2403,3426.0,0.0,0.0,0.0,1,3411.0,3425.0,2,3428.0,3426.0,3426.0,3426.0,1.0,34260.0,3797
2023-05-09 21:11:43,bu2403,bu2403,3426.0,0.0,0.0,0.0,1,3411.0,3425.0,2,3428.0,3426.0,3426.0,3426.0,1.0,34260.0,3797
2023-05-09 21:11:47,bu2403,bu2403,3426.0,0.0,0.0,0.0,1,3411.0,3425.0,2,3428.0,3426.0,3426.0,3426.0,1.0,34260.0,3797
2023-05-09 21:11:48,bu2403,bu2403,3426.0,0.0,0.0,0.0,1,3411.0,3425.0,2,3428.0,3426.0,3426.0,3426.0,1.0,34260.0,3797
2023-05-09 21:11:48,bu2403,bu2403,3426.0,0.0,0.0,0.0,1,3411.0,3425.0,2,3428.0,3426.0,3426.0,3426.0,1.0,34260.0,3797
2023-05-09 21:11:49,bu2403,bu2403,3426.0,0.0,0.0,0.0,1,3411.0,3425.0,2,3428.0,3426.0,3426.0,3426.0,1.0,34260.0,3797
2023-05-09 21:11:52,bu2403,bu2403,3426.0,0.0,0.0,0.0,2,3412.0,3425.0,2,3428.0,3426.0,3426.0,3426.0,1.0,34260.0,3797
2023-05-09 21:11:52,bu2403,bu2403,3426.0,0.0,0.0,0.0,3,3412.0,3425.0,2,3428.0,3426.0,3426.0,3426.0,1.0,34260.0,3797
2023-05-09 21:11:53,bu2403,bu2403,3426.0,0.0,0.0,0.0,3,3412.0,3425.0,2,3428.0,3426.0,3426.0,3426.0,1.0,34260.0,3797
2023-05-09 21:11:54,bu2403,bu2403,3426.0,0.0,0.0,0.0,3,3412.0,3425.0,2,3428.0,3426.0,3426.0,3426.0,1.0,34260.0,3797
2023-05-09 21:11:54,bu2403,bu2403,3426.0,0.0,0.0,0.0,3,3412.0,3425.0,2,3428.0,3426.0,3426.0,3426.0,1.0,34260.0,3797
2023-05-09 21:11:55,bu2403,bu2403,3426.0,0.0,0.0,0.0,3,3412.0,3425.0,2,3428.0,3426.0,3426.0,3426.0,1.0,34260.0,3797
2023-05-09 21:11:57,bu2403,bu2403,3426.0,0.0,0.0,0.0,1,3413.0,3425.0,1,3428.0,3426.0,3426.0,3426.0,1.0,34260.0,3797
2023-05-09 21:12:04,bu2403,bu2403,3426.0,0.0,0.0,0.0,2,3412.0,3425.0,2,3428.0,3426.0,3426.0,3426.0,1.0,34260.0,3797
2023-05-09 21:12:04,bu2403,bu2403,3426.0,0.0,0.0,0.0,3,3412.0,3425.0,2,3428.0,3426.0,3426.0,3426.0,1.0,34260.0,3797
2023-05-09 21:12:05,bu2403,bu2403,3426.0,0.0,0.0,0.0,2,3412.0,3425.0,2,3428.0,3426.0,3426.0,3426.0,1.0,34260.0,3797
2023-05-09 21:12:06,bu2403,bu2403,3426.0,0.0,0.0,0.0,2,3412.0,3425.0,2,3428.0,3426.0,3426.0,3426.0,1.0,34260.0,3797
2023-05-09 21:12:07,bu2403,bu2403,3426.0,0.0,0.0,0.0,2,3412.0,3425.0,2,3428.0,3426.0,3426.0,3426.0,1.0,34260.0,3797
2023-05-09 21:12:10,bu2403,bu2403,3426.0,0.0,0.0,0.0,2,3412.0,3425.0,2,3428.0,3426.0,3426.0,3426.0,1.0,34260.0,3797
2023-05-09 21:12:10,bu2403,bu2403,3426.0,0.0,0.0,0.0,2,3412.0,3425.0,2,3428.0,3426.0,3426.0,3426.0,1.0,34260.0,3797
2023-05-09 21:12:11,bu2403,bu2403,3426.0,0.0,0.0,0.0,2,3401.0,3425.0,2,3428.0,3426.0,3426.0,3426.0,1.0,34260.0,3797
2023-05-09 21:12:12,bu2403,bu2403,3426.0,0.0,0.0,0.0,2,3402.0,3425.0,2,3428.0,3426.0,3426.0,3426.0,1.0,34260.0,3797
2023-05-09 21:12:35,bu2403,bu2403,3426.0,0.0,0.0,0.0,2,3403.0,3425.0,2,3428.0,3426.0,3426.0,3426.0,1.0,34260.0,3797
2023-05-09 21:12:36,bu2403,bu2403,3426.0,0.0,0.0,0.0,1,3404.0,3425.0,2,3428.0,3426.0,3426.0,3426.0,1.0,34260.0,3797
2023-05-09 21:12:36,bu2403,bu2403,3426.0,0.0,0.0,0.0,1,3404.0,3425.0,2,3428.0,3426.0,3426.0,3426.0,1.0,34260.0,3797
2023-05-09 21:12:37,bu2403,bu2403,3426.0,0.0,0.0,0.0,1,3405.0,3425.0,2,3428.0,3426.0,3426.0,3426.0,1.0,34260.0,3797
2023-05-09 21:12:37,bu2403,bu2403,3426.0,0.0,0.0,0.0,1,3406.0,3425.0,2,3428.0,3426.0,3426.0,3426.0,1.0,34260.0,3797
2023-05-09 21:12:43,bu2403,bu2403,3426.0,0.0,0.0,0.0,1,3406.0,3425.0,2,3428.0,3426.0,3426.0,3426.0,1.0,34260.0,3797
2023-05-09 21:13:15,bu2403,bu2403,3426.0,0.0,0.0,0.0,1,3406.0,3425.0,2,3428.0,3426.0,3426.0,3426.0,1.0,34260.0,3797
2023-05-09 21:13:18,bu2403,bu2403,3426.0,0.0,0.0,0.0,2,3407.0,3425.0,2,3428.0,3426.0,3426.0,3426.0,1.0,34260.0,3797
2023-05-09 21:13:19,bu2403,bu2403,3426.0,0.0,0.0,0.0,1,3408.0,3425.0,2,3428.0,3426.0,3426.0,3426.0,1.0,34260.0,3797
2023-05-09 21:13:19,bu2403,bu2403,3426.0,0.0,0.0,0.0,1,3409.0,3425.0,2,3428.0,3426.0,3426.0,3426.0,1.0,34260.0,3797
2023-05-09 21:13:20,bu2403,bu2403,3426.0,0.0,0.0,0.0,1,3410.0,3425.0,2,3428.0,3426.0,3426.0,3426.0,1.0,34260.0,3797
2023-05-09 21:13:24,bu2403,bu2403,3426.0,0.0,0.0,0.0,1,3410.0,3425.0,2,3428.0,3426.0,3426.0,3426.0,1.0,34260.0,3797
2023-05-09 21:13:27,bu2403,bu2403,3426.0,0.0,0.0,0.0,1,3410.0,3425.0,1,3428.0,3426.0,3426.0,3426.0,1.0,34260.0,3797
2023-05-09 21:13:40,bu2403,bu2403,3426.0,0.0,0.0,0.0,1,3410.0,3425.0,2,3428.0,3426.0,3426.0,3426.0,1.0,34260.0,3797
2023-05-09 21:13:44,bu2403,bu2403,3426.0,0.0,0.0,0.0,1,3410.0,3425.0,1,3428.0,3426.0,3426.0,3426.0,1.0,34260.0,3797
2023-05-09 21:13:46,bu2403,bu2403,3426.0,0.0,0.0,0.0,1,3410.0,3425.0,1,3428.0,3426.0,3426.0,3426.0,1.0,34260.0,3797
2023-05-09 21:13:57,bu2403,bu2403,3426.0,0.0,0.0,0.0,1,3410.0,3425.0,1,3428.0,3426.0,3426.0,3426.0,1.0,34260.0,3797
2023-05-09 21:14:01,bu2403,bu2403,3426.0,0.0,0.0,0.0,2,3411.0,3425.0,1,3428.0,3426.0,3426.0,3426.0,1.0,34260.0,3797
2023-05-09 21:14:02,bu2403,bu2403,3426.0,0.0,0.0,0.0,1,3412.0,3425.0,1,3428.0,3426.0,3426.0,3426.0,1.0,34260.0,3797
2023-05-09 21:14:24,bu2403,bu2403,3426.0,0.0,0.0,0.0,1,3412.0,3425.0,2,3428.0,3426.0,3426.0,3426.0,1.0,34260.0,3797
2023-05-09 21:14:26,bu2403,bu2403,3426.0,0.0,0.0,0.0,2,3411.0,3425.0,2,3428.0,3426.0,3426.0,3426.0,1.0,34260.0,3797
2023-05-09 21:14:26,bu2403,bu2403,3426.0,0.0,0.0,0.0,3,3411.0,3425.0,2,3428.0,3426.0,3426.0,3426.0,1.0,34260.0,3797
2023-05-09 21:14:27,bu2403,bu2403,3426.0,0.0,0.0,0.0,1,3412.0,3425.0,2,3428.0,3426.0,3426.0,3426.0,1.0,34260.0,3797
2023-05-09 21:14:28,bu2403,bu2403,3426.0,0.0,0.0,0.0,1,3412.0,3425.0,1,3428.0,3426.0,3426.0,3426.0,1.0,34260.0,3797
2023-05-09 21:14:48,bu2403,bu2403,3426.0,0.0,0.0,0.0,1,3412.0,3425.0,2,3428.0,3426.0,3426.0,3426.0,1.0,34260.0,3797
2023-05-09 21:14:55,bu2403,bu2403,3426.0,0.0,0.0,0.0,2,3411.0,3425.0,2,3428.0,3426.0,3426.0,3426.0,1.0,34260.0,3797
2023-05-09 21:14:56,bu2403,bu2403,3426.0,0.0,0.0,0.0,3,3411.0,3425.0,2,3428.0,3426.0,3426.0,3426.0,1.0,34260.0,3797
2023-05-09 21:15:02,bu2403,bu2403,3426.0,0.0,0.0,0.0,1,3412.0,3425.0,2,3428.0,3426.0,3426.0,3426.0,1.0,34260.0,3797
2023-05-09 21:15:05,bu2403,bu2403,3426.0,0.0,0.0,0.0,2,3411.0,3425.0,2,3428.0,3426.0,3426.0,3426.0,1.0,34260.0,3797
2023-05-09 21:15:05,bu2403,bu2403,3426.0,0.0,0.0,0.0,1,3412.0,3425.0,2,3428.0,3426.0,3426.0,3426.0,1.0,34260.0,3797
2023-05-09 21:15:06,bu2403,bu2403,3426.0,0.0,0.0,0.0,1,3413.0,3425.0,1,3428.0,3426.0,3426.0,3426.0,1.0,34260.0,3797
2023-05-09 21:15:11,bu2403,bu2403,3426.0,0.0,0.0,0.0,2,3411.0,3425.0,2,3428.0,3426.0,3426.0,3426.0,1.0,34260.0,3797
2023-05-09 21:15:11,bu2403,bu2403,3426.0,0.0,0.0,0.0,1,3412.0,3425.0,2,3428.0,3426.0,3426.0,3426.0,1.0,34260.0,3797
2023-05-09 21:15:22,bu2403,bu2403,3426.0,0.0,0.0,0.0,1,3412.0,3425.0,1,3428.0,3426.0,3426.0,3426.0,1.0,34260.0,3797
2023-05-09 21:15:50,bu2403,bu2403,3426.0,0.0,0.0,0.0,1,3412.0,3425.0,1,3428.0,3426.0,3426.0,3426.0,1.0,34260.0,3797
2023-05-09 21:15:56,bu2403,bu2403,3426.0,0.0,0.0,0.0,1,3412.0,3425.0,1,3428.0,3426.0,3426.0,3426.0,1.0,34260.0,3797
2023-05-09 21:15:57,bu2403,bu2403,3426.0,0.0,0.0,0.0,1,3413.0,3425.0,1,3428.0,3426.0,3426.0,3426.0,1.0,34260.0,3797
2023-05-09 21:15:57,bu2403,bu2403,3426.0,0.0,0.0,0.0,1,3414.0,3425.0,1,3428.0,3426.0,3426.0,3426.0,1.0,34260.0,3797
2023-05-09 21:16:00,bu2403,bu2403,3426.0,0.0,0.0,0.0,1,3414.0,3425.0,1,3428.0,3426.0,3426.0,3426.0,1.0,34260.0,3797
2023-05-09 21:16:02,bu2403,bu2403,3426.0,0.0,0.0,0.0,1,3414.0,3428.0,1,3428.0,3426.0,3426.0,3426.0,1.0,34260.0,3797
2023-05-09 21:16:03,bu2403,bu2403,3426.0,0.0,0.0,0.0,1,3414.0,3428.0,2,3428.0,3426.0,3426.0,3426.0,1.0,34260.0,3797
2023-05-09 21:16:06,bu2403,bu2403,3426.0,0.0,0.0,0.0,1,3414.0,3428.0,2,3428.0,3426.0,3426.0,3426.0,1.0,34260.0,3797
2023-05-09 21:16:06,bu2403,bu2403,3426.0,0.0,0.0,0.0,1,3414.0,3428.0,2,3428.0,3426.0,3426.0,3426.0,1.0,34260.0,3797
2023-05-09 21:16:10,bu2403,bu2403,3426.0,0.0,0.0,0.0,1,3414.0,3427.0,2,3428.0,3426.0,3426.0,3426.0,1.0,34260.0,3797
2023-05-09 21:16:11,bu2403,bu2403,3426.0,0.0,0.0,0.0,1,3414.0,3427.0,3,3428.0,3426.0,3426.0,3426.0,1.0,34260.0,3797
2023-05-09 21:16:13,bu2403,bu2403,3426.0,0.0,0.0,0.0,1,3395.0,3427.0,3,3428.0,3426.0,3426.0,3426.0,1.0,34260.0,3797
2023-05-09 21:16:13,bu2403,bu2403,3426.0,0.0,0.0,0.0,2,3404.0,3427.0,1,3428.0,3426.0,3426.0,3426.0,1.0,34260.0,3797
2023-05-09 21:16:14,bu2403,bu2403,3426.0,0.0,0.0,0.0,1,3405.0,3427.0,1,3428.0,3426.0,3426.0,3426.0,1.0,34260.0,3797
2023-05-09 21:16:14,bu2403,bu2403,3426.0,0.0,0.0,0.0,1,3406.0,3427.0,1,3428.0,3426.0,3426.0,3426.0,1.0,34260.0,3797
2023-05-09 21:16:15,bu2403,bu2403,3426.0,0.0,0.0,0.0,1,3407.0,3427.0,1,3428.0,3426.0,3426.0,3426.0,1.0,34260.0,3797
2023-05-09 21:16:15,bu2403,bu2403,3426.0,0.0,0.0,0.0,1,3407.0,3427.0,1,3428.0,3426.0,3426.0,3426.0,1.0,34260.0,3797
2023-05-09 21:16:21,bu2403,bu2403,3426.0,0.0,0.0,0.0,3,3407.0,3428.0,1,3428.0,3426.0,3426.0,3426.0,1.0,34260.0,3797
2023-05-09 21:16:21,bu2403,bu2403,3426.0,0.0,0.0,0.0,3,3407.0,3428.0,2,3428.0,3426.0,3426.0,3426.0,1.0,34260.0,3797
2023-05-09 21:16:46,bu2403,bu2403,3426.0,0.0,0.0,0.0,3,3407.0,3428.0,1,3428.0,3426.0,3426.0,3426.0,1.0,34260.0,3797
2023-05-09 21:16:47,bu2403,bu2403,3426.0,0.0,0.0,0.0,3,3407.0,3428.0,1,3428.0,3426.0,3426.0,3426.0,1.0,34260.0,3797
2023-05-09 21:16:54,bu2403,bu2403,3426.0,0.0,0.0,0.0,2,3408.0,3428.0,1,3428.0,3426.0,3426.0,3426.0,1.0,34260.0,3797
2023-05-09 21:16:54,bu2403,bu2403,3426.0,0.0,0.0,0.0,1,3409.0,3428.0,1,3428.0,3426.0,3426.0,3426.0,1.0,34260.0,3797
2023-05-09 21:16:55,bu2403,bu2403,3426.0,0.0,0.0,0.0,1,3410.0,3428.0,1,3428.0,3426.0,3426.0,3426.0,1.0,34260.0,3797
2023-05-09 21:16:55,bu2403,bu2403,3426.0,0.0,0.0,0.0,1,3411.0,3428.0,1,3428.0,3426.0,3426.0,3426.0,1.0,34260.0,3797
2023-05-09 21:17:00,bu2403,bu2403,3426.0,0.0,0.0,0.0,1,3411.0,3434.0,1,3428.0,3426.0,3426.0,3426.0,1.0,34260.0,3797
2023-05-09 21:17:01,bu2403,bu2403,3426.0,0.0,0.0,0.0,1,3411.0,3434.0,2,3428.0,3426.0,3426.0,3426.0,1.0,34260.0,3797
2023-05-09 21:17:33,bu2403,bu2403,3426.0,0.0,0.0,0.0,1,3411.0,3434.0,2,3428.0,3426.0,3426.0,3426.0,1.0,34260.0,3797
2023-05-09 21:17:38,bu2403,bu2403,3426.0,0.0,0.0,0.0,1,3411.0,3433.0,2,3428.0,3426.0,3426.0,3426.0,1.0,34260.0,3797
2023-05-09 21:17:38,bu2403,bu2403,3426.0,0.0,0.0,0.0,1,3411.0,3433.0,3,3428.0,3426.0,3426.0,3426.0,1.0,34260.0,3797
2023-05-09 21:18:16,bu2403,bu2403,3426.0,0.0,0.0,0.0,1,3411.0,3433.0,3,3428.0,3426.0,3426.0,3426.0,1.0,34260.0,3797
2023-05-09 21:18:17,bu2403,bu2403,3426.0,0.0,0.0,0.0,2,3411.0,3433.0,3,3428.0,3426.0,3426.0,3426.0,1.0,34260.0,3797
2023-05-09 21:18:17,bu2403,bu2403,3426.0,0.0,0.0,0.0,2,3411.0,3433.0,1,3428.0,3426.0,3426.0,3426.0,1.0,34260.0,3797
2023-05-09 21:18:20,bu2403,bu2403,3426.0,0.0,0.0,0.0,2,3412.0,3433.0,1,3428.0,3426.0,3426.0,3426.0,1.0,34260.0,3797
2023-05-09 21:18:21,bu2403,bu2403,3426.0,0.0,0.0,0.0,1,3413.0,3433.0,1,3428.0,3426.0,3426.0,3426.0,1.0,34260.0,3797
2023-05-09 21:18:21,bu2403,bu2403,3426.0,0.0,0.0,0.0,1,3414.0,3433.0,1,3428.0,3426.0,3426.0,3426.0,1.0,34260.0,3797
2023-05-09 21:18:22,bu2403,bu2403,3426.0,0.0,0.0,0.0,1,3415.0,3433.0,1,3428.0,3426.0,3426.0,3426.0,1.0,34260.0,3797
2023-05-09 21:18:44,bu2403,bu2403,3426.0,0.0,0.0,0.0,1,3414.0,3433.0,1,3428.0,3426.0,3426.0,3426.0,1.0,34260.0,3797
2023-05-09 21:18:44,bu2403,bu2403,3426.0,0.0,0.0,0.0,2,3414.0,3433.0,1,3428.0,3426.0,3426.0,3426.0,1.0,34260.0,3797
2023-05-09 21:18:54,bu2403,bu2403,3426.0,0.0,0.0,0.0,2,3414.0,3430.0,1,3428.0,3426.0,3426.0,3426.0,1.0,34260.0,3797
2023-05-09 21:18:54,bu2403,bu2403,3426.0,0.0,0.0,0.0,2,3414.0,3430.0,2,3428.0,3426.0,3426.0,3426.0,1.0,34260.0,3797
2023-05-09 21:19:01,bu2403,bu2403,3426.0,0.0,0.0,0.0,2,3414.0,3430.0,2,3428.0,3426.0,3426.0,3426.0,1.0,34260.0,3797
2023-05-09 21:19:02,bu2403,bu2403,3426.0,0.0,0.0,0.0,1,3414.0,3430.0,2,3428.0,3426.0,3426.0,3426.0,1.0,34260.0,3797
2023-05-09 21:19:05,bu2403,bu2403,3426.0,0.0,0.0,0.0,1,3414.0,3429.0,2,3428.0,3426.0,3426.0,3426.0,1.0,34260.0,3797
2023-05-09 21:19:05,bu2403,bu2403,3426.0,0.0,0.0,0.0,1,3414.0,3429.0,3,3428.0,3426.0,3426.0,3426.0,1.0,34260.0,3797
2023-05-09 21:19:10,bu2403,bu2403,3426.0,0.0,0.0,0.0,2,3407.0,3429.0,3,3428.0,3426.0,3426.0,3426.0,1.0,34260.0,3797
2023-05-09 21:19:11,bu2403,bu2403,3426.0,0.0,0.0,0.0,2,3408.0,3429.0,1,3428.0,3426.0,3426.0,3426.0,1.0,34260.0,3797
2023-05-09 21:19:25,bu2403,bu2403,3426.0,0.0,0.0,0.0,2,3408.0,3429.0,1,3428.0,3426.0,3426.0,3426.0,1.0,34260.0,3797
2023-05-09 21:19:26,bu2403,bu2403,3426.0,0.0,0.0,0.0,2,3408.0,3429.0,1,3428.0,3426.0,3426.0,3426.0,1.0,34260.0,3797
2023-05-09 21:19:26,bu2403,bu2403,3426.0,0.0,0.0,0.0,2,3408.0,3429.0,1,3428.0,3426.0,3426.0,3426.0,1.0,34260.0,3797
2023-05-09 21:19:39,bu2403,bu2403,3426.0,0.0,0.0,0.0,2,3408.0,3428.0,1,3428.0,3426.0,3426.0,3426.0,1.0,34260.0,3797
2023-05-09 21:19:40,bu2403,bu2403,3426.0,0.0,0.0,0.0,2,3408.0,3428.0,2,3428.0,3426.0,3426.0,3426.0,1.0,34260.0,3797
2023-05-09 21:19:48,bu2403,bu2403,3426.0,0.0,0.0,0.0,2,3409.0,3428.0,2,3428.0,3426.0,3426.0,3426.0,1.0,34260.0,3797
2023-05-09 21:19:48,bu2403,bu2403,3426.0,0.0,0.0,0.0,1,3410.0,3428.0,2,3428.0,3426.0,3426.0,3426.0,1.0,34260.0,3797
2023-05-09 21:19:49,bu2403,bu2403,3426.0,0.0,0.0,0.0,1,3410.0,3428.0,2,3428.0,3426.0,3426.0,3426.0,1.0,34260.0,3797
2023-05-09 21:19:49,bu2403,bu2403,3426.0,0.0,0.0,0.0,1,3411.0,3428.0,2,3428.0,3426.0,3426.0,3426.0,1.0,34260.0,3797
2023-05-09 21:19:50,bu2403,bu2403,3426.0,0.0,0.0,0.0,2,3411.0,3428.0,2,3428.0,3426.0,3426.0,3426.0,1.0,34260.0,3797
2023-05-09 21:19:50,bu2403,bu2403,3426.0,0.0,0.0,0.0,2,3411.0,3428.0,2,3428.0,3426.0,3426.0,3426.0,1.0,34260.0,3797
2023-05-09 21:19:51,bu2403,bu2403,3426.0,0.0,0.0,0.0,2,3411.0,3428.0,2,3428.0,3426.0,3426.0,3426.0,1.0,34260.0,3797
2023-05-09 21:20:01,bu2403,bu2403,3426.0,0.0,0.0,0.0,1,3411.0,3428.0,2,3428.0,3426.0,3426.0,3426.0,1.0,34260.0,3797
2023-05-09 21:20:06,bu2403,bu2403,3426.0,0.0,0.0,0.0,3,3404.0,3428.0,2,3428.0,3426.0,3426.0,3426.0,1.0,34260.0,3797
2023-05-09 21:20:06,bu2403,bu2403,3426.0,0.0,0.0,0.0,2,3405.0,3428.0,2,3428.0,3426.0,3426.0,3426.0,1.0,34260.0,3797
2023-05-09 21:20:31,bu2403,bu2403,3426.0,0.0,0.0,0.0,2,3406.0,3428.0,2,3428.0,3426.0,3426.0,3426.0,1.0,34260.0,3797
2023-05-09 21:20:32,bu2403,bu2403,3426.0,0.0,0.0,0.0,1,3407.0,3428.0,2,3428.0,3426.0,3426.0,3426.0,1.0,34260.0,3797
2023-05-09 21:20:32,bu2403,bu2403,3426.0,0.0,0.0,0.0,1,3407.0,3428.0,2,3428.0,3426.0,3426.0,3426.0,1.0,34260.0,3797
2023-05-09 21:20:33,bu2403,bu2403,3426.0,0.0,0.0,0.0,1,3408.0,3428.0,2,3428.0,3426.0,3426.0,3426.0,1.0,34260.0,3797
2023-05-09 21:20:33,bu2403,bu2403,3426.0,0.0,0.0,0.0,1,3409.0,3428.0,2,3428.0,3426.0,3426.0,3426.0,1.0,34260.0,3797
2023-05-09 21:20:36,bu2403,bu2403,3426.0,0.0,0.0,0.0,1,3408.0,3428.0,2,3428.0,3426.0,3426.0,3426.0,1.0,34260.0,3797
2023-05-09 21:20:36,bu2403,bu2403,3426.0,0.0,0.0,0.0,2,3408.0,3428.0,2,3428.0,3426.0,3426.0,3426.0,1.0,34260.0,3797
2023-05-09 21:20:38,bu2403,bu2403,3426.0,0.0,0.0,0.0,1,3409.0,3428.0,2,3428.0,3426.0,3426.0,3426.0,1.0,34260.0,3797
2023-05-09 21:21:05,bu2403,bu2403,3426.0,0.0,0.0,0.0,1,3408.0,3428.0,2,3428.0,3426.0,3426.0,3426.0,1.0,34260.0,3797
2023-05-09 21:21:06,bu2403,bu2403,3426.0,0.0,0.0,0.0,2,3408.0,3428.0,2,3428.0,3426.0,3426.0,3426.0,1.0,34260.0,3797
2023-05-09 21:21:14,bu2403,bu2403,3426.0,0.0,0.0,0.0,2,3408.0,3427.0,2,3428.0,3426.0,3426.0,3426.0,1.0,34260.0,3797
2023-05-09 21:21:14,bu2403,bu2403,3426.0,0.0,0.0,0.0,2,3408.0,3427.0,3,3428.0,3426.0,3426.0,3426.0,1.0,34260.0,3797
2023-05-09 21:21:26,bu2403,bu2403,3426.0,0.0,0.0,0.0,1,3408.0,3427.0,3,3428.0,3426.0,3426.0,3426.0,1.0,34260.0,3797
2023-05-09 21:21:48,bu2403,bu2403,3426.0,0.0,0.0,0.0,1,3408.0,3427.0,3,3428.0,3426.0,3426.0,3426.0,1.0,34260.0,3797
2023-05-09 21:21:49,bu2403,bu2403,3426.0,0.0,0.0,0.0,1,3408.0,3427.0,3,3428.0,3426.0,3426.0,3426.0,1.0,34260.0,3797
2023-05-09 21:21:49,bu2403,bu2403,3426.0,0.0,0.0,0.0,1,3408.0,3427.0,3,3428.0,3426.0,3426.0,3426.0,1.0,34260.0,3797
2023-05-09 21:22:24,bu2403,bu2403,3426.0,0.0,0.0,0.0,1,3408.0,3425.0,1,3428.0,3426.0,3426.0,3426.0,1.0,34260.0,3797
2023-05-09 21:22:24,bu2403,bu2403,3426.0,0.0,0.0,0.0,1,3408.0,3425.0,2,3428.0,3426.0,3426.0,3426.0,1.0,34260.0,3797
2023-05-09 21:23:02,bu2403,bu2403,3426.0,0.0,0.0,0.0,1,3408.0,3425.0,2,3428.0,3426.0,3426.0,3426.0,1.0,34260.0,3797
2023-05-09 21:23:12,bu2403,bu2403,3426.0,0.0,0.0,0.0,1,3408.0,3425.0,2,3428.0,3426.0,3426.0,3426.0,1.0,34260.0,3797
2023-05-09 21:23:23,bu2403,bu2403,3426.0,0.0,0.0,0.0,1,3408.0,3424.0,2,3428.0,3426.0,3426.0,3426.0,1.0,34260.0,3797
2023-05-09 21:23:23,bu2403,bu2403,3426.0,0.0,0.0,0.0,1,3408.0,3424.0,3,3428.0,3426.0,3426.0,3426.0,1.0,34260.0,3797
2023-05-09 21:23:37,bu2403,bu2403,3426.0,0.0,0.0,0.0,1,3400.0,3424.0,3,3428.0,3426.0,3426.0,3426.0,1.0,34260.0,3797
2023-05-09 21:23:38,bu2403,bu2403,3426.0,0.0,0.0,0.0,2,3401.0,3424.0,3,3428.0,3426.0,3426.0,3426.0,1.0,34260.0,3797
2023-05-09 21:23:41,bu2403,bu2403,3426.0,0.0,0.0,0.0,2,3401.0,3424.0,1,3428.0,3426.0,3426.0,3426.0,1.0,34260.0,3797
2023-05-09 21:24:06,bu2403,bu2403,3426.0,0.0,0.0,0.0,2,3402.0,3424.0,1,3428.0,3426.0,3426.0,3426.0,1.0,34260.0,3797
2023-05-09 21:24:06,bu2403,bu2403,3426.0,0.0,0.0,0.0,1,3403.0,3424.0,1,3428.0,3426.0,3426.0,3426.0,1.0,34260.0,3797
2023-05-09 21:24:07,bu2403,bu2403,3426.0,0.0,0.0,0.0,1,3403.0,3424.0,1,3428.0,3426.0,3426.0,3426.0,1.0,34260.0,3797
2023-05-09 21:24:07,bu2403,bu2403,3426.0,0.0,0.0,0.0,1,3404.0,3424.0,1,3428.0,3426.0,3426.0,3426.0,1.0,34260.0,3797
2023-05-09 21:24:08,bu2403,bu2403,3426.0,0.0,0.0,0.0,1,3404.0,3424.0,1,3428.0,3426.0,3426.0,3426.0,1.0,34260.0,3797
2023-05-09 21:24:08,bu2403,bu2403,3426.0,0.0,0.0,0.0,1,3404.0,3424.0,1,3428.0,3426.0,3426.0,3426.0,1.0,34260.0,3797
2023-05-09 21:24:31,bu2403,bu2403,3426.0,0.0,0.0,0.0,1,3404.0,3424.0,1,3428.0,3426.0,3426.0,3426.0,1.0,34260.0,3797
2023-05-09 21:24:32,bu2403,bu2403,3426.0,0.0,0.0,0.0,1,3404.0,3424.0,1,3428.0,3426.0,3426.0,3426.0,1.0,34260.0,3797
2023-05-09 21:24:39,bu2403,bu2403,3426.0,0.0,0.0,0.0,1,3404.0,3424.0,1,3428.0,3426.0,3426.0,3426.0,1.0,34260.0,3797
2023-05-09 21:24:40,bu2403,bu2403,3426.0,0.0,0.0,0.0,1,3404.0,3424.0,1,3428.0,3426.0,3426.0,3426.0,1.0,34260.0,3797
2023-05-09 21:24:48,bu2403,bu2403,3426.0,0.0,0.0,0.0,1,3404.0,3423.0,2,3428.0,3426.0,3426.0,3426.0,1.0,34260.0,3797
2023-05-09 21:24:49,bu2403,bu2403,3426.0,0.0,0.0,0.0,1,3404.0,3423.0,3,3428.0,3426.0,3426.0,3426.0,1.0,34260.0,3797
2023-05-09 21:25:00,bu2403,bu2403,3426.0,0.0,0.0,0.0,1,3404.0,3420.0,1,3428.0,3426.0,3426.0,3426.0,1.0,34260.0,3797
2023-05-09 21:25:00,bu2403,bu2403,3426.0,0.0,0.0,0.0,1,3404.0,3420.0,2,3428.0,3426.0,3426.0,3426.0,1.0,34260.0,3797
2023-05-09 21:25:12,bu2403,bu2403,3426.0,0.0,0.0,0.0,1,3405.0,3420.0,2,3428.0,3426.0,3426.0,3426.0,1.0,34260.0,3797
2023-05-09 21:25:37,bu2403,bu2403,3426.0,0.0,0.0,0.0,1,3405.0,3420.0,2,3428.0,3426.0,3426.0,3426.0,1.0,34260.0,3797
2023-05-09 21:25:54,bu2403,bu2403,3426.0,0.0,0.0,0.0,1,3404.0,3420.0,2,3428.0,3426.0,3426.0,3426.0,1.0,34260.0,3797
2023-05-09 21:25:55,bu2403,bu2403,3426.0,0.0,0.0,0.0,2,3404.0,3420.0,2,3428.0,3426.0,3426.0,3426.0,1.0,34260.0,3797
2023-05-09 21:25:57,bu2403,bu2403,3426.0,0.0,0.0,0.0,1,3405.0,3420.0,2,3428.0,3426.0,3426.0,3426.0,1.0,34260.0,3797
2023-05-09 21:26:16,bu2403,bu2403,3426.0,0.0,0.0,0.0,1,3405.0,3419.0,2,3428.0,3426.0,3426.0,3426.0,1.0,34260.0,3797
2023-05-09 21:26:16,bu2403,bu2403,3426.0,0.0,0.0,0.0,1,3405.0,3419.0,3,3428.0,3426.0,3426.0,3426.0,1.0,34260.0,3797
2023-05-09 21:26:23,bu2403,bu2403,3426.0,0.0,0.0,0.0,1,3404.0,3419.0,3,3428.0,3426.0,3426.0,3426.0,1.0,34260.0,3797
2023-05-09 21:26:23,bu2403,bu2403,3426.0,0.0,0.0,0.0,2,3404.0,3419.0,3,3428.0,3426.0,3426.0,3426.0,1.0,34260.0,3797
2023-05-09 21:26:28,bu2403,bu2403,3426.0,0.0,0.0,0.0,1,3405.0,3419.0,3,3428.0,3426.0,3426.0,3426.0,1.0,34260.0,3797
2023-05-09 21:27:38,bu2403,bu2403,3426.0,0.0,0.0,0.0,1,3404.0,3419.0,3,3428.0,3426.0,3426.0,3426.0,1.0,34260.0,3797
2023-05-09 21:27:39,bu2403,bu2403,3426.0,0.0,0.0,0.0,2,3404.0,3419.0,3,3428.0,3426.0,3426.0,3426.0,1.0,34260.0,3797
2023-05-09 21:27:41,bu2403,bu2403,3426.0,0.0,0.0,0.0,2,3404.0,3419.0,3,3428.0,3426.0,3426.0,3426.0,1.0,34260.0,3797
2023-05-09 21:27:42,bu2403,bu2403,3426.0,0.0,0.0,0.0,2,3404.0,3419.0,3,3428.0,3426.0,3426.0,3426.0,1.0,34260.0,3797
2023-05-09 21:27:54,bu2403,bu2403,3426.0,0.0,0.0,0.0,2,3404.0,3418.0,1,3428.0,3426.0,3426.0,3426.0,1.0,34260.0,3797
2023-05-09 21:27:55,bu2403,bu2403,3426.0,0.0,0.0,0.0,2,3404.0,3418.0,2,3428.0,3426.0,3426.0,3426.0,1.0,34260.0,3797
2023-05-09 21:27:55,bu2403,bu2403,3426.0,0.0,0.0,0.0,2,3404.0,3418.0,3,3428.0,3426.0,3426.0,3426.0,1.0,34260.0,3797
2023-05-09 21:28:18,bu2403,bu2403,3426.0,0.0,0.0,0.0,1,3405.0,3418.0,3,3428.0,3426.0,3426.0,3426.0,1.0,34260.0,3797
2023-05-09 21:28:32,bu2403,bu2403,3426.0,0.0,0.0,0.0,1,3405.0,3418.0,3,3428.0,3426.0,3426.0,3426.0,1.0,34260.0,3797
2023-05-09 21:28:46,bu2403,bu2403,3426.0,0.0,0.0,0.0,1,3405.0,3418.0,2,3428.0,3426.0,3426.0,3426.0,1.0,34260.0,3797
2023-05-09 21:28:52,bu2403,bu2403,3426.0,0.0,0.0,0.0,1,3405.0,3418.0,3,3428.0,3426.0,3426.0,3426.0,1.0,34260.0,3797
2023-05-09 21:28:55,bu2403,bu2403,3426.0,0.0,0.0,0.0,1,3405.0,3418.0,2,3428.0,3426.0,3426.0,3426.0,1.0,34260.0,3797
2023-05-09 21:29:06,bu2403,bu2403,3426.0,0.0,0.0,0.0,1,3405.0,3418.0,3,3428.0,3426.0,3426.0,3426.0,1.0,34260.0,3797
2023-05-09 21:29:07,bu2403,bu2403,3426.0,0.0,0.0,0.0,1,3404.0,3418.0,3,3428.0,3426.0,3426.0,3426.0,1.0,34260.0,3797
2023-05-09 21:29:07,bu2403,bu2403,3426.0,0.0,0.0,0.0,2,3404.0,3417.0,2,3428.0,3426.0,3426.0,3426.0,1.0,34260.0,3797
2023-05-09 21:29:08,bu2403,bu2403,3426.0,0.0,0.0,0.0,1,3405.0,3417.0,2,3428.0,3426.0,3426.0,3426.0,1.0,34260.0,3797
2023-05-09 21:29:48,bu2403,bu2403,3426.0,0.0,0.0,0.0,1,3404.0,3417.0,3,3428.0,3426.0,3426.0,3426.0,1.0,34260.0,3797
2023-05-09 21:29:49,bu2403,bu2403,3426.0,0.0,0.0,0.0,2,3404.0,3417.0,3,3428.0,3426.0,3426.0,3426.0,1.0,34260.0,3797
2023-05-09 21:29:54,bu2403,bu2403,3426.0,0.0,0.0,0.0,1,3405.0,3417.0,2,3428.0,3426.0,3426.0,3426.0,1.0,34260.0,3797
2023-05-09 21:29:57,bu2403,bu2403,3426.0,0.0,0.0,0.0,1,3404.0,3417.0,3,3428.0,3426.0,3426.0,3426.0,1.0,34260.0,3797
2023-05-09 21:29:57,bu2403,bu2403,3426.0,0.0,0.0,0.0,2,3404.0,3417.0,3,3428.0,3426.0,3426.0,3426.0,1.0,34260.0,3797
2023-05-09 21:29:58,bu2403,bu2403,3426.0,0.0,0.0,0.0,2,3404.0,3417.0,3,3428.0,3426.0,3426.0,3426.0,1.0,34260.0,3797
2023-05-09 21:30:01,bu2403,bu2403,3426.0,0.0,0.0,0.0,1,3404.0,3417.0,3,3428.0,3426.0,3426.0,3426.0,1.0,34260.0,3797
2023-05-09 21:30:03,bu2403,bu2403,3426.0,0.0,0.0,0.0,2,3396.0,3417.0,3,3428.0,3426.0,3426.0,3426.0,1.0,34260.0,3797
2023-05-09 21:30:03,bu2403,bu2403,3426.0,0.0,0.0,0.0,2,3397.0,3417.0,3,3428.0,3426.0,3426.0,3426.0,1.0,34260.0,3797
2023-05-09 21:30:04,bu2403,bu2403,3426.0,0.0,0.0,0.0,2,3397.0,3417.0,3,3428.0,3426.0,3426.0,3426.0,1.0,34260.0,3797
2023-05-09 21:30:05,bu2403,bu2403,3426.0,0.0,0.0,0.0,2,3397.0,3417.0,1,3428.0,3426.0,3426.0,3426.0,1.0,34260.0,3797
2023-05-09 21:30:08,bu2403,bu2403,3426.0,0.0,0.0,0.0,2,3397.0,3418.0,1,3428.0,3426.0,3426.0,3426.0,1.0,34260.0,3797
2023-05-09 21:30:08,bu2403,bu2403,3426.0,0.0,0.0,0.0,2,3397.0,3418.0,2,3428.0,3426.0,3426.0,3426.0,1.0,34260.0,3797
2023-05-09 21:30:35,bu2403,bu2403,3426.0,0.0,0.0,0.0,2,3398.0,3418.0,2,3428.0,3426.0,3426.0,3426.0,1.0,34260.0,3797
2023-05-09 21:30:36,bu2403,bu2403,3426.0,0.0,0.0,0.0,1,3399.0,3418.0,2,3428.0,3426.0,3426.0,3426.0,1.0,34260.0,3797
2023-05-09 21:30:36,bu2403,bu2403,3426.0,0.0,0.0,0.0,1,3399.0,3418.0,2,3428.0,3426.0,3426.0,3426.0,1.0,34260.0,3797
2023-05-09 21:30:37,bu2403,bu2403,3426.0,0.0,0.0,0.0,1,3400.0,3418.0,2,3428.0,3426.0,3426.0,3426.0,1.0,34260.0,3797
2023-05-09 21:30:37,bu2403,bu2403,3426.0,0.0,0.0,0.0,1,3401.0,3418.0,2,3428.0,3426.0,3426.0,3426.0,1.0,34260.0,3797
2023-05-09 21:30:38,bu2403,bu2403,3426.0,0.0,0.0,0.0,1,3401.0,3418.0,2,3428.0,3426.0,3426.0,3426.0,1.0,34260.0,3797
2023-05-09 21:30:47,bu2403,bu2403,3426.0,0.0,0.0,0.0,1,3400.0,3418.0,2,3428.0,3426.0,3426.0,3426.0,1.0,34260.0,3797
2023-05-09 21:30:48,bu2403,bu2403,3426.0,0.0,0.0,0.0,2,3400.0,3418.0,2,3428.0,3426.0,3426.0,3426.0,1.0,34260.0,3797
2023-05-09 21:30:48,bu2403,bu2403,3426.0,0.0,0.0,0.0,1,3401.0,3418.0,2,3428.0,3426.0,3426.0,3426.0,1.0,34260.0,3797
2023-05-09 21:30:50,bu2403,bu2403,3426.0,0.0,0.0,0.0,1,3400.0,3418.0,2,3428.0,3426.0,3426.0,3426.0,1.0,34260.0,3797
2023-05-09 21:30:50,bu2403,bu2403,3426.0,0.0,0.0,0.0,2,3400.0,3418.0,2,3428.0,3426.0,3426.0,3426.0,1.0,34260.0,3797
2023-05-09 21:30:56,bu2403,bu2403,3426.0,0.0,0.0,0.0,1,3401.0,3418.0,2,3428.0,3426.0,3426.0,3426.0,1.0,34260.0,3797
2023-05-09 21:30:57,bu2403,bu2403,3426.0,0.0,0.0,0.0,1,3400.0,3418.0,2,3428.0,3426.0,3426.0,3426.0,1.0,34260.0,3797
2023-05-09 21:30:57,bu2403,bu2403,3426.0,0.0,0.0,0.0,2,3400.0,3418.0,2,3428.0,3426.0,3426.0,3426.0,1.0,34260.0,3797
2023-05-09 21:31:04,bu2403,bu2403,3426.0,0.0,0.0,0.0,1,3401.0,3418.0,2,3428.0,3426.0,3426.0,3426.0,1.0,34260.0,3797
2023-05-09 21:31:18,bu2403,bu2403,3426.0,0.0,0.0,0.0,1,3401.0,3417.0,2,3428.0,3426.0,3426.0,3426.0,1.0,34260.0,3797
2023-05-09 21:31:19,bu2403,bu2403,3426.0,0.0,0.0,0.0,1,3401.0,3417.0,3,3428.0,3426.0,3426.0,3426.0,1.0,34260.0,3797
2023-05-09 21:31:22,bu2403,bu2403,3426.0,0.0,0.0,0.0,1,3401.0,3417.0,3,3428.0,3426.0,3426.0,3426.0,1.0,34260.0,3797
2023-05-09 21:31:23,bu2403,bu2403,3426.0,0.0,0.0,0.0,1,3401.0,3417.0,3,3428.0,3426.0,3426.0,3426.0,1.0,34260.0,3797
2023-05-09 21:31:28,bu2403,bu2403,3426.0,0.0,0.0,0.0,1,3401.0,3417.0,3,3428.0,3426.0,3426.0,3426.0,1.0,34260.0,3797
2023-05-09 21:31:51,bu2403,bu2403,3426.0,0.0,0.0,0.0,1,3401.0,3417.0,3,3428.0,3426.0,3426.0,3426.0,1.0,34260.0,3797
2023-05-09 21:31:51,bu2403,bu2403,3426.0,0.0,0.0,0.0,1,3401.0,3417.0,3,3428.0,3426.0,3426.0,3426.0,1.0,34260.0,3797
2023-05-09 21:32:21,bu2403,bu2403,3426.0,0.0,0.0,0.0,1,3401.0,3417.0,3,3428.0,3426.0,3426.0,3426.0,1.0,34260.0,3797
2023-05-09 21:32:21,bu2403,bu2403,3426.0,0.0,0.0,0.0,1,3401.0,3417.0,3,3428.0,3426.0,3426.0,3426.0,1.0,34260.0,3797
2023-05-09 21:32:31,bu2403,bu2403,3426.0,0.0,0.0,0.0,1,3401.0,3417.0,3,3428.0,3426.0,3426.0,3426.0,1.0,34260.0,3797
2023-05-09 21:33:06,bu2403,bu2403,3426.0,0.0,0.0,0.0,1,3401.0,3417.0,2,3428.0,3426.0,3426.0,3426.0,1.0,34260.0,3797
2023-05-09 21:33:07,bu2403,bu2403,3426.0,0.0,0.0,0.0,1,3401.0,3418.0,1,3428.0,3426.0,3426.0,3426.0,1.0,34260.0,3797
2023-05-09 21:33:09,bu2403,bu2403,3426.0,0.0,0.0,0.0,1,3401.0,3418.0,2,3428.0,3426.0,3426.0,3426.0,1.0,34260.0,3797
2023-05-09 21:33:15,bu2403,bu2403,3426.0,0.0,0.0,0.0,1,3401.0,3418.0,2,3428.0,3426.0,3426.0,3426.0,1.0,34260.0,3797
2023-05-09 21:33:28,bu2403,bu2403,3426.0,0.0,0.0,0.0,2,3402.0,3418.0,2,3428.0,3426.0,3426.0,3426.0,1.0,34260.0,3797
2023-05-09 21:33:28,bu2403,bu2403,3426.0,0.0,0.0,0.0,1,3403.0,3418.0,2,3428.0,3426.0,3426.0,3426.0,1.0,34260.0,3797
2023-05-09 21:33:29,bu2403,bu2403,3426.0,0.0,0.0,0.0,1,3404.0,3418.0,2,3428.0,3426.0,3426.0,3426.0,1.0,34260.0,3797
2023-05-09 21:33:29,bu2403,bu2403,3426.0,0.0,0.0,0.0,1,3405.0,3418.0,2,3428.0,3426.0,3426.0,3426.0,1.0,34260.0,3797
2023-05-09 21:33:34,bu2403,bu2403,3426.0,0.0,0.0,0.0,1,3405.0,3418.0,2,3428.0,3426.0,3426.0,3426.0,1.0,34260.0,3797
2023-05-09 21:33:36,bu2403,bu2403,3426.0,0.0,0.0,0.0,1,3404.0,3418.0,2,3428.0,3426.0,3426.0,3426.0,1.0,34260.0,3797
2023-05-09 21:33:36,bu2403,bu2403,3426.0,0.0,0.0,0.0,2,3404.0,3418.0,2,3428.0,3426.0,3426.0,3426.0,1.0,34260.0,3797
2023-05-09 21:33:40,bu2403,bu2403,3426.0,0.0,0.0,0.0,1,3405.0,3418.0,2,3428.0,3426.0,3426.0,3426.0,1.0,34260.0,3797
2023-05-09 21:34:11,bu2403,bu2403,3426.0,0.0,0.0,0.0,1,3405.0,3417.0,2,3428.0,3426.0,3426.0,3426.0,1.0,34260.0,3797
2023-05-09 21:34:11,bu2403,bu2403,3426.0,0.0,0.0,0.0,1,3405.0,3417.0,2,3428.0,3426.0,3426.0,3426.0,1.0,34260.0,3797
2023-05-09 21:34:21,bu2403,bu2403,3426.0,0.0,0.0,0.0,1,3405.0,3417.0,2,3428.0,3426.0,3426.0,3426.0,1.0,34260.0,3797
2023-05-09 21:34:55,bu2403,bu2403,3426.0,0.0,0.0,0.0,1,3405.0,3418.0,1,3428.0,3426.0,3426.0,3426.0,1.0,34260.0,3797
2023-05-09 21:35:21,bu2403,bu2403,3426.0,0.0,0.0,0.0,1,3405.0,3418.0,1,3428.0,3426.0,3426.0,3426.0,1.0,34260.0,3797
2023-05-09 21:35:35,bu2403,bu2403,3426.0,0.0,0.0,0.0,2,3406.0,3418.0,1,3428.0,3426.0,3426.0,3426.0,1.0,34260.0,3797
2023-05-09 21:35:35,bu2403,bu2403,3426.0,0.0,0.0,0.0,3,3406.0,3418.0,1,3428.0,3426.0,3426.0,3426.0,1.0,34260.0,3797
2023-05-09 21:35:46,bu2403,bu2403,3426.0,0.0,0.0,0.0,2,3398.0,3418.0,1,3428.0,3426.0,3426.0,3426.0,1.0,34260.0,3797
2023-05-09 21:35:47,bu2403,bu2403,3426.0,0.0,0.0,0.0,2,3399.0,3418.0,1,3428.0,3426.0,3426.0,3426.0,1.0,34260.0,3797
2023-05-09 21:35:52,bu2403,bu2403,3426.0,0.0,0.0,0.0,2,3399.0,3418.0,2,3428.0,3426.0,3426.0,3426.0,1.0,34260.0,3797
2023-05-09 21:35:59,bu2403,bu2403,3426.0,0.0,0.0,0.0,2,3399.0,3418.0,2,3428.0,3426.0,3426.0,3426.0,1.0,34260.0,3797
2023-05-09 21:35:59,bu2403,bu2403,3426.0,0.0,0.0,0.0,2,3399.0,3418.0,2,3428.0,3426.0,3426.0,3426.0,1.0,34260.0,3797
2023-05-09 21:36:03,bu2403,bu2403,3426.0,0.0,0.0,0.0,2,3399.0,3418.0,1,3428.0,3426.0,3426.0,3426.0,1.0,34260.0,3797
2023-05-09 21:36:10,bu2403,bu2403,3426.0,0.0,0.0,0.0,2,3399.0,3418.0,2,3428.0,3426.0,3426.0,3426.0,1.0,34260.0,3797
2023-05-09 21:36:15,bu2403,bu2403,3426.0,0.0,0.0,0.0,2,3399.0,3418.0,1,3428.0,3426.0,3426.0,3426.0,1.0,34260.0,3797
2023-05-09 21:36:18,bu2403,bu2403,3426.0,0.0,0.0,0.0,2,3400.0,3418.0,1,3428.0,3426.0,3426.0,3426.0,1.0,34260.0,3797
2023-05-09 21:36:18,bu2403,bu2403,3426.0,0.0,0.0,0.0,1,3401.0,3418.0,2,3428.0,3426.0,3426.0,3426.0,1.0,34260.0,3797
2023-05-09 21:36:19,bu2403,bu2403,3426.0,0.0,0.0,0.0,1,3401.0,3418.0,2,3428.0,3426.0,3426.0,3426.0,1.0,34260.0,3797
2023-05-09 21:36:19,bu2403,bu2403,3426.0,0.0,0.0,0.0,1,3402.0,3418.0,2,3428.0,3426.0,3426.0,3426.0,1.0,34260.0,3797
2023-05-09 21:36:20,bu2403,bu2403,3426.0,0.0,0.0,0.0,1,3403.0,3418.0,2,3428.0,3426.0,3426.0,3426.0,1.0,34260.0,3797
2023-05-09 21:36:24,bu2403,bu2403,3426.0,0.0,0.0,0.0,1,3403.0,3418.0,1,3428.0,3426.0,3426.0,3426.0,1.0,34260.0,3797
2023-05-09 21:36:41,bu2403,bu2403,3426.0,0.0,0.0,0.0,1,3403.0,3418.0,1,3428.0,3426.0,3426.0,3426.0,1.0,34260.0,3797
2023-05-09 21:36:58,bu2403,bu2403,3426.0,0.0,0.0,0.0,1,3403.0,3418.0,1,3428.0,3426.0,3426.0,3426.0,1.0,34260.0,3797
2023-05-09 21:37:01,bu2403,bu2403,3426.0,0.0,0.0,0.0,2,3404.0,3418.0,1,3428.0,3426.0,3426.0,3426.0,1.0,34260.0,3797
2023-05-09 21:37:01,bu2403,bu2403,3426.0,0.0,0.0,0.0,1,3405.0,3418.0,1,3428.0,3426.0,3426.0,3426.0,1.0,34260.0,3797
2023-05-09 21:37:02,bu2403,bu2403,3426.0,0.0,0.0,0.0,1,3406.0,3418.0,1,3428.0,3426.0,3426.0,3426.0,1.0,34260.0,3797
2023-05-09 21:37:02,bu2403,bu2403,3426.0,0.0,0.0,0.0,2,3406.0,3418.0,1,3428.0,3426.0,3426.0,3426.0,1.0,34260.0,3797
2023-05-09 21:37:07,bu2403,bu2403,3426.0,0.0,0.0,0.0,1,3406.0,3418.0,2,3428.0,3426.0,3426.0,3426.0,1.0,34260.0,3797
2023-05-09 21:37:08,bu2403,bu2403,3426.0,0.0,0.0,0.0,1,3406.0,3418.0,2,3428.0,3426.0,3426.0,3426.0,1.0,34260.0,3797
2023-05-09 21:37:32,bu2403,bu2403,3426.0,0.0,0.0,0.0,2,3406.0,3418.0,1,3428.0,3426.0,3426.0,3426.0,1.0,34260.0,3797
2023-05-09 21:37:38,bu2403,bu2403,3426.0,0.0,0.0,0.0,1,3406.0,3418.0,2,3428.0,3426.0,3426.0,3426.0,1.0,34260.0,3797
2023-05-09 21:37:43,bu2403,bu2403,3426.0,0.0,0.0,0.0,1,3406.0,3417.0,2,3428.0,3426.0,3426.0,3426.0,1.0,34260.0,3797
2023-05-09 21:37:43,bu2403,bu2403,3426.0,0.0,0.0,0.0,1,3406.0,3417.0,2,3428.0,3426.0,3426.0,3426.0,1.0,34260.0,3797
2023-05-09 21:37:47,bu2403,bu2403,3426.0,0.0,0.0,0.0,2,3406.0,3417.0,2,3428.0,3426.0,3426.0,3426.0,1.0,34260.0,3797
2023-05-09 21:37:51,bu2403,bu2403,3426.0,0.0,0.0,0.0,1,3407.0,3417.0,2,3428.0,3426.0,3426.0,3426.0,1.0,34260.0,3797
2023-05-09 21:37:55,bu2403,bu2403,3426.0,0.0,0.0,0.0,1,3407.0,3418.0,1,3428.0,3426.0,3426.0,3426.0,1.0,34260.0,3797
2023-05-09 21:38:07,bu2403,bu2403,3426.0,0.0,0.0,0.0,1,3406.0,3418.0,1,3428.0,3426.0,3426.0,3426.0,1.0,34260.0,3797
2023-05-09 21:38:08,bu2403,bu2403,3426.0,0.0,0.0,0.0,2,3406.0,3418.0,1,3428.0,3426.0,3426.0,3426.0,1.0,34260.0,3797
2023-05-09 21:38:09,bu2403,bu2403,3426.0,0.0,0.0,0.0,2,3406.0,3428.0,2,3428.0,3426.0,3426.0,3426.0,1.0,34260.0,3797
2023-05-09 21:38:10,bu2403,bu2403,3426.0,0.0,0.0,0.0,2,3406.0,3427.0,1,3428.0,3426.0,3426.0,3426.0,1.0,34260.0,3797
2023-05-09 21:38:10,bu2403,bu2403,3426.0,0.0,0.0,0.0,2,3406.0,3427.0,3,3428.0,3426.0,3426.0,3426.0,1.0,34260.0,3797
2023-05-09 21:38:13,bu2403,bu2403,3426.0,0.0,0.0,0.0,2,3406.0,3427.0,3,3428.0,3426.0,3426.0,3426.0,1.0,34260.0,3797
2023-05-09 21:38:13,bu2403,bu2403,3426.0,0.0,0.0,0.0,2,3406.0,3427.0,3,3428.0,3426.0,3426.0,3426.0,1.0,34260.0,3797
2023-05-09 21:38:25,bu2403,bu2403,3426.0,0.0,0.0,0.0,2,3406.0,3426.0,2,3428.0,3426.0,3426.0,3426.0,1.0,34260.0,3797
2023-05-09 21:38:26,bu2403,bu2403,3426.0,0.0,0.0,0.0,2,3406.0,3426.0,3,3428.0,3426.0,3426.0,3426.0,1.0,34260.0,3797
2023-05-09 21:38:33,bu2403,bu2403,3426.0,0.0,0.0,0.0,1,3406.0,3426.0,3,3428.0,3426.0,3426.0,3426.0,1.0,34260.0,3797
2023-05-09 21:38:54,bu2403,bu2403,3426.0,0.0,0.0,0.0,2,3406.0,3426.0,3,3428.0,3426.0,3426.0,3426.0,1.0,34260.0,3797
2023-05-09 21:38:55,bu2403,bu2403,3426.0,0.0,0.0,0.0,1,3406.0,3426.0,3,3428.0,3426.0,3426.0,3426.0,1.0,34260.0,3797
2023-05-09 21:39:03,bu2403,bu2403,3426.0,0.0,0.0,0.0,2,3406.0,3426.0,3,3428.0,3426.0,3426.0,3426.0,1.0,34260.0,3797
2023-05-09 21:39:15,bu2403,bu2403,3426.0,0.0,0.0,0.0,2,3406.0,3425.0,1,3428.0,3426.0,3426.0,3426.0,1.0,34260.0,3797
2023-05-09 21:39:16,bu2403,bu2403,3426.0,0.0,0.0,0.0,2,3406.0,3425.0,2,3428.0,3426.0,3426.0,3426.0,1.0,34260.0,3797
2023-05-09 21:39:19,bu2403,bu2403,3426.0,0.0,0.0,0.0,1,3406.0,3425.0,2,3428.0,3426.0,3426.0,3426.0,1.0,34260.0,3797
2023-05-09 21:39:22,bu2403,bu2403,3426.0,0.0,0.0,0.0,2,3406.0,3425.0,2,3428.0,3426.0,3426.0,3426.0,1.0,34260.0,3797
2023-05-09 21:39:29,bu2403,bu2403,3426.0,0.0,0.0,0.0,1,3406.0,3425.0,2,3428.0,3426.0,3426.0,3426.0,1.0,34260.0,3797
2023-05-09 21:39:35,bu2403,bu2403,3426.0,0.0,0.0,0.0,2,3406.0,3425.0,2,3428.0,3426.0,3426.0,3426.0,1.0,34260.0,3797
2023-05-09 21:39:42,bu2403,bu2403,3426.0,0.0,0.0,0.0,1,3407.0,3425.0,2,3428.0,3426.0,3426.0,3426.0,1.0,34260.0,3797
2023-05-09 21:39:50,bu2403,bu2403,3426.0,0.0,0.0,0.0,1,3406.0,3425.0,2,3428.0,3426.0,3426.0,3426.0,1.0,34260.0,3797
2023-05-09 21:39:51,bu2403,bu2403,3426.0,0.0,0.0,0.0,2,3406.0,3425.0,2,3428.0,3426.0,3426.0,3426.0,1.0,34260.0,3797
2023-05-09 21:39:53,bu2403,bu2403,3426.0,0.0,0.0,0.0,2,3406.0,3425.0,2,3428.0,3426.0,3426.0,3426.0,1.0,34260.0,3797
2023-05-09 21:40:02,bu2403,bu2403,3426.0,0.0,0.0,0.0,1,3407.0,3425.0,2,3428.0,3426.0,3426.0,3426.0,1.0,34260.0,3797
2023-05-09 21:40:03,bu2403,bu2403,3426.0,0.0,0.0,0.0,1,3407.0,3425.0,2,3428.0,3426.0,3426.0,3426.0,1.0,34260.0,3797
2023-05-09 21:40:08,bu2403,bu2403,3426.0,0.0,0.0,0.0,1,3406.0,3425.0,2,3428.0,3426.0,3426.0,3426.0,1.0,34260.0,3797
2023-05-09 21:40:08,bu2403,bu2403,3426.0,0.0,0.0,0.0,2,3406.0,3425.0,2,3428.0,3426.0,3426.0,3426.0,1.0,34260.0,3797
2023-05-09 21:40:25,bu2403,bu2403,3426.0,0.0,0.0,0.0,1,3406.0,3425.0,2,3428.0,3426.0,3426.0,3426.0,1.0,34260.0,3797
2023-05-09 21:40:25,bu2403,bu2403,3426.0,0.0,0.0,0.0,1,3406.0,3424.0,1,3428.0,3426.0,3426.0,3426.0,1.0,34260.0,3797
2023-05-09 21:40:26,bu2403,bu2403,3426.0,0.0,0.0,0.0,1,3406.0,3424.0,2,3428.0,3426.0,3426.0,3426.0,1.0,34260.0,3797
2023-05-09 21:40:32,bu2403,bu2403,3426.0,0.0,0.0,0.0,1,3407.0,3424.0,2,3428.0,3426.0,3426.0,3426.0,1.0,34260.0,3797
2023-05-09 21:40:33,bu2403,bu2403,3426.0,0.0,0.0,0.0,1,3407.0,3423.0,2,3428.0,3426.0,3426.0,3426.0,1.0,34260.0,3797
2023-05-09 21:40:33,bu2403,bu2403,3426.0,0.0,0.0,0.0,1,3407.0,3423.0,3,3428.0,3426.0,3426.0,3426.0,1.0,34260.0,3797
2023-05-09 21:40:52,bu2403,bu2403,3426.0,0.0,0.0,0.0,1,3407.0,3423.0,3,3428.0,3426.0,3426.0,3426.0,1.0,34260.0,3797
2023-05-09 21:40:52,bu2403,bu2403,3426.0,0.0,0.0,0.0,1,3407.0,3423.0,3,3428.0,3426.0,3426.0,3426.0,1.0,34260.0,3797
2023-05-09 21:40:57,bu2403,bu2403,3426.0,0.0,0.0,0.0,2,3401.0,3423.0,3,3428.0,3426.0,3426.0,3426.0,1.0,34260.0,3797
2023-05-09 21:40:57,bu2403,bu2403,3426.0,0.0,0.0,0.0,2,3402.0,3423.0,3,3428.0,3426.0,3426.0,3426.0,1.0,34260.0,3797
2023-05-09 21:41:14,bu2403,bu2403,3426.0,0.0,0.0,0.0,2,3402.0,3423.0,3,3428.0,3426.0,3426.0,3426.0,1.0,34260.0,3797
2023-05-09 21:41:52,bu2403,bu2403,3426.0,0.0,0.0,0.0,2,3402.0,3422.0,1,3428.0,3426.0,3426.0,3426.0,1.0,34260.0,3797
2023-05-09 21:41:52,bu2403,bu2403,3426.0,0.0,0.0,0.0,2,3402.0,3422.0,2,3428.0,3426.0,3426.0,3426.0,1.0,34260.0,3797
2023-05-09 21:42:02,bu2403,bu2403,3426.0,0.0,0.0,0.0,2,3402.0,3422.0,2,3428.0,3426.0,3426.0,3426.0,1.0,34260.0,3797
2023-05-09 21:42:10,bu2403,bu2403,3426.0,0.0,0.0,0.0,2,3402.0,3422.0,2,3428.0,3426.0,3426.0,3426.0,1.0,34260.0,3797
2023-05-09 21:42:10,bu2403,bu2403,3426.0,0.0,0.0,0.0,2,3402.0,3422.0,2,3428.0,3426.0,3426.0,3426.0,1.0,34260.0,3797
2023-05-09 21:42:35,bu2403,bu2403,3426.0,0.0,0.0,0.0,2,3402.0,3422.0,1,3428.0,3426.0,3426.0,3426.0,1.0,34260.0,3797
2023-05-09 21:42:39,bu2403,bu2403,3426.0,0.0,0.0,0.0,2,3402.0,3422.0,2,3428.0,3426.0,3426.0,3426.0,1.0,34260.0,3797
2023-05-09 21:42:42,bu2403,bu2403,3426.0,0.0,0.0,0.0,2,3403.0,3422.0,1,3428.0,3426.0,3426.0,3426.0,1.0,34260.0,3797
2023-05-09 21:42:42,bu2403,bu2403,3426.0,0.0,0.0,0.0,1,3404.0,3422.0,1,3428.0,3426.0,3426.0,3426.0,1.0,34260.0,3797
2023-05-09 21:42:43,bu2403,bu2403,3426.0,0.0,0.0,0.0,1,3404.0,3422.0,1,3428.0,3426.0,3426.0,3426.0,1.0,34260.0,3797
2023-05-09 21:42:43,bu2403,bu2403,3426.0,0.0,0.0,0.0,1,3405.0,3422.0,1,3428.0,3426.0,3426.0,3426.0,1.0,34260.0,3797
2023-05-09 21:42:44,bu2403,bu2403,3426.0,0.0,0.0,0.0,1,3406.0,3422.0,1,3428.0,3426.0,3426.0,3426.0,1.0,34260.0,3797
2023-05-09 21:42:54,bu2403,bu2403,3426.0,0.0,0.0,0.0,1,3406.0,3422.0,1,3428.0,3426.0,3426.0,3426.0,1.0,34260.0,3797
2023-05-09 21:43:12,bu2403,bu2403,3426.0,0.0,0.0,0.0,1,3406.0,3427.0,1,3428.0,3426.0,3426.0,3426.0,1.0,34260.0,3797
2023-05-09 21:43:14,bu2403,bu2403,3426.0,0.0,0.0,0.0,1,3406.0,3427.0,2,3428.0,3426.0,3426.0,3426.0,1.0,34260.0,3797
2023-05-09 21:43:21,bu2403,bu2403,3426.0,0.0,0.0,0.0,1,3406.0,3427.0,2,3428.0,3426.0,3426.0,3426.0,1.0,34260.0,3797
2023-05-09 21:43:24,bu2403,bu2403,3426.0,0.0,0.0,0.0,2,3407.0,3427.0,2,3428.0,3426.0,3426.0,3426.0,1.0,34260.0,3797
2023-05-09 21:43:25,bu2403,bu2403,3426.0,0.0,0.0,0.0,1,3408.0,3427.0,2,3428.0,3426.0,3426.0,3426.0,1.0,34260.0,3797
2023-05-09 21:43:25,bu2403,bu2403,3426.0,0.0,0.0,0.0,1,3409.0,3427.0,2,3428.0,3426.0,3426.0,3426.0,1.0,34260.0,3797
2023-05-09 21:43:26,bu2403,bu2403,3426.0,0.0,0.0,0.0,1,3410.0,3427.0,2,3428.0,3426.0,3426.0,3426.0,1.0,34260.0,3797
2023-05-09 21:43:27,bu2403,bu2403,3426.0,0.0,0.0,0.0,1,3410.0,3427.0,2,3428.0,3426.0,3426.0,3426.0,1.0,34260.0,3797
2023-05-09 21:43:38,bu2403,bu2403,3426.0,0.0,0.0,0.0,1,3409.0,3427.0,2,3428.0,3426.0,3426.0,3426.0,1.0,34260.0,3797
2023-05-09 21:43:39,bu2403,bu2403,3426.0,0.0,0.0,0.0,2,3409.0,3427.0,2,3428.0,3426.0,3426.0,3426.0,1.0,34260.0,3797
2023-05-09 21:43:39,bu2403,bu2403,3426.0,0.0,0.0,0.0,1,3410.0,3427.0,2,3428.0,3426.0,3426.0,3426.0,1.0,34260.0,3797
2023-05-09 21:44:05,bu2403,bu2403,3426.0,0.0,0.0,0.0,1,3410.0,3427.0,2,3428.0,3426.0,3426.0,3426.0,1.0,34260.0,3797
2023-05-09 21:44:06,bu2403,bu2403,3426.0,0.0,0.0,0.0,1,3410.0,3427.0,2,3428.0,3426.0,3426.0,3426.0,1.0,34260.0,3797
2023-05-09 21:44:07,bu2403,bu2403,3426.0,0.0,0.0,0.0,1,3410.0,3426.0,2,3428.0,3426.0,3426.0,3426.0,1.0,34260.0,3797
2023-05-09 21:44:08,bu2403,bu2403,3426.0,0.0,0.0,0.0,1,3410.0,3426.0,3,3428.0,3426.0,3426.0,3426.0,1.0,34260.0,3797
2023-05-09 21:44:11,bu2403,bu2403,3426.0,0.0,0.0,0.0,1,3410.0,3426.0,3,3428.0,3426.0,3426.0,3426.0,1.0,34260.0,3797
2023-05-09 21:44:12,bu2403,bu2403,3426.0,0.0,0.0,0.0,1,3410.0,3426.0,3,3428.0,3426.0,3426.0,3426.0,1.0,34260.0,3797
2023-05-09 21:44:20,bu2403,bu2403,3426.0,0.0,0.0,0.0,1,3409.0,3426.0,3,3428.0,3426.0,3426.0,3426.0,1.0,34260.0,3797
2023-05-09 21:44:21,bu2403,bu2403,3426.0,0.0,0.0,0.0,2,3409.0,3426.0,3,3428.0,3426.0,3426.0,3426.0,1.0,34260.0,3797
2023-05-09 21:44:23,bu2403,bu2403,3426.0,0.0,0.0,0.0,1,3409.0,3426.0,3,3428.0,3426.0,3426.0,3426.0,1.0,34260.0,3797
2023-05-09 21:44:37,bu2403,bu2403,3426.0,0.0,0.0,0.0,1,3410.0,3426.0,3,3428.0,3426.0,3426.0,3426.0,1.0,34260.0,3797
2023-05-09 21:44:42,bu2403,bu2403,3426.0,0.0,0.0,0.0,1,3410.0,3426.0,3,3428.0,3426.0,3426.0,3426.0,1.0,34260.0,3797
2023-05-09 21:44:44,bu2403,bu2403,3426.0,0.0,0.0,0.0,1,3410.0,3426.0,3,3428.0,3426.0,3426.0,3426.0,1.0,34260.0,3797
2023-05-09 21:44:45,bu2403,bu2403,3426.0,0.0,0.0,0.0,1,3410.0,3426.0,3,3428.0,3426.0,3426.0,3426.0,1.0,34260.0,3797
2023-05-09 21:45:00,bu2403,bu2403,3426.0,0.0,0.0,0.0,2,3401.0,3426.0,3,3428.0,3426.0,3426.0,3426.0,1.0,34260.0,3797
2023-05-09 21:45:00,bu2403,bu2403,3426.0,0.0,0.0,0.0,2,3402.0,3426.0,3,3428.0,3426.0,3426.0,3426.0,1.0,34260.0,3797
2023-05-09 21:45:01,bu2403,bu2403,3426.0,0.0,0.0,0.0,2,3402.0,3426.0,1,3428.0,3426.0,3426.0,3426.0,1.0,34260.0,3797
2023-05-09 21:45:18,bu2403,bu2403,3426.0,0.0,0.0,0.0,2,3402.0,3426.0,1,3428.0,3426.0,3426.0,3426.0,1.0,34260.0,3797
2023-05-09 21:45:18,bu2403,bu2403,3426.0,0.0,0.0,0.0,2,3402.0,3426.0,1,3428.0,3426.0,3426.0,3426.0,1.0,34260.0,3797
2023-05-09 21:45:27,bu2403,bu2403,3426.0,0.0,0.0,0.0,2,3402.0,3426.0,1,3428.0,3426.0,3426.0,3426.0,1.0,34260.0,3797
2023-05-09 21:45:31,bu2403,bu2403,3426.0,0.0,0.0,0.0,2,3403.0,3426.0,1,3428.0,3426.0,3426.0,3426.0,1.0,34260.0,3797
2023-05-09 21:45:32,bu2403,bu2403,3426.0,0.0,0.0,0.0,1,3404.0,3426.0,1,3428.0,3426.0,3426.0,3426.0,1.0,34260.0,3797
2023-05-09 21:45:32,bu2403,bu2403,3426.0,0.0,0.0,0.0,1,3404.0,3426.0,1,3428.0,3426.0,3426.0,3426.0,1.0,34260.0,3797
2023-05-09 21:45:33,bu2403,bu2403,3426.0,0.0,0.0,0.0,1,3405.0,3426.0,1,3428.0,3426.0,3426.0,3426.0,1.0,34260.0,3797
2023-05-09 21:45:33,bu2403,bu2403,3426.0,0.0,0.0,0.0,1,3406.0,3426.0,1,3428.0,3426.0,3426.0,3426.0,1.0,34260.0,3797
2023-05-09 21:45:34,bu2403,bu2403,3426.0,0.0,0.0,0.0,1,3406.0,3426.0,1,3428.0,3426.0,3426.0,3426.0,1.0,34260.0,3797
2023-05-09 21:46:14,bu2403,bu2403,3426.0,0.0,0.0,0.0,1,3406.0,3425.0,2,3428.0,3426.0,3426.0,3426.0,1.0,34260.0,3797
2023-05-09 21:46:15,bu2403,bu2403,3426.0,0.0,0.0,0.0,1,3406.0,3425.0,3,3428.0,3426.0,3426.0,3426.0,1.0,34260.0,3797
2023-05-09 21:47:42,bu2403,bu2403,3426.0,0.0,0.0,0.0,1,3406.0,3425.0,3,3428.0,3426.0,3426.0,3426.0,1.0,34260.0,3797
2023-05-09 21:47:49,bu2403,bu2403,3426.0,0.0,0.0,0.0,1,3406.0,3425.0,3,3428.0,3426.0,3426.0,3426.0,1.0,34260.0,3797
2023-05-09 21:49:27,bu2403,bu2403,3426.0,0.0,0.0,0.0,1,3406.0,3425.0,1,3428.0,3426.0,3426.0,3426.0,1.0,34260.0,3797
2023-05-09 21:49:42,bu2403,bu2403,3426.0,0.0,0.0,0.0,1,3406.0,3425.0,1,3428.0,3426.0,3426.0,3426.0,1.0,34260.0,3797
2023-05-09 21:49:43,bu2403,bu2403,3426.0,0.0,0.0,0.0,1,3406.0,3425.0,1,3428.0,3426.0,3426.0,3426.0,1.0,34260.0,3797
2023-05-09 21:49:47,bu2403,bu2403,3426.0,0.0,0.0,0.0,1,3406.0,3424.0,2,3428.0,3426.0,3426.0,3426.0,1.0,34260.0,3797
2023-05-09 21:49:48,bu2403,bu2403,3426.0,0.0,0.0,0.0,1,3406.0,3424.0,3,3428.0,3426.0,3426.0,3426.0,1.0,34260.0,3797
2023-05-09 21:50:20,bu2403,bu2403,3426.0,0.0,0.0,0.0,1,3406.0,3424.0,3,3428.0,3426.0,3426.0,3426.0,1.0,34260.0,3797
2023-05-09 21:50:21,bu2403,bu2403,3426.0,0.0,0.0,0.0,1,3406.0,3424.0,1,3428.0,3426.0,3426.0,3426.0,1.0,34260.0,3797
2023-05-09 21:50:29,bu2403,bu2403,3426.0,0.0,0.0,0.0,2,3407.0,3424.0,1,3428.0,3426.0,3426.0,3426.0,1.0,34260.0,3797
2023-05-09 21:50:30,bu2403,bu2403,3426.0,0.0,0.0,0.0,1,3408.0,3424.0,1,3428.0,3426.0,3426.0,3426.0,1.0,34260.0,3797
2023-05-09 21:50:30,bu2403,bu2403,3426.0,0.0,0.0,0.0,1,3409.0,3424.0,1,3428.0,3426.0,3426.0,3426.0,1.0,34260.0,3797
2023-05-09 21:50:31,bu2403,bu2403,3426.0,0.0,0.0,0.0,1,3410.0,3427.0,1,3428.0,3426.0,3426.0,3426.0,1.0,34260.0,3797
2023-05-09 21:50:32,bu2403,bu2403,3426.0,0.0,0.0,0.0,1,3410.0,3427.0,1,3428.0,3426.0,3426.0,3426.0,1.0,34260.0,3797
2023-05-09 21:50:33,bu2403,bu2403,3426.0,0.0,0.0,0.0,1,3410.0,3427.0,2,3428.0,3426.0,3426.0,3426.0,1.0,34260.0,3797
2023-05-09 21:50:43,bu2403,bu2403,3426.0,0.0,0.0,0.0,1,3410.0,3427.0,2,3428.0,3426.0,3426.0,3426.0,1.0,34260.0,3797
2023-05-09 21:50:58,bu2403,bu2403,3426.0,0.0,0.0,0.0,1,3410.0,3427.0,2,3428.0,3426.0,3426.0,3426.0,1.0,34260.0,3797
2023-05-09 21:51:04,bu2403,bu2403,3426.0,0.0,0.0,0.0,1,3410.0,3427.0,2,3428.0,3426.0,3426.0,3426.0,1.0,34260.0,3797
2023-05-09 21:51:05,bu2403,bu2403,3426.0,0.0,0.0,0.0,1,3410.0,3427.0,2,3428.0,3426.0,3426.0,3426.0,1.0,34260.0,3797
2023-05-09 21:51:14,bu2403,bu2403,3426.0,0.0,0.0,0.0,2,3411.0,3427.0,2,3428.0,3426.0,3426.0,3426.0,1.0,34260.0,3797
2023-05-09 21:51:14,bu2403,bu2403,3426.0,0.0,0.0,0.0,1,3412.0,3427.0,2,3428.0,3426.0,3426.0,3426.0,1.0,34260.0,3797
2023-05-09 21:51:33,bu2403,bu2403,3426.0,0.0,0.0,0.0,1,3412.0,3427.0,2,3428.0,3426.0,3426.0,3426.0,1.0,34260.0,3797
2023-05-09 21:51:34,bu2403,bu2403,3426.0,0.0,0.0,0.0,1,3412.0,3427.0,2,3428.0,3426.0,3426.0,3426.0,1.0,34260.0,3797
2023-05-09 21:51:53,bu2403,bu2403,3426.0,0.0,0.0,0.0,1,3412.0,3427.0,2,3428.0,3426.0,3426.0,3426.0,1.0,34260.0,3797
2023-05-09 21:51:55,bu2403,bu2403,3426.0,0.0,0.0,0.0,1,3412.0,3427.0,2,3428.0,3426.0,3426.0,3426.0,1.0,34260.0,3797
2023-05-09 21:51:55,bu2403,bu2403,3426.0,0.0,0.0,0.0,1,3412.0,3427.0,2,3428.0,3426.0,3426.0,3426.0,1.0,34260.0,3797
2023-05-09 21:51:57,bu2403,bu2403,3426.0,0.0,0.0,0.0,1,3412.0,3426.0,2,3428.0,3426.0,3426.0,3426.0,1.0,34260.0,3797
2023-05-09 21:51:57,bu2403,bu2403,3426.0,0.0,0.0,0.0,1,3412.0,3426.0,2,3428.0,3426.0,3426.0,3426.0,1.0,34260.0,3797
2023-05-09 21:51:58,bu2403,bu2403,3426.0,0.0,0.0,0.0,1,3412.0,3426.0,3,3428.0,3426.0,3426.0,3426.0,1.0,34260.0,3797
2023-05-09 21:52:03,bu2403,bu2403,3426.0,0.0,0.0,0.0,2,3404.0,3426.0,3,3428.0,3426.0,3426.0,3426.0,1.0,34260.0,3797
2023-05-09 21:52:04,bu2403,bu2403,3426.0,0.0,0.0,0.0,2,3405.0,3426.0,3,3428.0,3426.0,3426.0,3426.0,1.0,34260.0,3797
2023-05-09 21:52:05,bu2403,bu2403,3426.0,0.0,0.0,0.0,2,3405.0,3426.0,1,3428.0,3426.0,3426.0,3426.0,1.0,34260.0,3797
2023-05-09 21:52:19,bu2403,bu2403,3426.0,0.0,0.0,0.0,2,3405.0,3426.0,1,3428.0,3426.0,3426.0,3426.0,1.0,34260.0,3797
2023-05-09 21:52:19,bu2403,bu2403,3426.0,0.0,0.0,0.0,2,3405.0,3426.0,1,3428.0,3426.0,3426.0,3426.0,1.0,34260.0,3797
2023-05-09 21:52:31,bu2403,bu2403,3426.0,0.0,0.0,0.0,2,3405.0,3426.0,1,3428.0,3426.0,3426.0,3426.0,1.0,34260.0,3797
2023-05-09 21:52:32,bu2403,bu2403,3426.0,0.0,0.0,0.0,2,3405.0,3426.0,1,3428.0,3426.0,3426.0,3426.0,1.0,34260.0,3797
2023-05-09 21:52:39,bu2403,bu2403,3426.0,0.0,0.0,0.0,2,3405.0,3427.0,1,3428.0,3426.0,3426.0,3426.0,1.0,34260.0,3797
2023-05-09 21:52:40,bu2403,bu2403,3426.0,0.0,0.0,0.0,2,3405.0,3427.0,2,3428.0,3426.0,3426.0,3426.0,1.0,34260.0,3797
2023-05-09 21:52:43,bu2403,bu2403,3426.0,0.0,0.0,0.0,2,3406.0,3427.0,2,3428.0,3426.0,3426.0,3426.0,1.0,34260.0,3797
2023-05-09 21:52:44,bu2403,bu2403,3426.0,0.0,0.0,0.0,1,3407.0,3427.0,2,3428.0,3426.0,3426.0,3426.0,1.0,34260.0,3797
2023-05-09 21:52:44,bu2403,bu2403,3426.0,0.0,0.0,0.0,1,3407.0,3427.0,2,3428.0,3426.0,3426.0,3426.0,1.0,34260.0,3797
2023-05-09 21:52:45,bu2403,bu2403,3426.0,0.0,0.0,0.0,1,3408.0,3427.0,2,3428.0,3426.0,3426.0,3426.0,1.0,34260.0,3797
2023-05-09 21:52:45,bu2403,bu2403,3426.0,0.0,0.0,0.0,1,3409.0,3427.0,2,3428.0,3426.0,3426.0,3426.0,1.0,34260.0,3797
2023-05-09 21:53:23,bu2403,bu2403,3426.0,0.0,0.0,0.0,1,3409.0,3427.0,2,3428.0,3426.0,3426.0,3426.0,1.0,34260.0,3797
2023-05-09 21:53:28,bu2403,bu2403,3426.0,0.0,0.0,0.0,1,3409.0,3426.0,2,3428.0,3426.0,3426.0,3426.0,1.0,34260.0,3797
2023-05-09 21:53:28,bu2403,bu2403,3426.0,0.0,0.0,0.0,1,3409.0,3426.0,3,3428.0,3426.0,3426.0,3426.0,1.0,34260.0,3797
2023-05-09 21:53:48,bu2403,bu2403,3426.0,0.0,0.0,0.0,1,3409.0,3426.0,2,3428.0,3426.0,3426.0,3426.0,1.0,34260.0,3797
2023-05-09 21:53:48,bu2403,bu2403,3426.0,0.0,0.0,0.0,1,3409.0,3427.0,1,3428.0,3426.0,3426.0,3426.0,1.0,34260.0,3797
2023-05-09 21:53:49,bu2403,bu2403,3426.0,0.0,0.0,0.0,1,3409.0,3427.0,2,3428.0,3426.0,3426.0,3426.0,1.0,34260.0,3797
2023-05-09 21:54:02,bu2403,bu2403,3426.0,0.0,0.0,0.0,1,3409.0,3427.0,1,3428.0,3426.0,3426.0,3426.0,1.0,34260.0,3797
2023-05-09 21:54:05,bu2403,bu2403,3426.0,0.0,0.0,0.0,1,3409.0,3427.0,2,3428.0,3426.0,3426.0,3426.0,1.0,34260.0,3797
2023-05-09 21:54:10,bu2403,bu2403,3426.0,0.0,0.0,0.0,1,3409.0,3427.0,1,3428.0,3426.0,3426.0,3426.0,1.0,34260.0,3797
2023-05-09 21:54:11,bu2403,bu2403,3426.0,0.0,0.0,0.0,2,3410.0,3427.0,1,3428.0,3426.0,3426.0,3426.0,1.0,34260.0,3797
2023-05-09 21:54:11,bu2403,bu2403,3426.0,0.0,0.0,0.0,1,3411.0,3427.0,1,3428.0,3426.0,3426.0,3426.0,1.0,34260.0,3797
2023-05-09 21:54:12,bu2403,bu2403,3426.0,0.0,0.0,0.0,1,3412.0,3427.0,1,3428.0,3426.0,3426.0,3426.0,1.0,34260.0,3797
2023-05-09 21:54:12,bu2403,bu2403,3426.0,0.0,0.0,0.0,1,3413.0,3427.0,1,3428.0,3426.0,3426.0,3426.0,1.0,34260.0,3797
2023-05-09 21:54:21,bu2403,bu2403,3426.0,0.0,0.0,0.0,1,3413.0,3427.0,2,3428.0,3426.0,3426.0,3426.0,1.0,34260.0,3797
2023-05-09 21:54:37,bu2403,bu2403,3426.0,0.0,0.0,0.0,1,3413.0,3427.0,1,3428.0,3426.0,3426.0,3426.0,1.0,34260.0,3797
2023-05-09 21:54:39,bu2403,bu2403,3426.0,0.0,0.0,0.0,1,3413.0,3427.0,2,3428.0,3426.0,3426.0,3426.0,1.0,34260.0,3797
2023-05-09 21:54:43,bu2403,bu2403,3426.0,0.0,0.0,0.0,2,3410.0,3427.0,2,3428.0,3426.0,3426.0,3426.0,1.0,34260.0,3797
2023-05-09 21:54:44,bu2403,bu2403,3426.0,0.0,0.0,0.0,1,3411.0,3427.0,2,3428.0,3426.0,3426.0,3426.0,1.0,34260.0,3797
2023-05-09 21:55:04,bu2403,bu2403,3426.0,0.0,0.0,0.0,1,3412.0,3427.0,2,3428.0,3426.0,3426.0,3426.0,1.0,34260.0,3797
2023-05-09 21:55:04,bu2403,bu2403,3426.0,0.0,0.0,0.0,1,3413.0,3427.0,2,3428.0,3426.0,3426.0,3426.0,1.0,34260.0,3797
2023-05-09 21:55:09,bu2403,bu2403,3426.0,0.0,0.0,0.0,1,3412.0,3427.0,2,3428.0,3426.0,3426.0,3426.0,1.0,34260.0,3797
2023-05-09 21:55:10,bu2403,bu2403,3426.0,0.0,0.0,0.0,1,3412.0,3427.0,2,3428.0,3426.0,3426.0,3426.0,1.0,34260.0,3797
2023-05-09 21:55:14,bu2403,bu2403,3426.0,0.0,0.0,0.0,1,3413.0,3427.0,2,3428.0,3426.0,3426.0,3426.0,1.0,34260.0,3797
2023-05-09 21:55:20,bu2403,bu2403,3426.0,0.0,0.0,0.0,2,3404.0,3427.0,2,3428.0,3426.0,3426.0,3426.0,1.0,34260.0,3797
2023-05-09 21:55:20,bu2403,bu2403,3426.0,0.0,0.0,0.0,2,3405.0,3427.0,2,3428.0,3426.0,3426.0,3426.0,1.0,34260.0,3797
2023-05-09 21:55:21,bu2403,bu2403,3426.0,0.0,0.0,0.0,2,3405.0,3427.0,2,3428.0,3426.0,3426.0,3426.0,1.0,34260.0,3797
2023-05-09 21:55:33,bu2403,bu2403,3426.0,0.0,0.0,0.0,2,3405.0,3427.0,1,3428.0,3426.0,3426.0,3426.0,1.0,34260.0,3797
2023-05-09 21:55:34,bu2403,bu2403,3426.0,0.0,0.0,0.0,2,3405.0,3427.0,1,3428.0,3426.0,3426.0,3426.0,1.0,34260.0,3797
2023-05-09 21:55:35,bu2403,bu2403,3426.0,0.0,0.0,0.0,2,3405.0,3427.0,2,3428.0,3426.0,3426.0,3426.0,1.0,34260.0,3797
2023-05-09 21:55:36,bu2403,bu2403,3426.0,0.0,0.0,0.0,2,3406.0,3427.0,2,3428.0,3426.0,3426.0,3426.0,1.0,34260.0,3797
2023-05-09 21:55:36,bu2403,bu2403,3426.0,0.0,0.0,0.0,1,3407.0,3427.0,2,3428.0,3426.0,3426.0,3426.0,1.0,34260.0,3797
2023-05-09 21:55:37,bu2403,bu2403,3426.0,0.0,0.0,0.0,1,3407.0,3427.0,2,3428.0,3426.0,3426.0,3426.0,1.0,34260.0,3797
2023-05-09 21:55:37,bu2403,bu2403,3426.0,0.0,0.0,0.0,1,3408.0,3427.0,2,3428.0,3426.0,3426.0,3426.0,1.0,34260.0,3797
2023-05-09 21:55:38,bu2403,bu2403,3426.0,0.0,0.0,0.0,1,3409.0,3427.0,2,3428.0,3426.0,3426.0,3426.0,1.0,34260.0,3797
2023-05-09 21:55:44,bu2403,bu2403,3426.0,0.0,0.0,0.0,1,3409.0,3427.0,2,3428.0,3426.0,3426.0,3426.0,1.0,34260.0,3797
2023-05-09 21:55:44,bu2403,bu2403,3426.0,0.0,0.0,0.0,1,3409.0,3427.0,2,3428.0,3426.0,3426.0,3426.0,1.0,34260.0,3797
2023-05-09 21:56:08,bu2403,bu2403,3426.0,0.0,0.0,0.0,1,3409.0,3427.0,2,3428.0,3426.0,3426.0,3426.0,1.0,34260.0,3797
2023-05-09 21:56:09,bu2403,bu2403,3426.0,0.0,0.0,0.0,1,3409.0,3427.0,2,3428.0,3426.0,3426.0,3426.0,1.0,34260.0,3797
2023-05-09 21:56:18,bu2403,bu2403,3426.0,0.0,0.0,0.0,1,3409.0,3426.0,2,3428.0,3426.0,3426.0,3426.0,1.0,34260.0,3797
2023-05-09 21:56:19,bu2403,bu2403,3426.0,0.0,0.0,0.0,1,3409.0,3426.0,3,3428.0,3426.0,3426.0,3426.0,1.0,34260.0,3797
2023-05-09 21:56:53,bu2403,bu2403,3426.0,0.0,0.0,0.0,1,3408.0,3426.0,3,3428.0,3426.0,3426.0,3426.0,1.0,34260.0,3797
2023-05-09 21:56:53,bu2403,bu2403,3426.0,0.0,0.0,0.0,2,3408.0,3426.0,3,3428.0,3426.0,3426.0,3426.0,1.0,34260.0,3797
2023-05-09 21:57:07,bu2403,bu2403,3426.0,0.0,0.0,0.0,1,3408.0,3426.0,3,3428.0,3426.0,3426.0,3426.0,1.0,34260.0,3797
2023-05-09 21:57:11,bu2403,bu2403,3426.0,0.0,0.0,0.0,2,3408.0,3426.0,3,3428.0,3426.0,3426.0,3426.0,1.0,34260.0,3797
2023-05-09 21:57:16,bu2403,bu2403,3426.0,0.0,0.0,0.0,1,3409.0,3426.0,3,3428.0,3426.0,3426.0,3426.0,1.0,34260.0,3797
2023-05-09 21:57:18,bu2403,bu2403,3426.0,0.0,0.0,0.0,1,3408.0,3426.0,3,3428.0,3426.0,3426.0,3426.0,1.0,34260.0,3797
2023-05-09 21:57:19,bu2403,bu2403,3426.0,0.0,0.0,0.0,2,3408.0,3426.0,3,3428.0,3426.0,3426.0,3426.0,1.0,34260.0,3797
2023-05-09 21:57:19,bu2403,bu2403,3426.0,0.0,0.0,0.0,1,3408.0,3426.0,3,3428.0,3426.0,3426.0,3426.0,1.0,34260.0,3797
2023-05-09 21:57:20,bu2403,bu2403,3426.0,0.0,0.0,0.0,2,3408.0,3426.0,3,3428.0,3426.0,3426.0,3426.0,1.0,34260.0,3797
2023-05-09 21:57:36,bu2403,bu2403,3426.0,0.0,0.0,0.0,1,3409.0,3426.0,3,3428.0,3426.0,3426.0,3426.0,1.0,34260.0,3797
2023-05-09 21:57:39,bu2403,bu2403,3426.0,0.0,0.0,0.0,1,3408.0,3426.0,3,3428.0,3426.0,3426.0,3426.0,1.0,34260.0,3797
2023-05-09 21:57:40,bu2403,bu2403,3426.0,0.0,0.0,0.0,2,3408.0,3426.0,3,3428.0,3426.0,3426.0,3426.0,1.0,34260.0,3797
2023-05-09 21:58:00,bu2403,bu2403,3426.0,0.0,0.0,0.0,1,3409.0,3426.0,3,3428.0,3426.0,3426.0,3426.0,1.0,34260.0,3797
2023-05-09 21:58:03,bu2403,bu2403,3426.0,0.0,0.0,0.0,1,3409.0,3426.0,3,3428.0,3426.0,3426.0,3426.0,1.0,34260.0,3797
2023-05-09 21:58:23,bu2403,bu2403,3426.0,0.0,0.0,0.0,1,3409.0,3426.0,3,3428.0,3426.0,3426.0,3426.0,1.0,34260.0,3797
2023-05-09 21:58:28,bu2403,bu2403,3426.0,0.0,0.0,0.0,1,3409.0,3426.0,1,3428.0,3426.0,3426.0,3426.0,1.0,34260.0,3797
2023-05-09 21:59:09,bu2403,bu2403,3426.0,0.0,0.0,0.0,2,3410.0,3426.0,1,3428.0,3426.0,3426.0,3426.0,1.0,34260.0,3797
2023-05-09 21:59:09,bu2403,bu2403,3426.0,0.0,0.0,0.0,1,3411.0,3426.0,1,3428.0,3426.0,3426.0,3426.0,1.0,34260.0,3797
2023-05-09 21:59:11,bu2403,bu2403,3426.0,0.0,0.0,0.0,1,3412.0,3426.0,1,3428.0,3426.0,3426.0,3426.0,1.0,34260.0,3797
2023-05-09 21:59:11,bu2403,bu2403,3426.0,0.0,0.0,0.0,2,3412.0,3426.0,1,3428.0,3426.0,3426.0,3426.0,1.0,34260.0,3797
2023-05-09 21:59:14,bu2403,bu2403,3426.0,0.0,0.0,0.0,2,3410.0,3426.0,1,3428.0,3426.0,3426.0,3426.0,1.0,34260.0,3797
2023-05-09 21:59:14,bu2403,bu2403,3426.0,0.0,0.0,0.0,2,3411.0,3426.0,1,3428.0,3426.0,3426.0,3426.0,1.0,34260.0,3797
2023-05-09 21:59:48,bu2403,bu2403,3426.0,0.0,0.0,0.0,2,3411.0,3426.0,1,3428.0,3426.0,3426.0,3426.0,1.0,34260.0,3797
2023-05-09 21:59:51,bu2403,bu2403,3426.0,0.0,0.0,0.0,2,3411.0,3425.0,2,3428.0,3426.0,3426.0,3426.0,1.0,34260.0,3797
2023-05-09 21:59:52,bu2403,bu2403,3426.0,0.0,0.0,0.0,2,3411.0,3425.0,3,3428.0,3426.0,3426.0,3426.0,1.0,34260.0,3797
2023-05-09 22:00:02,bu2403,bu2403,3426.0,0.0,0.0,0.0,2,3411.0,3425.0,2,3428.0,3426.0,3426.0,3426.0,1.0,34260.0,3797
2023-05-09 22:00:02,bu2403,bu2403,3426.0,0.0,0.0,0.0,2,3411.0,3425.0,2,3428.0,3426.0,3426.0,3426.0,1.0,34260.0,3797
2023-05-09 22:00:03,bu2403,bu2403,3426.0,0.0,0.0,0.0,2,3411.0,3425.0,2,3428.0,3426.0,3426.0,3426.0,1.0,34260.0,3797
2023-05-09 22:00:04,bu2403,bu2403,3426.0,0.0,0.0,0.0,2,3411.0,3425.0,2,3428.0,3426.0,3426.0,3426.0,1.0,34260.0,3797
2023-05-09 22:00:05,bu2403,bu2403,3426.0,0.0,0.0,0.0,2,3411.0,3427.0,1,3428.0,3426.0,3426.0,3426.0,1.0,34260.0,3797
2023-05-09 22:00:05,bu2403,bu2403,3426.0,0.0,0.0,0.0,2,3411.0,3427.0,2,3428.0,3426.0,3426.0,3426.0,1.0,34260.0,3797
2023-05-09 22:00:07,bu2403,bu2403,3426.0,0.0,0.0,0.0,2,3411.0,3427.0,2,3428.0,3426.0,3426.0,3426.0,1.0,34260.0,3797
2023-05-09 22:00:08,bu2403,bu2403,3426.0,0.0,0.0,0.0,2,3411.0,3427.0,2,3428.0,3426.0,3426.0,3426.0,1.0,34260.0,3797
2023-05-09 22:00:12,bu2403,bu2403,3426.0,0.0,0.0,0.0,1,3411.0,3427.0,2,3428.0,3426.0,3426.0,3426.0,1.0,34260.0,3797
2023-05-09 22:00:13,bu2403,bu2403,3426.0,0.0,0.0,0.0,1,3411.0,3427.0,2,3428.0,3426.0,3426.0,3426.0,1.0,34260.0,3797
2023-05-09 22:00:13,bu2403,bu2403,3426.0,0.0,0.0,0.0,1,3411.0,3427.0,2,3428.0,3426.0,3426.0,3426.0,1.0,34260.0,3797
2023-05-09 22:00:14,bu2403,bu2403,3426.0,0.0,0.0,0.0,1,3411.0,3427.0,2,3428.0,3426.0,3426.0,3426.0,1.0,34260.0,3797
2023-05-09 22:00:31,bu2403,bu2403,3426.0,0.0,0.0,0.0,1,3411.0,3427.0,1,3428.0,3426.0,3426.0,3426.0,1.0,34260.0,3797
2023-05-09 22:00:32,bu2403,bu2403,3426.0,0.0,0.0,0.0,1,3412.0,3427.0,1,3428.0,3426.0,3426.0,3426.0,1.0,34260.0,3797
2023-05-09 22:00:32,bu2403,bu2403,3426.0,0.0,0.0,0.0,1,3413.0,3427.0,1,3428.0,3426.0,3426.0,3426.0,1.0,34260.0,3797
2023-05-09 22:00:34,bu2403,bu2403,3426.0,0.0,0.0,0.0,2,3414.0,3427.0,1,3428.0,3426.0,3426.0,3426.0,1.0,34260.0,3797
2023-05-09 22:00:35,bu2403,bu2403,3426.0,0.0,0.0,0.0,3,3414.0,3427.0,1,3428.0,3426.0,3426.0,3426.0,1.0,34260.0,3797
2023-05-09 22:00:35,bu2403,bu2403,3426.0,0.0,0.0,0.0,2,3414.0,3427.0,1,3428.0,3426.0,3426.0,3426.0,1.0,34260.0,3797
2023-05-09 22:00:37,bu2403,bu2403,3426.0,0.0,0.0,0.0,2,3414.0,3427.0,2,3428.0,3426.0,3426.0,3426.0,1.0,34260.0,3797
2023-05-09 22:00:38,bu2403,bu2403,3426.0,0.0,0.0,0.0,2,3404.0,3427.0,2,3428.0,3426.0,3426.0,3426.0,1.0,34260.0,3797
2023-05-09 22:00:38,bu2403,bu2403,3426.0,0.0,0.0,0.0,2,3405.0,3427.0,2,3428.0,3426.0,3426.0,3426.0,1.0,34260.0,3797
2023-05-09 22:00:57,bu2403,bu2403,3426.0,0.0,0.0,0.0,1,3406.0,3427.0,1,3428.0,3426.0,3426.0,3426.0,1.0,34260.0,3797
2023-05-09 22:00:57,bu2403,bu2403,3426.0,0.0,0.0,0.0,1,3407.0,3427.0,1,3428.0,3426.0,3426.0,3426.0,1.0,34260.0,3797
2023-05-09 22:00:58,bu2403,bu2403,3426.0,0.0,0.0,0.0,1,3407.0,3427.0,2,3428.0,3426.0,3426.0,3426.0,1.0,34260.0,3797
2023-05-09 22:00:58,bu2403,bu2403,3426.0,0.0,0.0,0.0,1,3408.0,3427.0,2,3428.0,3426.0,3426.0,3426.0,1.0,34260.0,3797
2023-05-09 22:00:59,bu2403,bu2403,3426.0,0.0,0.0,0.0,1,3409.0,3427.0,2,3428.0,3426.0,3426.0,3426.0,1.0,34260.0,3797
2023-05-09 22:01:10,bu2403,bu2403,3426.0,0.0,0.0,0.0,1,3409.0,3427.0,2,3428.0,3426.0,3426.0,3426.0,1.0,34260.0,3797
2023-05-09 22:01:10,bu2403,bu2403,3426.0,0.0,0.0,0.0,1,3409.0,3427.0,2,3428.0,3426.0,3426.0,3426.0,1.0,34260.0,3797
2023-05-09 22:01:18,bu2403,bu2403,3426.0,0.0,0.0,0.0,2,3410.0,3427.0,2,3428.0,3426.0,3426.0,3426.0,1.0,34260.0,3797
2023-05-09 22:01:19,bu2403,bu2403,3426.0,0.0,0.0,0.0,1,3411.0,3427.0,2,3428.0,3426.0,3426.0,3426.0,1.0,34260.0,3797
2023-05-09 22:01:19,bu2403,bu2403,3426.0,0.0,0.0,0.0,1,3412.0,3427.0,2,3428.0,3426.0,3426.0,3426.0,1.0,34260.0,3797
2023-05-09 22:01:20,bu2403,bu2403,3426.0,0.0,0.0,0.0,1,3413.0,3427.0,2,3428.0,3426.0,3426.0,3426.0,1.0,34260.0,3797
2023-05-09 22:01:39,bu2403,bu2403,3426.0,0.0,0.0,0.0,1,3413.0,3427.0,1,3428.0,3426.0,3426.0,3426.0,1.0,34260.0,3797
2023-05-09 22:01:49,bu2403,bu2403,3426.0,0.0,0.0,0.0,1,3413.0,3427.0,2,3428.0,3426.0,3426.0,3426.0,1.0,34260.0,3797
2023-05-09 22:01:53,bu2403,bu2403,3426.0,0.0,0.0,0.0,1,3413.0,3427.0,1,3428.0,3426.0,3426.0,3426.0,1.0,34260.0,3797
2023-05-09 22:01:54,bu2403,bu2403,3426.0,0.0,0.0,0.0,1,3413.0,3427.0,2,3428.0,3426.0,3426.0,3426.0,1.0,34260.0,3797
2023-05-09 22:01:57,bu2403,bu2403,3426.0,0.0,0.0,0.0,1,3413.0,3427.0,2,3428.0,3426.0,3426.0,3426.0,1.0,34260.0,3797
2023-05-09 22:02:01,bu2403,bu2403,3426.0,0.0,0.0,0.0,1,3413.0,3426.0,2,3428.0,3426.0,3426.0,3426.0,1.0,34260.0,3797
2023-05-09 22:02:02,bu2403,bu2403,3426.0,0.0,0.0,0.0,1,3413.0,3426.0,2,3428.0,3426.0,3426.0,3426.0,1.0,34260.0,3797
2023-05-09 22:02:03,bu2403,bu2403,3426.0,0.0,0.0,0.0,1,3412.0,3426.0,3,3428.0,3426.0,3426.0,3426.0,1.0,34260.0,3797
2023-05-09 22:02:04,bu2403,bu2403,3426.0,0.0,0.0,0.0,2,3412.0,3426.0,3,3428.0,3426.0,3426.0,3426.0,1.0,34260.0,3797
2023-05-09 22:02:13,bu2403,bu2403,3426.0,0.0,0.0,0.0,1,3412.0,3426.0,3,3428.0,3426.0,3426.0,3426.0,1.0,34260.0,3797
2023-05-09 22:02:13,bu2403,bu2403,3426.0,0.0,0.0,0.0,2,3412.0,3426.0,3,3428.0,3426.0,3426.0,3426.0,1.0,34260.0,3797
2023-05-09 22:02:16,bu2403,bu2403,3426.0,0.0,0.0,0.0,1,3412.0,3426.0,3,3428.0,3426.0,3426.0,3426.0,1.0,34260.0,3797
2023-05-09 22:02:17,bu2403,bu2403,3426.0,0.0,0.0,0.0,2,3412.0,3426.0,3,3428.0,3426.0,3426.0,3426.0,1.0,34260.0,3797
2023-05-09 22:02:22,bu2403,bu2403,3426.0,0.0,0.0,0.0,1,3412.0,3426.0,3,3428.0,3426.0,3426.0,3426.0,1.0,34260.0,3797
2023-05-09 22:02:23,bu2403,bu2403,3426.0,0.0,0.0,0.0,2,3404.0,3426.0,3,3428.0,3426.0,3426.0,3426.0,1.0,34260.0,3797
2023-05-09 22:02:24,bu2403,bu2403,3426.0,0.0,0.0,0.0,2,3405.0,3426.0,3,3428.0,3426.0,3426.0,3426.0,1.0,34260.0,3797
2023-05-09 22:02:24,bu2403,bu2403,3426.0,0.0,0.0,0.0,2,3405.0,3426.0,1,3428.0,3426.0,3426.0,3426.0,1.0,34260.0,3797
2023-05-09 22:02:30,bu2403,bu2403,3426.0,0.0,0.0,0.0,2,3405.0,3426.0,1,3428.0,3426.0,3426.0,3426.0,1.0,34260.0,3797
2023-05-09 22:02:30,bu2403,bu2403,3426.0,0.0,0.0,0.0,2,3405.0,3426.0,1,3428.0,3426.0,3426.0,3426.0,1.0,34260.0,3797
2023-05-09 22:02:31,bu2403,bu2403,3426.0,0.0,0.0,0.0,2,3405.0,3426.0,1,3428.0,3426.0,3426.0,3426.0,1.0,34260.0,3797
2023-05-09 22:02:40,bu2403,bu2403,3426.0,0.0,0.0,0.0,2,3405.0,3425.0,1,3428.0,3426.0,3426.0,3426.0,1.0,34260.0,3797
2023-05-09 22:02:41,bu2403,bu2403,3426.0,0.0,0.0,0.0,2,3405.0,3425.0,2,3428.0,3426.0,3426.0,3426.0,1.0,34260.0,3797
2023-05-09 22:02:44,bu2403,bu2403,3426.0,0.0,0.0,0.0,2,3406.0,3425.0,2,3428.0,3426.0,3426.0,3426.0,1.0,34260.0,3797
2023-05-09 22:02:44,bu2403,bu2403,3426.0,0.0,0.0,0.0,1,3407.0,3425.0,2,3428.0,3426.0,3426.0,3426.0,1.0,34260.0,3797
2023-05-09 22:02:45,bu2403,bu2403,3426.0,0.0,0.0,0.0,1,3407.0,3425.0,2,3428.0,3426.0,3426.0,3426.0,1.0,34260.0,3797
2023-05-09 22:02:45,bu2403,bu2403,3426.0,0.0,0.0,0.0,1,3408.0,3425.0,2,3428.0,3426.0,3426.0,3426.0,1.0,34260.0,3797
2023-05-09 22:02:46,bu2403,bu2403,3426.0,0.0,0.0,0.0,1,3409.0,3425.0,2,3428.0,3426.0,3426.0,3426.0,1.0,34260.0,3797
2023-05-09 22:03:22,bu2403,bu2403,3426.0,0.0,0.0,0.0,1,3409.0,3425.0,2,3428.0,3426.0,3426.0,3426.0,1.0,34260.0,3797
2023-05-09 22:03:27,bu2403,bu2403,3426.0,0.0,0.0,0.0,1,3408.0,3424.0,2,3428.0,3426.0,3426.0,3426.0,1.0,34260.0,3797
2023-05-09 22:03:28,bu2403,bu2403,3426.0,0.0,0.0,0.0,2,3408.0,3424.0,3,3428.0,3426.0,3426.0,3426.0,1.0,34260.0,3797
2023-05-09 22:03:29,bu2403,bu2403,3426.0,0.0,0.0,0.0,2,3408.0,3424.0,3,3428.0,3426.0,3426.0,3426.0,1.0,34260.0,3797
2023-05-09 22:03:31,bu2403,bu2403,3426.0,0.0,0.0,0.0,1,3408.0,3424.0,3,3428.0,3426.0,3426.0,3426.0,1.0,34260.0,3797
2023-05-09 22:03:33,bu2403,bu2403,3426.0,0.0,0.0,0.0,2,3398.0,3424.0,3,3428.0,3426.0,3426.0,3426.0,1.0,34260.0,3797
2023-05-09 22:03:33,bu2403,bu2403,3426.0,0.0,0.0,0.0,2,3399.0,3424.0,1,3428.0,3426.0,3426.0,3426.0,1.0,34260.0,3797
2023-05-09 22:03:43,bu2403,bu2403,3426.0,0.0,0.0,0.0,2,3399.0,3424.0,1,3428.0,3426.0,3426.0,3426.0,1.0,34260.0,3797
2023-05-09 22:04:09,bu2403,bu2403,3426.0,0.0,0.0,0.0,2,3399.0,3424.0,1,3428.0,3426.0,3426.0,3426.0,1.0,34260.0,3797
2023-05-09 22:04:09,bu2403,bu2403,3426.0,0.0,0.0,0.0,3,3399.0,3424.0,1,3428.0,3426.0,3426.0,3426.0,1.0,34260.0,3797
2023-05-09 22:04:12,bu2403,bu2403,3426.0,0.0,0.0,0.0,2,3400.0,3424.0,1,3428.0,3426.0,3426.0,3426.0,1.0,34260.0,3797
