time,symbol_id,symbol_name,last,trade_volume,trade_amount,open_interest_change,bv1,bp1,ap1,av1,yesterday_close,today_open,today_high,today_low,volume,amount,open_interest
2023-05-10 08:59:00,fb2309,fb2309,1264.0,1.0,12640.0,0.0,1,1262.0,1265.0,2,1259.5,1264.0,1264.0,1264.0,1.0,12640.0,530
2023-05-10 09:00:00,fb2309,fb2309,1264.0,0.0,0.0,0.0,1,1262.0,1264.0,1,1259.5,1264.0,1264.0,1264.0,1.0,12640.0,530
2023-05-10 09:00:00,fb2309,fb2309,1264.0,1.0,12640.0,0.0,1,1262.0,1264.5,1,1259.5,1264.0,1264.0,1264.0,2.0,25280.0,530
2023-05-10 09:00:01,fb2309,fb2309,1264.0,0.0,0.0,0.0,1,1262.0,1264.0,1,1259.5,1264.0,1264.0,1264.0,2.0,25280.0,530
2023-05-10 09:00:01,fb2309,fb2309,1264.0,1.0,12640.0,0.0,1,1262.0,1264.5,1,1259.5,1264.0,1264.0,1264.0,3.0,37920.0,530
2023-05-10 09:00:02,fb2309,fb2309,1262.0,1.0,12620.0,0.0,1,1259.0,1264.5,3,1259.5,1264.0,1264.0,1262.0,4.0,50540.0,530
2023-05-10 09:00:03,fb2309,fb2309,1262.0,0.0,0.0,0.0,1,1259.5,1264.0,1,1259.5,1264.0,1264.0,1262.0,4.0,50540.0,530
2023-05-10 09:00:06,fb2309,fb2309,1259.5,1.0,12595.0,-1.0,1,1259.0,1264.0,1,1259.5,1264.0,1264.0,1259.5,5.0,63135.0,529
2023-05-10 09:00:07,fb2309,fb2309,1259.5,0.0,0.0,0.0,1,1259.0,1261.0,1,1259.5,1264.0,1264.0,1259.5,5.0,63135.0,529
2023-05-10 09:00:08,fb2309,fb2309,1259.5,0.0,0.0,0.0,1,1259.0,1260.5,1,1259.5,1264.0,1264.0,1259.5,5.0,63135.0,529
2023-05-10 09:00:11,fb2309,fb2309,1260.5,1.0,12605.0,0.0,1,1259.0,1261.0,1,1259.5,1264.0,1264.0,1259.5,6.0,75740.0,529
2023-05-10 09:00:11,fb2309,fb2309,1260.5,0.0,0.0,0.0,1,1259.5,1260.5,1,1259.5,1264.0,1264.0,1259.5,6.0,75740.0,529
2023-05-10 09:00:12,fb2309,fb2309,1260.5,1.0,12605.0,1.0,1,1259.5,1261.0,1,1259.5,1264.0,1264.0,1259.5,7.0,88345.0,530
2023-05-10 09:00:14,fb2309,fb2309,1260.5,1.0,12605.0,1.0,1,1259.5,1261.0,1,1259.5,1264.0,1264.0,1259.5,8.0,100950.0,531
2023-05-10 09:00:17,fb2309,fb2309,1260.5,0.0,0.0,0.0,1,1260.0,1261.0,1,1259.5,1264.0,1264.0,1259.5,8.0,100950.0,531
2023-05-10 09:00:21,fb2309,fb2309,1260.0,1.0,12600.0,1.0,2,1259.5,1260.0,3,1259.5,1264.0,1264.0,1259.5,9.0,113550.0,532
2023-05-10 09:00:23,fb2309,fb2309,1259.0,3.0,37780.0,0.0,1,1259.5,1260.0,3,1259.5,1264.0,1264.0,1259.0,12.0,151330.0,532
2023-05-10 09:00:23,fb2309,fb2309,1259.5,1.0,12595.0,0.0,2,1258.0,1260.0,3,1259.5,1264.0,1264.0,1259.0,13.0,163925.0,532
2023-05-10 09:00:24,fb2309,fb2309,1259.5,0.0,0.0,0.0,1,1258.5,1259.5,1,1259.5,1264.0,1264.0,1259.0,13.0,163925.0,532
2023-05-10 09:00:26,fb2309,fb2309,1259.5,0.0,0.0,0.0,1,1258.5,1259.5,2,1259.5,1264.0,1264.0,1259.0,13.0,163925.0,532
2023-05-10 09:00:26,fb2309,fb2309,1258.5,1.0,12585.0,0.0,2,1258.0,1259.5,2,1259.5,1264.0,1264.0,1258.5,14.0,176510.0,532
2023-05-10 09:00:28,fb2309,fb2309,1258.0,2.0,25175.0,0.0,1,1258.0,1259.5,1,1259.5,1264.0,1264.0,1258.0,16.0,201685.0,532
2023-05-10 09:00:29,fb2309,fb2309,1259.5,1.0,12595.0,0.0,1,1258.0,1260.0,3,1259.5,1264.0,1264.0,1258.0,17.0,214280.0,532
2023-05-10 09:00:29,fb2309,fb2309,1259.5,0.0,0.0,0.0,1,1258.5,1259.0,1,1259.5,1264.0,1264.0,1258.0,17.0,214280.0,532
2023-05-10 09:00:30,fb2309,fb2309,1259.0,3.0,37755.0,3.0,1,1256.5,1259.5,1,1259.5,1264.0,1264.0,1258.0,20.0,252035.0,535
2023-05-10 09:00:32,fb2309,fb2309,1259.0,0.0,0.0,0.0,2,1257.0,1259.5,1,1259.5,1264.0,1264.0,1258.0,20.0,252035.0,535
2023-05-10 09:00:32,fb2309,fb2309,1259.5,1.0,12595.0,0.0,2,1257.0,1260.0,3,1259.5,1264.0,1264.0,1258.0,21.0,264630.0,535
2023-05-10 09:00:33,fb2309,fb2309,1257.5,1.0,12575.0,0.0,2,1257.0,1259.5,1,1259.5,1264.0,1264.0,1257.5,22.0,277205.0,535
2023-05-10 09:00:36,fb2309,fb2309,1257.5,0.0,0.0,0.0,1,1257.5,1259.5,1,1259.5,1264.0,1264.0,1257.5,22.0,277205.0,535
2023-05-10 09:00:38,fb2309,fb2309,1259.5,1.0,12595.0,-1.0,1,1257.5,1260.0,3,1259.5,1264.0,1264.0,1257.5,23.0,289800.0,534
2023-05-10 09:00:39,fb2309,fb2309,1259.5,0.0,0.0,0.0,1,1258.0,1259.5,1,1259.5,1264.0,1264.0,1257.5,23.0,289800.0,534
2023-05-10 09:00:44,fb2309,fb2309,1259.5,1.0,12595.0,1.0,1,1258.0,1260.0,3,1259.5,1264.0,1264.0,1257.5,24.0,302395.0,535
2023-05-10 09:00:45,fb2309,fb2309,1259.5,0.0,0.0,0.0,1,1258.0,1259.5,1,1259.5,1264.0,1264.0,1257.5,24.0,302395.0,535
2023-05-10 09:00:46,fb2309,fb2309,1259.5,0.0,0.0,0.0,1,1258.5,1259.5,1,1259.5,1264.0,1264.0,1257.5,24.0,302395.0,535
2023-05-10 09:00:47,fb2309,fb2309,1259.5,0.0,0.0,0.0,1,1258.5,1259.5,2,1259.5,1264.0,1264.0,1257.5,24.0,302395.0,535
2023-05-10 09:00:47,fb2309,fb2309,1259.5,1.0,12595.0,0.0,1,1258.5,1259.5,1,1259.5,1264.0,1264.0,1257.5,25.0,314990.0,535
2023-05-10 09:00:54,fb2309,fb2309,1259.5,0.0,0.0,0.0,1,1258.0,1259.5,1,1259.5,1264.0,1264.0,1257.5,25.0,314990.0,535
2023-05-10 09:00:54,fb2309,fb2309,1259.5,0.0,0.0,0.0,1,1258.0,1260.0,3,1259.5,1264.0,1264.0,1257.5,25.0,314990.0,535
2023-05-10 09:00:56,fb2309,fb2309,1259.5,0.0,0.0,0.0,1,1258.5,1260.0,3,1259.5,1264.0,1264.0,1257.5,25.0,314990.0,535
2023-05-10 09:01:00,fb2309,fb2309,1259.5,0.0,0.0,0.0,1,1258.5,1259.5,4,1259.5,1264.0,1264.0,1257.5,25.0,314990.0,535
2023-05-10 09:01:01,fb2309,fb2309,1259.5,0.0,0.0,0.0,1,1258.0,1259.5,4,1259.5,1264.0,1264.0,1257.5,25.0,314990.0,535
2023-05-10 09:01:02,fb2309,fb2309,1259.5,1.0,12595.0,1.0,1,1258.0,1259.5,3,1259.5,1264.0,1264.0,1257.5,26.0,327585.0,536
2023-05-10 09:01:02,fb2309,fb2309,1259.5,0.0,0.0,0.0,1,1258.5,1259.5,3,1259.5,1264.0,1264.0,1257.5,26.0,327585.0,536
2023-05-10 09:01:10,fb2309,fb2309,1258.5,1.0,12585.0,1.0,1,1258.0,1259.5,3,1259.5,1264.0,1264.0,1257.5,27.0,340170.0,537
2023-05-10 09:01:10,fb2309,fb2309,1258.5,0.0,0.0,0.0,1,1258.0,1259.5,4,1259.5,1264.0,1264.0,1257.5,27.0,340170.0,537
2023-05-10 09:01:22,fb2309,fb2309,1258.0,1.0,12580.0,1.0,1,1257.5,1258.0,2,1259.5,1264.0,1264.0,1257.5,28.0,352750.0,538
2023-05-10 09:01:22,fb2309,fb2309,1257.0,2.0,25145.0,0.0,1,1254.0,1258.0,2,1259.5,1264.0,1264.0,1257.0,30.0,377895.0,538
2023-05-10 09:01:23,fb2309,fb2309,1257.0,0.0,0.0,0.0,1,1254.5,1257.5,1,1259.5,1264.0,1264.0,1257.0,30.0,377895.0,538
2023-05-10 09:01:24,fb2309,fb2309,1254.5,1.0,12545.0,0.0,1,1254.0,1257.5,1,1259.5,1264.0,1264.0,1254.5,31.0,390440.0,538
2023-05-10 09:01:24,fb2309,fb2309,1254.0,7.0,87690.0,-3.0,4,1251.0,1257.5,1,1259.5,1264.0,1264.0,1251.0,38.0,478130.0,535
2023-05-10 09:01:25,fb2309,fb2309,1251.0,1.0,12510.0,0.0,3,1251.0,1257.5,1,1259.5,1264.0,1264.0,1251.0,39.0,490640.0,535
2023-05-10 09:01:25,fb2309,fb2309,1257.5,4.0,50235.0,1.0,2,1251.0,1257.5,1,1259.5,1264.0,1264.0,1251.0,43.0,540875.0,536
2023-05-10 09:01:26,fb2309,fb2309,1257.5,0.0,0.0,0.0,1,1251.5,1257.0,1,1259.5,1264.0,1264.0,1251.0,43.0,540875.0,536
2023-05-10 09:01:27,fb2309,fb2309,1257.5,0.0,0.0,0.0,1,1252.0,1257.0,2,1259.5,1264.0,1264.0,1251.0,43.0,540875.0,536
2023-05-10 09:01:28,fb2309,fb2309,1257.5,0.0,0.0,0.0,1,1256.0,1257.0,2,1259.5,1264.0,1264.0,1251.0,43.0,540875.0,536
2023-05-10 09:01:28,fb2309,fb2309,1257.0,2.0,25130.0,1.0,1,1252.0,1256.5,1,1259.5,1264.0,1264.0,1251.0,45.0,566005.0,537
2023-05-10 09:01:30,fb2309,fb2309,1257.0,0.0,0.0,0.0,2,1252.5,1256.5,1,1259.5,1264.0,1264.0,1251.0,45.0,566005.0,537
2023-05-10 09:01:31,fb2309,fb2309,1256.0,1.0,12560.0,1.0,2,1252.5,1256.5,1,1259.5,1264.0,1264.0,1251.0,46.0,578565.0,538
2023-05-10 09:01:33,fb2309,fb2309,1256.0,0.0,0.0,0.0,2,1253.0,1256.5,1,1259.5,1264.0,1264.0,1251.0,46.0,578565.0,538
2023-05-10 09:01:34,fb2309,fb2309,1256.0,0.0,0.0,0.0,1,1253.5,1256.5,1,1259.5,1264.0,1264.0,1251.0,46.0,578565.0,538
2023-05-10 09:01:37,fb2309,fb2309,1256.0,0.0,0.0,0.0,1,1254.0,1256.5,1,1259.5,1264.0,1264.0,1251.0,46.0,578565.0,538
2023-05-10 09:01:37,fb2309,fb2309,1256.0,0.0,0.0,0.0,3,1254.0,1256.5,1,1259.5,1264.0,1264.0,1251.0,46.0,578565.0,538
2023-05-10 09:01:38,fb2309,fb2309,1256.5,1.0,12565.0,0.0,1,1254.5,1257.0,6,1259.5,1264.0,1264.0,1251.0,47.0,591130.0,538
2023-05-10 09:01:38,fb2309,fb2309,1257.0,1.0,12570.0,0.0,1,1254.5,1257.0,5,1259.5,1264.0,1264.0,1251.0,48.0,603700.0,538
2023-05-10 09:01:39,fb2309,fb2309,1257.0,3.0,37710.0,-2.0,1,1254.5,1257.0,2,1259.5,1264.0,1264.0,1251.0,51.0,641410.0,536
2023-05-10 09:01:40,fb2309,fb2309,1257.0,1.0,12570.0,-1.0,2,1255.0,1257.0,1,1259.5,1264.0,1264.0,1251.0,52.0,653980.0,535
2023-05-10 09:01:41,fb2309,fb2309,1257.0,1.0,12570.0,-1.0,1,1255.5,1258.0,2,1259.5,1264.0,1264.0,1251.0,53.0,666550.0,534
2023-05-10 09:01:42,fb2309,fb2309,1257.0,0.0,0.0,0.0,1,1256.0,1258.0,2,1259.5,1264.0,1264.0,1251.0,53.0,666550.0,534
2023-05-10 09:01:43,fb2309,fb2309,1256.0,1.0,12560.0,1.0,1,1255.0,1258.0,2,1259.5,1264.0,1264.0,1251.0,54.0,679110.0,535
2023-05-10 09:01:43,fb2309,fb2309,1256.5,1.0,12565.0,1.0,1,1255.0,1256.5,2,1259.5,1264.0,1264.0,1251.0,55.0,691675.0,536
2023-05-10 09:01:44,fb2309,fb2309,1256.5,2.0,25130.0,0.0,1,1255.0,1256.0,1,1259.5,1264.0,1264.0,1251.0,57.0,716805.0,536
2023-05-10 09:01:45,fb2309,fb2309,1256.5,0.0,0.0,0.0,1,1255.0,1258.0,2,1259.5,1264.0,1264.0,1251.0,57.0,716805.0,536
2023-05-10 09:01:46,fb2309,fb2309,1256.5,0.0,0.0,0.0,1,1255.5,1257.5,1,1259.5,1264.0,1264.0,1251.0,57.0,716805.0,536
2023-05-10 09:01:47,fb2309,fb2309,1257.5,1.0,12575.0,0.0,1,1255.5,1257.0,1,1259.5,1264.0,1264.0,1251.0,58.0,729380.0,536
2023-05-10 09:01:48,fb2309,fb2309,1256.0,1.0,12560.0,0.0,1,1255.5,1257.0,1,1259.5,1264.0,1264.0,1251.0,59.0,741940.0,536
2023-05-10 09:01:49,fb2309,fb2309,1255.5,1.0,12555.0,-1.0,3,1254.0,1255.5,1,1259.5,1264.0,1264.0,1251.0,60.0,754495.0,535
2023-05-10 09:01:51,fb2309,fb2309,1255.5,1.0,12555.0,0.0,3,1254.0,1258.0,2,1259.5,1264.0,1264.0,1251.0,61.0,767050.0,535
2023-05-10 09:01:51,fb2309,fb2309,1255.5,0.0,0.0,0.0,2,1254.5,1257.5,1,1259.5,1264.0,1264.0,1251.0,61.0,767050.0,535
2023-05-10 09:01:52,fb2309,fb2309,1255.5,0.0,0.0,0.0,2,1254.5,1257.0,2,1259.5,1264.0,1264.0,1251.0,61.0,767050.0,535
2023-05-10 09:01:55,fb2309,fb2309,1257.0,1.0,12570.0,0.0,2,1254.5,1257.0,1,1259.5,1264.0,1264.0,1251.0,62.0,779620.0,535
2023-05-10 09:02:03,fb2309,fb2309,1257.0,1.0,12570.0,0.0,1,1255.0,1257.5,2,1259.5,1264.0,1264.0,1251.0,63.0,792190.0,535
2023-05-10 09:02:05,fb2309,fb2309,1257.0,0.0,0.0,0.0,2,1255.5,1257.5,1,1259.5,1264.0,1264.0,1251.0,63.0,792190.0,535
2023-05-10 09:02:05,fb2309,fb2309,1257.0,0.0,0.0,0.0,1,1256.0,1257.5,1,1259.5,1264.0,1264.0,1251.0,63.0,792190.0,535
2023-05-10 09:02:07,fb2309,fb2309,1256.0,1.0,12560.0,1.0,2,1255.5,1257.5,1,1259.5,1264.0,1264.0,1251.0,64.0,804750.0,536
2023-05-10 09:02:10,fb2309,fb2309,1256.0,0.0,0.0,0.0,2,1254.5,1257.5,1,1259.5,1264.0,1264.0,1251.0,64.0,804750.0,536
2023-05-10 09:02:12,fb2309,fb2309,1256.0,0.0,0.0,0.0,2,1255.0,1257.5,1,1259.5,1264.0,1264.0,1251.0,64.0,804750.0,536
2023-05-10 09:02:16,fb2309,fb2309,1255.0,1.0,12550.0,1.0,1,1255.0,1257.5,1,1259.5,1264.0,1264.0,1251.0,65.0,817300.0,537
2023-05-10 09:02:16,fb2309,fb2309,1255.0,0.0,0.0,0.0,1,1255.0,1257.0,1,1259.5,1264.0,1264.0,1251.0,65.0,817300.0,537
2023-05-10 09:02:19,fb2309,fb2309,1255.0,0.0,0.0,0.0,2,1255.0,1257.0,1,1259.5,1264.0,1264.0,1251.0,65.0,817300.0,537
2023-05-10 09:02:19,fb2309,fb2309,1255.0,0.0,0.0,0.0,2,1255.0,1257.0,2,1259.5,1264.0,1264.0,1251.0,65.0,817300.0,537
2023-05-10 09:02:22,fb2309,fb2309,1255.0,0.0,0.0,0.0,2,1255.0,1256.5,1,1259.5,1264.0,1264.0,1251.0,65.0,817300.0,537
2023-05-10 09:02:25,fb2309,fb2309,1255.0,1.0,12550.0,1.0,1,1255.0,1256.5,1,1259.5,1264.0,1264.0,1251.0,66.0,829850.0,538
2023-05-10 09:02:26,fb2309,fb2309,1255.0,0.0,0.0,0.0,1,1255.0,1256.0,1,1259.5,1264.0,1264.0,1251.0,66.0,829850.0,538
2023-05-10 09:02:27,fb2309,fb2309,1255.0,0.0,0.0,0.0,1,1255.5,1256.0,1,1259.5,1264.0,1264.0,1251.0,66.0,829850.0,538
2023-05-10 09:02:28,fb2309,fb2309,1255.5,1.0,12555.0,0.0,1,1255.0,1256.5,1,1259.5,1264.0,1264.0,1251.0,67.0,842405.0,538
2023-05-10 09:02:28,fb2309,fb2309,1255.5,0.0,0.0,0.0,1,1255.0,1256.0,1,1259.5,1264.0,1264.0,1251.0,67.0,842405.0,538
2023-05-10 09:02:33,fb2309,fb2309,1255.0,1.0,12550.0,1.0,2,1254.5,1256.0,1,1259.5,1264.0,1264.0,1251.0,68.0,854955.0,539
2023-05-10 09:02:35,fb2309,fb2309,1255.0,0.0,0.0,0.0,2,1254.5,1255.5,2,1259.5,1264.0,1264.0,1251.0,68.0,854955.0,539
2023-05-10 09:02:36,fb2309,fb2309,1255.0,0.0,0.0,0.0,2,1254.5,1255.5,3,1259.5,1264.0,1264.0,1251.0,68.0,854955.0,539
2023-05-10 09:02:41,fb2309,fb2309,1255.5,1.0,12555.0,-1.0,2,1254.5,1255.5,2,1259.5,1264.0,1264.0,1251.0,69.0,867510.0,538
2023-05-10 09:02:46,fb2309,fb2309,1255.5,0.0,0.0,0.0,2,1254.5,1255.5,1,1259.5,1264.0,1264.0,1251.0,69.0,867510.0,538
2023-05-10 09:02:47,fb2309,fb2309,1255.5,0.0,0.0,0.0,3,1254.5,1255.5,1,1259.5,1264.0,1264.0,1251.0,69.0,867510.0,538
2023-05-10 09:02:48,fb2309,fb2309,1255.5,0.0,0.0,0.0,3,1254.5,1256.5,1,1259.5,1264.0,1264.0,1251.0,69.0,867510.0,538
2023-05-10 09:02:49,fb2309,fb2309,1256.5,1.0,12565.0,0.0,1,1255.0,1257.0,1,1259.5,1264.0,1264.0,1251.0,70.0,880075.0,538
2023-05-10 09:02:50,fb2309,fb2309,1256.5,0.0,0.0,0.0,1,1255.0,1256.5,1,1259.5,1264.0,1264.0,1251.0,70.0,880075.0,538
2023-05-10 09:02:51,fb2309,fb2309,1256.5,0.0,0.0,0.0,1,1255.5,1256.5,1,1259.5,1264.0,1264.0,1251.0,70.0,880075.0,538
2023-05-10 09:02:52,fb2309,fb2309,1256.5,0.0,0.0,0.0,1,1255.5,1257.0,1,1259.5,1264.0,1264.0,1251.0,70.0,880075.0,538
2023-05-10 09:02:52,fb2309,fb2309,1256.5,0.0,0.0,0.0,1,1256.0,1257.0,1,1259.5,1264.0,1264.0,1251.0,70.0,880075.0,538
2023-05-10 09:02:53,fb2309,fb2309,1256.5,0.0,0.0,0.0,1,1256.0,1257.0,2,1259.5,1264.0,1264.0,1251.0,70.0,880075.0,538
2023-05-10 09:02:56,fb2309,fb2309,1255.5,2.0,25115.0,1.0,1,1255.0,1256.0,3,1259.5,1264.0,1264.0,1251.0,72.0,905190.0,539
2023-05-10 09:03:04,fb2309,fb2309,1255.5,0.0,0.0,0.0,1,1255.0,1255.5,1,1259.5,1264.0,1264.0,1251.0,72.0,905190.0,539
2023-05-10 09:03:05,fb2309,fb2309,1255.5,1.0,12555.0,1.0,1,1255.0,1256.0,4,1259.5,1264.0,1264.0,1251.0,73.0,917745.0,540
2023-05-10 09:03:09,fb2309,fb2309,1255.0,1.0,12550.0,1.0,3,1254.5,1256.0,4,1259.5,1264.0,1264.0,1251.0,74.0,930295.0,541
2023-05-10 09:03:15,fb2309,fb2309,1255.0,0.0,0.0,0.0,1,1255.0,1256.0,4,1259.5,1264.0,1264.0,1251.0,74.0,930295.0,541
2023-05-10 09:03:17,fb2309,fb2309,1255.5,1.0,12555.0,1.0,1,1255.0,1256.0,4,1259.5,1264.0,1264.0,1251.0,75.0,942850.0,542
2023-05-10 09:03:18,fb2309,fb2309,1255.0,1.0,12550.0,1.0,2,1254.5,1256.0,4,1259.5,1264.0,1264.0,1251.0,76.0,955400.0,543
2023-05-10 09:03:20,fb2309,fb2309,1255.0,0.0,0.0,0.0,2,1254.5,1255.5,1,1259.5,1264.0,1264.0,1251.0,76.0,955400.0,543
2023-05-10 09:03:31,fb2309,fb2309,1254.5,1.0,12545.0,-1.0,1,1254.5,1255.5,1,1259.5,1264.0,1264.0,1251.0,77.0,967945.0,542
2023-05-10 09:03:35,fb2309,fb2309,1254.5,0.0,0.0,0.0,2,1254.5,1255.5,1,1259.5,1264.0,1264.0,1251.0,77.0,967945.0,542
2023-05-10 09:03:46,fb2309,fb2309,1254.5,0.0,0.0,0.0,1,1254.5,1255.5,1,1259.5,1264.0,1264.0,1251.0,77.0,967945.0,542
2023-05-10 09:03:50,fb2309,fb2309,1254.5,0.0,0.0,0.0,2,1254.5,1255.5,1,1259.5,1264.0,1264.0,1251.0,77.0,967945.0,542
2023-05-10 09:03:55,fb2309,fb2309,1254.5,0.0,0.0,0.0,3,1254.5,1255.5,1,1259.5,1264.0,1264.0,1251.0,77.0,967945.0,542
2023-05-10 09:03:59,fb2309,fb2309,1254.5,0.0,0.0,0.0,3,1254.5,1256.0,4,1259.5,1264.0,1264.0,1251.0,77.0,967945.0,542
2023-05-10 09:04:00,fb2309,fb2309,1254.5,1.0,12545.0,1.0,2,1254.5,1256.0,4,1259.5,1264.0,1264.0,1251.0,78.0,980490.0,543
2023-05-10 09:04:00,fb2309,fb2309,1254.5,0.0,0.0,0.0,2,1254.5,1255.5,2,1259.5,1264.0,1264.0,1251.0,78.0,980490.0,543
2023-05-10 09:04:10,fb2309,fb2309,1254.5,0.0,0.0,0.0,3,1254.5,1255.5,2,1259.5,1264.0,1264.0,1251.0,78.0,980490.0,543
2023-05-10 09:04:22,fb2309,fb2309,1255.5,1.0,12555.0,0.0,3,1254.5,1255.5,1,1259.5,1264.0,1264.0,1251.0,79.0,993045.0,543
2023-05-10 09:04:25,fb2309,fb2309,1255.5,0.0,0.0,0.0,3,1254.5,1256.0,4,1259.5,1264.0,1264.0,1251.0,79.0,993045.0,543
2023-05-10 09:04:25,fb2309,fb2309,1255.5,0.0,0.0,0.0,1,1255.0,1256.0,4,1259.5,1264.0,1264.0,1251.0,79.0,993045.0,543
2023-05-10 09:04:26,fb2309,fb2309,1255.5,0.0,0.0,0.0,1,1255.0,1255.5,1,1259.5,1264.0,1264.0,1251.0,79.0,993045.0,543
2023-05-10 09:04:26,fb2309,fb2309,1255.5,0.0,0.0,0.0,3,1254.5,1255.5,1,1259.5,1264.0,1264.0,1251.0,79.0,993045.0,543
2023-05-10 09:04:27,fb2309,fb2309,1255.5,0.0,0.0,0.0,3,1254.5,1256.0,4,1259.5,1264.0,1264.0,1251.0,79.0,993045.0,543
2023-05-10 09:04:28,fb2309,fb2309,1255.5,0.0,0.0,0.0,1,1255.0,1256.0,4,1259.5,1264.0,1264.0,1251.0,79.0,993045.0,543
2023-05-10 09:04:30,fb2309,fb2309,1256.0,1.0,12560.0,0.0,1,1255.0,1256.0,3,1259.5,1264.0,1264.0,1251.0,80.0,1005605.0,543
2023-05-10 09:04:30,fb2309,fb2309,1256.0,0.0,0.0,0.0,2,1255.0,1256.0,3,1259.5,1264.0,1264.0,1251.0,80.0,1005605.0,543
2023-05-10 09:04:36,fb2309,fb2309,1255.0,1.0,12550.0,1.0,1,1255.0,1256.0,4,1259.5,1264.0,1264.0,1251.0,81.0,1018155.0,544
2023-05-10 09:04:51,fb2309,fb2309,1255.0,1.0,12550.0,1.0,3,1254.5,1255.0,2,1259.5,1264.0,1264.0,1251.0,82.0,1030705.0,545
2023-05-10 09:04:51,fb2309,fb2309,1254.5,1.0,12545.0,-1.0,2,1254.5,1255.0,2,1259.5,1264.0,1264.0,1251.0,83.0,1043250.0,544
2023-05-10 09:04:54,fb2309,fb2309,1255.0,1.0,12550.0,1.0,2,1254.5,1255.0,1,1259.5,1264.0,1264.0,1251.0,84.0,1055800.0,545
2023-05-10 09:04:57,fb2309,fb2309,1255.0,1.0,12550.0,0.0,2,1254.5,1256.0,4,1259.5,1264.0,1264.0,1251.0,85.0,1068350.0,545
2023-05-10 09:04:59,fb2309,fb2309,1254.5,1.0,12545.0,0.0,1,1254.5,1256.0,4,1259.5,1264.0,1264.0,1251.0,86.0,1080895.0,545
2023-05-10 09:04:59,fb2309,fb2309,1254.5,0.0,0.0,0.0,1,1254.5,1255.5,1,1259.5,1264.0,1264.0,1251.0,86.0,1080895.0,545
2023-05-10 09:05:01,fb2309,fb2309,1254.5,1.0,12545.0,0.0,4,1254.0,1255.5,1,1259.5,1264.0,1264.0,1251.0,87.0,1093440.0,545
2023-05-10 09:05:07,fb2309,fb2309,1255.5,1.0,12555.0,-1.0,4,1254.0,1256.0,4,1259.5,1264.0,1264.0,1251.0,88.0,1105995.0,544
2023-05-10 09:05:08,fb2309,fb2309,1255.5,0.0,0.0,0.0,5,1254.0,1255.5,1,1259.5,1264.0,1264.0,1251.0,88.0,1105995.0,544
2023-05-10 09:05:08,fb2309,fb2309,1255.5,0.0,0.0,0.0,5,1254.0,1255.5,2,1259.5,1264.0,1264.0,1251.0,88.0,1105995.0,544
2023-05-10 09:05:22,fb2309,fb2309,1255.5,0.0,0.0,0.0,6,1254.0,1255.5,2,1259.5,1264.0,1264.0,1251.0,88.0,1105995.0,544
2023-05-10 09:05:23,fb2309,fb2309,1255.5,0.0,0.0,0.0,5,1254.0,1255.5,2,1259.5,1264.0,1264.0,1251.0,88.0,1105995.0,544
2023-05-10 09:05:27,fb2309,fb2309,1255.5,0.0,0.0,0.0,6,1254.0,1255.5,2,1259.5,1264.0,1264.0,1251.0,88.0,1105995.0,544
2023-05-10 09:05:32,fb2309,fb2309,1255.5,0.0,0.0,0.0,1,1254.5,1255.5,2,1259.5,1264.0,1264.0,1251.0,88.0,1105995.0,544
2023-05-10 09:05:43,fb2309,fb2309,1255.5,0.0,0.0,0.0,2,1254.5,1255.5,2,1259.5,1264.0,1264.0,1251.0,88.0,1105995.0,544
2023-05-10 09:05:51,fb2309,fb2309,1255.5,1.0,12555.0,0.0,2,1254.5,1255.5,1,1259.5,1264.0,1264.0,1251.0,89.0,1118550.0,544
2023-05-10 09:06:12,fb2309,fb2309,1255.5,0.0,0.0,0.0,1,1255.0,1255.5,1,1259.5,1264.0,1264.0,1251.0,89.0,1118550.0,544
2023-05-10 09:06:12,fb2309,fb2309,1255.5,1.0,12555.0,0.0,1,1255.0,1256.0,4,1259.5,1264.0,1264.0,1251.0,90.0,1131105.0,544
2023-05-10 09:06:22,fb2309,fb2309,1256.0,1.0,12560.0,0.0,1,1255.0,1256.0,3,1259.5,1264.0,1264.0,1251.0,91.0,1143665.0,544
2023-05-10 09:06:23,fb2309,fb2309,1256.0,0.0,0.0,0.0,1,1255.0,1256.0,4,1259.5,1264.0,1264.0,1251.0,91.0,1143665.0,544
2023-05-10 09:06:31,fb2309,fb2309,1256.0,0.0,0.0,0.0,1,1255.0,1256.0,3,1259.5,1264.0,1264.0,1251.0,91.0,1143665.0,544
2023-05-10 09:06:35,fb2309,fb2309,1256.0,0.0,0.0,0.0,3,1255.0,1256.0,3,1259.5,1264.0,1264.0,1251.0,91.0,1143665.0,544
2023-05-10 09:06:35,fb2309,fb2309,1256.0,3.0,37680.0,-2.0,3,1255.0,1257.5,1,1259.5,1264.0,1264.0,1251.0,94.0,1181345.0,542
2023-05-10 09:06:36,fb2309,fb2309,1256.0,0.0,0.0,0.0,1,1255.5,1257.0,1,1259.5,1264.0,1264.0,1251.0,94.0,1181345.0,542
2023-05-10 09:06:39,fb2309,fb2309,1256.0,0.0,0.0,0.0,1,1256.0,1257.0,1,1259.5,1264.0,1264.0,1251.0,94.0,1181345.0,542
2023-05-10 09:06:40,fb2309,fb2309,1256.0,0.0,0.0,0.0,1,1256.0,1257.0,2,1259.5,1264.0,1264.0,1251.0,94.0,1181345.0,542
2023-05-10 09:06:55,fb2309,fb2309,1256.0,1.0,12560.0,-1.0,1,1255.5,1257.0,2,1259.5,1264.0,1264.0,1251.0,95.0,1193905.0,541
2023-05-10 09:07:05,fb2309,fb2309,1256.0,0.0,0.0,0.0,1,1255.5,1256.5,1,1259.5,1264.0,1264.0,1251.0,95.0,1193905.0,541
2023-05-10 09:07:13,fb2309,fb2309,1256.0,0.0,0.0,0.0,2,1255.5,1256.5,1,1259.5,1264.0,1264.0,1251.0,95.0,1193905.0,541
2023-05-10 09:07:14,fb2309,fb2309,1256.0,0.0,0.0,0.0,2,1255.5,1256.5,2,1259.5,1264.0,1264.0,1251.0,95.0,1193905.0,541
2023-05-10 09:07:21,fb2309,fb2309,1255.5,1.0,12555.0,0.0,1,1255.5,1256.5,2,1259.5,1264.0,1264.0,1251.0,96.0,1206460.0,541
2023-05-10 09:07:24,fb2309,fb2309,1255.5,1.0,12555.0,1.0,4,1255.0,1256.5,2,1259.5,1264.0,1264.0,1251.0,97.0,1219015.0,542
2023-05-10 09:07:34,fb2309,fb2309,1255.5,0.0,0.0,0.0,1,1255.5,1256.5,2,1259.5,1264.0,1264.0,1251.0,97.0,1219015.0,542
2023-05-10 09:07:38,fb2309,fb2309,1255.5,0.0,0.0,0.0,1,1255.5,1256.0,1,1259.5,1264.0,1264.0,1251.0,97.0,1219015.0,542
2023-05-10 09:07:42,fb2309,fb2309,1256.0,1.0,12560.0,0.0,1,1255.5,1256.5,1,1259.5,1264.0,1264.0,1251.0,98.0,1231575.0,542
2023-05-10 09:07:46,fb2309,fb2309,1255.5,2.0,25110.0,2.0,4,1255.0,1255.5,1,1259.5,1264.0,1264.0,1251.0,100.0,1256685.0,544
2023-05-10 09:07:46,fb2309,fb2309,1255.5,1.0,12555.0,0.0,4,1255.0,1256.5,1,1259.5,1264.0,1264.0,1251.0,101.0,1269240.0,544
2023-05-10 09:08:00,fb2309,fb2309,1256.5,1.0,12565.0,0.0,4,1255.0,1257.0,2,1259.5,1264.0,1264.0,1251.0,102.0,1281805.0,544
2023-05-10 09:08:03,fb2309,fb2309,1256.5,0.0,0.0,0.0,5,1255.0,1257.0,2,1259.5,1264.0,1264.0,1251.0,102.0,1281805.0,544
2023-05-10 09:08:08,fb2309,fb2309,1255.0,1.0,12550.0,0.0,4,1255.0,1256.5,1,1259.5,1264.0,1264.0,1251.0,103.0,1294355.0,544
2023-05-10 09:08:10,fb2309,fb2309,1255.0,0.0,0.0,0.0,1,1255.5,1256.5,1,1259.5,1264.0,1264.0,1251.0,103.0,1294355.0,544
2023-05-10 09:08:12,fb2309,fb2309,1255.0,0.0,0.0,0.0,1,1255.5,1257.0,2,1259.5,1264.0,1264.0,1251.0,103.0,1294355.0,544
2023-05-10 09:08:12,fb2309,fb2309,1255.0,0.0,0.0,0.0,1,1255.5,1256.5,1,1259.5,1264.0,1264.0,1251.0,103.0,1294355.0,544
2023-05-10 09:08:15,fb2309,fb2309,1255.0,0.0,0.0,0.0,2,1255.5,1256.5,1,1259.5,1264.0,1264.0,1251.0,103.0,1294355.0,544
2023-05-10 09:08:24,fb2309,fb2309,1255.5,1.0,12555.0,1.0,1,1255.5,1257.0,2,1259.5,1264.0,1264.0,1251.0,104.0,1306910.0,545
2023-05-10 09:08:24,fb2309,fb2309,1255.5,0.0,0.0,0.0,1,1255.5,1256.5,1,1259.5,1264.0,1264.0,1251.0,104.0,1306910.0,545
2023-05-10 09:08:33,fb2309,fb2309,1255.5,1.0,12555.0,0.0,4,1255.0,1256.5,1,1259.5,1264.0,1264.0,1251.0,105.0,1319465.0,545
2023-05-10 09:08:39,fb2309,fb2309,1255.5,0.0,0.0,0.0,4,1255.0,1256.0,1,1259.5,1264.0,1264.0,1251.0,105.0,1319465.0,545
2023-05-10 09:08:53,fb2309,fb2309,1256.0,1.0,12560.0,0.0,4,1255.0,1256.5,3,1259.5,1264.0,1264.0,1251.0,106.0,1332025.0,545
2023-05-10 09:08:58,fb2309,fb2309,1256.0,0.0,0.0,0.0,4,1255.0,1256.5,2,1259.5,1264.0,1264.0,1251.0,106.0,1332025.0,545
2023-05-10 09:09:08,fb2309,fb2309,1256.0,0.0,0.0,0.0,4,1255.0,1256.5,3,1259.5,1264.0,1264.0,1251.0,106.0,1332025.0,545
2023-05-10 09:09:12,fb2309,fb2309,1256.0,1.0,12560.0,1.0,4,1255.0,1256.5,3,1259.5,1264.0,1264.0,1251.0,107.0,1344585.0,546
2023-05-10 09:09:16,fb2309,fb2309,1256.5,1.0,12565.0,1.0,4,1255.0,1256.5,2,1259.5,1264.0,1264.0,1251.0,108.0,1357150.0,547
2023-05-10 09:09:17,fb2309,fb2309,1256.5,0.0,0.0,0.0,1,1255.5,1256.5,2,1259.5,1264.0,1264.0,1251.0,108.0,1357150.0,547
2023-05-10 09:09:31,fb2309,fb2309,1256.5,0.0,0.0,0.0,1,1255.5,1256.5,15,1259.5,1264.0,1264.0,1251.0,108.0,1357150.0,547
2023-05-10 09:09:36,fb2309,fb2309,1256.5,0.0,0.0,0.0,1,1256.0,1256.5,15,1259.5,1264.0,1264.0,1251.0,108.0,1357150.0,547
2023-05-10 09:09:36,fb2309,fb2309,1256.0,1.0,12560.0,0.0,1,1255.5,1256.0,1,1259.5,1264.0,1264.0,1251.0,109.0,1369710.0,547
2023-05-10 09:09:39,fb2309,fb2309,1256.0,0.0,0.0,0.0,4,1255.0,1256.0,1,1259.5,1264.0,1264.0,1251.0,109.0,1369710.0,547
2023-05-10 09:09:39,fb2309,fb2309,1256.0,0.0,0.0,0.0,4,1255.0,1256.0,2,1259.5,1264.0,1264.0,1251.0,109.0,1369710.0,547
2023-05-10 09:09:40,fb2309,fb2309,1256.0,0.0,0.0,0.0,4,1255.0,1255.5,1,1259.5,1264.0,1264.0,1251.0,109.0,1369710.0,547
2023-05-10 09:09:54,fb2309,fb2309,1256.0,0.0,0.0,0.0,3,1255.0,1255.5,1,1259.5,1264.0,1264.0,1251.0,109.0,1369710.0,547
2023-05-10 09:09:57,fb2309,fb2309,1255.5,1.0,12555.0,1.0,3,1255.0,1256.0,3,1259.5,1264.0,1264.0,1251.0,110.0,1382265.0,548
2023-05-10 09:10:04,fb2309,fb2309,1255.5,0.0,0.0,0.0,1,1255.5,1256.0,3,1259.5,1264.0,1264.0,1251.0,110.0,1382265.0,548
2023-05-10 09:10:07,fb2309,fb2309,1255.5,1.0,12555.0,0.0,3,1255.0,1256.0,3,1259.5,1264.0,1264.0,1251.0,111.0,1394820.0,548
2023-05-10 09:10:12,fb2309,fb2309,1255.5,0.0,0.0,0.0,3,1255.0,1256.0,2,1259.5,1264.0,1264.0,1251.0,111.0,1394820.0,548
2023-05-10 09:10:15,fb2309,fb2309,1255.5,0.0,0.0,0.0,3,1255.0,1255.5,1,1259.5,1264.0,1264.0,1251.0,111.0,1394820.0,548
2023-05-10 09:10:24,fb2309,fb2309,1255.5,0.0,0.0,0.0,3,1255.0,1256.0,3,1259.5,1264.0,1264.0,1251.0,111.0,1394820.0,548
2023-05-10 09:10:30,fb2309,fb2309,1255.5,0.0,0.0,0.0,5,1255.5,1256.0,3,1259.5,1264.0,1264.0,1251.0,111.0,1394820.0,548
2023-05-10 09:10:37,fb2309,fb2309,1255.5,0.0,0.0,0.0,5,1255.5,1256.0,2,1259.5,1264.0,1264.0,1251.0,111.0,1394820.0,548
2023-05-10 09:10:39,fb2309,fb2309,1255.5,0.0,0.0,0.0,5,1255.5,1256.0,1,1259.5,1264.0,1264.0,1251.0,111.0,1394820.0,548
2023-05-10 09:10:47,fb2309,fb2309,1255.5,1.0,12555.0,1.0,4,1255.5,1256.0,1,1259.5,1264.0,1264.0,1251.0,112.0,1407375.0,549
2023-05-10 09:10:58,fb2309,fb2309,1256.0,1.0,12560.0,1.0,4,1255.5,1256.5,14,1259.5,1264.0,1264.0,1251.0,113.0,1419935.0,550
2023-05-10 09:10:58,fb2309,fb2309,1255.5,2.0,25110.0,2.0,2,1255.5,1256.5,14,1259.5,1264.0,1264.0,1251.0,115.0,1445045.0,552
2023-05-10 09:11:05,fb2309,fb2309,1255.5,0.0,0.0,0.0,2,1255.5,1256.0,1,1259.5,1264.0,1264.0,1251.0,115.0,1445045.0,552
2023-05-10 09:11:06,fb2309,fb2309,1256.0,1.0,12560.0,-1.0,2,1255.5,1256.5,14,1259.5,1264.0,1264.0,1251.0,116.0,1457605.0,551
2023-05-10 09:11:13,fb2309,fb2309,1256.0,0.0,0.0,0.0,2,1255.5,1256.0,1,1259.5,1264.0,1264.0,1251.0,116.0,1457605.0,551
2023-05-10 09:11:19,fb2309,fb2309,1256.0,1.0,12560.0,0.0,2,1255.5,1256.5,14,1259.5,1264.0,1264.0,1251.0,117.0,1470165.0,551
2023-05-10 09:11:35,fb2309,fb2309,1256.5,1.0,12565.0,1.0,2,1255.5,1256.5,13,1259.5,1264.0,1264.0,1251.0,118.0,1482730.0,552
2023-05-10 09:11:38,fb2309,fb2309,1256.5,2.0,25130.0,2.0,2,1255.5,1256.5,11,1259.5,1264.0,1264.0,1251.0,120.0,1507860.0,554
2023-05-10 09:11:43,fb2309,fb2309,1255.5,1.0,12555.0,1.0,1,1255.5,1256.5,11,1259.5,1264.0,1264.0,1251.0,121.0,1520415.0,555
2023-05-10 09:11:58,fb2309,fb2309,1255.5,1.0,12555.0,0.0,4,1255.0,1256.0,1,1259.5,1264.0,1264.0,1251.0,122.0,1532970.0,555
2023-05-10 09:12:01,fb2309,fb2309,1255.5,0.0,0.0,0.0,4,1255.0,1256.0,2,1259.5,1264.0,1264.0,1251.0,122.0,1532970.0,555
2023-05-10 09:12:02,fb2309,fb2309,1255.5,0.0,0.0,0.0,1,1255.5,1256.0,2,1259.5,1264.0,1264.0,1251.0,122.0,1532970.0,555
2023-05-10 09:12:27,fb2309,fb2309,1255.5,1.0,12555.0,0.0,4,1255.0,1256.0,2,1259.5,1264.0,1264.0,1251.0,123.0,1545525.0,555
2023-05-10 09:12:55,fb2309,fb2309,1255.5,0.0,0.0,0.0,4,1255.0,1256.0,3,1259.5,1264.0,1264.0,1251.0,123.0,1545525.0,555
2023-05-10 09:12:57,fb2309,fb2309,1255.5,0.0,0.0,0.0,4,1255.0,1256.0,4,1259.5,1264.0,1264.0,1251.0,123.0,1545525.0,555
2023-05-10 09:13:05,fb2309,fb2309,1255.5,0.0,0.0,0.0,4,1255.0,1256.0,3,1259.5,1264.0,1264.0,1251.0,123.0,1545525.0,555
2023-05-10 09:13:07,fb2309,fb2309,1255.5,0.0,0.0,0.0,4,1255.0,1256.0,4,1259.5,1264.0,1264.0,1251.0,123.0,1545525.0,555
2023-05-10 09:13:17,fb2309,fb2309,1255.0,4.0,50200.0,-2.0,4,1254.0,1256.0,4,1259.5,1264.0,1264.0,1251.0,127.0,1595725.0,553
2023-05-10 09:13:18,fb2309,fb2309,1255.0,0.0,0.0,0.0,4,1254.0,1255.5,1,1259.5,1264.0,1264.0,1251.0,127.0,1595725.0,553
2023-05-10 09:13:18,fb2309,fb2309,1255.0,0.0,0.0,0.0,4,1254.0,1255.0,1,1259.5,1264.0,1264.0,1251.0,127.0,1595725.0,553
2023-05-10 09:13:21,fb2309,fb2309,1255.0,1.0,12550.0,-1.0,4,1254.0,1255.5,1,1259.5,1264.0,1264.0,1251.0,128.0,1608275.0,552
2023-05-10 09:13:21,fb2309,fb2309,1255.0,0.0,0.0,0.0,4,1254.0,1255.0,1,1259.5,1264.0,1264.0,1251.0,128.0,1608275.0,552
2023-05-10 09:13:28,fb2309,fb2309,1255.0,0.0,0.0,0.0,4,1254.0,1255.0,2,1259.5,1264.0,1264.0,1251.0,128.0,1608275.0,552
2023-05-10 09:13:31,fb2309,fb2309,1254.0,1.0,12540.0,0.0,3,1254.0,1255.0,2,1259.5,1264.0,1264.0,1251.0,129.0,1620815.0,552
2023-05-10 09:13:32,fb2309,fb2309,1254.0,3.0,37620.0,3.0,1,1252.0,1255.0,2,1259.5,1264.0,1264.0,1251.0,132.0,1658435.0,555
2023-05-10 09:13:32,fb2309,fb2309,1252.5,1.0,12525.0,0.0,1,1252.0,1255.0,2,1259.5,1264.0,1264.0,1251.0,133.0,1670960.0,555
2023-05-10 09:13:33,fb2309,fb2309,1252.5,0.0,0.0,0.0,1,1252.0,1254.5,1,1259.5,1264.0,1264.0,1251.0,133.0,1670960.0,555
2023-05-10 09:13:35,fb2309,fb2309,1252.5,0.0,0.0,0.0,2,1252.0,1254.5,1,1259.5,1264.0,1264.0,1251.0,133.0,1670960.0,555
2023-05-10 09:13:39,fb2309,fb2309,1252.0,1.0,12520.0,1.0,1,1252.0,1254.0,1,1259.5,1264.0,1264.0,1251.0,134.0,1683480.0,556
2023-05-10 09:13:40,fb2309,fb2309,1252.0,0.0,0.0,0.0,1,1252.0,1253.5,1,1259.5,1264.0,1264.0,1251.0,134.0,1683480.0,556
2023-05-10 09:13:46,fb2309,fb2309,1253.5,1.0,12535.0,-1.0,1,1252.0,1255.0,1,1259.5,1264.0,1264.0,1251.0,135.0,1696015.0,555
2023-05-10 09:13:46,fb2309,fb2309,1253.5,0.0,0.0,0.0,1,1252.5,1254.5,2,1259.5,1264.0,1264.0,1251.0,135.0,1696015.0,555
2023-05-10 09:13:48,fb2309,fb2309,1253.5,0.0,0.0,0.0,2,1252.5,1254.5,2,1259.5,1264.0,1264.0,1251.0,135.0,1696015.0,555
2023-05-10 09:13:50,fb2309,fb2309,1254.5,1.0,12545.0,-1.0,1,1253.0,1254.5,1,1259.5,1264.0,1264.0,1251.0,136.0,1708560.0,554
2023-05-10 09:13:51,fb2309,fb2309,1254.5,1.0,12545.0,1.0,1,1253.0,1255.0,1,1259.5,1264.0,1264.0,1251.0,137.0,1721105.0,555
2023-05-10 09:13:52,fb2309,fb2309,1254.5,0.0,0.0,0.0,1,1253.5,1255.0,1,1259.5,1264.0,1264.0,1251.0,137.0,1721105.0,555
2023-05-10 09:13:53,fb2309,fb2309,1254.5,0.0,0.0,0.0,1,1254.0,1255.0,1,1259.5,1264.0,1264.0,1251.0,137.0,1721105.0,555
2023-05-10 09:13:56,fb2309,fb2309,1254.5,0.0,0.0,0.0,1,1253.5,1255.0,1,1259.5,1264.0,1264.0,1251.0,137.0,1721105.0,555
2023-05-10 09:13:56,fb2309,fb2309,1254.5,0.0,0.0,0.0,1,1254.0,1255.0,1,1259.5,1264.0,1264.0,1251.0,137.0,1721105.0,555
2023-05-10 09:13:58,fb2309,fb2309,1254.5,0.0,0.0,0.0,1,1254.0,1255.0,2,1259.5,1264.0,1264.0,1251.0,137.0,1721105.0,555
2023-05-10 09:14:00,fb2309,fb2309,1254.5,0.0,0.0,0.0,1,1254.0,1255.0,3,1259.5,1264.0,1264.0,1251.0,137.0,1721105.0,555
2023-05-10 09:14:00,fb2309,fb2309,1254.0,1.0,12540.0,1.0,1,1253.5,1255.0,3,1259.5,1264.0,1264.0,1251.0,138.0,1733645.0,556
2023-05-10 09:14:06,fb2309,fb2309,1254.0,0.0,0.0,0.0,1,1253.5,1254.5,1,1259.5,1264.0,1264.0,1251.0,138.0,1733645.0,556
2023-05-10 09:14:06,fb2309,fb2309,1254.0,0.0,0.0,0.0,1,1253.5,1254.5,2,1259.5,1264.0,1264.0,1251.0,138.0,1733645.0,556
2023-05-10 09:14:07,fb2309,fb2309,1254.0,1.0,12540.0,1.0,1,1253.5,1254.5,2,1259.5,1264.0,1264.0,1251.0,139.0,1746185.0,557
2023-05-10 09:14:13,fb2309,fb2309,1254.0,0.0,0.0,0.0,1,1253.5,1254.5,3,1259.5,1264.0,1264.0,1251.0,139.0,1746185.0,557
2023-05-10 09:14:19,fb2309,fb2309,1253.5,1.0,12535.0,1.0,1,1252.5,1254.5,3,1259.5,1264.0,1264.0,1251.0,140.0,1758720.0,558
2023-05-10 09:14:20,fb2309,fb2309,1253.5,0.0,0.0,0.0,1,1253.0,1254.0,2,1259.5,1264.0,1264.0,1251.0,140.0,1758720.0,558
2023-05-10 09:14:22,fb2309,fb2309,1253.5,0.0,0.0,0.0,1,1253.0,1253.5,7,1259.5,1264.0,1264.0,1251.0,140.0,1758720.0,558
2023-05-10 09:14:22,fb2309,fb2309,1253.0,1.0,12530.0,0.0,1,1252.5,1253.5,7,1259.5,1264.0,1264.0,1251.0,141.0,1771250.0,558
2023-05-10 09:14:25,fb2309,fb2309,1253.0,0.0,0.0,0.0,1,1252.5,1253.5,8,1259.5,1264.0,1264.0,1251.0,141.0,1771250.0,558
2023-05-10 09:14:28,fb2309,fb2309,1252.5,1.0,12525.0,0.0,3,1252.5,1253.5,8,1259.5,1264.0,1264.0,1251.0,142.0,1783775.0,558
2023-05-10 09:14:31,fb2309,fb2309,1252.0,4.0,50095.0,4.0,33,1251.0,1252.0,190,1259.5,1264.0,1264.0,1251.0,146.0,1833870.0,562
2023-05-10 09:14:31,fb2309,fb2309,1251.0,20.0,250200.0,5.0,13,1251.0,1251.5,2,1259.5,1264.0,1264.0,1251.0,166.0,2084070.0,567
2023-05-10 09:14:32,fb2309,fb2309,1251.0,1.0,12510.0,1.0,12,1251.0,1251.5,2,1259.5,1264.0,1264.0,1251.0,167.0,2096580.0,568
2023-05-10 09:14:34,fb2309,fb2309,1251.0,3.0,37530.0,0.0,9,1251.0,1251.5,2,1259.5,1264.0,1264.0,1251.0,170.0,2134110.0,568
2023-05-10 09:14:37,fb2309,fb2309,1251.0,2.0,25025.0,0.0,8,1251.0,1251.5,1,1259.5,1264.0,1264.0,1251.0,172.0,2159135.0,568
2023-05-10 09:14:39,fb2309,fb2309,1251.5,1.0,12515.0,1.0,8,1251.0,1252.5,1,1259.5,1264.0,1264.0,1251.0,173.0,2171650.0,569
2023-05-10 09:14:40,fb2309,fb2309,1251.0,8.0,100080.0,8.0,4,1250.0,1251.0,182,1259.5,1264.0,1264.0,1251.0,181.0,2271730.0,577
2023-05-10 09:14:41,fb2309,fb2309,1251.0,1.0,12510.0,0.0,4,1250.0,1251.0,182,1259.5,1264.0,1264.0,1251.0,182.0,2284240.0,577
2023-05-10 09:14:43,fb2309,fb2309,1250.0,1.0,12500.0,1.0,3,1250.0,1251.0,182,1259.5,1264.0,1264.0,1250.0,183.0,2296740.0,578
2023-05-10 09:14:43,fb2309,fb2309,1250.0,3.0,37500.0,0.0,3,1250.0,1250.5,1,1259.5,1264.0,1264.0,1250.0,186.0,2334240.0,578
2023-05-10 09:14:43,fb2309,fb2309,1250.0,1.0,12500.0,-1.0,2,1250.0,1250.5,1,1259.5,1264.0,1264.0,1250.0,187.0,2346740.0,577
2023-05-10 09:14:45,fb2309,fb2309,1250.0,1.0,12500.0,-1.0,1,1250.0,1250.5,1,1259.5,1264.0,1264.0,1250.0,188.0,2359240.0,576
2023-05-10 09:14:45,fb2309,fb2309,1250.0,1.0,12500.0,0.0,1,1249.5,1250.0,1,1259.5,1264.0,1264.0,1250.0,189.0,2371740.0,576
2023-05-10 09:14:47,fb2309,fb2309,1249.5,1.0,12495.0,0.0,3,1247.0,1249.5,1,1259.5,1264.0,1264.0,1249.5,190.0,2384235.0,576
2023-05-10 09:14:47,fb2309,fb2309,1249.5,0.0,0.0,0.0,3,1247.0,1249.0,1,1259.5,1264.0,1264.0,1249.5,190.0,2384235.0,576
2023-05-10 09:14:49,fb2309,fb2309,1249.5,0.0,0.0,0.0,4,1247.0,1249.0,1,1259.5,1264.0,1264.0,1249.5,190.0,2384235.0,576
2023-05-10 09:14:51,fb2309,fb2309,1249.0,1.0,12490.0,-1.0,4,1247.0,1249.5,2,1259.5,1264.0,1264.0,1249.0,191.0,2396725.0,575
2023-05-10 09:14:52,fb2309,fb2309,1247.0,1.0,12470.0,0.0,1,1247.5,1249.0,1,1259.5,1264.0,1264.0,1247.0,192.0,2409195.0,575
2023-05-10 09:14:52,fb2309,fb2309,1247.0,0.0,0.0,0.0,3,1247.5,1249.0,1,1259.5,1264.0,1264.0,1247.0,192.0,2409195.0,575
2023-05-10 09:14:53,fb2309,fb2309,1247.0,7.0,87290.0,7.0,1,1246.0,1247.0,173,1259.5,1264.0,1264.0,1247.0,199.0,2496485.0,582
2023-05-10 09:14:55,fb2309,fb2309,1247.0,1.0,12470.0,1.0,1,1246.0,1247.0,173,1259.5,1264.0,1264.0,1247.0,200.0,2508955.0,583
2023-05-10 09:14:56,fb2309,fb2309,1247.0,1.0,12470.0,1.0,1,1246.0,1247.0,172,1259.5,1264.0,1264.0,1247.0,201.0,2521425.0,584
2023-05-10 09:14:57,fb2309,fb2309,1247.0,0.0,0.0,0.0,1,1246.5,1247.0,172,1259.5,1264.0,1264.0,1247.0,201.0,2521425.0,584
2023-05-10 09:14:57,fb2309,fb2309,1247.0,0.0,0.0,0.0,2,1246.5,1247.0,172,1259.5,1264.0,1264.0,1247.0,201.0,2521425.0,584
2023-05-10 09:14:58,fb2309,fb2309,1247.0,1.0,12470.0,0.0,2,1246.5,1247.0,171,1259.5,1264.0,1264.0,1247.0,202.0,2533895.0,584
2023-05-10 09:14:59,fb2309,fb2309,1247.0,2.0,24940.0,0.0,2,1246.5,1247.0,169,1259.5,1264.0,1264.0,1247.0,204.0,2558835.0,584
2023-05-10 09:14:59,fb2309,fb2309,1246.5,1.0,12465.0,1.0,1,1246.5,1247.0,169,1259.5,1264.0,1264.0,1246.5,205.0,2571300.0,585
2023-05-10 09:15:02,fb2309,fb2309,1246.5,1.0,12465.0,1.0,2,1246.0,1247.0,169,1259.5,1264.0,1264.0,1246.5,206.0,2583765.0,586
2023-05-10 09:15:02,fb2309,fb2309,1247.0,1.0,12470.0,0.0,2,1246.0,1247.0,168,1259.5,1264.0,1264.0,1246.5,207.0,2596235.0,586
2023-05-10 09:15:03,fb2309,fb2309,1247.0,0.0,0.0,0.0,2,1246.0,1246.5,1,1259.5,1264.0,1264.0,1246.5,207.0,2596235.0,586
2023-05-10 09:15:04,fb2309,fb2309,1247.0,0.0,0.0,0.0,2,1246.0,1246.5,2,1259.5,1264.0,1264.0,1246.5,207.0,2596235.0,586
2023-05-10 09:15:05,fb2309,fb2309,1246.5,1.0,12465.0,-1.0,2,1246.0,1246.5,1,1259.5,1264.0,1264.0,1246.5,208.0,2608700.0,585
2023-05-10 09:15:06,fb2309,fb2309,1246.5,1.0,12465.0,0.0,1,1246.5,1247.5,1,1259.5,1264.0,1264.0,1246.5,209.0,2621165.0,585
2023-05-10 09:15:06,fb2309,fb2309,1246.5,0.0,0.0,0.0,16,1246.5,1247.5,1,1259.5,1264.0,1264.0,1246.5,209.0,2621165.0,585
2023-05-10 09:15:07,fb2309,fb2309,1246.5,0.0,0.0,0.0,17,1246.5,1247.5,1,1259.5,1264.0,1264.0,1246.5,209.0,2621165.0,585
2023-05-10 09:15:08,fb2309,fb2309,1248.0,2.0,24955.0,-2.0,1,1247.0,1249.0,1,1259.5,1264.0,1264.0,1246.5,211.0,2646120.0,583
2023-05-10 09:15:08,fb2309,fb2309,1248.0,0.0,0.0,0.0,1,1248.5,1249.0,1,1259.5,1264.0,1264.0,1246.5,211.0,2646120.0,583
2023-05-10 09:15:10,fb2309,fb2309,1247.0,4.0,49925.0,2.0,17,1246.5,1248.5,165,1259.5,1264.0,1264.0,1246.5,215.0,2696045.0,585
2023-05-10 09:15:10,fb2309,fb2309,1248.5,1.0,12485.0,0.0,17,1246.5,1248.0,1,1259.5,1264.0,1264.0,1246.5,216.0,2708530.0,585
2023-05-10 09:15:11,fb2309,fb2309,1248.5,1.0,12485.0,0.0,1,1247.0,1248.5,164,1259.5,1264.0,1264.0,1246.5,217.0,2721015.0,585
2023-05-10 09:15:13,fb2309,fb2309,1248.5,0.0,0.0,0.0,3,1247.0,1248.0,1,1259.5,1264.0,1264.0,1246.5,217.0,2721015.0,585
2023-05-10 09:15:15,fb2309,fb2309,1247.0,2.0,24950.0,1.0,2,1247.0,1248.5,164,1259.5,1264.0,1264.0,1246.5,219.0,2745965.0,586
2023-05-10 09:15:16,fb2309,fb2309,1247.0,0.0,0.0,0.0,3,1247.0,1248.0,1,1259.5,1264.0,1264.0,1246.5,219.0,2745965.0,586
2023-05-10 09:15:17,fb2309,fb2309,1248.0,1.0,12480.0,0.0,21,1248.0,1248.5,164,1259.5,1264.0,1264.0,1246.5,220.0,2758445.0,586
2023-05-10 09:15:18,fb2309,fb2309,1248.0,0.0,0.0,0.0,21,1248.0,1249.5,1,1259.5,1264.0,1264.0,1246.5,220.0,2758445.0,586
2023-05-10 09:15:18,fb2309,fb2309,1249.5,2.0,24990.0,0.0,21,1248.0,1250.0,1,1259.5,1264.0,1264.0,1246.5,222.0,2783435.0,586
2023-05-10 09:15:19,fb2309,fb2309,1249.5,0.0,0.0,0.0,1,1248.5,1249.5,1,1259.5,1264.0,1264.0,1246.5,222.0,2783435.0,586
2023-05-10 09:15:19,fb2309,fb2309,1249.5,1.0,12495.0,-1.0,1,1248.5,1250.0,1,1259.5,1264.0,1264.0,1246.5,223.0,2795930.0,585
2023-05-10 09:15:21,fb2309,fb2309,1248.5,1.0,12485.0,0.0,21,1248.0,1248.5,163,1259.5,1264.0,1264.0,1246.5,224.0,2808415.0,585
2023-05-10 09:15:21,fb2309,fb2309,1248.0,4.0,49920.0,0.0,17,1248.0,1248.5,163,1259.5,1264.0,1264.0,1246.5,228.0,2858335.0,585
2023-05-10 09:15:26,fb2309,fb2309,1248.5,1.0,12485.0,0.0,17,1248.0,1248.5,162,1259.5,1264.0,1264.0,1246.5,229.0,2870820.0,585
2023-05-10 09:15:27,fb2309,fb2309,1248.5,8.0,99845.0,1.0,10,1248.0,1248.5,161,1259.5,1264.0,1264.0,1246.5,237.0,2970665.0,586
2023-05-10 09:15:29,fb2309,fb2309,1248.5,0.0,0.0,0.0,11,1248.0,1249.5,6,1259.5,1264.0,1264.0,1246.5,237.0,2970665.0,586
2023-05-10 09:15:35,fb2309,fb2309,1249.5,6.0,74970.0,-6.0,1,1248.5,1253.5,1,1259.5,1264.0,1264.0,1246.5,243.0,3045635.0,580
2023-05-10 09:15:35,fb2309,fb2309,1249.5,0.0,0.0,0.0,1,1249.0,1253.0,1,1259.5,1264.0,1264.0,1246.5,243.0,3045635.0,580
2023-05-10 09:15:36,fb2309,fb2309,1249.5,0.0,0.0,0.0,1,1249.0,1252.5,1,1259.5,1264.0,1264.0,1246.5,243.0,3045635.0,580
2023-05-10 09:15:37,fb2309,fb2309,1249.0,1.0,12490.0,1.0,11,1248.0,1249.0,162,1259.5,1264.0,1264.0,1246.5,244.0,3058125.0,581
2023-05-10 09:15:37,fb2309,fb2309,1249.0,10.0,124840.0,0.0,5,1248.0,1249.0,158,1259.5,1264.0,1264.0,1246.5,254.0,3182965.0,581
2023-05-10 09:15:38,fb2309,fb2309,1249.0,1.0,12490.0,1.0,5,1248.0,1249.0,157,1259.5,1264.0,1264.0,1246.5,255.0,3195455.0,582
2023-05-10 09:15:43,fb2309,fb2309,1248.0,1.0,12480.0,0.0,4,1248.0,1249.0,157,1259.5,1264.0,1264.0,1246.5,256.0,3207935.0,582
2023-05-10 09:15:44,fb2309,fb2309,1249.0,1.0,12490.0,0.0,4,1248.0,1249.0,156,1259.5,1264.0,1264.0,1246.5,257.0,3220425.0,582
2023-05-10 09:15:44,fb2309,fb2309,1249.0,1.0,12490.0,1.0,4,1248.0,1249.0,155,1259.5,1264.0,1264.0,1246.5,258.0,3232915.0,583
2023-05-10 09:15:45,fb2309,fb2309,1249.0,1.0,12490.0,0.0,1,1248.5,1249.0,154,1259.5,1264.0,1264.0,1246.5,259.0,3245405.0,583
2023-05-10 09:15:48,fb2309,fb2309,1248.5,2.0,24970.0,-2.0,4,1248.0,1248.5,1,1259.5,1264.0,1264.0,1246.5,261.0,3270375.0,581
2023-05-10 09:15:48,fb2309,fb2309,1248.5,1.0,12485.0,-1.0,4,1248.0,1249.0,154,1259.5,1264.0,1264.0,1246.5,262.0,3282860.0,580
2023-05-10 09:15:53,fb2309,fb2309,1248.5,0.0,0.0,0.0,4,1248.0,1249.5,1,1259.5,1264.0,1264.0,1246.5,262.0,3282860.0,580
2023-05-10 09:15:53,fb2309,fb2309,1248.5,0.0,0.0,0.0,1,1248.5,1249.5,1,1259.5,1264.0,1264.0,1246.5,262.0,3282860.0,580
2023-05-10 09:15:57,fb2309,fb2309,1248.5,1.0,12485.0,1.0,5,1248.0,1249.5,1,1259.5,1264.0,1264.0,1246.5,263.0,3295345.0,581
2023-05-10 09:15:59,fb2309,fb2309,1248.5,0.0,0.0,0.0,5,1248.0,1249.0,1,1259.5,1264.0,1264.0,1246.5,263.0,3295345.0,581
2023-05-10 09:16:03,fb2309,fb2309,1248.5,0.0,0.0,0.0,1,1248.5,1249.5,1,1259.5,1264.0,1264.0,1246.5,263.0,3295345.0,581
2023-05-10 09:16:09,fb2309,fb2309,1248.5,0.0,0.0,0.0,1,1248.5,1249.5,2,1259.5,1264.0,1264.0,1246.5,263.0,3295345.0,581
2023-05-10 09:16:09,fb2309,fb2309,1248.5,0.0,0.0,0.0,1,1248.5,1249.0,1,1259.5,1264.0,1264.0,1246.5,263.0,3295345.0,581
2023-05-10 09:16:12,fb2309,fb2309,1248.5,0.0,0.0,0.0,1,1248.5,1249.0,3,1259.5,1264.0,1264.0,1246.5,263.0,3295345.0,581
2023-05-10 09:16:17,fb2309,fb2309,1249.0,3.0,37470.0,-1.0,2,1248.5,1249.5,2,1259.5,1264.0,1264.0,1246.5,266.0,3332815.0,580
2023-05-10 09:16:17,fb2309,fb2309,1249.5,2.0,24990.0,-1.0,1,1249.0,1252.0,2,1259.5,1264.0,1264.0,1246.5,268.0,3357805.0,579
2023-05-10 09:16:18,fb2309,fb2309,1249.5,0.0,0.0,0.0,3,1248.5,1251.5,1,1259.5,1264.0,1264.0,1246.5,268.0,3357805.0,579
2023-05-10 09:16:18,fb2309,fb2309,1249.5,0.0,0.0,0.0,3,1248.5,1251.5,2,1259.5,1264.0,1264.0,1246.5,268.0,3357805.0,579
2023-05-10 09:16:20,fb2309,fb2309,1249.5,0.0,0.0,0.0,13,1248.5,1251.5,2,1259.5,1264.0,1264.0,1246.5,268.0,3357805.0,579
2023-05-10 09:16:22,fb2309,fb2309,1249.5,0.0,0.0,0.0,6,1249.0,1251.5,2,1259.5,1264.0,1264.0,1246.5,268.0,3357805.0,579
2023-05-10 09:16:22,fb2309,fb2309,1249.5,0.0,0.0,0.0,1,1249.5,1251.5,2,1259.5,1264.0,1264.0,1246.5,268.0,3357805.0,579
2023-05-10 09:16:23,fb2309,fb2309,1248.5,20.0,249740.0,8.0,4,1248.0,1248.5,134,1259.5,1264.0,1264.0,1246.5,288.0,3607545.0,587
2023-05-10 09:16:24,fb2309,fb2309,1247.5,7.0,87345.0,3.0,1,1247.5,1248.5,134,1259.5,1264.0,1264.0,1246.5,295.0,3694890.0,590
2023-05-10 09:16:24,fb2309,fb2309,1247.5,1.0,12475.0,1.0,3,1247.0,1248.5,134,1259.5,1264.0,1264.0,1246.5,296.0,3707365.0,591
2023-05-10 09:16:28,fb2309,fb2309,1247.5,0.0,0.0,0.0,4,1247.0,1248.5,134,1259.5,1264.0,1264.0,1246.5,296.0,3707365.0,591
2023-05-10 09:16:29,fb2309,fb2309,1247.5,0.0,0.0,0.0,5,1247.0,1250.0,1,1259.5,1264.0,1264.0,1246.5,296.0,3707365.0,591
2023-05-10 09:16:30,fb2309,fb2309,1247.5,0.0,0.0,0.0,15,1248.5,1249.5,1,1259.5,1264.0,1264.0,1246.5,296.0,3707365.0,591
2023-05-10 09:16:30,fb2309,fb2309,1248.5,5.0,62425.0,0.0,10,1248.5,1249.5,1,1259.5,1264.0,1264.0,1246.5,301.0,3769790.0,591
2023-05-10 09:16:31,fb2309,fb2309,1248.5,1.0,12485.0,0.0,9,1248.5,1249.5,1,1259.5,1264.0,1264.0,1246.5,302.0,3782275.0,591
2023-05-10 09:16:32,fb2309,fb2309,1248.5,0.0,0.0,0.0,9,1248.5,1249.5,2,1259.5,1264.0,1264.0,1246.5,302.0,3782275.0,591
2023-05-10 09:16:33,fb2309,fb2309,1248.5,0.0,0.0,0.0,9,1248.5,1249.0,1,1259.5,1264.0,1264.0,1246.5,302.0,3782275.0,591
2023-05-10 09:16:33,fb2309,fb2309,1248.5,9.0,112365.0,0.0,5,1247.0,1248.5,125,1259.5,1264.0,1264.0,1246.5,311.0,3894640.0,591
2023-05-10 09:16:34,fb2309,fb2309,1248.5,0.0,0.0,0.0,5,1247.0,1248.0,1,1259.5,1264.0,1264.0,1246.5,311.0,3894640.0,591
2023-05-10 09:16:36,fb2309,fb2309,1248.5,0.0,0.0,0.0,1,1247.5,1248.0,1,1259.5,1264.0,1264.0,1246.5,311.0,3894640.0,591
2023-05-10 09:16:37,fb2309,fb2309,1248.0,1.0,12480.0,1.0,1,1247.5,1249.5,2,1259.5,1264.0,1264.0,1246.5,312.0,3907120.0,592
2023-05-10 09:16:37,fb2309,fb2309,1248.0,0.0,0.0,0.0,1,1247.5,1249.5,1,1259.5,1264.0,1264.0,1246.5,312.0,3907120.0,592
2023-05-10 09:16:38,fb2309,fb2309,1248.0,0.0,0.0,0.0,15,1248.5,1249.5,1,1259.5,1264.0,1264.0,1246.5,312.0,3907120.0,592
2023-05-10 09:16:44,fb2309,fb2309,1248.0,0.0,0.0,0.0,1,1249.0,1249.5,1,1259.5,1264.0,1264.0,1246.5,312.0,3907120.0,592
2023-05-10 09:16:44,fb2309,fb2309,1249.0,1.0,12490.0,1.0,15,1248.5,1249.5,1,1259.5,1264.0,1264.0,1246.5,313.0,3919610.0,593
2023-05-10 09:16:46,fb2309,fb2309,1248.5,15.0,187275.0,0.0,5,1247.0,1248.5,105,1259.5,1264.0,1264.0,1246.5,328.0,4106885.0,593
2023-05-10 09:16:48,fb2309,fb2309,1248.5,0.0,0.0,0.0,1,1247.5,1248.5,105,1259.5,1264.0,1264.0,1246.5,328.0,4106885.0,593
2023-05-10 09:16:48,fb2309,fb2309,1248.5,0.0,0.0,0.0,1,1247.5,1249.5,2,1259.5,1264.0,1264.0,1246.5,328.0,4106885.0,593
2023-05-10 09:16:49,fb2309,fb2309,1248.5,0.0,0.0,0.0,2,1247.5,1249.5,2,1259.5,1264.0,1264.0,1246.5,328.0,4106885.0,593
2023-05-10 09:16:51,fb2309,fb2309,1248.5,0.0,0.0,0.0,2,1247.5,1248.5,1,1259.5,1264.0,1264.0,1246.5,328.0,4106885.0,593
2023-05-10 09:16:56,fb2309,fb2309,1247.5,2.0,24950.0,1.0,5,1247.0,1247.5,108,1259.5,1264.0,1264.0,1246.5,330.0,4131835.0,594
2023-05-10 09:16:59,fb2309,fb2309,1247.5,1.0,12475.0,1.0,5,1247.0,1247.5,107,1259.5,1264.0,1264.0,1246.5,331.0,4144310.0,595
2023-05-10 09:17:01,fb2309,fb2309,1247.5,10.0,124750.0,0.0,5,1247.0,1247.5,97,1259.5,1264.0,1264.0,1246.5,341.0,4269060.0,595
2023-05-10 09:17:02,fb2309,fb2309,1247.5,1.0,12475.0,1.0,5,1247.0,1247.5,96,1259.5,1264.0,1264.0,1246.5,342.0,4281535.0,596
2023-05-10 09:17:05,fb2309,fb2309,1247.5,10.0,124750.0,0.0,5,1247.0,1247.5,86,1259.5,1264.0,1264.0,1246.5,352.0,4406285.0,596
2023-05-10 09:17:07,fb2309,fb2309,1247.5,2.0,24950.0,2.0,5,1247.0,1247.5,84,1259.5,1264.0,1264.0,1246.5,354.0,4431235.0,598
2023-05-10 09:17:09,fb2309,fb2309,1247.5,50.0,623750.0,40.0,5,1247.0,1247.5,34,1259.5,1264.0,1264.0,1246.5,404.0,5054985.0,638
2023-05-10 09:17:09,fb2309,fb2309,1247.5,7.0,87325.0,1.0,5,1247.0,1247.5,27,1259.5,1264.0,1264.0,1246.5,411.0,5142310.0,639
2023-05-10 09:17:10,fb2309,fb2309,1247.5,8.0,99800.0,8.0,5,1247.0,1247.5,19,1259.5,1264.0,1264.0,1246.5,419.0,5242110.0,647
2023-05-10 09:17:10,fb2309,fb2309,1247.5,10.0,124750.0,10.0,5,1247.0,1247.5,9,1259.5,1264.0,1264.0,1246.5,429.0,5366860.0,657
2023-05-10 09:17:11,fb2309,fb2309,1247.5,4.0,49900.0,3.0,5,1247.0,1247.5,5,1259.5,1264.0,1264.0,1246.5,433.0,5416760.0,660
2023-05-10 09:17:14,fb2309,fb2309,1247.5,5.0,62375.0,0.0,5,1247.5,1248.5,1,1259.5,1264.0,1264.0,1246.5,438.0,5479135.0,660
2023-05-10 09:17:21,fb2309,fb2309,1248.5,1.0,12485.0,0.0,9,1248.5,1249.5,2,1259.5,1264.0,1264.0,1246.5,439.0,5491620.0,660
2023-05-10 09:17:22,fb2309,fb2309,1249.5,1.0,12495.0,0.0,9,1248.5,1249.5,1,1259.5,1264.0,1264.0,1246.5,440.0,5504115.0,660
2023-05-10 09:17:23,fb2309,fb2309,1249.5,0.0,0.0,0.0,9,1248.5,1249.5,2,1259.5,1264.0,1264.0,1246.5,440.0,5504115.0,660
2023-05-10 09:17:26,fb2309,fb2309,1248.5,1.0,12485.0,-1.0,8,1248.5,1249.5,2,1259.5,1264.0,1264.0,1246.5,441.0,5516600.0,659
2023-05-10 09:17:28,fb2309,fb2309,1248.5,0.0,0.0,0.0,8,1248.5,1249.5,1,1259.5,1264.0,1264.0,1246.5,441.0,5516600.0,659
2023-05-10 09:17:33,fb2309,fb2309,1249.5,1.0,12495.0,0.0,8,1248.5,1250.0,2,1259.5,1264.0,1264.0,1246.5,442.0,5529095.0,659
2023-05-10 09:17:33,fb2309,fb2309,1248.5,1.0,12485.0,0.0,7,1248.5,1250.0,2,1259.5,1264.0,1264.0,1246.5,443.0,5541580.0,659
2023-05-10 09:17:35,fb2309,fb2309,1249.5,1.0,12495.0,-1.0,7,1248.5,1250.0,2,1259.5,1264.0,1264.0,1246.5,444.0,5554075.0,658
2023-05-10 09:17:37,fb2309,fb2309,1249.5,0.0,0.0,0.0,7,1248.5,1250.0,5,1259.5,1264.0,1264.0,1246.5,444.0,5554075.0,658
2023-05-10 09:17:43,fb2309,fb2309,1249.5,0.0,0.0,0.0,7,1248.5,1249.5,1,1259.5,1264.0,1264.0,1246.5,444.0,5554075.0,658
2023-05-10 09:17:45,fb2309,fb2309,1248.5,8.0,99885.0,-7.0,5,1247.5,1249.5,1,1259.5,1264.0,1264.0,1246.5,452.0,5653960.0,651
2023-05-10 09:17:45,fb2309,fb2309,1248.5,0.0,0.0,0.0,1,1248.0,1249.0,3,1259.5,1264.0,1264.0,1246.5,452.0,5653960.0,651
2023-05-10 09:17:47,fb2309,fb2309,1248.0,1.0,12480.0,-1.0,5,1247.5,1249.0,3,1259.5,1264.0,1264.0,1246.5,453.0,5666440.0,650
2023-05-10 09:17:48,fb2309,fb2309,1247.5,1.0,12475.0,0.0,4,1247.5,1249.0,3,1259.5,1264.0,1264.0,1246.5,454.0,5678915.0,650
2023-05-10 09:17:49,fb2309,fb2309,1247.5,0.0,0.0,0.0,4,1247.5,1248.5,1,1259.5,1264.0,1264.0,1246.5,454.0,5678915.0,650
2023-05-10 09:17:50,fb2309,fb2309,1248.5,1.0,12485.0,-1.0,5,1247.5,1249.0,1,1259.5,1264.0,1264.0,1246.5,455.0,5691400.0,649
2023-05-10 09:17:51,fb2309,fb2309,1249.0,1.0,12490.0,0.0,5,1247.5,1249.0,2,1259.5,1264.0,1264.0,1246.5,456.0,5703890.0,649
2023-05-10 09:17:55,fb2309,fb2309,1249.0,0.0,0.0,0.0,1,1248.0,1249.0,2,1259.5,1264.0,1264.0,1246.5,456.0,5703890.0,649
2023-05-10 09:18:00,fb2309,fb2309,1249.0,2.0,24980.0,0.0,1,1248.0,1249.5,1,1259.5,1264.0,1264.0,1246.5,458.0,5728870.0,649
2023-05-10 09:18:01,fb2309,fb2309,1249.5,3.0,37470.0,-1.0,1,1248.0,1250.0,3,1259.5,1264.0,1264.0,1246.5,461.0,5766340.0,648
2023-05-10 09:18:01,fb2309,fb2309,1248.5,1.0,12485.0,0.0,1,1248.5,1249.5,2,1259.5,1264.0,1264.0,1246.5,462.0,5778825.0,648
2023-05-10 09:18:01,fb2309,fb2309,1248.5,1.0,12485.0,0.0,1,1248.0,1249.5,2,1259.5,1264.0,1264.0,1246.5,463.0,5791310.0,648
2023-05-10 09:18:02,fb2309,fb2309,1248.5,0.0,0.0,0.0,2,1248.0,1249.5,2,1259.5,1264.0,1264.0,1246.5,463.0,5791310.0,648
2023-05-10 09:18:03,fb2309,fb2309,1249.0,1.0,12490.0,-1.0,2,1248.0,1249.5,1,1259.5,1264.0,1264.0,1246.5,464.0,5803800.0,647
2023-05-10 09:18:03,fb2309,fb2309,1248.5,1.0,12485.0,0.0,2,1248.0,1249.0,1,1259.5,1264.0,1264.0,1246.5,465.0,5816285.0,647
2023-05-10 09:18:05,fb2309,fb2309,1248.5,0.0,0.0,0.0,3,1248.0,1249.0,1,1259.5,1264.0,1264.0,1246.5,465.0,5816285.0,647
2023-05-10 09:18:08,fb2309,fb2309,1249.0,1.0,12490.0,0.0,3,1248.0,1249.5,1,1259.5,1264.0,1264.0,1246.5,466.0,5828775.0,647
2023-05-10 09:18:14,fb2309,fb2309,1249.0,0.0,0.0,0.0,3,1248.0,1249.5,2,1259.5,1264.0,1264.0,1246.5,466.0,5828775.0,647
2023-05-10 09:18:33,fb2309,fb2309,1249.0,0.0,0.0,0.0,3,1248.0,1249.5,3,1259.5,1264.0,1264.0,1246.5,466.0,5828775.0,647
2023-05-10 09:18:35,fb2309,fb2309,1249.0,0.0,0.0,0.0,1,1248.5,1249.5,3,1259.5,1264.0,1264.0,1246.5,466.0,5828775.0,647
2023-05-10 09:18:40,fb2309,fb2309,1249.5,1.0,12495.0,1.0,1,1248.5,1249.5,2,1259.5,1264.0,1264.0,1246.5,467.0,5841270.0,648
2023-05-10 09:18:41,fb2309,fb2309,1249.5,2.0,24990.0,-1.0,1,1248.5,1251.5,1,1259.5,1264.0,1264.0,1246.5,469.0,5866260.0,647
2023-05-10 09:18:41,fb2309,fb2309,1249.5,0.0,0.0,0.0,1,1249.0,1251.0,1,1259.5,1264.0,1264.0,1246.5,469.0,5866260.0,647
2023-05-10 09:18:44,fb2309,fb2309,1249.0,1.0,12490.0,0.0,1,1248.5,1251.0,1,1259.5,1264.0,1264.0,1246.5,470.0,5878750.0,647
2023-05-10 09:18:44,fb2309,fb2309,1249.0,0.0,0.0,0.0,1,1248.5,1250.5,1,1259.5,1264.0,1264.0,1246.5,470.0,5878750.0,647
2023-05-10 09:18:45,fb2309,fb2309,1249.0,0.0,0.0,0.0,1,1248.5,1250.0,1,1259.5,1264.0,1264.0,1246.5,470.0,5878750.0,647
2023-05-10 09:18:46,fb2309,fb2309,1249.5,1.0,12495.0,-1.0,1,1248.5,1250.0,1,1259.5,1264.0,1264.0,1246.5,471.0,5891245.0,646
2023-05-10 09:18:48,fb2309,fb2309,1249.5,0.0,0.0,0.0,1,1249.0,1250.0,1,1259.5,1264.0,1264.0,1246.5,471.0,5891245.0,646
2023-05-10 09:18:49,fb2309,fb2309,1250.0,2.0,25000.0,0.0,1,1249.0,1251.5,1,1259.5,1264.0,1264.0,1246.5,473.0,5916245.0,646
2023-05-10 09:18:50,fb2309,fb2309,1250.0,0.0,0.0,0.0,1,1249.5,1251.0,1,1259.5,1264.0,1264.0,1246.5,473.0,5916245.0,646
2023-05-10 09:18:50,fb2309,fb2309,1250.0,0.0,0.0,0.0,1,1249.5,1250.5,1,1259.5,1264.0,1264.0,1246.5,473.0,5916245.0,646
2023-05-10 09:18:57,fb2309,fb2309,1249.5,1.0,12495.0,0.0,1,1249.0,1250.5,1,1259.5,1264.0,1264.0,1246.5,474.0,5928740.0,646
2023-05-10 09:18:59,fb2309,fb2309,1250.0,3.0,37500.0,0.0,1,1249.0,1250.5,1,1259.5,1264.0,1264.0,1246.5,477.0,5966240.0,646
2023-05-10 09:19:00,fb2309,fb2309,1250.0,1.0,12500.0,0.0,1,1249.0,1250.5,1,1259.5,1264.0,1264.0,1246.5,478.0,5978740.0,646
2023-05-10 09:19:04,fb2309,fb2309,1250.0,0.0,0.0,0.0,1,1249.0,1250.0,1,1259.5,1264.0,1264.0,1246.5,478.0,5978740.0,646
2023-05-10 09:19:05,fb2309,fb2309,1249.0,1.0,12490.0,0.0,1,1248.5,1250.0,1,1259.5,1264.0,1264.0,1246.5,479.0,5991230.0,646
2023-05-10 09:19:15,fb2309,fb2309,1249.0,0.0,0.0,0.0,3,1249.0,1250.0,1,1259.5,1264.0,1264.0,1246.5,479.0,5991230.0,646
2023-05-10 09:19:18,fb2309,fb2309,1249.0,0.0,0.0,0.0,8,1249.0,1250.0,1,1259.5,1264.0,1264.0,1246.5,479.0,5991230.0,646
2023-05-10 09:19:20,fb2309,fb2309,1249.0,0.0,0.0,0.0,1,1250.0,1250.5,1,1259.5,1264.0,1264.0,1246.5,479.0,5991230.0,646
2023-05-10 09:19:25,fb2309,fb2309,1250.0,1.0,12500.0,0.0,8,1249.0,1250.5,1,1259.5,1264.0,1264.0,1246.5,480.0,6003730.0,646
2023-05-10 09:19:27,fb2309,fb2309,1250.0,0.0,0.0,0.0,1,1249.5,1251.0,1,1259.5,1264.0,1264.0,1246.5,480.0,6003730.0,646
2023-05-10 09:19:27,fb2309,fb2309,1250.0,0.0,0.0,0.0,1,1249.5,1250.5,1,1259.5,1264.0,1264.0,1246.5,480.0,6003730.0,646
2023-05-10 09:19:39,fb2309,fb2309,1250.0,0.0,0.0,0.0,1,1249.5,1251.0,1,1259.5,1264.0,1264.0,1246.5,480.0,6003730.0,646
2023-05-10 09:19:40,fb2309,fb2309,1250.0,0.0,0.0,0.0,2,1250.0,1251.0,1,1259.5,1264.0,1264.0,1246.5,480.0,6003730.0,646
2023-05-10 09:19:43,fb2309,fb2309,1250.0,1.0,12500.0,0.0,1,1250.0,1251.0,1,1259.5,1264.0,1264.0,1246.5,481.0,6016230.0,646
2023-05-10 09:19:47,fb2309,fb2309,1250.0,0.0,0.0,0.0,1,1250.0,1251.0,4,1259.5,1264.0,1264.0,1246.5,481.0,6016230.0,646
2023-05-10 09:19:50,fb2309,fb2309,1250.0,0.0,0.0,0.0,2,1250.0,1251.0,4,1259.5,1264.0,1264.0,1246.5,481.0,6016230.0,646
2023-05-10 09:19:51,fb2309,fb2309,1250.0,0.0,0.0,0.0,3,1250.0,1251.0,4,1259.5,1264.0,1264.0,1246.5,481.0,6016230.0,646
2023-05-10 09:19:55,fb2309,fb2309,1250.0,0.0,0.0,0.0,4,1250.0,1251.0,4,1259.5,1264.0,1264.0,1246.5,481.0,6016230.0,646
2023-05-10 09:19:57,fb2309,fb2309,1250.0,0.0,0.0,0.0,1,1250.5,1251.0,4,1259.5,1264.0,1264.0,1246.5,481.0,6016230.0,646
2023-05-10 09:20:02,fb2309,fb2309,1250.0,0.0,0.0,0.0,1,1250.5,1251.0,1,1259.5,1264.0,1264.0,1246.5,481.0,6016230.0,646
2023-05-10 09:20:06,fb2309,fb2309,1251.0,1.0,12510.0,0.0,1,1250.5,1253.0,1,1259.5,1264.0,1264.0,1246.5,482.0,6028740.0,646
2023-05-10 09:20:06,fb2309,fb2309,1251.0,0.0,0.0,0.0,1,1251.0,1252.5,2,1259.5,1264.0,1264.0,1246.5,482.0,6028740.0,646
2023-05-10 09:20:11,fb2309,fb2309,1251.0,0.0,0.0,0.0,3,1251.0,1252.5,2,1259.5,1264.0,1264.0,1246.5,482.0,6028740.0,646
2023-05-10 09:20:11,fb2309,fb2309,1251.0,0.0,0.0,0.0,4,1251.0,1252.5,2,1259.5,1264.0,1264.0,1246.5,482.0,6028740.0,646
2023-05-10 09:20:12,fb2309,fb2309,1251.0,0.0,0.0,0.0,2,1251.0,1252.5,2,1259.5,1264.0,1264.0,1246.5,482.0,6028740.0,646
2023-05-10 09:20:14,fb2309,fb2309,1251.0,0.0,0.0,0.0,2,1251.0,1252.5,5,1259.5,1264.0,1264.0,1246.5,482.0,6028740.0,646
2023-05-10 09:20:18,fb2309,fb2309,1251.0,0.0,0.0,0.0,2,1251.0,1252.0,1,1259.5,1264.0,1264.0,1246.5,482.0,6028740.0,646
2023-05-10 09:20:18,fb2309,fb2309,1251.0,1.0,12510.0,-1.0,1,1251.0,1251.5,1,1259.5,1264.0,1264.0,1246.5,483.0,6041250.0,645
2023-05-10 09:20:21,fb2309,fb2309,1251.0,1.0,12510.0,1.0,4,1250.0,1251.5,1,1259.5,1264.0,1264.0,1246.5,484.0,6053760.0,646
2023-05-10 09:20:24,fb2309,fb2309,1251.5,1.0,12515.0,0.0,3,1250.0,1252.0,1,1259.5,1264.0,1264.0,1246.5,485.0,6066275.0,646
2023-05-10 09:20:24,fb2309,fb2309,1251.5,0.0,0.0,0.0,1,1250.5,1251.5,1,1259.5,1264.0,1264.0,1246.5,485.0,6066275.0,646
2023-05-10 09:20:24,fb2309,fb2309,1251.5,0.0,0.0,0.0,1,1250.5,1251.5,2,1259.5,1264.0,1264.0,1246.5,485.0,6066275.0,646
2023-05-10 09:20:27,fb2309,fb2309,1251.5,0.0,0.0,0.0,1,1250.5,1251.0,1,1259.5,1264.0,1264.0,1246.5,485.0,6066275.0,646
2023-05-10 09:20:27,fb2309,fb2309,1251.0,1.0,12510.0,0.0,1,1250.5,1251.5,1,1259.5,1264.0,1264.0,1246.5,486.0,6078785.0,646
2023-05-10 09:20:30,fb2309,fb2309,1251.5,1.0,12515.0,-1.0,1,1250.5,1252.5,3,1259.5,1264.0,1264.0,1246.5,487.0,6091300.0,645
2023-05-10 09:20:31,fb2309,fb2309,1251.5,0.0,0.0,0.0,1,1251.0,1252.0,3,1259.5,1264.0,1264.0,1246.5,487.0,6091300.0,645
2023-05-10 09:20:35,fb2309,fb2309,1251.5,0.0,0.0,0.0,1,1251.0,1251.5,2,1259.5,1264.0,1264.0,1246.5,487.0,6091300.0,645
2023-05-10 09:20:36,fb2309,fb2309,1251.0,1.0,12510.0,0.0,1,1250.5,1251.5,2,1259.5,1264.0,1264.0,1246.5,488.0,6103810.0,645
2023-05-10 09:20:38,fb2309,fb2309,1251.5,1.0,12515.0,0.0,1,1250.5,1251.5,1,1259.5,1264.0,1264.0,1246.5,489.0,6116325.0,645
2023-05-10 09:20:40,fb2309,fb2309,1251.5,0.0,0.0,0.0,3,1250.5,1251.5,1,1259.5,1264.0,1264.0,1246.5,489.0,6116325.0,645
2023-05-10 09:20:40,fb2309,fb2309,1251.5,0.0,0.0,0.0,3,1250.5,1251.5,2,1259.5,1264.0,1264.0,1246.5,489.0,6116325.0,645
2023-05-10 09:20:41,fb2309,fb2309,1251.5,0.0,0.0,0.0,1,1250.5,1251.5,2,1259.5,1264.0,1264.0,1246.5,489.0,6116325.0,645
2023-05-10 09:20:41,fb2309,fb2309,1251.5,3.0,37545.0,-3.0,9,1250.0,1252.0,3,1259.5,1264.0,1264.0,1246.5,492.0,6153870.0,642
2023-05-10 09:20:41,fb2309,fb2309,1251.5,0.0,0.0,0.0,1,1250.5,1252.0,3,1259.5,1264.0,1264.0,1246.5,492.0,6153870.0,642
2023-05-10 09:20:44,fb2309,fb2309,1251.5,0.0,0.0,0.0,1,1250.5,1252.0,2,1259.5,1264.0,1264.0,1246.5,492.0,6153870.0,642
2023-05-10 09:20:44,fb2309,fb2309,1251.5,0.0,0.0,0.0,2,1250.5,1252.0,2,1259.5,1264.0,1264.0,1246.5,492.0,6153870.0,642
2023-05-10 09:20:45,fb2309,fb2309,1251.5,0.0,0.0,0.0,2,1250.5,1251.5,1,1259.5,1264.0,1264.0,1246.5,492.0,6153870.0,642
2023-05-10 09:20:47,fb2309,fb2309,1251.5,0.0,0.0,0.0,2,1250.5,1251.5,2,1259.5,1264.0,1264.0,1246.5,492.0,6153870.0,642
2023-05-10 09:20:49,fb2309,fb2309,1251.5,0.0,0.0,0.0,3,1250.5,1251.5,2,1259.5,1264.0,1264.0,1246.5,492.0,6153870.0,642
2023-05-10 09:20:53,fb2309,fb2309,1251.5,0.0,0.0,0.0,3,1250.5,1251.0,2,1259.5,1264.0,1264.0,1246.5,492.0,6153870.0,642
2023-05-10 09:20:57,fb2309,fb2309,1251.5,0.0,0.0,0.0,2,1250.5,1251.0,2,1259.5,1264.0,1264.0,1246.5,492.0,6153870.0,642
2023-05-10 09:21:07,fb2309,fb2309,1251.0,1.0,12510.0,0.0,2,1250.5,1251.0,1,1259.5,1264.0,1264.0,1246.5,493.0,6166380.0,642
2023-05-10 09:21:12,fb2309,fb2309,1250.5,1.0,12505.0,1.0,1,1250.5,1251.0,1,1259.5,1264.0,1264.0,1246.5,494.0,6178885.0,643
2023-05-10 09:21:12,fb2309,fb2309,1250.5,0.0,0.0,0.0,3,1250.5,1251.0,1,1259.5,1264.0,1264.0,1246.5,494.0,6178885.0,643
2023-05-10 09:21:14,fb2309,fb2309,1250.5,0.0,0.0,0.0,1,1250.5,1251.0,1,1259.5,1264.0,1264.0,1246.5,494.0,6178885.0,643
2023-05-10 09:21:15,fb2309,fb2309,1251.0,1.0,12510.0,0.0,1,1250.5,1251.0,1,1259.5,1264.0,1264.0,1246.5,495.0,6191395.0,643
2023-05-10 09:21:21,fb2309,fb2309,1251.0,0.0,0.0,0.0,1,1250.5,1251.5,2,1259.5,1264.0,1264.0,1246.5,495.0,6191395.0,643
2023-05-10 09:21:24,fb2309,fb2309,1250.5,1.0,12505.0,0.0,9,1250.0,1251.5,2,1259.5,1264.0,1264.0,1246.5,496.0,6203900.0,643
2023-05-10 09:21:24,fb2309,fb2309,1250.5,0.0,0.0,0.0,9,1250.0,1251.0,1,1259.5,1264.0,1264.0,1246.5,496.0,6203900.0,643
2023-05-10 09:21:33,fb2309,fb2309,1250.5,0.0,0.0,0.0,9,1250.0,1251.0,2,1259.5,1264.0,1264.0,1246.5,496.0,6203900.0,643
2023-05-10 09:21:36,fb2309,fb2309,1250.5,0.0,0.0,0.0,9,1250.0,1250.5,2,1259.5,1264.0,1264.0,1246.5,496.0,6203900.0,643
2023-05-10 09:21:38,fb2309,fb2309,1250.0,1.0,12500.0,1.0,8,1250.0,1250.5,2,1259.5,1264.0,1264.0,1246.5,497.0,6216400.0,644
2023-05-10 09:21:43,fb2309,fb2309,1250.0,0.0,0.0,0.0,8,1250.0,1251.0,1,1259.5,1264.0,1264.0,1246.5,497.0,6216400.0,644
2023-05-10 09:21:53,fb2309,fb2309,1250.0,2.0,25000.0,0.0,6,1250.0,1251.0,1,1259.5,1264.0,1264.0,1246.5,499.0,6241400.0,644
2023-05-10 09:21:56,fb2309,fb2309,1250.0,0.0,0.0,0.0,6,1250.0,1250.5,2,1259.5,1264.0,1264.0,1246.5,499.0,6241400.0,644
2023-05-10 09:21:56,fb2309,fb2309,1250.0,6.0,75000.0,-6.0,16,1249.0,1250.5,2,1259.5,1264.0,1264.0,1246.5,505.0,6316400.0,638
2023-05-10 09:21:56,fb2309,fb2309,1250.0,0.0,0.0,0.0,16,1249.0,1250.0,1,1259.5,1264.0,1264.0,1246.5,505.0,6316400.0,638
2023-05-10 09:21:57,fb2309,fb2309,1250.0,0.0,0.0,0.0,16,1249.0,1250.0,3,1259.5,1264.0,1264.0,1246.5,505.0,6316400.0,638
2023-05-10 09:21:59,fb2309,fb2309,1250.0,1.0,12500.0,0.0,16,1249.0,1250.0,2,1259.5,1264.0,1264.0,1246.5,506.0,6328900.0,638
2023-05-10 09:22:02,fb2309,fb2309,1249.0,1.0,12490.0,0.0,15,1249.0,1250.0,2,1259.5,1264.0,1264.0,1246.5,507.0,6341390.0,638
2023-05-10 09:22:08,fb2309,fb2309,1250.0,1.0,12500.0,0.0,15,1249.0,1250.0,1,1259.5,1264.0,1264.0,1246.5,508.0,6353890.0,638
2023-05-10 09:22:17,fb2309,fb2309,1250.0,0.0,0.0,0.0,15,1249.0,1250.0,2,1259.5,1264.0,1264.0,1246.5,508.0,6353890.0,638
2023-05-10 09:22:21,fb2309,fb2309,1250.0,1.0,12500.0,-1.0,15,1249.0,1250.0,1,1259.5,1264.0,1264.0,1246.5,509.0,6366390.0,637
2023-05-10 09:22:22,fb2309,fb2309,1250.0,1.0,12500.0,-1.0,15,1249.0,1250.5,1,1259.5,1264.0,1264.0,1246.5,510.0,6378890.0,636
2023-05-10 09:22:24,fb2309,fb2309,1250.5,1.0,12505.0,0.0,1,1249.5,1251.0,1,1259.5,1264.0,1264.0,1246.5,511.0,6391395.0,636
2023-05-10 09:22:29,fb2309,fb2309,1250.5,0.0,0.0,0.0,2,1249.5,1251.0,1,1259.5,1264.0,1264.0,1246.5,511.0,6391395.0,636
2023-05-10 09:22:40,fb2309,fb2309,1251.0,1.0,12510.0,0.0,2,1249.5,1251.5,1,1259.5,1264.0,1264.0,1246.5,512.0,6403905.0,636
2023-05-10 09:22:40,fb2309,fb2309,1251.0,0.0,0.0,0.0,2,1249.5,1251.0,1,1259.5,1264.0,1264.0,1246.5,512.0,6403905.0,636
2023-05-10 09:22:46,fb2309,fb2309,1251.0,0.0,0.0,0.0,3,1249.5,1251.0,1,1259.5,1264.0,1264.0,1246.5,512.0,6403905.0,636
2023-05-10 09:22:49,fb2309,fb2309,1251.0,0.0,0.0,0.0,3,1249.5,1250.5,3,1259.5,1264.0,1264.0,1246.5,512.0,6403905.0,636
2023-05-10 09:22:51,fb2309,fb2309,1249.5,1.0,12495.0,0.0,2,1249.5,1250.5,3,1259.5,1264.0,1264.0,1246.5,513.0,6416400.0,636
2023-05-10 09:22:56,fb2309,fb2309,1249.5,0.0,0.0,0.0,2,1249.5,1250.0,1,1259.5,1264.0,1264.0,1246.5,513.0,6416400.0,636
2023-05-10 09:22:56,fb2309,fb2309,1250.5,3.0,37510.0,-3.0,1,1250.5,1251.0,1,1259.5,1264.0,1264.0,1246.5,516.0,6453910.0,633
2023-05-10 09:22:56,fb2309,fb2309,1250.5,1.0,12505.0,0.0,2,1249.5,1251.0,1,1259.5,1264.0,1264.0,1246.5,517.0,6466415.0,633
2023-05-10 09:23:04,fb2309,fb2309,1250.5,0.0,0.0,0.0,2,1249.5,1251.0,2,1259.5,1264.0,1264.0,1246.5,517.0,6466415.0,633
2023-05-10 09:23:04,fb2309,fb2309,1250.5,0.0,0.0,0.0,1,1250.0,1251.0,2,1259.5,1264.0,1264.0,1246.5,517.0,6466415.0,633
2023-05-10 09:23:05,fb2309,fb2309,1250.5,0.0,0.0,0.0,2,1250.0,1251.0,2,1259.5,1264.0,1264.0,1246.5,517.0,6466415.0,633
2023-05-10 09:23:10,fb2309,fb2309,1251.0,1.0,12510.0,0.0,2,1250.0,1251.0,1,1259.5,1264.0,1264.0,1246.5,518.0,6478925.0,633
2023-05-10 09:23:13,fb2309,fb2309,1251.0,1.0,12510.0,0.0,2,1250.0,1251.5,1,1259.5,1264.0,1264.0,1246.5,519.0,6491435.0,633
2023-05-10 09:23:35,fb2309,fb2309,1251.0,0.0,0.0,0.0,3,1250.0,1251.5,1,1259.5,1264.0,1264.0,1246.5,519.0,6491435.0,633
2023-05-10 09:23:44,fb2309,fb2309,1251.0,0.0,0.0,0.0,4,1250.0,1251.5,1,1259.5,1264.0,1264.0,1246.5,519.0,6491435.0,633
2023-05-10 09:23:49,fb2309,fb2309,1251.0,0.0,0.0,0.0,3,1250.0,1251.5,1,1259.5,1264.0,1264.0,1246.5,519.0,6491435.0,633
2023-05-10 09:23:55,fb2309,fb2309,1251.0,0.0,0.0,0.0,3,1250.0,1251.0,3,1259.5,1264.0,1264.0,1246.5,519.0,6491435.0,633
2023-05-10 09:24:01,fb2309,fb2309,1251.0,0.0,0.0,0.0,3,1250.0,1251.5,1,1259.5,1264.0,1264.0,1246.5,519.0,6491435.0,633
2023-05-10 09:24:08,fb2309,fb2309,1251.0,0.0,0.0,0.0,3,1250.0,1251.0,1,1259.5,1264.0,1264.0,1246.5,519.0,6491435.0,633
2023-05-10 09:24:17,fb2309,fb2309,1251.0,0.0,0.0,0.0,3,1250.0,1251.5,1,1259.5,1264.0,1264.0,1246.5,519.0,6491435.0,633
2023-05-10 09:24:23,fb2309,fb2309,1251.0,0.0,0.0,0.0,1,1251.0,1251.5,1,1259.5,1264.0,1264.0,1246.5,519.0,6491435.0,633
2023-05-10 09:24:25,fb2309,fb2309,1251.0,1.0,12510.0,1.0,2,1250.0,1251.0,2,1259.5,1264.0,1264.0,1246.5,520.0,6503945.0,634
2023-05-10 09:24:29,fb2309,fb2309,1250.5,1.0,12505.0,-1.0,2,1250.0,1251.0,2,1259.5,1264.0,1264.0,1246.5,521.0,6516450.0,633
2023-05-10 09:24:30,fb2309,fb2309,1251.0,1.0,12510.0,1.0,2,1250.0,1251.0,1,1259.5,1264.0,1264.0,1246.5,522.0,6528960.0,634
2023-05-10 09:24:30,fb2309,fb2309,1251.0,0.0,0.0,0.0,1,1250.5,1251.0,1,1259.5,1264.0,1264.0,1246.5,522.0,6528960.0,634
2023-05-10 09:24:34,fb2309,fb2309,1251.0,1.0,12510.0,1.0,2,1250.0,1251.5,1,1259.5,1264.0,1264.0,1246.5,523.0,6541470.0,635
2023-05-10 09:24:34,fb2309,fb2309,1251.0,0.0,0.0,0.0,1,1250.5,1251.5,1,1259.5,1264.0,1264.0,1246.5,523.0,6541470.0,635
2023-05-10 09:24:38,fb2309,fb2309,1250.5,1.0,12505.0,0.0,2,1250.0,1251.0,1,1259.5,1264.0,1264.0,1246.5,524.0,6553975.0,635
2023-05-10 09:24:39,fb2309,fb2309,1250.5,0.0,0.0,0.0,2,1250.0,1251.5,1,1259.5,1264.0,1264.0,1246.5,524.0,6553975.0,635
2023-05-10 09:24:42,fb2309,fb2309,1250.5,0.0,0.0,0.0,2,1250.0,1251.0,1,1259.5,1264.0,1264.0,1246.5,524.0,6553975.0,635
2023-05-10 09:24:45,fb2309,fb2309,1251.5,2.0,25025.0,-2.0,1,1250.5,1251.0,1,1259.5,1264.0,1264.0,1246.5,526.0,6579000.0,633
2023-05-10 09:24:46,fb2309,fb2309,1251.0,1.0,12510.0,0.0,1,1250.5,1253.0,1,1259.5,1264.0,1264.0,1246.5,527.0,6591510.0,633
2023-05-10 09:24:46,fb2309,fb2309,1251.0,0.0,0.0,0.0,1,1251.0,1252.5,1,1259.5,1264.0,1264.0,1246.5,527.0,6591510.0,633
2023-05-10 09:24:47,fb2309,fb2309,1251.0,1.0,12510.0,-1.0,2,1250.0,1251.5,1,1259.5,1264.0,1264.0,1246.5,528.0,6604020.0,632
2023-05-10 09:24:47,fb2309,fb2309,1250.5,1.0,12505.0,0.0,2,1250.0,1251.5,1,1259.5,1264.0,1264.0,1246.5,529.0,6616525.0,632
2023-05-10 09:24:53,fb2309,fb2309,1250.5,0.0,0.0,0.0,2,1250.0,1251.0,1,1259.5,1264.0,1264.0,1246.5,529.0,6616525.0,632
2023-05-10 09:24:54,fb2309,fb2309,1250.0,3.0,37500.0,-2.0,2,1249.5,1251.0,1,1259.5,1264.0,1264.0,1246.5,532.0,6654025.0,630
2023-05-10 09:24:59,fb2309,fb2309,1250.0,0.0,0.0,0.0,1,1249.5,1251.0,1,1259.5,1264.0,1264.0,1246.5,532.0,6654025.0,630
2023-05-10 09:25:03,fb2309,fb2309,1250.0,0.0,0.0,0.0,1,1249.5,1251.5,1,1259.5,1264.0,1264.0,1246.5,532.0,6654025.0,630
2023-05-10 09:25:04,fb2309,fb2309,1250.0,0.0,0.0,0.0,1,1249.5,1251.0,1,1259.5,1264.0,1264.0,1246.5,532.0,6654025.0,630
2023-05-10 09:25:09,fb2309,fb2309,1250.0,0.0,0.0,0.0,16,1249.0,1250.5,1,1259.5,1264.0,1264.0,1246.5,532.0,6654025.0,630
2023-05-10 09:25:11,fb2309,fb2309,1250.0,0.0,0.0,0.0,16,1249.0,1250.5,2,1259.5,1264.0,1264.0,1246.5,532.0,6654025.0,630
2023-05-10 09:25:11,fb2309,fb2309,1250.0,0.0,0.0,0.0,1,1249.5,1250.5,2,1259.5,1264.0,1264.0,1246.5,532.0,6654025.0,630
2023-05-10 09:25:13,fb2309,fb2309,1250.0,0.0,0.0,0.0,5,1250.0,1250.5,2,1259.5,1264.0,1264.0,1246.5,532.0,6654025.0,630
2023-05-10 09:25:15,fb2309,fb2309,1250.0,0.0,0.0,0.0,5,1250.0,1250.5,1,1259.5,1264.0,1264.0,1246.5,532.0,6654025.0,630
2023-05-10 09:25:17,fb2309,fb2309,1250.5,1.0,12505.0,0.0,5,1250.0,1251.0,1,1259.5,1264.0,1264.0,1246.5,533.0,6666530.0,630
2023-05-10 09:25:32,fb2309,fb2309,1250.5,1.0,12505.0,-1.0,5,1250.0,1251.0,1,1259.5,1264.0,1264.0,1246.5,534.0,6679035.0,629
2023-05-10 09:25:36,fb2309,fb2309,1251.0,1.0,12510.0,0.0,5,1250.0,1252.5,2,1259.5,1264.0,1264.0,1246.5,535.0,6691545.0,629
2023-05-10 09:25:36,fb2309,fb2309,1250.0,1.0,12500.0,-1.0,1,1250.5,1252.0,2,1259.5,1264.0,1264.0,1246.5,536.0,6704045.0,628
2023-05-10 09:25:37,fb2309,fb2309,1252.0,1.0,12520.0,-1.0,1,1250.5,1251.5,1,1259.5,1264.0,1264.0,1246.5,537.0,6716565.0,627
2023-05-10 09:25:39,fb2309,fb2309,1252.0,0.0,0.0,0.0,2,1250.5,1251.5,1,1259.5,1264.0,1264.0,1246.5,537.0,6716565.0,627
2023-05-10 09:25:40,fb2309,fb2309,1252.0,0.0,0.0,0.0,2,1250.5,1251.5,2,1259.5,1264.0,1264.0,1246.5,537.0,6716565.0,627
2023-05-10 09:25:42,fb2309,fb2309,1252.0,0.0,0.0,0.0,2,1250.5,1251.0,1,1259.5,1264.0,1264.0,1246.5,537.0,6716565.0,627
2023-05-10 09:25:42,fb2309,fb2309,1252.0,0.0,0.0,0.0,1,1250.5,1251.0,1,1259.5,1264.0,1264.0,1246.5,537.0,6716565.0,627
2023-05-10 09:25:49,fb2309,fb2309,1252.0,0.0,0.0,0.0,1,1250.5,1251.5,1,1259.5,1264.0,1264.0,1246.5,537.0,6716565.0,627
2023-05-10 09:25:50,fb2309,fb2309,1252.0,0.0,0.0,0.0,1,1250.5,1251.0,1,1259.5,1264.0,1264.0,1246.5,537.0,6716565.0,627
2023-05-10 09:25:57,fb2309,fb2309,1250.5,1.0,12505.0,0.0,4,1250.0,1251.0,1,1259.5,1264.0,1264.0,1246.5,538.0,6729070.0,627
2023-05-10 09:26:03,fb2309,fb2309,1250.5,0.0,0.0,0.0,2,1250.5,1251.0,1,1259.5,1264.0,1264.0,1246.5,538.0,6729070.0,627
2023-05-10 09:26:04,fb2309,fb2309,1251.0,1.0,12510.0,-1.0,2,1250.5,1251.5,1,1259.5,1264.0,1264.0,1246.5,539.0,6741580.0,626
2023-05-10 09:26:07,fb2309,fb2309,1251.0,0.0,0.0,0.0,2,1250.5,1251.5,2,1259.5,1264.0,1264.0,1246.5,539.0,6741580.0,626
2023-05-10 09:26:07,fb2309,fb2309,1251.5,1.0,12515.0,-1.0,2,1250.5,1251.5,1,1259.5,1264.0,1264.0,1246.5,540.0,6754095.0,625
2023-05-10 09:26:09,fb2309,fb2309,1251.0,2.0,25025.0,-2.0,1,1251.0,1252.0,1,1259.5,1264.0,1264.0,1246.5,542.0,6779120.0,623
2023-05-10 09:26:12,fb2309,fb2309,1251.0,1.0,12510.0,0.0,2,1250.5,1252.0,1,1259.5,1264.0,1264.0,1246.5,543.0,6791630.0,623
2023-05-10 09:26:12,fb2309,fb2309,1251.0,0.0,0.0,0.0,2,1250.5,1251.5,1,1259.5,1264.0,1264.0,1246.5,543.0,6791630.0,623
2023-05-10 09:26:15,fb2309,fb2309,1251.5,1.0,12515.0,-1.0,2,1250.5,1252.0,1,1259.5,1264.0,1264.0,1246.5,544.0,6804145.0,622
2023-05-10 09:26:15,fb2309,fb2309,1251.5,0.0,0.0,0.0,1,1251.0,1252.0,1,1259.5,1264.0,1264.0,1246.5,544.0,6804145.0,622
2023-05-10 09:26:18,fb2309,fb2309,1252.0,1.0,12520.0,0.0,1,1251.0,1252.5,3,1259.5,1264.0,1264.0,1246.5,545.0,6816665.0,622
2023-05-10 09:26:18,fb2309,fb2309,1252.0,0.0,0.0,0.0,1,1251.0,1252.0,1,1259.5,1264.0,1264.0,1246.5,545.0,6816665.0,622
2023-05-10 09:26:19,fb2309,fb2309,1252.5,4.0,50095.0,-3.0,1,1251.0,1253.5,1,1259.5,1264.0,1264.0,1246.5,549.0,6866760.0,619
2023-05-10 09:26:20,fb2309,fb2309,1252.5,0.0,0.0,0.0,1,1251.5,1253.0,1,1259.5,1264.0,1264.0,1246.5,549.0,6866760.0,619
2023-05-10 09:26:20,fb2309,fb2309,1253.0,2.0,25050.0,-1.0,1,1251.5,1253.5,1,1259.5,1264.0,1264.0,1246.5,551.0,6891810.0,618
2023-05-10 09:26:25,fb2309,fb2309,1253.0,0.0,0.0,0.0,1,1251.5,1253.5,2,1259.5,1264.0,1264.0,1246.5,551.0,6891810.0,618
2023-05-10 09:26:26,fb2309,fb2309,1253.0,0.0,0.0,0.0,1,1251.5,1253.0,2,1259.5,1264.0,1264.0,1246.5,551.0,6891810.0,618
2023-05-10 09:26:33,fb2309,fb2309,1253.0,0.0,0.0,0.0,1,1251.5,1253.0,3,1259.5,1264.0,1264.0,1246.5,551.0,6891810.0,618
2023-05-10 09:26:35,fb2309,fb2309,1253.0,0.0,0.0,0.0,1,1251.5,1252.5,2,1259.5,1264.0,1264.0,1246.5,551.0,6891810.0,618
2023-05-10 09:26:45,fb2309,fb2309,1251.5,1.0,12515.0,-1.0,1,1251.0,1252.5,2,1259.5,1264.0,1264.0,1246.5,552.0,6904325.0,617
2023-05-10 09:26:48,fb2309,fb2309,1251.5,0.0,0.0,0.0,1,1251.0,1252.0,1,1259.5,1264.0,1264.0,1246.5,552.0,6904325.0,617
2023-05-10 09:26:51,fb2309,fb2309,1251.5,0.0,0.0,0.0,1,1251.0,1252.0,2,1259.5,1264.0,1264.0,1246.5,552.0,6904325.0,617
2023-05-10 09:26:52,fb2309,fb2309,1251.5,0.0,0.0,0.0,1,1251.0,1251.5,1,1259.5,1264.0,1264.0,1246.5,552.0,6904325.0,617
2023-05-10 09:27:01,fb2309,fb2309,1251.0,1.0,12510.0,0.0,2,1250.5,1251.5,1,1259.5,1264.0,1264.0,1246.5,553.0,6916835.0,617
2023-05-10 09:27:07,fb2309,fb2309,1251.0,0.0,0.0,0.0,2,1250.5,1251.5,2,1259.5,1264.0,1264.0,1246.5,553.0,6916835.0,617
2023-05-10 09:27:14,fb2309,fb2309,1251.0,0.0,0.0,0.0,3,1250.5,1251.5,2,1259.5,1264.0,1264.0,1246.5,553.0,6916835.0,617
2023-05-10 09:27:35,fb2309,fb2309,1251.0,0.0,0.0,0.0,3,1250.5,1251.5,1,1259.5,1264.0,1264.0,1246.5,553.0,6916835.0,617
2023-05-10 09:27:35,fb2309,fb2309,1251.0,0.0,0.0,0.0,3,1250.5,1251.0,1,1259.5,1264.0,1264.0,1246.5,553.0,6916835.0,617
2023-05-10 09:27:39,fb2309,fb2309,1251.0,0.0,0.0,0.0,3,1250.5,1251.0,2,1259.5,1264.0,1264.0,1246.5,553.0,6916835.0,617
2023-05-10 09:27:57,fb2309,fb2309,1250.5,1.0,12505.0,0.0,2,1250.5,1251.0,1,1259.5,1264.0,1264.0,1246.5,554.0,6929340.0,617
2023-05-10 09:28:13,fb2309,fb2309,1250.5,1.0,12505.0,0.0,1,1250.5,1251.0,1,1259.5,1264.0,1264.0,1246.5,555.0,6941845.0,617
2023-05-10 09:28:14,fb2309,fb2309,1250.5,1.0,12505.0,0.0,4,1250.0,1251.0,1,1259.5,1264.0,1264.0,1246.5,556.0,6954350.0,617
2023-05-10 09:28:15,fb2309,fb2309,1250.5,0.0,0.0,0.0,4,1250.0,1250.5,1,1259.5,1264.0,1264.0,1246.5,556.0,6954350.0,617
2023-05-10 09:28:22,fb2309,fb2309,1250.5,1.0,12505.0,0.0,4,1250.0,1251.0,1,1259.5,1264.0,1264.0,1246.5,557.0,6966855.0,617
2023-05-10 09:28:37,fb2309,fb2309,1250.5,0.0,0.0,0.0,1,1250.5,1251.0,1,1259.5,1264.0,1264.0,1246.5,557.0,6966855.0,617
2023-05-10 09:28:43,fb2309,fb2309,1250.5,1.0,12505.0,1.0,4,1250.0,1251.0,1,1259.5,1264.0,1264.0,1246.5,558.0,6979360.0,618
2023-05-10 09:28:44,fb2309,fb2309,1251.0,1.0,12510.0,0.0,4,1250.0,1251.5,1,1259.5,1264.0,1264.0,1246.5,559.0,6991870.0,618
2023-05-10 09:28:51,fb2309,fb2309,1251.0,0.0,0.0,0.0,4,1250.0,1251.0,1,1259.5,1264.0,1264.0,1246.5,559.0,6991870.0,618
2023-05-10 09:28:51,fb2309,fb2309,1251.0,0.0,0.0,0.0,4,1250.0,1251.0,2,1259.5,1264.0,1264.0,1246.5,559.0,6991870.0,618
2023-05-10 09:29:21,fb2309,fb2309,1251.0,1.0,12510.0,1.0,4,1250.0,1251.0,1,1259.5,1264.0,1264.0,1246.5,560.0,7004380.0,619
2023-05-10 09:29:39,fb2309,fb2309,1251.0,1.0,12510.0,0.0,4,1250.0,1252.0,2,1259.5,1264.0,1264.0,1246.5,561.0,7016890.0,619
2023-05-10 09:29:39,fb2309,fb2309,1251.0,0.0,0.0,0.0,1,1250.5,1251.5,1,1259.5,1264.0,1264.0,1246.5,561.0,7016890.0,619
2023-05-10 09:29:40,fb2309,fb2309,1251.0,0.0,0.0,0.0,1,1250.5,1251.5,2,1259.5,1264.0,1264.0,1246.5,561.0,7016890.0,619
2023-05-10 09:29:51,fb2309,fb2309,1250.5,3.0,37515.0,-2.0,4,1250.0,1251.5,2,1259.5,1264.0,1264.0,1246.5,564.0,7054405.0,617
2023-05-10 09:29:59,fb2309,fb2309,1250.5,0.0,0.0,0.0,7,1250.0,1251.5,2,1259.5,1264.0,1264.0,1246.5,564.0,7054405.0,617
2023-05-10 09:30:00,fb2309,fb2309,1250.5,0.0,0.0,0.0,7,1250.0,1251.5,6,1259.5,1264.0,1264.0,1246.5,564.0,7054405.0,617
2023-05-10 09:30:01,fb2309,fb2309,1250.5,0.0,0.0,0.0,8,1250.0,1251.5,6,1259.5,1264.0,1264.0,1246.5,564.0,7054405.0,617
2023-05-10 09:30:01,fb2309,fb2309,1250.5,0.0,0.0,0.0,8,1250.0,1251.0,5,1259.5,1264.0,1264.0,1246.5,564.0,7054405.0,617
2023-05-10 09:30:18,fb2309,fb2309,1250.5,0.0,0.0,0.0,7,1250.0,1251.0,5,1259.5,1264.0,1264.0,1246.5,564.0,7054405.0,617
2023-05-10 09:30:36,fb2309,fb2309,1250.5,0.0,0.0,0.0,8,1250.0,1251.0,5,1259.5,1264.0,1264.0,1246.5,564.0,7054405.0,617
2023-05-10 09:30:39,fb2309,fb2309,1250.0,3.0,37500.0,-3.0,5,1250.0,1251.0,5,1259.5,1264.0,1264.0,1246.5,567.0,7091905.0,614
2023-05-10 09:30:41,fb2309,fb2309,1249.5,6.0,74995.0,-2.0,15,1249.0,1250.0,1,1259.5,1264.0,1264.0,1246.5,573.0,7166900.0,612
2023-05-10 09:30:44,fb2309,fb2309,1249.5,0.0,0.0,0.0,15,1249.0,1251.0,5,1259.5,1264.0,1264.0,1246.5,573.0,7166900.0,612
2023-05-10 09:30:45,fb2309,fb2309,1249.5,0.0,0.0,0.0,15,1249.0,1250.5,2,1259.5,1264.0,1264.0,1246.5,573.0,7166900.0,612
2023-05-10 09:30:49,fb2309,fb2309,1249.5,0.0,0.0,0.0,1,1249.5,1250.5,2,1259.5,1264.0,1264.0,1246.5,573.0,7166900.0,612
2023-05-10 09:30:50,fb2309,fb2309,1249.5,1.0,12495.0,1.0,15,1249.0,1250.5,2,1259.5,1264.0,1264.0,1246.5,574.0,7179395.0,613
2023-05-10 09:30:50,fb2309,fb2309,1249.0,1.0,12490.0,0.0,14,1249.0,1250.5,2,1259.5,1264.0,1264.0,1246.5,575.0,7191885.0,613
2023-05-10 09:30:54,fb2309,fb2309,1249.0,0.0,0.0,0.0,14,1249.0,1250.0,1,1259.5,1264.0,1264.0,1246.5,575.0,7191885.0,613
2023-05-10 09:30:56,fb2309,fb2309,1249.5,1.0,12495.0,-1.0,14,1249.0,1250.0,1,1259.5,1264.0,1264.0,1246.5,576.0,7204380.0,612
2023-05-10 09:30:59,fb2309,fb2309,1249.5,0.0,0.0,0.0,1,1249.5,1250.0,1,1259.5,1264.0,1264.0,1246.5,576.0,7204380.0,612
2023-05-10 09:31:01,fb2309,fb2309,1249.5,1.0,12495.0,0.0,14,1249.0,1250.0,1,1259.5,1264.0,1264.0,1246.5,577.0,7216875.0,612
2023-05-10 09:31:06,fb2309,fb2309,1249.5,0.0,0.0,0.0,14,1249.0,1250.0,2,1259.5,1264.0,1264.0,1246.5,577.0,7216875.0,612
2023-05-10 09:31:37,fb2309,fb2309,1249.5,0.0,0.0,0.0,14,1249.0,1250.0,1,1259.5,1264.0,1264.0,1246.5,577.0,7216875.0,612
2023-05-10 09:31:39,fb2309,fb2309,1250.0,1.0,12500.0,0.0,14,1249.0,1250.5,1,1259.5,1264.0,1264.0,1246.5,578.0,7229375.0,612
2023-05-10 09:31:59,fb2309,fb2309,1250.0,0.0,0.0,0.0,1,1249.5,1250.5,1,1259.5,1264.0,1264.0,1246.5,578.0,7229375.0,612
2023-05-10 09:32:17,fb2309,fb2309,1250.0,0.0,0.0,0.0,1,1250.0,1250.5,1,1259.5,1264.0,1264.0,1246.5,578.0,7229375.0,612
2023-05-10 09:32:37,fb2309,fb2309,1250.5,1.0,12505.0,0.0,1,1250.0,1251.0,5,1259.5,1264.0,1264.0,1246.5,579.0,7241880.0,612
2023-05-10 09:32:55,fb2309,fb2309,1250.0,1.0,12500.0,1.0,2,1249.5,1251.0,5,1259.5,1264.0,1264.0,1246.5,580.0,7254380.0,613
2023-05-10 09:33:02,fb2309,fb2309,1250.0,0.0,0.0,0.0,2,1249.5,1250.0,1,1259.5,1264.0,1264.0,1246.5,580.0,7254380.0,613
2023-05-10 09:33:07,fb2309,fb2309,1249.5,1.0,12495.0,-1.0,1,1249.5,1250.5,1,1259.5,1264.0,1264.0,1246.5,581.0,7266875.0,612
2023-05-10 09:33:20,fb2309,fb2309,1249.5,0.0,0.0,0.0,1,1249.5,1250.0,1,1259.5,1264.0,1264.0,1246.5,581.0,7266875.0,612
2023-05-10 09:33:37,fb2309,fb2309,1249.5,1.0,12495.0,0.0,14,1249.0,1250.5,1,1259.5,1264.0,1264.0,1246.5,582.0,7279370.0,612
2023-05-10 09:33:40,fb2309,fb2309,1249.0,1.0,12490.0,0.0,13,1249.0,1250.5,1,1259.5,1264.0,1264.0,1246.5,583.0,7291860.0,612
2023-05-10 09:34:27,fb2309,fb2309,1249.0,0.0,0.0,0.0,1,1250.0,1250.5,1,1259.5,1264.0,1264.0,1246.5,583.0,7291860.0,612
2023-05-10 09:34:27,fb2309,fb2309,1250.0,1.0,12500.0,0.0,13,1249.0,1250.5,1,1259.5,1264.0,1264.0,1246.5,584.0,7304360.0,612
2023-05-10 09:34:43,fb2309,fb2309,1250.0,0.0,0.0,0.0,13,1249.0,1250.5,2,1259.5,1264.0,1264.0,1246.5,584.0,7304360.0,612
2023-05-10 09:34:50,fb2309,fb2309,1250.0,0.0,0.0,0.0,1,1249.5,1250.5,2,1259.5,1264.0,1264.0,1246.5,584.0,7304360.0,612
2023-05-10 09:35:12,fb2309,fb2309,1249.5,1.0,12495.0,0.0,13,1249.0,1250.5,2,1259.5,1264.0,1264.0,1246.5,585.0,7316855.0,612
2023-05-10 09:35:13,fb2309,fb2309,1250.5,2.0,25010.0,-1.0,1,1249.5,1251.0,6,1259.5,1264.0,1264.0,1246.5,587.0,7341865.0,611
2023-05-10 09:35:17,fb2309,fb2309,1251.0,5.0,62550.0,-5.0,1,1249.5,1251.0,1,1259.5,1264.0,1264.0,1246.5,592.0,7404415.0,606
2023-05-10 09:35:21,fb2309,fb2309,1251.0,0.0,0.0,0.0,2,1249.5,1251.0,1,1259.5,1264.0,1264.0,1246.5,592.0,7404415.0,606
2023-05-10 09:35:28,fb2309,fb2309,1251.0,0.0,0.0,0.0,10,1249.5,1251.0,1,1259.5,1264.0,1264.0,1246.5,592.0,7404415.0,606
2023-05-10 09:35:29,fb2309,fb2309,1251.0,0.0,0.0,0.0,11,1249.5,1251.0,1,1259.5,1264.0,1264.0,1246.5,592.0,7404415.0,606
2023-05-10 09:35:35,fb2309,fb2309,1251.0,0.0,0.0,0.0,11,1249.5,1251.0,2,1259.5,1264.0,1264.0,1246.5,592.0,7404415.0,606
2023-05-10 09:35:50,fb2309,fb2309,1251.0,1.0,12510.0,-1.0,11,1249.5,1251.0,1,1259.5,1264.0,1264.0,1246.5,593.0,7416925.0,605
2023-05-10 09:35:52,fb2309,fb2309,1251.0,0.0,0.0,0.0,8,1250.0,1251.0,1,1259.5,1264.0,1264.0,1246.5,593.0,7416925.0,605
2023-05-10 09:36:16,fb2309,fb2309,1251.0,0.0,0.0,0.0,1,1250.5,1251.0,1,1259.5,1264.0,1264.0,1246.5,593.0,7416925.0,605
2023-05-10 09:36:17,fb2309,fb2309,1251.0,1.0,12510.0,0.0,1,1250.5,1251.5,2,1259.5,1264.0,1264.0,1246.5,594.0,7429435.0,605
2023-05-10 09:36:30,fb2309,fb2309,1251.0,0.0,0.0,0.0,2,1250.5,1251.5,2,1259.5,1264.0,1264.0,1246.5,594.0,7429435.0,605
2023-05-10 09:36:35,fb2309,fb2309,1251.0,0.0,0.0,0.0,2,1250.5,1251.5,3,1259.5,1264.0,1264.0,1246.5,594.0,7429435.0,605
2023-05-10 09:36:43,fb2309,fb2309,1251.0,0.0,0.0,0.0,1,1250.5,1251.5,3,1259.5,1264.0,1264.0,1246.5,594.0,7429435.0,605
2023-05-10 09:36:48,fb2309,fb2309,1251.0,0.0,0.0,0.0,1,1250.5,1251.5,2,1259.5,1264.0,1264.0,1246.5,594.0,7429435.0,605
2023-05-10 09:36:52,fb2309,fb2309,1250.0,2.0,25005.0,-1.0,7,1250.0,1251.5,2,1259.5,1264.0,1264.0,1246.5,596.0,7454440.0,604
2023-05-10 09:37:27,fb2309,fb2309,1250.0,0.0,0.0,0.0,1,1250.5,1251.5,2,1259.5,1264.0,1264.0,1246.5,596.0,7454440.0,604
2023-05-10 09:37:29,fb2309,fb2309,1250.0,0.0,0.0,0.0,2,1250.5,1251.5,2,1259.5,1264.0,1264.0,1246.5,596.0,7454440.0,604
2023-05-10 09:37:30,fb2309,fb2309,1250.0,0.0,0.0,0.0,2,1250.5,1251.0,1,1259.5,1264.0,1264.0,1246.5,596.0,7454440.0,604
2023-05-10 09:37:42,fb2309,fb2309,1250.0,0.0,0.0,0.0,2,1250.5,1251.5,2,1259.5,1264.0,1264.0,1246.5,596.0,7454440.0,604
2023-05-10 09:37:45,fb2309,fb2309,1250.0,0.0,0.0,0.0,2,1250.5,1251.5,1,1259.5,1264.0,1264.0,1246.5,596.0,7454440.0,604
2023-05-10 09:37:50,fb2309,fb2309,1250.5,1.0,12505.0,1.0,1,1250.5,1251.5,1,1259.5,1264.0,1264.0,1246.5,597.0,7466945.0,605
2023-05-10 09:37:56,fb2309,fb2309,1250.5,0.0,0.0,0.0,1,1250.5,1251.0,1,1259.5,1264.0,1264.0,1246.5,597.0,7466945.0,605
2023-05-10 09:37:57,fb2309,fb2309,1250.5,0.0,0.0,0.0,1,1250.5,1251.0,2,1259.5,1264.0,1264.0,1246.5,597.0,7466945.0,605
2023-05-10 09:38:00,fb2309,fb2309,1250.5,0.0,0.0,0.0,1,1250.5,1251.0,1,1259.5,1264.0,1264.0,1246.5,597.0,7466945.0,605
2023-05-10 09:38:02,fb2309,fb2309,1250.5,0.0,0.0,0.0,2,1250.5,1251.0,1,1259.5,1264.0,1264.0,1246.5,597.0,7466945.0,605
2023-05-10 09:38:06,fb2309,fb2309,1250.5,0.0,0.0,0.0,1,1250.5,1251.0,1,1259.5,1264.0,1264.0,1246.5,597.0,7466945.0,605
2023-05-10 09:38:18,fb2309,fb2309,1251.0,1.0,12510.0,0.0,1,1251.0,1251.5,2,1259.5,1264.0,1264.0,1246.5,598.0,7479455.0,605
2023-05-10 09:38:25,fb2309,fb2309,1251.5,2.0,25030.0,-1.0,1,1251.0,1252.0,2,1259.5,1264.0,1264.0,1246.5,600.0,7504485.0,604
2023-05-10 09:38:32,fb2309,fb2309,1251.5,0.0,0.0,0.0,2,1251.0,1252.0,2,1259.5,1264.0,1264.0,1246.5,600.0,7504485.0,604
2023-05-10 09:39:42,fb2309,fb2309,1251.5,0.0,0.0,0.0,2,1251.0,1252.0,3,1259.5,1264.0,1264.0,1246.5,600.0,7504485.0,604
2023-05-10 09:39:54,fb2309,fb2309,1251.5,0.0,0.0,0.0,3,1251.0,1252.0,3,1259.5,1264.0,1264.0,1246.5,600.0,7504485.0,604
2023-05-10 09:40:19,fb2309,fb2309,1251.5,0.0,0.0,0.0,2,1251.0,1252.0,3,1259.5,1264.0,1264.0,1246.5,600.0,7504485.0,604
2023-05-10 09:40:21,fb2309,fb2309,1251.5,0.0,0.0,0.0,2,1251.0,1251.5,1,1259.5,1264.0,1264.0,1246.5,600.0,7504485.0,604
2023-05-10 09:40:21,fb2309,fb2309,1251.5,1.0,12515.0,-1.0,2,1251.0,1252.0,3,1259.5,1264.0,1264.0,1246.5,601.0,7517000.0,603
2023-05-10 09:40:23,fb2309,fb2309,1251.5,0.0,0.0,0.0,7,1251.0,1252.0,3,1259.5,1264.0,1264.0,1246.5,601.0,7517000.0,603
2023-05-10 09:40:30,fb2309,fb2309,1251.5,0.0,0.0,0.0,2,1251.0,1252.0,3,1259.5,1264.0,1264.0,1246.5,601.0,7517000.0,603
2023-05-10 09:40:35,fb2309,fb2309,1251.5,0.0,0.0,0.0,1,1251.5,1252.0,3,1259.5,1264.0,1264.0,1246.5,601.0,7517000.0,603
2023-05-10 09:40:39,fb2309,fb2309,1251.5,1.0,12515.0,1.0,2,1251.0,1251.5,1,1259.5,1264.0,1264.0,1246.5,602.0,7529515.0,604
2023-05-10 09:40:51,fb2309,fb2309,1251.0,1.0,12510.0,-1.0,1,1251.0,1251.5,1,1259.5,1264.0,1264.0,1246.5,603.0,7542025.0,603
2023-05-10 09:41:19,fb2309,fb2309,1251.0,1.0,12510.0,-1.0,4,1250.5,1251.5,1,1259.5,1264.0,1264.0,1246.5,604.0,7554535.0,602
2023-05-10 09:41:39,fb2309,fb2309,1251.0,0.0,0.0,0.0,4,1250.5,1251.5,2,1259.5,1264.0,1264.0,1246.5,604.0,7554535.0,602
2023-05-10 09:41:50,fb2309,fb2309,1251.0,0.0,0.0,0.0,4,1250.5,1251.5,3,1259.5,1264.0,1264.0,1246.5,604.0,7554535.0,602
2023-05-10 09:42:11,fb2309,fb2309,1251.0,0.0,0.0,0.0,4,1250.5,1251.5,2,1259.5,1264.0,1264.0,1246.5,604.0,7554535.0,602
2023-05-10 09:42:38,fb2309,fb2309,1251.0,0.0,0.0,0.0,4,1250.5,1251.5,3,1259.5,1264.0,1264.0,1246.5,604.0,7554535.0,602
2023-05-10 09:42:52,fb2309,fb2309,1251.0,0.0,0.0,0.0,3,1250.5,1251.5,3,1259.5,1264.0,1264.0,1246.5,604.0,7554535.0,602
2023-05-10 09:43:04,fb2309,fb2309,1251.0,0.0,0.0,0.0,1,1251.0,1251.5,3,1259.5,1264.0,1264.0,1246.5,604.0,7554535.0,602
2023-05-10 09:43:14,fb2309,fb2309,1251.0,0.0,0.0,0.0,2,1251.0,1251.5,3,1259.5,1264.0,1264.0,1246.5,604.0,7554535.0,602
2023-05-10 09:43:16,fb2309,fb2309,1251.0,0.0,0.0,0.0,3,1251.0,1251.5,3,1259.5,1264.0,1264.0,1246.5,604.0,7554535.0,602
2023-05-10 09:43:38,fb2309,fb2309,1251.5,2.0,25030.0,-1.0,3,1251.0,1251.5,1,1259.5,1264.0,1264.0,1246.5,606.0,7579565.0,601
2023-05-10 09:43:50,fb2309,fb2309,1251.5,0.0,0.0,0.0,3,1251.0,1252.0,2,1259.5,1264.0,1264.0,1246.5,606.0,7579565.0,601
2023-05-10 09:44:33,fb2309,fb2309,1251.5,0.0,0.0,0.0,3,1251.0,1252.0,3,1259.5,1264.0,1264.0,1246.5,606.0,7579565.0,601
2023-05-10 09:45:14,fb2309,fb2309,1251.5,0.0,0.0,0.0,3,1251.0,1252.0,4,1259.5,1264.0,1264.0,1246.5,606.0,7579565.0,601
2023-05-10 09:45:34,fb2309,fb2309,1251.5,0.0,0.0,0.0,4,1251.0,1252.0,4,1259.5,1264.0,1264.0,1246.5,606.0,7579565.0,601
2023-05-10 09:46:29,fb2309,fb2309,1252.0,1.0,12520.0,-1.0,4,1251.0,1252.0,3,1259.5,1264.0,1264.0,1246.5,607.0,7592085.0,600
2023-05-10 09:46:36,fb2309,fb2309,1252.0,2.0,25040.0,0.0,4,1251.0,1252.0,1,1259.5,1264.0,1264.0,1246.5,609.0,7617125.0,600
2023-05-10 09:46:39,fb2309,fb2309,1252.0,0.0,0.0,0.0,5,1251.0,1252.0,1,1259.5,1264.0,1264.0,1246.5,609.0,7617125.0,600
2023-05-10 09:46:43,fb2309,fb2309,1252.0,0.0,0.0,0.0,5,1251.0,1252.0,2,1259.5,1264.0,1264.0,1246.5,609.0,7617125.0,600
2023-05-10 09:46:47,fb2309,fb2309,1252.0,1.0,12520.0,1.0,5,1251.0,1252.0,1,1259.5,1264.0,1264.0,1246.5,610.0,7629645.0,601
2023-05-10 09:46:51,fb2309,fb2309,1252.0,0.0,0.0,0.0,1,1251.5,1252.0,1,1259.5,1264.0,1264.0,1246.5,610.0,7629645.0,601
2023-05-10 09:47:23,fb2309,fb2309,1252.0,0.0,0.0,0.0,4,1251.0,1252.0,1,1259.5,1264.0,1264.0,1246.5,610.0,7629645.0,601
2023-05-10 09:47:30,fb2309,fb2309,1252.0,0.0,0.0,0.0,5,1251.0,1252.0,1,1259.5,1264.0,1264.0,1246.5,610.0,7629645.0,601
2023-05-10 09:47:32,fb2309,fb2309,1252.0,0.0,0.0,0.0,6,1251.0,1252.0,1,1259.5,1264.0,1264.0,1246.5,610.0,7629645.0,601
2023-05-10 09:47:40,fb2309,fb2309,1252.0,0.0,0.0,0.0,5,1251.0,1252.0,1,1259.5,1264.0,1264.0,1246.5,610.0,7629645.0,601
2023-05-10 09:48:13,fb2309,fb2309,1252.0,1.0,12520.0,-1.0,2,1252.0,1253.5,1,1259.5,1264.0,1264.0,1246.5,611.0,7642165.0,600
2023-05-10 09:48:13,fb2309,fb2309,1252.0,0.0,0.0,0.0,2,1252.0,1253.0,1,1259.5,1264.0,1264.0,1246.5,611.0,7642165.0,600
2023-05-10 09:48:24,fb2309,fb2309,1252.0,1.0,12520.0,0.0,5,1251.0,1253.0,1,1259.5,1264.0,1264.0,1246.5,612.0,7654685.0,600
2023-05-10 09:48:25,fb2309,fb2309,1252.0,0.0,0.0,0.0,1,1251.5,1252.5,1,1259.5,1264.0,1264.0,1246.5,612.0,7654685.0,600
2023-05-10 09:48:26,fb2309,fb2309,1251.5,2.0,25030.0,0.0,5,1251.0,1252.5,1,1259.5,1264.0,1264.0,1246.5,614.0,7679715.0,600
2023-05-10 09:48:35,fb2309,fb2309,1251.5,0.0,0.0,0.0,1,1251.5,1252.5,1,1259.5,1264.0,1264.0,1246.5,614.0,7679715.0,600
2023-05-10 09:48:36,fb2309,fb2309,1251.5,0.0,0.0,0.0,1,1251.5,1252.5,2,1259.5,1264.0,1264.0,1246.5,614.0,7679715.0,600
2023-05-10 09:48:38,fb2309,fb2309,1251.5,0.0,0.0,0.0,2,1251.5,1252.5,2,1259.5,1264.0,1264.0,1246.5,614.0,7679715.0,600
2023-05-10 09:48:47,fb2309,fb2309,1252.5,1.0,12525.0,-1.0,2,1251.5,1252.5,1,1259.5,1264.0,1264.0,1246.5,615.0,7692240.0,599
2023-05-10 09:48:53,fb2309,fb2309,1252.5,0.0,0.0,0.0,1,1251.5,1252.5,1,1259.5,1264.0,1264.0,1246.5,615.0,7692240.0,599
2023-05-10 09:48:58,fb2309,fb2309,1252.5,0.0,0.0,0.0,1,1252.0,1252.5,1,1259.5,1264.0,1264.0,1246.5,615.0,7692240.0,599
2023-05-10 09:49:08,fb2309,fb2309,1252.5,1.0,12525.0,1.0,1,1252.0,1253.0,1,1259.5,1264.0,1264.0,1246.5,616.0,7704765.0,600
2023-05-10 09:49:08,fb2309,fb2309,1252.5,0.0,0.0,0.0,1,1251.5,1253.0,1,1259.5,1264.0,1264.0,1246.5,616.0,7704765.0,600
2023-05-10 09:49:09,fb2309,fb2309,1252.5,0.0,0.0,0.0,2,1251.5,1253.5,1,1259.5,1264.0,1264.0,1246.5,616.0,7704765.0,600
2023-05-10 09:49:10,fb2309,fb2309,1252.5,0.0,0.0,0.0,1,1252.0,1253.0,1,1259.5,1264.0,1264.0,1246.5,616.0,7704765.0,600
2023-05-10 09:49:13,fb2309,fb2309,1252.5,0.0,0.0,0.0,1,1252.5,1253.0,1,1259.5,1264.0,1264.0,1246.5,616.0,7704765.0,600
2023-05-10 09:49:23,fb2309,fb2309,1252.5,0.0,0.0,0.0,1,1252.0,1253.0,1,1259.5,1264.0,1264.0,1246.5,616.0,7704765.0,600
2023-05-10 09:49:26,fb2309,fb2309,1253.0,1.0,12530.0,0.0,2,1252.0,1253.5,1,1259.5,1264.0,1264.0,1246.5,617.0,7717295.0,600
2023-05-10 09:49:26,fb2309,fb2309,1253.0,0.0,0.0,0.0,1,1253.0,1253.5,1,1259.5,1264.0,1264.0,1246.5,617.0,7717295.0,600
2023-05-10 09:49:43,fb2309,fb2309,1253.5,1.0,12535.0,0.0,1,1253.0,1254.5,1,1259.5,1264.0,1264.0,1246.5,618.0,7729830.0,600
2023-05-10 09:49:43,fb2309,fb2309,1254.5,1.0,12545.0,-1.0,1,1253.5,1255.0,4,1259.5,1264.0,1264.0,1246.5,619.0,7742375.0,599
2023-05-10 09:49:43,fb2309,fb2309,1254.5,0.0,0.0,0.0,1,1253.5,1254.5,1,1259.5,1264.0,1264.0,1246.5,619.0,7742375.0,599
2023-05-10 09:49:49,fb2309,fb2309,1254.5,0.0,0.0,0.0,1,1253.0,1255.0,4,1259.5,1264.0,1264.0,1246.5,619.0,7742375.0,599
2023-05-10 09:49:49,fb2309,fb2309,1254.5,0.0,0.0,0.0,2,1253.5,1254.5,1,1259.5,1264.0,1264.0,1246.5,619.0,7742375.0,599
2023-05-10 09:49:51,fb2309,fb2309,1254.5,1.0,12545.0,0.0,2,1253.5,1255.0,4,1259.5,1264.0,1264.0,1246.5,620.0,7754920.0,599
2023-05-10 09:49:51,fb2309,fb2309,1253.5,1.0,12535.0,0.0,1,1253.5,1254.5,1,1259.5,1264.0,1264.0,1246.5,621.0,7767455.0,599
2023-05-10 09:49:52,fb2309,fb2309,1253.5,1.0,12535.0,0.0,1,1253.0,1254.5,1,1259.5,1264.0,1264.0,1246.5,622.0,7779990.0,599
2023-05-10 09:49:54,fb2309,fb2309,1253.5,0.0,0.0,0.0,1,1253.0,1254.5,2,1259.5,1264.0,1264.0,1246.5,622.0,7779990.0,599
2023-05-10 09:49:55,fb2309,fb2309,1254.5,1.0,12545.0,-1.0,1,1253.0,1254.5,1,1259.5,1264.0,1264.0,1246.5,623.0,7792535.0,598
2023-05-10 09:49:57,fb2309,fb2309,1254.5,0.0,0.0,0.0,1,1253.0,1254.0,1,1259.5,1264.0,1264.0,1246.5,623.0,7792535.0,598
2023-05-10 09:49:58,fb2309,fb2309,1254.5,1.0,12545.0,-1.0,1,1253.5,1254.5,1,1259.5,1264.0,1264.0,1246.5,624.0,7805080.0,597
2023-05-10 09:50:02,fb2309,fb2309,1254.5,0.0,0.0,0.0,1,1253.5,1254.5,2,1259.5,1264.0,1264.0,1246.5,624.0,7805080.0,597
2023-05-10 09:50:02,fb2309,fb2309,1253.5,1.0,12535.0,-1.0,1,1253.0,1254.0,1,1259.5,1264.0,1264.0,1246.5,625.0,7817615.0,596
2023-05-10 09:50:04,fb2309,fb2309,1254.5,12.0,150535.0,12.0,1,1253.0,1255.0,5,1259.5,1264.0,1264.0,1246.5,637.0,7968150.0,608
2023-05-10 09:50:04,fb2309,fb2309,1254.5,0.0,0.0,0.0,2,1253.5,1254.5,1,1259.5,1264.0,1264.0,1246.5,637.0,7968150.0,608
2023-05-10 09:50:07,fb2309,fb2309,1253.5,1.0,12535.0,0.0,1,1253.5,1254.5,1,1259.5,1264.0,1264.0,1246.5,638.0,7980685.0,608
2023-05-10 09:50:08,fb2309,fb2309,1253.5,1.0,12535.0,-1.0,1,1253.0,1254.5,1,1259.5,1264.0,1264.0,1246.5,639.0,7993220.0,607
2023-05-10 09:50:08,fb2309,fb2309,1253.5,0.0,0.0,0.0,1,1253.0,1254.0,1,1259.5,1264.0,1264.0,1246.5,639.0,7993220.0,607
2023-05-10 09:50:17,fb2309,fb2309,1253.5,0.0,0.0,0.0,1,1251.5,1254.0,1,1259.5,1264.0,1264.0,1246.5,639.0,7993220.0,607
2023-05-10 09:50:18,fb2309,fb2309,1253.5,0.0,0.0,0.0,1,1252.0,1253.5,1,1259.5,1264.0,1264.0,1246.5,639.0,7993220.0,607
2023-05-10 09:50:22,fb2309,fb2309,1252.0,1.0,12520.0,0.0,3,1251.0,1253.5,1,1259.5,1264.0,1264.0,1246.5,640.0,8005740.0,607
2023-05-10 09:50:23,fb2309,fb2309,1252.0,0.0,0.0,0.0,3,1251.0,1253.5,2,1259.5,1264.0,1264.0,1246.5,640.0,8005740.0,607
2023-05-10 09:50:24,fb2309,fb2309,1252.0,0.0,0.0,0.0,3,1251.0,1253.0,1,1259.5,1264.0,1264.0,1246.5,640.0,8005740.0,607
2023-05-10 09:50:25,fb2309,fb2309,1252.0,0.0,0.0,0.0,3,1251.0,1252.5,1,1259.5,1264.0,1264.0,1246.5,640.0,8005740.0,607
2023-05-10 09:50:27,fb2309,fb2309,1252.0,0.0,0.0,0.0,1,1251.5,1252.5,1,1259.5,1264.0,1264.0,1246.5,640.0,8005740.0,607
2023-05-10 09:50:47,fb2309,fb2309,1252.5,1.0,12525.0,-1.0,6,1252.5,1253.5,1,1259.5,1264.0,1264.0,1246.5,641.0,8018265.0,606
2023-05-10 09:51:00,fb2309,fb2309,1252.5,1.0,12525.0,0.0,5,1252.5,1253.5,1,1259.5,1264.0,1264.0,1246.5,642.0,8030790.0,606
2023-05-10 09:51:06,fb2309,fb2309,1253.5,1.0,12535.0,0.0,5,1252.5,1254.5,2,1259.5,1264.0,1264.0,1246.5,643.0,8043325.0,606
2023-05-10 09:51:06,fb2309,fb2309,1253.5,0.0,0.0,0.0,1,1253.0,1254.0,2,1259.5,1264.0,1264.0,1246.5,643.0,8043325.0,606
2023-05-10 09:51:16,fb2309,fb2309,1253.5,0.0,0.0,0.0,1,1253.0,1253.5,1,1259.5,1264.0,1264.0,1246.5,643.0,8043325.0,606
2023-05-10 09:51:17,fb2309,fb2309,1253.5,1.0,12535.0,0.0,1,1253.0,1254.0,1,1259.5,1264.0,1264.0,1246.5,644.0,8055860.0,606
2023-05-10 09:51:24,fb2309,fb2309,1253.0,1.0,12530.0,1.0,5,1252.5,1253.5,1,1259.5,1264.0,1264.0,1246.5,645.0,8068390.0,607
2023-05-10 09:51:34,fb2309,fb2309,1253.5,1.0,12535.0,-1.0,4,1253.5,1254.0,1,1259.5,1264.0,1264.0,1246.5,646.0,8080925.0,606
2023-05-10 09:51:34,fb2309,fb2309,1253.5,4.0,50140.0,-3.0,1,1252.0,1254.0,1,1259.5,1264.0,1264.0,1246.5,650.0,8131065.0,603
2023-05-10 09:52:08,fb2309,fb2309,1253.5,0.0,0.0,0.0,2,1251.5,1253.5,1,1259.5,1264.0,1264.0,1246.5,650.0,8131065.0,603
2023-05-10 09:52:09,fb2309,fb2309,1253.5,0.0,0.0,0.0,1,1252.0,1253.0,1,1259.5,1264.0,1264.0,1246.5,650.0,8131065.0,603
2023-05-10 09:52:19,fb2309,fb2309,1253.0,1.0,12530.0,0.0,1,1252.5,1253.5,1,1259.5,1264.0,1264.0,1246.5,651.0,8143595.0,603
2023-05-10 09:52:19,fb2309,fb2309,1253.0,0.0,0.0,0.0,1,1252.5,1253.5,2,1259.5,1264.0,1264.0,1246.5,651.0,8143595.0,603
2023-05-10 09:52:27,fb2309,fb2309,1253.0,0.0,0.0,0.0,1,1252.5,1253.5,1,1259.5,1264.0,1264.0,1246.5,651.0,8143595.0,603
2023-05-10 09:52:36,fb2309,fb2309,1252.5,1.0,12525.0,1.0,1,1252.0,1253.5,1,1259.5,1264.0,1264.0,1246.5,652.0,8156120.0,604
2023-05-10 09:52:38,fb2309,fb2309,1252.5,0.0,0.0,0.0,1,1252.0,1253.5,2,1259.5,1264.0,1264.0,1246.5,652.0,8156120.0,604
2023-05-10 09:52:40,fb2309,fb2309,1252.5,0.0,0.0,0.0,2,1252.0,1253.5,2,1259.5,1264.0,1264.0,1246.5,652.0,8156120.0,604
2023-05-10 09:52:41,fb2309,fb2309,1252.5,0.0,0.0,0.0,3,1252.0,1253.5,2,1259.5,1264.0,1264.0,1246.5,652.0,8156120.0,604
2023-05-10 09:52:58,fb2309,fb2309,1252.5,0.0,0.0,0.0,3,1252.0,1253.0,1,1259.5,1264.0,1264.0,1246.5,652.0,8156120.0,604
2023-05-10 09:53:07,fb2309,fb2309,1253.0,1.0,12530.0,0.0,3,1253.0,1253.5,2,1259.5,1264.0,1264.0,1246.5,653.0,8168650.0,604
2023-05-10 09:53:17,fb2309,fb2309,1253.5,2.0,25070.0,0.0,12,1253.5,1254.5,1,1259.5,1264.0,1264.0,1246.5,655.0,8193720.0,604
2023-05-10 09:53:28,fb2309,fb2309,1253.5,0.0,0.0,0.0,1,1254.0,1254.5,1,1259.5,1264.0,1264.0,1246.5,655.0,8193720.0,604
2023-05-10 09:53:48,fb2309,fb2309,1253.5,0.0,0.0,0.0,1,1253.5,1254.5,1,1259.5,1264.0,1264.0,1246.5,655.0,8193720.0,604
2023-05-10 09:53:56,fb2309,fb2309,1254.5,1.0,12545.0,-1.0,11,1254.5,1255.0,6,1259.5,1264.0,1264.0,1246.5,656.0,8206265.0,603
2023-05-10 09:54:03,fb2309,fb2309,1254.5,0.0,0.0,0.0,1,1253.5,1255.0,6,1259.5,1264.0,1264.0,1246.5,656.0,8206265.0,603
2023-05-10 09:54:03,fb2309,fb2309,1254.5,0.0,0.0,0.0,1,1253.5,1255.0,5,1259.5,1264.0,1264.0,1246.5,656.0,8206265.0,603
2023-05-10 09:54:06,fb2309,fb2309,1254.5,0.0,0.0,0.0,1,1253.5,1254.5,1,1259.5,1264.0,1264.0,1246.5,656.0,8206265.0,603
2023-05-10 09:54:07,fb2309,fb2309,1254.5,1.0,12545.0,0.0,1,1253.5,1255.0,5,1259.5,1264.0,1264.0,1246.5,657.0,8218810.0,603
2023-05-10 09:54:10,fb2309,fb2309,1254.5,0.0,0.0,0.0,1,1253.5,1254.5,1,1259.5,1264.0,1264.0,1246.5,657.0,8218810.0,603
2023-05-10 09:54:13,fb2309,fb2309,1254.5,0.0,0.0,0.0,1,1254.0,1254.5,1,1259.5,1264.0,1264.0,1246.5,657.0,8218810.0,603
2023-05-10 09:54:14,fb2309,fb2309,1254.5,1.0,12545.0,0.0,10,1254.5,1255.0,5,1259.5,1264.0,1264.0,1246.5,658.0,8231355.0,603
2023-05-10 09:54:15,fb2309,fb2309,1254.5,1.0,12545.0,0.0,12,1254.5,1255.0,5,1259.5,1264.0,1264.0,1246.5,659.0,8243900.0,603
2023-05-10 09:54:15,fb2309,fb2309,1254.5,1.0,12545.0,0.0,11,1254.5,1255.0,5,1259.5,1264.0,1264.0,1246.5,660.0,8256445.0,603
2023-05-10 09:54:16,fb2309,fb2309,1255.0,5.0,62750.0,-3.0,11,1254.5,1256.0,1,1259.5,1264.0,1264.0,1246.5,665.0,8319195.0,600
2023-05-10 09:54:17,fb2309,fb2309,1257.0,5.0,62840.0,-1.0,1,1256.5,1258.0,1,1259.5,1264.0,1264.0,1246.5,670.0,8382035.0,599
2023-05-10 09:54:17,fb2309,fb2309,1256.5,2.0,25145.0,-1.0,194,1256.0,1259.0,3,1259.5,1264.0,1264.0,1246.5,672.0,8407180.0,598
2023-05-10 09:54:18,fb2309,fb2309,1256.5,0.0,0.0,0.0,2,1256.5,1258.5,1,1259.5,1264.0,1264.0,1246.5,672.0,8407180.0,598
2023-05-10 09:54:18,fb2309,fb2309,1259.0,2.0,25175.0,-1.0,2,1256.5,1259.0,2,1259.5,1264.0,1264.0,1246.5,674.0,8432355.0,597
2023-05-10 09:54:19,fb2309,fb2309,1256.5,1.0,12565.0,0.0,1,1256.5,1259.0,3,1259.5,1264.0,1264.0,1246.5,675.0,8444920.0,597
2023-05-10 09:54:20,fb2309,fb2309,1256.5,0.0,0.0,0.0,1,1256.5,1258.5,1,1259.5,1264.0,1264.0,1246.5,675.0,8444920.0,597
2023-05-10 09:54:30,fb2309,fb2309,1256.5,0.0,0.0,0.0,1,1256.5,1257.0,1,1259.5,1264.0,1264.0,1246.5,675.0,8444920.0,597
2023-05-10 09:54:31,fb2309,fb2309,1257.0,1.0,12570.0,0.0,1,1256.5,1258.5,2,1259.5,1264.0,1264.0,1246.5,676.0,8457490.0,597
2023-05-10 09:54:31,fb2309,fb2309,1256.5,1.0,12565.0,-1.0,1,1257.0,1258.0,2,1259.5,1264.0,1264.0,1246.5,677.0,8470055.0,596
2023-05-10 09:54:31,fb2309,fb2309,1256.5,1.0,12565.0,0.0,194,1256.0,1258.0,2,1259.5,1264.0,1264.0,1246.5,678.0,8482620.0,596
2023-05-10 09:54:32,fb2309,fb2309,1258.5,3.0,37745.0,1.0,194,1256.0,1258.0,1,1259.5,1264.0,1264.0,1246.5,681.0,8520365.0,597
2023-05-10 09:54:33,fb2309,fb2309,1258.5,0.0,0.0,0.0,2,1256.5,1257.5,1,1259.5,1264.0,1264.0,1246.5,681.0,8520365.0,597
2023-05-10 09:54:34,fb2309,fb2309,1258.5,0.0,0.0,0.0,2,1256.5,1257.5,2,1259.5,1264.0,1264.0,1246.5,681.0,8520365.0,597
2023-05-10 09:54:38,fb2309,fb2309,1258.5,0.0,0.0,0.0,2,1256.5,1257.5,1,1259.5,1264.0,1264.0,1246.5,681.0,8520365.0,597
2023-05-10 09:54:40,fb2309,fb2309,1257.5,1.0,12575.0,0.0,2,1256.5,1258.5,2,1259.5,1264.0,1264.0,1246.5,682.0,8532940.0,597
2023-05-10 09:54:41,fb2309,fb2309,1256.5,2.0,25130.0,-1.0,1,1255.0,1258.0,1,1259.5,1264.0,1264.0,1246.5,684.0,8558070.0,596
2023-05-10 09:54:42,fb2309,fb2309,1256.5,0.0,0.0,0.0,1,1255.5,1257.5,1,1259.5,1264.0,1264.0,1246.5,684.0,8558070.0,596
2023-05-10 09:54:42,fb2309,fb2309,1258.5,8.0,100670.0,-1.0,1,1255.5,1258.5,3,1259.5,1264.0,1264.0,1246.5,692.0,8658740.0,595
2023-05-10 09:54:43,fb2309,fb2309,1258.5,0.0,0.0,0.0,2,1255.5,1258.5,3,1259.5,1264.0,1264.0,1246.5,692.0,8658740.0,595
2023-05-10 09:54:44,fb2309,fb2309,1258.5,0.0,0.0,0.0,6,1255.5,1258.5,3,1259.5,1264.0,1264.0,1246.5,692.0,8658740.0,595
2023-05-10 09:54:44,fb2309,fb2309,1258.5,0.0,0.0,0.0,7,1255.5,1258.5,3,1259.5,1264.0,1264.0,1246.5,692.0,8658740.0,595
2023-05-10 09:54:46,fb2309,fb2309,1260.0,9.0,113325.0,0.0,1,1259.0,1260.5,1,1259.5,1264.0,1264.0,1246.5,701.0,8772065.0,595
2023-05-10 09:54:46,fb2309,fb2309,1260.5,2.0,25205.0,0.0,1,1259.0,1261.0,3,1259.5,1264.0,1264.0,1246.5,703.0,8797270.0,595
2023-05-10 09:54:47,fb2309,fb2309,1260.5,0.0,0.0,0.0,1,1259.5,1261.0,3,1259.5,1264.0,1264.0,1246.5,703.0,8797270.0,595
2023-05-10 09:54:47,fb2309,fb2309,1261.0,1.0,12610.0,1.0,1,1259.5,1261.0,2,1259.5,1264.0,1264.0,1246.5,704.0,8809880.0,596
2023-05-10 09:54:48,fb2309,fb2309,1261.0,3.0,37830.0,3.0,1,1259.5,1261.5,1,1259.5,1264.0,1264.0,1246.5,707.0,8847710.0,599
2023-05-10 09:54:49,fb2309,fb2309,1261.0,0.0,0.0,0.0,1,1259.5,1261.5,2,1259.5,1264.0,1264.0,1246.5,707.0,8847710.0,599
2023-05-10 09:54:50,fb2309,fb2309,1259.5,1.0,12595.0,0.0,6,1255.5,1260.0,1,1259.5,1264.0,1264.0,1246.5,708.0,8860305.0,599
2023-05-10 09:54:50,fb2309,fb2309,1259.5,0.0,0.0,0.0,1,1256.0,1259.5,1,1259.5,1264.0,1264.0,1246.5,708.0,8860305.0,599
2023-05-10 09:54:52,fb2309,fb2309,1259.5,1.0,12595.0,-1.0,190,1259.5,1260.0,1,1259.5,1264.0,1264.0,1246.5,709.0,8872900.0,598
2023-05-10 09:54:52,fb2309,fb2309,1260.0,1.0,12600.0,0.0,1,1260.0,1261.5,6,1259.5,1264.0,1264.0,1246.5,710.0,8885500.0,598
2023-05-10 09:54:54,fb2309,fb2309,1260.0,0.0,0.0,0.0,1,1260.0,1261.0,1,1259.5,1264.0,1264.0,1246.5,710.0,8885500.0,598
2023-05-10 09:54:55,fb2309,fb2309,1261.5,5.0,63070.0,3.0,1,1260.0,1261.5,2,1259.5,1264.0,1264.0,1246.5,715.0,8948570.0,601
2023-05-10 09:54:56,fb2309,fb2309,1260.0,1.0,12600.0,0.0,1,1256.0,1261.5,2,1259.5,1264.0,1264.0,1246.5,716.0,8961170.0,601
2023-05-10 09:54:57,fb2309,fb2309,1260.0,0.0,0.0,0.0,1,1256.0,1260.0,1,1259.5,1264.0,1264.0,1246.5,716.0,8961170.0,601
2023-05-10 09:54:57,fb2309,fb2309,1261.5,2.0,25215.0,0.0,1,1256.0,1261.5,1,1259.5,1264.0,1264.0,1246.5,718.0,8986385.0,601
2023-05-10 09:54:58,fb2309,fb2309,1261.5,0.0,0.0,0.0,1,1256.5,1261.5,1,1259.5,1264.0,1264.0,1246.5,718.0,8986385.0,601
2023-05-10 09:54:58,fb2309,fb2309,1261.5,0.0,0.0,0.0,1,1257.0,1262.5,2,1259.5,1264.0,1264.0,1246.5,718.0,8986385.0,601
2023-05-10 09:54:59,fb2309,fb2309,1261.5,0.0,0.0,0.0,1,1257.0,1262.0,1,1259.5,1264.0,1264.0,1246.5,718.0,8986385.0,601
2023-05-10 09:54:59,fb2309,fb2309,1261.5,0.0,0.0,0.0,2,1257.0,1262.0,1,1259.5,1264.0,1264.0,1246.5,718.0,8986385.0,601
2023-05-10 09:55:00,fb2309,fb2309,1261.5,0.0,0.0,0.0,4,1257.0,1262.0,1,1259.5,1264.0,1264.0,1246.5,718.0,8986385.0,601
2023-05-10 09:55:00,fb2309,fb2309,1261.5,0.0,0.0,0.0,1,1261.5,1262.0,1,1259.5,1264.0,1264.0,1246.5,718.0,8986385.0,601
2023-05-10 09:55:01,fb2309,fb2309,1262.0,3.0,37855.0,0.0,6,1257.0,1262.5,2,1259.5,1264.0,1264.0,1246.5,721.0,9024240.0,601
2023-05-10 09:55:01,fb2309,fb2309,1262.0,0.0,0.0,0.0,6,1257.0,1259.0,1,1259.5,1264.0,1264.0,1246.5,721.0,9024240.0,601
2023-05-10 09:55:02,fb2309,fb2309,1262.0,0.0,0.0,0.0,1,1257.5,1259.0,1,1259.5,1264.0,1264.0,1246.5,721.0,9024240.0,601
2023-05-10 09:55:03,fb2309,fb2309,1262.0,0.0,0.0,0.0,1,1258.0,1259.0,1,1259.5,1264.0,1264.0,1246.5,721.0,9024240.0,601
2023-05-10 09:55:04,fb2309,fb2309,1262.0,0.0,0.0,0.0,1,1257.5,1259.0,1,1259.5,1264.0,1264.0,1246.5,721.0,9024240.0,601
2023-05-10 09:55:06,fb2309,fb2309,1262.0,0.0,0.0,0.0,1,1258.0,1259.0,1,1259.5,1264.0,1264.0,1246.5,721.0,9024240.0,601
2023-05-10 09:55:06,fb2309,fb2309,1259.0,1.0,12590.0,-1.0,110,1259.0,1262.0,1,1259.5,1264.0,1264.0,1246.5,722.0,9036830.0,600
2023-05-10 09:55:07,fb2309,fb2309,1259.0,1.0,12590.0,-1.0,1,1259.5,1261.5,1,1259.5,1264.0,1264.0,1246.5,723.0,9049420.0,599
2023-05-10 09:55:08,fb2309,fb2309,1262.0,1.0,12620.0,0.0,4,1262.0,1262.5,2,1259.5,1264.0,1264.0,1246.5,724.0,9062040.0,599
2023-05-10 09:55:08,fb2309,fb2309,1262.0,4.0,50480.0,0.0,1,1260.0,1262.5,2,1259.5,1264.0,1264.0,1246.5,728.0,9112520.0,599
2023-05-10 09:55:09,fb2309,fb2309,1262.0,0.0,0.0,0.0,1,1260.5,1262.5,2,1259.5,1264.0,1264.0,1246.5,728.0,9112520.0,599
2023-05-10 09:55:10,fb2309,fb2309,1262.0,0.0,0.0,0.0,1,1260.5,1262.0,1,1259.5,1264.0,1264.0,1246.5,728.0,9112520.0,599
2023-05-10 09:55:11,fb2309,fb2309,1260.5,1.0,12605.0,-1.0,1,1260.0,1262.0,1,1259.5,1264.0,1264.0,1246.5,729.0,9125125.0,598
2023-05-10 09:55:12,fb2309,fb2309,1260.5,0.0,0.0,0.0,1,1260.5,1261.5,1,1259.5,1264.0,1264.0,1246.5,729.0,9125125.0,598
2023-05-10 09:55:12,fb2309,fb2309,1260.5,1.0,12605.0,0.0,1,1260.0,1261.5,1,1259.5,1264.0,1264.0,1246.5,730.0,9137730.0,598
2023-05-10 09:55:13,fb2309,fb2309,1260.5,0.0,0.0,0.0,1,1260.0,1261.0,1,1259.5,1264.0,1264.0,1246.5,730.0,9137730.0,598
2023-05-10 09:55:14,fb2309,fb2309,1260.5,0.0,0.0,0.0,1,1260.0,1261.0,2,1259.5,1264.0,1264.0,1246.5,730.0,9137730.0,598
