time,symbol_id,symbol_name,last,trade_volume,trade_amount,open_interest_change,bv1,bp1,ap1,av1,yesterday_close,today_open,today_high,today_low,volume,amount,open_interest
2023-05-10 08:57:44,fb2306,fb2306,1237.0,0.0,0.0,0.0,1,1233.5,1243.0,1,1237.0,1235.0,0.0,0.0,0.0,0.0,239
2023-05-10 09:00:00,fb2306,fb2306,1237.0,0.0,0.0,0.0,1,1234.0,1243.0,1,1237.0,1235.0,0.0,0.0,0.0,0.0,239
2023-05-10 09:00:10,fb2306,fb2306,1237.0,0.0,0.0,0.0,1,1234.5,1243.0,1,1237.0,1235.0,0.0,0.0,0.0,0.0,239
2023-05-10 09:00:11,fb2306,fb2306,1237.0,0.0,0.0,0.0,1,1234.5,1242.5,1,1237.0,1235.0,0.0,0.0,0.0,0.0,239
2023-05-10 09:00:15,fb2306,fb2306,1237.0,0.0,0.0,0.0,1,1234.5,1242.0,1,1237.0,1235.0,0.0,0.0,0.0,0.0,239
2023-05-10 09:00:21,fb2306,fb2306,1237.0,0.0,0.0,0.0,1,1235.0,1242.0,1,1237.0,1235.0,0.0,0.0,0.0,0.0,239
2023-05-10 09:03:43,fb2306,fb2306,1237.0,0.0,0.0,0.0,1,1234.5,1242.0,1,1237.0,1235.0,0.0,0.0,0.0,0.0,239
2023-05-10 09:03:45,fb2306,fb2306,1237.0,0.0,0.0,0.0,1,1235.0,1242.0,1,1237.0,1235.0,0.0,0.0,0.0,0.0,239
2023-05-10 09:03:56,fb2306,fb2306,1237.0,0.0,0.0,0.0,2,1235.0,1242.0,1,1237.0,1235.0,0.0,0.0,0.0,0.0,239
2023-05-10 09:05:12,fb2306,fb2306,1237.0,0.0,0.0,0.0,2,1235.0,1242.5,1,1237.0,1235.0,0.0,0.0,0.0,0.0,239
2023-05-10 09:05:18,fb2306,fb2306,1237.0,0.0,0.0,0.0,2,1235.0,1242.0,1,1237.0,1235.0,0.0,0.0,0.0,0.0,239
2023-05-10 09:05:39,fb2306,fb2306,1237.0,0.0,0.0,0.0,1,1235.5,1242.0,1,1237.0,1235.0,0.0,0.0,0.0,0.0,239
2023-05-10 09:05:54,fb2306,fb2306,1237.0,0.0,0.0,0.0,2,1235.0,1242.0,1,1237.0,1235.0,0.0,0.0,0.0,0.0,239
2023-05-10 09:10:17,fb2306,fb2306,1237.0,0.0,0.0,0.0,2,1235.0,1242.5,1,1237.0,1235.0,0.0,0.0,0.0,0.0,239
2023-05-10 09:10:56,fb2306,fb2306,1237.0,0.0,0.0,0.0,2,1235.0,1242.0,1,1237.0,1235.0,0.0,0.0,0.0,0.0,239
2023-05-10 09:11:08,fb2306,fb2306,1235.0,1.0,12350.0,0.0,1,1235.0,1242.0,1,1237.0,1235.0,1235.0,1235.0,1.0,12350.0,239
2023-05-10 09:11:15,fb2306,fb2306,1235.0,0.0,0.0,0.0,1,1235.0,1241.5,1,1237.0,1235.0,1235.0,1235.0,1.0,12350.0,239
2023-05-10 09:11:37,fb2306,fb2306,1235.0,0.0,0.0,0.0,1,1235.0,1242.0,1,1237.0,1235.0,1235.0,1235.0,1.0,12350.0,239
2023-05-10 09:11:43,fb2306,fb2306,1235.0,0.0,0.0,0.0,1,1235.0,1241.5,1,1237.0,1235.0,1235.0,1235.0,1.0,12350.0,239
2023-05-10 09:11:51,fb2306,fb2306,1235.0,0.0,0.0,0.0,1,1235.0,1242.0,1,1237.0,1235.0,1235.0,1235.0,1.0,12350.0,239
2023-05-10 09:11:55,fb2306,fb2306,1235.0,0.0,0.0,0.0,1,1235.0,1240.0,1,1237.0,1235.0,1235.0,1235.0,1.0,12350.0,239
2023-05-10 09:12:09,fb2306,fb2306,1240.0,1.0,12400.0,-1.0,1,1235.0,1242.0,1,1237.0,1235.0,1240.0,1235.0,2.0,24750.0,238
2023-05-10 09:12:15,fb2306,fb2306,1235.0,1.0,12350.0,0.0,20,1230.0,1242.0,1,1237.0,1235.0,1240.0,1235.0,3.0,37100.0,238
2023-05-10 09:12:21,fb2306,fb2306,1235.0,0.0,0.0,0.0,1,1230.5,1242.0,1,1237.0,1235.0,1240.0,1235.0,3.0,37100.0,238
2023-05-10 09:12:25,fb2306,fb2306,1235.0,0.0,0.0,0.0,1,1231.0,1242.0,1,1237.0,1235.0,1240.0,1235.0,3.0,37100.0,238
2023-05-10 09:12:28,fb2306,fb2306,1235.0,0.0,0.0,0.0,1,1231.5,1241.5,1,1237.0,1235.0,1240.0,1235.0,3.0,37100.0,238
2023-05-10 09:12:57,fb2306,fb2306,1235.0,0.0,0.0,0.0,3,1235.0,1241.5,1,1237.0,1235.0,1240.0,1235.0,3.0,37100.0,238
2023-05-10 09:13:50,fb2306,fb2306,1235.0,0.0,0.0,0.0,3,1235.0,1241.0,1,1237.0,1235.0,1240.0,1235.0,3.0,37100.0,238
2023-05-10 09:16:02,fb2306,fb2306,1235.0,0.0,0.0,0.0,3,1235.0,1240.5,1,1237.0,1235.0,1240.0,1235.0,3.0,37100.0,238
2023-05-10 09:16:37,fb2306,fb2306,1235.0,0.0,0.0,0.0,4,1235.0,1240.5,1,1237.0,1235.0,1240.0,1235.0,3.0,37100.0,238
2023-05-10 09:16:44,fb2306,fb2306,1235.0,0.0,0.0,0.0,4,1235.0,1240.0,1,1237.0,1235.0,1240.0,1235.0,3.0,37100.0,238
2023-05-10 09:18:27,fb2306,fb2306,1240.0,1.0,12400.0,-1.0,4,1235.0,1240.5,1,1237.0,1235.0,1240.0,1235.0,4.0,49500.0,237
2023-05-10 09:18:33,fb2306,fb2306,1240.0,0.0,0.0,0.0,4,1235.0,1240.0,1,1237.0,1235.0,1240.0,1235.0,4.0,49500.0,237
2023-05-10 09:18:33,fb2306,fb2306,1240.0,0.0,0.0,0.0,1,1235.5,1240.0,1,1237.0,1235.0,1240.0,1235.0,4.0,49500.0,237
2023-05-10 09:18:36,fb2306,fb2306,1240.0,0.0,0.0,0.0,2,1235.5,1240.0,1,1237.0,1235.0,1240.0,1235.0,4.0,49500.0,237
2023-05-10 09:18:52,fb2306,fb2306,1240.0,1.0,12400.0,1.0,2,1235.5,1240.5,1,1237.0,1235.0,1240.0,1235.0,5.0,61900.0,238
2023-05-10 09:18:54,fb2306,fb2306,1240.0,0.0,0.0,0.0,2,1235.5,1239.5,2,1237.0,1235.0,1240.0,1235.0,5.0,61900.0,238
2023-05-10 09:19:09,fb2306,fb2306,1240.0,0.0,0.0,0.0,3,1235.5,1239.5,2,1237.0,1235.0,1240.0,1235.0,5.0,61900.0,238
2023-05-10 09:19:24,fb2306,fb2306,1239.5,2.0,24790.0,2.0,3,1235.5,1240.5,1,1237.0,1235.0,1240.0,1235.0,7.0,86690.0,240
2023-05-10 09:20:32,fb2306,fb2306,1239.5,0.0,0.0,0.0,1,1237.0,1240.5,1,1237.0,1235.0,1240.0,1235.0,7.0,86690.0,240
2023-05-10 09:20:54,fb2306,fb2306,1239.5,0.0,0.0,0.0,1,1237.5,1240.5,1,1237.0,1235.0,1240.0,1235.0,7.0,86690.0,240
2023-05-10 09:20:57,fb2306,fb2306,1240.5,1.0,12405.0,1.0,1,1237.5,1243.0,1,1237.0,1235.0,1240.5,1235.0,8.0,99095.0,241
2023-05-10 09:21:22,fb2306,fb2306,1240.5,0.0,0.0,0.0,1,1240.0,1243.0,1,1237.0,1235.0,1240.5,1235.0,8.0,99095.0,241
2023-05-10 09:21:53,fb2306,fb2306,1240.5,0.0,0.0,0.0,1,1240.5,1243.0,1,1237.0,1235.0,1240.5,1235.0,8.0,99095.0,241
2023-05-10 09:23:26,fb2306,fb2306,1240.5,0.0,0.0,0.0,1,1240.5,1243.0,2,1237.0,1235.0,1240.5,1235.0,8.0,99095.0,241
2023-05-10 09:24:07,fb2306,fb2306,1243.0,2.0,24860.0,1.0,1,1240.5,1246.0,2,1237.0,1235.0,1243.0,1235.0,10.0,123955.0,242
2023-05-10 09:24:18,fb2306,fb2306,1246.0,2.0,24920.0,2.0,1,1240.5,1248.0,2,1237.0,1235.0,1246.0,1235.0,12.0,148875.0,244
2023-05-10 09:24:18,fb2306,fb2306,1246.0,0.0,0.0,0.0,1,1240.5,1246.0,2,1237.0,1235.0,1246.0,1235.0,12.0,148875.0,244
2023-05-10 09:24:21,fb2306,fb2306,1246.0,2.0,24920.0,2.0,1,1240.5,1248.0,2,1237.0,1235.0,1246.0,1235.0,14.0,173795.0,246
2023-05-10 09:24:21,fb2306,fb2306,1246.0,0.0,0.0,0.0,1,1240.5,1246.0,2,1237.0,1235.0,1246.0,1235.0,14.0,173795.0,246
2023-05-10 09:24:23,fb2306,fb2306,1246.0,2.0,24920.0,2.0,1,1240.5,1248.0,2,1237.0,1235.0,1246.0,1235.0,16.0,198715.0,248
2023-05-10 09:24:24,fb2306,fb2306,1246.0,0.0,0.0,0.0,1,1240.5,1246.0,2,1237.0,1235.0,1246.0,1235.0,16.0,198715.0,248
2023-05-10 09:24:26,fb2306,fb2306,1246.0,2.0,24920.0,2.0,1,1240.5,1248.0,2,1237.0,1235.0,1246.0,1235.0,18.0,223635.0,250
2023-05-10 09:24:26,fb2306,fb2306,1246.0,0.0,0.0,0.0,1,1240.5,1246.0,2,1237.0,1235.0,1246.0,1235.0,18.0,223635.0,250
2023-05-10 09:24:28,fb2306,fb2306,1246.0,2.0,24920.0,2.0,1,1240.5,1248.0,2,1237.0,1235.0,1246.0,1235.0,20.0,248555.0,252
2023-05-10 09:24:28,fb2306,fb2306,1246.0,0.0,0.0,0.0,1,1240.5,1246.0,2,1237.0,1235.0,1246.0,1235.0,20.0,248555.0,252
2023-05-10 09:24:30,fb2306,fb2306,1246.0,2.0,24920.0,2.0,1,1240.5,1248.0,2,1237.0,1235.0,1246.0,1235.0,22.0,273475.0,254
2023-05-10 09:24:30,fb2306,fb2306,1246.0,0.0,0.0,0.0,1,1240.5,1246.0,2,1237.0,1235.0,1246.0,1235.0,22.0,273475.0,254
2023-05-10 09:24:32,fb2306,fb2306,1246.0,2.0,24920.0,2.0,1,1240.5,1248.0,2,1237.0,1235.0,1246.0,1235.0,24.0,298395.0,256
2023-05-10 09:24:32,fb2306,fb2306,1246.0,0.0,0.0,0.0,1,1240.5,1246.0,2,1237.0,1235.0,1246.0,1235.0,24.0,298395.0,256
2023-05-10 09:24:33,fb2306,fb2306,1246.0,2.0,24920.0,2.0,1,1240.5,1248.0,2,1237.0,1235.0,1246.0,1235.0,26.0,323315.0,258
2023-05-10 09:24:34,fb2306,fb2306,1246.0,0.0,0.0,0.0,1,1240.5,1246.0,2,1237.0,1235.0,1246.0,1235.0,26.0,323315.0,258
2023-05-10 09:24:36,fb2306,fb2306,1246.0,2.0,24920.0,2.0,1,1240.5,1248.0,2,1237.0,1235.0,1246.0,1235.0,28.0,348235.0,260
2023-05-10 09:24:36,fb2306,fb2306,1246.0,0.0,0.0,0.0,1,1240.5,1246.0,2,1237.0,1235.0,1246.0,1235.0,28.0,348235.0,260
2023-05-10 09:24:38,fb2306,fb2306,1246.0,2.0,24920.0,2.0,1,1240.5,1248.0,2,1237.0,1235.0,1246.0,1235.0,30.0,373155.0,262
2023-05-10 09:24:38,fb2306,fb2306,1246.0,0.0,0.0,0.0,1,1240.5,1246.0,2,1237.0,1235.0,1246.0,1235.0,30.0,373155.0,262
2023-05-10 09:24:40,fb2306,fb2306,1246.0,2.0,24920.0,2.0,1,1240.5,1248.0,2,1237.0,1235.0,1246.0,1235.0,32.0,398075.0,264
2023-05-10 09:24:41,fb2306,fb2306,1246.0,0.0,0.0,0.0,1,1240.5,1246.0,2,1237.0,1235.0,1246.0,1235.0,32.0,398075.0,264
2023-05-10 09:24:43,fb2306,fb2306,1246.0,2.0,24920.0,2.0,1,1240.5,1248.0,2,1237.0,1235.0,1246.0,1235.0,34.0,422995.0,266
2023-05-10 09:24:43,fb2306,fb2306,1246.0,0.0,0.0,0.0,1,1240.5,1246.0,2,1237.0,1235.0,1246.0,1235.0,34.0,422995.0,266
2023-05-10 09:24:45,fb2306,fb2306,1246.0,2.0,24920.0,2.0,1,1240.5,1248.0,2,1237.0,1235.0,1246.0,1235.0,36.0,447915.0,268
2023-05-10 09:24:45,fb2306,fb2306,1246.0,0.0,0.0,0.0,1,1240.5,1246.0,2,1237.0,1235.0,1246.0,1235.0,36.0,447915.0,268
2023-05-10 09:24:46,fb2306,fb2306,1246.0,0.0,0.0,0.0,1,1240.5,1246.0,3,1237.0,1235.0,1246.0,1235.0,36.0,447915.0,268
2023-05-10 09:24:49,fb2306,fb2306,1246.0,2.0,24920.0,2.0,1,1240.5,1246.0,1,1237.0,1235.0,1246.0,1235.0,38.0,472835.0,270
2023-05-10 09:24:50,fb2306,fb2306,1246.0,0.0,0.0,0.0,1,1240.5,1246.0,3,1237.0,1235.0,1246.0,1235.0,38.0,472835.0,270
2023-05-10 09:24:51,fb2306,fb2306,1246.0,2.0,24920.0,2.0,1,1240.5,1246.0,1,1237.0,1235.0,1246.0,1235.0,40.0,497755.0,272
2023-05-10 09:24:53,fb2306,fb2306,1246.0,0.0,0.0,0.0,1,1240.5,1248.0,2,1237.0,1235.0,1246.0,1235.0,40.0,497755.0,272
2023-05-10 09:24:54,fb2306,fb2306,1246.0,0.0,0.0,0.0,1,1245.5,1248.0,2,1237.0,1235.0,1246.0,1235.0,40.0,497755.0,272
2023-05-10 09:24:55,fb2306,fb2306,1246.0,0.0,0.0,0.0,1,1245.5,1246.0,2,1237.0,1235.0,1246.0,1235.0,40.0,497755.0,272
2023-05-10 09:24:56,fb2306,fb2306,1246.0,2.0,24920.0,2.0,1,1245.5,1248.0,3,1237.0,1235.0,1246.0,1235.0,42.0,522675.0,274
2023-05-10 09:24:57,fb2306,fb2306,1246.0,0.0,0.0,0.0,1,1245.5,1246.0,2,1237.0,1235.0,1246.0,1235.0,42.0,522675.0,274
2023-05-10 09:25:00,fb2306,fb2306,1246.0,2.0,24920.0,2.0,1,1245.5,1248.0,3,1237.0,1235.0,1246.0,1235.0,44.0,547595.0,276
2023-05-10 09:25:00,fb2306,fb2306,1246.0,0.0,0.0,0.0,1,1245.5,1246.0,2,1237.0,1235.0,1246.0,1235.0,44.0,547595.0,276
2023-05-10 09:25:02,fb2306,fb2306,1246.0,2.0,24920.0,2.0,1,1245.5,1248.0,3,1237.0,1235.0,1246.0,1235.0,46.0,572515.0,278
2023-05-10 09:25:02,fb2306,fb2306,1246.0,0.0,0.0,0.0,1,1245.5,1246.0,2,1237.0,1235.0,1246.0,1235.0,46.0,572515.0,278
2023-05-10 09:25:05,fb2306,fb2306,1246.0,2.0,24920.0,2.0,1,1240.5,1248.0,3,1237.0,1235.0,1246.0,1235.0,48.0,597435.0,280
2023-05-10 09:25:05,fb2306,fb2306,1246.0,0.0,0.0,0.0,1,1240.5,1246.0,2,1237.0,1235.0,1246.0,1235.0,48.0,597435.0,280
2023-05-10 09:25:07,fb2306,fb2306,1246.0,2.0,24920.0,2.0,1,1240.5,1248.0,3,1237.0,1235.0,1246.0,1235.0,50.0,622355.0,282
2023-05-10 09:25:08,fb2306,fb2306,1246.0,1.0,12460.0,0.0,1,1240.5,1246.0,1,1237.0,1235.0,1246.0,1235.0,51.0,634815.0,282
2023-05-10 09:25:10,fb2306,fb2306,1246.0,0.0,0.0,0.0,1,1240.5,1248.0,3,1237.0,1235.0,1246.0,1235.0,51.0,634815.0,282
2023-05-10 09:25:50,fb2306,fb2306,1248.0,3.0,37440.0,3.0,1,1240.5,1256.0,1,1237.0,1235.0,1248.0,1235.0,54.0,672255.0,285
2023-05-10 09:25:56,fb2306,fb2306,1248.0,0.0,0.0,0.0,1,1240.5,1261.0,1,1237.0,1235.0,1248.0,1235.0,54.0,672255.0,285
2023-05-10 09:25:59,fb2306,fb2306,1248.0,0.0,0.0,0.0,4,1241.0,1261.0,1,1237.0,1235.0,1248.0,1235.0,54.0,672255.0,285
2023-05-10 09:25:59,fb2306,fb2306,1248.0,0.0,0.0,0.0,4,1241.0,1246.0,1,1237.0,1235.0,1248.0,1235.0,54.0,672255.0,285
2023-05-10 09:26:04,fb2306,fb2306,1248.0,0.0,0.0,0.0,1,1242.5,1246.0,1,1237.0,1235.0,1248.0,1235.0,54.0,672255.0,285
2023-05-10 09:26:18,fb2306,fb2306,1248.0,0.0,0.0,0.0,1,1243.0,1246.0,1,1237.0,1235.0,1248.0,1235.0,54.0,672255.0,285
2023-05-10 09:26:27,fb2306,fb2306,1246.0,1.0,12460.0,1.0,1,1243.0,1247.5,1,1237.0,1235.0,1248.0,1235.0,55.0,684715.0,286
2023-05-10 09:26:32,fb2306,fb2306,1247.5,1.0,12475.0,0.0,1,1243.0,1248.0,1,1237.0,1235.0,1248.0,1235.0,56.0,697190.0,286
2023-05-10 09:26:34,fb2306,fb2306,1248.0,1.0,12480.0,1.0,1,1243.0,1268.0,4,1237.0,1235.0,1248.0,1235.0,57.0,709670.0,287
2023-05-10 09:26:36,fb2306,fb2306,1248.0,0.0,0.0,0.0,1,1243.0,1267.5,1,1237.0,1235.0,1248.0,1235.0,57.0,709670.0,287
2023-05-10 09:26:37,fb2306,fb2306,1248.0,0.0,0.0,0.0,1,1243.0,1267.0,2,1237.0,1235.0,1248.0,1235.0,57.0,709670.0,287
2023-05-10 09:26:39,fb2306,fb2306,1248.0,0.0,0.0,0.0,1,1243.5,1267.0,2,1237.0,1235.0,1248.0,1235.0,57.0,709670.0,287
2023-05-10 09:26:41,fb2306,fb2306,1248.0,0.0,0.0,0.0,1,1243.5,1266.5,1,1237.0,1235.0,1248.0,1235.0,57.0,709670.0,287
2023-05-10 09:26:43,fb2306,fb2306,1248.0,0.0,0.0,0.0,1,1243.5,1266.0,2,1237.0,1235.0,1248.0,1235.0,57.0,709670.0,287
2023-05-10 09:26:47,fb2306,fb2306,1248.0,0.0,0.0,0.0,1,1243.5,1265.5,1,1237.0,1235.0,1248.0,1235.0,57.0,709670.0,287
2023-05-10 09:26:48,fb2306,fb2306,1248.0,0.0,0.0,0.0,1,1244.0,1265.5,1,1237.0,1235.0,1248.0,1235.0,57.0,709670.0,287
2023-05-10 09:26:49,fb2306,fb2306,1248.0,0.0,0.0,0.0,1,1244.0,1265.0,2,1237.0,1235.0,1248.0,1235.0,57.0,709670.0,287
2023-05-10 09:26:51,fb2306,fb2306,1248.0,0.0,0.0,0.0,1,1244.5,1265.0,2,1237.0,1235.0,1248.0,1235.0,57.0,709670.0,287
2023-05-10 09:26:53,fb2306,fb2306,1248.0,0.0,0.0,0.0,1,1244.5,1254.5,1,1237.0,1235.0,1248.0,1235.0,57.0,709670.0,287
2023-05-10 09:26:54,fb2306,fb2306,1248.0,0.0,0.0,0.0,1,1244.5,1254.0,2,1237.0,1235.0,1248.0,1235.0,57.0,709670.0,287
2023-05-10 09:27:01,fb2306,fb2306,1248.0,0.0,0.0,0.0,1,1242.5,1254.0,2,1237.0,1235.0,1248.0,1235.0,57.0,709670.0,287
2023-05-10 09:27:04,fb2306,fb2306,1248.0,0.0,0.0,0.0,1,1242.5,1253.5,1,1237.0,1235.0,1248.0,1235.0,57.0,709670.0,287
2023-05-10 09:27:06,fb2306,fb2306,1248.0,0.0,0.0,0.0,1,1242.5,1253.0,2,1237.0,1235.0,1248.0,1235.0,57.0,709670.0,287
2023-05-10 09:27:12,fb2306,fb2306,1248.0,0.0,0.0,0.0,1,1243.0,1253.0,2,1237.0,1235.0,1248.0,1235.0,57.0,709670.0,287
2023-05-10 09:27:16,fb2306,fb2306,1248.0,0.0,0.0,0.0,1,1243.0,1253.0,3,1237.0,1235.0,1248.0,1235.0,57.0,709670.0,287
2023-05-10 09:27:43,fb2306,fb2306,1248.0,0.0,0.0,0.0,8,1245.0,1253.0,3,1237.0,1235.0,1248.0,1235.0,57.0,709670.0,287
2023-05-10 09:27:45,fb2306,fb2306,1248.0,0.0,0.0,0.0,8,1245.0,1253.0,2,1237.0,1235.0,1248.0,1235.0,57.0,709670.0,287
2023-05-10 09:27:57,fb2306,fb2306,1248.0,0.0,0.0,0.0,1,1245.5,1253.0,2,1237.0,1235.0,1248.0,1235.0,57.0,709670.0,287
2023-05-10 09:30:45,fb2306,fb2306,1248.0,0.0,0.0,0.0,1,1245.5,1252.5,1,1237.0,1235.0,1248.0,1235.0,57.0,709670.0,287
2023-05-10 09:33:00,fb2306,fb2306,1248.0,0.0,0.0,0.0,1,1245.5,1252.5,2,1237.0,1235.0,1248.0,1235.0,57.0,709670.0,287
2023-05-10 09:33:28,fb2306,fb2306,1248.0,0.0,0.0,0.0,1,1245.5,1252.0,1,1237.0,1235.0,1248.0,1235.0,57.0,709670.0,287
2023-05-10 09:34:08,fb2306,fb2306,1252.0,1.0,12520.0,0.0,1,1245.5,1252.5,2,1237.0,1235.0,1252.0,1235.0,58.0,722190.0,287
2023-05-10 09:34:13,fb2306,fb2306,1252.5,2.0,25050.0,-1.0,1,1245.5,1253.0,2,1237.0,1235.0,1252.5,1235.0,60.0,747240.0,286
2023-05-10 09:34:17,fb2306,fb2306,1252.5,0.0,0.0,0.0,8,1245.0,1253.0,2,1237.0,1235.0,1252.5,1235.0,60.0,747240.0,286
2023-05-10 09:34:22,fb2306,fb2306,1252.5,0.0,0.0,0.0,8,1245.0,1252.5,1,1237.0,1235.0,1252.5,1235.0,60.0,747240.0,286
2023-05-10 09:34:31,fb2306,fb2306,1252.5,0.0,0.0,0.0,1,1245.5,1252.5,1,1237.0,1235.0,1252.5,1235.0,60.0,747240.0,286
2023-05-10 09:34:35,fb2306,fb2306,1252.5,1.0,12525.0,1.0,1,1245.5,1253.0,2,1237.0,1235.0,1252.5,1235.0,61.0,759765.0,287
2023-05-10 09:34:37,fb2306,fb2306,1252.5,0.0,0.0,0.0,1,1246.0,1253.0,2,1237.0,1235.0,1252.5,1235.0,61.0,759765.0,287
2023-05-10 09:34:38,fb2306,fb2306,1253.0,2.0,25060.0,2.0,1,1246.0,1254.5,1,1237.0,1235.0,1253.0,1235.0,63.0,784825.0,289
2023-05-10 09:34:48,fb2306,fb2306,1253.0,0.0,0.0,0.0,8,1245.0,1254.5,1,1237.0,1235.0,1253.0,1235.0,63.0,784825.0,289
2023-05-10 09:34:50,fb2306,fb2306,1253.0,0.0,0.0,0.0,1,1247.0,1254.5,1,1237.0,1235.0,1253.0,1235.0,63.0,784825.0,289
2023-05-10 09:34:53,fb2306,fb2306,1253.0,0.0,0.0,0.0,1,1247.0,1254.0,1,1237.0,1235.0,1253.0,1235.0,63.0,784825.0,289
2023-05-10 09:35:15,fb2306,fb2306,1253.0,0.0,0.0,0.0,1,1247.0,1253.0,1,1237.0,1235.0,1253.0,1235.0,63.0,784825.0,289
2023-05-10 09:35:19,fb2306,fb2306,1253.0,0.0,0.0,0.0,1,1247.0,1253.0,2,1237.0,1235.0,1253.0,1235.0,63.0,784825.0,289
2023-05-10 09:35:21,fb2306,fb2306,1253.0,0.0,0.0,0.0,1,1247.0,1253.0,3,1237.0,1235.0,1253.0,1235.0,63.0,784825.0,289
2023-05-10 09:35:35,fb2306,fb2306,1253.0,0.0,0.0,0.0,8,1245.0,1253.0,3,1237.0,1235.0,1253.0,1235.0,63.0,784825.0,289
2023-05-10 09:35:36,fb2306,fb2306,1253.0,0.0,0.0,0.0,8,1245.0,1252.5,1,1237.0,1235.0,1253.0,1235.0,63.0,784825.0,289
2023-05-10 09:35:37,fb2306,fb2306,1253.0,0.0,0.0,0.0,1,1246.0,1252.5,1,1237.0,1235.0,1253.0,1235.0,63.0,784825.0,289
2023-05-10 09:35:42,fb2306,fb2306,1252.5,1.0,12525.0,1.0,1,1246.0,1253.0,3,1237.0,1235.0,1253.0,1235.0,64.0,797350.0,290
2023-05-10 09:35:45,fb2306,fb2306,1253.0,3.0,37590.0,3.0,1,1246.0,1254.5,1,1237.0,1235.0,1253.0,1235.0,67.0,834940.0,293
2023-05-10 09:35:50,fb2306,fb2306,1253.0,0.0,0.0,0.0,1,1250.0,1254.5,1,1237.0,1235.0,1253.0,1235.0,67.0,834940.0,293
2023-05-10 09:36:11,fb2306,fb2306,1253.0,0.0,0.0,0.0,1,1247.0,1254.5,1,1237.0,1235.0,1253.0,1235.0,67.0,834940.0,293
2023-05-10 09:36:16,fb2306,fb2306,1253.0,0.0,0.0,0.0,1,1251.0,1254.5,1,1237.0,1235.0,1253.0,1235.0,67.0,834940.0,293
2023-05-10 09:36:17,fb2306,fb2306,1253.0,0.0,0.0,0.0,1,1251.0,1252.0,1,1237.0,1235.0,1253.0,1235.0,67.0,834940.0,293
2023-05-10 09:36:20,fb2306,fb2306,1253.0,0.0,0.0,0.0,1,1247.0,1252.0,1,1237.0,1235.0,1253.0,1235.0,67.0,834940.0,293
2023-05-10 09:36:23,fb2306,fb2306,1252.0,1.0,12520.0,-1.0,1,1247.0,1254.5,1,1237.0,1235.0,1253.0,1235.0,68.0,847460.0,292
2023-05-10 09:36:36,fb2306,fb2306,1252.0,0.0,0.0,0.0,1,1247.0,1254.5,2,1237.0,1235.0,1253.0,1235.0,68.0,847460.0,292
2023-05-10 09:36:39,fb2306,fb2306,1252.0,0.0,0.0,0.0,5,1247.0,1254.5,2,1237.0,1235.0,1253.0,1235.0,68.0,847460.0,292
2023-05-10 09:36:43,fb2306,fb2306,1252.0,0.0,0.0,0.0,4,1247.0,1254.5,2,1237.0,1235.0,1253.0,1235.0,68.0,847460.0,292
2023-05-10 09:36:46,fb2306,fb2306,1252.0,0.0,0.0,0.0,1,1247.5,1254.5,2,1237.0,1235.0,1253.0,1235.0,68.0,847460.0,292
2023-05-10 09:37:20,fb2306,fb2306,1252.0,0.0,0.0,0.0,1,1247.5,1254.5,1,1237.0,1235.0,1253.0,1235.0,68.0,847460.0,292
2023-05-10 09:38:12,fb2306,fb2306,1252.0,0.0,0.0,0.0,2,1247.5,1254.5,1,1237.0,1235.0,1253.0,1235.0,68.0,847460.0,292
2023-05-10 09:38:20,fb2306,fb2306,1252.0,0.0,0.0,0.0,1,1247.5,1254.5,1,1237.0,1235.0,1253.0,1235.0,68.0,847460.0,292
2023-05-10 09:39:06,fb2306,fb2306,1252.0,0.0,0.0,0.0,1,1248.0,1254.5,1,1237.0,1235.0,1253.0,1235.0,68.0,847460.0,292
2023-05-10 09:39:48,fb2306,fb2306,1252.0,0.0,0.0,0.0,1,1248.0,1254.0,1,1237.0,1235.0,1253.0,1235.0,68.0,847460.0,292
2023-05-10 09:40:55,fb2306,fb2306,1252.0,0.0,0.0,0.0,3,1253.5,1254.0,1,1237.0,1235.0,1253.0,1235.0,68.0,847460.0,292
2023-05-10 09:41:33,fb2306,fb2306,1254.0,1.0,12540.0,1.0,3,1253.5,1254.5,1,1237.0,1235.0,1254.0,1235.0,69.0,860000.0,293
2023-05-10 09:43:44,fb2306,fb2306,1254.5,1.0,12545.0,1.0,3,1253.5,1260.0,1,1237.0,1235.0,1254.5,1235.0,70.0,872545.0,294
2023-05-10 09:43:58,fb2306,fb2306,1254.5,0.0,0.0,0.0,1,1254.0,1260.0,1,1237.0,1235.0,1254.5,1235.0,70.0,872545.0,294
2023-05-10 09:44:08,fb2306,fb2306,1254.5,0.0,0.0,0.0,2,1254.0,1260.0,1,1237.0,1235.0,1254.5,1235.0,70.0,872545.0,294
2023-05-10 09:44:26,fb2306,fb2306,1254.5,0.0,0.0,0.0,1,1254.5,1260.0,1,1237.0,1235.0,1254.5,1235.0,70.0,872545.0,294
2023-05-10 09:44:27,fb2306,fb2306,1254.5,0.0,0.0,0.0,1,1254.5,1259.0,1,1237.0,1235.0,1254.5,1235.0,70.0,872545.0,294
2023-05-10 09:45:08,fb2306,fb2306,1254.5,0.0,0.0,0.0,1,1255.0,1259.0,1,1237.0,1235.0,1254.5,1235.0,70.0,872545.0,294
2023-05-10 09:45:24,fb2306,fb2306,1254.5,0.0,0.0,0.0,1,1254.5,1259.0,1,1237.0,1235.0,1254.5,1235.0,70.0,872545.0,294
2023-05-10 09:45:36,fb2306,fb2306,1254.5,0.0,0.0,0.0,3,1253.5,1259.0,1,1237.0,1235.0,1254.5,1235.0,70.0,872545.0,294
2023-05-10 09:45:39,fb2306,fb2306,1254.5,0.0,0.0,0.0,1,1254.0,1259.0,1,1237.0,1235.0,1254.5,1235.0,70.0,872545.0,294
2023-05-10 09:48:42,fb2306,fb2306,1254.5,0.0,0.0,0.0,3,1253.5,1259.0,1,1237.0,1235.0,1254.5,1235.0,70.0,872545.0,294
2023-05-10 09:49:45,fb2306,fb2306,1254.5,0.0,0.0,0.0,3,1253.5,1254.0,1,1237.0,1235.0,1254.5,1235.0,70.0,872545.0,294
2023-05-10 09:50:11,fb2306,fb2306,1254.0,1.0,12540.0,-1.0,3,1253.5,1259.0,1,1237.0,1235.0,1254.5,1235.0,71.0,885085.0,293
2023-05-10 09:50:19,fb2306,fb2306,1254.0,0.0,0.0,0.0,1,1254.0,1259.0,1,1237.0,1235.0,1254.5,1235.0,71.0,885085.0,293
2023-05-10 09:52:08,fb2306,fb2306,1254.0,0.0,0.0,0.0,3,1253.5,1259.0,1,1237.0,1235.0,1254.5,1235.0,71.0,885085.0,293
2023-05-10 09:52:57,fb2306,fb2306,1254.0,0.0,0.0,0.0,1,1254.0,1259.0,1,1237.0,1235.0,1254.5,1235.0,71.0,885085.0,293
2023-05-10 09:53:26,fb2306,fb2306,1254.0,0.0,0.0,0.0,3,1253.5,1259.0,1,1237.0,1235.0,1254.5,1235.0,71.0,885085.0,293
2023-05-10 09:53:47,fb2306,fb2306,1254.0,0.0,0.0,0.0,2,1254.0,1259.0,1,1237.0,1235.0,1254.5,1235.0,71.0,885085.0,293
2023-05-10 09:55:02,fb2306,fb2306,1254.0,0.0,0.0,0.0,2,1254.0,1259.0,2,1237.0,1235.0,1254.5,1235.0,71.0,885085.0,293
2023-05-10 09:55:48,fb2306,fb2306,1254.0,1.0,12540.0,-1.0,1,1254.0,1259.0,2,1237.0,1235.0,1254.5,1235.0,72.0,897625.0,292
2023-05-10 09:56:25,fb2306,fb2306,1254.0,1.0,12540.0,-1.0,3,1253.5,1259.0,1,1237.0,1235.0,1254.5,1235.0,73.0,910165.0,291
2023-05-10 09:56:37,fb2306,fb2306,1254.0,0.0,0.0,0.0,2,1254.0,1259.0,1,1237.0,1235.0,1254.5,1235.0,73.0,910165.0,291
2023-05-10 09:56:54,fb2306,fb2306,1254.0,0.0,0.0,0.0,3,1254.0,1259.0,1,1237.0,1235.0,1254.5,1235.0,73.0,910165.0,291
2023-05-10 09:57:18,fb2306,fb2306,1254.0,1.0,12540.0,0.0,2,1254.0,1259.0,1,1237.0,1235.0,1254.5,1235.0,74.0,922705.0,291
2023-05-10 09:57:46,fb2306,fb2306,1254.0,0.0,0.0,0.0,3,1254.0,1259.0,1,1237.0,1235.0,1254.5,1235.0,74.0,922705.0,291
2023-05-10 09:57:52,fb2306,fb2306,1254.0,0.0,0.0,0.0,6,1254.0,1259.0,1,1237.0,1235.0,1254.5,1235.0,74.0,922705.0,291
2023-05-10 09:58:10,fb2306,fb2306,1254.0,0.0,0.0,0.0,5,1254.0,1259.0,1,1237.0,1235.0,1254.5,1235.0,74.0,922705.0,291
2023-05-10 09:58:11,fb2306,fb2306,1254.0,0.0,0.0,0.0,4,1254.0,1259.0,1,1237.0,1235.0,1254.5,1235.0,74.0,922705.0,291
2023-05-10 09:59:49,fb2306,fb2306,1254.0,0.0,0.0,0.0,4,1254.0,1259.0,40,1237.0,1235.0,1254.5,1235.0,74.0,922705.0,291
2023-05-10 10:00:25,fb2306,fb2306,1254.0,0.0,0.0,0.0,4,1254.0,1258.5,1,1237.0,1235.0,1254.5,1235.0,74.0,922705.0,291
2023-05-10 10:01:40,fb2306,fb2306,1254.0,0.0,0.0,0.0,3,1254.0,1258.5,1,1237.0,1235.0,1254.5,1235.0,74.0,922705.0,291
2023-05-10 10:02:21,fb2306,fb2306,1254.0,0.0,0.0,0.0,1,1254.5,1258.5,1,1237.0,1235.0,1254.5,1235.0,74.0,922705.0,291
2023-05-10 10:04:48,fb2306,fb2306,1254.5,1.0,12545.0,1.0,3,1253.5,1258.5,1,1237.0,1235.0,1254.5,1235.0,75.0,935250.0,292
2023-05-10 10:08:34,fb2306,fb2306,1254.5,0.0,0.0,0.0,3,1253.5,1257.0,1,1237.0,1235.0,1254.5,1235.0,75.0,935250.0,292
2023-05-10 10:37:20,fb2306,fb2306,1254.5,0.0,0.0,0.0,3,1253.5,1257.0,3,1237.0,1235.0,1254.5,1235.0,75.0,935250.0,292
2023-05-10 10:41:55,fb2306,fb2306,1254.5,0.0,0.0,0.0,1,1254.0,1257.0,3,1237.0,1235.0,1254.5,1235.0,75.0,935250.0,292
2023-05-10 10:42:19,fb2306,fb2306,1254.5,0.0,0.0,0.0,1,1254.0,1257.0,1,1237.0,1235.0,1254.5,1235.0,75.0,935250.0,292
2023-05-10 10:42:23,fb2306,fb2306,1254.5,0.0,0.0,0.0,1,1254.0,1256.5,2,1237.0,1235.0,1254.5,1235.0,75.0,935250.0,292
2023-05-10 10:42:38,fb2306,fb2306,1254.5,0.0,0.0,0.0,1,1254.0,1256.0,1,1237.0,1235.0,1254.5,1235.0,75.0,935250.0,292
2023-05-10 10:46:36,fb2306,fb2306,1256.0,1.0,12560.0,0.0,1,1254.0,1259.0,39,1237.0,1235.0,1256.0,1235.0,76.0,947810.0,292
2023-05-10 10:46:45,fb2306,fb2306,1256.0,0.0,0.0,0.0,1,1254.0,1258.5,2,1237.0,1235.0,1256.0,1235.0,76.0,947810.0,292
2023-05-10 10:46:52,fb2306,fb2306,1256.0,0.0,0.0,0.0,1,1254.0,1258.5,3,1237.0,1235.0,1256.0,1235.0,76.0,947810.0,292
2023-05-10 10:48:29,fb2306,fb2306,1256.0,0.0,0.0,0.0,1,1254.0,1256.0,1,1237.0,1235.0,1256.0,1235.0,76.0,947810.0,292
2023-05-10 10:50:30,fb2306,fb2306,1256.0,0.0,0.0,0.0,1,1254.0,1258.5,1,1237.0,1235.0,1256.0,1235.0,76.0,947810.0,292
2023-05-10 10:51:07,fb2306,fb2306,1256.0,0.0,0.0,0.0,1,1254.0,1258.0,2,1237.0,1235.0,1256.0,1235.0,76.0,947810.0,292
2023-05-10 10:55:02,fb2306,fb2306,1256.0,0.0,0.0,0.0,1,1254.0,1256.0,2,1237.0,1235.0,1256.0,1235.0,76.0,947810.0,292
2023-05-10 10:55:11,fb2306,fb2306,1256.0,0.0,0.0,0.0,1,1254.0,1256.0,4,1237.0,1235.0,1256.0,1235.0,76.0,947810.0,292
2023-05-10 10:57:03,fb2306,fb2306,1256.0,0.0,0.0,0.0,1,1254.0,1256.0,7,1237.0,1235.0,1256.0,1235.0,76.0,947810.0,292
2023-05-10 10:57:48,fb2306,fb2306,1256.0,0.0,0.0,0.0,1,1254.0,1256.0,4,1237.0,1235.0,1256.0,1235.0,76.0,947810.0,292
2023-05-10 10:57:49,fb2306,fb2306,1256.0,0.0,0.0,0.0,1,1254.0,1256.0,2,1237.0,1235.0,1256.0,1235.0,76.0,947810.0,292
2023-05-10 10:57:50,fb2306,fb2306,1256.0,0.0,0.0,0.0,1,1254.0,1258.5,1,1237.0,1235.0,1256.0,1235.0,76.0,947810.0,292
2023-05-10 10:58:06,fb2306,fb2306,1256.0,0.0,0.0,0.0,1,1254.0,1259.0,39,1237.0,1235.0,1256.0,1235.0,76.0,947810.0,292
2023-05-10 10:58:08,fb2306,fb2306,1256.0,0.0,0.0,0.0,1,1254.0,1258.5,1,1237.0,1235.0,1256.0,1235.0,76.0,947810.0,292
2023-05-10 10:58:22,fb2306,fb2306,1256.0,0.0,0.0,0.0,1,1254.0,1258.0,2,1237.0,1235.0,1256.0,1235.0,76.0,947810.0,292
2023-05-10 11:03:08,fb2306,fb2306,1256.0,0.0,0.0,0.0,1,1254.0,1256.0,1,1237.0,1235.0,1256.0,1235.0,76.0,947810.0,292
2023-05-10 11:06:12,fb2306,fb2306,1256.0,0.0,0.0,0.0,1,1254.0,1259.0,39,1237.0,1235.0,1256.0,1235.0,76.0,947810.0,292
2023-05-10 11:06:17,fb2306,fb2306,1256.0,0.0,0.0,0.0,1,1254.0,1258.5,2,1237.0,1235.0,1256.0,1235.0,76.0,947810.0,292
2023-05-10 11:07:06,fb2306,fb2306,1256.0,0.0,0.0,0.0,1,1254.0,1258.5,3,1237.0,1235.0,1256.0,1235.0,76.0,947810.0,292
2023-05-10 11:08:24,fb2306,fb2306,1256.0,0.0,0.0,0.0,1,1254.0,1258.5,2,1237.0,1235.0,1256.0,1235.0,76.0,947810.0,292
2023-05-10 11:08:48,fb2306,fb2306,1256.0,0.0,0.0,0.0,1,1254.0,1256.0,1,1237.0,1235.0,1256.0,1235.0,76.0,947810.0,292
2023-05-10 11:08:55,fb2306,fb2306,1256.0,0.0,0.0,0.0,1,1254.0,1258.5,2,1237.0,1235.0,1256.0,1235.0,76.0,947810.0,292
2023-05-10 11:09:04,fb2306,fb2306,1256.0,0.0,0.0,0.0,1,1254.0,1258.5,3,1237.0,1235.0,1256.0,1235.0,76.0,947810.0,292
2023-05-10 11:09:23,fb2306,fb2306,1256.0,0.0,0.0,0.0,1,1254.0,1256.0,1,1237.0,1235.0,1256.0,1235.0,76.0,947810.0,292
2023-05-10 11:11:13,fb2306,fb2306,1256.0,0.0,0.0,0.0,1,1254.0,1256.0,2,1237.0,1235.0,1256.0,1235.0,76.0,947810.0,292
2023-05-10 11:12:56,fb2306,fb2306,1256.0,0.0,0.0,0.0,1,1254.0,1256.0,1,1237.0,1235.0,1256.0,1235.0,76.0,947810.0,292
2023-05-10 11:22:45,fb2306,fb2306,1256.0,0.0,0.0,0.0,1,1254.0,1256.0,3,1237.0,1235.0,1256.0,1235.0,76.0,947810.0,292
2023-05-10 11:23:21,fb2306,fb2306,1256.0,0.0,0.0,0.0,1,1254.0,1256.0,2,1237.0,1235.0,1256.0,1235.0,76.0,947810.0,292
2023-05-10 11:23:21,fb2306,fb2306,1256.0,0.0,0.0,0.0,1,1254.0,1255.5,1,1237.0,1235.0,1256.0,1235.0,76.0,947810.0,292
2023-05-10 11:23:38,fb2306,fb2306,1256.0,0.0,0.0,0.0,1,1254.0,1255.0,1,1237.0,1235.0,1256.0,1235.0,76.0,947810.0,292
2023-05-10 11:24:51,fb2306,fb2306,1254.0,1.0,12540.0,1.0,3,1253.5,1255.0,1,1237.0,1235.0,1256.0,1235.0,77.0,960350.0,293
2023-05-10 11:25:11,fb2306,fb2306,1254.0,0.0,0.0,0.0,3,1253.5,1254.0,1,1237.0,1235.0,1256.0,1235.0,77.0,960350.0,293
2023-05-10 11:26:47,fb2306,fb2306,1254.0,1.0,12540.0,1.0,3,1253.5,1255.0,1,1237.0,1235.0,1256.0,1235.0,78.0,972890.0,294
2023-05-10 11:27:06,fb2306,fb2306,1254.0,0.0,0.0,0.0,3,1253.5,1255.0,3,1237.0,1235.0,1256.0,1235.0,78.0,972890.0,294
2023-05-10 11:28:05,fb2306,fb2306,1254.0,0.0,0.0,0.0,3,1253.5,1255.0,1,1237.0,1235.0,1256.0,1235.0,78.0,972890.0,294
2023-05-10 13:30:00,fb2306,fb2306,1254.0,0.0,0.0,0.0,3,1253.5,1255.0,2,1237.0,1235.0,1256.0,1235.0,78.0,972890.0,294
2023-05-10 13:30:45,fb2306,fb2306,1254.0,0.0,0.0,0.0,1,1254.0,1255.0,2,1237.0,1235.0,1256.0,1235.0,78.0,972890.0,294
2023-05-10 13:31:13,fb2306,fb2306,1254.0,0.0,0.0,0.0,1,1254.5,1255.0,2,1237.0,1235.0,1256.0,1235.0,78.0,972890.0,294
2023-05-10 13:32:13,fb2306,fb2306,1254.5,1.0,12545.0,-1.0,1,1254.0,1255.0,2,1237.0,1235.0,1256.0,1235.0,79.0,985435.0,293
2023-05-10 13:34:22,fb2306,fb2306,1255.0,1.0,12550.0,1.0,1,1254.0,1255.0,1,1237.0,1235.0,1256.0,1235.0,80.0,997985.0,294
2023-05-10 13:41:00,fb2306,fb2306,1255.0,0.0,0.0,0.0,1,1254.0,1259.0,39,1237.0,1235.0,1256.0,1235.0,80.0,997985.0,294
2023-05-10 13:41:04,fb2306,fb2306,1255.0,0.0,0.0,0.0,1,1254.0,1258.5,2,1237.0,1235.0,1256.0,1235.0,80.0,997985.0,294
2023-05-10 13:41:08,fb2306,fb2306,1255.0,0.0,0.0,0.0,1,1254.0,1258.5,3,1237.0,1235.0,1256.0,1235.0,80.0,997985.0,294
2023-05-10 13:41:34,fb2306,fb2306,1255.0,0.0,0.0,0.0,1,1254.0,1258.0,1,1237.0,1235.0,1256.0,1235.0,80.0,997985.0,294
2023-05-10 13:42:32,fb2306,fb2306,1255.0,0.0,0.0,0.0,1,1254.0,1257.5,2,1237.0,1235.0,1256.0,1235.0,80.0,997985.0,294
2023-05-10 13:47:31,fb2306,fb2306,1255.0,0.0,0.0,0.0,1,1254.0,1258.0,1,1237.0,1235.0,1256.0,1235.0,80.0,997985.0,294
2023-05-10 13:47:38,fb2306,fb2306,1255.0,0.0,0.0,0.0,1,1254.0,1257.5,2,1237.0,1235.0,1256.0,1235.0,80.0,997985.0,294
2023-05-10 13:48:55,fb2306,fb2306,1255.0,0.0,0.0,0.0,1,1255.0,1257.5,2,1237.0,1235.0,1256.0,1235.0,80.0,997985.0,294
2023-05-10 13:50:13,fb2306,fb2306,1255.0,0.0,0.0,0.0,1,1254.0,1257.5,2,1237.0,1235.0,1256.0,1235.0,80.0,997985.0,294
2023-05-10 13:50:28,fb2306,fb2306,1255.0,0.0,0.0,0.0,1,1255.0,1257.5,2,1237.0,1235.0,1256.0,1235.0,80.0,997985.0,294
2023-05-10 13:50:36,fb2306,fb2306,1255.0,0.0,0.0,0.0,1,1254.0,1257.5,2,1237.0,1235.0,1256.0,1235.0,80.0,997985.0,294
2023-05-10 13:50:42,fb2306,fb2306,1255.0,0.0,0.0,0.0,1,1255.5,1257.5,2,1237.0,1235.0,1256.0,1235.0,80.0,997985.0,294
2023-05-10 13:50:43,fb2306,fb2306,1255.0,0.0,0.0,0.0,1,1255.5,1258.0,1,1237.0,1235.0,1256.0,1235.0,80.0,997985.0,294
2023-05-10 13:51:16,fb2306,fb2306,1255.0,0.0,0.0,0.0,1,1255.5,1257.5,2,1237.0,1235.0,1256.0,1235.0,80.0,997985.0,294
2023-05-10 13:51:19,fb2306,fb2306,1255.0,0.0,0.0,0.0,1,1255.5,1258.0,1,1237.0,1235.0,1256.0,1235.0,80.0,997985.0,294
2023-05-10 13:51:59,fb2306,fb2306,1255.0,0.0,0.0,0.0,1,1255.5,1257.5,2,1237.0,1235.0,1256.0,1235.0,80.0,997985.0,294
2023-05-10 13:52:01,fb2306,fb2306,1255.0,0.0,0.0,0.0,1,1255.5,1258.0,1,1237.0,1235.0,1256.0,1235.0,80.0,997985.0,294
2023-05-10 13:52:42,fb2306,fb2306,1255.0,0.0,0.0,0.0,1,1255.5,1257.5,2,1237.0,1235.0,1256.0,1235.0,80.0,997985.0,294
2023-05-10 13:52:43,fb2306,fb2306,1255.0,0.0,0.0,0.0,1,1255.5,1258.0,1,1237.0,1235.0,1256.0,1235.0,80.0,997985.0,294
2023-05-10 13:53:24,fb2306,fb2306,1255.0,0.0,0.0,0.0,1,1255.5,1257.5,2,1237.0,1235.0,1256.0,1235.0,80.0,997985.0,294
2023-05-10 13:53:25,fb2306,fb2306,1255.0,0.0,0.0,0.0,1,1255.5,1258.0,1,1237.0,1235.0,1256.0,1235.0,80.0,997985.0,294
2023-05-10 13:54:07,fb2306,fb2306,1255.0,0.0,0.0,0.0,1,1255.5,1257.5,2,1237.0,1235.0,1256.0,1235.0,80.0,997985.0,294
2023-05-10 13:54:09,fb2306,fb2306,1255.0,0.0,0.0,0.0,1,1255.5,1258.0,1,1237.0,1235.0,1256.0,1235.0,80.0,997985.0,294
2023-05-10 13:54:49,fb2306,fb2306,1255.0,0.0,0.0,0.0,1,1255.5,1257.5,2,1237.0,1235.0,1256.0,1235.0,80.0,997985.0,294
2023-05-10 13:54:51,fb2306,fb2306,1255.0,0.0,0.0,0.0,1,1255.5,1258.0,1,1237.0,1235.0,1256.0,1235.0,80.0,997985.0,294
2023-05-10 13:55:30,fb2306,fb2306,1255.5,1.0,12555.0,-1.0,1,1254.0,1258.0,1,1237.0,1235.0,1256.0,1235.0,81.0,1010540.0,293
2023-05-10 13:55:35,fb2306,fb2306,1255.5,0.0,0.0,0.0,1,1254.0,1257.5,2,1237.0,1235.0,1256.0,1235.0,81.0,1010540.0,293
2023-05-10 14:00:34,fb2306,fb2306,1255.5,0.0,0.0,0.0,1,1254.0,1258.0,1,1237.0,1235.0,1256.0,1235.0,81.0,1010540.0,293
2023-05-10 14:00:37,fb2306,fb2306,1255.5,0.0,0.0,0.0,1,1254.0,1257.5,2,1237.0,1235.0,1256.0,1235.0,81.0,1010540.0,293
2023-05-10 14:05:35,fb2306,fb2306,1255.5,0.0,0.0,0.0,1,1254.0,1258.0,1,1237.0,1235.0,1256.0,1235.0,81.0,1010540.0,293
2023-05-10 14:05:38,fb2306,fb2306,1255.5,0.0,0.0,0.0,1,1254.0,1257.5,2,1237.0,1235.0,1256.0,1235.0,81.0,1010540.0,293
2023-05-10 14:07:53,fb2306,fb2306,1255.5,0.0,0.0,0.0,1,1254.5,1257.5,2,1237.0,1235.0,1256.0,1235.0,81.0,1010540.0,293
2023-05-10 14:08:19,fb2306,fb2306,1255.5,0.0,0.0,0.0,1,1254.0,1257.5,2,1237.0,1235.0,1256.0,1235.0,81.0,1010540.0,293
2023-05-10 14:09:58,fb2306,fb2306,1255.5,0.0,0.0,0.0,1,1254.5,1257.5,2,1237.0,1235.0,1256.0,1235.0,81.0,1010540.0,293
2023-05-10 14:10:28,fb2306,fb2306,1255.5,0.0,0.0,0.0,1,1254.0,1257.5,2,1237.0,1235.0,1256.0,1235.0,81.0,1010540.0,293
2023-05-10 14:10:37,fb2306,fb2306,1255.5,0.0,0.0,0.0,1,1254.0,1258.0,1,1237.0,1235.0,1256.0,1235.0,81.0,1010540.0,293
2023-05-10 14:11:02,fb2306,fb2306,1255.5,0.0,0.0,0.0,1,1254.5,1258.0,1,1237.0,1235.0,1256.0,1235.0,81.0,1010540.0,293
2023-05-10 14:11:17,fb2306,fb2306,1255.5,0.0,0.0,0.0,1,1254.5,1257.5,2,1237.0,1235.0,1256.0,1235.0,81.0,1010540.0,293
2023-05-10 14:15:15,fb2306,fb2306,1255.5,0.0,0.0,0.0,1,1254.0,1257.5,2,1237.0,1235.0,1256.0,1235.0,81.0,1010540.0,293
2023-05-10 14:16:19,fb2306,fb2306,1255.5,0.0,0.0,0.0,1,1254.0,1258.0,1,1237.0,1235.0,1256.0,1235.0,81.0,1010540.0,293
2023-05-10 14:17:00,fb2306,fb2306,1255.5,0.0,0.0,0.0,1,1254.0,1257.5,2,1237.0,1235.0,1256.0,1235.0,81.0,1010540.0,293
2023-05-10 14:21:59,fb2306,fb2306,1255.5,0.0,0.0,0.0,1,1254.0,1258.0,1,1237.0,1235.0,1256.0,1235.0,81.0,1010540.0,293
2023-05-10 14:22:02,fb2306,fb2306,1255.5,0.0,0.0,0.0,1,1254.0,1257.5,2,1237.0,1235.0,1256.0,1235.0,81.0,1010540.0,293
2023-05-10 14:23:31,fb2306,fb2306,1255.5,0.0,0.0,0.0,1,1254.0,1258.0,1,1237.0,1235.0,1256.0,1235.0,81.0,1010540.0,293
2023-05-10 14:24:08,fb2306,fb2306,1255.5,0.0,0.0,0.0,1,1254.0,1258.0,3,1237.0,1235.0,1256.0,1235.0,81.0,1010540.0,293
2023-05-10 14:24:41,fb2306,fb2306,1255.5,0.0,0.0,0.0,1,1254.0,1258.0,1,1237.0,1235.0,1256.0,1235.0,81.0,1010540.0,293
2023-05-10 14:26:41,fb2306,fb2306,1255.5,0.0,0.0,0.0,1,1254.5,1258.0,1,1237.0,1235.0,1256.0,1235.0,81.0,1010540.0,293
2023-05-10 14:28:22,fb2306,fb2306,1255.5,0.0,0.0,0.0,1,1254.0,1258.0,1,1237.0,1235.0,1256.0,1235.0,81.0,1010540.0,293
2023-05-10 14:36:15,fb2306,fb2306,1255.5,0.0,0.0,0.0,1,1254.0,1258.0,3,1237.0,1235.0,1256.0,1235.0,81.0,1010540.0,293
2023-05-10 14:41:15,fb2306,fb2306,1255.5,0.0,0.0,0.0,1,1254.0,1258.0,1,1237.0,1235.0,1256.0,1235.0,81.0,1010540.0,293
2023-05-10 14:41:58,fb2306,fb2306,1255.5,0.0,0.0,0.0,1,1254.0,1257.5,2,1237.0,1235.0,1256.0,1235.0,81.0,1010540.0,293
2023-05-10 14:46:56,fb2306,fb2306,1255.5,0.0,0.0,0.0,1,1254.0,1258.0,1,1237.0,1235.0,1256.0,1235.0,81.0,1010540.0,293
2023-05-10 14:47:00,fb2306,fb2306,1255.5,0.0,0.0,0.0,1,1254.0,1257.5,2,1237.0,1235.0,1256.0,1235.0,81.0,1010540.0,293
2023-05-10 14:49:00,fb2306,fb2306,1257.5,1.0,12575.0,-1.0,1,1254.0,1257.5,1,1237.0,1235.0,1257.5,1235.0,82.0,1023115.0,292
2023-05-10 14:51:32,fb2306,fb2306,1257.5,1.0,12575.0,-1.0,1,1254.0,1258.0,1,1237.0,1235.0,1257.5,1235.0,83.0,1035690.0,291
2023-05-10 14:51:59,fb2306,fb2306,1257.5,0.0,0.0,0.0,1,1254.0,1257.5,2,1237.0,1235.0,1257.5,1235.0,83.0,1035690.0,291
2023-05-10 14:56:59,fb2306,fb2306,1257.5,0.0,0.0,0.0,1,1254.0,1258.0,1,1237.0,1235.0,1257.5,1235.0,83.0,1035690.0,291
2023-05-10 14:57:39,fb2306,fb2306,1257.5,0.0,0.0,0.0,1,1254.0,1257.5,2,1237.0,1235.0,1257.5,1235.0,83.0,1035690.0,291
2023-05-10 14:57:53,fb2306,fb2306,1257.5,0.0,0.0,0.0,1,1254.0,1258.0,1,1237.0,1235.0,1257.5,1235.0,83.0,1035690.0,291
2023-05-10 14:58:23,fb2306,fb2306,1257.5,0.0,0.0,0.0,2,1254.5,1258.0,1,1237.0,1235.0,1257.5,1235.0,83.0,1035690.0,291
2023-05-10 14:58:37,fb2306,fb2306,1257.5,0.0,0.0,0.0,1,1254.0,1258.0,1,1237.0,1235.0,1257.5,1235.0,83.0,1035690.0,291
2023-05-10 14:59:06,fb2306,fb2306,1257.5,0.0,0.0,0.0,2,1254.5,1258.0,1,1237.0,1235.0,1257.5,1235.0,83.0,1035690.0,291
2023-05-10 14:59:48,fb2306,fb2306,1258.0,1.0,12580.0,-1.0,5,1258.0,1259.0,39,1237.0,1235.0,1258.0,1235.0,84.0,1048270.0,290
2023-05-10 15:01:14,fb2306,fb2306,1258.0,0.0,0.0,0.0,5,1258.0,1259.0,39,1237.0,1235.0,1258.0,1235.0,84.0,1048270.0,290
