time,symbol_id,symbol_name,last,trade_volume,trade_amount,open_interest_change,bv1,bp1,ap1,av1,yesterday_close,today_open,today_high,today_low,volume,amount,open_interest
2023-05-10 20:59:00,ag2305,ag2305,5770.0,320.0,27696000.0,320.0,4,5670.0,5950.0,2,5770.0,5770.0,5770.0,5770.0,320.0,27696000.0,6682
2023-05-10 21:00:02,ag2305,ag2305,5770.0,0.0,0.0,0.0,4,5670.0,5949.0,2,5770.0,5770.0,5770.0,5770.0,320.0,27696000.0,6682
2023-05-10 21:00:02,ag2305,ag2305,5770.0,0.0,0.0,0.0,2,5671.0,5948.0,2,5770.0,5770.0,5770.0,5770.0,320.0,27696000.0,6682
2023-05-10 21:00:03,ag2305,ag2305,5770.0,0.0,0.0,0.0,4,5755.0,5797.0,2,5770.0,5770.0,5770.0,5770.0,320.0,27696000.0,6682
2023-05-10 21:00:03,ag2305,ag2305,5770.0,0.0,0.0,0.0,4,5791.0,5797.0,2,5770.0,5770.0,5770.0,5770.0,320.0,27696000.0,6682
2023-05-10 21:00:04,ag2305,ag2305,5770.0,0.0,0.0,0.0,4,5791.0,5797.0,2,5770.0,5770.0,5770.0,5770.0,320.0,27696000.0,6682
2023-05-10 21:00:04,ag2305,ag2305,5770.0,0.0,0.0,0.0,2,5745.0,5797.0,2,5770.0,5770.0,5770.0,5770.0,320.0,27696000.0,6682
2023-05-10 21:00:05,ag2305,ag2305,5770.0,0.0,0.0,0.0,4,5789.0,5797.0,2,5770.0,5770.0,5770.0,5770.0,320.0,27696000.0,6682
2023-05-10 21:00:05,ag2305,ag2305,5770.0,0.0,0.0,0.0,4,5789.0,5797.0,2,5770.0,5770.0,5770.0,5770.0,320.0,27696000.0,6682
2023-05-10 21:00:06,ag2305,ag2305,5770.0,0.0,0.0,0.0,4,5789.0,5948.0,2,5770.0,5770.0,5770.0,5770.0,320.0,27696000.0,6682
2023-05-10 21:00:07,ag2305,ag2305,5770.0,0.0,0.0,0.0,4,5789.0,5799.0,2,5770.0,5770.0,5770.0,5770.0,320.0,27696000.0,6682
2023-05-10 21:00:10,ag2305,ag2305,5770.0,0.0,0.0,0.0,4,5789.0,5948.0,2,5770.0,5770.0,5770.0,5770.0,320.0,27696000.0,6682
2023-05-10 21:00:11,ag2305,ag2305,5770.0,0.0,0.0,0.0,4,5789.0,5801.0,2,5770.0,5770.0,5770.0,5770.0,320.0,27696000.0,6682
2023-05-10 21:00:22,ag2305,ag2305,5770.0,0.0,0.0,0.0,2,5745.0,5801.0,2,5770.0,5770.0,5770.0,5770.0,320.0,27696000.0,6682
2023-05-10 21:00:23,ag2305,ag2305,5770.0,0.0,0.0,0.0,4,5754.0,5801.0,2,5770.0,5770.0,5770.0,5770.0,320.0,27696000.0,6682
2023-05-10 21:00:25,ag2305,ag2305,5770.0,0.0,0.0,0.0,4,5754.0,5801.0,2,5770.0,5770.0,5770.0,5770.0,320.0,27696000.0,6682
2023-05-10 21:00:26,ag2305,ag2305,5770.0,0.0,0.0,0.0,2,5754.0,5801.0,2,5770.0,5770.0,5770.0,5770.0,320.0,27696000.0,6682
2023-05-10 21:00:56,ag2305,ag2305,5770.0,0.0,0.0,0.0,2,5754.0,5801.0,2,5770.0,5770.0,5770.0,5770.0,320.0,27696000.0,6682
2023-05-10 21:01:10,ag2305,ag2305,5770.0,0.0,0.0,0.0,2,5754.0,5801.0,2,5770.0,5770.0,5770.0,5770.0,320.0,27696000.0,6682
2023-05-10 21:01:30,ag2305,ag2305,5770.0,0.0,0.0,0.0,2,5740.0,5801.0,2,5770.0,5770.0,5770.0,5770.0,320.0,27696000.0,6682
2023-05-10 21:01:31,ag2305,ag2305,5770.0,0.0,0.0,0.0,2,5741.0,5801.0,2,5770.0,5770.0,5770.0,5770.0,320.0,27696000.0,6682
2023-05-10 21:01:32,ag2305,ag2305,5770.0,0.0,0.0,0.0,4,5750.0,5801.0,2,5770.0,5770.0,5770.0,5770.0,320.0,27696000.0,6682
2023-05-10 21:01:40,ag2305,ag2305,5770.0,0.0,0.0,0.0,2,5751.0,5801.0,2,5770.0,5770.0,5770.0,5770.0,320.0,27696000.0,6682
2023-05-10 21:01:41,ag2305,ag2305,5770.0,0.0,0.0,0.0,4,5753.0,5801.0,2,5770.0,5770.0,5770.0,5770.0,320.0,27696000.0,6682
2023-05-10 21:01:46,ag2305,ag2305,5770.0,0.0,0.0,0.0,2,5754.0,5801.0,2,5770.0,5770.0,5770.0,5770.0,320.0,27696000.0,6682
2023-05-10 21:03:03,ag2305,ag2305,5770.0,0.0,0.0,0.0,2,5754.0,5801.0,2,5770.0,5770.0,5770.0,5770.0,320.0,27696000.0,6682
2023-05-10 21:03:26,ag2305,ag2305,5770.0,0.0,0.0,0.0,4,5791.0,5801.0,2,5770.0,5770.0,5770.0,5770.0,320.0,27696000.0,6682
2023-05-10 21:03:27,ag2305,ag2305,5770.0,0.0,0.0,0.0,4,5791.0,5801.0,2,5770.0,5770.0,5770.0,5770.0,320.0,27696000.0,6682
2023-05-10 21:03:34,ag2305,ag2305,5770.0,0.0,0.0,0.0,4,5792.0,5801.0,2,5770.0,5770.0,5770.0,5770.0,320.0,27696000.0,6682
2023-05-10 21:03:41,ag2305,ag2305,5770.0,0.0,0.0,0.0,4,5791.0,5801.0,2,5770.0,5770.0,5770.0,5770.0,320.0,27696000.0,6682
2023-05-10 21:03:44,ag2305,ag2305,5770.0,0.0,0.0,0.0,4,5792.0,5801.0,2,5770.0,5770.0,5770.0,5770.0,320.0,27696000.0,6682
2023-05-10 21:03:51,ag2305,ag2305,5770.0,0.0,0.0,0.0,4,5792.0,5801.0,2,5770.0,5770.0,5770.0,5770.0,320.0,27696000.0,6682
2023-05-10 21:03:52,ag2305,ag2305,5770.0,0.0,0.0,0.0,4,5793.0,5801.0,2,5770.0,5770.0,5770.0,5770.0,320.0,27696000.0,6682
2023-05-10 21:03:56,ag2305,ag2305,5770.0,0.0,0.0,0.0,2,5751.0,5801.0,2,5770.0,5770.0,5770.0,5770.0,320.0,27696000.0,6682
2023-05-10 21:03:57,ag2305,ag2305,5770.0,0.0,0.0,0.0,4,5792.0,5801.0,2,5770.0,5770.0,5770.0,5770.0,320.0,27696000.0,6682
2023-05-10 21:03:57,ag2305,ag2305,5770.0,0.0,0.0,0.0,4,5792.0,5801.0,2,5770.0,5770.0,5770.0,5770.0,320.0,27696000.0,6682
2023-05-10 21:04:03,ag2305,ag2305,5770.0,0.0,0.0,0.0,2,5801.0,5854.0,2,5770.0,5770.0,5770.0,5770.0,320.0,27696000.0,6682
2023-05-10 21:04:04,ag2305,ag2305,5770.0,0.0,0.0,0.0,4,5792.0,5803.0,2,5770.0,5770.0,5770.0,5770.0,320.0,27696000.0,6682
2023-05-10 21:04:04,ag2305,ag2305,5770.0,0.0,0.0,0.0,4,5795.0,5803.0,2,5770.0,5770.0,5770.0,5770.0,320.0,27696000.0,6682
2023-05-10 21:04:06,ag2305,ag2305,5770.0,0.0,0.0,0.0,2,5803.0,5854.0,2,5770.0,5770.0,5770.0,5770.0,320.0,27696000.0,6682
2023-05-10 21:04:06,ag2305,ag2305,5770.0,0.0,0.0,0.0,4,5795.0,5805.0,2,5770.0,5770.0,5770.0,5770.0,320.0,27696000.0,6682
2023-05-10 21:04:07,ag2305,ag2305,5770.0,0.0,0.0,0.0,4,5798.0,5805.0,2,5770.0,5770.0,5770.0,5770.0,320.0,27696000.0,6682
2023-05-10 21:04:08,ag2305,ag2305,5770.0,0.0,0.0,0.0,4,5795.0,5805.0,2,5770.0,5770.0,5770.0,5770.0,320.0,27696000.0,6682
2023-05-10 21:04:08,ag2305,ag2305,5770.0,0.0,0.0,0.0,4,5797.0,5805.0,2,5770.0,5770.0,5770.0,5770.0,320.0,27696000.0,6682
2023-05-10 21:04:09,ag2305,ag2305,5770.0,0.0,0.0,0.0,4,5795.0,5805.0,2,5770.0,5770.0,5770.0,5770.0,320.0,27696000.0,6682
2023-05-10 21:04:10,ag2305,ag2305,5770.0,0.0,0.0,0.0,4,5795.0,5804.0,4,5770.0,5770.0,5770.0,5770.0,320.0,27696000.0,6682
2023-05-10 21:04:10,ag2305,ag2305,5770.0,0.0,0.0,0.0,4,5795.0,5803.0,2,5770.0,5770.0,5770.0,5770.0,320.0,27696000.0,6682
2023-05-10 21:04:14,ag2305,ag2305,5770.0,0.0,0.0,0.0,2,5752.0,5803.0,2,5770.0,5770.0,5770.0,5770.0,320.0,27696000.0,6682
2023-05-10 21:04:15,ag2305,ag2305,5770.0,0.0,0.0,0.0,4,5794.0,5803.0,2,5770.0,5770.0,5770.0,5770.0,320.0,27696000.0,6682
2023-05-10 21:04:15,ag2305,ag2305,5770.0,0.0,0.0,0.0,4,5794.0,5803.0,2,5770.0,5770.0,5770.0,5770.0,320.0,27696000.0,6682
2023-05-10 21:04:16,ag2305,ag2305,5770.0,0.0,0.0,0.0,2,5752.0,5803.0,2,5770.0,5770.0,5770.0,5770.0,320.0,27696000.0,6682
2023-05-10 21:04:16,ag2305,ag2305,5770.0,0.0,0.0,0.0,4,5793.0,5803.0,2,5770.0,5770.0,5770.0,5770.0,320.0,27696000.0,6682
2023-05-10 21:04:17,ag2305,ag2305,5770.0,0.0,0.0,0.0,4,5793.0,5803.0,2,5770.0,5770.0,5770.0,5770.0,320.0,27696000.0,6682
2023-05-10 21:04:32,ag2305,ag2305,5770.0,0.0,0.0,0.0,4,5793.0,5803.0,2,5770.0,5770.0,5770.0,5770.0,320.0,27696000.0,6682
2023-05-10 21:04:32,ag2305,ag2305,5770.0,0.0,0.0,0.0,4,5797.0,5803.0,2,5770.0,5770.0,5770.0,5770.0,320.0,27696000.0,6682
2023-05-10 21:04:36,ag2305,ag2305,5770.0,0.0,0.0,0.0,2,5803.0,5854.0,2,5770.0,5770.0,5770.0,5770.0,320.0,27696000.0,6682
2023-05-10 21:04:37,ag2305,ag2305,5770.0,0.0,0.0,0.0,4,5797.0,5805.0,2,5770.0,5770.0,5770.0,5770.0,320.0,27696000.0,6682
2023-05-10 21:04:45,ag2305,ag2305,5770.0,0.0,0.0,0.0,4,5797.0,5805.0,2,5770.0,5770.0,5770.0,5770.0,320.0,27696000.0,6682
2023-05-10 21:04:58,ag2305,ag2305,5770.0,0.0,0.0,0.0,2,5752.0,5805.0,2,5770.0,5770.0,5770.0,5770.0,320.0,27696000.0,6682
2023-05-10 21:04:58,ag2305,ag2305,5770.0,0.0,0.0,0.0,4,5797.0,5805.0,2,5770.0,5770.0,5770.0,5770.0,320.0,27696000.0,6682
2023-05-10 21:04:59,ag2305,ag2305,5770.0,0.0,0.0,0.0,4,5797.0,5805.0,2,5770.0,5770.0,5770.0,5770.0,320.0,27696000.0,6682
2023-05-10 21:05:01,ag2305,ag2305,5770.0,0.0,0.0,0.0,2,5752.0,5805.0,2,5770.0,5770.0,5770.0,5770.0,320.0,27696000.0,6682
2023-05-10 21:05:01,ag2305,ag2305,5770.0,0.0,0.0,0.0,4,5796.0,5805.0,2,5770.0,5770.0,5770.0,5770.0,320.0,27696000.0,6682
2023-05-10 21:05:02,ag2305,ag2305,5770.0,0.0,0.0,0.0,4,5796.0,5805.0,2,5770.0,5770.0,5770.0,5770.0,320.0,27696000.0,6682
2023-05-10 21:05:02,ag2305,ag2305,5770.0,0.0,0.0,0.0,2,5752.0,5805.0,2,5770.0,5770.0,5770.0,5770.0,320.0,27696000.0,6682
2023-05-10 21:05:03,ag2305,ag2305,5770.0,0.0,0.0,0.0,4,5795.0,5805.0,2,5770.0,5770.0,5770.0,5770.0,320.0,27696000.0,6682
2023-05-10 21:05:03,ag2305,ag2305,5770.0,0.0,0.0,0.0,4,5795.0,5804.0,4,5770.0,5770.0,5770.0,5770.0,320.0,27696000.0,6682
2023-05-10 21:05:04,ag2305,ag2305,5770.0,0.0,0.0,0.0,4,5795.0,5802.0,2,5770.0,5770.0,5770.0,5770.0,320.0,27696000.0,6682
2023-05-10 21:05:05,ag2305,ag2305,5770.0,0.0,0.0,0.0,2,5752.0,5802.0,2,5770.0,5770.0,5770.0,5770.0,320.0,27696000.0,6682
2023-05-10 21:05:06,ag2305,ag2305,5770.0,0.0,0.0,0.0,4,5794.0,5802.0,2,5770.0,5770.0,5770.0,5770.0,320.0,27696000.0,6682
2023-05-10 21:05:06,ag2305,ag2305,5770.0,0.0,0.0,0.0,4,5794.0,5802.0,2,5770.0,5770.0,5770.0,5770.0,320.0,27696000.0,6682
2023-05-10 21:05:28,ag2305,ag2305,5770.0,0.0,0.0,0.0,4,5794.0,5802.0,2,5770.0,5770.0,5770.0,5770.0,320.0,27696000.0,6682
2023-05-10 21:05:29,ag2305,ag2305,5770.0,0.0,0.0,0.0,4,5795.0,5802.0,2,5770.0,5770.0,5770.0,5770.0,320.0,27696000.0,6682
2023-05-10 21:05:31,ag2305,ag2305,5770.0,0.0,0.0,0.0,4,5795.0,5802.0,2,5770.0,5770.0,5770.0,5770.0,320.0,27696000.0,6682
2023-05-10 21:05:31,ag2305,ag2305,5770.0,0.0,0.0,0.0,4,5796.0,5802.0,2,5770.0,5770.0,5770.0,5770.0,320.0,27696000.0,6682
2023-05-10 21:05:32,ag2305,ag2305,5770.0,0.0,0.0,0.0,2,5802.0,5854.0,2,5770.0,5770.0,5770.0,5770.0,320.0,27696000.0,6682
2023-05-10 21:05:32,ag2305,ag2305,5770.0,0.0,0.0,0.0,4,5796.0,5804.0,2,5770.0,5770.0,5770.0,5770.0,320.0,27696000.0,6682
2023-05-10 21:05:38,ag2305,ag2305,5770.0,0.0,0.0,0.0,4,5796.0,5854.0,2,5770.0,5770.0,5770.0,5770.0,320.0,27696000.0,6682
2023-05-10 21:05:38,ag2305,ag2305,5770.0,0.0,0.0,0.0,4,5796.0,5806.0,2,5770.0,5770.0,5770.0,5770.0,320.0,27696000.0,6682
2023-05-10 21:05:54,ag2305,ag2305,5770.0,0.0,0.0,0.0,4,5796.0,5806.0,2,5770.0,5770.0,5770.0,5770.0,320.0,27696000.0,6682
2023-05-10 21:05:56,ag2305,ag2305,5770.0,0.0,0.0,0.0,2,5752.0,5806.0,2,5770.0,5770.0,5770.0,5770.0,320.0,27696000.0,6682
2023-05-10 21:05:57,ag2305,ag2305,5770.0,0.0,0.0,0.0,4,5763.0,5806.0,2,5770.0,5770.0,5770.0,5770.0,320.0,27696000.0,6682
2023-05-10 21:05:57,ag2305,ag2305,5770.0,0.0,0.0,0.0,4,5797.0,5806.0,2,5770.0,5770.0,5770.0,5770.0,320.0,27696000.0,6682
2023-05-10 21:05:58,ag2305,ag2305,5770.0,0.0,0.0,0.0,2,5752.0,5806.0,2,5770.0,5770.0,5770.0,5770.0,320.0,27696000.0,6682
2023-05-10 21:05:58,ag2305,ag2305,5770.0,0.0,0.0,0.0,4,5797.0,5806.0,2,5770.0,5770.0,5770.0,5770.0,320.0,27696000.0,6682
2023-05-10 21:05:59,ag2305,ag2305,5770.0,0.0,0.0,0.0,4,5797.0,5806.0,2,5770.0,5770.0,5770.0,5770.0,320.0,27696000.0,6682
2023-05-10 21:06:08,ag2305,ag2305,5770.0,0.0,0.0,0.0,2,5752.0,5806.0,2,5770.0,5770.0,5770.0,5770.0,320.0,27696000.0,6682
2023-05-10 21:06:09,ag2305,ag2305,5770.0,0.0,0.0,0.0,4,5762.0,5806.0,2,5770.0,5770.0,5770.0,5770.0,320.0,27696000.0,6682
2023-05-10 21:06:13,ag2305,ag2305,5770.0,0.0,0.0,0.0,2,5752.0,5806.0,2,5770.0,5770.0,5770.0,5770.0,320.0,27696000.0,6682
2023-05-10 21:06:13,ag2305,ag2305,5770.0,0.0,0.0,0.0,2,5761.0,5806.0,2,5770.0,5770.0,5770.0,5770.0,320.0,27696000.0,6682
2023-05-10 21:06:57,ag2305,ag2305,5770.0,0.0,0.0,0.0,2,5751.0,5806.0,2,5770.0,5770.0,5770.0,5770.0,320.0,27696000.0,6682
2023-05-10 21:06:57,ag2305,ag2305,5770.0,0.0,0.0,0.0,4,5757.0,5806.0,2,5770.0,5770.0,5770.0,5770.0,320.0,27696000.0,6682
2023-05-10 21:07:01,ag2305,ag2305,5770.0,0.0,0.0,0.0,2,5758.0,5806.0,2,5770.0,5770.0,5770.0,5770.0,320.0,27696000.0,6682
2023-05-10 21:07:30,ag2305,ag2305,5770.0,0.0,0.0,0.0,2,5751.0,5806.0,2,5770.0,5770.0,5770.0,5770.0,320.0,27696000.0,6682
2023-05-10 21:07:31,ag2305,ag2305,5770.0,0.0,0.0,0.0,4,5754.0,5806.0,2,5770.0,5770.0,5770.0,5770.0,320.0,27696000.0,6682
2023-05-10 21:07:41,ag2305,ag2305,5770.0,0.0,0.0,0.0,4,5754.0,5806.0,2,5770.0,5770.0,5770.0,5770.0,320.0,27696000.0,6682
2023-05-10 21:08:00,ag2305,ag2305,5770.0,0.0,0.0,0.0,2,5751.0,5806.0,2,5770.0,5770.0,5770.0,5770.0,320.0,27696000.0,6682
2023-05-10 21:08:00,ag2305,ag2305,5770.0,0.0,0.0,0.0,4,5752.0,5806.0,2,5770.0,5770.0,5770.0,5770.0,320.0,27696000.0,6682
2023-05-10 21:08:11,ag2305,ag2305,5770.0,0.0,0.0,0.0,2,5751.0,5806.0,2,5770.0,5770.0,5770.0,5770.0,320.0,27696000.0,6682
2023-05-10 21:08:15,ag2305,ag2305,5770.0,0.0,0.0,0.0,2,5751.0,5806.0,2,5770.0,5770.0,5770.0,5770.0,320.0,27696000.0,6682
2023-05-10 21:08:38,ag2305,ag2305,5770.0,0.0,0.0,0.0,2,5741.0,5806.0,2,5770.0,5770.0,5770.0,5770.0,320.0,27696000.0,6682
2023-05-10 21:08:38,ag2305,ag2305,5770.0,0.0,0.0,0.0,4,5743.0,5806.0,2,5770.0,5770.0,5770.0,5770.0,320.0,27696000.0,6682
2023-05-10 21:08:45,ag2305,ag2305,5770.0,0.0,0.0,0.0,2,5744.0,5806.0,2,5770.0,5770.0,5770.0,5770.0,320.0,27696000.0,6682
2023-05-10 21:08:47,ag2305,ag2305,5770.0,0.0,0.0,0.0,2,5741.0,5806.0,2,5770.0,5770.0,5770.0,5770.0,320.0,27696000.0,6682
2023-05-10 21:08:47,ag2305,ag2305,5770.0,0.0,0.0,0.0,6,5741.0,5806.0,2,5770.0,5770.0,5770.0,5770.0,320.0,27696000.0,6682
2023-05-10 21:09:02,ag2305,ag2305,5770.0,0.0,0.0,0.0,4,5746.0,5806.0,2,5770.0,5770.0,5770.0,5770.0,320.0,27696000.0,6682
2023-05-10 21:09:03,ag2305,ag2305,5770.0,0.0,0.0,0.0,2,5741.0,5806.0,2,5770.0,5770.0,5770.0,5770.0,320.0,27696000.0,6682
2023-05-10 21:09:04,ag2305,ag2305,5770.0,0.0,0.0,0.0,2,5745.0,5806.0,2,5770.0,5770.0,5770.0,5770.0,320.0,27696000.0,6682
2023-05-10 21:09:12,ag2305,ag2305,5770.0,0.0,0.0,0.0,2,5741.0,5806.0,2,5770.0,5770.0,5770.0,5770.0,320.0,27696000.0,6682
2023-05-10 21:09:13,ag2305,ag2305,5770.0,0.0,0.0,0.0,6,5741.0,5806.0,2,5770.0,5770.0,5770.0,5770.0,320.0,27696000.0,6682
2023-05-10 21:09:37,ag2305,ag2305,5770.0,0.0,0.0,0.0,2,5743.0,5806.0,2,5770.0,5770.0,5770.0,5770.0,320.0,27696000.0,6682
2023-05-10 21:09:58,ag2305,ag2305,5770.0,0.0,0.0,0.0,2,5741.0,5806.0,2,5770.0,5770.0,5770.0,5770.0,320.0,27696000.0,6682
2023-05-10 21:10:10,ag2305,ag2305,5770.0,0.0,0.0,0.0,6,5741.0,5806.0,2,5770.0,5770.0,5770.0,5770.0,320.0,27696000.0,6682
2023-05-10 21:10:37,ag2305,ag2305,5770.0,0.0,0.0,0.0,2,5744.0,5806.0,2,5770.0,5770.0,5770.0,5770.0,320.0,27696000.0,6682
2023-05-10 21:10:58,ag2305,ag2305,5770.0,0.0,0.0,0.0,2,5744.0,5806.0,2,5770.0,5770.0,5770.0,5770.0,320.0,27696000.0,6682
2023-05-10 21:11:48,ag2305,ag2305,5770.0,0.0,0.0,0.0,2,5744.0,5806.0,2,5770.0,5770.0,5770.0,5770.0,320.0,27696000.0,6682
2023-05-10 21:14:48,ag2305,ag2305,5770.0,0.0,0.0,0.0,2,5741.0,5806.0,2,5770.0,5770.0,5770.0,5770.0,320.0,27696000.0,6682
2023-05-10 21:14:58,ag2305,ag2305,5770.0,0.0,0.0,0.0,6,5741.0,5806.0,2,5770.0,5770.0,5770.0,5770.0,320.0,27696000.0,6682
2023-05-10 21:15:41,ag2305,ag2305,5770.0,0.0,0.0,0.0,2,5741.0,5806.0,2,5770.0,5770.0,5770.0,5770.0,320.0,27696000.0,6682
2023-05-10 21:15:41,ag2305,ag2305,5770.0,0.0,0.0,0.0,2,5741.0,5775.0,2,5770.0,5770.0,5770.0,5770.0,320.0,27696000.0,6682
2023-05-10 21:15:42,ag2305,ag2305,5770.0,0.0,0.0,0.0,2,5766.0,5854.0,2,5770.0,5770.0,5770.0,5770.0,320.0,27696000.0,6682
2023-05-10 21:15:42,ag2305,ag2305,5770.0,0.0,0.0,0.0,2,5766.0,5777.0,2,5770.0,5770.0,5770.0,5770.0,320.0,27696000.0,6682
2023-05-10 21:15:43,ag2305,ag2305,5770.0,0.0,0.0,0.0,2,5777.0,5854.0,2,5770.0,5770.0,5770.0,5770.0,320.0,27696000.0,6682
2023-05-10 21:15:43,ag2305,ag2305,5770.0,0.0,0.0,0.0,2,5741.0,5779.0,2,5770.0,5770.0,5770.0,5770.0,320.0,27696000.0,6682
2023-05-10 21:15:44,ag2305,ag2305,5770.0,0.0,0.0,0.0,2,5769.0,5779.0,2,5770.0,5770.0,5770.0,5770.0,320.0,27696000.0,6682
2023-05-10 21:15:44,ag2305,ag2305,5770.0,0.0,0.0,0.0,2,5741.0,5779.0,2,5770.0,5770.0,5770.0,5770.0,320.0,27696000.0,6682
2023-05-10 21:16:08,ag2305,ag2305,5770.0,0.0,0.0,0.0,2,5769.0,5779.0,2,5770.0,5770.0,5770.0,5770.0,320.0,27696000.0,6682
2023-05-10 21:16:12,ag2305,ag2305,5770.0,0.0,0.0,0.0,2,5769.0,5854.0,2,5770.0,5770.0,5770.0,5770.0,320.0,27696000.0,6682
2023-05-10 21:16:13,ag2305,ag2305,5770.0,0.0,0.0,0.0,2,5769.0,5781.0,2,5770.0,5770.0,5770.0,5770.0,320.0,27696000.0,6682
2023-05-10 21:16:19,ag2305,ag2305,5770.0,0.0,0.0,0.0,2,5741.0,5781.0,2,5770.0,5770.0,5770.0,5770.0,320.0,27696000.0,6682
2023-05-10 21:17:14,ag2305,ag2305,5770.0,0.0,0.0,0.0,2,5725.0,5781.0,2,5770.0,5770.0,5770.0,5770.0,320.0,27696000.0,6682
2023-05-10 21:17:14,ag2305,ag2305,5770.0,0.0,0.0,0.0,4,5733.0,5781.0,2,5770.0,5770.0,5770.0,5770.0,320.0,27696000.0,6682
2023-05-10 21:17:47,ag2305,ag2305,5770.0,0.0,0.0,0.0,2,5734.0,5781.0,2,5770.0,5770.0,5770.0,5770.0,320.0,27696000.0,6682
2023-05-10 21:17:56,ag2305,ag2305,5770.0,0.0,0.0,0.0,2,5734.0,5781.0,2,5770.0,5770.0,5770.0,5770.0,320.0,27696000.0,6682
2023-05-10 21:18:40,ag2305,ag2305,5770.0,0.0,0.0,0.0,2,5735.0,5781.0,2,5770.0,5770.0,5770.0,5770.0,320.0,27696000.0,6682
2023-05-10 21:18:40,ag2305,ag2305,5770.0,0.0,0.0,0.0,4,5737.0,5781.0,2,5770.0,5770.0,5770.0,5770.0,320.0,27696000.0,6682
2023-05-10 21:18:44,ag2305,ag2305,5770.0,0.0,0.0,0.0,2,5738.0,5781.0,2,5770.0,5770.0,5770.0,5770.0,320.0,27696000.0,6682
2023-05-10 21:19:48,ag2305,ag2305,5770.0,0.0,0.0,0.0,2,5771.0,5781.0,2,5770.0,5770.0,5770.0,5770.0,320.0,27696000.0,6682
2023-05-10 21:19:48,ag2305,ag2305,5770.0,0.0,0.0,0.0,2,5771.0,5781.0,2,5770.0,5770.0,5770.0,5770.0,320.0,27696000.0,6682
2023-05-10 21:19:51,ag2305,ag2305,5770.0,0.0,0.0,0.0,2,5735.0,5781.0,2,5770.0,5770.0,5770.0,5770.0,320.0,27696000.0,6682
2023-05-10 21:19:52,ag2305,ag2305,5770.0,0.0,0.0,0.0,4,5739.0,5781.0,2,5770.0,5770.0,5770.0,5770.0,320.0,27696000.0,6682
2023-05-10 21:20:10,ag2305,ag2305,5770.0,0.0,0.0,0.0,2,5735.0,5781.0,2,5770.0,5770.0,5770.0,5770.0,320.0,27696000.0,6682
2023-05-10 21:20:10,ag2305,ag2305,5770.0,0.0,0.0,0.0,2,5738.0,5781.0,2,5770.0,5770.0,5770.0,5770.0,320.0,27696000.0,6682
2023-05-10 21:20:29,ag2305,ag2305,5770.0,0.0,0.0,0.0,2,5771.0,5781.0,2,5770.0,5770.0,5770.0,5770.0,320.0,27696000.0,6682
2023-05-10 21:20:29,ag2305,ag2305,5770.0,0.0,0.0,0.0,2,5771.0,5781.0,2,5770.0,5770.0,5770.0,5770.0,320.0,27696000.0,6682
2023-05-10 21:20:46,ag2305,ag2305,5770.0,0.0,0.0,0.0,2,5781.0,5854.0,2,5770.0,5770.0,5770.0,5770.0,320.0,27696000.0,6682
2023-05-10 21:20:47,ag2305,ag2305,5770.0,0.0,0.0,0.0,2,5735.0,5783.0,2,5770.0,5770.0,5770.0,5770.0,320.0,27696000.0,6682
2023-05-10 21:20:47,ag2305,ag2305,5770.0,0.0,0.0,0.0,2,5773.0,5783.0,2,5770.0,5770.0,5770.0,5770.0,320.0,27696000.0,6682
2023-05-10 21:20:48,ag2305,ag2305,5770.0,0.0,0.0,0.0,2,5773.0,5783.0,2,5770.0,5770.0,5770.0,5770.0,320.0,27696000.0,6682
2023-05-10 21:20:50,ag2305,ag2305,5770.0,0.0,0.0,0.0,2,5773.0,5783.0,2,5770.0,5770.0,5770.0,5770.0,320.0,27696000.0,6682
2023-05-10 21:20:50,ag2305,ag2305,5770.0,0.0,0.0,0.0,2,5783.0,5854.0,2,5770.0,5770.0,5770.0,5770.0,320.0,27696000.0,6682
2023-05-10 21:20:51,ag2305,ag2305,5770.0,0.0,0.0,0.0,2,5735.0,5785.0,2,5770.0,5770.0,5770.0,5770.0,320.0,27696000.0,6682
2023-05-10 21:20:51,ag2305,ag2305,5770.0,0.0,0.0,0.0,4,5744.0,5785.0,2,5770.0,5770.0,5770.0,5770.0,320.0,27696000.0,6682
2023-05-10 21:20:52,ag2305,ag2305,5770.0,0.0,0.0,0.0,2,5775.0,5785.0,2,5770.0,5770.0,5770.0,5770.0,320.0,27696000.0,6682
2023-05-10 21:20:52,ag2305,ag2305,5770.0,0.0,0.0,0.0,2,5735.0,5785.0,6,5770.0,5770.0,5770.0,5770.0,320.0,27696000.0,6682
2023-05-10 21:20:53,ag2305,ag2305,5770.0,0.0,0.0,0.0,4,5743.0,5785.0,6,5770.0,5770.0,5770.0,5770.0,320.0,27696000.0,6682
2023-05-10 21:20:54,ag2305,ag2305,5770.0,0.0,0.0,0.0,4,5743.0,5785.0,2,5770.0,5770.0,5770.0,5770.0,320.0,27696000.0,6682
2023-05-10 21:20:55,ag2305,ag2305,5770.0,0.0,0.0,0.0,2,5775.0,5785.0,2,5770.0,5770.0,5770.0,5770.0,320.0,27696000.0,6682
2023-05-10 21:20:55,ag2305,ag2305,5770.0,0.0,0.0,0.0,2,5775.0,5785.0,2,5770.0,5770.0,5770.0,5770.0,320.0,27696000.0,6682
2023-05-10 21:21:01,ag2305,ag2305,5770.0,0.0,0.0,0.0,2,5735.0,5785.0,6,5770.0,5770.0,5770.0,5770.0,320.0,27696000.0,6682
2023-05-10 21:21:01,ag2305,ag2305,5770.0,0.0,0.0,0.0,4,5743.0,5785.0,6,5770.0,5770.0,5770.0,5770.0,320.0,27696000.0,6682
2023-05-10 21:21:07,ag2305,ag2305,5770.0,0.0,0.0,0.0,4,5743.0,5784.0,4,5770.0,5770.0,5770.0,5770.0,320.0,27696000.0,6682
2023-05-10 21:21:08,ag2305,ag2305,5770.0,0.0,0.0,0.0,4,5743.0,5783.0,2,5770.0,5770.0,5770.0,5770.0,320.0,27696000.0,6682
2023-05-10 21:21:08,ag2305,ag2305,5770.0,0.0,0.0,0.0,2,5773.0,5783.0,2,5770.0,5770.0,5770.0,5770.0,320.0,27696000.0,6682
2023-05-10 21:21:09,ag2305,ag2305,5770.0,0.0,0.0,0.0,2,5773.0,5783.0,2,5770.0,5770.0,5770.0,5770.0,320.0,27696000.0,6682
2023-05-10 21:21:11,ag2305,ag2305,5770.0,0.0,0.0,0.0,2,5773.0,5788.0,4,5770.0,5770.0,5770.0,5770.0,320.0,27696000.0,6682
2023-05-10 21:21:12,ag2305,ag2305,5770.0,0.0,0.0,0.0,2,5773.0,5785.0,6,5770.0,5770.0,5770.0,5770.0,320.0,27696000.0,6682
2023-05-10 21:21:14,ag2305,ag2305,5770.0,0.0,0.0,0.0,2,5773.0,5785.0,2,5770.0,5770.0,5770.0,5770.0,320.0,27696000.0,6682
2023-05-10 21:21:14,ag2305,ag2305,5770.0,0.0,0.0,0.0,2,5785.0,5854.0,2,5770.0,5770.0,5770.0,5770.0,320.0,27696000.0,6682
2023-05-10 21:21:15,ag2305,ag2305,5770.0,0.0,0.0,0.0,2,5735.0,5787.0,6,5770.0,5770.0,5770.0,5770.0,320.0,27696000.0,6682
2023-05-10 21:21:15,ag2305,ag2305,5770.0,0.0,0.0,0.0,4,5745.0,5786.0,4,5770.0,5770.0,5770.0,5770.0,320.0,27696000.0,6682
2023-05-10 21:21:16,ag2305,ag2305,5770.0,0.0,0.0,0.0,4,5745.0,5785.0,2,5770.0,5770.0,5770.0,5770.0,320.0,27696000.0,6682
2023-05-10 21:21:16,ag2305,ag2305,5770.0,0.0,0.0,0.0,2,5775.0,5785.0,2,5770.0,5770.0,5770.0,5770.0,320.0,27696000.0,6682
2023-05-10 21:21:17,ag2305,ag2305,5770.0,0.0,0.0,0.0,2,5775.0,5785.0,2,5770.0,5770.0,5770.0,5770.0,320.0,27696000.0,6682
2023-05-10 21:21:40,ag2305,ag2305,5770.0,0.0,0.0,0.0,2,5775.0,5785.0,2,5770.0,5770.0,5770.0,5770.0,320.0,27696000.0,6682
2023-05-10 21:21:41,ag2305,ag2305,5770.0,0.0,0.0,0.0,2,5735.0,5785.0,2,5770.0,5770.0,5770.0,5770.0,320.0,27696000.0,6682
2023-05-10 21:21:42,ag2305,ag2305,5770.0,0.0,0.0,0.0,2,5775.0,5785.0,2,5770.0,5770.0,5770.0,5770.0,320.0,27696000.0,6682
2023-05-10 21:21:42,ag2305,ag2305,5770.0,0.0,0.0,0.0,2,5775.0,5785.0,2,5770.0,5770.0,5770.0,5770.0,320.0,27696000.0,6682
2023-05-10 21:21:47,ag2305,ag2305,5770.0,0.0,0.0,0.0,2,5735.0,5785.0,6,5770.0,5770.0,5770.0,5770.0,320.0,27696000.0,6682
2023-05-10 21:21:47,ag2305,ag2305,5770.0,0.0,0.0,0.0,4,5743.0,5785.0,6,5770.0,5770.0,5770.0,5770.0,320.0,27696000.0,6682
2023-05-10 21:21:48,ag2305,ag2305,5770.0,0.0,0.0,0.0,4,5743.0,5785.0,2,5770.0,5770.0,5770.0,5770.0,320.0,27696000.0,6682
2023-05-10 21:21:49,ag2305,ag2305,5770.0,0.0,0.0,0.0,2,5744.0,5785.0,2,5770.0,5770.0,5770.0,5770.0,320.0,27696000.0,6682
2023-05-10 21:21:50,ag2305,ag2305,5770.0,0.0,0.0,0.0,2,5775.0,5785.0,2,5770.0,5770.0,5770.0,5770.0,320.0,27696000.0,6682
2023-05-10 21:21:50,ag2305,ag2305,5770.0,0.0,0.0,0.0,2,5775.0,5785.0,2,5770.0,5770.0,5770.0,5770.0,320.0,27696000.0,6682
2023-05-10 21:21:58,ag2305,ag2305,5770.0,0.0,0.0,0.0,2,5735.0,5785.0,6,5770.0,5770.0,5770.0,5770.0,320.0,27696000.0,6682
2023-05-10 21:21:59,ag2305,ag2305,5770.0,0.0,0.0,0.0,4,5743.0,5785.0,6,5770.0,5770.0,5770.0,5770.0,320.0,27696000.0,6682
2023-05-10 21:22:13,ag2305,ag2305,5770.0,0.0,0.0,0.0,4,5743.0,5784.0,4,5770.0,5770.0,5770.0,5770.0,320.0,27696000.0,6682
2023-05-10 21:22:14,ag2305,ag2305,5770.0,0.0,0.0,0.0,4,5743.0,5783.0,2,5770.0,5770.0,5770.0,5770.0,320.0,27696000.0,6682
2023-05-10 21:22:14,ag2305,ag2305,5770.0,0.0,0.0,0.0,2,5773.0,5783.0,2,5770.0,5770.0,5770.0,5770.0,320.0,27696000.0,6682
2023-05-10 21:22:15,ag2305,ag2305,5770.0,0.0,0.0,0.0,2,5735.0,5783.0,6,5770.0,5770.0,5770.0,5770.0,320.0,27696000.0,6682
2023-05-10 21:22:15,ag2305,ag2305,5770.0,0.0,0.0,0.0,4,5741.0,5783.0,2,5770.0,5770.0,5770.0,5770.0,320.0,27696000.0,6682
2023-05-10 21:22:16,ag2305,ag2305,5770.0,0.0,0.0,0.0,2,5773.0,5783.0,2,5770.0,5770.0,5770.0,5770.0,320.0,27696000.0,6682
2023-05-10 21:22:16,ag2305,ag2305,5770.0,0.0,0.0,0.0,2,5773.0,5783.0,2,5770.0,5770.0,5770.0,5770.0,320.0,27696000.0,6682
2023-05-10 21:22:17,ag2305,ag2305,5770.0,0.0,0.0,0.0,2,5735.0,5783.0,6,5770.0,5770.0,5770.0,5770.0,320.0,27696000.0,6682
2023-05-10 21:22:17,ag2305,ag2305,5770.0,0.0,0.0,0.0,4,5741.0,5783.0,4,5770.0,5770.0,5770.0,5770.0,320.0,27696000.0,6682
2023-05-10 21:22:18,ag2305,ag2305,5770.0,0.0,0.0,0.0,4,5741.0,5783.0,6,5770.0,5770.0,5770.0,5770.0,320.0,27696000.0,6682
2023-05-10 21:22:20,ag2305,ag2305,5770.0,0.0,0.0,0.0,4,5741.0,5783.0,2,5770.0,5770.0,5770.0,5770.0,320.0,27696000.0,6682
2023-05-10 21:22:21,ag2305,ag2305,5770.0,0.0,0.0,0.0,4,5741.0,5782.0,4,5770.0,5770.0,5770.0,5770.0,320.0,27696000.0,6682
2023-05-10 21:22:21,ag2305,ag2305,5770.0,0.0,0.0,0.0,4,5741.0,5781.0,2,5770.0,5770.0,5770.0,5770.0,320.0,27696000.0,6682
2023-05-10 21:22:22,ag2305,ag2305,5770.0,0.0,0.0,0.0,2,5771.0,5781.0,2,5770.0,5770.0,5770.0,5770.0,320.0,27696000.0,6682
2023-05-10 21:22:22,ag2305,ag2305,5770.0,0.0,0.0,0.0,2,5771.0,5781.0,2,5770.0,5770.0,5770.0,5770.0,320.0,27696000.0,6682
2023-05-10 21:22:28,ag2305,ag2305,5770.0,0.0,0.0,0.0,2,5771.0,5854.0,2,5770.0,5770.0,5770.0,5770.0,320.0,27696000.0,6682
2023-05-10 21:22:29,ag2305,ag2305,5770.0,0.0,0.0,0.0,2,5771.0,5783.0,6,5770.0,5770.0,5770.0,5770.0,320.0,27696000.0,6682
2023-05-10 21:22:31,ag2305,ag2305,5770.0,0.0,0.0,0.0,2,5771.0,5783.0,2,5770.0,5770.0,5770.0,5770.0,320.0,27696000.0,6682
2023-05-10 21:22:43,ag2305,ag2305,5770.0,0.0,0.0,0.0,2,5771.0,5783.0,6,5770.0,5770.0,5770.0,5770.0,320.0,27696000.0,6682
2023-05-10 21:22:47,ag2305,ag2305,5770.0,0.0,0.0,0.0,2,5735.0,5783.0,6,5770.0,5770.0,5770.0,5770.0,320.0,27696000.0,6682
2023-05-10 21:22:48,ag2305,ag2305,5770.0,0.0,0.0,0.0,4,5741.0,5783.0,6,5770.0,5770.0,5770.0,5770.0,320.0,27696000.0,6682
2023-05-10 21:22:54,ag2305,ag2305,5770.0,0.0,0.0,0.0,4,5741.0,5782.0,4,5770.0,5770.0,5770.0,5770.0,320.0,27696000.0,6682
2023-05-10 21:22:54,ag2305,ag2305,5770.0,0.0,0.0,0.0,4,5741.0,5781.0,2,5770.0,5770.0,5770.0,5770.0,320.0,27696000.0,6682
2023-05-10 21:22:55,ag2305,ag2305,5770.0,0.0,0.0,0.0,4,5741.0,5781.0,6,5770.0,5770.0,5770.0,5770.0,320.0,27696000.0,6682
2023-05-10 21:22:57,ag2305,ag2305,5770.0,0.0,0.0,0.0,4,5741.0,5781.0,2,5770.0,5770.0,5770.0,5770.0,320.0,27696000.0,6682
2023-05-10 21:23:02,ag2305,ag2305,5770.0,0.0,0.0,0.0,2,5771.0,5781.0,2,5770.0,5770.0,5770.0,5770.0,320.0,27696000.0,6682
2023-05-10 21:23:03,ag2305,ag2305,5770.0,0.0,0.0,0.0,2,5771.0,5781.0,2,5770.0,5770.0,5770.0,5770.0,320.0,27696000.0,6682
2023-05-10 21:23:05,ag2305,ag2305,5770.0,0.0,0.0,0.0,2,5735.0,5781.0,6,5770.0,5770.0,5770.0,5770.0,320.0,27696000.0,6682
2023-05-10 21:23:05,ag2305,ag2305,5770.0,0.0,0.0,0.0,4,5739.0,5781.0,6,5770.0,5770.0,5770.0,5770.0,320.0,27696000.0,6682
2023-05-10 21:23:06,ag2305,ag2305,5770.0,0.0,0.0,0.0,4,5739.0,5780.0,4,5770.0,5770.0,5770.0,5770.0,320.0,27696000.0,6682
2023-05-10 21:23:06,ag2305,ag2305,5770.0,0.0,0.0,0.0,4,5739.0,5778.0,2,5770.0,5770.0,5770.0,5770.0,320.0,27696000.0,6682
2023-05-10 21:23:07,ag2305,ag2305,5770.0,0.0,0.0,0.0,2,5768.0,5778.0,2,5770.0,5770.0,5770.0,5770.0,320.0,27696000.0,6682
2023-05-10 21:23:07,ag2305,ag2305,5770.0,0.0,0.0,0.0,2,5768.0,5778.0,2,5770.0,5770.0,5770.0,5770.0,320.0,27696000.0,6682
2023-05-10 21:23:08,ag2305,ag2305,5770.0,0.0,0.0,0.0,2,5735.0,5778.0,6,5770.0,5770.0,5770.0,5770.0,320.0,27696000.0,6682
2023-05-10 21:23:08,ag2305,ag2305,5770.0,0.0,0.0,0.0,4,5737.0,5778.0,2,5770.0,5770.0,5770.0,5770.0,320.0,27696000.0,6682
2023-05-10 21:23:09,ag2305,ag2305,5770.0,0.0,0.0,0.0,2,5768.0,5778.0,2,5770.0,5770.0,5770.0,5770.0,320.0,27696000.0,6682
2023-05-10 21:23:09,ag2305,ag2305,5770.0,0.0,0.0,0.0,2,5768.0,5778.0,2,5770.0,5770.0,5770.0,5770.0,320.0,27696000.0,6682
2023-05-10 21:23:15,ag2305,ag2305,5770.0,0.0,0.0,0.0,2,5735.0,5778.0,6,5770.0,5770.0,5770.0,5770.0,320.0,27696000.0,6682
2023-05-10 21:23:16,ag2305,ag2305,5770.0,0.0,0.0,0.0,4,5736.0,5778.0,6,5770.0,5770.0,5770.0,5770.0,320.0,27696000.0,6682
2023-05-10 21:23:24,ag2305,ag2305,5770.0,0.0,0.0,0.0,4,5736.0,5778.0,2,5770.0,5770.0,5770.0,5770.0,320.0,27696000.0,6682
2023-05-10 21:23:25,ag2305,ag2305,5770.0,0.0,0.0,0.0,2,5768.0,5778.0,2,5770.0,5770.0,5770.0,5770.0,320.0,27696000.0,6682
2023-05-10 21:23:25,ag2305,ag2305,5770.0,0.0,0.0,0.0,2,5768.0,5778.0,2,5770.0,5770.0,5770.0,5770.0,320.0,27696000.0,6682
2023-05-10 21:23:34,ag2305,ag2305,5770.0,0.0,0.0,0.0,2,5735.0,5778.0,6,5770.0,5770.0,5770.0,5770.0,320.0,27696000.0,6682
2023-05-10 21:23:35,ag2305,ag2305,5770.0,0.0,0.0,0.0,4,5736.0,5778.0,6,5770.0,5770.0,5770.0,5770.0,320.0,27696000.0,6682
2023-05-10 21:23:41,ag2305,ag2305,5770.0,0.0,0.0,0.0,4,5736.0,5778.0,2,5770.0,5770.0,5770.0,5770.0,320.0,27696000.0,6682
2023-05-10 21:23:41,ag2305,ag2305,5770.0,0.0,0.0,0.0,2,5768.0,5778.0,2,5770.0,5770.0,5770.0,5770.0,320.0,27696000.0,6682
2023-05-10 21:23:42,ag2305,ag2305,5770.0,0.0,0.0,0.0,2,5735.0,5778.0,6,5770.0,5770.0,5770.0,5770.0,320.0,27696000.0,6682
2023-05-10 21:23:42,ag2305,ag2305,5770.0,0.0,0.0,0.0,4,5736.0,5778.0,6,5770.0,5770.0,5770.0,5770.0,320.0,27696000.0,6682
2023-05-10 21:23:45,ag2305,ag2305,5770.0,0.0,0.0,0.0,4,5736.0,5778.0,2,5770.0,5770.0,5770.0,5770.0,320.0,27696000.0,6682
2023-05-10 21:23:45,ag2305,ag2305,5770.0,0.0,0.0,0.0,2,5768.0,5778.0,2,5770.0,5770.0,5770.0,5770.0,320.0,27696000.0,6682
2023-05-10 21:23:46,ag2305,ag2305,5770.0,0.0,0.0,0.0,2,5768.0,5778.0,2,5770.0,5770.0,5770.0,5770.0,320.0,27696000.0,6682
2023-05-10 21:24:06,ag2305,ag2305,5770.0,0.0,0.0,0.0,2,5768.0,5854.0,2,5770.0,5770.0,5770.0,5770.0,320.0,27696000.0,6682
2023-05-10 21:24:07,ag2305,ag2305,5770.0,0.0,0.0,0.0,2,5768.0,5780.0,2,5770.0,5770.0,5770.0,5770.0,320.0,27696000.0,6682
2023-05-10 21:24:08,ag2305,ag2305,5770.0,0.0,0.0,0.0,2,5768.0,5780.0,2,5770.0,5770.0,5770.0,5770.0,320.0,27696000.0,6682
2023-05-10 21:24:08,ag2305,ag2305,5770.0,0.0,0.0,0.0,2,5768.0,5780.0,6,5770.0,5770.0,5770.0,5770.0,320.0,27696000.0,6682
2023-05-10 21:24:10,ag2305,ag2305,5770.0,0.0,0.0,0.0,2,5735.0,5780.0,6,5770.0,5770.0,5770.0,5770.0,320.0,27696000.0,6682
2023-05-10 21:24:11,ag2305,ag2305,5770.0,0.0,0.0,0.0,4,5738.0,5780.0,6,5770.0,5770.0,5770.0,5770.0,320.0,27696000.0,6682
2023-05-10 21:24:14,ag2305,ag2305,5770.0,0.0,0.0,0.0,4,5738.0,5779.0,4,5770.0,5770.0,5770.0,5770.0,320.0,27696000.0,6682
2023-05-10 21:24:14,ag2305,ag2305,5770.0,0.0,0.0,0.0,4,5738.0,5778.0,2,5770.0,5770.0,5770.0,5770.0,320.0,27696000.0,6682
2023-05-10 21:24:15,ag2305,ag2305,5770.0,0.0,0.0,0.0,4,5738.0,5778.0,2,5770.0,5770.0,5770.0,5770.0,320.0,27696000.0,6682
2023-05-10 21:24:16,ag2305,ag2305,5770.0,0.0,0.0,0.0,2,5768.0,5778.0,2,5770.0,5770.0,5770.0,5770.0,320.0,27696000.0,6682
2023-05-10 21:24:16,ag2305,ag2305,5770.0,0.0,0.0,0.0,2,5768.0,5778.0,2,5770.0,5770.0,5770.0,5770.0,320.0,27696000.0,6682
2023-05-10 21:24:30,ag2305,ag2305,5770.0,0.0,0.0,0.0,2,5778.0,5854.0,2,5770.0,5770.0,5770.0,5770.0,320.0,27696000.0,6682
2023-05-10 21:24:30,ag2305,ag2305,5770.0,0.0,0.0,0.0,2,5735.0,5780.0,2,5770.0,5770.0,5770.0,5770.0,320.0,27696000.0,6682
2023-05-10 21:24:31,ag2305,ag2305,5770.0,0.0,0.0,0.0,2,5770.0,5780.0,2,5770.0,5770.0,5770.0,5770.0,320.0,27696000.0,6682
2023-05-10 21:24:31,ag2305,ag2305,5770.0,0.0,0.0,0.0,2,5770.0,5780.0,2,5770.0,5770.0,5770.0,5770.0,320.0,27696000.0,6682
2023-05-10 21:24:34,ag2305,ag2305,5770.0,0.0,0.0,0.0,2,5770.0,5780.0,2,5770.0,5770.0,5770.0,5770.0,320.0,27696000.0,6682
2023-05-10 21:24:40,ag2305,ag2305,5770.0,0.0,0.0,0.0,2,5780.0,5854.0,2,5770.0,5770.0,5770.0,5770.0,320.0,27696000.0,6682
2023-05-10 21:24:40,ag2305,ag2305,5770.0,0.0,0.0,0.0,2,5735.0,5782.0,2,5770.0,5770.0,5770.0,5770.0,320.0,27696000.0,6682
2023-05-10 21:24:41,ag2305,ag2305,5770.0,0.0,0.0,0.0,2,5772.0,5782.0,2,5770.0,5770.0,5770.0,5770.0,320.0,27696000.0,6682
2023-05-10 21:24:41,ag2305,ag2305,5770.0,0.0,0.0,0.0,2,5735.0,5782.0,6,5770.0,5770.0,5770.0,5770.0,320.0,27696000.0,6682
2023-05-10 21:24:42,ag2305,ag2305,5770.0,0.0,0.0,0.0,4,5740.0,5782.0,6,5770.0,5770.0,5770.0,5770.0,320.0,27696000.0,6682
2023-05-10 21:24:42,ag2305,ag2305,5770.0,0.0,0.0,0.0,4,5740.0,5781.0,4,5770.0,5770.0,5770.0,5770.0,320.0,27696000.0,6682
2023-05-10 21:24:43,ag2305,ag2305,5770.0,0.0,0.0,0.0,4,5740.0,5780.0,2,5770.0,5770.0,5770.0,5770.0,320.0,27696000.0,6682
2023-05-10 21:24:43,ag2305,ag2305,5770.0,0.0,0.0,0.0,2,5770.0,5780.0,2,5770.0,5770.0,5770.0,5770.0,320.0,27696000.0,6682
2023-05-10 21:24:44,ag2305,ag2305,5770.0,0.0,0.0,0.0,2,5770.0,5780.0,2,5770.0,5770.0,5770.0,5770.0,320.0,27696000.0,6682
2023-05-10 21:24:52,ag2305,ag2305,5770.0,0.0,0.0,0.0,2,5735.0,5780.0,6,5770.0,5770.0,5770.0,5770.0,320.0,27696000.0,6682
2023-05-10 21:24:52,ag2305,ag2305,5770.0,0.0,0.0,0.0,4,5738.0,5780.0,6,5770.0,5770.0,5770.0,5770.0,320.0,27696000.0,6682
2023-05-10 21:24:58,ag2305,ag2305,5770.0,0.0,0.0,0.0,4,5738.0,5780.0,2,5770.0,5770.0,5770.0,5770.0,320.0,27696000.0,6682
2023-05-10 21:24:58,ag2305,ag2305,5770.0,0.0,0.0,0.0,2,5770.0,5780.0,2,5770.0,5770.0,5770.0,5770.0,320.0,27696000.0,6682
2023-05-10 21:24:59,ag2305,ag2305,5770.0,0.0,0.0,0.0,2,5735.0,5780.0,6,5770.0,5770.0,5770.0,5770.0,320.0,27696000.0,6682
2023-05-10 21:24:59,ag2305,ag2305,5770.0,0.0,0.0,0.0,4,5738.0,5780.0,6,5770.0,5770.0,5770.0,5770.0,320.0,27696000.0,6682
2023-05-10 21:25:04,ag2305,ag2305,5770.0,0.0,0.0,0.0,4,5738.0,5779.0,4,5770.0,5770.0,5770.0,5770.0,320.0,27696000.0,6682
2023-05-10 21:25:04,ag2305,ag2305,5770.0,0.0,0.0,0.0,4,5738.0,5778.0,2,5770.0,5770.0,5770.0,5770.0,320.0,27696000.0,6682
2023-05-10 21:25:05,ag2305,ag2305,5770.0,0.0,0.0,0.0,2,5768.0,5778.0,2,5770.0,5770.0,5770.0,5770.0,320.0,27696000.0,6682
2023-05-10 21:25:05,ag2305,ag2305,5770.0,0.0,0.0,0.0,2,5768.0,5778.0,2,5770.0,5770.0,5770.0,5770.0,320.0,27696000.0,6682
2023-05-10 21:25:06,ag2305,ag2305,5770.0,0.0,0.0,0.0,2,5768.0,5778.0,2,5770.0,5770.0,5770.0,5770.0,320.0,27696000.0,6682
2023-05-10 21:25:30,ag2305,ag2305,5770.0,0.0,0.0,0.0,2,5735.0,5778.0,2,5770.0,5770.0,5770.0,5770.0,320.0,27696000.0,6682
2023-05-10 21:25:31,ag2305,ag2305,5770.0,0.0,0.0,0.0,2,5769.0,5778.0,2,5770.0,5770.0,5770.0,5770.0,320.0,27696000.0,6682
2023-05-10 21:25:31,ag2305,ag2305,5770.0,0.0,0.0,0.0,2,5769.0,5778.0,2,5770.0,5770.0,5770.0,5770.0,320.0,27696000.0,6682
2023-05-10 21:25:43,ag2305,ag2305,5770.0,0.0,0.0,0.0,2,5735.0,5778.0,2,5770.0,5770.0,5770.0,5770.0,320.0,27696000.0,6682
2023-05-10 21:25:44,ag2305,ag2305,5770.0,0.0,0.0,0.0,4,5736.0,5778.0,2,5770.0,5770.0,5770.0,5770.0,320.0,27696000.0,6682
2023-05-10 21:25:44,ag2305,ag2305,5770.0,0.0,0.0,0.0,4,5736.0,5778.0,6,5770.0,5770.0,5770.0,5770.0,320.0,27696000.0,6682
2023-05-10 21:25:47,ag2305,ag2305,5770.0,0.0,0.0,0.0,4,5736.0,5778.0,2,5770.0,5770.0,5770.0,5770.0,320.0,27696000.0,6682
2023-05-10 21:25:47,ag2305,ag2305,5770.0,0.0,0.0,0.0,2,5768.0,5778.0,2,5770.0,5770.0,5770.0,5770.0,320.0,27696000.0,6682
2023-05-10 21:25:48,ag2305,ag2305,5770.0,0.0,0.0,0.0,2,5735.0,5778.0,6,5770.0,5770.0,5770.0,5770.0,320.0,27696000.0,6682
2023-05-10 21:25:48,ag2305,ag2305,5770.0,0.0,0.0,0.0,4,5736.0,5778.0,6,5770.0,5770.0,5770.0,5770.0,320.0,27696000.0,6682
2023-05-10 21:25:50,ag2305,ag2305,5770.0,0.0,0.0,0.0,2,5737.0,5778.0,2,5770.0,5770.0,5770.0,5770.0,320.0,27696000.0,6682
2023-05-10 21:25:50,ag2305,ag2305,5770.0,0.0,0.0,0.0,2,5768.0,5778.0,2,5770.0,5770.0,5770.0,5770.0,320.0,27696000.0,6682
2023-05-10 21:25:51,ag2305,ag2305,5770.0,0.0,0.0,0.0,2,5768.0,5778.0,2,5770.0,5770.0,5770.0,5770.0,320.0,27696000.0,6682
2023-05-10 21:25:52,ag2305,ag2305,5770.0,0.0,0.0,0.0,2,5735.0,5778.0,6,5770.0,5770.0,5770.0,5770.0,320.0,27696000.0,6682
2023-05-10 21:25:52,ag2305,ag2305,5770.0,0.0,0.0,0.0,4,5736.0,5778.0,6,5770.0,5770.0,5770.0,5770.0,320.0,27696000.0,6682
2023-05-10 21:25:58,ag2305,ag2305,5770.0,0.0,0.0,0.0,4,5736.0,5778.0,2,5770.0,5770.0,5770.0,5770.0,320.0,27696000.0,6682
2023-05-10 21:25:59,ag2305,ag2305,5770.0,0.0,0.0,0.0,2,5769.0,5778.0,2,5770.0,5770.0,5770.0,5770.0,320.0,27696000.0,6682
2023-05-10 21:25:59,ag2305,ag2305,5770.0,0.0,0.0,0.0,2,5769.0,5778.0,2,5770.0,5770.0,5770.0,5770.0,320.0,27696000.0,6682
2023-05-10 21:26:03,ag2305,ag2305,5770.0,0.0,0.0,0.0,2,5778.0,5854.0,2,5770.0,5770.0,5770.0,5770.0,320.0,27696000.0,6682
2023-05-10 21:26:03,ag2305,ag2305,5770.0,0.0,0.0,0.0,2,5769.0,5780.0,2,5770.0,5770.0,5770.0,5770.0,320.0,27696000.0,6682
2023-05-10 21:26:04,ag2305,ag2305,5770.0,0.0,0.0,0.0,2,5769.0,5780.0,4,5770.0,5770.0,5770.0,5770.0,320.0,27696000.0,6682
2023-05-10 21:26:04,ag2305,ag2305,5770.0,0.0,0.0,0.0,2,5769.0,5780.0,2,5770.0,5770.0,5770.0,5770.0,320.0,27696000.0,6682
2023-05-10 21:26:08,ag2305,ag2305,5770.0,0.0,0.0,0.0,2,5769.0,5780.0,6,5770.0,5770.0,5770.0,5770.0,320.0,27696000.0,6682
2023-05-10 21:26:13,ag2305,ag2305,5770.0,0.0,0.0,0.0,2,5735.0,5779.0,4,5770.0,5770.0,5770.0,5770.0,320.0,27696000.0,6682
2023-05-10 21:26:14,ag2305,ag2305,5770.0,0.0,0.0,0.0,4,5737.0,5777.0,2,5770.0,5770.0,5770.0,5770.0,320.0,27696000.0,6682
2023-05-10 21:26:14,ag2305,ag2305,5770.0,0.0,0.0,0.0,2,5767.0,5777.0,2,5770.0,5770.0,5770.0,5770.0,320.0,27696000.0,6682
2023-05-10 21:26:15,ag2305,ag2305,5770.0,0.0,0.0,0.0,2,5767.0,5777.0,2,5770.0,5770.0,5770.0,5770.0,320.0,27696000.0,6682
2023-05-10 21:26:15,ag2305,ag2305,5770.0,0.0,0.0,0.0,2,5767.0,5777.0,2,5770.0,5770.0,5770.0,5770.0,320.0,27696000.0,6682
2023-05-10 21:26:16,ag2305,ag2305,5770.0,0.0,0.0,0.0,2,5767.0,5777.0,2,5770.0,5770.0,5770.0,5770.0,320.0,27696000.0,6682
2023-05-10 21:26:21,ag2305,ag2305,5770.0,0.0,0.0,0.0,2,5735.0,5777.0,6,5770.0,5770.0,5770.0,5770.0,320.0,27696000.0,6682
2023-05-10 21:26:22,ag2305,ag2305,5770.0,0.0,0.0,0.0,4,5736.0,5777.0,2,5770.0,5770.0,5770.0,5770.0,320.0,27696000.0,6682
2023-05-10 21:26:22,ag2305,ag2305,5770.0,0.0,0.0,0.0,2,5767.0,5777.0,2,5770.0,5770.0,5770.0,5770.0,320.0,27696000.0,6682
2023-05-10 21:26:23,ag2305,ag2305,5770.0,0.0,0.0,0.0,2,5767.0,5777.0,2,5770.0,5770.0,5770.0,5770.0,320.0,27696000.0,6682
2023-05-10 21:26:23,ag2305,ag2305,5770.0,0.0,0.0,0.0,2,5777.0,5783.0,4,5770.0,5770.0,5770.0,5770.0,320.0,27696000.0,6682
2023-05-10 21:26:24,ag2305,ag2305,5770.0,0.0,0.0,0.0,2,5735.0,5779.0,6,5770.0,5770.0,5770.0,5770.0,320.0,27696000.0,6682
2023-05-10 21:26:24,ag2305,ag2305,5770.0,0.0,0.0,0.0,4,5737.0,5779.0,6,5770.0,5770.0,5770.0,5770.0,320.0,27696000.0,6682
2023-05-10 21:26:29,ag2305,ag2305,5770.0,0.0,0.0,0.0,4,5737.0,5779.0,6,5770.0,5770.0,5770.0,5770.0,320.0,27696000.0,6682
2023-05-10 21:26:32,ag2305,ag2305,5770.0,0.0,0.0,0.0,4,5737.0,5778.0,4,5770.0,5770.0,5770.0,5770.0,320.0,27696000.0,6682
2023-05-10 21:26:32,ag2305,ag2305,5770.0,0.0,0.0,0.0,4,5737.0,5777.0,2,5770.0,5770.0,5770.0,5770.0,320.0,27696000.0,6682
2023-05-10 21:26:33,ag2305,ag2305,5770.0,0.0,0.0,0.0,2,5767.0,5777.0,2,5770.0,5770.0,5770.0,5770.0,320.0,27696000.0,6682
2023-05-10 21:26:33,ag2305,ag2305,5770.0,0.0,0.0,0.0,2,5767.0,5777.0,2,5770.0,5770.0,5770.0,5770.0,320.0,27696000.0,6682
2023-05-10 21:26:39,ag2305,ag2305,5770.0,0.0,0.0,0.0,2,5767.0,5777.0,2,5770.0,5770.0,5770.0,5770.0,320.0,27696000.0,6682
2023-05-10 21:26:41,ag2305,ag2305,5770.0,0.0,0.0,0.0,2,5767.0,5854.0,2,5770.0,5770.0,5770.0,5770.0,320.0,27696000.0,6682
2023-05-10 21:26:41,ag2305,ag2305,5770.0,0.0,0.0,0.0,2,5767.0,5779.0,2,5770.0,5770.0,5770.0,5770.0,320.0,27696000.0,6682
2023-05-10 21:26:42,ag2305,ag2305,5770.0,0.0,0.0,0.0,2,5767.0,5779.0,6,5770.0,5770.0,5770.0,5770.0,320.0,27696000.0,6682
2023-05-10 21:26:46,ag2305,ag2305,5770.0,0.0,0.0,0.0,2,5767.0,5778.0,4,5770.0,5770.0,5770.0,5770.0,320.0,27696000.0,6682
2023-05-10 21:26:46,ag2305,ag2305,5770.0,0.0,0.0,0.0,2,5767.0,5777.0,2,5770.0,5770.0,5770.0,5770.0,320.0,27696000.0,6682
2023-05-10 21:26:48,ag2305,ag2305,5770.0,0.0,0.0,0.0,2,5767.0,5777.0,2,5770.0,5770.0,5770.0,5770.0,320.0,27696000.0,6682
2023-05-10 21:26:48,ag2305,ag2305,5770.0,0.0,0.0,0.0,2,5735.0,5777.0,6,5770.0,5770.0,5770.0,5770.0,320.0,27696000.0,6682
2023-05-10 21:26:49,ag2305,ag2305,5770.0,0.0,0.0,0.0,6,5735.0,5777.0,6,5770.0,5770.0,5770.0,5770.0,320.0,27696000.0,6682
2023-05-10 21:26:53,ag2305,ag2305,5770.0,0.0,0.0,0.0,6,5735.0,5777.0,2,5770.0,5770.0,5770.0,5770.0,320.0,27696000.0,6682
2023-05-10 21:26:53,ag2305,ag2305,5770.0,0.0,0.0,0.0,2,5767.0,5777.0,2,5770.0,5770.0,5770.0,5770.0,320.0,27696000.0,6682
2023-05-10 21:26:54,ag2305,ag2305,5770.0,0.0,0.0,0.0,2,5735.0,5777.0,6,5770.0,5770.0,5770.0,5770.0,320.0,27696000.0,6682
2023-05-10 21:26:54,ag2305,ag2305,5770.0,0.0,0.0,0.0,6,5735.0,5777.0,6,5770.0,5770.0,5770.0,5770.0,320.0,27696000.0,6682
2023-05-10 21:26:56,ag2305,ag2305,5770.0,0.0,0.0,0.0,6,5735.0,5776.0,4,5770.0,5770.0,5770.0,5770.0,320.0,27696000.0,6682
2023-05-10 21:26:56,ag2305,ag2305,5770.0,0.0,0.0,0.0,6,5735.0,5774.0,2,5770.0,5770.0,5770.0,5770.0,320.0,27696000.0,6682
2023-05-10 21:26:57,ag2305,ag2305,5770.0,0.0,0.0,0.0,2,5764.0,5774.0,2,5770.0,5770.0,5770.0,5770.0,320.0,27696000.0,6682
2023-05-10 21:26:57,ag2305,ag2305,5770.0,0.0,0.0,0.0,2,5764.0,5774.0,2,5770.0,5770.0,5770.0,5770.0,320.0,27696000.0,6682
2023-05-10 21:27:07,ag2305,ag2305,5770.0,0.0,0.0,0.0,2,5774.0,5854.0,2,5770.0,5770.0,5770.0,5770.0,320.0,27696000.0,6682
2023-05-10 21:27:08,ag2305,ag2305,5770.0,0.0,0.0,0.0,2,5735.0,5776.0,6,5770.0,5770.0,5770.0,5770.0,320.0,27696000.0,6682
2023-05-10 21:27:11,ag2305,ag2305,5770.0,0.0,0.0,0.0,2,5735.0,5775.0,4,5770.0,5770.0,5770.0,5770.0,320.0,27696000.0,6682
2023-05-10 21:27:11,ag2305,ag2305,5770.0,0.0,0.0,0.0,2,5735.0,5774.0,2,5770.0,5770.0,5770.0,5770.0,320.0,27696000.0,6682
2023-05-10 21:27:12,ag2305,ag2305,5770.0,0.0,0.0,0.0,2,5764.0,5774.0,2,5770.0,5770.0,5770.0,5770.0,320.0,27696000.0,6682
2023-05-10 21:27:12,ag2305,ag2305,5770.0,0.0,0.0,0.0,2,5764.0,5774.0,2,5770.0,5770.0,5770.0,5770.0,320.0,27696000.0,6682
2023-05-10 21:27:33,ag2305,ag2305,5770.0,0.0,0.0,0.0,2,5764.0,5774.0,2,5770.0,5770.0,5770.0,5770.0,320.0,27696000.0,6682
2023-05-10 21:27:37,ag2305,ag2305,5770.0,0.0,0.0,0.0,2,5735.0,5774.0,6,5770.0,5770.0,5770.0,5770.0,320.0,27696000.0,6682
2023-05-10 21:27:39,ag2305,ag2305,5770.0,0.0,0.0,0.0,2,5735.0,5773.0,4,5770.0,5770.0,5770.0,5770.0,320.0,27696000.0,6682
2023-05-10 21:27:39,ag2305,ag2305,5770.0,0.0,0.0,0.0,2,5735.0,5772.0,2,5770.0,5770.0,5770.0,5770.0,320.0,27696000.0,6682
2023-05-10 21:27:40,ag2305,ag2305,5770.0,0.0,0.0,0.0,2,5762.0,5772.0,2,5770.0,5770.0,5770.0,5770.0,320.0,27696000.0,6682
2023-05-10 21:27:42,ag2305,ag2305,5770.0,0.0,0.0,0.0,2,5762.0,5772.0,2,5770.0,5770.0,5770.0,5770.0,320.0,27696000.0,6682
2023-05-10 21:27:45,ag2305,ag2305,5770.0,0.0,0.0,0.0,2,5762.0,5854.0,2,5770.0,5770.0,5770.0,5770.0,320.0,27696000.0,6682
2023-05-10 21:27:45,ag2305,ag2305,5770.0,0.0,0.0,0.0,2,5762.0,5774.0,2,5770.0,5770.0,5770.0,5770.0,320.0,27696000.0,6682
2023-05-10 21:27:46,ag2305,ag2305,5770.0,0.0,0.0,0.0,2,5762.0,5774.0,6,5770.0,5770.0,5770.0,5770.0,320.0,27696000.0,6682
2023-05-10 21:27:46,ag2305,ag2305,5770.0,0.0,0.0,0.0,2,5762.0,5774.0,2,5770.0,5770.0,5770.0,5770.0,320.0,27696000.0,6682
2023-05-10 21:27:47,ag2305,ag2305,5770.0,0.0,0.0,0.0,2,5762.0,5774.0,6,5770.0,5770.0,5770.0,5770.0,320.0,27696000.0,6682
2023-05-10 21:27:51,ag2305,ag2305,5770.0,0.0,0.0,0.0,2,5762.0,5774.0,2,5770.0,5770.0,5770.0,5770.0,320.0,27696000.0,6682
2023-05-10 21:27:55,ag2305,ag2305,5770.0,0.0,0.0,0.0,2,5774.0,5854.0,2,5770.0,5770.0,5770.0,5770.0,320.0,27696000.0,6682
2023-05-10 21:27:56,ag2305,ag2305,5770.0,0.0,0.0,0.0,2,5735.0,5776.0,2,5770.0,5770.0,5770.0,5770.0,320.0,27696000.0,6682
2023-05-10 21:27:56,ag2305,ag2305,5770.0,0.0,0.0,0.0,2,5766.0,5776.0,2,5770.0,5770.0,5770.0,5770.0,320.0,27696000.0,6682
2023-05-10 21:27:57,ag2305,ag2305,5770.0,0.0,0.0,0.0,2,5766.0,5776.0,2,5770.0,5770.0,5770.0,5770.0,320.0,27696000.0,6682
2023-05-10 21:28:01,ag2305,ag2305,5770.0,0.0,0.0,0.0,2,5735.0,5776.0,6,5770.0,5770.0,5770.0,5770.0,320.0,27696000.0,6682
2023-05-10 21:28:08,ag2305,ag2305,5770.0,0.0,0.0,0.0,2,5735.0,5775.0,4,5770.0,5770.0,5770.0,5770.0,320.0,27696000.0,6682
2023-05-10 21:28:09,ag2305,ag2305,5770.0,0.0,0.0,0.0,2,5735.0,5775.0,2,5770.0,5770.0,5770.0,5770.0,320.0,27696000.0,6682
2023-05-10 21:28:09,ag2305,ag2305,5770.0,0.0,0.0,0.0,2,5765.0,5775.0,2,5770.0,5770.0,5770.0,5770.0,320.0,27696000.0,6682
2023-05-10 21:28:21,ag2305,ag2305,5770.0,0.0,0.0,0.0,2,5765.0,5775.0,2,5770.0,5770.0,5770.0,5770.0,320.0,27696000.0,6682
2023-05-10 21:28:21,ag2305,ag2305,5770.0,0.0,0.0,0.0,2,5735.0,5775.0,6,5770.0,5770.0,5770.0,5770.0,320.0,27696000.0,6682
2023-05-10 21:28:23,ag2305,ag2305,5770.0,0.0,0.0,0.0,2,5735.0,5774.0,4,5770.0,5770.0,5770.0,5770.0,320.0,27696000.0,6682
2023-05-10 21:28:24,ag2305,ag2305,5770.0,0.0,0.0,0.0,2,5764.0,5774.0,2,5770.0,5770.0,5770.0,5770.0,320.0,27696000.0,6682
2023-05-10 21:28:32,ag2305,ag2305,5770.0,0.0,0.0,0.0,2,5774.0,5854.0,2,5770.0,5770.0,5770.0,5770.0,320.0,27696000.0,6682
2023-05-10 21:28:33,ag2305,ag2305,5770.0,0.0,0.0,0.0,2,5735.0,5776.0,2,5770.0,5770.0,5770.0,5770.0,320.0,27696000.0,6682
2023-05-10 21:28:33,ag2305,ag2305,5770.0,0.0,0.0,0.0,2,5766.0,5776.0,2,5770.0,5770.0,5770.0,5770.0,320.0,27696000.0,6682
2023-05-10 21:28:34,ag2305,ag2305,5770.0,0.0,0.0,0.0,2,5766.0,5776.0,2,5770.0,5770.0,5770.0,5770.0,320.0,27696000.0,6682
2023-05-10 21:28:34,ag2305,ag2305,5770.0,0.0,0.0,0.0,2,5735.0,5776.0,6,5770.0,5770.0,5770.0,5770.0,320.0,27696000.0,6682
2023-05-10 21:28:36,ag2305,ag2305,5770.0,0.0,0.0,0.0,6,5735.0,5776.0,2,5770.0,5770.0,5770.0,5770.0,320.0,27696000.0,6682
2023-05-10 21:28:36,ag2305,ag2305,5770.0,0.0,0.0,0.0,2,5766.0,5776.0,2,5770.0,5770.0,5770.0,5770.0,320.0,27696000.0,6682
2023-05-10 21:28:37,ag2305,ag2305,5770.0,0.0,0.0,0.0,2,5766.0,5776.0,2,5770.0,5770.0,5770.0,5770.0,320.0,27696000.0,6682
2023-05-10 21:28:39,ag2305,ag2305,5770.0,0.0,0.0,0.0,2,5766.0,5776.0,6,5770.0,5770.0,5770.0,5770.0,320.0,27696000.0,6682
2023-05-10 21:28:40,ag2305,ag2305,5770.0,0.0,0.0,0.0,2,5735.0,5776.0,6,5770.0,5770.0,5770.0,5770.0,320.0,27696000.0,6682
2023-05-10 21:28:47,ag2305,ag2305,5770.0,0.0,0.0,0.0,2,5735.0,5775.0,4,5770.0,5770.0,5770.0,5770.0,320.0,27696000.0,6682
2023-05-10 21:28:48,ag2305,ag2305,5770.0,0.0,0.0,0.0,2,5735.0,5774.0,2,5770.0,5770.0,5770.0,5770.0,320.0,27696000.0,6682
2023-05-10 21:28:48,ag2305,ag2305,5770.0,0.0,0.0,0.0,2,5764.0,5774.0,2,5770.0,5770.0,5770.0,5770.0,320.0,27696000.0,6682
2023-05-10 21:28:58,ag2305,ag2305,5770.0,0.0,0.0,0.0,2,5764.0,5774.0,2,5770.0,5770.0,5770.0,5770.0,320.0,27696000.0,6682
2023-05-10 21:29:14,ag2305,ag2305,5770.0,0.0,0.0,0.0,2,5735.0,5774.0,2,5770.0,5770.0,5770.0,5770.0,320.0,27696000.0,6682
2023-05-10 21:29:14,ag2305,ag2305,5770.0,0.0,0.0,0.0,2,5764.0,5774.0,2,5770.0,5770.0,5770.0,5770.0,320.0,27696000.0,6682
2023-05-10 21:29:25,ag2305,ag2305,5770.0,0.0,0.0,0.0,2,5764.0,5774.0,6,5770.0,5770.0,5770.0,5770.0,320.0,27696000.0,6682
2023-05-10 21:29:25,ag2305,ag2305,5770.0,0.0,0.0,0.0,2,5735.0,5774.0,6,5770.0,5770.0,5770.0,5770.0,320.0,27696000.0,6682
2023-05-10 21:29:26,ag2305,ag2305,5770.0,0.0,0.0,0.0,2,5764.0,5774.0,2,5770.0,5770.0,5770.0,5770.0,320.0,27696000.0,6682
2023-05-10 21:29:28,ag2305,ag2305,5770.0,0.0,0.0,0.0,2,5764.0,5774.0,6,5770.0,5770.0,5770.0,5770.0,320.0,27696000.0,6682
2023-05-10 21:29:28,ag2305,ag2305,5770.0,0.0,0.0,0.0,2,5735.0,5774.0,6,5770.0,5770.0,5770.0,5770.0,320.0,27696000.0,6682
2023-05-10 21:29:30,ag2305,ag2305,5770.0,0.0,0.0,0.0,2,5735.0,5774.0,2,5770.0,5770.0,5770.0,5770.0,320.0,27696000.0,6682
2023-05-10 21:29:31,ag2305,ag2305,5770.0,0.0,0.0,0.0,2,5764.0,5774.0,2,5770.0,5770.0,5770.0,5770.0,320.0,27696000.0,6682
2023-05-10 21:29:56,ag2305,ag2305,5770.0,0.0,0.0,0.0,2,5735.0,5774.0,2,5770.0,5770.0,5770.0,5770.0,320.0,27696000.0,6682
2023-05-10 21:29:57,ag2305,ag2305,5770.0,0.0,0.0,0.0,2,5764.0,5774.0,2,5770.0,5770.0,5770.0,5770.0,320.0,27696000.0,6682
2023-05-10 21:29:58,ag2305,ag2305,5770.0,0.0,0.0,0.0,2,5735.0,5774.0,6,5770.0,5770.0,5770.0,5770.0,320.0,27696000.0,6682
2023-05-10 21:30:00,ag2305,ag2305,5770.0,0.0,0.0,0.0,2,5735.0,5774.0,4,5770.0,5770.0,5770.0,5770.0,320.0,27696000.0,6682
2023-05-10 21:30:01,ag2305,ag2305,5770.0,0.0,0.0,0.0,2,5735.0,5774.0,6,5770.0,5770.0,5770.0,5770.0,320.0,27696000.0,6682
2023-05-10 21:30:02,ag2305,ag2305,5770.0,0.0,0.0,0.0,2,5735.0,5773.0,4,5770.0,5770.0,5770.0,5770.0,320.0,27696000.0,6682
2023-05-10 21:30:02,ag2305,ag2305,5770.0,0.0,0.0,0.0,2,5735.0,5772.0,2,5770.0,5770.0,5770.0,5770.0,320.0,27696000.0,6682
2023-05-10 21:30:03,ag2305,ag2305,5770.0,0.0,0.0,0.0,2,5763.0,5772.0,2,5770.0,5770.0,5770.0,5770.0,320.0,27696000.0,6682
2023-05-10 21:30:05,ag2305,ag2305,5770.0,0.0,0.0,0.0,2,5735.0,5772.0,2,5770.0,5770.0,5770.0,5770.0,320.0,27696000.0,6682
2023-05-10 21:30:06,ag2305,ag2305,5770.0,0.0,0.0,0.0,2,5762.0,5772.0,2,5770.0,5770.0,5770.0,5770.0,320.0,27696000.0,6682
2023-05-10 21:30:15,ag2305,ag2305,5770.0,0.0,0.0,0.0,2,5735.0,5772.0,6,5770.0,5770.0,5770.0,5770.0,320.0,27696000.0,6682
2023-05-10 21:30:16,ag2305,ag2305,5770.0,0.0,0.0,0.0,2,5735.0,5771.0,4,5770.0,5770.0,5770.0,5770.0,320.0,27696000.0,6682
2023-05-10 21:30:16,ag2305,ag2305,5770.0,0.0,0.0,0.0,2,5761.0,5771.0,2,5770.0,5770.0,5770.0,5770.0,320.0,27696000.0,6682
2023-05-10 21:30:24,ag2305,ag2305,5770.0,0.0,0.0,0.0,2,5735.0,5771.0,6,5770.0,5770.0,5770.0,5770.0,320.0,27696000.0,6682
2023-05-10 21:30:25,ag2305,ag2305,5770.0,0.0,0.0,0.0,2,5735.0,5770.0,4,5770.0,5770.0,5770.0,5770.0,320.0,27696000.0,6682
2023-05-10 21:30:26,ag2305,ag2305,5770.0,0.0,0.0,0.0,2,5735.0,5768.0,2,5770.0,5770.0,5770.0,5770.0,320.0,27696000.0,6682
2023-05-10 21:30:27,ag2305,ag2305,5770.0,0.0,0.0,0.0,2,5735.0,5768.0,2,5770.0,5770.0,5770.0,5770.0,320.0,27696000.0,6682
2023-05-10 21:30:27,ag2305,ag2305,5770.0,0.0,0.0,0.0,2,5758.0,5768.0,2,5770.0,5770.0,5770.0,5770.0,320.0,27696000.0,6682
2023-05-10 21:30:30,ag2305,ag2305,5770.0,0.0,0.0,0.0,2,5758.0,5768.0,4,5770.0,5770.0,5770.0,5770.0,320.0,27696000.0,6682
2023-05-10 21:30:31,ag2305,ag2305,5770.0,0.0,0.0,0.0,2,5726.0,5768.0,6,5770.0,5770.0,5770.0,5770.0,320.0,27696000.0,6682
2023-05-10 21:30:31,ag2305,ag2305,5770.0,0.0,0.0,0.0,6,5726.0,5768.0,6,5770.0,5770.0,5770.0,5770.0,320.0,27696000.0,6682
2023-05-10 21:30:32,ag2305,ag2305,5770.0,0.0,0.0,0.0,6,5726.0,5767.0,4,5770.0,5770.0,5770.0,5770.0,320.0,27696000.0,6682
2023-05-10 21:30:33,ag2305,ag2305,5770.0,0.0,0.0,0.0,2,5757.0,5767.0,2,5770.0,5770.0,5770.0,5770.0,320.0,27696000.0,6682
2023-05-10 21:30:33,ag2305,ag2305,5770.0,0.0,0.0,0.0,2,5757.0,5767.0,2,5770.0,5770.0,5770.0,5770.0,320.0,27696000.0,6682
2023-05-10 21:30:37,ag2305,ag2305,5770.0,0.0,0.0,0.0,2,5767.0,5854.0,2,5770.0,5770.0,5770.0,5770.0,320.0,27696000.0,6682
2023-05-10 21:30:37,ag2305,ag2305,5770.0,0.0,0.0,0.0,2,5726.0,5769.0,2,5770.0,5770.0,5770.0,5770.0,320.0,27696000.0,6682
2023-05-10 21:30:38,ag2305,ag2305,5770.0,0.0,0.0,0.0,2,5759.0,5769.0,2,5770.0,5770.0,5770.0,5770.0,320.0,27696000.0,6682
2023-05-10 21:30:38,ag2305,ag2305,5770.0,0.0,0.0,0.0,2,5759.0,5769.0,2,5770.0,5770.0,5770.0,5770.0,320.0,27696000.0,6682
2023-05-10 21:30:41,ag2305,ag2305,5770.0,0.0,0.0,0.0,2,5769.0,5854.0,2,5770.0,5770.0,5770.0,5770.0,320.0,27696000.0,6682
2023-05-10 21:30:42,ag2305,ag2305,5770.0,0.0,0.0,0.0,2,5726.0,5771.0,2,5770.0,5770.0,5770.0,5770.0,320.0,27696000.0,6682
2023-05-10 21:30:42,ag2305,ag2305,5770.0,0.0,0.0,0.0,2,5761.0,5771.0,2,5770.0,5770.0,5770.0,5770.0,320.0,27696000.0,6682
2023-05-10 21:30:43,ag2305,ag2305,5770.0,0.0,0.0,0.0,2,5761.0,5771.0,2,5770.0,5770.0,5770.0,5770.0,320.0,27696000.0,6682
2023-05-10 21:30:48,ag2305,ag2305,5770.0,0.0,0.0,0.0,2,5761.0,5771.0,4,5770.0,5770.0,5770.0,5770.0,320.0,27696000.0,6682
2023-05-10 21:30:49,ag2305,ag2305,5770.0,0.0,0.0,0.0,2,5761.0,5771.0,2,5770.0,5770.0,5770.0,5770.0,320.0,27696000.0,6682
2023-05-10 21:30:55,ag2305,ag2305,5770.0,0.0,0.0,0.0,2,5761.0,5771.0,2,5770.0,5770.0,5770.0,5770.0,320.0,27696000.0,6682
2023-05-10 21:30:59,ag2305,ag2305,5770.0,0.0,0.0,0.0,2,5771.0,5854.0,2,5770.0,5770.0,5770.0,5770.0,320.0,27696000.0,6682
2023-05-10 21:31:00,ag2305,ag2305,5770.0,0.0,0.0,0.0,2,5726.0,5773.0,2,5770.0,5770.0,5770.0,5770.0,320.0,27696000.0,6682
2023-05-10 21:31:00,ag2305,ag2305,5770.0,0.0,0.0,0.0,2,5763.0,5773.0,2,5770.0,5770.0,5770.0,5770.0,320.0,27696000.0,6682
2023-05-10 21:31:01,ag2305,ag2305,5770.0,0.0,0.0,0.0,2,5763.0,5773.0,2,5770.0,5770.0,5770.0,5770.0,320.0,27696000.0,6682
2023-05-10 21:31:01,ag2305,ag2305,5770.0,0.0,0.0,0.0,2,5763.0,5773.0,2,5770.0,5770.0,5770.0,5770.0,320.0,27696000.0,6682
2023-05-10 21:31:04,ag2305,ag2305,5770.0,0.0,0.0,0.0,2,5726.0,5773.0,6,5770.0,5770.0,5770.0,5770.0,320.0,27696000.0,6682
2023-05-10 21:31:04,ag2305,ag2305,5770.0,0.0,0.0,0.0,4,5731.0,5773.0,6,5770.0,5770.0,5770.0,5770.0,320.0,27696000.0,6682
2023-05-10 21:31:05,ag2305,ag2305,5770.0,0.0,0.0,0.0,2,5763.0,5773.0,2,5770.0,5770.0,5770.0,5770.0,320.0,27696000.0,6682
2023-05-10 21:31:05,ag2305,ag2305,5770.0,0.0,0.0,0.0,2,5763.0,5773.0,2,5770.0,5770.0,5770.0,5770.0,320.0,27696000.0,6682
2023-05-10 21:31:07,ag2305,ag2305,5770.0,0.0,0.0,0.0,2,5763.0,5773.0,2,5770.0,5770.0,5770.0,5770.0,320.0,27696000.0,6682
2023-05-10 21:31:15,ag2305,ag2305,5770.0,0.0,0.0,0.0,2,5773.0,5854.0,2,5770.0,5770.0,5770.0,5770.0,320.0,27696000.0,6682
2023-05-10 21:31:15,ag2305,ag2305,5770.0,0.0,0.0,0.0,2,5726.0,5775.0,2,5770.0,5770.0,5770.0,5770.0,320.0,27696000.0,6682
2023-05-10 21:31:16,ag2305,ag2305,5770.0,0.0,0.0,0.0,4,5733.0,5775.0,6,5770.0,5770.0,5770.0,5770.0,320.0,27696000.0,6682
2023-05-10 21:31:19,ag2305,ag2305,5770.0,0.0,0.0,0.0,4,5733.0,5774.0,4,5770.0,5770.0,5770.0,5770.0,320.0,27696000.0,6682
2023-05-10 21:31:19,ag2305,ag2305,5770.0,0.0,0.0,0.0,4,5733.0,5773.0,2,5770.0,5770.0,5770.0,5770.0,320.0,27696000.0,6682
2023-05-10 21:31:20,ag2305,ag2305,5770.0,0.0,0.0,0.0,2,5763.0,5773.0,2,5770.0,5770.0,5770.0,5770.0,320.0,27696000.0,6682
2023-05-10 21:31:20,ag2305,ag2305,5770.0,0.0,0.0,0.0,2,5763.0,5773.0,2,5770.0,5770.0,5770.0,5770.0,320.0,27696000.0,6682
2023-05-10 21:31:22,ag2305,ag2305,5770.0,0.0,0.0,0.0,2,5726.0,5773.0,6,5770.0,5770.0,5770.0,5770.0,320.0,27696000.0,6682
2023-05-10 21:31:22,ag2305,ag2305,5770.0,0.0,0.0,0.0,4,5730.0,5773.0,2,5770.0,5770.0,5770.0,5770.0,320.0,27696000.0,6682
2023-05-10 21:31:23,ag2305,ag2305,5770.0,0.0,0.0,0.0,4,5730.0,5773.0,6,5770.0,5770.0,5770.0,5770.0,320.0,27696000.0,6682
2023-05-10 21:31:26,ag2305,ag2305,5770.0,0.0,0.0,0.0,4,5730.0,5772.0,4,5770.0,5770.0,5770.0,5770.0,320.0,27696000.0,6682
2023-05-10 21:31:27,ag2305,ag2305,5770.0,0.0,0.0,0.0,2,5762.0,5772.0,2,5770.0,5770.0,5770.0,5770.0,320.0,27696000.0,6682
2023-05-10 21:31:27,ag2305,ag2305,5770.0,0.0,0.0,0.0,2,5762.0,5772.0,2,5770.0,5770.0,5770.0,5770.0,320.0,27696000.0,6682
2023-05-10 21:31:32,ag2305,ag2305,5770.0,0.0,0.0,0.0,2,5726.0,5772.0,6,5770.0,5770.0,5770.0,5770.0,320.0,27696000.0,6682
2023-05-10 21:31:32,ag2305,ag2305,5770.0,0.0,0.0,0.0,4,5730.0,5772.0,6,5770.0,5770.0,5770.0,5770.0,320.0,27696000.0,6682
2023-05-10 21:31:35,ag2305,ag2305,5770.0,0.0,0.0,0.0,4,5730.0,5772.0,2,5770.0,5770.0,5770.0,5770.0,320.0,27696000.0,6682
2023-05-10 21:31:36,ag2305,ag2305,5770.0,0.0,0.0,0.0,4,5730.0,5772.0,6,5770.0,5770.0,5770.0,5770.0,320.0,27696000.0,6682
2023-05-10 21:31:41,ag2305,ag2305,5770.0,0.0,0.0,0.0,4,5730.0,5772.0,6,5770.0,5770.0,5770.0,5770.0,320.0,27696000.0,6682
2023-05-10 21:31:46,ag2305,ag2305,5770.0,0.0,0.0,0.0,4,5730.0,5771.0,4,5770.0,5770.0,5770.0,5770.0,320.0,27696000.0,6682
2023-05-10 21:31:46,ag2305,ag2305,5770.0,0.0,0.0,0.0,4,5730.0,5770.0,2,5770.0,5770.0,5770.0,5770.0,320.0,27696000.0,6682
2023-05-10 21:31:47,ag2305,ag2305,5770.0,0.0,0.0,0.0,2,5760.0,5770.0,2,5770.0,5770.0,5770.0,5770.0,320.0,27696000.0,6682
2023-05-10 21:31:47,ag2305,ag2305,5770.0,0.0,0.0,0.0,2,5760.0,5770.0,2,5770.0,5770.0,5770.0,5770.0,320.0,27696000.0,6682
2023-05-10 21:31:50,ag2305,ag2305,5770.0,0.0,0.0,0.0,2,5726.0,5770.0,6,5770.0,5770.0,5770.0,5770.0,320.0,27696000.0,6682
2023-05-10 21:31:50,ag2305,ag2305,5770.0,0.0,0.0,0.0,4,5727.0,5769.0,4,5770.0,5770.0,5770.0,5770.0,320.0,27696000.0,6682
2023-05-10 21:31:51,ag2305,ag2305,5770.0,0.0,0.0,0.0,4,5727.0,5767.0,2,5770.0,5770.0,5770.0,5770.0,320.0,27696000.0,6682
2023-05-10 21:31:51,ag2305,ag2305,5770.0,0.0,0.0,0.0,2,5757.0,5767.0,2,5770.0,5770.0,5770.0,5770.0,320.0,27696000.0,6682
2023-05-10 21:31:52,ag2305,ag2305,5770.0,0.0,0.0,0.0,2,5757.0,5767.0,2,5770.0,5770.0,5770.0,5770.0,320.0,27696000.0,6682
2023-05-10 21:31:54,ag2305,ag2305,5770.0,0.0,0.0,0.0,2,5767.0,5854.0,2,5770.0,5770.0,5770.0,5770.0,320.0,27696000.0,6682
2023-05-10 21:31:54,ag2305,ag2305,5770.0,0.0,0.0,0.0,2,5726.0,5769.0,2,5770.0,5770.0,5770.0,5770.0,320.0,27696000.0,6682
2023-05-10 21:31:55,ag2305,ag2305,5770.0,0.0,0.0,0.0,4,5727.0,5769.0,6,5770.0,5770.0,5770.0,5770.0,320.0,27696000.0,6682
2023-05-10 21:31:57,ag2305,ag2305,5770.0,0.0,0.0,0.0,4,5727.0,5769.0,2,5770.0,5770.0,5770.0,5770.0,320.0,27696000.0,6682
2023-05-10 21:32:00,ag2305,ag2305,5770.0,0.0,0.0,0.0,4,5727.0,5769.0,6,5770.0,5770.0,5770.0,5770.0,320.0,27696000.0,6682
2023-05-10 21:32:01,ag2305,ag2305,5770.0,0.0,0.0,0.0,4,5727.0,5768.0,4,5770.0,5770.0,5770.0,5770.0,320.0,27696000.0,6682
2023-05-10 21:32:01,ag2305,ag2305,5770.0,0.0,0.0,0.0,4,5727.0,5766.0,2,5770.0,5770.0,5770.0,5770.0,320.0,27696000.0,6682
2023-05-10 21:32:02,ag2305,ag2305,5770.0,0.0,0.0,0.0,2,5756.0,5766.0,2,5770.0,5770.0,5770.0,5770.0,320.0,27696000.0,6682
2023-05-10 21:32:02,ag2305,ag2305,5770.0,0.0,0.0,0.0,2,5756.0,5766.0,2,5770.0,5770.0,5770.0,5770.0,320.0,27696000.0,6682
2023-05-10 21:32:03,ag2305,ag2305,5770.0,0.0,0.0,0.0,2,5756.0,5766.0,2,5770.0,5770.0,5770.0,5770.0,320.0,27696000.0,6682
2023-05-10 21:32:09,ag2305,ag2305,5770.0,0.0,0.0,0.0,2,5726.0,5766.0,6,5770.0,5770.0,5770.0,5770.0,320.0,27696000.0,6682
2023-05-10 21:32:10,ag2305,ag2305,5770.0,0.0,0.0,0.0,2,5726.0,5766.0,2,5770.0,5770.0,5770.0,5770.0,320.0,27696000.0,6682
2023-05-10 21:32:10,ag2305,ag2305,5770.0,0.0,0.0,0.0,2,5756.0,5766.0,2,5770.0,5770.0,5770.0,5770.0,320.0,27696000.0,6682
2023-05-10 21:32:14,ag2305,ag2305,5770.0,0.0,0.0,0.0,2,5726.0,5766.0,6,5770.0,5770.0,5770.0,5770.0,320.0,27696000.0,6682
2023-05-10 21:32:16,ag2305,ag2305,5770.0,0.0,0.0,0.0,2,5726.0,5766.0,2,5770.0,5770.0,5770.0,5770.0,320.0,27696000.0,6682
2023-05-10 21:32:17,ag2305,ag2305,5770.0,0.0,0.0,0.0,2,5757.0,5766.0,2,5770.0,5770.0,5770.0,5770.0,320.0,27696000.0,6682
2023-05-10 21:32:17,ag2305,ag2305,5770.0,0.0,0.0,0.0,2,5757.0,5772.0,4,5770.0,5770.0,5770.0,5770.0,320.0,27696000.0,6682
2023-05-10 21:32:18,ag2305,ag2305,5770.0,0.0,0.0,0.0,2,5757.0,5768.0,2,5770.0,5770.0,5770.0,5770.0,320.0,27696000.0,6682
2023-05-10 21:32:19,ag2305,ag2305,5770.0,0.0,0.0,0.0,2,5757.0,5768.0,2,5770.0,5770.0,5770.0,5770.0,320.0,27696000.0,6682
2023-05-10 21:32:27,ag2305,ag2305,5770.0,0.0,0.0,0.0,2,5757.0,5768.0,6,5770.0,5770.0,5770.0,5770.0,320.0,27696000.0,6682
2023-05-10 21:32:29,ag2305,ag2305,5770.0,0.0,0.0,0.0,2,5757.0,5768.0,2,5770.0,5770.0,5770.0,5770.0,320.0,27696000.0,6682
2023-05-10 21:32:30,ag2305,ag2305,5770.0,0.0,0.0,0.0,2,5757.0,5768.0,6,5770.0,5770.0,5770.0,5770.0,320.0,27696000.0,6682
2023-05-10 21:32:34,ag2305,ag2305,5770.0,0.0,0.0,0.0,2,5757.0,5767.0,4,5770.0,5770.0,5770.0,5770.0,320.0,27696000.0,6682
2023-05-10 21:32:35,ag2305,ag2305,5770.0,0.0,0.0,0.0,2,5726.0,5766.0,2,5770.0,5770.0,5770.0,5770.0,320.0,27696000.0,6682
2023-05-10 21:32:35,ag2305,ag2305,5770.0,0.0,0.0,0.0,2,5756.0,5766.0,2,5770.0,5770.0,5770.0,5770.0,320.0,27696000.0,6682
2023-05-10 21:32:36,ag2305,ag2305,5770.0,0.0,0.0,0.0,2,5756.0,5766.0,6,5770.0,5770.0,5770.0,5770.0,320.0,27696000.0,6682
2023-05-10 21:32:37,ag2305,ag2305,5770.0,0.0,0.0,0.0,2,5756.0,5766.0,2,5770.0,5770.0,5770.0,5770.0,320.0,27696000.0,6682
2023-05-10 21:32:43,ag2305,ag2305,5770.0,0.0,0.0,0.0,2,5726.0,5765.0,4,5770.0,5770.0,5770.0,5770.0,320.0,27696000.0,6682
2023-05-10 21:32:44,ag2305,ag2305,5770.0,0.0,0.0,0.0,2,5726.0,5764.0,2,5770.0,5770.0,5770.0,5770.0,320.0,27696000.0,6682
2023-05-10 21:32:44,ag2305,ag2305,5770.0,0.0,0.0,0.0,2,5754.0,5764.0,2,5770.0,5770.0,5770.0,5770.0,320.0,27696000.0,6682
2023-05-10 21:32:50,ag2305,ag2305,5770.0,0.0,0.0,0.0,2,5764.0,5854.0,2,5770.0,5770.0,5770.0,5770.0,320.0,27696000.0,6682
2023-05-10 21:32:51,ag2305,ag2305,5770.0,0.0,0.0,0.0,2,5726.0,5766.0,2,5770.0,5770.0,5770.0,5770.0,320.0,27696000.0,6682
2023-05-10 21:32:51,ag2305,ag2305,5770.0,0.0,0.0,0.0,2,5756.0,5766.0,2,5770.0,5770.0,5770.0,5770.0,320.0,27696000.0,6682
2023-05-10 21:32:55,ag2305,ag2305,5770.0,0.0,0.0,0.0,2,5726.0,5766.0,6,5770.0,5770.0,5770.0,5770.0,320.0,27696000.0,6682
2023-05-10 21:32:59,ag2305,ag2305,5770.0,0.0,0.0,0.0,2,5726.0,5765.0,4,5770.0,5770.0,5770.0,5770.0,320.0,27696000.0,6682
2023-05-10 21:32:59,ag2305,ag2305,5770.0,0.0,0.0,0.0,2,5726.0,5764.0,2,5770.0,5770.0,5770.0,5770.0,320.0,27696000.0,6682
2023-05-10 21:33:00,ag2305,ag2305,5770.0,0.0,0.0,0.0,2,5754.0,5764.0,2,5770.0,5770.0,5770.0,5770.0,320.0,27696000.0,6682
2023-05-10 21:33:01,ag2305,ag2305,5770.0,0.0,0.0,0.0,2,5726.0,5764.0,6,5770.0,5770.0,5770.0,5770.0,320.0,27696000.0,6682
2023-05-10 21:33:03,ag2305,ag2305,5770.0,0.0,0.0,0.0,2,5726.0,5764.0,2,5770.0,5770.0,5770.0,5770.0,320.0,27696000.0,6682
2023-05-10 21:33:04,ag2305,ag2305,5770.0,0.0,0.0,0.0,2,5754.0,5764.0,2,5770.0,5770.0,5770.0,5770.0,320.0,27696000.0,6682
2023-05-10 21:33:06,ag2305,ag2305,5770.0,0.0,0.0,0.0,2,5764.0,5769.0,4,5770.0,5770.0,5770.0,5770.0,320.0,27696000.0,6682
2023-05-10 21:33:07,ag2305,ag2305,5770.0,0.0,0.0,0.0,2,5764.0,5766.0,2,5770.0,5770.0,5770.0,5770.0,320.0,27696000.0,6682
2023-05-10 21:33:08,ag2305,ag2305,5770.0,0.0,0.0,0.0,2,5764.0,5766.0,2,5770.0,5770.0,5770.0,5770.0,320.0,27696000.0,6682
2023-05-10 21:33:10,ag2305,ag2305,5770.0,0.0,0.0,0.0,2,5764.0,5766.0,6,5770.0,5770.0,5770.0,5770.0,320.0,27696000.0,6682
2023-05-10 21:33:19,ag2305,ag2305,5770.0,0.0,0.0,0.0,2,5764.0,5766.0,4,5770.0,5770.0,5770.0,5770.0,320.0,27696000.0,6682
2023-05-10 21:33:19,ag2305,ag2305,5770.0,0.0,0.0,0.0,2,5764.0,5766.0,2,5770.0,5770.0,5770.0,5770.0,320.0,27696000.0,6682
2023-05-10 21:33:23,ag2305,ag2305,5770.0,0.0,0.0,0.0,2,5764.0,5854.0,2,5770.0,5770.0,5770.0,5770.0,320.0,27696000.0,6682
2023-05-10 21:33:24,ag2305,ag2305,5770.0,0.0,0.0,0.0,2,5726.0,5768.0,2,5770.0,5770.0,5770.0,5770.0,320.0,27696000.0,6682
2023-05-10 21:33:24,ag2305,ag2305,5770.0,0.0,0.0,0.0,4,5727.0,5768.0,2,5770.0,5770.0,5770.0,5770.0,320.0,27696000.0,6682
2023-05-10 21:33:28,ag2305,ag2305,5770.0,0.0,0.0,0.0,4,5727.0,5768.0,2,5770.0,5770.0,5770.0,5770.0,320.0,27696000.0,6682
2023-05-10 21:33:28,ag2305,ag2305,5770.0,0.0,0.0,0.0,2,5759.0,5768.0,2,5770.0,5770.0,5770.0,5770.0,320.0,27696000.0,6682
2023-05-10 21:33:29,ag2305,ag2305,5770.0,0.0,0.0,0.0,2,5759.0,5768.0,2,5770.0,5770.0,5770.0,5770.0,320.0,27696000.0,6682
2023-05-10 21:33:29,ag2305,ag2305,5770.0,0.0,0.0,0.0,2,5768.0,5854.0,2,5770.0,5770.0,5770.0,5770.0,320.0,27696000.0,6682
2023-05-10 21:33:30,ag2305,ag2305,5770.0,0.0,0.0,0.0,2,5759.0,5770.0,6,5770.0,5770.0,5770.0,5770.0,320.0,27696000.0,6682
2023-05-10 21:33:31,ag2305,ag2305,5770.0,0.0,0.0,0.0,2,5759.0,5769.0,4,5770.0,5770.0,5770.0,5770.0,320.0,27696000.0,6682
2023-05-10 21:33:31,ag2305,ag2305,5770.0,0.0,0.0,0.0,2,5759.0,5769.0,2,5770.0,5770.0,5770.0,5770.0,320.0,27696000.0,6682
2023-05-10 21:33:33,ag2305,ag2305,5770.0,0.0,0.0,0.0,2,5759.0,5769.0,2,5770.0,5770.0,5770.0,5770.0,320.0,27696000.0,6682
2023-05-10 21:33:47,ag2305,ag2305,5770.0,0.0,0.0,0.0,2,5769.0,5854.0,2,5770.0,5770.0,5770.0,5770.0,320.0,27696000.0,6682
2023-05-10 21:33:48,ag2305,ag2305,5770.0,0.0,0.0,0.0,2,5726.0,5771.0,2,5770.0,5770.0,5770.0,5770.0,320.0,27696000.0,6682
2023-05-10 21:33:48,ag2305,ag2305,5770.0,0.0,0.0,0.0,2,5761.0,5771.0,2,5770.0,5770.0,5770.0,5770.0,320.0,27696000.0,6682
2023-05-10 21:33:49,ag2305,ag2305,5770.0,0.0,0.0,0.0,2,5761.0,5771.0,2,5770.0,5770.0,5770.0,5770.0,320.0,27696000.0,6682
2023-05-10 21:33:49,ag2305,ag2305,5770.0,0.0,0.0,0.0,2,5726.0,5771.0,6,5770.0,5770.0,5770.0,5770.0,320.0,27696000.0,6682
2023-05-10 21:33:50,ag2305,ag2305,5770.0,0.0,0.0,0.0,4,5729.0,5771.0,6,5770.0,5770.0,5770.0,5770.0,320.0,27696000.0,6682
2023-05-10 21:33:50,ag2305,ag2305,5770.0,0.0,0.0,0.0,4,5729.0,5770.0,4,5770.0,5770.0,5770.0,5770.0,320.0,27696000.0,6682
2023-05-10 21:33:51,ag2305,ag2305,5770.0,0.0,0.0,0.0,4,5729.0,5769.0,2,5770.0,5770.0,5770.0,5770.0,320.0,27696000.0,6682
2023-05-10 21:33:51,ag2305,ag2305,5770.0,0.0,0.0,0.0,2,5759.0,5769.0,2,5770.0,5770.0,5770.0,5770.0,320.0,27696000.0,6682
2023-05-10 21:33:52,ag2305,ag2305,5770.0,0.0,0.0,0.0,2,5759.0,5769.0,2,5770.0,5770.0,5770.0,5770.0,320.0,27696000.0,6682
2023-05-10 21:33:54,ag2305,ag2305,5770.0,0.0,0.0,0.0,2,5759.0,5769.0,2,5770.0,5770.0,5770.0,5770.0,320.0,27696000.0,6682
2023-05-10 21:34:07,ag2305,ag2305,5770.0,0.0,0.0,0.0,2,5759.0,5774.0,4,5770.0,5770.0,5770.0,5770.0,320.0,27696000.0,6682
2023-05-10 21:34:07,ag2305,ag2305,5770.0,0.0,0.0,0.0,2,5759.0,5771.0,6,5770.0,5770.0,5770.0,5770.0,320.0,27696000.0,6682
2023-05-10 21:34:12,ag2305,ag2305,5770.0,0.0,0.0,0.0,2,5759.0,5770.0,4,5770.0,5770.0,5770.0,5770.0,320.0,27696000.0,6682
2023-05-10 21:34:13,ag2305,ag2305,5770.0,0.0,0.0,0.0,2,5759.0,5769.0,2,5770.0,5770.0,5770.0,5770.0,320.0,27696000.0,6682
2023-05-10 21:34:14,ag2305,ag2305,5770.0,0.0,0.0,0.0,2,5759.0,5769.0,2,5770.0,5770.0,5770.0,5770.0,320.0,27696000.0,6682
2023-05-10 21:34:16,ag2305,ag2305,5770.0,0.0,0.0,0.0,2,5726.0,5769.0,2,5770.0,5770.0,5770.0,5770.0,320.0,27696000.0,6682
2023-05-10 21:34:17,ag2305,ag2305,5770.0,0.0,0.0,0.0,2,5759.0,5769.0,2,5770.0,5770.0,5770.0,5770.0,320.0,27696000.0,6682
2023-05-10 21:34:17,ag2305,ag2305,5770.0,0.0,0.0,0.0,2,5759.0,5769.0,2,5770.0,5770.0,5770.0,5770.0,320.0,27696000.0,6682
2023-05-10 21:34:23,ag2305,ag2305,5770.0,0.0,0.0,0.0,2,5726.0,5769.0,6,5770.0,5770.0,5770.0,5770.0,320.0,27696000.0,6682
2023-05-10 21:34:24,ag2305,ag2305,5770.0,0.0,0.0,0.0,4,5727.0,5769.0,6,5770.0,5770.0,5770.0,5770.0,320.0,27696000.0,6682
2023-05-10 21:34:24,ag2305,ag2305,5770.0,0.0,0.0,0.0,4,5727.0,5769.0,2,5770.0,5770.0,5770.0,5770.0,320.0,27696000.0,6682
2023-05-10 21:34:25,ag2305,ag2305,5770.0,0.0,0.0,0.0,2,5759.0,5769.0,2,5770.0,5770.0,5770.0,5770.0,320.0,27696000.0,6682
2023-05-10 21:34:25,ag2305,ag2305,5770.0,0.0,0.0,0.0,2,5759.0,5769.0,2,5770.0,5770.0,5770.0,5770.0,320.0,27696000.0,6682
2023-05-10 21:34:26,ag2305,ag2305,5770.0,0.0,0.0,0.0,2,5759.0,5854.0,2,5770.0,5770.0,5770.0,5770.0,320.0,27696000.0,6682
2023-05-10 21:34:27,ag2305,ag2305,5770.0,0.0,0.0,0.0,2,5759.0,5771.0,2,5770.0,5770.0,5770.0,5770.0,320.0,27696000.0,6682
2023-05-10 21:34:28,ag2305,ag2305,5770.0,0.0,0.0,0.0,2,5759.0,5771.0,4,5770.0,5770.0,5770.0,5770.0,320.0,27696000.0,6682
2023-05-10 21:34:29,ag2305,ag2305,5770.0,0.0,0.0,0.0,2,5759.0,5771.0,6,5770.0,5770.0,5770.0,5770.0,320.0,27696000.0,6682
2023-05-10 21:34:38,ag2305,ag2305,5770.0,0.0,0.0,0.0,2,5759.0,5771.0,2,5770.0,5770.0,5770.0,5770.0,320.0,27696000.0,6682
2023-05-10 21:34:40,ag2305,ag2305,5770.0,0.0,0.0,0.0,2,5759.0,5771.0,4,5770.0,5770.0,5770.0,5770.0,320.0,27696000.0,6682
2023-05-10 21:34:40,ag2305,ag2305,5770.0,0.0,0.0,0.0,2,5759.0,5771.0,6,5770.0,5770.0,5770.0,5770.0,320.0,27696000.0,6682
2023-05-10 21:34:47,ag2305,ag2305,5770.0,0.0,0.0,0.0,2,5759.0,5771.0,2,5770.0,5770.0,5770.0,5770.0,320.0,27696000.0,6682
2023-05-10 21:34:48,ag2305,ag2305,5770.0,0.0,0.0,0.0,2,5759.0,5770.0,4,5770.0,5770.0,5770.0,5770.0,320.0,27696000.0,6682
2023-05-10 21:34:48,ag2305,ag2305,5770.0,0.0,0.0,0.0,2,5759.0,5769.0,2,5770.0,5770.0,5770.0,5770.0,320.0,27696000.0,6682
2023-05-10 21:34:49,ag2305,ag2305,5770.0,0.0,0.0,0.0,2,5759.0,5769.0,2,5770.0,5770.0,5770.0,5770.0,320.0,27696000.0,6682
2023-05-10 21:34:50,ag2305,ag2305,5770.0,0.0,0.0,0.0,2,5726.0,5769.0,2,5770.0,5770.0,5770.0,5770.0,320.0,27696000.0,6682
2023-05-10 21:34:50,ag2305,ag2305,5770.0,0.0,0.0,0.0,2,5759.0,5854.0,2,5770.0,5770.0,5770.0,5770.0,320.0,27696000.0,6682
2023-05-10 21:34:51,ag2305,ag2305,5770.0,0.0,0.0,0.0,2,5759.0,5769.0,2,5770.0,5770.0,5770.0,5770.0,320.0,27696000.0,6682
2023-05-10 21:34:54,ag2305,ag2305,5770.0,0.0,0.0,0.0,2,5726.0,5769.0,2,5770.0,5770.0,5770.0,5770.0,320.0,27696000.0,6682
2023-05-10 21:34:54,ag2305,ag2305,5770.0,0.0,0.0,0.0,4,5727.0,5769.0,6,5770.0,5770.0,5770.0,5770.0,320.0,27696000.0,6682
2023-05-10 21:34:55,ag2305,ag2305,5770.0,0.0,0.0,0.0,4,5727.0,5768.0,4,5770.0,5770.0,5770.0,5770.0,320.0,27696000.0,6682
2023-05-10 21:34:55,ag2305,ag2305,5770.0,0.0,0.0,0.0,4,5727.0,5767.0,2,5770.0,5770.0,5770.0,5770.0,320.0,27696000.0,6682
2023-05-10 21:34:56,ag2305,ag2305,5770.0,0.0,0.0,0.0,2,5757.0,5767.0,2,5770.0,5770.0,5770.0,5770.0,320.0,27696000.0,6682
2023-05-10 21:34:56,ag2305,ag2305,5770.0,0.0,0.0,0.0,2,5757.0,5767.0,2,5770.0,5770.0,5770.0,5770.0,320.0,27696000.0,6682
2023-05-10 21:34:57,ag2305,ag2305,5770.0,0.0,0.0,0.0,2,5757.0,5767.0,2,5770.0,5770.0,5770.0,5770.0,320.0,27696000.0,6682
2023-05-10 21:35:00,ag2305,ag2305,5770.0,0.0,0.0,0.0,2,5726.0,5767.0,6,5770.0,5770.0,5770.0,5770.0,320.0,27696000.0,6682
2023-05-10 21:35:02,ag2305,ag2305,5770.0,0.0,0.0,0.0,2,5726.0,5766.0,4,5770.0,5770.0,5770.0,5770.0,320.0,27696000.0,6682
2023-05-10 21:35:03,ag2305,ag2305,5770.0,0.0,0.0,0.0,2,5726.0,5765.0,2,5770.0,5770.0,5770.0,5770.0,320.0,27696000.0,6682
2023-05-10 21:35:03,ag2305,ag2305,5770.0,0.0,0.0,0.0,2,5755.0,5765.0,2,5770.0,5770.0,5770.0,5770.0,320.0,27696000.0,6682
2023-05-10 21:35:14,ag2305,ag2305,5770.0,0.0,0.0,0.0,2,5765.0,5854.0,2,5770.0,5770.0,5770.0,5770.0,320.0,27696000.0,6682
2023-05-10 21:35:14,ag2305,ag2305,5770.0,0.0,0.0,0.0,2,5726.0,5767.0,2,5770.0,5770.0,5770.0,5770.0,320.0,27696000.0,6682
2023-05-10 21:35:15,ag2305,ag2305,5770.0,0.0,0.0,0.0,2,5757.0,5767.0,2,5770.0,5770.0,5770.0,5770.0,320.0,27696000.0,6682
2023-05-10 21:35:15,ag2305,ag2305,5770.0,0.0,0.0,0.0,2,5757.0,5767.0,2,5770.0,5770.0,5770.0,5770.0,320.0,27696000.0,6682
2023-05-10 21:35:26,ag2305,ag2305,5770.0,0.0,0.0,0.0,2,5767.0,5854.0,2,5770.0,5770.0,5770.0,5770.0,320.0,27696000.0,6682
2023-05-10 21:35:27,ag2305,ag2305,5770.0,0.0,0.0,0.0,2,5726.0,5769.0,2,5770.0,5770.0,5770.0,5770.0,320.0,27696000.0,6682
2023-05-10 21:35:27,ag2305,ag2305,5770.0,0.0,0.0,0.0,2,5760.0,5769.0,2,5770.0,5770.0,5770.0,5770.0,320.0,27696000.0,6682
2023-05-10 21:35:28,ag2305,ag2305,5770.0,0.0,0.0,0.0,2,5760.0,5769.0,2,5770.0,5770.0,5770.0,5770.0,320.0,27696000.0,6682
2023-05-10 21:35:30,ag2305,ag2305,5770.0,0.0,0.0,0.0,2,5726.0,5769.0,2,5770.0,5770.0,5770.0,5770.0,320.0,27696000.0,6682
2023-05-10 21:35:30,ag2305,ag2305,5770.0,0.0,0.0,0.0,4,5727.0,5769.0,2,5770.0,5770.0,5770.0,5770.0,320.0,27696000.0,6682
2023-05-10 21:35:31,ag2305,ag2305,5770.0,0.0,0.0,0.0,4,5727.0,5769.0,4,5770.0,5770.0,5770.0,5770.0,320.0,27696000.0,6682
2023-05-10 21:35:32,ag2305,ag2305,5770.0,0.0,0.0,0.0,4,5727.0,5768.0,4,5770.0,5770.0,5770.0,5770.0,320.0,27696000.0,6682
2023-05-10 21:35:32,ag2305,ag2305,5770.0,0.0,0.0,0.0,4,5727.0,5767.0,2,5770.0,5770.0,5770.0,5770.0,320.0,27696000.0,6682
2023-05-10 21:35:33,ag2305,ag2305,5770.0,0.0,0.0,0.0,2,5757.0,5767.0,2,5770.0,5770.0,5770.0,5770.0,320.0,27696000.0,6682
2023-05-10 21:35:33,ag2305,ag2305,5770.0,0.0,0.0,0.0,2,5757.0,5767.0,2,5770.0,5770.0,5770.0,5770.0,320.0,27696000.0,6682
2023-05-10 21:35:34,ag2305,ag2305,5770.0,0.0,0.0,0.0,2,5757.0,5767.0,2,5770.0,5770.0,5770.0,5770.0,320.0,27696000.0,6682
2023-05-10 21:35:35,ag2305,ag2305,5770.0,0.0,0.0,0.0,2,5767.0,5854.0,2,5770.0,5770.0,5770.0,5770.0,320.0,27696000.0,6682
2023-05-10 21:35:35,ag2305,ag2305,5770.0,0.0,0.0,0.0,2,5726.0,5769.0,2,5770.0,5770.0,5770.0,5770.0,320.0,27696000.0,6682
2023-05-10 21:35:36,ag2305,ag2305,5770.0,0.0,0.0,0.0,2,5759.0,5769.0,2,5770.0,5770.0,5770.0,5770.0,320.0,27696000.0,6682
2023-05-10 21:35:36,ag2305,ag2305,5770.0,0.0,0.0,0.0,2,5759.0,5769.0,2,5770.0,5770.0,5770.0,5770.0,320.0,27696000.0,6682
2023-05-10 21:35:45,ag2305,ag2305,5770.0,0.0,0.0,0.0,2,5769.0,5854.0,2,5770.0,5770.0,5770.0,5770.0,320.0,27696000.0,6682
2023-05-10 21:35:46,ag2305,ag2305,5770.0,0.0,0.0,0.0,2,5726.0,5771.0,2,5770.0,5770.0,5770.0,5770.0,320.0,27696000.0,6682
2023-05-10 21:35:46,ag2305,ag2305,5770.0,0.0,0.0,0.0,2,5761.0,5771.0,2,5770.0,5770.0,5770.0,5770.0,320.0,27696000.0,6682
2023-05-10 21:35:47,ag2305,ag2305,5770.0,0.0,0.0,0.0,2,5761.0,5771.0,2,5770.0,5770.0,5770.0,5770.0,320.0,27696000.0,6682
2023-05-10 21:35:53,ag2305,ag2305,5770.0,0.0,0.0,0.0,2,5726.0,5771.0,6,5770.0,5770.0,5770.0,5770.0,320.0,27696000.0,6682
2023-05-10 21:35:53,ag2305,ag2305,5770.0,0.0,0.0,0.0,4,5729.0,5771.0,6,5770.0,5770.0,5770.0,5770.0,320.0,27696000.0,6682
2023-05-10 21:35:56,ag2305,ag2305,5770.0,0.0,0.0,0.0,4,5729.0,5771.0,2,5770.0,5770.0,5770.0,5770.0,320.0,27696000.0,6682
2023-05-10 21:35:56,ag2305,ag2305,5770.0,0.0,0.0,0.0,2,5761.0,5771.0,2,5770.0,5770.0,5770.0,5770.0,320.0,27696000.0,6682
2023-05-10 21:35:57,ag2305,ag2305,5770.0,0.0,0.0,0.0,2,5761.0,5771.0,2,5770.0,5770.0,5770.0,5770.0,320.0,27696000.0,6682
2023-05-10 21:35:57,ag2305,ag2305,5770.0,0.0,0.0,0.0,2,5771.0,5854.0,2,5770.0,5770.0,5770.0,5770.0,320.0,27696000.0,6682
2023-05-10 21:35:58,ag2305,ag2305,5770.0,0.0,0.0,0.0,2,5726.0,5773.0,2,5770.0,5770.0,5770.0,5770.0,320.0,27696000.0,6682
2023-05-10 21:35:58,ag2305,ag2305,5770.0,0.0,0.0,0.0,4,5732.0,5773.0,6,5770.0,5770.0,5770.0,5770.0,320.0,27696000.0,6682
2023-05-10 21:36:02,ag2305,ag2305,5770.0,0.0,0.0,0.0,4,5732.0,5772.0,4,5770.0,5770.0,5770.0,5770.0,320.0,27696000.0,6682
2023-05-10 21:36:02,ag2305,ag2305,5770.0,0.0,0.0,0.0,4,5732.0,5771.0,2,5770.0,5770.0,5770.0,5770.0,320.0,27696000.0,6682
2023-05-10 21:36:03,ag2305,ag2305,5770.0,0.0,0.0,0.0,2,5761.0,5771.0,2,5770.0,5770.0,5770.0,5770.0,320.0,27696000.0,6682
2023-05-10 21:36:03,ag2305,ag2305,5770.0,0.0,0.0,0.0,2,5761.0,5771.0,2,5770.0,5770.0,5770.0,5770.0,320.0,27696000.0,6682
2023-05-10 21:36:04,ag2305,ag2305,5770.0,0.0,0.0,0.0,2,5761.0,5771.0,2,5770.0,5770.0,5770.0,5770.0,320.0,27696000.0,6682
2023-05-10 21:36:08,ag2305,ag2305,5770.0,0.0,0.0,0.0,2,5771.0,5776.0,4,5770.0,5770.0,5770.0,5770.0,320.0,27696000.0,6682
2023-05-10 21:36:09,ag2305,ag2305,5770.0,0.0,0.0,0.0,2,5771.0,5775.0,2,5770.0,5770.0,5770.0,5770.0,320.0,27696000.0,6682
2023-05-10 21:36:11,ag2305,ag2305,5770.0,0.0,0.0,0.0,2,5771.0,5775.0,6,5770.0,5770.0,5770.0,5770.0,320.0,27696000.0,6682
2023-05-10 21:36:12,ag2305,ag2305,5770.0,0.0,0.0,0.0,2,5771.0,5774.0,4,5770.0,5770.0,5770.0,5770.0,320.0,27696000.0,6682
2023-05-10 21:36:12,ag2305,ag2305,5770.0,0.0,0.0,0.0,2,5771.0,5773.0,2,5770.0,5770.0,5770.0,5770.0,320.0,27696000.0,6682
2023-05-10 21:36:13,ag2305,ag2305,5770.0,0.0,0.0,0.0,2,5771.0,5773.0,2,5770.0,5770.0,5770.0,5770.0,320.0,27696000.0,6682
2023-05-10 21:36:14,ag2305,ag2305,5770.0,0.0,0.0,0.0,2,5771.0,5854.0,2,5770.0,5770.0,5770.0,5770.0,320.0,27696000.0,6682
2023-05-10 21:36:14,ag2305,ag2305,5770.0,0.0,0.0,0.0,2,5726.0,5775.0,2,5770.0,5770.0,5770.0,5770.0,320.0,27696000.0,6682
2023-05-10 21:36:15,ag2305,ag2305,5770.0,0.0,0.0,0.0,4,5734.0,5775.0,2,5770.0,5770.0,5770.0,5770.0,320.0,27696000.0,6682
2023-05-10 21:36:16,ag2305,ag2305,5770.0,0.0,0.0,0.0,4,5734.0,5775.0,6,5770.0,5770.0,5770.0,5770.0,320.0,27696000.0,6682
2023-05-10 21:36:17,ag2305,ag2305,5770.0,0.0,0.0,0.0,4,5734.0,5775.0,2,5770.0,5770.0,5770.0,5770.0,320.0,27696000.0,6682
2023-05-10 21:36:17,ag2305,ag2305,5770.0,0.0,0.0,0.0,4,5734.0,5775.0,6,5770.0,5770.0,5770.0,5770.0,320.0,27696000.0,6682
2023-05-10 21:36:18,ag2305,ag2305,5770.0,0.0,0.0,0.0,2,5726.0,5774.0,4,5770.0,5770.0,5770.0,5770.0,320.0,27696000.0,6682
2023-05-10 21:36:18,ag2305,ag2305,5770.0,0.0,0.0,0.0,4,5732.0,5773.0,2,5770.0,5770.0,5770.0,5770.0,320.0,27696000.0,6682
2023-05-10 21:36:20,ag2305,ag2305,5770.0,0.0,0.0,0.0,4,5732.0,5773.0,2,5770.0,5770.0,5770.0,5770.0,320.0,27696000.0,6682
2023-05-10 21:36:21,ag2305,ag2305,5770.0,0.0,0.0,0.0,4,5732.0,5773.0,2,5770.0,5770.0,5770.0,5770.0,320.0,27696000.0,6682
2023-05-10 21:36:24,ag2305,ag2305,5770.0,0.0,0.0,0.0,4,5732.0,5773.0,6,5770.0,5770.0,5770.0,5770.0,320.0,27696000.0,6682
2023-05-10 21:36:25,ag2305,ag2305,5770.0,0.0,0.0,0.0,4,5732.0,5773.0,2,5770.0,5770.0,5770.0,5770.0,320.0,27696000.0,6682
2023-05-10 21:36:27,ag2305,ag2305,5770.0,0.0,0.0,0.0,4,5732.0,5773.0,6,5770.0,5770.0,5770.0,5770.0,320.0,27696000.0,6682
2023-05-10 21:36:28,ag2305,ag2305,5770.0,0.0,0.0,0.0,4,5732.0,5773.0,2,5770.0,5770.0,5770.0,5770.0,320.0,27696000.0,6682
2023-05-10 21:36:35,ag2305,ag2305,5770.0,0.0,0.0,0.0,4,5732.0,5776.0,2,5770.0,5770.0,5770.0,5770.0,320.0,27696000.0,6682
2023-05-10 21:36:36,ag2305,ag2305,5770.0,0.0,0.0,0.0,2,5733.0,5775.0,2,5770.0,5770.0,5770.0,5770.0,320.0,27696000.0,6682
2023-05-10 21:36:36,ag2305,ag2305,5770.0,0.0,0.0,0.0,6,5733.0,5775.0,2,5770.0,5770.0,5770.0,5770.0,320.0,27696000.0,6682
2023-05-10 21:36:37,ag2305,ag2305,5770.0,0.0,0.0,0.0,6,5733.0,5775.0,2,5770.0,5770.0,5770.0,5770.0,320.0,27696000.0,6682
2023-05-10 21:36:39,ag2305,ag2305,5770.0,0.0,0.0,0.0,6,5733.0,5775.0,2,5770.0,5770.0,5770.0,5770.0,320.0,27696000.0,6682
2023-05-10 21:36:40,ag2305,ag2305,5770.0,0.0,0.0,0.0,2,5765.0,5775.0,2,5770.0,5770.0,5770.0,5770.0,320.0,27696000.0,6682
2023-05-10 21:36:40,ag2305,ag2305,5770.0,0.0,0.0,0.0,2,5765.0,5775.0,2,5770.0,5770.0,5770.0,5770.0,320.0,27696000.0,6682
2023-05-10 21:36:41,ag2305,ag2305,5770.0,0.0,0.0,0.0,2,5765.0,5775.0,6,5770.0,5770.0,5770.0,5770.0,320.0,27696000.0,6682
2023-05-10 21:36:42,ag2305,ag2305,5770.0,0.0,0.0,0.0,2,5733.0,5775.0,6,5770.0,5770.0,5770.0,5770.0,320.0,27696000.0,6682
2023-05-10 21:36:42,ag2305,ag2305,5770.0,0.0,0.0,0.0,6,5733.0,5775.0,6,5770.0,5770.0,5770.0,5770.0,320.0,27696000.0,6682
2023-05-10 21:36:43,ag2305,ag2305,5770.0,0.0,0.0,0.0,6,5733.0,5775.0,4,5770.0,5770.0,5770.0,5770.0,320.0,27696000.0,6682
2023-05-10 21:36:43,ag2305,ag2305,5770.0,0.0,0.0,0.0,2,5765.0,5775.0,2,5770.0,5770.0,5770.0,5770.0,320.0,27696000.0,6682
2023-05-10 21:36:44,ag2305,ag2305,5770.0,0.0,0.0,0.0,2,5765.0,5775.0,2,5770.0,5770.0,5770.0,5770.0,320.0,27696000.0,6682
2023-05-10 21:36:51,ag2305,ag2305,5770.0,0.0,0.0,0.0,2,5775.0,5854.0,2,5770.0,5770.0,5770.0,5770.0,320.0,27696000.0,6682
2023-05-10 21:36:51,ag2305,ag2305,5770.0,0.0,0.0,0.0,2,5733.0,5777.0,2,5770.0,5770.0,5770.0,5770.0,320.0,27696000.0,6682
2023-05-10 21:36:52,ag2305,ag2305,5770.0,0.0,0.0,0.0,2,5767.0,5777.0,2,5770.0,5770.0,5770.0,5770.0,320.0,27696000.0,6682
2023-05-10 21:36:52,ag2305,ag2305,5770.0,0.0,0.0,0.0,2,5767.0,5777.0,2,5770.0,5770.0,5770.0,5770.0,320.0,27696000.0,6682
2023-05-10 21:36:53,ag2305,ag2305,5770.0,0.0,0.0,0.0,2,5733.0,5777.0,6,5770.0,5770.0,5770.0,5770.0,320.0,27696000.0,6682
2023-05-10 21:36:53,ag2305,ag2305,5770.0,0.0,0.0,0.0,2,5767.0,5777.0,2,5770.0,5770.0,5770.0,5770.0,320.0,27696000.0,6682
2023-05-10 21:36:54,ag2305,ag2305,5770.0,0.0,0.0,0.0,2,5767.0,5777.0,2,5770.0,5770.0,5770.0,5770.0,320.0,27696000.0,6682
2023-05-10 21:36:57,ag2305,ag2305,5770.0,0.0,0.0,0.0,2,5777.0,5854.0,2,5770.0,5770.0,5770.0,5770.0,320.0,27696000.0,6682
2023-05-10 21:36:58,ag2305,ag2305,5770.0,0.0,0.0,0.0,2,5733.0,5779.0,6,5770.0,5770.0,5770.0,5770.0,320.0,27696000.0,6682
2023-05-10 21:36:58,ag2305,ag2305,5770.0,0.0,0.0,0.0,4,5737.0,5779.0,6,5770.0,5770.0,5770.0,5770.0,320.0,27696000.0,6682
2023-05-10 21:37:00,ag2305,ag2305,5770.0,0.0,0.0,0.0,4,5737.0,5777.0,4,5770.0,5770.0,5770.0,5770.0,320.0,27696000.0,6682
2023-05-10 21:37:01,ag2305,ag2305,5770.0,0.0,0.0,0.0,4,5737.0,5776.0,2,5770.0,5770.0,5770.0,5770.0,320.0,27696000.0,6682
2023-05-10 21:37:01,ag2305,ag2305,5770.0,0.0,0.0,0.0,2,5766.0,5776.0,2,5770.0,5770.0,5770.0,5770.0,320.0,27696000.0,6682
2023-05-10 21:37:02,ag2305,ag2305,5770.0,0.0,0.0,0.0,2,5766.0,5776.0,2,5770.0,5770.0,5770.0,5770.0,320.0,27696000.0,6682
2023-05-10 21:37:02,ag2305,ag2305,5770.0,0.0,0.0,0.0,2,5766.0,5776.0,2,5770.0,5770.0,5770.0,5770.0,320.0,27696000.0,6682
2023-05-10 21:37:04,ag2305,ag2305,5770.0,0.0,0.0,0.0,2,5776.0,5781.0,4,5770.0,5770.0,5770.0,5770.0,320.0,27696000.0,6682
2023-05-10 21:37:05,ag2305,ag2305,5770.0,0.0,0.0,0.0,2,5733.0,5778.0,6,5770.0,5770.0,5770.0,5770.0,320.0,27696000.0,6682
2023-05-10 21:37:05,ag2305,ag2305,5770.0,0.0,0.0,0.0,4,5736.0,5778.0,6,5770.0,5770.0,5770.0,5770.0,320.0,27696000.0,6682
2023-05-10 21:37:06,ag2305,ag2305,5770.0,0.0,0.0,0.0,4,5736.0,5778.0,2,5770.0,5770.0,5770.0,5770.0,320.0,27696000.0,6682
2023-05-10 21:37:07,ag2305,ag2305,5770.0,0.0,0.0,0.0,2,5768.0,5778.0,2,5770.0,5770.0,5770.0,5770.0,320.0,27696000.0,6682
2023-05-10 21:37:07,ag2305,ag2305,5770.0,0.0,0.0,0.0,2,5768.0,5778.0,2,5770.0,5770.0,5770.0,5770.0,320.0,27696000.0,6682
2023-05-10 21:37:10,ag2305,ag2305,5770.0,0.0,0.0,0.0,2,5733.0,5778.0,6,5770.0,5770.0,5770.0,5770.0,320.0,27696000.0,6682
2023-05-10 21:37:11,ag2305,ag2305,5770.0,0.0,0.0,0.0,4,5736.0,5778.0,2,5770.0,5770.0,5770.0,5770.0,320.0,27696000.0,6682
2023-05-10 21:37:11,ag2305,ag2305,5770.0,0.0,0.0,0.0,2,5768.0,5778.0,2,5770.0,5770.0,5770.0,5770.0,320.0,27696000.0,6682
2023-05-10 21:37:12,ag2305,ag2305,5770.0,0.0,0.0,0.0,2,5768.0,5778.0,2,5770.0,5770.0,5770.0,5770.0,320.0,27696000.0,6682
2023-05-10 21:37:13,ag2305,ag2305,5770.0,0.0,0.0,0.0,2,5733.0,5778.0,6,5770.0,5770.0,5770.0,5770.0,320.0,27696000.0,6682
2023-05-10 21:37:13,ag2305,ag2305,5770.0,0.0,0.0,0.0,4,5736.0,5778.0,4,5770.0,5770.0,5770.0,5770.0,320.0,27696000.0,6682
2023-05-10 21:37:14,ag2305,ag2305,5770.0,0.0,0.0,0.0,4,5736.0,5778.0,2,5770.0,5770.0,5770.0,5770.0,320.0,27696000.0,6682
2023-05-10 21:37:14,ag2305,ag2305,5770.0,0.0,0.0,0.0,2,5737.0,5778.0,2,5770.0,5770.0,5770.0,5770.0,320.0,27696000.0,6682
2023-05-10 21:37:15,ag2305,ag2305,5770.0,0.0,0.0,0.0,2,5768.0,5778.0,2,5770.0,5770.0,5770.0,5770.0,320.0,27696000.0,6682
2023-05-10 21:37:15,ag2305,ag2305,5770.0,0.0,0.0,0.0,2,5768.0,5778.0,2,5770.0,5770.0,5770.0,5770.0,320.0,27696000.0,6682
2023-05-10 21:37:22,ag2305,ag2305,5770.0,0.0,0.0,0.0,2,5768.0,5778.0,2,5770.0,5770.0,5770.0,5770.0,320.0,27696000.0,6682
2023-05-10 21:37:27,ag2305,ag2305,5770.0,0.0,0.0,0.0,2,5778.0,5854.0,2,5770.0,5770.0,5770.0,5770.0,320.0,27696000.0,6682
2023-05-10 21:37:27,ag2305,ag2305,5770.0,0.0,0.0,0.0,2,5733.0,5780.0,2,5770.0,5770.0,5770.0,5770.0,320.0,27696000.0,6682
2023-05-10 21:37:28,ag2305,ag2305,5770.0,0.0,0.0,0.0,2,5770.0,5780.0,2,5770.0,5770.0,5770.0,5770.0,320.0,27696000.0,6682
2023-05-10 21:37:28,ag2305,ag2305,5770.0,0.0,0.0,0.0,2,5770.0,5780.0,2,5770.0,5770.0,5770.0,5770.0,320.0,27696000.0,6682
2023-05-10 21:37:29,ag2305,ag2305,5770.0,0.0,0.0,0.0,2,5780.0,5854.0,2,5770.0,5770.0,5770.0,5770.0,320.0,27696000.0,6682
2023-05-10 21:37:30,ag2305,ag2305,5770.0,0.0,0.0,0.0,2,5733.0,5782.0,2,5770.0,5770.0,5770.0,5770.0,320.0,27696000.0,6682
2023-05-10 21:37:30,ag2305,ag2305,5770.0,0.0,0.0,0.0,4,5740.0,5782.0,6,5770.0,5770.0,5770.0,5770.0,320.0,27696000.0,6682
2023-05-10 21:37:31,ag2305,ag2305,5770.0,0.0,0.0,0.0,4,5740.0,5781.0,4,5770.0,5770.0,5770.0,5770.0,320.0,27696000.0,6682
2023-05-10 21:37:32,ag2305,ag2305,5770.0,0.0,0.0,0.0,4,5740.0,5780.0,2,5770.0,5770.0,5770.0,5770.0,320.0,27696000.0,6682
2023-05-10 21:37:32,ag2305,ag2305,5770.0,0.0,0.0,0.0,2,5770.0,5780.0,2,5770.0,5770.0,5770.0,5770.0,320.0,27696000.0,6682
2023-05-10 21:37:33,ag2305,ag2305,5770.0,0.0,0.0,0.0,2,5770.0,5780.0,2,5770.0,5770.0,5770.0,5770.0,320.0,27696000.0,6682
2023-05-10 21:37:35,ag2305,ag2305,5770.0,0.0,0.0,0.0,2,5770.0,5780.0,2,5770.0,5770.0,5770.0,5770.0,320.0,27696000.0,6682
2023-05-10 21:37:37,ag2305,ag2305,5770.0,0.0,0.0,0.0,2,5780.0,5785.0,4,5770.0,5770.0,5770.0,5770.0,320.0,27696000.0,6682
2023-05-10 21:37:37,ag2305,ag2305,5770.0,0.0,0.0,0.0,2,5780.0,5782.0,2,5770.0,5770.0,5770.0,5770.0,320.0,27696000.0,6682
2023-05-10 21:37:39,ag2305,ag2305,5770.0,0.0,0.0,0.0,2,5780.0,5782.0,6,5770.0,5770.0,5770.0,5770.0,320.0,27696000.0,6682
2023-05-10 21:37:40,ag2305,ag2305,5780.0,2.0,173400.0,2.0,2,5733.0,5781.0,4,5770.0,5770.0,5780.0,5770.0,322.0,27869400.0,6684
2023-05-10 21:37:41,ag2305,ag2305,5780.0,0.0,0.0,0.0,4,5739.0,5780.0,2,5770.0,5770.0,5780.0,5770.0,322.0,27869400.0,6684
2023-05-10 21:37:41,ag2305,ag2305,5780.0,0.0,0.0,0.0,2,5770.0,5780.0,2,5770.0,5770.0,5780.0,5770.0,322.0,27869400.0,6684
2023-05-10 21:37:42,ag2305,ag2305,5780.0,0.0,0.0,0.0,2,5770.0,5780.0,2,5770.0,5770.0,5780.0,5770.0,322.0,27869400.0,6684
2023-05-10 21:37:43,ag2305,ag2305,5780.0,0.0,0.0,0.0,2,5733.0,5780.0,6,5770.0,5770.0,5780.0,5770.0,322.0,27869400.0,6684
2023-05-10 21:37:44,ag2305,ag2305,5780.0,0.0,0.0,0.0,4,5738.0,5779.0,4,5770.0,5770.0,5780.0,5770.0,322.0,27869400.0,6684
2023-05-10 21:37:44,ag2305,ag2305,5780.0,0.0,0.0,0.0,4,5738.0,5778.0,2,5770.0,5770.0,5780.0,5770.0,322.0,27869400.0,6684
2023-05-10 21:37:45,ag2305,ag2305,5780.0,0.0,0.0,0.0,2,5768.0,5778.0,2,5770.0,5770.0,5780.0,5770.0,322.0,27869400.0,6684
2023-05-10 21:37:45,ag2305,ag2305,5780.0,0.0,0.0,0.0,2,5768.0,5778.0,2,5770.0,5770.0,5780.0,5770.0,322.0,27869400.0,6684
2023-05-10 21:37:55,ag2305,ag2305,5780.0,0.0,0.0,0.0,2,5768.0,5778.0,2,5770.0,5770.0,5780.0,5770.0,322.0,27869400.0,6684
2023-05-10 21:37:58,ag2305,ag2305,5780.0,0.0,0.0,0.0,2,5768.0,5778.0,2,5770.0,5770.0,5780.0,5770.0,322.0,27869400.0,6684
2023-05-10 21:38:00,ag2305,ag2305,5780.0,0.0,0.0,0.0,2,5768.0,5778.0,2,5770.0,5770.0,5780.0,5770.0,322.0,27869400.0,6684
2023-05-10 21:38:01,ag2305,ag2305,5780.0,0.0,0.0,0.0,2,5778.0,5854.0,2,5770.0,5770.0,5780.0,5770.0,322.0,27869400.0,6684
2023-05-10 21:38:02,ag2305,ag2305,5780.0,0.0,0.0,0.0,2,5733.0,5780.0,2,5770.0,5770.0,5780.0,5770.0,322.0,27869400.0,6684
2023-05-10 21:38:02,ag2305,ag2305,5780.0,0.0,0.0,0.0,4,5739.0,5780.0,6,5770.0,5770.0,5780.0,5770.0,322.0,27869400.0,6684
2023-05-10 21:38:03,ag2305,ag2305,5780.0,0.0,0.0,0.0,4,5739.0,5779.0,4,5770.0,5770.0,5780.0,5770.0,322.0,27869400.0,6684
2023-05-10 21:38:03,ag2305,ag2305,5780.0,0.0,0.0,0.0,2,5769.0,5779.0,2,5770.0,5770.0,5780.0,5770.0,322.0,27869400.0,6684
2023-05-10 21:38:04,ag2305,ag2305,5780.0,0.0,0.0,0.0,2,5769.0,5779.0,2,5770.0,5770.0,5780.0,5770.0,322.0,27869400.0,6684
2023-05-10 21:38:04,ag2305,ag2305,5780.0,0.0,0.0,0.0,2,5733.0,5779.0,6,5770.0,5770.0,5780.0,5770.0,322.0,27869400.0,6684
2023-05-10 21:38:05,ag2305,ag2305,5780.0,0.0,0.0,0.0,4,5737.0,5779.0,6,5770.0,5770.0,5780.0,5770.0,322.0,27869400.0,6684
2023-05-10 21:38:06,ag2305,ag2305,5780.0,0.0,0.0,0.0,4,5737.0,5778.0,4,5770.0,5770.0,5780.0,5770.0,322.0,27869400.0,6684
2023-05-10 21:38:07,ag2305,ag2305,5780.0,0.0,0.0,0.0,4,5737.0,5777.0,2,5770.0,5770.0,5780.0,5770.0,322.0,27869400.0,6684
2023-05-10 21:38:07,ag2305,ag2305,5780.0,0.0,0.0,0.0,2,5767.0,5777.0,2,5770.0,5770.0,5780.0,5770.0,322.0,27869400.0,6684
2023-05-10 21:38:08,ag2305,ag2305,5780.0,0.0,0.0,0.0,2,5767.0,5777.0,2,5770.0,5770.0,5780.0,5770.0,322.0,27869400.0,6684
2023-05-10 21:38:10,ag2305,ag2305,5780.0,0.0,0.0,0.0,2,5733.0,5777.0,6,5770.0,5770.0,5780.0,5770.0,322.0,27869400.0,6684
2023-05-10 21:38:10,ag2305,ag2305,5780.0,0.0,0.0,0.0,4,5735.0,5777.0,6,5770.0,5770.0,5780.0,5770.0,322.0,27869400.0,6684
2023-05-10 21:38:12,ag2305,ag2305,5780.0,0.0,0.0,0.0,2,5736.0,5777.0,2,5770.0,5770.0,5780.0,5770.0,322.0,27869400.0,6684
2023-05-10 21:38:12,ag2305,ag2305,5780.0,0.0,0.0,0.0,2,5736.0,5777.0,6,5770.0,5770.0,5780.0,5770.0,322.0,27869400.0,6684
2023-05-10 21:38:16,ag2305,ag2305,5780.0,0.0,0.0,0.0,2,5736.0,5776.0,4,5770.0,5770.0,5780.0,5770.0,322.0,27869400.0,6684
2023-05-10 21:38:16,ag2305,ag2305,5780.0,0.0,0.0,0.0,2,5736.0,5775.0,2,5770.0,5770.0,5780.0,5770.0,322.0,27869400.0,6684
2023-05-10 21:38:17,ag2305,ag2305,5780.0,0.0,0.0,0.0,2,5765.0,5775.0,2,5770.0,5770.0,5780.0,5770.0,322.0,27869400.0,6684
2023-05-10 21:38:17,ag2305,ag2305,5780.0,0.0,0.0,0.0,2,5765.0,5775.0,2,5770.0,5770.0,5780.0,5770.0,322.0,27869400.0,6684
2023-05-10 21:38:19,ag2305,ag2305,5780.0,0.0,0.0,0.0,2,5765.0,5775.0,2,5770.0,5770.0,5780.0,5770.0,322.0,27869400.0,6684
2023-05-10 21:38:26,ag2305,ag2305,5780.0,0.0,0.0,0.0,2,5775.0,5783.0,4,5770.0,5770.0,5780.0,5770.0,322.0,27869400.0,6684
2023-05-10 21:38:27,ag2305,ag2305,5780.0,0.0,0.0,0.0,2,5733.0,5777.0,2,5770.0,5770.0,5780.0,5770.0,322.0,27869400.0,6684
2023-05-10 21:38:27,ag2305,ag2305,5780.0,0.0,0.0,0.0,4,5736.0,5777.0,6,5770.0,5770.0,5780.0,5770.0,322.0,27869400.0,6684
2023-05-10 21:38:41,ag2305,ag2305,5780.0,0.0,0.0,0.0,4,5736.0,5777.0,2,5770.0,5770.0,5780.0,5770.0,322.0,27869400.0,6684
2023-05-10 21:38:41,ag2305,ag2305,5780.0,0.0,0.0,0.0,4,5736.0,5777.0,6,5770.0,5770.0,5780.0,5770.0,322.0,27869400.0,6684
2023-05-10 21:38:42,ag2305,ag2305,5780.0,0.0,0.0,0.0,4,5736.0,5776.0,4,5770.0,5770.0,5780.0,5770.0,322.0,27869400.0,6684
2023-05-10 21:38:42,ag2305,ag2305,5780.0,0.0,0.0,0.0,4,5736.0,5775.0,2,5770.0,5770.0,5780.0,5770.0,322.0,27869400.0,6684
2023-05-10 21:38:43,ag2305,ag2305,5780.0,0.0,0.0,0.0,2,5766.0,5775.0,2,5770.0,5770.0,5780.0,5770.0,322.0,27869400.0,6684
2023-05-10 21:38:43,ag2305,ag2305,5780.0,0.0,0.0,0.0,2,5733.0,5775.0,2,5770.0,5770.0,5780.0,5770.0,322.0,27869400.0,6684
2023-05-10 21:38:44,ag2305,ag2305,5780.0,0.0,0.0,0.0,2,5765.0,5775.0,2,5770.0,5770.0,5780.0,5770.0,322.0,27869400.0,6684
2023-05-10 21:38:44,ag2305,ag2305,5780.0,0.0,0.0,0.0,2,5765.0,5775.0,2,5770.0,5770.0,5780.0,5770.0,322.0,27869400.0,6684
2023-05-10 21:38:53,ag2305,ag2305,5780.0,0.0,0.0,0.0,2,5765.0,5775.0,6,5770.0,5770.0,5780.0,5770.0,322.0,27869400.0,6684
2023-05-10 21:38:54,ag2305,ag2305,5780.0,0.0,0.0,0.0,2,5733.0,5775.0,6,5770.0,5770.0,5780.0,5770.0,322.0,27869400.0,6684
2023-05-10 21:38:54,ag2305,ag2305,5780.0,0.0,0.0,0.0,6,5733.0,5775.0,6,5770.0,5770.0,5780.0,5770.0,322.0,27869400.0,6684
2023-05-10 21:38:56,ag2305,ag2305,5780.0,0.0,0.0,0.0,6,5733.0,5775.0,2,5770.0,5770.0,5780.0,5770.0,322.0,27869400.0,6684
2023-05-10 21:38:57,ag2305,ag2305,5780.0,0.0,0.0,0.0,2,5765.0,5775.0,2,5770.0,5770.0,5780.0,5770.0,322.0,27869400.0,6684
2023-05-10 21:38:57,ag2305,ag2305,5780.0,0.0,0.0,0.0,2,5765.0,5775.0,2,5770.0,5770.0,5780.0,5770.0,322.0,27869400.0,6684
2023-05-10 21:38:58,ag2305,ag2305,5780.0,0.0,0.0,0.0,2,5733.0,5774.0,4,5770.0,5770.0,5780.0,5770.0,322.0,27869400.0,6684
2023-05-10 21:38:59,ag2305,ag2305,5780.0,0.0,0.0,0.0,2,5733.0,5773.0,2,5770.0,5770.0,5780.0,5770.0,322.0,27869400.0,6684
2023-05-10 21:38:59,ag2305,ag2305,5780.0,0.0,0.0,0.0,2,5763.0,5773.0,2,5770.0,5770.0,5780.0,5770.0,322.0,27869400.0,6684
2023-05-10 21:39:02,ag2305,ag2305,5780.0,0.0,0.0,0.0,2,5733.0,5773.0,6,5770.0,5770.0,5780.0,5770.0,322.0,27869400.0,6684
2023-05-10 21:39:09,ag2305,ag2305,5780.0,0.0,0.0,0.0,2,5733.0,5773.0,2,5770.0,5770.0,5780.0,5770.0,322.0,27869400.0,6684
2023-05-10 21:39:09,ag2305,ag2305,5780.0,0.0,0.0,0.0,2,5763.0,5773.0,2,5770.0,5770.0,5780.0,5770.0,322.0,27869400.0,6684
2023-05-10 21:39:17,ag2305,ag2305,5780.0,0.0,0.0,0.0,2,5733.0,5773.0,6,5770.0,5770.0,5780.0,5770.0,322.0,27869400.0,6684
2023-05-10 21:39:27,ag2305,ag2305,5780.0,0.0,0.0,0.0,2,5733.0,5772.0,4,5770.0,5770.0,5780.0,5770.0,322.0,27869400.0,6684
2023-05-10 21:39:27,ag2305,ag2305,5780.0,0.0,0.0,0.0,2,5733.0,5771.0,2,5770.0,5770.0,5780.0,5770.0,322.0,27869400.0,6684
2023-05-10 21:39:28,ag2305,ag2305,5780.0,0.0,0.0,0.0,2,5761.0,5771.0,2,5770.0,5770.0,5780.0,5770.0,322.0,27869400.0,6684
2023-05-10 21:39:28,ag2305,ag2305,5780.0,0.0,0.0,0.0,2,5761.0,5771.0,2,5770.0,5770.0,5780.0,5770.0,322.0,27869400.0,6684
2023-05-10 21:39:37,ag2305,ag2305,5780.0,0.0,0.0,0.0,2,5733.0,5771.0,6,5770.0,5770.0,5780.0,5770.0,322.0,27869400.0,6684
2023-05-10 21:39:38,ag2305,ag2305,5780.0,0.0,0.0,0.0,2,5733.0,5771.0,2,5770.0,5770.0,5780.0,5770.0,322.0,27869400.0,6684
2023-05-10 21:39:38,ag2305,ag2305,5780.0,0.0,0.0,0.0,2,5761.0,5771.0,2,5770.0,5770.0,5780.0,5770.0,322.0,27869400.0,6684
2023-05-10 21:39:42,ag2305,ag2305,5780.0,0.0,0.0,0.0,2,5733.0,5771.0,6,5770.0,5770.0,5780.0,5770.0,322.0,27869400.0,6684
2023-05-10 21:39:44,ag2305,ag2305,5780.0,0.0,0.0,0.0,2,5733.0,5770.0,4,5770.0,5770.0,5780.0,5770.0,322.0,27869400.0,6684
2023-05-10 21:39:44,ag2305,ag2305,5780.0,0.0,0.0,0.0,2,5733.0,5769.0,2,5770.0,5770.0,5780.0,5770.0,322.0,27869400.0,6684
2023-05-10 21:39:45,ag2305,ag2305,5780.0,0.0,0.0,0.0,2,5759.0,5769.0,2,5770.0,5770.0,5780.0,5770.0,322.0,27869400.0,6684
2023-05-10 21:39:47,ag2305,ag2305,5780.0,0.0,0.0,0.0,2,5759.0,5769.0,2,5770.0,5770.0,5780.0,5770.0,322.0,27869400.0,6684
2023-05-10 21:39:59,ag2305,ag2305,5780.0,0.0,0.0,0.0,2,5726.0,5766.0,4,5770.0,5770.0,5780.0,5770.0,322.0,27869400.0,6684
2023-05-10 21:39:59,ag2305,ag2305,5780.0,0.0,0.0,0.0,2,5756.0,5766.0,2,5770.0,5770.0,5780.0,5770.0,322.0,27869400.0,6684
2023-05-10 21:40:00,ag2305,ag2305,5780.0,0.0,0.0,0.0,2,5756.0,5854.0,2,5770.0,5770.0,5780.0,5770.0,322.0,27869400.0,6684
2023-05-10 21:40:00,ag2305,ag2305,5780.0,0.0,0.0,0.0,2,5756.0,5768.0,2,5770.0,5770.0,5780.0,5770.0,322.0,27869400.0,6684
2023-05-10 21:40:01,ag2305,ag2305,5780.0,0.0,0.0,0.0,2,5756.0,5768.0,6,5770.0,5770.0,5780.0,5770.0,322.0,27869400.0,6684
2023-05-10 21:40:02,ag2305,ag2305,5780.0,0.0,0.0,0.0,2,5756.0,5767.0,4,5770.0,5770.0,5780.0,5770.0,322.0,27869400.0,6684
2023-05-10 21:40:02,ag2305,ag2305,5780.0,0.0,0.0,0.0,2,5756.0,5766.0,2,5770.0,5770.0,5780.0,5770.0,322.0,27869400.0,6684
2023-05-10 21:40:04,ag2305,ag2305,5780.0,0.0,0.0,0.0,2,5726.0,5766.0,6,5770.0,5770.0,5780.0,5770.0,322.0,27869400.0,6684
2023-05-10 21:40:04,ag2305,ag2305,5780.0,0.0,0.0,0.0,2,5726.0,5765.0,4,5770.0,5770.0,5780.0,5770.0,322.0,27869400.0,6684
2023-05-10 21:40:05,ag2305,ag2305,5780.0,0.0,0.0,0.0,2,5726.0,5764.0,2,5770.0,5770.0,5780.0,5770.0,322.0,27869400.0,6684
2023-05-10 21:40:05,ag2305,ag2305,5780.0,0.0,0.0,0.0,2,5754.0,5764.0,2,5770.0,5770.0,5780.0,5770.0,322.0,27869400.0,6684
2023-05-10 21:40:06,ag2305,ag2305,5780.0,0.0,0.0,0.0,2,5754.0,5764.0,2,5770.0,5770.0,5780.0,5770.0,322.0,27869400.0,6684
2023-05-10 21:40:17,ag2305,ag2305,5780.0,0.0,0.0,0.0,2,5754.0,5854.0,2,5770.0,5770.0,5780.0,5770.0,322.0,27869400.0,6684
2023-05-10 21:40:17,ag2305,ag2305,5780.0,0.0,0.0,0.0,2,5754.0,5765.0,2,5770.0,5770.0,5780.0,5770.0,322.0,27869400.0,6684
2023-05-10 21:40:24,ag2305,ag2305,5780.0,0.0,0.0,0.0,2,5754.0,5765.0,2,5770.0,5770.0,5780.0,5770.0,322.0,27869400.0,6684
2023-05-10 21:40:27,ag2305,ag2305,5780.0,0.0,0.0,0.0,2,5765.0,5854.0,2,5770.0,5770.0,5780.0,5770.0,322.0,27869400.0,6684
2023-05-10 21:40:28,ag2305,ag2305,5780.0,0.0,0.0,0.0,2,5726.0,5767.0,2,5770.0,5770.0,5780.0,5770.0,322.0,27869400.0,6684
2023-05-10 21:40:28,ag2305,ag2305,5780.0,0.0,0.0,0.0,2,5757.0,5767.0,2,5770.0,5770.0,5780.0,5770.0,322.0,27869400.0,6684
2023-05-10 21:40:29,ag2305,ag2305,5780.0,0.0,0.0,0.0,2,5757.0,5767.0,2,5770.0,5770.0,5780.0,5770.0,322.0,27869400.0,6684
2023-05-10 21:40:30,ag2305,ag2305,5780.0,0.0,0.0,0.0,2,5757.0,5767.0,6,5770.0,5770.0,5780.0,5770.0,322.0,27869400.0,6684
2023-05-10 21:40:31,ag2305,ag2305,5780.0,0.0,0.0,0.0,2,5757.0,5767.0,2,5770.0,5770.0,5780.0,5770.0,322.0,27869400.0,6684
2023-05-10 21:40:32,ag2305,ag2305,5780.0,0.0,0.0,0.0,2,5757.0,5767.0,4,5770.0,5770.0,5780.0,5770.0,322.0,27869400.0,6684
2023-05-10 21:40:33,ag2305,ag2305,5780.0,0.0,0.0,0.0,2,5757.0,5767.0,2,5770.0,5770.0,5780.0,5770.0,322.0,27869400.0,6684
2023-05-10 21:40:34,ag2305,ag2305,5780.0,0.0,0.0,0.0,2,5757.0,5767.0,2,5770.0,5770.0,5780.0,5770.0,322.0,27869400.0,6684
2023-05-10 21:40:44,ag2305,ag2305,5780.0,0.0,0.0,0.0,2,5767.0,5854.0,2,5770.0,5770.0,5780.0,5770.0,322.0,27869400.0,6684
2023-05-10 21:40:44,ag2305,ag2305,5780.0,0.0,0.0,0.0,2,5726.0,5769.0,2,5770.0,5770.0,5780.0,5770.0,322.0,27869400.0,6684
2023-05-10 21:40:45,ag2305,ag2305,5780.0,0.0,0.0,0.0,2,5759.0,5769.0,2,5770.0,5770.0,5780.0,5770.0,322.0,27869400.0,6684
2023-05-10 21:40:45,ag2305,ag2305,5780.0,0.0,0.0,0.0,2,5726.0,5769.0,6,5770.0,5770.0,5780.0,5770.0,322.0,27869400.0,6684
2023-05-10 21:40:46,ag2305,ag2305,5780.0,0.0,0.0,0.0,4,5727.0,5769.0,6,5770.0,5770.0,5780.0,5770.0,322.0,27869400.0,6684
2023-05-10 21:40:47,ag2305,ag2305,5780.0,0.0,0.0,0.0,4,5727.0,5769.0,2,5770.0,5770.0,5780.0,5770.0,322.0,27869400.0,6684
2023-05-10 21:40:47,ag2305,ag2305,5780.0,0.0,0.0,0.0,2,5759.0,5769.0,2,5770.0,5770.0,5780.0,5770.0,322.0,27869400.0,6684
2023-05-10 21:40:48,ag2305,ag2305,5780.0,0.0,0.0,0.0,2,5759.0,5769.0,2,5770.0,5770.0,5780.0,5770.0,322.0,27869400.0,6684
2023-05-10 21:40:50,ag2305,ag2305,5780.0,0.0,0.0,0.0,2,5759.0,5769.0,2,5770.0,5770.0,5780.0,5770.0,322.0,27869400.0,6684
2023-05-10 21:40:57,ag2305,ag2305,5780.0,0.0,0.0,0.0,2,5769.0,5854.0,2,5770.0,5770.0,5780.0,5770.0,322.0,27869400.0,6684
2023-05-10 21:40:57,ag2305,ag2305,5780.0,0.0,0.0,0.0,2,5726.0,5771.0,2,5770.0,5770.0,5780.0,5770.0,322.0,27869400.0,6684
2023-05-10 21:40:58,ag2305,ag2305,5780.0,0.0,0.0,0.0,4,5729.0,5771.0,6,5770.0,5770.0,5780.0,5770.0,322.0,27869400.0,6684
2023-05-10 21:41:00,ag2305,ag2305,5780.0,0.0,0.0,0.0,4,5729.0,5771.0,4,5770.0,5770.0,5780.0,5770.0,322.0,27869400.0,6684
2023-05-10 21:41:00,ag2305,ag2305,5780.0,0.0,0.0,0.0,4,5729.0,5771.0,6,5770.0,5770.0,5780.0,5770.0,322.0,27869400.0,6684
2023-05-10 21:41:01,ag2305,ag2305,5780.0,0.0,0.0,0.0,4,5729.0,5770.0,4,5770.0,5770.0,5780.0,5770.0,322.0,27869400.0,6684
2023-05-10 21:41:02,ag2305,ag2305,5780.0,0.0,0.0,0.0,4,5729.0,5769.0,2,5770.0,5770.0,5780.0,5770.0,322.0,27869400.0,6684
2023-05-10 21:41:02,ag2305,ag2305,5780.0,0.0,0.0,0.0,2,5759.0,5769.0,2,5770.0,5770.0,5780.0,5770.0,322.0,27869400.0,6684
2023-05-10 21:41:03,ag2305,ag2305,5780.0,0.0,0.0,0.0,2,5759.0,5769.0,2,5770.0,5770.0,5780.0,5770.0,322.0,27869400.0,6684
2023-05-10 21:41:03,ag2305,ag2305,5780.0,0.0,0.0,0.0,2,5726.0,5769.0,6,5770.0,5770.0,5780.0,5770.0,322.0,27869400.0,6684
2023-05-10 21:41:04,ag2305,ag2305,5780.0,0.0,0.0,0.0,4,5727.0,5769.0,6,5770.0,5770.0,5780.0,5770.0,322.0,27869400.0,6684
2023-05-10 21:41:05,ag2305,ag2305,5780.0,0.0,0.0,0.0,4,5727.0,5769.0,2,5770.0,5770.0,5780.0,5770.0,322.0,27869400.0,6684
2023-05-10 21:41:05,ag2305,ag2305,5780.0,0.0,0.0,0.0,2,5759.0,5769.0,2,5770.0,5770.0,5780.0,5770.0,322.0,27869400.0,6684
2023-05-10 21:41:06,ag2305,ag2305,5780.0,0.0,0.0,0.0,2,5726.0,5769.0,6,5770.0,5770.0,5780.0,5770.0,322.0,27869400.0,6684
2023-05-10 21:41:06,ag2305,ag2305,5780.0,0.0,0.0,0.0,2,5759.0,5769.0,2,5770.0,5770.0,5780.0,5770.0,322.0,27869400.0,6684
2023-05-10 21:41:07,ag2305,ag2305,5780.0,0.0,0.0,0.0,2,5759.0,5769.0,2,5770.0,5770.0,5780.0,5770.0,322.0,27869400.0,6684
2023-05-10 21:41:09,ag2305,ag2305,5780.0,0.0,0.0,0.0,2,5726.0,5769.0,6,5770.0,5770.0,5780.0,5770.0,322.0,27869400.0,6684
2023-05-10 21:41:10,ag2305,ag2305,5780.0,0.0,0.0,0.0,4,5727.0,5769.0,6,5770.0,5770.0,5780.0,5770.0,322.0,27869400.0,6684
2023-05-10 21:41:20,ag2305,ag2305,5780.0,0.0,0.0,0.0,4,5727.0,5769.0,2,5770.0,5770.0,5780.0,5770.0,322.0,27869400.0,6684
2023-05-10 21:41:21,ag2305,ag2305,5780.0,0.0,0.0,0.0,2,5759.0,5769.0,2,5770.0,5770.0,5780.0,5770.0,322.0,27869400.0,6684
2023-05-10 21:41:21,ag2305,ag2305,5780.0,0.0,0.0,0.0,2,5759.0,5769.0,2,5770.0,5770.0,5780.0,5770.0,322.0,27869400.0,6684
2023-05-10 21:41:24,ag2305,ag2305,5780.0,0.0,0.0,0.0,2,5726.0,5769.0,6,5770.0,5770.0,5780.0,5770.0,322.0,27869400.0,6684
2023-05-10 21:41:25,ag2305,ag2305,5780.0,0.0,0.0,0.0,4,5727.0,5769.0,6,5770.0,5770.0,5780.0,5770.0,322.0,27869400.0,6684
2023-05-10 21:41:31,ag2305,ag2305,5780.0,0.0,0.0,0.0,4,5727.0,5768.0,4,5770.0,5770.0,5780.0,5770.0,322.0,27869400.0,6684
2023-05-10 21:41:31,ag2305,ag2305,5780.0,0.0,0.0,0.0,4,5727.0,5767.0,2,5770.0,5770.0,5780.0,5770.0,322.0,27869400.0,6684
2023-05-10 21:41:32,ag2305,ag2305,5780.0,0.0,0.0,0.0,2,5757.0,5767.0,2,5770.0,5770.0,5780.0,5770.0,322.0,27869400.0,6684
2023-05-10 21:41:32,ag2305,ag2305,5780.0,0.0,0.0,0.0,2,5757.0,5767.0,2,5770.0,5770.0,5780.0,5770.0,322.0,27869400.0,6684
2023-05-10 21:41:33,ag2305,ag2305,5780.0,0.0,0.0,0.0,2,5726.0,5767.0,6,5770.0,5770.0,5780.0,5770.0,322.0,27869400.0,6684
2023-05-10 21:41:37,ag2305,ag2305,5780.0,0.0,0.0,0.0,2,5726.0,5767.0,4,5770.0,5770.0,5780.0,5770.0,322.0,27869400.0,6684
2023-05-10 21:41:37,ag2305,ag2305,5780.0,0.0,0.0,0.0,2,5726.0,5767.0,6,5770.0,5770.0,5780.0,5770.0,322.0,27869400.0,6684
2023-05-10 21:41:49,ag2305,ag2305,5780.0,0.0,0.0,0.0,6,5726.0,5767.0,2,5770.0,5770.0,5780.0,5770.0,322.0,27869400.0,6684
2023-05-10 21:41:49,ag2305,ag2305,5780.0,0.0,0.0,0.0,2,5757.0,5767.0,2,5770.0,5770.0,5780.0,5770.0,322.0,27869400.0,6684
2023-05-10 21:41:50,ag2305,ag2305,5780.0,0.0,0.0,0.0,2,5757.0,5767.0,2,5770.0,5770.0,5780.0,5770.0,322.0,27869400.0,6684
2023-05-10 21:41:52,ag2305,ag2305,5780.0,0.0,0.0,0.0,2,5726.0,5767.0,6,5770.0,5770.0,5780.0,5770.0,322.0,27869400.0,6684
2023-05-10 21:41:53,ag2305,ag2305,5780.0,0.0,0.0,0.0,2,5726.0,5766.0,4,5770.0,5770.0,5780.0,5770.0,322.0,27869400.0,6684
2023-05-10 21:41:53,ag2305,ag2305,5780.0,0.0,0.0,0.0,2,5726.0,5765.0,2,5770.0,5770.0,5780.0,5770.0,322.0,27869400.0,6684
2023-05-10 21:41:54,ag2305,ag2305,5780.0,0.0,0.0,0.0,2,5755.0,5765.0,2,5770.0,5770.0,5780.0,5770.0,322.0,27869400.0,6684
2023-05-10 21:41:56,ag2305,ag2305,5780.0,0.0,0.0,0.0,2,5726.0,5765.0,6,5770.0,5770.0,5780.0,5770.0,322.0,27869400.0,6684
2023-05-10 21:42:00,ag2305,ag2305,5780.0,0.0,0.0,0.0,2,5726.0,5764.0,4,5770.0,5770.0,5780.0,5770.0,322.0,27869400.0,6684
2023-05-10 21:42:01,ag2305,ag2305,5780.0,0.0,0.0,0.0,2,5726.0,5763.0,2,5770.0,5770.0,5780.0,5770.0,322.0,27869400.0,6684
2023-05-10 21:42:01,ag2305,ag2305,5780.0,0.0,0.0,0.0,2,5726.0,5763.0,6,5770.0,5770.0,5780.0,5770.0,322.0,27869400.0,6684
2023-05-10 21:42:02,ag2305,ag2305,5780.0,0.0,0.0,0.0,2,5726.0,5763.0,6,5770.0,5770.0,5780.0,5770.0,322.0,27869400.0,6684
2023-05-10 21:42:02,ag2305,ag2305,5780.0,0.0,0.0,0.0,2,5726.0,5762.0,4,5770.0,5770.0,5780.0,5770.0,322.0,27869400.0,6684
