time,symbol_id,symbol_name,last,trade_volume,trade_amount,open_interest_change,bv1,bp1,ap1,av1,yesterday_close,today_open,today_high,today_low,volume,amount,open_interest
2023-05-10 20:59:00,ag2311,ag2311,5818.0,0.0,0.0,0.0,5,5836.0,5845.0,2,5818.0,5845.0,0.0,0.0,0.0,0.0,2035
2023-05-10 21:00:00,ag2311,ag2311,5845.0,1.0,87675.0,1.0,1,5840.0,5845.0,2,5818.0,5845.0,5845.0,5845.0,1.0,87675.0,2036
2023-05-10 21:00:01,ag2311,ag2311,5845.0,2.0,175350.0,0.0,1,5845.0,5859.0,1,5818.0,5845.0,5845.0,5845.0,3.0,263025.0,2036
2023-05-10 21:00:01,ag2311,ag2311,5845.0,0.0,0.0,0.0,1,5845.0,5848.0,2,5818.0,5845.0,5845.0,5845.0,3.0,263025.0,2036
2023-05-10 21:00:02,ag2311,ag2311,5845.0,0.0,0.0,0.0,3,5845.0,5850.0,1,5818.0,5845.0,5845.0,5845.0,3.0,263025.0,2036
2023-05-10 21:00:02,ag2311,ag2311,5845.0,0.0,0.0,0.0,2,5847.0,5856.0,2,5818.0,5845.0,5845.0,5845.0,3.0,263025.0,2036
2023-05-10 21:00:03,ag2311,ag2311,5845.0,0.0,0.0,0.0,2,5848.0,5852.0,2,5818.0,5845.0,5845.0,5845.0,3.0,263025.0,2036
2023-05-10 21:00:03,ag2311,ag2311,5848.0,6.0,526320.0,6.0,1,5845.0,5852.0,2,5818.0,5845.0,5848.0,5845.0,9.0,789345.0,2042
2023-05-10 21:00:04,ag2311,ag2311,5848.0,0.0,0.0,0.0,1,5847.0,5852.0,4,5818.0,5845.0,5848.0,5845.0,9.0,789345.0,2042
2023-05-10 21:00:04,ag2311,ag2311,5848.0,0.0,0.0,0.0,2,5847.0,5851.0,2,5818.0,5845.0,5848.0,5845.0,9.0,789345.0,2042
2023-05-10 21:00:05,ag2311,ag2311,5848.0,0.0,0.0,0.0,1,5845.0,5850.0,2,5818.0,5845.0,5848.0,5845.0,9.0,789345.0,2042
2023-05-10 21:00:05,ag2311,ag2311,5848.0,0.0,0.0,0.0,9,5846.0,5850.0,2,5818.0,5845.0,5848.0,5845.0,9.0,789345.0,2042
2023-05-10 21:00:06,ag2311,ag2311,5848.0,0.0,0.0,0.0,2,5848.0,5853.0,1,5818.0,5845.0,5848.0,5845.0,9.0,789345.0,2042
2023-05-10 21:00:06,ag2311,ag2311,5848.0,0.0,0.0,0.0,2,5847.0,5853.0,5,5818.0,5845.0,5848.0,5845.0,9.0,789345.0,2042
2023-05-10 21:00:07,ag2311,ag2311,5848.0,0.0,0.0,0.0,2,5849.0,5853.0,6,5818.0,5845.0,5848.0,5845.0,9.0,789345.0,2042
2023-05-10 21:00:07,ag2311,ag2311,5848.0,0.0,0.0,0.0,6,5848.0,5853.0,4,5818.0,5845.0,5848.0,5845.0,9.0,789345.0,2042
2023-05-10 21:00:08,ag2311,ag2311,5848.0,0.0,0.0,0.0,10,5848.0,5853.0,4,5818.0,5845.0,5848.0,5845.0,9.0,789345.0,2042
2023-05-10 21:00:08,ag2311,ag2311,5848.0,0.0,0.0,0.0,2,5849.0,5853.0,2,5818.0,5845.0,5848.0,5845.0,9.0,789345.0,2042
2023-05-10 21:00:09,ag2311,ag2311,5848.0,0.0,0.0,0.0,6,5849.0,5852.0,1,5818.0,5845.0,5848.0,5845.0,9.0,789345.0,2042
2023-05-10 21:00:09,ag2311,ag2311,5848.0,0.0,0.0,0.0,7,5849.0,5852.0,1,5818.0,5845.0,5848.0,5845.0,9.0,789345.0,2042
2023-05-10 21:00:10,ag2311,ag2311,5852.0,1.0,87780.0,-1.0,7,5852.0,5858.0,1,5818.0,5845.0,5852.0,5845.0,10.0,877125.0,2041
2023-05-10 21:00:10,ag2311,ag2311,5852.0,0.0,0.0,0.0,7,5852.0,5855.0,2,5818.0,5845.0,5852.0,5845.0,10.0,877125.0,2041
2023-05-10 21:00:11,ag2311,ag2311,5852.0,0.0,0.0,0.0,4,5851.0,5854.0,2,5818.0,5845.0,5852.0,5845.0,10.0,877125.0,2041
2023-05-10 21:00:11,ag2311,ag2311,5852.0,0.0,0.0,0.0,5,5850.0,5854.0,2,5818.0,5845.0,5852.0,5845.0,10.0,877125.0,2041
2023-05-10 21:00:12,ag2311,ag2311,5852.0,0.0,0.0,0.0,2,5851.0,5854.0,2,5818.0,5845.0,5852.0,5845.0,10.0,877125.0,2041
2023-05-10 21:00:12,ag2311,ag2311,5854.0,1.0,87810.0,-1.0,14,5850.0,5854.0,3,5818.0,5845.0,5854.0,5845.0,11.0,964935.0,2040
2023-05-10 21:00:13,ag2311,ag2311,5854.0,0.0,0.0,0.0,8,5849.0,5854.0,3,5818.0,5845.0,5854.0,5845.0,11.0,964935.0,2040
2023-05-10 21:00:13,ag2311,ag2311,5854.0,0.0,0.0,0.0,20,5849.0,5854.0,6,5818.0,5845.0,5854.0,5845.0,11.0,964935.0,2040
2023-05-10 21:00:14,ag2311,ag2311,5854.0,0.0,0.0,0.0,2,5850.0,5854.0,6,5818.0,5845.0,5854.0,5845.0,11.0,964935.0,2040
2023-05-10 21:00:14,ag2311,ag2311,5854.0,0.0,0.0,0.0,1,5847.0,5854.0,5,5818.0,5845.0,5854.0,5845.0,11.0,964935.0,2040
2023-05-10 21:00:15,ag2311,ag2311,5854.0,0.0,0.0,0.0,18,5848.0,5853.0,2,5818.0,5845.0,5854.0,5845.0,11.0,964935.0,2040
2023-05-10 21:00:15,ag2311,ag2311,5854.0,0.0,0.0,0.0,2,5849.0,5852.0,2,5818.0,5845.0,5854.0,5845.0,11.0,964935.0,2040
2023-05-10 21:00:16,ag2311,ag2311,5854.0,0.0,0.0,0.0,2,5846.0,5852.0,3,5818.0,5845.0,5854.0,5845.0,11.0,964935.0,2040
2023-05-10 21:00:16,ag2311,ag2311,5854.0,0.0,0.0,0.0,34,5847.0,5852.0,4,5818.0,5845.0,5854.0,5845.0,11.0,964935.0,2040
2023-05-10 21:00:17,ag2311,ag2311,5854.0,0.0,0.0,0.0,2,5848.0,5852.0,3,5818.0,5845.0,5854.0,5845.0,11.0,964935.0,2040
2023-05-10 21:00:17,ag2311,ag2311,5854.0,0.0,0.0,0.0,2,5848.0,5852.0,6,5818.0,5845.0,5854.0,5845.0,11.0,964935.0,2040
2023-05-10 21:00:18,ag2311,ag2311,5854.0,0.0,0.0,0.0,16,5847.0,5852.0,3,5818.0,5845.0,5854.0,5845.0,11.0,964935.0,2040
2023-05-10 21:00:18,ag2311,ag2311,5854.0,0.0,0.0,0.0,2,5847.0,5852.0,6,5818.0,5845.0,5854.0,5845.0,11.0,964935.0,2040
2023-05-10 21:00:19,ag2311,ag2311,5854.0,0.0,0.0,0.0,2,5847.0,5851.0,1,5818.0,5845.0,5854.0,5845.0,11.0,964935.0,2040
2023-05-10 21:00:20,ag2311,ag2311,5854.0,0.0,0.0,0.0,4,5846.0,5850.0,1,5818.0,5845.0,5854.0,5845.0,11.0,964935.0,2040
2023-05-10 21:00:20,ag2311,ag2311,5854.0,0.0,0.0,0.0,2,5846.0,5850.0,3,5818.0,5845.0,5854.0,5845.0,11.0,964935.0,2040
2023-05-10 21:00:21,ag2311,ag2311,5854.0,0.0,0.0,0.0,3,5845.0,5850.0,3,5818.0,5845.0,5854.0,5845.0,11.0,964935.0,2040
2023-05-10 21:00:21,ag2311,ag2311,5854.0,0.0,0.0,0.0,2,5846.0,5850.0,3,5818.0,5845.0,5854.0,5845.0,11.0,964935.0,2040
2023-05-10 21:00:22,ag2311,ag2311,5854.0,0.0,0.0,0.0,8,5845.0,5850.0,3,5818.0,5845.0,5854.0,5845.0,11.0,964935.0,2040
2023-05-10 21:00:22,ag2311,ag2311,5854.0,0.0,0.0,0.0,10,5845.0,5850.0,4,5818.0,5845.0,5854.0,5845.0,11.0,964935.0,2040
2023-05-10 21:00:23,ag2311,ag2311,5854.0,0.0,0.0,0.0,3,5845.0,5850.0,3,5818.0,5845.0,5854.0,5845.0,11.0,964935.0,2040
2023-05-10 21:00:23,ag2311,ag2311,5854.0,0.0,0.0,0.0,2,5846.0,5850.0,6,5818.0,5845.0,5854.0,5845.0,11.0,964935.0,2040
2023-05-10 21:00:24,ag2311,ag2311,5854.0,0.0,0.0,0.0,3,5845.0,5850.0,6,5818.0,5845.0,5854.0,5845.0,11.0,964935.0,2040
2023-05-10 21:00:24,ag2311,ag2311,5854.0,0.0,0.0,0.0,2,5846.0,5850.0,6,5818.0,5845.0,5854.0,5845.0,11.0,964935.0,2040
2023-05-10 21:00:25,ag2311,ag2311,5854.0,0.0,0.0,0.0,1,5845.0,5850.0,6,5818.0,5845.0,5854.0,5845.0,11.0,964935.0,2040
2023-05-10 21:00:25,ag2311,ag2311,5854.0,0.0,0.0,0.0,2,5846.0,5850.0,5,5818.0,5845.0,5854.0,5845.0,11.0,964935.0,2040
2023-05-10 21:00:26,ag2311,ag2311,5854.0,0.0,0.0,0.0,1,5845.0,5850.0,7,5818.0,5845.0,5854.0,5845.0,11.0,964935.0,2040
2023-05-10 21:00:26,ag2311,ag2311,5854.0,0.0,0.0,0.0,7,5846.0,5850.0,5,5818.0,5845.0,5854.0,5845.0,11.0,964935.0,2040
2023-05-10 21:00:27,ag2311,ag2311,5854.0,0.0,0.0,0.0,1,5845.0,5849.0,2,5818.0,5845.0,5854.0,5845.0,11.0,964935.0,2040
2023-05-10 21:00:27,ag2311,ag2311,5854.0,0.0,0.0,0.0,3,5845.0,5848.0,1,5818.0,5845.0,5854.0,5845.0,11.0,964935.0,2040
2023-05-10 21:00:28,ag2311,ag2311,5854.0,0.0,0.0,0.0,1,5845.0,5848.0,2,5818.0,5845.0,5854.0,5845.0,11.0,964935.0,2040
2023-05-10 21:00:28,ag2311,ag2311,5854.0,0.0,0.0,0.0,1,5845.0,5848.0,6,5818.0,5845.0,5854.0,5845.0,11.0,964935.0,2040
2023-05-10 21:00:29,ag2311,ag2311,5854.0,0.0,0.0,0.0,1,5845.0,5847.0,1,5818.0,5845.0,5854.0,5845.0,11.0,964935.0,2040
2023-05-10 21:00:30,ag2311,ag2311,5845.0,1.0,87675.0,-1.0,1,5833.0,5847.0,3,5818.0,5845.0,5854.0,5845.0,12.0,1052610.0,2039
2023-05-10 21:00:30,ag2311,ag2311,5845.0,0.0,0.0,0.0,2,5843.0,5847.0,1,5818.0,5845.0,5854.0,5845.0,12.0,1052610.0,2039
2023-05-10 21:00:31,ag2311,ag2311,5845.0,0.0,0.0,0.0,2,5843.0,5847.0,3,5818.0,5845.0,5854.0,5845.0,12.0,1052610.0,2039
2023-05-10 21:00:31,ag2311,ag2311,5845.0,0.0,0.0,0.0,2,5844.0,5848.0,1,5818.0,5845.0,5854.0,5845.0,12.0,1052610.0,2039
2023-05-10 21:00:32,ag2311,ag2311,5845.0,0.0,0.0,0.0,2,5844.0,5848.0,1,5818.0,5845.0,5854.0,5845.0,12.0,1052610.0,2039
2023-05-10 21:00:32,ag2311,ag2311,5845.0,0.0,0.0,0.0,2,5845.0,5849.0,2,5818.0,5845.0,5854.0,5845.0,12.0,1052610.0,2039
2023-05-10 21:00:33,ag2311,ag2311,5845.0,0.0,0.0,0.0,2,5845.0,5849.0,3,5818.0,5845.0,5854.0,5845.0,12.0,1052610.0,2039
2023-05-10 21:00:33,ag2311,ag2311,5845.0,2.0,175350.0,0.0,8,5840.0,5845.0,1,5818.0,5845.0,5854.0,5845.0,14.0,1227960.0,2039
2023-05-10 21:00:34,ag2311,ag2311,5845.0,1.0,87675.0,-1.0,15,5845.0,5849.0,1,5818.0,5845.0,5854.0,5845.0,15.0,1315635.0,2038
2023-05-10 21:00:34,ag2311,ag2311,5845.0,0.0,0.0,0.0,2,5845.0,5850.0,2,5818.0,5845.0,5854.0,5845.0,15.0,1315635.0,2038
2023-05-10 21:00:35,ag2311,ag2311,5845.0,0.0,0.0,0.0,2,5846.0,5850.0,3,5818.0,5845.0,5854.0,5845.0,15.0,1315635.0,2038
2023-05-10 21:00:35,ag2311,ag2311,5845.0,0.0,0.0,0.0,2,5846.0,5850.0,2,5818.0,5845.0,5854.0,5845.0,15.0,1315635.0,2038
2023-05-10 21:00:36,ag2311,ag2311,5845.0,0.0,0.0,0.0,2,5847.0,5851.0,1,5818.0,5845.0,5854.0,5845.0,15.0,1315635.0,2038
2023-05-10 21:00:36,ag2311,ag2311,5845.0,0.0,0.0,0.0,6,5845.0,5850.0,2,5818.0,5845.0,5854.0,5845.0,15.0,1315635.0,2038
2023-05-10 21:00:37,ag2311,ag2311,5845.0,0.0,0.0,0.0,8,5850.0,5851.0,2,5818.0,5845.0,5854.0,5845.0,15.0,1315635.0,2038
2023-05-10 21:00:37,ag2311,ag2311,5850.0,8.0,702000.0,8.0,2,5846.0,5850.0,4,5818.0,5845.0,5854.0,5845.0,23.0,2017635.0,2046
2023-05-10 21:00:38,ag2311,ag2311,5850.0,0.0,0.0,0.0,2,5846.0,5851.0,2,5818.0,5845.0,5854.0,5845.0,23.0,2017635.0,2046
2023-05-10 21:00:38,ag2311,ag2311,5850.0,0.0,0.0,0.0,2,5846.0,5850.0,3,5818.0,5845.0,5854.0,5845.0,23.0,2017635.0,2046
2023-05-10 21:00:39,ag2311,ag2311,5850.0,0.0,0.0,0.0,1,5845.0,5851.0,1,5818.0,5845.0,5854.0,5845.0,23.0,2017635.0,2046
2023-05-10 21:00:39,ag2311,ag2311,5850.0,0.0,0.0,0.0,2,5846.0,5850.0,2,5818.0,5845.0,5854.0,5845.0,23.0,2017635.0,2046
2023-05-10 21:00:40,ag2311,ag2311,5850.0,0.0,0.0,0.0,2,5846.0,5850.0,2,5818.0,5845.0,5854.0,5845.0,23.0,2017635.0,2046
2023-05-10 21:00:40,ag2311,ag2311,5850.0,0.0,0.0,0.0,2,5846.0,5850.0,1,5818.0,5845.0,5854.0,5845.0,23.0,2017635.0,2046
2023-05-10 21:00:41,ag2311,ag2311,5850.0,0.0,0.0,0.0,2,5846.0,5850.0,2,5818.0,5845.0,5854.0,5845.0,23.0,2017635.0,2046
2023-05-10 21:00:41,ag2311,ag2311,5850.0,0.0,0.0,0.0,2,5846.0,5850.0,2,5818.0,5845.0,5854.0,5845.0,23.0,2017635.0,2046
2023-05-10 21:00:42,ag2311,ag2311,5850.0,0.0,0.0,0.0,2,5846.0,5850.0,3,5818.0,5845.0,5854.0,5845.0,23.0,2017635.0,2046
2023-05-10 21:00:42,ag2311,ag2311,5850.0,0.0,0.0,0.0,2,5846.0,5850.0,2,5818.0,5845.0,5854.0,5845.0,23.0,2017635.0,2046
2023-05-10 21:00:43,ag2311,ag2311,5850.0,0.0,0.0,0.0,2,5846.0,5850.0,3,5818.0,5845.0,5854.0,5845.0,23.0,2017635.0,2046
2023-05-10 21:00:44,ag2311,ag2311,5850.0,0.0,0.0,0.0,2,5846.0,5850.0,3,5818.0,5845.0,5854.0,5845.0,23.0,2017635.0,2046
2023-05-10 21:00:44,ag2311,ag2311,5850.0,0.0,0.0,0.0,2,5846.0,5850.0,5,5818.0,5845.0,5854.0,5845.0,23.0,2017635.0,2046
2023-05-10 21:00:45,ag2311,ag2311,5850.0,0.0,0.0,0.0,2,5846.0,5850.0,3,5818.0,5845.0,5854.0,5845.0,23.0,2017635.0,2046
2023-05-10 21:00:45,ag2311,ag2311,5850.0,0.0,0.0,0.0,2,5846.0,5850.0,3,5818.0,5845.0,5854.0,5845.0,23.0,2017635.0,2046
2023-05-10 21:00:46,ag2311,ag2311,5850.0,0.0,0.0,0.0,2,5846.0,5850.0,3,5818.0,5845.0,5854.0,5845.0,23.0,2017635.0,2046
2023-05-10 21:00:46,ag2311,ag2311,5850.0,0.0,0.0,0.0,9,5842.0,5850.0,3,5818.0,5845.0,5854.0,5845.0,23.0,2017635.0,2046
2023-05-10 21:00:47,ag2311,ag2311,5850.0,0.0,0.0,0.0,2,5845.0,5850.0,5,5818.0,5845.0,5854.0,5845.0,23.0,2017635.0,2046
2023-05-10 21:00:47,ag2311,ag2311,5850.0,0.0,0.0,0.0,2,5845.0,5850.0,5,5818.0,5845.0,5854.0,5845.0,23.0,2017635.0,2046
2023-05-10 21:00:48,ag2311,ag2311,5850.0,0.0,0.0,0.0,2,5845.0,5850.0,7,5818.0,5845.0,5854.0,5845.0,23.0,2017635.0,2046
2023-05-10 21:00:48,ag2311,ag2311,5850.0,0.0,0.0,0.0,8,5843.0,5849.0,1,5818.0,5845.0,5854.0,5845.0,23.0,2017635.0,2046
2023-05-10 21:00:49,ag2311,ag2311,5850.0,0.0,0.0,0.0,2,5844.0,5848.0,2,5818.0,5845.0,5854.0,5845.0,23.0,2017635.0,2046
2023-05-10 21:00:49,ag2311,ag2311,5850.0,1.0,87750.0,0.0,2,5844.0,5848.0,1,5818.0,5845.0,5854.0,5845.0,24.0,2105385.0,2046
2023-05-10 21:00:50,ag2311,ag2311,5850.0,0.0,0.0,0.0,2,5843.0,5848.0,2,5818.0,5845.0,5854.0,5845.0,24.0,2105385.0,2046
2023-05-10 21:00:50,ag2311,ag2311,5850.0,0.0,0.0,0.0,2,5843.0,5848.0,2,5818.0,5845.0,5854.0,5845.0,24.0,2105385.0,2046
2023-05-10 21:00:51,ag2311,ag2311,5850.0,0.0,0.0,0.0,2,5843.0,5848.0,2,5818.0,5845.0,5854.0,5845.0,24.0,2105385.0,2046
2023-05-10 21:00:51,ag2311,ag2311,5850.0,0.0,0.0,0.0,2,5843.0,5848.0,2,5818.0,5845.0,5854.0,5845.0,24.0,2105385.0,2046
2023-05-10 21:00:52,ag2311,ag2311,5850.0,0.0,0.0,0.0,2,5843.0,5848.0,2,5818.0,5845.0,5854.0,5845.0,24.0,2105385.0,2046
2023-05-10 21:00:53,ag2311,ag2311,5850.0,0.0,0.0,0.0,2,5843.0,5848.0,2,5818.0,5845.0,5854.0,5845.0,24.0,2105385.0,2046
2023-05-10 21:00:53,ag2311,ag2311,5850.0,0.0,0.0,0.0,6,5843.0,5848.0,3,5818.0,5845.0,5854.0,5845.0,24.0,2105385.0,2046
2023-05-10 21:00:54,ag2311,ag2311,5850.0,0.0,0.0,0.0,2,5844.0,5848.0,2,5818.0,5845.0,5854.0,5845.0,24.0,2105385.0,2046
2023-05-10 21:00:54,ag2311,ag2311,5850.0,0.0,0.0,0.0,3,5840.0,5848.0,2,5818.0,5845.0,5854.0,5845.0,24.0,2105385.0,2046
2023-05-10 21:00:55,ag2311,ag2311,5850.0,0.0,0.0,0.0,2,5843.0,5848.0,2,5818.0,5845.0,5854.0,5845.0,24.0,2105385.0,2046
2023-05-10 21:00:55,ag2311,ag2311,5850.0,0.0,0.0,0.0,2,5844.0,5848.0,2,5818.0,5845.0,5854.0,5845.0,24.0,2105385.0,2046
2023-05-10 21:00:56,ag2311,ag2311,5850.0,0.0,0.0,0.0,1,5842.0,5848.0,1,5818.0,5845.0,5854.0,5845.0,24.0,2105385.0,2046
2023-05-10 21:00:56,ag2311,ag2311,5850.0,0.0,0.0,0.0,2,5843.0,5848.0,3,5818.0,5845.0,5854.0,5845.0,24.0,2105385.0,2046
2023-05-10 21:00:57,ag2311,ag2311,5850.0,0.0,0.0,0.0,2,5843.0,5848.0,3,5818.0,5845.0,5854.0,5845.0,24.0,2105385.0,2046
2023-05-10 21:00:58,ag2311,ag2311,5843.0,1.0,87645.0,1.0,1,5843.0,5848.0,3,5818.0,5845.0,5854.0,5843.0,25.0,2193030.0,2047
2023-05-10 21:00:58,ag2311,ag2311,5843.0,0.0,0.0,0.0,2,5844.0,5848.0,5,5818.0,5845.0,5854.0,5843.0,25.0,2193030.0,2047
2023-05-10 21:00:59,ag2311,ag2311,5843.0,0.0,0.0,0.0,8,5841.0,5847.0,1,5818.0,5845.0,5854.0,5843.0,25.0,2193030.0,2047
2023-05-10 21:00:59,ag2311,ag2311,5843.0,0.0,0.0,0.0,2,5842.0,5847.0,4,5818.0,5845.0,5854.0,5843.0,25.0,2193030.0,2047
2023-05-10 21:01:00,ag2311,ag2311,5843.0,0.0,0.0,0.0,6,5842.0,5847.0,4,5818.0,5845.0,5854.0,5843.0,25.0,2193030.0,2047
2023-05-10 21:01:00,ag2311,ag2311,5847.0,1.0,87705.0,-1.0,2,5842.0,5846.0,1,5818.0,5845.0,5854.0,5843.0,26.0,2280735.0,2046
2023-05-10 21:01:01,ag2311,ag2311,5847.0,2.0,175395.0,-2.0,4,5843.0,5847.0,1,5818.0,5845.0,5854.0,5843.0,28.0,2456130.0,2044
2023-05-10 21:01:01,ag2311,ag2311,5847.0,0.0,0.0,0.0,10,5843.0,5848.0,1,5818.0,5845.0,5854.0,5843.0,28.0,2456130.0,2044
2023-05-10 21:01:02,ag2311,ag2311,5847.0,0.0,0.0,0.0,1,5843.0,5847.0,1,5818.0,5845.0,5854.0,5843.0,28.0,2456130.0,2044
2023-05-10 21:01:02,ag2311,ag2311,5847.0,0.0,0.0,0.0,3,5843.0,5847.0,2,5818.0,5845.0,5854.0,5843.0,28.0,2456130.0,2044
2023-05-10 21:01:03,ag2311,ag2311,5847.0,0.0,0.0,0.0,3,5843.0,5848.0,1,5818.0,5845.0,5854.0,5843.0,28.0,2456130.0,2044
2023-05-10 21:01:03,ag2311,ag2311,5847.0,1.0,87705.0,-1.0,3,5843.0,5847.0,2,5818.0,5845.0,5854.0,5843.0,29.0,2543835.0,2043
2023-05-10 21:01:05,ag2311,ag2311,5847.0,0.0,0.0,0.0,2,5844.0,5848.0,1,5818.0,5845.0,5854.0,5843.0,29.0,2543835.0,2043
2023-05-10 21:01:05,ag2311,ag2311,5847.0,0.0,0.0,0.0,2,5844.0,5851.0,2,5818.0,5845.0,5854.0,5843.0,29.0,2543835.0,2043
2023-05-10 21:01:06,ag2311,ag2311,5847.0,0.0,0.0,0.0,1,5845.0,5849.0,2,5818.0,5845.0,5854.0,5843.0,29.0,2543835.0,2043
2023-05-10 21:01:06,ag2311,ag2311,5847.0,0.0,0.0,0.0,2,5845.0,5848.0,1,5818.0,5845.0,5854.0,5843.0,29.0,2543835.0,2043
2023-05-10 21:01:07,ag2311,ag2311,5847.0,0.0,0.0,0.0,2,5845.0,5849.0,3,5818.0,5845.0,5854.0,5843.0,29.0,2543835.0,2043
2023-05-10 21:01:07,ag2311,ag2311,5847.0,0.0,0.0,0.0,2,5843.0,5849.0,4,5818.0,5845.0,5854.0,5843.0,29.0,2543835.0,2043
2023-05-10 21:01:08,ag2311,ag2311,5847.0,0.0,0.0,0.0,2,5843.0,5849.0,7,5818.0,5845.0,5854.0,5843.0,29.0,2543835.0,2043
2023-05-10 21:01:08,ag2311,ag2311,5847.0,0.0,0.0,0.0,1,5844.0,5848.0,1,5818.0,5845.0,5854.0,5843.0,29.0,2543835.0,2043
2023-05-10 21:01:09,ag2311,ag2311,5847.0,0.0,0.0,0.0,3,5843.0,5847.0,4,5818.0,5845.0,5854.0,5843.0,29.0,2543835.0,2043
2023-05-10 21:01:09,ag2311,ag2311,5843.0,1.0,87645.0,0.0,2,5843.0,5847.0,3,5818.0,5845.0,5854.0,5843.0,30.0,2631480.0,2043
2023-05-10 21:01:10,ag2311,ag2311,5843.0,0.0,0.0,0.0,2,5843.0,5847.0,4,5818.0,5845.0,5854.0,5843.0,30.0,2631480.0,2043
2023-05-10 21:01:10,ag2311,ag2311,5843.0,0.0,0.0,0.0,2,5843.0,5847.0,3,5818.0,5845.0,5854.0,5843.0,30.0,2631480.0,2043
2023-05-10 21:01:11,ag2311,ag2311,5847.0,1.0,87705.0,0.0,2,5843.0,5849.0,1,5818.0,5845.0,5854.0,5843.0,31.0,2719185.0,2043
2023-05-10 21:01:11,ag2311,ag2311,5847.0,0.0,0.0,0.0,2,5844.0,5848.0,2,5818.0,5845.0,5854.0,5843.0,31.0,2719185.0,2043
2023-05-10 21:01:12,ag2311,ag2311,5847.0,0.0,0.0,0.0,1,5845.0,5849.0,2,5818.0,5845.0,5854.0,5843.0,31.0,2719185.0,2043
2023-05-10 21:01:12,ag2311,ag2311,5847.0,0.0,0.0,0.0,3,5845.0,5849.0,4,5818.0,5845.0,5854.0,5843.0,31.0,2719185.0,2043
2023-05-10 21:01:13,ag2311,ag2311,5847.0,0.0,0.0,0.0,1,5845.0,5848.0,1,5818.0,5845.0,5854.0,5843.0,31.0,2719185.0,2043
2023-05-10 21:01:13,ag2311,ag2311,5847.0,0.0,0.0,0.0,1,5844.0,5849.0,4,5818.0,5845.0,5854.0,5843.0,31.0,2719185.0,2043
2023-05-10 21:01:14,ag2311,ag2311,5847.0,0.0,0.0,0.0,3,5844.0,5848.0,2,5818.0,5845.0,5854.0,5843.0,31.0,2719185.0,2043
2023-05-10 21:01:14,ag2311,ag2311,5847.0,0.0,0.0,0.0,3,5844.0,5845.0,1,5818.0,5845.0,5854.0,5843.0,31.0,2719185.0,2043
2023-05-10 21:01:15,ag2311,ag2311,5845.0,1.0,87675.0,0.0,17,5845.0,5849.0,1,5818.0,5845.0,5854.0,5843.0,32.0,2806860.0,2043
2023-05-10 21:01:15,ag2311,ag2311,5845.0,0.0,0.0,0.0,1,5846.0,5849.0,2,5818.0,5845.0,5854.0,5843.0,32.0,2806860.0,2043
2023-05-10 21:01:16,ag2311,ag2311,5845.0,0.0,0.0,0.0,3,5845.0,5850.0,1,5818.0,5845.0,5854.0,5843.0,32.0,2806860.0,2043
2023-05-10 21:01:16,ag2311,ag2311,5845.0,0.0,0.0,0.0,2,5846.0,5849.0,1,5818.0,5845.0,5854.0,5843.0,32.0,2806860.0,2043
2023-05-10 21:01:17,ag2311,ag2311,5845.0,0.0,0.0,0.0,2,5845.0,5849.0,1,5818.0,5845.0,5854.0,5843.0,32.0,2806860.0,2043
2023-05-10 21:01:18,ag2311,ag2311,5845.0,0.0,0.0,0.0,1,5846.0,5849.0,3,5818.0,5845.0,5854.0,5843.0,32.0,2806860.0,2043
2023-05-10 21:01:18,ag2311,ag2311,5845.0,0.0,0.0,0.0,6,5843.0,5849.0,4,5818.0,5845.0,5854.0,5843.0,32.0,2806860.0,2043
2023-05-10 21:01:19,ag2311,ag2311,5845.0,0.0,0.0,0.0,9,5844.0,5849.0,4,5818.0,5845.0,5854.0,5843.0,32.0,2806860.0,2043
2023-05-10 21:01:19,ag2311,ag2311,5845.0,0.0,0.0,0.0,1,5845.0,5849.0,4,5818.0,5845.0,5854.0,5843.0,32.0,2806860.0,2043
2023-05-10 21:01:20,ag2311,ag2311,5845.0,0.0,0.0,0.0,11,5844.0,5849.0,4,5818.0,5845.0,5854.0,5843.0,32.0,2806860.0,2043
2023-05-10 21:01:20,ag2311,ag2311,5845.0,0.0,0.0,0.0,2,5845.0,5849.0,4,5818.0,5845.0,5854.0,5843.0,32.0,2806860.0,2043
2023-05-10 21:01:21,ag2311,ag2311,5845.0,0.0,0.0,0.0,3,5845.0,5849.0,4,5818.0,5845.0,5854.0,5843.0,32.0,2806860.0,2043
2023-05-10 21:01:22,ag2311,ag2311,5845.0,0.0,0.0,0.0,3,5845.0,5849.0,4,5818.0,5845.0,5854.0,5843.0,32.0,2806860.0,2043
2023-05-10 21:01:22,ag2311,ag2311,5845.0,0.0,0.0,0.0,1,5845.0,5849.0,4,5818.0,5845.0,5854.0,5843.0,32.0,2806860.0,2043
2023-05-10 21:01:23,ag2311,ag2311,5845.0,1.0,87675.0,-1.0,8,5844.0,5849.0,4,5818.0,5845.0,5854.0,5843.0,33.0,2894535.0,2042
2023-05-10 21:01:23,ag2311,ag2311,5845.0,0.0,0.0,0.0,2,5845.0,5849.0,4,5818.0,5845.0,5854.0,5843.0,33.0,2894535.0,2042
2023-05-10 21:01:24,ag2311,ag2311,5845.0,0.0,0.0,0.0,6,5843.0,5849.0,6,5818.0,5845.0,5854.0,5843.0,33.0,2894535.0,2042
2023-05-10 21:01:24,ag2311,ag2311,5845.0,0.0,0.0,0.0,3,5844.0,5849.0,6,5818.0,5845.0,5854.0,5843.0,33.0,2894535.0,2042
2023-05-10 21:01:25,ag2311,ag2311,5845.0,0.0,0.0,0.0,3,5844.0,5849.0,6,5818.0,5845.0,5854.0,5843.0,33.0,2894535.0,2042
2023-05-10 21:01:26,ag2311,ag2311,5845.0,0.0,0.0,0.0,2,5844.0,5849.0,6,5818.0,5845.0,5854.0,5843.0,33.0,2894535.0,2042
2023-05-10 21:01:26,ag2311,ag2311,5845.0,0.0,0.0,0.0,9,5843.0,5848.0,2,5818.0,5845.0,5854.0,5843.0,33.0,2894535.0,2042
2023-05-10 21:01:27,ag2311,ag2311,5845.0,0.0,0.0,0.0,1,5842.0,5847.0,3,5818.0,5845.0,5854.0,5843.0,33.0,2894535.0,2042
2023-05-10 21:01:27,ag2311,ag2311,5845.0,0.0,0.0,0.0,1,5843.0,5846.0,1,5818.0,5845.0,5854.0,5843.0,33.0,2894535.0,2042
2023-05-10 21:01:28,ag2311,ag2311,5845.0,0.0,0.0,0.0,1,5843.0,5846.0,1,5818.0,5845.0,5854.0,5843.0,33.0,2894535.0,2042
2023-05-10 21:01:28,ag2311,ag2311,5845.0,0.0,0.0,0.0,1,5843.0,5846.0,3,5818.0,5845.0,5854.0,5843.0,33.0,2894535.0,2042
2023-05-10 21:01:29,ag2311,ag2311,5845.0,0.0,0.0,0.0,2,5842.0,5846.0,4,5818.0,5845.0,5854.0,5843.0,33.0,2894535.0,2042
2023-05-10 21:01:29,ag2311,ag2311,5845.0,0.0,0.0,0.0,3,5841.0,5846.0,4,5818.0,5845.0,5854.0,5843.0,33.0,2894535.0,2042
2023-05-10 21:01:30,ag2311,ag2311,5845.0,0.0,0.0,0.0,3,5842.0,5846.0,4,5818.0,5845.0,5854.0,5843.0,33.0,2894535.0,2042
2023-05-10 21:01:30,ag2311,ag2311,5845.0,0.0,0.0,0.0,7,5841.0,5846.0,6,5818.0,5845.0,5854.0,5843.0,33.0,2894535.0,2042
2023-05-10 21:01:31,ag2311,ag2311,5845.0,0.0,0.0,0.0,9,5841.0,5846.0,6,5818.0,5845.0,5854.0,5843.0,33.0,2894535.0,2042
2023-05-10 21:01:32,ag2311,ag2311,5845.0,0.0,0.0,0.0,2,5842.0,5846.0,6,5818.0,5845.0,5854.0,5843.0,33.0,2894535.0,2042
2023-05-10 21:01:33,ag2311,ag2311,5845.0,0.0,0.0,0.0,2,5842.0,5846.0,4,5818.0,5845.0,5854.0,5843.0,33.0,2894535.0,2042
2023-05-10 21:01:33,ag2311,ag2311,5845.0,0.0,0.0,0.0,7,5841.0,5846.0,4,5818.0,5845.0,5854.0,5843.0,33.0,2894535.0,2042
2023-05-10 21:01:34,ag2311,ag2311,5845.0,0.0,0.0,0.0,11,5841.0,5846.0,4,5818.0,5845.0,5854.0,5843.0,33.0,2894535.0,2042
2023-05-10 21:01:34,ag2311,ag2311,5845.0,0.0,0.0,0.0,11,5841.0,5842.0,4,5818.0,5845.0,5854.0,5843.0,33.0,2894535.0,2042
2023-05-10 21:01:35,ag2311,ag2311,5842.0,4.0,350520.0,0.0,1,5842.0,5846.0,4,5818.0,5845.0,5854.0,5842.0,37.0,3245055.0,2042
2023-05-10 21:01:35,ag2311,ag2311,5842.0,0.0,0.0,0.0,12,5841.0,5846.0,4,5818.0,5845.0,5854.0,5842.0,37.0,3245055.0,2042
2023-05-10 21:01:36,ag2311,ag2311,5842.0,0.0,0.0,0.0,3,5842.0,5846.0,4,5818.0,5845.0,5854.0,5842.0,37.0,3245055.0,2042
2023-05-10 21:01:36,ag2311,ag2311,5842.0,4.0,350520.0,3.0,2,5842.0,5846.0,3,5818.0,5845.0,5854.0,5842.0,41.0,3595575.0,2045
2023-05-10 21:01:37,ag2311,ag2311,5842.0,0.0,0.0,0.0,2,5843.0,5846.0,1,5818.0,5845.0,5854.0,5842.0,41.0,3595575.0,2045
2023-05-10 21:01:37,ag2311,ag2311,5842.0,0.0,0.0,0.0,3,5842.0,5847.0,1,5818.0,5845.0,5854.0,5842.0,41.0,3595575.0,2045
2023-05-10 21:01:38,ag2311,ag2311,5842.0,0.0,0.0,0.0,1,5843.0,5846.0,2,5818.0,5845.0,5854.0,5842.0,41.0,3595575.0,2045
2023-05-10 21:01:38,ag2311,ag2311,5842.0,0.0,0.0,0.0,2,5842.0,5846.0,3,5818.0,5845.0,5854.0,5842.0,41.0,3595575.0,2045
2023-05-10 21:01:39,ag2311,ag2311,5842.0,0.0,0.0,0.0,2,5842.0,5845.0,1,5818.0,5845.0,5854.0,5842.0,41.0,3595575.0,2045
2023-05-10 21:01:39,ag2311,ag2311,5842.0,0.0,0.0,0.0,1,5843.0,5846.0,3,5818.0,5845.0,5854.0,5842.0,41.0,3595575.0,2045
2023-05-10 21:01:40,ag2311,ag2311,5842.0,0.0,0.0,0.0,1,5843.0,5846.0,1,5818.0,5845.0,5854.0,5842.0,41.0,3595575.0,2045
2023-05-10 21:01:40,ag2311,ag2311,5842.0,0.0,0.0,0.0,9,5843.0,5847.0,1,5818.0,5845.0,5854.0,5842.0,41.0,3595575.0,2045
2023-05-10 21:01:41,ag2311,ag2311,5842.0,0.0,0.0,0.0,2,5844.0,5848.0,3,5818.0,5845.0,5854.0,5842.0,41.0,3595575.0,2045
2023-05-10 21:01:41,ag2311,ag2311,5842.0,0.0,0.0,0.0,9,5843.0,5847.0,1,5818.0,5845.0,5854.0,5842.0,41.0,3595575.0,2045
2023-05-10 21:01:42,ag2311,ag2311,5842.0,0.0,0.0,0.0,1,5844.0,5847.0,3,5818.0,5845.0,5854.0,5842.0,41.0,3595575.0,2045
2023-05-10 21:01:42,ag2311,ag2311,5842.0,0.0,0.0,0.0,1,5844.0,5847.0,3,5818.0,5845.0,5854.0,5842.0,41.0,3595575.0,2045
2023-05-10 21:01:43,ag2311,ag2311,5842.0,0.0,0.0,0.0,7,5844.0,5848.0,4,5818.0,5845.0,5854.0,5842.0,41.0,3595575.0,2045
2023-05-10 21:01:43,ag2311,ag2311,5842.0,0.0,0.0,0.0,2,5845.0,5848.0,3,5818.0,5845.0,5854.0,5842.0,41.0,3595575.0,2045
2023-05-10 21:01:44,ag2311,ag2311,5842.0,0.0,0.0,0.0,2,5845.0,5848.0,3,5818.0,5845.0,5854.0,5842.0,41.0,3595575.0,2045
2023-05-10 21:01:44,ag2311,ag2311,5842.0,0.0,0.0,0.0,7,5844.0,5847.0,6,5818.0,5845.0,5854.0,5842.0,41.0,3595575.0,2045
2023-05-10 21:01:45,ag2311,ag2311,5842.0,0.0,0.0,0.0,4,5843.0,5847.0,3,5818.0,5845.0,5854.0,5842.0,41.0,3595575.0,2045
2023-05-10 21:01:45,ag2311,ag2311,5842.0,0.0,0.0,0.0,3,5844.0,5847.0,1,5818.0,5845.0,5854.0,5842.0,41.0,3595575.0,2045
2023-05-10 21:01:46,ag2311,ag2311,5842.0,0.0,0.0,0.0,3,5844.0,5847.0,1,5818.0,5845.0,5854.0,5842.0,41.0,3595575.0,2045
2023-05-10 21:01:46,ag2311,ag2311,5842.0,0.0,0.0,0.0,5,5844.0,5848.0,3,5818.0,5845.0,5854.0,5842.0,41.0,3595575.0,2045
2023-05-10 21:01:47,ag2311,ag2311,5842.0,0.0,0.0,0.0,7,5844.0,5848.0,3,5818.0,5845.0,5854.0,5842.0,41.0,3595575.0,2045
2023-05-10 21:01:47,ag2311,ag2311,5842.0,0.0,0.0,0.0,9,5844.0,5848.0,5,5818.0,5845.0,5854.0,5842.0,41.0,3595575.0,2045
2023-05-10 21:01:48,ag2311,ag2311,5842.0,0.0,0.0,0.0,5,5844.0,5847.0,1,5818.0,5845.0,5854.0,5842.0,41.0,3595575.0,2045
2023-05-10 21:01:48,ag2311,ag2311,5842.0,0.0,0.0,0.0,3,5844.0,5848.0,11,5818.0,5845.0,5854.0,5842.0,41.0,3595575.0,2045
2023-05-10 21:01:49,ag2311,ag2311,5842.0,0.0,0.0,0.0,1,5844.0,5848.0,11,5818.0,5845.0,5854.0,5842.0,41.0,3595575.0,2045
2023-05-10 21:01:49,ag2311,ag2311,5842.0,0.0,0.0,0.0,3,5844.0,5848.0,11,5818.0,5845.0,5854.0,5842.0,41.0,3595575.0,2045
2023-05-10 21:01:50,ag2311,ag2311,5842.0,0.0,0.0,0.0,3,5844.0,5848.0,11,5818.0,5845.0,5854.0,5842.0,41.0,3595575.0,2045
2023-05-10 21:01:50,ag2311,ag2311,5842.0,0.0,0.0,0.0,7,5844.0,5848.0,4,5818.0,5845.0,5854.0,5842.0,41.0,3595575.0,2045
2023-05-10 21:01:51,ag2311,ag2311,5842.0,0.0,0.0,0.0,2,5845.0,5848.0,9,5818.0,5845.0,5854.0,5842.0,41.0,3595575.0,2045
2023-05-10 21:01:51,ag2311,ag2311,5842.0,0.0,0.0,0.0,5,5844.0,5848.0,6,5818.0,5845.0,5854.0,5842.0,41.0,3595575.0,2045
2023-05-10 21:01:52,ag2311,ag2311,5842.0,0.0,0.0,0.0,7,5844.0,5848.0,4,5818.0,5845.0,5854.0,5842.0,41.0,3595575.0,2045
2023-05-10 21:01:52,ag2311,ag2311,5842.0,0.0,0.0,0.0,3,5844.0,5848.0,9,5818.0,5845.0,5854.0,5842.0,41.0,3595575.0,2045
2023-05-10 21:01:53,ag2311,ag2311,5842.0,0.0,0.0,0.0,4,5842.0,5847.0,6,5818.0,5845.0,5854.0,5842.0,41.0,3595575.0,2045
2023-05-10 21:01:53,ag2311,ag2311,5842.0,0.0,0.0,0.0,7,5842.0,5846.0,5,5818.0,5845.0,5854.0,5842.0,41.0,3595575.0,2045
2023-05-10 21:01:54,ag2311,ag2311,5842.0,0.0,0.0,0.0,7,5842.0,5845.0,1,5818.0,5845.0,5854.0,5842.0,41.0,3595575.0,2045
2023-05-10 21:01:54,ag2311,ag2311,5842.0,0.0,0.0,0.0,1,5843.0,5846.0,1,5818.0,5845.0,5854.0,5842.0,41.0,3595575.0,2045
2023-05-10 21:01:55,ag2311,ag2311,5842.0,0.0,0.0,0.0,3,5843.0,5847.0,5,5818.0,5845.0,5854.0,5842.0,41.0,3595575.0,2045
2023-05-10 21:01:55,ag2311,ag2311,5842.0,0.0,0.0,0.0,3,5843.0,5846.0,1,5818.0,5845.0,5854.0,5842.0,41.0,3595575.0,2045
2023-05-10 21:01:57,ag2311,ag2311,5842.0,0.0,0.0,0.0,4,5842.0,5846.0,1,5818.0,5845.0,5854.0,5842.0,41.0,3595575.0,2045
2023-05-10 21:01:58,ag2311,ag2311,5842.0,0.0,0.0,0.0,2,5842.0,5846.0,8,5818.0,5845.0,5854.0,5842.0,41.0,3595575.0,2045
2023-05-10 21:01:58,ag2311,ag2311,5842.0,0.0,0.0,0.0,2,5842.0,5846.0,8,5818.0,5845.0,5854.0,5842.0,41.0,3595575.0,2045
2023-05-10 21:01:59,ag2311,ag2311,5842.0,0.0,0.0,0.0,6,5842.0,5846.0,1,5818.0,5845.0,5854.0,5842.0,41.0,3595575.0,2045
2023-05-10 21:01:59,ag2311,ag2311,5842.0,0.0,0.0,0.0,6,5842.0,5846.0,8,5818.0,5845.0,5854.0,5842.0,41.0,3595575.0,2045
2023-05-10 21:02:00,ag2311,ag2311,5842.0,0.0,0.0,0.0,2,5843.0,5846.0,6,5818.0,5845.0,5854.0,5842.0,41.0,3595575.0,2045
2023-05-10 21:02:00,ag2311,ag2311,5842.0,0.0,0.0,0.0,6,5842.0,5846.0,6,5818.0,5845.0,5854.0,5842.0,41.0,3595575.0,2045
2023-05-10 21:02:01,ag2311,ag2311,5842.0,0.0,0.0,0.0,5,5843.0,5848.0,7,5818.0,5845.0,5854.0,5842.0,41.0,3595575.0,2045
2023-05-10 21:02:01,ag2311,ag2311,5842.0,0.0,0.0,0.0,2,5844.0,5848.0,10,5818.0,5845.0,5854.0,5842.0,41.0,3595575.0,2045
2023-05-10 21:02:02,ag2311,ag2311,5842.0,0.0,0.0,0.0,6,5844.0,5848.0,5,5818.0,5845.0,5854.0,5842.0,41.0,3595575.0,2045
2023-05-10 21:02:02,ag2311,ag2311,5842.0,0.0,0.0,0.0,3,5845.0,5848.0,3,5818.0,5845.0,5854.0,5842.0,41.0,3595575.0,2045
2023-05-10 21:02:03,ag2311,ag2311,5842.0,0.0,0.0,0.0,3,5843.0,5847.0,6,5818.0,5845.0,5854.0,5842.0,41.0,3595575.0,2045
2023-05-10 21:02:03,ag2311,ag2311,5842.0,0.0,0.0,0.0,1,5844.0,5847.0,3,5818.0,5845.0,5854.0,5842.0,41.0,3595575.0,2045
2023-05-10 21:02:04,ag2311,ag2311,5842.0,0.0,0.0,0.0,1,5844.0,5847.0,1,5818.0,5845.0,5854.0,5842.0,41.0,3595575.0,2045
2023-05-10 21:02:04,ag2311,ag2311,5842.0,0.0,0.0,0.0,1,5844.0,5847.0,1,5818.0,5845.0,5854.0,5842.0,41.0,3595575.0,2045
2023-05-10 21:02:05,ag2311,ag2311,5842.0,0.0,0.0,0.0,3,5844.0,5847.0,1,5818.0,5845.0,5854.0,5842.0,41.0,3595575.0,2045
2023-05-10 21:02:05,ag2311,ag2311,5842.0,0.0,0.0,0.0,3,5844.0,5847.0,1,5818.0,5845.0,5854.0,5842.0,41.0,3595575.0,2045
2023-05-10 21:02:06,ag2311,ag2311,5842.0,0.0,0.0,0.0,3,5844.0,5847.0,1,5818.0,5845.0,5854.0,5842.0,41.0,3595575.0,2045
2023-05-10 21:02:06,ag2311,ag2311,5842.0,0.0,0.0,0.0,3,5844.0,5847.0,1,5818.0,5845.0,5854.0,5842.0,41.0,3595575.0,2045
2023-05-10 21:02:07,ag2311,ag2311,5844.0,1.0,87660.0,1.0,2,5844.0,5847.0,1,5818.0,5845.0,5854.0,5842.0,42.0,3683235.0,2046
2023-05-10 21:02:07,ag2311,ag2311,5844.0,0.0,0.0,0.0,2,5844.0,5847.0,1,5818.0,5845.0,5854.0,5842.0,42.0,3683235.0,2046
2023-05-10 21:02:08,ag2311,ag2311,5844.0,0.0,0.0,0.0,2,5844.0,5847.0,1,5818.0,5845.0,5854.0,5842.0,42.0,3683235.0,2046
2023-05-10 21:02:08,ag2311,ag2311,5844.0,0.0,0.0,0.0,6,5843.0,5847.0,1,5818.0,5845.0,5854.0,5842.0,42.0,3683235.0,2046
2023-05-10 21:02:09,ag2311,ag2311,5844.0,0.0,0.0,0.0,15,5843.0,5847.0,1,5818.0,5845.0,5854.0,5842.0,42.0,3683235.0,2046
2023-05-10 21:02:09,ag2311,ag2311,5844.0,0.0,0.0,0.0,2,5844.0,5847.0,1,5818.0,5845.0,5854.0,5842.0,42.0,3683235.0,2046
2023-05-10 21:02:10,ag2311,ag2311,5844.0,0.0,0.0,0.0,4,5843.0,5847.0,5,5818.0,5845.0,5854.0,5842.0,42.0,3683235.0,2046
2023-05-10 21:02:11,ag2311,ag2311,5844.0,0.0,0.0,0.0,6,5843.0,5847.0,3,5818.0,5845.0,5854.0,5842.0,42.0,3683235.0,2046
2023-05-10 21:02:11,ag2311,ag2311,5844.0,0.0,0.0,0.0,6,5844.0,5848.0,3,5818.0,5845.0,5854.0,5842.0,42.0,3683235.0,2046
2023-05-10 21:02:12,ag2311,ag2311,5844.0,0.0,0.0,0.0,2,5845.0,5847.0,6,5818.0,5845.0,5854.0,5842.0,42.0,3683235.0,2046
2023-05-10 21:02:12,ag2311,ag2311,5845.0,1.0,87675.0,1.0,1,5842.0,5846.0,4,5818.0,5845.0,5854.0,5842.0,43.0,3770910.0,2047
2023-05-10 21:02:13,ag2311,ag2311,5845.0,0.0,0.0,0.0,4,5842.0,5847.0,7,5818.0,5845.0,5854.0,5842.0,43.0,3770910.0,2047
2023-05-10 21:02:13,ag2311,ag2311,5845.0,0.0,0.0,0.0,2,5843.0,5847.0,7,5818.0,5845.0,5854.0,5842.0,43.0,3770910.0,2047
2023-05-10 21:02:14,ag2311,ag2311,5845.0,0.0,0.0,0.0,2,5843.0,5846.0,1,5818.0,5845.0,5854.0,5842.0,43.0,3770910.0,2047
2023-05-10 21:02:14,ag2311,ag2311,5845.0,0.0,0.0,0.0,2,5843.0,5846.0,1,5818.0,5845.0,5854.0,5842.0,43.0,3770910.0,2047
2023-05-10 21:02:15,ag2311,ag2311,5845.0,0.0,0.0,0.0,2,5844.0,5846.0,1,5818.0,5845.0,5854.0,5842.0,43.0,3770910.0,2047
2023-05-10 21:02:15,ag2311,ag2311,5845.0,0.0,0.0,0.0,2,5844.0,5846.0,1,5818.0,5845.0,5854.0,5842.0,43.0,3770910.0,2047
2023-05-10 21:02:16,ag2311,ag2311,5846.0,1.0,87690.0,-1.0,2,5844.0,5847.0,1,5818.0,5845.0,5854.0,5842.0,44.0,3858600.0,2046
2023-05-10 21:02:16,ag2311,ag2311,5846.0,0.0,0.0,0.0,2,5844.0,5848.0,7,5818.0,5845.0,5854.0,5842.0,44.0,3858600.0,2046
2023-05-10 21:02:17,ag2311,ag2311,5846.0,0.0,0.0,0.0,2,5844.0,5848.0,10,5818.0,5845.0,5854.0,5842.0,44.0,3858600.0,2046
2023-05-10 21:02:17,ag2311,ag2311,5846.0,0.0,0.0,0.0,2,5844.0,5847.0,1,5818.0,5845.0,5854.0,5842.0,44.0,3858600.0,2046
2023-05-10 21:02:18,ag2311,ag2311,5846.0,0.0,0.0,0.0,3,5845.0,5848.0,3,5818.0,5845.0,5854.0,5842.0,44.0,3858600.0,2046
2023-05-10 21:02:18,ag2311,ag2311,5846.0,0.0,0.0,0.0,1,5844.0,5847.0,1,5818.0,5845.0,5854.0,5842.0,44.0,3858600.0,2046
2023-05-10 21:02:19,ag2311,ag2311,5846.0,0.0,0.0,0.0,2,5844.0,5847.0,1,5818.0,5845.0,5854.0,5842.0,44.0,3858600.0,2046
2023-05-10 21:02:19,ag2311,ag2311,5846.0,0.0,0.0,0.0,3,5845.0,5848.0,4,5818.0,5845.0,5854.0,5842.0,44.0,3858600.0,2046
2023-05-10 21:02:20,ag2311,ag2311,5846.0,0.0,0.0,0.0,1,5845.0,5848.0,3,5818.0,5845.0,5854.0,5842.0,44.0,3858600.0,2046
2023-05-10 21:02:20,ag2311,ag2311,5846.0,0.0,0.0,0.0,3,5845.0,5848.0,3,5818.0,5845.0,5854.0,5842.0,44.0,3858600.0,2046
2023-05-10 21:02:21,ag2311,ag2311,5846.0,0.0,0.0,0.0,2,5846.0,5848.0,3,5818.0,5845.0,5854.0,5842.0,44.0,3858600.0,2046
2023-05-10 21:02:21,ag2311,ag2311,5846.0,0.0,0.0,0.0,1,5845.0,5848.0,3,5818.0,5845.0,5854.0,5842.0,44.0,3858600.0,2046
2023-05-10 21:02:22,ag2311,ag2311,5846.0,0.0,0.0,0.0,3,5845.0,5848.0,3,5818.0,5845.0,5854.0,5842.0,44.0,3858600.0,2046
2023-05-10 21:02:23,ag2311,ag2311,5846.0,0.0,0.0,0.0,3,5845.0,5848.0,3,5818.0,5845.0,5854.0,5842.0,44.0,3858600.0,2046
2023-05-10 21:02:24,ag2311,ag2311,5846.0,0.0,0.0,0.0,1,5845.0,5848.0,3,5818.0,5845.0,5854.0,5842.0,44.0,3858600.0,2046
2023-05-10 21:02:24,ag2311,ag2311,5846.0,0.0,0.0,0.0,1,5844.0,5847.0,1,5818.0,5845.0,5854.0,5842.0,44.0,3858600.0,2046
2023-05-10 21:02:25,ag2311,ag2311,5846.0,0.0,0.0,0.0,2,5844.0,5847.0,1,5818.0,5845.0,5854.0,5842.0,44.0,3858600.0,2046
2023-05-10 21:02:25,ag2311,ag2311,5846.0,0.0,0.0,0.0,8,5842.0,5847.0,8,5818.0,5845.0,5854.0,5842.0,44.0,3858600.0,2046
2023-05-10 21:02:26,ag2311,ag2311,5846.0,0.0,0.0,0.0,3,5843.0,5847.0,8,5818.0,5845.0,5854.0,5842.0,44.0,3858600.0,2046
2023-05-10 21:02:26,ag2311,ag2311,5846.0,0.0,0.0,0.0,3,5843.0,5847.0,8,5818.0,5845.0,5854.0,5842.0,44.0,3858600.0,2046
2023-05-10 21:02:27,ag2311,ag2311,5847.0,1.0,87705.0,0.0,3,5843.0,5847.0,5,5818.0,5845.0,5854.0,5842.0,45.0,3946305.0,2046
2023-05-10 21:02:27,ag2311,ag2311,5847.0,0.0,0.0,0.0,2,5844.0,5848.0,7,5818.0,5845.0,5854.0,5842.0,45.0,3946305.0,2046
2023-05-10 21:02:28,ag2311,ag2311,5847.0,0.0,0.0,0.0,2,5844.0,5847.0,1,5818.0,5845.0,5854.0,5842.0,45.0,3946305.0,2046
2023-05-10 21:02:28,ag2311,ag2311,5847.0,0.0,0.0,0.0,2,5844.0,5848.0,10,5818.0,5845.0,5854.0,5842.0,45.0,3946305.0,2046
2023-05-10 21:02:29,ag2311,ag2311,5847.0,0.0,0.0,0.0,2,5844.0,5847.0,1,5818.0,5845.0,5854.0,5842.0,45.0,3946305.0,2046
2023-05-10 21:02:29,ag2311,ag2311,5847.0,0.0,0.0,0.0,1,5845.0,5848.0,4,5818.0,5845.0,5854.0,5842.0,45.0,3946305.0,2046
2023-05-10 21:02:30,ag2311,ag2311,5847.0,0.0,0.0,0.0,3,5845.0,5848.0,2,5818.0,5845.0,5854.0,5842.0,45.0,3946305.0,2046
2023-05-10 21:02:30,ag2311,ag2311,5847.0,0.0,0.0,0.0,1,5845.0,5848.0,2,5818.0,5845.0,5854.0,5842.0,45.0,3946305.0,2046
2023-05-10 21:02:31,ag2311,ag2311,5847.0,0.0,0.0,0.0,3,5845.0,5848.0,2,5818.0,5845.0,5854.0,5842.0,45.0,3946305.0,2046
2023-05-10 21:02:32,ag2311,ag2311,5847.0,0.0,0.0,0.0,2,5846.0,5848.0,2,5818.0,5845.0,5854.0,5842.0,45.0,3946305.0,2046
2023-05-10 21:02:32,ag2311,ag2311,5847.0,0.0,0.0,0.0,1,5845.0,5848.0,2,5818.0,5845.0,5854.0,5842.0,45.0,3946305.0,2046
2023-05-10 21:02:33,ag2311,ag2311,5847.0,0.0,0.0,0.0,3,5845.0,5848.0,2,5818.0,5845.0,5854.0,5842.0,45.0,3946305.0,2046
2023-05-10 21:02:33,ag2311,ag2311,5847.0,0.0,0.0,0.0,4,5843.0,5847.0,1,5818.0,5845.0,5854.0,5842.0,45.0,3946305.0,2046
2023-05-10 21:02:34,ag2311,ag2311,5847.0,0.0,0.0,0.0,3,5844.0,5847.0,1,5818.0,5845.0,5854.0,5842.0,45.0,3946305.0,2046
2023-05-10 21:02:34,ag2311,ag2311,5847.0,0.0,0.0,0.0,3,5844.0,5847.0,1,5818.0,5845.0,5854.0,5842.0,45.0,3946305.0,2046
2023-05-10 21:02:35,ag2311,ag2311,5847.0,0.0,0.0,0.0,2,5845.0,5848.0,3,5818.0,5845.0,5854.0,5842.0,45.0,3946305.0,2046
2023-05-10 21:02:35,ag2311,ag2311,5847.0,0.0,0.0,0.0,5,5844.0,5848.0,2,5818.0,5845.0,5854.0,5842.0,45.0,3946305.0,2046
2023-05-10 21:02:36,ag2311,ag2311,5847.0,0.0,0.0,0.0,2,5845.0,5848.0,2,5818.0,5845.0,5854.0,5842.0,45.0,3946305.0,2046
2023-05-10 21:02:36,ag2311,ag2311,5847.0,0.0,0.0,0.0,2,5845.0,5848.0,2,5818.0,5845.0,5854.0,5842.0,45.0,3946305.0,2046
2023-05-10 21:02:37,ag2311,ag2311,5847.0,0.0,0.0,0.0,2,5845.0,5848.0,2,5818.0,5845.0,5854.0,5842.0,45.0,3946305.0,2046
2023-05-10 21:02:37,ag2311,ag2311,5847.0,0.0,0.0,0.0,4,5843.0,5847.0,1,5818.0,5845.0,5854.0,5842.0,45.0,3946305.0,2046
2023-05-10 21:02:38,ag2311,ag2311,5847.0,0.0,0.0,0.0,1,5844.0,5847.0,3,5818.0,5845.0,5854.0,5842.0,45.0,3946305.0,2046
2023-05-10 21:02:38,ag2311,ag2311,5847.0,0.0,0.0,0.0,2,5844.0,5847.0,1,5818.0,5845.0,5854.0,5842.0,45.0,3946305.0,2046
2023-05-10 21:02:39,ag2311,ag2311,5847.0,0.0,0.0,0.0,2,5844.0,5847.0,1,5818.0,5845.0,5854.0,5842.0,45.0,3946305.0,2046
2023-05-10 21:02:39,ag2311,ag2311,5847.0,0.0,0.0,0.0,2,5844.0,5847.0,1,5818.0,5845.0,5854.0,5842.0,45.0,3946305.0,2046
2023-05-10 21:02:40,ag2311,ag2311,5847.0,0.0,0.0,0.0,2,5844.0,5847.0,1,5818.0,5845.0,5854.0,5842.0,45.0,3946305.0,2046
2023-05-10 21:02:40,ag2311,ag2311,5847.0,0.0,0.0,0.0,1,5845.0,5848.0,3,5818.0,5845.0,5854.0,5842.0,45.0,3946305.0,2046
2023-05-10 21:02:41,ag2311,ag2311,5847.0,0.0,0.0,0.0,1,5845.0,5848.0,4,5818.0,5845.0,5854.0,5842.0,45.0,3946305.0,2046
2023-05-10 21:02:41,ag2311,ag2311,5847.0,0.0,0.0,0.0,1,5845.0,5848.0,2,5818.0,5845.0,5854.0,5842.0,45.0,3946305.0,2046
2023-05-10 21:02:42,ag2311,ag2311,5847.0,0.0,0.0,0.0,1,5845.0,5848.0,4,5818.0,5845.0,5854.0,5842.0,45.0,3946305.0,2046
2023-05-10 21:02:42,ag2311,ag2311,5847.0,0.0,0.0,0.0,2,5844.0,5847.0,1,5818.0,5845.0,5854.0,5842.0,45.0,3946305.0,2046
2023-05-10 21:02:43,ag2311,ag2311,5847.0,0.0,0.0,0.0,2,5844.0,5848.0,10,5818.0,5845.0,5854.0,5842.0,45.0,3946305.0,2046
2023-05-10 21:02:44,ag2311,ag2311,5847.0,0.0,0.0,0.0,2,5844.0,5848.0,11,5818.0,5845.0,5854.0,5842.0,45.0,3946305.0,2046
2023-05-10 21:02:45,ag2311,ag2311,5847.0,0.0,0.0,0.0,7,5843.0,5848.0,11,5818.0,5845.0,5854.0,5842.0,45.0,3946305.0,2046
2023-05-10 21:02:45,ag2311,ag2311,5847.0,0.0,0.0,0.0,1,5844.0,5848.0,11,5818.0,5845.0,5854.0,5842.0,45.0,3946305.0,2046
2023-05-10 21:02:47,ag2311,ag2311,5847.0,0.0,0.0,0.0,1,5844.0,5848.0,11,5818.0,5845.0,5854.0,5842.0,45.0,3946305.0,2046
2023-05-10 21:02:47,ag2311,ag2311,5847.0,0.0,0.0,0.0,1,5844.0,5848.0,11,5818.0,5845.0,5854.0,5842.0,45.0,3946305.0,2046
2023-05-10 21:02:48,ag2311,ag2311,5847.0,0.0,0.0,0.0,1,5844.0,5848.0,11,5818.0,5845.0,5854.0,5842.0,45.0,3946305.0,2046
2023-05-10 21:02:48,ag2311,ag2311,5847.0,0.0,0.0,0.0,2,5843.0,5847.0,4,5818.0,5845.0,5854.0,5842.0,45.0,3946305.0,2046
2023-05-10 21:02:49,ag2311,ag2311,5847.0,0.0,0.0,0.0,2,5843.0,5846.0,1,5818.0,5845.0,5854.0,5842.0,45.0,3946305.0,2046
2023-05-10 21:02:49,ag2311,ag2311,5847.0,0.0,0.0,0.0,2,5843.0,5847.0,8,5818.0,5845.0,5854.0,5842.0,45.0,3946305.0,2046
2023-05-10 21:02:50,ag2311,ag2311,5847.0,0.0,0.0,0.0,2,5843.0,5847.0,8,5818.0,5845.0,5854.0,5842.0,45.0,3946305.0,2046
2023-05-10 21:02:51,ag2311,ag2311,5847.0,0.0,0.0,0.0,2,5843.0,5847.0,8,5818.0,5845.0,5854.0,5842.0,45.0,3946305.0,2046
2023-05-10 21:02:52,ag2311,ag2311,5847.0,0.0,0.0,0.0,2,5843.0,5847.0,8,5818.0,5845.0,5854.0,5842.0,45.0,3946305.0,2046
2023-05-10 21:02:53,ag2311,ag2311,5847.0,0.0,0.0,0.0,4,5842.0,5847.0,8,5818.0,5845.0,5854.0,5842.0,45.0,3946305.0,2046
2023-05-10 21:02:53,ag2311,ag2311,5847.0,0.0,0.0,0.0,7,5843.0,5847.0,7,5818.0,5845.0,5854.0,5842.0,45.0,3946305.0,2046
2023-05-10 21:02:54,ag2311,ag2311,5847.0,0.0,0.0,0.0,3,5843.0,5847.0,8,5818.0,5845.0,5854.0,5842.0,45.0,3946305.0,2046
2023-05-10 21:02:54,ag2311,ag2311,5847.0,0.0,0.0,0.0,1,5843.0,5847.0,8,5818.0,5845.0,5854.0,5842.0,45.0,3946305.0,2046
2023-05-10 21:02:55,ag2311,ag2311,5847.0,0.0,0.0,0.0,7,5843.0,5847.0,3,5818.0,5845.0,5854.0,5842.0,45.0,3946305.0,2046
2023-05-10 21:02:55,ag2311,ag2311,5847.0,0.0,0.0,0.0,7,5843.0,5847.0,3,5818.0,5845.0,5854.0,5842.0,45.0,3946305.0,2046
2023-05-10 21:02:56,ag2311,ag2311,5847.0,0.0,0.0,0.0,3,5843.0,5847.0,8,5818.0,5845.0,5854.0,5842.0,45.0,3946305.0,2046
2023-05-10 21:02:56,ag2311,ag2311,5847.0,0.0,0.0,0.0,3,5843.0,5847.0,8,5818.0,5845.0,5854.0,5842.0,45.0,3946305.0,2046
2023-05-10 21:02:58,ag2311,ag2311,5847.0,0.0,0.0,0.0,3,5843.0,5847.0,8,5818.0,5845.0,5854.0,5842.0,45.0,3946305.0,2046
2023-05-10 21:02:58,ag2311,ag2311,5847.0,0.0,0.0,0.0,3,5843.0,5847.0,8,5818.0,5845.0,5854.0,5842.0,45.0,3946305.0,2046
2023-05-10 21:02:59,ag2311,ag2311,5847.0,0.0,0.0,0.0,3,5843.0,5847.0,8,5818.0,5845.0,5854.0,5842.0,45.0,3946305.0,2046
2023-05-10 21:02:59,ag2311,ag2311,5847.0,0.0,0.0,0.0,3,5843.0,5847.0,8,5818.0,5845.0,5854.0,5842.0,45.0,3946305.0,2046
2023-05-10 21:03:00,ag2311,ag2311,5847.0,0.0,0.0,0.0,7,5843.0,5847.0,3,5818.0,5845.0,5854.0,5842.0,45.0,3946305.0,2046
2023-05-10 21:03:00,ag2311,ag2311,5847.0,0.0,0.0,0.0,7,5843.0,5847.0,3,5818.0,5845.0,5854.0,5842.0,45.0,3946305.0,2046
2023-05-10 21:03:01,ag2311,ag2311,5847.0,0.0,0.0,0.0,6,5844.0,5848.0,6,5818.0,5845.0,5854.0,5842.0,45.0,3946305.0,2046
2023-05-10 21:03:01,ag2311,ag2311,5847.0,0.0,0.0,0.0,2,5845.0,5848.0,3,5818.0,5845.0,5854.0,5842.0,45.0,3946305.0,2046
2023-05-10 21:03:02,ag2311,ag2311,5847.0,0.0,0.0,0.0,2,5845.0,5848.0,3,5818.0,5845.0,5854.0,5842.0,45.0,3946305.0,2046
2023-05-10 21:03:03,ag2311,ag2311,5847.0,0.0,0.0,0.0,1,5846.0,5848.0,3,5818.0,5845.0,5854.0,5842.0,45.0,3946305.0,2046
2023-05-10 21:03:03,ag2311,ag2311,5848.0,3.0,263160.0,-2.0,7,5846.0,5850.0,1,5818.0,5845.0,5854.0,5842.0,48.0,4209465.0,2044
2023-05-10 21:03:04,ag2311,ag2311,5848.0,0.0,0.0,0.0,7,5846.0,5850.0,6,5818.0,5845.0,5854.0,5842.0,48.0,4209465.0,2044
2023-05-10 21:03:04,ag2311,ag2311,5848.0,0.0,0.0,0.0,7,5846.0,5850.0,4,5818.0,5845.0,5854.0,5842.0,48.0,4209465.0,2044
2023-05-10 21:03:05,ag2311,ag2311,5848.0,0.0,0.0,0.0,3,5846.0,5849.0,1,5818.0,5845.0,5854.0,5842.0,48.0,4209465.0,2044
2023-05-10 21:03:05,ag2311,ag2311,5848.0,0.0,0.0,0.0,3,5846.0,5850.0,10,5818.0,5845.0,5854.0,5842.0,48.0,4209465.0,2044
2023-05-10 21:03:06,ag2311,ag2311,5848.0,0.0,0.0,0.0,3,5846.0,5850.0,9,5818.0,5845.0,5854.0,5842.0,48.0,4209465.0,2044
2023-05-10 21:03:07,ag2311,ag2311,5848.0,0.0,0.0,0.0,3,5846.0,5850.0,9,5818.0,5845.0,5854.0,5842.0,48.0,4209465.0,2044
2023-05-10 21:03:07,ag2311,ag2311,5848.0,0.0,0.0,0.0,3,5846.0,5850.0,9,5818.0,5845.0,5854.0,5842.0,48.0,4209465.0,2044
2023-05-10 21:03:08,ag2311,ag2311,5848.0,0.0,0.0,0.0,1,5846.0,5850.0,9,5818.0,5845.0,5854.0,5842.0,48.0,4209465.0,2044
2023-05-10 21:03:08,ag2311,ag2311,5848.0,0.0,0.0,0.0,7,5846.0,5850.0,9,5818.0,5845.0,5854.0,5842.0,48.0,4209465.0,2044
2023-05-10 21:03:09,ag2311,ag2311,5848.0,0.0,0.0,0.0,7,5846.0,5850.0,2,5818.0,5845.0,5854.0,5842.0,48.0,4209465.0,2044
2023-05-10 21:03:09,ag2311,ag2311,5848.0,0.0,0.0,0.0,11,5846.0,5850.0,4,5818.0,5845.0,5854.0,5842.0,48.0,4209465.0,2044
2023-05-10 21:03:10,ag2311,ag2311,5848.0,0.0,0.0,0.0,3,5846.0,5850.0,9,5818.0,5845.0,5854.0,5842.0,48.0,4209465.0,2044
2023-05-10 21:03:10,ag2311,ag2311,5848.0,0.0,0.0,0.0,7,5846.0,5850.0,4,5818.0,5845.0,5854.0,5842.0,48.0,4209465.0,2044
2023-05-10 21:03:11,ag2311,ag2311,5848.0,0.0,0.0,0.0,3,5846.0,5850.0,9,5818.0,5845.0,5854.0,5842.0,48.0,4209465.0,2044
2023-05-10 21:03:12,ag2311,ag2311,5848.0,0.0,0.0,0.0,7,5846.0,5850.0,4,5818.0,5845.0,5854.0,5842.0,48.0,4209465.0,2044
2023-05-10 21:03:12,ag2311,ag2311,5848.0,0.0,0.0,0.0,3,5846.0,5850.0,9,5818.0,5845.0,5854.0,5842.0,48.0,4209465.0,2044
2023-05-10 21:03:13,ag2311,ag2311,5848.0,0.0,0.0,0.0,8,5846.0,5850.0,9,5818.0,5845.0,5854.0,5842.0,48.0,4209465.0,2044
2023-05-10 21:03:13,ag2311,ag2311,5848.0,0.0,0.0,0.0,7,5846.0,5850.0,4,5818.0,5845.0,5854.0,5842.0,48.0,4209465.0,2044
2023-05-10 21:03:14,ag2311,ag2311,5848.0,0.0,0.0,0.0,2,5847.0,5850.0,2,5818.0,5845.0,5854.0,5842.0,48.0,4209465.0,2044
2023-05-10 21:03:14,ag2311,ag2311,5848.0,0.0,0.0,0.0,2,5847.0,5850.0,2,5818.0,5845.0,5854.0,5842.0,48.0,4209465.0,2044
2023-05-10 21:03:15,ag2311,ag2311,5848.0,0.0,0.0,0.0,1,5848.0,5850.0,1,5818.0,5845.0,5854.0,5842.0,48.0,4209465.0,2044
2023-05-10 21:03:16,ag2311,ag2311,5848.0,0.0,0.0,0.0,2,5847.0,5850.0,1,5818.0,5845.0,5854.0,5842.0,48.0,4209465.0,2044
2023-05-10 21:03:16,ag2311,ag2311,5848.0,0.0,0.0,0.0,4,5846.0,5850.0,1,5818.0,5845.0,5854.0,5842.0,48.0,4209465.0,2044
2023-05-10 21:03:17,ag2311,ag2311,5848.0,0.0,0.0,0.0,3,5847.0,5850.0,1,5818.0,5845.0,5854.0,5842.0,48.0,4209465.0,2044
2023-05-10 21:03:17,ag2311,ag2311,5848.0,0.0,0.0,0.0,6,5845.0,5849.0,1,5818.0,5845.0,5854.0,5842.0,48.0,4209465.0,2044
2023-05-10 21:03:18,ag2311,ag2311,5848.0,0.0,0.0,0.0,3,5846.0,5849.0,1,5818.0,5845.0,5854.0,5842.0,48.0,4209465.0,2044
2023-05-10 21:03:19,ag2311,ag2311,5848.0,0.0,0.0,0.0,3,5846.0,5849.0,1,5818.0,5845.0,5854.0,5842.0,48.0,4209465.0,2044
2023-05-10 21:03:22,ag2311,ag2311,5848.0,0.0,0.0,0.0,2,5847.0,5850.0,2,5818.0,5845.0,5854.0,5842.0,48.0,4209465.0,2044
2023-05-10 21:03:22,ag2311,ag2311,5848.0,0.0,0.0,0.0,2,5847.0,5850.0,1,5818.0,5845.0,5854.0,5842.0,48.0,4209465.0,2044
2023-05-10 21:03:23,ag2311,ag2311,5848.0,0.0,0.0,0.0,1,5848.0,5850.0,1,5818.0,5845.0,5854.0,5842.0,48.0,4209465.0,2044
2023-05-10 21:03:23,ag2311,ag2311,5850.0,1.0,87750.0,0.0,6,5850.0,5851.0,1,5818.0,5845.0,5854.0,5842.0,49.0,4297215.0,2044
2023-05-10 21:03:24,ag2311,ag2311,5850.0,3.0,263250.0,1.0,5,5847.0,5851.0,1,5818.0,5845.0,5854.0,5842.0,52.0,4560465.0,2045
2023-05-10 21:03:24,ag2311,ag2311,5850.0,0.0,0.0,0.0,2,5848.0,5851.0,1,5818.0,5845.0,5854.0,5842.0,52.0,4560465.0,2045
2023-05-10 21:03:25,ag2311,ag2311,5850.0,0.0,0.0,0.0,2,5848.0,5851.0,1,5818.0,5845.0,5854.0,5842.0,52.0,4560465.0,2045
2023-05-10 21:03:25,ag2311,ag2311,5850.0,0.0,0.0,0.0,2,5848.0,5851.0,1,5818.0,5845.0,5854.0,5842.0,52.0,4560465.0,2045
2023-05-10 21:03:26,ag2311,ag2311,5850.0,0.0,0.0,0.0,1,5849.0,5851.0,1,5818.0,5845.0,5854.0,5842.0,52.0,4560465.0,2045
2023-05-10 21:03:27,ag2311,ag2311,5850.0,0.0,0.0,0.0,2,5849.0,5851.0,1,5818.0,5845.0,5854.0,5842.0,52.0,4560465.0,2045
2023-05-10 21:03:27,ag2311,ag2311,5850.0,0.0,0.0,0.0,2,5849.0,5851.0,1,5818.0,5845.0,5854.0,5842.0,52.0,4560465.0,2045
2023-05-10 21:03:28,ag2311,ag2311,5850.0,0.0,0.0,0.0,1,5848.0,5851.0,1,5818.0,5845.0,5854.0,5842.0,52.0,4560465.0,2045
2023-05-10 21:03:28,ag2311,ag2311,5850.0,0.0,0.0,0.0,3,5848.0,5851.0,1,5818.0,5845.0,5854.0,5842.0,52.0,4560465.0,2045
2023-05-10 21:03:29,ag2311,ag2311,5850.0,0.0,0.0,0.0,7,5848.0,5851.0,1,5818.0,5845.0,5854.0,5842.0,52.0,4560465.0,2045
2023-05-10 21:03:29,ag2311,ag2311,5850.0,0.0,0.0,0.0,2,5849.0,5851.0,1,5818.0,5845.0,5854.0,5842.0,52.0,4560465.0,2045
2023-05-10 21:03:30,ag2311,ag2311,5850.0,0.0,0.0,0.0,2,5849.0,5851.0,1,5818.0,5845.0,5854.0,5842.0,52.0,4560465.0,2045
2023-05-10 21:03:30,ag2311,ag2311,5850.0,0.0,0.0,0.0,5,5848.0,5851.0,1,5818.0,5845.0,5854.0,5842.0,52.0,4560465.0,2045
2023-05-10 21:03:31,ag2311,ag2311,5850.0,0.0,0.0,0.0,2,5849.0,5851.0,1,5818.0,5845.0,5854.0,5842.0,52.0,4560465.0,2045
2023-05-10 21:03:32,ag2311,ag2311,5850.0,0.0,0.0,0.0,1,5850.0,5851.0,1,5818.0,5845.0,5854.0,5842.0,52.0,4560465.0,2045
2023-05-10 21:03:33,ag2311,ag2311,5851.0,1.0,87765.0,0.0,7,5851.0,5854.0,6,5818.0,5845.0,5854.0,5842.0,53.0,4648230.0,2045
2023-05-10 21:03:33,ag2311,ag2311,5851.0,0.0,0.0,0.0,6,5850.0,5854.0,7,5818.0,5845.0,5854.0,5842.0,53.0,4648230.0,2045
2023-05-10 21:03:34,ag2311,ag2311,5851.0,0.0,0.0,0.0,7,5851.0,5854.0,1,5818.0,5845.0,5854.0,5842.0,53.0,4648230.0,2045
2023-05-10 21:03:34,ag2311,ag2311,5851.0,0.0,0.0,0.0,2,5852.0,5854.0,1,5818.0,5845.0,5854.0,5842.0,53.0,4648230.0,2045
2023-05-10 21:03:35,ag2311,ag2311,5851.0,0.0,0.0,0.0,5,5851.0,5854.0,1,5818.0,5845.0,5854.0,5842.0,53.0,4648230.0,2045
2023-05-10 21:03:35,ag2311,ag2311,5851.0,0.0,0.0,0.0,2,5852.0,5854.0,1,5818.0,5845.0,5854.0,5842.0,53.0,4648230.0,2045
2023-05-10 21:03:36,ag2311,ag2311,5851.0,0.0,0.0,0.0,1,5851.0,5854.0,1,5818.0,5845.0,5854.0,5842.0,53.0,4648230.0,2045
2023-05-10 21:03:36,ag2311,ag2311,5851.0,0.0,0.0,0.0,3,5851.0,5854.0,1,5818.0,5845.0,5854.0,5842.0,53.0,4648230.0,2045
2023-05-10 21:03:37,ag2311,ag2311,5851.0,0.0,0.0,0.0,1,5851.0,5854.0,1,5818.0,5845.0,5854.0,5842.0,53.0,4648230.0,2045
2023-05-10 21:03:37,ag2311,ag2311,5851.0,0.0,0.0,0.0,3,5851.0,5854.0,1,5818.0,5845.0,5854.0,5842.0,53.0,4648230.0,2045
2023-05-10 21:03:38,ag2311,ag2311,5851.0,0.0,0.0,0.0,1,5851.0,5854.0,1,5818.0,5845.0,5854.0,5842.0,53.0,4648230.0,2045
2023-05-10 21:03:38,ag2311,ag2311,5851.0,0.0,0.0,0.0,3,5851.0,5854.0,1,5818.0,5845.0,5854.0,5842.0,53.0,4648230.0,2045
2023-05-10 21:03:39,ag2311,ag2311,5851.0,0.0,0.0,0.0,4,5850.0,5854.0,7,5818.0,5845.0,5854.0,5842.0,53.0,4648230.0,2045
2023-05-10 21:03:39,ag2311,ag2311,5851.0,0.0,0.0,0.0,1,5851.0,5854.0,3,5818.0,5845.0,5854.0,5842.0,53.0,4648230.0,2045
2023-05-10 21:03:40,ag2311,ag2311,5851.0,0.0,0.0,0.0,4,5849.0,5853.0,1,5818.0,5845.0,5854.0,5842.0,53.0,4648230.0,2045
2023-05-10 21:03:40,ag2311,ag2311,5851.0,0.0,0.0,0.0,6,5849.0,5853.0,1,5818.0,5845.0,5854.0,5842.0,53.0,4648230.0,2045
2023-05-10 21:03:41,ag2311,ag2311,5851.0,0.0,0.0,0.0,3,5850.0,5853.0,1,5818.0,5845.0,5854.0,5842.0,53.0,4648230.0,2045
2023-05-10 21:03:41,ag2311,ag2311,5851.0,0.0,0.0,0.0,6,5848.0,5853.0,6,5818.0,5845.0,5854.0,5842.0,53.0,4648230.0,2045
2023-05-10 21:03:42,ag2311,ag2311,5851.0,0.0,0.0,0.0,2,5849.0,5853.0,8,5818.0,5845.0,5854.0,5842.0,53.0,4648230.0,2045
2023-05-10 21:03:42,ag2311,ag2311,5851.0,0.0,0.0,0.0,3,5849.0,5853.0,8,5818.0,5845.0,5854.0,5842.0,53.0,4648230.0,2045
2023-05-10 21:03:43,ag2311,ag2311,5851.0,0.0,0.0,0.0,7,5849.0,5853.0,3,5818.0,5845.0,5854.0,5842.0,53.0,4648230.0,2045
2023-05-10 21:03:43,ag2311,ag2311,5851.0,0.0,0.0,0.0,14,5849.0,5853.0,3,5818.0,5845.0,5854.0,5842.0,53.0,4648230.0,2045
2023-05-10 21:03:44,ag2311,ag2311,5849.0,1.0,87735.0,0.0,6,5849.0,5853.0,3,5818.0,5845.0,5854.0,5842.0,54.0,4735965.0,2045
2023-05-10 21:03:44,ag2311,ag2311,5849.0,0.0,0.0,0.0,4,5850.0,5853.0,2,5818.0,5845.0,5854.0,5842.0,54.0,4735965.0,2045
2023-05-10 21:03:45,ag2311,ag2311,5849.0,0.0,0.0,0.0,2,5850.0,5854.0,6,5818.0,5845.0,5854.0,5842.0,54.0,4735965.0,2045
2023-05-10 21:03:45,ag2311,ag2311,5849.0,0.0,0.0,0.0,5,5849.0,5854.0,9,5818.0,5845.0,5854.0,5842.0,54.0,4735965.0,2045
2023-05-10 21:03:46,ag2311,ag2311,5849.0,0.0,0.0,0.0,7,5849.0,5853.0,1,5818.0,5845.0,5854.0,5842.0,54.0,4735965.0,2045
2023-05-10 21:03:46,ag2311,ag2311,5849.0,0.0,0.0,0.0,7,5849.0,5853.0,1,5818.0,5845.0,5854.0,5842.0,54.0,4735965.0,2045
2023-05-10 21:03:47,ag2311,ag2311,5849.0,0.0,0.0,0.0,2,5850.0,5853.0,1,5818.0,5845.0,5854.0,5842.0,54.0,4735965.0,2045
2023-05-10 21:03:47,ag2311,ag2311,5849.0,0.0,0.0,0.0,2,5850.0,5853.0,1,5818.0,5845.0,5854.0,5842.0,54.0,4735965.0,2045
2023-05-10 21:03:48,ag2311,ag2311,5849.0,0.0,0.0,0.0,4,5849.0,5853.0,1,5818.0,5845.0,5854.0,5842.0,54.0,4735965.0,2045
2023-05-10 21:03:48,ag2311,ag2311,5849.0,0.0,0.0,0.0,1,5851.0,5854.0,7,5818.0,5845.0,5854.0,5842.0,54.0,4735965.0,2045
2023-05-10 21:03:49,ag2311,ag2311,5850.0,1.0,87750.0,1.0,1,5850.0,5853.0,1,5818.0,5845.0,5854.0,5842.0,55.0,4823715.0,2046
2023-05-10 21:03:49,ag2311,ag2311,5850.0,0.0,0.0,0.0,1,5850.0,5853.0,1,5818.0,5845.0,5854.0,5842.0,55.0,4823715.0,2046
2023-05-10 21:03:50,ag2311,ag2311,5850.0,0.0,0.0,0.0,4,5849.0,5853.0,1,5818.0,5845.0,5854.0,5842.0,55.0,4823715.0,2046
2023-05-10 21:03:50,ag2311,ag2311,5850.0,0.0,0.0,0.0,5,5850.0,5853.0,2,5818.0,5845.0,5854.0,5842.0,55.0,4823715.0,2046
2023-05-10 21:03:51,ag2311,ag2311,5850.0,0.0,0.0,0.0,3,5850.0,5854.0,9,5818.0,5845.0,5854.0,5842.0,55.0,4823715.0,2046
2023-05-10 21:03:51,ag2311,ag2311,5850.0,0.0,0.0,0.0,3,5850.0,5854.0,9,5818.0,5845.0,5854.0,5842.0,55.0,4823715.0,2046
2023-05-10 21:03:52,ag2311,ag2311,5850.0,0.0,0.0,0.0,7,5850.0,5854.0,4,5818.0,5845.0,5854.0,5842.0,55.0,4823715.0,2046
2023-05-10 21:03:53,ag2311,ag2311,5850.0,0.0,0.0,0.0,7,5850.0,5854.0,8,5818.0,5845.0,5854.0,5842.0,55.0,4823715.0,2046
2023-05-10 21:03:53,ag2311,ag2311,5850.0,0.0,0.0,0.0,1,5850.0,5853.0,1,5818.0,5845.0,5854.0,5842.0,55.0,4823715.0,2046
2023-05-10 21:03:54,ag2311,ag2311,5850.0,0.0,0.0,0.0,3,5850.0,5853.0,1,5818.0,5845.0,5854.0,5842.0,55.0,4823715.0,2046
2023-05-10 21:03:54,ag2311,ag2311,5850.0,0.0,0.0,0.0,1,5850.0,5853.0,1,5818.0,5845.0,5854.0,5842.0,55.0,4823715.0,2046
2023-05-10 21:03:55,ag2311,ag2311,5850.0,0.0,0.0,0.0,1,5850.0,5853.0,3,5818.0,5845.0,5854.0,5842.0,55.0,4823715.0,2046
2023-05-10 21:03:55,ag2311,ag2311,5850.0,0.0,0.0,0.0,5,5850.0,5853.0,2,5818.0,5845.0,5854.0,5842.0,55.0,4823715.0,2046
2023-05-10 21:03:56,ag2311,ag2311,5850.0,0.0,0.0,0.0,3,5850.0,5854.0,8,5818.0,5845.0,5854.0,5842.0,55.0,4823715.0,2046
2023-05-10 21:03:56,ag2311,ag2311,5850.0,0.0,0.0,0.0,4,5848.0,5853.0,8,5818.0,5845.0,5854.0,5842.0,55.0,4823715.0,2046
2023-05-10 21:03:57,ag2311,ag2311,5850.0,0.0,0.0,0.0,2,5849.0,5853.0,8,5818.0,5845.0,5854.0,5842.0,55.0,4823715.0,2046
2023-05-10 21:03:57,ag2311,ag2311,5850.0,0.0,0.0,0.0,1,5850.0,5853.0,3,5818.0,5845.0,5854.0,5842.0,55.0,4823715.0,2046
2023-05-10 21:03:58,ag2311,ag2311,5850.0,0.0,0.0,0.0,3,5850.0,5853.0,1,5818.0,5845.0,5854.0,5842.0,55.0,4823715.0,2046
2023-05-10 21:03:58,ag2311,ag2311,5850.0,0.0,0.0,0.0,1,5850.0,5853.0,1,5818.0,5845.0,5854.0,5842.0,55.0,4823715.0,2046
2023-05-10 21:03:59,ag2311,ag2311,5850.0,0.0,0.0,0.0,1,5850.0,5853.0,3,5818.0,5845.0,5854.0,5842.0,55.0,4823715.0,2046
2023-05-10 21:04:00,ag2311,ag2311,5850.0,0.0,0.0,0.0,1,5850.0,5853.0,1,5818.0,5845.0,5854.0,5842.0,55.0,4823715.0,2046
2023-05-10 21:04:01,ag2311,ag2311,5850.0,0.0,0.0,0.0,7,5850.0,5854.0,2,5818.0,5845.0,5854.0,5842.0,55.0,4823715.0,2046
2023-05-10 21:04:01,ag2311,ag2311,5850.0,0.0,0.0,0.0,6,5851.0,5854.0,1,5818.0,5845.0,5854.0,5842.0,55.0,4823715.0,2046
2023-05-10 21:04:02,ag2311,ag2311,5850.0,0.0,0.0,0.0,6,5851.0,5854.0,1,5818.0,5845.0,5854.0,5842.0,55.0,4823715.0,2046
2023-05-10 21:04:02,ag2311,ag2311,5850.0,0.0,0.0,0.0,1,5852.0,5854.0,1,5818.0,5845.0,5854.0,5842.0,55.0,4823715.0,2046
2023-05-10 21:04:03,ag2311,ag2311,5854.0,1.0,87810.0,0.0,2,5852.0,5856.0,4,5818.0,5845.0,5854.0,5842.0,56.0,4911525.0,2046
2023-05-10 21:04:03,ag2311,ag2311,5854.0,0.0,0.0,0.0,3,5853.0,5857.0,5,5818.0,5845.0,5854.0,5842.0,56.0,4911525.0,2046
2023-05-10 21:04:04,ag2311,ag2311,5854.0,0.0,0.0,0.0,3,5853.0,5856.0,1,5818.0,5845.0,5854.0,5842.0,56.0,4911525.0,2046
2023-05-10 21:04:04,ag2311,ag2311,5854.0,0.0,0.0,0.0,5,5853.0,5857.0,7,5818.0,5845.0,5854.0,5842.0,56.0,4911525.0,2046
2023-05-10 21:04:05,ag2311,ag2311,5854.0,0.0,0.0,0.0,7,5853.0,5857.0,3,5818.0,5845.0,5854.0,5842.0,56.0,4911525.0,2046
2023-05-10 21:04:05,ag2311,ag2311,5854.0,0.0,0.0,0.0,7,5853.0,5858.0,6,5818.0,5845.0,5854.0,5842.0,56.0,4911525.0,2046
2023-05-10 21:04:06,ag2311,ag2311,5854.0,0.0,0.0,0.0,6,5854.0,5858.0,4,5818.0,5845.0,5854.0,5842.0,56.0,4911525.0,2046
2023-05-10 21:04:06,ag2311,ag2311,5854.0,0.0,0.0,0.0,6,5854.0,5858.0,3,5818.0,5845.0,5854.0,5842.0,56.0,4911525.0,2046
2023-05-10 21:04:07,ag2311,ag2311,5854.0,0.0,0.0,0.0,6,5854.0,5858.0,3,5818.0,5845.0,5854.0,5842.0,56.0,4911525.0,2046
2023-05-10 21:04:07,ag2311,ag2311,5854.0,0.0,0.0,0.0,6,5854.0,5858.0,3,5818.0,5845.0,5854.0,5842.0,56.0,4911525.0,2046
2023-05-10 21:04:08,ag2311,ag2311,5854.0,0.0,0.0,0.0,2,5854.0,5857.0,1,5818.0,5845.0,5854.0,5842.0,56.0,4911525.0,2046
2023-05-10 21:04:08,ag2311,ag2311,5854.0,0.0,0.0,0.0,4,5853.0,5857.0,2,5818.0,5845.0,5854.0,5842.0,56.0,4911525.0,2046
2023-05-10 21:04:09,ag2311,ag2311,5854.0,0.0,0.0,0.0,6,5853.0,5857.0,2,5818.0,5845.0,5854.0,5842.0,56.0,4911525.0,2046
2023-05-10 21:04:09,ag2311,ag2311,5854.0,0.0,0.0,0.0,2,5853.0,5856.0,1,5818.0,5845.0,5854.0,5842.0,56.0,4911525.0,2046
2023-05-10 21:04:10,ag2311,ag2311,5854.0,0.0,0.0,0.0,2,5853.0,5856.0,1,5818.0,5845.0,5854.0,5842.0,56.0,4911525.0,2046
2023-05-10 21:04:11,ag2311,ag2311,5854.0,0.0,0.0,0.0,4,5852.0,5856.0,3,5818.0,5845.0,5854.0,5842.0,56.0,4911525.0,2046
2023-05-10 21:04:11,ag2311,ag2311,5854.0,0.0,0.0,0.0,1,5853.0,5856.0,1,5818.0,5845.0,5854.0,5842.0,56.0,4911525.0,2046
2023-05-10 21:04:12,ag2311,ag2311,5854.0,0.0,0.0,0.0,3,5853.0,5856.0,1,5818.0,5845.0,5854.0,5842.0,56.0,4911525.0,2046
2023-05-10 21:04:12,ag2311,ag2311,5854.0,0.0,0.0,0.0,4,5852.0,5856.0,3,5818.0,5845.0,5854.0,5842.0,56.0,4911525.0,2046
2023-05-10 21:04:13,ag2311,ag2311,5854.0,0.0,0.0,0.0,6,5852.0,5856.0,3,5818.0,5845.0,5854.0,5842.0,56.0,4911525.0,2046
2023-05-10 21:04:13,ag2311,ag2311,5854.0,0.0,0.0,0.0,2,5853.0,5856.0,1,5818.0,5845.0,5854.0,5842.0,56.0,4911525.0,2046
2023-05-10 21:04:14,ag2311,ag2311,5854.0,0.0,0.0,0.0,2,5854.0,5856.0,6,5818.0,5845.0,5854.0,5842.0,56.0,4911525.0,2046
2023-05-10 21:04:15,ag2311,ag2311,5854.0,0.0,0.0,0.0,5,5851.0,5856.0,8,5818.0,5845.0,5854.0,5842.0,56.0,4911525.0,2046
2023-05-10 21:04:15,ag2311,ag2311,5854.0,0.0,0.0,0.0,3,5852.0,5856.0,8,5818.0,5845.0,5854.0,5842.0,56.0,4911525.0,2046
2023-05-10 21:04:16,ag2311,ag2311,5854.0,0.0,0.0,0.0,5,5850.0,5855.0,4,5818.0,5845.0,5854.0,5842.0,56.0,4911525.0,2046
2023-05-10 21:04:16,ag2311,ag2311,5854.0,0.0,0.0,0.0,2,5851.0,5855.0,7,5818.0,5845.0,5854.0,5842.0,56.0,4911525.0,2046
2023-05-10 21:04:17,ag2311,ag2311,5854.0,0.0,0.0,0.0,1,5852.0,5856.0,7,5818.0,5845.0,5854.0,5842.0,56.0,4911525.0,2046
2023-05-10 21:04:17,ag2311,ag2311,5854.0,0.0,0.0,0.0,3,5852.0,5856.0,8,5818.0,5845.0,5854.0,5842.0,56.0,4911525.0,2046
2023-05-10 21:04:18,ag2311,ag2311,5854.0,0.0,0.0,0.0,1,5852.0,5855.0,1,5818.0,5845.0,5854.0,5842.0,56.0,4911525.0,2046
2023-05-10 21:04:18,ag2311,ag2311,5854.0,0.0,0.0,0.0,3,5852.0,5856.0,9,5818.0,5845.0,5854.0,5842.0,56.0,4911525.0,2046
2023-05-10 21:04:19,ag2311,ag2311,5854.0,0.0,0.0,0.0,1,5852.0,5856.0,9,5818.0,5845.0,5854.0,5842.0,56.0,4911525.0,2046
2023-05-10 21:04:20,ag2311,ag2311,5854.0,0.0,0.0,0.0,10,5850.0,5855.0,4,5818.0,5845.0,5854.0,5842.0,56.0,4911525.0,2046
2023-05-10 21:04:20,ag2311,ag2311,5854.0,0.0,0.0,0.0,6,5851.0,5854.0,1,5818.0,5845.0,5854.0,5842.0,56.0,4911525.0,2046
2023-05-10 21:04:21,ag2311,ag2311,5854.0,0.0,0.0,0.0,3,5851.0,5855.0,8,5818.0,5845.0,5854.0,5842.0,56.0,4911525.0,2046
2023-05-10 21:04:21,ag2311,ag2311,5854.0,0.0,0.0,0.0,3,5851.0,5855.0,8,5818.0,5845.0,5854.0,5842.0,56.0,4911525.0,2046
2023-05-10 21:04:22,ag2311,ag2311,5854.0,0.0,0.0,0.0,6,5852.0,5856.0,1,5818.0,5845.0,5854.0,5842.0,56.0,4911525.0,2046
2023-05-10 21:04:23,ag2311,ag2311,5854.0,0.0,0.0,0.0,3,5853.0,5857.0,4,5818.0,5845.0,5854.0,5842.0,56.0,4911525.0,2046
2023-05-10 21:04:23,ag2311,ag2311,5854.0,0.0,0.0,0.0,2,5852.0,5856.0,7,5818.0,5845.0,5854.0,5842.0,56.0,4911525.0,2046
2023-05-10 21:04:24,ag2311,ag2311,5854.0,0.0,0.0,0.0,10,5852.0,5856.0,1,5818.0,5845.0,5854.0,5842.0,56.0,4911525.0,2046
2023-05-10 21:04:24,ag2311,ag2311,5854.0,0.0,0.0,0.0,3,5853.0,5854.0,1,5818.0,5845.0,5854.0,5842.0,56.0,4911525.0,2046
2023-05-10 21:04:25,ag2311,ag2311,5854.0,1.0,87810.0,-1.0,7,5854.0,5856.0,1,5818.0,5845.0,5854.0,5842.0,57.0,4999335.0,2045
2023-05-10 21:04:25,ag2311,ag2311,5854.0,0.0,0.0,0.0,2,5853.0,5856.0,1,5818.0,5845.0,5854.0,5842.0,57.0,4999335.0,2045
2023-05-10 21:04:26,ag2311,ag2311,5854.0,0.0,0.0,0.0,4,5852.0,5856.0,3,5818.0,5845.0,5854.0,5842.0,57.0,4999335.0,2045
2023-05-10 21:04:26,ag2311,ag2311,5854.0,0.0,0.0,0.0,1,5853.0,5856.0,1,5818.0,5845.0,5854.0,5842.0,57.0,4999335.0,2045
2023-05-10 21:04:27,ag2311,ag2311,5854.0,0.0,0.0,0.0,2,5852.0,5856.0,8,5818.0,5845.0,5854.0,5842.0,57.0,4999335.0,2045
2023-05-10 21:04:27,ag2311,ag2311,5856.0,10.0,878400.0,5.0,2,5852.0,5856.0,2,5818.0,5845.0,5856.0,5842.0,67.0,5877735.0,2050
2023-05-10 21:04:28,ag2311,ag2311,5856.0,3.0,263520.0,0.0,2,5852.0,5856.0,1,5818.0,5845.0,5856.0,5842.0,70.0,6141255.0,2050
2023-05-10 21:04:28,ag2311,ag2311,5856.0,0.0,0.0,0.0,2,5852.0,5855.0,1,5818.0,5845.0,5856.0,5842.0,70.0,6141255.0,2050
2023-05-10 21:04:29,ag2311,ag2311,5856.0,0.0,0.0,0.0,2,5852.0,5855.0,1,5818.0,5845.0,5856.0,5842.0,70.0,6141255.0,2050
2023-05-10 21:04:29,ag2311,ag2311,5856.0,0.0,0.0,0.0,2,5852.0,5856.0,1,5818.0,5845.0,5856.0,5842.0,70.0,6141255.0,2050
2023-05-10 21:04:30,ag2311,ag2311,5856.0,0.0,0.0,0.0,2,5853.0,5856.0,1,5818.0,5845.0,5856.0,5842.0,70.0,6141255.0,2050
2023-05-10 21:04:30,ag2311,ag2311,5856.0,0.0,0.0,0.0,8,5852.0,5856.0,1,5818.0,5845.0,5856.0,5842.0,70.0,6141255.0,2050
2023-05-10 21:04:31,ag2311,ag2311,5856.0,0.0,0.0,0.0,3,5853.0,5856.0,1,5818.0,5845.0,5856.0,5842.0,70.0,6141255.0,2050
2023-05-10 21:04:31,ag2311,ag2311,5856.0,0.0,0.0,0.0,2,5854.0,5858.0,2,5818.0,5845.0,5856.0,5842.0,70.0,6141255.0,2050
2023-05-10 21:04:32,ag2311,ag2311,5856.0,0.0,0.0,0.0,2,5854.0,5857.0,1,5818.0,5845.0,5856.0,5842.0,70.0,6141255.0,2050
2023-05-10 21:04:32,ag2311,ag2311,5856.0,0.0,0.0,0.0,8,5853.0,5857.0,2,5818.0,5845.0,5856.0,5842.0,70.0,6141255.0,2050
2023-05-10 21:04:33,ag2311,ag2311,5856.0,0.0,0.0,0.0,7,5854.0,5858.0,1,5818.0,5845.0,5856.0,5842.0,70.0,6141255.0,2050
2023-05-10 21:04:33,ag2311,ag2311,5856.0,0.0,0.0,0.0,3,5854.0,5858.0,3,5818.0,5845.0,5856.0,5842.0,70.0,6141255.0,2050
2023-05-10 21:04:34,ag2311,ag2311,5856.0,0.0,0.0,0.0,3,5854.0,5857.0,1,5818.0,5845.0,5856.0,5842.0,70.0,6141255.0,2050
2023-05-10 21:04:36,ag2311,ag2311,5856.0,0.0,0.0,0.0,3,5854.0,5857.0,1,5818.0,5845.0,5856.0,5842.0,70.0,6141255.0,2050
2023-05-10 21:04:36,ag2311,ag2311,5857.0,2.0,175710.0,0.0,8,5857.0,5858.0,1,5818.0,5845.0,5857.0,5842.0,72.0,6316965.0,2050
2023-05-10 21:04:37,ag2311,ag2311,5857.0,1.0,87855.0,1.0,7,5857.0,5858.0,1,5818.0,5845.0,5857.0,5842.0,73.0,6404820.0,2051
2023-05-10 21:04:37,ag2311,ag2311,5857.0,0.0,0.0,0.0,7,5857.0,5858.0,1,5818.0,5845.0,5857.0,5842.0,73.0,6404820.0,2051
2023-05-10 21:04:38,ag2311,ag2311,5857.0,7.0,614985.0,6.0,8,5853.0,5858.0,1,5818.0,5845.0,5857.0,5842.0,80.0,7019805.0,2057
2023-05-10 21:04:38,ag2311,ag2311,5857.0,0.0,0.0,0.0,9,5854.0,5858.0,3,5818.0,5845.0,5857.0,5842.0,80.0,7019805.0,2057
2023-05-10 21:04:39,ag2311,ag2311,5857.0,0.0,0.0,0.0,11,5854.0,5858.0,1,5818.0,5845.0,5857.0,5842.0,80.0,7019805.0,2057
2023-05-10 21:04:40,ag2311,ag2311,5857.0,0.0,0.0,0.0,1,5854.0,5857.0,3,5818.0,5845.0,5857.0,5842.0,80.0,7019805.0,2057
2023-05-10 21:04:40,ag2311,ag2311,5857.0,0.0,0.0,0.0,11,5854.0,5858.0,1,5818.0,5845.0,5857.0,5842.0,80.0,7019805.0,2057
2023-05-10 21:04:43,ag2311,ag2311,5858.0,1.0,87870.0,0.0,6,5858.0,5862.0,1,5818.0,5845.0,5858.0,5842.0,81.0,7107675.0,2057
2023-05-10 21:04:43,ag2311,ag2311,5858.0,3.0,263610.0,0.0,8,5855.0,5858.0,5,5818.0,5845.0,5858.0,5842.0,84.0,7371285.0,2057
2023-05-10 21:04:44,ag2311,ag2311,5858.0,0.0,0.0,0.0,3,5856.0,5860.0,2,5818.0,5845.0,5858.0,5842.0,84.0,7371285.0,2057
2023-05-10 21:04:44,ag2311,ag2311,5858.0,0.0,0.0,0.0,8,5854.0,5859.0,1,5818.0,5845.0,5858.0,5842.0,84.0,7371285.0,2057
2023-05-10 21:04:45,ag2311,ag2311,5858.0,0.0,0.0,0.0,3,5855.0,5859.0,3,5818.0,5845.0,5858.0,5842.0,84.0,7371285.0,2057
2023-05-10 21:04:45,ag2311,ag2311,5858.0,0.0,0.0,0.0,3,5855.0,5858.0,1,5818.0,5845.0,5858.0,5842.0,84.0,7371285.0,2057
2023-05-10 21:04:46,ag2311,ag2311,5858.0,0.0,0.0,0.0,3,5855.0,5859.0,4,5818.0,5845.0,5858.0,5842.0,84.0,7371285.0,2057
2023-05-10 21:04:47,ag2311,ag2311,5858.0,0.0,0.0,0.0,11,5855.0,5859.0,4,5818.0,5845.0,5858.0,5842.0,84.0,7371285.0,2057
2023-05-10 21:04:47,ag2311,ag2311,5858.0,0.0,0.0,0.0,2,5856.0,5859.0,1,5818.0,5845.0,5858.0,5842.0,84.0,7371285.0,2057
2023-05-10 21:04:48,ag2311,ag2311,5858.0,0.0,0.0,0.0,2,5856.0,5859.0,1,5818.0,5845.0,5858.0,5842.0,84.0,7371285.0,2057
2023-05-10 21:04:48,ag2311,ag2311,5858.0,0.0,0.0,0.0,8,5854.0,5859.0,3,5818.0,5845.0,5858.0,5842.0,84.0,7371285.0,2057
2023-05-10 21:04:49,ag2311,ag2311,5858.0,0.0,0.0,0.0,3,5855.0,5859.0,3,5818.0,5845.0,5858.0,5842.0,84.0,7371285.0,2057
2023-05-10 21:04:50,ag2311,ag2311,5858.0,0.0,0.0,0.0,3,5855.0,5859.0,3,5818.0,5845.0,5858.0,5842.0,84.0,7371285.0,2057
2023-05-10 21:04:51,ag2311,ag2311,5858.0,0.0,0.0,0.0,3,5855.0,5859.0,3,5818.0,5845.0,5858.0,5842.0,84.0,7371285.0,2057
2023-05-10 21:04:51,ag2311,ag2311,5858.0,0.0,0.0,0.0,3,5855.0,5859.0,3,5818.0,5845.0,5858.0,5842.0,84.0,7371285.0,2057
2023-05-10 21:04:52,ag2311,ag2311,5858.0,0.0,0.0,0.0,3,5855.0,5859.0,3,5818.0,5845.0,5858.0,5842.0,84.0,7371285.0,2057
2023-05-10 21:04:52,ag2311,ag2311,5858.0,0.0,0.0,0.0,3,5855.0,5859.0,3,5818.0,5845.0,5858.0,5842.0,84.0,7371285.0,2057
2023-05-10 21:04:53,ag2311,ag2311,5858.0,0.0,0.0,0.0,3,5855.0,5859.0,4,5818.0,5845.0,5858.0,5842.0,84.0,7371285.0,2057
2023-05-10 21:04:53,ag2311,ag2311,5858.0,0.0,0.0,0.0,11,5855.0,5859.0,3,5818.0,5845.0,5858.0,5842.0,84.0,7371285.0,2057
2023-05-10 21:04:54,ag2311,ag2311,5858.0,0.0,0.0,0.0,2,5856.0,5859.0,1,5818.0,5845.0,5858.0,5842.0,84.0,7371285.0,2057
2023-05-10 21:04:54,ag2311,ag2311,5858.0,0.0,0.0,0.0,2,5856.0,5859.0,1,5818.0,5845.0,5858.0,5842.0,84.0,7371285.0,2057
2023-05-10 21:04:55,ag2311,ag2311,5858.0,0.0,0.0,0.0,8,5855.0,5859.0,1,5818.0,5845.0,5858.0,5842.0,84.0,7371285.0,2057
2023-05-10 21:04:55,ag2311,ag2311,5858.0,0.0,0.0,0.0,2,5855.0,5859.0,1,5818.0,5845.0,5858.0,5842.0,84.0,7371285.0,2057
2023-05-10 21:04:56,ag2311,ag2311,5858.0,0.0,0.0,0.0,2,5855.0,5859.0,3,5818.0,5845.0,5858.0,5842.0,84.0,7371285.0,2057
2023-05-10 21:04:57,ag2311,ag2311,5858.0,0.0,0.0,0.0,8,5854.0,5859.0,3,5818.0,5845.0,5858.0,5842.0,84.0,7371285.0,2057
2023-05-10 21:04:58,ag2311,ag2311,5858.0,0.0,0.0,0.0,2,5854.0,5859.0,5,5818.0,5845.0,5858.0,5842.0,84.0,7371285.0,2057
2023-05-10 21:04:58,ag2311,ag2311,5858.0,0.0,0.0,0.0,2,5854.0,5859.0,8,5818.0,5845.0,5858.0,5842.0,84.0,7371285.0,2057
2023-05-10 21:04:59,ag2311,ag2311,5858.0,0.0,0.0,0.0,9,5853.0,5858.0,1,5818.0,5845.0,5858.0,5842.0,84.0,7371285.0,2057
2023-05-10 21:04:59,ag2311,ag2311,5858.0,0.0,0.0,0.0,2,5854.0,5857.0,1,5818.0,5845.0,5858.0,5842.0,84.0,7371285.0,2057
2023-05-10 21:05:00,ag2311,ag2311,5858.0,0.0,0.0,0.0,2,5854.0,5857.0,1,5818.0,5845.0,5858.0,5842.0,84.0,7371285.0,2057
2023-05-10 21:05:00,ag2311,ag2311,5858.0,0.0,0.0,0.0,8,5854.0,5857.0,3,5818.0,5845.0,5858.0,5842.0,84.0,7371285.0,2057
2023-05-10 21:05:01,ag2311,ag2311,5858.0,0.0,0.0,0.0,2,5854.0,5857.0,1,5818.0,5845.0,5858.0,5842.0,84.0,7371285.0,2057
2023-05-10 21:05:01,ag2311,ag2311,5858.0,0.0,0.0,0.0,8,5853.0,5857.0,1,5818.0,5845.0,5858.0,5842.0,84.0,7371285.0,2057
2023-05-10 21:05:02,ag2311,ag2311,5858.0,0.0,0.0,0.0,10,5853.0,5857.0,3,5818.0,5845.0,5858.0,5842.0,84.0,7371285.0,2057
2023-05-10 21:05:02,ag2311,ag2311,5858.0,0.0,0.0,0.0,8,5852.0,5857.0,5,5818.0,5845.0,5858.0,5842.0,84.0,7371285.0,2057
2023-05-10 21:05:03,ag2311,ag2311,5858.0,0.0,0.0,0.0,10,5852.0,5857.0,6,5818.0,5845.0,5858.0,5842.0,84.0,7371285.0,2057
2023-05-10 21:05:03,ag2311,ag2311,5858.0,0.0,0.0,0.0,10,5852.0,5857.0,6,5818.0,5845.0,5858.0,5842.0,84.0,7371285.0,2057
2023-05-10 21:05:04,ag2311,ag2311,5858.0,0.0,0.0,0.0,10,5852.0,5857.0,8,5818.0,5845.0,5858.0,5842.0,84.0,7371285.0,2057
2023-05-10 21:05:05,ag2311,ag2311,5858.0,0.0,0.0,0.0,8,5852.0,5857.0,6,5818.0,5845.0,5858.0,5842.0,84.0,7371285.0,2057
2023-05-10 21:05:05,ag2311,ag2311,5858.0,0.0,0.0,0.0,8,5851.0,5857.0,8,5818.0,5845.0,5858.0,5842.0,84.0,7371285.0,2057
2023-05-10 21:05:06,ag2311,ag2311,5858.0,0.0,0.0,0.0,10,5851.0,5857.0,10,5818.0,5845.0,5858.0,5842.0,84.0,7371285.0,2057
2023-05-10 21:05:06,ag2311,ag2311,5858.0,0.0,0.0,0.0,10,5851.0,5857.0,12,5818.0,5845.0,5858.0,5842.0,84.0,7371285.0,2057
2023-05-10 21:05:08,ag2311,ag2311,5858.0,0.0,0.0,0.0,10,5851.0,5857.0,7,5818.0,5845.0,5858.0,5842.0,84.0,7371285.0,2057
2023-05-10 21:05:08,ag2311,ag2311,5858.0,0.0,0.0,0.0,10,5851.0,5857.0,9,5818.0,5845.0,5858.0,5842.0,84.0,7371285.0,2057
2023-05-10 21:05:09,ag2311,ag2311,5858.0,0.0,0.0,0.0,10,5851.0,5857.0,9,5818.0,5845.0,5858.0,5842.0,84.0,7371285.0,2057
2023-05-10 21:05:10,ag2311,ag2311,5858.0,0.0,0.0,0.0,8,5851.0,5856.0,1,5818.0,5845.0,5858.0,5842.0,84.0,7371285.0,2057
2023-05-10 21:05:10,ag2311,ag2311,5858.0,0.0,0.0,0.0,10,5851.0,5855.0,3,5818.0,5845.0,5858.0,5842.0,84.0,7371285.0,2057
2023-05-10 21:05:11,ag2311,ag2311,5858.0,0.0,0.0,0.0,8,5851.0,5855.0,3,5818.0,5845.0,5858.0,5842.0,84.0,7371285.0,2057
2023-05-10 21:05:11,ag2311,ag2311,5858.0,0.0,0.0,0.0,10,5851.0,5855.0,3,5818.0,5845.0,5858.0,5842.0,84.0,7371285.0,2057
2023-05-10 21:05:12,ag2311,ag2311,5858.0,0.0,0.0,0.0,11,5852.0,5855.0,1,5818.0,5845.0,5858.0,5842.0,84.0,7371285.0,2057
2023-05-10 21:05:13,ag2311,ag2311,5858.0,0.0,0.0,0.0,8,5851.0,5855.0,1,5818.0,5845.0,5858.0,5842.0,84.0,7371285.0,2057
2023-05-10 21:05:13,ag2311,ag2311,5858.0,0.0,0.0,0.0,2,5851.0,5855.0,5,5818.0,5845.0,5858.0,5842.0,84.0,7371285.0,2057
2023-05-10 21:05:14,ag2311,ag2311,5858.0,0.0,0.0,0.0,12,5850.0,5855.0,3,5818.0,5845.0,5858.0,5842.0,84.0,7371285.0,2057
2023-05-10 21:05:14,ag2311,ag2311,5858.0,0.0,0.0,0.0,16,5851.0,5855.0,3,5818.0,5845.0,5858.0,5842.0,84.0,7371285.0,2057
2023-05-10 21:05:15,ag2311,ag2311,5858.0,0.0,0.0,0.0,11,5851.0,5855.0,1,5818.0,5845.0,5858.0,5842.0,84.0,7371285.0,2057
2023-05-10 21:05:15,ag2311,ag2311,5858.0,0.0,0.0,0.0,8,5852.0,5855.0,1,5818.0,5845.0,5858.0,5842.0,84.0,7371285.0,2057
2023-05-10 21:05:16,ag2311,ag2311,5858.0,0.0,0.0,0.0,10,5852.0,5855.0,1,5818.0,5845.0,5858.0,5842.0,84.0,7371285.0,2057
2023-05-10 21:05:17,ag2311,ag2311,5858.0,0.0,0.0,0.0,10,5852.0,5856.0,1,5818.0,5845.0,5858.0,5842.0,84.0,7371285.0,2057
2023-05-10 21:05:17,ag2311,ag2311,5858.0,0.0,0.0,0.0,8,5852.0,5856.0,3,5818.0,5845.0,5858.0,5842.0,84.0,7371285.0,2057
2023-05-10 21:05:18,ag2311,ag2311,5858.0,0.0,0.0,0.0,10,5852.0,5856.0,3,5818.0,5845.0,5858.0,5842.0,84.0,7371285.0,2057
2023-05-10 21:05:18,ag2311,ag2311,5858.0,0.0,0.0,0.0,8,5851.0,5856.0,6,5818.0,5845.0,5858.0,5842.0,84.0,7371285.0,2057
2023-05-10 21:05:19,ag2311,ag2311,5858.0,0.0,0.0,0.0,10,5851.0,5856.0,6,5818.0,5845.0,5858.0,5842.0,84.0,7371285.0,2057
2023-05-10 21:05:19,ag2311,ag2311,5858.0,0.0,0.0,0.0,11,5852.0,5856.0,4,5818.0,5845.0,5858.0,5842.0,84.0,7371285.0,2057
2023-05-10 21:05:20,ag2311,ag2311,5858.0,0.0,0.0,0.0,11,5852.0,5856.0,4,5818.0,5845.0,5858.0,5842.0,84.0,7371285.0,2057
2023-05-10 21:05:21,ag2311,ag2311,5858.0,0.0,0.0,0.0,11,5852.0,5856.0,4,5818.0,5845.0,5858.0,5842.0,84.0,7371285.0,2057
2023-05-10 21:05:21,ag2311,ag2311,5858.0,0.0,0.0,0.0,11,5852.0,5856.0,4,5818.0,5845.0,5858.0,5842.0,84.0,7371285.0,2057
2023-05-10 21:05:22,ag2311,ag2311,5858.0,0.0,0.0,0.0,8,5853.0,5856.0,1,5818.0,5845.0,5858.0,5842.0,84.0,7371285.0,2057
2023-05-10 21:05:22,ag2311,ag2311,5858.0,0.0,0.0,0.0,10,5853.0,5856.0,1,5818.0,5845.0,5858.0,5842.0,84.0,7371285.0,2057
2023-05-10 21:05:23,ag2311,ag2311,5858.0,0.0,0.0,0.0,2,5853.0,5857.0,2,5818.0,5845.0,5858.0,5842.0,84.0,7371285.0,2057
2023-05-10 21:05:23,ag2311,ag2311,5858.0,0.0,0.0,0.0,10,5852.0,5856.0,2,5818.0,5845.0,5858.0,5842.0,84.0,7371285.0,2057
2023-05-10 21:05:24,ag2311,ag2311,5858.0,0.0,0.0,0.0,16,5852.0,5856.0,2,5818.0,5845.0,5858.0,5842.0,84.0,7371285.0,2057
2023-05-10 21:05:24,ag2311,ag2311,5858.0,0.0,0.0,0.0,10,5852.0,5856.0,2,5818.0,5845.0,5858.0,5842.0,84.0,7371285.0,2057
2023-05-10 21:05:25,ag2311,ag2311,5858.0,0.0,0.0,0.0,10,5852.0,5855.0,1,5818.0,5845.0,5858.0,5842.0,84.0,7371285.0,2057
2023-05-10 21:05:25,ag2311,ag2311,5858.0,0.0,0.0,0.0,9,5853.0,5856.0,1,5818.0,5845.0,5858.0,5842.0,84.0,7371285.0,2057
2023-05-10 21:05:26,ag2311,ag2311,5858.0,0.0,0.0,0.0,10,5852.0,5856.0,3,5818.0,5845.0,5858.0,5842.0,84.0,7371285.0,2057
2023-05-10 21:05:27,ag2311,ag2311,5858.0,0.0,0.0,0.0,10,5852.0,5856.0,1,5818.0,5845.0,5858.0,5842.0,84.0,7371285.0,2057
2023-05-10 21:05:27,ag2311,ag2311,5858.0,0.0,0.0,0.0,10,5852.0,5856.0,3,5818.0,5845.0,5858.0,5842.0,84.0,7371285.0,2057
2023-05-10 21:05:28,ag2311,ag2311,5858.0,0.0,0.0,0.0,9,5853.0,5856.0,1,5818.0,5845.0,5858.0,5842.0,84.0,7371285.0,2057
2023-05-10 21:05:28,ag2311,ag2311,5858.0,0.0,0.0,0.0,11,5853.0,5856.0,1,5818.0,5845.0,5858.0,5842.0,84.0,7371285.0,2057
2023-05-10 21:05:30,ag2311,ag2311,5858.0,0.0,0.0,0.0,9,5853.0,5856.0,3,5818.0,5845.0,5858.0,5842.0,84.0,7371285.0,2057
2023-05-10 21:05:31,ag2311,ag2311,5858.0,0.0,0.0,0.0,11,5853.0,5856.0,1,5818.0,5845.0,5858.0,5842.0,84.0,7371285.0,2057
2023-05-10 21:05:32,ag2311,ag2311,5856.0,1.0,87840.0,1.0,6,5856.0,5857.0,2,5818.0,5845.0,5858.0,5842.0,85.0,7459125.0,2058
2023-05-10 21:05:32,ag2311,ag2311,5856.0,0.0,0.0,0.0,8,5854.0,5865.0,1,5818.0,5845.0,5858.0,5842.0,85.0,7459125.0,2058
2023-05-10 21:05:33,ag2311,ag2311,5856.0,0.0,0.0,0.0,10,5855.0,5859.0,2,5818.0,5845.0,5858.0,5842.0,85.0,7459125.0,2058
2023-05-10 21:05:33,ag2311,ag2311,5856.0,0.0,0.0,0.0,8,5854.0,5859.0,5,5818.0,5845.0,5858.0,5842.0,85.0,7459125.0,2058
2023-05-10 21:05:34,ag2311,ag2311,5856.0,0.0,0.0,0.0,10,5854.0,5859.0,5,5818.0,5845.0,5858.0,5842.0,85.0,7459125.0,2058
2023-05-10 21:05:34,ag2311,ag2311,5856.0,0.0,0.0,0.0,9,5855.0,5859.0,3,5818.0,5845.0,5858.0,5842.0,85.0,7459125.0,2058
2023-05-10 21:05:35,ag2311,ag2311,5856.0,0.0,0.0,0.0,2,5855.0,5859.0,5,5818.0,5845.0,5858.0,5842.0,85.0,7459125.0,2058
2023-05-10 21:05:35,ag2311,ag2311,5856.0,0.0,0.0,0.0,8,5854.0,5858.0,1,5818.0,5845.0,5858.0,5842.0,85.0,7459125.0,2058
2023-05-10 21:05:36,ag2311,ag2311,5856.0,0.0,0.0,0.0,10,5854.0,5858.0,3,5818.0,5845.0,5858.0,5842.0,85.0,7459125.0,2058
2023-05-10 21:05:36,ag2311,ag2311,5856.0,0.0,0.0,0.0,10,5854.0,5858.0,3,5818.0,5845.0,5858.0,5842.0,85.0,7459125.0,2058
2023-05-10 21:05:37,ag2311,ag2311,5856.0,0.0,0.0,0.0,8,5855.0,5859.0,2,5818.0,5845.0,5858.0,5842.0,85.0,7459125.0,2058
2023-05-10 21:05:37,ag2311,ag2311,5856.0,0.0,0.0,0.0,10,5855.0,5859.0,3,5818.0,5845.0,5858.0,5842.0,85.0,7459125.0,2058
2023-05-10 21:05:38,ag2311,ag2311,5856.0,0.0,0.0,0.0,2,5856.0,5860.0,2,5818.0,5845.0,5858.0,5842.0,85.0,7459125.0,2058
2023-05-10 21:05:38,ag2311,ag2311,5856.0,0.0,0.0,0.0,11,5856.0,5860.0,4,5818.0,5845.0,5858.0,5842.0,85.0,7459125.0,2058
2023-05-10 21:05:39,ag2311,ag2311,5856.0,0.0,0.0,0.0,2,5856.0,5860.0,4,5818.0,5845.0,5858.0,5842.0,85.0,7459125.0,2058
2023-05-10 21:05:39,ag2311,ag2311,5856.0,0.0,0.0,0.0,8,5856.0,5860.0,4,5818.0,5845.0,5858.0,5842.0,85.0,7459125.0,2058
2023-05-10 21:05:40,ag2311,ag2311,5856.0,0.0,0.0,0.0,10,5856.0,5860.0,4,5818.0,5845.0,5858.0,5842.0,85.0,7459125.0,2058
2023-05-10 21:05:41,ag2311,ag2311,5856.0,0.0,0.0,0.0,8,5856.0,5860.0,4,5818.0,5845.0,5858.0,5842.0,85.0,7459125.0,2058
2023-05-10 21:05:41,ag2311,ag2311,5856.0,0.0,0.0,0.0,10,5856.0,5860.0,4,5818.0,5845.0,5858.0,5842.0,85.0,7459125.0,2058
2023-05-10 21:05:42,ag2311,ag2311,5856.0,0.0,0.0,0.0,10,5856.0,5860.0,5,5818.0,5845.0,5858.0,5842.0,85.0,7459125.0,2058
2023-05-10 21:05:43,ag2311,ag2311,5856.0,0.0,0.0,0.0,8,5856.0,5860.0,5,5818.0,5845.0,5858.0,5842.0,85.0,7459125.0,2058
2023-05-10 21:05:43,ag2311,ag2311,5856.0,0.0,0.0,0.0,8,5855.0,5860.0,9,5818.0,5845.0,5858.0,5842.0,85.0,7459125.0,2058
2023-05-10 21:05:44,ag2311,ag2311,5856.0,0.0,0.0,0.0,10,5855.0,5856.0,1,5818.0,5845.0,5858.0,5842.0,85.0,7459125.0,2058
2023-05-10 21:05:44,ag2311,ag2311,5856.0,1.0,87840.0,0.0,7,5856.0,5860.0,7,5818.0,5845.0,5858.0,5842.0,86.0,7546965.0,2058
2023-05-10 21:05:45,ag2311,ag2311,5856.0,0.0,0.0,0.0,2,5856.0,5860.0,5,5818.0,5845.0,5858.0,5842.0,86.0,7546965.0,2058
2023-05-10 21:05:45,ag2311,ag2311,5856.0,0.0,0.0,0.0,10,5856.0,5860.0,5,5818.0,5845.0,5858.0,5842.0,86.0,7546965.0,2058
2023-05-10 21:05:46,ag2311,ag2311,5856.0,0.0,0.0,0.0,2,5856.0,5860.0,5,5818.0,5845.0,5858.0,5842.0,86.0,7546965.0,2058
2023-05-10 21:05:46,ag2311,ag2311,5856.0,0.0,0.0,0.0,2,5856.0,5860.0,7,5818.0,5845.0,5858.0,5842.0,86.0,7546965.0,2058
2023-05-10 21:05:47,ag2311,ag2311,5856.0,0.0,0.0,0.0,8,5855.0,5860.0,9,5818.0,5845.0,5858.0,5842.0,86.0,7546965.0,2058
2023-05-10 21:05:47,ag2311,ag2311,5856.0,0.0,0.0,0.0,8,5854.0,5859.0,1,5818.0,5845.0,5858.0,5842.0,86.0,7546965.0,2058
2023-05-10 21:05:48,ag2311,ag2311,5856.0,0.0,0.0,0.0,10,5854.0,5859.0,5,5818.0,5845.0,5858.0,5842.0,86.0,7546965.0,2058
2023-05-10 21:05:48,ag2311,ag2311,5856.0,0.0,0.0,0.0,10,5854.0,5859.0,5,5818.0,5845.0,5858.0,5842.0,86.0,7546965.0,2058
2023-05-10 21:05:49,ag2311,ag2311,5856.0,0.0,0.0,0.0,10,5854.0,5859.0,5,5818.0,5845.0,5858.0,5842.0,86.0,7546965.0,2058
2023-05-10 21:05:50,ag2311,ag2311,5856.0,0.0,0.0,0.0,11,5855.0,5859.0,3,5818.0,5845.0,5858.0,5842.0,86.0,7546965.0,2058
2023-05-10 21:05:51,ag2311,ag2311,5859.0,5.0,439425.0,2.0,2,5855.0,5859.0,1,5818.0,5845.0,5859.0,5842.0,91.0,7986390.0,2060
2023-05-10 21:05:52,ag2311,ag2311,5859.0,0.0,0.0,0.0,8,5854.0,5859.0,1,5818.0,5845.0,5859.0,5842.0,91.0,7986390.0,2060
2023-05-10 21:05:52,ag2311,ag2311,5859.0,0.0,0.0,0.0,10,5854.0,5859.0,1,5818.0,5845.0,5859.0,5842.0,91.0,7986390.0,2060
2023-05-10 21:05:53,ag2311,ag2311,5859.0,0.0,0.0,0.0,10,5854.0,5859.0,1,5818.0,5845.0,5859.0,5842.0,91.0,7986390.0,2060
2023-05-10 21:05:54,ag2311,ag2311,5859.0,0.0,0.0,0.0,2,5855.0,5859.0,1,5818.0,5845.0,5859.0,5842.0,91.0,7986390.0,2060
2023-05-10 21:05:55,ag2311,ag2311,5859.0,0.0,0.0,0.0,8,5854.0,5859.0,1,5818.0,5845.0,5859.0,5842.0,91.0,7986390.0,2060
2023-05-10 21:05:56,ag2311,ag2311,5859.0,0.0,0.0,0.0,11,5855.0,5859.0,3,5818.0,5845.0,5859.0,5842.0,91.0,7986390.0,2060
2023-05-10 21:05:56,ag2311,ag2311,5859.0,0.0,0.0,0.0,2,5855.0,5859.0,3,5818.0,5845.0,5859.0,5842.0,91.0,7986390.0,2060
2023-05-10 21:05:57,ag2311,ag2311,5859.0,0.0,0.0,0.0,12,5855.0,5859.0,3,5818.0,5845.0,5859.0,5842.0,91.0,7986390.0,2060
2023-05-10 21:05:57,ag2311,ag2311,5859.0,0.0,0.0,0.0,8,5854.0,5859.0,3,5818.0,5845.0,5859.0,5842.0,91.0,7986390.0,2060
2023-05-10 21:05:58,ag2311,ag2311,5859.0,0.0,0.0,0.0,8,5853.0,5858.0,1,5818.0,5845.0,5859.0,5842.0,91.0,7986390.0,2060
2023-05-10 21:05:58,ag2311,ag2311,5859.0,0.0,0.0,0.0,13,5854.0,5858.0,2,5818.0,5845.0,5859.0,5842.0,91.0,7986390.0,2060
2023-05-10 21:05:59,ag2311,ag2311,5859.0,0.0,0.0,0.0,12,5855.0,5859.0,1,5818.0,5845.0,5859.0,5842.0,91.0,7986390.0,2060
2023-05-10 21:05:59,ag2311,ag2311,5859.0,0.0,0.0,0.0,8,5854.0,5859.0,2,5818.0,5845.0,5859.0,5842.0,91.0,7986390.0,2060
2023-05-10 21:06:00,ag2311,ag2311,5859.0,0.0,0.0,0.0,13,5855.0,5859.0,2,5818.0,5845.0,5859.0,5842.0,91.0,7986390.0,2060
2023-05-10 21:06:01,ag2311,ag2311,5859.0,0.0,0.0,0.0,13,5855.0,5859.0,2,5818.0,5845.0,5859.0,5842.0,91.0,7986390.0,2060
2023-05-10 21:06:01,ag2311,ag2311,5859.0,0.0,0.0,0.0,13,5855.0,5859.0,2,5818.0,5845.0,5859.0,5842.0,91.0,7986390.0,2060
2023-05-10 21:06:02,ag2311,ag2311,5859.0,0.0,0.0,0.0,11,5855.0,5859.0,2,5818.0,5845.0,5859.0,5842.0,91.0,7986390.0,2060
2023-05-10 21:06:03,ag2311,ag2311,5859.0,0.0,0.0,0.0,13,5855.0,5859.0,2,5818.0,5845.0,5859.0,5842.0,91.0,7986390.0,2060
2023-05-10 21:06:04,ag2311,ag2311,5859.0,0.0,0.0,0.0,13,5855.0,5859.0,2,5818.0,5845.0,5859.0,5842.0,91.0,7986390.0,2060
2023-05-10 21:06:05,ag2311,ag2311,5859.0,0.0,0.0,0.0,8,5854.0,5859.0,2,5818.0,5845.0,5859.0,5842.0,91.0,7986390.0,2060
2023-05-10 21:06:05,ag2311,ag2311,5859.0,0.0,0.0,0.0,11,5855.0,5859.0,2,5818.0,5845.0,5859.0,5842.0,91.0,7986390.0,2060
2023-05-10 21:06:06,ag2311,ag2311,5859.0,0.0,0.0,0.0,13,5855.0,5859.0,2,5818.0,5845.0,5859.0,5842.0,91.0,7986390.0,2060
2023-05-10 21:06:06,ag2311,ag2311,5859.0,0.0,0.0,0.0,8,5854.0,5859.0,2,5818.0,5845.0,5859.0,5842.0,91.0,7986390.0,2060
2023-05-10 21:06:07,ag2311,ag2311,5859.0,0.0,0.0,0.0,12,5854.0,5859.0,2,5818.0,5845.0,5859.0,5842.0,91.0,7986390.0,2060
2023-05-10 21:06:07,ag2311,ag2311,5859.0,0.0,0.0,0.0,10,5854.0,5859.0,2,5818.0,5845.0,5859.0,5842.0,91.0,7986390.0,2060
2023-05-10 21:06:08,ag2311,ag2311,5859.0,0.0,0.0,0.0,8,5853.0,5858.0,1,5818.0,5845.0,5859.0,5842.0,91.0,7986390.0,2060
2023-05-10 21:06:08,ag2311,ag2311,5859.0,0.0,0.0,0.0,10,5853.0,5858.0,3,5818.0,5845.0,5859.0,5842.0,91.0,7986390.0,2060
2023-05-10 21:06:09,ag2311,ag2311,5859.0,0.0,0.0,0.0,8,5852.0,5858.0,5,5818.0,5845.0,5859.0,5842.0,91.0,7986390.0,2060
2023-05-10 21:06:09,ag2311,ag2311,5859.0,0.0,0.0,0.0,22,5852.0,5857.0,1,5818.0,5845.0,5859.0,5842.0,91.0,7986390.0,2060
2023-05-10 21:06:10,ag2311,ag2311,5859.0,0.0,0.0,0.0,12,5852.0,5857.0,2,5818.0,5845.0,5859.0,5842.0,91.0,7986390.0,2060
2023-05-10 21:06:10,ag2311,ag2311,5859.0,0.0,0.0,0.0,12,5852.0,5857.0,2,5818.0,5845.0,5859.0,5842.0,91.0,7986390.0,2060
2023-05-10 21:06:11,ag2311,ag2311,5859.0,0.0,0.0,0.0,12,5852.0,5857.0,4,5818.0,5845.0,5859.0,5842.0,91.0,7986390.0,2060
2023-05-10 21:06:11,ag2311,ag2311,5859.0,0.0,0.0,0.0,12,5851.0,5857.0,4,5818.0,5845.0,5859.0,5842.0,91.0,7986390.0,2060
2023-05-10 21:06:12,ag2311,ag2311,5859.0,0.0,0.0,0.0,12,5851.0,5856.0,1,5818.0,5845.0,5859.0,5842.0,91.0,7986390.0,2060
2023-05-10 21:06:12,ag2311,ag2311,5859.0,0.0,0.0,0.0,12,5851.0,5856.0,2,5818.0,5845.0,5859.0,5842.0,91.0,7986390.0,2060
2023-05-10 21:06:13,ag2311,ag2311,5859.0,0.0,0.0,0.0,13,5852.0,5856.0,2,5818.0,5845.0,5859.0,5842.0,91.0,7986390.0,2060
2023-05-10 21:06:13,ag2311,ag2311,5859.0,0.0,0.0,0.0,13,5852.0,5856.0,2,5818.0,5845.0,5859.0,5842.0,91.0,7986390.0,2060
2023-05-10 21:06:14,ag2311,ag2311,5859.0,0.0,0.0,0.0,16,5851.0,5856.0,2,5818.0,5845.0,5859.0,5842.0,91.0,7986390.0,2060
2023-05-10 21:06:15,ag2311,ag2311,5859.0,0.0,0.0,0.0,12,5851.0,5856.0,2,5818.0,5845.0,5859.0,5842.0,91.0,7986390.0,2060
2023-05-10 21:06:15,ag2311,ag2311,5859.0,0.0,0.0,0.0,12,5851.0,5856.0,2,5818.0,5845.0,5859.0,5842.0,91.0,7986390.0,2060
2023-05-10 21:06:17,ag2311,ag2311,5859.0,0.0,0.0,0.0,2,5852.0,5856.0,2,5818.0,5845.0,5859.0,5842.0,91.0,7986390.0,2060
2023-05-10 21:06:17,ag2311,ag2311,5859.0,0.0,0.0,0.0,10,5851.0,5856.0,2,5818.0,5845.0,5859.0,5842.0,91.0,7986390.0,2060
2023-05-10 21:06:18,ag2311,ag2311,5859.0,0.0,0.0,0.0,12,5851.0,5856.0,2,5818.0,5845.0,5859.0,5842.0,91.0,7986390.0,2060
2023-05-10 21:06:19,ag2311,ag2311,5859.0,0.0,0.0,0.0,2,5852.0,5856.0,2,5818.0,5845.0,5859.0,5842.0,91.0,7986390.0,2060
2023-05-10 21:06:19,ag2311,ag2311,5859.0,0.0,0.0,0.0,15,5851.0,5856.0,2,5818.0,5845.0,5859.0,5842.0,91.0,7986390.0,2060
2023-05-10 21:06:20,ag2311,ag2311,5859.0,0.0,0.0,0.0,12,5851.0,5856.0,2,5818.0,5845.0,5859.0,5842.0,91.0,7986390.0,2060
2023-05-10 21:06:20,ag2311,ag2311,5859.0,0.0,0.0,0.0,2,5851.0,5856.0,5,5818.0,5845.0,5859.0,5842.0,91.0,7986390.0,2060
2023-05-10 21:06:21,ag2311,ag2311,5859.0,0.0,0.0,0.0,8,5850.0,5855.0,1,5818.0,5845.0,5859.0,5842.0,91.0,7986390.0,2060
2023-05-10 21:06:21,ag2311,ag2311,5859.0,0.0,0.0,0.0,2,5851.0,5855.0,2,5818.0,5845.0,5859.0,5842.0,91.0,7986390.0,2060
2023-05-10 21:06:22,ag2311,ag2311,5859.0,0.0,0.0,0.0,10,5850.0,5855.0,2,5818.0,5845.0,5859.0,5842.0,91.0,7986390.0,2060
2023-05-10 21:06:22,ag2311,ag2311,5859.0,0.0,0.0,0.0,2,5851.0,5855.0,2,5818.0,5845.0,5859.0,5842.0,91.0,7986390.0,2060
2023-05-10 21:06:23,ag2311,ag2311,5859.0,0.0,0.0,0.0,10,5851.0,5855.0,2,5818.0,5845.0,5859.0,5842.0,91.0,7986390.0,2060
2023-05-10 21:06:23,ag2311,ag2311,5859.0,0.0,0.0,0.0,12,5851.0,5855.0,2,5818.0,5845.0,5859.0,5842.0,91.0,7986390.0,2060
2023-05-10 21:06:24,ag2311,ag2311,5859.0,0.0,0.0,0.0,11,5852.0,5856.0,2,5818.0,5845.0,5859.0,5842.0,91.0,7986390.0,2060
2023-05-10 21:06:24,ag2311,ag2311,5853.0,1.0,87795.0,0.0,1,5853.0,5857.0,3,5818.0,5845.0,5859.0,5842.0,92.0,8074185.0,2060
2023-05-10 21:06:25,ag2311,ag2311,5853.0,0.0,0.0,0.0,11,5852.0,5857.0,4,5818.0,5845.0,5859.0,5842.0,92.0,8074185.0,2060
2023-05-10 21:06:25,ag2311,ag2311,5853.0,0.0,0.0,0.0,13,5852.0,5857.0,6,5818.0,5845.0,5859.0,5842.0,92.0,8074185.0,2060
2023-05-10 21:06:26,ag2311,ag2311,5853.0,0.0,0.0,0.0,13,5852.0,5857.0,6,5818.0,5845.0,5859.0,5842.0,92.0,8074185.0,2060
2023-05-10 21:06:27,ag2311,ag2311,5853.0,0.0,0.0,0.0,2,5852.0,5857.0,8,5818.0,5845.0,5859.0,5842.0,92.0,8074185.0,2060
2023-05-10 21:06:27,ag2311,ag2311,5853.0,0.0,0.0,0.0,8,5851.0,5856.0,1,5818.0,5845.0,5859.0,5842.0,92.0,8074185.0,2060
2023-05-10 21:06:28,ag2311,ag2311,5853.0,0.0,0.0,0.0,12,5851.0,5855.0,2,5818.0,5845.0,5859.0,5842.0,92.0,8074185.0,2060
2023-05-10 21:06:28,ag2311,ag2311,5853.0,0.0,0.0,0.0,12,5851.0,5855.0,2,5818.0,5845.0,5859.0,5842.0,92.0,8074185.0,2060
2023-05-10 21:06:30,ag2311,ag2311,5853.0,0.0,0.0,0.0,13,5852.0,5856.0,1,5818.0,5845.0,5859.0,5842.0,92.0,8074185.0,2060
2023-05-10 21:06:31,ag2311,ag2311,5853.0,0.0,0.0,0.0,2,5852.0,5856.0,2,5818.0,5845.0,5859.0,5842.0,92.0,8074185.0,2060
2023-05-10 21:06:31,ag2311,ag2311,5853.0,0.0,0.0,0.0,9,5852.0,5856.0,2,5818.0,5845.0,5859.0,5842.0,92.0,8074185.0,2060
2023-05-10 21:06:32,ag2311,ag2311,5853.0,0.0,0.0,0.0,11,5852.0,5856.0,2,5818.0,5845.0,5859.0,5842.0,92.0,8074185.0,2060
2023-05-10 21:06:33,ag2311,ag2311,5853.0,0.0,0.0,0.0,11,5852.0,5856.0,2,5818.0,5845.0,5859.0,5842.0,92.0,8074185.0,2060
2023-05-10 21:06:34,ag2311,ag2311,5853.0,0.0,0.0,0.0,10,5851.0,5856.0,2,5818.0,5845.0,5859.0,5842.0,92.0,8074185.0,2060
2023-05-10 21:06:35,ag2311,ag2311,5853.0,0.0,0.0,0.0,11,5852.0,5856.0,2,5818.0,5845.0,5859.0,5842.0,92.0,8074185.0,2060
2023-05-10 21:06:35,ag2311,ag2311,5853.0,0.0,0.0,0.0,13,5852.0,5856.0,2,5818.0,5845.0,5859.0,5842.0,92.0,8074185.0,2060
2023-05-10 21:06:36,ag2311,ag2311,5853.0,0.0,0.0,0.0,11,5852.0,5856.0,2,5818.0,5845.0,5859.0,5842.0,92.0,8074185.0,2060
2023-05-10 21:06:37,ag2311,ag2311,5853.0,0.0,0.0,0.0,11,5852.0,5856.0,2,5818.0,5845.0,5859.0,5842.0,92.0,8074185.0,2060
2023-05-10 21:06:37,ag2311,ag2311,5853.0,0.0,0.0,0.0,8,5851.0,5856.0,2,5818.0,5845.0,5859.0,5842.0,92.0,8074185.0,2060
2023-05-10 21:06:38,ag2311,ag2311,5853.0,0.0,0.0,0.0,12,5851.0,5856.0,2,5818.0,5845.0,5859.0,5842.0,92.0,8074185.0,2060
2023-05-10 21:06:38,ag2311,ag2311,5853.0,0.0,0.0,0.0,12,5851.0,5856.0,2,5818.0,5845.0,5859.0,5842.0,92.0,8074185.0,2060
2023-05-10 21:06:39,ag2311,ag2311,5853.0,0.0,0.0,0.0,18,5851.0,5856.0,2,5818.0,5845.0,5859.0,5842.0,92.0,8074185.0,2060
2023-05-10 21:06:39,ag2311,ag2311,5853.0,0.0,0.0,0.0,12,5851.0,5856.0,2,5818.0,5845.0,5859.0,5842.0,92.0,8074185.0,2060
2023-05-10 21:06:40,ag2311,ag2311,5853.0,0.0,0.0,0.0,12,5851.0,5856.0,2,5818.0,5845.0,5859.0,5842.0,92.0,8074185.0,2060
2023-05-10 21:06:40,ag2311,ag2311,5853.0,0.0,0.0,0.0,8,5850.0,5855.0,1,5818.0,5845.0,5859.0,5842.0,92.0,8074185.0,2060
2023-05-10 21:06:41,ag2311,ag2311,5853.0,0.0,0.0,0.0,12,5850.0,5854.0,2,5818.0,5845.0,5859.0,5842.0,92.0,8074185.0,2060
2023-05-10 21:06:41,ag2311,ag2311,5853.0,0.0,0.0,0.0,12,5850.0,5854.0,2,5818.0,5845.0,5859.0,5842.0,92.0,8074185.0,2060
2023-05-10 21:06:44,ag2311,ag2311,5853.0,0.0,0.0,0.0,18,5850.0,5854.0,2,5818.0,5845.0,5859.0,5842.0,92.0,8074185.0,2060
2023-05-10 21:06:44,ag2311,ag2311,5853.0,0.0,0.0,0.0,10,5850.0,5854.0,2,5818.0,5845.0,5859.0,5842.0,92.0,8074185.0,2060
2023-05-10 21:06:45,ag2311,ag2311,5853.0,0.0,0.0,0.0,10,5850.0,5854.0,3,5818.0,5845.0,5859.0,5842.0,92.0,8074185.0,2060
2023-05-10 21:06:45,ag2311,ag2311,5853.0,0.0,0.0,0.0,12,5850.0,5854.0,2,5818.0,5845.0,5859.0,5842.0,92.0,8074185.0,2060
2023-05-10 21:06:46,ag2311,ag2311,5853.0,0.0,0.0,0.0,10,5850.0,5854.0,2,5818.0,5845.0,5859.0,5842.0,92.0,8074185.0,2060
2023-05-10 21:06:47,ag2311,ag2311,5853.0,0.0,0.0,0.0,10,5850.0,5854.0,2,5818.0,5845.0,5859.0,5842.0,92.0,8074185.0,2060
2023-05-10 21:06:47,ag2311,ag2311,5853.0,0.0,0.0,0.0,10,5850.0,5854.0,2,5818.0,5845.0,5859.0,5842.0,92.0,8074185.0,2060
2023-05-10 21:06:48,ag2311,ag2311,5853.0,0.0,0.0,0.0,10,5850.0,5854.0,2,5818.0,5845.0,5859.0,5842.0,92.0,8074185.0,2060
2023-05-10 21:06:48,ag2311,ag2311,5853.0,0.0,0.0,0.0,10,5850.0,5854.0,2,5818.0,5845.0,5859.0,5842.0,92.0,8074185.0,2060
2023-05-10 21:06:49,ag2311,ag2311,5853.0,0.0,0.0,0.0,10,5850.0,5854.0,2,5818.0,5845.0,5859.0,5842.0,92.0,8074185.0,2060
2023-05-10 21:06:50,ag2311,ag2311,5853.0,0.0,0.0,0.0,10,5850.0,5854.0,2,5818.0,5845.0,5859.0,5842.0,92.0,8074185.0,2060
2023-05-10 21:06:51,ag2311,ag2311,5853.0,0.0,0.0,0.0,8,5849.0,5854.0,2,5818.0,5845.0,5859.0,5842.0,92.0,8074185.0,2060
2023-05-10 21:06:51,ag2311,ag2311,5853.0,0.0,0.0,0.0,12,5849.0,5854.0,2,5818.0,5845.0,5859.0,5842.0,92.0,8074185.0,2060
2023-05-10 21:06:52,ag2311,ag2311,5853.0,0.0,0.0,0.0,12,5849.0,5854.0,2,5818.0,5845.0,5859.0,5842.0,92.0,8074185.0,2060
2023-05-10 21:06:52,ag2311,ag2311,5853.0,0.0,0.0,0.0,10,5849.0,5854.0,2,5818.0,5845.0,5859.0,5842.0,92.0,8074185.0,2060
2023-05-10 21:06:53,ag2311,ag2311,5853.0,0.0,0.0,0.0,11,5850.0,5854.0,2,5818.0,5845.0,5859.0,5842.0,92.0,8074185.0,2060
2023-05-10 21:06:53,ag2311,ag2311,5853.0,0.0,0.0,0.0,11,5850.0,5854.0,2,5818.0,5845.0,5859.0,5842.0,92.0,8074185.0,2060
2023-05-10 21:06:54,ag2311,ag2311,5853.0,0.0,0.0,0.0,11,5850.0,5854.0,2,5818.0,5845.0,5859.0,5842.0,92.0,8074185.0,2060
2023-05-10 21:06:54,ag2311,ag2311,5853.0,0.0,0.0,0.0,11,5850.0,5854.0,2,5818.0,5845.0,5859.0,5842.0,92.0,8074185.0,2060
2023-05-10 21:06:55,ag2311,ag2311,5853.0,0.0,0.0,0.0,10,5849.0,5854.0,2,5818.0,5845.0,5859.0,5842.0,92.0,8074185.0,2060
2023-05-10 21:06:55,ag2311,ag2311,5853.0,0.0,0.0,0.0,12,5849.0,5854.0,2,5818.0,5845.0,5859.0,5842.0,92.0,8074185.0,2060
2023-05-10 21:06:56,ag2311,ag2311,5853.0,0.0,0.0,0.0,10,5849.0,5854.0,2,5818.0,5845.0,5859.0,5842.0,92.0,8074185.0,2060
2023-05-10 21:06:57,ag2311,ag2311,5853.0,0.0,0.0,0.0,10,5849.0,5854.0,3,5818.0,5845.0,5859.0,5842.0,92.0,8074185.0,2060
2023-05-10 21:06:57,ag2311,ag2311,5853.0,0.0,0.0,0.0,8,5848.0,5854.0,8,5818.0,5845.0,5859.0,5842.0,92.0,8074185.0,2060
2023-05-10 21:06:58,ag2311,ag2311,5853.0,0.0,0.0,0.0,10,5848.0,5853.0,1,5818.0,5845.0,5859.0,5842.0,92.0,8074185.0,2060
2023-05-10 21:06:58,ag2311,ag2311,5853.0,0.0,0.0,0.0,12,5848.0,5852.0,2,5818.0,5845.0,5859.0,5842.0,92.0,8074185.0,2060
2023-05-10 21:06:59,ag2311,ag2311,5853.0,0.0,0.0,0.0,10,5848.0,5852.0,2,5818.0,5845.0,5859.0,5842.0,92.0,8074185.0,2060
2023-05-10 21:06:59,ag2311,ag2311,5853.0,0.0,0.0,0.0,12,5848.0,5852.0,2,5818.0,5845.0,5859.0,5842.0,92.0,8074185.0,2060
2023-05-10 21:07:00,ag2311,ag2311,5853.0,0.0,0.0,0.0,17,5848.0,5853.0,1,5818.0,5845.0,5859.0,5842.0,92.0,8074185.0,2060
2023-05-10 21:07:01,ag2311,ag2311,5853.0,0.0,0.0,0.0,11,5849.0,5853.0,3,5818.0,5845.0,5859.0,5842.0,92.0,8074185.0,2060
2023-05-10 21:07:01,ag2311,ag2311,5853.0,0.0,0.0,0.0,11,5848.0,5853.0,6,5818.0,5845.0,5859.0,5842.0,92.0,8074185.0,2060
2023-05-10 21:07:02,ag2311,ag2311,5853.0,0.0,0.0,0.0,12,5848.0,5853.0,3,5818.0,5845.0,5859.0,5842.0,92.0,8074185.0,2060
2023-05-10 21:07:04,ag2311,ag2311,5853.0,0.0,0.0,0.0,11,5849.0,5853.0,3,5818.0,5845.0,5859.0,5842.0,92.0,8074185.0,2060
2023-05-10 21:07:04,ag2311,ag2311,5853.0,0.0,0.0,0.0,13,5849.0,5853.0,3,5818.0,5845.0,5859.0,5842.0,92.0,8074185.0,2060
2023-05-10 21:07:05,ag2311,ag2311,5853.0,0.0,0.0,0.0,2,5849.0,5853.0,1,5818.0,5845.0,5859.0,5842.0,92.0,8074185.0,2060
2023-05-10 21:07:05,ag2311,ag2311,5853.0,0.0,0.0,0.0,8,5848.0,5852.0,2,5818.0,5845.0,5859.0,5842.0,92.0,8074185.0,2060
2023-05-10 21:07:06,ag2311,ag2311,5853.0,0.0,0.0,0.0,12,5848.0,5852.0,2,5818.0,5845.0,5859.0,5842.0,92.0,8074185.0,2060
2023-05-10 21:07:08,ag2311,ag2311,5853.0,0.0,0.0,0.0,11,5849.0,5853.0,3,5818.0,5845.0,5859.0,5842.0,92.0,8074185.0,2060
2023-05-10 21:07:09,ag2311,ag2311,5853.0,0.0,0.0,0.0,13,5849.0,5853.0,3,5818.0,5845.0,5859.0,5842.0,92.0,8074185.0,2060
2023-05-10 21:07:09,ag2311,ag2311,5853.0,0.0,0.0,0.0,13,5849.0,5853.0,3,5818.0,5845.0,5859.0,5842.0,92.0,8074185.0,2060
2023-05-10 21:07:10,ag2311,ag2311,5853.0,0.0,0.0,0.0,13,5849.0,5853.0,3,5818.0,5845.0,5859.0,5842.0,92.0,8074185.0,2060
2023-05-10 21:07:11,ag2311,ag2311,5853.0,0.0,0.0,0.0,2,5850.0,5853.0,1,5818.0,5845.0,5859.0,5842.0,92.0,8074185.0,2060
2023-05-10 21:07:12,ag2311,ag2311,5853.0,0.0,0.0,0.0,8,5848.0,5853.0,3,5818.0,5845.0,5859.0,5842.0,92.0,8074185.0,2060
2023-05-10 21:07:12,ag2311,ag2311,5853.0,0.0,0.0,0.0,12,5848.0,5853.0,3,5818.0,5845.0,5859.0,5842.0,92.0,8074185.0,2060
2023-05-10 21:07:14,ag2311,ag2311,5853.0,0.0,0.0,0.0,12,5848.0,5853.0,5,5818.0,5845.0,5859.0,5842.0,92.0,8074185.0,2060
2023-05-10 21:07:17,ag2311,ag2311,5853.0,0.0,0.0,0.0,12,5848.0,5853.0,6,5818.0,5845.0,5859.0,5842.0,92.0,8074185.0,2060
2023-05-10 21:07:17,ag2311,ag2311,5853.0,0.0,0.0,0.0,12,5848.0,5853.0,8,5818.0,5845.0,5859.0,5842.0,92.0,8074185.0,2060
2023-05-10 21:07:20,ag2311,ag2311,5853.0,0.0,0.0,0.0,12,5848.0,5853.0,4,5818.0,5845.0,5859.0,5842.0,92.0,8074185.0,2060
2023-05-10 21:07:21,ag2311,ag2311,5853.0,0.0,0.0,0.0,1,5847.0,5853.0,8,5818.0,5845.0,5859.0,5842.0,92.0,8074185.0,2060
2023-05-10 21:07:22,ag2311,ag2311,5853.0,0.0,0.0,0.0,8,5846.0,5852.0,1,5818.0,5845.0,5859.0,5842.0,92.0,8074185.0,2060
2023-05-10 21:07:22,ag2311,ag2311,5853.0,0.0,0.0,0.0,12,5846.0,5850.0,2,5818.0,5845.0,5859.0,5842.0,92.0,8074185.0,2060
2023-05-10 21:07:23,ag2311,ag2311,5853.0,0.0,0.0,0.0,11,5847.0,5851.0,2,5818.0,5845.0,5859.0,5842.0,92.0,8074185.0,2060
2023-05-10 21:07:23,ag2311,ag2311,5853.0,0.0,0.0,0.0,13,5847.0,5851.0,3,5818.0,5845.0,5859.0,5842.0,92.0,8074185.0,2060
2023-05-10 21:07:24,ag2311,ag2311,5853.0,0.0,0.0,0.0,2,5847.0,5851.0,3,5818.0,5845.0,5859.0,5842.0,92.0,8074185.0,2060
2023-05-10 21:07:25,ag2311,ag2311,5853.0,0.0,0.0,0.0,8,5846.0,5851.0,3,5818.0,5845.0,5859.0,5842.0,92.0,8074185.0,2060
2023-05-10 21:07:26,ag2311,ag2311,5853.0,0.0,0.0,0.0,12,5846.0,5851.0,3,5818.0,5845.0,5859.0,5842.0,92.0,8074185.0,2060
2023-05-10 21:07:27,ag2311,ag2311,5853.0,0.0,0.0,0.0,13,5847.0,5851.0,3,5818.0,5845.0,5859.0,5842.0,92.0,8074185.0,2060
2023-05-10 21:07:27,ag2311,ag2311,5853.0,0.0,0.0,0.0,13,5847.0,5851.0,3,5818.0,5845.0,5859.0,5842.0,92.0,8074185.0,2060
2023-05-10 21:07:28,ag2311,ag2311,5853.0,0.0,0.0,0.0,2,5847.0,5851.0,3,5818.0,5845.0,5859.0,5842.0,92.0,8074185.0,2060
2023-05-10 21:07:28,ag2311,ag2311,5853.0,0.0,0.0,0.0,8,5846.0,5851.0,3,5818.0,5845.0,5859.0,5842.0,92.0,8074185.0,2060
2023-05-10 21:07:29,ag2311,ag2311,5853.0,0.0,0.0,0.0,12,5846.0,5851.0,3,5818.0,5845.0,5859.0,5842.0,92.0,8074185.0,2060
2023-05-10 21:07:30,ag2311,ag2311,5846.0,1.0,87690.0,1.0,1,5846.0,5851.0,7,5818.0,5845.0,5859.0,5842.0,93.0,8161875.0,2061
2023-05-10 21:07:31,ag2311,ag2311,5846.0,0.0,0.0,0.0,9,5845.0,5850.0,1,5818.0,5845.0,5859.0,5842.0,93.0,8161875.0,2061
2023-05-10 21:07:31,ag2311,ag2311,5846.0,0.0,0.0,0.0,13,5845.0,5850.0,4,5818.0,5845.0,5859.0,5842.0,93.0,8161875.0,2061
2023-05-10 21:07:32,ag2311,ag2311,5846.0,0.0,0.0,0.0,11,5845.0,5850.0,4,5818.0,5845.0,5859.0,5842.0,93.0,8161875.0,2061
2023-05-10 21:07:33,ag2311,ag2311,5846.0,0.0,0.0,0.0,13,5845.0,5850.0,4,5818.0,5845.0,5859.0,5842.0,93.0,8161875.0,2061
2023-05-10 21:07:33,ag2311,ag2311,5846.0,0.0,0.0,0.0,12,5845.0,5850.0,4,5818.0,5845.0,5859.0,5842.0,93.0,8161875.0,2061
2023-05-10 21:07:34,ag2311,ag2311,5846.0,0.0,0.0,0.0,12,5845.0,5850.0,4,5818.0,5845.0,5859.0,5842.0,93.0,8161875.0,2061
2023-05-10 21:07:34,ag2311,ag2311,5846.0,0.0,0.0,0.0,12,5845.0,5850.0,4,5818.0,5845.0,5859.0,5842.0,93.0,8161875.0,2061
2023-05-10 21:07:35,ag2311,ag2311,5846.0,0.0,0.0,0.0,12,5845.0,5850.0,4,5818.0,5845.0,5859.0,5842.0,93.0,8161875.0,2061
2023-05-10 21:07:36,ag2311,ag2311,5846.0,0.0,0.0,0.0,12,5845.0,5850.0,4,5818.0,5845.0,5859.0,5842.0,93.0,8161875.0,2061
2023-05-10 21:07:36,ag2311,ag2311,5846.0,0.0,0.0,0.0,12,5845.0,5850.0,6,5818.0,5845.0,5859.0,5842.0,93.0,8161875.0,2061
2023-05-10 21:07:37,ag2311,ag2311,5846.0,0.0,0.0,0.0,2,5845.0,5850.0,8,5818.0,5845.0,5859.0,5842.0,93.0,8161875.0,2061
2023-05-10 21:07:38,ag2311,ag2311,5846.0,0.0,0.0,0.0,9,5844.0,5849.0,1,5818.0,5845.0,5859.0,5842.0,93.0,8161875.0,2061
2023-05-10 21:07:38,ag2311,ag2311,5846.0,0.0,0.0,0.0,2,5845.0,5849.0,3,5818.0,5845.0,5859.0,5842.0,93.0,8161875.0,2061
2023-05-10 21:07:39,ag2311,ag2311,5846.0,0.0,0.0,0.0,2,5845.0,5849.0,3,5818.0,5845.0,5859.0,5842.0,93.0,8161875.0,2061
2023-05-10 21:07:39,ag2311,ag2311,5846.0,0.0,0.0,0.0,11,5844.0,5849.0,3,5818.0,5845.0,5859.0,5842.0,93.0,8161875.0,2061
2023-05-10 21:07:40,ag2311,ag2311,5846.0,0.0,0.0,0.0,13,5844.0,5849.0,4,5818.0,5845.0,5859.0,5842.0,93.0,8161875.0,2061
2023-05-10 21:07:41,ag2311,ag2311,5846.0,0.0,0.0,0.0,2,5844.0,5849.0,6,5818.0,5845.0,5859.0,5842.0,93.0,8161875.0,2061
2023-05-10 21:07:41,ag2311,ag2311,5846.0,0.0,0.0,0.0,2,5844.0,5849.0,6,5818.0,5845.0,5859.0,5842.0,93.0,8161875.0,2061
2023-05-10 21:07:42,ag2311,ag2311,5846.0,0.0,0.0,0.0,2,5844.0,5849.0,7,5818.0,5845.0,5859.0,5842.0,93.0,8161875.0,2061
2023-05-10 21:07:43,ag2311,ag2311,5846.0,0.0,0.0,0.0,8,5843.0,5848.0,1,5818.0,5845.0,5859.0,5842.0,93.0,8161875.0,2061
2023-05-10 21:07:43,ag2311,ag2311,5846.0,0.0,0.0,0.0,12,5843.0,5847.0,2,5818.0,5845.0,5859.0,5842.0,93.0,8161875.0,2061
2023-05-10 21:07:44,ag2311,ag2311,5846.0,0.0,0.0,0.0,2,5844.0,5848.0,1,5818.0,5845.0,5859.0,5842.0,93.0,8161875.0,2061
2023-05-10 21:07:44,ag2311,ag2311,5846.0,0.0,0.0,0.0,10,5844.0,5847.0,2,5818.0,5845.0,5859.0,5842.0,93.0,8161875.0,2061
2023-05-10 21:07:45,ag2311,ag2311,5846.0,0.0,0.0,0.0,2,5844.0,5848.0,1,5818.0,5845.0,5859.0,5842.0,93.0,8161875.0,2061
2023-05-10 21:07:45,ag2311,ag2311,5846.0,0.0,0.0,0.0,10,5842.0,5847.0,2,5818.0,5845.0,5859.0,5842.0,93.0,8161875.0,2061
2023-05-10 21:07:46,ag2311,ag2311,5846.0,0.0,0.0,0.0,11,5843.0,5847.0,2,5818.0,5845.0,5859.0,5842.0,93.0,8161875.0,2061
2023-05-10 21:07:46,ag2311,ag2311,5846.0,0.0,0.0,0.0,13,5843.0,5848.0,2,5818.0,5845.0,5859.0,5842.0,93.0,8161875.0,2061
2023-05-10 21:07:47,ag2311,ag2311,5846.0,0.0,0.0,0.0,13,5843.0,5848.0,7,5818.0,5845.0,5859.0,5842.0,93.0,8161875.0,2061
2023-05-10 21:07:48,ag2311,ag2311,5846.0,0.0,0.0,0.0,3,5843.0,5848.0,10,5818.0,5845.0,5859.0,5842.0,93.0,8161875.0,2061
2023-05-10 21:07:48,ag2311,ag2311,5846.0,0.0,0.0,0.0,1,5843.0,5848.0,10,5818.0,5845.0,5859.0,5842.0,93.0,8161875.0,2061
2023-05-10 21:07:49,ag2311,ag2311,5846.0,0.0,0.0,0.0,11,5843.0,5848.0,8,5818.0,5845.0,5859.0,5842.0,93.0,8161875.0,2061
2023-05-10 21:07:49,ag2311,ag2311,5846.0,0.0,0.0,0.0,13,5843.0,5848.0,5,5818.0,5845.0,5859.0,5842.0,93.0,8161875.0,2061
2023-05-10 21:07:50,ag2311,ag2311,5846.0,0.0,0.0,0.0,13,5843.0,5848.0,5,5818.0,5845.0,5859.0,5842.0,93.0,8161875.0,2061
2023-05-10 21:07:50,ag2311,ag2311,5846.0,0.0,0.0,0.0,13,5843.0,5848.0,5,5818.0,5845.0,5859.0,5842.0,93.0,8161875.0,2061
2023-05-10 21:07:51,ag2311,ag2311,5846.0,0.0,0.0,0.0,13,5843.0,5848.0,5,5818.0,5845.0,5859.0,5842.0,93.0,8161875.0,2061
2023-05-10 21:07:51,ag2311,ag2311,5846.0,0.0,0.0,0.0,3,5843.0,5848.0,7,5818.0,5845.0,5859.0,5842.0,93.0,8161875.0,2061
2023-05-10 21:07:52,ag2311,ag2311,5846.0,0.0,0.0,0.0,3,5843.0,5848.0,7,5818.0,5845.0,5859.0,5842.0,93.0,8161875.0,2061
2023-05-10 21:07:52,ag2311,ag2311,5846.0,0.0,0.0,0.0,13,5843.0,5848.0,7,5818.0,5845.0,5859.0,5842.0,93.0,8161875.0,2061
2023-05-10 21:07:53,ag2311,ag2311,5846.0,0.0,0.0,0.0,3,5843.0,5847.0,1,5818.0,5845.0,5859.0,5842.0,93.0,8161875.0,2061
2023-05-10 21:07:53,ag2311,ag2311,5846.0,0.0,0.0,0.0,3,5843.0,5847.0,3,5818.0,5845.0,5859.0,5842.0,93.0,8161875.0,2061
2023-05-10 21:07:54,ag2311,ag2311,5846.0,0.0,0.0,0.0,1,5843.0,5847.0,3,5818.0,5845.0,5859.0,5842.0,93.0,8161875.0,2061
2023-05-10 21:07:55,ag2311,ag2311,5846.0,0.0,0.0,0.0,9,5842.0,5847.0,3,5818.0,5845.0,5859.0,5842.0,93.0,8161875.0,2061
2023-05-10 21:07:55,ag2311,ag2311,5846.0,0.0,0.0,0.0,13,5842.0,5847.0,3,5818.0,5845.0,5859.0,5842.0,93.0,8161875.0,2061
2023-05-10 21:07:56,ag2311,ag2311,5846.0,0.0,0.0,0.0,11,5842.0,5847.0,3,5818.0,5845.0,5859.0,5842.0,93.0,8161875.0,2061
2023-05-10 21:07:56,ag2311,ag2311,5846.0,0.0,0.0,0.0,13,5842.0,5847.0,3,5818.0,5845.0,5859.0,5842.0,93.0,8161875.0,2061
2023-05-10 21:07:58,ag2311,ag2311,5846.0,0.0,0.0,0.0,13,5843.0,5847.0,3,5818.0,5845.0,5859.0,5842.0,93.0,8161875.0,2061
2023-05-10 21:07:58,ag2311,ag2311,5846.0,0.0,0.0,0.0,13,5843.0,5847.0,2,5818.0,5845.0,5859.0,5842.0,93.0,8161875.0,2061
2023-05-10 21:07:59,ag2311,ag2311,5846.0,0.0,0.0,0.0,9,5842.0,5847.0,2,5818.0,5845.0,5859.0,5842.0,93.0,8161875.0,2061
2023-05-10 21:07:59,ag2311,ag2311,5846.0,0.0,0.0,0.0,13,5842.0,5847.0,2,5818.0,5845.0,5859.0,5842.0,93.0,8161875.0,2061
2023-05-10 21:08:00,ag2311,ag2311,5846.0,0.0,0.0,0.0,11,5843.0,5847.0,2,5818.0,5845.0,5859.0,5842.0,93.0,8161875.0,2061
2023-05-10 21:08:00,ag2311,ag2311,5846.0,0.0,0.0,0.0,13,5843.0,5847.0,2,5818.0,5845.0,5859.0,5842.0,93.0,8161875.0,2061
2023-05-10 21:08:01,ag2311,ag2311,5846.0,0.0,0.0,0.0,13,5843.0,5847.0,2,5818.0,5845.0,5859.0,5842.0,93.0,8161875.0,2061
2023-05-10 21:08:02,ag2311,ag2311,5846.0,0.0,0.0,0.0,13,5843.0,5847.0,2,5818.0,5845.0,5859.0,5842.0,93.0,8161875.0,2061
2023-05-10 21:08:02,ag2311,ag2311,5846.0,0.0,0.0,0.0,2,5843.0,5847.0,2,5818.0,5845.0,5859.0,5842.0,93.0,8161875.0,2061
2023-05-10 21:08:03,ag2311,ag2311,5846.0,0.0,0.0,0.0,9,5842.0,5847.0,2,5818.0,5845.0,5859.0,5842.0,93.0,8161875.0,2061
2023-05-10 21:08:03,ag2311,ag2311,5846.0,0.0,0.0,0.0,13,5842.0,5847.0,2,5818.0,5845.0,5859.0,5842.0,93.0,8161875.0,2061
2023-05-10 21:08:04,ag2311,ag2311,5846.0,0.0,0.0,0.0,8,5841.0,5847.0,6,5818.0,5845.0,5859.0,5842.0,93.0,8161875.0,2061
2023-05-10 21:08:04,ag2311,ag2311,5846.0,0.0,0.0,0.0,12,5841.0,5846.0,1,5818.0,5845.0,5859.0,5842.0,93.0,8161875.0,2061
2023-05-10 21:08:05,ag2311,ag2311,5846.0,0.0,0.0,0.0,12,5841.0,5845.0,2,5818.0,5845.0,5859.0,5842.0,93.0,8161875.0,2061
2023-05-10 21:08:06,ag2311,ag2311,5846.0,0.0,0.0,0.0,13,5842.0,5846.0,1,5818.0,5845.0,5859.0,5842.0,93.0,8161875.0,2061
2023-05-10 21:08:06,ag2311,ag2311,5846.0,0.0,0.0,0.0,13,5842.0,5846.0,3,5818.0,5845.0,5859.0,5842.0,93.0,8161875.0,2061
2023-05-10 21:08:07,ag2311,ag2311,5842.0,1.0,87630.0,0.0,12,5842.0,5846.0,1,5818.0,5845.0,5859.0,5842.0,94.0,8249505.0,2061
2023-05-10 21:08:08,ag2311,ag2311,5842.0,0.0,0.0,0.0,2,5843.0,5846.0,1,5818.0,5845.0,5859.0,5842.0,94.0,8249505.0,2061
2023-05-10 21:08:08,ag2311,ag2311,5842.0,0.0,0.0,0.0,10,5842.0,5845.0,2,5818.0,5845.0,5859.0,5842.0,94.0,8249505.0,2061
2023-05-10 21:08:09,ag2311,ag2311,5842.0,0.0,0.0,0.0,12,5842.0,5846.0,1,5818.0,5845.0,5859.0,5842.0,94.0,8249505.0,2061
2023-05-10 21:08:09,ag2311,ag2311,5842.0,0.0,0.0,0.0,2,5842.0,5846.0,5,5818.0,5845.0,5859.0,5842.0,94.0,8249505.0,2061
