time,symbol_id,symbol_name,last,trade_volume,trade_amount,open_interest_change,bv1,bp1,ap1,av1,yesterday_close,today_open,today_high,today_low,volume,amount,open_interest
2023-05-09 20:55:30,y2311-C-7900,y2311-C-7900,292.5,0.0,0.0,0.0,1,0.5,0.0,0,292.5,0.0,0.0,0.0,0.0,0.0,2
2023-05-09 21:00:23,y2311-C-7900,y2311-C-7900,292.5,0.0,0.0,0.0,10,1.0,0.0,0,292.5,0.0,0.0,0.0,0.0,0.0,2
2023-05-09 21:00:31,y2311-C-7900,y2311-C-7900,292.5,0.0,0.0,0.0,1,20.0,0.0,0,292.5,0.0,0.0,0.0,0.0,0.0,2
2023-05-09 21:00:31,y2311-C-7900,y2311-C-7900,292.5,0.0,0.0,0.0,10,20.5,0.0,0,292.5,0.0,0.0,0.0,0.0,0.0,2
2023-05-09 21:00:49,y2311-C-7900,y2311-C-7900,292.5,0.0,0.0,0.0,11,20.5,0.0,0,292.5,0.0,0.0,0.0,0.0,0.0,2
2023-05-09 21:01:43,y2311-C-7900,y2311-C-7900,292.5,0.0,0.0,0.0,2,21.0,0.0,0,292.5,0.0,0.0,0.0,0.0,0.0,2
2023-05-09 21:01:43,y2311-C-7900,y2311-C-7900,292.5,0.0,0.0,0.0,10,21.5,0.0,0,292.5,0.0,0.0,0.0,0.0,0.0,2
2023-05-09 21:02:37,y2311-C-7900,y2311-C-7900,292.5,0.0,0.0,0.0,1,22.0,0.0,0,292.5,0.0,0.0,0.0,0.0,0.0,2
2023-05-09 21:02:37,y2311-C-7900,y2311-C-7900,292.5,0.0,0.0,0.0,10,22.5,0.0,0,292.5,0.0,0.0,0.0,0.0,0.0,2
2023-05-09 21:03:33,y2311-C-7900,y2311-C-7900,292.5,0.0,0.0,0.0,2,23.0,0.0,0,292.5,0.0,0.0,0.0,0.0,0.0,2
2023-05-09 21:03:33,y2311-C-7900,y2311-C-7900,292.5,0.0,0.0,0.0,10,23.5,0.0,0,292.5,0.0,0.0,0.0,0.0,0.0,2
2023-05-09 21:05:16,y2311-C-7900,y2311-C-7900,292.5,0.0,0.0,0.0,2,24.0,0.0,0,292.5,0.0,0.0,0.0,0.0,0.0,2
2023-05-09 21:05:16,y2311-C-7900,y2311-C-7900,292.5,0.0,0.0,0.0,10,24.5,0.0,0,292.5,0.0,0.0,0.0,0.0,0.0,2
2023-05-09 21:05:27,y2311-C-7900,y2311-C-7900,292.5,0.0,0.0,0.0,2,25.0,0.0,0,292.5,0.0,0.0,0.0,0.0,0.0,2
2023-05-09 21:05:27,y2311-C-7900,y2311-C-7900,292.5,0.0,0.0,0.0,10,25.5,0.0,0,292.5,0.0,0.0,0.0,0.0,0.0,2
2023-05-09 21:06:09,y2311-C-7900,y2311-C-7900,292.5,0.0,0.0,0.0,2,26.0,0.0,0,292.5,0.0,0.0,0.0,0.0,0.0,2
2023-05-09 21:06:09,y2311-C-7900,y2311-C-7900,292.5,0.0,0.0,0.0,10,26.5,0.0,0,292.5,0.0,0.0,0.0,0.0,0.0,2
2023-05-09 21:06:12,y2311-C-7900,y2311-C-7900,292.5,0.0,0.0,0.0,2,27.0,0.0,0,292.5,0.0,0.0,0.0,0.0,0.0,2
2023-05-09 21:06:12,y2311-C-7900,y2311-C-7900,292.5,0.0,0.0,0.0,10,27.5,0.0,0,292.5,0.0,0.0,0.0,0.0,0.0,2
2023-05-09 21:06:16,y2311-C-7900,y2311-C-7900,292.5,0.0,0.0,0.0,2,28.0,0.0,0,292.5,0.0,0.0,0.0,0.0,0.0,2
2023-05-09 21:06:16,y2311-C-7900,y2311-C-7900,292.5,0.0,0.0,0.0,10,28.5,0.0,0,292.5,0.0,0.0,0.0,0.0,0.0,2
2023-05-09 21:06:19,y2311-C-7900,y2311-C-7900,292.5,0.0,0.0,0.0,2,29.0,0.0,0,292.5,0.0,0.0,0.0,0.0,0.0,2
2023-05-09 21:06:19,y2311-C-7900,y2311-C-7900,292.5,0.0,0.0,0.0,10,29.5,0.0,0,292.5,0.0,0.0,0.0,0.0,0.0,2
2023-05-09 21:07:39,y2311-C-7900,y2311-C-7900,292.5,0.0,0.0,0.0,2,30.0,0.0,0,292.5,0.0,0.0,0.0,0.0,0.0,2
2023-05-09 21:07:39,y2311-C-7900,y2311-C-7900,292.5,0.0,0.0,0.0,10,30.5,0.0,0,292.5,0.0,0.0,0.0,0.0,0.0,2
2023-05-09 21:08:14,y2311-C-7900,y2311-C-7900,292.5,0.0,0.0,0.0,2,31.0,0.0,0,292.5,0.0,0.0,0.0,0.0,0.0,2
2023-05-09 21:08:14,y2311-C-7900,y2311-C-7900,292.5,0.0,0.0,0.0,10,31.5,0.0,0,292.5,0.0,0.0,0.0,0.0,0.0,2
2023-05-09 21:09:02,y2311-C-7900,y2311-C-7900,292.5,0.0,0.0,0.0,2,32.0,0.0,0,292.5,0.0,0.0,0.0,0.0,0.0,2
2023-05-09 21:09:02,y2311-C-7900,y2311-C-7900,292.5,0.0,0.0,0.0,10,32.5,0.0,0,292.5,0.0,0.0,0.0,0.0,0.0,2
2023-05-09 21:09:04,y2311-C-7900,y2311-C-7900,292.5,0.0,0.0,0.0,2,33.0,0.0,0,292.5,0.0,0.0,0.0,0.0,0.0,2
2023-05-09 21:09:04,y2311-C-7900,y2311-C-7900,292.5,0.0,0.0,0.0,10,33.5,0.0,0,292.5,0.0,0.0,0.0,0.0,0.0,2
2023-05-09 21:09:07,y2311-C-7900,y2311-C-7900,292.5,0.0,0.0,0.0,2,34.0,0.0,0,292.5,0.0,0.0,0.0,0.0,0.0,2
2023-05-09 21:09:07,y2311-C-7900,y2311-C-7900,292.5,0.0,0.0,0.0,10,34.5,0.0,0,292.5,0.0,0.0,0.0,0.0,0.0,2
2023-05-09 21:09:09,y2311-C-7900,y2311-C-7900,292.5,0.0,0.0,0.0,2,35.0,0.0,0,292.5,0.0,0.0,0.0,0.0,0.0,2
2023-05-09 21:09:09,y2311-C-7900,y2311-C-7900,292.5,0.0,0.0,0.0,10,35.5,0.0,0,292.5,0.0,0.0,0.0,0.0,0.0,2
2023-05-09 21:09:11,y2311-C-7900,y2311-C-7900,292.5,0.0,0.0,0.0,2,36.0,0.0,0,292.5,0.0,0.0,0.0,0.0,0.0,2
2023-05-09 21:09:11,y2311-C-7900,y2311-C-7900,292.5,0.0,0.0,0.0,10,36.5,0.0,0,292.5,0.0,0.0,0.0,0.0,0.0,2
2023-05-09 21:09:12,y2311-C-7900,y2311-C-7900,292.5,0.0,0.0,0.0,2,37.0,0.0,0,292.5,0.0,0.0,0.0,0.0,0.0,2
2023-05-09 21:09:12,y2311-C-7900,y2311-C-7900,292.5,0.0,0.0,0.0,10,37.5,0.0,0,292.5,0.0,0.0,0.0,0.0,0.0,2
2023-05-09 21:09:15,y2311-C-7900,y2311-C-7900,292.5,0.0,0.0,0.0,2,38.0,0.0,0,292.5,0.0,0.0,0.0,0.0,0.0,2
2023-05-09 21:09:15,y2311-C-7900,y2311-C-7900,292.5,0.0,0.0,0.0,10,38.5,0.0,0,292.5,0.0,0.0,0.0,0.0,0.0,2
2023-05-09 21:09:19,y2311-C-7900,y2311-C-7900,292.5,0.0,0.0,0.0,2,39.0,0.0,0,292.5,0.0,0.0,0.0,0.0,0.0,2
2023-05-09 21:09:19,y2311-C-7900,y2311-C-7900,292.5,0.0,0.0,0.0,10,39.5,0.0,0,292.5,0.0,0.0,0.0,0.0,0.0,2
2023-05-09 21:09:21,y2311-C-7900,y2311-C-7900,292.5,0.0,0.0,0.0,2,40.0,0.0,0,292.5,0.0,0.0,0.0,0.0,0.0,2
2023-05-09 21:09:21,y2311-C-7900,y2311-C-7900,292.5,0.0,0.0,0.0,10,40.5,0.0,0,292.5,0.0,0.0,0.0,0.0,0.0,2
2023-05-09 21:09:23,y2311-C-7900,y2311-C-7900,292.5,0.0,0.0,0.0,2,41.0,0.0,0,292.5,0.0,0.0,0.0,0.0,0.0,2
2023-05-09 21:09:23,y2311-C-7900,y2311-C-7900,292.5,0.0,0.0,0.0,10,41.5,0.0,0,292.5,0.0,0.0,0.0,0.0,0.0,2
2023-05-09 21:09:24,y2311-C-7900,y2311-C-7900,292.5,0.0,0.0,0.0,2,42.0,0.0,0,292.5,0.0,0.0,0.0,0.0,0.0,2
2023-05-09 21:09:24,y2311-C-7900,y2311-C-7900,292.5,0.0,0.0,0.0,10,42.5,0.0,0,292.5,0.0,0.0,0.0,0.0,0.0,2
2023-05-09 21:09:26,y2311-C-7900,y2311-C-7900,292.5,0.0,0.0,0.0,2,43.0,0.0,0,292.5,0.0,0.0,0.0,0.0,0.0,2
2023-05-09 21:09:26,y2311-C-7900,y2311-C-7900,292.5,0.0,0.0,0.0,10,43.5,0.0,0,292.5,0.0,0.0,0.0,0.0,0.0,2
2023-05-09 21:09:28,y2311-C-7900,y2311-C-7900,292.5,0.0,0.0,0.0,2,44.0,0.0,0,292.5,0.0,0.0,0.0,0.0,0.0,2
2023-05-09 21:09:28,y2311-C-7900,y2311-C-7900,292.5,0.0,0.0,0.0,10,44.5,0.0,0,292.5,0.0,0.0,0.0,0.0,0.0,2
2023-05-09 21:09:29,y2311-C-7900,y2311-C-7900,292.5,0.0,0.0,0.0,2,45.0,0.0,0,292.5,0.0,0.0,0.0,0.0,0.0,2
2023-05-09 21:09:29,y2311-C-7900,y2311-C-7900,292.5,0.0,0.0,0.0,10,45.5,0.0,0,292.5,0.0,0.0,0.0,0.0,0.0,2
2023-05-09 21:09:31,y2311-C-7900,y2311-C-7900,292.5,0.0,0.0,0.0,2,46.0,0.0,0,292.5,0.0,0.0,0.0,0.0,0.0,2
2023-05-09 21:09:31,y2311-C-7900,y2311-C-7900,292.5,0.0,0.0,0.0,10,46.5,0.0,0,292.5,0.0,0.0,0.0,0.0,0.0,2
2023-05-09 21:09:32,y2311-C-7900,y2311-C-7900,292.5,0.0,0.0,0.0,2,47.0,0.0,0,292.5,0.0,0.0,0.0,0.0,0.0,2
2023-05-09 21:09:32,y2311-C-7900,y2311-C-7900,292.5,0.0,0.0,0.0,10,47.5,0.0,0,292.5,0.0,0.0,0.0,0.0,0.0,2
2023-05-09 21:09:34,y2311-C-7900,y2311-C-7900,292.5,0.0,0.0,0.0,2,48.0,0.0,0,292.5,0.0,0.0,0.0,0.0,0.0,2
2023-05-09 21:09:34,y2311-C-7900,y2311-C-7900,292.5,0.0,0.0,0.0,10,48.5,0.0,0,292.5,0.0,0.0,0.0,0.0,0.0,2
2023-05-09 21:09:35,y2311-C-7900,y2311-C-7900,292.5,0.0,0.0,0.0,2,49.0,0.0,0,292.5,0.0,0.0,0.0,0.0,0.0,2
2023-05-09 21:09:35,y2311-C-7900,y2311-C-7900,292.5,0.0,0.0,0.0,10,49.5,0.0,0,292.5,0.0,0.0,0.0,0.0,0.0,2
2023-05-09 21:09:37,y2311-C-7900,y2311-C-7900,292.5,0.0,0.0,0.0,2,50.0,0.0,0,292.5,0.0,0.0,0.0,0.0,0.0,2
2023-05-09 21:09:37,y2311-C-7900,y2311-C-7900,292.5,0.0,0.0,0.0,10,50.5,0.0,0,292.5,0.0,0.0,0.0,0.0,0.0,2
2023-05-09 21:09:38,y2311-C-7900,y2311-C-7900,292.5,0.0,0.0,0.0,2,51.0,0.0,0,292.5,0.0,0.0,0.0,0.0,0.0,2
2023-05-09 21:09:38,y2311-C-7900,y2311-C-7900,292.5,0.0,0.0,0.0,10,51.5,0.0,0,292.5,0.0,0.0,0.0,0.0,0.0,2
2023-05-09 21:09:39,y2311-C-7900,y2311-C-7900,292.5,0.0,0.0,0.0,2,52.0,0.0,0,292.5,0.0,0.0,0.0,0.0,0.0,2
2023-05-09 21:09:39,y2311-C-7900,y2311-C-7900,292.5,0.0,0.0,0.0,10,52.5,0.0,0,292.5,0.0,0.0,0.0,0.0,0.0,2
2023-05-09 21:09:41,y2311-C-7900,y2311-C-7900,292.5,0.0,0.0,0.0,2,53.0,0.0,0,292.5,0.0,0.0,0.0,0.0,0.0,2
2023-05-09 21:09:41,y2311-C-7900,y2311-C-7900,292.5,0.0,0.0,0.0,10,53.5,0.0,0,292.5,0.0,0.0,0.0,0.0,0.0,2
2023-05-09 21:09:42,y2311-C-7900,y2311-C-7900,292.5,0.0,0.0,0.0,2,54.0,0.0,0,292.5,0.0,0.0,0.0,0.0,0.0,2
2023-05-09 21:09:42,y2311-C-7900,y2311-C-7900,292.5,0.0,0.0,0.0,10,54.5,0.0,0,292.5,0.0,0.0,0.0,0.0,0.0,2
2023-05-09 21:09:43,y2311-C-7900,y2311-C-7900,292.5,0.0,0.0,0.0,2,55.0,0.0,0,292.5,0.0,0.0,0.0,0.0,0.0,2
2023-05-09 21:09:43,y2311-C-7900,y2311-C-7900,292.5,0.0,0.0,0.0,10,55.5,0.0,0,292.5,0.0,0.0,0.0,0.0,0.0,2
2023-05-09 21:09:45,y2311-C-7900,y2311-C-7900,292.5,0.0,0.0,0.0,2,56.0,0.0,0,292.5,0.0,0.0,0.0,0.0,0.0,2
2023-05-09 21:09:45,y2311-C-7900,y2311-C-7900,292.5,0.0,0.0,0.0,10,56.5,0.0,0,292.5,0.0,0.0,0.0,0.0,0.0,2
2023-05-09 21:09:46,y2311-C-7900,y2311-C-7900,292.5,0.0,0.0,0.0,2,57.0,0.0,0,292.5,0.0,0.0,0.0,0.0,0.0,2
2023-05-09 21:09:46,y2311-C-7900,y2311-C-7900,292.5,0.0,0.0,0.0,10,57.5,0.0,0,292.5,0.0,0.0,0.0,0.0,0.0,2
2023-05-09 21:09:47,y2311-C-7900,y2311-C-7900,292.5,0.0,0.0,0.0,2,58.0,0.0,0,292.5,0.0,0.0,0.0,0.0,0.0,2
2023-05-09 21:09:47,y2311-C-7900,y2311-C-7900,292.5,0.0,0.0,0.0,10,58.5,0.0,0,292.5,0.0,0.0,0.0,0.0,0.0,2
2023-05-09 21:09:48,y2311-C-7900,y2311-C-7900,292.5,0.0,0.0,0.0,2,59.0,0.0,0,292.5,0.0,0.0,0.0,0.0,0.0,2
2023-05-09 21:09:48,y2311-C-7900,y2311-C-7900,292.5,0.0,0.0,0.0,10,59.5,0.0,0,292.5,0.0,0.0,0.0,0.0,0.0,2
2023-05-09 21:09:50,y2311-C-7900,y2311-C-7900,292.5,0.0,0.0,0.0,2,60.0,0.0,0,292.5,0.0,0.0,0.0,0.0,0.0,2
2023-05-09 21:09:50,y2311-C-7900,y2311-C-7900,292.5,0.0,0.0,0.0,10,60.5,0.0,0,292.5,0.0,0.0,0.0,0.0,0.0,2
2023-05-09 21:09:51,y2311-C-7900,y2311-C-7900,292.5,0.0,0.0,0.0,2,61.0,0.0,0,292.5,0.0,0.0,0.0,0.0,0.0,2
2023-05-09 21:09:51,y2311-C-7900,y2311-C-7900,292.5,0.0,0.0,0.0,10,61.5,0.0,0,292.5,0.0,0.0,0.0,0.0,0.0,2
2023-05-09 21:09:52,y2311-C-7900,y2311-C-7900,292.5,0.0,0.0,0.0,2,62.0,0.0,0,292.5,0.0,0.0,0.0,0.0,0.0,2
2023-05-09 21:09:52,y2311-C-7900,y2311-C-7900,292.5,0.0,0.0,0.0,10,62.5,0.0,0,292.5,0.0,0.0,0.0,0.0,0.0,2
2023-05-09 21:09:54,y2311-C-7900,y2311-C-7900,292.5,0.0,0.0,0.0,2,63.0,0.0,0,292.5,0.0,0.0,0.0,0.0,0.0,2
2023-05-09 21:09:54,y2311-C-7900,y2311-C-7900,292.5,0.0,0.0,0.0,10,63.5,0.0,0,292.5,0.0,0.0,0.0,0.0,0.0,2
2023-05-09 21:09:55,y2311-C-7900,y2311-C-7900,292.5,0.0,0.0,0.0,2,64.0,0.0,0,292.5,0.0,0.0,0.0,0.0,0.0,2
2023-05-09 21:09:55,y2311-C-7900,y2311-C-7900,292.5,0.0,0.0,0.0,10,64.5,0.0,0,292.5,0.0,0.0,0.0,0.0,0.0,2
2023-05-09 21:09:56,y2311-C-7900,y2311-C-7900,292.5,0.0,0.0,0.0,2,65.0,0.0,0,292.5,0.0,0.0,0.0,0.0,0.0,2
2023-05-09 21:09:56,y2311-C-7900,y2311-C-7900,292.5,0.0,0.0,0.0,10,65.5,0.0,0,292.5,0.0,0.0,0.0,0.0,0.0,2
2023-05-09 21:09:58,y2311-C-7900,y2311-C-7900,292.5,0.0,0.0,0.0,2,66.0,0.0,0,292.5,0.0,0.0,0.0,0.0,0.0,2
2023-05-09 21:09:58,y2311-C-7900,y2311-C-7900,292.5,0.0,0.0,0.0,10,66.5,0.0,0,292.5,0.0,0.0,0.0,0.0,0.0,2
2023-05-09 21:09:59,y2311-C-7900,y2311-C-7900,292.5,0.0,0.0,0.0,2,67.0,0.0,0,292.5,0.0,0.0,0.0,0.0,0.0,2
2023-05-09 21:09:59,y2311-C-7900,y2311-C-7900,292.5,0.0,0.0,0.0,10,67.5,0.0,0,292.5,0.0,0.0,0.0,0.0,0.0,2
2023-05-09 21:10:01,y2311-C-7900,y2311-C-7900,292.5,0.0,0.0,0.0,2,68.0,0.0,0,292.5,0.0,0.0,0.0,0.0,0.0,2
2023-05-09 21:10:01,y2311-C-7900,y2311-C-7900,292.5,0.0,0.0,0.0,10,68.5,0.0,0,292.5,0.0,0.0,0.0,0.0,0.0,2
2023-05-09 21:10:02,y2311-C-7900,y2311-C-7900,292.5,0.0,0.0,0.0,2,69.0,0.0,0,292.5,0.0,0.0,0.0,0.0,0.0,2
2023-05-09 21:10:02,y2311-C-7900,y2311-C-7900,292.5,0.0,0.0,0.0,10,69.5,0.0,0,292.5,0.0,0.0,0.0,0.0,0.0,2
2023-05-09 21:10:04,y2311-C-7900,y2311-C-7900,292.5,0.0,0.0,0.0,2,70.0,0.0,0,292.5,0.0,0.0,0.0,0.0,0.0,2
2023-05-09 21:10:04,y2311-C-7900,y2311-C-7900,292.5,0.0,0.0,0.0,10,70.5,0.0,0,292.5,0.0,0.0,0.0,0.0,0.0,2
2023-05-09 21:10:05,y2311-C-7900,y2311-C-7900,292.5,0.0,0.0,0.0,2,71.0,0.0,0,292.5,0.0,0.0,0.0,0.0,0.0,2
2023-05-09 21:10:05,y2311-C-7900,y2311-C-7900,292.5,0.0,0.0,0.0,10,71.5,0.0,0,292.5,0.0,0.0,0.0,0.0,0.0,2
2023-05-09 21:10:07,y2311-C-7900,y2311-C-7900,292.5,0.0,0.0,0.0,2,72.0,0.0,0,292.5,0.0,0.0,0.0,0.0,0.0,2
2023-05-09 21:10:07,y2311-C-7900,y2311-C-7900,292.5,0.0,0.0,0.0,10,72.5,0.0,0,292.5,0.0,0.0,0.0,0.0,0.0,2
2023-05-09 21:10:08,y2311-C-7900,y2311-C-7900,292.5,0.0,0.0,0.0,2,73.0,0.0,0,292.5,0.0,0.0,0.0,0.0,0.0,2
2023-05-09 21:10:08,y2311-C-7900,y2311-C-7900,292.5,0.0,0.0,0.0,10,73.5,0.0,0,292.5,0.0,0.0,0.0,0.0,0.0,2
2023-05-09 21:10:10,y2311-C-7900,y2311-C-7900,292.5,0.0,0.0,0.0,2,74.0,0.0,0,292.5,0.0,0.0,0.0,0.0,0.0,2
2023-05-09 21:10:10,y2311-C-7900,y2311-C-7900,292.5,0.0,0.0,0.0,10,74.5,0.0,0,292.5,0.0,0.0,0.0,0.0,0.0,2
2023-05-09 21:10:11,y2311-C-7900,y2311-C-7900,292.5,0.0,0.0,0.0,2,75.0,0.0,0,292.5,0.0,0.0,0.0,0.0,0.0,2
2023-05-09 21:10:11,y2311-C-7900,y2311-C-7900,292.5,0.0,0.0,0.0,10,75.5,0.0,0,292.5,0.0,0.0,0.0,0.0,0.0,2
2023-05-09 21:10:13,y2311-C-7900,y2311-C-7900,292.5,0.0,0.0,0.0,2,76.0,0.0,0,292.5,0.0,0.0,0.0,0.0,0.0,2
2023-05-09 21:10:13,y2311-C-7900,y2311-C-7900,292.5,0.0,0.0,0.0,10,76.5,0.0,0,292.5,0.0,0.0,0.0,0.0,0.0,2
2023-05-09 21:10:14,y2311-C-7900,y2311-C-7900,292.5,0.0,0.0,0.0,2,77.0,0.0,0,292.5,0.0,0.0,0.0,0.0,0.0,2
2023-05-09 21:10:14,y2311-C-7900,y2311-C-7900,292.5,0.0,0.0,0.0,10,77.5,0.0,0,292.5,0.0,0.0,0.0,0.0,0.0,2
2023-05-09 21:10:15,y2311-C-7900,y2311-C-7900,292.5,0.0,0.0,0.0,2,78.0,0.0,0,292.5,0.0,0.0,0.0,0.0,0.0,2
2023-05-09 21:10:15,y2311-C-7900,y2311-C-7900,292.5,0.0,0.0,0.0,10,78.5,0.0,0,292.5,0.0,0.0,0.0,0.0,0.0,2
2023-05-09 21:10:17,y2311-C-7900,y2311-C-7900,292.5,0.0,0.0,0.0,2,79.0,0.0,0,292.5,0.0,0.0,0.0,0.0,0.0,2
2023-05-09 21:10:17,y2311-C-7900,y2311-C-7900,292.5,0.0,0.0,0.0,10,79.5,0.0,0,292.5,0.0,0.0,0.0,0.0,0.0,2
2023-05-09 21:10:18,y2311-C-7900,y2311-C-7900,292.5,0.0,0.0,0.0,2,80.0,0.0,0,292.5,0.0,0.0,0.0,0.0,0.0,2
2023-05-09 21:10:18,y2311-C-7900,y2311-C-7900,292.5,0.0,0.0,0.0,10,80.5,0.0,0,292.5,0.0,0.0,0.0,0.0,0.0,2
2023-05-09 21:10:20,y2311-C-7900,y2311-C-7900,292.5,0.0,0.0,0.0,2,81.0,0.0,0,292.5,0.0,0.0,0.0,0.0,0.0,2
2023-05-09 21:10:20,y2311-C-7900,y2311-C-7900,292.5,0.0,0.0,0.0,10,81.5,0.0,0,292.5,0.0,0.0,0.0,0.0,0.0,2
2023-05-09 21:10:21,y2311-C-7900,y2311-C-7900,292.5,0.0,0.0,0.0,2,82.0,0.0,0,292.5,0.0,0.0,0.0,0.0,0.0,2
2023-05-09 21:10:21,y2311-C-7900,y2311-C-7900,292.5,0.0,0.0,0.0,10,82.5,0.0,0,292.5,0.0,0.0,0.0,0.0,0.0,2
2023-05-09 21:10:22,y2311-C-7900,y2311-C-7900,292.5,0.0,0.0,0.0,2,83.0,0.0,0,292.5,0.0,0.0,0.0,0.0,0.0,2
2023-05-09 21:10:22,y2311-C-7900,y2311-C-7900,292.5,0.0,0.0,0.0,10,83.5,0.0,0,292.5,0.0,0.0,0.0,0.0,0.0,2
2023-05-09 21:10:24,y2311-C-7900,y2311-C-7900,292.5,0.0,0.0,0.0,2,84.0,0.0,0,292.5,0.0,0.0,0.0,0.0,0.0,2
2023-05-09 21:10:24,y2311-C-7900,y2311-C-7900,292.5,0.0,0.0,0.0,10,84.5,0.0,0,292.5,0.0,0.0,0.0,0.0,0.0,2
2023-05-09 21:10:25,y2311-C-7900,y2311-C-7900,292.5,0.0,0.0,0.0,2,85.0,0.0,0,292.5,0.0,0.0,0.0,0.0,0.0,2
2023-05-09 21:10:25,y2311-C-7900,y2311-C-7900,292.5,0.0,0.0,0.0,10,85.5,0.0,0,292.5,0.0,0.0,0.0,0.0,0.0,2
2023-05-09 21:10:26,y2311-C-7900,y2311-C-7900,292.5,0.0,0.0,0.0,2,86.0,0.0,0,292.5,0.0,0.0,0.0,0.0,0.0,2
2023-05-09 21:10:26,y2311-C-7900,y2311-C-7900,292.5,0.0,0.0,0.0,10,86.5,0.0,0,292.5,0.0,0.0,0.0,0.0,0.0,2
2023-05-09 21:10:28,y2311-C-7900,y2311-C-7900,292.5,0.0,0.0,0.0,2,87.0,0.0,0,292.5,0.0,0.0,0.0,0.0,0.0,2
2023-05-09 21:10:28,y2311-C-7900,y2311-C-7900,292.5,0.0,0.0,0.0,10,87.5,0.0,0,292.5,0.0,0.0,0.0,0.0,0.0,2
2023-05-09 21:10:29,y2311-C-7900,y2311-C-7900,292.5,0.0,0.0,0.0,2,88.0,0.0,0,292.5,0.0,0.0,0.0,0.0,0.0,2
2023-05-09 21:10:29,y2311-C-7900,y2311-C-7900,292.5,0.0,0.0,0.0,10,88.5,0.0,0,292.5,0.0,0.0,0.0,0.0,0.0,2
2023-05-09 21:10:31,y2311-C-7900,y2311-C-7900,292.5,0.0,0.0,0.0,2,89.0,0.0,0,292.5,0.0,0.0,0.0,0.0,0.0,2
2023-05-09 21:10:31,y2311-C-7900,y2311-C-7900,292.5,0.0,0.0,0.0,10,89.5,0.0,0,292.5,0.0,0.0,0.0,0.0,0.0,2
2023-05-09 21:10:32,y2311-C-7900,y2311-C-7900,292.5,0.0,0.0,0.0,2,90.0,0.0,0,292.5,0.0,0.0,0.0,0.0,0.0,2
2023-05-09 21:10:32,y2311-C-7900,y2311-C-7900,292.5,0.0,0.0,0.0,10,90.5,0.0,0,292.5,0.0,0.0,0.0,0.0,0.0,2
2023-05-09 21:10:33,y2311-C-7900,y2311-C-7900,292.5,0.0,0.0,0.0,2,91.0,0.0,0,292.5,0.0,0.0,0.0,0.0,0.0,2
2023-05-09 21:10:33,y2311-C-7900,y2311-C-7900,292.5,0.0,0.0,0.0,10,91.5,0.0,0,292.5,0.0,0.0,0.0,0.0,0.0,2
2023-05-09 21:10:35,y2311-C-7900,y2311-C-7900,292.5,0.0,0.0,0.0,2,92.0,0.0,0,292.5,0.0,0.0,0.0,0.0,0.0,2
2023-05-09 21:10:35,y2311-C-7900,y2311-C-7900,292.5,0.0,0.0,0.0,10,92.5,0.0,0,292.5,0.0,0.0,0.0,0.0,0.0,2
2023-05-09 21:10:36,y2311-C-7900,y2311-C-7900,292.5,0.0,0.0,0.0,2,93.0,0.0,0,292.5,0.0,0.0,0.0,0.0,0.0,2
2023-05-09 21:10:36,y2311-C-7900,y2311-C-7900,292.5,0.0,0.0,0.0,10,93.5,0.0,0,292.5,0.0,0.0,0.0,0.0,0.0,2
2023-05-09 21:10:37,y2311-C-7900,y2311-C-7900,292.5,0.0,0.0,0.0,2,94.0,0.0,0,292.5,0.0,0.0,0.0,0.0,0.0,2
2023-05-09 21:10:37,y2311-C-7900,y2311-C-7900,292.5,0.0,0.0,0.0,10,94.5,0.0,0,292.5,0.0,0.0,0.0,0.0,0.0,2
2023-05-09 21:10:39,y2311-C-7900,y2311-C-7900,292.5,0.0,0.0,0.0,2,95.0,0.0,0,292.5,0.0,0.0,0.0,0.0,0.0,2
2023-05-09 21:10:39,y2311-C-7900,y2311-C-7900,292.5,0.0,0.0,0.0,10,95.5,0.0,0,292.5,0.0,0.0,0.0,0.0,0.0,2
2023-05-09 21:10:40,y2311-C-7900,y2311-C-7900,292.5,0.0,0.0,0.0,2,96.0,0.0,0,292.5,0.0,0.0,0.0,0.0,0.0,2
2023-05-09 21:10:40,y2311-C-7900,y2311-C-7900,292.5,0.0,0.0,0.0,10,96.5,0.0,0,292.5,0.0,0.0,0.0,0.0,0.0,2
2023-05-09 21:10:41,y2311-C-7900,y2311-C-7900,292.5,0.0,0.0,0.0,2,97.0,0.0,0,292.5,0.0,0.0,0.0,0.0,0.0,2
2023-05-09 21:10:41,y2311-C-7900,y2311-C-7900,292.5,0.0,0.0,0.0,10,97.5,0.0,0,292.5,0.0,0.0,0.0,0.0,0.0,2
2023-05-09 21:10:43,y2311-C-7900,y2311-C-7900,292.5,0.0,0.0,0.0,2,98.0,0.0,0,292.5,0.0,0.0,0.0,0.0,0.0,2
2023-05-09 21:10:43,y2311-C-7900,y2311-C-7900,292.5,0.0,0.0,0.0,10,98.5,0.0,0,292.5,0.0,0.0,0.0,0.0,0.0,2
2023-05-09 21:10:44,y2311-C-7900,y2311-C-7900,292.5,0.0,0.0,0.0,2,99.0,0.0,0,292.5,0.0,0.0,0.0,0.0,0.0,2
2023-05-09 21:10:44,y2311-C-7900,y2311-C-7900,292.5,0.0,0.0,0.0,10,99.5,0.0,0,292.5,0.0,0.0,0.0,0.0,0.0,2
2023-05-09 21:10:46,y2311-C-7900,y2311-C-7900,292.5,0.0,0.0,0.0,2,100.0,0.0,0,292.5,0.0,0.0,0.0,0.0,0.0,2
2023-05-09 21:10:46,y2311-C-7900,y2311-C-7900,292.5,0.0,0.0,0.0,10,100.5,0.0,0,292.5,0.0,0.0,0.0,0.0,0.0,2
2023-05-09 21:10:47,y2311-C-7900,y2311-C-7900,292.5,0.0,0.0,0.0,2,101.0,0.0,0,292.5,0.0,0.0,0.0,0.0,0.0,2
2023-05-09 21:10:47,y2311-C-7900,y2311-C-7900,292.5,0.0,0.0,0.0,10,101.5,0.0,0,292.5,0.0,0.0,0.0,0.0,0.0,2
2023-05-09 21:10:49,y2311-C-7900,y2311-C-7900,292.5,0.0,0.0,0.0,2,102.0,0.0,0,292.5,0.0,0.0,0.0,0.0,0.0,2
2023-05-09 21:10:49,y2311-C-7900,y2311-C-7900,292.5,0.0,0.0,0.0,10,102.5,0.0,0,292.5,0.0,0.0,0.0,0.0,0.0,2
2023-05-09 21:10:50,y2311-C-7900,y2311-C-7900,292.5,0.0,0.0,0.0,2,103.0,0.0,0,292.5,0.0,0.0,0.0,0.0,0.0,2
2023-05-09 21:10:50,y2311-C-7900,y2311-C-7900,292.5,0.0,0.0,0.0,10,103.5,0.0,0,292.5,0.0,0.0,0.0,0.0,0.0,2
2023-05-09 21:10:52,y2311-C-7900,y2311-C-7900,292.5,0.0,0.0,0.0,2,104.0,0.0,0,292.5,0.0,0.0,0.0,0.0,0.0,2
2023-05-09 21:10:52,y2311-C-7900,y2311-C-7900,292.5,0.0,0.0,0.0,10,104.5,0.0,0,292.5,0.0,0.0,0.0,0.0,0.0,2
2023-05-09 21:10:53,y2311-C-7900,y2311-C-7900,292.5,0.0,0.0,0.0,2,105.0,0.0,0,292.5,0.0,0.0,0.0,0.0,0.0,2
2023-05-09 21:10:53,y2311-C-7900,y2311-C-7900,292.5,0.0,0.0,0.0,10,105.5,0.0,0,292.5,0.0,0.0,0.0,0.0,0.0,2
2023-05-09 21:10:54,y2311-C-7900,y2311-C-7900,292.5,0.0,0.0,0.0,2,106.0,0.0,0,292.5,0.0,0.0,0.0,0.0,0.0,2
2023-05-09 21:10:54,y2311-C-7900,y2311-C-7900,292.5,0.0,0.0,0.0,10,106.5,0.0,0,292.5,0.0,0.0,0.0,0.0,0.0,2
2023-05-09 21:10:56,y2311-C-7900,y2311-C-7900,292.5,0.0,0.0,0.0,2,107.0,0.0,0,292.5,0.0,0.0,0.0,0.0,0.0,2
2023-05-09 21:10:56,y2311-C-7900,y2311-C-7900,292.5,0.0,0.0,0.0,10,107.5,0.0,0,292.5,0.0,0.0,0.0,0.0,0.0,2
2023-05-09 21:10:57,y2311-C-7900,y2311-C-7900,292.5,0.0,0.0,0.0,2,108.0,0.0,0,292.5,0.0,0.0,0.0,0.0,0.0,2
2023-05-09 21:10:57,y2311-C-7900,y2311-C-7900,292.5,0.0,0.0,0.0,10,108.5,0.0,0,292.5,0.0,0.0,0.0,0.0,0.0,2
2023-05-09 21:10:59,y2311-C-7900,y2311-C-7900,292.5,0.0,0.0,0.0,2,109.0,0.0,0,292.5,0.0,0.0,0.0,0.0,0.0,2
2023-05-09 21:10:59,y2311-C-7900,y2311-C-7900,292.5,0.0,0.0,0.0,10,109.5,0.0,0,292.5,0.0,0.0,0.0,0.0,0.0,2
2023-05-09 21:11:00,y2311-C-7900,y2311-C-7900,292.5,0.0,0.0,0.0,2,110.0,0.0,0,292.5,0.0,0.0,0.0,0.0,0.0,2
2023-05-09 21:11:00,y2311-C-7900,y2311-C-7900,292.5,0.0,0.0,0.0,10,110.5,0.0,0,292.5,0.0,0.0,0.0,0.0,0.0,2
2023-05-09 21:11:02,y2311-C-7900,y2311-C-7900,292.5,0.0,0.0,0.0,2,111.0,0.0,0,292.5,0.0,0.0,0.0,0.0,0.0,2
2023-05-09 21:11:02,y2311-C-7900,y2311-C-7900,292.5,0.0,0.0,0.0,10,111.5,0.0,0,292.5,0.0,0.0,0.0,0.0,0.0,2
2023-05-09 21:11:03,y2311-C-7900,y2311-C-7900,292.5,0.0,0.0,0.0,2,112.0,0.0,0,292.5,0.0,0.0,0.0,0.0,0.0,2
2023-05-09 21:11:03,y2311-C-7900,y2311-C-7900,292.5,0.0,0.0,0.0,10,112.5,0.0,0,292.5,0.0,0.0,0.0,0.0,0.0,2
2023-05-09 21:11:05,y2311-C-7900,y2311-C-7900,292.5,0.0,0.0,0.0,2,113.0,0.0,0,292.5,0.0,0.0,0.0,0.0,0.0,2
2023-05-09 21:11:05,y2311-C-7900,y2311-C-7900,292.5,0.0,0.0,0.0,10,113.5,0.0,0,292.5,0.0,0.0,0.0,0.0,0.0,2
2023-05-09 21:11:06,y2311-C-7900,y2311-C-7900,292.5,0.0,0.0,0.0,2,114.0,0.0,0,292.5,0.0,0.0,0.0,0.0,0.0,2
2023-05-09 21:11:06,y2311-C-7900,y2311-C-7900,292.5,0.0,0.0,0.0,10,114.5,0.0,0,292.5,0.0,0.0,0.0,0.0,0.0,2
2023-05-09 21:11:08,y2311-C-7900,y2311-C-7900,292.5,0.0,0.0,0.0,2,115.0,0.0,0,292.5,0.0,0.0,0.0,0.0,0.0,2
2023-05-09 21:11:08,y2311-C-7900,y2311-C-7900,292.5,0.0,0.0,0.0,10,115.5,0.0,0,292.5,0.0,0.0,0.0,0.0,0.0,2
2023-05-09 21:11:09,y2311-C-7900,y2311-C-7900,292.5,0.0,0.0,0.0,2,116.0,0.0,0,292.5,0.0,0.0,0.0,0.0,0.0,2
2023-05-09 21:11:09,y2311-C-7900,y2311-C-7900,292.5,0.0,0.0,0.0,10,116.5,0.0,0,292.5,0.0,0.0,0.0,0.0,0.0,2
2023-05-09 21:11:10,y2311-C-7900,y2311-C-7900,292.5,0.0,0.0,0.0,2,117.0,0.0,0,292.5,0.0,0.0,0.0,0.0,0.0,2
2023-05-09 21:11:10,y2311-C-7900,y2311-C-7900,292.5,0.0,0.0,0.0,10,117.5,0.0,0,292.5,0.0,0.0,0.0,0.0,0.0,2
2023-05-09 21:11:12,y2311-C-7900,y2311-C-7900,292.5,0.0,0.0,0.0,2,118.0,0.0,0,292.5,0.0,0.0,0.0,0.0,0.0,2
2023-05-09 21:11:12,y2311-C-7900,y2311-C-7900,292.5,0.0,0.0,0.0,10,118.5,0.0,0,292.5,0.0,0.0,0.0,0.0,0.0,2
2023-05-09 21:11:13,y2311-C-7900,y2311-C-7900,292.5,0.0,0.0,0.0,2,119.0,0.0,0,292.5,0.0,0.0,0.0,0.0,0.0,2
2023-05-09 21:11:13,y2311-C-7900,y2311-C-7900,292.5,0.0,0.0,0.0,10,119.5,0.0,0,292.5,0.0,0.0,0.0,0.0,0.0,2
2023-05-09 21:11:15,y2311-C-7900,y2311-C-7900,292.5,0.0,0.0,0.0,2,120.0,0.0,0,292.5,0.0,0.0,0.0,0.0,0.0,2
2023-05-09 21:11:15,y2311-C-7900,y2311-C-7900,292.5,0.0,0.0,0.0,10,120.5,0.0,0,292.5,0.0,0.0,0.0,0.0,0.0,2
2023-05-09 21:11:16,y2311-C-7900,y2311-C-7900,292.5,0.0,0.0,0.0,2,121.0,0.0,0,292.5,0.0,0.0,0.0,0.0,0.0,2
2023-05-09 21:11:16,y2311-C-7900,y2311-C-7900,292.5,0.0,0.0,0.0,10,121.5,0.0,0,292.5,0.0,0.0,0.0,0.0,0.0,2
2023-05-09 21:11:18,y2311-C-7900,y2311-C-7900,292.5,0.0,0.0,0.0,2,122.0,0.0,0,292.5,0.0,0.0,0.0,0.0,0.0,2
2023-05-09 21:11:18,y2311-C-7900,y2311-C-7900,292.5,0.0,0.0,0.0,10,122.5,0.0,0,292.5,0.0,0.0,0.0,0.0,0.0,2
2023-05-09 21:11:19,y2311-C-7900,y2311-C-7900,292.5,0.0,0.0,0.0,2,123.0,0.0,0,292.5,0.0,0.0,0.0,0.0,0.0,2
2023-05-09 21:11:19,y2311-C-7900,y2311-C-7900,292.5,0.0,0.0,0.0,10,123.5,0.0,0,292.5,0.0,0.0,0.0,0.0,0.0,2
2023-05-09 21:11:21,y2311-C-7900,y2311-C-7900,292.5,0.0,0.0,0.0,2,124.0,0.0,0,292.5,0.0,0.0,0.0,0.0,0.0,2
2023-05-09 21:11:21,y2311-C-7900,y2311-C-7900,292.5,0.0,0.0,0.0,10,124.5,0.0,0,292.5,0.0,0.0,0.0,0.0,0.0,2
2023-05-09 21:11:22,y2311-C-7900,y2311-C-7900,292.5,0.0,0.0,0.0,2,125.0,0.0,0,292.5,0.0,0.0,0.0,0.0,0.0,2
2023-05-09 21:11:22,y2311-C-7900,y2311-C-7900,292.5,0.0,0.0,0.0,10,125.5,0.0,0,292.5,0.0,0.0,0.0,0.0,0.0,2
2023-05-09 21:11:24,y2311-C-7900,y2311-C-7900,292.5,0.0,0.0,0.0,2,126.0,0.0,0,292.5,0.0,0.0,0.0,0.0,0.0,2
2023-05-09 21:11:24,y2311-C-7900,y2311-C-7900,292.5,0.0,0.0,0.0,10,126.5,0.0,0,292.5,0.0,0.0,0.0,0.0,0.0,2
2023-05-09 21:11:25,y2311-C-7900,y2311-C-7900,292.5,0.0,0.0,0.0,2,127.0,0.0,0,292.5,0.0,0.0,0.0,0.0,0.0,2
2023-05-09 21:11:25,y2311-C-7900,y2311-C-7900,292.5,0.0,0.0,0.0,10,127.5,0.0,0,292.5,0.0,0.0,0.0,0.0,0.0,2
2023-05-09 21:11:27,y2311-C-7900,y2311-C-7900,292.5,0.0,0.0,0.0,2,128.0,0.0,0,292.5,0.0,0.0,0.0,0.0,0.0,2
2023-05-09 21:11:27,y2311-C-7900,y2311-C-7900,292.5,0.0,0.0,0.0,10,128.5,0.0,0,292.5,0.0,0.0,0.0,0.0,0.0,2
2023-05-09 21:11:28,y2311-C-7900,y2311-C-7900,292.5,0.0,0.0,0.0,2,129.0,0.0,0,292.5,0.0,0.0,0.0,0.0,0.0,2
2023-05-09 21:11:28,y2311-C-7900,y2311-C-7900,292.5,0.0,0.0,0.0,10,129.5,0.0,0,292.5,0.0,0.0,0.0,0.0,0.0,2
2023-05-09 21:11:30,y2311-C-7900,y2311-C-7900,292.5,0.0,0.0,0.0,2,130.0,0.0,0,292.5,0.0,0.0,0.0,0.0,0.0,2
2023-05-09 21:11:30,y2311-C-7900,y2311-C-7900,292.5,0.0,0.0,0.0,10,130.5,0.0,0,292.5,0.0,0.0,0.0,0.0,0.0,2
2023-05-09 21:11:31,y2311-C-7900,y2311-C-7900,292.5,0.0,0.0,0.0,2,131.0,0.0,0,292.5,0.0,0.0,0.0,0.0,0.0,2
2023-05-09 21:11:31,y2311-C-7900,y2311-C-7900,292.5,0.0,0.0,0.0,10,131.5,0.0,0,292.5,0.0,0.0,0.0,0.0,0.0,2
2023-05-09 21:11:33,y2311-C-7900,y2311-C-7900,292.5,0.0,0.0,0.0,2,132.0,0.0,0,292.5,0.0,0.0,0.0,0.0,0.0,2
2023-05-09 21:11:33,y2311-C-7900,y2311-C-7900,292.5,0.0,0.0,0.0,10,132.5,0.0,0,292.5,0.0,0.0,0.0,0.0,0.0,2
2023-05-09 21:11:34,y2311-C-7900,y2311-C-7900,292.5,0.0,0.0,0.0,2,133.0,0.0,0,292.5,0.0,0.0,0.0,0.0,0.0,2
2023-05-09 21:11:34,y2311-C-7900,y2311-C-7900,292.5,0.0,0.0,0.0,10,133.5,0.0,0,292.5,0.0,0.0,0.0,0.0,0.0,2
2023-05-09 21:11:36,y2311-C-7900,y2311-C-7900,292.5,0.0,0.0,0.0,2,134.0,0.0,0,292.5,0.0,0.0,0.0,0.0,0.0,2
2023-05-09 21:11:36,y2311-C-7900,y2311-C-7900,292.5,0.0,0.0,0.0,10,134.5,0.0,0,292.5,0.0,0.0,0.0,0.0,0.0,2
2023-05-09 21:11:37,y2311-C-7900,y2311-C-7900,292.5,0.0,0.0,0.0,2,135.0,0.0,0,292.5,0.0,0.0,0.0,0.0,0.0,2
2023-05-09 21:11:37,y2311-C-7900,y2311-C-7900,292.5,0.0,0.0,0.0,10,135.5,0.0,0,292.5,0.0,0.0,0.0,0.0,0.0,2
2023-05-09 21:11:39,y2311-C-7900,y2311-C-7900,292.5,0.0,0.0,0.0,2,136.0,0.0,0,292.5,0.0,0.0,0.0,0.0,0.0,2
2023-05-09 21:11:39,y2311-C-7900,y2311-C-7900,292.5,0.0,0.0,0.0,10,136.5,0.0,0,292.5,0.0,0.0,0.0,0.0,0.0,2
2023-05-09 21:11:40,y2311-C-7900,y2311-C-7900,292.5,0.0,0.0,0.0,2,137.0,0.0,0,292.5,0.0,0.0,0.0,0.0,0.0,2
2023-05-09 21:11:40,y2311-C-7900,y2311-C-7900,292.5,0.0,0.0,0.0,10,137.5,0.0,0,292.5,0.0,0.0,0.0,0.0,0.0,2
2023-05-09 21:11:42,y2311-C-7900,y2311-C-7900,292.5,0.0,0.0,0.0,2,138.0,0.0,0,292.5,0.0,0.0,0.0,0.0,0.0,2
2023-05-09 21:11:42,y2311-C-7900,y2311-C-7900,292.5,0.0,0.0,0.0,10,138.5,0.0,0,292.5,0.0,0.0,0.0,0.0,0.0,2
2023-05-09 21:11:43,y2311-C-7900,y2311-C-7900,292.5,0.0,0.0,0.0,2,139.0,0.0,0,292.5,0.0,0.0,0.0,0.0,0.0,2
2023-05-09 21:11:43,y2311-C-7900,y2311-C-7900,292.5,0.0,0.0,0.0,10,139.5,0.0,0,292.5,0.0,0.0,0.0,0.0,0.0,2
2023-05-09 21:11:45,y2311-C-7900,y2311-C-7900,292.5,0.0,0.0,0.0,2,140.0,0.0,0,292.5,0.0,0.0,0.0,0.0,0.0,2
2023-05-09 21:11:45,y2311-C-7900,y2311-C-7900,292.5,0.0,0.0,0.0,10,140.5,0.0,0,292.5,0.0,0.0,0.0,0.0,0.0,2
2023-05-09 21:11:46,y2311-C-7900,y2311-C-7900,292.5,0.0,0.0,0.0,2,141.0,0.0,0,292.5,0.0,0.0,0.0,0.0,0.0,2
2023-05-09 21:11:46,y2311-C-7900,y2311-C-7900,292.5,0.0,0.0,0.0,10,141.5,0.0,0,292.5,0.0,0.0,0.0,0.0,0.0,2
2023-05-09 21:13:31,y2311-C-7900,y2311-C-7900,292.5,0.0,0.0,0.0,2,142.0,0.0,0,292.5,0.0,0.0,0.0,0.0,0.0,2
2023-05-09 21:13:31,y2311-C-7900,y2311-C-7900,292.5,0.0,0.0,0.0,10,142.5,0.0,0,292.5,0.0,0.0,0.0,0.0,0.0,2
2023-05-09 21:30:16,y2311-C-7900,y2311-C-7900,292.5,0.0,0.0,0.0,10,22.5,0.0,0,292.5,0.0,0.0,0.0,0.0,0.0,2
2023-05-09 21:30:17,y2311-C-7900,y2311-C-7900,292.5,0.0,0.0,0.0,2,23.0,0.0,0,292.5,0.0,0.0,0.0,0.0,0.0,2
2023-05-09 21:30:17,y2311-C-7900,y2311-C-7900,292.5,0.0,0.0,0.0,10,23.5,0.0,0,292.5,0.0,0.0,0.0,0.0,0.0,2
2023-05-09 21:30:18,y2311-C-7900,y2311-C-7900,292.5,0.0,0.0,0.0,2,24.0,0.0,0,292.5,0.0,0.0,0.0,0.0,0.0,2
2023-05-09 21:30:18,y2311-C-7900,y2311-C-7900,292.5,0.0,0.0,0.0,10,24.5,0.0,0,292.5,0.0,0.0,0.0,0.0,0.0,2
2023-05-09 21:30:20,y2311-C-7900,y2311-C-7900,292.5,0.0,0.0,0.0,2,25.0,0.0,0,292.5,0.0,0.0,0.0,0.0,0.0,2
2023-05-09 21:30:20,y2311-C-7900,y2311-C-7900,292.5,0.0,0.0,0.0,10,25.5,0.0,0,292.5,0.0,0.0,0.0,0.0,0.0,2
2023-05-09 21:30:21,y2311-C-7900,y2311-C-7900,292.5,0.0,0.0,0.0,2,26.0,0.0,0,292.5,0.0,0.0,0.0,0.0,0.0,2
2023-05-09 21:30:21,y2311-C-7900,y2311-C-7900,292.5,0.0,0.0,0.0,10,26.5,0.0,0,292.5,0.0,0.0,0.0,0.0,0.0,2
2023-05-09 21:30:23,y2311-C-7900,y2311-C-7900,292.5,0.0,0.0,0.0,2,27.0,0.0,0,292.5,0.0,0.0,0.0,0.0,0.0,2
2023-05-09 21:30:23,y2311-C-7900,y2311-C-7900,292.5,0.0,0.0,0.0,10,27.5,0.0,0,292.5,0.0,0.0,0.0,0.0,0.0,2
2023-05-09 21:30:24,y2311-C-7900,y2311-C-7900,292.5,0.0,0.0,0.0,2,28.0,0.0,0,292.5,0.0,0.0,0.0,0.0,0.0,2
2023-05-09 21:30:24,y2311-C-7900,y2311-C-7900,292.5,0.0,0.0,0.0,10,28.5,0.0,0,292.5,0.0,0.0,0.0,0.0,0.0,2
2023-05-09 21:30:25,y2311-C-7900,y2311-C-7900,292.5,0.0,0.0,0.0,2,29.0,0.0,0,292.5,0.0,0.0,0.0,0.0,0.0,2
2023-05-09 21:30:25,y2311-C-7900,y2311-C-7900,292.5,0.0,0.0,0.0,10,29.5,0.0,0,292.5,0.0,0.0,0.0,0.0,0.0,2
2023-05-09 21:30:26,y2311-C-7900,y2311-C-7900,292.5,0.0,0.0,0.0,2,30.0,0.0,0,292.5,0.0,0.0,0.0,0.0,0.0,2
2023-05-09 21:30:26,y2311-C-7900,y2311-C-7900,292.5,0.0,0.0,0.0,10,30.5,0.0,0,292.5,0.0,0.0,0.0,0.0,0.0,2
2023-05-09 21:30:27,y2311-C-7900,y2311-C-7900,292.5,0.0,0.0,0.0,2,31.0,0.0,0,292.5,0.0,0.0,0.0,0.0,0.0,2
2023-05-09 21:30:27,y2311-C-7900,y2311-C-7900,292.5,0.0,0.0,0.0,10,31.5,0.0,0,292.5,0.0,0.0,0.0,0.0,0.0,2
2023-05-09 21:30:28,y2311-C-7900,y2311-C-7900,292.5,0.0,0.0,0.0,2,32.0,0.0,0,292.5,0.0,0.0,0.0,0.0,0.0,2
2023-05-09 21:30:28,y2311-C-7900,y2311-C-7900,292.5,0.0,0.0,0.0,10,32.5,0.0,0,292.5,0.0,0.0,0.0,0.0,0.0,2
2023-05-09 21:30:29,y2311-C-7900,y2311-C-7900,292.5,0.0,0.0,0.0,2,33.0,0.0,0,292.5,0.0,0.0,0.0,0.0,0.0,2
2023-05-09 21:30:29,y2311-C-7900,y2311-C-7900,292.5,0.0,0.0,0.0,10,33.5,0.0,0,292.5,0.0,0.0,0.0,0.0,0.0,2
2023-05-09 21:30:31,y2311-C-7900,y2311-C-7900,292.5,0.0,0.0,0.0,2,34.0,0.0,0,292.5,0.0,0.0,0.0,0.0,0.0,2
2023-05-09 21:30:31,y2311-C-7900,y2311-C-7900,292.5,0.0,0.0,0.0,10,34.5,0.0,0,292.5,0.0,0.0,0.0,0.0,0.0,2
2023-05-09 21:30:32,y2311-C-7900,y2311-C-7900,292.5,0.0,0.0,0.0,2,35.0,0.0,0,292.5,0.0,0.0,0.0,0.0,0.0,2
2023-05-09 21:30:32,y2311-C-7900,y2311-C-7900,292.5,0.0,0.0,0.0,10,35.5,0.0,0,292.5,0.0,0.0,0.0,0.0,0.0,2
2023-05-09 21:30:34,y2311-C-7900,y2311-C-7900,292.5,0.0,0.0,0.0,2,36.0,0.0,0,292.5,0.0,0.0,0.0,0.0,0.0,2
2023-05-09 21:30:34,y2311-C-7900,y2311-C-7900,292.5,0.0,0.0,0.0,10,36.5,0.0,0,292.5,0.0,0.0,0.0,0.0,0.0,2
2023-05-09 21:30:35,y2311-C-7900,y2311-C-7900,292.5,0.0,0.0,0.0,2,37.0,0.0,0,292.5,0.0,0.0,0.0,0.0,0.0,2
2023-05-09 21:30:35,y2311-C-7900,y2311-C-7900,292.5,0.0,0.0,0.0,10,37.5,0.0,0,292.5,0.0,0.0,0.0,0.0,0.0,2
2023-05-09 21:30:37,y2311-C-7900,y2311-C-7900,292.5,0.0,0.0,0.0,2,38.0,0.0,0,292.5,0.0,0.0,0.0,0.0,0.0,2
2023-05-09 21:30:37,y2311-C-7900,y2311-C-7900,292.5,0.0,0.0,0.0,10,38.5,0.0,0,292.5,0.0,0.0,0.0,0.0,0.0,2
2023-05-09 21:30:38,y2311-C-7900,y2311-C-7900,292.5,0.0,0.0,0.0,2,39.0,0.0,0,292.5,0.0,0.0,0.0,0.0,0.0,2
2023-05-09 21:30:38,y2311-C-7900,y2311-C-7900,292.5,0.0,0.0,0.0,10,39.5,0.0,0,292.5,0.0,0.0,0.0,0.0,0.0,2
2023-05-09 21:30:39,y2311-C-7900,y2311-C-7900,292.5,0.0,0.0,0.0,2,40.0,0.0,0,292.5,0.0,0.0,0.0,0.0,0.0,2
2023-05-09 21:30:39,y2311-C-7900,y2311-C-7900,292.5,0.0,0.0,0.0,10,40.5,0.0,0,292.5,0.0,0.0,0.0,0.0,0.0,2
2023-05-09 21:30:40,y2311-C-7900,y2311-C-7900,292.5,0.0,0.0,0.0,2,41.0,0.0,0,292.5,0.0,0.0,0.0,0.0,0.0,2
2023-05-09 21:30:40,y2311-C-7900,y2311-C-7900,292.5,0.0,0.0,0.0,10,41.5,0.0,0,292.5,0.0,0.0,0.0,0.0,0.0,2
2023-05-09 21:30:41,y2311-C-7900,y2311-C-7900,292.5,0.0,0.0,0.0,2,42.0,0.0,0,292.5,0.0,0.0,0.0,0.0,0.0,2
2023-05-09 21:30:41,y2311-C-7900,y2311-C-7900,292.5,0.0,0.0,0.0,10,42.5,0.0,0,292.5,0.0,0.0,0.0,0.0,0.0,2
2023-05-09 21:30:42,y2311-C-7900,y2311-C-7900,292.5,0.0,0.0,0.0,2,43.0,0.0,0,292.5,0.0,0.0,0.0,0.0,0.0,2
2023-05-09 21:30:42,y2311-C-7900,y2311-C-7900,292.5,0.0,0.0,0.0,10,43.5,0.0,0,292.5,0.0,0.0,0.0,0.0,0.0,2
2023-05-09 21:30:43,y2311-C-7900,y2311-C-7900,292.5,0.0,0.0,0.0,2,44.0,0.0,0,292.5,0.0,0.0,0.0,0.0,0.0,2
2023-05-09 21:30:43,y2311-C-7900,y2311-C-7900,292.5,0.0,0.0,0.0,10,44.5,0.0,0,292.5,0.0,0.0,0.0,0.0,0.0,2
2023-05-09 21:30:44,y2311-C-7900,y2311-C-7900,292.5,0.0,0.0,0.0,2,45.0,0.0,0,292.5,0.0,0.0,0.0,0.0,0.0,2
2023-05-09 21:30:44,y2311-C-7900,y2311-C-7900,292.5,0.0,0.0,0.0,10,45.5,0.0,0,292.5,0.0,0.0,0.0,0.0,0.0,2
2023-05-09 21:30:46,y2311-C-7900,y2311-C-7900,292.5,0.0,0.0,0.0,2,46.0,0.0,0,292.5,0.0,0.0,0.0,0.0,0.0,2
2023-05-09 21:30:46,y2311-C-7900,y2311-C-7900,292.5,0.0,0.0,0.0,10,46.5,0.0,0,292.5,0.0,0.0,0.0,0.0,0.0,2
2023-05-09 21:30:47,y2311-C-7900,y2311-C-7900,292.5,0.0,0.0,0.0,2,47.0,0.0,0,292.5,0.0,0.0,0.0,0.0,0.0,2
2023-05-09 21:30:47,y2311-C-7900,y2311-C-7900,292.5,0.0,0.0,0.0,10,47.5,0.0,0,292.5,0.0,0.0,0.0,0.0,0.0,2
2023-05-09 21:30:48,y2311-C-7900,y2311-C-7900,292.5,0.0,0.0,0.0,2,48.0,0.0,0,292.5,0.0,0.0,0.0,0.0,0.0,2
2023-05-09 21:30:48,y2311-C-7900,y2311-C-7900,292.5,0.0,0.0,0.0,10,48.5,0.0,0,292.5,0.0,0.0,0.0,0.0,0.0,2
2023-05-09 21:30:49,y2311-C-7900,y2311-C-7900,292.5,0.0,0.0,0.0,2,49.0,0.0,0,292.5,0.0,0.0,0.0,0.0,0.0,2
2023-05-09 21:30:49,y2311-C-7900,y2311-C-7900,292.5,0.0,0.0,0.0,10,49.5,0.0,0,292.5,0.0,0.0,0.0,0.0,0.0,2
2023-05-09 21:30:51,y2311-C-7900,y2311-C-7900,292.5,0.0,0.0,0.0,2,50.0,0.0,0,292.5,0.0,0.0,0.0,0.0,0.0,2
2023-05-09 21:30:51,y2311-C-7900,y2311-C-7900,292.5,0.0,0.0,0.0,10,50.5,0.0,0,292.5,0.0,0.0,0.0,0.0,0.0,2
2023-05-09 21:30:52,y2311-C-7900,y2311-C-7900,292.5,0.0,0.0,0.0,2,51.0,0.0,0,292.5,0.0,0.0,0.0,0.0,0.0,2
2023-05-09 21:30:52,y2311-C-7900,y2311-C-7900,292.5,0.0,0.0,0.0,10,51.5,0.0,0,292.5,0.0,0.0,0.0,0.0,0.0,2
2023-05-09 21:30:53,y2311-C-7900,y2311-C-7900,292.5,0.0,0.0,0.0,2,52.0,0.0,0,292.5,0.0,0.0,0.0,0.0,0.0,2
2023-05-09 21:30:53,y2311-C-7900,y2311-C-7900,292.5,0.0,0.0,0.0,10,52.5,0.0,0,292.5,0.0,0.0,0.0,0.0,0.0,2
2023-05-09 21:30:54,y2311-C-7900,y2311-C-7900,292.5,0.0,0.0,0.0,2,53.0,0.0,0,292.5,0.0,0.0,0.0,0.0,0.0,2
2023-05-09 21:30:54,y2311-C-7900,y2311-C-7900,292.5,0.0,0.0,0.0,10,53.5,0.0,0,292.5,0.0,0.0,0.0,0.0,0.0,2
2023-05-09 21:30:55,y2311-C-7900,y2311-C-7900,292.5,0.0,0.0,0.0,2,54.0,0.0,0,292.5,0.0,0.0,0.0,0.0,0.0,2
2023-05-09 21:30:55,y2311-C-7900,y2311-C-7900,292.5,0.0,0.0,0.0,10,54.5,0.0,0,292.5,0.0,0.0,0.0,0.0,0.0,2
2023-05-09 21:30:56,y2311-C-7900,y2311-C-7900,292.5,0.0,0.0,0.0,2,55.0,0.0,0,292.5,0.0,0.0,0.0,0.0,0.0,2
2023-05-09 21:30:56,y2311-C-7900,y2311-C-7900,292.5,0.0,0.0,0.0,10,55.5,0.0,0,292.5,0.0,0.0,0.0,0.0,0.0,2
2023-05-09 21:30:58,y2311-C-7900,y2311-C-7900,292.5,0.0,0.0,0.0,10,56.5,0.0,0,292.5,0.0,0.0,0.0,0.0,0.0,2
2023-05-09 21:30:59,y2311-C-7900,y2311-C-7900,292.5,0.0,0.0,0.0,2,57.0,0.0,0,292.5,0.0,0.0,0.0,0.0,0.0,2
2023-05-09 21:30:59,y2311-C-7900,y2311-C-7900,292.5,0.0,0.0,0.0,10,57.5,0.0,0,292.5,0.0,0.0,0.0,0.0,0.0,2
2023-05-09 21:31:00,y2311-C-7900,y2311-C-7900,292.5,0.0,0.0,0.0,2,58.0,0.0,0,292.5,0.0,0.0,0.0,0.0,0.0,2
2023-05-09 21:31:00,y2311-C-7900,y2311-C-7900,292.5,0.0,0.0,0.0,10,58.5,0.0,0,292.5,0.0,0.0,0.0,0.0,0.0,2
2023-05-09 21:31:02,y2311-C-7900,y2311-C-7900,292.5,0.0,0.0,0.0,2,59.0,0.0,0,292.5,0.0,0.0,0.0,0.0,0.0,2
2023-05-09 21:31:02,y2311-C-7900,y2311-C-7900,292.5,0.0,0.0,0.0,10,59.5,0.0,0,292.5,0.0,0.0,0.0,0.0,0.0,2
2023-05-09 21:31:04,y2311-C-7900,y2311-C-7900,292.5,0.0,0.0,0.0,2,60.0,0.0,0,292.5,0.0,0.0,0.0,0.0,0.0,2
2023-05-09 21:31:04,y2311-C-7900,y2311-C-7900,292.5,0.0,0.0,0.0,10,60.5,0.0,0,292.5,0.0,0.0,0.0,0.0,0.0,2
2023-05-09 21:31:05,y2311-C-7900,y2311-C-7900,292.5,0.0,0.0,0.0,2,61.0,0.0,0,292.5,0.0,0.0,0.0,0.0,0.0,2
2023-05-09 21:31:05,y2311-C-7900,y2311-C-7900,292.5,0.0,0.0,0.0,10,61.5,0.0,0,292.5,0.0,0.0,0.0,0.0,0.0,2
2023-05-09 21:31:06,y2311-C-7900,y2311-C-7900,292.5,0.0,0.0,0.0,2,62.0,0.0,0,292.5,0.0,0.0,0.0,0.0,0.0,2
2023-05-09 21:31:06,y2311-C-7900,y2311-C-7900,292.5,0.0,0.0,0.0,10,62.5,0.0,0,292.5,0.0,0.0,0.0,0.0,0.0,2
2023-05-09 21:31:08,y2311-C-7900,y2311-C-7900,292.5,0.0,0.0,0.0,2,63.0,0.0,0,292.5,0.0,0.0,0.0,0.0,0.0,2
2023-05-09 21:31:08,y2311-C-7900,y2311-C-7900,292.5,0.0,0.0,0.0,10,63.5,0.0,0,292.5,0.0,0.0,0.0,0.0,0.0,2
2023-05-09 21:31:09,y2311-C-7900,y2311-C-7900,292.5,0.0,0.0,0.0,2,64.0,0.0,0,292.5,0.0,0.0,0.0,0.0,0.0,2
2023-05-09 21:31:09,y2311-C-7900,y2311-C-7900,292.5,0.0,0.0,0.0,10,64.5,0.0,0,292.5,0.0,0.0,0.0,0.0,0.0,2
2023-05-09 21:31:10,y2311-C-7900,y2311-C-7900,292.5,0.0,0.0,0.0,2,65.0,0.0,0,292.5,0.0,0.0,0.0,0.0,0.0,2
2023-05-09 21:31:10,y2311-C-7900,y2311-C-7900,292.5,0.0,0.0,0.0,10,65.5,0.0,0,292.5,0.0,0.0,0.0,0.0,0.0,2
2023-05-09 21:31:11,y2311-C-7900,y2311-C-7900,292.5,0.0,0.0,0.0,2,66.0,0.0,0,292.5,0.0,0.0,0.0,0.0,0.0,2
2023-05-09 21:31:11,y2311-C-7900,y2311-C-7900,292.5,0.0,0.0,0.0,10,66.5,0.0,0,292.5,0.0,0.0,0.0,0.0,0.0,2
2023-05-09 21:31:13,y2311-C-7900,y2311-C-7900,292.5,0.0,0.0,0.0,2,67.0,0.0,0,292.5,0.0,0.0,0.0,0.0,0.0,2
2023-05-09 21:31:13,y2311-C-7900,y2311-C-7900,292.5,0.0,0.0,0.0,10,67.5,0.0,0,292.5,0.0,0.0,0.0,0.0,0.0,2
2023-05-09 21:31:14,y2311-C-7900,y2311-C-7900,292.5,0.0,0.0,0.0,2,68.0,0.0,0,292.5,0.0,0.0,0.0,0.0,0.0,2
2023-05-09 21:31:14,y2311-C-7900,y2311-C-7900,292.5,0.0,0.0,0.0,10,68.5,0.0,0,292.5,0.0,0.0,0.0,0.0,0.0,2
2023-05-09 21:31:16,y2311-C-7900,y2311-C-7900,292.5,0.0,0.0,0.0,2,69.0,0.0,0,292.5,0.0,0.0,0.0,0.0,0.0,2
2023-05-09 21:31:16,y2311-C-7900,y2311-C-7900,292.5,0.0,0.0,0.0,10,69.5,0.0,0,292.5,0.0,0.0,0.0,0.0,0.0,2
2023-05-09 21:31:17,y2311-C-7900,y2311-C-7900,292.5,0.0,0.0,0.0,2,70.0,0.0,0,292.5,0.0,0.0,0.0,0.0,0.0,2
2023-05-09 21:31:17,y2311-C-7900,y2311-C-7900,292.5,0.0,0.0,0.0,10,70.5,0.0,0,292.5,0.0,0.0,0.0,0.0,0.0,2
2023-05-09 21:31:19,y2311-C-7900,y2311-C-7900,292.5,0.0,0.0,0.0,2,71.0,0.0,0,292.5,0.0,0.0,0.0,0.0,0.0,2
2023-05-09 21:31:19,y2311-C-7900,y2311-C-7900,292.5,0.0,0.0,0.0,10,71.5,0.0,0,292.5,0.0,0.0,0.0,0.0,0.0,2
2023-05-09 21:31:21,y2311-C-7900,y2311-C-7900,292.5,0.0,0.0,0.0,2,72.0,0.0,0,292.5,0.0,0.0,0.0,0.0,0.0,2
2023-05-09 21:31:21,y2311-C-7900,y2311-C-7900,292.5,0.0,0.0,0.0,10,72.5,0.0,0,292.5,0.0,0.0,0.0,0.0,0.0,2
2023-05-09 21:31:22,y2311-C-7900,y2311-C-7900,292.5,0.0,0.0,0.0,2,73.0,0.0,0,292.5,0.0,0.0,0.0,0.0,0.0,2
2023-05-09 21:31:22,y2311-C-7900,y2311-C-7900,292.5,0.0,0.0,0.0,10,73.5,0.0,0,292.5,0.0,0.0,0.0,0.0,0.0,2
2023-05-09 21:31:24,y2311-C-7900,y2311-C-7900,292.5,0.0,0.0,0.0,2,74.0,0.0,0,292.5,0.0,0.0,0.0,0.0,0.0,2
2023-05-09 21:31:24,y2311-C-7900,y2311-C-7900,292.5,0.0,0.0,0.0,10,74.5,0.0,0,292.5,0.0,0.0,0.0,0.0,0.0,2
2023-05-09 21:31:26,y2311-C-7900,y2311-C-7900,292.5,0.0,0.0,0.0,2,75.0,0.0,0,292.5,0.0,0.0,0.0,0.0,0.0,2
2023-05-09 21:31:26,y2311-C-7900,y2311-C-7900,292.5,0.0,0.0,0.0,10,75.5,0.0,0,292.5,0.0,0.0,0.0,0.0,0.0,2
2023-05-09 21:31:27,y2311-C-7900,y2311-C-7900,292.5,0.0,0.0,0.0,2,76.0,0.0,0,292.5,0.0,0.0,0.0,0.0,0.0,2
2023-05-09 21:31:27,y2311-C-7900,y2311-C-7900,292.5,0.0,0.0,0.0,10,76.5,0.0,0,292.5,0.0,0.0,0.0,0.0,0.0,2
2023-05-09 21:31:29,y2311-C-7900,y2311-C-7900,292.5,0.0,0.0,0.0,2,77.0,0.0,0,292.5,0.0,0.0,0.0,0.0,0.0,2
2023-05-09 21:31:29,y2311-C-7900,y2311-C-7900,292.5,0.0,0.0,0.0,10,77.5,0.0,0,292.5,0.0,0.0,0.0,0.0,0.0,2
2023-05-09 21:31:30,y2311-C-7900,y2311-C-7900,292.5,0.0,0.0,0.0,2,78.0,0.0,0,292.5,0.0,0.0,0.0,0.0,0.0,2
2023-05-09 21:31:30,y2311-C-7900,y2311-C-7900,292.5,0.0,0.0,0.0,10,78.5,0.0,0,292.5,0.0,0.0,0.0,0.0,0.0,2
2023-05-09 21:31:32,y2311-C-7900,y2311-C-7900,292.5,0.0,0.0,0.0,2,79.0,0.0,0,292.5,0.0,0.0,0.0,0.0,0.0,2
2023-05-09 21:31:32,y2311-C-7900,y2311-C-7900,292.5,0.0,0.0,0.0,10,79.5,0.0,0,292.5,0.0,0.0,0.0,0.0,0.0,2
2023-05-09 21:31:33,y2311-C-7900,y2311-C-7900,292.5,0.0,0.0,0.0,2,80.0,0.0,0,292.5,0.0,0.0,0.0,0.0,0.0,2
2023-05-09 21:31:33,y2311-C-7900,y2311-C-7900,292.5,0.0,0.0,0.0,10,80.5,0.0,0,292.5,0.0,0.0,0.0,0.0,0.0,2
2023-05-09 21:31:35,y2311-C-7900,y2311-C-7900,292.5,0.0,0.0,0.0,2,81.0,0.0,0,292.5,0.0,0.0,0.0,0.0,0.0,2
2023-05-09 21:31:35,y2311-C-7900,y2311-C-7900,292.5,0.0,0.0,0.0,10,81.5,0.0,0,292.5,0.0,0.0,0.0,0.0,0.0,2
2023-05-09 21:31:36,y2311-C-7900,y2311-C-7900,292.5,0.0,0.0,0.0,2,82.0,0.0,0,292.5,0.0,0.0,0.0,0.0,0.0,2
2023-05-09 21:31:36,y2311-C-7900,y2311-C-7900,292.5,0.0,0.0,0.0,10,82.5,0.0,0,292.5,0.0,0.0,0.0,0.0,0.0,2
2023-05-09 21:31:38,y2311-C-7900,y2311-C-7900,292.5,0.0,0.0,0.0,2,83.0,0.0,0,292.5,0.0,0.0,0.0,0.0,0.0,2
2023-05-09 21:31:38,y2311-C-7900,y2311-C-7900,292.5,0.0,0.0,0.0,10,83.5,0.0,0,292.5,0.0,0.0,0.0,0.0,0.0,2
2023-05-09 21:31:39,y2311-C-7900,y2311-C-7900,292.5,0.0,0.0,0.0,2,84.0,0.0,0,292.5,0.0,0.0,0.0,0.0,0.0,2
2023-05-09 21:31:39,y2311-C-7900,y2311-C-7900,292.5,0.0,0.0,0.0,10,84.5,0.0,0,292.5,0.0,0.0,0.0,0.0,0.0,2
2023-05-09 21:31:40,y2311-C-7900,y2311-C-7900,292.5,0.0,0.0,0.0,2,85.0,0.0,0,292.5,0.0,0.0,0.0,0.0,0.0,2
2023-05-09 21:31:40,y2311-C-7900,y2311-C-7900,292.5,0.0,0.0,0.0,10,85.5,0.0,0,292.5,0.0,0.0,0.0,0.0,0.0,2
2023-05-09 21:31:41,y2311-C-7900,y2311-C-7900,292.5,0.0,0.0,0.0,2,86.0,0.0,0,292.5,0.0,0.0,0.0,0.0,0.0,2
2023-05-09 21:31:41,y2311-C-7900,y2311-C-7900,292.5,0.0,0.0,0.0,10,86.5,0.0,0,292.5,0.0,0.0,0.0,0.0,0.0,2
2023-05-09 21:31:42,y2311-C-7900,y2311-C-7900,292.5,0.0,0.0,0.0,2,87.0,0.0,0,292.5,0.0,0.0,0.0,0.0,0.0,2
2023-05-09 21:31:42,y2311-C-7900,y2311-C-7900,292.5,0.0,0.0,0.0,10,87.5,0.0,0,292.5,0.0,0.0,0.0,0.0,0.0,2
2023-05-09 21:31:43,y2311-C-7900,y2311-C-7900,292.5,0.0,0.0,0.0,2,88.0,0.0,0,292.5,0.0,0.0,0.0,0.0,0.0,2
2023-05-09 21:31:43,y2311-C-7900,y2311-C-7900,292.5,0.0,0.0,0.0,10,88.5,0.0,0,292.5,0.0,0.0,0.0,0.0,0.0,2
2023-05-09 21:31:44,y2311-C-7900,y2311-C-7900,292.5,0.0,0.0,0.0,2,89.0,0.0,0,292.5,0.0,0.0,0.0,0.0,0.0,2
2023-05-09 21:31:44,y2311-C-7900,y2311-C-7900,292.5,0.0,0.0,0.0,10,89.5,0.0,0,292.5,0.0,0.0,0.0,0.0,0.0,2
2023-05-09 21:31:45,y2311-C-7900,y2311-C-7900,292.5,0.0,0.0,0.0,2,90.0,0.0,0,292.5,0.0,0.0,0.0,0.0,0.0,2
2023-05-09 21:31:45,y2311-C-7900,y2311-C-7900,292.5,0.0,0.0,0.0,10,90.5,0.0,0,292.5,0.0,0.0,0.0,0.0,0.0,2
2023-05-09 21:31:46,y2311-C-7900,y2311-C-7900,292.5,0.0,0.0,0.0,2,91.0,0.0,0,292.5,0.0,0.0,0.0,0.0,0.0,2
2023-05-09 21:31:46,y2311-C-7900,y2311-C-7900,292.5,0.0,0.0,0.0,10,91.5,0.0,0,292.5,0.0,0.0,0.0,0.0,0.0,2
2023-05-09 21:31:47,y2311-C-7900,y2311-C-7900,292.5,0.0,0.0,0.0,2,92.0,0.0,0,292.5,0.0,0.0,0.0,0.0,0.0,2
2023-05-09 21:31:47,y2311-C-7900,y2311-C-7900,292.5,0.0,0.0,0.0,10,92.5,0.0,0,292.5,0.0,0.0,0.0,0.0,0.0,2
2023-05-09 21:31:48,y2311-C-7900,y2311-C-7900,292.5,0.0,0.0,0.0,2,93.0,0.0,0,292.5,0.0,0.0,0.0,0.0,0.0,2
2023-05-09 21:31:48,y2311-C-7900,y2311-C-7900,292.5,0.0,0.0,0.0,10,93.5,0.0,0,292.5,0.0,0.0,0.0,0.0,0.0,2
2023-05-09 21:31:50,y2311-C-7900,y2311-C-7900,292.5,0.0,0.0,0.0,2,94.0,0.0,0,292.5,0.0,0.0,0.0,0.0,0.0,2
2023-05-09 21:31:50,y2311-C-7900,y2311-C-7900,292.5,0.0,0.0,0.0,10,94.5,0.0,0,292.5,0.0,0.0,0.0,0.0,0.0,2
2023-05-09 21:31:51,y2311-C-7900,y2311-C-7900,292.5,0.0,0.0,0.0,2,95.0,0.0,0,292.5,0.0,0.0,0.0,0.0,0.0,2
2023-05-09 21:31:51,y2311-C-7900,y2311-C-7900,292.5,0.0,0.0,0.0,10,95.5,0.0,0,292.5,0.0,0.0,0.0,0.0,0.0,2
2023-05-09 21:31:53,y2311-C-7900,y2311-C-7900,292.5,0.0,0.0,0.0,2,96.0,0.0,0,292.5,0.0,0.0,0.0,0.0,0.0,2
2023-05-09 21:31:53,y2311-C-7900,y2311-C-7900,292.5,0.0,0.0,0.0,10,96.5,0.0,0,292.5,0.0,0.0,0.0,0.0,0.0,2
2023-05-09 21:31:58,y2311-C-7900,y2311-C-7900,292.5,0.0,0.0,0.0,2,97.0,0.0,0,292.5,0.0,0.0,0.0,0.0,0.0,2
2023-05-09 21:31:58,y2311-C-7900,y2311-C-7900,292.5,0.0,0.0,0.0,10,97.5,0.0,0,292.5,0.0,0.0,0.0,0.0,0.0,2
2023-05-09 21:31:59,y2311-C-7900,y2311-C-7900,292.5,0.0,0.0,0.0,2,98.0,0.0,0,292.5,0.0,0.0,0.0,0.0,0.0,2
2023-05-09 21:31:59,y2311-C-7900,y2311-C-7900,292.5,0.0,0.0,0.0,10,98.5,0.0,0,292.5,0.0,0.0,0.0,0.0,0.0,2
2023-05-09 21:32:01,y2311-C-7900,y2311-C-7900,292.5,0.0,0.0,0.0,2,99.0,0.0,0,292.5,0.0,0.0,0.0,0.0,0.0,2
2023-05-09 21:32:01,y2311-C-7900,y2311-C-7900,292.5,0.0,0.0,0.0,10,99.5,0.0,0,292.5,0.0,0.0,0.0,0.0,0.0,2
2023-05-09 21:32:02,y2311-C-7900,y2311-C-7900,292.5,0.0,0.0,0.0,10,100.5,0.0,0,292.5,0.0,0.0,0.0,0.0,0.0,2
2023-05-09 21:32:03,y2311-C-7900,y2311-C-7900,292.5,0.0,0.0,0.0,2,101.0,0.0,0,292.5,0.0,0.0,0.0,0.0,0.0,2
2023-05-09 21:32:03,y2311-C-7900,y2311-C-7900,292.5,0.0,0.0,0.0,10,101.5,0.0,0,292.5,0.0,0.0,0.0,0.0,0.0,2
2023-05-09 21:32:04,y2311-C-7900,y2311-C-7900,292.5,0.0,0.0,0.0,2,102.0,0.0,0,292.5,0.0,0.0,0.0,0.0,0.0,2
2023-05-09 21:32:04,y2311-C-7900,y2311-C-7900,292.5,0.0,0.0,0.0,10,102.5,0.0,0,292.5,0.0,0.0,0.0,0.0,0.0,2
2023-05-09 21:32:05,y2311-C-7900,y2311-C-7900,292.5,0.0,0.0,0.0,2,103.0,0.0,0,292.5,0.0,0.0,0.0,0.0,0.0,2
2023-05-09 21:32:05,y2311-C-7900,y2311-C-7900,292.5,0.0,0.0,0.0,10,103.5,0.0,0,292.5,0.0,0.0,0.0,0.0,0.0,2
2023-05-09 21:32:06,y2311-C-7900,y2311-C-7900,292.5,0.0,0.0,0.0,2,104.0,0.0,0,292.5,0.0,0.0,0.0,0.0,0.0,2
2023-05-09 21:32:06,y2311-C-7900,y2311-C-7900,292.5,0.0,0.0,0.0,10,104.5,0.0,0,292.5,0.0,0.0,0.0,0.0,0.0,2
2023-05-09 21:32:08,y2311-C-7900,y2311-C-7900,292.5,0.0,0.0,0.0,2,105.0,0.0,0,292.5,0.0,0.0,0.0,0.0,0.0,2
2023-05-09 21:32:08,y2311-C-7900,y2311-C-7900,292.5,0.0,0.0,0.0,10,105.5,0.0,0,292.5,0.0,0.0,0.0,0.0,0.0,2
2023-05-09 21:32:09,y2311-C-7900,y2311-C-7900,292.5,0.0,0.0,0.0,2,106.0,0.0,0,292.5,0.0,0.0,0.0,0.0,0.0,2
2023-05-09 21:32:09,y2311-C-7900,y2311-C-7900,292.5,0.0,0.0,0.0,10,106.5,0.0,0,292.5,0.0,0.0,0.0,0.0,0.0,2
2023-05-09 21:32:10,y2311-C-7900,y2311-C-7900,292.5,0.0,0.0,0.0,2,107.0,0.0,0,292.5,0.0,0.0,0.0,0.0,0.0,2
2023-05-09 21:32:10,y2311-C-7900,y2311-C-7900,292.5,0.0,0.0,0.0,10,107.5,0.0,0,292.5,0.0,0.0,0.0,0.0,0.0,2
2023-05-09 21:32:11,y2311-C-7900,y2311-C-7900,292.5,0.0,0.0,0.0,2,108.0,0.0,0,292.5,0.0,0.0,0.0,0.0,0.0,2
2023-05-09 21:32:11,y2311-C-7900,y2311-C-7900,292.5,0.0,0.0,0.0,10,108.5,0.0,0,292.5,0.0,0.0,0.0,0.0,0.0,2
2023-05-09 21:32:13,y2311-C-7900,y2311-C-7900,292.5,0.0,0.0,0.0,2,109.0,0.0,0,292.5,0.0,0.0,0.0,0.0,0.0,2
2023-05-09 21:32:13,y2311-C-7900,y2311-C-7900,292.5,0.0,0.0,0.0,10,109.5,0.0,0,292.5,0.0,0.0,0.0,0.0,0.0,2
2023-05-09 21:32:15,y2311-C-7900,y2311-C-7900,292.5,0.0,0.0,0.0,2,110.0,0.0,0,292.5,0.0,0.0,0.0,0.0,0.0,2
2023-05-09 21:32:15,y2311-C-7900,y2311-C-7900,292.5,0.0,0.0,0.0,10,110.5,0.0,0,292.5,0.0,0.0,0.0,0.0,0.0,2
2023-05-09 21:32:16,y2311-C-7900,y2311-C-7900,292.5,0.0,0.0,0.0,2,111.0,0.0,0,292.5,0.0,0.0,0.0,0.0,0.0,2
2023-05-09 21:32:16,y2311-C-7900,y2311-C-7900,292.5,0.0,0.0,0.0,10,111.5,0.0,0,292.5,0.0,0.0,0.0,0.0,0.0,2
2023-05-09 21:32:18,y2311-C-7900,y2311-C-7900,292.5,0.0,0.0,0.0,2,112.0,0.0,0,292.5,0.0,0.0,0.0,0.0,0.0,2
2023-05-09 21:32:18,y2311-C-7900,y2311-C-7900,292.5,0.0,0.0,0.0,10,112.5,0.0,0,292.5,0.0,0.0,0.0,0.0,0.0,2
2023-05-09 21:32:19,y2311-C-7900,y2311-C-7900,292.5,0.0,0.0,0.0,2,113.0,0.0,0,292.5,0.0,0.0,0.0,0.0,0.0,2
2023-05-09 21:32:19,y2311-C-7900,y2311-C-7900,292.5,0.0,0.0,0.0,10,113.5,0.0,0,292.5,0.0,0.0,0.0,0.0,0.0,2
2023-05-09 21:32:21,y2311-C-7900,y2311-C-7900,292.5,0.0,0.0,0.0,2,114.0,0.0,0,292.5,0.0,0.0,0.0,0.0,0.0,2
2023-05-09 21:32:21,y2311-C-7900,y2311-C-7900,292.5,0.0,0.0,0.0,10,114.5,0.0,0,292.5,0.0,0.0,0.0,0.0,0.0,2
2023-05-09 21:32:24,y2311-C-7900,y2311-C-7900,292.5,0.0,0.0,0.0,2,115.0,0.0,0,292.5,0.0,0.0,0.0,0.0,0.0,2
2023-05-09 21:32:24,y2311-C-7900,y2311-C-7900,292.5,0.0,0.0,0.0,10,115.5,0.0,0,292.5,0.0,0.0,0.0,0.0,0.0,2
2023-05-09 21:32:26,y2311-C-7900,y2311-C-7900,292.5,0.0,0.0,0.0,2,116.0,0.0,0,292.5,0.0,0.0,0.0,0.0,0.0,2
2023-05-09 21:32:26,y2311-C-7900,y2311-C-7900,292.5,0.0,0.0,0.0,10,116.5,0.0,0,292.5,0.0,0.0,0.0,0.0,0.0,2
2023-05-09 21:32:27,y2311-C-7900,y2311-C-7900,292.5,0.0,0.0,0.0,2,117.0,0.0,0,292.5,0.0,0.0,0.0,0.0,0.0,2
2023-05-09 21:32:27,y2311-C-7900,y2311-C-7900,292.5,0.0,0.0,0.0,10,117.5,0.0,0,292.5,0.0,0.0,0.0,0.0,0.0,2
2023-05-09 21:32:33,y2311-C-7900,y2311-C-7900,292.5,0.0,0.0,0.0,2,118.0,0.0,0,292.5,0.0,0.0,0.0,0.0,0.0,2
2023-05-09 21:32:33,y2311-C-7900,y2311-C-7900,292.5,0.0,0.0,0.0,10,118.5,0.0,0,292.5,0.0,0.0,0.0,0.0,0.0,2
2023-05-09 21:32:35,y2311-C-7900,y2311-C-7900,292.5,0.0,0.0,0.0,2,119.0,0.0,0,292.5,0.0,0.0,0.0,0.0,0.0,2
2023-05-09 21:32:35,y2311-C-7900,y2311-C-7900,292.5,0.0,0.0,0.0,10,119.5,0.0,0,292.5,0.0,0.0,0.0,0.0,0.0,2
2023-05-09 21:32:50,y2311-C-7900,y2311-C-7900,292.5,0.0,0.0,0.0,2,120.0,0.0,0,292.5,0.0,0.0,0.0,0.0,0.0,2
2023-05-09 21:32:50,y2311-C-7900,y2311-C-7900,292.5,0.0,0.0,0.0,10,120.5,0.0,0,292.5,0.0,0.0,0.0,0.0,0.0,2
2023-05-09 21:32:51,y2311-C-7900,y2311-C-7900,292.5,0.0,0.0,0.0,2,121.0,0.0,0,292.5,0.0,0.0,0.0,0.0,0.0,2
2023-05-09 21:32:51,y2311-C-7900,y2311-C-7900,292.5,0.0,0.0,0.0,10,121.5,0.0,0,292.5,0.0,0.0,0.0,0.0,0.0,2
2023-05-09 21:32:52,y2311-C-7900,y2311-C-7900,292.5,0.0,0.0,0.0,2,122.0,0.0,0,292.5,0.0,0.0,0.0,0.0,0.0,2
2023-05-09 21:32:52,y2311-C-7900,y2311-C-7900,292.5,0.0,0.0,0.0,10,122.5,0.0,0,292.5,0.0,0.0,0.0,0.0,0.0,2
2023-05-09 21:32:53,y2311-C-7900,y2311-C-7900,292.5,0.0,0.0,0.0,2,123.0,0.0,0,292.5,0.0,0.0,0.0,0.0,0.0,2
2023-05-09 21:32:53,y2311-C-7900,y2311-C-7900,292.5,0.0,0.0,0.0,10,123.5,0.0,0,292.5,0.0,0.0,0.0,0.0,0.0,2
2023-05-09 21:32:54,y2311-C-7900,y2311-C-7900,292.5,0.0,0.0,0.0,2,124.0,0.0,0,292.5,0.0,0.0,0.0,0.0,0.0,2
2023-05-09 21:32:54,y2311-C-7900,y2311-C-7900,292.5,0.0,0.0,0.0,10,124.5,0.0,0,292.5,0.0,0.0,0.0,0.0,0.0,2
2023-05-09 21:32:56,y2311-C-7900,y2311-C-7900,292.5,0.0,0.0,0.0,2,125.0,0.0,0,292.5,0.0,0.0,0.0,0.0,0.0,2
2023-05-09 21:32:56,y2311-C-7900,y2311-C-7900,292.5,0.0,0.0,0.0,10,125.5,0.0,0,292.5,0.0,0.0,0.0,0.0,0.0,2
2023-05-09 21:32:57,y2311-C-7900,y2311-C-7900,292.5,0.0,0.0,0.0,2,126.0,0.0,0,292.5,0.0,0.0,0.0,0.0,0.0,2
2023-05-09 21:32:57,y2311-C-7900,y2311-C-7900,292.5,0.0,0.0,0.0,10,126.5,0.0,0,292.5,0.0,0.0,0.0,0.0,0.0,2
2023-05-09 21:32:58,y2311-C-7900,y2311-C-7900,292.5,0.0,0.0,0.0,2,127.0,0.0,0,292.5,0.0,0.0,0.0,0.0,0.0,2
2023-05-09 21:32:58,y2311-C-7900,y2311-C-7900,292.5,0.0,0.0,0.0,10,127.5,0.0,0,292.5,0.0,0.0,0.0,0.0,0.0,2
2023-05-09 21:32:59,y2311-C-7900,y2311-C-7900,292.5,0.0,0.0,0.0,2,128.0,0.0,0,292.5,0.0,0.0,0.0,0.0,0.0,2
2023-05-09 21:32:59,y2311-C-7900,y2311-C-7900,292.5,0.0,0.0,0.0,10,128.5,0.0,0,292.5,0.0,0.0,0.0,0.0,0.0,2
2023-05-09 21:33:00,y2311-C-7900,y2311-C-7900,292.5,0.0,0.0,0.0,2,129.0,0.0,0,292.5,0.0,0.0,0.0,0.0,0.0,2
2023-05-09 21:33:00,y2311-C-7900,y2311-C-7900,292.5,0.0,0.0,0.0,10,129.5,0.0,0,292.5,0.0,0.0,0.0,0.0,0.0,2
2023-05-09 21:33:01,y2311-C-7900,y2311-C-7900,292.5,0.0,0.0,0.0,2,130.0,0.0,0,292.5,0.0,0.0,0.0,0.0,0.0,2
2023-05-09 21:33:01,y2311-C-7900,y2311-C-7900,292.5,0.0,0.0,0.0,10,130.5,0.0,0,292.5,0.0,0.0,0.0,0.0,0.0,2
2023-05-09 21:33:02,y2311-C-7900,y2311-C-7900,292.5,0.0,0.0,0.0,2,131.0,0.0,0,292.5,0.0,0.0,0.0,0.0,0.0,2
2023-05-09 21:33:02,y2311-C-7900,y2311-C-7900,292.5,0.0,0.0,0.0,10,131.5,0.0,0,292.5,0.0,0.0,0.0,0.0,0.0,2
2023-05-09 21:33:12,y2311-C-7900,y2311-C-7900,292.5,0.0,0.0,0.0,2,132.0,0.0,0,292.5,0.0,0.0,0.0,0.0,0.0,2
2023-05-09 21:33:12,y2311-C-7900,y2311-C-7900,292.5,0.0,0.0,0.0,10,132.5,0.0,0,292.5,0.0,0.0,0.0,0.0,0.0,2
2023-05-09 21:33:25,y2311-C-7900,y2311-C-7900,292.5,0.0,0.0,0.0,2,133.0,0.0,0,292.5,0.0,0.0,0.0,0.0,0.0,2
2023-05-09 21:33:25,y2311-C-7900,y2311-C-7900,292.5,0.0,0.0,0.0,10,133.5,0.0,0,292.5,0.0,0.0,0.0,0.0,0.0,2
2023-05-09 21:33:26,y2311-C-7900,y2311-C-7900,292.5,0.0,0.0,0.0,2,134.0,0.0,0,292.5,0.0,0.0,0.0,0.0,0.0,2
2023-05-09 21:33:26,y2311-C-7900,y2311-C-7900,292.5,0.0,0.0,0.0,10,134.5,0.0,0,292.5,0.0,0.0,0.0,0.0,0.0,2
2023-05-09 21:33:27,y2311-C-7900,y2311-C-7900,292.5,0.0,0.0,0.0,2,135.0,0.0,0,292.5,0.0,0.0,0.0,0.0,0.0,2
2023-05-09 21:33:27,y2311-C-7900,y2311-C-7900,292.5,0.0,0.0,0.0,10,135.5,0.0,0,292.5,0.0,0.0,0.0,0.0,0.0,2
2023-05-09 21:33:28,y2311-C-7900,y2311-C-7900,292.5,0.0,0.0,0.0,2,136.0,0.0,0,292.5,0.0,0.0,0.0,0.0,0.0,2
2023-05-09 21:33:28,y2311-C-7900,y2311-C-7900,292.5,0.0,0.0,0.0,10,136.5,0.0,0,292.5,0.0,0.0,0.0,0.0,0.0,2
2023-05-09 21:33:29,y2311-C-7900,y2311-C-7900,292.5,0.0,0.0,0.0,2,137.0,0.0,0,292.5,0.0,0.0,0.0,0.0,0.0,2
2023-05-09 21:33:29,y2311-C-7900,y2311-C-7900,292.5,0.0,0.0,0.0,10,137.5,0.0,0,292.5,0.0,0.0,0.0,0.0,0.0,2
2023-05-09 21:33:31,y2311-C-7900,y2311-C-7900,292.5,0.0,0.0,0.0,2,138.0,0.0,0,292.5,0.0,0.0,0.0,0.0,0.0,2
2023-05-09 21:33:31,y2311-C-7900,y2311-C-7900,292.5,0.0,0.0,0.0,10,138.5,0.0,0,292.5,0.0,0.0,0.0,0.0,0.0,2
2023-05-09 21:33:32,y2311-C-7900,y2311-C-7900,292.5,0.0,0.0,0.0,2,139.0,0.0,0,292.5,0.0,0.0,0.0,0.0,0.0,2
2023-05-09 21:33:32,y2311-C-7900,y2311-C-7900,292.5,0.0,0.0,0.0,12,139.0,0.0,0,292.5,0.0,0.0,0.0,0.0,0.0,2
2023-05-09 21:34:11,y2311-C-7900,y2311-C-7900,292.5,0.0,0.0,0.0,2,139.0,0.0,0,292.5,0.0,0.0,0.0,0.0,0.0,2
2023-05-09 21:34:25,y2311-C-7900,y2311-C-7900,292.5,0.0,0.0,0.0,12,139.0,0.0,0,292.5,0.0,0.0,0.0,0.0,0.0,2
2023-05-09 21:34:26,y2311-C-7900,y2311-C-7900,292.5,0.0,0.0,0.0,2,139.0,0.0,0,292.5,0.0,0.0,0.0,0.0,0.0,2
2023-05-09 21:35:38,y2311-C-7900,y2311-C-7900,292.5,0.0,0.0,0.0,10,22.5,0.0,0,292.5,0.0,0.0,0.0,0.0,0.0,2
2023-05-09 21:35:38,y2311-C-7900,y2311-C-7900,292.5,0.0,0.0,0.0,3,23.0,0.0,0,292.5,0.0,0.0,0.0,0.0,0.0,2
2023-05-09 21:35:38,y2311-C-7900,y2311-C-7900,292.5,0.0,0.0,0.0,10,23.5,0.0,0,292.5,0.0,0.0,0.0,0.0,0.0,2
2023-05-09 21:35:40,y2311-C-7900,y2311-C-7900,292.5,0.0,0.0,0.0,2,24.0,0.0,0,292.5,0.0,0.0,0.0,0.0,0.0,2
2023-05-09 21:35:40,y2311-C-7900,y2311-C-7900,292.5,0.0,0.0,0.0,10,24.5,0.0,0,292.5,0.0,0.0,0.0,0.0,0.0,2
2023-05-09 21:35:41,y2311-C-7900,y2311-C-7900,292.5,0.0,0.0,0.0,2,25.0,0.0,0,292.5,0.0,0.0,0.0,0.0,0.0,2
2023-05-09 21:35:41,y2311-C-7900,y2311-C-7900,292.5,0.0,0.0,0.0,10,25.5,0.0,0,292.5,0.0,0.0,0.0,0.0,0.0,2
2023-05-09 21:35:42,y2311-C-7900,y2311-C-7900,292.5,0.0,0.0,0.0,2,26.0,0.0,0,292.5,0.0,0.0,0.0,0.0,0.0,2
2023-05-09 21:35:42,y2311-C-7900,y2311-C-7900,292.5,0.0,0.0,0.0,10,26.5,0.0,0,292.5,0.0,0.0,0.0,0.0,0.0,2
2023-05-09 21:35:43,y2311-C-7900,y2311-C-7900,292.5,0.0,0.0,0.0,2,27.0,0.0,0,292.5,0.0,0.0,0.0,0.0,0.0,2
2023-05-09 21:35:43,y2311-C-7900,y2311-C-7900,292.5,0.0,0.0,0.0,10,27.5,0.0,0,292.5,0.0,0.0,0.0,0.0,0.0,2
2023-05-09 21:35:45,y2311-C-7900,y2311-C-7900,292.5,0.0,0.0,0.0,2,28.0,0.0,0,292.5,0.0,0.0,0.0,0.0,0.0,2
2023-05-09 21:35:45,y2311-C-7900,y2311-C-7900,292.5,0.0,0.0,0.0,10,28.5,0.0,0,292.5,0.0,0.0,0.0,0.0,0.0,2
2023-05-09 21:35:46,y2311-C-7900,y2311-C-7900,292.5,0.0,0.0,0.0,2,29.0,0.0,0,292.5,0.0,0.0,0.0,0.0,0.0,2
2023-05-09 21:35:46,y2311-C-7900,y2311-C-7900,292.5,0.0,0.0,0.0,10,29.5,0.0,0,292.5,0.0,0.0,0.0,0.0,0.0,2
2023-05-09 21:35:48,y2311-C-7900,y2311-C-7900,292.5,0.0,0.0,0.0,2,30.0,0.0,0,292.5,0.0,0.0,0.0,0.0,0.0,2
2023-05-09 21:35:48,y2311-C-7900,y2311-C-7900,292.5,0.0,0.0,0.0,10,30.5,0.0,0,292.5,0.0,0.0,0.0,0.0,0.0,2
2023-05-09 21:35:49,y2311-C-7900,y2311-C-7900,292.5,0.0,0.0,0.0,2,31.0,0.0,0,292.5,0.0,0.0,0.0,0.0,0.0,2
2023-05-09 21:35:49,y2311-C-7900,y2311-C-7900,292.5,0.0,0.0,0.0,10,31.5,0.0,0,292.5,0.0,0.0,0.0,0.0,0.0,2
2023-05-09 21:35:50,y2311-C-7900,y2311-C-7900,292.5,0.0,0.0,0.0,2,32.0,0.0,0,292.5,0.0,0.0,0.0,0.0,0.0,2
2023-05-09 21:35:50,y2311-C-7900,y2311-C-7900,292.5,0.0,0.0,0.0,10,32.5,0.0,0,292.5,0.0,0.0,0.0,0.0,0.0,2
2023-05-09 21:35:51,y2311-C-7900,y2311-C-7900,292.5,0.0,0.0,0.0,2,33.0,0.0,0,292.5,0.0,0.0,0.0,0.0,0.0,2
2023-05-09 21:35:51,y2311-C-7900,y2311-C-7900,292.5,0.0,0.0,0.0,10,33.5,0.0,0,292.5,0.0,0.0,0.0,0.0,0.0,2
2023-05-09 21:35:52,y2311-C-7900,y2311-C-7900,292.5,0.0,0.0,0.0,2,34.0,0.0,0,292.5,0.0,0.0,0.0,0.0,0.0,2
2023-05-09 21:35:52,y2311-C-7900,y2311-C-7900,292.5,0.0,0.0,0.0,10,34.5,0.0,0,292.5,0.0,0.0,0.0,0.0,0.0,2
2023-05-09 21:35:53,y2311-C-7900,y2311-C-7900,292.5,0.0,0.0,0.0,2,35.0,0.0,0,292.5,0.0,0.0,0.0,0.0,0.0,2
2023-05-09 21:35:53,y2311-C-7900,y2311-C-7900,292.5,0.0,0.0,0.0,10,35.5,0.0,0,292.5,0.0,0.0,0.0,0.0,0.0,2
2023-05-09 21:35:54,y2311-C-7900,y2311-C-7900,292.5,0.0,0.0,0.0,2,36.0,0.0,0,292.5,0.0,0.0,0.0,0.0,0.0,2
2023-05-09 21:35:54,y2311-C-7900,y2311-C-7900,292.5,0.0,0.0,0.0,10,36.5,0.0,0,292.5,0.0,0.0,0.0,0.0,0.0,2
2023-05-09 21:35:55,y2311-C-7900,y2311-C-7900,292.5,0.0,0.0,0.0,2,37.0,0.0,0,292.5,0.0,0.0,0.0,0.0,0.0,2
2023-05-09 21:35:55,y2311-C-7900,y2311-C-7900,292.5,0.0,0.0,0.0,10,37.5,0.0,0,292.5,0.0,0.0,0.0,0.0,0.0,2
2023-05-09 21:35:56,y2311-C-7900,y2311-C-7900,292.5,0.0,0.0,0.0,2,38.0,0.0,0,292.5,0.0,0.0,0.0,0.0,0.0,2
2023-05-09 21:35:56,y2311-C-7900,y2311-C-7900,292.5,0.0,0.0,0.0,10,38.5,0.0,0,292.5,0.0,0.0,0.0,0.0,0.0,2
2023-05-09 21:35:57,y2311-C-7900,y2311-C-7900,292.5,0.0,0.0,0.0,2,39.0,0.0,0,292.5,0.0,0.0,0.0,0.0,0.0,2
2023-05-09 21:35:57,y2311-C-7900,y2311-C-7900,292.5,0.0,0.0,0.0,10,39.5,0.0,0,292.5,0.0,0.0,0.0,0.0,0.0,2
2023-05-09 21:35:58,y2311-C-7900,y2311-C-7900,292.5,0.0,0.0,0.0,2,40.0,0.0,0,292.5,0.0,0.0,0.0,0.0,0.0,2
2023-05-09 21:35:58,y2311-C-7900,y2311-C-7900,292.5,0.0,0.0,0.0,10,40.5,0.0,0,292.5,0.0,0.0,0.0,0.0,0.0,2
2023-05-09 21:35:59,y2311-C-7900,y2311-C-7900,292.5,0.0,0.0,0.0,2,41.0,0.0,0,292.5,0.0,0.0,0.0,0.0,0.0,2
2023-05-09 21:35:59,y2311-C-7900,y2311-C-7900,292.5,0.0,0.0,0.0,10,41.5,0.0,0,292.5,0.0,0.0,0.0,0.0,0.0,2
2023-05-09 21:36:00,y2311-C-7900,y2311-C-7900,292.5,0.0,0.0,0.0,2,42.0,0.0,0,292.5,0.0,0.0,0.0,0.0,0.0,2
2023-05-09 21:36:00,y2311-C-7900,y2311-C-7900,292.5,0.0,0.0,0.0,10,42.5,0.0,0,292.5,0.0,0.0,0.0,0.0,0.0,2
2023-05-09 21:36:01,y2311-C-7900,y2311-C-7900,292.5,0.0,0.0,0.0,2,43.0,0.0,0,292.5,0.0,0.0,0.0,0.0,0.0,2
2023-05-09 21:36:01,y2311-C-7900,y2311-C-7900,292.5,0.0,0.0,0.0,10,43.5,0.0,0,292.5,0.0,0.0,0.0,0.0,0.0,2
2023-05-09 21:36:02,y2311-C-7900,y2311-C-7900,292.5,0.0,0.0,0.0,2,44.0,0.0,0,292.5,0.0,0.0,0.0,0.0,0.0,2
2023-05-09 21:36:02,y2311-C-7900,y2311-C-7900,292.5,0.0,0.0,0.0,10,44.5,0.0,0,292.5,0.0,0.0,0.0,0.0,0.0,2
2023-05-09 21:36:03,y2311-C-7900,y2311-C-7900,292.5,0.0,0.0,0.0,2,45.0,0.0,0,292.5,0.0,0.0,0.0,0.0,0.0,2
2023-05-09 21:36:03,y2311-C-7900,y2311-C-7900,292.5,0.0,0.0,0.0,10,45.5,0.0,0,292.5,0.0,0.0,0.0,0.0,0.0,2
2023-05-09 21:36:05,y2311-C-7900,y2311-C-7900,292.5,0.0,0.0,0.0,2,46.0,0.0,0,292.5,0.0,0.0,0.0,0.0,0.0,2
2023-05-09 21:36:05,y2311-C-7900,y2311-C-7900,292.5,0.0,0.0,0.0,10,46.5,0.0,0,292.5,0.0,0.0,0.0,0.0,0.0,2
2023-05-09 21:36:06,y2311-C-7900,y2311-C-7900,292.5,0.0,0.0,0.0,2,47.0,0.0,0,292.5,0.0,0.0,0.0,0.0,0.0,2
2023-05-09 21:36:06,y2311-C-7900,y2311-C-7900,292.5,0.0,0.0,0.0,10,47.5,0.0,0,292.5,0.0,0.0,0.0,0.0,0.0,2
2023-05-09 21:36:07,y2311-C-7900,y2311-C-7900,292.5,0.0,0.0,0.0,2,48.0,0.0,0,292.5,0.0,0.0,0.0,0.0,0.0,2
2023-05-09 21:36:07,y2311-C-7900,y2311-C-7900,292.5,0.0,0.0,0.0,10,48.5,0.0,0,292.5,0.0,0.0,0.0,0.0,0.0,2
2023-05-09 21:36:08,y2311-C-7900,y2311-C-7900,292.5,0.0,0.0,0.0,2,49.0,0.0,0,292.5,0.0,0.0,0.0,0.0,0.0,2
2023-05-09 21:36:08,y2311-C-7900,y2311-C-7900,292.5,0.0,0.0,0.0,10,49.5,0.0,0,292.5,0.0,0.0,0.0,0.0,0.0,2
2023-05-09 21:36:09,y2311-C-7900,y2311-C-7900,292.5,0.0,0.0,0.0,2,50.0,0.0,0,292.5,0.0,0.0,0.0,0.0,0.0,2
2023-05-09 21:36:09,y2311-C-7900,y2311-C-7900,292.5,0.0,0.0,0.0,10,50.5,0.0,0,292.5,0.0,0.0,0.0,0.0,0.0,2
2023-05-09 21:36:10,y2311-C-7900,y2311-C-7900,292.5,0.0,0.0,0.0,2,51.0,0.0,0,292.5,0.0,0.0,0.0,0.0,0.0,2
2023-05-09 21:36:10,y2311-C-7900,y2311-C-7900,292.5,0.0,0.0,0.0,10,51.5,0.0,0,292.5,0.0,0.0,0.0,0.0,0.0,2
2023-05-09 21:36:12,y2311-C-7900,y2311-C-7900,292.5,0.0,0.0,0.0,10,52.5,0.0,0,292.5,0.0,0.0,0.0,0.0,0.0,2
2023-05-09 21:36:13,y2311-C-7900,y2311-C-7900,292.5,0.0,0.0,0.0,2,53.0,0.0,0,292.5,0.0,0.0,0.0,0.0,0.0,2
2023-05-09 21:36:13,y2311-C-7900,y2311-C-7900,292.5,0.0,0.0,0.0,10,53.5,0.0,0,292.5,0.0,0.0,0.0,0.0,0.0,2
2023-05-09 21:36:14,y2311-C-7900,y2311-C-7900,292.5,0.0,0.0,0.0,2,54.0,0.0,0,292.5,0.0,0.0,0.0,0.0,0.0,2
2023-05-09 21:36:14,y2311-C-7900,y2311-C-7900,292.5,0.0,0.0,0.0,10,54.5,0.0,0,292.5,0.0,0.0,0.0,0.0,0.0,2
2023-05-09 21:36:15,y2311-C-7900,y2311-C-7900,292.5,0.0,0.0,0.0,2,55.0,0.0,0,292.5,0.0,0.0,0.0,0.0,0.0,2
2023-05-09 21:36:15,y2311-C-7900,y2311-C-7900,292.5,0.0,0.0,0.0,10,55.5,0.0,0,292.5,0.0,0.0,0.0,0.0,0.0,2
2023-05-09 21:36:16,y2311-C-7900,y2311-C-7900,292.5,0.0,0.0,0.0,2,56.0,0.0,0,292.5,0.0,0.0,0.0,0.0,0.0,2
2023-05-09 21:36:16,y2311-C-7900,y2311-C-7900,292.5,0.0,0.0,0.0,10,56.5,0.0,0,292.5,0.0,0.0,0.0,0.0,0.0,2
2023-05-09 21:36:17,y2311-C-7900,y2311-C-7900,292.5,0.0,0.0,0.0,2,57.0,0.0,0,292.5,0.0,0.0,0.0,0.0,0.0,2
2023-05-09 21:36:17,y2311-C-7900,y2311-C-7900,292.5,0.0,0.0,0.0,10,57.5,0.0,0,292.5,0.0,0.0,0.0,0.0,0.0,2
2023-05-09 21:36:18,y2311-C-7900,y2311-C-7900,292.5,0.0,0.0,0.0,2,58.0,0.0,0,292.5,0.0,0.0,0.0,0.0,0.0,2
2023-05-09 21:36:18,y2311-C-7900,y2311-C-7900,292.5,0.0,0.0,0.0,10,58.5,0.0,0,292.5,0.0,0.0,0.0,0.0,0.0,2
2023-05-09 21:36:19,y2311-C-7900,y2311-C-7900,292.5,0.0,0.0,0.0,2,59.0,0.0,0,292.5,0.0,0.0,0.0,0.0,0.0,2
2023-05-09 21:36:19,y2311-C-7900,y2311-C-7900,292.5,0.0,0.0,0.0,10,59.5,0.0,0,292.5,0.0,0.0,0.0,0.0,0.0,2
2023-05-09 21:36:20,y2311-C-7900,y2311-C-7900,292.5,0.0,0.0,0.0,2,60.0,0.0,0,292.5,0.0,0.0,0.0,0.0,0.0,2
2023-05-09 21:36:20,y2311-C-7900,y2311-C-7900,292.5,0.0,0.0,0.0,10,60.5,0.0,0,292.5,0.0,0.0,0.0,0.0,0.0,2
2023-05-09 21:36:22,y2311-C-7900,y2311-C-7900,292.5,0.0,0.0,0.0,2,61.0,0.0,0,292.5,0.0,0.0,0.0,0.0,0.0,2
2023-05-09 21:36:22,y2311-C-7900,y2311-C-7900,292.5,0.0,0.0,0.0,10,61.5,0.0,0,292.5,0.0,0.0,0.0,0.0,0.0,2
2023-05-09 21:36:23,y2311-C-7900,y2311-C-7900,292.5,0.0,0.0,0.0,2,62.0,0.0,0,292.5,0.0,0.0,0.0,0.0,0.0,2
2023-05-09 21:36:23,y2311-C-7900,y2311-C-7900,292.5,0.0,0.0,0.0,10,62.5,0.0,0,292.5,0.0,0.0,0.0,0.0,0.0,2
2023-05-09 21:36:24,y2311-C-7900,y2311-C-7900,292.5,0.0,0.0,0.0,2,63.0,0.0,0,292.5,0.0,0.0,0.0,0.0,0.0,2
2023-05-09 21:36:24,y2311-C-7900,y2311-C-7900,292.5,0.0,0.0,0.0,10,63.5,0.0,0,292.5,0.0,0.0,0.0,0.0,0.0,2
2023-05-09 21:36:25,y2311-C-7900,y2311-C-7900,292.5,0.0,0.0,0.0,2,64.0,0.0,0,292.5,0.0,0.0,0.0,0.0,0.0,2
2023-05-09 21:36:25,y2311-C-7900,y2311-C-7900,292.5,0.0,0.0,0.0,10,64.5,0.0,0,292.5,0.0,0.0,0.0,0.0,0.0,2
2023-05-09 21:36:26,y2311-C-7900,y2311-C-7900,292.5,0.0,0.0,0.0,2,65.0,0.0,0,292.5,0.0,0.0,0.0,0.0,0.0,2
2023-05-09 21:36:26,y2311-C-7900,y2311-C-7900,292.5,0.0,0.0,0.0,10,65.5,0.0,0,292.5,0.0,0.0,0.0,0.0,0.0,2
2023-05-09 21:36:27,y2311-C-7900,y2311-C-7900,292.5,0.0,0.0,0.0,2,66.0,0.0,0,292.5,0.0,0.0,0.0,0.0,0.0,2
2023-05-09 21:36:27,y2311-C-7900,y2311-C-7900,292.5,0.0,0.0,0.0,10,66.5,0.0,0,292.5,0.0,0.0,0.0,0.0,0.0,2
2023-05-09 21:36:28,y2311-C-7900,y2311-C-7900,292.5,0.0,0.0,0.0,2,67.0,0.0,0,292.5,0.0,0.0,0.0,0.0,0.0,2
2023-05-09 21:36:28,y2311-C-7900,y2311-C-7900,292.5,0.0,0.0,0.0,10,67.5,0.0,0,292.5,0.0,0.0,0.0,0.0,0.0,2
2023-05-09 21:36:29,y2311-C-7900,y2311-C-7900,292.5,0.0,0.0,0.0,2,68.0,0.0,0,292.5,0.0,0.0,0.0,0.0,0.0,2
2023-05-09 21:36:29,y2311-C-7900,y2311-C-7900,292.5,0.0,0.0,0.0,10,68.5,0.0,0,292.5,0.0,0.0,0.0,0.0,0.0,2
2023-05-09 21:36:30,y2311-C-7900,y2311-C-7900,292.5,0.0,0.0,0.0,2,69.0,0.0,0,292.5,0.0,0.0,0.0,0.0,0.0,2
2023-05-09 21:36:30,y2311-C-7900,y2311-C-7900,292.5,0.0,0.0,0.0,10,69.5,0.0,0,292.5,0.0,0.0,0.0,0.0,0.0,2
2023-05-09 21:36:31,y2311-C-7900,y2311-C-7900,292.5,0.0,0.0,0.0,2,70.0,0.0,0,292.5,0.0,0.0,0.0,0.0,0.0,2
2023-05-09 21:36:31,y2311-C-7900,y2311-C-7900,292.5,0.0,0.0,0.0,10,70.5,0.0,0,292.5,0.0,0.0,0.0,0.0,0.0,2
2023-05-09 21:36:32,y2311-C-7900,y2311-C-7900,292.5,0.0,0.0,0.0,2,71.0,0.0,0,292.5,0.0,0.0,0.0,0.0,0.0,2
2023-05-09 21:36:32,y2311-C-7900,y2311-C-7900,292.5,0.0,0.0,0.0,10,71.5,0.0,0,292.5,0.0,0.0,0.0,0.0,0.0,2
2023-05-09 21:36:33,y2311-C-7900,y2311-C-7900,292.5,0.0,0.0,0.0,2,72.0,0.0,0,292.5,0.0,0.0,0.0,0.0,0.0,2
2023-05-09 21:36:33,y2311-C-7900,y2311-C-7900,292.5,0.0,0.0,0.0,10,72.5,0.0,0,292.5,0.0,0.0,0.0,0.0,0.0,2
2023-05-09 21:36:34,y2311-C-7900,y2311-C-7900,292.5,0.0,0.0,0.0,2,73.0,0.0,0,292.5,0.0,0.0,0.0,0.0,0.0,2
2023-05-09 21:36:34,y2311-C-7900,y2311-C-7900,292.5,0.0,0.0,0.0,10,73.5,0.0,0,292.5,0.0,0.0,0.0,0.0,0.0,2
2023-05-09 21:36:35,y2311-C-7900,y2311-C-7900,292.5,0.0,0.0,0.0,2,74.0,0.0,0,292.5,0.0,0.0,0.0,0.0,0.0,2
2023-05-09 21:36:35,y2311-C-7900,y2311-C-7900,292.5,0.0,0.0,0.0,10,74.5,0.0,0,292.5,0.0,0.0,0.0,0.0,0.0,2
2023-05-09 21:36:36,y2311-C-7900,y2311-C-7900,292.5,0.0,0.0,0.0,2,75.0,0.0,0,292.5,0.0,0.0,0.0,0.0,0.0,2
2023-05-09 21:36:36,y2311-C-7900,y2311-C-7900,292.5,0.0,0.0,0.0,10,75.5,0.0,0,292.5,0.0,0.0,0.0,0.0,0.0,2
2023-05-09 21:36:37,y2311-C-7900,y2311-C-7900,292.5,0.0,0.0,0.0,2,76.0,0.0,0,292.5,0.0,0.0,0.0,0.0,0.0,2
2023-05-09 21:36:37,y2311-C-7900,y2311-C-7900,292.5,0.0,0.0,0.0,10,76.5,0.0,0,292.5,0.0,0.0,0.0,0.0,0.0,2
2023-05-09 21:36:38,y2311-C-7900,y2311-C-7900,292.5,0.0,0.0,0.0,2,77.0,0.0,0,292.5,0.0,0.0,0.0,0.0,0.0,2
2023-05-09 21:36:38,y2311-C-7900,y2311-C-7900,292.5,0.0,0.0,0.0,10,77.5,0.0,0,292.5,0.0,0.0,0.0,0.0,0.0,2
2023-05-09 21:36:39,y2311-C-7900,y2311-C-7900,292.5,0.0,0.0,0.0,2,78.0,0.0,0,292.5,0.0,0.0,0.0,0.0,0.0,2
2023-05-09 21:36:39,y2311-C-7900,y2311-C-7900,292.5,0.0,0.0,0.0,10,78.5,0.0,0,292.5,0.0,0.0,0.0,0.0,0.0,2
2023-05-09 21:36:40,y2311-C-7900,y2311-C-7900,292.5,0.0,0.0,0.0,2,79.0,0.0,0,292.5,0.0,0.0,0.0,0.0,0.0,2
2023-05-09 21:36:40,y2311-C-7900,y2311-C-7900,292.5,0.0,0.0,0.0,10,79.5,0.0,0,292.5,0.0,0.0,0.0,0.0,0.0,2
2023-05-09 21:36:41,y2311-C-7900,y2311-C-7900,292.5,0.0,0.0,0.0,2,80.0,0.0,0,292.5,0.0,0.0,0.0,0.0,0.0,2
2023-05-09 21:36:41,y2311-C-7900,y2311-C-7900,292.5,0.0,0.0,0.0,10,80.5,0.0,0,292.5,0.0,0.0,0.0,0.0,0.0,2
2023-05-09 21:36:42,y2311-C-7900,y2311-C-7900,292.5,0.0,0.0,0.0,2,81.0,0.0,0,292.5,0.0,0.0,0.0,0.0,0.0,2
2023-05-09 21:36:42,y2311-C-7900,y2311-C-7900,292.5,0.0,0.0,0.0,10,81.5,0.0,0,292.5,0.0,0.0,0.0,0.0,0.0,2
2023-05-09 21:36:43,y2311-C-7900,y2311-C-7900,292.5,0.0,0.0,0.0,2,82.0,0.0,0,292.5,0.0,0.0,0.0,0.0,0.0,2
2023-05-09 21:36:43,y2311-C-7900,y2311-C-7900,292.5,0.0,0.0,0.0,10,82.5,0.0,0,292.5,0.0,0.0,0.0,0.0,0.0,2
2023-05-09 21:36:45,y2311-C-7900,y2311-C-7900,292.5,0.0,0.0,0.0,2,83.0,0.0,0,292.5,0.0,0.0,0.0,0.0,0.0,2
2023-05-09 21:36:45,y2311-C-7900,y2311-C-7900,292.5,0.0,0.0,0.0,10,83.5,0.0,0,292.5,0.0,0.0,0.0,0.0,0.0,2
2023-05-09 21:36:46,y2311-C-7900,y2311-C-7900,292.5,0.0,0.0,0.0,2,84.0,0.0,0,292.5,0.0,0.0,0.0,0.0,0.0,2
2023-05-09 21:36:46,y2311-C-7900,y2311-C-7900,292.5,0.0,0.0,0.0,10,84.5,0.0,0,292.5,0.0,0.0,0.0,0.0,0.0,2
2023-05-09 21:36:47,y2311-C-7900,y2311-C-7900,292.5,0.0,0.0,0.0,2,85.0,0.0,0,292.5,0.0,0.0,0.0,0.0,0.0,2
2023-05-09 21:36:47,y2311-C-7900,y2311-C-7900,292.5,0.0,0.0,0.0,10,85.5,0.0,0,292.5,0.0,0.0,0.0,0.0,0.0,2
2023-05-09 21:36:48,y2311-C-7900,y2311-C-7900,292.5,0.0,0.0,0.0,2,86.0,0.0,0,292.5,0.0,0.0,0.0,0.0,0.0,2
2023-05-09 21:36:48,y2311-C-7900,y2311-C-7900,292.5,0.0,0.0,0.0,10,86.5,0.0,0,292.5,0.0,0.0,0.0,0.0,0.0,2
2023-05-09 21:36:49,y2311-C-7900,y2311-C-7900,292.5,0.0,0.0,0.0,2,87.0,0.0,0,292.5,0.0,0.0,0.0,0.0,0.0,2
2023-05-09 21:36:49,y2311-C-7900,y2311-C-7900,292.5,0.0,0.0,0.0,10,87.5,0.0,0,292.5,0.0,0.0,0.0,0.0,0.0,2
2023-05-09 21:36:50,y2311-C-7900,y2311-C-7900,292.5,0.0,0.0,0.0,2,88.0,0.0,0,292.5,0.0,0.0,0.0,0.0,0.0,2
2023-05-09 21:36:50,y2311-C-7900,y2311-C-7900,292.5,0.0,0.0,0.0,10,88.5,0.0,0,292.5,0.0,0.0,0.0,0.0,0.0,2
2023-05-09 21:36:51,y2311-C-7900,y2311-C-7900,292.5,0.0,0.0,0.0,2,89.0,0.0,0,292.5,0.0,0.0,0.0,0.0,0.0,2
2023-05-09 21:36:51,y2311-C-7900,y2311-C-7900,292.5,0.0,0.0,0.0,10,89.5,0.0,0,292.5,0.0,0.0,0.0,0.0,0.0,2
2023-05-09 21:36:52,y2311-C-7900,y2311-C-7900,292.5,0.0,0.0,0.0,2,90.0,0.0,0,292.5,0.0,0.0,0.0,0.0,0.0,2
2023-05-09 21:36:52,y2311-C-7900,y2311-C-7900,292.5,0.0,0.0,0.0,10,90.5,0.0,0,292.5,0.0,0.0,0.0,0.0,0.0,2
2023-05-09 21:36:53,y2311-C-7900,y2311-C-7900,292.5,0.0,0.0,0.0,2,91.0,0.0,0,292.5,0.0,0.0,0.0,0.0,0.0,2
2023-05-09 21:36:53,y2311-C-7900,y2311-C-7900,292.5,0.0,0.0,0.0,10,91.5,0.0,0,292.5,0.0,0.0,0.0,0.0,0.0,2
2023-05-09 21:36:54,y2311-C-7900,y2311-C-7900,292.5,0.0,0.0,0.0,2,92.0,0.0,0,292.5,0.0,0.0,0.0,0.0,0.0,2
2023-05-09 21:36:54,y2311-C-7900,y2311-C-7900,292.5,0.0,0.0,0.0,10,92.5,0.0,0,292.5,0.0,0.0,0.0,0.0,0.0,2
2023-05-09 21:36:55,y2311-C-7900,y2311-C-7900,292.5,0.0,0.0,0.0,2,93.0,0.0,0,292.5,0.0,0.0,0.0,0.0,0.0,2
2023-05-09 21:36:55,y2311-C-7900,y2311-C-7900,292.5,0.0,0.0,0.0,10,93.5,0.0,0,292.5,0.0,0.0,0.0,0.0,0.0,2
2023-05-09 21:36:56,y2311-C-7900,y2311-C-7900,292.5,0.0,0.0,0.0,2,94.0,0.0,0,292.5,0.0,0.0,0.0,0.0,0.0,2
2023-05-09 21:36:56,y2311-C-7900,y2311-C-7900,292.5,0.0,0.0,0.0,10,94.5,0.0,0,292.5,0.0,0.0,0.0,0.0,0.0,2
2023-05-09 21:36:57,y2311-C-7900,y2311-C-7900,292.5,0.0,0.0,0.0,2,95.0,0.0,0,292.5,0.0,0.0,0.0,0.0,0.0,2
2023-05-09 21:36:57,y2311-C-7900,y2311-C-7900,292.5,0.0,0.0,0.0,10,95.5,0.0,0,292.5,0.0,0.0,0.0,0.0,0.0,2
2023-05-09 21:36:58,y2311-C-7900,y2311-C-7900,292.5,0.0,0.0,0.0,2,96.0,0.0,0,292.5,0.0,0.0,0.0,0.0,0.0,2
2023-05-09 21:36:58,y2311-C-7900,y2311-C-7900,292.5,0.0,0.0,0.0,10,96.5,0.0,0,292.5,0.0,0.0,0.0,0.0,0.0,2
2023-05-09 21:36:59,y2311-C-7900,y2311-C-7900,292.5,0.0,0.0,0.0,2,97.0,0.0,0,292.5,0.0,0.0,0.0,0.0,0.0,2
2023-05-09 21:36:59,y2311-C-7900,y2311-C-7900,292.5,0.0,0.0,0.0,10,97.5,0.0,0,292.5,0.0,0.0,0.0,0.0,0.0,2
2023-05-09 21:37:00,y2311-C-7900,y2311-C-7900,292.5,0.0,0.0,0.0,2,98.0,0.0,0,292.5,0.0,0.0,0.0,0.0,0.0,2
2023-05-09 21:37:00,y2311-C-7900,y2311-C-7900,292.5,0.0,0.0,0.0,10,98.5,0.0,0,292.5,0.0,0.0,0.0,0.0,0.0,2
2023-05-09 21:37:01,y2311-C-7900,y2311-C-7900,292.5,0.0,0.0,0.0,2,99.0,0.0,0,292.5,0.0,0.0,0.0,0.0,0.0,2
2023-05-09 21:37:01,y2311-C-7900,y2311-C-7900,292.5,0.0,0.0,0.0,10,99.5,0.0,0,292.5,0.0,0.0,0.0,0.0,0.0,2
2023-05-09 21:37:03,y2311-C-7900,y2311-C-7900,292.5,0.0,0.0,0.0,2,100.0,0.0,0,292.5,0.0,0.0,0.0,0.0,0.0,2
2023-05-09 21:37:03,y2311-C-7900,y2311-C-7900,292.5,0.0,0.0,0.0,10,100.5,0.0,0,292.5,0.0,0.0,0.0,0.0,0.0,2
2023-05-09 21:37:04,y2311-C-7900,y2311-C-7900,292.5,0.0,0.0,0.0,2,101.0,0.0,0,292.5,0.0,0.0,0.0,0.0,0.0,2
2023-05-09 21:37:04,y2311-C-7900,y2311-C-7900,292.5,0.0,0.0,0.0,10,101.5,0.0,0,292.5,0.0,0.0,0.0,0.0,0.0,2
2023-05-09 21:37:05,y2311-C-7900,y2311-C-7900,292.5,0.0,0.0,0.0,2,102.0,0.0,0,292.5,0.0,0.0,0.0,0.0,0.0,2
2023-05-09 21:37:05,y2311-C-7900,y2311-C-7900,292.5,0.0,0.0,0.0,10,102.5,0.0,0,292.5,0.0,0.0,0.0,0.0,0.0,2
2023-05-09 21:37:06,y2311-C-7900,y2311-C-7900,292.5,0.0,0.0,0.0,2,103.0,0.0,0,292.5,0.0,0.0,0.0,0.0,0.0,2
2023-05-09 21:37:06,y2311-C-7900,y2311-C-7900,292.5,0.0,0.0,0.0,10,103.5,0.0,0,292.5,0.0,0.0,0.0,0.0,0.0,2
2023-05-09 21:37:08,y2311-C-7900,y2311-C-7900,292.5,0.0,0.0,0.0,2,104.0,0.0,0,292.5,0.0,0.0,0.0,0.0,0.0,2
2023-05-09 21:37:08,y2311-C-7900,y2311-C-7900,292.5,0.0,0.0,0.0,10,104.5,0.0,0,292.5,0.0,0.0,0.0,0.0,0.0,2
2023-05-09 21:37:09,y2311-C-7900,y2311-C-7900,292.5,0.0,0.0,0.0,2,105.0,0.0,0,292.5,0.0,0.0,0.0,0.0,0.0,2
2023-05-09 21:37:09,y2311-C-7900,y2311-C-7900,292.5,0.0,0.0,0.0,10,105.5,0.0,0,292.5,0.0,0.0,0.0,0.0,0.0,2
2023-05-09 21:37:11,y2311-C-7900,y2311-C-7900,292.5,0.0,0.0,0.0,2,106.0,0.0,0,292.5,0.0,0.0,0.0,0.0,0.0,2
2023-05-09 21:37:11,y2311-C-7900,y2311-C-7900,292.5,0.0,0.0,0.0,10,106.5,0.0,0,292.5,0.0,0.0,0.0,0.0,0.0,2
2023-05-09 21:37:12,y2311-C-7900,y2311-C-7900,292.5,0.0,0.0,0.0,2,107.0,0.0,0,292.5,0.0,0.0,0.0,0.0,0.0,2
2023-05-09 21:37:12,y2311-C-7900,y2311-C-7900,292.5,0.0,0.0,0.0,10,107.5,0.0,0,292.5,0.0,0.0,0.0,0.0,0.0,2
2023-05-09 21:37:13,y2311-C-7900,y2311-C-7900,292.5,0.0,0.0,0.0,2,108.0,0.0,0,292.5,0.0,0.0,0.0,0.0,0.0,2
2023-05-09 21:37:13,y2311-C-7900,y2311-C-7900,292.5,0.0,0.0,0.0,10,108.5,0.0,0,292.5,0.0,0.0,0.0,0.0,0.0,2
2023-05-09 21:37:14,y2311-C-7900,y2311-C-7900,292.5,0.0,0.0,0.0,2,109.0,0.0,0,292.5,0.0,0.0,0.0,0.0,0.0,2
2023-05-09 21:37:14,y2311-C-7900,y2311-C-7900,292.5,0.0,0.0,0.0,10,109.5,0.0,0,292.5,0.0,0.0,0.0,0.0,0.0,2
2023-05-09 21:37:15,y2311-C-7900,y2311-C-7900,292.5,0.0,0.0,0.0,2,110.0,0.0,0,292.5,0.0,0.0,0.0,0.0,0.0,2
2023-05-09 21:37:15,y2311-C-7900,y2311-C-7900,292.5,0.0,0.0,0.0,10,110.5,0.0,0,292.5,0.0,0.0,0.0,0.0,0.0,2
2023-05-09 21:37:16,y2311-C-7900,y2311-C-7900,292.5,0.0,0.0,0.0,2,111.0,0.0,0,292.5,0.0,0.0,0.0,0.0,0.0,2
2023-05-09 21:37:16,y2311-C-7900,y2311-C-7900,292.5,0.0,0.0,0.0,10,111.5,0.0,0,292.5,0.0,0.0,0.0,0.0,0.0,2
2023-05-09 21:37:17,y2311-C-7900,y2311-C-7900,292.5,0.0,0.0,0.0,2,112.0,0.0,0,292.5,0.0,0.0,0.0,0.0,0.0,2
2023-05-09 21:37:17,y2311-C-7900,y2311-C-7900,292.5,0.0,0.0,0.0,10,112.5,0.0,0,292.5,0.0,0.0,0.0,0.0,0.0,2
2023-05-09 21:37:18,y2311-C-7900,y2311-C-7900,292.5,0.0,0.0,0.0,2,113.0,0.0,0,292.5,0.0,0.0,0.0,0.0,0.0,2
2023-05-09 21:37:18,y2311-C-7900,y2311-C-7900,292.5,0.0,0.0,0.0,10,113.5,0.0,0,292.5,0.0,0.0,0.0,0.0,0.0,2
2023-05-09 21:37:19,y2311-C-7900,y2311-C-7900,292.5,0.0,0.0,0.0,2,114.0,0.0,0,292.5,0.0,0.0,0.0,0.0,0.0,2
2023-05-09 21:37:19,y2311-C-7900,y2311-C-7900,292.5,0.0,0.0,0.0,10,114.5,0.0,0,292.5,0.0,0.0,0.0,0.0,0.0,2
2023-05-09 21:37:20,y2311-C-7900,y2311-C-7900,292.5,0.0,0.0,0.0,2,115.0,0.0,0,292.5,0.0,0.0,0.0,0.0,0.0,2
2023-05-09 21:37:20,y2311-C-7900,y2311-C-7900,292.5,0.0,0.0,0.0,10,115.5,0.0,0,292.5,0.0,0.0,0.0,0.0,0.0,2
2023-05-09 21:37:21,y2311-C-7900,y2311-C-7900,292.5,0.0,0.0,0.0,2,116.0,0.0,0,292.5,0.0,0.0,0.0,0.0,0.0,2
2023-05-09 21:37:21,y2311-C-7900,y2311-C-7900,292.5,0.0,0.0,0.0,10,116.5,0.0,0,292.5,0.0,0.0,0.0,0.0,0.0,2
2023-05-09 21:37:22,y2311-C-7900,y2311-C-7900,292.5,0.0,0.0,0.0,2,117.0,0.0,0,292.5,0.0,0.0,0.0,0.0,0.0,2
2023-05-09 21:37:22,y2311-C-7900,y2311-C-7900,292.5,0.0,0.0,0.0,10,117.5,0.0,0,292.5,0.0,0.0,0.0,0.0,0.0,2
2023-05-09 21:37:23,y2311-C-7900,y2311-C-7900,292.5,0.0,0.0,0.0,2,118.0,0.0,0,292.5,0.0,0.0,0.0,0.0,0.0,2
2023-05-09 21:37:23,y2311-C-7900,y2311-C-7900,292.5,0.0,0.0,0.0,10,118.5,0.0,0,292.5,0.0,0.0,0.0,0.0,0.0,2
2023-05-09 21:37:24,y2311-C-7900,y2311-C-7900,292.5,0.0,0.0,0.0,2,119.0,0.0,0,292.5,0.0,0.0,0.0,0.0,0.0,2
2023-05-09 21:37:24,y2311-C-7900,y2311-C-7900,292.5,0.0,0.0,0.0,10,119.5,0.0,0,292.5,0.0,0.0,0.0,0.0,0.0,2
2023-05-09 21:37:26,y2311-C-7900,y2311-C-7900,292.5,0.0,0.0,0.0,2,120.0,0.0,0,292.5,0.0,0.0,0.0,0.0,0.0,2
2023-05-09 21:37:26,y2311-C-7900,y2311-C-7900,292.5,0.0,0.0,0.0,10,120.5,0.0,0,292.5,0.0,0.0,0.0,0.0,0.0,2
2023-05-09 21:37:27,y2311-C-7900,y2311-C-7900,292.5,0.0,0.0,0.0,2,121.0,0.0,0,292.5,0.0,0.0,0.0,0.0,0.0,2
2023-05-09 21:37:27,y2311-C-7900,y2311-C-7900,292.5,0.0,0.0,0.0,10,121.5,0.0,0,292.5,0.0,0.0,0.0,0.0,0.0,2
2023-05-09 21:37:28,y2311-C-7900,y2311-C-7900,292.5,0.0,0.0,0.0,2,122.0,0.0,0,292.5,0.0,0.0,0.0,0.0,0.0,2
2023-05-09 21:37:28,y2311-C-7900,y2311-C-7900,292.5,0.0,0.0,0.0,10,122.5,0.0,0,292.5,0.0,0.0,0.0,0.0,0.0,2
2023-05-09 21:37:29,y2311-C-7900,y2311-C-7900,292.5,0.0,0.0,0.0,2,123.0,0.0,0,292.5,0.0,0.0,0.0,0.0,0.0,2
2023-05-09 21:37:29,y2311-C-7900,y2311-C-7900,292.5,0.0,0.0,0.0,10,123.5,0.0,0,292.5,0.0,0.0,0.0,0.0,0.0,2
2023-05-09 21:37:30,y2311-C-7900,y2311-C-7900,292.5,0.0,0.0,0.0,2,124.0,0.0,0,292.5,0.0,0.0,0.0,0.0,0.0,2
2023-05-09 21:37:30,y2311-C-7900,y2311-C-7900,292.5,0.0,0.0,0.0,10,124.5,0.0,0,292.5,0.0,0.0,0.0,0.0,0.0,2
2023-05-09 21:37:31,y2311-C-7900,y2311-C-7900,292.5,0.0,0.0,0.0,2,125.0,0.0,0,292.5,0.0,0.0,0.0,0.0,0.0,2
2023-05-09 21:37:31,y2311-C-7900,y2311-C-7900,292.5,0.0,0.0,0.0,10,125.5,0.0,0,292.5,0.0,0.0,0.0,0.0,0.0,2
2023-05-09 21:37:32,y2311-C-7900,y2311-C-7900,292.5,0.0,0.0,0.0,2,126.0,0.0,0,292.5,0.0,0.0,0.0,0.0,0.0,2
2023-05-09 21:37:32,y2311-C-7900,y2311-C-7900,292.5,0.0,0.0,0.0,10,126.5,0.0,0,292.5,0.0,0.0,0.0,0.0,0.0,2
2023-05-09 21:37:33,y2311-C-7900,y2311-C-7900,292.5,0.0,0.0,0.0,2,127.0,0.0,0,292.5,0.0,0.0,0.0,0.0,0.0,2
2023-05-09 21:37:33,y2311-C-7900,y2311-C-7900,292.5,0.0,0.0,0.0,10,127.5,0.0,0,292.5,0.0,0.0,0.0,0.0,0.0,2
2023-05-09 21:37:34,y2311-C-7900,y2311-C-7900,292.5,0.0,0.0,0.0,2,128.0,0.0,0,292.5,0.0,0.0,0.0,0.0,0.0,2
2023-05-09 21:37:34,y2311-C-7900,y2311-C-7900,292.5,0.0,0.0,0.0,10,128.5,0.0,0,292.5,0.0,0.0,0.0,0.0,0.0,2
2023-05-09 21:37:35,y2311-C-7900,y2311-C-7900,292.5,0.0,0.0,0.0,2,129.0,0.0,0,292.5,0.0,0.0,0.0,0.0,0.0,2
2023-05-09 21:37:35,y2311-C-7900,y2311-C-7900,292.5,0.0,0.0,0.0,10,129.5,0.0,0,292.5,0.0,0.0,0.0,0.0,0.0,2
2023-05-09 21:37:36,y2311-C-7900,y2311-C-7900,292.5,0.0,0.0,0.0,2,130.0,0.0,0,292.5,0.0,0.0,0.0,0.0,0.0,2
2023-05-09 21:37:36,y2311-C-7900,y2311-C-7900,292.5,0.0,0.0,0.0,10,130.5,0.0,0,292.5,0.0,0.0,0.0,0.0,0.0,2
2023-05-09 21:37:37,y2311-C-7900,y2311-C-7900,292.5,0.0,0.0,0.0,2,131.0,0.0,0,292.5,0.0,0.0,0.0,0.0,0.0,2
2023-05-09 21:37:37,y2311-C-7900,y2311-C-7900,292.5,0.0,0.0,0.0,10,131.5,0.0,0,292.5,0.0,0.0,0.0,0.0,0.0,2
2023-05-09 21:37:39,y2311-C-7900,y2311-C-7900,292.5,0.0,0.0,0.0,2,132.0,0.0,0,292.5,0.0,0.0,0.0,0.0,0.0,2
2023-05-09 21:37:39,y2311-C-7900,y2311-C-7900,292.5,0.0,0.0,0.0,10,132.5,0.0,0,292.5,0.0,0.0,0.0,0.0,0.0,2
2023-05-09 21:37:40,y2311-C-7900,y2311-C-7900,292.5,0.0,0.0,0.0,10,133.5,0.0,0,292.5,0.0,0.0,0.0,0.0,0.0,2
2023-05-09 21:37:41,y2311-C-7900,y2311-C-7900,292.5,0.0,0.0,0.0,2,134.0,0.0,0,292.5,0.0,0.0,0.0,0.0,0.0,2
2023-05-09 21:37:41,y2311-C-7900,y2311-C-7900,292.5,0.0,0.0,0.0,10,134.5,0.0,0,292.5,0.0,0.0,0.0,0.0,0.0,2
2023-05-09 21:37:43,y2311-C-7900,y2311-C-7900,292.5,0.0,0.0,0.0,2,135.0,0.0,0,292.5,0.0,0.0,0.0,0.0,0.0,2
2023-05-09 21:58:21,y2311-C-7900,y2311-C-7900,292.5,0.0,0.0,0.0,10,135.5,0.0,0,292.5,0.0,0.0,0.0,0.0,0.0,2
2023-05-09 21:58:22,y2311-C-7900,y2311-C-7900,292.5,0.0,0.0,0.0,2,136.0,0.0,0,292.5,0.0,0.0,0.0,0.0,0.0,2
2023-05-09 21:59:53,y2311-C-7900,y2311-C-7900,292.5,0.0,0.0,0.0,10,136.5,0.0,0,292.5,0.0,0.0,0.0,0.0,0.0,2
2023-05-09 21:59:54,y2311-C-7900,y2311-C-7900,292.5,0.0,0.0,0.0,2,137.0,0.0,0,292.5,0.0,0.0,0.0,0.0,0.0,2
2023-05-09 22:00:26,y2311-C-7900,y2311-C-7900,292.5,0.0,0.0,0.0,12,137.0,0.0,0,292.5,0.0,0.0,0.0,0.0,0.0,2
2023-05-09 22:01:09,y2311-C-7900,y2311-C-7900,292.5,0.0,0.0,0.0,2,137.0,0.0,0,292.5,0.0,0.0,0.0,0.0,0.0,2
2023-05-09 22:01:39,y2311-C-7900,y2311-C-7900,292.5,0.0,0.0,0.0,10,137.5,0.0,0,292.5,0.0,0.0,0.0,0.0,0.0,2
2023-05-09 22:01:40,y2311-C-7900,y2311-C-7900,292.5,0.0,0.0,0.0,2,138.0,0.0,0,292.5,0.0,0.0,0.0,0.0,0.0,2
2023-05-09 22:10:25,y2311-C-7900,y2311-C-7900,292.5,0.0,0.0,0.0,10,23.5,0.0,0,292.5,0.0,0.0,0.0,0.0,0.0,2
2023-05-09 22:10:25,y2311-C-7900,y2311-C-7900,292.5,0.0,0.0,0.0,2,24.0,0.0,0,292.5,0.0,0.0,0.0,0.0,0.0,2
2023-05-09 22:10:25,y2311-C-7900,y2311-C-7900,292.5,0.0,0.0,0.0,10,24.5,0.0,0,292.5,0.0,0.0,0.0,0.0,0.0,2
2023-05-09 22:10:26,y2311-C-7900,y2311-C-7900,292.5,0.0,0.0,0.0,2,25.0,0.0,0,292.5,0.0,0.0,0.0,0.0,0.0,2
2023-05-09 22:10:26,y2311-C-7900,y2311-C-7900,292.5,0.0,0.0,0.0,10,25.5,0.0,0,292.5,0.0,0.0,0.0,0.0,0.0,2
2023-05-09 22:10:27,y2311-C-7900,y2311-C-7900,292.5,0.0,0.0,0.0,2,26.0,0.0,0,292.5,0.0,0.0,0.0,0.0,0.0,2
2023-05-09 22:10:27,y2311-C-7900,y2311-C-7900,292.5,0.0,0.0,0.0,10,26.5,0.0,0,292.5,0.0,0.0,0.0,0.0,0.0,2
2023-05-09 22:10:28,y2311-C-7900,y2311-C-7900,292.5,0.0,0.0,0.0,2,27.0,0.0,0,292.5,0.0,0.0,0.0,0.0,0.0,2
2023-05-09 22:10:28,y2311-C-7900,y2311-C-7900,292.5,0.0,0.0,0.0,10,27.5,0.0,0,292.5,0.0,0.0,0.0,0.0,0.0,2
2023-05-09 22:10:29,y2311-C-7900,y2311-C-7900,292.5,0.0,0.0,0.0,2,28.0,0.0,0,292.5,0.0,0.0,0.0,0.0,0.0,2
2023-05-09 22:10:29,y2311-C-7900,y2311-C-7900,292.5,0.0,0.0,0.0,10,28.5,0.0,0,292.5,0.0,0.0,0.0,0.0,0.0,2
2023-05-09 22:10:30,y2311-C-7900,y2311-C-7900,292.5,0.0,0.0,0.0,2,29.0,0.0,0,292.5,0.0,0.0,0.0,0.0,0.0,2
2023-05-09 22:10:30,y2311-C-7900,y2311-C-7900,292.5,0.0,0.0,0.0,10,29.5,0.0,0,292.5,0.0,0.0,0.0,0.0,0.0,2
2023-05-09 22:10:31,y2311-C-7900,y2311-C-7900,292.5,0.0,0.0,0.0,2,30.0,0.0,0,292.5,0.0,0.0,0.0,0.0,0.0,2
2023-05-09 22:10:31,y2311-C-7900,y2311-C-7900,292.5,0.0,0.0,0.0,10,30.5,0.0,0,292.5,0.0,0.0,0.0,0.0,0.0,2
2023-05-09 22:10:32,y2311-C-7900,y2311-C-7900,292.5,0.0,0.0,0.0,2,31.0,0.0,0,292.5,0.0,0.0,0.0,0.0,0.0,2
2023-05-09 22:10:32,y2311-C-7900,y2311-C-7900,292.5,0.0,0.0,0.0,10,31.5,0.0,0,292.5,0.0,0.0,0.0,0.0,0.0,2
2023-05-09 22:10:33,y2311-C-7900,y2311-C-7900,292.5,0.0,0.0,0.0,2,32.0,0.0,0,292.5,0.0,0.0,0.0,0.0,0.0,2
2023-05-09 22:10:33,y2311-C-7900,y2311-C-7900,292.5,0.0,0.0,0.0,10,32.5,0.0,0,292.5,0.0,0.0,0.0,0.0,0.0,2
2023-05-09 22:10:34,y2311-C-7900,y2311-C-7900,292.5,0.0,0.0,0.0,2,33.0,0.0,0,292.5,0.0,0.0,0.0,0.0,0.0,2
2023-05-09 22:10:34,y2311-C-7900,y2311-C-7900,292.5,0.0,0.0,0.0,10,33.5,0.0,0,292.5,0.0,0.0,0.0,0.0,0.0,2
2023-05-09 22:10:35,y2311-C-7900,y2311-C-7900,292.5,0.0,0.0,0.0,2,34.0,0.0,0,292.5,0.0,0.0,0.0,0.0,0.0,2
2023-05-09 22:10:35,y2311-C-7900,y2311-C-7900,292.5,0.0,0.0,0.0,10,34.5,0.0,0,292.5,0.0,0.0,0.0,0.0,0.0,2
2023-05-09 22:10:36,y2311-C-7900,y2311-C-7900,292.5,0.0,0.0,0.0,2,35.0,0.0,0,292.5,0.0,0.0,0.0,0.0,0.0,2
2023-05-09 22:10:36,y2311-C-7900,y2311-C-7900,292.5,0.0,0.0,0.0,10,35.5,0.0,0,292.5,0.0,0.0,0.0,0.0,0.0,2
2023-05-09 22:10:37,y2311-C-7900,y2311-C-7900,292.5,0.0,0.0,0.0,2,36.0,0.0,0,292.5,0.0,0.0,0.0,0.0,0.0,2
2023-05-09 22:10:37,y2311-C-7900,y2311-C-7900,292.5,0.0,0.0,0.0,10,36.5,0.0,0,292.5,0.0,0.0,0.0,0.0,0.0,2
2023-05-09 22:10:38,y2311-C-7900,y2311-C-7900,292.5,0.0,0.0,0.0,2,37.0,0.0,0,292.5,0.0,0.0,0.0,0.0,0.0,2
2023-05-09 22:10:38,y2311-C-7900,y2311-C-7900,292.5,0.0,0.0,0.0,10,37.5,0.0,0,292.5,0.0,0.0,0.0,0.0,0.0,2
2023-05-09 22:10:39,y2311-C-7900,y2311-C-7900,292.5,0.0,0.0,0.0,2,38.0,0.0,0,292.5,0.0,0.0,0.0,0.0,0.0,2
2023-05-09 22:10:39,y2311-C-7900,y2311-C-7900,292.5,0.0,0.0,0.0,10,38.5,0.0,0,292.5,0.0,0.0,0.0,0.0,0.0,2
2023-05-09 22:10:40,y2311-C-7900,y2311-C-7900,292.5,0.0,0.0,0.0,2,39.0,0.0,0,292.5,0.0,0.0,0.0,0.0,0.0,2
2023-05-09 22:10:40,y2311-C-7900,y2311-C-7900,292.5,0.0,0.0,0.0,10,39.5,0.0,0,292.5,0.0,0.0,0.0,0.0,0.0,2
2023-05-09 22:10:41,y2311-C-7900,y2311-C-7900,292.5,0.0,0.0,0.0,2,40.0,0.0,0,292.5,0.0,0.0,0.0,0.0,0.0,2
2023-05-09 22:10:41,y2311-C-7900,y2311-C-7900,292.5,0.0,0.0,0.0,10,40.5,0.0,0,292.5,0.0,0.0,0.0,0.0,0.0,2
2023-05-09 22:10:42,y2311-C-7900,y2311-C-7900,292.5,0.0,0.0,0.0,2,41.0,0.0,0,292.5,0.0,0.0,0.0,0.0,0.0,2
2023-05-09 22:10:42,y2311-C-7900,y2311-C-7900,292.5,0.0,0.0,0.0,10,41.5,0.0,0,292.5,0.0,0.0,0.0,0.0,0.0,2
2023-05-09 22:10:44,y2311-C-7900,y2311-C-7900,292.5,0.0,0.0,0.0,2,42.0,0.0,0,292.5,0.0,0.0,0.0,0.0,0.0,2
2023-05-09 22:10:44,y2311-C-7900,y2311-C-7900,292.5,0.0,0.0,0.0,10,42.5,0.0,0,292.5,0.0,0.0,0.0,0.0,0.0,2
2023-05-09 22:10:45,y2311-C-7900,y2311-C-7900,292.5,0.0,0.0,0.0,2,43.0,0.0,0,292.5,0.0,0.0,0.0,0.0,0.0,2
2023-05-09 22:10:45,y2311-C-7900,y2311-C-7900,292.5,0.0,0.0,0.0,10,43.5,0.0,0,292.5,0.0,0.0,0.0,0.0,0.0,2
2023-05-09 22:10:46,y2311-C-7900,y2311-C-7900,292.5,0.0,0.0,0.0,2,44.0,0.0,0,292.5,0.0,0.0,0.0,0.0,0.0,2
2023-05-09 22:10:46,y2311-C-7900,y2311-C-7900,292.5,0.0,0.0,0.0,10,44.5,0.0,0,292.5,0.0,0.0,0.0,0.0,0.0,2
2023-05-09 22:10:47,y2311-C-7900,y2311-C-7900,292.5,0.0,0.0,0.0,2,45.0,0.0,0,292.5,0.0,0.0,0.0,0.0,0.0,2
2023-05-09 22:10:47,y2311-C-7900,y2311-C-7900,292.5,0.0,0.0,0.0,10,45.5,0.0,0,292.5,0.0,0.0,0.0,0.0,0.0,2
2023-05-09 22:10:48,y2311-C-7900,y2311-C-7900,292.5,0.0,0.0,0.0,2,46.0,0.0,0,292.5,0.0,0.0,0.0,0.0,0.0,2
2023-05-09 22:10:48,y2311-C-7900,y2311-C-7900,292.5,0.0,0.0,0.0,10,46.5,0.0,0,292.5,0.0,0.0,0.0,0.0,0.0,2
2023-05-09 22:10:49,y2311-C-7900,y2311-C-7900,292.5,0.0,0.0,0.0,2,47.0,0.0,0,292.5,0.0,0.0,0.0,0.0,0.0,2
2023-05-09 22:10:49,y2311-C-7900,y2311-C-7900,292.5,0.0,0.0,0.0,10,47.5,0.0,0,292.5,0.0,0.0,0.0,0.0,0.0,2
2023-05-09 22:10:50,y2311-C-7900,y2311-C-7900,292.5,0.0,0.0,0.0,2,48.0,0.0,0,292.5,0.0,0.0,0.0,0.0,0.0,2
2023-05-09 22:10:50,y2311-C-7900,y2311-C-7900,292.5,0.0,0.0,0.0,10,48.5,0.0,0,292.5,0.0,0.0,0.0,0.0,0.0,2
2023-05-09 22:10:51,y2311-C-7900,y2311-C-7900,292.5,0.0,0.0,0.0,2,49.0,0.0,0,292.5,0.0,0.0,0.0,0.0,0.0,2
2023-05-09 22:10:51,y2311-C-7900,y2311-C-7900,292.5,0.0,0.0,0.0,10,49.5,0.0,0,292.5,0.0,0.0,0.0,0.0,0.0,2
2023-05-09 22:10:52,y2311-C-7900,y2311-C-7900,292.5,0.0,0.0,0.0,2,50.0,0.0,0,292.5,0.0,0.0,0.0,0.0,0.0,2
2023-05-09 22:10:52,y2311-C-7900,y2311-C-7900,292.5,0.0,0.0,0.0,10,50.5,0.0,0,292.5,0.0,0.0,0.0,0.0,0.0,2
2023-05-09 22:10:53,y2311-C-7900,y2311-C-7900,292.5,0.0,0.0,0.0,2,51.0,0.0,0,292.5,0.0,0.0,0.0,0.0,0.0,2
2023-05-09 22:10:53,y2311-C-7900,y2311-C-7900,292.5,0.0,0.0,0.0,10,51.5,0.0,0,292.5,0.0,0.0,0.0,0.0,0.0,2
2023-05-09 22:10:54,y2311-C-7900,y2311-C-7900,292.5,0.0,0.0,0.0,2,52.0,0.0,0,292.5,0.0,0.0,0.0,0.0,0.0,2
2023-05-09 22:10:54,y2311-C-7900,y2311-C-7900,292.5,0.0,0.0,0.0,10,52.5,0.0,0,292.5,0.0,0.0,0.0,0.0,0.0,2
2023-05-09 22:10:55,y2311-C-7900,y2311-C-7900,292.5,0.0,0.0,0.0,2,53.0,0.0,0,292.5,0.0,0.0,0.0,0.0,0.0,2
2023-05-09 22:10:55,y2311-C-7900,y2311-C-7900,292.5,0.0,0.0,0.0,10,53.5,0.0,0,292.5,0.0,0.0,0.0,0.0,0.0,2
2023-05-09 22:10:56,y2311-C-7900,y2311-C-7900,292.5,0.0,0.0,0.0,2,54.0,0.0,0,292.5,0.0,0.0,0.0,0.0,0.0,2
2023-05-09 22:10:56,y2311-C-7900,y2311-C-7900,292.5,0.0,0.0,0.0,10,54.5,0.0,0,292.5,0.0,0.0,0.0,0.0,0.0,2
2023-05-09 22:10:57,y2311-C-7900,y2311-C-7900,292.5,0.0,0.0,0.0,2,55.0,0.0,0,292.5,0.0,0.0,0.0,0.0,0.0,2
2023-05-09 22:10:57,y2311-C-7900,y2311-C-7900,292.5,0.0,0.0,0.0,10,55.5,0.0,0,292.5,0.0,0.0,0.0,0.0,0.0,2
2023-05-09 22:10:59,y2311-C-7900,y2311-C-7900,292.5,0.0,0.0,0.0,2,56.0,0.0,0,292.5,0.0,0.0,0.0,0.0,0.0,2
2023-05-09 22:10:59,y2311-C-7900,y2311-C-7900,292.5,0.0,0.0,0.0,10,56.5,0.0,0,292.5,0.0,0.0,0.0,0.0,0.0,2
2023-05-09 22:11:00,y2311-C-7900,y2311-C-7900,292.5,0.0,0.0,0.0,2,57.0,0.0,0,292.5,0.0,0.0,0.0,0.0,0.0,2
2023-05-09 22:11:00,y2311-C-7900,y2311-C-7900,292.5,0.0,0.0,0.0,10,57.5,0.0,0,292.5,0.0,0.0,0.0,0.0,0.0,2
2023-05-09 22:40:55,y2311-C-7900,y2311-C-7900,292.5,0.0,0.0,0.0,1,58.0,0.0,0,292.5,0.0,0.0,0.0,0.0,0.0,2
2023-05-09 22:40:55,y2311-C-7900,y2311-C-7900,292.5,0.0,0.0,0.0,10,58.5,0.0,0,292.5,0.0,0.0,0.0,0.0,0.0,2
2023-05-09 22:56:53,y2311-C-7900,y2311-C-7900,292.5,0.0,0.0,0.0,1,58.0,0.0,0,292.5,0.0,0.0,0.0,0.0,0.0,2
2023-05-09 22:59:18,y2311-C-7900,y2311-C-7900,292.5,0.0,0.0,0.0,10,58.5,0.0,0,292.5,0.0,0.0,0.0,0.0,0.0,2
2023-05-09 22:59:56,y2311-C-7900,y2311-C-7900,292.5,0.0,0.0,0.0,1,58.0,0.0,0,292.5,0.0,0.0,0.0,0.0,0.0,2
2023-05-10 09:00:15,y2311-C-7900,y2311-C-7900,292.5,0.0,0.0,0.0,10,58.5,0.0,0,292.5,0.0,0.0,0.0,0.0,0.0,2
2023-05-10 09:01:26,y2311-C-7900,y2311-C-7900,292.5,0.0,0.0,0.0,1,59.0,0.0,0,292.5,0.0,0.0,0.0,0.0,0.0,2
2023-05-10 09:01:26,y2311-C-7900,y2311-C-7900,292.5,0.0,0.0,0.0,10,59.5,0.0,0,292.5,0.0,0.0,0.0,0.0,0.0,2
2023-05-10 09:01:59,y2311-C-7900,y2311-C-7900,292.5,0.0,0.0,0.0,2,60.0,0.0,0,292.5,0.0,0.0,0.0,0.0,0.0,2
2023-05-10 09:01:59,y2311-C-7900,y2311-C-7900,292.5,0.0,0.0,0.0,10,60.5,0.0,0,292.5,0.0,0.0,0.0,0.0,0.0,2
2023-05-10 10:14:33,y2311-C-7900,y2311-C-7900,292.5,0.0,0.0,0.0,1,59.0,0.0,0,292.5,0.0,0.0,0.0,0.0,0.0,2
2023-05-10 10:30:06,y2311-C-7900,y2311-C-7900,292.5,0.0,0.0,0.0,10,59.5,0.0,0,292.5,0.0,0.0,0.0,0.0,0.0,2
2023-05-10 10:44:08,y2311-C-7900,y2311-C-7900,292.5,0.0,0.0,0.0,1,60.0,0.0,0,292.5,0.0,0.0,0.0,0.0,0.0,2
2023-05-10 10:44:08,y2311-C-7900,y2311-C-7900,292.5,0.0,0.0,0.0,10,60.5,0.0,0,292.5,0.0,0.0,0.0,0.0,0.0,2
2023-05-10 11:29:32,y2311-C-7900,y2311-C-7900,292.5,0.0,0.0,0.0,1,60.0,0.0,0,292.5,0.0,0.0,0.0,0.0,0.0,2
2023-05-10 11:29:45,y2311-C-7900,y2311-C-7900,292.5,0.0,0.0,0.0,1,16.5,0.0,0,292.5,0.0,0.0,0.0,0.0,0.0,2
2023-05-10 13:30:02,y2311-C-7900,y2311-C-7900,292.5,0.0,0.0,0.0,10,17.0,0.0,0,292.5,0.0,0.0,0.0,0.0,0.0,2
2023-05-10 13:45:41,y2311-C-7900,y2311-C-7900,292.5,0.0,0.0,0.0,1,17.5,0.0,0,292.5,0.0,0.0,0.0,0.0,0.0,2
2023-05-10 13:45:41,y2311-C-7900,y2311-C-7900,292.5,0.0,0.0,0.0,10,18.0,0.0,0,292.5,0.0,0.0,0.0,0.0,0.0,2
2023-05-10 13:59:16,y2311-C-7900,y2311-C-7900,292.5,0.0,0.0,0.0,1,242.0,272.0,1,292.5,0.0,0.0,0.0,0.0,0.0,2
2023-05-10 13:59:16,y2311-C-7900,y2311-C-7900,292.5,0.0,0.0,0.0,2,242.0,272.0,2,292.5,0.0,0.0,0.0,0.0,0.0,2
2023-05-10 13:59:19,y2311-C-7900,y2311-C-7900,292.5,0.0,0.0,0.0,2,242.0,269.0,1,292.5,0.0,0.0,0.0,0.0,0.0,2
2023-05-10 13:59:24,y2311-C-7900,y2311-C-7900,292.5,0.0,0.0,0.0,1,243.0,269.0,1,292.5,0.0,0.0,0.0,0.0,0.0,2
2023-05-10 13:59:30,y2311-C-7900,y2311-C-7900,292.5,0.0,0.0,0.0,1,243.0,269.5,1,292.5,0.0,0.0,0.0,0.0,0.0,2
2023-05-10 13:59:35,y2311-C-7900,y2311-C-7900,292.5,0.0,0.0,0.0,3,242.5,269.5,1,292.5,0.0,0.0,0.0,0.0,0.0,2
2023-05-10 13:59:36,y2311-C-7900,y2311-C-7900,292.5,0.0,0.0,0.0,2,242.5,269.5,1,292.5,0.0,0.0,0.0,0.0,0.0,2
2023-05-10 13:59:39,y2311-C-7900,y2311-C-7900,292.5,0.0,0.0,0.0,1,242.5,271.0,2,292.5,0.0,0.0,0.0,0.0,0.0,2
2023-05-10 13:59:41,y2311-C-7900,y2311-C-7900,292.5,0.0,0.0,0.0,1,242.5,271.0,1,292.5,0.0,0.0,0.0,0.0,0.0,2
2023-05-10 13:59:43,y2311-C-7900,y2311-C-7900,292.5,0.0,0.0,0.0,10,18.0,0.0,0,292.5,0.0,0.0,0.0,0.0,0.0,2
2023-05-10 14:46:21,y2311-C-7900,y2311-C-7900,292.5,0.0,0.0,0.0,1,18.5,0.0,0,292.5,0.0,0.0,0.0,0.0,0.0,2
2023-05-10 14:46:21,y2311-C-7900,y2311-C-7900,292.5,0.0,0.0,0.0,10,19.0,0.0,0,292.5,0.0,0.0,0.0,0.0,0.0,2
2023-05-10 14:59:02,y2311-C-7900,y2311-C-7900,292.5,0.0,0.0,0.0,1,18.5,0.0,0,292.5,0.0,0.0,0.0,0.0,0.0,2
2023-05-10 15:01:15,y2311-C-7900,y2311-C-7900,292.5,0.0,0.0,0.0,1,18.5,0.0,0,292.5,0.0,0.0,0.0,0.0,0.0,2
