time,symbol_id,symbol_name,last,trade_volume,trade_amount,open_interest_change,bv1,bp1,ap1,av1,yesterday_close,today_open,today_high,today_low,volume,amount,open_interest
2023-05-09 20:56:02,y2311-P-7400,豆油2311沽7400,281.5,0.0,0.0,0.0,1,0.5,0.0,0,281.5,0.0,0.0,0.0,0.0,0.0,7
2023-05-09 21:00:23,y2311-P-7400,豆油2311沽7400,281.5,0.0,0.0,0.0,10,1.0,0.0,0,281.5,0.0,0.0,0.0,0.0,0.0,7
2023-05-09 21:00:40,y2311-P-7400,豆油2311沽7400,281.5,0.0,0.0,0.0,1,40.5,0.0,0,281.5,0.0,0.0,0.0,0.0,0.0,7
2023-05-09 21:00:40,y2311-P-7400,豆油2311沽7400,281.5,0.0,0.0,0.0,10,41.0,0.0,0,281.5,0.0,0.0,0.0,0.0,0.0,7
2023-05-09 21:02:38,y2311-P-7400,豆油2311沽7400,281.5,0.0,0.0,0.0,1,41.5,0.0,0,281.5,0.0,0.0,0.0,0.0,0.0,7
2023-05-09 21:02:38,y2311-P-7400,豆油2311沽7400,281.5,0.0,0.0,0.0,10,42.0,0.0,0,281.5,0.0,0.0,0.0,0.0,0.0,7
2023-05-09 21:02:50,y2311-P-7400,豆油2311沽7400,281.5,0.0,0.0,0.0,2,42.5,0.0,0,281.5,0.0,0.0,0.0,0.0,0.0,7
2023-05-09 21:02:50,y2311-P-7400,豆油2311沽7400,281.5,0.0,0.0,0.0,10,43.0,0.0,0,281.5,0.0,0.0,0.0,0.0,0.0,7
2023-05-09 21:09:32,y2311-P-7400,豆油2311沽7400,281.5,0.0,0.0,0.0,2,43.5,0.0,0,281.5,0.0,0.0,0.0,0.0,0.0,7
2023-05-09 21:09:32,y2311-P-7400,豆油2311沽7400,281.5,0.0,0.0,0.0,10,44.0,0.0,0,281.5,0.0,0.0,0.0,0.0,0.0,7
2023-05-09 21:09:50,y2311-P-7400,豆油2311沽7400,281.5,0.0,0.0,0.0,2,44.5,0.0,0,281.5,0.0,0.0,0.0,0.0,0.0,7
2023-05-09 21:09:50,y2311-P-7400,豆油2311沽7400,281.5,0.0,0.0,0.0,10,45.0,0.0,0,281.5,0.0,0.0,0.0,0.0,0.0,7
2023-05-09 21:09:57,y2311-P-7400,豆油2311沽7400,281.5,0.0,0.0,0.0,2,45.5,0.0,0,281.5,0.0,0.0,0.0,0.0,0.0,7
2023-05-09 21:09:57,y2311-P-7400,豆油2311沽7400,281.5,0.0,0.0,0.0,10,46.0,0.0,0,281.5,0.0,0.0,0.0,0.0,0.0,7
2023-05-09 21:10:05,y2311-P-7400,豆油2311沽7400,281.5,0.0,0.0,0.0,2,46.5,0.0,0,281.5,0.0,0.0,0.0,0.0,0.0,7
2023-05-09 21:10:05,y2311-P-7400,豆油2311沽7400,281.5,0.0,0.0,0.0,10,47.0,0.0,0,281.5,0.0,0.0,0.0,0.0,0.0,7
2023-05-09 21:10:11,y2311-P-7400,豆油2311沽7400,281.5,0.0,0.0,0.0,2,47.5,0.0,0,281.5,0.0,0.0,0.0,0.0,0.0,7
2023-05-09 21:10:11,y2311-P-7400,豆油2311沽7400,281.5,0.0,0.0,0.0,10,48.0,0.0,0,281.5,0.0,0.0,0.0,0.0,0.0,7
2023-05-09 21:10:19,y2311-P-7400,豆油2311沽7400,281.5,0.0,0.0,0.0,2,48.5,0.0,0,281.5,0.0,0.0,0.0,0.0,0.0,7
2023-05-09 21:10:19,y2311-P-7400,豆油2311沽7400,281.5,0.0,0.0,0.0,10,49.0,0.0,0,281.5,0.0,0.0,0.0,0.0,0.0,7
2023-05-09 21:10:26,y2311-P-7400,豆油2311沽7400,281.5,0.0,0.0,0.0,2,49.5,0.0,0,281.5,0.0,0.0,0.0,0.0,0.0,7
2023-05-09 21:10:26,y2311-P-7400,豆油2311沽7400,281.5,0.0,0.0,0.0,10,50.0,0.0,0,281.5,0.0,0.0,0.0,0.0,0.0,7
2023-05-09 21:10:35,y2311-P-7400,豆油2311沽7400,281.5,0.0,0.0,0.0,2,50.5,0.0,0,281.5,0.0,0.0,0.0,0.0,0.0,7
2023-05-09 21:10:35,y2311-P-7400,豆油2311沽7400,281.5,0.0,0.0,0.0,10,51.0,0.0,0,281.5,0.0,0.0,0.0,0.0,0.0,7
2023-05-09 21:10:50,y2311-P-7400,豆油2311沽7400,281.5,0.0,0.0,0.0,2,51.5,0.0,0,281.5,0.0,0.0,0.0,0.0,0.0,7
2023-05-09 21:10:50,y2311-P-7400,豆油2311沽7400,281.5,0.0,0.0,0.0,10,52.0,0.0,0,281.5,0.0,0.0,0.0,0.0,0.0,7
2023-05-09 21:11:03,y2311-P-7400,豆油2311沽7400,281.5,0.0,0.0,0.0,2,52.5,0.0,0,281.5,0.0,0.0,0.0,0.0,0.0,7
2023-05-09 21:11:03,y2311-P-7400,豆油2311沽7400,281.5,0.0,0.0,0.0,10,53.0,0.0,0,281.5,0.0,0.0,0.0,0.0,0.0,7
2023-05-09 21:11:15,y2311-P-7400,豆油2311沽7400,281.5,0.0,0.0,0.0,2,53.5,0.0,0,281.5,0.0,0.0,0.0,0.0,0.0,7
2023-05-09 21:11:15,y2311-P-7400,豆油2311沽7400,281.5,0.0,0.0,0.0,10,54.0,0.0,0,281.5,0.0,0.0,0.0,0.0,0.0,7
2023-05-09 21:11:18,y2311-P-7400,豆油2311沽7400,281.5,0.0,0.0,0.0,2,54.5,0.0,0,281.5,0.0,0.0,0.0,0.0,0.0,7
2023-05-09 21:11:18,y2311-P-7400,豆油2311沽7400,281.5,0.0,0.0,0.0,10,55.0,0.0,0,281.5,0.0,0.0,0.0,0.0,0.0,7
2023-05-09 21:11:24,y2311-P-7400,豆油2311沽7400,281.5,0.0,0.0,0.0,2,55.5,0.0,0,281.5,0.0,0.0,0.0,0.0,0.0,7
2023-05-09 21:11:24,y2311-P-7400,豆油2311沽7400,281.5,0.0,0.0,0.0,10,56.0,0.0,0,281.5,0.0,0.0,0.0,0.0,0.0,7
2023-05-09 21:11:29,y2311-P-7400,豆油2311沽7400,281.5,0.0,0.0,0.0,2,56.5,0.0,0,281.5,0.0,0.0,0.0,0.0,0.0,7
2023-05-09 21:11:29,y2311-P-7400,豆油2311沽7400,281.5,0.0,0.0,0.0,10,57.0,0.0,0,281.5,0.0,0.0,0.0,0.0,0.0,7
2023-05-09 21:11:32,y2311-P-7400,豆油2311沽7400,281.5,0.0,0.0,0.0,2,57.5,0.0,0,281.5,0.0,0.0,0.0,0.0,0.0,7
2023-05-09 21:11:32,y2311-P-7400,豆油2311沽7400,281.5,0.0,0.0,0.0,10,58.0,0.0,0,281.5,0.0,0.0,0.0,0.0,0.0,7
2023-05-09 21:11:38,y2311-P-7400,豆油2311沽7400,281.5,0.0,0.0,0.0,2,58.5,0.0,0,281.5,0.0,0.0,0.0,0.0,0.0,7
2023-05-09 21:11:38,y2311-P-7400,豆油2311沽7400,281.5,0.0,0.0,0.0,10,59.0,0.0,0,281.5,0.0,0.0,0.0,0.0,0.0,7
2023-05-09 21:11:44,y2311-P-7400,豆油2311沽7400,281.5,0.0,0.0,0.0,2,59.5,0.0,0,281.5,0.0,0.0,0.0,0.0,0.0,7
2023-05-09 21:11:44,y2311-P-7400,豆油2311沽7400,281.5,0.0,0.0,0.0,10,60.0,0.0,0,281.5,0.0,0.0,0.0,0.0,0.0,7
2023-05-09 21:11:48,y2311-P-7400,豆油2311沽7400,281.5,0.0,0.0,0.0,2,60.5,0.0,0,281.5,0.0,0.0,0.0,0.0,0.0,7
2023-05-09 21:11:48,y2311-P-7400,豆油2311沽7400,281.5,0.0,0.0,0.0,10,61.0,0.0,0,281.5,0.0,0.0,0.0,0.0,0.0,7
2023-05-09 21:11:50,y2311-P-7400,豆油2311沽7400,281.5,0.0,0.0,0.0,2,61.5,0.0,0,281.5,0.0,0.0,0.0,0.0,0.0,7
2023-05-09 21:11:50,y2311-P-7400,豆油2311沽7400,281.5,0.0,0.0,0.0,10,62.0,0.0,0,281.5,0.0,0.0,0.0,0.0,0.0,7
2023-05-09 21:11:51,y2311-P-7400,豆油2311沽7400,281.5,0.0,0.0,0.0,2,62.5,0.0,0,281.5,0.0,0.0,0.0,0.0,0.0,7
2023-05-09 21:11:51,y2311-P-7400,豆油2311沽7400,281.5,0.0,0.0,0.0,10,63.0,0.0,0,281.5,0.0,0.0,0.0,0.0,0.0,7
2023-05-09 21:11:52,y2311-P-7400,豆油2311沽7400,281.5,0.0,0.0,0.0,2,63.5,0.0,0,281.5,0.0,0.0,0.0,0.0,0.0,7
2023-05-09 21:11:52,y2311-P-7400,豆油2311沽7400,281.5,0.0,0.0,0.0,10,64.0,0.0,0,281.5,0.0,0.0,0.0,0.0,0.0,7
2023-05-09 21:11:54,y2311-P-7400,豆油2311沽7400,281.5,0.0,0.0,0.0,2,64.5,0.0,0,281.5,0.0,0.0,0.0,0.0,0.0,7
2023-05-09 21:11:54,y2311-P-7400,豆油2311沽7400,281.5,0.0,0.0,0.0,10,65.0,0.0,0,281.5,0.0,0.0,0.0,0.0,0.0,7
2023-05-09 21:11:55,y2311-P-7400,豆油2311沽7400,281.5,0.0,0.0,0.0,2,65.5,0.0,0,281.5,0.0,0.0,0.0,0.0,0.0,7
2023-05-09 21:11:55,y2311-P-7400,豆油2311沽7400,281.5,0.0,0.0,0.0,10,66.0,0.0,0,281.5,0.0,0.0,0.0,0.0,0.0,7
2023-05-09 21:11:56,y2311-P-7400,豆油2311沽7400,281.5,0.0,0.0,0.0,2,66.5,0.0,0,281.5,0.0,0.0,0.0,0.0,0.0,7
2023-05-09 21:11:56,y2311-P-7400,豆油2311沽7400,281.5,0.0,0.0,0.0,10,67.0,0.0,0,281.5,0.0,0.0,0.0,0.0,0.0,7
2023-05-09 21:11:58,y2311-P-7400,豆油2311沽7400,281.5,0.0,0.0,0.0,2,67.5,0.0,0,281.5,0.0,0.0,0.0,0.0,0.0,7
2023-05-09 21:11:58,y2311-P-7400,豆油2311沽7400,281.5,0.0,0.0,0.0,10,68.0,0.0,0,281.5,0.0,0.0,0.0,0.0,0.0,7
2023-05-09 21:11:59,y2311-P-7400,豆油2311沽7400,281.5,0.0,0.0,0.0,2,68.5,0.0,0,281.5,0.0,0.0,0.0,0.0,0.0,7
2023-05-09 21:11:59,y2311-P-7400,豆油2311沽7400,281.5,0.0,0.0,0.0,10,69.0,0.0,0,281.5,0.0,0.0,0.0,0.0,0.0,7
2023-05-09 21:12:00,y2311-P-7400,豆油2311沽7400,281.5,0.0,0.0,0.0,2,69.5,0.0,0,281.5,0.0,0.0,0.0,0.0,0.0,7
2023-05-09 21:12:00,y2311-P-7400,豆油2311沽7400,281.5,0.0,0.0,0.0,10,70.0,0.0,0,281.5,0.0,0.0,0.0,0.0,0.0,7
2023-05-09 21:12:02,y2311-P-7400,豆油2311沽7400,281.5,0.0,0.0,0.0,2,70.5,0.0,0,281.5,0.0,0.0,0.0,0.0,0.0,7
2023-05-09 21:12:02,y2311-P-7400,豆油2311沽7400,281.5,0.0,0.0,0.0,10,71.0,0.0,0,281.5,0.0,0.0,0.0,0.0,0.0,7
2023-05-09 21:12:03,y2311-P-7400,豆油2311沽7400,281.5,0.0,0.0,0.0,2,71.5,0.0,0,281.5,0.0,0.0,0.0,0.0,0.0,7
2023-05-09 21:12:03,y2311-P-7400,豆油2311沽7400,281.5,0.0,0.0,0.0,10,72.0,0.0,0,281.5,0.0,0.0,0.0,0.0,0.0,7
2023-05-09 21:12:05,y2311-P-7400,豆油2311沽7400,281.5,0.0,0.0,0.0,2,72.5,0.0,0,281.5,0.0,0.0,0.0,0.0,0.0,7
2023-05-09 21:12:05,y2311-P-7400,豆油2311沽7400,281.5,0.0,0.0,0.0,10,73.0,0.0,0,281.5,0.0,0.0,0.0,0.0,0.0,7
2023-05-09 21:12:06,y2311-P-7400,豆油2311沽7400,281.5,0.0,0.0,0.0,2,73.5,0.0,0,281.5,0.0,0.0,0.0,0.0,0.0,7
2023-05-09 21:12:06,y2311-P-7400,豆油2311沽7400,281.5,0.0,0.0,0.0,10,74.0,0.0,0,281.5,0.0,0.0,0.0,0.0,0.0,7
2023-05-09 21:12:07,y2311-P-7400,豆油2311沽7400,281.5,0.0,0.0,0.0,2,74.5,0.0,0,281.5,0.0,0.0,0.0,0.0,0.0,7
2023-05-09 21:12:07,y2311-P-7400,豆油2311沽7400,281.5,0.0,0.0,0.0,10,75.0,0.0,0,281.5,0.0,0.0,0.0,0.0,0.0,7
2023-05-09 21:12:09,y2311-P-7400,豆油2311沽7400,281.5,0.0,0.0,0.0,2,75.5,0.0,0,281.5,0.0,0.0,0.0,0.0,0.0,7
2023-05-09 21:12:09,y2311-P-7400,豆油2311沽7400,281.5,0.0,0.0,0.0,10,76.0,0.0,0,281.5,0.0,0.0,0.0,0.0,0.0,7
2023-05-09 21:12:10,y2311-P-7400,豆油2311沽7400,281.5,0.0,0.0,0.0,2,76.5,0.0,0,281.5,0.0,0.0,0.0,0.0,0.0,7
2023-05-09 21:12:10,y2311-P-7400,豆油2311沽7400,281.5,0.0,0.0,0.0,10,77.0,0.0,0,281.5,0.0,0.0,0.0,0.0,0.0,7
2023-05-09 21:12:12,y2311-P-7400,豆油2311沽7400,281.5,0.0,0.0,0.0,2,77.5,0.0,0,281.5,0.0,0.0,0.0,0.0,0.0,7
2023-05-09 21:12:12,y2311-P-7400,豆油2311沽7400,281.5,0.0,0.0,0.0,10,78.0,0.0,0,281.5,0.0,0.0,0.0,0.0,0.0,7
2023-05-09 21:12:13,y2311-P-7400,豆油2311沽7400,281.5,0.0,0.0,0.0,2,78.5,0.0,0,281.5,0.0,0.0,0.0,0.0,0.0,7
2023-05-09 21:12:13,y2311-P-7400,豆油2311沽7400,281.5,0.0,0.0,0.0,10,79.0,0.0,0,281.5,0.0,0.0,0.0,0.0,0.0,7
2023-05-09 21:12:14,y2311-P-7400,豆油2311沽7400,281.5,0.0,0.0,0.0,2,79.5,0.0,0,281.5,0.0,0.0,0.0,0.0,0.0,7
2023-05-09 21:12:14,y2311-P-7400,豆油2311沽7400,281.5,0.0,0.0,0.0,10,80.0,0.0,0,281.5,0.0,0.0,0.0,0.0,0.0,7
2023-05-09 21:12:16,y2311-P-7400,豆油2311沽7400,281.5,0.0,0.0,0.0,2,80.5,0.0,0,281.5,0.0,0.0,0.0,0.0,0.0,7
2023-05-09 21:12:16,y2311-P-7400,豆油2311沽7400,281.5,0.0,0.0,0.0,10,81.0,0.0,0,281.5,0.0,0.0,0.0,0.0,0.0,7
2023-05-09 21:12:17,y2311-P-7400,豆油2311沽7400,281.5,0.0,0.0,0.0,2,81.5,0.0,0,281.5,0.0,0.0,0.0,0.0,0.0,7
2023-05-09 21:12:17,y2311-P-7400,豆油2311沽7400,281.5,0.0,0.0,0.0,10,82.0,0.0,0,281.5,0.0,0.0,0.0,0.0,0.0,7
2023-05-09 21:12:18,y2311-P-7400,豆油2311沽7400,281.5,0.0,0.0,0.0,2,82.5,0.0,0,281.5,0.0,0.0,0.0,0.0,0.0,7
2023-05-09 21:12:18,y2311-P-7400,豆油2311沽7400,281.5,0.0,0.0,0.0,10,83.0,0.0,0,281.5,0.0,0.0,0.0,0.0,0.0,7
2023-05-09 21:12:20,y2311-P-7400,豆油2311沽7400,281.5,0.0,0.0,0.0,2,83.5,0.0,0,281.5,0.0,0.0,0.0,0.0,0.0,7
2023-05-09 21:12:20,y2311-P-7400,豆油2311沽7400,281.5,0.0,0.0,0.0,10,84.0,0.0,0,281.5,0.0,0.0,0.0,0.0,0.0,7
2023-05-09 21:12:21,y2311-P-7400,豆油2311沽7400,281.5,0.0,0.0,0.0,2,84.5,0.0,0,281.5,0.0,0.0,0.0,0.0,0.0,7
2023-05-09 21:12:21,y2311-P-7400,豆油2311沽7400,281.5,0.0,0.0,0.0,10,85.0,0.0,0,281.5,0.0,0.0,0.0,0.0,0.0,7
2023-05-09 21:12:23,y2311-P-7400,豆油2311沽7400,281.5,0.0,0.0,0.0,2,85.5,0.0,0,281.5,0.0,0.0,0.0,0.0,0.0,7
2023-05-09 21:12:23,y2311-P-7400,豆油2311沽7400,281.5,0.0,0.0,0.0,10,86.0,0.0,0,281.5,0.0,0.0,0.0,0.0,0.0,7
2023-05-09 21:12:24,y2311-P-7400,豆油2311沽7400,281.5,0.0,0.0,0.0,2,86.5,0.0,0,281.5,0.0,0.0,0.0,0.0,0.0,7
2023-05-09 21:12:24,y2311-P-7400,豆油2311沽7400,281.5,0.0,0.0,0.0,10,87.0,0.0,0,281.5,0.0,0.0,0.0,0.0,0.0,7
2023-05-09 21:12:26,y2311-P-7400,豆油2311沽7400,281.5,0.0,0.0,0.0,2,87.5,0.0,0,281.5,0.0,0.0,0.0,0.0,0.0,7
2023-05-09 21:12:26,y2311-P-7400,豆油2311沽7400,281.5,0.0,0.0,0.0,10,88.0,0.0,0,281.5,0.0,0.0,0.0,0.0,0.0,7
2023-05-09 21:12:27,y2311-P-7400,豆油2311沽7400,281.5,0.0,0.0,0.0,2,88.5,0.0,0,281.5,0.0,0.0,0.0,0.0,0.0,7
2023-05-09 21:12:27,y2311-P-7400,豆油2311沽7400,281.5,0.0,0.0,0.0,10,89.0,0.0,0,281.5,0.0,0.0,0.0,0.0,0.0,7
2023-05-09 21:12:28,y2311-P-7400,豆油2311沽7400,281.5,0.0,0.0,0.0,2,89.5,0.0,0,281.5,0.0,0.0,0.0,0.0,0.0,7
2023-05-09 21:12:28,y2311-P-7400,豆油2311沽7400,281.5,0.0,0.0,0.0,10,90.0,0.0,0,281.5,0.0,0.0,0.0,0.0,0.0,7
2023-05-09 21:12:30,y2311-P-7400,豆油2311沽7400,281.5,0.0,0.0,0.0,2,90.5,0.0,0,281.5,0.0,0.0,0.0,0.0,0.0,7
2023-05-09 21:12:30,y2311-P-7400,豆油2311沽7400,281.5,0.0,0.0,0.0,10,91.0,0.0,0,281.5,0.0,0.0,0.0,0.0,0.0,7
2023-05-09 21:12:31,y2311-P-7400,豆油2311沽7400,281.5,0.0,0.0,0.0,2,91.5,0.0,0,281.5,0.0,0.0,0.0,0.0,0.0,7
2023-05-09 21:12:31,y2311-P-7400,豆油2311沽7400,281.5,0.0,0.0,0.0,10,92.0,0.0,0,281.5,0.0,0.0,0.0,0.0,0.0,7
2023-05-09 21:12:33,y2311-P-7400,豆油2311沽7400,281.5,0.0,0.0,0.0,2,92.5,0.0,0,281.5,0.0,0.0,0.0,0.0,0.0,7
2023-05-09 21:12:33,y2311-P-7400,豆油2311沽7400,281.5,0.0,0.0,0.0,10,93.0,0.0,0,281.5,0.0,0.0,0.0,0.0,0.0,7
2023-05-09 21:12:35,y2311-P-7400,豆油2311沽7400,281.5,0.0,0.0,0.0,2,93.5,0.0,0,281.5,0.0,0.0,0.0,0.0,0.0,7
2023-05-09 21:12:35,y2311-P-7400,豆油2311沽7400,281.5,0.0,0.0,0.0,10,94.0,0.0,0,281.5,0.0,0.0,0.0,0.0,0.0,7
2023-05-09 21:12:36,y2311-P-7400,豆油2311沽7400,281.5,0.0,0.0,0.0,2,94.5,0.0,0,281.5,0.0,0.0,0.0,0.0,0.0,7
2023-05-09 21:12:36,y2311-P-7400,豆油2311沽7400,281.5,0.0,0.0,0.0,10,95.0,0.0,0,281.5,0.0,0.0,0.0,0.0,0.0,7
2023-05-09 21:12:37,y2311-P-7400,豆油2311沽7400,281.5,0.0,0.0,0.0,2,95.5,0.0,0,281.5,0.0,0.0,0.0,0.0,0.0,7
2023-05-09 21:12:37,y2311-P-7400,豆油2311沽7400,281.5,0.0,0.0,0.0,10,96.0,0.0,0,281.5,0.0,0.0,0.0,0.0,0.0,7
2023-05-09 21:12:39,y2311-P-7400,豆油2311沽7400,281.5,0.0,0.0,0.0,2,96.5,0.0,0,281.5,0.0,0.0,0.0,0.0,0.0,7
2023-05-09 21:12:39,y2311-P-7400,豆油2311沽7400,281.5,0.0,0.0,0.0,10,97.0,0.0,0,281.5,0.0,0.0,0.0,0.0,0.0,7
2023-05-09 21:12:40,y2311-P-7400,豆油2311沽7400,281.5,0.0,0.0,0.0,2,97.5,0.0,0,281.5,0.0,0.0,0.0,0.0,0.0,7
2023-05-09 21:12:40,y2311-P-7400,豆油2311沽7400,281.5,0.0,0.0,0.0,10,98.0,0.0,0,281.5,0.0,0.0,0.0,0.0,0.0,7
2023-05-09 21:12:41,y2311-P-7400,豆油2311沽7400,281.5,0.0,0.0,0.0,2,98.5,0.0,0,281.5,0.0,0.0,0.0,0.0,0.0,7
2023-05-09 21:12:41,y2311-P-7400,豆油2311沽7400,281.5,0.0,0.0,0.0,10,99.0,0.0,0,281.5,0.0,0.0,0.0,0.0,0.0,7
2023-05-09 21:12:43,y2311-P-7400,豆油2311沽7400,281.5,0.0,0.0,0.0,2,99.5,0.0,0,281.5,0.0,0.0,0.0,0.0,0.0,7
2023-05-09 21:12:43,y2311-P-7400,豆油2311沽7400,281.5,0.0,0.0,0.0,10,100.0,0.0,0,281.5,0.0,0.0,0.0,0.0,0.0,7
2023-05-09 21:12:45,y2311-P-7400,豆油2311沽7400,281.5,0.0,0.0,0.0,2,100.5,0.0,0,281.5,0.0,0.0,0.0,0.0,0.0,7
2023-05-09 21:12:45,y2311-P-7400,豆油2311沽7400,281.5,0.0,0.0,0.0,10,101.0,0.0,0,281.5,0.0,0.0,0.0,0.0,0.0,7
2023-05-09 21:12:46,y2311-P-7400,豆油2311沽7400,281.5,0.0,0.0,0.0,2,101.5,0.0,0,281.5,0.0,0.0,0.0,0.0,0.0,7
2023-05-09 21:12:46,y2311-P-7400,豆油2311沽7400,281.5,0.0,0.0,0.0,10,102.0,0.0,0,281.5,0.0,0.0,0.0,0.0,0.0,7
2023-05-09 21:12:48,y2311-P-7400,豆油2311沽7400,281.5,0.0,0.0,0.0,2,102.5,0.0,0,281.5,0.0,0.0,0.0,0.0,0.0,7
2023-05-09 21:12:48,y2311-P-7400,豆油2311沽7400,281.5,0.0,0.0,0.0,10,103.0,0.0,0,281.5,0.0,0.0,0.0,0.0,0.0,7
2023-05-09 21:12:52,y2311-P-7400,豆油2311沽7400,281.5,0.0,0.0,0.0,2,103.5,0.0,0,281.5,0.0,0.0,0.0,0.0,0.0,7
2023-05-09 21:12:52,y2311-P-7400,豆油2311沽7400,281.5,0.0,0.0,0.0,10,104.0,0.0,0,281.5,0.0,0.0,0.0,0.0,0.0,7
2023-05-09 21:12:53,y2311-P-7400,豆油2311沽7400,281.5,0.0,0.0,0.0,2,104.5,0.0,0,281.5,0.0,0.0,0.0,0.0,0.0,7
2023-05-09 21:12:53,y2311-P-7400,豆油2311沽7400,281.5,0.0,0.0,0.0,10,105.0,0.0,0,281.5,0.0,0.0,0.0,0.0,0.0,7
2023-05-09 21:12:55,y2311-P-7400,豆油2311沽7400,281.5,0.0,0.0,0.0,2,105.5,0.0,0,281.5,0.0,0.0,0.0,0.0,0.0,7
2023-05-09 21:12:55,y2311-P-7400,豆油2311沽7400,281.5,0.0,0.0,0.0,10,106.0,0.0,0,281.5,0.0,0.0,0.0,0.0,0.0,7
2023-05-09 21:12:57,y2311-P-7400,豆油2311沽7400,281.5,0.0,0.0,0.0,2,106.5,0.0,0,281.5,0.0,0.0,0.0,0.0,0.0,7
2023-05-09 21:12:57,y2311-P-7400,豆油2311沽7400,281.5,0.0,0.0,0.0,10,107.0,0.0,0,281.5,0.0,0.0,0.0,0.0,0.0,7
2023-05-09 21:12:58,y2311-P-7400,豆油2311沽7400,281.5,0.0,0.0,0.0,2,107.5,0.0,0,281.5,0.0,0.0,0.0,0.0,0.0,7
2023-05-09 21:12:58,y2311-P-7400,豆油2311沽7400,281.5,0.0,0.0,0.0,10,108.0,0.0,0,281.5,0.0,0.0,0.0,0.0,0.0,7
2023-05-09 21:13:00,y2311-P-7400,豆油2311沽7400,281.5,0.0,0.0,0.0,2,108.5,0.0,0,281.5,0.0,0.0,0.0,0.0,0.0,7
2023-05-09 21:13:00,y2311-P-7400,豆油2311沽7400,281.5,0.0,0.0,0.0,10,109.0,0.0,0,281.5,0.0,0.0,0.0,0.0,0.0,7
2023-05-09 21:13:01,y2311-P-7400,豆油2311沽7400,281.5,0.0,0.0,0.0,2,109.5,0.0,0,281.5,0.0,0.0,0.0,0.0,0.0,7
2023-05-09 21:13:01,y2311-P-7400,豆油2311沽7400,281.5,0.0,0.0,0.0,10,110.0,0.0,0,281.5,0.0,0.0,0.0,0.0,0.0,7
2023-05-09 21:13:03,y2311-P-7400,豆油2311沽7400,281.5,0.0,0.0,0.0,2,110.5,0.0,0,281.5,0.0,0.0,0.0,0.0,0.0,7
2023-05-09 21:13:03,y2311-P-7400,豆油2311沽7400,281.5,0.0,0.0,0.0,10,111.0,0.0,0,281.5,0.0,0.0,0.0,0.0,0.0,7
2023-05-09 21:13:05,y2311-P-7400,豆油2311沽7400,281.5,0.0,0.0,0.0,2,111.5,0.0,0,281.5,0.0,0.0,0.0,0.0,0.0,7
2023-05-09 21:13:05,y2311-P-7400,豆油2311沽7400,281.5,0.0,0.0,0.0,10,112.0,0.0,0,281.5,0.0,0.0,0.0,0.0,0.0,7
2023-05-09 21:13:06,y2311-P-7400,豆油2311沽7400,281.5,0.0,0.0,0.0,2,112.5,0.0,0,281.5,0.0,0.0,0.0,0.0,0.0,7
2023-05-09 21:13:06,y2311-P-7400,豆油2311沽7400,281.5,0.0,0.0,0.0,10,113.0,0.0,0,281.5,0.0,0.0,0.0,0.0,0.0,7
2023-05-09 21:13:08,y2311-P-7400,豆油2311沽7400,281.5,0.0,0.0,0.0,2,113.5,0.0,0,281.5,0.0,0.0,0.0,0.0,0.0,7
2023-05-09 21:13:08,y2311-P-7400,豆油2311沽7400,281.5,0.0,0.0,0.0,10,114.0,0.0,0,281.5,0.0,0.0,0.0,0.0,0.0,7
2023-05-09 21:13:09,y2311-P-7400,豆油2311沽7400,281.5,0.0,0.0,0.0,2,114.5,0.0,0,281.5,0.0,0.0,0.0,0.0,0.0,7
2023-05-09 21:13:09,y2311-P-7400,豆油2311沽7400,281.5,0.0,0.0,0.0,10,115.0,0.0,0,281.5,0.0,0.0,0.0,0.0,0.0,7
2023-05-09 21:13:10,y2311-P-7400,豆油2311沽7400,281.5,0.0,0.0,0.0,2,115.5,0.0,0,281.5,0.0,0.0,0.0,0.0,0.0,7
2023-05-09 21:13:10,y2311-P-7400,豆油2311沽7400,281.5,0.0,0.0,0.0,10,116.0,0.0,0,281.5,0.0,0.0,0.0,0.0,0.0,7
2023-05-09 21:13:11,y2311-P-7400,豆油2311沽7400,281.5,0.0,0.0,0.0,2,116.5,0.0,0,281.5,0.0,0.0,0.0,0.0,0.0,7
2023-05-09 21:13:11,y2311-P-7400,豆油2311沽7400,281.5,0.0,0.0,0.0,10,117.0,0.0,0,281.5,0.0,0.0,0.0,0.0,0.0,7
2023-05-09 21:13:13,y2311-P-7400,豆油2311沽7400,281.5,0.0,0.0,0.0,2,117.5,0.0,0,281.5,0.0,0.0,0.0,0.0,0.0,7
2023-05-09 21:13:13,y2311-P-7400,豆油2311沽7400,281.5,0.0,0.0,0.0,10,118.0,0.0,0,281.5,0.0,0.0,0.0,0.0,0.0,7
2023-05-09 21:13:14,y2311-P-7400,豆油2311沽7400,281.5,0.0,0.0,0.0,2,118.5,0.0,0,281.5,0.0,0.0,0.0,0.0,0.0,7
2023-05-09 21:13:14,y2311-P-7400,豆油2311沽7400,281.5,0.0,0.0,0.0,10,119.0,0.0,0,281.5,0.0,0.0,0.0,0.0,0.0,7
2023-05-09 21:13:17,y2311-P-7400,豆油2311沽7400,281.5,0.0,0.0,0.0,2,119.5,0.0,0,281.5,0.0,0.0,0.0,0.0,0.0,7
2023-05-09 21:13:17,y2311-P-7400,豆油2311沽7400,281.5,0.0,0.0,0.0,10,120.0,0.0,0,281.5,0.0,0.0,0.0,0.0,0.0,7
2023-05-09 21:13:18,y2311-P-7400,豆油2311沽7400,281.5,0.0,0.0,0.0,2,120.5,0.0,0,281.5,0.0,0.0,0.0,0.0,0.0,7
2023-05-09 21:13:18,y2311-P-7400,豆油2311沽7400,281.5,0.0,0.0,0.0,10,121.0,0.0,0,281.5,0.0,0.0,0.0,0.0,0.0,7
2023-05-09 21:13:20,y2311-P-7400,豆油2311沽7400,281.5,0.0,0.0,0.0,2,121.5,0.0,0,281.5,0.0,0.0,0.0,0.0,0.0,7
2023-05-09 21:13:20,y2311-P-7400,豆油2311沽7400,281.5,0.0,0.0,0.0,10,122.0,0.0,0,281.5,0.0,0.0,0.0,0.0,0.0,7
2023-05-09 21:13:21,y2311-P-7400,豆油2311沽7400,281.5,0.0,0.0,0.0,2,122.5,0.0,0,281.5,0.0,0.0,0.0,0.0,0.0,7
2023-05-09 21:13:21,y2311-P-7400,豆油2311沽7400,281.5,0.0,0.0,0.0,10,123.0,0.0,0,281.5,0.0,0.0,0.0,0.0,0.0,7
2023-05-09 21:13:22,y2311-P-7400,豆油2311沽7400,281.5,0.0,0.0,0.0,2,123.5,0.0,0,281.5,0.0,0.0,0.0,0.0,0.0,7
2023-05-09 21:13:22,y2311-P-7400,豆油2311沽7400,281.5,0.0,0.0,0.0,10,124.0,0.0,0,281.5,0.0,0.0,0.0,0.0,0.0,7
2023-05-09 21:13:24,y2311-P-7400,豆油2311沽7400,281.5,0.0,0.0,0.0,2,124.5,0.0,0,281.5,0.0,0.0,0.0,0.0,0.0,7
2023-05-09 21:13:24,y2311-P-7400,豆油2311沽7400,281.5,0.0,0.0,0.0,10,125.0,0.0,0,281.5,0.0,0.0,0.0,0.0,0.0,7
2023-05-09 21:13:26,y2311-P-7400,豆油2311沽7400,281.5,0.0,0.0,0.0,2,125.5,0.0,0,281.5,0.0,0.0,0.0,0.0,0.0,7
2023-05-09 21:13:26,y2311-P-7400,豆油2311沽7400,281.5,0.0,0.0,0.0,10,126.0,0.0,0,281.5,0.0,0.0,0.0,0.0,0.0,7
2023-05-09 21:13:27,y2311-P-7400,豆油2311沽7400,281.5,0.0,0.0,0.0,2,126.5,0.0,0,281.5,0.0,0.0,0.0,0.0,0.0,7
2023-05-09 21:13:27,y2311-P-7400,豆油2311沽7400,281.5,0.0,0.0,0.0,10,127.0,0.0,0,281.5,0.0,0.0,0.0,0.0,0.0,7
2023-05-09 21:13:29,y2311-P-7400,豆油2311沽7400,281.5,0.0,0.0,0.0,2,127.5,0.0,0,281.5,0.0,0.0,0.0,0.0,0.0,7
2023-05-09 21:13:29,y2311-P-7400,豆油2311沽7400,281.5,0.0,0.0,0.0,10,128.0,0.0,0,281.5,0.0,0.0,0.0,0.0,0.0,7
2023-05-09 21:13:30,y2311-P-7400,豆油2311沽7400,281.5,0.0,0.0,0.0,2,128.5,0.0,0,281.5,0.0,0.0,0.0,0.0,0.0,7
2023-05-09 21:13:30,y2311-P-7400,豆油2311沽7400,281.5,0.0,0.0,0.0,10,129.0,0.0,0,281.5,0.0,0.0,0.0,0.0,0.0,7
2023-05-09 21:13:32,y2311-P-7400,豆油2311沽7400,281.5,0.0,0.0,0.0,2,129.5,0.0,0,281.5,0.0,0.0,0.0,0.0,0.0,7
2023-05-09 21:13:32,y2311-P-7400,豆油2311沽7400,281.5,0.0,0.0,0.0,10,130.0,0.0,0,281.5,0.0,0.0,0.0,0.0,0.0,7
2023-05-09 21:13:33,y2311-P-7400,豆油2311沽7400,281.5,0.0,0.0,0.0,2,130.5,0.0,0,281.5,0.0,0.0,0.0,0.0,0.0,7
2023-05-09 21:13:33,y2311-P-7400,豆油2311沽7400,281.5,0.0,0.0,0.0,10,131.0,0.0,0,281.5,0.0,0.0,0.0,0.0,0.0,7
2023-05-09 21:13:34,y2311-P-7400,豆油2311沽7400,281.5,0.0,0.0,0.0,2,131.5,0.0,0,281.5,0.0,0.0,0.0,0.0,0.0,7
2023-05-09 21:13:34,y2311-P-7400,豆油2311沽7400,281.5,0.0,0.0,0.0,10,132.0,0.0,0,281.5,0.0,0.0,0.0,0.0,0.0,7
2023-05-09 21:13:35,y2311-P-7400,豆油2311沽7400,281.5,0.0,0.0,0.0,2,132.5,0.0,0,281.5,0.0,0.0,0.0,0.0,0.0,7
2023-05-09 21:13:35,y2311-P-7400,豆油2311沽7400,281.5,0.0,0.0,0.0,10,133.0,0.0,0,281.5,0.0,0.0,0.0,0.0,0.0,7
2023-05-09 21:13:36,y2311-P-7400,豆油2311沽7400,281.5,0.0,0.0,0.0,2,133.5,0.0,0,281.5,0.0,0.0,0.0,0.0,0.0,7
2023-05-09 21:13:36,y2311-P-7400,豆油2311沽7400,281.5,0.0,0.0,0.0,10,134.0,0.0,0,281.5,0.0,0.0,0.0,0.0,0.0,7
2023-05-09 21:13:37,y2311-P-7400,豆油2311沽7400,281.5,0.0,0.0,0.0,2,134.5,0.0,0,281.5,0.0,0.0,0.0,0.0,0.0,7
2023-05-09 21:13:37,y2311-P-7400,豆油2311沽7400,281.5,0.0,0.0,0.0,10,135.0,0.0,0,281.5,0.0,0.0,0.0,0.0,0.0,7
2023-05-09 21:13:38,y2311-P-7400,豆油2311沽7400,281.5,0.0,0.0,0.0,2,135.5,0.0,0,281.5,0.0,0.0,0.0,0.0,0.0,7
2023-05-09 21:13:38,y2311-P-7400,豆油2311沽7400,281.5,0.0,0.0,0.0,10,136.0,0.0,0,281.5,0.0,0.0,0.0,0.0,0.0,7
2023-05-09 21:13:39,y2311-P-7400,豆油2311沽7400,281.5,0.0,0.0,0.0,2,136.5,0.0,0,281.5,0.0,0.0,0.0,0.0,0.0,7
2023-05-09 21:13:39,y2311-P-7400,豆油2311沽7400,281.5,0.0,0.0,0.0,10,137.0,0.0,0,281.5,0.0,0.0,0.0,0.0,0.0,7
2023-05-09 21:13:40,y2311-P-7400,豆油2311沽7400,281.5,0.0,0.0,0.0,2,137.5,0.0,0,281.5,0.0,0.0,0.0,0.0,0.0,7
2023-05-09 21:13:40,y2311-P-7400,豆油2311沽7400,281.5,0.0,0.0,0.0,10,138.0,0.0,0,281.5,0.0,0.0,0.0,0.0,0.0,7
2023-05-09 21:13:41,y2311-P-7400,豆油2311沽7400,281.5,0.0,0.0,0.0,2,138.5,0.0,0,281.5,0.0,0.0,0.0,0.0,0.0,7
2023-05-09 21:13:41,y2311-P-7400,豆油2311沽7400,281.5,0.0,0.0,0.0,10,139.0,0.0,0,281.5,0.0,0.0,0.0,0.0,0.0,7
2023-05-09 21:13:42,y2311-P-7400,豆油2311沽7400,281.5,0.0,0.0,0.0,2,139.5,0.0,0,281.5,0.0,0.0,0.0,0.0,0.0,7
2023-05-09 21:13:42,y2311-P-7400,豆油2311沽7400,281.5,0.0,0.0,0.0,10,140.0,0.0,0,281.5,0.0,0.0,0.0,0.0,0.0,7
2023-05-09 21:32:38,y2311-P-7400,豆油2311沽7400,281.5,0.0,0.0,0.0,1,140.5,0.0,0,281.5,0.0,0.0,0.0,0.0,0.0,7
2023-05-09 21:32:38,y2311-P-7400,豆油2311沽7400,281.5,0.0,0.0,0.0,10,141.0,0.0,0,281.5,0.0,0.0,0.0,0.0,0.0,7
2023-05-09 22:09:40,y2311-P-7400,豆油2311沽7400,281.5,0.0,0.0,0.0,1,141.5,0.0,0,281.5,0.0,0.0,0.0,0.0,0.0,7
2023-05-09 22:09:40,y2311-P-7400,豆油2311沽7400,281.5,0.0,0.0,0.0,10,142.0,0.0,0,281.5,0.0,0.0,0.0,0.0,0.0,7
2023-05-09 22:40:02,y2311-P-7400,豆油2311沽7400,281.5,0.0,0.0,0.0,1,142.5,0.0,0,281.5,0.0,0.0,0.0,0.0,0.0,7
2023-05-09 22:40:02,y2311-P-7400,豆油2311沽7400,281.5,0.0,0.0,0.0,10,143.0,0.0,0,281.5,0.0,0.0,0.0,0.0,0.0,7
2023-05-09 22:56:53,y2311-P-7400,豆油2311沽7400,281.5,0.0,0.0,0.0,1,142.5,0.0,0,281.5,0.0,0.0,0.0,0.0,0.0,7
2023-05-09 22:57:37,y2311-P-7400,豆油2311沽7400,281.5,0.0,0.0,0.0,1,40.5,0.0,0,281.5,0.0,0.0,0.0,0.0,0.0,7
2023-05-09 22:59:17,y2311-P-7400,豆油2311沽7400,281.5,0.0,0.0,0.0,10,3.0,0.0,0,281.5,0.0,0.0,0.0,0.0,0.0,7
2023-05-09 22:59:56,y2311-P-7400,豆油2311沽7400,281.5,0.0,0.0,0.0,1,2.5,0.0,0,281.5,0.0,0.0,0.0,0.0,0.0,7
2023-05-10 09:00:15,y2311-P-7400,豆油2311沽7400,281.5,0.0,0.0,0.0,10,3.0,0.0,0,281.5,0.0,0.0,0.0,0.0,0.0,7
2023-05-10 09:00:47,y2311-P-7400,豆油2311沽7400,281.5,0.0,0.0,0.0,1,46.0,0.0,0,281.5,0.0,0.0,0.0,0.0,0.0,7
2023-05-10 09:00:47,y2311-P-7400,豆油2311沽7400,281.5,0.0,0.0,0.0,10,46.5,0.0,0,281.5,0.0,0.0,0.0,0.0,0.0,7
2023-05-10 09:01:26,y2311-P-7400,豆油2311沽7400,281.5,0.0,0.0,0.0,1,47.0,0.0,0,281.5,0.0,0.0,0.0,0.0,0.0,7
2023-05-10 09:01:26,y2311-P-7400,豆油2311沽7400,281.5,0.0,0.0,0.0,10,47.5,0.0,0,281.5,0.0,0.0,0.0,0.0,0.0,7
2023-05-10 09:03:27,y2311-P-7400,豆油2311沽7400,281.5,0.0,0.0,0.0,2,48.0,0.0,0,281.5,0.0,0.0,0.0,0.0,0.0,7
2023-05-10 09:03:27,y2311-P-7400,豆油2311沽7400,281.5,0.0,0.0,0.0,10,48.5,0.0,0,281.5,0.0,0.0,0.0,0.0,0.0,7
2023-05-10 09:15:11,y2311-P-7400,豆油2311沽7400,281.5,0.0,0.0,0.0,2,49.0,0.0,0,281.5,0.0,0.0,0.0,0.0,0.0,7
2023-05-10 09:15:11,y2311-P-7400,豆油2311沽7400,281.5,0.0,0.0,0.0,10,49.5,0.0,0,281.5,0.0,0.0,0.0,0.0,0.0,7
2023-05-10 09:15:15,y2311-P-7400,豆油2311沽7400,281.5,0.0,0.0,0.0,2,50.0,0.0,0,281.5,0.0,0.0,0.0,0.0,0.0,7
2023-05-10 09:15:15,y2311-P-7400,豆油2311沽7400,281.5,0.0,0.0,0.0,10,50.5,0.0,0,281.5,0.0,0.0,0.0,0.0,0.0,7
2023-05-10 09:15:19,y2311-P-7400,豆油2311沽7400,281.5,0.0,0.0,0.0,2,51.0,0.0,0,281.5,0.0,0.0,0.0,0.0,0.0,7
2023-05-10 09:15:19,y2311-P-7400,豆油2311沽7400,281.5,0.0,0.0,0.0,10,51.5,0.0,0,281.5,0.0,0.0,0.0,0.0,0.0,7
2023-05-10 09:15:21,y2311-P-7400,豆油2311沽7400,281.5,0.0,0.0,0.0,2,52.0,0.0,0,281.5,0.0,0.0,0.0,0.0,0.0,7
2023-05-10 09:15:21,y2311-P-7400,豆油2311沽7400,281.5,0.0,0.0,0.0,10,52.5,0.0,0,281.5,0.0,0.0,0.0,0.0,0.0,7
2023-05-10 09:15:25,y2311-P-7400,豆油2311沽7400,281.5,0.0,0.0,0.0,2,53.0,0.0,0,281.5,0.0,0.0,0.0,0.0,0.0,7
2023-05-10 09:15:25,y2311-P-7400,豆油2311沽7400,281.5,0.0,0.0,0.0,10,53.5,0.0,0,281.5,0.0,0.0,0.0,0.0,0.0,7
2023-05-10 09:15:27,y2311-P-7400,豆油2311沽7400,281.5,0.0,0.0,0.0,2,54.0,0.0,0,281.5,0.0,0.0,0.0,0.0,0.0,7
2023-05-10 09:15:27,y2311-P-7400,豆油2311沽7400,281.5,0.0,0.0,0.0,10,54.5,0.0,0,281.5,0.0,0.0,0.0,0.0,0.0,7
2023-05-10 09:15:30,y2311-P-7400,豆油2311沽7400,281.5,0.0,0.0,0.0,2,55.0,0.0,0,281.5,0.0,0.0,0.0,0.0,0.0,7
2023-05-10 09:15:30,y2311-P-7400,豆油2311沽7400,281.5,0.0,0.0,0.0,10,55.5,0.0,0,281.5,0.0,0.0,0.0,0.0,0.0,7
2023-05-10 09:15:31,y2311-P-7400,豆油2311沽7400,281.5,0.0,0.0,0.0,2,56.0,0.0,0,281.5,0.0,0.0,0.0,0.0,0.0,7
2023-05-10 09:15:31,y2311-P-7400,豆油2311沽7400,281.5,0.0,0.0,0.0,10,56.5,0.0,0,281.5,0.0,0.0,0.0,0.0,0.0,7
2023-05-10 09:15:34,y2311-P-7400,豆油2311沽7400,281.5,0.0,0.0,0.0,2,57.0,0.0,0,281.5,0.0,0.0,0.0,0.0,0.0,7
2023-05-10 09:15:34,y2311-P-7400,豆油2311沽7400,281.5,0.0,0.0,0.0,10,57.5,0.0,0,281.5,0.0,0.0,0.0,0.0,0.0,7
2023-05-10 09:15:37,y2311-P-7400,豆油2311沽7400,281.5,0.0,0.0,0.0,2,58.0,0.0,0,281.5,0.0,0.0,0.0,0.0,0.0,7
2023-05-10 09:15:37,y2311-P-7400,豆油2311沽7400,281.5,0.0,0.0,0.0,10,58.5,0.0,0,281.5,0.0,0.0,0.0,0.0,0.0,7
2023-05-10 09:15:40,y2311-P-7400,豆油2311沽7400,281.5,0.0,0.0,0.0,2,59.0,0.0,0,281.5,0.0,0.0,0.0,0.0,0.0,7
2023-05-10 09:15:40,y2311-P-7400,豆油2311沽7400,281.5,0.0,0.0,0.0,10,59.5,0.0,0,281.5,0.0,0.0,0.0,0.0,0.0,7
2023-05-10 09:15:43,y2311-P-7400,豆油2311沽7400,281.5,0.0,0.0,0.0,2,60.0,0.0,0,281.5,0.0,0.0,0.0,0.0,0.0,7
2023-05-10 09:15:43,y2311-P-7400,豆油2311沽7400,281.5,0.0,0.0,0.0,10,60.5,0.0,0,281.5,0.0,0.0,0.0,0.0,0.0,7
2023-05-10 09:15:45,y2311-P-7400,豆油2311沽7400,281.5,0.0,0.0,0.0,2,61.0,0.0,0,281.5,0.0,0.0,0.0,0.0,0.0,7
2023-05-10 09:15:45,y2311-P-7400,豆油2311沽7400,281.5,0.0,0.0,0.0,10,61.5,0.0,0,281.5,0.0,0.0,0.0,0.0,0.0,7
2023-05-10 09:15:47,y2311-P-7400,豆油2311沽7400,281.5,0.0,0.0,0.0,2,62.0,0.0,0,281.5,0.0,0.0,0.0,0.0,0.0,7
2023-05-10 09:15:47,y2311-P-7400,豆油2311沽7400,281.5,0.0,0.0,0.0,10,62.5,0.0,0,281.5,0.0,0.0,0.0,0.0,0.0,7
2023-05-10 09:15:48,y2311-P-7400,豆油2311沽7400,281.5,0.0,0.0,0.0,2,63.0,0.0,0,281.5,0.0,0.0,0.0,0.0,0.0,7
2023-05-10 09:15:48,y2311-P-7400,豆油2311沽7400,281.5,0.0,0.0,0.0,10,63.5,0.0,0,281.5,0.0,0.0,0.0,0.0,0.0,7
2023-05-10 09:15:50,y2311-P-7400,豆油2311沽7400,281.5,0.0,0.0,0.0,2,64.0,0.0,0,281.5,0.0,0.0,0.0,0.0,0.0,7
2023-05-10 09:15:50,y2311-P-7400,豆油2311沽7400,281.5,0.0,0.0,0.0,10,64.5,0.0,0,281.5,0.0,0.0,0.0,0.0,0.0,7
2023-05-10 09:15:52,y2311-P-7400,豆油2311沽7400,281.5,0.0,0.0,0.0,2,65.0,0.0,0,281.5,0.0,0.0,0.0,0.0,0.0,7
2023-05-10 09:15:52,y2311-P-7400,豆油2311沽7400,281.5,0.0,0.0,0.0,10,65.5,0.0,0,281.5,0.0,0.0,0.0,0.0,0.0,7
2023-05-10 09:15:53,y2311-P-7400,豆油2311沽7400,281.5,0.0,0.0,0.0,2,66.0,0.0,0,281.5,0.0,0.0,0.0,0.0,0.0,7
2023-05-10 09:15:53,y2311-P-7400,豆油2311沽7400,281.5,0.0,0.0,0.0,10,66.5,0.0,0,281.5,0.0,0.0,0.0,0.0,0.0,7
2023-05-10 09:15:55,y2311-P-7400,豆油2311沽7400,281.5,0.0,0.0,0.0,2,67.0,0.0,0,281.5,0.0,0.0,0.0,0.0,0.0,7
2023-05-10 09:15:55,y2311-P-7400,豆油2311沽7400,281.5,0.0,0.0,0.0,10,67.5,0.0,0,281.5,0.0,0.0,0.0,0.0,0.0,7
2023-05-10 09:15:57,y2311-P-7400,豆油2311沽7400,281.5,0.0,0.0,0.0,2,68.0,0.0,0,281.5,0.0,0.0,0.0,0.0,0.0,7
2023-05-10 09:15:57,y2311-P-7400,豆油2311沽7400,281.5,0.0,0.0,0.0,10,68.5,0.0,0,281.5,0.0,0.0,0.0,0.0,0.0,7
2023-05-10 09:15:58,y2311-P-7400,豆油2311沽7400,281.5,0.0,0.0,0.0,2,69.0,0.0,0,281.5,0.0,0.0,0.0,0.0,0.0,7
2023-05-10 09:15:58,y2311-P-7400,豆油2311沽7400,281.5,0.0,0.0,0.0,10,69.5,0.0,0,281.5,0.0,0.0,0.0,0.0,0.0,7
2023-05-10 09:16:00,y2311-P-7400,豆油2311沽7400,281.5,0.0,0.0,0.0,2,70.0,0.0,0,281.5,0.0,0.0,0.0,0.0,0.0,7
2023-05-10 09:16:00,y2311-P-7400,豆油2311沽7400,281.5,0.0,0.0,0.0,10,70.5,0.0,0,281.5,0.0,0.0,0.0,0.0,0.0,7
2023-05-10 09:16:01,y2311-P-7400,豆油2311沽7400,281.5,0.0,0.0,0.0,2,71.0,0.0,0,281.5,0.0,0.0,0.0,0.0,0.0,7
2023-05-10 09:16:01,y2311-P-7400,豆油2311沽7400,281.5,0.0,0.0,0.0,10,71.5,0.0,0,281.5,0.0,0.0,0.0,0.0,0.0,7
2023-05-10 09:16:03,y2311-P-7400,豆油2311沽7400,281.5,0.0,0.0,0.0,2,72.0,0.0,0,281.5,0.0,0.0,0.0,0.0,0.0,7
2023-05-10 09:16:03,y2311-P-7400,豆油2311沽7400,281.5,0.0,0.0,0.0,10,72.5,0.0,0,281.5,0.0,0.0,0.0,0.0,0.0,7
2023-05-10 09:16:04,y2311-P-7400,豆油2311沽7400,281.5,0.0,0.0,0.0,2,73.0,0.0,0,281.5,0.0,0.0,0.0,0.0,0.0,7
2023-05-10 09:16:04,y2311-P-7400,豆油2311沽7400,281.5,0.0,0.0,0.0,10,73.5,0.0,0,281.5,0.0,0.0,0.0,0.0,0.0,7
2023-05-10 09:16:06,y2311-P-7400,豆油2311沽7400,281.5,0.0,0.0,0.0,2,74.0,0.0,0,281.5,0.0,0.0,0.0,0.0,0.0,7
2023-05-10 09:16:06,y2311-P-7400,豆油2311沽7400,281.5,0.0,0.0,0.0,10,74.5,0.0,0,281.5,0.0,0.0,0.0,0.0,0.0,7
2023-05-10 09:16:07,y2311-P-7400,豆油2311沽7400,281.5,0.0,0.0,0.0,2,75.0,0.0,0,281.5,0.0,0.0,0.0,0.0,0.0,7
2023-05-10 09:16:07,y2311-P-7400,豆油2311沽7400,281.5,0.0,0.0,0.0,10,75.5,0.0,0,281.5,0.0,0.0,0.0,0.0,0.0,7
2023-05-10 09:16:09,y2311-P-7400,豆油2311沽7400,281.5,0.0,0.0,0.0,2,76.0,0.0,0,281.5,0.0,0.0,0.0,0.0,0.0,7
2023-05-10 09:16:09,y2311-P-7400,豆油2311沽7400,281.5,0.0,0.0,0.0,10,76.5,0.0,0,281.5,0.0,0.0,0.0,0.0,0.0,7
2023-05-10 09:16:10,y2311-P-7400,豆油2311沽7400,281.5,0.0,0.0,0.0,2,77.0,0.0,0,281.5,0.0,0.0,0.0,0.0,0.0,7
2023-05-10 09:16:10,y2311-P-7400,豆油2311沽7400,281.5,0.0,0.0,0.0,10,77.5,0.0,0,281.5,0.0,0.0,0.0,0.0,0.0,7
2023-05-10 09:16:12,y2311-P-7400,豆油2311沽7400,281.5,0.0,0.0,0.0,2,78.0,0.0,0,281.5,0.0,0.0,0.0,0.0,0.0,7
2023-05-10 09:16:12,y2311-P-7400,豆油2311沽7400,281.5,0.0,0.0,0.0,10,78.5,0.0,0,281.5,0.0,0.0,0.0,0.0,0.0,7
2023-05-10 09:16:13,y2311-P-7400,豆油2311沽7400,281.5,0.0,0.0,0.0,2,79.0,0.0,0,281.5,0.0,0.0,0.0,0.0,0.0,7
2023-05-10 09:16:13,y2311-P-7400,豆油2311沽7400,281.5,0.0,0.0,0.0,10,79.5,0.0,0,281.5,0.0,0.0,0.0,0.0,0.0,7
2023-05-10 09:16:15,y2311-P-7400,豆油2311沽7400,281.5,0.0,0.0,0.0,2,80.0,0.0,0,281.5,0.0,0.0,0.0,0.0,0.0,7
2023-05-10 09:16:15,y2311-P-7400,豆油2311沽7400,281.5,0.0,0.0,0.0,10,80.5,0.0,0,281.5,0.0,0.0,0.0,0.0,0.0,7
2023-05-10 09:16:16,y2311-P-7400,豆油2311沽7400,281.5,0.0,0.0,0.0,2,81.0,0.0,0,281.5,0.0,0.0,0.0,0.0,0.0,7
2023-05-10 09:16:16,y2311-P-7400,豆油2311沽7400,281.5,0.0,0.0,0.0,10,81.5,0.0,0,281.5,0.0,0.0,0.0,0.0,0.0,7
2023-05-10 09:16:18,y2311-P-7400,豆油2311沽7400,281.5,0.0,0.0,0.0,2,82.0,0.0,0,281.5,0.0,0.0,0.0,0.0,0.0,7
2023-05-10 09:16:18,y2311-P-7400,豆油2311沽7400,281.5,0.0,0.0,0.0,10,82.5,0.0,0,281.5,0.0,0.0,0.0,0.0,0.0,7
2023-05-10 09:16:19,y2311-P-7400,豆油2311沽7400,281.5,0.0,0.0,0.0,2,83.0,0.0,0,281.5,0.0,0.0,0.0,0.0,0.0,7
2023-05-10 09:16:19,y2311-P-7400,豆油2311沽7400,281.5,0.0,0.0,0.0,10,83.5,0.0,0,281.5,0.0,0.0,0.0,0.0,0.0,7
2023-05-10 09:16:20,y2311-P-7400,豆油2311沽7400,281.5,0.0,0.0,0.0,2,84.0,0.0,0,281.5,0.0,0.0,0.0,0.0,0.0,7
2023-05-10 09:16:20,y2311-P-7400,豆油2311沽7400,281.5,0.0,0.0,0.0,10,84.5,0.0,0,281.5,0.0,0.0,0.0,0.0,0.0,7
2023-05-10 09:16:22,y2311-P-7400,豆油2311沽7400,281.5,0.0,0.0,0.0,2,85.0,0.0,0,281.5,0.0,0.0,0.0,0.0,0.0,7
2023-05-10 09:16:22,y2311-P-7400,豆油2311沽7400,281.5,0.0,0.0,0.0,10,85.5,0.0,0,281.5,0.0,0.0,0.0,0.0,0.0,7
2023-05-10 09:16:23,y2311-P-7400,豆油2311沽7400,281.5,0.0,0.0,0.0,2,86.0,0.0,0,281.5,0.0,0.0,0.0,0.0,0.0,7
2023-05-10 09:16:23,y2311-P-7400,豆油2311沽7400,281.5,0.0,0.0,0.0,10,86.5,0.0,0,281.5,0.0,0.0,0.0,0.0,0.0,7
2023-05-10 09:16:25,y2311-P-7400,豆油2311沽7400,281.5,0.0,0.0,0.0,2,87.0,0.0,0,281.5,0.0,0.0,0.0,0.0,0.0,7
2023-05-10 09:16:25,y2311-P-7400,豆油2311沽7400,281.5,0.0,0.0,0.0,10,87.5,0.0,0,281.5,0.0,0.0,0.0,0.0,0.0,7
2023-05-10 09:16:26,y2311-P-7400,豆油2311沽7400,281.5,0.0,0.0,0.0,2,88.0,0.0,0,281.5,0.0,0.0,0.0,0.0,0.0,7
2023-05-10 09:16:26,y2311-P-7400,豆油2311沽7400,281.5,0.0,0.0,0.0,10,88.5,0.0,0,281.5,0.0,0.0,0.0,0.0,0.0,7
2023-05-10 09:16:27,y2311-P-7400,豆油2311沽7400,281.5,0.0,0.0,0.0,2,89.0,0.0,0,281.5,0.0,0.0,0.0,0.0,0.0,7
2023-05-10 09:16:27,y2311-P-7400,豆油2311沽7400,281.5,0.0,0.0,0.0,10,89.5,0.0,0,281.5,0.0,0.0,0.0,0.0,0.0,7
2023-05-10 09:16:28,y2311-P-7400,豆油2311沽7400,281.5,0.0,0.0,0.0,2,90.0,0.0,0,281.5,0.0,0.0,0.0,0.0,0.0,7
2023-05-10 09:16:28,y2311-P-7400,豆油2311沽7400,281.5,0.0,0.0,0.0,10,90.5,0.0,0,281.5,0.0,0.0,0.0,0.0,0.0,7
2023-05-10 09:16:30,y2311-P-7400,豆油2311沽7400,281.5,0.0,0.0,0.0,2,91.0,0.0,0,281.5,0.0,0.0,0.0,0.0,0.0,7
2023-05-10 09:16:30,y2311-P-7400,豆油2311沽7400,281.5,0.0,0.0,0.0,10,91.5,0.0,0,281.5,0.0,0.0,0.0,0.0,0.0,7
2023-05-10 09:16:31,y2311-P-7400,豆油2311沽7400,281.5,0.0,0.0,0.0,2,92.0,0.0,0,281.5,0.0,0.0,0.0,0.0,0.0,7
2023-05-10 09:16:31,y2311-P-7400,豆油2311沽7400,281.5,0.0,0.0,0.0,10,92.5,0.0,0,281.5,0.0,0.0,0.0,0.0,0.0,7
2023-05-10 09:16:33,y2311-P-7400,豆油2311沽7400,281.5,0.0,0.0,0.0,2,93.0,0.0,0,281.5,0.0,0.0,0.0,0.0,0.0,7
2023-05-10 09:16:33,y2311-P-7400,豆油2311沽7400,281.5,0.0,0.0,0.0,10,93.5,0.0,0,281.5,0.0,0.0,0.0,0.0,0.0,7
2023-05-10 09:16:34,y2311-P-7400,豆油2311沽7400,281.5,0.0,0.0,0.0,2,94.0,0.0,0,281.5,0.0,0.0,0.0,0.0,0.0,7
2023-05-10 09:16:34,y2311-P-7400,豆油2311沽7400,281.5,0.0,0.0,0.0,10,94.5,0.0,0,281.5,0.0,0.0,0.0,0.0,0.0,7
2023-05-10 09:16:35,y2311-P-7400,豆油2311沽7400,281.5,0.0,0.0,0.0,2,95.0,0.0,0,281.5,0.0,0.0,0.0,0.0,0.0,7
2023-05-10 09:16:35,y2311-P-7400,豆油2311沽7400,281.5,0.0,0.0,0.0,10,95.5,0.0,0,281.5,0.0,0.0,0.0,0.0,0.0,7
2023-05-10 09:16:36,y2311-P-7400,豆油2311沽7400,281.5,0.0,0.0,0.0,2,96.0,0.0,0,281.5,0.0,0.0,0.0,0.0,0.0,7
2023-05-10 09:16:36,y2311-P-7400,豆油2311沽7400,281.5,0.0,0.0,0.0,10,96.5,0.0,0,281.5,0.0,0.0,0.0,0.0,0.0,7
2023-05-10 09:16:37,y2311-P-7400,豆油2311沽7400,281.5,0.0,0.0,0.0,2,97.0,0.0,0,281.5,0.0,0.0,0.0,0.0,0.0,7
2023-05-10 09:16:37,y2311-P-7400,豆油2311沽7400,281.5,0.0,0.0,0.0,10,97.5,0.0,0,281.5,0.0,0.0,0.0,0.0,0.0,7
2023-05-10 09:16:38,y2311-P-7400,豆油2311沽7400,281.5,0.0,0.0,0.0,2,98.0,0.0,0,281.5,0.0,0.0,0.0,0.0,0.0,7
2023-05-10 09:16:38,y2311-P-7400,豆油2311沽7400,281.5,0.0,0.0,0.0,10,98.5,0.0,0,281.5,0.0,0.0,0.0,0.0,0.0,7
2023-05-10 09:16:40,y2311-P-7400,豆油2311沽7400,281.5,0.0,0.0,0.0,2,99.0,0.0,0,281.5,0.0,0.0,0.0,0.0,0.0,7
2023-05-10 09:16:40,y2311-P-7400,豆油2311沽7400,281.5,0.0,0.0,0.0,10,99.5,0.0,0,281.5,0.0,0.0,0.0,0.0,0.0,7
2023-05-10 09:16:41,y2311-P-7400,豆油2311沽7400,281.5,0.0,0.0,0.0,2,100.0,0.0,0,281.5,0.0,0.0,0.0,0.0,0.0,7
2023-05-10 09:16:41,y2311-P-7400,豆油2311沽7400,281.5,0.0,0.0,0.0,10,100.5,0.0,0,281.5,0.0,0.0,0.0,0.0,0.0,7
2023-05-10 09:16:43,y2311-P-7400,豆油2311沽7400,281.5,0.0,0.0,0.0,2,101.0,0.0,0,281.5,0.0,0.0,0.0,0.0,0.0,7
2023-05-10 09:16:43,y2311-P-7400,豆油2311沽7400,281.5,0.0,0.0,0.0,10,101.5,0.0,0,281.5,0.0,0.0,0.0,0.0,0.0,7
2023-05-10 09:16:44,y2311-P-7400,豆油2311沽7400,281.5,0.0,0.0,0.0,2,102.0,0.0,0,281.5,0.0,0.0,0.0,0.0,0.0,7
2023-05-10 09:16:44,y2311-P-7400,豆油2311沽7400,281.5,0.0,0.0,0.0,10,102.5,0.0,0,281.5,0.0,0.0,0.0,0.0,0.0,7
2023-05-10 09:16:45,y2311-P-7400,豆油2311沽7400,281.5,0.0,0.0,0.0,2,103.0,0.0,0,281.5,0.0,0.0,0.0,0.0,0.0,7
2023-05-10 09:16:45,y2311-P-7400,豆油2311沽7400,281.5,0.0,0.0,0.0,10,103.5,0.0,0,281.5,0.0,0.0,0.0,0.0,0.0,7
2023-05-10 09:16:46,y2311-P-7400,豆油2311沽7400,281.5,0.0,0.0,0.0,2,104.0,0.0,0,281.5,0.0,0.0,0.0,0.0,0.0,7
2023-05-10 09:16:46,y2311-P-7400,豆油2311沽7400,281.5,0.0,0.0,0.0,10,104.5,0.0,0,281.5,0.0,0.0,0.0,0.0,0.0,7
2023-05-10 09:16:47,y2311-P-7400,豆油2311沽7400,281.5,0.0,0.0,0.0,2,105.0,0.0,0,281.5,0.0,0.0,0.0,0.0,0.0,7
2023-05-10 09:16:47,y2311-P-7400,豆油2311沽7400,281.5,0.0,0.0,0.0,10,105.5,0.0,0,281.5,0.0,0.0,0.0,0.0,0.0,7
2023-05-10 09:16:49,y2311-P-7400,豆油2311沽7400,281.5,0.0,0.0,0.0,2,106.0,0.0,0,281.5,0.0,0.0,0.0,0.0,0.0,7
2023-05-10 09:16:49,y2311-P-7400,豆油2311沽7400,281.5,0.0,0.0,0.0,10,106.5,0.0,0,281.5,0.0,0.0,0.0,0.0,0.0,7
2023-05-10 09:16:50,y2311-P-7400,豆油2311沽7400,281.5,0.0,0.0,0.0,2,107.0,0.0,0,281.5,0.0,0.0,0.0,0.0,0.0,7
2023-05-10 09:16:50,y2311-P-7400,豆油2311沽7400,281.5,0.0,0.0,0.0,10,107.5,0.0,0,281.5,0.0,0.0,0.0,0.0,0.0,7
2023-05-10 09:16:52,y2311-P-7400,豆油2311沽7400,281.5,0.0,0.0,0.0,2,108.0,0.0,0,281.5,0.0,0.0,0.0,0.0,0.0,7
2023-05-10 09:16:52,y2311-P-7400,豆油2311沽7400,281.5,0.0,0.0,0.0,10,108.5,0.0,0,281.5,0.0,0.0,0.0,0.0,0.0,7
2023-05-10 09:16:53,y2311-P-7400,豆油2311沽7400,281.5,0.0,0.0,0.0,2,109.0,0.0,0,281.5,0.0,0.0,0.0,0.0,0.0,7
2023-05-10 09:16:53,y2311-P-7400,豆油2311沽7400,281.5,0.0,0.0,0.0,10,109.5,0.0,0,281.5,0.0,0.0,0.0,0.0,0.0,7
2023-05-10 09:16:55,y2311-P-7400,豆油2311沽7400,281.5,0.0,0.0,0.0,2,110.0,0.0,0,281.5,0.0,0.0,0.0,0.0,0.0,7
2023-05-10 09:16:55,y2311-P-7400,豆油2311沽7400,281.5,0.0,0.0,0.0,10,110.5,0.0,0,281.5,0.0,0.0,0.0,0.0,0.0,7
2023-05-10 09:16:56,y2311-P-7400,豆油2311沽7400,281.5,0.0,0.0,0.0,2,111.0,0.0,0,281.5,0.0,0.0,0.0,0.0,0.0,7
2023-05-10 09:16:56,y2311-P-7400,豆油2311沽7400,281.5,0.0,0.0,0.0,10,111.5,0.0,0,281.5,0.0,0.0,0.0,0.0,0.0,7
2023-05-10 09:16:58,y2311-P-7400,豆油2311沽7400,281.5,0.0,0.0,0.0,2,112.0,0.0,0,281.5,0.0,0.0,0.0,0.0,0.0,7
2023-05-10 09:16:58,y2311-P-7400,豆油2311沽7400,281.5,0.0,0.0,0.0,10,112.5,0.0,0,281.5,0.0,0.0,0.0,0.0,0.0,7
2023-05-10 09:16:59,y2311-P-7400,豆油2311沽7400,281.5,0.0,0.0,0.0,2,113.0,0.0,0,281.5,0.0,0.0,0.0,0.0,0.0,7
2023-05-10 09:16:59,y2311-P-7400,豆油2311沽7400,281.5,0.0,0.0,0.0,10,113.5,0.0,0,281.5,0.0,0.0,0.0,0.0,0.0,7
2023-05-10 09:17:00,y2311-P-7400,豆油2311沽7400,281.5,0.0,0.0,0.0,2,114.0,0.0,0,281.5,0.0,0.0,0.0,0.0,0.0,7
2023-05-10 09:17:00,y2311-P-7400,豆油2311沽7400,281.5,0.0,0.0,0.0,10,114.5,0.0,0,281.5,0.0,0.0,0.0,0.0,0.0,7
2023-05-10 09:17:02,y2311-P-7400,豆油2311沽7400,281.5,0.0,0.0,0.0,2,115.0,0.0,0,281.5,0.0,0.0,0.0,0.0,0.0,7
2023-05-10 09:17:02,y2311-P-7400,豆油2311沽7400,281.5,0.0,0.0,0.0,10,115.5,0.0,0,281.5,0.0,0.0,0.0,0.0,0.0,7
2023-05-10 09:17:03,y2311-P-7400,豆油2311沽7400,281.5,0.0,0.0,0.0,2,116.0,0.0,0,281.5,0.0,0.0,0.0,0.0,0.0,7
2023-05-10 09:17:03,y2311-P-7400,豆油2311沽7400,281.5,0.0,0.0,0.0,10,116.5,0.0,0,281.5,0.0,0.0,0.0,0.0,0.0,7
2023-05-10 09:17:04,y2311-P-7400,豆油2311沽7400,281.5,0.0,0.0,0.0,2,117.0,0.0,0,281.5,0.0,0.0,0.0,0.0,0.0,7
2023-05-10 09:17:04,y2311-P-7400,豆油2311沽7400,281.5,0.0,0.0,0.0,10,117.5,0.0,0,281.5,0.0,0.0,0.0,0.0,0.0,7
2023-05-10 09:17:05,y2311-P-7400,豆油2311沽7400,281.5,0.0,0.0,0.0,2,118.0,0.0,0,281.5,0.0,0.0,0.0,0.0,0.0,7
2023-05-10 09:17:05,y2311-P-7400,豆油2311沽7400,281.5,0.0,0.0,0.0,10,118.5,0.0,0,281.5,0.0,0.0,0.0,0.0,0.0,7
2023-05-10 09:17:06,y2311-P-7400,豆油2311沽7400,281.5,0.0,0.0,0.0,2,119.0,0.0,0,281.5,0.0,0.0,0.0,0.0,0.0,7
2023-05-10 09:17:06,y2311-P-7400,豆油2311沽7400,281.5,0.0,0.0,0.0,10,119.5,0.0,0,281.5,0.0,0.0,0.0,0.0,0.0,7
2023-05-10 09:17:07,y2311-P-7400,豆油2311沽7400,281.5,0.0,0.0,0.0,2,120.0,0.0,0,281.5,0.0,0.0,0.0,0.0,0.0,7
2023-05-10 09:17:07,y2311-P-7400,豆油2311沽7400,281.5,0.0,0.0,0.0,10,120.5,0.0,0,281.5,0.0,0.0,0.0,0.0,0.0,7
2023-05-10 09:17:08,y2311-P-7400,豆油2311沽7400,281.5,0.0,0.0,0.0,2,121.0,0.0,0,281.5,0.0,0.0,0.0,0.0,0.0,7
2023-05-10 09:17:08,y2311-P-7400,豆油2311沽7400,281.5,0.0,0.0,0.0,10,121.5,0.0,0,281.5,0.0,0.0,0.0,0.0,0.0,7
2023-05-10 09:17:09,y2311-P-7400,豆油2311沽7400,281.5,0.0,0.0,0.0,2,122.0,0.0,0,281.5,0.0,0.0,0.0,0.0,0.0,7
2023-05-10 09:17:09,y2311-P-7400,豆油2311沽7400,281.5,0.0,0.0,0.0,10,122.5,0.0,0,281.5,0.0,0.0,0.0,0.0,0.0,7
2023-05-10 09:17:10,y2311-P-7400,豆油2311沽7400,281.5,0.0,0.0,0.0,2,123.0,0.0,0,281.5,0.0,0.0,0.0,0.0,0.0,7
2023-05-10 09:17:10,y2311-P-7400,豆油2311沽7400,281.5,0.0,0.0,0.0,10,123.5,0.0,0,281.5,0.0,0.0,0.0,0.0,0.0,7
2023-05-10 09:17:12,y2311-P-7400,豆油2311沽7400,281.5,0.0,0.0,0.0,2,124.0,0.0,0,281.5,0.0,0.0,0.0,0.0,0.0,7
2023-05-10 09:17:12,y2311-P-7400,豆油2311沽7400,281.5,0.0,0.0,0.0,10,124.5,0.0,0,281.5,0.0,0.0,0.0,0.0,0.0,7
2023-05-10 09:17:13,y2311-P-7400,豆油2311沽7400,281.5,0.0,0.0,0.0,2,125.0,0.0,0,281.5,0.0,0.0,0.0,0.0,0.0,7
2023-05-10 09:17:13,y2311-P-7400,豆油2311沽7400,281.5,0.0,0.0,0.0,10,125.5,0.0,0,281.5,0.0,0.0,0.0,0.0,0.0,7
2023-05-10 09:17:14,y2311-P-7400,豆油2311沽7400,281.5,0.0,0.0,0.0,2,126.0,0.0,0,281.5,0.0,0.0,0.0,0.0,0.0,7
2023-05-10 09:17:14,y2311-P-7400,豆油2311沽7400,281.5,0.0,0.0,0.0,10,126.5,0.0,0,281.5,0.0,0.0,0.0,0.0,0.0,7
2023-05-10 09:17:15,y2311-P-7400,豆油2311沽7400,281.5,0.0,0.0,0.0,2,127.0,0.0,0,281.5,0.0,0.0,0.0,0.0,0.0,7
2023-05-10 09:17:15,y2311-P-7400,豆油2311沽7400,281.5,0.0,0.0,0.0,10,127.5,0.0,0,281.5,0.0,0.0,0.0,0.0,0.0,7
2023-05-10 09:17:17,y2311-P-7400,豆油2311沽7400,281.5,0.0,0.0,0.0,2,128.0,0.0,0,281.5,0.0,0.0,0.0,0.0,0.0,7
2023-05-10 09:17:17,y2311-P-7400,豆油2311沽7400,281.5,0.0,0.0,0.0,10,128.5,0.0,0,281.5,0.0,0.0,0.0,0.0,0.0,7
2023-05-10 09:17:18,y2311-P-7400,豆油2311沽7400,281.5,0.0,0.0,0.0,2,129.0,0.0,0,281.5,0.0,0.0,0.0,0.0,0.0,7
2023-05-10 09:17:18,y2311-P-7400,豆油2311沽7400,281.5,0.0,0.0,0.0,10,129.5,0.0,0,281.5,0.0,0.0,0.0,0.0,0.0,7
2023-05-10 09:17:19,y2311-P-7400,豆油2311沽7400,281.5,0.0,0.0,0.0,2,130.0,0.0,0,281.5,0.0,0.0,0.0,0.0,0.0,7
2023-05-10 09:17:19,y2311-P-7400,豆油2311沽7400,281.5,0.0,0.0,0.0,10,130.5,0.0,0,281.5,0.0,0.0,0.0,0.0,0.0,7
2023-05-10 09:17:20,y2311-P-7400,豆油2311沽7400,281.5,0.0,0.0,0.0,2,131.0,0.0,0,281.5,0.0,0.0,0.0,0.0,0.0,7
2023-05-10 09:17:20,y2311-P-7400,豆油2311沽7400,281.5,0.0,0.0,0.0,10,131.5,0.0,0,281.5,0.0,0.0,0.0,0.0,0.0,7
2023-05-10 09:17:22,y2311-P-7400,豆油2311沽7400,281.5,0.0,0.0,0.0,2,132.0,0.0,0,281.5,0.0,0.0,0.0,0.0,0.0,7
2023-05-10 09:17:22,y2311-P-7400,豆油2311沽7400,281.5,0.0,0.0,0.0,10,132.5,0.0,0,281.5,0.0,0.0,0.0,0.0,0.0,7
2023-05-10 09:17:23,y2311-P-7400,豆油2311沽7400,281.5,0.0,0.0,0.0,2,133.0,0.0,0,281.5,0.0,0.0,0.0,0.0,0.0,7
2023-05-10 09:17:23,y2311-P-7400,豆油2311沽7400,281.5,0.0,0.0,0.0,10,133.5,0.0,0,281.5,0.0,0.0,0.0,0.0,0.0,7
2023-05-10 09:17:24,y2311-P-7400,豆油2311沽7400,281.5,0.0,0.0,0.0,2,134.0,0.0,0,281.5,0.0,0.0,0.0,0.0,0.0,7
2023-05-10 09:17:24,y2311-P-7400,豆油2311沽7400,281.5,0.0,0.0,0.0,10,134.5,0.0,0,281.5,0.0,0.0,0.0,0.0,0.0,7
2023-05-10 09:17:26,y2311-P-7400,豆油2311沽7400,281.5,0.0,0.0,0.0,2,135.0,0.0,0,281.5,0.0,0.0,0.0,0.0,0.0,7
2023-05-10 09:17:26,y2311-P-7400,豆油2311沽7400,281.5,0.0,0.0,0.0,10,135.5,0.0,0,281.5,0.0,0.0,0.0,0.0,0.0,7
2023-05-10 09:17:27,y2311-P-7400,豆油2311沽7400,281.5,0.0,0.0,0.0,2,136.0,0.0,0,281.5,0.0,0.0,0.0,0.0,0.0,7
2023-05-10 09:17:27,y2311-P-7400,豆油2311沽7400,281.5,0.0,0.0,0.0,10,136.5,0.0,0,281.5,0.0,0.0,0.0,0.0,0.0,7
2023-05-10 09:17:29,y2311-P-7400,豆油2311沽7400,281.5,0.0,0.0,0.0,2,137.0,0.0,0,281.5,0.0,0.0,0.0,0.0,0.0,7
2023-05-10 09:17:29,y2311-P-7400,豆油2311沽7400,281.5,0.0,0.0,0.0,10,137.5,0.0,0,281.5,0.0,0.0,0.0,0.0,0.0,7
2023-05-10 09:17:31,y2311-P-7400,豆油2311沽7400,281.5,0.0,0.0,0.0,2,138.0,0.0,0,281.5,0.0,0.0,0.0,0.0,0.0,7
2023-05-10 09:17:31,y2311-P-7400,豆油2311沽7400,281.5,0.0,0.0,0.0,10,138.5,0.0,0,281.5,0.0,0.0,0.0,0.0,0.0,7
2023-05-10 09:17:32,y2311-P-7400,豆油2311沽7400,281.5,0.0,0.0,0.0,2,139.0,0.0,0,281.5,0.0,0.0,0.0,0.0,0.0,7
2023-05-10 09:17:32,y2311-P-7400,豆油2311沽7400,281.5,0.0,0.0,0.0,10,139.5,0.0,0,281.5,0.0,0.0,0.0,0.0,0.0,7
2023-05-10 09:17:34,y2311-P-7400,豆油2311沽7400,281.5,0.0,0.0,0.0,2,140.0,0.0,0,281.5,0.0,0.0,0.0,0.0,0.0,7
2023-05-10 09:17:34,y2311-P-7400,豆油2311沽7400,281.5,0.0,0.0,0.0,10,140.5,0.0,0,281.5,0.0,0.0,0.0,0.0,0.0,7
2023-05-10 10:14:33,y2311-P-7400,豆油2311沽7400,281.5,0.0,0.0,0.0,1,47.0,0.0,0,281.5,0.0,0.0,0.0,0.0,0.0,7
2023-05-10 10:30:06,y2311-P-7400,豆油2311沽7400,281.5,0.0,0.0,0.0,10,47.5,0.0,0,281.5,0.0,0.0,0.0,0.0,0.0,7
2023-05-10 10:31:17,y2311-P-7400,豆油2311沽7400,281.5,0.0,0.0,0.0,2,48.0,0.0,0,281.5,0.0,0.0,0.0,0.0,0.0,7
2023-05-10 10:31:17,y2311-P-7400,豆油2311沽7400,281.5,0.0,0.0,0.0,10,48.5,0.0,0,281.5,0.0,0.0,0.0,0.0,0.0,7
2023-05-10 10:33:42,y2311-P-7400,豆油2311沽7400,281.5,0.0,0.0,0.0,2,49.0,0.0,0,281.5,0.0,0.0,0.0,0.0,0.0,7
2023-05-10 10:33:42,y2311-P-7400,豆油2311沽7400,281.5,0.0,0.0,0.0,10,49.5,0.0,0,281.5,0.0,0.0,0.0,0.0,0.0,7
2023-05-10 10:33:50,y2311-P-7400,豆油2311沽7400,281.5,0.0,0.0,0.0,2,50.0,0.0,0,281.5,0.0,0.0,0.0,0.0,0.0,7
2023-05-10 10:33:50,y2311-P-7400,豆油2311沽7400,281.5,0.0,0.0,0.0,10,50.5,0.0,0,281.5,0.0,0.0,0.0,0.0,0.0,7
2023-05-10 10:33:58,y2311-P-7400,豆油2311沽7400,281.5,0.0,0.0,0.0,2,51.0,0.0,0,281.5,0.0,0.0,0.0,0.0,0.0,7
2023-05-10 10:33:58,y2311-P-7400,豆油2311沽7400,281.5,0.0,0.0,0.0,10,51.5,0.0,0,281.5,0.0,0.0,0.0,0.0,0.0,7
2023-05-10 10:34:08,y2311-P-7400,豆油2311沽7400,281.5,0.0,0.0,0.0,2,52.0,0.0,0,281.5,0.0,0.0,0.0,0.0,0.0,7
2023-05-10 10:34:08,y2311-P-7400,豆油2311沽7400,281.5,0.0,0.0,0.0,10,52.5,0.0,0,281.5,0.0,0.0,0.0,0.0,0.0,7
2023-05-10 10:34:33,y2311-P-7400,豆油2311沽7400,281.5,0.0,0.0,0.0,2,53.0,0.0,0,281.5,0.0,0.0,0.0,0.0,0.0,7
2023-05-10 10:34:33,y2311-P-7400,豆油2311沽7400,281.5,0.0,0.0,0.0,10,53.5,0.0,0,281.5,0.0,0.0,0.0,0.0,0.0,7
2023-05-10 10:34:42,y2311-P-7400,豆油2311沽7400,281.5,0.0,0.0,0.0,2,54.0,0.0,0,281.5,0.0,0.0,0.0,0.0,0.0,7
2023-05-10 10:34:42,y2311-P-7400,豆油2311沽7400,281.5,0.0,0.0,0.0,10,54.5,0.0,0,281.5,0.0,0.0,0.0,0.0,0.0,7
2023-05-10 10:35:02,y2311-P-7400,豆油2311沽7400,281.5,0.0,0.0,0.0,2,55.0,0.0,0,281.5,0.0,0.0,0.0,0.0,0.0,7
2023-05-10 10:35:02,y2311-P-7400,豆油2311沽7400,281.5,0.0,0.0,0.0,10,55.5,0.0,0,281.5,0.0,0.0,0.0,0.0,0.0,7
2023-05-10 10:35:11,y2311-P-7400,豆油2311沽7400,281.5,0.0,0.0,0.0,2,56.0,0.0,0,281.5,0.0,0.0,0.0,0.0,0.0,7
2023-05-10 10:35:11,y2311-P-7400,豆油2311沽7400,281.5,0.0,0.0,0.0,10,56.5,0.0,0,281.5,0.0,0.0,0.0,0.0,0.0,7
2023-05-10 10:35:16,y2311-P-7400,豆油2311沽7400,281.5,0.0,0.0,0.0,2,57.0,0.0,0,281.5,0.0,0.0,0.0,0.0,0.0,7
2023-05-10 10:35:16,y2311-P-7400,豆油2311沽7400,281.5,0.0,0.0,0.0,10,57.5,0.0,0,281.5,0.0,0.0,0.0,0.0,0.0,7
2023-05-10 10:35:28,y2311-P-7400,豆油2311沽7400,281.5,0.0,0.0,0.0,2,58.0,0.0,0,281.5,0.0,0.0,0.0,0.0,0.0,7
2023-05-10 10:35:28,y2311-P-7400,豆油2311沽7400,281.5,0.0,0.0,0.0,10,58.5,0.0,0,281.5,0.0,0.0,0.0,0.0,0.0,7
2023-05-10 10:35:30,y2311-P-7400,豆油2311沽7400,281.5,0.0,0.0,0.0,2,59.0,0.0,0,281.5,0.0,0.0,0.0,0.0,0.0,7
2023-05-10 10:35:30,y2311-P-7400,豆油2311沽7400,281.5,0.0,0.0,0.0,10,59.5,0.0,0,281.5,0.0,0.0,0.0,0.0,0.0,7
2023-05-10 10:35:32,y2311-P-7400,豆油2311沽7400,281.5,0.0,0.0,0.0,2,60.0,0.0,0,281.5,0.0,0.0,0.0,0.0,0.0,7
2023-05-10 10:35:32,y2311-P-7400,豆油2311沽7400,281.5,0.0,0.0,0.0,10,60.5,0.0,0,281.5,0.0,0.0,0.0,0.0,0.0,7
2023-05-10 10:35:33,y2311-P-7400,豆油2311沽7400,281.5,0.0,0.0,0.0,2,61.0,0.0,0,281.5,0.0,0.0,0.0,0.0,0.0,7
2023-05-10 10:35:33,y2311-P-7400,豆油2311沽7400,281.5,0.0,0.0,0.0,10,61.5,0.0,0,281.5,0.0,0.0,0.0,0.0,0.0,7
2023-05-10 10:35:35,y2311-P-7400,豆油2311沽7400,281.5,0.0,0.0,0.0,2,62.0,0.0,0,281.5,0.0,0.0,0.0,0.0,0.0,7
2023-05-10 10:35:35,y2311-P-7400,豆油2311沽7400,281.5,0.0,0.0,0.0,10,62.5,0.0,0,281.5,0.0,0.0,0.0,0.0,0.0,7
2023-05-10 10:35:36,y2311-P-7400,豆油2311沽7400,281.5,0.0,0.0,0.0,2,63.0,0.0,0,281.5,0.0,0.0,0.0,0.0,0.0,7
2023-05-10 10:35:36,y2311-P-7400,豆油2311沽7400,281.5,0.0,0.0,0.0,10,63.5,0.0,0,281.5,0.0,0.0,0.0,0.0,0.0,7
2023-05-10 10:35:38,y2311-P-7400,豆油2311沽7400,281.5,0.0,0.0,0.0,2,64.0,0.0,0,281.5,0.0,0.0,0.0,0.0,0.0,7
2023-05-10 10:35:38,y2311-P-7400,豆油2311沽7400,281.5,0.0,0.0,0.0,10,64.5,0.0,0,281.5,0.0,0.0,0.0,0.0,0.0,7
2023-05-10 10:35:40,y2311-P-7400,豆油2311沽7400,281.5,0.0,0.0,0.0,2,65.0,0.0,0,281.5,0.0,0.0,0.0,0.0,0.0,7
2023-05-10 10:35:40,y2311-P-7400,豆油2311沽7400,281.5,0.0,0.0,0.0,10,65.5,0.0,0,281.5,0.0,0.0,0.0,0.0,0.0,7
2023-05-10 10:35:41,y2311-P-7400,豆油2311沽7400,281.5,0.0,0.0,0.0,2,66.0,0.0,0,281.5,0.0,0.0,0.0,0.0,0.0,7
2023-05-10 10:35:41,y2311-P-7400,豆油2311沽7400,281.5,0.0,0.0,0.0,10,66.5,0.0,0,281.5,0.0,0.0,0.0,0.0,0.0,7
2023-05-10 10:35:43,y2311-P-7400,豆油2311沽7400,281.5,0.0,0.0,0.0,2,67.0,0.0,0,281.5,0.0,0.0,0.0,0.0,0.0,7
2023-05-10 10:35:43,y2311-P-7400,豆油2311沽7400,281.5,0.0,0.0,0.0,10,67.5,0.0,0,281.5,0.0,0.0,0.0,0.0,0.0,7
2023-05-10 10:35:44,y2311-P-7400,豆油2311沽7400,281.5,0.0,0.0,0.0,2,68.0,0.0,0,281.5,0.0,0.0,0.0,0.0,0.0,7
2023-05-10 10:35:44,y2311-P-7400,豆油2311沽7400,281.5,0.0,0.0,0.0,10,68.5,0.0,0,281.5,0.0,0.0,0.0,0.0,0.0,7
2023-05-10 10:35:46,y2311-P-7400,豆油2311沽7400,281.5,0.0,0.0,0.0,2,69.0,0.0,0,281.5,0.0,0.0,0.0,0.0,0.0,7
2023-05-10 10:35:46,y2311-P-7400,豆油2311沽7400,281.5,0.0,0.0,0.0,10,69.5,0.0,0,281.5,0.0,0.0,0.0,0.0,0.0,7
2023-05-10 10:35:48,y2311-P-7400,豆油2311沽7400,281.5,0.0,0.0,0.0,2,70.0,0.0,0,281.5,0.0,0.0,0.0,0.0,0.0,7
2023-05-10 10:35:48,y2311-P-7400,豆油2311沽7400,281.5,0.0,0.0,0.0,10,70.5,0.0,0,281.5,0.0,0.0,0.0,0.0,0.0,7
2023-05-10 10:35:49,y2311-P-7400,豆油2311沽7400,281.5,0.0,0.0,0.0,2,71.0,0.0,0,281.5,0.0,0.0,0.0,0.0,0.0,7
2023-05-10 10:35:49,y2311-P-7400,豆油2311沽7400,281.5,0.0,0.0,0.0,10,71.5,0.0,0,281.5,0.0,0.0,0.0,0.0,0.0,7
2023-05-10 10:35:51,y2311-P-7400,豆油2311沽7400,281.5,0.0,0.0,0.0,2,72.0,0.0,0,281.5,0.0,0.0,0.0,0.0,0.0,7
2023-05-10 10:35:51,y2311-P-7400,豆油2311沽7400,281.5,0.0,0.0,0.0,10,72.5,0.0,0,281.5,0.0,0.0,0.0,0.0,0.0,7
2023-05-10 10:35:53,y2311-P-7400,豆油2311沽7400,281.5,0.0,0.0,0.0,2,73.0,0.0,0,281.5,0.0,0.0,0.0,0.0,0.0,7
2023-05-10 10:35:53,y2311-P-7400,豆油2311沽7400,281.5,0.0,0.0,0.0,10,73.5,0.0,0,281.5,0.0,0.0,0.0,0.0,0.0,7
2023-05-10 10:35:54,y2311-P-7400,豆油2311沽7400,281.5,0.0,0.0,0.0,2,74.0,0.0,0,281.5,0.0,0.0,0.0,0.0,0.0,7
2023-05-10 10:35:54,y2311-P-7400,豆油2311沽7400,281.5,0.0,0.0,0.0,10,74.5,0.0,0,281.5,0.0,0.0,0.0,0.0,0.0,7
2023-05-10 10:35:55,y2311-P-7400,豆油2311沽7400,281.5,0.0,0.0,0.0,2,75.0,0.0,0,281.5,0.0,0.0,0.0,0.0,0.0,7
2023-05-10 10:35:55,y2311-P-7400,豆油2311沽7400,281.5,0.0,0.0,0.0,10,75.5,0.0,0,281.5,0.0,0.0,0.0,0.0,0.0,7
2023-05-10 10:35:57,y2311-P-7400,豆油2311沽7400,281.5,0.0,0.0,0.0,2,76.0,0.0,0,281.5,0.0,0.0,0.0,0.0,0.0,7
2023-05-10 10:35:57,y2311-P-7400,豆油2311沽7400,281.5,0.0,0.0,0.0,10,76.5,0.0,0,281.5,0.0,0.0,0.0,0.0,0.0,7
2023-05-10 10:35:59,y2311-P-7400,豆油2311沽7400,281.5,0.0,0.0,0.0,2,77.0,0.0,0,281.5,0.0,0.0,0.0,0.0,0.0,7
2023-05-10 10:35:59,y2311-P-7400,豆油2311沽7400,281.5,0.0,0.0,0.0,10,77.5,0.0,0,281.5,0.0,0.0,0.0,0.0,0.0,7
2023-05-10 10:36:00,y2311-P-7400,豆油2311沽7400,281.5,0.0,0.0,0.0,2,78.0,0.0,0,281.5,0.0,0.0,0.0,0.0,0.0,7
2023-05-10 10:36:00,y2311-P-7400,豆油2311沽7400,281.5,0.0,0.0,0.0,10,78.5,0.0,0,281.5,0.0,0.0,0.0,0.0,0.0,7
2023-05-10 10:36:02,y2311-P-7400,豆油2311沽7400,281.5,0.0,0.0,0.0,2,79.0,0.0,0,281.5,0.0,0.0,0.0,0.0,0.0,7
2023-05-10 10:36:02,y2311-P-7400,豆油2311沽7400,281.5,0.0,0.0,0.0,10,79.5,0.0,0,281.5,0.0,0.0,0.0,0.0,0.0,7
2023-05-10 10:36:04,y2311-P-7400,豆油2311沽7400,281.5,0.0,0.0,0.0,2,80.0,0.0,0,281.5,0.0,0.0,0.0,0.0,0.0,7
2023-05-10 10:36:04,y2311-P-7400,豆油2311沽7400,281.5,0.0,0.0,0.0,10,80.5,0.0,0,281.5,0.0,0.0,0.0,0.0,0.0,7
2023-05-10 10:36:05,y2311-P-7400,豆油2311沽7400,281.5,0.0,0.0,0.0,2,81.0,0.0,0,281.5,0.0,0.0,0.0,0.0,0.0,7
2023-05-10 10:36:05,y2311-P-7400,豆油2311沽7400,281.5,0.0,0.0,0.0,10,81.5,0.0,0,281.5,0.0,0.0,0.0,0.0,0.0,7
2023-05-10 10:36:07,y2311-P-7400,豆油2311沽7400,281.5,0.0,0.0,0.0,2,82.0,0.0,0,281.5,0.0,0.0,0.0,0.0,0.0,7
2023-05-10 10:36:07,y2311-P-7400,豆油2311沽7400,281.5,0.0,0.0,0.0,10,82.5,0.0,0,281.5,0.0,0.0,0.0,0.0,0.0,7
2023-05-10 10:36:08,y2311-P-7400,豆油2311沽7400,281.5,0.0,0.0,0.0,2,83.0,0.0,0,281.5,0.0,0.0,0.0,0.0,0.0,7
2023-05-10 10:36:08,y2311-P-7400,豆油2311沽7400,281.5,0.0,0.0,0.0,10,83.5,0.0,0,281.5,0.0,0.0,0.0,0.0,0.0,7
2023-05-10 10:36:10,y2311-P-7400,豆油2311沽7400,281.5,0.0,0.0,0.0,2,84.0,0.0,0,281.5,0.0,0.0,0.0,0.0,0.0,7
2023-05-10 10:36:10,y2311-P-7400,豆油2311沽7400,281.5,0.0,0.0,0.0,10,84.5,0.0,0,281.5,0.0,0.0,0.0,0.0,0.0,7
2023-05-10 10:36:11,y2311-P-7400,豆油2311沽7400,281.5,0.0,0.0,0.0,2,85.0,0.0,0,281.5,0.0,0.0,0.0,0.0,0.0,7
2023-05-10 10:36:11,y2311-P-7400,豆油2311沽7400,281.5,0.0,0.0,0.0,10,85.5,0.0,0,281.5,0.0,0.0,0.0,0.0,0.0,7
2023-05-10 10:36:13,y2311-P-7400,豆油2311沽7400,281.5,0.0,0.0,0.0,2,86.0,0.0,0,281.5,0.0,0.0,0.0,0.0,0.0,7
2023-05-10 10:36:13,y2311-P-7400,豆油2311沽7400,281.5,0.0,0.0,0.0,10,86.5,0.0,0,281.5,0.0,0.0,0.0,0.0,0.0,7
2023-05-10 10:36:14,y2311-P-7400,豆油2311沽7400,281.5,0.0,0.0,0.0,2,87.0,0.0,0,281.5,0.0,0.0,0.0,0.0,0.0,7
2023-05-10 10:36:14,y2311-P-7400,豆油2311沽7400,281.5,0.0,0.0,0.0,10,87.5,0.0,0,281.5,0.0,0.0,0.0,0.0,0.0,7
2023-05-10 10:36:16,y2311-P-7400,豆油2311沽7400,281.5,0.0,0.0,0.0,2,88.0,0.0,0,281.5,0.0,0.0,0.0,0.0,0.0,7
2023-05-10 10:36:16,y2311-P-7400,豆油2311沽7400,281.5,0.0,0.0,0.0,10,88.5,0.0,0,281.5,0.0,0.0,0.0,0.0,0.0,7
2023-05-10 10:36:17,y2311-P-7400,豆油2311沽7400,281.5,0.0,0.0,0.0,2,89.0,0.0,0,281.5,0.0,0.0,0.0,0.0,0.0,7
2023-05-10 10:36:17,y2311-P-7400,豆油2311沽7400,281.5,0.0,0.0,0.0,10,89.5,0.0,0,281.5,0.0,0.0,0.0,0.0,0.0,7
2023-05-10 10:36:19,y2311-P-7400,豆油2311沽7400,281.5,0.0,0.0,0.0,2,90.0,0.0,0,281.5,0.0,0.0,0.0,0.0,0.0,7
2023-05-10 10:36:19,y2311-P-7400,豆油2311沽7400,281.5,0.0,0.0,0.0,10,90.5,0.0,0,281.5,0.0,0.0,0.0,0.0,0.0,7
2023-05-10 10:36:20,y2311-P-7400,豆油2311沽7400,281.5,0.0,0.0,0.0,2,91.0,0.0,0,281.5,0.0,0.0,0.0,0.0,0.0,7
2023-05-10 10:36:20,y2311-P-7400,豆油2311沽7400,281.5,0.0,0.0,0.0,10,91.5,0.0,0,281.5,0.0,0.0,0.0,0.0,0.0,7
2023-05-10 10:36:21,y2311-P-7400,豆油2311沽7400,281.5,0.0,0.0,0.0,2,92.0,0.0,0,281.5,0.0,0.0,0.0,0.0,0.0,7
2023-05-10 10:36:21,y2311-P-7400,豆油2311沽7400,281.5,0.0,0.0,0.0,10,92.5,0.0,0,281.5,0.0,0.0,0.0,0.0,0.0,7
2023-05-10 10:36:23,y2311-P-7400,豆油2311沽7400,281.5,0.0,0.0,0.0,2,93.0,0.0,0,281.5,0.0,0.0,0.0,0.0,0.0,7
2023-05-10 10:36:23,y2311-P-7400,豆油2311沽7400,281.5,0.0,0.0,0.0,10,93.5,0.0,0,281.5,0.0,0.0,0.0,0.0,0.0,7
2023-05-10 10:36:25,y2311-P-7400,豆油2311沽7400,281.5,0.0,0.0,0.0,2,94.0,0.0,0,281.5,0.0,0.0,0.0,0.0,0.0,7
2023-05-10 10:36:25,y2311-P-7400,豆油2311沽7400,281.5,0.0,0.0,0.0,10,94.5,0.0,0,281.5,0.0,0.0,0.0,0.0,0.0,7
2023-05-10 10:36:27,y2311-P-7400,豆油2311沽7400,281.5,0.0,0.0,0.0,2,95.0,0.0,0,281.5,0.0,0.0,0.0,0.0,0.0,7
2023-05-10 10:36:27,y2311-P-7400,豆油2311沽7400,281.5,0.0,0.0,0.0,10,95.5,0.0,0,281.5,0.0,0.0,0.0,0.0,0.0,7
2023-05-10 10:36:28,y2311-P-7400,豆油2311沽7400,281.5,0.0,0.0,0.0,2,96.0,0.0,0,281.5,0.0,0.0,0.0,0.0,0.0,7
2023-05-10 10:36:28,y2311-P-7400,豆油2311沽7400,281.5,0.0,0.0,0.0,10,96.5,0.0,0,281.5,0.0,0.0,0.0,0.0,0.0,7
2023-05-10 10:36:31,y2311-P-7400,豆油2311沽7400,281.5,0.0,0.0,0.0,2,97.0,0.0,0,281.5,0.0,0.0,0.0,0.0,0.0,7
2023-05-10 10:36:31,y2311-P-7400,豆油2311沽7400,281.5,0.0,0.0,0.0,10,97.5,0.0,0,281.5,0.0,0.0,0.0,0.0,0.0,7
2023-05-10 10:36:32,y2311-P-7400,豆油2311沽7400,281.5,0.0,0.0,0.0,2,98.0,0.0,0,281.5,0.0,0.0,0.0,0.0,0.0,7
2023-05-10 10:36:32,y2311-P-7400,豆油2311沽7400,281.5,0.0,0.0,0.0,10,98.5,0.0,0,281.5,0.0,0.0,0.0,0.0,0.0,7
2023-05-10 10:36:34,y2311-P-7400,豆油2311沽7400,281.5,0.0,0.0,0.0,2,99.0,0.0,0,281.5,0.0,0.0,0.0,0.0,0.0,7
2023-05-10 10:36:34,y2311-P-7400,豆油2311沽7400,281.5,0.0,0.0,0.0,10,99.5,0.0,0,281.5,0.0,0.0,0.0,0.0,0.0,7
2023-05-10 10:36:36,y2311-P-7400,豆油2311沽7400,281.5,0.0,0.0,0.0,2,100.0,0.0,0,281.5,0.0,0.0,0.0,0.0,0.0,7
2023-05-10 10:36:36,y2311-P-7400,豆油2311沽7400,281.5,0.0,0.0,0.0,10,100.5,0.0,0,281.5,0.0,0.0,0.0,0.0,0.0,7
2023-05-10 10:36:37,y2311-P-7400,豆油2311沽7400,281.5,0.0,0.0,0.0,2,101.0,0.0,0,281.5,0.0,0.0,0.0,0.0,0.0,7
2023-05-10 10:36:37,y2311-P-7400,豆油2311沽7400,281.5,0.0,0.0,0.0,10,101.5,0.0,0,281.5,0.0,0.0,0.0,0.0,0.0,7
2023-05-10 10:36:39,y2311-P-7400,豆油2311沽7400,281.5,0.0,0.0,0.0,2,102.0,0.0,0,281.5,0.0,0.0,0.0,0.0,0.0,7
2023-05-10 10:36:39,y2311-P-7400,豆油2311沽7400,281.5,0.0,0.0,0.0,10,102.5,0.0,0,281.5,0.0,0.0,0.0,0.0,0.0,7
2023-05-10 10:36:40,y2311-P-7400,豆油2311沽7400,281.5,0.0,0.0,0.0,2,103.0,0.0,0,281.5,0.0,0.0,0.0,0.0,0.0,7
2023-05-10 10:36:40,y2311-P-7400,豆油2311沽7400,281.5,0.0,0.0,0.0,10,103.5,0.0,0,281.5,0.0,0.0,0.0,0.0,0.0,7
2023-05-10 10:36:42,y2311-P-7400,豆油2311沽7400,281.5,0.0,0.0,0.0,2,104.0,0.0,0,281.5,0.0,0.0,0.0,0.0,0.0,7
2023-05-10 10:36:42,y2311-P-7400,豆油2311沽7400,281.5,0.0,0.0,0.0,10,104.5,0.0,0,281.5,0.0,0.0,0.0,0.0,0.0,7
2023-05-10 10:36:44,y2311-P-7400,豆油2311沽7400,281.5,0.0,0.0,0.0,2,105.0,0.0,0,281.5,0.0,0.0,0.0,0.0,0.0,7
2023-05-10 10:36:44,y2311-P-7400,豆油2311沽7400,281.5,0.0,0.0,0.0,10,105.5,0.0,0,281.5,0.0,0.0,0.0,0.0,0.0,7
2023-05-10 10:36:46,y2311-P-7400,豆油2311沽7400,281.5,0.0,0.0,0.0,2,106.0,0.0,0,281.5,0.0,0.0,0.0,0.0,0.0,7
2023-05-10 10:36:46,y2311-P-7400,豆油2311沽7400,281.5,0.0,0.0,0.0,10,106.5,0.0,0,281.5,0.0,0.0,0.0,0.0,0.0,7
2023-05-10 10:36:47,y2311-P-7400,豆油2311沽7400,281.5,0.0,0.0,0.0,2,107.0,0.0,0,281.5,0.0,0.0,0.0,0.0,0.0,7
2023-05-10 10:36:47,y2311-P-7400,豆油2311沽7400,281.5,0.0,0.0,0.0,10,107.5,0.0,0,281.5,0.0,0.0,0.0,0.0,0.0,7
2023-05-10 10:36:48,y2311-P-7400,豆油2311沽7400,281.5,0.0,0.0,0.0,2,108.0,0.0,0,281.5,0.0,0.0,0.0,0.0,0.0,7
2023-05-10 10:36:48,y2311-P-7400,豆油2311沽7400,281.5,0.0,0.0,0.0,10,108.5,0.0,0,281.5,0.0,0.0,0.0,0.0,0.0,7
2023-05-10 10:36:49,y2311-P-7400,豆油2311沽7400,281.5,0.0,0.0,0.0,2,109.0,0.0,0,281.5,0.0,0.0,0.0,0.0,0.0,7
2023-05-10 10:36:49,y2311-P-7400,豆油2311沽7400,281.5,0.0,0.0,0.0,10,109.5,0.0,0,281.5,0.0,0.0,0.0,0.0,0.0,7
2023-05-10 10:36:50,y2311-P-7400,豆油2311沽7400,281.5,0.0,0.0,0.0,2,110.0,0.0,0,281.5,0.0,0.0,0.0,0.0,0.0,7
2023-05-10 10:36:50,y2311-P-7400,豆油2311沽7400,281.5,0.0,0.0,0.0,10,110.5,0.0,0,281.5,0.0,0.0,0.0,0.0,0.0,7
2023-05-10 10:36:52,y2311-P-7400,豆油2311沽7400,281.5,0.0,0.0,0.0,2,111.0,0.0,0,281.5,0.0,0.0,0.0,0.0,0.0,7
2023-05-10 10:36:52,y2311-P-7400,豆油2311沽7400,281.5,0.0,0.0,0.0,10,111.5,0.0,0,281.5,0.0,0.0,0.0,0.0,0.0,7
2023-05-10 10:36:53,y2311-P-7400,豆油2311沽7400,281.5,0.0,0.0,0.0,2,112.0,0.0,0,281.5,0.0,0.0,0.0,0.0,0.0,7
2023-05-10 10:36:53,y2311-P-7400,豆油2311沽7400,281.5,0.0,0.0,0.0,10,112.5,0.0,0,281.5,0.0,0.0,0.0,0.0,0.0,7
2023-05-10 10:36:55,y2311-P-7400,豆油2311沽7400,281.5,0.0,0.0,0.0,2,113.0,0.0,0,281.5,0.0,0.0,0.0,0.0,0.0,7
2023-05-10 10:36:55,y2311-P-7400,豆油2311沽7400,281.5,0.0,0.0,0.0,10,113.5,0.0,0,281.5,0.0,0.0,0.0,0.0,0.0,7
2023-05-10 10:36:56,y2311-P-7400,豆油2311沽7400,281.5,0.0,0.0,0.0,2,114.0,0.0,0,281.5,0.0,0.0,0.0,0.0,0.0,7
2023-05-10 10:36:56,y2311-P-7400,豆油2311沽7400,281.5,0.0,0.0,0.0,10,114.5,0.0,0,281.5,0.0,0.0,0.0,0.0,0.0,7
2023-05-10 10:36:58,y2311-P-7400,豆油2311沽7400,281.5,0.0,0.0,0.0,2,115.0,0.0,0,281.5,0.0,0.0,0.0,0.0,0.0,7
2023-05-10 10:36:58,y2311-P-7400,豆油2311沽7400,281.5,0.0,0.0,0.0,10,115.5,0.0,0,281.5,0.0,0.0,0.0,0.0,0.0,7
2023-05-10 10:36:59,y2311-P-7400,豆油2311沽7400,281.5,0.0,0.0,0.0,2,116.0,0.0,0,281.5,0.0,0.0,0.0,0.0,0.0,7
2023-05-10 10:36:59,y2311-P-7400,豆油2311沽7400,281.5,0.0,0.0,0.0,10,116.5,0.0,0,281.5,0.0,0.0,0.0,0.0,0.0,7
2023-05-10 10:37:00,y2311-P-7400,豆油2311沽7400,281.5,0.0,0.0,0.0,2,117.0,0.0,0,281.5,0.0,0.0,0.0,0.0,0.0,7
2023-05-10 10:37:00,y2311-P-7400,豆油2311沽7400,281.5,0.0,0.0,0.0,10,117.5,0.0,0,281.5,0.0,0.0,0.0,0.0,0.0,7
2023-05-10 10:37:02,y2311-P-7400,豆油2311沽7400,281.5,0.0,0.0,0.0,2,118.0,0.0,0,281.5,0.0,0.0,0.0,0.0,0.0,7
2023-05-10 10:37:02,y2311-P-7400,豆油2311沽7400,281.5,0.0,0.0,0.0,10,118.5,0.0,0,281.5,0.0,0.0,0.0,0.0,0.0,7
2023-05-10 10:37:03,y2311-P-7400,豆油2311沽7400,281.5,0.0,0.0,0.0,2,119.0,0.0,0,281.5,0.0,0.0,0.0,0.0,0.0,7
2023-05-10 10:37:03,y2311-P-7400,豆油2311沽7400,281.5,0.0,0.0,0.0,10,119.5,0.0,0,281.5,0.0,0.0,0.0,0.0,0.0,7
2023-05-10 10:37:05,y2311-P-7400,豆油2311沽7400,281.5,0.0,0.0,0.0,2,120.0,0.0,0,281.5,0.0,0.0,0.0,0.0,0.0,7
2023-05-10 10:37:05,y2311-P-7400,豆油2311沽7400,281.5,0.0,0.0,0.0,10,120.5,0.0,0,281.5,0.0,0.0,0.0,0.0,0.0,7
2023-05-10 10:37:07,y2311-P-7400,豆油2311沽7400,281.5,0.0,0.0,0.0,2,121.0,0.0,0,281.5,0.0,0.0,0.0,0.0,0.0,7
2023-05-10 10:37:07,y2311-P-7400,豆油2311沽7400,281.5,0.0,0.0,0.0,10,121.5,0.0,0,281.5,0.0,0.0,0.0,0.0,0.0,7
2023-05-10 10:37:08,y2311-P-7400,豆油2311沽7400,281.5,0.0,0.0,0.0,2,122.0,0.0,0,281.5,0.0,0.0,0.0,0.0,0.0,7
2023-05-10 10:37:08,y2311-P-7400,豆油2311沽7400,281.5,0.0,0.0,0.0,10,122.5,0.0,0,281.5,0.0,0.0,0.0,0.0,0.0,7
2023-05-10 10:37:09,y2311-P-7400,豆油2311沽7400,281.5,0.0,0.0,0.0,2,123.0,0.0,0,281.5,0.0,0.0,0.0,0.0,0.0,7
2023-05-10 10:37:09,y2311-P-7400,豆油2311沽7400,281.5,0.0,0.0,0.0,10,123.5,0.0,0,281.5,0.0,0.0,0.0,0.0,0.0,7
2023-05-10 10:37:10,y2311-P-7400,豆油2311沽7400,281.5,0.0,0.0,0.0,2,124.0,0.0,0,281.5,0.0,0.0,0.0,0.0,0.0,7
2023-05-10 10:37:10,y2311-P-7400,豆油2311沽7400,281.5,0.0,0.0,0.0,10,124.5,0.0,0,281.5,0.0,0.0,0.0,0.0,0.0,7
2023-05-10 10:37:11,y2311-P-7400,豆油2311沽7400,281.5,0.0,0.0,0.0,2,125.0,0.0,0,281.5,0.0,0.0,0.0,0.0,0.0,7
2023-05-10 10:37:11,y2311-P-7400,豆油2311沽7400,281.5,0.0,0.0,0.0,10,125.5,0.0,0,281.5,0.0,0.0,0.0,0.0,0.0,7
2023-05-10 10:37:12,y2311-P-7400,豆油2311沽7400,281.5,0.0,0.0,0.0,2,126.0,0.0,0,281.5,0.0,0.0,0.0,0.0,0.0,7
2023-05-10 10:37:12,y2311-P-7400,豆油2311沽7400,281.5,0.0,0.0,0.0,10,126.5,0.0,0,281.5,0.0,0.0,0.0,0.0,0.0,7
2023-05-10 10:37:14,y2311-P-7400,豆油2311沽7400,281.5,0.0,0.0,0.0,2,127.0,0.0,0,281.5,0.0,0.0,0.0,0.0,0.0,7
2023-05-10 10:37:14,y2311-P-7400,豆油2311沽7400,281.5,0.0,0.0,0.0,10,127.5,0.0,0,281.5,0.0,0.0,0.0,0.0,0.0,7
2023-05-10 10:37:16,y2311-P-7400,豆油2311沽7400,281.5,0.0,0.0,0.0,2,128.0,0.0,0,281.5,0.0,0.0,0.0,0.0,0.0,7
2023-05-10 10:37:16,y2311-P-7400,豆油2311沽7400,281.5,0.0,0.0,0.0,10,128.5,0.0,0,281.5,0.0,0.0,0.0,0.0,0.0,7
2023-05-10 10:37:17,y2311-P-7400,豆油2311沽7400,281.5,0.0,0.0,0.0,2,129.0,0.0,0,281.5,0.0,0.0,0.0,0.0,0.0,7
2023-05-10 10:37:17,y2311-P-7400,豆油2311沽7400,281.5,0.0,0.0,0.0,10,129.5,0.0,0,281.5,0.0,0.0,0.0,0.0,0.0,7
2023-05-10 10:37:18,y2311-P-7400,豆油2311沽7400,281.5,0.0,0.0,0.0,2,130.0,0.0,0,281.5,0.0,0.0,0.0,0.0,0.0,7
2023-05-10 10:37:18,y2311-P-7400,豆油2311沽7400,281.5,0.0,0.0,0.0,10,130.5,0.0,0,281.5,0.0,0.0,0.0,0.0,0.0,7
2023-05-10 10:37:19,y2311-P-7400,豆油2311沽7400,281.5,0.0,0.0,0.0,2,131.0,0.0,0,281.5,0.0,0.0,0.0,0.0,0.0,7
2023-05-10 10:37:19,y2311-P-7400,豆油2311沽7400,281.5,0.0,0.0,0.0,10,131.5,0.0,0,281.5,0.0,0.0,0.0,0.0,0.0,7
2023-05-10 10:37:20,y2311-P-7400,豆油2311沽7400,281.5,0.0,0.0,0.0,2,132.0,0.0,0,281.5,0.0,0.0,0.0,0.0,0.0,7
2023-05-10 10:37:20,y2311-P-7400,豆油2311沽7400,281.5,0.0,0.0,0.0,10,132.5,0.0,0,281.5,0.0,0.0,0.0,0.0,0.0,7
2023-05-10 10:37:21,y2311-P-7400,豆油2311沽7400,281.5,0.0,0.0,0.0,2,133.0,0.0,0,281.5,0.0,0.0,0.0,0.0,0.0,7
2023-05-10 10:37:21,y2311-P-7400,豆油2311沽7400,281.5,0.0,0.0,0.0,10,133.5,0.0,0,281.5,0.0,0.0,0.0,0.0,0.0,7
2023-05-10 10:37:22,y2311-P-7400,豆油2311沽7400,281.5,0.0,0.0,0.0,2,134.0,0.0,0,281.5,0.0,0.0,0.0,0.0,0.0,7
2023-05-10 10:37:22,y2311-P-7400,豆油2311沽7400,281.5,0.0,0.0,0.0,10,134.5,0.0,0,281.5,0.0,0.0,0.0,0.0,0.0,7
2023-05-10 10:37:23,y2311-P-7400,豆油2311沽7400,281.5,0.0,0.0,0.0,2,135.0,0.0,0,281.5,0.0,0.0,0.0,0.0,0.0,7
2023-05-10 10:37:23,y2311-P-7400,豆油2311沽7400,281.5,0.0,0.0,0.0,10,135.5,0.0,0,281.5,0.0,0.0,0.0,0.0,0.0,7
2023-05-10 10:37:24,y2311-P-7400,豆油2311沽7400,281.5,0.0,0.0,0.0,2,136.0,0.0,0,281.5,0.0,0.0,0.0,0.0,0.0,7
2023-05-10 10:37:24,y2311-P-7400,豆油2311沽7400,281.5,0.0,0.0,0.0,10,136.5,0.0,0,281.5,0.0,0.0,0.0,0.0,0.0,7
2023-05-10 10:37:25,y2311-P-7400,豆油2311沽7400,281.5,0.0,0.0,0.0,2,137.0,0.0,0,281.5,0.0,0.0,0.0,0.0,0.0,7
2023-05-10 10:37:25,y2311-P-7400,豆油2311沽7400,281.5,0.0,0.0,0.0,10,137.5,0.0,0,281.5,0.0,0.0,0.0,0.0,0.0,7
2023-05-10 10:37:26,y2311-P-7400,豆油2311沽7400,281.5,0.0,0.0,0.0,2,138.0,0.0,0,281.5,0.0,0.0,0.0,0.0,0.0,7
2023-05-10 10:37:26,y2311-P-7400,豆油2311沽7400,281.5,0.0,0.0,0.0,10,138.5,0.0,0,281.5,0.0,0.0,0.0,0.0,0.0,7
2023-05-10 10:37:27,y2311-P-7400,豆油2311沽7400,281.5,0.0,0.0,0.0,2,139.0,0.0,0,281.5,0.0,0.0,0.0,0.0,0.0,7
2023-05-10 10:37:27,y2311-P-7400,豆油2311沽7400,281.5,0.0,0.0,0.0,10,139.5,0.0,0,281.5,0.0,0.0,0.0,0.0,0.0,7
2023-05-10 10:37:28,y2311-P-7400,豆油2311沽7400,281.5,0.0,0.0,0.0,2,140.0,0.0,0,281.5,0.0,0.0,0.0,0.0,0.0,7
2023-05-10 10:37:28,y2311-P-7400,豆油2311沽7400,281.5,0.0,0.0,0.0,10,140.5,0.0,0,281.5,0.0,0.0,0.0,0.0,0.0,7
2023-05-10 11:11:01,y2311-P-7400,豆油2311沽7400,281.5,0.0,0.0,0.0,1,141.0,0.0,0,281.5,0.0,0.0,0.0,0.0,0.0,7
2023-05-10 11:11:01,y2311-P-7400,豆油2311沽7400,281.5,0.0,0.0,0.0,10,141.5,0.0,0,281.5,0.0,0.0,0.0,0.0,0.0,7
2023-05-10 11:29:32,y2311-P-7400,豆油2311沽7400,281.5,0.0,0.0,0.0,1,141.0,0.0,0,281.5,0.0,0.0,0.0,0.0,0.0,7
2023-05-10 11:29:45,y2311-P-7400,豆油2311沽7400,281.5,0.0,0.0,0.0,1,46.0,0.0,0,281.5,0.0,0.0,0.0,0.0,0.0,7
2023-05-10 13:30:02,y2311-P-7400,豆油2311沽7400,281.5,0.0,0.0,0.0,10,46.5,0.0,0,281.5,0.0,0.0,0.0,0.0,0.0,7
2023-05-10 13:32:26,y2311-P-7400,豆油2311沽7400,281.5,0.0,0.0,0.0,2,47.0,0.0,0,281.5,0.0,0.0,0.0,0.0,0.0,7
2023-05-10 13:32:26,y2311-P-7400,豆油2311沽7400,281.5,0.0,0.0,0.0,10,47.5,0.0,0,281.5,0.0,0.0,0.0,0.0,0.0,7
2023-05-10 13:33:08,y2311-P-7400,豆油2311沽7400,281.5,0.0,0.0,0.0,2,48.0,0.0,0,281.5,0.0,0.0,0.0,0.0,0.0,7
2023-05-10 13:33:08,y2311-P-7400,豆油2311沽7400,281.5,0.0,0.0,0.0,10,48.5,0.0,0,281.5,0.0,0.0,0.0,0.0,0.0,7
2023-05-10 13:33:12,y2311-P-7400,豆油2311沽7400,281.5,0.0,0.0,0.0,2,49.0,0.0,0,281.5,0.0,0.0,0.0,0.0,0.0,7
2023-05-10 13:33:12,y2311-P-7400,豆油2311沽7400,281.5,0.0,0.0,0.0,10,49.5,0.0,0,281.5,0.0,0.0,0.0,0.0,0.0,7
2023-05-10 13:33:34,y2311-P-7400,豆油2311沽7400,281.5,0.0,0.0,0.0,2,50.0,0.0,0,281.5,0.0,0.0,0.0,0.0,0.0,7
2023-05-10 13:33:34,y2311-P-7400,豆油2311沽7400,281.5,0.0,0.0,0.0,10,50.5,0.0,0,281.5,0.0,0.0,0.0,0.0,0.0,7
2023-05-10 13:33:38,y2311-P-7400,豆油2311沽7400,281.5,0.0,0.0,0.0,2,51.0,0.0,0,281.5,0.0,0.0,0.0,0.0,0.0,7
2023-05-10 13:33:38,y2311-P-7400,豆油2311沽7400,281.5,0.0,0.0,0.0,10,51.5,0.0,0,281.5,0.0,0.0,0.0,0.0,0.0,7
2023-05-10 13:33:45,y2311-P-7400,豆油2311沽7400,281.5,0.0,0.0,0.0,2,52.0,0.0,0,281.5,0.0,0.0,0.0,0.0,0.0,7
2023-05-10 13:33:45,y2311-P-7400,豆油2311沽7400,281.5,0.0,0.0,0.0,10,52.5,0.0,0,281.5,0.0,0.0,0.0,0.0,0.0,7
2023-05-10 13:33:48,y2311-P-7400,豆油2311沽7400,281.5,0.0,0.0,0.0,2,53.0,0.0,0,281.5,0.0,0.0,0.0,0.0,0.0,7
2023-05-10 13:33:48,y2311-P-7400,豆油2311沽7400,281.5,0.0,0.0,0.0,10,53.5,0.0,0,281.5,0.0,0.0,0.0,0.0,0.0,7
2023-05-10 13:33:52,y2311-P-7400,豆油2311沽7400,281.5,0.0,0.0,0.0,2,54.0,0.0,0,281.5,0.0,0.0,0.0,0.0,0.0,7
2023-05-10 13:33:52,y2311-P-7400,豆油2311沽7400,281.5,0.0,0.0,0.0,10,54.5,0.0,0,281.5,0.0,0.0,0.0,0.0,0.0,7
2023-05-10 13:33:54,y2311-P-7400,豆油2311沽7400,281.5,0.0,0.0,0.0,2,55.0,0.0,0,281.5,0.0,0.0,0.0,0.0,0.0,7
2023-05-10 13:33:54,y2311-P-7400,豆油2311沽7400,281.5,0.0,0.0,0.0,10,55.5,0.0,0,281.5,0.0,0.0,0.0,0.0,0.0,7
2023-05-10 13:33:56,y2311-P-7400,豆油2311沽7400,281.5,0.0,0.0,0.0,2,56.0,0.0,0,281.5,0.0,0.0,0.0,0.0,0.0,7
2023-05-10 13:33:56,y2311-P-7400,豆油2311沽7400,281.5,0.0,0.0,0.0,10,56.5,0.0,0,281.5,0.0,0.0,0.0,0.0,0.0,7
2023-05-10 13:33:59,y2311-P-7400,豆油2311沽7400,281.5,0.0,0.0,0.0,2,57.0,0.0,0,281.5,0.0,0.0,0.0,0.0,0.0,7
2023-05-10 13:33:59,y2311-P-7400,豆油2311沽7400,281.5,0.0,0.0,0.0,10,57.5,0.0,0,281.5,0.0,0.0,0.0,0.0,0.0,7
2023-05-10 13:34:01,y2311-P-7400,豆油2311沽7400,281.5,0.0,0.0,0.0,2,58.0,0.0,0,281.5,0.0,0.0,0.0,0.0,0.0,7
2023-05-10 13:34:01,y2311-P-7400,豆油2311沽7400,281.5,0.0,0.0,0.0,10,58.5,0.0,0,281.5,0.0,0.0,0.0,0.0,0.0,7
2023-05-10 13:34:10,y2311-P-7400,豆油2311沽7400,281.5,0.0,0.0,0.0,2,59.0,0.0,0,281.5,0.0,0.0,0.0,0.0,0.0,7
2023-05-10 13:34:10,y2311-P-7400,豆油2311沽7400,281.5,0.0,0.0,0.0,10,59.5,0.0,0,281.5,0.0,0.0,0.0,0.0,0.0,7
2023-05-10 13:34:14,y2311-P-7400,豆油2311沽7400,281.5,0.0,0.0,0.0,2,60.0,0.0,0,281.5,0.0,0.0,0.0,0.0,0.0,7
2023-05-10 13:34:14,y2311-P-7400,豆油2311沽7400,281.5,0.0,0.0,0.0,10,60.5,0.0,0,281.5,0.0,0.0,0.0,0.0,0.0,7
2023-05-10 13:34:16,y2311-P-7400,豆油2311沽7400,281.5,0.0,0.0,0.0,2,61.0,0.0,0,281.5,0.0,0.0,0.0,0.0,0.0,7
2023-05-10 13:34:16,y2311-P-7400,豆油2311沽7400,281.5,0.0,0.0,0.0,10,61.5,0.0,0,281.5,0.0,0.0,0.0,0.0,0.0,7
2023-05-10 13:34:18,y2311-P-7400,豆油2311沽7400,281.5,0.0,0.0,0.0,2,62.0,0.0,0,281.5,0.0,0.0,0.0,0.0,0.0,7
2023-05-10 13:34:18,y2311-P-7400,豆油2311沽7400,281.5,0.0,0.0,0.0,10,62.5,0.0,0,281.5,0.0,0.0,0.0,0.0,0.0,7
2023-05-10 13:34:21,y2311-P-7400,豆油2311沽7400,281.5,0.0,0.0,0.0,2,63.0,0.0,0,281.5,0.0,0.0,0.0,0.0,0.0,7
2023-05-10 13:34:21,y2311-P-7400,豆油2311沽7400,281.5,0.0,0.0,0.0,10,63.5,0.0,0,281.5,0.0,0.0,0.0,0.0,0.0,7
2023-05-10 13:34:23,y2311-P-7400,豆油2311沽7400,281.5,0.0,0.0,0.0,2,64.0,0.0,0,281.5,0.0,0.0,0.0,0.0,0.0,7
2023-05-10 13:34:23,y2311-P-7400,豆油2311沽7400,281.5,0.0,0.0,0.0,10,64.5,0.0,0,281.5,0.0,0.0,0.0,0.0,0.0,7
2023-05-10 13:34:26,y2311-P-7400,豆油2311沽7400,281.5,0.0,0.0,0.0,2,65.0,0.0,0,281.5,0.0,0.0,0.0,0.0,0.0,7
2023-05-10 13:34:26,y2311-P-7400,豆油2311沽7400,281.5,0.0,0.0,0.0,10,65.5,0.0,0,281.5,0.0,0.0,0.0,0.0,0.0,7
2023-05-10 13:34:27,y2311-P-7400,豆油2311沽7400,281.5,0.0,0.0,0.0,2,66.0,0.0,0,281.5,0.0,0.0,0.0,0.0,0.0,7
2023-05-10 13:34:27,y2311-P-7400,豆油2311沽7400,281.5,0.0,0.0,0.0,10,66.5,0.0,0,281.5,0.0,0.0,0.0,0.0,0.0,7
2023-05-10 13:34:29,y2311-P-7400,豆油2311沽7400,281.5,0.0,0.0,0.0,2,67.0,0.0,0,281.5,0.0,0.0,0.0,0.0,0.0,7
2023-05-10 13:34:29,y2311-P-7400,豆油2311沽7400,281.5,0.0,0.0,0.0,10,67.5,0.0,0,281.5,0.0,0.0,0.0,0.0,0.0,7
2023-05-10 13:34:31,y2311-P-7400,豆油2311沽7400,281.5,0.0,0.0,0.0,2,68.0,0.0,0,281.5,0.0,0.0,0.0,0.0,0.0,7
2023-05-10 13:34:31,y2311-P-7400,豆油2311沽7400,281.5,0.0,0.0,0.0,10,68.5,0.0,0,281.5,0.0,0.0,0.0,0.0,0.0,7
2023-05-10 13:34:34,y2311-P-7400,豆油2311沽7400,281.5,0.0,0.0,0.0,2,69.0,0.0,0,281.5,0.0,0.0,0.0,0.0,0.0,7
2023-05-10 13:34:34,y2311-P-7400,豆油2311沽7400,281.5,0.0,0.0,0.0,10,69.5,0.0,0,281.5,0.0,0.0,0.0,0.0,0.0,7
2023-05-10 13:34:36,y2311-P-7400,豆油2311沽7400,281.5,0.0,0.0,0.0,2,70.0,0.0,0,281.5,0.0,0.0,0.0,0.0,0.0,7
2023-05-10 13:34:36,y2311-P-7400,豆油2311沽7400,281.5,0.0,0.0,0.0,10,70.5,0.0,0,281.5,0.0,0.0,0.0,0.0,0.0,7
2023-05-10 13:34:38,y2311-P-7400,豆油2311沽7400,281.5,0.0,0.0,0.0,2,71.0,0.0,0,281.5,0.0,0.0,0.0,0.0,0.0,7
2023-05-10 13:34:38,y2311-P-7400,豆油2311沽7400,281.5,0.0,0.0,0.0,10,71.5,0.0,0,281.5,0.0,0.0,0.0,0.0,0.0,7
2023-05-10 13:34:39,y2311-P-7400,豆油2311沽7400,281.5,0.0,0.0,0.0,2,72.0,0.0,0,281.5,0.0,0.0,0.0,0.0,0.0,7
2023-05-10 13:34:39,y2311-P-7400,豆油2311沽7400,281.5,0.0,0.0,0.0,10,72.5,0.0,0,281.5,0.0,0.0,0.0,0.0,0.0,7
2023-05-10 13:34:41,y2311-P-7400,豆油2311沽7400,281.5,0.0,0.0,0.0,2,73.0,0.0,0,281.5,0.0,0.0,0.0,0.0,0.0,7
2023-05-10 13:34:41,y2311-P-7400,豆油2311沽7400,281.5,0.0,0.0,0.0,10,73.5,0.0,0,281.5,0.0,0.0,0.0,0.0,0.0,7
2023-05-10 13:34:43,y2311-P-7400,豆油2311沽7400,281.5,0.0,0.0,0.0,2,74.0,0.0,0,281.5,0.0,0.0,0.0,0.0,0.0,7
2023-05-10 13:34:43,y2311-P-7400,豆油2311沽7400,281.5,0.0,0.0,0.0,10,74.5,0.0,0,281.5,0.0,0.0,0.0,0.0,0.0,7
2023-05-10 13:34:44,y2311-P-7400,豆油2311沽7400,281.5,0.0,0.0,0.0,2,75.0,0.0,0,281.5,0.0,0.0,0.0,0.0,0.0,7
2023-05-10 13:34:44,y2311-P-7400,豆油2311沽7400,281.5,0.0,0.0,0.0,10,75.5,0.0,0,281.5,0.0,0.0,0.0,0.0,0.0,7
2023-05-10 13:34:46,y2311-P-7400,豆油2311沽7400,281.5,0.0,0.0,0.0,2,76.0,0.0,0,281.5,0.0,0.0,0.0,0.0,0.0,7
2023-05-10 13:34:46,y2311-P-7400,豆油2311沽7400,281.5,0.0,0.0,0.0,10,76.5,0.0,0,281.5,0.0,0.0,0.0,0.0,0.0,7
2023-05-10 13:34:48,y2311-P-7400,豆油2311沽7400,281.5,0.0,0.0,0.0,2,77.0,0.0,0,281.5,0.0,0.0,0.0,0.0,0.0,7
2023-05-10 13:34:48,y2311-P-7400,豆油2311沽7400,281.5,0.0,0.0,0.0,10,77.5,0.0,0,281.5,0.0,0.0,0.0,0.0,0.0,7
2023-05-10 13:34:49,y2311-P-7400,豆油2311沽7400,281.5,0.0,0.0,0.0,2,78.0,0.0,0,281.5,0.0,0.0,0.0,0.0,0.0,7
2023-05-10 13:34:49,y2311-P-7400,豆油2311沽7400,281.5,0.0,0.0,0.0,10,78.5,0.0,0,281.5,0.0,0.0,0.0,0.0,0.0,7
2023-05-10 13:34:51,y2311-P-7400,豆油2311沽7400,281.5,0.0,0.0,0.0,2,79.0,0.0,0,281.5,0.0,0.0,0.0,0.0,0.0,7
2023-05-10 13:34:51,y2311-P-7400,豆油2311沽7400,281.5,0.0,0.0,0.0,10,79.5,0.0,0,281.5,0.0,0.0,0.0,0.0,0.0,7
2023-05-10 13:34:53,y2311-P-7400,豆油2311沽7400,281.5,0.0,0.0,0.0,2,80.0,0.0,0,281.5,0.0,0.0,0.0,0.0,0.0,7
2023-05-10 13:34:53,y2311-P-7400,豆油2311沽7400,281.5,0.0,0.0,0.0,10,80.5,0.0,0,281.5,0.0,0.0,0.0,0.0,0.0,7
2023-05-10 13:34:54,y2311-P-7400,豆油2311沽7400,281.5,0.0,0.0,0.0,2,81.0,0.0,0,281.5,0.0,0.0,0.0,0.0,0.0,7
2023-05-10 13:34:54,y2311-P-7400,豆油2311沽7400,281.5,0.0,0.0,0.0,10,81.5,0.0,0,281.5,0.0,0.0,0.0,0.0,0.0,7
2023-05-10 13:34:55,y2311-P-7400,豆油2311沽7400,281.5,0.0,0.0,0.0,2,82.0,0.0,0,281.5,0.0,0.0,0.0,0.0,0.0,7
2023-05-10 13:34:55,y2311-P-7400,豆油2311沽7400,281.5,0.0,0.0,0.0,10,82.5,0.0,0,281.5,0.0,0.0,0.0,0.0,0.0,7
2023-05-10 13:34:56,y2311-P-7400,豆油2311沽7400,281.5,0.0,0.0,0.0,2,83.0,0.0,0,281.5,0.0,0.0,0.0,0.0,0.0,7
2023-05-10 13:34:56,y2311-P-7400,豆油2311沽7400,281.5,0.0,0.0,0.0,10,83.5,0.0,0,281.5,0.0,0.0,0.0,0.0,0.0,7
2023-05-10 13:34:58,y2311-P-7400,豆油2311沽7400,281.5,0.0,0.0,0.0,2,84.0,0.0,0,281.5,0.0,0.0,0.0,0.0,0.0,7
2023-05-10 13:34:58,y2311-P-7400,豆油2311沽7400,281.5,0.0,0.0,0.0,10,84.5,0.0,0,281.5,0.0,0.0,0.0,0.0,0.0,7
2023-05-10 13:34:59,y2311-P-7400,豆油2311沽7400,281.5,0.0,0.0,0.0,2,85.0,0.0,0,281.5,0.0,0.0,0.0,0.0,0.0,7
2023-05-10 13:34:59,y2311-P-7400,豆油2311沽7400,281.5,0.0,0.0,0.0,10,85.5,0.0,0,281.5,0.0,0.0,0.0,0.0,0.0,7
2023-05-10 13:35:01,y2311-P-7400,豆油2311沽7400,281.5,0.0,0.0,0.0,2,86.0,0.0,0,281.5,0.0,0.0,0.0,0.0,0.0,7
2023-05-10 13:35:01,y2311-P-7400,豆油2311沽7400,281.5,0.0,0.0,0.0,10,86.5,0.0,0,281.5,0.0,0.0,0.0,0.0,0.0,7
2023-05-10 13:35:03,y2311-P-7400,豆油2311沽7400,281.5,0.0,0.0,0.0,2,87.0,0.0,0,281.5,0.0,0.0,0.0,0.0,0.0,7
2023-05-10 13:35:03,y2311-P-7400,豆油2311沽7400,281.5,0.0,0.0,0.0,10,87.5,0.0,0,281.5,0.0,0.0,0.0,0.0,0.0,7
2023-05-10 13:35:05,y2311-P-7400,豆油2311沽7400,281.5,0.0,0.0,0.0,2,88.0,0.0,0,281.5,0.0,0.0,0.0,0.0,0.0,7
2023-05-10 13:35:05,y2311-P-7400,豆油2311沽7400,281.5,0.0,0.0,0.0,10,88.5,0.0,0,281.5,0.0,0.0,0.0,0.0,0.0,7
2023-05-10 13:35:06,y2311-P-7400,豆油2311沽7400,281.5,0.0,0.0,0.0,2,89.0,0.0,0,281.5,0.0,0.0,0.0,0.0,0.0,7
2023-05-10 13:35:06,y2311-P-7400,豆油2311沽7400,281.5,0.0,0.0,0.0,10,89.5,0.0,0,281.5,0.0,0.0,0.0,0.0,0.0,7
2023-05-10 13:35:07,y2311-P-7400,豆油2311沽7400,281.5,0.0,0.0,0.0,2,90.0,0.0,0,281.5,0.0,0.0,0.0,0.0,0.0,7
2023-05-10 13:35:07,y2311-P-7400,豆油2311沽7400,281.5,0.0,0.0,0.0,10,90.5,0.0,0,281.5,0.0,0.0,0.0,0.0,0.0,7
2023-05-10 13:35:09,y2311-P-7400,豆油2311沽7400,281.5,0.0,0.0,0.0,2,91.0,0.0,0,281.5,0.0,0.0,0.0,0.0,0.0,7
2023-05-10 13:35:09,y2311-P-7400,豆油2311沽7400,281.5,0.0,0.0,0.0,10,91.5,0.0,0,281.5,0.0,0.0,0.0,0.0,0.0,7
2023-05-10 13:35:10,y2311-P-7400,豆油2311沽7400,281.5,0.0,0.0,0.0,2,92.0,0.0,0,281.5,0.0,0.0,0.0,0.0,0.0,7
2023-05-10 13:35:10,y2311-P-7400,豆油2311沽7400,281.5,0.0,0.0,0.0,10,92.5,0.0,0,281.5,0.0,0.0,0.0,0.0,0.0,7
2023-05-10 13:35:12,y2311-P-7400,豆油2311沽7400,281.5,0.0,0.0,0.0,2,93.0,0.0,0,281.5,0.0,0.0,0.0,0.0,0.0,7
2023-05-10 13:35:12,y2311-P-7400,豆油2311沽7400,281.5,0.0,0.0,0.0,10,93.5,0.0,0,281.5,0.0,0.0,0.0,0.0,0.0,7
2023-05-10 13:35:13,y2311-P-7400,豆油2311沽7400,281.5,0.0,0.0,0.0,2,94.0,0.0,0,281.5,0.0,0.0,0.0,0.0,0.0,7
2023-05-10 13:35:13,y2311-P-7400,豆油2311沽7400,281.5,0.0,0.0,0.0,10,94.5,0.0,0,281.5,0.0,0.0,0.0,0.0,0.0,7
2023-05-10 13:35:15,y2311-P-7400,豆油2311沽7400,281.5,0.0,0.0,0.0,2,95.0,0.0,0,281.5,0.0,0.0,0.0,0.0,0.0,7
2023-05-10 13:35:15,y2311-P-7400,豆油2311沽7400,281.5,0.0,0.0,0.0,10,95.5,0.0,0,281.5,0.0,0.0,0.0,0.0,0.0,7
2023-05-10 13:35:16,y2311-P-7400,豆油2311沽7400,281.5,0.0,0.0,0.0,2,96.0,0.0,0,281.5,0.0,0.0,0.0,0.0,0.0,7
2023-05-10 13:35:16,y2311-P-7400,豆油2311沽7400,281.5,0.0,0.0,0.0,10,96.5,0.0,0,281.5,0.0,0.0,0.0,0.0,0.0,7
2023-05-10 13:35:17,y2311-P-7400,豆油2311沽7400,281.5,0.0,0.0,0.0,2,97.0,0.0,0,281.5,0.0,0.0,0.0,0.0,0.0,7
2023-05-10 13:35:17,y2311-P-7400,豆油2311沽7400,281.5,0.0,0.0,0.0,10,97.5,0.0,0,281.5,0.0,0.0,0.0,0.0,0.0,7
2023-05-10 13:35:19,y2311-P-7400,豆油2311沽7400,281.5,0.0,0.0,0.0,2,98.0,0.0,0,281.5,0.0,0.0,0.0,0.0,0.0,7
2023-05-10 13:35:19,y2311-P-7400,豆油2311沽7400,281.5,0.0,0.0,0.0,10,98.5,0.0,0,281.5,0.0,0.0,0.0,0.0,0.0,7
2023-05-10 13:35:20,y2311-P-7400,豆油2311沽7400,281.5,0.0,0.0,0.0,2,99.0,0.0,0,281.5,0.0,0.0,0.0,0.0,0.0,7
2023-05-10 13:35:20,y2311-P-7400,豆油2311沽7400,281.5,0.0,0.0,0.0,10,99.5,0.0,0,281.5,0.0,0.0,0.0,0.0,0.0,7
2023-05-10 13:35:21,y2311-P-7400,豆油2311沽7400,281.5,0.0,0.0,0.0,2,100.0,0.0,0,281.5,0.0,0.0,0.0,0.0,0.0,7
2023-05-10 13:35:21,y2311-P-7400,豆油2311沽7400,281.5,0.0,0.0,0.0,10,100.5,0.0,0,281.5,0.0,0.0,0.0,0.0,0.0,7
2023-05-10 13:35:22,y2311-P-7400,豆油2311沽7400,281.5,0.0,0.0,0.0,2,101.0,0.0,0,281.5,0.0,0.0,0.0,0.0,0.0,7
2023-05-10 13:35:22,y2311-P-7400,豆油2311沽7400,281.5,0.0,0.0,0.0,10,101.5,0.0,0,281.5,0.0,0.0,0.0,0.0,0.0,7
2023-05-10 13:35:23,y2311-P-7400,豆油2311沽7400,281.5,0.0,0.0,0.0,2,102.0,0.0,0,281.5,0.0,0.0,0.0,0.0,0.0,7
2023-05-10 13:35:23,y2311-P-7400,豆油2311沽7400,281.5,0.0,0.0,0.0,10,102.5,0.0,0,281.5,0.0,0.0,0.0,0.0,0.0,7
2023-05-10 13:35:25,y2311-P-7400,豆油2311沽7400,281.5,0.0,0.0,0.0,2,103.0,0.0,0,281.5,0.0,0.0,0.0,0.0,0.0,7
2023-05-10 13:35:25,y2311-P-7400,豆油2311沽7400,281.5,0.0,0.0,0.0,10,103.5,0.0,0,281.5,0.0,0.0,0.0,0.0,0.0,7
2023-05-10 13:35:26,y2311-P-7400,豆油2311沽7400,281.5,0.0,0.0,0.0,2,104.0,0.0,0,281.5,0.0,0.0,0.0,0.0,0.0,7
2023-05-10 13:35:26,y2311-P-7400,豆油2311沽7400,281.5,0.0,0.0,0.0,10,104.5,0.0,0,281.5,0.0,0.0,0.0,0.0,0.0,7
2023-05-10 13:35:27,y2311-P-7400,豆油2311沽7400,281.5,0.0,0.0,0.0,2,105.0,0.0,0,281.5,0.0,0.0,0.0,0.0,0.0,7
2023-05-10 13:35:27,y2311-P-7400,豆油2311沽7400,281.5,0.0,0.0,0.0,10,105.5,0.0,0,281.5,0.0,0.0,0.0,0.0,0.0,7
2023-05-10 13:35:28,y2311-P-7400,豆油2311沽7400,281.5,0.0,0.0,0.0,2,106.0,0.0,0,281.5,0.0,0.0,0.0,0.0,0.0,7
2023-05-10 13:35:28,y2311-P-7400,豆油2311沽7400,281.5,0.0,0.0,0.0,10,106.5,0.0,0,281.5,0.0,0.0,0.0,0.0,0.0,7
2023-05-10 13:35:30,y2311-P-7400,豆油2311沽7400,281.5,0.0,0.0,0.0,2,107.0,0.0,0,281.5,0.0,0.0,0.0,0.0,0.0,7
2023-05-10 13:35:30,y2311-P-7400,豆油2311沽7400,281.5,0.0,0.0,0.0,10,107.5,0.0,0,281.5,0.0,0.0,0.0,0.0,0.0,7
2023-05-10 13:35:31,y2311-P-7400,豆油2311沽7400,281.5,0.0,0.0,0.0,2,108.0,0.0,0,281.5,0.0,0.0,0.0,0.0,0.0,7
2023-05-10 13:35:31,y2311-P-7400,豆油2311沽7400,281.5,0.0,0.0,0.0,10,108.5,0.0,0,281.5,0.0,0.0,0.0,0.0,0.0,7
2023-05-10 13:35:32,y2311-P-7400,豆油2311沽7400,281.5,0.0,0.0,0.0,2,109.0,0.0,0,281.5,0.0,0.0,0.0,0.0,0.0,7
2023-05-10 13:35:32,y2311-P-7400,豆油2311沽7400,281.5,0.0,0.0,0.0,10,109.5,0.0,0,281.5,0.0,0.0,0.0,0.0,0.0,7
2023-05-10 13:35:34,y2311-P-7400,豆油2311沽7400,281.5,0.0,0.0,0.0,2,110.0,0.0,0,281.5,0.0,0.0,0.0,0.0,0.0,7
2023-05-10 13:35:34,y2311-P-7400,豆油2311沽7400,281.5,0.0,0.0,0.0,10,110.5,0.0,0,281.5,0.0,0.0,0.0,0.0,0.0,7
2023-05-10 13:35:35,y2311-P-7400,豆油2311沽7400,281.5,0.0,0.0,0.0,2,111.0,0.0,0,281.5,0.0,0.0,0.0,0.0,0.0,7
2023-05-10 13:35:35,y2311-P-7400,豆油2311沽7400,281.5,0.0,0.0,0.0,10,111.5,0.0,0,281.5,0.0,0.0,0.0,0.0,0.0,7
2023-05-10 13:35:36,y2311-P-7400,豆油2311沽7400,281.5,0.0,0.0,0.0,2,112.0,0.0,0,281.5,0.0,0.0,0.0,0.0,0.0,7
2023-05-10 13:35:36,y2311-P-7400,豆油2311沽7400,281.5,0.0,0.0,0.0,10,112.5,0.0,0,281.5,0.0,0.0,0.0,0.0,0.0,7
2023-05-10 13:35:38,y2311-P-7400,豆油2311沽7400,281.5,0.0,0.0,0.0,2,113.0,0.0,0,281.5,0.0,0.0,0.0,0.0,0.0,7
2023-05-10 13:35:38,y2311-P-7400,豆油2311沽7400,281.5,0.0,0.0,0.0,10,113.5,0.0,0,281.5,0.0,0.0,0.0,0.0,0.0,7
2023-05-10 13:35:39,y2311-P-7400,豆油2311沽7400,281.5,0.0,0.0,0.0,2,114.0,0.0,0,281.5,0.0,0.0,0.0,0.0,0.0,7
2023-05-10 13:35:39,y2311-P-7400,豆油2311沽7400,281.5,0.0,0.0,0.0,10,114.5,0.0,0,281.5,0.0,0.0,0.0,0.0,0.0,7
2023-05-10 13:35:41,y2311-P-7400,豆油2311沽7400,281.5,0.0,0.0,0.0,2,115.0,0.0,0,281.5,0.0,0.0,0.0,0.0,0.0,7
2023-05-10 13:35:41,y2311-P-7400,豆油2311沽7400,281.5,0.0,0.0,0.0,10,115.5,0.0,0,281.5,0.0,0.0,0.0,0.0,0.0,7
2023-05-10 13:35:42,y2311-P-7400,豆油2311沽7400,281.5,0.0,0.0,0.0,2,116.0,0.0,0,281.5,0.0,0.0,0.0,0.0,0.0,7
2023-05-10 13:35:42,y2311-P-7400,豆油2311沽7400,281.5,0.0,0.0,0.0,10,116.5,0.0,0,281.5,0.0,0.0,0.0,0.0,0.0,7
2023-05-10 13:35:43,y2311-P-7400,豆油2311沽7400,281.5,0.0,0.0,0.0,2,117.0,0.0,0,281.5,0.0,0.0,0.0,0.0,0.0,7
2023-05-10 13:35:43,y2311-P-7400,豆油2311沽7400,281.5,0.0,0.0,0.0,10,117.5,0.0,0,281.5,0.0,0.0,0.0,0.0,0.0,7
2023-05-10 13:35:45,y2311-P-7400,豆油2311沽7400,281.5,0.0,0.0,0.0,2,118.0,0.0,0,281.5,0.0,0.0,0.0,0.0,0.0,7
2023-05-10 13:35:45,y2311-P-7400,豆油2311沽7400,281.5,0.0,0.0,0.0,10,118.5,0.0,0,281.5,0.0,0.0,0.0,0.0,0.0,7
2023-05-10 13:35:46,y2311-P-7400,豆油2311沽7400,281.5,0.0,0.0,0.0,2,119.0,0.0,0,281.5,0.0,0.0,0.0,0.0,0.0,7
2023-05-10 13:35:46,y2311-P-7400,豆油2311沽7400,281.5,0.0,0.0,0.0,10,119.5,0.0,0,281.5,0.0,0.0,0.0,0.0,0.0,7
2023-05-10 13:35:47,y2311-P-7400,豆油2311沽7400,281.5,0.0,0.0,0.0,2,120.0,0.0,0,281.5,0.0,0.0,0.0,0.0,0.0,7
2023-05-10 13:35:47,y2311-P-7400,豆油2311沽7400,281.5,0.0,0.0,0.0,10,120.5,0.0,0,281.5,0.0,0.0,0.0,0.0,0.0,7
2023-05-10 13:35:49,y2311-P-7400,豆油2311沽7400,281.5,0.0,0.0,0.0,2,121.0,0.0,0,281.5,0.0,0.0,0.0,0.0,0.0,7
2023-05-10 13:35:49,y2311-P-7400,豆油2311沽7400,281.5,0.0,0.0,0.0,10,121.5,0.0,0,281.5,0.0,0.0,0.0,0.0,0.0,7
2023-05-10 13:35:50,y2311-P-7400,豆油2311沽7400,281.5,0.0,0.0,0.0,2,122.0,0.0,0,281.5,0.0,0.0,0.0,0.0,0.0,7
2023-05-10 13:35:50,y2311-P-7400,豆油2311沽7400,281.5,0.0,0.0,0.0,10,122.5,0.0,0,281.5,0.0,0.0,0.0,0.0,0.0,7
2023-05-10 13:35:51,y2311-P-7400,豆油2311沽7400,281.5,0.0,0.0,0.0,2,123.0,0.0,0,281.5,0.0,0.0,0.0,0.0,0.0,7
2023-05-10 13:35:51,y2311-P-7400,豆油2311沽7400,281.5,0.0,0.0,0.0,10,123.5,0.0,0,281.5,0.0,0.0,0.0,0.0,0.0,7
2023-05-10 13:35:52,y2311-P-7400,豆油2311沽7400,281.5,0.0,0.0,0.0,2,124.0,0.0,0,281.5,0.0,0.0,0.0,0.0,0.0,7
2023-05-10 13:35:52,y2311-P-7400,豆油2311沽7400,281.5,0.0,0.0,0.0,10,124.5,0.0,0,281.5,0.0,0.0,0.0,0.0,0.0,7
2023-05-10 13:35:53,y2311-P-7400,豆油2311沽7400,281.5,0.0,0.0,0.0,2,125.0,0.0,0,281.5,0.0,0.0,0.0,0.0,0.0,7
2023-05-10 13:35:53,y2311-P-7400,豆油2311沽7400,281.5,0.0,0.0,0.0,10,125.5,0.0,0,281.5,0.0,0.0,0.0,0.0,0.0,7
2023-05-10 13:35:55,y2311-P-7400,豆油2311沽7400,281.5,0.0,0.0,0.0,2,126.0,0.0,0,281.5,0.0,0.0,0.0,0.0,0.0,7
2023-05-10 13:35:55,y2311-P-7400,豆油2311沽7400,281.5,0.0,0.0,0.0,10,126.5,0.0,0,281.5,0.0,0.0,0.0,0.0,0.0,7
2023-05-10 13:35:56,y2311-P-7400,豆油2311沽7400,281.5,0.0,0.0,0.0,2,127.0,0.0,0,281.5,0.0,0.0,0.0,0.0,0.0,7
2023-05-10 13:35:56,y2311-P-7400,豆油2311沽7400,281.5,0.0,0.0,0.0,10,127.5,0.0,0,281.5,0.0,0.0,0.0,0.0,0.0,7
2023-05-10 13:35:57,y2311-P-7400,豆油2311沽7400,281.5,0.0,0.0,0.0,2,128.0,0.0,0,281.5,0.0,0.0,0.0,0.0,0.0,7
2023-05-10 13:35:57,y2311-P-7400,豆油2311沽7400,281.5,0.0,0.0,0.0,10,128.5,0.0,0,281.5,0.0,0.0,0.0,0.0,0.0,7
2023-05-10 13:35:59,y2311-P-7400,豆油2311沽7400,281.5,0.0,0.0,0.0,2,129.0,0.0,0,281.5,0.0,0.0,0.0,0.0,0.0,7
2023-05-10 13:35:59,y2311-P-7400,豆油2311沽7400,281.5,0.0,0.0,0.0,10,129.5,0.0,0,281.5,0.0,0.0,0.0,0.0,0.0,7
2023-05-10 13:36:00,y2311-P-7400,豆油2311沽7400,281.5,0.0,0.0,0.0,2,130.0,0.0,0,281.5,0.0,0.0,0.0,0.0,0.0,7
2023-05-10 13:36:00,y2311-P-7400,豆油2311沽7400,281.5,0.0,0.0,0.0,10,130.5,0.0,0,281.5,0.0,0.0,0.0,0.0,0.0,7
2023-05-10 13:36:01,y2311-P-7400,豆油2311沽7400,281.5,0.0,0.0,0.0,2,131.0,0.0,0,281.5,0.0,0.0,0.0,0.0,0.0,7
2023-05-10 13:36:01,y2311-P-7400,豆油2311沽7400,281.5,0.0,0.0,0.0,10,131.5,0.0,0,281.5,0.0,0.0,0.0,0.0,0.0,7
2023-05-10 13:36:03,y2311-P-7400,豆油2311沽7400,281.5,0.0,0.0,0.0,2,132.0,0.0,0,281.5,0.0,0.0,0.0,0.0,0.0,7
2023-05-10 13:36:03,y2311-P-7400,豆油2311沽7400,281.5,0.0,0.0,0.0,10,132.5,0.0,0,281.5,0.0,0.0,0.0,0.0,0.0,7
2023-05-10 13:36:04,y2311-P-7400,豆油2311沽7400,281.5,0.0,0.0,0.0,2,133.0,0.0,0,281.5,0.0,0.0,0.0,0.0,0.0,7
2023-05-10 13:36:04,y2311-P-7400,豆油2311沽7400,281.5,0.0,0.0,0.0,10,133.5,0.0,0,281.5,0.0,0.0,0.0,0.0,0.0,7
2023-05-10 13:36:05,y2311-P-7400,豆油2311沽7400,281.5,0.0,0.0,0.0,2,134.0,0.0,0,281.5,0.0,0.0,0.0,0.0,0.0,7
2023-05-10 13:36:05,y2311-P-7400,豆油2311沽7400,281.5,0.0,0.0,0.0,10,134.5,0.0,0,281.5,0.0,0.0,0.0,0.0,0.0,7
2023-05-10 13:36:06,y2311-P-7400,豆油2311沽7400,281.5,0.0,0.0,0.0,2,135.0,0.0,0,281.5,0.0,0.0,0.0,0.0,0.0,7
2023-05-10 13:36:06,y2311-P-7400,豆油2311沽7400,281.5,0.0,0.0,0.0,10,135.5,0.0,0,281.5,0.0,0.0,0.0,0.0,0.0,7
2023-05-10 13:36:07,y2311-P-7400,豆油2311沽7400,281.5,0.0,0.0,0.0,2,136.0,0.0,0,281.5,0.0,0.0,0.0,0.0,0.0,7
2023-05-10 13:36:07,y2311-P-7400,豆油2311沽7400,281.5,0.0,0.0,0.0,10,136.5,0.0,0,281.5,0.0,0.0,0.0,0.0,0.0,7
2023-05-10 13:36:09,y2311-P-7400,豆油2311沽7400,281.5,0.0,0.0,0.0,2,137.0,0.0,0,281.5,0.0,0.0,0.0,0.0,0.0,7
2023-05-10 13:36:09,y2311-P-7400,豆油2311沽7400,281.5,0.0,0.0,0.0,10,137.5,0.0,0,281.5,0.0,0.0,0.0,0.0,0.0,7
2023-05-10 13:36:10,y2311-P-7400,豆油2311沽7400,281.5,0.0,0.0,0.0,2,138.0,0.0,0,281.5,0.0,0.0,0.0,0.0,0.0,7
2023-05-10 13:36:10,y2311-P-7400,豆油2311沽7400,281.5,0.0,0.0,0.0,10,138.5,0.0,0,281.5,0.0,0.0,0.0,0.0,0.0,7
2023-05-10 13:36:12,y2311-P-7400,豆油2311沽7400,281.5,0.0,0.0,0.0,2,139.0,0.0,0,281.5,0.0,0.0,0.0,0.0,0.0,7
2023-05-10 13:36:12,y2311-P-7400,豆油2311沽7400,281.5,0.0,0.0,0.0,10,139.5,0.0,0,281.5,0.0,0.0,0.0,0.0,0.0,7
2023-05-10 13:36:13,y2311-P-7400,豆油2311沽7400,281.5,0.0,0.0,0.0,2,140.0,0.0,0,281.5,0.0,0.0,0.0,0.0,0.0,7
2023-05-10 13:36:13,y2311-P-7400,豆油2311沽7400,281.5,0.0,0.0,0.0,10,140.5,0.0,0,281.5,0.0,0.0,0.0,0.0,0.0,7
2023-05-10 13:45:42,y2311-P-7400,豆油2311沽7400,281.5,0.0,0.0,0.0,1,141.0,0.0,0,281.5,0.0,0.0,0.0,0.0,0.0,7
2023-05-10 13:45:42,y2311-P-7400,豆油2311沽7400,281.5,0.0,0.0,0.0,10,141.5,0.0,0,281.5,0.0,0.0,0.0,0.0,0.0,7
2023-05-10 13:59:16,y2311-P-7400,豆油2311沽7400,281.5,0.0,0.0,0.0,1,260.0,291.0,1,281.5,0.0,0.0,0.0,0.0,0.0,7
2023-05-10 13:59:17,y2311-P-7400,豆油2311沽7400,281.5,0.0,0.0,0.0,2,260.0,291.0,2,281.5,0.0,0.0,0.0,0.0,0.0,7
2023-05-10 13:59:19,y2311-P-7400,豆油2311沽7400,281.5,0.0,0.0,0.0,2,260.0,291.0,3,281.5,0.0,0.0,0.0,0.0,0.0,7
2023-05-10 13:59:24,y2311-P-7400,豆油2311沽7400,281.5,0.0,0.0,0.0,2,260.0,288.0,1,281.5,0.0,0.0,0.0,0.0,0.0,7
2023-05-10 13:59:28,y2311-P-7400,豆油2311沽7400,281.5,0.0,0.0,0.0,1,260.0,288.0,1,281.5,0.0,0.0,0.0,0.0,0.0,7
2023-05-10 13:59:29,y2311-P-7400,豆油2311沽7400,281.5,0.0,0.0,0.0,1,259.5,288.0,1,281.5,0.0,0.0,0.0,0.0,0.0,7
2023-05-10 13:59:35,y2311-P-7400,豆油2311沽7400,281.5,0.0,0.0,0.0,1,259.5,288.5,4,281.5,0.0,0.0,0.0,0.0,0.0,7
2023-05-10 13:59:35,y2311-P-7400,豆油2311沽7400,281.5,0.0,0.0,0.0,1,259.5,288.5,3,281.5,0.0,0.0,0.0,0.0,0.0,7
2023-05-10 13:59:36,y2311-P-7400,豆油2311沽7400,281.5,0.0,0.0,0.0,1,259.5,288.5,2,281.5,0.0,0.0,0.0,0.0,0.0,7
2023-05-10 13:59:39,y2311-P-7400,豆油2311沽7400,281.5,0.0,0.0,0.0,1,258.5,288.5,1,281.5,0.0,0.0,0.0,0.0,0.0,7
2023-05-10 13:59:43,y2311-P-7400,豆油2311沽7400,281.5,0.0,0.0,0.0,10,141.5,0.0,0,281.5,0.0,0.0,0.0,0.0,0.0,7
2023-05-10 14:59:02,y2311-P-7400,豆油2311沽7400,281.5,0.0,0.0,0.0,1,141.0,0.0,0,281.5,0.0,0.0,0.0,0.0,0.0,7
2023-05-10 15:01:15,y2311-P-7400,豆油2311沽7400,281.5,0.0,0.0,0.0,1,141.0,0.0,0,281.5,0.0,0.0,0.0,0.0,0.0,7
