time,symbol_id,symbol_name,last,trade_volume,trade_amount,open_interest_change,bv1,bp1,ap1,av1,yesterday_close,today_open,today_high,today_low,volume,amount,open_interest
2023-05-09 20:55:30,y2311-C-7600,y2311-C-7600,422.0,0.0,0.0,0.0,1,0.5,0.0,0,422.0,0.0,0.0,0.0,0.0,0.0,0
2023-05-09 21:00:31,y2311-C-7600,y2311-C-7600,422.0,0.0,0.0,0.0,1,88.0,0.0,0,422.0,0.0,0.0,0.0,0.0,0.0,0
2023-05-09 21:00:50,y2311-C-7600,y2311-C-7600,422.0,0.0,0.0,0.0,1,88.5,0.0,0,422.0,0.0,0.0,0.0,0.0,0.0,0
2023-05-09 21:02:36,y2311-C-7600,y2311-C-7600,422.0,0.0,0.0,0.0,1,89.0,0.0,0,422.0,0.0,0.0,0.0,0.0,0.0,0
2023-05-09 21:10:11,y2311-C-7600,y2311-C-7600,422.0,0.0,0.0,0.0,2,89.5,0.0,0,422.0,0.0,0.0,0.0,0.0,0.0,0
2023-05-09 21:10:11,y2311-C-7600,y2311-C-7600,422.0,0.0,0.0,0.0,1,89.0,0.0,0,422.0,0.0,0.0,0.0,0.0,0.0,0
2023-05-09 21:10:18,y2311-C-7600,y2311-C-7600,422.0,0.0,0.0,0.0,2,92.5,0.0,0,422.0,0.0,0.0,0.0,0.0,0.0,0
2023-05-09 21:10:18,y2311-C-7600,y2311-C-7600,422.0,0.0,0.0,0.0,1,89.0,0.0,0,422.0,0.0,0.0,0.0,0.0,0.0,0
2023-05-09 21:10:22,y2311-C-7600,y2311-C-7600,422.0,0.0,0.0,0.0,2,92.5,0.0,0,422.0,0.0,0.0,0.0,0.0,0.0,0
2023-05-09 21:10:22,y2311-C-7600,y2311-C-7600,422.0,0.0,0.0,0.0,1,89.0,0.0,0,422.0,0.0,0.0,0.0,0.0,0.0,0
2023-05-09 21:10:23,y2311-C-7600,y2311-C-7600,422.0,0.0,0.0,0.0,2,92.5,0.0,0,422.0,0.0,0.0,0.0,0.0,0.0,0
2023-05-09 21:10:23,y2311-C-7600,y2311-C-7600,422.0,0.0,0.0,0.0,1,89.0,0.0,0,422.0,0.0,0.0,0.0,0.0,0.0,0
2023-05-09 21:10:26,y2311-C-7600,y2311-C-7600,422.0,0.0,0.0,0.0,2,95.5,0.0,0,422.0,0.0,0.0,0.0,0.0,0.0,0
2023-05-09 21:10:26,y2311-C-7600,y2311-C-7600,422.0,0.0,0.0,0.0,1,89.0,0.0,0,422.0,0.0,0.0,0.0,0.0,0.0,0
2023-05-09 21:10:27,y2311-C-7600,y2311-C-7600,422.0,0.0,0.0,0.0,2,95.5,0.0,0,422.0,0.0,0.0,0.0,0.0,0.0,0
2023-05-09 21:10:27,y2311-C-7600,y2311-C-7600,422.0,0.0,0.0,0.0,1,89.0,0.0,0,422.0,0.0,0.0,0.0,0.0,0.0,0
2023-05-09 21:10:28,y2311-C-7600,y2311-C-7600,422.0,0.0,0.0,0.0,2,95.5,0.0,0,422.0,0.0,0.0,0.0,0.0,0.0,0
2023-05-09 21:10:28,y2311-C-7600,y2311-C-7600,422.0,0.0,0.0,0.0,1,89.0,0.0,0,422.0,0.0,0.0,0.0,0.0,0.0,0
2023-05-09 21:10:30,y2311-C-7600,y2311-C-7600,422.0,0.0,0.0,0.0,2,95.5,0.0,0,422.0,0.0,0.0,0.0,0.0,0.0,0
2023-05-09 21:10:30,y2311-C-7600,y2311-C-7600,422.0,0.0,0.0,0.0,1,89.0,0.0,0,422.0,0.0,0.0,0.0,0.0,0.0,0
2023-05-09 21:10:31,y2311-C-7600,y2311-C-7600,422.0,0.0,0.0,0.0,2,95.5,0.0,0,422.0,0.0,0.0,0.0,0.0,0.0,0
2023-05-09 21:10:31,y2311-C-7600,y2311-C-7600,422.0,0.0,0.0,0.0,1,89.0,0.0,0,422.0,0.0,0.0,0.0,0.0,0.0,0
2023-05-09 21:10:33,y2311-C-7600,y2311-C-7600,422.0,0.0,0.0,0.0,2,95.5,0.0,0,422.0,0.0,0.0,0.0,0.0,0.0,0
2023-05-09 21:10:33,y2311-C-7600,y2311-C-7600,422.0,0.0,0.0,0.0,1,89.0,0.0,0,422.0,0.0,0.0,0.0,0.0,0.0,0
2023-05-09 21:10:37,y2311-C-7600,y2311-C-7600,422.0,0.0,0.0,0.0,2,89.5,0.0,0,422.0,0.0,0.0,0.0,0.0,0.0,0
2023-05-09 21:10:37,y2311-C-7600,y2311-C-7600,422.0,0.0,0.0,0.0,1,89.0,0.0,0,422.0,0.0,0.0,0.0,0.0,0.0,0
2023-05-09 21:10:38,y2311-C-7600,y2311-C-7600,422.0,0.0,0.0,0.0,2,95.5,0.0,0,422.0,0.0,0.0,0.0,0.0,0.0,0
2023-05-09 21:10:39,y2311-C-7600,y2311-C-7600,422.0,0.0,0.0,0.0,1,89.0,0.0,0,422.0,0.0,0.0,0.0,0.0,0.0,0
2023-05-09 21:10:40,y2311-C-7600,y2311-C-7600,422.0,0.0,0.0,0.0,2,95.5,0.0,0,422.0,0.0,0.0,0.0,0.0,0.0,0
2023-05-09 21:10:40,y2311-C-7600,y2311-C-7600,422.0,0.0,0.0,0.0,1,89.0,0.0,0,422.0,0.0,0.0,0.0,0.0,0.0,0
2023-05-09 21:10:41,y2311-C-7600,y2311-C-7600,422.0,0.0,0.0,0.0,2,89.5,0.0,0,422.0,0.0,0.0,0.0,0.0,0.0,0
2023-05-09 21:10:41,y2311-C-7600,y2311-C-7600,422.0,0.0,0.0,0.0,1,89.0,0.0,0,422.0,0.0,0.0,0.0,0.0,0.0,0
2023-05-09 21:10:42,y2311-C-7600,y2311-C-7600,422.0,0.0,0.0,0.0,2,95.5,0.0,0,422.0,0.0,0.0,0.0,0.0,0.0,0
2023-05-09 21:10:43,y2311-C-7600,y2311-C-7600,422.0,0.0,0.0,0.0,2,96.0,0.0,0,422.0,0.0,0.0,0.0,0.0,0.0,0
2023-05-09 21:10:43,y2311-C-7600,y2311-C-7600,422.0,0.0,0.0,0.0,1,89.0,0.0,0,422.0,0.0,0.0,0.0,0.0,0.0,0
2023-05-09 21:10:45,y2311-C-7600,y2311-C-7600,422.0,0.0,0.0,0.0,2,95.5,0.0,0,422.0,0.0,0.0,0.0,0.0,0.0,0
2023-05-09 21:10:46,y2311-C-7600,y2311-C-7600,422.0,0.0,0.0,0.0,1,89.0,0.0,0,422.0,0.0,0.0,0.0,0.0,0.0,0
2023-05-09 21:10:48,y2311-C-7600,y2311-C-7600,422.0,0.0,0.0,0.0,2,95.5,0.0,0,422.0,0.0,0.0,0.0,0.0,0.0,0
2023-05-09 21:10:48,y2311-C-7600,y2311-C-7600,422.0,0.0,0.0,0.0,2,96.0,0.0,0,422.0,0.0,0.0,0.0,0.0,0.0,0
2023-05-09 21:10:49,y2311-C-7600,y2311-C-7600,422.0,0.0,0.0,0.0,2,102.5,0.0,0,422.0,0.0,0.0,0.0,0.0,0.0,0
2023-05-09 21:10:49,y2311-C-7600,y2311-C-7600,422.0,0.0,0.0,0.0,1,89.0,0.0,0,422.0,0.0,0.0,0.0,0.0,0.0,0
2023-05-09 21:10:51,y2311-C-7600,y2311-C-7600,422.0,0.0,0.0,0.0,2,95.5,0.0,0,422.0,0.0,0.0,0.0,0.0,0.0,0
2023-05-09 21:10:52,y2311-C-7600,y2311-C-7600,422.0,0.0,0.0,0.0,2,102.0,0.0,0,422.0,0.0,0.0,0.0,0.0,0.0,0
2023-05-09 21:10:52,y2311-C-7600,y2311-C-7600,422.0,0.0,0.0,0.0,1,89.0,0.0,0,422.0,0.0,0.0,0.0,0.0,0.0,0
2023-05-09 21:10:53,y2311-C-7600,y2311-C-7600,422.0,0.0,0.0,0.0,2,95.5,0.0,0,422.0,0.0,0.0,0.0,0.0,0.0,0
2023-05-09 21:10:53,y2311-C-7600,y2311-C-7600,422.0,0.0,0.0,0.0,2,102.0,0.0,0,422.0,0.0,0.0,0.0,0.0,0.0,0
2023-05-09 21:10:53,y2311-C-7600,y2311-C-7600,422.0,0.0,0.0,0.0,1,89.0,0.0,0,422.0,0.0,0.0,0.0,0.0,0.0,0
2023-05-09 21:10:55,y2311-C-7600,y2311-C-7600,422.0,0.0,0.0,0.0,2,95.5,0.0,0,422.0,0.0,0.0,0.0,0.0,0.0,0
2023-05-09 21:10:56,y2311-C-7600,y2311-C-7600,422.0,0.0,0.0,0.0,1,89.0,0.0,0,422.0,0.0,0.0,0.0,0.0,0.0,0
2023-05-09 21:10:56,y2311-C-7600,y2311-C-7600,422.0,0.0,0.0,0.0,2,102.0,0.0,0,422.0,0.0,0.0,0.0,0.0,0.0,0
2023-05-09 21:10:56,y2311-C-7600,y2311-C-7600,422.0,0.0,0.0,0.0,1,89.0,0.0,0,422.0,0.0,0.0,0.0,0.0,0.0,0
2023-05-09 21:10:59,y2311-C-7600,y2311-C-7600,422.0,0.0,0.0,0.0,2,95.5,0.0,0,422.0,0.0,0.0,0.0,0.0,0.0,0
2023-05-09 21:10:59,y2311-C-7600,y2311-C-7600,422.0,0.0,0.0,0.0,1,89.0,0.0,0,422.0,0.0,0.0,0.0,0.0,0.0,0
2023-05-09 21:11:02,y2311-C-7600,y2311-C-7600,422.0,0.0,0.0,0.0,2,95.5,0.0,0,422.0,0.0,0.0,0.0,0.0,0.0,0
2023-05-09 21:11:02,y2311-C-7600,y2311-C-7600,422.0,0.0,0.0,0.0,1,89.0,0.0,0,422.0,0.0,0.0,0.0,0.0,0.0,0
2023-05-09 21:11:04,y2311-C-7600,y2311-C-7600,422.0,0.0,0.0,0.0,2,95.5,0.0,0,422.0,0.0,0.0,0.0,0.0,0.0,0
2023-05-09 21:11:04,y2311-C-7600,y2311-C-7600,422.0,0.0,0.0,0.0,1,89.0,0.0,0,422.0,0.0,0.0,0.0,0.0,0.0,0
2023-05-09 21:11:05,y2311-C-7600,y2311-C-7600,422.0,0.0,0.0,0.0,2,102.0,0.0,0,422.0,0.0,0.0,0.0,0.0,0.0,0
2023-05-09 21:11:05,y2311-C-7600,y2311-C-7600,422.0,0.0,0.0,0.0,2,95.5,0.0,0,422.0,0.0,0.0,0.0,0.0,0.0,0
2023-05-09 21:11:05,y2311-C-7600,y2311-C-7600,422.0,0.0,0.0,0.0,1,89.0,0.0,0,422.0,0.0,0.0,0.0,0.0,0.0,0
2023-05-09 21:11:08,y2311-C-7600,y2311-C-7600,422.0,0.0,0.0,0.0,2,95.5,0.0,0,422.0,0.0,0.0,0.0,0.0,0.0,0
2023-05-09 21:11:08,y2311-C-7600,y2311-C-7600,422.0,0.0,0.0,0.0,1,89.0,0.0,0,422.0,0.0,0.0,0.0,0.0,0.0,0
2023-05-09 21:11:09,y2311-C-7600,y2311-C-7600,422.0,0.0,0.0,0.0,2,95.5,0.0,0,422.0,0.0,0.0,0.0,0.0,0.0,0
2023-05-09 21:11:09,y2311-C-7600,y2311-C-7600,422.0,0.0,0.0,0.0,1,89.0,0.0,0,422.0,0.0,0.0,0.0,0.0,0.0,0
2023-05-09 21:11:09,y2311-C-7600,y2311-C-7600,422.0,0.0,0.0,0.0,2,102.0,0.0,0,422.0,0.0,0.0,0.0,0.0,0.0,0
2023-05-09 21:11:10,y2311-C-7600,y2311-C-7600,422.0,0.0,0.0,0.0,1,89.0,0.0,0,422.0,0.0,0.0,0.0,0.0,0.0,0
2023-05-09 21:11:11,y2311-C-7600,y2311-C-7600,422.0,0.0,0.0,0.0,2,95.5,0.0,0,422.0,0.0,0.0,0.0,0.0,0.0,0
2023-05-09 21:11:12,y2311-C-7600,y2311-C-7600,422.0,0.0,0.0,0.0,1,89.0,0.0,0,422.0,0.0,0.0,0.0,0.0,0.0,0
2023-05-09 21:11:12,y2311-C-7600,y2311-C-7600,422.0,0.0,0.0,0.0,2,95.5,0.0,0,422.0,0.0,0.0,0.0,0.0,0.0,0
2023-05-09 21:11:13,y2311-C-7600,y2311-C-7600,422.0,0.0,0.0,0.0,1,89.0,0.0,0,422.0,0.0,0.0,0.0,0.0,0.0,0
2023-05-09 21:11:14,y2311-C-7600,y2311-C-7600,422.0,0.0,0.0,0.0,2,95.5,0.0,0,422.0,0.0,0.0,0.0,0.0,0.0,0
2023-05-09 21:11:14,y2311-C-7600,y2311-C-7600,422.0,0.0,0.0,0.0,1,89.0,0.0,0,422.0,0.0,0.0,0.0,0.0,0.0,0
2023-05-09 21:11:15,y2311-C-7600,y2311-C-7600,422.0,0.0,0.0,0.0,2,95.5,0.0,0,422.0,0.0,0.0,0.0,0.0,0.0,0
2023-05-09 21:11:16,y2311-C-7600,y2311-C-7600,422.0,0.0,0.0,0.0,1,89.0,0.0,0,422.0,0.0,0.0,0.0,0.0,0.0,0
2023-05-09 21:11:17,y2311-C-7600,y2311-C-7600,422.0,0.0,0.0,0.0,2,95.5,0.0,0,422.0,0.0,0.0,0.0,0.0,0.0,0
2023-05-09 21:11:17,y2311-C-7600,y2311-C-7600,422.0,0.0,0.0,0.0,1,89.0,0.0,0,422.0,0.0,0.0,0.0,0.0,0.0,0
2023-05-09 21:11:18,y2311-C-7600,y2311-C-7600,422.0,0.0,0.0,0.0,2,95.5,0.0,0,422.0,0.0,0.0,0.0,0.0,0.0,0
2023-05-09 21:11:19,y2311-C-7600,y2311-C-7600,422.0,0.0,0.0,0.0,1,89.0,0.0,0,422.0,0.0,0.0,0.0,0.0,0.0,0
2023-05-09 21:11:21,y2311-C-7600,y2311-C-7600,422.0,0.0,0.0,0.0,2,95.5,0.0,0,422.0,0.0,0.0,0.0,0.0,0.0,0
2023-05-09 21:11:22,y2311-C-7600,y2311-C-7600,422.0,0.0,0.0,0.0,1,89.0,0.0,0,422.0,0.0,0.0,0.0,0.0,0.0,0
2023-05-09 21:11:24,y2311-C-7600,y2311-C-7600,422.0,0.0,0.0,0.0,2,95.5,0.0,0,422.0,0.0,0.0,0.0,0.0,0.0,0
2023-05-09 21:11:25,y2311-C-7600,y2311-C-7600,422.0,0.0,0.0,0.0,2,102.0,0.0,0,422.0,0.0,0.0,0.0,0.0,0.0,0
2023-05-09 21:11:25,y2311-C-7600,y2311-C-7600,422.0,0.0,0.0,0.0,1,89.0,0.0,0,422.0,0.0,0.0,0.0,0.0,0.0,0
2023-05-09 21:11:26,y2311-C-7600,y2311-C-7600,422.0,0.0,0.0,0.0,2,95.5,0.0,0,422.0,0.0,0.0,0.0,0.0,0.0,0
2023-05-09 21:11:27,y2311-C-7600,y2311-C-7600,422.0,0.0,0.0,0.0,1,89.0,0.0,0,422.0,0.0,0.0,0.0,0.0,0.0,0
2023-05-09 21:11:27,y2311-C-7600,y2311-C-7600,422.0,0.0,0.0,0.0,2,102.0,0.0,0,422.0,0.0,0.0,0.0,0.0,0.0,0
2023-05-09 21:11:28,y2311-C-7600,y2311-C-7600,422.0,0.0,0.0,0.0,1,89.0,0.0,0,422.0,0.0,0.0,0.0,0.0,0.0,0
2023-05-09 21:11:29,y2311-C-7600,y2311-C-7600,422.0,0.0,0.0,0.0,2,95.5,0.0,0,422.0,0.0,0.0,0.0,0.0,0.0,0
2023-05-09 21:11:30,y2311-C-7600,y2311-C-7600,422.0,0.0,0.0,0.0,1,89.0,0.0,0,422.0,0.0,0.0,0.0,0.0,0.0,0
2023-05-09 21:11:30,y2311-C-7600,y2311-C-7600,422.0,0.0,0.0,0.0,2,102.0,0.0,0,422.0,0.0,0.0,0.0,0.0,0.0,0
2023-05-09 21:11:31,y2311-C-7600,y2311-C-7600,422.0,0.0,0.0,0.0,1,89.0,0.0,0,422.0,0.0,0.0,0.0,0.0,0.0,0
2023-05-09 21:11:32,y2311-C-7600,y2311-C-7600,422.0,0.0,0.0,0.0,2,95.5,0.0,0,422.0,0.0,0.0,0.0,0.0,0.0,0
2023-05-09 21:11:33,y2311-C-7600,y2311-C-7600,422.0,0.0,0.0,0.0,2,102.0,0.0,0,422.0,0.0,0.0,0.0,0.0,0.0,0
2023-05-09 21:11:34,y2311-C-7600,y2311-C-7600,422.0,0.0,0.0,0.0,1,89.0,0.0,0,422.0,0.0,0.0,0.0,0.0,0.0,0
2023-05-09 21:11:35,y2311-C-7600,y2311-C-7600,422.0,0.0,0.0,0.0,2,95.5,0.0,0,422.0,0.0,0.0,0.0,0.0,0.0,0
2023-05-09 21:11:36,y2311-C-7600,y2311-C-7600,422.0,0.0,0.0,0.0,2,102.0,0.0,0,422.0,0.0,0.0,0.0,0.0,0.0,0
2023-05-09 21:11:37,y2311-C-7600,y2311-C-7600,422.0,0.0,0.0,0.0,1,89.0,0.0,0,422.0,0.0,0.0,0.0,0.0,0.0,0
2023-05-09 21:11:38,y2311-C-7600,y2311-C-7600,422.0,0.0,0.0,0.0,2,95.5,0.0,0,422.0,0.0,0.0,0.0,0.0,0.0,0
2023-05-09 21:11:39,y2311-C-7600,y2311-C-7600,422.0,0.0,0.0,0.0,2,102.0,0.0,0,422.0,0.0,0.0,0.0,0.0,0.0,0
2023-05-09 21:11:40,y2311-C-7600,y2311-C-7600,422.0,0.0,0.0,0.0,1,89.0,0.0,0,422.0,0.0,0.0,0.0,0.0,0.0,0
2023-05-09 21:11:41,y2311-C-7600,y2311-C-7600,422.0,0.0,0.0,0.0,2,95.5,0.0,0,422.0,0.0,0.0,0.0,0.0,0.0,0
2023-05-09 21:11:42,y2311-C-7600,y2311-C-7600,422.0,0.0,0.0,0.0,1,89.0,0.0,0,422.0,0.0,0.0,0.0,0.0,0.0,0
2023-05-09 21:11:44,y2311-C-7600,y2311-C-7600,422.0,0.0,0.0,0.0,2,95.5,0.0,0,422.0,0.0,0.0,0.0,0.0,0.0,0
2023-05-09 21:11:44,y2311-C-7600,y2311-C-7600,422.0,0.0,0.0,0.0,2,102.0,0.0,0,422.0,0.0,0.0,0.0,0.0,0.0,0
2023-05-09 21:11:45,y2311-C-7600,y2311-C-7600,422.0,0.0,0.0,0.0,1,89.0,0.0,0,422.0,0.0,0.0,0.0,0.0,0.0,0
2023-05-09 21:11:46,y2311-C-7600,y2311-C-7600,422.0,0.0,0.0,0.0,2,95.5,0.0,0,422.0,0.0,0.0,0.0,0.0,0.0,0
2023-05-09 21:11:47,y2311-C-7600,y2311-C-7600,422.0,0.0,0.0,0.0,2,102.0,0.0,0,422.0,0.0,0.0,0.0,0.0,0.0,0
2023-05-09 21:11:47,y2311-C-7600,y2311-C-7600,422.0,0.0,0.0,0.0,1,89.0,0.0,0,422.0,0.0,0.0,0.0,0.0,0.0,0
2023-05-09 21:11:47,y2311-C-7600,y2311-C-7600,422.0,0.0,0.0,0.0,2,108.5,0.0,0,422.0,0.0,0.0,0.0,0.0,0.0,0
2023-05-09 21:32:37,y2311-C-7600,y2311-C-7600,422.0,0.0,0.0,0.0,1,109.0,0.0,0,422.0,0.0,0.0,0.0,0.0,0.0,0
2023-05-09 21:32:45,y2311-C-7600,y2311-C-7600,422.0,0.0,0.0,0.0,2,115.5,0.0,0,422.0,0.0,0.0,0.0,0.0,0.0,0
2023-05-09 21:45:27,y2311-C-7600,y2311-C-7600,422.0,0.0,0.0,0.0,1,109.0,0.0,0,422.0,0.0,0.0,0.0,0.0,0.0,0
2023-05-09 21:59:54,y2311-C-7600,y2311-C-7600,422.0,0.0,0.0,0.0,2,115.5,0.0,0,422.0,0.0,0.0,0.0,0.0,0.0,0
2023-05-09 21:59:54,y2311-C-7600,y2311-C-7600,422.0,0.0,0.0,0.0,1,109.0,0.0,0,422.0,0.0,0.0,0.0,0.0,0.0,0
2023-05-09 22:10:25,y2311-C-7600,y2311-C-7600,422.0,0.0,0.0,0.0,2,115.5,0.0,0,422.0,0.0,0.0,0.0,0.0,0.0,0
2023-05-09 22:10:25,y2311-C-7600,y2311-C-7600,422.0,0.0,0.0,0.0,1,109.0,0.0,0,422.0,0.0,0.0,0.0,0.0,0.0,0
2023-05-10 09:15:57,y2311-C-7600,y2311-C-7600,422.0,0.0,0.0,0.0,2,109.5,0.0,0,422.0,0.0,0.0,0.0,0.0,0.0,0
2023-05-10 09:15:57,y2311-C-7600,y2311-C-7600,422.0,0.0,0.0,0.0,1,109.0,0.0,0,422.0,0.0,0.0,0.0,0.0,0.0,0
2023-05-10 09:16:00,y2311-C-7600,y2311-C-7600,422.0,0.0,0.0,0.0,2,109.5,0.0,0,422.0,0.0,0.0,0.0,0.0,0.0,0
2023-05-10 09:16:00,y2311-C-7600,y2311-C-7600,422.0,0.0,0.0,0.0,1,109.0,0.0,0,422.0,0.0,0.0,0.0,0.0,0.0,0
2023-05-10 09:16:02,y2311-C-7600,y2311-C-7600,422.0,0.0,0.0,0.0,2,109.5,0.0,0,422.0,0.0,0.0,0.0,0.0,0.0,0
2023-05-10 09:16:02,y2311-C-7600,y2311-C-7600,422.0,0.0,0.0,0.0,1,109.0,0.0,0,422.0,0.0,0.0,0.0,0.0,0.0,0
2023-05-10 09:16:03,y2311-C-7600,y2311-C-7600,422.0,0.0,0.0,0.0,2,109.5,0.0,0,422.0,0.0,0.0,0.0,0.0,0.0,0
2023-05-10 09:16:04,y2311-C-7600,y2311-C-7600,422.0,0.0,0.0,0.0,1,109.0,0.0,0,422.0,0.0,0.0,0.0,0.0,0.0,0
2023-05-10 09:16:05,y2311-C-7600,y2311-C-7600,422.0,0.0,0.0,0.0,2,112.5,0.0,0,422.0,0.0,0.0,0.0,0.0,0.0,0
2023-05-10 09:16:05,y2311-C-7600,y2311-C-7600,422.0,0.0,0.0,0.0,1,109.0,0.0,0,422.0,0.0,0.0,0.0,0.0,0.0,0
2023-05-10 09:16:08,y2311-C-7600,y2311-C-7600,422.0,0.0,0.0,0.0,2,112.5,0.0,0,422.0,0.0,0.0,0.0,0.0,0.0,0
2023-05-10 09:16:08,y2311-C-7600,y2311-C-7600,422.0,0.0,0.0,0.0,1,109.0,0.0,0,422.0,0.0,0.0,0.0,0.0,0.0,0
2023-05-10 09:18:14,y2311-C-7600,y2311-C-7600,422.0,0.0,0.0,0.0,2,112.5,0.0,0,422.0,0.0,0.0,0.0,0.0,0.0,0
2023-05-10 09:18:14,y2311-C-7600,y2311-C-7600,422.0,0.0,0.0,0.0,1,109.0,0.0,0,422.0,0.0,0.0,0.0,0.0,0.0,0
2023-05-10 09:25:15,y2311-C-7600,y2311-C-7600,422.0,0.0,0.0,0.0,2,112.5,0.0,0,422.0,0.0,0.0,0.0,0.0,0.0,0
2023-05-10 09:25:16,y2311-C-7600,y2311-C-7600,422.0,0.0,0.0,0.0,1,109.0,0.0,0,422.0,0.0,0.0,0.0,0.0,0.0,0
2023-05-10 09:26:52,y2311-C-7600,y2311-C-7600,422.0,0.0,0.0,0.0,2,115.5,0.0,0,422.0,0.0,0.0,0.0,0.0,0.0,0
2023-05-10 09:26:52,y2311-C-7600,y2311-C-7600,422.0,0.0,0.0,0.0,1,109.0,0.0,0,422.0,0.0,0.0,0.0,0.0,0.0,0
2023-05-10 09:39:16,y2311-C-7600,y2311-C-7600,422.0,0.0,0.0,0.0,2,115.5,0.0,0,422.0,0.0,0.0,0.0,0.0,0.0,0
2023-05-10 09:39:16,y2311-C-7600,y2311-C-7600,422.0,0.0,0.0,0.0,1,109.0,0.0,0,422.0,0.0,0.0,0.0,0.0,0.0,0
2023-05-10 09:43:18,y2311-C-7600,y2311-C-7600,422.0,0.0,0.0,0.0,2,115.5,0.0,0,422.0,0.0,0.0,0.0,0.0,0.0,0
2023-05-10 09:43:19,y2311-C-7600,y2311-C-7600,422.0,0.0,0.0,0.0,1,109.0,0.0,0,422.0,0.0,0.0,0.0,0.0,0.0,0
2023-05-10 13:59:15,y2311-C-7600,y2311-C-7600,422.0,0.0,0.0,0.0,1,364.0,400.0,1,422.0,0.0,0.0,0.0,0.0,0.0,0
2023-05-10 13:59:16,y2311-C-7600,y2311-C-7600,422.0,0.0,0.0,0.0,2,364.0,400.0,2,422.0,0.0,0.0,0.0,0.0,0.0,0
2023-05-10 13:59:19,y2311-C-7600,y2311-C-7600,422.0,0.0,0.0,0.0,1,365.0,399.0,1,422.0,0.0,0.0,0.0,0.0,0.0,0
2023-05-10 13:59:25,y2311-C-7600,y2311-C-7600,422.0,0.0,0.0,0.0,1,365.0,399.0,2,422.0,0.0,0.0,0.0,0.0,0.0,0
2023-05-10 13:59:30,y2311-C-7600,y2311-C-7600,422.0,0.0,0.0,0.0,3,364.5,399.0,1,422.0,0.0,0.0,0.0,0.0,0.0,0
2023-05-10 13:59:32,y2311-C-7600,y2311-C-7600,422.0,0.0,0.0,0.0,4,364.5,399.0,1,422.0,0.0,0.0,0.0,0.0,0.0,0
2023-05-10 13:59:35,y2311-C-7600,y2311-C-7600,422.0,0.0,0.0,0.0,3,364.5,399.0,1,422.0,0.0,0.0,0.0,0.0,0.0,0
2023-05-10 13:59:36,y2311-C-7600,y2311-C-7600,422.0,0.0,0.0,0.0,2,364.5,399.5,1,422.0,0.0,0.0,0.0,0.0,0.0,0
2023-05-10 13:59:39,y2311-C-7600,y2311-C-7600,422.0,0.0,0.0,0.0,1,364.5,400.5,1,422.0,0.0,0.0,0.0,0.0,0.0,0
2023-05-10 13:59:43,y2311-C-7600,y2311-C-7600,422.0,0.0,0.0,0.0,1,109.0,0.0,0,422.0,0.0,0.0,0.0,0.0,0.0,0
2023-05-10 15:01:15,y2311-C-7600,y2311-C-7600,422.0,0.0,0.0,0.0,1,109.0,0.0,0,422.0,0.0,0.0,0.0,0.0,0.0,0
