time,symbol_id,symbol_name,last,trade_volume,trade_amount,open_interest_change,bv1,bp1,ap1,av1,yesterday_close,today_open,today_high,today_low,volume,amount,open_interest
2023-05-09 21:00:31,y2311-C-7500,豆油2311购7500,473.0,0.0,0.0,0.0,1,118.0,0.0,0,473.0,0.0,0.0,0.0,0.0,0.0,0
2023-05-09 21:00:50,y2311-C-7500,豆油2311购7500,473.0,0.0,0.0,0.0,1,118.5,0.0,0,473.0,0.0,0.0,0.0,0.0,0.0,0
2023-05-09 21:02:36,y2311-C-7500,豆油2311购7500,473.0,0.0,0.0,0.0,1,119.0,0.0,0,473.0,0.0,0.0,0.0,0.0,0.0,0
2023-05-09 21:10:49,y2311-C-7500,豆油2311购7500,473.0,0.0,0.0,0.0,2,119.5,0.0,0,473.0,0.0,0.0,0.0,0.0,0.0,0
2023-05-09 21:10:49,y2311-C-7500,豆油2311购7500,473.0,0.0,0.0,0.0,1,119.0,0.0,0,473.0,0.0,0.0,0.0,0.0,0.0,0
2023-05-09 21:10:50,y2311-C-7500,豆油2311购7500,473.0,0.0,0.0,0.0,2,119.5,0.0,0,473.0,0.0,0.0,0.0,0.0,0.0,0
2023-05-09 21:10:51,y2311-C-7500,豆油2311购7500,473.0,0.0,0.0,0.0,1,119.0,0.0,0,473.0,0.0,0.0,0.0,0.0,0.0,0
2023-05-09 21:10:52,y2311-C-7500,豆油2311购7500,473.0,0.0,0.0,0.0,2,119.5,0.0,0,473.0,0.0,0.0,0.0,0.0,0.0,0
2023-05-09 21:10:52,y2311-C-7500,豆油2311购7500,473.0,0.0,0.0,0.0,1,119.0,0.0,0,473.0,0.0,0.0,0.0,0.0,0.0,0
2023-05-09 21:10:53,y2311-C-7500,豆油2311购7500,473.0,0.0,0.0,0.0,2,119.5,0.0,0,473.0,0.0,0.0,0.0,0.0,0.0,0
2023-05-09 21:10:53,y2311-C-7500,豆油2311购7500,473.0,0.0,0.0,0.0,1,119.0,0.0,0,473.0,0.0,0.0,0.0,0.0,0.0,0
2023-05-09 21:10:54,y2311-C-7500,豆油2311购7500,473.0,0.0,0.0,0.0,2,119.5,0.0,0,473.0,0.0,0.0,0.0,0.0,0.0,0
2023-05-09 21:10:55,y2311-C-7500,豆油2311购7500,473.0,0.0,0.0,0.0,1,119.0,0.0,0,473.0,0.0,0.0,0.0,0.0,0.0,0
2023-05-09 21:10:56,y2311-C-7500,豆油2311购7500,473.0,0.0,0.0,0.0,2,119.5,0.0,0,473.0,0.0,0.0,0.0,0.0,0.0,0
2023-05-09 21:10:56,y2311-C-7500,豆油2311购7500,473.0,0.0,0.0,0.0,1,119.0,0.0,0,473.0,0.0,0.0,0.0,0.0,0.0,0
2023-05-09 21:10:59,y2311-C-7500,豆油2311购7500,473.0,0.0,0.0,0.0,2,122.5,0.0,0,473.0,0.0,0.0,0.0,0.0,0.0,0
2023-05-09 21:10:59,y2311-C-7500,豆油2311购7500,473.0,0.0,0.0,0.0,1,119.0,0.0,0,473.0,0.0,0.0,0.0,0.0,0.0,0
2023-05-09 21:11:02,y2311-C-7500,豆油2311购7500,473.0,0.0,0.0,0.0,2,122.5,0.0,0,473.0,0.0,0.0,0.0,0.0,0.0,0
2023-05-09 21:11:02,y2311-C-7500,豆油2311购7500,473.0,0.0,0.0,0.0,1,119.0,0.0,0,473.0,0.0,0.0,0.0,0.0,0.0,0
2023-05-09 21:11:04,y2311-C-7500,豆油2311购7500,473.0,0.0,0.0,0.0,2,122.5,0.0,0,473.0,0.0,0.0,0.0,0.0,0.0,0
2023-05-09 21:11:04,y2311-C-7500,豆油2311购7500,473.0,0.0,0.0,0.0,1,119.0,0.0,0,473.0,0.0,0.0,0.0,0.0,0.0,0
2023-05-09 21:11:05,y2311-C-7500,豆油2311购7500,473.0,0.0,0.0,0.0,2,122.5,0.0,0,473.0,0.0,0.0,0.0,0.0,0.0,0
2023-05-09 21:11:05,y2311-C-7500,豆油2311购7500,473.0,0.0,0.0,0.0,1,119.0,0.0,0,473.0,0.0,0.0,0.0,0.0,0.0,0
2023-05-09 21:11:08,y2311-C-7500,豆油2311购7500,473.0,0.0,0.0,0.0,2,125.5,0.0,0,473.0,0.0,0.0,0.0,0.0,0.0,0
2023-05-09 21:11:08,y2311-C-7500,豆油2311购7500,473.0,0.0,0.0,0.0,1,119.0,0.0,0,473.0,0.0,0.0,0.0,0.0,0.0,0
2023-05-09 21:11:11,y2311-C-7500,豆油2311购7500,473.0,0.0,0.0,0.0,2,125.5,0.0,0,473.0,0.0,0.0,0.0,0.0,0.0,0
2023-05-09 21:11:11,y2311-C-7500,豆油2311购7500,473.0,0.0,0.0,0.0,1,119.0,0.0,0,473.0,0.0,0.0,0.0,0.0,0.0,0
2023-05-09 21:11:12,y2311-C-7500,豆油2311购7500,473.0,0.0,0.0,0.0,2,125.5,0.0,0,473.0,0.0,0.0,0.0,0.0,0.0,0
2023-05-09 21:11:13,y2311-C-7500,豆油2311购7500,473.0,0.0,0.0,0.0,1,119.0,0.0,0,473.0,0.0,0.0,0.0,0.0,0.0,0
2023-05-09 21:11:14,y2311-C-7500,豆油2311购7500,473.0,0.0,0.0,0.0,2,125.5,0.0,0,473.0,0.0,0.0,0.0,0.0,0.0,0
2023-05-09 21:11:15,y2311-C-7500,豆油2311购7500,473.0,0.0,0.0,0.0,1,119.0,0.0,0,473.0,0.0,0.0,0.0,0.0,0.0,0
2023-05-09 21:11:15,y2311-C-7500,豆油2311购7500,473.0,0.0,0.0,0.0,2,125.5,0.0,0,473.0,0.0,0.0,0.0,0.0,0.0,0
2023-05-09 21:11:16,y2311-C-7500,豆油2311购7500,473.0,0.0,0.0,0.0,1,119.0,0.0,0,473.0,0.0,0.0,0.0,0.0,0.0,0
2023-05-09 21:11:17,y2311-C-7500,豆油2311购7500,473.0,0.0,0.0,0.0,2,125.5,0.0,0,473.0,0.0,0.0,0.0,0.0,0.0,0
2023-05-09 21:11:17,y2311-C-7500,豆油2311购7500,473.0,0.0,0.0,0.0,1,119.0,0.0,0,473.0,0.0,0.0,0.0,0.0,0.0,0
2023-05-09 21:11:19,y2311-C-7500,豆油2311购7500,473.0,0.0,0.0,0.0,2,119.5,0.0,0,473.0,0.0,0.0,0.0,0.0,0.0,0
2023-05-09 21:11:20,y2311-C-7500,豆油2311购7500,473.0,0.0,0.0,0.0,2,126.0,0.0,0,473.0,0.0,0.0,0.0,0.0,0.0,0
2023-05-09 21:11:20,y2311-C-7500,豆油2311购7500,473.0,0.0,0.0,0.0,1,119.0,0.0,0,473.0,0.0,0.0,0.0,0.0,0.0,0
2023-05-09 21:11:21,y2311-C-7500,豆油2311购7500,473.0,0.0,0.0,0.0,2,125.5,0.0,0,473.0,0.0,0.0,0.0,0.0,0.0,0
2023-05-09 21:11:22,y2311-C-7500,豆油2311购7500,473.0,0.0,0.0,0.0,1,119.0,0.0,0,473.0,0.0,0.0,0.0,0.0,0.0,0
2023-05-09 21:11:23,y2311-C-7500,豆油2311购7500,473.0,0.0,0.0,0.0,2,125.5,0.0,0,473.0,0.0,0.0,0.0,0.0,0.0,0
2023-05-09 21:11:23,y2311-C-7500,豆油2311购7500,473.0,0.0,0.0,0.0,1,119.0,0.0,0,473.0,0.0,0.0,0.0,0.0,0.0,0
2023-05-09 21:11:24,y2311-C-7500,豆油2311购7500,473.0,0.0,0.0,0.0,2,125.5,0.0,0,473.0,0.0,0.0,0.0,0.0,0.0,0
2023-05-09 21:11:25,y2311-C-7500,豆油2311购7500,473.0,0.0,0.0,0.0,1,119.0,0.0,0,473.0,0.0,0.0,0.0,0.0,0.0,0
2023-05-09 21:11:26,y2311-C-7500,豆油2311购7500,473.0,0.0,0.0,0.0,2,122.5,0.0,0,473.0,0.0,0.0,0.0,0.0,0.0,0
2023-05-09 21:11:27,y2311-C-7500,豆油2311购7500,473.0,0.0,0.0,0.0,1,119.0,0.0,0,473.0,0.0,0.0,0.0,0.0,0.0,0
2023-05-09 21:11:27,y2311-C-7500,豆油2311购7500,473.0,0.0,0.0,0.0,2,129.0,0.0,0,473.0,0.0,0.0,0.0,0.0,0.0,0
2023-05-09 21:11:28,y2311-C-7500,豆油2311购7500,473.0,0.0,0.0,0.0,1,119.0,0.0,0,473.0,0.0,0.0,0.0,0.0,0.0,0
2023-05-09 21:11:29,y2311-C-7500,豆油2311购7500,473.0,0.0,0.0,0.0,2,122.5,0.0,0,473.0,0.0,0.0,0.0,0.0,0.0,0
2023-05-09 21:11:30,y2311-C-7500,豆油2311购7500,473.0,0.0,0.0,0.0,1,119.0,0.0,0,473.0,0.0,0.0,0.0,0.0,0.0,0
2023-05-09 21:11:30,y2311-C-7500,豆油2311购7500,473.0,0.0,0.0,0.0,2,129.0,0.0,0,473.0,0.0,0.0,0.0,0.0,0.0,0
2023-05-09 21:11:31,y2311-C-7500,豆油2311购7500,473.0,0.0,0.0,0.0,1,119.0,0.0,0,473.0,0.0,0.0,0.0,0.0,0.0,0
2023-05-09 21:11:32,y2311-C-7500,豆油2311购7500,473.0,0.0,0.0,0.0,2,122.5,0.0,0,473.0,0.0,0.0,0.0,0.0,0.0,0
2023-05-09 21:11:33,y2311-C-7500,豆油2311购7500,473.0,0.0,0.0,0.0,2,129.0,0.0,0,473.0,0.0,0.0,0.0,0.0,0.0,0
2023-05-09 21:11:34,y2311-C-7500,豆油2311购7500,473.0,0.0,0.0,0.0,1,119.0,0.0,0,473.0,0.0,0.0,0.0,0.0,0.0,0
2023-05-09 21:11:35,y2311-C-7500,豆油2311购7500,473.0,0.0,0.0,0.0,2,125.5,0.0,0,473.0,0.0,0.0,0.0,0.0,0.0,0
2023-05-09 21:11:36,y2311-C-7500,豆油2311购7500,473.0,0.0,0.0,0.0,2,132.0,0.0,0,473.0,0.0,0.0,0.0,0.0,0.0,0
2023-05-09 21:11:37,y2311-C-7500,豆油2311购7500,473.0,0.0,0.0,0.0,1,119.0,0.0,0,473.0,0.0,0.0,0.0,0.0,0.0,0
2023-05-09 21:11:38,y2311-C-7500,豆油2311购7500,473.0,0.0,0.0,0.0,2,125.5,0.0,0,473.0,0.0,0.0,0.0,0.0,0.0,0
2023-05-09 21:11:38,y2311-C-7500,豆油2311购7500,473.0,0.0,0.0,0.0,2,129.0,0.0,0,473.0,0.0,0.0,0.0,0.0,0.0,0
2023-05-09 21:11:39,y2311-C-7500,豆油2311购7500,473.0,0.0,0.0,0.0,2,135.5,0.0,0,473.0,0.0,0.0,0.0,0.0,0.0,0
2023-05-09 21:11:40,y2311-C-7500,豆油2311购7500,473.0,0.0,0.0,0.0,1,119.0,0.0,0,473.0,0.0,0.0,0.0,0.0,0.0,0
2023-05-09 21:11:41,y2311-C-7500,豆油2311购7500,473.0,0.0,0.0,0.0,2,125.5,0.0,0,473.0,0.0,0.0,0.0,0.0,0.0,0
2023-05-09 21:11:42,y2311-C-7500,豆油2311购7500,473.0,0.0,0.0,0.0,2,132.0,0.0,0,473.0,0.0,0.0,0.0,0.0,0.0,0
2023-05-09 21:11:43,y2311-C-7500,豆油2311购7500,473.0,0.0,0.0,0.0,1,119.0,0.0,0,473.0,0.0,0.0,0.0,0.0,0.0,0
2023-05-09 21:11:44,y2311-C-7500,豆油2311购7500,473.0,0.0,0.0,0.0,2,125.5,0.0,0,473.0,0.0,0.0,0.0,0.0,0.0,0
2023-05-09 21:11:44,y2311-C-7500,豆油2311购7500,473.0,0.0,0.0,0.0,2,129.0,0.0,0,473.0,0.0,0.0,0.0,0.0,0.0,0
2023-05-09 21:11:45,y2311-C-7500,豆油2311购7500,473.0,0.0,0.0,0.0,2,135.5,0.0,0,473.0,0.0,0.0,0.0,0.0,0.0,0
2023-05-09 21:11:46,y2311-C-7500,豆油2311购7500,473.0,0.0,0.0,0.0,1,119.0,0.0,0,473.0,0.0,0.0,0.0,0.0,0.0,0
2023-05-09 21:11:47,y2311-C-7500,豆油2311购7500,473.0,0.0,0.0,0.0,2,125.5,0.0,0,473.0,0.0,0.0,0.0,0.0,0.0,0
2023-05-09 21:11:47,y2311-C-7500,豆油2311购7500,473.0,0.0,0.0,0.0,2,132.0,0.0,0,473.0,0.0,0.0,0.0,0.0,0.0,0
2023-05-09 21:32:37,y2311-C-7500,豆油2311购7500,473.0,0.0,0.0,0.0,1,132.5,0.0,0,473.0,0.0,0.0,0.0,0.0,0.0,0
2023-05-09 21:32:45,y2311-C-7500,豆油2311购7500,473.0,0.0,0.0,0.0,2,139.0,0.0,0,473.0,0.0,0.0,0.0,0.0,0.0,0
2023-05-09 21:45:27,y2311-C-7500,豆油2311购7500,473.0,0.0,0.0,0.0,1,132.5,0.0,0,473.0,0.0,0.0,0.0,0.0,0.0,0
2023-05-09 21:59:54,y2311-C-7500,豆油2311购7500,473.0,0.0,0.0,0.0,2,133.0,0.0,0,473.0,0.0,0.0,0.0,0.0,0.0,0
2023-05-09 21:59:54,y2311-C-7500,豆油2311购7500,473.0,0.0,0.0,0.0,1,132.5,0.0,0,473.0,0.0,0.0,0.0,0.0,0.0,0
2023-05-09 22:10:25,y2311-C-7500,豆油2311购7500,473.0,0.0,0.0,0.0,2,133.0,0.0,0,473.0,0.0,0.0,0.0,0.0,0.0,0
2023-05-09 22:10:25,y2311-C-7500,豆油2311购7500,473.0,0.0,0.0,0.0,1,132.5,0.0,0,473.0,0.0,0.0,0.0,0.0,0.0,0
2023-05-10 13:59:15,y2311-C-7500,豆油2311购7500,473.0,0.0,0.0,0.0,1,414.5,450.5,1,473.0,0.0,0.0,0.0,0.0,0.0,0
2023-05-10 13:59:16,y2311-C-7500,豆油2311购7500,473.0,0.0,0.0,0.0,2,414.5,450.5,2,473.0,0.0,0.0,0.0,0.0,0.0,0
2023-05-10 13:59:19,y2311-C-7500,豆油2311购7500,473.0,0.0,0.0,0.0,3,414.5,449.5,1,473.0,0.0,0.0,0.0,0.0,0.0,0
2023-05-10 13:59:24,y2311-C-7500,豆油2311购7500,473.0,0.0,0.0,0.0,1,415.0,449.5,1,473.0,0.0,0.0,0.0,0.0,0.0,0
2023-05-10 13:59:24,y2311-C-7500,豆油2311购7500,473.0,0.0,0.0,0.0,1,417.0,449.5,1,473.0,0.0,0.0,0.0,0.0,0.0,0
2023-05-10 13:59:25,y2311-C-7500,豆油2311购7500,473.0,0.0,0.0,0.0,2,417.0,449.5,1,473.0,0.0,0.0,0.0,0.0,0.0,0
2023-05-10 13:59:30,y2311-C-7500,豆油2311购7500,473.0,0.0,0.0,0.0,2,417.0,450.0,1,473.0,0.0,0.0,0.0,0.0,0.0,0
2023-05-10 13:59:35,y2311-C-7500,豆油2311购7500,473.0,0.0,0.0,0.0,1,417.0,450.0,1,473.0,0.0,0.0,0.0,0.0,0.0,0
2023-05-10 13:59:36,y2311-C-7500,豆油2311购7500,473.0,0.0,0.0,0.0,2,416.5,450.0,1,473.0,0.0,0.0,0.0,0.0,0.0,0
2023-05-10 13:59:39,y2311-C-7500,豆油2311购7500,473.0,0.0,0.0,0.0,1,416.5,451.0,1,473.0,0.0,0.0,0.0,0.0,0.0,0
2023-05-10 13:59:43,y2311-C-7500,豆油2311购7500,473.0,0.0,0.0,0.0,1,132.5,0.0,0,473.0,0.0,0.0,0.0,0.0,0.0,0
2023-05-10 15:01:15,y2311-C-7500,豆油2311购7500,473.0,0.0,0.0,0.0,1,132.5,0.0,0,473.0,0.0,0.0,0.0,0.0,0.0,0
