time,symbol_id,symbol_name,last,trade_volume,trade_amount,open_interest_change,bv1,bp1,ap1,av1,yesterday_close,today_open,today_high,today_low,volume,amount,open_interest
2023-05-09 20:55:50,y2403-C-9300,y2403-C-9300,84.5,0.0,0.0,0.0,1,0.5,0.0,0,84.5,0.0,0.0,0.0,0.0,0.0,1
2023-05-09 21:01:48,y2403-C-9300,y2403-C-9300,84.5,0.0,0.0,0.0,1,0.5,535.0,1,84.5,0.0,0.0,0.0,0.0,0.0,1
2023-05-09 21:02:36,y2403-C-9300,y2403-C-9300,84.5,0.0,0.0,0.0,1,1.0,535.0,1,84.5,0.0,0.0,0.0,0.0,0.0,1
2023-05-09 21:06:08,y2403-C-9300,y2403-C-9300,84.5,0.0,0.0,0.0,1,1.5,535.0,1,84.5,0.0,0.0,0.0,0.0,0.0,1
2023-05-09 21:06:22,y2403-C-9300,y2403-C-9300,84.5,0.0,0.0,0.0,1,2.0,535.0,1,84.5,0.0,0.0,0.0,0.0,0.0,1
2023-05-09 21:08:48,y2403-C-9300,y2403-C-9300,84.5,0.0,0.0,0.0,1,2.5,535.0,1,84.5,0.0,0.0,0.0,0.0,0.0,1
2023-05-09 21:08:49,y2403-C-9300,y2403-C-9300,84.5,0.0,0.0,0.0,1,3.0,535.0,1,84.5,0.0,0.0,0.0,0.0,0.0,1
2023-05-09 22:14:55,y2403-C-9300,y2403-C-9300,84.5,0.0,0.0,0.0,2,2.5,535.0,1,84.5,0.0,0.0,0.0,0.0,0.0,1
2023-05-09 22:16:15,y2403-C-9300,y2403-C-9300,84.5,0.0,0.0,0.0,1,3.0,535.0,1,84.5,0.0,0.0,0.0,0.0,0.0,1
2023-05-09 22:19:15,y2403-C-9300,y2403-C-9300,84.5,0.0,0.0,0.0,2,2.5,535.0,1,84.5,0.0,0.0,0.0,0.0,0.0,1
2023-05-09 22:19:20,y2403-C-9300,y2403-C-9300,84.5,0.0,0.0,0.0,1,3.0,535.0,1,84.5,0.0,0.0,0.0,0.0,0.0,1
2023-05-09 22:22:15,y2403-C-9300,y2403-C-9300,84.5,0.0,0.0,0.0,2,2.5,535.0,1,84.5,0.0,0.0,0.0,0.0,0.0,1
2023-05-09 22:36:21,y2403-C-9300,y2403-C-9300,84.5,0.0,0.0,0.0,1,3.0,535.0,1,84.5,0.0,0.0,0.0,0.0,0.0,1
2023-05-09 22:37:51,y2403-C-9300,y2403-C-9300,84.5,0.0,0.0,0.0,2,2.5,535.0,1,84.5,0.0,0.0,0.0,0.0,0.0,1
2023-05-09 22:39:16,y2403-C-9300,y2403-C-9300,84.5,0.0,0.0,0.0,1,3.0,535.0,1,84.5,0.0,0.0,0.0,0.0,0.0,1
2023-05-09 22:40:51,y2403-C-9300,y2403-C-9300,84.5,0.0,0.0,0.0,2,2.5,535.0,1,84.5,0.0,0.0,0.0,0.0,0.0,1
2023-05-09 22:43:16,y2403-C-9300,y2403-C-9300,84.5,0.0,0.0,0.0,1,3.0,535.0,1,84.5,0.0,0.0,0.0,0.0,0.0,1
2023-05-09 22:44:18,y2403-C-9300,y2403-C-9300,84.5,0.0,0.0,0.0,1,46.5,76.5,1,84.5,0.0,0.0,0.0,0.0,0.0,1
2023-05-09 22:44:19,y2403-C-9300,y2403-C-9300,84.5,0.0,0.0,0.0,2,46.5,76.5,2,84.5,0.0,0.0,0.0,0.0,0.0,1
2023-05-09 22:44:21,y2403-C-9300,y2403-C-9300,84.5,0.0,0.0,0.0,2,46.5,72.0,1,84.5,0.0,0.0,0.0,0.0,0.0,1
2023-05-09 22:44:27,y2403-C-9300,y2403-C-9300,84.5,0.0,0.0,0.0,1,55.5,72.0,1,84.5,0.0,0.0,0.0,0.0,0.0,1
2023-05-09 22:44:32,y2403-C-9300,y2403-C-9300,84.5,0.0,0.0,0.0,1,55.5,72.5,2,84.5,0.0,0.0,0.0,0.0,0.0,1
2023-05-09 22:44:38,y2403-C-9300,y2403-C-9300,84.5,0.0,0.0,0.0,3,55.0,72.5,2,84.5,0.0,0.0,0.0,0.0,0.0,1
2023-05-09 22:44:39,y2403-C-9300,y2403-C-9300,84.5,0.0,0.0,0.0,2,55.0,72.5,2,84.5,0.0,0.0,0.0,0.0,0.0,1
2023-05-09 22:44:42,y2403-C-9300,y2403-C-9300,84.5,0.0,0.0,0.0,1,55.0,72.5,1,84.5,0.0,0.0,0.0,0.0,0.0,1
2023-05-09 22:44:43,y2403-C-9300,y2403-C-9300,84.5,0.0,0.0,0.0,1,55.0,83.5,1,84.5,0.0,0.0,0.0,0.0,0.0,1
2023-05-09 22:44:46,y2403-C-9300,y2403-C-9300,84.5,0.0,0.0,0.0,1,5.0,0.0,0,84.5,0.0,0.0,0.0,0.0,0.0,1
2023-05-09 22:44:47,y2403-C-9300,y2403-C-9300,84.5,0.0,0.0,0.0,1,5.5,0.0,0,84.5,0.0,0.0,0.0,0.0,0.0,1
2023-05-09 22:53:47,y2403-C-9300,y2403-C-9300,84.5,0.0,0.0,0.0,1,5.0,0.0,0,84.5,0.0,0.0,0.0,0.0,0.0,1
2023-05-10 09:02:14,y2403-C-9300,y2403-C-9300,84.5,0.0,0.0,0.0,1,5.5,0.0,0,84.5,0.0,0.0,0.0,0.0,0.0,1
2023-05-10 09:02:21,y2403-C-9300,y2403-C-9300,84.5,0.0,0.0,0.0,1,5.5,535.0,1,84.5,0.0,0.0,0.0,0.0,0.0,1
2023-05-10 09:32:49,y2403-C-9300,y2403-C-9300,84.5,0.0,0.0,0.0,1,53.5,83.5,1,84.5,0.0,0.0,0.0,0.0,0.0,1
2023-05-10 09:32:50,y2403-C-9300,y2403-C-9300,84.5,0.0,0.0,0.0,2,53.5,83.5,2,84.5,0.0,0.0,0.0,0.0,0.0,1
2023-05-10 09:32:52,y2403-C-9300,y2403-C-9300,84.5,0.0,0.0,0.0,2,53.5,79.0,1,84.5,0.0,0.0,0.0,0.0,0.0,1
2023-05-10 09:32:59,y2403-C-9300,y2403-C-9300,84.5,0.0,0.0,0.0,1,62.0,79.0,1,84.5,0.0,0.0,0.0,0.0,0.0,1
2023-05-10 09:33:04,y2403-C-9300,y2403-C-9300,84.5,0.0,0.0,0.0,1,62.0,79.5,1,84.5,0.0,0.0,0.0,0.0,0.0,1
2023-05-10 09:33:05,y2403-C-9300,y2403-C-9300,84.5,0.0,0.0,0.0,1,62.0,78.5,1,84.5,0.0,0.0,0.0,0.0,0.0,1
2023-05-10 09:33:09,y2403-C-9300,y2403-C-9300,84.5,0.0,0.0,0.0,1,61.5,78.5,1,84.5,0.0,0.0,0.0,0.0,0.0,1
2023-05-10 09:33:13,y2403-C-9300,y2403-C-9300,84.5,0.0,0.0,0.0,1,53.5,78.5,1,84.5,0.0,0.0,0.0,0.0,0.0,1
2023-05-10 09:33:17,y2403-C-9300,y2403-C-9300,84.5,0.0,0.0,0.0,1,53.5,81.5,1,84.5,0.0,0.0,0.0,0.0,0.0,1
2023-05-10 09:33:17,y2403-C-9300,y2403-C-9300,84.5,0.0,0.0,0.0,1,5.0,0.0,0,84.5,0.0,0.0,0.0,0.0,0.0,1
2023-05-10 09:33:18,y2403-C-9300,y2403-C-9300,84.5,0.0,0.0,0.0,1,5.5,0.0,0,84.5,0.0,0.0,0.0,0.0,0.0,1
2023-05-10 10:12:29,y2403-C-9300,y2403-C-9300,84.5,0.0,0.0,0.0,1,5.0,0.0,0,84.5,0.0,0.0,0.0,0.0,0.0,1
2023-05-10 10:30:40,y2403-C-9300,y2403-C-9300,84.5,0.0,0.0,0.0,1,5.0,535.0,1,84.5,0.0,0.0,0.0,0.0,0.0,1
2023-05-10 10:31:27,y2403-C-9300,y2403-C-9300,84.5,0.0,0.0,0.0,1,5.5,535.0,1,84.5,0.0,0.0,0.0,0.0,0.0,1
2023-05-10 11:27:28,y2403-C-9300,y2403-C-9300,84.5,0.0,0.0,0.0,1,5.0,535.0,1,84.5,0.0,0.0,0.0,0.0,0.0,1
2023-05-10 11:28:25,y2403-C-9300,y2403-C-9300,84.5,0.0,0.0,0.0,1,5.0,0.0,0,84.5,0.0,0.0,0.0,0.0,0.0,1
2023-05-10 13:31:14,y2403-C-9300,y2403-C-9300,84.5,0.0,0.0,0.0,1,5.0,535.0,1,84.5,0.0,0.0,0.0,0.0,0.0,1
2023-05-10 13:32:23,y2403-C-9300,y2403-C-9300,84.5,0.0,0.0,0.0,1,5.5,535.0,1,84.5,0.0,0.0,0.0,0.0,0.0,1
2023-05-10 15:01:15,y2403-C-9300,y2403-C-9300,84.5,0.0,0.0,0.0,1,5.5,535.0,1,84.5,0.0,0.0,0.0,0.0,0.0,1
