time,symbol_id,symbol_name,last,trade_volume,trade_amount,open_interest_change,bv1,bp1,ap1,av1,yesterday_close,today_open,today_high,today_low,volume,amount,open_interest
2023-05-10 08:35:24,OP10005386,50ETF沽12月2900,0.0,0.0,0.0,0.0,0,0.0,0.0,0,0.2205,0.2335,0.0,0.0,0.0,0.0,212
2023-05-10 09:24:57,OP10005386,50ETF沽12月2900,0.0,0.0,0.0,0.0,1,0.2147,0.2237,1,0.2205,0.2335,0.0,0.0,0.0,0.0,212
2023-05-10 09:29:57,OP10005386,50ETF沽12月2900,0.0,0.0,0.0,0.0,10,0.2228,0.2281,10,0.2205,0.2335,0.0,0.0,0.0,0.0,212
2023-05-10 09:29:57,OP10005386,50ETF沽12月2900,0.0,0.0,0.0,0.0,1,0.2238,0.2288,10,0.2205,0.2335,0.0,0.0,0.0,0.0,212
2023-05-10 09:29:57,OP10005386,50ETF沽12月2900,0.0,0.0,0.0,0.0,30,0.2207,0.2288,10,0.2205,0.2335,0.0,0.0,0.0,0.0,212
2023-05-10 09:29:57,OP10005386,50ETF沽12月2900,0.0,0.0,0.0,0.0,30,0.2207,0.2286,20,0.2205,0.2335,0.0,0.0,0.0,0.0,212
2023-05-10 09:29:57,OP10005386,50ETF沽12月2900,0.0,0.0,0.0,0.0,30,0.2207,0.2276,20,0.2205,0.2335,0.0,0.0,0.0,0.0,212
2023-05-10 09:29:57,OP10005386,50ETF沽12月2900,0.0,0.0,0.0,0.0,30,0.2207,0.2288,10,0.2205,0.2335,0.0,0.0,0.0,0.0,212
2023-05-10 09:30:02,OP10005386,50ETF沽12月2900,0.0,0.0,0.0,0.0,10,0.2222,0.2279,10,0.2205,0.2335,0.0,0.0,0.0,0.0,212
2023-05-10 09:30:02,OP10005386,50ETF沽12月2900,0.0,0.0,0.0,0.0,30,0.2222,0.2279,30,0.2205,0.2335,0.0,0.0,0.0,0.0,212
2023-05-10 09:30:02,OP10005386,50ETF沽12月2900,0.0,0.0,0.0,0.0,20,0.2222,0.2265,10,0.2205,0.2335,0.0,0.0,0.0,0.0,212
2023-05-10 09:30:05,OP10005386,50ETF沽12月2900,0.0,0.0,0.0,0.0,30,0.2198,0.2265,30,0.2205,0.2335,0.0,0.0,0.0,0.0,212
2023-05-10 09:30:05,OP10005386,50ETF沽12月2900,0.0,0.0,0.0,0.0,10,0.2213,0.2265,20,0.2205,0.2335,0.0,0.0,0.0,0.0,212
2023-05-10 09:30:05,OP10005386,50ETF沽12月2900,0.0,0.0,0.0,0.0,30,0.2213,0.2265,20,0.2205,0.2335,0.0,0.0,0.0,0.0,212
2023-05-10 09:30:05,OP10005386,50ETF沽12月2900,0.0,0.0,0.0,0.0,30,0.2213,0.2265,20,0.2205,0.2335,0.0,0.0,0.0,0.0,212
2023-05-10 09:30:08,OP10005386,50ETF沽12月2900,0.0,0.0,0.0,0.0,30,0.2213,0.2264,10,0.2205,0.2335,0.0,0.0,0.0,0.0,212
2023-05-10 09:30:20,OP10005386,50ETF沽12月2900,0.0,0.0,0.0,0.0,20,0.2213,0.2255,10,0.2205,0.2335,0.0,0.0,0.0,0.0,212
2023-05-10 09:30:20,OP10005386,50ETF沽12月2900,0.0,0.0,0.0,0.0,30,0.2198,0.2255,30,0.2205,0.2335,0.0,0.0,0.0,0.0,212
2023-05-10 09:30:23,OP10005386,50ETF沽12月2900,0.0,0.0,0.0,0.0,30,0.2198,0.2254,10,0.2205,0.2335,0.0,0.0,0.0,0.0,212
2023-05-10 09:30:26,OP10005386,50ETF沽12月2900,0.0,0.0,0.0,0.0,30,0.2198,0.2254,10,0.2205,0.2335,0.0,0.0,0.0,0.0,212
2023-05-10 09:30:26,OP10005386,50ETF沽12月2900,0.0,0.0,0.0,0.0,30,0.2198,0.2255,30,0.2205,0.2335,0.0,0.0,0.0,0.0,212
2023-05-10 09:30:32,OP10005386,50ETF沽12月2900,0.0,0.0,0.0,0.0,30,0.2198,0.2255,30,0.2205,0.2335,0.0,0.0,0.0,0.0,212
2023-05-10 09:30:38,OP10005386,50ETF沽12月2900,0.0,0.0,0.0,0.0,10,0.2212,0.2255,20,0.2205,0.2335,0.0,0.0,0.0,0.0,212
2023-05-10 09:30:38,OP10005386,50ETF沽12月2900,0.0,0.0,0.0,0.0,30,0.2212,0.2254,10,0.2205,0.2335,0.0,0.0,0.0,0.0,212
2023-05-10 09:30:38,OP10005386,50ETF沽12月2900,0.0,0.0,0.0,0.0,30,0.2212,0.2255,20,0.2205,0.2335,0.0,0.0,0.0,0.0,212
2023-05-10 09:30:38,OP10005386,50ETF沽12月2900,0.0,0.0,0.0,0.0,30,0.2212,0.2254,10,0.2205,0.2335,0.0,0.0,0.0,0.0,212
2023-05-10 09:30:38,OP10005386,50ETF沽12月2900,0.0,0.0,0.0,0.0,30,0.2212,0.2256,20,0.2205,0.2335,0.0,0.0,0.0,0.0,212
2023-05-10 09:30:41,OP10005386,50ETF沽12月2900,0.0,0.0,0.0,0.0,30,0.2212,0.2255,10,0.2205,0.2335,0.0,0.0,0.0,0.0,212
2023-05-10 09:30:41,OP10005386,50ETF沽12月2900,0.0,0.0,0.0,0.0,30,0.2212,0.2255,20,0.2205,0.2335,0.0,0.0,0.0,0.0,212
2023-05-10 09:30:41,OP10005386,50ETF沽12月2900,0.0,0.0,0.0,0.0,30,0.2212,0.2254,10,0.2205,0.2335,0.0,0.0,0.0,0.0,212
2023-05-10 09:30:41,OP10005386,50ETF沽12月2900,0.0,0.0,0.0,0.0,30,0.2212,0.2254,20,0.2205,0.2335,0.0,0.0,0.0,0.0,212
2023-05-10 09:30:41,OP10005386,50ETF沽12月2900,0.0,0.0,0.0,0.0,30,0.2212,0.2253,10,0.2205,0.2335,0.0,0.0,0.0,0.0,212
2023-05-10 09:30:41,OP10005386,50ETF沽12月2900,0.0,0.0,0.0,0.0,30,0.2212,0.2253,20,0.2205,0.2335,0.0,0.0,0.0,0.0,212
2023-05-10 09:30:44,OP10005386,50ETF沽12月2900,0.0,0.0,0.0,0.0,30,0.2212,0.2252,10,0.2205,0.2335,0.0,0.0,0.0,0.0,212
2023-05-10 09:30:44,OP10005386,50ETF沽12月2900,0.0,0.0,0.0,0.0,30,0.2212,0.2255,20,0.2205,0.2335,0.0,0.0,0.0,0.0,212
2023-05-10 09:30:44,OP10005386,50ETF沽12月2900,0.0,0.0,0.0,0.0,30,0.2212,0.2254,10,0.2205,0.2335,0.0,0.0,0.0,0.0,212
2023-05-10 09:30:44,OP10005386,50ETF沽12月2900,0.0,0.0,0.0,0.0,30,0.2212,0.2258,20,0.2205,0.2335,0.0,0.0,0.0,0.0,212
2023-05-10 09:30:44,OP10005386,50ETF沽12月2900,0.0,0.0,0.0,0.0,30,0.2212,0.2257,10,0.2205,0.2335,0.0,0.0,0.0,0.0,212
2023-05-10 09:30:44,OP10005386,50ETF沽12月2900,0.0,0.0,0.0,0.0,30,0.2212,0.2258,20,0.2205,0.2335,0.0,0.0,0.0,0.0,212
2023-05-10 09:30:47,OP10005386,50ETF沽12月2900,0.0,0.0,0.0,0.0,30,0.2212,0.2257,10,0.2205,0.2335,0.0,0.0,0.0,0.0,212
2023-05-10 09:30:47,OP10005386,50ETF沽12月2900,0.0,0.0,0.0,0.0,30,0.2212,0.2259,20,0.2205,0.2335,0.0,0.0,0.0,0.0,212
2023-05-10 09:30:47,OP10005386,50ETF沽12月2900,0.0,0.0,0.0,0.0,30,0.2212,0.2258,10,0.2205,0.2335,0.0,0.0,0.0,0.0,212
2023-05-10 09:30:47,OP10005386,50ETF沽12月2900,0.0,0.0,0.0,0.0,10,0.2216,0.2257,10,0.2205,0.2335,0.0,0.0,0.0,0.0,212
2023-05-10 09:30:47,OP10005386,50ETF沽12月2900,0.0,0.0,0.0,0.0,10,0.2216,0.2256,10,0.2205,0.2335,0.0,0.0,0.0,0.0,212
2023-05-10 09:30:47,OP10005386,50ETF沽12月2900,0.0,0.0,0.0,0.0,30,0.2216,0.2256,10,0.2205,0.2335,0.0,0.0,0.0,0.0,212
2023-05-10 09:30:50,OP10005386,50ETF沽12月2900,0.0,0.0,0.0,0.0,30,0.2216,0.2256,10,0.2205,0.2335,0.0,0.0,0.0,0.0,212
2023-05-10 09:30:50,OP10005386,50ETF沽12月2900,0.0,0.0,0.0,0.0,30,0.2216,0.2256,10,0.2205,0.2335,0.0,0.0,0.0,0.0,212
2023-05-10 09:30:50,OP10005386,50ETF沽12月2900,0.0,0.0,0.0,0.0,30,0.2216,0.2256,10,0.2205,0.2335,0.0,0.0,0.0,0.0,212
2023-05-10 09:30:53,OP10005386,50ETF沽12月2900,0.0,0.0,0.0,0.0,30,0.2216,0.2256,10,0.2205,0.2335,0.0,0.0,0.0,0.0,212
2023-05-10 09:30:56,OP10005386,50ETF沽12月2900,0.0,0.0,0.0,0.0,10,0.2223,0.2256,10,0.2205,0.2335,0.0,0.0,0.0,0.0,212
2023-05-10 09:30:56,OP10005386,50ETF沽12月2900,0.0,0.0,0.0,0.0,30,0.2223,0.2264,10,0.2205,0.2335,0.0,0.0,0.0,0.0,212
2023-05-10 09:30:59,OP10005386,50ETF沽12月2900,0.0,0.0,0.0,0.0,30,0.2223,0.2264,10,0.2205,0.2335,0.0,0.0,0.0,0.0,212
2023-05-10 09:30:59,OP10005386,50ETF沽12月2900,0.0,0.0,0.0,0.0,10,0.223,0.2269,20,0.2205,0.2335,0.0,0.0,0.0,0.0,212
2023-05-10 09:30:59,OP10005386,50ETF沽12月2900,0.0,0.0,0.0,0.0,30,0.223,0.2277,10,0.2205,0.2335,0.0,0.0,0.0,0.0,212
2023-05-10 09:30:59,OP10005386,50ETF沽12月2900,0.0,0.0,0.0,0.0,30,0.223,0.2277,10,0.2205,0.2335,0.0,0.0,0.0,0.0,212
2023-05-10 09:30:59,OP10005386,50ETF沽12月2900,0.0,0.0,0.0,0.0,10,0.2237,0.2278,10,0.2205,0.2335,0.0,0.0,0.0,0.0,212
2023-05-10 09:31:02,OP10005386,50ETF沽12月2900,0.0,0.0,0.0,0.0,30,0.2237,0.2277,10,0.2205,0.2335,0.0,0.0,0.0,0.0,212
2023-05-10 09:31:02,OP10005386,50ETF沽12月2900,0.0,0.0,0.0,0.0,30,0.2237,0.2277,10,0.2205,0.2335,0.0,0.0,0.0,0.0,212
2023-05-10 09:31:02,OP10005386,50ETF沽12月2900,0.0,0.0,0.0,0.0,30,0.2237,0.2277,10,0.2205,0.2335,0.0,0.0,0.0,0.0,212
2023-05-10 09:31:02,OP10005386,50ETF沽12月2900,0.0,0.0,0.0,0.0,30,0.2237,0.2277,10,0.2205,0.2335,0.0,0.0,0.0,0.0,212
2023-05-10 09:31:02,OP10005386,50ETF沽12月2900,0.0,0.0,0.0,0.0,30,0.2237,0.2277,10,0.2205,0.2335,0.0,0.0,0.0,0.0,212
2023-05-10 09:31:02,OP10005386,50ETF沽12月2900,0.0,0.0,0.0,0.0,10,0.2245,0.2277,10,0.2205,0.2335,0.0,0.0,0.0,0.0,212
2023-05-10 09:31:05,OP10005386,50ETF沽12月2900,0.0,0.0,0.0,0.0,30,0.2245,0.2284,10,0.2205,0.2335,0.0,0.0,0.0,0.0,212
2023-05-10 09:31:05,OP10005386,50ETF沽12月2900,0.0,0.0,0.0,0.0,30,0.2245,0.2284,10,0.2205,0.2335,0.0,0.0,0.0,0.0,212
2023-05-10 09:31:05,OP10005386,50ETF沽12月2900,0.0,0.0,0.0,0.0,30,0.2245,0.2284,10,0.2205,0.2335,0.0,0.0,0.0,0.0,212
2023-05-10 09:31:08,OP10005386,50ETF沽12月2900,0.0,0.0,0.0,0.0,30,0.2245,0.2284,10,0.2205,0.2335,0.0,0.0,0.0,0.0,212
2023-05-10 09:31:08,OP10005386,50ETF沽12月2900,0.0,0.0,0.0,0.0,30,0.2245,0.2284,30,0.2205,0.2335,0.0,0.0,0.0,0.0,212
2023-05-10 09:31:17,OP10005386,50ETF沽12月2900,0.0,0.0,0.0,0.0,30,0.2245,0.2284,10,0.2205,0.2335,0.0,0.0,0.0,0.0,212
2023-05-10 09:31:20,OP10005386,50ETF沽12月2900,0.0,0.0,0.0,0.0,30,0.2245,0.2284,10,0.2205,0.2335,0.0,0.0,0.0,0.0,212
2023-05-10 09:31:20,OP10005386,50ETF沽12月2900,0.0,0.0,0.0,0.0,10,0.2252,0.2284,10,0.2205,0.2335,0.0,0.0,0.0,0.0,212
2023-05-10 09:31:20,OP10005386,50ETF沽12月2900,0.0,0.0,0.0,0.0,30,0.2252,0.2284,10,0.2205,0.2335,0.0,0.0,0.0,0.0,212
2023-05-10 09:31:23,OP10005386,50ETF沽12月2900,0.0,0.0,0.0,0.0,30,0.2252,0.229,10,0.2205,0.2335,0.0,0.0,0.0,0.0,212
2023-05-10 09:31:29,OP10005386,50ETF沽12月2900,0.0,0.0,0.0,0.0,30,0.2252,0.229,10,0.2205,0.2335,0.0,0.0,0.0,0.0,212
2023-05-10 09:31:29,OP10005386,50ETF沽12月2900,0.0,0.0,0.0,0.0,30,0.2252,0.229,10,0.2205,0.2335,0.0,0.0,0.0,0.0,212
2023-05-10 09:31:29,OP10005386,50ETF沽12月2900,0.0,0.0,0.0,0.0,30,0.2252,0.229,10,0.2205,0.2335,0.0,0.0,0.0,0.0,212
2023-05-10 09:31:29,OP10005386,50ETF沽12月2900,0.0,0.0,0.0,0.0,30,0.2252,0.229,10,0.2205,0.2335,0.0,0.0,0.0,0.0,212
2023-05-10 09:31:32,OP10005386,50ETF沽12月2900,0.0,0.0,0.0,0.0,30,0.2252,0.229,10,0.2205,0.2335,0.0,0.0,0.0,0.0,212
2023-05-10 09:31:32,OP10005386,50ETF沽12月2900,0.0,0.0,0.0,0.0,30,0.2252,0.229,10,0.2205,0.2335,0.0,0.0,0.0,0.0,212
2023-05-10 09:31:32,OP10005386,50ETF沽12月2900,0.0,0.0,0.0,0.0,30,0.2252,0.229,10,0.2205,0.2335,0.0,0.0,0.0,0.0,212
2023-05-10 09:31:32,OP10005386,50ETF沽12月2900,0.0,0.0,0.0,0.0,30,0.2252,0.229,10,0.2205,0.2335,0.0,0.0,0.0,0.0,212
2023-05-10 09:31:32,OP10005386,50ETF沽12月2900,0.0,0.0,0.0,0.0,30,0.2252,0.229,10,0.2205,0.2335,0.0,0.0,0.0,0.0,212
2023-05-10 09:31:32,OP10005386,50ETF沽12月2900,0.0,0.0,0.0,0.0,30,0.2252,0.229,10,0.2205,0.2335,0.0,0.0,0.0,0.0,212
2023-05-10 09:31:32,OP10005386,50ETF沽12月2900,0.0,0.0,0.0,0.0,30,0.2252,0.229,10,0.2205,0.2335,0.0,0.0,0.0,0.0,212
2023-05-10 09:31:35,OP10005386,50ETF沽12月2900,0.0,0.0,0.0,0.0,30,0.2252,0.229,10,0.2205,0.2335,0.0,0.0,0.0,0.0,212
2023-05-10 09:31:35,OP10005386,50ETF沽12月2900,0.0,0.0,0.0,0.0,30,0.2252,0.229,10,0.2205,0.2335,0.0,0.0,0.0,0.0,212
2023-05-10 09:31:35,OP10005386,50ETF沽12月2900,0.0,0.0,0.0,0.0,30,0.2252,0.229,10,0.2205,0.2335,0.0,0.0,0.0,0.0,212
2023-05-10 09:31:35,OP10005386,50ETF沽12月2900,0.0,0.0,0.0,0.0,30,0.2252,0.229,10,0.2205,0.2335,0.0,0.0,0.0,0.0,212
2023-05-10 09:31:35,OP10005386,50ETF沽12月2900,0.0,0.0,0.0,0.0,30,0.2252,0.229,10,0.2205,0.2335,0.0,0.0,0.0,0.0,212
2023-05-10 09:31:35,OP10005386,50ETF沽12月2900,0.0,0.0,0.0,0.0,30,0.2252,0.229,10,0.2205,0.2335,0.0,0.0,0.0,0.0,212
2023-05-10 09:31:38,OP10005386,50ETF沽12月2900,0.0,0.0,0.0,0.0,30,0.2252,0.229,10,0.2205,0.2335,0.0,0.0,0.0,0.0,212
2023-05-10 09:31:38,OP10005386,50ETF沽12月2900,0.0,0.0,0.0,0.0,30,0.2252,0.2285,30,0.2205,0.2335,0.0,0.0,0.0,0.0,212
2023-05-10 09:31:38,OP10005386,50ETF沽12月2900,0.0,0.0,0.0,0.0,30,0.2252,0.2284,10,0.2205,0.2335,0.0,0.0,0.0,0.0,212
2023-05-10 09:31:38,OP10005386,50ETF沽12月2900,0.0,0.0,0.0,0.0,30,0.2252,0.2284,10,0.2205,0.2335,0.0,0.0,0.0,0.0,212
2023-05-10 09:31:38,OP10005386,50ETF沽12月2900,0.0,0.0,0.0,0.0,30,0.2252,0.2284,10,0.2205,0.2335,0.0,0.0,0.0,0.0,212
2023-05-10 09:31:38,OP10005386,50ETF沽12月2900,0.0,0.0,0.0,0.0,30,0.2252,0.2284,10,0.2205,0.2335,0.0,0.0,0.0,0.0,212
2023-05-10 09:31:41,OP10005386,50ETF沽12月2900,0.0,0.0,0.0,0.0,30,0.2252,0.2284,10,0.2205,0.2335,0.0,0.0,0.0,0.0,212
2023-05-10 09:31:41,OP10005386,50ETF沽12月2900,0.0,0.0,0.0,0.0,20,0.2252,0.2278,30,0.2205,0.2335,0.0,0.0,0.0,0.0,212
2023-05-10 09:31:41,OP10005386,50ETF沽12月2900,0.0,0.0,0.0,0.0,40,0.2245,0.2278,50,0.2205,0.2335,0.0,0.0,0.0,0.0,212
2023-05-10 09:31:41,OP10005386,50ETF沽12月2900,0.0,0.0,0.0,0.0,30,0.2245,0.2278,50,0.2205,0.2335,0.0,0.0,0.0,0.0,212
2023-05-10 09:31:41,OP10005386,50ETF沽12月2900,0.0,0.0,0.0,0.0,30,0.2245,0.2277,10,0.2205,0.2335,0.0,0.0,0.0,0.0,212
2023-05-10 09:31:44,OP10005386,50ETF沽12月2900,0.0,0.0,0.0,0.0,30,0.2245,0.2277,10,0.2205,0.2335,0.0,0.0,0.0,0.0,212
2023-05-10 09:31:44,OP10005386,50ETF沽12月2900,0.0,0.0,0.0,0.0,30,0.2245,0.2277,10,0.2205,0.2335,0.0,0.0,0.0,0.0,212
2023-05-10 09:31:44,OP10005386,50ETF沽12月2900,0.0,0.0,0.0,0.0,30,0.2245,0.2277,10,0.2205,0.2335,0.0,0.0,0.0,0.0,212
2023-05-10 09:31:44,OP10005386,50ETF沽12月2900,0.0,0.0,0.0,0.0,30,0.2245,0.2277,10,0.2205,0.2335,0.0,0.0,0.0,0.0,212
2023-05-10 09:31:44,OP10005386,50ETF沽12月2900,0.0,0.0,0.0,0.0,20,0.2245,0.2277,10,0.2205,0.2335,0.0,0.0,0.0,0.0,212
2023-05-10 09:31:44,OP10005386,50ETF沽12月2900,0.0,0.0,0.0,0.0,10,0.2239,0.2277,10,0.2205,0.2335,0.0,0.0,0.0,0.0,212
2023-05-10 09:31:47,OP10005386,50ETF沽12月2900,0.0,0.0,0.0,0.0,20,0.2239,0.2277,10,0.2205,0.2335,0.0,0.0,0.0,0.0,212
2023-05-10 09:31:47,OP10005386,50ETF沽12月2900,0.0,0.0,0.0,0.0,70,0.2236,0.2277,10,0.2205,0.2335,0.0,0.0,0.0,0.0,212
2023-05-10 09:31:47,OP10005386,50ETF沽12月2900,0.0,0.0,0.0,0.0,70,0.2236,0.2277,10,0.2205,0.2335,0.0,0.0,0.0,0.0,212
2023-05-10 09:31:47,OP10005386,50ETF沽12月2900,0.0,0.0,0.0,0.0,10,0.2243,0.2277,10,0.2205,0.2335,0.0,0.0,0.0,0.0,212
2023-05-10 09:31:47,OP10005386,50ETF沽12月2900,0.0,0.0,0.0,0.0,30,0.2243,0.2277,10,0.2205,0.2335,0.0,0.0,0.0,0.0,212
2023-05-10 09:31:50,OP10005386,50ETF沽12月2900,0.0,0.0,0.0,0.0,30,0.2243,0.2277,10,0.2205,0.2335,0.0,0.0,0.0,0.0,212
2023-05-10 09:31:50,OP10005386,50ETF沽12月2900,0.0,0.0,0.0,0.0,20,0.2243,0.2268,30,0.2205,0.2335,0.0,0.0,0.0,0.0,212
2023-05-10 09:31:50,OP10005386,50ETF沽12月2900,0.0,0.0,0.0,0.0,40,0.2236,0.2268,50,0.2205,0.2335,0.0,0.0,0.0,0.0,212
2023-05-10 09:31:50,OP10005386,50ETF沽12月2900,0.0,0.0,0.0,0.0,30,0.2236,0.2267,10,0.2205,0.2335,0.0,0.0,0.0,0.0,212
2023-05-10 09:31:53,OP10005386,50ETF沽12月2900,0.0,0.0,0.0,0.0,30,0.2236,0.2267,10,0.2205,0.2335,0.0,0.0,0.0,0.0,212
2023-05-10 09:31:53,OP10005386,50ETF沽12月2900,0.0,0.0,0.0,0.0,30,0.2236,0.2267,10,0.2205,0.2335,0.0,0.0,0.0,0.0,212
2023-05-10 09:31:53,OP10005386,50ETF沽12月2900,0.0,0.0,0.0,0.0,30,0.2236,0.2267,10,0.2205,0.2335,0.0,0.0,0.0,0.0,212
2023-05-10 09:31:53,OP10005386,50ETF沽12月2900,0.0,0.0,0.0,0.0,30,0.2236,0.2267,10,0.2205,0.2335,0.0,0.0,0.0,0.0,212
2023-05-10 09:31:53,OP10005386,50ETF沽12月2900,0.0,0.0,0.0,0.0,30,0.2236,0.2267,10,0.2205,0.2335,0.0,0.0,0.0,0.0,212
2023-05-10 09:31:53,OP10005386,50ETF沽12月2900,0.0,0.0,0.0,0.0,20,0.2236,0.2267,10,0.2205,0.2335,0.0,0.0,0.0,0.0,212
2023-05-10 09:31:56,OP10005386,50ETF沽12月2900,0.0,0.0,0.0,0.0,10,0.223,0.2267,10,0.2205,0.2335,0.0,0.0,0.0,0.0,212
2023-05-10 09:31:56,OP10005386,50ETF沽12月2900,0.0,0.0,0.0,0.0,20,0.2227,0.226,30,0.2205,0.2335,0.0,0.0,0.0,0.0,212
2023-05-10 09:31:56,OP10005386,50ETF沽12月2900,0.0,0.0,0.0,0.0,20,0.2227,0.226,30,0.2205,0.2335,0.0,0.0,0.0,0.0,212
2023-05-10 09:31:56,OP10005386,50ETF沽12月2900,0.0,0.0,0.0,0.0,20,0.2227,0.2259,10,0.2205,0.2335,0.0,0.0,0.0,0.0,212
2023-05-10 09:31:56,OP10005386,50ETF沽12月2900,0.0,0.0,0.0,0.0,20,0.2227,0.2259,10,0.2205,0.2335,0.0,0.0,0.0,0.0,212
2023-05-10 09:31:56,OP10005386,50ETF沽12月2900,0.0,0.0,0.0,0.0,20,0.2227,0.2259,10,0.2205,0.2335,0.0,0.0,0.0,0.0,212
2023-05-10 09:31:59,OP10005386,50ETF沽12月2900,0.0,0.0,0.0,0.0,20,0.2227,0.226,30,0.2205,0.2335,0.0,0.0,0.0,0.0,212
2023-05-10 09:31:59,OP10005386,50ETF沽12月2900,0.0,0.0,0.0,0.0,20,0.2227,0.226,30,0.2205,0.2335,0.0,0.0,0.0,0.0,212
2023-05-10 09:31:59,OP10005386,50ETF沽12月2900,0.0,0.0,0.0,0.0,20,0.2227,0.226,30,0.2205,0.2335,0.0,0.0,0.0,0.0,212
2023-05-10 09:31:59,OP10005386,50ETF沽12月2900,0.0,0.0,0.0,0.0,20,0.2227,0.226,30,0.2205,0.2335,0.0,0.0,0.0,0.0,212
2023-05-10 09:31:59,OP10005386,50ETF沽12月2900,0.0,0.0,0.0,0.0,10,0.2226,0.226,30,0.2205,0.2335,0.0,0.0,0.0,0.0,212
2023-05-10 09:31:59,OP10005386,50ETF沽12月2900,0.0,0.0,0.0,0.0,10,0.2226,0.2259,10,0.2205,0.2335,0.0,0.0,0.0,0.0,212
2023-05-10 09:32:02,OP10005386,50ETF沽12月2900,0.0,0.0,0.0,0.0,10,0.2226,0.2259,10,0.2205,0.2335,0.0,0.0,0.0,0.0,212
2023-05-10 09:32:02,OP10005386,50ETF沽12月2900,0.0,0.0,0.0,0.0,10,0.2226,0.2259,10,0.2205,0.2335,0.0,0.0,0.0,0.0,212
2023-05-10 09:32:02,OP10005386,50ETF沽12月2900,0.0,0.0,0.0,0.0,10,0.2226,0.2259,10,0.2205,0.2335,0.0,0.0,0.0,0.0,212
2023-05-10 09:32:02,OP10005386,50ETF沽12月2900,0.0,0.0,0.0,0.0,10,0.2226,0.2259,30,0.2205,0.2335,0.0,0.0,0.0,0.0,212
2023-05-10 09:32:02,OP10005386,50ETF沽12月2900,0.0,0.0,0.0,0.0,10,0.2226,0.2259,10,0.2205,0.2335,0.0,0.0,0.0,0.0,212
2023-05-10 09:32:02,OP10005386,50ETF沽12月2900,0.0,0.0,0.0,0.0,10,0.2226,0.2259,10,0.2205,0.2335,0.0,0.0,0.0,0.0,212
2023-05-10 09:32:05,OP10005386,50ETF沽12月2900,0.0,0.0,0.0,0.0,10,0.2226,0.2259,30,0.2205,0.2335,0.0,0.0,0.0,0.0,212
2023-05-10 09:32:05,OP10005386,50ETF沽12月2900,0.0,0.0,0.0,0.0,10,0.2226,0.2259,30,0.2205,0.2335,0.0,0.0,0.0,0.0,212
2023-05-10 09:32:05,OP10005386,50ETF沽12月2900,0.0,0.0,0.0,0.0,10,0.2226,0.226,30,0.2205,0.2335,0.0,0.0,0.0,0.0,212
2023-05-10 09:32:05,OP10005386,50ETF沽12月2900,0.0,0.0,0.0,0.0,10,0.2226,0.226,30,0.2205,0.2335,0.0,0.0,0.0,0.0,212
2023-05-10 09:32:05,OP10005386,50ETF沽12月2900,0.0,0.0,0.0,0.0,10,0.2226,0.2259,10,0.2205,0.2335,0.0,0.0,0.0,0.0,212
2023-05-10 09:32:05,OP10005386,50ETF沽12月2900,0.0,0.0,0.0,0.0,10,0.2226,0.2259,20,0.2205,0.2335,0.0,0.0,0.0,0.0,212
2023-05-10 09:32:08,OP10005386,50ETF沽12月2900,0.0,0.0,0.0,0.0,10,0.2226,0.2259,30,0.2205,0.2335,0.0,0.0,0.0,0.0,212
2023-05-10 09:32:08,OP10005386,50ETF沽12月2900,0.0,0.0,0.0,0.0,10,0.2226,0.2259,20,0.2205,0.2335,0.0,0.0,0.0,0.0,212
2023-05-10 09:32:08,OP10005386,50ETF沽12月2900,0.0,0.0,0.0,0.0,10,0.2226,0.2259,20,0.2205,0.2335,0.0,0.0,0.0,0.0,212
2023-05-10 09:32:08,OP10005386,50ETF沽12月2900,0.0,0.0,0.0,0.0,10,0.2226,0.2259,30,0.2205,0.2335,0.0,0.0,0.0,0.0,212
2023-05-10 09:32:08,OP10005386,50ETF沽12月2900,0.0,0.0,0.0,0.0,10,0.2226,0.2259,20,0.2205,0.2335,0.0,0.0,0.0,0.0,212
2023-05-10 09:32:08,OP10005386,50ETF沽12月2900,0.0,0.0,0.0,0.0,10,0.2226,0.2259,20,0.2205,0.2335,0.0,0.0,0.0,0.0,212
2023-05-10 09:32:11,OP10005386,50ETF沽12月2900,0.0,0.0,0.0,0.0,10,0.2226,0.2259,20,0.2205,0.2335,0.0,0.0,0.0,0.0,212
2023-05-10 09:32:11,OP10005386,50ETF沽12月2900,0.0,0.0,0.0,0.0,10,0.2226,0.2259,20,0.2205,0.2335,0.0,0.0,0.0,0.0,212
2023-05-10 09:32:11,OP10005386,50ETF沽12月2900,0.0,0.0,0.0,0.0,10,0.2226,0.2259,20,0.2205,0.2335,0.0,0.0,0.0,0.0,212
2023-05-10 09:32:11,OP10005386,50ETF沽12月2900,0.0,0.0,0.0,0.0,20,0.2224,0.2259,20,0.2205,0.2335,0.0,0.0,0.0,0.0,212
2023-05-10 09:32:11,OP10005386,50ETF沽12月2900,0.0,0.0,0.0,0.0,40,0.222,0.2254,30,0.2205,0.2335,0.0,0.0,0.0,0.0,212
2023-05-10 09:32:11,OP10005386,50ETF沽12月2900,0.0,0.0,0.0,0.0,30,0.222,0.2254,50,0.2205,0.2335,0.0,0.0,0.0,0.0,212
2023-05-10 09:32:14,OP10005386,50ETF沽12月2900,0.0,0.0,0.0,0.0,30,0.222,0.2253,10,0.2205,0.2335,0.0,0.0,0.0,0.0,212
2023-05-10 09:32:14,OP10005386,50ETF沽12月2900,0.0,0.0,0.0,0.0,30,0.222,0.2254,50,0.2205,0.2335,0.0,0.0,0.0,0.0,212
2023-05-10 09:32:14,OP10005386,50ETF沽12月2900,0.0,0.0,0.0,0.0,30,0.222,0.2253,10,0.2205,0.2335,0.0,0.0,0.0,0.0,212
2023-05-10 09:32:14,OP10005386,50ETF沽12月2900,0.0,0.0,0.0,0.0,30,0.222,0.2253,10,0.2205,0.2335,0.0,0.0,0.0,0.0,212
2023-05-10 09:32:14,OP10005386,50ETF沽12月2900,0.0,0.0,0.0,0.0,30,0.222,0.2253,10,0.2205,0.2335,0.0,0.0,0.0,0.0,212
2023-05-10 09:32:14,OP10005386,50ETF沽12月2900,0.0,0.0,0.0,0.0,30,0.222,0.2253,10,0.2205,0.2335,0.0,0.0,0.0,0.0,212
2023-05-10 09:32:17,OP10005386,50ETF沽12月2900,0.0,0.0,0.0,0.0,30,0.222,0.2253,10,0.2205,0.2335,0.0,0.0,0.0,0.0,212
2023-05-10 09:32:17,OP10005386,50ETF沽12月2900,0.0,0.0,0.0,0.0,30,0.222,0.2253,10,0.2205,0.2335,0.0,0.0,0.0,0.0,212
2023-05-10 09:32:17,OP10005386,50ETF沽12月2900,0.0,0.0,0.0,0.0,10,0.2216,0.2246,30,0.2205,0.2335,0.0,0.0,0.0,0.0,212
2023-05-10 09:32:17,OP10005386,50ETF沽12月2900,0.0,0.0,0.0,0.0,20,0.2213,0.2245,10,0.2205,0.2335,0.0,0.0,0.0,0.0,212
2023-05-10 09:32:17,OP10005386,50ETF沽12月2900,0.0,0.0,0.0,0.0,30,0.221,0.2245,10,0.2205,0.2335,0.0,0.0,0.0,0.0,212
2023-05-10 09:32:17,OP10005386,50ETF沽12月2900,0.0,0.0,0.0,0.0,30,0.221,0.2245,10,0.2205,0.2335,0.0,0.0,0.0,0.0,212
2023-05-10 09:32:20,OP10005386,50ETF沽12月2900,0.0,0.0,0.0,0.0,30,0.221,0.2245,10,0.2205,0.2335,0.0,0.0,0.0,0.0,212
2023-05-10 09:32:20,OP10005386,50ETF沽12月2900,0.0,0.0,0.0,0.0,30,0.221,0.2245,10,0.2205,0.2335,0.0,0.0,0.0,0.0,212
2023-05-10 09:32:20,OP10005386,50ETF沽12月2900,0.0,0.0,0.0,0.0,30,0.221,0.2245,10,0.2205,0.2335,0.0,0.0,0.0,0.0,212
2023-05-10 09:32:20,OP10005386,50ETF沽12月2900,0.0,0.0,0.0,0.0,30,0.221,0.2245,10,0.2205,0.2335,0.0,0.0,0.0,0.0,212
2023-05-10 09:32:20,OP10005386,50ETF沽12月2900,0.0,0.0,0.0,0.0,30,0.221,0.224,30,0.2205,0.2335,0.0,0.0,0.0,0.0,212
2023-05-10 09:32:20,OP10005386,50ETF沽12月2900,0.0,0.0,0.0,0.0,30,0.221,0.224,50,0.2205,0.2335,0.0,0.0,0.0,0.0,212
2023-05-10 09:32:23,OP10005386,50ETF沽12月2900,0.0,0.0,0.0,0.0,30,0.221,0.224,50,0.2205,0.2335,0.0,0.0,0.0,0.0,212
2023-05-10 09:32:23,OP10005386,50ETF沽12月2900,0.0,0.0,0.0,0.0,30,0.221,0.224,50,0.2205,0.2335,0.0,0.0,0.0,0.0,212
2023-05-10 09:32:23,OP10005386,50ETF沽12月2900,0.0,0.0,0.0,0.0,30,0.221,0.2239,10,0.2205,0.2335,0.0,0.0,0.0,0.0,212
2023-05-10 09:32:23,OP10005386,50ETF沽12月2900,0.0,0.0,0.0,0.0,30,0.221,0.224,50,0.2205,0.2335,0.0,0.0,0.0,0.0,212
2023-05-10 09:32:23,OP10005386,50ETF沽12月2900,0.0,0.0,0.0,0.0,30,0.221,0.224,20,0.2205,0.2335,0.0,0.0,0.0,0.0,212
2023-05-10 09:32:23,OP10005386,50ETF沽12月2900,0.0,0.0,0.0,0.0,30,0.221,0.2246,20,0.2205,0.2335,0.0,0.0,0.0,0.0,212
2023-05-10 09:32:26,OP10005386,50ETF沽12月2900,0.0,0.0,0.0,0.0,10,0.2217,0.2249,50,0.2205,0.2335,0.0,0.0,0.0,0.0,212
2023-05-10 09:32:26,OP10005386,50ETF沽12月2900,0.0,0.0,0.0,0.0,30,0.2217,0.2249,50,0.2205,0.2335,0.0,0.0,0.0,0.0,212
2023-05-10 09:32:26,OP10005386,50ETF沽12月2900,0.0,0.0,0.0,0.0,30,0.2217,0.2248,10,0.2205,0.2335,0.0,0.0,0.0,0.0,212
2023-05-10 09:32:26,OP10005386,50ETF沽12月2900,0.0,0.0,0.0,0.0,30,0.2217,0.2248,10,0.2205,0.2335,0.0,0.0,0.0,0.0,212
2023-05-10 09:32:26,OP10005386,50ETF沽12月2900,0.0,0.0,0.0,0.0,20,0.2217,0.2249,50,0.2205,0.2335,0.0,0.0,0.0,0.0,212
2023-05-10 09:32:26,OP10005386,50ETF沽12月2900,0.0,0.0,0.0,0.0,30,0.2213,0.2249,50,0.2205,0.2335,0.0,0.0,0.0,0.0,212
2023-05-10 09:32:29,OP10005386,50ETF沽12月2900,0.0,0.0,0.0,0.0,30,0.2213,0.2248,10,0.2205,0.2335,0.0,0.0,0.0,0.0,212
2023-05-10 09:32:29,OP10005386,50ETF沽12月2900,0.0,0.0,0.0,0.0,30,0.2213,0.2249,50,0.2205,0.2335,0.0,0.0,0.0,0.0,212
2023-05-10 09:32:29,OP10005386,50ETF沽12月2900,0.0,0.0,0.0,0.0,30,0.2213,0.2249,50,0.2205,0.2335,0.0,0.0,0.0,0.0,212
2023-05-10 09:32:32,OP10005386,50ETF沽12月2900,0.0,0.0,0.0,0.0,30,0.2215,0.2248,10,0.2205,0.2335,0.0,0.0,0.0,0.0,212
2023-05-10 09:32:32,OP10005386,50ETF沽12月2900,0.0,0.0,0.0,0.0,30,0.2215,0.2249,20,0.2205,0.2335,0.0,0.0,0.0,0.0,212
2023-05-10 09:32:32,OP10005386,50ETF沽12月2900,0.0,0.0,0.0,0.0,30,0.2215,0.2248,10,0.2205,0.2335,0.0,0.0,0.0,0.0,212
2023-05-10 09:32:32,OP10005386,50ETF沽12月2900,0.0,0.0,0.0,0.0,30,0.2215,0.2248,20,0.2205,0.2335,0.0,0.0,0.0,0.0,212
2023-05-10 09:32:32,OP10005386,50ETF沽12月2900,0.0,0.0,0.0,0.0,30,0.2215,0.225,10,0.2205,0.2335,0.0,0.0,0.0,0.0,212
2023-05-10 09:32:32,OP10005386,50ETF沽12月2900,0.0,0.0,0.0,0.0,30,0.2215,0.225,20,0.2205,0.2335,0.0,0.0,0.0,0.0,212
2023-05-10 09:32:35,OP10005386,50ETF沽12月2900,0.0,0.0,0.0,0.0,30,0.2215,0.225,10,0.2205,0.2335,0.0,0.0,0.0,0.0,212
2023-05-10 09:32:35,OP10005386,50ETF沽12月2900,0.0,0.0,0.0,0.0,10,0.222,0.225,20,0.2205,0.2335,0.0,0.0,0.0,0.0,212
2023-05-10 09:32:35,OP10005386,50ETF沽12月2900,0.0,0.0,0.0,0.0,30,0.222,0.225,10,0.2205,0.2335,0.0,0.0,0.0,0.0,212
2023-05-10 09:32:35,OP10005386,50ETF沽12月2900,0.0,0.0,0.0,0.0,30,0.222,0.225,20,0.2205,0.2335,0.0,0.0,0.0,0.0,212
2023-05-10 09:32:35,OP10005386,50ETF沽12月2900,0.0,0.0,0.0,0.0,30,0.222,0.2251,10,0.2205,0.2335,0.0,0.0,0.0,0.0,212
2023-05-10 09:32:35,OP10005386,50ETF沽12月2900,0.0,0.0,0.0,0.0,30,0.222,0.2251,20,0.2205,0.2335,0.0,0.0,0.0,0.0,212
2023-05-10 09:32:38,OP10005386,50ETF沽12月2900,0.0,0.0,0.0,0.0,30,0.222,0.2251,10,0.2205,0.2335,0.0,0.0,0.0,0.0,212
2023-05-10 09:32:38,OP10005386,50ETF沽12月2900,0.0,0.0,0.0,0.0,30,0.222,0.2251,20,0.2205,0.2335,0.0,0.0,0.0,0.0,212
2023-05-10 09:32:38,OP10005386,50ETF沽12月2900,0.0,0.0,0.0,0.0,30,0.222,0.225,10,0.2205,0.2335,0.0,0.0,0.0,0.0,212
2023-05-10 09:32:38,OP10005386,50ETF沽12月2900,0.0,0.0,0.0,0.0,30,0.222,0.225,20,0.2205,0.2335,0.0,0.0,0.0,0.0,212
2023-05-10 09:32:38,OP10005386,50ETF沽12月2900,0.0,0.0,0.0,0.0,30,0.222,0.2249,10,0.2205,0.2335,0.0,0.0,0.0,0.0,212
2023-05-10 09:32:38,OP10005386,50ETF沽12月2900,0.0,0.0,0.0,0.0,30,0.222,0.2249,20,0.2205,0.2335,0.0,0.0,0.0,0.0,212
2023-05-10 09:32:41,OP10005386,50ETF沽12月2900,0.0,0.0,0.0,0.0,30,0.222,0.2249,10,0.2205,0.2335,0.0,0.0,0.0,0.0,212
2023-05-10 09:32:41,OP10005386,50ETF沽12月2900,0.0,0.0,0.0,0.0,30,0.222,0.2249,20,0.2205,0.2335,0.0,0.0,0.0,0.0,212
2023-05-10 09:32:41,OP10005386,50ETF沽12月2900,0.0,0.0,0.0,0.0,30,0.222,0.2248,10,0.2205,0.2335,0.0,0.0,0.0,0.0,212
2023-05-10 09:32:41,OP10005386,50ETF沽12月2900,0.0,0.0,0.0,0.0,30,0.222,0.2248,20,0.2205,0.2335,0.0,0.0,0.0,0.0,212
2023-05-10 09:32:41,OP10005386,50ETF沽12月2900,0.0,0.0,0.0,0.0,30,0.222,0.225,10,0.2205,0.2335,0.0,0.0,0.0,0.0,212
2023-05-10 09:32:41,OP10005386,50ETF沽12月2900,0.0,0.0,0.0,0.0,30,0.222,0.225,20,0.2205,0.2335,0.0,0.0,0.0,0.0,212
2023-05-10 09:32:44,OP10005386,50ETF沽12月2900,0.0,0.0,0.0,0.0,30,0.222,0.2249,10,0.2205,0.2335,0.0,0.0,0.0,0.0,212
2023-05-10 09:32:44,OP10005386,50ETF沽12月2900,0.0,0.0,0.0,0.0,30,0.222,0.2249,20,0.2205,0.2335,0.0,0.0,0.0,0.0,212
2023-05-10 09:32:44,OP10005386,50ETF沽12月2900,0.0,0.0,0.0,0.0,30,0.222,0.2249,10,0.2205,0.2335,0.0,0.0,0.0,0.0,212
2023-05-10 09:32:44,OP10005386,50ETF沽12月2900,0.0,0.0,0.0,0.0,30,0.222,0.2249,20,0.2205,0.2335,0.0,0.0,0.0,0.0,212
2023-05-10 09:32:44,OP10005386,50ETF沽12月2900,0.0,0.0,0.0,0.0,30,0.222,0.2251,10,0.2205,0.2335,0.0,0.0,0.0,0.0,212
2023-05-10 09:32:44,OP10005386,50ETF沽12月2900,0.0,0.0,0.0,0.0,30,0.222,0.2251,20,0.2205,0.2335,0.0,0.0,0.0,0.0,212
2023-05-10 09:32:47,OP10005386,50ETF沽12月2900,0.0,0.0,0.0,0.0,20,0.222,0.225,10,0.2205,0.2335,0.0,0.0,0.0,0.0,212
2023-05-10 09:32:47,OP10005386,50ETF沽12月2900,0.0,0.0,0.0,0.0,30,0.2215,0.225,20,0.2205,0.2335,0.0,0.0,0.0,0.0,212
2023-05-10 09:32:47,OP10005386,50ETF沽12月2900,0.0,0.0,0.0,0.0,30,0.2215,0.2254,30,0.2205,0.2335,0.0,0.0,0.0,0.0,212
2023-05-10 09:32:47,OP10005386,50ETF沽12月2900,0.0,0.0,0.0,0.0,30,0.2215,0.2253,10,0.2205,0.2335,0.0,0.0,0.0,0.0,212
2023-05-10 09:32:47,OP10005386,50ETF沽12月2900,0.0,0.0,0.0,0.0,30,0.2215,0.2253,10,0.2205,0.2335,0.0,0.0,0.0,0.0,212
2023-05-10 09:32:50,OP10005386,50ETF沽12月2900,0.0,0.0,0.0,0.0,40,0.2213,0.2248,30,0.2205,0.2335,0.0,0.0,0.0,0.0,212
2023-05-10 09:32:50,OP10005386,50ETF沽12月2900,0.0,0.0,0.0,0.0,30,0.2213,0.2248,50,0.2205,0.2335,0.0,0.0,0.0,0.0,212
2023-05-10 09:32:50,OP10005386,50ETF沽12月2900,0.0,0.0,0.0,0.0,30,0.2213,0.2248,50,0.2205,0.2335,0.0,0.0,0.0,0.0,212
2023-05-10 09:32:50,OP10005386,50ETF沽12月2900,0.0,0.0,0.0,0.0,30,0.2213,0.2248,50,0.2205,0.2335,0.0,0.0,0.0,0.0,212
2023-05-10 09:32:50,OP10005386,50ETF沽12月2900,0.0,0.0,0.0,0.0,30,0.2213,0.2248,50,0.2205,0.2335,0.0,0.0,0.0,0.0,212
2023-05-10 09:32:50,OP10005386,50ETF沽12月2900,0.0,0.0,0.0,0.0,30,0.2213,0.2247,10,0.2205,0.2335,0.0,0.0,0.0,0.0,212
2023-05-10 09:32:53,OP10005386,50ETF沽12月2900,0.0,0.0,0.0,0.0,30,0.2213,0.2247,10,0.2205,0.2335,0.0,0.0,0.0,0.0,212
2023-05-10 09:32:53,OP10005386,50ETF沽12月2900,0.0,0.0,0.0,0.0,10,0.2213,0.2247,10,0.2205,0.2335,0.0,0.0,0.0,0.0,212
2023-05-10 09:32:53,OP10005386,50ETF沽12月2900,0.0,0.0,0.0,0.0,10,0.2213,0.2247,10,0.2205,0.2335,0.0,0.0,0.0,0.0,212
2023-05-10 09:32:53,OP10005386,50ETF沽12月2900,0.0,0.0,0.0,0.0,10,0.2213,0.2247,10,0.2205,0.2335,0.0,0.0,0.0,0.0,212
2023-05-10 09:32:53,OP10005386,50ETF沽12月2900,0.0,0.0,0.0,0.0,30,0.2213,0.2247,10,0.2205,0.2335,0.0,0.0,0.0,0.0,212
2023-05-10 09:32:53,OP10005386,50ETF沽12月2900,0.0,0.0,0.0,0.0,30,0.2213,0.2247,10,0.2205,0.2335,0.0,0.0,0.0,0.0,212
2023-05-10 09:32:56,OP10005386,50ETF沽12月2900,0.0,0.0,0.0,0.0,30,0.2213,0.2247,10,0.2205,0.2335,0.0,0.0,0.0,0.0,212
2023-05-10 09:32:56,OP10005386,50ETF沽12月2900,0.0,0.0,0.0,0.0,10,0.2213,0.2247,10,0.2205,0.2335,0.0,0.0,0.0,0.0,212
2023-05-10 09:32:56,OP10005386,50ETF沽12月2900,0.0,0.0,0.0,0.0,10,0.2213,0.2247,10,0.2205,0.2335,0.0,0.0,0.0,0.0,212
2023-05-10 09:32:56,OP10005386,50ETF沽12月2900,0.0,0.0,0.0,0.0,10,0.2213,0.2247,10,0.2205,0.2335,0.0,0.0,0.0,0.0,212
2023-05-10 09:32:56,OP10005386,50ETF沽12月2900,0.0,0.0,0.0,0.0,10,0.2213,0.2247,10,0.2205,0.2335,0.0,0.0,0.0,0.0,212
2023-05-10 09:32:59,OP10005386,50ETF沽12月2900,0.0,0.0,0.0,0.0,30,0.2209,0.2247,20,0.2205,0.2335,0.0,0.0,0.0,0.0,212
2023-05-10 09:32:59,OP10005386,50ETF沽12月2900,0.0,0.0,0.0,0.0,20,0.2209,0.2247,20,0.2205,0.2335,0.0,0.0,0.0,0.0,212
2023-05-10 09:32:59,OP10005386,50ETF沽12月2900,0.0,0.0,0.0,0.0,1,0.2208,0.2247,20,0.2205,0.2335,0.0,0.0,0.0,0.0,212
2023-05-10 09:32:59,OP10005386,50ETF沽12月2900,0.0,0.0,0.0,0.0,31,0.2207,0.2247,20,0.2205,0.2335,0.0,0.0,0.0,0.0,212
2023-05-10 09:32:59,OP10005386,50ETF沽12月2900,0.0,0.0,0.0,0.0,41,0.2207,0.2247,20,0.2205,0.2335,0.0,0.0,0.0,0.0,212
2023-05-10 09:32:59,OP10005386,50ETF沽12月2900,0.0,0.0,0.0,0.0,31,0.2207,0.2247,20,0.2205,0.2335,0.0,0.0,0.0,0.0,212
2023-05-10 09:32:59,OP10005386,50ETF沽12月2900,0.0,0.0,0.0,0.0,41,0.2207,0.2247,20,0.2205,0.2335,0.0,0.0,0.0,0.0,212
2023-05-10 09:33:02,OP10005386,50ETF沽12月2900,0.0,0.0,0.0,0.0,1,0.2207,0.2247,20,0.2205,0.2335,0.0,0.0,0.0,0.0,212
2023-05-10 09:33:02,OP10005386,50ETF沽12月2900,0.0,0.0,0.0,0.0,11,0.2207,0.2247,20,0.2205,0.2335,0.0,0.0,0.0,0.0,212
2023-05-10 09:33:02,OP10005386,50ETF沽12月2900,0.0,0.0,0.0,0.0,1,0.2207,0.2247,20,0.2205,0.2335,0.0,0.0,0.0,0.0,212
2023-05-10 09:33:02,OP10005386,50ETF沽12月2900,0.0,0.0,0.0,0.0,11,0.2207,0.2242,30,0.2205,0.2335,0.0,0.0,0.0,0.0,212
2023-05-10 09:33:02,OP10005386,50ETF沽12月2900,0.0,0.0,0.0,0.0,30,0.2206,0.2241,10,0.2205,0.2335,0.0,0.0,0.0,0.0,212
2023-05-10 09:33:02,OP10005386,50ETF沽12月2900,0.0,0.0,0.0,0.0,30,0.2206,0.2241,10,0.2205,0.2335,0.0,0.0,0.0,0.0,212
2023-05-10 09:33:05,OP10005386,50ETF沽12月2900,0.0,0.0,0.0,0.0,31,0.2206,0.2242,50,0.2205,0.2335,0.0,0.0,0.0,0.0,212
2023-05-10 09:33:05,OP10005386,50ETF沽12月2900,0.0,0.0,0.0,0.0,31,0.2206,0.2241,10,0.2205,0.2335,0.0,0.0,0.0,0.0,212
2023-05-10 09:33:05,OP10005386,50ETF沽12月2900,0.0,0.0,0.0,0.0,31,0.2206,0.2242,50,0.2205,0.2335,0.0,0.0,0.0,0.0,212
2023-05-10 09:33:05,OP10005386,50ETF沽12月2900,0.0,0.0,0.0,0.0,31,0.2206,0.2242,60,0.2205,0.2335,0.0,0.0,0.0,0.0,212
2023-05-10 09:33:05,OP10005386,50ETF沽12月2900,0.0,0.0,0.0,0.0,31,0.2206,0.2241,10,0.2205,0.2335,0.0,0.0,0.0,0.0,212
2023-05-10 09:33:08,OP10005386,50ETF沽12月2900,0.0,0.0,0.0,0.0,31,0.2206,0.2241,10,0.2205,0.2335,0.0,0.0,0.0,0.0,212
2023-05-10 09:33:08,OP10005386,50ETF沽12月2900,0.0,0.0,0.0,0.0,31,0.2206,0.2241,10,0.2205,0.2335,0.0,0.0,0.0,0.0,212
2023-05-10 09:33:08,OP10005386,50ETF沽12月2900,0.0,0.0,0.0,0.0,31,0.2206,0.2241,10,0.2205,0.2335,0.0,0.0,0.0,0.0,212
2023-05-10 09:33:08,OP10005386,50ETF沽12月2900,0.0,0.0,0.0,0.0,31,0.2206,0.2241,10,0.2205,0.2335,0.0,0.0,0.0,0.0,212
2023-05-10 09:33:08,OP10005386,50ETF沽12月2900,0.0,0.0,0.0,0.0,31,0.2206,0.2241,10,0.2205,0.2335,0.0,0.0,0.0,0.0,212
2023-05-10 09:33:08,OP10005386,50ETF沽12月2900,0.0,0.0,0.0,0.0,31,0.2206,0.2241,10,0.2205,0.2335,0.0,0.0,0.0,0.0,212
2023-05-10 09:33:08,OP10005386,50ETF沽12月2900,0.0,0.0,0.0,0.0,31,0.2206,0.2241,10,0.2205,0.2335,0.0,0.0,0.0,0.0,212
2023-05-10 09:33:11,OP10005386,50ETF沽12月2900,0.0,0.0,0.0,0.0,11,0.2206,0.2241,10,0.2205,0.2335,0.0,0.0,0.0,0.0,212
2023-05-10 09:33:11,OP10005386,50ETF沽12月2900,0.0,0.0,0.0,0.0,10,0.2206,0.2241,10,0.2205,0.2335,0.0,0.0,0.0,0.0,212
2023-05-10 09:33:11,OP10005386,50ETF沽12月2900,0.0,0.0,0.0,0.0,10,0.2206,0.2241,10,0.2205,0.2335,0.0,0.0,0.0,0.0,212
2023-05-10 09:33:11,OP10005386,50ETF沽12月2900,0.0,0.0,0.0,0.0,10,0.2202,0.224,10,0.2205,0.2335,0.0,0.0,0.0,0.0,212
2023-05-10 09:33:11,OP10005386,50ETF沽12月2900,0.0,0.0,0.0,0.0,1,0.2202,0.2239,10,0.2205,0.2335,0.0,0.0,0.0,0.0,212
2023-05-10 09:33:11,OP10005386,50ETF沽12月2900,0.0,0.0,0.0,0.0,61,0.2201,0.2239,30,0.2205,0.2335,0.0,0.0,0.0,0.0,212
2023-05-10 09:33:14,OP10005386,50ETF沽12月2900,0.0,0.0,0.0,0.0,60,0.2201,0.2239,30,0.2205,0.2335,0.0,0.0,0.0,0.0,212
2023-05-10 09:33:14,OP10005386,50ETF沽12月2900,0.0,0.0,0.0,0.0,10,0.2201,0.2234,30,0.2205,0.2335,0.0,0.0,0.0,0.0,212
2023-05-10 09:33:14,OP10005386,50ETF沽12月2900,0.0,0.0,0.0,0.0,10,0.22,0.2233,10,0.2205,0.2335,0.0,0.0,0.0,0.0,212
2023-05-10 09:33:14,OP10005386,50ETF沽12月2900,0.0,0.0,0.0,0.0,10,0.22,0.2233,30,0.2205,0.2335,0.0,0.0,0.0,0.0,212
2023-05-10 09:33:14,OP10005386,50ETF沽12月2900,0.0,0.0,0.0,0.0,10,0.22,0.2233,30,0.2205,0.2335,0.0,0.0,0.0,0.0,212
2023-05-10 09:33:17,OP10005386,50ETF沽12月2900,0.0,0.0,0.0,0.0,11,0.2197,0.2232,10,0.2205,0.2335,0.0,0.0,0.0,0.0,212
2023-05-10 09:33:17,OP10005386,50ETF沽12月2900,0.0,0.0,0.0,0.0,1,0.2197,0.2231,10,0.2205,0.2335,0.0,0.0,0.0,0.0,212
2023-05-10 09:33:17,OP10005386,50ETF沽12月2900,0.0,0.0,0.0,0.0,1,0.2195,0.2231,10,0.2205,0.2335,0.0,0.0,0.0,0.0,212
2023-05-10 09:33:17,OP10005386,50ETF沽12月2900,0.0,0.0,0.0,0.0,1,0.2193,0.2231,10,0.2205,0.2335,0.0,0.0,0.0,0.0,212
2023-05-10 09:33:17,OP10005386,50ETF沽12月2900,0.0,0.0,0.0,0.0,11,0.2191,0.2223,30,0.2205,0.2335,0.0,0.0,0.0,0.0,212
2023-05-10 09:33:17,OP10005386,50ETF沽12月2900,0.0,0.0,0.0,0.0,1,0.2188,0.2222,10,0.2205,0.2335,0.0,0.0,0.0,0.0,212
2023-05-10 09:33:20,OP10005386,50ETF沽12月2900,0.0,0.0,0.0,0.0,1,0.2188,0.2222,10,0.2205,0.2335,0.0,0.0,0.0,0.0,212
2023-05-10 09:33:20,OP10005386,50ETF沽12月2900,0.0,0.0,0.0,0.0,1,0.2188,0.2222,10,0.2205,0.2335,0.0,0.0,0.0,0.0,212
2023-05-10 09:33:20,OP10005386,50ETF沽12月2900,0.0,0.0,0.0,0.0,1,0.2188,0.2222,10,0.2205,0.2335,0.0,0.0,0.0,0.0,212
2023-05-10 09:33:20,OP10005386,50ETF沽12月2900,0.0,0.0,0.0,0.0,1,0.2188,0.2222,10,0.2205,0.2335,0.0,0.0,0.0,0.0,212
2023-05-10 09:33:20,OP10005386,50ETF沽12月2900,0.0,0.0,0.0,0.0,1,0.2187,0.2223,50,0.2205,0.2335,0.0,0.0,0.0,0.0,212
2023-05-10 09:33:20,OP10005386,50ETF沽12月2900,0.0,0.0,0.0,0.0,1,0.2187,0.2223,50,0.2205,0.2335,0.0,0.0,0.0,0.0,212
2023-05-10 09:33:23,OP10005386,50ETF沽12月2900,0.0,0.0,0.0,0.0,1,0.2187,0.2223,50,0.2205,0.2335,0.0,0.0,0.0,0.0,212
2023-05-10 09:33:23,OP10005386,50ETF沽12月2900,0.0,0.0,0.0,0.0,1,0.2187,0.2222,10,0.2205,0.2335,0.0,0.0,0.0,0.0,212
2023-05-10 09:33:23,OP10005386,50ETF沽12月2900,0.0,0.0,0.0,0.0,1,0.2187,0.2222,10,0.2205,0.2335,0.0,0.0,0.0,0.0,212
2023-05-10 09:33:23,OP10005386,50ETF沽12月2900,0.0,0.0,0.0,0.0,1,0.2187,0.2222,10,0.2205,0.2335,0.0,0.0,0.0,0.0,212
2023-05-10 09:33:23,OP10005386,50ETF沽12月2900,0.0,0.0,0.0,0.0,1,0.2187,0.2222,10,0.2205,0.2335,0.0,0.0,0.0,0.0,212
2023-05-10 09:33:23,OP10005386,50ETF沽12月2900,0.0,0.0,0.0,0.0,1,0.2187,0.2222,10,0.2205,0.2335,0.0,0.0,0.0,0.0,212
2023-05-10 09:33:26,OP10005386,50ETF沽12月2900,0.0,0.0,0.0,0.0,1,0.2187,0.2222,10,0.2205,0.2335,0.0,0.0,0.0,0.0,212
2023-05-10 09:33:26,OP10005386,50ETF沽12月2900,0.0,0.0,0.0,0.0,1,0.2187,0.2222,10,0.2205,0.2335,0.0,0.0,0.0,0.0,212
2023-05-10 09:33:26,OP10005386,50ETF沽12月2900,0.0,0.0,0.0,0.0,1,0.2187,0.2222,10,0.2205,0.2335,0.0,0.0,0.0,0.0,212
2023-05-10 09:33:26,OP10005386,50ETF沽12月2900,0.0,0.0,0.0,0.0,1,0.2187,0.2222,10,0.2205,0.2335,0.0,0.0,0.0,0.0,212
2023-05-10 09:33:26,OP10005386,50ETF沽12月2900,0.0,0.0,0.0,0.0,20,0.2184,0.2222,10,0.2205,0.2335,0.0,0.0,0.0,0.0,212
2023-05-10 09:33:26,OP10005386,50ETF沽12月2900,0.0,0.0,0.0,0.0,10,0.2184,0.2222,10,0.2205,0.2335,0.0,0.0,0.0,0.0,212
2023-05-10 09:33:29,OP10005386,50ETF沽12月2900,0.0,0.0,0.0,0.0,10,0.2184,0.2222,10,0.2205,0.2335,0.0,0.0,0.0,0.0,212
2023-05-10 09:33:29,OP10005386,50ETF沽12月2900,0.0,0.0,0.0,0.0,30,0.2184,0.2222,10,0.2205,0.2335,0.0,0.0,0.0,0.0,212
2023-05-10 09:33:29,OP10005386,50ETF沽12月2900,0.0,0.0,0.0,0.0,31,0.2184,0.2222,10,0.2205,0.2335,0.0,0.0,0.0,0.0,212
2023-05-10 09:33:32,OP10005386,50ETF沽12月2900,0.0,0.0,0.0,0.0,11,0.2184,0.2222,10,0.2205,0.2335,0.0,0.0,0.0,0.0,212
2023-05-10 09:33:32,OP10005386,50ETF沽12月2900,0.0,0.0,0.0,0.0,30,0.2184,0.2222,10,0.2205,0.2335,0.0,0.0,0.0,0.0,212
2023-05-10 09:33:32,OP10005386,50ETF沽12月2900,0.0,0.0,0.0,0.0,30,0.2184,0.2222,10,0.2205,0.2335,0.0,0.0,0.0,0.0,212
2023-05-10 09:33:35,OP10005386,50ETF沽12月2900,0.0,0.0,0.0,0.0,31,0.2184,0.2222,10,0.2205,0.2335,0.0,0.0,0.0,0.0,212
2023-05-10 09:33:38,OP10005386,50ETF沽12月2900,0.0,0.0,0.0,0.0,10,0.2187,0.2223,50,0.2205,0.2335,0.0,0.0,0.0,0.0,212
2023-05-10 09:33:41,OP10005386,50ETF沽12月2900,0.0,0.0,0.0,0.0,10,0.2191,0.2222,10,0.2205,0.2335,0.0,0.0,0.0,0.0,212
2023-05-10 09:33:41,OP10005386,50ETF沽12月2900,0.0,0.0,0.0,0.0,30,0.2191,0.2223,50,0.2205,0.2335,0.0,0.0,0.0,0.0,212
2023-05-10 09:33:41,OP10005386,50ETF沽12月2900,0.0,0.0,0.0,0.0,30,0.2191,0.2223,50,0.2205,0.2335,0.0,0.0,0.0,0.0,212
2023-05-10 09:33:41,OP10005386,50ETF沽12月2900,0.0,0.0,0.0,0.0,30,0.2191,0.2223,60,0.2205,0.2335,0.0,0.0,0.0,0.0,212
2023-05-10 09:33:41,OP10005386,50ETF沽12月2900,0.0,0.0,0.0,0.0,30,0.2191,0.2222,10,0.2205,0.2335,0.0,0.0,0.0,0.0,212
2023-05-10 09:33:44,OP10005386,50ETF沽12月2900,0.0,0.0,0.0,0.0,31,0.2191,0.2222,10,0.2205,0.2335,0.0,0.0,0.0,0.0,212
2023-05-10 09:33:44,OP10005386,50ETF沽12月2900,0.0,0.0,0.0,0.0,30,0.2191,0.2222,10,0.2205,0.2335,0.0,0.0,0.0,0.0,212
2023-05-10 09:33:44,OP10005386,50ETF沽12月2900,0.0,0.0,0.0,0.0,30,0.2191,0.2222,10,0.2205,0.2335,0.0,0.0,0.0,0.0,212
2023-05-10 09:33:47,OP10005386,50ETF沽12月2900,0.0,0.0,0.0,0.0,30,0.2191,0.2222,10,0.2205,0.2335,0.0,0.0,0.0,0.0,212
2023-05-10 09:33:50,OP10005386,50ETF沽12月2900,0.0,0.0,0.0,0.0,30,0.2191,0.2222,10,0.2205,0.2335,0.0,0.0,0.0,0.0,212
2023-05-10 09:33:50,OP10005386,50ETF沽12月2900,0.0,0.0,0.0,0.0,31,0.2191,0.2222,10,0.2205,0.2335,0.0,0.0,0.0,0.0,212
2023-05-10 09:33:53,OP10005386,50ETF沽12月2900,0.0,0.0,0.0,0.0,30,0.2191,0.2222,10,0.2205,0.2335,0.0,0.0,0.0,0.0,212
2023-05-10 09:33:53,OP10005386,50ETF沽12月2900,0.0,0.0,0.0,0.0,30,0.2191,0.2222,10,0.2205,0.2335,0.0,0.0,0.0,0.0,212
2023-05-10 09:33:53,OP10005386,50ETF沽12月2900,0.0,0.0,0.0,0.0,30,0.2191,0.2222,10,0.2205,0.2335,0.0,0.0,0.0,0.0,212
2023-05-10 09:33:53,OP10005386,50ETF沽12月2900,0.0,0.0,0.0,0.0,30,0.2191,0.2223,50,0.2205,0.2335,0.0,0.0,0.0,0.0,212
2023-05-10 09:33:56,OP10005386,50ETF沽12月2900,0.0,0.0,0.0,0.0,30,0.2191,0.2223,50,0.2205,0.2335,0.0,0.0,0.0,0.0,212
2023-05-10 09:33:56,OP10005386,50ETF沽12月2900,0.0,0.0,0.0,0.0,30,0.2191,0.2223,60,0.2205,0.2335,0.0,0.0,0.0,0.0,212
2023-05-10 09:33:56,OP10005386,50ETF沽12月2900,0.0,0.0,0.0,0.0,30,0.2191,0.2222,10,0.2205,0.2335,0.0,0.0,0.0,0.0,212
2023-05-10 09:33:56,OP10005386,50ETF沽12月2900,0.0,0.0,0.0,0.0,31,0.2191,0.2222,10,0.2205,0.2335,0.0,0.0,0.0,0.0,212
2023-05-10 09:33:56,OP10005386,50ETF沽12月2900,0.0,0.0,0.0,0.0,31,0.2191,0.2222,10,0.2205,0.2335,0.0,0.0,0.0,0.0,212
2023-05-10 09:33:56,OP10005386,50ETF沽12月2900,0.0,0.0,0.0,0.0,30,0.2191,0.2222,10,0.2205,0.2335,0.0,0.0,0.0,0.0,212
2023-05-10 09:33:59,OP10005386,50ETF沽12月2900,0.0,0.0,0.0,0.0,30,0.2191,0.2223,20,0.2205,0.2335,0.0,0.0,0.0,0.0,212
2023-05-10 09:33:59,OP10005386,50ETF沽12月2900,0.0,0.0,0.0,0.0,10,0.2194,0.2222,10,0.2205,0.2335,0.0,0.0,0.0,0.0,212
2023-05-10 09:33:59,OP10005386,50ETF沽12月2900,0.0,0.0,0.0,0.0,20,0.2194,0.2223,20,0.2205,0.2335,0.0,0.0,0.0,0.0,212
2023-05-10 09:33:59,OP10005386,50ETF沽12月2900,0.0,0.0,0.0,0.0,30,0.2191,0.2223,20,0.2205,0.2335,0.0,0.0,0.0,0.0,212
2023-05-10 09:33:59,OP10005386,50ETF沽12月2900,0.0,0.0,0.0,0.0,30,0.2191,0.2223,10,0.2205,0.2335,0.0,0.0,0.0,0.0,212
2023-05-10 09:33:59,OP10005386,50ETF沽12月2900,0.0,0.0,0.0,0.0,30,0.2191,0.2223,20,0.2205,0.2335,0.0,0.0,0.0,0.0,212
2023-05-10 09:34:02,OP10005386,50ETF沽12月2900,0.0,0.0,0.0,0.0,30,0.2191,0.2223,10,0.2205,0.2335,0.0,0.0,0.0,0.0,212
2023-05-10 09:34:02,OP10005386,50ETF沽12月2900,0.0,0.0,0.0,0.0,30,0.2191,0.2223,20,0.2205,0.2335,0.0,0.0,0.0,0.0,212
2023-05-10 09:34:02,OP10005386,50ETF沽12月2900,0.0,0.0,0.0,0.0,30,0.2191,0.223,60,0.2205,0.2335,0.0,0.0,0.0,0.0,212
2023-05-10 09:34:02,OP10005386,50ETF沽12月2900,0.0,0.0,0.0,0.0,30,0.2191,0.2229,10,0.2205,0.2335,0.0,0.0,0.0,0.0,212
2023-05-10 09:34:02,OP10005386,50ETF沽12月2900,0.0,0.0,0.0,0.0,31,0.2191,0.2229,10,0.2205,0.2335,0.0,0.0,0.0,0.0,212
2023-05-10 09:34:02,OP10005386,50ETF沽12月2900,0.0,0.0,0.0,0.0,10,0.2198,0.2229,10,0.2205,0.2335,0.0,0.0,0.0,0.0,212
2023-05-10 09:34:05,OP10005386,50ETF沽12月2900,0.0,0.0,0.0,0.0,30,0.2198,0.2229,10,0.2205,0.2335,0.0,0.0,0.0,0.0,212
2023-05-10 09:34:05,OP10005386,50ETF沽12月2900,0.0,0.0,0.0,0.0,20,0.2198,0.2229,10,0.2205,0.2335,0.0,0.0,0.0,0.0,212
2023-05-10 09:34:08,OP10005386,50ETF沽12月2900,0.0,0.0,0.0,0.0,30,0.2195,0.2229,10,0.2205,0.2335,0.0,0.0,0.0,0.0,212
2023-05-10 09:34:08,OP10005386,50ETF沽12月2900,0.0,0.0,0.0,0.0,31,0.2195,0.2229,10,0.2205,0.2335,0.0,0.0,0.0,0.0,212
2023-05-10 09:34:08,OP10005386,50ETF沽12月2900,0.0,0.0,0.0,0.0,31,0.2195,0.223,60,0.2205,0.2335,0.0,0.0,0.0,0.0,212
2023-05-10 09:34:08,OP10005386,50ETF沽12月2900,0.0,0.0,0.0,0.0,31,0.2195,0.2229,10,0.2205,0.2335,0.0,0.0,0.0,0.0,212
2023-05-10 09:34:08,OP10005386,50ETF沽12月2900,0.0,0.0,0.0,0.0,31,0.2195,0.2229,10,0.2205,0.2335,0.0,0.0,0.0,0.0,212
2023-05-10 09:34:08,OP10005386,50ETF沽12月2900,0.0,0.0,0.0,0.0,30,0.2195,0.2229,10,0.2205,0.2335,0.0,0.0,0.0,0.0,212
2023-05-10 09:34:14,OP10005386,50ETF沽12月2900,0.0,0.0,0.0,0.0,10,0.2201,0.223,60,0.2205,0.2335,0.0,0.0,0.0,0.0,212
2023-05-10 09:34:14,OP10005386,50ETF沽12月2900,0.0,0.0,0.0,0.0,30,0.2201,0.223,30,0.2205,0.2335,0.0,0.0,0.0,0.0,212
2023-05-10 09:34:14,OP10005386,50ETF沽12月2900,0.0,0.0,0.0,0.0,30,0.2201,0.2231,10,0.2205,0.2335,0.0,0.0,0.0,0.0,212
2023-05-10 09:34:14,OP10005386,50ETF沽12月2900,0.0,0.0,0.0,0.0,30,0.2201,0.2231,10,0.2205,0.2335,0.0,0.0,0.0,0.0,212
2023-05-10 09:34:14,OP10005386,50ETF沽12月2900,0.0,0.0,0.0,0.0,31,0.2201,0.2231,10,0.2205,0.2335,0.0,0.0,0.0,0.0,212
2023-05-10 09:34:17,OP10005386,50ETF沽12月2900,0.0,0.0,0.0,0.0,31,0.2201,0.2232,10,0.2205,0.2335,0.0,0.0,0.0,0.0,212
2023-05-10 09:34:17,OP10005386,50ETF沽12月2900,0.0,0.0,0.0,0.0,31,0.2201,0.2232,10,0.2205,0.2335,0.0,0.0,0.0,0.0,212
2023-05-10 09:34:17,OP10005386,50ETF沽12月2900,0.0,0.0,0.0,0.0,30,0.2203,0.2232,10,0.2205,0.2335,0.0,0.0,0.0,0.0,212
2023-05-10 09:34:17,OP10005386,50ETF沽12月2900,0.0,0.0,0.0,0.0,30,0.2203,0.2234,20,0.2205,0.2335,0.0,0.0,0.0,0.0,212
2023-05-10 09:34:17,OP10005386,50ETF沽12月2900,0.0,0.0,0.0,0.0,30,0.2203,0.2234,30,0.2205,0.2335,0.0,0.0,0.0,0.0,212
2023-05-10 09:34:20,OP10005386,50ETF沽12月2900,0.0,0.0,0.0,0.0,30,0.2203,0.2233,10,0.2205,0.2335,0.0,0.0,0.0,0.0,212
2023-05-10 09:34:20,OP10005386,50ETF沽12月2900,0.0,0.0,0.0,0.0,30,0.2203,0.2236,30,0.2205,0.2335,0.0,0.0,0.0,0.0,212
2023-05-10 09:34:20,OP10005386,50ETF沽12月2900,0.0,0.0,0.0,0.0,30,0.2203,0.2235,10,0.2205,0.2335,0.0,0.0,0.0,0.0,212
2023-05-10 09:34:20,OP10005386,50ETF沽12月2900,0.0,0.0,0.0,0.0,31,0.2203,0.2235,10,0.2205,0.2335,0.0,0.0,0.0,0.0,212
2023-05-10 09:34:20,OP10005386,50ETF沽12月2900,0.0,0.0,0.0,0.0,31,0.2203,0.2236,30,0.2205,0.2335,0.0,0.0,0.0,0.0,212
2023-05-10 09:34:23,OP10005386,50ETF沽12月2900,0.0,0.0,0.0,0.0,31,0.2203,0.2236,30,0.2205,0.2335,0.0,0.0,0.0,0.0,212
2023-05-10 09:34:23,OP10005386,50ETF沽12月2900,0.0,0.0,0.0,0.0,10,0.2208,0.2236,30,0.2205,0.2335,0.0,0.0,0.0,0.0,212
2023-05-10 09:34:23,OP10005386,50ETF沽12月2900,0.0,0.0,0.0,0.0,30,0.2208,0.2236,30,0.2205,0.2335,0.0,0.0,0.0,0.0,212
2023-05-10 09:34:23,OP10005386,50ETF沽12月2900,0.0,0.0,0.0,0.0,30,0.2208,0.2236,30,0.2205,0.2335,0.0,0.0,0.0,0.0,212
2023-05-10 09:34:23,OP10005386,50ETF沽12月2900,0.0,0.0,0.0,0.0,30,0.2208,0.2236,30,0.2205,0.2335,0.0,0.0,0.0,0.0,212
2023-05-10 09:34:26,OP10005386,50ETF沽12月2900,0.0,0.0,0.0,0.0,30,0.2208,0.2236,40,0.2205,0.2335,0.0,0.0,0.0,0.0,212
2023-05-10 09:34:26,OP10005386,50ETF沽12月2900,0.0,0.0,0.0,0.0,30,0.2208,0.2236,10,0.2205,0.2335,0.0,0.0,0.0,0.0,212
2023-05-10 09:34:26,OP10005386,50ETF沽12月2900,0.0,0.0,0.0,0.0,30,0.221,0.2242,30,0.2205,0.2335,0.0,0.0,0.0,0.0,212
2023-05-10 09:34:26,OP10005386,50ETF沽12月2900,0.0,0.0,0.0,0.0,30,0.221,0.2242,30,0.2205,0.2335,0.0,0.0,0.0,0.0,212
2023-05-10 09:34:26,OP10005386,50ETF沽12月2900,0.0,0.0,0.0,0.0,30,0.221,0.2242,30,0.2205,0.2335,0.0,0.0,0.0,0.0,212
2023-05-10 09:34:29,OP10005386,50ETF沽12月2900,0.0,0.0,0.0,0.0,30,0.221,0.2242,30,0.2205,0.2335,0.0,0.0,0.0,0.0,212
2023-05-10 09:34:29,OP10005386,50ETF沽12月2900,0.0,0.0,0.0,0.0,30,0.221,0.2242,30,0.2205,0.2335,0.0,0.0,0.0,0.0,212
2023-05-10 09:34:29,OP10005386,50ETF沽12月2900,0.0,0.0,0.0,0.0,31,0.221,0.2242,30,0.2205,0.2335,0.0,0.0,0.0,0.0,212
2023-05-10 09:34:29,OP10005386,50ETF沽12月2900,0.0,0.0,0.0,0.0,31,0.221,0.2242,30,0.2205,0.2335,0.0,0.0,0.0,0.0,212
2023-05-10 09:34:32,OP10005386,50ETF沽12月2900,0.0,0.0,0.0,0.0,30,0.221,0.2242,40,0.2205,0.2335,0.0,0.0,0.0,0.0,212
2023-05-10 09:34:32,OP10005386,50ETF沽12月2900,0.0,0.0,0.0,0.0,10,0.2215,0.2242,40,0.2205,0.2335,0.0,0.0,0.0,0.0,212
2023-05-10 09:34:32,OP10005386,50ETF沽12月2900,0.0,0.0,0.0,0.0,30,0.2215,0.2242,40,0.2205,0.2335,0.0,0.0,0.0,0.0,212
2023-05-10 09:34:32,OP10005386,50ETF沽12月2900,0.0,0.0,0.0,0.0,30,0.2215,0.2242,30,0.2205,0.2335,0.0,0.0,0.0,0.0,212
2023-05-10 09:34:35,OP10005386,50ETF沽12月2900,0.0,0.0,0.0,0.0,31,0.2215,0.2242,40,0.2205,0.2335,0.0,0.0,0.0,0.0,212
2023-05-10 09:34:35,OP10005386,50ETF沽12月2900,0.0,0.0,0.0,0.0,31,0.2215,0.2242,30,0.2205,0.2335,0.0,0.0,0.0,0.0,212
2023-05-10 09:34:35,OP10005386,50ETF沽12月2900,0.0,0.0,0.0,0.0,31,0.2215,0.2242,30,0.2205,0.2335,0.0,0.0,0.0,0.0,212
2023-05-10 09:34:35,OP10005386,50ETF沽12月2900,0.0,0.0,0.0,0.0,30,0.2215,0.2241,10,0.2205,0.2335,0.0,0.0,0.0,0.0,212
2023-05-10 09:34:35,OP10005386,50ETF沽12月2900,0.0,0.0,0.0,0.0,30,0.2215,0.2241,30,0.2205,0.2335,0.0,0.0,0.0,0.0,212
2023-05-10 09:34:38,OP10005386,50ETF沽12月2900,0.0,0.0,0.0,0.0,30,0.2215,0.2241,20,0.2205,0.2335,0.0,0.0,0.0,0.0,212
2023-05-10 09:34:38,OP10005386,50ETF沽12月2900,0.0,0.0,0.0,0.0,30,0.2215,0.2241,20,0.2205,0.2335,0.0,0.0,0.0,0.0,212
2023-05-10 09:34:38,OP10005386,50ETF沽12月2900,0.0,0.0,0.0,0.0,30,0.221,0.2241,20,0.2205,0.2335,0.0,0.0,0.0,0.0,212
2023-05-10 09:34:41,OP10005386,50ETF沽12月2900,0.0,0.0,0.0,0.0,31,0.221,0.224,10,0.2205,0.2335,0.0,0.0,0.0,0.0,212
2023-05-10 09:34:41,OP10005386,50ETF沽12月2900,0.0,0.0,0.0,0.0,31,0.221,0.2241,20,0.2205,0.2335,0.0,0.0,0.0,0.0,212
2023-05-10 09:34:41,OP10005386,50ETF沽12月2900,0.0,0.0,0.0,0.0,31,0.221,0.2241,20,0.2205,0.2335,0.0,0.0,0.0,0.0,212
2023-05-10 09:34:41,OP10005386,50ETF沽12月2900,0.0,0.0,0.0,0.0,31,0.221,0.224,10,0.2205,0.2335,0.0,0.0,0.0,0.0,212
2023-05-10 09:34:44,OP10005386,50ETF沽12月2900,0.0,0.0,0.0,0.0,31,0.221,0.2242,40,0.2205,0.2335,0.0,0.0,0.0,0.0,212
2023-05-10 09:34:44,OP10005386,50ETF沽12月2900,0.0,0.0,0.0,0.0,10,0.2213,0.2242,30,0.2205,0.2335,0.0,0.0,0.0,0.0,212
2023-05-10 09:34:44,OP10005386,50ETF沽12月2900,0.0,0.0,0.0,0.0,30,0.2213,0.2242,30,0.2205,0.2335,0.0,0.0,0.0,0.0,212
2023-05-10 09:34:44,OP10005386,50ETF沽12月2900,0.0,0.0,0.0,0.0,30,0.2213,0.2241,10,0.2205,0.2335,0.0,0.0,0.0,0.0,212
2023-05-10 09:34:44,OP10005386,50ETF沽12月2900,0.0,0.0,0.0,0.0,30,0.2213,0.2242,30,0.2205,0.2335,0.0,0.0,0.0,0.0,212
2023-05-10 09:34:44,OP10005386,50ETF沽12月2900,0.0,0.0,0.0,0.0,31,0.2213,0.2242,30,0.2205,0.2335,0.0,0.0,0.0,0.0,212
2023-05-10 09:34:47,OP10005386,50ETF沽12月2900,0.0,0.0,0.0,0.0,31,0.2213,0.2242,40,0.2205,0.2335,0.0,0.0,0.0,0.0,212
2023-05-10 09:34:47,OP10005386,50ETF沽12月2900,0.0,0.0,0.0,0.0,31,0.2213,0.2241,10,0.2205,0.2335,0.0,0.0,0.0,0.0,212
2023-05-10 09:34:50,OP10005386,50ETF沽12月2900,0.0,0.0,0.0,0.0,31,0.2213,0.2241,30,0.2205,0.2335,0.0,0.0,0.0,0.0,212
2023-05-10 09:34:50,OP10005386,50ETF沽12月2900,0.0,0.0,0.0,0.0,30,0.2213,0.2236,30,0.2205,0.2335,0.0,0.0,0.0,0.0,212
2023-05-10 09:34:50,OP10005386,50ETF沽12月2900,0.0,0.0,0.0,0.0,20,0.2213,0.2236,30,0.2205,0.2335,0.0,0.0,0.0,0.0,212
2023-05-10 09:34:50,OP10005386,50ETF沽12月2900,0.0,0.0,0.0,0.0,1,0.221,0.2236,50,0.2205,0.2335,0.0,0.0,0.0,0.0,212
2023-05-10 09:34:50,OP10005386,50ETF沽12月2900,0.0,0.0,0.0,0.0,1,0.221,0.2236,50,0.2205,0.2335,0.0,0.0,0.0,0.0,212
2023-05-10 09:34:50,OP10005386,50ETF沽12月2900,0.0,0.0,0.0,0.0,1,0.221,0.2236,50,0.2205,0.2335,0.0,0.0,0.0,0.0,212
2023-05-10 09:34:53,OP10005386,50ETF沽12月2900,0.0,0.0,0.0,0.0,1,0.221,0.2235,10,0.2205,0.2335,0.0,0.0,0.0,0.0,212
2023-05-10 09:34:53,OP10005386,50ETF沽12月2900,0.0,0.0,0.0,0.0,1,0.221,0.2236,50,0.2205,0.2335,0.0,0.0,0.0,0.0,212
2023-05-10 09:34:53,OP10005386,50ETF沽12月2900,0.0,0.0,0.0,0.0,1,0.221,0.2236,50,0.2205,0.2335,0.0,0.0,0.0,0.0,212
2023-05-10 09:34:53,OP10005386,50ETF沽12月2900,0.0,0.0,0.0,0.0,1,0.221,0.2236,50,0.2205,0.2335,0.0,0.0,0.0,0.0,212
2023-05-10 09:34:53,OP10005386,50ETF沽12月2900,0.0,0.0,0.0,0.0,20,0.2208,0.2236,50,0.2205,0.2335,0.0,0.0,0.0,0.0,212
2023-05-10 09:34:53,OP10005386,50ETF沽12月2900,0.0,0.0,0.0,0.0,1,0.2209,0.2236,50,0.2205,0.2335,0.0,0.0,0.0,0.0,212
2023-05-10 09:34:56,OP10005386,50ETF沽12月2900,0.0,0.0,0.0,0.0,20,0.2208,0.2236,50,0.2205,0.2335,0.0,0.0,0.0,0.0,212
2023-05-10 09:34:56,OP10005386,50ETF沽12月2900,0.0,0.0,0.0,0.0,20,0.2208,0.2236,60,0.2205,0.2335,0.0,0.0,0.0,0.0,212
2023-05-10 09:34:56,OP10005386,50ETF沽12月2900,0.0,0.0,0.0,0.0,21,0.2208,0.2236,60,0.2205,0.2335,0.0,0.0,0.0,0.0,212
2023-05-10 09:34:59,OP10005386,50ETF沽12月2900,0.0,0.0,0.0,0.0,21,0.2208,0.2236,50,0.2205,0.2335,0.0,0.0,0.0,0.0,212
2023-05-10 09:34:59,OP10005386,50ETF沽12月2900,0.0,0.0,0.0,0.0,21,0.2208,0.2236,30,0.2205,0.2335,0.0,0.0,0.0,0.0,212
2023-05-10 09:34:59,OP10005386,50ETF沽12月2900,0.0,0.0,0.0,0.0,10,0.2211,0.2241,20,0.2205,0.2335,0.0,0.0,0.0,0.0,212
2023-05-10 09:34:59,OP10005386,50ETF沽12月2900,0.0,0.0,0.0,0.0,61,0.2211,0.2242,30,0.2205,0.2335,0.0,0.0,0.0,0.0,212
2023-05-10 09:35:02,OP10005386,50ETF沽12月2900,0.0,0.0,0.0,0.0,10,0.2218,0.2243,10,0.2205,0.2335,0.0,0.0,0.0,0.0,212
2023-05-10 09:35:02,OP10005386,50ETF沽12月2900,0.0,0.0,0.0,0.0,30,0.2218,0.2248,30,0.2205,0.2335,0.0,0.0,0.0,0.0,212
2023-05-10 09:35:02,OP10005386,50ETF沽12月2900,0.0,0.0,0.0,0.0,30,0.2218,0.2247,10,0.2205,0.2335,0.0,0.0,0.0,0.0,212
2023-05-10 09:35:02,OP10005386,50ETF沽12月2900,0.0,0.0,0.0,0.0,30,0.2218,0.2248,30,0.2205,0.2335,0.0,0.0,0.0,0.0,212
2023-05-10 09:35:02,OP10005386,50ETF沽12月2900,0.0,0.0,0.0,0.0,31,0.2218,0.2248,40,0.2205,0.2335,0.0,0.0,0.0,0.0,212
2023-05-10 09:35:05,OP10005386,50ETF沽12月2900,0.0,0.0,0.0,0.0,30,0.2223,0.2247,10,0.2205,0.2335,0.0,0.0,0.0,0.0,212
2023-05-10 09:35:05,OP10005386,50ETF沽12月2900,0.0,0.0,0.0,0.0,50,0.2223,0.2249,10,0.2205,0.2335,0.0,0.0,0.0,0.0,212
2023-05-10 09:35:05,OP10005386,50ETF沽12月2900,0.0,0.0,0.0,0.0,50,0.2223,0.2253,30,0.2205,0.2335,0.0,0.0,0.0,0.0,212
2023-05-10 09:35:05,OP10005386,50ETF沽12月2900,0.0,0.0,0.0,0.0,50,0.2223,0.2253,30,0.2205,0.2335,0.0,0.0,0.0,0.0,212
2023-05-10 09:35:05,OP10005386,50ETF沽12月2900,0.0,0.0,0.0,0.0,50,0.2223,0.2252,10,0.2205,0.2335,0.0,0.0,0.0,0.0,212
2023-05-10 09:35:05,OP10005386,50ETF沽12月2900,0.0,0.0,0.0,0.0,50,0.2223,0.2252,10,0.2205,0.2335,0.0,0.0,0.0,0.0,212
2023-05-10 09:35:08,OP10005386,50ETF沽12月2900,0.0,0.0,0.0,0.0,51,0.2223,0.2252,10,0.2205,0.2335,0.0,0.0,0.0,0.0,212
2023-05-10 09:35:08,OP10005386,50ETF沽12月2900,0.0,0.0,0.0,0.0,20,0.2223,0.2246,30,0.2205,0.2335,0.0,0.0,0.0,0.0,212
2023-05-10 09:35:08,OP10005386,50ETF沽12月2900,0.0,0.0,0.0,0.0,20,0.2223,0.2246,30,0.2205,0.2335,0.0,0.0,0.0,0.0,212
2023-05-10 09:35:11,OP10005386,50ETF沽12月2900,0.0,0.0,0.0,0.0,20,0.2223,0.2246,50,0.2205,0.2335,0.0,0.0,0.0,0.0,212
2023-05-10 09:35:11,OP10005386,50ETF沽12月2900,0.0,0.0,0.0,0.0,20,0.2223,0.2245,10,0.2205,0.2335,0.0,0.0,0.0,0.0,212
2023-05-10 09:35:11,OP10005386,50ETF沽12月2900,0.0,0.0,0.0,0.0,20,0.2223,0.2245,10,0.2205,0.2335,0.0,0.0,0.0,0.0,212
2023-05-10 09:35:11,OP10005386,50ETF沽12月2900,0.0,0.0,0.0,0.0,20,0.2223,0.2245,10,0.2205,0.2335,0.0,0.0,0.0,0.0,212
2023-05-10 09:35:14,OP10005386,50ETF沽12月2900,0.0,0.0,0.0,0.0,20,0.2223,0.2246,50,0.2205,0.2335,0.0,0.0,0.0,0.0,212
2023-05-10 09:35:14,OP10005386,50ETF沽12月2900,0.0,0.0,0.0,0.0,20,0.2223,0.2246,50,0.2205,0.2335,0.0,0.0,0.0,0.0,212
2023-05-10 09:35:14,OP10005386,50ETF沽12月2900,0.0,0.0,0.0,0.0,21,0.2223,0.2246,30,0.2205,0.2335,0.0,0.0,0.0,0.0,212
2023-05-10 09:35:14,OP10005386,50ETF沽12月2900,0.0,0.0,0.0,0.0,21,0.2223,0.2249,20,0.2205,0.2335,0.0,0.0,0.0,0.0,212
2023-05-10 09:35:14,OP10005386,50ETF沽12月2900,0.0,0.0,0.0,0.0,21,0.2223,0.2254,20,0.2205,0.2335,0.0,0.0,0.0,0.0,212
2023-05-10 09:35:14,OP10005386,50ETF沽12月2900,0.0,0.0,0.0,0.0,51,0.2223,0.2253,10,0.2205,0.2335,0.0,0.0,0.0,0.0,212
2023-05-10 09:35:17,OP10005386,50ETF沽12月2900,0.0,0.0,0.0,0.0,51,0.2223,0.2254,40,0.2205,0.2335,0.0,0.0,0.0,0.0,212
2023-05-10 09:35:17,OP10005386,50ETF沽12月2900,0.0,0.0,0.0,0.0,51,0.2223,0.2253,10,0.2205,0.2335,0.0,0.0,0.0,0.0,212
2023-05-10 09:35:17,OP10005386,50ETF沽12月2900,0.0,0.0,0.0,0.0,51,0.2223,0.2254,30,0.2205,0.2335,0.0,0.0,0.0,0.0,212
2023-05-10 09:35:17,OP10005386,50ETF沽12月2900,0.0,0.0,0.0,0.0,51,0.2223,0.2254,40,0.2205,0.2335,0.0,0.0,0.0,0.0,212
2023-05-10 09:35:17,OP10005386,50ETF沽12月2900,0.0,0.0,0.0,0.0,51,0.2223,0.2253,10,0.2205,0.2335,0.0,0.0,0.0,0.0,212
2023-05-10 09:35:17,OP10005386,50ETF沽12月2900,0.0,0.0,0.0,0.0,10,0.2226,0.2253,10,0.2205,0.2335,0.0,0.0,0.0,0.0,212
2023-05-10 09:35:20,OP10005386,50ETF沽12月2900,0.0,0.0,0.0,0.0,31,0.2226,0.2253,10,0.2205,0.2335,0.0,0.0,0.0,0.0,212
2023-05-10 09:35:20,OP10005386,50ETF沽12月2900,0.0,0.0,0.0,0.0,31,0.2226,0.2254,30,0.2205,0.2335,0.0,0.0,0.0,0.0,212
2023-05-10 09:35:23,OP10005386,50ETF沽12月2900,0.0,0.0,0.0,0.0,31,0.2226,0.2254,30,0.2205,0.2335,0.0,0.0,0.0,0.0,212
2023-05-10 09:35:26,OP10005386,50ETF沽12月2900,0.0,0.0,0.0,0.0,31,0.2226,0.2254,30,0.2205,0.2335,0.0,0.0,0.0,0.0,212
2023-05-10 09:35:26,OP10005386,50ETF沽12月2900,0.0,0.0,0.0,0.0,31,0.2226,0.2254,30,0.2205,0.2335,0.0,0.0,0.0,0.0,212
2023-05-10 09:35:26,OP10005386,50ETF沽12月2900,0.0,0.0,0.0,0.0,31,0.2226,0.2254,30,0.2205,0.2335,0.0,0.0,0.0,0.0,212
2023-05-10 09:35:26,OP10005386,50ETF沽12月2900,0.0,0.0,0.0,0.0,31,0.2226,0.2254,30,0.2205,0.2335,0.0,0.0,0.0,0.0,212
2023-05-10 09:35:29,OP10005386,50ETF沽12月2900,0.0,0.0,0.0,0.0,31,0.2226,0.2254,30,0.2205,0.2335,0.0,0.0,0.0,0.0,212
2023-05-10 09:35:29,OP10005386,50ETF沽12月2900,0.0,0.0,0.0,0.0,31,0.2226,0.2254,30,0.2205,0.2335,0.0,0.0,0.0,0.0,212
2023-05-10 09:35:29,OP10005386,50ETF沽12月2900,0.0,0.0,0.0,0.0,1,0.2227,0.2254,30,0.2205,0.2335,0.0,0.0,0.0,0.0,212
2023-05-10 09:35:29,OP10005386,50ETF沽12月2900,0.0,0.0,0.0,0.0,30,0.2229,0.2259,30,0.2205,0.2335,0.0,0.0,0.0,0.0,212
2023-05-10 09:35:29,OP10005386,50ETF沽12月2900,0.0,0.0,0.0,0.0,50,0.2229,0.2259,30,0.2205,0.2335,0.0,0.0,0.0,0.0,212
2023-05-10 09:35:32,OP10005386,50ETF沽12月2900,0.0,0.0,0.0,0.0,51,0.2229,0.2259,30,0.2205,0.2335,0.0,0.0,0.0,0.0,212
2023-05-10 09:35:32,OP10005386,50ETF沽12月2900,0.0,0.0,0.0,0.0,51,0.2229,0.2259,40,0.2205,0.2335,0.0,0.0,0.0,0.0,212
2023-05-10 09:35:32,OP10005386,50ETF沽12月2900,0.0,0.0,0.0,0.0,51,0.2229,0.2258,10,0.2205,0.2335,0.0,0.0,0.0,0.0,212
2023-05-10 09:35:32,OP10005386,50ETF沽12月2900,0.0,0.0,0.0,0.0,51,0.2229,0.2258,10,0.2205,0.2335,0.0,0.0,0.0,0.0,212
2023-05-10 09:35:32,OP10005386,50ETF沽12月2900,0.0,0.0,0.0,0.0,51,0.2229,0.2258,10,0.2205,0.2335,0.0,0.0,0.0,0.0,212
2023-05-10 09:35:35,OP10005386,50ETF沽12月2900,0.0,0.0,0.0,0.0,61,0.2229,0.2258,10,0.2205,0.2335,0.0,0.0,0.0,0.0,212
2023-05-10 09:35:38,OP10005386,50ETF沽12月2900,0.0,0.0,0.0,0.0,60,0.2229,0.2258,10,0.2205,0.2335,0.0,0.0,0.0,0.0,212
2023-05-10 09:35:41,OP10005386,50ETF沽12月2900,0.0,0.0,0.0,0.0,60,0.2229,0.2258,10,0.2205,0.2335,0.0,0.0,0.0,0.0,212
2023-05-10 09:35:41,OP10005386,50ETF沽12月2900,0.0,0.0,0.0,0.0,60,0.2229,0.2259,30,0.2205,0.2335,0.0,0.0,0.0,0.0,212
2023-05-10 09:35:41,OP10005386,50ETF沽12月2900,0.0,0.0,0.0,0.0,60,0.2229,0.2259,30,0.2205,0.2335,0.0,0.0,0.0,0.0,212
2023-05-10 09:35:41,OP10005386,50ETF沽12月2900,0.0,0.0,0.0,0.0,60,0.2229,0.2259,40,0.2205,0.2335,0.0,0.0,0.0,0.0,212
2023-05-10 09:35:41,OP10005386,50ETF沽12月2900,0.0,0.0,0.0,0.0,61,0.2229,0.2259,40,0.2205,0.2335,0.0,0.0,0.0,0.0,212
2023-05-10 09:35:44,OP10005386,50ETF沽12月2900,0.0,0.0,0.0,0.0,61,0.2229,0.2258,10,0.2205,0.2335,0.0,0.0,0.0,0.0,212
2023-05-10 09:35:44,OP10005386,50ETF沽12月2900,0.0,0.0,0.0,0.0,61,0.2229,0.2259,30,0.2205,0.2335,0.0,0.0,0.0,0.0,212
2023-05-10 09:35:44,OP10005386,50ETF沽12月2900,0.0,0.0,0.0,0.0,31,0.2229,0.226,10,0.2205,0.2335,0.0,0.0,0.0,0.0,212
2023-05-10 09:35:44,OP10005386,50ETF沽12月2900,0.0,0.0,0.0,0.0,21,0.2229,0.2253,30,0.2205,0.2335,0.0,0.0,0.0,0.0,212
2023-05-10 09:35:47,OP10005386,50ETF沽12月2900,0.0,0.0,0.0,0.0,21,0.2229,0.2253,30,0.2205,0.2335,0.0,0.0,0.0,0.0,212
2023-05-10 09:35:47,OP10005386,50ETF沽12月2900,0.0,0.0,0.0,0.0,21,0.2229,0.2253,30,0.2205,0.2335,0.0,0.0,0.0,0.0,212
2023-05-10 09:35:47,OP10005386,50ETF沽12月2900,0.0,0.0,0.0,0.0,21,0.2229,0.2253,30,0.2205,0.2335,0.0,0.0,0.0,0.0,212
2023-05-10 09:35:47,OP10005386,50ETF沽12月2900,0.0,0.0,0.0,0.0,21,0.2229,0.2253,30,0.2205,0.2335,0.0,0.0,0.0,0.0,212
2023-05-10 09:35:47,OP10005386,50ETF沽12月2900,0.0,0.0,0.0,0.0,20,0.2229,0.2253,30,0.2205,0.2335,0.0,0.0,0.0,0.0,212
2023-05-10 09:35:50,OP10005386,50ETF沽12月2900,0.0,0.0,0.0,0.0,1,0.2227,0.2253,30,0.2205,0.2335,0.0,0.0,0.0,0.0,212
2023-05-10 09:35:50,OP10005386,50ETF沽12月2900,0.0,0.0,0.0,0.0,1,0.2227,0.2253,30,0.2205,0.2335,0.0,0.0,0.0,0.0,212
2023-05-10 09:35:53,OP10005386,50ETF沽12月2900,0.0,0.0,0.0,0.0,1,0.2227,0.2253,30,0.2205,0.2335,0.0,0.0,0.0,0.0,212
2023-05-10 09:35:53,OP10005386,50ETF沽12月2900,0.0,0.0,0.0,0.0,1,0.2227,0.2253,30,0.2205,0.2335,0.0,0.0,0.0,0.0,212
2023-05-10 09:35:53,OP10005386,50ETF沽12月2900,0.0,0.0,0.0,0.0,1,0.2227,0.2253,30,0.2205,0.2335,0.0,0.0,0.0,0.0,212
2023-05-10 09:35:53,OP10005386,50ETF沽12月2900,0.0,0.0,0.0,0.0,1,0.2227,0.2253,30,0.2205,0.2335,0.0,0.0,0.0,0.0,212
2023-05-10 09:35:56,OP10005386,50ETF沽12月2900,0.0,0.0,0.0,0.0,1,0.2227,0.2253,30,0.2205,0.2335,0.0,0.0,0.0,0.0,212
2023-05-10 09:35:56,OP10005386,50ETF沽12月2900,0.0,0.0,0.0,0.0,1,0.2227,0.2253,30,0.2205,0.2335,0.0,0.0,0.0,0.0,212
2023-05-10 09:35:56,OP10005386,50ETF沽12月2900,0.0,0.0,0.0,0.0,1,0.2227,0.2252,10,0.2205,0.2335,0.0,0.0,0.0,0.0,212
2023-05-10 09:35:56,OP10005386,50ETF沽12月2900,0.0,0.0,0.0,0.0,1,0.2227,0.2253,30,0.2205,0.2335,0.0,0.0,0.0,0.0,212
2023-05-10 09:35:56,OP10005386,50ETF沽12月2900,0.0,0.0,0.0,0.0,1,0.2227,0.2253,30,0.2205,0.2335,0.0,0.0,0.0,0.0,212
2023-05-10 09:35:56,OP10005386,50ETF沽12月2900,0.0,0.0,0.0,0.0,1,0.2227,0.2253,30,0.2205,0.2335,0.0,0.0,0.0,0.0,212
2023-05-10 09:35:59,OP10005386,50ETF沽12月2900,0.0,0.0,0.0,0.0,1,0.2227,0.2253,30,0.2205,0.2335,0.0,0.0,0.0,0.0,212
2023-05-10 09:35:59,OP10005386,50ETF沽12月2900,0.0,0.0,0.0,0.0,1,0.2227,0.2245,30,0.2205,0.2335,0.0,0.0,0.0,0.0,212
2023-05-10 09:35:59,OP10005386,50ETF沽12月2900,0.0,0.0,0.0,0.0,1,0.2228,0.2245,30,0.2205,0.2335,0.0,0.0,0.0,0.0,212
2023-05-10 09:35:59,OP10005386,50ETF沽12月2900,0.0,0.0,0.0,0.0,1,0.2228,0.2245,30,0.2205,0.2335,0.0,0.0,0.0,0.0,212
2023-05-10 09:35:59,OP10005386,50ETF沽12月2900,0.0,0.0,0.0,0.0,1,0.2228,0.2245,30,0.2205,0.2335,0.0,0.0,0.0,0.0,212
2023-05-10 09:35:59,OP10005386,50ETF沽12月2900,0.0,0.0,0.0,0.0,21,0.2226,0.2249,10,0.2205,0.2335,0.0,0.0,0.0,0.0,212
2023-05-10 09:36:02,OP10005386,50ETF沽12月2900,0.0,0.0,0.0,0.0,20,0.2226,0.2249,10,0.2205,0.2335,0.0,0.0,0.0,0.0,212
2023-05-10 09:36:05,OP10005386,50ETF沽12月2900,0.0,0.0,0.0,0.0,20,0.2226,0.2249,10,0.2205,0.2335,0.0,0.0,0.0,0.0,212
2023-05-10 09:36:05,OP10005386,50ETF沽12月2900,0.0,0.0,0.0,0.0,21,0.2223,0.2249,10,0.2205,0.2335,0.0,0.0,0.0,0.0,212
2023-05-10 09:36:05,OP10005386,50ETF沽12月2900,0.0,0.0,0.0,0.0,21,0.2223,0.2249,10,0.2205,0.2335,0.0,0.0,0.0,0.0,212
2023-05-10 09:36:08,OP10005386,50ETF沽12月2900,0.0,0.0,0.0,0.0,20,0.2223,0.2249,10,0.2205,0.2335,0.0,0.0,0.0,0.0,212
2023-05-10 09:36:08,OP10005386,50ETF沽12月2900,0.0,0.0,0.0,0.0,1,0.2221,0.2238,30,0.2205,0.2335,0.0,0.0,0.0,0.0,212
2023-05-10 09:36:08,OP10005386,50ETF沽12月2900,0.0,0.0,0.0,0.0,1,0.2219,0.2238,30,0.2205,0.2335,0.0,0.0,0.0,0.0,212
2023-05-10 09:36:08,OP10005386,50ETF沽12月2900,0.0,0.0,0.0,0.0,21,0.2219,0.2238,30,0.2205,0.2335,0.0,0.0,0.0,0.0,212
2023-05-10 09:36:08,OP10005386,50ETF沽12月2900,0.0,0.0,0.0,0.0,20,0.2219,0.2238,30,0.2205,0.2335,0.0,0.0,0.0,0.0,212
2023-05-10 09:36:11,OP10005386,50ETF沽12月2900,0.0,0.0,0.0,0.0,20,0.2219,0.2237,10,0.2205,0.2335,0.0,0.0,0.0,0.0,212
2023-05-10 09:36:11,OP10005386,50ETF沽12月2900,0.0,0.0,0.0,0.0,20,0.2219,0.2242,10,0.2205,0.2335,0.0,0.0,0.0,0.0,212
2023-05-10 09:36:11,OP10005386,50ETF沽12月2900,0.0,0.0,0.0,0.0,20,0.2219,0.2245,30,0.2205,0.2335,0.0,0.0,0.0,0.0,212
2023-05-10 09:36:11,OP10005386,50ETF沽12月2900,0.0,0.0,0.0,0.0,20,0.2219,0.2245,50,0.2205,0.2335,0.0,0.0,0.0,0.0,212
2023-05-10 09:36:14,OP10005386,50ETF沽12月2900,0.0,0.0,0.0,0.0,20,0.2219,0.2244,10,0.2205,0.2335,0.0,0.0,0.0,0.0,212
2023-05-10 09:36:14,OP10005386,50ETF沽12月2900,0.0,0.0,0.0,0.0,21,0.2219,0.2244,10,0.2205,0.2335,0.0,0.0,0.0,0.0,212
2023-05-10 09:36:17,OP10005386,50ETF沽12月2900,0.0,0.0,0.0,0.0,20,0.2219,0.2244,10,0.2205,0.2335,0.0,0.0,0.0,0.0,212
2023-05-10 09:36:17,OP10005386,50ETF沽12月2900,0.0,0.0,0.0,0.0,20,0.2219,0.2239,30,0.2205,0.2335,0.0,0.0,0.0,0.0,212
2023-05-10 09:36:17,OP10005386,50ETF沽12月2900,0.0,0.0,0.0,0.0,20,0.2219,0.2239,30,0.2205,0.2335,0.0,0.0,0.0,0.0,212
2023-05-10 09:36:17,OP10005386,50ETF沽12月2900,0.0,0.0,0.0,0.0,20,0.2219,0.2239,30,0.2205,0.2335,0.0,0.0,0.0,0.0,212
2023-05-10 09:36:20,OP10005386,50ETF沽12月2900,0.0,0.0,0.0,0.0,1,0.2216,0.2239,30,0.2205,0.2335,0.0,0.0,0.0,0.0,212
2023-05-10 09:36:20,OP10005386,50ETF沽12月2900,0.0,0.0,0.0,0.0,21,0.2216,0.2239,40,0.2205,0.2335,0.0,0.0,0.0,0.0,212
2023-05-10 09:36:20,OP10005386,50ETF沽12月2900,0.0,0.0,0.0,0.0,21,0.2216,0.2238,10,0.2205,0.2335,0.0,0.0,0.0,0.0,212
2023-05-10 09:36:20,OP10005386,50ETF沽12月2900,0.0,0.0,0.0,0.0,20,0.2216,0.2238,10,0.2205,0.2335,0.0,0.0,0.0,0.0,212
2023-05-10 09:36:20,OP10005386,50ETF沽12月2900,0.0,0.0,0.0,0.0,21,0.2213,0.2238,10,0.2205,0.2335,0.0,0.0,0.0,0.0,212
2023-05-10 09:36:23,OP10005386,50ETF沽12月2900,0.0,0.0,0.0,0.0,21,0.2213,0.2239,30,0.2205,0.2335,0.0,0.0,0.0,0.0,212
2023-05-10 09:36:23,OP10005386,50ETF沽12月2900,0.0,0.0,0.0,0.0,21,0.2213,0.2239,30,0.2205,0.2335,0.0,0.0,0.0,0.0,212
2023-05-10 09:36:23,OP10005386,50ETF沽12月2900,0.0,0.0,0.0,0.0,10,0.2216,0.2241,10,0.2205,0.2335,0.0,0.0,0.0,0.0,212
2023-05-10 09:36:23,OP10005386,50ETF沽12月2900,0.0,0.0,0.0,0.0,30,0.2217,0.2247,10,0.2205,0.2335,0.0,0.0,0.0,0.0,212
2023-05-10 09:36:23,OP10005386,50ETF沽12月2900,0.0,0.0,0.0,0.0,40,0.2217,0.2247,10,0.2205,0.2335,0.0,0.0,0.0,0.0,212
2023-05-10 09:36:26,OP10005386,50ETF沽12月2900,0.0,0.0,0.0,0.0,41,0.2217,0.2247,10,0.2205,0.2335,0.0,0.0,0.0,0.0,212
2023-05-10 09:36:26,OP10005386,50ETF沽12月2900,0.0,0.0,0.0,0.0,41,0.2217,0.2247,10,0.2205,0.2335,0.0,0.0,0.0,0.0,212
2023-05-10 09:36:26,OP10005386,50ETF沽12月2900,0.0,0.0,0.0,0.0,41,0.2217,0.2248,30,0.2205,0.2335,0.0,0.0,0.0,0.0,212
2023-05-10 09:36:29,OP10005386,50ETF沽12月2900,0.0,0.0,0.0,0.0,41,0.2217,0.2247,10,0.2205,0.2335,0.0,0.0,0.0,0.0,212
2023-05-10 09:36:29,OP10005386,50ETF沽12月2900,0.0,0.0,0.0,0.0,10,0.2226,0.2253,20,0.2205,0.2335,0.0,0.0,0.0,0.0,212
2023-05-10 09:36:29,OP10005386,50ETF沽12月2900,0.0,0.0,0.0,0.0,30,0.2228,0.2258,30,0.2205,0.2335,0.0,0.0,0.0,0.0,212
2023-05-10 09:36:29,OP10005386,50ETF沽12月2900,0.0,0.0,0.0,0.0,50,0.2228,0.2258,30,0.2205,0.2335,0.0,0.0,0.0,0.0,212
2023-05-10 09:36:32,OP10005386,50ETF沽12月2900,0.0,0.0,0.0,0.0,50,0.2228,0.2257,10,0.2205,0.2335,0.0,0.0,0.0,0.0,212
2023-05-10 09:36:32,OP10005386,50ETF沽12月2900,0.0,0.0,0.0,0.0,50,0.2228,0.2257,30,0.2205,0.2335,0.0,0.0,0.0,0.0,212
2023-05-10 09:36:32,OP10005386,50ETF沽12月2900,0.0,0.0,0.0,0.0,50,0.2228,0.2257,30,0.2205,0.2335,0.0,0.0,0.0,0.0,212
2023-05-10 09:36:35,OP10005386,50ETF沽12月2900,0.0,0.0,0.0,0.0,51,0.2228,0.2257,30,0.2205,0.2335,0.0,0.0,0.0,0.0,212
2023-05-10 09:36:35,OP10005386,50ETF沽12月2900,0.0,0.0,0.0,0.0,21,0.2228,0.2251,30,0.2205,0.2335,0.0,0.0,0.0,0.0,212
2023-05-10 09:36:35,OP10005386,50ETF沽12月2900,0.0,0.0,0.0,0.0,20,0.2228,0.2251,50,0.2205,0.2335,0.0,0.0,0.0,0.0,212
2023-05-10 09:36:35,OP10005386,50ETF沽12月2900,0.0,0.0,0.0,0.0,20,0.2228,0.225,10,0.2205,0.2335,0.0,0.0,0.0,0.0,212
2023-05-10 09:36:38,OP10005386,50ETF沽12月2900,0.0,0.0,0.0,0.0,21,0.2225,0.225,10,0.2205,0.2335,0.0,0.0,0.0,0.0,212
2023-05-10 09:36:38,OP10005386,50ETF沽12月2900,0.0,0.0,0.0,0.0,20,0.2225,0.225,10,0.2205,0.2335,0.0,0.0,0.0,0.0,212
2023-05-10 09:36:38,OP10005386,50ETF沽12月2900,0.0,0.0,0.0,0.0,20,0.2225,0.225,10,0.2205,0.2335,0.0,0.0,0.0,0.0,212
2023-05-10 09:36:38,OP10005386,50ETF沽12月2900,0.0,0.0,0.0,0.0,1,0.2222,0.225,10,0.2205,0.2335,0.0,0.0,0.0,0.0,212
2023-05-10 09:36:41,OP10005386,50ETF沽12月2900,0.0,0.0,0.0,0.0,1,0.2222,0.225,10,0.2205,0.2335,0.0,0.0,0.0,0.0,212
2023-05-10 09:36:44,OP10005386,50ETF沽12月2900,0.0,0.0,0.0,0.0,1,0.2222,0.2251,50,0.2205,0.2335,0.0,0.0,0.0,0.0,212
2023-05-10 09:36:44,OP10005386,50ETF沽12月2900,0.0,0.0,0.0,0.0,10,0.2224,0.225,10,0.2205,0.2335,0.0,0.0,0.0,0.0,212
2023-05-10 09:36:44,OP10005386,50ETF沽12月2900,0.0,0.0,0.0,0.0,31,0.2224,0.225,10,0.2205,0.2335,0.0,0.0,0.0,0.0,212
2023-05-10 09:36:44,OP10005386,50ETF沽12月2900,0.0,0.0,0.0,0.0,31,0.2224,0.2251,50,0.2205,0.2335,0.0,0.0,0.0,0.0,212
2023-05-10 09:36:47,OP10005386,50ETF沽12月2900,0.0,0.0,0.0,0.0,31,0.2224,0.2251,50,0.2205,0.2335,0.0,0.0,0.0,0.0,212
2023-05-10 09:36:47,OP10005386,50ETF沽12月2900,0.0,0.0,0.0,0.0,31,0.2224,0.2251,60,0.2205,0.2335,0.0,0.0,0.0,0.0,212
2023-05-10 09:36:47,OP10005386,50ETF沽12月2900,0.0,0.0,0.0,0.0,30,0.2227,0.2252,10,0.2205,0.2335,0.0,0.0,0.0,0.0,212
2023-05-10 09:36:47,OP10005386,50ETF沽12月2900,0.0,0.0,0.0,0.0,51,0.2227,0.2256,10,0.2205,0.2335,0.0,0.0,0.0,0.0,212
2023-05-10 09:36:53,OP10005386,50ETF沽12月2900,0.0,0.0,0.0,0.0,51,0.2227,0.2256,10,0.2205,0.2335,0.0,0.0,0.0,0.0,212
2023-05-10 09:36:53,OP10005386,50ETF沽12月2900,0.0,0.0,0.0,0.0,10,0.2233,0.2257,20,0.2205,0.2335,0.0,0.0,0.0,0.0,212
2023-05-10 09:36:56,OP10005386,50ETF沽12月2900,0.0,0.0,0.0,0.0,30,0.2235,0.2266,30,0.2205,0.2335,0.0,0.0,0.0,0.0,212
2023-05-10 09:36:56,OP10005386,50ETF沽12月2900,0.0,0.0,0.0,0.0,50,0.2235,0.2266,50,0.2205,0.2335,0.0,0.0,0.0,0.0,212
2023-05-10 09:36:56,OP10005386,50ETF沽12月2900,0.0,0.0,0.0,0.0,60,0.2235,0.2266,60,0.2205,0.2335,0.0,0.0,0.0,0.0,212
2023-05-10 09:36:56,OP10005386,50ETF沽12月2900,0.0,0.0,0.0,0.0,60,0.2235,0.2265,10,0.2205,0.2335,0.0,0.0,0.0,0.0,212
2023-05-10 09:36:59,OP10005386,50ETF沽12月2900,0.0,0.0,0.0,0.0,61,0.2235,0.2265,10,0.2205,0.2335,0.0,0.0,0.0,0.0,212
2023-05-10 09:36:59,OP10005386,50ETF沽12月2900,0.0,0.0,0.0,0.0,10,0.224,0.2266,40,0.2205,0.2335,0.0,0.0,0.0,0.0,212
2023-05-10 09:36:59,OP10005386,50ETF沽12月2900,0.0,0.0,0.0,0.0,30,0.224,0.2265,10,0.2205,0.2335,0.0,0.0,0.0,0.0,212
2023-05-10 09:36:59,OP10005386,50ETF沽12月2900,0.0,0.0,0.0,0.0,30,0.224,0.2266,30,0.2205,0.2335,0.0,0.0,0.0,0.0,212
2023-05-10 09:37:02,OP10005386,50ETF沽12月2900,0.0,0.0,0.0,0.0,30,0.224,0.2266,30,0.2205,0.2335,0.0,0.0,0.0,0.0,212
2023-05-10 09:37:02,OP10005386,50ETF沽12月2900,0.0,0.0,0.0,0.0,30,0.224,0.2266,30,0.2205,0.2335,0.0,0.0,0.0,0.0,212
2023-05-10 09:37:02,OP10005386,50ETF沽12月2900,0.0,0.0,0.0,0.0,31,0.224,0.2266,30,0.2205,0.2335,0.0,0.0,0.0,0.0,212
2023-05-10 09:37:02,OP10005386,50ETF沽12月2900,0.0,0.0,0.0,0.0,31,0.224,0.2266,40,0.2205,0.2335,0.0,0.0,0.0,0.0,212
2023-05-10 09:37:05,OP10005386,50ETF沽12月2900,0.0,0.0,0.0,0.0,31,0.224,0.2265,10,0.2205,0.2335,0.0,0.0,0.0,0.0,212
2023-05-10 09:37:05,OP10005386,50ETF沽12月2900,0.0,0.0,0.0,0.0,31,0.224,0.2266,30,0.2205,0.2335,0.0,0.0,0.0,0.0,212
2023-05-10 09:37:08,OP10005386,50ETF沽12月2900,0.0,0.0,0.0,0.0,31,0.224,0.2266,30,0.2205,0.2335,0.0,0.0,0.0,0.0,212
2023-05-10 09:37:08,OP10005386,50ETF沽12月2900,0.0,0.0,0.0,0.0,31,0.224,0.2266,40,0.2205,0.2335,0.0,0.0,0.0,0.0,212
2023-05-10 09:37:08,OP10005386,50ETF沽12月2900,0.0,0.0,0.0,0.0,21,0.224,0.2265,10,0.2205,0.2335,0.0,0.0,0.0,0.0,212
2023-05-10 09:37:11,OP10005386,50ETF沽12月2900,0.0,0.0,0.0,0.0,21,0.224,0.2265,10,0.2205,0.2335,0.0,0.0,0.0,0.0,212
2023-05-10 09:37:11,OP10005386,50ETF沽12月2900,0.0,0.0,0.0,0.0,20,0.224,0.2265,10,0.2205,0.2335,0.0,0.0,0.0,0.0,212
2023-05-10 09:37:11,OP10005386,50ETF沽12月2900,0.0,0.0,0.0,0.0,1,0.2237,0.2265,10,0.2205,0.2335,0.0,0.0,0.0,0.0,212
2023-05-10 09:37:14,OP10005386,50ETF沽12月2900,0.0,0.0,0.0,0.0,1,0.2237,0.2266,30,0.2205,0.2335,0.0,0.0,0.0,0.0,212
2023-05-10 09:37:14,OP10005386,50ETF沽12月2900,0.0,0.0,0.0,0.0,1,0.2237,0.2266,30,0.2205,0.2335,0.0,0.0,0.0,0.0,212
2023-05-10 09:37:14,OP10005386,50ETF沽12月2900,0.0,0.0,0.0,0.0,1,0.2237,0.2266,30,0.2205,0.2335,0.0,0.0,0.0,0.0,212
2023-05-10 09:37:14,OP10005386,50ETF沽12月2900,0.0,0.0,0.0,0.0,1,0.2237,0.2265,10,0.2205,0.2335,0.0,0.0,0.0,0.0,212
2023-05-10 09:37:17,OP10005386,50ETF沽12月2900,0.0,0.0,0.0,0.0,1,0.2237,0.2266,30,0.2205,0.2335,0.0,0.0,0.0,0.0,212
2023-05-10 09:37:17,OP10005386,50ETF沽12月2900,0.0,0.0,0.0,0.0,1,0.2237,0.2266,30,0.2205,0.2335,0.0,0.0,0.0,0.0,212
2023-05-10 09:37:17,OP10005386,50ETF沽12月2900,0.0,0.0,0.0,0.0,60,0.2235,0.2266,30,0.2205,0.2335,0.0,0.0,0.0,0.0,212
2023-05-10 09:37:20,OP10005386,50ETF沽12月2900,0.0,0.0,0.0,0.0,30,0.2235,0.226,30,0.2205,0.2335,0.0,0.0,0.0,0.0,212
2023-05-10 09:37:20,OP10005386,50ETF沽12月2900,0.0,0.0,0.0,0.0,20,0.2235,0.226,50,0.2205,0.2335,0.0,0.0,0.0,0.0,212
2023-05-10 09:37:20,OP10005386,50ETF沽12月2900,0.0,0.0,0.0,0.0,20,0.2235,0.226,50,0.2205,0.2335,0.0,0.0,0.0,0.0,212
2023-05-10 09:37:20,OP10005386,50ETF沽12月2900,0.0,0.0,0.0,0.0,20,0.2235,0.226,50,0.2205,0.2335,0.0,0.0,0.0,0.0,212
2023-05-10 09:37:20,OP10005386,50ETF沽12月2900,0.0,0.0,0.0,0.0,20,0.2235,0.226,50,0.2205,0.2335,0.0,0.0,0.0,0.0,212
2023-05-10 09:37:23,OP10005386,50ETF沽12月2900,0.0,0.0,0.0,0.0,20,0.2235,0.226,50,0.2205,0.2335,0.0,0.0,0.0,0.0,212
2023-05-10 09:37:23,OP10005386,50ETF沽12月2900,0.0,0.0,0.0,0.0,20,0.2235,0.226,50,0.2205,0.2335,0.0,0.0,0.0,0.0,212
2023-05-10 09:37:23,OP10005386,50ETF沽12月2900,0.0,0.0,0.0,0.0,50,0.2235,0.226,30,0.2205,0.2335,0.0,0.0,0.0,0.0,212
2023-05-10 09:37:23,OP10005386,50ETF沽12月2900,0.0,0.0,0.0,0.0,51,0.2235,0.226,30,0.2205,0.2335,0.0,0.0,0.0,0.0,212
2023-05-10 09:37:23,OP10005386,50ETF沽12月2900,0.0,0.0,0.0,0.0,51,0.2235,0.2266,30,0.2205,0.2335,0.0,0.0,0.0,0.0,212
2023-05-10 09:37:26,OP10005386,50ETF沽12月2900,0.0,0.0,0.0,0.0,51,0.2235,0.2266,30,0.2205,0.2335,0.0,0.0,0.0,0.0,212
2023-05-10 09:37:26,OP10005386,50ETF沽12月2900,0.0,0.0,0.0,0.0,51,0.2235,0.2266,40,0.2205,0.2335,0.0,0.0,0.0,0.0,212
2023-05-10 09:37:26,OP10005386,50ETF沽12月2900,0.0,0.0,0.0,0.0,51,0.2235,0.2265,10,0.2205,0.2335,0.0,0.0,0.0,0.0,212
2023-05-10 09:37:29,OP10005386,50ETF沽12月2900,0.0,0.0,0.0,0.0,51,0.2235,0.2266,30,0.2205,0.2335,0.0,0.0,0.0,0.0,212
2023-05-10 09:37:29,OP10005386,50ETF沽12月2900,0.0,0.0,0.0,0.0,61,0.2235,0.2266,30,0.2205,0.2335,0.0,0.0,0.0,0.0,212
2023-05-10 09:37:32,OP10005386,50ETF沽12月2900,0.0,0.0,0.0,0.0,61,0.2235,0.2266,30,0.2205,0.2335,0.0,0.0,0.0,0.0,212
2023-05-10 09:37:35,OP10005386,50ETF沽12月2900,0.0,0.0,0.0,0.0,1,0.2236,0.2266,30,0.2205,0.2335,0.0,0.0,0.0,0.0,212
2023-05-10 09:37:35,OP10005386,50ETF沽12月2900,0.0,0.0,0.0,0.0,30,0.2241,0.2267,40,0.2205,0.2335,0.0,0.0,0.0,0.0,212
2023-05-10 09:37:35,OP10005386,50ETF沽12月2900,0.0,0.0,0.0,0.0,51,0.2241,0.2267,20,0.2205,0.2335,0.0,0.0,0.0,0.0,212
2023-05-10 09:37:35,OP10005386,50ETF沽12月2900,0.0,0.0,0.0,0.0,51,0.2241,0.2267,20,0.2205,0.2335,0.0,0.0,0.0,0.0,212
2023-05-10 09:37:35,OP10005386,50ETF沽12月2900,0.0,0.0,0.0,0.0,51,0.2241,0.227,10,0.2205,0.2335,0.0,0.0,0.0,0.0,212
2023-05-10 09:37:38,OP10005386,50ETF沽12月2900,0.0,0.0,0.0,0.0,61,0.2241,0.227,10,0.2205,0.2335,0.0,0.0,0.0,0.0,212
2023-05-10 09:37:38,OP10005386,50ETF沽12月2900,0.0,0.0,0.0,0.0,61,0.2241,0.2271,20,0.2205,0.2335,0.0,0.0,0.0,0.0,212
2023-05-10 09:37:41,OP10005386,50ETF沽12月2900,0.0,0.0,0.0,0.0,61,0.2241,0.2271,20,0.2205,0.2335,0.0,0.0,0.0,0.0,212
2023-05-10 09:37:41,OP10005386,50ETF沽12月2900,0.0,0.0,0.0,0.0,61,0.2241,0.2271,30,0.2205,0.2335,0.0,0.0,0.0,0.0,212
2023-05-10 09:37:44,OP10005386,50ETF沽12月2900,0.0,0.0,0.0,0.0,61,0.2241,0.227,10,0.2205,0.2335,0.0,0.0,0.0,0.0,212
2023-05-10 09:37:44,OP10005386,50ETF沽12月2900,0.0,0.0,0.0,0.0,1,0.2242,0.227,10,0.2205,0.2335,0.0,0.0,0.0,0.0,212
2023-05-10 09:37:47,OP10005386,50ETF沽12月2900,0.0,0.0,0.0,0.0,1,0.2242,0.227,10,0.2205,0.2335,0.0,0.0,0.0,0.0,212
2023-05-10 09:37:47,OP10005386,50ETF沽12月2900,0.0,0.0,0.0,0.0,61,0.2241,0.227,10,0.2205,0.2335,0.0,0.0,0.0,0.0,212
2023-05-10 09:37:47,OP10005386,50ETF沽12月2900,0.0,0.0,0.0,0.0,61,0.2241,0.227,10,0.2205,0.2335,0.0,0.0,0.0,0.0,212
2023-05-10 09:37:56,OP10005386,50ETF沽12月2900,0.0,0.0,0.0,0.0,61,0.2241,0.227,10,0.2205,0.2335,0.0,0.0,0.0,0.0,212
2023-05-10 09:37:59,OP10005386,50ETF沽12月2900,0.0,0.0,0.0,0.0,1,0.2242,0.227,10,0.2205,0.2335,0.0,0.0,0.0,0.0,212
2023-05-10 09:37:59,OP10005386,50ETF沽12月2900,0.0,0.0,0.0,0.0,1,0.2242,0.227,10,0.2205,0.2335,0.0,0.0,0.0,0.0,212
2023-05-10 09:37:59,OP10005386,50ETF沽12月2900,0.0,0.0,0.0,0.0,1,0.2242,0.2271,20,0.2205,0.2335,0.0,0.0,0.0,0.0,212
2023-05-10 09:37:59,OP10005386,50ETF沽12月2900,0.0,0.0,0.0,0.0,41,0.2241,0.2266,30,0.2205,0.2335,0.0,0.0,0.0,0.0,212
2023-05-10 09:37:59,OP10005386,50ETF沽12月2900,0.0,0.0,0.0,0.0,30,0.2241,0.2266,50,0.2205,0.2335,0.0,0.0,0.0,0.0,212
2023-05-10 09:38:02,OP10005386,50ETF沽12月2900,0.0,0.0,0.0,0.0,30,0.2241,0.2266,50,0.2205,0.2335,0.0,0.0,0.0,0.0,212
2023-05-10 09:38:02,OP10005386,50ETF沽12月2900,0.0,0.0,0.0,0.0,30,0.2241,0.2266,50,0.2205,0.2335,0.0,0.0,0.0,0.0,212
2023-05-10 09:38:02,OP10005386,50ETF沽12月2900,0.0,0.0,0.0,0.0,20,0.2241,0.2265,10,0.2205,0.2335,0.0,0.0,0.0,0.0,212
2023-05-10 09:38:02,OP10005386,50ETF沽12月2900,0.0,0.0,0.0,0.0,20,0.2241,0.2265,10,0.2205,0.2335,0.0,0.0,0.0,0.0,212
2023-05-10 09:38:05,OP10005386,50ETF沽12月2900,0.0,0.0,0.0,0.0,20,0.2238,0.2265,10,0.2205,0.2335,0.0,0.0,0.0,0.0,212
2023-05-10 09:38:05,OP10005386,50ETF沽12月2900,0.0,0.0,0.0,0.0,1,0.2236,0.2265,10,0.2205,0.2335,0.0,0.0,0.0,0.0,212
2023-05-10 09:38:05,OP10005386,50ETF沽12月2900,0.0,0.0,0.0,0.0,1,0.2236,0.226,30,0.2205,0.2335,0.0,0.0,0.0,0.0,212
2023-05-10 09:38:05,OP10005386,50ETF沽12月2900,0.0,0.0,0.0,0.0,1,0.2236,0.226,60,0.2205,0.2335,0.0,0.0,0.0,0.0,212
2023-05-10 09:38:05,OP10005386,50ETF沽12月2900,0.0,0.0,0.0,0.0,1,0.2236,0.226,50,0.2205,0.2335,0.0,0.0,0.0,0.0,212
2023-05-10 09:38:05,OP10005386,50ETF沽12月2900,0.0,0.0,0.0,0.0,30,0.2235,0.226,50,0.2205,0.2335,0.0,0.0,0.0,0.0,212
2023-05-10 09:38:08,OP10005386,50ETF沽12月2900,0.0,0.0,0.0,0.0,30,0.2235,0.226,50,0.2205,0.2335,0.0,0.0,0.0,0.0,212
2023-05-10 09:38:08,OP10005386,50ETF沽12月2900,0.0,0.0,0.0,0.0,20,0.2235,0.226,50,0.2205,0.2335,0.0,0.0,0.0,0.0,212
2023-05-10 09:38:08,OP10005386,50ETF沽12月2900,0.0,0.0,0.0,0.0,20,0.2235,0.2254,30,0.2205,0.2335,0.0,0.0,0.0,0.0,212
2023-05-10 09:38:08,OP10005386,50ETF沽12月2900,0.0,0.0,0.0,0.0,1,0.2233,0.2254,30,0.2205,0.2335,0.0,0.0,0.0,0.0,212
2023-05-10 09:38:08,OP10005386,50ETF沽12月2900,0.0,0.0,0.0,0.0,20,0.2233,0.2254,50,0.2205,0.2335,0.0,0.0,0.0,0.0,212
2023-05-10 09:38:08,OP10005386,50ETF沽12月2900,0.0,0.0,0.0,0.0,20,0.2233,0.2254,50,0.2205,0.2335,0.0,0.0,0.0,0.0,212
2023-05-10 09:38:11,OP10005386,50ETF沽12月2900,0.0,0.0,0.0,0.0,20,0.2233,0.2254,50,0.2205,0.2335,0.0,0.0,0.0,0.0,212
2023-05-10 09:38:11,OP10005386,50ETF沽12月2900,0.0,0.0,0.0,0.0,20,0.2233,0.2254,50,0.2205,0.2335,0.0,0.0,0.0,0.0,212
2023-05-10 09:38:11,OP10005386,50ETF沽12月2900,0.0,0.0,0.0,0.0,30,0.2228,0.2254,60,0.2205,0.2335,0.0,0.0,0.0,0.0,212
2023-05-10 09:38:11,OP10005386,50ETF沽12月2900,0.0,0.0,0.0,0.0,31,0.2228,0.2254,60,0.2205,0.2335,0.0,0.0,0.0,0.0,212
2023-05-10 09:38:11,OP10005386,50ETF沽12月2900,0.0,0.0,0.0,0.0,31,0.2228,0.2253,10,0.2205,0.2335,0.0,0.0,0.0,0.0,212
2023-05-10 09:38:11,OP10005386,50ETF沽12月2900,0.0,0.0,0.0,0.0,31,0.2228,0.2254,50,0.2205,0.2335,0.0,0.0,0.0,0.0,212
2023-05-10 09:38:14,OP10005386,50ETF沽12月2900,0.0,0.0,0.0,0.0,31,0.2228,0.2253,10,0.2205,0.2335,0.0,0.0,0.0,0.0,212
2023-05-10 09:38:14,OP10005386,50ETF沽12月2900,0.0,0.0,0.0,0.0,30,0.2231,0.226,20,0.2205,0.2335,0.0,0.0,0.0,0.0,212
2023-05-10 09:38:14,OP10005386,50ETF沽12月2900,0.0,0.0,0.0,0.0,50,0.2231,0.2261,10,0.2205,0.2335,0.0,0.0,0.0,0.0,212
2023-05-10 09:38:14,OP10005386,50ETF沽12月2900,0.0,0.0,0.0,0.0,51,0.2231,0.2261,10,0.2205,0.2335,0.0,0.0,0.0,0.0,212
2023-05-10 09:38:17,OP10005386,50ETF沽12月2900,0.0,0.0,0.0,0.0,61,0.2231,0.2261,10,0.2205,0.2335,0.0,0.0,0.0,0.0,212
2023-05-10 09:38:20,OP10005386,50ETF沽12月2900,0.0,0.0,0.0,0.0,61,0.2231,0.2262,30,0.2205,0.2335,0.0,0.0,0.0,0.0,212
2023-05-10 09:38:20,OP10005386,50ETF沽12月2900,0.0,0.0,0.0,0.0,61,0.2231,0.2261,10,0.2205,0.2335,0.0,0.0,0.0,0.0,212
2023-05-10 09:38:20,OP10005386,50ETF沽12月2900,0.0,0.0,0.0,0.0,61,0.2231,0.2262,30,0.2205,0.2335,0.0,0.0,0.0,0.0,212
2023-05-10 09:38:20,OP10005386,50ETF沽12月2900,0.0,0.0,0.0,0.0,61,0.2231,0.2261,10,0.2205,0.2335,0.0,0.0,0.0,0.0,212
2023-05-10 09:38:23,OP10005386,50ETF沽12月2900,0.0,0.0,0.0,0.0,61,0.2231,0.2262,30,0.2205,0.2335,0.0,0.0,0.0,0.0,212
2023-05-10 09:38:23,OP10005386,50ETF沽12月2900,0.0,0.0,0.0,0.0,10,0.2235,0.2262,30,0.2205,0.2335,0.0,0.0,0.0,0.0,212
2023-05-10 09:38:23,OP10005386,50ETF沽12月2900,0.0,0.0,0.0,0.0,31,0.2235,0.2262,30,0.2205,0.2335,0.0,0.0,0.0,0.0,212
2023-05-10 09:38:23,OP10005386,50ETF沽12月2900,0.0,0.0,0.0,0.0,30,0.2237,0.2263,30,0.2205,0.2335,0.0,0.0,0.0,0.0,212
2023-05-10 09:38:23,OP10005386,50ETF沽12月2900,0.0,0.0,0.0,0.0,30,0.2237,0.2263,20,0.2205,0.2335,0.0,0.0,0.0,0.0,212
2023-05-10 09:38:26,OP10005386,50ETF沽12月2900,0.0,0.0,0.0,0.0,30,0.2237,0.2263,20,0.2205,0.2335,0.0,0.0,0.0,0.0,212
2023-05-10 09:38:26,OP10005386,50ETF沽12月2900,0.0,0.0,0.0,0.0,30,0.2237,0.2265,10,0.2205,0.2335,0.0,0.0,0.0,0.0,212
2023-05-10 09:38:26,OP10005386,50ETF沽12月2900,0.0,0.0,0.0,0.0,30,0.2237,0.2265,10,0.2205,0.2335,0.0,0.0,0.0,0.0,212
2023-05-10 09:38:29,OP10005386,50ETF沽12月2900,0.0,0.0,0.0,0.0,30,0.2237,0.2267,80,0.2205,0.2335,0.0,0.0,0.0,0.0,212
2023-05-10 09:38:29,OP10005386,50ETF沽12月2900,0.0,0.0,0.0,0.0,31,0.2237,0.2267,80,0.2205,0.2335,0.0,0.0,0.0,0.0,212
2023-05-10 09:38:29,OP10005386,50ETF沽12月2900,0.0,0.0,0.0,0.0,31,0.2237,0.2266,10,0.2205,0.2335,0.0,0.0,0.0,0.0,212
2023-05-10 09:38:29,OP10005386,50ETF沽12月2900,0.0,0.0,0.0,0.0,31,0.2237,0.2267,70,0.2205,0.2335,0.0,0.0,0.0,0.0,212
2023-05-10 09:38:29,OP10005386,50ETF沽12月2900,0.0,0.0,0.0,0.0,31,0.2237,0.2267,70,0.2205,0.2335,0.0,0.0,0.0,0.0,212
2023-05-10 09:38:32,OP10005386,50ETF沽12月2900,0.0,0.0,0.0,0.0,31,0.2237,0.2267,70,0.2205,0.2335,0.0,0.0,0.0,0.0,212
2023-05-10 09:38:32,OP10005386,50ETF沽12月2900,0.0,0.0,0.0,0.0,31,0.2237,0.2267,70,0.2205,0.2335,0.0,0.0,0.0,0.0,212
2023-05-10 09:38:32,OP10005386,50ETF沽12月2900,0.0,0.0,0.0,0.0,31,0.2237,0.2267,70,0.2205,0.2335,0.0,0.0,0.0,0.0,212
2023-05-10 09:38:35,OP10005386,50ETF沽12月2900,0.0,0.0,0.0,0.0,31,0.2237,0.2267,60,0.2205,0.2335,0.0,0.0,0.0,0.0,212
2023-05-10 09:38:35,OP10005386,50ETF沽12月2900,0.0,0.0,0.0,0.0,31,0.2237,0.2267,60,0.2205,0.2335,0.0,0.0,0.0,0.0,212
2023-05-10 09:38:35,OP10005386,50ETF沽12月2900,0.0,0.0,0.0,0.0,31,0.2237,0.2266,10,0.2205,0.2335,0.0,0.0,0.0,0.0,212
2023-05-10 09:38:38,OP10005386,50ETF沽12月2900,0.0,0.0,0.0,0.0,31,0.2237,0.2266,10,0.2205,0.2335,0.0,0.0,0.0,0.0,212
2023-05-10 09:38:38,OP10005386,50ETF沽12月2900,0.0,0.0,0.0,0.0,1,0.2238,0.2266,10,0.2205,0.2335,0.0,0.0,0.0,0.0,212
2023-05-10 09:38:38,OP10005386,50ETF沽12月2900,0.0,0.0,0.0,0.0,21,0.2238,0.2266,10,0.2205,0.2335,0.0,0.0,0.0,0.0,212
2023-05-10 09:38:41,OP10005386,50ETF沽12月2900,0.0,0.0,0.0,0.0,21,0.2238,0.2267,70,0.2205,0.2335,0.0,0.0,0.0,0.0,212
2023-05-10 09:38:41,OP10005386,50ETF沽12月2900,0.0,0.0,0.0,0.0,21,0.2238,0.2267,70,0.2205,0.2335,0.0,0.0,0.0,0.0,212
2023-05-10 09:38:41,OP10005386,50ETF沽12月2900,0.0,0.0,0.0,0.0,21,0.2238,0.2267,80,0.2205,0.2335,0.0,0.0,0.0,0.0,212
2023-05-10 09:38:41,OP10005386,50ETF沽12月2900,0.0,0.0,0.0,0.0,21,0.2238,0.2266,10,0.2205,0.2335,0.0,0.0,0.0,0.0,212
2023-05-10 09:38:41,OP10005386,50ETF沽12月2900,0.0,0.0,0.0,0.0,21,0.2238,0.2266,10,0.2205,0.2335,0.0,0.0,0.0,0.0,212
2023-05-10 09:38:47,OP10005386,50ETF沽12月2900,0.0,0.0,0.0,0.0,1,0.2239,0.2266,10,0.2205,0.2335,0.0,0.0,0.0,0.0,212
2023-05-10 09:38:50,OP10005386,50ETF沽12月2900,0.0,0.0,0.0,0.0,1,0.2239,0.2259,30,0.2205,0.2335,0.0,0.0,0.0,0.0,212
2023-05-10 09:38:50,OP10005386,50ETF沽12月2900,0.0,0.0,0.0,0.0,1,0.2239,0.2259,30,0.2205,0.2335,0.0,0.0,0.0,0.0,212
2023-05-10 09:38:50,OP10005386,50ETF沽12月2900,0.0,0.0,0.0,0.0,1,0.2239,0.2259,50,0.2205,0.2335,0.0,0.0,0.0,0.0,212
2023-05-10 09:38:50,OP10005386,50ETF沽12月2900,0.0,0.0,0.0,0.0,20,0.2238,0.2259,50,0.2205,0.2335,0.0,0.0,0.0,0.0,212
2023-05-10 09:38:53,OP10005386,50ETF沽12月2900,0.0,0.0,0.0,0.0,20,0.2238,0.2259,50,0.2205,0.2335,0.0,0.0,0.0,0.0,212
2023-05-10 09:38:53,OP10005386,50ETF沽12月2900,0.0,0.0,0.0,0.0,21,0.2235,0.2259,50,0.2205,0.2335,0.0,0.0,0.0,0.0,212
2023-05-10 09:38:53,OP10005386,50ETF沽12月2900,0.0,0.0,0.0,0.0,20,0.2235,0.2259,50,0.2205,0.2335,0.0,0.0,0.0,0.0,212
2023-05-10 09:38:56,OP10005386,50ETF沽12月2900,0.0,0.0,0.0,0.0,21,0.2232,0.2259,60,0.2205,0.2335,0.0,0.0,0.0,0.0,212
2023-05-10 09:38:56,OP10005386,50ETF沽12月2900,0.0,0.0,0.0,0.0,21,0.2232,0.2259,60,0.2205,0.2335,0.0,0.0,0.0,0.0,212
2023-05-10 09:38:56,OP10005386,50ETF沽12月2900,0.0,0.0,0.0,0.0,21,0.2232,0.2259,60,0.2205,0.2335,0.0,0.0,0.0,0.0,212
2023-05-10 09:38:56,OP10005386,50ETF沽12月2900,0.0,0.0,0.0,0.0,21,0.2232,0.2259,50,0.2205,0.2335,0.0,0.0,0.0,0.0,212
2023-05-10 09:38:56,OP10005386,50ETF沽12月2900,0.0,0.0,0.0,0.0,21,0.2232,0.2259,50,0.2205,0.2335,0.0,0.0,0.0,0.0,212
2023-05-10 09:38:59,OP10005386,50ETF沽12月2900,0.0,0.0,0.0,0.0,21,0.2232,0.2259,50,0.2205,0.2335,0.0,0.0,0.0,0.0,212
2023-05-10 09:38:59,OP10005386,50ETF沽12月2900,0.0,0.0,0.0,0.0,21,0.2232,0.2259,20,0.2205,0.2335,0.0,0.0,0.0,0.0,212
2023-05-10 09:39:02,OP10005386,50ETF沽12月2900,0.0,0.0,0.0,0.0,30,0.2233,0.2259,20,0.2205,0.2335,0.0,0.0,0.0,0.0,212
2023-05-10 09:39:02,OP10005386,50ETF沽12月2900,0.0,0.0,0.0,0.0,31,0.2233,0.2261,10,0.2205,0.2335,0.0,0.0,0.0,0.0,212
2023-05-10 09:39:02,OP10005386,50ETF沽12月2900,0.0,0.0,0.0,0.0,31,0.2233,0.2261,10,0.2205,0.2335,0.0,0.0,0.0,0.0,212
2023-05-10 09:39:05,OP10005386,50ETF沽12月2900,0.0,0.0,0.0,0.0,1,0.2233,0.2258,30,0.2205,0.2335,0.0,0.0,0.0,0.0,212
2023-05-10 09:39:05,OP10005386,50ETF沽12月2900,0.0,0.0,0.0,0.0,1,0.2233,0.2258,50,0.2205,0.2335,0.0,0.0,0.0,0.0,212
2023-05-10 09:39:05,OP10005386,50ETF沽12月2900,0.0,0.0,0.0,0.0,1,0.2233,0.2258,50,0.2205,0.2335,0.0,0.0,0.0,0.0,212
2023-05-10 09:39:05,OP10005386,50ETF沽12月2900,0.0,0.0,0.0,0.0,20,0.2232,0.2258,50,0.2205,0.2335,0.0,0.0,0.0,0.0,212
2023-05-10 09:39:05,OP10005386,50ETF沽12月2900,0.0,0.0,0.0,0.0,20,0.2232,0.2258,50,0.2205,0.2335,0.0,0.0,0.0,0.0,212
2023-05-10 09:39:05,OP10005386,50ETF沽12月2900,0.0,0.0,0.0,0.0,10,0.223,0.2258,20,0.2205,0.2335,0.0,0.0,0.0,0.0,212
2023-05-10 09:39:08,OP10005386,50ETF沽12月2900,0.0,0.0,0.0,0.0,1,0.2229,0.2248,30,0.2205,0.2335,0.0,0.0,0.0,0.0,212
2023-05-10 09:39:08,OP10005386,50ETF沽12月2900,0.0,0.0,0.0,0.0,1,0.2226,0.2247,10,0.2205,0.2335,0.0,0.0,0.0,0.0,212
2023-05-10 09:39:08,OP10005386,50ETF沽12月2900,0.0,0.0,0.0,0.0,1,0.2226,0.2247,20,0.2205,0.2335,0.0,0.0,0.0,0.0,212
2023-05-10 09:39:08,OP10005386,50ETF沽12月2900,0.0,0.0,0.0,0.0,1,0.2226,0.2247,20,0.2205,0.2335,0.0,0.0,0.0,0.0,212
2023-05-10 09:39:08,OP10005386,50ETF沽12月2900,0.0,0.0,0.0,0.0,10,0.2217,0.2242,30,0.2205,0.2335,0.0,0.0,0.0,0.0,212
2023-05-10 09:39:08,OP10005386,50ETF沽12月2900,0.0,0.0,0.0,0.0,21,0.2217,0.2242,50,0.2205,0.2335,0.0,0.0,0.0,0.0,212
2023-05-10 09:39:11,OP10005386,50ETF沽12月2900,0.0,0.0,0.0,0.0,21,0.2217,0.2242,50,0.2205,0.2335,0.0,0.0,0.0,0.0,212
2023-05-10 09:39:11,OP10005386,50ETF沽12月2900,0.0,0.0,0.0,0.0,20,0.2217,0.2242,50,0.2205,0.2335,0.0,0.0,0.0,0.0,212
2023-05-10 09:39:14,OP10005386,50ETF沽12月2900,0.0,0.0,0.0,0.0,20,0.2217,0.2242,50,0.2205,0.2335,0.0,0.0,0.0,0.0,212
2023-05-10 09:39:14,OP10005386,50ETF沽12月2900,0.0,0.0,0.0,0.0,20,0.2217,0.2242,30,0.2205,0.2335,0.0,0.0,0.0,0.0,212
2023-05-10 09:39:14,OP10005386,50ETF沽12月2900,0.0,0.0,0.0,0.0,21,0.2217,0.2242,30,0.2205,0.2335,0.0,0.0,0.0,0.0,212
2023-05-10 09:39:17,OP10005386,50ETF沽12月2900,0.0,0.0,0.0,0.0,51,0.2217,0.2247,40,0.2205,0.2335,0.0,0.0,0.0,0.0,212
2023-05-10 09:39:17,OP10005386,50ETF沽12月2900,0.0,0.0,0.0,0.0,61,0.2217,0.2247,30,0.2205,0.2335,0.0,0.0,0.0,0.0,212
2023-05-10 09:39:17,OP10005386,50ETF沽12月2900,0.0,0.0,0.0,0.0,61,0.2217,0.2247,20,0.2205,0.2335,0.0,0.0,0.0,0.0,212
2023-05-10 09:39:17,OP10005386,50ETF沽12月2900,0.0,0.0,0.0,0.0,40,0.2223,0.2248,10,0.2205,0.2335,0.0,0.0,0.0,0.0,212
2023-05-10 09:39:17,OP10005386,50ETF沽12月2900,0.0,0.0,0.0,0.0,40,0.2223,0.2254,30,0.2205,0.2335,0.0,0.0,0.0,0.0,212
2023-05-10 09:39:17,OP10005386,50ETF沽12月2900,0.0,0.0,0.0,0.0,41,0.2223,0.2253,10,0.2205,0.2335,0.0,0.0,0.0,0.0,212
2023-05-10 09:39:20,OP10005386,50ETF沽12月2900,0.0,0.0,0.0,0.0,71,0.2223,0.2253,10,0.2205,0.2335,0.0,0.0,0.0,0.0,212
2023-05-10 09:39:20,OP10005386,50ETF沽12月2900,0.0,0.0,0.0,0.0,71,0.2223,0.2254,30,0.2205,0.2335,0.0,0.0,0.0,0.0,212
2023-05-10 09:39:20,OP10005386,50ETF沽12月2900,0.0,0.0,0.0,0.0,71,0.2223,0.2254,30,0.2205,0.2335,0.0,0.0,0.0,0.0,212
2023-05-10 09:39:20,OP10005386,50ETF沽12月2900,0.0,0.0,0.0,0.0,71,0.2223,0.2254,30,0.2205,0.2335,0.0,0.0,0.0,0.0,212
2023-05-10 09:39:20,OP10005386,50ETF沽12月2900,0.0,0.0,0.0,0.0,71,0.2223,0.2253,10,0.2205,0.2335,0.0,0.0,0.0,0.0,212
2023-05-10 09:39:23,OP10005386,50ETF沽12月2900,0.0,0.0,0.0,0.0,71,0.2223,0.2254,30,0.2205,0.2335,0.0,0.0,0.0,0.0,212
2023-05-10 09:39:26,OP10005386,50ETF沽12月2900,0.0,0.0,0.0,0.0,71,0.2223,0.2254,30,0.2205,0.2335,0.0,0.0,0.0,0.0,212
2023-05-10 09:39:26,OP10005386,50ETF沽12月2900,0.0,0.0,0.0,0.0,10,0.2232,0.226,10,0.2205,0.2335,0.0,0.0,0.0,0.0,212
2023-05-10 09:39:26,OP10005386,50ETF沽12月2900,0.0,0.0,0.0,0.0,61,0.2232,0.2261,20,0.2205,0.2335,0.0,0.0,0.0,0.0,212
2023-05-10 09:39:26,OP10005386,50ETF沽12月2900,0.0,0.0,0.0,0.0,71,0.2232,0.2261,20,0.2205,0.2335,0.0,0.0,0.0,0.0,212
2023-05-10 09:39:26,OP10005386,50ETF沽12月2900,0.0,0.0,0.0,0.0,71,0.2232,0.2261,20,0.2205,0.2335,0.0,0.0,0.0,0.0,212
2023-05-10 09:39:26,OP10005386,50ETF沽12月2900,0.0,0.0,0.0,0.0,71,0.2232,0.2261,30,0.2205,0.2335,0.0,0.0,0.0,0.0,212
2023-05-10 09:39:29,OP10005386,50ETF沽12月2900,0.0,0.0,0.0,0.0,71,0.2232,0.2261,20,0.2205,0.2335,0.0,0.0,0.0,0.0,212
2023-05-10 09:39:29,OP10005386,50ETF沽12月2900,0.0,0.0,0.0,0.0,71,0.2232,0.2261,20,0.2205,0.2335,0.0,0.0,0.0,0.0,212
2023-05-10 09:39:32,OP10005386,50ETF沽12月2900,0.0,0.0,0.0,0.0,71,0.2232,0.2261,20,0.2205,0.2335,0.0,0.0,0.0,0.0,212
2023-05-10 09:39:32,OP10005386,50ETF沽12月2900,0.0,0.0,0.0,0.0,71,0.2232,0.226,10,0.2205,0.2335,0.0,0.0,0.0,0.0,212
2023-05-10 09:39:35,OP10005386,50ETF沽12月2900,0.0,0.0,0.0,0.0,1,0.2232,0.2261,20,0.2205,0.2335,0.0,0.0,0.0,0.0,212
2023-05-10 09:39:35,OP10005386,50ETF沽12月2900,0.0,0.0,0.0,0.0,1,0.2231,0.2257,10,0.2205,0.2335,0.0,0.0,0.0,0.0,212
2023-05-10 09:39:38,OP10005386,50ETF沽12月2900,0.0,0.0,0.0,0.0,1,0.2231,0.2257,30,0.2205,0.2335,0.0,0.0,0.0,0.0,212
2023-05-10 09:39:38,OP10005386,50ETF沽12月2900,0.0,0.0,0.0,0.0,1,0.2231,0.2257,50,0.2205,0.2335,0.0,0.0,0.0,0.0,212
2023-05-10 09:39:38,OP10005386,50ETF沽12月2900,0.0,0.0,0.0,0.0,1,0.2231,0.2257,30,0.2205,0.2335,0.0,0.0,0.0,0.0,212
2023-05-10 09:39:38,OP10005386,50ETF沽12月2900,0.0,0.0,0.0,0.0,1,0.2231,0.2257,30,0.2205,0.2335,0.0,0.0,0.0,0.0,212
2023-05-10 09:39:38,OP10005386,50ETF沽12月2900,0.0,0.0,0.0,0.0,1,0.2231,0.2257,30,0.2205,0.2335,0.0,0.0,0.0,0.0,212
2023-05-10 09:39:38,OP10005386,50ETF沽12月2900,0.0,0.0,0.0,0.0,10,0.2232,0.2257,30,0.2205,0.2335,0.0,0.0,0.0,0.0,212
2023-05-10 09:39:41,OP10005386,50ETF沽12月2900,0.0,0.0,0.0,0.0,31,0.2232,0.2257,30,0.2205,0.2335,0.0,0.0,0.0,0.0,212
2023-05-10 09:39:41,OP10005386,50ETF沽12月2900,0.0,0.0,0.0,0.0,31,0.2232,0.2257,30,0.2205,0.2335,0.0,0.0,0.0,0.0,212
2023-05-10 09:39:41,OP10005386,50ETF沽12月2900,0.0,0.0,0.0,0.0,31,0.2232,0.2257,30,0.2205,0.2335,0.0,0.0,0.0,0.0,212
2023-05-10 09:39:41,OP10005386,50ETF沽12月2900,0.0,0.0,0.0,0.0,31,0.2232,0.2257,30,0.2205,0.2335,0.0,0.0,0.0,0.0,212
2023-05-10 09:39:41,OP10005386,50ETF沽12月2900,0.0,0.0,0.0,0.0,1,0.223,0.2257,30,0.2205,0.2335,0.0,0.0,0.0,0.0,212
2023-05-10 09:39:44,OP10005386,50ETF沽12月2900,0.0,0.0,0.0,0.0,11,0.223,0.2257,30,0.2205,0.2335,0.0,0.0,0.0,0.0,212
2023-05-10 09:39:44,OP10005386,50ETF沽12月2900,0.0,0.0,0.0,0.0,11,0.223,0.2257,30,0.2205,0.2335,0.0,0.0,0.0,0.0,212
2023-05-10 09:39:44,OP10005386,50ETF沽12月2900,0.0,0.0,0.0,0.0,11,0.223,0.2257,30,0.2205,0.2335,0.0,0.0,0.0,0.0,212
2023-05-10 09:39:44,OP10005386,50ETF沽12月2900,0.0,0.0,0.0,0.0,11,0.223,0.2257,30,0.2205,0.2335,0.0,0.0,0.0,0.0,212
2023-05-10 09:39:44,OP10005386,50ETF沽12月2900,0.0,0.0,0.0,0.0,30,0.2232,0.2262,10,0.2205,0.2335,0.0,0.0,0.0,0.0,212
2023-05-10 09:39:47,OP10005386,50ETF沽12月2900,0.0,0.0,0.0,0.0,51,0.2232,0.2263,30,0.2205,0.2335,0.0,0.0,0.0,0.0,212
2023-05-10 09:39:47,OP10005386,50ETF沽12月2900,0.0,0.0,0.0,0.0,51,0.2232,0.2263,30,0.2205,0.2335,0.0,0.0,0.0,0.0,212
2023-05-10 09:39:47,OP10005386,50ETF沽12月2900,0.0,0.0,0.0,0.0,51,0.2232,0.2262,10,0.2205,0.2335,0.0,0.0,0.0,0.0,212
2023-05-10 09:39:50,OP10005386,50ETF沽12月2900,0.0,0.0,0.0,0.0,51,0.2232,0.2263,30,0.2205,0.2335,0.0,0.0,0.0,0.0,212
2023-05-10 09:39:50,OP10005386,50ETF沽12月2900,0.0,0.0,0.0,0.0,61,0.2232,0.2263,30,0.2205,0.2335,0.0,0.0,0.0,0.0,212
2023-05-10 09:39:53,OP10005386,50ETF沽12月2900,0.0,0.0,0.0,0.0,10,0.2233,0.2263,30,0.2205,0.2335,0.0,0.0,0.0,0.0,212
2023-05-10 09:39:53,OP10005386,50ETF沽12月2900,0.0,0.0,0.0,0.0,11,0.2233,0.2263,30,0.2205,0.2335,0.0,0.0,0.0,0.0,212
2023-05-10 09:39:53,OP10005386,50ETF沽12月2900,0.0,0.0,0.0,0.0,10,0.2233,0.2263,30,0.2205,0.2335,0.0,0.0,0.0,0.0,212
2023-05-10 09:39:53,OP10005386,50ETF沽12月2900,0.0,0.0,0.0,0.0,61,0.2232,0.2263,50,0.2205,0.2335,0.0,0.0,0.0,0.0,212
2023-05-10 09:39:53,OP10005386,50ETF沽12月2900,0.0,0.0,0.0,0.0,61,0.2232,0.2263,50,0.2205,0.2335,0.0,0.0,0.0,0.0,212
2023-05-10 09:39:53,OP10005386,50ETF沽12月2900,0.0,0.0,0.0,0.0,60,0.2232,0.2262,10,0.2205,0.2335,0.0,0.0,0.0,0.0,212
2023-05-10 09:39:56,OP10005386,50ETF沽12月2900,0.0,0.0,0.0,0.0,60,0.2232,0.2263,50,0.2205,0.2335,0.0,0.0,0.0,0.0,212
2023-05-10 09:39:56,OP10005386,50ETF沽12月2900,0.0,0.0,0.0,0.0,60,0.2232,0.2263,60,0.2205,0.2335,0.0,0.0,0.0,0.0,212
2023-05-10 09:39:59,OP10005386,50ETF沽12月2900,0.0,0.0,0.0,0.0,61,0.2232,0.2263,60,0.2205,0.2335,0.0,0.0,0.0,0.0,212
2023-05-10 09:40:02,OP10005386,50ETF沽12月2900,0.0,0.0,0.0,0.0,61,0.2232,0.2263,40,0.2205,0.2335,0.0,0.0,0.0,0.0,212
2023-05-10 09:40:02,OP10005386,50ETF沽12月2900,0.0,0.0,0.0,0.0,61,0.2232,0.2262,10,0.2205,0.2335,0.0,0.0,0.0,0.0,212
2023-05-10 09:40:02,OP10005386,50ETF沽12月2900,0.0,0.0,0.0,0.0,61,0.2232,0.2263,30,0.2205,0.2335,0.0,0.0,0.0,0.0,212
2023-05-10 09:40:02,OP10005386,50ETF沽12月2900,0.0,0.0,0.0,0.0,61,0.2232,0.2263,30,0.2205,0.2335,0.0,0.0,0.0,0.0,212
2023-05-10 09:40:02,OP10005386,50ETF沽12月2900,0.0,0.0,0.0,0.0,31,0.2232,0.2264,20,0.2205,0.2335,0.0,0.0,0.0,0.0,212
2023-05-10 09:40:05,OP10005386,50ETF沽12月2900,0.0,0.0,0.0,0.0,30,0.2238,0.2266,30,0.2205,0.2335,0.0,0.0,0.0,0.0,212
2023-05-10 09:40:05,OP10005386,50ETF沽12月2900,0.0,0.0,0.0,0.0,51,0.2238,0.2266,30,0.2205,0.2335,0.0,0.0,0.0,0.0,212
2023-05-10 09:40:05,OP10005386,50ETF沽12月2900,0.0,0.0,0.0,0.0,51,0.2238,0.2266,30,0.2205,0.2335,0.0,0.0,0.0,0.0,212
2023-05-10 09:40:05,OP10005386,50ETF沽12月2900,0.0,0.0,0.0,0.0,51,0.2238,0.2266,20,0.2205,0.2335,0.0,0.0,0.0,0.0,212
2023-05-10 09:40:05,OP10005386,50ETF沽12月2900,0.0,0.0,0.0,0.0,51,0.2238,0.2266,20,0.2205,0.2335,0.0,0.0,0.0,0.0,212
2023-05-10 09:40:08,OP10005386,50ETF沽12月2900,0.0,0.0,0.0,0.0,51,0.2238,0.2265,10,0.2205,0.2335,0.0,0.0,0.0,0.0,212
2023-05-10 09:40:08,OP10005386,50ETF沽12月2900,0.0,0.0,0.0,0.0,51,0.2238,0.2265,10,0.2205,0.2335,0.0,0.0,0.0,0.0,212
2023-05-10 09:40:08,OP10005386,50ETF沽12月2900,0.0,0.0,0.0,0.0,21,0.2238,0.2263,30,0.2205,0.2335,0.0,0.0,0.0,0.0,212
2023-05-10 09:40:11,OP10005386,50ETF沽12月2900,0.0,0.0,0.0,0.0,21,0.2238,0.2263,50,0.2205,0.2335,0.0,0.0,0.0,0.0,212
2023-05-10 09:40:11,OP10005386,50ETF沽12月2900,0.0,0.0,0.0,0.0,20,0.2238,0.2263,50,0.2205,0.2335,0.0,0.0,0.0,0.0,212
2023-05-10 09:40:11,OP10005386,50ETF沽12月2900,0.0,0.0,0.0,0.0,21,0.2235,0.2263,50,0.2205,0.2335,0.0,0.0,0.0,0.0,212
2023-05-10 09:40:11,OP10005386,50ETF沽12月2900,0.0,0.0,0.0,0.0,21,0.2235,0.2263,50,0.2205,0.2335,0.0,0.0,0.0,0.0,212
2023-05-10 09:40:11,OP10005386,50ETF沽12月2900,0.0,0.0,0.0,0.0,20,0.2235,0.2263,50,0.2205,0.2335,0.0,0.0,0.0,0.0,212
2023-05-10 09:40:11,OP10005386,50ETF沽12月2900,0.0,0.0,0.0,0.0,1,0.2234,0.2263,50,0.2205,0.2335,0.0,0.0,0.0,0.0,212
2023-05-10 09:40:14,OP10005386,50ETF沽12月2900,0.0,0.0,0.0,0.0,1,0.2234,0.2263,50,0.2205,0.2335,0.0,0.0,0.0,0.0,212
2023-05-10 09:40:14,OP10005386,50ETF沽12月2900,0.0,0.0,0.0,0.0,1,0.2234,0.2262,10,0.2205,0.2335,0.0,0.0,0.0,0.0,212
2023-05-10 09:40:17,OP10005386,50ETF沽12月2900,0.0,0.0,0.0,0.0,1,0.2234,0.2263,50,0.2205,0.2335,0.0,0.0,0.0,0.0,212
2023-05-10 09:40:17,OP10005386,50ETF沽12月2900,0.0,0.0,0.0,0.0,1,0.2234,0.2262,10,0.2205,0.2335,0.0,0.0,0.0,0.0,212
2023-05-10 09:40:20,OP10005386,50ETF沽12月2900,0.0,0.0,0.0,0.0,1,0.2234,0.2263,50,0.2205,0.2335,0.0,0.0,0.0,0.0,212
2023-05-10 09:40:20,OP10005386,50ETF沽12月2900,0.0,0.0,0.0,0.0,1,0.2234,0.2263,50,0.2205,0.2335,0.0,0.0,0.0,0.0,212
2023-05-10 09:40:20,OP10005386,50ETF沽12月2900,0.0,0.0,0.0,0.0,1,0.2234,0.2263,50,0.2205,0.2335,0.0,0.0,0.0,0.0,212
2023-05-10 09:40:23,OP10005386,50ETF沽12月2900,0.0,0.0,0.0,0.0,1,0.2235,0.2263,50,0.2205,0.2335,0.0,0.0,0.0,0.0,212
2023-05-10 09:40:23,OP10005386,50ETF沽12月2900,0.0,0.0,0.0,0.0,10,0.2238,0.2263,50,0.2205,0.2335,0.0,0.0,0.0,0.0,212
2023-05-10 09:40:23,OP10005386,50ETF沽12月2900,0.0,0.0,0.0,0.0,31,0.2238,0.2263,50,0.2205,0.2335,0.0,0.0,0.0,0.0,212
2023-05-10 09:40:23,OP10005386,50ETF沽12月2900,0.0,0.0,0.0,0.0,61,0.2238,0.2266,20,0.2205,0.2335,0.0,0.0,0.0,0.0,212
2023-05-10 09:40:23,OP10005386,50ETF沽12月2900,0.0,0.0,0.0,0.0,61,0.2238,0.2269,30,0.2205,0.2335,0.0,0.0,0.0,0.0,212
2023-05-10 09:40:26,OP10005386,50ETF沽12月2900,0.0,0.0,0.0,0.0,61,0.2238,0.2269,30,0.2205,0.2335,0.0,0.0,0.0,0.0,212
2023-05-10 09:40:26,OP10005386,50ETF沽12月2900,0.0,0.0,0.0,0.0,61,0.2238,0.2269,30,0.2205,0.2335,0.0,0.0,0.0,0.0,212
2023-05-10 09:40:26,OP10005386,50ETF沽12月2900,0.0,0.0,0.0,0.0,61,0.2238,0.2269,30,0.2205,0.2335,0.0,0.0,0.0,0.0,212
2023-05-10 09:40:26,OP10005386,50ETF沽12月2900,0.0,0.0,0.0,0.0,61,0.2238,0.2269,30,0.2205,0.2335,0.0,0.0,0.0,0.0,212
2023-05-10 09:40:26,OP10005386,50ETF沽12月2900,0.0,0.0,0.0,0.0,61,0.2238,0.2269,30,0.2205,0.2335,0.0,0.0,0.0,0.0,212
2023-05-10 09:40:26,OP10005386,50ETF沽12月2900,0.0,0.0,0.0,0.0,71,0.2238,0.2269,30,0.2205,0.2335,0.0,0.0,0.0,0.0,212
2023-05-10 09:40:29,OP10005386,50ETF沽12月2900,0.0,0.0,0.0,0.0,71,0.2238,0.2269,30,0.2205,0.2335,0.0,0.0,0.0,0.0,212
2023-05-10 09:40:29,OP10005386,50ETF沽12月2900,0.0,0.0,0.0,0.0,10,0.2245,0.227,20,0.2205,0.2335,0.0,0.0,0.0,0.0,212
2023-05-10 09:40:29,OP10005386,50ETF沽12月2900,0.0,0.0,0.0,0.0,11,0.2245,0.2273,10,0.2205,0.2335,0.0,0.0,0.0,0.0,212
2023-05-10 09:40:29,OP10005386,50ETF沽12月2900,0.0,0.0,0.0,0.0,31,0.2245,0.2273,30,0.2205,0.2335,0.0,0.0,0.0,0.0,212
2023-05-10 09:40:32,OP10005386,50ETF沽12月2900,0.0,0.0,0.0,0.0,31,0.2245,0.2273,20,0.2205,0.2335,0.0,0.0,0.0,0.0,212
2023-05-10 09:40:32,OP10005386,50ETF沽12月2900,0.0,0.0,0.0,0.0,31,0.2245,0.2273,30,0.2205,0.2335,0.0,0.0,0.0,0.0,212
2023-05-10 09:40:32,OP10005386,50ETF沽12月2900,0.0,0.0,0.0,0.0,31,0.2245,0.2273,20,0.2205,0.2335,0.0,0.0,0.0,0.0,212
2023-05-10 09:40:35,OP10005386,50ETF沽12月2900,0.0,0.0,0.0,0.0,31,0.2245,0.2273,20,0.2205,0.2335,0.0,0.0,0.0,0.0,212
2023-05-10 09:40:38,OP10005386,50ETF沽12月2900,0.0,0.0,0.0,0.0,31,0.2245,0.2273,20,0.2205,0.2335,0.0,0.0,0.0,0.0,212
2023-05-10 09:40:38,OP10005386,50ETF沽12月2900,0.0,0.0,0.0,0.0,31,0.2245,0.2273,20,0.2205,0.2335,0.0,0.0,0.0,0.0,212
2023-05-10 09:40:38,OP10005386,50ETF沽12月2900,0.0,0.0,0.0,0.0,1,0.2245,0.2273,20,0.2205,0.2335,0.0,0.0,0.0,0.0,212
2023-05-10 09:40:38,OP10005386,50ETF沽12月2900,0.0,0.0,0.0,0.0,1,0.2242,0.2268,30,0.2205,0.2335,0.0,0.0,0.0,0.0,212
2023-05-10 09:40:38,OP10005386,50ETF沽12月2900,0.0,0.0,0.0,0.0,1,0.2242,0.2267,10,0.2205,0.2335,0.0,0.0,0.0,0.0,212
2023-05-10 09:40:41,OP10005386,50ETF沽12月2900,0.0,0.0,0.0,0.0,1,0.2242,0.2267,10,0.2205,0.2335,0.0,0.0,0.0,0.0,212
2023-05-10 09:40:41,OP10005386,50ETF沽12月2900,0.0,0.0,0.0,0.0,1,0.2242,0.2267,10,0.2205,0.2335,0.0,0.0,0.0,0.0,212
2023-05-10 09:40:41,OP10005386,50ETF沽12月2900,0.0,0.0,0.0,0.0,20,0.2238,0.2267,10,0.2205,0.2335,0.0,0.0,0.0,0.0,212
2023-05-10 09:40:41,OP10005386,50ETF沽12月2900,0.0,0.0,0.0,0.0,1,0.2239,0.2267,10,0.2205,0.2335,0.0,0.0,0.0,0.0,212
2023-05-10 09:40:44,OP10005386,50ETF沽12月2900,0.0,0.0,0.0,0.0,1,0.2239,0.2267,10,0.2205,0.2335,0.0,0.0,0.0,0.0,212
2023-05-10 09:40:44,OP10005386,50ETF沽12月2900,0.0,0.0,0.0,0.0,31,0.2237,0.2267,10,0.2205,0.2335,0.0,0.0,0.0,0.0,212
2023-05-10 09:40:44,OP10005386,50ETF沽12月2900,0.0,0.0,0.0,0.0,31,0.2237,0.2267,10,0.2205,0.2335,0.0,0.0,0.0,0.0,212
2023-05-10 09:40:47,OP10005386,50ETF沽12月2900,0.0,0.0,0.0,0.0,31,0.2237,0.2268,60,0.2205,0.2335,0.0,0.0,0.0,0.0,212
2023-05-10 09:40:47,OP10005386,50ETF沽12月2900,0.0,0.0,0.0,0.0,31,0.2237,0.2268,70,0.2205,0.2335,0.0,0.0,0.0,0.0,212
2023-05-10 09:40:47,OP10005386,50ETF沽12月2900,0.0,0.0,0.0,0.0,31,0.2237,0.2267,10,0.2205,0.2335,0.0,0.0,0.0,0.0,212
2023-05-10 09:40:50,OP10005386,50ETF沽12月2900,0.0,0.0,0.0,0.0,31,0.2237,0.2268,60,0.2205,0.2335,0.0,0.0,0.0,0.0,212
2023-05-10 09:40:50,OP10005386,50ETF沽12月2900,0.0,0.0,0.0,0.0,31,0.2237,0.2268,60,0.2205,0.2335,0.0,0.0,0.0,0.0,212
2023-05-10 09:40:50,OP10005386,50ETF沽12月2900,0.0,0.0,0.0,0.0,31,0.2237,0.2268,60,0.2205,0.2335,0.0,0.0,0.0,0.0,212
2023-05-10 09:40:50,OP10005386,50ETF沽12月2900,0.0,0.0,0.0,0.0,31,0.2237,0.2268,60,0.2205,0.2335,0.0,0.0,0.0,0.0,212
2023-05-10 09:40:50,OP10005386,50ETF沽12月2900,0.0,0.0,0.0,0.0,31,0.2237,0.2268,60,0.2205,0.2335,0.0,0.0,0.0,0.0,212
2023-05-10 09:40:50,OP10005386,50ETF沽12月2900,0.0,0.0,0.0,0.0,31,0.2237,0.2268,60,0.2205,0.2335,0.0,0.0,0.0,0.0,212
2023-05-10 09:40:53,OP10005386,50ETF沽12月2900,0.0,0.0,0.0,0.0,31,0.2237,0.2268,60,0.2205,0.2335,0.0,0.0,0.0,0.0,212
2023-05-10 09:40:53,OP10005386,50ETF沽12月2900,0.0,0.0,0.0,0.0,31,0.2237,0.2268,60,0.2205,0.2335,0.0,0.0,0.0,0.0,212
2023-05-10 09:40:53,OP10005386,50ETF沽12月2900,0.0,0.0,0.0,0.0,1,0.2238,0.2268,60,0.2205,0.2335,0.0,0.0,0.0,0.0,212
2023-05-10 09:40:59,OP10005386,50ETF沽12月2900,0.0,0.0,0.0,0.0,1,0.2238,0.2268,60,0.2205,0.2335,0.0,0.0,0.0,0.0,212
2023-05-10 09:40:59,OP10005386,50ETF沽12月2900,0.0,0.0,0.0,0.0,1,0.2238,0.2268,60,0.2205,0.2335,0.0,0.0,0.0,0.0,212
2023-05-10 09:40:59,OP10005386,50ETF沽12月2900,0.0,0.0,0.0,0.0,10,0.2242,0.2268,60,0.2205,0.2335,0.0,0.0,0.0,0.0,212
2023-05-10 09:40:59,OP10005386,50ETF沽12月2900,0.0,0.0,0.0,0.0,31,0.2242,0.2268,60,0.2205,0.2335,0.0,0.0,0.0,0.0,212
2023-05-10 09:41:02,OP10005386,50ETF沽12月2900,0.0,0.0,0.0,0.0,30,0.2243,0.2268,30,0.2205,0.2335,0.0,0.0,0.0,0.0,212
2023-05-10 09:41:02,OP10005386,50ETF沽12月2900,0.0,0.0,0.0,0.0,30,0.2243,0.2268,20,0.2205,0.2335,0.0,0.0,0.0,0.0,212
2023-05-10 09:41:02,OP10005386,50ETF沽12月2900,0.0,0.0,0.0,0.0,31,0.2242,0.2273,10,0.2205,0.2335,0.0,0.0,0.0,0.0,212
2023-05-10 09:41:02,OP10005386,50ETF沽12月2900,0.0,0.0,0.0,0.0,40,0.2249,0.228,30,0.2205,0.2335,0.0,0.0,0.0,0.0,212
2023-05-10 09:41:05,OP10005386,50ETF沽12月2900,0.0,0.0,0.0,0.0,60,0.2249,0.228,50,0.2205,0.2335,0.0,0.0,0.0,0.0,212
2023-05-10 09:41:05,OP10005386,50ETF沽12月2900,0.0,0.0,0.0,0.0,61,0.2249,0.228,60,0.2205,0.2335,0.0,0.0,0.0,0.0,212
2023-05-10 09:41:05,OP10005386,50ETF沽12月2900,0.0,0.0,0.0,0.0,60,0.2249,0.228,50,0.2205,0.2335,0.0,0.0,0.0,0.0,212
2023-05-10 09:41:05,OP10005386,50ETF沽12月2900,0.0,0.0,0.0,0.0,60,0.2249,0.2279,10,0.2205,0.2335,0.0,0.0,0.0,0.0,212
2023-05-10 09:41:08,OP10005386,50ETF沽12月2900,0.0,0.0,0.0,0.0,60,0.2249,0.228,50,0.2205,0.2335,0.0,0.0,0.0,0.0,212
2023-05-10 09:41:08,OP10005386,50ETF沽12月2900,0.0,0.0,0.0,0.0,60,0.2249,0.2279,10,0.2205,0.2335,0.0,0.0,0.0,0.0,212
2023-05-10 09:41:11,OP10005386,50ETF沽12月2900,0.0,0.0,0.0,0.0,61,0.2249,0.2279,10,0.2205,0.2335,0.0,0.0,0.0,0.0,212
2023-05-10 09:41:11,OP10005386,50ETF沽12月2900,0.0,0.0,0.0,0.0,61,0.2249,0.228,50,0.2205,0.2335,0.0,0.0,0.0,0.0,212
2023-05-10 09:41:11,OP10005386,50ETF沽12月2900,0.0,0.0,0.0,0.0,61,0.2249,0.228,60,0.2205,0.2335,0.0,0.0,0.0,0.0,212
2023-05-10 09:41:14,OP10005386,50ETF沽12月2900,0.0,0.0,0.0,0.0,61,0.2249,0.228,60,0.2205,0.2335,0.0,0.0,0.0,0.0,212
2023-05-10 09:41:14,OP10005386,50ETF沽12月2900,0.0,0.0,0.0,0.0,61,0.2249,0.2279,10,0.2205,0.2335,0.0,0.0,0.0,0.0,212
2023-05-10 09:41:14,OP10005386,50ETF沽12月2900,0.0,0.0,0.0,0.0,61,0.2249,0.228,50,0.2205,0.2335,0.0,0.0,0.0,0.0,212
2023-05-10 09:41:14,OP10005386,50ETF沽12月2900,0.0,0.0,0.0,0.0,61,0.2249,0.228,50,0.2205,0.2335,0.0,0.0,0.0,0.0,212
2023-05-10 09:41:17,OP10005386,50ETF沽12月2900,0.0,0.0,0.0,0.0,71,0.2249,0.228,60,0.2205,0.2335,0.0,0.0,0.0,0.0,212
2023-05-10 09:41:17,OP10005386,50ETF沽12月2900,0.0,0.0,0.0,0.0,71,0.2249,0.228,60,0.2205,0.2335,0.0,0.0,0.0,0.0,212
2023-05-10 09:41:17,OP10005386,50ETF沽12月2900,0.0,0.0,0.0,0.0,71,0.2249,0.228,60,0.2205,0.2335,0.0,0.0,0.0,0.0,212
2023-05-10 09:41:17,OP10005386,50ETF沽12月2900,0.0,0.0,0.0,0.0,71,0.2249,0.228,60,0.2205,0.2335,0.0,0.0,0.0,0.0,212
2023-05-10 09:41:20,OP10005386,50ETF沽12月2900,0.0,0.0,0.0,0.0,1,0.225,0.228,60,0.2205,0.2335,0.0,0.0,0.0,0.0,212
2023-05-10 09:41:23,OP10005386,50ETF沽12月2900,0.0,0.0,0.0,0.0,20,0.2249,0.2278,10,0.2205,0.2335,0.0,0.0,0.0,0.0,212
2023-05-10 09:41:23,OP10005386,50ETF沽12月2900,0.0,0.0,0.0,0.0,1,0.2248,0.2273,30,0.2205,0.2335,0.0,0.0,0.0,0.0,212
2023-05-10 09:41:23,OP10005386,50ETF沽12月2900,0.0,0.0,0.0,0.0,20,0.2248,0.2273,30,0.2205,0.2335,0.0,0.0,0.0,0.0,212
