time,symbol_id,symbol_name,last,trade_volume,trade_amount,open_interest_change,bv1,bp1,ap1,av1,yesterday_close,today_open,today_high,today_low,volume,amount,open_interest
2023-05-10 08:35:18,OP10005339,50ETF沽12月2450,0.0,0.0,0.0,0.0,0,0.0,0.0,0,0.0325,0.032,0.0,0.0,0.0,0.0,1150
2023-05-10 09:24:57,OP10005339,50ETF沽12月2450,0.0,0.0,0.0,0.0,1,0.0323,0.0349,1,0.0325,0.032,0.0,0.0,0.0,0.0,1150
2023-05-10 09:29:57,OP10005339,50ETF沽12月2450,0.0,0.0,0.0,0.0,11,0.0323,0.0349,11,0.0325,0.032,0.0,0.0,0.0,0.0,1150
2023-05-10 09:29:57,OP10005339,50ETF沽12月2450,0.0,0.0,0.0,0.0,11,0.0323,0.0349,11,0.0325,0.032,0.0,0.0,0.0,0.0,1150
2023-05-10 09:29:57,OP10005339,50ETF沽12月2450,0.0,0.0,0.0,0.0,10,0.0323,0.0349,11,0.0325,0.032,0.0,0.0,0.0,0.0,1150
2023-05-10 09:29:57,OP10005339,50ETF沽12月2450,0.0,0.0,0.0,0.0,20,0.0323,0.0349,31,0.0325,0.032,0.0,0.0,0.0,0.0,1150
2023-05-10 09:29:57,OP10005339,50ETF沽12月2450,0.0,0.0,0.0,0.0,10,0.0323,0.0349,31,0.0325,0.032,0.0,0.0,0.0,0.0,1150
2023-05-10 09:29:57,OP10005339,50ETF沽12月2450,0.0,0.0,0.0,0.0,20,0.0323,0.0349,31,0.0325,0.032,0.0,0.0,0.0,0.0,1150
2023-05-10 09:30:02,OP10005339,50ETF沽12月2450,0.0,0.0,0.0,0.0,10,0.0323,0.0349,31,0.0325,0.032,0.0,0.0,0.0,0.0,1150
2023-05-10 09:30:02,OP10005339,50ETF沽12月2450,0.0,0.0,0.0,0.0,20,0.0323,0.0349,31,0.0325,0.032,0.0,0.0,0.0,0.0,1150
2023-05-10 09:30:02,OP10005339,50ETF沽12月2450,0.0,0.0,0.0,0.0,10,0.0323,0.0349,31,0.0325,0.032,0.0,0.0,0.0,0.0,1150
2023-05-10 09:30:02,OP10005339,50ETF沽12月2450,0.0,0.0,0.0,0.0,20,0.0323,0.0349,31,0.0325,0.032,0.0,0.0,0.0,0.0,1150
2023-05-10 09:30:02,OP10005339,50ETF沽12月2450,0.0,0.0,0.0,0.0,10,0.0323,0.0349,31,0.0325,0.032,0.0,0.0,0.0,0.0,1150
2023-05-10 09:30:05,OP10005339,50ETF沽12月2450,0.0,0.0,0.0,0.0,30,0.0315,0.0349,31,0.0325,0.032,0.0,0.0,0.0,0.0,1150
2023-05-10 09:30:05,OP10005339,50ETF沽12月2450,0.0,0.0,0.0,0.0,30,0.0315,0.0349,31,0.0325,0.032,0.0,0.0,0.0,0.0,1150
2023-05-10 09:30:08,OP10005339,50ETF沽12月2450,0.0,0.0,0.0,0.0,30,0.0315,0.0349,31,0.0325,0.032,0.0,0.0,0.0,0.0,1150
2023-05-10 09:30:08,OP10005339,50ETF沽12月2450,0.0,0.0,0.0,0.0,30,0.0315,0.0349,31,0.0325,0.032,0.0,0.0,0.0,0.0,1150
2023-05-10 09:30:08,OP10005339,50ETF沽12月2450,0.0,0.0,0.0,0.0,30,0.0315,0.0349,31,0.0325,0.032,0.0,0.0,0.0,0.0,1150
2023-05-10 09:30:08,OP10005339,50ETF沽12月2450,0.0,0.0,0.0,0.0,30,0.0315,0.0349,31,0.0325,0.032,0.0,0.0,0.0,0.0,1150
2023-05-10 09:30:14,OP10005339,50ETF沽12月2450,0.0,0.0,0.0,0.0,20,0.0317,0.0349,31,0.0325,0.032,0.0,0.0,0.0,0.0,1150
2023-05-10 09:30:14,OP10005339,50ETF沽12月2450,0.0,0.0,0.0,0.0,40,0.0317,0.0349,41,0.0325,0.032,0.0,0.0,0.0,0.0,1150
2023-05-10 09:30:20,OP10005339,50ETF沽12月2450,0.0,0.0,0.0,0.0,40,0.0317,0.0349,42,0.0325,0.032,0.0,0.0,0.0,0.0,1150
2023-05-10 09:30:20,OP10005339,50ETF沽12月2450,0.0,0.0,0.0,0.0,40,0.0317,0.0349,52,0.0325,0.032,0.0,0.0,0.0,0.0,1150
2023-05-10 09:30:20,OP10005339,50ETF沽12月2450,0.0,0.0,0.0,0.0,40,0.0317,0.0347,20,0.0325,0.032,0.0,0.0,0.0,0.0,1150
2023-05-10 09:30:23,OP10005339,50ETF沽12月2450,0.0,0.0,0.0,0.0,40,0.0317,0.0347,30,0.0325,0.032,0.0,0.0,0.0,0.0,1150
2023-05-10 09:30:26,OP10005339,50ETF沽12月2450,0.0,0.0,0.0,0.0,40,0.0317,0.0347,30,0.0325,0.032,0.0,0.0,0.0,0.0,1150
2023-05-10 09:30:32,OP10005339,50ETF沽12月2450,0.0,0.0,0.0,0.0,40,0.0317,0.0347,30,0.0325,0.032,0.0,0.0,0.0,0.0,1150
2023-05-10 09:30:53,OP10005339,50ETF沽12月2450,0.0,0.0,0.0,0.0,40,0.0317,0.0347,30,0.0325,0.032,0.0,0.0,0.0,0.0,1150
2023-05-10 09:30:56,OP10005339,50ETF沽12月2450,0.0,0.0,0.0,0.0,40,0.0317,0.0347,30,0.0325,0.032,0.0,0.0,0.0,0.0,1150
2023-05-10 09:30:59,OP10005339,50ETF沽12月2450,0.0,0.0,0.0,0.0,20,0.0319,0.0347,30,0.0325,0.032,0.0,0.0,0.0,0.0,1150
2023-05-10 09:30:59,OP10005339,50ETF沽12月2450,0.0,0.0,0.0,0.0,30,0.0319,0.0347,30,0.0325,0.032,0.0,0.0,0.0,0.0,1150
2023-05-10 09:30:59,OP10005339,50ETF沽12月2450,0.0,0.0,0.0,0.0,10,0.0322,0.0347,30,0.0325,0.032,0.0,0.0,0.0,0.0,1150
2023-05-10 09:30:59,OP10005339,50ETF沽12月2450,0.0,0.0,0.0,0.0,20,0.0322,0.0347,30,0.0325,0.032,0.0,0.0,0.0,0.0,1150
2023-05-10 09:30:59,OP10005339,50ETF沽12月2450,0.0,0.0,0.0,0.0,20,0.0322,0.0347,30,0.0325,0.032,0.0,0.0,0.0,0.0,1150
2023-05-10 09:31:02,OP10005339,50ETF沽12月2450,0.0,0.0,0.0,0.0,30,0.0322,0.0347,40,0.0325,0.032,0.0,0.0,0.0,0.0,1150
2023-05-10 09:31:02,OP10005339,50ETF沽12月2450,0.0,0.0,0.0,0.0,40,0.0322,0.0347,40,0.0325,0.032,0.0,0.0,0.0,0.0,1150
2023-05-10 09:31:05,OP10005339,50ETF沽12月2450,0.0,0.0,0.0,0.0,40,0.0322,0.0347,20,0.0325,0.032,0.0,0.0,0.0,0.0,1150
2023-05-10 09:31:05,OP10005339,50ETF沽12月2450,0.0,0.0,0.0,0.0,70,0.0322,0.0347,20,0.0325,0.032,0.0,0.0,0.0,0.0,1150
2023-05-10 09:31:05,OP10005339,50ETF沽12月2450,0.0,0.0,0.0,0.0,40,0.0322,0.0347,20,0.0325,0.032,0.0,0.0,0.0,0.0,1150
2023-05-10 09:31:08,OP10005339,50ETF沽12月2450,0.0,0.0,0.0,0.0,70,0.0322,0.0347,20,0.0325,0.032,0.0,0.0,0.0,0.0,1150
2023-05-10 09:31:08,OP10005339,50ETF沽12月2450,0.0,0.0,0.0,0.0,40,0.0322,0.0347,20,0.0325,0.032,0.0,0.0,0.0,0.0,1150
2023-05-10 09:31:08,OP10005339,50ETF沽12月2450,0.0,0.0,0.0,0.0,40,0.0322,0.0347,20,0.0325,0.032,0.0,0.0,0.0,0.0,1150
2023-05-10 09:31:08,OP10005339,50ETF沽12月2450,0.0,0.0,0.0,0.0,40,0.0322,0.0347,40,0.0325,0.032,0.0,0.0,0.0,0.0,1150
2023-05-10 09:31:14,OP10005339,50ETF沽12月2450,0.0,0.0,0.0,0.0,70,0.0322,0.0347,40,0.0325,0.032,0.0,0.0,0.0,0.0,1150
2023-05-10 09:31:20,OP10005339,50ETF沽12月2450,0.0,0.0,0.0,0.0,20,0.0323,0.0347,40,0.0325,0.032,0.0,0.0,0.0,0.0,1150
2023-05-10 09:31:20,OP10005339,50ETF沽12月2450,0.0,0.0,0.0,0.0,30,0.0323,0.0347,40,0.0325,0.032,0.0,0.0,0.0,0.0,1150
2023-05-10 09:31:20,OP10005339,50ETF沽12月2450,0.0,0.0,0.0,0.0,30,0.0325,0.0347,40,0.0325,0.032,0.0,0.0,0.0,0.0,1150
2023-05-10 09:31:20,OP10005339,50ETF沽12月2450,0.0,0.0,0.0,0.0,60,0.0325,0.0347,40,0.0325,0.032,0.0,0.0,0.0,0.0,1150
2023-05-10 09:31:26,OP10005339,50ETF沽12月2450,0.0,0.0,0.0,0.0,60,0.0325,0.0347,70,0.0325,0.032,0.0,0.0,0.0,0.0,1150
2023-05-10 09:31:26,OP10005339,50ETF沽12月2450,0.0,0.0,0.0,0.0,60,0.0325,0.0347,40,0.0325,0.032,0.0,0.0,0.0,0.0,1150
2023-05-10 09:31:26,OP10005339,50ETF沽12月2450,0.0,0.0,0.0,0.0,60,0.0325,0.0347,70,0.0325,0.032,0.0,0.0,0.0,0.0,1150
2023-05-10 09:31:26,OP10005339,50ETF沽12月2450,0.0,0.0,0.0,0.0,60,0.0325,0.0347,40,0.0325,0.032,0.0,0.0,0.0,0.0,1150
2023-05-10 09:31:26,OP10005339,50ETF沽12月2450,0.0,0.0,0.0,0.0,60,0.0325,0.0347,70,0.0325,0.032,0.0,0.0,0.0,0.0,1150
2023-05-10 09:31:29,OP10005339,50ETF沽12月2450,0.0,0.0,0.0,0.0,60,0.0325,0.0347,70,0.0325,0.032,0.0,0.0,0.0,0.0,1150
2023-05-10 09:31:29,OP10005339,50ETF沽12月2450,0.0,0.0,0.0,0.0,70,0.0325,0.0347,80,0.0325,0.032,0.0,0.0,0.0,0.0,1150
2023-05-10 09:31:32,OP10005339,50ETF沽12月2450,0.0,0.0,0.0,0.0,70,0.0325,0.0347,80,0.0325,0.032,0.0,0.0,0.0,0.0,1150
2023-05-10 09:31:38,OP10005339,50ETF沽12月2450,0.0,0.0,0.0,0.0,30,0.033,0.0347,80,0.0325,0.032,0.0,0.0,0.0,0.0,1150
2023-05-10 09:31:38,OP10005339,50ETF沽12月2450,0.0,0.0,0.0,0.0,70,0.033,0.0347,80,0.0325,0.032,0.0,0.0,0.0,0.0,1150
2023-05-10 09:31:38,OP10005339,50ETF沽12月2450,0.0,0.0,0.0,0.0,80,0.033,0.0347,80,0.0325,0.032,0.0,0.0,0.0,0.0,1150
2023-05-10 09:31:41,OP10005339,50ETF沽12月2450,0.0,0.0,0.0,0.0,80,0.033,0.0347,80,0.0325,0.032,0.0,0.0,0.0,0.0,1150
2023-05-10 09:31:41,OP10005339,50ETF沽12月2450,0.0,0.0,0.0,0.0,80,0.033,0.0347,80,0.0325,0.032,0.0,0.0,0.0,0.0,1150
2023-05-10 09:31:47,OP10005339,50ETF沽12月2450,0.0,0.0,0.0,0.0,80,0.033,0.0346,10,0.0325,0.032,0.0,0.0,0.0,0.0,1150
2023-05-10 09:31:47,OP10005339,50ETF沽12月2450,0.0,0.0,0.0,0.0,80,0.033,0.0345,30,0.0325,0.032,0.0,0.0,0.0,0.0,1150
2023-05-10 09:31:50,OP10005339,50ETF沽12月2450,0.0,0.0,0.0,0.0,80,0.033,0.0344,10,0.0325,0.032,0.0,0.0,0.0,0.0,1150
2023-05-10 09:31:50,OP10005339,50ETF沽12月2450,0.0,0.0,0.0,0.0,80,0.033,0.0343,30,0.0325,0.032,0.0,0.0,0.0,0.0,1150
2023-05-10 09:31:50,OP10005339,50ETF沽12月2450,0.0,0.0,0.0,0.0,50,0.033,0.0342,10,0.0325,0.032,0.0,0.0,0.0,0.0,1150
2023-05-10 09:31:50,OP10005339,50ETF沽12月2450,0.0,0.0,0.0,0.0,30,0.0331,0.0341,30,0.0325,0.032,0.0,0.0,0.0,0.0,1150
2023-05-10 09:31:50,OP10005339,50ETF沽12月2450,0.0,0.0,0.0,0.0,40,0.0331,0.034,10,0.0325,0.032,0.0,0.0,0.0,0.0,1150
2023-05-10 09:31:50,OP10005339,50ETF沽12月2450,0.0,0.0,0.0,0.0,50,0.0331,0.034,30,0.0325,0.032,0.0,0.0,0.0,0.0,1150
2023-05-10 09:31:53,OP10005339,50ETF沽12月2450,0.0,0.0,0.0,0.0,60,0.0331,0.0339,10,0.0325,0.032,0.0,0.0,0.0,0.0,1150
2023-05-10 09:31:53,OP10005339,50ETF沽12月2450,0.0,0.0,0.0,0.0,60,0.0331,0.0339,30,0.0325,0.032,0.0,0.0,0.0,0.0,1150
2023-05-10 09:31:53,OP10005339,50ETF沽12月2450,0.0,0.0,0.0,0.0,60,0.0331,0.0338,10,0.0325,0.032,0.0,0.0,0.0,0.0,1150
2023-05-10 09:31:53,OP10005339,50ETF沽12月2450,0.0,0.0,0.0,0.0,50,0.0331,0.0338,20,0.0325,0.032,0.0,0.0,0.0,0.0,1150
2023-05-10 09:31:53,OP10005339,50ETF沽12月2450,0.0,0.0,0.0,0.0,60,0.0331,0.0338,20,0.0325,0.032,0.0,0.0,0.0,0.0,1150
2023-05-10 09:31:53,OP10005339,50ETF沽12月2450,0.0,0.0,0.0,0.0,20,0.0331,0.0337,10,0.0325,0.032,0.0,0.0,0.0,0.0,1150
2023-05-10 09:31:56,OP10005339,50ETF沽12月2450,0.0,0.0,0.0,0.0,10,0.0331,0.0337,20,0.0325,0.032,0.0,0.0,0.0,0.0,1150
2023-05-10 09:31:56,OP10005339,50ETF沽12月2450,0.0,0.0,0.0,0.0,10,0.0329,0.0336,10,0.0325,0.032,0.0,0.0,0.0,0.0,1150
2023-05-10 09:31:56,OP10005339,50ETF沽12月2450,0.0,0.0,0.0,0.0,30,0.0329,0.0336,20,0.0325,0.032,0.0,0.0,0.0,0.0,1150
2023-05-10 09:31:56,OP10005339,50ETF沽12月2450,0.0,0.0,0.0,0.0,10,0.0329,0.0335,10,0.0325,0.032,0.0,0.0,0.0,0.0,1150
2023-05-10 09:31:56,OP10005339,50ETF沽12月2450,0.0,0.0,0.0,0.0,20,0.0328,0.0335,20,0.0325,0.032,0.0,0.0,0.0,0.0,1150
2023-05-10 09:31:56,OP10005339,50ETF沽12月2450,0.0,0.0,0.0,0.0,50,0.0328,0.0335,20,0.0325,0.032,0.0,0.0,0.0,0.0,1150
2023-05-10 09:31:59,OP10005339,50ETF沽12月2450,0.0,0.0,0.0,0.0,60,0.0328,0.0334,10,0.0325,0.032,0.0,0.0,0.0,0.0,1150
2023-05-10 09:31:59,OP10005339,50ETF沽12月2450,0.0,0.0,0.0,0.0,60,0.0328,0.0334,20,0.0325,0.032,0.0,0.0,0.0,0.0,1150
2023-05-10 09:31:59,OP10005339,50ETF沽12月2450,0.0,0.0,0.0,0.0,30,0.0328,0.0334,20,0.0325,0.032,0.0,0.0,0.0,0.0,1150
2023-05-10 09:31:59,OP10005339,50ETF沽12月2450,0.0,0.0,0.0,0.0,10,0.0328,0.0333,10,0.0325,0.032,0.0,0.0,0.0,0.0,1150
2023-05-10 09:31:59,OP10005339,50ETF沽12月2450,0.0,0.0,0.0,0.0,20,0.0327,0.0333,20,0.0325,0.032,0.0,0.0,0.0,0.0,1150
2023-05-10 09:32:02,OP10005339,50ETF沽12月2450,0.0,0.0,0.0,0.0,50,0.0327,0.0333,10,0.0325,0.032,0.0,0.0,0.0,0.0,1150
2023-05-10 09:32:02,OP10005339,50ETF沽12月2450,0.0,0.0,0.0,0.0,60,0.0327,0.0334,10,0.0325,0.032,0.0,0.0,0.0,0.0,1150
2023-05-10 09:32:02,OP10005339,50ETF沽12月2450,0.0,0.0,0.0,0.0,50,0.0327,0.0334,10,0.0325,0.032,0.0,0.0,0.0,0.0,1150
2023-05-10 09:32:02,OP10005339,50ETF沽12月2450,0.0,0.0,0.0,0.0,20,0.0327,0.0334,50,0.0325,0.032,0.0,0.0,0.0,0.0,1150
2023-05-10 09:32:02,OP10005339,50ETF沽12月2450,0.0,0.0,0.0,0.0,50,0.0327,0.0334,20,0.0325,0.032,0.0,0.0,0.0,0.0,1150
2023-05-10 09:32:02,OP10005339,50ETF沽12月2450,0.0,0.0,0.0,0.0,20,0.0327,0.0334,50,0.0325,0.032,0.0,0.0,0.0,0.0,1150
2023-05-10 09:32:05,OP10005339,50ETF沽12月2450,0.0,0.0,0.0,0.0,40,0.0327,0.0333,10,0.0325,0.032,0.0,0.0,0.0,0.0,1150
2023-05-10 09:32:05,OP10005339,50ETF沽12月2450,0.0,0.0,0.0,0.0,10,0.0327,0.0333,20,0.0325,0.032,0.0,0.0,0.0,0.0,1150
2023-05-10 09:32:05,OP10005339,50ETF沽12月2450,0.0,0.0,0.0,0.0,10,0.0327,0.0333,10,0.0325,0.032,0.0,0.0,0.0,0.0,1150
2023-05-10 09:32:05,OP10005339,50ETF沽12月2450,0.0,0.0,0.0,0.0,10,0.0326,0.0334,20,0.0325,0.032,0.0,0.0,0.0,0.0,1150
2023-05-10 09:32:05,OP10005339,50ETF沽12月2450,0.0,0.0,0.0,0.0,20,0.0327,0.0334,10,0.0325,0.032,0.0,0.0,0.0,0.0,1150
2023-05-10 09:32:05,OP10005339,50ETF沽12月2450,0.0,0.0,0.0,0.0,40,0.0327,0.0335,20,0.0325,0.032,0.0,0.0,0.0,0.0,1150
2023-05-10 09:32:08,OP10005339,50ETF沽12月2450,0.0,0.0,0.0,0.0,30,0.0327,0.0335,50,0.0325,0.032,0.0,0.0,0.0,0.0,1150
2023-05-10 09:32:08,OP10005339,50ETF沽12月2450,0.0,0.0,0.0,0.0,30,0.0327,0.0334,10,0.0325,0.032,0.0,0.0,0.0,0.0,1150
2023-05-10 09:32:08,OP10005339,50ETF沽12月2450,0.0,0.0,0.0,0.0,10,0.0327,0.0333,30,0.0325,0.032,0.0,0.0,0.0,0.0,1150
2023-05-10 09:32:08,OP10005339,50ETF沽12月2450,0.0,0.0,0.0,0.0,10,0.0326,0.0333,40,0.0325,0.032,0.0,0.0,0.0,0.0,1150
2023-05-10 09:32:08,OP10005339,50ETF沽12月2450,0.0,0.0,0.0,0.0,10,0.0326,0.0333,10,0.0325,0.032,0.0,0.0,0.0,0.0,1150
2023-05-10 09:32:08,OP10005339,50ETF沽12月2450,0.0,0.0,0.0,0.0,40,0.0326,0.0334,10,0.0325,0.032,0.0,0.0,0.0,0.0,1150
2023-05-10 09:32:11,OP10005339,50ETF沽12月2450,0.0,0.0,0.0,0.0,40,0.0326,0.0334,40,0.0325,0.032,0.0,0.0,0.0,0.0,1150
2023-05-10 09:32:11,OP10005339,50ETF沽12月2450,0.0,0.0,0.0,0.0,40,0.0326,0.0334,40,0.0325,0.032,0.0,0.0,0.0,0.0,1150
2023-05-10 09:32:11,OP10005339,50ETF沽12月2450,0.0,0.0,0.0,0.0,10,0.0326,0.0333,10,0.0325,0.032,0.0,0.0,0.0,0.0,1150
2023-05-10 09:32:11,OP10005339,50ETF沽12月2450,0.0,0.0,0.0,0.0,10,0.0325,0.0333,20,0.0325,0.032,0.0,0.0,0.0,0.0,1150
2023-05-10 09:32:11,OP10005339,50ETF沽12月2450,0.0,0.0,0.0,0.0,10,0.0325,0.0332,40,0.0325,0.032,0.0,0.0,0.0,0.0,1150
2023-05-10 09:32:11,OP10005339,50ETF沽12月2450,0.0,0.0,0.0,0.0,10,0.0324,0.0332,50,0.0325,0.032,0.0,0.0,0.0,0.0,1150
2023-05-10 09:32:14,OP10005339,50ETF沽12月2450,0.0,0.0,0.0,0.0,10,0.0324,0.0332,60,0.0325,0.032,0.0,0.0,0.0,0.0,1150
2023-05-10 09:32:14,OP10005339,50ETF沽12月2450,0.0,0.0,0.0,0.0,40,0.0324,0.0332,50,0.0325,0.032,0.0,0.0,0.0,0.0,1150
2023-05-10 09:32:14,OP10005339,50ETF沽12月2450,0.0,0.0,0.0,0.0,50,0.0324,0.0332,50,0.0325,0.032,0.0,0.0,0.0,0.0,1150
2023-05-10 09:32:14,OP10005339,50ETF沽12月2450,0.0,0.0,0.0,0.0,60,0.0324,0.0332,50,0.0325,0.032,0.0,0.0,0.0,0.0,1150
2023-05-10 09:32:14,OP10005339,50ETF沽12月2450,0.0,0.0,0.0,0.0,50,0.0324,0.0332,40,0.0325,0.032,0.0,0.0,0.0,0.0,1150
2023-05-10 09:32:14,OP10005339,50ETF沽12月2450,0.0,0.0,0.0,0.0,30,0.0324,0.0332,40,0.0325,0.032,0.0,0.0,0.0,0.0,1150
2023-05-10 09:32:17,OP10005339,50ETF沽12月2450,0.0,0.0,0.0,0.0,20,0.0324,0.0332,60,0.0325,0.032,0.0,0.0,0.0,0.0,1150
2023-05-10 09:32:17,OP10005339,50ETF沽12月2450,0.0,0.0,0.0,0.0,20,0.0324,0.0332,70,0.0325,0.032,0.0,0.0,0.0,0.0,1150
2023-05-10 09:32:17,OP10005339,50ETF沽12月2450,0.0,0.0,0.0,0.0,10,0.0324,0.0331,10,0.0325,0.032,0.0,0.0,0.0,0.0,1150
2023-05-10 09:32:17,OP10005339,50ETF沽12月2450,0.0,0.0,0.0,0.0,50,0.0321,0.033,30,0.0325,0.032,0.0,0.0,0.0,0.0,1150
2023-05-10 09:32:17,OP10005339,50ETF沽12月2450,0.0,0.0,0.0,0.0,60,0.0321,0.0329,10,0.0325,0.032,0.0,0.0,0.0,0.0,1150
2023-05-10 09:32:17,OP10005339,50ETF沽12月2450,0.0,0.0,0.0,0.0,70,0.0321,0.0329,50,0.0325,0.032,0.0,0.0,0.0,0.0,1150
2023-05-10 09:32:20,OP10005339,50ETF沽12月2450,0.0,0.0,0.0,0.0,70,0.0321,0.0329,50,0.0325,0.032,0.0,0.0,0.0,0.0,1150
2023-05-10 09:32:20,OP10005339,50ETF沽12月2450,0.0,0.0,0.0,0.0,70,0.0321,0.0329,50,0.0325,0.032,0.0,0.0,0.0,0.0,1150
2023-05-10 09:32:20,OP10005339,50ETF沽12月2450,0.0,0.0,0.0,0.0,40,0.0321,0.0329,50,0.0325,0.032,0.0,0.0,0.0,0.0,1150
2023-05-10 09:32:20,OP10005339,50ETF沽12月2450,0.0,0.0,0.0,0.0,10,0.0321,0.0328,10,0.0325,0.032,0.0,0.0,0.0,0.0,1150
2023-05-10 09:32:20,OP10005339,50ETF沽12月2450,0.0,0.0,0.0,0.0,10,0.032,0.0328,40,0.0325,0.032,0.0,0.0,0.0,0.0,1150
2023-05-10 09:32:20,OP10005339,50ETF沽12月2450,0.0,0.0,0.0,0.0,40,0.0321,0.0328,10,0.0325,0.032,0.0,0.0,0.0,0.0,1150
2023-05-10 09:32:23,OP10005339,50ETF沽12月2450,0.0,0.0,0.0,0.0,50,0.0321,0.0328,10,0.0325,0.032,0.0,0.0,0.0,0.0,1150
2023-05-10 09:32:23,OP10005339,50ETF沽12月2450,0.0,0.0,0.0,0.0,50,0.0321,0.0328,10,0.0325,0.032,0.0,0.0,0.0,0.0,1150
2023-05-10 09:32:23,OP10005339,50ETF沽12月2450,0.0,0.0,0.0,0.0,50,0.0321,0.0328,10,0.0325,0.032,0.0,0.0,0.0,0.0,1150
2023-05-10 09:32:23,OP10005339,50ETF沽12月2450,0.0,0.0,0.0,0.0,70,0.0321,0.0328,10,0.0325,0.032,0.0,0.0,0.0,0.0,1150
2023-05-10 09:32:23,OP10005339,50ETF沽12月2450,0.0,0.0,0.0,0.0,60,0.0321,0.033,10,0.0325,0.032,0.0,0.0,0.0,0.0,1150
2023-05-10 09:32:23,OP10005339,50ETF沽12月2450,0.0,0.0,0.0,0.0,70,0.0321,0.0331,10,0.0325,0.032,0.0,0.0,0.0,0.0,1150
2023-05-10 09:32:26,OP10005339,50ETF沽12月2450,0.0,0.0,0.0,0.0,80,0.0321,0.0331,30,0.0325,0.032,0.0,0.0,0.0,0.0,1150
2023-05-10 09:32:26,OP10005339,50ETF沽12月2450,0.0,0.0,0.0,0.0,80,0.0321,0.0331,40,0.0325,0.032,0.0,0.0,0.0,0.0,1150
2023-05-10 09:32:26,OP10005339,50ETF沽12月2450,0.0,0.0,0.0,0.0,90,0.0321,0.0331,50,0.0325,0.032,0.0,0.0,0.0,0.0,1150
2023-05-10 09:32:26,OP10005339,50ETF沽12月2450,0.0,0.0,0.0,0.0,80,0.0321,0.0331,40,0.0325,0.032,0.0,0.0,0.0,0.0,1150
2023-05-10 09:32:26,OP10005339,50ETF沽12月2450,0.0,0.0,0.0,0.0,10,0.0322,0.0331,40,0.0325,0.032,0.0,0.0,0.0,0.0,1150
2023-05-10 09:32:29,OP10005339,50ETF沽12月2450,0.0,0.0,0.0,0.0,30,0.0323,0.0331,40,0.0325,0.032,0.0,0.0,0.0,0.0,1150
2023-05-10 09:32:29,OP10005339,50ETF沽12月2450,0.0,0.0,0.0,0.0,10,0.0322,0.0331,50,0.0325,0.032,0.0,0.0,0.0,0.0,1150
2023-05-10 09:32:29,OP10005339,50ETF沽12月2450,0.0,0.0,0.0,0.0,10,0.0322,0.0331,60,0.0325,0.032,0.0,0.0,0.0,0.0,1150
2023-05-10 09:32:29,OP10005339,50ETF沽12月2450,0.0,0.0,0.0,0.0,30,0.0322,0.0331,70,0.0325,0.032,0.0,0.0,0.0,0.0,1150
2023-05-10 09:32:29,OP10005339,50ETF沽12月2450,0.0,0.0,0.0,0.0,40,0.0322,0.0331,70,0.0325,0.032,0.0,0.0,0.0,0.0,1150
2023-05-10 09:32:29,OP10005339,50ETF沽12月2450,0.0,0.0,0.0,0.0,50,0.0322,0.0331,20,0.0325,0.032,0.0,0.0,0.0,0.0,1150
2023-05-10 09:32:32,OP10005339,50ETF沽12月2450,0.0,0.0,0.0,0.0,70,0.0322,0.0331,20,0.0325,0.032,0.0,0.0,0.0,0.0,1150
2023-05-10 09:32:32,OP10005339,50ETF沽12月2450,0.0,0.0,0.0,0.0,60,0.0322,0.0331,20,0.0325,0.032,0.0,0.0,0.0,0.0,1150
2023-05-10 09:32:32,OP10005339,50ETF沽12月2450,0.0,0.0,0.0,0.0,60,0.0322,0.0331,50,0.0325,0.032,0.0,0.0,0.0,0.0,1150
2023-05-10 09:32:35,OP10005339,50ETF沽12月2450,0.0,0.0,0.0,0.0,70,0.0322,0.0331,20,0.0325,0.032,0.0,0.0,0.0,0.0,1150
2023-05-10 09:32:35,OP10005339,50ETF沽12月2450,0.0,0.0,0.0,0.0,70,0.0322,0.0331,50,0.0325,0.032,0.0,0.0,0.0,0.0,1150
2023-05-10 09:32:35,OP10005339,50ETF沽12月2450,0.0,0.0,0.0,0.0,10,0.0323,0.0331,50,0.0325,0.032,0.0,0.0,0.0,0.0,1150
2023-05-10 09:32:35,OP10005339,50ETF沽12月2450,0.0,0.0,0.0,0.0,60,0.0323,0.0331,20,0.0325,0.032,0.0,0.0,0.0,0.0,1150
2023-05-10 09:32:38,OP10005339,50ETF沽12月2450,0.0,0.0,0.0,0.0,50,0.0323,0.0331,40,0.0325,0.032,0.0,0.0,0.0,0.0,1150
2023-05-10 09:32:38,OP10005339,50ETF沽12月2450,0.0,0.0,0.0,0.0,60,0.0323,0.0331,50,0.0325,0.032,0.0,0.0,0.0,0.0,1150
2023-05-10 09:32:38,OP10005339,50ETF沽12月2450,0.0,0.0,0.0,0.0,60,0.0323,0.0331,50,0.0325,0.032,0.0,0.0,0.0,0.0,1150
2023-05-10 09:32:38,OP10005339,50ETF沽12月2450,0.0,0.0,0.0,0.0,30,0.0323,0.0331,50,0.0325,0.032,0.0,0.0,0.0,0.0,1150
2023-05-10 09:32:41,OP10005339,50ETF沽12月2450,0.0,0.0,0.0,0.0,20,0.0323,0.0331,50,0.0325,0.032,0.0,0.0,0.0,0.0,1150
2023-05-10 09:32:41,OP10005339,50ETF沽12月2450,0.0,0.0,0.0,0.0,20,0.0323,0.0331,60,0.0325,0.032,0.0,0.0,0.0,0.0,1150
2023-05-10 09:32:41,OP10005339,50ETF沽12月2450,0.0,0.0,0.0,0.0,20,0.0323,0.0331,60,0.0325,0.032,0.0,0.0,0.0,0.0,1150
2023-05-10 09:32:41,OP10005339,50ETF沽12月2450,0.0,0.0,0.0,0.0,50,0.0323,0.0331,60,0.0325,0.032,0.0,0.0,0.0,0.0,1150
2023-05-10 09:32:44,OP10005339,50ETF沽12月2450,0.0,0.0,0.0,0.0,20,0.0323,0.0331,60,0.0325,0.032,0.0,0.0,0.0,0.0,1150
2023-05-10 09:32:47,OP10005339,50ETF沽12月2450,0.0,0.0,0.0,0.0,20,0.0323,0.0331,60,0.0325,0.032,0.0,0.0,0.0,0.0,1150
2023-05-10 09:32:47,OP10005339,50ETF沽12月2450,0.0,0.0,0.0,0.0,50,0.0323,0.0331,60,0.0325,0.032,0.0,0.0,0.0,0.0,1150
2023-05-10 09:32:47,OP10005339,50ETF沽12月2450,0.0,0.0,0.0,0.0,50,0.0323,0.0331,50,0.0325,0.032,0.0,0.0,0.0,0.0,1150
2023-05-10 09:32:47,OP10005339,50ETF沽12月2450,0.0,0.0,0.0,0.0,10,0.0323,0.0331,50,0.0325,0.032,0.0,0.0,0.0,0.0,1150
2023-05-10 09:32:50,OP10005339,50ETF沽12月2450,0.0,0.0,0.0,0.0,30,0.0321,0.0331,70,0.0325,0.032,0.0,0.0,0.0,0.0,1150
2023-05-10 09:32:50,OP10005339,50ETF沽12月2450,0.0,0.0,0.0,0.0,30,0.0322,0.0331,70,0.0325,0.032,0.0,0.0,0.0,0.0,1150
2023-05-10 09:32:50,OP10005339,50ETF沽12月2450,0.0,0.0,0.0,0.0,50,0.0322,0.0331,80,0.0325,0.032,0.0,0.0,0.0,0.0,1150
2023-05-10 09:32:50,OP10005339,50ETF沽12月2450,0.0,0.0,0.0,0.0,50,0.0322,0.0331,90,0.0325,0.032,0.0,0.0,0.0,0.0,1150
2023-05-10 09:32:50,OP10005339,50ETF沽12月2450,0.0,0.0,0.0,0.0,10,0.0322,0.0331,90,0.0325,0.032,0.0,0.0,0.0,0.0,1150
2023-05-10 09:32:53,OP10005339,50ETF沽12月2450,0.0,0.0,0.0,0.0,20,0.0321,0.033,10,0.0325,0.032,0.0,0.0,0.0,0.0,1150
2023-05-10 09:32:53,OP10005339,50ETF沽12月2450,0.0,0.0,0.0,0.0,50,0.0321,0.0329,30,0.0325,0.032,0.0,0.0,0.0,0.0,1150
2023-05-10 09:32:53,OP10005339,50ETF沽12月2450,0.0,0.0,0.0,0.0,40,0.0321,0.0329,31,0.0325,0.032,0.0,0.0,0.0,0.0,1150
2023-05-10 09:32:53,OP10005339,50ETF沽12月2450,0.0,0.0,0.0,0.0,50,0.0321,0.0329,31,0.0325,0.032,0.0,0.0,0.0,0.0,1150
2023-05-10 09:32:53,OP10005339,50ETF沽12月2450,0.0,0.0,0.0,0.0,60,0.0321,0.0329,31,0.0325,0.032,0.0,0.0,0.0,0.0,1150
2023-05-10 09:32:53,OP10005339,50ETF沽12月2450,0.0,0.0,0.0,0.0,50,0.0321,0.0329,31,0.0325,0.032,0.0,0.0,0.0,0.0,1150
2023-05-10 09:32:56,OP10005339,50ETF沽12月2450,0.0,0.0,0.0,0.0,50,0.0321,0.0329,61,0.0325,0.032,0.0,0.0,0.0,0.0,1150
2023-05-10 09:32:56,OP10005339,50ETF沽12月2450,0.0,0.0,0.0,0.0,20,0.0321,0.0329,71,0.0325,0.032,0.0,0.0,0.0,0.0,1150
2023-05-10 09:32:56,OP10005339,50ETF沽12月2450,0.0,0.0,0.0,0.0,10,0.0321,0.0329,61,0.0325,0.032,0.0,0.0,0.0,0.0,1150
2023-05-10 09:32:56,OP10005339,50ETF沽12月2450,0.0,0.0,0.0,0.0,10,0.0321,0.0329,81,0.0325,0.032,0.0,0.0,0.0,0.0,1150
2023-05-10 09:32:56,OP10005339,50ETF沽12月2450,0.0,0.0,0.0,0.0,40,0.0321,0.0329,81,0.0325,0.032,0.0,0.0,0.0,0.0,1150
2023-05-10 09:32:56,OP10005339,50ETF沽12月2450,0.0,0.0,0.0,0.0,20,0.0321,0.0329,81,0.0325,0.032,0.0,0.0,0.0,0.0,1150
2023-05-10 09:32:59,OP10005339,50ETF沽12月2450,0.0,0.0,0.0,0.0,20,0.0321,0.0329,91,0.0325,0.032,0.0,0.0,0.0,0.0,1150
2023-05-10 09:32:59,OP10005339,50ETF沽12月2450,0.0,0.0,0.0,0.0,30,0.0321,0.0329,91,0.0325,0.032,0.0,0.0,0.0,0.0,1150
2023-05-10 09:32:59,OP10005339,50ETF沽12月2450,0.0,0.0,0.0,0.0,20,0.0321,0.0328,10,0.0325,0.032,0.0,0.0,0.0,0.0,1150
2023-05-10 09:32:59,OP10005339,50ETF沽12月2450,0.0,0.0,0.0,0.0,30,0.0321,0.0328,51,0.0325,0.032,0.0,0.0,0.0,0.0,1150
2023-05-10 09:32:59,OP10005339,50ETF沽12月2450,0.0,0.0,0.0,0.0,30,0.0321,0.0328,21,0.0325,0.032,0.0,0.0,0.0,0.0,1150
2023-05-10 09:32:59,OP10005339,50ETF沽12月2450,0.0,0.0,0.0,0.0,30,0.0321,0.0328,51,0.0325,0.032,0.0,0.0,0.0,0.0,1150
2023-05-10 09:33:02,OP10005339,50ETF沽12月2450,0.0,0.0,0.0,0.0,20,0.0321,0.0328,61,0.0325,0.032,0.0,0.0,0.0,0.0,1150
2023-05-10 09:33:02,OP10005339,50ETF沽12月2450,0.0,0.0,0.0,0.0,10,0.0321,0.0328,61,0.0325,0.032,0.0,0.0,0.0,0.0,1150
2023-05-10 09:33:02,OP10005339,50ETF沽12月2450,0.0,0.0,0.0,0.0,10,0.0321,0.0328,51,0.0325,0.032,0.0,0.0,0.0,0.0,1150
2023-05-10 09:33:02,OP10005339,50ETF沽12月2450,0.0,0.0,0.0,0.0,10,0.0321,0.0328,51,0.0325,0.032,0.0,0.0,0.0,0.0,1150
2023-05-10 09:33:02,OP10005339,50ETF沽12月2450,0.0,0.0,0.0,0.0,20,0.0321,0.0328,61,0.0325,0.032,0.0,0.0,0.0,0.0,1150
2023-05-10 09:33:02,OP10005339,50ETF沽12月2450,0.0,0.0,0.0,0.0,60,0.0321,0.0328,21,0.0325,0.032,0.0,0.0,0.0,0.0,1150
2023-05-10 09:33:05,OP10005339,50ETF沽12月2450,0.0,0.0,0.0,0.0,70,0.0321,0.0328,11,0.0325,0.032,0.0,0.0,0.0,0.0,1150
2023-05-10 09:33:05,OP10005339,50ETF沽12月2450,0.0,0.0,0.0,0.0,70,0.0321,0.0328,21,0.0325,0.032,0.0,0.0,0.0,0.0,1150
2023-05-10 09:33:05,OP10005339,50ETF沽12月2450,0.0,0.0,0.0,0.0,10,0.0322,0.0328,11,0.0325,0.032,0.0,0.0,0.0,0.0,1150
2023-05-10 09:33:05,OP10005339,50ETF沽12月2450,0.0,0.0,0.0,0.0,30,0.0322,0.0328,21,0.0325,0.032,0.0,0.0,0.0,0.0,1150
2023-05-10 09:33:08,OP10005339,50ETF沽12月2450,0.0,0.0,0.0,0.0,10,0.0322,0.0328,51,0.0325,0.032,0.0,0.0,0.0,0.0,1150
2023-05-10 09:33:08,OP10005339,50ETF沽12月2450,0.0,0.0,0.0,0.0,30,0.0321,0.0328,51,0.0325,0.032,0.0,0.0,0.0,0.0,1150
2023-05-10 09:33:08,OP10005339,50ETF沽12月2450,0.0,0.0,0.0,0.0,40,0.0321,0.0328,61,0.0325,0.032,0.0,0.0,0.0,0.0,1150
2023-05-10 09:33:08,OP10005339,50ETF沽12月2450,0.0,0.0,0.0,0.0,40,0.0321,0.0328,61,0.0325,0.032,0.0,0.0,0.0,0.0,1150
2023-05-10 09:33:08,OP10005339,50ETF沽12月2450,0.0,0.0,0.0,0.0,30,0.0321,0.0328,61,0.0325,0.032,0.0,0.0,0.0,0.0,1150
2023-05-10 09:33:08,OP10005339,50ETF沽12月2450,0.0,0.0,0.0,0.0,30,0.0321,0.0328,71,0.0325,0.032,0.0,0.0,0.0,0.0,1150
2023-05-10 09:33:11,OP10005339,50ETF沽12月2450,0.0,0.0,0.0,0.0,20,0.0321,0.0327,1,0.0325,0.032,0.0,0.0,0.0,0.0,1150
2023-05-10 09:33:11,OP10005339,50ETF沽12月2450,0.0,0.0,0.0,0.0,10,0.0321,0.0327,71,0.0325,0.032,0.0,0.0,0.0,0.0,1150
2023-05-10 09:33:11,OP10005339,50ETF沽12月2450,0.0,0.0,0.0,0.0,30,0.032,0.0327,81,0.0325,0.032,0.0,0.0,0.0,0.0,1150
2023-05-10 09:33:11,OP10005339,50ETF沽12月2450,0.0,0.0,0.0,0.0,30,0.032,0.0327,91,0.0325,0.032,0.0,0.0,0.0,0.0,1150
2023-05-10 09:33:11,OP10005339,50ETF沽12月2450,0.0,0.0,0.0,0.0,60,0.032,0.0326,10,0.0325,0.032,0.0,0.0,0.0,0.0,1150
2023-05-10 09:33:11,OP10005339,50ETF沽12月2450,0.0,0.0,0.0,0.0,70,0.032,0.0326,20,0.0325,0.032,0.0,0.0,0.0,0.0,1150
2023-05-10 09:33:14,OP10005339,50ETF沽12月2450,0.0,0.0,0.0,0.0,60,0.032,0.0326,11,0.0325,0.032,0.0,0.0,0.0,0.0,1150
2023-05-10 09:33:16,OP10005339,50ETF沽12月2450,0.032,1.0,320.0,1.0,19,0.032,0.0326,21,0.0325,0.032,0.032,0.032,1.0,320.0,1151
2023-05-10 09:33:16,OP10005339,50ETF沽12月2450,0.032,0.0,0.0,0.0,20,0.0319,0.0326,21,0.0325,0.032,0.032,0.032,1.0,320.0,1151
2023-05-10 09:33:16,OP10005339,50ETF沽12月2450,0.032,0.0,0.0,0.0,10,0.0319,0.0325,10,0.0325,0.032,0.032,0.032,1.0,320.0,1151
2023-05-10 09:33:17,OP10005339,50ETF沽12月2450,0.032,0.0,0.0,0.0,10,0.0319,0.0325,40,0.0325,0.032,0.032,0.032,1.0,320.0,1151
2023-05-10 09:33:17,OP10005339,50ETF沽12月2450,0.032,0.0,0.0,0.0,10,0.0319,0.0325,40,0.0325,0.032,0.032,0.032,1.0,320.0,1151
2023-05-10 09:33:18,OP10005339,50ETF沽12月2450,0.032,0.0,0.0,0.0,10,0.0319,0.0325,40,0.0325,0.032,0.032,0.032,1.0,320.0,1151
2023-05-10 09:33:18,OP10005339,50ETF沽12月2450,0.032,0.0,0.0,0.0,30,0.0318,0.0325,81,0.0325,0.032,0.032,0.032,1.0,320.0,1151
2023-05-10 09:33:19,OP10005339,50ETF沽12月2450,0.032,0.0,0.0,0.0,20,0.0318,0.0325,81,0.0325,0.032,0.032,0.032,1.0,320.0,1151
2023-05-10 09:33:19,OP10005339,50ETF沽12月2450,0.032,0.0,0.0,0.0,10,0.0318,0.0324,10,0.0325,0.032,0.032,0.032,1.0,320.0,1151
2023-05-10 09:33:20,OP10005339,50ETF沽12月2450,0.032,0.0,0.0,0.0,30,0.0317,0.0324,30,0.0325,0.032,0.032,0.032,1.0,320.0,1151
2023-05-10 09:33:20,OP10005339,50ETF沽12月2450,0.032,0.0,0.0,0.0,30,0.0317,0.0324,60,0.0325,0.032,0.032,0.032,1.0,320.0,1151
2023-05-10 09:33:21,OP10005339,50ETF沽12月2450,0.032,0.0,0.0,0.0,30,0.0317,0.0324,60,0.0325,0.032,0.032,0.032,1.0,320.0,1151
2023-05-10 09:33:21,OP10005339,50ETF沽12月2450,0.032,0.0,0.0,0.0,20,0.0317,0.0324,70,0.0325,0.032,0.032,0.032,1.0,320.0,1151
2023-05-10 09:33:22,OP10005339,50ETF沽12月2450,0.032,0.0,0.0,0.0,20,0.0316,0.0324,60,0.0325,0.032,0.032,0.032,1.0,320.0,1151
2023-05-10 09:33:22,OP10005339,50ETF沽12月2450,0.032,0.0,0.0,0.0,30,0.0315,0.0323,10,0.0325,0.032,0.032,0.032,1.0,320.0,1151
2023-05-10 09:33:23,OP10005339,50ETF沽12月2450,0.032,0.0,0.0,0.0,10,0.0316,0.0323,30,0.0325,0.032,0.032,0.032,1.0,320.0,1151
2023-05-10 09:33:23,OP10005339,50ETF沽12月2450,0.032,0.0,0.0,0.0,20,0.0316,0.0323,71,0.0325,0.032,0.032,0.032,1.0,320.0,1151
2023-05-10 09:33:24,OP10005339,50ETF沽12月2450,0.032,0.0,0.0,0.0,30,0.0316,0.0323,71,0.0325,0.032,0.032,0.032,1.0,320.0,1151
2023-05-10 09:33:24,OP10005339,50ETF沽12月2450,0.032,0.0,0.0,0.0,30,0.0316,0.0323,61,0.0325,0.032,0.032,0.032,1.0,320.0,1151
2023-05-10 09:33:25,OP10005339,50ETF沽12月2450,0.032,0.0,0.0,0.0,30,0.0316,0.0323,31,0.0325,0.032,0.032,0.032,1.0,320.0,1151
2023-05-10 09:33:26,OP10005339,50ETF沽12月2450,0.032,0.0,0.0,0.0,30,0.0316,0.0323,81,0.0325,0.032,0.032,0.032,1.0,320.0,1151
2023-05-10 09:33:27,OP10005339,50ETF沽12月2450,0.032,0.0,0.0,0.0,40,0.0316,0.0323,71,0.0325,0.032,0.032,0.032,1.0,320.0,1151
2023-05-10 09:33:27,OP10005339,50ETF沽12月2450,0.032,0.0,0.0,0.0,30,0.0316,0.0323,81,0.0325,0.032,0.032,0.032,1.0,320.0,1151
2023-05-10 09:33:28,OP10005339,50ETF沽12月2450,0.032,0.0,0.0,0.0,20,0.0316,0.0323,81,0.0325,0.032,0.032,0.032,1.0,320.0,1151
2023-05-10 09:33:28,OP10005339,50ETF沽12月2450,0.032,0.0,0.0,0.0,10,0.0316,0.0323,81,0.0325,0.032,0.032,0.032,1.0,320.0,1151
2023-05-10 09:33:29,OP10005339,50ETF沽12月2450,0.032,0.0,0.0,0.0,10,0.0316,0.0322,10,0.0325,0.032,0.032,0.032,1.0,320.0,1151
2023-05-10 09:33:29,OP10005339,50ETF沽12月2450,0.032,0.0,0.0,0.0,10,0.0316,0.0322,61,0.0325,0.032,0.032,0.032,1.0,320.0,1151
2023-05-10 09:33:30,OP10005339,50ETF沽12月2450,0.032,0.0,0.0,0.0,10,0.0316,0.0322,31,0.0325,0.032,0.032,0.032,1.0,320.0,1151
2023-05-10 09:33:30,OP10005339,50ETF沽12月2450,0.032,0.0,0.0,0.0,10,0.0316,0.0322,21,0.0325,0.032,0.032,0.032,1.0,320.0,1151
2023-05-10 09:33:32,OP10005339,50ETF沽12月2450,0.032,0.0,0.0,0.0,10,0.0316,0.0322,31,0.0325,0.032,0.032,0.032,1.0,320.0,1151
2023-05-10 09:33:33,OP10005339,50ETF沽12月2450,0.032,0.0,0.0,0.0,10,0.0316,0.0322,21,0.0325,0.032,0.032,0.032,1.0,320.0,1151
2023-05-10 09:33:33,OP10005339,50ETF沽12月2450,0.032,0.0,0.0,0.0,10,0.0316,0.0322,21,0.0325,0.032,0.032,0.032,1.0,320.0,1151
2023-05-10 09:33:34,OP10005339,50ETF沽12月2450,0.032,0.0,0.0,0.0,10,0.0316,0.0322,51,0.0325,0.032,0.032,0.032,1.0,320.0,1151
2023-05-10 09:33:34,OP10005339,50ETF沽12月2450,0.032,0.0,0.0,0.0,10,0.0316,0.0322,60,0.0325,0.032,0.032,0.032,1.0,320.0,1151
2023-05-10 09:33:35,OP10005339,50ETF沽12月2450,0.032,0.0,0.0,0.0,10,0.0316,0.0322,20,0.0325,0.032,0.032,0.032,1.0,320.0,1151
2023-05-10 09:33:36,OP10005339,50ETF沽12月2450,0.032,0.0,0.0,0.0,10,0.0316,0.0322,50,0.0325,0.032,0.032,0.032,1.0,320.0,1151
2023-05-10 09:33:37,OP10005339,50ETF沽12月2450,0.032,0.0,0.0,0.0,10,0.0316,0.0322,60,0.0325,0.032,0.032,0.032,1.0,320.0,1151
2023-05-10 09:33:37,OP10005339,50ETF沽12月2450,0.032,0.0,0.0,0.0,10,0.0316,0.0322,50,0.0325,0.032,0.032,0.032,1.0,320.0,1151
2023-05-10 09:33:38,OP10005339,50ETF沽12月2450,0.032,0.0,0.0,0.0,10,0.0316,0.0322,20,0.0325,0.032,0.032,0.032,1.0,320.0,1151
2023-05-10 09:33:39,OP10005339,50ETF沽12月2450,0.032,0.0,0.0,0.0,10,0.0316,0.0322,10,0.0325,0.032,0.032,0.032,1.0,320.0,1151
2023-05-10 09:33:39,OP10005339,50ETF沽12月2450,0.032,0.0,0.0,0.0,50,0.0315,0.0323,50,0.0325,0.032,0.032,0.032,1.0,320.0,1151
2023-05-10 09:33:40,OP10005339,50ETF沽12月2450,0.032,0.0,0.0,0.0,10,0.0316,0.0323,81,0.0325,0.032,0.032,0.032,1.0,320.0,1151
2023-05-10 09:33:40,OP10005339,50ETF沽12月2450,0.032,0.0,0.0,0.0,30,0.0316,0.0323,51,0.0325,0.032,0.032,0.032,1.0,320.0,1151
2023-05-10 09:33:41,OP10005339,50ETF沽12月2450,0.032,0.0,0.0,0.0,70,0.0316,0.0323,31,0.0325,0.032,0.032,0.032,1.0,320.0,1151
2023-05-10 09:33:41,OP10005339,50ETF沽12月2450,0.032,0.0,0.0,0.0,60,0.0316,0.0323,11,0.0325,0.032,0.032,0.032,1.0,320.0,1151
2023-05-10 09:33:42,OP10005339,50ETF沽12月2450,0.032,0.0,0.0,0.0,40,0.0316,0.0323,51,0.0325,0.032,0.032,0.032,1.0,320.0,1151
2023-05-10 09:33:42,OP10005339,50ETF沽12月2450,0.032,0.0,0.0,0.0,30,0.0316,0.0323,51,0.0325,0.032,0.032,0.032,1.0,320.0,1151
2023-05-10 09:33:43,OP10005339,50ETF沽12月2450,0.032,0.0,0.0,0.0,30,0.0316,0.0323,71,0.0325,0.032,0.032,0.032,1.0,320.0,1151
2023-05-10 09:33:43,OP10005339,50ETF沽12月2450,0.032,0.0,0.0,0.0,40,0.0316,0.0323,60,0.0325,0.032,0.032,0.032,1.0,320.0,1151
2023-05-10 09:33:44,OP10005339,50ETF沽12月2450,0.032,0.0,0.0,0.0,40,0.0316,0.0323,60,0.0325,0.032,0.032,0.032,1.0,320.0,1151
2023-05-10 09:33:45,OP10005339,50ETF沽12月2450,0.032,0.0,0.0,0.0,30,0.0316,0.0323,70,0.0325,0.032,0.032,0.032,1.0,320.0,1151
2023-05-10 09:33:45,OP10005339,50ETF沽12月2450,0.032,0.0,0.0,0.0,30,0.0316,0.0323,70,0.0325,0.032,0.032,0.032,1.0,320.0,1151
2023-05-10 09:33:46,OP10005339,50ETF沽12月2450,0.032,0.0,0.0,0.0,30,0.0316,0.0323,70,0.0325,0.032,0.032,0.032,1.0,320.0,1151
2023-05-10 09:33:46,OP10005339,50ETF沽12月2450,0.032,0.0,0.0,0.0,40,0.0316,0.0323,60,0.0325,0.032,0.032,0.032,1.0,320.0,1151
2023-05-10 09:33:49,OP10005339,50ETF沽12月2450,0.032,0.0,0.0,0.0,40,0.0316,0.0323,60,0.0325,0.032,0.032,0.032,1.0,320.0,1151
2023-05-10 09:33:50,OP10005339,50ETF沽12月2450,0.032,0.0,0.0,0.0,40,0.0316,0.0323,60,0.0325,0.032,0.032,0.032,1.0,320.0,1151
2023-05-10 09:33:50,OP10005339,50ETF沽12月2450,0.032,0.0,0.0,0.0,30,0.0316,0.0323,70,0.0325,0.032,0.032,0.032,1.0,320.0,1151
2023-05-10 09:33:51,OP10005339,50ETF沽12月2450,0.032,0.0,0.0,0.0,40,0.0316,0.0323,60,0.0325,0.032,0.032,0.032,1.0,320.0,1151
2023-05-10 09:33:52,OP10005339,50ETF沽12月2450,0.032,0.0,0.0,0.0,10,0.0317,0.0323,60,0.0325,0.032,0.032,0.032,1.0,320.0,1151
2023-05-10 09:33:52,OP10005339,50ETF沽12月2450,0.032,0.0,0.0,0.0,30,0.0317,0.0323,60,0.0325,0.032,0.032,0.032,1.0,320.0,1151
2023-05-10 09:33:53,OP10005339,50ETF沽12月2450,0.032,0.0,0.0,0.0,20,0.0317,0.0323,70,0.0325,0.032,0.032,0.032,1.0,320.0,1151
2023-05-10 09:33:53,OP10005339,50ETF沽12月2450,0.032,0.0,0.0,0.0,10,0.0317,0.0323,70,0.0325,0.032,0.032,0.032,1.0,320.0,1151
2023-05-10 09:33:54,OP10005339,50ETF沽12月2450,0.032,0.0,0.0,0.0,40,0.0316,0.0323,50,0.0325,0.032,0.032,0.032,1.0,320.0,1151
2023-05-10 09:33:54,OP10005339,50ETF沽12月2450,0.032,0.0,0.0,0.0,10,0.0317,0.0323,60,0.0325,0.032,0.032,0.032,1.0,320.0,1151
2023-05-10 09:33:55,OP10005339,50ETF沽12月2450,0.032,0.0,0.0,0.0,30,0.0317,0.0323,30,0.0325,0.032,0.032,0.032,1.0,320.0,1151
2023-05-10 09:33:55,OP10005339,50ETF沽12月2450,0.032,0.0,0.0,0.0,30,0.0317,0.0323,10,0.0325,0.032,0.032,0.032,1.0,320.0,1151
2023-05-10 09:33:56,OP10005339,50ETF沽12月2450,0.032,0.0,0.0,0.0,20,0.0317,0.0324,21,0.0325,0.032,0.032,0.032,1.0,320.0,1151
2023-05-10 09:33:56,OP10005339,50ETF沽12月2450,0.032,0.0,0.0,0.0,10,0.0317,0.0323,30,0.0325,0.032,0.032,0.032,1.0,320.0,1151
2023-05-10 09:33:57,OP10005339,50ETF沽12月2450,0.032,0.0,0.0,0.0,20,0.0317,0.0323,51,0.0325,0.032,0.032,0.032,1.0,320.0,1151
2023-05-10 09:33:57,OP10005339,50ETF沽12月2450,0.032,0.0,0.0,0.0,30,0.0317,0.0323,51,0.0325,0.032,0.032,0.032,1.0,320.0,1151
2023-05-10 09:33:58,OP10005339,50ETF沽12月2450,0.032,0.0,0.0,0.0,30,0.0317,0.0323,51,0.0325,0.032,0.032,0.032,1.0,320.0,1151
2023-05-10 09:33:58,OP10005339,50ETF沽12月2450,0.032,0.0,0.0,0.0,40,0.0317,0.0323,21,0.0325,0.032,0.032,0.032,1.0,320.0,1151
2023-05-10 09:33:59,OP10005339,50ETF沽12月2450,0.032,0.0,0.0,0.0,40,0.0317,0.0323,11,0.0325,0.032,0.032,0.032,1.0,320.0,1151
2023-05-10 09:33:59,OP10005339,50ETF沽12月2450,0.032,0.0,0.0,0.0,10,0.0318,0.0323,11,0.0325,0.032,0.032,0.032,1.0,320.0,1151
2023-05-10 09:34:00,OP10005339,50ETF沽12月2450,0.032,0.0,0.0,0.0,10,0.0318,0.0323,41,0.0325,0.032,0.032,0.032,1.0,320.0,1151
2023-05-10 09:34:00,OP10005339,50ETF沽12月2450,0.032,0.0,0.0,0.0,10,0.0317,0.0323,51,0.0325,0.032,0.032,0.032,1.0,320.0,1151
2023-05-10 09:34:01,OP10005339,50ETF沽12月2450,0.032,0.0,0.0,0.0,30,0.0317,0.0323,51,0.0325,0.032,0.032,0.032,1.0,320.0,1151
2023-05-10 09:34:01,OP10005339,50ETF沽12月2450,0.032,0.0,0.0,0.0,40,0.0317,0.0323,61,0.0325,0.032,0.032,0.032,1.0,320.0,1151
2023-05-10 09:34:02,OP10005339,50ETF沽12月2450,0.032,0.0,0.0,0.0,40,0.0317,0.0323,61,0.0325,0.032,0.032,0.032,1.0,320.0,1151
2023-05-10 09:34:02,OP10005339,50ETF沽12月2450,0.032,0.0,0.0,0.0,40,0.0317,0.0323,60,0.0325,0.032,0.032,0.032,1.0,320.0,1151
2023-05-10 09:34:03,OP10005339,50ETF沽12月2450,0.032,0.0,0.0,0.0,10,0.0318,0.0323,50,0.0325,0.032,0.032,0.032,1.0,320.0,1151
2023-05-10 09:34:03,OP10005339,50ETF沽12月2450,0.032,0.0,0.0,0.0,20,0.0318,0.0323,10,0.0325,0.032,0.032,0.032,1.0,320.0,1151
2023-05-10 09:34:04,OP10005339,50ETF沽12月2450,0.032,0.0,0.0,0.0,30,0.0318,0.0325,11,0.0325,0.032,0.032,0.032,1.0,320.0,1151
2023-05-10 09:34:04,OP10005339,50ETF沽12月2450,0.032,0.0,0.0,0.0,10,0.0319,0.0325,51,0.0325,0.032,0.032,0.032,1.0,320.0,1151
2023-05-10 09:34:05,OP10005339,50ETF沽12月2450,0.032,0.0,0.0,0.0,20,0.0319,0.0325,51,0.0325,0.032,0.032,0.032,1.0,320.0,1151
2023-05-10 09:34:05,OP10005339,50ETF沽12月2450,0.032,0.0,0.0,0.0,10,0.0319,0.0325,51,0.0325,0.032,0.032,0.032,1.0,320.0,1151
2023-05-10 09:34:06,OP10005339,50ETF沽12月2450,0.032,0.0,0.0,0.0,40,0.0318,0.0325,51,0.0325,0.032,0.032,0.032,1.0,320.0,1151
2023-05-10 09:34:06,OP10005339,50ETF沽12月2450,0.032,0.0,0.0,0.0,20,0.0318,0.0325,61,0.0325,0.032,0.032,0.032,1.0,320.0,1151
2023-05-10 09:34:07,OP10005339,50ETF沽12月2450,0.032,0.0,0.0,0.0,10,0.0318,0.0325,61,0.0325,0.032,0.032,0.032,1.0,320.0,1151
2023-05-10 09:34:07,OP10005339,50ETF沽12月2450,0.032,0.0,0.0,0.0,10,0.0318,0.0325,41,0.0325,0.032,0.032,0.032,1.0,320.0,1151
2023-05-10 09:34:08,OP10005339,50ETF沽12月2450,0.032,0.0,0.0,0.0,10,0.0318,0.0325,41,0.0325,0.032,0.032,0.032,1.0,320.0,1151
2023-05-10 09:34:08,OP10005339,50ETF沽12月2450,0.032,0.0,0.0,0.0,20,0.0318,0.0325,51,0.0325,0.032,0.032,0.032,1.0,320.0,1151
2023-05-10 09:34:09,OP10005339,50ETF沽12月2450,0.032,0.0,0.0,0.0,20,0.0318,0.0325,51,0.0325,0.032,0.032,0.032,1.0,320.0,1151
2023-05-10 09:34:09,OP10005339,50ETF沽12月2450,0.032,0.0,0.0,0.0,40,0.0318,0.0325,61,0.0325,0.032,0.032,0.032,1.0,320.0,1151
2023-05-10 09:34:10,OP10005339,50ETF沽12月2450,0.032,0.0,0.0,0.0,10,0.0319,0.0325,61,0.0325,0.032,0.032,0.032,1.0,320.0,1151
2023-05-10 09:34:10,OP10005339,50ETF沽12月2450,0.032,0.0,0.0,0.0,30,0.0319,0.0325,61,0.0325,0.032,0.032,0.032,1.0,320.0,1151
2023-05-10 09:34:11,OP10005339,50ETF沽12月2450,0.032,0.0,0.0,0.0,40,0.0319,0.0325,61,0.0325,0.032,0.032,0.032,1.0,320.0,1151
2023-05-10 09:34:11,OP10005339,50ETF沽12月2450,0.032,0.0,0.0,0.0,30,0.0319,0.0325,61,0.0325,0.032,0.032,0.032,1.0,320.0,1151
2023-05-10 09:34:12,OP10005339,50ETF沽12月2450,0.032,0.0,0.0,0.0,20,0.0319,0.0325,61,0.0325,0.032,0.032,0.032,1.0,320.0,1151
2023-05-10 09:34:12,OP10005339,50ETF沽12月2450,0.032,0.0,0.0,0.0,20,0.0319,0.0325,61,0.0325,0.032,0.032,0.032,1.0,320.0,1151
2023-05-10 09:34:13,OP10005339,50ETF沽12月2450,0.032,0.0,0.0,0.0,30,0.0319,0.0325,31,0.0325,0.032,0.032,0.032,1.0,320.0,1151
2023-05-10 09:34:13,OP10005339,50ETF沽12月2450,0.032,0.0,0.0,0.0,30,0.0319,0.0325,20,0.0325,0.032,0.032,0.032,1.0,320.0,1151
2023-05-10 09:34:14,OP10005339,50ETF沽12月2450,0.032,0.0,0.0,0.0,30,0.0319,0.0325,20,0.0325,0.032,0.032,0.032,1.0,320.0,1151
2023-05-10 09:34:14,OP10005339,50ETF沽12月2450,0.032,0.0,0.0,0.0,40,0.0319,0.0325,20,0.0325,0.032,0.032,0.032,1.0,320.0,1151
2023-05-10 09:34:15,OP10005339,50ETF沽12月2450,0.032,0.0,0.0,0.0,10,0.032,0.0325,10,0.0325,0.032,0.032,0.032,1.0,320.0,1151
2023-05-10 09:34:15,OP10005339,50ETF沽12月2450,0.032,0.0,0.0,0.0,20,0.032,0.0326,10,0.0325,0.032,0.032,0.032,1.0,320.0,1151
2023-05-10 09:34:16,OP10005339,50ETF沽12月2450,0.032,0.0,0.0,0.0,10,0.032,0.0326,40,0.0325,0.032,0.032,0.032,1.0,320.0,1151
2023-05-10 09:34:16,OP10005339,50ETF沽12月2450,0.032,0.0,0.0,0.0,40,0.0319,0.0326,50,0.0325,0.032,0.032,0.032,1.0,320.0,1151
2023-05-10 09:34:17,OP10005339,50ETF沽12月2450,0.032,0.0,0.0,0.0,30,0.0319,0.0326,60,0.0325,0.032,0.032,0.032,1.0,320.0,1151
2023-05-10 09:34:17,OP10005339,50ETF沽12月2450,0.032,0.0,0.0,0.0,40,0.0319,0.0326,60,0.0325,0.032,0.032,0.032,1.0,320.0,1151
2023-05-10 09:34:18,OP10005339,50ETF沽12月2450,0.032,0.0,0.0,0.0,10,0.032,0.0326,60,0.0325,0.032,0.032,0.032,1.0,320.0,1151
2023-05-10 09:34:18,OP10005339,50ETF沽12月2450,0.032,0.0,0.0,0.0,30,0.032,0.0326,30,0.0325,0.032,0.032,0.032,1.0,320.0,1151
2023-05-10 09:34:19,OP10005339,50ETF沽12月2450,0.032,0.0,0.0,0.0,40,0.032,0.0326,20,0.0325,0.032,0.032,0.032,1.0,320.0,1151
2023-05-10 09:34:19,OP10005339,50ETF沽12月2450,0.032,0.0,0.0,0.0,70,0.032,0.0325,30,0.0325,0.032,0.032,0.032,1.0,320.0,1151
2023-05-10 09:34:20,OP10005339,50ETF沽12月2450,0.032,0.0,0.0,0.0,70,0.032,0.0325,40,0.0325,0.032,0.032,0.032,1.0,320.0,1151
2023-05-10 09:34:20,OP10005339,50ETF沽12月2450,0.032,0.0,0.0,0.0,70,0.032,0.0325,10,0.0325,0.032,0.032,0.032,1.0,320.0,1151
2023-05-10 09:34:21,OP10005339,50ETF沽12月2450,0.032,0.0,0.0,0.0,10,0.0321,0.0326,20,0.0325,0.032,0.032,0.032,1.0,320.0,1151
2023-05-10 09:34:21,OP10005339,50ETF沽12月2450,0.032,0.0,0.0,0.0,10,0.0321,0.0326,40,0.0325,0.032,0.032,0.032,1.0,320.0,1151
2023-05-10 09:34:22,OP10005339,50ETF沽12月2450,0.032,0.0,0.0,0.0,10,0.0321,0.0326,40,0.0325,0.032,0.032,0.032,1.0,320.0,1151
2023-05-10 09:34:22,OP10005339,50ETF沽12月2450,0.032,0.0,0.0,0.0,50,0.0321,0.0326,10,0.0325,0.032,0.032,0.032,1.0,320.0,1151
2023-05-10 09:34:23,OP10005339,50ETF沽12月2450,0.032,0.0,0.0,0.0,60,0.0321,0.0326,30,0.0325,0.032,0.032,0.032,1.0,320.0,1151
2023-05-10 09:34:23,OP10005339,50ETF沽12月2450,0.032,0.0,0.0,0.0,60,0.0321,0.0326,10,0.0325,0.032,0.032,0.032,1.0,320.0,1151
2023-05-10 09:34:24,OP10005339,50ETF沽12月2450,0.032,0.0,0.0,0.0,10,0.0322,0.0327,21,0.0325,0.032,0.032,0.032,1.0,320.0,1151
2023-05-10 09:34:24,OP10005339,50ETF沽12月2450,0.032,0.0,0.0,0.0,10,0.0322,0.0326,30,0.0325,0.032,0.032,0.032,1.0,320.0,1151
2023-05-10 09:34:25,OP10005339,50ETF沽12月2450,0.032,0.0,0.0,0.0,10,0.0322,0.0326,10,0.0325,0.032,0.032,0.032,1.0,320.0,1151
2023-05-10 09:34:25,OP10005339,50ETF沽12月2450,0.032,0.0,0.0,0.0,20,0.0322,0.0327,21,0.0325,0.032,0.032,0.032,1.0,320.0,1151
2023-05-10 09:34:26,OP10005339,50ETF沽12月2450,0.032,0.0,0.0,0.0,20,0.0322,0.0327,21,0.0325,0.032,0.032,0.032,1.0,320.0,1151
2023-05-10 09:34:26,OP10005339,50ETF沽12月2450,0.032,0.0,0.0,0.0,20,0.0322,0.0327,20,0.0325,0.032,0.032,0.032,1.0,320.0,1151
2023-05-10 09:34:27,OP10005339,50ETF沽12月2450,0.032,0.0,0.0,0.0,20,0.0322,0.0327,50,0.0325,0.032,0.032,0.032,1.0,320.0,1151
2023-05-10 09:34:27,OP10005339,50ETF沽12月2450,0.032,0.0,0.0,0.0,10,0.0323,0.0327,50,0.0325,0.032,0.032,0.032,1.0,320.0,1151
2023-05-10 09:34:28,OP10005339,50ETF沽12月2450,0.032,0.0,0.0,0.0,10,0.0323,0.0327,10,0.0325,0.032,0.032,0.032,1.0,320.0,1151
2023-05-10 09:34:28,OP10005339,50ETF沽12月2450,0.032,0.0,0.0,0.0,10,0.0322,0.0329,41,0.0325,0.032,0.032,0.032,1.0,320.0,1151
2023-05-10 09:34:29,OP10005339,50ETF沽12月2450,0.032,0.0,0.0,0.0,10,0.0323,0.0328,30,0.0325,0.032,0.032,0.032,1.0,320.0,1151
2023-05-10 09:34:29,OP10005339,50ETF沽12月2450,0.032,0.0,0.0,0.0,10,0.0323,0.0328,40,0.0325,0.032,0.032,0.032,1.0,320.0,1151
2023-05-10 09:34:30,OP10005339,50ETF沽12月2450,0.032,0.0,0.0,0.0,10,0.0323,0.0328,40,0.0325,0.032,0.032,0.032,1.0,320.0,1151
2023-05-10 09:34:30,OP10005339,50ETF沽12月2450,0.032,0.0,0.0,0.0,40,0.0323,0.0328,40,0.0325,0.032,0.032,0.032,1.0,320.0,1151
2023-05-10 09:34:31,OP10005339,50ETF沽12月2450,0.032,0.0,0.0,0.0,70,0.0323,0.0328,40,0.0325,0.032,0.032,0.032,1.0,320.0,1151
2023-05-10 09:34:31,OP10005339,50ETF沽12月2450,0.032,0.0,0.0,0.0,60,0.0323,0.0328,40,0.0325,0.032,0.032,0.032,1.0,320.0,1151
2023-05-10 09:34:32,OP10005339,50ETF沽12月2450,0.032,0.0,0.0,0.0,10,0.0324,0.0328,50,0.0325,0.032,0.032,0.032,1.0,320.0,1151
2023-05-10 09:34:32,OP10005339,50ETF沽12月2450,0.032,0.0,0.0,0.0,20,0.0324,0.0328,20,0.0325,0.032,0.032,0.032,1.0,320.0,1151
2023-05-10 09:34:33,OP10005339,50ETF沽12月2450,0.032,0.0,0.0,0.0,10,0.0324,0.0328,20,0.0325,0.032,0.032,0.032,1.0,320.0,1151
2023-05-10 09:34:33,OP10005339,50ETF沽12月2450,0.032,0.0,0.0,0.0,80,0.0323,0.0328,20,0.0325,0.032,0.032,0.032,1.0,320.0,1151
2023-05-10 09:34:34,OP10005339,50ETF沽12月2450,0.032,0.0,0.0,0.0,10,0.0324,0.0328,20,0.0325,0.032,0.032,0.032,1.0,320.0,1151
2023-05-10 09:34:34,OP10005339,50ETF沽12月2450,0.032,0.0,0.0,0.0,20,0.0324,0.0328,20,0.0325,0.032,0.032,0.032,1.0,320.0,1151
2023-05-10 09:34:35,OP10005339,50ETF沽12月2450,0.032,0.0,0.0,0.0,20,0.0324,0.0328,10,0.0325,0.032,0.032,0.032,1.0,320.0,1151
2023-05-10 09:34:35,OP10005339,50ETF沽12月2450,0.032,0.0,0.0,0.0,30,0.0324,0.0328,10,0.0325,0.032,0.032,0.032,1.0,320.0,1151
2023-05-10 09:34:36,OP10005339,50ETF沽12月2450,0.032,0.0,0.0,0.0,20,0.0324,0.0328,40,0.0325,0.032,0.032,0.032,1.0,320.0,1151
2023-05-10 09:34:36,OP10005339,50ETF沽12月2450,0.032,0.0,0.0,0.0,20,0.0324,0.0328,50,0.0325,0.032,0.032,0.032,1.0,320.0,1151
2023-05-10 09:34:37,OP10005339,50ETF沽12月2450,0.032,0.0,0.0,0.0,10,0.0324,0.0328,50,0.0325,0.032,0.032,0.032,1.0,320.0,1151
2023-05-10 09:34:37,OP10005339,50ETF沽12月2450,0.032,0.0,0.0,0.0,70,0.0323,0.0328,10,0.0325,0.032,0.032,0.032,1.0,320.0,1151
2023-05-10 09:34:38,OP10005339,50ETF沽12月2450,0.032,0.0,0.0,0.0,10,0.0324,0.033,30,0.0325,0.032,0.032,0.032,1.0,320.0,1151
2023-05-10 09:34:38,OP10005339,50ETF沽12月2450,0.032,0.0,0.0,0.0,10,0.0324,0.0329,30,0.0325,0.032,0.032,0.032,1.0,320.0,1151
2023-05-10 09:34:39,OP10005339,50ETF沽12月2450,0.032,0.0,0.0,0.0,40,0.0323,0.0329,50,0.0325,0.032,0.032,0.032,1.0,320.0,1151
2023-05-10 09:34:39,OP10005339,50ETF沽12月2450,0.032,0.0,0.0,0.0,70,0.0323,0.0329,60,0.0325,0.032,0.032,0.032,1.0,320.0,1151
2023-05-10 09:34:41,OP10005339,50ETF沽12月2450,0.032,0.0,0.0,0.0,40,0.0323,0.0329,60,0.0325,0.032,0.032,0.032,1.0,320.0,1151
2023-05-10 09:34:41,OP10005339,50ETF沽12月2450,0.032,0.0,0.0,0.0,50,0.0323,0.0329,60,0.0325,0.032,0.032,0.032,1.0,320.0,1151
2023-05-10 09:34:42,OP10005339,50ETF沽12月2450,0.032,0.0,0.0,0.0,60,0.0323,0.0329,60,0.0325,0.032,0.032,0.032,1.0,320.0,1151
2023-05-10 09:34:42,OP10005339,50ETF沽12月2450,0.032,0.0,0.0,0.0,10,0.0324,0.0329,60,0.0325,0.032,0.032,0.032,1.0,320.0,1151
2023-05-10 09:34:43,OP10005339,50ETF沽12月2450,0.032,0.0,0.0,0.0,40,0.0324,0.0329,60,0.0325,0.032,0.032,0.032,1.0,320.0,1151
2023-05-10 09:34:43,OP10005339,50ETF沽12月2450,0.032,0.0,0.0,0.0,50,0.0324,0.0329,51,0.0325,0.032,0.032,0.032,1.0,320.0,1151
2023-05-10 09:34:44,OP10005339,50ETF沽12月2450,0.032,0.0,0.0,0.0,60,0.0324,0.0329,61,0.0325,0.032,0.032,0.032,1.0,320.0,1151
2023-05-10 09:34:44,OP10005339,50ETF沽12月2450,0.032,0.0,0.0,0.0,10,0.0325,0.0329,51,0.0325,0.032,0.032,0.032,1.0,320.0,1151
2023-05-10 09:34:45,OP10005339,50ETF沽12月2450,0.032,0.0,0.0,0.0,20,0.0325,0.0329,41,0.0325,0.032,0.032,0.032,1.0,320.0,1151
2023-05-10 09:34:45,OP10005339,50ETF沽12月2450,0.032,0.0,0.0,0.0,60,0.0324,0.0329,41,0.0325,0.032,0.032,0.032,1.0,320.0,1151
2023-05-10 09:34:46,OP10005339,50ETF沽12月2450,0.032,0.0,0.0,0.0,60,0.0324,0.0329,51,0.0325,0.032,0.032,0.032,1.0,320.0,1151
2023-05-10 09:34:46,OP10005339,50ETF沽12月2450,0.032,0.0,0.0,0.0,10,0.0325,0.0329,61,0.0325,0.032,0.032,0.032,1.0,320.0,1151
2023-05-10 09:34:47,OP10005339,50ETF沽12月2450,0.032,0.0,0.0,0.0,10,0.0325,0.0329,61,0.0325,0.032,0.032,0.032,1.0,320.0,1151
2023-05-10 09:34:47,OP10005339,50ETF沽12月2450,0.032,0.0,0.0,0.0,10,0.0324,0.0329,51,0.0325,0.032,0.032,0.032,1.0,320.0,1151
2023-05-10 09:34:48,OP10005339,50ETF沽12月2450,0.032,0.0,0.0,0.0,40,0.0324,0.0329,41,0.0325,0.032,0.032,0.032,1.0,320.0,1151
2023-05-10 09:34:48,OP10005339,50ETF沽12月2450,0.032,0.0,0.0,0.0,30,0.0323,0.0329,51,0.0325,0.032,0.032,0.032,1.0,320.0,1151
2023-05-10 09:34:49,OP10005339,50ETF沽12月2450,0.032,0.0,0.0,0.0,30,0.0324,0.0329,51,0.0325,0.032,0.032,0.032,1.0,320.0,1151
2023-05-10 09:34:49,OP10005339,50ETF沽12月2450,0.032,0.0,0.0,0.0,30,0.0323,0.0329,51,0.0325,0.032,0.032,0.032,1.0,320.0,1151
2023-05-10 09:34:50,OP10005339,50ETF沽12月2450,0.032,0.0,0.0,0.0,60,0.0323,0.0329,51,0.0325,0.032,0.032,0.032,1.0,320.0,1151
2023-05-10 09:34:50,OP10005339,50ETF沽12月2450,0.032,0.0,0.0,0.0,70,0.0323,0.0329,51,0.0325,0.032,0.032,0.032,1.0,320.0,1151
2023-05-10 09:34:51,OP10005339,50ETF沽12月2450,0.032,0.0,0.0,0.0,10,0.0323,0.0329,51,0.0325,0.032,0.032,0.032,1.0,320.0,1151
2023-05-10 09:34:51,OP10005339,50ETF沽12月2450,0.032,0.0,0.0,0.0,40,0.0322,0.0329,41,0.0325,0.032,0.032,0.032,1.0,320.0,1151
2023-05-10 09:34:52,OP10005339,50ETF沽12月2450,0.032,0.0,0.0,0.0,30,0.0323,0.0329,61,0.0325,0.032,0.032,0.032,1.0,320.0,1151
2023-05-10 09:34:52,OP10005339,50ETF沽12月2450,0.032,0.0,0.0,0.0,60,0.0323,0.0329,61,0.0325,0.032,0.032,0.032,1.0,320.0,1151
2023-05-10 09:34:53,OP10005339,50ETF沽12月2450,0.032,0.0,0.0,0.0,70,0.0323,0.0329,51,0.0325,0.032,0.032,0.032,1.0,320.0,1151
2023-05-10 09:34:53,OP10005339,50ETF沽12月2450,0.032,0.0,0.0,0.0,80,0.0323,0.0328,1,0.0325,0.032,0.032,0.032,1.0,320.0,1151
2023-05-10 09:34:54,OP10005339,50ETF沽12月2450,0.032,0.0,0.0,0.0,80,0.0323,0.0328,11,0.0325,0.032,0.032,0.032,1.0,320.0,1151
2023-05-10 09:34:54,OP10005339,50ETF沽12月2450,0.032,0.0,0.0,0.0,70,0.0323,0.0328,51,0.0325,0.032,0.032,0.032,1.0,320.0,1151
2023-05-10 09:34:55,OP10005339,50ETF沽12月2450,0.032,0.0,0.0,0.0,30,0.0323,0.0328,51,0.0325,0.032,0.032,0.032,1.0,320.0,1151
2023-05-10 09:34:56,OP10005339,50ETF沽12月2450,0.032,0.0,0.0,0.0,10,0.0323,0.0328,41,0.0325,0.032,0.032,0.032,1.0,320.0,1151
2023-05-10 09:34:56,OP10005339,50ETF沽12月2450,0.032,0.0,0.0,0.0,30,0.0323,0.0328,61,0.0325,0.032,0.032,0.032,1.0,320.0,1151
2023-05-10 09:34:57,OP10005339,50ETF沽12月2450,0.032,0.0,0.0,0.0,50,0.0323,0.0328,61,0.0325,0.032,0.032,0.032,1.0,320.0,1151
2023-05-10 09:34:57,OP10005339,50ETF沽12月2450,0.032,0.0,0.0,0.0,70,0.0323,0.0328,61,0.0325,0.032,0.032,0.032,1.0,320.0,1151
2023-05-10 09:34:59,OP10005339,50ETF沽12月2450,0.032,0.0,0.0,0.0,60,0.0323,0.0328,61,0.0325,0.032,0.032,0.032,1.0,320.0,1151
2023-05-10 09:35:00,OP10005339,50ETF沽12月2450,0.032,0.0,0.0,0.0,10,0.0324,0.0328,20,0.0325,0.032,0.032,0.032,1.0,320.0,1151
2023-05-10 09:35:01,OP10005339,50ETF沽12月2450,0.032,0.0,0.0,0.0,40,0.0324,0.0328,10,0.0325,0.032,0.032,0.032,1.0,320.0,1151
2023-05-10 09:35:01,OP10005339,50ETF沽12月2450,0.032,0.0,0.0,0.0,10,0.0325,0.0329,10,0.0325,0.032,0.032,0.032,1.0,320.0,1151
2023-05-10 09:35:02,OP10005339,50ETF沽12月2450,0.032,0.0,0.0,0.0,20,0.0325,0.033,1,0.0325,0.032,0.032,0.032,1.0,320.0,1151
2023-05-10 09:35:02,OP10005339,50ETF沽12月2450,0.032,0.0,0.0,0.0,40,0.0326,0.033,1,0.0325,0.032,0.032,0.032,1.0,320.0,1151
2023-05-10 09:35:03,OP10005339,50ETF沽12月2450,0.032,0.0,0.0,0.0,90,0.0326,0.033,1,0.0325,0.032,0.032,0.032,1.0,320.0,1151
2023-05-10 09:35:03,OP10005339,50ETF沽12月2450,0.032,0.0,0.0,0.0,90,0.0326,0.033,1,0.0325,0.032,0.032,0.032,1.0,320.0,1151
2023-05-10 09:35:04,OP10005339,50ETF沽12月2450,0.032,0.0,0.0,0.0,60,0.0326,0.033,10,0.0325,0.032,0.032,0.032,1.0,320.0,1151
2023-05-10 09:35:04,OP10005339,50ETF沽12月2450,0.032,0.0,0.0,0.0,90,0.0326,0.0331,10,0.0325,0.032,0.032,0.032,1.0,320.0,1151
2023-05-10 09:35:05,OP10005339,50ETF沽12月2450,0.032,0.0,0.0,0.0,10,0.0327,0.0331,10,0.0325,0.032,0.032,0.032,1.0,320.0,1151
2023-05-10 09:35:05,OP10005339,50ETF沽12月2450,0.032,0.0,0.0,0.0,61,0.0327,0.0331,10,0.0325,0.032,0.032,0.032,1.0,320.0,1151
2023-05-10 09:35:06,OP10005339,50ETF沽12月2450,0.032,0.0,0.0,0.0,31,0.0327,0.0331,10,0.0325,0.032,0.032,0.032,1.0,320.0,1151
2023-05-10 09:35:06,OP10005339,50ETF沽12月2450,0.032,0.0,0.0,0.0,11,0.0327,0.0333,20,0.0325,0.032,0.032,0.032,1.0,320.0,1151
2023-05-10 09:35:07,OP10005339,50ETF沽12月2450,0.032,0.0,0.0,0.0,1,0.0327,0.0332,30,0.0325,0.032,0.032,0.032,1.0,320.0,1151
2023-05-10 09:35:07,OP10005339,50ETF沽12月2450,0.032,0.0,0.0,0.0,1,0.0327,0.0332,40,0.0325,0.032,0.032,0.032,1.0,320.0,1151
2023-05-10 09:35:08,OP10005339,50ETF沽12月2450,0.032,0.0,0.0,0.0,1,0.0327,0.0332,50,0.0325,0.032,0.032,0.032,1.0,320.0,1151
2023-05-10 09:35:08,OP10005339,50ETF沽12月2450,0.032,0.0,0.0,0.0,1,0.0327,0.0332,60,0.0325,0.032,0.032,0.032,1.0,320.0,1151
2023-05-10 09:35:09,OP10005339,50ETF沽12月2450,0.032,0.0,0.0,0.0,1,0.0327,0.0332,60,0.0325,0.032,0.032,0.032,1.0,320.0,1151
2023-05-10 09:35:09,OP10005339,50ETF沽12月2450,0.032,0.0,0.0,0.0,1,0.0327,0.0332,60,0.0325,0.032,0.032,0.032,1.0,320.0,1151
2023-05-10 09:35:10,OP10005339,50ETF沽12月2450,0.032,0.0,0.0,0.0,30,0.0326,0.0332,61,0.0325,0.032,0.032,0.032,1.0,320.0,1151
2023-05-10 09:35:11,OP10005339,50ETF沽12月2450,0.032,0.0,0.0,0.0,60,0.0326,0.0332,61,0.0325,0.032,0.032,0.032,1.0,320.0,1151
2023-05-10 09:35:12,OP10005339,50ETF沽12月2450,0.032,0.0,0.0,0.0,70,0.0326,0.0332,61,0.0325,0.032,0.032,0.032,1.0,320.0,1151
2023-05-10 09:35:12,OP10005339,50ETF沽12月2450,0.032,0.0,0.0,0.0,60,0.0326,0.0332,61,0.0325,0.032,0.032,0.032,1.0,320.0,1151
2023-05-10 09:35:13,OP10005339,50ETF沽12月2450,0.032,0.0,0.0,0.0,80,0.0326,0.0332,61,0.0325,0.032,0.032,0.032,1.0,320.0,1151
2023-05-10 09:35:13,OP10005339,50ETF沽12月2450,0.032,0.0,0.0,0.0,60,0.0326,0.0332,71,0.0325,0.032,0.032,0.032,1.0,320.0,1151
2023-05-10 09:35:14,OP10005339,50ETF沽12月2450,0.032,0.0,0.0,0.0,60,0.0326,0.0332,61,0.0325,0.032,0.032,0.032,1.0,320.0,1151
2023-05-10 09:35:14,OP10005339,50ETF沽12月2450,0.032,0.0,0.0,0.0,70,0.0326,0.0332,61,0.0325,0.032,0.032,0.032,1.0,320.0,1151
2023-05-10 09:35:15,OP10005339,50ETF沽12月2450,0.032,0.0,0.0,0.0,60,0.0326,0.0332,61,0.0325,0.032,0.032,0.032,1.0,320.0,1151
2023-05-10 09:35:15,OP10005339,50ETF沽12月2450,0.032,0.0,0.0,0.0,10,0.0327,0.0332,31,0.0325,0.032,0.032,0.032,1.0,320.0,1151
2023-05-10 09:35:16,OP10005339,50ETF沽12月2450,0.032,0.0,0.0,0.0,20,0.0327,0.0332,21,0.0325,0.032,0.032,0.032,1.0,320.0,1151
2023-05-10 09:35:16,OP10005339,50ETF沽12月2450,0.032,0.0,0.0,0.0,30,0.0328,0.0332,21,0.0325,0.032,0.032,0.032,1.0,320.0,1151
2023-05-10 09:35:17,OP10005339,50ETF沽12月2450,0.032,0.0,0.0,0.0,40,0.0328,0.0332,21,0.0325,0.032,0.032,0.032,1.0,320.0,1151
2023-05-10 09:35:17,OP10005339,50ETF沽12月2450,0.032,0.0,0.0,0.0,60,0.0328,0.0332,21,0.0325,0.032,0.032,0.032,1.0,320.0,1151
2023-05-10 09:35:18,OP10005339,50ETF沽12月2450,0.032,0.0,0.0,0.0,60,0.0328,0.0332,11,0.0325,0.032,0.032,0.032,1.0,320.0,1151
2023-05-10 09:35:18,OP10005339,50ETF沽12月2450,0.032,0.0,0.0,0.0,60,0.0328,0.0332,11,0.0325,0.032,0.032,0.032,1.0,320.0,1151
2023-05-10 09:35:19,OP10005339,50ETF沽12月2450,0.032,0.0,0.0,0.0,60,0.0328,0.0332,21,0.0325,0.032,0.032,0.032,1.0,320.0,1151
2023-05-10 09:35:19,OP10005339,50ETF沽12月2450,0.032,0.0,0.0,0.0,70,0.0328,0.0332,11,0.0325,0.032,0.032,0.032,1.0,320.0,1151
2023-05-10 09:35:20,OP10005339,50ETF沽12月2450,0.032,0.0,0.0,0.0,60,0.0328,0.0332,11,0.0325,0.032,0.032,0.032,1.0,320.0,1151
2023-05-10 09:35:20,OP10005339,50ETF沽12月2450,0.032,0.0,0.0,0.0,70,0.0328,0.0332,10,0.0325,0.032,0.032,0.032,1.0,320.0,1151
2023-05-10 09:35:21,OP10005339,50ETF沽12月2450,0.032,0.0,0.0,0.0,71,0.0328,0.0333,20,0.0325,0.032,0.032,0.032,1.0,320.0,1151
2023-05-10 09:35:21,OP10005339,50ETF沽12月2450,0.032,0.0,0.0,0.0,81,0.0328,0.0333,20,0.0325,0.032,0.032,0.032,1.0,320.0,1151
2023-05-10 09:35:23,OP10005339,50ETF沽12月2450,0.032,0.0,0.0,0.0,81,0.0328,0.0333,50,0.0325,0.032,0.032,0.032,1.0,320.0,1151
2023-05-10 09:35:23,OP10005339,50ETF沽12月2450,0.032,0.0,0.0,0.0,81,0.0328,0.0333,20,0.0325,0.032,0.032,0.032,1.0,320.0,1151
2023-05-10 09:35:24,OP10005339,50ETF沽12月2450,0.032,0.0,0.0,0.0,81,0.0328,0.0333,20,0.0325,0.032,0.032,0.032,1.0,320.0,1151
2023-05-10 09:35:24,OP10005339,50ETF沽12月2450,0.032,0.0,0.0,0.0,91,0.0328,0.0333,20,0.0325,0.032,0.032,0.032,1.0,320.0,1151
2023-05-10 09:35:25,OP10005339,50ETF沽12月2450,0.032,0.0,0.0,0.0,81,0.0328,0.0333,20,0.0325,0.032,0.032,0.032,1.0,320.0,1151
2023-05-10 09:35:26,OP10005339,50ETF沽12月2450,0.032,0.0,0.0,0.0,71,0.0328,0.0333,20,0.0325,0.032,0.032,0.032,1.0,320.0,1151
2023-05-10 09:35:26,OP10005339,50ETF沽12月2450,0.032,0.0,0.0,0.0,81,0.0328,0.0333,20,0.0325,0.032,0.032,0.032,1.0,320.0,1151
2023-05-10 09:35:27,OP10005339,50ETF沽12月2450,0.032,0.0,0.0,0.0,91,0.0328,0.0333,20,0.0325,0.032,0.032,0.032,1.0,320.0,1151
2023-05-10 09:35:27,OP10005339,50ETF沽12月2450,0.032,0.0,0.0,0.0,91,0.0328,0.0333,20,0.0325,0.032,0.032,0.032,1.0,320.0,1151
2023-05-10 09:35:28,OP10005339,50ETF沽12月2450,0.032,0.0,0.0,0.0,91,0.0328,0.0333,20,0.0325,0.032,0.032,0.032,1.0,320.0,1151
2023-05-10 09:35:28,OP10005339,50ETF沽12月2450,0.032,0.0,0.0,0.0,91,0.0328,0.0333,10,0.0325,0.032,0.032,0.032,1.0,320.0,1151
2023-05-10 09:35:29,OP10005339,50ETF沽12月2450,0.032,0.0,0.0,0.0,91,0.0328,0.0335,20,0.0325,0.032,0.032,0.032,1.0,320.0,1151
2023-05-10 09:35:30,OP10005339,50ETF沽12月2450,0.032,0.0,0.0,0.0,10,0.0329,0.0335,50,0.0325,0.032,0.032,0.032,1.0,320.0,1151
2023-05-10 09:35:30,OP10005339,50ETF沽12月2450,0.032,0.0,0.0,0.0,30,0.033,0.0335,50,0.0325,0.032,0.032,0.032,1.0,320.0,1151
2023-05-10 09:35:31,OP10005339,50ETF沽12月2450,0.032,0.0,0.0,0.0,60,0.033,0.0335,50,0.0325,0.032,0.032,0.032,1.0,320.0,1151
2023-05-10 09:35:31,OP10005339,50ETF沽12月2450,0.032,0.0,0.0,0.0,60,0.033,0.0335,60,0.0325,0.032,0.032,0.032,1.0,320.0,1151
2023-05-10 09:35:32,OP10005339,50ETF沽12月2450,0.032,0.0,0.0,0.0,60,0.033,0.0335,60,0.0325,0.032,0.032,0.032,1.0,320.0,1151
2023-05-10 09:35:33,OP10005339,50ETF沽12月2450,0.032,0.0,0.0,0.0,30,0.033,0.0335,60,0.0325,0.032,0.032,0.032,1.0,320.0,1151
2023-05-10 09:35:34,OP10005339,50ETF沽12月2450,0.032,0.0,0.0,0.0,60,0.033,0.0335,50,0.0325,0.032,0.032,0.032,1.0,320.0,1151
2023-05-10 09:35:34,OP10005339,50ETF沽12月2450,0.032,0.0,0.0,0.0,30,0.033,0.0335,50,0.0325,0.032,0.032,0.032,1.0,320.0,1151
2023-05-10 09:35:35,OP10005339,50ETF沽12月2450,0.032,0.0,0.0,0.0,20,0.033,0.0335,40,0.0325,0.032,0.032,0.032,1.0,320.0,1151
2023-05-10 09:35:35,OP10005339,50ETF沽12月2450,0.032,0.0,0.0,0.0,51,0.033,0.0335,40,0.0325,0.032,0.032,0.032,1.0,320.0,1151
2023-05-10 09:35:36,OP10005339,50ETF沽12月2450,0.032,0.0,0.0,0.0,61,0.033,0.0335,40,0.0325,0.032,0.032,0.032,1.0,320.0,1151
2023-05-10 09:35:36,OP10005339,50ETF沽12月2450,0.032,0.0,0.0,0.0,71,0.033,0.0335,40,0.0325,0.032,0.032,0.032,1.0,320.0,1151
2023-05-10 09:35:37,OP10005339,50ETF沽12月2450,0.032,0.0,0.0,0.0,81,0.033,0.0335,50,0.0325,0.032,0.032,0.032,1.0,320.0,1151
2023-05-10 09:35:37,OP10005339,50ETF沽12月2450,0.032,0.0,0.0,0.0,81,0.033,0.0335,50,0.0325,0.032,0.032,0.032,1.0,320.0,1151
2023-05-10 09:35:38,OP10005339,50ETF沽12月2450,0.032,0.0,0.0,0.0,81,0.033,0.0335,50,0.0325,0.032,0.032,0.032,1.0,320.0,1151
2023-05-10 09:35:38,OP10005339,50ETF沽12月2450,0.032,0.0,0.0,0.0,81,0.033,0.0335,50,0.0325,0.032,0.032,0.032,1.0,320.0,1151
2023-05-10 09:35:39,OP10005339,50ETF沽12月2450,0.032,0.0,0.0,0.0,81,0.033,0.0335,50,0.0325,0.032,0.032,0.032,1.0,320.0,1151
2023-05-10 09:35:42,OP10005339,50ETF沽12月2450,0.032,0.0,0.0,0.0,81,0.033,0.0335,20,0.0325,0.032,0.032,0.032,1.0,320.0,1151
2023-05-10 09:35:43,OP10005339,50ETF沽12月2450,0.032,0.0,0.0,0.0,81,0.033,0.0335,20,0.0325,0.032,0.032,0.032,1.0,320.0,1151
2023-05-10 09:35:43,OP10005339,50ETF沽12月2450,0.032,0.0,0.0,0.0,71,0.033,0.0335,50,0.0325,0.032,0.032,0.032,1.0,320.0,1151
2023-05-10 09:35:44,OP10005339,50ETF沽12月2450,0.032,0.0,0.0,0.0,81,0.033,0.0335,50,0.0325,0.032,0.032,0.032,1.0,320.0,1151
2023-05-10 09:35:44,OP10005339,50ETF沽12月2450,0.032,0.0,0.0,0.0,81,0.033,0.0335,40,0.0325,0.032,0.032,0.032,1.0,320.0,1151
2023-05-10 09:35:45,OP10005339,50ETF沽12月2450,0.032,0.0,0.0,0.0,1,0.0331,0.0335,10,0.0325,0.032,0.032,0.032,1.0,320.0,1151
2023-05-10 09:35:46,OP10005339,50ETF沽12月2450,0.032,0.0,0.0,0.0,1,0.0331,0.0335,10,0.0325,0.032,0.032,0.032,1.0,320.0,1151
2023-05-10 09:35:46,OP10005339,50ETF沽12月2450,0.032,0.0,0.0,0.0,1,0.0331,0.0334,30,0.0325,0.032,0.032,0.032,1.0,320.0,1151
2023-05-10 09:35:47,OP10005339,50ETF沽12月2450,0.032,0.0,0.0,0.0,1,0.0331,0.0334,40,0.0325,0.032,0.032,0.032,1.0,320.0,1151
2023-05-10 09:35:47,OP10005339,50ETF沽12月2450,0.032,0.0,0.0,0.0,1,0.033,0.0334,10,0.0325,0.032,0.032,0.032,1.0,320.0,1151
2023-05-10 09:35:48,OP10005339,50ETF沽12月2450,0.032,0.0,0.0,0.0,31,0.033,0.0335,10,0.0325,0.032,0.032,0.032,1.0,320.0,1151
2023-05-10 09:35:48,OP10005339,50ETF沽12月2450,0.032,0.0,0.0,0.0,31,0.0329,0.0334,30,0.0325,0.032,0.032,0.032,1.0,320.0,1151
2023-05-10 09:35:49,OP10005339,50ETF沽12月2450,0.032,0.0,0.0,0.0,30,0.033,0.0334,20,0.0325,0.032,0.032,0.032,1.0,320.0,1151
2023-05-10 09:35:49,OP10005339,50ETF沽12月2450,0.032,0.0,0.0,0.0,30,0.033,0.0334,20,0.0325,0.032,0.032,0.032,1.0,320.0,1151
2023-05-10 09:35:50,OP10005339,50ETF沽12月2450,0.032,0.0,0.0,0.0,40,0.033,0.0334,20,0.0325,0.032,0.032,0.032,1.0,320.0,1151
2023-05-10 09:35:51,OP10005339,50ETF沽12月2450,0.032,0.0,0.0,0.0,10,0.033,0.0334,50,0.0325,0.032,0.032,0.032,1.0,320.0,1151
2023-05-10 09:35:51,OP10005339,50ETF沽12月2450,0.032,0.0,0.0,0.0,21,0.0329,0.0334,60,0.0325,0.032,0.032,0.032,1.0,320.0,1151
2023-05-10 09:35:52,OP10005339,50ETF沽12月2450,0.032,0.0,0.0,0.0,51,0.0329,0.0334,70,0.0325,0.032,0.032,0.032,1.0,320.0,1151
2023-05-10 09:35:53,OP10005339,50ETF沽12月2450,0.032,0.0,0.0,0.0,41,0.0329,0.0334,70,0.0325,0.032,0.032,0.032,1.0,320.0,1151
2023-05-10 09:35:53,OP10005339,50ETF沽12月2450,0.032,0.0,0.0,0.0,51,0.0329,0.0334,70,0.0325,0.032,0.032,0.032,1.0,320.0,1151
2023-05-10 09:35:54,OP10005339,50ETF沽12月2450,0.032,0.0,0.0,0.0,41,0.0329,0.0334,60,0.0325,0.032,0.032,0.032,1.0,320.0,1151
2023-05-10 09:35:54,OP10005339,50ETF沽12月2450,0.032,0.0,0.0,0.0,51,0.0329,0.0334,40,0.0325,0.032,0.032,0.032,1.0,320.0,1151
2023-05-10 09:35:55,OP10005339,50ETF沽12月2450,0.032,0.0,0.0,0.0,61,0.0329,0.0334,20,0.0325,0.032,0.032,0.032,1.0,320.0,1151
2023-05-10 09:35:56,OP10005339,50ETF沽12月2450,0.032,0.0,0.0,0.0,61,0.0329,0.0334,20,0.0325,0.032,0.032,0.032,1.0,320.0,1151
2023-05-10 09:35:56,OP10005339,50ETF沽12月2450,0.032,0.0,0.0,0.0,61,0.0329,0.0334,20,0.0325,0.032,0.032,0.032,1.0,320.0,1151
2023-05-10 09:35:57,OP10005339,50ETF沽12月2450,0.032,0.0,0.0,0.0,51,0.0329,0.0334,50,0.0325,0.032,0.032,0.032,1.0,320.0,1151
2023-05-10 09:35:57,OP10005339,50ETF沽12月2450,0.032,0.0,0.0,0.0,61,0.0329,0.0334,50,0.0325,0.032,0.032,0.032,1.0,320.0,1151
2023-05-10 09:35:58,OP10005339,50ETF沽12月2450,0.032,0.0,0.0,0.0,61,0.0329,0.0334,50,0.0325,0.032,0.032,0.032,1.0,320.0,1151
2023-05-10 09:35:59,OP10005339,50ETF沽12月2450,0.032,0.0,0.0,0.0,31,0.0329,0.0334,60,0.0325,0.032,0.032,0.032,1.0,320.0,1151
2023-05-10 09:35:59,OP10005339,50ETF沽12月2450,0.032,0.0,0.0,0.0,30,0.0328,0.0334,71,0.0325,0.032,0.032,0.032,1.0,320.0,1151
2023-05-10 09:36:00,OP10005339,50ETF沽12月2450,0.032,0.0,0.0,0.0,1,0.0329,0.0334,71,0.0325,0.032,0.032,0.032,1.0,320.0,1151
2023-05-10 09:36:00,OP10005339,50ETF沽12月2450,0.032,0.0,0.0,0.0,30,0.0329,0.0334,71,0.0325,0.032,0.032,0.032,1.0,320.0,1151
2023-05-10 09:36:01,OP10005339,50ETF沽12月2450,0.032,0.0,0.0,0.0,40,0.0329,0.0334,61,0.0325,0.032,0.032,0.032,1.0,320.0,1151
2023-05-10 09:36:02,OP10005339,50ETF沽12月2450,0.032,0.0,0.0,0.0,40,0.0329,0.0334,71,0.0325,0.032,0.032,0.032,1.0,320.0,1151
2023-05-10 09:36:02,OP10005339,50ETF沽12月2450,0.032,0.0,0.0,0.0,40,0.0329,0.0334,71,0.0325,0.032,0.032,0.032,1.0,320.0,1151
2023-05-10 09:36:03,OP10005339,50ETF沽12月2450,0.032,0.0,0.0,0.0,40,0.0329,0.0334,71,0.0325,0.032,0.032,0.032,1.0,320.0,1151
2023-05-10 09:36:04,OP10005339,50ETF沽12月2450,0.032,0.0,0.0,0.0,40,0.0329,0.0334,81,0.0325,0.032,0.032,0.032,1.0,320.0,1151
2023-05-10 09:36:04,OP10005339,50ETF沽12月2450,0.032,0.0,0.0,0.0,10,0.0329,0.0334,71,0.0325,0.032,0.032,0.032,1.0,320.0,1151
2023-05-10 09:36:05,OP10005339,50ETF沽12月2450,0.032,0.0,0.0,0.0,30,0.0329,0.0334,71,0.0325,0.032,0.032,0.032,1.0,320.0,1151
2023-05-10 09:36:05,OP10005339,50ETF沽12月2450,0.032,0.0,0.0,0.0,40,0.0329,0.0334,81,0.0325,0.032,0.032,0.032,1.0,320.0,1151
2023-05-10 09:36:06,OP10005339,50ETF沽12月2450,0.032,0.0,0.0,0.0,10,0.0329,0.0334,81,0.0325,0.032,0.032,0.032,1.0,320.0,1151
2023-05-10 09:36:06,OP10005339,50ETF沽12月2450,0.032,0.0,0.0,0.0,30,0.0329,0.0334,71,0.0325,0.032,0.032,0.032,1.0,320.0,1151
2023-05-10 09:36:07,OP10005339,50ETF沽12月2450,0.032,0.0,0.0,0.0,40,0.0329,0.0334,71,0.0325,0.032,0.032,0.032,1.0,320.0,1151
2023-05-10 09:36:07,OP10005339,50ETF沽12月2450,0.032,0.0,0.0,0.0,40,0.0329,0.0334,71,0.0325,0.032,0.032,0.032,1.0,320.0,1151
2023-05-10 09:36:08,OP10005339,50ETF沽12月2450,0.032,0.0,0.0,0.0,10,0.0329,0.0334,71,0.0325,0.032,0.032,0.032,1.0,320.0,1151
2023-05-10 09:36:08,OP10005339,50ETF沽12月2450,0.032,0.0,0.0,0.0,20,0.0327,0.0333,10,0.0325,0.032,0.032,0.032,1.0,320.0,1151
2023-05-10 09:36:09,OP10005339,50ETF沽12月2450,0.032,0.0,0.0,0.0,40,0.0327,0.0333,21,0.0325,0.032,0.032,0.032,1.0,320.0,1151
2023-05-10 09:36:09,OP10005339,50ETF沽12月2450,0.032,0.0,0.0,0.0,30,0.0327,0.0332,30,0.0325,0.032,0.032,0.032,1.0,320.0,1151
2023-05-10 09:36:10,OP10005339,50ETF沽12月2450,0.032,0.0,0.0,0.0,40,0.0327,0.0332,50,0.0325,0.032,0.032,0.032,1.0,320.0,1151
2023-05-10 09:36:10,OP10005339,50ETF沽12月2450,0.032,0.0,0.0,0.0,60,0.0327,0.0332,30,0.0325,0.032,0.032,0.032,1.0,320.0,1151
2023-05-10 09:36:11,OP10005339,50ETF沽12月2450,0.032,0.0,0.0,0.0,60,0.0327,0.0332,20,0.0325,0.032,0.032,0.032,1.0,320.0,1151
2023-05-10 09:36:11,OP10005339,50ETF沽12月2450,0.032,0.0,0.0,0.0,70,0.0327,0.0332,10,0.0325,0.032,0.032,0.032,1.0,320.0,1151
2023-05-10 09:36:12,OP10005339,50ETF沽12月2450,0.032,0.0,0.0,0.0,100,0.0327,0.0333,11,0.0325,0.032,0.032,0.032,1.0,320.0,1151
2023-05-10 09:36:12,OP10005339,50ETF沽12月2450,0.032,0.0,0.0,0.0,90,0.0327,0.0333,51,0.0325,0.032,0.032,0.032,1.0,320.0,1151
2023-05-10 09:36:13,OP10005339,50ETF沽12月2450,0.032,0.0,0.0,0.0,80,0.0327,0.0333,51,0.0325,0.032,0.032,0.032,1.0,320.0,1151
2023-05-10 09:36:13,OP10005339,50ETF沽12月2450,0.032,0.0,0.0,0.0,90,0.0327,0.0333,51,0.0325,0.032,0.032,0.032,1.0,320.0,1151
2023-05-10 09:36:14,OP10005339,50ETF沽12月2450,0.032,0.0,0.0,0.0,110,0.0327,0.0333,50,0.0325,0.032,0.032,0.032,1.0,320.0,1151
2023-05-10 09:36:14,OP10005339,50ETF沽12月2450,0.032,0.0,0.0,0.0,90,0.0327,0.0333,50,0.0325,0.032,0.032,0.032,1.0,320.0,1151
2023-05-10 09:36:15,OP10005339,50ETF沽12月2450,0.032,0.0,0.0,0.0,100,0.0327,0.0333,50,0.0325,0.032,0.032,0.032,1.0,320.0,1151
2023-05-10 09:36:15,OP10005339,50ETF沽12月2450,0.032,0.0,0.0,0.0,110,0.0327,0.0333,20,0.0325,0.032,0.032,0.032,1.0,320.0,1151
2023-05-10 09:36:16,OP10005339,50ETF沽12月2450,0.032,0.0,0.0,0.0,80,0.0327,0.0333,50,0.0325,0.032,0.032,0.032,1.0,320.0,1151
2023-05-10 09:36:16,OP10005339,50ETF沽12月2450,0.032,0.0,0.0,0.0,90,0.0327,0.0333,70,0.0325,0.032,0.032,0.032,1.0,320.0,1151
2023-05-10 09:36:17,OP10005339,50ETF沽12月2450,0.032,0.0,0.0,0.0,60,0.0327,0.0333,70,0.0325,0.032,0.032,0.032,1.0,320.0,1151
2023-05-10 09:36:17,OP10005339,50ETF沽12月2450,0.032,0.0,0.0,0.0,70,0.0327,0.0333,70,0.0325,0.032,0.032,0.032,1.0,320.0,1151
2023-05-10 09:36:18,OP10005339,50ETF沽12月2450,0.032,0.0,0.0,0.0,70,0.0327,0.0333,70,0.0325,0.032,0.032,0.032,1.0,320.0,1151
2023-05-10 09:36:18,OP10005339,50ETF沽12月2450,0.032,0.0,0.0,0.0,60,0.0327,0.0333,70,0.0325,0.032,0.032,0.032,1.0,320.0,1151
2023-05-10 09:36:19,OP10005339,50ETF沽12月2450,0.032,0.0,0.0,0.0,50,0.0327,0.0333,70,0.0325,0.032,0.032,0.032,1.0,320.0,1151
2023-05-10 09:36:19,OP10005339,50ETF沽12月2450,0.032,0.0,0.0,0.0,30,0.0327,0.0333,60,0.0325,0.032,0.032,0.032,1.0,320.0,1151
2023-05-10 09:36:20,OP10005339,50ETF沽12月2450,0.032,0.0,0.0,0.0,40,0.0327,0.0333,70,0.0325,0.032,0.032,0.032,1.0,320.0,1151
2023-05-10 09:36:20,OP10005339,50ETF沽12月2450,0.032,0.0,0.0,0.0,40,0.0327,0.0333,70,0.0325,0.032,0.032,0.032,1.0,320.0,1151
2023-05-10 09:36:21,OP10005339,50ETF沽12月2450,0.032,0.0,0.0,0.0,40,0.0327,0.0333,70,0.0325,0.032,0.032,0.032,1.0,320.0,1151
2023-05-10 09:36:21,OP10005339,50ETF沽12月2450,0.032,0.0,0.0,0.0,50,0.0327,0.0333,80,0.0325,0.032,0.032,0.032,1.0,320.0,1151
2023-05-10 09:36:22,OP10005339,50ETF沽12月2450,0.032,0.0,0.0,0.0,50,0.0327,0.0333,80,0.0325,0.032,0.032,0.032,1.0,320.0,1151
2023-05-10 09:36:22,OP10005339,50ETF沽12月2450,0.032,0.0,0.0,0.0,50,0.0327,0.0333,80,0.0325,0.032,0.032,0.032,1.0,320.0,1151
2023-05-10 09:36:23,OP10005339,50ETF沽12月2450,0.032,0.0,0.0,0.0,50,0.0327,0.0333,80,0.0325,0.032,0.032,0.032,1.0,320.0,1151
2023-05-10 09:36:23,OP10005339,50ETF沽12月2450,0.032,0.0,0.0,0.0,50,0.0327,0.0333,70,0.0325,0.032,0.032,0.032,1.0,320.0,1151
2023-05-10 09:36:24,OP10005339,50ETF沽12月2450,0.032,0.0,0.0,0.0,40,0.0327,0.0333,30,0.0325,0.032,0.032,0.032,1.0,320.0,1151
2023-05-10 09:36:24,OP10005339,50ETF沽12月2450,0.032,0.0,0.0,0.0,60,0.0327,0.0333,10,0.0325,0.032,0.032,0.032,1.0,320.0,1151
2023-05-10 09:36:25,OP10005339,50ETF沽12月2450,0.032,0.0,0.0,0.0,10,0.0328,0.0335,20,0.0325,0.032,0.032,0.032,1.0,320.0,1151
2023-05-10 09:36:25,OP10005339,50ETF沽12月2450,0.032,0.0,0.0,0.0,30,0.0329,0.0334,40,0.0325,0.032,0.032,0.032,1.0,320.0,1151
2023-05-10 09:36:26,OP10005339,50ETF沽12月2450,0.032,0.0,0.0,0.0,30,0.0329,0.0334,50,0.0325,0.032,0.032,0.032,1.0,320.0,1151
2023-05-10 09:36:26,OP10005339,50ETF沽12月2450,0.032,0.0,0.0,0.0,30,0.0329,0.0334,50,0.0325,0.032,0.032,0.032,1.0,320.0,1151
2023-05-10 09:36:27,OP10005339,50ETF沽12月2450,0.032,0.0,0.0,0.0,40,0.0329,0.0334,50,0.0325,0.032,0.032,0.032,1.0,320.0,1151
2023-05-10 09:36:27,OP10005339,50ETF沽12月2450,0.032,0.0,0.0,0.0,40,0.0329,0.0334,60,0.0325,0.032,0.032,0.032,1.0,320.0,1151
2023-05-10 09:36:28,OP10005339,50ETF沽12月2450,0.032,0.0,0.0,0.0,40,0.0329,0.0334,60,0.0325,0.032,0.032,0.032,1.0,320.0,1151
2023-05-10 09:36:30,OP10005339,50ETF沽12月2450,0.032,0.0,0.0,0.0,50,0.0329,0.0334,30,0.0325,0.032,0.032,0.032,1.0,320.0,1151
2023-05-10 09:36:30,OP10005339,50ETF沽12月2450,0.032,0.0,0.0,0.0,70,0.0329,0.0334,10,0.0325,0.032,0.032,0.032,1.0,320.0,1151
2023-05-10 09:36:31,OP10005339,50ETF沽12月2450,0.032,0.0,0.0,0.0,60,0.0329,0.0336,10,0.0325,0.032,0.032,0.032,1.0,320.0,1151
2023-05-10 09:36:31,OP10005339,50ETF沽12月2450,0.032,0.0,0.0,0.0,10,0.033,0.0336,30,0.0325,0.032,0.032,0.032,1.0,320.0,1151
2023-05-10 09:36:32,OP10005339,50ETF沽12月2450,0.032,0.0,0.0,0.0,30,0.0331,0.0336,50,0.0325,0.032,0.032,0.032,1.0,320.0,1151
2023-05-10 09:36:32,OP10005339,50ETF沽12月2450,0.032,0.0,0.0,0.0,40,0.0331,0.0336,40,0.0325,0.032,0.032,0.032,1.0,320.0,1151
2023-05-10 09:36:33,OP10005339,50ETF沽12月2450,0.032,0.0,0.0,0.0,30,0.033,0.0336,50,0.0325,0.032,0.032,0.032,1.0,320.0,1151
2023-05-10 09:36:33,OP10005339,50ETF沽12月2450,0.032,0.0,0.0,0.0,50,0.033,0.0336,50,0.0325,0.032,0.032,0.032,1.0,320.0,1151
2023-05-10 09:36:34,OP10005339,50ETF沽12月2450,0.032,0.0,0.0,0.0,50,0.033,0.0336,40,0.0325,0.032,0.032,0.032,1.0,320.0,1151
2023-05-10 09:36:34,OP10005339,50ETF沽12月2450,0.032,0.0,0.0,0.0,61,0.033,0.0336,50,0.0325,0.032,0.032,0.032,1.0,320.0,1151
2023-05-10 09:36:35,OP10005339,50ETF沽12月2450,0.032,0.0,0.0,0.0,61,0.033,0.0336,40,0.0325,0.032,0.032,0.032,1.0,320.0,1151
2023-05-10 09:36:35,OP10005339,50ETF沽12月2450,0.032,0.0,0.0,0.0,71,0.033,0.0336,60,0.0325,0.032,0.032,0.032,1.0,320.0,1151
2023-05-10 09:36:36,OP10005339,50ETF沽12月2450,0.032,0.0,0.0,0.0,21,0.033,0.0336,60,0.0325,0.032,0.032,0.032,1.0,320.0,1151
2023-05-10 09:36:36,OP10005339,50ETF沽12月2450,0.032,0.0,0.0,0.0,11,0.033,0.0335,10,0.0325,0.032,0.032,0.032,1.0,320.0,1151
2023-05-10 09:36:37,OP10005339,50ETF沽12月2450,0.032,0.0,0.0,0.0,1,0.033,0.0334,30,0.0325,0.032,0.032,0.032,1.0,320.0,1151
2023-05-10 09:36:37,OP10005339,50ETF沽12月2450,0.032,0.0,0.0,0.0,1,0.033,0.0334,50,0.0325,0.032,0.032,0.032,1.0,320.0,1151
2023-05-10 09:36:38,OP10005339,50ETF沽12月2450,0.032,0.0,0.0,0.0,1,0.033,0.0334,50,0.0325,0.032,0.032,0.032,1.0,320.0,1151
2023-05-10 09:36:38,OP10005339,50ETF沽12月2450,0.032,0.0,0.0,0.0,50,0.0328,0.0334,50,0.0325,0.032,0.032,0.032,1.0,320.0,1151
2023-05-10 09:36:39,OP10005339,50ETF沽12月2450,0.032,0.0,0.0,0.0,40,0.0328,0.0334,60,0.0325,0.032,0.032,0.032,1.0,320.0,1151
2023-05-10 09:36:39,OP10005339,50ETF沽12月2450,0.032,0.0,0.0,0.0,70,0.0328,0.0334,60,0.0325,0.032,0.032,0.032,1.0,320.0,1151
2023-05-10 09:36:40,OP10005339,50ETF沽12月2450,0.032,0.0,0.0,0.0,100,0.0328,0.0334,70,0.0325,0.032,0.032,0.032,1.0,320.0,1151
2023-05-10 09:36:40,OP10005339,50ETF沽12月2450,0.032,0.0,0.0,0.0,90,0.0328,0.0334,70,0.0325,0.032,0.032,0.032,1.0,320.0,1151
2023-05-10 09:36:41,OP10005339,50ETF沽12月2450,0.032,0.0,0.0,0.0,100,0.0328,0.0334,70,0.0325,0.032,0.032,0.032,1.0,320.0,1151
2023-05-10 09:36:41,OP10005339,50ETF沽12月2450,0.032,0.0,0.0,0.0,90,0.0328,0.0334,71,0.0325,0.032,0.032,0.032,1.0,320.0,1151
2023-05-10 09:36:42,OP10005339,50ETF沽12月2450,0.032,0.0,0.0,0.0,70,0.0328,0.0334,71,0.0325,0.032,0.032,0.032,1.0,320.0,1151
2023-05-10 09:36:43,OP10005339,50ETF沽12月2450,0.032,0.0,0.0,0.0,80,0.0328,0.0334,71,0.0325,0.032,0.032,0.032,1.0,320.0,1151
2023-05-10 09:36:44,OP10005339,50ETF沽12月2450,0.032,0.0,0.0,0.0,80,0.0328,0.0334,41,0.0325,0.032,0.032,0.032,1.0,320.0,1151
2023-05-10 09:36:45,OP10005339,50ETF沽12月2450,0.032,0.0,0.0,0.0,100,0.0328,0.0334,10,0.0325,0.032,0.032,0.032,1.0,320.0,1151
2023-05-10 09:36:45,OP10005339,50ETF沽12月2450,0.032,0.0,0.0,0.0,10,0.0329,0.0334,10,0.0325,0.032,0.032,0.032,1.0,320.0,1151
2023-05-10 09:36:46,OP10005339,50ETF沽12月2450,0.032,0.0,0.0,0.0,30,0.033,0.0334,10,0.0325,0.032,0.032,0.032,1.0,320.0,1151
2023-05-10 09:36:47,OP10005339,50ETF沽12月2450,0.032,0.0,0.0,0.0,60,0.033,0.0336,11,0.0325,0.032,0.032,0.032,1.0,320.0,1151
2023-05-10 09:36:47,OP10005339,50ETF沽12月2450,0.032,0.0,0.0,0.0,70,0.033,0.0335,30,0.0325,0.032,0.032,0.032,1.0,320.0,1151
2023-05-10 09:36:48,OP10005339,50ETF沽12月2450,0.032,0.0,0.0,0.0,80,0.033,0.0335,10,0.0325,0.032,0.032,0.032,1.0,320.0,1151
2023-05-10 09:36:48,OP10005339,50ETF沽12月2450,0.032,0.0,0.0,0.0,80,0.033,0.0335,10,0.0325,0.032,0.032,0.032,1.0,320.0,1151
2023-05-10 09:36:49,OP10005339,50ETF沽12月2450,0.032,0.0,0.0,0.0,90,0.033,0.0335,10,0.0325,0.032,0.032,0.032,1.0,320.0,1151
2023-05-10 09:36:49,OP10005339,50ETF沽12月2450,0.032,0.0,0.0,0.0,80,0.033,0.0335,10,0.0325,0.032,0.032,0.032,1.0,320.0,1151
2023-05-10 09:36:50,OP10005339,50ETF沽12月2450,0.032,0.0,0.0,0.0,80,0.033,0.0335,10,0.0325,0.032,0.032,0.032,1.0,320.0,1151
2023-05-10 09:36:51,OP10005339,50ETF沽12月2450,0.032,0.0,0.0,0.0,110,0.033,0.0336,20,0.0325,0.032,0.032,0.032,1.0,320.0,1151
2023-05-10 09:36:51,OP10005339,50ETF沽12月2450,0.032,0.0,0.0,0.0,91,0.033,0.0335,30,0.0325,0.032,0.032,0.032,1.0,320.0,1151
2023-05-10 09:36:52,OP10005339,50ETF沽12月2450,0.032,0.0,0.0,0.0,91,0.033,0.0335,10,0.0325,0.032,0.032,0.032,1.0,320.0,1151
2023-05-10 09:36:52,OP10005339,50ETF沽12月2450,0.032,0.0,0.0,0.0,91,0.033,0.0336,20,0.0325,0.032,0.032,0.032,1.0,320.0,1151
2023-05-10 09:36:53,OP10005339,50ETF沽12月2450,0.032,0.0,0.0,0.0,101,0.033,0.0336,50,0.0325,0.032,0.032,0.032,1.0,320.0,1151
2023-05-10 09:36:53,OP10005339,50ETF沽12月2450,0.032,0.0,0.0,0.0,101,0.033,0.0336,50,0.0325,0.032,0.032,0.032,1.0,320.0,1151
2023-05-10 09:36:54,OP10005339,50ETF沽12月2450,0.032,0.0,0.0,0.0,91,0.033,0.0336,50,0.0325,0.032,0.032,0.032,1.0,320.0,1151
2023-05-10 09:36:55,OP10005339,50ETF沽12月2450,0.032,0.0,0.0,0.0,81,0.033,0.0336,50,0.0325,0.032,0.032,0.032,1.0,320.0,1151
2023-05-10 09:36:55,OP10005339,50ETF沽12月2450,0.032,0.0,0.0,0.0,10,0.0331,0.0336,10,0.0325,0.032,0.032,0.032,1.0,320.0,1151
2023-05-10 09:36:56,OP10005339,50ETF沽12月2450,0.032,0.0,0.0,0.0,30,0.0332,0.0338,11,0.0325,0.032,0.032,0.032,1.0,320.0,1151
2023-05-10 09:36:56,OP10005339,50ETF沽12月2450,0.032,0.0,0.0,0.0,90,0.0332,0.0337,30,0.0325,0.032,0.032,0.032,1.0,320.0,1151
2023-05-10 09:36:57,OP10005339,50ETF沽12月2450,0.032,0.0,0.0,0.0,80,0.0332,0.0337,40,0.0325,0.032,0.032,0.032,1.0,320.0,1151
2023-05-10 09:36:57,OP10005339,50ETF沽12月2450,0.032,0.0,0.0,0.0,70,0.0332,0.0337,40,0.0325,0.032,0.032,0.032,1.0,320.0,1151
2023-05-10 09:36:58,OP10005339,50ETF沽12月2450,0.032,0.0,0.0,0.0,10,0.0333,0.0337,50,0.0325,0.032,0.032,0.032,1.0,320.0,1151
2023-05-10 09:36:58,OP10005339,50ETF沽12月2450,0.032,0.0,0.0,0.0,10,0.0333,0.0337,60,0.0325,0.032,0.032,0.032,1.0,320.0,1151
2023-05-10 09:36:59,OP10005339,50ETF沽12月2450,0.032,0.0,0.0,0.0,91,0.0332,0.0337,50,0.0325,0.032,0.032,0.032,1.0,320.0,1151
2023-05-10 09:36:59,OP10005339,50ETF沽12月2450,0.032,0.0,0.0,0.0,101,0.0332,0.0337,20,0.0325,0.032,0.032,0.032,1.0,320.0,1151
2023-05-10 09:37:00,OP10005339,50ETF沽12月2450,0.032,0.0,0.0,0.0,101,0.0332,0.0337,20,0.0325,0.032,0.032,0.032,1.0,320.0,1151
2023-05-10 09:37:00,OP10005339,50ETF沽12月2450,0.032,0.0,0.0,0.0,10,0.0333,0.0337,10,0.0325,0.032,0.032,0.032,1.0,320.0,1151
2023-05-10 09:37:01,OP10005339,50ETF沽12月2450,0.032,0.0,0.0,0.0,11,0.0333,0.034,61,0.0325,0.032,0.032,0.032,1.0,320.0,1151
2023-05-10 09:37:01,OP10005339,50ETF沽12月2450,0.032,0.0,0.0,0.0,10,0.0334,0.034,70,0.0325,0.032,0.032,0.032,1.0,320.0,1151
2023-05-10 09:37:02,OP10005339,50ETF沽12月2450,0.032,0.0,0.0,0.0,20,0.0334,0.034,60,0.0325,0.032,0.032,0.032,1.0,320.0,1151
2023-05-10 09:37:02,OP10005339,50ETF沽12月2450,0.032,0.0,0.0,0.0,10,0.0334,0.034,70,0.0325,0.032,0.032,0.032,1.0,320.0,1151
2023-05-10 09:37:03,OP10005339,50ETF沽12月2450,0.032,0.0,0.0,0.0,21,0.0333,0.034,70,0.0325,0.032,0.032,0.032,1.0,320.0,1151
2023-05-10 09:37:03,OP10005339,50ETF沽12月2450,0.032,0.0,0.0,0.0,41,0.0333,0.034,80,0.0325,0.032,0.032,0.032,1.0,320.0,1151
2023-05-10 09:37:04,OP10005339,50ETF沽12月2450,0.032,0.0,0.0,0.0,51,0.0333,0.034,70,0.0325,0.032,0.032,0.032,1.0,320.0,1151
2023-05-10 09:37:04,OP10005339,50ETF沽12月2450,0.032,0.0,0.0,0.0,11,0.0333,0.034,80,0.0325,0.032,0.032,0.032,1.0,320.0,1151
2023-05-10 09:37:05,OP10005339,50ETF沽12月2450,0.032,0.0,0.0,0.0,51,0.0333,0.034,70,0.0325,0.032,0.032,0.032,1.0,320.0,1151
2023-05-10 09:37:05,OP10005339,50ETF沽12月2450,0.032,0.0,0.0,0.0,51,0.0333,0.034,71,0.0325,0.032,0.032,0.032,1.0,320.0,1151
2023-05-10 09:37:06,OP10005339,50ETF沽12月2450,0.032,0.0,0.0,0.0,41,0.0333,0.034,81,0.0325,0.032,0.032,0.032,1.0,320.0,1151
2023-05-10 09:37:06,OP10005339,50ETF沽12月2450,0.032,0.0,0.0,0.0,51,0.0333,0.034,71,0.0325,0.032,0.032,0.032,1.0,320.0,1151
2023-05-10 09:37:07,OP10005339,50ETF沽12月2450,0.032,0.0,0.0,0.0,71,0.0333,0.034,71,0.0325,0.032,0.032,0.032,1.0,320.0,1151
2023-05-10 09:37:08,OP10005339,50ETF沽12月2450,0.032,0.0,0.0,0.0,41,0.0333,0.034,71,0.0325,0.032,0.032,0.032,1.0,320.0,1151
2023-05-10 09:37:08,OP10005339,50ETF沽12月2450,0.032,0.0,0.0,0.0,31,0.0333,0.034,71,0.0325,0.032,0.032,0.032,1.0,320.0,1151
2023-05-10 09:37:09,OP10005339,50ETF沽12月2450,0.032,0.0,0.0,0.0,11,0.0333,0.034,81,0.0325,0.032,0.032,0.032,1.0,320.0,1151
2023-05-10 09:37:09,OP10005339,50ETF沽12月2450,0.032,0.0,0.0,0.0,1,0.0333,0.034,71,0.0325,0.032,0.032,0.032,1.0,320.0,1151
2023-05-10 09:37:10,OP10005339,50ETF沽12月2450,0.032,0.0,0.0,0.0,11,0.0333,0.034,61,0.0325,0.032,0.032,0.032,1.0,320.0,1151
2023-05-10 09:37:11,OP10005339,50ETF沽12月2450,0.032,0.0,0.0,0.0,10,0.0333,0.034,71,0.0325,0.032,0.032,0.032,1.0,320.0,1151
2023-05-10 09:37:11,OP10005339,50ETF沽12月2450,0.032,0.0,0.0,0.0,61,0.0332,0.034,71,0.0325,0.032,0.032,0.032,1.0,320.0,1151
2023-05-10 09:37:12,OP10005339,50ETF沽12月2450,0.032,0.0,0.0,0.0,90,0.0332,0.034,71,0.0325,0.032,0.032,0.032,1.0,320.0,1151
2023-05-10 09:37:12,OP10005339,50ETF沽12月2450,0.032,0.0,0.0,0.0,10,0.0333,0.034,61,0.0325,0.032,0.032,0.032,1.0,320.0,1151
2023-05-10 09:37:13,OP10005339,50ETF沽12月2450,0.032,0.0,0.0,0.0,30,0.0333,0.034,81,0.0325,0.032,0.032,0.032,1.0,320.0,1151
2023-05-10 09:37:13,OP10005339,50ETF沽12月2450,0.032,0.0,0.0,0.0,10,0.0334,0.034,71,0.0325,0.032,0.032,0.032,1.0,320.0,1151
2023-05-10 09:37:14,OP10005339,50ETF沽12月2450,0.032,0.0,0.0,0.0,10,0.0334,0.034,41,0.0325,0.032,0.032,0.032,1.0,320.0,1151
2023-05-10 09:37:14,OP10005339,50ETF沽12月2450,0.032,0.0,0.0,0.0,30,0.0334,0.0339,30,0.0325,0.032,0.032,0.032,1.0,320.0,1151
2023-05-10 09:37:15,OP10005339,50ETF沽12月2450,0.032,0.0,0.0,0.0,20,0.0334,0.0339,51,0.0325,0.032,0.032,0.032,1.0,320.0,1151
2023-05-10 09:37:15,OP10005339,50ETF沽12月2450,0.032,0.0,0.0,0.0,10,0.0334,0.0339,61,0.0325,0.032,0.032,0.032,1.0,320.0,1151
2023-05-10 09:37:16,OP10005339,50ETF沽12月2450,0.032,0.0,0.0,0.0,10,0.0334,0.0339,71,0.0325,0.032,0.032,0.032,1.0,320.0,1151
2023-05-10 09:37:16,OP10005339,50ETF沽12月2450,0.032,0.0,0.0,0.0,10,0.0334,0.0339,71,0.0325,0.032,0.032,0.032,1.0,320.0,1151
2023-05-10 09:37:17,OP10005339,50ETF沽12月2450,0.032,0.0,0.0,0.0,10,0.0334,0.0339,71,0.0325,0.032,0.032,0.032,1.0,320.0,1151
2023-05-10 09:37:17,OP10005339,50ETF沽12月2450,0.032,0.0,0.0,0.0,20,0.0333,0.0339,61,0.0325,0.032,0.032,0.032,1.0,320.0,1151
2023-05-10 09:37:18,OP10005339,50ETF沽12月2450,0.032,0.0,0.0,0.0,51,0.0333,0.0339,61,0.0325,0.032,0.032,0.032,1.0,320.0,1151
2023-05-10 09:37:18,OP10005339,50ETF沽12月2450,0.032,0.0,0.0,0.0,51,0.0333,0.0339,61,0.0325,0.032,0.032,0.032,1.0,320.0,1151
2023-05-10 09:37:19,OP10005339,50ETF沽12月2450,0.032,0.0,0.0,0.0,41,0.0333,0.0339,61,0.0325,0.032,0.032,0.032,1.0,320.0,1151
2023-05-10 09:37:19,OP10005339,50ETF沽12月2450,0.032,0.0,0.0,0.0,10,0.0333,0.0339,71,0.0325,0.032,0.032,0.032,1.0,320.0,1151
2023-05-10 09:37:20,OP10005339,50ETF沽12月2450,0.032,0.0,0.0,0.0,31,0.0332,0.0339,71,0.0325,0.032,0.032,0.032,1.0,320.0,1151
2023-05-10 09:37:20,OP10005339,50ETF沽12月2450,0.032,0.0,0.0,0.0,21,0.0332,0.0339,71,0.0325,0.032,0.032,0.032,1.0,320.0,1151
2023-05-10 09:37:21,OP10005339,50ETF沽12月2450,0.032,0.0,0.0,0.0,40,0.0333,0.0339,81,0.0325,0.032,0.032,0.032,1.0,320.0,1151
2023-05-10 09:37:21,OP10005339,50ETF沽12月2450,0.032,0.0,0.0,0.0,60,0.0333,0.0339,91,0.0325,0.032,0.032,0.032,1.0,320.0,1151
2023-05-10 09:37:22,OP10005339,50ETF沽12月2450,0.032,0.0,0.0,0.0,70,0.0333,0.0339,71,0.0325,0.032,0.032,0.032,1.0,320.0,1151
2023-05-10 09:37:22,OP10005339,50ETF沽12月2450,0.032,0.0,0.0,0.0,60,0.0333,0.0339,71,0.0325,0.032,0.032,0.032,1.0,320.0,1151
2023-05-10 09:37:23,OP10005339,50ETF沽12月2450,0.032,0.0,0.0,0.0,70,0.0333,0.0339,71,0.0325,0.032,0.032,0.032,1.0,320.0,1151
2023-05-10 09:37:23,OP10005339,50ETF沽12月2450,0.032,0.0,0.0,0.0,60,0.0333,0.0339,71,0.0325,0.032,0.032,0.032,1.0,320.0,1151
2023-05-10 09:37:24,OP10005339,50ETF沽12月2450,0.032,0.0,0.0,0.0,60,0.0333,0.0339,71,0.0325,0.032,0.032,0.032,1.0,320.0,1151
2023-05-10 09:37:24,OP10005339,50ETF沽12月2450,0.032,0.0,0.0,0.0,70,0.0333,0.0339,71,0.0325,0.032,0.032,0.032,1.0,320.0,1151
2023-05-10 09:37:25,OP10005339,50ETF沽12月2450,0.032,0.0,0.0,0.0,61,0.0333,0.0339,71,0.0325,0.032,0.032,0.032,1.0,320.0,1151
2023-05-10 09:37:25,OP10005339,50ETF沽12月2450,0.032,0.0,0.0,0.0,71,0.0333,0.0339,71,0.0325,0.032,0.032,0.032,1.0,320.0,1151
2023-05-10 09:37:26,OP10005339,50ETF沽12月2450,0.032,0.0,0.0,0.0,61,0.0333,0.0339,71,0.0325,0.032,0.032,0.032,1.0,320.0,1151
2023-05-10 09:37:27,OP10005339,50ETF沽12月2450,0.032,0.0,0.0,0.0,21,0.0333,0.0339,71,0.0325,0.032,0.032,0.032,1.0,320.0,1151
2023-05-10 09:37:27,OP10005339,50ETF沽12月2450,0.032,0.0,0.0,0.0,11,0.0333,0.0339,61,0.0325,0.032,0.032,0.032,1.0,320.0,1151
2023-05-10 09:37:28,OP10005339,50ETF沽12月2450,0.032,0.0,0.0,0.0,1,0.0333,0.0339,71,0.0325,0.032,0.032,0.032,1.0,320.0,1151
2023-05-10 09:37:28,OP10005339,50ETF沽12月2450,0.032,0.0,0.0,0.0,31,0.0333,0.0339,71,0.0325,0.032,0.032,0.032,1.0,320.0,1151
2023-05-10 09:37:29,OP10005339,50ETF沽12月2450,0.032,0.0,0.0,0.0,51,0.0333,0.0339,71,0.0325,0.032,0.032,0.032,1.0,320.0,1151
2023-05-10 09:37:29,OP10005339,50ETF沽12月2450,0.032,0.0,0.0,0.0,61,0.0333,0.0339,71,0.0325,0.032,0.032,0.032,1.0,320.0,1151
2023-05-10 09:37:30,OP10005339,50ETF沽12月2450,0.032,0.0,0.0,0.0,10,0.0334,0.0339,71,0.0325,0.032,0.032,0.032,1.0,320.0,1151
2023-05-10 09:37:31,OP10005339,50ETF沽12月2450,0.032,0.0,0.0,0.0,50,0.0334,0.0339,71,0.0325,0.032,0.032,0.032,1.0,320.0,1151
2023-05-10 09:37:31,OP10005339,50ETF沽12月2450,0.032,0.0,0.0,0.0,61,0.0334,0.0339,71,0.0325,0.032,0.032,0.032,1.0,320.0,1151
2023-05-10 09:37:32,OP10005339,50ETF沽12月2450,0.032,0.0,0.0,0.0,71,0.0334,0.0339,71,0.0325,0.032,0.032,0.032,1.0,320.0,1151
2023-05-10 09:37:32,OP10005339,50ETF沽12月2450,0.032,0.0,0.0,0.0,81,0.0334,0.0339,61,0.0325,0.032,0.032,0.032,1.0,320.0,1151
2023-05-10 09:37:34,OP10005339,50ETF沽12月2450,0.032,0.0,0.0,0.0,81,0.0334,0.0339,60,0.0325,0.032,0.032,0.032,1.0,320.0,1151
2023-05-10 09:37:35,OP10005339,50ETF沽12月2450,0.032,0.0,0.0,0.0,81,0.0334,0.0339,60,0.0325,0.032,0.032,0.032,1.0,320.0,1151
2023-05-10 09:37:35,OP10005339,50ETF沽12月2450,0.032,0.0,0.0,0.0,101,0.0334,0.0339,60,0.0325,0.032,0.032,0.032,1.0,320.0,1151
2023-05-10 09:37:36,OP10005339,50ETF沽12月2450,0.032,0.0,0.0,0.0,91,0.0334,0.0339,50,0.0325,0.032,0.032,0.032,1.0,320.0,1151
2023-05-10 09:37:36,OP10005339,50ETF沽12月2450,0.032,0.0,0.0,0.0,101,0.0334,0.0339,40,0.0325,0.032,0.032,0.032,1.0,320.0,1151
2023-05-10 09:37:37,OP10005339,50ETF沽12月2450,0.032,0.0,0.0,0.0,111,0.0334,0.0339,40,0.0325,0.032,0.032,0.032,1.0,320.0,1151
2023-05-10 09:37:39,OP10005339,50ETF沽12月2450,0.032,0.0,0.0,0.0,101,0.0334,0.0339,40,0.0325,0.032,0.032,0.032,1.0,320.0,1151
2023-05-10 09:37:39,OP10005339,50ETF沽12月2450,0.032,0.0,0.0,0.0,111,0.0334,0.0339,40,0.0325,0.032,0.032,0.032,1.0,320.0,1151
2023-05-10 09:37:41,OP10005339,50ETF沽12月2450,0.032,0.0,0.0,0.0,1,0.0335,0.0339,40,0.0325,0.032,0.032,0.032,1.0,320.0,1151
2023-05-10 09:37:42,OP10005339,50ETF沽12月2450,0.032,0.0,0.0,0.0,11,0.0335,0.0339,40,0.0325,0.032,0.032,0.032,1.0,320.0,1151
2023-05-10 09:37:42,OP10005339,50ETF沽12月2450,0.032,0.0,0.0,0.0,21,0.0335,0.0339,40,0.0325,0.032,0.032,0.032,1.0,320.0,1151
2023-05-10 09:37:43,OP10005339,50ETF沽12月2450,0.032,0.0,0.0,0.0,11,0.0335,0.0339,40,0.0325,0.032,0.032,0.032,1.0,320.0,1151
2023-05-10 09:37:43,OP10005339,50ETF沽12月2450,0.032,0.0,0.0,0.0,21,0.0335,0.0339,40,0.0325,0.032,0.032,0.032,1.0,320.0,1151
2023-05-10 09:37:44,OP10005339,50ETF沽12月2450,0.032,0.0,0.0,0.0,11,0.0335,0.0339,40,0.0325,0.032,0.032,0.032,1.0,320.0,1151
2023-05-10 09:37:45,OP10005339,50ETF沽12月2450,0.032,0.0,0.0,0.0,1,0.0335,0.0339,50,0.0325,0.032,0.032,0.032,1.0,320.0,1151
2023-05-10 09:37:45,OP10005339,50ETF沽12月2450,0.032,0.0,0.0,0.0,1,0.0335,0.0339,50,0.0325,0.032,0.032,0.032,1.0,320.0,1151
2023-05-10 09:37:46,OP10005339,50ETF沽12月2450,0.032,0.0,0.0,0.0,1,0.0335,0.0339,40,0.0325,0.032,0.032,0.032,1.0,320.0,1151
2023-05-10 09:37:47,OP10005339,50ETF沽12月2450,0.032,0.0,0.0,0.0,1,0.0335,0.0339,50,0.0325,0.032,0.032,0.032,1.0,320.0,1151
2023-05-10 09:37:48,OP10005339,50ETF沽12月2450,0.032,0.0,0.0,0.0,1,0.0335,0.0339,50,0.0325,0.032,0.032,0.032,1.0,320.0,1151
2023-05-10 09:37:49,OP10005339,50ETF沽12月2450,0.032,0.0,0.0,0.0,101,0.0334,0.0339,50,0.0325,0.032,0.032,0.032,1.0,320.0,1151
2023-05-10 09:37:49,OP10005339,50ETF沽12月2450,0.032,0.0,0.0,0.0,91,0.0334,0.0339,50,0.0325,0.032,0.032,0.032,1.0,320.0,1151
2023-05-10 09:37:50,OP10005339,50ETF沽12月2450,0.032,0.0,0.0,0.0,111,0.0334,0.0339,50,0.0325,0.032,0.032,0.032,1.0,320.0,1151
2023-05-10 09:37:50,OP10005339,50ETF沽12月2450,0.032,0.0,0.0,0.0,111,0.0334,0.0339,20,0.0325,0.032,0.032,0.032,1.0,320.0,1151
2023-05-10 09:37:51,OP10005339,50ETF沽12月2450,0.032,0.0,0.0,0.0,10,0.0335,0.0339,20,0.0325,0.032,0.032,0.032,1.0,320.0,1151
2023-05-10 09:37:51,OP10005339,50ETF沽12月2450,0.032,0.0,0.0,0.0,31,0.0335,0.0339,50,0.0325,0.032,0.032,0.032,1.0,320.0,1151
2023-05-10 09:37:52,OP10005339,50ETF沽12月2450,0.032,0.0,0.0,0.0,21,0.0335,0.0339,50,0.0325,0.032,0.032,0.032,1.0,320.0,1151
2023-05-10 09:37:52,OP10005339,50ETF沽12月2450,0.032,0.0,0.0,0.0,11,0.0335,0.0339,50,0.0325,0.032,0.032,0.032,1.0,320.0,1151
2023-05-10 09:37:54,OP10005339,50ETF沽12月2450,0.032,0.0,0.0,0.0,11,0.0335,0.0339,40,0.0325,0.032,0.032,0.032,1.0,320.0,1151
2023-05-10 09:37:54,OP10005339,50ETF沽12月2450,0.032,0.0,0.0,0.0,11,0.0335,0.0339,40,0.0325,0.032,0.032,0.032,1.0,320.0,1151
2023-05-10 09:37:55,OP10005339,50ETF沽12月2450,0.032,0.0,0.0,0.0,11,0.0335,0.0339,50,0.0325,0.032,0.032,0.032,1.0,320.0,1151
2023-05-10 09:37:55,OP10005339,50ETF沽12月2450,0.032,0.0,0.0,0.0,11,0.0335,0.0339,50,0.0325,0.032,0.032,0.032,1.0,320.0,1151
2023-05-10 09:37:56,OP10005339,50ETF沽12月2450,0.032,0.0,0.0,0.0,1,0.0335,0.0339,40,0.0325,0.032,0.032,0.032,1.0,320.0,1151
2023-05-10 09:37:57,OP10005339,50ETF沽12月2450,0.032,0.0,0.0,0.0,61,0.0334,0.0339,40,0.0325,0.032,0.032,0.032,1.0,320.0,1151
2023-05-10 09:37:57,OP10005339,50ETF沽12月2450,0.032,0.0,0.0,0.0,91,0.0334,0.0339,40,0.0325,0.032,0.032,0.032,1.0,320.0,1151
2023-05-10 09:37:58,OP10005339,50ETF沽12月2450,0.032,0.0,0.0,0.0,101,0.0334,0.0339,50,0.0325,0.032,0.032,0.032,1.0,320.0,1151
2023-05-10 09:37:58,OP10005339,50ETF沽12月2450,0.032,0.0,0.0,0.0,91,0.0334,0.0339,20,0.0325,0.032,0.032,0.032,1.0,320.0,1151
2023-05-10 09:37:59,OP10005339,50ETF沽12月2450,0.032,0.0,0.0,0.0,101,0.0334,0.0339,50,0.0325,0.032,0.032,0.032,1.0,320.0,1151
2023-05-10 09:37:59,OP10005339,50ETF沽12月2450,0.032,0.0,0.0,0.0,91,0.0334,0.0339,50,0.0325,0.032,0.032,0.032,1.0,320.0,1151
2023-05-10 09:38:00,OP10005339,50ETF沽12月2450,0.032,0.0,0.0,0.0,71,0.0334,0.0339,50,0.0325,0.032,0.032,0.032,1.0,320.0,1151
2023-05-10 09:38:00,OP10005339,50ETF沽12月2450,0.032,0.0,0.0,0.0,101,0.0334,0.0339,50,0.0325,0.032,0.032,0.032,1.0,320.0,1151
2023-05-10 09:38:01,OP10005339,50ETF沽12月2450,0.032,0.0,0.0,0.0,61,0.0334,0.0339,50,0.0325,0.032,0.032,0.032,1.0,320.0,1151
2023-05-10 09:38:01,OP10005339,50ETF沽12月2450,0.032,0.0,0.0,0.0,101,0.0334,0.0339,50,0.0325,0.032,0.032,0.032,1.0,320.0,1151
2023-05-10 09:38:02,OP10005339,50ETF沽12月2450,0.032,0.0,0.0,0.0,71,0.0334,0.0339,50,0.0325,0.032,0.032,0.032,1.0,320.0,1151
2023-05-10 09:38:03,OP10005339,50ETF沽12月2450,0.032,0.0,0.0,0.0,60,0.0334,0.0339,51,0.0325,0.032,0.032,0.032,1.0,320.0,1151
2023-05-10 09:38:03,OP10005339,50ETF沽12月2450,0.032,0.0,0.0,0.0,90,0.0334,0.0339,51,0.0325,0.032,0.032,0.032,1.0,320.0,1151
2023-05-10 09:38:04,OP10005339,50ETF沽12月2450,0.032,0.0,0.0,0.0,50,0.0334,0.0339,51,0.0325,0.032,0.032,0.032,1.0,320.0,1151
2023-05-10 09:38:04,OP10005339,50ETF沽12月2450,0.032,0.0,0.0,0.0,10,0.0334,0.0339,71,0.0325,0.032,0.032,0.032,1.0,320.0,1151
2023-05-10 09:38:05,OP10005339,50ETF沽12月2450,0.032,0.0,0.0,0.0,21,0.0333,0.0339,71,0.0325,0.032,0.032,0.032,1.0,320.0,1151
2023-05-10 09:38:05,OP10005339,50ETF沽12月2450,0.032,0.0,0.0,0.0,10,0.0333,0.0338,10,0.0325,0.032,0.032,0.032,1.0,320.0,1151
2023-05-10 09:38:06,OP10005339,50ETF沽12月2450,0.032,0.0,0.0,0.0,10,0.0333,0.0338,10,0.0325,0.032,0.032,0.032,1.0,320.0,1151
2023-05-10 09:38:06,OP10005339,50ETF沽12月2450,0.032,0.0,0.0,0.0,30,0.0333,0.0338,30,0.0325,0.032,0.032,0.032,1.0,320.0,1151
2023-05-10 09:38:07,OP10005339,50ETF沽12月2450,0.032,0.0,0.0,0.0,60,0.0333,0.0338,51,0.0325,0.032,0.032,0.032,1.0,320.0,1151
2023-05-10 09:38:07,OP10005339,50ETF沽12月2450,0.032,0.0,0.0,0.0,40,0.0333,0.0338,51,0.0325,0.032,0.032,0.032,1.0,320.0,1151
2023-05-10 09:38:08,OP10005339,50ETF沽12月2450,0.032,0.0,0.0,0.0,40,0.0333,0.0338,51,0.0325,0.032,0.032,0.032,1.0,320.0,1151
2023-05-10 09:38:08,OP10005339,50ETF沽12月2450,0.032,0.0,0.0,0.0,50,0.0332,0.0338,41,0.0325,0.032,0.032,0.032,1.0,320.0,1151
2023-05-10 09:38:09,OP10005339,50ETF沽12月2450,0.032,0.0,0.0,0.0,20,0.0332,0.0338,41,0.0325,0.032,0.032,0.032,1.0,320.0,1151
2023-05-10 09:38:09,OP10005339,50ETF沽12月2450,0.032,0.0,0.0,0.0,10,0.0332,0.0338,61,0.0325,0.032,0.032,0.032,1.0,320.0,1151
2023-05-10 09:38:10,OP10005339,50ETF沽12月2450,0.032,0.0,0.0,0.0,31,0.0331,0.0338,41,0.0325,0.032,0.032,0.032,1.0,320.0,1151
2023-05-10 09:38:10,OP10005339,50ETF沽12月2450,0.032,0.0,0.0,0.0,31,0.0331,0.0338,61,0.0325,0.032,0.032,0.032,1.0,320.0,1151
2023-05-10 09:38:11,OP10005339,50ETF沽12月2450,0.032,0.0,0.0,0.0,51,0.0331,0.0338,71,0.0325,0.032,0.032,0.032,1.0,320.0,1151
2023-05-10 09:38:11,OP10005339,50ETF沽12月2450,0.032,0.0,0.0,0.0,50,0.0331,0.0338,71,0.0325,0.032,0.032,0.032,1.0,320.0,1151
2023-05-10 09:38:12,OP10005339,50ETF沽12月2450,0.032,0.0,0.0,0.0,20,0.0331,0.0338,71,0.0325,0.032,0.032,0.032,1.0,320.0,1151
2023-05-10 09:38:12,OP10005339,50ETF沽12月2450,0.032,0.0,0.0,0.0,50,0.0331,0.0338,81,0.0325,0.032,0.032,0.032,1.0,320.0,1151
2023-05-10 09:38:13,OP10005339,50ETF沽12月2450,0.032,0.0,0.0,0.0,60,0.0331,0.0338,81,0.0325,0.032,0.032,0.032,1.0,320.0,1151
2023-05-10 09:38:13,OP10005339,50ETF沽12月2450,0.032,0.0,0.0,0.0,10,0.0332,0.0338,71,0.0325,0.032,0.032,0.032,1.0,320.0,1151
2023-05-10 09:38:14,OP10005339,50ETF沽12月2450,0.032,0.0,0.0,0.0,30,0.0332,0.0338,31,0.0325,0.032,0.032,0.032,1.0,320.0,1151
2023-05-10 09:38:14,OP10005339,50ETF沽12月2450,0.032,0.0,0.0,0.0,30,0.0333,0.0338,51,0.0325,0.032,0.032,0.032,1.0,320.0,1151
2023-05-10 09:38:15,OP10005339,50ETF沽12月2450,0.032,0.0,0.0,0.0,60,0.0333,0.0338,51,0.0325,0.032,0.032,0.032,1.0,320.0,1151
2023-05-10 09:38:15,OP10005339,50ETF沽12月2450,0.032,0.0,0.0,0.0,60,0.0333,0.0338,51,0.0325,0.032,0.032,0.032,1.0,320.0,1151
2023-05-10 09:38:16,OP10005339,50ETF沽12月2450,0.032,0.0,0.0,0.0,50,0.0333,0.0338,51,0.0325,0.032,0.032,0.032,1.0,320.0,1151
2023-05-10 09:38:16,OP10005339,50ETF沽12月2450,0.032,0.0,0.0,0.0,50,0.0333,0.0338,50,0.0325,0.032,0.032,0.032,1.0,320.0,1151
2023-05-10 09:38:17,OP10005339,50ETF沽12月2450,0.032,0.0,0.0,0.0,70,0.0333,0.0338,50,0.0325,0.032,0.032,0.032,1.0,320.0,1151
2023-05-10 09:38:17,OP10005339,50ETF沽12月2450,0.032,0.0,0.0,0.0,80,0.0333,0.0338,60,0.0325,0.032,0.032,0.032,1.0,320.0,1151
2023-05-10 09:38:18,OP10005339,50ETF沽12月2450,0.032,0.0,0.0,0.0,61,0.0333,0.0338,60,0.0325,0.032,0.032,0.032,1.0,320.0,1151
2023-05-10 09:38:19,OP10005339,50ETF沽12月2450,0.032,0.0,0.0,0.0,61,0.0333,0.0338,60,0.0325,0.032,0.032,0.032,1.0,320.0,1151
2023-05-10 09:38:19,OP10005339,50ETF沽12月2450,0.032,0.0,0.0,0.0,61,0.0333,0.0338,30,0.0325,0.032,0.032,0.032,1.0,320.0,1151
2023-05-10 09:38:20,OP10005339,50ETF沽12月2450,0.032,0.0,0.0,0.0,51,0.0333,0.0338,20,0.0325,0.032,0.032,0.032,1.0,320.0,1151
2023-05-10 09:38:20,OP10005339,50ETF沽12月2450,0.032,0.0,0.0,0.0,61,0.0333,0.0338,50,0.0325,0.032,0.032,0.032,1.0,320.0,1151
2023-05-10 09:38:21,OP10005339,50ETF沽12月2450,0.032,0.0,0.0,0.0,61,0.0333,0.0338,50,0.0325,0.032,0.032,0.032,1.0,320.0,1151
2023-05-10 09:38:22,OP10005339,50ETF沽12月2450,0.032,0.0,0.0,0.0,71,0.0333,0.0338,50,0.0325,0.032,0.032,0.032,1.0,320.0,1151
2023-05-10 09:38:23,OP10005339,50ETF沽12月2450,0.032,0.0,0.0,0.0,81,0.0333,0.0338,20,0.0325,0.032,0.032,0.032,1.0,320.0,1151
2023-05-10 09:38:23,OP10005339,50ETF沽12月2450,0.032,0.0,0.0,0.0,61,0.0333,0.0338,10,0.0325,0.032,0.032,0.032,1.0,320.0,1151
2023-05-10 09:38:24,OP10005339,50ETF沽12月2450,0.032,0.0,0.0,0.0,81,0.0333,0.034,21,0.0325,0.032,0.032,0.032,1.0,320.0,1151
2023-05-10 09:38:24,OP10005339,50ETF沽12月2450,0.032,0.0,0.0,0.0,91,0.0333,0.0339,30,0.0325,0.032,0.032,0.032,1.0,320.0,1151
2023-05-10 09:38:25,OP10005339,50ETF沽12月2450,0.032,0.0,0.0,0.0,91,0.0333,0.0339,50,0.0325,0.032,0.032,0.032,1.0,320.0,1151
2023-05-10 09:38:25,OP10005339,50ETF沽12月2450,0.032,0.0,0.0,0.0,91,0.0333,0.0339,60,0.0325,0.032,0.032,0.032,1.0,320.0,1151
2023-05-10 09:38:26,OP10005339,50ETF沽12月2450,0.032,0.0,0.0,0.0,81,0.0333,0.0339,60,0.0325,0.032,0.032,0.032,1.0,320.0,1151
2023-05-10 09:38:27,OP10005339,50ETF沽12月2450,0.032,0.0,0.0,0.0,10,0.0334,0.0339,60,0.0325,0.032,0.032,0.032,1.0,320.0,1151
2023-05-10 09:38:28,OP10005339,50ETF沽12月2450,0.032,0.0,0.0,0.0,81,0.0334,0.0339,60,0.0325,0.032,0.032,0.032,1.0,320.0,1151
2023-05-10 09:38:28,OP10005339,50ETF沽12月2450,0.032,0.0,0.0,0.0,71,0.0334,0.0339,60,0.0325,0.032,0.032,0.032,1.0,320.0,1151
2023-05-10 09:38:29,OP10005339,50ETF沽12月2450,0.032,0.0,0.0,0.0,91,0.0334,0.0339,30,0.0325,0.032,0.032,0.032,1.0,320.0,1151
2023-05-10 09:38:29,OP10005339,50ETF沽12月2450,0.032,0.0,0.0,0.0,111,0.0334,0.0339,20,0.0325,0.032,0.032,0.032,1.0,320.0,1151
2023-05-10 09:38:30,OP10005339,50ETF沽12月2450,0.032,0.0,0.0,0.0,91,0.0334,0.0339,50,0.0325,0.032,0.032,0.032,1.0,320.0,1151
2023-05-10 09:38:30,OP10005339,50ETF沽12月2450,0.032,0.0,0.0,0.0,101,0.0334,0.0339,20,0.0325,0.032,0.032,0.032,1.0,320.0,1151
2023-05-10 09:38:31,OP10005339,50ETF沽12月2450,0.032,0.0,0.0,0.0,101,0.0334,0.0339,10,0.0325,0.032,0.032,0.032,1.0,320.0,1151
2023-05-10 09:38:31,OP10005339,50ETF沽12月2450,0.032,0.0,0.0,0.0,111,0.0334,0.034,20,0.0325,0.032,0.032,0.032,1.0,320.0,1151
2023-05-10 09:38:32,OP10005339,50ETF沽12月2450,0.032,0.0,0.0,0.0,101,0.0334,0.034,50,0.0325,0.032,0.032,0.032,1.0,320.0,1151
2023-05-10 09:38:32,OP10005339,50ETF沽12月2450,0.032,0.0,0.0,0.0,111,0.0334,0.034,60,0.0325,0.032,0.032,0.032,1.0,320.0,1151
2023-05-10 09:38:33,OP10005339,50ETF沽12月2450,0.032,0.0,0.0,0.0,101,0.0334,0.034,60,0.0325,0.032,0.032,0.032,1.0,320.0,1151
2023-05-10 09:38:34,OP10005339,50ETF沽12月2450,0.032,0.0,0.0,0.0,61,0.0334,0.034,60,0.0325,0.032,0.032,0.032,1.0,320.0,1151
2023-05-10 09:38:34,OP10005339,50ETF沽12月2450,0.032,0.0,0.0,0.0,61,0.0334,0.034,70,0.0325,0.032,0.032,0.032,1.0,320.0,1151
2023-05-10 09:38:35,OP10005339,50ETF沽12月2450,0.032,0.0,0.0,0.0,21,0.0334,0.034,70,0.0325,0.032,0.032,0.032,1.0,320.0,1151
2023-05-10 09:38:35,OP10005339,50ETF沽12月2450,0.032,0.0,0.0,0.0,21,0.0334,0.034,50,0.0325,0.032,0.032,0.032,1.0,320.0,1151
2023-05-10 09:38:36,OP10005339,50ETF沽12月2450,0.032,0.0,0.0,0.0,41,0.0334,0.034,50,0.0325,0.032,0.032,0.032,1.0,320.0,1151
2023-05-10 09:38:36,OP10005339,50ETF沽12月2450,0.032,0.0,0.0,0.0,61,0.0334,0.034,50,0.0325,0.032,0.032,0.032,1.0,320.0,1151
2023-05-10 09:38:37,OP10005339,50ETF沽12月2450,0.032,0.0,0.0,0.0,61,0.0334,0.034,60,0.0325,0.032,0.032,0.032,1.0,320.0,1151
2023-05-10 09:38:38,OP10005339,50ETF沽12月2450,0.032,0.0,0.0,0.0,41,0.0334,0.034,70,0.0325,0.032,0.032,0.032,1.0,320.0,1151
2023-05-10 09:38:38,OP10005339,50ETF沽12月2450,0.032,0.0,0.0,0.0,21,0.0334,0.034,60,0.0325,0.032,0.032,0.032,1.0,320.0,1151
2023-05-10 09:38:39,OP10005339,50ETF沽12月2450,0.032,0.0,0.0,0.0,21,0.0334,0.034,70,0.0325,0.032,0.032,0.032,1.0,320.0,1151
2023-05-10 09:38:40,OP10005339,50ETF沽12月2450,0.032,0.0,0.0,0.0,61,0.0334,0.034,70,0.0325,0.032,0.032,0.032,1.0,320.0,1151
2023-05-10 09:38:40,OP10005339,50ETF沽12月2450,0.032,0.0,0.0,0.0,60,0.0334,0.034,70,0.0325,0.032,0.032,0.032,1.0,320.0,1151
2023-05-10 09:38:41,OP10005339,50ETF沽12月2450,0.032,0.0,0.0,0.0,70,0.0334,0.034,71,0.0325,0.032,0.032,0.032,1.0,320.0,1151
2023-05-10 09:38:41,OP10005339,50ETF沽12月2450,0.032,0.0,0.0,0.0,10,0.0335,0.034,71,0.0325,0.032,0.032,0.032,1.0,320.0,1151
2023-05-10 09:38:42,OP10005339,50ETF沽12月2450,0.032,0.0,0.0,0.0,50,0.0335,0.034,71,0.0325,0.032,0.032,0.032,1.0,320.0,1151
2023-05-10 09:38:42,OP10005339,50ETF沽12月2450,0.032,0.0,0.0,0.0,20,0.0335,0.034,71,0.0325,0.032,0.032,0.032,1.0,320.0,1151
2023-05-10 09:38:43,OP10005339,50ETF沽12月2450,0.032,0.0,0.0,0.0,10,0.0335,0.034,71,0.0325,0.032,0.032,0.032,1.0,320.0,1151
2023-05-10 09:38:44,OP10005339,50ETF沽12月2450,0.032,0.0,0.0,0.0,10,0.0335,0.034,71,0.0325,0.032,0.032,0.032,1.0,320.0,1151
2023-05-10 09:38:45,OP10005339,50ETF沽12月2450,0.032,0.0,0.0,0.0,20,0.0335,0.034,71,0.0325,0.032,0.032,0.032,1.0,320.0,1151
2023-05-10 09:38:46,OP10005339,50ETF沽12月2450,0.032,0.0,0.0,0.0,10,0.0335,0.034,71,0.0325,0.032,0.032,0.032,1.0,320.0,1151
2023-05-10 09:38:48,OP10005339,50ETF沽12月2450,0.032,0.0,0.0,0.0,10,0.0335,0.034,71,0.0325,0.032,0.032,0.032,1.0,320.0,1151
2023-05-10 09:38:50,OP10005339,50ETF沽12月2450,0.032,0.0,0.0,0.0,10,0.0335,0.034,71,0.0325,0.032,0.032,0.032,1.0,320.0,1151
2023-05-10 09:38:50,OP10005339,50ETF沽12月2450,0.032,0.0,0.0,0.0,31,0.0334,0.034,81,0.0325,0.032,0.032,0.032,1.0,320.0,1151
2023-05-10 09:38:51,OP10005339,50ETF沽12月2450,0.032,0.0,0.0,0.0,1,0.0334,0.0339,10,0.0325,0.032,0.032,0.032,1.0,320.0,1151
2023-05-10 09:38:51,OP10005339,50ETF沽12月2450,0.032,0.0,0.0,0.0,21,0.0333,0.0338,30,0.0325,0.032,0.032,0.032,1.0,320.0,1151
2023-05-10 09:38:52,OP10005339,50ETF沽12月2450,0.032,0.0,0.0,0.0,11,0.0333,0.0338,40,0.0325,0.032,0.032,0.032,1.0,320.0,1151
2023-05-10 09:38:52,OP10005339,50ETF沽12月2450,0.032,0.0,0.0,0.0,40,0.0333,0.0338,40,0.0325,0.032,0.032,0.032,1.0,320.0,1151
2023-05-10 09:38:53,OP10005339,50ETF沽12月2450,0.032,0.0,0.0,0.0,70,0.0333,0.0338,40,0.0325,0.032,0.032,0.032,1.0,320.0,1151
2023-05-10 09:38:53,OP10005339,50ETF沽12月2450,0.032,0.0,0.0,0.0,70,0.0333,0.0338,41,0.0325,0.032,0.032,0.032,1.0,320.0,1151
2023-05-10 09:38:54,OP10005339,50ETF沽12月2450,0.032,0.0,0.0,0.0,60,0.0333,0.0338,41,0.0325,0.032,0.032,0.032,1.0,320.0,1151
2023-05-10 09:38:54,OP10005339,50ETF沽12月2450,0.032,0.0,0.0,0.0,10,0.0333,0.0338,41,0.0325,0.032,0.032,0.032,1.0,320.0,1151
2023-05-10 09:38:55,OP10005339,50ETF沽12月2450,0.032,0.0,0.0,0.0,50,0.0332,0.0338,51,0.0325,0.032,0.032,0.032,1.0,320.0,1151
2023-05-10 09:38:55,OP10005339,50ETF沽12月2450,0.032,0.0,0.0,0.0,70,0.0332,0.0338,51,0.0325,0.032,0.032,0.032,1.0,320.0,1151
2023-05-10 09:38:56,OP10005339,50ETF沽12月2450,0.032,0.0,0.0,0.0,10,0.0333,0.0338,61,0.0325,0.032,0.032,0.032,1.0,320.0,1151
2023-05-10 09:38:56,OP10005339,50ETF沽12月2450,0.032,0.0,0.0,0.0,20,0.0333,0.0338,61,0.0325,0.032,0.032,0.032,1.0,320.0,1151
2023-05-10 09:38:57,OP10005339,50ETF沽12月2450,0.032,0.0,0.0,0.0,50,0.0333,0.0338,61,0.0325,0.032,0.032,0.032,1.0,320.0,1151
2023-05-10 09:38:57,OP10005339,50ETF沽12月2450,0.032,0.0,0.0,0.0,50,0.0333,0.0338,71,0.0325,0.032,0.032,0.032,1.0,320.0,1151
2023-05-10 09:38:58,OP10005339,50ETF沽12月2450,0.032,0.0,0.0,0.0,50,0.0333,0.0338,71,0.0325,0.032,0.032,0.032,1.0,320.0,1151
2023-05-10 09:38:59,OP10005339,50ETF沽12月2450,0.032,0.0,0.0,0.0,40,0.0333,0.0338,71,0.0325,0.032,0.032,0.032,1.0,320.0,1151
2023-05-10 09:39:00,OP10005339,50ETF沽12月2450,0.032,0.0,0.0,0.0,70,0.0333,0.0338,71,0.0325,0.032,0.032,0.032,1.0,320.0,1151
2023-05-10 09:39:00,OP10005339,50ETF沽12月2450,0.032,0.0,0.0,0.0,50,0.0333,0.0338,71,0.0325,0.032,0.032,0.032,1.0,320.0,1151
2023-05-10 09:39:01,OP10005339,50ETF沽12月2450,0.032,0.0,0.0,0.0,10,0.0334,0.0338,41,0.0325,0.032,0.032,0.032,1.0,320.0,1151
2023-05-10 09:39:02,OP10005339,50ETF沽12月2450,0.032,0.0,0.0,0.0,20,0.0334,0.0338,11,0.0325,0.032,0.032,0.032,1.0,320.0,1151
2023-05-10 09:39:02,OP10005339,50ETF沽12月2450,0.032,0.0,0.0,0.0,10,0.0334,0.0338,51,0.0325,0.032,0.032,0.032,1.0,320.0,1151
2023-05-10 09:39:03,OP10005339,50ETF沽12月2450,0.032,0.0,0.0,0.0,40,0.0332,0.0338,51,0.0325,0.032,0.032,0.032,1.0,320.0,1151
2023-05-10 09:39:03,OP10005339,50ETF沽12月2450,0.032,0.0,0.0,0.0,71,0.0332,0.0338,61,0.0325,0.032,0.032,0.032,1.0,320.0,1151
2023-05-10 09:39:04,OP10005339,50ETF沽12月2450,0.032,0.0,0.0,0.0,71,0.0332,0.0338,71,0.0325,0.032,0.032,0.032,1.0,320.0,1151
2023-05-10 09:39:04,OP10005339,50ETF沽12月2450,0.032,0.0,0.0,0.0,81,0.0332,0.0338,71,0.0325,0.032,0.032,0.032,1.0,320.0,1151
2023-05-10 09:39:05,OP10005339,50ETF沽12月2450,0.032,0.0,0.0,0.0,30,0.0332,0.0337,1,0.0325,0.032,0.032,0.032,1.0,320.0,1151
2023-05-10 09:39:06,OP10005339,50ETF沽12月2450,0.032,0.0,0.0,0.0,20,0.0332,0.0336,30,0.0325,0.032,0.032,0.032,1.0,320.0,1151
2023-05-10 09:39:06,OP10005339,50ETF沽12月2450,0.032,0.0,0.0,0.0,10,0.0332,0.0336,40,0.0325,0.032,0.032,0.032,1.0,320.0,1151
2023-05-10 09:39:07,OP10005339,50ETF沽12月2450,0.032,0.0,0.0,0.0,10,0.0332,0.0336,40,0.0325,0.032,0.032,0.032,1.0,320.0,1151
2023-05-10 09:39:07,OP10005339,50ETF沽12月2450,0.032,0.0,0.0,0.0,10,0.0332,0.0336,40,0.0325,0.032,0.032,0.032,1.0,320.0,1151
2023-05-10 09:39:08,OP10005339,50ETF沽12月2450,0.032,0.0,0.0,0.0,10,0.0331,0.0336,40,0.0325,0.032,0.032,0.032,1.0,320.0,1151
2023-05-10 09:39:08,OP10005339,50ETF沽12月2450,0.032,0.0,0.0,0.0,10,0.033,0.0336,41,0.0325,0.032,0.032,0.032,1.0,320.0,1151
2023-05-10 09:39:09,OP10005339,50ETF沽12月2450,0.032,0.0,0.0,0.0,10,0.033,0.0336,51,0.0325,0.032,0.032,0.032,1.0,320.0,1151
2023-05-10 09:39:09,OP10005339,50ETF沽12月2450,0.032,0.0,0.0,0.0,10,0.033,0.0336,61,0.0325,0.032,0.032,0.032,1.0,320.0,1151
