time,symbol_id,symbol_name,last,trade_volume,trade_amount,open_interest_change,bv1,bp1,ap1,av1,yesterday_close,today_open,today_high,today_low,volume,amount,open_interest
2023-05-09 21:00:49,c2311-P-2860,c2311-P-2860,332.5,0.0,0.0,0.0,10,203.0,0.0,0,332.5,0.0,0.0,0.0,0.0,0.0,0
2023-05-09 21:01:10,c2311-P-2860,c2311-P-2860,332.5,0.0,0.0,0.0,1,208.0,0.0,0,332.5,0.0,0.0,0.0,0.0,0.0,0
2023-05-09 21:01:10,c2311-P-2860,c2311-P-2860,332.5,0.0,0.0,0.0,10,208.5,0.0,0,332.5,0.0,0.0,0.0,0.0,0.0,0
2023-05-09 21:01:13,c2311-P-2860,c2311-P-2860,332.5,0.0,0.0,0.0,1,210.0,482.0,1,332.5,0.0,0.0,0.0,0.0,0.0,0
2023-05-09 21:01:14,c2311-P-2860,c2311-P-2860,332.5,0.0,0.0,0.0,10,210.5,481.5,10,332.5,0.0,0.0,0.0,0.0,0.0,0
2023-05-09 21:01:14,c2311-P-2860,c2311-P-2860,332.5,0.0,0.0,0.0,1,212.0,480.0,1,332.5,0.0,0.0,0.0,0.0,0.0,0
2023-05-09 21:01:15,c2311-P-2860,c2311-P-2860,332.5,0.0,0.0,0.0,10,212.5,479.5,10,332.5,0.0,0.0,0.0,0.0,0.0,0
2023-05-09 21:01:22,c2311-P-2860,c2311-P-2860,332.5,0.0,0.0,0.0,1,214.0,478.0,1,332.5,0.0,0.0,0.0,0.0,0.0,0
2023-05-09 21:01:22,c2311-P-2860,c2311-P-2860,332.5,0.0,0.0,0.0,10,214.5,477.5,10,332.5,0.0,0.0,0.0,0.0,0.0,0
2023-05-09 21:01:26,c2311-P-2860,c2311-P-2860,332.5,0.0,0.0,0.0,1,216.0,476.0,1,332.5,0.0,0.0,0.0,0.0,0.0,0
2023-05-09 21:01:26,c2311-P-2860,c2311-P-2860,332.5,0.0,0.0,0.0,10,216.5,475.5,10,332.5,0.0,0.0,0.0,0.0,0.0,0
2023-05-09 21:01:32,c2311-P-2860,c2311-P-2860,332.5,0.0,0.0,0.0,1,218.0,474.0,1,332.5,0.0,0.0,0.0,0.0,0.0,0
2023-05-09 21:01:33,c2311-P-2860,c2311-P-2860,332.5,0.0,0.0,0.0,10,218.5,473.5,10,332.5,0.0,0.0,0.0,0.0,0.0,0
2023-05-09 21:01:33,c2311-P-2860,c2311-P-2860,332.5,0.0,0.0,0.0,1,220.0,472.0,1,332.5,0.0,0.0,0.0,0.0,0.0,0
2023-05-09 21:01:34,c2311-P-2860,c2311-P-2860,332.5,0.0,0.0,0.0,10,220.5,471.5,10,332.5,0.0,0.0,0.0,0.0,0.0,0
2023-05-09 21:01:38,c2311-P-2860,c2311-P-2860,332.5,0.0,0.0,0.0,1,222.0,470.0,1,332.5,0.0,0.0,0.0,0.0,0.0,0
2023-05-09 21:01:39,c2311-P-2860,c2311-P-2860,332.5,0.0,0.0,0.0,10,222.5,469.5,10,332.5,0.0,0.0,0.0,0.0,0.0,0
2023-05-09 21:01:44,c2311-P-2860,c2311-P-2860,332.5,0.0,0.0,0.0,1,224.0,469.5,10,332.5,0.0,0.0,0.0,0.0,0.0,0
2023-05-09 21:01:45,c2311-P-2860,c2311-P-2860,332.5,0.0,0.0,0.0,10,224.5,469.5,10,332.5,0.0,0.0,0.0,0.0,0.0,0
2023-05-09 21:01:52,c2311-P-2860,c2311-P-2860,332.5,0.0,0.0,0.0,1,226.0,468.0,1,332.5,0.0,0.0,0.0,0.0,0.0,0
2023-05-09 21:01:53,c2311-P-2860,c2311-P-2860,332.5,0.0,0.0,0.0,10,226.5,467.5,10,332.5,0.0,0.0,0.0,0.0,0.0,0
2023-05-09 21:01:56,c2311-P-2860,c2311-P-2860,332.5,0.0,0.0,0.0,1,228.0,466.0,1,332.5,0.0,0.0,0.0,0.0,0.0,0
2023-05-09 21:01:57,c2311-P-2860,c2311-P-2860,332.5,0.0,0.0,0.0,10,228.5,465.5,10,332.5,0.0,0.0,0.0,0.0,0.0,0
2023-05-09 21:02:03,c2311-P-2860,c2311-P-2860,332.5,0.0,0.0,0.0,1,230.0,464.0,1,332.5,0.0,0.0,0.0,0.0,0.0,0
2023-05-09 21:02:03,c2311-P-2860,c2311-P-2860,332.5,0.0,0.0,0.0,10,230.5,463.5,10,332.5,0.0,0.0,0.0,0.0,0.0,0
2023-05-09 21:02:15,c2311-P-2860,c2311-P-2860,332.5,0.0,0.0,0.0,1,232.0,462.0,1,332.5,0.0,0.0,0.0,0.0,0.0,0
2023-05-09 21:02:15,c2311-P-2860,c2311-P-2860,332.5,0.0,0.0,0.0,10,232.5,461.5,10,332.5,0.0,0.0,0.0,0.0,0.0,0
2023-05-09 21:02:22,c2311-P-2860,c2311-P-2860,332.5,0.0,0.0,0.0,1,234.0,461.5,10,332.5,0.0,0.0,0.0,0.0,0.0,0
2023-05-09 21:02:23,c2311-P-2860,c2311-P-2860,332.5,0.0,0.0,0.0,10,234.5,460.0,1,332.5,0.0,0.0,0.0,0.0,0.0,0
2023-05-09 21:02:23,c2311-P-2860,c2311-P-2860,332.5,0.0,0.0,0.0,10,234.5,459.5,10,332.5,0.0,0.0,0.0,0.0,0.0,0
2023-05-09 21:02:24,c2311-P-2860,c2311-P-2860,332.5,0.0,0.0,0.0,1,236.0,458.0,1,332.5,0.0,0.0,0.0,0.0,0.0,0
2023-05-09 21:02:24,c2311-P-2860,c2311-P-2860,332.5,0.0,0.0,0.0,10,236.5,457.5,10,332.5,0.0,0.0,0.0,0.0,0.0,0
2023-05-09 21:02:25,c2311-P-2860,c2311-P-2860,332.5,0.0,0.0,0.0,1,238.0,456.0,1,332.5,0.0,0.0,0.0,0.0,0.0,0
2023-05-09 21:02:25,c2311-P-2860,c2311-P-2860,332.5,0.0,0.0,0.0,10,238.5,455.5,10,332.5,0.0,0.0,0.0,0.0,0.0,0
2023-05-09 21:02:26,c2311-P-2860,c2311-P-2860,332.5,0.0,0.0,0.0,1,239.0,455.5,10,332.5,0.0,0.0,0.0,0.0,0.0,0
2023-05-09 21:02:26,c2311-P-2860,c2311-P-2860,332.5,0.0,0.0,0.0,10,239.5,455.5,10,332.5,0.0,0.0,0.0,0.0,0.0,0
2023-05-09 21:02:30,c2311-P-2860,c2311-P-2860,332.5,0.0,0.0,0.0,1,241.0,455.5,10,332.5,0.0,0.0,0.0,0.0,0.0,0
2023-05-09 21:02:30,c2311-P-2860,c2311-P-2860,332.5,0.0,0.0,0.0,10,241.5,455.5,10,332.5,0.0,0.0,0.0,0.0,0.0,0
2023-05-09 21:02:31,c2311-P-2860,c2311-P-2860,332.5,0.0,0.0,0.0,1,243.0,454.0,1,332.5,0.0,0.0,0.0,0.0,0.0,0
2023-05-09 21:02:31,c2311-P-2860,c2311-P-2860,332.5,0.0,0.0,0.0,10,243.5,453.5,10,332.5,0.0,0.0,0.0,0.0,0.0,0
2023-05-09 21:02:32,c2311-P-2860,c2311-P-2860,332.5,0.0,0.0,0.0,1,245.0,452.0,1,332.5,0.0,0.0,0.0,0.0,0.0,0
2023-05-09 21:02:32,c2311-P-2860,c2311-P-2860,332.5,0.0,0.0,0.0,10,245.5,451.5,10,332.5,0.0,0.0,0.0,0.0,0.0,0
2023-05-09 21:02:41,c2311-P-2860,c2311-P-2860,332.5,0.0,0.0,0.0,1,247.0,450.0,1,332.5,0.0,0.0,0.0,0.0,0.0,0
2023-05-09 21:02:41,c2311-P-2860,c2311-P-2860,332.5,0.0,0.0,0.0,10,247.5,449.5,10,332.5,0.0,0.0,0.0,0.0,0.0,0
2023-05-09 21:02:51,c2311-P-2860,c2311-P-2860,332.5,0.0,0.0,0.0,1,249.0,448.0,1,332.5,0.0,0.0,0.0,0.0,0.0,0
2023-05-09 21:02:51,c2311-P-2860,c2311-P-2860,332.5,0.0,0.0,0.0,10,249.5,447.5,10,332.5,0.0,0.0,0.0,0.0,0.0,0
2023-05-09 21:02:52,c2311-P-2860,c2311-P-2860,332.5,0.0,0.0,0.0,1,251.0,446.0,1,332.5,0.0,0.0,0.0,0.0,0.0,0
2023-05-09 21:02:52,c2311-P-2860,c2311-P-2860,332.5,0.0,0.0,0.0,10,251.5,445.5,10,332.5,0.0,0.0,0.0,0.0,0.0,0
2023-05-09 21:02:53,c2311-P-2860,c2311-P-2860,332.5,0.0,0.0,0.0,1,253.0,444.0,1,332.5,0.0,0.0,0.0,0.0,0.0,0
2023-05-09 21:02:53,c2311-P-2860,c2311-P-2860,332.5,0.0,0.0,0.0,10,253.5,443.5,10,332.5,0.0,0.0,0.0,0.0,0.0,0
2023-05-09 21:03:01,c2311-P-2860,c2311-P-2860,332.5,0.0,0.0,0.0,1,255.0,442.0,1,332.5,0.0,0.0,0.0,0.0,0.0,0
2023-05-09 21:03:01,c2311-P-2860,c2311-P-2860,332.5,0.0,0.0,0.0,10,255.5,441.5,10,332.5,0.0,0.0,0.0,0.0,0.0,0
2023-05-09 21:03:02,c2311-P-2860,c2311-P-2860,332.5,0.0,0.0,0.0,1,257.0,440.0,1,332.5,0.0,0.0,0.0,0.0,0.0,0
2023-05-09 21:03:03,c2311-P-2860,c2311-P-2860,332.5,0.0,0.0,0.0,10,257.5,439.5,10,332.5,0.0,0.0,0.0,0.0,0.0,0
2023-05-09 21:03:11,c2311-P-2860,c2311-P-2860,332.5,0.0,0.0,0.0,1,259.0,438.0,1,332.5,0.0,0.0,0.0,0.0,0.0,0
2023-05-09 21:03:11,c2311-P-2860,c2311-P-2860,332.5,0.0,0.0,0.0,10,259.5,437.5,10,332.5,0.0,0.0,0.0,0.0,0.0,0
2023-05-09 21:03:12,c2311-P-2860,c2311-P-2860,332.5,0.0,0.0,0.0,1,261.0,436.0,1,332.5,0.0,0.0,0.0,0.0,0.0,0
2023-05-09 21:03:12,c2311-P-2860,c2311-P-2860,332.5,0.0,0.0,0.0,10,261.5,435.5,10,332.5,0.0,0.0,0.0,0.0,0.0,0
2023-05-09 21:03:22,c2311-P-2860,c2311-P-2860,332.5,0.0,0.0,0.0,1,263.0,434.0,1,332.5,0.0,0.0,0.0,0.0,0.0,0
2023-05-09 21:03:22,c2311-P-2860,c2311-P-2860,332.5,0.0,0.0,0.0,10,263.5,433.5,10,332.5,0.0,0.0,0.0,0.0,0.0,0
2023-05-09 21:03:24,c2311-P-2860,c2311-P-2860,332.5,0.0,0.0,0.0,1,265.0,432.0,1,332.5,0.0,0.0,0.0,0.0,0.0,0
2023-05-09 21:03:25,c2311-P-2860,c2311-P-2860,332.5,0.0,0.0,0.0,10,265.5,431.5,10,332.5,0.0,0.0,0.0,0.0,0.0,0
2023-05-09 21:03:34,c2311-P-2860,c2311-P-2860,332.5,0.0,0.0,0.0,1,267.0,430.0,1,332.5,0.0,0.0,0.0,0.0,0.0,0
2023-05-09 21:03:34,c2311-P-2860,c2311-P-2860,332.5,0.0,0.0,0.0,10,267.5,429.5,10,332.5,0.0,0.0,0.0,0.0,0.0,0
2023-05-09 21:03:35,c2311-P-2860,c2311-P-2860,332.5,0.0,0.0,0.0,1,269.0,428.0,1,332.5,0.0,0.0,0.0,0.0,0.0,0
2023-05-09 21:03:35,c2311-P-2860,c2311-P-2860,332.5,0.0,0.0,0.0,10,269.5,427.5,10,332.5,0.0,0.0,0.0,0.0,0.0,0
2023-05-09 21:03:36,c2311-P-2860,c2311-P-2860,332.5,0.0,0.0,0.0,1,271.0,426.0,1,332.5,0.0,0.0,0.0,0.0,0.0,0
2023-05-09 21:03:36,c2311-P-2860,c2311-P-2860,332.5,0.0,0.0,0.0,10,271.5,425.5,10,332.5,0.0,0.0,0.0,0.0,0.0,0
2023-05-09 21:03:40,c2311-P-2860,c2311-P-2860,332.5,0.0,0.0,0.0,1,273.0,425.5,10,332.5,0.0,0.0,0.0,0.0,0.0,0
2023-05-09 21:03:40,c2311-P-2860,c2311-P-2860,332.5,0.0,0.0,0.0,10,273.5,425.5,10,332.5,0.0,0.0,0.0,0.0,0.0,0
2023-05-09 21:03:43,c2311-P-2860,c2311-P-2860,332.5,0.0,0.0,0.0,10,273.5,424.0,1,332.5,0.0,0.0,0.0,0.0,0.0,0
2023-05-09 21:03:44,c2311-P-2860,c2311-P-2860,332.5,0.0,0.0,0.0,1,274.0,423.5,10,332.5,0.0,0.0,0.0,0.0,0.0,0
2023-05-09 21:03:44,c2311-P-2860,c2311-P-2860,332.5,0.0,0.0,0.0,1,275.5,422.0,1,332.5,0.0,0.0,0.0,0.0,0.0,0
2023-05-09 21:03:44,c2311-P-2860,c2311-P-2860,332.5,0.0,0.0,0.0,10,276.0,421.5,10,332.5,0.0,0.0,0.0,0.0,0.0,0
2023-05-09 21:03:45,c2311-P-2860,c2311-P-2860,332.5,0.0,0.0,0.0,1,277.5,420.0,1,332.5,0.0,0.0,0.0,0.0,0.0,0
2023-05-09 21:03:45,c2311-P-2860,c2311-P-2860,332.5,0.0,0.0,0.0,10,278.0,419.5,10,332.5,0.0,0.0,0.0,0.0,0.0,0
2023-05-09 21:03:57,c2311-P-2860,c2311-P-2860,332.5,0.0,0.0,0.0,1,279.5,418.0,1,332.5,0.0,0.0,0.0,0.0,0.0,0
2023-05-09 21:03:57,c2311-P-2860,c2311-P-2860,332.5,0.0,0.0,0.0,10,280.0,417.5,10,332.5,0.0,0.0,0.0,0.0,0.0,0
2023-05-09 21:03:58,c2311-P-2860,c2311-P-2860,332.5,0.0,0.0,0.0,1,281.5,416.0,1,332.5,0.0,0.0,0.0,0.0,0.0,0
2023-05-09 21:03:58,c2311-P-2860,c2311-P-2860,332.5,0.0,0.0,0.0,10,282.0,415.5,10,332.5,0.0,0.0,0.0,0.0,0.0,0
2023-05-09 21:04:00,c2311-P-2860,c2311-P-2860,332.5,0.0,0.0,0.0,1,283.5,415.5,10,332.5,0.0,0.0,0.0,0.0,0.0,0
2023-05-09 21:04:00,c2311-P-2860,c2311-P-2860,332.5,0.0,0.0,0.0,10,284.0,415.5,10,332.5,0.0,0.0,0.0,0.0,0.0,0
2023-05-09 21:04:09,c2311-P-2860,c2311-P-2860,332.5,0.0,0.0,0.0,1,285.5,414.0,1,332.5,0.0,0.0,0.0,0.0,0.0,0
2023-05-09 21:04:09,c2311-P-2860,c2311-P-2860,332.5,0.0,0.0,0.0,10,286.0,413.5,10,332.5,0.0,0.0,0.0,0.0,0.0,0
2023-05-09 21:04:10,c2311-P-2860,c2311-P-2860,332.5,0.0,0.0,0.0,1,287.5,412.0,1,332.5,0.0,0.0,0.0,0.0,0.0,0
2023-05-09 21:04:10,c2311-P-2860,c2311-P-2860,332.5,0.0,0.0,0.0,11,288.0,411.5,10,332.5,0.0,0.0,0.0,0.0,0.0,0
2023-05-09 21:04:11,c2311-P-2860,c2311-P-2860,332.5,0.0,0.0,0.0,1,289.5,411.5,10,332.5,0.0,0.0,0.0,0.0,0.0,0
2023-05-09 21:04:11,c2311-P-2860,c2311-P-2860,332.5,0.0,0.0,0.0,10,290.0,411.5,10,332.5,0.0,0.0,0.0,0.0,0.0,0
2023-05-09 21:04:16,c2311-P-2860,c2311-P-2860,332.5,0.0,0.0,0.0,1,291.5,410.0,1,332.5,0.0,0.0,0.0,0.0,0.0,0
2023-05-09 21:04:17,c2311-P-2860,c2311-P-2860,332.5,0.0,0.0,0.0,10,292.0,409.5,10,332.5,0.0,0.0,0.0,0.0,0.0,0
2023-05-09 21:04:17,c2311-P-2860,c2311-P-2860,332.5,0.0,0.0,0.0,1,293.5,408.0,1,332.5,0.0,0.0,0.0,0.0,0.0,0
2023-05-09 21:04:17,c2311-P-2860,c2311-P-2860,332.5,0.0,0.0,0.0,10,294.0,407.5,10,332.5,0.0,0.0,0.0,0.0,0.0,0
2023-05-09 21:04:18,c2311-P-2860,c2311-P-2860,332.5,0.0,0.0,0.0,1,295.5,406.0,1,332.5,0.0,0.0,0.0,0.0,0.0,0
2023-05-09 21:04:18,c2311-P-2860,c2311-P-2860,332.5,0.0,0.0,0.0,10,296.0,405.5,10,332.5,0.0,0.0,0.0,0.0,0.0,0
2023-05-09 21:04:22,c2311-P-2860,c2311-P-2860,332.5,0.0,0.0,0.0,1,297.5,404.0,1,332.5,0.0,0.0,0.0,0.0,0.0,0
2023-05-09 21:04:22,c2311-P-2860,c2311-P-2860,332.5,0.0,0.0,0.0,10,298.0,403.5,10,332.5,0.0,0.0,0.0,0.0,0.0,0
2023-05-09 21:04:29,c2311-P-2860,c2311-P-2860,332.5,0.0,0.0,0.0,1,299.5,402.0,1,332.5,0.0,0.0,0.0,0.0,0.0,0
2023-05-09 21:04:30,c2311-P-2860,c2311-P-2860,332.5,0.0,0.0,0.0,10,300.0,401.5,10,332.5,0.0,0.0,0.0,0.0,0.0,0
2023-05-09 21:04:34,c2311-P-2860,c2311-P-2860,332.5,0.0,0.0,0.0,1,301.5,400.0,1,332.5,0.0,0.0,0.0,0.0,0.0,0
2023-05-09 21:04:35,c2311-P-2860,c2311-P-2860,332.5,0.0,0.0,0.0,10,302.0,399.5,10,332.5,0.0,0.0,0.0,0.0,0.0,0
2023-05-09 21:04:35,c2311-P-2860,c2311-P-2860,332.5,0.0,0.0,0.0,1,303.5,398.0,1,332.5,0.0,0.0,0.0,0.0,0.0,0
2023-05-09 21:04:35,c2311-P-2860,c2311-P-2860,332.5,0.0,0.0,0.0,11,304.0,397.5,10,332.5,0.0,0.0,0.0,0.0,0.0,0
2023-05-09 21:04:41,c2311-P-2860,c2311-P-2860,332.5,0.0,0.0,0.0,1,305.5,396.0,1,332.5,0.0,0.0,0.0,0.0,0.0,0
2023-05-09 21:04:42,c2311-P-2860,c2311-P-2860,332.5,0.0,0.0,0.0,10,306.0,395.5,10,332.5,0.0,0.0,0.0,0.0,0.0,0
2023-05-09 21:04:44,c2311-P-2860,c2311-P-2860,332.5,0.0,0.0,0.0,1,307.5,395.5,10,332.5,0.0,0.0,0.0,0.0,0.0,0
2023-05-09 21:04:44,c2311-P-2860,c2311-P-2860,332.5,0.0,0.0,0.0,10,308.0,395.5,10,332.5,0.0,0.0,0.0,0.0,0.0,0
2023-05-09 21:04:48,c2311-P-2860,c2311-P-2860,332.5,0.0,0.0,0.0,1,309.5,395.5,10,332.5,0.0,0.0,0.0,0.0,0.0,0
2023-05-09 21:04:49,c2311-P-2860,c2311-P-2860,332.5,0.0,0.0,0.0,10,310.0,395.5,10,332.5,0.0,0.0,0.0,0.0,0.0,0
2023-05-09 21:27:57,c2311-P-2860,c2311-P-2860,332.5,0.0,0.0,0.0,1,304.0,0.0,0,332.5,0.0,0.0,0.0,0.0,0.0,0
2023-05-09 21:27:58,c2311-P-2860,c2311-P-2860,332.5,0.0,0.0,0.0,1,304.0,482.0,1,332.5,0.0,0.0,0.0,0.0,0.0,0
2023-05-09 21:29:28,c2311-P-2860,c2311-P-2860,332.5,0.0,0.0,0.0,10,304.5,481.5,10,332.5,0.0,0.0,0.0,0.0,0.0,0
2023-05-09 21:29:29,c2311-P-2860,c2311-P-2860,332.5,0.0,0.0,0.0,10,304.5,480.0,1,332.5,0.0,0.0,0.0,0.0,0.0,0
2023-05-09 21:29:29,c2311-P-2860,c2311-P-2860,332.5,0.0,0.0,0.0,10,304.5,479.5,10,332.5,0.0,0.0,0.0,0.0,0.0,0
2023-05-09 21:29:31,c2311-P-2860,c2311-P-2860,332.5,0.0,0.0,0.0,10,304.5,478.0,1,332.5,0.0,0.0,0.0,0.0,0.0,0
2023-05-09 21:29:31,c2311-P-2860,c2311-P-2860,332.5,0.0,0.0,0.0,10,304.5,477.5,10,332.5,0.0,0.0,0.0,0.0,0.0,0
2023-05-09 21:29:32,c2311-P-2860,c2311-P-2860,332.5,0.0,0.0,0.0,10,304.5,476.0,1,332.5,0.0,0.0,0.0,0.0,0.0,0
2023-05-09 21:29:32,c2311-P-2860,c2311-P-2860,332.5,0.0,0.0,0.0,10,304.5,475.5,10,332.5,0.0,0.0,0.0,0.0,0.0,0
2023-05-09 21:29:33,c2311-P-2860,c2311-P-2860,332.5,0.0,0.0,0.0,10,304.5,474.0,1,332.5,0.0,0.0,0.0,0.0,0.0,0
2023-05-09 21:29:33,c2311-P-2860,c2311-P-2860,332.5,0.0,0.0,0.0,10,304.5,473.5,10,332.5,0.0,0.0,0.0,0.0,0.0,0
2023-05-09 21:29:34,c2311-P-2860,c2311-P-2860,332.5,0.0,0.0,0.0,10,304.5,472.0,1,332.5,0.0,0.0,0.0,0.0,0.0,0
2023-05-09 21:29:34,c2311-P-2860,c2311-P-2860,332.5,0.0,0.0,0.0,10,304.5,471.5,10,332.5,0.0,0.0,0.0,0.0,0.0,0
2023-05-09 21:29:35,c2311-P-2860,c2311-P-2860,332.5,0.0,0.0,0.0,10,304.5,470.0,1,332.5,0.0,0.0,0.0,0.0,0.0,0
2023-05-09 21:29:35,c2311-P-2860,c2311-P-2860,332.5,0.0,0.0,0.0,10,304.5,469.5,10,332.5,0.0,0.0,0.0,0.0,0.0,0
2023-05-09 21:29:36,c2311-P-2860,c2311-P-2860,332.5,0.0,0.0,0.0,10,304.5,468.0,1,332.5,0.0,0.0,0.0,0.0,0.0,0
2023-05-09 21:29:36,c2311-P-2860,c2311-P-2860,332.5,0.0,0.0,0.0,10,304.5,467.5,10,332.5,0.0,0.0,0.0,0.0,0.0,0
2023-05-09 21:29:38,c2311-P-2860,c2311-P-2860,332.5,0.0,0.0,0.0,10,304.5,466.0,1,332.5,0.0,0.0,0.0,0.0,0.0,0
2023-05-09 21:29:38,c2311-P-2860,c2311-P-2860,332.5,0.0,0.0,0.0,10,304.5,465.5,10,332.5,0.0,0.0,0.0,0.0,0.0,0
2023-05-09 21:29:40,c2311-P-2860,c2311-P-2860,332.5,0.0,0.0,0.0,10,304.5,464.0,1,332.5,0.0,0.0,0.0,0.0,0.0,0
2023-05-09 21:29:40,c2311-P-2860,c2311-P-2860,332.5,0.0,0.0,0.0,10,304.5,463.5,10,332.5,0.0,0.0,0.0,0.0,0.0,0
2023-05-09 21:29:41,c2311-P-2860,c2311-P-2860,332.5,0.0,0.0,0.0,10,304.5,462.0,1,332.5,0.0,0.0,0.0,0.0,0.0,0
2023-05-09 21:29:41,c2311-P-2860,c2311-P-2860,332.5,0.0,0.0,0.0,10,304.5,461.5,10,332.5,0.0,0.0,0.0,0.0,0.0,0
2023-05-09 21:29:42,c2311-P-2860,c2311-P-2860,332.5,0.0,0.0,0.0,10,304.5,460.0,1,332.5,0.0,0.0,0.0,0.0,0.0,0
2023-05-09 21:29:42,c2311-P-2860,c2311-P-2860,332.5,0.0,0.0,0.0,10,304.5,459.5,10,332.5,0.0,0.0,0.0,0.0,0.0,0
2023-05-09 21:29:43,c2311-P-2860,c2311-P-2860,332.5,0.0,0.0,0.0,10,304.5,458.0,1,332.5,0.0,0.0,0.0,0.0,0.0,0
2023-05-09 21:29:43,c2311-P-2860,c2311-P-2860,332.5,0.0,0.0,0.0,10,304.5,457.5,10,332.5,0.0,0.0,0.0,0.0,0.0,0
2023-05-09 21:29:44,c2311-P-2860,c2311-P-2860,332.5,0.0,0.0,0.0,10,304.5,456.0,1,332.5,0.0,0.0,0.0,0.0,0.0,0
2023-05-09 21:29:44,c2311-P-2860,c2311-P-2860,332.5,0.0,0.0,0.0,10,304.5,455.5,10,332.5,0.0,0.0,0.0,0.0,0.0,0
2023-05-09 21:29:45,c2311-P-2860,c2311-P-2860,332.5,0.0,0.0,0.0,10,304.5,454.0,1,332.5,0.0,0.0,0.0,0.0,0.0,0
2023-05-09 21:29:45,c2311-P-2860,c2311-P-2860,332.5,0.0,0.0,0.0,10,304.5,453.5,10,332.5,0.0,0.0,0.0,0.0,0.0,0
2023-05-09 21:29:46,c2311-P-2860,c2311-P-2860,332.5,0.0,0.0,0.0,10,304.5,452.0,1,332.5,0.0,0.0,0.0,0.0,0.0,0
2023-05-09 21:29:46,c2311-P-2860,c2311-P-2860,332.5,0.0,0.0,0.0,10,304.5,451.5,10,332.5,0.0,0.0,0.0,0.0,0.0,0
2023-05-09 21:29:47,c2311-P-2860,c2311-P-2860,332.5,0.0,0.0,0.0,10,304.5,450.0,1,332.5,0.0,0.0,0.0,0.0,0.0,0
2023-05-09 21:29:47,c2311-P-2860,c2311-P-2860,332.5,0.0,0.0,0.0,10,304.5,449.5,10,332.5,0.0,0.0,0.0,0.0,0.0,0
2023-05-09 21:29:48,c2311-P-2860,c2311-P-2860,332.5,0.0,0.0,0.0,10,304.5,448.0,1,332.5,0.0,0.0,0.0,0.0,0.0,0
2023-05-09 21:29:48,c2311-P-2860,c2311-P-2860,332.5,0.0,0.0,0.0,10,304.5,447.5,10,332.5,0.0,0.0,0.0,0.0,0.0,0
2023-05-09 21:29:49,c2311-P-2860,c2311-P-2860,332.5,0.0,0.0,0.0,10,304.5,446.0,1,332.5,0.0,0.0,0.0,0.0,0.0,0
2023-05-09 21:29:49,c2311-P-2860,c2311-P-2860,332.5,0.0,0.0,0.0,10,304.5,445.5,10,332.5,0.0,0.0,0.0,0.0,0.0,0
2023-05-09 21:29:50,c2311-P-2860,c2311-P-2860,332.5,0.0,0.0,0.0,10,304.5,444.0,1,332.5,0.0,0.0,0.0,0.0,0.0,0
2023-05-09 21:29:50,c2311-P-2860,c2311-P-2860,332.5,0.0,0.0,0.0,10,304.5,443.5,10,332.5,0.0,0.0,0.0,0.0,0.0,0
2023-05-09 21:29:51,c2311-P-2860,c2311-P-2860,332.5,0.0,0.0,0.0,10,304.5,442.0,1,332.5,0.0,0.0,0.0,0.0,0.0,0
2023-05-09 21:29:51,c2311-P-2860,c2311-P-2860,332.5,0.0,0.0,0.0,10,304.5,441.5,10,332.5,0.0,0.0,0.0,0.0,0.0,0
2023-05-09 21:29:52,c2311-P-2860,c2311-P-2860,332.5,0.0,0.0,0.0,10,304.5,440.0,1,332.5,0.0,0.0,0.0,0.0,0.0,0
2023-05-09 21:29:52,c2311-P-2860,c2311-P-2860,332.5,0.0,0.0,0.0,10,304.5,439.5,10,332.5,0.0,0.0,0.0,0.0,0.0,0
2023-05-09 21:29:53,c2311-P-2860,c2311-P-2860,332.5,0.0,0.0,0.0,10,304.5,438.0,1,332.5,0.0,0.0,0.0,0.0,0.0,0
2023-05-09 21:29:53,c2311-P-2860,c2311-P-2860,332.5,0.0,0.0,0.0,10,304.5,437.5,10,332.5,0.0,0.0,0.0,0.0,0.0,0
2023-05-09 21:29:54,c2311-P-2860,c2311-P-2860,332.5,0.0,0.0,0.0,10,304.5,436.0,1,332.5,0.0,0.0,0.0,0.0,0.0,0
2023-05-09 21:29:54,c2311-P-2860,c2311-P-2860,332.5,0.0,0.0,0.0,10,304.5,435.5,10,332.5,0.0,0.0,0.0,0.0,0.0,0
2023-05-09 21:29:55,c2311-P-2860,c2311-P-2860,332.5,0.0,0.0,0.0,10,304.5,434.0,1,332.5,0.0,0.0,0.0,0.0,0.0,0
2023-05-09 21:29:55,c2311-P-2860,c2311-P-2860,332.5,0.0,0.0,0.0,10,304.5,433.5,10,332.5,0.0,0.0,0.0,0.0,0.0,0
2023-05-09 21:29:56,c2311-P-2860,c2311-P-2860,332.5,0.0,0.0,0.0,10,304.5,432.0,1,332.5,0.0,0.0,0.0,0.0,0.0,0
2023-05-09 21:29:56,c2311-P-2860,c2311-P-2860,332.5,0.0,0.0,0.0,10,304.5,431.5,10,332.5,0.0,0.0,0.0,0.0,0.0,0
2023-05-09 21:29:57,c2311-P-2860,c2311-P-2860,332.5,0.0,0.0,0.0,10,304.5,430.0,1,332.5,0.0,0.0,0.0,0.0,0.0,0
2023-05-09 21:29:57,c2311-P-2860,c2311-P-2860,332.5,0.0,0.0,0.0,10,304.5,429.5,10,332.5,0.0,0.0,0.0,0.0,0.0,0
2023-05-09 21:29:58,c2311-P-2860,c2311-P-2860,332.5,0.0,0.0,0.0,10,304.5,428.0,1,332.5,0.0,0.0,0.0,0.0,0.0,0
2023-05-09 21:29:58,c2311-P-2860,c2311-P-2860,332.5,0.0,0.0,0.0,10,304.5,427.5,10,332.5,0.0,0.0,0.0,0.0,0.0,0
2023-05-09 21:29:59,c2311-P-2860,c2311-P-2860,332.5,0.0,0.0,0.0,10,304.5,426.0,1,332.5,0.0,0.0,0.0,0.0,0.0,0
2023-05-09 21:29:59,c2311-P-2860,c2311-P-2860,332.5,0.0,0.0,0.0,10,304.5,425.5,10,332.5,0.0,0.0,0.0,0.0,0.0,0
2023-05-09 21:30:00,c2311-P-2860,c2311-P-2860,332.5,0.0,0.0,0.0,10,304.5,424.0,1,332.5,0.0,0.0,0.0,0.0,0.0,0
2023-05-09 21:30:00,c2311-P-2860,c2311-P-2860,332.5,0.0,0.0,0.0,10,304.5,423.5,10,332.5,0.0,0.0,0.0,0.0,0.0,0
2023-05-09 21:30:01,c2311-P-2860,c2311-P-2860,332.5,0.0,0.0,0.0,10,304.5,422.0,1,332.5,0.0,0.0,0.0,0.0,0.0,0
2023-05-09 21:30:01,c2311-P-2860,c2311-P-2860,332.5,0.0,0.0,0.0,10,304.5,421.5,10,332.5,0.0,0.0,0.0,0.0,0.0,0
2023-05-09 21:30:02,c2311-P-2860,c2311-P-2860,332.5,0.0,0.0,0.0,10,304.5,420.0,1,332.5,0.0,0.0,0.0,0.0,0.0,0
2023-05-09 21:30:02,c2311-P-2860,c2311-P-2860,332.5,0.0,0.0,0.0,10,304.5,419.5,10,332.5,0.0,0.0,0.0,0.0,0.0,0
2023-05-09 21:30:03,c2311-P-2860,c2311-P-2860,332.5,0.0,0.0,0.0,10,304.5,418.0,1,332.5,0.0,0.0,0.0,0.0,0.0,0
2023-05-09 21:30:03,c2311-P-2860,c2311-P-2860,332.5,0.0,0.0,0.0,10,304.5,417.5,10,332.5,0.0,0.0,0.0,0.0,0.0,0
2023-05-09 21:30:04,c2311-P-2860,c2311-P-2860,332.5,0.0,0.0,0.0,10,304.5,416.0,1,332.5,0.0,0.0,0.0,0.0,0.0,0
2023-05-09 21:30:04,c2311-P-2860,c2311-P-2860,332.5,0.0,0.0,0.0,10,304.5,415.5,10,332.5,0.0,0.0,0.0,0.0,0.0,0
2023-05-09 21:44:44,c2311-P-2860,c2311-P-2860,332.5,0.0,0.0,0.0,1,306.0,415.5,10,332.5,0.0,0.0,0.0,0.0,0.0,0
2023-05-09 21:44:44,c2311-P-2860,c2311-P-2860,332.5,0.0,0.0,0.0,10,306.5,415.5,10,332.5,0.0,0.0,0.0,0.0,0.0,0
2023-05-09 22:04:44,c2311-P-2860,c2311-P-2860,332.5,0.0,0.0,0.0,1,308.0,415.5,10,332.5,0.0,0.0,0.0,0.0,0.0,0
2023-05-09 22:04:44,c2311-P-2860,c2311-P-2860,332.5,0.0,0.0,0.0,10,308.5,415.5,10,332.5,0.0,0.0,0.0,0.0,0.0,0
2023-05-09 22:04:45,c2311-P-2860,c2311-P-2860,332.5,0.0,0.0,0.0,1,310.0,415.5,10,332.5,0.0,0.0,0.0,0.0,0.0,0
2023-05-09 22:04:46,c2311-P-2860,c2311-P-2860,332.5,0.0,0.0,0.0,10,310.5,415.0,1,332.5,0.0,0.0,0.0,0.0,0.0,0
2023-05-09 22:04:46,c2311-P-2860,c2311-P-2860,332.5,0.0,0.0,0.0,10,310.5,414.5,10,332.5,0.0,0.0,0.0,0.0,0.0,0
2023-05-09 22:34:44,c2311-P-2860,c2311-P-2860,332.5,0.0,0.0,0.0,1,312.0,414.5,10,332.5,0.0,0.0,0.0,0.0,0.0,0
2023-05-09 22:34:44,c2311-P-2860,c2311-P-2860,332.5,0.0,0.0,0.0,10,312.5,414.5,10,332.5,0.0,0.0,0.0,0.0,0.0,0
2023-05-09 22:34:45,c2311-P-2860,c2311-P-2860,332.5,0.0,0.0,0.0,1,314.0,414.5,10,332.5,0.0,0.0,0.0,0.0,0.0,0
2023-05-09 22:34:45,c2311-P-2860,c2311-P-2860,332.5,0.0,0.0,0.0,10,314.5,414.5,10,332.5,0.0,0.0,0.0,0.0,0.0,0
2023-05-09 22:34:46,c2311-P-2860,c2311-P-2860,332.5,0.0,0.0,0.0,1,316.0,414.5,10,332.5,0.0,0.0,0.0,0.0,0.0,0
2023-05-09 22:34:46,c2311-P-2860,c2311-P-2860,332.5,0.0,0.0,0.0,10,316.5,414.5,10,332.5,0.0,0.0,0.0,0.0,0.0,0
2023-05-09 22:57:33,c2311-P-2860,c2311-P-2860,332.5,0.0,0.0,0.0,1,304.0,415.0,1,332.5,0.0,0.0,0.0,0.0,0.0,0
2023-05-09 22:57:36,c2311-P-2860,c2311-P-2860,332.5,0.0,0.0,0.0,1,305.5,415.0,1,332.5,0.0,0.0,0.0,0.0,0.0,0
2023-05-09 22:57:42,c2311-P-2860,c2311-P-2860,332.5,0.0,0.0,0.0,1,305.5,0.0,0,332.5,0.0,0.0,0.0,0.0,0.0,0
2023-05-09 22:57:44,c2311-P-2860,c2311-P-2860,332.5,0.0,0.0,0.0,1,305.5,482.0,1,332.5,0.0,0.0,0.0,0.0,0.0,0
2023-05-09 22:58:13,c2311-P-2860,c2311-P-2860,332.5,0.0,0.0,0.0,10,306.0,481.5,10,332.5,0.0,0.0,0.0,0.0,0.0,0
2023-05-09 22:58:14,c2311-P-2860,c2311-P-2860,332.5,0.0,0.0,0.0,1,307.5,480.0,1,332.5,0.0,0.0,0.0,0.0,0.0,0
2023-05-09 22:58:14,c2311-P-2860,c2311-P-2860,332.5,0.0,0.0,0.0,10,308.0,479.5,10,332.5,0.0,0.0,0.0,0.0,0.0,0
2023-05-09 22:58:17,c2311-P-2860,c2311-P-2860,332.5,0.0,0.0,0.0,1,309.5,479.5,10,332.5,0.0,0.0,0.0,0.0,0.0,0
2023-05-09 22:58:17,c2311-P-2860,c2311-P-2860,332.5,0.0,0.0,0.0,10,310.0,479.5,10,332.5,0.0,0.0,0.0,0.0,0.0,0
2023-05-09 22:58:19,c2311-P-2860,c2311-P-2860,332.5,0.0,0.0,0.0,1,311.5,478.0,1,332.5,0.0,0.0,0.0,0.0,0.0,0
2023-05-09 22:58:19,c2311-P-2860,c2311-P-2860,332.5,0.0,0.0,0.0,10,312.0,477.5,10,332.5,0.0,0.0,0.0,0.0,0.0,0
2023-05-09 22:58:21,c2311-P-2860,c2311-P-2860,332.5,0.0,0.0,0.0,1,313.5,477.5,10,332.5,0.0,0.0,0.0,0.0,0.0,0
2023-05-09 22:58:21,c2311-P-2860,c2311-P-2860,332.5,0.0,0.0,0.0,10,314.0,477.5,10,332.5,0.0,0.0,0.0,0.0,0.0,0
2023-05-09 22:58:33,c2311-P-2860,c2311-P-2860,332.5,0.0,0.0,0.0,1,315.5,476.0,1,332.5,0.0,0.0,0.0,0.0,0.0,0
2023-05-09 22:58:33,c2311-P-2860,c2311-P-2860,332.5,0.0,0.0,0.0,10,316.0,475.5,10,332.5,0.0,0.0,0.0,0.0,0.0,0
2023-05-09 22:58:34,c2311-P-2860,c2311-P-2860,332.5,0.0,0.0,0.0,1,317.5,474.0,1,332.5,0.0,0.0,0.0,0.0,0.0,0
2023-05-09 22:58:34,c2311-P-2860,c2311-P-2860,332.5,0.0,0.0,0.0,10,318.0,473.5,10,332.5,0.0,0.0,0.0,0.0,0.0,0
2023-05-09 22:58:35,c2311-P-2860,c2311-P-2860,332.5,0.0,0.0,0.0,1,319.5,472.0,1,332.5,0.0,0.0,0.0,0.0,0.0,0
2023-05-09 22:58:35,c2311-P-2860,c2311-P-2860,332.5,0.0,0.0,0.0,10,320.0,471.5,10,332.5,0.0,0.0,0.0,0.0,0.0,0
2023-05-09 22:58:39,c2311-P-2860,c2311-P-2860,332.5,0.0,0.0,0.0,10,320.0,470.0,1,332.5,0.0,0.0,0.0,0.0,0.0,0
2023-05-09 22:58:39,c2311-P-2860,c2311-P-2860,332.5,0.0,0.0,0.0,10,320.0,469.5,10,332.5,0.0,0.0,0.0,0.0,0.0,0
2023-05-09 22:58:46,c2311-P-2860,c2311-P-2860,332.5,0.0,0.0,0.0,10,320.0,468.0,1,332.5,0.0,0.0,0.0,0.0,0.0,0
2023-05-09 22:58:46,c2311-P-2860,c2311-P-2860,332.5,0.0,0.0,0.0,10,320.0,467.5,10,332.5,0.0,0.0,0.0,0.0,0.0,0
2023-05-09 22:58:49,c2311-P-2860,c2311-P-2860,332.5,0.0,0.0,0.0,10,320.0,466.0,1,332.5,0.0,0.0,0.0,0.0,0.0,0
2023-05-09 22:58:49,c2311-P-2860,c2311-P-2860,332.5,0.0,0.0,0.0,10,320.0,465.5,10,332.5,0.0,0.0,0.0,0.0,0.0,0
2023-05-09 22:58:50,c2311-P-2860,c2311-P-2860,332.5,0.0,0.0,0.0,10,320.0,464.0,1,332.5,0.0,0.0,0.0,0.0,0.0,0
2023-05-09 22:58:50,c2311-P-2860,c2311-P-2860,332.5,0.0,0.0,0.0,10,320.0,463.5,10,332.5,0.0,0.0,0.0,0.0,0.0,0
2023-05-09 22:58:51,c2311-P-2860,c2311-P-2860,332.5,0.0,0.0,0.0,10,320.0,462.0,1,332.5,0.0,0.0,0.0,0.0,0.0,0
2023-05-09 22:58:51,c2311-P-2860,c2311-P-2860,332.5,0.0,0.0,0.0,10,320.0,461.5,10,332.5,0.0,0.0,0.0,0.0,0.0,0
2023-05-09 22:59:02,c2311-P-2860,c2311-P-2860,332.5,0.0,0.0,0.0,10,320.0,460.0,1,332.5,0.0,0.0,0.0,0.0,0.0,0
2023-05-09 22:59:02,c2311-P-2860,c2311-P-2860,332.5,0.0,0.0,0.0,10,320.0,459.5,10,332.5,0.0,0.0,0.0,0.0,0.0,0
2023-05-09 22:59:03,c2311-P-2860,c2311-P-2860,332.5,0.0,0.0,0.0,10,320.0,458.0,1,332.5,0.0,0.0,0.0,0.0,0.0,0
2023-05-09 22:59:03,c2311-P-2860,c2311-P-2860,332.5,0.0,0.0,0.0,10,320.0,457.5,10,332.5,0.0,0.0,0.0,0.0,0.0,0
2023-05-09 22:59:08,c2311-P-2860,c2311-P-2860,332.5,0.0,0.0,0.0,10,320.0,456.0,1,332.5,0.0,0.0,0.0,0.0,0.0,0
2023-05-09 22:59:08,c2311-P-2860,c2311-P-2860,332.5,0.0,0.0,0.0,10,320.0,455.5,10,332.5,0.0,0.0,0.0,0.0,0.0,0
2023-05-09 22:59:09,c2311-P-2860,c2311-P-2860,332.5,0.0,0.0,0.0,10,320.0,454.0,1,332.5,0.0,0.0,0.0,0.0,0.0,0
2023-05-09 22:59:09,c2311-P-2860,c2311-P-2860,332.5,0.0,0.0,0.0,10,320.0,453.5,10,332.5,0.0,0.0,0.0,0.0,0.0,0
2023-05-09 22:59:20,c2311-P-2860,c2311-P-2860,332.5,0.0,0.0,0.0,10,320.0,452.0,1,332.5,0.0,0.0,0.0,0.0,0.0,0
2023-05-09 22:59:20,c2311-P-2860,c2311-P-2860,332.5,0.0,0.0,0.0,10,320.0,451.5,10,332.5,0.0,0.0,0.0,0.0,0.0,0
2023-05-09 22:59:28,c2311-P-2860,c2311-P-2860,332.5,0.0,0.0,0.0,10,320.0,450.0,1,332.5,0.0,0.0,0.0,0.0,0.0,0
2023-05-09 22:59:29,c2311-P-2860,c2311-P-2860,332.5,0.0,0.0,0.0,10,320.0,449.5,10,332.5,0.0,0.0,0.0,0.0,0.0,0
2023-05-09 22:59:46,c2311-P-2860,c2311-P-2860,332.5,0.0,0.0,0.0,10,320.0,448.0,1,332.5,0.0,0.0,0.0,0.0,0.0,0
2023-05-09 22:59:47,c2311-P-2860,c2311-P-2860,332.5,0.0,0.0,0.0,10,320.0,447.5,10,332.5,0.0,0.0,0.0,0.0,0.0,0
2023-05-09 22:59:55,c2311-P-2860,c2311-P-2860,332.5,0.0,0.0,0.0,0,0.0,0.0,0,332.5,0.0,0.0,0.0,0.0,0.0,0
2023-05-10 09:00:55,c2311-P-2860,c2311-P-2860,332.5,0.0,0.0,0.0,10,230.5,0.0,0,332.5,0.0,0.0,0.0,0.0,0.0,0
2023-05-10 09:02:07,c2311-P-2860,c2311-P-2860,332.5,0.0,0.0,0.0,1,232.0,482.0,1,332.5,0.0,0.0,0.0,0.0,0.0,0
2023-05-10 09:02:08,c2311-P-2860,c2311-P-2860,332.5,0.0,0.0,0.0,10,232.5,481.5,10,332.5,0.0,0.0,0.0,0.0,0.0,0
2023-05-10 09:02:11,c2311-P-2860,c2311-P-2860,332.5,0.0,0.0,0.0,1,234.0,480.0,1,332.5,0.0,0.0,0.0,0.0,0.0,0
2023-05-10 09:02:12,c2311-P-2860,c2311-P-2860,332.5,0.0,0.0,0.0,10,234.5,479.5,10,332.5,0.0,0.0,0.0,0.0,0.0,0
2023-05-10 09:02:15,c2311-P-2860,c2311-P-2860,332.5,0.0,0.0,0.0,1,236.0,478.0,1,332.5,0.0,0.0,0.0,0.0,0.0,0
2023-05-10 09:02:15,c2311-P-2860,c2311-P-2860,332.5,0.0,0.0,0.0,10,236.5,477.5,10,332.5,0.0,0.0,0.0,0.0,0.0,0
2023-05-10 09:02:19,c2311-P-2860,c2311-P-2860,332.5,0.0,0.0,0.0,10,236.5,476.0,1,332.5,0.0,0.0,0.0,0.0,0.0,0
2023-05-10 09:02:19,c2311-P-2860,c2311-P-2860,332.5,0.0,0.0,0.0,1,238.0,475.5,10,332.5,0.0,0.0,0.0,0.0,0.0,0
2023-05-10 09:02:20,c2311-P-2860,c2311-P-2860,332.5,0.0,0.0,0.0,10,238.5,474.0,1,332.5,0.0,0.0,0.0,0.0,0.0,0
2023-05-10 09:02:20,c2311-P-2860,c2311-P-2860,332.5,0.0,0.0,0.0,10,238.5,473.5,10,332.5,0.0,0.0,0.0,0.0,0.0,0
2023-05-10 09:02:21,c2311-P-2860,c2311-P-2860,332.5,0.0,0.0,0.0,1,240.0,472.0,1,332.5,0.0,0.0,0.0,0.0,0.0,0
2023-05-10 09:02:21,c2311-P-2860,c2311-P-2860,332.5,0.0,0.0,0.0,10,240.5,471.5,10,332.5,0.0,0.0,0.0,0.0,0.0,0
2023-05-10 09:02:24,c2311-P-2860,c2311-P-2860,332.5,0.0,0.0,0.0,1,242.0,470.0,1,332.5,0.0,0.0,0.0,0.0,0.0,0
2023-05-10 09:02:24,c2311-P-2860,c2311-P-2860,332.5,0.0,0.0,0.0,10,242.5,469.5,10,332.5,0.0,0.0,0.0,0.0,0.0,0
2023-05-10 09:02:26,c2311-P-2860,c2311-P-2860,332.5,0.0,0.0,0.0,1,244.0,468.0,1,332.5,0.0,0.0,0.0,0.0,0.0,0
2023-05-10 09:02:26,c2311-P-2860,c2311-P-2860,332.5,0.0,0.0,0.0,10,244.5,467.5,10,332.5,0.0,0.0,0.0,0.0,0.0,0
2023-05-10 09:02:27,c2311-P-2860,c2311-P-2860,332.5,0.0,0.0,0.0,1,246.0,466.0,1,332.5,0.0,0.0,0.0,0.0,0.0,0
2023-05-10 09:02:27,c2311-P-2860,c2311-P-2860,332.5,0.0,0.0,0.0,10,246.5,465.5,10,332.5,0.0,0.0,0.0,0.0,0.0,0
2023-05-10 09:02:32,c2311-P-2860,c2311-P-2860,332.5,0.0,0.0,0.0,1,248.0,465.5,10,332.5,0.0,0.0,0.0,0.0,0.0,0
2023-05-10 09:02:32,c2311-P-2860,c2311-P-2860,332.5,0.0,0.0,0.0,10,248.5,465.5,10,332.5,0.0,0.0,0.0,0.0,0.0,0
2023-05-10 09:02:33,c2311-P-2860,c2311-P-2860,332.5,0.0,0.0,0.0,1,250.0,464.0,1,332.5,0.0,0.0,0.0,0.0,0.0,0
2023-05-10 09:02:33,c2311-P-2860,c2311-P-2860,332.5,0.0,0.0,0.0,10,250.5,463.5,10,332.5,0.0,0.0,0.0,0.0,0.0,0
2023-05-10 09:02:34,c2311-P-2860,c2311-P-2860,332.5,0.0,0.0,0.0,1,252.0,462.0,1,332.5,0.0,0.0,0.0,0.0,0.0,0
2023-05-10 09:02:34,c2311-P-2860,c2311-P-2860,332.5,0.0,0.0,0.0,10,252.5,461.5,10,332.5,0.0,0.0,0.0,0.0,0.0,0
2023-05-10 09:02:35,c2311-P-2860,c2311-P-2860,332.5,0.0,0.0,0.0,1,254.0,460.0,1,332.5,0.0,0.0,0.0,0.0,0.0,0
2023-05-10 09:02:35,c2311-P-2860,c2311-P-2860,332.5,0.0,0.0,0.0,10,254.5,459.5,10,332.5,0.0,0.0,0.0,0.0,0.0,0
2023-05-10 09:02:36,c2311-P-2860,c2311-P-2860,332.5,0.0,0.0,0.0,10,254.5,458.0,1,332.5,0.0,0.0,0.0,0.0,0.0,0
2023-05-10 09:02:36,c2311-P-2860,c2311-P-2860,332.5,0.0,0.0,0.0,1,256.0,457.5,10,332.5,0.0,0.0,0.0,0.0,0.0,0
2023-05-10 09:02:36,c2311-P-2860,c2311-P-2860,332.5,0.0,0.0,0.0,10,256.5,457.5,10,332.5,0.0,0.0,0.0,0.0,0.0,0
2023-05-10 09:02:37,c2311-P-2860,c2311-P-2860,332.5,0.0,0.0,0.0,1,258.0,456.0,1,332.5,0.0,0.0,0.0,0.0,0.0,0
2023-05-10 09:02:37,c2311-P-2860,c2311-P-2860,332.5,0.0,0.0,0.0,10,258.5,455.5,10,332.5,0.0,0.0,0.0,0.0,0.0,0
2023-05-10 09:02:38,c2311-P-2860,c2311-P-2860,332.5,0.0,0.0,0.0,1,260.0,454.0,1,332.5,0.0,0.0,0.0,0.0,0.0,0
2023-05-10 09:02:39,c2311-P-2860,c2311-P-2860,332.5,0.0,0.0,0.0,10,260.5,453.5,10,332.5,0.0,0.0,0.0,0.0,0.0,0
2023-05-10 09:02:39,c2311-P-2860,c2311-P-2860,332.5,0.0,0.0,0.0,1,262.0,452.0,1,332.5,0.0,0.0,0.0,0.0,0.0,0
2023-05-10 09:02:40,c2311-P-2860,c2311-P-2860,332.5,0.0,0.0,0.0,10,262.5,451.5,10,332.5,0.0,0.0,0.0,0.0,0.0,0
2023-05-10 09:02:46,c2311-P-2860,c2311-P-2860,332.5,0.0,0.0,0.0,1,264.0,450.0,1,332.5,0.0,0.0,0.0,0.0,0.0,0
2023-05-10 09:02:47,c2311-P-2860,c2311-P-2860,332.5,0.0,0.0,0.0,10,264.5,449.5,10,332.5,0.0,0.0,0.0,0.0,0.0,0
2023-05-10 09:02:54,c2311-P-2860,c2311-P-2860,332.5,0.0,0.0,0.0,1,266.0,449.5,10,332.5,0.0,0.0,0.0,0.0,0.0,0
2023-05-10 09:02:55,c2311-P-2860,c2311-P-2860,332.5,0.0,0.0,0.0,10,266.5,449.5,10,332.5,0.0,0.0,0.0,0.0,0.0,0
2023-05-10 09:02:55,c2311-P-2860,c2311-P-2860,332.5,0.0,0.0,0.0,1,268.0,448.0,1,332.5,0.0,0.0,0.0,0.0,0.0,0
2023-05-10 09:02:55,c2311-P-2860,c2311-P-2860,332.5,0.0,0.0,0.0,10,268.5,447.5,10,332.5,0.0,0.0,0.0,0.0,0.0,0
2023-05-10 09:02:56,c2311-P-2860,c2311-P-2860,332.5,0.0,0.0,0.0,1,270.0,446.0,1,332.5,0.0,0.0,0.0,0.0,0.0,0
2023-05-10 09:02:56,c2311-P-2860,c2311-P-2860,332.5,0.0,0.0,0.0,10,270.5,445.5,10,332.5,0.0,0.0,0.0,0.0,0.0,0
2023-05-10 09:02:58,c2311-P-2860,c2311-P-2860,332.5,0.0,0.0,0.0,1,272.0,445.5,10,332.5,0.0,0.0,0.0,0.0,0.0,0
2023-05-10 09:02:59,c2311-P-2860,c2311-P-2860,332.5,0.0,0.0,0.0,10,272.5,444.0,1,332.5,0.0,0.0,0.0,0.0,0.0,0
2023-05-10 09:02:59,c2311-P-2860,c2311-P-2860,332.5,0.0,0.0,0.0,10,272.5,443.5,10,332.5,0.0,0.0,0.0,0.0,0.0,0
2023-05-10 09:03:01,c2311-P-2860,c2311-P-2860,332.5,0.0,0.0,0.0,1,274.0,442.0,1,332.5,0.0,0.0,0.0,0.0,0.0,0
2023-05-10 09:03:01,c2311-P-2860,c2311-P-2860,332.5,0.0,0.0,0.0,10,274.5,441.5,10,332.5,0.0,0.0,0.0,0.0,0.0,0
2023-05-10 09:03:05,c2311-P-2860,c2311-P-2860,332.5,0.0,0.0,0.0,1,276.0,441.5,10,332.5,0.0,0.0,0.0,0.0,0.0,0
2023-05-10 09:03:05,c2311-P-2860,c2311-P-2860,332.5,0.0,0.0,0.0,10,276.5,441.5,10,332.5,0.0,0.0,0.0,0.0,0.0,0
2023-05-10 09:03:09,c2311-P-2860,c2311-P-2860,332.5,0.0,0.0,0.0,1,278.0,441.5,10,332.5,0.0,0.0,0.0,0.0,0.0,0
2023-05-10 09:03:09,c2311-P-2860,c2311-P-2860,332.5,0.0,0.0,0.0,10,278.5,441.5,10,332.5,0.0,0.0,0.0,0.0,0.0,0
2023-05-10 09:03:12,c2311-P-2860,c2311-P-2860,332.5,0.0,0.0,0.0,1,280.0,441.5,10,332.5,0.0,0.0,0.0,0.0,0.0,0
2023-05-10 09:03:12,c2311-P-2860,c2311-P-2860,332.5,0.0,0.0,0.0,10,280.5,441.5,10,332.5,0.0,0.0,0.0,0.0,0.0,0
2023-05-10 09:03:14,c2311-P-2860,c2311-P-2860,332.5,0.0,0.0,0.0,1,282.0,441.5,10,332.5,0.0,0.0,0.0,0.0,0.0,0
2023-05-10 09:03:14,c2311-P-2860,c2311-P-2860,332.5,0.0,0.0,0.0,10,282.5,441.5,10,332.5,0.0,0.0,0.0,0.0,0.0,0
2023-05-10 09:03:15,c2311-P-2860,c2311-P-2860,332.5,0.0,0.0,0.0,1,284.0,441.5,10,332.5,0.0,0.0,0.0,0.0,0.0,0
2023-05-10 09:03:15,c2311-P-2860,c2311-P-2860,332.5,0.0,0.0,0.0,10,284.5,441.5,10,332.5,0.0,0.0,0.0,0.0,0.0,0
2023-05-10 09:03:16,c2311-P-2860,c2311-P-2860,332.5,0.0,0.0,0.0,1,286.0,441.5,10,332.5,0.0,0.0,0.0,0.0,0.0,0
2023-05-10 09:03:16,c2311-P-2860,c2311-P-2860,332.5,0.0,0.0,0.0,10,286.5,441.5,10,332.5,0.0,0.0,0.0,0.0,0.0,0
2023-05-10 09:03:17,c2311-P-2860,c2311-P-2860,332.5,0.0,0.0,0.0,1,288.0,441.5,10,332.5,0.0,0.0,0.0,0.0,0.0,0
2023-05-10 09:03:17,c2311-P-2860,c2311-P-2860,332.5,0.0,0.0,0.0,10,288.5,441.5,10,332.5,0.0,0.0,0.0,0.0,0.0,0
2023-05-10 09:03:18,c2311-P-2860,c2311-P-2860,332.5,0.0,0.0,0.0,1,290.0,441.5,10,332.5,0.0,0.0,0.0,0.0,0.0,0
2023-05-10 09:03:18,c2311-P-2860,c2311-P-2860,332.5,0.0,0.0,0.0,10,290.5,441.5,10,332.5,0.0,0.0,0.0,0.0,0.0,0
2023-05-10 09:03:19,c2311-P-2860,c2311-P-2860,332.5,0.0,0.0,0.0,1,292.0,441.5,10,332.5,0.0,0.0,0.0,0.0,0.0,0
2023-05-10 09:03:19,c2311-P-2860,c2311-P-2860,332.5,0.0,0.0,0.0,10,292.5,441.5,10,332.5,0.0,0.0,0.0,0.0,0.0,0
2023-05-10 09:03:20,c2311-P-2860,c2311-P-2860,332.5,0.0,0.0,0.0,1,294.0,441.5,10,332.5,0.0,0.0,0.0,0.0,0.0,0
2023-05-10 09:03:20,c2311-P-2860,c2311-P-2860,332.5,0.0,0.0,0.0,10,294.5,441.5,10,332.5,0.0,0.0,0.0,0.0,0.0,0
2023-05-10 09:03:22,c2311-P-2860,c2311-P-2860,332.5,0.0,0.0,0.0,1,296.0,441.5,10,332.5,0.0,0.0,0.0,0.0,0.0,0
2023-05-10 09:03:22,c2311-P-2860,c2311-P-2860,332.5,0.0,0.0,0.0,10,296.5,441.5,10,332.5,0.0,0.0,0.0,0.0,0.0,0
2023-05-10 09:03:24,c2311-P-2860,c2311-P-2860,332.5,0.0,0.0,0.0,1,298.0,441.5,10,332.5,0.0,0.0,0.0,0.0,0.0,0
2023-05-10 09:03:24,c2311-P-2860,c2311-P-2860,332.5,0.0,0.0,0.0,10,298.5,441.5,10,332.5,0.0,0.0,0.0,0.0,0.0,0
2023-05-10 09:03:25,c2311-P-2860,c2311-P-2860,332.5,0.0,0.0,0.0,1,300.0,441.5,10,332.5,0.0,0.0,0.0,0.0,0.0,0
2023-05-10 09:03:25,c2311-P-2860,c2311-P-2860,332.5,0.0,0.0,0.0,10,300.5,441.5,10,332.5,0.0,0.0,0.0,0.0,0.0,0
2023-05-10 09:03:26,c2311-P-2860,c2311-P-2860,332.5,0.0,0.0,0.0,1,302.0,441.5,10,332.5,0.0,0.0,0.0,0.0,0.0,0
2023-05-10 09:03:26,c2311-P-2860,c2311-P-2860,332.5,0.0,0.0,0.0,10,302.5,441.5,10,332.5,0.0,0.0,0.0,0.0,0.0,0
2023-05-10 09:03:29,c2311-P-2860,c2311-P-2860,332.5,0.0,0.0,0.0,1,304.0,441.5,10,332.5,0.0,0.0,0.0,0.0,0.0,0
2023-05-10 09:03:29,c2311-P-2860,c2311-P-2860,332.5,0.0,0.0,0.0,10,304.5,441.5,10,332.5,0.0,0.0,0.0,0.0,0.0,0
2023-05-10 09:03:30,c2311-P-2860,c2311-P-2860,332.5,0.0,0.0,0.0,1,306.0,440.0,1,332.5,0.0,0.0,0.0,0.0,0.0,0
2023-05-10 09:03:30,c2311-P-2860,c2311-P-2860,332.5,0.0,0.0,0.0,10,306.5,439.5,10,332.5,0.0,0.0,0.0,0.0,0.0,0
2023-05-10 09:03:33,c2311-P-2860,c2311-P-2860,332.5,0.0,0.0,0.0,1,308.0,439.5,10,332.5,0.0,0.0,0.0,0.0,0.0,0
2023-05-10 09:03:33,c2311-P-2860,c2311-P-2860,332.5,0.0,0.0,0.0,10,308.5,439.5,10,332.5,0.0,0.0,0.0,0.0,0.0,0
2023-05-10 09:03:34,c2311-P-2860,c2311-P-2860,332.5,0.0,0.0,0.0,1,310.0,439.5,10,332.5,0.0,0.0,0.0,0.0,0.0,0
2023-05-10 09:03:34,c2311-P-2860,c2311-P-2860,332.5,0.0,0.0,0.0,10,310.5,439.5,10,332.5,0.0,0.0,0.0,0.0,0.0,0
2023-05-10 09:03:36,c2311-P-2860,c2311-P-2860,332.5,0.0,0.0,0.0,1,312.0,439.5,10,332.5,0.0,0.0,0.0,0.0,0.0,0
2023-05-10 09:03:36,c2311-P-2860,c2311-P-2860,332.5,0.0,0.0,0.0,10,312.5,439.5,10,332.5,0.0,0.0,0.0,0.0,0.0,0
2023-05-10 09:03:37,c2311-P-2860,c2311-P-2860,332.5,0.0,0.0,0.0,1,314.0,439.5,10,332.5,0.0,0.0,0.0,0.0,0.0,0
2023-05-10 09:03:37,c2311-P-2860,c2311-P-2860,332.5,0.0,0.0,0.0,10,314.5,439.5,10,332.5,0.0,0.0,0.0,0.0,0.0,0
2023-05-10 09:03:39,c2311-P-2860,c2311-P-2860,332.5,0.0,0.0,0.0,1,316.0,439.5,10,332.5,0.0,0.0,0.0,0.0,0.0,0
2023-05-10 09:03:39,c2311-P-2860,c2311-P-2860,332.5,0.0,0.0,0.0,10,316.5,439.5,10,332.5,0.0,0.0,0.0,0.0,0.0,0
2023-05-10 09:03:40,c2311-P-2860,c2311-P-2860,332.5,0.0,0.0,0.0,1,318.0,439.5,10,332.5,0.0,0.0,0.0,0.0,0.0,0
2023-05-10 09:03:40,c2311-P-2860,c2311-P-2860,332.5,0.0,0.0,0.0,10,318.5,439.5,10,332.5,0.0,0.0,0.0,0.0,0.0,0
2023-05-10 09:03:41,c2311-P-2860,c2311-P-2860,332.5,0.0,0.0,0.0,1,320.0,439.5,10,332.5,0.0,0.0,0.0,0.0,0.0,0
2023-05-10 09:03:41,c2311-P-2860,c2311-P-2860,332.5,0.0,0.0,0.0,10,320.5,439.5,10,332.5,0.0,0.0,0.0,0.0,0.0,0
2023-05-10 09:03:43,c2311-P-2860,c2311-P-2860,332.5,0.0,0.0,0.0,1,322.0,439.5,10,332.5,0.0,0.0,0.0,0.0,0.0,0
2023-05-10 09:03:43,c2311-P-2860,c2311-P-2860,332.5,0.0,0.0,0.0,10,322.5,439.5,10,332.5,0.0,0.0,0.0,0.0,0.0,0
2023-05-10 09:03:44,c2311-P-2860,c2311-P-2860,332.5,0.0,0.0,0.0,1,324.0,439.5,10,332.5,0.0,0.0,0.0,0.0,0.0,0
2023-05-10 09:03:44,c2311-P-2860,c2311-P-2860,332.5,0.0,0.0,0.0,10,324.5,439.5,10,332.5,0.0,0.0,0.0,0.0,0.0,0
2023-05-10 09:14:43,c2311-P-2860,c2311-P-2860,332.5,0.0,0.0,0.0,1,326.0,439.5,10,332.5,0.0,0.0,0.0,0.0,0.0,0
2023-05-10 09:14:44,c2311-P-2860,c2311-P-2860,332.5,0.0,0.0,0.0,10,326.5,439.5,10,332.5,0.0,0.0,0.0,0.0,0.0,0
2023-05-10 09:24:43,c2311-P-2860,c2311-P-2860,332.5,0.0,0.0,0.0,10,326.5,438.0,1,332.5,0.0,0.0,0.0,0.0,0.0,0
2023-05-10 09:24:44,c2311-P-2860,c2311-P-2860,332.5,0.0,0.0,0.0,10,326.5,437.5,10,332.5,0.0,0.0,0.0,0.0,0.0,0
2023-05-10 09:24:44,c2311-P-2860,c2311-P-2860,332.5,0.0,0.0,0.0,10,326.5,436.0,1,332.5,0.0,0.0,0.0,0.0,0.0,0
2023-05-10 09:24:44,c2311-P-2860,c2311-P-2860,332.5,0.0,0.0,0.0,10,326.5,435.5,10,332.5,0.0,0.0,0.0,0.0,0.0,0
2023-05-10 09:24:45,c2311-P-2860,c2311-P-2860,332.5,0.0,0.0,0.0,10,326.5,434.0,1,332.5,0.0,0.0,0.0,0.0,0.0,0
2023-05-10 09:24:45,c2311-P-2860,c2311-P-2860,332.5,0.0,0.0,0.0,10,326.5,433.5,10,332.5,0.0,0.0,0.0,0.0,0.0,0
2023-05-10 09:24:46,c2311-P-2860,c2311-P-2860,332.5,0.0,0.0,0.0,10,326.5,432.0,1,332.5,0.0,0.0,0.0,0.0,0.0,0
2023-05-10 09:24:46,c2311-P-2860,c2311-P-2860,332.5,0.0,0.0,0.0,10,326.5,431.5,10,332.5,0.0,0.0,0.0,0.0,0.0,0
2023-05-10 10:14:32,c2311-P-2860,c2311-P-2860,332.5,0.0,0.0,0.0,10,326.5,0.0,0,332.5,0.0,0.0,0.0,0.0,0.0,0
2023-05-10 10:14:32,c2311-P-2860,c2311-P-2860,332.5,0.0,0.0,0.0,1,230.0,0.0,0,332.5,0.0,0.0,0.0,0.0,0.0,0
2023-05-10 10:30:23,c2311-P-2860,c2311-P-2860,332.5,0.0,0.0,0.0,10,230.5,0.0,0,332.5,0.0,0.0,0.0,0.0,0.0,0
2023-05-10 10:32:02,c2311-P-2860,c2311-P-2860,332.5,0.0,0.0,0.0,1,232.0,482.0,1,332.5,0.0,0.0,0.0,0.0,0.0,0
2023-05-10 10:32:02,c2311-P-2860,c2311-P-2860,332.5,0.0,0.0,0.0,10,232.5,481.5,10,332.5,0.0,0.0,0.0,0.0,0.0,0
2023-05-10 10:32:04,c2311-P-2860,c2311-P-2860,332.5,0.0,0.0,0.0,1,234.0,480.0,1,332.5,0.0,0.0,0.0,0.0,0.0,0
2023-05-10 10:32:04,c2311-P-2860,c2311-P-2860,332.5,0.0,0.0,0.0,10,234.5,479.5,10,332.5,0.0,0.0,0.0,0.0,0.0,0
2023-05-10 10:32:06,c2311-P-2860,c2311-P-2860,332.5,0.0,0.0,0.0,10,234.5,478.0,1,332.5,0.0,0.0,0.0,0.0,0.0,0
2023-05-10 10:32:06,c2311-P-2860,c2311-P-2860,332.5,0.0,0.0,0.0,10,234.5,477.5,10,332.5,0.0,0.0,0.0,0.0,0.0,0
2023-05-10 10:32:11,c2311-P-2860,c2311-P-2860,332.5,0.0,0.0,0.0,1,236.0,476.0,1,332.5,0.0,0.0,0.0,0.0,0.0,0
2023-05-10 10:32:11,c2311-P-2860,c2311-P-2860,332.5,0.0,0.0,0.0,10,236.5,475.5,10,332.5,0.0,0.0,0.0,0.0,0.0,0
2023-05-10 10:32:12,c2311-P-2860,c2311-P-2860,332.5,0.0,0.0,0.0,1,238.0,474.0,1,332.5,0.0,0.0,0.0,0.0,0.0,0
2023-05-10 10:32:12,c2311-P-2860,c2311-P-2860,332.5,0.0,0.0,0.0,10,238.5,473.5,10,332.5,0.0,0.0,0.0,0.0,0.0,0
2023-05-10 10:32:13,c2311-P-2860,c2311-P-2860,332.5,0.0,0.0,0.0,1,240.0,472.0,1,332.5,0.0,0.0,0.0,0.0,0.0,0
2023-05-10 10:32:13,c2311-P-2860,c2311-P-2860,332.5,0.0,0.0,0.0,10,240.5,471.5,10,332.5,0.0,0.0,0.0,0.0,0.0,0
2023-05-10 10:32:14,c2311-P-2860,c2311-P-2860,332.5,0.0,0.0,0.0,1,242.0,471.5,10,332.5,0.0,0.0,0.0,0.0,0.0,0
2023-05-10 10:32:14,c2311-P-2860,c2311-P-2860,332.5,0.0,0.0,0.0,10,242.5,471.5,10,332.5,0.0,0.0,0.0,0.0,0.0,0
2023-05-10 10:32:15,c2311-P-2860,c2311-P-2860,332.5,0.0,0.0,0.0,1,244.0,470.0,1,332.5,0.0,0.0,0.0,0.0,0.0,0
2023-05-10 10:32:16,c2311-P-2860,c2311-P-2860,332.5,0.0,0.0,0.0,10,244.5,469.5,10,332.5,0.0,0.0,0.0,0.0,0.0,0
2023-05-10 10:32:17,c2311-P-2860,c2311-P-2860,332.5,0.0,0.0,0.0,1,246.0,468.0,1,332.5,0.0,0.0,0.0,0.0,0.0,0
2023-05-10 10:32:18,c2311-P-2860,c2311-P-2860,332.5,0.0,0.0,0.0,10,246.5,467.5,10,332.5,0.0,0.0,0.0,0.0,0.0,0
2023-05-10 10:32:21,c2311-P-2860,c2311-P-2860,332.5,0.0,0.0,0.0,1,248.0,466.0,1,332.5,0.0,0.0,0.0,0.0,0.0,0
2023-05-10 10:32:21,c2311-P-2860,c2311-P-2860,332.5,0.0,0.0,0.0,10,248.5,465.5,10,332.5,0.0,0.0,0.0,0.0,0.0,0
2023-05-10 10:32:22,c2311-P-2860,c2311-P-2860,332.5,0.0,0.0,0.0,1,250.0,464.0,1,332.5,0.0,0.0,0.0,0.0,0.0,0
2023-05-10 10:32:22,c2311-P-2860,c2311-P-2860,332.5,0.0,0.0,0.0,10,250.5,463.5,10,332.5,0.0,0.0,0.0,0.0,0.0,0
2023-05-10 10:32:23,c2311-P-2860,c2311-P-2860,332.5,0.0,0.0,0.0,1,252.0,462.0,1,332.5,0.0,0.0,0.0,0.0,0.0,0
2023-05-10 10:32:23,c2311-P-2860,c2311-P-2860,332.5,0.0,0.0,0.0,10,252.5,461.5,10,332.5,0.0,0.0,0.0,0.0,0.0,0
2023-05-10 10:32:25,c2311-P-2860,c2311-P-2860,332.5,0.0,0.0,0.0,1,254.0,461.5,10,332.5,0.0,0.0,0.0,0.0,0.0,0
2023-05-10 10:32:25,c2311-P-2860,c2311-P-2860,332.5,0.0,0.0,0.0,10,254.5,461.5,10,332.5,0.0,0.0,0.0,0.0,0.0,0
2023-05-10 10:32:26,c2311-P-2860,c2311-P-2860,332.5,0.0,0.0,0.0,1,256.0,460.0,1,332.5,0.0,0.0,0.0,0.0,0.0,0
2023-05-10 10:32:27,c2311-P-2860,c2311-P-2860,332.5,0.0,0.0,0.0,10,256.5,459.5,10,332.5,0.0,0.0,0.0,0.0,0.0,0
2023-05-10 10:32:27,c2311-P-2860,c2311-P-2860,332.5,0.0,0.0,0.0,1,258.0,458.0,1,332.5,0.0,0.0,0.0,0.0,0.0,0
2023-05-10 10:32:28,c2311-P-2860,c2311-P-2860,332.5,0.0,0.0,0.0,10,258.5,457.5,10,332.5,0.0,0.0,0.0,0.0,0.0,0
2023-05-10 10:32:28,c2311-P-2860,c2311-P-2860,332.5,0.0,0.0,0.0,10,258.5,456.0,1,332.5,0.0,0.0,0.0,0.0,0.0,0
2023-05-10 10:32:29,c2311-P-2860,c2311-P-2860,332.5,0.0,0.0,0.0,1,260.0,455.5,10,332.5,0.0,0.0,0.0,0.0,0.0,0
2023-05-10 10:32:29,c2311-P-2860,c2311-P-2860,332.5,0.0,0.0,0.0,10,260.5,454.0,1,332.5,0.0,0.0,0.0,0.0,0.0,0
2023-05-10 10:32:29,c2311-P-2860,c2311-P-2860,332.5,0.0,0.0,0.0,10,260.5,453.5,10,332.5,0.0,0.0,0.0,0.0,0.0,0
2023-05-10 10:32:34,c2311-P-2860,c2311-P-2860,332.5,0.0,0.0,0.0,1,262.0,452.0,1,332.5,0.0,0.0,0.0,0.0,0.0,0
2023-05-10 10:32:35,c2311-P-2860,c2311-P-2860,332.5,0.0,0.0,0.0,10,262.5,451.5,10,332.5,0.0,0.0,0.0,0.0,0.0,0
2023-05-10 10:32:35,c2311-P-2860,c2311-P-2860,332.5,0.0,0.0,0.0,1,264.0,450.0,1,332.5,0.0,0.0,0.0,0.0,0.0,0
2023-05-10 10:32:36,c2311-P-2860,c2311-P-2860,332.5,0.0,0.0,0.0,10,264.5,449.5,10,332.5,0.0,0.0,0.0,0.0,0.0,0
2023-05-10 10:32:36,c2311-P-2860,c2311-P-2860,332.5,0.0,0.0,0.0,1,266.0,448.0,1,332.5,0.0,0.0,0.0,0.0,0.0,0
2023-05-10 10:32:36,c2311-P-2860,c2311-P-2860,332.5,0.0,0.0,0.0,10,266.5,447.5,10,332.5,0.0,0.0,0.0,0.0,0.0,0
2023-05-10 10:32:37,c2311-P-2860,c2311-P-2860,332.5,0.0,0.0,0.0,1,268.0,446.0,1,332.5,0.0,0.0,0.0,0.0,0.0,0
2023-05-10 10:32:37,c2311-P-2860,c2311-P-2860,332.5,0.0,0.0,0.0,10,268.5,445.5,10,332.5,0.0,0.0,0.0,0.0,0.0,0
2023-05-10 10:32:38,c2311-P-2860,c2311-P-2860,332.5,0.0,0.0,0.0,1,270.0,444.0,1,332.5,0.0,0.0,0.0,0.0,0.0,0
2023-05-10 10:32:38,c2311-P-2860,c2311-P-2860,332.5,0.0,0.0,0.0,10,270.5,443.5,10,332.5,0.0,0.0,0.0,0.0,0.0,0
2023-05-10 10:32:39,c2311-P-2860,c2311-P-2860,332.5,0.0,0.0,0.0,1,272.0,442.0,1,332.5,0.0,0.0,0.0,0.0,0.0,0
2023-05-10 10:32:39,c2311-P-2860,c2311-P-2860,332.5,0.0,0.0,0.0,10,272.5,441.5,10,332.5,0.0,0.0,0.0,0.0,0.0,0
2023-05-10 10:32:41,c2311-P-2860,c2311-P-2860,332.5,0.0,0.0,0.0,1,274.0,440.0,1,332.5,0.0,0.0,0.0,0.0,0.0,0
2023-05-10 10:32:41,c2311-P-2860,c2311-P-2860,332.5,0.0,0.0,0.0,10,274.5,439.5,10,332.5,0.0,0.0,0.0,0.0,0.0,0
2023-05-10 10:32:42,c2311-P-2860,c2311-P-2860,332.5,0.0,0.0,0.0,1,276.0,438.0,1,332.5,0.0,0.0,0.0,0.0,0.0,0
2023-05-10 10:32:42,c2311-P-2860,c2311-P-2860,332.5,0.0,0.0,0.0,10,276.5,437.5,10,332.5,0.0,0.0,0.0,0.0,0.0,0
2023-05-10 10:32:43,c2311-P-2860,c2311-P-2860,332.5,0.0,0.0,0.0,1,278.0,436.0,1,332.5,0.0,0.0,0.0,0.0,0.0,0
2023-05-10 10:32:44,c2311-P-2860,c2311-P-2860,332.5,0.0,0.0,0.0,10,278.5,435.5,10,332.5,0.0,0.0,0.0,0.0,0.0,0
2023-05-10 10:32:44,c2311-P-2860,c2311-P-2860,332.5,0.0,0.0,0.0,1,280.0,434.0,1,332.5,0.0,0.0,0.0,0.0,0.0,0
2023-05-10 10:32:45,c2311-P-2860,c2311-P-2860,332.5,0.0,0.0,0.0,10,280.5,433.5,10,332.5,0.0,0.0,0.0,0.0,0.0,0
2023-05-10 10:32:48,c2311-P-2860,c2311-P-2860,332.5,0.0,0.0,0.0,1,282.0,432.0,1,332.5,0.0,0.0,0.0,0.0,0.0,0
2023-05-10 10:32:49,c2311-P-2860,c2311-P-2860,332.5,0.0,0.0,0.0,10,282.5,431.5,10,332.5,0.0,0.0,0.0,0.0,0.0,0
2023-05-10 10:32:51,c2311-P-2860,c2311-P-2860,332.5,0.0,0.0,0.0,1,284.0,431.5,10,332.5,0.0,0.0,0.0,0.0,0.0,0
2023-05-10 10:32:51,c2311-P-2860,c2311-P-2860,332.5,0.0,0.0,0.0,10,284.5,431.5,10,332.5,0.0,0.0,0.0,0.0,0.0,0
2023-05-10 10:32:53,c2311-P-2860,c2311-P-2860,332.5,0.0,0.0,0.0,1,286.0,431.5,10,332.5,0.0,0.0,0.0,0.0,0.0,0
2023-05-10 10:32:54,c2311-P-2860,c2311-P-2860,332.5,0.0,0.0,0.0,10,286.5,431.5,10,332.5,0.0,0.0,0.0,0.0,0.0,0
2023-05-10 10:32:55,c2311-P-2860,c2311-P-2860,332.5,0.0,0.0,0.0,1,288.0,431.5,10,332.5,0.0,0.0,0.0,0.0,0.0,0
2023-05-10 10:32:55,c2311-P-2860,c2311-P-2860,332.5,0.0,0.0,0.0,10,288.5,431.5,10,332.5,0.0,0.0,0.0,0.0,0.0,0
2023-05-10 10:32:56,c2311-P-2860,c2311-P-2860,332.5,0.0,0.0,0.0,1,290.0,431.5,10,332.5,0.0,0.0,0.0,0.0,0.0,0
2023-05-10 10:32:56,c2311-P-2860,c2311-P-2860,332.5,0.0,0.0,0.0,10,290.5,431.5,10,332.5,0.0,0.0,0.0,0.0,0.0,0
2023-05-10 10:32:57,c2311-P-2860,c2311-P-2860,332.5,0.0,0.0,0.0,1,292.0,431.5,10,332.5,0.0,0.0,0.0,0.0,0.0,0
2023-05-10 10:32:57,c2311-P-2860,c2311-P-2860,332.5,0.0,0.0,0.0,10,292.5,431.5,10,332.5,0.0,0.0,0.0,0.0,0.0,0
2023-05-10 10:32:58,c2311-P-2860,c2311-P-2860,332.5,0.0,0.0,0.0,1,294.0,431.5,10,332.5,0.0,0.0,0.0,0.0,0.0,0
2023-05-10 10:32:58,c2311-P-2860,c2311-P-2860,332.5,0.0,0.0,0.0,10,294.5,431.5,10,332.5,0.0,0.0,0.0,0.0,0.0,0
2023-05-10 10:32:59,c2311-P-2860,c2311-P-2860,332.5,0.0,0.0,0.0,1,296.0,431.5,10,332.5,0.0,0.0,0.0,0.0,0.0,0
2023-05-10 10:33:00,c2311-P-2860,c2311-P-2860,332.5,0.0,0.0,0.0,10,296.5,431.5,10,332.5,0.0,0.0,0.0,0.0,0.0,0
2023-05-10 10:33:00,c2311-P-2860,c2311-P-2860,332.5,0.0,0.0,0.0,1,298.0,431.5,10,332.5,0.0,0.0,0.0,0.0,0.0,0
2023-05-10 10:33:01,c2311-P-2860,c2311-P-2860,332.5,0.0,0.0,0.0,10,298.5,431.5,10,332.5,0.0,0.0,0.0,0.0,0.0,0
2023-05-10 10:33:02,c2311-P-2860,c2311-P-2860,332.5,0.0,0.0,0.0,1,300.0,431.5,10,332.5,0.0,0.0,0.0,0.0,0.0,0
2023-05-10 10:33:02,c2311-P-2860,c2311-P-2860,332.5,0.0,0.0,0.0,10,300.5,431.5,10,332.5,0.0,0.0,0.0,0.0,0.0,0
2023-05-10 10:33:03,c2311-P-2860,c2311-P-2860,332.5,0.0,0.0,0.0,1,302.0,431.5,10,332.5,0.0,0.0,0.0,0.0,0.0,0
2023-05-10 10:33:03,c2311-P-2860,c2311-P-2860,332.5,0.0,0.0,0.0,10,302.5,431.5,10,332.5,0.0,0.0,0.0,0.0,0.0,0
2023-05-10 10:33:04,c2311-P-2860,c2311-P-2860,332.5,0.0,0.0,0.0,1,304.0,431.5,10,332.5,0.0,0.0,0.0,0.0,0.0,0
2023-05-10 10:33:04,c2311-P-2860,c2311-P-2860,332.5,0.0,0.0,0.0,10,304.5,431.5,10,332.5,0.0,0.0,0.0,0.0,0.0,0
2023-05-10 10:33:05,c2311-P-2860,c2311-P-2860,332.5,0.0,0.0,0.0,1,306.0,431.5,10,332.5,0.0,0.0,0.0,0.0,0.0,0
2023-05-10 10:33:05,c2311-P-2860,c2311-P-2860,332.5,0.0,0.0,0.0,10,306.5,431.5,10,332.5,0.0,0.0,0.0,0.0,0.0,0
2023-05-10 10:33:06,c2311-P-2860,c2311-P-2860,332.5,0.0,0.0,0.0,1,308.0,431.5,10,332.5,0.0,0.0,0.0,0.0,0.0,0
2023-05-10 10:33:06,c2311-P-2860,c2311-P-2860,332.5,0.0,0.0,0.0,10,308.5,431.5,10,332.5,0.0,0.0,0.0,0.0,0.0,0
2023-05-10 10:33:07,c2311-P-2860,c2311-P-2860,332.5,0.0,0.0,0.0,1,310.0,431.5,10,332.5,0.0,0.0,0.0,0.0,0.0,0
2023-05-10 10:33:07,c2311-P-2860,c2311-P-2860,332.5,0.0,0.0,0.0,10,310.5,431.5,10,332.5,0.0,0.0,0.0,0.0,0.0,0
2023-05-10 10:33:08,c2311-P-2860,c2311-P-2860,332.5,0.0,0.0,0.0,1,312.0,431.5,10,332.5,0.0,0.0,0.0,0.0,0.0,0
2023-05-10 10:33:08,c2311-P-2860,c2311-P-2860,332.5,0.0,0.0,0.0,10,312.5,431.5,10,332.5,0.0,0.0,0.0,0.0,0.0,0
2023-05-10 10:33:09,c2311-P-2860,c2311-P-2860,332.5,0.0,0.0,0.0,1,314.0,431.5,10,332.5,0.0,0.0,0.0,0.0,0.0,0
2023-05-10 10:33:09,c2311-P-2860,c2311-P-2860,332.5,0.0,0.0,0.0,10,314.5,431.5,10,332.5,0.0,0.0,0.0,0.0,0.0,0
2023-05-10 10:33:10,c2311-P-2860,c2311-P-2860,332.5,0.0,0.0,0.0,1,316.0,431.5,10,332.5,0.0,0.0,0.0,0.0,0.0,0
2023-05-10 10:33:10,c2311-P-2860,c2311-P-2860,332.5,0.0,0.0,0.0,10,316.5,431.5,10,332.5,0.0,0.0,0.0,0.0,0.0,0
2023-05-10 10:33:11,c2311-P-2860,c2311-P-2860,332.5,0.0,0.0,0.0,1,318.0,431.5,10,332.5,0.0,0.0,0.0,0.0,0.0,0
2023-05-10 10:33:11,c2311-P-2860,c2311-P-2860,332.5,0.0,0.0,0.0,10,318.5,431.5,10,332.5,0.0,0.0,0.0,0.0,0.0,0
2023-05-10 11:14:43,c2311-P-2860,c2311-P-2860,332.5,0.0,0.0,0.0,10,318.5,430.0,1,332.5,0.0,0.0,0.0,0.0,0.0,0
2023-05-10 11:14:43,c2311-P-2860,c2311-P-2860,332.5,0.0,0.0,0.0,10,318.5,429.5,10,332.5,0.0,0.0,0.0,0.0,0.0,0
2023-05-10 11:14:44,c2311-P-2860,c2311-P-2860,332.5,0.0,0.0,0.0,10,318.5,428.0,1,332.5,0.0,0.0,0.0,0.0,0.0,0
2023-05-10 11:14:44,c2311-P-2860,c2311-P-2860,332.5,0.0,0.0,0.0,10,318.5,427.5,10,332.5,0.0,0.0,0.0,0.0,0.0,0
2023-05-10 11:14:45,c2311-P-2860,c2311-P-2860,332.5,0.0,0.0,0.0,10,318.5,426.0,1,332.5,0.0,0.0,0.0,0.0,0.0,0
2023-05-10 11:14:45,c2311-P-2860,c2311-P-2860,332.5,0.0,0.0,0.0,10,318.5,425.5,10,332.5,0.0,0.0,0.0,0.0,0.0,0
2023-05-10 11:14:46,c2311-P-2860,c2311-P-2860,332.5,0.0,0.0,0.0,10,318.5,424.0,1,332.5,0.0,0.0,0.0,0.0,0.0,0
2023-05-10 11:14:46,c2311-P-2860,c2311-P-2860,332.5,0.0,0.0,0.0,10,318.5,423.5,10,332.5,0.0,0.0,0.0,0.0,0.0,0
2023-05-10 11:14:47,c2311-P-2860,c2311-P-2860,332.5,0.0,0.0,0.0,10,318.5,422.0,1,332.5,0.0,0.0,0.0,0.0,0.0,0
2023-05-10 11:14:47,c2311-P-2860,c2311-P-2860,332.5,0.0,0.0,0.0,10,318.5,421.5,10,332.5,0.0,0.0,0.0,0.0,0.0,0
2023-05-10 11:29:33,c2311-P-2860,c2311-P-2860,332.5,0.0,0.0,0.0,1,230.0,0.0,0,332.5,0.0,0.0,0.0,0.0,0.0,0
2023-05-10 13:30:02,c2311-P-2860,c2311-P-2860,332.5,0.0,0.0,0.0,10,230.5,0.0,0,332.5,0.0,0.0,0.0,0.0,0.0,0
2023-05-10 13:32:02,c2311-P-2860,c2311-P-2860,332.5,0.0,0.0,0.0,1,232.0,481.5,10,332.5,0.0,0.0,0.0,0.0,0.0,0
2023-05-10 13:32:02,c2311-P-2860,c2311-P-2860,332.5,0.0,0.0,0.0,10,232.5,481.5,10,332.5,0.0,0.0,0.0,0.0,0.0,0
2023-05-10 13:32:03,c2311-P-2860,c2311-P-2860,332.5,0.0,0.0,0.0,1,234.0,480.0,1,332.5,0.0,0.0,0.0,0.0,0.0,0
2023-05-10 13:32:03,c2311-P-2860,c2311-P-2860,332.5,0.0,0.0,0.0,10,234.5,479.5,10,332.5,0.0,0.0,0.0,0.0,0.0,0
2023-05-10 13:32:04,c2311-P-2860,c2311-P-2860,332.5,0.0,0.0,0.0,10,234.5,478.0,1,332.5,0.0,0.0,0.0,0.0,0.0,0
2023-05-10 13:32:05,c2311-P-2860,c2311-P-2860,332.5,0.0,0.0,0.0,1,236.0,477.5,10,332.5,0.0,0.0,0.0,0.0,0.0,0
2023-05-10 13:32:05,c2311-P-2860,c2311-P-2860,332.5,0.0,0.0,0.0,10,236.5,476.0,1,332.5,0.0,0.0,0.0,0.0,0.0,0
2023-05-10 13:32:06,c2311-P-2860,c2311-P-2860,332.5,0.0,0.0,0.0,1,238.0,475.5,10,332.5,0.0,0.0,0.0,0.0,0.0,0
2023-05-10 13:32:06,c2311-P-2860,c2311-P-2860,332.5,0.0,0.0,0.0,10,238.5,475.5,10,332.5,0.0,0.0,0.0,0.0,0.0,0
2023-05-10 13:32:08,c2311-P-2860,c2311-P-2860,332.5,0.0,0.0,0.0,1,240.0,474.0,1,332.5,0.0,0.0,0.0,0.0,0.0,0
2023-05-10 13:32:08,c2311-P-2860,c2311-P-2860,332.5,0.0,0.0,0.0,10,240.5,473.5,10,332.5,0.0,0.0,0.0,0.0,0.0,0
2023-05-10 13:32:09,c2311-P-2860,c2311-P-2860,332.5,0.0,0.0,0.0,1,242.0,472.0,1,332.5,0.0,0.0,0.0,0.0,0.0,0
2023-05-10 13:32:09,c2311-P-2860,c2311-P-2860,332.5,0.0,0.0,0.0,10,242.5,471.5,10,332.5,0.0,0.0,0.0,0.0,0.0,0
2023-05-10 13:32:10,c2311-P-2860,c2311-P-2860,332.5,0.0,0.0,0.0,1,244.0,470.0,1,332.5,0.0,0.0,0.0,0.0,0.0,0
2023-05-10 13:32:10,c2311-P-2860,c2311-P-2860,332.5,0.0,0.0,0.0,10,244.5,469.5,10,332.5,0.0,0.0,0.0,0.0,0.0,0
2023-05-10 13:32:11,c2311-P-2860,c2311-P-2860,332.5,0.0,0.0,0.0,1,246.0,468.0,1,332.5,0.0,0.0,0.0,0.0,0.0,0
2023-05-10 13:32:11,c2311-P-2860,c2311-P-2860,332.5,0.0,0.0,0.0,10,246.5,467.5,10,332.5,0.0,0.0,0.0,0.0,0.0,0
2023-05-10 13:32:12,c2311-P-2860,c2311-P-2860,332.5,0.0,0.0,0.0,1,248.0,466.0,1,332.5,0.0,0.0,0.0,0.0,0.0,0
2023-05-10 13:32:12,c2311-P-2860,c2311-P-2860,332.5,0.0,0.0,0.0,10,248.5,465.5,10,332.5,0.0,0.0,0.0,0.0,0.0,0
2023-05-10 13:32:13,c2311-P-2860,c2311-P-2860,332.5,0.0,0.0,0.0,1,250.0,464.0,1,332.5,0.0,0.0,0.0,0.0,0.0,0
2023-05-10 13:32:13,c2311-P-2860,c2311-P-2860,332.5,0.0,0.0,0.0,10,250.5,463.5,10,332.5,0.0,0.0,0.0,0.0,0.0,0
2023-05-10 13:32:14,c2311-P-2860,c2311-P-2860,332.5,0.0,0.0,0.0,1,252.0,462.0,1,332.5,0.0,0.0,0.0,0.0,0.0,0
2023-05-10 13:32:14,c2311-P-2860,c2311-P-2860,332.5,0.0,0.0,0.0,10,252.5,461.5,10,332.5,0.0,0.0,0.0,0.0,0.0,0
2023-05-10 13:32:15,c2311-P-2860,c2311-P-2860,332.5,0.0,0.0,0.0,1,254.0,460.0,1,332.5,0.0,0.0,0.0,0.0,0.0,0
2023-05-10 13:32:15,c2311-P-2860,c2311-P-2860,332.5,0.0,0.0,0.0,10,254.5,459.5,10,332.5,0.0,0.0,0.0,0.0,0.0,0
2023-05-10 13:32:16,c2311-P-2860,c2311-P-2860,332.5,0.0,0.0,0.0,1,256.0,458.0,1,332.5,0.0,0.0,0.0,0.0,0.0,0
2023-05-10 13:32:16,c2311-P-2860,c2311-P-2860,332.5,0.0,0.0,0.0,10,256.5,457.5,10,332.5,0.0,0.0,0.0,0.0,0.0,0
2023-05-10 13:32:17,c2311-P-2860,c2311-P-2860,332.5,0.0,0.0,0.0,1,258.0,456.0,1,332.5,0.0,0.0,0.0,0.0,0.0,0
2023-05-10 13:32:17,c2311-P-2860,c2311-P-2860,332.5,0.0,0.0,0.0,10,258.5,455.5,10,332.5,0.0,0.0,0.0,0.0,0.0,0
2023-05-10 13:32:18,c2311-P-2860,c2311-P-2860,332.5,0.0,0.0,0.0,1,260.0,454.0,1,332.5,0.0,0.0,0.0,0.0,0.0,0
2023-05-10 13:32:18,c2311-P-2860,c2311-P-2860,332.5,0.0,0.0,0.0,10,260.5,453.5,10,332.5,0.0,0.0,0.0,0.0,0.0,0
2023-05-10 13:32:19,c2311-P-2860,c2311-P-2860,332.5,0.0,0.0,0.0,1,262.0,452.0,1,332.5,0.0,0.0,0.0,0.0,0.0,0
2023-05-10 13:32:19,c2311-P-2860,c2311-P-2860,332.5,0.0,0.0,0.0,10,262.5,451.5,10,332.5,0.0,0.0,0.0,0.0,0.0,0
2023-05-10 13:32:19,c2311-P-2860,c2311-P-2860,332.5,0.0,0.0,0.0,1,264.0,450.0,1,332.5,0.0,0.0,0.0,0.0,0.0,0
2023-05-10 13:32:20,c2311-P-2860,c2311-P-2860,332.5,0.0,0.0,0.0,10,264.5,449.5,10,332.5,0.0,0.0,0.0,0.0,0.0,0
2023-05-10 13:32:20,c2311-P-2860,c2311-P-2860,332.5,0.0,0.0,0.0,1,266.0,448.0,1,332.5,0.0,0.0,0.0,0.0,0.0,0
2023-05-10 13:32:21,c2311-P-2860,c2311-P-2860,332.5,0.0,0.0,0.0,10,266.5,447.5,10,332.5,0.0,0.0,0.0,0.0,0.0,0
2023-05-10 13:32:22,c2311-P-2860,c2311-P-2860,332.5,0.0,0.0,0.0,1,268.0,446.0,1,332.5,0.0,0.0,0.0,0.0,0.0,0
2023-05-10 13:32:22,c2311-P-2860,c2311-P-2860,332.5,0.0,0.0,0.0,10,268.5,445.5,10,332.5,0.0,0.0,0.0,0.0,0.0,0
2023-05-10 13:32:23,c2311-P-2860,c2311-P-2860,332.5,0.0,0.0,0.0,1,270.0,444.0,1,332.5,0.0,0.0,0.0,0.0,0.0,0
2023-05-10 13:32:23,c2311-P-2860,c2311-P-2860,332.5,0.0,0.0,0.0,10,270.5,443.5,10,332.5,0.0,0.0,0.0,0.0,0.0,0
2023-05-10 13:32:24,c2311-P-2860,c2311-P-2860,332.5,0.0,0.0,0.0,1,272.0,442.0,1,332.5,0.0,0.0,0.0,0.0,0.0,0
2023-05-10 13:32:24,c2311-P-2860,c2311-P-2860,332.5,0.0,0.0,0.0,10,272.5,441.5,10,332.5,0.0,0.0,0.0,0.0,0.0,0
2023-05-10 13:32:25,c2311-P-2860,c2311-P-2860,332.5,0.0,0.0,0.0,1,274.0,440.0,1,332.5,0.0,0.0,0.0,0.0,0.0,0
2023-05-10 13:32:25,c2311-P-2860,c2311-P-2860,332.5,0.0,0.0,0.0,10,274.5,439.5,10,332.5,0.0,0.0,0.0,0.0,0.0,0
2023-05-10 13:32:26,c2311-P-2860,c2311-P-2860,332.5,0.0,0.0,0.0,1,276.0,438.0,1,332.5,0.0,0.0,0.0,0.0,0.0,0
2023-05-10 13:32:26,c2311-P-2860,c2311-P-2860,332.5,0.0,0.0,0.0,10,276.5,437.5,10,332.5,0.0,0.0,0.0,0.0,0.0,0
2023-05-10 13:32:27,c2311-P-2860,c2311-P-2860,332.5,0.0,0.0,0.0,1,278.0,436.0,1,332.5,0.0,0.0,0.0,0.0,0.0,0
2023-05-10 13:32:27,c2311-P-2860,c2311-P-2860,332.5,0.0,0.0,0.0,10,278.5,435.5,10,332.5,0.0,0.0,0.0,0.0,0.0,0
2023-05-10 13:32:28,c2311-P-2860,c2311-P-2860,332.5,0.0,0.0,0.0,1,280.0,434.0,1,332.5,0.0,0.0,0.0,0.0,0.0,0
2023-05-10 13:32:28,c2311-P-2860,c2311-P-2860,332.5,0.0,0.0,0.0,10,280.5,433.5,10,332.5,0.0,0.0,0.0,0.0,0.0,0
2023-05-10 13:32:29,c2311-P-2860,c2311-P-2860,332.5,0.0,0.0,0.0,1,282.0,432.0,1,332.5,0.0,0.0,0.0,0.0,0.0,0
2023-05-10 13:32:29,c2311-P-2860,c2311-P-2860,332.5,0.0,0.0,0.0,10,282.5,431.5,10,332.5,0.0,0.0,0.0,0.0,0.0,0
2023-05-10 13:32:30,c2311-P-2860,c2311-P-2860,332.5,0.0,0.0,0.0,1,284.0,430.0,1,332.5,0.0,0.0,0.0,0.0,0.0,0
2023-05-10 13:32:30,c2311-P-2860,c2311-P-2860,332.5,0.0,0.0,0.0,10,284.5,429.5,10,332.5,0.0,0.0,0.0,0.0,0.0,0
2023-05-10 13:32:31,c2311-P-2860,c2311-P-2860,332.5,0.0,0.0,0.0,1,286.0,429.5,10,332.5,0.0,0.0,0.0,0.0,0.0,0
2023-05-10 13:32:31,c2311-P-2860,c2311-P-2860,332.5,0.0,0.0,0.0,10,286.5,429.5,10,332.5,0.0,0.0,0.0,0.0,0.0,0
2023-05-10 13:32:32,c2311-P-2860,c2311-P-2860,332.5,0.0,0.0,0.0,1,288.0,429.5,10,332.5,0.0,0.0,0.0,0.0,0.0,0
2023-05-10 13:32:32,c2311-P-2860,c2311-P-2860,332.5,0.0,0.0,0.0,10,288.5,429.5,10,332.5,0.0,0.0,0.0,0.0,0.0,0
2023-05-10 13:32:33,c2311-P-2860,c2311-P-2860,332.5,0.0,0.0,0.0,1,290.0,429.5,10,332.5,0.0,0.0,0.0,0.0,0.0,0
2023-05-10 13:32:34,c2311-P-2860,c2311-P-2860,332.5,0.0,0.0,0.0,10,290.5,429.5,10,332.5,0.0,0.0,0.0,0.0,0.0,0
2023-05-10 13:32:34,c2311-P-2860,c2311-P-2860,332.5,0.0,0.0,0.0,1,292.0,429.5,10,332.5,0.0,0.0,0.0,0.0,0.0,0
2023-05-10 13:32:34,c2311-P-2860,c2311-P-2860,332.5,0.0,0.0,0.0,10,292.5,429.5,10,332.5,0.0,0.0,0.0,0.0,0.0,0
2023-05-10 13:32:35,c2311-P-2860,c2311-P-2860,332.5,0.0,0.0,0.0,1,294.0,429.5,10,332.5,0.0,0.0,0.0,0.0,0.0,0
2023-05-10 13:32:35,c2311-P-2860,c2311-P-2860,332.5,0.0,0.0,0.0,10,294.5,429.5,10,332.5,0.0,0.0,0.0,0.0,0.0,0
2023-05-10 13:32:36,c2311-P-2860,c2311-P-2860,332.5,0.0,0.0,0.0,1,296.0,429.5,10,332.5,0.0,0.0,0.0,0.0,0.0,0
2023-05-10 13:32:36,c2311-P-2860,c2311-P-2860,332.5,0.0,0.0,0.0,10,296.5,429.5,10,332.5,0.0,0.0,0.0,0.0,0.0,0
2023-05-10 13:32:37,c2311-P-2860,c2311-P-2860,332.5,0.0,0.0,0.0,1,298.0,429.5,10,332.5,0.0,0.0,0.0,0.0,0.0,0
2023-05-10 13:32:37,c2311-P-2860,c2311-P-2860,332.5,0.0,0.0,0.0,10,298.5,429.5,10,332.5,0.0,0.0,0.0,0.0,0.0,0
2023-05-10 13:32:38,c2311-P-2860,c2311-P-2860,332.5,0.0,0.0,0.0,10,300.5,429.5,10,332.5,0.0,0.0,0.0,0.0,0.0,0
2023-05-10 13:32:38,c2311-P-2860,c2311-P-2860,332.5,0.0,0.0,0.0,1,302.0,429.5,10,332.5,0.0,0.0,0.0,0.0,0.0,0
2023-05-10 13:32:39,c2311-P-2860,c2311-P-2860,332.5,0.0,0.0,0.0,10,302.5,429.5,10,332.5,0.0,0.0,0.0,0.0,0.0,0
2023-05-10 13:32:41,c2311-P-2860,c2311-P-2860,332.5,0.0,0.0,0.0,1,304.0,429.5,10,332.5,0.0,0.0,0.0,0.0,0.0,0
2023-05-10 13:32:41,c2311-P-2860,c2311-P-2860,332.5,0.0,0.0,0.0,10,304.5,429.5,10,332.5,0.0,0.0,0.0,0.0,0.0,0
2023-05-10 13:32:42,c2311-P-2860,c2311-P-2860,332.5,0.0,0.0,0.0,1,306.0,429.5,10,332.5,0.0,0.0,0.0,0.0,0.0,0
2023-05-10 13:32:42,c2311-P-2860,c2311-P-2860,332.5,0.0,0.0,0.0,10,306.5,429.5,10,332.5,0.0,0.0,0.0,0.0,0.0,0
2023-05-10 13:32:43,c2311-P-2860,c2311-P-2860,332.5,0.0,0.0,0.0,1,308.0,429.5,10,332.5,0.0,0.0,0.0,0.0,0.0,0
2023-05-10 13:32:43,c2311-P-2860,c2311-P-2860,332.5,0.0,0.0,0.0,10,308.5,429.5,10,332.5,0.0,0.0,0.0,0.0,0.0,0
2023-05-10 13:32:44,c2311-P-2860,c2311-P-2860,332.5,0.0,0.0,0.0,1,310.0,429.5,10,332.5,0.0,0.0,0.0,0.0,0.0,0
2023-05-10 13:32:45,c2311-P-2860,c2311-P-2860,332.5,0.0,0.0,0.0,10,310.5,429.5,10,332.5,0.0,0.0,0.0,0.0,0.0,0
2023-05-10 13:32:45,c2311-P-2860,c2311-P-2860,332.5,0.0,0.0,0.0,1,312.0,429.5,10,332.5,0.0,0.0,0.0,0.0,0.0,0
2023-05-10 13:32:45,c2311-P-2860,c2311-P-2860,332.5,0.0,0.0,0.0,10,312.5,429.5,10,332.5,0.0,0.0,0.0,0.0,0.0,0
2023-05-10 13:32:46,c2311-P-2860,c2311-P-2860,332.5,0.0,0.0,0.0,1,314.0,429.5,10,332.5,0.0,0.0,0.0,0.0,0.0,0
2023-05-10 13:32:47,c2311-P-2860,c2311-P-2860,332.5,0.0,0.0,0.0,10,314.5,429.5,10,332.5,0.0,0.0,0.0,0.0,0.0,0
2023-05-10 13:32:47,c2311-P-2860,c2311-P-2860,332.5,0.0,0.0,0.0,1,316.0,429.5,10,332.5,0.0,0.0,0.0,0.0,0.0,0
2023-05-10 13:32:47,c2311-P-2860,c2311-P-2860,332.5,0.0,0.0,0.0,10,316.5,429.5,10,332.5,0.0,0.0,0.0,0.0,0.0,0
2023-05-10 13:34:43,c2311-P-2860,c2311-P-2860,332.5,0.0,0.0,0.0,10,316.5,428.0,1,332.5,0.0,0.0,0.0,0.0,0.0,0
2023-05-10 13:34:43,c2311-P-2860,c2311-P-2860,332.5,0.0,0.0,0.0,10,316.5,427.5,10,332.5,0.0,0.0,0.0,0.0,0.0,0
2023-05-10 13:34:44,c2311-P-2860,c2311-P-2860,332.5,0.0,0.0,0.0,10,316.5,426.0,1,332.5,0.0,0.0,0.0,0.0,0.0,0
2023-05-10 13:34:44,c2311-P-2860,c2311-P-2860,332.5,0.0,0.0,0.0,10,316.5,425.5,10,332.5,0.0,0.0,0.0,0.0,0.0,0
2023-05-10 13:54:43,c2311-P-2860,c2311-P-2860,332.5,0.0,0.0,0.0,10,316.5,424.0,1,332.5,0.0,0.0,0.0,0.0,0.0,0
2023-05-10 13:54:43,c2311-P-2860,c2311-P-2860,332.5,0.0,0.0,0.0,10,316.5,423.5,10,332.5,0.0,0.0,0.0,0.0,0.0,0
2023-05-10 13:54:44,c2311-P-2860,c2311-P-2860,332.5,0.0,0.0,0.0,10,316.5,422.0,1,332.5,0.0,0.0,0.0,0.0,0.0,0
2023-05-10 13:54:44,c2311-P-2860,c2311-P-2860,332.5,0.0,0.0,0.0,10,316.5,421.5,10,332.5,0.0,0.0,0.0,0.0,0.0,0
2023-05-10 14:59:02,c2311-P-2860,c2311-P-2860,332.5,0.0,0.0,0.0,1,230.0,0.0,0,332.5,0.0,0.0,0.0,0.0,0.0,0
2023-05-10 14:59:04,c2311-P-2860,c2311-P-2860,332.5,0.0,0.0,0.0,1,231.5,0.0,0,332.5,0.0,0.0,0.0,0.0,0.0,0
2023-05-10 14:59:04,c2311-P-2860,c2311-P-2860,332.5,0.0,0.0,0.0,1,231.5,482.0,1,332.5,0.0,0.0,0.0,0.0,0.0,0
2023-05-10 14:59:44,c2311-P-2860,c2311-P-2860,332.5,0.0,0.0,0.0,1,230.0,0.0,0,332.5,0.0,0.0,0.0,0.0,0.0,0
2023-05-10 15:01:15,c2311-P-2860,c2311-P-2860,332.5,0.0,0.0,0.0,1,230.0,0.0,0,332.5,0.0,0.0,0.0,0.0,0.0,0
