time,symbol_id,symbol_name,last,trade_volume,trade_amount,open_interest_change,bv1,bp1,ap1,av1,yesterday_close,today_open,today_high,today_low,volume,amount,open_interest
2023-05-09 21:00:22,c2311-C-2300,c2311-C-2300,243.5,0.0,0.0,0.0,1,93.0,0.0,0,243.5,214.0,0.0,0.0,0.0,0.0,0
2023-05-09 21:00:30,c2311-C-2300,c2311-C-2300,243.5,0.0,0.0,0.0,1,93.5,0.0,0,243.5,214.0,0.0,0.0,0.0,0.0,0
2023-05-09 21:00:31,c2311-C-2300,c2311-C-2300,243.5,0.0,0.0,0.0,1,94.0,0.0,0,243.5,214.0,0.0,0.0,0.0,0.0,0
2023-05-09 21:02:01,c2311-C-2300,c2311-C-2300,243.5,0.0,0.0,0.0,1,95.5,393.0,1,243.5,214.0,0.0,0.0,0.0,0.0,0
2023-05-09 21:02:01,c2311-C-2300,c2311-C-2300,243.5,0.0,0.0,0.0,1,96.0,393.0,1,243.5,214.0,0.0,0.0,0.0,0.0,0
2023-05-09 21:02:02,c2311-C-2300,c2311-C-2300,243.5,0.0,0.0,0.0,1,97.5,393.0,1,243.5,214.0,0.0,0.0,0.0,0.0,0
2023-05-09 21:02:03,c2311-C-2300,c2311-C-2300,243.5,0.0,0.0,0.0,1,98.0,393.0,1,243.5,214.0,0.0,0.0,0.0,0.0,0
2023-05-09 21:02:03,c2311-C-2300,c2311-C-2300,243.5,0.0,0.0,0.0,1,98.5,393.0,1,243.5,214.0,0.0,0.0,0.0,0.0,0
2023-05-09 21:02:14,c2311-C-2300,c2311-C-2300,243.5,0.0,0.0,0.0,1,100.0,393.0,1,243.5,214.0,0.0,0.0,0.0,0.0,0
2023-05-09 21:02:14,c2311-C-2300,c2311-C-2300,243.5,0.0,0.0,0.0,1,100.5,393.0,1,243.5,214.0,0.0,0.0,0.0,0.0,0
2023-05-09 21:02:19,c2311-C-2300,c2311-C-2300,243.5,0.0,0.0,0.0,1,102.0,393.0,1,243.5,214.0,0.0,0.0,0.0,0.0,0
2023-05-09 21:02:19,c2311-C-2300,c2311-C-2300,243.5,0.0,0.0,0.0,1,102.5,393.0,1,243.5,214.0,0.0,0.0,0.0,0.0,0
2023-05-09 21:02:25,c2311-C-2300,c2311-C-2300,243.5,0.0,0.0,0.0,1,104.0,393.0,1,243.5,214.0,0.0,0.0,0.0,0.0,0
2023-05-09 21:32:02,c2311-C-2300,c2311-C-2300,243.5,0.0,0.0,0.0,1,104.5,393.0,1,243.5,214.0,0.0,0.0,0.0,0.0,0
2023-05-09 21:32:03,c2311-C-2300,c2311-C-2300,243.5,0.0,0.0,0.0,1,106.0,393.0,1,243.5,214.0,0.0,0.0,0.0,0.0,0
2023-05-09 22:02:03,c2311-C-2300,c2311-C-2300,243.5,0.0,0.0,0.0,1,106.5,393.0,1,243.5,214.0,0.0,0.0,0.0,0.0,0
2023-05-09 22:02:04,c2311-C-2300,c2311-C-2300,243.5,0.0,0.0,0.0,1,108.0,393.0,1,243.5,214.0,0.0,0.0,0.0,0.0,0
2023-05-09 22:32:03,c2311-C-2300,c2311-C-2300,243.5,0.0,0.0,0.0,1,108.5,393.0,1,243.5,214.0,0.0,0.0,0.0,0.0,0
2023-05-09 22:32:04,c2311-C-2300,c2311-C-2300,243.5,0.0,0.0,0.0,1,110.0,393.0,1,243.5,214.0,0.0,0.0,0.0,0.0,0
2023-05-09 22:59:48,c2311-C-2300,c2311-C-2300,243.5,0.0,0.0,0.0,1,110.0,0.0,0,243.5,214.0,0.0,0.0,0.0,0.0,0
2023-05-09 22:59:48,c2311-C-2300,c2311-C-2300,243.5,0.0,0.0,0.0,1,108.5,0.0,0,243.5,214.0,0.0,0.0,0.0,0.0,0
2023-05-10 09:01:59,c2311-C-2300,c2311-C-2300,243.5,0.0,0.0,0.0,1,110.0,393.0,1,243.5,214.0,0.0,0.0,0.0,0.0,0
2023-05-10 09:13:59,c2311-C-2300,c2311-C-2300,243.5,0.0,0.0,0.0,3,180.0,393.0,1,243.5,214.0,0.0,0.0,0.0,0.0,0
2023-05-10 09:14:05,c2311-C-2300,c2311-C-2300,243.5,0.0,0.0,0.0,3,188.5,393.0,1,243.5,214.0,0.0,0.0,0.0,0.0,0
2023-05-10 09:14:10,c2311-C-2300,c2311-C-2300,243.5,0.0,0.0,0.0,1,108.5,393.0,1,243.5,214.0,0.0,0.0,0.0,0.0,0
2023-05-10 09:14:10,c2311-C-2300,c2311-C-2300,243.5,0.0,0.0,0.0,3,197.0,393.0,1,243.5,214.0,0.0,0.0,0.0,0.0,0
2023-05-10 09:14:15,c2311-C-2300,c2311-C-2300,243.5,0.0,0.0,0.0,1,108.5,393.0,1,243.5,214.0,0.0,0.0,0.0,0.0,0
2023-05-10 09:14:15,c2311-C-2300,c2311-C-2300,243.5,0.0,0.0,0.0,3,202.0,393.0,1,243.5,214.0,0.0,0.0,0.0,0.0,0
2023-05-10 09:15:16,c2311-C-2300,c2311-C-2300,243.5,0.0,0.0,0.0,1,204.5,393.0,1,243.5,214.0,0.0,0.0,0.0,0.0,0
2023-05-10 09:15:21,c2311-C-2300,c2311-C-2300,243.5,0.0,0.0,0.0,1,207.0,393.0,1,243.5,214.0,0.0,0.0,0.0,0.0,0
2023-05-10 09:15:25,c2311-C-2300,c2311-C-2300,243.5,0.0,0.0,0.0,1,208.5,393.0,1,243.5,214.0,0.0,0.0,0.0,0.0,0
2023-05-10 09:15:30,c2311-C-2300,c2311-C-2300,243.5,0.0,0.0,0.0,1,209.0,393.0,1,243.5,214.0,0.0,0.0,0.0,0.0,0
2023-05-10 09:18:07,c2311-C-2300,c2311-C-2300,243.5,0.0,0.0,0.0,1,214.0,393.0,1,243.5,214.0,0.0,0.0,0.0,0.0,0
2023-05-10 09:18:07,c2311-C-2300,c2311-C-2300,214.0,1.0,2140.0,1.0,3,202.0,393.0,1,243.5,214.0,214.0,214.0,1.0,2140.0,1
2023-05-10 09:18:07,c2311-C-2300,c2311-C-2300,214.0,0.0,0.0,0.0,3,202.0,392.5,1,243.5,214.0,214.0,214.0,1.0,2140.0,1
2023-05-10 09:18:08,c2311-C-2300,c2311-C-2300,214.0,0.0,0.0,0.0,3,202.0,391.0,1,243.5,214.0,214.0,214.0,1.0,2140.0,1
2023-05-10 09:18:08,c2311-C-2300,c2311-C-2300,214.0,0.0,0.0,0.0,3,202.0,390.5,1,243.5,214.0,214.0,214.0,1.0,2140.0,1
2023-05-10 09:18:09,c2311-C-2300,c2311-C-2300,214.0,0.0,0.0,0.0,3,202.0,389.0,1,243.5,214.0,214.0,214.0,1.0,2140.0,1
2023-05-10 09:18:09,c2311-C-2300,c2311-C-2300,214.0,0.0,0.0,0.0,3,202.0,388.5,1,243.5,214.0,214.0,214.0,1.0,2140.0,1
2023-05-10 09:18:10,c2311-C-2300,c2311-C-2300,214.0,0.0,0.0,0.0,3,202.0,387.0,1,243.5,214.0,214.0,214.0,1.0,2140.0,1
2023-05-10 09:18:10,c2311-C-2300,c2311-C-2300,214.0,0.0,0.0,0.0,3,202.0,386.5,1,243.5,214.0,214.0,214.0,1.0,2140.0,1
2023-05-10 09:18:11,c2311-C-2300,c2311-C-2300,214.0,0.0,0.0,0.0,3,202.0,385.0,1,243.5,214.0,214.0,214.0,1.0,2140.0,1
2023-05-10 09:18:11,c2311-C-2300,c2311-C-2300,214.0,0.0,0.0,0.0,3,202.0,384.5,1,243.5,214.0,214.0,214.0,1.0,2140.0,1
2023-05-10 09:18:12,c2311-C-2300,c2311-C-2300,214.0,0.0,0.0,0.0,3,202.0,383.0,1,243.5,214.0,214.0,214.0,1.0,2140.0,1
2023-05-10 09:18:12,c2311-C-2300,c2311-C-2300,214.0,0.0,0.0,0.0,3,202.0,382.5,1,243.5,214.0,214.0,214.0,1.0,2140.0,1
2023-05-10 09:18:13,c2311-C-2300,c2311-C-2300,214.0,0.0,0.0,0.0,3,202.0,381.0,1,243.5,214.0,214.0,214.0,1.0,2140.0,1
2023-05-10 09:18:14,c2311-C-2300,c2311-C-2300,214.0,0.0,0.0,0.0,1,205.5,263.0,1,243.5,214.0,214.0,214.0,1.0,2140.0,1
2023-05-10 09:18:14,c2311-C-2300,c2311-C-2300,214.0,0.0,0.0,0.0,1,205.5,240.5,1,243.5,214.0,214.0,214.0,1.0,2140.0,1
2023-05-10 09:18:15,c2311-C-2300,c2311-C-2300,214.0,0.0,0.0,0.0,1,205.5,221.5,1,243.5,214.0,214.0,214.0,1.0,2140.0,1
2023-05-10 09:18:27,c2311-C-2300,c2311-C-2300,214.0,0.0,0.0,0.0,2,207.5,221.5,1,243.5,214.0,214.0,214.0,1.0,2140.0,1
2023-05-10 09:18:32,c2311-C-2300,c2311-C-2300,214.0,0.0,0.0,0.0,2,210.5,221.5,1,243.5,214.0,214.0,214.0,1.0,2140.0,1
2023-05-10 09:18:46,c2311-C-2300,c2311-C-2300,214.0,0.0,0.0,0.0,2,212.0,221.5,1,243.5,214.0,214.0,214.0,1.0,2140.0,1
2023-05-10 09:18:49,c2311-C-2300,c2311-C-2300,214.0,0.0,0.0,0.0,2,210.5,221.5,1,243.5,214.0,214.0,214.0,1.0,2140.0,1
2023-05-10 09:18:49,c2311-C-2300,c2311-C-2300,214.0,0.0,0.0,0.0,2,212.5,221.5,1,243.5,214.0,214.0,214.0,1.0,2140.0,1
2023-05-10 09:18:58,c2311-C-2300,c2311-C-2300,214.0,0.0,0.0,0.0,2,213.0,221.5,1,243.5,214.0,214.0,214.0,1.0,2140.0,1
2023-05-10 09:19:15,c2311-C-2300,c2311-C-2300,214.0,0.0,0.0,0.0,2,213.5,221.5,1,243.5,214.0,214.0,214.0,1.0,2140.0,1
2023-05-10 09:19:20,c2311-C-2300,c2311-C-2300,214.0,2.0,4280.0,2.0,2,210.5,221.5,1,243.5,214.0,214.0,214.0,3.0,6420.0,3
2023-05-10 09:19:32,c2311-C-2300,c2311-C-2300,214.0,0.0,0.0,0.0,1,213.0,221.5,1,243.5,214.0,214.0,214.0,3.0,6420.0,3
2023-05-10 09:19:40,c2311-C-2300,c2311-C-2300,213.0,1.0,2130.0,1.0,2,210.5,221.5,1,243.5,214.0,214.0,213.0,4.0,8550.0,4
2023-05-10 09:19:51,c2311-C-2300,c2311-C-2300,213.0,0.0,0.0,0.0,1,212.0,221.5,1,243.5,214.0,214.0,213.0,4.0,8550.0,4
2023-05-10 09:19:54,c2311-C-2300,c2311-C-2300,213.0,0.0,0.0,0.0,1,212.5,221.5,1,243.5,214.0,214.0,213.0,4.0,8550.0,4
2023-05-10 09:19:59,c2311-C-2300,c2311-C-2300,213.0,0.0,0.0,0.0,1,213.0,221.5,1,243.5,214.0,214.0,213.0,4.0,8550.0,4
2023-05-10 09:20:09,c2311-C-2300,c2311-C-2300,213.0,0.0,0.0,0.0,1,213.5,221.5,1,243.5,214.0,214.0,213.0,4.0,8550.0,4
2023-05-10 09:20:11,c2311-C-2300,c2311-C-2300,214.0,1.0,2140.0,1.0,1,213.5,221.5,1,243.5,214.0,214.0,213.0,5.0,10690.0,5
2023-05-10 09:20:15,c2311-C-2300,c2311-C-2300,214.0,0.0,0.0,0.0,5,214.0,221.5,1,243.5,214.0,214.0,213.0,5.0,10690.0,5
2023-05-10 09:20:19,c2311-C-2300,c2311-C-2300,214.0,0.0,0.0,0.0,1,213.5,221.5,1,243.5,214.0,214.0,213.0,5.0,10690.0,5
2023-05-10 09:20:24,c2311-C-2300,c2311-C-2300,214.0,0.0,0.0,0.0,1,214.0,221.5,1,243.5,214.0,214.0,213.0,5.0,10690.0,5
2023-05-10 09:20:33,c2311-C-2300,c2311-C-2300,214.0,0.0,0.0,0.0,1,214.5,221.5,1,243.5,214.0,214.0,213.0,5.0,10690.0,5
2023-05-10 09:20:35,c2311-C-2300,c2311-C-2300,215.0,1.0,2150.0,1.0,1,214.5,221.5,1,243.5,214.0,215.0,213.0,6.0,12840.0,6
2023-05-10 09:20:36,c2311-C-2300,c2311-C-2300,215.0,1.0,2150.0,1.0,1,214.5,221.5,1,243.5,214.0,215.0,213.0,7.0,14990.0,7
2023-05-10 09:20:37,c2311-C-2300,c2311-C-2300,215.0,0.0,0.0,0.0,1,215.0,221.5,1,243.5,214.0,215.0,213.0,7.0,14990.0,7
2023-05-10 09:20:38,c2311-C-2300,c2311-C-2300,215.0,0.0,0.0,0.0,2,215.0,221.5,1,243.5,214.0,215.0,213.0,7.0,14990.0,7
2023-05-10 09:20:42,c2311-C-2300,c2311-C-2300,215.0,0.0,0.0,0.0,1,215.0,221.5,1,243.5,214.0,215.0,213.0,7.0,14990.0,7
2023-05-10 09:20:45,c2311-C-2300,c2311-C-2300,215.0,1.0,2150.0,1.0,1,214.5,221.5,1,243.5,214.0,215.0,213.0,8.0,17140.0,8
2023-05-10 09:20:47,c2311-C-2300,c2311-C-2300,215.0,0.0,0.0,0.0,1,215.0,221.5,1,243.5,214.0,215.0,213.0,8.0,17140.0,8
2023-05-10 09:20:48,c2311-C-2300,c2311-C-2300,215.0,0.0,0.0,0.0,2,215.0,221.5,1,243.5,214.0,215.0,213.0,8.0,17140.0,8
2023-05-10 09:21:03,c2311-C-2300,c2311-C-2300,215.0,0.0,0.0,0.0,2,215.5,221.5,1,243.5,214.0,215.0,213.0,8.0,17140.0,8
2023-05-10 09:21:05,c2311-C-2300,c2311-C-2300,215.5,2.0,4310.0,2.0,2,215.0,221.5,1,243.5,214.0,215.5,213.0,10.0,21450.0,10
2023-05-10 09:21:07,c2311-C-2300,c2311-C-2300,215.5,0.0,0.0,0.0,2,215.5,221.5,1,243.5,214.0,215.5,213.0,10.0,21450.0,10
2023-05-10 09:21:07,c2311-C-2300,c2311-C-2300,215.5,2.0,4310.0,2.0,2,215.0,221.5,1,243.5,214.0,215.5,213.0,12.0,25760.0,12
2023-05-10 09:21:09,c2311-C-2300,c2311-C-2300,215.5,2.0,4310.0,2.0,2,215.0,221.5,1,243.5,214.0,215.5,213.0,14.0,30070.0,14
2023-05-10 09:21:18,c2311-C-2300,c2311-C-2300,215.5,0.0,0.0,0.0,4,215.0,221.5,1,243.5,214.0,215.5,213.0,14.0,30070.0,14
2023-05-10 09:21:21,c2311-C-2300,c2311-C-2300,215.5,2.0,4310.0,2.0,4,215.0,221.5,1,243.5,214.0,215.5,213.0,16.0,34380.0,16
2023-05-10 09:21:22,c2311-C-2300,c2311-C-2300,215.5,0.0,0.0,0.0,2,215.5,221.5,1,243.5,214.0,215.5,213.0,16.0,34380.0,16
2023-05-10 09:21:22,c2311-C-2300,c2311-C-2300,215.5,2.0,4310.0,2.0,4,215.0,221.5,1,243.5,214.0,215.5,213.0,18.0,38690.0,18
2023-05-10 09:21:23,c2311-C-2300,c2311-C-2300,215.5,0.0,0.0,0.0,2,215.5,221.5,1,243.5,214.0,215.5,213.0,18.0,38690.0,18
2023-05-10 09:21:24,c2311-C-2300,c2311-C-2300,215.5,0.0,0.0,0.0,4,215.5,221.5,1,243.5,214.0,215.5,213.0,18.0,38690.0,18
2023-05-10 09:21:26,c2311-C-2300,c2311-C-2300,215.5,0.0,0.0,0.0,2,215.5,221.5,1,243.5,214.0,215.5,213.0,18.0,38690.0,18
2023-05-10 09:21:28,c2311-C-2300,c2311-C-2300,216.0,2.0,4320.0,2.0,2,215.5,221.5,1,243.5,214.0,216.0,213.0,20.0,43010.0,20
2023-05-10 09:21:30,c2311-C-2300,c2311-C-2300,216.0,0.0,0.0,0.0,2,216.0,221.5,1,243.5,214.0,216.0,213.0,20.0,43010.0,20
2023-05-10 09:21:30,c2311-C-2300,c2311-C-2300,216.0,2.0,4320.0,2.0,2,215.5,221.5,1,243.5,214.0,216.0,213.0,22.0,47330.0,22
2023-05-10 09:21:35,c2311-C-2300,c2311-C-2300,216.0,0.0,0.0,0.0,2,216.0,221.5,1,243.5,214.0,216.0,213.0,22.0,47330.0,22
2023-05-10 09:21:35,c2311-C-2300,c2311-C-2300,216.0,2.0,4320.0,2.0,2,215.5,221.5,1,243.5,214.0,216.0,213.0,24.0,51650.0,24
2023-05-10 09:21:38,c2311-C-2300,c2311-C-2300,215.5,2.0,4310.0,2.0,4,215.0,221.5,1,243.5,214.0,216.0,213.0,26.0,55960.0,26
2023-05-10 09:21:43,c2311-C-2300,c2311-C-2300,215.5,0.0,0.0,0.0,2,215.0,221.5,1,243.5,214.0,216.0,213.0,26.0,55960.0,26
2023-05-10 09:21:44,c2311-C-2300,c2311-C-2300,215.0,2.0,4300.0,2.0,1,214.5,221.5,1,243.5,214.0,216.0,213.0,28.0,60260.0,28
2023-05-10 09:24:09,c2311-C-2300,c2311-C-2300,214.5,1.0,2145.0,1.0,1,214.0,221.5,1,243.5,214.0,216.0,213.0,29.0,62405.0,29
2023-05-10 09:27:40,c2311-C-2300,c2311-C-2300,214.0,1.0,2140.0,1.0,1,213.5,221.5,1,243.5,214.0,216.0,213.0,30.0,64545.0,30
2023-05-10 09:27:46,c2311-C-2300,c2311-C-2300,213.5,1.0,2135.0,1.0,1,213.0,221.5,1,243.5,214.0,216.0,213.0,31.0,66680.0,31
2023-05-10 09:28:12,c2311-C-2300,c2311-C-2300,213.5,0.0,0.0,0.0,1,212.5,221.5,1,243.5,214.0,216.0,213.0,31.0,66680.0,31
2023-05-10 09:28:12,c2311-C-2300,c2311-C-2300,213.5,0.0,0.0,0.0,2,210.5,221.5,1,243.5,214.0,216.0,213.0,31.0,66680.0,31
2023-05-10 09:28:13,c2311-C-2300,c2311-C-2300,213.5,0.0,0.0,0.0,2,207.5,221.5,1,243.5,214.0,216.0,213.0,31.0,66680.0,31
2023-05-10 09:28:14,c2311-C-2300,c2311-C-2300,213.5,0.0,0.0,0.0,1,205.5,221.5,1,243.5,214.0,216.0,213.0,31.0,66680.0,31
2023-05-10 09:33:59,c2311-C-2300,c2311-C-2300,213.5,0.0,0.0,0.0,1,205.5,213.0,1,243.5,214.0,216.0,213.0,31.0,66680.0,31
2023-05-10 09:34:47,c2311-C-2300,c2311-C-2300,213.5,0.0,0.0,0.0,1,205.5,221.5,1,243.5,214.0,216.0,213.0,31.0,66680.0,31
2023-05-10 09:48:21,c2311-C-2300,c2311-C-2300,212.0,1.0,2120.0,-1.0,1,205.5,221.5,1,243.5,214.0,216.0,212.0,32.0,68800.0,30
2023-05-10 09:48:44,c2311-C-2300,c2311-C-2300,212.0,0.0,0.0,0.0,1,205.5,213.0,1,243.5,214.0,216.0,212.0,32.0,68800.0,30
2023-05-10 09:49:43,c2311-C-2300,c2311-C-2300,212.0,0.0,0.0,0.0,1,205.5,212.0,1,243.5,214.0,216.0,212.0,32.0,68800.0,30
2023-05-10 09:50:52,c2311-C-2300,c2311-C-2300,212.0,1.0,2120.0,-1.0,1,205.5,221.5,1,243.5,214.0,216.0,212.0,33.0,70920.0,29
2023-05-10 09:51:52,c2311-C-2300,c2311-C-2300,212.0,0.0,0.0,0.0,1,205.5,212.0,3,243.5,214.0,216.0,212.0,33.0,70920.0,29
2023-05-10 09:52:40,c2311-C-2300,c2311-C-2300,212.0,0.0,0.0,0.0,1,205.5,221.5,1,243.5,214.0,216.0,212.0,33.0,70920.0,29
2023-05-10 09:59:47,c2311-C-2300,c2311-C-2300,212.0,0.0,0.0,0.0,1,108.5,240.0,1,243.5,214.0,216.0,212.0,33.0,70920.0,29
2023-05-10 09:59:47,c2311-C-2300,c2311-C-2300,212.0,0.0,0.0,0.0,1,110.0,240.0,1,243.5,214.0,216.0,212.0,33.0,70920.0,29
2023-05-10 10:00:27,c2311-C-2300,c2311-C-2300,212.0,0.0,0.0,0.0,1,110.5,240.0,1,243.5,214.0,216.0,212.0,33.0,70920.0,29
2023-05-10 10:00:28,c2311-C-2300,c2311-C-2300,212.0,0.0,0.0,0.0,1,112.0,240.0,1,243.5,214.0,216.0,212.0,33.0,70920.0,29
2023-05-10 10:00:34,c2311-C-2300,c2311-C-2300,212.0,0.0,0.0,0.0,1,112.0,219.5,1,243.5,214.0,216.0,212.0,33.0,70920.0,29
2023-05-10 10:00:41,c2311-C-2300,c2311-C-2300,212.0,0.0,0.0,0.0,1,162.5,219.5,1,243.5,214.0,216.0,212.0,33.0,70920.0,29
2023-05-10 10:00:41,c2311-C-2300,c2311-C-2300,212.0,0.0,0.0,0.0,1,164.0,219.5,1,243.5,214.0,216.0,212.0,33.0,70920.0,29
2023-05-10 10:00:44,c2311-C-2300,c2311-C-2300,212.0,0.0,0.0,0.0,1,185.0,219.5,1,243.5,214.0,216.0,212.0,33.0,70920.0,29
2023-05-10 10:09:33,c2311-C-2300,c2311-C-2300,212.0,0.0,0.0,0.0,1,185.0,240.0,1,243.5,214.0,216.0,212.0,33.0,70920.0,29
2023-05-10 10:09:33,c2311-C-2300,c2311-C-2300,212.0,0.0,0.0,0.0,1,186.5,240.0,1,243.5,214.0,216.0,212.0,33.0,70920.0,29
2023-05-10 10:09:34,c2311-C-2300,c2311-C-2300,212.0,0.0,0.0,0.0,1,207.5,225.5,1,243.5,214.0,216.0,212.0,33.0,70920.0,29
2023-05-10 10:31:08,c2311-C-2300,c2311-C-2300,212.0,0.0,0.0,0.0,1,207.5,213.0,2,243.5,214.0,216.0,212.0,33.0,70920.0,29
2023-05-10 10:31:12,c2311-C-2300,c2311-C-2300,212.5,2.0,4250.0,-2.0,1,207.5,220.5,1,243.5,214.0,216.0,212.0,35.0,75170.0,27
2023-05-10 10:31:31,c2311-C-2300,c2311-C-2300,212.5,0.0,0.0,0.0,1,207.5,213.0,2,243.5,214.0,216.0,212.0,35.0,75170.0,27
2023-05-10 10:31:35,c2311-C-2300,c2311-C-2300,212.5,0.0,0.0,0.0,1,207.5,212.5,2,243.5,214.0,216.0,212.0,35.0,75170.0,27
2023-05-10 10:31:48,c2311-C-2300,c2311-C-2300,212.5,0.0,0.0,0.0,1,207.5,212.0,2,243.5,214.0,216.0,212.0,35.0,75170.0,27
2023-05-10 10:31:53,c2311-C-2300,c2311-C-2300,212.0,2.0,4240.0,-2.0,1,207.5,220.5,1,243.5,214.0,216.0,212.0,37.0,79410.0,25
2023-05-10 10:31:56,c2311-C-2300,c2311-C-2300,212.0,0.0,0.0,0.0,1,207.5,212.5,3,243.5,214.0,216.0,212.0,37.0,79410.0,25
2023-05-10 10:31:58,c2311-C-2300,c2311-C-2300,212.5,3.0,6375.0,-3.0,1,207.5,220.5,1,243.5,214.0,216.0,212.0,40.0,85785.0,22
2023-05-10 10:32:23,c2311-C-2300,c2311-C-2300,212.5,0.0,0.0,0.0,1,207.5,213.0,3,243.5,214.0,216.0,212.0,40.0,85785.0,22
2023-05-10 10:32:34,c2311-C-2300,c2311-C-2300,212.5,0.0,0.0,0.0,1,207.5,212.5,3,243.5,214.0,216.0,212.0,40.0,85785.0,22
2023-05-10 10:32:40,c2311-C-2300,c2311-C-2300,212.0,3.0,6360.0,0.0,1,207.5,220.5,1,243.5,214.0,216.0,212.0,43.0,92145.0,22
2023-05-10 10:32:49,c2311-C-2300,c2311-C-2300,212.0,0.0,0.0,0.0,1,207.5,212.5,3,243.5,214.0,216.0,212.0,43.0,92145.0,22
2023-05-10 10:33:00,c2311-C-2300,c2311-C-2300,212.0,0.0,0.0,0.0,1,207.5,220.5,1,243.5,214.0,216.0,212.0,43.0,92145.0,22
2023-05-10 10:33:08,c2311-C-2300,c2311-C-2300,212.0,0.0,0.0,0.0,1,207.5,213.0,2,243.5,214.0,216.0,212.0,43.0,92145.0,22
2023-05-10 10:33:23,c2311-C-2300,c2311-C-2300,212.0,0.0,0.0,0.0,1,207.5,212.5,2,243.5,214.0,216.0,212.0,43.0,92145.0,22
2023-05-10 10:33:36,c2311-C-2300,c2311-C-2300,212.0,0.0,0.0,0.0,1,207.5,212.0,2,243.5,214.0,216.0,212.0,43.0,92145.0,22
2023-05-10 10:36:44,c2311-C-2300,c2311-C-2300,212.0,2.0,4240.0,0.0,1,207.5,220.5,1,243.5,214.0,216.0,212.0,45.0,96385.0,22
2023-05-10 10:37:04,c2311-C-2300,c2311-C-2300,212.0,0.0,0.0,0.0,1,207.5,213.0,3,243.5,214.0,216.0,212.0,45.0,96385.0,22
2023-05-10 10:37:10,c2311-C-2300,c2311-C-2300,213.0,3.0,6390.0,0.0,1,207.5,220.5,1,243.5,214.0,216.0,212.0,48.0,102775.0,22
2023-05-10 10:37:55,c2311-C-2300,c2311-C-2300,213.0,0.0,0.0,0.0,1,207.5,215.0,3,243.5,214.0,216.0,212.0,48.0,102775.0,22
2023-05-10 10:38:04,c2311-C-2300,c2311-C-2300,213.0,0.0,0.0,0.0,1,207.5,214.5,3,243.5,214.0,216.0,212.0,48.0,102775.0,22
2023-05-10 10:38:10,c2311-C-2300,c2311-C-2300,213.0,0.0,0.0,0.0,1,207.5,214.0,3,243.5,214.0,216.0,212.0,48.0,102775.0,22
2023-05-10 10:38:15,c2311-C-2300,c2311-C-2300,213.0,0.0,0.0,0.0,1,207.5,213.5,3,243.5,214.0,216.0,212.0,48.0,102775.0,22
2023-05-10 10:38:32,c2311-C-2300,c2311-C-2300,213.0,3.0,6390.0,0.0,1,207.5,213.5,3,243.5,214.0,216.0,212.0,51.0,109165.0,22
2023-05-10 10:38:37,c2311-C-2300,c2311-C-2300,213.0,3.0,6390.0,0.0,1,207.5,213.5,3,243.5,214.0,216.0,212.0,54.0,115555.0,22
2023-05-10 10:38:49,c2311-C-2300,c2311-C-2300,213.0,0.0,0.0,0.0,1,207.5,213.0,3,243.5,214.0,216.0,212.0,54.0,115555.0,22
2023-05-10 10:39:18,c2311-C-2300,c2311-C-2300,212.5,2.0,4250.0,0.0,1,207.5,213.0,3,243.5,214.0,216.0,212.0,56.0,119805.0,22
2023-05-10 10:39:21,c2311-C-2300,c2311-C-2300,212.5,0.0,0.0,0.0,1,207.5,212.5,3,243.5,214.0,216.0,212.0,56.0,119805.0,22
2023-05-10 10:39:21,c2311-C-2300,c2311-C-2300,212.5,3.0,6375.0,0.0,1,207.5,213.5,3,243.5,214.0,216.0,212.0,59.0,126180.0,22
2023-05-10 10:39:24,c2311-C-2300,c2311-C-2300,212.5,0.0,0.0,0.0,1,207.5,213.0,3,243.5,214.0,216.0,212.0,59.0,126180.0,22
2023-05-10 10:40:08,c2311-C-2300,c2311-C-2300,212.5,0.0,0.0,0.0,1,207.5,212.5,3,243.5,214.0,216.0,212.0,59.0,126180.0,22
2023-05-10 10:40:34,c2311-C-2300,c2311-C-2300,212.5,0.0,0.0,0.0,1,207.5,212.0,3,243.5,214.0,216.0,212.0,59.0,126180.0,22
2023-05-10 10:41:27,c2311-C-2300,c2311-C-2300,212.5,0.0,0.0,0.0,1,207.5,211.5,3,243.5,214.0,216.0,212.0,59.0,126180.0,22
2023-05-10 10:41:30,c2311-C-2300,c2311-C-2300,212.5,0.0,0.0,0.0,1,207.5,211.0,3,243.5,214.0,216.0,212.0,59.0,126180.0,22
2023-05-10 10:41:45,c2311-C-2300,c2311-C-2300,211.0,3.0,6330.0,0.0,1,207.5,220.5,1,243.5,214.0,216.0,211.0,62.0,132510.0,22
2023-05-10 11:01:30,c2311-C-2300,c2311-C-2300,211.0,0.0,0.0,0.0,1,110.5,240.0,1,243.5,214.0,216.0,211.0,62.0,132510.0,22
2023-05-10 11:01:30,c2311-C-2300,c2311-C-2300,211.0,0.0,0.0,0.0,1,112.0,240.0,1,243.5,214.0,216.0,211.0,62.0,132510.0,22
2023-05-10 11:02:01,c2311-C-2300,c2311-C-2300,211.0,0.0,0.0,0.0,1,112.0,221.5,1,243.5,214.0,216.0,211.0,62.0,132510.0,22
2023-05-10 11:02:04,c2311-C-2300,c2311-C-2300,211.0,0.0,0.0,0.0,1,164.5,221.5,1,243.5,214.0,216.0,211.0,62.0,132510.0,22
2023-05-10 11:02:04,c2311-C-2300,c2311-C-2300,211.0,0.0,0.0,0.0,1,166.0,221.5,1,243.5,214.0,216.0,211.0,62.0,132510.0,22
2023-05-10 11:02:06,c2311-C-2300,c2311-C-2300,211.0,0.0,0.0,0.0,1,187.0,221.5,1,243.5,214.0,216.0,211.0,62.0,132510.0,22
2023-05-10 11:05:22,c2311-C-2300,c2311-C-2300,211.0,0.0,0.0,0.0,1,208.5,221.5,1,243.5,214.0,216.0,211.0,62.0,132510.0,22
2023-05-10 11:07:31,c2311-C-2300,c2311-C-2300,211.0,0.0,0.0,0.0,1,208.5,240.0,1,243.5,214.0,216.0,211.0,62.0,132510.0,22
2023-05-10 11:07:32,c2311-C-2300,c2311-C-2300,211.0,0.0,0.0,0.0,1,208.5,227.5,1,243.5,214.0,216.0,211.0,62.0,132510.0,22
2023-05-10 11:29:34,c2311-C-2300,c2311-C-2300,211.0,0.0,0.0,0.0,1,200.0,227.5,1,243.5,214.0,216.0,211.0,62.0,132510.0,22
2023-05-10 11:29:49,c2311-C-2300,c2311-C-2300,211.0,0.0,0.0,0.0,1,102.5,227.5,1,243.5,214.0,216.0,211.0,62.0,132510.0,22
2023-05-10 11:29:49,c2311-C-2300,c2311-C-2300,211.0,0.0,0.0,0.0,1,165.0,227.5,1,243.5,214.0,216.0,211.0,62.0,132510.0,22
2023-05-10 13:30:06,c2311-C-2300,c2311-C-2300,211.0,0.0,0.0,0.0,1,178.0,227.5,1,243.5,214.0,216.0,211.0,62.0,132510.0,22
2023-05-10 13:31:59,c2311-C-2300,c2311-C-2300,211.0,0.0,0.0,0.0,1,179.5,227.5,1,243.5,214.0,216.0,211.0,62.0,132510.0,22
2023-05-10 13:31:59,c2311-C-2300,c2311-C-2300,211.0,0.0,0.0,0.0,1,200.5,227.5,1,243.5,214.0,216.0,211.0,62.0,132510.0,22
2023-05-10 14:32:01,c2311-C-2300,c2311-C-2300,211.0,0.0,0.0,0.0,1,186.5,227.5,1,243.5,214.0,216.0,211.0,62.0,132510.0,22
2023-05-10 14:32:02,c2311-C-2300,c2311-C-2300,211.0,0.0,0.0,0.0,1,209.0,227.5,1,243.5,214.0,216.0,211.0,62.0,132510.0,22
2023-05-10 14:59:13,c2311-C-2300,c2311-C-2300,211.0,0.0,0.0,0.0,1,178.0,227.5,1,243.5,214.0,216.0,211.0,62.0,132510.0,22
2023-05-10 15:01:15,c2311-C-2300,c2311-C-2300,211.0,0.0,0.0,0.0,1,178.0,227.5,1,243.5,214.0,216.0,211.0,62.0,132510.0,22
