time,symbol_id,symbol_name,last,trade_volume,trade_amount,open_interest_change,bv1,bp1,ap1,av1,yesterday_close,today_open,today_high,today_low,volume,amount,open_interest
2023-05-09 20:55:26,c2311-C-2720,c2311-C-2720,19.5,0.0,0.0,0.0,1,0.5,0.0,0,19.5,17.0,0.0,0.0,0.0,0.0,212
2023-05-09 21:00:13,c2311-C-2720,c2311-C-2720,19.5,0.0,0.0,0.0,10,1.0,68.0,10,19.5,17.0,0.0,0.0,0.0,0.0,212
2023-05-09 21:00:14,c2311-C-2720,c2311-C-2720,19.5,0.0,0.0,0.0,1,13.5,55.0,1,19.5,17.0,0.0,0.0,0.0,0.0,212
2023-05-09 21:00:15,c2311-C-2720,c2311-C-2720,19.5,0.0,0.0,0.0,1,13.5,41.5,1,19.5,17.0,0.0,0.0,0.0,0.0,212
2023-05-09 21:00:15,c2311-C-2720,c2311-C-2720,19.5,0.0,0.0,0.0,1,13.5,41.0,10,19.5,17.0,0.0,0.0,0.0,0.0,212
2023-05-09 21:00:16,c2311-C-2720,c2311-C-2720,19.5,0.0,0.0,0.0,1,13.5,28.0,1,19.5,17.0,0.0,0.0,0.0,0.0,212
2023-05-09 21:00:16,c2311-C-2720,c2311-C-2720,19.5,0.0,0.0,0.0,1,13.5,23.0,1,19.5,17.0,0.0,0.0,0.0,0.0,212
2023-05-09 21:02:16,c2311-C-2720,c2311-C-2720,19.5,0.0,0.0,0.0,11,13.5,23.0,11,19.5,17.0,0.0,0.0,0.0,0.0,212
2023-05-09 21:02:41,c2311-C-2720,c2311-C-2720,19.5,0.0,0.0,0.0,10,16.5,19.5,10,19.5,17.0,0.0,0.0,0.0,0.0,212
2023-05-09 21:02:41,c2311-C-2720,c2311-C-2720,19.5,0.0,0.0,0.0,20,16.5,19.5,20,19.5,17.0,0.0,0.0,0.0,0.0,212
2023-05-09 21:03:01,c2311-C-2720,c2311-C-2720,19.5,0.0,0.0,0.0,10,16.5,19.0,20,19.5,17.0,0.0,0.0,0.0,0.0,212
2023-05-09 21:03:01,c2311-C-2720,c2311-C-2720,19.5,0.0,0.0,0.0,10,16.5,19.0,30,19.5,17.0,0.0,0.0,0.0,0.0,212
2023-05-09 21:03:06,c2311-C-2720,c2311-C-2720,19.5,0.0,0.0,0.0,20,16.5,19.0,20,19.5,17.0,0.0,0.0,0.0,0.0,212
2023-05-09 21:03:29,c2311-C-2720,c2311-C-2720,19.5,0.0,0.0,0.0,10,16.5,19.0,30,19.5,17.0,0.0,0.0,0.0,0.0,212
2023-05-09 21:03:30,c2311-C-2720,c2311-C-2720,19.5,0.0,0.0,0.0,10,16.5,19.0,55,19.5,17.0,0.0,0.0,0.0,0.0,212
2023-05-09 21:03:33,c2311-C-2720,c2311-C-2720,19.5,0.0,0.0,0.0,10,16.5,19.0,30,19.5,17.0,0.0,0.0,0.0,0.0,212
2023-05-09 21:03:35,c2311-C-2720,c2311-C-2720,19.5,0.0,0.0,0.0,10,16.5,19.0,20,19.5,17.0,0.0,0.0,0.0,0.0,212
2023-05-09 21:03:37,c2311-C-2720,c2311-C-2720,19.5,0.0,0.0,0.0,10,16.5,19.0,30,19.5,17.0,0.0,0.0,0.0,0.0,212
2023-05-09 21:03:38,c2311-C-2720,c2311-C-2720,19.5,0.0,0.0,0.0,10,16.5,19.0,20,19.5,17.0,0.0,0.0,0.0,0.0,212
2023-05-09 21:03:42,c2311-C-2720,c2311-C-2720,19.5,0.0,0.0,0.0,10,16.5,19.0,30,19.5,17.0,0.0,0.0,0.0,0.0,212
2023-05-09 21:04:00,c2311-C-2720,c2311-C-2720,19.5,0.0,0.0,0.0,10,16.5,19.0,55,19.5,17.0,0.0,0.0,0.0,0.0,212
2023-05-09 21:04:03,c2311-C-2720,c2311-C-2720,19.5,0.0,0.0,0.0,10,16.5,19.0,30,19.5,17.0,0.0,0.0,0.0,0.0,212
2023-05-09 21:04:10,c2311-C-2720,c2311-C-2720,19.5,0.0,0.0,0.0,20,16.5,18.5,10,19.5,17.0,0.0,0.0,0.0,0.0,212
2023-05-09 21:04:11,c2311-C-2720,c2311-C-2720,19.5,0.0,0.0,0.0,20,16.5,18.5,30,19.5,17.0,0.0,0.0,0.0,0.0,212
2023-05-09 21:04:22,c2311-C-2720,c2311-C-2720,19.5,0.0,0.0,0.0,1,17.0,18.5,30,19.5,17.0,0.0,0.0,0.0,0.0,212
2023-05-09 21:04:29,c2311-C-2720,c2311-C-2720,19.5,0.0,0.0,0.0,1,17.0,18.0,30,19.5,17.0,0.0,0.0,0.0,0.0,212
2023-05-09 21:04:38,c2311-C-2720,c2311-C-2720,17.0,1.0,170.0,0.0,20,16.5,17.5,13,19.5,17.0,17.0,17.0,1.0,170.0,212
2023-05-09 21:04:38,c2311-C-2720,c2311-C-2720,17.0,0.0,0.0,0.0,20,16.5,17.5,23,19.5,17.0,17.0,17.0,1.0,170.0,212
2023-05-09 21:04:47,c2311-C-2720,c2311-C-2720,17.0,0.0,0.0,0.0,10,16.5,17.5,23,19.5,17.0,17.0,17.0,1.0,170.0,212
2023-05-09 21:04:50,c2311-C-2720,c2311-C-2720,17.0,0.0,0.0,0.0,20,16.5,17.5,23,19.5,17.0,17.0,17.0,1.0,170.0,212
2023-05-09 21:05:07,c2311-C-2720,c2311-C-2720,17.0,0.0,0.0,0.0,10,16.5,17.5,23,19.5,17.0,17.0,17.0,1.0,170.0,212
2023-05-09 21:05:08,c2311-C-2720,c2311-C-2720,17.0,0.0,0.0,0.0,10,16.5,17.5,33,19.5,17.0,17.0,17.0,1.0,170.0,212
2023-05-09 21:05:11,c2311-C-2720,c2311-C-2720,17.0,0.0,0.0,0.0,13,16.0,17.5,33,19.5,17.0,17.0,17.0,1.0,170.0,212
2023-05-09 21:05:11,c2311-C-2720,c2311-C-2720,17.0,0.0,0.0,0.0,23,16.0,17.5,33,19.5,17.0,17.0,17.0,1.0,170.0,212
2023-05-09 21:05:12,c2311-C-2720,c2311-C-2720,17.0,0.0,0.0,0.0,33,16.0,17.5,33,19.5,17.0,17.0,17.0,1.0,170.0,212
2023-05-09 21:05:12,c2311-C-2720,c2311-C-2720,17.0,0.0,0.0,0.0,43,16.0,17.5,33,19.5,17.0,17.0,17.0,1.0,170.0,212
2023-05-09 21:05:13,c2311-C-2720,c2311-C-2720,17.0,0.0,0.0,0.0,43,16.0,17.5,23,19.5,17.0,17.0,17.0,1.0,170.0,212
2023-05-09 21:05:33,c2311-C-2720,c2311-C-2720,17.0,0.0,0.0,0.0,53,16.0,17.5,23,19.5,17.0,17.0,17.0,1.0,170.0,212
2023-05-09 21:05:33,c2311-C-2720,c2311-C-2720,17.0,0.0,0.0,0.0,43,16.0,17.5,23,19.5,17.0,17.0,17.0,1.0,170.0,212
2023-05-09 21:05:36,c2311-C-2720,c2311-C-2720,17.0,0.0,0.0,0.0,53,16.0,17.5,23,19.5,17.0,17.0,17.0,1.0,170.0,212
2023-05-09 21:05:38,c2311-C-2720,c2311-C-2720,17.0,0.0,0.0,0.0,78,16.0,17.5,23,19.5,17.0,17.0,17.0,1.0,170.0,212
2023-05-09 21:05:38,c2311-C-2720,c2311-C-2720,17.0,0.0,0.0,0.0,68,16.0,17.5,23,19.5,17.0,17.0,17.0,1.0,170.0,212
2023-05-09 21:05:39,c2311-C-2720,c2311-C-2720,17.0,0.0,0.0,0.0,43,16.0,17.5,48,19.5,17.0,17.0,17.0,1.0,170.0,212
2023-05-09 21:05:43,c2311-C-2720,c2311-C-2720,17.0,0.0,0.0,0.0,68,16.0,17.5,23,19.5,17.0,17.0,17.0,1.0,170.0,212
2023-05-09 21:05:44,c2311-C-2720,c2311-C-2720,17.0,0.0,0.0,0.0,11,16.5,17.5,23,19.5,17.0,17.0,17.0,1.0,170.0,212
2023-05-09 21:05:44,c2311-C-2720,c2311-C-2720,17.0,0.0,0.0,0.0,31,16.5,17.5,23,19.5,17.0,17.0,17.0,1.0,170.0,212
2023-05-09 21:05:45,c2311-C-2720,c2311-C-2720,17.0,0.0,0.0,0.0,31,16.5,17.5,20,19.5,17.0,17.0,17.0,1.0,170.0,212
2023-05-09 21:05:46,c2311-C-2720,c2311-C-2720,17.0,0.0,0.0,0.0,31,16.5,17.5,10,19.5,17.0,17.0,17.0,1.0,170.0,212
2023-05-09 21:05:51,c2311-C-2720,c2311-C-2720,17.0,0.0,0.0,0.0,31,16.5,17.5,20,19.5,17.0,17.0,17.0,1.0,170.0,212
2023-05-09 21:05:51,c2311-C-2720,c2311-C-2720,17.0,0.0,0.0,0.0,31,16.5,17.5,10,19.5,17.0,17.0,17.0,1.0,170.0,212
2023-05-09 21:05:55,c2311-C-2720,c2311-C-2720,17.0,0.0,0.0,0.0,1,17.0,17.5,10,19.5,17.0,17.0,17.0,1.0,170.0,212
2023-05-09 21:05:56,c2311-C-2720,c2311-C-2720,17.0,0.0,0.0,0.0,11,17.0,17.5,10,19.5,17.0,17.0,17.0,1.0,170.0,212
2023-05-09 21:05:57,c2311-C-2720,c2311-C-2720,17.0,0.0,0.0,0.0,1,17.0,17.5,20,19.5,17.0,17.0,17.0,1.0,170.0,212
2023-05-09 21:05:59,c2311-C-2720,c2311-C-2720,17.0,0.0,0.0,0.0,11,17.0,17.5,10,19.5,17.0,17.0,17.0,1.0,170.0,212
2023-05-09 21:06:21,c2311-C-2720,c2311-C-2720,17.0,0.0,0.0,0.0,1,17.0,17.5,20,19.5,17.0,17.0,17.0,1.0,170.0,212
2023-05-09 21:06:21,c2311-C-2720,c2311-C-2720,17.0,0.0,0.0,0.0,11,17.0,17.5,10,19.5,17.0,17.0,17.0,1.0,170.0,212
2023-05-09 21:06:40,c2311-C-2720,c2311-C-2720,17.0,0.0,0.0,0.0,1,17.0,17.5,20,19.5,17.0,17.0,17.0,1.0,170.0,212
2023-05-09 21:06:41,c2311-C-2720,c2311-C-2720,17.0,0.0,0.0,0.0,11,17.0,17.5,10,19.5,17.0,17.0,17.0,1.0,170.0,212
2023-05-09 21:06:43,c2311-C-2720,c2311-C-2720,17.0,0.0,0.0,0.0,1,17.0,17.5,20,19.5,17.0,17.0,17.0,1.0,170.0,212
2023-05-09 21:06:43,c2311-C-2720,c2311-C-2720,17.0,0.0,0.0,0.0,11,17.0,17.5,10,19.5,17.0,17.0,17.0,1.0,170.0,212
2023-05-09 21:06:51,c2311-C-2720,c2311-C-2720,17.0,0.0,0.0,0.0,21,17.0,17.5,10,19.5,17.0,17.0,17.0,1.0,170.0,212
2023-05-09 21:06:55,c2311-C-2720,c2311-C-2720,17.0,0.0,0.0,0.0,11,17.0,17.5,10,19.5,17.0,17.0,17.0,1.0,170.0,212
2023-05-09 21:07:06,c2311-C-2720,c2311-C-2720,17.0,0.0,0.0,0.0,1,17.0,17.5,20,19.5,17.0,17.0,17.0,1.0,170.0,212
2023-05-09 21:07:07,c2311-C-2720,c2311-C-2720,17.0,0.0,0.0,0.0,11,17.0,17.5,10,19.5,17.0,17.0,17.0,1.0,170.0,212
2023-05-09 21:07:16,c2311-C-2720,c2311-C-2720,17.0,0.0,0.0,0.0,1,17.0,17.5,20,19.5,17.0,17.0,17.0,1.0,170.0,212
2023-05-09 21:07:16,c2311-C-2720,c2311-C-2720,17.0,0.0,0.0,0.0,11,17.0,17.5,10,19.5,17.0,17.0,17.0,1.0,170.0,212
2023-05-09 21:07:16,c2311-C-2720,c2311-C-2720,17.0,0.0,0.0,0.0,1,17.0,17.5,20,19.5,17.0,17.0,17.0,1.0,170.0,212
2023-05-09 21:07:17,c2311-C-2720,c2311-C-2720,17.0,0.0,0.0,0.0,11,17.0,17.5,10,19.5,17.0,17.0,17.0,1.0,170.0,212
2023-05-09 21:07:20,c2311-C-2720,c2311-C-2720,17.0,0.0,0.0,0.0,21,17.0,17.5,10,19.5,17.0,17.0,17.0,1.0,170.0,212
2023-05-09 21:07:42,c2311-C-2720,c2311-C-2720,17.5,10.0,1750.0,10.0,21,17.0,18.0,13,19.5,17.0,17.5,17.0,11.0,1920.0,222
2023-05-09 21:07:42,c2311-C-2720,c2311-C-2720,17.5,0.0,0.0,0.0,21,17.0,18.0,23,19.5,17.0,17.5,17.0,11.0,1920.0,222
2023-05-09 21:07:50,c2311-C-2720,c2311-C-2720,17.5,0.0,0.0,0.0,31,17.0,18.0,20,19.5,17.0,17.5,17.0,11.0,1920.0,222
2023-05-09 21:07:50,c2311-C-2720,c2311-C-2720,17.5,0.0,0.0,0.0,41,17.0,18.0,20,19.5,17.0,17.5,17.0,11.0,1920.0,222
2023-05-09 21:07:50,c2311-C-2720,c2311-C-2720,17.5,0.0,0.0,0.0,31,17.0,18.0,20,19.5,17.0,17.5,17.0,11.0,1920.0,222
2023-05-09 21:07:52,c2311-C-2720,c2311-C-2720,17.5,0.0,0.0,0.0,31,17.0,18.0,10,19.5,17.0,17.5,17.0,11.0,1920.0,222
2023-05-09 21:07:54,c2311-C-2720,c2311-C-2720,17.5,0.0,0.0,0.0,41,17.0,18.0,10,19.5,17.0,17.5,17.0,11.0,1920.0,222
2023-05-09 21:07:58,c2311-C-2720,c2311-C-2720,17.5,0.0,0.0,0.0,11,17.5,18.0,10,19.5,17.0,17.5,17.0,11.0,1920.0,222
2023-05-09 21:08:07,c2311-C-2720,c2311-C-2720,17.5,0.0,0.0,0.0,11,17.5,18.5,10,19.5,17.0,17.5,17.0,11.0,1920.0,222
2023-05-09 21:08:07,c2311-C-2720,c2311-C-2720,17.5,0.0,0.0,0.0,21,17.5,18.5,10,19.5,17.0,17.5,17.0,11.0,1920.0,222
2023-05-09 21:08:26,c2311-C-2720,c2311-C-2720,17.5,0.0,0.0,0.0,21,17.5,18.5,20,19.5,17.0,17.5,17.0,11.0,1920.0,222
2023-05-09 21:08:42,c2311-C-2720,c2311-C-2720,17.5,0.0,0.0,0.0,21,17.5,18.5,10,19.5,17.0,17.5,17.0,11.0,1920.0,222
2023-05-09 21:08:42,c2311-C-2720,c2311-C-2720,17.5,0.0,0.0,0.0,21,17.5,18.5,20,19.5,17.0,17.5,17.0,11.0,1920.0,222
2023-05-09 21:08:47,c2311-C-2720,c2311-C-2720,17.5,0.0,0.0,0.0,21,17.5,18.5,10,19.5,17.0,17.5,17.0,11.0,1920.0,222
2023-05-09 21:08:48,c2311-C-2720,c2311-C-2720,17.5,0.0,0.0,0.0,21,17.5,18.5,20,19.5,17.0,17.5,17.0,11.0,1920.0,222
2023-05-09 21:08:49,c2311-C-2720,c2311-C-2720,18.5,1.0,185.0,1.0,21,17.5,18.5,20,19.5,17.0,18.5,17.0,12.0,2105.0,223
2023-05-09 21:09:00,c2311-C-2720,c2311-C-2720,18.5,0.0,0.0,0.0,31,17.5,18.5,20,19.5,17.0,18.5,17.0,12.0,2105.0,223
2023-05-09 21:09:00,c2311-C-2720,c2311-C-2720,18.5,0.0,0.0,0.0,31,17.5,18.5,10,19.5,17.0,18.5,17.0,12.0,2105.0,223
2023-05-09 21:09:02,c2311-C-2720,c2311-C-2720,18.5,0.0,0.0,0.0,21,17.5,18.5,20,19.5,17.0,18.5,17.0,12.0,2105.0,223
2023-05-09 21:09:02,c2311-C-2720,c2311-C-2720,18.5,0.0,0.0,0.0,31,17.5,18.5,10,19.5,17.0,18.5,17.0,12.0,2105.0,223
2023-05-09 21:09:06,c2311-C-2720,c2311-C-2720,18.5,0.0,0.0,0.0,31,17.5,18.5,20,19.5,17.0,18.5,17.0,12.0,2105.0,223
2023-05-09 21:09:07,c2311-C-2720,c2311-C-2720,18.5,0.0,0.0,0.0,21,17.5,18.5,20,19.5,17.0,18.5,17.0,12.0,2105.0,223
2023-05-09 21:09:08,c2311-C-2720,c2311-C-2720,18.5,0.0,0.0,0.0,31,17.5,18.5,20,19.5,17.0,18.5,17.0,12.0,2105.0,223
2023-05-09 21:09:10,c2311-C-2720,c2311-C-2720,18.5,0.0,0.0,0.0,21,17.5,18.5,20,19.5,17.0,18.5,17.0,12.0,2105.0,223
2023-05-09 21:09:15,c2311-C-2720,c2311-C-2720,18.5,0.0,0.0,0.0,31,17.5,18.5,10,19.5,17.0,18.5,17.0,12.0,2105.0,223
2023-05-09 21:09:15,c2311-C-2720,c2311-C-2720,18.5,0.0,0.0,0.0,31,17.5,18.5,20,19.5,17.0,18.5,17.0,12.0,2105.0,223
2023-05-09 21:09:16,c2311-C-2720,c2311-C-2720,18.5,0.0,0.0,0.0,31,17.5,18.5,10,19.5,17.0,18.5,17.0,12.0,2105.0,223
2023-05-09 21:09:18,c2311-C-2720,c2311-C-2720,18.5,0.0,0.0,0.0,21,17.5,18.5,10,19.5,17.0,18.5,17.0,12.0,2105.0,223
2023-05-09 21:09:19,c2311-C-2720,c2311-C-2720,18.5,0.0,0.0,0.0,31,17.5,18.5,10,19.5,17.0,18.5,17.0,12.0,2105.0,223
2023-05-09 21:09:19,c2311-C-2720,c2311-C-2720,18.5,0.0,0.0,0.0,21,17.5,18.5,20,19.5,17.0,18.5,17.0,12.0,2105.0,223
2023-05-09 21:09:46,c2311-C-2720,c2311-C-2720,18.5,0.0,0.0,0.0,31,17.5,18.5,20,19.5,17.0,18.5,17.0,12.0,2105.0,223
2023-05-09 21:09:47,c2311-C-2720,c2311-C-2720,18.5,0.0,0.0,0.0,21,17.5,18.5,20,19.5,17.0,18.5,17.0,12.0,2105.0,223
2023-05-09 21:10:11,c2311-C-2720,c2311-C-2720,18.5,0.0,0.0,0.0,21,17.5,18.5,10,19.5,17.0,18.5,17.0,12.0,2105.0,223
2023-05-09 21:10:11,c2311-C-2720,c2311-C-2720,18.5,0.0,0.0,0.0,21,17.5,18.5,20,19.5,17.0,18.5,17.0,12.0,2105.0,223
2023-05-09 21:10:15,c2311-C-2720,c2311-C-2720,18.5,0.0,0.0,0.0,21,17.5,18.5,10,19.5,17.0,18.5,17.0,12.0,2105.0,223
2023-05-09 21:10:15,c2311-C-2720,c2311-C-2720,18.5,0.0,0.0,0.0,21,17.5,18.5,20,19.5,17.0,18.5,17.0,12.0,2105.0,223
2023-05-09 21:10:16,c2311-C-2720,c2311-C-2720,18.5,0.0,0.0,0.0,21,17.5,18.5,10,19.5,17.0,18.5,17.0,12.0,2105.0,223
2023-05-09 21:10:17,c2311-C-2720,c2311-C-2720,18.5,0.0,0.0,0.0,21,17.5,18.5,20,19.5,17.0,18.5,17.0,12.0,2105.0,223
2023-05-09 21:10:49,c2311-C-2720,c2311-C-2720,18.5,0.0,0.0,0.0,21,17.5,18.5,10,19.5,17.0,18.5,17.0,12.0,2105.0,223
2023-05-09 21:10:50,c2311-C-2720,c2311-C-2720,18.5,0.0,0.0,0.0,21,17.5,18.5,20,19.5,17.0,18.5,17.0,12.0,2105.0,223
2023-05-09 21:11:08,c2311-C-2720,c2311-C-2720,18.5,0.0,0.0,0.0,46,17.5,18.5,10,19.5,17.0,18.5,17.0,12.0,2105.0,223
2023-05-09 21:11:09,c2311-C-2720,c2311-C-2720,18.5,0.0,0.0,0.0,21,17.5,18.5,20,19.5,17.0,18.5,17.0,12.0,2105.0,223
2023-05-09 21:11:13,c2311-C-2720,c2311-C-2720,18.5,0.0,0.0,0.0,21,17.5,18.5,10,19.5,17.0,18.5,17.0,12.0,2105.0,223
2023-05-09 21:11:15,c2311-C-2720,c2311-C-2720,18.5,0.0,0.0,0.0,21,17.5,18.5,20,19.5,17.0,18.5,17.0,12.0,2105.0,223
2023-05-09 21:11:18,c2311-C-2720,c2311-C-2720,18.5,0.0,0.0,0.0,46,17.5,18.5,20,19.5,17.0,18.5,17.0,12.0,2105.0,223
2023-05-09 21:11:21,c2311-C-2720,c2311-C-2720,18.5,0.0,0.0,0.0,21,17.5,18.5,20,19.5,17.0,18.5,17.0,12.0,2105.0,223
2023-05-09 21:11:21,c2311-C-2720,c2311-C-2720,18.5,0.0,0.0,0.0,21,17.5,18.5,10,19.5,17.0,18.5,17.0,12.0,2105.0,223
2023-05-09 21:11:28,c2311-C-2720,c2311-C-2720,18.5,0.0,0.0,0.0,21,17.5,18.5,20,19.5,17.0,18.5,17.0,12.0,2105.0,223
2023-05-09 21:11:34,c2311-C-2720,c2311-C-2720,18.5,0.0,0.0,0.0,21,17.5,18.5,10,19.5,17.0,18.5,17.0,12.0,2105.0,223
2023-05-09 21:11:35,c2311-C-2720,c2311-C-2720,18.5,0.0,0.0,0.0,21,17.5,18.5,20,19.5,17.0,18.5,17.0,12.0,2105.0,223
2023-05-09 21:11:38,c2311-C-2720,c2311-C-2720,18.5,0.0,0.0,0.0,11,17.5,18.5,20,19.5,17.0,18.5,17.0,12.0,2105.0,223
2023-05-09 21:11:43,c2311-C-2720,c2311-C-2720,18.5,0.0,0.0,0.0,11,17.5,18.5,45,19.5,17.0,18.5,17.0,12.0,2105.0,223
2023-05-09 21:11:51,c2311-C-2720,c2311-C-2720,18.5,0.0,0.0,0.0,1,17.5,18.5,55,19.5,17.0,18.5,17.0,12.0,2105.0,223
2023-05-09 21:11:51,c2311-C-2720,c2311-C-2720,18.5,0.0,0.0,0.0,11,17.5,18.5,45,19.5,17.0,18.5,17.0,12.0,2105.0,223
2023-05-09 21:11:53,c2311-C-2720,c2311-C-2720,18.5,0.0,0.0,0.0,11,17.5,18.5,20,19.5,17.0,18.5,17.0,12.0,2105.0,223
2023-05-09 21:11:56,c2311-C-2720,c2311-C-2720,18.5,0.0,0.0,0.0,21,17.5,18.5,20,19.5,17.0,18.5,17.0,12.0,2105.0,223
2023-05-09 21:12:03,c2311-C-2720,c2311-C-2720,18.5,0.0,0.0,0.0,11,17.5,18.5,20,19.5,17.0,18.5,17.0,12.0,2105.0,223
2023-05-09 21:12:07,c2311-C-2720,c2311-C-2720,18.5,0.0,0.0,0.0,11,17.5,18.5,30,19.5,17.0,18.5,17.0,12.0,2105.0,223
2023-05-09 21:12:07,c2311-C-2720,c2311-C-2720,18.5,0.0,0.0,0.0,11,17.5,18.5,20,19.5,17.0,18.5,17.0,12.0,2105.0,223
2023-05-09 21:12:08,c2311-C-2720,c2311-C-2720,18.5,0.0,0.0,0.0,11,17.5,18.5,45,19.5,17.0,18.5,17.0,12.0,2105.0,223
2023-05-09 21:12:10,c2311-C-2720,c2311-C-2720,18.5,0.0,0.0,0.0,11,17.5,18.5,55,19.5,17.0,18.5,17.0,12.0,2105.0,223
2023-05-09 21:12:12,c2311-C-2720,c2311-C-2720,18.5,0.0,0.0,0.0,11,17.5,18.5,45,19.5,17.0,18.5,17.0,12.0,2105.0,223
2023-05-09 21:12:21,c2311-C-2720,c2311-C-2720,18.5,0.0,0.0,0.0,21,17.5,18.5,45,19.5,17.0,18.5,17.0,12.0,2105.0,223
2023-05-09 21:12:21,c2311-C-2720,c2311-C-2720,18.5,0.0,0.0,0.0,11,17.5,18.5,45,19.5,17.0,18.5,17.0,12.0,2105.0,223
2023-05-09 21:12:23,c2311-C-2720,c2311-C-2720,18.5,0.0,0.0,0.0,11,17.5,18.5,20,19.5,17.0,18.5,17.0,12.0,2105.0,223
2023-05-09 21:12:27,c2311-C-2720,c2311-C-2720,18.5,0.0,0.0,0.0,21,17.5,18.5,20,19.5,17.0,18.5,17.0,12.0,2105.0,223
2023-05-09 21:12:28,c2311-C-2720,c2311-C-2720,18.5,0.0,0.0,0.0,21,17.5,18.5,45,19.5,17.0,18.5,17.0,12.0,2105.0,223
2023-05-09 21:12:32,c2311-C-2720,c2311-C-2720,18.5,0.0,0.0,0.0,21,17.5,18.5,20,19.5,17.0,18.5,17.0,12.0,2105.0,223
2023-05-09 21:12:45,c2311-C-2720,c2311-C-2720,18.5,0.0,0.0,0.0,21,17.5,18.5,10,19.5,17.0,18.5,17.0,12.0,2105.0,223
2023-05-09 21:12:45,c2311-C-2720,c2311-C-2720,18.5,0.0,0.0,0.0,21,17.5,18.5,20,19.5,17.0,18.5,17.0,12.0,2105.0,223
2023-05-09 21:13:08,c2311-C-2720,c2311-C-2720,18.5,0.0,0.0,0.0,31,17.5,18.5,10,19.5,17.0,18.5,17.0,12.0,2105.0,223
2023-05-09 21:13:09,c2311-C-2720,c2311-C-2720,18.5,0.0,0.0,0.0,31,17.5,18.5,20,19.5,17.0,18.5,17.0,12.0,2105.0,223
2023-05-09 21:13:10,c2311-C-2720,c2311-C-2720,18.5,0.0,0.0,0.0,31,17.5,18.5,10,19.5,17.0,18.5,17.0,12.0,2105.0,223
2023-05-09 21:13:17,c2311-C-2720,c2311-C-2720,18.5,0.0,0.0,0.0,41,17.5,18.5,10,19.5,17.0,18.5,17.0,12.0,2105.0,223
2023-05-09 21:13:32,c2311-C-2720,c2311-C-2720,18.5,0.0,0.0,0.0,41,17.5,19.0,23,19.5,17.0,18.5,17.0,12.0,2105.0,223
2023-05-09 21:13:38,c2311-C-2720,c2311-C-2720,18.5,0.0,0.0,0.0,31,17.5,19.0,33,19.5,17.0,18.5,17.0,12.0,2105.0,223
2023-05-09 21:13:38,c2311-C-2720,c2311-C-2720,18.5,0.0,0.0,0.0,31,17.5,19.0,43,19.5,17.0,18.5,17.0,12.0,2105.0,223
2023-05-09 21:13:42,c2311-C-2720,c2311-C-2720,18.5,0.0,0.0,0.0,41,17.5,19.0,43,19.5,17.0,18.5,17.0,12.0,2105.0,223
2023-05-09 21:13:43,c2311-C-2720,c2311-C-2720,18.5,0.0,0.0,0.0,41,17.5,19.0,33,19.5,17.0,18.5,17.0,12.0,2105.0,223
2023-05-09 21:13:45,c2311-C-2720,c2311-C-2720,18.5,0.0,0.0,0.0,41,17.5,19.0,23,19.5,17.0,18.5,17.0,12.0,2105.0,223
2023-05-09 21:13:53,c2311-C-2720,c2311-C-2720,18.5,0.0,0.0,0.0,1,18.0,19.0,23,19.5,17.0,18.5,17.0,12.0,2105.0,223
2023-05-09 21:13:53,c2311-C-2720,c2311-C-2720,18.5,0.0,0.0,0.0,11,18.0,19.0,23,19.5,17.0,18.5,17.0,12.0,2105.0,223
2023-05-09 21:13:54,c2311-C-2720,c2311-C-2720,18.5,0.0,0.0,0.0,11,18.0,19.0,33,19.5,17.0,18.5,17.0,12.0,2105.0,223
2023-05-09 21:13:55,c2311-C-2720,c2311-C-2720,18.5,0.0,0.0,0.0,11,18.0,19.0,23,19.5,17.0,18.5,17.0,12.0,2105.0,223
2023-05-09 21:13:57,c2311-C-2720,c2311-C-2720,18.5,0.0,0.0,0.0,1,18.0,19.0,43,19.5,17.0,18.5,17.0,12.0,2105.0,223
2023-05-09 21:13:59,c2311-C-2720,c2311-C-2720,18.5,0.0,0.0,0.0,1,18.0,19.0,33,19.5,17.0,18.5,17.0,12.0,2105.0,223
2023-05-09 21:14:00,c2311-C-2720,c2311-C-2720,18.5,0.0,0.0,0.0,1,18.0,19.0,43,19.5,17.0,18.5,17.0,12.0,2105.0,223
2023-05-09 21:14:02,c2311-C-2720,c2311-C-2720,18.5,0.0,0.0,0.0,1,18.5,19.0,43,19.5,17.0,18.5,17.0,12.0,2105.0,223
2023-05-09 21:14:02,c2311-C-2720,c2311-C-2720,18.5,1.0,185.0,0.0,34,17.5,19.0,43,19.5,17.0,18.5,17.0,13.0,2290.0,223
2023-05-09 21:14:03,c2311-C-2720,c2311-C-2720,18.5,0.0,0.0,0.0,34,17.5,19.0,33,19.5,17.0,18.5,17.0,13.0,2290.0,223
2023-05-09 21:14:04,c2311-C-2720,c2311-C-2720,18.5,0.0,0.0,0.0,24,17.5,19.0,33,19.5,17.0,18.5,17.0,13.0,2290.0,223
2023-05-09 21:14:04,c2311-C-2720,c2311-C-2720,18.5,0.0,0.0,0.0,34,17.5,19.0,43,19.5,17.0,18.5,17.0,13.0,2290.0,223
2023-05-09 21:14:04,c2311-C-2720,c2311-C-2720,18.5,0.0,0.0,0.0,44,17.5,19.0,33,19.5,17.0,18.5,17.0,13.0,2290.0,223
2023-05-09 21:14:13,c2311-C-2720,c2311-C-2720,18.5,0.0,0.0,0.0,44,17.5,19.0,23,19.5,17.0,18.5,17.0,13.0,2290.0,223
2023-05-09 21:14:14,c2311-C-2720,c2311-C-2720,18.5,0.0,0.0,0.0,44,17.5,19.0,33,19.5,17.0,18.5,17.0,13.0,2290.0,223
2023-05-09 21:14:16,c2311-C-2720,c2311-C-2720,18.5,0.0,0.0,0.0,44,17.5,19.0,23,19.5,17.0,18.5,17.0,13.0,2290.0,223
2023-05-09 21:14:18,c2311-C-2720,c2311-C-2720,18.5,0.0,0.0,0.0,44,17.5,19.0,33,19.5,17.0,18.5,17.0,13.0,2290.0,223
2023-05-09 21:14:27,c2311-C-2720,c2311-C-2720,18.5,0.0,0.0,0.0,44,17.5,19.0,23,19.5,17.0,18.5,17.0,13.0,2290.0,223
2023-05-09 21:14:51,c2311-C-2720,c2311-C-2720,18.5,0.0,0.0,0.0,44,17.5,19.0,33,19.5,17.0,18.5,17.0,13.0,2290.0,223
2023-05-09 21:14:57,c2311-C-2720,c2311-C-2720,18.5,0.0,0.0,0.0,44,17.5,19.0,23,19.5,17.0,18.5,17.0,13.0,2290.0,223
2023-05-09 21:15:00,c2311-C-2720,c2311-C-2720,18.5,0.0,0.0,0.0,44,17.5,19.0,33,19.5,17.0,18.5,17.0,13.0,2290.0,223
2023-05-09 21:15:04,c2311-C-2720,c2311-C-2720,18.5,0.0,0.0,0.0,44,17.5,19.0,23,19.5,17.0,18.5,17.0,13.0,2290.0,223
2023-05-09 21:15:10,c2311-C-2720,c2311-C-2720,18.5,0.0,0.0,0.0,34,17.5,19.0,33,19.5,17.0,18.5,17.0,13.0,2290.0,223
2023-05-09 21:15:11,c2311-C-2720,c2311-C-2720,18.5,0.0,0.0,0.0,44,17.5,19.0,33,19.5,17.0,18.5,17.0,13.0,2290.0,223
2023-05-09 21:15:11,c2311-C-2720,c2311-C-2720,18.5,0.0,0.0,0.0,44,17.5,19.0,23,19.5,17.0,18.5,17.0,13.0,2290.0,223
2023-05-09 21:16:09,c2311-C-2720,c2311-C-2720,18.5,0.0,0.0,0.0,44,17.5,19.0,20,19.5,17.0,18.5,17.0,13.0,2290.0,223
2023-05-09 21:16:13,c2311-C-2720,c2311-C-2720,18.5,0.0,0.0,0.0,69,17.5,19.0,45,19.5,17.0,18.5,17.0,13.0,2290.0,223
2023-05-09 21:16:17,c2311-C-2720,c2311-C-2720,18.5,0.0,0.0,0.0,44,17.5,19.0,45,19.5,17.0,18.5,17.0,13.0,2290.0,223
2023-05-09 21:16:18,c2311-C-2720,c2311-C-2720,18.5,0.0,0.0,0.0,44,17.5,19.0,20,19.5,17.0,18.5,17.0,13.0,2290.0,223
2023-05-09 21:16:23,c2311-C-2720,c2311-C-2720,18.5,0.0,0.0,0.0,69,17.5,19.0,45,19.5,17.0,18.5,17.0,13.0,2290.0,223
2023-05-09 21:16:26,c2311-C-2720,c2311-C-2720,18.5,0.0,0.0,0.0,69,17.5,19.0,20,19.5,17.0,18.5,17.0,13.0,2290.0,223
2023-05-09 21:16:28,c2311-C-2720,c2311-C-2720,18.5,0.0,0.0,0.0,44,17.5,19.0,20,19.5,17.0,18.5,17.0,13.0,2290.0,223
2023-05-09 21:16:33,c2311-C-2720,c2311-C-2720,18.5,0.0,0.0,0.0,69,17.5,19.0,45,19.5,17.0,18.5,17.0,13.0,2290.0,223
2023-05-09 21:16:45,c2311-C-2720,c2311-C-2720,18.5,0.0,0.0,0.0,69,17.5,19.0,20,19.5,17.0,18.5,17.0,13.0,2290.0,223
2023-05-09 21:17:03,c2311-C-2720,c2311-C-2720,18.5,0.0,0.0,0.0,44,17.5,19.0,45,19.5,17.0,18.5,17.0,13.0,2290.0,223
2023-05-09 21:17:06,c2311-C-2720,c2311-C-2720,18.5,0.0,0.0,0.0,44,17.5,19.0,20,19.5,17.0,18.5,17.0,13.0,2290.0,223
2023-05-09 21:17:06,c2311-C-2720,c2311-C-2720,18.5,0.0,0.0,0.0,69,17.5,19.0,45,19.5,17.0,18.5,17.0,13.0,2290.0,223
2023-05-09 21:17:08,c2311-C-2720,c2311-C-2720,18.5,0.0,0.0,0.0,44,17.5,19.0,45,19.5,17.0,18.5,17.0,13.0,2290.0,223
2023-05-09 21:17:13,c2311-C-2720,c2311-C-2720,18.5,0.0,0.0,0.0,44,17.5,19.0,20,19.5,17.0,18.5,17.0,13.0,2290.0,223
2023-05-09 21:17:18,c2311-C-2720,c2311-C-2720,18.5,0.0,0.0,0.0,69,17.5,19.0,45,19.5,17.0,18.5,17.0,13.0,2290.0,223
2023-05-09 21:18:42,c2311-C-2720,c2311-C-2720,18.5,0.0,0.0,0.0,79,17.5,19.0,55,19.5,17.0,18.5,17.0,13.0,2290.0,223
2023-05-09 21:18:47,c2311-C-2720,c2311-C-2720,18.5,0.0,0.0,0.0,79,17.5,19.0,30,19.5,17.0,18.5,17.0,13.0,2290.0,223
2023-05-09 21:19:12,c2311-C-2720,c2311-C-2720,18.5,0.0,0.0,0.0,54,17.5,19.0,55,19.5,17.0,18.5,17.0,13.0,2290.0,223
2023-05-09 21:19:13,c2311-C-2720,c2311-C-2720,18.5,0.0,0.0,0.0,54,17.5,19.0,30,19.5,17.0,18.5,17.0,13.0,2290.0,223
2023-05-09 21:19:23,c2311-C-2720,c2311-C-2720,18.5,0.0,0.0,0.0,79,17.5,19.0,55,19.5,17.0,18.5,17.0,13.0,2290.0,223
2023-05-09 21:19:26,c2311-C-2720,c2311-C-2720,18.5,0.0,0.0,0.0,54,17.5,19.0,55,19.5,17.0,18.5,17.0,13.0,2290.0,223
2023-05-09 21:19:28,c2311-C-2720,c2311-C-2720,18.5,0.0,0.0,0.0,54,17.5,19.0,30,19.5,17.0,18.5,17.0,13.0,2290.0,223
2023-05-09 21:19:30,c2311-C-2720,c2311-C-2720,18.5,0.0,0.0,0.0,34,17.5,18.5,20,19.5,17.0,18.5,17.0,13.0,2290.0,223
2023-05-09 21:19:32,c2311-C-2720,c2311-C-2720,18.5,0.0,0.0,0.0,44,17.5,18.5,10,19.5,17.0,18.5,17.0,13.0,2290.0,223
2023-05-09 21:19:32,c2311-C-2720,c2311-C-2720,18.5,0.0,0.0,0.0,34,17.5,18.5,20,19.5,17.0,18.5,17.0,13.0,2290.0,223
2023-05-09 21:19:44,c2311-C-2720,c2311-C-2720,18.5,0.0,0.0,0.0,54,17.5,18.5,10,19.5,17.0,18.5,17.0,13.0,2290.0,223
2023-05-09 21:19:45,c2311-C-2720,c2311-C-2720,18.5,0.0,0.0,0.0,44,17.5,18.5,10,19.5,17.0,18.5,17.0,13.0,2290.0,223
2023-05-09 21:19:45,c2311-C-2720,c2311-C-2720,18.5,0.0,0.0,0.0,44,17.5,18.5,20,19.5,17.0,18.5,17.0,13.0,2290.0,223
2023-05-09 21:19:45,c2311-C-2720,c2311-C-2720,18.5,0.0,0.0,0.0,34,17.5,18.5,20,19.5,17.0,18.5,17.0,13.0,2290.0,223
2023-05-09 21:19:49,c2311-C-2720,c2311-C-2720,18.5,0.0,0.0,0.0,44,17.5,18.5,20,19.5,17.0,18.5,17.0,13.0,2290.0,223
2023-05-09 21:19:49,c2311-C-2720,c2311-C-2720,18.5,0.0,0.0,0.0,54,17.5,18.5,10,19.5,17.0,18.5,17.0,13.0,2290.0,223
2023-05-09 21:19:58,c2311-C-2720,c2311-C-2720,18.5,0.0,0.0,0.0,79,17.5,18.5,10,19.5,17.0,18.5,17.0,13.0,2290.0,223
2023-05-09 21:20:01,c2311-C-2720,c2311-C-2720,18.5,0.0,0.0,0.0,54,17.5,18.5,10,19.5,17.0,18.5,17.0,13.0,2290.0,223
2023-05-09 21:20:26,c2311-C-2720,c2311-C-2720,18.5,0.0,0.0,0.0,54,17.5,19.0,30,19.5,17.0,18.5,17.0,13.0,2290.0,223
2023-05-09 21:20:28,c2311-C-2720,c2311-C-2720,18.5,0.0,0.0,0.0,79,17.5,19.0,55,19.5,17.0,18.5,17.0,13.0,2290.0,223
2023-05-09 21:20:39,c2311-C-2720,c2311-C-2720,18.5,0.0,0.0,0.0,54,17.5,19.0,55,19.5,17.0,18.5,17.0,13.0,2290.0,223
2023-05-09 21:21:16,c2311-C-2720,c2311-C-2720,18.5,0.0,0.0,0.0,20,18.0,19.0,55,19.5,17.0,18.5,17.0,13.0,2290.0,223
2023-05-09 21:21:16,c2311-C-2720,c2311-C-2720,18.5,0.0,0.0,0.0,30,18.0,19.0,55,19.5,17.0,18.5,17.0,13.0,2290.0,223
2023-05-09 21:21:18,c2311-C-2720,c2311-C-2720,18.5,0.0,0.0,0.0,30,18.0,19.0,30,19.5,17.0,18.5,17.0,13.0,2290.0,223
2023-05-09 21:21:20,c2311-C-2720,c2311-C-2720,18.5,0.0,0.0,0.0,40,18.0,19.0,10,19.5,17.0,18.5,17.0,13.0,2290.0,223
2023-05-09 21:21:21,c2311-C-2720,c2311-C-2720,18.5,0.0,0.0,0.0,40,18.0,19.0,20,19.5,17.0,18.5,17.0,13.0,2290.0,223
2023-05-09 21:21:22,c2311-C-2720,c2311-C-2720,18.5,0.0,0.0,0.0,30,18.0,19.0,30,19.5,17.0,18.5,17.0,13.0,2290.0,223
2023-05-09 21:21:51,c2311-C-2720,c2311-C-2720,18.5,0.0,0.0,0.0,30,18.0,19.0,20,19.5,17.0,18.5,17.0,13.0,2290.0,223
2023-05-09 21:21:51,c2311-C-2720,c2311-C-2720,18.5,0.0,0.0,0.0,30,18.0,19.0,30,19.5,17.0,18.5,17.0,13.0,2290.0,223
2023-05-09 21:21:52,c2311-C-2720,c2311-C-2720,18.5,0.0,0.0,0.0,30,18.0,19.0,20,19.5,17.0,18.5,17.0,13.0,2290.0,223
2023-05-09 21:21:53,c2311-C-2720,c2311-C-2720,18.5,0.0,0.0,0.0,30,18.0,19.0,30,19.5,17.0,18.5,17.0,13.0,2290.0,223
2023-05-09 21:22:02,c2311-C-2720,c2311-C-2720,18.5,0.0,0.0,0.0,30,18.0,19.0,20,19.5,17.0,18.5,17.0,13.0,2290.0,223
2023-05-09 21:22:19,c2311-C-2720,c2311-C-2720,18.5,0.0,0.0,0.0,30,18.0,19.0,30,19.5,17.0,18.5,17.0,13.0,2290.0,223
2023-05-09 21:22:20,c2311-C-2720,c2311-C-2720,18.5,0.0,0.0,0.0,30,18.0,19.0,55,19.5,17.0,18.5,17.0,13.0,2290.0,223
2023-05-09 21:22:22,c2311-C-2720,c2311-C-2720,18.5,0.0,0.0,0.0,20,18.0,19.0,55,19.5,17.0,18.5,17.0,13.0,2290.0,223
2023-05-09 21:22:29,c2311-C-2720,c2311-C-2720,18.5,0.0,0.0,0.0,30,18.0,19.0,55,19.5,17.0,18.5,17.0,13.0,2290.0,223
2023-05-09 21:23:09,c2311-C-2720,c2311-C-2720,18.5,0.0,0.0,0.0,30,18.0,19.0,45,19.5,17.0,18.5,17.0,13.0,2290.0,223
2023-05-09 21:23:09,c2311-C-2720,c2311-C-2720,18.5,0.0,0.0,0.0,30,18.0,19.0,55,19.5,17.0,18.5,17.0,13.0,2290.0,223
2023-05-09 21:23:12,c2311-C-2720,c2311-C-2720,18.5,0.0,0.0,0.0,30,18.0,19.0,30,19.5,17.0,18.5,17.0,13.0,2290.0,223
2023-05-09 21:23:23,c2311-C-2720,c2311-C-2720,18.5,0.0,0.0,0.0,30,18.0,19.0,55,19.5,17.0,18.5,17.0,13.0,2290.0,223
2023-05-09 21:23:32,c2311-C-2720,c2311-C-2720,18.5,0.0,0.0,0.0,40,18.0,19.0,45,19.5,17.0,18.5,17.0,13.0,2290.0,223
2023-05-09 21:23:37,c2311-C-2720,c2311-C-2720,18.5,0.0,0.0,0.0,30,18.0,19.0,55,19.5,17.0,18.5,17.0,13.0,2290.0,223
2023-05-09 21:23:37,c2311-C-2720,c2311-C-2720,18.5,0.0,0.0,0.0,40,18.0,19.0,20,19.5,17.0,18.5,17.0,13.0,2290.0,223
2023-05-09 21:23:51,c2311-C-2720,c2311-C-2720,18.5,0.0,0.0,0.0,30,18.0,19.0,30,19.5,17.0,18.5,17.0,13.0,2290.0,223
2023-05-09 21:23:56,c2311-C-2720,c2311-C-2720,18.5,0.0,0.0,0.0,50,18.0,19.0,10,19.5,17.0,18.5,17.0,13.0,2290.0,223
2023-05-09 21:23:56,c2311-C-2720,c2311-C-2720,18.5,0.0,0.0,0.0,40,18.0,19.0,10,19.5,17.0,18.5,17.0,13.0,2290.0,223
2023-05-09 21:23:57,c2311-C-2720,c2311-C-2720,18.5,0.0,0.0,0.0,75,18.0,19.5,65,19.5,17.0,18.5,17.0,13.0,2290.0,223
2023-05-09 21:23:58,c2311-C-2720,c2311-C-2720,18.5,0.0,0.0,0.0,75,18.0,19.5,55,19.5,17.0,18.5,17.0,13.0,2290.0,223
2023-05-09 21:24:24,c2311-C-2720,c2311-C-2720,18.5,0.0,0.0,0.0,75,18.0,19.5,30,19.5,17.0,18.5,17.0,13.0,2290.0,223
2023-05-09 21:25:23,c2311-C-2720,c2311-C-2720,18.5,0.0,0.0,0.0,65,18.0,19.0,10,19.5,17.0,18.5,17.0,13.0,2290.0,223
2023-05-09 21:25:24,c2311-C-2720,c2311-C-2720,18.5,0.0,0.0,0.0,75,18.0,19.0,10,19.5,17.0,18.5,17.0,13.0,2290.0,223
2023-05-09 21:25:24,c2311-C-2720,c2311-C-2720,18.5,0.0,0.0,0.0,75,18.0,19.0,20,19.5,17.0,18.5,17.0,13.0,2290.0,223
2023-05-09 21:25:29,c2311-C-2720,c2311-C-2720,18.5,0.0,0.0,0.0,65,18.0,19.0,30,19.5,17.0,18.5,17.0,13.0,2290.0,223
2023-05-09 21:25:32,c2311-C-2720,c2311-C-2720,18.5,0.0,0.0,0.0,75,18.0,19.0,20,19.5,17.0,18.5,17.0,13.0,2290.0,223
2023-05-09 21:25:33,c2311-C-2720,c2311-C-2720,18.5,0.0,0.0,0.0,65,18.0,19.0,30,19.5,17.0,18.5,17.0,13.0,2290.0,223
2023-05-09 21:25:35,c2311-C-2720,c2311-C-2720,18.5,0.0,0.0,0.0,75,18.0,19.0,20,19.5,17.0,18.5,17.0,13.0,2290.0,223
2023-05-09 21:25:44,c2311-C-2720,c2311-C-2720,18.5,0.0,0.0,0.0,65,18.0,19.0,30,19.5,17.0,18.5,17.0,13.0,2290.0,223
2023-05-09 21:26:01,c2311-C-2720,c2311-C-2720,18.5,0.0,0.0,0.0,75,18.0,19.0,20,19.5,17.0,18.5,17.0,13.0,2290.0,223
2023-05-09 21:26:07,c2311-C-2720,c2311-C-2720,18.5,0.0,0.0,0.0,65,18.0,19.0,20,19.5,17.0,18.5,17.0,13.0,2290.0,223
2023-05-09 21:26:07,c2311-C-2720,c2311-C-2720,18.5,0.0,0.0,0.0,65,18.0,19.0,30,19.5,17.0,18.5,17.0,13.0,2290.0,223
2023-05-09 21:26:10,c2311-C-2720,c2311-C-2720,18.5,0.0,0.0,0.0,40,18.0,19.0,30,19.5,17.0,18.5,17.0,13.0,2290.0,223
2023-05-09 21:26:16,c2311-C-2720,c2311-C-2720,18.5,0.0,0.0,0.0,30,18.0,19.0,30,19.5,17.0,18.5,17.0,13.0,2290.0,223
2023-05-09 21:26:29,c2311-C-2720,c2311-C-2720,18.5,0.0,0.0,0.0,40,18.0,19.0,20,19.5,17.0,18.5,17.0,13.0,2290.0,223
2023-05-09 21:26:29,c2311-C-2720,c2311-C-2720,18.5,0.0,0.0,0.0,50,18.0,19.0,20,19.5,17.0,18.5,17.0,13.0,2290.0,223
2023-05-09 21:26:32,c2311-C-2720,c2311-C-2720,18.5,0.0,0.0,0.0,40,18.0,19.0,20,19.5,17.0,18.5,17.0,13.0,2290.0,223
2023-05-09 21:26:34,c2311-C-2720,c2311-C-2720,18.5,0.0,0.0,0.0,30,18.0,19.0,30,19.5,17.0,18.5,17.0,13.0,2290.0,223
2023-05-09 21:26:56,c2311-C-2720,c2311-C-2720,18.5,0.0,0.0,0.0,20,18.0,19.0,30,19.5,17.0,18.5,17.0,13.0,2290.0,223
2023-05-09 21:27:36,c2311-C-2720,c2311-C-2720,18.5,0.0,0.0,0.0,10,18.0,19.0,30,19.5,17.0,18.5,17.0,13.0,2290.0,223
2023-05-09 21:27:37,c2311-C-2720,c2311-C-2720,18.5,0.0,0.0,0.0,20,18.0,19.0,30,19.5,17.0,18.5,17.0,13.0,2290.0,223
2023-05-09 21:27:57,c2311-C-2720,c2311-C-2720,18.5,0.0,0.0,0.0,10,18.0,19.0,30,19.5,17.0,18.5,17.0,13.0,2290.0,223
2023-05-09 21:27:59,c2311-C-2720,c2311-C-2720,18.5,0.0,0.0,0.0,34,17.5,19.0,30,19.5,17.0,18.5,17.0,13.0,2290.0,223
2023-05-09 21:28:08,c2311-C-2720,c2311-C-2720,18.5,0.0,0.0,0.0,34,17.5,19.0,55,19.5,17.0,18.5,17.0,13.0,2290.0,223
2023-05-09 21:28:10,c2311-C-2720,c2311-C-2720,18.5,0.0,0.0,0.0,34,17.5,19.0,30,19.5,17.0,18.5,17.0,13.0,2290.0,223
2023-05-09 21:28:12,c2311-C-2720,c2311-C-2720,18.5,0.0,0.0,0.0,59,17.5,19.0,55,19.5,17.0,18.5,17.0,13.0,2290.0,223
2023-05-09 21:28:12,c2311-C-2720,c2311-C-2720,18.5,0.0,0.0,0.0,34,17.5,19.0,55,19.5,17.0,18.5,17.0,13.0,2290.0,223
2023-05-09 21:28:13,c2311-C-2720,c2311-C-2720,18.5,0.0,0.0,0.0,34,17.5,19.0,30,19.5,17.0,18.5,17.0,13.0,2290.0,223
2023-05-09 21:28:14,c2311-C-2720,c2311-C-2720,18.5,0.0,0.0,0.0,59,17.5,19.0,55,19.5,17.0,18.5,17.0,13.0,2290.0,223
2023-05-09 21:28:15,c2311-C-2720,c2311-C-2720,18.5,0.0,0.0,0.0,34,17.5,19.0,55,19.5,17.0,18.5,17.0,13.0,2290.0,223
2023-05-09 21:28:23,c2311-C-2720,c2311-C-2720,18.5,0.0,0.0,0.0,34,17.5,19.0,30,19.5,17.0,18.5,17.0,13.0,2290.0,223
2023-05-09 21:28:38,c2311-C-2720,c2311-C-2720,18.5,0.0,0.0,0.0,34,17.5,19.0,55,19.5,17.0,18.5,17.0,13.0,2290.0,223
2023-05-09 21:28:46,c2311-C-2720,c2311-C-2720,18.5,0.0,0.0,0.0,31,17.5,19.0,55,19.5,17.0,18.5,17.0,13.0,2290.0,223
2023-05-09 21:28:46,c2311-C-2720,c2311-C-2720,18.5,0.0,0.0,0.0,31,17.5,19.0,30,19.5,17.0,18.5,17.0,13.0,2290.0,223
2023-05-09 21:28:58,c2311-C-2720,c2311-C-2720,18.5,0.0,0.0,0.0,31,17.5,19.0,55,19.5,17.0,18.5,17.0,13.0,2290.0,223
2023-05-09 21:29:04,c2311-C-2720,c2311-C-2720,18.5,0.0,0.0,0.0,31,17.5,18.5,10,19.5,17.0,18.5,17.0,13.0,2290.0,223
2023-05-09 21:29:05,c2311-C-2720,c2311-C-2720,18.5,0.0,0.0,0.0,31,17.5,18.5,30,19.5,17.0,18.5,17.0,13.0,2290.0,223
2023-05-09 21:29:05,c2311-C-2720,c2311-C-2720,18.5,0.0,0.0,0.0,21,17.5,18.5,30,19.5,17.0,18.5,17.0,13.0,2290.0,223
2023-05-09 21:29:22,c2311-C-2720,c2311-C-2720,18.5,0.0,0.0,0.0,31,17.5,18.5,30,19.5,17.0,18.5,17.0,13.0,2290.0,223
2023-05-09 21:29:38,c2311-C-2720,c2311-C-2720,18.5,0.0,0.0,0.0,21,17.5,18.5,30,19.5,17.0,18.5,17.0,13.0,2290.0,223
2023-05-09 21:29:56,c2311-C-2720,c2311-C-2720,18.5,0.0,0.0,0.0,11,17.5,18.5,30,19.5,17.0,18.5,17.0,13.0,2290.0,223
2023-05-09 21:30:01,c2311-C-2720,c2311-C-2720,18.5,0.0,0.0,0.0,11,17.5,18.5,55,19.5,17.0,18.5,17.0,13.0,2290.0,223
2023-05-09 21:30:01,c2311-C-2720,c2311-C-2720,18.5,0.0,0.0,0.0,1,17.5,18.5,55,19.5,17.0,18.5,17.0,13.0,2290.0,223
2023-05-09 21:30:01,c2311-C-2720,c2311-C-2720,18.5,0.0,0.0,0.0,1,17.5,18.5,30,19.5,17.0,18.5,17.0,13.0,2290.0,223
2023-05-09 21:30:02,c2311-C-2720,c2311-C-2720,18.5,0.0,0.0,0.0,11,17.5,18.5,30,19.5,17.0,18.5,17.0,13.0,2290.0,223
2023-05-09 21:30:03,c2311-C-2720,c2311-C-2720,18.5,0.0,0.0,0.0,1,17.5,18.5,30,19.5,17.0,18.5,17.0,13.0,2290.0,223
2023-05-09 21:30:06,c2311-C-2720,c2311-C-2720,18.5,0.0,0.0,0.0,11,17.5,18.5,30,19.5,17.0,18.5,17.0,13.0,2290.0,223
2023-05-09 21:30:08,c2311-C-2720,c2311-C-2720,18.5,0.0,0.0,0.0,1,17.5,18.5,30,19.5,17.0,18.5,17.0,13.0,2290.0,223
2023-05-09 21:30:10,c2311-C-2720,c2311-C-2720,18.5,0.0,0.0,0.0,11,17.5,18.5,30,19.5,17.0,18.5,17.0,13.0,2290.0,223
2023-05-09 21:30:11,c2311-C-2720,c2311-C-2720,18.5,0.0,0.0,0.0,1,17.5,18.5,30,19.5,17.0,18.5,17.0,13.0,2290.0,223
2023-05-09 21:30:11,c2311-C-2720,c2311-C-2720,18.5,0.0,0.0,0.0,11,17.5,18.5,30,19.5,17.0,18.5,17.0,13.0,2290.0,223
2023-05-09 21:30:12,c2311-C-2720,c2311-C-2720,18.5,0.0,0.0,0.0,21,17.5,18.5,30,19.5,17.0,18.5,17.0,13.0,2290.0,223
2023-05-09 21:30:14,c2311-C-2720,c2311-C-2720,18.5,0.0,0.0,0.0,11,17.5,18.5,30,19.5,17.0,18.5,17.0,13.0,2290.0,223
2023-05-09 21:30:16,c2311-C-2720,c2311-C-2720,18.5,0.0,0.0,0.0,1,17.5,18.5,30,19.5,17.0,18.5,17.0,13.0,2290.0,223
2023-05-09 21:30:18,c2311-C-2720,c2311-C-2720,17.5,1.0,175.0,0.0,46,17.0,18.0,23,19.5,17.0,18.5,17.0,14.0,2465.0,223
2023-05-09 21:30:18,c2311-C-2720,c2311-C-2720,17.5,0.0,0.0,0.0,56,17.0,18.0,33,19.5,17.0,18.5,17.0,14.0,2465.0,223
2023-05-09 21:30:18,c2311-C-2720,c2311-C-2720,17.5,0.0,0.0,0.0,66,17.0,18.0,33,19.5,17.0,18.5,17.0,14.0,2465.0,223
2023-05-09 21:30:19,c2311-C-2720,c2311-C-2720,17.5,0.0,0.0,0.0,56,17.0,18.0,33,19.5,17.0,18.5,17.0,14.0,2465.0,223
2023-05-09 21:30:20,c2311-C-2720,c2311-C-2720,17.5,0.0,0.0,0.0,46,17.0,18.0,33,19.5,17.0,18.5,17.0,14.0,2465.0,223
2023-05-09 21:30:22,c2311-C-2720,c2311-C-2720,17.5,0.0,0.0,0.0,56,17.0,18.0,33,19.5,17.0,18.5,17.0,14.0,2465.0,223
2023-05-09 21:30:23,c2311-C-2720,c2311-C-2720,17.5,0.0,0.0,0.0,66,17.0,18.0,33,19.5,17.0,18.5,17.0,14.0,2465.0,223
2023-05-09 21:30:24,c2311-C-2720,c2311-C-2720,17.5,0.0,0.0,0.0,66,17.0,18.0,23,19.5,17.0,18.5,17.0,14.0,2465.0,223
2023-05-09 21:30:26,c2311-C-2720,c2311-C-2720,17.5,0.0,0.0,0.0,66,17.0,18.0,33,19.5,17.0,18.5,17.0,14.0,2465.0,223
2023-05-09 21:30:26,c2311-C-2720,c2311-C-2720,17.5,0.0,0.0,0.0,31,17.0,18.0,33,19.5,17.0,18.5,17.0,14.0,2465.0,223
2023-05-09 21:30:52,c2311-C-2720,c2311-C-2720,17.5,0.0,0.0,0.0,41,17.0,18.0,23,19.5,17.0,18.5,17.0,14.0,2465.0,223
2023-05-09 21:31:00,c2311-C-2720,c2311-C-2720,17.5,0.0,0.0,0.0,21,17.0,18.0,33,19.5,17.0,18.5,17.0,14.0,2465.0,223
2023-05-09 21:31:03,c2311-C-2720,c2311-C-2720,17.5,0.0,0.0,0.0,46,17.0,18.0,33,19.5,17.0,18.5,17.0,14.0,2465.0,223
2023-05-09 21:31:13,c2311-C-2720,c2311-C-2720,17.5,0.0,0.0,0.0,66,17.0,18.0,23,19.5,17.0,18.5,17.0,14.0,2465.0,223
2023-05-09 21:31:13,c2311-C-2720,c2311-C-2720,17.5,0.0,0.0,0.0,21,17.0,18.0,33,19.5,17.0,18.5,17.0,14.0,2465.0,223
2023-05-09 21:31:14,c2311-C-2720,c2311-C-2720,17.5,0.0,0.0,0.0,31,17.0,18.0,33,19.5,17.0,18.5,17.0,14.0,2465.0,223
2023-05-09 21:31:14,c2311-C-2720,c2311-C-2720,17.5,0.0,0.0,0.0,21,17.0,18.0,33,19.5,17.0,18.5,17.0,14.0,2465.0,223
2023-05-09 21:31:25,c2311-C-2720,c2311-C-2720,17.5,0.0,0.0,0.0,31,17.0,18.0,33,19.5,17.0,18.5,17.0,14.0,2465.0,223
2023-05-09 21:31:25,c2311-C-2720,c2311-C-2720,17.5,0.0,0.0,0.0,21,17.0,18.0,33,19.5,17.0,18.5,17.0,14.0,2465.0,223
2023-05-09 21:31:33,c2311-C-2720,c2311-C-2720,17.5,0.0,0.0,0.0,31,17.0,18.0,33,19.5,17.0,18.5,17.0,14.0,2465.0,223
2023-05-09 21:31:33,c2311-C-2720,c2311-C-2720,17.5,0.0,0.0,0.0,41,17.0,18.0,23,19.5,17.0,18.5,17.0,14.0,2465.0,223
2023-05-09 21:31:38,c2311-C-2720,c2311-C-2720,17.5,0.0,0.0,0.0,66,17.0,18.0,23,19.5,17.0,18.5,17.0,14.0,2465.0,223
2023-05-09 21:31:42,c2311-C-2720,c2311-C-2720,17.5,0.0,0.0,0.0,66,17.0,18.0,33,19.5,17.0,18.5,17.0,14.0,2465.0,223
2023-05-09 21:31:44,c2311-C-2720,c2311-C-2720,17.5,0.0,0.0,0.0,46,17.0,18.0,33,19.5,17.0,18.5,17.0,14.0,2465.0,223
2023-05-09 21:31:54,c2311-C-2720,c2311-C-2720,17.5,0.0,0.0,0.0,56,17.0,18.0,33,19.5,17.0,18.5,17.0,14.0,2465.0,223
2023-05-09 21:31:56,c2311-C-2720,c2311-C-2720,17.5,0.0,0.0,0.0,56,17.0,18.0,23,19.5,17.0,18.5,17.0,14.0,2465.0,223
2023-05-09 21:32:11,c2311-C-2720,c2311-C-2720,17.5,0.0,0.0,0.0,66,17.0,18.0,23,19.5,17.0,18.5,17.0,14.0,2465.0,223
2023-05-09 21:32:13,c2311-C-2720,c2311-C-2720,17.5,0.0,0.0,0.0,76,17.0,18.0,23,19.5,17.0,18.5,17.0,14.0,2465.0,223
2023-05-09 21:32:43,c2311-C-2720,c2311-C-2720,17.5,0.0,0.0,0.0,66,17.0,18.0,23,19.5,17.0,18.5,17.0,14.0,2465.0,223
2023-05-09 21:32:48,c2311-C-2720,c2311-C-2720,17.5,0.0,0.0,0.0,76,17.0,18.0,23,19.5,17.0,18.5,17.0,14.0,2465.0,223
2023-05-09 21:33:00,c2311-C-2720,c2311-C-2720,17.5,0.0,0.0,0.0,66,17.0,18.0,23,19.5,17.0,18.5,17.0,14.0,2465.0,223
2023-05-09 21:33:02,c2311-C-2720,c2311-C-2720,17.5,0.0,0.0,0.0,76,17.0,18.0,23,19.5,17.0,18.5,17.0,14.0,2465.0,223
2023-05-09 21:33:03,c2311-C-2720,c2311-C-2720,17.5,0.0,0.0,0.0,76,17.0,18.0,33,19.5,17.0,18.5,17.0,14.0,2465.0,223
2023-05-09 21:33:03,c2311-C-2720,c2311-C-2720,17.5,0.0,0.0,0.0,66,17.0,18.0,33,19.5,17.0,18.5,17.0,14.0,2465.0,223
2023-05-09 21:33:04,c2311-C-2720,c2311-C-2720,17.5,0.0,0.0,0.0,66,17.0,18.0,23,19.5,17.0,18.5,17.0,14.0,2465.0,223
2023-05-09 21:33:04,c2311-C-2720,c2311-C-2720,17.5,0.0,0.0,0.0,76,17.0,18.0,23,19.5,17.0,18.5,17.0,14.0,2465.0,223
2023-05-09 21:33:17,c2311-C-2720,c2311-C-2720,17.5,0.0,0.0,0.0,66,17.0,18.0,23,19.5,17.0,18.5,17.0,14.0,2465.0,223
2023-05-09 21:33:29,c2311-C-2720,c2311-C-2720,17.5,0.0,0.0,0.0,76,17.0,18.0,23,19.5,17.0,18.5,17.0,14.0,2465.0,223
2023-05-09 21:33:33,c2311-C-2720,c2311-C-2720,17.5,0.0,0.0,0.0,66,17.0,18.0,23,19.5,17.0,18.5,17.0,14.0,2465.0,223
2023-05-09 21:34:01,c2311-C-2720,c2311-C-2720,17.5,0.0,0.0,0.0,76,17.0,18.0,23,19.5,17.0,18.5,17.0,14.0,2465.0,223
2023-05-09 21:34:04,c2311-C-2720,c2311-C-2720,17.5,0.0,0.0,0.0,76,17.0,18.0,13,19.5,17.0,18.5,17.0,14.0,2465.0,223
2023-05-09 21:34:06,c2311-C-2720,c2311-C-2720,17.5,0.0,0.0,0.0,76,17.0,18.0,23,19.5,17.0,18.5,17.0,14.0,2465.0,223
2023-05-09 21:34:08,c2311-C-2720,c2311-C-2720,17.5,0.0,0.0,0.0,76,17.0,18.0,13,19.5,17.0,18.5,17.0,14.0,2465.0,223
2023-05-09 21:34:10,c2311-C-2720,c2311-C-2720,17.5,0.0,0.0,0.0,76,17.0,18.0,23,19.5,17.0,18.5,17.0,14.0,2465.0,223
2023-05-09 21:34:12,c2311-C-2720,c2311-C-2720,18.0,1.0,180.0,0.0,76,17.0,18.0,12,19.5,17.0,18.5,17.0,15.0,2645.0,223
2023-05-09 21:35:46,c2311-C-2720,c2311-C-2720,18.0,0.0,0.0,0.0,56,17.0,18.0,32,19.5,17.0,18.5,17.0,15.0,2645.0,223
2023-05-09 21:35:46,c2311-C-2720,c2311-C-2720,18.0,0.0,0.0,0.0,56,17.0,18.0,22,19.5,17.0,18.5,17.0,15.0,2645.0,223
2023-05-09 21:35:47,c2311-C-2720,c2311-C-2720,18.0,0.0,0.0,0.0,56,17.0,18.0,12,19.5,17.0,18.5,17.0,15.0,2645.0,223
2023-05-09 21:35:48,c2311-C-2720,c2311-C-2720,18.0,0.0,0.0,0.0,56,17.0,18.0,22,19.5,17.0,18.5,17.0,15.0,2645.0,223
2023-05-09 21:35:50,c2311-C-2720,c2311-C-2720,18.0,0.0,0.0,0.0,56,17.0,18.0,32,19.5,17.0,18.5,17.0,15.0,2645.0,223
2023-05-09 21:35:51,c2311-C-2720,c2311-C-2720,18.0,0.0,0.0,0.0,21,17.0,18.0,32,19.5,17.0,18.5,17.0,15.0,2645.0,223
2023-05-09 21:35:58,c2311-C-2720,c2311-C-2720,18.0,0.0,0.0,0.0,46,17.0,18.0,32,19.5,17.0,18.5,17.0,15.0,2645.0,223
2023-05-09 21:36:04,c2311-C-2720,c2311-C-2720,18.0,0.0,0.0,0.0,56,17.0,18.0,32,19.5,17.0,18.5,17.0,15.0,2645.0,223
2023-05-09 21:36:06,c2311-C-2720,c2311-C-2720,18.0,0.0,0.0,0.0,56,17.0,18.0,22,19.5,17.0,18.5,17.0,15.0,2645.0,223
2023-05-09 21:36:06,c2311-C-2720,c2311-C-2720,18.0,0.0,0.0,0.0,56,17.0,18.0,32,19.5,17.0,18.5,17.0,15.0,2645.0,223
2023-05-09 21:36:07,c2311-C-2720,c2311-C-2720,18.0,0.0,0.0,0.0,31,17.0,18.0,32,19.5,17.0,18.5,17.0,15.0,2645.0,223
2023-05-09 21:36:08,c2311-C-2720,c2311-C-2720,18.0,0.0,0.0,0.0,21,17.0,18.0,32,19.5,17.0,18.5,17.0,15.0,2645.0,223
2023-05-09 21:36:13,c2311-C-2720,c2311-C-2720,18.0,0.0,0.0,0.0,46,17.0,18.0,32,19.5,17.0,18.5,17.0,15.0,2645.0,223
2023-05-09 21:36:13,c2311-C-2720,c2311-C-2720,18.0,0.0,0.0,0.0,21,17.0,18.0,32,19.5,17.0,18.5,17.0,15.0,2645.0,223
2023-05-09 21:36:29,c2311-C-2720,c2311-C-2720,18.0,0.0,0.0,0.0,31,17.0,18.0,32,19.5,17.0,18.5,17.0,15.0,2645.0,223
2023-05-09 21:36:30,c2311-C-2720,c2311-C-2720,18.0,0.0,0.0,0.0,21,17.0,18.0,32,19.5,17.0,18.5,17.0,15.0,2645.0,223
2023-05-09 21:37:39,c2311-C-2720,c2311-C-2720,18.0,0.0,0.0,0.0,11,17.0,18.0,32,19.5,17.0,18.5,17.0,15.0,2645.0,223
2023-05-09 21:37:42,c2311-C-2720,c2311-C-2720,17.0,11.0,1870.0,1.0,56,16.5,17.5,13,19.5,17.0,18.5,17.0,26.0,4515.0,224
2023-05-09 21:37:43,c2311-C-2720,c2311-C-2720,17.0,0.0,0.0,0.0,46,16.5,17.5,23,19.5,17.0,18.5,17.0,26.0,4515.0,224
2023-05-09 21:37:45,c2311-C-2720,c2311-C-2720,17.0,0.0,0.0,0.0,31,16.5,17.5,13,19.5,17.0,18.5,17.0,26.0,4515.0,224
2023-05-09 21:37:45,c2311-C-2720,c2311-C-2720,17.0,0.0,0.0,0.0,21,16.5,17.5,23,19.5,17.0,18.5,17.0,26.0,4515.0,224
2023-05-09 21:37:47,c2311-C-2720,c2311-C-2720,17.0,0.0,0.0,0.0,31,16.5,17.5,23,19.5,17.0,18.5,17.0,26.0,4515.0,224
2023-05-09 21:37:49,c2311-C-2720,c2311-C-2720,17.0,0.0,0.0,0.0,21,16.5,17.5,23,19.5,17.0,18.5,17.0,26.0,4515.0,224
2023-05-09 21:37:52,c2311-C-2720,c2311-C-2720,17.0,0.0,0.0,0.0,11,16.5,17.5,23,19.5,17.0,18.5,17.0,26.0,4515.0,224
2023-05-09 21:37:53,c2311-C-2720,c2311-C-2720,17.0,0.0,0.0,0.0,21,16.5,17.5,23,19.5,17.0,18.5,17.0,26.0,4515.0,224
2023-05-09 21:37:53,c2311-C-2720,c2311-C-2720,17.0,0.0,0.0,0.0,11,16.5,17.5,23,19.5,17.0,18.5,17.0,26.0,4515.0,224
2023-05-09 21:38:12,c2311-C-2720,c2311-C-2720,17.0,0.0,0.0,0.0,1,16.5,17.5,23,19.5,17.0,18.5,17.0,26.0,4515.0,224
2023-05-09 21:38:12,c2311-C-2720,c2311-C-2720,17.0,0.0,0.0,0.0,11,16.5,17.5,23,19.5,17.0,18.5,17.0,26.0,4515.0,224
2023-05-09 21:38:15,c2311-C-2720,c2311-C-2720,17.0,0.0,0.0,0.0,21,16.5,17.5,23,19.5,17.0,18.5,17.0,26.0,4515.0,224
2023-05-09 21:38:15,c2311-C-2720,c2311-C-2720,17.0,0.0,0.0,0.0,11,16.5,17.5,23,19.5,17.0,18.5,17.0,26.0,4515.0,224
2023-05-09 21:39:19,c2311-C-2720,c2311-C-2720,17.0,0.0,0.0,0.0,21,16.5,17.5,33,19.5,17.0,18.5,17.0,26.0,4515.0,224
2023-05-09 21:39:30,c2311-C-2720,c2311-C-2720,17.0,0.0,0.0,0.0,21,16.5,17.5,23,19.5,17.0,18.5,17.0,26.0,4515.0,224
2023-05-09 21:39:30,c2311-C-2720,c2311-C-2720,17.0,0.0,0.0,0.0,21,16.5,17.5,33,19.5,17.0,18.5,17.0,26.0,4515.0,224
2023-05-09 21:39:50,c2311-C-2720,c2311-C-2720,17.0,0.0,0.0,0.0,11,16.5,17.5,33,19.5,17.0,18.5,17.0,26.0,4515.0,224
2023-05-09 21:39:51,c2311-C-2720,c2311-C-2720,17.0,0.0,0.0,0.0,21,16.5,17.5,33,19.5,17.0,18.5,17.0,26.0,4515.0,224
2023-05-09 21:41:28,c2311-C-2720,c2311-C-2720,17.0,0.0,0.0,0.0,46,16.5,17.5,58,19.5,17.0,18.5,17.0,26.0,4515.0,224
2023-05-09 21:41:29,c2311-C-2720,c2311-C-2720,17.0,0.0,0.0,0.0,21,16.5,17.5,58,19.5,17.0,18.5,17.0,26.0,4515.0,224
2023-05-09 21:41:29,c2311-C-2720,c2311-C-2720,17.0,0.0,0.0,0.0,21,16.5,17.5,33,19.5,17.0,18.5,17.0,26.0,4515.0,224
2023-05-09 21:41:40,c2311-C-2720,c2311-C-2720,17.0,0.0,0.0,0.0,11,16.5,17.5,33,19.5,17.0,18.5,17.0,26.0,4515.0,224
2023-05-09 21:41:58,c2311-C-2720,c2311-C-2720,17.0,0.0,0.0,0.0,11,16.5,17.0,10,19.5,17.0,18.5,17.0,26.0,4515.0,224
2023-05-09 21:42:05,c2311-C-2720,c2311-C-2720,17.0,0.0,0.0,0.0,11,16.5,17.0,20,19.5,17.0,18.5,17.0,26.0,4515.0,224
2023-05-09 21:42:08,c2311-C-2720,c2311-C-2720,17.0,0.0,0.0,0.0,11,16.5,17.0,10,19.5,17.0,18.5,17.0,26.0,4515.0,224
2023-05-09 21:42:14,c2311-C-2720,c2311-C-2720,16.5,11.0,1815.0,1.0,30,16.0,17.0,13,19.5,17.0,18.5,16.5,37.0,6330.0,225
2023-05-09 21:42:15,c2311-C-2720,c2311-C-2720,16.5,0.0,0.0,0.0,30,16.0,17.0,23,19.5,17.0,18.5,16.5,37.0,6330.0,225
2023-05-09 21:42:16,c2311-C-2720,c2311-C-2720,16.5,0.0,0.0,0.0,20,16.0,17.0,23,19.5,17.0,18.5,16.5,37.0,6330.0,225
2023-05-09 21:42:16,c2311-C-2720,c2311-C-2720,16.5,0.0,0.0,0.0,10,16.0,17.0,23,19.5,17.0,18.5,16.5,37.0,6330.0,225
2023-05-09 21:42:18,c2311-C-2720,c2311-C-2720,16.5,0.0,0.0,0.0,30,16.0,17.0,23,19.5,17.0,18.5,16.5,37.0,6330.0,225
2023-05-09 21:42:22,c2311-C-2720,c2311-C-2720,16.5,0.0,0.0,0.0,40,16.0,17.0,23,19.5,17.0,18.5,16.5,37.0,6330.0,225
2023-05-09 21:42:22,c2311-C-2720,c2311-C-2720,16.5,0.0,0.0,0.0,30,16.0,17.0,23,19.5,17.0,18.5,16.5,37.0,6330.0,225
2023-05-09 21:42:23,c2311-C-2720,c2311-C-2720,16.5,0.0,0.0,0.0,40,16.0,17.0,23,19.5,17.0,18.5,16.5,37.0,6330.0,225
2023-05-09 21:42:29,c2311-C-2720,c2311-C-2720,16.5,0.0,0.0,0.0,40,16.0,17.0,13,19.5,17.0,18.5,16.5,37.0,6330.0,225
2023-05-09 21:42:30,c2311-C-2720,c2311-C-2720,16.5,0.0,0.0,0.0,40,16.0,17.0,23,19.5,17.0,18.5,16.5,37.0,6330.0,225
2023-05-09 21:42:37,c2311-C-2720,c2311-C-2720,16.5,0.0,0.0,0.0,30,16.0,17.0,23,19.5,17.0,18.5,16.5,37.0,6330.0,225
2023-05-09 21:42:37,c2311-C-2720,c2311-C-2720,16.5,0.0,0.0,0.0,40,16.0,17.0,23,19.5,17.0,18.5,16.5,37.0,6330.0,225
2023-05-09 21:42:38,c2311-C-2720,c2311-C-2720,16.5,0.0,0.0,0.0,65,16.0,17.0,23,19.5,17.0,18.5,16.5,37.0,6330.0,225
2023-05-09 21:42:38,c2311-C-2720,c2311-C-2720,16.5,0.0,0.0,0.0,65,16.0,17.0,13,19.5,17.0,18.5,16.5,37.0,6330.0,225
2023-05-09 21:42:45,c2311-C-2720,c2311-C-2720,16.5,0.0,0.0,0.0,75,16.0,17.0,10,19.5,17.0,18.5,16.5,37.0,6330.0,225
2023-05-09 21:44:10,c2311-C-2720,c2311-C-2720,16.5,0.0,0.0,0.0,50,16.0,17.0,35,19.5,17.0,18.5,16.5,37.0,6330.0,225
2023-05-09 21:44:22,c2311-C-2720,c2311-C-2720,16.5,0.0,0.0,0.0,50,16.0,17.0,45,19.5,17.0,18.5,16.5,37.0,6330.0,225
2023-05-09 21:44:22,c2311-C-2720,c2311-C-2720,16.5,0.0,0.0,0.0,50,16.0,17.0,35,19.5,17.0,18.5,16.5,37.0,6330.0,225
2023-05-09 21:44:24,c2311-C-2720,c2311-C-2720,16.5,0.0,0.0,0.0,50,16.0,17.0,10,19.5,17.0,18.5,16.5,37.0,6330.0,225
2023-05-09 21:44:58,c2311-C-2720,c2311-C-2720,16.5,0.0,0.0,0.0,30,16.0,17.0,20,19.5,17.0,18.5,16.5,37.0,6330.0,225
2023-05-09 21:44:59,c2311-C-2720,c2311-C-2720,16.5,0.0,0.0,0.0,40,16.0,17.0,20,19.5,17.0,18.5,16.5,37.0,6330.0,225
2023-05-09 21:45:07,c2311-C-2720,c2311-C-2720,16.5,0.0,0.0,0.0,20,16.0,17.0,20,19.5,17.0,18.5,16.5,37.0,6330.0,225
2023-05-09 21:45:07,c2311-C-2720,c2311-C-2720,16.5,0.0,0.0,0.0,20,16.0,17.0,45,19.5,17.0,18.5,16.5,37.0,6330.0,225
2023-05-09 21:45:21,c2311-C-2720,c2311-C-2720,16.5,0.0,0.0,0.0,20,16.0,17.0,55,19.5,17.0,18.5,16.5,37.0,6330.0,225
2023-05-09 21:45:57,c2311-C-2720,c2311-C-2720,16.5,0.0,0.0,0.0,30,16.0,17.0,55,19.5,17.0,18.5,16.5,37.0,6330.0,225
2023-05-09 21:45:57,c2311-C-2720,c2311-C-2720,16.5,0.0,0.0,0.0,50,16.0,17.0,45,19.5,17.0,18.5,16.5,37.0,6330.0,225
2023-05-09 21:45:58,c2311-C-2720,c2311-C-2720,16.5,0.0,0.0,0.0,20,16.0,17.0,45,19.5,17.0,18.5,16.5,37.0,6330.0,225
2023-05-09 21:45:58,c2311-C-2720,c2311-C-2720,16.5,0.0,0.0,0.0,20,16.0,17.0,35,19.5,17.0,18.5,16.5,37.0,6330.0,225
2023-05-09 21:45:59,c2311-C-2720,c2311-C-2720,16.5,0.0,0.0,0.0,20,16.0,17.0,45,19.5,17.0,18.5,16.5,37.0,6330.0,225
2023-05-09 21:46:06,c2311-C-2720,c2311-C-2720,16.5,0.0,0.0,0.0,20,16.0,17.0,55,19.5,17.0,18.5,16.5,37.0,6330.0,225
2023-05-09 21:46:25,c2311-C-2720,c2311-C-2720,16.5,0.0,0.0,0.0,10,16.0,17.0,55,19.5,17.0,18.5,16.5,37.0,6330.0,225
2023-05-09 21:46:59,c2311-C-2720,c2311-C-2720,16.5,0.0,0.0,0.0,20,16.0,17.0,55,19.5,17.0,18.5,16.5,37.0,6330.0,225
2023-05-09 21:47:03,c2311-C-2720,c2311-C-2720,16.5,0.0,0.0,0.0,10,16.0,17.0,55,19.5,17.0,18.5,16.5,37.0,6330.0,225
2023-05-09 21:47:10,c2311-C-2720,c2311-C-2720,16.5,0.0,0.0,0.0,20,16.0,17.0,55,19.5,17.0,18.5,16.5,37.0,6330.0,225
2023-05-09 21:47:58,c2311-C-2720,c2311-C-2720,16.5,0.0,0.0,0.0,30,16.0,17.0,45,19.5,17.0,18.5,16.5,37.0,6330.0,225
2023-05-09 21:47:58,c2311-C-2720,c2311-C-2720,16.5,0.0,0.0,0.0,40,16.0,17.0,45,19.5,17.0,18.5,16.5,37.0,6330.0,225
2023-05-09 21:48:00,c2311-C-2720,c2311-C-2720,16.5,0.0,0.0,0.0,50,16.0,17.0,35,19.5,17.0,18.5,16.5,37.0,6330.0,225
2023-05-09 21:48:00,c2311-C-2720,c2311-C-2720,16.5,0.0,0.0,0.0,40,16.0,17.0,45,19.5,17.0,18.5,16.5,37.0,6330.0,225
2023-05-09 21:48:13,c2311-C-2720,c2311-C-2720,16.5,0.0,0.0,0.0,50,16.0,17.0,10,19.5,17.0,18.5,16.5,37.0,6330.0,225
2023-05-09 21:48:23,c2311-C-2720,c2311-C-2720,16.5,0.0,0.0,0.0,50,16.0,17.0,35,19.5,17.0,18.5,16.5,37.0,6330.0,225
2023-05-09 21:48:33,c2311-C-2720,c2311-C-2720,16.5,0.0,0.0,0.0,50,16.0,17.0,45,19.5,17.0,18.5,16.5,37.0,6330.0,225
2023-05-09 21:48:34,c2311-C-2720,c2311-C-2720,16.5,0.0,0.0,0.0,50,16.0,17.0,35,19.5,17.0,18.5,16.5,37.0,6330.0,225
2023-05-09 21:48:45,c2311-C-2720,c2311-C-2720,16.5,0.0,0.0,0.0,40,16.0,17.0,45,19.5,17.0,18.5,16.5,37.0,6330.0,225
2023-05-09 21:48:52,c2311-C-2720,c2311-C-2720,16.5,0.0,0.0,0.0,50,16.0,17.0,45,19.5,17.0,18.5,16.5,37.0,6330.0,225
2023-05-09 21:48:53,c2311-C-2720,c2311-C-2720,16.5,0.0,0.0,0.0,50,16.0,17.0,35,19.5,17.0,18.5,16.5,37.0,6330.0,225
2023-05-09 21:48:55,c2311-C-2720,c2311-C-2720,16.5,0.0,0.0,0.0,50,16.0,17.0,45,19.5,17.0,18.5,16.5,37.0,6330.0,225
2023-05-09 21:49:10,c2311-C-2720,c2311-C-2720,16.5,0.0,0.0,0.0,50,16.0,17.0,35,19.5,17.0,18.5,16.5,37.0,6330.0,225
2023-05-09 21:49:13,c2311-C-2720,c2311-C-2720,16.5,0.0,0.0,0.0,50,16.0,17.0,45,19.5,17.0,18.5,16.5,37.0,6330.0,225
2023-05-09 21:49:25,c2311-C-2720,c2311-C-2720,16.5,0.0,0.0,0.0,50,16.0,17.0,35,19.5,17.0,18.5,16.5,37.0,6330.0,225
2023-05-09 21:49:26,c2311-C-2720,c2311-C-2720,16.5,0.0,0.0,0.0,50,16.0,17.0,10,19.5,17.0,18.5,16.5,37.0,6330.0,225
2023-05-09 21:49:33,c2311-C-2720,c2311-C-2720,16.5,0.0,0.0,0.0,50,16.0,17.0,35,19.5,17.0,18.5,16.5,37.0,6330.0,225
2023-05-09 21:49:38,c2311-C-2720,c2311-C-2720,16.5,0.0,0.0,0.0,50,16.0,17.0,10,19.5,17.0,18.5,16.5,37.0,6330.0,225
2023-05-09 21:49:48,c2311-C-2720,c2311-C-2720,16.5,0.0,0.0,0.0,50,16.0,17.0,35,19.5,17.0,18.5,16.5,37.0,6330.0,225
2023-05-09 21:49:50,c2311-C-2720,c2311-C-2720,16.5,0.0,0.0,0.0,50,16.0,17.0,10,19.5,17.0,18.5,16.5,37.0,6330.0,225
2023-05-09 21:49:58,c2311-C-2720,c2311-C-2720,16.5,0.0,0.0,0.0,50,16.0,17.0,35,19.5,17.0,18.5,16.5,37.0,6330.0,225
2023-05-09 21:50:09,c2311-C-2720,c2311-C-2720,16.5,0.0,0.0,0.0,40,16.0,17.0,35,19.5,17.0,18.5,16.5,37.0,6330.0,225
2023-05-09 21:50:15,c2311-C-2720,c2311-C-2720,16.5,0.0,0.0,0.0,40,16.0,17.0,10,19.5,17.0,18.5,16.5,37.0,6330.0,225
2023-05-09 21:50:24,c2311-C-2720,c2311-C-2720,16.5,0.0,0.0,0.0,40,16.0,17.0,35,19.5,17.0,18.5,16.5,37.0,6330.0,225
2023-05-09 21:50:25,c2311-C-2720,c2311-C-2720,16.5,0.0,0.0,0.0,10,16.5,17.0,35,19.5,17.0,18.5,16.5,37.0,6330.0,225
2023-05-09 21:50:25,c2311-C-2720,c2311-C-2720,16.5,0.0,0.0,0.0,20,16.5,17.0,35,19.5,17.0,18.5,16.5,37.0,6330.0,225
2023-05-09 21:50:37,c2311-C-2720,c2311-C-2720,16.5,0.0,0.0,0.0,20,16.5,17.0,10,19.5,17.0,18.5,16.5,37.0,6330.0,225
2023-05-09 21:50:48,c2311-C-2720,c2311-C-2720,16.5,0.0,0.0,0.0,10,16.5,17.0,10,19.5,17.0,18.5,16.5,37.0,6330.0,225
2023-05-09 21:50:51,c2311-C-2720,c2311-C-2720,16.5,0.0,0.0,0.0,20,16.5,17.0,10,19.5,17.0,18.5,16.5,37.0,6330.0,225
2023-05-09 21:51:42,c2311-C-2720,c2311-C-2720,16.5,0.0,0.0,0.0,10,16.5,17.0,20,19.5,17.0,18.5,16.5,37.0,6330.0,225
2023-05-09 21:51:43,c2311-C-2720,c2311-C-2720,16.5,0.0,0.0,0.0,20,16.5,17.0,10,19.5,17.0,18.5,16.5,37.0,6330.0,225
2023-05-09 21:52:33,c2311-C-2720,c2311-C-2720,16.5,0.0,0.0,0.0,20,16.5,17.5,58,19.5,17.0,18.5,16.5,37.0,6330.0,225
2023-05-09 21:52:33,c2311-C-2720,c2311-C-2720,16.5,0.0,0.0,0.0,30,16.5,17.5,58,19.5,17.0,18.5,16.5,37.0,6330.0,225
2023-05-09 21:52:34,c2311-C-2720,c2311-C-2720,16.5,0.0,0.0,0.0,20,16.5,17.5,58,19.5,17.0,18.5,16.5,37.0,6330.0,225
2023-05-09 21:52:35,c2311-C-2720,c2311-C-2720,16.5,0.0,0.0,0.0,30,16.5,17.5,58,19.5,17.0,18.5,16.5,37.0,6330.0,225
2023-05-09 21:52:41,c2311-C-2720,c2311-C-2720,16.5,0.0,0.0,0.0,30,16.5,17.5,68,19.5,17.0,18.5,16.5,37.0,6330.0,225
2023-05-09 21:52:43,c2311-C-2720,c2311-C-2720,16.5,0.0,0.0,0.0,20,16.5,17.5,68,19.5,17.0,18.5,16.5,37.0,6330.0,225
2023-05-09 21:52:43,c2311-C-2720,c2311-C-2720,16.5,0.0,0.0,0.0,30,16.5,17.5,68,19.5,17.0,18.5,16.5,37.0,6330.0,225
2023-05-09 21:52:43,c2311-C-2720,c2311-C-2720,16.5,0.0,0.0,0.0,20,16.5,17.5,68,19.5,17.0,18.5,16.5,37.0,6330.0,225
2023-05-09 21:53:42,c2311-C-2720,c2311-C-2720,16.5,0.0,0.0,0.0,20,16.5,17.5,40,19.5,17.0,18.5,16.5,37.0,6330.0,225
2023-05-09 21:53:43,c2311-C-2720,c2311-C-2720,16.5,0.0,0.0,0.0,45,16.5,17.5,65,19.5,17.0,18.5,16.5,37.0,6330.0,225
2023-05-09 21:53:43,c2311-C-2720,c2311-C-2720,16.5,0.0,0.0,0.0,20,16.5,17.5,65,19.5,17.0,18.5,16.5,37.0,6330.0,225
2023-05-09 21:54:11,c2311-C-2720,c2311-C-2720,16.5,0.0,0.0,0.0,20,16.5,17.5,30,19.5,17.0,18.5,16.5,37.0,6330.0,225
2023-05-09 21:54:12,c2311-C-2720,c2311-C-2720,16.5,0.0,0.0,0.0,20,16.5,17.5,40,19.5,17.0,18.5,16.5,37.0,6330.0,225
2023-05-09 21:54:12,c2311-C-2720,c2311-C-2720,16.5,0.0,0.0,0.0,45,16.5,17.5,65,19.5,17.0,18.5,16.5,37.0,6330.0,225
2023-05-09 21:54:15,c2311-C-2720,c2311-C-2720,16.5,0.0,0.0,0.0,20,16.5,17.5,65,19.5,17.0,18.5,16.5,37.0,6330.0,225
2023-05-09 21:54:31,c2311-C-2720,c2311-C-2720,16.5,0.0,0.0,0.0,65,16.0,17.0,10,19.5,17.0,18.5,16.5,37.0,6330.0,225
2023-05-09 21:54:33,c2311-C-2720,c2311-C-2720,16.5,0.0,0.0,0.0,20,16.5,17.0,10,19.5,17.0,18.5,16.5,37.0,6330.0,225
2023-05-09 21:55:01,c2311-C-2720,c2311-C-2720,16.5,0.0,0.0,0.0,10,16.5,17.0,10,19.5,17.0,18.5,16.5,37.0,6330.0,225
2023-05-09 21:55:01,c2311-C-2720,c2311-C-2720,16.5,0.0,0.0,0.0,65,16.0,17.0,20,19.5,17.0,18.5,16.5,37.0,6330.0,225
2023-05-09 21:55:02,c2311-C-2720,c2311-C-2720,16.5,0.0,0.0,0.0,20,16.5,17.0,10,19.5,17.0,18.5,16.5,37.0,6330.0,225
2023-05-09 21:55:29,c2311-C-2720,c2311-C-2720,16.5,0.0,0.0,0.0,10,16.5,17.0,10,19.5,17.0,18.5,16.5,37.0,6330.0,225
2023-05-09 21:55:30,c2311-C-2720,c2311-C-2720,16.5,0.0,0.0,0.0,10,16.5,17.0,20,19.5,17.0,18.5,16.5,37.0,6330.0,225
2023-05-09 21:55:37,c2311-C-2720,c2311-C-2720,16.5,0.0,0.0,0.0,10,16.5,17.0,10,19.5,17.0,18.5,16.5,37.0,6330.0,225
2023-05-09 21:55:54,c2311-C-2720,c2311-C-2720,16.5,0.0,0.0,0.0,10,16.5,17.0,20,19.5,17.0,18.5,16.5,37.0,6330.0,225
2023-05-09 21:56:00,c2311-C-2720,c2311-C-2720,16.5,0.0,0.0,0.0,10,16.5,17.0,10,19.5,17.0,18.5,16.5,37.0,6330.0,225
2023-05-09 21:56:03,c2311-C-2720,c2311-C-2720,16.5,0.0,0.0,0.0,10,16.5,17.0,20,19.5,17.0,18.5,16.5,37.0,6330.0,225
2023-05-09 21:56:09,c2311-C-2720,c2311-C-2720,16.5,0.0,0.0,0.0,10,16.5,17.0,10,19.5,17.0,18.5,16.5,37.0,6330.0,225
2023-05-09 21:56:17,c2311-C-2720,c2311-C-2720,16.5,0.0,0.0,0.0,20,16.5,17.0,10,19.5,17.0,18.5,16.5,37.0,6330.0,225
2023-05-09 21:56:18,c2311-C-2720,c2311-C-2720,16.5,0.0,0.0,0.0,10,16.5,17.0,10,19.5,17.0,18.5,16.5,37.0,6330.0,225
2023-05-09 21:56:20,c2311-C-2720,c2311-C-2720,16.5,0.0,0.0,0.0,20,16.5,17.0,10,19.5,17.0,18.5,16.5,37.0,6330.0,225
2023-05-09 21:56:21,c2311-C-2720,c2311-C-2720,16.5,0.0,0.0,0.0,20,16.5,17.0,20,19.5,17.0,18.5,16.5,37.0,6330.0,225
2023-05-09 21:56:22,c2311-C-2720,c2311-C-2720,16.5,0.0,0.0,0.0,20,16.5,17.0,10,19.5,17.0,18.5,16.5,37.0,6330.0,225
2023-05-09 21:56:23,c2311-C-2720,c2311-C-2720,16.5,0.0,0.0,0.0,10,16.5,17.0,10,19.5,17.0,18.5,16.5,37.0,6330.0,225
2023-05-09 21:56:23,c2311-C-2720,c2311-C-2720,16.5,0.0,0.0,0.0,20,16.5,17.0,10,19.5,17.0,18.5,16.5,37.0,6330.0,225
2023-05-09 21:56:24,c2311-C-2720,c2311-C-2720,16.5,0.0,0.0,0.0,10,16.5,17.0,10,19.5,17.0,18.5,16.5,37.0,6330.0,225
2023-05-09 21:56:24,c2311-C-2720,c2311-C-2720,16.5,0.0,0.0,0.0,10,16.5,17.0,20,19.5,17.0,18.5,16.5,37.0,6330.0,225
2023-05-09 21:56:26,c2311-C-2720,c2311-C-2720,16.5,0.0,0.0,0.0,40,16.0,17.0,30,19.5,17.0,18.5,16.5,37.0,6330.0,225
2023-05-09 21:56:26,c2311-C-2720,c2311-C-2720,16.5,0.0,0.0,0.0,30,16.0,17.0,20,19.5,17.0,18.5,16.5,37.0,6330.0,225
2023-05-09 21:56:26,c2311-C-2720,c2311-C-2720,16.5,0.0,0.0,0.0,40,16.0,17.0,20,19.5,17.0,18.5,16.5,37.0,6330.0,225
2023-05-09 21:56:27,c2311-C-2720,c2311-C-2720,16.5,0.0,0.0,0.0,30,16.0,17.0,20,19.5,17.0,18.5,16.5,37.0,6330.0,225
2023-05-09 21:56:29,c2311-C-2720,c2311-C-2720,16.5,0.0,0.0,0.0,30,16.0,17.0,30,19.5,17.0,18.5,16.5,37.0,6330.0,225
2023-05-09 21:56:47,c2311-C-2720,c2311-C-2720,16.5,0.0,0.0,0.0,40,16.0,17.0,20,19.5,17.0,18.5,16.5,37.0,6330.0,225
2023-05-09 21:56:48,c2311-C-2720,c2311-C-2720,16.5,0.0,0.0,0.0,30,16.0,17.0,20,19.5,17.0,18.5,16.5,37.0,6330.0,225
2023-05-09 21:56:50,c2311-C-2720,c2311-C-2720,16.5,0.0,0.0,0.0,30,16.0,17.0,30,19.5,17.0,18.5,16.5,37.0,6330.0,225
2023-05-09 21:56:54,c2311-C-2720,c2311-C-2720,16.5,0.0,0.0,0.0,30,16.0,17.0,20,19.5,17.0,18.5,16.5,37.0,6330.0,225
2023-05-09 21:56:57,c2311-C-2720,c2311-C-2720,16.5,0.0,0.0,0.0,30,16.0,17.0,30,19.5,17.0,18.5,16.5,37.0,6330.0,225
2023-05-09 21:57:04,c2311-C-2720,c2311-C-2720,16.5,0.0,0.0,0.0,30,16.0,17.0,20,19.5,17.0,18.5,16.5,37.0,6330.0,225
2023-05-09 21:57:18,c2311-C-2720,c2311-C-2720,16.5,0.0,0.0,0.0,30,16.0,17.0,30,19.5,17.0,18.5,16.5,37.0,6330.0,225
2023-05-09 21:57:20,c2311-C-2720,c2311-C-2720,16.5,0.0,0.0,0.0,10,16.5,17.0,20,19.5,17.0,18.5,16.5,37.0,6330.0,225
2023-05-09 21:57:21,c2311-C-2720,c2311-C-2720,16.5,0.0,0.0,0.0,40,16.0,17.0,20,19.5,17.0,18.5,16.5,37.0,6330.0,225
2023-05-09 21:57:22,c2311-C-2720,c2311-C-2720,16.5,0.0,0.0,0.0,40,16.0,17.0,10,19.5,17.0,18.5,16.5,37.0,6330.0,225
2023-05-09 21:57:23,c2311-C-2720,c2311-C-2720,16.5,0.0,0.0,0.0,40,16.0,17.0,20,19.5,17.0,18.5,16.5,37.0,6330.0,225
2023-05-09 21:57:24,c2311-C-2720,c2311-C-2720,16.5,0.0,0.0,0.0,40,16.0,17.0,10,19.5,17.0,18.5,16.5,37.0,6330.0,225
2023-05-09 21:57:27,c2311-C-2720,c2311-C-2720,16.5,0.0,0.0,0.0,10,16.5,17.0,10,19.5,17.0,18.5,16.5,37.0,6330.0,225
2023-05-09 21:57:27,c2311-C-2720,c2311-C-2720,16.5,0.0,0.0,0.0,40,16.0,17.0,10,19.5,17.0,18.5,16.5,37.0,6330.0,225
2023-05-09 21:57:35,c2311-C-2720,c2311-C-2720,16.5,0.0,0.0,0.0,40,16.0,17.0,20,19.5,17.0,18.5,16.5,37.0,6330.0,225
2023-05-09 21:57:54,c2311-C-2720,c2311-C-2720,16.5,0.0,0.0,0.0,40,16.0,17.0,10,19.5,17.0,18.5,16.5,37.0,6330.0,225
2023-05-09 21:57:59,c2311-C-2720,c2311-C-2720,16.5,0.0,0.0,0.0,40,16.0,17.0,20,19.5,17.0,18.5,16.5,37.0,6330.0,225
2023-05-09 21:58:09,c2311-C-2720,c2311-C-2720,16.5,0.0,0.0,0.0,40,16.0,17.0,10,19.5,17.0,18.5,16.5,37.0,6330.0,225
2023-05-09 21:58:28,c2311-C-2720,c2311-C-2720,16.5,0.0,0.0,0.0,10,16.5,17.0,10,19.5,17.0,18.5,16.5,37.0,6330.0,225
2023-05-09 21:58:28,c2311-C-2720,c2311-C-2720,16.5,0.0,0.0,0.0,20,16.5,17.0,10,19.5,17.0,18.5,16.5,37.0,6330.0,225
2023-05-09 21:58:29,c2311-C-2720,c2311-C-2720,16.5,0.0,0.0,0.0,10,16.5,17.0,10,19.5,17.0,18.5,16.5,37.0,6330.0,225
2023-05-09 21:58:31,c2311-C-2720,c2311-C-2720,16.5,0.0,0.0,0.0,20,16.5,17.0,10,19.5,17.0,18.5,16.5,37.0,6330.0,225
2023-05-09 21:58:32,c2311-C-2720,c2311-C-2720,16.5,0.0,0.0,0.0,10,16.5,17.0,10,19.5,17.0,18.5,16.5,37.0,6330.0,225
2023-05-09 21:58:56,c2311-C-2720,c2311-C-2720,16.5,0.0,0.0,0.0,20,16.5,17.0,10,19.5,17.0,18.5,16.5,37.0,6330.0,225
2023-05-09 21:58:57,c2311-C-2720,c2311-C-2720,16.5,0.0,0.0,0.0,10,16.5,17.0,10,19.5,17.0,18.5,16.5,37.0,6330.0,225
2023-05-09 21:59:08,c2311-C-2720,c2311-C-2720,16.5,0.0,0.0,0.0,30,16.0,17.0,30,19.5,17.0,18.5,16.5,37.0,6330.0,225
2023-05-09 21:59:09,c2311-C-2720,c2311-C-2720,16.5,0.0,0.0,0.0,30,16.0,17.0,55,19.5,17.0,18.5,16.5,37.0,6330.0,225
2023-05-09 22:00:00,c2311-C-2720,c2311-C-2720,16.5,0.0,0.0,0.0,30,16.0,17.0,65,19.5,17.0,18.5,16.5,37.0,6330.0,225
2023-05-09 22:00:01,c2311-C-2720,c2311-C-2720,16.5,0.0,0.0,0.0,30,16.0,17.0,55,19.5,17.0,18.5,16.5,37.0,6330.0,225
2023-05-09 22:00:04,c2311-C-2720,c2311-C-2720,16.5,0.0,0.0,0.0,40,16.0,17.0,55,19.5,17.0,18.5,16.5,37.0,6330.0,225
2023-05-09 22:00:05,c2311-C-2720,c2311-C-2720,16.5,0.0,0.0,0.0,40,16.0,17.0,45,19.5,17.0,18.5,16.5,37.0,6330.0,225
2023-05-09 22:00:05,c2311-C-2720,c2311-C-2720,16.5,0.0,0.0,0.0,10,16.5,17.0,45,19.5,17.0,18.5,16.5,37.0,6330.0,225
2023-05-09 22:00:08,c2311-C-2720,c2311-C-2720,16.5,0.0,0.0,0.0,40,16.0,17.0,45,19.5,17.0,18.5,16.5,37.0,6330.0,225
2023-05-09 22:00:09,c2311-C-2720,c2311-C-2720,16.5,0.0,0.0,0.0,40,16.0,17.0,35,19.5,17.0,18.5,16.5,37.0,6330.0,225
2023-05-09 22:00:15,c2311-C-2720,c2311-C-2720,16.5,0.0,0.0,0.0,40,16.0,17.0,55,19.5,17.0,18.5,16.5,37.0,6330.0,225
2023-05-09 22:00:16,c2311-C-2720,c2311-C-2720,16.5,0.0,0.0,0.0,40,16.0,17.0,45,19.5,17.0,18.5,16.5,37.0,6330.0,225
2023-05-09 22:00:17,c2311-C-2720,c2311-C-2720,16.5,0.0,0.0,0.0,40,16.0,17.0,35,19.5,17.0,18.5,16.5,37.0,6330.0,225
2023-05-09 22:01:20,c2311-C-2720,c2311-C-2720,16.5,0.0,0.0,0.0,10,16.5,17.0,35,19.5,17.0,18.5,16.5,37.0,6330.0,225
2023-05-09 22:01:21,c2311-C-2720,c2311-C-2720,16.5,0.0,0.0,0.0,40,16.0,17.0,45,19.5,17.0,18.5,16.5,37.0,6330.0,225
2023-05-09 22:01:22,c2311-C-2720,c2311-C-2720,16.5,0.0,0.0,0.0,10,16.5,17.0,35,19.5,17.0,18.5,16.5,37.0,6330.0,225
2023-05-09 22:01:22,c2311-C-2720,c2311-C-2720,16.5,0.0,0.0,0.0,40,16.0,17.0,35,19.5,17.0,18.5,16.5,37.0,6330.0,225
2023-05-09 22:01:25,c2311-C-2720,c2311-C-2720,16.5,0.0,0.0,0.0,40,16.0,17.0,45,19.5,17.0,18.5,16.5,37.0,6330.0,225
2023-05-09 22:01:26,c2311-C-2720,c2311-C-2720,16.5,0.0,0.0,0.0,40,16.0,17.0,35,19.5,17.0,18.5,16.5,37.0,6330.0,225
2023-05-09 22:02:44,c2311-C-2720,c2311-C-2720,16.5,0.0,0.0,0.0,30,16.0,17.0,65,19.5,17.0,18.5,16.5,37.0,6330.0,225
2023-05-09 22:02:55,c2311-C-2720,c2311-C-2720,16.5,0.0,0.0,0.0,30,16.0,17.0,55,19.5,17.0,18.5,16.5,37.0,6330.0,225
2023-05-09 22:02:56,c2311-C-2720,c2311-C-2720,16.5,0.0,0.0,0.0,30,16.0,17.0,65,19.5,17.0,18.5,16.5,37.0,6330.0,225
2023-05-09 22:03:01,c2311-C-2720,c2311-C-2720,16.5,0.0,0.0,0.0,30,16.0,17.0,55,19.5,17.0,18.5,16.5,37.0,6330.0,225
2023-05-09 22:03:05,c2311-C-2720,c2311-C-2720,16.5,0.0,0.0,0.0,30,16.0,17.0,65,19.5,17.0,18.5,16.5,37.0,6330.0,225
2023-05-09 22:03:39,c2311-C-2720,c2311-C-2720,16.5,0.0,0.0,0.0,20,16.0,17.0,65,19.5,17.0,18.5,16.5,37.0,6330.0,225
2023-05-09 22:03:42,c2311-C-2720,c2311-C-2720,16.5,0.0,0.0,0.0,30,16.0,17.0,65,19.5,17.0,18.5,16.5,37.0,6330.0,225
2023-05-09 22:05:24,c2311-C-2720,c2311-C-2720,16.5,0.0,0.0,0.0,30,16.0,17.0,55,19.5,17.0,18.5,16.5,37.0,6330.0,225
2023-05-09 22:05:24,c2311-C-2720,c2311-C-2720,16.5,0.0,0.0,0.0,30,16.0,17.0,65,19.5,17.0,18.5,16.5,37.0,6330.0,225
2023-05-09 22:05:39,c2311-C-2720,c2311-C-2720,16.5,0.0,0.0,0.0,30,16.0,17.0,55,19.5,17.0,18.5,16.5,37.0,6330.0,225
2023-05-09 22:05:39,c2311-C-2720,c2311-C-2720,16.5,0.0,0.0,0.0,30,16.0,17.0,65,19.5,17.0,18.5,16.5,37.0,6330.0,225
2023-05-09 22:05:42,c2311-C-2720,c2311-C-2720,16.5,0.0,0.0,0.0,40,16.0,17.0,55,19.5,17.0,18.5,16.5,37.0,6330.0,225
2023-05-09 22:05:50,c2311-C-2720,c2311-C-2720,16.5,0.0,0.0,0.0,30,16.0,17.0,55,19.5,17.0,18.5,16.5,37.0,6330.0,225
2023-05-09 22:05:51,c2311-C-2720,c2311-C-2720,16.5,0.0,0.0,0.0,10,16.5,17.0,35,19.5,17.0,18.5,16.5,37.0,6330.0,225
2023-05-09 22:05:51,c2311-C-2720,c2311-C-2720,16.5,0.0,0.0,0.0,20,16.5,17.0,10,19.5,17.0,18.5,16.5,37.0,6330.0,225
2023-05-09 22:05:52,c2311-C-2720,c2311-C-2720,16.5,0.0,0.0,0.0,30,16.5,17.0,10,19.5,17.0,18.5,16.5,37.0,6330.0,225
2023-05-09 22:05:55,c2311-C-2720,c2311-C-2720,16.5,0.0,0.0,0.0,20,16.5,17.0,10,19.5,17.0,18.5,16.5,37.0,6330.0,225
2023-05-09 22:05:58,c2311-C-2720,c2311-C-2720,16.5,0.0,0.0,0.0,10,16.5,17.0,35,19.5,17.0,18.5,16.5,37.0,6330.0,225
2023-05-09 22:06:00,c2311-C-2720,c2311-C-2720,16.5,0.0,0.0,0.0,10,16.5,17.0,45,19.5,17.0,18.5,16.5,37.0,6330.0,225
2023-05-09 22:06:00,c2311-C-2720,c2311-C-2720,16.5,0.0,0.0,0.0,10,16.5,17.0,55,19.5,17.0,18.5,16.5,37.0,6330.0,225
2023-05-09 22:06:03,c2311-C-2720,c2311-C-2720,16.5,0.0,0.0,0.0,10,16.5,17.0,45,19.5,17.0,18.5,16.5,37.0,6330.0,225
2023-05-09 22:06:10,c2311-C-2720,c2311-C-2720,16.5,0.0,0.0,0.0,20,16.0,17.0,55,19.5,17.0,18.5,16.5,37.0,6330.0,225
2023-05-09 22:06:11,c2311-C-2720,c2311-C-2720,16.5,0.0,0.0,0.0,20,16.0,17.0,65,19.5,17.0,18.5,16.5,37.0,6330.0,225
2023-05-09 22:07:25,c2311-C-2720,c2311-C-2720,16.5,0.0,0.0,0.0,20,16.0,17.0,55,19.5,17.0,18.5,16.5,37.0,6330.0,225
2023-05-09 22:07:38,c2311-C-2720,c2311-C-2720,16.5,0.0,0.0,0.0,30,16.0,17.0,55,19.5,17.0,18.5,16.5,37.0,6330.0,225
2023-05-09 22:08:10,c2311-C-2720,c2311-C-2720,16.5,0.0,0.0,0.0,20,16.0,17.0,65,19.5,17.0,18.5,16.5,37.0,6330.0,225
2023-05-09 22:08:15,c2311-C-2720,c2311-C-2720,16.5,0.0,0.0,0.0,20,16.0,17.0,55,19.5,17.0,18.5,16.5,37.0,6330.0,225
2023-05-09 22:08:31,c2311-C-2720,c2311-C-2720,16.5,0.0,0.0,0.0,20,16.0,17.0,45,19.5,17.0,18.5,16.5,37.0,6330.0,225
2023-05-09 22:08:33,c2311-C-2720,c2311-C-2720,16.5,0.0,0.0,0.0,10,16.5,17.0,45,19.5,17.0,18.5,16.5,37.0,6330.0,225
2023-05-09 22:08:40,c2311-C-2720,c2311-C-2720,16.5,0.0,0.0,0.0,20,16.5,17.0,35,19.5,17.0,18.5,16.5,37.0,6330.0,225
2023-05-09 22:08:42,c2311-C-2720,c2311-C-2720,16.5,0.0,0.0,0.0,10,16.5,17.0,45,19.5,17.0,18.5,16.5,37.0,6330.0,225
2023-05-09 22:08:43,c2311-C-2720,c2311-C-2720,16.5,0.0,0.0,0.0,20,16.5,17.0,35,19.5,17.0,18.5,16.5,37.0,6330.0,225
2023-05-09 22:09:10,c2311-C-2720,c2311-C-2720,16.5,0.0,0.0,0.0,20,16.5,17.5,30,19.5,17.0,18.5,16.5,37.0,6330.0,225
2023-05-09 22:09:10,c2311-C-2720,c2311-C-2720,16.5,0.0,0.0,0.0,20,16.5,17.5,55,19.5,17.0,18.5,16.5,37.0,6330.0,225
2023-05-09 22:09:13,c2311-C-2720,c2311-C-2720,16.5,0.0,0.0,0.0,20,16.5,17.5,30,19.5,17.0,18.5,16.5,37.0,6330.0,225
2023-05-09 22:09:19,c2311-C-2720,c2311-C-2720,16.5,0.0,0.0,0.0,20,16.5,17.0,10,19.5,17.0,18.5,16.5,37.0,6330.0,225
2023-05-09 22:09:22,c2311-C-2720,c2311-C-2720,16.5,0.0,0.0,0.0,10,16.5,17.0,10,19.5,17.0,18.5,16.5,37.0,6330.0,225
2023-05-09 22:09:23,c2311-C-2720,c2311-C-2720,16.5,0.0,0.0,0.0,10,16.5,17.0,35,19.5,17.0,18.5,16.5,37.0,6330.0,225
2023-05-09 22:09:27,c2311-C-2720,c2311-C-2720,16.5,0.0,0.0,0.0,20,16.5,17.0,35,19.5,17.0,18.5,16.5,37.0,6330.0,225
2023-05-09 22:09:29,c2311-C-2720,c2311-C-2720,16.5,0.0,0.0,0.0,10,16.5,17.0,45,19.5,17.0,18.5,16.5,37.0,6330.0,225
2023-05-09 22:09:54,c2311-C-2720,c2311-C-2720,16.5,0.0,0.0,0.0,20,16.5,17.0,35,19.5,17.0,18.5,16.5,37.0,6330.0,225
2023-05-09 22:10:00,c2311-C-2720,c2311-C-2720,16.5,0.0,0.0,0.0,10,16.5,17.0,45,19.5,17.0,18.5,16.5,37.0,6330.0,225
2023-05-09 22:10:05,c2311-C-2720,c2311-C-2720,16.5,0.0,0.0,0.0,20,16.5,17.0,35,19.5,17.0,18.5,16.5,37.0,6330.0,225
2023-05-09 22:10:06,c2311-C-2720,c2311-C-2720,16.5,0.0,0.0,0.0,20,16.5,17.0,10,19.5,17.0,18.5,16.5,37.0,6330.0,225
2023-05-09 22:10:07,c2311-C-2720,c2311-C-2720,16.5,0.0,0.0,0.0,20,16.5,17.5,55,19.5,17.0,18.5,16.5,37.0,6330.0,225
2023-05-09 22:10:08,c2311-C-2720,c2311-C-2720,16.5,0.0,0.0,0.0,20,16.5,17.0,10,19.5,17.0,18.5,16.5,37.0,6330.0,225
2023-05-09 22:10:12,c2311-C-2720,c2311-C-2720,16.5,0.0,0.0,0.0,10,16.5,17.0,10,19.5,17.0,18.5,16.5,37.0,6330.0,225
2023-05-09 22:10:13,c2311-C-2720,c2311-C-2720,16.5,0.0,0.0,0.0,10,16.5,17.0,35,19.5,17.0,18.5,16.5,37.0,6330.0,225
2023-05-09 22:10:18,c2311-C-2720,c2311-C-2720,16.5,0.0,0.0,0.0,20,16.0,17.0,45,19.5,17.0,18.5,16.5,37.0,6330.0,225
2023-05-09 22:10:41,c2311-C-2720,c2311-C-2720,16.5,0.0,0.0,0.0,10,16.5,17.0,45,19.5,17.0,18.5,16.5,37.0,6330.0,225
2023-05-09 22:10:44,c2311-C-2720,c2311-C-2720,16.5,0.0,0.0,0.0,20,16.5,17.0,35,19.5,17.0,18.5,16.5,37.0,6330.0,225
2023-05-09 22:10:44,c2311-C-2720,c2311-C-2720,16.5,0.0,0.0,0.0,10,16.5,17.0,45,19.5,17.0,18.5,16.5,37.0,6330.0,225
2023-05-09 22:10:47,c2311-C-2720,c2311-C-2720,16.5,0.0,0.0,0.0,20,16.0,17.0,45,19.5,17.0,18.5,16.5,37.0,6330.0,225
2023-05-09 22:11:09,c2311-C-2720,c2311-C-2720,16.5,0.0,0.0,0.0,10,16.5,17.0,45,19.5,17.0,18.5,16.5,37.0,6330.0,225
2023-05-09 22:11:10,c2311-C-2720,c2311-C-2720,16.5,0.0,0.0,0.0,20,16.0,17.0,45,19.5,17.0,18.5,16.5,37.0,6330.0,225
2023-05-09 22:11:25,c2311-C-2720,c2311-C-2720,16.5,0.0,0.0,0.0,10,16.5,17.0,45,19.5,17.0,18.5,16.5,37.0,6330.0,225
2023-05-09 22:11:28,c2311-C-2720,c2311-C-2720,16.5,0.0,0.0,0.0,20,16.5,17.0,35,19.5,17.0,18.5,16.5,37.0,6330.0,225
2023-05-09 22:11:29,c2311-C-2720,c2311-C-2720,16.5,0.0,0.0,0.0,20,16.5,17.5,30,19.5,17.0,18.5,16.5,37.0,6330.0,225
2023-05-09 22:11:29,c2311-C-2720,c2311-C-2720,16.5,0.0,0.0,0.0,20,16.5,17.5,55,19.5,17.0,18.5,16.5,37.0,6330.0,225
2023-05-09 22:11:33,c2311-C-2720,c2311-C-2720,16.5,0.0,0.0,0.0,20,16.5,17.5,30,19.5,17.0,18.5,16.5,37.0,6330.0,225
2023-05-09 22:11:38,c2311-C-2720,c2311-C-2720,16.5,0.0,0.0,0.0,20,16.5,17.0,10,19.5,17.0,18.5,16.5,37.0,6330.0,225
2023-05-09 22:11:38,c2311-C-2720,c2311-C-2720,16.5,0.0,0.0,0.0,20,16.0,17.0,10,19.5,17.0,18.5,16.5,37.0,6330.0,225
2023-05-09 22:11:57,c2311-C-2720,c2311-C-2720,16.5,0.0,0.0,0.0,20,16.0,17.0,20,19.5,17.0,18.5,16.5,37.0,6330.0,225
2023-05-09 22:11:57,c2311-C-2720,c2311-C-2720,16.5,0.0,0.0,0.0,20,16.0,17.0,10,19.5,17.0,18.5,16.5,37.0,6330.0,225
2023-05-09 22:12:54,c2311-C-2720,c2311-C-2720,16.5,0.0,0.0,0.0,20,16.5,17.0,10,19.5,17.0,18.5,16.5,37.0,6330.0,225
2023-05-09 22:12:58,c2311-C-2720,c2311-C-2720,16.5,0.0,0.0,0.0,10,16.5,17.0,10,19.5,17.0,18.5,16.5,37.0,6330.0,225
2023-05-09 22:12:58,c2311-C-2720,c2311-C-2720,16.5,0.0,0.0,0.0,20,16.5,17.5,55,19.5,17.0,18.5,16.5,37.0,6330.0,225
2023-05-09 22:13:02,c2311-C-2720,c2311-C-2720,16.5,0.0,0.0,0.0,20,16.5,17.5,65,19.5,17.0,18.5,16.5,37.0,6330.0,225
2023-05-09 22:13:03,c2311-C-2720,c2311-C-2720,16.5,0.0,0.0,0.0,20,16.5,17.5,40,19.5,17.0,18.5,16.5,37.0,6330.0,225
2023-05-09 22:13:23,c2311-C-2720,c2311-C-2720,16.5,0.0,0.0,0.0,20,16.5,17.5,65,19.5,17.0,18.5,16.5,37.0,6330.0,225
2023-05-09 22:13:28,c2311-C-2720,c2311-C-2720,16.5,0.0,0.0,0.0,20,16.5,17.5,40,19.5,17.0,18.5,16.5,37.0,6330.0,225
2023-05-09 22:13:29,c2311-C-2720,c2311-C-2720,16.5,0.0,0.0,0.0,10,16.5,17.0,10,19.5,17.0,18.5,16.5,37.0,6330.0,225
2023-05-09 22:13:29,c2311-C-2720,c2311-C-2720,16.5,0.0,0.0,0.0,10,16.5,17.0,20,19.5,17.0,18.5,16.5,37.0,6330.0,225
2023-05-09 22:13:33,c2311-C-2720,c2311-C-2720,16.5,0.0,0.0,0.0,10,16.5,17.0,45,19.5,17.0,18.5,16.5,37.0,6330.0,225
2023-05-09 22:13:34,c2311-C-2720,c2311-C-2720,16.5,0.0,0.0,0.0,20,16.5,17.0,45,19.5,17.0,18.5,16.5,37.0,6330.0,225
2023-05-09 22:13:36,c2311-C-2720,c2311-C-2720,16.5,0.0,0.0,0.0,20,16.5,17.0,35,19.5,17.0,18.5,16.5,37.0,6330.0,225
2023-05-09 22:13:39,c2311-C-2720,c2311-C-2720,16.5,0.0,0.0,0.0,20,16.5,17.0,45,19.5,17.0,18.5,16.5,37.0,6330.0,225
2023-05-09 22:13:39,c2311-C-2720,c2311-C-2720,16.5,0.0,0.0,0.0,10,16.5,17.0,45,19.5,17.0,18.5,16.5,37.0,6330.0,225
2023-05-09 22:13:51,c2311-C-2720,c2311-C-2720,16.5,0.0,0.0,0.0,20,16.5,17.0,45,19.5,17.0,18.5,16.5,37.0,6330.0,225
2023-05-09 22:13:53,c2311-C-2720,c2311-C-2720,16.5,0.0,0.0,0.0,10,16.5,17.0,45,19.5,17.0,18.5,16.5,37.0,6330.0,225
2023-05-09 22:14:00,c2311-C-2720,c2311-C-2720,16.5,0.0,0.0,0.0,20,16.5,17.0,45,19.5,17.0,18.5,16.5,37.0,6330.0,225
2023-05-09 22:14:33,c2311-C-2720,c2311-C-2720,16.5,0.0,0.0,0.0,10,16.5,17.0,55,19.5,17.0,18.5,16.5,37.0,6330.0,225
2023-05-09 22:14:37,c2311-C-2720,c2311-C-2720,16.5,0.0,0.0,0.0,30,16.0,17.0,55,19.5,17.0,18.5,16.5,37.0,6330.0,225
2023-05-09 22:14:38,c2311-C-2720,c2311-C-2720,16.5,0.0,0.0,0.0,10,16.5,17.0,55,19.5,17.0,18.5,16.5,37.0,6330.0,225
2023-05-09 22:14:42,c2311-C-2720,c2311-C-2720,16.5,0.0,0.0,0.0,30,16.0,17.0,55,19.5,17.0,18.5,16.5,37.0,6330.0,225
2023-05-09 22:14:46,c2311-C-2720,c2311-C-2720,16.5,0.0,0.0,0.0,10,16.5,17.0,55,19.5,17.0,18.5,16.5,37.0,6330.0,225
2023-05-09 22:14:58,c2311-C-2720,c2311-C-2720,16.5,0.0,0.0,0.0,20,16.0,17.0,55,19.5,17.0,18.5,16.5,37.0,6330.0,225
2023-05-09 22:15:01,c2311-C-2720,c2311-C-2720,16.5,0.0,0.0,0.0,10,16.5,17.0,55,19.5,17.0,18.5,16.5,37.0,6330.0,225
2023-05-09 22:15:02,c2311-C-2720,c2311-C-2720,16.5,0.0,0.0,0.0,20,16.0,17.0,55,19.5,17.0,18.5,16.5,37.0,6330.0,225
2023-05-09 22:15:03,c2311-C-2720,c2311-C-2720,16.5,0.0,0.0,0.0,10,16.5,17.0,55,19.5,17.0,18.5,16.5,37.0,6330.0,225
2023-05-09 22:15:03,c2311-C-2720,c2311-C-2720,16.5,0.0,0.0,0.0,20,16.0,17.0,55,19.5,17.0,18.5,16.5,37.0,6330.0,225
2023-05-09 22:15:22,c2311-C-2720,c2311-C-2720,16.5,0.0,0.0,0.0,10,16.5,17.0,55,19.5,17.0,18.5,16.5,37.0,6330.0,225
2023-05-09 22:15:31,c2311-C-2720,c2311-C-2720,16.5,0.0,0.0,0.0,10,16.5,17.0,30,19.5,17.0,18.5,16.5,37.0,6330.0,225
2023-05-09 22:15:38,c2311-C-2720,c2311-C-2720,16.5,0.0,0.0,0.0,10,16.5,17.0,55,19.5,17.0,18.5,16.5,37.0,6330.0,225
2023-05-09 22:15:43,c2311-C-2720,c2311-C-2720,16.5,0.0,0.0,0.0,20,16.0,17.0,55,19.5,17.0,18.5,16.5,37.0,6330.0,225
2023-05-09 22:15:50,c2311-C-2720,c2311-C-2720,16.5,0.0,0.0,0.0,10,16.5,17.0,55,19.5,17.0,18.5,16.5,37.0,6330.0,225
2023-05-09 22:15:57,c2311-C-2720,c2311-C-2720,16.5,0.0,0.0,0.0,10,16.5,17.0,30,19.5,17.0,18.5,16.5,37.0,6330.0,225
2023-05-09 22:16:19,c2311-C-2720,c2311-C-2720,16.5,0.0,0.0,0.0,30,16.0,17.0,30,19.5,17.0,18.5,16.5,37.0,6330.0,225
2023-05-09 22:16:40,c2311-C-2720,c2311-C-2720,16.5,0.0,0.0,0.0,10,16.5,17.0,30,19.5,17.0,18.5,16.5,37.0,6330.0,225
2023-05-09 22:16:46,c2311-C-2720,c2311-C-2720,16.5,0.0,0.0,0.0,20,16.0,17.0,30,19.5,17.0,18.5,16.5,37.0,6330.0,225
2023-05-09 22:17:58,c2311-C-2720,c2311-C-2720,16.5,0.0,0.0,0.0,20,16.0,17.0,40,19.5,17.0,18.5,16.5,37.0,6330.0,225
2023-05-09 22:18:04,c2311-C-2720,c2311-C-2720,16.5,0.0,0.0,0.0,20,16.0,17.0,30,19.5,17.0,18.5,16.5,37.0,6330.0,225
2023-05-09 22:18:31,c2311-C-2720,c2311-C-2720,16.5,0.0,0.0,0.0,10,16.5,17.0,30,19.5,17.0,18.5,16.5,37.0,6330.0,225
2023-05-09 22:18:48,c2311-C-2720,c2311-C-2720,16.5,0.0,0.0,0.0,20,16.0,17.0,30,19.5,17.0,18.5,16.5,37.0,6330.0,225
2023-05-09 22:19:08,c2311-C-2720,c2311-C-2720,16.5,0.0,0.0,0.0,10,16.5,17.0,30,19.5,17.0,18.5,16.5,37.0,6330.0,225
2023-05-09 22:19:08,c2311-C-2720,c2311-C-2720,16.5,0.0,0.0,0.0,20,16.0,17.0,30,19.5,17.0,18.5,16.5,37.0,6330.0,225
2023-05-09 22:20:11,c2311-C-2720,c2311-C-2720,16.5,0.0,0.0,0.0,10,16.5,17.0,30,19.5,17.0,18.5,16.5,37.0,6330.0,225
2023-05-09 22:20:12,c2311-C-2720,c2311-C-2720,16.5,0.0,0.0,0.0,20,16.0,17.0,30,19.5,17.0,18.5,16.5,37.0,6330.0,225
2023-05-09 22:20:21,c2311-C-2720,c2311-C-2720,16.5,0.0,0.0,0.0,10,16.5,17.0,30,19.5,17.0,18.5,16.5,37.0,6330.0,225
2023-05-09 22:20:22,c2311-C-2720,c2311-C-2720,16.5,0.0,0.0,0.0,20,16.0,17.0,30,19.5,17.0,18.5,16.5,37.0,6330.0,225
2023-05-09 22:20:22,c2311-C-2720,c2311-C-2720,16.5,0.0,0.0,0.0,10,16.5,17.0,30,19.5,17.0,18.5,16.5,37.0,6330.0,225
2023-05-09 22:20:30,c2311-C-2720,c2311-C-2720,16.5,0.0,0.0,0.0,20,16.0,17.0,30,19.5,17.0,18.5,16.5,37.0,6330.0,225
2023-05-09 22:20:46,c2311-C-2720,c2311-C-2720,16.5,0.0,0.0,0.0,30,16.0,17.0,30,19.5,17.0,18.5,16.5,37.0,6330.0,225
2023-05-09 22:20:48,c2311-C-2720,c2311-C-2720,16.5,0.0,0.0,0.0,20,16.0,17.0,30,19.5,17.0,18.5,16.5,37.0,6330.0,225
2023-05-09 22:21:51,c2311-C-2720,c2311-C-2720,16.5,0.0,0.0,0.0,20,16.0,17.0,40,19.5,17.0,18.5,16.5,37.0,6330.0,225
2023-05-09 22:22:04,c2311-C-2720,c2311-C-2720,16.5,0.0,0.0,0.0,20,16.0,17.0,30,19.5,17.0,18.5,16.5,37.0,6330.0,225
2023-05-09 22:22:05,c2311-C-2720,c2311-C-2720,16.5,0.0,0.0,0.0,20,16.0,17.0,40,19.5,17.0,18.5,16.5,37.0,6330.0,225
2023-05-09 22:22:10,c2311-C-2720,c2311-C-2720,16.5,0.0,0.0,0.0,30,16.0,17.0,40,19.5,17.0,18.5,16.5,37.0,6330.0,225
2023-05-09 22:22:11,c2311-C-2720,c2311-C-2720,16.5,0.0,0.0,0.0,20,16.0,17.0,40,19.5,17.0,18.5,16.5,37.0,6330.0,225
2023-05-09 22:23:30,c2311-C-2720,c2311-C-2720,16.5,0.0,0.0,0.0,55,16.0,17.0,65,19.5,17.0,18.5,16.5,37.0,6330.0,225
2023-05-09 22:23:30,c2311-C-2720,c2311-C-2720,16.5,0.0,0.0,0.0,30,16.0,17.0,65,19.5,17.0,18.5,16.5,37.0,6330.0,225
2023-05-09 22:23:31,c2311-C-2720,c2311-C-2720,16.5,0.0,0.0,0.0,30,16.0,17.0,55,19.5,17.0,18.5,16.5,37.0,6330.0,225
2023-05-09 22:23:58,c2311-C-2720,c2311-C-2720,16.5,0.0,0.0,0.0,20,16.0,17.0,65,19.5,17.0,18.5,16.5,37.0,6330.0,225
2023-05-09 22:24:45,c2311-C-2720,c2311-C-2720,16.5,0.0,0.0,0.0,20,16.0,17.0,55,19.5,17.0,18.5,16.5,37.0,6330.0,225
2023-05-09 22:24:45,c2311-C-2720,c2311-C-2720,16.5,0.0,0.0,0.0,30,16.0,17.0,55,19.5,17.0,18.5,16.5,37.0,6330.0,225
2023-05-09 22:24:46,c2311-C-2720,c2311-C-2720,16.5,0.0,0.0,0.0,30,16.0,17.0,30,19.5,17.0,18.5,16.5,37.0,6330.0,225
2023-05-09 22:24:51,c2311-C-2720,c2311-C-2720,16.5,0.0,0.0,0.0,30,16.0,17.0,40,19.5,17.0,18.5,16.5,37.0,6330.0,225
2023-05-09 22:24:56,c2311-C-2720,c2311-C-2720,16.5,0.0,0.0,0.0,20,16.0,17.0,40,19.5,17.0,18.5,16.5,37.0,6330.0,225
2023-05-09 22:25:06,c2311-C-2720,c2311-C-2720,16.5,0.0,0.0,0.0,30,16.0,17.0,40,19.5,17.0,18.5,16.5,37.0,6330.0,225
2023-05-09 22:25:24,c2311-C-2720,c2311-C-2720,16.5,0.0,0.0,0.0,20,16.0,17.0,40,19.5,17.0,18.5,16.5,37.0,6330.0,225
2023-05-09 22:27:06,c2311-C-2720,c2311-C-2720,16.5,0.0,0.0,0.0,20,16.0,17.0,30,19.5,17.0,18.5,16.5,37.0,6330.0,225
2023-05-09 22:27:07,c2311-C-2720,c2311-C-2720,16.5,0.0,0.0,0.0,20,16.0,17.0,40,19.5,17.0,18.5,16.5,37.0,6330.0,225
2023-05-09 22:27:52,c2311-C-2720,c2311-C-2720,16.5,0.0,0.0,0.0,20,16.0,17.0,30,19.5,17.0,18.5,16.5,37.0,6330.0,225
2023-05-09 22:27:52,c2311-C-2720,c2311-C-2720,16.5,0.0,0.0,0.0,20,16.0,17.0,40,19.5,17.0,18.5,16.5,37.0,6330.0,225
2023-05-09 22:28:25,c2311-C-2720,c2311-C-2720,16.5,0.0,0.0,0.0,20,16.0,17.0,30,19.5,17.0,18.5,16.5,37.0,6330.0,225
2023-05-09 22:28:27,c2311-C-2720,c2311-C-2720,16.5,0.0,0.0,0.0,20,16.0,17.0,40,19.5,17.0,18.5,16.5,37.0,6330.0,225
2023-05-09 22:28:41,c2311-C-2720,c2311-C-2720,16.5,0.0,0.0,0.0,20,16.0,17.0,30,19.5,17.0,18.5,16.5,37.0,6330.0,225
2023-05-09 22:28:41,c2311-C-2720,c2311-C-2720,16.5,0.0,0.0,0.0,30,16.0,17.0,30,19.5,17.0,18.5,16.5,37.0,6330.0,225
2023-05-09 22:28:44,c2311-C-2720,c2311-C-2720,16.5,0.0,0.0,0.0,30,16.0,17.0,40,19.5,17.0,18.5,16.5,37.0,6330.0,225
2023-05-09 22:28:45,c2311-C-2720,c2311-C-2720,16.5,0.0,0.0,0.0,30,16.0,17.0,30,19.5,17.0,18.5,16.5,37.0,6330.0,225
2023-05-09 22:28:45,c2311-C-2720,c2311-C-2720,16.5,0.0,0.0,0.0,30,16.0,17.0,40,19.5,17.0,18.5,16.5,37.0,6330.0,225
2023-05-09 22:28:46,c2311-C-2720,c2311-C-2720,16.5,0.0,0.0,0.0,30,16.0,17.0,30,19.5,17.0,18.5,16.5,37.0,6330.0,225
2023-05-09 22:28:46,c2311-C-2720,c2311-C-2720,16.5,0.0,0.0,0.0,30,16.0,17.0,40,19.5,17.0,18.5,16.5,37.0,6330.0,225
2023-05-09 22:28:47,c2311-C-2720,c2311-C-2720,16.5,0.0,0.0,0.0,30,16.0,17.0,30,19.5,17.0,18.5,16.5,37.0,6330.0,225
2023-05-09 22:28:50,c2311-C-2720,c2311-C-2720,16.5,0.0,0.0,0.0,30,16.0,17.0,40,19.5,17.0,18.5,16.5,37.0,6330.0,225
2023-05-09 22:28:53,c2311-C-2720,c2311-C-2720,16.5,0.0,0.0,0.0,30,16.0,17.0,30,19.5,17.0,18.5,16.5,37.0,6330.0,225
2023-05-09 22:28:56,c2311-C-2720,c2311-C-2720,16.5,0.0,0.0,0.0,30,16.0,17.0,20,19.5,17.0,18.5,16.5,37.0,6330.0,225
2023-05-09 22:29:20,c2311-C-2720,c2311-C-2720,16.5,0.0,0.0,0.0,30,16.0,17.0,30,19.5,17.0,18.5,16.5,37.0,6330.0,225
2023-05-09 22:29:53,c2311-C-2720,c2311-C-2720,16.5,0.0,0.0,0.0,30,16.0,17.0,40,19.5,17.0,18.5,16.5,37.0,6330.0,225
2023-05-09 22:29:54,c2311-C-2720,c2311-C-2720,16.5,0.0,0.0,0.0,30,16.0,17.0,30,19.5,17.0,18.5,16.5,37.0,6330.0,225
2023-05-09 22:29:58,c2311-C-2720,c2311-C-2720,16.5,0.0,0.0,0.0,30,16.0,17.0,20,19.5,17.0,18.5,16.5,37.0,6330.0,225
2023-05-09 22:30:00,c2311-C-2720,c2311-C-2720,16.5,0.0,0.0,0.0,30,16.0,17.0,30,19.5,17.0,18.5,16.5,37.0,6330.0,225
2023-05-09 22:30:03,c2311-C-2720,c2311-C-2720,16.5,0.0,0.0,0.0,30,16.0,17.0,20,19.5,17.0,18.5,16.5,37.0,6330.0,225
2023-05-09 22:30:04,c2311-C-2720,c2311-C-2720,16.5,0.0,0.0,0.0,30,16.0,17.0,30,19.5,17.0,18.5,16.5,37.0,6330.0,225
2023-05-09 22:30:06,c2311-C-2720,c2311-C-2720,16.5,0.0,0.0,0.0,30,16.0,17.0,20,19.5,17.0,18.5,16.5,37.0,6330.0,225
2023-05-09 22:30:15,c2311-C-2720,c2311-C-2720,16.5,0.0,0.0,0.0,30,16.0,17.0,30,19.5,17.0,18.5,16.5,37.0,6330.0,225
2023-05-09 22:30:19,c2311-C-2720,c2311-C-2720,16.5,0.0,0.0,0.0,30,16.0,17.0,40,19.5,17.0,18.5,16.5,37.0,6330.0,225
2023-05-09 22:30:20,c2311-C-2720,c2311-C-2720,16.5,0.0,0.0,0.0,30,16.0,17.0,65,19.5,17.0,18.5,16.5,37.0,6330.0,225
2023-05-09 22:32:03,c2311-C-2720,c2311-C-2720,16.5,0.0,0.0,0.0,20,16.0,16.5,20,19.5,17.0,18.5,16.5,37.0,6330.0,225
2023-05-09 22:32:04,c2311-C-2720,c2311-C-2720,16.5,0.0,0.0,0.0,20,16.0,16.5,10,19.5,17.0,18.5,16.5,37.0,6330.0,225
2023-05-09 22:32:04,c2311-C-2720,c2311-C-2720,16.5,0.0,0.0,0.0,20,16.0,16.5,20,19.5,17.0,18.5,16.5,37.0,6330.0,225
2023-05-09 22:32:05,c2311-C-2720,c2311-C-2720,16.5,0.0,0.0,0.0,20,16.0,16.5,10,19.5,17.0,18.5,16.5,37.0,6330.0,225
2023-05-09 22:32:05,c2311-C-2720,c2311-C-2720,16.5,0.0,0.0,0.0,20,16.0,16.5,20,19.5,17.0,18.5,16.5,37.0,6330.0,225
2023-05-09 22:32:06,c2311-C-2720,c2311-C-2720,16.5,0.0,0.0,0.0,20,16.0,16.5,10,19.5,17.0,18.5,16.5,37.0,6330.0,225
2023-05-09 22:32:07,c2311-C-2720,c2311-C-2720,16.5,0.0,0.0,0.0,20,16.0,16.5,35,19.5,17.0,18.5,16.5,37.0,6330.0,225
2023-05-09 22:32:15,c2311-C-2720,c2311-C-2720,16.5,0.0,0.0,0.0,20,16.0,16.5,45,19.5,17.0,18.5,16.5,37.0,6330.0,225
2023-05-09 22:32:16,c2311-C-2720,c2311-C-2720,16.5,0.0,0.0,0.0,10,16.0,16.5,45,19.5,17.0,18.5,16.5,37.0,6330.0,225
2023-05-09 22:32:33,c2311-C-2720,c2311-C-2720,16.5,0.0,0.0,0.0,20,16.0,16.5,45,19.5,17.0,18.5,16.5,37.0,6330.0,225
2023-05-09 22:32:35,c2311-C-2720,c2311-C-2720,16.5,0.0,0.0,0.0,10,16.0,16.5,45,19.5,17.0,18.5,16.5,37.0,6330.0,225
2023-05-09 22:32:39,c2311-C-2720,c2311-C-2720,16.5,0.0,0.0,0.0,40,15.5,16.5,45,19.5,17.0,18.5,16.5,37.0,6330.0,225
2023-05-09 22:32:49,c2311-C-2720,c2311-C-2720,16.5,0.0,0.0,0.0,30,15.5,16.5,45,19.5,17.0,18.5,16.5,37.0,6330.0,225
2023-05-09 22:32:51,c2311-C-2720,c2311-C-2720,16.5,0.0,0.0,0.0,40,15.5,16.5,45,19.5,17.0,18.5,16.5,37.0,6330.0,225
2023-05-09 22:32:55,c2311-C-2720,c2311-C-2720,16.5,0.0,0.0,0.0,10,16.0,16.5,45,19.5,17.0,18.5,16.5,37.0,6330.0,225
2023-05-09 22:32:58,c2311-C-2720,c2311-C-2720,16.5,0.0,0.0,0.0,40,15.5,16.5,45,19.5,17.0,18.5,16.5,37.0,6330.0,225
2023-05-09 22:33:05,c2311-C-2720,c2311-C-2720,16.5,0.0,0.0,0.0,10,16.0,16.5,45,19.5,17.0,18.5,16.5,37.0,6330.0,225
2023-05-09 22:33:11,c2311-C-2720,c2311-C-2720,16.5,0.0,0.0,0.0,30,15.5,16.5,55,19.5,17.0,18.5,16.5,37.0,6330.0,225
2023-05-09 22:33:11,c2311-C-2720,c2311-C-2720,16.5,0.0,0.0,0.0,30,15.5,16.5,45,19.5,17.0,18.5,16.5,37.0,6330.0,225
2023-05-09 22:33:13,c2311-C-2720,c2311-C-2720,16.5,0.0,0.0,0.0,30,15.5,16.5,55,19.5,17.0,18.5,16.5,37.0,6330.0,225
2023-05-09 22:33:13,c2311-C-2720,c2311-C-2720,16.5,0.0,0.0,0.0,30,15.5,16.5,65,19.5,17.0,18.5,16.5,37.0,6330.0,225
2023-05-09 22:33:14,c2311-C-2720,c2311-C-2720,16.5,0.0,0.0,0.0,30,15.5,16.5,55,19.5,17.0,18.5,16.5,37.0,6330.0,225
2023-05-09 22:33:14,c2311-C-2720,c2311-C-2720,16.5,0.0,0.0,0.0,30,15.5,16.5,65,19.5,17.0,18.5,16.5,37.0,6330.0,225
2023-05-09 22:34:00,c2311-C-2720,c2311-C-2720,16.5,0.0,0.0,0.0,30,15.5,16.5,55,19.5,17.0,18.5,16.5,37.0,6330.0,225
2023-05-09 22:34:00,c2311-C-2720,c2311-C-2720,16.5,0.0,0.0,0.0,30,15.5,16.5,45,19.5,17.0,18.5,16.5,37.0,6330.0,225
2023-05-09 22:34:03,c2311-C-2720,c2311-C-2720,16.5,0.0,0.0,0.0,40,15.5,16.5,20,19.5,17.0,18.5,16.5,37.0,6330.0,225
2023-05-09 22:34:03,c2311-C-2720,c2311-C-2720,16.5,0.0,0.0,0.0,10,16.0,16.5,20,19.5,17.0,18.5,16.5,37.0,6330.0,225
2023-05-09 22:34:05,c2311-C-2720,c2311-C-2720,16.5,0.0,0.0,0.0,10,16.0,16.5,10,19.5,17.0,18.5,16.5,37.0,6330.0,225
2023-05-09 22:34:07,c2311-C-2720,c2311-C-2720,16.5,0.0,0.0,0.0,40,15.5,16.5,20,19.5,17.0,18.5,16.5,37.0,6330.0,225
2023-05-09 22:34:09,c2311-C-2720,c2311-C-2720,16.5,0.0,0.0,0.0,40,15.5,16.5,10,19.5,17.0,18.5,16.5,37.0,6330.0,225
2023-05-09 22:34:09,c2311-C-2720,c2311-C-2720,16.5,0.0,0.0,0.0,10,16.0,16.5,10,19.5,17.0,18.5,16.5,37.0,6330.0,225
2023-05-09 22:34:10,c2311-C-2720,c2311-C-2720,16.5,0.0,0.0,0.0,20,16.0,16.5,10,19.5,17.0,18.5,16.5,37.0,6330.0,225
2023-05-09 22:34:12,c2311-C-2720,c2311-C-2720,16.5,0.0,0.0,0.0,10,16.0,16.5,20,19.5,17.0,18.5,16.5,37.0,6330.0,225
2023-05-09 22:34:13,c2311-C-2720,c2311-C-2720,16.5,0.0,0.0,0.0,20,16.0,16.5,35,19.5,17.0,18.5,16.5,37.0,6330.0,225
2023-05-09 22:34:14,c2311-C-2720,c2311-C-2720,16.5,0.0,0.0,0.0,10,16.0,16.5,35,19.5,17.0,18.5,16.5,37.0,6330.0,225
2023-05-09 22:34:28,c2311-C-2720,c2311-C-2720,16.5,0.0,0.0,0.0,10,16.0,16.5,10,19.5,17.0,18.5,16.5,37.0,6330.0,225
2023-05-09 22:34:36,c2311-C-2720,c2311-C-2720,16.5,0.0,0.0,0.0,20,16.0,16.5,10,19.5,17.0,18.5,16.5,37.0,6330.0,225
2023-05-09 22:34:43,c2311-C-2720,c2311-C-2720,16.5,0.0,0.0,0.0,10,16.0,16.5,10,19.5,17.0,18.5,16.5,37.0,6330.0,225
2023-05-09 22:34:56,c2311-C-2720,c2311-C-2720,16.5,0.0,0.0,0.0,20,16.0,16.5,10,19.5,17.0,18.5,16.5,37.0,6330.0,225
2023-05-09 22:35:01,c2311-C-2720,c2311-C-2720,16.5,0.0,0.0,0.0,10,16.0,16.5,10,19.5,17.0,18.5,16.5,37.0,6330.0,225
2023-05-09 22:35:01,c2311-C-2720,c2311-C-2720,16.5,0.0,0.0,0.0,20,16.0,16.5,10,19.5,17.0,18.5,16.5,37.0,6330.0,225
2023-05-09 22:35:02,c2311-C-2720,c2311-C-2720,16.5,0.0,0.0,0.0,10,16.0,16.5,10,19.5,17.0,18.5,16.5,37.0,6330.0,225
2023-05-09 22:35:06,c2311-C-2720,c2311-C-2720,16.5,0.0,0.0,0.0,20,16.0,16.5,10,19.5,17.0,18.5,16.5,37.0,6330.0,225
2023-05-09 22:35:27,c2311-C-2720,c2311-C-2720,16.5,0.0,0.0,0.0,40,15.5,16.5,20,19.5,17.0,18.5,16.5,37.0,6330.0,225
2023-05-09 22:35:28,c2311-C-2720,c2311-C-2720,16.5,0.0,0.0,0.0,40,15.5,16.5,30,19.5,17.0,18.5,16.5,37.0,6330.0,225
2023-05-09 22:35:30,c2311-C-2720,c2311-C-2720,16.5,0.0,0.0,0.0,30,15.5,16.5,30,19.5,17.0,18.5,16.5,37.0,6330.0,225
2023-05-09 22:35:45,c2311-C-2720,c2311-C-2720,16.5,0.0,0.0,0.0,10,16.0,16.5,30,19.5,17.0,18.5,16.5,37.0,6330.0,225
2023-05-09 22:35:47,c2311-C-2720,c2311-C-2720,16.5,0.0,0.0,0.0,20,16.0,16.5,20,19.5,17.0,18.5,16.5,37.0,6330.0,225
2023-05-09 22:35:49,c2311-C-2720,c2311-C-2720,16.5,0.0,0.0,0.0,10,16.0,16.5,20,19.5,17.0,18.5,16.5,37.0,6330.0,225
2023-05-09 22:35:54,c2311-C-2720,c2311-C-2720,16.5,0.0,0.0,0.0,20,16.0,16.5,20,19.5,17.0,18.5,16.5,37.0,6330.0,225
2023-05-09 22:36:14,c2311-C-2720,c2311-C-2720,16.5,0.0,0.0,0.0,10,16.0,16.5,30,19.5,17.0,18.5,16.5,37.0,6330.0,225
2023-05-09 22:36:15,c2311-C-2720,c2311-C-2720,16.5,0.0,0.0,0.0,20,16.0,16.5,20,19.5,17.0,18.5,16.5,37.0,6330.0,225
2023-05-09 22:36:15,c2311-C-2720,c2311-C-2720,16.5,0.0,0.0,0.0,20,16.0,16.5,10,19.5,17.0,18.5,16.5,37.0,6330.0,225
2023-05-09 22:36:47,c2311-C-2720,c2311-C-2720,16.5,0.0,0.0,0.0,10,16.0,16.5,10,19.5,17.0,18.5,16.5,37.0,6330.0,225
2023-05-09 22:37:14,c2311-C-2720,c2311-C-2720,16.5,0.0,0.0,0.0,20,16.0,16.5,10,19.5,17.0,18.5,16.5,37.0,6330.0,225
2023-05-09 22:37:16,c2311-C-2720,c2311-C-2720,16.5,0.0,0.0,0.0,30,16.0,16.5,10,19.5,17.0,18.5,16.5,37.0,6330.0,225
2023-05-09 22:37:26,c2311-C-2720,c2311-C-2720,16.5,0.0,0.0,0.0,20,16.0,16.5,10,19.5,17.0,18.5,16.5,37.0,6330.0,225
2023-05-09 22:37:52,c2311-C-2720,c2311-C-2720,16.5,0.0,0.0,0.0,30,16.0,16.5,10,19.5,17.0,18.5,16.5,37.0,6330.0,225
2023-05-09 22:40:15,c2311-C-2720,c2311-C-2720,16.5,0.0,0.0,0.0,10,16.0,16.5,10,19.5,17.0,18.5,16.5,37.0,6330.0,225
2023-05-09 22:40:23,c2311-C-2720,c2311-C-2720,16.5,0.0,0.0,0.0,20,16.0,16.5,10,19.5,17.0,18.5,16.5,37.0,6330.0,225
2023-05-09 22:40:24,c2311-C-2720,c2311-C-2720,16.5,0.0,0.0,0.0,10,16.0,16.5,10,19.5,17.0,18.5,16.5,37.0,6330.0,225
2023-05-09 22:40:25,c2311-C-2720,c2311-C-2720,16.5,0.0,0.0,0.0,20,16.0,16.5,10,19.5,17.0,18.5,16.5,37.0,6330.0,225
2023-05-09 22:41:20,c2311-C-2720,c2311-C-2720,16.5,0.0,0.0,0.0,30,16.0,16.5,10,19.5,17.0,18.5,16.5,37.0,6330.0,225
2023-05-09 22:44:46,c2311-C-2720,c2311-C-2720,16.5,10.0,1650.0,0.0,33,16.0,17.0,40,19.5,17.0,18.5,16.5,47.0,7980.0,225
2023-05-09 22:47:54,c2311-C-2720,c2311-C-2720,16.5,0.0,0.0,0.0,33,16.0,17.0,30,19.5,17.0,18.5,16.5,47.0,7980.0,225
2023-05-09 22:47:54,c2311-C-2720,c2311-C-2720,16.5,0.0,0.0,0.0,33,16.0,17.0,40,19.5,17.0,18.5,16.5,47.0,7980.0,225
2023-05-09 22:47:57,c2311-C-2720,c2311-C-2720,16.5,0.0,0.0,0.0,33,16.0,17.0,30,19.5,17.0,18.5,16.5,47.0,7980.0,225
2023-05-09 22:47:58,c2311-C-2720,c2311-C-2720,16.5,0.0,0.0,0.0,33,16.0,17.0,40,19.5,17.0,18.5,16.5,47.0,7980.0,225
2023-05-09 22:48:22,c2311-C-2720,c2311-C-2720,16.5,0.0,0.0,0.0,20,16.0,16.5,10,19.5,17.0,18.5,16.5,47.0,7980.0,225
2023-05-09 22:48:22,c2311-C-2720,c2311-C-2720,16.5,0.0,0.0,0.0,20,16.0,16.5,20,19.5,17.0,18.5,16.5,47.0,7980.0,225
2023-05-09 22:48:25,c2311-C-2720,c2311-C-2720,16.5,0.0,0.0,0.0,10,16.0,16.5,20,19.5,17.0,18.5,16.5,47.0,7980.0,225
2023-05-09 22:48:42,c2311-C-2720,c2311-C-2720,16.5,0.0,0.0,0.0,10,16.0,16.5,10,19.5,17.0,18.5,16.5,47.0,7980.0,225
2023-05-09 22:48:49,c2311-C-2720,c2311-C-2720,16.5,0.0,0.0,0.0,10,16.0,16.5,20,19.5,17.0,18.5,16.5,47.0,7980.0,225
2023-05-09 22:48:58,c2311-C-2720,c2311-C-2720,16.5,0.0,0.0,0.0,58,15.5,16.5,30,19.5,17.0,18.5,16.5,47.0,7980.0,225
2023-05-09 22:49:00,c2311-C-2720,c2311-C-2720,16.5,0.0,0.0,0.0,33,15.5,16.5,55,19.5,17.0,18.5,16.5,47.0,7980.0,225
2023-05-09 22:49:32,c2311-C-2720,c2311-C-2720,16.5,0.0,0.0,0.0,10,16.0,16.5,55,19.5,17.0,18.5,16.5,47.0,7980.0,225
2023-05-09 22:49:37,c2311-C-2720,c2311-C-2720,16.5,0.0,0.0,0.0,33,15.5,16.5,55,19.5,17.0,18.5,16.5,47.0,7980.0,225
2023-05-09 22:49:40,c2311-C-2720,c2311-C-2720,16.5,0.0,0.0,0.0,10,16.0,16.5,55,19.5,17.0,18.5,16.5,47.0,7980.0,225
2023-05-09 22:49:46,c2311-C-2720,c2311-C-2720,16.5,0.0,0.0,0.0,33,15.5,16.5,55,19.5,17.0,18.5,16.5,47.0,7980.0,225
2023-05-09 22:49:47,c2311-C-2720,c2311-C-2720,16.5,0.0,0.0,0.0,30,15.5,16.5,55,19.5,17.0,18.5,16.5,47.0,7980.0,225
2023-05-09 22:49:49,c2311-C-2720,c2311-C-2720,16.5,0.0,0.0,0.0,30,15.5,16.5,65,19.5,17.0,18.5,16.5,47.0,7980.0,225
2023-05-09 22:50:02,c2311-C-2720,c2311-C-2720,16.5,0.0,0.0,0.0,30,15.5,16.5,55,19.5,17.0,18.5,16.5,47.0,7980.0,225
2023-05-09 22:50:03,c2311-C-2720,c2311-C-2720,16.5,0.0,0.0,0.0,40,15.5,16.5,55,19.5,17.0,18.5,16.5,47.0,7980.0,225
2023-05-09 22:50:08,c2311-C-2720,c2311-C-2720,16.5,0.0,0.0,0.0,40,15.5,16.5,65,19.5,17.0,18.5,16.5,47.0,7980.0,225
2023-05-09 22:50:22,c2311-C-2720,c2311-C-2720,16.5,0.0,0.0,0.0,30,15.5,16.5,65,19.5,17.0,18.5,16.5,47.0,7980.0,225
2023-05-09 22:50:30,c2311-C-2720,c2311-C-2720,16.5,0.0,0.0,0.0,40,15.5,16.5,65,19.5,17.0,18.5,16.5,47.0,7980.0,225
2023-05-09 22:50:49,c2311-C-2720,c2311-C-2720,16.5,0.0,0.0,0.0,30,15.5,16.5,65,19.5,17.0,18.5,16.5,47.0,7980.0,225
2023-05-09 22:52:27,c2311-C-2720,c2311-C-2720,16.5,0.0,0.0,0.0,40,15.5,16.5,65,19.5,17.0,18.5,16.5,47.0,7980.0,225
2023-05-09 22:52:27,c2311-C-2720,c2311-C-2720,16.5,0.0,0.0,0.0,40,15.5,16.5,55,19.5,17.0,18.5,16.5,47.0,7980.0,225
2023-05-09 22:53:08,c2311-C-2720,c2311-C-2720,16.5,0.0,0.0,0.0,40,15.5,16.5,65,19.5,17.0,18.5,16.5,47.0,7980.0,225
2023-05-09 22:53:16,c2311-C-2720,c2311-C-2720,16.5,0.0,0.0,0.0,40,15.5,16.5,55,19.5,17.0,18.5,16.5,47.0,7980.0,225
2023-05-09 22:53:18,c2311-C-2720,c2311-C-2720,16.5,0.0,0.0,0.0,30,15.5,16.5,65,19.5,17.0,18.5,16.5,47.0,7980.0,225
2023-05-09 22:53:24,c2311-C-2720,c2311-C-2720,16.5,0.0,0.0,0.0,40,15.5,16.5,55,19.5,17.0,18.5,16.5,47.0,7980.0,225
2023-05-09 22:53:26,c2311-C-2720,c2311-C-2720,16.5,0.0,0.0,0.0,30,15.5,16.5,65,19.5,17.0,18.5,16.5,47.0,7980.0,225
2023-05-09 22:53:41,c2311-C-2720,c2311-C-2720,16.5,0.0,0.0,0.0,30,15.5,16.5,55,19.5,17.0,18.5,16.5,47.0,7980.0,225
2023-05-09 22:53:41,c2311-C-2720,c2311-C-2720,16.5,0.0,0.0,0.0,30,15.5,16.5,65,19.5,17.0,18.5,16.5,47.0,7980.0,225
2023-05-09 22:53:41,c2311-C-2720,c2311-C-2720,16.5,0.0,0.0,0.0,30,15.5,16.5,55,19.5,17.0,18.5,16.5,47.0,7980.0,225
2023-05-09 22:53:45,c2311-C-2720,c2311-C-2720,16.5,0.0,0.0,0.0,30,15.5,16.5,65,19.5,17.0,18.5,16.5,47.0,7980.0,225
2023-05-09 22:53:52,c2311-C-2720,c2311-C-2720,16.5,0.0,0.0,0.0,30,15.5,16.5,55,19.5,17.0,18.5,16.5,47.0,7980.0,225
2023-05-09 22:54:09,c2311-C-2720,c2311-C-2720,16.5,0.0,0.0,0.0,30,15.5,16.5,65,19.5,17.0,18.5,16.5,47.0,7980.0,225
2023-05-09 22:57:20,c2311-C-2720,c2311-C-2720,16.5,0.0,0.0,0.0,30,15.5,16.5,55,19.5,17.0,18.5,16.5,47.0,7980.0,225
2023-05-09 22:57:31,c2311-C-2720,c2311-C-2720,16.5,0.0,0.0,0.0,20,15.5,16.5,45,19.5,17.0,18.5,16.5,47.0,7980.0,225
2023-05-09 22:57:31,c2311-C-2720,c2311-C-2720,16.5,0.0,0.0,0.0,20,15.5,16.5,55,19.5,17.0,18.5,16.5,47.0,7980.0,225
2023-05-09 22:57:32,c2311-C-2720,c2311-C-2720,16.5,0.0,0.0,0.0,20,15.5,16.5,45,19.5,17.0,18.5,16.5,47.0,7980.0,225
2023-05-09 22:58:14,c2311-C-2720,c2311-C-2720,16.5,0.0,0.0,0.0,10,15.5,16.5,45,19.5,17.0,18.5,16.5,47.0,7980.0,225
2023-05-09 22:58:17,c2311-C-2720,c2311-C-2720,16.5,0.0,0.0,0.0,20,15.5,16.5,45,19.5,17.0,18.5,16.5,47.0,7980.0,225
2023-05-09 22:58:17,c2311-C-2720,c2311-C-2720,16.5,0.0,0.0,0.0,20,15.5,16.5,55,19.5,17.0,18.5,16.5,47.0,7980.0,225
2023-05-09 22:58:19,c2311-C-2720,c2311-C-2720,16.5,0.0,0.0,0.0,20,15.5,16.5,45,19.5,17.0,18.5,16.5,47.0,7980.0,225
2023-05-09 22:58:46,c2311-C-2720,c2311-C-2720,16.5,0.0,0.0,0.0,10,15.5,16.5,35,19.5,17.0,18.5,16.5,47.0,7980.0,225
2023-05-09 22:58:51,c2311-C-2720,c2311-C-2720,16.5,0.0,0.0,0.0,10,15.5,16.5,10,19.5,17.0,18.5,16.5,47.0,7980.0,225
2023-05-09 22:58:53,c2311-C-2720,c2311-C-2720,16.5,2.0,330.0,2.0,10,15.5,16.5,10,19.5,17.0,18.5,16.5,49.0,8310.0,227
2023-05-09 22:58:58,c2311-C-2720,c2311-C-2720,16.5,0.0,0.0,0.0,10,15.5,17.0,10,19.5,17.0,18.5,16.5,49.0,8310.0,227
2023-05-09 22:59:00,c2311-C-2720,c2311-C-2720,16.5,0.0,0.0,0.0,1,2.5,0.0,0,19.5,17.0,18.5,16.5,49.0,8310.0,227
2023-05-09 22:59:00,c2311-C-2720,c2311-C-2720,16.5,0.0,0.0,0.0,1,2.5,172.0,1,19.5,17.0,18.5,16.5,49.0,8310.0,227
2023-05-09 22:59:00,c2311-C-2720,c2311-C-2720,16.5,0.0,0.0,0.0,1,2.5,171.5,10,19.5,17.0,18.5,16.5,49.0,8310.0,227
2023-05-09 22:59:07,c2311-C-2720,c2311-C-2720,16.5,0.0,0.0,0.0,1,2.5,170.0,1,19.5,17.0,18.5,16.5,49.0,8310.0,227
2023-05-09 22:59:07,c2311-C-2720,c2311-C-2720,16.5,0.0,0.0,0.0,1,2.5,169.5,10,19.5,17.0,18.5,16.5,49.0,8310.0,227
2023-05-09 22:59:08,c2311-C-2720,c2311-C-2720,16.5,0.0,0.0,0.0,1,2.5,168.0,1,19.5,17.0,18.5,16.5,49.0,8310.0,227
2023-05-09 22:59:08,c2311-C-2720,c2311-C-2720,16.5,0.0,0.0,0.0,1,2.5,167.5,10,19.5,17.0,18.5,16.5,49.0,8310.0,227
2023-05-09 22:59:09,c2311-C-2720,c2311-C-2720,16.5,0.0,0.0,0.0,1,2.5,166.0,1,19.5,17.0,18.5,16.5,49.0,8310.0,227
2023-05-09 22:59:09,c2311-C-2720,c2311-C-2720,16.5,0.0,0.0,0.0,1,2.5,165.5,10,19.5,17.0,18.5,16.5,49.0,8310.0,227
2023-05-09 22:59:19,c2311-C-2720,c2311-C-2720,16.5,0.0,0.0,0.0,1,2.5,164.0,1,19.5,17.0,18.5,16.5,49.0,8310.0,227
2023-05-09 22:59:20,c2311-C-2720,c2311-C-2720,16.5,0.0,0.0,0.0,1,2.5,163.5,10,19.5,17.0,18.5,16.5,49.0,8310.0,227
2023-05-09 22:59:20,c2311-C-2720,c2311-C-2720,16.5,0.0,0.0,0.0,1,2.5,162.0,1,19.5,17.0,18.5,16.5,49.0,8310.0,227
2023-05-09 22:59:21,c2311-C-2720,c2311-C-2720,16.5,0.0,0.0,0.0,1,2.5,161.5,10,19.5,17.0,18.5,16.5,49.0,8310.0,227
2023-05-09 22:59:21,c2311-C-2720,c2311-C-2720,16.5,0.0,0.0,0.0,1,2.5,160.0,1,19.5,17.0,18.5,16.5,49.0,8310.0,227
2023-05-09 22:59:22,c2311-C-2720,c2311-C-2720,16.5,0.0,0.0,0.0,1,2.5,159.5,10,19.5,17.0,18.5,16.5,49.0,8310.0,227
2023-05-09 22:59:29,c2311-C-2720,c2311-C-2720,16.5,0.0,0.0,0.0,1,2.5,158.0,1,19.5,17.0,18.5,16.5,49.0,8310.0,227
2023-05-09 22:59:29,c2311-C-2720,c2311-C-2720,16.5,0.0,0.0,0.0,1,2.5,157.5,10,19.5,17.0,18.5,16.5,49.0,8310.0,227
2023-05-09 22:59:38,c2311-C-2720,c2311-C-2720,16.5,0.0,0.0,0.0,1,2.5,156.0,1,19.5,17.0,18.5,16.5,49.0,8310.0,227
2023-05-09 22:59:39,c2311-C-2720,c2311-C-2720,16.5,0.0,0.0,0.0,1,2.5,155.5,10,19.5,17.0,18.5,16.5,49.0,8310.0,227
2023-05-09 22:59:55,c2311-C-2720,c2311-C-2720,16.5,0.0,0.0,0.0,1,2.5,0.0,0,19.5,17.0,18.5,16.5,49.0,8310.0,227
2023-05-10 09:00:00,c2311-C-2720,c2311-C-2720,16.5,0.0,0.0,0.0,1,9.0,0.0,0,19.5,17.0,18.5,16.5,49.0,8310.0,227
2023-05-10 09:00:01,c2311-C-2720,c2311-C-2720,16.5,0.0,0.0,0.0,1,12.0,0.0,0,19.5,17.0,18.5,16.5,49.0,8310.0,227
2023-05-10 09:00:09,c2311-C-2720,c2311-C-2720,16.5,0.0,0.0,0.0,1,12.0,65.5,1,19.5,17.0,18.5,16.5,49.0,8310.0,227
2023-05-10 09:00:09,c2311-C-2720,c2311-C-2720,16.5,0.0,0.0,0.0,1,12.0,65.0,10,19.5,17.0,18.5,16.5,49.0,8310.0,227
2023-05-10 09:00:10,c2311-C-2720,c2311-C-2720,16.5,0.0,0.0,0.0,1,12.0,52.5,1,19.5,17.0,18.5,16.5,49.0,8310.0,227
2023-05-10 09:00:10,c2311-C-2720,c2311-C-2720,16.5,0.0,0.0,0.0,1,12.0,52.0,10,19.5,17.0,18.5,16.5,49.0,8310.0,227
2023-05-10 09:00:11,c2311-C-2720,c2311-C-2720,16.5,0.0,0.0,0.0,1,12.0,39.5,1,19.5,17.0,18.5,16.5,49.0,8310.0,227
2023-05-10 09:00:12,c2311-C-2720,c2311-C-2720,16.5,0.0,0.0,0.0,1,12.0,39.0,10,19.5,17.0,18.5,16.5,49.0,8310.0,227
2023-05-10 09:00:12,c2311-C-2720,c2311-C-2720,16.5,0.0,0.0,0.0,1,12.0,26.5,1,19.5,17.0,18.5,16.5,49.0,8310.0,227
2023-05-10 09:00:13,c2311-C-2720,c2311-C-2720,16.5,0.0,0.0,0.0,1,12.0,19.0,1,19.5,17.0,18.5,16.5,49.0,8310.0,227
2023-05-10 09:00:18,c2311-C-2720,c2311-C-2720,16.5,0.0,0.0,0.0,1,12.0,52.5,1,19.5,17.0,18.5,16.5,49.0,8310.0,227
2023-05-10 09:00:19,c2311-C-2720,c2311-C-2720,16.5,0.0,0.0,0.0,1,12.0,39.5,1,19.5,17.0,18.5,16.5,49.0,8310.0,227
2023-05-10 09:00:19,c2311-C-2720,c2311-C-2720,16.5,0.0,0.0,0.0,1,12.0,39.0,10,19.5,17.0,18.5,16.5,49.0,8310.0,227
2023-05-10 09:00:20,c2311-C-2720,c2311-C-2720,16.5,0.0,0.0,0.0,1,12.0,26.5,1,19.5,17.0,18.5,16.5,49.0,8310.0,227
2023-05-10 09:00:20,c2311-C-2720,c2311-C-2720,16.5,0.0,0.0,0.0,1,12.0,18.5,1,19.5,17.0,18.5,16.5,49.0,8310.0,227
2023-05-10 09:00:26,c2311-C-2720,c2311-C-2720,16.5,0.0,0.0,0.0,1,12.0,52.5,1,19.5,17.0,18.5,16.5,49.0,8310.0,227
2023-05-10 09:00:27,c2311-C-2720,c2311-C-2720,16.5,0.0,0.0,0.0,1,12.0,39.5,1,19.5,17.0,18.5,16.5,49.0,8310.0,227
2023-05-10 09:00:27,c2311-C-2720,c2311-C-2720,16.5,0.0,0.0,0.0,1,12.0,39.0,10,19.5,17.0,18.5,16.5,49.0,8310.0,227
2023-05-10 09:00:28,c2311-C-2720,c2311-C-2720,16.5,0.0,0.0,0.0,1,12.0,26.5,1,19.5,17.0,18.5,16.5,49.0,8310.0,227
2023-05-10 09:00:28,c2311-C-2720,c2311-C-2720,16.5,0.0,0.0,0.0,1,12.0,18.5,1,19.5,17.0,18.5,16.5,49.0,8310.0,227
2023-05-10 09:00:34,c2311-C-2720,c2311-C-2720,16.5,0.0,0.0,0.0,1,18.5,52.5,1,19.5,17.0,18.5,16.5,49.0,8310.0,227
2023-05-10 09:00:34,c2311-C-2720,c2311-C-2720,18.5,1.0,185.0,1.0,1,12.0,39.5,1,19.5,17.0,18.5,16.5,50.0,8495.0,228
2023-05-10 09:00:35,c2311-C-2720,c2311-C-2720,18.5,0.0,0.0,0.0,1,12.0,39.0,10,19.5,17.0,18.5,16.5,50.0,8495.0,228
2023-05-10 09:00:35,c2311-C-2720,c2311-C-2720,18.5,0.0,0.0,0.0,1,12.0,26.5,1,19.5,17.0,18.5,16.5,50.0,8495.0,228
2023-05-10 09:00:36,c2311-C-2720,c2311-C-2720,18.5,0.0,0.0,0.0,1,12.0,18.5,1,19.5,17.0,18.5,16.5,50.0,8495.0,228
2023-05-10 09:02:16,c2311-C-2720,c2311-C-2720,18.5,0.0,0.0,0.0,11,12.0,18.5,11,19.5,17.0,18.5,16.5,50.0,8495.0,228
2023-05-10 09:04:27,c2311-C-2720,c2311-C-2720,18.5,0.0,0.0,0.0,1,12.5,18.5,11,19.5,17.0,18.5,16.5,50.0,8495.0,228
2023-05-10 09:04:27,c2311-C-2720,c2311-C-2720,18.5,0.0,0.0,0.0,11,12.5,18.5,11,19.5,17.0,18.5,16.5,50.0,8495.0,228
2023-05-10 09:04:33,c2311-C-2720,c2311-C-2720,18.5,0.0,0.0,0.0,11,13.0,18.5,11,19.5,17.0,18.5,16.5,50.0,8495.0,228
2023-05-10 09:04:37,c2311-C-2720,c2311-C-2720,18.5,0.0,0.0,0.0,1,13.5,18.5,11,19.5,17.0,18.5,16.5,50.0,8495.0,228
2023-05-10 09:04:38,c2311-C-2720,c2311-C-2720,18.5,0.0,0.0,0.0,11,13.5,18.5,11,19.5,17.0,18.5,16.5,50.0,8495.0,228
2023-05-10 09:04:43,c2311-C-2720,c2311-C-2720,18.5,0.0,0.0,0.0,10,13.5,18.5,11,19.5,17.0,18.5,16.5,50.0,8495.0,228
2023-05-10 09:04:51,c2311-C-2720,c2311-C-2720,18.5,0.0,0.0,0.0,1,14.0,18.5,11,19.5,17.0,18.5,16.5,50.0,8495.0,228
2023-05-10 09:04:51,c2311-C-2720,c2311-C-2720,18.5,0.0,0.0,0.0,11,14.0,18.5,11,19.5,17.0,18.5,16.5,50.0,8495.0,228
2023-05-10 09:04:56,c2311-C-2720,c2311-C-2720,18.5,0.0,0.0,0.0,10,14.0,18.5,11,19.5,17.0,18.5,16.5,50.0,8495.0,228
2023-05-10 09:04:56,c2311-C-2720,c2311-C-2720,18.5,0.0,0.0,0.0,10,15.0,16.0,10,19.5,17.0,18.5,16.5,50.0,8495.0,228
2023-05-10 09:04:57,c2311-C-2720,c2311-C-2720,18.5,0.0,0.0,0.0,30,15.0,16.0,30,19.5,17.0,18.5,16.5,50.0,8495.0,228
2023-05-10 09:04:59,c2311-C-2720,c2311-C-2720,18.5,0.0,0.0,0.0,30,15.0,16.0,20,19.5,17.0,18.5,16.5,50.0,8495.0,228
2023-05-10 09:05:02,c2311-C-2720,c2311-C-2720,18.5,0.0,0.0,0.0,30,15.0,16.0,30,19.5,17.0,18.5,16.5,50.0,8495.0,228
2023-05-10 09:05:04,c2311-C-2720,c2311-C-2720,18.5,0.0,0.0,0.0,30,15.0,16.0,20,19.5,17.0,18.5,16.5,50.0,8495.0,228
2023-05-10 09:05:05,c2311-C-2720,c2311-C-2720,18.5,0.0,0.0,0.0,30,15.0,16.0,30,19.5,17.0,18.5,16.5,50.0,8495.0,228
2023-05-10 09:05:06,c2311-C-2720,c2311-C-2720,18.5,0.0,0.0,0.0,1,15.5,16.0,30,19.5,17.0,18.5,16.5,50.0,8495.0,228
2023-05-10 09:05:07,c2311-C-2720,c2311-C-2720,15.5,1.0,155.0,0.0,30,15.0,16.0,58,19.5,17.0,18.5,15.5,51.0,8650.0,228
2023-05-10 09:05:08,c2311-C-2720,c2311-C-2720,15.5,0.0,0.0,0.0,30,15.0,16.0,48,19.5,17.0,18.5,15.5,51.0,8650.0,228
2023-05-10 09:05:25,c2311-C-2720,c2311-C-2720,15.5,1.0,155.0,1.0,10,15.5,16.0,48,19.5,17.0,18.5,15.5,52.0,8805.0,229
2023-05-10 09:05:33,c2311-C-2720,c2311-C-2720,15.5,10.0,1550.0,0.0,30,15.0,16.0,58,19.5,17.0,18.5,15.5,62.0,10355.0,229
2023-05-10 09:05:37,c2311-C-2720,c2311-C-2720,15.5,0.0,0.0,0.0,30,15.0,16.0,33,19.5,17.0,18.5,15.5,62.0,10355.0,229
2023-05-10 09:05:51,c2311-C-2720,c2311-C-2720,15.5,0.0,0.0,0.0,20,15.0,16.0,33,19.5,17.0,18.5,15.5,62.0,10355.0,229
2023-05-10 09:05:52,c2311-C-2720,c2311-C-2720,15.5,0.0,0.0,0.0,30,15.0,16.0,33,19.5,17.0,18.5,15.5,62.0,10355.0,229
2023-05-10 09:06:42,c2311-C-2720,c2311-C-2720,15.5,0.0,0.0,0.0,55,15.0,16.0,58,19.5,17.0,18.5,15.5,62.0,10355.0,229
2023-05-10 09:06:46,c2311-C-2720,c2311-C-2720,15.5,0.0,0.0,0.0,55,15.0,16.0,23,19.5,17.0,18.5,15.5,62.0,10355.0,229
2023-05-10 09:06:49,c2311-C-2720,c2311-C-2720,15.5,0.0,0.0,0.0,55,15.0,16.0,13,19.5,17.0,18.5,15.5,62.0,10355.0,229
2023-05-10 09:06:53,c2311-C-2720,c2311-C-2720,15.5,0.0,0.0,0.0,55,15.0,16.0,23,19.5,17.0,18.5,15.5,62.0,10355.0,229
