time,symbol_id,symbol_name,last,trade_volume,trade_amount,open_interest_change,bv1,bp1,ap1,av1,yesterday_close,today_open,today_high,today_low,volume,amount,open_interest
2023-05-09 20:55:05,c2311-P-2260,c2311-P-2260,7.0,0.0,0.0,0.0,10,0.5,0.0,0,7.0,14.0,0.0,0.0,0.0,0.0,10
2023-05-09 21:00:00,c2311-P-2260,c2311-P-2260,7.0,0.0,0.0,0.0,1,11.5,0.0,0,7.0,14.0,0.0,0.0,0.0,0.0,10
2023-05-09 21:00:15,c2311-P-2260,c2311-P-2260,7.0,0.0,0.0,0.0,1,11.5,63.0,1,7.0,14.0,0.0,0.0,0.0,0.0,10
2023-05-09 21:02:00,c2311-P-2260,c2311-P-2260,7.0,0.0,0.0,0.0,1,11.5,40.0,1,7.0,14.0,0.0,0.0,0.0,0.0,10
2023-05-09 21:02:38,c2311-P-2260,c2311-P-2260,7.0,0.0,0.0,0.0,1,11.5,26.5,1,7.0,14.0,0.0,0.0,0.0,0.0,10
2023-05-09 22:56:28,c2311-P-2260,c2311-P-2260,7.0,0.0,0.0,0.0,1,1.0,0.0,0,7.0,14.0,0.0,0.0,0.0,0.0,10
2023-05-09 22:56:29,c2311-P-2260,c2311-P-2260,7.0,0.0,0.0,0.0,1,2.5,156.5,1,7.0,14.0,0.0,0.0,0.0,0.0,10
2023-05-09 22:56:29,c2311-P-2260,c2311-P-2260,7.0,0.0,0.0,0.0,1,3.0,156.5,1,7.0,14.0,0.0,0.0,0.0,0.0,10
2023-05-09 22:57:42,c2311-P-2260,c2311-P-2260,7.0,0.0,0.0,0.0,11,0.5,156.5,1,7.0,14.0,0.0,0.0,0.0,0.0,10
2023-05-09 22:57:42,c2311-P-2260,c2311-P-2260,7.0,0.0,0.0,0.0,1,2.0,156.5,1,7.0,14.0,0.0,0.0,0.0,0.0,10
2023-05-09 22:57:59,c2311-P-2260,c2311-P-2260,7.0,0.0,0.0,0.0,11,0.5,156.5,1,7.0,14.0,0.0,0.0,0.0,0.0,10
2023-05-09 22:59:28,c2311-P-2260,c2311-P-2260,7.0,0.0,0.0,0.0,10,0.5,156.5,1,7.0,14.0,0.0,0.0,0.0,0.0,10
2023-05-09 22:59:48,c2311-P-2260,c2311-P-2260,7.0,0.0,0.0,0.0,10,0.5,0.0,0,7.0,14.0,0.0,0.0,0.0,0.0,10
2023-05-10 09:00:00,c2311-P-2260,c2311-P-2260,7.0,0.0,0.0,0.0,1,12.0,0.0,0,7.0,14.0,0.0,0.0,0.0,0.0,10
2023-05-10 09:00:01,c2311-P-2260,c2311-P-2260,7.0,0.0,0.0,0.0,1,14.5,0.0,0,7.0,14.0,0.0,0.0,0.0,0.0,10
2023-05-10 09:00:07,c2311-P-2260,c2311-P-2260,7.0,0.0,0.0,0.0,10,0.5,0.0,0,7.0,14.0,0.0,0.0,0.0,0.0,10
2023-05-10 09:00:10,c2311-P-2260,c2311-P-2260,7.0,0.0,0.0,0.0,1,13.0,65.0,1,7.0,14.0,0.0,0.0,0.0,0.0,10
2023-05-10 09:01:59,c2311-P-2260,c2311-P-2260,7.0,0.0,0.0,0.0,1,13.0,63.5,1,7.0,14.0,0.0,0.0,0.0,0.0,10
2023-05-10 09:01:59,c2311-P-2260,c2311-P-2260,7.0,0.0,0.0,0.0,1,13.0,42.5,1,7.0,14.0,0.0,0.0,0.0,0.0,10
2023-05-10 09:02:51,c2311-P-2260,c2311-P-2260,7.0,0.0,0.0,0.0,1,13.0,39.5,1,7.0,14.0,0.0,0.0,0.0,0.0,10
2023-05-10 09:05:20,c2311-P-2260,c2311-P-2260,7.0,0.0,0.0,0.0,1,13.0,32.0,1,7.0,14.0,0.0,0.0,0.0,0.0,10
2023-05-10 09:10:38,c2311-P-2260,c2311-P-2260,7.0,0.0,0.0,0.0,1,13.0,31.5,1,7.0,14.0,0.0,0.0,0.0,0.0,10
2023-05-10 09:11:40,c2311-P-2260,c2311-P-2260,7.0,0.0,0.0,0.0,1,13.0,32.0,1,7.0,14.0,0.0,0.0,0.0,0.0,10
2023-05-10 09:11:42,c2311-P-2260,c2311-P-2260,7.0,0.0,0.0,0.0,1,13.0,31.5,1,7.0,14.0,0.0,0.0,0.0,0.0,10
2023-05-10 09:59:47,c2311-P-2260,c2311-P-2260,7.0,0.0,0.0,0.0,1,1.0,31.5,1,7.0,14.0,0.0,0.0,0.0,0.0,10
2023-05-10 09:59:48,c2311-P-2260,c2311-P-2260,7.0,0.0,0.0,0.0,1,2.5,31.5,1,7.0,14.0,0.0,0.0,0.0,0.0,10
2023-05-10 10:00:21,c2311-P-2260,c2311-P-2260,7.0,0.0,0.0,0.0,1,2.5,31.0,1,7.0,14.0,0.0,0.0,0.0,0.0,10
2023-05-10 10:00:27,c2311-P-2260,c2311-P-2260,7.0,0.0,0.0,0.0,1,3.0,31.0,1,7.0,14.0,0.0,0.0,0.0,0.0,10
2023-05-10 10:00:30,c2311-P-2260,c2311-P-2260,7.0,0.0,0.0,0.0,1,14.0,31.0,1,7.0,14.0,0.0,0.0,0.0,0.0,10
2023-05-10 10:00:52,c2311-P-2260,c2311-P-2260,7.0,0.0,0.0,0.0,1,14.0,30.5,1,7.0,14.0,0.0,0.0,0.0,0.0,10
2023-05-10 10:12:51,c2311-P-2260,c2311-P-2260,14.0,1.0,140.0,1.0,31,14.0,18.0,3,7.0,14.0,14.0,14.0,1.0,140.0,11
2023-05-10 10:12:52,c2311-P-2260,c2311-P-2260,14.0,0.0,0.0,0.0,32,14.0,18.0,3,7.0,14.0,14.0,14.0,1.0,140.0,11
2023-05-10 10:13:28,c2311-P-2260,c2311-P-2260,14.0,0.0,0.0,0.0,31,14.0,18.0,3,7.0,14.0,14.0,14.0,1.0,140.0,11
2023-05-10 10:14:20,c2311-P-2260,c2311-P-2260,14.0,3.0,420.0,3.0,28,14.0,18.0,3,7.0,14.0,14.0,14.0,4.0,560.0,14
2023-05-10 10:31:34,c2311-P-2260,c2311-P-2260,18.0,1.0,180.0,1.0,3,14.5,17.0,1,7.0,14.0,18.0,14.0,5.0,740.0,15
2023-05-10 10:32:20,c2311-P-2260,c2311-P-2260,17.0,1.0,170.0,1.0,3,14.5,17.5,31,7.0,14.0,18.0,14.0,6.0,910.0,16
2023-05-10 10:32:20,c2311-P-2260,c2311-P-2260,17.0,0.0,0.0,0.0,3,14.5,17.0,1,7.0,14.0,18.0,14.0,6.0,910.0,16
2023-05-10 10:32:34,c2311-P-2260,c2311-P-2260,17.0,0.0,0.0,0.0,3,14.5,17.5,31,7.0,14.0,18.0,14.0,6.0,910.0,16
2023-05-10 11:03:46,c2311-P-2260,c2311-P-2260,17.0,0.0,0.0,0.0,28,14.0,17.5,31,7.0,14.0,18.0,14.0,6.0,910.0,16
2023-05-10 11:07:01,c2311-P-2260,c2311-P-2260,17.0,0.0,0.0,0.0,4,13.5,17.5,31,7.0,14.0,18.0,14.0,6.0,910.0,16
2023-05-10 11:08:32,c2311-P-2260,c2311-P-2260,17.0,0.0,0.0,0.0,3,13.5,17.5,31,7.0,14.0,18.0,14.0,6.0,910.0,16
2023-05-10 11:08:48,c2311-P-2260,c2311-P-2260,17.0,0.0,0.0,0.0,1,12.5,17.5,31,7.0,14.0,18.0,14.0,6.0,910.0,16
2023-05-10 11:29:25,c2311-P-2260,c2311-P-2260,17.0,0.0,0.0,0.0,1,12.5,20.0,300,7.0,14.0,18.0,14.0,6.0,910.0,16
2023-05-10 14:02:16,c2311-P-2260,c2311-P-2260,17.0,0.0,0.0,0.0,1,12.5,13.5,10,7.0,14.0,18.0,14.0,6.0,910.0,16
2023-05-10 14:02:17,c2311-P-2260,c2311-P-2260,17.0,0.0,0.0,0.0,1,12.5,13.5,20,7.0,14.0,18.0,14.0,6.0,910.0,16
2023-05-10 14:02:24,c2311-P-2260,c2311-P-2260,17.0,0.0,0.0,0.0,10,13.0,13.5,20,7.0,14.0,18.0,14.0,6.0,910.0,16
2023-05-10 14:02:28,c2311-P-2260,c2311-P-2260,17.0,0.0,0.0,0.0,10,13.0,13.5,10,7.0,14.0,18.0,14.0,6.0,910.0,16
2023-05-10 14:02:29,c2311-P-2260,c2311-P-2260,17.0,0.0,0.0,0.0,10,13.0,14.0,20,7.0,14.0,18.0,14.0,6.0,910.0,16
2023-05-10 14:02:33,c2311-P-2260,c2311-P-2260,17.0,0.0,0.0,0.0,20,13.0,14.0,30,7.0,14.0,18.0,14.0,6.0,910.0,16
2023-05-10 14:02:35,c2311-P-2260,c2311-P-2260,17.0,0.0,0.0,0.0,10,13.0,14.0,30,7.0,14.0,18.0,14.0,6.0,910.0,16
2023-05-10 14:02:36,c2311-P-2260,c2311-P-2260,17.0,0.0,0.0,0.0,10,13.0,14.0,20,7.0,14.0,18.0,14.0,6.0,910.0,16
2023-05-10 14:02:38,c2311-P-2260,c2311-P-2260,17.0,0.0,0.0,0.0,10,13.0,14.0,10,7.0,14.0,18.0,14.0,6.0,910.0,16
2023-05-10 14:02:43,c2311-P-2260,c2311-P-2260,17.0,0.0,0.0,0.0,1,12.5,15.0,10,7.0,14.0,18.0,14.0,6.0,910.0,16
2023-05-10 14:02:46,c2311-P-2260,c2311-P-2260,17.0,0.0,0.0,0.0,1,12.5,20.0,300,7.0,14.0,18.0,14.0,6.0,910.0,16
2023-05-10 15:01:14,c2311-P-2260,c2311-P-2260,17.0,0.0,0.0,0.0,1,12.5,20.0,300,7.0,14.0,18.0,14.0,6.0,910.0,16
