time,symbol_id,symbol_name,last,trade_volume,trade_amount,open_interest_change,bv1,bp1,ap1,av1,yesterday_close,today_open,today_high,today_low,volume,amount,open_interest
2023-05-09 20:55:26,c2311-C-2600,c2311-C-2600,47.0,0.0,0.0,0.0,1,0.5,0.0,0,47.0,46.0,0.0,0.0,0.0,0.0,349
2023-05-09 21:00:00,c2311-C-2600,c2311-C-2600,47.0,0.0,0.0,0.0,10,3.5,0.0,0,47.0,46.0,0.0,0.0,0.0,0.0,349
2023-05-09 21:00:03,c2311-C-2600,c2311-C-2600,47.0,0.0,0.0,0.0,1,16.5,0.0,0,47.0,46.0,0.0,0.0,0.0,0.0,349
2023-05-09 21:00:03,c2311-C-2600,c2311-C-2600,47.0,0.0,0.0,0.0,10,19.5,0.0,0,47.0,46.0,0.0,0.0,0.0,0.0,349
2023-05-09 21:00:04,c2311-C-2600,c2311-C-2600,47.0,0.0,0.0,0.0,10,23.0,0.0,0,47.0,46.0,0.0,0.0,0.0,0.0,349
2023-05-09 21:00:05,c2311-C-2600,c2311-C-2600,47.0,0.0,0.0,0.0,10,26.5,0.0,0,47.0,46.0,0.0,0.0,0.0,0.0,349
2023-05-09 21:00:05,c2311-C-2600,c2311-C-2600,47.0,0.0,0.0,0.0,10,30.0,0.0,0,47.0,46.0,0.0,0.0,0.0,0.0,349
2023-05-09 21:00:06,c2311-C-2600,c2311-C-2600,47.0,0.0,0.0,0.0,1,39.5,0.0,0,47.0,46.0,0.0,0.0,0.0,0.0,349
2023-05-09 21:00:06,c2311-C-2600,c2311-C-2600,47.0,0.0,0.0,0.0,10,40.0,0.0,0,47.0,46.0,0.0,0.0,0.0,0.0,349
2023-05-09 21:00:07,c2311-C-2600,c2311-C-2600,47.0,0.0,0.0,0.0,10,40.0,92.0,10,47.0,46.0,0.0,0.0,0.0,0.0,349
2023-05-09 21:00:08,c2311-C-2600,c2311-C-2600,47.0,0.0,0.0,0.0,10,40.0,88.5,10,47.0,46.0,0.0,0.0,0.0,0.0,349
2023-05-09 21:00:08,c2311-C-2600,c2311-C-2600,47.0,0.0,0.0,0.0,10,40.0,85.5,10,47.0,46.0,0.0,0.0,0.0,0.0,349
2023-05-09 21:00:09,c2311-C-2600,c2311-C-2600,47.0,0.0,0.0,0.0,10,40.0,82.0,10,47.0,46.0,0.0,0.0,0.0,0.0,349
2023-05-09 21:00:09,c2311-C-2600,c2311-C-2600,47.0,0.0,0.0,0.0,10,40.0,69.0,1,47.0,46.0,0.0,0.0,0.0,0.0,349
2023-05-09 21:00:10,c2311-C-2600,c2311-C-2600,47.0,0.0,0.0,0.0,10,40.0,65.5,10,47.0,46.0,0.0,0.0,0.0,0.0,349
2023-05-09 21:00:10,c2311-C-2600,c2311-C-2600,47.0,0.0,0.0,0.0,10,40.0,62.5,10,47.0,46.0,0.0,0.0,0.0,0.0,349
2023-05-09 21:00:11,c2311-C-2600,c2311-C-2600,47.0,0.0,0.0,0.0,10,40.0,50.5,1,47.0,46.0,0.0,0.0,0.0,0.0,349
2023-05-09 21:00:11,c2311-C-2600,c2311-C-2600,47.0,0.0,0.0,0.0,10,40.0,50.0,10,47.0,46.0,0.0,0.0,0.0,0.0,349
2023-05-09 21:00:25,c2311-C-2600,c2311-C-2600,47.0,0.0,0.0,0.0,1,39.5,50.0,10,47.0,46.0,0.0,0.0,0.0,0.0,349
2023-05-09 21:00:26,c2311-C-2600,c2311-C-2600,47.0,0.0,0.0,0.0,11,39.5,50.0,10,47.0,46.0,0.0,0.0,0.0,0.0,349
2023-05-09 21:00:26,c2311-C-2600,c2311-C-2600,47.0,0.0,0.0,0.0,1,39.5,50.0,10,47.0,46.0,0.0,0.0,0.0,0.0,349
2023-05-09 21:00:32,c2311-C-2600,c2311-C-2600,47.0,0.0,0.0,0.0,10,16.5,50.0,10,47.0,46.0,0.0,0.0,0.0,0.0,349
2023-05-09 21:00:33,c2311-C-2600,c2311-C-2600,47.0,0.0,0.0,0.0,10,32.5,50.0,10,47.0,46.0,0.0,0.0,0.0,0.0,349
2023-05-09 21:00:33,c2311-C-2600,c2311-C-2600,47.0,0.0,0.0,0.0,10,38.5,50.0,10,47.0,46.0,0.0,0.0,0.0,0.0,349
2023-05-09 21:00:51,c2311-C-2600,c2311-C-2600,47.0,0.0,0.0,0.0,11,38.0,50.0,10,47.0,46.0,0.0,0.0,0.0,0.0,349
2023-05-09 21:00:58,c2311-C-2600,c2311-C-2600,47.0,0.0,0.0,0.0,1,38.0,50.0,10,47.0,46.0,0.0,0.0,0.0,0.0,349
2023-05-09 21:01:05,c2311-C-2600,c2311-C-2600,47.0,0.0,0.0,0.0,10,16.5,50.0,10,47.0,46.0,0.0,0.0,0.0,0.0,349
2023-05-09 21:01:06,c2311-C-2600,c2311-C-2600,47.0,0.0,0.0,0.0,10,32.0,50.0,10,47.0,46.0,0.0,0.0,0.0,0.0,349
2023-05-09 21:01:06,c2311-C-2600,c2311-C-2600,47.0,0.0,0.0,0.0,11,37.5,50.0,10,47.0,46.0,0.0,0.0,0.0,0.0,349
2023-05-09 21:01:08,c2311-C-2600,c2311-C-2600,47.0,0.0,0.0,0.0,10,41.5,43.0,10,47.0,46.0,0.0,0.0,0.0,0.0,349
2023-05-09 21:01:11,c2311-C-2600,c2311-C-2600,47.0,0.0,0.0,0.0,10,41.5,43.5,10,47.0,46.0,0.0,0.0,0.0,0.0,349
2023-05-09 21:01:13,c2311-C-2600,c2311-C-2600,47.0,0.0,0.0,0.0,10,41.5,43.0,10,47.0,46.0,0.0,0.0,0.0,0.0,349
2023-05-09 21:01:14,c2311-C-2600,c2311-C-2600,47.0,0.0,0.0,0.0,10,41.5,43.5,10,47.0,46.0,0.0,0.0,0.0,0.0,349
2023-05-09 21:01:18,c2311-C-2600,c2311-C-2600,47.0,0.0,0.0,0.0,10,41.5,43.0,10,47.0,46.0,0.0,0.0,0.0,0.0,349
2023-05-09 21:01:19,c2311-C-2600,c2311-C-2600,47.0,0.0,0.0,0.0,10,41.5,43.5,10,47.0,46.0,0.0,0.0,0.0,0.0,349
2023-05-09 21:01:23,c2311-C-2600,c2311-C-2600,47.0,0.0,0.0,0.0,10,42.0,44.0,10,47.0,46.0,0.0,0.0,0.0,0.0,349
2023-05-09 21:01:31,c2311-C-2600,c2311-C-2600,47.0,0.0,0.0,0.0,10,41.5,43.5,10,47.0,46.0,0.0,0.0,0.0,0.0,349
2023-05-09 21:01:33,c2311-C-2600,c2311-C-2600,47.0,0.0,0.0,0.0,10,42.0,44.0,10,47.0,46.0,0.0,0.0,0.0,0.0,349
2023-05-09 21:01:33,c2311-C-2600,c2311-C-2600,47.0,0.0,0.0,0.0,10,41.5,43.5,10,47.0,46.0,0.0,0.0,0.0,0.0,349
2023-05-09 21:01:37,c2311-C-2600,c2311-C-2600,47.0,0.0,0.0,0.0,10,41.5,43.0,10,47.0,46.0,0.0,0.0,0.0,0.0,349
2023-05-09 21:01:38,c2311-C-2600,c2311-C-2600,47.0,0.0,0.0,0.0,10,41.5,43.5,10,47.0,46.0,0.0,0.0,0.0,0.0,349
2023-05-09 21:01:39,c2311-C-2600,c2311-C-2600,47.0,0.0,0.0,0.0,10,41.5,43.0,10,47.0,46.0,0.0,0.0,0.0,0.0,349
2023-05-09 21:01:40,c2311-C-2600,c2311-C-2600,47.0,0.0,0.0,0.0,10,41.0,43.0,10,47.0,46.0,0.0,0.0,0.0,0.0,349
2023-05-09 21:01:42,c2311-C-2600,c2311-C-2600,47.0,0.0,0.0,0.0,10,42.0,43.5,10,47.0,46.0,0.0,0.0,0.0,0.0,349
2023-05-09 21:01:42,c2311-C-2600,c2311-C-2600,47.0,0.0,0.0,0.0,10,41.5,43.0,10,47.0,46.0,0.0,0.0,0.0,0.0,349
2023-05-09 21:01:45,c2311-C-2600,c2311-C-2600,47.0,0.0,0.0,0.0,10,41.0,43.0,10,47.0,46.0,0.0,0.0,0.0,0.0,349
2023-05-09 21:01:46,c2311-C-2600,c2311-C-2600,47.0,0.0,0.0,0.0,10,41.5,43.0,10,47.0,46.0,0.0,0.0,0.0,0.0,349
2023-05-09 21:01:49,c2311-C-2600,c2311-C-2600,47.0,0.0,0.0,0.0,10,41.0,43.0,10,47.0,46.0,0.0,0.0,0.0,0.0,349
2023-05-09 21:01:50,c2311-C-2600,c2311-C-2600,47.0,0.0,0.0,0.0,20,41.0,43.0,20,47.0,46.0,0.0,0.0,0.0,0.0,349
2023-05-09 21:01:51,c2311-C-2600,c2311-C-2600,47.0,0.0,0.0,0.0,10,41.0,42.5,20,47.0,46.0,0.0,0.0,0.0,0.0,349
2023-05-09 21:02:03,c2311-C-2600,c2311-C-2600,47.0,0.0,0.0,0.0,20,40.5,42.5,20,47.0,46.0,0.0,0.0,0.0,0.0,349
2023-05-09 21:02:04,c2311-C-2600,c2311-C-2600,47.0,0.0,0.0,0.0,10,41.0,42.5,20,47.0,46.0,0.0,0.0,0.0,0.0,349
2023-05-09 21:02:05,c2311-C-2600,c2311-C-2600,47.0,0.0,0.0,0.0,10,41.0,42.5,10,47.0,46.0,0.0,0.0,0.0,0.0,349
2023-05-09 21:02:06,c2311-C-2600,c2311-C-2600,47.0,0.0,0.0,0.0,20,41.0,43.0,20,47.0,46.0,0.0,0.0,0.0,0.0,349
2023-05-09 21:02:10,c2311-C-2600,c2311-C-2600,47.0,0.0,0.0,0.0,10,41.5,43.5,20,47.0,46.0,0.0,0.0,0.0,0.0,349
2023-05-09 21:02:10,c2311-C-2600,c2311-C-2600,47.0,0.0,0.0,0.0,20,41.0,43.0,10,47.0,46.0,0.0,0.0,0.0,0.0,349
2023-05-09 21:02:12,c2311-C-2600,c2311-C-2600,47.0,0.0,0.0,0.0,20,41.0,43.0,30,47.0,46.0,0.0,0.0,0.0,0.0,349
2023-05-09 21:02:13,c2311-C-2600,c2311-C-2600,47.0,0.0,0.0,0.0,10,41.5,43.0,20,47.0,46.0,0.0,0.0,0.0,0.0,349
2023-05-09 21:02:13,c2311-C-2600,c2311-C-2600,47.0,0.0,0.0,0.0,10,42.0,43.0,10,47.0,46.0,0.0,0.0,0.0,0.0,349
2023-05-09 21:02:16,c2311-C-2600,c2311-C-2600,47.0,0.0,0.0,0.0,10,42.0,43.5,20,47.0,46.0,0.0,0.0,0.0,0.0,349
2023-05-09 21:02:16,c2311-C-2600,c2311-C-2600,47.0,0.0,0.0,0.0,20,42.0,43.5,30,47.0,46.0,0.0,0.0,0.0,0.0,349
2023-05-09 21:02:17,c2311-C-2600,c2311-C-2600,47.0,0.0,0.0,0.0,10,42.5,43.5,20,47.0,46.0,0.0,0.0,0.0,0.0,349
2023-05-09 21:02:17,c2311-C-2600,c2311-C-2600,47.0,0.0,0.0,0.0,20,42.0,43.5,30,47.0,46.0,0.0,0.0,0.0,0.0,349
2023-05-09 21:02:20,c2311-C-2600,c2311-C-2600,47.0,0.0,0.0,0.0,10,42.0,43.5,30,47.0,46.0,0.0,0.0,0.0,0.0,349
2023-05-09 21:02:26,c2311-C-2600,c2311-C-2600,47.0,0.0,0.0,0.0,10,42.0,43.5,40,47.0,46.0,0.0,0.0,0.0,0.0,349
2023-05-09 21:02:30,c2311-C-2600,c2311-C-2600,47.0,0.0,0.0,0.0,10,42.0,43.5,50,47.0,46.0,0.0,0.0,0.0,0.0,349
2023-05-09 21:02:31,c2311-C-2600,c2311-C-2600,47.0,0.0,0.0,0.0,20,41.5,43.0,10,47.0,46.0,0.0,0.0,0.0,0.0,349
2023-05-09 21:02:31,c2311-C-2600,c2311-C-2600,47.0,0.0,0.0,0.0,10,41.5,43.0,50,47.0,46.0,0.0,0.0,0.0,0.0,349
2023-05-09 21:02:32,c2311-C-2600,c2311-C-2600,47.0,0.0,0.0,0.0,20,41.5,43.0,50,47.0,46.0,0.0,0.0,0.0,0.0,349
2023-05-09 21:02:33,c2311-C-2600,c2311-C-2600,47.0,0.0,0.0,0.0,10,41.5,43.0,50,47.0,46.0,0.0,0.0,0.0,0.0,349
2023-05-09 21:02:34,c2311-C-2600,c2311-C-2600,47.0,0.0,0.0,0.0,20,41.5,43.0,50,47.0,46.0,0.0,0.0,0.0,0.0,349
2023-05-09 21:02:35,c2311-C-2600,c2311-C-2600,47.0,0.0,0.0,0.0,10,41.5,43.0,50,47.0,46.0,0.0,0.0,0.0,0.0,349
2023-05-09 21:02:35,c2311-C-2600,c2311-C-2600,47.0,0.0,0.0,0.0,20,41.5,43.0,50,47.0,46.0,0.0,0.0,0.0,0.0,349
2023-05-09 21:02:36,c2311-C-2600,c2311-C-2600,47.0,0.0,0.0,0.0,10,41.5,43.0,50,47.0,46.0,0.0,0.0,0.0,0.0,349
2023-05-09 21:02:41,c2311-C-2600,c2311-C-2600,47.0,0.0,0.0,0.0,20,41.5,43.0,40,47.0,46.0,0.0,0.0,0.0,0.0,349
2023-05-09 21:02:41,c2311-C-2600,c2311-C-2600,47.0,0.0,0.0,0.0,10,41.5,43.0,50,47.0,46.0,0.0,0.0,0.0,0.0,349
2023-05-09 21:02:43,c2311-C-2600,c2311-C-2600,47.0,0.0,0.0,0.0,30,41.5,43.0,20,47.0,46.0,0.0,0.0,0.0,0.0,349
2023-05-09 21:02:46,c2311-C-2600,c2311-C-2600,47.0,0.0,0.0,0.0,10,42.0,43.0,20,47.0,46.0,0.0,0.0,0.0,0.0,349
2023-05-09 21:02:52,c2311-C-2600,c2311-C-2600,47.0,0.0,0.0,0.0,10,42.0,43.0,30,47.0,46.0,0.0,0.0,0.0,0.0,349
2023-05-09 21:02:53,c2311-C-2600,c2311-C-2600,47.0,0.0,0.0,0.0,20,41.5,43.0,30,47.0,46.0,0.0,0.0,0.0,0.0,349
2023-05-09 21:02:54,c2311-C-2600,c2311-C-2600,47.0,0.0,0.0,0.0,10,42.0,43.0,30,47.0,46.0,0.0,0.0,0.0,0.0,349
2023-05-09 21:02:54,c2311-C-2600,c2311-C-2600,47.0,0.0,0.0,0.0,20,41.5,43.0,30,47.0,46.0,0.0,0.0,0.0,0.0,349
2023-05-09 21:02:54,c2311-C-2600,c2311-C-2600,47.0,0.0,0.0,0.0,10,42.0,43.0,20,47.0,46.0,0.0,0.0,0.0,0.0,349
2023-05-09 21:02:56,c2311-C-2600,c2311-C-2600,47.0,0.0,0.0,0.0,20,41.5,43.0,20,47.0,46.0,0.0,0.0,0.0,0.0,349
2023-05-09 21:02:57,c2311-C-2600,c2311-C-2600,47.0,0.0,0.0,0.0,10,42.0,43.0,20,47.0,46.0,0.0,0.0,0.0,0.0,349
2023-05-09 21:02:57,c2311-C-2600,c2311-C-2600,47.0,0.0,0.0,0.0,20,41.5,43.0,30,47.0,46.0,0.0,0.0,0.0,0.0,349
2023-05-09 21:02:57,c2311-C-2600,c2311-C-2600,47.0,0.0,0.0,0.0,10,41.5,43.0,40,47.0,46.0,0.0,0.0,0.0,0.0,349
2023-05-09 21:03:00,c2311-C-2600,c2311-C-2600,47.0,0.0,0.0,0.0,10,41.5,43.0,50,47.0,46.0,0.0,0.0,0.0,0.0,349
2023-05-09 21:03:01,c2311-C-2600,c2311-C-2600,47.0,0.0,0.0,0.0,20,41.5,43.0,50,47.0,46.0,0.0,0.0,0.0,0.0,349
2023-05-09 21:03:01,c2311-C-2600,c2311-C-2600,47.0,0.0,0.0,0.0,10,41.5,43.0,50,47.0,46.0,0.0,0.0,0.0,0.0,349
2023-05-09 21:03:05,c2311-C-2600,c2311-C-2600,47.0,0.0,0.0,0.0,10,42.0,43.0,20,47.0,46.0,0.0,0.0,0.0,0.0,349
2023-05-09 21:03:11,c2311-C-2600,c2311-C-2600,47.0,0.0,0.0,0.0,20,41.5,43.0,30,47.0,46.0,0.0,0.0,0.0,0.0,349
2023-05-09 21:03:12,c2311-C-2600,c2311-C-2600,47.0,0.0,0.0,0.0,20,41.5,43.0,40,47.0,46.0,0.0,0.0,0.0,0.0,349
2023-05-09 21:03:14,c2311-C-2600,c2311-C-2600,47.0,0.0,0.0,0.0,10,42.0,43.0,30,47.0,46.0,0.0,0.0,0.0,0.0,349
2023-05-09 21:03:14,c2311-C-2600,c2311-C-2600,47.0,0.0,0.0,0.0,10,42.0,43.0,20,47.0,46.0,0.0,0.0,0.0,0.0,349
2023-05-09 21:03:19,c2311-C-2600,c2311-C-2600,47.0,0.0,0.0,0.0,10,42.0,43.0,30,47.0,46.0,0.0,0.0,0.0,0.0,349
2023-05-09 21:03:20,c2311-C-2600,c2311-C-2600,47.0,0.0,0.0,0.0,10,42.0,43.0,20,47.0,46.0,0.0,0.0,0.0,0.0,349
2023-05-09 21:03:27,c2311-C-2600,c2311-C-2600,47.0,0.0,0.0,0.0,20,41.5,43.0,30,47.0,46.0,0.0,0.0,0.0,0.0,349
2023-05-09 21:03:29,c2311-C-2600,c2311-C-2600,47.0,0.0,0.0,0.0,20,41.5,43.0,40,47.0,46.0,0.0,0.0,0.0,0.0,349
2023-05-09 21:03:29,c2311-C-2600,c2311-C-2600,47.0,0.0,0.0,0.0,10,41.5,43.0,40,47.0,46.0,0.0,0.0,0.0,0.0,349
2023-05-09 21:03:30,c2311-C-2600,c2311-C-2600,47.0,0.0,0.0,0.0,10,41.5,43.0,50,47.0,46.0,0.0,0.0,0.0,0.0,349
2023-05-09 21:03:33,c2311-C-2600,c2311-C-2600,47.0,0.0,0.0,0.0,30,41.0,42.5,10,47.0,46.0,0.0,0.0,0.0,0.0,349
2023-05-09 21:03:34,c2311-C-2600,c2311-C-2600,47.0,0.0,0.0,0.0,40,41.0,42.5,20,47.0,46.0,0.0,0.0,0.0,0.0,349
2023-05-09 21:03:34,c2311-C-2600,c2311-C-2600,47.0,0.0,0.0,0.0,10,41.5,42.5,20,47.0,46.0,0.0,0.0,0.0,0.0,349
2023-05-09 21:03:35,c2311-C-2600,c2311-C-2600,47.0,0.0,0.0,0.0,40,41.0,42.5,20,47.0,46.0,0.0,0.0,0.0,0.0,349
2023-05-09 21:03:35,c2311-C-2600,c2311-C-2600,47.0,0.0,0.0,0.0,20,41.0,42.5,50,47.0,46.0,0.0,0.0,0.0,0.0,349
2023-05-09 21:03:35,c2311-C-2600,c2311-C-2600,47.0,0.0,0.0,0.0,30,41.0,42.5,40,47.0,46.0,0.0,0.0,0.0,0.0,349
2023-05-09 21:03:36,c2311-C-2600,c2311-C-2600,47.0,0.0,0.0,0.0,30,41.0,42.5,30,47.0,46.0,0.0,0.0,0.0,0.0,349
2023-05-09 21:03:38,c2311-C-2600,c2311-C-2600,47.0,0.0,0.0,0.0,20,41.0,42.5,40,47.0,46.0,0.0,0.0,0.0,0.0,349
2023-05-09 21:03:38,c2311-C-2600,c2311-C-2600,47.0,0.0,0.0,0.0,10,41.0,42.5,50,47.0,46.0,0.0,0.0,0.0,0.0,349
2023-05-09 21:03:40,c2311-C-2600,c2311-C-2600,47.0,0.0,0.0,0.0,20,41.0,42.5,40,47.0,46.0,0.0,0.0,0.0,0.0,349
2023-05-09 21:03:40,c2311-C-2600,c2311-C-2600,47.0,0.0,0.0,0.0,20,41.0,42.5,50,47.0,46.0,0.0,0.0,0.0,0.0,349
2023-05-09 21:03:42,c2311-C-2600,c2311-C-2600,47.0,0.0,0.0,0.0,20,41.0,42.5,30,47.0,46.0,0.0,0.0,0.0,0.0,349
2023-05-09 21:03:50,c2311-C-2600,c2311-C-2600,47.0,0.0,0.0,0.0,10,41.5,42.5,30,47.0,46.0,0.0,0.0,0.0,0.0,349
2023-05-09 21:03:50,c2311-C-2600,c2311-C-2600,47.0,0.0,0.0,0.0,10,41.5,42.5,20,47.0,46.0,0.0,0.0,0.0,0.0,349
2023-05-09 21:03:53,c2311-C-2600,c2311-C-2600,47.0,0.0,0.0,0.0,40,41.0,42.5,20,47.0,46.0,0.0,0.0,0.0,0.0,349
2023-05-09 21:03:55,c2311-C-2600,c2311-C-2600,47.0,0.0,0.0,0.0,30,41.0,42.5,20,47.0,46.0,0.0,0.0,0.0,0.0,349
2023-05-09 21:03:56,c2311-C-2600,c2311-C-2600,47.0,0.0,0.0,0.0,10,41.0,42.5,40,47.0,46.0,0.0,0.0,0.0,0.0,349
2023-05-09 21:03:59,c2311-C-2600,c2311-C-2600,47.0,0.0,0.0,0.0,10,41.0,42.5,50,47.0,46.0,0.0,0.0,0.0,0.0,349
2023-05-09 21:03:59,c2311-C-2600,c2311-C-2600,47.0,0.0,0.0,0.0,10,41.0,42.5,40,47.0,46.0,0.0,0.0,0.0,0.0,349
2023-05-09 21:04:00,c2311-C-2600,c2311-C-2600,47.0,0.0,0.0,0.0,10,41.0,42.5,50,47.0,46.0,0.0,0.0,0.0,0.0,349
2023-05-09 21:04:01,c2311-C-2600,c2311-C-2600,47.0,0.0,0.0,0.0,10,41.0,42.5,40,47.0,46.0,0.0,0.0,0.0,0.0,349
2023-05-09 21:04:02,c2311-C-2600,c2311-C-2600,47.0,0.0,0.0,0.0,20,41.0,42.5,40,47.0,46.0,0.0,0.0,0.0,0.0,349
2023-05-09 21:04:07,c2311-C-2600,c2311-C-2600,47.0,0.0,0.0,0.0,20,41.0,42.5,30,47.0,46.0,0.0,0.0,0.0,0.0,349
2023-05-09 21:04:10,c2311-C-2600,c2311-C-2600,47.0,0.0,0.0,0.0,30,41.0,42.5,40,47.0,46.0,0.0,0.0,0.0,0.0,349
2023-05-09 21:04:28,c2311-C-2600,c2311-C-2600,47.0,0.0,0.0,0.0,20,41.0,42.0,10,47.0,46.0,0.0,0.0,0.0,0.0,349
2023-05-09 21:04:28,c2311-C-2600,c2311-C-2600,47.0,0.0,0.0,0.0,20,41.0,42.0,20,47.0,46.0,0.0,0.0,0.0,0.0,349
2023-05-09 21:04:29,c2311-C-2600,c2311-C-2600,47.0,0.0,0.0,0.0,10,41.0,41.5,10,47.0,46.0,0.0,0.0,0.0,0.0,349
2023-05-09 21:04:29,c2311-C-2600,c2311-C-2600,47.0,0.0,0.0,0.0,10,41.0,42.0,40,47.0,46.0,0.0,0.0,0.0,0.0,349
2023-05-09 21:04:30,c2311-C-2600,c2311-C-2600,47.0,0.0,0.0,0.0,10,41.0,42.0,30,47.0,46.0,0.0,0.0,0.0,0.0,349
2023-05-09 21:04:31,c2311-C-2600,c2311-C-2600,47.0,0.0,0.0,0.0,10,41.0,42.0,40,47.0,46.0,0.0,0.0,0.0,0.0,349
2023-05-09 21:04:33,c2311-C-2600,c2311-C-2600,47.0,0.0,0.0,0.0,10,41.0,42.0,30,47.0,46.0,0.0,0.0,0.0,0.0,349
2023-05-09 21:04:33,c2311-C-2600,c2311-C-2600,47.0,0.0,0.0,0.0,20,41.0,42.0,30,47.0,46.0,0.0,0.0,0.0,0.0,349
2023-05-09 21:04:34,c2311-C-2600,c2311-C-2600,47.0,0.0,0.0,0.0,10,41.0,42.0,40,47.0,46.0,0.0,0.0,0.0,0.0,349
2023-05-09 21:04:36,c2311-C-2600,c2311-C-2600,47.0,0.0,0.0,0.0,20,41.0,42.0,30,47.0,46.0,0.0,0.0,0.0,0.0,349
2023-05-09 21:04:36,c2311-C-2600,c2311-C-2600,47.0,0.0,0.0,0.0,20,41.0,42.0,20,47.0,46.0,0.0,0.0,0.0,0.0,349
2023-05-09 21:04:37,c2311-C-2600,c2311-C-2600,47.0,0.0,0.0,0.0,10,41.0,42.0,40,47.0,46.0,0.0,0.0,0.0,0.0,349
2023-05-09 21:04:37,c2311-C-2600,c2311-C-2600,47.0,0.0,0.0,0.0,40,40.5,42.0,50,47.0,46.0,0.0,0.0,0.0,0.0,349
2023-05-09 21:04:38,c2311-C-2600,c2311-C-2600,47.0,0.0,0.0,0.0,10,41.0,42.0,30,47.0,46.0,0.0,0.0,0.0,0.0,349
2023-05-09 21:04:39,c2311-C-2600,c2311-C-2600,47.0,0.0,0.0,0.0,40,40.5,42.0,50,47.0,46.0,0.0,0.0,0.0,0.0,349
2023-05-09 21:04:40,c2311-C-2600,c2311-C-2600,47.0,0.0,0.0,0.0,10,41.0,42.0,40,47.0,46.0,0.0,0.0,0.0,0.0,349
2023-05-09 21:04:43,c2311-C-2600,c2311-C-2600,47.0,0.0,0.0,0.0,40,40.5,42.0,40,47.0,46.0,0.0,0.0,0.0,0.0,349
2023-05-09 21:04:43,c2311-C-2600,c2311-C-2600,47.0,0.0,0.0,0.0,40,40.5,42.0,50,47.0,46.0,0.0,0.0,0.0,0.0,349
2023-05-09 21:04:47,c2311-C-2600,c2311-C-2600,47.0,0.0,0.0,0.0,20,40.5,41.5,10,47.0,46.0,0.0,0.0,0.0,0.0,349
2023-05-09 21:04:48,c2311-C-2600,c2311-C-2600,47.0,0.0,0.0,0.0,30,40.5,41.5,10,47.0,46.0,0.0,0.0,0.0,0.0,349
2023-05-09 21:04:49,c2311-C-2600,c2311-C-2600,47.0,0.0,0.0,0.0,40,40.5,42.0,50,47.0,46.0,0.0,0.0,0.0,0.0,349
2023-05-09 21:04:51,c2311-C-2600,c2311-C-2600,47.0,0.0,0.0,0.0,30,40.5,42.0,50,47.0,46.0,0.0,0.0,0.0,0.0,349
2023-05-09 21:04:51,c2311-C-2600,c2311-C-2600,47.0,0.0,0.0,0.0,40,40.5,42.0,50,47.0,46.0,0.0,0.0,0.0,0.0,349
2023-05-09 21:04:54,c2311-C-2600,c2311-C-2600,47.0,0.0,0.0,0.0,10,41.0,42.0,40,47.0,46.0,0.0,0.0,0.0,0.0,349
2023-05-09 21:04:59,c2311-C-2600,c2311-C-2600,47.0,0.0,0.0,0.0,20,41.0,42.0,30,47.0,46.0,0.0,0.0,0.0,0.0,349
2023-05-09 21:04:59,c2311-C-2600,c2311-C-2600,47.0,0.0,0.0,0.0,30,41.0,42.0,30,47.0,46.0,0.0,0.0,0.0,0.0,349
2023-05-09 21:05:00,c2311-C-2600,c2311-C-2600,47.0,0.0,0.0,0.0,20,41.0,42.0,30,47.0,46.0,0.0,0.0,0.0,0.0,349
2023-05-09 21:05:01,c2311-C-2600,c2311-C-2600,47.0,0.0,0.0,0.0,10,41.0,42.0,40,47.0,46.0,0.0,0.0,0.0,0.0,349
2023-05-09 21:05:02,c2311-C-2600,c2311-C-2600,47.0,0.0,0.0,0.0,10,41.0,41.5,10,47.0,46.0,0.0,0.0,0.0,0.0,349
2023-05-09 21:05:03,c2311-C-2600,c2311-C-2600,47.0,0.0,0.0,0.0,10,41.0,42.0,40,47.0,46.0,0.0,0.0,0.0,0.0,349
2023-05-09 21:05:05,c2311-C-2600,c2311-C-2600,47.0,0.0,0.0,0.0,30,40.5,42.0,50,47.0,46.0,0.0,0.0,0.0,0.0,349
2023-05-09 21:05:05,c2311-C-2600,c2311-C-2600,47.0,0.0,0.0,0.0,30,40.5,42.0,40,47.0,46.0,0.0,0.0,0.0,0.0,349
2023-05-09 21:05:06,c2311-C-2600,c2311-C-2600,47.0,0.0,0.0,0.0,30,40.5,42.0,50,47.0,46.0,0.0,0.0,0.0,0.0,349
2023-05-09 21:05:08,c2311-C-2600,c2311-C-2600,47.0,0.0,0.0,0.0,20,40.5,41.5,40,47.0,46.0,0.0,0.0,0.0,0.0,349
2023-05-09 21:05:08,c2311-C-2600,c2311-C-2600,47.0,0.0,0.0,0.0,10,40.5,41.5,40,47.0,46.0,0.0,0.0,0.0,0.0,349
2023-05-09 21:05:09,c2311-C-2600,c2311-C-2600,47.0,0.0,0.0,0.0,10,40.5,41.0,10,47.0,46.0,0.0,0.0,0.0,0.0,349
2023-05-09 21:05:10,c2311-C-2600,c2311-C-2600,47.0,0.0,0.0,0.0,10,40.5,41.5,40,47.0,46.0,0.0,0.0,0.0,0.0,349
2023-05-09 21:05:11,c2311-C-2600,c2311-C-2600,47.0,0.0,0.0,0.0,10,40.5,41.0,10,47.0,46.0,0.0,0.0,0.0,0.0,349
2023-05-09 21:05:11,c2311-C-2600,c2311-C-2600,47.0,0.0,0.0,0.0,10,40.5,41.5,40,47.0,46.0,0.0,0.0,0.0,0.0,349
2023-05-09 21:05:14,c2311-C-2600,c2311-C-2600,47.0,0.0,0.0,0.0,30,40.5,41.5,10,47.0,46.0,0.0,0.0,0.0,0.0,349
2023-05-09 21:05:14,c2311-C-2600,c2311-C-2600,47.0,0.0,0.0,0.0,40,40.5,41.5,10,47.0,46.0,0.0,0.0,0.0,0.0,349
2023-05-09 21:05:15,c2311-C-2600,c2311-C-2600,47.0,0.0,0.0,0.0,10,41.0,42.0,30,47.0,46.0,0.0,0.0,0.0,0.0,349
2023-05-09 21:05:16,c2311-C-2600,c2311-C-2600,47.0,0.0,0.0,0.0,10,41.0,42.0,20,47.0,46.0,0.0,0.0,0.0,0.0,349
2023-05-09 21:05:19,c2311-C-2600,c2311-C-2600,47.0,0.0,0.0,0.0,20,41.0,42.0,20,47.0,46.0,0.0,0.0,0.0,0.0,349
2023-05-09 21:05:19,c2311-C-2600,c2311-C-2600,47.0,0.0,0.0,0.0,20,41.0,42.0,10,47.0,46.0,0.0,0.0,0.0,0.0,349
2023-05-09 21:05:22,c2311-C-2600,c2311-C-2600,47.0,0.0,0.0,0.0,30,41.0,42.0,10,47.0,46.0,0.0,0.0,0.0,0.0,349
2023-05-09 21:05:22,c2311-C-2600,c2311-C-2600,47.0,0.0,0.0,0.0,20,41.0,42.0,10,47.0,46.0,0.0,0.0,0.0,0.0,349
2023-05-09 21:05:22,c2311-C-2600,c2311-C-2600,47.0,0.0,0.0,0.0,30,41.0,42.0,10,47.0,46.0,0.0,0.0,0.0,0.0,349
2023-05-09 21:05:23,c2311-C-2600,c2311-C-2600,47.0,0.0,0.0,0.0,40,41.0,42.0,10,47.0,46.0,0.0,0.0,0.0,0.0,349
2023-05-09 21:05:24,c2311-C-2600,c2311-C-2600,47.0,0.0,0.0,0.0,10,41.0,42.0,30,47.0,46.0,0.0,0.0,0.0,0.0,349
2023-05-09 21:05:24,c2311-C-2600,c2311-C-2600,47.0,0.0,0.0,0.0,60,40.5,42.0,40,47.0,46.0,0.0,0.0,0.0,0.0,349
2023-05-09 21:05:26,c2311-C-2600,c2311-C-2600,47.0,0.0,0.0,0.0,10,41.0,42.0,30,47.0,46.0,0.0,0.0,0.0,0.0,349
2023-05-09 21:05:26,c2311-C-2600,c2311-C-2600,47.0,0.0,0.0,0.0,30,41.0,42.0,20,47.0,46.0,0.0,0.0,0.0,0.0,349
2023-05-09 21:05:27,c2311-C-2600,c2311-C-2600,47.0,0.0,0.0,0.0,40,41.0,42.0,10,47.0,46.0,0.0,0.0,0.0,0.0,349
2023-05-09 21:05:28,c2311-C-2600,c2311-C-2600,47.0,0.0,0.0,0.0,30,41.0,42.0,10,47.0,46.0,0.0,0.0,0.0,0.0,349
2023-05-09 21:05:28,c2311-C-2600,c2311-C-2600,47.0,0.0,0.0,0.0,30,41.0,42.0,20,47.0,46.0,0.0,0.0,0.0,0.0,349
2023-05-09 21:05:28,c2311-C-2600,c2311-C-2600,47.0,0.0,0.0,0.0,40,41.0,42.0,20,47.0,46.0,0.0,0.0,0.0,0.0,349
2023-05-09 21:05:30,c2311-C-2600,c2311-C-2600,47.0,0.0,0.0,0.0,40,41.0,42.0,10,47.0,46.0,0.0,0.0,0.0,0.0,349
2023-05-09 21:05:30,c2311-C-2600,c2311-C-2600,47.0,0.0,0.0,0.0,30,41.0,42.0,20,47.0,46.0,0.0,0.0,0.0,0.0,349
2023-05-09 21:05:33,c2311-C-2600,c2311-C-2600,47.0,0.0,0.0,0.0,50,41.0,42.5,70,47.0,46.0,0.0,0.0,0.0,0.0,349
2023-05-09 21:05:33,c2311-C-2600,c2311-C-2600,47.0,0.0,0.0,0.0,60,41.0,42.5,40,47.0,46.0,0.0,0.0,0.0,0.0,349
2023-05-09 21:05:35,c2311-C-2600,c2311-C-2600,47.0,0.0,0.0,0.0,50,41.0,42.5,60,47.0,46.0,0.0,0.0,0.0,0.0,349
2023-05-09 21:05:35,c2311-C-2600,c2311-C-2600,47.0,0.0,0.0,0.0,40,41.0,42.5,70,47.0,46.0,0.0,0.0,0.0,0.0,349
2023-05-09 21:05:36,c2311-C-2600,c2311-C-2600,47.0,0.0,0.0,0.0,50,41.0,42.5,60,47.0,46.0,0.0,0.0,0.0,0.0,349
2023-05-09 21:05:36,c2311-C-2600,c2311-C-2600,47.0,0.0,0.0,0.0,60,41.0,42.5,30,47.0,46.0,0.0,0.0,0.0,0.0,349
2023-05-09 21:05:39,c2311-C-2600,c2311-C-2600,47.0,0.0,0.0,0.0,30,41.0,42.0,10,47.0,46.0,0.0,0.0,0.0,0.0,349
2023-05-09 21:05:40,c2311-C-2600,c2311-C-2600,47.0,0.0,0.0,0.0,40,41.0,42.0,10,47.0,46.0,0.0,0.0,0.0,0.0,349
2023-05-09 21:05:42,c2311-C-2600,c2311-C-2600,47.0,0.0,0.0,0.0,50,41.0,42.0,10,47.0,46.0,0.0,0.0,0.0,0.0,349
2023-05-09 21:05:44,c2311-C-2600,c2311-C-2600,47.0,0.0,0.0,0.0,60,41.0,42.5,40,47.0,46.0,0.0,0.0,0.0,0.0,349
2023-05-09 21:05:45,c2311-C-2600,c2311-C-2600,47.0,0.0,0.0,0.0,60,41.0,42.5,30,47.0,46.0,0.0,0.0,0.0,0.0,349
2023-05-09 21:05:45,c2311-C-2600,c2311-C-2600,47.0,0.0,0.0,0.0,20,41.5,42.5,20,47.0,46.0,0.0,0.0,0.0,0.0,349
2023-05-09 21:05:48,c2311-C-2600,c2311-C-2600,47.0,0.0,0.0,0.0,30,41.5,42.5,10,47.0,46.0,0.0,0.0,0.0,0.0,349
2023-05-09 21:05:48,c2311-C-2600,c2311-C-2600,47.0,0.0,0.0,0.0,30,41.5,42.5,20,47.0,46.0,0.0,0.0,0.0,0.0,349
2023-05-09 21:05:51,c2311-C-2600,c2311-C-2600,47.0,0.0,0.0,0.0,20,41.5,42.5,20,47.0,46.0,0.0,0.0,0.0,0.0,349
2023-05-09 21:05:53,c2311-C-2600,c2311-C-2600,47.0,0.0,0.0,0.0,30,41.5,42.5,10,47.0,46.0,0.0,0.0,0.0,0.0,349
2023-05-09 21:05:54,c2311-C-2600,c2311-C-2600,47.0,0.0,0.0,0.0,40,41.5,42.5,10,47.0,46.0,0.0,0.0,0.0,0.0,349
2023-05-09 21:05:55,c2311-C-2600,c2311-C-2600,47.0,0.0,0.0,0.0,40,41.5,43.0,50,47.0,46.0,0.0,0.0,0.0,0.0,349
2023-05-09 21:05:56,c2311-C-2600,c2311-C-2600,47.0,0.0,0.0,0.0,50,41.5,43.0,50,47.0,46.0,0.0,0.0,0.0,0.0,349
2023-05-09 21:05:58,c2311-C-2600,c2311-C-2600,47.0,0.0,0.0,0.0,40,41.5,42.5,10,47.0,46.0,0.0,0.0,0.0,0.0,349
2023-05-09 21:05:58,c2311-C-2600,c2311-C-2600,47.0,0.0,0.0,0.0,30,41.5,42.5,10,47.0,46.0,0.0,0.0,0.0,0.0,349
2023-05-09 21:05:59,c2311-C-2600,c2311-C-2600,47.0,0.0,0.0,0.0,40,41.5,42.5,10,47.0,46.0,0.0,0.0,0.0,0.0,349
2023-05-09 21:06:05,c2311-C-2600,c2311-C-2600,47.0,0.0,0.0,0.0,10,42.0,43.0,40,47.0,46.0,0.0,0.0,0.0,0.0,349
2023-05-09 21:06:07,c2311-C-2600,c2311-C-2600,47.0,0.0,0.0,0.0,10,42.0,43.0,50,47.0,46.0,0.0,0.0,0.0,0.0,349
2023-05-09 21:06:12,c2311-C-2600,c2311-C-2600,47.0,0.0,0.0,0.0,60,41.5,43.0,50,47.0,46.0,0.0,0.0,0.0,0.0,349
2023-05-09 21:06:14,c2311-C-2600,c2311-C-2600,47.0,0.0,0.0,0.0,60,41.5,43.0,40,47.0,46.0,0.0,0.0,0.0,0.0,349
2023-05-09 21:06:20,c2311-C-2600,c2311-C-2600,47.0,0.0,0.0,0.0,10,42.0,43.0,40,47.0,46.0,0.0,0.0,0.0,0.0,349
2023-05-09 21:06:21,c2311-C-2600,c2311-C-2600,47.0,0.0,0.0,0.0,60,41.5,43.0,40,47.0,46.0,0.0,0.0,0.0,0.0,349
2023-05-09 21:06:21,c2311-C-2600,c2311-C-2600,47.0,0.0,0.0,0.0,60,41.5,43.0,50,47.0,46.0,0.0,0.0,0.0,0.0,349
2023-05-09 21:06:22,c2311-C-2600,c2311-C-2600,47.0,0.0,0.0,0.0,50,41.5,43.0,50,47.0,46.0,0.0,0.0,0.0,0.0,349
2023-05-09 21:06:23,c2311-C-2600,c2311-C-2600,47.0,0.0,0.0,0.0,60,41.5,43.0,40,47.0,46.0,0.0,0.0,0.0,0.0,349
2023-05-09 21:06:28,c2311-C-2600,c2311-C-2600,47.0,0.0,0.0,0.0,10,42.0,43.0,40,47.0,46.0,0.0,0.0,0.0,0.0,349
2023-05-09 21:06:28,c2311-C-2600,c2311-C-2600,47.0,0.0,0.0,0.0,60,41.5,43.0,40,47.0,46.0,0.0,0.0,0.0,0.0,349
2023-05-09 21:06:29,c2311-C-2600,c2311-C-2600,47.0,0.0,0.0,0.0,50,41.5,42.5,10,47.0,46.0,0.0,0.0,0.0,0.0,349
2023-05-09 21:06:30,c2311-C-2600,c2311-C-2600,47.0,0.0,0.0,0.0,40,41.5,42.5,20,47.0,46.0,0.0,0.0,0.0,0.0,349
2023-05-09 21:06:30,c2311-C-2600,c2311-C-2600,47.0,0.0,0.0,0.0,50,41.5,42.5,10,47.0,46.0,0.0,0.0,0.0,0.0,349
2023-05-09 21:06:31,c2311-C-2600,c2311-C-2600,47.0,0.0,0.0,0.0,60,41.5,43.0,60,47.0,46.0,0.0,0.0,0.0,0.0,349
2023-05-09 21:06:32,c2311-C-2600,c2311-C-2600,47.0,0.0,0.0,0.0,60,41.5,43.0,50,47.0,46.0,0.0,0.0,0.0,0.0,349
2023-05-09 21:06:34,c2311-C-2600,c2311-C-2600,47.0,0.0,0.0,0.0,60,41.5,43.0,60,47.0,46.0,0.0,0.0,0.0,0.0,349
2023-05-09 21:06:41,c2311-C-2600,c2311-C-2600,47.0,0.0,0.0,0.0,30,41.5,42.5,10,47.0,46.0,0.0,0.0,0.0,0.0,349
2023-05-09 21:06:41,c2311-C-2600,c2311-C-2600,47.0,0.0,0.0,0.0,30,41.5,42.5,30,47.0,46.0,0.0,0.0,0.0,0.0,349
2023-05-09 21:06:41,c2311-C-2600,c2311-C-2600,47.0,0.0,0.0,0.0,40,41.5,42.5,20,47.0,46.0,0.0,0.0,0.0,0.0,349
2023-05-09 21:06:43,c2311-C-2600,c2311-C-2600,47.0,0.0,0.0,0.0,10,42.0,42.5,10,47.0,46.0,0.0,0.0,0.0,0.0,349
2023-05-09 21:06:44,c2311-C-2600,c2311-C-2600,47.0,0.0,0.0,0.0,10,42.0,43.0,50,47.0,46.0,0.0,0.0,0.0,0.0,349
2023-05-09 21:06:44,c2311-C-2600,c2311-C-2600,47.0,0.0,0.0,0.0,60,41.5,43.0,50,47.0,46.0,0.0,0.0,0.0,0.0,349
2023-05-09 21:06:44,c2311-C-2600,c2311-C-2600,47.0,0.0,0.0,0.0,60,41.5,43.0,60,47.0,46.0,0.0,0.0,0.0,0.0,349
2023-05-09 21:06:45,c2311-C-2600,c2311-C-2600,47.0,0.0,0.0,0.0,60,41.5,43.0,50,47.0,46.0,0.0,0.0,0.0,0.0,349
2023-05-09 21:06:49,c2311-C-2600,c2311-C-2600,47.0,0.0,0.0,0.0,60,41.5,43.0,40,47.0,46.0,0.0,0.0,0.0,0.0,349
2023-05-09 21:06:49,c2311-C-2600,c2311-C-2600,47.0,0.0,0.0,0.0,10,42.0,43.0,40,47.0,46.0,0.0,0.0,0.0,0.0,349
2023-05-09 21:06:51,c2311-C-2600,c2311-C-2600,47.0,0.0,0.0,0.0,10,42.0,43.0,30,47.0,46.0,0.0,0.0,0.0,0.0,349
2023-05-09 21:06:52,c2311-C-2600,c2311-C-2600,47.0,0.0,0.0,0.0,40,42.0,43.0,10,47.0,46.0,0.0,0.0,0.0,0.0,349
2023-05-09 21:06:53,c2311-C-2600,c2311-C-2600,47.0,0.0,0.0,0.0,20,42.0,43.0,20,47.0,46.0,0.0,0.0,0.0,0.0,349
2023-05-09 21:06:54,c2311-C-2600,c2311-C-2600,47.0,0.0,0.0,0.0,30,42.0,43.0,10,47.0,46.0,0.0,0.0,0.0,0.0,349
2023-05-09 21:06:55,c2311-C-2600,c2311-C-2600,47.0,0.0,0.0,0.0,10,42.0,43.0,30,47.0,46.0,0.0,0.0,0.0,0.0,349
2023-05-09 21:06:57,c2311-C-2600,c2311-C-2600,47.0,0.0,0.0,0.0,10,42.0,43.0,20,47.0,46.0,0.0,0.0,0.0,0.0,349
2023-05-09 21:06:58,c2311-C-2600,c2311-C-2600,47.0,0.0,0.0,0.0,20,42.0,43.0,20,47.0,46.0,0.0,0.0,0.0,0.0,349
2023-05-09 21:06:59,c2311-C-2600,c2311-C-2600,47.0,0.0,0.0,0.0,20,42.0,43.0,30,47.0,46.0,0.0,0.0,0.0,0.0,349
2023-05-09 21:07:00,c2311-C-2600,c2311-C-2600,47.0,0.0,0.0,0.0,30,42.0,43.0,30,47.0,46.0,0.0,0.0,0.0,0.0,349
2023-05-09 21:07:01,c2311-C-2600,c2311-C-2600,47.0,0.0,0.0,0.0,20,42.0,43.0,30,47.0,46.0,0.0,0.0,0.0,0.0,349
2023-05-09 21:07:05,c2311-C-2600,c2311-C-2600,47.0,0.0,0.0,0.0,30,41.5,43.0,40,47.0,46.0,0.0,0.0,0.0,0.0,349
2023-05-09 21:07:05,c2311-C-2600,c2311-C-2600,47.0,0.0,0.0,0.0,30,41.5,42.5,10,47.0,46.0,0.0,0.0,0.0,0.0,349
2023-05-09 21:07:05,c2311-C-2600,c2311-C-2600,47.0,0.0,0.0,0.0,30,41.5,42.5,20,47.0,46.0,0.0,0.0,0.0,0.0,349
2023-05-09 21:07:07,c2311-C-2600,c2311-C-2600,47.0,0.0,0.0,0.0,40,41.5,42.5,10,47.0,46.0,0.0,0.0,0.0,0.0,349
2023-05-09 21:07:07,c2311-C-2600,c2311-C-2600,47.0,0.0,0.0,0.0,10,42.0,43.0,40,47.0,46.0,0.0,0.0,0.0,0.0,349
2023-05-09 21:07:12,c2311-C-2600,c2311-C-2600,47.0,0.0,0.0,0.0,50,41.5,43.0,40,47.0,46.0,0.0,0.0,0.0,0.0,349
2023-05-09 21:07:13,c2311-C-2600,c2311-C-2600,47.0,0.0,0.0,0.0,40,41.5,43.0,40,47.0,46.0,0.0,0.0,0.0,0.0,349
2023-05-09 21:07:13,c2311-C-2600,c2311-C-2600,47.0,0.0,0.0,0.0,40,41.5,43.0,30,47.0,46.0,0.0,0.0,0.0,0.0,349
2023-05-09 21:07:14,c2311-C-2600,c2311-C-2600,47.0,0.0,0.0,0.0,30,41.5,43.0,40,47.0,46.0,0.0,0.0,0.0,0.0,349
2023-05-09 21:07:14,c2311-C-2600,c2311-C-2600,47.0,0.0,0.0,0.0,30,41.5,43.0,50,47.0,46.0,0.0,0.0,0.0,0.0,349
2023-05-09 21:07:16,c2311-C-2600,c2311-C-2600,47.0,0.0,0.0,0.0,20,41.5,42.5,10,47.0,46.0,0.0,0.0,0.0,0.0,349
2023-05-09 21:07:17,c2311-C-2600,c2311-C-2600,47.0,0.0,0.0,0.0,40,41.5,43.0,50,47.0,46.0,0.0,0.0,0.0,0.0,349
2023-05-09 21:07:17,c2311-C-2600,c2311-C-2600,47.0,0.0,0.0,0.0,10,42.0,43.0,40,47.0,46.0,0.0,0.0,0.0,0.0,349
2023-05-09 21:07:20,c2311-C-2600,c2311-C-2600,47.0,0.0,0.0,0.0,10,42.0,43.0,50,47.0,46.0,0.0,0.0,0.0,0.0,349
2023-05-09 21:07:20,c2311-C-2600,c2311-C-2600,47.0,0.0,0.0,0.0,30,42.0,43.0,30,47.0,46.0,0.0,0.0,0.0,0.0,349
2023-05-09 21:07:20,c2311-C-2600,c2311-C-2600,47.0,0.0,0.0,0.0,60,42.0,43.5,70,47.0,46.0,0.0,0.0,0.0,0.0,349
2023-05-09 21:07:23,c2311-C-2600,c2311-C-2600,47.0,0.0,0.0,0.0,50,42.0,43.5,60,47.0,46.0,0.0,0.0,0.0,0.0,349
2023-05-09 21:07:30,c2311-C-2600,c2311-C-2600,47.0,0.0,0.0,0.0,50,42.0,43.5,40,47.0,46.0,0.0,0.0,0.0,0.0,349
2023-05-09 21:07:30,c2311-C-2600,c2311-C-2600,47.0,0.0,0.0,0.0,10,42.5,43.5,40,47.0,46.0,0.0,0.0,0.0,0.0,349
2023-05-09 21:07:33,c2311-C-2600,c2311-C-2600,47.0,0.0,0.0,0.0,60,42.0,43.5,40,47.0,46.0,0.0,0.0,0.0,0.0,349
2023-05-09 21:07:33,c2311-C-2600,c2311-C-2600,47.0,0.0,0.0,0.0,10,42.5,43.5,40,47.0,46.0,0.0,0.0,0.0,0.0,349
2023-05-09 21:07:35,c2311-C-2600,c2311-C-2600,47.0,0.0,0.0,0.0,60,42.0,43.5,40,47.0,46.0,0.0,0.0,0.0,0.0,349
2023-05-09 21:07:35,c2311-C-2600,c2311-C-2600,47.0,0.0,0.0,0.0,10,42.5,43.5,40,47.0,46.0,0.0,0.0,0.0,0.0,349
2023-05-09 21:07:39,c2311-C-2600,c2311-C-2600,47.0,0.0,0.0,0.0,10,42.5,43.5,30,47.0,46.0,0.0,0.0,0.0,0.0,349
2023-05-09 21:07:41,c2311-C-2600,c2311-C-2600,47.0,0.0,0.0,0.0,10,42.5,43.5,40,47.0,46.0,0.0,0.0,0.0,0.0,349
2023-05-09 21:07:41,c2311-C-2600,c2311-C-2600,47.0,0.0,0.0,0.0,10,42.5,43.5,30,47.0,46.0,0.0,0.0,0.0,0.0,349
2023-05-09 21:07:42,c2311-C-2600,c2311-C-2600,47.0,0.0,0.0,0.0,20,42.5,43.5,30,47.0,46.0,0.0,0.0,0.0,0.0,349
2023-05-09 21:07:50,c2311-C-2600,c2311-C-2600,47.0,0.0,0.0,0.0,40,42.5,43.5,10,47.0,46.0,0.0,0.0,0.0,0.0,349
2023-05-09 21:07:50,c2311-C-2600,c2311-C-2600,47.0,0.0,0.0,0.0,20,43.0,44.0,40,47.0,46.0,0.0,0.0,0.0,0.0,349
2023-05-09 21:07:52,c2311-C-2600,c2311-C-2600,47.0,0.0,0.0,0.0,30,43.0,44.0,30,47.0,46.0,0.0,0.0,0.0,0.0,349
2023-05-09 21:07:52,c2311-C-2600,c2311-C-2600,47.0,0.0,0.0,0.0,20,43.0,44.0,40,47.0,46.0,0.0,0.0,0.0,0.0,349
2023-05-09 21:07:55,c2311-C-2600,c2311-C-2600,47.0,0.0,0.0,0.0,20,43.0,44.0,30,47.0,46.0,0.0,0.0,0.0,0.0,349
2023-05-09 21:07:55,c2311-C-2600,c2311-C-2600,47.0,0.0,0.0,0.0,30,43.0,44.0,30,47.0,46.0,0.0,0.0,0.0,0.0,349
2023-05-09 21:07:58,c2311-C-2600,c2311-C-2600,47.0,0.0,0.0,0.0,40,43.0,44.0,10,47.0,46.0,0.0,0.0,0.0,0.0,349
2023-05-09 21:07:58,c2311-C-2600,c2311-C-2600,47.0,0.0,0.0,0.0,40,43.0,44.0,20,47.0,46.0,0.0,0.0,0.0,0.0,349
2023-05-09 21:07:59,c2311-C-2600,c2311-C-2600,47.0,0.0,0.0,0.0,30,43.0,44.0,20,47.0,46.0,0.0,0.0,0.0,0.0,349
2023-05-09 21:08:03,c2311-C-2600,c2311-C-2600,47.0,0.0,0.0,0.0,40,43.0,44.0,20,47.0,46.0,0.0,0.0,0.0,0.0,349
2023-05-09 21:08:04,c2311-C-2600,c2311-C-2600,47.0,0.0,0.0,0.0,20,43.0,44.0,10,47.0,46.0,0.0,0.0,0.0,0.0,349
2023-05-09 21:08:04,c2311-C-2600,c2311-C-2600,47.0,0.0,0.0,0.0,20,43.0,44.0,20,47.0,46.0,0.0,0.0,0.0,0.0,349
2023-05-09 21:08:04,c2311-C-2600,c2311-C-2600,47.0,0.0,0.0,0.0,30,43.0,44.0,10,47.0,46.0,0.0,0.0,0.0,0.0,349
2023-05-09 21:08:05,c2311-C-2600,c2311-C-2600,47.0,0.0,0.0,0.0,30,43.0,44.5,50,47.0,46.0,0.0,0.0,0.0,0.0,349
2023-05-09 21:08:06,c2311-C-2600,c2311-C-2600,47.0,0.0,0.0,0.0,40,43.0,44.5,50,47.0,46.0,0.0,0.0,0.0,0.0,349
2023-05-09 21:08:06,c2311-C-2600,c2311-C-2600,47.0,0.0,0.0,0.0,10,43.5,44.5,20,47.0,46.0,0.0,0.0,0.0,0.0,349
2023-05-09 21:08:07,c2311-C-2600,c2311-C-2600,47.0,0.0,0.0,0.0,30,43.5,45.0,40,47.0,46.0,0.0,0.0,0.0,0.0,349
2023-05-09 21:08:07,c2311-C-2600,c2311-C-2600,47.0,0.0,0.0,0.0,10,44.0,45.0,40,47.0,46.0,0.0,0.0,0.0,0.0,349
2023-05-09 21:08:08,c2311-C-2600,c2311-C-2600,47.0,0.0,0.0,0.0,20,43.5,44.5,10,47.0,46.0,0.0,0.0,0.0,0.0,349
2023-05-09 21:08:09,c2311-C-2600,c2311-C-2600,47.0,0.0,0.0,0.0,10,43.5,44.5,20,47.0,46.0,0.0,0.0,0.0,0.0,349
2023-05-09 21:08:10,c2311-C-2600,c2311-C-2600,47.0,0.0,0.0,0.0,20,43.5,44.5,10,47.0,46.0,0.0,0.0,0.0,0.0,349
2023-05-09 21:08:11,c2311-C-2600,c2311-C-2600,47.0,0.0,0.0,0.0,10,43.5,44.5,20,47.0,46.0,0.0,0.0,0.0,0.0,349
2023-05-09 21:08:15,c2311-C-2600,c2311-C-2600,47.0,0.0,0.0,0.0,20,43.5,44.5,10,47.0,46.0,0.0,0.0,0.0,0.0,349
2023-05-09 21:08:16,c2311-C-2600,c2311-C-2600,47.0,0.0,0.0,0.0,30,43.5,44.5,10,47.0,46.0,0.0,0.0,0.0,0.0,349
2023-05-09 21:08:17,c2311-C-2600,c2311-C-2600,47.0,0.0,0.0,0.0,10,44.0,44.5,10,47.0,46.0,0.0,0.0,0.0,0.0,349
2023-05-09 21:08:17,c2311-C-2600,c2311-C-2600,47.0,0.0,0.0,0.0,20,43.5,44.5,20,47.0,46.0,0.0,0.0,0.0,0.0,349
2023-05-09 21:08:18,c2311-C-2600,c2311-C-2600,47.0,0.0,0.0,0.0,30,43.5,44.5,10,47.0,46.0,0.0,0.0,0.0,0.0,349
2023-05-09 21:08:18,c2311-C-2600,c2311-C-2600,47.0,0.0,0.0,0.0,40,43.5,44.5,10,47.0,46.0,0.0,0.0,0.0,0.0,349
2023-05-09 21:08:19,c2311-C-2600,c2311-C-2600,47.0,0.0,0.0,0.0,30,43.5,44.5,10,47.0,46.0,0.0,0.0,0.0,0.0,349
2023-05-09 21:08:20,c2311-C-2600,c2311-C-2600,47.0,0.0,0.0,0.0,20,43.5,44.5,20,47.0,46.0,0.0,0.0,0.0,0.0,349
2023-05-09 21:08:20,c2311-C-2600,c2311-C-2600,47.0,0.0,0.0,0.0,10,43.5,44.5,20,47.0,46.0,0.0,0.0,0.0,0.0,349
2023-05-09 21:08:21,c2311-C-2600,c2311-C-2600,47.0,0.0,0.0,0.0,20,43.5,44.5,10,47.0,46.0,0.0,0.0,0.0,0.0,349
2023-05-09 21:08:23,c2311-C-2600,c2311-C-2600,47.0,0.0,0.0,0.0,10,44.0,44.5,10,47.0,46.0,0.0,0.0,0.0,0.0,349
2023-05-09 21:08:24,c2311-C-2600,c2311-C-2600,47.0,0.0,0.0,0.0,30,43.5,44.5,10,47.0,46.0,0.0,0.0,0.0,0.0,349
2023-05-09 21:08:25,c2311-C-2600,c2311-C-2600,47.0,0.0,0.0,0.0,40,43.5,45.0,40,47.0,46.0,0.0,0.0,0.0,0.0,349
2023-05-09 21:08:26,c2311-C-2600,c2311-C-2600,47.0,0.0,0.0,0.0,30,43.5,45.0,40,47.0,46.0,0.0,0.0,0.0,0.0,349
2023-05-09 21:08:26,c2311-C-2600,c2311-C-2600,47.0,0.0,0.0,0.0,40,43.5,45.0,60,47.0,46.0,0.0,0.0,0.0,0.0,349
2023-05-09 21:08:29,c2311-C-2600,c2311-C-2600,47.0,0.0,0.0,0.0,10,44.0,45.0,50,47.0,46.0,0.0,0.0,0.0,0.0,349
2023-05-09 21:08:29,c2311-C-2600,c2311-C-2600,47.0,0.0,0.0,0.0,30,43.5,44.5,10,47.0,46.0,0.0,0.0,0.0,0.0,349
2023-05-09 21:08:30,c2311-C-2600,c2311-C-2600,47.0,0.0,0.0,0.0,20,43.5,44.5,20,47.0,46.0,0.0,0.0,0.0,0.0,349
2023-05-09 21:08:35,c2311-C-2600,c2311-C-2600,47.0,0.0,0.0,0.0,20,43.5,44.5,10,47.0,46.0,0.0,0.0,0.0,0.0,349
2023-05-09 21:08:36,c2311-C-2600,c2311-C-2600,47.0,0.0,0.0,0.0,40,43.5,44.5,10,47.0,46.0,0.0,0.0,0.0,0.0,349
2023-05-09 21:08:36,c2311-C-2600,c2311-C-2600,47.0,0.0,0.0,0.0,30,43.5,44.5,10,47.0,46.0,0.0,0.0,0.0,0.0,349
2023-05-09 21:08:38,c2311-C-2600,c2311-C-2600,47.0,0.0,0.0,0.0,20,43.5,44.5,10,47.0,46.0,0.0,0.0,0.0,0.0,349
2023-05-09 21:08:39,c2311-C-2600,c2311-C-2600,47.0,0.0,0.0,0.0,20,43.5,44.5,20,47.0,46.0,0.0,0.0,0.0,0.0,349
2023-05-09 21:08:40,c2311-C-2600,c2311-C-2600,47.0,0.0,0.0,0.0,20,43.5,44.5,10,47.0,46.0,0.0,0.0,0.0,0.0,349
2023-05-09 21:08:41,c2311-C-2600,c2311-C-2600,47.0,0.0,0.0,0.0,20,43.5,44.5,20,47.0,46.0,0.0,0.0,0.0,0.0,349
2023-05-09 21:08:42,c2311-C-2600,c2311-C-2600,47.0,0.0,0.0,0.0,30,43.5,45.0,70,47.0,46.0,0.0,0.0,0.0,0.0,349
2023-05-09 21:08:44,c2311-C-2600,c2311-C-2600,47.0,0.0,0.0,0.0,40,43.5,45.0,70,47.0,46.0,0.0,0.0,0.0,0.0,349
2023-05-09 21:08:45,c2311-C-2600,c2311-C-2600,47.0,0.0,0.0,0.0,40,43.5,45.0,60,47.0,46.0,0.0,0.0,0.0,0.0,349
2023-05-09 21:08:47,c2311-C-2600,c2311-C-2600,47.0,0.0,0.0,0.0,40,43.5,45.0,50,47.0,46.0,0.0,0.0,0.0,0.0,349
2023-05-09 21:08:47,c2311-C-2600,c2311-C-2600,47.0,0.0,0.0,0.0,10,44.0,45.0,30,47.0,46.0,0.0,0.0,0.0,0.0,349
2023-05-09 21:08:48,c2311-C-2600,c2311-C-2600,47.0,0.0,0.0,0.0,60,43.5,45.0,30,47.0,46.0,0.0,0.0,0.0,0.0,349
2023-05-09 21:08:49,c2311-C-2600,c2311-C-2600,47.0,0.0,0.0,0.0,30,43.5,45.0,50,47.0,46.0,0.0,0.0,0.0,0.0,349
2023-05-09 21:08:50,c2311-C-2600,c2311-C-2600,47.0,0.0,0.0,0.0,40,43.5,45.0,50,47.0,46.0,0.0,0.0,0.0,0.0,349
2023-05-09 21:08:51,c2311-C-2600,c2311-C-2600,47.0,0.0,0.0,0.0,40,43.5,45.0,60,47.0,46.0,0.0,0.0,0.0,0.0,349
2023-05-09 21:08:54,c2311-C-2600,c2311-C-2600,47.0,0.0,0.0,0.0,40,43.5,45.0,50,47.0,46.0,0.0,0.0,0.0,0.0,349
2023-05-09 21:08:54,c2311-C-2600,c2311-C-2600,47.0,0.0,0.0,0.0,10,44.0,45.0,30,47.0,46.0,0.0,0.0,0.0,0.0,349
2023-05-09 21:08:55,c2311-C-2600,c2311-C-2600,47.0,0.0,0.0,0.0,30,43.5,45.0,60,47.0,46.0,0.0,0.0,0.0,0.0,349
2023-05-09 21:08:55,c2311-C-2600,c2311-C-2600,47.0,0.0,0.0,0.0,40,43.5,45.0,60,47.0,46.0,0.0,0.0,0.0,0.0,349
2023-05-09 21:08:57,c2311-C-2600,c2311-C-2600,47.0,0.0,0.0,0.0,40,43.5,45.0,50,47.0,46.0,0.0,0.0,0.0,0.0,349
2023-05-09 21:08:58,c2311-C-2600,c2311-C-2600,47.0,0.0,0.0,0.0,40,43.5,45.0,30,47.0,46.0,0.0,0.0,0.0,0.0,349
2023-05-09 21:08:58,c2311-C-2600,c2311-C-2600,47.0,0.0,0.0,0.0,40,43.5,45.0,50,47.0,46.0,0.0,0.0,0.0,0.0,349
2023-05-09 21:08:59,c2311-C-2600,c2311-C-2600,47.0,0.0,0.0,0.0,40,43.5,45.0,40,47.0,46.0,0.0,0.0,0.0,0.0,349
2023-05-09 21:09:00,c2311-C-2600,c2311-C-2600,47.0,0.0,0.0,0.0,40,43.5,45.0,50,47.0,46.0,0.0,0.0,0.0,0.0,349
2023-05-09 21:09:00,c2311-C-2600,c2311-C-2600,47.0,0.0,0.0,0.0,10,44.0,45.0,30,47.0,46.0,0.0,0.0,0.0,0.0,349
2023-05-09 21:09:02,c2311-C-2600,c2311-C-2600,47.0,0.0,0.0,0.0,60,43.5,45.0,30,47.0,46.0,0.0,0.0,0.0,0.0,349
2023-05-09 21:09:02,c2311-C-2600,c2311-C-2600,47.0,0.0,0.0,0.0,10,44.0,45.0,20,47.0,46.0,0.0,0.0,0.0,0.0,349
2023-05-09 21:09:03,c2311-C-2600,c2311-C-2600,47.0,0.0,0.0,0.0,10,44.0,45.0,10,47.0,46.0,0.0,0.0,0.0,0.0,349
2023-05-09 21:09:04,c2311-C-2600,c2311-C-2600,47.0,0.0,0.0,0.0,60,43.5,45.0,10,47.0,46.0,0.0,0.0,0.0,0.0,349
2023-05-09 21:09:04,c2311-C-2600,c2311-C-2600,47.0,0.0,0.0,0.0,60,43.5,45.0,20,47.0,46.0,0.0,0.0,0.0,0.0,349
2023-05-09 21:09:07,c2311-C-2600,c2311-C-2600,47.0,0.0,0.0,0.0,60,43.5,45.0,30,47.0,46.0,0.0,0.0,0.0,0.0,349
2023-05-09 21:09:08,c2311-C-2600,c2311-C-2600,47.0,0.0,0.0,0.0,60,43.5,45.0,20,47.0,46.0,0.0,0.0,0.0,0.0,349
2023-05-09 21:09:09,c2311-C-2600,c2311-C-2600,47.0,0.0,0.0,0.0,60,43.5,45.0,30,47.0,46.0,0.0,0.0,0.0,0.0,349
2023-05-09 21:09:09,c2311-C-2600,c2311-C-2600,47.0,0.0,0.0,0.0,60,43.5,45.0,20,47.0,46.0,0.0,0.0,0.0,0.0,349
2023-05-09 21:09:15,c2311-C-2600,c2311-C-2600,47.0,0.0,0.0,0.0,20,44.0,45.0,10,47.0,46.0,0.0,0.0,0.0,0.0,349
2023-05-09 21:09:15,c2311-C-2600,c2311-C-2600,47.0,0.0,0.0,0.0,20,44.0,45.0,20,47.0,46.0,0.0,0.0,0.0,0.0,349
2023-05-09 21:09:16,c2311-C-2600,c2311-C-2600,47.0,0.0,0.0,0.0,60,43.5,45.0,20,47.0,46.0,0.0,0.0,0.0,0.0,349
2023-05-09 21:09:18,c2311-C-2600,c2311-C-2600,47.0,0.0,0.0,0.0,20,44.0,45.0,20,47.0,46.0,0.0,0.0,0.0,0.0,349
2023-05-09 21:09:18,c2311-C-2600,c2311-C-2600,47.0,0.0,0.0,0.0,60,43.5,45.0,20,47.0,46.0,0.0,0.0,0.0,0.0,349
2023-05-09 21:09:26,c2311-C-2600,c2311-C-2600,47.0,0.0,0.0,0.0,60,43.5,45.0,30,47.0,46.0,0.0,0.0,0.0,0.0,349
2023-05-09 21:09:28,c2311-C-2600,c2311-C-2600,47.0,0.0,0.0,0.0,50,43.5,45.0,50,47.0,46.0,0.0,0.0,0.0,0.0,349
2023-05-09 21:09:29,c2311-C-2600,c2311-C-2600,47.0,0.0,0.0,0.0,40,43.5,45.0,50,47.0,46.0,0.0,0.0,0.0,0.0,349
2023-05-09 21:09:29,c2311-C-2600,c2311-C-2600,47.0,0.0,0.0,0.0,20,43.5,44.5,10,47.0,46.0,0.0,0.0,0.0,0.0,349
2023-05-09 21:09:29,c2311-C-2600,c2311-C-2600,47.0,0.0,0.0,0.0,20,43.5,44.5,20,47.0,46.0,0.0,0.0,0.0,0.0,349
2023-05-09 21:09:31,c2311-C-2600,c2311-C-2600,47.0,0.0,0.0,0.0,30,43.5,44.5,10,47.0,46.0,0.0,0.0,0.0,0.0,349
2023-05-09 21:09:32,c2311-C-2600,c2311-C-2600,47.0,0.0,0.0,0.0,10,44.0,45.0,30,47.0,46.0,0.0,0.0,0.0,0.0,349
2023-05-09 21:09:42,c2311-C-2600,c2311-C-2600,47.0,0.0,0.0,0.0,10,44.0,45.0,20,47.0,46.0,0.0,0.0,0.0,0.0,349
2023-05-09 21:09:50,c2311-C-2600,c2311-C-2600,47.0,0.0,0.0,0.0,10,44.0,45.0,30,47.0,46.0,0.0,0.0,0.0,0.0,349
2023-05-09 21:10:12,c2311-C-2600,c2311-C-2600,47.0,0.0,0.0,0.0,10,44.0,45.0,40,47.0,46.0,0.0,0.0,0.0,0.0,349
2023-05-09 21:10:15,c2311-C-2600,c2311-C-2600,47.0,0.0,0.0,0.0,20,44.0,45.0,30,47.0,46.0,0.0,0.0,0.0,0.0,349
2023-05-09 21:10:15,c2311-C-2600,c2311-C-2600,47.0,0.0,0.0,0.0,10,44.0,45.0,40,47.0,46.0,0.0,0.0,0.0,0.0,349
2023-05-09 21:10:16,c2311-C-2600,c2311-C-2600,47.0,0.0,0.0,0.0,50,44.0,45.0,10,47.0,46.0,0.0,0.0,0.0,0.0,349
2023-05-09 21:10:17,c2311-C-2600,c2311-C-2600,47.0,0.0,0.0,0.0,30,44.0,45.0,30,47.0,46.0,0.0,0.0,0.0,0.0,349
2023-05-09 21:10:17,c2311-C-2600,c2311-C-2600,47.0,0.0,0.0,0.0,20,44.0,45.0,30,47.0,46.0,0.0,0.0,0.0,0.0,349
2023-05-09 21:10:17,c2311-C-2600,c2311-C-2600,47.0,0.0,0.0,0.0,10,44.0,45.0,30,47.0,46.0,0.0,0.0,0.0,0.0,349
2023-05-09 21:10:22,c2311-C-2600,c2311-C-2600,47.0,0.0,0.0,0.0,10,44.0,45.0,40,47.0,46.0,0.0,0.0,0.0,0.0,349
2023-05-09 21:10:36,c2311-C-2600,c2311-C-2600,47.0,0.0,0.0,0.0,10,44.0,45.0,30,47.0,46.0,0.0,0.0,0.0,0.0,349
2023-05-09 21:10:36,c2311-C-2600,c2311-C-2600,47.0,0.0,0.0,0.0,10,44.0,45.0,40,47.0,46.0,0.0,0.0,0.0,0.0,349
2023-05-09 21:10:38,c2311-C-2600,c2311-C-2600,47.0,0.0,0.0,0.0,10,44.0,45.0,30,47.0,46.0,0.0,0.0,0.0,0.0,349
2023-05-09 21:10:40,c2311-C-2600,c2311-C-2600,47.0,0.0,0.0,0.0,10,44.0,45.0,40,47.0,46.0,0.0,0.0,0.0,0.0,349
2023-05-09 21:10:43,c2311-C-2600,c2311-C-2600,47.0,0.0,0.0,0.0,10,44.0,45.0,30,47.0,46.0,0.0,0.0,0.0,0.0,349
2023-05-09 21:10:48,c2311-C-2600,c2311-C-2600,47.0,0.0,0.0,0.0,10,44.0,45.0,40,47.0,46.0,0.0,0.0,0.0,0.0,349
2023-05-09 21:10:49,c2311-C-2600,c2311-C-2600,47.0,0.0,0.0,0.0,20,44.0,45.0,10,47.0,46.0,0.0,0.0,0.0,0.0,349
2023-05-09 21:10:50,c2311-C-2600,c2311-C-2600,47.0,0.0,0.0,0.0,40,44.0,45.5,70,47.0,46.0,0.0,0.0,0.0,0.0,349
2023-05-09 21:10:51,c2311-C-2600,c2311-C-2600,47.0,0.0,0.0,0.0,50,44.0,45.5,70,47.0,46.0,0.0,0.0,0.0,0.0,349
2023-05-09 21:10:51,c2311-C-2600,c2311-C-2600,47.0,0.0,0.0,0.0,40,44.0,45.5,70,47.0,46.0,0.0,0.0,0.0,0.0,349
2023-05-09 21:10:51,c2311-C-2600,c2311-C-2600,47.0,0.0,0.0,0.0,10,44.5,45.5,70,47.0,46.0,0.0,0.0,0.0,0.0,349
2023-05-09 21:10:52,c2311-C-2600,c2311-C-2600,47.0,0.0,0.0,0.0,40,44.0,45.5,70,47.0,46.0,0.0,0.0,0.0,0.0,349
2023-05-09 21:10:53,c2311-C-2600,c2311-C-2600,47.0,0.0,0.0,0.0,40,44.0,45.0,10,47.0,46.0,0.0,0.0,0.0,0.0,349
2023-05-09 21:10:55,c2311-C-2600,c2311-C-2600,47.0,0.0,0.0,0.0,30,44.0,45.0,10,47.0,46.0,0.0,0.0,0.0,0.0,349
2023-05-09 21:10:55,c2311-C-2600,c2311-C-2600,47.0,0.0,0.0,0.0,10,44.0,45.0,30,47.0,46.0,0.0,0.0,0.0,0.0,349
2023-05-09 21:11:04,c2311-C-2600,c2311-C-2600,47.0,0.0,0.0,0.0,10,44.5,45.0,20,47.0,46.0,0.0,0.0,0.0,0.0,349
2023-05-09 21:11:07,c2311-C-2600,c2311-C-2600,47.0,0.0,0.0,0.0,20,44.0,45.0,20,47.0,46.0,0.0,0.0,0.0,0.0,349
2023-05-09 21:11:08,c2311-C-2600,c2311-C-2600,47.0,0.0,0.0,0.0,10,44.5,45.0,20,47.0,46.0,0.0,0.0,0.0,0.0,349
2023-05-09 21:11:08,c2311-C-2600,c2311-C-2600,47.0,0.0,0.0,0.0,20,44.0,45.0,20,47.0,46.0,0.0,0.0,0.0,0.0,349
2023-05-09 21:11:09,c2311-C-2600,c2311-C-2600,47.0,0.0,0.0,0.0,10,44.0,45.0,20,47.0,46.0,0.0,0.0,0.0,0.0,349
2023-05-09 21:11:13,c2311-C-2600,c2311-C-2600,47.0,0.0,0.0,0.0,10,44.5,45.0,20,47.0,46.0,0.0,0.0,0.0,0.0,349
2023-05-09 21:11:14,c2311-C-2600,c2311-C-2600,47.0,0.0,0.0,0.0,20,44.0,45.0,20,47.0,46.0,0.0,0.0,0.0,0.0,349
2023-05-09 21:11:15,c2311-C-2600,c2311-C-2600,47.0,0.0,0.0,0.0,10,44.0,45.0,20,47.0,46.0,0.0,0.0,0.0,0.0,349
2023-05-09 21:11:16,c2311-C-2600,c2311-C-2600,47.0,0.0,0.0,0.0,10,44.5,45.0,20,47.0,46.0,0.0,0.0,0.0,0.0,349
2023-05-09 21:11:20,c2311-C-2600,c2311-C-2600,47.0,0.0,0.0,0.0,20,44.0,45.0,20,47.0,46.0,0.0,0.0,0.0,0.0,349
2023-05-09 21:11:21,c2311-C-2600,c2311-C-2600,47.0,0.0,0.0,0.0,10,44.0,45.0,20,47.0,46.0,0.0,0.0,0.0,0.0,349
2023-05-09 21:11:32,c2311-C-2600,c2311-C-2600,47.0,0.0,0.0,0.0,10,44.0,45.0,30,47.0,46.0,0.0,0.0,0.0,0.0,349
2023-05-09 21:11:34,c2311-C-2600,c2311-C-2600,47.0,0.0,0.0,0.0,10,44.0,45.0,20,47.0,46.0,0.0,0.0,0.0,0.0,349
2023-05-09 21:11:35,c2311-C-2600,c2311-C-2600,47.0,0.0,0.0,0.0,10,44.0,45.0,10,47.0,46.0,0.0,0.0,0.0,0.0,349
2023-05-09 21:11:35,c2311-C-2600,c2311-C-2600,47.0,0.0,0.0,0.0,10,44.0,45.0,30,47.0,46.0,0.0,0.0,0.0,0.0,349
2023-05-09 21:11:35,c2311-C-2600,c2311-C-2600,47.0,0.0,0.0,0.0,10,44.0,45.0,20,47.0,46.0,0.0,0.0,0.0,0.0,349
2023-05-09 21:11:36,c2311-C-2600,c2311-C-2600,47.0,0.0,0.0,0.0,10,44.0,45.0,30,47.0,46.0,0.0,0.0,0.0,0.0,349
2023-05-09 21:11:37,c2311-C-2600,c2311-C-2600,47.0,0.0,0.0,0.0,30,43.5,45.0,40,47.0,46.0,0.0,0.0,0.0,0.0,349
2023-05-09 21:11:37,c2311-C-2600,c2311-C-2600,47.0,0.0,0.0,0.0,30,43.5,45.0,30,47.0,46.0,0.0,0.0,0.0,0.0,349
2023-05-09 21:11:38,c2311-C-2600,c2311-C-2600,47.0,0.0,0.0,0.0,20,43.5,45.0,30,47.0,46.0,0.0,0.0,0.0,0.0,349
2023-05-09 21:11:39,c2311-C-2600,c2311-C-2600,47.0,0.0,0.0,0.0,20,43.5,44.5,20,47.0,46.0,0.0,0.0,0.0,0.0,349
2023-05-09 21:11:39,c2311-C-2600,c2311-C-2600,47.0,0.0,0.0,0.0,20,43.5,44.5,40,47.0,46.0,0.0,0.0,0.0,0.0,349
2023-05-09 21:11:40,c2311-C-2600,c2311-C-2600,47.0,0.0,0.0,0.0,10,43.5,44.5,40,47.0,46.0,0.0,0.0,0.0,0.0,349
2023-05-09 21:11:53,c2311-C-2600,c2311-C-2600,47.0,0.0,0.0,0.0,10,43.5,44.5,30,47.0,46.0,0.0,0.0,0.0,0.0,349
2023-05-09 21:11:55,c2311-C-2600,c2311-C-2600,47.0,0.0,0.0,0.0,10,43.5,44.5,20,47.0,46.0,0.0,0.0,0.0,0.0,349
2023-05-09 21:11:56,c2311-C-2600,c2311-C-2600,47.0,0.0,0.0,0.0,30,43.5,44.5,20,47.0,46.0,0.0,0.0,0.0,0.0,349
2023-05-09 21:11:56,c2311-C-2600,c2311-C-2600,47.0,0.0,0.0,0.0,10,43.5,44.5,20,47.0,46.0,0.0,0.0,0.0,0.0,349
2023-05-09 21:11:58,c2311-C-2600,c2311-C-2600,47.0,0.0,0.0,0.0,10,43.5,44.5,10,47.0,46.0,0.0,0.0,0.0,0.0,349
2023-05-09 21:11:59,c2311-C-2600,c2311-C-2600,47.0,0.0,0.0,0.0,20,43.5,44.5,10,47.0,46.0,0.0,0.0,0.0,0.0,349
2023-05-09 21:12:00,c2311-C-2600,c2311-C-2600,47.0,0.0,0.0,0.0,30,43.5,44.5,20,47.0,46.0,0.0,0.0,0.0,0.0,349
2023-05-09 21:12:01,c2311-C-2600,c2311-C-2600,47.0,0.0,0.0,0.0,20,43.5,44.5,20,47.0,46.0,0.0,0.0,0.0,0.0,349
2023-05-09 21:12:01,c2311-C-2600,c2311-C-2600,47.0,0.0,0.0,0.0,10,43.5,44.5,30,47.0,46.0,0.0,0.0,0.0,0.0,349
2023-05-09 21:12:03,c2311-C-2600,c2311-C-2600,47.0,0.0,0.0,0.0,10,43.5,44.5,20,47.0,46.0,0.0,0.0,0.0,0.0,349
2023-05-09 21:12:03,c2311-C-2600,c2311-C-2600,47.0,0.0,0.0,0.0,30,43.5,44.5,20,47.0,46.0,0.0,0.0,0.0,0.0,349
2023-05-09 21:12:03,c2311-C-2600,c2311-C-2600,47.0,0.0,0.0,0.0,40,43.5,44.5,20,47.0,46.0,0.0,0.0,0.0,0.0,349
2023-05-09 21:12:06,c2311-C-2600,c2311-C-2600,47.0,0.0,0.0,0.0,30,43.5,44.5,20,47.0,46.0,0.0,0.0,0.0,0.0,349
2023-05-09 21:12:07,c2311-C-2600,c2311-C-2600,47.0,0.0,0.0,0.0,10,43.5,44.5,50,47.0,46.0,0.0,0.0,0.0,0.0,349
2023-05-09 21:12:09,c2311-C-2600,c2311-C-2600,47.0,0.0,0.0,0.0,50,43.0,44.5,60,47.0,46.0,0.0,0.0,0.0,0.0,349
2023-05-09 21:12:10,c2311-C-2600,c2311-C-2600,47.0,0.0,0.0,0.0,40,43.0,44.0,10,47.0,46.0,0.0,0.0,0.0,0.0,349
2023-05-09 21:12:10,c2311-C-2600,c2311-C-2600,47.0,0.0,0.0,0.0,40,43.0,44.0,20,47.0,46.0,0.0,0.0,0.0,0.0,349
2023-05-09 21:12:11,c2311-C-2600,c2311-C-2600,47.0,0.0,0.0,0.0,10,43.5,44.0,10,47.0,46.0,0.0,0.0,0.0,0.0,349
2023-05-09 21:12:12,c2311-C-2600,c2311-C-2600,47.0,0.0,0.0,0.0,10,43.5,44.5,60,47.0,46.0,0.0,0.0,0.0,0.0,349
2023-05-09 21:12:15,c2311-C-2600,c2311-C-2600,47.0,0.0,0.0,0.0,10,43.5,44.5,50,47.0,46.0,0.0,0.0,0.0,0.0,349
2023-05-09 21:12:20,c2311-C-2600,c2311-C-2600,47.0,0.0,0.0,0.0,10,43.5,44.5,30,47.0,46.0,0.0,0.0,0.0,0.0,349
2023-05-09 21:12:20,c2311-C-2600,c2311-C-2600,47.0,0.0,0.0,0.0,10,43.5,44.5,40,47.0,46.0,0.0,0.0,0.0,0.0,349
2023-05-09 21:12:23,c2311-C-2600,c2311-C-2600,47.0,0.0,0.0,0.0,30,43.5,44.5,20,47.0,46.0,0.0,0.0,0.0,0.0,349
2023-05-09 21:12:25,c2311-C-2600,c2311-C-2600,47.0,0.0,0.0,0.0,20,43.5,44.5,20,47.0,46.0,0.0,0.0,0.0,0.0,349
2023-05-09 21:12:25,c2311-C-2600,c2311-C-2600,47.0,0.0,0.0,0.0,20,43.5,44.5,10,47.0,46.0,0.0,0.0,0.0,0.0,349
2023-05-09 21:12:26,c2311-C-2600,c2311-C-2600,47.0,0.0,0.0,0.0,20,43.5,44.5,20,47.0,46.0,0.0,0.0,0.0,0.0,349
2023-05-09 21:12:26,c2311-C-2600,c2311-C-2600,47.0,0.0,0.0,0.0,10,43.5,44.5,30,47.0,46.0,0.0,0.0,0.0,0.0,349
2023-05-09 21:12:26,c2311-C-2600,c2311-C-2600,47.0,0.0,0.0,0.0,10,43.5,44.5,20,47.0,46.0,0.0,0.0,0.0,0.0,349
2023-05-09 21:12:27,c2311-C-2600,c2311-C-2600,47.0,0.0,0.0,0.0,30,43.5,44.5,20,47.0,46.0,0.0,0.0,0.0,0.0,349
2023-05-09 21:12:28,c2311-C-2600,c2311-C-2600,47.0,0.0,0.0,0.0,40,43.5,44.5,20,47.0,46.0,0.0,0.0,0.0,0.0,349
2023-05-09 21:12:31,c2311-C-2600,c2311-C-2600,47.0,0.0,0.0,0.0,60,43.5,45.0,50,47.0,46.0,0.0,0.0,0.0,0.0,349
2023-05-09 21:12:33,c2311-C-2600,c2311-C-2600,47.0,0.0,0.0,0.0,50,43.5,45.0,50,47.0,46.0,0.0,0.0,0.0,0.0,349
2023-05-09 21:12:33,c2311-C-2600,c2311-C-2600,47.0,0.0,0.0,0.0,20,43.5,45.0,70,47.0,46.0,0.0,0.0,0.0,0.0,349
2023-05-09 21:12:33,c2311-C-2600,c2311-C-2600,47.0,0.0,0.0,0.0,40,43.5,45.0,50,47.0,46.0,0.0,0.0,0.0,0.0,349
2023-05-09 21:12:38,c2311-C-2600,c2311-C-2600,47.0,0.0,0.0,0.0,50,43.5,45.0,40,47.0,46.0,0.0,0.0,0.0,0.0,349
2023-05-09 21:12:39,c2311-C-2600,c2311-C-2600,47.0,0.0,0.0,0.0,40,43.5,45.0,40,47.0,46.0,0.0,0.0,0.0,0.0,349
2023-05-09 21:12:42,c2311-C-2600,c2311-C-2600,47.0,0.0,0.0,0.0,50,43.5,45.0,40,47.0,46.0,0.0,0.0,0.0,0.0,349
2023-05-09 21:12:43,c2311-C-2600,c2311-C-2600,47.0,0.0,0.0,0.0,40,43.5,44.5,10,47.0,46.0,0.0,0.0,0.0,0.0,349
2023-05-09 21:12:45,c2311-C-2600,c2311-C-2600,47.0,0.0,0.0,0.0,10,44.0,45.0,40,47.0,46.0,0.0,0.0,0.0,0.0,349
2023-05-09 21:13:07,c2311-C-2600,c2311-C-2600,47.0,0.0,0.0,0.0,40,44.0,45.0,20,47.0,46.0,0.0,0.0,0.0,0.0,349
2023-05-09 21:13:09,c2311-C-2600,c2311-C-2600,47.0,0.0,0.0,0.0,30,44.0,45.0,20,47.0,46.0,0.0,0.0,0.0,0.0,349
2023-05-09 21:13:10,c2311-C-2600,c2311-C-2600,47.0,0.0,0.0,0.0,40,44.0,45.5,60,47.0,46.0,0.0,0.0,0.0,0.0,349
2023-05-09 21:13:12,c2311-C-2600,c2311-C-2600,47.0,0.0,0.0,0.0,40,44.0,45.5,50,47.0,46.0,0.0,0.0,0.0,0.0,349
2023-05-09 21:13:17,c2311-C-2600,c2311-C-2600,47.0,0.0,0.0,0.0,50,44.0,45.5,50,47.0,46.0,0.0,0.0,0.0,0.0,349
2023-05-09 21:13:19,c2311-C-2600,c2311-C-2600,47.0,0.0,0.0,0.0,10,44.5,45.5,50,47.0,46.0,0.0,0.0,0.0,0.0,349
2023-05-09 21:13:20,c2311-C-2600,c2311-C-2600,47.0,0.0,0.0,0.0,50,44.0,45.5,50,47.0,46.0,0.0,0.0,0.0,0.0,349
2023-05-09 21:13:26,c2311-C-2600,c2311-C-2600,47.0,0.0,0.0,0.0,10,44.5,45.5,50,47.0,46.0,0.0,0.0,0.0,0.0,349
2023-05-09 21:13:27,c2311-C-2600,c2311-C-2600,47.0,0.0,0.0,0.0,20,44.5,45.5,40,47.0,46.0,0.0,0.0,0.0,0.0,349
2023-05-09 21:13:27,c2311-C-2600,c2311-C-2600,47.0,0.0,0.0,0.0,10,44.5,45.5,40,47.0,46.0,0.0,0.0,0.0,0.0,349
2023-05-09 21:13:28,c2311-C-2600,c2311-C-2600,47.0,0.0,0.0,0.0,20,44.5,45.5,30,47.0,46.0,0.0,0.0,0.0,0.0,349
2023-05-09 21:13:28,c2311-C-2600,c2311-C-2600,47.0,0.0,0.0,0.0,30,44.5,45.5,30,47.0,46.0,0.0,0.0,0.0,0.0,349
2023-05-09 21:13:31,c2311-C-2600,c2311-C-2600,47.0,0.0,0.0,0.0,20,44.5,45.5,30,47.0,46.0,0.0,0.0,0.0,0.0,349
2023-05-09 21:13:38,c2311-C-2600,c2311-C-2600,47.0,0.0,0.0,0.0,40,44.0,45.0,10,47.0,46.0,0.0,0.0,0.0,0.0,349
2023-05-09 21:13:38,c2311-C-2600,c2311-C-2600,47.0,0.0,0.0,0.0,50,44.0,45.0,10,47.0,46.0,0.0,0.0,0.0,0.0,349
2023-05-09 21:13:39,c2311-C-2600,c2311-C-2600,47.0,0.0,0.0,0.0,30,44.0,45.0,30,47.0,46.0,0.0,0.0,0.0,0.0,349
2023-05-09 21:13:39,c2311-C-2600,c2311-C-2600,47.0,0.0,0.0,0.0,20,44.0,45.0,30,47.0,46.0,0.0,0.0,0.0,0.0,349
2023-05-09 21:13:43,c2311-C-2600,c2311-C-2600,47.0,0.0,0.0,0.0,30,44.0,45.0,20,47.0,46.0,0.0,0.0,0.0,0.0,349
2023-05-09 21:13:43,c2311-C-2600,c2311-C-2600,47.0,0.0,0.0,0.0,50,44.0,45.0,10,47.0,46.0,0.0,0.0,0.0,0.0,349
2023-05-09 21:13:45,c2311-C-2600,c2311-C-2600,47.0,0.0,0.0,0.0,60,44.0,45.5,50,47.0,46.0,0.0,0.0,0.0,0.0,349
2023-05-09 21:13:50,c2311-C-2600,c2311-C-2600,47.0,0.0,0.0,0.0,60,44.0,45.5,40,47.0,46.0,0.0,0.0,0.0,0.0,349
2023-05-09 21:13:50,c2311-C-2600,c2311-C-2600,47.0,0.0,0.0,0.0,60,44.0,45.5,50,47.0,46.0,0.0,0.0,0.0,0.0,349
2023-05-09 21:13:53,c2311-C-2600,c2311-C-2600,47.0,0.0,0.0,0.0,50,44.0,45.5,50,47.0,46.0,0.0,0.0,0.0,0.0,349
2023-05-09 21:13:55,c2311-C-2600,c2311-C-2600,47.0,0.0,0.0,0.0,50,44.0,45.5,40,47.0,46.0,0.0,0.0,0.0,0.0,349
2023-05-09 21:13:57,c2311-C-2600,c2311-C-2600,47.0,0.0,0.0,0.0,20,44.0,45.0,20,47.0,46.0,0.0,0.0,0.0,0.0,349
2023-05-09 21:14:00,c2311-C-2600,c2311-C-2600,47.0,0.0,0.0,0.0,30,44.0,45.0,20,47.0,46.0,0.0,0.0,0.0,0.0,349
2023-05-09 21:14:01,c2311-C-2600,c2311-C-2600,47.0,0.0,0.0,0.0,30,44.0,45.0,30,47.0,46.0,0.0,0.0,0.0,0.0,349
2023-05-09 21:14:03,c2311-C-2600,c2311-C-2600,47.0,0.0,0.0,0.0,20,44.0,45.0,30,47.0,46.0,0.0,0.0,0.0,0.0,349
2023-05-09 21:14:04,c2311-C-2600,c2311-C-2600,47.0,0.0,0.0,0.0,30,44.0,45.0,20,47.0,46.0,0.0,0.0,0.0,0.0,349
2023-05-09 21:14:07,c2311-C-2600,c2311-C-2600,47.0,0.0,0.0,0.0,20,44.0,45.0,20,47.0,46.0,0.0,0.0,0.0,0.0,349
2023-05-09 21:14:09,c2311-C-2600,c2311-C-2600,47.0,0.0,0.0,0.0,20,44.0,45.0,30,47.0,46.0,0.0,0.0,0.0,0.0,349
2023-05-09 21:14:10,c2311-C-2600,c2311-C-2600,47.0,0.0,0.0,0.0,20,44.0,45.0,20,47.0,46.0,0.0,0.0,0.0,0.0,349
2023-05-09 21:14:10,c2311-C-2600,c2311-C-2600,47.0,0.0,0.0,0.0,30,44.0,45.0,20,47.0,46.0,0.0,0.0,0.0,0.0,349
2023-05-09 21:14:14,c2311-C-2600,c2311-C-2600,47.0,0.0,0.0,0.0,20,44.0,45.0,20,47.0,46.0,0.0,0.0,0.0,0.0,349
2023-05-09 21:14:16,c2311-C-2600,c2311-C-2600,47.0,0.0,0.0,0.0,40,44.0,45.0,10,47.0,46.0,0.0,0.0,0.0,0.0,349
2023-05-09 21:14:16,c2311-C-2600,c2311-C-2600,47.0,0.0,0.0,0.0,30,44.0,45.0,10,47.0,46.0,0.0,0.0,0.0,0.0,349
2023-05-09 21:14:17,c2311-C-2600,c2311-C-2600,47.0,0.0,0.0,0.0,40,44.0,45.5,80,47.0,46.0,0.0,0.0,0.0,0.0,349
2023-05-09 21:14:18,c2311-C-2600,c2311-C-2600,47.0,0.0,0.0,0.0,30,44.0,45.5,70,47.0,46.0,0.0,0.0,0.0,0.0,349
2023-05-09 21:14:20,c2311-C-2600,c2311-C-2600,47.0,0.0,0.0,0.0,40,44.0,45.5,70,47.0,46.0,0.0,0.0,0.0,0.0,349
2023-05-09 21:14:21,c2311-C-2600,c2311-C-2600,47.0,0.0,0.0,0.0,30,44.0,45.5,70,47.0,46.0,0.0,0.0,0.0,0.0,349
2023-05-09 21:14:26,c2311-C-2600,c2311-C-2600,47.0,0.0,0.0,0.0,40,44.0,45.5,70,47.0,46.0,0.0,0.0,0.0,0.0,349
2023-05-09 21:14:26,c2311-C-2600,c2311-C-2600,47.0,0.0,0.0,0.0,30,44.0,45.5,70,47.0,46.0,0.0,0.0,0.0,0.0,349
2023-05-09 21:14:27,c2311-C-2600,c2311-C-2600,47.0,0.0,0.0,0.0,40,44.0,45.5,70,47.0,46.0,0.0,0.0,0.0,0.0,349
2023-05-09 21:14:29,c2311-C-2600,c2311-C-2600,47.0,0.0,0.0,0.0,40,44.0,45.5,50,47.0,46.0,0.0,0.0,0.0,0.0,349
2023-05-09 21:14:29,c2311-C-2600,c2311-C-2600,47.0,0.0,0.0,0.0,60,44.0,45.5,40,47.0,46.0,0.0,0.0,0.0,0.0,349
2023-05-09 21:14:31,c2311-C-2600,c2311-C-2600,47.0,0.0,0.0,0.0,50,44.0,45.5,40,47.0,46.0,0.0,0.0,0.0,0.0,349
2023-05-09 21:14:36,c2311-C-2600,c2311-C-2600,47.0,0.0,0.0,0.0,50,44.0,45.5,20,47.0,46.0,0.0,0.0,0.0,0.0,349
2023-05-09 21:14:38,c2311-C-2600,c2311-C-2600,47.0,0.0,0.0,0.0,40,44.0,45.5,30,47.0,46.0,0.0,0.0,0.0,0.0,349
2023-05-09 21:14:39,c2311-C-2600,c2311-C-2600,47.0,0.0,0.0,0.0,50,44.0,45.5,30,47.0,46.0,0.0,0.0,0.0,0.0,349
2023-05-09 21:15:00,c2311-C-2600,c2311-C-2600,47.0,0.0,0.0,0.0,40,44.0,45.5,50,47.0,46.0,0.0,0.0,0.0,0.0,349
2023-05-09 21:15:10,c2311-C-2600,c2311-C-2600,47.0,0.0,0.0,0.0,20,44.0,45.0,10,47.0,46.0,0.0,0.0,0.0,0.0,349
2023-05-09 21:15:11,c2311-C-2600,c2311-C-2600,47.0,0.0,0.0,0.0,20,44.0,45.5,60,47.0,46.0,0.0,0.0,0.0,0.0,349
2023-05-09 21:15:12,c2311-C-2600,c2311-C-2600,47.0,0.0,0.0,0.0,30,44.0,45.5,60,47.0,46.0,0.0,0.0,0.0,0.0,349
2023-05-09 21:15:15,c2311-C-2600,c2311-C-2600,47.0,0.0,0.0,0.0,40,44.0,45.5,40,47.0,46.0,0.0,0.0,0.0,0.0,349
2023-05-09 21:15:18,c2311-C-2600,c2311-C-2600,47.0,0.0,0.0,0.0,50,44.0,45.5,40,47.0,46.0,0.0,0.0,0.0,0.0,349
2023-05-09 21:15:21,c2311-C-2600,c2311-C-2600,47.0,0.0,0.0,0.0,50,44.0,45.5,30,47.0,46.0,0.0,0.0,0.0,0.0,349
2023-05-09 21:15:21,c2311-C-2600,c2311-C-2600,47.0,0.0,0.0,0.0,50,44.0,45.5,40,47.0,46.0,0.0,0.0,0.0,0.0,349
2023-05-09 21:16:03,c2311-C-2600,c2311-C-2600,47.0,0.0,0.0,0.0,30,44.5,45.5,10,47.0,46.0,0.0,0.0,0.0,0.0,349
2023-05-09 21:16:03,c2311-C-2600,c2311-C-2600,47.0,0.0,0.0,0.0,40,44.5,45.5,10,47.0,46.0,0.0,0.0,0.0,0.0,349
2023-05-09 21:16:09,c2311-C-2600,c2311-C-2600,47.0,0.0,0.0,0.0,30,44.5,45.5,10,47.0,46.0,0.0,0.0,0.0,0.0,349
2023-05-09 21:16:09,c2311-C-2600,c2311-C-2600,47.0,0.0,0.0,0.0,10,45.0,46.0,50,47.0,46.0,0.0,0.0,0.0,0.0,349
2023-05-09 21:16:09,c2311-C-2600,c2311-C-2600,47.0,0.0,0.0,0.0,20,45.0,46.0,40,47.0,46.0,0.0,0.0,0.0,0.0,349
2023-05-09 21:16:17,c2311-C-2600,c2311-C-2600,47.0,0.0,0.0,0.0,50,44.5,45.5,10,47.0,46.0,0.0,0.0,0.0,0.0,349
2023-05-09 21:16:17,c2311-C-2600,c2311-C-2600,47.0,0.0,0.0,0.0,60,44.5,46.0,50,47.0,46.0,0.0,0.0,0.0,0.0,349
2023-05-09 21:16:18,c2311-C-2600,c2311-C-2600,47.0,0.0,0.0,0.0,40,44.5,46.0,50,47.0,46.0,0.0,0.0,0.0,0.0,349
2023-05-09 21:16:20,c2311-C-2600,c2311-C-2600,47.0,0.0,0.0,0.0,30,44.5,46.0,50,47.0,46.0,0.0,0.0,0.0,0.0,349
2023-05-09 21:16:22,c2311-C-2600,c2311-C-2600,47.0,0.0,0.0,0.0,10,45.0,46.0,40,47.0,46.0,0.0,0.0,0.0,0.0,349
2023-05-09 21:16:27,c2311-C-2600,c2311-C-2600,47.0,0.0,0.0,0.0,20,45.0,46.0,40,47.0,46.0,0.0,0.0,0.0,0.0,349
2023-05-09 21:16:32,c2311-C-2600,c2311-C-2600,47.0,0.0,0.0,0.0,20,45.0,46.0,30,47.0,46.0,0.0,0.0,0.0,0.0,349
2023-05-09 21:16:33,c2311-C-2600,c2311-C-2600,47.0,0.0,0.0,0.0,30,45.0,46.0,10,47.0,46.0,0.0,0.0,0.0,0.0,349
2023-05-09 21:16:33,c2311-C-2600,c2311-C-2600,47.0,0.0,0.0,0.0,20,45.0,46.0,10,47.0,46.0,0.0,0.0,0.0,0.0,349
2023-05-09 21:16:33,c2311-C-2600,c2311-C-2600,47.0,0.0,0.0,0.0,20,45.0,46.0,20,47.0,46.0,0.0,0.0,0.0,0.0,349
2023-05-09 21:16:45,c2311-C-2600,c2311-C-2600,47.0,0.0,0.0,0.0,30,45.0,46.0,20,47.0,46.0,0.0,0.0,0.0,0.0,349
2023-05-09 21:16:45,c2311-C-2600,c2311-C-2600,47.0,0.0,0.0,0.0,20,45.0,46.0,30,47.0,46.0,0.0,0.0,0.0,0.0,349
2023-05-09 21:16:49,c2311-C-2600,c2311-C-2600,47.0,0.0,0.0,0.0,20,45.0,46.0,20,47.0,46.0,0.0,0.0,0.0,0.0,349
2023-05-09 21:16:51,c2311-C-2600,c2311-C-2600,47.0,0.0,0.0,0.0,10,45.5,46.0,20,47.0,46.0,0.0,0.0,0.0,0.0,349
2023-05-09 21:16:52,c2311-C-2600,c2311-C-2600,47.0,0.0,0.0,0.0,10,45.0,46.0,20,47.0,46.0,0.0,0.0,0.0,0.0,349
2023-05-09 21:17:02,c2311-C-2600,c2311-C-2600,47.0,0.0,0.0,0.0,10,45.0,45.5,10,47.0,46.0,0.0,0.0,0.0,0.0,349
2023-05-09 21:17:03,c2311-C-2600,c2311-C-2600,47.0,0.0,0.0,0.0,40,44.5,45.5,10,47.0,46.0,0.0,0.0,0.0,0.0,349
2023-05-09 21:17:05,c2311-C-2600,c2311-C-2600,47.0,0.0,0.0,0.0,40,44.5,45.5,20,47.0,46.0,0.0,0.0,0.0,0.0,349
2023-05-09 21:17:06,c2311-C-2600,c2311-C-2600,47.0,0.0,0.0,0.0,10,45.0,45.5,10,47.0,46.0,0.0,0.0,0.0,0.0,349
2023-05-09 21:17:06,c2311-C-2600,c2311-C-2600,47.0,0.0,0.0,0.0,10,45.0,46.0,50,47.0,46.0,0.0,0.0,0.0,0.0,349
2023-05-09 21:17:08,c2311-C-2600,c2311-C-2600,47.0,0.0,0.0,0.0,10,45.0,45.5,10,47.0,46.0,0.0,0.0,0.0,0.0,349
2023-05-09 21:17:08,c2311-C-2600,c2311-C-2600,47.0,0.0,0.0,0.0,40,44.5,45.5,10,47.0,46.0,0.0,0.0,0.0,0.0,349
2023-05-09 21:17:11,c2311-C-2600,c2311-C-2600,47.0,0.0,0.0,0.0,50,44.5,46.0,50,47.0,46.0,0.0,0.0,0.0,0.0,349
2023-05-09 21:17:11,c2311-C-2600,c2311-C-2600,47.0,0.0,0.0,0.0,60,44.5,46.0,50,47.0,46.0,0.0,0.0,0.0,0.0,349
2023-05-09 21:17:13,c2311-C-2600,c2311-C-2600,47.0,0.0,0.0,0.0,10,45.0,46.0,50,47.0,46.0,0.0,0.0,0.0,0.0,349
2023-05-09 21:17:33,c2311-C-2600,c2311-C-2600,47.0,0.0,0.0,0.0,10,45.0,46.0,40,47.0,46.0,0.0,0.0,0.0,0.0,349
2023-05-09 21:17:45,c2311-C-2600,c2311-C-2600,47.0,0.0,0.0,0.0,10,45.0,46.0,50,47.0,46.0,0.0,0.0,0.0,0.0,349
2023-05-09 21:18:02,c2311-C-2600,c2311-C-2600,47.0,0.0,0.0,0.0,10,45.5,46.0,30,47.0,46.0,0.0,0.0,0.0,0.0,349
2023-05-09 21:18:12,c2311-C-2600,c2311-C-2600,47.0,0.0,0.0,0.0,10,45.0,46.0,50,47.0,46.0,0.0,0.0,0.0,0.0,349
2023-05-09 21:18:13,c2311-C-2600,c2311-C-2600,47.0,0.0,0.0,0.0,10,45.0,46.0,60,47.0,46.0,0.0,0.0,0.0,0.0,349
2023-05-09 21:18:14,c2311-C-2600,c2311-C-2600,47.0,0.0,0.0,0.0,10,45.0,46.0,50,47.0,46.0,0.0,0.0,0.0,0.0,349
2023-05-09 21:18:27,c2311-C-2600,c2311-C-2600,47.0,0.0,0.0,0.0,10,45.0,46.0,40,47.0,46.0,0.0,0.0,0.0,0.0,349
2023-05-09 21:18:29,c2311-C-2600,c2311-C-2600,47.0,0.0,0.0,0.0,20,45.0,46.0,40,47.0,46.0,0.0,0.0,0.0,0.0,349
2023-05-09 21:18:30,c2311-C-2600,c2311-C-2600,47.0,0.0,0.0,0.0,10,45.0,46.0,50,47.0,46.0,0.0,0.0,0.0,0.0,349
2023-05-09 21:18:47,c2311-C-2600,c2311-C-2600,47.0,0.0,0.0,0.0,10,45.5,46.0,20,47.0,46.0,0.0,0.0,0.0,0.0,349
2023-05-09 21:18:47,c2311-C-2600,c2311-C-2600,47.0,0.0,0.0,0.0,10,45.5,46.0,30,47.0,46.0,0.0,0.0,0.0,0.0,349
2023-05-09 21:18:49,c2311-C-2600,c2311-C-2600,47.0,0.0,0.0,0.0,10,45.5,46.0,10,47.0,46.0,0.0,0.0,0.0,0.0,349
2023-05-09 21:18:50,c2311-C-2600,c2311-C-2600,47.0,0.0,0.0,0.0,20,45.0,46.0,40,47.0,46.0,0.0,0.0,0.0,0.0,349
2023-05-09 21:18:52,c2311-C-2600,c2311-C-2600,47.0,0.0,0.0,0.0,10,45.0,46.0,40,47.0,46.0,0.0,0.0,0.0,0.0,349
2023-05-09 21:18:54,c2311-C-2600,c2311-C-2600,47.0,0.0,0.0,0.0,10,45.0,46.0,50,47.0,46.0,0.0,0.0,0.0,0.0,349
2023-05-09 21:18:58,c2311-C-2600,c2311-C-2600,47.0,0.0,0.0,0.0,10,45.0,46.0,40,47.0,46.0,0.0,0.0,0.0,0.0,349
2023-05-09 21:18:59,c2311-C-2600,c2311-C-2600,47.0,0.0,0.0,0.0,10,45.0,46.0,50,47.0,46.0,0.0,0.0,0.0,0.0,349
2023-05-09 21:19:02,c2311-C-2600,c2311-C-2600,47.0,0.0,0.0,0.0,10,45.0,46.0,40,47.0,46.0,0.0,0.0,0.0,0.0,349
2023-05-09 21:19:05,c2311-C-2600,c2311-C-2600,47.0,0.0,0.0,0.0,10,45.0,46.0,60,47.0,46.0,0.0,0.0,0.0,0.0,349
2023-05-09 21:19:12,c2311-C-2600,c2311-C-2600,47.0,0.0,0.0,0.0,10,45.0,46.0,70,47.0,46.0,0.0,0.0,0.0,0.0,349
2023-05-09 21:19:14,c2311-C-2600,c2311-C-2600,47.0,0.0,0.0,0.0,10,45.0,46.0,60,47.0,46.0,0.0,0.0,0.0,0.0,349
2023-05-09 21:19:16,c2311-C-2600,c2311-C-2600,47.0,0.0,0.0,0.0,20,45.0,46.0,70,47.0,46.0,0.0,0.0,0.0,0.0,349
2023-05-09 21:19:20,c2311-C-2600,c2311-C-2600,47.0,0.0,0.0,0.0,10,45.0,46.0,60,47.0,46.0,0.0,0.0,0.0,0.0,349
2023-05-09 21:19:21,c2311-C-2600,c2311-C-2600,47.0,0.0,0.0,0.0,10,45.0,45.5,10,47.0,46.0,0.0,0.0,0.0,0.0,349
2023-05-09 21:19:22,c2311-C-2600,c2311-C-2600,47.0,0.0,0.0,0.0,10,45.0,45.5,20,47.0,46.0,0.0,0.0,0.0,0.0,349
2023-05-09 21:19:22,c2311-C-2600,c2311-C-2600,47.0,0.0,0.0,0.0,10,45.0,45.5,30,47.0,46.0,0.0,0.0,0.0,0.0,349
2023-05-09 21:19:23,c2311-C-2600,c2311-C-2600,47.0,0.0,0.0,0.0,10,45.0,45.5,20,47.0,46.0,0.0,0.0,0.0,0.0,349
2023-05-09 21:19:26,c2311-C-2600,c2311-C-2600,47.0,0.0,0.0,0.0,20,44.5,45.5,30,47.0,46.0,0.0,0.0,0.0,0.0,349
2023-05-09 21:19:26,c2311-C-2600,c2311-C-2600,47.0,0.0,0.0,0.0,10,44.5,45.5,30,47.0,46.0,0.0,0.0,0.0,0.0,349
2023-05-09 21:19:29,c2311-C-2600,c2311-C-2600,47.0,0.0,0.0,0.0,10,44.5,45.5,60,47.0,46.0,0.0,0.0,0.0,0.0,349
2023-05-09 21:19:35,c2311-C-2600,c2311-C-2600,47.0,0.0,0.0,0.0,50,44.0,45.5,60,47.0,46.0,0.0,0.0,0.0,0.0,349
2023-05-09 21:19:36,c2311-C-2600,c2311-C-2600,47.0,0.0,0.0,0.0,10,44.5,45.5,60,47.0,46.0,0.0,0.0,0.0,0.0,349
2023-05-09 21:19:44,c2311-C-2600,c2311-C-2600,47.0,0.0,0.0,0.0,10,44.5,45.5,50,47.0,46.0,0.0,0.0,0.0,0.0,349
2023-05-09 21:19:44,c2311-C-2600,c2311-C-2600,47.0,0.0,0.0,0.0,10,44.5,45.5,60,47.0,46.0,0.0,0.0,0.0,0.0,349
2023-05-09 21:19:52,c2311-C-2600,c2311-C-2600,47.0,0.0,0.0,0.0,10,44.5,45.5,50,47.0,46.0,0.0,0.0,0.0,0.0,349
2023-05-09 21:19:56,c2311-C-2600,c2311-C-2600,47.0,0.0,0.0,0.0,10,45.0,45.5,40,47.0,46.0,0.0,0.0,0.0,0.0,349
2023-05-09 21:19:56,c2311-C-2600,c2311-C-2600,47.0,0.0,0.0,0.0,10,45.0,45.5,30,47.0,46.0,0.0,0.0,0.0,0.0,349
2023-05-09 21:19:59,c2311-C-2600,c2311-C-2600,47.0,0.0,0.0,0.0,10,45.0,45.5,20,47.0,46.0,0.0,0.0,0.0,0.0,349
2023-05-09 21:20:01,c2311-C-2600,c2311-C-2600,47.0,0.0,0.0,0.0,10,45.0,45.5,10,47.0,46.0,0.0,0.0,0.0,0.0,349
2023-05-09 21:20:01,c2311-C-2600,c2311-C-2600,47.0,0.0,0.0,0.0,10,45.0,46.0,60,47.0,46.0,0.0,0.0,0.0,0.0,349
2023-05-09 21:20:26,c2311-C-2600,c2311-C-2600,47.0,0.0,0.0,0.0,40,45.0,46.0,40,47.0,46.0,0.0,0.0,0.0,0.0,349
2023-05-09 21:20:27,c2311-C-2600,c2311-C-2600,47.0,0.0,0.0,0.0,40,45.0,46.0,30,47.0,46.0,0.0,0.0,0.0,0.0,349
2023-05-09 21:20:29,c2311-C-2600,c2311-C-2600,47.0,0.0,0.0,0.0,30,45.0,46.0,30,47.0,46.0,0.0,0.0,0.0,0.0,349
2023-05-09 21:20:31,c2311-C-2600,c2311-C-2600,47.0,0.0,0.0,0.0,30,45.0,46.0,20,47.0,46.0,0.0,0.0,0.0,0.0,349
2023-05-09 21:20:38,c2311-C-2600,c2311-C-2600,47.0,0.0,0.0,0.0,30,45.0,46.0,30,47.0,46.0,0.0,0.0,0.0,0.0,349
2023-05-09 21:20:38,c2311-C-2600,c2311-C-2600,47.0,0.0,0.0,0.0,10,45.0,46.0,50,47.0,46.0,0.0,0.0,0.0,0.0,349
2023-05-09 21:20:40,c2311-C-2600,c2311-C-2600,47.0,0.0,0.0,0.0,10,45.0,46.0,60,47.0,46.0,0.0,0.0,0.0,0.0,349
2023-05-09 21:20:41,c2311-C-2600,c2311-C-2600,47.0,0.0,0.0,0.0,10,45.0,46.0,50,47.0,46.0,0.0,0.0,0.0,0.0,349
2023-05-09 21:20:42,c2311-C-2600,c2311-C-2600,47.0,0.0,0.0,0.0,10,45.0,46.0,30,47.0,46.0,0.0,0.0,0.0,0.0,349
2023-05-09 21:20:46,c2311-C-2600,c2311-C-2600,47.0,0.0,0.0,0.0,40,45.0,46.0,10,47.0,46.0,0.0,0.0,0.0,0.0,349
2023-05-09 21:20:48,c2311-C-2600,c2311-C-2600,47.0,0.0,0.0,0.0,30,45.0,46.0,20,47.0,46.0,0.0,0.0,0.0,0.0,349
2023-05-09 21:20:55,c2311-C-2600,c2311-C-2600,47.0,0.0,0.0,0.0,30,45.0,46.0,30,47.0,46.0,0.0,0.0,0.0,0.0,349
2023-05-09 21:21:01,c2311-C-2600,c2311-C-2600,47.0,0.0,0.0,0.0,20,45.0,46.0,30,47.0,46.0,0.0,0.0,0.0,0.0,349
2023-05-09 21:21:04,c2311-C-2600,c2311-C-2600,47.0,0.0,0.0,0.0,30,45.0,46.0,30,47.0,46.0,0.0,0.0,0.0,0.0,349
2023-05-09 21:21:05,c2311-C-2600,c2311-C-2600,47.0,0.0,0.0,0.0,30,45.0,46.0,20,47.0,46.0,0.0,0.0,0.0,0.0,349
2023-05-09 21:21:05,c2311-C-2600,c2311-C-2600,47.0,0.0,0.0,0.0,40,45.0,46.0,20,47.0,46.0,0.0,0.0,0.0,0.0,349
2023-05-09 21:21:05,c2311-C-2600,c2311-C-2600,47.0,0.0,0.0,0.0,50,45.0,46.0,20,47.0,46.0,0.0,0.0,0.0,0.0,349
2023-05-09 21:21:07,c2311-C-2600,c2311-C-2600,47.0,0.0,0.0,0.0,10,45.5,46.0,20,47.0,46.0,0.0,0.0,0.0,0.0,349
2023-05-09 21:21:13,c2311-C-2600,c2311-C-2600,47.0,0.0,0.0,0.0,10,45.5,46.0,10,47.0,46.0,0.0,0.0,0.0,0.0,349
2023-05-09 21:21:14,c2311-C-2600,c2311-C-2600,47.0,0.0,0.0,0.0,10,45.5,46.5,40,47.0,46.0,0.0,0.0,0.0,0.0,349
2023-05-09 21:21:20,c2311-C-2600,c2311-C-2600,47.0,0.0,0.0,0.0,20,45.5,46.5,20,47.0,46.0,0.0,0.0,0.0,0.0,349
2023-05-09 21:21:21,c2311-C-2600,c2311-C-2600,46.0,10.0,4600.0,-10.0,10,45.5,46.5,33,47.0,46.0,46.0,46.0,10.0,4600.0,339
2023-05-09 21:21:21,c2311-C-2600,c2311-C-2600,46.0,0.0,0.0,0.0,70,45.0,46.5,43,47.0,46.0,46.0,46.0,10.0,4600.0,339
2023-05-09 21:21:22,c2311-C-2600,c2311-C-2600,46.0,0.0,0.0,0.0,70,45.0,46.5,53,47.0,46.0,46.0,46.0,10.0,4600.0,339
2023-05-09 21:21:31,c2311-C-2600,c2311-C-2600,46.0,0.0,0.0,0.0,70,45.0,46.5,43,47.0,46.0,46.0,46.0,10.0,4600.0,339
2023-05-09 21:21:33,c2311-C-2600,c2311-C-2600,46.0,0.0,0.0,0.0,60,45.0,46.5,63,47.0,46.0,46.0,46.0,10.0,4600.0,339
2023-05-09 21:21:33,c2311-C-2600,c2311-C-2600,46.0,0.0,0.0,0.0,70,45.0,46.5,53,47.0,46.0,46.0,46.0,10.0,4600.0,339
2023-05-09 21:21:39,c2311-C-2600,c2311-C-2600,46.0,0.0,0.0,0.0,70,45.0,46.5,43,47.0,46.0,46.0,46.0,10.0,4600.0,339
2023-05-09 21:21:48,c2311-C-2600,c2311-C-2600,46.0,0.0,0.0,0.0,70,45.0,46.5,33,47.0,46.0,46.0,46.0,10.0,4600.0,339
2023-05-09 21:21:49,c2311-C-2600,c2311-C-2600,46.0,0.0,0.0,0.0,60,45.0,46.5,53,47.0,46.0,46.0,46.0,10.0,4600.0,339
2023-05-09 21:21:50,c2311-C-2600,c2311-C-2600,46.0,0.0,0.0,0.0,60,45.0,46.5,63,47.0,46.0,46.0,46.0,10.0,4600.0,339
2023-05-09 21:21:51,c2311-C-2600,c2311-C-2600,46.0,0.0,0.0,0.0,60,45.0,46.5,43,47.0,46.0,46.0,46.0,10.0,4600.0,339
2023-05-09 21:21:51,c2311-C-2600,c2311-C-2600,46.0,0.0,0.0,0.0,60,45.0,46.5,53,47.0,46.0,46.0,46.0,10.0,4600.0,339
2023-05-09 21:21:52,c2311-C-2600,c2311-C-2600,46.0,0.0,0.0,0.0,60,45.0,46.5,43,47.0,46.0,46.0,46.0,10.0,4600.0,339
2023-05-09 21:21:53,c2311-C-2600,c2311-C-2600,46.0,0.0,0.0,0.0,70,45.0,46.5,43,47.0,46.0,46.0,46.0,10.0,4600.0,339
2023-05-09 21:21:53,c2311-C-2600,c2311-C-2600,46.0,0.0,0.0,0.0,50,45.0,46.5,63,47.0,46.0,46.0,46.0,10.0,4600.0,339
2023-05-09 21:21:53,c2311-C-2600,c2311-C-2600,46.0,0.0,0.0,0.0,50,45.0,46.5,73,47.0,46.0,46.0,46.0,10.0,4600.0,339
2023-05-09 21:21:57,c2311-C-2600,c2311-C-2600,46.0,0.0,0.0,0.0,50,45.0,46.5,63,47.0,46.0,46.0,46.0,10.0,4600.0,339
2023-05-09 21:21:57,c2311-C-2600,c2311-C-2600,46.0,0.0,0.0,0.0,60,45.0,46.5,63,47.0,46.0,46.0,46.0,10.0,4600.0,339
2023-05-09 21:22:19,c2311-C-2600,c2311-C-2600,46.0,0.0,0.0,0.0,30,45.0,46.0,10,47.0,46.0,46.0,46.0,10.0,4600.0,339
2023-05-09 21:22:20,c2311-C-2600,c2311-C-2600,46.0,0.0,0.0,0.0,40,45.0,46.0,10,47.0,46.0,46.0,46.0,10.0,4600.0,339
2023-05-09 21:22:22,c2311-C-2600,c2311-C-2600,46.0,0.0,0.0,0.0,30,45.0,46.0,10,47.0,46.0,46.0,46.0,10.0,4600.0,339
2023-05-09 21:22:23,c2311-C-2600,c2311-C-2600,46.0,0.0,0.0,0.0,30,45.0,46.0,20,47.0,46.0,46.0,46.0,10.0,4600.0,339
2023-05-09 21:22:23,c2311-C-2600,c2311-C-2600,46.0,0.0,0.0,0.0,20,45.0,46.0,20,47.0,46.0,46.0,46.0,10.0,4600.0,339
2023-05-09 21:22:26,c2311-C-2600,c2311-C-2600,46.0,0.0,0.0,0.0,10,45.0,45.5,10,47.0,46.0,46.0,46.0,10.0,4600.0,339
2023-05-09 21:22:26,c2311-C-2600,c2311-C-2600,46.0,0.0,0.0,0.0,10,45.0,46.0,40,47.0,46.0,46.0,46.0,10.0,4600.0,339
2023-05-09 21:22:29,c2311-C-2600,c2311-C-2600,46.0,0.0,0.0,0.0,73,44.5,46.0,40,47.0,46.0,46.0,46.0,10.0,4600.0,339
2023-05-09 21:22:30,c2311-C-2600,c2311-C-2600,46.0,0.0,0.0,0.0,73,44.5,46.0,30,47.0,46.0,46.0,46.0,10.0,4600.0,339
2023-05-09 21:22:31,c2311-C-2600,c2311-C-2600,46.0,0.0,0.0,0.0,73,44.5,46.0,40,47.0,46.0,46.0,46.0,10.0,4600.0,339
2023-05-09 21:22:31,c2311-C-2600,c2311-C-2600,46.0,0.0,0.0,0.0,73,44.5,46.0,30,47.0,46.0,46.0,46.0,10.0,4600.0,339
2023-05-09 21:22:35,c2311-C-2600,c2311-C-2600,46.0,0.0,0.0,0.0,83,44.5,46.0,20,47.0,46.0,46.0,46.0,10.0,4600.0,339
2023-05-09 21:22:47,c2311-C-2600,c2311-C-2600,46.0,0.0,0.0,0.0,73,44.5,46.0,20,47.0,46.0,46.0,46.0,10.0,4600.0,339
2023-05-09 21:22:54,c2311-C-2600,c2311-C-2600,46.0,0.0,0.0,0.0,73,44.5,46.0,10,47.0,46.0,46.0,46.0,10.0,4600.0,339
2023-05-09 21:22:55,c2311-C-2600,c2311-C-2600,46.0,0.0,0.0,0.0,73,44.5,46.0,20,47.0,46.0,46.0,46.0,10.0,4600.0,339
2023-05-09 21:23:09,c2311-C-2600,c2311-C-2600,46.0,0.0,0.0,0.0,73,44.5,46.0,10,47.0,46.0,46.0,46.0,10.0,4600.0,339
2023-05-09 21:23:12,c2311-C-2600,c2311-C-2600,46.0,0.0,0.0,0.0,73,44.5,46.0,20,47.0,46.0,46.0,46.0,10.0,4600.0,339
2023-05-09 21:23:24,c2311-C-2600,c2311-C-2600,46.0,0.0,0.0,0.0,73,44.5,46.0,10,47.0,46.0,46.0,46.0,10.0,4600.0,339
2023-05-09 21:23:24,c2311-C-2600,c2311-C-2600,46.0,0.0,0.0,0.0,73,44.5,46.0,20,47.0,46.0,46.0,46.0,10.0,4600.0,339
2023-05-09 21:23:28,c2311-C-2600,c2311-C-2600,46.0,0.0,0.0,0.0,73,44.5,46.0,30,47.0,46.0,46.0,46.0,10.0,4600.0,339
2023-05-09 21:23:56,c2311-C-2600,c2311-C-2600,46.0,0.0,0.0,0.0,40,45.0,46.5,63,47.0,46.0,46.0,46.0,10.0,4600.0,339
2023-05-09 21:23:56,c2311-C-2600,c2311-C-2600,46.0,0.0,0.0,0.0,50,45.0,46.5,63,47.0,46.0,46.0,46.0,10.0,4600.0,339
2023-05-09 21:23:57,c2311-C-2600,c2311-C-2600,46.0,0.0,0.0,0.0,50,45.0,46.5,53,47.0,46.0,46.0,46.0,10.0,4600.0,339
2023-05-09 21:23:57,c2311-C-2600,c2311-C-2600,46.0,0.0,0.0,0.0,60,45.0,46.5,53,47.0,46.0,46.0,46.0,10.0,4600.0,339
2023-05-09 21:24:01,c2311-C-2600,c2311-C-2600,46.0,0.0,0.0,0.0,60,45.0,46.5,63,47.0,46.0,46.0,46.0,10.0,4600.0,339
2023-05-09 21:24:01,c2311-C-2600,c2311-C-2600,46.0,0.0,0.0,0.0,60,45.0,46.5,53,47.0,46.0,46.0,46.0,10.0,4600.0,339
2023-05-09 21:24:22,c2311-C-2600,c2311-C-2600,46.0,0.0,0.0,0.0,70,45.0,46.5,33,47.0,46.0,46.0,46.0,10.0,4600.0,339
2023-05-09 21:24:23,c2311-C-2600,c2311-C-2600,46.0,0.0,0.0,0.0,40,45.5,46.5,3,47.0,46.0,46.0,46.0,10.0,4600.0,339
2023-05-09 21:24:23,c2311-C-2600,c2311-C-2600,46.0,0.0,0.0,0.0,40,45.5,46.5,13,47.0,46.0,46.0,46.0,10.0,4600.0,339
2023-05-09 21:24:24,c2311-C-2600,c2311-C-2600,46.0,0.0,0.0,0.0,30,45.5,46.5,13,47.0,46.0,46.0,46.0,10.0,4600.0,339
2023-05-09 21:24:25,c2311-C-2600,c2311-C-2600,46.0,0.0,0.0,0.0,40,45.5,46.5,13,47.0,46.0,46.0,46.0,10.0,4600.0,339
2023-05-09 21:24:26,c2311-C-2600,c2311-C-2600,46.0,0.0,0.0,0.0,50,45.5,46.5,13,47.0,46.0,46.0,46.0,10.0,4600.0,339
2023-05-09 21:24:30,c2311-C-2600,c2311-C-2600,46.0,0.0,0.0,0.0,40,45.5,46.5,13,47.0,46.0,46.0,46.0,10.0,4600.0,339
2023-05-09 21:24:32,c2311-C-2600,c2311-C-2600,46.0,0.0,0.0,0.0,50,45.5,46.5,13,47.0,46.0,46.0,46.0,10.0,4600.0,339
2023-05-09 21:24:36,c2311-C-2600,c2311-C-2600,46.0,0.0,0.0,0.0,60,45.5,46.5,3,47.0,46.0,46.0,46.0,10.0,4600.0,339
2023-05-09 21:24:43,c2311-C-2600,c2311-C-2600,46.0,0.0,0.0,0.0,60,45.5,47.0,81,47.0,46.0,46.0,46.0,10.0,4600.0,339
2023-05-09 21:25:08,c2311-C-2600,c2311-C-2600,46.0,0.0,0.0,0.0,20,45.5,46.5,20,47.0,46.0,46.0,46.0,10.0,4600.0,339
2023-05-09 21:25:08,c2311-C-2600,c2311-C-2600,46.0,0.0,0.0,0.0,60,45.0,46.5,30,47.0,46.0,46.0,46.0,10.0,4600.0,339
2023-05-09 21:25:09,c2311-C-2600,c2311-C-2600,46.0,0.0,0.0,0.0,60,45.0,46.5,20,47.0,46.0,46.0,46.0,10.0,4600.0,339
2023-05-09 21:25:09,c2311-C-2600,c2311-C-2600,46.0,0.0,0.0,0.0,70,45.0,46.5,10,47.0,46.0,46.0,46.0,10.0,4600.0,339
2023-05-09 21:25:11,c2311-C-2600,c2311-C-2600,46.0,0.0,0.0,0.0,30,45.5,46.5,10,47.0,46.0,46.0,46.0,10.0,4600.0,339
2023-05-09 21:25:13,c2311-C-2600,c2311-C-2600,46.0,0.0,0.0,0.0,40,45.5,46.5,10,47.0,46.0,46.0,46.0,10.0,4600.0,339
2023-05-09 21:25:16,c2311-C-2600,c2311-C-2600,46.0,0.0,0.0,0.0,40,45.5,46.5,20,47.0,46.0,46.0,46.0,10.0,4600.0,339
2023-05-09 21:25:18,c2311-C-2600,c2311-C-2600,46.0,0.0,0.0,0.0,30,45.5,46.5,20,47.0,46.0,46.0,46.0,10.0,4600.0,339
2023-05-09 21:25:18,c2311-C-2600,c2311-C-2600,46.0,0.0,0.0,0.0,40,45.5,46.5,20,47.0,46.0,46.0,46.0,10.0,4600.0,339
2023-05-09 21:25:19,c2311-C-2600,c2311-C-2600,46.0,0.0,0.0,0.0,30,45.5,46.5,20,47.0,46.0,46.0,46.0,10.0,4600.0,339
2023-05-09 21:25:20,c2311-C-2600,c2311-C-2600,46.0,0.0,0.0,0.0,50,45.5,46.5,20,47.0,46.0,46.0,46.0,10.0,4600.0,339
2023-05-09 21:25:20,c2311-C-2600,c2311-C-2600,46.0,0.0,0.0,0.0,20,45.5,46.5,20,47.0,46.0,46.0,46.0,10.0,4600.0,339
2023-05-09 21:25:21,c2311-C-2600,c2311-C-2600,46.0,0.0,0.0,0.0,10,45.5,46.5,30,47.0,46.0,46.0,46.0,10.0,4600.0,339
2023-05-09 21:25:21,c2311-C-2600,c2311-C-2600,46.0,0.0,0.0,0.0,10,45.5,46.5,40,47.0,46.0,46.0,46.0,10.0,4600.0,339
2023-05-09 21:25:23,c2311-C-2600,c2311-C-2600,46.0,0.0,0.0,0.0,50,45.0,46.5,50,47.0,46.0,46.0,46.0,10.0,4600.0,339
2023-05-09 21:25:24,c2311-C-2600,c2311-C-2600,46.0,0.0,0.0,0.0,60,45.0,46.5,40,47.0,46.0,46.0,46.0,10.0,4600.0,339
2023-05-09 21:25:30,c2311-C-2600,c2311-C-2600,46.0,0.0,0.0,0.0,60,45.0,46.5,50,47.0,46.0,46.0,46.0,10.0,4600.0,339
2023-05-09 21:25:32,c2311-C-2600,c2311-C-2600,46.0,0.0,0.0,0.0,60,45.0,46.5,40,47.0,46.0,46.0,46.0,10.0,4600.0,339
2023-05-09 21:25:33,c2311-C-2600,c2311-C-2600,46.0,0.0,0.0,0.0,60,45.0,46.5,50,47.0,46.0,46.0,46.0,10.0,4600.0,339
2023-05-09 21:25:34,c2311-C-2600,c2311-C-2600,46.0,0.0,0.0,0.0,60,45.0,46.5,40,47.0,46.0,46.0,46.0,10.0,4600.0,339
2023-05-09 21:25:44,c2311-C-2600,c2311-C-2600,46.0,0.0,0.0,0.0,60,45.0,46.5,60,47.0,46.0,46.0,46.0,10.0,4600.0,339
2023-05-09 21:25:45,c2311-C-2600,c2311-C-2600,46.0,0.0,0.0,0.0,60,45.0,46.5,70,47.0,46.0,46.0,46.0,10.0,4600.0,339
2023-05-09 21:26:01,c2311-C-2600,c2311-C-2600,46.0,0.0,0.0,0.0,60,45.0,46.5,60,47.0,46.0,46.0,46.0,10.0,4600.0,339
2023-05-09 21:26:02,c2311-C-2600,c2311-C-2600,46.0,0.0,0.0,0.0,60,45.0,46.0,10,47.0,46.0,46.0,46.0,10.0,4600.0,339
2023-05-09 21:26:03,c2311-C-2600,c2311-C-2600,46.0,0.0,0.0,0.0,60,45.0,46.5,60,47.0,46.0,46.0,46.0,10.0,4600.0,339
2023-05-09 21:26:09,c2311-C-2600,c2311-C-2600,46.0,0.0,0.0,0.0,50,45.0,46.0,10,47.0,46.0,46.0,46.0,10.0,4600.0,339
2023-05-09 21:26:12,c2311-C-2600,c2311-C-2600,46.0,0.0,0.0,0.0,60,45.0,46.0,10,47.0,46.0,46.0,46.0,10.0,4600.0,339
2023-05-09 21:26:29,c2311-C-2600,c2311-C-2600,46.0,0.0,0.0,0.0,60,45.0,46.5,50,47.0,46.0,46.0,46.0,10.0,4600.0,339
2023-05-09 21:26:34,c2311-C-2600,c2311-C-2600,46.0,0.0,0.0,0.0,60,45.0,46.5,60,47.0,46.0,46.0,46.0,10.0,4600.0,339
2023-05-09 21:26:44,c2311-C-2600,c2311-C-2600,46.0,0.0,0.0,0.0,60,45.0,46.0,10,47.0,46.0,46.0,46.0,10.0,4600.0,339
2023-05-09 21:26:46,c2311-C-2600,c2311-C-2600,46.0,0.0,0.0,0.0,30,45.0,46.0,30,47.0,46.0,46.0,46.0,10.0,4600.0,339
2023-05-09 21:26:47,c2311-C-2600,c2311-C-2600,46.0,0.0,0.0,0.0,30,45.0,46.0,20,47.0,46.0,46.0,46.0,10.0,4600.0,339
2023-05-09 21:26:47,c2311-C-2600,c2311-C-2600,46.0,0.0,0.0,0.0,20,45.0,46.0,20,47.0,46.0,46.0,46.0,10.0,4600.0,339
2023-05-09 21:26:49,c2311-C-2600,c2311-C-2600,46.0,0.0,0.0,0.0,30,45.0,46.0,20,47.0,46.0,46.0,46.0,10.0,4600.0,339
2023-05-09 21:26:50,c2311-C-2600,c2311-C-2600,46.0,0.0,0.0,0.0,20,45.0,46.0,20,47.0,46.0,46.0,46.0,10.0,4600.0,339
2023-05-09 21:26:50,c2311-C-2600,c2311-C-2600,46.0,0.0,0.0,0.0,30,45.0,46.0,20,47.0,46.0,46.0,46.0,10.0,4600.0,339
2023-05-09 21:26:52,c2311-C-2600,c2311-C-2600,46.0,0.0,0.0,0.0,20,45.0,46.0,20,47.0,46.0,46.0,46.0,10.0,4600.0,339
2023-05-09 21:26:52,c2311-C-2600,c2311-C-2600,46.0,0.0,0.0,0.0,10,45.0,46.0,30,47.0,46.0,46.0,46.0,10.0,4600.0,339
2023-05-09 21:26:55,c2311-C-2600,c2311-C-2600,46.0,0.0,0.0,0.0,10,45.0,46.0,20,47.0,46.0,46.0,46.0,10.0,4600.0,339
2023-05-09 21:26:56,c2311-C-2600,c2311-C-2600,46.0,0.0,0.0,0.0,10,45.0,46.0,40,47.0,46.0,46.0,46.0,10.0,4600.0,339
2023-05-09 21:26:56,c2311-C-2600,c2311-C-2600,46.0,0.0,0.0,0.0,63,44.5,46.0,50,47.0,46.0,46.0,46.0,10.0,4600.0,339
2023-05-09 21:27:00,c2311-C-2600,c2311-C-2600,46.0,0.0,0.0,0.0,63,44.5,46.0,60,47.0,46.0,46.0,46.0,10.0,4600.0,339
2023-05-09 21:27:00,c2311-C-2600,c2311-C-2600,46.0,0.0,0.0,0.0,63,44.5,46.0,50,47.0,46.0,46.0,46.0,10.0,4600.0,339
2023-05-09 21:27:01,c2311-C-2600,c2311-C-2600,46.0,0.0,0.0,0.0,63,44.5,46.0,60,47.0,46.0,46.0,46.0,10.0,4600.0,339
2023-05-09 21:27:05,c2311-C-2600,c2311-C-2600,46.0,0.0,0.0,0.0,63,44.5,46.0,50,47.0,46.0,46.0,46.0,10.0,4600.0,339
2023-05-09 21:27:08,c2311-C-2600,c2311-C-2600,46.0,0.0,0.0,0.0,63,44.5,46.0,60,47.0,46.0,46.0,46.0,10.0,4600.0,339
2023-05-09 21:27:14,c2311-C-2600,c2311-C-2600,46.0,0.0,0.0,0.0,60,44.5,46.0,60,47.0,46.0,46.0,46.0,10.0,4600.0,339
2023-05-09 21:27:14,c2311-C-2600,c2311-C-2600,46.0,0.0,0.0,0.0,50,44.5,46.0,60,47.0,46.0,46.0,46.0,10.0,4600.0,339
2023-05-09 21:27:15,c2311-C-2600,c2311-C-2600,46.0,0.0,0.0,0.0,60,44.5,46.0,60,47.0,46.0,46.0,46.0,10.0,4600.0,339
2023-05-09 21:27:28,c2311-C-2600,c2311-C-2600,46.0,0.0,0.0,0.0,50,44.5,46.0,60,47.0,46.0,46.0,46.0,10.0,4600.0,339
2023-05-09 21:27:29,c2311-C-2600,c2311-C-2600,46.0,0.0,0.0,0.0,60,44.5,46.0,60,47.0,46.0,46.0,46.0,10.0,4600.0,339
2023-05-09 21:27:35,c2311-C-2600,c2311-C-2600,46.0,0.0,0.0,0.0,60,44.5,45.5,10,47.0,46.0,46.0,46.0,10.0,4600.0,339
2023-05-09 21:27:35,c2311-C-2600,c2311-C-2600,46.0,0.0,0.0,0.0,60,44.5,46.0,60,47.0,46.0,46.0,46.0,10.0,4600.0,339
2023-05-09 21:27:36,c2311-C-2600,c2311-C-2600,46.0,0.0,0.0,0.0,30,44.5,45.5,10,47.0,46.0,46.0,46.0,10.0,4600.0,339
2023-05-09 21:27:37,c2311-C-2600,c2311-C-2600,46.0,0.0,0.0,0.0,40,44.5,45.5,20,47.0,46.0,46.0,46.0,10.0,4600.0,339
2023-05-09 21:27:37,c2311-C-2600,c2311-C-2600,46.0,0.0,0.0,0.0,50,44.5,45.5,20,47.0,46.0,46.0,46.0,10.0,4600.0,339
2023-05-09 21:27:38,c2311-C-2600,c2311-C-2600,46.0,0.0,0.0,0.0,50,44.5,45.5,10,47.0,46.0,46.0,46.0,10.0,4600.0,339
2023-05-09 21:27:38,c2311-C-2600,c2311-C-2600,46.0,0.0,0.0,0.0,50,44.5,45.5,20,47.0,46.0,46.0,46.0,10.0,4600.0,339
2023-05-09 21:27:39,c2311-C-2600,c2311-C-2600,46.0,0.0,0.0,0.0,60,44.5,45.5,10,47.0,46.0,46.0,46.0,10.0,4600.0,339
2023-05-09 21:27:43,c2311-C-2600,c2311-C-2600,46.0,0.0,0.0,0.0,50,44.5,45.5,10,47.0,46.0,46.0,46.0,10.0,4600.0,339
2023-05-09 21:27:44,c2311-C-2600,c2311-C-2600,46.0,0.0,0.0,0.0,60,44.5,45.5,10,47.0,46.0,46.0,46.0,10.0,4600.0,339
2023-05-09 21:27:46,c2311-C-2600,c2311-C-2600,46.0,0.0,0.0,0.0,50,44.5,45.5,10,47.0,46.0,46.0,46.0,10.0,4600.0,339
2023-05-09 21:27:53,c2311-C-2600,c2311-C-2600,46.0,0.0,0.0,0.0,40,44.5,45.5,10,47.0,46.0,46.0,46.0,10.0,4600.0,339
2023-05-09 21:27:59,c2311-C-2600,c2311-C-2600,46.0,0.0,0.0,0.0,20,44.5,45.5,20,47.0,46.0,46.0,46.0,10.0,4600.0,339
2023-05-09 21:27:59,c2311-C-2600,c2311-C-2600,46.0,0.0,0.0,0.0,30,44.5,45.5,10,47.0,46.0,46.0,46.0,10.0,4600.0,339
2023-05-09 21:28:00,c2311-C-2600,c2311-C-2600,46.0,0.0,0.0,0.0,30,44.5,45.5,20,47.0,46.0,46.0,46.0,10.0,4600.0,339
2023-05-09 21:28:03,c2311-C-2600,c2311-C-2600,46.0,0.0,0.0,0.0,20,44.5,45.5,20,47.0,46.0,46.0,46.0,10.0,4600.0,339
2023-05-09 21:28:03,c2311-C-2600,c2311-C-2600,46.0,0.0,0.0,0.0,30,44.5,45.5,10,47.0,46.0,46.0,46.0,10.0,4600.0,339
2023-05-09 21:28:04,c2311-C-2600,c2311-C-2600,46.0,0.0,0.0,0.0,10,44.5,45.5,20,47.0,46.0,46.0,46.0,10.0,4600.0,339
2023-05-09 21:28:04,c2311-C-2600,c2311-C-2600,46.0,0.0,0.0,0.0,50,44.0,45.5,40,47.0,46.0,46.0,46.0,10.0,4600.0,339
2023-05-09 21:28:05,c2311-C-2600,c2311-C-2600,46.0,0.0,0.0,0.0,50,44.0,45.5,30,47.0,46.0,46.0,46.0,10.0,4600.0,339
2023-05-09 21:28:05,c2311-C-2600,c2311-C-2600,46.0,0.0,0.0,0.0,50,44.0,45.5,20,47.0,46.0,46.0,46.0,10.0,4600.0,339
2023-05-09 21:28:09,c2311-C-2600,c2311-C-2600,46.0,0.0,0.0,0.0,50,44.0,45.5,40,47.0,46.0,46.0,46.0,10.0,4600.0,339
2023-05-09 21:28:10,c2311-C-2600,c2311-C-2600,46.0,0.0,0.0,0.0,10,44.5,45.5,20,47.0,46.0,46.0,46.0,10.0,4600.0,339
2023-05-09 21:28:10,c2311-C-2600,c2311-C-2600,46.0,0.0,0.0,0.0,10,44.5,45.5,10,47.0,46.0,46.0,46.0,10.0,4600.0,339
2023-05-09 21:28:11,c2311-C-2600,c2311-C-2600,46.0,0.0,0.0,0.0,50,44.0,45.5,20,47.0,46.0,46.0,46.0,10.0,4600.0,339
2023-05-09 21:28:12,c2311-C-2600,c2311-C-2600,46.0,0.0,0.0,0.0,50,44.0,45.5,10,47.0,46.0,46.0,46.0,10.0,4600.0,339
2023-05-09 21:28:13,c2311-C-2600,c2311-C-2600,46.0,0.0,0.0,0.0,50,44.0,45.5,20,47.0,46.0,46.0,46.0,10.0,4600.0,339
2023-05-09 21:28:17,c2311-C-2600,c2311-C-2600,46.0,0.0,0.0,0.0,50,44.0,45.5,10,47.0,46.0,46.0,46.0,10.0,4600.0,339
2023-05-09 21:28:17,c2311-C-2600,c2311-C-2600,46.0,0.0,0.0,0.0,50,44.0,45.5,20,47.0,46.0,46.0,46.0,10.0,4600.0,339
2023-05-09 21:28:19,c2311-C-2600,c2311-C-2600,46.0,0.0,0.0,0.0,50,44.0,45.5,10,47.0,46.0,46.0,46.0,10.0,4600.0,339
2023-05-09 21:28:22,c2311-C-2600,c2311-C-2600,46.0,0.0,0.0,0.0,50,44.0,45.5,20,47.0,46.0,46.0,46.0,10.0,4600.0,339
2023-05-09 21:28:23,c2311-C-2600,c2311-C-2600,46.0,0.0,0.0,0.0,50,44.0,45.5,30,47.0,46.0,46.0,46.0,10.0,4600.0,339
2023-05-09 21:28:23,c2311-C-2600,c2311-C-2600,46.0,0.0,0.0,0.0,50,44.0,45.5,20,47.0,46.0,46.0,46.0,10.0,4600.0,339
2023-05-09 21:28:25,c2311-C-2600,c2311-C-2600,46.0,0.0,0.0,0.0,50,44.0,45.5,10,47.0,46.0,46.0,46.0,10.0,4600.0,339
2023-05-09 21:28:26,c2311-C-2600,c2311-C-2600,46.0,0.0,0.0,0.0,50,44.0,45.5,30,47.0,46.0,46.0,46.0,10.0,4600.0,339
2023-05-09 21:28:27,c2311-C-2600,c2311-C-2600,46.0,0.0,0.0,0.0,50,44.0,45.5,20,47.0,46.0,46.0,46.0,10.0,4600.0,339
2023-05-09 21:28:29,c2311-C-2600,c2311-C-2600,46.0,0.0,0.0,0.0,50,44.0,45.5,30,47.0,46.0,46.0,46.0,10.0,4600.0,339
2023-05-09 21:28:30,c2311-C-2600,c2311-C-2600,46.0,0.0,0.0,0.0,50,44.0,45.5,40,47.0,46.0,46.0,46.0,10.0,4600.0,339
2023-05-09 21:28:31,c2311-C-2600,c2311-C-2600,46.0,0.0,0.0,0.0,50,44.0,45.5,30,47.0,46.0,46.0,46.0,10.0,4600.0,339
2023-05-09 21:28:31,c2311-C-2600,c2311-C-2600,46.0,0.0,0.0,0.0,50,44.0,45.5,40,47.0,46.0,46.0,46.0,10.0,4600.0,339
2023-05-09 21:28:38,c2311-C-2600,c2311-C-2600,46.0,0.0,0.0,0.0,50,44.0,45.0,10,47.0,46.0,46.0,46.0,10.0,4600.0,339
2023-05-09 21:28:46,c2311-C-2600,c2311-C-2600,46.0,0.0,0.0,0.0,40,44.0,45.0,10,47.0,46.0,46.0,46.0,10.0,4600.0,339
2023-05-09 21:28:48,c2311-C-2600,c2311-C-2600,46.0,0.0,0.0,0.0,30,44.0,45.0,10,47.0,46.0,46.0,46.0,10.0,4600.0,339
2023-05-09 21:28:49,c2311-C-2600,c2311-C-2600,46.0,0.0,0.0,0.0,20,44.0,45.0,30,47.0,46.0,46.0,46.0,10.0,4600.0,339
2023-05-09 21:28:49,c2311-C-2600,c2311-C-2600,46.0,0.0,0.0,0.0,20,44.0,45.0,20,47.0,46.0,46.0,46.0,10.0,4600.0,339
2023-05-09 21:28:49,c2311-C-2600,c2311-C-2600,46.0,0.0,0.0,0.0,10,44.0,45.0,20,47.0,46.0,46.0,46.0,10.0,4600.0,339
2023-05-09 21:28:50,c2311-C-2600,c2311-C-2600,46.0,0.0,0.0,0.0,30,44.0,45.0,10,47.0,46.0,46.0,46.0,10.0,4600.0,339
2023-05-09 21:28:51,c2311-C-2600,c2311-C-2600,46.0,0.0,0.0,0.0,30,44.0,45.0,20,47.0,46.0,46.0,46.0,10.0,4600.0,339
2023-05-09 21:28:51,c2311-C-2600,c2311-C-2600,46.0,0.0,0.0,0.0,40,44.0,45.0,10,47.0,46.0,46.0,46.0,10.0,4600.0,339
2023-05-09 21:28:54,c2311-C-2600,c2311-C-2600,46.0,0.0,0.0,0.0,50,44.0,45.0,10,47.0,46.0,46.0,46.0,10.0,4600.0,339
2023-05-09 21:28:57,c2311-C-2600,c2311-C-2600,46.0,0.0,0.0,0.0,40,44.0,45.0,10,47.0,46.0,46.0,46.0,10.0,4600.0,339
2023-05-09 21:28:58,c2311-C-2600,c2311-C-2600,46.0,0.0,0.0,0.0,10,44.0,45.0,20,47.0,46.0,46.0,46.0,10.0,4600.0,339
2023-05-09 21:28:58,c2311-C-2600,c2311-C-2600,46.0,0.0,0.0,0.0,50,44.0,45.0,10,47.0,46.0,46.0,46.0,10.0,4600.0,339
2023-05-09 21:29:03,c2311-C-2600,c2311-C-2600,46.0,0.0,0.0,0.0,40,44.0,45.0,10,47.0,46.0,46.0,46.0,10.0,4600.0,339
2023-05-09 21:29:03,c2311-C-2600,c2311-C-2600,46.0,0.0,0.0,0.0,30,44.0,45.0,10,47.0,46.0,46.0,46.0,10.0,4600.0,339
2023-05-09 21:29:03,c2311-C-2600,c2311-C-2600,46.0,0.0,0.0,0.0,30,44.0,45.0,20,47.0,46.0,46.0,46.0,10.0,4600.0,339
2023-05-09 21:29:08,c2311-C-2600,c2311-C-2600,46.0,0.0,0.0,0.0,20,44.0,45.0,20,47.0,46.0,46.0,46.0,10.0,4600.0,339
2023-05-09 21:29:09,c2311-C-2600,c2311-C-2600,46.0,0.0,0.0,0.0,30,44.0,45.0,10,47.0,46.0,46.0,46.0,10.0,4600.0,339
2023-05-09 21:29:10,c2311-C-2600,c2311-C-2600,46.0,0.0,0.0,0.0,20,44.0,45.0,30,47.0,46.0,46.0,46.0,10.0,4600.0,339
2023-05-09 21:29:11,c2311-C-2600,c2311-C-2600,46.0,0.0,0.0,0.0,30,44.0,45.0,10,47.0,46.0,46.0,46.0,10.0,4600.0,339
2023-05-09 21:29:12,c2311-C-2600,c2311-C-2600,46.0,0.0,0.0,0.0,20,44.0,45.0,20,47.0,46.0,46.0,46.0,10.0,4600.0,339
2023-05-09 21:29:16,c2311-C-2600,c2311-C-2600,46.0,0.0,0.0,0.0,10,44.0,45.0,30,47.0,46.0,46.0,46.0,10.0,4600.0,339
2023-05-09 21:29:17,c2311-C-2600,c2311-C-2600,46.0,0.0,0.0,0.0,10,44.0,45.0,40,47.0,46.0,46.0,46.0,10.0,4600.0,339
2023-05-09 21:29:18,c2311-C-2600,c2311-C-2600,46.0,0.0,0.0,0.0,20,44.0,45.0,20,47.0,46.0,46.0,46.0,10.0,4600.0,339
2023-05-09 21:29:18,c2311-C-2600,c2311-C-2600,46.0,0.0,0.0,0.0,10,44.0,45.0,40,47.0,46.0,46.0,46.0,10.0,4600.0,339
2023-05-09 21:29:21,c2311-C-2600,c2311-C-2600,46.0,0.0,0.0,0.0,10,44.0,45.0,30,47.0,46.0,46.0,46.0,10.0,4600.0,339
2023-05-09 21:29:22,c2311-C-2600,c2311-C-2600,46.0,0.0,0.0,0.0,10,44.0,45.0,40,47.0,46.0,46.0,46.0,10.0,4600.0,339
2023-05-09 21:29:26,c2311-C-2600,c2311-C-2600,46.0,0.0,0.0,0.0,60,43.5,45.0,50,47.0,46.0,46.0,46.0,10.0,4600.0,339
2023-05-09 21:29:31,c2311-C-2600,c2311-C-2600,46.0,0.0,0.0,0.0,60,43.5,44.5,10,47.0,46.0,46.0,46.0,10.0,4600.0,339
2023-05-09 21:29:45,c2311-C-2600,c2311-C-2600,46.0,0.0,0.0,0.0,30,43.5,44.5,20,47.0,46.0,46.0,46.0,10.0,4600.0,339
2023-05-09 21:29:46,c2311-C-2600,c2311-C-2600,46.0,0.0,0.0,0.0,40,43.5,44.5,20,47.0,46.0,46.0,46.0,10.0,4600.0,339
2023-05-09 21:29:47,c2311-C-2600,c2311-C-2600,46.0,0.0,0.0,0.0,30,43.5,44.5,20,47.0,46.0,46.0,46.0,10.0,4600.0,339
2023-05-09 21:29:47,c2311-C-2600,c2311-C-2600,46.0,0.0,0.0,0.0,20,43.5,44.5,20,47.0,46.0,46.0,46.0,10.0,4600.0,339
2023-05-09 21:29:49,c2311-C-2600,c2311-C-2600,46.0,0.0,0.0,0.0,10,43.5,44.5,30,47.0,46.0,46.0,46.0,10.0,4600.0,339
2023-05-09 21:29:50,c2311-C-2600,c2311-C-2600,46.0,0.0,0.0,0.0,10,43.5,44.5,20,47.0,46.0,46.0,46.0,10.0,4600.0,339
2023-05-09 21:29:50,c2311-C-2600,c2311-C-2600,46.0,0.0,0.0,0.0,10,43.5,44.5,30,47.0,46.0,46.0,46.0,10.0,4600.0,339
2023-05-09 21:29:51,c2311-C-2600,c2311-C-2600,46.0,0.0,0.0,0.0,20,43.5,44.5,20,47.0,46.0,46.0,46.0,10.0,4600.0,339
2023-05-09 21:29:52,c2311-C-2600,c2311-C-2600,46.0,0.0,0.0,0.0,10,43.5,44.5,20,47.0,46.0,46.0,46.0,10.0,4600.0,339
2023-05-09 21:29:52,c2311-C-2600,c2311-C-2600,46.0,0.0,0.0,0.0,10,43.5,44.5,30,47.0,46.0,46.0,46.0,10.0,4600.0,339
2023-05-09 21:29:57,c2311-C-2600,c2311-C-2600,46.0,0.0,0.0,0.0,80,43.0,44.5,40,47.0,46.0,46.0,46.0,10.0,4600.0,339
2023-05-09 21:30:00,c2311-C-2600,c2311-C-2600,46.0,0.0,0.0,0.0,80,43.0,44.5,50,47.0,46.0,46.0,46.0,10.0,4600.0,339
2023-05-09 21:30:01,c2311-C-2600,c2311-C-2600,46.0,0.0,0.0,0.0,70,43.0,44.5,60,47.0,46.0,46.0,46.0,10.0,4600.0,339
2023-05-09 21:30:01,c2311-C-2600,c2311-C-2600,46.0,0.0,0.0,0.0,60,43.0,44.5,70,47.0,46.0,46.0,46.0,10.0,4600.0,339
2023-05-09 21:30:01,c2311-C-2600,c2311-C-2600,46.0,0.0,0.0,0.0,70,43.0,44.5,50,47.0,46.0,46.0,46.0,10.0,4600.0,339
2023-05-09 21:30:02,c2311-C-2600,c2311-C-2600,46.0,0.0,0.0,0.0,70,43.0,44.5,40,47.0,46.0,46.0,46.0,10.0,4600.0,339
2023-05-09 21:30:10,c2311-C-2600,c2311-C-2600,46.0,0.0,0.0,0.0,70,43.0,44.5,30,47.0,46.0,46.0,46.0,10.0,4600.0,339
2023-05-09 21:30:11,c2311-C-2600,c2311-C-2600,46.0,0.0,0.0,0.0,70,43.0,44.5,40,47.0,46.0,46.0,46.0,10.0,4600.0,339
2023-05-09 21:30:12,c2311-C-2600,c2311-C-2600,46.0,0.0,0.0,0.0,60,43.0,44.5,40,47.0,46.0,46.0,46.0,10.0,4600.0,339
2023-05-09 21:30:12,c2311-C-2600,c2311-C-2600,46.0,0.0,0.0,0.0,70,43.0,44.5,40,47.0,46.0,46.0,46.0,10.0,4600.0,339
2023-05-09 21:30:17,c2311-C-2600,c2311-C-2600,46.0,0.0,0.0,0.0,60,43.0,44.5,40,47.0,46.0,46.0,46.0,10.0,4600.0,339
2023-05-09 21:30:18,c2311-C-2600,c2311-C-2600,46.0,0.0,0.0,0.0,40,43.0,44.0,20,47.0,46.0,46.0,46.0,10.0,4600.0,339
2023-05-09 21:30:23,c2311-C-2600,c2311-C-2600,46.0,0.0,0.0,0.0,40,43.0,44.0,10,47.0,46.0,46.0,46.0,10.0,4600.0,339
2023-05-09 21:30:24,c2311-C-2600,c2311-C-2600,46.0,0.0,0.0,0.0,60,43.0,44.0,10,47.0,46.0,46.0,46.0,10.0,4600.0,339
2023-05-09 21:30:26,c2311-C-2600,c2311-C-2600,46.0,0.0,0.0,0.0,50,43.0,44.0,10,47.0,46.0,46.0,46.0,10.0,4600.0,339
2023-05-09 21:30:29,c2311-C-2600,c2311-C-2600,46.0,0.0,0.0,0.0,30,43.0,44.0,30,47.0,46.0,46.0,46.0,10.0,4600.0,339
2023-05-09 21:30:29,c2311-C-2600,c2311-C-2600,46.0,0.0,0.0,0.0,20,43.0,44.0,30,47.0,46.0,46.0,46.0,10.0,4600.0,339
2023-05-09 21:30:30,c2311-C-2600,c2311-C-2600,46.0,0.0,0.0,0.0,10,43.0,44.0,40,47.0,46.0,46.0,46.0,10.0,4600.0,339
2023-05-09 21:30:30,c2311-C-2600,c2311-C-2600,46.0,0.0,0.0,0.0,20,43.0,44.0,20,47.0,46.0,46.0,46.0,10.0,4600.0,339
2023-05-09 21:30:30,c2311-C-2600,c2311-C-2600,46.0,0.0,0.0,0.0,30,43.0,44.0,20,47.0,46.0,46.0,46.0,10.0,4600.0,339
2023-05-09 21:30:32,c2311-C-2600,c2311-C-2600,46.0,0.0,0.0,0.0,30,43.0,44.0,10,47.0,46.0,46.0,46.0,10.0,4600.0,339
2023-05-09 21:30:32,c2311-C-2600,c2311-C-2600,46.0,0.0,0.0,0.0,30,43.0,44.0,20,47.0,46.0,46.0,46.0,10.0,4600.0,339
2023-05-09 21:30:32,c2311-C-2600,c2311-C-2600,46.0,0.0,0.0,0.0,30,43.0,44.0,10,47.0,46.0,46.0,46.0,10.0,4600.0,339
2023-05-09 21:30:34,c2311-C-2600,c2311-C-2600,46.0,0.0,0.0,0.0,30,43.0,44.0,20,47.0,46.0,46.0,46.0,10.0,4600.0,339
2023-05-09 21:30:35,c2311-C-2600,c2311-C-2600,46.0,0.0,0.0,0.0,40,43.0,44.0,10,47.0,46.0,46.0,46.0,10.0,4600.0,339
2023-05-09 21:30:36,c2311-C-2600,c2311-C-2600,46.0,0.0,0.0,0.0,30,43.0,44.0,20,47.0,46.0,46.0,46.0,10.0,4600.0,339
2023-05-09 21:30:38,c2311-C-2600,c2311-C-2600,46.0,0.0,0.0,0.0,30,43.0,44.0,10,47.0,46.0,46.0,46.0,10.0,4600.0,339
2023-05-09 21:30:38,c2311-C-2600,c2311-C-2600,46.0,0.0,0.0,0.0,30,43.0,44.0,20,47.0,46.0,46.0,46.0,10.0,4600.0,339
2023-05-09 21:30:38,c2311-C-2600,c2311-C-2600,46.0,0.0,0.0,0.0,30,43.0,44.0,10,47.0,46.0,46.0,46.0,10.0,4600.0,339
2023-05-09 21:30:41,c2311-C-2600,c2311-C-2600,46.0,0.0,0.0,0.0,30,43.0,44.0,20,47.0,46.0,46.0,46.0,10.0,4600.0,339
2023-05-09 21:30:43,c2311-C-2600,c2311-C-2600,46.0,0.0,0.0,0.0,30,43.0,44.0,10,47.0,46.0,46.0,46.0,10.0,4600.0,339
2023-05-09 21:30:48,c2311-C-2600,c2311-C-2600,46.0,0.0,0.0,0.0,10,43.0,44.0,30,47.0,46.0,46.0,46.0,10.0,4600.0,339
2023-05-09 21:30:49,c2311-C-2600,c2311-C-2600,46.0,0.0,0.0,0.0,20,43.0,44.0,10,47.0,46.0,46.0,46.0,10.0,4600.0,339
2023-05-09 21:30:49,c2311-C-2600,c2311-C-2600,46.0,0.0,0.0,0.0,30,43.0,44.0,10,47.0,46.0,46.0,46.0,10.0,4600.0,339
2023-05-09 21:30:53,c2311-C-2600,c2311-C-2600,46.0,0.0,0.0,0.0,40,43.0,44.0,10,47.0,46.0,46.0,46.0,10.0,4600.0,339
2023-05-09 21:30:59,c2311-C-2600,c2311-C-2600,46.0,0.0,0.0,0.0,30,43.0,44.0,20,47.0,46.0,46.0,46.0,10.0,4600.0,339
2023-05-09 21:30:59,c2311-C-2600,c2311-C-2600,46.0,0.0,0.0,0.0,20,43.0,44.0,20,47.0,46.0,46.0,46.0,10.0,4600.0,339
2023-05-09 21:31:00,c2311-C-2600,c2311-C-2600,46.0,0.0,0.0,0.0,10,43.0,44.0,40,47.0,46.0,46.0,46.0,10.0,4600.0,339
2023-05-09 21:31:00,c2311-C-2600,c2311-C-2600,46.0,0.0,0.0,0.0,80,42.5,44.0,40,47.0,46.0,46.0,46.0,10.0,4600.0,339
2023-05-09 21:31:09,c2311-C-2600,c2311-C-2600,46.0,0.0,0.0,0.0,70,42.5,44.0,40,47.0,46.0,46.0,46.0,10.0,4600.0,339
2023-05-09 21:31:09,c2311-C-2600,c2311-C-2600,46.0,0.0,0.0,0.0,80,42.5,44.0,40,47.0,46.0,46.0,46.0,10.0,4600.0,339
2023-05-09 21:31:13,c2311-C-2600,c2311-C-2600,46.0,0.0,0.0,0.0,80,42.5,44.0,20,47.0,46.0,46.0,46.0,10.0,4600.0,339
2023-05-09 21:31:13,c2311-C-2600,c2311-C-2600,46.0,0.0,0.0,0.0,80,42.5,44.0,40,47.0,46.0,46.0,46.0,10.0,4600.0,339
2023-05-09 21:31:14,c2311-C-2600,c2311-C-2600,46.0,0.0,0.0,0.0,80,42.5,44.0,30,47.0,46.0,46.0,46.0,10.0,4600.0,339
2023-05-09 21:31:16,c2311-C-2600,c2311-C-2600,46.0,0.0,0.0,0.0,60,42.5,44.0,40,47.0,46.0,46.0,46.0,10.0,4600.0,339
2023-05-09 21:31:17,c2311-C-2600,c2311-C-2600,46.0,0.0,0.0,0.0,80,42.5,44.0,40,47.0,46.0,46.0,46.0,10.0,4600.0,339
2023-05-09 21:31:18,c2311-C-2600,c2311-C-2600,46.0,0.0,0.0,0.0,80,42.5,44.0,30,47.0,46.0,46.0,46.0,10.0,4600.0,339
2023-05-09 21:31:19,c2311-C-2600,c2311-C-2600,46.0,0.0,0.0,0.0,80,42.5,44.0,40,47.0,46.0,46.0,46.0,10.0,4600.0,339
2023-05-09 21:31:20,c2311-C-2600,c2311-C-2600,46.0,0.0,0.0,0.0,80,42.5,44.0,30,47.0,46.0,46.0,46.0,10.0,4600.0,339
2023-05-09 21:31:22,c2311-C-2600,c2311-C-2600,46.0,0.0,0.0,0.0,80,42.5,44.0,40,47.0,46.0,46.0,46.0,10.0,4600.0,339
2023-05-09 21:31:23,c2311-C-2600,c2311-C-2600,46.0,0.0,0.0,0.0,80,42.5,44.0,30,47.0,46.0,46.0,46.0,10.0,4600.0,339
2023-05-09 21:31:25,c2311-C-2600,c2311-C-2600,46.0,0.0,0.0,0.0,70,42.5,44.0,40,47.0,46.0,46.0,46.0,10.0,4600.0,339
2023-05-09 21:31:28,c2311-C-2600,c2311-C-2600,46.0,0.0,0.0,0.0,70,42.5,44.0,30,47.0,46.0,46.0,46.0,10.0,4600.0,339
2023-05-09 21:31:32,c2311-C-2600,c2311-C-2600,46.0,0.0,0.0,0.0,10,43.0,44.0,30,47.0,46.0,46.0,46.0,10.0,4600.0,339
2023-05-09 21:31:33,c2311-C-2600,c2311-C-2600,46.0,0.0,0.0,0.0,30,43.0,44.0,30,47.0,46.0,46.0,46.0,10.0,4600.0,339
2023-05-09 21:31:33,c2311-C-2600,c2311-C-2600,46.0,0.0,0.0,0.0,50,43.0,44.0,20,47.0,46.0,46.0,46.0,10.0,4600.0,339
2023-05-09 21:31:36,c2311-C-2600,c2311-C-2600,46.0,0.0,0.0,0.0,50,43.0,44.0,10,47.0,46.0,46.0,46.0,10.0,4600.0,339
2023-05-09 21:31:42,c2311-C-2600,c2311-C-2600,46.0,0.0,0.0,0.0,40,43.0,44.0,20,47.0,46.0,46.0,46.0,10.0,4600.0,339
2023-05-09 21:31:43,c2311-C-2600,c2311-C-2600,46.0,0.0,0.0,0.0,30,43.0,44.0,20,47.0,46.0,46.0,46.0,10.0,4600.0,339
2023-05-09 21:31:45,c2311-C-2600,c2311-C-2600,46.0,0.0,0.0,0.0,20,43.0,44.0,20,47.0,46.0,46.0,46.0,10.0,4600.0,339
2023-05-09 21:31:46,c2311-C-2600,c2311-C-2600,46.0,0.0,0.0,0.0,20,43.0,44.0,30,47.0,46.0,46.0,46.0,10.0,4600.0,339
2023-05-09 21:31:48,c2311-C-2600,c2311-C-2600,46.0,0.0,0.0,0.0,70,42.5,44.0,40,47.0,46.0,46.0,46.0,10.0,4600.0,339
2023-05-09 21:31:53,c2311-C-2600,c2311-C-2600,46.0,0.0,0.0,0.0,70,42.5,44.0,30,47.0,46.0,46.0,46.0,10.0,4600.0,339
2023-05-09 21:31:59,c2311-C-2600,c2311-C-2600,46.0,0.0,0.0,0.0,70,42.5,44.0,20,47.0,46.0,46.0,46.0,10.0,4600.0,339
2023-05-09 21:32:00,c2311-C-2600,c2311-C-2600,46.0,0.0,0.0,0.0,30,43.0,44.0,20,47.0,46.0,46.0,46.0,10.0,4600.0,339
2023-05-09 21:32:01,c2311-C-2600,c2311-C-2600,46.0,0.0,0.0,0.0,40,43.0,44.0,20,47.0,46.0,46.0,46.0,10.0,4600.0,339
2023-05-09 21:32:02,c2311-C-2600,c2311-C-2600,46.0,0.0,0.0,0.0,50,43.0,44.0,20,47.0,46.0,46.0,46.0,10.0,4600.0,339
2023-05-09 21:32:07,c2311-C-2600,c2311-C-2600,46.0,0.0,0.0,0.0,50,43.0,44.0,10,47.0,46.0,46.0,46.0,10.0,4600.0,339
2023-05-09 21:32:11,c2311-C-2600,c2311-C-2600,46.0,0.0,0.0,0.0,60,43.0,44.5,60,47.0,46.0,46.0,46.0,10.0,4600.0,339
2023-05-09 21:32:15,c2311-C-2600,c2311-C-2600,46.0,0.0,0.0,0.0,60,43.0,44.5,50,47.0,46.0,46.0,46.0,10.0,4600.0,339
2023-05-09 21:32:15,c2311-C-2600,c2311-C-2600,46.0,0.0,0.0,0.0,85,43.0,44.5,50,47.0,46.0,46.0,46.0,10.0,4600.0,339
2023-05-09 21:32:18,c2311-C-2600,c2311-C-2600,46.0,0.0,0.0,0.0,95,43.0,44.5,20,47.0,46.0,46.0,46.0,10.0,4600.0,339
2023-05-09 21:32:18,c2311-C-2600,c2311-C-2600,46.0,0.0,0.0,0.0,70,43.0,44.5,20,47.0,46.0,46.0,46.0,10.0,4600.0,339
2023-05-09 21:32:20,c2311-C-2600,c2311-C-2600,46.0,0.0,0.0,0.0,70,43.0,44.5,30,47.0,46.0,46.0,46.0,10.0,4600.0,339
2023-05-09 21:32:25,c2311-C-2600,c2311-C-2600,46.0,0.0,0.0,0.0,60,43.0,44.5,40,47.0,46.0,46.0,46.0,10.0,4600.0,339
2023-05-09 21:32:25,c2311-C-2600,c2311-C-2600,46.0,0.0,0.0,0.0,50,43.0,44.5,50,47.0,46.0,46.0,46.0,10.0,4600.0,339
2023-05-09 21:32:26,c2311-C-2600,c2311-C-2600,46.0,0.0,0.0,0.0,60,43.0,44.5,40,47.0,46.0,46.0,46.0,10.0,4600.0,339
2023-05-09 21:32:44,c2311-C-2600,c2311-C-2600,46.0,0.0,0.0,0.0,70,43.0,44.5,30,47.0,46.0,46.0,46.0,10.0,4600.0,339
2023-05-09 21:32:44,c2311-C-2600,c2311-C-2600,46.0,0.0,0.0,0.0,70,43.0,44.5,40,47.0,46.0,46.0,46.0,10.0,4600.0,339
2023-05-09 21:33:03,c2311-C-2600,c2311-C-2600,46.0,0.0,0.0,0.0,70,43.0,44.5,50,47.0,46.0,46.0,46.0,10.0,4600.0,339
2023-05-09 21:33:04,c2311-C-2600,c2311-C-2600,46.0,0.0,0.0,0.0,70,43.0,44.5,40,47.0,46.0,46.0,46.0,10.0,4600.0,339
2023-05-09 21:33:06,c2311-C-2600,c2311-C-2600,46.0,0.0,0.0,0.0,10,43.5,44.5,20,47.0,46.0,46.0,46.0,10.0,4600.0,339
2023-05-09 21:33:07,c2311-C-2600,c2311-C-2600,46.0,0.0,0.0,0.0,70,43.0,44.5,20,47.0,46.0,46.0,46.0,10.0,4600.0,339
2023-05-09 21:33:07,c2311-C-2600,c2311-C-2600,46.0,0.0,0.0,0.0,70,43.0,44.5,30,47.0,46.0,46.0,46.0,10.0,4600.0,339
2023-05-09 21:33:08,c2311-C-2600,c2311-C-2600,46.0,0.0,0.0,0.0,70,43.0,44.5,40,47.0,46.0,46.0,46.0,10.0,4600.0,339
2023-05-09 21:33:29,c2311-C-2600,c2311-C-2600,46.0,0.0,0.0,0.0,70,43.0,44.5,30,47.0,46.0,46.0,46.0,10.0,4600.0,339
2023-05-09 21:33:31,c2311-C-2600,c2311-C-2600,46.0,0.0,0.0,0.0,95,43.0,44.5,30,47.0,46.0,46.0,46.0,10.0,4600.0,339
2023-05-09 21:33:33,c2311-C-2600,c2311-C-2600,46.0,0.0,0.0,0.0,70,43.0,44.5,30,47.0,46.0,46.0,46.0,10.0,4600.0,339
2023-05-09 21:33:59,c2311-C-2600,c2311-C-2600,46.0,0.0,0.0,0.0,70,43.0,44.5,40,47.0,46.0,46.0,46.0,10.0,4600.0,339
2023-05-09 21:34:01,c2311-C-2600,c2311-C-2600,46.0,0.0,0.0,0.0,20,43.5,45.0,70,47.0,46.0,46.0,46.0,10.0,4600.0,339
2023-05-09 21:34:01,c2311-C-2600,c2311-C-2600,46.0,0.0,0.0,0.0,50,43.5,45.0,50,47.0,46.0,46.0,46.0,10.0,4600.0,339
2023-05-09 21:34:01,c2311-C-2600,c2311-C-2600,46.0,0.0,0.0,0.0,60,43.5,45.0,50,47.0,46.0,46.0,46.0,10.0,4600.0,339
2023-05-09 21:34:04,c2311-C-2600,c2311-C-2600,46.0,0.0,0.0,0.0,70,43.5,45.0,30,47.0,46.0,46.0,46.0,10.0,4600.0,339
2023-05-09 21:34:05,c2311-C-2600,c2311-C-2600,46.0,0.0,0.0,0.0,70,43.5,45.0,20,47.0,46.0,46.0,46.0,10.0,4600.0,339
2023-05-09 21:34:06,c2311-C-2600,c2311-C-2600,46.0,0.0,0.0,0.0,10,44.0,45.0,20,47.0,46.0,46.0,46.0,10.0,4600.0,339
2023-05-09 21:34:08,c2311-C-2600,c2311-C-2600,46.0,0.0,0.0,0.0,70,43.5,45.0,20,47.0,46.0,46.0,46.0,10.0,4600.0,339
2023-05-09 21:34:09,c2311-C-2600,c2311-C-2600,46.0,0.0,0.0,0.0,60,43.5,45.0,40,47.0,46.0,46.0,46.0,10.0,4600.0,339
2023-05-09 21:34:09,c2311-C-2600,c2311-C-2600,46.0,0.0,0.0,0.0,60,43.5,45.0,60,47.0,46.0,46.0,46.0,10.0,4600.0,339
2023-05-09 21:34:21,c2311-C-2600,c2311-C-2600,46.0,0.0,0.0,0.0,70,43.5,45.0,40,47.0,46.0,46.0,46.0,10.0,4600.0,339
2023-05-09 21:34:22,c2311-C-2600,c2311-C-2600,46.0,0.0,0.0,0.0,70,43.5,45.0,30,47.0,46.0,46.0,46.0,10.0,4600.0,339
2023-05-09 21:34:23,c2311-C-2600,c2311-C-2600,46.0,0.0,0.0,0.0,70,43.5,45.0,40,47.0,46.0,46.0,46.0,10.0,4600.0,339
2023-05-09 21:34:23,c2311-C-2600,c2311-C-2600,46.0,0.0,0.0,0.0,70,43.5,45.0,30,47.0,46.0,46.0,46.0,10.0,4600.0,339
2023-05-09 21:34:24,c2311-C-2600,c2311-C-2600,46.0,0.0,0.0,0.0,70,43.5,45.0,20,47.0,46.0,46.0,46.0,10.0,4600.0,339
2023-05-09 21:34:35,c2311-C-2600,c2311-C-2600,46.0,0.0,0.0,0.0,70,43.5,45.0,30,47.0,46.0,46.0,46.0,10.0,4600.0,339
2023-05-09 21:34:38,c2311-C-2600,c2311-C-2600,46.0,0.0,0.0,0.0,70,43.5,45.0,20,47.0,46.0,46.0,46.0,10.0,4600.0,339
2023-05-09 21:34:41,c2311-C-2600,c2311-C-2600,46.0,0.0,0.0,0.0,10,44.0,45.0,20,47.0,46.0,46.0,46.0,10.0,4600.0,339
2023-05-09 21:34:42,c2311-C-2600,c2311-C-2600,46.0,0.0,0.0,0.0,20,44.0,45.0,20,47.0,46.0,46.0,46.0,10.0,4600.0,339
2023-05-09 21:35:00,c2311-C-2600,c2311-C-2600,46.0,0.0,0.0,0.0,45,44.0,45.0,20,47.0,46.0,46.0,46.0,10.0,4600.0,339
2023-05-09 21:35:01,c2311-C-2600,c2311-C-2600,46.0,0.0,0.0,0.0,35,44.0,45.0,20,47.0,46.0,46.0,46.0,10.0,4600.0,339
2023-05-09 21:35:03,c2311-C-2600,c2311-C-2600,46.0,0.0,0.0,0.0,25,44.0,45.0,20,47.0,46.0,46.0,46.0,10.0,4600.0,339
2023-05-09 21:35:03,c2311-C-2600,c2311-C-2600,46.0,0.0,0.0,0.0,95,43.5,45.0,20,47.0,46.0,46.0,46.0,10.0,4600.0,339
2023-05-09 21:35:03,c2311-C-2600,c2311-C-2600,46.0,0.0,0.0,0.0,10,44.0,45.0,20,47.0,46.0,46.0,46.0,10.0,4600.0,339
2023-05-09 21:35:04,c2311-C-2600,c2311-C-2600,46.0,0.0,0.0,0.0,95,43.5,45.0,30,47.0,46.0,46.0,46.0,10.0,4600.0,339
2023-05-09 21:35:08,c2311-C-2600,c2311-C-2600,46.0,0.0,0.0,0.0,70,43.5,45.0,30,47.0,46.0,46.0,46.0,10.0,4600.0,339
2023-05-09 21:35:19,c2311-C-2600,c2311-C-2600,46.0,0.0,0.0,0.0,95,43.5,45.0,40,47.0,46.0,46.0,46.0,10.0,4600.0,339
2023-05-09 21:35:24,c2311-C-2600,c2311-C-2600,46.0,0.0,0.0,0.0,70,43.5,45.0,40,47.0,46.0,46.0,46.0,10.0,4600.0,339
2023-05-09 21:35:46,c2311-C-2600,c2311-C-2600,46.0,0.0,0.0,0.0,20,43.5,45.0,60,47.0,46.0,46.0,46.0,10.0,4600.0,339
2023-05-09 21:35:46,c2311-C-2600,c2311-C-2600,46.0,0.0,0.0,0.0,40,43.5,45.0,60,47.0,46.0,46.0,46.0,10.0,4600.0,339
2023-05-09 21:35:48,c2311-C-2600,c2311-C-2600,46.0,0.0,0.0,0.0,30,43.5,45.0,60,47.0,46.0,46.0,46.0,10.0,4600.0,339
2023-05-09 21:35:49,c2311-C-2600,c2311-C-2600,46.0,0.0,0.0,0.0,20,43.5,45.0,60,47.0,46.0,46.0,46.0,10.0,4600.0,339
2023-05-09 21:35:50,c2311-C-2600,c2311-C-2600,46.0,0.0,0.0,0.0,20,43.5,44.5,20,47.0,46.0,46.0,46.0,10.0,4600.0,339
2023-05-09 21:35:56,c2311-C-2600,c2311-C-2600,46.0,0.0,0.0,0.0,10,43.5,44.5,40,47.0,46.0,46.0,46.0,10.0,4600.0,339
2023-05-09 21:35:57,c2311-C-2600,c2311-C-2600,46.0,0.0,0.0,0.0,10,43.5,44.5,30,47.0,46.0,46.0,46.0,10.0,4600.0,339
