time,symbol_id,symbol_name,last,trade_volume,trade_amount,open_interest_change,bv1,bp1,ap1,av1,yesterday_close,today_open,today_high,today_low,volume,amount,open_interest
2023-05-09 20:55:58,c2311-P-2480,c2311-P-2480,62.5,0.0,0.0,0.0,1,0.5,0.0,0,62.5,68.5,0.0,0.0,0.0,0.0,549
2023-05-09 21:00:00,c2311-P-2480,c2311-P-2480,62.5,0.0,0.0,0.0,10,3.5,0.0,0,62.5,68.5,0.0,0.0,0.0,0.0,549
2023-05-09 21:00:03,c2311-P-2480,c2311-P-2480,62.5,0.0,0.0,0.0,1,16.5,114.5,1,62.5,68.5,0.0,0.0,0.0,0.0,549
2023-05-09 21:00:03,c2311-P-2480,c2311-P-2480,62.5,0.0,0.0,0.0,10,19.5,111.5,10,62.5,68.5,0.0,0.0,0.0,0.0,549
2023-05-09 21:00:07,c2311-P-2480,c2311-P-2480,62.5,0.0,0.0,0.0,10,35.5,95.5,10,62.5,68.5,0.0,0.0,0.0,0.0,549
2023-05-09 21:00:08,c2311-P-2480,c2311-P-2480,62.5,0.0,0.0,0.0,10,39.0,92.0,10,62.5,68.5,0.0,0.0,0.0,0.0,549
2023-05-09 21:00:08,c2311-P-2480,c2311-P-2480,62.5,0.0,0.0,0.0,10,42.0,89.0,10,62.5,68.5,0.0,0.0,0.0,0.0,549
2023-05-09 21:00:09,c2311-P-2480,c2311-P-2480,62.5,0.0,0.0,0.0,10,45.5,85.5,10,62.5,68.5,0.0,0.0,0.0,0.0,549
2023-05-09 21:00:09,c2311-P-2480,c2311-P-2480,62.5,0.0,0.0,0.0,1,58.5,72.5,1,62.5,68.5,0.0,0.0,0.0,0.0,549
2023-05-09 21:00:10,c2311-P-2480,c2311-P-2480,62.5,0.0,0.0,0.0,11,58.5,72.0,10,62.5,68.5,0.0,0.0,0.0,0.0,549
2023-05-09 21:00:51,c2311-P-2480,c2311-P-2480,62.5,0.0,0.0,0.0,1,61.5,72.0,10,62.5,68.5,0.0,0.0,0.0,0.0,549
2023-05-09 21:00:51,c2311-P-2480,c2311-P-2480,62.5,0.0,0.0,0.0,11,61.5,72.0,10,62.5,68.5,0.0,0.0,0.0,0.0,549
2023-05-09 21:01:08,c2311-P-2480,c2311-P-2480,62.5,0.0,0.0,0.0,10,68.0,70.0,10,62.5,68.5,0.0,0.0,0.0,0.0,549
2023-05-09 21:01:23,c2311-P-2480,c2311-P-2480,62.5,0.0,0.0,0.0,10,67.5,69.5,10,62.5,68.5,0.0,0.0,0.0,0.0,549
2023-05-09 21:01:23,c2311-P-2480,c2311-P-2480,62.5,0.0,0.0,0.0,10,67.5,70.0,10,62.5,68.5,0.0,0.0,0.0,0.0,549
2023-05-09 21:01:24,c2311-P-2480,c2311-P-2480,62.5,0.0,0.0,0.0,10,67.5,69.5,10,62.5,68.5,0.0,0.0,0.0,0.0,549
2023-05-09 21:01:26,c2311-P-2480,c2311-P-2480,62.5,0.0,0.0,0.0,10,67.5,70.0,10,62.5,68.5,0.0,0.0,0.0,0.0,549
2023-05-09 21:01:29,c2311-P-2480,c2311-P-2480,62.5,0.0,0.0,0.0,10,67.5,69.5,10,62.5,68.5,0.0,0.0,0.0,0.0,549
2023-05-09 21:01:31,c2311-P-2480,c2311-P-2480,62.5,0.0,0.0,0.0,10,68.0,70.0,10,62.5,68.5,0.0,0.0,0.0,0.0,549
2023-05-09 21:01:33,c2311-P-2480,c2311-P-2480,62.5,0.0,0.0,0.0,10,67.5,69.5,10,62.5,68.5,0.0,0.0,0.0,0.0,549
2023-05-09 21:01:33,c2311-P-2480,c2311-P-2480,62.5,0.0,0.0,0.0,10,68.0,70.0,10,62.5,68.5,0.0,0.0,0.0,0.0,549
2023-05-09 21:01:39,c2311-P-2480,c2311-P-2480,62.5,0.0,0.0,0.0,1,68.5,70.0,10,62.5,68.5,0.0,0.0,0.0,0.0,549
2023-05-09 21:01:40,c2311-P-2480,c2311-P-2480,62.5,0.0,0.0,0.0,11,68.5,71.0,10,62.5,68.5,0.0,0.0,0.0,0.0,549
2023-05-09 21:01:42,c2311-P-2480,c2311-P-2480,62.5,0.0,0.0,0.0,1,68.5,70.0,10,62.5,68.5,0.0,0.0,0.0,0.0,549
2023-05-09 21:01:42,c2311-P-2480,c2311-P-2480,62.5,0.0,0.0,0.0,11,68.5,70.5,10,62.5,68.5,0.0,0.0,0.0,0.0,549
2023-05-09 21:01:49,c2311-P-2480,c2311-P-2480,62.5,0.0,0.0,0.0,10,69.0,71.0,10,62.5,68.5,0.0,0.0,0.0,0.0,549
2023-05-09 21:01:50,c2311-P-2480,c2311-P-2480,62.5,0.0,0.0,0.0,10,69.0,71.0,20,62.5,68.5,0.0,0.0,0.0,0.0,549
2023-05-09 21:02:03,c2311-P-2480,c2311-P-2480,62.5,0.0,0.0,0.0,10,69.5,71.5,10,62.5,68.5,0.0,0.0,0.0,0.0,549
2023-05-09 21:02:04,c2311-P-2480,c2311-P-2480,62.5,0.0,0.0,0.0,20,69.5,72.0,20,62.5,68.5,0.0,0.0,0.0,0.0,549
2023-05-09 21:02:04,c2311-P-2480,c2311-P-2480,62.5,0.0,0.0,0.0,20,69.0,71.5,10,62.5,68.5,0.0,0.0,0.0,0.0,549
2023-05-09 21:02:05,c2311-P-2480,c2311-P-2480,62.5,0.0,0.0,0.0,20,69.0,71.0,10,62.5,68.5,0.0,0.0,0.0,0.0,549
2023-05-09 21:02:06,c2311-P-2480,c2311-P-2480,62.5,0.0,0.0,0.0,10,69.0,71.0,20,62.5,68.5,0.0,0.0,0.0,0.0,549
2023-05-09 21:02:09,c2311-P-2480,c2311-P-2480,62.5,0.0,0.0,0.0,21,68.5,70.5,10,62.5,68.5,0.0,0.0,0.0,0.0,549
2023-05-09 21:02:10,c2311-P-2480,c2311-P-2480,62.5,0.0,0.0,0.0,10,69.0,71.0,20,62.5,68.5,0.0,0.0,0.0,0.0,549
2023-05-09 21:02:12,c2311-P-2480,c2311-P-2480,62.5,0.0,0.0,0.0,10,69.0,71.0,30,62.5,68.5,0.0,0.0,0.0,0.0,549
2023-05-09 21:02:13,c2311-P-2480,c2311-P-2480,62.5,0.0,0.0,0.0,21,68.5,70.5,20,62.5,68.5,0.0,0.0,0.0,0.0,549
2023-05-09 21:02:13,c2311-P-2480,c2311-P-2480,62.5,0.0,0.0,0.0,1,68.5,70.0,20,62.5,68.5,0.0,0.0,0.0,0.0,549
2023-05-09 21:02:15,c2311-P-2480,c2311-P-2480,68.5,1.0,685.0,0.0,23,67.5,69.5,10,62.5,68.5,68.5,68.5,1.0,685.0,549
2023-05-09 21:02:16,c2311-P-2480,c2311-P-2480,68.5,0.0,0.0,0.0,10,67.5,69.0,10,62.5,68.5,68.5,68.5,1.0,685.0,549
2023-05-09 21:02:16,c2311-P-2480,c2311-P-2480,68.5,0.0,0.0,0.0,20,67.5,69.0,10,62.5,68.5,68.5,68.5,1.0,685.0,549
2023-05-09 21:02:17,c2311-P-2480,c2311-P-2480,68.5,0.0,0.0,0.0,40,67.0,69.0,30,62.5,68.5,68.5,68.5,1.0,685.0,549
2023-05-09 21:02:17,c2311-P-2480,c2311-P-2480,68.5,0.0,0.0,0.0,20,67.5,69.0,20,62.5,68.5,68.5,68.5,1.0,685.0,549
2023-05-09 21:02:21,c2311-P-2480,c2311-P-2480,68.5,0.0,0.0,0.0,20,67.5,69.0,10,62.5,68.5,68.5,68.5,1.0,685.0,549
2023-05-09 21:02:23,c2311-P-2480,c2311-P-2480,68.5,0.0,0.0,0.0,20,67.5,69.0,20,62.5,68.5,68.5,68.5,1.0,685.0,549
2023-05-09 21:02:26,c2311-P-2480,c2311-P-2480,68.5,0.0,0.0,0.0,10,68.0,69.0,20,62.5,68.5,68.5,68.5,1.0,685.0,549
2023-05-09 21:02:27,c2311-P-2480,c2311-P-2480,68.5,0.0,0.0,0.0,20,68.0,69.0,10,62.5,68.5,68.5,68.5,1.0,685.0,549
2023-05-09 21:02:30,c2311-P-2480,c2311-P-2480,68.5,0.0,0.0,0.0,20,68.0,69.5,20,62.5,68.5,68.5,68.5,1.0,685.0,549
2023-05-09 21:02:30,c2311-P-2480,c2311-P-2480,68.5,0.0,0.0,0.0,30,68.0,69.5,20,62.5,68.5,68.5,68.5,1.0,685.0,549
2023-05-09 21:02:31,c2311-P-2480,c2311-P-2480,68.5,0.0,0.0,0.0,10,68.5,69.5,20,62.5,68.5,68.5,68.5,1.0,685.0,549
2023-05-09 21:02:31,c2311-P-2480,c2311-P-2480,68.5,0.0,0.0,0.0,20,68.5,70.0,20,62.5,68.5,68.5,68.5,1.0,685.0,549
2023-05-09 21:02:32,c2311-P-2480,c2311-P-2480,68.5,0.0,0.0,0.0,10,68.5,70.0,20,62.5,68.5,68.5,68.5,1.0,685.0,549
2023-05-09 21:02:33,c2311-P-2480,c2311-P-2480,68.5,0.0,0.0,0.0,20,68.5,70.0,20,62.5,68.5,68.5,68.5,1.0,685.0,549
2023-05-09 21:02:34,c2311-P-2480,c2311-P-2480,68.5,0.0,0.0,0.0,10,68.5,70.0,20,62.5,68.5,68.5,68.5,1.0,685.0,549
2023-05-09 21:02:35,c2311-P-2480,c2311-P-2480,68.5,0.0,0.0,0.0,20,68.5,70.0,20,62.5,68.5,68.5,68.5,1.0,685.0,549
2023-05-09 21:02:35,c2311-P-2480,c2311-P-2480,68.5,0.0,0.0,0.0,10,68.5,70.0,20,62.5,68.5,68.5,68.5,1.0,685.0,549
2023-05-09 21:02:36,c2311-P-2480,c2311-P-2480,68.5,0.0,0.0,0.0,20,68.5,70.0,20,62.5,68.5,68.5,68.5,1.0,685.0,549
2023-05-09 21:02:41,c2311-P-2480,c2311-P-2480,68.5,0.0,0.0,0.0,10,68.5,70.0,20,62.5,68.5,68.5,68.5,1.0,685.0,549
2023-05-09 21:02:41,c2311-P-2480,c2311-P-2480,68.5,0.0,0.0,0.0,20,68.5,70.0,20,62.5,68.5,68.5,68.5,1.0,685.0,549
2023-05-09 21:02:43,c2311-P-2480,c2311-P-2480,68.5,0.0,0.0,0.0,40,68.0,70.0,30,62.5,68.5,68.5,68.5,1.0,685.0,549
2023-05-09 21:02:53,c2311-P-2480,c2311-P-2480,68.5,0.0,0.0,0.0,40,68.0,70.0,20,62.5,68.5,68.5,68.5,1.0,685.0,549
2023-05-09 21:02:53,c2311-P-2480,c2311-P-2480,68.5,0.0,0.0,0.0,10,68.5,70.0,20,62.5,68.5,68.5,68.5,1.0,685.0,549
2023-05-09 21:02:54,c2311-P-2480,c2311-P-2480,68.5,0.0,0.0,0.0,40,68.0,70.0,20,62.5,68.5,68.5,68.5,1.0,685.0,549
2023-05-09 21:02:54,c2311-P-2480,c2311-P-2480,68.5,0.0,0.0,0.0,10,68.5,70.0,20,62.5,68.5,68.5,68.5,1.0,685.0,549
2023-05-09 21:02:54,c2311-P-2480,c2311-P-2480,68.5,0.0,0.0,0.0,40,68.0,70.0,30,62.5,68.5,68.5,68.5,1.0,685.0,549
2023-05-09 21:02:56,c2311-P-2480,c2311-P-2480,68.5,0.0,0.0,0.0,40,68.0,70.0,20,62.5,68.5,68.5,68.5,1.0,685.0,549
2023-05-09 21:02:57,c2311-P-2480,c2311-P-2480,68.5,0.0,0.0,0.0,40,68.0,70.0,30,62.5,68.5,68.5,68.5,1.0,685.0,549
2023-05-09 21:02:57,c2311-P-2480,c2311-P-2480,68.5,0.0,0.0,0.0,10,68.5,70.0,20,62.5,68.5,68.5,68.5,1.0,685.0,549
2023-05-09 21:02:57,c2311-P-2480,c2311-P-2480,68.5,0.0,0.0,0.0,20,68.5,70.0,20,62.5,68.5,68.5,68.5,1.0,685.0,549
2023-05-09 21:03:00,c2311-P-2480,c2311-P-2480,68.5,0.0,0.0,0.0,20,68.5,70.0,10,62.5,68.5,68.5,68.5,1.0,685.0,549
2023-05-09 21:03:01,c2311-P-2480,c2311-P-2480,68.5,0.0,0.0,0.0,20,68.5,70.0,20,62.5,68.5,68.5,68.5,1.0,685.0,549
2023-05-09 21:03:05,c2311-P-2480,c2311-P-2480,68.5,0.0,0.0,0.0,40,68.0,70.0,30,62.5,68.5,68.5,68.5,1.0,685.0,549
2023-05-09 21:03:11,c2311-P-2480,c2311-P-2480,68.5,0.0,0.0,0.0,10,68.5,70.0,20,62.5,68.5,68.5,68.5,1.0,685.0,549
2023-05-09 21:03:14,c2311-P-2480,c2311-P-2480,68.5,0.0,0.0,0.0,40,68.0,70.0,30,62.5,68.5,68.5,68.5,1.0,685.0,549
2023-05-09 21:03:27,c2311-P-2480,c2311-P-2480,68.5,0.0,0.0,0.0,10,68.5,70.0,20,62.5,68.5,68.5,68.5,1.0,685.0,549
2023-05-09 21:03:29,c2311-P-2480,c2311-P-2480,68.5,0.0,0.0,0.0,20,68.5,70.0,10,62.5,68.5,68.5,68.5,1.0,685.0,549
2023-05-09 21:03:30,c2311-P-2480,c2311-P-2480,68.5,0.0,0.0,0.0,20,68.5,70.0,20,62.5,68.5,68.5,68.5,1.0,685.0,549
2023-05-09 21:03:33,c2311-P-2480,c2311-P-2480,68.5,0.0,0.0,0.0,10,69.0,70.5,30,62.5,68.5,68.5,68.5,1.0,685.0,549
2023-05-09 21:03:33,c2311-P-2480,c2311-P-2480,68.5,0.0,0.0,0.0,10,69.0,70.0,10,62.5,68.5,68.5,68.5,1.0,685.0,549
2023-05-09 21:03:34,c2311-P-2480,c2311-P-2480,68.5,0.0,0.0,0.0,30,68.5,70.5,40,62.5,68.5,68.5,68.5,1.0,685.0,549
2023-05-09 21:03:35,c2311-P-2480,c2311-P-2480,68.5,0.0,0.0,0.0,10,69.0,70.5,30,62.5,68.5,68.5,68.5,1.0,685.0,549
2023-05-09 21:03:35,c2311-P-2480,c2311-P-2480,68.5,0.0,0.0,0.0,30,69.0,70.5,20,62.5,68.5,68.5,68.5,1.0,685.0,549
2023-05-09 21:03:35,c2311-P-2480,c2311-P-2480,68.5,0.0,0.0,0.0,10,69.0,70.5,30,62.5,68.5,68.5,68.5,1.0,685.0,549
2023-05-09 21:03:38,c2311-P-2480,c2311-P-2480,68.5,0.0,0.0,0.0,30,69.0,70.5,30,62.5,68.5,68.5,68.5,1.0,685.0,549
2023-05-09 21:03:38,c2311-P-2480,c2311-P-2480,68.5,0.0,0.0,0.0,40,69.0,70.5,20,62.5,68.5,68.5,68.5,1.0,685.0,549
2023-05-09 21:03:39,c2311-P-2480,c2311-P-2480,68.5,0.0,0.0,0.0,30,69.0,70.5,30,62.5,68.5,68.5,68.5,1.0,685.0,549
2023-05-09 21:03:40,c2311-P-2480,c2311-P-2480,68.5,0.0,0.0,0.0,40,69.0,70.5,20,62.5,68.5,68.5,68.5,1.0,685.0,549
2023-05-09 21:03:41,c2311-P-2480,c2311-P-2480,68.5,0.0,0.0,0.0,30,69.0,70.5,30,62.5,68.5,68.5,68.5,1.0,685.0,549
2023-05-09 21:03:48,c2311-P-2480,c2311-P-2480,68.5,0.0,0.0,0.0,20,69.0,70.5,30,62.5,68.5,68.5,68.5,1.0,685.0,549
2023-05-09 21:03:50,c2311-P-2480,c2311-P-2480,68.5,0.0,0.0,0.0,30,68.5,70.5,40,62.5,68.5,68.5,68.5,1.0,685.0,549
2023-05-09 21:03:50,c2311-P-2480,c2311-P-2480,68.5,0.0,0.0,0.0,10,69.0,70.5,30,62.5,68.5,68.5,68.5,1.0,685.0,549
2023-05-09 21:03:56,c2311-P-2480,c2311-P-2480,68.5,0.0,0.0,0.0,20,69.0,70.5,20,62.5,68.5,68.5,68.5,1.0,685.0,549
2023-05-09 21:04:00,c2311-P-2480,c2311-P-2480,68.5,0.0,0.0,0.0,30,69.0,70.5,10,62.5,68.5,68.5,68.5,1.0,685.0,549
2023-05-09 21:04:02,c2311-P-2480,c2311-P-2480,68.5,0.0,0.0,0.0,20,69.0,70.5,10,62.5,68.5,68.5,68.5,1.0,685.0,549
2023-05-09 21:04:02,c2311-P-2480,c2311-P-2480,68.5,0.0,0.0,0.0,20,69.0,70.5,20,62.5,68.5,68.5,68.5,1.0,685.0,549
2023-05-09 21:04:07,c2311-P-2480,c2311-P-2480,68.5,0.0,0.0,0.0,10,69.0,70.5,20,62.5,68.5,68.5,68.5,1.0,685.0,549
2023-05-09 21:04:10,c2311-P-2480,c2311-P-2480,68.5,0.0,0.0,0.0,10,69.0,70.0,10,62.5,68.5,68.5,68.5,1.0,685.0,549
2023-05-09 21:04:17,c2311-P-2480,c2311-P-2480,68.5,0.0,0.0,0.0,10,69.0,70.0,20,62.5,68.5,68.5,68.5,1.0,685.0,549
2023-05-09 21:04:18,c2311-P-2480,c2311-P-2480,68.5,0.0,0.0,0.0,20,69.0,70.0,10,62.5,68.5,68.5,68.5,1.0,685.0,549
2023-05-09 21:04:22,c2311-P-2480,c2311-P-2480,68.5,0.0,0.0,0.0,10,69.0,70.0,20,62.5,68.5,68.5,68.5,1.0,685.0,549
2023-05-09 21:04:23,c2311-P-2480,c2311-P-2480,68.5,0.0,0.0,0.0,10,69.0,70.0,30,62.5,68.5,68.5,68.5,1.0,685.0,549
2023-05-09 21:04:23,c2311-P-2480,c2311-P-2480,68.5,0.0,0.0,0.0,10,69.0,70.0,20,62.5,68.5,68.5,68.5,1.0,685.0,549
2023-05-09 21:04:24,c2311-P-2480,c2311-P-2480,68.5,0.0,0.0,0.0,10,69.0,70.0,30,62.5,68.5,68.5,68.5,1.0,685.0,549
2023-05-09 21:04:24,c2311-P-2480,c2311-P-2480,68.5,0.0,0.0,0.0,10,69.0,70.0,20,62.5,68.5,68.5,68.5,1.0,685.0,549
2023-05-09 21:04:27,c2311-P-2480,c2311-P-2480,68.5,0.0,0.0,0.0,20,69.0,70.0,10,62.5,68.5,68.5,68.5,1.0,685.0,549
2023-05-09 21:04:28,c2311-P-2480,c2311-P-2480,68.5,0.0,0.0,0.0,20,69.0,70.5,30,62.5,68.5,68.5,68.5,1.0,685.0,549
2023-05-09 21:04:28,c2311-P-2480,c2311-P-2480,68.5,0.0,0.0,0.0,20,69.0,70.0,10,62.5,68.5,68.5,68.5,1.0,685.0,549
2023-05-09 21:04:28,c2311-P-2480,c2311-P-2480,68.5,0.0,0.0,0.0,40,69.0,70.5,10,62.5,68.5,68.5,68.5,1.0,685.0,549
2023-05-09 21:04:29,c2311-P-2480,c2311-P-2480,68.5,0.0,0.0,0.0,40,69.0,70.5,20,62.5,68.5,68.5,68.5,1.0,685.0,549
2023-05-09 21:04:30,c2311-P-2480,c2311-P-2480,68.5,0.0,0.0,0.0,30,69.0,70.5,20,62.5,68.5,68.5,68.5,1.0,685.0,549
2023-05-09 21:04:35,c2311-P-2480,c2311-P-2480,68.5,0.0,0.0,0.0,40,69.0,70.5,20,62.5,68.5,68.5,68.5,1.0,685.0,549
2023-05-09 21:04:35,c2311-P-2480,c2311-P-2480,68.5,0.0,0.0,0.0,30,69.0,70.5,20,62.5,68.5,68.5,68.5,1.0,685.0,549
2023-05-09 21:04:38,c2311-P-2480,c2311-P-2480,68.5,0.0,0.0,0.0,20,69.5,70.5,20,62.5,68.5,68.5,68.5,1.0,685.0,549
2023-05-09 21:04:38,c2311-P-2480,c2311-P-2480,68.5,0.0,0.0,0.0,50,69.0,70.5,30,62.5,68.5,68.5,68.5,1.0,685.0,549
2023-05-09 21:04:39,c2311-P-2480,c2311-P-2480,68.5,0.0,0.0,0.0,10,69.5,70.5,20,62.5,68.5,68.5,68.5,1.0,685.0,549
2023-05-09 21:04:40,c2311-P-2480,c2311-P-2480,68.5,0.0,0.0,0.0,50,69.0,70.5,20,62.5,68.5,68.5,68.5,1.0,685.0,549
2023-05-09 21:04:43,c2311-P-2480,c2311-P-2480,68.5,0.0,0.0,0.0,10,69.5,70.5,20,62.5,68.5,68.5,68.5,1.0,685.0,549
2023-05-09 21:04:46,c2311-P-2480,c2311-P-2480,68.5,0.0,0.0,0.0,20,69.5,70.5,20,62.5,68.5,68.5,68.5,1.0,685.0,549
2023-05-09 21:04:47,c2311-P-2480,c2311-P-2480,68.5,0.0,0.0,0.0,20,69.5,70.5,10,62.5,68.5,68.5,68.5,1.0,685.0,549
2023-05-09 21:04:49,c2311-P-2480,c2311-P-2480,68.5,0.0,0.0,0.0,20,69.5,71.0,30,62.5,68.5,68.5,68.5,1.0,685.0,549
2023-05-09 21:04:49,c2311-P-2480,c2311-P-2480,68.5,0.0,0.0,0.0,20,69.5,70.5,10,62.5,68.5,68.5,68.5,1.0,685.0,549
2023-05-09 21:04:49,c2311-P-2480,c2311-P-2480,68.5,0.0,0.0,0.0,20,69.5,70.5,20,62.5,68.5,68.5,68.5,1.0,685.0,549
2023-05-09 21:04:54,c2311-P-2480,c2311-P-2480,68.5,0.0,0.0,0.0,10,69.5,70.5,20,62.5,68.5,68.5,68.5,1.0,685.0,549
2023-05-09 21:04:57,c2311-P-2480,c2311-P-2480,68.5,0.0,0.0,0.0,10,69.5,70.0,10,62.5,68.5,68.5,68.5,1.0,685.0,549
2023-05-09 21:04:58,c2311-P-2480,c2311-P-2480,68.5,0.0,0.0,0.0,30,69.0,70.5,20,62.5,68.5,68.5,68.5,1.0,685.0,549
2023-05-09 21:04:59,c2311-P-2480,c2311-P-2480,68.5,0.0,0.0,0.0,30,69.0,70.0,10,62.5,68.5,68.5,68.5,1.0,685.0,549
2023-05-09 21:04:59,c2311-P-2480,c2311-P-2480,68.5,0.0,0.0,0.0,20,69.0,70.0,20,62.5,68.5,68.5,68.5,1.0,685.0,549
2023-05-09 21:05:00,c2311-P-2480,c2311-P-2480,68.5,0.0,0.0,0.0,20,69.0,70.0,10,62.5,68.5,68.5,68.5,1.0,685.0,549
2023-05-09 21:05:01,c2311-P-2480,c2311-P-2480,68.5,0.0,0.0,0.0,20,69.0,70.5,30,62.5,68.5,68.5,68.5,1.0,685.0,549
2023-05-09 21:05:01,c2311-P-2480,c2311-P-2480,68.5,0.0,0.0,0.0,20,69.0,70.5,20,62.5,68.5,68.5,68.5,1.0,685.0,549
2023-05-09 21:05:04,c2311-P-2480,c2311-P-2480,68.5,0.0,0.0,0.0,30,69.0,70.5,20,62.5,68.5,68.5,68.5,1.0,685.0,549
2023-05-09 21:05:05,c2311-P-2480,c2311-P-2480,68.5,0.0,0.0,0.0,10,69.5,70.5,10,62.5,68.5,68.5,68.5,1.0,685.0,549
2023-05-09 21:05:05,c2311-P-2480,c2311-P-2480,68.5,0.0,0.0,0.0,40,69.5,70.5,10,62.5,68.5,68.5,68.5,1.0,685.0,549
2023-05-09 21:05:07,c2311-P-2480,c2311-P-2480,68.5,0.0,0.0,0.0,40,69.5,71.0,30,62.5,68.5,68.5,68.5,1.0,685.0,549
2023-05-09 21:05:08,c2311-P-2480,c2311-P-2480,68.5,0.0,0.0,0.0,50,69.5,71.0,10,62.5,68.5,68.5,68.5,1.0,685.0,549
2023-05-09 21:05:08,c2311-P-2480,c2311-P-2480,68.5,0.0,0.0,0.0,30,70.0,71.0,10,62.5,68.5,68.5,68.5,1.0,685.0,549
2023-05-09 21:05:09,c2311-P-2480,c2311-P-2480,68.5,0.0,0.0,0.0,30,70.0,71.5,40,62.5,68.5,68.5,68.5,1.0,685.0,549
2023-05-09 21:05:10,c2311-P-2480,c2311-P-2480,68.5,0.0,0.0,0.0,30,70.0,71.5,30,62.5,68.5,68.5,68.5,1.0,685.0,549
2023-05-09 21:05:11,c2311-P-2480,c2311-P-2480,68.5,0.0,0.0,0.0,30,70.0,71.5,40,62.5,68.5,68.5,68.5,1.0,685.0,549
2023-05-09 21:05:13,c2311-P-2480,c2311-P-2480,68.5,0.0,0.0,0.0,30,70.0,71.0,10,62.5,68.5,68.5,68.5,1.0,685.0,549
2023-05-09 21:05:14,c2311-P-2480,c2311-P-2480,68.5,0.0,0.0,0.0,10,70.0,70.5,10,62.5,68.5,68.5,68.5,1.0,685.0,549
2023-05-09 21:05:15,c2311-P-2480,c2311-P-2480,70.0,10.0,7000.0,10.0,10,69.5,70.0,10,62.5,68.5,70.0,68.5,11.0,7685.0,559
2023-05-09 21:05:16,c2311-P-2480,c2311-P-2480,70.0,0.0,0.0,0.0,43,69.0,70.0,20,62.5,68.5,70.0,68.5,11.0,7685.0,559
2023-05-09 21:05:16,c2311-P-2480,c2311-P-2480,70.0,0.0,0.0,0.0,23,69.0,70.0,30,62.5,68.5,70.0,68.5,11.0,7685.0,559
2023-05-09 21:05:16,c2311-P-2480,c2311-P-2480,70.0,0.0,0.0,0.0,33,69.0,70.0,20,62.5,68.5,70.0,68.5,11.0,7685.0,559
2023-05-09 21:05:18,c2311-P-2480,c2311-P-2480,70.0,0.0,0.0,0.0,20,69.0,70.0,20,62.5,68.5,70.0,68.5,11.0,7685.0,559
2023-05-09 21:05:19,c2311-P-2480,c2311-P-2480,70.0,0.0,0.0,0.0,10,69.0,70.0,20,62.5,68.5,70.0,68.5,11.0,7685.0,559
2023-05-09 21:05:22,c2311-P-2480,c2311-P-2480,70.0,0.0,0.0,0.0,10,69.0,70.0,30,62.5,68.5,70.0,68.5,11.0,7685.0,559
2023-05-09 21:05:23,c2311-P-2480,c2311-P-2480,70.0,0.0,0.0,0.0,40,68.5,70.0,40,62.5,68.5,70.0,68.5,11.0,7685.0,559
2023-05-09 21:05:24,c2311-P-2480,c2311-P-2480,70.0,0.0,0.0,0.0,50,68.5,70.0,20,62.5,68.5,70.0,68.5,11.0,7685.0,559
2023-05-09 21:05:26,c2311-P-2480,c2311-P-2480,70.0,0.0,0.0,0.0,30,68.5,70.0,20,62.5,68.5,70.0,68.5,11.0,7685.0,559
2023-05-09 21:05:27,c2311-P-2480,c2311-P-2480,70.0,0.0,0.0,0.0,30,68.5,70.0,30,62.5,68.5,70.0,68.5,11.0,7685.0,559
2023-05-09 21:05:28,c2311-P-2480,c2311-P-2480,70.0,0.0,0.0,0.0,30,68.5,70.0,40,62.5,68.5,70.0,68.5,11.0,7685.0,559
2023-05-09 21:05:31,c2311-P-2480,c2311-P-2480,70.0,0.0,0.0,0.0,30,68.5,69.5,10,62.5,68.5,70.0,68.5,11.0,7685.0,559
2023-05-09 21:05:32,c2311-P-2480,c2311-P-2480,70.0,0.0,0.0,0.0,30,68.5,70.0,40,62.5,68.5,70.0,68.5,11.0,7685.0,559
2023-05-09 21:05:32,c2311-P-2480,c2311-P-2480,70.0,0.0,0.0,0.0,30,68.5,70.0,30,62.5,68.5,70.0,68.5,11.0,7685.0,559
2023-05-09 21:05:33,c2311-P-2480,c2311-P-2480,70.0,0.0,0.0,0.0,30,68.5,69.5,10,62.5,68.5,70.0,68.5,11.0,7685.0,559
2023-05-09 21:05:33,c2311-P-2480,c2311-P-2480,70.0,0.0,0.0,0.0,40,68.0,69.5,30,62.5,68.5,70.0,68.5,11.0,7685.0,559
2023-05-09 21:05:34,c2311-P-2480,c2311-P-2480,70.0,0.0,0.0,0.0,10,68.5,69.5,20,62.5,68.5,70.0,68.5,11.0,7685.0,559
2023-05-09 21:05:34,c2311-P-2480,c2311-P-2480,70.0,0.0,0.0,0.0,10,68.5,69.5,30,62.5,68.5,70.0,68.5,11.0,7685.0,559
2023-05-09 21:05:35,c2311-P-2480,c2311-P-2480,70.0,0.0,0.0,0.0,10,68.5,69.5,20,62.5,68.5,70.0,68.5,11.0,7685.0,559
2023-05-09 21:05:35,c2311-P-2480,c2311-P-2480,70.0,0.0,0.0,0.0,30,68.5,69.5,10,62.5,68.5,70.0,68.5,11.0,7685.0,559
2023-05-09 21:05:36,c2311-P-2480,c2311-P-2480,70.0,0.0,0.0,0.0,20,68.5,69.5,10,62.5,68.5,70.0,68.5,11.0,7685.0,559
2023-05-09 21:05:36,c2311-P-2480,c2311-P-2480,70.0,0.0,0.0,0.0,10,68.5,69.5,30,62.5,68.5,70.0,68.5,11.0,7685.0,559
2023-05-09 21:05:38,c2311-P-2480,c2311-P-2480,70.0,0.0,0.0,0.0,40,68.0,69.5,30,62.5,68.5,70.0,68.5,11.0,7685.0,559
2023-05-09 21:05:39,c2311-P-2480,c2311-P-2480,70.0,0.0,0.0,0.0,50,68.0,69.5,30,62.5,68.5,70.0,68.5,11.0,7685.0,559
2023-05-09 21:05:39,c2311-P-2480,c2311-P-2480,70.0,0.0,0.0,0.0,60,68.0,69.5,10,62.5,68.5,70.0,68.5,11.0,7685.0,559
2023-05-09 21:05:42,c2311-P-2480,c2311-P-2480,70.0,0.0,0.0,0.0,50,68.0,69.5,20,62.5,68.5,70.0,68.5,11.0,7685.0,559
2023-05-09 21:05:42,c2311-P-2480,c2311-P-2480,70.0,0.0,0.0,0.0,40,68.0,69.5,30,62.5,68.5,70.0,68.5,11.0,7685.0,559
2023-05-09 21:05:44,c2311-P-2480,c2311-P-2480,70.0,0.0,0.0,0.0,30,68.0,69.5,40,62.5,68.5,70.0,68.5,11.0,7685.0,559
2023-05-09 21:05:45,c2311-P-2480,c2311-P-2480,70.0,0.0,0.0,0.0,20,68.0,69.0,10,62.5,68.5,70.0,68.5,11.0,7685.0,559
2023-05-09 21:05:46,c2311-P-2480,c2311-P-2480,70.0,0.0,0.0,0.0,10,68.0,69.0,30,62.5,68.5,70.0,68.5,11.0,7685.0,559
2023-05-09 21:05:46,c2311-P-2480,c2311-P-2480,70.0,0.0,0.0,0.0,10,68.0,69.0,10,62.5,68.5,70.0,68.5,11.0,7685.0,559
2023-05-09 21:05:48,c2311-P-2480,c2311-P-2480,70.0,0.0,0.0,0.0,10,68.0,69.0,30,62.5,68.5,70.0,68.5,11.0,7685.0,559
2023-05-09 21:05:51,c2311-P-2480,c2311-P-2480,70.0,0.0,0.0,0.0,20,68.0,69.0,20,62.5,68.5,70.0,68.5,11.0,7685.0,559
2023-05-09 21:05:51,c2311-P-2480,c2311-P-2480,70.0,0.0,0.0,0.0,10,68.0,69.0,20,62.5,68.5,70.0,68.5,11.0,7685.0,559
2023-05-09 21:05:53,c2311-P-2480,c2311-P-2480,70.0,0.0,0.0,0.0,10,68.0,69.0,30,62.5,68.5,70.0,68.5,11.0,7685.0,559
2023-05-09 21:05:55,c2311-P-2480,c2311-P-2480,70.0,0.0,0.0,0.0,40,67.5,69.0,30,62.5,68.5,70.0,68.5,11.0,7685.0,559
2023-05-09 21:05:55,c2311-P-2480,c2311-P-2480,70.0,0.0,0.0,0.0,10,68.0,69.0,30,62.5,68.5,70.0,68.5,11.0,7685.0,559
2023-05-09 21:05:56,c2311-P-2480,c2311-P-2480,70.0,0.0,0.0,0.0,30,67.5,68.5,10,62.5,68.5,70.0,68.5,11.0,7685.0,559
2023-05-09 21:05:56,c2311-P-2480,c2311-P-2480,70.0,0.0,0.0,0.0,30,67.5,68.5,20,62.5,68.5,70.0,68.5,11.0,7685.0,559
2023-05-09 21:05:57,c2311-P-2480,c2311-P-2480,70.0,0.0,0.0,0.0,40,67.5,69.0,30,62.5,68.5,70.0,68.5,11.0,7685.0,559
2023-05-09 21:05:58,c2311-P-2480,c2311-P-2480,70.0,0.0,0.0,0.0,50,67.5,69.0,30,62.5,68.5,70.0,68.5,11.0,7685.0,559
2023-05-09 21:05:58,c2311-P-2480,c2311-P-2480,70.0,0.0,0.0,0.0,30,67.5,69.0,30,62.5,68.5,70.0,68.5,11.0,7685.0,559
2023-05-09 21:05:58,c2311-P-2480,c2311-P-2480,70.0,0.0,0.0,0.0,40,67.5,69.0,30,62.5,68.5,70.0,68.5,11.0,7685.0,559
2023-05-09 21:05:59,c2311-P-2480,c2311-P-2480,70.0,0.0,0.0,0.0,30,67.5,69.0,30,62.5,68.5,70.0,68.5,11.0,7685.0,559
2023-05-09 21:06:00,c2311-P-2480,c2311-P-2480,70.0,0.0,0.0,0.0,40,67.5,69.0,30,62.5,68.5,70.0,68.5,11.0,7685.0,559
2023-05-09 21:06:05,c2311-P-2480,c2311-P-2480,70.0,0.0,0.0,0.0,20,67.5,68.5,10,62.5,68.5,70.0,68.5,11.0,7685.0,559
2023-05-09 21:06:10,c2311-P-2480,c2311-P-2480,70.0,0.0,0.0,0.0,10,67.5,68.5,30,62.5,68.5,70.0,68.5,11.0,7685.0,559
2023-05-09 21:06:10,c2311-P-2480,c2311-P-2480,70.0,0.0,0.0,0.0,20,67.5,68.5,10,62.5,68.5,70.0,68.5,11.0,7685.0,559
2023-05-09 21:06:12,c2311-P-2480,c2311-P-2480,70.0,0.0,0.0,0.0,30,67.5,69.0,50,62.5,68.5,70.0,68.5,11.0,7685.0,559
2023-05-09 21:06:14,c2311-P-2480,c2311-P-2480,70.0,0.0,0.0,0.0,20,67.5,69.0,50,62.5,68.5,70.0,68.5,11.0,7685.0,559
2023-05-09 21:06:20,c2311-P-2480,c2311-P-2480,70.0,0.0,0.0,0.0,20,67.5,68.5,20,62.5,68.5,70.0,68.5,11.0,7685.0,559
2023-05-09 21:06:21,c2311-P-2480,c2311-P-2480,70.0,0.0,0.0,0.0,10,67.5,68.5,20,62.5,68.5,70.0,68.5,11.0,7685.0,559
2023-05-09 21:06:21,c2311-P-2480,c2311-P-2480,70.0,0.0,0.0,0.0,30,67.5,68.5,20,62.5,68.5,70.0,68.5,11.0,7685.0,559
2023-05-09 21:06:22,c2311-P-2480,c2311-P-2480,70.0,0.0,0.0,0.0,30,67.5,68.5,10,62.5,68.5,70.0,68.5,11.0,7685.0,559
2023-05-09 21:06:23,c2311-P-2480,c2311-P-2480,70.0,0.0,0.0,0.0,20,67.5,68.5,10,62.5,68.5,70.0,68.5,11.0,7685.0,559
2023-05-09 21:06:24,c2311-P-2480,c2311-P-2480,70.0,0.0,0.0,0.0,20,67.5,69.0,60,62.5,68.5,70.0,68.5,11.0,7685.0,559
2023-05-09 21:06:25,c2311-P-2480,c2311-P-2480,70.0,0.0,0.0,0.0,20,67.5,68.5,10,62.5,68.5,70.0,68.5,11.0,7685.0,559
2023-05-09 21:06:26,c2311-P-2480,c2311-P-2480,70.0,0.0,0.0,0.0,20,67.5,69.0,60,62.5,68.5,70.0,68.5,11.0,7685.0,559
2023-05-09 21:06:28,c2311-P-2480,c2311-P-2480,70.0,0.0,0.0,0.0,20,67.5,68.5,10,62.5,68.5,70.0,68.5,11.0,7685.0,559
2023-05-09 21:06:29,c2311-P-2480,c2311-P-2480,70.0,0.0,0.0,0.0,20,67.5,69.0,60,62.5,68.5,70.0,68.5,11.0,7685.0,559
2023-05-09 21:06:30,c2311-P-2480,c2311-P-2480,70.0,0.0,0.0,0.0,30,67.5,69.0,40,62.5,68.5,70.0,68.5,11.0,7685.0,559
2023-05-09 21:06:30,c2311-P-2480,c2311-P-2480,70.0,0.0,0.0,0.0,20,67.5,69.0,40,62.5,68.5,70.0,68.5,11.0,7685.0,559
2023-05-09 21:06:30,c2311-P-2480,c2311-P-2480,70.0,0.0,0.0,0.0,20,67.5,69.0,50,62.5,68.5,70.0,68.5,11.0,7685.0,559
2023-05-09 21:06:34,c2311-P-2480,c2311-P-2480,70.0,0.0,0.0,0.0,20,67.5,69.0,40,62.5,68.5,70.0,68.5,11.0,7685.0,559
2023-05-09 21:06:34,c2311-P-2480,c2311-P-2480,70.0,0.0,0.0,0.0,30,67.5,69.0,40,62.5,68.5,70.0,68.5,11.0,7685.0,559
2023-05-09 21:06:34,c2311-P-2480,c2311-P-2480,70.0,0.0,0.0,0.0,20,67.5,69.0,40,62.5,68.5,70.0,68.5,11.0,7685.0,559
2023-05-09 21:06:41,c2311-P-2480,c2311-P-2480,70.0,0.0,0.0,0.0,30,67.5,69.0,30,62.5,68.5,70.0,68.5,11.0,7685.0,559
2023-05-09 21:06:42,c2311-P-2480,c2311-P-2480,70.0,0.0,0.0,0.0,20,67.5,69.0,30,62.5,68.5,70.0,68.5,11.0,7685.0,559
2023-05-09 21:06:43,c2311-P-2480,c2311-P-2480,70.0,0.0,0.0,0.0,30,67.5,69.0,30,62.5,68.5,70.0,68.5,11.0,7685.0,559
2023-05-09 21:06:43,c2311-P-2480,c2311-P-2480,70.0,0.0,0.0,0.0,20,67.5,68.5,10,62.5,68.5,70.0,68.5,11.0,7685.0,559
2023-05-09 21:06:44,c2311-P-2480,c2311-P-2480,70.0,0.0,0.0,0.0,20,67.5,69.0,50,62.5,68.5,70.0,68.5,11.0,7685.0,559
2023-05-09 21:06:44,c2311-P-2480,c2311-P-2480,70.0,0.0,0.0,0.0,30,67.5,69.0,40,62.5,68.5,70.0,68.5,11.0,7685.0,559
2023-05-09 21:06:45,c2311-P-2480,c2311-P-2480,70.0,0.0,0.0,0.0,20,67.5,69.0,40,62.5,68.5,70.0,68.5,11.0,7685.0,559
2023-05-09 21:06:48,c2311-P-2480,c2311-P-2480,70.0,0.0,0.0,0.0,20,67.5,69.0,50,62.5,68.5,70.0,68.5,11.0,7685.0,559
2023-05-09 21:06:49,c2311-P-2480,c2311-P-2480,70.0,0.0,0.0,0.0,20,67.5,68.5,10,62.5,68.5,70.0,68.5,11.0,7685.0,559
2023-05-09 21:06:49,c2311-P-2480,c2311-P-2480,70.0,0.0,0.0,0.0,20,67.5,68.5,20,62.5,68.5,70.0,68.5,11.0,7685.0,559
2023-05-09 21:06:51,c2311-P-2480,c2311-P-2480,70.0,0.0,0.0,0.0,10,67.5,68.5,20,62.5,68.5,70.0,68.5,11.0,7685.0,559
2023-05-09 21:06:51,c2311-P-2480,c2311-P-2480,70.0,0.0,0.0,0.0,10,67.5,68.5,30,62.5,68.5,70.0,68.5,11.0,7685.0,559
2023-05-09 21:06:52,c2311-P-2480,c2311-P-2480,70.0,0.0,0.0,0.0,30,67.0,68.0,10,62.5,68.5,70.0,68.5,11.0,7685.0,559
2023-05-09 21:06:53,c2311-P-2480,c2311-P-2480,70.0,0.0,0.0,0.0,30,67.0,68.5,40,62.5,68.5,70.0,68.5,11.0,7685.0,559
2023-05-09 21:06:54,c2311-P-2480,c2311-P-2480,70.0,0.0,0.0,0.0,20,67.0,68.5,30,62.5,68.5,70.0,68.5,11.0,7685.0,559
2023-05-09 21:06:55,c2311-P-2480,c2311-P-2480,70.0,0.0,0.0,0.0,20,67.0,68.5,20,62.5,68.5,70.0,68.5,11.0,7685.0,559
2023-05-09 21:06:56,c2311-P-2480,c2311-P-2480,70.0,0.0,0.0,0.0,20,67.0,68.5,30,62.5,68.5,70.0,68.5,11.0,7685.0,559
2023-05-09 21:06:58,c2311-P-2480,c2311-P-2480,70.0,0.0,0.0,0.0,20,67.0,68.5,40,62.5,68.5,70.0,68.5,11.0,7685.0,559
2023-05-09 21:06:59,c2311-P-2480,c2311-P-2480,70.0,0.0,0.0,0.0,20,67.0,68.5,30,62.5,68.5,70.0,68.5,11.0,7685.0,559
2023-05-09 21:07:00,c2311-P-2480,c2311-P-2480,70.0,0.0,0.0,0.0,20,67.0,68.5,40,62.5,68.5,70.0,68.5,11.0,7685.0,559
2023-05-09 21:07:01,c2311-P-2480,c2311-P-2480,70.0,0.0,0.0,0.0,20,67.0,68.5,30,62.5,68.5,70.0,68.5,11.0,7685.0,559
2023-05-09 21:07:04,c2311-P-2480,c2311-P-2480,70.0,0.0,0.0,0.0,50,67.0,68.5,10,62.5,68.5,70.0,68.5,11.0,7685.0,559
2023-05-09 21:07:05,c2311-P-2480,c2311-P-2480,70.0,0.0,0.0,0.0,60,67.0,69.0,30,62.5,68.5,70.0,68.5,11.0,7685.0,559
2023-05-09 21:07:07,c2311-P-2480,c2311-P-2480,70.0,0.0,0.0,0.0,50,67.0,68.5,10,62.5,68.5,70.0,68.5,11.0,7685.0,559
2023-05-09 21:07:07,c2311-P-2480,c2311-P-2480,70.0,0.0,0.0,0.0,20,67.0,68.5,20,62.5,68.5,70.0,68.5,11.0,7685.0,559
2023-05-09 21:07:08,c2311-P-2480,c2311-P-2480,70.0,0.0,0.0,0.0,20,67.0,68.5,30,62.5,68.5,70.0,68.5,11.0,7685.0,559
2023-05-09 21:07:12,c2311-P-2480,c2311-P-2480,70.0,0.0,0.0,0.0,20,67.0,68.5,20,62.5,68.5,70.0,68.5,11.0,7685.0,559
2023-05-09 21:07:12,c2311-P-2480,c2311-P-2480,70.0,0.0,0.0,0.0,30,67.0,68.5,10,62.5,68.5,70.0,68.5,11.0,7685.0,559
2023-05-09 21:07:13,c2311-P-2480,c2311-P-2480,70.0,0.0,0.0,0.0,40,67.0,68.5,10,62.5,68.5,70.0,68.5,11.0,7685.0,559
2023-05-09 21:07:13,c2311-P-2480,c2311-P-2480,70.0,0.0,0.0,0.0,30,67.0,68.5,30,62.5,68.5,70.0,68.5,11.0,7685.0,559
2023-05-09 21:07:14,c2311-P-2480,c2311-P-2480,70.0,0.0,0.0,0.0,40,67.0,68.5,20,62.5,68.5,70.0,68.5,11.0,7685.0,559
2023-05-09 21:07:15,c2311-P-2480,c2311-P-2480,70.0,0.0,0.0,0.0,30,67.0,68.5,30,62.5,68.5,70.0,68.5,11.0,7685.0,559
2023-05-09 21:07:16,c2311-P-2480,c2311-P-2480,70.0,0.0,0.0,0.0,40,67.0,68.5,10,62.5,68.5,70.0,68.5,11.0,7685.0,559
2023-05-09 21:07:16,c2311-P-2480,c2311-P-2480,70.0,0.0,0.0,0.0,60,67.0,69.0,30,62.5,68.5,70.0,68.5,11.0,7685.0,559
2023-05-09 21:07:17,c2311-P-2480,c2311-P-2480,70.0,0.0,0.0,0.0,60,67.0,68.5,10,62.5,68.5,70.0,68.5,11.0,7685.0,559
2023-05-09 21:07:17,c2311-P-2480,c2311-P-2480,70.0,0.0,0.0,0.0,30,67.0,68.5,20,62.5,68.5,70.0,68.5,11.0,7685.0,559
2023-05-09 21:07:18,c2311-P-2480,c2311-P-2480,70.0,0.0,0.0,0.0,40,67.0,68.5,20,62.5,68.5,70.0,68.5,11.0,7685.0,559
2023-05-09 21:07:20,c2311-P-2480,c2311-P-2480,70.0,0.0,0.0,0.0,20,67.0,68.0,10,62.5,68.5,70.0,68.5,11.0,7685.0,559
2023-05-09 21:07:20,c2311-P-2480,c2311-P-2480,70.0,0.0,0.0,0.0,60,66.5,68.0,20,62.5,68.5,70.0,68.5,11.0,7685.0,559
2023-05-09 21:07:22,c2311-P-2480,c2311-P-2480,70.0,0.0,0.0,0.0,50,66.5,68.0,20,62.5,68.5,70.0,68.5,11.0,7685.0,559
2023-05-09 21:07:23,c2311-P-2480,c2311-P-2480,70.0,0.0,0.0,0.0,40,66.5,68.0,20,62.5,68.5,70.0,68.5,11.0,7685.0,559
2023-05-09 21:07:30,c2311-P-2480,c2311-P-2480,70.0,0.0,0.0,0.0,40,66.5,67.5,10,62.5,68.5,70.0,68.5,11.0,7685.0,559
2023-05-09 21:07:30,c2311-P-2480,c2311-P-2480,70.0,0.0,0.0,0.0,40,66.5,67.5,20,62.5,68.5,70.0,68.5,11.0,7685.0,559
2023-05-09 21:07:31,c2311-P-2480,c2311-P-2480,70.0,0.0,0.0,0.0,40,66.5,67.5,10,62.5,68.5,70.0,68.5,11.0,7685.0,559
2023-05-09 21:07:32,c2311-P-2480,c2311-P-2480,70.0,0.0,0.0,0.0,40,66.5,67.5,20,62.5,68.5,70.0,68.5,11.0,7685.0,559
2023-05-09 21:07:32,c2311-P-2480,c2311-P-2480,70.0,0.0,0.0,0.0,40,66.5,67.5,10,62.5,68.5,70.0,68.5,11.0,7685.0,559
2023-05-09 21:07:33,c2311-P-2480,c2311-P-2480,70.0,0.0,0.0,0.0,40,66.5,67.5,20,62.5,68.5,70.0,68.5,11.0,7685.0,559
2023-05-09 21:07:33,c2311-P-2480,c2311-P-2480,70.0,0.0,0.0,0.0,30,66.5,67.5,20,62.5,68.5,70.0,68.5,11.0,7685.0,559
2023-05-09 21:07:34,c2311-P-2480,c2311-P-2480,70.0,0.0,0.0,0.0,40,66.5,67.5,20,62.5,68.5,70.0,68.5,11.0,7685.0,559
2023-05-09 21:07:35,c2311-P-2480,c2311-P-2480,70.0,0.0,0.0,0.0,40,66.5,67.5,10,62.5,68.5,70.0,68.5,11.0,7685.0,559
2023-05-09 21:07:39,c2311-P-2480,c2311-P-2480,70.0,0.0,0.0,0.0,40,66.5,67.5,20,62.5,68.5,70.0,68.5,11.0,7685.0,559
2023-05-09 21:07:40,c2311-P-2480,c2311-P-2480,70.0,0.0,0.0,0.0,40,66.5,67.5,10,62.5,68.5,70.0,68.5,11.0,7685.0,559
2023-05-09 21:07:41,c2311-P-2480,c2311-P-2480,70.0,0.0,0.0,0.0,30,66.5,67.5,20,62.5,68.5,70.0,68.5,11.0,7685.0,559
2023-05-09 21:07:41,c2311-P-2480,c2311-P-2480,70.0,0.0,0.0,0.0,40,66.5,67.5,10,62.5,68.5,70.0,68.5,11.0,7685.0,559
2023-05-09 21:07:42,c2311-P-2480,c2311-P-2480,70.0,0.0,0.0,0.0,50,66.5,67.5,20,62.5,68.5,70.0,68.5,11.0,7685.0,559
2023-05-09 21:07:45,c2311-P-2480,c2311-P-2480,70.0,0.0,0.0,0.0,40,66.5,67.5,20,62.5,68.5,70.0,68.5,11.0,7685.0,559
2023-05-09 21:07:50,c2311-P-2480,c2311-P-2480,70.0,0.0,0.0,0.0,30,66.5,67.0,10,62.5,68.5,70.0,68.5,11.0,7685.0,559
2023-05-09 21:07:50,c2311-P-2480,c2311-P-2480,70.0,0.0,0.0,0.0,30,66.0,67.0,20,62.5,68.5,70.0,68.5,11.0,7685.0,559
2023-05-09 21:07:52,c2311-P-2480,c2311-P-2480,70.0,0.0,0.0,0.0,20,66.0,67.0,30,62.5,68.5,70.0,68.5,11.0,7685.0,559
2023-05-09 21:07:52,c2311-P-2480,c2311-P-2480,70.0,0.0,0.0,0.0,30,66.0,67.0,20,62.5,68.5,70.0,68.5,11.0,7685.0,559
2023-05-09 21:07:55,c2311-P-2480,c2311-P-2480,70.0,0.0,0.0,0.0,10,66.0,67.0,30,62.5,68.5,70.0,68.5,11.0,7685.0,559
2023-05-09 21:07:57,c2311-P-2480,c2311-P-2480,70.0,0.0,0.0,0.0,30,65.5,67.0,30,62.5,68.5,70.0,68.5,11.0,7685.0,559
2023-05-09 21:07:59,c2311-P-2480,c2311-P-2480,70.0,0.0,0.0,0.0,50,65.5,67.0,30,62.5,68.5,70.0,68.5,11.0,7685.0,559
2023-05-09 21:08:00,c2311-P-2480,c2311-P-2480,70.0,0.0,0.0,0.0,50,65.5,67.0,20,62.5,68.5,70.0,68.5,11.0,7685.0,559
2023-05-09 21:08:02,c2311-P-2480,c2311-P-2480,70.0,0.0,0.0,0.0,60,65.5,67.0,10,62.5,68.5,70.0,68.5,11.0,7685.0,559
2023-05-09 21:08:03,c2311-P-2480,c2311-P-2480,70.0,0.0,0.0,0.0,40,65.5,67.0,20,62.5,68.5,70.0,68.5,11.0,7685.0,559
2023-05-09 21:08:03,c2311-P-2480,c2311-P-2480,70.0,0.0,0.0,0.0,30,65.5,67.0,10,62.5,68.5,70.0,68.5,11.0,7685.0,559
2023-05-09 21:08:04,c2311-P-2480,c2311-P-2480,70.0,0.0,0.0,0.0,30,65.5,67.0,20,62.5,68.5,70.0,68.5,11.0,7685.0,559
2023-05-09 21:08:04,c2311-P-2480,c2311-P-2480,70.0,0.0,0.0,0.0,30,65.5,67.0,30,62.5,68.5,70.0,68.5,11.0,7685.0,559
2023-05-09 21:08:06,c2311-P-2480,c2311-P-2480,70.0,0.0,0.0,0.0,20,65.5,66.5,10,62.5,68.5,70.0,68.5,11.0,7685.0,559
2023-05-09 21:08:07,c2311-P-2480,c2311-P-2480,70.0,0.0,0.0,0.0,10,65.5,66.0,10,62.5,68.5,70.0,68.5,11.0,7685.0,559
2023-05-09 21:08:07,c2311-P-2480,c2311-P-2480,70.0,0.0,0.0,0.0,10,65.0,66.0,20,62.5,68.5,70.0,68.5,11.0,7685.0,559
2023-05-09 21:08:08,c2311-P-2480,c2311-P-2480,70.0,0.0,0.0,0.0,10,65.0,66.5,40,62.5,68.5,70.0,68.5,11.0,7685.0,559
2023-05-09 21:08:09,c2311-P-2480,c2311-P-2480,70.0,0.0,0.0,0.0,20,65.0,66.5,40,62.5,68.5,70.0,68.5,11.0,7685.0,559
2023-05-09 21:08:10,c2311-P-2480,c2311-P-2480,70.0,0.0,0.0,0.0,10,65.0,66.5,40,62.5,68.5,70.0,68.5,11.0,7685.0,559
2023-05-09 21:08:12,c2311-P-2480,c2311-P-2480,70.0,0.0,0.0,0.0,20,65.0,66.5,40,62.5,68.5,70.0,68.5,11.0,7685.0,559
2023-05-09 21:08:13,c2311-P-2480,c2311-P-2480,70.0,0.0,0.0,0.0,10,65.0,66.5,40,62.5,68.5,70.0,68.5,11.0,7685.0,559
2023-05-09 21:08:15,c2311-P-2480,c2311-P-2480,70.0,0.0,0.0,0.0,10,65.0,66.0,10,62.5,68.5,70.0,68.5,11.0,7685.0,559
2023-05-09 21:08:16,c2311-P-2480,c2311-P-2480,70.0,0.0,0.0,0.0,20,65.0,66.5,40,62.5,68.5,70.0,68.5,11.0,7685.0,559
2023-05-09 21:08:16,c2311-P-2480,c2311-P-2480,70.0,0.0,0.0,0.0,10,65.0,66.0,10,62.5,68.5,70.0,68.5,11.0,7685.0,559
2023-05-09 21:08:17,c2311-P-2480,c2311-P-2480,70.0,0.0,0.0,0.0,10,65.0,66.5,50,62.5,68.5,70.0,68.5,11.0,7685.0,559
2023-05-09 21:08:17,c2311-P-2480,c2311-P-2480,70.0,0.0,0.0,0.0,20,65.0,66.5,40,62.5,68.5,70.0,68.5,11.0,7685.0,559
2023-05-09 21:08:19,c2311-P-2480,c2311-P-2480,70.0,0.0,0.0,0.0,10,65.0,66.5,40,62.5,68.5,70.0,68.5,11.0,7685.0,559
2023-05-09 21:08:21,c2311-P-2480,c2311-P-2480,70.0,0.0,0.0,0.0,20,65.0,66.5,40,62.5,68.5,70.0,68.5,11.0,7685.0,559
2023-05-09 21:08:21,c2311-P-2480,c2311-P-2480,70.0,0.0,0.0,0.0,10,65.0,66.5,40,62.5,68.5,70.0,68.5,11.0,7685.0,559
2023-05-09 21:08:22,c2311-P-2480,c2311-P-2480,70.0,0.0,0.0,0.0,10,65.0,66.0,10,62.5,68.5,70.0,68.5,11.0,7685.0,559
2023-05-09 21:08:23,c2311-P-2480,c2311-P-2480,70.0,0.0,0.0,0.0,10,65.0,66.0,20,62.5,68.5,70.0,68.5,11.0,7685.0,559
2023-05-09 21:08:26,c2311-P-2480,c2311-P-2480,70.0,0.0,0.0,0.0,20,65.0,66.0,10,62.5,68.5,70.0,68.5,11.0,7685.0,559
2023-05-09 21:08:27,c2311-P-2480,c2311-P-2480,70.0,0.0,0.0,0.0,30,65.0,66.0,10,62.5,68.5,70.0,68.5,11.0,7685.0,559
2023-05-09 21:08:29,c2311-P-2480,c2311-P-2480,70.0,0.0,0.0,0.0,30,65.0,66.0,20,62.5,68.5,70.0,68.5,11.0,7685.0,559
2023-05-09 21:08:29,c2311-P-2480,c2311-P-2480,70.0,0.0,0.0,0.0,30,65.0,66.0,10,62.5,68.5,70.0,68.5,11.0,7685.0,559
2023-05-09 21:08:30,c2311-P-2480,c2311-P-2480,70.0,0.0,0.0,0.0,30,65.0,66.5,30,62.5,68.5,70.0,68.5,11.0,7685.0,559
2023-05-09 21:08:32,c2311-P-2480,c2311-P-2480,70.0,0.0,0.0,0.0,20,65.0,66.5,30,62.5,68.5,70.0,68.5,11.0,7685.0,559
2023-05-09 21:08:36,c2311-P-2480,c2311-P-2480,70.0,0.0,0.0,0.0,20,65.0,66.5,40,62.5,68.5,70.0,68.5,11.0,7685.0,559
2023-05-09 21:08:36,c2311-P-2480,c2311-P-2480,70.0,0.0,0.0,0.0,20,65.0,66.5,30,62.5,68.5,70.0,68.5,11.0,7685.0,559
2023-05-09 21:08:39,c2311-P-2480,c2311-P-2480,70.0,0.0,0.0,0.0,20,65.0,66.5,40,62.5,68.5,70.0,68.5,11.0,7685.0,559
2023-05-09 21:08:47,c2311-P-2480,c2311-P-2480,70.0,0.0,0.0,0.0,20,65.0,66.0,10,62.5,68.5,70.0,68.5,11.0,7685.0,559
2023-05-09 21:08:47,c2311-P-2480,c2311-P-2480,70.0,0.0,0.0,0.0,20,65.0,66.0,20,62.5,68.5,70.0,68.5,11.0,7685.0,559
2023-05-09 21:08:49,c2311-P-2480,c2311-P-2480,70.0,0.0,0.0,0.0,10,65.0,66.0,30,62.5,68.5,70.0,68.5,11.0,7685.0,559
2023-05-09 21:08:49,c2311-P-2480,c2311-P-2480,70.0,0.0,0.0,0.0,40,65.0,66.0,10,62.5,68.5,70.0,68.5,11.0,7685.0,559
2023-05-09 21:08:51,c2311-P-2480,c2311-P-2480,70.0,0.0,0.0,0.0,20,65.0,66.0,10,62.5,68.5,70.0,68.5,11.0,7685.0,559
2023-05-09 21:08:51,c2311-P-2480,c2311-P-2480,70.0,0.0,0.0,0.0,30,65.0,66.0,10,62.5,68.5,70.0,68.5,11.0,7685.0,559
2023-05-09 21:08:51,c2311-P-2480,c2311-P-2480,70.0,0.0,0.0,0.0,30,65.0,66.5,40,62.5,68.5,70.0,68.5,11.0,7685.0,559
2023-05-09 21:08:54,c2311-P-2480,c2311-P-2480,70.0,0.0,0.0,0.0,30,65.0,66.0,20,62.5,68.5,70.0,68.5,11.0,7685.0,559
2023-05-09 21:08:54,c2311-P-2480,c2311-P-2480,70.0,0.0,0.0,0.0,20,65.0,66.0,20,62.5,68.5,70.0,68.5,11.0,7685.0,559
2023-05-09 21:08:55,c2311-P-2480,c2311-P-2480,70.0,0.0,0.0,0.0,30,65.0,66.5,40,62.5,68.5,70.0,68.5,11.0,7685.0,559
2023-05-09 21:08:57,c2311-P-2480,c2311-P-2480,70.0,0.0,0.0,0.0,20,65.0,66.5,40,62.5,68.5,70.0,68.5,11.0,7685.0,559
2023-05-09 21:08:59,c2311-P-2480,c2311-P-2480,70.0,0.0,0.0,0.0,20,65.0,66.5,30,62.5,68.5,70.0,68.5,11.0,7685.0,559
2023-05-09 21:09:00,c2311-P-2480,c2311-P-2480,70.0,0.0,0.0,0.0,20,65.0,66.0,10,62.5,68.5,70.0,68.5,11.0,7685.0,559
2023-05-09 21:09:00,c2311-P-2480,c2311-P-2480,70.0,0.0,0.0,0.0,20,65.0,66.0,20,62.5,68.5,70.0,68.5,11.0,7685.0,559
2023-05-09 21:09:02,c2311-P-2480,c2311-P-2480,70.0,0.0,0.0,0.0,10,65.0,66.0,30,62.5,68.5,70.0,68.5,11.0,7685.0,559
2023-05-09 21:09:07,c2311-P-2480,c2311-P-2480,70.0,0.0,0.0,0.0,20,65.0,66.0,20,62.5,68.5,70.0,68.5,11.0,7685.0,559
2023-05-09 21:09:10,c2311-P-2480,c2311-P-2480,70.0,0.0,0.0,0.0,10,65.0,66.0,30,62.5,68.5,70.0,68.5,11.0,7685.0,559
2023-05-09 21:09:15,c2311-P-2480,c2311-P-2480,70.0,0.0,0.0,0.0,10,65.0,65.5,10,62.5,68.5,70.0,68.5,11.0,7685.0,559
2023-05-09 21:09:16,c2311-P-2480,c2311-P-2480,70.0,0.0,0.0,0.0,10,65.0,66.0,40,62.5,68.5,70.0,68.5,11.0,7685.0,559
2023-05-09 21:09:16,c2311-P-2480,c2311-P-2480,70.0,0.0,0.0,0.0,10,65.0,66.0,30,62.5,68.5,70.0,68.5,11.0,7685.0,559
2023-05-09 21:09:17,c2311-P-2480,c2311-P-2480,70.0,0.0,0.0,0.0,10,65.0,65.5,10,62.5,68.5,70.0,68.5,11.0,7685.0,559
2023-05-09 21:09:18,c2311-P-2480,c2311-P-2480,70.0,0.0,0.0,0.0,10,65.0,66.0,30,62.5,68.5,70.0,68.5,11.0,7685.0,559
2023-05-09 21:09:23,c2311-P-2480,c2311-P-2480,70.0,0.0,0.0,0.0,20,65.0,66.0,20,62.5,68.5,70.0,68.5,11.0,7685.0,559
2023-05-09 21:09:26,c2311-P-2480,c2311-P-2480,70.0,0.0,0.0,0.0,20,65.0,66.0,10,62.5,68.5,70.0,68.5,11.0,7685.0,559
2023-05-09 21:09:28,c2311-P-2480,c2311-P-2480,70.0,0.0,0.0,0.0,20,65.0,66.5,50,62.5,68.5,70.0,68.5,11.0,7685.0,559
2023-05-09 21:09:28,c2311-P-2480,c2311-P-2480,70.0,0.0,0.0,0.0,30,65.0,66.5,40,62.5,68.5,70.0,68.5,11.0,7685.0,559
2023-05-09 21:09:29,c2311-P-2480,c2311-P-2480,70.0,0.0,0.0,0.0,40,65.0,66.5,20,62.5,68.5,70.0,68.5,11.0,7685.0,559
2023-05-09 21:09:32,c2311-P-2480,c2311-P-2480,70.0,0.0,0.0,0.0,30,65.0,66.0,10,62.5,68.5,70.0,68.5,11.0,7685.0,559
2023-05-09 21:09:52,c2311-P-2480,c2311-P-2480,70.0,0.0,0.0,0.0,30,65.0,66.0,20,62.5,68.5,70.0,68.5,11.0,7685.0,559
2023-05-09 21:10:07,c2311-P-2480,c2311-P-2480,70.0,0.0,0.0,0.0,30,65.0,66.0,10,62.5,68.5,70.0,68.5,11.0,7685.0,559
2023-05-09 21:10:08,c2311-P-2480,c2311-P-2480,70.0,0.0,0.0,0.0,30,65.0,66.0,20,62.5,68.5,70.0,68.5,11.0,7685.0,559
2023-05-09 21:10:11,c2311-P-2480,c2311-P-2480,70.0,0.0,0.0,0.0,20,65.0,66.0,30,62.5,68.5,70.0,68.5,11.0,7685.0,559
2023-05-09 21:10:11,c2311-P-2480,c2311-P-2480,70.0,0.0,0.0,0.0,30,65.0,66.0,20,62.5,68.5,70.0,68.5,11.0,7685.0,559
2023-05-09 21:10:15,c2311-P-2480,c2311-P-2480,70.0,0.0,0.0,0.0,20,65.0,66.0,30,62.5,68.5,70.0,68.5,11.0,7685.0,559
2023-05-09 21:10:15,c2311-P-2480,c2311-P-2480,70.0,0.0,0.0,0.0,30,65.0,66.0,20,62.5,68.5,70.0,68.5,11.0,7685.0,559
2023-05-09 21:10:16,c2311-P-2480,c2311-P-2480,70.0,0.0,0.0,0.0,10,65.0,65.5,10,62.5,68.5,70.0,68.5,11.0,7685.0,559
2023-05-09 21:10:17,c2311-P-2480,c2311-P-2480,70.0,0.0,0.0,0.0,10,65.0,66.0,40,62.5,68.5,70.0,68.5,11.0,7685.0,559
2023-05-09 21:10:17,c2311-P-2480,c2311-P-2480,70.0,0.0,0.0,0.0,20,65.0,66.0,30,62.5,68.5,70.0,68.5,11.0,7685.0,559
2023-05-09 21:10:18,c2311-P-2480,c2311-P-2480,70.0,0.0,0.0,0.0,10,65.0,66.0,30,62.5,68.5,70.0,68.5,11.0,7685.0,559
2023-05-09 21:10:20,c2311-P-2480,c2311-P-2480,70.0,0.0,0.0,0.0,20,65.0,66.0,20,62.5,68.5,70.0,68.5,11.0,7685.0,559
2023-05-09 21:10:36,c2311-P-2480,c2311-P-2480,70.0,0.0,0.0,0.0,10,65.0,66.0,30,62.5,68.5,70.0,68.5,11.0,7685.0,559
2023-05-09 21:10:40,c2311-P-2480,c2311-P-2480,70.0,0.0,0.0,0.0,20,65.0,66.0,20,62.5,68.5,70.0,68.5,11.0,7685.0,559
2023-05-09 21:10:45,c2311-P-2480,c2311-P-2480,70.0,0.0,0.0,0.0,20,65.0,66.0,10,62.5,68.5,70.0,68.5,11.0,7685.0,559
2023-05-09 21:10:46,c2311-P-2480,c2311-P-2480,70.0,0.0,0.0,0.0,20,65.0,66.0,20,62.5,68.5,70.0,68.5,11.0,7685.0,559
2023-05-09 21:10:49,c2311-P-2480,c2311-P-2480,70.0,0.0,0.0,0.0,10,65.0,65.5,10,62.5,68.5,70.0,68.5,11.0,7685.0,559
2023-05-09 21:10:55,c2311-P-2480,c2311-P-2480,70.0,0.0,0.0,0.0,30,65.0,66.0,10,62.5,68.5,70.0,68.5,11.0,7685.0,559
2023-05-09 21:10:56,c2311-P-2480,c2311-P-2480,70.0,0.0,0.0,0.0,20,65.0,66.0,10,62.5,68.5,70.0,68.5,11.0,7685.0,559
2023-05-09 21:11:02,c2311-P-2480,c2311-P-2480,70.0,0.0,0.0,0.0,30,65.0,66.0,10,62.5,68.5,70.0,68.5,11.0,7685.0,559
2023-05-09 21:11:04,c2311-P-2480,c2311-P-2480,70.0,0.0,0.0,0.0,20,65.0,66.0,10,62.5,68.5,70.0,68.5,11.0,7685.0,559
2023-05-09 21:11:04,c2311-P-2480,c2311-P-2480,70.0,0.0,0.0,0.0,20,65.0,65.5,10,62.5,68.5,70.0,68.5,11.0,7685.0,559
2023-05-09 21:11:07,c2311-P-2480,c2311-P-2480,70.0,0.0,0.0,0.0,20,65.0,66.0,20,62.5,68.5,70.0,68.5,11.0,7685.0,559
2023-05-09 21:11:08,c2311-P-2480,c2311-P-2480,70.0,0.0,0.0,0.0,40,65.0,65.5,10,62.5,68.5,70.0,68.5,11.0,7685.0,559
2023-05-09 21:11:08,c2311-P-2480,c2311-P-2480,70.0,0.0,0.0,0.0,40,65.0,66.0,10,62.5,68.5,70.0,68.5,11.0,7685.0,559
2023-05-09 21:11:09,c2311-P-2480,c2311-P-2480,70.0,0.0,0.0,0.0,20,65.0,66.0,10,62.5,68.5,70.0,68.5,11.0,7685.0,559
2023-05-09 21:11:10,c2311-P-2480,c2311-P-2480,70.0,0.0,0.0,0.0,30,65.0,66.0,10,62.5,68.5,70.0,68.5,11.0,7685.0,559
2023-05-09 21:11:10,c2311-P-2480,c2311-P-2480,70.0,0.0,0.0,0.0,20,65.0,66.0,10,62.5,68.5,70.0,68.5,11.0,7685.0,559
2023-05-09 21:11:13,c2311-P-2480,c2311-P-2480,70.0,0.0,0.0,0.0,20,65.0,65.5,10,62.5,68.5,70.0,68.5,11.0,7685.0,559
2023-05-09 21:11:13,c2311-P-2480,c2311-P-2480,70.0,0.0,0.0,0.0,10,65.0,65.5,10,62.5,68.5,70.0,68.5,11.0,7685.0,559
2023-05-09 21:11:14,c2311-P-2480,c2311-P-2480,70.0,0.0,0.0,0.0,10,65.0,66.0,20,62.5,68.5,70.0,68.5,11.0,7685.0,559
2023-05-09 21:11:15,c2311-P-2480,c2311-P-2480,70.0,0.0,0.0,0.0,30,65.0,66.0,10,62.5,68.5,70.0,68.5,11.0,7685.0,559
2023-05-09 21:11:16,c2311-P-2480,c2311-P-2480,70.0,0.0,0.0,0.0,20,65.0,65.5,10,62.5,68.5,70.0,68.5,11.0,7685.0,559
2023-05-09 21:11:20,c2311-P-2480,c2311-P-2480,70.0,0.0,0.0,0.0,30,65.0,66.0,10,62.5,68.5,70.0,68.5,11.0,7685.0,559
2023-05-09 21:11:21,c2311-P-2480,c2311-P-2480,70.0,0.0,0.0,0.0,20,65.0,66.0,10,62.5,68.5,70.0,68.5,11.0,7685.0,559
2023-05-09 21:11:24,c2311-P-2480,c2311-P-2480,70.0,0.0,0.0,0.0,20,65.0,66.0,20,62.5,68.5,70.0,68.5,11.0,7685.0,559
2023-05-09 21:11:28,c2311-P-2480,c2311-P-2480,70.0,0.0,0.0,0.0,40,65.0,66.0,10,62.5,68.5,70.0,68.5,11.0,7685.0,559
2023-05-09 21:11:29,c2311-P-2480,c2311-P-2480,70.0,0.0,0.0,0.0,30,65.0,66.0,10,62.5,68.5,70.0,68.5,11.0,7685.0,559
2023-05-09 21:11:31,c2311-P-2480,c2311-P-2480,70.0,0.0,0.0,0.0,20,65.0,66.0,10,62.5,68.5,70.0,68.5,11.0,7685.0,559
2023-05-09 21:11:32,c2311-P-2480,c2311-P-2480,70.0,0.0,0.0,0.0,30,65.0,66.0,10,62.5,68.5,70.0,68.5,11.0,7685.0,559
2023-05-09 21:11:33,c2311-P-2480,c2311-P-2480,70.0,0.0,0.0,0.0,20,65.0,66.0,10,62.5,68.5,70.0,68.5,11.0,7685.0,559
2023-05-09 21:11:34,c2311-P-2480,c2311-P-2480,70.0,0.0,0.0,0.0,20,65.0,66.0,20,62.5,68.5,70.0,68.5,11.0,7685.0,559
2023-05-09 21:11:35,c2311-P-2480,c2311-P-2480,70.0,0.0,0.0,0.0,20,65.0,66.0,10,62.5,68.5,70.0,68.5,11.0,7685.0,559
2023-05-09 21:11:37,c2311-P-2480,c2311-P-2480,70.0,0.0,0.0,0.0,50,65.0,66.5,20,62.5,68.5,70.0,68.5,11.0,7685.0,559
2023-05-09 21:11:37,c2311-P-2480,c2311-P-2480,70.0,0.0,0.0,0.0,40,65.0,66.5,30,62.5,68.5,70.0,68.5,11.0,7685.0,559
2023-05-09 21:11:39,c2311-P-2480,c2311-P-2480,70.0,0.0,0.0,0.0,50,65.0,66.5,20,62.5,68.5,70.0,68.5,11.0,7685.0,559
2023-05-09 21:11:39,c2311-P-2480,c2311-P-2480,70.0,0.0,0.0,0.0,60,65.0,66.5,10,62.5,68.5,70.0,68.5,11.0,7685.0,559
2023-05-09 21:11:40,c2311-P-2480,c2311-P-2480,70.0,0.0,0.0,0.0,60,65.0,67.0,40,62.5,68.5,70.0,68.5,11.0,7685.0,559
2023-05-09 21:11:43,c2311-P-2480,c2311-P-2480,70.0,0.0,0.0,0.0,20,65.5,67.0,40,62.5,68.5,70.0,68.5,11.0,7685.0,559
2023-05-09 21:11:43,c2311-P-2480,c2311-P-2480,70.0,0.0,0.0,0.0,30,65.5,67.0,40,62.5,68.5,70.0,68.5,11.0,7685.0,559
2023-05-09 21:11:49,c2311-P-2480,c2311-P-2480,70.0,0.0,0.0,0.0,40,65.5,67.0,40,62.5,68.5,70.0,68.5,11.0,7685.0,559
2023-05-09 21:11:51,c2311-P-2480,c2311-P-2480,70.0,0.0,0.0,0.0,40,65.5,67.0,20,62.5,68.5,70.0,68.5,11.0,7685.0,559
2023-05-09 21:11:51,c2311-P-2480,c2311-P-2480,70.0,0.0,0.0,0.0,20,66.0,67.0,10,62.5,68.5,70.0,68.5,11.0,7685.0,559
2023-05-09 21:11:51,c2311-P-2480,c2311-P-2480,70.0,0.0,0.0,0.0,30,66.0,67.0,10,62.5,68.5,70.0,68.5,11.0,7685.0,559
2023-05-09 21:11:53,c2311-P-2480,c2311-P-2480,70.0,0.0,0.0,0.0,20,66.0,67.0,10,62.5,68.5,70.0,68.5,11.0,7685.0,559
2023-05-09 21:11:56,c2311-P-2480,c2311-P-2480,70.0,0.0,0.0,0.0,10,66.0,67.0,30,62.5,68.5,70.0,68.5,11.0,7685.0,559
2023-05-09 21:11:56,c2311-P-2480,c2311-P-2480,70.0,0.0,0.0,0.0,10,66.0,66.5,10,62.5,68.5,70.0,68.5,11.0,7685.0,559
2023-05-09 21:11:56,c2311-P-2480,c2311-P-2480,70.0,0.0,0.0,0.0,10,66.0,67.0,30,62.5,68.5,70.0,68.5,11.0,7685.0,559
2023-05-09 21:12:00,c2311-P-2480,c2311-P-2480,70.0,0.0,0.0,0.0,10,66.0,66.5,10,62.5,68.5,70.0,68.5,11.0,7685.0,559
2023-05-09 21:12:01,c2311-P-2480,c2311-P-2480,70.0,0.0,0.0,0.0,10,66.0,67.0,40,62.5,68.5,70.0,68.5,11.0,7685.0,559
2023-05-09 21:12:01,c2311-P-2480,c2311-P-2480,70.0,0.0,0.0,0.0,20,66.0,67.0,30,62.5,68.5,70.0,68.5,11.0,7685.0,559
2023-05-09 21:12:01,c2311-P-2480,c2311-P-2480,70.0,0.0,0.0,0.0,30,66.0,67.0,20,62.5,68.5,70.0,68.5,11.0,7685.0,559
2023-05-09 21:12:03,c2311-P-2480,c2311-P-2480,70.0,0.0,0.0,0.0,20,66.0,66.5,10,62.5,68.5,70.0,68.5,11.0,7685.0,559
2023-05-09 21:12:06,c2311-P-2480,c2311-P-2480,70.0,0.0,0.0,0.0,40,66.0,67.0,10,62.5,68.5,70.0,68.5,11.0,7685.0,559
2023-05-09 21:12:07,c2311-P-2480,c2311-P-2480,70.0,0.0,0.0,0.0,30,66.0,67.0,20,62.5,68.5,70.0,68.5,11.0,7685.0,559
2023-05-09 21:12:09,c2311-P-2480,c2311-P-2480,70.0,0.0,0.0,0.0,20,66.0,67.0,10,62.5,68.5,70.0,68.5,11.0,7685.0,559
2023-05-09 21:12:09,c2311-P-2480,c2311-P-2480,70.0,0.0,0.0,0.0,40,66.0,67.5,30,62.5,68.5,70.0,68.5,11.0,7685.0,559
2023-05-09 21:12:10,c2311-P-2480,c2311-P-2480,70.0,0.0,0.0,0.0,50,66.0,67.5,20,62.5,68.5,70.0,68.5,11.0,7685.0,559
2023-05-09 21:12:11,c2311-P-2480,c2311-P-2480,70.0,0.0,0.0,0.0,40,66.0,67.0,10,62.5,68.5,70.0,68.5,11.0,7685.0,559
2023-05-09 21:12:12,c2311-P-2480,c2311-P-2480,70.0,0.0,0.0,0.0,30,66.0,67.0,10,62.5,68.5,70.0,68.5,11.0,7685.0,559
2023-05-09 21:12:13,c2311-P-2480,c2311-P-2480,70.0,0.0,0.0,0.0,40,66.0,67.0,10,62.5,68.5,70.0,68.5,11.0,7685.0,559
2023-05-09 21:12:14,c2311-P-2480,c2311-P-2480,70.0,0.0,0.0,0.0,30,66.0,67.0,10,62.5,68.5,70.0,68.5,11.0,7685.0,559
2023-05-09 21:12:18,c2311-P-2480,c2311-P-2480,70.0,0.0,0.0,0.0,40,66.0,67.0,10,62.5,68.5,70.0,68.5,11.0,7685.0,559
2023-05-09 21:12:20,c2311-P-2480,c2311-P-2480,70.0,0.0,0.0,0.0,40,66.0,67.0,20,62.5,68.5,70.0,68.5,11.0,7685.0,559
2023-05-09 21:12:22,c2311-P-2480,c2311-P-2480,70.0,0.0,0.0,0.0,50,66.0,67.0,10,62.5,68.5,70.0,68.5,11.0,7685.0,559
2023-05-09 21:12:23,c2311-P-2480,c2311-P-2480,70.0,0.0,0.0,0.0,30,66.0,67.0,20,62.5,68.5,70.0,68.5,11.0,7685.0,559
2023-05-09 21:12:23,c2311-P-2480,c2311-P-2480,70.0,0.0,0.0,0.0,10,66.0,66.5,10,62.5,68.5,70.0,68.5,11.0,7685.0,559
2023-05-09 21:12:24,c2311-P-2480,c2311-P-2480,70.0,0.0,0.0,0.0,20,66.0,66.5,10,62.5,68.5,70.0,68.5,11.0,7685.0,559
2023-05-09 21:12:25,c2311-P-2480,c2311-P-2480,70.0,0.0,0.0,0.0,20,66.0,67.0,10,62.5,68.5,70.0,68.5,11.0,7685.0,559
2023-05-09 21:12:25,c2311-P-2480,c2311-P-2480,70.0,0.0,0.0,0.0,20,66.0,67.0,20,62.5,68.5,70.0,68.5,11.0,7685.0,559
2023-05-09 21:12:26,c2311-P-2480,c2311-P-2480,70.0,0.0,0.0,0.0,30,66.0,67.0,10,62.5,68.5,70.0,68.5,11.0,7685.0,559
2023-05-09 21:12:27,c2311-P-2480,c2311-P-2480,70.0,0.0,0.0,0.0,20,66.0,66.5,10,62.5,68.5,70.0,68.5,11.0,7685.0,559
2023-05-09 21:12:27,c2311-P-2480,c2311-P-2480,70.0,0.0,0.0,0.0,10,66.0,66.5,10,62.5,68.5,70.0,68.5,11.0,7685.0,559
2023-05-09 21:12:33,c2311-P-2480,c2311-P-2480,70.0,0.0,0.0,0.0,20,66.0,67.0,30,62.5,68.5,70.0,68.5,11.0,7685.0,559
2023-05-09 21:12:33,c2311-P-2480,c2311-P-2480,70.0,0.0,0.0,0.0,10,66.0,66.5,10,62.5,68.5,70.0,68.5,11.0,7685.0,559
2023-05-09 21:12:47,c2311-P-2480,c2311-P-2480,70.0,0.0,0.0,0.0,10,66.0,67.0,40,62.5,68.5,70.0,68.5,11.0,7685.0,559
2023-05-09 21:12:50,c2311-P-2480,c2311-P-2480,70.0,0.0,0.0,0.0,10,66.0,67.0,30,62.5,68.5,70.0,68.5,11.0,7685.0,559
2023-05-09 21:13:08,c2311-P-2480,c2311-P-2480,70.0,0.0,0.0,0.0,10,65.5,66.5,20,62.5,68.5,70.0,68.5,11.0,7685.0,559
2023-05-09 21:13:10,c2311-P-2480,c2311-P-2480,70.0,0.0,0.0,0.0,20,65.5,66.5,10,62.5,68.5,70.0,68.5,11.0,7685.0,559
2023-05-09 21:13:10,c2311-P-2480,c2311-P-2480,70.0,0.0,0.0,0.0,10,65.5,66.5,30,62.5,68.5,70.0,68.5,11.0,7685.0,559
2023-05-09 21:13:26,c2311-P-2480,c2311-P-2480,70.0,0.0,0.0,0.0,10,65.5,66.0,10,62.5,68.5,70.0,68.5,11.0,7685.0,559
2023-05-09 21:13:27,c2311-P-2480,c2311-P-2480,70.0,0.0,0.0,0.0,10,65.5,66.0,20,62.5,68.5,70.0,68.5,11.0,7685.0,559
2023-05-09 21:13:27,c2311-P-2480,c2311-P-2480,70.0,0.0,0.0,0.0,10,65.5,66.5,40,62.5,68.5,70.0,68.5,11.0,7685.0,559
2023-05-09 21:13:27,c2311-P-2480,c2311-P-2480,70.0,0.0,0.0,0.0,20,65.5,66.5,30,62.5,68.5,70.0,68.5,11.0,7685.0,559
2023-05-09 21:13:28,c2311-P-2480,c2311-P-2480,70.0,0.0,0.0,0.0,20,65.5,66.5,20,62.5,68.5,70.0,68.5,11.0,7685.0,559
2023-05-09 21:13:29,c2311-P-2480,c2311-P-2480,70.0,0.0,0.0,0.0,10,65.5,66.0,10,62.5,68.5,70.0,68.5,11.0,7685.0,559
2023-05-09 21:13:32,c2311-P-2480,c2311-P-2480,70.0,0.0,0.0,0.0,40,65.0,66.0,10,62.5,68.5,70.0,68.5,11.0,7685.0,559
2023-05-09 21:13:36,c2311-P-2480,c2311-P-2480,70.0,0.0,0.0,0.0,40,65.0,66.0,20,62.5,68.5,70.0,68.5,11.0,7685.0,559
2023-05-09 21:13:38,c2311-P-2480,c2311-P-2480,70.0,0.0,0.0,0.0,50,65.0,66.5,30,62.5,68.5,70.0,68.5,11.0,7685.0,559
2023-05-09 21:13:38,c2311-P-2480,c2311-P-2480,70.0,0.0,0.0,0.0,50,65.0,66.5,10,62.5,68.5,70.0,68.5,11.0,7685.0,559
2023-05-09 21:13:39,c2311-P-2480,c2311-P-2480,70.0,0.0,0.0,0.0,50,65.0,66.5,20,62.5,68.5,70.0,68.5,11.0,7685.0,559
2023-05-09 21:13:39,c2311-P-2480,c2311-P-2480,70.0,0.0,0.0,0.0,60,65.0,67.0,40,62.5,68.5,70.0,68.5,11.0,7685.0,559
2023-05-09 21:13:39,c2311-P-2480,c2311-P-2480,70.0,0.0,0.0,0.0,60,65.0,67.0,30,62.5,68.5,70.0,68.5,11.0,7685.0,559
2023-05-09 21:13:42,c2311-P-2480,c2311-P-2480,70.0,0.0,0.0,0.0,10,65.5,67.0,30,62.5,68.5,70.0,68.5,11.0,7685.0,559
2023-05-09 21:13:42,c2311-P-2480,c2311-P-2480,70.0,0.0,0.0,0.0,30,65.5,67.0,30,62.5,68.5,70.0,68.5,11.0,7685.0,559
2023-05-09 21:13:43,c2311-P-2480,c2311-P-2480,70.0,0.0,0.0,0.0,20,65.5,67.0,30,62.5,68.5,70.0,68.5,11.0,7685.0,559
2023-05-09 21:13:43,c2311-P-2480,c2311-P-2480,70.0,0.0,0.0,0.0,20,65.5,66.5,10,62.5,68.5,70.0,68.5,11.0,7685.0,559
2023-05-09 21:13:45,c2311-P-2480,c2311-P-2480,70.0,0.0,0.0,0.0,10,65.5,66.5,30,62.5,68.5,70.0,68.5,11.0,7685.0,559
2023-05-09 21:13:45,c2311-P-2480,c2311-P-2480,70.0,0.0,0.0,0.0,20,65.5,66.5,20,62.5,68.5,70.0,68.5,11.0,7685.0,559
2023-05-09 21:13:46,c2311-P-2480,c2311-P-2480,70.0,0.0,0.0,0.0,20,65.5,66.5,10,62.5,68.5,70.0,68.5,11.0,7685.0,559
2023-05-09 21:13:48,c2311-P-2480,c2311-P-2480,70.0,0.0,0.0,0.0,10,65.5,66.5,30,62.5,68.5,70.0,68.5,11.0,7685.0,559
2023-05-09 21:13:54,c2311-P-2480,c2311-P-2480,70.0,0.0,0.0,0.0,10,65.5,66.5,20,62.5,68.5,70.0,68.5,11.0,7685.0,559
2023-05-09 21:13:57,c2311-P-2480,c2311-P-2480,70.0,0.0,0.0,0.0,30,65.5,67.0,30,62.5,68.5,70.0,68.5,11.0,7685.0,559
2023-05-09 21:13:57,c2311-P-2480,c2311-P-2480,70.0,0.0,0.0,0.0,40,65.5,67.0,20,62.5,68.5,70.0,68.5,11.0,7685.0,559
2023-05-09 21:14:00,c2311-P-2480,c2311-P-2480,70.0,0.0,0.0,0.0,50,65.5,67.0,10,62.5,68.5,70.0,68.5,11.0,7685.0,559
2023-05-09 21:14:03,c2311-P-2480,c2311-P-2480,70.0,0.0,0.0,0.0,50,65.5,67.0,20,62.5,68.5,70.0,68.5,11.0,7685.0,559
2023-05-09 21:14:04,c2311-P-2480,c2311-P-2480,70.0,0.0,0.0,0.0,50,65.5,67.0,10,62.5,68.5,70.0,68.5,11.0,7685.0,559
2023-05-09 21:14:04,c2311-P-2480,c2311-P-2480,70.0,0.0,0.0,0.0,50,65.5,67.0,20,62.5,68.5,70.0,68.5,11.0,7685.0,559
2023-05-09 21:14:16,c2311-P-2480,c2311-P-2480,70.0,0.0,0.0,0.0,40,65.5,67.0,20,62.5,68.5,70.0,68.5,11.0,7685.0,559
2023-05-09 21:14:16,c2311-P-2480,c2311-P-2480,70.0,0.0,0.0,0.0,50,65.5,67.0,20,62.5,68.5,70.0,68.5,11.0,7685.0,559
2023-05-09 21:14:29,c2311-P-2480,c2311-P-2480,70.0,0.0,0.0,0.0,40,65.5,66.5,10,62.5,68.5,70.0,68.5,11.0,7685.0,559
2023-05-09 21:14:30,c2311-P-2480,c2311-P-2480,70.0,0.0,0.0,0.0,20,65.5,66.5,10,62.5,68.5,70.0,68.5,11.0,7685.0,559
2023-05-09 21:14:31,c2311-P-2480,c2311-P-2480,70.0,0.0,0.0,0.0,30,65.5,66.5,10,62.5,68.5,70.0,68.5,11.0,7685.0,559
2023-05-09 21:14:33,c2311-P-2480,c2311-P-2480,70.0,0.0,0.0,0.0,30,65.5,66.5,20,62.5,68.5,70.0,68.5,11.0,7685.0,559
2023-05-09 21:14:35,c2311-P-2480,c2311-P-2480,70.0,0.0,0.0,0.0,20,65.5,66.5,30,62.5,68.5,70.0,68.5,11.0,7685.0,559
2023-05-09 21:14:37,c2311-P-2480,c2311-P-2480,70.0,0.0,0.0,0.0,20,65.5,66.5,20,62.5,68.5,70.0,68.5,11.0,7685.0,559
2023-05-09 21:14:38,c2311-P-2480,c2311-P-2480,70.0,0.0,0.0,0.0,30,65.5,66.5,10,62.5,68.5,70.0,68.5,11.0,7685.0,559
2023-05-09 21:14:39,c2311-P-2480,c2311-P-2480,70.0,0.0,0.0,0.0,30,65.5,66.5,20,62.5,68.5,70.0,68.5,11.0,7685.0,559
2023-05-09 21:14:39,c2311-P-2480,c2311-P-2480,70.0,0.0,0.0,0.0,20,65.5,66.5,20,62.5,68.5,70.0,68.5,11.0,7685.0,559
2023-05-09 21:14:52,c2311-P-2480,c2311-P-2480,70.0,0.0,0.0,0.0,20,65.5,66.5,10,62.5,68.5,70.0,68.5,11.0,7685.0,559
2023-05-09 21:14:57,c2311-P-2480,c2311-P-2480,70.0,0.0,0.0,0.0,10,65.5,66.5,30,62.5,68.5,70.0,68.5,11.0,7685.0,559
2023-05-09 21:15:00,c2311-P-2480,c2311-P-2480,70.0,0.0,0.0,0.0,20,65.5,66.5,10,62.5,68.5,70.0,68.5,11.0,7685.0,559
2023-05-09 21:15:00,c2311-P-2480,c2311-P-2480,70.0,0.0,0.0,0.0,30,65.5,67.0,30,62.5,68.5,70.0,68.5,11.0,7685.0,559
2023-05-09 21:15:10,c2311-P-2480,c2311-P-2480,70.0,0.0,0.0,0.0,40,65.5,67.0,20,62.5,68.5,70.0,68.5,11.0,7685.0,559
2023-05-09 21:15:14,c2311-P-2480,c2311-P-2480,70.0,0.0,0.0,0.0,30,65.5,67.0,20,62.5,68.5,70.0,68.5,11.0,7685.0,559
2023-05-09 21:15:14,c2311-P-2480,c2311-P-2480,70.0,0.0,0.0,0.0,20,65.5,66.5,10,62.5,68.5,70.0,68.5,11.0,7685.0,559
2023-05-09 21:15:18,c2311-P-2480,c2311-P-2480,70.0,0.0,0.0,0.0,30,65.5,66.5,10,62.5,68.5,70.0,68.5,11.0,7685.0,559
2023-05-09 21:15:21,c2311-P-2480,c2311-P-2480,70.0,0.0,0.0,0.0,20,65.5,66.5,30,62.5,68.5,70.0,68.5,11.0,7685.0,559
2023-05-09 21:15:22,c2311-P-2480,c2311-P-2480,70.0,0.0,0.0,0.0,30,65.5,66.5,10,62.5,68.5,70.0,68.5,11.0,7685.0,559
2023-05-09 21:15:26,c2311-P-2480,c2311-P-2480,70.0,0.0,0.0,0.0,20,65.5,66.5,30,62.5,68.5,70.0,68.5,11.0,7685.0,559
2023-05-09 21:15:29,c2311-P-2480,c2311-P-2480,70.0,0.0,0.0,0.0,20,65.5,66.5,20,62.5,68.5,70.0,68.5,11.0,7685.0,559
2023-05-09 21:15:29,c2311-P-2480,c2311-P-2480,70.0,0.0,0.0,0.0,30,65.5,66.5,10,62.5,68.5,70.0,68.5,11.0,7685.0,559
2023-05-09 21:15:30,c2311-P-2480,c2311-P-2480,70.0,0.0,0.0,0.0,20,65.5,66.5,10,62.5,68.5,70.0,68.5,11.0,7685.0,559
2023-05-09 21:16:03,c2311-P-2480,c2311-P-2480,70.0,0.0,0.0,0.0,50,65.0,66.0,10,62.5,68.5,70.0,68.5,11.0,7685.0,559
2023-05-09 21:16:04,c2311-P-2480,c2311-P-2480,70.0,0.0,0.0,0.0,40,65.0,66.0,10,62.5,68.5,70.0,68.5,11.0,7685.0,559
2023-05-09 21:16:05,c2311-P-2480,c2311-P-2480,70.0,0.0,0.0,0.0,30,65.0,66.0,10,62.5,68.5,70.0,68.5,11.0,7685.0,559
2023-05-09 21:16:09,c2311-P-2480,c2311-P-2480,70.0,0.0,0.0,0.0,40,64.5,65.5,10,62.5,68.5,70.0,68.5,11.0,7685.0,559
2023-05-09 21:16:10,c2311-P-2480,c2311-P-2480,70.0,0.0,0.0,0.0,50,64.5,65.5,10,62.5,68.5,70.0,68.5,11.0,7685.0,559
2023-05-09 21:16:10,c2311-P-2480,c2311-P-2480,70.0,0.0,0.0,0.0,40,64.5,65.5,10,62.5,68.5,70.0,68.5,11.0,7685.0,559
2023-05-09 21:16:11,c2311-P-2480,c2311-P-2480,70.0,0.0,0.0,0.0,50,64.5,65.5,10,62.5,68.5,70.0,68.5,11.0,7685.0,559
2023-05-09 21:16:12,c2311-P-2480,c2311-P-2480,70.0,0.0,0.0,0.0,40,64.5,65.5,10,62.5,68.5,70.0,68.5,11.0,7685.0,559
2023-05-09 21:16:14,c2311-P-2480,c2311-P-2480,70.0,0.0,0.0,0.0,50,64.5,65.5,10,62.5,68.5,70.0,68.5,11.0,7685.0,559
2023-05-09 21:16:15,c2311-P-2480,c2311-P-2480,70.0,0.0,0.0,0.0,40,64.5,65.5,10,62.5,68.5,70.0,68.5,11.0,7685.0,559
2023-05-09 21:16:17,c2311-P-2480,c2311-P-2480,70.0,0.0,0.0,0.0,50,64.5,66.0,20,62.5,68.5,70.0,68.5,11.0,7685.0,559
2023-05-09 21:16:17,c2311-P-2480,c2311-P-2480,70.0,0.0,0.0,0.0,50,64.5,66.0,30,62.5,68.5,70.0,68.5,11.0,7685.0,559
2023-05-09 21:16:18,c2311-P-2480,c2311-P-2480,70.0,0.0,0.0,0.0,50,64.5,66.0,20,62.5,68.5,70.0,68.5,11.0,7685.0,559
2023-05-09 21:16:21,c2311-P-2480,c2311-P-2480,70.0,0.0,0.0,0.0,40,64.5,65.5,10,62.5,68.5,70.0,68.5,11.0,7685.0,559
2023-05-09 21:16:24,c2311-P-2480,c2311-P-2480,70.0,0.0,0.0,0.0,30,64.5,65.5,10,62.5,68.5,70.0,68.5,11.0,7685.0,559
2023-05-09 21:16:27,c2311-P-2480,c2311-P-2480,70.0,0.0,0.0,0.0,40,64.5,65.5,10,62.5,68.5,70.0,68.5,11.0,7685.0,559
2023-05-09 21:16:32,c2311-P-2480,c2311-P-2480,70.0,0.0,0.0,0.0,40,64.5,65.5,20,62.5,68.5,70.0,68.5,11.0,7685.0,559
2023-05-09 21:16:33,c2311-P-2480,c2311-P-2480,70.0,0.0,0.0,0.0,10,64.5,65.0,10,62.5,68.5,70.0,68.5,11.0,7685.0,559
2023-05-09 21:16:33,c2311-P-2480,c2311-P-2480,70.0,0.0,0.0,0.0,20,64.5,65.5,30,62.5,68.5,70.0,68.5,11.0,7685.0,559
2023-05-09 21:16:33,c2311-P-2480,c2311-P-2480,70.0,0.0,0.0,0.0,30,64.5,65.5,20,62.5,68.5,70.0,68.5,11.0,7685.0,559
2023-05-09 21:16:35,c2311-P-2480,c2311-P-2480,70.0,0.0,0.0,0.0,30,64.5,65.5,10,62.5,68.5,70.0,68.5,11.0,7685.0,559
2023-05-09 21:16:38,c2311-P-2480,c2311-P-2480,70.0,0.0,0.0,0.0,30,64.5,65.5,20,62.5,68.5,70.0,68.5,11.0,7685.0,559
2023-05-09 21:16:45,c2311-P-2480,c2311-P-2480,70.0,0.0,0.0,0.0,20,64.5,65.5,20,62.5,68.5,70.0,68.5,11.0,7685.0,559
2023-05-09 21:16:45,c2311-P-2480,c2311-P-2480,70.0,0.0,0.0,0.0,30,64.5,65.5,20,62.5,68.5,70.0,68.5,11.0,7685.0,559
2023-05-09 21:16:51,c2311-P-2480,c2311-P-2480,70.0,0.0,0.0,0.0,10,64.5,65.5,30,62.5,68.5,70.0,68.5,11.0,7685.0,559
2023-05-09 21:16:52,c2311-P-2480,c2311-P-2480,70.0,0.0,0.0,0.0,20,64.5,65.5,10,62.5,68.5,70.0,68.5,11.0,7685.0,559
2023-05-09 21:16:58,c2311-P-2480,c2311-P-2480,70.0,0.0,0.0,0.0,30,64.5,65.5,10,62.5,68.5,70.0,68.5,11.0,7685.0,559
2023-05-09 21:17:02,c2311-P-2480,c2311-P-2480,70.0,0.0,0.0,0.0,40,64.5,65.5,10,62.5,68.5,70.0,68.5,11.0,7685.0,559
2023-05-09 21:17:03,c2311-P-2480,c2311-P-2480,70.0,0.0,0.0,0.0,50,64.5,66.0,30,62.5,68.5,70.0,68.5,11.0,7685.0,559
2023-05-09 21:17:03,c2311-P-2480,c2311-P-2480,70.0,0.0,0.0,0.0,50,64.5,66.0,20,62.5,68.5,70.0,68.5,11.0,7685.0,559
2023-05-09 21:17:05,c2311-P-2480,c2311-P-2480,70.0,0.0,0.0,0.0,40,64.5,66.0,10,62.5,68.5,70.0,68.5,11.0,7685.0,559
2023-05-09 21:17:06,c2311-P-2480,c2311-P-2480,70.0,0.0,0.0,0.0,40,64.5,65.5,10,62.5,68.5,70.0,68.5,11.0,7685.0,559
2023-05-09 21:17:08,c2311-P-2480,c2311-P-2480,70.0,0.0,0.0,0.0,50,64.5,66.0,20,62.5,68.5,70.0,68.5,11.0,7685.0,559
2023-05-09 21:17:13,c2311-P-2480,c2311-P-2480,70.0,0.0,0.0,0.0,40,64.5,65.5,10,62.5,68.5,70.0,68.5,11.0,7685.0,559
2023-05-09 21:17:14,c2311-P-2480,c2311-P-2480,70.0,0.0,0.0,0.0,50,64.5,65.5,10,62.5,68.5,70.0,68.5,11.0,7685.0,559
2023-05-09 21:17:17,c2311-P-2480,c2311-P-2480,70.0,0.0,0.0,0.0,40,64.5,65.5,10,62.5,68.5,70.0,68.5,11.0,7685.0,559
2023-05-09 21:17:23,c2311-P-2480,c2311-P-2480,70.0,0.0,0.0,0.0,50,64.5,65.5,10,62.5,68.5,70.0,68.5,11.0,7685.0,559
2023-05-09 21:17:32,c2311-P-2480,c2311-P-2480,70.0,0.0,0.0,0.0,40,64.5,65.5,10,62.5,68.5,70.0,68.5,11.0,7685.0,559
2023-05-09 21:17:32,c2311-P-2480,c2311-P-2480,70.0,0.0,0.0,0.0,50,64.5,65.5,10,62.5,68.5,70.0,68.5,11.0,7685.0,559
2023-05-09 21:17:32,c2311-P-2480,c2311-P-2480,70.0,0.0,0.0,0.0,40,64.5,65.5,10,62.5,68.5,70.0,68.5,11.0,7685.0,559
2023-05-09 21:17:42,c2311-P-2480,c2311-P-2480,70.0,0.0,0.0,0.0,40,64.5,65.5,20,62.5,68.5,70.0,68.5,11.0,7685.0,559
2023-05-09 21:17:43,c2311-P-2480,c2311-P-2480,70.0,0.0,0.0,0.0,40,64.5,65.5,10,62.5,68.5,70.0,68.5,11.0,7685.0,559
2023-05-09 21:17:53,c2311-P-2480,c2311-P-2480,70.0,0.0,0.0,0.0,40,64.5,65.5,20,62.5,68.5,70.0,68.5,11.0,7685.0,559
2023-05-09 21:18:02,c2311-P-2480,c2311-P-2480,70.0,0.0,0.0,0.0,20,64.5,65.5,20,62.5,68.5,70.0,68.5,11.0,7685.0,559
2023-05-09 21:18:03,c2311-P-2480,c2311-P-2480,70.0,0.0,0.0,0.0,45,64.5,65.5,45,62.5,68.5,70.0,68.5,11.0,7685.0,559
2023-05-09 21:18:05,c2311-P-2480,c2311-P-2480,70.0,0.0,0.0,0.0,35,64.5,65.5,55,62.5,68.5,70.0,68.5,11.0,7685.0,559
2023-05-09 21:18:12,c2311-P-2480,c2311-P-2480,70.0,0.0,0.0,0.0,45,64.5,65.5,30,62.5,68.5,70.0,68.5,11.0,7685.0,559
2023-05-09 21:18:12,c2311-P-2480,c2311-P-2480,70.0,0.0,0.0,0.0,20,64.5,65.5,30,62.5,68.5,70.0,68.5,11.0,7685.0,559
2023-05-09 21:18:13,c2311-P-2480,c2311-P-2480,70.0,0.0,0.0,0.0,30,64.5,65.5,20,62.5,68.5,70.0,68.5,11.0,7685.0,559
2023-05-09 21:18:14,c2311-P-2480,c2311-P-2480,70.0,0.0,0.0,0.0,20,64.5,65.5,20,62.5,68.5,70.0,68.5,11.0,7685.0,559
2023-05-09 21:18:14,c2311-P-2480,c2311-P-2480,70.0,0.0,0.0,0.0,20,64.5,65.5,10,62.5,68.5,70.0,68.5,11.0,7685.0,559
2023-05-09 21:18:17,c2311-P-2480,c2311-P-2480,70.0,0.0,0.0,0.0,30,64.5,65.5,10,62.5,68.5,70.0,68.5,11.0,7685.0,559
2023-05-09 21:18:19,c2311-P-2480,c2311-P-2480,70.0,0.0,0.0,0.0,30,64.5,65.5,20,62.5,68.5,70.0,68.5,11.0,7685.0,559
2023-05-09 21:18:19,c2311-P-2480,c2311-P-2480,70.0,0.0,0.0,0.0,20,64.5,65.5,30,62.5,68.5,70.0,68.5,11.0,7685.0,559
2023-05-09 21:18:20,c2311-P-2480,c2311-P-2480,70.0,0.0,0.0,0.0,30,64.5,65.5,20,62.5,68.5,70.0,68.5,11.0,7685.0,559
2023-05-09 21:18:29,c2311-P-2480,c2311-P-2480,70.0,0.0,0.0,0.0,20,64.5,65.5,20,62.5,68.5,70.0,68.5,11.0,7685.0,559
2023-05-09 21:18:30,c2311-P-2480,c2311-P-2480,70.0,0.0,0.0,0.0,30,64.5,65.5,20,62.5,68.5,70.0,68.5,11.0,7685.0,559
2023-05-09 21:18:30,c2311-P-2480,c2311-P-2480,70.0,0.0,0.0,0.0,20,64.5,65.5,20,62.5,68.5,70.0,68.5,11.0,7685.0,559
2023-05-09 21:18:37,c2311-P-2480,c2311-P-2480,70.0,0.0,0.0,0.0,30,64.5,65.5,10,62.5,68.5,70.0,68.5,11.0,7685.0,559
2023-05-09 21:18:42,c2311-P-2480,c2311-P-2480,70.0,0.0,0.0,0.0,40,64.5,65.5,10,62.5,68.5,70.0,68.5,11.0,7685.0,559
2023-05-09 21:18:44,c2311-P-2480,c2311-P-2480,70.0,0.0,0.0,0.0,40,64.5,65.5,20,62.5,68.5,70.0,68.5,11.0,7685.0,559
2023-05-09 21:18:46,c2311-P-2480,c2311-P-2480,70.0,0.0,0.0,0.0,30,64.5,65.5,20,62.5,68.5,70.0,68.5,11.0,7685.0,559
2023-05-09 21:18:49,c2311-P-2480,c2311-P-2480,70.0,0.0,0.0,0.0,20,64.5,65.5,20,62.5,68.5,70.0,68.5,11.0,7685.0,559
2023-05-09 21:18:49,c2311-P-2480,c2311-P-2480,70.0,0.0,0.0,0.0,30,64.5,65.5,20,62.5,68.5,70.0,68.5,11.0,7685.0,559
2023-05-09 21:18:49,c2311-P-2480,c2311-P-2480,70.0,0.0,0.0,0.0,20,64.5,65.5,30,62.5,68.5,70.0,68.5,11.0,7685.0,559
2023-05-09 21:18:50,c2311-P-2480,c2311-P-2480,70.0,0.0,0.0,0.0,40,64.5,65.5,10,62.5,68.5,70.0,68.5,11.0,7685.0,559
2023-05-09 21:18:50,c2311-P-2480,c2311-P-2480,70.0,0.0,0.0,0.0,50,64.5,65.5,10,62.5,68.5,70.0,68.5,11.0,7685.0,559
2023-05-09 21:19:05,c2311-P-2480,c2311-P-2480,70.0,0.0,0.0,0.0,60,64.5,65.5,10,62.5,68.5,70.0,68.5,11.0,7685.0,559
2023-05-09 21:19:12,c2311-P-2480,c2311-P-2480,65.5,10.0,6550.0,-10.0,30,65.0,66.0,10,62.5,68.5,70.0,65.5,21.0,14235.0,549
2023-05-09 21:19:14,c2311-P-2480,c2311-P-2480,65.5,0.0,0.0,0.0,40,65.0,66.5,53,62.5,68.5,70.0,65.5,21.0,14235.0,549
2023-05-09 21:19:14,c2311-P-2480,c2311-P-2480,65.5,0.0,0.0,0.0,40,65.0,66.5,43,62.5,68.5,70.0,65.5,21.0,14235.0,549
2023-05-09 21:19:21,c2311-P-2480,c2311-P-2480,65.5,0.0,0.0,0.0,10,65.5,66.5,33,62.5,68.5,70.0,65.5,21.0,14235.0,549
2023-05-09 21:19:22,c2311-P-2480,c2311-P-2480,65.5,0.0,0.0,0.0,20,65.5,66.5,23,62.5,68.5,70.0,65.5,21.0,14235.0,549
2023-05-09 21:19:22,c2311-P-2480,c2311-P-2480,65.5,0.0,0.0,0.0,20,65.5,66.5,13,62.5,68.5,70.0,65.5,21.0,14235.0,549
2023-05-09 21:19:26,c2311-P-2480,c2311-P-2480,65.5,0.0,0.0,0.0,40,65.5,66.5,13,62.5,68.5,70.0,65.5,21.0,14235.0,549
2023-05-09 21:19:26,c2311-P-2480,c2311-P-2480,65.5,0.0,0.0,0.0,50,65.5,66.5,13,62.5,68.5,70.0,65.5,21.0,14235.0,549
2023-05-09 21:19:27,c2311-P-2480,c2311-P-2480,65.5,0.0,0.0,0.0,40,65.5,66.5,13,62.5,68.5,70.0,65.5,21.0,14235.0,549
2023-05-09 21:19:29,c2311-P-2480,c2311-P-2480,65.5,0.0,0.0,0.0,40,65.5,66.5,3,62.5,68.5,70.0,65.5,21.0,14235.0,549
2023-05-09 21:19:30,c2311-P-2480,c2311-P-2480,65.5,0.0,0.0,0.0,50,65.5,66.5,3,62.5,68.5,70.0,65.5,21.0,14235.0,549
2023-05-09 21:19:32,c2311-P-2480,c2311-P-2480,65.5,0.0,0.0,0.0,50,65.5,66.5,13,62.5,68.5,70.0,65.5,21.0,14235.0,549
2023-05-09 21:19:32,c2311-P-2480,c2311-P-2480,65.5,0.0,0.0,0.0,50,65.5,66.5,10,62.5,68.5,70.0,65.5,21.0,14235.0,549
2023-05-09 21:19:33,c2311-P-2480,c2311-P-2480,65.5,0.0,0.0,0.0,50,65.5,67.0,30,62.5,68.5,70.0,65.5,21.0,14235.0,549
2023-05-09 21:19:35,c2311-P-2480,c2311-P-2480,65.5,0.0,0.0,0.0,10,66.0,67.0,20,62.5,68.5,70.0,65.5,21.0,14235.0,549
2023-05-09 21:19:36,c2311-P-2480,c2311-P-2480,65.5,0.0,0.0,0.0,60,65.5,67.0,20,62.5,68.5,70.0,65.5,21.0,14235.0,549
2023-05-09 21:19:36,c2311-P-2480,c2311-P-2480,65.5,0.0,0.0,0.0,50,65.5,67.0,30,62.5,68.5,70.0,65.5,21.0,14235.0,549
2023-05-09 21:19:39,c2311-P-2480,c2311-P-2480,65.5,0.0,0.0,0.0,50,65.5,67.0,20,62.5,68.5,70.0,65.5,21.0,14235.0,549
2023-05-09 21:19:42,c2311-P-2480,c2311-P-2480,65.5,0.0,0.0,0.0,60,65.5,67.0,30,62.5,68.5,70.0,65.5,21.0,14235.0,549
2023-05-09 21:19:44,c2311-P-2480,c2311-P-2480,65.5,0.0,0.0,0.0,60,65.5,66.5,10,62.5,68.5,70.0,65.5,21.0,14235.0,549
2023-05-09 21:19:45,c2311-P-2480,c2311-P-2480,65.5,0.0,0.0,0.0,50,65.5,67.0,40,62.5,68.5,70.0,65.5,21.0,14235.0,549
2023-05-09 21:19:45,c2311-P-2480,c2311-P-2480,65.5,0.0,0.0,0.0,60,65.5,67.0,30,62.5,68.5,70.0,65.5,21.0,14235.0,549
2023-05-09 21:19:48,c2311-P-2480,c2311-P-2480,65.5,0.0,0.0,0.0,60,65.5,67.0,20,62.5,68.5,70.0,65.5,21.0,14235.0,549
2023-05-09 21:19:49,c2311-P-2480,c2311-P-2480,65.5,0.0,0.0,0.0,60,65.5,67.0,30,62.5,68.5,70.0,65.5,21.0,14235.0,549
2023-05-09 21:19:49,c2311-P-2480,c2311-P-2480,65.5,0.0,0.0,0.0,50,65.5,67.0,30,62.5,68.5,70.0,65.5,21.0,14235.0,549
2023-05-09 21:19:49,c2311-P-2480,c2311-P-2480,65.5,0.0,0.0,0.0,60,65.5,67.0,30,62.5,68.5,70.0,65.5,21.0,14235.0,549
2023-05-09 21:19:53,c2311-P-2480,c2311-P-2480,65.5,0.0,0.0,0.0,60,65.5,66.5,10,62.5,68.5,70.0,65.5,21.0,14235.0,549
2023-05-09 21:19:54,c2311-P-2480,c2311-P-2480,65.5,0.0,0.0,0.0,60,65.5,67.0,30,62.5,68.5,70.0,65.5,21.0,14235.0,549
2023-05-09 21:19:55,c2311-P-2480,c2311-P-2480,65.5,0.0,0.0,0.0,60,65.5,66.5,10,62.5,68.5,70.0,65.5,21.0,14235.0,549
2023-05-09 21:19:56,c2311-P-2480,c2311-P-2480,65.5,0.0,0.0,0.0,40,65.5,66.5,10,62.5,68.5,70.0,65.5,21.0,14235.0,549
2023-05-09 21:19:56,c2311-P-2480,c2311-P-2480,65.5,0.0,0.0,0.0,30,65.5,66.5,10,62.5,68.5,70.0,65.5,21.0,14235.0,549
2023-05-09 21:20:02,c2311-P-2480,c2311-P-2480,65.5,0.0,0.0,0.0,10,65.5,66.5,20,62.5,68.5,70.0,65.5,21.0,14235.0,549
2023-05-09 21:20:03,c2311-P-2480,c2311-P-2480,65.5,0.0,0.0,0.0,20,65.5,66.5,20,62.5,68.5,70.0,65.5,21.0,14235.0,549
2023-05-09 21:20:08,c2311-P-2480,c2311-P-2480,65.5,0.0,0.0,0.0,30,65.5,66.5,10,62.5,68.5,70.0,65.5,21.0,14235.0,549
2023-05-09 21:20:12,c2311-P-2480,c2311-P-2480,65.5,0.0,0.0,0.0,20,65.5,66.5,10,62.5,68.5,70.0,65.5,21.0,14235.0,549
2023-05-09 21:20:13,c2311-P-2480,c2311-P-2480,65.5,0.0,0.0,0.0,10,65.5,66.5,20,62.5,68.5,70.0,65.5,21.0,14235.0,549
2023-05-09 21:20:13,c2311-P-2480,c2311-P-2480,65.5,0.0,0.0,0.0,20,65.5,66.5,20,62.5,68.5,70.0,65.5,21.0,14235.0,549
2023-05-09 21:20:18,c2311-P-2480,c2311-P-2480,65.5,0.0,0.0,0.0,10,65.5,66.5,20,62.5,68.5,70.0,65.5,21.0,14235.0,549
2023-05-09 21:20:19,c2311-P-2480,c2311-P-2480,65.5,0.0,0.0,0.0,30,65.5,66.5,10,62.5,68.5,70.0,65.5,21.0,14235.0,549
2023-05-09 21:20:20,c2311-P-2480,c2311-P-2480,65.5,0.0,0.0,0.0,20,65.5,66.5,20,62.5,68.5,70.0,65.5,21.0,14235.0,549
2023-05-09 21:20:20,c2311-P-2480,c2311-P-2480,65.5,0.0,0.0,0.0,30,65.5,66.5,10,62.5,68.5,70.0,65.5,21.0,14235.0,549
2023-05-09 21:20:24,c2311-P-2480,c2311-P-2480,65.5,0.0,0.0,0.0,20,65.5,66.5,10,62.5,68.5,70.0,65.5,21.0,14235.0,549
2023-05-09 21:20:27,c2311-P-2480,c2311-P-2480,65.5,0.0,0.0,0.0,50,65.0,66.5,40,62.5,68.5,70.0,65.5,21.0,14235.0,549
2023-05-09 21:20:29,c2311-P-2480,c2311-P-2480,65.5,0.0,0.0,0.0,50,65.0,66.0,10,62.5,68.5,70.0,65.5,21.0,14235.0,549
2023-05-09 21:20:30,c2311-P-2480,c2311-P-2480,65.5,0.0,0.0,0.0,40,65.0,66.0,10,62.5,68.5,70.0,65.5,21.0,14235.0,549
2023-05-09 21:20:38,c2311-P-2480,c2311-P-2480,65.5,0.0,0.0,0.0,40,65.0,66.5,50,62.5,68.5,70.0,65.5,21.0,14235.0,549
2023-05-09 21:20:38,c2311-P-2480,c2311-P-2480,65.5,0.0,0.0,0.0,50,65.0,66.5,30,62.5,68.5,70.0,65.5,21.0,14235.0,549
2023-05-09 21:20:38,c2311-P-2480,c2311-P-2480,65.5,0.0,0.0,0.0,60,65.0,66.5,20,62.5,68.5,70.0,65.5,21.0,14235.0,549
2023-05-09 21:20:46,c2311-P-2480,c2311-P-2480,65.5,0.0,0.0,0.0,40,65.0,66.0,10,62.5,68.5,70.0,65.5,21.0,14235.0,549
2023-05-09 21:21:03,c2311-P-2480,c2311-P-2480,65.5,0.0,0.0,0.0,40,65.0,66.0,35,62.5,68.5,70.0,65.5,21.0,14235.0,549
2023-05-09 21:21:05,c2311-P-2480,c2311-P-2480,65.5,0.0,0.0,0.0,30,65.0,66.0,35,62.5,68.5,70.0,65.5,21.0,14235.0,549
2023-05-09 21:21:07,c2311-P-2480,c2311-P-2480,65.5,0.0,0.0,0.0,40,65.0,66.0,35,62.5,68.5,70.0,65.5,21.0,14235.0,549
2023-05-09 21:21:08,c2311-P-2480,c2311-P-2480,65.5,0.0,0.0,0.0,20,65.0,66.0,35,62.5,68.5,70.0,65.5,21.0,14235.0,549
2023-05-09 21:21:09,c2311-P-2480,c2311-P-2480,65.5,0.0,0.0,0.0,30,65.0,66.0,35,62.5,68.5,70.0,65.5,21.0,14235.0,549
2023-05-09 21:21:09,c2311-P-2480,c2311-P-2480,65.5,0.0,0.0,0.0,20,65.0,66.0,10,62.5,68.5,70.0,65.5,21.0,14235.0,549
2023-05-09 21:21:11,c2311-P-2480,c2311-P-2480,65.5,0.0,0.0,0.0,10,65.0,66.0,10,62.5,68.5,70.0,65.5,21.0,14235.0,549
2023-05-09 21:21:12,c2311-P-2480,c2311-P-2480,65.5,0.0,0.0,0.0,10,65.0,66.0,35,62.5,68.5,70.0,65.5,21.0,14235.0,549
2023-05-09 21:21:14,c2311-P-2480,c2311-P-2480,65.5,0.0,0.0,0.0,20,65.0,66.0,35,62.5,68.5,70.0,65.5,21.0,14235.0,549
2023-05-09 21:21:15,c2311-P-2480,c2311-P-2480,65.5,0.0,0.0,0.0,10,65.0,66.0,45,62.5,68.5,70.0,65.5,21.0,14235.0,549
2023-05-09 21:21:17,c2311-P-2480,c2311-P-2480,65.5,0.0,0.0,0.0,10,65.0,66.0,20,62.5,68.5,70.0,65.5,21.0,14235.0,549
2023-05-09 21:21:20,c2311-P-2480,c2311-P-2480,65.5,0.0,0.0,0.0,10,65.0,65.5,10,62.5,68.5,70.0,65.5,21.0,14235.0,549
2023-05-09 21:21:23,c2311-P-2480,c2311-P-2480,65.5,0.0,0.0,0.0,10,65.0,66.0,20,62.5,68.5,70.0,65.5,21.0,14235.0,549
2023-05-09 21:21:33,c2311-P-2480,c2311-P-2480,65.5,0.0,0.0,0.0,20,65.0,66.0,20,62.5,68.5,70.0,65.5,21.0,14235.0,549
2023-05-09 21:21:33,c2311-P-2480,c2311-P-2480,65.5,0.0,0.0,0.0,10,65.0,66.0,20,62.5,68.5,70.0,65.5,21.0,14235.0,549
2023-05-09 21:21:50,c2311-P-2480,c2311-P-2480,65.5,0.0,0.0,0.0,30,65.0,66.0,10,62.5,68.5,70.0,65.5,21.0,14235.0,549
2023-05-09 21:21:51,c2311-P-2480,c2311-P-2480,65.5,0.0,0.0,0.0,70,64.5,66.0,20,62.5,68.5,70.0,65.5,21.0,14235.0,549
2023-05-09 21:21:51,c2311-P-2480,c2311-P-2480,65.5,0.0,0.0,0.0,20,65.0,66.5,60,62.5,68.5,70.0,65.5,21.0,14235.0,549
2023-05-09 21:21:52,c2311-P-2480,c2311-P-2480,65.5,0.0,0.0,0.0,10,65.0,66.0,10,62.5,68.5,70.0,65.5,21.0,14235.0,549
2023-05-09 21:21:52,c2311-P-2480,c2311-P-2480,65.5,0.0,0.0,0.0,10,65.0,66.0,20,62.5,68.5,70.0,65.5,21.0,14235.0,549
2023-05-09 21:21:53,c2311-P-2480,c2311-P-2480,65.5,0.0,0.0,0.0,70,64.5,66.0,20,62.5,68.5,70.0,65.5,21.0,14235.0,549
2023-05-09 21:21:53,c2311-P-2480,c2311-P-2480,65.5,0.0,0.0,0.0,20,65.0,66.0,10,62.5,68.5,70.0,65.5,21.0,14235.0,549
2023-05-09 21:21:53,c2311-P-2480,c2311-P-2480,65.5,0.0,0.0,0.0,20,65.0,66.5,50,62.5,68.5,70.0,65.5,21.0,14235.0,549
2023-05-09 21:21:54,c2311-P-2480,c2311-P-2480,65.5,0.0,0.0,0.0,30,65.0,66.5,50,62.5,68.5,70.0,65.5,21.0,14235.0,549
2023-05-09 21:21:55,c2311-P-2480,c2311-P-2480,65.5,0.0,0.0,0.0,40,65.0,66.5,50,62.5,68.5,70.0,65.5,21.0,14235.0,549
2023-05-09 21:21:58,c2311-P-2480,c2311-P-2480,65.5,0.0,0.0,0.0,40,65.0,66.0,10,62.5,68.5,70.0,65.5,21.0,14235.0,549
2023-05-09 21:21:59,c2311-P-2480,c2311-P-2480,65.5,0.0,0.0,0.0,40,65.0,66.5,50,62.5,68.5,70.0,65.5,21.0,14235.0,549
2023-05-09 21:22:00,c2311-P-2480,c2311-P-2480,65.5,0.0,0.0,0.0,40,65.0,66.0,10,62.5,68.5,70.0,65.5,21.0,14235.0,549
2023-05-09 21:22:01,c2311-P-2480,c2311-P-2480,65.5,0.0,0.0,0.0,40,65.0,66.5,50,62.5,68.5,70.0,65.5,21.0,14235.0,549
2023-05-09 21:22:18,c2311-P-2480,c2311-P-2480,65.5,0.0,0.0,0.0,40,65.0,66.5,40,62.5,68.5,70.0,65.5,21.0,14235.0,549
2023-05-09 21:22:18,c2311-P-2480,c2311-P-2480,65.5,0.0,0.0,0.0,60,65.0,66.5,20,62.5,68.5,70.0,65.5,21.0,14235.0,549
2023-05-09 21:22:19,c2311-P-2480,c2311-P-2480,65.5,0.0,0.0,0.0,70,65.0,66.5,20,62.5,68.5,70.0,65.5,21.0,14235.0,549
2023-05-09 21:22:21,c2311-P-2480,c2311-P-2480,65.5,0.0,0.0,0.0,30,65.5,66.5,10,62.5,68.5,70.0,65.5,21.0,14235.0,549
2023-05-09 21:22:23,c2311-P-2480,c2311-P-2480,65.5,0.0,0.0,0.0,30,65.5,67.0,40,62.5,68.5,70.0,65.5,21.0,14235.0,549
2023-05-09 21:22:26,c2311-P-2480,c2311-P-2480,65.5,0.0,0.0,0.0,50,65.5,67.0,20,62.5,68.5,70.0,65.5,21.0,14235.0,549
2023-05-09 21:22:26,c2311-P-2480,c2311-P-2480,65.5,0.0,0.0,0.0,40,65.5,67.0,30,62.5,68.5,70.0,65.5,21.0,14235.0,549
2023-05-09 21:22:26,c2311-P-2480,c2311-P-2480,65.5,0.0,0.0,0.0,40,65.5,67.0,40,62.5,68.5,70.0,65.5,21.0,14235.0,549
2023-05-09 21:22:29,c2311-P-2480,c2311-P-2480,65.5,0.0,0.0,0.0,50,65.5,67.0,30,62.5,68.5,70.0,65.5,21.0,14235.0,549
2023-05-09 21:22:30,c2311-P-2480,c2311-P-2480,65.5,0.0,0.0,0.0,40,65.5,67.0,30,62.5,68.5,70.0,65.5,21.0,14235.0,549
2023-05-09 21:22:35,c2311-P-2480,c2311-P-2480,65.5,0.0,0.0,0.0,50,65.5,67.0,20,62.5,68.5,70.0,65.5,21.0,14235.0,549
2023-05-09 21:23:12,c2311-P-2480,c2311-P-2480,65.5,0.0,0.0,0.0,50,65.5,66.5,10,62.5,68.5,70.0,65.5,21.0,14235.0,549
2023-05-09 21:23:19,c2311-P-2480,c2311-P-2480,65.5,0.0,0.0,0.0,50,65.5,67.0,20,62.5,68.5,70.0,65.5,21.0,14235.0,549
2023-05-09 21:23:56,c2311-P-2480,c2311-P-2480,65.5,0.0,0.0,0.0,10,65.5,66.5,10,62.5,68.5,70.0,65.5,21.0,14235.0,549
2023-05-09 21:23:56,c2311-P-2480,c2311-P-2480,65.5,0.0,0.0,0.0,20,65.5,66.5,10,62.5,68.5,70.0,65.5,21.0,14235.0,549
2023-05-09 21:23:56,c2311-P-2480,c2311-P-2480,65.5,0.0,0.0,0.0,10,65.5,66.5,20,62.5,68.5,70.0,65.5,21.0,14235.0,549
2023-05-09 21:23:57,c2311-P-2480,c2311-P-2480,65.5,0.0,0.0,0.0,20,65.5,66.5,10,62.5,68.5,70.0,65.5,21.0,14235.0,549
2023-05-09 21:24:00,c2311-P-2480,c2311-P-2480,65.5,0.0,0.0,0.0,10,65.5,66.5,20,62.5,68.5,70.0,65.5,21.0,14235.0,549
2023-05-09 21:24:01,c2311-P-2480,c2311-P-2480,65.5,0.0,0.0,0.0,30,65.5,66.5,10,62.5,68.5,70.0,65.5,21.0,14235.0,549
2023-05-09 21:24:01,c2311-P-2480,c2311-P-2480,65.5,0.0,0.0,0.0,20,65.5,66.5,10,62.5,68.5,70.0,65.5,21.0,14235.0,549
2023-05-09 21:24:06,c2311-P-2480,c2311-P-2480,65.5,0.0,0.0,0.0,10,65.5,66.5,20,62.5,68.5,70.0,65.5,21.0,14235.0,549
2023-05-09 21:24:22,c2311-P-2480,c2311-P-2480,65.5,10.0,6550.0,10.0,30,65.0,66.0,3,62.5,68.5,70.0,65.5,31.0,20785.0,559
2023-05-09 21:24:23,c2311-P-2480,c2311-P-2480,65.5,0.0,0.0,0.0,83,64.5,66.0,13,62.5,68.5,70.0,65.5,31.0,20785.0,559
2023-05-09 21:24:23,c2311-P-2480,c2311-P-2480,65.5,0.0,0.0,0.0,10,65.0,66.0,13,62.5,68.5,70.0,65.5,31.0,20785.0,559
2023-05-09 21:24:30,c2311-P-2480,c2311-P-2480,65.5,0.0,0.0,0.0,20,65.0,66.0,13,62.5,68.5,70.0,65.5,31.0,20785.0,559
2023-05-09 21:24:32,c2311-P-2480,c2311-P-2480,65.5,0.0,0.0,0.0,10,65.0,66.0,13,62.5,68.5,70.0,65.5,31.0,20785.0,559
2023-05-09 21:25:08,c2311-P-2480,c2311-P-2480,65.5,0.0,0.0,0.0,40,65.0,66.5,53,62.5,68.5,70.0,65.5,31.0,20785.0,559
2023-05-09 21:25:08,c2311-P-2480,c2311-P-2480,65.5,0.0,0.0,0.0,60,65.0,66.5,43,62.5,68.5,70.0,65.5,31.0,20785.0,559
2023-05-09 21:25:09,c2311-P-2480,c2311-P-2480,65.5,0.0,0.0,0.0,40,65.0,66.5,43,62.5,68.5,70.0,65.5,31.0,20785.0,559
2023-05-09 21:25:10,c2311-P-2480,c2311-P-2480,65.5,0.0,0.0,0.0,10,65.0,66.5,53,62.5,68.5,70.0,65.5,31.0,20785.0,559
2023-05-09 21:25:11,c2311-P-2480,c2311-P-2480,65.5,0.0,0.0,0.0,10,65.0,66.0,10,62.5,68.5,70.0,65.5,31.0,20785.0,559
2023-05-09 21:25:12,c2311-P-2480,c2311-P-2480,65.5,0.0,0.0,0.0,10,65.0,66.5,73,62.5,68.5,70.0,65.5,31.0,20785.0,559
2023-05-09 21:25:19,c2311-P-2480,c2311-P-2480,65.5,0.0,0.0,0.0,10,65.0,66.5,63,62.5,68.5,70.0,65.5,31.0,20785.0,559
2023-05-09 21:25:20,c2311-P-2480,c2311-P-2480,65.5,0.0,0.0,0.0,40,65.0,66.0,10,62.5,68.5,70.0,65.5,31.0,20785.0,559
2023-05-09 21:25:20,c2311-P-2480,c2311-P-2480,65.5,0.0,0.0,0.0,50,65.0,66.0,10,62.5,68.5,70.0,65.5,31.0,20785.0,559
2023-05-09 21:25:21,c2311-P-2480,c2311-P-2480,65.5,0.0,0.0,0.0,60,65.0,66.0,10,62.5,68.5,70.0,65.5,31.0,20785.0,559
2023-05-09 21:25:21,c2311-P-2480,c2311-P-2480,65.5,0.0,0.0,0.0,60,65.0,66.5,33,62.5,68.5,70.0,65.5,31.0,20785.0,559
2023-05-09 21:25:23,c2311-P-2480,c2311-P-2480,65.5,0.0,0.0,0.0,10,65.5,66.5,23,62.5,68.5,70.0,65.5,31.0,20785.0,559
2023-05-09 21:25:24,c2311-P-2480,c2311-P-2480,65.5,0.0,0.0,0.0,60,65.0,66.5,33,62.5,68.5,70.0,65.5,31.0,20785.0,559
2023-05-09 21:25:29,c2311-P-2480,c2311-P-2480,65.5,0.0,0.0,0.0,70,65.0,66.5,33,62.5,68.5,70.0,65.5,31.0,20785.0,559
2023-05-09 21:25:44,c2311-P-2480,c2311-P-2480,65.5,0.0,0.0,0.0,70,65.0,66.5,23,62.5,68.5,70.0,65.5,31.0,20785.0,559
2023-05-09 21:25:44,c2311-P-2480,c2311-P-2480,65.5,0.0,0.0,0.0,70,65.0,66.5,13,62.5,68.5,70.0,65.5,31.0,20785.0,559
2023-05-09 21:25:54,c2311-P-2480,c2311-P-2480,65.5,0.0,0.0,0.0,70,65.0,66.5,3,62.5,68.5,70.0,65.5,31.0,20785.0,559
2023-05-09 21:25:55,c2311-P-2480,c2311-P-2480,65.5,0.0,0.0,0.0,70,65.0,66.5,13,62.5,68.5,70.0,65.5,31.0,20785.0,559
2023-05-09 21:26:02,c2311-P-2480,c2311-P-2480,65.5,0.0,0.0,0.0,10,65.5,66.5,13,62.5,68.5,70.0,65.5,31.0,20785.0,559
2023-05-09 21:26:03,c2311-P-2480,c2311-P-2480,65.5,0.0,0.0,0.0,70,65.0,66.5,13,62.5,68.5,70.0,65.5,31.0,20785.0,559
2023-05-09 21:26:09,c2311-P-2480,c2311-P-2480,65.5,0.0,0.0,0.0,10,65.5,66.5,13,62.5,68.5,70.0,65.5,31.0,20785.0,559
2023-05-09 21:26:10,c2311-P-2480,c2311-P-2480,65.5,0.0,0.0,0.0,10,65.5,66.5,3,62.5,68.5,70.0,65.5,31.0,20785.0,559
2023-05-09 21:26:11,c2311-P-2480,c2311-P-2480,65.5,0.0,0.0,0.0,20,65.5,66.5,3,62.5,68.5,70.0,65.5,31.0,20785.0,559
2023-05-09 21:26:12,c2311-P-2480,c2311-P-2480,65.5,0.0,0.0,0.0,30,65.5,66.5,13,62.5,68.5,70.0,65.5,31.0,20785.0,559
2023-05-09 21:26:14,c2311-P-2480,c2311-P-2480,65.5,0.0,0.0,0.0,40,65.5,66.5,3,62.5,68.5,70.0,65.5,31.0,20785.0,559
2023-05-09 21:26:16,c2311-P-2480,c2311-P-2480,65.5,0.0,0.0,0.0,40,65.5,66.5,13,62.5,68.5,70.0,65.5,31.0,20785.0,559
2023-05-09 21:26:18,c2311-P-2480,c2311-P-2480,65.5,0.0,0.0,0.0,30,65.5,66.5,13,62.5,68.5,70.0,65.5,31.0,20785.0,559
2023-05-09 21:26:18,c2311-P-2480,c2311-P-2480,65.5,0.0,0.0,0.0,40,65.5,66.5,13,62.5,68.5,70.0,65.5,31.0,20785.0,559
2023-05-09 21:26:21,c2311-P-2480,c2311-P-2480,65.5,0.0,0.0,0.0,40,65.5,66.5,3,62.5,68.5,70.0,65.5,31.0,20785.0,559
2023-05-09 21:26:22,c2311-P-2480,c2311-P-2480,65.5,0.0,0.0,0.0,50,65.5,66.5,3,62.5,68.5,70.0,65.5,31.0,20785.0,559
2023-05-09 21:26:27,c2311-P-2480,c2311-P-2480,65.5,0.0,0.0,0.0,30,65.5,66.5,13,62.5,68.5,70.0,65.5,31.0,20785.0,559
2023-05-09 21:26:28,c2311-P-2480,c2311-P-2480,65.5,0.0,0.0,0.0,20,65.5,66.5,13,62.5,68.5,70.0,65.5,31.0,20785.0,559
2023-05-09 21:26:29,c2311-P-2480,c2311-P-2480,65.5,0.0,0.0,0.0,10,65.5,66.5,13,62.5,68.5,70.0,65.5,31.0,20785.0,559
2023-05-09 21:26:33,c2311-P-2480,c2311-P-2480,65.5,0.0,0.0,0.0,70,65.0,66.5,23,62.5,68.5,70.0,65.5,31.0,20785.0,559
2023-05-09 21:26:34,c2311-P-2480,c2311-P-2480,65.5,0.0,0.0,0.0,10,65.5,66.5,13,62.5,68.5,70.0,65.5,31.0,20785.0,559
2023-05-09 21:26:37,c2311-P-2480,c2311-P-2480,65.5,0.0,0.0,0.0,70,65.0,66.5,23,62.5,68.5,70.0,65.5,31.0,20785.0,559
2023-05-09 21:26:44,c2311-P-2480,c2311-P-2480,65.5,0.0,0.0,0.0,20,65.5,66.5,23,62.5,68.5,70.0,65.5,31.0,20785.0,559
2023-05-09 21:26:44,c2311-P-2480,c2311-P-2480,65.5,0.0,0.0,0.0,30,65.5,66.5,13,62.5,68.5,70.0,65.5,31.0,20785.0,559
2023-05-09 21:26:46,c2311-P-2480,c2311-P-2480,65.5,0.0,0.0,0.0,30,65.5,66.5,10,62.5,68.5,70.0,65.5,31.0,20785.0,559
2023-05-09 21:26:46,c2311-P-2480,c2311-P-2480,65.5,0.0,0.0,0.0,40,65.5,67.0,40,62.5,68.5,70.0,65.5,31.0,20785.0,559
2023-05-09 21:26:47,c2311-P-2480,c2311-P-2480,65.5,0.0,0.0,0.0,50,65.5,67.0,40,62.5,68.5,70.0,65.5,31.0,20785.0,559
2023-05-09 21:26:47,c2311-P-2480,c2311-P-2480,65.5,0.0,0.0,0.0,50,65.5,66.5,10,62.5,68.5,70.0,65.5,31.0,20785.0,559
2023-05-09 21:26:51,c2311-P-2480,c2311-P-2480,65.5,0.0,0.0,0.0,50,65.5,67.0,40,62.5,68.5,70.0,65.5,31.0,20785.0,559
2023-05-09 21:26:52,c2311-P-2480,c2311-P-2480,65.5,0.0,0.0,0.0,60,65.5,67.0,20,62.5,68.5,70.0,65.5,31.0,20785.0,559
2023-05-09 21:26:52,c2311-P-2480,c2311-P-2480,65.5,0.0,0.0,0.0,60,65.5,67.0,30,62.5,68.5,70.0,65.5,31.0,20785.0,559
2023-05-09 21:26:55,c2311-P-2480,c2311-P-2480,65.5,0.0,0.0,0.0,60,65.5,66.5,10,62.5,68.5,70.0,65.5,31.0,20785.0,559
2023-05-09 21:26:56,c2311-P-2480,c2311-P-2480,65.5,0.0,0.0,0.0,60,65.5,67.0,20,62.5,68.5,70.0,65.5,31.0,20785.0,559
2023-05-09 21:26:59,c2311-P-2480,c2311-P-2480,65.5,0.0,0.0,0.0,60,65.5,67.0,10,62.5,68.5,70.0,65.5,31.0,20785.0,559
2023-05-09 21:27:00,c2311-P-2480,c2311-P-2480,65.5,0.0,0.0,0.0,60,65.5,67.0,20,62.5,68.5,70.0,65.5,31.0,20785.0,559
2023-05-09 21:27:00,c2311-P-2480,c2311-P-2480,65.5,0.0,0.0,0.0,60,65.5,67.0,10,62.5,68.5,70.0,65.5,31.0,20785.0,559
2023-05-09 21:27:08,c2311-P-2480,c2311-P-2480,65.5,0.0,0.0,0.0,70,65.5,67.0,10,62.5,68.5,70.0,65.5,31.0,20785.0,559
2023-05-09 21:27:15,c2311-P-2480,c2311-P-2480,65.5,0.0,0.0,0.0,20,66.0,67.0,10,62.5,68.5,70.0,65.5,31.0,20785.0,559
2023-05-09 21:27:15,c2311-P-2480,c2311-P-2480,65.5,0.0,0.0,0.0,30,66.0,67.0,10,62.5,68.5,70.0,65.5,31.0,20785.0,559
2023-05-09 21:27:30,c2311-P-2480,c2311-P-2480,65.5,0.0,0.0,0.0,40,66.0,67.0,10,62.5,68.5,70.0,65.5,31.0,20785.0,559
2023-05-09 21:27:35,c2311-P-2480,c2311-P-2480,65.5,0.0,0.0,0.0,50,66.0,67.0,10,62.5,68.5,70.0,65.5,31.0,20785.0,559
2023-05-09 21:27:35,c2311-P-2480,c2311-P-2480,65.5,0.0,0.0,0.0,30,66.0,67.0,10,62.5,68.5,70.0,65.5,31.0,20785.0,559
2023-05-09 21:27:36,c2311-P-2480,c2311-P-2480,65.5,0.0,0.0,0.0,10,66.5,67.5,10,62.5,68.5,70.0,65.5,31.0,20785.0,559
2023-05-09 21:27:36,c2311-P-2480,c2311-P-2480,65.5,0.0,0.0,0.0,60,66.0,67.5,10,62.5,68.5,70.0,65.5,31.0,20785.0,559
2023-05-09 21:27:38,c2311-P-2480,c2311-P-2480,65.5,0.0,0.0,0.0,60,66.0,67.5,20,62.5,68.5,70.0,65.5,31.0,20785.0,559
2023-05-09 21:27:38,c2311-P-2480,c2311-P-2480,65.5,0.0,0.0,0.0,50,66.0,67.5,30,62.5,68.5,70.0,65.5,31.0,20785.0,559
2023-05-09 21:27:38,c2311-P-2480,c2311-P-2480,65.5,0.0,0.0,0.0,60,66.0,67.5,20,62.5,68.5,70.0,65.5,31.0,20785.0,559
2023-05-09 21:27:39,c2311-P-2480,c2311-P-2480,65.5,0.0,0.0,0.0,50,66.0,67.5,30,62.5,68.5,70.0,65.5,31.0,20785.0,559
2023-05-09 21:27:40,c2311-P-2480,c2311-P-2480,65.5,0.0,0.0,0.0,60,66.0,67.5,10,62.5,68.5,70.0,65.5,31.0,20785.0,559
2023-05-09 21:27:52,c2311-P-2480,c2311-P-2480,65.5,0.0,0.0,0.0,20,66.5,67.5,10,62.5,68.5,70.0,65.5,31.0,20785.0,559
2023-05-09 21:27:53,c2311-P-2480,c2311-P-2480,65.5,0.0,0.0,0.0,20,66.5,68.0,50,62.5,68.5,70.0,65.5,31.0,20785.0,559
2023-05-09 21:27:55,c2311-P-2480,c2311-P-2480,65.5,0.0,0.0,0.0,30,66.5,68.0,50,62.5,68.5,70.0,65.5,31.0,20785.0,559
2023-05-09 21:27:56,c2311-P-2480,c2311-P-2480,65.5,0.0,0.0,0.0,40,66.5,68.0,40,62.5,68.5,70.0,65.5,31.0,20785.0,559
2023-05-09 21:28:00,c2311-P-2480,c2311-P-2480,65.5,0.0,0.0,0.0,40,66.5,68.0,30,62.5,68.5,70.0,65.5,31.0,20785.0,559
2023-05-09 21:28:03,c2311-P-2480,c2311-P-2480,65.5,0.0,0.0,0.0,30,66.5,68.0,40,62.5,68.5,70.0,65.5,31.0,20785.0,559
2023-05-09 21:28:03,c2311-P-2480,c2311-P-2480,65.5,0.0,0.0,0.0,30,66.5,68.0,50,62.5,68.5,70.0,65.5,31.0,20785.0,559
2023-05-09 21:28:04,c2311-P-2480,c2311-P-2480,65.5,0.0,0.0,0.0,50,66.5,68.0,30,62.5,68.5,70.0,65.5,31.0,20785.0,559
2023-05-09 21:28:04,c2311-P-2480,c2311-P-2480,65.5,0.0,0.0,0.0,60,66.5,68.0,20,62.5,68.5,70.0,65.5,31.0,20785.0,559
2023-05-09 21:28:05,c2311-P-2480,c2311-P-2480,65.5,0.0,0.0,0.0,50,66.5,68.0,30,62.5,68.5,70.0,65.5,31.0,20785.0,559
2023-05-09 21:28:06,c2311-P-2480,c2311-P-2480,65.5,0.0,0.0,0.0,60,66.5,68.0,20,62.5,68.5,70.0,65.5,31.0,20785.0,559
2023-05-09 21:28:17,c2311-P-2480,c2311-P-2480,65.5,0.0,0.0,0.0,60,66.5,68.0,10,62.5,68.5,70.0,65.5,31.0,20785.0,559
2023-05-09 21:28:19,c2311-P-2480,c2311-P-2480,65.5,0.0,0.0,0.0,60,66.5,68.0,20,62.5,68.5,70.0,65.5,31.0,20785.0,559
2023-05-09 21:28:26,c2311-P-2480,c2311-P-2480,65.5,0.0,0.0,0.0,60,66.5,68.0,10,62.5,68.5,70.0,65.5,31.0,20785.0,559
2023-05-09 21:28:27,c2311-P-2480,c2311-P-2480,65.5,0.0,0.0,0.0,60,66.5,68.0,20,62.5,68.5,70.0,65.5,31.0,20785.0,559
2023-05-09 21:28:29,c2311-P-2480,c2311-P-2480,65.5,0.0,0.0,0.0,60,66.5,68.0,10,62.5,68.5,70.0,65.5,31.0,20785.0,559
2023-05-09 21:28:30,c2311-P-2480,c2311-P-2480,65.5,0.0,0.0,0.0,60,66.5,68.5,50,62.5,68.5,70.0,65.5,31.0,20785.0,559
2023-05-09 21:28:31,c2311-P-2480,c2311-P-2480,65.5,0.0,0.0,0.0,60,66.5,68.5,60,62.5,68.5,70.0,65.5,31.0,20785.0,559
2023-05-09 21:28:39,c2311-P-2480,c2311-P-2480,65.5,0.0,0.0,0.0,60,66.5,68.5,50,62.5,68.5,70.0,65.5,31.0,20785.0,559
2023-05-09 21:28:44,c2311-P-2480,c2311-P-2480,65.5,0.0,0.0,0.0,60,66.5,68.5,60,62.5,68.5,70.0,65.5,31.0,20785.0,559
2023-05-09 21:28:47,c2311-P-2480,c2311-P-2480,65.5,0.0,0.0,0.0,60,66.5,68.5,50,62.5,68.5,70.0,65.5,31.0,20785.0,559
2023-05-09 21:28:48,c2311-P-2480,c2311-P-2480,65.5,0.0,0.0,0.0,10,67.0,68.5,50,62.5,68.5,70.0,65.5,31.0,20785.0,559
2023-05-09 21:28:49,c2311-P-2480,c2311-P-2480,65.5,0.0,0.0,0.0,40,67.0,68.5,30,62.5,68.5,70.0,65.5,31.0,20785.0,559
2023-05-09 21:28:49,c2311-P-2480,c2311-P-2480,65.5,0.0,0.0,0.0,50,67.0,68.5,30,62.5,68.5,70.0,65.5,31.0,20785.0,559
2023-05-09 21:28:52,c2311-P-2480,c2311-P-2480,65.5,0.0,0.0,0.0,30,67.0,68.5,40,62.5,68.5,70.0,65.5,31.0,20785.0,559
2023-05-09 21:28:52,c2311-P-2480,c2311-P-2480,65.5,0.0,0.0,0.0,30,67.0,68.5,50,62.5,68.5,70.0,65.5,31.0,20785.0,559
2023-05-09 21:28:53,c2311-P-2480,c2311-P-2480,65.5,0.0,0.0,0.0,30,67.0,68.5,40,62.5,68.5,70.0,65.5,31.0,20785.0,559
2023-05-09 21:28:53,c2311-P-2480,c2311-P-2480,65.5,0.0,0.0,0.0,20,67.0,68.5,40,62.5,68.5,70.0,65.5,31.0,20785.0,559
2023-05-09 21:28:54,c2311-P-2480,c2311-P-2480,65.5,0.0,0.0,0.0,10,67.0,68.5,50,62.5,68.5,70.0,65.5,31.0,20785.0,559
2023-05-09 21:28:54,c2311-P-2480,c2311-P-2480,65.5,0.0,0.0,0.0,60,66.5,68.5,60,62.5,68.5,70.0,65.5,31.0,20785.0,559
2023-05-09 21:28:55,c2311-P-2480,c2311-P-2480,65.5,0.0,0.0,0.0,10,67.0,68.5,50,62.5,68.5,70.0,65.5,31.0,20785.0,559
2023-05-09 21:28:56,c2311-P-2480,c2311-P-2480,65.5,0.0,0.0,0.0,60,66.5,68.5,50,62.5,68.5,70.0,65.5,31.0,20785.0,559
2023-05-09 21:28:57,c2311-P-2480,c2311-P-2480,65.5,0.0,0.0,0.0,10,67.0,68.5,50,62.5,68.5,70.0,65.5,31.0,20785.0,559
2023-05-09 21:28:58,c2311-P-2480,c2311-P-2480,65.5,0.0,0.0,0.0,40,67.0,68.5,30,62.5,68.5,70.0,65.5,31.0,20785.0,559
2023-05-09 21:28:58,c2311-P-2480,c2311-P-2480,65.5,0.0,0.0,0.0,20,67.0,68.5,40,62.5,68.5,70.0,65.5,31.0,20785.0,559
2023-05-09 21:29:00,c2311-P-2480,c2311-P-2480,65.5,0.0,0.0,0.0,60,66.5,68.5,50,62.5,68.5,70.0,65.5,31.0,20785.0,559
2023-05-09 21:29:03,c2311-P-2480,c2311-P-2480,65.5,0.0,0.0,0.0,10,67.0,68.5,50,62.5,68.5,70.0,65.5,31.0,20785.0,559
2023-05-09 21:29:03,c2311-P-2480,c2311-P-2480,65.5,0.0,0.0,0.0,20,67.0,68.5,50,62.5,68.5,70.0,65.5,31.0,20785.0,559
2023-05-09 21:29:06,c2311-P-2480,c2311-P-2480,65.5,0.0,0.0,0.0,30,67.0,68.5,50,62.5,68.5,70.0,65.5,31.0,20785.0,559
2023-05-09 21:29:07,c2311-P-2480,c2311-P-2480,65.5,0.0,0.0,0.0,30,67.0,68.5,40,62.5,68.5,70.0,65.5,31.0,20785.0,559
2023-05-09 21:29:08,c2311-P-2480,c2311-P-2480,65.5,0.0,0.0,0.0,40,67.0,68.5,30,62.5,68.5,70.0,65.5,31.0,20785.0,559
2023-05-09 21:29:08,c2311-P-2480,c2311-P-2480,65.5,0.0,0.0,0.0,50,67.0,68.5,20,62.5,68.5,70.0,65.5,31.0,20785.0,559
2023-05-09 21:29:09,c2311-P-2480,c2311-P-2480,65.5,0.0,0.0,0.0,20,67.0,68.5,40,62.5,68.5,70.0,65.5,31.0,20785.0,559
2023-05-09 21:29:10,c2311-P-2480,c2311-P-2480,65.5,0.0,0.0,0.0,40,67.0,68.5,30,62.5,68.5,70.0,65.5,31.0,20785.0,559
2023-05-09 21:29:11,c2311-P-2480,c2311-P-2480,65.5,0.0,0.0,0.0,30,67.0,68.5,30,62.5,68.5,70.0,65.5,31.0,20785.0,559
2023-05-09 21:29:11,c2311-P-2480,c2311-P-2480,65.5,0.0,0.0,0.0,20,67.0,68.5,40,62.5,68.5,70.0,65.5,31.0,20785.0,559
2023-05-09 21:29:12,c2311-P-2480,c2311-P-2480,65.5,0.0,0.0,0.0,30,67.0,68.5,40,62.5,68.5,70.0,65.5,31.0,20785.0,559
2023-05-09 21:29:16,c2311-P-2480,c2311-P-2480,65.5,0.0,0.0,0.0,40,67.0,68.5,30,62.5,68.5,70.0,65.5,31.0,20785.0,559
2023-05-09 21:29:16,c2311-P-2480,c2311-P-2480,65.5,0.0,0.0,0.0,50,67.0,68.5,20,62.5,68.5,70.0,65.5,31.0,20785.0,559
2023-05-09 21:29:18,c2311-P-2480,c2311-P-2480,65.5,0.0,0.0,0.0,40,67.0,68.5,30,62.5,68.5,70.0,65.5,31.0,20785.0,559
2023-05-09 21:29:18,c2311-P-2480,c2311-P-2480,65.5,0.0,0.0,0.0,50,67.0,68.5,20,62.5,68.5,70.0,65.5,31.0,20785.0,559
2023-05-09 21:29:20,c2311-P-2480,c2311-P-2480,65.5,0.0,0.0,0.0,40,67.0,68.5,30,62.5,68.5,70.0,65.5,31.0,20785.0,559
2023-05-09 21:29:22,c2311-P-2480,c2311-P-2480,65.5,0.0,0.0,0.0,40,67.0,68.0,10,62.5,68.5,70.0,65.5,31.0,20785.0,559
2023-05-09 21:29:24,c2311-P-2480,c2311-P-2480,65.5,0.0,0.0,0.0,30,67.0,68.0,10,62.5,68.5,70.0,65.5,31.0,20785.0,559
2023-05-09 21:29:27,c2311-P-2480,c2311-P-2480,65.5,0.0,0.0,0.0,20,67.0,68.0,10,62.5,68.5,70.0,65.5,31.0,20785.0,559
2023-05-09 21:29:27,c2311-P-2480,c2311-P-2480,65.5,0.0,0.0,0.0,30,67.0,68.0,10,62.5,68.5,70.0,65.5,31.0,20785.0,559
2023-05-09 21:29:28,c2311-P-2480,c2311-P-2480,65.5,0.0,0.0,0.0,20,67.0,68.0,10,62.5,68.5,70.0,65.5,31.0,20785.0,559
2023-05-09 21:29:30,c2311-P-2480,c2311-P-2480,65.5,0.0,0.0,0.0,30,67.0,68.5,40,62.5,68.5,70.0,65.5,31.0,20785.0,559
2023-05-09 21:29:31,c2311-P-2480,c2311-P-2480,65.5,0.0,0.0,0.0,20,67.0,68.0,10,62.5,68.5,70.0,65.5,31.0,20785.0,559
2023-05-09 21:29:31,c2311-P-2480,c2311-P-2480,65.5,0.0,0.0,0.0,50,67.0,68.0,10,62.5,68.5,70.0,65.5,31.0,20785.0,559
2023-05-09 21:29:32,c2311-P-2480,c2311-P-2480,65.5,0.0,0.0,0.0,50,67.0,68.5,30,62.5,68.5,70.0,65.5,31.0,20785.0,559
2023-05-09 21:29:37,c2311-P-2480,c2311-P-2480,65.5,0.0,0.0,0.0,40,67.0,68.5,30,62.5,68.5,70.0,65.5,31.0,20785.0,559
2023-05-09 21:29:38,c2311-P-2480,c2311-P-2480,65.5,0.0,0.0,0.0,40,67.0,68.5,40,62.5,68.5,70.0,65.5,31.0,20785.0,559
2023-05-09 21:29:42,c2311-P-2480,c2311-P-2480,65.5,0.0,0.0,0.0,40,67.0,68.5,30,62.5,68.5,70.0,65.5,31.0,20785.0,559
2023-05-09 21:29:44,c2311-P-2480,c2311-P-2480,65.5,0.0,0.0,0.0,40,67.0,68.5,40,62.5,68.5,70.0,65.5,31.0,20785.0,559
2023-05-09 21:29:45,c2311-P-2480,c2311-P-2480,65.5,0.0,0.0,0.0,40,67.0,68.5,20,62.5,68.5,70.0,65.5,31.0,20785.0,559
2023-05-09 21:29:46,c2311-P-2480,c2311-P-2480,65.5,0.0,0.0,0.0,30,67.0,68.5,20,62.5,68.5,70.0,65.5,31.0,20785.0,559
2023-05-09 21:29:47,c2311-P-2480,c2311-P-2480,65.5,0.0,0.0,0.0,50,67.0,68.5,20,62.5,68.5,70.0,65.5,31.0,20785.0,559
2023-05-09 21:29:48,c2311-P-2480,c2311-P-2480,65.5,0.0,0.0,0.0,60,67.0,68.5,20,62.5,68.5,70.0,65.5,31.0,20785.0,559
2023-05-09 21:29:49,c2311-P-2480,c2311-P-2480,65.5,0.0,0.0,0.0,50,67.0,68.5,20,62.5,68.5,70.0,65.5,31.0,20785.0,559
2023-05-09 21:29:49,c2311-P-2480,c2311-P-2480,65.5,0.0,0.0,0.0,40,67.0,68.5,20,62.5,68.5,70.0,65.5,31.0,20785.0,559
2023-05-09 21:29:50,c2311-P-2480,c2311-P-2480,65.5,0.0,0.0,0.0,30,67.0,68.5,30,62.5,68.5,70.0,65.5,31.0,20785.0,559
2023-05-09 21:29:51,c2311-P-2480,c2311-P-2480,65.5,0.0,0.0,0.0,20,67.0,68.5,40,62.5,68.5,70.0,65.5,31.0,20785.0,559
2023-05-09 21:29:51,c2311-P-2480,c2311-P-2480,65.5,0.0,0.0,0.0,20,67.0,68.5,50,62.5,68.5,70.0,65.5,31.0,20785.0,559
2023-05-09 21:29:51,c2311-P-2480,c2311-P-2480,65.5,0.0,0.0,0.0,20,67.0,68.0,10,62.5,68.5,70.0,65.5,31.0,20785.0,559
2023-05-09 21:29:52,c2311-P-2480,c2311-P-2480,65.5,0.0,0.0,0.0,20,67.0,68.5,50,62.5,68.5,70.0,65.5,31.0,20785.0,559
2023-05-09 21:29:54,c2311-P-2480,c2311-P-2480,65.5,0.0,0.0,0.0,20,67.0,68.5,40,62.5,68.5,70.0,65.5,31.0,20785.0,559
2023-05-09 21:29:59,c2311-P-2480,c2311-P-2480,65.5,0.0,0.0,0.0,20,67.0,68.5,50,62.5,68.5,70.0,65.5,31.0,20785.0,559
2023-05-09 21:30:00,c2311-P-2480,c2311-P-2480,65.5,0.0,0.0,0.0,30,67.0,68.5,40,62.5,68.5,70.0,65.5,31.0,20785.0,559
2023-05-09 21:30:01,c2311-P-2480,c2311-P-2480,65.5,0.0,0.0,0.0,50,67.0,68.5,30,62.5,68.5,70.0,65.5,31.0,20785.0,559
2023-05-09 21:30:01,c2311-P-2480,c2311-P-2480,65.5,0.0,0.0,0.0,10,67.5,68.5,30,62.5,68.5,70.0,65.5,31.0,20785.0,559
2023-05-09 21:30:01,c2311-P-2480,c2311-P-2480,65.5,0.0,0.0,0.0,50,67.0,68.5,40,62.5,68.5,70.0,65.5,31.0,20785.0,559
2023-05-09 21:30:02,c2311-P-2480,c2311-P-2480,65.5,0.0,0.0,0.0,30,67.0,68.5,40,62.5,68.5,70.0,65.5,31.0,20785.0,559
2023-05-09 21:30:02,c2311-P-2480,c2311-P-2480,65.5,0.0,0.0,0.0,30,67.0,68.5,30,62.5,68.5,70.0,65.5,31.0,20785.0,559
2023-05-09 21:30:04,c2311-P-2480,c2311-P-2480,65.5,0.0,0.0,0.0,40,67.0,68.5,40,62.5,68.5,70.0,65.5,31.0,20785.0,559
2023-05-09 21:30:09,c2311-P-2480,c2311-P-2480,65.5,0.0,0.0,0.0,50,67.0,68.5,30,62.5,68.5,70.0,65.5,31.0,20785.0,559
2023-05-09 21:30:10,c2311-P-2480,c2311-P-2480,65.5,0.0,0.0,0.0,30,67.0,68.0,10,62.5,68.5,70.0,65.5,31.0,20785.0,559
2023-05-09 21:30:11,c2311-P-2480,c2311-P-2480,65.5,0.0,0.0,0.0,40,67.0,68.5,30,62.5,68.5,70.0,65.5,31.0,20785.0,559
2023-05-09 21:30:12,c2311-P-2480,c2311-P-2480,65.5,0.0,0.0,0.0,40,67.0,68.5,40,62.5,68.5,70.0,65.5,31.0,20785.0,559
2023-05-09 21:30:12,c2311-P-2480,c2311-P-2480,65.5,0.0,0.0,0.0,30,67.0,68.5,40,62.5,68.5,70.0,65.5,31.0,20785.0,559
2023-05-09 21:30:13,c2311-P-2480,c2311-P-2480,65.5,0.0,0.0,0.0,30,67.0,68.0,10,62.5,68.5,70.0,65.5,31.0,20785.0,559
2023-05-09 21:30:15,c2311-P-2480,c2311-P-2480,65.5,0.0,0.0,0.0,20,67.0,68.0,10,62.5,68.5,70.0,65.5,31.0,20785.0,559
2023-05-09 21:30:18,c2311-P-2480,c2311-P-2480,65.5,0.0,0.0,0.0,10,67.5,68.5,40,62.5,68.5,70.0,65.5,31.0,20785.0,559
2023-05-09 21:30:18,c2311-P-2480,c2311-P-2480,65.5,0.0,0.0,0.0,10,67.5,68.5,30,62.5,68.5,70.0,65.5,31.0,20785.0,559
2023-05-09 21:30:19,c2311-P-2480,c2311-P-2480,65.5,0.0,0.0,0.0,10,67.5,68.5,20,62.5,68.5,70.0,65.5,31.0,20785.0,559
2023-05-09 21:30:21,c2311-P-2480,c2311-P-2480,65.5,0.0,0.0,0.0,20,67.5,69.0,70,62.5,68.5,70.0,65.5,31.0,20785.0,559
2023-05-09 21:30:23,c2311-P-2480,c2311-P-2480,65.5,0.0,0.0,0.0,20,67.5,68.5,10,62.5,68.5,70.0,65.5,31.0,20785.0,559
2023-05-09 21:30:24,c2311-P-2480,c2311-P-2480,65.5,0.0,0.0,0.0,10,67.5,68.5,30,62.5,68.5,70.0,65.5,31.0,20785.0,559
2023-05-09 21:30:26,c2311-P-2480,c2311-P-2480,65.5,0.0,0.0,0.0,10,67.5,68.5,20,62.5,68.5,70.0,65.5,31.0,20785.0,559
2023-05-09 21:30:26,c2311-P-2480,c2311-P-2480,65.5,0.0,0.0,0.0,20,67.5,68.5,10,62.5,68.5,70.0,65.5,31.0,20785.0,559
2023-05-09 21:30:29,c2311-P-2480,c2311-P-2480,65.5,0.0,0.0,0.0,30,67.5,68.5,10,62.5,68.5,70.0,65.5,31.0,20785.0,559
2023-05-09 21:30:29,c2311-P-2480,c2311-P-2480,65.5,0.0,0.0,0.0,30,67.5,68.5,20,62.5,68.5,70.0,65.5,31.0,20785.0,559
2023-05-09 21:30:29,c2311-P-2480,c2311-P-2480,65.5,0.0,0.0,0.0,40,67.5,68.5,10,62.5,68.5,70.0,65.5,31.0,20785.0,559
2023-05-09 21:30:30,c2311-P-2480,c2311-P-2480,65.5,0.0,0.0,0.0,30,67.5,68.5,10,62.5,68.5,70.0,65.5,31.0,20785.0,559
2023-05-09 21:30:30,c2311-P-2480,c2311-P-2480,65.5,0.0,0.0,0.0,20,67.5,68.5,10,62.5,68.5,70.0,65.5,31.0,20785.0,559
2023-05-09 21:30:31,c2311-P-2480,c2311-P-2480,65.5,0.0,0.0,0.0,30,67.5,69.0,60,62.5,68.5,70.0,65.5,31.0,20785.0,559
2023-05-09 21:30:32,c2311-P-2480,c2311-P-2480,65.5,0.0,0.0,0.0,20,67.5,68.5,10,62.5,68.5,70.0,65.5,31.0,20785.0,559
2023-05-09 21:30:33,c2311-P-2480,c2311-P-2480,65.5,0.0,0.0,0.0,10,67.5,68.5,20,62.5,68.5,70.0,65.5,31.0,20785.0,559
2023-05-09 21:30:34,c2311-P-2480,c2311-P-2480,65.5,0.0,0.0,0.0,20,67.5,69.0,60,62.5,68.5,70.0,65.5,31.0,20785.0,559
2023-05-09 21:30:35,c2311-P-2480,c2311-P-2480,65.5,0.0,0.0,0.0,10,67.5,69.0,60,62.5,68.5,70.0,65.5,31.0,20785.0,559
2023-05-09 21:30:35,c2311-P-2480,c2311-P-2480,65.5,0.0,0.0,0.0,10,67.5,68.5,10,62.5,68.5,70.0,65.5,31.0,20785.0,559
2023-05-09 21:30:36,c2311-P-2480,c2311-P-2480,65.5,0.0,0.0,0.0,10,67.5,69.0,70,62.5,68.5,70.0,65.5,31.0,20785.0,559
2023-05-09 21:30:38,c2311-P-2480,c2311-P-2480,65.5,0.0,0.0,0.0,10,67.5,68.5,10,62.5,68.5,70.0,65.5,31.0,20785.0,559
2023-05-09 21:30:41,c2311-P-2480,c2311-P-2480,65.5,0.0,0.0,0.0,10,67.5,69.0,60,62.5,68.5,70.0,65.5,31.0,20785.0,559
2023-05-09 21:30:42,c2311-P-2480,c2311-P-2480,65.5,0.0,0.0,0.0,10,67.5,68.5,10,62.5,68.5,70.0,65.5,31.0,20785.0,559
2023-05-09 21:30:48,c2311-P-2480,c2311-P-2480,65.5,0.0,0.0,0.0,30,67.5,68.5,10,62.5,68.5,70.0,65.5,31.0,20785.0,559
2023-05-09 21:30:49,c2311-P-2480,c2311-P-2480,65.5,0.0,0.0,0.0,20,67.5,68.5,10,62.5,68.5,70.0,65.5,31.0,20785.0,559
2023-05-09 21:30:50,c2311-P-2480,c2311-P-2480,65.5,0.0,0.0,0.0,20,67.5,68.5,20,62.5,68.5,70.0,65.5,31.0,20785.0,559
2023-05-09 21:31:00,c2311-P-2480,c2311-P-2480,65.5,0.0,0.0,0.0,30,67.5,68.5,10,62.5,68.5,70.0,65.5,31.0,20785.0,559
2023-05-09 21:31:13,c2311-P-2480,c2311-P-2480,65.5,0.0,0.0,0.0,20,67.5,68.5,20,62.5,68.5,70.0,65.5,31.0,20785.0,559
2023-05-09 21:31:16,c2311-P-2480,c2311-P-2480,65.5,0.0,0.0,0.0,40,67.5,68.5,10,62.5,68.5,70.0,65.5,31.0,20785.0,559
2023-05-09 21:31:16,c2311-P-2480,c2311-P-2480,65.5,0.0,0.0,0.0,30,67.5,68.5,20,62.5,68.5,70.0,65.5,31.0,20785.0,559
2023-05-09 21:31:17,c2311-P-2480,c2311-P-2480,65.5,0.0,0.0,0.0,30,67.5,68.5,10,62.5,68.5,70.0,65.5,31.0,20785.0,559
2023-05-09 21:31:18,c2311-P-2480,c2311-P-2480,65.5,0.0,0.0,0.0,20,67.5,68.5,20,62.5,68.5,70.0,65.5,31.0,20785.0,559
2023-05-09 21:31:20,c2311-P-2480,c2311-P-2480,65.5,0.0,0.0,0.0,20,67.5,68.5,30,62.5,68.5,70.0,65.5,31.0,20785.0,559
2023-05-09 21:31:24,c2311-P-2480,c2311-P-2480,65.5,0.0,0.0,0.0,10,67.5,68.5,30,62.5,68.5,70.0,65.5,31.0,20785.0,559
2023-05-09 21:31:26,c2311-P-2480,c2311-P-2480,65.5,0.0,0.0,0.0,20,67.5,68.5,20,62.5,68.5,70.0,65.5,31.0,20785.0,559
2023-05-09 21:31:30,c2311-P-2480,c2311-P-2480,65.5,0.0,0.0,0.0,10,67.5,68.5,30,62.5,68.5,70.0,65.5,31.0,20785.0,559
2023-05-09 21:31:33,c2311-P-2480,c2311-P-2480,65.5,0.0,0.0,0.0,10,67.5,68.5,40,62.5,68.5,70.0,65.5,31.0,20785.0,559
2023-05-09 21:31:33,c2311-P-2480,c2311-P-2480,65.5,0.0,0.0,0.0,30,67.0,68.5,60,62.5,68.5,70.0,65.5,31.0,20785.0,559
2023-05-09 21:31:42,c2311-P-2480,c2311-P-2480,65.5,0.0,0.0,0.0,50,67.0,68.5,40,62.5,68.5,70.0,65.5,31.0,20785.0,559
2023-05-09 21:31:44,c2311-P-2480,c2311-P-2480,65.5,0.0,0.0,0.0,40,67.0,68.5,40,62.5,68.5,70.0,65.5,31.0,20785.0,559
2023-05-09 21:31:46,c2311-P-2480,c2311-P-2480,65.5,0.0,0.0,0.0,40,67.0,68.5,30,62.5,68.5,70.0,65.5,31.0,20785.0,559
2023-05-09 21:31:47,c2311-P-2480,c2311-P-2480,65.5,0.0,0.0,0.0,40,67.0,68.5,40,62.5,68.5,70.0,65.5,31.0,20785.0,559
2023-05-09 21:31:48,c2311-P-2480,c2311-P-2480,65.5,0.0,0.0,0.0,70,67.0,68.5,30,62.5,68.5,70.0,65.5,31.0,20785.0,559
2023-05-09 21:31:50,c2311-P-2480,c2311-P-2480,65.5,0.0,0.0,0.0,60,67.0,68.5,30,62.5,68.5,70.0,65.5,31.0,20785.0,559
2023-05-09 21:31:51,c2311-P-2480,c2311-P-2480,65.5,0.0,0.0,0.0,50,67.0,68.5,30,62.5,68.5,70.0,65.5,31.0,20785.0,559
2023-05-09 21:31:58,c2311-P-2480,c2311-P-2480,65.5,0.0,0.0,0.0,50,67.0,68.5,40,62.5,68.5,70.0,65.5,31.0,20785.0,559
2023-05-09 21:31:59,c2311-P-2480,c2311-P-2480,65.5,0.0,0.0,0.0,20,67.0,68.5,60,62.5,68.5,70.0,65.5,31.0,20785.0,559
2023-05-09 21:32:05,c2311-P-2480,c2311-P-2480,65.5,0.0,0.0,0.0,20,67.0,68.0,10,62.5,68.5,70.0,65.5,31.0,20785.0,559
2023-05-09 21:32:07,c2311-P-2480,c2311-P-2480,65.5,0.0,0.0,0.0,20,67.0,68.5,60,62.5,68.5,70.0,65.5,31.0,20785.0,559
2023-05-09 21:32:09,c2311-P-2480,c2311-P-2480,65.5,0.0,0.0,0.0,20,67.0,68.0,10,62.5,68.5,70.0,65.5,31.0,20785.0,559
2023-05-09 21:32:12,c2311-P-2480,c2311-P-2480,65.5,0.0,0.0,0.0,20,67.0,68.0,20,62.5,68.5,70.0,65.5,31.0,20785.0,559
2023-05-09 21:32:17,c2311-P-2480,c2311-P-2480,65.5,0.0,0.0,0.0,60,66.5,68.0,30,62.5,68.5,70.0,65.5,31.0,20785.0,559
2023-05-09 21:32:19,c2311-P-2480,c2311-P-2480,65.5,0.0,0.0,0.0,50,66.5,68.0,30,62.5,68.5,70.0,65.5,31.0,20785.0,559
2023-05-09 21:32:20,c2311-P-2480,c2311-P-2480,65.5,0.0,0.0,0.0,40,66.5,68.0,40,62.5,68.5,70.0,65.5,31.0,20785.0,559
2023-05-09 21:32:25,c2311-P-2480,c2311-P-2480,65.5,0.0,0.0,0.0,50,66.5,68.0,40,62.5,68.5,70.0,65.5,31.0,20785.0,559
2023-05-09 21:32:25,c2311-P-2480,c2311-P-2480,65.5,0.0,0.0,0.0,60,66.5,68.0,30,62.5,68.5,70.0,65.5,31.0,20785.0,559
2023-05-09 21:32:26,c2311-P-2480,c2311-P-2480,65.5,0.0,0.0,0.0,50,66.5,68.0,30,62.5,68.5,70.0,65.5,31.0,20785.0,559
2023-05-09 21:32:27,c2311-P-2480,c2311-P-2480,65.5,0.0,0.0,0.0,60,66.5,68.0,30,62.5,68.5,70.0,65.5,31.0,20785.0,559
2023-05-09 21:32:28,c2311-P-2480,c2311-P-2480,65.5,0.0,0.0,0.0,50,66.5,68.0,30,62.5,68.5,70.0,65.5,31.0,20785.0,559
2023-05-09 21:32:43,c2311-P-2480,c2311-P-2480,65.5,0.0,0.0,0.0,40,66.5,68.0,40,62.5,68.5,70.0,65.5,31.0,20785.0,559
2023-05-09 21:32:44,c2311-P-2480,c2311-P-2480,65.5,0.0,0.0,0.0,40,66.5,67.5,10,62.5,68.5,70.0,65.5,31.0,20785.0,559
2023-05-09 21:32:48,c2311-P-2480,c2311-P-2480,65.5,0.0,0.0,0.0,40,66.5,68.0,50,62.5,68.5,70.0,65.5,31.0,20785.0,559
2023-05-09 21:32:49,c2311-P-2480,c2311-P-2480,65.5,0.0,0.0,0.0,40,66.5,68.0,40,62.5,68.5,70.0,65.5,31.0,20785.0,559
2023-05-09 21:32:49,c2311-P-2480,c2311-P-2480,65.5,0.0,0.0,0.0,40,66.5,68.0,50,62.5,68.5,70.0,65.5,31.0,20785.0,559
2023-05-09 21:32:52,c2311-P-2480,c2311-P-2480,65.5,0.0,0.0,0.0,40,66.5,68.0,40,62.5,68.5,70.0,65.5,31.0,20785.0,559
2023-05-09 21:32:55,c2311-P-2480,c2311-P-2480,65.5,0.0,0.0,0.0,40,66.5,68.0,50,62.5,68.5,70.0,65.5,31.0,20785.0,559
2023-05-09 21:32:55,c2311-P-2480,c2311-P-2480,65.5,0.0,0.0,0.0,40,66.5,68.0,40,62.5,68.5,70.0,65.5,31.0,20785.0,559
