time,symbol_id,symbol_name,last,trade_volume,trade_amount,open_interest_change,bv1,bp1,ap1,av1,yesterday_close,today_open,today_high,today_low,volume,amount,open_interest
2023-05-09 20:55:58,c2311-P-2440,c2311-P-2440,47.5,0.0,0.0,0.0,1,0.5,0.0,0,47.5,53.0,0.0,0.0,0.0,0.0,201
2023-05-09 21:00:00,c2311-P-2440,c2311-P-2440,47.5,0.0,0.0,0.0,10,3.5,0.0,0,47.5,53.0,0.0,0.0,0.0,0.0,201
2023-05-09 21:00:02,c2311-P-2440,c2311-P-2440,47.5,0.0,0.0,0.0,10,19.5,0.0,0,47.5,53.0,0.0,0.0,0.0,0.0,201
2023-05-09 21:00:05,c2311-P-2440,c2311-P-2440,47.5,0.0,0.0,0.0,10,35.5,0.0,0,47.5,53.0,0.0,0.0,0.0,0.0,201
2023-05-09 21:00:05,c2311-P-2440,c2311-P-2440,47.5,0.0,0.0,0.0,10,38.5,0.0,0,47.5,53.0,0.0,0.0,0.0,0.0,201
2023-05-09 21:00:06,c2311-P-2440,c2311-P-2440,47.5,0.0,0.0,0.0,1,46.5,0.0,0,47.5,53.0,0.0,0.0,0.0,0.0,201
2023-05-09 21:00:09,c2311-P-2440,c2311-P-2440,47.5,0.0,0.0,0.0,1,46.5,99.0,1,47.5,53.0,0.0,0.0,0.0,0.0,201
2023-05-09 21:00:10,c2311-P-2440,c2311-P-2440,47.5,0.0,0.0,0.0,1,46.5,93.0,10,47.5,53.0,0.0,0.0,0.0,0.0,201
2023-05-09 21:00:10,c2311-P-2440,c2311-P-2440,47.5,0.0,0.0,0.0,1,46.5,89.5,10,47.5,53.0,0.0,0.0,0.0,0.0,201
2023-05-09 21:00:11,c2311-P-2440,c2311-P-2440,47.5,0.0,0.0,0.0,1,46.5,76.5,10,47.5,53.0,0.0,0.0,0.0,0.0,201
2023-05-09 21:00:11,c2311-P-2440,c2311-P-2440,47.5,0.0,0.0,0.0,1,46.5,73.0,10,47.5,53.0,0.0,0.0,0.0,0.0,201
2023-05-09 21:00:12,c2311-P-2440,c2311-P-2440,47.5,0.0,0.0,0.0,1,13.5,60.0,1,47.5,53.0,0.0,0.0,0.0,0.0,201
2023-05-09 21:00:12,c2311-P-2440,c2311-P-2440,47.5,0.0,0.0,0.0,10,17.0,59.0,10,47.5,53.0,0.0,0.0,0.0,0.0,201
2023-05-09 21:00:13,c2311-P-2440,c2311-P-2440,47.5,0.0,0.0,0.0,10,20.0,58.5,10,47.5,53.0,0.0,0.0,0.0,0.0,201
2023-05-09 21:00:13,c2311-P-2440,c2311-P-2440,47.5,0.0,0.0,0.0,10,36.0,55.5,1,47.5,53.0,0.0,0.0,0.0,0.0,201
2023-05-09 21:00:14,c2311-P-2440,c2311-P-2440,47.5,0.0,0.0,0.0,10,38.5,55.0,10,47.5,53.0,0.0,0.0,0.0,0.0,201
2023-05-09 21:00:14,c2311-P-2440,c2311-P-2440,47.5,0.0,0.0,0.0,1,47.0,55.0,10,47.5,53.0,0.0,0.0,0.0,0.0,201
2023-05-09 21:00:51,c2311-P-2440,c2311-P-2440,47.5,0.0,0.0,0.0,1,47.0,55.5,11,47.5,53.0,0.0,0.0,0.0,0.0,201
2023-05-09 21:00:59,c2311-P-2440,c2311-P-2440,47.5,0.0,0.0,0.0,1,47.0,55.5,1,47.5,53.0,0.0,0.0,0.0,0.0,201
2023-05-09 21:01:00,c2311-P-2440,c2311-P-2440,47.5,0.0,0.0,0.0,1,49.5,55.5,1,47.5,53.0,0.0,0.0,0.0,0.0,201
2023-05-09 21:01:00,c2311-P-2440,c2311-P-2440,47.5,0.0,0.0,0.0,1,49.5,55.5,11,47.5,53.0,0.0,0.0,0.0,0.0,201
2023-05-09 21:01:02,c2311-P-2440,c2311-P-2440,47.5,0.0,0.0,0.0,1,49.5,55.5,1,47.5,53.0,0.0,0.0,0.0,0.0,201
2023-05-09 21:01:05,c2311-P-2440,c2311-P-2440,47.5,0.0,0.0,0.0,1,13.5,55.5,1,47.5,53.0,0.0,0.0,0.0,0.0,201
2023-05-09 21:01:06,c2311-P-2440,c2311-P-2440,47.5,0.0,0.0,0.0,1,29.5,55.5,11,47.5,53.0,0.0,0.0,0.0,0.0,201
2023-05-09 21:01:06,c2311-P-2440,c2311-P-2440,47.5,0.0,0.0,0.0,1,45.5,55.5,11,47.5,53.0,0.0,0.0,0.0,0.0,201
2023-05-09 21:01:07,c2311-P-2440,c2311-P-2440,47.5,0.0,0.0,0.0,10,46.0,55.5,1,47.5,53.0,0.0,0.0,0.0,0.0,201
2023-05-09 21:01:07,c2311-P-2440,c2311-P-2440,47.5,0.0,0.0,0.0,1,50.0,55.5,1,47.5,53.0,0.0,0.0,0.0,0.0,201
2023-05-09 21:01:08,c2311-P-2440,c2311-P-2440,47.5,0.0,0.0,0.0,10,51.5,53.5,10,47.5,53.0,0.0,0.0,0.0,0.0,201
2023-05-09 21:01:08,c2311-P-2440,c2311-P-2440,47.5,0.0,0.0,0.0,10,51.5,53.0,10,47.5,53.0,0.0,0.0,0.0,0.0,201
2023-05-09 21:01:10,c2311-P-2440,c2311-P-2440,47.5,0.0,0.0,0.0,10,51.5,53.5,10,47.5,53.0,0.0,0.0,0.0,0.0,201
2023-05-09 21:01:14,c2311-P-2440,c2311-P-2440,47.5,0.0,0.0,0.0,10,51.5,53.0,10,47.5,53.0,0.0,0.0,0.0,0.0,201
2023-05-09 21:01:18,c2311-P-2440,c2311-P-2440,47.5,0.0,0.0,0.0,10,51.5,53.5,10,47.5,53.0,0.0,0.0,0.0,0.0,201
2023-05-09 21:01:19,c2311-P-2440,c2311-P-2440,47.5,0.0,0.0,0.0,10,52.0,53.5,10,47.5,53.0,0.0,0.0,0.0,0.0,201
2023-05-09 21:01:19,c2311-P-2440,c2311-P-2440,47.5,0.0,0.0,0.0,10,51.5,53.0,10,47.5,53.0,0.0,0.0,0.0,0.0,201
2023-05-09 21:01:19,c2311-P-2440,c2311-P-2440,47.5,0.0,0.0,0.0,10,51.5,53.5,10,47.5,53.0,0.0,0.0,0.0,0.0,201
2023-05-09 21:01:21,c2311-P-2440,c2311-P-2440,47.5,0.0,0.0,0.0,10,51.5,53.0,10,47.5,53.0,0.0,0.0,0.0,0.0,201
2023-05-09 21:01:21,c2311-P-2440,c2311-P-2440,47.5,0.0,0.0,0.0,10,51.5,53.5,10,47.5,53.0,0.0,0.0,0.0,0.0,201
2023-05-09 21:01:22,c2311-P-2440,c2311-P-2440,47.5,0.0,0.0,0.0,10,51.5,53.0,10,47.5,53.0,0.0,0.0,0.0,0.0,201
2023-05-09 21:01:23,c2311-P-2440,c2311-P-2440,47.5,0.0,0.0,0.0,10,51.0,53.0,10,47.5,53.0,0.0,0.0,0.0,0.0,201
2023-05-09 21:01:31,c2311-P-2440,c2311-P-2440,47.5,0.0,0.0,0.0,10,51.5,53.0,10,47.5,53.0,0.0,0.0,0.0,0.0,201
2023-05-09 21:01:32,c2311-P-2440,c2311-P-2440,47.5,0.0,0.0,0.0,10,51.5,53.5,10,47.5,53.0,0.0,0.0,0.0,0.0,201
2023-05-09 21:01:33,c2311-P-2440,c2311-P-2440,47.5,0.0,0.0,0.0,10,51.5,53.0,10,47.5,53.0,0.0,0.0,0.0,0.0,201
2023-05-09 21:01:33,c2311-P-2440,c2311-P-2440,47.5,0.0,0.0,0.0,10,51.0,53.0,10,47.5,53.0,0.0,0.0,0.0,0.0,201
2023-05-09 21:01:33,c2311-P-2440,c2311-P-2440,47.5,0.0,0.0,0.0,10,51.5,53.0,10,47.5,53.0,0.0,0.0,0.0,0.0,201
2023-05-09 21:01:37,c2311-P-2440,c2311-P-2440,47.5,0.0,0.0,0.0,10,52.0,53.5,10,47.5,53.0,0.0,0.0,0.0,0.0,201
2023-05-09 21:01:38,c2311-P-2440,c2311-P-2440,47.5,0.0,0.0,0.0,10,51.5,53.0,10,47.5,53.0,0.0,0.0,0.0,0.0,201
2023-05-09 21:01:39,c2311-P-2440,c2311-P-2440,47.5,0.0,0.0,0.0,10,52.0,53.5,10,47.5,53.0,0.0,0.0,0.0,0.0,201
2023-05-09 21:01:40,c2311-P-2440,c2311-P-2440,47.5,0.0,0.0,0.0,10,52.0,54.0,10,47.5,53.0,0.0,0.0,0.0,0.0,201
2023-05-09 21:01:42,c2311-P-2440,c2311-P-2440,47.5,0.0,0.0,0.0,10,51.5,53.5,10,47.5,53.0,0.0,0.0,0.0,0.0,201
2023-05-09 21:01:42,c2311-P-2440,c2311-P-2440,47.5,0.0,0.0,0.0,10,52.0,53.5,10,47.5,53.0,0.0,0.0,0.0,0.0,201
2023-05-09 21:01:45,c2311-P-2440,c2311-P-2440,47.5,0.0,0.0,0.0,10,52.0,54.0,10,47.5,53.0,0.0,0.0,0.0,0.0,201
2023-05-09 21:01:47,c2311-P-2440,c2311-P-2440,47.5,0.0,0.0,0.0,10,52.0,53.5,10,47.5,53.0,0.0,0.0,0.0,0.0,201
2023-05-09 21:01:49,c2311-P-2440,c2311-P-2440,47.5,0.0,0.0,0.0,10,52.0,54.0,10,47.5,53.0,0.0,0.0,0.0,0.0,201
2023-05-09 21:01:50,c2311-P-2440,c2311-P-2440,47.5,0.0,0.0,0.0,20,52.0,54.0,10,47.5,53.0,0.0,0.0,0.0,0.0,201
2023-05-09 21:01:51,c2311-P-2440,c2311-P-2440,47.5,0.0,0.0,0.0,20,52.5,54.5,20,47.5,53.0,0.0,0.0,0.0,0.0,201
2023-05-09 21:02:03,c2311-P-2440,c2311-P-2440,47.5,0.0,0.0,0.0,10,53.0,55.0,20,47.5,53.0,0.0,0.0,0.0,0.0,201
2023-05-09 21:02:04,c2311-P-2440,c2311-P-2440,47.5,0.0,0.0,0.0,20,52.5,54.5,10,47.5,53.0,0.0,0.0,0.0,0.0,201
2023-05-09 21:02:05,c2311-P-2440,c2311-P-2440,47.5,0.0,0.0,0.0,10,52.5,54.0,10,47.5,53.0,0.0,0.0,0.0,0.0,201
2023-05-09 21:02:06,c2311-P-2440,c2311-P-2440,47.5,0.0,0.0,0.0,20,52.0,54.0,10,47.5,53.0,0.0,0.0,0.0,0.0,201
2023-05-09 21:02:09,c2311-P-2440,c2311-P-2440,47.5,0.0,0.0,0.0,20,52.0,53.5,10,47.5,53.0,0.0,0.0,0.0,0.0,201
2023-05-09 21:02:10,c2311-P-2440,c2311-P-2440,47.5,0.0,0.0,0.0,20,52.0,54.0,20,47.5,53.0,0.0,0.0,0.0,0.0,201
2023-05-09 21:02:12,c2311-P-2440,c2311-P-2440,47.5,0.0,0.0,0.0,30,52.0,54.0,30,47.5,53.0,0.0,0.0,0.0,0.0,201
2023-05-09 21:02:13,c2311-P-2440,c2311-P-2440,47.5,0.0,0.0,0.0,30,52.0,53.5,20,47.5,53.0,0.0,0.0,0.0,0.0,201
2023-05-09 21:02:13,c2311-P-2440,c2311-P-2440,47.5,0.0,0.0,0.0,30,51.5,53.5,30,47.5,53.0,0.0,0.0,0.0,0.0,201
2023-05-09 21:02:15,c2311-P-2440,c2311-P-2440,47.5,0.0,0.0,0.0,20,51.5,53.0,20,47.5,53.0,0.0,0.0,0.0,0.0,201
2023-05-09 21:02:16,c2311-P-2440,c2311-P-2440,47.5,0.0,0.0,0.0,31,51.0,52.5,10,47.5,53.0,0.0,0.0,0.0,0.0,201
2023-05-09 21:02:16,c2311-P-2440,c2311-P-2440,47.5,0.0,0.0,0.0,41,51.0,53.0,30,47.5,53.0,0.0,0.0,0.0,0.0,201
2023-05-09 21:02:17,c2311-P-2440,c2311-P-2440,47.5,0.0,0.0,0.0,41,51.0,52.5,10,47.5,53.0,0.0,0.0,0.0,0.0,201
2023-05-09 21:02:17,c2311-P-2440,c2311-P-2440,47.5,0.0,0.0,0.0,41,51.0,53.0,40,47.5,53.0,0.0,0.0,0.0,0.0,201
2023-05-09 21:02:24,c2311-P-2440,c2311-P-2440,47.5,0.0,0.0,0.0,41,51.0,53.0,30,47.5,53.0,0.0,0.0,0.0,0.0,201
2023-05-09 21:02:26,c2311-P-2440,c2311-P-2440,47.5,0.0,0.0,0.0,40,51.5,53.0,10,47.5,53.0,0.0,0.0,0.0,0.0,201
2023-05-09 21:02:27,c2311-P-2440,c2311-P-2440,47.5,0.0,0.0,0.0,40,51.5,53.5,40,47.5,53.0,0.0,0.0,0.0,0.0,201
2023-05-09 21:02:30,c2311-P-2440,c2311-P-2440,47.5,0.0,0.0,0.0,40,51.5,53.5,50,47.5,53.0,0.0,0.0,0.0,0.0,201
2023-05-09 21:02:31,c2311-P-2440,c2311-P-2440,47.5,0.0,0.0,0.0,10,52.0,53.5,40,47.5,53.0,0.0,0.0,0.0,0.0,201
2023-05-09 21:02:31,c2311-P-2440,c2311-P-2440,47.5,0.0,0.0,0.0,40,52.0,53.5,20,47.5,53.0,0.0,0.0,0.0,0.0,201
2023-05-09 21:02:32,c2311-P-2440,c2311-P-2440,47.5,0.0,0.0,0.0,40,52.0,53.5,30,47.5,53.0,0.0,0.0,0.0,0.0,201
2023-05-09 21:02:37,c2311-P-2440,c2311-P-2440,47.5,0.0,0.0,0.0,40,52.0,53.5,20,47.5,53.0,0.0,0.0,0.0,0.0,201
2023-05-09 21:02:41,c2311-P-2440,c2311-P-2440,47.5,0.0,0.0,0.0,40,52.0,53.5,30,47.5,53.0,0.0,0.0,0.0,0.0,201
2023-05-09 21:02:41,c2311-P-2440,c2311-P-2440,47.5,0.0,0.0,0.0,40,52.0,53.5,20,47.5,53.0,0.0,0.0,0.0,0.0,201
2023-05-09 21:02:43,c2311-P-2440,c2311-P-2440,47.5,0.0,0.0,0.0,20,52.0,53.0,10,47.5,53.0,0.0,0.0,0.0,0.0,201
2023-05-09 21:02:53,c2311-P-2440,c2311-P-2440,47.5,0.0,0.0,0.0,40,52.0,53.0,10,47.5,53.0,0.0,0.0,0.0,0.0,201
2023-05-09 21:02:54,c2311-P-2440,c2311-P-2440,47.5,0.0,0.0,0.0,30,52.0,53.0,10,47.5,53.0,0.0,0.0,0.0,0.0,201
2023-05-09 21:02:54,c2311-P-2440,c2311-P-2440,47.5,0.0,0.0,0.0,40,52.0,53.0,10,47.5,53.0,0.0,0.0,0.0,0.0,201
2023-05-09 21:02:54,c2311-P-2440,c2311-P-2440,47.5,0.0,0.0,0.0,20,52.0,53.0,10,47.5,53.0,0.0,0.0,0.0,0.0,201
2023-05-09 21:02:57,c2311-P-2440,c2311-P-2440,47.5,0.0,0.0,0.0,40,52.0,53.5,40,47.5,53.0,0.0,0.0,0.0,0.0,201
2023-05-09 21:02:57,c2311-P-2440,c2311-P-2440,47.5,0.0,0.0,0.0,40,52.0,53.5,30,47.5,53.0,0.0,0.0,0.0,0.0,201
2023-05-09 21:02:59,c2311-P-2440,c2311-P-2440,47.5,0.0,0.0,0.0,40,52.0,53.5,20,47.5,53.0,0.0,0.0,0.0,0.0,201
2023-05-09 21:03:00,c2311-P-2440,c2311-P-2440,47.5,0.0,0.0,0.0,40,52.0,53.5,10,47.5,53.0,0.0,0.0,0.0,0.0,201
2023-05-09 21:03:01,c2311-P-2440,c2311-P-2440,47.5,0.0,0.0,0.0,40,52.0,53.5,20,47.5,53.0,0.0,0.0,0.0,0.0,201
2023-05-09 21:03:02,c2311-P-2440,c2311-P-2440,47.5,0.0,0.0,0.0,40,52.0,53.5,10,47.5,53.0,0.0,0.0,0.0,0.0,201
2023-05-09 21:03:03,c2311-P-2440,c2311-P-2440,47.5,0.0,0.0,0.0,40,52.0,53.5,20,47.5,53.0,0.0,0.0,0.0,0.0,201
2023-05-09 21:03:05,c2311-P-2440,c2311-P-2440,47.5,0.0,0.0,0.0,40,52.0,53.5,30,47.5,53.0,0.0,0.0,0.0,0.0,201
2023-05-09 21:03:05,c2311-P-2440,c2311-P-2440,47.5,0.0,0.0,0.0,30,52.0,53.5,40,47.5,53.0,0.0,0.0,0.0,0.0,201
2023-05-09 21:03:11,c2311-P-2440,c2311-P-2440,47.5,0.0,0.0,0.0,40,52.0,53.5,40,47.5,53.0,0.0,0.0,0.0,0.0,201
2023-05-09 21:03:14,c2311-P-2440,c2311-P-2440,47.5,0.0,0.0,0.0,30,52.0,53.5,40,47.5,53.0,0.0,0.0,0.0,0.0,201
2023-05-09 21:03:27,c2311-P-2440,c2311-P-2440,47.5,0.0,0.0,0.0,40,52.0,53.5,40,47.5,53.0,0.0,0.0,0.0,0.0,201
2023-05-09 21:03:29,c2311-P-2440,c2311-P-2440,47.5,0.0,0.0,0.0,40,52.0,53.5,20,47.5,53.0,0.0,0.0,0.0,0.0,201
2023-05-09 21:03:30,c2311-P-2440,c2311-P-2440,47.5,0.0,0.0,0.0,40,52.0,53.5,10,47.5,53.0,0.0,0.0,0.0,0.0,201
2023-05-09 21:03:30,c2311-P-2440,c2311-P-2440,47.5,0.0,0.0,0.0,40,52.0,53.5,20,47.5,53.0,0.0,0.0,0.0,0.0,201
2023-05-09 21:03:33,c2311-P-2440,c2311-P-2440,47.5,0.0,0.0,0.0,40,52.0,54.0,50,47.5,53.0,0.0,0.0,0.0,0.0,201
2023-05-09 21:03:34,c2311-P-2440,c2311-P-2440,47.5,0.0,0.0,0.0,40,52.0,53.5,10,47.5,53.0,0.0,0.0,0.0,0.0,201
2023-05-09 21:03:34,c2311-P-2440,c2311-P-2440,47.5,0.0,0.0,0.0,40,52.0,53.5,20,47.5,53.0,0.0,0.0,0.0,0.0,201
2023-05-09 21:03:35,c2311-P-2440,c2311-P-2440,47.5,0.0,0.0,0.0,40,52.0,53.5,10,47.5,53.0,0.0,0.0,0.0,0.0,201
2023-05-09 21:03:35,c2311-P-2440,c2311-P-2440,47.5,0.0,0.0,0.0,10,52.5,54.0,20,47.5,53.0,0.0,0.0,0.0,0.0,201
2023-05-09 21:03:36,c2311-P-2440,c2311-P-2440,47.5,0.0,0.0,0.0,30,52.0,54.0,30,47.5,53.0,0.0,0.0,0.0,0.0,201
2023-05-09 21:03:37,c2311-P-2440,c2311-P-2440,47.5,0.0,0.0,0.0,40,52.0,54.0,40,47.5,53.0,0.0,0.0,0.0,0.0,201
2023-05-09 21:03:38,c2311-P-2440,c2311-P-2440,47.5,0.0,0.0,0.0,40,52.0,54.0,30,47.5,53.0,0.0,0.0,0.0,0.0,201
2023-05-09 21:03:39,c2311-P-2440,c2311-P-2440,47.5,0.0,0.0,0.0,30,52.5,54.0,10,47.5,53.0,0.0,0.0,0.0,0.0,201
2023-05-09 21:03:39,c2311-P-2440,c2311-P-2440,47.5,0.0,0.0,0.0,40,52.5,54.0,20,47.5,53.0,0.0,0.0,0.0,0.0,201
2023-05-09 21:03:39,c2311-P-2440,c2311-P-2440,47.5,0.0,0.0,0.0,30,52.5,54.0,30,47.5,53.0,0.0,0.0,0.0,0.0,201
2023-05-09 21:03:40,c2311-P-2440,c2311-P-2440,47.5,0.0,0.0,0.0,40,52.5,54.0,20,47.5,53.0,0.0,0.0,0.0,0.0,201
2023-05-09 21:03:41,c2311-P-2440,c2311-P-2440,47.5,0.0,0.0,0.0,30,52.5,54.0,30,47.5,53.0,0.0,0.0,0.0,0.0,201
2023-05-09 21:03:47,c2311-P-2440,c2311-P-2440,47.5,0.0,0.0,0.0,30,52.5,54.0,40,47.5,53.0,0.0,0.0,0.0,0.0,201
2023-05-09 21:03:50,c2311-P-2440,c2311-P-2440,47.5,0.0,0.0,0.0,40,52.5,54.0,40,47.5,53.0,0.0,0.0,0.0,0.0,201
2023-05-09 21:03:50,c2311-P-2440,c2311-P-2440,47.5,0.0,0.0,0.0,40,52.0,53.5,20,47.5,53.0,0.0,0.0,0.0,0.0,201
2023-05-09 21:03:51,c2311-P-2440,c2311-P-2440,47.5,0.0,0.0,0.0,30,52.5,53.5,10,47.5,53.0,0.0,0.0,0.0,0.0,201
2023-05-09 21:03:51,c2311-P-2440,c2311-P-2440,47.5,0.0,0.0,0.0,40,52.5,53.5,10,47.5,53.0,0.0,0.0,0.0,0.0,201
2023-05-09 21:03:56,c2311-P-2440,c2311-P-2440,47.5,0.0,0.0,0.0,40,52.5,54.0,20,47.5,53.0,0.0,0.0,0.0,0.0,201
2023-05-09 21:03:58,c2311-P-2440,c2311-P-2440,47.5,0.0,0.0,0.0,40,52.5,54.0,10,47.5,53.0,0.0,0.0,0.0,0.0,201
2023-05-09 21:03:59,c2311-P-2440,c2311-P-2440,47.5,0.0,0.0,0.0,40,52.5,54.5,50,47.5,53.0,0.0,0.0,0.0,0.0,201
2023-05-09 21:03:59,c2311-P-2440,c2311-P-2440,47.5,0.0,0.0,0.0,30,52.5,54.0,20,47.5,53.0,0.0,0.0,0.0,0.0,201
2023-05-09 21:04:00,c2311-P-2440,c2311-P-2440,47.5,0.0,0.0,0.0,40,52.5,54.5,50,47.5,53.0,0.0,0.0,0.0,0.0,201
2023-05-09 21:04:02,c2311-P-2440,c2311-P-2440,47.5,0.0,0.0,0.0,30,52.5,54.0,20,47.5,53.0,0.0,0.0,0.0,0.0,201
2023-05-09 21:04:02,c2311-P-2440,c2311-P-2440,47.5,0.0,0.0,0.0,2,53.0,54.0,30,47.5,53.0,0.0,0.0,0.0,0.0,201
2023-05-09 21:04:03,c2311-P-2440,c2311-P-2440,47.5,0.0,0.0,0.0,2,53.0,54.0,40,47.5,53.0,0.0,0.0,0.0,0.0,201
2023-05-09 21:04:06,c2311-P-2440,c2311-P-2440,47.5,0.0,0.0,0.0,2,53.0,54.0,30,47.5,53.0,0.0,0.0,0.0,0.0,201
2023-05-09 21:04:06,c2311-P-2440,c2311-P-2440,47.5,0.0,0.0,0.0,2,53.0,54.0,40,47.5,53.0,0.0,0.0,0.0,0.0,201
2023-05-09 21:04:07,c2311-P-2440,c2311-P-2440,47.5,0.0,0.0,0.0,2,53.0,53.5,10,47.5,53.0,0.0,0.0,0.0,0.0,201
2023-05-09 21:04:07,c2311-P-2440,c2311-P-2440,47.5,0.0,0.0,0.0,2,53.0,53.5,20,47.5,53.0,0.0,0.0,0.0,0.0,201
2023-05-09 21:04:07,c2311-P-2440,c2311-P-2440,47.5,0.0,0.0,0.0,2,53.0,53.5,10,47.5,53.0,0.0,0.0,0.0,0.0,201
2023-05-09 21:04:22,c2311-P-2440,c2311-P-2440,47.5,0.0,0.0,0.0,40,52.5,53.5,10,47.5,53.0,0.0,0.0,0.0,0.0,201
2023-05-09 21:04:28,c2311-P-2440,c2311-P-2440,47.5,0.0,0.0,0.0,50,52.5,54.0,30,47.5,53.0,0.0,0.0,0.0,0.0,201
2023-05-09 21:04:28,c2311-P-2440,c2311-P-2440,47.5,0.0,0.0,0.0,40,52.5,54.0,40,47.5,53.0,0.0,0.0,0.0,0.0,201
2023-05-09 21:04:29,c2311-P-2440,c2311-P-2440,47.5,0.0,0.0,0.0,20,53.0,54.0,10,47.5,53.0,0.0,0.0,0.0,0.0,201
2023-05-09 21:04:31,c2311-P-2440,c2311-P-2440,47.5,0.0,0.0,0.0,50,52.5,54.0,10,47.5,53.0,0.0,0.0,0.0,0.0,201
2023-05-09 21:04:31,c2311-P-2440,c2311-P-2440,47.5,0.0,0.0,0.0,50,52.5,54.0,20,47.5,53.0,0.0,0.0,0.0,0.0,201
2023-05-09 21:04:32,c2311-P-2440,c2311-P-2440,47.5,0.0,0.0,0.0,50,52.5,54.0,10,47.5,53.0,0.0,0.0,0.0,0.0,201
2023-05-09 21:04:32,c2311-P-2440,c2311-P-2440,47.5,0.0,0.0,0.0,50,52.5,54.0,20,47.5,53.0,0.0,0.0,0.0,0.0,201
2023-05-09 21:04:34,c2311-P-2440,c2311-P-2440,47.5,0.0,0.0,0.0,2,53.0,54.0,20,47.5,53.0,0.0,0.0,0.0,0.0,201
2023-05-09 21:04:34,c2311-P-2440,c2311-P-2440,47.5,0.0,0.0,0.0,12,53.0,54.0,10,47.5,53.0,0.0,0.0,0.0,0.0,201
2023-05-09 21:04:35,c2311-P-2440,c2311-P-2440,47.5,0.0,0.0,0.0,12,53.0,54.0,20,47.5,53.0,0.0,0.0,0.0,0.0,201
2023-05-09 21:04:37,c2311-P-2440,c2311-P-2440,47.5,0.0,0.0,0.0,42,53.0,54.0,10,47.5,53.0,0.0,0.0,0.0,0.0,201
2023-05-09 21:04:38,c2311-P-2440,c2311-P-2440,47.5,0.0,0.0,0.0,2,53.0,54.0,20,47.5,53.0,0.0,0.0,0.0,0.0,201
2023-05-09 21:04:39,c2311-P-2440,c2311-P-2440,47.5,0.0,0.0,0.0,12,53.0,54.0,20,47.5,53.0,0.0,0.0,0.0,0.0,201
2023-05-09 21:04:39,c2311-P-2440,c2311-P-2440,47.5,0.0,0.0,0.0,42,53.0,54.0,10,47.5,53.0,0.0,0.0,0.0,0.0,201
2023-05-09 21:04:40,c2311-P-2440,c2311-P-2440,47.5,0.0,0.0,0.0,22,53.0,54.0,10,47.5,53.0,0.0,0.0,0.0,0.0,201
2023-05-09 21:04:41,c2311-P-2440,c2311-P-2440,47.5,0.0,0.0,0.0,22,53.0,54.5,60,47.5,53.0,0.0,0.0,0.0,0.0,201
2023-05-09 21:04:42,c2311-P-2440,c2311-P-2440,47.5,0.0,0.0,0.0,22,53.0,54.0,10,47.5,53.0,0.0,0.0,0.0,0.0,201
2023-05-09 21:04:43,c2311-P-2440,c2311-P-2440,47.5,0.0,0.0,0.0,22,53.0,54.5,60,47.5,53.0,0.0,0.0,0.0,0.0,201
2023-05-09 21:04:43,c2311-P-2440,c2311-P-2440,47.5,0.0,0.0,0.0,32,53.0,54.5,40,47.5,53.0,0.0,0.0,0.0,0.0,201
2023-05-09 21:04:43,c2311-P-2440,c2311-P-2440,47.5,0.0,0.0,0.0,42,53.0,54.5,40,47.5,53.0,0.0,0.0,0.0,0.0,201
2023-05-09 21:04:47,c2311-P-2440,c2311-P-2440,47.5,0.0,0.0,0.0,52,53.0,54.5,40,47.5,53.0,0.0,0.0,0.0,0.0,201
2023-05-09 21:04:49,c2311-P-2440,c2311-P-2440,47.5,0.0,0.0,0.0,42,53.0,54.5,40,47.5,53.0,0.0,0.0,0.0,0.0,201
2023-05-09 21:04:51,c2311-P-2440,c2311-P-2440,47.5,0.0,0.0,0.0,52,53.0,54.5,40,47.5,53.0,0.0,0.0,0.0,0.0,201
2023-05-09 21:04:51,c2311-P-2440,c2311-P-2440,47.5,0.0,0.0,0.0,42,53.0,54.5,40,47.5,53.0,0.0,0.0,0.0,0.0,201
2023-05-09 21:04:54,c2311-P-2440,c2311-P-2440,47.5,0.0,0.0,0.0,12,53.0,54.0,20,47.5,53.0,0.0,0.0,0.0,0.0,201
2023-05-09 21:04:58,c2311-P-2440,c2311-P-2440,47.5,0.0,0.0,0.0,2,53.0,54.0,20,47.5,53.0,0.0,0.0,0.0,0.0,201
2023-05-09 21:04:58,c2311-P-2440,c2311-P-2440,47.5,0.0,0.0,0.0,12,53.0,54.0,20,47.5,53.0,0.0,0.0,0.0,0.0,201
2023-05-09 21:04:59,c2311-P-2440,c2311-P-2440,47.5,0.0,0.0,0.0,2,53.0,54.0,30,47.5,53.0,0.0,0.0,0.0,0.0,201
2023-05-09 21:04:59,c2311-P-2440,c2311-P-2440,47.5,0.0,0.0,0.0,2,53.0,54.0,50,47.5,53.0,0.0,0.0,0.0,0.0,201
2023-05-09 21:05:00,c2311-P-2440,c2311-P-2440,47.5,0.0,0.0,0.0,2,53.0,54.0,40,47.5,53.0,0.0,0.0,0.0,0.0,201
2023-05-09 21:05:01,c2311-P-2440,c2311-P-2440,47.5,0.0,0.0,0.0,2,53.0,54.0,30,47.5,53.0,0.0,0.0,0.0,0.0,201
2023-05-09 21:05:01,c2311-P-2440,c2311-P-2440,47.5,0.0,0.0,0.0,12,53.0,54.0,20,47.5,53.0,0.0,0.0,0.0,0.0,201
2023-05-09 21:05:02,c2311-P-2440,c2311-P-2440,47.5,0.0,0.0,0.0,12,53.0,54.0,10,47.5,53.0,0.0,0.0,0.0,0.0,201
2023-05-09 21:05:03,c2311-P-2440,c2311-P-2440,47.5,0.0,0.0,0.0,12,53.0,54.0,20,47.5,53.0,0.0,0.0,0.0,0.0,201
2023-05-09 21:05:04,c2311-P-2440,c2311-P-2440,47.5,0.0,0.0,0.0,12,53.0,54.5,60,47.5,53.0,0.0,0.0,0.0,0.0,201
2023-05-09 21:05:05,c2311-P-2440,c2311-P-2440,47.5,0.0,0.0,0.0,42,53.0,54.5,40,47.5,53.0,0.0,0.0,0.0,0.0,201
2023-05-09 21:05:05,c2311-P-2440,c2311-P-2440,47.5,0.0,0.0,0.0,52,53.0,54.5,40,47.5,53.0,0.0,0.0,0.0,0.0,201
2023-05-09 21:05:06,c2311-P-2440,c2311-P-2440,47.5,0.0,0.0,0.0,42,53.0,54.5,30,47.5,53.0,0.0,0.0,0.0,0.0,201
2023-05-09 21:05:06,c2311-P-2440,c2311-P-2440,47.5,0.0,0.0,0.0,52,53.0,54.5,30,47.5,53.0,0.0,0.0,0.0,0.0,201
2023-05-09 21:05:08,c2311-P-2440,c2311-P-2440,47.5,0.0,0.0,0.0,52,53.0,55.0,60,47.5,53.0,0.0,0.0,0.0,0.0,201
2023-05-09 21:05:08,c2311-P-2440,c2311-P-2440,47.5,0.0,0.0,0.0,30,53.5,55.0,60,47.5,53.0,0.0,0.0,0.0,0.0,201
2023-05-09 21:05:09,c2311-P-2440,c2311-P-2440,47.5,0.0,0.0,0.0,40,53.5,55.0,50,47.5,53.0,0.0,0.0,0.0,0.0,201
2023-05-09 21:05:11,c2311-P-2440,c2311-P-2440,47.5,0.0,0.0,0.0,40,53.5,55.0,40,47.5,53.0,0.0,0.0,0.0,0.0,201
2023-05-09 21:05:11,c2311-P-2440,c2311-P-2440,47.5,0.0,0.0,0.0,40,53.5,55.0,50,47.5,53.0,0.0,0.0,0.0,0.0,201
2023-05-09 21:05:13,c2311-P-2440,c2311-P-2440,47.5,0.0,0.0,0.0,30,53.5,55.0,50,47.5,53.0,0.0,0.0,0.0,0.0,201
2023-05-09 21:05:14,c2311-P-2440,c2311-P-2440,47.5,0.0,0.0,0.0,52,53.0,54.5,30,47.5,53.0,0.0,0.0,0.0,0.0,201
2023-05-09 21:05:15,c2311-P-2440,c2311-P-2440,47.5,0.0,0.0,0.0,22,53.0,54.0,20,47.5,53.0,0.0,0.0,0.0,0.0,201
2023-05-09 21:05:16,c2311-P-2440,c2311-P-2440,47.5,0.0,0.0,0.0,12,53.0,54.0,20,47.5,53.0,0.0,0.0,0.0,0.0,201
2023-05-09 21:05:16,c2311-P-2440,c2311-P-2440,47.5,0.0,0.0,0.0,2,53.0,54.0,50,47.5,53.0,0.0,0.0,0.0,0.0,201
2023-05-09 21:05:19,c2311-P-2440,c2311-P-2440,47.5,0.0,0.0,0.0,2,53.0,54.0,40,47.5,53.0,0.0,0.0,0.0,0.0,201
2023-05-09 21:05:20,c2311-P-2440,c2311-P-2440,53.0,2.0,1060.0,0.0,40,52.5,53.5,10,47.5,53.0,53.0,53.0,2.0,1060.0,201
2023-05-09 21:05:21,c2311-P-2440,c2311-P-2440,53.0,0.0,0.0,0.0,30,52.5,53.5,10,47.5,53.0,53.0,53.0,2.0,1060.0,201
2023-05-09 21:05:22,c2311-P-2440,c2311-P-2440,53.0,0.0,0.0,0.0,40,52.5,53.5,10,47.5,53.0,53.0,53.0,2.0,1060.0,201
2023-05-09 21:05:24,c2311-P-2440,c2311-P-2440,53.0,0.0,0.0,0.0,50,52.5,54.0,63,47.5,53.0,53.0,53.0,2.0,1060.0,201
2023-05-09 21:05:24,c2311-P-2440,c2311-P-2440,53.0,0.0,0.0,0.0,50,52.5,54.0,43,47.5,53.0,53.0,53.0,2.0,1060.0,201
2023-05-09 21:05:25,c2311-P-2440,c2311-P-2440,53.0,0.0,0.0,0.0,60,52.5,54.0,43,47.5,53.0,53.0,53.0,2.0,1060.0,201
2023-05-09 21:05:26,c2311-P-2440,c2311-P-2440,53.0,0.0,0.0,0.0,40,52.5,53.5,10,47.5,53.0,53.0,53.0,2.0,1060.0,201
2023-05-09 21:05:26,c2311-P-2440,c2311-P-2440,53.0,0.0,0.0,0.0,30,52.5,53.5,10,47.5,53.0,53.0,53.0,2.0,1060.0,201
2023-05-09 21:05:26,c2311-P-2440,c2311-P-2440,53.0,0.0,0.0,0.0,20,52.5,53.5,10,47.5,53.0,53.0,53.0,2.0,1060.0,201
2023-05-09 21:05:28,c2311-P-2440,c2311-P-2440,53.0,0.0,0.0,0.0,20,52.5,53.5,20,47.5,53.0,53.0,53.0,2.0,1060.0,201
2023-05-09 21:05:29,c2311-P-2440,c2311-P-2440,53.0,0.0,0.0,0.0,20,52.5,53.5,10,47.5,53.0,53.0,53.0,2.0,1060.0,201
2023-05-09 21:05:30,c2311-P-2440,c2311-P-2440,53.0,0.0,0.0,0.0,20,52.5,53.5,20,47.5,53.0,53.0,53.0,2.0,1060.0,201
2023-05-09 21:05:33,c2311-P-2440,c2311-P-2440,53.0,0.0,0.0,0.0,10,52.5,53.5,20,47.5,53.0,53.0,53.0,2.0,1060.0,201
2023-05-09 21:05:33,c2311-P-2440,c2311-P-2440,53.0,0.0,0.0,0.0,40,52.0,53.5,60,47.5,53.0,53.0,53.0,2.0,1060.0,201
2023-05-09 21:05:34,c2311-P-2440,c2311-P-2440,53.0,0.0,0.0,0.0,40,52.0,53.5,50,47.5,53.0,53.0,53.0,2.0,1060.0,201
2023-05-09 21:05:35,c2311-P-2440,c2311-P-2440,53.0,0.0,0.0,0.0,50,52.0,53.5,30,47.5,53.0,53.0,53.0,2.0,1060.0,201
2023-05-09 21:05:35,c2311-P-2440,c2311-P-2440,53.0,0.0,0.0,0.0,60,52.0,53.5,20,47.5,53.0,53.0,53.0,2.0,1060.0,201
2023-05-09 21:05:36,c2311-P-2440,c2311-P-2440,53.0,0.0,0.0,0.0,50,52.0,53.5,20,47.5,53.0,53.0,53.0,2.0,1060.0,201
2023-05-09 21:05:37,c2311-P-2440,c2311-P-2440,53.0,0.0,0.0,0.0,40,52.0,53.5,40,47.5,53.0,53.0,53.0,2.0,1060.0,201
2023-05-09 21:05:37,c2311-P-2440,c2311-P-2440,53.0,0.0,0.0,0.0,40,52.0,53.5,50,47.5,53.0,53.0,53.0,2.0,1060.0,201
2023-05-09 21:05:39,c2311-P-2440,c2311-P-2440,53.0,0.0,0.0,0.0,50,52.0,53.5,20,47.5,53.0,53.0,53.0,2.0,1060.0,201
2023-05-09 21:05:40,c2311-P-2440,c2311-P-2440,53.0,0.0,0.0,0.0,50,52.0,53.5,30,47.5,53.0,53.0,53.0,2.0,1060.0,201
2023-05-09 21:05:42,c2311-P-2440,c2311-P-2440,53.0,0.0,0.0,0.0,40,52.0,53.5,60,47.5,53.0,53.0,53.0,2.0,1060.0,201
2023-05-09 21:05:42,c2311-P-2440,c2311-P-2440,53.0,0.0,0.0,0.0,40,52.0,53.5,70,47.5,53.0,53.0,53.0,2.0,1060.0,201
2023-05-09 21:05:45,c2311-P-2440,c2311-P-2440,53.0,0.0,0.0,0.0,30,52.0,53.0,10,47.5,53.0,53.0,53.0,2.0,1060.0,201
2023-05-09 21:05:46,c2311-P-2440,c2311-P-2440,53.0,0.0,0.0,0.0,10,52.0,53.0,40,47.5,53.0,53.0,53.0,2.0,1060.0,201
2023-05-09 21:05:46,c2311-P-2440,c2311-P-2440,53.0,0.0,0.0,0.0,20,52.0,53.0,20,47.5,53.0,53.0,53.0,2.0,1060.0,201
2023-05-09 21:05:46,c2311-P-2440,c2311-P-2440,53.0,0.0,0.0,0.0,30,52.0,53.0,20,47.5,53.0,53.0,53.0,2.0,1060.0,201
2023-05-09 21:05:47,c2311-P-2440,c2311-P-2440,53.0,0.0,0.0,0.0,20,52.0,53.0,20,47.5,53.0,53.0,53.0,2.0,1060.0,201
2023-05-09 21:05:48,c2311-P-2440,c2311-P-2440,53.0,0.0,0.0,0.0,10,52.0,53.0,40,47.5,53.0,53.0,53.0,2.0,1060.0,201
2023-05-09 21:05:48,c2311-P-2440,c2311-P-2440,53.0,0.0,0.0,0.0,10,52.0,53.0,30,47.5,53.0,53.0,53.0,2.0,1060.0,201
2023-05-09 21:05:50,c2311-P-2440,c2311-P-2440,53.0,0.0,0.0,0.0,10,52.0,53.0,40,47.5,53.0,53.0,53.0,2.0,1060.0,201
2023-05-09 21:05:51,c2311-P-2440,c2311-P-2440,53.0,0.0,0.0,0.0,10,52.0,53.0,30,47.5,53.0,53.0,53.0,2.0,1060.0,201
2023-05-09 21:05:53,c2311-P-2440,c2311-P-2440,53.0,0.0,0.0,0.0,10,52.0,53.0,40,47.5,53.0,53.0,53.0,2.0,1060.0,201
2023-05-09 21:05:55,c2311-P-2440,c2311-P-2440,53.0,0.0,0.0,0.0,60,51.5,53.0,40,47.5,53.0,53.0,53.0,2.0,1060.0,201
2023-05-09 21:05:56,c2311-P-2440,c2311-P-2440,53.0,0.0,0.0,0.0,40,51.5,52.5,10,47.5,53.0,53.0,53.0,2.0,1060.0,201
2023-05-09 21:05:56,c2311-P-2440,c2311-P-2440,53.0,0.0,0.0,0.0,40,51.5,52.5,20,47.5,53.0,53.0,53.0,2.0,1060.0,201
2023-05-09 21:05:57,c2311-P-2440,c2311-P-2440,53.0,0.0,0.0,0.0,60,51.5,52.5,10,47.5,53.0,53.0,53.0,2.0,1060.0,201
2023-05-09 21:05:58,c2311-P-2440,c2311-P-2440,53.0,0.0,0.0,0.0,60,51.5,53.0,40,47.5,53.0,53.0,53.0,2.0,1060.0,201
2023-05-09 21:05:58,c2311-P-2440,c2311-P-2440,53.0,0.0,0.0,0.0,50,51.5,53.0,40,47.5,53.0,53.0,53.0,2.0,1060.0,201
2023-05-09 21:06:03,c2311-P-2440,c2311-P-2440,53.0,0.0,0.0,0.0,50,51.5,53.0,30,47.5,53.0,53.0,53.0,2.0,1060.0,201
2023-05-09 21:06:03,c2311-P-2440,c2311-P-2440,53.0,0.0,0.0,0.0,50,51.5,53.0,40,47.5,53.0,53.0,53.0,2.0,1060.0,201
2023-05-09 21:06:05,c2311-P-2440,c2311-P-2440,53.0,0.0,0.0,0.0,30,51.5,52.5,10,47.5,53.0,53.0,53.0,2.0,1060.0,201
2023-05-09 21:06:10,c2311-P-2440,c2311-P-2440,53.0,0.0,0.0,0.0,20,51.5,52.5,20,47.5,53.0,53.0,53.0,2.0,1060.0,201
2023-05-09 21:06:10,c2311-P-2440,c2311-P-2440,53.0,0.0,0.0,0.0,30,51.5,52.5,10,47.5,53.0,53.0,53.0,2.0,1060.0,201
2023-05-09 21:06:13,c2311-P-2440,c2311-P-2440,53.0,0.0,0.0,0.0,60,51.5,53.0,60,47.5,53.0,53.0,53.0,2.0,1060.0,201
2023-05-09 21:06:14,c2311-P-2440,c2311-P-2440,53.0,0.0,0.0,0.0,50,51.5,53.0,60,47.5,53.0,53.0,53.0,2.0,1060.0,201
2023-05-09 21:06:17,c2311-P-2440,c2311-P-2440,53.0,0.0,0.0,0.0,40,51.5,53.0,60,47.5,53.0,53.0,53.0,2.0,1060.0,201
2023-05-09 21:06:18,c2311-P-2440,c2311-P-2440,53.0,0.0,0.0,0.0,50,51.5,53.0,60,47.5,53.0,53.0,53.0,2.0,1060.0,201
2023-05-09 21:06:20,c2311-P-2440,c2311-P-2440,53.0,0.0,0.0,0.0,40,51.5,52.5,10,47.5,53.0,53.0,53.0,2.0,1060.0,201
2023-05-09 21:06:21,c2311-P-2440,c2311-P-2440,53.0,0.0,0.0,0.0,50,51.5,52.5,10,47.5,53.0,53.0,53.0,2.0,1060.0,201
2023-05-09 21:06:22,c2311-P-2440,c2311-P-2440,53.0,0.0,0.0,0.0,60,51.5,52.5,10,47.5,53.0,53.0,53.0,2.0,1060.0,201
2023-05-09 21:06:23,c2311-P-2440,c2311-P-2440,53.0,0.0,0.0,0.0,50,51.5,52.5,10,47.5,53.0,53.0,53.0,2.0,1060.0,201
2023-05-09 21:06:27,c2311-P-2440,c2311-P-2440,53.0,0.0,0.0,0.0,50,51.5,53.0,70,47.5,53.0,53.0,53.0,2.0,1060.0,201
2023-05-09 21:06:28,c2311-P-2440,c2311-P-2440,53.0,0.0,0.0,0.0,30,51.5,52.5,10,47.5,53.0,53.0,53.0,2.0,1060.0,201
2023-05-09 21:06:29,c2311-P-2440,c2311-P-2440,53.0,0.0,0.0,0.0,40,51.5,53.0,70,47.5,53.0,53.0,53.0,2.0,1060.0,201
2023-05-09 21:06:30,c2311-P-2440,c2311-P-2440,53.0,0.0,0.0,0.0,40,51.5,53.0,60,47.5,53.0,53.0,53.0,2.0,1060.0,201
2023-05-09 21:06:41,c2311-P-2440,c2311-P-2440,53.0,0.0,0.0,0.0,40,51.5,53.0,40,47.5,53.0,53.0,53.0,2.0,1060.0,201
2023-05-09 21:06:41,c2311-P-2440,c2311-P-2440,53.0,0.0,0.0,0.0,40,51.5,53.0,30,47.5,53.0,53.0,53.0,2.0,1060.0,201
2023-05-09 21:06:42,c2311-P-2440,c2311-P-2440,53.0,0.0,0.0,0.0,40,51.5,53.0,40,47.5,53.0,53.0,53.0,2.0,1060.0,201
2023-05-09 21:06:42,c2311-P-2440,c2311-P-2440,53.0,0.0,0.0,0.0,40,51.5,53.0,50,47.5,53.0,53.0,53.0,2.0,1060.0,201
2023-05-09 21:06:43,c2311-P-2440,c2311-P-2440,53.0,0.0,0.0,0.0,40,51.5,53.0,40,47.5,53.0,53.0,53.0,2.0,1060.0,201
2023-05-09 21:06:43,c2311-P-2440,c2311-P-2440,53.0,0.0,0.0,0.0,30,51.5,52.5,10,47.5,53.0,53.0,53.0,2.0,1060.0,201
2023-05-09 21:06:44,c2311-P-2440,c2311-P-2440,53.0,0.0,0.0,0.0,40,51.5,53.0,70,47.5,53.0,53.0,53.0,2.0,1060.0,201
2023-05-09 21:06:44,c2311-P-2440,c2311-P-2440,53.0,0.0,0.0,0.0,50,51.5,53.0,60,47.5,53.0,53.0,53.0,2.0,1060.0,201
2023-05-09 21:06:45,c2311-P-2440,c2311-P-2440,53.0,0.0,0.0,0.0,40,51.5,53.0,60,47.5,53.0,53.0,53.0,2.0,1060.0,201
2023-05-09 21:06:49,c2311-P-2440,c2311-P-2440,53.0,0.0,0.0,0.0,30,51.5,52.5,10,47.5,53.0,53.0,53.0,2.0,1060.0,201
2023-05-09 21:06:50,c2311-P-2440,c2311-P-2440,53.0,0.0,0.0,0.0,20,51.5,52.5,10,47.5,53.0,53.0,53.0,2.0,1060.0,201
2023-05-09 21:06:51,c2311-P-2440,c2311-P-2440,53.0,0.0,0.0,0.0,30,51.5,52.5,20,47.5,53.0,53.0,53.0,2.0,1060.0,201
2023-05-09 21:06:52,c2311-P-2440,c2311-P-2440,53.0,0.0,0.0,0.0,10,51.5,52.5,40,47.5,53.0,53.0,53.0,2.0,1060.0,201
2023-05-09 21:06:52,c2311-P-2440,c2311-P-2440,53.0,0.0,0.0,0.0,41,51.0,52.5,50,47.5,53.0,53.0,53.0,2.0,1060.0,201
2023-05-09 21:06:54,c2311-P-2440,c2311-P-2440,53.0,0.0,0.0,0.0,51,51.0,52.5,40,47.5,53.0,53.0,53.0,2.0,1060.0,201
2023-05-09 21:06:55,c2311-P-2440,c2311-P-2440,53.0,0.0,0.0,0.0,41,51.0,52.5,40,47.5,53.0,53.0,53.0,2.0,1060.0,201
2023-05-09 21:07:04,c2311-P-2440,c2311-P-2440,53.0,0.0,0.0,0.0,10,51.5,52.5,10,47.5,53.0,53.0,53.0,2.0,1060.0,201
2023-05-09 21:07:05,c2311-P-2440,c2311-P-2440,53.0,0.0,0.0,0.0,30,51.5,53.0,50,47.5,53.0,53.0,53.0,2.0,1060.0,201
2023-05-09 21:07:05,c2311-P-2440,c2311-P-2440,53.0,0.0,0.0,0.0,30,51.5,53.0,40,47.5,53.0,53.0,53.0,2.0,1060.0,201
2023-05-09 21:07:07,c2311-P-2440,c2311-P-2440,53.0,0.0,0.0,0.0,20,51.5,53.0,40,47.5,53.0,53.0,53.0,2.0,1060.0,201
2023-05-09 21:07:07,c2311-P-2440,c2311-P-2440,53.0,0.0,0.0,0.0,10,51.5,52.5,30,47.5,53.0,53.0,53.0,2.0,1060.0,201
2023-05-09 21:07:08,c2311-P-2440,c2311-P-2440,53.0,0.0,0.0,0.0,41,51.0,52.5,30,47.5,53.0,53.0,53.0,2.0,1060.0,201
2023-05-09 21:07:08,c2311-P-2440,c2311-P-2440,53.0,0.0,0.0,0.0,10,51.5,52.5,20,47.5,53.0,53.0,53.0,2.0,1060.0,201
2023-05-09 21:07:09,c2311-P-2440,c2311-P-2440,53.0,0.0,0.0,0.0,31,51.0,52.5,30,47.5,53.0,53.0,53.0,2.0,1060.0,201
2023-05-09 21:07:09,c2311-P-2440,c2311-P-2440,53.0,0.0,0.0,0.0,51,51.0,52.5,40,47.5,53.0,53.0,53.0,2.0,1060.0,201
2023-05-09 21:07:10,c2311-P-2440,c2311-P-2440,53.0,0.0,0.0,0.0,41,51.0,52.5,40,47.5,53.0,53.0,53.0,2.0,1060.0,201
2023-05-09 21:07:11,c2311-P-2440,c2311-P-2440,53.0,0.0,0.0,0.0,41,51.0,52.5,30,47.5,53.0,53.0,53.0,2.0,1060.0,201
2023-05-09 21:07:12,c2311-P-2440,c2311-P-2440,53.0,0.0,0.0,0.0,41,51.0,52.5,20,47.5,53.0,53.0,53.0,2.0,1060.0,201
2023-05-09 21:07:13,c2311-P-2440,c2311-P-2440,53.0,0.0,0.0,0.0,51,51.0,52.5,20,47.5,53.0,53.0,53.0,2.0,1060.0,201
2023-05-09 21:07:13,c2311-P-2440,c2311-P-2440,53.0,0.0,0.0,0.0,41,51.0,52.5,20,47.5,53.0,53.0,53.0,2.0,1060.0,201
2023-05-09 21:07:14,c2311-P-2440,c2311-P-2440,53.0,0.0,0.0,0.0,51,51.0,52.5,20,47.5,53.0,53.0,53.0,2.0,1060.0,201
2023-05-09 21:07:15,c2311-P-2440,c2311-P-2440,53.0,0.0,0.0,0.0,61,51.0,52.5,10,47.5,53.0,53.0,53.0,2.0,1060.0,201
2023-05-09 21:07:16,c2311-P-2440,c2311-P-2440,53.0,0.0,0.0,0.0,10,51.5,53.0,60,47.5,53.0,53.0,53.0,2.0,1060.0,201
2023-05-09 21:07:16,c2311-P-2440,c2311-P-2440,53.0,0.0,0.0,0.0,20,51.5,53.0,60,47.5,53.0,53.0,53.0,2.0,1060.0,201
2023-05-09 21:07:17,c2311-P-2440,c2311-P-2440,53.0,0.0,0.0,0.0,40,51.5,53.0,60,47.5,53.0,53.0,53.0,2.0,1060.0,201
2023-05-09 21:07:17,c2311-P-2440,c2311-P-2440,53.0,0.0,0.0,0.0,10,51.5,52.5,30,47.5,53.0,53.0,53.0,2.0,1060.0,201
2023-05-09 21:07:19,c2311-P-2440,c2311-P-2440,53.0,0.0,0.0,0.0,10,51.5,52.5,20,47.5,53.0,53.0,53.0,2.0,1060.0,201
2023-05-09 21:07:20,c2311-P-2440,c2311-P-2440,53.0,0.0,0.0,0.0,10,51.5,52.5,30,47.5,53.0,53.0,53.0,2.0,1060.0,201
2023-05-09 21:07:20,c2311-P-2440,c2311-P-2440,53.0,0.0,0.0,0.0,10,51.5,52.5,40,47.5,53.0,53.0,53.0,2.0,1060.0,201
2023-05-09 21:07:21,c2311-P-2440,c2311-P-2440,53.0,0.0,0.0,0.0,41,51.0,52.5,70,47.5,53.0,53.0,53.0,2.0,1060.0,201
2023-05-09 21:07:21,c2311-P-2440,c2311-P-2440,53.0,0.0,0.0,0.0,30,51.0,52.5,70,47.5,53.0,53.0,53.0,2.0,1060.0,201
2023-05-09 21:07:23,c2311-P-2440,c2311-P-2440,53.0,0.0,0.0,0.0,30,51.0,52.5,60,47.5,53.0,53.0,53.0,2.0,1060.0,201
2023-05-09 21:07:25,c2311-P-2440,c2311-P-2440,53.0,0.0,0.0,0.0,30,51.0,52.0,10,47.5,53.0,53.0,53.0,2.0,1060.0,201
2023-05-09 21:07:30,c2311-P-2440,c2311-P-2440,53.0,0.0,0.0,0.0,10,51.0,52.0,40,47.5,53.0,53.0,53.0,2.0,1060.0,201
2023-05-09 21:07:30,c2311-P-2440,c2311-P-2440,53.0,0.0,0.0,0.0,10,51.0,52.0,50,47.5,53.0,53.0,53.0,2.0,1060.0,201
2023-05-09 21:07:31,c2311-P-2440,c2311-P-2440,53.0,0.0,0.0,0.0,20,51.0,52.0,40,47.5,53.0,53.0,53.0,2.0,1060.0,201
2023-05-09 21:07:32,c2311-P-2440,c2311-P-2440,53.0,0.0,0.0,0.0,10,51.0,52.0,40,47.5,53.0,53.0,53.0,2.0,1060.0,201
2023-05-09 21:07:33,c2311-P-2440,c2311-P-2440,53.0,0.0,0.0,0.0,10,51.0,52.0,30,47.5,53.0,53.0,53.0,2.0,1060.0,201
2023-05-09 21:07:33,c2311-P-2440,c2311-P-2440,53.0,0.0,0.0,0.0,10,51.0,52.0,40,47.5,53.0,53.0,53.0,2.0,1060.0,201
2023-05-09 21:07:35,c2311-P-2440,c2311-P-2440,53.0,0.0,0.0,0.0,10,51.0,52.0,30,47.5,53.0,53.0,53.0,2.0,1060.0,201
2023-05-09 21:07:35,c2311-P-2440,c2311-P-2440,53.0,0.0,0.0,0.0,10,51.0,52.0,40,47.5,53.0,53.0,53.0,2.0,1060.0,201
2023-05-09 21:07:50,c2311-P-2440,c2311-P-2440,53.0,0.0,0.0,0.0,40,50.5,51.5,20,47.5,53.0,53.0,53.0,2.0,1060.0,201
2023-05-09 21:07:50,c2311-P-2440,c2311-P-2440,53.0,0.0,0.0,0.0,10,50.5,51.5,30,47.5,53.0,53.0,53.0,2.0,1060.0,201
2023-05-09 21:07:52,c2311-P-2440,c2311-P-2440,53.0,0.0,0.0,0.0,10,50.5,51.5,40,47.5,53.0,53.0,53.0,2.0,1060.0,201
2023-05-09 21:07:55,c2311-P-2440,c2311-P-2440,53.0,0.0,0.0,0.0,10,50.5,51.5,50,47.5,53.0,53.0,53.0,2.0,1060.0,201
2023-05-09 21:07:55,c2311-P-2440,c2311-P-2440,53.0,0.0,0.0,0.0,30,50.0,51.5,60,47.5,53.0,53.0,53.0,2.0,1060.0,201
2023-05-09 21:07:57,c2311-P-2440,c2311-P-2440,53.0,0.0,0.0,0.0,30,50.0,51.5,50,47.5,53.0,53.0,53.0,2.0,1060.0,201
2023-05-09 21:07:59,c2311-P-2440,c2311-P-2440,53.0,0.0,0.0,0.0,50,50.0,51.5,40,47.5,53.0,53.0,53.0,2.0,1060.0,201
2023-05-09 21:07:59,c2311-P-2440,c2311-P-2440,53.0,0.0,0.0,0.0,60,50.0,51.5,40,47.5,53.0,53.0,53.0,2.0,1060.0,201
2023-05-09 21:08:01,c2311-P-2440,c2311-P-2440,53.0,0.0,0.0,0.0,50,50.0,51.5,40,47.5,53.0,53.0,53.0,2.0,1060.0,201
2023-05-09 21:08:03,c2311-P-2440,c2311-P-2440,53.0,0.0,0.0,0.0,40,50.0,51.5,50,47.5,53.0,53.0,53.0,2.0,1060.0,201
2023-05-09 21:08:03,c2311-P-2440,c2311-P-2440,53.0,0.0,0.0,0.0,40,50.0,51.5,60,47.5,53.0,53.0,53.0,2.0,1060.0,201
2023-05-09 21:08:04,c2311-P-2440,c2311-P-2440,53.0,0.0,0.0,0.0,40,50.0,51.0,10,47.5,53.0,53.0,53.0,2.0,1060.0,201
2023-05-09 21:08:06,c2311-P-2440,c2311-P-2440,53.0,0.0,0.0,0.0,30,50.0,51.0,30,47.5,53.0,53.0,53.0,2.0,1060.0,201
2023-05-09 21:08:07,c2311-P-2440,c2311-P-2440,53.0,0.0,0.0,0.0,10,50.0,50.5,10,47.5,53.0,53.0,53.0,2.0,1060.0,201
2023-05-09 21:08:07,c2311-P-2440,c2311-P-2440,53.0,0.0,0.0,0.0,20,49.5,50.5,30,47.5,53.0,53.0,53.0,2.0,1060.0,201
2023-05-09 21:08:08,c2311-P-2440,c2311-P-2440,53.0,0.0,0.0,0.0,30,49.5,50.5,30,47.5,53.0,53.0,53.0,2.0,1060.0,201
2023-05-09 21:08:08,c2311-P-2440,c2311-P-2440,53.0,0.0,0.0,0.0,40,49.5,50.5,10,47.5,53.0,53.0,53.0,2.0,1060.0,201
2023-05-09 21:08:09,c2311-P-2440,c2311-P-2440,53.0,0.0,0.0,0.0,40,49.5,51.0,50,47.5,53.0,53.0,53.0,2.0,1060.0,201
2023-05-09 21:08:10,c2311-P-2440,c2311-P-2440,53.0,0.0,0.0,0.0,30,49.5,51.0,50,47.5,53.0,53.0,53.0,2.0,1060.0,201
2023-05-09 21:08:17,c2311-P-2440,c2311-P-2440,53.0,0.0,0.0,0.0,30,49.5,50.5,10,47.5,53.0,53.0,53.0,2.0,1060.0,201
2023-05-09 21:08:17,c2311-P-2440,c2311-P-2440,53.0,0.0,0.0,0.0,30,49.5,51.0,60,47.5,53.0,53.0,53.0,2.0,1060.0,201
2023-05-09 21:08:19,c2311-P-2440,c2311-P-2440,53.0,0.0,0.0,0.0,30,49.5,51.0,50,47.5,53.0,53.0,53.0,2.0,1060.0,201
2023-05-09 21:08:23,c2311-P-2440,c2311-P-2440,53.0,0.0,0.0,0.0,30,49.5,50.5,10,47.5,53.0,53.0,53.0,2.0,1060.0,201
2023-05-09 21:08:24,c2311-P-2440,c2311-P-2440,53.0,0.0,0.0,0.0,30,49.5,51.0,60,47.5,53.0,53.0,53.0,2.0,1060.0,201
2023-05-09 21:08:25,c2311-P-2440,c2311-P-2440,53.0,0.0,0.0,0.0,20,49.5,51.0,60,47.5,53.0,53.0,53.0,2.0,1060.0,201
2023-05-09 21:08:26,c2311-P-2440,c2311-P-2440,53.0,0.0,0.0,0.0,20,49.5,51.0,50,47.5,53.0,53.0,53.0,2.0,1060.0,201
2023-05-09 21:08:26,c2311-P-2440,c2311-P-2440,53.0,0.0,0.0,0.0,30,49.5,51.0,60,47.5,53.0,53.0,53.0,2.0,1060.0,201
2023-05-09 21:08:27,c2311-P-2440,c2311-P-2440,53.0,0.0,0.0,0.0,30,49.5,51.0,50,47.5,53.0,53.0,53.0,2.0,1060.0,201
2023-05-09 21:08:29,c2311-P-2440,c2311-P-2440,53.0,0.0,0.0,0.0,30,49.5,50.5,10,47.5,53.0,53.0,53.0,2.0,1060.0,201
2023-05-09 21:08:29,c2311-P-2440,c2311-P-2440,53.0,0.0,0.0,0.0,40,49.5,51.0,50,47.5,53.0,53.0,53.0,2.0,1060.0,201
2023-05-09 21:08:30,c2311-P-2440,c2311-P-2440,53.0,0.0,0.0,0.0,40,49.5,51.0,60,47.5,53.0,53.0,53.0,2.0,1060.0,201
2023-05-09 21:08:30,c2311-P-2440,c2311-P-2440,53.0,0.0,0.0,0.0,40,49.5,51.0,50,47.5,53.0,53.0,53.0,2.0,1060.0,201
2023-05-09 21:08:36,c2311-P-2440,c2311-P-2440,53.0,0.0,0.0,0.0,40,49.5,51.0,60,47.5,53.0,53.0,53.0,2.0,1060.0,201
2023-05-09 21:08:36,c2311-P-2440,c2311-P-2440,53.0,0.0,0.0,0.0,40,49.5,51.0,50,47.5,53.0,53.0,53.0,2.0,1060.0,201
2023-05-09 21:08:47,c2311-P-2440,c2311-P-2440,53.0,0.0,0.0,0.0,30,49.5,50.5,20,47.5,53.0,53.0,53.0,2.0,1060.0,201
2023-05-09 21:08:47,c2311-P-2440,c2311-P-2440,53.0,0.0,0.0,0.0,30,49.5,50.5,30,47.5,53.0,53.0,53.0,2.0,1060.0,201
2023-05-09 21:08:49,c2311-P-2440,c2311-P-2440,53.0,0.0,0.0,0.0,40,49.5,50.5,20,47.5,53.0,53.0,53.0,2.0,1060.0,201
2023-05-09 21:08:49,c2311-P-2440,c2311-P-2440,53.0,0.0,0.0,0.0,50,49.5,51.0,50,47.5,53.0,53.0,53.0,2.0,1060.0,201
2023-05-09 21:08:51,c2311-P-2440,c2311-P-2440,53.0,0.0,0.0,0.0,40,49.5,51.0,50,47.5,53.0,53.0,53.0,2.0,1060.0,201
2023-05-09 21:08:51,c2311-P-2440,c2311-P-2440,53.0,0.0,0.0,0.0,50,49.5,51.0,50,47.5,53.0,53.0,53.0,2.0,1060.0,201
2023-05-09 21:08:54,c2311-P-2440,c2311-P-2440,53.0,0.0,0.0,0.0,40,49.5,50.5,10,47.5,53.0,53.0,53.0,2.0,1060.0,201
2023-05-09 21:08:54,c2311-P-2440,c2311-P-2440,53.0,0.0,0.0,0.0,30,49.5,50.5,20,47.5,53.0,53.0,53.0,2.0,1060.0,201
2023-05-09 21:08:55,c2311-P-2440,c2311-P-2440,53.0,0.0,0.0,0.0,40,49.5,50.5,20,47.5,53.0,53.0,53.0,2.0,1060.0,201
2023-05-09 21:08:55,c2311-P-2440,c2311-P-2440,53.0,0.0,0.0,0.0,50,49.5,51.0,50,47.5,53.0,53.0,53.0,2.0,1060.0,201
2023-05-09 21:08:57,c2311-P-2440,c2311-P-2440,53.0,0.0,0.0,0.0,40,49.5,51.0,50,47.5,53.0,53.0,53.0,2.0,1060.0,201
2023-05-09 21:09:01,c2311-P-2440,c2311-P-2440,53.0,0.0,0.0,0.0,40,49.5,50.5,10,47.5,53.0,53.0,53.0,2.0,1060.0,201
2023-05-09 21:09:02,c2311-P-2440,c2311-P-2440,53.0,0.0,0.0,0.0,30,49.5,50.5,30,47.5,53.0,53.0,53.0,2.0,1060.0,201
2023-05-09 21:09:06,c2311-P-2440,c2311-P-2440,53.0,0.0,0.0,0.0,30,49.5,50.5,20,47.5,53.0,53.0,53.0,2.0,1060.0,201
2023-05-09 21:09:07,c2311-P-2440,c2311-P-2440,53.0,0.0,0.0,0.0,40,49.5,50.5,20,47.5,53.0,53.0,53.0,2.0,1060.0,201
2023-05-09 21:09:10,c2311-P-2440,c2311-P-2440,53.0,0.0,0.0,0.0,30,49.5,50.5,20,47.5,53.0,53.0,53.0,2.0,1060.0,201
2023-05-09 21:09:15,c2311-P-2440,c2311-P-2440,53.0,0.0,0.0,0.0,10,49.5,50.5,50,47.5,53.0,53.0,53.0,2.0,1060.0,201
2023-05-09 21:09:15,c2311-P-2440,c2311-P-2440,53.0,0.0,0.0,0.0,10,49.5,50.5,60,47.5,53.0,53.0,53.0,2.0,1060.0,201
2023-05-09 21:09:16,c2311-P-2440,c2311-P-2440,53.0,0.0,0.0,0.0,20,49.5,50.5,50,47.5,53.0,53.0,53.0,2.0,1060.0,201
2023-05-09 21:09:16,c2311-P-2440,c2311-P-2440,53.0,0.0,0.0,0.0,20,49.5,50.5,40,47.5,53.0,53.0,53.0,2.0,1060.0,201
2023-05-09 21:09:17,c2311-P-2440,c2311-P-2440,53.0,0.0,0.0,0.0,10,49.5,50.5,60,47.5,53.0,53.0,53.0,2.0,1060.0,201
2023-05-09 21:09:18,c2311-P-2440,c2311-P-2440,53.0,0.0,0.0,0.0,20,49.5,50.5,30,47.5,53.0,53.0,53.0,2.0,1060.0,201
2023-05-09 21:09:19,c2311-P-2440,c2311-P-2440,53.0,0.0,0.0,0.0,20,49.5,50.5,40,47.5,53.0,53.0,53.0,2.0,1060.0,201
2023-05-09 21:09:19,c2311-P-2440,c2311-P-2440,53.0,0.0,0.0,0.0,20,49.5,50.5,30,47.5,53.0,53.0,53.0,2.0,1060.0,201
2023-05-09 21:09:20,c2311-P-2440,c2311-P-2440,53.0,0.0,0.0,0.0,30,49.5,50.5,20,47.5,53.0,53.0,53.0,2.0,1060.0,201
2023-05-09 21:09:23,c2311-P-2440,c2311-P-2440,53.0,0.0,0.0,0.0,40,49.5,50.5,20,47.5,53.0,53.0,53.0,2.0,1060.0,201
2023-05-09 21:09:24,c2311-P-2440,c2311-P-2440,53.0,0.0,0.0,0.0,30,49.5,50.5,20,47.5,53.0,53.0,53.0,2.0,1060.0,201
2023-05-09 21:09:25,c2311-P-2440,c2311-P-2440,53.0,0.0,0.0,0.0,40,49.5,50.5,20,47.5,53.0,53.0,53.0,2.0,1060.0,201
2023-05-09 21:09:26,c2311-P-2440,c2311-P-2440,53.0,0.0,0.0,0.0,40,49.5,50.5,10,47.5,53.0,53.0,53.0,2.0,1060.0,201
2023-05-09 21:09:28,c2311-P-2440,c2311-P-2440,53.0,0.0,0.0,0.0,40,49.5,51.0,60,47.5,53.0,53.0,53.0,2.0,1060.0,201
2023-05-09 21:09:28,c2311-P-2440,c2311-P-2440,53.0,0.0,0.0,0.0,50,49.5,51.0,50,47.5,53.0,53.0,53.0,2.0,1060.0,201
2023-05-09 21:09:29,c2311-P-2440,c2311-P-2440,53.0,0.0,0.0,0.0,40,49.5,51.0,20,47.5,53.0,53.0,53.0,2.0,1060.0,201
2023-05-09 21:09:31,c2311-P-2440,c2311-P-2440,53.0,0.0,0.0,0.0,40,49.5,51.0,40,47.5,53.0,53.0,53.0,2.0,1060.0,201
2023-05-09 21:09:32,c2311-P-2440,c2311-P-2440,53.0,0.0,0.0,0.0,40,49.5,50.5,10,47.5,53.0,53.0,53.0,2.0,1060.0,201
2023-05-09 21:09:55,c2311-P-2440,c2311-P-2440,53.0,0.0,0.0,0.0,30,49.5,50.5,10,47.5,53.0,53.0,53.0,2.0,1060.0,201
2023-05-09 21:09:57,c2311-P-2440,c2311-P-2440,53.0,0.0,0.0,0.0,40,49.5,50.5,10,47.5,53.0,53.0,53.0,2.0,1060.0,201
2023-05-09 21:10:11,c2311-P-2440,c2311-P-2440,53.0,0.0,0.0,0.0,40,49.5,50.5,20,47.5,53.0,53.0,53.0,2.0,1060.0,201
2023-05-09 21:10:11,c2311-P-2440,c2311-P-2440,53.0,0.0,0.0,0.0,40,49.5,50.5,10,47.5,53.0,53.0,53.0,2.0,1060.0,201
2023-05-09 21:10:15,c2311-P-2440,c2311-P-2440,53.0,0.0,0.0,0.0,20,49.5,50.5,40,47.5,53.0,53.0,53.0,2.0,1060.0,201
2023-05-09 21:10:15,c2311-P-2440,c2311-P-2440,53.0,0.0,0.0,0.0,30,49.5,50.5,30,47.5,53.0,53.0,53.0,2.0,1060.0,201
2023-05-09 21:10:16,c2311-P-2440,c2311-P-2440,53.0,0.0,0.0,0.0,10,49.5,50.5,60,47.5,53.0,53.0,53.0,2.0,1060.0,201
2023-05-09 21:10:17,c2311-P-2440,c2311-P-2440,53.0,0.0,0.0,0.0,10,49.5,50.5,50,47.5,53.0,53.0,53.0,2.0,1060.0,201
2023-05-09 21:10:17,c2311-P-2440,c2311-P-2440,53.0,0.0,0.0,0.0,10,49.5,50.5,40,47.5,53.0,53.0,53.0,2.0,1060.0,201
2023-05-09 21:10:17,c2311-P-2440,c2311-P-2440,53.0,0.0,0.0,0.0,30,49.5,50.5,20,47.5,53.0,53.0,53.0,2.0,1060.0,201
2023-05-09 21:10:49,c2311-P-2440,c2311-P-2440,53.0,0.0,0.0,0.0,30,49.5,50.5,10,47.5,53.0,53.0,53.0,2.0,1060.0,201
2023-05-09 21:10:49,c2311-P-2440,c2311-P-2440,53.0,0.0,0.0,0.0,20,49.5,50.5,40,47.5,53.0,53.0,53.0,2.0,1060.0,201
2023-05-09 21:10:50,c2311-P-2440,c2311-P-2440,53.0,0.0,0.0,0.0,10,49.5,50.5,40,47.5,53.0,53.0,53.0,2.0,1060.0,201
2023-05-09 21:10:52,c2311-P-2440,c2311-P-2440,53.0,0.0,0.0,0.0,20,49.5,50.5,40,47.5,53.0,53.0,53.0,2.0,1060.0,201
2023-05-09 21:10:55,c2311-P-2440,c2311-P-2440,53.0,0.0,0.0,0.0,30,49.5,50.5,40,47.5,53.0,53.0,53.0,2.0,1060.0,201
2023-05-09 21:10:55,c2311-P-2440,c2311-P-2440,53.0,0.0,0.0,0.0,50,49.5,50.5,10,47.5,53.0,53.0,53.0,2.0,1060.0,201
2023-05-09 21:10:56,c2311-P-2440,c2311-P-2440,53.0,0.0,0.0,0.0,40,49.5,50.5,10,47.5,53.0,53.0,53.0,2.0,1060.0,201
2023-05-09 21:11:04,c2311-P-2440,c2311-P-2440,53.0,0.0,0.0,0.0,30,49.5,50.5,40,47.5,53.0,53.0,53.0,2.0,1060.0,201
2023-05-09 21:11:06,c2311-P-2440,c2311-P-2440,53.0,0.0,0.0,0.0,30,49.5,50.5,30,47.5,53.0,53.0,53.0,2.0,1060.0,201
2023-05-09 21:11:07,c2311-P-2440,c2311-P-2440,53.0,0.0,0.0,0.0,30,49.5,50.5,20,47.5,53.0,53.0,53.0,2.0,1060.0,201
2023-05-09 21:11:09,c2311-P-2440,c2311-P-2440,53.0,0.0,0.0,0.0,30,49.5,50.5,10,47.5,53.0,53.0,53.0,2.0,1060.0,201
2023-05-09 21:11:10,c2311-P-2440,c2311-P-2440,53.0,0.0,0.0,0.0,30,49.5,51.0,60,47.5,53.0,53.0,53.0,2.0,1060.0,201
2023-05-09 21:11:12,c2311-P-2440,c2311-P-2440,53.0,0.0,0.0,0.0,30,49.5,51.0,50,47.5,53.0,53.0,53.0,2.0,1060.0,201
2023-05-09 21:11:12,c2311-P-2440,c2311-P-2440,53.0,0.0,0.0,0.0,40,49.5,51.0,50,47.5,53.0,53.0,53.0,2.0,1060.0,201
2023-05-09 21:11:13,c2311-P-2440,c2311-P-2440,53.0,0.0,0.0,0.0,30,49.5,50.5,10,47.5,53.0,53.0,53.0,2.0,1060.0,201
2023-05-09 21:11:14,c2311-P-2440,c2311-P-2440,53.0,0.0,0.0,0.0,40,49.5,51.0,60,47.5,53.0,53.0,53.0,2.0,1060.0,201
2023-05-09 21:11:15,c2311-P-2440,c2311-P-2440,53.0,0.0,0.0,0.0,40,49.5,51.0,50,47.5,53.0,53.0,53.0,2.0,1060.0,201
2023-05-09 21:11:17,c2311-P-2440,c2311-P-2440,53.0,0.0,0.0,0.0,40,49.5,50.5,10,47.5,53.0,53.0,53.0,2.0,1060.0,201
2023-05-09 21:11:21,c2311-P-2440,c2311-P-2440,53.0,0.0,0.0,0.0,30,49.5,50.5,10,47.5,53.0,53.0,53.0,2.0,1060.0,201
2023-05-09 21:11:28,c2311-P-2440,c2311-P-2440,53.0,0.0,0.0,0.0,30,49.5,51.0,60,47.5,53.0,53.0,53.0,2.0,1060.0,201
2023-05-09 21:11:28,c2311-P-2440,c2311-P-2440,53.0,0.0,0.0,0.0,50,49.5,51.0,40,47.5,53.0,53.0,53.0,2.0,1060.0,201
2023-05-09 21:11:31,c2311-P-2440,c2311-P-2440,53.0,0.0,0.0,0.0,40,49.5,51.0,40,47.5,53.0,53.0,53.0,2.0,1060.0,201
2023-05-09 21:11:34,c2311-P-2440,c2311-P-2440,53.0,0.0,0.0,0.0,40,49.5,51.0,50,47.5,53.0,53.0,53.0,2.0,1060.0,201
2023-05-09 21:11:37,c2311-P-2440,c2311-P-2440,53.0,0.0,0.0,0.0,60,49.5,51.0,20,47.5,53.0,53.0,53.0,2.0,1060.0,201
2023-05-09 21:11:37,c2311-P-2440,c2311-P-2440,53.0,0.0,0.0,0.0,50,49.5,51.0,20,47.5,53.0,53.0,53.0,2.0,1060.0,201
2023-05-09 21:11:38,c2311-P-2440,c2311-P-2440,53.0,0.0,0.0,0.0,10,50.0,51.0,20,47.5,53.0,53.0,53.0,2.0,1060.0,201
2023-05-09 21:11:38,c2311-P-2440,c2311-P-2440,53.0,0.0,0.0,0.0,20,50.0,51.0,20,47.5,53.0,53.0,53.0,2.0,1060.0,201
2023-05-09 21:11:39,c2311-P-2440,c2311-P-2440,53.0,0.0,0.0,0.0,30,50.0,51.0,10,47.5,53.0,53.0,53.0,2.0,1060.0,201
2023-05-09 21:11:39,c2311-P-2440,c2311-P-2440,53.0,0.0,0.0,0.0,40,50.0,51.0,10,47.5,53.0,53.0,53.0,2.0,1060.0,201
2023-05-09 21:11:51,c2311-P-2440,c2311-P-2440,53.0,0.0,0.0,0.0,20,50.5,51.0,10,47.5,53.0,53.0,53.0,2.0,1060.0,201
2023-05-09 21:11:51,c2311-P-2440,c2311-P-2440,53.0,0.0,0.0,0.0,30,50.5,51.5,30,47.5,53.0,53.0,53.0,2.0,1060.0,201
2023-05-09 21:11:53,c2311-P-2440,c2311-P-2440,53.0,0.0,0.0,0.0,30,50.5,51.5,20,47.5,53.0,53.0,53.0,2.0,1060.0,201
2023-05-09 21:11:56,c2311-P-2440,c2311-P-2440,53.0,0.0,0.0,0.0,10,50.5,51.5,40,47.5,53.0,53.0,53.0,2.0,1060.0,201
2023-05-09 21:11:56,c2311-P-2440,c2311-P-2440,53.0,0.0,0.0,0.0,10,50.5,51.0,10,47.5,53.0,53.0,53.0,2.0,1060.0,201
2023-05-09 21:11:57,c2311-P-2440,c2311-P-2440,53.0,0.0,0.0,0.0,10,50.5,51.5,40,47.5,53.0,53.0,53.0,2.0,1060.0,201
2023-05-09 21:12:00,c2311-P-2440,c2311-P-2440,53.0,0.0,0.0,0.0,10,50.5,51.0,10,47.5,53.0,53.0,53.0,2.0,1060.0,201
2023-05-09 21:12:01,c2311-P-2440,c2311-P-2440,53.0,0.0,0.0,0.0,10,50.5,51.5,40,47.5,53.0,53.0,53.0,2.0,1060.0,201
2023-05-09 21:12:01,c2311-P-2440,c2311-P-2440,53.0,0.0,0.0,0.0,20,50.5,51.5,30,47.5,53.0,53.0,53.0,2.0,1060.0,201
2023-05-09 21:12:02,c2311-P-2440,c2311-P-2440,53.0,0.0,0.0,0.0,10,50.5,51.5,30,47.5,53.0,53.0,53.0,2.0,1060.0,201
2023-05-09 21:12:03,c2311-P-2440,c2311-P-2440,53.0,0.0,0.0,0.0,10,50.5,51.0,10,47.5,53.0,53.0,53.0,2.0,1060.0,201
2023-05-09 21:12:05,c2311-P-2440,c2311-P-2440,53.0,0.0,0.0,0.0,20,50.5,51.0,10,47.5,53.0,53.0,53.0,2.0,1060.0,201
2023-05-09 21:12:05,c2311-P-2440,c2311-P-2440,53.0,0.0,0.0,0.0,30,50.5,51.0,10,47.5,53.0,53.0,53.0,2.0,1060.0,201
2023-05-09 21:12:06,c2311-P-2440,c2311-P-2440,53.0,0.0,0.0,0.0,20,50.5,51.0,10,47.5,53.0,53.0,53.0,2.0,1060.0,201
2023-05-09 21:12:07,c2311-P-2440,c2311-P-2440,53.0,0.0,0.0,0.0,40,50.5,51.5,10,47.5,53.0,53.0,53.0,2.0,1060.0,201
2023-05-09 21:12:08,c2311-P-2440,c2311-P-2440,53.0,0.0,0.0,0.0,30,50.5,51.5,10,47.5,53.0,53.0,53.0,2.0,1060.0,201
2023-05-09 21:12:09,c2311-P-2440,c2311-P-2440,53.0,0.0,0.0,0.0,1,51.0,52.0,50,47.5,53.0,53.0,53.0,2.0,1060.0,201
2023-05-09 21:12:09,c2311-P-2440,c2311-P-2440,53.0,0.0,0.0,0.0,11,51.0,52.0,50,47.5,53.0,53.0,53.0,2.0,1060.0,201
2023-05-09 21:12:11,c2311-P-2440,c2311-P-2440,53.0,0.0,0.0,0.0,11,51.0,51.5,10,47.5,53.0,53.0,53.0,2.0,1060.0,201
2023-05-09 21:12:20,c2311-P-2440,c2311-P-2440,53.0,0.0,0.0,0.0,11,51.0,51.5,30,47.5,53.0,53.0,53.0,2.0,1060.0,201
2023-05-09 21:12:20,c2311-P-2440,c2311-P-2440,53.0,0.0,0.0,0.0,11,51.0,51.5,20,47.5,53.0,53.0,53.0,2.0,1060.0,201
2023-05-09 21:12:23,c2311-P-2440,c2311-P-2440,51.0,11.0,5610.0,-10.0,50,50.5,51.5,30,47.5,53.0,53.0,51.0,13.0,6670.0,191
2023-05-09 21:12:23,c2311-P-2440,c2311-P-2440,51.0,0.0,0.0,0.0,30,50.5,51.5,40,47.5,53.0,53.0,51.0,13.0,6670.0,191
2023-05-09 21:12:25,c2311-P-2440,c2311-P-2440,51.0,0.0,0.0,0.0,30,50.5,51.5,30,47.5,53.0,53.0,51.0,13.0,6670.0,191
2023-05-09 21:12:25,c2311-P-2440,c2311-P-2440,51.0,0.0,0.0,0.0,20,50.5,51.5,30,47.5,53.0,53.0,51.0,13.0,6670.0,191
2023-05-09 21:12:26,c2311-P-2440,c2311-P-2440,51.0,0.0,0.0,0.0,40,50.5,51.5,10,47.5,53.0,53.0,51.0,13.0,6670.0,191
2023-05-09 21:12:27,c2311-P-2440,c2311-P-2440,51.0,0.0,0.0,0.0,20,50.5,51.5,40,47.5,53.0,53.0,51.0,13.0,6670.0,191
2023-05-09 21:12:27,c2311-P-2440,c2311-P-2440,51.0,0.0,0.0,0.0,20,50.5,51.5,50,47.5,53.0,53.0,51.0,13.0,6670.0,191
2023-05-09 21:12:29,c2311-P-2440,c2311-P-2440,51.0,0.0,0.0,0.0,20,50.5,51.5,40,47.5,53.0,53.0,51.0,13.0,6670.0,191
2023-05-09 21:12:30,c2311-P-2440,c2311-P-2440,51.0,0.0,0.0,0.0,20,50.5,51.5,50,47.5,53.0,53.0,51.0,13.0,6670.0,191
2023-05-09 21:12:31,c2311-P-2440,c2311-P-2440,51.0,0.0,0.0,0.0,10,50.5,51.5,50,47.5,53.0,53.0,51.0,13.0,6670.0,191
2023-05-09 21:12:33,c2311-P-2440,c2311-P-2440,51.0,0.0,0.0,0.0,30,50.5,51.5,40,47.5,53.0,53.0,51.0,13.0,6670.0,191
2023-05-09 21:12:33,c2311-P-2440,c2311-P-2440,51.0,0.0,0.0,0.0,10,50.5,51.5,50,47.5,53.0,53.0,51.0,13.0,6670.0,191
2023-05-09 21:12:45,c2311-P-2440,c2311-P-2440,51.0,0.0,0.0,0.0,10,50.5,51.0,10,47.5,53.0,53.0,51.0,13.0,6670.0,191
2023-05-09 21:13:08,c2311-P-2440,c2311-P-2440,51.0,0.0,0.0,0.0,30,50.0,51.0,30,47.5,53.0,53.0,51.0,13.0,6670.0,191
2023-05-09 21:13:09,c2311-P-2440,c2311-P-2440,51.0,0.0,0.0,0.0,20,50.0,51.0,20,47.5,53.0,53.0,51.0,13.0,6670.0,191
2023-05-09 21:13:10,c2311-P-2440,c2311-P-2440,51.0,0.0,0.0,0.0,30,50.0,51.0,20,47.5,53.0,53.0,51.0,13.0,6670.0,191
2023-05-09 21:13:10,c2311-P-2440,c2311-P-2440,51.0,0.0,0.0,0.0,20,50.0,51.0,30,47.5,53.0,53.0,51.0,13.0,6670.0,191
2023-05-09 21:13:26,c2311-P-2440,c2311-P-2440,51.0,0.0,0.0,0.0,20,50.0,51.0,40,47.5,53.0,53.0,51.0,13.0,6670.0,191
2023-05-09 21:13:27,c2311-P-2440,c2311-P-2440,51.0,0.0,0.0,0.0,10,50.0,51.0,60,47.5,53.0,53.0,51.0,13.0,6670.0,191
2023-05-09 21:13:27,c2311-P-2440,c2311-P-2440,51.0,0.0,0.0,0.0,10,50.0,51.0,50,47.5,53.0,53.0,51.0,13.0,6670.0,191
2023-05-09 21:13:27,c2311-P-2440,c2311-P-2440,51.0,0.0,0.0,0.0,10,50.0,51.0,40,47.5,53.0,53.0,51.0,13.0,6670.0,191
2023-05-09 21:13:28,c2311-P-2440,c2311-P-2440,51.0,0.0,0.0,0.0,20,50.0,51.0,30,47.5,53.0,53.0,51.0,13.0,6670.0,191
2023-05-09 21:13:28,c2311-P-2440,c2311-P-2440,51.0,0.0,0.0,0.0,20,50.0,51.0,50,47.5,53.0,53.0,51.0,13.0,6670.0,191
2023-05-09 21:13:29,c2311-P-2440,c2311-P-2440,51.0,0.0,0.0,0.0,20,50.0,51.0,60,47.5,53.0,53.0,51.0,13.0,6670.0,191
2023-05-09 21:13:30,c2311-P-2440,c2311-P-2440,51.0,0.0,0.0,0.0,10,50.0,51.0,60,47.5,53.0,53.0,51.0,13.0,6670.0,191
2023-05-09 21:13:30,c2311-P-2440,c2311-P-2440,51.0,0.0,0.0,0.0,10,50.0,50.5,10,47.5,53.0,53.0,51.0,13.0,6670.0,191
2023-05-09 21:13:31,c2311-P-2440,c2311-P-2440,51.0,0.0,0.0,0.0,10,50.0,51.0,60,47.5,53.0,53.0,51.0,13.0,6670.0,191
2023-05-09 21:13:31,c2311-P-2440,c2311-P-2440,51.0,0.0,0.0,0.0,10,50.0,51.0,50,47.5,53.0,53.0,51.0,13.0,6670.0,191
2023-05-09 21:13:38,c2311-P-2440,c2311-P-2440,51.0,0.0,0.0,0.0,30,50.0,51.0,10,47.5,53.0,53.0,51.0,13.0,6670.0,191
2023-05-09 21:13:38,c2311-P-2440,c2311-P-2440,51.0,0.0,0.0,0.0,40,50.0,51.0,20,47.5,53.0,53.0,51.0,13.0,6670.0,191
2023-05-09 21:13:39,c2311-P-2440,c2311-P-2440,51.0,0.0,0.0,0.0,40,50.0,51.0,10,47.5,53.0,53.0,51.0,13.0,6670.0,191
2023-05-09 21:13:39,c2311-P-2440,c2311-P-2440,51.0,0.0,0.0,0.0,40,50.0,51.5,60,47.5,53.0,53.0,51.0,13.0,6670.0,191
2023-05-09 21:13:39,c2311-P-2440,c2311-P-2440,51.0,0.0,0.0,0.0,50,50.0,51.5,50,47.5,53.0,53.0,51.0,13.0,6670.0,191
2023-05-09 21:13:41,c2311-P-2440,c2311-P-2440,51.0,0.0,0.0,0.0,40,50.0,51.5,50,47.5,53.0,53.0,51.0,13.0,6670.0,191
2023-05-09 21:13:43,c2311-P-2440,c2311-P-2440,51.0,0.0,0.0,0.0,40,50.0,51.0,10,47.5,53.0,53.0,51.0,13.0,6670.0,191
2023-05-09 21:13:43,c2311-P-2440,c2311-P-2440,51.0,0.0,0.0,0.0,40,50.0,51.0,20,47.5,53.0,53.0,51.0,13.0,6670.0,191
2023-05-09 21:13:45,c2311-P-2440,c2311-P-2440,51.0,0.0,0.0,0.0,20,50.0,51.0,40,47.5,53.0,53.0,51.0,13.0,6670.0,191
2023-05-09 21:13:45,c2311-P-2440,c2311-P-2440,51.0,0.0,0.0,0.0,40,50.0,51.0,20,47.5,53.0,53.0,51.0,13.0,6670.0,191
2023-05-09 21:13:49,c2311-P-2440,c2311-P-2440,51.0,0.0,0.0,0.0,30,50.0,51.0,30,47.5,53.0,53.0,51.0,13.0,6670.0,191
2023-05-09 21:13:49,c2311-P-2440,c2311-P-2440,51.0,0.0,0.0,0.0,40,50.0,51.0,30,47.5,53.0,53.0,51.0,13.0,6670.0,191
2023-05-09 21:13:50,c2311-P-2440,c2311-P-2440,51.0,0.0,0.0,0.0,20,50.0,50.5,10,47.5,53.0,53.0,51.0,13.0,6670.0,191
2023-05-09 21:13:50,c2311-P-2440,c2311-P-2440,51.0,0.0,0.0,0.0,30,50.0,50.5,10,47.5,53.0,53.0,51.0,13.0,6670.0,191
2023-05-09 21:13:51,c2311-P-2440,c2311-P-2440,51.0,0.0,0.0,0.0,20,50.0,50.5,10,47.5,53.0,53.0,51.0,13.0,6670.0,191
2023-05-09 21:13:51,c2311-P-2440,c2311-P-2440,51.0,0.0,0.0,0.0,30,50.0,50.5,10,47.5,53.0,53.0,51.0,13.0,6670.0,191
2023-05-09 21:13:54,c2311-P-2440,c2311-P-2440,51.0,0.0,0.0,0.0,40,50.0,50.5,10,47.5,53.0,53.0,51.0,13.0,6670.0,191
2023-05-09 21:13:57,c2311-P-2440,c2311-P-2440,50.5,10.0,5050.0,0.0,30,50.0,51.0,10,47.5,53.0,53.0,50.5,23.0,11720.0,191
2023-05-09 21:13:58,c2311-P-2440,c2311-P-2440,50.5,0.0,0.0,0.0,40,50.0,51.5,40,47.5,53.0,53.0,50.5,23.0,11720.0,191
2023-05-09 21:13:58,c2311-P-2440,c2311-P-2440,50.5,0.0,0.0,0.0,40,50.0,51.5,50,47.5,53.0,53.0,50.5,23.0,11720.0,191
2023-05-09 21:13:59,c2311-P-2440,c2311-P-2440,50.5,0.0,0.0,0.0,50,50.0,51.5,50,47.5,53.0,53.0,50.5,23.0,11720.0,191
2023-05-09 21:14:00,c2311-P-2440,c2311-P-2440,50.5,0.0,0.0,0.0,40,50.0,51.5,40,47.5,53.0,53.0,50.5,23.0,11720.0,191
2023-05-09 21:14:00,c2311-P-2440,c2311-P-2440,50.5,0.0,0.0,0.0,30,50.5,51.5,20,47.5,53.0,53.0,50.5,23.0,11720.0,191
2023-05-09 21:14:02,c2311-P-2440,c2311-P-2440,50.5,0.0,0.0,0.0,30,50.5,51.5,10,47.5,53.0,53.0,50.5,23.0,11720.0,191
2023-05-09 21:14:05,c2311-P-2440,c2311-P-2440,50.5,0.0,0.0,0.0,20,50.5,51.5,20,47.5,53.0,53.0,50.5,23.0,11720.0,191
2023-05-09 21:14:08,c2311-P-2440,c2311-P-2440,50.5,0.0,0.0,0.0,20,50.5,51.5,10,47.5,53.0,53.0,50.5,23.0,11720.0,191
2023-05-09 21:14:10,c2311-P-2440,c2311-P-2440,50.5,0.0,0.0,0.0,20,50.5,51.5,20,47.5,53.0,53.0,50.5,23.0,11720.0,191
2023-05-09 21:14:16,c2311-P-2440,c2311-P-2440,50.5,0.0,0.0,0.0,10,50.5,51.5,40,47.5,53.0,53.0,50.5,23.0,11720.0,191
2023-05-09 21:14:16,c2311-P-2440,c2311-P-2440,50.5,0.0,0.0,0.0,20,50.5,51.5,30,47.5,53.0,53.0,50.5,23.0,11720.0,191
2023-05-09 21:14:17,c2311-P-2440,c2311-P-2440,50.5,0.0,0.0,0.0,20,50.5,51.5,40,47.5,53.0,53.0,50.5,23.0,11720.0,191
2023-05-09 21:14:17,c2311-P-2440,c2311-P-2440,50.5,0.0,0.0,0.0,10,50.5,51.5,40,47.5,53.0,53.0,50.5,23.0,11720.0,191
2023-05-09 21:14:22,c2311-P-2440,c2311-P-2440,50.5,0.0,0.0,0.0,10,50.5,51.5,30,47.5,53.0,53.0,50.5,23.0,11720.0,191
2023-05-09 21:14:23,c2311-P-2440,c2311-P-2440,50.5,0.0,0.0,0.0,10,50.5,51.5,40,47.5,53.0,53.0,50.5,23.0,11720.0,191
2023-05-09 21:14:29,c2311-P-2440,c2311-P-2440,50.5,0.0,0.0,0.0,10,50.5,51.0,10,47.5,53.0,53.0,50.5,23.0,11720.0,191
2023-05-09 21:14:36,c2311-P-2440,c2311-P-2440,50.5,0.0,0.0,0.0,10,50.5,51.0,40,47.5,53.0,53.0,50.5,23.0,11720.0,191
2023-05-09 21:14:37,c2311-P-2440,c2311-P-2440,50.5,0.0,0.0,0.0,10,50.5,51.0,20,47.5,53.0,53.0,50.5,23.0,11720.0,191
2023-05-09 21:14:38,c2311-P-2440,c2311-P-2440,50.5,0.0,0.0,0.0,10,50.5,51.0,10,47.5,53.0,53.0,50.5,23.0,11720.0,191
2023-05-09 21:14:39,c2311-P-2440,c2311-P-2440,50.5,0.0,0.0,0.0,20,50.5,51.0,20,47.5,53.0,53.0,50.5,23.0,11720.0,191
2023-05-09 21:14:39,c2311-P-2440,c2311-P-2440,50.5,0.0,0.0,0.0,10,50.5,51.0,20,47.5,53.0,53.0,50.5,23.0,11720.0,191
2023-05-09 21:15:00,c2311-P-2440,c2311-P-2440,50.5,0.0,0.0,0.0,10,50.5,51.0,10,47.5,53.0,53.0,50.5,23.0,11720.0,191
2023-05-09 21:15:01,c2311-P-2440,c2311-P-2440,50.5,0.0,0.0,0.0,20,50.5,51.5,40,47.5,53.0,53.0,50.5,23.0,11720.0,191
2023-05-09 21:15:02,c2311-P-2440,c2311-P-2440,50.5,0.0,0.0,0.0,10,50.5,51.5,40,47.5,53.0,53.0,50.5,23.0,11720.0,191
2023-05-09 21:15:10,c2311-P-2440,c2311-P-2440,50.5,0.0,0.0,0.0,20,50.5,51.5,30,47.5,53.0,53.0,50.5,23.0,11720.0,191
2023-05-09 21:15:11,c2311-P-2440,c2311-P-2440,50.5,0.0,0.0,0.0,10,50.5,51.5,40,47.5,53.0,53.0,50.5,23.0,11720.0,191
2023-05-09 21:15:11,c2311-P-2440,c2311-P-2440,50.5,0.0,0.0,0.0,20,50.5,51.5,30,47.5,53.0,53.0,50.5,23.0,11720.0,191
2023-05-09 21:15:15,c2311-P-2440,c2311-P-2440,50.5,0.0,0.0,0.0,20,50.5,51.0,10,47.5,53.0,53.0,50.5,23.0,11720.0,191
2023-05-09 21:15:15,c2311-P-2440,c2311-P-2440,50.5,0.0,0.0,0.0,10,50.5,51.0,10,47.5,53.0,53.0,50.5,23.0,11720.0,191
2023-05-09 21:16:03,c2311-P-2440,c2311-P-2440,50.5,0.0,0.0,0.0,20,50.0,51.0,30,47.5,53.0,53.0,50.5,23.0,11720.0,191
2023-05-09 21:16:03,c2311-P-2440,c2311-P-2440,50.5,0.0,0.0,0.0,10,50.0,51.0,50,47.5,53.0,53.0,50.5,23.0,11720.0,191
2023-05-09 21:16:04,c2311-P-2440,c2311-P-2440,50.5,0.0,0.0,0.0,50,49.5,51.0,60,47.5,53.0,53.0,50.5,23.0,11720.0,191
2023-05-09 21:16:04,c2311-P-2440,c2311-P-2440,50.5,0.0,0.0,0.0,40,49.5,51.0,50,47.5,53.0,53.0,50.5,23.0,11720.0,191
2023-05-09 21:16:05,c2311-P-2440,c2311-P-2440,50.5,0.0,0.0,0.0,40,49.5,51.0,60,47.5,53.0,53.0,50.5,23.0,11720.0,191
2023-05-09 21:16:09,c2311-P-2440,c2311-P-2440,50.5,0.0,0.0,0.0,40,49.5,50.5,10,47.5,53.0,53.0,50.5,23.0,11720.0,191
2023-05-09 21:16:10,c2311-P-2440,c2311-P-2440,50.5,0.0,0.0,0.0,30,49.5,50.5,10,47.5,53.0,53.0,50.5,23.0,11720.0,191
2023-05-09 21:16:12,c2311-P-2440,c2311-P-2440,50.5,0.0,0.0,0.0,20,49.5,50.5,10,47.5,53.0,53.0,50.5,23.0,11720.0,191
2023-05-09 21:16:13,c2311-P-2440,c2311-P-2440,50.5,0.0,0.0,0.0,63,49.0,50.5,20,47.5,53.0,53.0,50.5,23.0,11720.0,191
2023-05-09 21:16:13,c2311-P-2440,c2311-P-2440,50.5,0.0,0.0,0.0,63,49.0,50.5,30,47.5,53.0,53.0,50.5,23.0,11720.0,191
2023-05-09 21:16:14,c2311-P-2440,c2311-P-2440,50.5,0.0,0.0,0.0,20,49.5,50.5,10,47.5,53.0,53.0,50.5,23.0,11720.0,191
2023-05-09 21:16:15,c2311-P-2440,c2311-P-2440,50.5,0.0,0.0,0.0,53,49.0,50.5,20,47.5,53.0,53.0,50.5,23.0,11720.0,191
2023-05-09 21:16:16,c2311-P-2440,c2311-P-2440,50.5,0.0,0.0,0.0,53,49.0,50.5,10,47.5,53.0,53.0,50.5,23.0,11720.0,191
2023-05-09 21:16:17,c2311-P-2440,c2311-P-2440,50.5,0.0,0.0,0.0,10,49.5,51.0,60,47.5,53.0,53.0,50.5,23.0,11720.0,191
2023-05-09 21:16:17,c2311-P-2440,c2311-P-2440,50.5,0.0,0.0,0.0,30,49.5,51.0,50,47.5,53.0,53.0,50.5,23.0,11720.0,191
2023-05-09 21:16:18,c2311-P-2440,c2311-P-2440,50.5,0.0,0.0,0.0,40,49.5,51.0,50,47.5,53.0,53.0,50.5,23.0,11720.0,191
2023-05-09 21:16:20,c2311-P-2440,c2311-P-2440,50.5,0.0,0.0,0.0,40,49.5,50.5,10,47.5,53.0,53.0,50.5,23.0,11720.0,191
2023-05-09 21:16:21,c2311-P-2440,c2311-P-2440,50.5,0.0,0.0,0.0,30,49.5,50.5,30,47.5,53.0,53.0,50.5,23.0,11720.0,191
2023-05-09 21:16:24,c2311-P-2440,c2311-P-2440,50.5,0.0,0.0,0.0,30,49.5,50.5,20,47.5,53.0,53.0,50.5,23.0,11720.0,191
2023-05-09 21:16:25,c2311-P-2440,c2311-P-2440,50.5,0.0,0.0,0.0,20,49.5,50.5,20,47.5,53.0,53.0,50.5,23.0,11720.0,191
2023-05-09 21:16:27,c2311-P-2440,c2311-P-2440,50.5,0.0,0.0,0.0,20,49.5,50.5,30,47.5,53.0,53.0,50.5,23.0,11720.0,191
2023-05-09 21:16:32,c2311-P-2440,c2311-P-2440,50.5,0.0,0.0,0.0,10,49.5,50.5,50,47.5,53.0,53.0,50.5,23.0,11720.0,191
2023-05-09 21:16:33,c2311-P-2440,c2311-P-2440,50.5,0.0,0.0,0.0,10,49.5,50.0,10,47.5,53.0,53.0,50.5,23.0,11720.0,191
2023-05-09 21:16:33,c2311-P-2440,c2311-P-2440,50.5,0.0,0.0,0.0,10,49.5,50.5,50,47.5,53.0,53.0,50.5,23.0,11720.0,191
2023-05-09 21:16:35,c2311-P-2440,c2311-P-2440,50.5,0.0,0.0,0.0,20,49.5,50.5,40,47.5,53.0,53.0,50.5,23.0,11720.0,191
2023-05-09 21:16:43,c2311-P-2440,c2311-P-2440,50.5,0.0,0.0,0.0,10,49.5,50.5,50,47.5,53.0,53.0,50.5,23.0,11720.0,191
2023-05-09 21:16:45,c2311-P-2440,c2311-P-2440,50.5,0.0,0.0,0.0,10,49.5,50.5,60,47.5,53.0,53.0,50.5,23.0,11720.0,191
2023-05-09 21:16:45,c2311-P-2440,c2311-P-2440,50.5,0.0,0.0,0.0,20,49.5,50.5,50,47.5,53.0,53.0,50.5,23.0,11720.0,191
2023-05-09 21:16:49,c2311-P-2440,c2311-P-2440,50.5,0.0,0.0,0.0,10,49.5,50.5,50,47.5,53.0,53.0,50.5,23.0,11720.0,191
2023-05-09 21:16:52,c2311-P-2440,c2311-P-2440,50.5,0.0,0.0,0.0,10,49.5,50.0,20,47.5,53.0,53.0,50.5,23.0,11720.0,191
2023-05-09 21:16:52,c2311-P-2440,c2311-P-2440,50.5,0.0,0.0,0.0,20,49.5,50.0,10,47.5,53.0,53.0,50.5,23.0,11720.0,191
2023-05-09 21:16:55,c2311-P-2440,c2311-P-2440,50.5,0.0,0.0,0.0,10,49.5,50.5,60,47.5,53.0,53.0,50.5,23.0,11720.0,191
2023-05-09 21:16:58,c2311-P-2440,c2311-P-2440,50.5,0.0,0.0,0.0,10,49.5,50.5,50,47.5,53.0,53.0,50.5,23.0,11720.0,191
2023-05-09 21:17:02,c2311-P-2440,c2311-P-2440,50.5,0.0,0.0,0.0,10,49.5,50.5,40,47.5,53.0,53.0,50.5,23.0,11720.0,191
2023-05-09 21:17:02,c2311-P-2440,c2311-P-2440,50.5,0.0,0.0,0.0,30,49.5,50.5,30,47.5,53.0,53.0,50.5,23.0,11720.0,191
2023-05-09 21:17:03,c2311-P-2440,c2311-P-2440,50.5,0.0,0.0,0.0,40,49.5,50.5,10,47.5,53.0,53.0,50.5,23.0,11720.0,191
2023-05-09 21:17:04,c2311-P-2440,c2311-P-2440,50.5,0.0,0.0,0.0,30,49.5,50.5,10,47.5,53.0,53.0,50.5,23.0,11720.0,191
2023-05-09 21:17:05,c2311-P-2440,c2311-P-2440,50.5,0.0,0.0,0.0,40,49.5,51.0,60,47.5,53.0,53.0,50.5,23.0,11720.0,191
2023-05-09 21:17:06,c2311-P-2440,c2311-P-2440,50.5,0.0,0.0,0.0,40,49.5,50.5,10,47.5,53.0,53.0,50.5,23.0,11720.0,191
2023-05-09 21:17:08,c2311-P-2440,c2311-P-2440,50.5,0.0,0.0,0.0,50,49.5,51.0,60,47.5,53.0,53.0,50.5,23.0,11720.0,191
2023-05-09 21:17:11,c2311-P-2440,c2311-P-2440,50.5,0.0,0.0,0.0,40,49.5,51.0,60,47.5,53.0,53.0,50.5,23.0,11720.0,191
2023-05-09 21:17:14,c2311-P-2440,c2311-P-2440,50.5,0.0,0.0,0.0,40,49.5,50.5,10,47.5,53.0,53.0,50.5,23.0,11720.0,191
2023-05-09 21:17:33,c2311-P-2440,c2311-P-2440,50.5,0.0,0.0,0.0,30,49.5,50.5,30,47.5,53.0,53.0,50.5,23.0,11720.0,191
2023-05-09 21:17:39,c2311-P-2440,c2311-P-2440,50.5,0.0,0.0,0.0,30,49.5,50.5,20,47.5,53.0,53.0,50.5,23.0,11720.0,191
2023-05-09 21:17:39,c2311-P-2440,c2311-P-2440,50.5,0.0,0.0,0.0,20,49.5,50.5,40,47.5,53.0,53.0,50.5,23.0,11720.0,191
2023-05-09 21:17:40,c2311-P-2440,c2311-P-2440,50.5,0.0,0.0,0.0,30,49.5,50.5,40,47.5,53.0,53.0,50.5,23.0,11720.0,191
2023-05-09 21:17:45,c2311-P-2440,c2311-P-2440,50.5,0.0,0.0,0.0,30,49.5,50.5,20,47.5,53.0,53.0,50.5,23.0,11720.0,191
2023-05-09 21:17:45,c2311-P-2440,c2311-P-2440,50.5,0.0,0.0,0.0,30,49.5,50.5,10,47.5,53.0,53.0,50.5,23.0,11720.0,191
2023-05-09 21:17:47,c2311-P-2440,c2311-P-2440,50.5,0.0,0.0,0.0,30,49.5,50.5,20,47.5,53.0,53.0,50.5,23.0,11720.0,191
2023-05-09 21:17:53,c2311-P-2440,c2311-P-2440,50.5,0.0,0.0,0.0,30,49.5,50.5,40,47.5,53.0,53.0,50.5,23.0,11720.0,191
2023-05-09 21:18:03,c2311-P-2440,c2311-P-2440,50.5,0.0,0.0,0.0,20,49.5,50.0,10,47.5,53.0,53.0,50.5,23.0,11720.0,191
2023-05-09 21:18:03,c2311-P-2440,c2311-P-2440,50.5,0.0,0.0,0.0,10,49.5,50.0,35,47.5,53.0,53.0,50.5,23.0,11720.0,191
2023-05-09 21:18:12,c2311-P-2440,c2311-P-2440,50.5,0.0,0.0,0.0,20,49.5,50.5,50,47.5,53.0,53.0,50.5,23.0,11720.0,191
2023-05-09 21:18:12,c2311-P-2440,c2311-P-2440,50.5,0.0,0.0,0.0,20,49.5,50.5,75,47.5,53.0,53.0,50.5,23.0,11720.0,191
2023-05-09 21:18:12,c2311-P-2440,c2311-P-2440,50.5,0.0,0.0,0.0,20,49.5,50.5,50,47.5,53.0,53.0,50.5,23.0,11720.0,191
2023-05-09 21:18:14,c2311-P-2440,c2311-P-2440,50.5,0.0,0.0,0.0,10,49.5,50.5,50,47.5,53.0,53.0,50.5,23.0,11720.0,191
2023-05-09 21:18:15,c2311-P-2440,c2311-P-2440,50.5,0.0,0.0,0.0,20,49.5,50.5,30,47.5,53.0,53.0,50.5,23.0,11720.0,191
2023-05-09 21:18:19,c2311-P-2440,c2311-P-2440,50.5,0.0,0.0,0.0,20,49.5,50.5,50,47.5,53.0,53.0,50.5,23.0,11720.0,191
2023-05-09 21:18:19,c2311-P-2440,c2311-P-2440,50.5,0.0,0.0,0.0,10,49.5,50.5,50,47.5,53.0,53.0,50.5,23.0,11720.0,191
2023-05-09 21:18:20,c2311-P-2440,c2311-P-2440,50.5,0.0,0.0,0.0,20,49.5,50.5,50,47.5,53.0,53.0,50.5,23.0,11720.0,191
2023-05-09 21:18:21,c2311-P-2440,c2311-P-2440,50.5,0.0,0.0,0.0,10,49.5,50.5,50,47.5,53.0,53.0,50.5,23.0,11720.0,191
2023-05-09 21:18:29,c2311-P-2440,c2311-P-2440,50.5,0.0,0.0,0.0,10,49.5,50.5,60,47.5,53.0,53.0,50.5,23.0,11720.0,191
2023-05-09 21:18:29,c2311-P-2440,c2311-P-2440,50.5,0.0,0.0,0.0,10,49.5,50.5,50,47.5,53.0,53.0,50.5,23.0,11720.0,191
2023-05-09 21:18:37,c2311-P-2440,c2311-P-2440,50.5,0.0,0.0,0.0,20,49.5,50.5,30,47.5,53.0,53.0,50.5,23.0,11720.0,191
2023-05-09 21:18:37,c2311-P-2440,c2311-P-2440,50.5,0.0,0.0,0.0,10,49.5,50.5,50,47.5,53.0,53.0,50.5,23.0,11720.0,191
2023-05-09 21:18:38,c2311-P-2440,c2311-P-2440,50.5,0.0,0.0,0.0,20,49.5,50.5,40,47.5,53.0,53.0,50.5,23.0,11720.0,191
2023-05-09 21:18:38,c2311-P-2440,c2311-P-2440,50.5,0.0,0.0,0.0,20,49.5,50.5,30,47.5,53.0,53.0,50.5,23.0,11720.0,191
2023-05-09 21:18:39,c2311-P-2440,c2311-P-2440,50.5,0.0,0.0,0.0,20,49.5,50.5,40,47.5,53.0,53.0,50.5,23.0,11720.0,191
2023-05-09 21:18:41,c2311-P-2440,c2311-P-2440,50.5,0.0,0.0,0.0,20,49.5,50.5,50,47.5,53.0,53.0,50.5,23.0,11720.0,191
2023-05-09 21:18:47,c2311-P-2440,c2311-P-2440,50.5,0.0,0.0,0.0,20,49.5,50.0,10,47.5,53.0,53.0,50.5,23.0,11720.0,191
2023-05-09 21:18:47,c2311-P-2440,c2311-P-2440,50.5,0.0,0.0,0.0,10,49.5,50.0,10,47.5,53.0,53.0,50.5,23.0,11720.0,191
2023-05-09 21:18:50,c2311-P-2440,c2311-P-2440,50.5,0.0,0.0,0.0,20,49.5,50.5,50,47.5,53.0,53.0,50.5,23.0,11720.0,191
2023-05-09 21:18:50,c2311-P-2440,c2311-P-2440,50.5,0.0,0.0,0.0,40,49.5,50.5,40,47.5,53.0,53.0,50.5,23.0,11720.0,191
2023-05-09 21:18:52,c2311-P-2440,c2311-P-2440,50.5,0.0,0.0,0.0,30,49.5,50.5,40,47.5,53.0,53.0,50.5,23.0,11720.0,191
2023-05-09 21:18:55,c2311-P-2440,c2311-P-2440,50.5,0.0,0.0,0.0,40,49.5,50.5,40,47.5,53.0,53.0,50.5,23.0,11720.0,191
2023-05-09 21:18:56,c2311-P-2440,c2311-P-2440,50.5,0.0,0.0,0.0,40,49.5,50.5,30,47.5,53.0,53.0,50.5,23.0,11720.0,191
2023-05-09 21:18:58,c2311-P-2440,c2311-P-2440,50.5,0.0,0.0,0.0,40,49.5,50.5,40,47.5,53.0,53.0,50.5,23.0,11720.0,191
2023-05-09 21:19:05,c2311-P-2440,c2311-P-2440,50.5,0.0,0.0,0.0,50,49.5,50.5,10,47.5,53.0,53.0,50.5,23.0,11720.0,191
2023-05-09 21:19:12,c2311-P-2440,c2311-P-2440,50.5,0.0,0.0,0.0,60,49.5,51.0,70,47.5,53.0,53.0,50.5,23.0,11720.0,191
2023-05-09 21:19:12,c2311-P-2440,c2311-P-2440,50.5,0.0,0.0,0.0,70,49.5,51.0,60,47.5,53.0,53.0,50.5,23.0,11720.0,191
2023-05-09 21:19:14,c2311-P-2440,c2311-P-2440,50.5,0.0,0.0,0.0,60,49.5,51.0,50,47.5,53.0,53.0,50.5,23.0,11720.0,191
2023-05-09 21:19:21,c2311-P-2440,c2311-P-2440,50.5,0.0,0.0,0.0,20,50.0,51.0,30,47.5,53.0,53.0,50.5,23.0,11720.0,191
2023-05-09 21:19:22,c2311-P-2440,c2311-P-2440,50.5,0.0,0.0,0.0,30,50.0,51.0,30,47.5,53.0,53.0,50.5,23.0,11720.0,191
2023-05-09 21:19:22,c2311-P-2440,c2311-P-2440,50.5,0.0,0.0,0.0,40,50.0,51.0,30,47.5,53.0,53.0,50.5,23.0,11720.0,191
2023-05-09 21:19:24,c2311-P-2440,c2311-P-2440,50.5,0.0,0.0,0.0,30,50.0,51.0,30,47.5,53.0,53.0,50.5,23.0,11720.0,191
2023-05-09 21:19:25,c2311-P-2440,c2311-P-2440,50.5,0.0,0.0,0.0,40,50.0,51.0,30,47.5,53.0,53.0,50.5,23.0,11720.0,191
2023-05-09 21:19:26,c2311-P-2440,c2311-P-2440,50.5,0.0,0.0,0.0,50,50.0,51.0,10,47.5,53.0,53.0,50.5,23.0,11720.0,191
2023-05-09 21:19:26,c2311-P-2440,c2311-P-2440,50.5,0.0,0.0,0.0,60,50.0,51.0,10,47.5,53.0,53.0,50.5,23.0,11720.0,191
2023-05-09 21:19:27,c2311-P-2440,c2311-P-2440,50.5,0.0,0.0,0.0,50,50.0,51.0,10,47.5,53.0,53.0,50.5,23.0,11720.0,191
2023-05-09 21:19:29,c2311-P-2440,c2311-P-2440,50.5,0.0,0.0,0.0,50,50.0,51.5,70,47.5,53.0,53.0,50.5,23.0,11720.0,191
2023-05-09 21:19:30,c2311-P-2440,c2311-P-2440,50.5,0.0,0.0,0.0,50,50.0,51.5,60,47.5,53.0,53.0,50.5,23.0,11720.0,191
2023-05-09 21:19:32,c2311-P-2440,c2311-P-2440,50.5,0.0,0.0,0.0,50,50.0,51.5,50,47.5,53.0,53.0,50.5,23.0,11720.0,191
2023-05-09 21:19:36,c2311-P-2440,c2311-P-2440,50.5,0.0,0.0,0.0,30,50.5,51.5,40,47.5,53.0,53.0,50.5,23.0,11720.0,191
2023-05-09 21:19:36,c2311-P-2440,c2311-P-2440,50.5,0.0,0.0,0.0,20,50.5,51.5,40,47.5,53.0,53.0,50.5,23.0,11720.0,191
2023-05-09 21:19:36,c2311-P-2440,c2311-P-2440,50.5,0.0,0.0,0.0,20,50.5,51.5,50,47.5,53.0,53.0,50.5,23.0,11720.0,191
2023-05-09 21:19:38,c2311-P-2440,c2311-P-2440,50.5,0.0,0.0,0.0,10,50.5,51.5,50,47.5,53.0,53.0,50.5,23.0,11720.0,191
2023-05-09 21:19:39,c2311-P-2440,c2311-P-2440,50.5,0.0,0.0,0.0,10,50.5,51.5,40,47.5,53.0,53.0,50.5,23.0,11720.0,191
2023-05-09 21:19:39,c2311-P-2440,c2311-P-2440,50.5,0.0,0.0,0.0,20,50.5,51.5,40,47.5,53.0,53.0,50.5,23.0,11720.0,191
2023-05-09 21:19:42,c2311-P-2440,c2311-P-2440,50.5,0.0,0.0,0.0,30,50.5,51.5,50,47.5,53.0,53.0,50.5,23.0,11720.0,191
2023-05-09 21:19:42,c2311-P-2440,c2311-P-2440,50.5,0.0,0.0,0.0,20,50.5,51.5,50,47.5,53.0,53.0,50.5,23.0,11720.0,191
2023-05-09 21:19:42,c2311-P-2440,c2311-P-2440,50.5,0.0,0.0,0.0,30,50.5,51.5,50,47.5,53.0,53.0,50.5,23.0,11720.0,191
2023-05-09 21:19:44,c2311-P-2440,c2311-P-2440,50.5,0.0,0.0,0.0,20,50.5,51.5,50,47.5,53.0,53.0,50.5,23.0,11720.0,191
2023-05-09 21:19:44,c2311-P-2440,c2311-P-2440,50.5,0.0,0.0,0.0,10,50.5,51.0,10,47.5,53.0,53.0,50.5,23.0,11720.0,191
2023-05-09 21:19:45,c2311-P-2440,c2311-P-2440,50.5,0.0,0.0,0.0,20,50.5,51.5,50,47.5,53.0,53.0,50.5,23.0,11720.0,191
2023-05-09 21:19:46,c2311-P-2440,c2311-P-2440,50.5,0.0,0.0,0.0,30,50.5,51.5,50,47.5,53.0,53.0,50.5,23.0,11720.0,191
2023-05-09 21:19:49,c2311-P-2440,c2311-P-2440,50.5,0.0,0.0,0.0,10,50.5,51.5,50,47.5,53.0,53.0,50.5,23.0,11720.0,191
2023-05-09 21:19:49,c2311-P-2440,c2311-P-2440,50.5,0.0,0.0,0.0,10,50.5,51.0,10,47.5,53.0,53.0,50.5,23.0,11720.0,191
2023-05-09 21:19:51,c2311-P-2440,c2311-P-2440,50.5,0.0,0.0,0.0,10,50.5,51.5,60,47.5,53.0,53.0,50.5,23.0,11720.0,191
2023-05-09 21:19:52,c2311-P-2440,c2311-P-2440,50.5,0.0,0.0,0.0,60,50.0,51.5,50,47.5,53.0,53.0,50.5,23.0,11720.0,191
2023-05-09 21:19:56,c2311-P-2440,c2311-P-2440,50.5,0.0,0.0,0.0,60,50.0,51.0,10,47.5,53.0,53.0,50.5,23.0,11720.0,191
2023-05-09 21:19:56,c2311-P-2440,c2311-P-2440,50.5,0.0,0.0,0.0,50,50.0,51.0,10,47.5,53.0,53.0,50.5,23.0,11720.0,191
2023-05-09 21:20:01,c2311-P-2440,c2311-P-2440,50.5,0.0,0.0,0.0,40,50.0,51.0,10,47.5,53.0,53.0,50.5,23.0,11720.0,191
2023-05-09 21:20:02,c2311-P-2440,c2311-P-2440,50.5,0.0,0.0,0.0,40,50.0,51.0,20,47.5,53.0,53.0,50.5,23.0,11720.0,191
2023-05-09 21:20:05,c2311-P-2440,c2311-P-2440,50.5,0.0,0.0,0.0,50,50.0,51.0,20,47.5,53.0,53.0,50.5,23.0,11720.0,191
2023-05-09 21:20:13,c2311-P-2440,c2311-P-2440,50.5,0.0,0.0,0.0,40,50.0,51.0,20,47.5,53.0,53.0,50.5,23.0,11720.0,191
2023-05-09 21:20:16,c2311-P-2440,c2311-P-2440,50.5,0.0,0.0,0.0,50,50.0,51.0,20,47.5,53.0,53.0,50.5,23.0,11720.0,191
2023-05-09 21:20:19,c2311-P-2440,c2311-P-2440,50.5,0.0,0.0,0.0,50,50.0,51.0,10,47.5,53.0,53.0,50.5,23.0,11720.0,191
2023-05-09 21:20:24,c2311-P-2440,c2311-P-2440,50.5,0.0,0.0,0.0,40,50.0,51.0,10,47.5,53.0,53.0,50.5,23.0,11720.0,191
2023-05-09 21:20:25,c2311-P-2440,c2311-P-2440,50.5,0.0,0.0,0.0,40,50.0,51.0,20,47.5,53.0,53.0,50.5,23.0,11720.0,191
2023-05-09 21:20:26,c2311-P-2440,c2311-P-2440,50.5,0.0,0.0,0.0,40,50.0,51.0,10,47.5,53.0,53.0,50.5,23.0,11720.0,191
2023-05-09 21:20:27,c2311-P-2440,c2311-P-2440,50.5,0.0,0.0,0.0,20,50.0,50.5,10,47.5,53.0,53.0,50.5,23.0,11720.0,191
2023-05-09 21:20:29,c2311-P-2440,c2311-P-2440,50.5,0.0,0.0,0.0,50,49.5,50.5,10,47.5,53.0,53.0,50.5,23.0,11720.0,191
2023-05-09 21:20:29,c2311-P-2440,c2311-P-2440,50.5,0.0,0.0,0.0,60,49.5,50.5,10,47.5,53.0,53.0,50.5,23.0,11720.0,191
2023-05-09 21:20:32,c2311-P-2440,c2311-P-2440,50.5,0.0,0.0,0.0,60,49.5,50.5,35,47.5,53.0,53.0,50.5,23.0,11720.0,191
2023-05-09 21:20:33,c2311-P-2440,c2311-P-2440,50.5,0.0,0.0,0.0,60,49.5,50.5,10,47.5,53.0,53.0,50.5,23.0,11720.0,191
2023-05-09 21:20:38,c2311-P-2440,c2311-P-2440,50.5,0.0,0.0,0.0,10,50.0,50.5,10,47.5,53.0,53.0,50.5,23.0,11720.0,191
2023-05-09 21:20:38,c2311-P-2440,c2311-P-2440,50.5,0.0,0.0,0.0,30,50.0,51.0,30,47.5,53.0,53.0,50.5,23.0,11720.0,191
2023-05-09 21:20:47,c2311-P-2440,c2311-P-2440,50.5,0.0,0.0,0.0,10,50.0,50.5,10,47.5,53.0,53.0,50.5,23.0,11720.0,191
2023-05-09 21:20:58,c2311-P-2440,c2311-P-2440,50.5,0.0,0.0,0.0,10,50.0,50.5,35,47.5,53.0,53.0,50.5,23.0,11720.0,191
2023-05-09 21:21:04,c2311-P-2440,c2311-P-2440,50.5,0.0,0.0,0.0,60,49.5,50.5,35,47.5,53.0,53.0,50.5,23.0,11720.0,191
2023-05-09 21:21:07,c2311-P-2440,c2311-P-2440,50.5,0.0,0.0,0.0,50,49.5,50.5,25,47.5,53.0,53.0,50.5,23.0,11720.0,191
2023-05-09 21:21:08,c2311-P-2440,c2311-P-2440,50.5,0.0,0.0,0.0,50,49.5,51.0,95,47.5,53.0,53.0,50.5,23.0,11720.0,191
2023-05-09 21:21:08,c2311-P-2440,c2311-P-2440,50.5,0.0,0.0,0.0,50,49.5,50.5,10,47.5,53.0,53.0,50.5,23.0,11720.0,191
2023-05-09 21:21:09,c2311-P-2440,c2311-P-2440,50.5,0.0,0.0,0.0,50,49.5,51.0,70,47.5,53.0,53.0,50.5,23.0,11720.0,191
2023-05-09 21:21:09,c2311-P-2440,c2311-P-2440,50.5,0.0,0.0,0.0,50,49.5,50.5,10,47.5,53.0,53.0,50.5,23.0,11720.0,191
2023-05-09 21:21:20,c2311-P-2440,c2311-P-2440,50.5,0.0,0.0,0.0,30,49.5,50.5,40,47.5,53.0,53.0,50.5,23.0,11720.0,191
2023-05-09 21:21:21,c2311-P-2440,c2311-P-2440,50.5,0.0,0.0,0.0,40,49.5,50.5,40,47.5,53.0,53.0,50.5,23.0,11720.0,191
2023-05-09 21:21:21,c2311-P-2440,c2311-P-2440,50.5,0.0,0.0,0.0,40,49.5,50.5,30,47.5,53.0,53.0,50.5,23.0,11720.0,191
2023-05-09 21:21:24,c2311-P-2440,c2311-P-2440,50.5,0.0,0.0,0.0,40,49.5,50.5,20,47.5,53.0,53.0,50.5,23.0,11720.0,191
2023-05-09 21:21:26,c2311-P-2440,c2311-P-2440,50.5,0.0,0.0,0.0,50,49.5,50.5,20,47.5,53.0,53.0,50.5,23.0,11720.0,191
2023-05-09 21:21:33,c2311-P-2440,c2311-P-2440,50.5,0.0,0.0,0.0,60,49.5,50.5,10,47.5,53.0,53.0,50.5,23.0,11720.0,191
2023-05-09 21:21:33,c2311-P-2440,c2311-P-2440,50.5,0.0,0.0,0.0,50,49.5,50.5,20,47.5,53.0,53.0,50.5,23.0,11720.0,191
2023-05-09 21:21:50,c2311-P-2440,c2311-P-2440,50.5,0.0,0.0,0.0,50,49.5,50.5,10,47.5,53.0,53.0,50.5,23.0,11720.0,191
2023-05-09 21:21:54,c2311-P-2440,c2311-P-2440,50.5,0.0,0.0,0.0,10,50.0,50.5,10,47.5,53.0,53.0,50.5,23.0,11720.0,191
2023-05-09 21:21:54,c2311-P-2440,c2311-P-2440,50.5,0.0,0.0,0.0,20,50.0,50.5,10,47.5,53.0,53.0,50.5,23.0,11720.0,191
2023-05-09 21:21:54,c2311-P-2440,c2311-P-2440,50.5,0.0,0.0,0.0,10,50.0,50.5,10,47.5,53.0,53.0,50.5,23.0,11720.0,191
2023-05-09 21:21:59,c2311-P-2440,c2311-P-2440,50.5,0.0,0.0,0.0,20,50.0,50.5,10,47.5,53.0,53.0,50.5,23.0,11720.0,191
2023-05-09 21:22:01,c2311-P-2440,c2311-P-2440,50.5,0.0,0.0,0.0,30,50.0,50.5,10,47.5,53.0,53.0,50.5,23.0,11720.0,191
2023-05-09 21:22:07,c2311-P-2440,c2311-P-2440,50.5,0.0,0.0,0.0,20,50.0,50.5,10,47.5,53.0,53.0,50.5,23.0,11720.0,191
2023-05-09 21:22:08,c2311-P-2440,c2311-P-2440,50.5,0.0,0.0,0.0,30,50.0,50.5,10,47.5,53.0,53.0,50.5,23.0,11720.0,191
2023-05-09 21:22:19,c2311-P-2440,c2311-P-2440,50.5,0.0,0.0,0.0,40,50.0,51.0,10,47.5,53.0,53.0,50.5,23.0,11720.0,191
2023-05-09 21:22:19,c2311-P-2440,c2311-P-2440,50.5,0.0,0.0,0.0,50,50.0,51.0,10,47.5,53.0,53.0,50.5,23.0,11720.0,191
2023-05-09 21:22:26,c2311-P-2440,c2311-P-2440,50.5,0.0,0.0,0.0,60,50.0,51.5,40,47.5,53.0,53.0,50.5,23.0,11720.0,191
2023-05-09 21:22:26,c2311-P-2440,c2311-P-2440,50.5,0.0,0.0,0.0,10,50.5,51.0,10,47.5,53.0,53.0,50.5,23.0,11720.0,191
2023-05-09 21:22:29,c2311-P-2440,c2311-P-2440,50.5,0.0,0.0,0.0,20,50.5,51.0,10,47.5,53.0,53.0,50.5,23.0,11720.0,191
2023-05-09 21:22:30,c2311-P-2440,c2311-P-2440,50.5,0.0,0.0,0.0,10,50.5,51.0,10,47.5,53.0,53.0,50.5,23.0,11720.0,191
2023-05-09 21:22:36,c2311-P-2440,c2311-P-2440,50.5,0.0,0.0,0.0,10,50.5,51.5,40,47.5,53.0,53.0,50.5,23.0,11720.0,191
2023-05-09 21:22:46,c2311-P-2440,c2311-P-2440,50.5,0.0,0.0,0.0,10,50.5,51.0,10,47.5,53.0,53.0,50.5,23.0,11720.0,191
2023-05-09 21:23:26,c2311-P-2440,c2311-P-2440,50.5,0.0,0.0,0.0,20,50.5,51.0,10,47.5,53.0,53.0,50.5,23.0,11720.0,191
2023-05-09 21:23:26,c2311-P-2440,c2311-P-2440,50.5,0.0,0.0,0.0,10,50.5,51.0,10,47.5,53.0,53.0,50.5,23.0,11720.0,191
2023-05-09 21:23:56,c2311-P-2440,c2311-P-2440,50.5,0.0,0.0,0.0,40,50.0,51.0,10,47.5,53.0,53.0,50.5,23.0,11720.0,191
2023-05-09 21:23:58,c2311-P-2440,c2311-P-2440,50.5,0.0,0.0,0.0,30,50.0,51.0,10,47.5,53.0,53.0,50.5,23.0,11720.0,191
2023-05-09 21:24:01,c2311-P-2440,c2311-P-2440,50.5,0.0,0.0,0.0,40,50.0,51.0,10,47.5,53.0,53.0,50.5,23.0,11720.0,191
2023-05-09 21:24:06,c2311-P-2440,c2311-P-2440,50.5,0.0,0.0,0.0,30,50.0,51.0,10,47.5,53.0,53.0,50.5,23.0,11720.0,191
2023-05-09 21:24:23,c2311-P-2440,c2311-P-2440,50.5,0.0,0.0,0.0,10,50.0,50.5,10,47.5,53.0,53.0,50.5,23.0,11720.0,191
2023-05-09 21:24:23,c2311-P-2440,c2311-P-2440,50.5,0.0,0.0,0.0,50,49.5,50.5,10,47.5,53.0,53.0,50.5,23.0,11720.0,191
2023-05-09 21:24:26,c2311-P-2440,c2311-P-2440,50.5,0.0,0.0,0.0,60,49.5,50.5,10,47.5,53.0,53.0,50.5,23.0,11720.0,191
2023-05-09 21:24:38,c2311-P-2440,c2311-P-2440,50.5,0.0,0.0,0.0,50,49.5,50.5,10,47.5,53.0,53.0,50.5,23.0,11720.0,191
2023-05-09 21:25:08,c2311-P-2440,c2311-P-2440,50.5,0.0,0.0,0.0,50,49.5,51.0,50,47.5,53.0,53.0,50.5,23.0,11720.0,191
2023-05-09 21:25:09,c2311-P-2440,c2311-P-2440,50.5,0.0,0.0,0.0,20,50.0,51.0,30,47.5,53.0,53.0,50.5,23.0,11720.0,191
2023-05-09 21:25:09,c2311-P-2440,c2311-P-2440,50.5,0.0,0.0,0.0,10,50.0,51.0,40,47.5,53.0,53.0,50.5,23.0,11720.0,191
2023-05-09 21:25:10,c2311-P-2440,c2311-P-2440,50.5,0.0,0.0,0.0,40,49.5,50.5,10,47.5,53.0,53.0,50.5,23.0,11720.0,191
2023-05-09 21:25:11,c2311-P-2440,c2311-P-2440,50.5,0.0,0.0,0.0,50,49.5,50.5,10,47.5,53.0,53.0,50.5,23.0,11720.0,191
2023-05-09 21:25:19,c2311-P-2440,c2311-P-2440,50.5,0.0,0.0,0.0,60,49.5,50.5,10,47.5,53.0,53.0,50.5,23.0,11720.0,191
2023-05-09 21:25:20,c2311-P-2440,c2311-P-2440,50.5,0.0,0.0,0.0,60,49.5,51.0,40,47.5,53.0,53.0,50.5,23.0,11720.0,191
2023-05-09 21:25:23,c2311-P-2440,c2311-P-2440,50.5,0.0,0.0,0.0,20,50.0,51.0,20,47.5,53.0,53.0,50.5,23.0,11720.0,191
2023-05-09 21:25:24,c2311-P-2440,c2311-P-2440,50.5,0.0,0.0,0.0,10,50.0,51.0,30,47.5,53.0,53.0,50.5,23.0,11720.0,191
2023-05-09 21:25:24,c2311-P-2440,c2311-P-2440,50.5,0.0,0.0,0.0,10,50.0,51.0,20,47.5,53.0,53.0,50.5,23.0,11720.0,191
2023-05-09 21:25:25,c2311-P-2440,c2311-P-2440,50.5,0.0,0.0,0.0,30,50.0,51.0,30,47.5,53.0,53.0,50.5,23.0,11720.0,191
2023-05-09 21:25:26,c2311-P-2440,c2311-P-2440,50.5,0.0,0.0,0.0,30,50.0,51.0,20,47.5,53.0,53.0,50.5,23.0,11720.0,191
2023-05-09 21:25:29,c2311-P-2440,c2311-P-2440,50.5,0.0,0.0,0.0,40,50.0,51.0,20,47.5,53.0,53.0,50.5,23.0,11720.0,191
2023-05-09 21:26:02,c2311-P-2440,c2311-P-2440,50.5,0.0,0.0,0.0,50,50.0,51.0,10,47.5,53.0,53.0,50.5,23.0,11720.0,191
2023-05-09 21:26:10,c2311-P-2440,c2311-P-2440,50.5,0.0,0.0,0.0,60,50.0,51.5,60,47.5,53.0,53.0,50.5,23.0,11720.0,191
2023-05-09 21:26:12,c2311-P-2440,c2311-P-2440,50.5,0.0,0.0,0.0,50,50.0,51.5,70,47.5,53.0,53.0,50.5,23.0,11720.0,191
2023-05-09 21:26:18,c2311-P-2440,c2311-P-2440,50.5,0.0,0.0,0.0,50,50.0,51.0,10,47.5,53.0,53.0,50.5,23.0,11720.0,191
2023-05-09 21:26:20,c2311-P-2440,c2311-P-2440,50.5,0.0,0.0,0.0,50,50.0,51.5,70,47.5,53.0,53.0,50.5,23.0,11720.0,191
2023-05-09 21:26:29,c2311-P-2440,c2311-P-2440,50.5,0.0,0.0,0.0,50,50.0,51.0,10,47.5,53.0,53.0,50.5,23.0,11720.0,191
2023-05-09 21:26:31,c2311-P-2440,c2311-P-2440,50.5,0.0,0.0,0.0,40,50.0,51.0,20,47.5,53.0,53.0,50.5,23.0,11720.0,191
2023-05-09 21:26:37,c2311-P-2440,c2311-P-2440,50.5,0.0,0.0,0.0,40,50.0,51.0,30,47.5,53.0,53.0,50.5,23.0,11720.0,191
2023-05-09 21:26:38,c2311-P-2440,c2311-P-2440,50.5,0.0,0.0,0.0,40,50.0,51.0,20,47.5,53.0,53.0,50.5,23.0,11720.0,191
2023-05-09 21:26:41,c2311-P-2440,c2311-P-2440,50.5,0.0,0.0,0.0,40,50.0,51.0,30,47.5,53.0,53.0,50.5,23.0,11720.0,191
2023-05-09 21:26:42,c2311-P-2440,c2311-P-2440,50.5,0.0,0.0,0.0,40,50.0,51.0,20,47.5,53.0,53.0,50.5,23.0,11720.0,191
2023-05-09 21:26:44,c2311-P-2440,c2311-P-2440,50.5,0.0,0.0,0.0,50,50.0,51.5,70,47.5,53.0,53.0,50.5,23.0,11720.0,191
2023-05-09 21:26:44,c2311-P-2440,c2311-P-2440,50.5,0.0,0.0,0.0,50,50.0,51.5,80,47.5,53.0,53.0,50.5,23.0,11720.0,191
2023-05-09 21:26:44,c2311-P-2440,c2311-P-2440,50.5,0.0,0.0,0.0,50,50.0,51.5,70,47.5,53.0,53.0,50.5,23.0,11720.0,191
2023-05-09 21:26:46,c2311-P-2440,c2311-P-2440,50.5,0.0,0.0,0.0,50,50.0,51.5,50,47.5,53.0,53.0,50.5,23.0,11720.0,191
2023-05-09 21:26:47,c2311-P-2440,c2311-P-2440,50.5,0.0,0.0,0.0,60,50.0,51.5,50,47.5,53.0,53.0,50.5,23.0,11720.0,191
2023-05-09 21:26:50,c2311-P-2440,c2311-P-2440,50.5,0.0,0.0,0.0,50,50.0,51.5,60,47.5,53.0,53.0,50.5,23.0,11720.0,191
2023-05-09 21:26:51,c2311-P-2440,c2311-P-2440,50.5,0.0,0.0,0.0,50,50.0,51.5,50,47.5,53.0,53.0,50.5,23.0,11720.0,191
2023-05-09 21:26:52,c2311-P-2440,c2311-P-2440,50.5,0.0,0.0,0.0,50,50.0,51.5,40,47.5,53.0,53.0,50.5,23.0,11720.0,191
2023-05-09 21:26:52,c2311-P-2440,c2311-P-2440,50.5,0.0,0.0,0.0,50,50.0,51.5,50,47.5,53.0,53.0,50.5,23.0,11720.0,191
2023-05-09 21:26:53,c2311-P-2440,c2311-P-2440,50.5,0.0,0.0,0.0,60,50.0,51.5,40,47.5,53.0,53.0,50.5,23.0,11720.0,191
2023-05-09 21:26:56,c2311-P-2440,c2311-P-2440,50.5,0.0,0.0,0.0,70,50.0,51.5,30,47.5,53.0,53.0,50.5,23.0,11720.0,191
2023-05-09 21:26:57,c2311-P-2440,c2311-P-2440,50.5,0.0,0.0,0.0,20,50.5,51.5,30,47.5,53.0,53.0,50.5,23.0,11720.0,191
2023-05-09 21:27:00,c2311-P-2440,c2311-P-2440,50.5,0.0,0.0,0.0,30,50.5,51.5,20,47.5,53.0,53.0,50.5,23.0,11720.0,191
2023-05-09 21:27:08,c2311-P-2440,c2311-P-2440,50.5,0.0,0.0,0.0,30,50.5,51.5,10,47.5,53.0,53.0,50.5,23.0,11720.0,191
2023-05-09 21:27:13,c2311-P-2440,c2311-P-2440,50.5,0.0,0.0,0.0,30,50.5,51.5,20,47.5,53.0,53.0,50.5,23.0,11720.0,191
2023-05-09 21:27:14,c2311-P-2440,c2311-P-2440,50.5,0.0,0.0,0.0,30,50.5,51.5,10,47.5,53.0,53.0,50.5,23.0,11720.0,191
2023-05-09 21:27:23,c2311-P-2440,c2311-P-2440,50.5,0.0,0.0,0.0,40,50.5,51.5,10,47.5,53.0,53.0,50.5,23.0,11720.0,191
2023-05-09 21:27:30,c2311-P-2440,c2311-P-2440,50.5,0.0,0.0,0.0,40,50.5,52.0,70,47.5,53.0,53.0,50.5,23.0,11720.0,191
2023-05-09 21:27:30,c2311-P-2440,c2311-P-2440,50.5,0.0,0.0,0.0,50,50.5,52.0,60,47.5,53.0,53.0,50.5,23.0,11720.0,191
2023-05-09 21:27:31,c2311-P-2440,c2311-P-2440,50.5,0.0,0.0,0.0,60,50.5,52.0,50,47.5,53.0,53.0,50.5,23.0,11720.0,191
2023-05-09 21:27:31,c2311-P-2440,c2311-P-2440,50.5,0.0,0.0,0.0,50,50.5,52.0,60,47.5,53.0,53.0,50.5,23.0,11720.0,191
2023-05-09 21:27:31,c2311-P-2440,c2311-P-2440,50.5,0.0,0.0,0.0,40,50.5,52.0,60,47.5,53.0,53.0,50.5,23.0,11720.0,191
2023-05-09 21:27:32,c2311-P-2440,c2311-P-2440,50.5,0.0,0.0,0.0,40,50.5,52.0,50,47.5,53.0,53.0,50.5,23.0,11720.0,191
2023-05-09 21:27:35,c2311-P-2440,c2311-P-2440,50.5,0.0,0.0,0.0,40,50.5,51.5,10,47.5,53.0,53.0,50.5,23.0,11720.0,191
2023-05-09 21:27:36,c2311-P-2440,c2311-P-2440,50.5,0.0,0.0,0.0,10,51.0,52.0,30,47.5,53.0,53.0,50.5,23.0,11720.0,191
2023-05-09 21:27:37,c2311-P-2440,c2311-P-2440,50.5,0.0,0.0,0.0,60,50.5,52.0,30,47.5,53.0,53.0,50.5,23.0,11720.0,191
2023-05-09 21:27:38,c2311-P-2440,c2311-P-2440,50.5,0.0,0.0,0.0,60,50.5,51.5,10,47.5,53.0,53.0,50.5,23.0,11720.0,191
2023-05-09 21:27:38,c2311-P-2440,c2311-P-2440,50.5,0.0,0.0,0.0,50,50.5,52.0,50,47.5,53.0,53.0,50.5,23.0,11720.0,191
2023-05-09 21:27:38,c2311-P-2440,c2311-P-2440,50.5,0.0,0.0,0.0,50,50.5,52.0,60,47.5,53.0,53.0,50.5,23.0,11720.0,191
2023-05-09 21:27:39,c2311-P-2440,c2311-P-2440,50.5,0.0,0.0,0.0,50,50.5,52.0,50,47.5,53.0,53.0,50.5,23.0,11720.0,191
2023-05-09 21:27:40,c2311-P-2440,c2311-P-2440,50.5,0.0,0.0,0.0,60,50.5,52.0,30,47.5,53.0,53.0,50.5,23.0,11720.0,191
2023-05-09 21:27:44,c2311-P-2440,c2311-P-2440,50.5,0.0,0.0,0.0,50,50.5,52.0,40,47.5,53.0,53.0,50.5,23.0,11720.0,191
2023-05-09 21:27:50,c2311-P-2440,c2311-P-2440,50.5,0.0,0.0,0.0,60,50.5,52.0,30,47.5,53.0,53.0,50.5,23.0,11720.0,191
2023-05-09 21:27:53,c2311-P-2440,c2311-P-2440,50.5,0.0,0.0,0.0,50,50.5,52.0,20,47.5,53.0,53.0,50.5,23.0,11720.0,191
2023-05-09 21:27:58,c2311-P-2440,c2311-P-2440,50.5,0.0,0.0,0.0,10,51.0,52.0,10,47.5,53.0,53.0,50.5,23.0,11720.0,191
2023-05-09 21:27:59,c2311-P-2440,c2311-P-2440,50.5,0.0,0.0,0.0,30,51.0,52.0,10,47.5,53.0,53.0,50.5,23.0,11720.0,191
2023-05-09 21:28:03,c2311-P-2440,c2311-P-2440,50.5,0.0,0.0,0.0,20,51.0,52.0,10,47.5,53.0,53.0,50.5,23.0,11720.0,191
2023-05-09 21:28:03,c2311-P-2440,c2311-P-2440,50.5,0.0,0.0,0.0,30,51.0,52.0,10,47.5,53.0,53.0,50.5,23.0,11720.0,191
2023-05-09 21:28:04,c2311-P-2440,c2311-P-2440,50.5,0.0,0.0,0.0,40,51.0,52.5,70,47.5,53.0,53.0,50.5,23.0,11720.0,191
2023-05-09 21:28:05,c2311-P-2440,c2311-P-2440,50.5,0.0,0.0,0.0,50,51.0,52.0,10,47.5,53.0,53.0,50.5,23.0,11720.0,191
2023-05-09 21:28:05,c2311-P-2440,c2311-P-2440,50.5,0.0,0.0,0.0,40,51.0,52.0,10,47.5,53.0,53.0,50.5,23.0,11720.0,191
2023-05-09 21:28:09,c2311-P-2440,c2311-P-2440,50.5,0.0,0.0,0.0,40,51.0,52.5,70,47.5,53.0,53.0,50.5,23.0,11720.0,191
2023-05-09 21:28:10,c2311-P-2440,c2311-P-2440,50.5,0.0,0.0,0.0,40,51.0,52.5,60,47.5,53.0,53.0,50.5,23.0,11720.0,191
2023-05-09 21:28:10,c2311-P-2440,c2311-P-2440,50.5,0.0,0.0,0.0,30,51.0,52.0,10,47.5,53.0,53.0,50.5,23.0,11720.0,191
2023-05-09 21:28:11,c2311-P-2440,c2311-P-2440,50.5,0.0,0.0,0.0,40,51.0,52.0,10,47.5,53.0,53.0,50.5,23.0,11720.0,191
2023-05-09 21:28:13,c2311-P-2440,c2311-P-2440,50.5,0.0,0.0,0.0,50,51.0,52.0,10,47.5,53.0,53.0,50.5,23.0,11720.0,191
2023-05-09 21:28:13,c2311-P-2440,c2311-P-2440,50.5,0.0,0.0,0.0,40,51.0,52.0,10,47.5,53.0,53.0,50.5,23.0,11720.0,191
2023-05-09 21:28:14,c2311-P-2440,c2311-P-2440,50.5,0.0,0.0,0.0,50,51.0,52.0,10,47.5,53.0,53.0,50.5,23.0,11720.0,191
2023-05-09 21:28:15,c2311-P-2440,c2311-P-2440,50.5,0.0,0.0,0.0,40,51.0,52.0,10,47.5,53.0,53.0,50.5,23.0,11720.0,191
2023-05-09 21:28:22,c2311-P-2440,c2311-P-2440,50.5,0.0,0.0,0.0,50,51.0,52.5,50,47.5,53.0,53.0,50.5,23.0,11720.0,191
2023-05-09 21:28:23,c2311-P-2440,c2311-P-2440,50.5,0.0,0.0,0.0,50,51.0,52.5,60,47.5,53.0,53.0,50.5,23.0,11720.0,191
2023-05-09 21:28:23,c2311-P-2440,c2311-P-2440,50.5,0.0,0.0,0.0,40,51.0,52.0,10,47.5,53.0,53.0,50.5,23.0,11720.0,191
2023-05-09 21:28:26,c2311-P-2440,c2311-P-2440,50.5,0.0,0.0,0.0,50,51.0,52.5,50,47.5,53.0,53.0,50.5,23.0,11720.0,191
2023-05-09 21:28:26,c2311-P-2440,c2311-P-2440,50.5,0.0,0.0,0.0,50,51.0,52.5,60,47.5,53.0,53.0,50.5,23.0,11720.0,191
2023-05-09 21:28:27,c2311-P-2440,c2311-P-2440,50.5,0.0,0.0,0.0,40,51.0,52.0,10,47.5,53.0,53.0,50.5,23.0,11720.0,191
2023-05-09 21:28:29,c2311-P-2440,c2311-P-2440,50.5,0.0,0.0,0.0,40,51.0,52.5,60,47.5,53.0,53.0,50.5,23.0,11720.0,191
2023-05-09 21:28:29,c2311-P-2440,c2311-P-2440,50.5,0.0,0.0,0.0,50,51.0,52.5,50,47.5,53.0,53.0,50.5,23.0,11720.0,191
2023-05-09 21:28:31,c2311-P-2440,c2311-P-2440,50.5,0.0,0.0,0.0,40,51.0,52.5,60,47.5,53.0,53.0,50.5,23.0,11720.0,191
2023-05-09 21:28:41,c2311-P-2440,c2311-P-2440,50.5,0.0,0.0,0.0,40,51.0,52.5,50,47.5,53.0,53.0,50.5,23.0,11720.0,191
2023-05-09 21:28:45,c2311-P-2440,c2311-P-2440,50.5,0.0,0.0,0.0,40,51.0,52.5,60,47.5,53.0,53.0,50.5,23.0,11720.0,191
2023-05-09 21:28:46,c2311-P-2440,c2311-P-2440,50.5,0.0,0.0,0.0,40,51.0,52.5,50,47.5,53.0,53.0,50.5,23.0,11720.0,191
2023-05-09 21:28:49,c2311-P-2440,c2311-P-2440,50.5,0.0,0.0,0.0,50,51.0,52.5,30,47.5,53.0,53.0,50.5,23.0,11720.0,191
2023-05-09 21:28:50,c2311-P-2440,c2311-P-2440,50.5,0.0,0.0,0.0,40,51.0,52.5,50,47.5,53.0,53.0,50.5,23.0,11720.0,191
2023-05-09 21:28:53,c2311-P-2440,c2311-P-2440,50.5,0.0,0.0,0.0,50,51.0,52.5,40,47.5,53.0,53.0,50.5,23.0,11720.0,191
2023-05-09 21:28:54,c2311-P-2440,c2311-P-2440,50.5,0.0,0.0,0.0,50,51.0,52.5,50,47.5,53.0,53.0,50.5,23.0,11720.0,191
2023-05-09 21:28:57,c2311-P-2440,c2311-P-2440,50.5,0.0,0.0,0.0,50,51.0,52.5,40,47.5,53.0,53.0,50.5,23.0,11720.0,191
2023-05-09 21:28:58,c2311-P-2440,c2311-P-2440,50.5,0.0,0.0,0.0,50,51.0,52.5,50,47.5,53.0,53.0,50.5,23.0,11720.0,191
2023-05-09 21:29:03,c2311-P-2440,c2311-P-2440,50.5,0.0,0.0,0.0,50,51.0,52.5,40,47.5,53.0,53.0,50.5,23.0,11720.0,191
2023-05-09 21:29:06,c2311-P-2440,c2311-P-2440,50.5,0.0,0.0,0.0,50,51.0,52.5,30,47.5,53.0,53.0,50.5,23.0,11720.0,191
2023-05-09 21:29:08,c2311-P-2440,c2311-P-2440,50.5,0.0,0.0,0.0,60,51.0,52.5,30,47.5,53.0,53.0,50.5,23.0,11720.0,191
2023-05-09 21:29:09,c2311-P-2440,c2311-P-2440,50.5,0.0,0.0,0.0,50,51.0,52.5,30,47.5,53.0,53.0,50.5,23.0,11720.0,191
2023-05-09 21:29:09,c2311-P-2440,c2311-P-2440,50.5,0.0,0.0,0.0,40,51.0,52.5,40,47.5,53.0,53.0,50.5,23.0,11720.0,191
2023-05-09 21:29:09,c2311-P-2440,c2311-P-2440,50.5,0.0,0.0,0.0,40,51.0,52.5,50,47.5,53.0,53.0,50.5,23.0,11720.0,191
2023-05-09 21:29:10,c2311-P-2440,c2311-P-2440,50.5,0.0,0.0,0.0,50,51.0,52.5,30,47.5,53.0,53.0,50.5,23.0,11720.0,191
2023-05-09 21:29:11,c2311-P-2440,c2311-P-2440,50.5,0.0,0.0,0.0,50,51.0,52.5,40,47.5,53.0,53.0,50.5,23.0,11720.0,191
2023-05-09 21:29:11,c2311-P-2440,c2311-P-2440,50.5,0.0,0.0,0.0,40,51.0,52.5,50,47.5,53.0,53.0,50.5,23.0,11720.0,191
2023-05-09 21:29:12,c2311-P-2440,c2311-P-2440,50.5,0.0,0.0,0.0,50,51.0,52.5,40,47.5,53.0,53.0,50.5,23.0,11720.0,191
2023-05-09 21:29:16,c2311-P-2440,c2311-P-2440,50.5,0.0,0.0,0.0,60,51.0,52.5,20,47.5,53.0,53.0,50.5,23.0,11720.0,191
2023-05-09 21:29:18,c2311-P-2440,c2311-P-2440,50.5,0.0,0.0,0.0,50,51.0,52.5,30,47.5,53.0,53.0,50.5,23.0,11720.0,191
2023-05-09 21:29:18,c2311-P-2440,c2311-P-2440,50.5,0.0,0.0,0.0,60,51.0,52.5,20,47.5,53.0,53.0,50.5,23.0,11720.0,191
2023-05-09 21:29:20,c2311-P-2440,c2311-P-2440,50.5,0.0,0.0,0.0,50,51.0,52.5,30,47.5,53.0,53.0,50.5,23.0,11720.0,191
2023-05-09 21:29:22,c2311-P-2440,c2311-P-2440,50.5,0.0,0.0,0.0,60,51.0,52.5,40,47.5,53.0,53.0,50.5,23.0,11720.0,191
2023-05-09 21:29:24,c2311-P-2440,c2311-P-2440,50.5,0.0,0.0,0.0,60,51.0,52.0,10,47.5,53.0,53.0,50.5,23.0,11720.0,191
2023-05-09 21:29:26,c2311-P-2440,c2311-P-2440,50.5,0.0,0.0,0.0,60,51.0,52.5,40,47.5,53.0,53.0,50.5,23.0,11720.0,191
2023-05-09 21:29:27,c2311-P-2440,c2311-P-2440,50.5,0.0,0.0,0.0,60,51.0,52.0,10,47.5,53.0,53.0,50.5,23.0,11720.0,191
2023-05-09 21:29:30,c2311-P-2440,c2311-P-2440,50.5,0.0,0.0,0.0,60,51.0,52.5,40,47.5,53.0,53.0,50.5,23.0,11720.0,191
2023-05-09 21:29:34,c2311-P-2440,c2311-P-2440,50.5,0.0,0.0,0.0,70,51.0,52.5,40,47.5,53.0,53.0,50.5,23.0,11720.0,191
2023-05-09 21:29:35,c2311-P-2440,c2311-P-2440,50.5,0.0,0.0,0.0,70,51.0,52.5,30,47.5,53.0,53.0,50.5,23.0,11720.0,191
2023-05-09 21:29:37,c2311-P-2440,c2311-P-2440,50.5,0.0,0.0,0.0,70,51.0,52.5,40,47.5,53.0,53.0,50.5,23.0,11720.0,191
2023-05-09 21:29:39,c2311-P-2440,c2311-P-2440,50.5,0.0,0.0,0.0,70,51.0,52.5,30,47.5,53.0,53.0,50.5,23.0,11720.0,191
2023-05-09 21:29:40,c2311-P-2440,c2311-P-2440,50.5,0.0,0.0,0.0,20,51.5,52.5,30,47.5,53.0,53.0,50.5,23.0,11720.0,191
2023-05-09 21:29:40,c2311-P-2440,c2311-P-2440,50.5,0.0,0.0,0.0,10,51.5,52.5,30,47.5,53.0,53.0,50.5,23.0,11720.0,191
2023-05-09 21:29:41,c2311-P-2440,c2311-P-2440,50.5,0.0,0.0,0.0,20,51.5,52.5,30,47.5,53.0,53.0,50.5,23.0,11720.0,191
2023-05-09 21:29:42,c2311-P-2440,c2311-P-2440,50.5,0.0,0.0,0.0,10,51.5,52.5,30,47.5,53.0,53.0,50.5,23.0,11720.0,191
2023-05-09 21:29:45,c2311-P-2440,c2311-P-2440,50.5,0.0,0.0,0.0,20,51.5,52.5,30,47.5,53.0,53.0,50.5,23.0,11720.0,191
2023-05-09 21:29:49,c2311-P-2440,c2311-P-2440,50.5,0.0,0.0,0.0,10,51.5,52.5,30,47.5,53.0,53.0,50.5,23.0,11720.0,191
2023-05-09 21:29:51,c2311-P-2440,c2311-P-2440,50.5,0.0,0.0,0.0,10,51.5,52.5,40,47.5,53.0,53.0,50.5,23.0,11720.0,191
2023-05-09 21:29:54,c2311-P-2440,c2311-P-2440,50.5,0.0,0.0,0.0,10,51.5,52.5,30,47.5,53.0,53.0,50.5,23.0,11720.0,191
2023-05-09 21:29:54,c2311-P-2440,c2311-P-2440,50.5,0.0,0.0,0.0,10,51.5,52.5,40,47.5,53.0,53.0,50.5,23.0,11720.0,191
2023-05-09 21:29:56,c2311-P-2440,c2311-P-2440,50.5,0.0,0.0,0.0,10,51.5,52.5,30,47.5,53.0,53.0,50.5,23.0,11720.0,191
2023-05-09 21:29:59,c2311-P-2440,c2311-P-2440,50.5,0.0,0.0,0.0,10,51.5,52.5,40,47.5,53.0,53.0,50.5,23.0,11720.0,191
2023-05-09 21:30:00,c2311-P-2440,c2311-P-2440,50.5,0.0,0.0,0.0,30,51.5,52.5,20,47.5,53.0,53.0,50.5,23.0,11720.0,191
2023-05-09 21:30:01,c2311-P-2440,c2311-P-2440,50.5,0.0,0.0,0.0,40,51.5,52.5,20,47.5,53.0,53.0,50.5,23.0,11720.0,191
2023-05-09 21:30:01,c2311-P-2440,c2311-P-2440,50.5,0.0,0.0,0.0,50,51.5,53.0,70,47.5,53.0,53.0,50.5,23.0,11720.0,191
2023-05-09 21:30:02,c2311-P-2440,c2311-P-2440,50.5,0.0,0.0,0.0,30,51.5,52.5,10,47.5,53.0,53.0,50.5,23.0,11720.0,191
2023-05-09 21:30:02,c2311-P-2440,c2311-P-2440,50.5,0.0,0.0,0.0,10,51.5,52.5,40,47.5,53.0,53.0,50.5,23.0,11720.0,191
2023-05-09 21:30:02,c2311-P-2440,c2311-P-2440,50.5,0.0,0.0,0.0,10,51.5,52.5,30,47.5,53.0,53.0,50.5,23.0,11720.0,191
2023-05-09 21:30:04,c2311-P-2440,c2311-P-2440,50.5,0.0,0.0,0.0,10,51.5,52.5,40,47.5,53.0,53.0,50.5,23.0,11720.0,191
2023-05-09 21:30:12,c2311-P-2440,c2311-P-2440,50.5,0.0,0.0,0.0,10,51.5,52.5,30,47.5,53.0,53.0,50.5,23.0,11720.0,191
2023-05-09 21:30:12,c2311-P-2440,c2311-P-2440,50.5,0.0,0.0,0.0,10,51.5,52.5,40,47.5,53.0,53.0,50.5,23.0,11720.0,191
2023-05-09 21:30:18,c2311-P-2440,c2311-P-2440,50.5,0.0,0.0,0.0,50,51.5,53.0,80,47.5,53.0,53.0,50.5,23.0,11720.0,191
2023-05-09 21:30:24,c2311-P-2440,c2311-P-2440,50.5,0.0,0.0,0.0,40,51.5,53.0,80,47.5,53.0,53.0,50.5,23.0,11720.0,191
2023-05-09 21:30:26,c2311-P-2440,c2311-P-2440,50.5,0.0,0.0,0.0,50,51.5,53.0,80,47.5,53.0,53.0,50.5,23.0,11720.0,191
2023-05-09 21:30:27,c2311-P-2440,c2311-P-2440,50.5,0.0,0.0,0.0,50,51.5,53.0,70,47.5,53.0,53.0,50.5,23.0,11720.0,191
2023-05-09 21:30:29,c2311-P-2440,c2311-P-2440,50.5,0.0,0.0,0.0,60,51.5,53.0,60,47.5,53.0,53.0,50.5,23.0,11720.0,191
2023-05-09 21:30:29,c2311-P-2440,c2311-P-2440,50.5,0.0,0.0,0.0,70,51.5,53.0,50,47.5,53.0,53.0,50.5,23.0,11720.0,191
2023-05-09 21:30:30,c2311-P-2440,c2311-P-2440,50.5,0.0,0.0,0.0,70,51.5,53.0,40,47.5,53.0,53.0,50.5,23.0,11720.0,191
2023-05-09 21:30:30,c2311-P-2440,c2311-P-2440,50.5,0.0,0.0,0.0,60,51.5,53.0,60,47.5,53.0,53.0,50.5,23.0,11720.0,191
2023-05-09 21:30:30,c2311-P-2440,c2311-P-2440,50.5,0.0,0.0,0.0,50,51.5,53.0,70,47.5,53.0,53.0,50.5,23.0,11720.0,191
2023-05-09 21:30:35,c2311-P-2440,c2311-P-2440,50.5,0.0,0.0,0.0,50,51.5,53.0,80,47.5,53.0,53.0,50.5,23.0,11720.0,191
2023-05-09 21:30:36,c2311-P-2440,c2311-P-2440,50.5,0.0,0.0,0.0,50,51.5,53.0,70,47.5,53.0,53.0,50.5,23.0,11720.0,191
2023-05-09 21:30:43,c2311-P-2440,c2311-P-2440,50.5,0.0,0.0,0.0,60,51.5,53.0,60,47.5,53.0,53.0,50.5,23.0,11720.0,191
2023-05-09 21:30:45,c2311-P-2440,c2311-P-2440,50.5,0.0,0.0,0.0,60,51.5,53.0,70,47.5,53.0,53.0,50.5,23.0,11720.0,191
2023-05-09 21:30:48,c2311-P-2440,c2311-P-2440,50.5,0.0,0.0,0.0,70,51.5,53.0,50,47.5,53.0,53.0,50.5,23.0,11720.0,191
2023-05-09 21:30:49,c2311-P-2440,c2311-P-2440,50.5,0.0,0.0,0.0,60,51.5,53.0,70,47.5,53.0,53.0,50.5,23.0,11720.0,191
2023-05-09 21:30:52,c2311-P-2440,c2311-P-2440,50.5,0.0,0.0,0.0,50,51.5,53.0,70,47.5,53.0,53.0,50.5,23.0,11720.0,191
2023-05-09 21:31:00,c2311-P-2440,c2311-P-2440,50.5,0.0,0.0,0.0,60,51.5,53.0,60,47.5,53.0,53.0,50.5,23.0,11720.0,191
2023-05-09 21:31:00,c2311-P-2440,c2311-P-2440,50.5,0.0,0.0,0.0,60,51.5,53.0,70,47.5,53.0,53.0,50.5,23.0,11720.0,191
2023-05-09 21:31:02,c2311-P-2440,c2311-P-2440,50.5,0.0,0.0,0.0,60,51.5,53.0,60,47.5,53.0,53.0,50.5,23.0,11720.0,191
2023-05-09 21:31:02,c2311-P-2440,c2311-P-2440,50.5,0.0,0.0,0.0,60,51.5,53.0,70,47.5,53.0,53.0,50.5,23.0,11720.0,191
2023-05-09 21:31:05,c2311-P-2440,c2311-P-2440,50.5,0.0,0.0,0.0,60,51.5,53.0,60,47.5,53.0,53.0,50.5,23.0,11720.0,191
2023-05-09 21:31:13,c2311-P-2440,c2311-P-2440,50.5,0.0,0.0,0.0,50,51.5,53.0,70,47.5,53.0,53.0,50.5,23.0,11720.0,191
2023-05-09 21:31:13,c2311-P-2440,c2311-P-2440,50.5,0.0,0.0,0.0,60,51.5,53.0,70,47.5,53.0,53.0,50.5,23.0,11720.0,191
2023-05-09 21:31:16,c2311-P-2440,c2311-P-2440,50.5,0.0,0.0,0.0,70,51.5,53.0,50,47.5,53.0,53.0,50.5,23.0,11720.0,191
2023-05-09 21:31:16,c2311-P-2440,c2311-P-2440,50.5,0.0,0.0,0.0,50,51.5,53.0,80,47.5,53.0,53.0,50.5,23.0,11720.0,191
2023-05-09 21:31:17,c2311-P-2440,c2311-P-2440,50.5,0.0,0.0,0.0,60,51.5,53.0,70,47.5,53.0,53.0,50.5,23.0,11720.0,191
2023-05-09 21:31:20,c2311-P-2440,c2311-P-2440,50.5,0.0,0.0,0.0,50,51.5,53.0,70,47.5,53.0,53.0,50.5,23.0,11720.0,191
2023-05-09 21:31:23,c2311-P-2440,c2311-P-2440,50.5,0.0,0.0,0.0,40,51.5,53.0,80,47.5,53.0,53.0,50.5,23.0,11720.0,191
2023-05-09 21:31:25,c2311-P-2440,c2311-P-2440,50.5,0.0,0.0,0.0,30,51.5,53.0,80,47.5,53.0,53.0,50.5,23.0,11720.0,191
2023-05-09 21:31:25,c2311-P-2440,c2311-P-2440,50.5,0.0,0.0,0.0,40,51.5,53.0,80,47.5,53.0,53.0,50.5,23.0,11720.0,191
2023-05-09 21:31:33,c2311-P-2440,c2311-P-2440,50.5,0.0,0.0,0.0,10,51.5,52.5,10,47.5,53.0,53.0,50.5,23.0,11720.0,191
2023-05-09 21:31:34,c2311-P-2440,c2311-P-2440,50.5,0.0,0.0,0.0,70,51.0,52.5,50,47.5,53.0,53.0,50.5,23.0,11720.0,191
2023-05-09 21:31:42,c2311-P-2440,c2311-P-2440,50.5,0.0,0.0,0.0,70,51.0,52.5,30,47.5,53.0,53.0,50.5,23.0,11720.0,191
2023-05-09 21:31:43,c2311-P-2440,c2311-P-2440,50.5,0.0,0.0,0.0,70,51.0,52.5,20,47.5,53.0,53.0,50.5,23.0,11720.0,191
2023-05-09 21:31:44,c2311-P-2440,c2311-P-2440,50.5,0.0,0.0,0.0,70,51.0,52.5,30,47.5,53.0,53.0,50.5,23.0,11720.0,191
2023-05-09 21:31:48,c2311-P-2440,c2311-P-2440,50.5,0.0,0.0,0.0,20,51.5,52.5,10,47.5,53.0,53.0,50.5,23.0,11720.0,191
2023-05-09 21:31:52,c2311-P-2440,c2311-P-2440,50.5,0.0,0.0,0.0,10,51.5,52.5,10,47.5,53.0,53.0,50.5,23.0,11720.0,191
2023-05-09 21:31:52,c2311-P-2440,c2311-P-2440,50.5,0.0,0.0,0.0,70,51.0,52.5,20,47.5,53.0,53.0,50.5,23.0,11720.0,191
2023-05-09 21:31:58,c2311-P-2440,c2311-P-2440,50.5,0.0,0.0,0.0,70,51.0,52.5,30,47.5,53.0,53.0,50.5,23.0,11720.0,191
2023-05-09 21:31:59,c2311-P-2440,c2311-P-2440,50.5,0.0,0.0,0.0,60,51.0,52.5,60,47.5,53.0,53.0,50.5,23.0,11720.0,191
2023-05-09 21:32:01,c2311-P-2440,c2311-P-2440,50.5,0.0,0.0,0.0,70,51.0,52.5,50,47.5,53.0,53.0,50.5,23.0,11720.0,191
2023-05-09 21:32:15,c2311-P-2440,c2311-P-2440,50.5,0.0,0.0,0.0,70,51.0,52.5,60,47.5,53.0,53.0,50.5,23.0,11720.0,191
2023-05-09 21:32:18,c2311-P-2440,c2311-P-2440,50.5,0.0,0.0,0.0,40,51.0,52.0,10,47.5,53.0,53.0,50.5,23.0,11720.0,191
2023-05-09 21:32:18,c2311-P-2440,c2311-P-2440,50.5,0.0,0.0,0.0,30,51.0,52.0,10,47.5,53.0,53.0,50.5,23.0,11720.0,191
2023-05-09 21:32:25,c2311-P-2440,c2311-P-2440,50.5,0.0,0.0,0.0,40,51.0,52.0,10,47.5,53.0,53.0,50.5,23.0,11720.0,191
2023-05-09 21:32:25,c2311-P-2440,c2311-P-2440,50.5,0.0,0.0,0.0,50,51.0,52.5,70,47.5,53.0,53.0,50.5,23.0,11720.0,191
2023-05-09 21:32:26,c2311-P-2440,c2311-P-2440,50.5,0.0,0.0,0.0,40,51.0,52.5,80,47.5,53.0,53.0,50.5,23.0,11720.0,191
2023-05-09 21:32:33,c2311-P-2440,c2311-P-2440,50.5,0.0,0.0,0.0,30,51.0,52.5,80,47.5,53.0,53.0,50.5,23.0,11720.0,191
2023-05-09 21:32:35,c2311-P-2440,c2311-P-2440,50.5,0.0,0.0,0.0,40,51.0,52.5,80,47.5,53.0,53.0,50.5,23.0,11720.0,191
2023-05-09 21:32:43,c2311-P-2440,c2311-P-2440,50.5,0.0,0.0,0.0,30,51.0,52.5,80,47.5,53.0,53.0,50.5,23.0,11720.0,191
2023-05-09 21:32:44,c2311-P-2440,c2311-P-2440,50.5,0.0,0.0,0.0,30,51.0,52.0,10,47.5,53.0,53.0,50.5,23.0,11720.0,191
2023-05-09 21:32:48,c2311-P-2440,c2311-P-2440,50.5,0.0,0.0,0.0,40,51.0,52.0,10,47.5,53.0,53.0,50.5,23.0,11720.0,191
2023-05-09 21:32:50,c2311-P-2440,c2311-P-2440,50.5,0.0,0.0,0.0,30,51.0,52.0,10,47.5,53.0,53.0,50.5,23.0,11720.0,191
2023-05-09 21:33:00,c2311-P-2440,c2311-P-2440,50.5,0.0,0.0,0.0,40,51.0,52.0,10,47.5,53.0,53.0,50.5,23.0,11720.0,191
2023-05-09 21:33:02,c2311-P-2440,c2311-P-2440,50.5,0.0,0.0,0.0,30,51.0,52.0,10,47.5,53.0,53.0,50.5,23.0,11720.0,191
2023-05-09 21:33:03,c2311-P-2440,c2311-P-2440,50.5,0.0,0.0,0.0,50,51.0,52.0,10,47.5,53.0,53.0,50.5,23.0,11720.0,191
2023-05-09 21:33:04,c2311-P-2440,c2311-P-2440,50.5,0.0,0.0,0.0,40,51.0,52.0,10,47.5,53.0,53.0,50.5,23.0,11720.0,191
2023-05-09 21:33:05,c2311-P-2440,c2311-P-2440,50.5,0.0,0.0,0.0,50,51.0,52.0,10,47.5,53.0,53.0,50.5,23.0,11720.0,191
2023-05-09 21:33:06,c2311-P-2440,c2311-P-2440,50.5,0.0,0.0,0.0,20,51.0,52.0,20,47.5,53.0,53.0,50.5,23.0,11720.0,191
2023-05-09 21:33:07,c2311-P-2440,c2311-P-2440,50.5,0.0,0.0,0.0,30,51.0,52.0,10,47.5,53.0,53.0,50.5,23.0,11720.0,191
2023-05-09 21:33:07,c2311-P-2440,c2311-P-2440,50.5,0.0,0.0,0.0,20,51.0,52.0,10,47.5,53.0,53.0,50.5,23.0,11720.0,191
2023-05-09 21:33:08,c2311-P-2440,c2311-P-2440,50.5,0.0,0.0,0.0,20,51.0,52.0,20,47.5,53.0,53.0,50.5,23.0,11720.0,191
2023-05-09 21:33:15,c2311-P-2440,c2311-P-2440,50.5,0.0,0.0,0.0,30,51.0,52.0,10,47.5,53.0,53.0,50.5,23.0,11720.0,191
2023-05-09 21:33:15,c2311-P-2440,c2311-P-2440,50.5,0.0,0.0,0.0,20,51.0,52.0,30,47.5,53.0,53.0,50.5,23.0,11720.0,191
2023-05-09 21:33:17,c2311-P-2440,c2311-P-2440,50.5,0.0,0.0,0.0,10,51.0,52.0,30,47.5,53.0,53.0,50.5,23.0,11720.0,191
2023-05-09 21:33:17,c2311-P-2440,c2311-P-2440,50.5,0.0,0.0,0.0,20,51.0,52.0,30,47.5,53.0,53.0,50.5,23.0,11720.0,191
2023-05-09 21:33:18,c2311-P-2440,c2311-P-2440,50.5,0.0,0.0,0.0,20,51.0,52.0,20,47.5,53.0,53.0,50.5,23.0,11720.0,191
2023-05-09 21:33:29,c2311-P-2440,c2311-P-2440,50.5,0.0,0.0,0.0,10,51.0,52.0,30,47.5,53.0,53.0,50.5,23.0,11720.0,191
2023-05-09 21:33:31,c2311-P-2440,c2311-P-2440,50.5,0.0,0.0,0.0,10,51.0,52.0,20,47.5,53.0,53.0,50.5,23.0,11720.0,191
2023-05-09 21:33:33,c2311-P-2440,c2311-P-2440,50.5,0.0,0.0,0.0,20,51.0,52.0,20,47.5,53.0,53.0,50.5,23.0,11720.0,191
2023-05-09 21:33:53,c2311-P-2440,c2311-P-2440,50.5,0.0,0.0,0.0,10,51.0,52.0,20,47.5,53.0,53.0,50.5,23.0,11720.0,191
2023-05-09 21:33:55,c2311-P-2440,c2311-P-2440,50.5,0.0,0.0,0.0,95,50.5,52.0,20,47.5,53.0,53.0,50.5,23.0,11720.0,191
2023-05-09 21:33:59,c2311-P-2440,c2311-P-2440,50.5,0.0,0.0,0.0,95,50.5,52.0,30,47.5,53.0,53.0,50.5,23.0,11720.0,191
2023-05-09 21:34:01,c2311-P-2440,c2311-P-2440,50.5,0.0,0.0,0.0,40,50.5,52.0,95,47.5,53.0,53.0,50.5,23.0,11720.0,191
2023-05-09 21:34:01,c2311-P-2440,c2311-P-2440,50.5,0.0,0.0,0.0,20,50.5,52.0,105,47.5,53.0,53.0,50.5,23.0,11720.0,191
2023-05-09 21:34:02,c2311-P-2440,c2311-P-2440,50.5,0.0,0.0,0.0,20,50.5,51.5,20,47.5,53.0,53.0,50.5,23.0,11720.0,191
2023-05-09 21:34:04,c2311-P-2440,c2311-P-2440,50.5,0.0,0.0,0.0,60,50.0,51.5,50,47.5,53.0,53.0,50.5,23.0,11720.0,191
2023-05-09 21:34:05,c2311-P-2440,c2311-P-2440,50.5,0.0,0.0,0.0,60,50.0,51.5,60,47.5,53.0,53.0,50.5,23.0,11720.0,191
2023-05-09 21:34:06,c2311-P-2440,c2311-P-2440,50.5,0.0,0.0,0.0,60,50.0,51.5,70,47.5,53.0,53.0,50.5,23.0,11720.0,191
2023-05-09 21:34:08,c2311-P-2440,c2311-P-2440,50.5,0.0,0.0,0.0,60,50.0,51.5,60,47.5,53.0,53.0,50.5,23.0,11720.0,191
2023-05-09 21:34:08,c2311-P-2440,c2311-P-2440,50.5,0.0,0.0,0.0,70,50.0,51.5,40,47.5,53.0,53.0,50.5,23.0,11720.0,191
2023-05-09 21:34:11,c2311-P-2440,c2311-P-2440,50.5,0.0,0.0,0.0,70,50.0,51.5,30,47.5,53.0,53.0,50.5,23.0,11720.0,191
