time,symbol_id,symbol_name,last,trade_volume,trade_amount,open_interest_change,bv1,bp1,ap1,av1,yesterday_close,today_open,today_high,today_low,volume,amount,open_interest
2023-05-09 21:00:13,c2311-P-2300,玉米2311沽2300,18.0,0.0,0.0,0.0,0,0.0,68.5,1,18.0,68.5,0.0,0.0,0.0,0.0,262
2023-05-09 21:01:06,c2311-P-2300,玉米2311沽2300,68.5,1.0,685.0,0.0,0,0.0,25.5,10,18.0,68.5,68.5,68.5,1.0,685.0,262
2023-05-09 21:01:07,c2311-P-2300,玉米2311沽2300,68.5,0.0,0.0,0.0,0,0.0,25.0,1,18.0,68.5,68.5,68.5,1.0,685.0,262
2023-05-09 21:01:07,c2311-P-2300,玉米2311沽2300,68.5,0.0,0.0,0.0,1,14.5,25.0,1,18.0,68.5,68.5,68.5,1.0,685.0,262
2023-05-09 21:01:24,c2311-P-2300,玉米2311沽2300,14.5,1.0,145.0,-1.0,31,17.5,22.0,3,18.0,68.5,68.5,14.5,2.0,830.0,261
2023-05-09 21:03:42,c2311-P-2300,玉米2311沽2300,22.0,3.0,660.0,0.0,3,19.0,25.0,2,18.0,68.5,68.5,14.5,5.0,1490.0,261
2023-05-09 21:05:27,c2311-P-2300,玉米2311沽2300,22.0,0.0,0.0,0.0,3,19.0,24.5,10,18.0,68.5,68.5,14.5,5.0,1490.0,261
2023-05-09 21:05:47,c2311-P-2300,玉米2311沽2300,24.5,10.0,2450.0,10.0,3,19.0,21.5,10,18.0,68.5,68.5,14.5,15.0,3940.0,271
2023-05-09 21:05:47,c2311-P-2300,玉米2311沽2300,24.5,0.0,0.0,0.0,3,19.0,20.0,10,18.0,68.5,68.5,14.5,15.0,3940.0,271
2023-05-09 21:07:01,c2311-P-2300,玉米2311沽2300,20.0,13.0,2600.0,13.0,3,19.0,20.0,7,18.0,68.5,68.5,14.5,28.0,6540.0,284
2023-05-09 21:07:21,c2311-P-2300,玉米2311沽2300,20.0,0.0,0.0,0.0,31,17.5,20.0,7,18.0,68.5,68.5,14.5,28.0,6540.0,284
2023-05-09 21:08:47,c2311-P-2300,玉米2311沽2300,20.0,7.0,1400.0,7.0,31,17.5,20.0,4,18.0,68.5,68.5,14.5,35.0,7940.0,291
2023-05-09 21:08:57,c2311-P-2300,玉米2311沽2300,20.0,0.0,0.0,0.0,31,17.5,20.0,14,18.0,68.5,68.5,14.5,35.0,7940.0,291
2023-05-09 21:09:29,c2311-P-2300,玉米2311沽2300,20.0,0.0,0.0,0.0,31,17.5,20.0,13,18.0,68.5,68.5,14.5,35.0,7940.0,291
2023-05-09 21:09:42,c2311-P-2300,玉米2311沽2300,20.0,7.0,1400.0,4.0,31,17.5,20.0,6,18.0,68.5,68.5,14.5,42.0,9340.0,295
2023-05-09 21:10:02,c2311-P-2300,玉米2311沽2300,20.0,5.0,1000.0,5.0,31,17.5,20.0,5,18.0,68.5,68.5,14.5,47.0,10340.0,300
2023-05-09 21:10:36,c2311-P-2300,玉米2311沽2300,20.0,5.0,1000.0,5.0,31,17.5,20.0,10,18.0,68.5,68.5,14.5,52.0,11340.0,305
2023-05-09 21:10:59,c2311-P-2300,玉米2311沽2300,20.0,0.0,0.0,0.0,31,17.5,20.5,3,18.0,68.5,68.5,14.5,52.0,11340.0,305
2023-05-09 21:10:59,c2311-P-2300,玉米2311沽2300,20.0,0.0,0.0,0.0,31,17.5,20.5,14,18.0,68.5,68.5,14.5,52.0,11340.0,305
2023-05-09 21:11:02,c2311-P-2300,玉米2311沽2300,20.0,0.0,0.0,0.0,31,17.5,20.5,13,18.0,68.5,68.5,14.5,52.0,11340.0,305
2023-05-09 21:26:56,c2311-P-2300,玉米2311沽2300,20.0,0.0,0.0,0.0,31,17.5,20.5,3,18.0,68.5,68.5,14.5,52.0,11340.0,305
2023-05-09 21:27:39,c2311-P-2300,玉米2311沽2300,20.0,0.0,0.0,0.0,31,17.5,20.5,13,18.0,68.5,68.5,14.5,52.0,11340.0,305
2023-05-09 21:27:40,c2311-P-2300,玉米2311沽2300,20.0,0.0,0.0,0.0,31,17.5,20.5,3,18.0,68.5,68.5,14.5,52.0,11340.0,305
2023-05-09 21:28:01,c2311-P-2300,玉米2311沽2300,20.0,0.0,0.0,0.0,31,17.5,20.5,13,18.0,68.5,68.5,14.5,52.0,11340.0,305
2023-05-09 21:28:02,c2311-P-2300,玉米2311沽2300,20.0,0.0,0.0,0.0,31,17.5,20.5,3,18.0,68.5,68.5,14.5,52.0,11340.0,305
2023-05-09 21:28:03,c2311-P-2300,玉米2311沽2300,20.0,0.0,0.0,0.0,31,17.5,20.5,13,18.0,68.5,68.5,14.5,52.0,11340.0,305
2023-05-09 21:28:07,c2311-P-2300,玉米2311沽2300,20.0,0.0,0.0,0.0,31,17.5,20.5,3,18.0,68.5,68.5,14.5,52.0,11340.0,305
2023-05-09 21:28:10,c2311-P-2300,玉米2311沽2300,20.0,0.0,0.0,0.0,31,17.5,20.5,13,18.0,68.5,68.5,14.5,52.0,11340.0,305
2023-05-09 21:28:10,c2311-P-2300,玉米2311沽2300,20.0,0.0,0.0,0.0,31,17.5,20.5,3,18.0,68.5,68.5,14.5,52.0,11340.0,305
2023-05-09 21:28:12,c2311-P-2300,玉米2311沽2300,20.0,0.0,0.0,0.0,31,17.5,20.5,13,18.0,68.5,68.5,14.5,52.0,11340.0,305
2023-05-09 21:28:14,c2311-P-2300,玉米2311沽2300,20.0,0.0,0.0,0.0,31,17.5,20.5,3,18.0,68.5,68.5,14.5,52.0,11340.0,305
2023-05-09 21:28:16,c2311-P-2300,玉米2311沽2300,20.0,0.0,0.0,0.0,31,17.5,20.5,13,18.0,68.5,68.5,14.5,52.0,11340.0,305
2023-05-09 21:28:17,c2311-P-2300,玉米2311沽2300,20.0,0.0,0.0,0.0,31,17.5,20.5,3,18.0,68.5,68.5,14.5,52.0,11340.0,305
2023-05-09 21:28:19,c2311-P-2300,玉米2311沽2300,20.0,0.0,0.0,0.0,31,17.5,20.5,13,18.0,68.5,68.5,14.5,52.0,11340.0,305
2023-05-09 21:28:22,c2311-P-2300,玉米2311沽2300,20.0,0.0,0.0,0.0,31,17.5,20.5,3,18.0,68.5,68.5,14.5,52.0,11340.0,305
2023-05-09 21:28:23,c2311-P-2300,玉米2311沽2300,20.0,0.0,0.0,0.0,31,17.5,20.5,13,18.0,68.5,68.5,14.5,52.0,11340.0,305
2023-05-09 21:28:23,c2311-P-2300,玉米2311沽2300,20.0,0.0,0.0,0.0,31,17.5,20.5,3,18.0,68.5,68.5,14.5,52.0,11340.0,305
2023-05-09 21:28:25,c2311-P-2300,玉米2311沽2300,20.0,0.0,0.0,0.0,31,17.5,20.5,13,18.0,68.5,68.5,14.5,52.0,11340.0,305
2023-05-09 21:28:25,c2311-P-2300,玉米2311沽2300,20.0,0.0,0.0,0.0,31,17.5,20.5,3,18.0,68.5,68.5,14.5,52.0,11340.0,305
2023-05-09 21:28:27,c2311-P-2300,玉米2311沽2300,20.0,0.0,0.0,0.0,31,17.5,20.5,13,18.0,68.5,68.5,14.5,52.0,11340.0,305
2023-05-09 21:28:28,c2311-P-2300,玉米2311沽2300,20.0,0.0,0.0,0.0,31,17.5,20.5,3,18.0,68.5,68.5,14.5,52.0,11340.0,305
2023-05-09 21:28:28,c2311-P-2300,玉米2311沽2300,20.0,0.0,0.0,0.0,31,17.5,20.5,13,18.0,68.5,68.5,14.5,52.0,11340.0,305
2023-05-09 21:28:29,c2311-P-2300,玉米2311沽2300,20.0,0.0,0.0,0.0,31,17.5,20.5,3,18.0,68.5,68.5,14.5,52.0,11340.0,305
2023-05-09 21:28:32,c2311-P-2300,玉米2311沽2300,20.0,0.0,0.0,0.0,31,17.5,20.5,13,18.0,68.5,68.5,14.5,52.0,11340.0,305
2023-05-09 21:28:32,c2311-P-2300,玉米2311沽2300,20.0,0.0,0.0,0.0,31,17.5,20.5,3,18.0,68.5,68.5,14.5,52.0,11340.0,305
2023-05-09 21:28:35,c2311-P-2300,玉米2311沽2300,20.0,0.0,0.0,0.0,31,17.5,20.5,13,18.0,68.5,68.5,14.5,52.0,11340.0,305
2023-05-09 21:28:36,c2311-P-2300,玉米2311沽2300,20.0,0.0,0.0,0.0,31,17.5,20.5,3,18.0,68.5,68.5,14.5,52.0,11340.0,305
2023-05-09 21:28:44,c2311-P-2300,玉米2311沽2300,20.0,0.0,0.0,0.0,31,17.5,20.5,13,18.0,68.5,68.5,14.5,52.0,11340.0,305
2023-05-09 21:28:44,c2311-P-2300,玉米2311沽2300,20.0,0.0,0.0,0.0,31,17.5,20.5,3,18.0,68.5,68.5,14.5,52.0,11340.0,305
2023-05-09 21:28:46,c2311-P-2300,玉米2311沽2300,20.0,0.0,0.0,0.0,31,17.5,20.5,13,18.0,68.5,68.5,14.5,52.0,11340.0,305
2023-05-09 21:28:46,c2311-P-2300,玉米2311沽2300,20.0,0.0,0.0,0.0,31,17.5,20.5,3,18.0,68.5,68.5,14.5,52.0,11340.0,305
2023-05-09 21:29:51,c2311-P-2300,玉米2311沽2300,20.0,0.0,0.0,0.0,31,17.5,20.5,13,18.0,68.5,68.5,14.5,52.0,11340.0,305
2023-05-09 21:29:53,c2311-P-2300,玉米2311沽2300,20.0,0.0,0.0,0.0,31,17.5,20.5,3,18.0,68.5,68.5,14.5,52.0,11340.0,305
2023-05-09 21:30:21,c2311-P-2300,玉米2311沽2300,20.0,0.0,0.0,0.0,31,17.5,22.5,28,18.0,68.5,68.5,14.5,52.0,11340.0,305
2023-05-09 21:30:21,c2311-P-2300,玉米2311沽2300,20.0,0.0,0.0,0.0,31,17.5,21.0,10,18.0,68.5,68.5,14.5,52.0,11340.0,305
2023-05-09 21:41:36,c2311-P-2300,玉米2311沽2300,20.0,0.0,0.0,0.0,31,17.5,22.5,28,18.0,68.5,68.5,14.5,52.0,11340.0,305
2023-05-09 21:41:36,c2311-P-2300,玉米2311沽2300,20.0,0.0,0.0,0.0,31,17.5,21.0,10,18.0,68.5,68.5,14.5,52.0,11340.0,305
2023-05-09 21:41:39,c2311-P-2300,玉米2311沽2300,20.0,0.0,0.0,0.0,31,17.5,22.5,28,18.0,68.5,68.5,14.5,52.0,11340.0,305
2023-05-09 21:41:39,c2311-P-2300,玉米2311沽2300,20.0,0.0,0.0,0.0,31,17.5,21.5,10,18.0,68.5,68.5,14.5,52.0,11340.0,305
2023-05-09 21:50:37,c2311-P-2300,玉米2311沽2300,20.0,0.0,0.0,0.0,10,18.0,21.5,10,18.0,68.5,68.5,14.5,52.0,11340.0,305
2023-05-09 22:03:28,c2311-P-2300,玉米2311沽2300,20.0,0.0,0.0,0.0,10,18.0,22.5,28,18.0,68.5,68.5,14.5,52.0,11340.0,305
2023-05-09 22:03:28,c2311-P-2300,玉米2311沽2300,20.0,0.0,0.0,0.0,10,18.0,22.0,10,18.0,68.5,68.5,14.5,52.0,11340.0,305
2023-05-09 22:17:37,c2311-P-2300,玉米2311沽2300,22.0,5.0,1100.0,5.0,3,18.5,21.5,1,18.0,68.5,68.5,14.5,57.0,12440.0,310
2023-05-09 22:17:38,c2311-P-2300,玉米2311沽2300,22.0,0.0,0.0,0.0,10,19.0,21.5,11,18.0,68.5,68.5,14.5,57.0,12440.0,310
2023-05-09 22:18:38,c2311-P-2300,玉米2311沽2300,22.0,0.0,0.0,0.0,10,19.0,21.5,10,18.0,68.5,68.5,14.5,57.0,12440.0,310
2023-05-09 22:30:04,c2311-P-2300,玉米2311沽2300,22.0,0.0,0.0,0.0,10,19.0,22.0,3,18.0,68.5,68.5,14.5,57.0,12440.0,310
2023-05-09 22:30:04,c2311-P-2300,玉米2311沽2300,22.0,0.0,0.0,0.0,10,19.0,22.0,13,18.0,68.5,68.5,14.5,57.0,12440.0,310
2023-05-09 22:31:35,c2311-P-2300,玉米2311沽2300,22.0,0.0,0.0,0.0,10,19.0,22.0,3,18.0,68.5,68.5,14.5,57.0,12440.0,310
2023-05-09 22:32:02,c2311-P-2300,玉米2311沽2300,22.0,0.0,0.0,0.0,10,19.0,22.5,10,18.0,68.5,68.5,14.5,57.0,12440.0,310
2023-05-09 22:33:11,c2311-P-2300,玉米2311沽2300,22.0,0.0,0.0,0.0,10,19.0,25.0,1,18.0,68.5,68.5,14.5,57.0,12440.0,310
2023-05-09 22:33:11,c2311-P-2300,玉米2311沽2300,22.0,0.0,0.0,0.0,10,19.0,23.0,10,18.0,68.5,68.5,14.5,57.0,12440.0,310
2023-05-09 22:52:51,c2311-P-2300,玉米2311沽2300,23.0,1.0,230.0,1.0,3,19.5,23.0,12,18.0,68.5,68.5,14.5,58.0,12670.0,311
2023-05-09 22:52:52,c2311-P-2300,玉米2311沽2300,23.0,0.0,0.0,0.0,10,20.0,22.5,11,18.0,68.5,68.5,14.5,58.0,12670.0,311
2023-05-09 22:53:27,c2311-P-2300,玉米2311沽2300,23.0,0.0,0.0,0.0,10,20.0,22.5,1,18.0,68.5,68.5,14.5,58.0,12670.0,311
2023-05-09 22:53:53,c2311-P-2300,玉米2311沽2300,23.0,0.0,0.0,0.0,10,20.0,23.0,13,18.0,68.5,68.5,14.5,58.0,12670.0,311
2023-05-09 22:55:54,c2311-P-2300,玉米2311沽2300,23.0,0.0,0.0,0.0,10,20.0,23.0,10,18.0,68.5,68.5,14.5,58.0,12670.0,311
2023-05-09 22:57:20,c2311-P-2300,玉米2311沽2300,23.0,0.0,0.0,0.0,10,20.0,0.0,0,18.0,68.5,68.5,14.5,58.0,12670.0,311
2023-05-09 22:57:20,c2311-P-2300,玉米2311沽2300,23.0,0.0,0.0,0.0,10,20.0,161.0,8,18.0,68.5,68.5,14.5,58.0,12670.0,311
2023-05-09 22:57:21,c2311-P-2300,玉米2311沽2300,23.0,0.0,0.0,0.0,10,20.0,160.5,1,18.0,68.5,68.5,14.5,58.0,12670.0,311
2023-05-09 22:57:21,c2311-P-2300,玉米2311沽2300,23.0,0.0,0.0,0.0,10,20.0,159.0,8,18.0,68.5,68.5,14.5,58.0,12670.0,311
2023-05-09 22:57:33,c2311-P-2300,玉米2311沽2300,23.0,0.0,0.0,0.0,5,15.0,159.0,8,18.0,68.5,68.5,14.5,58.0,12670.0,311
2023-05-09 22:59:48,c2311-P-2300,玉米2311沽2300,23.0,0.0,0.0,0.0,5,15.0,160.5,1,18.0,68.5,68.5,14.5,58.0,12670.0,311
2023-05-10 09:00:01,c2311-P-2300,玉米2311沽2300,23.0,0.0,0.0,0.0,1,17.5,160.5,1,18.0,68.5,68.5,14.5,58.0,12670.0,311
2023-05-10 09:00:10,c2311-P-2300,玉米2311沽2300,23.0,0.0,0.0,0.0,1,17.5,72.0,1,18.0,68.5,68.5,14.5,58.0,12670.0,311
2023-05-10 09:00:22,c2311-P-2300,玉米2311沽2300,23.0,0.0,0.0,0.0,1,17.5,59.0,1,18.0,68.5,68.5,14.5,58.0,12670.0,311
2023-05-10 09:01:48,c2311-P-2300,玉米2311沽2300,23.0,0.0,0.0,0.0,1,17.5,50.0,50,18.0,68.5,68.5,14.5,58.0,12670.0,311
2023-05-10 09:01:48,c2311-P-2300,玉米2311沽2300,23.0,0.0,0.0,0.0,1,17.5,29.0,1,18.0,68.5,68.5,14.5,58.0,12670.0,311
2023-05-10 09:06:35,c2311-P-2300,玉米2311沽2300,23.0,0.0,0.0,0.0,10,18.0,29.0,1,18.0,68.5,68.5,14.5,58.0,12670.0,311
2023-05-10 09:06:46,c2311-P-2300,玉米2311沽2300,23.0,0.0,0.0,0.0,10,18.0,28.0,50,18.0,68.5,68.5,14.5,58.0,12670.0,311
2023-05-10 09:06:59,c2311-P-2300,玉米2311沽2300,23.0,0.0,0.0,0.0,10,18.0,27.0,25,18.0,68.5,68.5,14.5,58.0,12670.0,311
2023-05-10 09:09:35,c2311-P-2300,玉米2311沽2300,23.0,0.0,0.0,0.0,10,18.0,28.0,50,18.0,68.5,68.5,14.5,58.0,12670.0,311
2023-05-10 09:09:35,c2311-P-2300,玉米2311沽2300,23.0,0.0,0.0,0.0,10,18.0,22.5,25,18.0,68.5,68.5,14.5,58.0,12670.0,311
2023-05-10 09:09:36,c2311-P-2300,玉米2311沽2300,22.5,25.0,5625.0,0.0,3,20.5,28.0,50,18.0,68.5,68.5,14.5,83.0,18295.0,311
2023-05-10 09:09:36,c2311-P-2300,玉米2311沽2300,22.5,0.0,0.0,0.0,10,21.0,28.0,50,18.0,68.5,68.5,14.5,83.0,18295.0,311
2023-05-10 09:09:38,c2311-P-2300,玉米2311沽2300,22.5,0.0,0.0,0.0,11,21.0,28.0,50,18.0,68.5,68.5,14.5,83.0,18295.0,311
2023-05-10 09:10:36,c2311-P-2300,玉米2311沽2300,22.5,0.0,0.0,0.0,11,21.0,29.0,1,18.0,68.5,68.5,14.5,83.0,18295.0,311
2023-05-10 09:10:36,c2311-P-2300,玉米2311沽2300,22.5,0.0,0.0,0.0,11,21.0,23.0,50,18.0,68.5,68.5,14.5,83.0,18295.0,311
2023-05-10 09:11:38,c2311-P-2300,玉米2311沽2300,22.5,0.0,0.0,0.0,11,21.0,29.0,1,18.0,68.5,68.5,14.5,83.0,18295.0,311
2023-05-10 09:11:38,c2311-P-2300,玉米2311沽2300,22.5,14.0,3150.0,-14.0,3,21.5,22.5,36,18.0,68.5,68.5,14.5,97.0,21445.0,297
2023-05-10 09:11:39,c2311-P-2300,玉米2311沽2300,22.5,36.0,8100.0,0.0,10,22.0,24.5,3,18.0,68.5,68.5,14.5,133.0,29545.0,297
2023-05-10 09:12:27,c2311-P-2300,玉米2311沽2300,22.5,0.0,0.0,0.0,26,21.5,24.5,3,18.0,68.5,68.5,14.5,133.0,29545.0,297
2023-05-10 09:15:25,c2311-P-2300,玉米2311沽2300,22.5,0.0,0.0,0.0,16,21.5,24.5,3,18.0,68.5,68.5,14.5,133.0,29545.0,297
2023-05-10 09:15:40,c2311-P-2300,玉米2311沽2300,22.5,0.0,0.0,0.0,26,21.5,24.5,3,18.0,68.5,68.5,14.5,133.0,29545.0,297
2023-05-10 09:15:45,c2311-P-2300,玉米2311沽2300,22.5,0.0,0.0,0.0,16,21.5,24.5,3,18.0,68.5,68.5,14.5,133.0,29545.0,297
2023-05-10 09:16:10,c2311-P-2300,玉米2311沽2300,22.5,0.0,0.0,0.0,26,21.5,24.5,3,18.0,68.5,68.5,14.5,133.0,29545.0,297
2023-05-10 09:16:14,c2311-P-2300,玉米2311沽2300,22.5,0.0,0.0,0.0,16,21.5,24.5,3,18.0,68.5,68.5,14.5,133.0,29545.0,297
2023-05-10 09:16:41,c2311-P-2300,玉米2311沽2300,22.5,0.0,0.0,0.0,26,21.5,24.5,3,18.0,68.5,68.5,14.5,133.0,29545.0,297
2023-05-10 09:16:50,c2311-P-2300,玉米2311沽2300,22.5,0.0,0.0,0.0,16,21.5,24.5,3,18.0,68.5,68.5,14.5,133.0,29545.0,297
2023-05-10 09:17:09,c2311-P-2300,玉米2311沽2300,22.5,0.0,0.0,0.0,10,21.0,24.5,3,18.0,68.5,68.5,14.5,133.0,29545.0,297
2023-05-10 09:17:57,c2311-P-2300,玉米2311沽2300,22.5,0.0,0.0,0.0,16,20.5,24.5,3,18.0,68.5,68.5,14.5,133.0,29545.0,297
2023-05-10 09:17:57,c2311-P-2300,玉米2311沽2300,22.5,0.0,0.0,0.0,26,20.5,24.5,3,18.0,68.5,68.5,14.5,133.0,29545.0,297
2023-05-10 09:20:39,c2311-P-2300,玉米2311沽2300,22.5,0.0,0.0,0.0,10,20.5,24.5,3,18.0,68.5,68.5,14.5,133.0,29545.0,297
2023-05-10 09:21:16,c2311-P-2300,玉米2311沽2300,22.5,0.0,0.0,0.0,16,19.5,24.5,3,18.0,68.5,68.5,14.5,133.0,29545.0,297
2023-05-10 09:21:16,c2311-P-2300,玉米2311沽2300,22.5,0.0,0.0,0.0,10,20.0,24.5,3,18.0,68.5,68.5,14.5,133.0,29545.0,297
2023-05-10 09:21:52,c2311-P-2300,玉米2311沽2300,22.5,0.0,0.0,0.0,10,20.0,22.0,1,18.0,68.5,68.5,14.5,133.0,29545.0,297
2023-05-10 09:25:58,c2311-P-2300,玉米2311沽2300,22.5,0.0,0.0,0.0,11,19.5,22.0,1,18.0,68.5,68.5,14.5,133.0,29545.0,297
2023-05-10 09:28:15,c2311-P-2300,玉米2311沽2300,22.5,0.0,0.0,0.0,1,19.5,22.0,1,18.0,68.5,68.5,14.5,133.0,29545.0,297
2023-05-10 09:30:19,c2311-P-2300,玉米2311沽2300,22.5,0.0,0.0,0.0,11,19.5,22.0,1,18.0,68.5,68.5,14.5,133.0,29545.0,297
2023-05-10 09:39:43,c2311-P-2300,玉米2311沽2300,22.5,0.0,0.0,0.0,1,20.0,22.0,1,18.0,68.5,68.5,14.5,133.0,29545.0,297
2023-05-10 09:39:43,c2311-P-2300,玉米2311沽2300,22.5,0.0,0.0,0.0,11,20.0,22.0,1,18.0,68.5,68.5,14.5,133.0,29545.0,297
2023-05-10 09:41:29,c2311-P-2300,玉米2311沽2300,22.5,0.0,0.0,0.0,1,20.0,22.0,1,18.0,68.5,68.5,14.5,133.0,29545.0,297
2023-05-10 09:42:26,c2311-P-2300,玉米2311沽2300,22.5,0.0,0.0,0.0,11,20.0,22.0,1,18.0,68.5,68.5,14.5,133.0,29545.0,297
2023-05-10 09:43:13,c2311-P-2300,玉米2311沽2300,22.5,0.0,0.0,0.0,1,20.0,22.0,1,18.0,68.5,68.5,14.5,133.0,29545.0,297
2023-05-10 09:44:26,c2311-P-2300,玉米2311沽2300,22.5,0.0,0.0,0.0,11,20.0,22.0,1,18.0,68.5,68.5,14.5,133.0,29545.0,297
2023-05-10 09:44:27,c2311-P-2300,玉米2311沽2300,22.5,0.0,0.0,0.0,1,20.0,22.0,1,18.0,68.5,68.5,14.5,133.0,29545.0,297
2023-05-10 09:44:42,c2311-P-2300,玉米2311沽2300,22.5,0.0,0.0,0.0,11,20.0,22.0,1,18.0,68.5,68.5,14.5,133.0,29545.0,297
2023-05-10 09:45:54,c2311-P-2300,玉米2311沽2300,22.5,0.0,0.0,0.0,1,20.0,22.0,1,18.0,68.5,68.5,14.5,133.0,29545.0,297
2023-05-10 09:47:09,c2311-P-2300,玉米2311沽2300,22.5,0.0,0.0,0.0,11,20.0,22.0,1,18.0,68.5,68.5,14.5,133.0,29545.0,297
2023-05-10 09:54:29,c2311-P-2300,玉米2311沽2300,22.5,0.0,0.0,0.0,1,20.5,22.0,1,18.0,68.5,68.5,14.5,133.0,29545.0,297
2023-05-10 09:54:29,c2311-P-2300,玉米2311沽2300,22.5,0.0,0.0,0.0,11,20.5,22.0,1,18.0,68.5,68.5,14.5,133.0,29545.0,297
2023-05-10 09:54:31,c2311-P-2300,玉米2311沽2300,22.5,0.0,0.0,0.0,1,20.5,22.0,1,18.0,68.5,68.5,14.5,133.0,29545.0,297
2023-05-10 09:59:40,c2311-P-2300,玉米2311沽2300,22.5,0.0,0.0,0.0,11,20.5,22.0,1,18.0,68.5,68.5,14.5,133.0,29545.0,297
2023-05-10 09:59:44,c2311-P-2300,玉米2311沽2300,22.5,0.0,0.0,0.0,1,20.5,22.0,1,18.0,68.5,68.5,14.5,133.0,29545.0,297
2023-05-10 09:59:47,c2311-P-2300,玉米2311沽2300,22.5,0.0,0.0,0.0,100,16.0,25.0,100,18.0,68.5,68.5,14.5,133.0,29545.0,297
2023-05-10 09:59:47,c2311-P-2300,玉米2311沽2300,22.5,0.0,0.0,0.0,10,16.5,25.0,100,18.0,68.5,68.5,14.5,133.0,29545.0,297
2023-05-10 10:00:30,c2311-P-2300,玉米2311沽2300,22.5,0.0,0.0,0.0,10,16.5,22.5,1,18.0,68.5,68.5,14.5,133.0,29545.0,297
2023-05-10 10:00:33,c2311-P-2300,玉米2311沽2300,22.5,0.0,0.0,0.0,1,20.0,22.5,1,18.0,68.5,68.5,14.5,133.0,29545.0,297
2023-05-10 10:00:33,c2311-P-2300,玉米2311沽2300,22.5,0.0,0.0,0.0,11,20.0,22.5,1,18.0,68.5,68.5,14.5,133.0,29545.0,297
2023-05-10 10:09:35,c2311-P-2300,玉米2311沽2300,22.5,0.0,0.0,0.0,1,20.0,22.5,1,18.0,68.5,68.5,14.5,133.0,29545.0,297
2023-05-10 10:09:45,c2311-P-2300,玉米2311沽2300,22.5,0.0,0.0,0.0,11,20.0,22.5,1,18.0,68.5,68.5,14.5,133.0,29545.0,297
2023-05-10 10:09:45,c2311-P-2300,玉米2311沽2300,22.5,0.0,0.0,0.0,1,20.0,22.5,1,18.0,68.5,68.5,14.5,133.0,29545.0,297
2023-05-10 10:11:10,c2311-P-2300,玉米2311沽2300,20.0,1.0,200.0,0.0,31,20.0,22.5,1,18.0,68.5,68.5,14.5,134.0,29745.0,297
2023-05-10 10:11:11,c2311-P-2300,玉米2311沽2300,20.0,0.0,0.0,0.0,41,20.0,22.5,1,18.0,68.5,68.5,14.5,134.0,29745.0,297
2023-05-10 10:11:27,c2311-P-2300,玉米2311沽2300,20.0,0.0,0.0,0.0,31,20.0,22.5,1,18.0,68.5,68.5,14.5,134.0,29745.0,297
2023-05-10 10:12:32,c2311-P-2300,玉米2311沽2300,20.0,0.0,0.0,0.0,41,20.0,22.5,1,18.0,68.5,68.5,14.5,134.0,29745.0,297
2023-05-10 10:12:35,c2311-P-2300,玉米2311沽2300,20.0,0.0,0.0,0.0,10,20.0,22.5,1,18.0,68.5,68.5,14.5,134.0,29745.0,297
2023-05-10 10:13:12,c2311-P-2300,玉米2311沽2300,20.0,0.0,0.0,0.0,1,18.0,22.5,1,18.0,68.5,68.5,14.5,134.0,29745.0,297
2023-05-10 10:13:12,c2311-P-2300,玉米2311沽2300,20.0,0.0,0.0,0.0,10,18.5,22.5,1,18.0,68.5,68.5,14.5,134.0,29745.0,297
2023-05-10 10:13:32,c2311-P-2300,玉米2311沽2300,20.0,0.0,0.0,0.0,1,19.5,22.5,1,18.0,68.5,68.5,14.5,134.0,29745.0,297
2023-05-10 10:13:32,c2311-P-2300,玉米2311沽2300,20.0,0.0,0.0,0.0,11,19.5,22.5,1,18.0,68.5,68.5,14.5,134.0,29745.0,297
2023-05-10 10:14:32,c2311-P-2300,玉米2311沽2300,20.0,0.0,0.0,0.0,1,19.5,22.5,1,18.0,68.5,68.5,14.5,134.0,29745.0,297
2023-05-10 10:30:23,c2311-P-2300,玉米2311沽2300,20.0,0.0,0.0,0.0,11,19.5,22.5,1,18.0,68.5,68.5,14.5,134.0,29745.0,297
2023-05-10 10:35:27,c2311-P-2300,玉米2311沽2300,20.0,0.0,0.0,0.0,1,20.0,22.5,1,18.0,68.5,68.5,14.5,134.0,29745.0,297
2023-05-10 10:35:28,c2311-P-2300,玉米2311沽2300,20.0,0.0,0.0,0.0,11,20.0,22.5,1,18.0,68.5,68.5,14.5,134.0,29745.0,297
2023-05-10 10:59:14,c2311-P-2300,玉米2311沽2300,20.0,0.0,0.0,0.0,10,20.0,22.5,1,18.0,68.5,68.5,14.5,134.0,29745.0,297
2023-05-10 11:01:30,c2311-P-2300,玉米2311沽2300,20.0,0.0,0.0,0.0,10,20.0,23.5,3,18.0,68.5,68.5,14.5,134.0,29745.0,297
2023-05-10 11:01:47,c2311-P-2300,玉米2311沽2300,20.0,0.0,0.0,0.0,10,20.0,21.5,1,18.0,68.5,68.5,14.5,134.0,29745.0,297
2023-05-10 11:04:24,c2311-P-2300,玉米2311沽2300,20.0,0.0,0.0,0.0,10,19.5,21.5,1,18.0,68.5,68.5,14.5,134.0,29745.0,297
2023-05-10 11:07:19,c2311-P-2300,玉米2311沽2300,19.5,10.0,1950.0,-10.0,10,19.5,21.5,1,18.0,68.5,68.5,14.5,144.0,31695.0,287
2023-05-10 11:07:25,c2311-P-2300,玉米2311沽2300,19.5,10.0,1950.0,0.0,4,19.0,21.5,1,18.0,68.5,68.5,14.5,154.0,33645.0,287
2023-05-10 11:07:26,c2311-P-2300,玉米2311沽2300,19.5,0.0,0.0,0.0,3,19.0,21.5,1,18.0,68.5,68.5,14.5,154.0,33645.0,287
2023-05-10 11:07:31,c2311-P-2300,玉米2311沽2300,19.5,0.0,0.0,0.0,1,18.0,21.5,1,18.0,68.5,68.5,14.5,154.0,33645.0,287
2023-05-10 11:07:51,c2311-P-2300,玉米2311沽2300,19.5,0.0,0.0,0.0,10,18.5,21.5,1,18.0,68.5,68.5,14.5,154.0,33645.0,287
2023-05-10 11:22:12,c2311-P-2300,玉米2311沽2300,19.5,0.0,0.0,0.0,11,18.5,21.5,1,18.0,68.5,68.5,14.5,154.0,33645.0,287
2023-05-10 11:23:01,c2311-P-2300,玉米2311沽2300,19.5,0.0,0.0,0.0,1,19.0,21.5,1,18.0,68.5,68.5,14.5,154.0,33645.0,287
2023-05-10 11:23:01,c2311-P-2300,玉米2311沽2300,19.5,0.0,0.0,0.0,10,19.5,21.5,1,18.0,68.5,68.5,14.5,154.0,33645.0,287
2023-05-10 11:29:33,c2311-P-2300,玉米2311沽2300,19.5,0.0,0.0,0.0,1,19.0,21.5,1,18.0,68.5,68.5,14.5,154.0,33645.0,287
2023-05-10 13:32:38,c2311-P-2300,玉米2311沽2300,19.5,0.0,0.0,0.0,10,19.5,21.5,1,18.0,68.5,68.5,14.5,154.0,33645.0,287
2023-05-10 13:32:49,c2311-P-2300,玉米2311沽2300,19.5,0.0,0.0,0.0,11,19.0,21.5,1,18.0,68.5,68.5,14.5,154.0,33645.0,287
2023-05-10 13:35:23,c2311-P-2300,玉米2311沽2300,19.5,0.0,0.0,0.0,1,19.0,21.5,1,18.0,68.5,68.5,14.5,154.0,33645.0,287
2023-05-10 13:35:52,c2311-P-2300,玉米2311沽2300,19.5,0.0,0.0,0.0,11,19.0,21.5,1,18.0,68.5,68.5,14.5,154.0,33645.0,287
2023-05-10 13:35:54,c2311-P-2300,玉米2311沽2300,19.5,0.0,0.0,0.0,1,19.0,21.5,1,18.0,68.5,68.5,14.5,154.0,33645.0,287
2023-05-10 13:36:57,c2311-P-2300,玉米2311沽2300,19.5,0.0,0.0,0.0,10,18.5,21.5,1,18.0,68.5,68.5,14.5,154.0,33645.0,287
2023-05-10 13:55:52,c2311-P-2300,玉米2311沽2300,19.5,0.0,0.0,0.0,1,18.0,21.5,1,18.0,68.5,68.5,14.5,154.0,33645.0,287
2023-05-10 13:55:52,c2311-P-2300,玉米2311沽2300,19.5,0.0,0.0,0.0,11,18.0,21.5,1,18.0,68.5,68.5,14.5,154.0,33645.0,287
2023-05-10 13:56:24,c2311-P-2300,玉米2311沽2300,19.5,0.0,0.0,0.0,10,18.0,21.5,1,18.0,68.5,68.5,14.5,154.0,33645.0,287
2023-05-10 13:59:53,c2311-P-2300,玉米2311沽2300,19.5,0.0,0.0,0.0,11,17.5,21.5,1,18.0,68.5,68.5,14.5,154.0,33645.0,287
2023-05-10 14:33:20,c2311-P-2300,玉米2311沽2300,19.5,0.0,0.0,0.0,1,18.0,21.5,1,18.0,68.5,68.5,14.5,154.0,33645.0,287
2023-05-10 14:33:20,c2311-P-2300,玉米2311沽2300,19.5,0.0,0.0,0.0,10,18.5,21.5,1,18.0,68.5,68.5,14.5,154.0,33645.0,287
2023-05-10 14:37:38,c2311-P-2300,玉米2311沽2300,19.5,0.0,0.0,0.0,11,18.0,21.5,1,18.0,68.5,68.5,14.5,154.0,33645.0,287
2023-05-10 14:46:31,c2311-P-2300,玉米2311沽2300,19.5,0.0,0.0,0.0,10,18.0,21.5,1,18.0,68.5,68.5,14.5,154.0,33645.0,287
2023-05-10 14:57:46,c2311-P-2300,玉米2311沽2300,19.5,0.0,0.0,0.0,1,17.5,21.5,1,18.0,68.5,68.5,14.5,154.0,33645.0,287
2023-05-10 15:01:15,c2311-P-2300,玉米2311沽2300,19.5,0.0,0.0,0.0,1,17.5,21.5,1,18.0,68.5,68.5,14.5,154.0,33645.0,287
