time,symbol_id,symbol_name,last,trade_volume,trade_amount,open_interest_change,bv1,bp1,ap1,av1,yesterday_close,today_open,today_high,today_low,volume,amount,open_interest
2023-05-09 21:00:29,c2311-P-2760,玉米2311沽2760,242.5,0.0,0.0,0.0,10,92.5,0.0,0,242.5,264.5,0.0,0.0,0.0,0.0,155
2023-05-09 21:00:30,c2311-P-2760,玉米2311沽2760,242.5,0.0,0.0,0.0,1,93.0,0.0,0,242.5,264.5,0.0,0.0,0.0,0.0,155
2023-05-09 21:00:30,c2311-P-2760,玉米2311沽2760,242.5,0.0,0.0,0.0,10,93.5,0.0,0,242.5,264.5,0.0,0.0,0.0,0.0,155
2023-05-09 21:00:33,c2311-P-2760,玉米2311沽2760,242.5,0.0,0.0,0.0,1,94.0,0.0,0,242.5,264.5,0.0,0.0,0.0,0.0,155
2023-05-09 21:00:33,c2311-P-2760,玉米2311沽2760,242.5,0.0,0.0,0.0,10,94.5,0.0,0,242.5,264.5,0.0,0.0,0.0,0.0,155
2023-05-09 21:00:33,c2311-P-2760,玉米2311沽2760,242.5,0.0,0.0,0.0,11,94.5,0.0,0,242.5,264.5,0.0,0.0,0.0,0.0,155
2023-05-09 21:00:37,c2311-P-2760,玉米2311沽2760,242.5,0.0,0.0,0.0,1,95.0,0.0,0,242.5,264.5,0.0,0.0,0.0,0.0,155
2023-05-09 21:00:37,c2311-P-2760,玉米2311沽2760,242.5,0.0,0.0,0.0,10,95.5,0.0,0,242.5,264.5,0.0,0.0,0.0,0.0,155
2023-05-09 21:00:39,c2311-P-2760,玉米2311沽2760,242.5,0.0,0.0,0.0,1,96.0,0.0,0,242.5,264.5,0.0,0.0,0.0,0.0,155
2023-05-09 21:00:39,c2311-P-2760,玉米2311沽2760,242.5,0.0,0.0,0.0,10,96.5,0.0,0,242.5,264.5,0.0,0.0,0.0,0.0,155
2023-05-09 21:00:41,c2311-P-2760,玉米2311沽2760,242.5,0.0,0.0,0.0,1,97.0,0.0,0,242.5,264.5,0.0,0.0,0.0,0.0,155
2023-05-09 21:00:41,c2311-P-2760,玉米2311沽2760,242.5,0.0,0.0,0.0,10,97.5,0.0,0,242.5,264.5,0.0,0.0,0.0,0.0,155
2023-05-09 21:00:43,c2311-P-2760,玉米2311沽2760,242.5,0.0,0.0,0.0,1,98.0,0.0,0,242.5,264.5,0.0,0.0,0.0,0.0,155
2023-05-09 21:00:43,c2311-P-2760,玉米2311沽2760,242.5,0.0,0.0,0.0,10,98.5,0.0,0,242.5,264.5,0.0,0.0,0.0,0.0,155
2023-05-09 21:00:45,c2311-P-2760,玉米2311沽2760,242.5,0.0,0.0,0.0,1,99.0,0.0,0,242.5,264.5,0.0,0.0,0.0,0.0,155
2023-05-09 21:00:45,c2311-P-2760,玉米2311沽2760,242.5,0.0,0.0,0.0,10,99.5,0.0,0,242.5,264.5,0.0,0.0,0.0,0.0,155
2023-05-09 21:00:47,c2311-P-2760,玉米2311沽2760,242.5,0.0,0.0,0.0,1,100.0,0.0,0,242.5,264.5,0.0,0.0,0.0,0.0,155
2023-05-09 21:00:47,c2311-P-2760,玉米2311沽2760,242.5,0.0,0.0,0.0,10,100.5,0.0,0,242.5,264.5,0.0,0.0,0.0,0.0,155
2023-05-09 21:00:49,c2311-P-2760,玉米2311沽2760,242.5,0.0,0.0,0.0,1,101.0,0.0,0,242.5,264.5,0.0,0.0,0.0,0.0,155
2023-05-09 21:00:49,c2311-P-2760,玉米2311沽2760,242.5,0.0,0.0,0.0,1,126.5,0.0,0,242.5,264.5,0.0,0.0,0.0,0.0,155
2023-05-09 21:00:49,c2311-P-2760,玉米2311沽2760,242.5,0.0,0.0,0.0,10,127.0,0.0,0,242.5,264.5,0.0,0.0,0.0,0.0,155
2023-05-09 21:01:09,c2311-P-2760,玉米2311沽2760,242.5,0.0,0.0,0.0,1,131.0,0.0,0,242.5,264.5,0.0,0.0,0.0,0.0,155
2023-05-09 21:01:09,c2311-P-2760,玉米2311沽2760,242.5,0.0,0.0,0.0,10,131.5,0.0,0,242.5,264.5,0.0,0.0,0.0,0.0,155
2023-05-09 21:01:12,c2311-P-2760,玉米2311沽2760,242.5,0.0,0.0,0.0,1,133.0,391.5,10,242.5,264.5,0.0,0.0,0.0,0.0,155
2023-05-09 21:01:12,c2311-P-2760,玉米2311沽2760,242.5,0.0,0.0,0.0,10,133.5,391.5,10,242.5,264.5,0.0,0.0,0.0,0.0,155
2023-05-09 21:01:13,c2311-P-2760,玉米2311沽2760,242.5,0.0,0.0,0.0,1,135.0,390.0,1,242.5,264.5,0.0,0.0,0.0,0.0,155
2023-05-09 21:01:13,c2311-P-2760,玉米2311沽2760,242.5,0.0,0.0,0.0,10,135.5,389.5,10,242.5,264.5,0.0,0.0,0.0,0.0,155
2023-05-09 21:01:14,c2311-P-2760,玉米2311沽2760,242.5,0.0,0.0,0.0,1,137.0,388.0,1,242.5,264.5,0.0,0.0,0.0,0.0,155
2023-05-09 21:01:14,c2311-P-2760,玉米2311沽2760,242.5,0.0,0.0,0.0,10,137.5,387.5,10,242.5,264.5,0.0,0.0,0.0,0.0,155
2023-05-09 21:01:21,c2311-P-2760,玉米2311沽2760,242.5,0.0,0.0,0.0,1,139.0,387.5,10,242.5,264.5,0.0,0.0,0.0,0.0,155
2023-05-09 21:01:21,c2311-P-2760,玉米2311沽2760,242.5,0.0,0.0,0.0,10,139.5,387.5,10,242.5,264.5,0.0,0.0,0.0,0.0,155
2023-05-09 21:01:22,c2311-P-2760,玉米2311沽2760,242.5,0.0,0.0,0.0,1,141.0,386.0,1,242.5,264.5,0.0,0.0,0.0,0.0,155
2023-05-09 21:01:22,c2311-P-2760,玉米2311沽2760,242.5,0.0,0.0,0.0,10,141.5,385.5,10,242.5,264.5,0.0,0.0,0.0,0.0,155
2023-05-09 21:01:23,c2311-P-2760,玉米2311沽2760,242.5,0.0,0.0,0.0,1,143.0,384.0,1,242.5,264.5,0.0,0.0,0.0,0.0,155
2023-05-09 21:01:23,c2311-P-2760,玉米2311沽2760,242.5,0.0,0.0,0.0,10,143.5,383.5,10,242.5,264.5,0.0,0.0,0.0,0.0,155
2023-05-09 21:01:24,c2311-P-2760,玉米2311沽2760,242.5,0.0,0.0,0.0,1,145.0,382.0,1,242.5,264.5,0.0,0.0,0.0,0.0,155
2023-05-09 21:01:24,c2311-P-2760,玉米2311沽2760,242.5,0.0,0.0,0.0,10,145.5,381.5,10,242.5,264.5,0.0,0.0,0.0,0.0,155
2023-05-09 21:01:25,c2311-P-2760,玉米2311沽2760,242.5,0.0,0.0,0.0,1,147.0,380.0,1,242.5,264.5,0.0,0.0,0.0,0.0,155
2023-05-09 21:01:25,c2311-P-2760,玉米2311沽2760,242.5,0.0,0.0,0.0,10,147.5,379.5,10,242.5,264.5,0.0,0.0,0.0,0.0,155
2023-05-09 21:01:30,c2311-P-2760,玉米2311沽2760,242.5,0.0,0.0,0.0,1,149.0,378.0,1,242.5,264.5,0.0,0.0,0.0,0.0,155
2023-05-09 21:01:30,c2311-P-2760,玉米2311沽2760,242.5,0.0,0.0,0.0,10,149.5,377.5,10,242.5,264.5,0.0,0.0,0.0,0.0,155
2023-05-09 21:01:36,c2311-P-2760,玉米2311沽2760,242.5,0.0,0.0,0.0,1,151.0,376.0,1,242.5,264.5,0.0,0.0,0.0,0.0,155
2023-05-09 21:01:36,c2311-P-2760,玉米2311沽2760,242.5,0.0,0.0,0.0,10,151.5,375.5,10,242.5,264.5,0.0,0.0,0.0,0.0,155
2023-05-09 21:01:40,c2311-P-2760,玉米2311沽2760,242.5,0.0,0.0,0.0,1,153.0,374.0,1,242.5,264.5,0.0,0.0,0.0,0.0,155
2023-05-09 21:01:40,c2311-P-2760,玉米2311沽2760,242.5,0.0,0.0,0.0,10,153.5,373.5,10,242.5,264.5,0.0,0.0,0.0,0.0,155
2023-05-09 21:01:42,c2311-P-2760,玉米2311沽2760,242.5,0.0,0.0,0.0,1,155.0,373.5,10,242.5,264.5,0.0,0.0,0.0,0.0,155
2023-05-09 21:01:42,c2311-P-2760,玉米2311沽2760,242.5,0.0,0.0,0.0,10,155.5,373.5,10,242.5,264.5,0.0,0.0,0.0,0.0,155
2023-05-09 21:01:43,c2311-P-2760,玉米2311沽2760,242.5,0.0,0.0,0.0,1,157.0,372.0,1,242.5,264.5,0.0,0.0,0.0,0.0,155
2023-05-09 21:01:43,c2311-P-2760,玉米2311沽2760,242.5,0.0,0.0,0.0,10,157.5,371.5,10,242.5,264.5,0.0,0.0,0.0,0.0,155
2023-05-09 21:01:44,c2311-P-2760,玉米2311沽2760,242.5,0.0,0.0,0.0,1,159.0,370.0,1,242.5,264.5,0.0,0.0,0.0,0.0,155
2023-05-09 21:01:44,c2311-P-2760,玉米2311沽2760,242.5,0.0,0.0,0.0,10,159.5,369.5,10,242.5,264.5,0.0,0.0,0.0,0.0,155
2023-05-09 21:01:51,c2311-P-2760,玉米2311沽2760,242.5,0.0,0.0,0.0,1,161.0,368.0,1,242.5,264.5,0.0,0.0,0.0,0.0,155
2023-05-09 21:01:52,c2311-P-2760,玉米2311沽2760,242.5,0.0,0.0,0.0,10,161.5,367.5,10,242.5,264.5,0.0,0.0,0.0,0.0,155
2023-05-09 21:01:58,c2311-P-2760,玉米2311沽2760,242.5,0.0,0.0,0.0,1,163.0,366.0,1,242.5,264.5,0.0,0.0,0.0,0.0,155
2023-05-09 21:01:58,c2311-P-2760,玉米2311沽2760,242.5,0.0,0.0,0.0,10,163.5,365.5,10,242.5,264.5,0.0,0.0,0.0,0.0,155
2023-05-09 21:01:59,c2311-P-2760,玉米2311沽2760,242.5,0.0,0.0,0.0,1,165.0,364.0,1,242.5,264.5,0.0,0.0,0.0,0.0,155
2023-05-09 21:01:59,c2311-P-2760,玉米2311沽2760,242.5,0.0,0.0,0.0,10,165.5,363.5,10,242.5,264.5,0.0,0.0,0.0,0.0,155
2023-05-09 21:02:00,c2311-P-2760,玉米2311沽2760,242.5,0.0,0.0,0.0,1,167.0,362.0,1,242.5,264.5,0.0,0.0,0.0,0.0,155
2023-05-09 21:02:00,c2311-P-2760,玉米2311沽2760,242.5,0.0,0.0,0.0,10,167.5,361.5,10,242.5,264.5,0.0,0.0,0.0,0.0,155
2023-05-09 21:02:13,c2311-P-2760,玉米2311沽2760,242.5,0.0,0.0,0.0,1,169.0,360.0,1,242.5,264.5,0.0,0.0,0.0,0.0,155
2023-05-09 21:02:13,c2311-P-2760,玉米2311沽2760,242.5,0.0,0.0,0.0,10,169.5,359.5,10,242.5,264.5,0.0,0.0,0.0,0.0,155
2023-05-09 21:02:14,c2311-P-2760,玉米2311沽2760,242.5,0.0,0.0,0.0,1,171.0,358.0,1,242.5,264.5,0.0,0.0,0.0,0.0,155
2023-05-09 21:02:14,c2311-P-2760,玉米2311沽2760,242.5,0.0,0.0,0.0,10,171.5,357.5,10,242.5,264.5,0.0,0.0,0.0,0.0,155
2023-05-09 21:02:21,c2311-P-2760,玉米2311沽2760,242.5,0.0,0.0,0.0,1,173.0,356.0,1,242.5,264.5,0.0,0.0,0.0,0.0,155
2023-05-09 21:02:22,c2311-P-2760,玉米2311沽2760,242.5,0.0,0.0,0.0,10,173.5,355.5,10,242.5,264.5,0.0,0.0,0.0,0.0,155
2023-05-09 21:02:30,c2311-P-2760,玉米2311沽2760,242.5,0.0,0.0,0.0,1,175.0,354.0,1,242.5,264.5,0.0,0.0,0.0,0.0,155
2023-05-09 21:02:30,c2311-P-2760,玉米2311沽2760,242.5,0.0,0.0,0.0,10,175.5,353.5,10,242.5,264.5,0.0,0.0,0.0,0.0,155
2023-05-09 21:02:31,c2311-P-2760,玉米2311沽2760,242.5,0.0,0.0,0.0,1,177.0,352.0,1,242.5,264.5,0.0,0.0,0.0,0.0,155
2023-05-09 21:02:31,c2311-P-2760,玉米2311沽2760,242.5,0.0,0.0,0.0,10,177.5,351.5,10,242.5,264.5,0.0,0.0,0.0,0.0,155
2023-05-09 21:02:32,c2311-P-2760,玉米2311沽2760,242.5,0.0,0.0,0.0,1,179.0,350.0,1,242.5,264.5,0.0,0.0,0.0,0.0,155
2023-05-09 21:02:32,c2311-P-2760,玉米2311沽2760,242.5,0.0,0.0,0.0,10,179.5,349.5,10,242.5,264.5,0.0,0.0,0.0,0.0,155
2023-05-09 21:02:40,c2311-P-2760,玉米2311沽2760,242.5,0.0,0.0,0.0,1,181.0,348.0,1,242.5,264.5,0.0,0.0,0.0,0.0,155
2023-05-09 21:02:40,c2311-P-2760,玉米2311沽2760,242.5,0.0,0.0,0.0,10,181.5,347.5,10,242.5,264.5,0.0,0.0,0.0,0.0,155
2023-05-09 21:02:44,c2311-P-2760,玉米2311沽2760,242.5,0.0,0.0,0.0,1,183.0,346.0,1,242.5,264.5,0.0,0.0,0.0,0.0,155
2023-05-09 21:02:44,c2311-P-2760,玉米2311沽2760,242.5,0.0,0.0,0.0,10,183.5,345.5,10,242.5,264.5,0.0,0.0,0.0,0.0,155
2023-05-09 21:02:54,c2311-P-2760,玉米2311沽2760,242.5,0.0,0.0,0.0,1,185.0,344.0,1,242.5,264.5,0.0,0.0,0.0,0.0,155
2023-05-09 21:02:54,c2311-P-2760,玉米2311沽2760,242.5,0.0,0.0,0.0,10,185.5,343.5,10,242.5,264.5,0.0,0.0,0.0,0.0,155
2023-05-09 21:02:55,c2311-P-2760,玉米2311沽2760,242.5,0.0,0.0,0.0,1,187.0,342.0,1,242.5,264.5,0.0,0.0,0.0,0.0,155
2023-05-09 21:02:55,c2311-P-2760,玉米2311沽2760,242.5,0.0,0.0,0.0,10,187.5,341.5,10,242.5,264.5,0.0,0.0,0.0,0.0,155
2023-05-09 21:02:56,c2311-P-2760,玉米2311沽2760,242.5,0.0,0.0,0.0,1,189.0,340.0,1,242.5,264.5,0.0,0.0,0.0,0.0,155
2023-05-09 21:02:56,c2311-P-2760,玉米2311沽2760,242.5,0.0,0.0,0.0,10,189.5,339.5,10,242.5,264.5,0.0,0.0,0.0,0.0,155
2023-05-09 21:03:04,c2311-P-2760,玉米2311沽2760,242.5,0.0,0.0,0.0,1,191.0,338.0,1,242.5,264.5,0.0,0.0,0.0,0.0,155
2023-05-09 21:03:04,c2311-P-2760,玉米2311沽2760,242.5,0.0,0.0,0.0,10,191.5,337.5,10,242.5,264.5,0.0,0.0,0.0,0.0,155
2023-05-09 21:03:05,c2311-P-2760,玉米2311沽2760,242.5,0.0,0.0,0.0,1,193.0,336.0,1,242.5,264.5,0.0,0.0,0.0,0.0,155
2023-05-09 21:03:05,c2311-P-2760,玉米2311沽2760,242.5,0.0,0.0,0.0,10,193.5,335.5,10,242.5,264.5,0.0,0.0,0.0,0.0,155
2023-05-09 21:03:14,c2311-P-2760,玉米2311沽2760,242.5,0.0,0.0,0.0,1,195.0,334.0,1,242.5,264.5,0.0,0.0,0.0,0.0,155
2023-05-09 21:03:15,c2311-P-2760,玉米2311沽2760,242.5,0.0,0.0,0.0,10,195.5,333.5,10,242.5,264.5,0.0,0.0,0.0,0.0,155
2023-05-09 21:03:24,c2311-P-2760,玉米2311沽2760,242.5,0.0,0.0,0.0,1,197.0,332.0,1,242.5,264.5,0.0,0.0,0.0,0.0,155
2023-05-09 21:03:24,c2311-P-2760,玉米2311沽2760,242.5,0.0,0.0,0.0,10,197.5,331.5,10,242.5,264.5,0.0,0.0,0.0,0.0,155
2023-05-09 21:03:25,c2311-P-2760,玉米2311沽2760,242.5,0.0,0.0,0.0,1,199.0,330.0,1,242.5,264.5,0.0,0.0,0.0,0.0,155
2023-05-09 21:03:25,c2311-P-2760,玉米2311沽2760,242.5,0.0,0.0,0.0,10,199.5,329.5,10,242.5,264.5,0.0,0.0,0.0,0.0,155
2023-05-09 21:03:26,c2311-P-2760,玉米2311沽2760,242.5,0.0,0.0,0.0,1,201.0,328.0,1,242.5,264.5,0.0,0.0,0.0,0.0,155
2023-05-09 21:03:26,c2311-P-2760,玉米2311沽2760,242.5,0.0,0.0,0.0,10,201.5,327.5,10,242.5,264.5,0.0,0.0,0.0,0.0,155
2023-05-09 21:03:27,c2311-P-2760,玉米2311沽2760,242.5,0.0,0.0,0.0,1,202.0,327.5,10,242.5,264.5,0.0,0.0,0.0,0.0,155
2023-05-09 21:03:27,c2311-P-2760,玉米2311沽2760,242.5,0.0,0.0,0.0,10,202.5,327.5,10,242.5,264.5,0.0,0.0,0.0,0.0,155
2023-05-09 21:03:29,c2311-P-2760,玉米2311沽2760,242.5,0.0,0.0,0.0,1,204.0,326.0,1,242.5,264.5,0.0,0.0,0.0,0.0,155
2023-05-09 21:03:29,c2311-P-2760,玉米2311沽2760,242.5,0.0,0.0,0.0,10,204.5,325.5,10,242.5,264.5,0.0,0.0,0.0,0.0,155
2023-05-09 21:03:37,c2311-P-2760,玉米2311沽2760,242.5,0.0,0.0,0.0,1,206.0,324.0,1,242.5,264.5,0.0,0.0,0.0,0.0,155
2023-05-09 21:03:37,c2311-P-2760,玉米2311沽2760,242.5,0.0,0.0,0.0,10,206.5,323.5,10,242.5,264.5,0.0,0.0,0.0,0.0,155
2023-05-09 21:03:38,c2311-P-2760,玉米2311沽2760,242.5,0.0,0.0,0.0,1,208.0,322.0,1,242.5,264.5,0.0,0.0,0.0,0.0,155
2023-05-09 21:03:38,c2311-P-2760,玉米2311沽2760,242.5,0.0,0.0,0.0,10,208.5,321.5,10,242.5,264.5,0.0,0.0,0.0,0.0,155
2023-05-09 21:03:39,c2311-P-2760,玉米2311沽2760,242.5,0.0,0.0,0.0,1,210.0,320.0,1,242.5,264.5,0.0,0.0,0.0,0.0,155
2023-05-09 21:03:39,c2311-P-2760,玉米2311沽2760,242.5,0.0,0.0,0.0,10,210.5,319.5,10,242.5,264.5,0.0,0.0,0.0,0.0,155
2023-05-09 21:03:40,c2311-P-2760,玉米2311沽2760,242.5,0.0,0.0,0.0,1,212.0,318.0,1,242.5,264.5,0.0,0.0,0.0,0.0,155
2023-05-09 21:03:41,c2311-P-2760,玉米2311沽2760,242.5,0.0,0.0,0.0,10,212.5,317.5,10,242.5,264.5,0.0,0.0,0.0,0.0,155
2023-05-09 21:03:48,c2311-P-2760,玉米2311沽2760,242.5,0.0,0.0,0.0,1,214.0,316.0,1,242.5,264.5,0.0,0.0,0.0,0.0,155
2023-05-09 21:03:48,c2311-P-2760,玉米2311沽2760,242.5,0.0,0.0,0.0,10,214.5,315.5,10,242.5,264.5,0.0,0.0,0.0,0.0,155
2023-05-09 21:03:49,c2311-P-2760,玉米2311沽2760,242.5,0.0,0.0,0.0,1,216.0,314.0,1,242.5,264.5,0.0,0.0,0.0,0.0,155
2023-05-09 21:03:49,c2311-P-2760,玉米2311沽2760,242.5,0.0,0.0,0.0,10,216.5,313.5,10,242.5,264.5,0.0,0.0,0.0,0.0,155
2023-05-09 21:03:50,c2311-P-2760,玉米2311沽2760,242.5,0.0,0.0,0.0,1,218.0,312.0,1,242.5,264.5,0.0,0.0,0.0,0.0,155
2023-05-09 21:03:50,c2311-P-2760,玉米2311沽2760,242.5,0.0,0.0,0.0,10,218.5,311.5,10,242.5,264.5,0.0,0.0,0.0,0.0,155
2023-05-09 21:03:51,c2311-P-2760,玉米2311沽2760,242.5,0.0,0.0,0.0,1,220.0,310.0,1,242.5,264.5,0.0,0.0,0.0,0.0,155
2023-05-09 21:03:51,c2311-P-2760,玉米2311沽2760,242.5,0.0,0.0,0.0,10,220.5,309.5,10,242.5,264.5,0.0,0.0,0.0,0.0,155
2023-05-09 21:03:59,c2311-P-2760,玉米2311沽2760,242.5,0.0,0.0,0.0,1,222.0,308.0,1,242.5,264.5,0.0,0.0,0.0,0.0,155
2023-05-09 21:03:59,c2311-P-2760,玉米2311沽2760,242.5,0.0,0.0,0.0,10,222.5,307.5,10,242.5,264.5,0.0,0.0,0.0,0.0,155
2023-05-09 21:04:00,c2311-P-2760,玉米2311沽2760,242.5,0.0,0.0,0.0,1,224.0,306.0,1,242.5,264.5,0.0,0.0,0.0,0.0,155
2023-05-09 21:04:00,c2311-P-2760,玉米2311沽2760,242.5,0.0,0.0,0.0,10,224.5,305.5,10,242.5,264.5,0.0,0.0,0.0,0.0,155
2023-05-09 21:04:01,c2311-P-2760,玉米2311沽2760,242.5,0.0,0.0,0.0,1,226.0,304.0,1,242.5,264.5,0.0,0.0,0.0,0.0,155
2023-05-09 21:04:01,c2311-P-2760,玉米2311沽2760,242.5,0.0,0.0,0.0,10,226.5,303.5,10,242.5,264.5,0.0,0.0,0.0,0.0,155
2023-05-09 21:04:02,c2311-P-2760,玉米2311沽2760,242.5,0.0,0.0,0.0,1,228.0,302.0,1,242.5,264.5,0.0,0.0,0.0,0.0,155
2023-05-09 21:04:02,c2311-P-2760,玉米2311沽2760,242.5,0.0,0.0,0.0,10,228.5,301.5,10,242.5,264.5,0.0,0.0,0.0,0.0,155
2023-05-09 21:04:03,c2311-P-2760,玉米2311沽2760,242.5,0.0,0.0,0.0,1,230.0,301.5,10,242.5,264.5,0.0,0.0,0.0,0.0,155
2023-05-09 21:04:03,c2311-P-2760,玉米2311沽2760,242.5,0.0,0.0,0.0,10,230.5,301.5,10,242.5,264.5,0.0,0.0,0.0,0.0,155
2023-05-09 21:04:12,c2311-P-2760,玉米2311沽2760,242.5,0.0,0.0,0.0,1,232.0,301.5,10,242.5,264.5,0.0,0.0,0.0,0.0,155
2023-05-09 21:04:12,c2311-P-2760,玉米2311沽2760,242.5,0.0,0.0,0.0,10,232.5,301.5,10,242.5,264.5,0.0,0.0,0.0,0.0,155
2023-05-09 21:04:13,c2311-P-2760,玉米2311沽2760,242.5,0.0,0.0,0.0,1,234.0,301.5,10,242.5,264.5,0.0,0.0,0.0,0.0,155
2023-05-09 21:04:13,c2311-P-2760,玉米2311沽2760,242.5,0.0,0.0,0.0,10,234.5,301.5,10,242.5,264.5,0.0,0.0,0.0,0.0,155
2023-05-09 21:04:14,c2311-P-2760,玉米2311沽2760,242.5,0.0,0.0,0.0,1,236.0,301.5,10,242.5,264.5,0.0,0.0,0.0,0.0,155
2023-05-09 21:04:14,c2311-P-2760,玉米2311沽2760,242.5,0.0,0.0,0.0,10,236.5,301.5,10,242.5,264.5,0.0,0.0,0.0,0.0,155
2023-05-09 21:04:20,c2311-P-2760,玉米2311沽2760,242.5,0.0,0.0,0.0,1,238.0,301.5,10,242.5,264.5,0.0,0.0,0.0,0.0,155
2023-05-09 21:04:20,c2311-P-2760,玉米2311沽2760,242.5,0.0,0.0,0.0,10,238.5,301.5,10,242.5,264.5,0.0,0.0,0.0,0.0,155
2023-05-09 21:04:26,c2311-P-2760,玉米2311沽2760,242.5,0.0,0.0,0.0,1,240.0,301.5,10,242.5,264.5,0.0,0.0,0.0,0.0,155
2023-05-09 21:04:26,c2311-P-2760,玉米2311沽2760,242.5,0.0,0.0,0.0,10,240.5,301.5,10,242.5,264.5,0.0,0.0,0.0,0.0,155
2023-05-09 21:27:57,c2311-P-2760,玉米2311沽2760,242.5,0.0,0.0,0.0,1,202.0,0.0,0,242.5,264.5,0.0,0.0,0.0,0.0,155
2023-05-09 21:27:57,c2311-P-2760,玉米2311沽2760,242.5,0.0,0.0,0.0,1,203.5,392.0,1,242.5,264.5,0.0,0.0,0.0,0.0,155
2023-05-09 21:29:28,c2311-P-2760,玉米2311沽2760,242.5,0.0,0.0,0.0,10,204.0,391.5,10,242.5,264.5,0.0,0.0,0.0,0.0,155
2023-05-09 21:29:29,c2311-P-2760,玉米2311沽2760,242.5,0.0,0.0,0.0,1,205.5,390.0,1,242.5,264.5,0.0,0.0,0.0,0.0,155
2023-05-09 21:29:29,c2311-P-2760,玉米2311沽2760,242.5,0.0,0.0,0.0,10,206.0,389.5,10,242.5,264.5,0.0,0.0,0.0,0.0,155
2023-05-09 21:29:31,c2311-P-2760,玉米2311沽2760,242.5,0.0,0.0,0.0,1,207.5,388.0,1,242.5,264.5,0.0,0.0,0.0,0.0,155
2023-05-09 21:29:31,c2311-P-2760,玉米2311沽2760,242.5,0.0,0.0,0.0,10,208.0,387.5,10,242.5,264.5,0.0,0.0,0.0,0.0,155
2023-05-09 21:29:33,c2311-P-2760,玉米2311沽2760,242.5,0.0,0.0,0.0,1,209.5,386.0,1,242.5,264.5,0.0,0.0,0.0,0.0,155
2023-05-09 21:29:33,c2311-P-2760,玉米2311沽2760,242.5,0.0,0.0,0.0,10,210.0,385.5,10,242.5,264.5,0.0,0.0,0.0,0.0,155
2023-05-09 21:29:34,c2311-P-2760,玉米2311沽2760,242.5,0.0,0.0,0.0,1,211.5,384.0,1,242.5,264.5,0.0,0.0,0.0,0.0,155
2023-05-09 21:29:34,c2311-P-2760,玉米2311沽2760,242.5,0.0,0.0,0.0,10,212.0,383.5,10,242.5,264.5,0.0,0.0,0.0,0.0,155
2023-05-09 21:29:35,c2311-P-2760,玉米2311沽2760,242.5,0.0,0.0,0.0,1,213.5,382.0,1,242.5,264.5,0.0,0.0,0.0,0.0,155
2023-05-09 21:29:35,c2311-P-2760,玉米2311沽2760,242.5,0.0,0.0,0.0,10,214.0,381.5,10,242.5,264.5,0.0,0.0,0.0,0.0,155
2023-05-09 21:29:36,c2311-P-2760,玉米2311沽2760,242.5,0.0,0.0,0.0,10,214.0,380.0,1,242.5,264.5,0.0,0.0,0.0,0.0,155
2023-05-09 21:29:36,c2311-P-2760,玉米2311沽2760,242.5,0.0,0.0,0.0,10,214.0,379.5,10,242.5,264.5,0.0,0.0,0.0,0.0,155
2023-05-09 21:29:38,c2311-P-2760,玉米2311沽2760,242.5,0.0,0.0,0.0,10,214.0,378.0,1,242.5,264.5,0.0,0.0,0.0,0.0,155
2023-05-09 21:29:38,c2311-P-2760,玉米2311沽2760,242.5,0.0,0.0,0.0,10,214.0,377.5,10,242.5,264.5,0.0,0.0,0.0,0.0,155
2023-05-09 21:29:40,c2311-P-2760,玉米2311沽2760,242.5,0.0,0.0,0.0,10,214.0,376.0,1,242.5,264.5,0.0,0.0,0.0,0.0,155
2023-05-09 21:29:40,c2311-P-2760,玉米2311沽2760,242.5,0.0,0.0,0.0,10,214.0,375.5,10,242.5,264.5,0.0,0.0,0.0,0.0,155
2023-05-09 21:29:41,c2311-P-2760,玉米2311沽2760,242.5,0.0,0.0,0.0,10,214.0,374.0,1,242.5,264.5,0.0,0.0,0.0,0.0,155
2023-05-09 21:29:41,c2311-P-2760,玉米2311沽2760,242.5,0.0,0.0,0.0,10,214.0,373.5,10,242.5,264.5,0.0,0.0,0.0,0.0,155
2023-05-09 21:29:42,c2311-P-2760,玉米2311沽2760,242.5,0.0,0.0,0.0,10,214.0,372.0,1,242.5,264.5,0.0,0.0,0.0,0.0,155
2023-05-09 21:29:42,c2311-P-2760,玉米2311沽2760,242.5,0.0,0.0,0.0,10,214.0,371.5,10,242.5,264.5,0.0,0.0,0.0,0.0,155
2023-05-09 21:29:43,c2311-P-2760,玉米2311沽2760,242.5,0.0,0.0,0.0,10,214.0,370.0,1,242.5,264.5,0.0,0.0,0.0,0.0,155
2023-05-09 21:29:43,c2311-P-2760,玉米2311沽2760,242.5,0.0,0.0,0.0,10,214.0,369.5,10,242.5,264.5,0.0,0.0,0.0,0.0,155
2023-05-09 21:29:44,c2311-P-2760,玉米2311沽2760,242.5,0.0,0.0,0.0,10,214.0,368.0,1,242.5,264.5,0.0,0.0,0.0,0.0,155
2023-05-09 21:29:44,c2311-P-2760,玉米2311沽2760,242.5,0.0,0.0,0.0,10,214.0,367.5,10,242.5,264.5,0.0,0.0,0.0,0.0,155
2023-05-09 21:29:45,c2311-P-2760,玉米2311沽2760,242.5,0.0,0.0,0.0,10,214.0,366.0,1,242.5,264.5,0.0,0.0,0.0,0.0,155
2023-05-09 21:29:45,c2311-P-2760,玉米2311沽2760,242.5,0.0,0.0,0.0,10,214.0,365.5,10,242.5,264.5,0.0,0.0,0.0,0.0,155
2023-05-09 21:29:46,c2311-P-2760,玉米2311沽2760,242.5,0.0,0.0,0.0,10,214.0,364.0,1,242.5,264.5,0.0,0.0,0.0,0.0,155
2023-05-09 21:29:46,c2311-P-2760,玉米2311沽2760,242.5,0.0,0.0,0.0,10,214.0,363.5,10,242.5,264.5,0.0,0.0,0.0,0.0,155
2023-05-09 21:29:47,c2311-P-2760,玉米2311沽2760,242.5,0.0,0.0,0.0,10,214.0,362.0,1,242.5,264.5,0.0,0.0,0.0,0.0,155
2023-05-09 21:29:47,c2311-P-2760,玉米2311沽2760,242.5,0.0,0.0,0.0,10,214.0,361.5,10,242.5,264.5,0.0,0.0,0.0,0.0,155
2023-05-09 21:29:48,c2311-P-2760,玉米2311沽2760,242.5,0.0,0.0,0.0,10,214.0,360.0,1,242.5,264.5,0.0,0.0,0.0,0.0,155
2023-05-09 21:29:48,c2311-P-2760,玉米2311沽2760,242.5,0.0,0.0,0.0,10,214.0,359.5,10,242.5,264.5,0.0,0.0,0.0,0.0,155
2023-05-09 21:29:49,c2311-P-2760,玉米2311沽2760,242.5,0.0,0.0,0.0,10,214.0,358.0,1,242.5,264.5,0.0,0.0,0.0,0.0,155
2023-05-09 21:29:49,c2311-P-2760,玉米2311沽2760,242.5,0.0,0.0,0.0,10,214.0,357.5,10,242.5,264.5,0.0,0.0,0.0,0.0,155
2023-05-09 21:29:50,c2311-P-2760,玉米2311沽2760,242.5,0.0,0.0,0.0,10,214.0,356.0,1,242.5,264.5,0.0,0.0,0.0,0.0,155
2023-05-09 21:29:50,c2311-P-2760,玉米2311沽2760,242.5,0.0,0.0,0.0,10,214.0,355.5,10,242.5,264.5,0.0,0.0,0.0,0.0,155
2023-05-09 21:29:51,c2311-P-2760,玉米2311沽2760,242.5,0.0,0.0,0.0,10,214.0,354.0,1,242.5,264.5,0.0,0.0,0.0,0.0,155
2023-05-09 21:29:51,c2311-P-2760,玉米2311沽2760,242.5,0.0,0.0,0.0,10,214.0,353.5,10,242.5,264.5,0.0,0.0,0.0,0.0,155
2023-05-09 21:29:52,c2311-P-2760,玉米2311沽2760,242.5,0.0,0.0,0.0,10,214.0,352.0,1,242.5,264.5,0.0,0.0,0.0,0.0,155
2023-05-09 21:29:52,c2311-P-2760,玉米2311沽2760,242.5,0.0,0.0,0.0,10,214.0,351.5,10,242.5,264.5,0.0,0.0,0.0,0.0,155
2023-05-09 21:29:53,c2311-P-2760,玉米2311沽2760,242.5,0.0,0.0,0.0,10,214.0,350.0,1,242.5,264.5,0.0,0.0,0.0,0.0,155
2023-05-09 21:29:53,c2311-P-2760,玉米2311沽2760,242.5,0.0,0.0,0.0,10,214.0,349.5,10,242.5,264.5,0.0,0.0,0.0,0.0,155
2023-05-09 21:29:54,c2311-P-2760,玉米2311沽2760,242.5,0.0,0.0,0.0,10,214.0,348.0,1,242.5,264.5,0.0,0.0,0.0,0.0,155
2023-05-09 21:29:54,c2311-P-2760,玉米2311沽2760,242.5,0.0,0.0,0.0,10,214.0,347.5,10,242.5,264.5,0.0,0.0,0.0,0.0,155
2023-05-09 21:29:55,c2311-P-2760,玉米2311沽2760,242.5,0.0,0.0,0.0,10,214.0,346.0,1,242.5,264.5,0.0,0.0,0.0,0.0,155
2023-05-09 21:29:55,c2311-P-2760,玉米2311沽2760,242.5,0.0,0.0,0.0,10,214.0,345.5,10,242.5,264.5,0.0,0.0,0.0,0.0,155
2023-05-09 21:29:56,c2311-P-2760,玉米2311沽2760,242.5,0.0,0.0,0.0,10,214.0,344.0,1,242.5,264.5,0.0,0.0,0.0,0.0,155
2023-05-09 21:29:56,c2311-P-2760,玉米2311沽2760,242.5,0.0,0.0,0.0,10,214.0,343.5,10,242.5,264.5,0.0,0.0,0.0,0.0,155
2023-05-09 21:29:57,c2311-P-2760,玉米2311沽2760,242.5,0.0,0.0,0.0,10,214.0,342.0,1,242.5,264.5,0.0,0.0,0.0,0.0,155
2023-05-09 21:29:57,c2311-P-2760,玉米2311沽2760,242.5,0.0,0.0,0.0,10,214.0,341.5,10,242.5,264.5,0.0,0.0,0.0,0.0,155
2023-05-09 21:29:58,c2311-P-2760,玉米2311沽2760,242.5,0.0,0.0,0.0,10,214.0,340.0,1,242.5,264.5,0.0,0.0,0.0,0.0,155
2023-05-09 21:29:58,c2311-P-2760,玉米2311沽2760,242.5,0.0,0.0,0.0,10,214.0,339.5,10,242.5,264.5,0.0,0.0,0.0,0.0,155
2023-05-09 21:29:59,c2311-P-2760,玉米2311沽2760,242.5,0.0,0.0,0.0,10,214.0,338.0,1,242.5,264.5,0.0,0.0,0.0,0.0,155
2023-05-09 21:29:59,c2311-P-2760,玉米2311沽2760,242.5,0.0,0.0,0.0,10,214.0,337.5,10,242.5,264.5,0.0,0.0,0.0,0.0,155
2023-05-09 21:30:00,c2311-P-2760,玉米2311沽2760,242.5,0.0,0.0,0.0,10,214.0,336.0,1,242.5,264.5,0.0,0.0,0.0,0.0,155
2023-05-09 21:30:00,c2311-P-2760,玉米2311沽2760,242.5,0.0,0.0,0.0,10,214.0,335.5,10,242.5,264.5,0.0,0.0,0.0,0.0,155
2023-05-09 21:30:01,c2311-P-2760,玉米2311沽2760,242.5,0.0,0.0,0.0,10,214.0,334.0,1,242.5,264.5,0.0,0.0,0.0,0.0,155
2023-05-09 21:30:01,c2311-P-2760,玉米2311沽2760,242.5,0.0,0.0,0.0,10,214.0,333.5,10,242.5,264.5,0.0,0.0,0.0,0.0,155
2023-05-09 21:30:02,c2311-P-2760,玉米2311沽2760,242.5,0.0,0.0,0.0,10,214.0,332.0,1,242.5,264.5,0.0,0.0,0.0,0.0,155
2023-05-09 21:30:02,c2311-P-2760,玉米2311沽2760,242.5,0.0,0.0,0.0,10,214.0,331.5,10,242.5,264.5,0.0,0.0,0.0,0.0,155
2023-05-09 21:30:03,c2311-P-2760,玉米2311沽2760,242.5,0.0,0.0,0.0,10,214.0,330.0,1,242.5,264.5,0.0,0.0,0.0,0.0,155
2023-05-09 21:30:03,c2311-P-2760,玉米2311沽2760,242.5,0.0,0.0,0.0,10,214.0,329.5,10,242.5,264.5,0.0,0.0,0.0,0.0,155
2023-05-09 21:30:04,c2311-P-2760,玉米2311沽2760,242.5,0.0,0.0,0.0,10,214.0,328.0,1,242.5,264.5,0.0,0.0,0.0,0.0,155
2023-05-09 21:30:04,c2311-P-2760,玉米2311沽2760,242.5,0.0,0.0,0.0,10,214.0,327.5,10,242.5,264.5,0.0,0.0,0.0,0.0,155
2023-05-09 21:30:05,c2311-P-2760,玉米2311沽2760,242.5,0.0,0.0,0.0,10,214.0,326.0,1,242.5,264.5,0.0,0.0,0.0,0.0,155
2023-05-09 21:30:05,c2311-P-2760,玉米2311沽2760,242.5,0.0,0.0,0.0,10,214.0,325.5,10,242.5,264.5,0.0,0.0,0.0,0.0,155
2023-05-09 21:30:06,c2311-P-2760,玉米2311沽2760,242.5,0.0,0.0,0.0,10,214.0,324.0,1,242.5,264.5,0.0,0.0,0.0,0.0,155
2023-05-09 21:30:06,c2311-P-2760,玉米2311沽2760,242.5,0.0,0.0,0.0,10,214.0,323.5,10,242.5,264.5,0.0,0.0,0.0,0.0,155
2023-05-09 21:30:07,c2311-P-2760,玉米2311沽2760,242.5,0.0,0.0,0.0,10,214.0,322.0,1,242.5,264.5,0.0,0.0,0.0,0.0,155
2023-05-09 21:30:07,c2311-P-2760,玉米2311沽2760,242.5,0.0,0.0,0.0,10,214.0,321.5,10,242.5,264.5,0.0,0.0,0.0,0.0,155
2023-05-09 21:30:08,c2311-P-2760,玉米2311沽2760,242.5,0.0,0.0,0.0,10,214.0,320.0,1,242.5,264.5,0.0,0.0,0.0,0.0,155
2023-05-09 21:30:08,c2311-P-2760,玉米2311沽2760,242.5,0.0,0.0,0.0,10,214.0,319.5,10,242.5,264.5,0.0,0.0,0.0,0.0,155
2023-05-09 21:44:34,c2311-P-2760,玉米2311沽2760,242.5,0.0,0.0,0.0,1,215.5,319.5,10,242.5,264.5,0.0,0.0,0.0,0.0,155
2023-05-09 21:44:34,c2311-P-2760,玉米2311沽2760,242.5,0.0,0.0,0.0,10,216.0,319.5,10,242.5,264.5,0.0,0.0,0.0,0.0,155
2023-05-09 21:44:35,c2311-P-2760,玉米2311沽2760,242.5,0.0,0.0,0.0,1,217.5,319.5,10,242.5,264.5,0.0,0.0,0.0,0.0,155
2023-05-09 21:44:35,c2311-P-2760,玉米2311沽2760,242.5,0.0,0.0,0.0,10,218.0,319.5,10,242.5,264.5,0.0,0.0,0.0,0.0,155
2023-05-09 22:04:34,c2311-P-2760,玉米2311沽2760,242.5,0.0,0.0,0.0,1,219.5,319.5,10,242.5,264.5,0.0,0.0,0.0,0.0,155
2023-05-09 22:04:34,c2311-P-2760,玉米2311沽2760,242.5,0.0,0.0,0.0,10,220.0,319.5,10,242.5,264.5,0.0,0.0,0.0,0.0,155
2023-05-09 22:04:35,c2311-P-2760,玉米2311沽2760,242.5,0.0,0.0,0.0,1,221.5,319.5,10,242.5,264.5,0.0,0.0,0.0,0.0,155
2023-05-09 22:04:35,c2311-P-2760,玉米2311沽2760,242.5,0.0,0.0,0.0,10,222.0,319.5,10,242.5,264.5,0.0,0.0,0.0,0.0,155
2023-05-09 22:04:36,c2311-P-2760,玉米2311沽2760,242.5,0.0,0.0,0.0,10,222.0,318.5,10,242.5,264.5,0.0,0.0,0.0,0.0,155
2023-05-09 22:34:34,c2311-P-2760,玉米2311沽2760,242.5,0.0,0.0,0.0,1,223.5,318.5,10,242.5,264.5,0.0,0.0,0.0,0.0,155
2023-05-09 22:34:34,c2311-P-2760,玉米2311沽2760,242.5,0.0,0.0,0.0,10,224.0,318.5,10,242.5,264.5,0.0,0.0,0.0,0.0,155
2023-05-09 22:34:35,c2311-P-2760,玉米2311沽2760,242.5,0.0,0.0,0.0,1,225.5,318.5,10,242.5,264.5,0.0,0.0,0.0,0.0,155
2023-05-09 22:34:35,c2311-P-2760,玉米2311沽2760,242.5,0.0,0.0,0.0,10,226.0,318.5,10,242.5,264.5,0.0,0.0,0.0,0.0,155
2023-05-09 22:34:36,c2311-P-2760,玉米2311沽2760,242.5,0.0,0.0,0.0,1,227.5,318.5,10,242.5,264.5,0.0,0.0,0.0,0.0,155
2023-05-09 22:34:36,c2311-P-2760,玉米2311沽2760,242.5,0.0,0.0,0.0,10,228.0,318.5,10,242.5,264.5,0.0,0.0,0.0,0.0,155
2023-05-09 22:57:33,c2311-P-2760,玉米2311沽2760,242.5,0.0,0.0,0.0,1,202.0,319.0,1,242.5,264.5,0.0,0.0,0.0,0.0,155
2023-05-09 22:57:34,c2311-P-2760,玉米2311沽2760,242.5,0.0,0.0,0.0,1,203.5,319.0,1,242.5,264.5,0.0,0.0,0.0,0.0,155
2023-05-09 22:57:42,c2311-P-2760,玉米2311沽2760,242.5,0.0,0.0,0.0,1,203.5,0.0,0,242.5,264.5,0.0,0.0,0.0,0.0,155
2023-05-09 22:57:42,c2311-P-2760,玉米2311沽2760,242.5,0.0,0.0,0.0,1,203.5,392.0,1,242.5,264.5,0.0,0.0,0.0,0.0,155
2023-05-09 22:58:13,c2311-P-2760,玉米2311沽2760,242.5,0.0,0.0,0.0,10,204.0,391.5,10,242.5,264.5,0.0,0.0,0.0,0.0,155
2023-05-09 22:58:14,c2311-P-2760,玉米2311沽2760,242.5,0.0,0.0,0.0,1,205.5,390.0,1,242.5,264.5,0.0,0.0,0.0,0.0,155
2023-05-09 22:58:14,c2311-P-2760,玉米2311沽2760,242.5,0.0,0.0,0.0,10,206.0,389.5,10,242.5,264.5,0.0,0.0,0.0,0.0,155
2023-05-09 22:58:16,c2311-P-2760,玉米2311沽2760,242.5,0.0,0.0,0.0,1,207.5,388.0,1,242.5,264.5,0.0,0.0,0.0,0.0,155
2023-05-09 22:58:16,c2311-P-2760,玉米2311沽2760,242.5,0.0,0.0,0.0,10,208.0,387.5,10,242.5,264.5,0.0,0.0,0.0,0.0,155
2023-05-09 22:58:17,c2311-P-2760,玉米2311沽2760,242.5,0.0,0.0,0.0,1,209.5,386.0,1,242.5,264.5,0.0,0.0,0.0,0.0,155
2023-05-09 22:58:17,c2311-P-2760,玉米2311沽2760,242.5,0.0,0.0,0.0,10,210.0,385.5,10,242.5,264.5,0.0,0.0,0.0,0.0,155
2023-05-09 22:58:18,c2311-P-2760,玉米2311沽2760,242.5,0.0,0.0,0.0,1,211.5,384.0,1,242.5,264.5,0.0,0.0,0.0,0.0,155
2023-05-09 22:58:18,c2311-P-2760,玉米2311沽2760,242.5,0.0,0.0,0.0,10,212.0,383.5,10,242.5,264.5,0.0,0.0,0.0,0.0,155
2023-05-09 22:58:20,c2311-P-2760,玉米2311沽2760,242.5,0.0,0.0,0.0,1,213.5,382.0,1,242.5,264.5,0.0,0.0,0.0,0.0,155
2023-05-09 22:58:20,c2311-P-2760,玉米2311沽2760,242.5,0.0,0.0,0.0,10,214.0,381.5,10,242.5,264.5,0.0,0.0,0.0,0.0,155
2023-05-09 22:58:21,c2311-P-2760,玉米2311沽2760,242.5,0.0,0.0,0.0,1,215.5,380.0,1,242.5,264.5,0.0,0.0,0.0,0.0,155
2023-05-09 22:58:21,c2311-P-2760,玉米2311沽2760,242.5,0.0,0.0,0.0,10,216.0,379.5,10,242.5,264.5,0.0,0.0,0.0,0.0,155
2023-05-09 22:58:33,c2311-P-2760,玉米2311沽2760,242.5,0.0,0.0,0.0,1,217.5,378.0,1,242.5,264.5,0.0,0.0,0.0,0.0,155
2023-05-09 22:58:33,c2311-P-2760,玉米2311沽2760,242.5,0.0,0.0,0.0,10,218.0,377.5,10,242.5,264.5,0.0,0.0,0.0,0.0,155
2023-05-09 22:58:34,c2311-P-2760,玉米2311沽2760,242.5,0.0,0.0,0.0,1,219.5,376.0,1,242.5,264.5,0.0,0.0,0.0,0.0,155
2023-05-09 22:58:34,c2311-P-2760,玉米2311沽2760,242.5,0.0,0.0,0.0,10,220.0,375.5,10,242.5,264.5,0.0,0.0,0.0,0.0,155
2023-05-09 22:58:35,c2311-P-2760,玉米2311沽2760,242.5,0.0,0.0,0.0,1,221.5,374.0,1,242.5,264.5,0.0,0.0,0.0,0.0,155
2023-05-09 22:58:35,c2311-P-2760,玉米2311沽2760,242.5,0.0,0.0,0.0,10,222.0,373.5,10,242.5,264.5,0.0,0.0,0.0,0.0,155
2023-05-09 22:58:39,c2311-P-2760,玉米2311沽2760,242.5,0.0,0.0,0.0,1,223.5,372.0,1,242.5,264.5,0.0,0.0,0.0,0.0,155
2023-05-09 22:58:39,c2311-P-2760,玉米2311沽2760,242.5,0.0,0.0,0.0,10,224.0,371.5,10,242.5,264.5,0.0,0.0,0.0,0.0,155
2023-05-09 22:59:55,c2311-P-2760,玉米2311沽2760,242.5,0.0,0.0,0.0,0,0.0,0.0,0,242.5,264.5,0.0,0.0,0.0,0.0,155
2023-05-10 09:00:48,c2311-P-2760,玉米2311沽2760,242.5,0.0,0.0,0.0,10,92.5,0.0,0,242.5,264.5,0.0,0.0,0.0,0.0,155
2023-05-10 09:00:49,c2311-P-2760,玉米2311沽2760,242.5,0.0,0.0,0.0,1,93.0,0.0,0,242.5,264.5,0.0,0.0,0.0,0.0,155
2023-05-10 09:00:49,c2311-P-2760,玉米2311沽2760,242.5,0.0,0.0,0.0,10,93.5,0.0,0,242.5,264.5,0.0,0.0,0.0,0.0,155
2023-05-10 09:00:51,c2311-P-2760,玉米2311沽2760,242.5,0.0,0.0,0.0,1,94.0,0.0,0,242.5,264.5,0.0,0.0,0.0,0.0,155
2023-05-10 09:00:51,c2311-P-2760,玉米2311沽2760,242.5,0.0,0.0,0.0,10,94.5,0.0,0,242.5,264.5,0.0,0.0,0.0,0.0,155
2023-05-10 09:00:53,c2311-P-2760,玉米2311沽2760,242.5,0.0,0.0,0.0,1,95.0,0.0,0,242.5,264.5,0.0,0.0,0.0,0.0,155
2023-05-10 09:00:53,c2311-P-2760,玉米2311沽2760,242.5,0.0,0.0,0.0,10,95.5,0.0,0,242.5,264.5,0.0,0.0,0.0,0.0,155
2023-05-10 09:00:55,c2311-P-2760,玉米2311沽2760,242.5,0.0,0.0,0.0,1,149.5,0.0,0,242.5,264.5,0.0,0.0,0.0,0.0,155
2023-05-10 09:00:55,c2311-P-2760,玉米2311沽2760,242.5,0.0,0.0,0.0,10,150.0,0.0,0,242.5,264.5,0.0,0.0,0.0,0.0,155
2023-05-10 09:02:04,c2311-P-2760,玉米2311沽2760,242.5,0.0,0.0,0.0,1,151.5,391.5,10,242.5,264.5,0.0,0.0,0.0,0.0,155
2023-05-10 09:02:04,c2311-P-2760,玉米2311沽2760,242.5,0.0,0.0,0.0,10,152.0,391.5,10,242.5,264.5,0.0,0.0,0.0,0.0,155
2023-05-10 09:02:05,c2311-P-2760,玉米2311沽2760,242.5,0.0,0.0,0.0,1,153.5,390.0,1,242.5,264.5,0.0,0.0,0.0,0.0,155
2023-05-10 09:02:05,c2311-P-2760,玉米2311沽2760,242.5,0.0,0.0,0.0,10,154.0,389.5,10,242.5,264.5,0.0,0.0,0.0,0.0,155
2023-05-10 09:02:06,c2311-P-2760,玉米2311沽2760,242.5,0.0,0.0,0.0,10,154.0,388.0,1,242.5,264.5,0.0,0.0,0.0,0.0,155
2023-05-10 09:02:06,c2311-P-2760,玉米2311沽2760,242.5,0.0,0.0,0.0,10,154.0,387.5,10,242.5,264.5,0.0,0.0,0.0,0.0,155
2023-05-10 09:02:09,c2311-P-2760,玉米2311沽2760,242.5,0.0,0.0,0.0,1,155.5,386.0,1,242.5,264.5,0.0,0.0,0.0,0.0,155
2023-05-10 09:02:09,c2311-P-2760,玉米2311沽2760,242.5,0.0,0.0,0.0,10,156.0,385.5,10,242.5,264.5,0.0,0.0,0.0,0.0,155
2023-05-10 09:02:12,c2311-P-2760,玉米2311沽2760,242.5,0.0,0.0,0.0,1,157.5,384.0,1,242.5,264.5,0.0,0.0,0.0,0.0,155
2023-05-10 09:02:12,c2311-P-2760,玉米2311沽2760,242.5,0.0,0.0,0.0,10,158.0,383.5,10,242.5,264.5,0.0,0.0,0.0,0.0,155
2023-05-10 09:02:17,c2311-P-2760,玉米2311沽2760,242.5,0.0,0.0,0.0,1,159.5,382.0,1,242.5,264.5,0.0,0.0,0.0,0.0,155
2023-05-10 09:02:18,c2311-P-2760,玉米2311沽2760,242.5,0.0,0.0,0.0,10,160.0,381.5,10,242.5,264.5,0.0,0.0,0.0,0.0,155
2023-05-10 09:02:18,c2311-P-2760,玉米2311沽2760,242.5,0.0,0.0,0.0,10,160.0,380.0,1,242.5,264.5,0.0,0.0,0.0,0.0,155
2023-05-10 09:02:19,c2311-P-2760,玉米2311沽2760,242.5,0.0,0.0,0.0,1,161.5,379.5,10,242.5,264.5,0.0,0.0,0.0,0.0,155
2023-05-10 09:02:19,c2311-P-2760,玉米2311沽2760,242.5,0.0,0.0,0.0,10,162.0,378.0,1,242.5,264.5,0.0,0.0,0.0,0.0,155
2023-05-10 09:02:20,c2311-P-2760,玉米2311沽2760,242.5,0.0,0.0,0.0,1,163.5,377.5,10,242.5,264.5,0.0,0.0,0.0,0.0,155
2023-05-10 09:02:20,c2311-P-2760,玉米2311沽2760,242.5,0.0,0.0,0.0,10,164.0,376.0,1,242.5,264.5,0.0,0.0,0.0,0.0,155
2023-05-10 09:02:21,c2311-P-2760,玉米2311沽2760,242.5,0.0,0.0,0.0,1,165.5,375.5,10,242.5,264.5,0.0,0.0,0.0,0.0,155
2023-05-10 09:02:21,c2311-P-2760,玉米2311沽2760,242.5,0.0,0.0,0.0,10,166.0,375.5,10,242.5,264.5,0.0,0.0,0.0,0.0,155
2023-05-10 09:02:23,c2311-P-2760,玉米2311沽2760,242.5,0.0,0.0,0.0,1,167.5,374.0,1,242.5,264.5,0.0,0.0,0.0,0.0,155
2023-05-10 09:02:23,c2311-P-2760,玉米2311沽2760,242.5,0.0,0.0,0.0,10,168.0,373.5,10,242.5,264.5,0.0,0.0,0.0,0.0,155
2023-05-10 09:02:26,c2311-P-2760,玉米2311沽2760,242.5,0.0,0.0,0.0,1,169.5,372.0,1,242.5,264.5,0.0,0.0,0.0,0.0,155
2023-05-10 09:02:26,c2311-P-2760,玉米2311沽2760,242.5,0.0,0.0,0.0,10,170.0,371.5,10,242.5,264.5,0.0,0.0,0.0,0.0,155
2023-05-10 09:02:27,c2311-P-2760,玉米2311沽2760,242.5,0.0,0.0,0.0,1,171.5,370.0,1,242.5,264.5,0.0,0.0,0.0,0.0,155
2023-05-10 09:02:27,c2311-P-2760,玉米2311沽2760,242.5,0.0,0.0,0.0,10,172.0,369.5,10,242.5,264.5,0.0,0.0,0.0,0.0,155
2023-05-10 09:02:31,c2311-P-2760,玉米2311沽2760,242.5,0.0,0.0,0.0,1,173.5,369.5,10,242.5,264.5,0.0,0.0,0.0,0.0,155
2023-05-10 09:02:31,c2311-P-2760,玉米2311沽2760,242.5,0.0,0.0,0.0,10,174.0,369.5,10,242.5,264.5,0.0,0.0,0.0,0.0,155
2023-05-10 09:02:32,c2311-P-2760,玉米2311沽2760,242.5,0.0,0.0,0.0,1,175.5,368.0,1,242.5,264.5,0.0,0.0,0.0,0.0,155
2023-05-10 09:02:32,c2311-P-2760,玉米2311沽2760,242.5,0.0,0.0,0.0,10,176.0,367.5,10,242.5,264.5,0.0,0.0,0.0,0.0,155
2023-05-10 09:02:33,c2311-P-2760,玉米2311沽2760,242.5,0.0,0.0,0.0,1,177.5,366.0,1,242.5,264.5,0.0,0.0,0.0,0.0,155
2023-05-10 09:02:33,c2311-P-2760,玉米2311沽2760,242.5,0.0,0.0,0.0,10,178.0,365.5,10,242.5,264.5,0.0,0.0,0.0,0.0,155
2023-05-10 09:02:34,c2311-P-2760,玉米2311沽2760,242.5,0.0,0.0,0.0,1,179.5,364.0,1,242.5,264.5,0.0,0.0,0.0,0.0,155
2023-05-10 09:02:34,c2311-P-2760,玉米2311沽2760,242.5,0.0,0.0,0.0,10,180.0,363.5,10,242.5,264.5,0.0,0.0,0.0,0.0,155
2023-05-10 09:02:35,c2311-P-2760,玉米2311沽2760,242.5,0.0,0.0,0.0,1,181.5,362.0,1,242.5,264.5,0.0,0.0,0.0,0.0,155
2023-05-10 09:02:35,c2311-P-2760,玉米2311沽2760,242.5,0.0,0.0,0.0,10,182.0,361.5,10,242.5,264.5,0.0,0.0,0.0,0.0,155
2023-05-10 09:02:41,c2311-P-2760,玉米2311沽2760,242.5,0.0,0.0,0.0,1,183.5,360.0,1,242.5,264.5,0.0,0.0,0.0,0.0,155
2023-05-10 09:02:41,c2311-P-2760,玉米2311沽2760,242.5,0.0,0.0,0.0,10,184.0,359.5,10,242.5,264.5,0.0,0.0,0.0,0.0,155
2023-05-10 09:02:42,c2311-P-2760,玉米2311沽2760,242.5,0.0,0.0,0.0,1,185.5,358.0,1,242.5,264.5,0.0,0.0,0.0,0.0,155
2023-05-10 09:02:42,c2311-P-2760,玉米2311沽2760,242.5,0.0,0.0,0.0,10,186.0,357.5,10,242.5,264.5,0.0,0.0,0.0,0.0,155
2023-05-10 09:02:48,c2311-P-2760,玉米2311沽2760,242.5,0.0,0.0,0.0,1,187.5,356.0,1,242.5,264.5,0.0,0.0,0.0,0.0,155
2023-05-10 09:02:48,c2311-P-2760,玉米2311沽2760,242.5,0.0,0.0,0.0,10,188.0,355.5,10,242.5,264.5,0.0,0.0,0.0,0.0,155
2023-05-10 09:02:51,c2311-P-2760,玉米2311沽2760,242.5,0.0,0.0,0.0,1,189.5,354.0,1,242.5,264.5,0.0,0.0,0.0,0.0,155
2023-05-10 09:02:51,c2311-P-2760,玉米2311沽2760,242.5,0.0,0.0,0.0,10,190.0,353.5,10,242.5,264.5,0.0,0.0,0.0,0.0,155
2023-05-10 09:02:59,c2311-P-2760,玉米2311沽2760,242.5,0.0,0.0,0.0,1,191.5,352.0,1,242.5,264.5,0.0,0.0,0.0,0.0,155
2023-05-10 09:02:59,c2311-P-2760,玉米2311沽2760,242.5,0.0,0.0,0.0,10,192.0,351.5,10,242.5,264.5,0.0,0.0,0.0,0.0,155
2023-05-10 09:03:00,c2311-P-2760,玉米2311沽2760,242.5,0.0,0.0,0.0,1,193.5,350.0,1,242.5,264.5,0.0,0.0,0.0,0.0,155
2023-05-10 09:03:00,c2311-P-2760,玉米2311沽2760,242.5,0.0,0.0,0.0,10,194.0,349.5,10,242.5,264.5,0.0,0.0,0.0,0.0,155
2023-05-10 09:03:06,c2311-P-2760,玉米2311沽2760,242.5,0.0,0.0,0.0,1,195.5,348.0,1,242.5,264.5,0.0,0.0,0.0,0.0,155
2023-05-10 09:03:06,c2311-P-2760,玉米2311沽2760,242.5,0.0,0.0,0.0,10,196.0,347.5,10,242.5,264.5,0.0,0.0,0.0,0.0,155
2023-05-10 09:03:09,c2311-P-2760,玉米2311沽2760,242.5,0.0,0.0,0.0,1,197.5,346.0,1,242.5,264.5,0.0,0.0,0.0,0.0,155
2023-05-10 09:03:09,c2311-P-2760,玉米2311沽2760,242.5,0.0,0.0,0.0,10,198.0,345.5,10,242.5,264.5,0.0,0.0,0.0,0.0,155
2023-05-10 09:03:12,c2311-P-2760,玉米2311沽2760,242.5,0.0,0.0,0.0,1,199.5,344.0,1,242.5,264.5,0.0,0.0,0.0,0.0,155
2023-05-10 09:03:12,c2311-P-2760,玉米2311沽2760,242.5,0.0,0.0,0.0,10,200.0,343.5,10,242.5,264.5,0.0,0.0,0.0,0.0,155
2023-05-10 09:03:15,c2311-P-2760,玉米2311沽2760,242.5,0.0,0.0,0.0,1,201.5,342.0,1,242.5,264.5,0.0,0.0,0.0,0.0,155
2023-05-10 09:03:15,c2311-P-2760,玉米2311沽2760,242.5,0.0,0.0,0.0,10,202.0,341.5,10,242.5,264.5,0.0,0.0,0.0,0.0,155
2023-05-10 09:03:16,c2311-P-2760,玉米2311沽2760,242.5,0.0,0.0,0.0,1,203.5,340.0,1,242.5,264.5,0.0,0.0,0.0,0.0,155
2023-05-10 09:03:16,c2311-P-2760,玉米2311沽2760,242.5,0.0,0.0,0.0,10,204.0,339.5,10,242.5,264.5,0.0,0.0,0.0,0.0,155
2023-05-10 09:03:20,c2311-P-2760,玉米2311沽2760,242.5,0.0,0.0,0.0,1,205.5,338.0,1,242.5,264.5,0.0,0.0,0.0,0.0,155
2023-05-10 09:03:20,c2311-P-2760,玉米2311沽2760,242.5,0.0,0.0,0.0,10,206.0,337.5,10,242.5,264.5,0.0,0.0,0.0,0.0,155
2023-05-10 09:03:21,c2311-P-2760,玉米2311沽2760,242.5,0.0,0.0,0.0,1,207.5,336.0,1,242.5,264.5,0.0,0.0,0.0,0.0,155
2023-05-10 09:03:21,c2311-P-2760,玉米2311沽2760,242.5,0.0,0.0,0.0,10,208.0,335.5,10,242.5,264.5,0.0,0.0,0.0,0.0,155
2023-05-10 09:03:22,c2311-P-2760,玉米2311沽2760,242.5,0.0,0.0,0.0,1,209.5,334.0,1,242.5,264.5,0.0,0.0,0.0,0.0,155
2023-05-10 09:03:22,c2311-P-2760,玉米2311沽2760,242.5,0.0,0.0,0.0,10,210.0,333.5,10,242.5,264.5,0.0,0.0,0.0,0.0,155
2023-05-10 09:03:24,c2311-P-2760,玉米2311沽2760,242.5,0.0,0.0,0.0,1,211.5,333.5,10,242.5,264.5,0.0,0.0,0.0,0.0,155
2023-05-10 09:03:24,c2311-P-2760,玉米2311沽2760,242.5,0.0,0.0,0.0,10,212.0,333.5,10,242.5,264.5,0.0,0.0,0.0,0.0,155
2023-05-10 09:03:25,c2311-P-2760,玉米2311沽2760,242.5,0.0,0.0,0.0,1,213.5,332.0,1,242.5,264.5,0.0,0.0,0.0,0.0,155
2023-05-10 09:03:25,c2311-P-2760,玉米2311沽2760,242.5,0.0,0.0,0.0,10,214.0,331.5,10,242.5,264.5,0.0,0.0,0.0,0.0,155
2023-05-10 09:03:26,c2311-P-2760,玉米2311沽2760,242.5,0.0,0.0,0.0,1,215.5,331.5,10,242.5,264.5,0.0,0.0,0.0,0.0,155
2023-05-10 09:03:26,c2311-P-2760,玉米2311沽2760,242.5,0.0,0.0,0.0,10,216.0,330.0,1,242.5,264.5,0.0,0.0,0.0,0.0,155
2023-05-10 09:03:26,c2311-P-2760,玉米2311沽2760,242.5,0.0,0.0,0.0,10,216.0,329.5,10,242.5,264.5,0.0,0.0,0.0,0.0,155
2023-05-10 09:03:27,c2311-P-2760,玉米2311沽2760,242.5,0.0,0.0,0.0,1,217.5,328.0,1,242.5,264.5,0.0,0.0,0.0,0.0,155
2023-05-10 09:03:27,c2311-P-2760,玉米2311沽2760,242.5,0.0,0.0,0.0,10,218.0,327.5,10,242.5,264.5,0.0,0.0,0.0,0.0,155
2023-05-10 09:03:28,c2311-P-2760,玉米2311沽2760,242.5,0.0,0.0,0.0,1,219.5,326.0,1,242.5,264.5,0.0,0.0,0.0,0.0,155
2023-05-10 09:03:28,c2311-P-2760,玉米2311沽2760,242.5,0.0,0.0,0.0,10,220.0,325.5,10,242.5,264.5,0.0,0.0,0.0,0.0,155
2023-05-10 09:03:31,c2311-P-2760,玉米2311沽2760,242.5,0.0,0.0,0.0,1,221.5,324.0,1,242.5,264.5,0.0,0.0,0.0,0.0,155
2023-05-10 09:03:32,c2311-P-2760,玉米2311沽2760,242.5,0.0,0.0,0.0,10,222.0,323.5,10,242.5,264.5,0.0,0.0,0.0,0.0,155
2023-05-10 09:03:32,c2311-P-2760,玉米2311沽2760,242.5,0.0,0.0,0.0,1,223.5,323.5,10,242.5,264.5,0.0,0.0,0.0,0.0,155
2023-05-10 09:03:33,c2311-P-2760,玉米2311沽2760,242.5,0.0,0.0,0.0,10,224.0,322.0,1,242.5,264.5,0.0,0.0,0.0,0.0,155
2023-05-10 09:03:33,c2311-P-2760,玉米2311沽2760,242.5,0.0,0.0,0.0,1,225.5,321.5,10,242.5,264.5,0.0,0.0,0.0,0.0,155
2023-05-10 09:03:34,c2311-P-2760,玉米2311沽2760,242.5,0.0,0.0,0.0,10,226.0,320.0,1,242.5,264.5,0.0,0.0,0.0,0.0,155
2023-05-10 09:03:34,c2311-P-2760,玉米2311沽2760,242.5,0.0,0.0,0.0,10,226.0,319.5,10,242.5,264.5,0.0,0.0,0.0,0.0,155
2023-05-10 09:03:36,c2311-P-2760,玉米2311沽2760,242.5,0.0,0.0,0.0,1,227.5,318.0,1,242.5,264.5,0.0,0.0,0.0,0.0,155
2023-05-10 09:03:36,c2311-P-2760,玉米2311沽2760,242.5,0.0,0.0,0.0,10,228.0,317.5,10,242.5,264.5,0.0,0.0,0.0,0.0,155
2023-05-10 09:03:37,c2311-P-2760,玉米2311沽2760,242.5,0.0,0.0,0.0,1,229.5,316.0,1,242.5,264.5,0.0,0.0,0.0,0.0,155
2023-05-10 09:03:37,c2311-P-2760,玉米2311沽2760,242.5,0.0,0.0,0.0,10,230.0,315.5,10,242.5,264.5,0.0,0.0,0.0,0.0,155
2023-05-10 09:03:39,c2311-P-2760,玉米2311沽2760,242.5,0.0,0.0,0.0,1,231.5,315.5,10,242.5,264.5,0.0,0.0,0.0,0.0,155
2023-05-10 09:03:39,c2311-P-2760,玉米2311沽2760,242.5,0.0,0.0,0.0,10,232.0,315.5,10,242.5,264.5,0.0,0.0,0.0,0.0,155
2023-05-10 09:03:40,c2311-P-2760,玉米2311沽2760,242.5,0.0,0.0,0.0,1,233.5,315.5,10,242.5,264.5,0.0,0.0,0.0,0.0,155
2023-05-10 09:03:40,c2311-P-2760,玉米2311沽2760,242.5,0.0,0.0,0.0,10,234.0,315.5,10,242.5,264.5,0.0,0.0,0.0,0.0,155
2023-05-10 09:03:41,c2311-P-2760,玉米2311沽2760,242.5,0.0,0.0,0.0,1,235.5,315.5,10,242.5,264.5,0.0,0.0,0.0,0.0,155
2023-05-10 09:03:41,c2311-P-2760,玉米2311沽2760,242.5,0.0,0.0,0.0,10,236.0,315.5,10,242.5,264.5,0.0,0.0,0.0,0.0,155
2023-05-10 09:03:42,c2311-P-2760,玉米2311沽2760,242.5,0.0,0.0,0.0,1,237.5,315.5,10,242.5,264.5,0.0,0.0,0.0,0.0,155
2023-05-10 09:03:42,c2311-P-2760,玉米2311沽2760,242.5,0.0,0.0,0.0,10,238.0,315.5,10,242.5,264.5,0.0,0.0,0.0,0.0,155
2023-05-10 09:03:43,c2311-P-2760,玉米2311沽2760,242.5,0.0,0.0,0.0,1,239.5,315.5,10,242.5,264.5,0.0,0.0,0.0,0.0,155
2023-05-10 09:03:43,c2311-P-2760,玉米2311沽2760,242.5,0.0,0.0,0.0,10,240.0,315.5,10,242.5,264.5,0.0,0.0,0.0,0.0,155
2023-05-10 09:03:44,c2311-P-2760,玉米2311沽2760,242.5,0.0,0.0,0.0,1,241.5,315.5,10,242.5,264.5,0.0,0.0,0.0,0.0,155
2023-05-10 09:03:44,c2311-P-2760,玉米2311沽2760,242.5,0.0,0.0,0.0,10,242.0,315.5,10,242.5,264.5,0.0,0.0,0.0,0.0,155
2023-05-10 09:03:45,c2311-P-2760,玉米2311沽2760,242.5,0.0,0.0,0.0,1,243.5,315.5,10,242.5,264.5,0.0,0.0,0.0,0.0,155
2023-05-10 09:03:45,c2311-P-2760,玉米2311沽2760,242.5,0.0,0.0,0.0,10,244.0,315.5,10,242.5,264.5,0.0,0.0,0.0,0.0,155
2023-05-10 09:03:46,c2311-P-2760,玉米2311沽2760,242.5,0.0,0.0,0.0,1,245.5,315.5,10,242.5,264.5,0.0,0.0,0.0,0.0,155
2023-05-10 09:03:46,c2311-P-2760,玉米2311沽2760,242.5,0.0,0.0,0.0,10,246.0,315.5,10,242.5,264.5,0.0,0.0,0.0,0.0,155
2023-05-10 09:03:47,c2311-P-2760,玉米2311沽2760,242.5,0.0,0.0,0.0,1,247.5,315.5,10,242.5,264.5,0.0,0.0,0.0,0.0,155
2023-05-10 09:03:47,c2311-P-2760,玉米2311沽2760,242.5,0.0,0.0,0.0,10,248.0,315.5,10,242.5,264.5,0.0,0.0,0.0,0.0,155
2023-05-10 09:03:48,c2311-P-2760,玉米2311沽2760,242.5,0.0,0.0,0.0,1,249.5,315.5,10,242.5,264.5,0.0,0.0,0.0,0.0,155
2023-05-10 09:03:48,c2311-P-2760,玉米2311沽2760,242.5,0.0,0.0,0.0,10,250.0,315.5,10,242.5,264.5,0.0,0.0,0.0,0.0,155
2023-05-10 09:03:49,c2311-P-2760,玉米2311沽2760,242.5,0.0,0.0,0.0,1,251.5,315.5,10,242.5,264.5,0.0,0.0,0.0,0.0,155
2023-05-10 09:03:49,c2311-P-2760,玉米2311沽2760,242.5,0.0,0.0,0.0,10,252.0,315.5,10,242.5,264.5,0.0,0.0,0.0,0.0,155
2023-05-10 09:03:50,c2311-P-2760,玉米2311沽2760,242.5,0.0,0.0,0.0,1,253.5,315.5,10,242.5,264.5,0.0,0.0,0.0,0.0,155
2023-05-10 09:03:50,c2311-P-2760,玉米2311沽2760,242.5,0.0,0.0,0.0,10,254.0,315.5,10,242.5,264.5,0.0,0.0,0.0,0.0,155
2023-05-10 09:03:51,c2311-P-2760,玉米2311沽2760,242.5,0.0,0.0,0.0,1,255.5,315.5,10,242.5,264.5,0.0,0.0,0.0,0.0,155
2023-05-10 09:03:51,c2311-P-2760,玉米2311沽2760,242.5,0.0,0.0,0.0,10,256.0,315.5,10,242.5,264.5,0.0,0.0,0.0,0.0,155
2023-05-10 10:14:32,c2311-P-2760,玉米2311沽2760,242.5,0.0,0.0,0.0,1,149.5,0.0,0,242.5,264.5,0.0,0.0,0.0,0.0,155
2023-05-10 10:30:23,c2311-P-2760,玉米2311沽2760,242.5,0.0,0.0,0.0,10,150.0,0.0,0,242.5,264.5,0.0,0.0,0.0,0.0,155
2023-05-10 10:32:02,c2311-P-2760,玉米2311沽2760,242.5,0.0,0.0,0.0,1,151.5,391.5,10,242.5,264.5,0.0,0.0,0.0,0.0,155
2023-05-10 10:32:02,c2311-P-2760,玉米2311沽2760,242.5,0.0,0.0,0.0,10,152.0,391.5,10,242.5,264.5,0.0,0.0,0.0,0.0,155
2023-05-10 10:32:03,c2311-P-2760,玉米2311沽2760,242.5,0.0,0.0,0.0,1,153.5,390.0,1,242.5,264.5,0.0,0.0,0.0,0.0,155
2023-05-10 10:32:03,c2311-P-2760,玉米2311沽2760,242.5,0.0,0.0,0.0,10,154.0,389.5,10,242.5,264.5,0.0,0.0,0.0,0.0,155
2023-05-10 10:32:04,c2311-P-2760,玉米2311沽2760,242.5,0.0,0.0,0.0,1,155.5,389.5,10,242.5,264.5,0.0,0.0,0.0,0.0,155
2023-05-10 10:32:05,c2311-P-2760,玉米2311沽2760,242.5,0.0,0.0,0.0,10,156.0,388.0,1,242.5,264.5,0.0,0.0,0.0,0.0,155
2023-05-10 10:32:05,c2311-P-2760,玉米2311沽2760,242.5,0.0,0.0,0.0,1,157.5,387.5,10,242.5,264.5,0.0,0.0,0.0,0.0,155
2023-05-10 10:32:06,c2311-P-2760,玉米2311沽2760,242.5,0.0,0.0,0.0,10,158.0,386.0,1,242.5,264.5,0.0,0.0,0.0,0.0,155
2023-05-10 10:32:06,c2311-P-2760,玉米2311沽2760,242.5,0.0,0.0,0.0,10,158.0,385.5,10,242.5,264.5,0.0,0.0,0.0,0.0,155
2023-05-10 10:32:13,c2311-P-2760,玉米2311沽2760,242.5,0.0,0.0,0.0,10,158.0,383.5,10,242.5,264.5,0.0,0.0,0.0,0.0,155
2023-05-10 10:32:16,c2311-P-2760,玉米2311沽2760,242.5,0.0,0.0,0.0,1,159.5,382.0,1,242.5,264.5,0.0,0.0,0.0,0.0,155
2023-05-10 10:32:16,c2311-P-2760,玉米2311沽2760,242.5,0.0,0.0,0.0,10,160.0,381.5,10,242.5,264.5,0.0,0.0,0.0,0.0,155
2023-05-10 10:32:22,c2311-P-2760,玉米2311沽2760,242.5,0.0,0.0,0.0,1,161.5,380.0,1,242.5,264.5,0.0,0.0,0.0,0.0,155
2023-05-10 10:32:23,c2311-P-2760,玉米2311沽2760,242.5,0.0,0.0,0.0,10,162.0,379.5,10,242.5,264.5,0.0,0.0,0.0,0.0,155
2023-05-10 10:32:26,c2311-P-2760,玉米2311沽2760,242.5,0.0,0.0,0.0,1,163.5,378.0,1,242.5,264.5,0.0,0.0,0.0,0.0,155
2023-05-10 10:32:26,c2311-P-2760,玉米2311沽2760,242.5,0.0,0.0,0.0,10,164.0,377.5,10,242.5,264.5,0.0,0.0,0.0,0.0,155
2023-05-10 10:32:28,c2311-P-2760,玉米2311沽2760,242.5,0.0,0.0,0.0,1,165.5,377.5,10,242.5,264.5,0.0,0.0,0.0,0.0,155
2023-05-10 10:32:29,c2311-P-2760,玉米2311沽2760,242.5,0.0,0.0,0.0,10,166.0,376.0,1,242.5,264.5,0.0,0.0,0.0,0.0,155
2023-05-10 10:32:29,c2311-P-2760,玉米2311沽2760,242.5,0.0,0.0,0.0,1,167.5,375.5,10,242.5,264.5,0.0,0.0,0.0,0.0,155
2023-05-10 10:32:30,c2311-P-2760,玉米2311沽2760,242.5,0.0,0.0,0.0,10,168.0,374.0,1,242.5,264.5,0.0,0.0,0.0,0.0,155
2023-05-10 10:32:30,c2311-P-2760,玉米2311沽2760,242.5,0.0,0.0,0.0,10,168.0,373.5,10,242.5,264.5,0.0,0.0,0.0,0.0,155
2023-05-10 10:32:31,c2311-P-2760,玉米2311沽2760,242.5,0.0,0.0,0.0,1,169.5,372.0,1,242.5,264.5,0.0,0.0,0.0,0.0,155
2023-05-10 10:32:31,c2311-P-2760,玉米2311沽2760,242.5,0.0,0.0,0.0,10,170.0,371.5,10,242.5,264.5,0.0,0.0,0.0,0.0,155
2023-05-10 10:32:33,c2311-P-2760,玉米2311沽2760,242.5,0.0,0.0,0.0,1,171.5,370.0,1,242.5,264.5,0.0,0.0,0.0,0.0,155
2023-05-10 10:32:33,c2311-P-2760,玉米2311沽2760,242.5,0.0,0.0,0.0,10,172.0,369.5,10,242.5,264.5,0.0,0.0,0.0,0.0,155
2023-05-10 10:32:34,c2311-P-2760,玉米2311沽2760,242.5,0.0,0.0,0.0,1,173.5,368.0,1,242.5,264.5,0.0,0.0,0.0,0.0,155
2023-05-10 10:32:34,c2311-P-2760,玉米2311沽2760,242.5,0.0,0.0,0.0,10,174.0,367.5,10,242.5,264.5,0.0,0.0,0.0,0.0,155
2023-05-10 10:32:41,c2311-P-2760,玉米2311沽2760,242.5,0.0,0.0,0.0,1,175.5,366.0,1,242.5,264.5,0.0,0.0,0.0,0.0,155
2023-05-10 10:32:41,c2311-P-2760,玉米2311沽2760,242.5,0.0,0.0,0.0,10,176.0,365.5,10,242.5,264.5,0.0,0.0,0.0,0.0,155
2023-05-10 10:32:43,c2311-P-2760,玉米2311沽2760,242.5,0.0,0.0,0.0,1,177.5,365.5,10,242.5,264.5,0.0,0.0,0.0,0.0,155
2023-05-10 10:32:43,c2311-P-2760,玉米2311沽2760,242.5,0.0,0.0,0.0,10,178.0,364.0,1,242.5,264.5,0.0,0.0,0.0,0.0,155
2023-05-10 10:32:43,c2311-P-2760,玉米2311沽2760,242.5,0.0,0.0,0.0,10,178.0,363.5,10,242.5,264.5,0.0,0.0,0.0,0.0,155
2023-05-10 10:32:44,c2311-P-2760,玉米2311沽2760,242.5,0.0,0.0,0.0,1,179.5,362.0,1,242.5,264.5,0.0,0.0,0.0,0.0,155
2023-05-10 10:32:44,c2311-P-2760,玉米2311沽2760,242.5,0.0,0.0,0.0,10,180.0,361.5,10,242.5,264.5,0.0,0.0,0.0,0.0,155
2023-05-10 10:32:47,c2311-P-2760,玉米2311沽2760,242.5,0.0,0.0,0.0,1,181.5,360.0,1,242.5,264.5,0.0,0.0,0.0,0.0,155
2023-05-10 10:32:47,c2311-P-2760,玉米2311沽2760,242.5,0.0,0.0,0.0,10,182.0,359.5,10,242.5,264.5,0.0,0.0,0.0,0.0,155
2023-05-10 10:32:52,c2311-P-2760,玉米2311沽2760,242.5,0.0,0.0,0.0,1,183.5,358.0,1,242.5,264.5,0.0,0.0,0.0,0.0,155
2023-05-10 10:32:52,c2311-P-2760,玉米2311沽2760,242.5,0.0,0.0,0.0,10,184.0,357.5,10,242.5,264.5,0.0,0.0,0.0,0.0,155
2023-05-10 10:32:56,c2311-P-2760,玉米2311沽2760,242.5,0.0,0.0,0.0,1,185.5,356.0,1,242.5,264.5,0.0,0.0,0.0,0.0,155
2023-05-10 10:32:56,c2311-P-2760,玉米2311沽2760,242.5,0.0,0.0,0.0,10,186.0,355.5,10,242.5,264.5,0.0,0.0,0.0,0.0,155
2023-05-10 10:32:57,c2311-P-2760,玉米2311沽2760,242.5,0.0,0.0,0.0,1,187.5,354.0,1,242.5,264.5,0.0,0.0,0.0,0.0,155
2023-05-10 10:32:57,c2311-P-2760,玉米2311沽2760,242.5,0.0,0.0,0.0,10,188.0,353.5,10,242.5,264.5,0.0,0.0,0.0,0.0,155
2023-05-10 10:32:58,c2311-P-2760,玉米2311沽2760,242.5,0.0,0.0,0.0,1,189.5,352.0,1,242.5,264.5,0.0,0.0,0.0,0.0,155
2023-05-10 10:32:58,c2311-P-2760,玉米2311沽2760,242.5,0.0,0.0,0.0,10,190.0,351.5,10,242.5,264.5,0.0,0.0,0.0,0.0,155
2023-05-10 10:32:59,c2311-P-2760,玉米2311沽2760,242.5,0.0,0.0,0.0,1,191.5,350.0,1,242.5,264.5,0.0,0.0,0.0,0.0,155
2023-05-10 10:32:59,c2311-P-2760,玉米2311沽2760,242.5,0.0,0.0,0.0,10,192.0,349.5,10,242.5,264.5,0.0,0.0,0.0,0.0,155
2023-05-10 10:33:00,c2311-P-2760,玉米2311沽2760,242.5,0.0,0.0,0.0,1,193.5,348.0,1,242.5,264.5,0.0,0.0,0.0,0.0,155
2023-05-10 10:33:00,c2311-P-2760,玉米2311沽2760,242.5,0.0,0.0,0.0,10,194.0,347.5,10,242.5,264.5,0.0,0.0,0.0,0.0,155
2023-05-10 10:33:02,c2311-P-2760,玉米2311沽2760,242.5,0.0,0.0,0.0,1,195.5,346.0,1,242.5,264.5,0.0,0.0,0.0,0.0,155
2023-05-10 10:33:02,c2311-P-2760,玉米2311沽2760,242.5,0.0,0.0,0.0,10,196.0,345.5,10,242.5,264.5,0.0,0.0,0.0,0.0,155
2023-05-10 10:33:03,c2311-P-2760,玉米2311沽2760,242.5,0.0,0.0,0.0,1,197.5,344.0,1,242.5,264.5,0.0,0.0,0.0,0.0,155
2023-05-10 10:33:03,c2311-P-2760,玉米2311沽2760,242.5,0.0,0.0,0.0,10,198.0,343.5,10,242.5,264.5,0.0,0.0,0.0,0.0,155
2023-05-10 10:33:04,c2311-P-2760,玉米2311沽2760,242.5,0.0,0.0,0.0,1,199.5,342.0,1,242.5,264.5,0.0,0.0,0.0,0.0,155
2023-05-10 10:33:04,c2311-P-2760,玉米2311沽2760,242.5,0.0,0.0,0.0,10,200.0,341.5,10,242.5,264.5,0.0,0.0,0.0,0.0,155
2023-05-10 10:33:05,c2311-P-2760,玉米2311沽2760,242.5,0.0,0.0,0.0,1,201.5,340.0,1,242.5,264.5,0.0,0.0,0.0,0.0,155
2023-05-10 10:33:05,c2311-P-2760,玉米2311沽2760,242.5,0.0,0.0,0.0,10,202.0,339.5,10,242.5,264.5,0.0,0.0,0.0,0.0,155
2023-05-10 10:33:06,c2311-P-2760,玉米2311沽2760,242.5,0.0,0.0,0.0,1,203.5,338.0,1,242.5,264.5,0.0,0.0,0.0,0.0,155
2023-05-10 10:33:06,c2311-P-2760,玉米2311沽2760,242.5,0.0,0.0,0.0,10,204.0,337.5,10,242.5,264.5,0.0,0.0,0.0,0.0,155
2023-05-10 10:33:07,c2311-P-2760,玉米2311沽2760,242.5,0.0,0.0,0.0,1,205.5,336.0,1,242.5,264.5,0.0,0.0,0.0,0.0,155
2023-05-10 10:33:07,c2311-P-2760,玉米2311沽2760,242.5,0.0,0.0,0.0,10,206.0,335.5,10,242.5,264.5,0.0,0.0,0.0,0.0,155
2023-05-10 10:33:08,c2311-P-2760,玉米2311沽2760,242.5,0.0,0.0,0.0,1,207.5,335.5,10,242.5,264.5,0.0,0.0,0.0,0.0,155
2023-05-10 10:33:08,c2311-P-2760,玉米2311沽2760,242.5,0.0,0.0,0.0,10,208.0,335.5,10,242.5,264.5,0.0,0.0,0.0,0.0,155
2023-05-10 10:33:09,c2311-P-2760,玉米2311沽2760,242.5,0.0,0.0,0.0,1,209.5,335.5,10,242.5,264.5,0.0,0.0,0.0,0.0,155
2023-05-10 10:33:09,c2311-P-2760,玉米2311沽2760,242.5,0.0,0.0,0.0,10,210.0,335.5,10,242.5,264.5,0.0,0.0,0.0,0.0,155
2023-05-10 10:33:10,c2311-P-2760,玉米2311沽2760,242.5,0.0,0.0,0.0,1,211.5,335.5,10,242.5,264.5,0.0,0.0,0.0,0.0,155
2023-05-10 10:33:10,c2311-P-2760,玉米2311沽2760,242.5,0.0,0.0,0.0,10,212.0,335.5,10,242.5,264.5,0.0,0.0,0.0,0.0,155
2023-05-10 10:33:11,c2311-P-2760,玉米2311沽2760,242.5,0.0,0.0,0.0,1,213.5,335.5,10,242.5,264.5,0.0,0.0,0.0,0.0,155
2023-05-10 10:33:11,c2311-P-2760,玉米2311沽2760,242.5,0.0,0.0,0.0,10,214.0,335.5,10,242.5,264.5,0.0,0.0,0.0,0.0,155
2023-05-10 10:33:12,c2311-P-2760,玉米2311沽2760,242.5,0.0,0.0,0.0,1,215.5,335.5,10,242.5,264.5,0.0,0.0,0.0,0.0,155
2023-05-10 10:33:12,c2311-P-2760,玉米2311沽2760,242.5,0.0,0.0,0.0,10,216.0,335.5,10,242.5,264.5,0.0,0.0,0.0,0.0,155
2023-05-10 10:33:13,c2311-P-2760,玉米2311沽2760,242.5,0.0,0.0,0.0,10,218.0,335.5,10,242.5,264.5,0.0,0.0,0.0,0.0,155
2023-05-10 10:33:14,c2311-P-2760,玉米2311沽2760,242.5,0.0,0.0,0.0,1,219.5,335.5,10,242.5,264.5,0.0,0.0,0.0,0.0,155
2023-05-10 10:33:14,c2311-P-2760,玉米2311沽2760,242.5,0.0,0.0,0.0,10,220.0,335.5,10,242.5,264.5,0.0,0.0,0.0,0.0,155
2023-05-10 10:33:16,c2311-P-2760,玉米2311沽2760,242.5,0.0,0.0,0.0,1,221.5,335.5,10,242.5,264.5,0.0,0.0,0.0,0.0,155
2023-05-10 10:33:16,c2311-P-2760,玉米2311沽2760,242.5,0.0,0.0,0.0,10,222.0,335.5,10,242.5,264.5,0.0,0.0,0.0,0.0,155
2023-05-10 10:33:17,c2311-P-2760,玉米2311沽2760,242.5,0.0,0.0,0.0,1,223.5,335.5,10,242.5,264.5,0.0,0.0,0.0,0.0,155
2023-05-10 10:33:17,c2311-P-2760,玉米2311沽2760,242.5,0.0,0.0,0.0,10,224.0,335.5,10,242.5,264.5,0.0,0.0,0.0,0.0,155
2023-05-10 10:33:18,c2311-P-2760,玉米2311沽2760,242.5,0.0,0.0,0.0,1,225.5,335.5,10,242.5,264.5,0.0,0.0,0.0,0.0,155
2023-05-10 10:33:18,c2311-P-2760,玉米2311沽2760,242.5,0.0,0.0,0.0,10,226.0,335.5,10,242.5,264.5,0.0,0.0,0.0,0.0,155
2023-05-10 10:33:19,c2311-P-2760,玉米2311沽2760,242.5,0.0,0.0,0.0,1,227.5,335.5,10,242.5,264.5,0.0,0.0,0.0,0.0,155
2023-05-10 10:33:19,c2311-P-2760,玉米2311沽2760,242.5,0.0,0.0,0.0,10,228.0,335.5,10,242.5,264.5,0.0,0.0,0.0,0.0,155
2023-05-10 10:33:20,c2311-P-2760,玉米2311沽2760,242.5,0.0,0.0,0.0,1,229.5,335.5,10,242.5,264.5,0.0,0.0,0.0,0.0,155
2023-05-10 10:33:20,c2311-P-2760,玉米2311沽2760,242.5,0.0,0.0,0.0,10,230.0,335.5,10,242.5,264.5,0.0,0.0,0.0,0.0,155
2023-05-10 11:14:33,c2311-P-2760,玉米2311沽2760,242.5,0.0,0.0,0.0,10,230.0,334.0,1,242.5,264.5,0.0,0.0,0.0,0.0,155
2023-05-10 11:14:33,c2311-P-2760,玉米2311沽2760,242.5,0.0,0.0,0.0,10,230.0,333.5,10,242.5,264.5,0.0,0.0,0.0,0.0,155
2023-05-10 11:14:34,c2311-P-2760,玉米2311沽2760,242.5,0.0,0.0,0.0,10,230.0,332.0,1,242.5,264.5,0.0,0.0,0.0,0.0,155
2023-05-10 11:14:34,c2311-P-2760,玉米2311沽2760,242.5,0.0,0.0,0.0,10,230.0,331.5,10,242.5,264.5,0.0,0.0,0.0,0.0,155
2023-05-10 11:14:35,c2311-P-2760,玉米2311沽2760,242.5,0.0,0.0,0.0,10,230.0,330.0,1,242.5,264.5,0.0,0.0,0.0,0.0,155
2023-05-10 11:14:35,c2311-P-2760,玉米2311沽2760,242.5,0.0,0.0,0.0,10,230.0,329.5,10,242.5,264.5,0.0,0.0,0.0,0.0,155
2023-05-10 11:14:36,c2311-P-2760,玉米2311沽2760,242.5,0.0,0.0,0.0,10,230.0,328.0,1,242.5,264.5,0.0,0.0,0.0,0.0,155
2023-05-10 11:14:36,c2311-P-2760,玉米2311沽2760,242.5,0.0,0.0,0.0,10,230.0,327.5,10,242.5,264.5,0.0,0.0,0.0,0.0,155
2023-05-10 11:14:37,c2311-P-2760,玉米2311沽2760,242.5,0.0,0.0,0.0,10,230.0,326.0,1,242.5,264.5,0.0,0.0,0.0,0.0,155
2023-05-10 11:14:37,c2311-P-2760,玉米2311沽2760,242.5,0.0,0.0,0.0,10,230.0,325.5,10,242.5,264.5,0.0,0.0,0.0,0.0,155
2023-05-10 11:29:33,c2311-P-2760,玉米2311沽2760,242.5,0.0,0.0,0.0,1,149.5,0.0,0,242.5,264.5,0.0,0.0,0.0,0.0,155
2023-05-10 11:29:35,c2311-P-2760,玉米2311沽2760,242.5,0.0,0.0,0.0,1,150.0,0.0,0,242.5,264.5,0.0,0.0,0.0,0.0,155
2023-05-10 13:30:02,c2311-P-2760,玉米2311沽2760,242.5,0.0,0.0,0.0,10,150.5,0.0,0,242.5,264.5,0.0,0.0,0.0,0.0,155
2023-05-10 13:30:30,c2311-P-2760,玉米2311沽2760,242.5,0.0,0.0,0.0,1,151.0,0.0,0,242.5,264.5,0.0,0.0,0.0,0.0,155
2023-05-10 13:30:30,c2311-P-2760,玉米2311沽2760,242.5,0.0,0.0,0.0,1,152.5,392.0,1,242.5,264.5,0.0,0.0,0.0,0.0,155
2023-05-10 13:30:31,c2311-P-2760,玉米2311沽2760,242.5,0.0,0.0,0.0,10,153.0,391.5,10,242.5,264.5,0.0,0.0,0.0,0.0,155
2023-05-10 13:30:31,c2311-P-2760,玉米2311沽2760,242.5,0.0,0.0,0.0,1,154.5,390.0,1,242.5,264.5,0.0,0.0,0.0,0.0,155
2023-05-10 13:30:31,c2311-P-2760,玉米2311沽2760,242.5,0.0,0.0,0.0,10,155.0,389.5,10,242.5,264.5,0.0,0.0,0.0,0.0,155
2023-05-10 13:30:32,c2311-P-2760,玉米2311沽2760,242.5,0.0,0.0,0.0,1,156.5,388.0,1,242.5,264.5,0.0,0.0,0.0,0.0,155
2023-05-10 13:30:32,c2311-P-2760,玉米2311沽2760,242.5,0.0,0.0,0.0,10,157.0,387.5,10,242.5,264.5,0.0,0.0,0.0,0.0,155
2023-05-10 13:30:33,c2311-P-2760,玉米2311沽2760,242.5,0.0,0.0,0.0,1,158.5,386.0,1,242.5,264.5,0.0,0.0,0.0,0.0,155
2023-05-10 13:30:33,c2311-P-2760,玉米2311沽2760,242.5,0.0,0.0,0.0,10,159.0,385.5,10,242.5,264.5,0.0,0.0,0.0,0.0,155
2023-05-10 13:30:34,c2311-P-2760,玉米2311沽2760,242.5,0.0,0.0,0.0,1,160.5,384.0,1,242.5,264.5,0.0,0.0,0.0,0.0,155
2023-05-10 13:30:34,c2311-P-2760,玉米2311沽2760,242.5,0.0,0.0,0.0,10,161.0,383.5,10,242.5,264.5,0.0,0.0,0.0,0.0,155
2023-05-10 13:30:35,c2311-P-2760,玉米2311沽2760,242.5,0.0,0.0,0.0,1,162.5,382.0,1,242.5,264.5,0.0,0.0,0.0,0.0,155
2023-05-10 13:30:35,c2311-P-2760,玉米2311沽2760,242.5,0.0,0.0,0.0,10,163.0,381.5,10,242.5,264.5,0.0,0.0,0.0,0.0,155
2023-05-10 13:30:36,c2311-P-2760,玉米2311沽2760,242.5,0.0,0.0,0.0,1,164.5,380.0,1,242.5,264.5,0.0,0.0,0.0,0.0,155
2023-05-10 13:30:36,c2311-P-2760,玉米2311沽2760,242.5,0.0,0.0,0.0,10,165.0,379.5,10,242.5,264.5,0.0,0.0,0.0,0.0,155
2023-05-10 13:30:37,c2311-P-2760,玉米2311沽2760,242.5,0.0,0.0,0.0,1,166.5,378.0,1,242.5,264.5,0.0,0.0,0.0,0.0,155
2023-05-10 13:30:37,c2311-P-2760,玉米2311沽2760,242.5,0.0,0.0,0.0,10,167.0,377.5,10,242.5,264.5,0.0,0.0,0.0,0.0,155
2023-05-10 13:30:38,c2311-P-2760,玉米2311沽2760,242.5,0.0,0.0,0.0,1,168.5,376.0,1,242.5,264.5,0.0,0.0,0.0,0.0,155
2023-05-10 13:30:38,c2311-P-2760,玉米2311沽2760,242.5,0.0,0.0,0.0,10,169.0,375.5,10,242.5,264.5,0.0,0.0,0.0,0.0,155
2023-05-10 13:30:40,c2311-P-2760,玉米2311沽2760,242.5,0.0,0.0,0.0,1,170.5,375.5,10,242.5,264.5,0.0,0.0,0.0,0.0,155
2023-05-10 13:30:40,c2311-P-2760,玉米2311沽2760,242.5,0.0,0.0,0.0,10,171.0,375.5,10,242.5,264.5,0.0,0.0,0.0,0.0,155
2023-05-10 13:30:42,c2311-P-2760,玉米2311沽2760,242.5,0.0,0.0,0.0,1,172.5,374.0,1,242.5,264.5,0.0,0.0,0.0,0.0,155
2023-05-10 13:30:42,c2311-P-2760,玉米2311沽2760,242.5,0.0,0.0,0.0,10,173.0,373.5,10,242.5,264.5,0.0,0.0,0.0,0.0,155
2023-05-10 13:30:45,c2311-P-2760,玉米2311沽2760,242.5,0.0,0.0,0.0,1,174.5,373.5,10,242.5,264.5,0.0,0.0,0.0,0.0,155
2023-05-10 13:30:45,c2311-P-2760,玉米2311沽2760,242.5,0.0,0.0,0.0,10,175.0,373.5,10,242.5,264.5,0.0,0.0,0.0,0.0,155
2023-05-10 13:30:46,c2311-P-2760,玉米2311沽2760,242.5,0.0,0.0,0.0,1,176.5,372.0,1,242.5,264.5,0.0,0.0,0.0,0.0,155
2023-05-10 13:30:46,c2311-P-2760,玉米2311沽2760,242.5,0.0,0.0,0.0,10,177.0,371.5,10,242.5,264.5,0.0,0.0,0.0,0.0,155
2023-05-10 13:30:47,c2311-P-2760,玉米2311沽2760,242.5,0.0,0.0,0.0,10,179.0,369.5,10,242.5,264.5,0.0,0.0,0.0,0.0,155
2023-05-10 13:30:48,c2311-P-2760,玉米2311沽2760,242.5,0.0,0.0,0.0,1,180.5,368.0,1,242.5,264.5,0.0,0.0,0.0,0.0,155
2023-05-10 13:30:48,c2311-P-2760,玉米2311沽2760,242.5,0.0,0.0,0.0,10,181.0,367.5,10,242.5,264.5,0.0,0.0,0.0,0.0,155
2023-05-10 13:30:49,c2311-P-2760,玉米2311沽2760,242.5,0.0,0.0,0.0,1,182.5,366.0,1,242.5,264.5,0.0,0.0,0.0,0.0,155
2023-05-10 13:30:49,c2311-P-2760,玉米2311沽2760,242.5,0.0,0.0,0.0,10,183.0,365.5,10,242.5,264.5,0.0,0.0,0.0,0.0,155
2023-05-10 13:30:50,c2311-P-2760,玉米2311沽2760,242.5,0.0,0.0,0.0,1,184.5,364.0,1,242.5,264.5,0.0,0.0,0.0,0.0,155
2023-05-10 13:30:50,c2311-P-2760,玉米2311沽2760,242.5,0.0,0.0,0.0,10,185.0,363.5,10,242.5,264.5,0.0,0.0,0.0,0.0,155
2023-05-10 13:30:52,c2311-P-2760,玉米2311沽2760,242.5,0.0,0.0,0.0,1,186.5,362.0,1,242.5,264.5,0.0,0.0,0.0,0.0,155
2023-05-10 13:30:52,c2311-P-2760,玉米2311沽2760,242.5,0.0,0.0,0.0,10,187.0,361.5,10,242.5,264.5,0.0,0.0,0.0,0.0,155
2023-05-10 13:30:53,c2311-P-2760,玉米2311沽2760,242.5,0.0,0.0,0.0,1,188.5,360.0,1,242.5,264.5,0.0,0.0,0.0,0.0,155
2023-05-10 13:30:53,c2311-P-2760,玉米2311沽2760,242.5,0.0,0.0,0.0,10,189.0,359.5,10,242.5,264.5,0.0,0.0,0.0,0.0,155
2023-05-10 13:30:54,c2311-P-2760,玉米2311沽2760,242.5,0.0,0.0,0.0,10,191.0,357.5,10,242.5,264.5,0.0,0.0,0.0,0.0,155
2023-05-10 13:30:55,c2311-P-2760,玉米2311沽2760,242.5,0.0,0.0,0.0,1,192.5,356.0,1,242.5,264.5,0.0,0.0,0.0,0.0,155
2023-05-10 13:30:56,c2311-P-2760,玉米2311沽2760,242.5,0.0,0.0,0.0,10,193.0,355.5,10,242.5,264.5,0.0,0.0,0.0,0.0,155
2023-05-10 13:30:56,c2311-P-2760,玉米2311沽2760,242.5,0.0,0.0,0.0,1,194.5,354.0,1,242.5,264.5,0.0,0.0,0.0,0.0,155
2023-05-10 13:30:57,c2311-P-2760,玉米2311沽2760,242.5,0.0,0.0,0.0,10,195.0,353.5,10,242.5,264.5,0.0,0.0,0.0,0.0,155
2023-05-10 13:30:57,c2311-P-2760,玉米2311沽2760,242.5,0.0,0.0,0.0,1,196.5,352.0,1,242.5,264.5,0.0,0.0,0.0,0.0,155
2023-05-10 13:30:57,c2311-P-2760,玉米2311沽2760,242.5,0.0,0.0,0.0,10,197.0,351.5,10,242.5,264.5,0.0,0.0,0.0,0.0,155
2023-05-10 13:30:58,c2311-P-2760,玉米2311沽2760,242.5,0.0,0.0,0.0,1,198.5,350.0,1,242.5,264.5,0.0,0.0,0.0,0.0,155
2023-05-10 13:30:58,c2311-P-2760,玉米2311沽2760,242.5,0.0,0.0,0.0,10,199.0,349.5,10,242.5,264.5,0.0,0.0,0.0,0.0,155
2023-05-10 13:44:33,c2311-P-2760,玉米2311沽2760,242.5,0.0,0.0,0.0,1,200.5,348.0,1,242.5,264.5,0.0,0.0,0.0,0.0,155
2023-05-10 13:44:33,c2311-P-2760,玉米2311沽2760,242.5,0.0,0.0,0.0,10,201.0,347.5,10,242.5,264.5,0.0,0.0,0.0,0.0,155
2023-05-10 13:44:33,c2311-P-2760,玉米2311沽2760,242.5,0.0,0.0,0.0,1,202.5,346.0,1,242.5,264.5,0.0,0.0,0.0,0.0,155
2023-05-10 13:44:34,c2311-P-2760,玉米2311沽2760,242.5,0.0,0.0,0.0,10,203.0,345.5,10,242.5,264.5,0.0,0.0,0.0,0.0,155
2023-05-10 13:44:35,c2311-P-2760,玉米2311沽2760,242.5,0.0,0.0,0.0,1,204.5,344.0,1,242.5,264.5,0.0,0.0,0.0,0.0,155
2023-05-10 13:44:35,c2311-P-2760,玉米2311沽2760,242.5,0.0,0.0,0.0,10,205.0,343.5,10,242.5,264.5,0.0,0.0,0.0,0.0,155
2023-05-10 13:44:36,c2311-P-2760,玉米2311沽2760,242.5,0.0,0.0,0.0,1,206.5,342.0,1,242.5,264.5,0.0,0.0,0.0,0.0,155
2023-05-10 13:44:36,c2311-P-2760,玉米2311沽2760,242.5,0.0,0.0,0.0,10,207.0,341.5,10,242.5,264.5,0.0,0.0,0.0,0.0,155
2023-05-10 13:44:37,c2311-P-2760,玉米2311沽2760,242.5,0.0,0.0,0.0,1,208.5,340.0,1,242.5,264.5,0.0,0.0,0.0,0.0,155
2023-05-10 13:44:37,c2311-P-2760,玉米2311沽2760,242.5,0.0,0.0,0.0,10,209.0,339.5,10,242.5,264.5,0.0,0.0,0.0,0.0,155
2023-05-10 14:04:33,c2311-P-2760,玉米2311沽2760,242.5,0.0,0.0,0.0,1,210.5,338.0,1,242.5,264.5,0.0,0.0,0.0,0.0,155
2023-05-10 14:04:33,c2311-P-2760,玉米2311沽2760,242.5,0.0,0.0,0.0,10,211.0,337.5,10,242.5,264.5,0.0,0.0,0.0,0.0,155
2023-05-10 14:04:34,c2311-P-2760,玉米2311沽2760,242.5,0.0,0.0,0.0,1,212.5,336.0,1,242.5,264.5,0.0,0.0,0.0,0.0,155
2023-05-10 14:04:34,c2311-P-2760,玉米2311沽2760,242.5,0.0,0.0,0.0,10,213.0,335.5,10,242.5,264.5,0.0,0.0,0.0,0.0,155
2023-05-10 14:04:35,c2311-P-2760,玉米2311沽2760,242.5,0.0,0.0,0.0,1,214.5,334.0,1,242.5,264.5,0.0,0.0,0.0,0.0,155
2023-05-10 14:04:35,c2311-P-2760,玉米2311沽2760,242.5,0.0,0.0,0.0,10,215.0,333.5,10,242.5,264.5,0.0,0.0,0.0,0.0,155
2023-05-10 14:04:36,c2311-P-2760,玉米2311沽2760,242.5,0.0,0.0,0.0,1,216.5,332.0,1,242.5,264.5,0.0,0.0,0.0,0.0,155
2023-05-10 14:04:36,c2311-P-2760,玉米2311沽2760,242.5,0.0,0.0,0.0,10,217.0,331.5,10,242.5,264.5,0.0,0.0,0.0,0.0,155
2023-05-10 14:04:37,c2311-P-2760,玉米2311沽2760,242.5,0.0,0.0,0.0,1,218.5,330.0,1,242.5,264.5,0.0,0.0,0.0,0.0,155
2023-05-10 14:04:37,c2311-P-2760,玉米2311沽2760,242.5,0.0,0.0,0.0,10,219.0,329.5,10,242.5,264.5,0.0,0.0,0.0,0.0,155
2023-05-10 14:04:41,c2311-P-2760,玉米2311沽2760,242.5,0.0,0.0,0.0,10,264.5,329.5,10,242.5,264.5,0.0,0.0,0.0,0.0,155
2023-05-10 14:04:41,c2311-P-2760,玉米2311沽2760,264.5,16.0,42320.0,-16.0,10,264.0,329.5,10,242.5,264.5,264.5,264.5,16.0,42320.0,139
2023-05-10 14:04:42,c2311-P-2760,玉米2311沽2760,264.5,0.0,0.0,0.0,1,151.0,329.0,1,242.5,264.5,264.5,264.5,16.0,42320.0,139
2023-05-10 14:04:42,c2311-P-2760,玉米2311沽2760,264.5,0.0,0.0,0.0,10,151.5,328.5,10,242.5,264.5,264.5,264.5,16.0,42320.0,139
2023-05-10 14:04:43,c2311-P-2760,玉米2311沽2760,264.5,0.0,0.0,0.0,1,152.0,328.0,1,242.5,264.5,264.5,264.5,16.0,42320.0,139
2023-05-10 14:04:43,c2311-P-2760,玉米2311沽2760,264.5,0.0,0.0,0.0,1,214.0,306.5,1,242.5,264.5,264.5,264.5,16.0,42320.0,139
2023-05-10 14:04:44,c2311-P-2760,玉米2311沽2760,264.5,0.0,0.0,0.0,10,215.0,305.5,10,242.5,264.5,264.5,264.5,16.0,42320.0,139
2023-05-10 14:04:44,c2311-P-2760,玉米2311沽2760,264.5,0.0,0.0,0.0,1,236.5,284.0,1,242.5,264.5,264.5,264.5,16.0,42320.0,139
2023-05-10 14:04:45,c2311-P-2760,玉米2311沽2760,264.5,0.0,0.0,0.0,1,255.0,283.5,11,242.5,264.5,264.5,264.5,16.0,42320.0,139
2023-05-10 14:04:45,c2311-P-2760,玉米2311沽2760,264.5,0.0,0.0,0.0,1,255.0,273.0,1,242.5,264.5,264.5,264.5,16.0,42320.0,139
2023-05-10 14:04:47,c2311-P-2760,玉米2311沽2760,264.5,0.0,0.0,0.0,10,255.5,272.5,10,242.5,264.5,264.5,264.5,16.0,42320.0,139
2023-05-10 14:57:46,c2311-P-2760,玉米2311沽2760,264.5,0.0,0.0,0.0,1,255.0,273.0,1,242.5,264.5,264.5,264.5,16.0,42320.0,139
2023-05-10 14:59:18,c2311-P-2760,玉米2311沽2760,264.5,0.0,0.0,0.0,1,249.5,273.0,1,242.5,264.5,264.5,264.5,16.0,42320.0,139
2023-05-10 15:01:15,c2311-P-2760,玉米2311沽2760,264.5,0.0,0.0,0.0,1,249.5,273.0,1,242.5,264.5,264.5,264.5,16.0,42320.0,139
