time,symbol_id,symbol_name,last,trade_volume,trade_amount,open_interest_change,bv1,bp1,ap1,av1,yesterday_close,today_open,today_high,today_low,volume,amount,open_interest
2023-05-09 20:55:26,c2311-C-2640,c2311-C-2640,35.0,0.0,0.0,0.0,1,0.5,0.0,0,35.0,31.5,0.0,0.0,0.0,0.0,278
2023-05-09 21:00:00,c2311-C-2640,c2311-C-2640,35.0,0.0,0.0,0.0,10,3.5,0.0,0,35.0,31.5,0.0,0.0,0.0,0.0,278
2023-05-09 21:00:03,c2311-C-2640,c2311-C-2640,35.0,0.0,0.0,0.0,25,16.5,0.0,0,35.0,31.5,0.0,0.0,0.0,0.0,278
2023-05-09 21:00:03,c2311-C-2640,c2311-C-2640,35.0,0.0,0.0,0.0,10,19.5,0.0,0,35.0,31.5,0.0,0.0,0.0,0.0,278
2023-05-09 21:00:04,c2311-C-2640,c2311-C-2640,35.0,0.0,0.0,0.0,10,23.0,0.0,0,35.0,31.5,0.0,0.0,0.0,0.0,278
2023-05-09 21:00:05,c2311-C-2640,c2311-C-2640,35.0,0.0,0.0,0.0,25,28.5,80.5,10,35.0,31.5,0.0,0.0,0.0,0.0,278
2023-05-09 21:00:05,c2311-C-2640,c2311-C-2640,35.0,0.0,0.0,0.0,10,29.0,77.0,10,35.0,31.5,0.0,0.0,0.0,0.0,278
2023-05-09 21:00:06,c2311-C-2640,c2311-C-2640,35.0,0.0,0.0,0.0,10,29.0,74.0,10,35.0,31.5,0.0,0.0,0.0,0.0,278
2023-05-09 21:00:06,c2311-C-2640,c2311-C-2640,35.0,0.0,0.0,0.0,10,29.0,70.5,10,35.0,31.5,0.0,0.0,0.0,0.0,278
2023-05-09 21:00:07,c2311-C-2640,c2311-C-2640,35.0,0.0,0.0,0.0,10,29.0,70.0,10,35.0,31.5,0.0,0.0,0.0,0.0,278
2023-05-09 21:00:07,c2311-C-2640,c2311-C-2640,35.0,0.0,0.0,0.0,10,29.0,67.0,10,35.0,31.5,0.0,0.0,0.0,0.0,278
2023-05-09 21:00:08,c2311-C-2640,c2311-C-2640,35.0,0.0,0.0,0.0,10,29.0,63.5,10,35.0,31.5,0.0,0.0,0.0,0.0,278
2023-05-09 21:00:08,c2311-C-2640,c2311-C-2640,35.0,0.0,0.0,0.0,10,29.0,63.0,10,35.0,31.5,0.0,0.0,0.0,0.0,278
2023-05-09 21:00:09,c2311-C-2640,c2311-C-2640,35.0,0.0,0.0,0.0,10,29.0,60.0,10,35.0,31.5,0.0,0.0,0.0,0.0,278
2023-05-09 21:00:09,c2311-C-2640,c2311-C-2640,35.0,0.0,0.0,0.0,10,29.0,47.0,1,35.0,31.5,0.0,0.0,0.0,0.0,278
2023-05-09 21:00:10,c2311-C-2640,c2311-C-2640,35.0,0.0,0.0,0.0,10,29.0,43.5,10,35.0,31.5,0.0,0.0,0.0,0.0,278
2023-05-09 21:00:10,c2311-C-2640,c2311-C-2640,35.0,0.0,0.0,0.0,10,29.0,43.0,10,35.0,31.5,0.0,0.0,0.0,0.0,278
2023-05-09 21:00:11,c2311-C-2640,c2311-C-2640,35.0,0.0,0.0,0.0,10,29.0,39.5,1,35.0,31.5,0.0,0.0,0.0,0.0,278
2023-05-09 21:00:11,c2311-C-2640,c2311-C-2640,35.0,0.0,0.0,0.0,10,29.0,39.0,10,35.0,31.5,0.0,0.0,0.0,0.0,278
2023-05-09 21:00:27,c2311-C-2640,c2311-C-2640,35.0,0.0,0.0,0.0,10,28.5,39.0,10,35.0,31.5,0.0,0.0,0.0,0.0,278
2023-05-09 21:00:35,c2311-C-2640,c2311-C-2640,35.0,0.0,0.0,0.0,1,28.0,39.0,10,35.0,31.5,0.0,0.0,0.0,0.0,278
2023-05-09 21:00:35,c2311-C-2640,c2311-C-2640,35.0,0.0,0.0,0.0,11,28.0,39.0,10,35.0,31.5,0.0,0.0,0.0,0.0,278
2023-05-09 21:00:58,c2311-C-2640,c2311-C-2640,35.0,0.0,0.0,0.0,1,28.0,39.0,10,35.0,31.5,0.0,0.0,0.0,0.0,278
2023-05-09 21:01:05,c2311-C-2640,c2311-C-2640,35.0,0.0,0.0,0.0,10,16.5,39.0,10,35.0,31.5,0.0,0.0,0.0,0.0,278
2023-05-09 21:01:06,c2311-C-2640,c2311-C-2640,35.0,0.0,0.0,0.0,10,27.0,39.0,10,35.0,31.5,0.0,0.0,0.0,0.0,278
2023-05-09 21:01:08,c2311-C-2640,c2311-C-2640,35.0,0.0,0.0,0.0,10,30.0,32.0,10,35.0,31.5,0.0,0.0,0.0,0.0,278
2023-05-09 21:01:08,c2311-C-2640,c2311-C-2640,35.0,0.0,0.0,0.0,10,30.5,32.0,10,35.0,31.5,0.0,0.0,0.0,0.0,278
2023-05-09 21:01:10,c2311-C-2640,c2311-C-2640,35.0,0.0,0.0,0.0,10,30.0,32.0,10,35.0,31.5,0.0,0.0,0.0,0.0,278
2023-05-09 21:01:14,c2311-C-2640,c2311-C-2640,35.0,0.0,0.0,0.0,10,30.5,32.0,10,35.0,31.5,0.0,0.0,0.0,0.0,278
2023-05-09 21:01:23,c2311-C-2640,c2311-C-2640,35.0,0.0,0.0,0.0,10,30.5,32.5,10,35.0,31.5,0.0,0.0,0.0,0.0,278
2023-05-09 21:01:32,c2311-C-2640,c2311-C-2640,35.0,0.0,0.0,0.0,10,30.5,32.0,10,35.0,31.5,0.0,0.0,0.0,0.0,278
2023-05-09 21:01:33,c2311-C-2640,c2311-C-2640,35.0,0.0,0.0,0.0,10,30.5,32.5,10,35.0,31.5,0.0,0.0,0.0,0.0,278
2023-05-09 21:01:34,c2311-C-2640,c2311-C-2640,35.0,0.0,0.0,0.0,10,30.5,32.0,10,35.0,31.5,0.0,0.0,0.0,0.0,278
2023-05-09 21:01:40,c2311-C-2640,c2311-C-2640,35.0,0.0,0.0,0.0,20,30.0,31.5,10,35.0,31.5,0.0,0.0,0.0,0.0,278
2023-05-09 21:01:40,c2311-C-2640,c2311-C-2640,35.0,0.0,0.0,0.0,10,30.0,31.5,10,35.0,31.5,0.0,0.0,0.0,0.0,278
2023-05-09 21:01:42,c2311-C-2640,c2311-C-2640,35.0,0.0,0.0,0.0,10,30.5,32.0,10,35.0,31.5,0.0,0.0,0.0,0.0,278
2023-05-09 21:01:45,c2311-C-2640,c2311-C-2640,35.0,0.0,0.0,0.0,10,30.0,31.5,10,35.0,31.5,0.0,0.0,0.0,0.0,278
2023-05-09 21:01:46,c2311-C-2640,c2311-C-2640,35.0,0.0,0.0,0.0,10,30.0,32.0,20,35.0,31.5,0.0,0.0,0.0,0.0,278
2023-05-09 21:01:47,c2311-C-2640,c2311-C-2640,35.0,0.0,0.0,0.0,10,30.0,32.0,10,35.0,31.5,0.0,0.0,0.0,0.0,278
2023-05-09 21:01:49,c2311-C-2640,c2311-C-2640,35.0,0.0,0.0,0.0,10,30.0,31.5,10,35.0,31.5,0.0,0.0,0.0,0.0,278
2023-05-09 21:01:50,c2311-C-2640,c2311-C-2640,35.0,0.0,0.0,0.0,20,30.0,31.5,10,35.0,31.5,0.0,0.0,0.0,0.0,278
2023-05-09 21:01:51,c2311-C-2640,c2311-C-2640,35.0,0.0,0.0,0.0,20,30.0,31.5,20,35.0,31.5,0.0,0.0,0.0,0.0,278
2023-05-09 21:02:03,c2311-C-2640,c2311-C-2640,35.0,0.0,0.0,0.0,10,30.0,31.5,20,35.0,31.5,0.0,0.0,0.0,0.0,278
2023-05-09 21:02:04,c2311-C-2640,c2311-C-2640,35.0,0.0,0.0,0.0,20,30.0,31.5,20,35.0,31.5,0.0,0.0,0.0,0.0,278
2023-05-09 21:02:05,c2311-C-2640,c2311-C-2640,35.0,0.0,0.0,0.0,20,30.0,31.5,10,35.0,31.5,0.0,0.0,0.0,0.0,278
2023-05-09 21:02:10,c2311-C-2640,c2311-C-2640,35.0,0.0,0.0,0.0,20,30.5,32.0,20,35.0,31.5,0.0,0.0,0.0,0.0,278
2023-05-09 21:02:10,c2311-C-2640,c2311-C-2640,35.0,0.0,0.0,0.0,10,30.5,31.5,10,35.0,31.5,0.0,0.0,0.0,0.0,278
2023-05-09 21:02:11,c2311-C-2640,c2311-C-2640,35.0,0.0,0.0,0.0,20,30.0,31.5,10,35.0,31.5,0.0,0.0,0.0,0.0,278
2023-05-09 21:02:12,c2311-C-2640,c2311-C-2640,35.0,0.0,0.0,0.0,20,30.0,31.5,20,35.0,31.5,0.0,0.0,0.0,0.0,278
2023-05-09 21:02:13,c2311-C-2640,c2311-C-2640,35.0,0.0,0.0,0.0,20,30.5,31.5,10,35.0,31.5,0.0,0.0,0.0,0.0,278
2023-05-09 21:02:15,c2311-C-2640,c2311-C-2640,31.5,10.0,3150.0,-10.0,33,30.5,31.5,10,35.0,31.5,31.5,31.5,10.0,3150.0,268
2023-05-09 21:02:15,c2311-C-2640,c2311-C-2640,31.5,0.0,0.0,0.0,33,30.5,32.0,10,35.0,31.5,31.5,31.5,10.0,3150.0,268
2023-05-09 21:02:16,c2311-C-2640,c2311-C-2640,31.5,0.0,0.0,0.0,20,31.0,32.0,10,35.0,31.5,31.5,31.5,10.0,3150.0,268
2023-05-09 21:02:16,c2311-C-2640,c2311-C-2640,31.5,0.0,0.0,0.0,30,31.0,32.0,20,35.0,31.5,31.5,31.5,10.0,3150.0,268
2023-05-09 21:02:16,c2311-C-2640,c2311-C-2640,31.5,0.0,0.0,0.0,30,31.0,32.0,10,35.0,31.5,31.5,31.5,10.0,3150.0,268
2023-05-09 21:02:20,c2311-C-2640,c2311-C-2640,31.5,0.0,0.0,0.0,30,31.0,32.0,20,35.0,31.5,31.5,31.5,10.0,3150.0,268
2023-05-09 21:02:22,c2311-C-2640,c2311-C-2640,31.5,0.0,0.0,0.0,20,31.0,32.0,20,35.0,31.5,31.5,31.5,10.0,3150.0,268
2023-05-09 21:02:24,c2311-C-2640,c2311-C-2640,31.5,0.0,0.0,0.0,10,31.0,32.0,20,35.0,31.5,31.5,31.5,10.0,3150.0,268
2023-05-09 21:02:25,c2311-C-2640,c2311-C-2640,31.5,0.0,0.0,0.0,20,31.0,32.0,20,35.0,31.5,31.5,31.5,10.0,3150.0,268
2023-05-09 21:02:26,c2311-C-2640,c2311-C-2640,31.5,0.0,0.0,0.0,10,31.0,32.0,40,35.0,31.5,31.5,31.5,10.0,3150.0,268
2023-05-09 21:02:28,c2311-C-2640,c2311-C-2640,31.5,0.0,0.0,0.0,33,30.5,32.0,40,35.0,31.5,31.5,31.5,10.0,3150.0,268
2023-05-09 21:02:30,c2311-C-2640,c2311-C-2640,31.5,0.0,0.0,0.0,43,30.5,32.0,40,35.0,31.5,31.5,31.5,10.0,3150.0,268
2023-05-09 21:02:37,c2311-C-2640,c2311-C-2640,31.5,0.0,0.0,0.0,40,30.5,32.0,40,35.0,31.5,31.5,31.5,10.0,3150.0,268
2023-05-09 21:02:41,c2311-C-2640,c2311-C-2640,31.5,0.0,0.0,0.0,50,30.5,32.0,40,35.0,31.5,31.5,31.5,10.0,3150.0,268
2023-05-09 21:02:46,c2311-C-2640,c2311-C-2640,31.5,0.0,0.0,0.0,10,31.0,32.0,40,35.0,31.5,31.5,31.5,10.0,3150.0,268
2023-05-09 21:02:47,c2311-C-2640,c2311-C-2640,31.5,0.0,0.0,0.0,20,31.0,32.0,40,35.0,31.5,31.5,31.5,10.0,3150.0,268
2023-05-09 21:02:49,c2311-C-2640,c2311-C-2640,31.5,0.0,0.0,0.0,50,30.5,32.0,40,35.0,31.5,31.5,31.5,10.0,3150.0,268
2023-05-09 21:02:57,c2311-C-2640,c2311-C-2640,31.5,0.0,0.0,0.0,40,30.5,32.0,40,35.0,31.5,31.5,31.5,10.0,3150.0,268
2023-05-09 21:02:59,c2311-C-2640,c2311-C-2640,31.5,0.0,0.0,0.0,50,30.5,32.0,40,35.0,31.5,31.5,31.5,10.0,3150.0,268
2023-05-09 21:03:00,c2311-C-2640,c2311-C-2640,31.5,0.0,0.0,0.0,40,30.5,32.0,40,35.0,31.5,31.5,31.5,10.0,3150.0,268
2023-05-09 21:03:00,c2311-C-2640,c2311-C-2640,31.5,0.0,0.0,0.0,30,30.5,32.0,40,35.0,31.5,31.5,31.5,10.0,3150.0,268
2023-05-09 21:03:02,c2311-C-2640,c2311-C-2640,31.5,0.0,0.0,0.0,40,30.5,32.0,40,35.0,31.5,31.5,31.5,10.0,3150.0,268
2023-05-09 21:03:03,c2311-C-2640,c2311-C-2640,31.5,0.0,0.0,0.0,50,30.5,32.0,40,35.0,31.5,31.5,31.5,10.0,3150.0,268
2023-05-09 21:03:06,c2311-C-2640,c2311-C-2640,31.5,0.0,0.0,0.0,60,30.5,32.0,30,35.0,31.5,31.5,31.5,10.0,3150.0,268
2023-05-09 21:03:06,c2311-C-2640,c2311-C-2640,31.5,0.0,0.0,0.0,50,30.5,32.0,20,35.0,31.5,31.5,31.5,10.0,3150.0,268
2023-05-09 21:03:06,c2311-C-2640,c2311-C-2640,31.5,0.0,0.0,0.0,50,30.5,32.0,30,35.0,31.5,31.5,31.5,10.0,3150.0,268
2023-05-09 21:03:08,c2311-C-2640,c2311-C-2640,31.5,0.0,0.0,0.0,60,30.5,32.0,30,35.0,31.5,31.5,31.5,10.0,3150.0,268
2023-05-09 21:03:09,c2311-C-2640,c2311-C-2640,31.5,0.0,0.0,0.0,50,30.5,32.0,30,35.0,31.5,31.5,31.5,10.0,3150.0,268
2023-05-09 21:03:11,c2311-C-2640,c2311-C-2640,31.5,0.0,0.0,0.0,50,30.5,32.0,40,35.0,31.5,31.5,31.5,10.0,3150.0,268
2023-05-09 21:03:14,c2311-C-2640,c2311-C-2640,31.5,0.0,0.0,0.0,60,30.5,32.0,40,35.0,31.5,31.5,31.5,10.0,3150.0,268
2023-05-09 21:03:27,c2311-C-2640,c2311-C-2640,31.5,0.0,0.0,0.0,50,30.5,32.0,40,35.0,31.5,31.5,31.5,10.0,3150.0,268
2023-05-09 21:03:29,c2311-C-2640,c2311-C-2640,31.5,0.0,0.0,0.0,40,30.5,32.0,40,35.0,31.5,31.5,31.5,10.0,3150.0,268
2023-05-09 21:03:30,c2311-C-2640,c2311-C-2640,31.5,0.0,0.0,0.0,50,30.5,32.0,40,35.0,31.5,31.5,31.5,10.0,3150.0,268
2023-05-09 21:03:33,c2311-C-2640,c2311-C-2640,31.5,0.0,0.0,0.0,20,30.5,31.5,10,35.0,31.5,31.5,31.5,10.0,3150.0,268
2023-05-09 21:03:34,c2311-C-2640,c2311-C-2640,31.5,0.0,0.0,0.0,40,30.5,31.5,20,35.0,31.5,31.5,31.5,10.0,3150.0,268
2023-05-09 21:03:34,c2311-C-2640,c2311-C-2640,31.5,0.0,0.0,0.0,40,30.5,31.5,10,35.0,31.5,31.5,31.5,10.0,3150.0,268
2023-05-09 21:03:35,c2311-C-2640,c2311-C-2640,31.5,0.0,0.0,0.0,30,30.5,31.5,10,35.0,31.5,31.5,31.5,10.0,3150.0,268
2023-05-09 21:03:35,c2311-C-2640,c2311-C-2640,31.5,0.0,0.0,0.0,10,30.5,31.5,30,35.0,31.5,31.5,31.5,10.0,3150.0,268
2023-05-09 21:03:35,c2311-C-2640,c2311-C-2640,31.5,0.0,0.0,0.0,20,30.5,31.5,10,35.0,31.5,31.5,31.5,10.0,3150.0,268
2023-05-09 21:03:37,c2311-C-2640,c2311-C-2640,31.5,0.0,0.0,0.0,20,30.5,31.5,30,35.0,31.5,31.5,31.5,10.0,3150.0,268
2023-05-09 21:03:38,c2311-C-2640,c2311-C-2640,31.5,0.0,0.0,0.0,73,30.0,31.5,30,35.0,31.5,31.5,31.5,10.0,3150.0,268
2023-05-09 21:03:38,c2311-C-2640,c2311-C-2640,31.5,0.0,0.0,0.0,63,30.0,31.5,40,35.0,31.5,31.5,31.5,10.0,3150.0,268
2023-05-09 21:03:39,c2311-C-2640,c2311-C-2640,31.5,0.0,0.0,0.0,73,30.0,31.5,30,35.0,31.5,31.5,31.5,10.0,3150.0,268
2023-05-09 21:03:40,c2311-C-2640,c2311-C-2640,31.5,0.0,0.0,0.0,63,30.0,31.5,40,35.0,31.5,31.5,31.5,10.0,3150.0,268
2023-05-09 21:03:42,c2311-C-2640,c2311-C-2640,31.5,0.0,0.0,0.0,10,30.5,31.5,30,35.0,31.5,31.5,31.5,10.0,3150.0,268
2023-05-09 21:03:46,c2311-C-2640,c2311-C-2640,31.5,0.0,0.0,0.0,20,30.5,31.5,30,35.0,31.5,31.5,31.5,10.0,3150.0,268
2023-05-09 21:03:50,c2311-C-2640,c2311-C-2640,31.5,0.0,0.0,0.0,40,30.5,31.5,20,35.0,31.5,31.5,31.5,10.0,3150.0,268
2023-05-09 21:03:50,c2311-C-2640,c2311-C-2640,31.5,0.0,0.0,0.0,30,30.5,31.5,20,35.0,31.5,31.5,31.5,10.0,3150.0,268
2023-05-09 21:03:51,c2311-C-2640,c2311-C-2640,31.5,0.0,0.0,0.0,30,30.5,31.5,10,35.0,31.5,31.5,31.5,10.0,3150.0,268
2023-05-09 21:03:54,c2311-C-2640,c2311-C-2640,31.5,0.0,0.0,0.0,20,30.5,31.5,10,35.0,31.5,31.5,31.5,10.0,3150.0,268
2023-05-09 21:03:56,c2311-C-2640,c2311-C-2640,31.5,0.0,0.0,0.0,73,30.0,31.5,20,35.0,31.5,31.5,31.5,10.0,3150.0,268
2023-05-09 21:03:59,c2311-C-2640,c2311-C-2640,31.5,0.0,0.0,0.0,73,30.0,31.5,40,35.0,31.5,31.5,31.5,10.0,3150.0,268
2023-05-09 21:03:59,c2311-C-2640,c2311-C-2640,31.5,0.0,0.0,0.0,73,30.0,31.5,30,35.0,31.5,31.5,31.5,10.0,3150.0,268
2023-05-09 21:04:00,c2311-C-2640,c2311-C-2640,31.5,0.0,0.0,0.0,73,30.0,31.5,40,35.0,31.5,31.5,31.5,10.0,3150.0,268
2023-05-09 21:04:01,c2311-C-2640,c2311-C-2640,31.5,0.0,0.0,0.0,73,30.0,31.5,30,35.0,31.5,31.5,31.5,10.0,3150.0,268
2023-05-09 21:04:06,c2311-C-2640,c2311-C-2640,31.5,0.0,0.0,0.0,73,30.0,31.5,40,35.0,31.5,31.5,31.5,10.0,3150.0,268
2023-05-09 21:04:06,c2311-C-2640,c2311-C-2640,31.5,0.0,0.0,0.0,73,30.0,31.5,30,35.0,31.5,31.5,31.5,10.0,3150.0,268
2023-05-09 21:04:07,c2311-C-2640,c2311-C-2640,31.5,0.0,0.0,0.0,20,30.5,31.5,20,35.0,31.5,31.5,31.5,10.0,3150.0,268
2023-05-09 21:04:07,c2311-C-2640,c2311-C-2640,31.5,0.0,0.0,0.0,30,30.5,31.5,20,35.0,31.5,31.5,31.5,10.0,3150.0,268
2023-05-09 21:04:08,c2311-C-2640,c2311-C-2640,31.5,0.0,0.0,0.0,20,30.5,31.5,30,35.0,31.5,31.5,31.5,10.0,3150.0,268
2023-05-09 21:04:08,c2311-C-2640,c2311-C-2640,31.5,0.0,0.0,0.0,30,30.5,31.5,30,35.0,31.5,31.5,31.5,10.0,3150.0,268
2023-05-09 21:04:10,c2311-C-2640,c2311-C-2640,31.5,0.0,0.0,0.0,40,30.5,31.5,30,35.0,31.5,31.5,31.5,10.0,3150.0,268
2023-05-09 21:04:25,c2311-C-2640,c2311-C-2640,31.5,0.0,0.0,0.0,30,30.5,31.5,30,35.0,31.5,31.5,31.5,10.0,3150.0,268
2023-05-09 21:04:28,c2311-C-2640,c2311-C-2640,31.5,0.0,0.0,0.0,20,30.5,31.5,40,35.0,31.5,31.5,31.5,10.0,3150.0,268
2023-05-09 21:04:28,c2311-C-2640,c2311-C-2640,31.5,0.0,0.0,0.0,20,30.5,31.5,30,35.0,31.5,31.5,31.5,10.0,3150.0,268
2023-05-09 21:04:29,c2311-C-2640,c2311-C-2640,31.5,0.0,0.0,0.0,73,30.0,31.5,50,35.0,31.5,31.5,31.5,10.0,3150.0,268
2023-05-09 21:04:30,c2311-C-2640,c2311-C-2640,31.5,0.0,0.0,0.0,10,30.5,31.5,50,35.0,31.5,31.5,31.5,10.0,3150.0,268
2023-05-09 21:04:31,c2311-C-2640,c2311-C-2640,31.5,0.0,0.0,0.0,10,30.5,31.5,40,35.0,31.5,31.5,31.5,10.0,3150.0,268
2023-05-09 21:04:38,c2311-C-2640,c2311-C-2640,31.5,0.0,0.0,0.0,20,30.5,31.5,40,35.0,31.5,31.5,31.5,10.0,3150.0,268
2023-05-09 21:04:39,c2311-C-2640,c2311-C-2640,31.5,0.0,0.0,0.0,10,30.5,31.5,40,35.0,31.5,31.5,31.5,10.0,3150.0,268
2023-05-09 21:04:40,c2311-C-2640,c2311-C-2640,31.5,0.0,0.0,0.0,10,30.5,31.5,50,35.0,31.5,31.5,31.5,10.0,3150.0,268
2023-05-09 21:04:47,c2311-C-2640,c2311-C-2640,31.5,0.0,0.0,0.0,50,30.0,31.5,50,35.0,31.5,31.5,31.5,10.0,3150.0,268
2023-05-09 21:04:50,c2311-C-2640,c2311-C-2640,31.5,0.0,0.0,0.0,10,30.5,31.5,50,35.0,31.5,31.5,31.5,10.0,3150.0,268
2023-05-09 21:04:55,c2311-C-2640,c2311-C-2640,31.5,0.0,0.0,0.0,10,30.5,31.5,40,35.0,31.5,31.5,31.5,10.0,3150.0,268
2023-05-09 21:04:59,c2311-C-2640,c2311-C-2640,31.5,0.0,0.0,0.0,20,30.5,31.5,40,35.0,31.5,31.5,31.5,10.0,3150.0,268
2023-05-09 21:04:59,c2311-C-2640,c2311-C-2640,31.5,0.0,0.0,0.0,30,30.5,31.5,30,35.0,31.5,31.5,31.5,10.0,3150.0,268
2023-05-09 21:05:00,c2311-C-2640,c2311-C-2640,31.5,0.0,0.0,0.0,20,30.5,31.5,30,35.0,31.5,31.5,31.5,10.0,3150.0,268
2023-05-09 21:05:01,c2311-C-2640,c2311-C-2640,31.5,0.0,0.0,0.0,10,30.5,31.5,40,35.0,31.5,31.5,31.5,10.0,3150.0,268
2023-05-09 21:05:01,c2311-C-2640,c2311-C-2640,31.5,0.0,0.0,0.0,10,30.5,31.5,50,35.0,31.5,31.5,31.5,10.0,3150.0,268
2023-05-09 21:05:03,c2311-C-2640,c2311-C-2640,31.5,0.0,0.0,0.0,10,30.5,31.5,40,35.0,31.5,31.5,31.5,10.0,3150.0,268
2023-05-09 21:05:03,c2311-C-2640,c2311-C-2640,31.5,0.0,0.0,0.0,10,30.5,31.5,50,35.0,31.5,31.5,31.5,10.0,3150.0,268
2023-05-09 21:05:06,c2311-C-2640,c2311-C-2640,31.5,0.0,0.0,0.0,40,30.0,31.5,50,35.0,31.5,31.5,31.5,10.0,3150.0,268
2023-05-09 21:05:08,c2311-C-2640,c2311-C-2640,31.5,0.0,0.0,0.0,30,30.0,31.0,40,35.0,31.5,31.5,31.5,10.0,3150.0,268
2023-05-09 21:05:09,c2311-C-2640,c2311-C-2640,31.5,0.0,0.0,0.0,60,29.5,31.0,50,35.0,31.5,31.5,31.5,10.0,3150.0,268
2023-05-09 21:05:11,c2311-C-2640,c2311-C-2640,31.5,0.0,0.0,0.0,50,29.5,31.0,50,35.0,31.5,31.5,31.5,10.0,3150.0,268
2023-05-09 21:05:11,c2311-C-2640,c2311-C-2640,31.5,0.0,0.0,0.0,10,30.0,31.0,50,35.0,31.5,31.5,31.5,10.0,3150.0,268
2023-05-09 21:05:12,c2311-C-2640,c2311-C-2640,31.5,0.0,0.0,0.0,10,30.0,31.0,40,35.0,31.5,31.5,31.5,10.0,3150.0,268
2023-05-09 21:05:14,c2311-C-2640,c2311-C-2640,31.5,0.0,0.0,0.0,10,30.5,31.0,20,35.0,31.5,31.5,31.5,10.0,3150.0,268
2023-05-09 21:05:15,c2311-C-2640,c2311-C-2640,31.5,0.0,0.0,0.0,10,30.5,31.0,10,35.0,31.5,31.5,31.5,10.0,3150.0,268
2023-05-09 21:05:16,c2311-C-2640,c2311-C-2640,31.5,0.0,0.0,0.0,20,30.5,31.0,10,35.0,31.5,31.5,31.5,10.0,3150.0,268
2023-05-09 21:05:17,c2311-C-2640,c2311-C-2640,31.5,0.0,0.0,0.0,10,30.5,31.0,10,35.0,31.5,31.5,31.5,10.0,3150.0,268
2023-05-09 21:05:18,c2311-C-2640,c2311-C-2640,31.5,0.0,0.0,0.0,10,30.5,31.5,50,35.0,31.5,31.5,31.5,10.0,3150.0,268
2023-05-09 21:05:18,c2311-C-2640,c2311-C-2640,31.5,0.0,0.0,0.0,10,30.5,31.5,40,35.0,31.5,31.5,31.5,10.0,3150.0,268
2023-05-09 21:05:24,c2311-C-2640,c2311-C-2640,31.5,0.0,0.0,0.0,10,30.5,31.5,60,35.0,31.5,31.5,31.5,10.0,3150.0,268
2023-05-09 21:05:26,c2311-C-2640,c2311-C-2640,31.5,0.0,0.0,0.0,20,30.5,31.5,50,35.0,31.5,31.5,31.5,10.0,3150.0,268
2023-05-09 21:05:27,c2311-C-2640,c2311-C-2640,31.5,0.0,0.0,0.0,30,30.5,31.5,50,35.0,31.5,31.5,31.5,10.0,3150.0,268
2023-05-09 21:05:30,c2311-C-2640,c2311-C-2640,31.5,0.0,0.0,0.0,20,30.5,31.5,50,35.0,31.5,31.5,31.5,10.0,3150.0,268
2023-05-09 21:05:31,c2311-C-2640,c2311-C-2640,31.5,0.0,0.0,0.0,20,30.5,31.5,60,35.0,31.5,31.5,31.5,10.0,3150.0,268
2023-05-09 21:05:33,c2311-C-2640,c2311-C-2640,31.5,0.0,0.0,0.0,30,30.5,31.5,50,35.0,31.5,31.5,31.5,10.0,3150.0,268
2023-05-09 21:05:33,c2311-C-2640,c2311-C-2640,31.5,0.0,0.0,0.0,50,30.5,31.5,40,35.0,31.5,31.5,31.5,10.0,3150.0,268
2023-05-09 21:05:34,c2311-C-2640,c2311-C-2640,31.5,0.0,0.0,0.0,40,30.5,31.5,40,35.0,31.5,31.5,31.5,10.0,3150.0,268
2023-05-09 21:05:35,c2311-C-2640,c2311-C-2640,31.5,0.0,0.0,0.0,30,30.5,31.5,50,35.0,31.5,31.5,31.5,10.0,3150.0,268
2023-05-09 21:05:36,c2311-C-2640,c2311-C-2640,31.5,0.0,0.0,0.0,50,30.5,31.5,40,35.0,31.5,31.5,31.5,10.0,3150.0,268
2023-05-09 21:05:37,c2311-C-2640,c2311-C-2640,31.5,0.0,0.0,0.0,60,30.5,31.5,40,35.0,31.5,31.5,31.5,10.0,3150.0,268
2023-05-09 21:05:39,c2311-C-2640,c2311-C-2640,31.5,0.0,0.0,0.0,50,30.5,31.5,40,35.0,31.5,31.5,31.5,10.0,3150.0,268
2023-05-09 21:05:39,c2311-C-2640,c2311-C-2640,31.5,0.0,0.0,0.0,30,30.5,31.5,50,35.0,31.5,31.5,31.5,10.0,3150.0,268
2023-05-09 21:05:40,c2311-C-2640,c2311-C-2640,31.5,0.0,0.0,0.0,40,30.5,31.5,60,35.0,31.5,31.5,31.5,10.0,3150.0,268
2023-05-09 21:05:42,c2311-C-2640,c2311-C-2640,31.5,0.0,0.0,0.0,50,30.5,31.5,50,35.0,31.5,31.5,31.5,10.0,3150.0,268
2023-05-09 21:05:43,c2311-C-2640,c2311-C-2640,31.5,0.0,0.0,0.0,60,30.5,31.5,40,35.0,31.5,31.5,31.5,10.0,3150.0,268
2023-05-09 21:05:44,c2311-C-2640,c2311-C-2640,31.5,0.0,0.0,0.0,60,30.5,31.5,30,35.0,31.5,31.5,31.5,10.0,3150.0,268
2023-05-09 21:05:45,c2311-C-2640,c2311-C-2640,31.5,0.0,0.0,0.0,60,30.5,31.5,10,35.0,31.5,31.5,31.5,10.0,3150.0,268
2023-05-09 21:05:46,c2311-C-2640,c2311-C-2640,31.5,0.0,0.0,0.0,10,31.0,32.0,60,35.0,31.5,31.5,31.5,10.0,3150.0,268
2023-05-09 21:05:46,c2311-C-2640,c2311-C-2640,31.5,0.0,0.0,0.0,60,30.5,32.0,60,35.0,31.5,31.5,31.5,10.0,3150.0,268
2023-05-09 21:05:48,c2311-C-2640,c2311-C-2640,31.5,0.0,0.0,0.0,10,31.0,32.0,60,35.0,31.5,31.5,31.5,10.0,3150.0,268
2023-05-09 21:05:48,c2311-C-2640,c2311-C-2640,31.5,0.0,0.0,0.0,60,30.5,32.0,60,35.0,31.5,31.5,31.5,10.0,3150.0,268
2023-05-09 21:05:49,c2311-C-2640,c2311-C-2640,31.5,0.0,0.0,0.0,60,30.5,32.0,50,35.0,31.5,31.5,31.5,10.0,3150.0,268
2023-05-09 21:05:53,c2311-C-2640,c2311-C-2640,31.5,0.0,0.0,0.0,10,31.0,32.0,50,35.0,31.5,31.5,31.5,10.0,3150.0,268
2023-05-09 21:05:56,c2311-C-2640,c2311-C-2640,31.5,0.0,0.0,0.0,30,31.0,32.0,40,35.0,31.5,31.5,31.5,10.0,3150.0,268
2023-05-09 21:05:57,c2311-C-2640,c2311-C-2640,31.5,0.0,0.0,0.0,20,31.0,32.0,40,35.0,31.5,31.5,31.5,10.0,3150.0,268
2023-05-09 21:05:57,c2311-C-2640,c2311-C-2640,31.5,0.0,0.0,0.0,20,31.0,32.0,50,35.0,31.5,31.5,31.5,10.0,3150.0,268
2023-05-09 21:05:58,c2311-C-2640,c2311-C-2640,31.5,0.0,0.0,0.0,30,31.0,32.0,50,35.0,31.5,31.5,31.5,10.0,3150.0,268
2023-05-09 21:05:58,c2311-C-2640,c2311-C-2640,31.5,0.0,0.0,0.0,20,31.0,32.0,50,35.0,31.5,31.5,31.5,10.0,3150.0,268
2023-05-09 21:05:59,c2311-C-2640,c2311-C-2640,31.5,0.0,0.0,0.0,30,31.0,32.0,50,35.0,31.5,31.5,31.5,10.0,3150.0,268
2023-05-09 21:06:00,c2311-C-2640,c2311-C-2640,31.5,0.0,0.0,0.0,20,31.0,32.0,50,35.0,31.5,31.5,31.5,10.0,3150.0,268
2023-05-09 21:06:03,c2311-C-2640,c2311-C-2640,31.5,0.0,0.0,0.0,30,31.0,32.0,50,35.0,31.5,31.5,31.5,10.0,3150.0,268
2023-05-09 21:06:05,c2311-C-2640,c2311-C-2640,31.5,0.0,0.0,0.0,50,31.0,32.0,30,35.0,31.5,31.5,31.5,10.0,3150.0,268
2023-05-09 21:06:08,c2311-C-2640,c2311-C-2640,31.5,0.0,0.0,0.0,50,31.0,32.0,40,35.0,31.5,31.5,31.5,10.0,3150.0,268
2023-05-09 21:06:10,c2311-C-2640,c2311-C-2640,31.5,0.0,0.0,0.0,50,31.0,32.0,30,35.0,31.5,31.5,31.5,10.0,3150.0,268
2023-05-09 21:06:10,c2311-C-2640,c2311-C-2640,31.5,0.0,0.0,0.0,50,31.0,32.0,40,35.0,31.5,31.5,31.5,10.0,3150.0,268
2023-05-09 21:06:12,c2311-C-2640,c2311-C-2640,31.5,0.0,0.0,0.0,30,31.0,32.0,50,35.0,31.5,31.5,31.5,10.0,3150.0,268
2023-05-09 21:06:14,c2311-C-2640,c2311-C-2640,31.5,0.0,0.0,0.0,40,31.0,32.0,40,35.0,31.5,31.5,31.5,10.0,3150.0,268
2023-05-09 21:06:17,c2311-C-2640,c2311-C-2640,31.5,0.0,0.0,0.0,40,31.0,32.0,30,35.0,31.5,31.5,31.5,10.0,3150.0,268
2023-05-09 21:06:18,c2311-C-2640,c2311-C-2640,31.5,0.0,0.0,0.0,40,31.0,32.0,40,35.0,31.5,31.5,31.5,10.0,3150.0,268
2023-05-09 21:06:20,c2311-C-2640,c2311-C-2640,31.5,0.0,0.0,0.0,50,31.0,32.0,30,35.0,31.5,31.5,31.5,10.0,3150.0,268
2023-05-09 21:06:21,c2311-C-2640,c2311-C-2640,31.5,0.0,0.0,0.0,40,31.0,32.0,40,35.0,31.5,31.5,31.5,10.0,3150.0,268
2023-05-09 21:06:21,c2311-C-2640,c2311-C-2640,31.5,0.0,0.0,0.0,30,31.0,32.0,40,35.0,31.5,31.5,31.5,10.0,3150.0,268
2023-05-09 21:06:22,c2311-C-2640,c2311-C-2640,31.5,0.0,0.0,0.0,40,31.0,32.0,40,35.0,31.5,31.5,31.5,10.0,3150.0,268
2023-05-09 21:06:22,c2311-C-2640,c2311-C-2640,31.5,0.0,0.0,0.0,30,31.0,32.0,50,35.0,31.5,31.5,31.5,10.0,3150.0,268
2023-05-09 21:06:23,c2311-C-2640,c2311-C-2640,31.5,0.0,0.0,0.0,40,31.0,32.0,40,35.0,31.5,31.5,31.5,10.0,3150.0,268
2023-05-09 21:06:27,c2311-C-2640,c2311-C-2640,31.5,0.0,0.0,0.0,40,31.0,32.0,50,35.0,31.5,31.5,31.5,10.0,3150.0,268
2023-05-09 21:06:28,c2311-C-2640,c2311-C-2640,31.5,0.0,0.0,0.0,50,31.0,32.0,40,35.0,31.5,31.5,31.5,10.0,3150.0,268
2023-05-09 21:06:29,c2311-C-2640,c2311-C-2640,31.5,0.0,0.0,0.0,40,31.0,32.0,40,35.0,31.5,31.5,31.5,10.0,3150.0,268
2023-05-09 21:06:29,c2311-C-2640,c2311-C-2640,31.5,0.0,0.0,0.0,30,31.0,32.0,50,35.0,31.5,31.5,31.5,10.0,3150.0,268
2023-05-09 21:06:30,c2311-C-2640,c2311-C-2640,31.5,0.0,0.0,0.0,10,31.0,32.0,50,35.0,31.5,31.5,31.5,10.0,3150.0,268
2023-05-09 21:06:30,c2311-C-2640,c2311-C-2640,31.5,0.0,0.0,0.0,20,31.0,32.0,50,35.0,31.5,31.5,31.5,10.0,3150.0,268
2023-05-09 21:06:31,c2311-C-2640,c2311-C-2640,31.5,0.0,0.0,0.0,20,31.0,32.0,40,35.0,31.5,31.5,31.5,10.0,3150.0,268
2023-05-09 21:06:34,c2311-C-2640,c2311-C-2640,31.5,0.0,0.0,0.0,20,31.0,32.0,50,35.0,31.5,31.5,31.5,10.0,3150.0,268
2023-05-09 21:06:35,c2311-C-2640,c2311-C-2640,31.5,0.0,0.0,0.0,20,31.0,32.0,40,35.0,31.5,31.5,31.5,10.0,3150.0,268
2023-05-09 21:06:41,c2311-C-2640,c2311-C-2640,31.5,0.0,0.0,0.0,20,31.0,32.0,50,35.0,31.5,31.5,31.5,10.0,3150.0,268
2023-05-09 21:06:42,c2311-C-2640,c2311-C-2640,31.5,0.0,0.0,0.0,20,31.0,32.0,40,35.0,31.5,31.5,31.5,10.0,3150.0,268
2023-05-09 21:06:42,c2311-C-2640,c2311-C-2640,31.5,0.0,0.0,0.0,20,31.0,32.0,50,35.0,31.5,31.5,31.5,10.0,3150.0,268
2023-05-09 21:06:43,c2311-C-2640,c2311-C-2640,31.5,0.0,0.0,0.0,30,31.0,32.0,30,35.0,31.5,31.5,31.5,10.0,3150.0,268
2023-05-09 21:06:43,c2311-C-2640,c2311-C-2640,31.5,0.0,0.0,0.0,20,31.0,32.0,30,35.0,31.5,31.5,31.5,10.0,3150.0,268
2023-05-09 21:06:44,c2311-C-2640,c2311-C-2640,31.5,0.0,0.0,0.0,20,31.0,32.0,40,35.0,31.5,31.5,31.5,10.0,3150.0,268
2023-05-09 21:06:48,c2311-C-2640,c2311-C-2640,31.5,0.0,0.0,0.0,30,31.0,32.0,40,35.0,31.5,31.5,31.5,10.0,3150.0,268
2023-05-09 21:06:49,c2311-C-2640,c2311-C-2640,31.5,0.0,0.0,0.0,30,31.0,32.0,30,35.0,31.5,31.5,31.5,10.0,3150.0,268
2023-05-09 21:06:49,c2311-C-2640,c2311-C-2640,31.5,0.0,0.0,0.0,40,31.0,32.0,30,35.0,31.5,31.5,31.5,10.0,3150.0,268
2023-05-09 21:06:51,c2311-C-2640,c2311-C-2640,31.5,0.0,0.0,0.0,20,31.0,32.0,40,35.0,31.5,31.5,31.5,10.0,3150.0,268
2023-05-09 21:06:51,c2311-C-2640,c2311-C-2640,31.5,0.0,0.0,0.0,30,31.0,32.0,30,35.0,31.5,31.5,31.5,10.0,3150.0,268
2023-05-09 21:06:52,c2311-C-2640,c2311-C-2640,31.5,0.0,0.0,0.0,10,31.5,32.0,20,35.0,31.5,31.5,31.5,10.0,3150.0,268
2023-05-09 21:06:53,c2311-C-2640,c2311-C-2640,31.5,0.0,0.0,0.0,10,31.5,32.5,60,35.0,31.5,31.5,31.5,10.0,3150.0,268
2023-05-09 21:06:53,c2311-C-2640,c2311-C-2640,31.5,0.0,0.0,0.0,50,31.0,32.0,10,35.0,31.5,31.5,31.5,10.0,3150.0,268
2023-05-09 21:06:53,c2311-C-2640,c2311-C-2640,31.5,0.0,0.0,0.0,40,31.0,32.0,20,35.0,31.5,31.5,31.5,10.0,3150.0,268
2023-05-09 21:06:59,c2311-C-2640,c2311-C-2640,31.5,0.0,0.0,0.0,40,31.0,32.0,30,35.0,31.5,31.5,31.5,10.0,3150.0,268
2023-05-09 21:07:00,c2311-C-2640,c2311-C-2640,31.5,0.0,0.0,0.0,40,31.0,32.0,20,35.0,31.5,31.5,31.5,10.0,3150.0,268
2023-05-09 21:07:02,c2311-C-2640,c2311-C-2640,31.5,0.0,0.0,0.0,40,31.0,32.0,30,35.0,31.5,31.5,31.5,10.0,3150.0,268
2023-05-09 21:07:04,c2311-C-2640,c2311-C-2640,31.5,0.0,0.0,0.0,30,31.0,32.0,40,35.0,31.5,31.5,31.5,10.0,3150.0,268
2023-05-09 21:07:05,c2311-C-2640,c2311-C-2640,31.5,0.0,0.0,0.0,40,31.0,32.0,40,35.0,31.5,31.5,31.5,10.0,3150.0,268
2023-05-09 21:07:06,c2311-C-2640,c2311-C-2640,31.5,0.0,0.0,0.0,30,31.0,32.0,40,35.0,31.5,31.5,31.5,10.0,3150.0,268
2023-05-09 21:07:07,c2311-C-2640,c2311-C-2640,31.5,0.0,0.0,0.0,30,31.0,32.0,30,35.0,31.5,31.5,31.5,10.0,3150.0,268
2023-05-09 21:07:08,c2311-C-2640,c2311-C-2640,31.5,0.0,0.0,0.0,40,31.0,32.0,30,35.0,31.5,31.5,31.5,10.0,3150.0,268
2023-05-09 21:07:08,c2311-C-2640,c2311-C-2640,31.5,0.0,0.0,0.0,40,31.0,32.0,20,35.0,31.5,31.5,31.5,10.0,3150.0,268
2023-05-09 21:07:09,c2311-C-2640,c2311-C-2640,31.5,0.0,0.0,0.0,40,31.0,32.0,30,35.0,31.5,31.5,31.5,10.0,3150.0,268
2023-05-09 21:07:12,c2311-C-2640,c2311-C-2640,31.5,0.0,0.0,0.0,30,31.0,32.0,40,35.0,31.5,31.5,31.5,10.0,3150.0,268
2023-05-09 21:07:13,c2311-C-2640,c2311-C-2640,31.5,0.0,0.0,0.0,40,31.0,32.0,30,35.0,31.5,31.5,31.5,10.0,3150.0,268
2023-05-09 21:07:14,c2311-C-2640,c2311-C-2640,31.5,0.0,0.0,0.0,30,31.0,32.0,40,35.0,31.5,31.5,31.5,10.0,3150.0,268
2023-05-09 21:07:14,c2311-C-2640,c2311-C-2640,31.5,0.0,0.0,0.0,30,31.0,32.0,50,35.0,31.5,31.5,31.5,10.0,3150.0,268
2023-05-09 21:07:16,c2311-C-2640,c2311-C-2640,31.5,0.0,0.0,0.0,20,31.0,32.0,60,35.0,31.5,31.5,31.5,10.0,3150.0,268
2023-05-09 21:07:17,c2311-C-2640,c2311-C-2640,31.5,0.0,0.0,0.0,30,31.0,32.0,50,35.0,31.5,31.5,31.5,10.0,3150.0,268
2023-05-09 21:07:17,c2311-C-2640,c2311-C-2640,31.5,0.0,0.0,0.0,50,31.0,32.0,30,35.0,31.5,31.5,31.5,10.0,3150.0,268
2023-05-09 21:07:18,c2311-C-2640,c2311-C-2640,31.5,0.0,0.0,0.0,50,31.0,32.0,40,35.0,31.5,31.5,31.5,10.0,3150.0,268
2023-05-09 21:07:20,c2311-C-2640,c2311-C-2640,31.5,0.0,0.0,0.0,50,31.0,32.0,30,35.0,31.5,31.5,31.5,10.0,3150.0,268
2023-05-09 21:07:21,c2311-C-2640,c2311-C-2640,31.5,0.0,0.0,0.0,10,31.5,32.5,70,35.0,31.5,31.5,31.5,10.0,3150.0,268
2023-05-09 21:07:23,c2311-C-2640,c2311-C-2640,31.5,0.0,0.0,0.0,20,31.5,32.5,60,35.0,31.5,31.5,31.5,10.0,3150.0,268
2023-05-09 21:07:26,c2311-C-2640,c2311-C-2640,31.5,0.0,0.0,0.0,20,31.5,32.5,50,35.0,31.5,31.5,31.5,10.0,3150.0,268
2023-05-09 21:07:27,c2311-C-2640,c2311-C-2640,31.5,0.0,0.0,0.0,20,31.5,32.5,60,35.0,31.5,31.5,31.5,10.0,3150.0,268
2023-05-09 21:07:30,c2311-C-2640,c2311-C-2640,31.5,0.0,0.0,0.0,30,31.5,32.5,50,35.0,31.5,31.5,31.5,10.0,3150.0,268
2023-05-09 21:07:30,c2311-C-2640,c2311-C-2640,31.5,0.0,0.0,0.0,50,31.5,32.5,50,35.0,31.5,31.5,31.5,10.0,3150.0,268
2023-05-09 21:07:31,c2311-C-2640,c2311-C-2640,31.5,0.0,0.0,0.0,40,31.5,32.5,60,35.0,31.5,31.5,31.5,10.0,3150.0,268
2023-05-09 21:07:32,c2311-C-2640,c2311-C-2640,31.5,0.0,0.0,0.0,30,31.5,32.5,50,35.0,31.5,31.5,31.5,10.0,3150.0,268
2023-05-09 21:07:32,c2311-C-2640,c2311-C-2640,31.5,0.0,0.0,0.0,40,31.5,32.5,60,35.0,31.5,31.5,31.5,10.0,3150.0,268
2023-05-09 21:07:33,c2311-C-2640,c2311-C-2640,31.5,0.0,0.0,0.0,40,31.5,32.5,50,35.0,31.5,31.5,31.5,10.0,3150.0,268
2023-05-09 21:07:35,c2311-C-2640,c2311-C-2640,31.5,0.0,0.0,0.0,40,31.5,32.5,60,35.0,31.5,31.5,31.5,10.0,3150.0,268
2023-05-09 21:07:36,c2311-C-2640,c2311-C-2640,31.5,0.0,0.0,0.0,40,31.5,32.5,50,35.0,31.5,31.5,31.5,10.0,3150.0,268
2023-05-09 21:07:37,c2311-C-2640,c2311-C-2640,31.5,0.0,0.0,0.0,30,31.5,32.5,50,35.0,31.5,31.5,31.5,10.0,3150.0,268
2023-05-09 21:07:38,c2311-C-2640,c2311-C-2640,31.5,0.0,0.0,0.0,40,31.5,32.5,50,35.0,31.5,31.5,31.5,10.0,3150.0,268
2023-05-09 21:07:41,c2311-C-2640,c2311-C-2640,31.5,0.0,0.0,0.0,30,31.5,32.5,50,35.0,31.5,31.5,31.5,10.0,3150.0,268
2023-05-09 21:07:50,c2311-C-2640,c2311-C-2640,31.5,0.0,0.0,0.0,50,31.5,32.5,30,35.0,31.5,31.5,31.5,10.0,3150.0,268
2023-05-09 21:07:50,c2311-C-2640,c2311-C-2640,31.5,0.0,0.0,0.0,20,32.0,32.5,10,35.0,31.5,31.5,31.5,10.0,3150.0,268
2023-05-09 21:07:51,c2311-C-2640,c2311-C-2640,31.5,0.0,0.0,0.0,20,32.0,33.0,60,35.0,31.5,31.5,31.5,10.0,3150.0,268
2023-05-09 21:07:52,c2311-C-2640,c2311-C-2640,31.5,0.0,0.0,0.0,30,32.0,33.0,60,35.0,31.5,31.5,31.5,10.0,3150.0,268
2023-05-09 21:07:52,c2311-C-2640,c2311-C-2640,31.5,0.0,0.0,0.0,40,32.0,33.0,60,35.0,31.5,31.5,31.5,10.0,3150.0,268
2023-05-09 21:07:52,c2311-C-2640,c2311-C-2640,31.5,0.0,0.0,0.0,30,32.0,33.0,60,35.0,31.5,31.5,31.5,10.0,3150.0,268
2023-05-09 21:07:54,c2311-C-2640,c2311-C-2640,31.5,0.0,0.0,0.0,30,32.0,33.0,50,35.0,31.5,31.5,31.5,10.0,3150.0,268
2023-05-09 21:07:55,c2311-C-2640,c2311-C-2640,31.5,0.0,0.0,0.0,40,32.0,33.0,30,35.0,31.5,31.5,31.5,10.0,3150.0,268
2023-05-09 21:07:55,c2311-C-2640,c2311-C-2640,31.5,0.0,0.0,0.0,40,32.0,33.0,40,35.0,31.5,31.5,31.5,10.0,3150.0,268
2023-05-09 21:07:58,c2311-C-2640,c2311-C-2640,31.5,0.0,0.0,0.0,50,32.0,33.0,30,35.0,31.5,31.5,31.5,10.0,3150.0,268
2023-05-09 21:07:58,c2311-C-2640,c2311-C-2640,31.5,0.0,0.0,0.0,50,32.0,33.0,20,35.0,31.5,31.5,31.5,10.0,3150.0,268
2023-05-09 21:07:59,c2311-C-2640,c2311-C-2640,31.5,0.0,0.0,0.0,40,32.0,33.0,40,35.0,31.5,31.5,31.5,10.0,3150.0,268
2023-05-09 21:07:59,c2311-C-2640,c2311-C-2640,31.5,0.0,0.0,0.0,30,32.0,33.0,50,35.0,31.5,31.5,31.5,10.0,3150.0,268
2023-05-09 21:08:01,c2311-C-2640,c2311-C-2640,31.5,0.0,0.0,0.0,40,32.0,33.0,50,35.0,31.5,31.5,31.5,10.0,3150.0,268
2023-05-09 21:08:02,c2311-C-2640,c2311-C-2640,31.5,0.0,0.0,0.0,40,32.0,33.0,40,35.0,31.5,31.5,31.5,10.0,3150.0,268
2023-05-09 21:08:02,c2311-C-2640,c2311-C-2640,31.5,0.0,0.0,0.0,40,32.0,33.0,50,35.0,31.5,31.5,31.5,10.0,3150.0,268
2023-05-09 21:08:03,c2311-C-2640,c2311-C-2640,31.5,0.0,0.0,0.0,50,32.0,33.0,40,35.0,31.5,31.5,31.5,10.0,3150.0,268
2023-05-09 21:08:03,c2311-C-2640,c2311-C-2640,31.5,0.0,0.0,0.0,40,32.0,33.0,40,35.0,31.5,31.5,31.5,10.0,3150.0,268
2023-05-09 21:08:04,c2311-C-2640,c2311-C-2640,31.5,0.0,0.0,0.0,40,32.0,33.0,30,35.0,31.5,31.5,31.5,10.0,3150.0,268
2023-05-09 21:08:04,c2311-C-2640,c2311-C-2640,31.5,0.0,0.0,0.0,50,32.0,33.0,20,35.0,31.5,31.5,31.5,10.0,3150.0,268
2023-05-09 21:08:06,c2311-C-2640,c2311-C-2640,31.5,0.0,0.0,0.0,60,32.0,33.0,10,35.0,31.5,31.5,31.5,10.0,3150.0,268
2023-05-09 21:08:07,c2311-C-2640,c2311-C-2640,31.5,0.0,0.0,0.0,20,32.5,33.5,50,35.0,31.5,31.5,31.5,10.0,3150.0,268
2023-05-09 21:08:08,c2311-C-2640,c2311-C-2640,31.5,0.0,0.0,0.0,30,32.5,33.5,60,35.0,31.5,31.5,31.5,10.0,3150.0,268
2023-05-09 21:08:09,c2311-C-2640,c2311-C-2640,31.5,0.0,0.0,0.0,10,32.5,33.5,60,35.0,31.5,31.5,31.5,10.0,3150.0,268
2023-05-09 21:08:10,c2311-C-2640,c2311-C-2640,31.5,0.0,0.0,0.0,20,32.5,33.5,60,35.0,31.5,31.5,31.5,10.0,3150.0,268
2023-05-09 21:08:10,c2311-C-2640,c2311-C-2640,31.5,0.0,0.0,0.0,30,32.5,33.5,50,35.0,31.5,31.5,31.5,10.0,3150.0,268
2023-05-09 21:08:12,c2311-C-2640,c2311-C-2640,31.5,0.0,0.0,0.0,10,32.5,33.5,50,35.0,31.5,31.5,31.5,10.0,3150.0,268
2023-05-09 21:08:13,c2311-C-2640,c2311-C-2640,31.5,0.0,0.0,0.0,20,32.5,33.5,50,35.0,31.5,31.5,31.5,10.0,3150.0,268
2023-05-09 21:08:15,c2311-C-2640,c2311-C-2640,31.5,0.0,0.0,0.0,30,32.5,33.5,40,35.0,31.5,31.5,31.5,10.0,3150.0,268
2023-05-09 21:08:17,c2311-C-2640,c2311-C-2640,31.5,0.0,0.0,0.0,40,32.5,33.5,40,35.0,31.5,31.5,31.5,10.0,3150.0,268
2023-05-09 21:08:17,c2311-C-2640,c2311-C-2640,31.5,0.0,0.0,0.0,30,32.5,33.5,50,35.0,31.5,31.5,31.5,10.0,3150.0,268
2023-05-09 21:08:18,c2311-C-2640,c2311-C-2640,31.5,0.0,0.0,0.0,30,32.5,33.5,40,35.0,31.5,31.5,31.5,10.0,3150.0,268
2023-05-09 21:08:20,c2311-C-2640,c2311-C-2640,31.5,0.0,0.0,0.0,30,32.5,33.5,50,35.0,31.5,31.5,31.5,10.0,3150.0,268
2023-05-09 21:08:20,c2311-C-2640,c2311-C-2640,31.5,0.0,0.0,0.0,10,32.5,33.5,50,35.0,31.5,31.5,31.5,10.0,3150.0,268
2023-05-09 21:08:22,c2311-C-2640,c2311-C-2640,31.5,0.0,0.0,0.0,20,32.5,33.5,40,35.0,31.5,31.5,31.5,10.0,3150.0,268
2023-05-09 21:08:23,c2311-C-2640,c2311-C-2640,31.5,0.0,0.0,0.0,30,32.5,33.5,30,35.0,31.5,31.5,31.5,10.0,3150.0,268
2023-05-09 21:08:24,c2311-C-2640,c2311-C-2640,31.5,0.0,0.0,0.0,20,32.5,33.5,30,35.0,31.5,31.5,31.5,10.0,3150.0,268
2023-05-09 21:08:26,c2311-C-2640,c2311-C-2640,31.5,0.0,0.0,0.0,20,32.5,33.5,50,35.0,31.5,31.5,31.5,10.0,3150.0,268
2023-05-09 21:08:26,c2311-C-2640,c2311-C-2640,31.5,0.0,0.0,0.0,10,32.5,33.5,60,35.0,31.5,31.5,31.5,10.0,3150.0,268
2023-05-09 21:08:28,c2311-C-2640,c2311-C-2640,31.5,0.0,0.0,0.0,10,32.5,33.5,70,35.0,31.5,31.5,31.5,10.0,3150.0,268
2023-05-09 21:08:29,c2311-C-2640,c2311-C-2640,31.5,0.0,0.0,0.0,20,32.5,33.5,60,35.0,31.5,31.5,31.5,10.0,3150.0,268
2023-05-09 21:08:30,c2311-C-2640,c2311-C-2640,31.5,0.0,0.0,0.0,10,32.5,33.5,60,35.0,31.5,31.5,31.5,10.0,3150.0,268
2023-05-09 21:08:31,c2311-C-2640,c2311-C-2640,31.5,0.0,0.0,0.0,20,32.5,33.5,60,35.0,31.5,31.5,31.5,10.0,3150.0,268
2023-05-09 21:08:36,c2311-C-2640,c2311-C-2640,31.5,0.0,0.0,0.0,20,32.5,33.5,50,35.0,31.5,31.5,31.5,10.0,3150.0,268
2023-05-09 21:08:39,c2311-C-2640,c2311-C-2640,31.5,0.0,0.0,0.0,20,32.5,33.5,60,35.0,31.5,31.5,31.5,10.0,3150.0,268
2023-05-09 21:08:39,c2311-C-2640,c2311-C-2640,31.5,0.0,0.0,0.0,10,32.5,33.5,60,35.0,31.5,31.5,31.5,10.0,3150.0,268
2023-05-09 21:08:39,c2311-C-2640,c2311-C-2640,31.5,0.0,0.0,0.0,20,32.5,33.5,60,35.0,31.5,31.5,31.5,10.0,3150.0,268
2023-05-09 21:08:42,c2311-C-2640,c2311-C-2640,31.5,0.0,0.0,0.0,30,32.5,33.5,50,35.0,31.5,31.5,31.5,10.0,3150.0,268
2023-05-09 21:08:42,c2311-C-2640,c2311-C-2640,31.5,0.0,0.0,0.0,30,32.5,33.5,60,35.0,31.5,31.5,31.5,10.0,3150.0,268
2023-05-09 21:08:44,c2311-C-2640,c2311-C-2640,31.5,0.0,0.0,0.0,30,32.5,33.5,50,35.0,31.5,31.5,31.5,10.0,3150.0,268
2023-05-09 21:08:46,c2311-C-2640,c2311-C-2640,31.5,0.0,0.0,0.0,40,32.5,33.5,50,35.0,31.5,31.5,31.5,10.0,3150.0,268
2023-05-09 21:08:47,c2311-C-2640,c2311-C-2640,31.5,0.0,0.0,0.0,50,32.5,33.5,40,35.0,31.5,31.5,31.5,10.0,3150.0,268
2023-05-09 21:08:49,c2311-C-2640,c2311-C-2640,31.5,0.0,0.0,0.0,20,32.5,33.5,60,35.0,31.5,31.5,31.5,10.0,3150.0,268
2023-05-09 21:08:51,c2311-C-2640,c2311-C-2640,31.5,0.0,0.0,0.0,30,32.5,33.5,50,35.0,31.5,31.5,31.5,10.0,3150.0,268
2023-05-09 21:08:51,c2311-C-2640,c2311-C-2640,31.5,0.0,0.0,0.0,20,32.5,33.5,60,35.0,31.5,31.5,31.5,10.0,3150.0,268
2023-05-09 21:08:54,c2311-C-2640,c2311-C-2640,31.5,0.0,0.0,0.0,30,32.5,33.5,50,35.0,31.5,31.5,31.5,10.0,3150.0,268
2023-05-09 21:08:54,c2311-C-2640,c2311-C-2640,31.5,0.0,0.0,0.0,50,32.5,33.5,40,35.0,31.5,31.5,31.5,10.0,3150.0,268
2023-05-09 21:08:55,c2311-C-2640,c2311-C-2640,31.5,0.0,0.0,0.0,20,32.5,33.5,70,35.0,31.5,31.5,31.5,10.0,3150.0,268
2023-05-09 21:08:55,c2311-C-2640,c2311-C-2640,31.5,0.0,0.0,0.0,20,32.5,33.5,60,35.0,31.5,31.5,31.5,10.0,3150.0,268
2023-05-09 21:08:57,c2311-C-2640,c2311-C-2640,31.5,0.0,0.0,0.0,30,32.5,33.5,50,35.0,31.5,31.5,31.5,10.0,3150.0,268
2023-05-09 21:08:58,c2311-C-2640,c2311-C-2640,31.5,0.0,0.0,0.0,30,32.5,33.5,40,35.0,31.5,31.5,31.5,10.0,3150.0,268
2023-05-09 21:08:58,c2311-C-2640,c2311-C-2640,31.5,0.0,0.0,0.0,30,32.5,33.5,50,35.0,31.5,31.5,31.5,10.0,3150.0,268
2023-05-09 21:08:59,c2311-C-2640,c2311-C-2640,31.5,0.0,0.0,0.0,30,32.5,33.5,40,35.0,31.5,31.5,31.5,10.0,3150.0,268
2023-05-09 21:09:00,c2311-C-2640,c2311-C-2640,31.5,0.0,0.0,0.0,30,32.5,33.5,50,35.0,31.5,31.5,31.5,10.0,3150.0,268
2023-05-09 21:09:00,c2311-C-2640,c2311-C-2640,31.5,0.0,0.0,0.0,40,32.5,33.5,50,35.0,31.5,31.5,31.5,10.0,3150.0,268
2023-05-09 21:09:00,c2311-C-2640,c2311-C-2640,31.5,0.0,0.0,0.0,50,32.5,33.5,40,35.0,31.5,31.5,31.5,10.0,3150.0,268
2023-05-09 21:09:02,c2311-C-2640,c2311-C-2640,31.5,0.0,0.0,0.0,10,33.0,33.5,40,35.0,31.5,31.5,31.5,10.0,3150.0,268
2023-05-09 21:09:02,c2311-C-2640,c2311-C-2640,31.5,0.0,0.0,0.0,10,33.0,33.5,30,35.0,31.5,31.5,31.5,10.0,3150.0,268
2023-05-09 21:09:03,c2311-C-2640,c2311-C-2640,31.5,0.0,0.0,0.0,20,33.0,33.5,30,35.0,31.5,31.5,31.5,10.0,3150.0,268
2023-05-09 21:09:06,c2311-C-2640,c2311-C-2640,31.5,0.0,0.0,0.0,10,33.0,33.5,30,35.0,31.5,31.5,31.5,10.0,3150.0,268
2023-05-09 21:09:15,c2311-C-2640,c2311-C-2640,31.5,0.0,0.0,0.0,20,33.0,33.5,10,35.0,31.5,31.5,31.5,10.0,3150.0,268
2023-05-09 21:09:15,c2311-C-2640,c2311-C-2640,31.5,0.0,0.0,0.0,10,33.0,33.5,20,35.0,31.5,31.5,31.5,10.0,3150.0,268
2023-05-09 21:09:17,c2311-C-2640,c2311-C-2640,31.5,0.0,0.0,0.0,10,33.0,33.5,10,35.0,31.5,31.5,31.5,10.0,3150.0,268
2023-05-09 21:09:18,c2311-C-2640,c2311-C-2640,31.5,0.0,0.0,0.0,10,33.0,33.5,20,35.0,31.5,31.5,31.5,10.0,3150.0,268
2023-05-09 21:09:21,c2311-C-2640,c2311-C-2640,31.5,0.0,0.0,0.0,10,33.0,33.5,30,35.0,31.5,31.5,31.5,10.0,3150.0,268
2023-05-09 21:09:26,c2311-C-2640,c2311-C-2640,33.0,10.0,3300.0,0.0,30,32.5,33.5,30,35.0,31.5,33.0,31.5,20.0,6450.0,268
2023-05-09 21:09:28,c2311-C-2640,c2311-C-2640,33.0,0.0,0.0,0.0,20,32.5,33.5,40,35.0,31.5,33.0,31.5,20.0,6450.0,268
2023-05-09 21:09:29,c2311-C-2640,c2311-C-2640,33.0,0.0,0.0,0.0,10,32.5,33.5,50,35.0,31.5,33.0,31.5,20.0,6450.0,268
2023-05-09 21:09:31,c2311-C-2640,c2311-C-2640,33.0,0.0,0.0,0.0,10,32.5,33.5,40,35.0,31.5,33.0,31.5,20.0,6450.0,268
2023-05-09 21:09:32,c2311-C-2640,c2311-C-2640,33.0,0.0,0.0,0.0,30,32.5,33.5,30,35.0,31.5,33.0,31.5,20.0,6450.0,268
2023-05-09 21:09:33,c2311-C-2640,c2311-C-2640,33.0,0.0,0.0,0.0,40,32.5,33.5,30,35.0,31.5,33.0,31.5,20.0,6450.0,268
2023-05-09 21:09:49,c2311-C-2640,c2311-C-2640,33.0,0.0,0.0,0.0,20,32.5,33.5,30,35.0,31.5,33.0,31.5,20.0,6450.0,268
2023-05-09 21:09:50,c2311-C-2640,c2311-C-2640,33.0,0.0,0.0,0.0,30,32.5,33.5,30,35.0,31.5,33.0,31.5,20.0,6450.0,268
2023-05-09 21:09:50,c2311-C-2640,c2311-C-2640,33.0,0.0,0.0,0.0,40,32.5,33.5,30,35.0,31.5,33.0,31.5,20.0,6450.0,268
2023-05-09 21:10:11,c2311-C-2640,c2311-C-2640,33.0,0.0,0.0,0.0,40,32.5,33.5,20,35.0,31.5,33.0,31.5,20.0,6450.0,268
2023-05-09 21:10:11,c2311-C-2640,c2311-C-2640,33.0,0.0,0.0,0.0,40,32.5,33.5,30,35.0,31.5,33.0,31.5,20.0,6450.0,268
2023-05-09 21:10:15,c2311-C-2640,c2311-C-2640,33.0,0.0,0.0,0.0,40,32.5,33.5,20,35.0,31.5,33.0,31.5,20.0,6450.0,268
2023-05-09 21:10:15,c2311-C-2640,c2311-C-2640,33.0,0.0,0.0,0.0,40,32.5,33.5,30,35.0,31.5,33.0,31.5,20.0,6450.0,268
2023-05-09 21:10:16,c2311-C-2640,c2311-C-2640,33.0,0.0,0.0,0.0,50,32.5,33.5,10,35.0,31.5,33.0,31.5,20.0,6450.0,268
2023-05-09 21:10:17,c2311-C-2640,c2311-C-2640,33.0,0.0,0.0,0.0,40,32.5,33.5,20,35.0,31.5,33.0,31.5,20.0,6450.0,268
2023-05-09 21:10:17,c2311-C-2640,c2311-C-2640,33.0,0.0,0.0,0.0,40,32.5,33.5,30,35.0,31.5,33.0,31.5,20.0,6450.0,268
2023-05-09 21:10:36,c2311-C-2640,c2311-C-2640,33.0,0.0,0.0,0.0,65,32.5,33.5,30,35.0,31.5,33.0,31.5,20.0,6450.0,268
2023-05-09 21:10:38,c2311-C-2640,c2311-C-2640,33.0,0.0,0.0,0.0,40,32.5,33.5,30,35.0,31.5,33.0,31.5,20.0,6450.0,268
2023-05-09 21:10:49,c2311-C-2640,c2311-C-2640,33.0,0.0,0.0,0.0,50,32.5,33.5,10,35.0,31.5,33.0,31.5,20.0,6450.0,268
2023-05-09 21:10:53,c2311-C-2640,c2311-C-2640,33.0,0.0,0.0,0.0,60,32.5,33.5,10,35.0,31.5,33.0,31.5,20.0,6450.0,268
2023-05-09 21:10:54,c2311-C-2640,c2311-C-2640,33.0,0.0,0.0,0.0,50,32.5,33.5,10,35.0,31.5,33.0,31.5,20.0,6450.0,268
2023-05-09 21:10:55,c2311-C-2640,c2311-C-2640,33.0,0.0,0.0,0.0,40,32.5,33.5,20,35.0,31.5,33.0,31.5,20.0,6450.0,268
2023-05-09 21:10:56,c2311-C-2640,c2311-C-2640,33.0,0.0,0.0,0.0,40,32.5,33.5,30,35.0,31.5,33.0,31.5,20.0,6450.0,268
2023-05-09 21:11:05,c2311-C-2640,c2311-C-2640,33.0,0.0,0.0,0.0,50,32.5,33.5,20,35.0,31.5,33.0,31.5,20.0,6450.0,268
2023-05-09 21:11:08,c2311-C-2640,c2311-C-2640,33.0,0.0,0.0,0.0,50,32.5,33.5,10,35.0,31.5,33.0,31.5,20.0,6450.0,268
2023-05-09 21:11:09,c2311-C-2640,c2311-C-2640,33.0,0.0,0.0,0.0,50,32.5,33.5,30,35.0,31.5,33.0,31.5,20.0,6450.0,268
2023-05-09 21:11:13,c2311-C-2640,c2311-C-2640,33.0,0.0,0.0,0.0,50,32.5,33.5,20,35.0,31.5,33.0,31.5,20.0,6450.0,268
2023-05-09 21:11:13,c2311-C-2640,c2311-C-2640,33.0,0.0,0.0,0.0,50,32.5,33.5,10,35.0,31.5,33.0,31.5,20.0,6450.0,268
2023-05-09 21:11:14,c2311-C-2640,c2311-C-2640,33.0,0.0,0.0,0.0,50,32.5,33.5,20,35.0,31.5,33.0,31.5,20.0,6450.0,268
2023-05-09 21:11:15,c2311-C-2640,c2311-C-2640,33.0,0.0,0.0,0.0,50,32.5,33.5,30,35.0,31.5,33.0,31.5,20.0,6450.0,268
2023-05-09 21:11:15,c2311-C-2640,c2311-C-2640,33.0,0.0,0.0,0.0,50,32.5,33.5,20,35.0,31.5,33.0,31.5,20.0,6450.0,268
2023-05-09 21:11:16,c2311-C-2640,c2311-C-2640,33.0,0.0,0.0,0.0,50,32.5,33.5,30,35.0,31.5,33.0,31.5,20.0,6450.0,268
2023-05-09 21:11:16,c2311-C-2640,c2311-C-2640,33.0,0.0,0.0,0.0,50,32.5,33.5,20,35.0,31.5,33.0,31.5,20.0,6450.0,268
2023-05-09 21:11:17,c2311-C-2640,c2311-C-2640,33.0,0.0,0.0,0.0,50,32.5,33.5,10,35.0,31.5,33.0,31.5,20.0,6450.0,268
2023-05-09 21:11:22,c2311-C-2640,c2311-C-2640,33.0,0.0,0.0,0.0,50,32.5,34.0,53,35.0,31.5,33.0,31.5,20.0,6450.0,268
2023-05-09 21:11:28,c2311-C-2640,c2311-C-2640,33.0,0.0,0.0,0.0,30,32.5,33.5,10,35.0,31.5,33.0,31.5,20.0,6450.0,268
2023-05-09 21:11:29,c2311-C-2640,c2311-C-2640,33.0,0.0,0.0,0.0,40,32.5,33.5,30,35.0,31.5,33.0,31.5,20.0,6450.0,268
2023-05-09 21:11:34,c2311-C-2640,c2311-C-2640,33.0,0.0,0.0,0.0,40,32.5,33.5,20,35.0,31.5,33.0,31.5,20.0,6450.0,268
2023-05-09 21:11:37,c2311-C-2640,c2311-C-2640,33.0,0.0,0.0,0.0,20,32.5,33.5,40,35.0,31.5,33.0,31.5,20.0,6450.0,268
2023-05-09 21:11:37,c2311-C-2640,c2311-C-2640,33.0,0.0,0.0,0.0,20,32.5,33.5,30,35.0,31.5,33.0,31.5,20.0,6450.0,268
2023-05-09 21:11:37,c2311-C-2640,c2311-C-2640,33.0,0.0,0.0,0.0,20,32.5,33.5,40,35.0,31.5,33.0,31.5,20.0,6450.0,268
2023-05-09 21:11:39,c2311-C-2640,c2311-C-2640,33.0,0.0,0.0,0.0,10,32.5,33.5,50,35.0,31.5,33.0,31.5,20.0,6450.0,268
2023-05-09 21:11:51,c2311-C-2640,c2311-C-2640,33.0,0.0,0.0,0.0,43,32.0,33.5,50,35.0,31.5,33.0,31.5,20.0,6450.0,268
2023-05-09 21:11:51,c2311-C-2640,c2311-C-2640,33.0,0.0,0.0,0.0,53,32.0,33.5,50,35.0,31.5,33.0,31.5,20.0,6450.0,268
2023-05-09 21:11:53,c2311-C-2640,c2311-C-2640,33.0,0.0,0.0,0.0,63,32.0,33.5,50,35.0,31.5,33.0,31.5,20.0,6450.0,268
2023-05-09 21:11:54,c2311-C-2640,c2311-C-2640,33.0,0.0,0.0,0.0,53,32.0,33.5,50,35.0,31.5,33.0,31.5,20.0,6450.0,268
2023-05-09 21:11:56,c2311-C-2640,c2311-C-2640,33.0,0.0,0.0,0.0,10,32.5,33.5,50,35.0,31.5,33.0,31.5,20.0,6450.0,268
2023-05-09 21:11:56,c2311-C-2640,c2311-C-2640,33.0,0.0,0.0,0.0,10,32.5,33.5,40,35.0,31.5,33.0,31.5,20.0,6450.0,268
2023-05-09 21:11:56,c2311-C-2640,c2311-C-2640,33.0,0.0,0.0,0.0,10,32.5,33.5,50,35.0,31.5,33.0,31.5,20.0,6450.0,268
2023-05-09 21:12:00,c2311-C-2640,c2311-C-2640,33.0,0.0,0.0,0.0,20,32.5,33.5,50,35.0,31.5,33.0,31.5,20.0,6450.0,268
2023-05-09 21:12:01,c2311-C-2640,c2311-C-2640,33.0,0.0,0.0,0.0,63,32.0,33.5,50,35.0,31.5,33.0,31.5,20.0,6450.0,268
2023-05-09 21:12:01,c2311-C-2640,c2311-C-2640,33.0,0.0,0.0,0.0,73,32.0,33.5,50,35.0,31.5,33.0,31.5,20.0,6450.0,268
2023-05-09 21:12:07,c2311-C-2640,c2311-C-2640,33.0,0.0,0.0,0.0,53,32.0,33.5,50,35.0,31.5,33.0,31.5,20.0,6450.0,268
2023-05-09 21:12:07,c2311-C-2640,c2311-C-2640,33.0,0.0,0.0,0.0,63,32.0,33.5,50,35.0,31.5,33.0,31.5,20.0,6450.0,268
2023-05-09 21:12:09,c2311-C-2640,c2311-C-2640,33.0,0.0,0.0,0.0,53,32.0,33.5,50,35.0,31.5,33.0,31.5,20.0,6450.0,268
2023-05-09 21:12:09,c2311-C-2640,c2311-C-2640,33.0,0.0,0.0,0.0,53,32.0,33.0,30,35.0,31.5,33.0,31.5,20.0,6450.0,268
2023-05-09 21:12:10,c2311-C-2640,c2311-C-2640,33.0,0.0,0.0,0.0,53,32.0,33.0,40,35.0,31.5,33.0,31.5,20.0,6450.0,268
2023-05-09 21:12:10,c2311-C-2640,c2311-C-2640,33.0,0.0,0.0,0.0,43,32.0,33.0,40,35.0,31.5,33.0,31.5,20.0,6450.0,268
2023-05-09 21:12:11,c2311-C-2640,c2311-C-2640,33.0,0.0,0.0,0.0,43,32.0,33.0,20,35.0,31.5,33.0,31.5,20.0,6450.0,268
2023-05-09 21:12:12,c2311-C-2640,c2311-C-2640,33.0,0.0,0.0,0.0,53,32.0,33.0,20,35.0,31.5,33.0,31.5,20.0,6450.0,268
2023-05-09 21:12:12,c2311-C-2640,c2311-C-2640,33.0,0.0,0.0,0.0,53,32.0,33.0,10,35.0,31.5,33.0,31.5,20.0,6450.0,268
2023-05-09 21:12:13,c2311-C-2640,c2311-C-2640,33.0,0.0,0.0,0.0,53,32.0,33.0,20,35.0,31.5,33.0,31.5,20.0,6450.0,268
2023-05-09 21:12:20,c2311-C-2640,c2311-C-2640,33.0,0.0,0.0,0.0,10,32.5,33.0,10,35.0,31.5,33.0,31.5,20.0,6450.0,268
2023-05-09 21:12:21,c2311-C-2640,c2311-C-2640,33.0,0.0,0.0,0.0,63,32.0,33.0,10,35.0,31.5,33.0,31.5,20.0,6450.0,268
2023-05-09 21:12:22,c2311-C-2640,c2311-C-2640,33.0,0.0,0.0,0.0,63,32.0,33.0,20,35.0,31.5,33.0,31.5,20.0,6450.0,268
2023-05-09 21:12:23,c2311-C-2640,c2311-C-2640,33.0,0.0,0.0,0.0,63,32.0,33.0,10,35.0,31.5,33.0,31.5,20.0,6450.0,268
2023-05-09 21:12:23,c2311-C-2640,c2311-C-2640,33.0,0.0,0.0,0.0,73,32.0,33.5,50,35.0,31.5,33.0,31.5,20.0,6450.0,268
2023-05-09 21:12:27,c2311-C-2640,c2311-C-2640,33.0,0.0,0.0,0.0,10,32.5,33.5,50,35.0,31.5,33.0,31.5,20.0,6450.0,268
2023-05-09 21:12:31,c2311-C-2640,c2311-C-2640,33.0,0.0,0.0,0.0,20,32.5,33.5,40,35.0,31.5,33.0,31.5,20.0,6450.0,268
2023-05-09 21:12:33,c2311-C-2640,c2311-C-2640,33.0,0.0,0.0,0.0,20,32.5,33.5,50,35.0,31.5,33.0,31.5,20.0,6450.0,268
2023-05-09 21:12:37,c2311-C-2640,c2311-C-2640,33.0,0.0,0.0,0.0,40,32.5,33.5,40,35.0,31.5,33.0,31.5,20.0,6450.0,268
2023-05-09 21:12:43,c2311-C-2640,c2311-C-2640,33.0,0.0,0.0,0.0,40,32.5,33.5,50,35.0,31.5,33.0,31.5,20.0,6450.0,268
2023-05-09 21:12:45,c2311-C-2640,c2311-C-2640,33.0,0.0,0.0,0.0,40,32.5,33.5,40,35.0,31.5,33.0,31.5,20.0,6450.0,268
2023-05-09 21:12:47,c2311-C-2640,c2311-C-2640,33.0,0.0,0.0,0.0,30,32.5,33.5,40,35.0,31.5,33.0,31.5,20.0,6450.0,268
2023-05-09 21:12:47,c2311-C-2640,c2311-C-2640,33.0,0.0,0.0,0.0,40,32.5,33.5,40,35.0,31.5,33.0,31.5,20.0,6450.0,268
2023-05-09 21:13:02,c2311-C-2640,c2311-C-2640,33.0,0.0,0.0,0.0,40,32.5,33.5,50,35.0,31.5,33.0,31.5,20.0,6450.0,268
2023-05-09 21:13:04,c2311-C-2640,c2311-C-2640,33.0,0.0,0.0,0.0,40,32.5,33.5,40,35.0,31.5,33.0,31.5,20.0,6450.0,268
2023-05-09 21:13:08,c2311-C-2640,c2311-C-2640,33.0,0.0,0.0,0.0,60,32.5,34.0,53,35.0,31.5,33.0,31.5,20.0,6450.0,268
2023-05-09 21:13:17,c2311-C-2640,c2311-C-2640,33.0,0.0,0.0,0.0,10,33.0,34.0,53,35.0,31.5,33.0,31.5,20.0,6450.0,268
2023-05-09 21:13:23,c2311-C-2640,c2311-C-2640,33.0,0.0,0.0,0.0,10,33.0,34.0,50,35.0,31.5,33.0,31.5,20.0,6450.0,268
2023-05-09 21:13:26,c2311-C-2640,c2311-C-2640,33.0,0.0,0.0,0.0,30,33.0,34.0,30,35.0,31.5,33.0,31.5,20.0,6450.0,268
2023-05-09 21:13:27,c2311-C-2640,c2311-C-2640,33.0,0.0,0.0,0.0,40,33.0,34.0,20,35.0,31.5,33.0,31.5,20.0,6450.0,268
2023-05-09 21:13:28,c2311-C-2640,c2311-C-2640,33.0,0.0,0.0,0.0,20,33.0,34.0,50,35.0,31.5,33.0,31.5,20.0,6450.0,268
2023-05-09 21:13:28,c2311-C-2640,c2311-C-2640,33.0,0.0,0.0,0.0,20,33.0,34.0,30,35.0,31.5,33.0,31.5,20.0,6450.0,268
2023-05-09 21:13:28,c2311-C-2640,c2311-C-2640,33.0,0.0,0.0,0.0,30,33.0,34.0,30,35.0,31.5,33.0,31.5,20.0,6450.0,268
2023-05-09 21:13:30,c2311-C-2640,c2311-C-2640,33.0,0.0,0.0,0.0,40,33.0,34.0,20,35.0,31.5,33.0,31.5,20.0,6450.0,268
2023-05-09 21:13:33,c2311-C-2640,c2311-C-2640,33.0,0.0,0.0,0.0,40,33.0,34.0,10,35.0,31.5,33.0,31.5,20.0,6450.0,268
2023-05-09 21:13:33,c2311-C-2640,c2311-C-2640,33.0,0.0,0.0,0.0,40,33.0,34.0,20,35.0,31.5,33.0,31.5,20.0,6450.0,268
2023-05-09 21:13:33,c2311-C-2640,c2311-C-2640,33.0,0.0,0.0,0.0,40,33.0,34.0,10,35.0,31.5,33.0,31.5,20.0,6450.0,268
2023-05-09 21:13:36,c2311-C-2640,c2311-C-2640,33.0,0.0,0.0,0.0,50,33.0,34.5,50,35.0,31.5,33.0,31.5,20.0,6450.0,268
2023-05-09 21:13:38,c2311-C-2640,c2311-C-2640,33.0,0.0,0.0,0.0,70,32.5,34.0,20,35.0,31.5,33.0,31.5,20.0,6450.0,268
2023-05-09 21:13:38,c2311-C-2640,c2311-C-2640,33.0,0.0,0.0,0.0,60,32.5,34.0,50,35.0,31.5,33.0,31.5,20.0,6450.0,268
2023-05-09 21:13:39,c2311-C-2640,c2311-C-2640,33.0,0.0,0.0,0.0,50,32.5,34.0,50,35.0,31.5,33.0,31.5,20.0,6450.0,268
2023-05-09 21:13:43,c2311-C-2640,c2311-C-2640,33.0,0.0,0.0,0.0,10,33.0,34.0,40,35.0,31.5,33.0,31.5,20.0,6450.0,268
2023-05-09 21:13:44,c2311-C-2640,c2311-C-2640,33.0,0.0,0.0,0.0,10,33.0,34.0,50,35.0,31.5,33.0,31.5,20.0,6450.0,268
2023-05-09 21:13:45,c2311-C-2640,c2311-C-2640,33.0,0.0,0.0,0.0,20,33.0,34.0,40,35.0,31.5,33.0,31.5,20.0,6450.0,268
2023-05-09 21:13:49,c2311-C-2640,c2311-C-2640,33.0,0.0,0.0,0.0,30,33.0,34.0,40,35.0,31.5,33.0,31.5,20.0,6450.0,268
2023-05-09 21:13:50,c2311-C-2640,c2311-C-2640,33.0,0.0,0.0,0.0,20,33.0,34.0,40,35.0,31.5,33.0,31.5,20.0,6450.0,268
2023-05-09 21:13:50,c2311-C-2640,c2311-C-2640,33.0,0.0,0.0,0.0,30,33.0,34.0,40,35.0,31.5,33.0,31.5,20.0,6450.0,268
2023-05-09 21:13:54,c2311-C-2640,c2311-C-2640,33.0,0.0,0.0,0.0,20,33.0,34.0,50,35.0,31.5,33.0,31.5,20.0,6450.0,268
2023-05-09 21:13:56,c2311-C-2640,c2311-C-2640,33.0,0.0,0.0,0.0,20,33.0,34.0,40,35.0,31.5,33.0,31.5,20.0,6450.0,268
2023-05-09 21:13:57,c2311-C-2640,c2311-C-2640,33.0,0.0,0.0,0.0,50,32.5,34.0,50,35.0,31.5,33.0,31.5,20.0,6450.0,268
2023-05-09 21:14:00,c2311-C-2640,c2311-C-2640,33.0,0.0,0.0,0.0,40,32.5,34.0,50,35.0,31.5,33.0,31.5,20.0,6450.0,268
2023-05-09 21:14:05,c2311-C-2640,c2311-C-2640,33.0,0.0,0.0,0.0,10,33.0,34.0,50,35.0,31.5,33.0,31.5,20.0,6450.0,268
2023-05-09 21:14:08,c2311-C-2640,c2311-C-2640,33.0,0.0,0.0,0.0,40,32.5,34.0,50,35.0,31.5,33.0,31.5,20.0,6450.0,268
2023-05-09 21:14:10,c2311-C-2640,c2311-C-2640,33.0,0.0,0.0,0.0,10,33.0,34.0,50,35.0,31.5,33.0,31.5,20.0,6450.0,268
2023-05-09 21:14:16,c2311-C-2640,c2311-C-2640,33.0,0.0,0.0,0.0,10,33.0,34.0,40,35.0,31.5,33.0,31.5,20.0,6450.0,268
2023-05-09 21:14:16,c2311-C-2640,c2311-C-2640,33.0,0.0,0.0,0.0,10,33.0,34.0,50,35.0,31.5,33.0,31.5,20.0,6450.0,268
2023-05-09 21:14:22,c2311-C-2640,c2311-C-2640,33.0,0.0,0.0,0.0,50,32.5,34.0,50,35.0,31.5,33.0,31.5,20.0,6450.0,268
2023-05-09 21:14:23,c2311-C-2640,c2311-C-2640,33.0,0.0,0.0,0.0,10,33.0,34.0,50,35.0,31.5,33.0,31.5,20.0,6450.0,268
2023-05-09 21:14:29,c2311-C-2640,c2311-C-2640,33.0,0.0,0.0,0.0,10,33.0,34.0,30,35.0,31.5,33.0,31.5,20.0,6450.0,268
2023-05-09 21:14:30,c2311-C-2640,c2311-C-2640,33.0,0.0,0.0,0.0,20,33.0,34.0,30,35.0,31.5,33.0,31.5,20.0,6450.0,268
2023-05-09 21:14:30,c2311-C-2640,c2311-C-2640,33.0,0.0,0.0,0.0,10,33.0,34.0,30,35.0,31.5,33.0,31.5,20.0,6450.0,268
2023-05-09 21:14:32,c2311-C-2640,c2311-C-2640,33.0,0.0,0.0,0.0,20,33.0,34.0,30,35.0,31.5,33.0,31.5,20.0,6450.0,268
2023-05-09 21:14:32,c2311-C-2640,c2311-C-2640,33.0,0.0,0.0,0.0,10,33.0,34.0,30,35.0,31.5,33.0,31.5,20.0,6450.0,268
2023-05-09 21:14:35,c2311-C-2640,c2311-C-2640,33.0,0.0,0.0,0.0,40,33.0,34.0,20,35.0,31.5,33.0,31.5,20.0,6450.0,268
2023-05-09 21:14:36,c2311-C-2640,c2311-C-2640,33.0,0.0,0.0,0.0,40,33.0,34.0,30,35.0,31.5,33.0,31.5,20.0,6450.0,268
2023-05-09 21:14:37,c2311-C-2640,c2311-C-2640,33.0,0.0,0.0,0.0,30,33.0,34.0,30,35.0,31.5,33.0,31.5,20.0,6450.0,268
2023-05-09 21:14:38,c2311-C-2640,c2311-C-2640,33.0,0.0,0.0,0.0,20,33.0,34.0,40,35.0,31.5,33.0,31.5,20.0,6450.0,268
2023-05-09 21:14:39,c2311-C-2640,c2311-C-2640,33.0,0.0,0.0,0.0,30,33.0,34.0,30,35.0,31.5,33.0,31.5,20.0,6450.0,268
2023-05-09 21:14:40,c2311-C-2640,c2311-C-2640,33.0,0.0,0.0,0.0,20,33.0,34.0,30,35.0,31.5,33.0,31.5,20.0,6450.0,268
2023-05-09 21:14:50,c2311-C-2640,c2311-C-2640,33.0,0.0,0.0,0.0,20,33.0,34.0,40,35.0,31.5,33.0,31.5,20.0,6450.0,268
2023-05-09 21:14:51,c2311-C-2640,c2311-C-2640,33.0,0.0,0.0,0.0,10,33.0,34.0,40,35.0,31.5,33.0,31.5,20.0,6450.0,268
2023-05-09 21:14:57,c2311-C-2640,c2311-C-2640,33.0,0.0,0.0,0.0,20,33.0,34.0,40,35.0,31.5,33.0,31.5,20.0,6450.0,268
2023-05-09 21:15:01,c2311-C-2640,c2311-C-2640,33.0,0.0,0.0,0.0,10,33.0,34.0,50,35.0,31.5,33.0,31.5,20.0,6450.0,268
2023-05-09 21:15:10,c2311-C-2640,c2311-C-2640,33.0,0.0,0.0,0.0,50,32.5,34.0,50,35.0,31.5,33.0,31.5,20.0,6450.0,268
2023-05-09 21:15:11,c2311-C-2640,c2311-C-2640,33.0,0.0,0.0,0.0,10,33.0,34.0,50,35.0,31.5,33.0,31.5,20.0,6450.0,268
2023-05-09 21:15:14,c2311-C-2640,c2311-C-2640,33.0,0.0,0.0,0.0,10,33.0,34.0,40,35.0,31.5,33.0,31.5,20.0,6450.0,268
2023-05-09 21:15:21,c2311-C-2640,c2311-C-2640,33.0,0.0,0.0,0.0,30,33.0,34.0,40,35.0,31.5,33.0,31.5,20.0,6450.0,268
2023-05-09 21:15:22,c2311-C-2640,c2311-C-2640,33.0,0.0,0.0,0.0,20,33.0,34.0,40,35.0,31.5,33.0,31.5,20.0,6450.0,268
2023-05-09 21:15:22,c2311-C-2640,c2311-C-2640,33.0,0.0,0.0,0.0,10,33.0,34.0,40,35.0,31.5,33.0,31.5,20.0,6450.0,268
2023-05-09 21:15:26,c2311-C-2640,c2311-C-2640,33.0,0.0,0.0,0.0,20,33.0,34.0,40,35.0,31.5,33.0,31.5,20.0,6450.0,268
2023-05-09 21:16:03,c2311-C-2640,c2311-C-2640,33.0,0.0,0.0,0.0,40,33.0,34.0,10,35.0,31.5,33.0,31.5,20.0,6450.0,268
2023-05-09 21:16:09,c2311-C-2640,c2311-C-2640,33.0,0.0,0.0,0.0,10,33.5,34.5,40,35.0,31.5,33.0,31.5,20.0,6450.0,268
2023-05-09 21:16:11,c2311-C-2640,c2311-C-2640,33.0,0.0,0.0,0.0,20,33.5,34.5,40,35.0,31.5,33.0,31.5,20.0,6450.0,268
2023-05-09 21:16:12,c2311-C-2640,c2311-C-2640,33.0,0.0,0.0,0.0,20,33.5,34.5,30,35.0,31.5,33.0,31.5,20.0,6450.0,268
2023-05-09 21:16:13,c2311-C-2640,c2311-C-2640,33.0,0.0,0.0,0.0,20,33.5,34.5,40,35.0,31.5,33.0,31.5,20.0,6450.0,268
2023-05-09 21:16:14,c2311-C-2640,c2311-C-2640,33.0,0.0,0.0,0.0,20,33.5,34.5,50,35.0,31.5,33.0,31.5,20.0,6450.0,268
2023-05-09 21:16:16,c2311-C-2640,c2311-C-2640,33.0,0.0,0.0,0.0,10,33.5,34.5,50,35.0,31.5,33.0,31.5,20.0,6450.0,268
2023-05-09 21:16:17,c2311-C-2640,c2311-C-2640,33.0,0.0,0.0,0.0,60,33.0,34.5,50,35.0,31.5,33.0,31.5,20.0,6450.0,268
2023-05-09 21:16:26,c2311-C-2640,c2311-C-2640,33.0,0.0,0.0,0.0,10,33.5,34.5,50,35.0,31.5,33.0,31.5,20.0,6450.0,268
2023-05-09 21:16:32,c2311-C-2640,c2311-C-2640,33.0,0.0,0.0,0.0,10,33.5,34.5,40,35.0,31.5,33.0,31.5,20.0,6450.0,268
2023-05-09 21:16:32,c2311-C-2640,c2311-C-2640,33.0,0.0,0.0,0.0,10,33.5,34.5,20,35.0,31.5,33.0,31.5,20.0,6450.0,268
2023-05-09 21:16:33,c2311-C-2640,c2311-C-2640,33.0,0.0,0.0,0.0,10,33.5,34.5,40,35.0,31.5,33.0,31.5,20.0,6450.0,268
2023-05-09 21:16:35,c2311-C-2640,c2311-C-2640,33.0,0.0,0.0,0.0,10,33.5,34.5,50,35.0,31.5,33.0,31.5,20.0,6450.0,268
2023-05-09 21:16:44,c2311-C-2640,c2311-C-2640,33.0,0.0,0.0,0.0,10,33.5,34.5,40,35.0,31.5,33.0,31.5,20.0,6450.0,268
2023-05-09 21:16:46,c2311-C-2640,c2311-C-2640,33.0,0.0,0.0,0.0,10,33.5,34.5,50,35.0,31.5,33.0,31.5,20.0,6450.0,268
2023-05-09 21:16:50,c2311-C-2640,c2311-C-2640,33.0,0.0,0.0,0.0,60,33.0,34.5,50,35.0,31.5,33.0,31.5,20.0,6450.0,268
2023-05-09 21:16:52,c2311-C-2640,c2311-C-2640,33.0,0.0,0.0,0.0,40,33.5,34.5,20,35.0,31.5,33.0,31.5,20.0,6450.0,268
2023-05-09 21:16:52,c2311-C-2640,c2311-C-2640,33.0,0.0,0.0,0.0,10,33.5,34.5,50,35.0,31.5,33.0,31.5,20.0,6450.0,268
2023-05-09 21:16:55,c2311-C-2640,c2311-C-2640,33.0,0.0,0.0,0.0,35,33.5,34.5,50,35.0,31.5,33.0,31.5,20.0,6450.0,268
2023-05-09 21:16:58,c2311-C-2640,c2311-C-2640,33.0,0.0,0.0,0.0,60,33.0,34.5,50,35.0,31.5,33.0,31.5,20.0,6450.0,268
2023-05-09 21:17:03,c2311-C-2640,c2311-C-2640,33.0,0.0,0.0,0.0,50,33.0,34.5,50,35.0,31.5,33.0,31.5,20.0,6450.0,268
2023-05-09 21:17:06,c2311-C-2640,c2311-C-2640,33.0,0.0,0.0,0.0,60,33.0,34.5,50,35.0,31.5,33.0,31.5,20.0,6450.0,268
2023-05-09 21:17:08,c2311-C-2640,c2311-C-2640,33.0,0.0,0.0,0.0,50,33.0,34.5,40,35.0,31.5,33.0,31.5,20.0,6450.0,268
2023-05-09 21:17:09,c2311-C-2640,c2311-C-2640,33.0,0.0,0.0,0.0,50,33.0,34.5,50,35.0,31.5,33.0,31.5,20.0,6450.0,268
2023-05-09 21:17:13,c2311-C-2640,c2311-C-2640,33.0,0.0,0.0,0.0,60,33.0,34.5,50,35.0,31.5,33.0,31.5,20.0,6450.0,268
2023-05-09 21:17:21,c2311-C-2640,c2311-C-2640,33.0,0.0,0.0,0.0,10,33.5,34.5,50,35.0,31.5,33.0,31.5,20.0,6450.0,268
2023-05-09 21:17:24,c2311-C-2640,c2311-C-2640,33.0,0.0,0.0,0.0,35,33.5,34.5,50,35.0,31.5,33.0,31.5,20.0,6450.0,268
2023-05-09 21:17:25,c2311-C-2640,c2311-C-2640,33.0,0.0,0.0,0.0,10,33.5,34.5,50,35.0,31.5,33.0,31.5,20.0,6450.0,268
2023-05-09 21:17:30,c2311-C-2640,c2311-C-2640,33.0,0.0,0.0,0.0,10,33.5,34.5,40,35.0,31.5,33.0,31.5,20.0,6450.0,268
2023-05-09 21:17:31,c2311-C-2640,c2311-C-2640,33.0,0.0,0.0,0.0,10,33.5,34.5,50,35.0,31.5,33.0,31.5,20.0,6450.0,268
2023-05-09 21:17:33,c2311-C-2640,c2311-C-2640,33.0,0.0,0.0,0.0,10,33.5,34.5,40,35.0,31.5,33.0,31.5,20.0,6450.0,268
2023-05-09 21:17:36,c2311-C-2640,c2311-C-2640,33.0,0.0,0.0,0.0,10,33.5,34.5,50,35.0,31.5,33.0,31.5,20.0,6450.0,268
2023-05-09 21:17:38,c2311-C-2640,c2311-C-2640,33.0,0.0,0.0,0.0,10,33.5,34.5,40,35.0,31.5,33.0,31.5,20.0,6450.0,268
2023-05-09 21:17:39,c2311-C-2640,c2311-C-2640,33.0,0.0,0.0,0.0,60,33.0,34.5,50,35.0,31.5,33.0,31.5,20.0,6450.0,268
2023-05-09 21:17:39,c2311-C-2640,c2311-C-2640,33.0,0.0,0.0,0.0,10,33.5,34.5,50,35.0,31.5,33.0,31.5,20.0,6450.0,268
2023-05-09 21:17:42,c2311-C-2640,c2311-C-2640,33.0,0.0,0.0,0.0,10,33.5,34.5,40,35.0,31.5,33.0,31.5,20.0,6450.0,268
2023-05-09 21:17:43,c2311-C-2640,c2311-C-2640,33.0,0.0,0.0,0.0,10,33.5,34.5,50,35.0,31.5,33.0,31.5,20.0,6450.0,268
2023-05-09 21:17:46,c2311-C-2640,c2311-C-2640,33.0,0.0,0.0,0.0,60,33.0,34.5,50,35.0,31.5,33.0,31.5,20.0,6450.0,268
2023-05-09 21:17:46,c2311-C-2640,c2311-C-2640,33.0,0.0,0.0,0.0,10,33.5,34.5,50,35.0,31.5,33.0,31.5,20.0,6450.0,268
2023-05-09 21:17:52,c2311-C-2640,c2311-C-2640,33.0,0.0,0.0,0.0,10,33.5,34.5,40,35.0,31.5,33.0,31.5,20.0,6450.0,268
2023-05-09 21:17:59,c2311-C-2640,c2311-C-2640,33.0,0.0,0.0,0.0,10,33.5,34.5,50,35.0,31.5,33.0,31.5,20.0,6450.0,268
2023-05-09 21:17:59,c2311-C-2640,c2311-C-2640,33.0,0.0,0.0,0.0,10,33.5,34.5,40,35.0,31.5,33.0,31.5,20.0,6450.0,268
2023-05-09 21:18:01,c2311-C-2640,c2311-C-2640,33.0,0.0,0.0,0.0,10,33.5,34.5,50,35.0,31.5,33.0,31.5,20.0,6450.0,268
2023-05-09 21:18:02,c2311-C-2640,c2311-C-2640,33.0,0.0,0.0,0.0,20,33.5,34.5,30,35.0,31.5,33.0,31.5,20.0,6450.0,268
2023-05-09 21:18:03,c2311-C-2640,c2311-C-2640,33.0,0.0,0.0,0.0,45,33.5,34.5,40,35.0,31.5,33.0,31.5,20.0,6450.0,268
2023-05-09 21:18:06,c2311-C-2640,c2311-C-2640,33.0,0.0,0.0,0.0,45,33.5,34.5,30,35.0,31.5,33.0,31.5,20.0,6450.0,268
2023-05-09 21:18:06,c2311-C-2640,c2311-C-2640,33.0,0.0,0.0,0.0,45,33.5,34.5,40,35.0,31.5,33.0,31.5,20.0,6450.0,268
2023-05-09 21:18:06,c2311-C-2640,c2311-C-2640,33.0,0.0,0.0,0.0,45,33.5,34.5,30,35.0,31.5,33.0,31.5,20.0,6450.0,268
2023-05-09 21:18:11,c2311-C-2640,c2311-C-2640,33.0,0.0,0.0,0.0,35,33.5,34.5,40,35.0,31.5,33.0,31.5,20.0,6450.0,268
2023-05-09 21:18:13,c2311-C-2640,c2311-C-2640,33.0,0.0,0.0,0.0,10,33.5,34.5,40,35.0,31.5,33.0,31.5,20.0,6450.0,268
2023-05-09 21:18:15,c2311-C-2640,c2311-C-2640,33.0,0.0,0.0,0.0,60,33.0,34.5,50,35.0,31.5,33.0,31.5,20.0,6450.0,268
2023-05-09 21:18:17,c2311-C-2640,c2311-C-2640,33.0,0.0,0.0,0.0,10,33.5,34.5,50,35.0,31.5,33.0,31.5,20.0,6450.0,268
2023-05-09 21:18:21,c2311-C-2640,c2311-C-2640,33.0,0.0,0.0,0.0,10,33.5,34.5,40,35.0,31.5,33.0,31.5,20.0,6450.0,268
2023-05-09 21:18:29,c2311-C-2640,c2311-C-2640,33.0,0.0,0.0,0.0,10,33.5,34.5,30,35.0,31.5,33.0,31.5,20.0,6450.0,268
2023-05-09 21:18:30,c2311-C-2640,c2311-C-2640,33.0,0.0,0.0,0.0,35,33.5,34.5,30,35.0,31.5,33.0,31.5,20.0,6450.0,268
2023-05-09 21:18:31,c2311-C-2640,c2311-C-2640,33.0,0.0,0.0,0.0,10,33.5,34.5,30,35.0,31.5,33.0,31.5,20.0,6450.0,268
2023-05-09 21:18:33,c2311-C-2640,c2311-C-2640,33.0,0.0,0.0,0.0,10,33.5,34.5,40,35.0,31.5,33.0,31.5,20.0,6450.0,268
2023-05-09 21:18:37,c2311-C-2640,c2311-C-2640,33.0,0.0,0.0,0.0,60,33.0,34.5,40,35.0,31.5,33.0,31.5,20.0,6450.0,268
2023-05-09 21:18:38,c2311-C-2640,c2311-C-2640,33.0,0.0,0.0,0.0,10,33.5,34.5,40,35.0,31.5,33.0,31.5,20.0,6450.0,268
2023-05-09 21:18:40,c2311-C-2640,c2311-C-2640,33.0,0.0,0.0,0.0,10,33.5,34.5,30,35.0,31.5,33.0,31.5,20.0,6450.0,268
2023-05-09 21:18:42,c2311-C-2640,c2311-C-2640,33.0,0.0,0.0,0.0,10,33.5,34.5,40,35.0,31.5,33.0,31.5,20.0,6450.0,268
2023-05-09 21:18:44,c2311-C-2640,c2311-C-2640,33.0,0.0,0.0,0.0,10,33.5,34.5,50,35.0,31.5,33.0,31.5,20.0,6450.0,268
2023-05-09 21:18:47,c2311-C-2640,c2311-C-2640,33.0,0.0,0.0,0.0,10,33.5,34.5,40,35.0,31.5,33.0,31.5,20.0,6450.0,268
2023-05-09 21:18:48,c2311-C-2640,c2311-C-2640,33.0,0.0,0.0,0.0,45,33.5,34.5,30,35.0,31.5,33.0,31.5,20.0,6450.0,268
2023-05-09 21:18:48,c2311-C-2640,c2311-C-2640,33.0,0.0,0.0,0.0,55,33.5,34.5,30,35.0,31.5,33.0,31.5,20.0,6450.0,268
2023-05-09 21:18:50,c2311-C-2640,c2311-C-2640,33.0,0.0,0.0,0.0,35,33.5,34.5,40,35.0,31.5,33.0,31.5,20.0,6450.0,268
2023-05-09 21:18:52,c2311-C-2640,c2311-C-2640,33.0,0.0,0.0,0.0,10,33.5,34.5,40,35.0,31.5,33.0,31.5,20.0,6450.0,268
2023-05-09 21:18:54,c2311-C-2640,c2311-C-2640,33.0,0.0,0.0,0.0,10,33.5,34.5,50,35.0,31.5,33.0,31.5,20.0,6450.0,268
2023-05-09 21:19:04,c2311-C-2640,c2311-C-2640,33.0,0.0,0.0,0.0,10,33.5,34.5,60,35.0,31.5,33.0,31.5,20.0,6450.0,268
2023-05-09 21:19:05,c2311-C-2640,c2311-C-2640,33.0,0.0,0.0,0.0,60,33.0,34.5,60,35.0,31.5,33.0,31.5,20.0,6450.0,268
2023-05-09 21:19:05,c2311-C-2640,c2311-C-2640,33.0,0.0,0.0,0.0,50,33.0,34.5,60,35.0,31.5,33.0,31.5,20.0,6450.0,268
2023-05-09 21:19:16,c2311-C-2640,c2311-C-2640,33.0,0.0,0.0,0.0,60,33.0,34.5,60,35.0,31.5,33.0,31.5,20.0,6450.0,268
2023-05-09 21:19:21,c2311-C-2640,c2311-C-2640,33.0,0.0,0.0,0.0,40,33.0,34.0,10,35.0,31.5,33.0,31.5,20.0,6450.0,268
2023-05-09 21:19:22,c2311-C-2640,c2311-C-2640,33.0,0.0,0.0,0.0,40,33.0,34.0,20,35.0,31.5,33.0,31.5,20.0,6450.0,268
2023-05-09 21:19:26,c2311-C-2640,c2311-C-2640,33.0,0.0,0.0,0.0,20,33.0,34.0,30,35.0,31.5,33.0,31.5,20.0,6450.0,268
2023-05-09 21:19:29,c2311-C-2640,c2311-C-2640,33.0,0.0,0.0,0.0,10,33.0,34.0,40,35.0,31.5,33.0,31.5,20.0,6450.0,268
2023-05-09 21:19:35,c2311-C-2640,c2311-C-2640,33.0,0.0,0.0,0.0,10,33.0,34.0,50,35.0,31.5,33.0,31.5,20.0,6450.0,268
2023-05-09 21:19:36,c2311-C-2640,c2311-C-2640,33.0,0.0,0.0,0.0,10,33.0,34.0,40,35.0,31.5,33.0,31.5,20.0,6450.0,268
2023-05-09 21:19:44,c2311-C-2640,c2311-C-2640,33.0,0.0,0.0,0.0,20,33.0,34.0,40,35.0,31.5,33.0,31.5,20.0,6450.0,268
2023-05-09 21:19:45,c2311-C-2640,c2311-C-2640,33.0,0.0,0.0,0.0,10,33.0,34.0,40,35.0,31.5,33.0,31.5,20.0,6450.0,268
2023-05-09 21:19:49,c2311-C-2640,c2311-C-2640,33.0,0.0,0.0,0.0,20,33.0,34.0,40,35.0,31.5,33.0,31.5,20.0,6450.0,268
2023-05-09 21:19:56,c2311-C-2640,c2311-C-2640,33.0,0.0,0.0,0.0,40,33.0,34.0,30,35.0,31.5,33.0,31.5,20.0,6450.0,268
2023-05-09 21:19:56,c2311-C-2640,c2311-C-2640,33.0,0.0,0.0,0.0,40,33.0,34.0,20,35.0,31.5,33.0,31.5,20.0,6450.0,268
2023-05-09 21:20:01,c2311-C-2640,c2311-C-2640,33.0,0.0,0.0,0.0,40,33.0,34.0,10,35.0,31.5,33.0,31.5,20.0,6450.0,268
2023-05-09 21:20:01,c2311-C-2640,c2311-C-2640,33.0,0.0,0.0,0.0,50,33.0,34.0,10,35.0,31.5,33.0,31.5,20.0,6450.0,268
2023-05-09 21:20:02,c2311-C-2640,c2311-C-2640,33.0,0.0,0.0,0.0,10,33.5,34.0,10,35.0,31.5,33.0,31.5,20.0,6450.0,268
2023-05-09 21:20:03,c2311-C-2640,c2311-C-2640,33.0,0.0,0.0,0.0,50,33.0,34.0,10,35.0,31.5,33.0,31.5,20.0,6450.0,268
2023-05-09 21:20:04,c2311-C-2640,c2311-C-2640,33.0,0.0,0.0,0.0,40,33.0,34.0,10,35.0,31.5,33.0,31.5,20.0,6450.0,268
2023-05-09 21:20:09,c2311-C-2640,c2311-C-2640,33.0,0.0,0.0,0.0,50,33.0,34.0,10,35.0,31.5,33.0,31.5,20.0,6450.0,268
2023-05-09 21:20:12,c2311-C-2640,c2311-C-2640,33.0,0.0,0.0,0.0,60,33.0,34.0,10,35.0,31.5,33.0,31.5,20.0,6450.0,268
2023-05-09 21:20:14,c2311-C-2640,c2311-C-2640,33.0,0.0,0.0,0.0,50,33.0,34.0,10,35.0,31.5,33.0,31.5,20.0,6450.0,268
2023-05-09 21:20:19,c2311-C-2640,c2311-C-2640,33.0,0.0,0.0,0.0,40,33.0,34.0,10,35.0,31.5,33.0,31.5,20.0,6450.0,268
2023-05-09 21:20:19,c2311-C-2640,c2311-C-2640,33.0,0.0,0.0,0.0,50,33.0,34.0,10,35.0,31.5,33.0,31.5,20.0,6450.0,268
2023-05-09 21:20:20,c2311-C-2640,c2311-C-2640,33.0,0.0,0.0,0.0,40,33.0,34.0,10,35.0,31.5,33.0,31.5,20.0,6450.0,268
2023-05-09 21:20:21,c2311-C-2640,c2311-C-2640,33.0,0.0,0.0,0.0,50,33.0,34.0,10,35.0,31.5,33.0,31.5,20.0,6450.0,268
2023-05-09 21:20:21,c2311-C-2640,c2311-C-2640,33.0,0.0,0.0,0.0,60,33.0,34.0,10,35.0,31.5,33.0,31.5,20.0,6450.0,268
2023-05-09 21:20:22,c2311-C-2640,c2311-C-2640,33.0,0.0,0.0,0.0,50,33.0,34.0,10,35.0,31.5,33.0,31.5,20.0,6450.0,268
2023-05-09 21:20:23,c2311-C-2640,c2311-C-2640,33.0,0.0,0.0,0.0,60,33.0,34.0,10,35.0,31.5,33.0,31.5,20.0,6450.0,268
2023-05-09 21:20:24,c2311-C-2640,c2311-C-2640,33.0,0.0,0.0,0.0,10,33.5,34.0,10,35.0,31.5,33.0,31.5,20.0,6450.0,268
2023-05-09 21:20:27,c2311-C-2640,c2311-C-2640,33.0,0.0,0.0,0.0,10,33.5,34.5,50,35.0,31.5,33.0,31.5,20.0,6450.0,268
2023-05-09 21:20:27,c2311-C-2640,c2311-C-2640,33.0,0.0,0.0,0.0,10,33.5,34.5,40,35.0,31.5,33.0,31.5,20.0,6450.0,268
2023-05-09 21:20:28,c2311-C-2640,c2311-C-2640,33.0,0.0,0.0,0.0,35,33.5,34.5,40,35.0,31.5,33.0,31.5,20.0,6450.0,268
2023-05-09 21:20:31,c2311-C-2640,c2311-C-2640,33.0,0.0,0.0,0.0,35,33.5,34.5,30,35.0,31.5,33.0,31.5,20.0,6450.0,268
2023-05-09 21:20:38,c2311-C-2640,c2311-C-2640,33.0,0.0,0.0,0.0,35,33.5,34.5,50,35.0,31.5,33.0,31.5,20.0,6450.0,268
2023-05-09 21:20:38,c2311-C-2640,c2311-C-2640,33.0,0.0,0.0,0.0,10,33.5,34.5,60,35.0,31.5,33.0,31.5,20.0,6450.0,268
2023-05-09 21:20:46,c2311-C-2640,c2311-C-2640,33.0,0.0,0.0,0.0,30,33.5,34.5,30,35.0,31.5,33.0,31.5,20.0,6450.0,268
2023-05-09 21:20:53,c2311-C-2640,c2311-C-2640,33.0,0.0,0.0,0.0,55,33.5,34.5,30,35.0,31.5,33.0,31.5,20.0,6450.0,268
2023-05-09 21:21:01,c2311-C-2640,c2311-C-2640,33.0,0.0,0.0,0.0,55,33.5,34.5,40,35.0,31.5,33.0,31.5,20.0,6450.0,268
2023-05-09 21:21:03,c2311-C-2640,c2311-C-2640,33.0,0.0,0.0,0.0,55,33.5,34.5,30,35.0,31.5,33.0,31.5,20.0,6450.0,268
2023-05-09 21:21:04,c2311-C-2640,c2311-C-2640,33.0,0.0,0.0,0.0,65,33.5,34.5,30,35.0,31.5,33.0,31.5,20.0,6450.0,268
2023-05-09 21:21:04,c2311-C-2640,c2311-C-2640,33.0,0.0,0.0,0.0,55,33.5,34.5,30,35.0,31.5,33.0,31.5,20.0,6450.0,268
2023-05-09 21:21:06,c2311-C-2640,c2311-C-2640,33.0,0.0,0.0,0.0,65,33.5,34.5,30,35.0,31.5,33.0,31.5,20.0,6450.0,268
2023-05-09 21:21:07,c2311-C-2640,c2311-C-2640,33.0,0.0,0.0,0.0,75,33.5,34.5,30,35.0,31.5,33.0,31.5,20.0,6450.0,268
2023-05-09 21:21:08,c2311-C-2640,c2311-C-2640,33.0,0.0,0.0,0.0,75,33.5,34.5,10,35.0,31.5,33.0,31.5,20.0,6450.0,268
2023-05-09 21:21:09,c2311-C-2640,c2311-C-2640,33.0,0.0,0.0,0.0,75,33.5,34.5,30,35.0,31.5,33.0,31.5,20.0,6450.0,268
2023-05-09 21:21:09,c2311-C-2640,c2311-C-2640,33.0,0.0,0.0,0.0,75,33.5,34.5,10,35.0,31.5,33.0,31.5,20.0,6450.0,268
2023-05-09 21:21:10,c2311-C-2640,c2311-C-2640,33.0,0.0,0.0,0.0,65,33.5,34.5,10,35.0,31.5,33.0,31.5,20.0,6450.0,268
2023-05-09 21:21:11,c2311-C-2640,c2311-C-2640,33.0,0.0,0.0,0.0,55,33.5,34.5,10,35.0,31.5,33.0,31.5,20.0,6450.0,268
2023-05-09 21:21:13,c2311-C-2640,c2311-C-2640,33.0,0.0,0.0,0.0,75,33.5,34.5,10,35.0,31.5,33.0,31.5,20.0,6450.0,268
2023-05-09 21:21:13,c2311-C-2640,c2311-C-2640,33.0,0.0,0.0,0.0,85,33.5,34.5,10,35.0,31.5,33.0,31.5,20.0,6450.0,268
2023-05-09 21:21:17,c2311-C-2640,c2311-C-2640,33.0,0.0,0.0,0.0,85,33.5,35.0,70,35.0,31.5,33.0,31.5,20.0,6450.0,268
2023-05-09 21:21:19,c2311-C-2640,c2311-C-2640,33.0,0.0,0.0,0.0,95,33.5,35.0,70,35.0,31.5,33.0,31.5,20.0,6450.0,268
2023-05-09 21:21:20,c2311-C-2640,c2311-C-2640,33.0,0.0,0.0,0.0,10,34.0,35.0,60,35.0,31.5,33.0,31.5,20.0,6450.0,268
2023-05-09 21:21:23,c2311-C-2640,c2311-C-2640,33.0,0.0,0.0,0.0,10,34.0,35.0,70,35.0,31.5,33.0,31.5,20.0,6450.0,268
2023-05-09 21:21:26,c2311-C-2640,c2311-C-2640,33.0,0.0,0.0,0.0,10,34.0,35.0,60,35.0,31.5,33.0,31.5,20.0,6450.0,268
2023-05-09 21:21:27,c2311-C-2640,c2311-C-2640,33.0,0.0,0.0,0.0,10,34.0,35.0,70,35.0,31.5,33.0,31.5,20.0,6450.0,268
2023-05-09 21:21:29,c2311-C-2640,c2311-C-2640,33.0,0.0,0.0,0.0,10,34.0,35.0,60,35.0,31.5,33.0,31.5,20.0,6450.0,268
2023-05-09 21:21:30,c2311-C-2640,c2311-C-2640,33.0,0.0,0.0,0.0,10,34.0,35.0,70,35.0,31.5,33.0,31.5,20.0,6450.0,268
2023-05-09 21:21:31,c2311-C-2640,c2311-C-2640,33.0,0.0,0.0,0.0,10,34.0,35.0,60,35.0,31.5,33.0,31.5,20.0,6450.0,268
2023-05-09 21:21:49,c2311-C-2640,c2311-C-2640,33.0,0.0,0.0,0.0,10,34.0,35.0,70,35.0,31.5,33.0,31.5,20.0,6450.0,268
2023-05-09 21:21:53,c2311-C-2640,c2311-C-2640,33.0,0.0,0.0,0.0,10,34.0,35.0,60,35.0,31.5,33.0,31.5,20.0,6450.0,268
2023-05-09 21:21:53,c2311-C-2640,c2311-C-2640,33.0,0.0,0.0,0.0,10,34.0,35.0,70,35.0,31.5,33.0,31.5,20.0,6450.0,268
2023-05-09 21:21:54,c2311-C-2640,c2311-C-2640,33.0,0.0,0.0,0.0,60,33.5,35.0,70,35.0,31.5,33.0,31.5,20.0,6450.0,268
2023-05-09 21:21:55,c2311-C-2640,c2311-C-2640,33.0,0.0,0.0,0.0,10,34.0,35.0,70,35.0,31.5,33.0,31.5,20.0,6450.0,268
2023-05-09 21:21:58,c2311-C-2640,c2311-C-2640,33.0,0.0,0.0,0.0,20,34.0,35.0,70,35.0,31.5,33.0,31.5,20.0,6450.0,268
2023-05-09 21:22:02,c2311-C-2640,c2311-C-2640,33.0,0.0,0.0,0.0,10,34.0,35.0,70,35.0,31.5,33.0,31.5,20.0,6450.0,268
2023-05-09 21:22:07,c2311-C-2640,c2311-C-2640,33.0,0.0,0.0,0.0,20,34.0,35.0,70,35.0,31.5,33.0,31.5,20.0,6450.0,268
2023-05-09 21:22:08,c2311-C-2640,c2311-C-2640,33.0,0.0,0.0,0.0,10,34.0,35.0,70,35.0,31.5,33.0,31.5,20.0,6450.0,268
2023-05-09 21:22:16,c2311-C-2640,c2311-C-2640,33.0,0.0,0.0,0.0,20,34.0,35.0,70,35.0,31.5,33.0,31.5,20.0,6450.0,268
2023-05-09 21:22:17,c2311-C-2640,c2311-C-2640,33.0,0.0,0.0,0.0,10,34.0,35.0,70,35.0,31.5,33.0,31.5,20.0,6450.0,268
2023-05-09 21:22:18,c2311-C-2640,c2311-C-2640,33.0,0.0,0.0,0.0,20,34.0,35.0,70,35.0,31.5,33.0,31.5,20.0,6450.0,268
2023-05-09 21:22:19,c2311-C-2640,c2311-C-2640,33.0,0.0,0.0,0.0,10,34.0,34.5,30,35.0,31.5,33.0,31.5,20.0,6450.0,268
2023-05-09 21:22:23,c2311-C-2640,c2311-C-2640,33.0,0.0,0.0,0.0,10,34.0,34.5,50,35.0,31.5,33.0,31.5,20.0,6450.0,268
2023-05-09 21:22:26,c2311-C-2640,c2311-C-2640,33.0,0.0,0.0,0.0,30,33.5,34.5,50,35.0,31.5,33.0,31.5,20.0,6450.0,268
2023-05-09 21:22:27,c2311-C-2640,c2311-C-2640,33.0,0.0,0.0,0.0,30,33.5,34.5,60,35.0,31.5,33.0,31.5,20.0,6450.0,268
2023-05-09 21:22:28,c2311-C-2640,c2311-C-2640,33.0,0.0,0.0,0.0,20,33.5,34.5,50,35.0,31.5,33.0,31.5,20.0,6450.0,268
2023-05-09 21:22:35,c2311-C-2640,c2311-C-2640,33.0,0.0,0.0,0.0,20,33.5,34.5,40,35.0,31.5,33.0,31.5,20.0,6450.0,268
2023-05-09 21:22:36,c2311-C-2640,c2311-C-2640,33.0,0.0,0.0,0.0,20,33.5,34.5,30,35.0,31.5,33.0,31.5,20.0,6450.0,268
2023-05-09 21:22:56,c2311-C-2640,c2311-C-2640,33.0,0.0,0.0,0.0,30,33.5,34.5,30,35.0,31.5,33.0,31.5,20.0,6450.0,268
2023-05-09 21:23:05,c2311-C-2640,c2311-C-2640,33.0,0.0,0.0,0.0,40,33.5,34.5,40,35.0,31.5,33.0,31.5,20.0,6450.0,268
2023-05-09 21:23:07,c2311-C-2640,c2311-C-2640,33.0,0.0,0.0,0.0,40,33.5,34.5,30,35.0,31.5,33.0,31.5,20.0,6450.0,268
2023-05-09 21:23:23,c2311-C-2640,c2311-C-2640,33.0,0.0,0.0,0.0,50,33.5,34.5,30,35.0,31.5,33.0,31.5,20.0,6450.0,268
2023-05-09 21:23:24,c2311-C-2640,c2311-C-2640,33.0,0.0,0.0,0.0,50,33.5,34.5,40,35.0,31.5,33.0,31.5,20.0,6450.0,268
2023-05-09 21:23:24,c2311-C-2640,c2311-C-2640,33.0,0.0,0.0,0.0,40,33.5,34.5,40,35.0,31.5,33.0,31.5,20.0,6450.0,268
2023-05-09 21:23:25,c2311-C-2640,c2311-C-2640,33.0,0.0,0.0,0.0,40,33.5,34.5,30,35.0,31.5,33.0,31.5,20.0,6450.0,268
2023-05-09 21:23:39,c2311-C-2640,c2311-C-2640,33.0,0.0,0.0,0.0,50,33.5,34.5,30,35.0,31.5,33.0,31.5,20.0,6450.0,268
2023-05-09 21:23:39,c2311-C-2640,c2311-C-2640,33.0,0.0,0.0,0.0,40,33.5,34.5,30,35.0,31.5,33.0,31.5,20.0,6450.0,268
2023-05-09 21:23:55,c2311-C-2640,c2311-C-2640,33.0,0.0,0.0,0.0,80,33.5,34.5,10,35.0,31.5,33.0,31.5,20.0,6450.0,268
2023-05-09 21:23:56,c2311-C-2640,c2311-C-2640,33.0,0.0,0.0,0.0,80,33.5,35.0,80,35.0,31.5,33.0,31.5,20.0,6450.0,268
2023-05-09 21:23:57,c2311-C-2640,c2311-C-2640,33.0,0.0,0.0,0.0,105,33.5,35.0,80,35.0,31.5,33.0,31.5,20.0,6450.0,268
2023-05-09 21:23:58,c2311-C-2640,c2311-C-2640,33.0,0.0,0.0,0.0,80,33.5,35.0,80,35.0,31.5,33.0,31.5,20.0,6450.0,268
2023-05-09 21:24:06,c2311-C-2640,c2311-C-2640,33.0,0.0,0.0,0.0,10,34.0,35.0,80,35.0,31.5,33.0,31.5,20.0,6450.0,268
2023-05-09 21:24:07,c2311-C-2640,c2311-C-2640,33.0,0.0,0.0,0.0,20,34.0,35.0,80,35.0,31.5,33.0,31.5,20.0,6450.0,268
2023-05-09 21:24:23,c2311-C-2640,c2311-C-2640,33.0,0.0,0.0,0.0,40,34.0,35.0,40,35.0,31.5,33.0,31.5,20.0,6450.0,268
2023-05-09 21:24:23,c2311-C-2640,c2311-C-2640,33.0,0.0,0.0,0.0,85,34.0,35.0,30,35.0,31.5,33.0,31.5,20.0,6450.0,268
2023-05-09 21:24:23,c2311-C-2640,c2311-C-2640,33.0,0.0,0.0,0.0,85,34.0,35.0,40,35.0,31.5,33.0,31.5,20.0,6450.0,268
2023-05-09 21:24:24,c2311-C-2640,c2311-C-2640,33.0,0.0,0.0,0.0,75,34.0,35.0,40,35.0,31.5,33.0,31.5,20.0,6450.0,268
2023-05-09 21:24:26,c2311-C-2640,c2311-C-2640,33.0,0.0,0.0,0.0,75,34.0,35.0,50,35.0,31.5,33.0,31.5,20.0,6450.0,268
2023-05-09 21:25:05,c2311-C-2640,c2311-C-2640,33.0,0.0,0.0,0.0,65,34.0,35.0,50,35.0,31.5,33.0,31.5,20.0,6450.0,268
2023-05-09 21:25:08,c2311-C-2640,c2311-C-2640,33.0,0.0,0.0,0.0,30,34.0,35.0,80,35.0,31.5,33.0,31.5,20.0,6450.0,268
2023-05-09 21:25:08,c2311-C-2640,c2311-C-2640,33.0,0.0,0.0,0.0,20,34.0,35.0,80,35.0,31.5,33.0,31.5,20.0,6450.0,268
2023-05-09 21:25:09,c2311-C-2640,c2311-C-2640,33.0,0.0,0.0,0.0,30,34.0,35.0,60,35.0,31.5,33.0,31.5,20.0,6450.0,268
2023-05-09 21:25:10,c2311-C-2640,c2311-C-2640,33.0,0.0,0.0,0.0,65,34.0,35.0,40,35.0,31.5,33.0,31.5,20.0,6450.0,268
2023-05-09 21:25:11,c2311-C-2640,c2311-C-2640,33.0,0.0,0.0,0.0,40,34.0,35.0,40,35.0,31.5,33.0,31.5,20.0,6450.0,268
2023-05-09 21:25:13,c2311-C-2640,c2311-C-2640,33.0,0.0,0.0,0.0,40,34.0,35.0,50,35.0,31.5,33.0,31.5,20.0,6450.0,268
2023-05-09 21:25:18,c2311-C-2640,c2311-C-2640,33.0,0.0,0.0,0.0,65,34.0,35.0,50,35.0,31.5,33.0,31.5,20.0,6450.0,268
2023-05-09 21:25:20,c2311-C-2640,c2311-C-2640,33.0,0.0,0.0,0.0,55,34.0,35.0,60,35.0,31.5,33.0,31.5,20.0,6450.0,268
2023-05-09 21:25:20,c2311-C-2640,c2311-C-2640,33.0,0.0,0.0,0.0,30,34.0,35.0,60,35.0,31.5,33.0,31.5,20.0,6450.0,268
2023-05-09 21:25:21,c2311-C-2640,c2311-C-2640,33.0,0.0,0.0,0.0,30,34.0,35.0,70,35.0,31.5,33.0,31.5,20.0,6450.0,268
2023-05-09 21:25:23,c2311-C-2640,c2311-C-2640,33.0,0.0,0.0,0.0,10,34.0,35.0,80,35.0,31.5,33.0,31.5,20.0,6450.0,268
2023-05-09 21:25:24,c2311-C-2640,c2311-C-2640,33.0,0.0,0.0,0.0,30,34.0,35.0,80,35.0,31.5,33.0,31.5,20.0,6450.0,268
2023-05-09 21:25:29,c2311-C-2640,c2311-C-2640,33.0,0.0,0.0,0.0,20,34.0,35.0,80,35.0,31.5,33.0,31.5,20.0,6450.0,268
2023-05-09 21:25:32,c2311-C-2640,c2311-C-2640,33.0,0.0,0.0,0.0,30,34.0,35.0,80,35.0,31.5,33.0,31.5,20.0,6450.0,268
2023-05-09 21:25:44,c2311-C-2640,c2311-C-2640,33.0,0.0,0.0,0.0,10,34.0,35.0,80,35.0,31.5,33.0,31.5,20.0,6450.0,268
2023-05-09 21:25:48,c2311-C-2640,c2311-C-2640,33.0,0.0,0.0,0.0,20,34.0,35.0,80,35.0,31.5,33.0,31.5,20.0,6450.0,268
2023-05-09 21:25:50,c2311-C-2640,c2311-C-2640,33.0,0.0,0.0,0.0,10,34.0,35.0,80,35.0,31.5,33.0,31.5,20.0,6450.0,268
2023-05-09 21:25:51,c2311-C-2640,c2311-C-2640,33.0,0.0,0.0,0.0,20,34.0,35.0,80,35.0,31.5,33.0,31.5,20.0,6450.0,268
2023-05-09 21:26:01,c2311-C-2640,c2311-C-2640,33.0,0.0,0.0,0.0,20,34.0,35.0,70,35.0,31.5,33.0,31.5,20.0,6450.0,268
2023-05-09 21:26:02,c2311-C-2640,c2311-C-2640,33.0,0.0,0.0,0.0,20,34.0,34.5,10,35.0,31.5,33.0,31.5,20.0,6450.0,268
2023-05-09 21:26:03,c2311-C-2640,c2311-C-2640,33.0,0.0,0.0,0.0,20,34.0,35.0,70,35.0,31.5,33.0,31.5,20.0,6450.0,268
2023-05-09 21:26:04,c2311-C-2640,c2311-C-2640,33.0,0.0,0.0,0.0,20,34.0,35.0,80,35.0,31.5,33.0,31.5,20.0,6450.0,268
2023-05-09 21:26:10,c2311-C-2640,c2311-C-2640,33.0,0.0,0.0,0.0,10,34.0,34.5,10,35.0,31.5,33.0,31.5,20.0,6450.0,268
2023-05-09 21:26:10,c2311-C-2640,c2311-C-2640,33.0,0.0,0.0,0.0,10,34.0,34.5,20,35.0,31.5,33.0,31.5,20.0,6450.0,268
2023-05-09 21:26:11,c2311-C-2640,c2311-C-2640,33.0,0.0,0.0,0.0,10,34.0,34.5,30,35.0,31.5,33.0,31.5,20.0,6450.0,268
2023-05-09 21:26:12,c2311-C-2640,c2311-C-2640,33.0,0.0,0.0,0.0,70,33.5,34.5,30,35.0,31.5,33.0,31.5,20.0,6450.0,268
2023-05-09 21:26:12,c2311-C-2640,c2311-C-2640,33.0,0.0,0.0,0.0,10,34.0,34.5,30,35.0,31.5,33.0,31.5,20.0,6450.0,268
2023-05-09 21:26:20,c2311-C-2640,c2311-C-2640,33.0,0.0,0.0,0.0,10,34.0,34.5,40,35.0,31.5,33.0,31.5,20.0,6450.0,268
2023-05-09 21:26:21,c2311-C-2640,c2311-C-2640,33.0,0.0,0.0,0.0,10,34.0,34.5,30,35.0,31.5,33.0,31.5,20.0,6450.0,268
2023-05-09 21:26:29,c2311-C-2640,c2311-C-2640,33.0,0.0,0.0,0.0,10,34.0,34.5,10,35.0,31.5,33.0,31.5,20.0,6450.0,268
2023-05-09 21:26:37,c2311-C-2640,c2311-C-2640,33.0,0.0,0.0,0.0,10,34.0,35.0,80,35.0,31.5,33.0,31.5,20.0,6450.0,268
2023-05-09 21:26:44,c2311-C-2640,c2311-C-2640,33.0,0.0,0.0,0.0,10,34.0,34.5,20,35.0,31.5,33.0,31.5,20.0,6450.0,268
2023-05-09 21:26:44,c2311-C-2640,c2311-C-2640,33.0,0.0,0.0,0.0,10,34.0,34.5,30,35.0,31.5,33.0,31.5,20.0,6450.0,268
2023-05-09 21:26:44,c2311-C-2640,c2311-C-2640,33.0,0.0,0.0,0.0,10,34.0,34.5,40,35.0,31.5,33.0,31.5,20.0,6450.0,268
2023-05-09 21:26:46,c2311-C-2640,c2311-C-2640,33.0,0.0,0.0,0.0,10,34.0,34.5,60,35.0,31.5,33.0,31.5,20.0,6450.0,268
2023-05-09 21:26:47,c2311-C-2640,c2311-C-2640,33.0,0.0,0.0,0.0,40,33.5,34.5,50,35.0,31.5,33.0,31.5,20.0,6450.0,268
2023-05-09 21:26:47,c2311-C-2640,c2311-C-2640,33.0,0.0,0.0,0.0,50,33.5,34.5,50,35.0,31.5,33.0,31.5,20.0,6450.0,268
2023-05-09 21:26:48,c2311-C-2640,c2311-C-2640,33.0,0.0,0.0,0.0,40,33.5,34.5,50,35.0,31.5,33.0,31.5,20.0,6450.0,268
2023-05-09 21:26:52,c2311-C-2640,c2311-C-2640,33.0,0.0,0.0,0.0,30,33.5,34.5,50,35.0,31.5,33.0,31.5,20.0,6450.0,268
2023-05-09 21:26:52,c2311-C-2640,c2311-C-2640,33.0,0.0,0.0,0.0,20,33.5,34.5,50,35.0,31.5,33.0,31.5,20.0,6450.0,268
2023-05-09 21:26:56,c2311-C-2640,c2311-C-2640,33.0,0.0,0.0,0.0,20,33.5,34.5,60,35.0,31.5,33.0,31.5,20.0,6450.0,268
2023-05-09 21:27:01,c2311-C-2640,c2311-C-2640,33.0,0.0,0.0,0.0,20,33.5,34.5,70,35.0,31.5,33.0,31.5,20.0,6450.0,268
2023-05-09 21:27:05,c2311-C-2640,c2311-C-2640,33.0,0.0,0.0,0.0,20,33.5,34.5,60,35.0,31.5,33.0,31.5,20.0,6450.0,268
2023-05-09 21:27:06,c2311-C-2640,c2311-C-2640,33.0,0.0,0.0,0.0,20,33.5,34.5,70,35.0,31.5,33.0,31.5,20.0,6450.0,268
2023-05-09 21:27:07,c2311-C-2640,c2311-C-2640,33.0,0.0,0.0,0.0,20,33.5,34.5,60,35.0,31.5,33.0,31.5,20.0,6450.0,268
2023-05-09 21:27:08,c2311-C-2640,c2311-C-2640,33.0,0.0,0.0,0.0,20,33.5,34.5,70,35.0,31.5,33.0,31.5,20.0,6450.0,268
2023-05-09 21:27:23,c2311-C-2640,c2311-C-2640,33.0,0.0,0.0,0.0,20,33.5,34.5,60,35.0,31.5,33.0,31.5,20.0,6450.0,268
2023-05-09 21:27:25,c2311-C-2640,c2311-C-2640,33.0,0.0,0.0,0.0,20,33.5,34.5,70,35.0,31.5,33.0,31.5,20.0,6450.0,268
2023-05-09 21:27:30,c2311-C-2640,c2311-C-2640,33.0,0.0,0.0,0.0,20,33.5,34.5,60,35.0,31.5,33.0,31.5,20.0,6450.0,268
2023-05-09 21:27:35,c2311-C-2640,c2311-C-2640,33.0,0.0,0.0,0.0,20,33.5,34.0,10,35.0,31.5,33.0,31.5,20.0,6450.0,268
2023-05-09 21:27:35,c2311-C-2640,c2311-C-2640,33.0,0.0,0.0,0.0,20,33.5,34.5,50,35.0,31.5,33.0,31.5,20.0,6450.0,268
2023-05-09 21:27:36,c2311-C-2640,c2311-C-2640,33.0,0.0,0.0,0.0,10,33.5,34.0,20,35.0,31.5,33.0,31.5,20.0,6450.0,268
2023-05-09 21:27:36,c2311-C-2640,c2311-C-2640,33.0,0.0,0.0,0.0,10,33.5,34.0,30,35.0,31.5,33.0,31.5,20.0,6450.0,268
2023-05-09 21:27:38,c2311-C-2640,c2311-C-2640,33.0,0.0,0.0,0.0,10,33.5,34.5,70,35.0,31.5,33.0,31.5,20.0,6450.0,268
2023-05-09 21:27:38,c2311-C-2640,c2311-C-2640,33.0,0.0,0.0,0.0,10,33.5,34.0,10,35.0,31.5,33.0,31.5,20.0,6450.0,268
2023-05-09 21:27:39,c2311-C-2640,c2311-C-2640,33.0,0.0,0.0,0.0,20,33.5,34.0,10,35.0,31.5,33.0,31.5,20.0,6450.0,268
2023-05-09 21:27:42,c2311-C-2640,c2311-C-2640,33.0,0.0,0.0,0.0,20,33.5,34.0,20,35.0,31.5,33.0,31.5,20.0,6450.0,268
2023-05-09 21:27:46,c2311-C-2640,c2311-C-2640,33.0,0.0,0.0,0.0,20,33.5,34.0,30,35.0,31.5,33.0,31.5,20.0,6450.0,268
2023-05-09 21:27:53,c2311-C-2640,c2311-C-2640,33.0,0.0,0.0,0.0,10,33.5,34.0,30,35.0,31.5,33.0,31.5,20.0,6450.0,268
2023-05-09 21:27:59,c2311-C-2640,c2311-C-2640,33.0,0.0,0.0,0.0,10,33.5,34.0,40,35.0,31.5,33.0,31.5,20.0,6450.0,268
2023-05-09 21:27:59,c2311-C-2640,c2311-C-2640,33.0,0.0,0.0,0.0,10,33.5,34.0,30,35.0,31.5,33.0,31.5,20.0,6450.0,268
2023-05-09 21:28:00,c2311-C-2640,c2311-C-2640,33.0,0.0,0.0,0.0,10,33.5,34.0,40,35.0,31.5,33.0,31.5,20.0,6450.0,268
2023-05-09 21:28:01,c2311-C-2640,c2311-C-2640,33.0,0.0,0.0,0.0,10,33.5,34.0,30,35.0,31.5,33.0,31.5,20.0,6450.0,268
2023-05-09 21:28:04,c2311-C-2640,c2311-C-2640,33.0,0.0,0.0,0.0,10,33.5,34.0,40,35.0,31.5,33.0,31.5,20.0,6450.0,268
2023-05-09 21:28:05,c2311-C-2640,c2311-C-2640,33.0,0.0,0.0,0.0,50,33.0,34.0,40,35.0,31.5,33.0,31.5,20.0,6450.0,268
2023-05-09 21:28:05,c2311-C-2640,c2311-C-2640,33.0,0.0,0.0,0.0,10,33.5,34.0,30,35.0,31.5,33.0,31.5,20.0,6450.0,268
2023-05-09 21:28:09,c2311-C-2640,c2311-C-2640,33.0,0.0,0.0,0.0,10,33.5,34.0,40,35.0,31.5,33.0,31.5,20.0,6450.0,268
2023-05-09 21:28:10,c2311-C-2640,c2311-C-2640,33.0,0.0,0.0,0.0,40,33.0,34.0,40,35.0,31.5,33.0,31.5,20.0,6450.0,268
2023-05-09 21:28:10,c2311-C-2640,c2311-C-2640,33.0,0.0,0.0,0.0,10,33.5,34.0,20,35.0,31.5,33.0,31.5,20.0,6450.0,268
2023-05-09 21:28:11,c2311-C-2640,c2311-C-2640,33.0,0.0,0.0,0.0,10,33.5,34.0,30,35.0,31.5,33.0,31.5,20.0,6450.0,268
2023-05-09 21:28:12,c2311-C-2640,c2311-C-2640,33.0,0.0,0.0,0.0,10,33.5,34.0,20,35.0,31.5,33.0,31.5,20.0,6450.0,268
2023-05-09 21:28:13,c2311-C-2640,c2311-C-2640,33.0,0.0,0.0,0.0,40,33.0,34.0,40,35.0,31.5,33.0,31.5,20.0,6450.0,268
2023-05-09 21:28:14,c2311-C-2640,c2311-C-2640,33.0,0.0,0.0,0.0,60,33.0,34.0,40,35.0,31.5,33.0,31.5,20.0,6450.0,268
2023-05-09 21:28:14,c2311-C-2640,c2311-C-2640,33.0,0.0,0.0,0.0,60,33.0,34.0,30,35.0,31.5,33.0,31.5,20.0,6450.0,268
2023-05-09 21:28:17,c2311-C-2640,c2311-C-2640,33.0,0.0,0.0,0.0,60,33.0,34.0,20,35.0,31.5,33.0,31.5,20.0,6450.0,268
2023-05-09 21:28:17,c2311-C-2640,c2311-C-2640,33.0,0.0,0.0,0.0,60,33.0,34.0,30,35.0,31.5,33.0,31.5,20.0,6450.0,268
2023-05-09 21:28:19,c2311-C-2640,c2311-C-2640,33.0,0.0,0.0,0.0,60,33.0,34.0,20,35.0,31.5,33.0,31.5,20.0,6450.0,268
2023-05-09 21:28:22,c2311-C-2640,c2311-C-2640,33.0,0.0,0.0,0.0,50,33.0,34.0,40,35.0,31.5,33.0,31.5,20.0,6450.0,268
2023-05-09 21:28:23,c2311-C-2640,c2311-C-2640,33.0,0.0,0.0,0.0,50,33.0,34.0,50,35.0,31.5,33.0,31.5,20.0,6450.0,268
2023-05-09 21:28:23,c2311-C-2640,c2311-C-2640,33.0,0.0,0.0,0.0,60,33.0,34.0,30,35.0,31.5,33.0,31.5,20.0,6450.0,268
2023-05-09 21:28:25,c2311-C-2640,c2311-C-2640,33.0,0.0,0.0,0.0,60,33.0,34.0,20,35.0,31.5,33.0,31.5,20.0,6450.0,268
2023-05-09 21:28:26,c2311-C-2640,c2311-C-2640,33.0,0.0,0.0,0.0,50,33.0,34.0,50,35.0,31.5,33.0,31.5,20.0,6450.0,268
2023-05-09 21:28:27,c2311-C-2640,c2311-C-2640,33.0,0.0,0.0,0.0,50,33.0,34.0,40,35.0,31.5,33.0,31.5,20.0,6450.0,268
2023-05-09 21:28:27,c2311-C-2640,c2311-C-2640,33.0,0.0,0.0,0.0,60,33.0,34.0,20,35.0,31.5,33.0,31.5,20.0,6450.0,268
2023-05-09 21:28:28,c2311-C-2640,c2311-C-2640,33.0,0.0,0.0,0.0,60,33.0,34.0,30,35.0,31.5,33.0,31.5,20.0,6450.0,268
2023-05-09 21:28:28,c2311-C-2640,c2311-C-2640,33.0,0.0,0.0,0.0,60,33.0,34.0,40,35.0,31.5,33.0,31.5,20.0,6450.0,268
2023-05-09 21:28:29,c2311-C-2640,c2311-C-2640,33.0,0.0,0.0,0.0,50,33.0,34.0,50,35.0,31.5,33.0,31.5,20.0,6450.0,268
2023-05-09 21:28:30,c2311-C-2640,c2311-C-2640,33.0,0.0,0.0,0.0,40,33.0,34.0,50,35.0,31.5,33.0,31.5,20.0,6450.0,268
2023-05-09 21:28:31,c2311-C-2640,c2311-C-2640,33.0,0.0,0.0,0.0,30,33.0,34.0,40,35.0,31.5,33.0,31.5,20.0,6450.0,268
2023-05-09 21:28:32,c2311-C-2640,c2311-C-2640,33.0,0.0,0.0,0.0,50,33.0,34.0,50,35.0,31.5,33.0,31.5,20.0,6450.0,268
2023-05-09 21:28:33,c2311-C-2640,c2311-C-2640,33.0,0.0,0.0,0.0,30,33.0,34.0,50,35.0,31.5,33.0,31.5,20.0,6450.0,268
2023-05-09 21:28:33,c2311-C-2640,c2311-C-2640,33.0,0.0,0.0,0.0,40,33.0,34.0,50,35.0,31.5,33.0,31.5,20.0,6450.0,268
2023-05-09 21:28:37,c2311-C-2640,c2311-C-2640,33.0,0.0,0.0,0.0,30,33.0,34.0,50,35.0,31.5,33.0,31.5,20.0,6450.0,268
2023-05-09 21:28:46,c2311-C-2640,c2311-C-2640,33.0,0.0,0.0,0.0,20,33.0,34.0,50,35.0,31.5,33.0,31.5,20.0,6450.0,268
2023-05-09 21:28:47,c2311-C-2640,c2311-C-2640,33.0,0.0,0.0,0.0,20,33.0,34.0,60,35.0,31.5,33.0,31.5,20.0,6450.0,268
2023-05-09 21:28:49,c2311-C-2640,c2311-C-2640,33.0,0.0,0.0,0.0,20,33.0,33.5,10,35.0,31.5,33.0,31.5,20.0,6450.0,268
2023-05-09 21:28:49,c2311-C-2640,c2311-C-2640,33.0,0.0,0.0,0.0,20,33.0,33.5,20,35.0,31.5,33.0,31.5,20.0,6450.0,268
2023-05-09 21:28:50,c2311-C-2640,c2311-C-2640,33.0,0.0,0.0,0.0,20,33.0,34.0,60,35.0,31.5,33.0,31.5,20.0,6450.0,268
2023-05-09 21:28:52,c2311-C-2640,c2311-C-2640,33.0,0.0,0.0,0.0,20,33.0,34.0,50,35.0,31.5,33.0,31.5,20.0,6450.0,268
2023-05-09 21:28:53,c2311-C-2640,c2311-C-2640,33.0,0.0,0.0,0.0,30,33.0,34.0,50,35.0,31.5,33.0,31.5,20.0,6450.0,268
2023-05-09 21:28:54,c2311-C-2640,c2311-C-2640,33.0,0.0,0.0,0.0,20,33.0,34.0,50,35.0,31.5,33.0,31.5,20.0,6450.0,268
2023-05-09 21:28:55,c2311-C-2640,c2311-C-2640,33.0,0.0,0.0,0.0,20,33.0,34.0,60,35.0,31.5,33.0,31.5,20.0,6450.0,268
2023-05-09 21:28:58,c2311-C-2640,c2311-C-2640,33.0,0.0,0.0,0.0,10,33.0,34.0,60,35.0,31.5,33.0,31.5,20.0,6450.0,268
2023-05-09 21:28:58,c2311-C-2640,c2311-C-2640,33.0,0.0,0.0,0.0,20,33.0,34.0,60,35.0,31.5,33.0,31.5,20.0,6450.0,268
2023-05-09 21:29:03,c2311-C-2640,c2311-C-2640,33.0,0.0,0.0,0.0,10,33.0,34.0,60,35.0,31.5,33.0,31.5,20.0,6450.0,268
2023-05-09 21:29:08,c2311-C-2640,c2311-C-2640,33.0,0.0,0.0,0.0,10,33.0,33.5,10,35.0,31.5,33.0,31.5,20.0,6450.0,268
2023-05-09 21:29:09,c2311-C-2640,c2311-C-2640,33.0,0.0,0.0,0.0,10,33.0,34.0,50,35.0,31.5,33.0,31.5,20.0,6450.0,268
2023-05-09 21:29:10,c2311-C-2640,c2311-C-2640,33.0,10.0,3300.0,10.0,40,32.5,33.5,3,35.0,31.5,33.0,31.5,30.0,9750.0,278
2023-05-09 21:29:10,c2311-C-2640,c2311-C-2640,33.0,0.0,0.0,0.0,40,32.5,33.5,23,35.0,31.5,33.0,31.5,30.0,9750.0,278
2023-05-09 21:29:10,c2311-C-2640,c2311-C-2640,33.0,0.0,0.0,0.0,40,32.5,33.5,3,35.0,31.5,33.0,31.5,30.0,9750.0,278
2023-05-09 21:29:12,c2311-C-2640,c2311-C-2640,33.0,0.0,0.0,0.0,50,32.5,33.5,3,35.0,31.5,33.0,31.5,30.0,9750.0,278
2023-05-09 21:29:12,c2311-C-2640,c2311-C-2640,33.0,0.0,0.0,0.0,60,32.5,33.5,23,35.0,31.5,33.0,31.5,30.0,9750.0,278
2023-05-09 21:29:16,c2311-C-2640,c2311-C-2640,33.0,0.0,0.0,0.0,50,32.5,33.5,33,35.0,31.5,33.0,31.5,30.0,9750.0,278
2023-05-09 21:29:16,c2311-C-2640,c2311-C-2640,33.0,0.0,0.0,0.0,50,32.5,33.5,23,35.0,31.5,33.0,31.5,30.0,9750.0,278
2023-05-09 21:29:17,c2311-C-2640,c2311-C-2640,33.0,0.0,0.0,0.0,40,32.5,33.5,43,35.0,31.5,33.0,31.5,30.0,9750.0,278
2023-05-09 21:29:18,c2311-C-2640,c2311-C-2640,33.0,0.0,0.0,0.0,60,32.5,33.5,23,35.0,31.5,33.0,31.5,30.0,9750.0,278
2023-05-09 21:29:18,c2311-C-2640,c2311-C-2640,33.0,0.0,0.0,0.0,40,32.5,33.5,33,35.0,31.5,33.0,31.5,30.0,9750.0,278
2023-05-09 21:29:18,c2311-C-2640,c2311-C-2640,33.0,0.0,0.0,0.0,40,32.5,33.5,43,35.0,31.5,33.0,31.5,30.0,9750.0,278
2023-05-09 21:29:21,c2311-C-2640,c2311-C-2640,33.0,0.0,0.0,0.0,50,32.5,33.5,13,35.0,31.5,33.0,31.5,30.0,9750.0,278
2023-05-09 21:29:21,c2311-C-2640,c2311-C-2640,33.0,0.0,0.0,0.0,60,32.5,33.5,13,35.0,31.5,33.0,31.5,30.0,9750.0,278
2023-05-09 21:29:22,c2311-C-2640,c2311-C-2640,33.0,0.0,0.0,0.0,70,32.5,33.5,13,35.0,31.5,33.0,31.5,30.0,9750.0,278
2023-05-09 21:29:23,c2311-C-2640,c2311-C-2640,33.0,0.0,0.0,0.0,95,32.5,33.5,13,35.0,31.5,33.0,31.5,30.0,9750.0,278
2023-05-09 21:29:24,c2311-C-2640,c2311-C-2640,33.0,0.0,0.0,0.0,95,32.5,33.5,23,35.0,31.5,33.0,31.5,30.0,9750.0,278
2023-05-09 21:29:24,c2311-C-2640,c2311-C-2640,33.0,0.0,0.0,0.0,85,32.5,33.5,33,35.0,31.5,33.0,31.5,30.0,9750.0,278
2023-05-09 21:29:26,c2311-C-2640,c2311-C-2640,33.0,0.0,0.0,0.0,75,32.5,33.5,43,35.0,31.5,33.0,31.5,30.0,9750.0,278
2023-05-09 21:29:27,c2311-C-2640,c2311-C-2640,33.0,0.0,0.0,0.0,85,32.5,33.5,33,35.0,31.5,33.0,31.5,30.0,9750.0,278
2023-05-09 21:29:30,c2311-C-2640,c2311-C-2640,33.0,0.0,0.0,0.0,75,32.5,33.5,43,35.0,31.5,33.0,31.5,30.0,9750.0,278
2023-05-09 21:29:31,c2311-C-2640,c2311-C-2640,33.0,0.0,0.0,0.0,50,32.5,33.5,43,35.0,31.5,33.0,31.5,30.0,9750.0,278
2023-05-09 21:29:33,c2311-C-2640,c2311-C-2640,33.0,0.0,0.0,0.0,40,32.5,33.5,43,35.0,31.5,33.0,31.5,30.0,9750.0,278
2023-05-09 21:29:34,c2311-C-2640,c2311-C-2640,33.0,0.0,0.0,0.0,40,32.5,33.5,53,35.0,31.5,33.0,31.5,30.0,9750.0,278
2023-05-09 21:29:38,c2311-C-2640,c2311-C-2640,33.0,0.0,0.0,0.0,50,32.5,33.5,53,35.0,31.5,33.0,31.5,30.0,9750.0,278
2023-05-09 21:29:40,c2311-C-2640,c2311-C-2640,33.0,0.0,0.0,0.0,40,32.5,33.5,53,35.0,31.5,33.0,31.5,30.0,9750.0,278
2023-05-09 21:29:47,c2311-C-2640,c2311-C-2640,33.0,0.0,0.0,0.0,40,32.5,33.5,63,35.0,31.5,33.0,31.5,30.0,9750.0,278
2023-05-09 21:29:48,c2311-C-2640,c2311-C-2640,33.0,0.0,0.0,0.0,30,32.5,33.5,63,35.0,31.5,33.0,31.5,30.0,9750.0,278
2023-05-09 21:29:49,c2311-C-2640,c2311-C-2640,33.0,0.0,0.0,0.0,30,32.5,33.5,73,35.0,31.5,33.0,31.5,30.0,9750.0,278
2023-05-09 21:29:49,c2311-C-2640,c2311-C-2640,33.0,0.0,0.0,0.0,30,32.5,33.5,63,35.0,31.5,33.0,31.5,30.0,9750.0,278
2023-05-09 21:29:51,c2311-C-2640,c2311-C-2640,33.0,0.0,0.0,0.0,30,32.5,33.5,53,35.0,31.5,33.0,31.5,30.0,9750.0,278
2023-05-09 21:29:51,c2311-C-2640,c2311-C-2640,33.0,0.0,0.0,0.0,30,32.5,33.5,63,35.0,31.5,33.0,31.5,30.0,9750.0,278
2023-05-09 21:29:52,c2311-C-2640,c2311-C-2640,33.0,0.0,0.0,0.0,30,32.5,33.5,73,35.0,31.5,33.0,31.5,30.0,9750.0,278
2023-05-09 21:29:54,c2311-C-2640,c2311-C-2640,33.0,0.0,0.0,0.0,20,32.5,33.5,73,35.0,31.5,33.0,31.5,30.0,9750.0,278
2023-05-09 21:30:00,c2311-C-2640,c2311-C-2640,33.0,0.0,0.0,0.0,20,32.5,33.0,10,35.0,31.5,33.0,31.5,30.0,9750.0,278
2023-05-09 21:30:01,c2311-C-2640,c2311-C-2640,33.0,0.0,0.0,0.0,10,32.5,33.0,20,35.0,31.5,33.0,31.5,30.0,9750.0,278
2023-05-09 21:30:02,c2311-C-2640,c2311-C-2640,33.0,0.0,0.0,0.0,20,32.5,33.0,10,35.0,31.5,33.0,31.5,30.0,9750.0,278
2023-05-09 21:30:07,c2311-C-2640,c2311-C-2640,33.0,0.0,0.0,0.0,30,32.5,33.0,10,35.0,31.5,33.0,31.5,30.0,9750.0,278
2023-05-09 21:30:08,c2311-C-2640,c2311-C-2640,33.0,0.0,0.0,0.0,20,32.5,33.0,10,35.0,31.5,33.0,31.5,30.0,9750.0,278
2023-05-09 21:30:10,c2311-C-2640,c2311-C-2640,33.0,0.0,0.0,0.0,30,32.5,33.0,10,35.0,31.5,33.0,31.5,30.0,9750.0,278
2023-05-09 21:30:10,c2311-C-2640,c2311-C-2640,33.0,0.0,0.0,0.0,20,32.5,33.0,10,35.0,31.5,33.0,31.5,30.0,9750.0,278
2023-05-09 21:30:11,c2311-C-2640,c2311-C-2640,33.0,0.0,0.0,0.0,20,32.5,33.0,20,35.0,31.5,33.0,31.5,30.0,9750.0,278
2023-05-09 21:30:12,c2311-C-2640,c2311-C-2640,33.0,0.0,0.0,0.0,20,32.5,33.0,10,35.0,31.5,33.0,31.5,30.0,9750.0,278
2023-05-09 21:30:12,c2311-C-2640,c2311-C-2640,33.0,0.0,0.0,0.0,30,32.5,33.0,10,35.0,31.5,33.0,31.5,30.0,9750.0,278
2023-05-09 21:30:13,c2311-C-2640,c2311-C-2640,33.0,0.0,0.0,0.0,20,32.5,33.0,10,35.0,31.5,33.0,31.5,30.0,9750.0,278
2023-05-09 21:30:18,c2311-C-2640,c2311-C-2640,33.0,0.0,0.0,0.0,10,32.5,33.0,40,35.0,31.5,33.0,31.5,30.0,9750.0,278
2023-05-09 21:30:20,c2311-C-2640,c2311-C-2640,33.0,0.0,0.0,0.0,10,32.5,33.0,50,35.0,31.5,33.0,31.5,30.0,9750.0,278
2023-05-09 21:30:22,c2311-C-2640,c2311-C-2640,33.0,0.0,0.0,0.0,60,32.0,33.0,60,35.0,31.5,33.0,31.5,30.0,9750.0,278
2023-05-09 21:30:22,c2311-C-2640,c2311-C-2640,33.0,0.0,0.0,0.0,60,32.0,33.0,50,35.0,31.5,33.0,31.5,30.0,9750.0,278
2023-05-09 21:30:27,c2311-C-2640,c2311-C-2640,33.0,0.0,0.0,0.0,60,32.0,33.0,60,35.0,31.5,33.0,31.5,30.0,9750.0,278
2023-05-09 21:30:29,c2311-C-2640,c2311-C-2640,33.0,0.0,0.0,0.0,50,32.0,33.0,60,35.0,31.5,33.0,31.5,30.0,9750.0,278
2023-05-09 21:30:30,c2311-C-2640,c2311-C-2640,33.0,0.0,0.0,0.0,40,32.0,33.0,60,35.0,31.5,33.0,31.5,30.0,9750.0,278
2023-05-09 21:30:30,c2311-C-2640,c2311-C-2640,33.0,0.0,0.0,0.0,50,32.0,33.0,60,35.0,31.5,33.0,31.5,30.0,9750.0,278
2023-05-09 21:30:31,c2311-C-2640,c2311-C-2640,33.0,0.0,0.0,0.0,60,32.0,33.0,60,35.0,31.5,33.0,31.5,30.0,9750.0,278
2023-05-09 21:30:32,c2311-C-2640,c2311-C-2640,33.0,0.0,0.0,0.0,50,32.0,33.0,60,35.0,31.5,33.0,31.5,30.0,9750.0,278
2023-05-09 21:30:32,c2311-C-2640,c2311-C-2640,33.0,0.0,0.0,0.0,60,32.0,33.0,60,35.0,31.5,33.0,31.5,30.0,9750.0,278
2023-05-09 21:30:48,c2311-C-2640,c2311-C-2640,33.0,0.0,0.0,0.0,50,32.0,33.0,60,35.0,31.5,33.0,31.5,30.0,9750.0,278
2023-05-09 21:30:49,c2311-C-2640,c2311-C-2640,33.0,0.0,0.0,0.0,60,32.0,33.0,60,35.0,31.5,33.0,31.5,30.0,9750.0,278
2023-05-09 21:30:50,c2311-C-2640,c2311-C-2640,33.0,0.0,0.0,0.0,60,32.0,33.0,50,35.0,31.5,33.0,31.5,30.0,9750.0,278
2023-05-09 21:31:00,c2311-C-2640,c2311-C-2640,33.0,0.0,0.0,0.0,50,32.0,33.0,70,35.0,31.5,33.0,31.5,30.0,9750.0,278
2023-05-09 21:31:04,c2311-C-2640,c2311-C-2640,33.0,0.0,0.0,0.0,50,32.0,33.0,60,35.0,31.5,33.0,31.5,30.0,9750.0,278
2023-05-09 21:31:13,c2311-C-2640,c2311-C-2640,33.0,0.0,0.0,0.0,50,32.0,33.0,50,35.0,31.5,33.0,31.5,30.0,9750.0,278
2023-05-09 21:31:13,c2311-C-2640,c2311-C-2640,33.0,0.0,0.0,0.0,50,32.0,33.0,60,35.0,31.5,33.0,31.5,30.0,9750.0,278
2023-05-09 21:31:14,c2311-C-2640,c2311-C-2640,33.0,0.0,0.0,0.0,60,32.0,33.0,50,35.0,31.5,33.0,31.5,30.0,9750.0,278
2023-05-09 21:31:14,c2311-C-2640,c2311-C-2640,33.0,0.0,0.0,0.0,50,32.0,33.0,60,35.0,31.5,33.0,31.5,30.0,9750.0,278
2023-05-09 21:31:16,c2311-C-2640,c2311-C-2640,33.0,0.0,0.0,0.0,30,32.0,33.0,60,35.0,31.5,33.0,31.5,30.0,9750.0,278
2023-05-09 21:31:16,c2311-C-2640,c2311-C-2640,33.0,0.0,0.0,0.0,40,32.0,33.0,50,35.0,31.5,33.0,31.5,30.0,9750.0,278
2023-05-09 21:31:17,c2311-C-2640,c2311-C-2640,33.0,0.0,0.0,0.0,40,32.0,33.0,60,35.0,31.5,33.0,31.5,30.0,9750.0,278
2023-05-09 21:31:18,c2311-C-2640,c2311-C-2640,33.0,0.0,0.0,0.0,40,32.0,33.0,70,35.0,31.5,33.0,31.5,30.0,9750.0,278
2023-05-09 21:31:18,c2311-C-2640,c2311-C-2640,33.0,0.0,0.0,0.0,50,32.0,33.0,60,35.0,31.5,33.0,31.5,30.0,9750.0,278
2023-05-09 21:31:19,c2311-C-2640,c2311-C-2640,33.0,0.0,0.0,0.0,40,32.0,33.0,60,35.0,31.5,33.0,31.5,30.0,9750.0,278
2023-05-09 21:31:24,c2311-C-2640,c2311-C-2640,33.0,0.0,0.0,0.0,40,32.0,33.0,50,35.0,31.5,33.0,31.5,30.0,9750.0,278
2023-05-09 21:31:26,c2311-C-2640,c2311-C-2640,33.0,0.0,0.0,0.0,40,32.0,33.0,60,35.0,31.5,33.0,31.5,30.0,9750.0,278
2023-05-09 21:31:28,c2311-C-2640,c2311-C-2640,33.0,0.0,0.0,0.0,40,32.0,33.0,50,35.0,31.5,33.0,31.5,30.0,9750.0,278
2023-05-09 21:31:33,c2311-C-2640,c2311-C-2640,33.0,0.0,0.0,0.0,50,32.0,33.0,30,35.0,31.5,33.0,31.5,30.0,9750.0,278
2023-05-09 21:31:36,c2311-C-2640,c2311-C-2640,33.0,0.0,0.0,0.0,50,32.0,33.0,40,35.0,31.5,33.0,31.5,30.0,9750.0,278
2023-05-09 21:31:42,c2311-C-2640,c2311-C-2640,33.0,0.0,0.0,0.0,40,32.0,33.0,50,35.0,31.5,33.0,31.5,30.0,9750.0,278
2023-05-09 21:31:48,c2311-C-2640,c2311-C-2640,33.0,0.0,0.0,0.0,40,32.0,33.0,70,35.0,31.5,33.0,31.5,30.0,9750.0,278
2023-05-09 21:31:51,c2311-C-2640,c2311-C-2640,33.0,0.0,0.0,0.0,40,32.0,33.0,60,35.0,31.5,33.0,31.5,30.0,9750.0,278
2023-05-09 21:31:53,c2311-C-2640,c2311-C-2640,33.0,0.0,0.0,0.0,40,32.0,33.0,50,35.0,31.5,33.0,31.5,30.0,9750.0,278
2023-05-09 21:31:59,c2311-C-2640,c2311-C-2640,33.0,0.0,0.0,0.0,50,32.0,33.0,30,35.0,31.5,33.0,31.5,30.0,9750.0,278
2023-05-09 21:32:01,c2311-C-2640,c2311-C-2640,33.0,0.0,0.0,0.0,50,32.0,33.0,40,35.0,31.5,33.0,31.5,30.0,9750.0,278
2023-05-09 21:32:13,c2311-C-2640,c2311-C-2640,33.0,0.0,0.0,0.0,60,32.0,33.0,40,35.0,31.5,33.0,31.5,30.0,9750.0,278
2023-05-09 21:32:15,c2311-C-2640,c2311-C-2640,33.0,0.0,0.0,0.0,70,32.0,33.0,40,35.0,31.5,33.0,31.5,30.0,9750.0,278
2023-05-09 21:32:15,c2311-C-2640,c2311-C-2640,33.0,0.0,0.0,0.0,95,32.0,33.0,40,35.0,31.5,33.0,31.5,30.0,9750.0,278
2023-05-09 21:32:18,c2311-C-2640,c2311-C-2640,33.0,0.0,0.0,0.0,10,32.5,33.0,20,35.0,31.5,33.0,31.5,30.0,9750.0,278
2023-05-09 21:32:18,c2311-C-2640,c2311-C-2640,33.0,0.0,0.0,0.0,35,32.5,33.0,20,35.0,31.5,33.0,31.5,30.0,9750.0,278
2023-05-09 21:32:19,c2311-C-2640,c2311-C-2640,33.0,0.0,0.0,0.0,45,32.5,33.0,20,35.0,31.5,33.0,31.5,30.0,9750.0,278
2023-05-09 21:32:19,c2311-C-2640,c2311-C-2640,33.0,0.0,0.0,0.0,45,32.5,33.0,10,35.0,31.5,33.0,31.5,30.0,9750.0,278
2023-05-09 21:32:20,c2311-C-2640,c2311-C-2640,33.0,0.0,0.0,0.0,55,32.5,33.0,10,35.0,31.5,33.0,31.5,30.0,9750.0,278
2023-05-09 21:32:20,c2311-C-2640,c2311-C-2640,33.0,0.0,0.0,0.0,45,32.5,33.0,10,35.0,31.5,33.0,31.5,30.0,9750.0,278
2023-05-09 21:32:25,c2311-C-2640,c2311-C-2640,33.0,0.0,0.0,0.0,10,32.5,33.0,20,35.0,31.5,33.0,31.5,30.0,9750.0,278
2023-05-09 21:32:26,c2311-C-2640,c2311-C-2640,33.0,0.0,0.0,0.0,10,32.5,33.0,30,35.0,31.5,33.0,31.5,30.0,9750.0,278
2023-05-09 21:32:26,c2311-C-2640,c2311-C-2640,33.0,0.0,0.0,0.0,20,32.5,33.0,20,35.0,31.5,33.0,31.5,30.0,9750.0,278
2023-05-09 21:32:27,c2311-C-2640,c2311-C-2640,33.0,0.0,0.0,0.0,10,32.5,33.0,20,35.0,31.5,33.0,31.5,30.0,9750.0,278
2023-05-09 21:32:28,c2311-C-2640,c2311-C-2640,33.0,0.0,0.0,0.0,20,32.5,33.0,20,35.0,31.5,33.0,31.5,30.0,9750.0,278
2023-05-09 21:32:48,c2311-C-2640,c2311-C-2640,33.0,0.0,0.0,0.0,45,32.5,33.0,20,35.0,31.5,33.0,31.5,30.0,9750.0,278
2023-05-09 21:33:06,c2311-C-2640,c2311-C-2640,33.0,0.0,0.0,0.0,55,32.5,33.0,10,35.0,31.5,33.0,31.5,30.0,9750.0,278
2023-05-09 21:33:07,c2311-C-2640,c2311-C-2640,33.0,0.0,0.0,0.0,45,32.5,33.0,10,35.0,31.5,33.0,31.5,30.0,9750.0,278
2023-05-09 21:33:15,c2311-C-2640,c2311-C-2640,33.0,0.0,0.0,0.0,45,32.5,33.0,20,35.0,31.5,33.0,31.5,30.0,9750.0,278
2023-05-09 21:33:15,c2311-C-2640,c2311-C-2640,33.0,0.0,0.0,0.0,45,32.5,33.0,10,35.0,31.5,33.0,31.5,30.0,9750.0,278
2023-05-09 21:34:01,c2311-C-2640,c2311-C-2640,33.0,0.0,0.0,0.0,55,32.5,33.5,53,35.0,31.5,33.0,31.5,30.0,9750.0,278
2023-05-09 21:34:01,c2311-C-2640,c2311-C-2640,33.0,0.0,0.0,0.0,65,32.5,33.5,53,35.0,31.5,33.0,31.5,30.0,9750.0,278
2023-05-09 21:34:01,c2311-C-2640,c2311-C-2640,33.0,0.0,0.0,0.0,55,32.5,33.5,53,35.0,31.5,33.0,31.5,30.0,9750.0,278
2023-05-09 21:34:03,c2311-C-2640,c2311-C-2640,33.0,0.0,0.0,0.0,30,32.5,33.5,53,35.0,31.5,33.0,31.5,30.0,9750.0,278
2023-05-09 21:34:04,c2311-C-2640,c2311-C-2640,33.0,0.0,0.0,0.0,10,33.0,33.5,23,35.0,31.5,33.0,31.5,30.0,9750.0,278
2023-05-09 21:34:05,c2311-C-2640,c2311-C-2640,33.0,0.0,0.0,0.0,10,33.0,33.5,33,35.0,31.5,33.0,31.5,30.0,9750.0,278
2023-05-09 21:34:08,c2311-C-2640,c2311-C-2640,33.0,0.0,0.0,0.0,20,33.0,33.5,23,35.0,31.5,33.0,31.5,30.0,9750.0,278
2023-05-09 21:34:08,c2311-C-2640,c2311-C-2640,33.0,0.0,0.0,0.0,45,33.0,33.5,23,35.0,31.5,33.0,31.5,30.0,9750.0,278
2023-05-09 21:34:08,c2311-C-2640,c2311-C-2640,33.0,0.0,0.0,0.0,35,33.0,33.5,43,35.0,31.5,33.0,31.5,30.0,9750.0,278
2023-05-09 21:34:09,c2311-C-2640,c2311-C-2640,33.0,0.0,0.0,0.0,35,33.0,33.5,53,35.0,31.5,33.0,31.5,30.0,9750.0,278
2023-05-09 21:34:14,c2311-C-2640,c2311-C-2640,33.0,0.0,0.0,0.0,45,33.0,33.5,43,35.0,31.5,33.0,31.5,30.0,9750.0,278
2023-05-09 21:34:21,c2311-C-2640,c2311-C-2640,33.0,0.0,0.0,0.0,45,33.0,33.5,33,35.0,31.5,33.0,31.5,30.0,9750.0,278
2023-05-09 21:34:23,c2311-C-2640,c2311-C-2640,33.0,0.0,0.0,0.0,45,33.0,33.5,23,35.0,31.5,33.0,31.5,30.0,9750.0,278
2023-05-09 21:34:23,c2311-C-2640,c2311-C-2640,33.0,0.0,0.0,0.0,45,33.0,33.5,33,35.0,31.5,33.0,31.5,30.0,9750.0,278
2023-05-09 21:34:23,c2311-C-2640,c2311-C-2640,33.0,0.0,0.0,0.0,35,33.0,33.5,43,35.0,31.5,33.0,31.5,30.0,9750.0,278
2023-05-09 21:34:24,c2311-C-2640,c2311-C-2640,33.0,0.0,0.0,0.0,35,33.0,33.5,33,35.0,31.5,33.0,31.5,30.0,9750.0,278
2023-05-09 21:34:36,c2311-C-2640,c2311-C-2640,33.0,0.0,0.0,0.0,35,33.0,33.5,43,35.0,31.5,33.0,31.5,30.0,9750.0,278
2023-05-09 21:34:37,c2311-C-2640,c2311-C-2640,33.0,0.0,0.0,0.0,35,33.0,33.5,33,35.0,31.5,33.0,31.5,30.0,9750.0,278
2023-05-09 21:34:42,c2311-C-2640,c2311-C-2640,33.0,0.0,0.0,0.0,45,33.0,33.5,23,35.0,31.5,33.0,31.5,30.0,9750.0,278
2023-05-09 21:35:25,c2311-C-2640,c2311-C-2640,33.0,0.0,0.0,0.0,45,33.0,33.5,33,35.0,31.5,33.0,31.5,30.0,9750.0,278
2023-05-09 21:35:25,c2311-C-2640,c2311-C-2640,33.0,0.0,0.0,0.0,45,33.0,33.5,23,35.0,31.5,33.0,31.5,30.0,9750.0,278
2023-05-09 21:35:44,c2311-C-2640,c2311-C-2640,33.0,0.0,0.0,0.0,45,33.0,33.5,33,35.0,31.5,33.0,31.5,30.0,9750.0,278
2023-05-09 21:35:45,c2311-C-2640,c2311-C-2640,33.0,0.0,0.0,0.0,45,33.0,33.5,23,35.0,31.5,33.0,31.5,30.0,9750.0,278
2023-05-09 21:35:46,c2311-C-2640,c2311-C-2640,33.0,0.0,0.0,0.0,35,33.0,33.5,63,35.0,31.5,33.0,31.5,30.0,9750.0,278
2023-05-09 21:35:46,c2311-C-2640,c2311-C-2640,33.0,0.0,0.0,0.0,45,32.5,33.5,73,35.0,31.5,33.0,31.5,30.0,9750.0,278
2023-05-09 21:35:47,c2311-C-2640,c2311-C-2640,33.0,10.0,3300.0,0.0,45,32.5,33.5,73,35.0,31.5,33.0,31.5,40.0,13050.0,278
2023-05-09 21:35:48,c2311-C-2640,c2311-C-2640,33.0,0.0,0.0,0.0,35,32.5,33.5,73,35.0,31.5,33.0,31.5,40.0,13050.0,278
2023-05-09 21:35:50,c2311-C-2640,c2311-C-2640,33.0,0.0,0.0,0.0,10,32.5,33.5,73,35.0,31.5,33.0,31.5,40.0,13050.0,278
2023-05-09 21:35:51,c2311-C-2640,c2311-C-2640,33.0,0.0,0.0,0.0,10,33.0,33.5,73,35.0,31.5,33.0,31.5,40.0,13050.0,278
2023-05-09 21:35:56,c2311-C-2640,c2311-C-2640,33.0,10.0,3300.0,0.0,10,32.5,33.5,73,35.0,31.5,33.0,31.5,50.0,16350.0,278
2023-05-09 21:35:58,c2311-C-2640,c2311-C-2640,33.0,0.0,0.0,0.0,35,32.5,33.5,73,35.0,31.5,33.0,31.5,50.0,16350.0,278
2023-05-09 21:36:01,c2311-C-2640,c2311-C-2640,33.0,0.0,0.0,0.0,10,33.0,33.5,73,35.0,31.5,33.0,31.5,50.0,16350.0,278
2023-05-09 21:36:05,c2311-C-2640,c2311-C-2640,33.0,0.0,0.0,0.0,45,32.5,33.5,73,35.0,31.5,33.0,31.5,50.0,16350.0,278
2023-05-09 21:36:06,c2311-C-2640,c2311-C-2640,33.0,0.0,0.0,0.0,20,32.5,33.5,73,35.0,31.5,33.0,31.5,50.0,16350.0,278
2023-05-09 21:36:29,c2311-C-2640,c2311-C-2640,33.0,0.0,0.0,0.0,30,32.5,33.5,73,35.0,31.5,33.0,31.5,50.0,16350.0,278
2023-05-09 21:36:30,c2311-C-2640,c2311-C-2640,33.0,0.0,0.0,0.0,20,32.5,33.5,73,35.0,31.5,33.0,31.5,50.0,16350.0,278
2023-05-09 21:36:43,c2311-C-2640,c2311-C-2640,33.0,0.0,0.0,0.0,20,32.5,33.0,10,35.0,31.5,33.0,31.5,50.0,16350.0,278
2023-05-09 21:36:43,c2311-C-2640,c2311-C-2640,33.0,0.0,0.0,0.0,10,32.5,33.0,30,35.0,31.5,33.0,31.5,50.0,16350.0,278
2023-05-09 21:36:44,c2311-C-2640,c2311-C-2640,33.0,0.0,0.0,0.0,10,32.5,33.0,40,35.0,31.5,33.0,31.5,50.0,16350.0,278
2023-05-09 21:36:45,c2311-C-2640,c2311-C-2640,33.0,0.0,0.0,0.0,20,32.5,33.0,40,35.0,31.5,33.0,31.5,50.0,16350.0,278
